{"id":"gen9ou-1990588714","p1":"poncy3","p2":"not_lolu","format":"[Gen 9] OU","log":"|j|\u2606poncy3\n|j|\u2606not_lolu\n|t:|1699983778\n|gametype|singles\n|player|p1|poncy3|steven|\n|player|p2|not_lolu|101|\n|teamsize|p1|6\n|teamsize|p2|6\n|gen|9\n|tier|[Gen 9] OU\n|rule|Sleep Clause Mod: Limit one foe put to sleep\n|rule|Species Clause: Limit one of each Pok\u00e9mon\n|rule|OHKO Clause: OHKO moves are banned\n|rule|Evasion Items Clause: Evasion items are banned\n|rule|Evasion Moves Clause: Evasion moves are banned\n|rule|Endless Battle Clause: Forcing endless battles is banned\n|rule|HP Percentage Mod: HP is shown in percentages\n|clearpoke\n|poke|p1|Blissey, F|\n|poke|p1|Clefable, M|\n|poke|p1|Corviknight, F|\n|poke|p1|Dragapult, M|\n|poke|p1|Toxapex, M|\n|poke|p1|Zapdos|\n|poke|p2|Sylveon, M|\n|poke|p2|Meowscarada, M|\n|poke|p2|Toxapex, F|\n|poke|p2|Glimmora, M|\n|poke|p2|Manaphy|\n|poke|p2|Great Tusk|\n|teampreview\n|inactive|Battle timer is ON: inactive players will automatically lose when time's up. (requested by poncy3)\n|\n|t:|1699983790\n|start\n|switch|p1a: Clefable|Clefable, M|100\/100\n|switch|p2a: Glimmora|Glimmora, M|100\/100\n|turn|1\n|c|\u2606poncy3|!dt glimmora\n|raw|<div class=\"message\"><ul class=\"utilichart\"><li class=\"result\"><span class=\"col numcol\">OU<\/span> <span class=\"col iconcol\"><psicon pokemon=\"glimmora\"\/><\/span> <span class=\"col pokemonnamecol\" style=\"white-space:nowrap\"><a href=\"https:\/\/dex.pokemonshowdown.com\/pokemon\/glimmora\" target=\"_blank\">Glimmora<\/a><\/span> <span class=\"col typecol\"><img src=\"https:\/\/play.pokemonshowdown.com\/sprites\/types\/Rock.png\" alt=\"Rock\" height=\"14\" width=\"32\"><img src=\"https:\/\/play.pokemonshowdown.com\/sprites\/types\/Poison.png\" alt=\"Poison\" height=\"14\" width=\"32\"><\/span> <span style=\"float:left;min-height:26px\"><span class=\"col abilitycol\">Toxic Debris<\/span><span class=\"col abilitycol\"><em>Corrosion<\/em><\/span><\/span><span style=\"float:left;min-height:26px\"><span class=\"col statcol\"><em>HP<\/em><br \/>83<\/span> <span class=\"col statcol\"><em>Atk<\/em><br \/>55<\/span> <span class=\"col statcol\"><em>Def<\/em><br \/>90<\/span> <span class=\"col statcol\"><em>SpA<\/em><br \/>130<\/span> <span class=\"col statcol\"><em>SpD<\/em><br \/>81<\/span> <span class=\"col statcol\"><em>Spe<\/em><br \/>86<\/span> <span class=\"col bstcol\"><em>BST<br \/>525<\/em><\/span> <\/span><\/li><li style=\"clear:both\"><\/li><\/ul><\/div>\n|raw|<font size=\"1\"><font color=\"#686868\">Dex#:<\/font> 970&nbsp;|&ThickSpace;<font color=\"#686868\">Gen:<\/font> 9&nbsp;|&ThickSpace;<font color=\"#686868\">Height:<\/font> 1.5 m&nbsp;|&ThickSpace;<font color=\"#686868\">Weight:<\/font> 45 kg <em>(60 BP)<\/em>&nbsp;|&ThickSpace;<font color=\"#686868\">Dex Colour:<\/font> Blue&nbsp;|&ThickSpace;<font color=\"#686868\">Egg Group(s):<\/font> Mineral&nbsp;|&ThickSpace;<font color=\"#686868\">Pre-Evolution:<\/font> Glimmet&nbsp;|&ThickSpace;<font color=\"#686868\">Does Not Evolve<\/font><\/font>\n\n|\n|t:|1699983807\n|move|p2a: Glimmora|Toxic|p1a: Clefable\n|-status|p1a: Clefable|tox\n|move|p1a: Clefable|Psychic|p2a: Glimmora\n|-supereffective|p2a: Glimmora\n|-damage|p2a: Glimmora|66\/100\n|\n|upkeep\n|turn|2\n|\n|t:|1699983815\n|move|p1a: Clefable|Protect|p1a: Clefable\n|-singleturn|p1a: Clefable|Protect\n|move|p2a: Glimmora|Stealth Rock|p1a: Clefable\n|-sidestart|p1: poncy3|move: Stealth Rock\n|\n|upkeep\n|turn|3\n|\n|t:|1699983829\n|move|p2a: Glimmora|Power Gem|p1a: Clefable\n|-damage|p1a: Clefable|59\/100 tox\n|move|p1a: Clefable|Stealth Rock|p2a: Glimmora\n|-sidestart|p2: not_lolu|move: Stealth Rock\n|\n|-heal|p1a: Clefable|65\/100 tox|[from] item: Leftovers\n|upkeep\n|turn|4\n|\n|t:|1699983835\n|switch|p1a: Blissey|Blissey, F|100\/100\n|-damage|p1a: Blissey|88\/100|[from] Stealth Rock\n|move|p2a: Glimmora|Power Gem|p1a: Blissey\n|-damage|p1a: Blissey|72\/100\n|\n|-heal|p1a: Blissey|79\/100|[from] item: Leftovers\n|upkeep\n|turn|5\n|\n|t:|1699983844\n|move|p2a: Glimmora|Toxic|p1a: Blissey\n|-status|p1a: Blissey|tox\n|move|p1a: Blissey|Thunder Wave|p2a: Glimmora\n|-status|p2a: Glimmora|par\n|\n|-heal|p1a: Blissey|85\/100 tox|[from] item: Leftovers\n|-damage|p1a: Blissey|79\/100 tox|[from] psn\n|upkeep\n|turn|6\n|\n|t:|1699983856\n|-curestatus|p1a: Blissey|tox|[from] ability: Natural Cure\n|switch|p1a: Corviknight|Corviknight, F|100\/100\n|-damage|p1a: Corviknight|88\/100|[from] Stealth Rock\n|-ability|p1a: Corviknight|Pressure\n|move|p2a: Glimmora|Power Gem|p1a: Corviknight\n|-damage|p1a: Corviknight|49\/100\n|\n|-heal|p1a: Corviknight|55\/100|[from] item: Leftovers\n|upkeep\n|turn|7\n|\n|t:|1699983873\n|switch|p1a: Dragapult|Dragapult, M|100\/100\n|-damage|p1a: Dragapult|88\/100|[from] Stealth Rock\n|cant|p2a: Glimmora|par\n|\n|upkeep\n|turn|8\n|\n|t:|1699983881\n|switch|p2a: Sylveon|Sylveon, M|100\/100\n|-damage|p2a: Sylveon|88\/100|[from] Stealth Rock\n|move|p1a: Dragapult|Dragon Dance|p1a: Dragapult\n|-boost|p1a: Dragapult|atk|1\n|-boost|p1a: Dragapult|spe|1\n|\n|-heal|p2a: Sylveon|94\/100|[from] item: Leftovers\n|upkeep\n|turn|9\n|\n|t:|1699983898\n|switch|p1a: Toxapex|Toxapex, M|100\/100\n|-damage|p1a: Toxapex|88\/100|[from] Stealth Rock\n|move|p2a: Sylveon|Hyper Voice|p1a: Toxapex\n|-resisted|p1a: Toxapex\n|-damage|p1a: Toxapex|72\/100\n|\n|-heal|p2a: Sylveon|99\/100|[from] item: Leftovers\n|-heal|p1a: Toxapex|78\/100|[from] item: Leftovers\n|upkeep\n|turn|10\n|\n|t:|1699983919\n|switch|p2a: Manaphy|Manaphy|100\/100\n|-damage|p2a: Manaphy|88\/100|[from] Stealth Rock\n|move|p1a: Toxapex|Toxic|p2a: Manaphy\n|-status|p2a: Manaphy|tox\n|\n|-heal|p2a: Manaphy|94\/100 tox|[from] item: Leftovers\n|-heal|p1a: Toxapex|85\/100|[from] item: Leftovers\n|-damage|p2a: Manaphy|88\/100 tox|[from] psn\n|upkeep\n|turn|11\n|\n|t:|1699983942\n|switch|p1a: Zapdos|Zapdos|100\/100\n|-damage|p1a: Zapdos|76\/100|[from] Stealth Rock\n|move|p2a: Manaphy|Take Heart|p2a: Manaphy\n|-boost|p2a: Manaphy|spa|1\n|-boost|p2a: Manaphy|spd|1\n|-curestatus|p2a: Manaphy|tox|[msg]\n|\n|-heal|p1a: Zapdos|82\/100|[from] item: Leftovers\n|-heal|p2a: Manaphy|94\/100|[from] item: Leftovers\n|upkeep\n|turn|12\n|\n|t:|1699983954\n|move|p1a: Zapdos|Discharge|p2a: Manaphy\n|-supereffective|p2a: Manaphy\n|-damage|p2a: Manaphy|62\/100\n|-status|p2a: Manaphy|par\n|move|p2a: Manaphy|Take Heart|p2a: Manaphy\n|-boost|p2a: Manaphy|spa|1\n|-boost|p2a: Manaphy|spd|1\n|-curestatus|p2a: Manaphy|par|[msg]\n|\n|-heal|p1a: Zapdos|88\/100|[from] item: Leftovers\n|-heal|p2a: Manaphy|68\/100|[from] item: Leftovers\n|upkeep\n|turn|13\n|\n|t:|1699983967\n|move|p1a: Zapdos|Discharge|p2a: Manaphy\n|-supereffective|p2a: Manaphy\n|-damage|p2a: Manaphy|40\/100\n|-status|p2a: Manaphy|par\n|move|p2a: Manaphy|Take Heart|p2a: Manaphy\n|-boost|p2a: Manaphy|spa|1\n|-boost|p2a: Manaphy|spd|1\n|-curestatus|p2a: Manaphy|par|[msg]\n|\n|-heal|p1a: Zapdos|94\/100|[from] item: Leftovers\n|-heal|p2a: Manaphy|46\/100|[from] item: Leftovers\n|upkeep\n|turn|14\n|\n|t:|1699983981\n|-terastallize|p2a: Manaphy|Psychic\n|move|p1a: Zapdos|Discharge|p2a: Manaphy\n|-damage|p2a: Manaphy|35\/100\n|move|p2a: Manaphy|Stored Power|p1a: Zapdos\n|-damage|p1a: Zapdos|0 fnt\n|faint|p1a: Zapdos\n|\n|-heal|p2a: Manaphy|42\/100|[from] item: Leftovers\n|upkeep\n|\n|t:|1699983986\n|switch|p1a: Dragapult|Dragapult, M|88\/100\n|-damage|p1a: Dragapult|76\/100|[from] Stealth Rock\n|turn|15\n|\n|t:|1699983997\n|switch|p2a: Glimmora|Glimmora, M|66\/100 par\n|-damage|p2a: Glimmora|54\/100 par|[from] Stealth Rock\n|-terastallize|p1a: Dragapult|Dragon\n|move|p1a: Dragapult|Dragon Darts|p2a: Glimmora\n|-damage|p2a: Glimmora|12\/100 par\n|-activate|p2a: Glimmora|ability: Toxic Debris\n|-sidestart|p1: poncy3|move: Toxic Spikes\n|-anim|p1a: Dragapult|Dragon Darts|p2a: Glimmora\n|-damage|p2a: Glimmora|0 fnt\n|-activate|p2a: Glimmora|ability: Toxic Debris\n|-sidestart|p1: poncy3|move: Toxic Spikes\n|faint|p2a: Glimmora\n|\n|upkeep\n|\n|t:|1699984007\n|switch|p2a: Sylveon|Sylveon, M|99\/100\n|-damage|p2a: Sylveon|88\/100|[from] Stealth Rock\n|turn|16\n|\n|t:|1699984017\n|switch|p1a: Toxapex|Toxapex, M|100\/100\n|-damage|p1a: Toxapex|88\/100|[from] Stealth Rock\n|-sideend|p1: poncy3|move: Toxic Spikes|[of] p1a: Toxapex\n|switch|p2a: Meowscarada|Meowscarada, M|100\/100\n|-damage|p2a: Meowscarada|88\/100|[from] Stealth Rock\n|\n|-heal|p1a: Toxapex|94\/100|[from] item: Leftovers\n|upkeep\n|turn|17\n|\n|t:|1699984029\n|move|p2a: Meowscarada|U-turn|p1a: Toxapex\n|-start|p2a: Meowscarada|typechange|Bug|[from] ability: Protean\n|-resisted|p1a: Toxapex\n|-damage|p1a: Toxapex|81\/100\n|\n|t:|1699984038\n|switch|p2a: Toxapex|Toxapex, F|100\/100|[from] U-turn\n|-damage|p2a: Toxapex|88\/100|[from] Stealth Rock\n|move|p1a: Toxapex|Toxic|p2a: Toxapex\n|-immune|p2a: Toxapex\n|\n|-heal|p1a: Toxapex|87\/100|[from] item: Leftovers\n|-heal|p2a: Toxapex|94\/100|[from] item: Leftovers\n|upkeep\n|turn|18\n|\n|t:|1699984064\n|switch|p1a: Corviknight|Corviknight, F|55\/100\n|-damage|p1a: Corviknight|42\/100|[from] Stealth Rock\n|-ability|p1a: Corviknight|Pressure\n|switch|p2a: Manaphy|Manaphy, tera:Psychic|42\/100\n|-damage|p2a: Manaphy|29\/100|[from] Stealth Rock\n|\n|-heal|p2a: Manaphy|35\/100|[from] item: Leftovers\n|-heal|p1a: Corviknight|49\/100|[from] item: Leftovers\n|upkeep\n|turn|19\n|inactive|not_lolu has 270 seconds left.\n|\n|t:|1699984082\n|switch|p2a: Great Tusk|Great Tusk|100\/100\n|-damage|p2a: Great Tusk|98\/100|[from] Stealth Rock\n|move|p1a: Corviknight|Brave Bird|p2a: Great Tusk\n|-supereffective|p2a: Great Tusk\n|-damage|p2a: Great Tusk|50\/100\n|-damage|p1a: Corviknight|33\/100|[from] Recoil\n|\n|-heal|p2a: Great Tusk|56\/100|[from] item: Leftovers\n|-heal|p1a: Corviknight|39\/100|[from] item: Leftovers\n|upkeep\n|turn|20\n|inactive|not_lolu has 270 seconds left.\n|\n|t:|1699984093\n|-end|p2a: Great Tusk|Protosynthesis|[silent]\n|switch|p2a: Meowscarada|Meowscarada, M|88\/100\n|-damage|p2a: Meowscarada|76\/100|[from] Stealth Rock\n|switch|p1a: Dragapult|Dragapult, M, tera:Dragon|76\/100\n|-damage|p1a: Dragapult|64\/100|[from] Stealth Rock\n|\n|upkeep\n|turn|21\n|inactive|not_lolu has 270 seconds left.\n|\n|t:|1699984111\n|switch|p2a: Manaphy|Manaphy, tera:Psychic|35\/100\n|-damage|p2a: Manaphy|23\/100|[from] Stealth Rock\n|move|p1a: Dragapult|Dragon Dance|p1a: Dragapult\n|-boost|p1a: Dragapult|atk|1\n|-boost|p1a: Dragapult|spe|1\n|\n|-heal|p2a: Manaphy|29\/100|[from] item: Leftovers\n|upkeep\n|turn|22\n|inactive|not_lolu has 270 seconds left.\n|\n|t:|1699984131\n|switch|p2a: Toxapex|Toxapex, F|100\/100\n|-damage|p2a: Toxapex|88\/100|[from] Stealth Rock\n|move|p1a: Dragapult|Dragon Dance|p1a: Dragapult\n|-boost|p1a: Dragapult|atk|1\n|-boost|p1a: Dragapult|spe|1\n|\n|-heal|p2a: Toxapex|94\/100|[from] item: Leftovers\n|upkeep\n|turn|23\n|inactive|not_lolu has 270 seconds left.\n|\n|t:|1699984141\n|move|p1a: Dragapult|Dragon Darts|p2a: Toxapex\n|-damage|p2a: Toxapex|49\/100\n|-anim|p1a: Dragapult|Dragon Darts|p2a: Toxapex\n|-damage|p2a: Toxapex|1\/100\n|move|p2a: Toxapex|Haze|p2a: Toxapex\n|-clearallboost\n|\n|-heal|p2a: Toxapex|8\/100|[from] item: Leftovers\n|upkeep\n|turn|24\n|\n|t:|1699984150\n|switch|p2a: Sylveon|Sylveon, M|88\/100\n|-damage|p2a: Sylveon|75\/100|[from] Stealth Rock\n|move|p1a: Dragapult|Dragon Dance|p1a: Dragapult\n|-boost|p1a: Dragapult|atk|1\n|-boost|p1a: Dragapult|spe|1\n|\n|-heal|p2a: Sylveon|81\/100|[from] item: Leftovers\n|upkeep\n|turn|25\n|\n|t:|1699984158\n|switch|p1a: Toxapex|Toxapex, M|100\/100\n|-damage|p1a: Toxapex|88\/100|[from] Stealth Rock\n|move|p2a: Sylveon|Hyper Voice|p1a: Toxapex\n|-resisted|p1a: Toxapex\n|-damage|p1a: Toxapex|72\/100\n|\n|-heal|p2a: Sylveon|88\/100|[from] item: Leftovers\n|-heal|p1a: Toxapex|78\/100|[from] item: Leftovers\n|upkeep\n|turn|26\n|c|\u2606poncy3|!dt sylveon\n|raw|<div class=\"message\"><ul class=\"utilichart\"><li class=\"result\"><span class=\"col numcol\">RU<\/span> <span class=\"col iconcol\"><psicon pokemon=\"sylveon\"\/><\/span> <span class=\"col pokemonnamecol\" style=\"white-space:nowrap\"><a href=\"https:\/\/dex.pokemonshowdown.com\/pokemon\/sylveon\" target=\"_blank\">Sylveon<\/a><\/span> <span class=\"col typecol\"><img src=\"https:\/\/play.pokemonshowdown.com\/sprites\/types\/Fairy.png\" alt=\"Fairy\" height=\"14\" width=\"32\"><\/span> <span style=\"float:left;min-height:26px\"><span class=\"col abilitycol\">Cute Charm<\/span><span class=\"col abilitycol\"><em>Pixilate<\/em><\/span><\/span><span style=\"float:left;min-height:26px\"><span class=\"col statcol\"><em>HP<\/em><br \/>95<\/span> <span class=\"col statcol\"><em>Atk<\/em><br \/>65<\/span> <span class=\"col statcol\"><em>Def<\/em><br \/>65<\/span> <span class=\"col statcol\"><em>SpA<\/em><br \/>110<\/span> <span class=\"col statcol\"><em>SpD<\/em><br \/>130<\/span> <span class=\"col statcol\"><em>Spe<\/em><br \/>60<\/span> <span class=\"col bstcol\"><em>BST<br \/>525<\/em><\/span> <\/span><\/li><li style=\"clear:both\"><\/li><\/ul><\/div>\n|raw|<font size=\"1\"><font color=\"#686868\">Dex#:<\/font> 700&nbsp;|&ThickSpace;<font color=\"#686868\">Gen:<\/font> 6&nbsp;|&ThickSpace;<font color=\"#686868\">Height:<\/font> 1 m&nbsp;|&ThickSpace;<font color=\"#686868\">Weight:<\/font> 23.5 kg <em>(40 BP)<\/em>&nbsp;|&ThickSpace;<font color=\"#686868\">Dex Colour:<\/font> Pink&nbsp;|&ThickSpace;<font color=\"#686868\">Egg Group(s):<\/font> Field&nbsp;|&ThickSpace;<font color=\"#686868\">Pre-Evolution:<\/font> Eevee&nbsp;|&ThickSpace;<font color=\"#686868\">Does Not Evolve<\/font><\/font>\n\n|c|\u2606poncy3|dt sylveon\n|\n|t:|1699984174\n|switch|p2a: Toxapex|Toxapex, F|41\/100\n|-damage|p2a: Toxapex|28\/100|[from] Stealth Rock\n|switch|p1a: Corviknight|Corviknight, F|39\/100\n|-damage|p1a: Corviknight|27\/100|[from] Stealth Rock\n|-ability|p1a: Corviknight|Pressure\n|\n|-heal|p1a: Corviknight|33\/100|[from] item: Leftovers\n|-heal|p2a: Toxapex|35\/100|[from] item: Leftovers\n|upkeep\n|turn|27\n|\n|t:|1699984188\n|switch|p2a: Manaphy|Manaphy, tera:Psychic|29\/100\n|-damage|p2a: Manaphy|17\/100|[from] Stealth Rock\n|move|p1a: Corviknight|Roost|p1a: Corviknight\n|-heal|p1a: Corviknight|83\/100\n|-singleturn|p1a: Corviknight|move: Roost\n|\n|-heal|p2a: Manaphy|23\/100|[from] item: Leftovers\n|-heal|p1a: Corviknight|89\/100|[from] item: Leftovers\n|upkeep\n|turn|28\n|\n|t:|1699984198\n|move|p2a: Manaphy|Scald|p1a: Corviknight\n|-damage|p1a: Corviknight|62\/100\n|move|p1a: Corviknight|Brave Bird|p2a: Manaphy\n|-damage|p2a: Manaphy|0 fnt\n|faint|p2a: Manaphy\n|-damage|p1a: Corviknight|55\/100|[from] Recoil\n|\n|-heal|p1a: Corviknight|61\/100|[from] item: Leftovers\n|upkeep\n|\n|t:|1699984203\n|switch|p2a: Toxapex|Toxapex, F|68\/100\n|-damage|p2a: Toxapex|55\/100|[from] Stealth Rock\n|turn|29\n|\n|t:|1699984209\n|move|p1a: Corviknight|Defog|p2a: Toxapex\n|-unboost|p2a: Toxapex|evasion|1\n|-sideend|p2: not_lolu|Stealth Rock|[from] move: Defog|[of] p1a: Corviknight\n|-sideend|p1: poncy3|Stealth Rock|[from] move: Defog|[of] p1a: Corviknight\n|move|p2a: Toxapex|Chilling Water|p1a: Corviknight\n|-damage|p1a: Corviknight|51\/100\n|-unboost|p1a: Corviknight|atk|1\n|\n|-heal|p1a: Corviknight|57\/100|[from] item: Leftovers\n|-heal|p2a: Toxapex|62\/100|[from] item: Leftovers\n|upkeep\n|turn|30\n|\n|t:|1699984217\n|switch|p1a: Blissey|Blissey, F|79\/100\n|switch|p2a: Great Tusk|Great Tusk|56\/100\n|\n|-heal|p2a: Great Tusk|62\/100|[from] item: Leftovers\n|-heal|p1a: Blissey|85\/100|[from] item: Leftovers\n|upkeep\n|turn|31\n|\n|t:|1699984227\n|switch|p1a: Toxapex|Toxapex, M|100\/100\n|move|p2a: Great Tusk|Bulk Up|p2a: Great Tusk\n|-boost|p2a: Great Tusk|atk|1\n|-boost|p2a: Great Tusk|def|1\n|\n|-heal|p2a: Great Tusk|69\/100|[from] item: Leftovers\n|upkeep\n|turn|32\n|\n|t:|1699984232\n|move|p2a: Great Tusk|Earthquake|p1a: Toxapex\n|-supereffective|p1a: Toxapex\n|-damage|p1a: Toxapex|14\/100\n|move|p1a: Toxapex|Toxic|p2a: Great Tusk\n|-status|p2a: Great Tusk|tox\n|\n|-heal|p2a: Great Tusk|75\/100 tox|[from] item: Leftovers\n|-heal|p1a: Toxapex|20\/100|[from] item: Leftovers\n|-damage|p2a: Great Tusk|69\/100 tox|[from] psn\n|upkeep\n|turn|33\n|\n|t:|1699984236\n|switch|p1a: Corviknight|Corviknight, F|57\/100\n|-ability|p1a: Corviknight|Pressure\n|move|p2a: Great Tusk|Earthquake|p1a: Corviknight\n|-immune|p1a: Corviknight\n|\n|-heal|p2a: Great Tusk|75\/100 tox|[from] item: Leftovers\n|-heal|p1a: Corviknight|63\/100|[from] item: Leftovers\n|-damage|p2a: Great Tusk|62\/100 tox|[from] psn\n|upkeep\n|turn|34\n|\n|t:|1699984251\n|switch|p1a: Dragapult|Dragapult, M, tera:Dragon|64\/100\n|move|p2a: Great Tusk|Bulk Up|p2a: Great Tusk\n|-boost|p2a: Great Tusk|atk|1\n|-boost|p2a: Great Tusk|def|1\n|\n|-heal|p2a: Great Tusk|69\/100 tox|[from] item: Leftovers\n|-damage|p2a: Great Tusk|50\/100 tox|[from] psn\n|upkeep\n|turn|35\n|\n|t:|1699984257\n|move|p1a: Dragapult|Acrobatics|p2a: Great Tusk\n|-supereffective|p2a: Great Tusk\n|-damage|p2a: Great Tusk|38\/100 tox\n|move|p2a: Great Tusk|Earthquake|p1a: Dragapult\n|-damage|p1a: Dragapult|0 fnt\n|faint|p1a: Dragapult\n|\n|-heal|p2a: Great Tusk|44\/100 tox|[from] item: Leftovers\n|-damage|p2a: Great Tusk|20\/100 tox|[from] psn\n|upkeep\n|\n|t:|1699984267\n|switch|p1a: Corviknight|Corviknight, F|63\/100\n|-ability|p1a: Corviknight|Pressure\n|turn|36\n|\n|t:|1699984278\n|switch|p1a: Clefable|Clefable, M|65\/100 tox\n|move|p2a: Great Tusk|Close Combat|p1a: Clefable\n|-resisted|p1a: Clefable\n|-damage|p1a: Clefable|21\/100 tox\n|-unboost|p2a: Great Tusk|def|1\n|-unboost|p2a: Great Tusk|spd|1\n|\n|-heal|p2a: Great Tusk|26\/100 tox|[from] item: Leftovers\n|-heal|p1a: Clefable|27\/100 tox|[from] item: Leftovers\n|-damage|p2a: Great Tusk|0 fnt|[from] psn\n|faint|p2a: Great Tusk\n|-end|p2a: Great Tusk|Protosynthesis|[silent]\n|upkeep\n|\n|t:|1699984290\n|switch|p2a: Meowscarada|Meowscarada, M|76\/100\n|turn|37\n|\n|t:|1699984295\n|switch|p1a: Corviknight|Corviknight, F|63\/100\n|-ability|p1a: Corviknight|Pressure\n|move|p2a: Meowscarada|Flower Trick|p1a: Corviknight\n|-start|p2a: Meowscarada|typechange|Grass|[from] ability: Protean\n|-resisted|p1a: Corviknight\n|-crit|p1a: Corviknight\n|-damage|p1a: Corviknight|53\/100\n|\n|-heal|p1a: Corviknight|59\/100|[from] item: Leftovers\n|upkeep\n|turn|38\n|\n|t:|1699984306\n|switch|p2a: Toxapex|Toxapex, F|95\/100\n|move|p1a: Corviknight|Brave Bird|p2a: Toxapex\n|-damage|p2a: Toxapex|72\/100\n|-damage|p1a: Corviknight|53\/100|[from] Recoil\n|\n|-heal|p1a: Corviknight|60\/100|[from] item: Leftovers\n|-heal|p2a: Toxapex|78\/100|[from] item: Leftovers\n|upkeep\n|turn|39\n|\n|t:|1699984315\n|switch|p1a: Toxapex|Toxapex, M|53\/100\n|move|p2a: Toxapex|Chilling Water|p1a: Toxapex\n|-resisted|p1a: Toxapex\n|-damage|p1a: Toxapex|49\/100\n|-unboost|p1a: Toxapex|atk|1\n|\n|-heal|p1a: Toxapex|55\/100|[from] item: Leftovers\n|-heal|p2a: Toxapex|85\/100|[from] item: Leftovers\n|upkeep\n|turn|40\n|\n|t:|1699984331\n|switch|p1a: Clefable|Clefable, M|27\/100 tox\n|move|p2a: Toxapex|Toxic|p1a: Clefable\n|-fail|p1a: Clefable|tox\n|\n|-heal|p1a: Clefable|33\/100 tox|[from] item: Leftovers\n|-heal|p2a: Toxapex|91\/100|[from] item: Leftovers\n|upkeep\n|turn|41\n|\n|t:|1699984339\n|switch|p2a: Meowscarada|Meowscarada, M|76\/100\n|move|p1a: Clefable|Wish|p1a: Clefable\n|\n|-heal|p1a: Clefable|39\/100 tox|[from] item: Leftovers\n|upkeep\n|turn|42\n|\n|t:|1699984345\n|move|p1a: Clefable|Protect|p1a: Clefable\n|-singleturn|p1a: Clefable|Protect\n|move|p2a: Meowscarada|Knock Off|p1a: Clefable\n|-start|p2a: Meowscarada|typechange|Dark|[from] ability: Protean\n|-activate|p1a: Clefable|move: Protect\n|\n|-heal|p1a: Clefable|89\/100 tox|[from] move: Wish|[wisher] Clefable\n|-heal|p1a: Clefable|95\/100 tox|[from] item: Leftovers\n|upkeep\n|turn|43\n|\n|t:|1699984357\n|switch|p2a: Sylveon|Sylveon, M|88\/100\n|switch|p1a: Toxapex|Toxapex, M|88\/100\n|\n|-heal|p2a: Sylveon|94\/100|[from] item: Leftovers\n|-heal|p1a: Toxapex|95\/100|[from] item: Leftovers\n|upkeep\n|turn|44\n|\n|t:|1699984366\n|switch|p2a: Toxapex|Toxapex, F|100\/100\n|switch|p1a: Blissey|Blissey, F|85\/100\n|\n|-heal|p1a: Blissey|91\/100|[from] item: Leftovers\n|upkeep\n|turn|45\n|\n|t:|1699984380\n|move|p1a: Blissey|Thunder Wave|p2a: Toxapex\n|-status|p2a: Toxapex|par\n|move|p2a: Toxapex|Toxic|p1a: Blissey\n|-status|p1a: Blissey|tox\n|\n|-heal|p1a: Blissey|97\/100 tox|[from] item: Leftovers\n|-damage|p1a: Blissey|91\/100 tox|[from] psn\n|upkeep\n|turn|46\n|\n|t:|1699984395\n|-curestatus|p1a: Blissey|tox|[from] ability: Natural Cure\n|switch|p1a: Corviknight|Corviknight, F|60\/100\n|-ability|p1a: Corviknight|Pressure\n|move|p2a: Toxapex|Chilling Water|p1a: Corviknight\n|-damage|p1a: Corviknight|50\/100\n|-unboost|p1a: Corviknight|atk|1\n|\n|-heal|p1a: Corviknight|56\/100|[from] item: Leftovers\n|upkeep\n|turn|47\n|\n|t:|1699984413\n|switch|p1a: Toxapex|Toxapex, M|100\/100\n|switch|p2a: Meowscarada|Meowscarada, M|76\/100\n|\n|upkeep\n|turn|48\n|\n|t:|1699984422\n|move|p2a: Meowscarada|Knock Off|p1a: Toxapex\n|-start|p2a: Meowscarada|typechange|Dark|[from] ability: Protean\n|-damage|p1a: Toxapex|58\/100\n|-enditem|p1a: Toxapex|Leftovers|[from] move: Knock Off|[of] p2a: Meowscarada\n|move|p1a: Toxapex|Toxic|p2a: Meowscarada\n|-status|p2a: Meowscarada|tox\n|\n|-damage|p2a: Meowscarada|70\/100 tox|[from] psn\n|upkeep\n|turn|49\n|\n|t:|1699984434\n|switch|p2a: Toxapex|Toxapex, F|100\/100 par\n|switch|p1a: Corviknight|Corviknight, F|56\/100\n|-ability|p1a: Corviknight|Pressure\n|\n|-heal|p1a: Corviknight|62\/100|[from] item: Leftovers\n|upkeep\n|turn|50\n|\n|t:|1699984441\n|move|p1a: Corviknight|Taunt|p2a: Toxapex\n|-start|p2a: Toxapex|move: Taunt\n|move|p2a: Toxapex|Chilling Water|p1a: Corviknight\n|-damage|p1a: Corviknight|52\/100\n|-unboost|p1a: Corviknight|atk|1\n|\n|-heal|p1a: Corviknight|58\/100|[from] item: Leftovers\n|upkeep\n|turn|51\n|\n|t:|1699984451\n|switch|p1a: Clefable|Clefable, M|95\/100 tox\n|switch|p2a: Sylveon|Sylveon, M|94\/100\n|\n|-heal|p1a: Clefable|100\/100 tox|[from] item: Leftovers\n|-heal|p2a: Sylveon|99\/100|[from] item: Leftovers\n|upkeep\n|turn|52\n|\n|t:|1699984462\n|switch|p1a: Toxapex|Toxapex, M|91\/100\n|move|p2a: Sylveon|Wish|p2a: Sylveon\n|\n|-heal|p2a: Sylveon|100\/100|[from] item: Leftovers\n|upkeep\n|turn|53\n|\n|t:|1699984468\n|switch|p2a: Meowscarada|Meowscarada, M|70\/100 tox\n|move|p1a: Toxapex|Toxic|p2a: Meowscarada\n|-fail|p2a: Meowscarada|tox\n|\n|-heal|p2a: Meowscarada|100\/100 tox|[from] move: Wish|[wisher] Sylveon\n|-damage|p2a: Meowscarada|94\/100 tox|[from] psn\n|upkeep\n|turn|54\n|\n|t:|1699984478\n|switch|p1a: Clefable|Clefable, M|100\/100 tox\n|move|p2a: Meowscarada|Flower Trick|p1a: Clefable\n|-start|p2a: Meowscarada|typechange|Grass|[from] ability: Protean\n|-crit|p1a: Clefable\n|-damage|p1a: Clefable|49\/100 tox\n|\n|-heal|p1a: Clefable|55\/100 tox|[from] item: Leftovers\n|-damage|p2a: Meowscarada|82\/100 tox|[from] psn\n|upkeep\n|turn|55\n|\n|t:|1699984492\n|switch|p2a: Toxapex|Toxapex, F|100\/100 par\n|move|p1a: Clefable|Protect||[still]\n|-fail|p1a: Clefable\n|\n|-heal|p1a: Clefable|61\/100 tox|[from] item: Leftovers\n|upkeep\n|turn|56\n|\n|t:|1699984501\n|move|p1a: Clefable|Wish|p1a: Clefable\n|cant|p2a: Toxapex|par\n|\n|-heal|p1a: Clefable|67\/100 tox|[from] item: Leftovers\n|upkeep\n|turn|57\n|\n|t:|1699984511\n|switch|p1a: Corviknight|Corviknight, F|58\/100\n|-ability|p1a: Corviknight|Pressure\n|switch|p2a: Sylveon|Sylveon, M|100\/100\n|\n|-heal|p1a: Corviknight|100\/100|[from] move: Wish|[wisher] Clefable\n|upkeep\n|turn|58\n|\n|t:|1699984523\n|switch|p2a: Toxapex|Toxapex, F|100\/100 par\n|move|p1a: Corviknight|Brave Bird|p2a: Toxapex\n|-damage|p2a: Toxapex|79\/100 par\n|-damage|p1a: Corviknight|95\/100|[from] Recoil\n|\n|-heal|p1a: Corviknight|100\/100|[from] item: Leftovers\n|-heal|p2a: Toxapex|86\/100 par|[from] item: Leftovers\n|upkeep\n|turn|59\n|\n|t:|1699984540\n|switch|p1a: Toxapex|Toxapex, M|100\/100\n|move|p2a: Toxapex|Chilling Water|p1a: Toxapex\n|-resisted|p1a: Toxapex\n|-damage|p1a: Toxapex|96\/100\n|-unboost|p1a: Toxapex|atk|1\n|\n|-heal|p2a: Toxapex|92\/100 par|[from] item: Leftovers\n|upkeep\n|turn|60\n|\n|t:|1699984553\n|switch|p2a: Meowscarada|Meowscarada, M|82\/100 tox\n|move|p1a: Toxapex|Toxic|p2a: Meowscarada\n|-fail|p2a: Meowscarada|tox\n|\n|-damage|p2a: Meowscarada|76\/100 tox|[from] psn\n|upkeep\n|turn|61\n|\n|t:|1699984564\n|move|p2a: Meowscarada|Knock Off|p1a: Toxapex\n|-start|p2a: Meowscarada|typechange|Dark|[from] ability: Protean\n|-damage|p1a: Toxapex|70\/100\n|move|p1a: Toxapex|Chilling Water|p2a: Meowscarada\n|-damage|p2a: Meowscarada|60\/100 tox\n|-unboost|p2a: Meowscarada|atk|1\n|\n|-damage|p2a: Meowscarada|47\/100 tox|[from] psn\n|upkeep\n|turn|62\n|\n|t:|1699984574\n|switch|p2a: Toxapex|Toxapex, F|100\/100 par\n|move|p1a: Toxapex|Toxic||[still]\n|-fail|p1a: Toxapex\n|\n|upkeep\n|turn|63\n|\n|t:|1699984583\n|switch|p1a: Corviknight|Corviknight, F|100\/100\n|-ability|p1a: Corviknight|Pressure\n|move|p2a: Toxapex|Haze|p2a: Toxapex\n|-clearallboost\n|\n|upkeep\n|turn|64\n|\n|t:|1699984593\n|switch|p1a: Blissey|Blissey, F|91\/100\n|move|p2a: Toxapex|Chilling Water|p1a: Blissey\n|-damage|p1a: Blissey|87\/100\n|-unboost|p1a: Blissey|atk|1\n|\n|-heal|p1a: Blissey|93\/100|[from] item: Leftovers\n|upkeep\n|turn|65\n|\n|t:|1699984602\n|move|p1a: Blissey|Seismic Toss|p2a: Toxapex\n|-damage|p2a: Toxapex|68\/100 par\n|move|p2a: Toxapex|Toxic|p1a: Blissey\n|-status|p1a: Blissey|tox\n|\n|-heal|p1a: Blissey|99\/100 tox|[from] item: Leftovers\n|-heal|p2a: Toxapex|74\/100 par|[from] item: Leftovers\n|-damage|p1a: Blissey|93\/100 tox|[from] psn\n|upkeep\n|turn|66\n|\n|t:|1699984614\n|move|p1a: Blissey|Seismic Toss|p2a: Toxapex\n|-damage|p2a: Toxapex|41\/100 par\n|cant|p2a: Toxapex|par\n|\n|-heal|p1a: Blissey|99\/100 tox|[from] item: Leftovers\n|-heal|p2a: Toxapex|47\/100 par|[from] item: Leftovers\n|-damage|p1a: Blissey|87\/100 tox|[from] psn\n|upkeep\n|turn|67\n|\n|t:|1699984624\n|switch|p2a: Sylveon|Sylveon, M|100\/100\n|move|p1a: Blissey|Seismic Toss|p2a: Sylveon\n|-damage|p2a: Sylveon|75\/100\n|\n|-heal|p2a: Sylveon|81\/100|[from] item: Leftovers\n|-heal|p1a: Blissey|93\/100 tox|[from] item: Leftovers\n|-damage|p1a: Blissey|75\/100 tox|[from] psn\n|upkeep\n|turn|68\n|\n|t:|1699984629\n|switch|p2a: Toxapex|Toxapex, F|80\/100 par\n|-curestatus|p1a: Blissey|tox|[from] ability: Natural Cure\n|switch|p1a: Toxapex|Toxapex, M|100\/100\n|\n|-heal|p2a: Toxapex|87\/100 par|[from] item: Leftovers\n|upkeep\n|turn|69\n|\n|t:|1699984638\n|move|p1a: Toxapex|Chilling Water|p2a: Toxapex\n|-resisted|p2a: Toxapex\n|-damage|p2a: Toxapex|83\/100 par\n|-unboost|p2a: Toxapex|atk|1\n|move|p2a: Toxapex|Haze|p2a: Toxapex\n|-clearallboost\n|\n|-heal|p2a: Toxapex|89\/100 par|[from] item: Leftovers\n|upkeep\n|turn|70\n|\n|t:|1699984645\n|move|p1a: Toxapex|Haze|p1a: Toxapex\n|-clearallboost\n|move|p2a: Toxapex|Chilling Water|p1a: Toxapex\n|-resisted|p1a: Toxapex\n|-damage|p1a: Toxapex|96\/100\n|-unboost|p1a: Toxapex|atk|1\n|\n|-heal|p2a: Toxapex|95\/100 par|[from] item: Leftovers\n|upkeep\n|turn|71\n|\n|t:|1699984650\n|move|p1a: Toxapex|Haze|p1a: Toxapex\n|-clearallboost\n|cant|p2a: Toxapex|par\n|\n|-heal|p2a: Toxapex|100\/100 par|[from] item: Leftovers\n|upkeep\n|turn|72\n|\n|t:|1699984660\n|switch|p1a: Blissey|Blissey, F|75\/100\n|cant|p2a: Toxapex|par\n|\n|-heal|p1a: Blissey|81\/100|[from] item: Leftovers\n|upkeep\n|turn|73\n|\n|t:|1699984665\n|move|p1a: Blissey|Seismic Toss|p2a: Toxapex\n|-damage|p2a: Toxapex|68\/100 par\n|move|p2a: Toxapex|Toxic|p1a: Blissey\n|-status|p1a: Blissey|tox\n|\n|-heal|p1a: Blissey|87\/100 tox|[from] item: Leftovers\n|-heal|p2a: Toxapex|74\/100 par|[from] item: Leftovers\n|-damage|p1a: Blissey|81\/100 tox|[from] psn\n|upkeep\n|turn|74\n|\n|t:|1699984669\n|move|p1a: Blissey|Seismic Toss|p2a: Toxapex\n|-damage|p2a: Toxapex|41\/100 par\n|move|p2a: Toxapex|Chilling Water|p1a: Blissey\n|-damage|p1a: Blissey|77\/100 tox\n|-unboost|p1a: Blissey|atk|1\n|\n|-heal|p1a: Blissey|83\/100 tox|[from] item: Leftovers\n|-heal|p2a: Toxapex|47\/100 par|[from] item: Leftovers\n|-damage|p1a: Blissey|71\/100 tox|[from] psn\n|upkeep\n|turn|75\n|\n|t:|1699984672\n|-curestatus|p1a: Blissey|tox|[from] ability: Natural Cure\n|switch|p1a: Toxapex|Toxapex, M|100\/100\n|switch|p2a: Sylveon|Sylveon, M|81\/100\n|\n|-heal|p2a: Sylveon|87\/100|[from] item: Leftovers\n|upkeep\n|turn|76\n|\n|t:|1699984680\n|switch|p2a: Toxapex|Toxapex, F|80\/100 par\n|move|p1a: Toxapex|Toxic||[still]\n|-fail|p1a: Toxapex\n|\n|-heal|p2a: Toxapex|87\/100 par|[from] item: Leftovers\n|upkeep\n|turn|77\n|\n|t:|1699984686\n|switch|p1a: Corviknight|Corviknight, F|100\/100\n|-ability|p1a: Corviknight|Pressure\n|move|p2a: Toxapex|Haze|p2a: Toxapex\n|-clearallboost\n|\n|-heal|p2a: Toxapex|93\/100 par|[from] item: Leftovers\n|upkeep\n|turn|78\n|\n|t:|1699984697\n|move|p1a: Corviknight|Taunt|p2a: Toxapex\n|-start|p2a: Toxapex|move: Taunt\n|cant|p2a: Toxapex|move: Taunt|Haze\n|\n|-heal|p2a: Toxapex|99\/100 par|[from] item: Leftovers\n|upkeep\n|turn|79\n|\n|t:|1699984701\n|switch|p1a: Blissey|Blissey, F|71\/100\n|cant|p2a: Toxapex|par\n|\n|-heal|p1a: Blissey|77\/100|[from] item: Leftovers\n|-heal|p2a: Toxapex|100\/100 par|[from] item: Leftovers\n|upkeep\n|turn|80\n|\n|t:|1699984710\n|move|p1a: Blissey|Seismic Toss|p2a: Toxapex\n|-damage|p2a: Toxapex|68\/100 par\n|move|p2a: Toxapex|Chilling Water|p1a: Blissey\n|-damage|p1a: Blissey|73\/100\n|-unboost|p1a: Blissey|atk|1\n|\n|-heal|p1a: Blissey|79\/100|[from] item: Leftovers\n|-heal|p2a: Toxapex|74\/100 par|[from] item: Leftovers\n|-end|p2a: Toxapex|move: Taunt\n|upkeep\n|turn|81\n|\n|t:|1699984713\n|move|p1a: Blissey|Seismic Toss|p2a: Toxapex\n|-damage|p2a: Toxapex|41\/100 par\n|move|p2a: Toxapex|Toxic|p1a: Blissey\n|-status|p1a: Blissey|tox\n|\n|-heal|p1a: Blissey|85\/100 tox|[from] item: Leftovers\n|-heal|p2a: Toxapex|47\/100 par|[from] item: Leftovers\n|-damage|p1a: Blissey|79\/100 tox|[from] psn\n|upkeep\n|turn|82\n|\n|t:|1699984725\n|move|p1a: Blissey|Seismic Toss|p2a: Toxapex\n|-damage|p2a: Toxapex|14\/100 par\n|move|p2a: Toxapex|Recover|p2a: Toxapex\n|-heal|p2a: Toxapex|64\/100 par\n|\n|-heal|p1a: Blissey|85\/100 tox|[from] item: Leftovers\n|-heal|p2a: Toxapex|71\/100 par|[from] item: Leftovers\n|-damage|p1a: Blissey|73\/100 tox|[from] psn\n|upkeep\n|turn|83\n|\n|t:|1699984729\n|switch|p2a: Sylveon|Sylveon, M|87\/100\n|move|p1a: Blissey|Seismic Toss|p2a: Sylveon\n|-damage|p2a: Sylveon|62\/100\n|\n|-heal|p2a: Sylveon|68\/100|[from] item: Leftovers\n|-heal|p1a: Blissey|79\/100 tox|[from] item: Leftovers\n|-damage|p1a: Blissey|61\/100 tox|[from] psn\n|upkeep\n|turn|84\n|\n|t:|1699984734\n|switch|p2a: Toxapex|Toxapex, F|100\/100 par\n|-curestatus|p1a: Blissey|tox|[from] ability: Natural Cure\n|switch|p1a: Toxapex|Toxapex, M|100\/100\n|\n|upkeep\n|turn|85\n|\n|t:|1699984741\n|move|p1a: Toxapex|Chilling Water|p2a: Toxapex\n|-resisted|p2a: Toxapex\n|-damage|p2a: Toxapex|97\/100 par\n|-unboost|p2a: Toxapex|atk|1\n|move|p2a: Toxapex|Chilling Water|p1a: Toxapex\n|-resisted|p1a: Toxapex\n|-damage|p1a: Toxapex|96\/100\n|-unboost|p1a: Toxapex|atk|1\n|\n|-heal|p2a: Toxapex|100\/100 par|[from] item: Leftovers\n|upkeep\n|turn|86\n|\n|t:|1699984748\n|move|p1a: Toxapex|Haze|p1a: Toxapex\n|-clearallboost\n|move|p2a: Toxapex|Haze|p2a: Toxapex\n|-clearallboost\n|\n|upkeep\n|turn|87\n|\n|t:|1699984753\n|move|p1a: Toxapex|Haze|p1a: Toxapex\n|-clearallboost\n|cant|p2a: Toxapex|par\n|\n|upkeep\n|turn|88\n|\n|t:|1699984762\n|switch|p1a: Corviknight|Corviknight, F|100\/100\n|-ability|p1a: Corviknight|Pressure\n|move|p2a: Toxapex|Haze|p2a: Toxapex\n|-clearallboost\n|\n|upkeep\n|turn|89\n|\n|t:|1699984772\n|switch|p1a: Toxapex|Toxapex, M|100\/100\n|move|p2a: Toxapex|Toxic|p1a: Toxapex\n|-immune|p1a: Toxapex\n|\n|upkeep\n|turn|90\n|\n|t:|1699984777\n|switch|p1a: Corviknight|Corviknight, F|100\/100\n|-ability|p1a: Corviknight|Pressure\n|move|p2a: Toxapex|Haze|p2a: Toxapex\n|-clearallboost\n|\n|upkeep\n|turn|91\n|\n|t:|1699984786\n|switch|p1a: Toxapex|Toxapex, M|100\/100\n|move|p2a: Toxapex|Haze|p2a: Toxapex\n|-clearallboost\n|\n|upkeep\n|turn|92\n|\n|t:|1699984794\n|switch|p1a: Blissey|Blissey, F|61\/100\n|switch|p2a: Sylveon|Sylveon, M|68\/100\n|\n|-heal|p2a: Sylveon|74\/100|[from] item: Leftovers\n|-heal|p1a: Blissey|67\/100|[from] item: Leftovers\n|upkeep\n|turn|93\n|\n|t:|1699984801\n|switch|p1a: Toxapex|Toxapex, M|100\/100\n|move|p2a: Sylveon|Protect||[still]\n|-fail|p2a: Sylveon\n|\n|-heal|p2a: Sylveon|80\/100|[from] item: Leftovers\n|upkeep\n|turn|94\n|\n|t:|1699984814\n|switch|p1a: Corviknight|Corviknight, F|100\/100\n|-ability|p1a: Corviknight|Pressure\n|move|p2a: Sylveon|Protect||[still]\n|-fail|p2a: Sylveon\n|\n|-heal|p2a: Sylveon|86\/100|[from] item: Leftovers\n|upkeep\n|turn|95\n|\n|t:|1699984823\n|switch|p1a: Toxapex|Toxapex, M|100\/100\n|move|p2a: Sylveon|Wish|p2a: Sylveon\n|\n|-heal|p2a: Sylveon|92\/100|[from] item: Leftovers\n|upkeep\n|turn|96\n|\n|t:|1699984829\n|switch|p2a: Meowscarada|Meowscarada, M|47\/100 tox\n|move|p1a: Toxapex|Toxic|p2a: Meowscarada\n|-fail|p2a: Meowscarada|tox\n|\n|-heal|p2a: Meowscarada|100\/100 tox|[from] move: Wish|[wisher] Sylveon\n|-damage|p2a: Meowscarada|94\/100 tox|[from] psn\n|upkeep\n|turn|97\n|\n|t:|1699984840\n|move|p2a: Meowscarada|Knock Off|p1a: Toxapex\n|-start|p2a: Meowscarada|typechange|Dark|[from] ability: Protean\n|-damage|p1a: Toxapex|75\/100\n|move|p1a: Toxapex|Chilling Water|p2a: Meowscarada\n|-damage|p2a: Meowscarada|78\/100 tox\n|-unboost|p2a: Meowscarada|atk|1\n|\n|-damage|p2a: Meowscarada|65\/100 tox|[from] psn\n|upkeep\n|turn|98\n|\n|t:|1699984856\n|switch|p2a: Toxapex|Toxapex, F|100\/100 par\n|switch|p1a: Corviknight|Corviknight, F|100\/100\n|-ability|p1a: Corviknight|Pressure\n|\n|upkeep\n|turn|99\n|\n|t:|1699984868\n|switch|p1a: Toxapex|Toxapex, M|100\/100\n|switch|p2a: Sylveon|Sylveon, M|92\/100\n|\n|-heal|p2a: Sylveon|98\/100|[from] item: Leftovers\n|upkeep\n|turn|100\n|\n|t:|1699984878\n|switch|p2a: Toxapex|Toxapex, F|100\/100 par\n|move|p1a: Toxapex|Chilling Water|p2a: Toxapex\n|-resisted|p2a: Toxapex\n|-damage|p2a: Toxapex|97\/100 par\n|-unboost|p2a: Toxapex|atk|1\n|\n|-heal|p2a: Toxapex|100\/100 par|[from] item: Leftovers\n|upkeep\n|turn|101\n|\n|t:|1699984886\n|switch|p1a: Corviknight|Corviknight, F|100\/100\n|-ability|p1a: Corviknight|Pressure\n|move|p2a: Toxapex|Haze|p2a: Toxapex\n|-clearallboost\n|\n|upkeep\n|turn|102\n|\n|t:|1699984895\n|switch|p1a: Toxapex|Toxapex, M|100\/100\n|switch|p2a: Sylveon|Sylveon, M|98\/100\n|\n|-heal|p2a: Sylveon|100\/100|[from] item: Leftovers\n|upkeep\n|turn|103\n|\n|t:|1699984901\n|switch|p2a: Toxapex|Toxapex, F|100\/100 par\n|switch|p1a: Corviknight|Corviknight, F|100\/100\n|-ability|p1a: Corviknight|Pressure\n|\n|upkeep\n|turn|104\n|\n|t:|1699984904\n|switch|p1a: Toxapex|Toxapex, M|100\/100\n|switch|p2a: Sylveon|Sylveon, M|100\/100\n|\n|upkeep\n|turn|105\n|\n|t:|1699984915\n|switch|p2a: Toxapex|Toxapex, F|100\/100 par\n|switch|p1a: Blissey|Blissey, F|67\/100\n|\n|-heal|p1a: Blissey|73\/100|[from] item: Leftovers\n|upkeep\n|turn|106\n|\n|t:|1699984923\n|switch|p1a: Corviknight|Corviknight, F|100\/100\n|-ability|p1a: Corviknight|Pressure\n|move|p2a: Toxapex|Toxic|p1a: Corviknight\n|-immune|p1a: Corviknight\n|\n|upkeep\n|turn|107\n|\n|t:|1699984933\n|switch|p1a: Toxapex|Toxapex, M|100\/100\n|switch|p2a: Sylveon|Sylveon, M|100\/100\n|\n|upkeep\n|turn|108\n|\n|t:|1699984939\n|switch|p1a: Clefable|Clefable, M|67\/100 tox\n|move|p2a: Sylveon|Hyper Voice|p1a: Clefable\n|-damage|p1a: Clefable|31\/100 tox\n|\n|-heal|p1a: Clefable|37\/100 tox|[from] item: Leftovers\n|upkeep\n|turn|109\n|\n|t:|1699984944\n|switch|p1a: Toxapex|Toxapex, M|100\/100\n|move|p2a: Sylveon|Hyper Voice|p1a: Toxapex\n|-resisted|p1a: Toxapex\n|-damage|p1a: Toxapex|84\/100\n|\n|upkeep\n|turn|110\n|\n|t:|1699984952\n|move|p2a: Sylveon|Wish|p2a: Sylveon\n|move|p1a: Toxapex|Toxic|p2a: Sylveon\n|-status|p2a: Sylveon|tox\n|\n|-damage|p2a: Sylveon|94\/100 tox|[from] psn\n|upkeep\n|turn|111\n|\n|t:|1699984960\n|switch|p2a: Meowscarada|Meowscarada, M|65\/100 tox\n|switch|p1a: Corviknight|Corviknight, F|100\/100\n|-ability|p1a: Corviknight|Pressure\n|\n|-heal|p2a: Meowscarada|100\/100 tox|[from] move: Wish|[wisher] Sylveon\n|-damage|p2a: Meowscarada|94\/100 tox|[from] psn\n|upkeep\n|turn|112\n|\n|t:|1699984964\n|move|p2a: Meowscarada|Knock Off|p1a: Corviknight\n|-start|p2a: Meowscarada|typechange|Dark|[from] ability: Protean\n|-damage|p1a: Corviknight|64\/100\n|-enditem|p1a: Corviknight|Leftovers|[from] move: Knock Off|[of] p2a: Meowscarada\n|move|p1a: Corviknight|Brave Bird|p2a: Meowscarada\n|-damage|p2a: Meowscarada|35\/100 tox\n|-damage|p1a: Corviknight|49\/100|[from] Recoil\n|\n|-damage|p2a: Meowscarada|22\/100 tox|[from] psn\n|upkeep\n|turn|113\n|\n|t:|1699984971\n|switch|p2a: Toxapex|Toxapex, F|100\/100 par\n|move|p1a: Corviknight|Brave Bird|p2a: Toxapex\n|-damage|p2a: Toxapex|77\/100 par\n|-damage|p1a: Corviknight|43\/100|[from] Recoil\n|\n|-heal|p2a: Toxapex|83\/100 par|[from] item: Leftovers\n|upkeep\n|turn|114\n|\n|t:|1699984981\n|move|p1a: Corviknight|Roost|p1a: Corviknight\n|-heal|p1a: Corviknight|93\/100\n|-singleturn|p1a: Corviknight|move: Roost\n|cant|p2a: Toxapex|par\n|\n|-heal|p2a: Toxapex|89\/100 par|[from] item: Leftovers\n|upkeep\n|turn|115\n|\n|t:|1699984988\n|switch|p1a: Clefable|Clefable, M|37\/100 tox\n|move|p2a: Toxapex|Chilling Water|p1a: Clefable\n|-damage|p1a: Clefable|28\/100 tox\n|-unboost|p1a: Clefable|atk|1\n|\n|-heal|p1a: Clefable|34\/100 tox|[from] item: Leftovers\n|-heal|p2a: Toxapex|96\/100 par|[from] item: Leftovers\n|upkeep\n|turn|116\n|\n|t:|1699985004\n|move|p1a: Clefable|Stealth Rock|p2a: Toxapex\n|-sidestart|p2: not_lolu|move: Stealth Rock\n|move|p2a: Toxapex|Haze|p2a: Toxapex\n|-clearallboost\n|\n|-heal|p1a: Clefable|40\/100 tox|[from] item: Leftovers\n|-heal|p2a: Toxapex|100\/100 par|[from] item: Leftovers\n|upkeep\n|turn|117\n|\n|t:|1699985013\n|switch|p2a: Sylveon|Sylveon, M|94\/100 tox\n|-damage|p2a: Sylveon|82\/100 tox|[from] Stealth Rock\n|move|p1a: Clefable|Wish|p1a: Clefable\n|\n|-heal|p2a: Sylveon|88\/100 tox|[from] item: Leftovers\n|-heal|p1a: Clefable|46\/100 tox|[from] item: Leftovers\n|-damage|p2a: Sylveon|82\/100 tox|[from] psn\n|upkeep\n|turn|118\n|\n|t:|1699985026\n|move|p1a: Clefable|Protect|p1a: Clefable\n|-singleturn|p1a: Clefable|Protect\n|move|p2a: Sylveon|Wish|p2a: Sylveon\n|\n|-heal|p1a: Clefable|96\/100 tox|[from] move: Wish|[wisher] Clefable\n|-heal|p1a: Clefable|100\/100 tox|[from] item: Leftovers\n|-heal|p2a: Sylveon|88\/100 tox|[from] item: Leftovers\n|-damage|p2a: Sylveon|76\/100 tox|[from] psn\n|upkeep\n|turn|119\n|\n|t:|1699985036\n|switch|p2a: Meowscarada|Meowscarada, M|22\/100 tox\n|-damage|p2a: Meowscarada|10\/100 tox|[from] Stealth Rock\n|switch|p1a: Toxapex|Toxapex, M|100\/100\n|\n|-heal|p2a: Meowscarada|77\/100 tox|[from] move: Wish|[wisher] Sylveon\n|-damage|p2a: Meowscarada|71\/100 tox|[from] psn\n|upkeep\n|turn|120\n|\n|t:|1699985044\n|switch|p1a: Corviknight|Corviknight, F|93\/100\n|-ability|p1a: Corviknight|Pressure\n|move|p2a: Meowscarada|Flower Trick|p1a: Corviknight\n|-start|p2a: Meowscarada|typechange|Grass|[from] ability: Protean\n|-resisted|p1a: Corviknight\n|-crit|p1a: Corviknight\n|-damage|p1a: Corviknight|82\/100\n|\n|-damage|p2a: Meowscarada|59\/100 tox|[from] psn\n|upkeep\n|turn|121\n|\n|t:|1699985049\n|switch|p2a: Toxapex|Toxapex, F|100\/100 par\n|-damage|p2a: Toxapex|88\/100 par|[from] Stealth Rock\n|move|p1a: Corviknight|Brave Bird|p2a: Toxapex\n|-damage|p2a: Toxapex|67\/100 par\n|-damage|p1a: Corviknight|76\/100|[from] Recoil\n|\n|-heal|p2a: Toxapex|73\/100 par|[from] item: Leftovers\n|upkeep\n|turn|122\n|\n|t:|1699985061\n|switch|p1a: Toxapex|Toxapex, M|100\/100\n|cant|p2a: Toxapex|par\n|\n|-heal|p2a: Toxapex|79\/100 par|[from] item: Leftovers\n|upkeep\n|turn|123\n|\n|t:|1699985075\n|switch|p1a: Corviknight|Corviknight, F|76\/100\n|-ability|p1a: Corviknight|Pressure\n|switch|p2a: Sylveon|Sylveon, M|76\/100 tox\n|-damage|p2a: Sylveon|63\/100 tox|[from] Stealth Rock\n|\n|-heal|p2a: Sylveon|70\/100 tox|[from] item: Leftovers\n|-damage|p2a: Sylveon|63\/100 tox|[from] psn\n|upkeep\n|turn|124\n|\n|t:|1699985080\n|move|p1a: Corviknight|Taunt|p2a: Sylveon\n|-start|p2a: Sylveon|move: Taunt\n|cant|p2a: Sylveon|move: Taunt|Wish\n|\n|-heal|p2a: Sylveon|70\/100 tox|[from] item: Leftovers\n|-damage|p2a: Sylveon|57\/100 tox|[from] psn\n|upkeep\n|turn|125\n|\n|t:|1699985085\n|switch|p2a: Toxapex|Toxapex, F|100\/100 par\n|-damage|p2a: Toxapex|88\/100 par|[from] Stealth Rock\n|move|p1a: Corviknight|Brave Bird|p2a: Toxapex\n|-damage|p2a: Toxapex|66\/100 par\n|-damage|p1a: Corviknight|71\/100|[from] Recoil\n|\n|-heal|p2a: Toxapex|73\/100 par|[from] item: Leftovers\n|upkeep\n|turn|126\n|\n|t:|1699985097\n|switch|p1a: Toxapex|Toxapex, M|100\/100\n|switch|p2a: Sylveon|Sylveon, M|57\/100 tox\n|-damage|p2a: Sylveon|45\/100 tox|[from] Stealth Rock\n|\n|-heal|p2a: Sylveon|51\/100 tox|[from] item: Leftovers\n|-damage|p2a: Sylveon|45\/100 tox|[from] psn\n|upkeep\n|turn|127\n|\n|t:|1699985107\n|move|p2a: Sylveon|Wish|p2a: Sylveon\n|move|p1a: Toxapex|Haze|p1a: Toxapex\n|-clearallboost\n|\n|-heal|p2a: Sylveon|51\/100 tox|[from] item: Leftovers\n|-damage|p2a: Sylveon|39\/100 tox|[from] psn\n|upkeep\n|turn|128\n|\n|t:|1699985117\n|move|p2a: Sylveon|Calm Mind|p2a: Sylveon\n|-boost|p2a: Sylveon|spa|1\n|-boost|p2a: Sylveon|spd|1\n|move|p1a: Toxapex|Chilling Water|p2a: Sylveon\n|-damage|p2a: Sylveon|35\/100 tox\n|-unboost|p2a: Sylveon|atk|1\n|\n|-heal|p2a: Sylveon|85\/100 tox|[from] move: Wish|[wisher] Sylveon\n|-heal|p2a: Sylveon|91\/100 tox|[from] item: Leftovers\n|-damage|p2a: Sylveon|73\/100 tox|[from] psn\n|upkeep\n|turn|129\n|\n|t:|1699985129\n|switch|p2a: Toxapex|Toxapex, F|100\/100 par\n|-damage|p2a: Toxapex|88\/100 par|[from] Stealth Rock\n|move|p1a: Toxapex|Haze|p1a: Toxapex\n|-clearallboost\n|\n|-heal|p2a: Toxapex|94\/100 par|[from] item: Leftovers\n|upkeep\n|turn|130\n|\n|t:|1699985138\n|switch|p1a: Corviknight|Corviknight, F|71\/100\n|-ability|p1a: Corviknight|Pressure\n|switch|p2a: Sylveon|Sylveon, M|73\/100 tox\n|-damage|p2a: Sylveon|60\/100 tox|[from] Stealth Rock\n|\n|-heal|p2a: Sylveon|66\/100 tox|[from] item: Leftovers\n|-damage|p2a: Sylveon|60\/100 tox|[from] psn\n|upkeep\n|turn|131\n|\n|t:|1699985150\n|switch|p2a: Toxapex|Toxapex, F|100\/100 par\n|-damage|p2a: Toxapex|88\/100 par|[from] Stealth Rock\n|move|p1a: Corviknight|Taunt|p2a: Toxapex\n|-start|p2a: Toxapex|move: Taunt\n|\n|-heal|p2a: Toxapex|94\/100 par|[from] item: Leftovers\n|upkeep\n|turn|132\n|\n|t:|1699985158\n|switch|p1a: Toxapex|Toxapex, M|100\/100\n|switch|p2a: Sylveon|Sylveon, M|60\/100 tox\n|-damage|p2a: Sylveon|48\/100 tox|[from] Stealth Rock\n|\n|-heal|p2a: Sylveon|54\/100 tox|[from] item: Leftovers\n|-damage|p2a: Sylveon|48\/100 tox|[from] psn\n|upkeep\n|turn|133\n|\n|t:|1699985168\n|move|p2a: Sylveon|Wish|p2a: Sylveon\n|move|p1a: Toxapex|Chilling Water|p2a: Sylveon\n|-damage|p2a: Sylveon|42\/100 tox\n|-unboost|p2a: Sylveon|atk|1\n|\n|-heal|p2a: Sylveon|48\/100 tox|[from] item: Leftovers\n|-damage|p2a: Sylveon|36\/100 tox|[from] psn\n|upkeep\n|turn|134\n|\n|t:|1699985178\n|move|p2a: Sylveon|Protect|p2a: Sylveon\n|-singleturn|p2a: Sylveon|Protect\n|move|p1a: Toxapex|Chilling Water|p2a: Sylveon\n|-activate|p2a: Sylveon|move: Protect\n|\n|-heal|p2a: Sylveon|86\/100 tox|[from] move: Wish|[wisher] Sylveon\n|-heal|p2a: Sylveon|92\/100 tox|[from] item: Leftovers\n|-damage|p2a: Sylveon|74\/100 tox|[from] psn\n|upkeep\n|turn|135\n|\n|t:|1699985188\n|switch|p1a: Corviknight|Corviknight, F|71\/100\n|-ability|p1a: Corviknight|Pressure\n|move|p2a: Sylveon|Wish|p2a: Sylveon\n|\n|-heal|p2a: Sylveon|80\/100 tox|[from] item: Leftovers\n|-damage|p2a: Sylveon|56\/100 tox|[from] psn\n|upkeep\n|turn|136\n|\n|t:|1699985200\n|switch|p1a: Toxapex|Toxapex, M|100\/100\n|switch|p2a: Toxapex|Toxapex, F|100\/100 par\n|-damage|p2a: Toxapex|88\/100 par|[from] Stealth Rock\n|\n|-heal|p2a: Toxapex|100\/100 par|[from] move: Wish|[wisher] Sylveon\n|upkeep\n|turn|137\n|\n|t:|1699985212\n|switch|p1a: Clefable|Clefable, M|100\/100 tox\n|switch|p2a: Sylveon|Sylveon, M|56\/100 tox\n|-damage|p2a: Sylveon|43\/100 tox|[from] Stealth Rock\n|\n|-heal|p2a: Sylveon|49\/100 tox|[from] item: Leftovers\n|-damage|p2a: Sylveon|43\/100 tox|[from] psn\n|upkeep\n|turn|138\n|\n|t:|1699985218\n|move|p1a: Clefable|Psychic|p2a: Sylveon\n|-damage|p2a: Sylveon|32\/100 tox\n|move|p2a: Sylveon|Wish|p2a: Sylveon\n|\n|-heal|p2a: Sylveon|38\/100 tox|[from] item: Leftovers\n|-damage|p2a: Sylveon|26\/100 tox|[from] psn\n|upkeep\n|turn|139\n|\n|t:|1699985227\n|switch|p1a: Toxapex|Toxapex, M|100\/100\n|move|p2a: Sylveon|Calm Mind|p2a: Sylveon\n|-boost|p2a: Sylveon|spa|1\n|-boost|p2a: Sylveon|spd|1\n|\n|-heal|p2a: Sylveon|76\/100 tox|[from] move: Wish|[wisher] Sylveon\n|-heal|p2a: Sylveon|82\/100 tox|[from] item: Leftovers\n|-damage|p2a: Sylveon|63\/100 tox|[from] psn\n|upkeep\n|turn|140\n|\n|t:|1699985237\n|move|p2a: Sylveon|Wish|p2a: Sylveon\n|move|p1a: Toxapex|Haze|p1a: Toxapex\n|-clearallboost\n|\n|-heal|p2a: Sylveon|70\/100 tox|[from] item: Leftovers\n|-damage|p2a: Sylveon|45\/100 tox|[from] psn\n|upkeep\n|turn|141\n|\n|t:|1699985244\n|switch|p2a: Meowscarada|Meowscarada, M|59\/100 tox\n|-damage|p2a: Meowscarada|47\/100 tox|[from] Stealth Rock\n|switch|p1a: Clefable|Clefable, M|100\/100 tox\n|\n|-heal|p2a: Meowscarada|100\/100 tox|[from] move: Wish|[wisher] Sylveon\n|-damage|p2a: Meowscarada|94\/100 tox|[from] psn\n|upkeep\n|turn|142\n|\n|t:|1699985256\n|move|p1a: Clefable|Protect|p1a: Clefable\n|-singleturn|p1a: Clefable|Protect\n|move|p2a: Meowscarada|Knock Off|p1a: Clefable\n|-start|p2a: Meowscarada|typechange|Dark|[from] ability: Protean\n|-activate|p1a: Clefable|move: Protect\n|\n|-damage|p2a: Meowscarada|82\/100 tox|[from] psn\n|upkeep\n|turn|143\n|\n|t:|1699985263\n|switch|p1a: Toxapex|Toxapex, M|100\/100\n|move|p2a: Meowscarada|Knock Off|p1a: Toxapex\n|-damage|p1a: Toxapex|75\/100\n|\n|-damage|p2a: Meowscarada|64\/100 tox|[from] psn\n|upkeep\n|turn|144\n|\n|t:|1699985270\n|switch|p1a: Corviknight|Corviknight, F|71\/100\n|-ability|p1a: Corviknight|Pressure\n|move|p2a: Meowscarada|Knock Off|p1a: Corviknight\n|-damage|p1a: Corviknight|42\/100\n|\n|-damage|p2a: Meowscarada|39\/100 tox|[from] psn\n|upkeep\n|turn|145\n|\n|t:|1699985275\n|switch|p2a: Toxapex|Toxapex, F|100\/100 par\n|-damage|p2a: Toxapex|88\/100 par|[from] Stealth Rock\n|move|p1a: Corviknight|Roost|p1a: Corviknight\n|-heal|p1a: Corviknight|92\/100\n|-singleturn|p1a: Corviknight|move: Roost\n|\n|-heal|p2a: Toxapex|94\/100 par|[from] item: Leftovers\n|upkeep\n|turn|146\n|-message|not_lolu forfeited.\n|\n|win|poncy3\n|l|\u2606not_lolu\n","uploadtime":1699985293,"views":16,"p1id":"poncy3","p2id":"notlolu","formatid":"gen9ou","rating":0,"private":0,"password":""}