{"id":"gen9ou-1989533459","p1":"Pengasinwetsock","p2":"keggfm","format":"[Gen 9] OU","log":"|j|\u2606Pengasinwetsock\n|j|\u2606keggfm\n|t:|1699867038\n|gametype|singles\n|player|p1|Pengasinwetsock|hala|1238\n|player|p2|keggfm|265|1139\n|teamsize|p1|6\n|teamsize|p2|6\n|gen|9\n|tier|[Gen 9] OU\n|rated|\n|rule|Sleep Clause Mod: Limit one foe put to sleep\n|rule|Species Clause: Limit one of each Pok\u00e9mon\n|rule|OHKO Clause: OHKO moves are banned\n|rule|Evasion Items Clause: Evasion items are banned\n|rule|Evasion Moves Clause: Evasion moves are banned\n|rule|Endless Battle Clause: Forcing endless battles is banned\n|rule|HP Percentage Mod: HP is shown in percentages\n|clearpoke\n|poke|p1|Kommo-o, F|\n|poke|p1|Clefable, M|\n|poke|p1|Corviknight, M|\n|poke|p1|Breloom, F|\n|poke|p1|Weavile, F|\n|poke|p1|Rillaboom, M|\n|poke|p2|Samurott-Hisui, M|\n|poke|p2|Haxorus, M|\n|poke|p2|Great Tusk|\n|poke|p2|Sinistcha|\n|poke|p2|Zapdos|\n|poke|p2|Heatran, M|\n|teampreview\n|\n|t:|1699867048\n|start\n|switch|p1a: Breloom|Breloom, F|100\/100\n|switch|p2a: Heatran|Heatran, M|100\/100\n|-item|p2a: Heatran|Air Balloon\n|turn|1\n|inactive|Battle timer is ON: inactive players will automatically lose when time's up. (requested by keggfm)\n|\n|t:|1699867054\n|move|p1a: Breloom|Spore|p2a: Heatran\n|-status|p2a: Heatran|slp|[from] move: Spore\n|cant|p2a: Heatran|slp\n|\n|-status|p1a: Breloom|tox|[from] item: Toxic Orb\n|upkeep\n|turn|2\n|\n|t:|1699867057\n|switch|p2a: Zapdos|Zapdos|100\/100\n|move|p1a: Breloom|Substitute|p1a: Breloom\n|-start|p1a: Breloom|Substitute\n|-damage|p1a: Breloom|76\/100 tox\n|\n|-heal|p1a: Breloom|88\/100 tox|[from] ability: Poison Heal\n|upkeep\n|turn|3\n|\n|t:|1699867060\n|move|p1a: Breloom|Rock Slide|p2a: Zapdos|[miss]\n|-miss|p1a: Breloom|p2a: Zapdos\n|move|p2a: Zapdos|Hurricane|p1a: Breloom\n|-supereffective|p1a: Breloom\n|-end|p1a: Breloom|Substitute\n|\n|-heal|p1a: Breloom|99\/100 tox|[from] ability: Poison Heal\n|upkeep\n|turn|4\n|\n|t:|1699867070\n|move|p1a: Breloom|Substitute|p1a: Breloom\n|-start|p1a: Breloom|Substitute\n|-damage|p1a: Breloom|75\/100 tox\n|move|p2a: Zapdos|Hurricane|p1a: Breloom\n|-supereffective|p1a: Breloom\n|-crit|p1a: Breloom\n|-end|p1a: Breloom|Substitute\n|\n|-heal|p1a: Breloom|87\/100 tox|[from] ability: Poison Heal\n|upkeep\n|turn|5\n|\n|t:|1699867076\n|move|p1a: Breloom|Substitute|p1a: Breloom\n|-start|p1a: Breloom|Substitute\n|-damage|p1a: Breloom|63\/100 tox\n|move|p2a: Zapdos|Hurricane|p1a: Breloom\n|-supereffective|p1a: Breloom\n|-end|p1a: Breloom|Substitute\n|\n|-heal|p1a: Breloom|75\/100 tox|[from] ability: Poison Heal\n|upkeep\n|turn|6\n|l|\u2606Pengasinwetsock\n|inactive|Pengasinwetsock disconnected and has a minute to reconnect!\n|player|p1|\n|j|\u2606Pengasinwetsock\n|inactive|Pengasinwetsock reconnected and has 125 seconds left.\n|player|p1|Pengasinwetsock|hala\n|inactive|Pengasinwetsock has 120 seconds left.\n|\n|t:|1699867106\n|move|p1a: Breloom|Substitute|p1a: Breloom\n|-start|p1a: Breloom|Substitute\n|-damage|p1a: Breloom|50\/100 tox\n|move|p2a: Zapdos|Hurricane|p1a: Breloom\n|-supereffective|p1a: Breloom\n|-end|p1a: Breloom|Substitute\n|\n|-heal|p1a: Breloom|62\/100 tox|[from] ability: Poison Heal\n|upkeep\n|turn|7\n|inactive|Pengasinwetsock has 120 seconds left.\n|c|\u2606Pengasinwetsock|will mr be missing once today sir\n|\n|t:|1699867119\n|move|p1a: Breloom|Substitute|p1a: Breloom\n|-start|p1a: Breloom|Substitute\n|-damage|p1a: Breloom|37\/100 tox\n|move|p2a: Zapdos|Hurricane|p1a: Breloom|[miss]\n|-miss|p2a: Zapdos|p1a: Breloom\n|\n|-heal|p1a: Breloom|50\/100 tox|[from] ability: Poison Heal\n|upkeep\n|turn|8\n|c|\u2606Pengasinwetsock|aight ty\n|\n|t:|1699867131\n|move|p1a: Breloom|Rock Slide|p2a: Zapdos\n|-supereffective|p2a: Zapdos\n|-damage|p2a: Zapdos|56\/100\n|move|p2a: Zapdos|Hurricane|p1a: Breloom\n|-supereffective|p1a: Breloom\n|-end|p1a: Breloom|Substitute\n|\n|-heal|p1a: Breloom|62\/100 tox|[from] ability: Poison Heal\n|upkeep\n|turn|9\n|inactive|Pengasinwetsock has 120 seconds left.\n|\n|t:|1699867148\n|move|p1a: Breloom|Substitute|p1a: Breloom\n|-start|p1a: Breloom|Substitute\n|-damage|p1a: Breloom|37\/100 tox\n|move|p2a: Zapdos|Hurricane|p1a: Breloom\n|-supereffective|p1a: Breloom\n|-end|p1a: Breloom|Substitute\n|\n|-heal|p1a: Breloom|49\/100 tox|[from] ability: Poison Heal\n|upkeep\n|turn|10\n|\n|t:|1699867153\n|move|p1a: Breloom|Substitute|p1a: Breloom\n|-start|p1a: Breloom|Substitute\n|-damage|p1a: Breloom|24\/100 tox\n|move|p2a: Zapdos|Hurricane|p1a: Breloom\n|-supereffective|p1a: Breloom\n|-end|p1a: Breloom|Substitute\n|\n|-heal|p1a: Breloom|37\/100 tox|[from] ability: Poison Heal\n|upkeep\n|turn|11\n|\n|t:|1699867158\n|move|p1a: Breloom|Substitute|p1a: Breloom\n|-start|p1a: Breloom|Substitute\n|-damage|p1a: Breloom|12\/100 tox\n|move|p2a: Zapdos|Hurricane|p1a: Breloom\n|-supereffective|p1a: Breloom\n|-end|p1a: Breloom|Substitute\n|\n|-heal|p1a: Breloom|24\/100 tox|[from] ability: Poison Heal\n|upkeep\n|turn|12\n|\n|t:|1699867163\n|move|p1a: Breloom|Rock Slide|p2a: Zapdos|[miss]\n|-miss|p1a: Breloom|p2a: Zapdos\n|move|p2a: Zapdos|Hurricane|p1a: Breloom\n|-supereffective|p1a: Breloom\n|-damage|p1a: Breloom|0 fnt\n|faint|p1a: Breloom\n|\n|upkeep\n|-message|Pengasinwetsock forfeited.\n|\n|win|keggfm\n|raw|Pengasinwetsock's rating: 1238 &rarr; <strong>1206<\/strong><br \/>(-32 for losing)\n|raw|keggfm's rating: 1139 &rarr; <strong>1171<\/strong><br \/>(+32 for winning)\n|l|\u2606Pengasinwetsock\n|c|\u2606keggfm|Yep\n","uploadtime":1699867182,"views":20,"p1id":"pengasinwetsock","p2id":"keggfm","formatid":"gen9ou","rating":1171,"private":0,"password":""}