{"id":"gen9ou-1994442345","p1":"Kakarot Ketchum","p2":"xxCOALLAxx","format":"[Gen 9] OU","log":"|j|\u2606Kakarot Ketchum\n|j|\u2606xxCOALLAxx\n|t:|1700444419\n|gametype|singles\n|player|p1|Kakarot Ketchum|harlequin|1223\n|player|p2|xxCOALLAxx|benga|1271\n|teamsize|p1|6\n|teamsize|p2|6\n|gen|9\n|tier|[Gen 9] OU\n|rated|\n|rule|Sleep Clause Mod: Limit one foe put to sleep\n|rule|Species Clause: Limit one of each Pok\u00e9mon\n|rule|OHKO Clause: OHKO moves are banned\n|rule|Evasion Items Clause: Evasion items are banned\n|rule|Evasion Moves Clause: Evasion moves are banned\n|rule|Endless Battle Clause: Forcing endless battles is banned\n|rule|HP Percentage Mod: HP is shown in percentages\n|clearpoke\n|poke|p1|Sneasler, F|\n|poke|p1|Rillaboom, F|\n|poke|p1|Zapdos|\n|poke|p1|Great Tusk|\n|poke|p1|Samurott-Hisui, F|\n|poke|p1|Dragapult, F|\n|poke|p2|Cinderace, F|\n|poke|p2|Enamorus, F|\n|poke|p2|Great Tusk|\n|poke|p2|Kingambit, F|\n|poke|p2|Slowking-Galar, F|\n|poke|p2|Zapdos|\n|teampreview\n|inactive|Battle timer is ON: inactive players will automatically lose when time's up. (requested by xxCOALLAxx)\n|\n|t:|1700444441\n|start\n|switch|p1a: Chief Keef|Rillaboom, F|100\/100\n|switch|p2a: Zapdos|Zapdos|100\/100\n|-fieldstart|move: Grassy Terrain|[from] ability: Grassy Surge|[of] p1a: Chief Keef\n|turn|1\n|\n|t:|1700444453\n|move|p2a: Zapdos|Hurricane|p1a: Chief Keef\n|-supereffective|p1a: Chief Keef\n|-damage|p1a: Chief Keef|34\/100\n|move|p1a: Chief Keef|Knock Off|p2a: Zapdos\n|-damage|p2a: Zapdos|76\/100\n|-status|p1a: Chief Keef|par|[from] ability: Static|[of] p2a: Zapdos\n|-enditem|p2a: Zapdos|Heavy-Duty Boots|[from] move: Knock Off|[of] p1a: Chief Keef\n|\n|-heal|p1a: Chief Keef|40\/100 par|[from] Grassy Terrain\n|upkeep\n|turn|2\n|\n|t:|1700444476\n|switch|p1a: bird2|Zapdos|100\/100\n|move|p2a: Zapdos|Roost|p2a: Zapdos\n|-heal|p2a: Zapdos|100\/100\n|-singleturn|p2a: Zapdos|move: Roost\n|\n|upkeep\n|turn|3\n|\n|t:|1700444485\n|switch|p2a: Slowking|Slowking-Galar, F|100\/100\n|move|p1a: bird2|Volt Switch|p2a: Slowking\n|-damage|p2a: Slowking|80\/100\n|\n|t:|1700444508\n|switch|p1a: dog2|Samurott-Hisui, F|100\/100|[from] Volt Switch\n|\n|-heal|p2a: Slowking|87\/100|[from] Grassy Terrain\n|upkeep\n|turn|4\n|\n|t:|1700444516\n|switch|p2a: Zapdos|Zapdos|100\/100\n|move|p1a: dog2|Ceaseless Edge|p2a: Zapdos\n|-damage|p2a: Zapdos|68\/100\n|-sidestart|p2: xxCOALLAxx|Spikes\n|\n|upkeep\n|turn|5\n|\n|t:|1700444527\n|switch|p1a: bird2|Zapdos|100\/100\n|move|p2a: Zapdos|U-turn|p1a: bird2\n|-resisted|p1a: bird2\n|-damage|p1a: bird2|93\/100\n|\n|t:|1700444532\n|switch|p2a: Great Tusk|Great Tusk|100\/100|[from] U-turn\n|\n|-fieldend|move: Grassy Terrain\n|upkeep\n|turn|6\n|\n|t:|1700444550\n|move|p1a: bird2|Hurricane|p2a: Great Tusk\n|-supereffective|p2a: Great Tusk\n|-damage|p2a: Great Tusk|0 fnt\n|faint|p2a: Great Tusk\n|-end|p2a: Great Tusk|Protosynthesis|[silent]\n|\n|upkeep\n|\n|t:|1700444556\n|switch|p2a: Enamorus|Enamorus, F|100\/100\n|turn|7\n|\n|t:|1700444567\n|move|p2a: Enamorus|Moonblast|p1a: bird2\n|-damage|p1a: bird2|55\/100\n|move|p1a: bird2|Volt Switch|p2a: Enamorus\n|-supereffective|p2a: Enamorus\n|-damage|p2a: Enamorus|0 fnt\n|faint|p2a: Enamorus\n|\n|t:|1700444575\n|switch|p1a: Chief Keef|Rillaboom, F|40\/100 par|[from] Volt Switch\n|-fieldstart|move: Grassy Terrain|[from] ability: Grassy Surge|[of] p1a: Chief Keef\n|\n|-heal|p1a: Chief Keef|46\/100 par|[from] Grassy Terrain\n|upkeep\n|c|\u2606xxCOALLAxx|how are you so fast AND so bulky\n|c|\u2606xxCOALLAxx|wtf\n|c|\u2606Kakarot Ketchum|on the zap?\n|inactive|xxCOALLAxx has 120 seconds left.\n|c|\u2606xxCOALLAxx|yeah figured for sure moon blast would do a hell of a lot more than 38 Max sp atk modest lol\n|\n|t:|1700444621\n|switch|p2a: Cinderace|Cinderace, F|100\/100\n|turn|8\n|c|\u2606xxCOALLAxx|since you outsped my jolly tusk\n|c|\u2606Kakarot Ketchum|301 speed to beat tusk exactly, assault vest with some spd investment lol\n|inactive|Kakarot Ketchum has 120 seconds left.\n|\n|t:|1700444658\n|move|p2a: Cinderace|Pyro Ball|p1a: Chief Keef|[miss]\n|-miss|p2a: Cinderace|p1a: Chief Keef\n|move|p1a: Chief Keef|High Horsepower|p2a: Cinderace\n|-supereffective|p2a: Cinderace\n|-damage|p2a: Cinderace|25\/100\n|\n|-heal|p2a: Cinderace|31\/100|[from] Grassy Terrain\n|-heal|p1a: Chief Keef|52\/100 par|[from] Grassy Terrain\n|upkeep\n|turn|9\n|c|\u2606xxCOALLAxx|AV? Jesus...\n|inactive|Kakarot Ketchum has 120 seconds left.\n|inactive|xxCOALLAxx has 120 seconds left.\n|c|\u2606xxCOALLAxx|that miss is nice\n|\n|t:|1700444672\n|move|p2a: Cinderace|Pyro Ball|p1a: Chief Keef|[miss]\n|-miss|p2a: Cinderace|p1a: Chief Keef\n|move|p1a: Chief Keef|High Horsepower|p2a: Cinderace\n|-supereffective|p2a: Cinderace\n|-damage|p2a: Cinderace|0 fnt\n|faint|p2a: Cinderace\n|\n|-heal|p1a: Chief Keef|58\/100 par|[from] Grassy Terrain\n|upkeep\n|c|\u2606xxCOALLAxx|yup\n|c|\u2606Kakarot Ketchum|no shot lmao\n|inactive|xxCOALLAxx has 120 seconds left.\n|c|\u2606xxCOALLAxx|that's a joke\n|c|\u2606xxCOALLAxx|see ya\n|-message|xxCOALLAxx forfeited.\n|\n|win|Kakarot Ketchum\n|raw|Kakarot Ketchum's rating: 1223 &rarr; <strong>1251<\/strong><br \/>(+28 for winning)\n|raw|xxCOALLAxx's rating: 1271 &rarr; <strong>1243<\/strong><br \/>(-28 for losing)\n|l|\u2606xxCOALLAxx\n","uploadtime":1700444688,"views":10,"p1id":"kakarotketchum","p2id":"xxcoallaxx","formatid":"gen9ou","rating":1243,"private":0,"password":""}