{"id":"gen9ou-1989374803","p1":"YB is BETTER","p2":"Jgdakid","format":"[Gen 9] OU","log":"|j|\u2606YB is BETTER\n|j|\u2606Jgdakid\n|t:|1699842322\n|gametype|singles\n|player|p1|YB is BETTER|burglar|1603\n|player|p2|Jgdakid|169|1539\n|teamsize|p1|6\n|teamsize|p2|6\n|gen|9\n|tier|[Gen 9] OU\n|rated|\n|rule|Sleep Clause Mod: Limit one foe put to sleep\n|rule|Species Clause: Limit one of each Pok\u00e9mon\n|rule|OHKO Clause: OHKO moves are banned\n|rule|Evasion Items Clause: Evasion items are banned\n|rule|Evasion Moves Clause: Evasion moves are banned\n|rule|Endless Battle Clause: Forcing endless battles is banned\n|rule|HP Percentage Mod: HP is shown in percentages\n|clearpoke\n|poke|p1|Kingambit, M|\n|poke|p1|Ogerpon-Wellspring, F|\n|poke|p1|Hoopa-Unbound|\n|poke|p1|Iron Valiant|\n|poke|p1|Arcanine-Hisui, F|\n|poke|p1|Great Tusk|\n|poke|p2|Dragapult, M|\n|poke|p2|Iron Valiant|\n|poke|p2|Cinderace, F|\n|poke|p2|Zoroark-Hisui, F|\n|poke|p2|Kommo-o, F|\n|poke|p2|Kingambit, M|\n|teampreview\n|inactive|Battle timer is ON: inactive players will automatically lose when time's up. (requested by YB is BETTER)\n|inactive|YB is BETTER has 120 seconds left.\n|c|\u2606Jgdakid|Glhf\n|l|\u2606Jgdakid\n|inactive|Jgdakid disconnected and has a minute to reconnect!\n|player|p2|\n|inactive|YB is BETTER has 90 seconds left.\n|j|\u2606Jgdakid\n|inactive|Jgdakid reconnected.\n|player|p2|Jgdakid|169\n|\n|t:|1699842388\n|start\n|switch|p1a: Alisa Bosconovitch|Iron Valiant|100\/100\n|switch|p2a: Dragapult|Dragapult, M|100\/100\n|turn|1\n|\n|t:|1699842405\n|-terastallize|p2a: Dragapult|Poison\n|move|p2a: Dragapult|Sludge Bomb|p1a: Alisa Bosconovitch\n|-supereffective|p1a: Alisa Bosconovitch\n|-enditem|p1a: Alisa Bosconovitch|Focus Sash\n|-damage|p1a: Alisa Bosconovitch|1\/100\n|move|p1a: Alisa Bosconovitch|Thunder Wave|p2a: Dragapult|[miss]\n|-miss|p1a: Alisa Bosconovitch|p2a: Dragapult\n|\n|upkeep\n|turn|2\n|\n|t:|1699842421\n|-end|p1a: Alisa Bosconovitch|Quark Drive|[silent]\n|switch|p1a: Guts \u2694\ufe0f|Kingambit, M|100\/100\n|move|p2a: Dragapult|Sludge Bomb|p1a: Guts \u2694\ufe0f\n|-immune|p1a: Guts \u2694\ufe0f\n|\n|upkeep\n|turn|3\n|\n|t:|1699842429\n|switch|p2a: Kingambit|Kingambit, M|100\/100\n|move|p1a: Guts \u2694\ufe0f|Iron Head|p2a: Kingambit\n|-resisted|p2a: Kingambit\n|-damage|p2a: Kingambit|83\/100\n|\n|upkeep\n|turn|4\n|\n|t:|1699842431\n|move|p1a: Guts \u2694\ufe0f|Low Kick|p2a: Kingambit\n|-supereffective|p2a: Kingambit\n|-damage|p2a: Kingambit|0 fnt\n|faint|p2a: Kingambit\n|-end|p2a: Kingambit|fallenundefined|[silent]\n|\n|upkeep\n|\n|t:|1699842435\n|switch|p2a: Cinderace|Cinderace, F|100\/100\n|turn|5\n|\n|t:|1699842439\n|-end|p1a: Guts \u2694\ufe0f|fallenundefined|[silent]\n|switch|p1a: Tuskuthy the Great|Great Tusk|100\/100\n|move|p2a: Cinderace|Pyro Ball|p1a: Tuskuthy the Great|[miss]\n|-miss|p2a: Cinderace|p1a: Tuskuthy the Great\n|\n|upkeep\n|turn|6\n|\n|t:|1699842446\n|move|p2a: Cinderace|U-turn|p1a: Tuskuthy the Great\n|-start|p2a: Cinderace|typechange|Bug|[from] ability: Libero\n|-resisted|p1a: Tuskuthy the Great\n|-damage|p1a: Tuskuthy the Great|87\/100\n|\n|t:|1699842455\n|switch|p2a: Iron Valiant|Iron Valiant|100\/100|[from] U-turn\n|-enditem|p2a: Iron Valiant|Booster Energy\n|-activate|p2a: Iron Valiant|ability: Quark Drive|[fromitem]\n|-start|p2a: Iron Valiant|quarkdrivespe\n|move|p1a: Tuskuthy the Great|Knock Off|p2a: Iron Valiant\n|-resisted|p2a: Iron Valiant\n|-damage|p2a: Iron Valiant|93\/100\n|\n|upkeep\n|turn|7\n|\n|t:|1699842468\n|-end|p1a: Tuskuthy the Great|Protosynthesis|[silent]\n|switch|p1a: Alisa Bosconovitch|Iron Valiant|1\/100\n|move|p2a: Iron Valiant|Moonblast|p1a: Alisa Bosconovitch\n|-supereffective|p1a: Alisa Bosconovitch\n|-damage|p1a: Alisa Bosconovitch|0 fnt\n|faint|p1a: Alisa Bosconovitch\n|-end|p1a: Alisa Bosconovitch|Quark Drive|[silent]\n|\n|upkeep\n|\n|t:|1699842471\n|switch|p1a: Alpha \ud83d\udc15|Arcanine-Hisui, F|100\/100\n|turn|8\n|\n|t:|1699842475\n|move|p2a: Iron Valiant|Aura Sphere|p1a: Alpha \ud83d\udc15\n|-supereffective|p1a: Alpha \ud83d\udc15\n|-damage|p1a: Alpha \ud83d\udc15|10\/100\n|move|p1a: Alpha \ud83d\udc15|Flare Blitz|p2a: Iron Valiant\n|-damage|p2a: Iron Valiant|14\/100\n|\n|upkeep\n|turn|9\n|\n|t:|1699842480\n|move|p1a: Alpha \ud83d\udc15|Extreme Speed|p2a: Iron Valiant\n|-damage|p2a: Iron Valiant|0 fnt\n|faint|p2a: Iron Valiant\n|-end|p2a: Iron Valiant|Quark Drive|[silent]\n|\n|upkeep\n|\n|t:|1699842483\n|switch|p2a: Dragapult|Dragapult, M, tera:Poison|100\/100\n|turn|10\n|\n|t:|1699842502\n|move|p1a: Alpha \ud83d\udc15|Extreme Speed|p2a: Dragapult\n|-damage|p2a: Dragapult|51\/100\n|replace|p2a: Zoroark|Zoroark-Hisui, F\n|-end|p2a: Zoroark|Illusion\n|move|p2a: Zoroark|Hyper Voice|p1a: Alpha \ud83d\udc15\n|-resisted|p1a: Alpha \ud83d\udc15\n|-crit|p1a: Alpha \ud83d\udc15\n|-damage|p1a: Alpha \ud83d\udc15|0 fnt\n|faint|p1a: Alpha \ud83d\udc15\n|\n|upkeep\n|\n|t:|1699842509\n|switch|p1a: Guts \u2694\ufe0f|Kingambit, M|100\/100\n|-activate|p1a: Guts \u2694\ufe0f|ability: Supreme Overlord\n|-start|p1a: Guts \u2694\ufe0f|fallen2|[silent]\n|turn|11\n|\n|t:|1699842525\n|switch|p2a: Cinderace|Cinderace, F|100\/100\n|move|p1a: Guts \u2694\ufe0f|Low Kick|p2a: Cinderace\n|-damage|p2a: Cinderace|63\/100\n|\n|upkeep\n|turn|12\n|\n|t:|1699842531\n|-end|p1a: Guts \u2694\ufe0f|fallen2|[silent]\n|switch|p1a: Tuskuthy the Great|Great Tusk|87\/100\n|move|p2a: Cinderace|Pyro Ball|p1a: Tuskuthy the Great\n|-damage|p1a: Tuskuthy the Great|47\/100\n|\n|upkeep\n|turn|13\n|\n|t:|1699842538\n|move|p2a: Cinderace|U-turn|p1a: Tuskuthy the Great\n|-start|p2a: Cinderace|typechange|Bug|[from] ability: Libero\n|-resisted|p1a: Tuskuthy the Great\n|-damage|p1a: Tuskuthy the Great|35\/100\n|\n|t:|1699842542\n|switch|p2a: Dragapult|Dragapult, M, tera:Poison|51\/100|[from] U-turn\n|move|p1a: Tuskuthy the Great|Rapid Spin|p2a: Dragapult\n|-damage|p2a: Dragapult|12\/100\n|-boost|p1a: Tuskuthy the Great|spe|1\n|replace|p2a: Zoroark|Zoroark-Hisui, F\n|-end|p2a: Zoroark|Illusion\n|\n|upkeep\n|turn|14\n|\n|t:|1699842552\n|move|p2a: Zoroark|Hyper Voice|p1a: Tuskuthy the Great\n|-damage|p1a: Tuskuthy the Great|0 fnt\n|faint|p1a: Tuskuthy the Great\n|-end|p1a: Tuskuthy the Great|Protosynthesis|[silent]\n|\n|upkeep\n|\n|t:|1699842559\n|switch|p1a: Guts \u2694\ufe0f|Kingambit, M|100\/100\n|-activate|p1a: Guts \u2694\ufe0f|ability: Supreme Overlord\n|-start|p1a: Guts \u2694\ufe0f|fallen3|[silent]\n|turn|15\n|\n|t:|1699842561\n|move|p2a: Zoroark|Hyper Voice|p1a: Guts \u2694\ufe0f\n|-resisted|p1a: Guts \u2694\ufe0f\n|-damage|p1a: Guts \u2694\ufe0f|74\/100\n|move|p1a: Guts \u2694\ufe0f|Iron Head|p2a: Zoroark\n|-damage|p2a: Zoroark|0 fnt\n|faint|p2a: Zoroark\n|\n|-heal|p1a: Guts \u2694\ufe0f|80\/100|[from] item: Leftovers\n|upkeep\n|\n|t:|1699842567\n|switch|p2a: Kommo-o|Kommo-o, F|100\/100\n|turn|16\n|\n|t:|1699842587\n|move|p2a: Kommo-o|Clangorous Soul|p2a: Kommo-o\n|-boost|p2a: Kommo-o|atk|1\n|-boost|p2a: Kommo-o|def|1\n|-boost|p2a: Kommo-o|spa|1\n|-boost|p2a: Kommo-o|spd|1\n|-boost|p2a: Kommo-o|spe|1\n|-damage|p2a: Kommo-o|68\/100\n|-enditem|p2a: Kommo-o|Throat Spray\n|-boost|p2a: Kommo-o|spa|1|[from] item: Throat Spray\n|move|p1a: Guts \u2694\ufe0f|Swords Dance|p1a: Guts \u2694\ufe0f\n|-boost|p1a: Guts \u2694\ufe0f|atk|2\n|\n|-heal|p1a: Guts \u2694\ufe0f|86\/100|[from] item: Leftovers\n|upkeep\n|turn|17\n|\n|t:|1699842591\n|-terastallize|p1a: Guts \u2694\ufe0f|Flying\n|move|p2a: Kommo-o|Aura Sphere|p1a: Guts \u2694\ufe0f\n|-resisted|p1a: Guts \u2694\ufe0f\n|-damage|p1a: Guts \u2694\ufe0f|49\/100\n|move|p1a: Guts \u2694\ufe0f|Low Kick|p2a: Kommo-o\n|-damage|p2a: Kommo-o|15\/100\n|\n|-heal|p1a: Guts \u2694\ufe0f|55\/100|[from] item: Leftovers\n|upkeep\n|turn|18\n|\n|t:|1699842597\n|move|p1a: Guts \u2694\ufe0f|Sucker Punch|p2a: Kommo-o\n|-resisted|p2a: Kommo-o\n|-damage|p2a: Kommo-o|0 fnt\n|faint|p2a: Kommo-o\n|\n|-heal|p1a: Guts \u2694\ufe0f|61\/100|[from] item: Leftovers\n|upkeep\n|\n|t:|1699842599\n|switch|p2a: Cinderace|Cinderace, F|63\/100\n|turn|19\n|\n|t:|1699842621\n|move|p2a: Cinderace|Pyro Ball|p1a: Guts \u2694\ufe0f|[miss]\n|-miss|p2a: Cinderace|p1a: Guts \u2694\ufe0f\n|move|p1a: Guts \u2694\ufe0f|Low Kick|p2a: Cinderace\n|-damage|p2a: Cinderace|0 fnt\n|faint|p2a: Cinderace\n|\n|-heal|p1a: Guts \u2694\ufe0f|68\/100|[from] item: Leftovers\n|upkeep\n|c|\u2606Jgdakid|Bruh\n|\n|t:|1699842633\n|switch|p2a: Dragapult|Dragapult, M|100\/100\n|turn|20\n|c|\u2606YB is BETTER|didnt kill regardless\n|\n|t:|1699842638\n|move|p1a: Guts \u2694\ufe0f|Sucker Punch|p2a: Dragapult\n|-supereffective|p2a: Dragapult\n|-damage|p2a: Dragapult|0 fnt\n|faint|p2a: Dragapult\n|\n|win|YB is BETTER\n|raw|YB is BETTER's rating: 1624 &rarr; <strong>1639<\/strong><br \/>(+15 for winning)\n|raw|Jgdakid's rating: 1539 &rarr; <strong>1524<\/strong><br \/>(-15 for losing)\n|c|\u2606Jgdakid|Gg\n|c|\u2606YB is BETTER|gg\n","uploadtime":1699842658,"views":16,"p1id":"ybisbetter","p2id":"jgdakid","formatid":"gen9ou","rating":1524,"private":0,"password":""}