{"id":"gen9ou-1999690029","p1":"agente_m7","p2":"toobionest","format":"[Gen 9] OU","log":"|j|\u2606agente_m7\n|j|\u2606toobionest\n|t:|1701108093\n|gametype|singles\n|player|p1|agente_m7|ninjaboy|1067\n|player|p2|toobionest|2|1000\n|teamsize|p1|6\n|teamsize|p2|6\n|gen|9\n|tier|[Gen 9] OU\n|rated|\n|rule|Sleep Clause Mod: Limit one foe put to sleep\n|rule|Species Clause: Limit one of each Pok\u00e9mon\n|rule|OHKO Clause: OHKO moves are banned\n|rule|Evasion Items Clause: Evasion items are banned\n|rule|Evasion Moves Clause: Evasion moves are banned\n|rule|Endless Battle Clause: Forcing endless battles is banned\n|rule|HP Percentage Mod: HP is shown in percentages\n|clearpoke\n|poke|p1|Zamazenta-*|\n|poke|p1|Cinderace, F|\n|poke|p1|Clodsire, M|\n|poke|p1|Zapdos|\n|poke|p1|Great Tusk|\n|poke|p1|Alomomola, M|\n|poke|p2|Alomomola, F|\n|poke|p2|Blissey, F|\n|poke|p2|Ceruledge, M|\n|poke|p2|Cinderace, F|\n|poke|p2|Clefable, F|\n|poke|p2|Corviknight, F|\n|teampreview\n|inactive|Battle timer is ON: inactive players will automatically lose when time's up. (requested by agente_m7)\n|\n|t:|1701108109\n|start\n|switch|p1a: Great Tusk|Great Tusk|100\/100\n|switch|p2a: Ceruledge|Ceruledge, M|100\/100\n|-enditem|p1a: Great Tusk|Booster Energy\n|-activate|p1a: Great Tusk|ability: Protosynthesis|[fromitem]\n|-start|p1a: Great Tusk|protosynthesisatk\n|turn|1\n|\n|t:|1701108120\n|move|p1a: Great Tusk|Knock Off|p2a: Ceruledge\n|-supereffective|p2a: Ceruledge\n|-damage|p2a: Ceruledge|0 fnt\n|-enditem|p2a: Ceruledge|Weakness Policy|[from] move: Knock Off|[of] p1a: Great Tusk\n|faint|p2a: Ceruledge\n|\n|upkeep\n|\n|t:|1701108125\n|switch|p2a: Corviknight|Corviknight, F|100\/100\n|turn|2\n|\n|t:|1701108145\n|move|p1a: Great Tusk|Knock Off|p2a: Corviknight\n|-damage|p2a: Corviknight|75\/100\n|-enditem|p2a: Corviknight|Leftovers|[from] move: Knock Off|[of] p1a: Great Tusk\n|move|p2a: Corviknight|Tailwind|p2a: Corviknight\n|-sidestart|p2: toobionest|move: Tailwind\n|\n|upkeep\n|turn|3\n|\n|t:|1701108160\n|switch|p2a: Alomomola|Alomomola, F|100\/100\n|move|p1a: Great Tusk|Close Combat|p2a: Alomomola\n|-damage|p2a: Alomomola|56\/100\n|-unboost|p1a: Great Tusk|def|1\n|-unboost|p1a: Great Tusk|spd|1\n|\n|-heal|p2a: Alomomola|63\/100|[from] item: Leftovers\n|upkeep\n|turn|4\n|\n|t:|1701108168\n|move|p2a: Alomomola|Wish|p2a: Alomomola\n|move|p1a: Great Tusk|Knock Off|p2a: Alomomola\n|-damage|p2a: Alomomola|39\/100\n|-enditem|p2a: Alomomola|Leftovers|[from] move: Knock Off|[of] p1a: Great Tusk\n|\n|upkeep\n|turn|5\n|\n|t:|1701108178\n|move|p2a: Alomomola|Scald|p1a: Great Tusk\n|-supereffective|p1a: Great Tusk\n|-crit|p1a: Great Tusk\n|-damage|p1a: Great Tusk|20\/100\n|move|p1a: Great Tusk|Stealth Rock|p2a: Alomomola\n|-sidestart|p2: toobionest|move: Stealth Rock\n|\n|-heal|p2a: Alomomola|89\/100|[from] move: Wish|[wisher] Alomomola\n|-sideend|p2: toobionest|move: Tailwind\n|upkeep\n|turn|6\n|\n|t:|1701108186\n|move|p1a: Great Tusk|Close Combat|p2a: Alomomola\n|-damage|p2a: Alomomola|45\/100\n|-unboost|p1a: Great Tusk|def|1\n|-unboost|p1a: Great Tusk|spd|1\n|move|p2a: Alomomola|Flip Turn|p1a: Great Tusk\n|-supereffective|p1a: Great Tusk\n|-damage|p1a: Great Tusk|0 fnt\n|faint|p1a: Great Tusk\n|-end|p1a: Great Tusk|Protosynthesis|[silent]\n|\n|t:|1701108198\n|switch|p2a: Clefable|Clefable, F|100\/100|[from] Flip Turn\n|\n|upkeep\n|\n|t:|1701108204\n|switch|p1a: Zapdos|Zapdos|100\/100\n|turn|7\n|\n|t:|1701108210\n|move|p1a: Zapdos|Thunderbolt|p2a: Clefable\n|-damage|p2a: Clefable|65\/100\n|move|p2a: Clefable|Knock Off|p1a: Zapdos\n|-damage|p1a: Zapdos|84\/100\n|-enditem|p1a: Zapdos|Heavy-Duty Boots|[from] move: Knock Off|[of] p2a: Clefable\n|\n|-heal|p2a: Clefable|71\/100|[from] item: Leftovers\n|upkeep\n|turn|8\n|\n|t:|1701108219\n|move|p1a: Zapdos|Thunderbolt|p2a: Clefable\n|-damage|p2a: Clefable|35\/100\n|move|p2a: Clefable|Moonlight|p2a: Clefable\n|-heal|p2a: Clefable|85\/100\n|\n|-heal|p2a: Clefable|91\/100|[from] item: Leftovers\n|upkeep\n|turn|9\n|\n|t:|1701108231\n|-terastallize|p2a: Clefable|Fairy\n|move|p1a: Zapdos|Hurricane|p2a: Clefable|[miss]\n|-miss|p1a: Zapdos|p2a: Clefable\n|move|p2a: Clefable|Moonblast|p1a: Zapdos\n|-damage|p1a: Zapdos|40\/100\n|\n|-heal|p2a: Clefable|97\/100|[from] item: Leftovers\n|upkeep\n|turn|10\n|\n|t:|1701108240\n|move|p1a: Zapdos|Roost|p1a: Zapdos\n|-heal|p1a: Zapdos|90\/100\n|-singleturn|p1a: Zapdos|move: Roost\n|move|p2a: Clefable|Moonblast|p1a: Zapdos\n|-damage|p1a: Zapdos|47\/100\n|\n|-heal|p2a: Clefable|100\/100|[from] item: Leftovers\n|upkeep\n|turn|11\n|\n|t:|1701108246\n|move|p1a: Zapdos|Roost|p1a: Zapdos\n|-heal|p1a: Zapdos|98\/100\n|-singleturn|p1a: Zapdos|move: Roost\n|move|p2a: Clefable|Moonblast|p1a: Zapdos\n|-damage|p1a: Zapdos|56\/100\n|\n|upkeep\n|turn|12\n|\n|t:|1701108250\n|switch|p1a: Clodsire|Clodsire, M|100\/100\n|move|p2a: Clefable|Moonblast|p1a: Clodsire\n|-resisted|p1a: Clodsire\n|-crit|p1a: Clodsire\n|-damage|p1a: Clodsire|82\/100\n|\n|-heal|p1a: Clodsire|89\/100|[from] item: Leftovers\n|upkeep\n|turn|13\n|\n|t:|1701108259\n|move|p2a: Clefable|Knock Off|p1a: Clodsire\n|-damage|p1a: Clodsire|69\/100\n|-enditem|p1a: Clodsire|Leftovers|[from] move: Knock Off|[of] p2a: Clefable\n|move|p1a: Clodsire|Spikes|p2a: Clefable\n|-sidestart|p2: toobionest|Spikes\n|\n|upkeep\n|turn|14\n|\n|t:|1701108266\n|switch|p2a: Cinderace|Cinderace, F|100\/100\n|-damage|p2a: Cinderace|76\/100|[from] Stealth Rock\n|-damage|p2a: Cinderace|63\/100|[from] Spikes\n|move|p1a: Clodsire|Spikes|p2a: Cinderace\n|-sidestart|p2: toobionest|Spikes\n|\n|upkeep\n|turn|15\n|\n|t:|1701108272\n|move|p2a: Cinderace|Court Change|p2a: Cinderace\n|-start|p2a: Cinderace|typechange|Normal|[from] ability: Libero\n|-swapsideconditions\n|-activate|p2a: Cinderace|move: Court Change\n|move|p1a: Clodsire|Earthquake|p2a: Cinderace\n|-damage|p2a: Cinderace|24\/100\n|\n|upkeep\n|turn|16\n|\n|t:|1701108280\n|move|p2a: Cinderace|Pyro Ball|p1a: Clodsire\n|-crit|p1a: Clodsire\n|-damage|p1a: Clodsire|0 fnt\n|faint|p1a: Clodsire\n|\n|upkeep\n|\n|t:|1701108287\n|switch|p1a: Cinderace|Cinderace, F|100\/100\n|-damage|p1a: Cinderace|76\/100|[from] Stealth Rock\n|-damage|p1a: Cinderace|59\/100|[from] Spikes\n|turn|17\n|\n|t:|1701108294\n|switch|p2a: Clefable|Clefable, F, tera:Fairy|100\/100\n|move|p1a: Cinderace|Endure||[still]\n|-fail|p1a: Cinderace\n|\n|upkeep\n|turn|18\n|\n|t:|1701108301\n|move|p1a: Cinderace|Endure|p1a: Cinderace\n|-start|p1a: Cinderace|typechange|Normal|[from] ability: Libero\n|-singleturn|p1a: Cinderace|move: Endure\n|move|p2a: Clefable|Thunder Wave|p1a: Cinderace\n|-status|p1a: Cinderace|par\n|\n|upkeep\n|turn|19\n|-message|agente_m7 forfeited.\n|\n|win|toobionest\n|raw|agente_m7's rating: 1067 &rarr; <strong>1043<\/strong><br \/>(-24 for losing)\n|raw|toobionest's rating: 1000 &rarr; <strong>1048<\/strong><br \/>(+48 for winning)\n|l|\u2606agente_m7\n","uploadtime":1701108314,"views":13,"p1id":"agentem7","p2id":"toobionest","formatid":"gen9ou","rating":1043,"private":0,"password":""}