{"id":"gen9ou-1997946509","p1":"ArchenWarrior","p2":"HEAVY-DUTY B0OTY","format":"[Gen 9] OU","log":"|j|\u2606ArchenWarrior\n|j|\u2606HEAVY-DUTY B0OTY\n|inactive|Battle timer is ON: inactive players will automatically lose when time's up.\n|t:|1700870714\n|gametype|singles\n|player|p1|ArchenWarrior|proton|\n|player|p2|HEAVY-DUTY B0OTY|swimmerf-gen6|\n|teamsize|p1|5\n|teamsize|p2|5\n|gen|9\n|tier|[Gen 9] OU\n|rated|Tournament battle\n|rule|Sleep Clause Mod: Limit one foe put to sleep\n|rule|Species Clause: Limit one of each Pok\u00e9mon\n|rule|OHKO Clause: OHKO moves are banned\n|rule|Evasion Items Clause: Evasion items are banned\n|rule|Evasion Moves Clause: Evasion moves are banned\n|rule|Endless Battle Clause: Forcing endless battles is banned\n|rule|HP Percentage Mod: HP is shown in percentages\n|clearpoke\n|poke|p1|Vigoroth, M|\n|poke|p1|Tyranitar, M|\n|poke|p1|Luxray, F|\n|poke|p1|Pelipper, F|\n|poke|p1|Golduck, F|\n|poke|p2|Flaaffy, F|\n|poke|p2|Mienshao, M|\n|poke|p2|Salamence, F|\n|poke|p2|Bellibolt, F|\n|poke|p2|Sinistcha|\n|teampreview\n|j|*Lady Monita \u2746\n|c|\u2606HEAVY-DUTY B0OTY|hf\n|j| HunterBear4\n|c|\u2606ArchenWarrior|hf\n|j| E4Everyone\n|inactive|ArchenWarrior has 120 seconds left.\n|\n|t:|1700870757\n|start\n|switch|p1a: Pelipper|Pelipper, F|100\/100\n|switch|p2a: Flaaffy|Flaaffy, F|100\/100\n|-weather|RainDance|[from] ability: Drizzle|[of] p1a: Pelipper\n|turn|1\n|\n|t:|1700870764\n|switch|p1a: Tyranitar|Tyranitar, M|100\/100\n|-weather|Sandstorm|[from] ability: Sand Stream|[of] p1a: Tyranitar\n|move|p2a: Flaaffy|Discharge|p1a: Tyranitar\n|-damage|p1a: Tyranitar|87\/100\n|-status|p1a: Tyranitar|par\n|\n|-weather|Sandstorm|[upkeep]\n|-damage|p2a: Flaaffy|94\/100|[from] Sandstorm\n|-heal|p1a: Tyranitar|93\/100 par|[from] item: Leftovers\n|upkeep\n|turn|2\n|\n|t:|1700870772\n|move|p2a: Flaaffy|Reflect|p2a: Flaaffy\n|-sidestart|p2: HEAVY-DUTY B0OTY|Reflect\n|move|p1a: Tyranitar|Stealth Rock|p2a: Flaaffy\n|-sidestart|p2: HEAVY-DUTY B0OTY|move: Stealth Rock\n|\n|-weather|Sandstorm|[upkeep]\n|-damage|p2a: Flaaffy|88\/100|[from] Sandstorm\n|-heal|p1a: Tyranitar|99\/100 par|[from] item: Leftovers\n|upkeep\n|turn|3\n|\n|t:|1700870779\n|switch|p2a: Mienshao|Mienshao, M, shiny|100\/100\n|-damage|p2a: Mienshao|95\/100|[from] Stealth Rock\n|move|p1a: Tyranitar|Knock Off|p2a: Mienshao\n|-resisted|p2a: Mienshao\n|-damage|p2a: Mienshao|69\/100\n|-enditem|p2a: Mienshao|Life Orb|[from] move: Knock Off|[of] p1a: Tyranitar\n|\n|-weather|Sandstorm|[upkeep]\n|-damage|p2a: Mienshao|63\/100|[from] Sandstorm\n|-heal|p1a: Tyranitar|100\/100 par|[from] item: Leftovers\n|upkeep\n|turn|4\n|\n|t:|1700870787\n|switch|p1a: Pelipper|Pelipper, F|100\/100\n|-weather|RainDance|[from] ability: Drizzle|[of] p1a: Pelipper\n|move|p2a: Mienshao|Swords Dance|p2a: Mienshao\n|-boost|p2a: Mienshao|atk|2\n|\n|-weather|RainDance|[upkeep]\n|upkeep\n|turn|5\n|inactive|HEAVY-DUTY B0OTY has 120 seconds left.\n|\n|t:|1700870835\n|-terastallize|p2a: Mienshao|Steel\n|move|p2a: Mienshao|Knock Off|p1a: Pelipper\n|-damage|p1a: Pelipper|50\/100\n|-enditem|p1a: Pelipper|Damp Rock|[from] move: Knock Off|[of] p2a: Mienshao\n|move|p1a: Pelipper|Hurricane|p2a: Mienshao\n|-resisted|p2a: Mienshao\n|-damage|p2a: Mienshao|28\/100\n|\n|-weather|RainDance|[upkeep]\n|upkeep\n|turn|6\n|inactive|ArchenWarrior has 120 seconds left.\n|\n|t:|1700870864\n|move|p2a: Mienshao|Ice Spinner|p1a: Pelipper\n|-damage|p1a: Pelipper|10\/100\n|move|p1a: Pelipper|Surf|p2a: Mienshao\n|-damage|p2a: Mienshao|0 fnt\n|faint|p2a: Mienshao\n|\n|-weather|RainDance|[upkeep]\n|-sideend|p2: HEAVY-DUTY B0OTY|Reflect\n|upkeep\n|\n|t:|1700870876\n|switch|p2a: Sinistcha|Sinistcha|100\/100\n|-damage|p2a: Sinistcha|88\/100|[from] Stealth Rock\n|turn|7\n|\n|t:|1700870885\n|switch|p2a: Bellibolt|Bellibolt, F|100\/100\n|-damage|p2a: Bellibolt|88\/100|[from] Stealth Rock\n|switch|p1a: Tyranitar|Tyranitar, M|100\/100 par\n|-weather|Sandstorm|[from] ability: Sand Stream|[of] p1a: Tyranitar\n|\n|-weather|Sandstorm|[upkeep]\n|-damage|p2a: Bellibolt|82\/100|[from] Sandstorm\n|-heal|p2a: Bellibolt|88\/100|[from] item: Leftovers\n|upkeep\n|turn|8\n|inactive|HEAVY-DUTY B0OTY has 120 seconds left.\n|\n|t:|1700870894\n|switch|p2a: Flaaffy|Flaaffy, F|88\/100\n|-damage|p2a: Flaaffy|76\/100|[from] Stealth Rock\n|move|p1a: Tyranitar|Knock Off|p2a: Flaaffy\n|-damage|p2a: Flaaffy|23\/100\n|-enditem|p2a: Flaaffy|Eviolite|[from] move: Knock Off|[of] p1a: Tyranitar\n|\n|-weather|Sandstorm|[upkeep]\n|-damage|p2a: Flaaffy|17\/100|[from] Sandstorm\n|upkeep\n|turn|9\n|\n|t:|1700870909\n|move|p2a: Flaaffy|Light Screen|p2a: Flaaffy\n|-sidestart|p2: HEAVY-DUTY B0OTY|move: Light Screen\n|move|p1a: Tyranitar|Knock Off|p2a: Flaaffy\n|-damage|p2a: Flaaffy|0 fnt\n|faint|p2a: Flaaffy\n|\n|-weather|Sandstorm|[upkeep]\n|upkeep\n|\n|t:|1700870918\n|switch|p2a: Sinistcha|Sinistcha|88\/100\n|-damage|p2a: Sinistcha|76\/100|[from] Stealth Rock\n|turn|10\n|\n|t:|1700870928\n|move|p2a: Sinistcha|Strength Sap|p1a: Tyranitar\n|-unboost|p1a: Tyranitar|atk|1\n|-heal|p2a: Sinistcha|100\/100\n|move|p1a: Tyranitar|Knock Off|p2a: Sinistcha\n|-supereffective|p2a: Sinistcha\n|-damage|p2a: Sinistcha|39\/100\n|-enditem|p2a: Sinistcha|Leftovers|[from] move: Knock Off|[of] p1a: Tyranitar\n|\n|-weather|Sandstorm|[upkeep]\n|-damage|p2a: Sinistcha|33\/100|[from] Sandstorm\n|upkeep\n|turn|11\n|\n|t:|1700870935\n|move|p2a: Sinistcha|Strength Sap|p1a: Tyranitar\n|-unboost|p1a: Tyranitar|atk|1\n|-heal|p2a: Sinistcha|100\/100\n|cant|p1a: Tyranitar|par\n|\n|-weather|none\n|upkeep\n|turn|12\n|\n|t:|1700870950\n|switch|p1a: Luxray|Luxray, F|100\/100\n|move|p2a: Sinistcha|Calm Mind|p2a: Sinistcha\n|-boost|p2a: Sinistcha|spa|1\n|-boost|p2a: Sinistcha|spd|1\n|\n|-status|p1a: Luxray|brn|[from] item: Flame Orb\n|upkeep\n|turn|13\n|\n|t:|1700870957\n|move|p1a: Luxray|Crunch|p2a: Sinistcha\n|-supereffective|p2a: Sinistcha\n|-damage|p2a: Sinistcha|37\/100\n|move|p2a: Sinistcha|Strength Sap|p1a: Luxray\n|-unboost|p1a: Luxray|atk|1\n|-heal|p2a: Sinistcha|100\/100\n|\n|-damage|p1a: Luxray|95\/100 brn|[from] brn\n|-sideend|p2: HEAVY-DUTY B0OTY|move: Light Screen\n|upkeep\n|turn|14\n|\n|t:|1700870964\n|move|p1a: Luxray|Crunch|p2a: Sinistcha\n|-supereffective|p2a: Sinistcha\n|-damage|p2a: Sinistcha|55\/100\n|move|p2a: Sinistcha|Matcha Gotcha|p1a: Luxray\n|-crit|p1a: Luxray\n|-damage|p1a: Luxray|1\/100 brn\n|-heal|p2a: Sinistcha|96\/100|[from] drain|[of] p1a: Luxray\n|\n|-damage|p1a: Luxray|0 fnt|[from] brn\n|faint|p1a: Luxray\n|upkeep\n|inactive|ArchenWarrior has 120 seconds left.\n|\n|t:|1700871008\n|switch|p1a: Tyranitar|Tyranitar, M|100\/100 par\n|-weather|Sandstorm|[from] ability: Sand Stream|[of] p1a: Tyranitar\n|turn|15\n|\n|t:|1700871020\n|move|p2a: Sinistcha|Strength Sap|p1a: Tyranitar\n|-unboost|p1a: Tyranitar|atk|1\n|-heal|p2a: Sinistcha|100\/100\n|move|p1a: Tyranitar|Thunder Wave|p2a: Sinistcha\n|-status|p2a: Sinistcha|par\n|\n|-weather|Sandstorm|[upkeep]\n|-damage|p2a: Sinistcha|94\/100 par|[from] Sandstorm\n|upkeep\n|turn|16\n|\n|t:|1700871029\n|cant|p2a: Sinistcha|par\n|cant|p1a: Tyranitar|par\n|\n|-weather|Sandstorm|[upkeep]\n|-damage|p2a: Sinistcha|88\/100 par|[from] Sandstorm\n|upkeep\n|turn|17\n|\n|t:|1700871033\n|cant|p2a: Sinistcha|par\n|move|p1a: Tyranitar|Knock Off|p2a: Sinistcha\n|-supereffective|p2a: Sinistcha\n|-damage|p2a: Sinistcha|48\/100 par\n|\n|-weather|Sandstorm|[upkeep]\n|-damage|p2a: Sinistcha|42\/100 par|[from] Sandstorm\n|upkeep\n|turn|18\n|\n|t:|1700871036\n|move|p2a: Sinistcha|Matcha Gotcha|p1a: Tyranitar\n|-supereffective|p1a: Tyranitar\n|-damage|p1a: Tyranitar|42\/100 par\n|-heal|p2a: Sinistcha|76\/100 par|[from] drain|[of] p1a: Tyranitar\n|move|p1a: Tyranitar|Knock Off|p2a: Sinistcha\n|-supereffective|p2a: Sinistcha\n|-damage|p2a: Sinistcha|35\/100 par\n|\n|-weather|Sandstorm|[upkeep]\n|-damage|p2a: Sinistcha|29\/100 par|[from] Sandstorm\n|-heal|p1a: Tyranitar|48\/100 par|[from] item: Leftovers\n|upkeep\n|turn|19\n|\n|t:|1700871042\n|move|p2a: Sinistcha|Strength Sap|p1a: Tyranitar\n|-unboost|p1a: Tyranitar|atk|1\n|-heal|p2a: Sinistcha|100\/100 par\n|cant|p1a: Tyranitar|par\n|\n|-weather|none\n|-heal|p1a: Tyranitar|54\/100 par|[from] item: Leftovers\n|upkeep\n|turn|20\n|inactive|ArchenWarrior has 120 seconds left.\n|\n|t:|1700871090\n|cant|p2a: Sinistcha|par\n|move|p1a: Tyranitar|Knock Off|p2a: Sinistcha\n|-supereffective|p2a: Sinistcha\n|-damage|p2a: Sinistcha|71\/100 par\n|\n|-heal|p1a: Tyranitar|61\/100 par|[from] item: Leftovers\n|upkeep\n|turn|21\n|\n|t:|1700871105\n|move|p2a: Sinistcha|Calm Mind|p2a: Sinistcha\n|-boost|p2a: Sinistcha|spa|1\n|-boost|p2a: Sinistcha|spd|1\n|move|p1a: Tyranitar|Knock Off|p2a: Sinistcha\n|-supereffective|p2a: Sinistcha\n|-damage|p2a: Sinistcha|40\/100 par\n|\n|-heal|p1a: Tyranitar|67\/100 par|[from] item: Leftovers\n|upkeep\n|turn|22\n|\n|t:|1700871119\n|switch|p1a: Pelipper|Pelipper, F|10\/100\n|-weather|RainDance|[from] ability: Drizzle|[of] p1a: Pelipper\n|move|p2a: Sinistcha|Matcha Gotcha|p1a: Pelipper|[miss]\n|-miss|p2a: Sinistcha|p1a: Pelipper\n|\n|-weather|RainDance|[upkeep]\n|upkeep\n|turn|23\n|\n|t:|1700871124\n|move|p1a: Pelipper|Hurricane|p2a: Sinistcha\n|-supereffective|p2a: Sinistcha\n|-damage|p2a: Sinistcha|0 fnt\n|faint|p2a: Sinistcha\n|\n|-weather|RainDance|[upkeep]\n|upkeep\n|\n|t:|1700871128\n|switch|p2a: Salamence|Salamence, F|100\/100\n|-damage|p2a: Salamence|76\/100|[from] Stealth Rock\n|turn|24\n|c|\u2606HEAVY-DUTY B0OTY|that para\n|\n|t:|1700871146\n|switch|p1a: Golduck|Golduck, F|100\/100\n|move|p2a: Salamence|Dragon Claw|p1a: Golduck\n|-damage|p1a: Golduck|32\/100\n|\n|-weather|RainDance|[upkeep]\n|upkeep\n|turn|25\n|\n|t:|1700871155\n|switch|p2a: Bellibolt|Bellibolt, F|88\/100\n|-damage|p2a: Bellibolt|76\/100|[from] Stealth Rock\n|move|p1a: Golduck|Ice Beam|p2a: Bellibolt\n|-damage|p2a: Bellibolt|51\/100\n|-start|p2a: Bellibolt|Charge|Ice Beam|[from] ability: Electromorphosis\n|\n|-weather|RainDance|[upkeep]\n|-heal|p2a: Bellibolt|57\/100|[from] item: Leftovers\n|upkeep\n|turn|26\n|\n|t:|1700871172\n|-terastallize|p1a: Golduck|Water\n|move|p1a: Golduck|Surf|p2a: Bellibolt\n|-damage|p2a: Bellibolt|0 fnt\n|faint|p2a: Bellibolt\n|\n|-weather|none\n|upkeep\n|\n|t:|1700871175\n|switch|p2a: Salamence|Salamence, F|76\/100\n|-damage|p2a: Salamence|51\/100|[from] Stealth Rock\n|turn|27\n|\n|t:|1700871181\n|switch|p1a: Pelipper|Pelipper, F|10\/100\n|-weather|RainDance|[from] ability: Drizzle|[of] p1a: Pelipper\n|move|p2a: Salamence|Dragon Claw|p1a: Pelipper\n|-damage|p1a: Pelipper|0 fnt\n|faint|p1a: Pelipper\n|-ability|p2a: Salamence|Moxie|boost\n|-boost|p2a: Salamence|atk|1\n|\n|-weather|RainDance|[upkeep]\n|upkeep\n|\n|t:|1700871184\n|switch|p1a: Golduck|Golduck, F, tera:Water|32\/100\n|turn|28\n|-message|HEAVY-DUTY B0OTY forfeited.\n|\n|win|ArchenWarrior\n|n|\u2606ArchenWarrior|archenwarrior\n|n|\u2606HEAVY-DUTY B0OTY|heavydutyb0oty\n|n|*Lady Monita \u2746|ladymonita\n|n| HunterBear4|hunterbear4\n|n| E4Everyone|e4everyone\n","uploadtime":1700871190,"views":1,"p1id":"archenwarrior","p2id":"heavydutyb0oty","formatid":"gen9ou","rating":0,"private":0,"password":""}