{"id":"gen9ou-1988706019","p1":"Silly_Acadia","p2":"Lucky_BoiWill","format":"[Gen 9] OU","log":"|j|\u2606Silly_Acadia\n|j|\u2606Lucky_BoiWill\n|t:|1699752963\n|gametype|singles\n|player|p1|Silly_Acadia|skierf|1091\n|player|p2|Lucky_BoiWill|170|1053\n|teamsize|p1|6\n|teamsize|p2|6\n|gen|9\n|tier|[Gen 9] OU\n|rated|\n|rule|Sleep Clause Mod: Limit one foe put to sleep\n|rule|Species Clause: Limit one of each Pok\u00e9mon\n|rule|OHKO Clause: OHKO moves are banned\n|rule|Evasion Items Clause: Evasion items are banned\n|rule|Evasion Moves Clause: Evasion moves are banned\n|rule|Endless Battle Clause: Forcing endless battles is banned\n|rule|HP Percentage Mod: HP is shown in percentages\n|clearpoke\n|poke|p1|Alomomola, F|\n|poke|p1|Slowking-Galar, F|\n|poke|p1|Kingambit, F|\n|poke|p1|Great Tusk|\n|poke|p1|Cinderace, F|\n|poke|p1|Thundurus-Therian, M|\n|poke|p2|Lurantis, M|\n|poke|p2|Enamorus, F|\n|poke|p2|Pawmot, F|\n|poke|p2|Alomomola, F|\n|poke|p2|Iron Valiant|\n|poke|p2|Kingambit, M|\n|teampreview\n|c|\u2606Silly_Acadia|gl hf\n|inactive|Battle timer is ON: inactive players will automatically lose when time's up. (requested by Lucky_BoiWill)\n|\n|t:|1699752984\n|start\n|switch|p1a: Cinderace|Cinderace, F|100\/100\n|switch|p2a: Enamorus|Enamorus, F|100\/100\n|turn|1\n|\n|t:|1699752993\n|move|p1a: Cinderace|U-turn|p2a: Enamorus\n|-start|p1a: Cinderace|typechange|Bug|[from] ability: Libero\n|-resisted|p2a: Enamorus\n|-damage|p2a: Enamorus|87\/100\n|\n|t:|1699753007\n|switch|p1a: Great Tusk|Great Tusk|100\/100|[from] U-turn\n|move|p2a: Enamorus|Superpower|p1a: Great Tusk\n|-damage|p1a: Great Tusk|74\/100\n|-boost|p2a: Enamorus|atk|1\n|-boost|p2a: Enamorus|def|1\n|-damage|p2a: Enamorus|70\/100|[from] item: Rocky Helmet|[of] p1a: Great Tusk\n|\n|upkeep\n|turn|2\n|\n|t:|1699753025\n|move|p2a: Enamorus|Play Rough|p1a: Great Tusk\n|-supereffective|p1a: Great Tusk\n|-damage|p1a: Great Tusk|0 fnt\n|-damage|p2a: Enamorus|53\/100|[from] item: Rocky Helmet|[of] p1a: Great Tusk\n|faint|p1a: Great Tusk\n|-end|p1a: Great Tusk|Protosynthesis|[silent]\n|\n|upkeep\n|c|\u2606Lucky_BoiWill|boop\n|\n|t:|1699753039\n|switch|p1a: Thundurus|Thundurus-Therian, M|100\/100\n|turn|3\n|\n|t:|1699753044\n|-terastallize|p2a: Enamorus|Dragon\n|move|p2a: Enamorus|Outrage|p1a: Thundurus\n|-damage|p1a: Thundurus|0 fnt\n|faint|p1a: Thundurus\n|\n|upkeep\n|c|\u2606Lucky_BoiWill|hehe\n|\n|t:|1699753050\n|switch|p1a: Kingambit|Kingambit, F|100\/100\n|-activate|p1a: Kingambit|ability: Supreme Overlord\n|-start|p1a: Kingambit|fallen2|[silent]\n|turn|4\n|\n|t:|1699753055\n|move|p1a: Kingambit|Sucker Punch|p2a: Enamorus\n|-damage|p2a: Enamorus|0 fnt\n|faint|p2a: Enamorus\n|\n|upkeep\n|c|\u2606Lucky_BoiWill|heyy\n|\n|t:|1699753068\n|switch|p2a: Iron Valiant|Iron Valiant|100\/100\n|-enditem|p2a: Iron Valiant|Booster Energy\n|-activate|p2a: Iron Valiant|ability: Quark Drive|[fromitem]\n|-start|p2a: Iron Valiant|quarkdrivespe\n|turn|5\n|\n|t:|1699753082\n|-end|p1a: Kingambit|fallen2|[silent]\n|switch|p1a: Slowking|Slowking-Galar, F|100\/100\n|move|p2a: Iron Valiant|Encore||[still]\n|-fail|p2a: Iron Valiant\n|\n|upkeep\n|turn|6\n|\n|t:|1699753093\n|move|p2a: Iron Valiant|Swords Dance|p2a: Iron Valiant\n|-boost|p2a: Iron Valiant|atk|2\n|move|p1a: Slowking|Sludge Bomb|p2a: Iron Valiant\n|-supereffective|p2a: Iron Valiant\n|-damage|p2a: Iron Valiant|0 fnt\n|faint|p2a: Iron Valiant\n|-end|p2a: Iron Valiant|Quark Drive|[silent]\n|\n|upkeep\n|\n|t:|1699753118\n|switch|p2a: Pawmot|Pawmot, F|100\/100\n|turn|7\n|\n|t:|1699753125\n|move|p2a: Pawmot|Fake Out|p1a: Slowking\n|-damage|p1a: Slowking|89\/100\n|cant|p1a: Slowking|flinch\n|\n|upkeep\n|turn|8\n|\n|t:|1699753133\n|move|p2a: Pawmot|Double Shock|p1a: Slowking\n|-damage|p1a: Slowking|44\/100\n|-start|p2a: Pawmot|typechange|???\/Fighting|[from] move: Double Shock\n|move|p1a: Slowking|Sludge Bomb|p2a: Pawmot\n|-damage|p2a: Pawmot|53\/100\n|\n|upkeep\n|turn|9\n|\n|t:|1699753144\n|move|p2a: Pawmot|Revival Blessing|p2a: Pawmot\n|\n|t:|1699753151\n|-heal|p2: Iron Valiant|50\/100|[from] move: Revival Blessing\n|move|p1a: Slowking|Chilly Reception|p1a: Slowking\n|-weather|Snow\n|\n|t:|1699753161\n|switch|p1a: Slimey surfer|Alomomola, F, shiny|100\/100|[from] Chilly Reception\n|\n|-weather|Snow|[upkeep]\n|upkeep\n|turn|10\n|\n|t:|1699753174\n|move|p2a: Pawmot|Mach Punch|p1a: Slimey surfer\n|-damage|p1a: Slimey surfer|89\/100\n|-enditem|p1a: Slimey surfer|Red Card|[of] p2a: Pawmot\n|drag|p2a: Lurantis|Lurantis, M, shiny|100\/100\n|move|p1a: Slimey surfer|Scald|p2a: Lurantis\n|-resisted|p2a: Lurantis\n|-damage|p2a: Lurantis|93\/100\n|-status|p2a: Lurantis|brn\n|\n|-weather|Snow|[upkeep]\n|-damage|p2a: Lurantis|87\/100 brn|[from] brn\n|upkeep\n|turn|11\n|\n|t:|1699753199\n|move|p2a: Lurantis|Ingrain|p2a: Lurantis\n|-start|p2a: Lurantis|move: Ingrain\n|move|p1a: Slimey surfer|Acrobatics|p2a: Lurantis\n|-supereffective|p2a: Lurantis\n|-damage|p2a: Lurantis|45\/100 brn\n|-enditem|p2a: Lurantis|Sitrus Berry|[eat]\n|-heal|p2a: Lurantis|70\/100 brn|[from] item: Sitrus Berry\n|\n|-weather|Snow|[upkeep]\n|-heal|p2a: Lurantis|76\/100 brn|[from] Ingrain\n|-damage|p2a: Lurantis|70\/100 brn|[from] brn\n|upkeep\n|turn|12\n|\n|t:|1699753211\n|-terastallize|p1a: Slimey surfer|Flying\n|move|p2a: Lurantis|Superpower|p1a: Slimey surfer\n|-resisted|p1a: Slimey surfer\n|-damage|p1a: Slimey surfer|83\/100\n|-boost|p2a: Lurantis|atk|1\n|-boost|p2a: Lurantis|def|1\n|move|p1a: Slimey surfer|Acrobatics|p2a: Lurantis\n|-supereffective|p2a: Lurantis\n|-damage|p2a: Lurantis|29\/100 brn\n|\n|-weather|Snow|[upkeep]\n|-heal|p2a: Lurantis|35\/100 brn|[from] Ingrain\n|-damage|p2a: Lurantis|29\/100 brn|[from] brn\n|upkeep\n|turn|13\n|\n|t:|1699753223\n|move|p2a: Lurantis|Superpower|p1a: Slimey surfer\n|-resisted|p1a: Slimey surfer\n|-damage|p1a: Slimey surfer|73\/100\n|-boost|p2a: Lurantis|atk|1\n|-boost|p2a: Lurantis|def|1\n|move|p1a: Slimey surfer|Acrobatics|p2a: Lurantis\n|-supereffective|p2a: Lurantis\n|-damage|p2a: Lurantis|0 fnt\n|faint|p2a: Lurantis\n|\n|-weather|none\n|upkeep\n|\n|t:|1699753231\n|switch|p2a: Alomomola|Alomomola, F|100\/100\n|turn|14\n|\n|t:|1699753244\n|move|p2a: Alomomola|Acrobatics|p1a: Slimey surfer\n|-damage|p1a: Slimey surfer|68\/100\n|move|p1a: Slimey surfer|Scald|p2a: Alomomola\n|-resisted|p2a: Alomomola\n|-damage|p2a: Alomomola|95\/100\n|-status|p2a: Alomomola|brn\n|\n|-damage|p2a: Alomomola|89\/100 brn|[from] brn\n|upkeep\n|turn|15\n|\n|t:|1699753256\n|move|p2a: Alomomola|Flip Turn|p1a: Slimey surfer\n|-damage|p1a: Slimey surfer|62\/100\n|\n|t:|1699753263\n|switch|p2a: Pawmot|Pawmot, F|53\/100|[from] Flip Turn\n|move|p1a: Slimey surfer|Flip Turn|p2a: Pawmot\n|-damage|p2a: Pawmot|31\/100\n|\n|t:|1699753281\n|switch|p1a: Kingambit|Kingambit, F|100\/100|[from] Flip Turn\n|-activate|p1a: Kingambit|ability: Supreme Overlord\n|-start|p1a: Kingambit|fallen2|[silent]\n|\n|upkeep\n|turn|16\n|\n|t:|1699753287\n|move|p2a: Pawmot|Mach Punch|p1a: Kingambit\n|-supereffective|p1a: Kingambit\n|-damage|p1a: Kingambit|49\/100\n|move|p1a: Kingambit|Sucker Punch||[still]\n|-fail|p1a: Kingambit\n|\n|-heal|p1a: Kingambit|55\/100|[from] item: Leftovers\n|upkeep\n|turn|17\n|\n|t:|1699753295\n|move|p2a: Pawmot|Mach Punch|p1a: Kingambit\n|-supereffective|p1a: Kingambit\n|-damage|p1a: Kingambit|0 fnt\n|faint|p1a: Kingambit\n|-end|p1a: Kingambit|fallen2|[silent]\n|\n|upkeep\n|\n|t:|1699753307\n|switch|p1a: Cinderace|Cinderace, F|100\/100\n|turn|18\n|\n|t:|1699753311\n|move|p1a: Cinderace|Pyro Ball|p2a: Pawmot\n|-damage|p2a: Pawmot|0 fnt\n|faint|p2a: Pawmot\n|\n|upkeep\n|\n|t:|1699753314\n|switch|p2a: Alomomola|Alomomola, F|100\/100 brn\n|turn|19\n|\n|t:|1699753320\n|move|p2a: Alomomola|Aqua Jet|p1a: Cinderace\n|-supereffective|p1a: Cinderace\n|-damage|p1a: Cinderace|84\/100\n|move|p1a: Cinderace|U-turn|p2a: Alomomola\n|-start|p1a: Cinderace|typechange|Bug|[from] ability: Libero\n|-damage|p2a: Alomomola|74\/100 brn\n|\n|t:|1699753330\n|switch|p1a: Slowking|Slowking-Galar, F|77\/100|[from] U-turn\n|\n|-damage|p2a: Alomomola|68\/100 brn|[from] brn\n|upkeep\n|turn|20\n|\n|t:|1699753336\n|move|p2a: Alomomola|Wish|p2a: Alomomola\n|move|p1a: Slowking|Ice Beam|p2a: Alomomola\n|-resisted|p2a: Alomomola\n|-damage|p2a: Alomomola|60\/100 brn\n|\n|-damage|p2a: Alomomola|54\/100 brn|[from] brn\n|upkeep\n|turn|21\n|\n|t:|1699753352\n|move|p2a: Alomomola|Flip Turn|p1a: Slowking\n|-damage|p1a: Slowking|68\/100\n|inactive|Lucky_BoiWill has 120 seconds left.\n|\n|t:|1699753381\n|switch|p2a: Iron Valiant|Iron Valiant|50\/100|[from] Flip Turn\n|move|p1a: Slowking|Sludge Bomb|p2a: Iron Valiant\n|-supereffective|p2a: Iron Valiant\n|-damage|p2a: Iron Valiant|0 fnt\n|faint|p2a: Iron Valiant\n|-end|p2a: Iron Valiant|Quark Drive|[silent]\n|\n|upkeep\n|\n|t:|1699753392\n|switch|p2a: Alomomola|Alomomola, F|87\/100 brn\n|turn|22\n|\n|t:|1699753408\n|move|p2a: Alomomola|Aqua Jet|p1a: Slowking\n|-damage|p1a: Slowking|62\/100\n|move|p1a: Slowking|Ice Beam|p2a: Alomomola\n|-resisted|p2a: Alomomola\n|-damage|p2a: Alomomola|78\/100 brn\n|\n|-damage|p2a: Alomomola|72\/100 brn|[from] brn\n|upkeep\n|turn|23\n|inactive|Lucky_BoiWill has 120 seconds left.\n|\n|t:|1699753445\n|move|p2a: Alomomola|Aqua Jet|p1a: Slowking\n|-damage|p1a: Slowking|56\/100\n|move|p1a: Slowking|Chilly Reception|p1a: Slowking\n|-weather|Snow\n|\n|t:|1699753454\n|switch|p1a: Slimey surfer|Alomomola, F, shiny, tera:Flying|96\/100|[from] Chilly Reception\n|\n|-weather|Snow|[upkeep]\n|-damage|p2a: Alomomola|66\/100 brn|[from] brn\n|upkeep\n|turn|24\n|\n|t:|1699753470\n|move|p2a: Alomomola|Aqua Jet|p1a: Slimey surfer\n|-damage|p1a: Slimey surfer|92\/100\n|move|p1a: Slimey surfer|Flip Turn|p2a: Alomomola\n|-resisted|p2a: Alomomola\n|-damage|p2a: Alomomola|60\/100 brn\n|c|\u2606Lucky_BoiWill|im sorry, but this is going to take a long time\n|\n|t:|1699753483\n|switch|p1a: Slowking|Slowking-Galar, F|90\/100|[from] Flip Turn\n|\n|-weather|Snow|[upkeep]\n|-damage|p2a: Alomomola|54\/100 brn|[from] brn\n|upkeep\n|turn|25\n|\n|t:|1699753492\n|move|p2a: Alomomola|Acrobatics|p1a: Slowking\n|-damage|p1a: Slowking|84\/100\n|move|p1a: Slowking|Sludge Bomb|p2a: Alomomola\n|-damage|p2a: Alomomola|28\/100 brn\n|-enditem|p2a: Alomomola|Sitrus Berry|[eat]\n|-heal|p2a: Alomomola|53\/100 brn|[from] item: Sitrus Berry\n|\n|-weather|Snow|[upkeep]\n|-damage|p2a: Alomomola|47\/100 brn|[from] brn\n|upkeep\n|turn|26\n|inactive|Lucky_BoiWill has 120 seconds left.\n|\n|t:|1699753503\n|move|p2a: Alomomola|Wish|p2a: Alomomola\n|move|p1a: Slowking|Chilly Reception|p1a: Slowking\n|\n|t:|1699753512\n|switch|p1a: Slimey surfer|Alomomola, F, shiny, tera:Flying|100\/100|[from] Chilly Reception\n|\n|-weather|Snow|[upkeep]\n|-damage|p2a: Alomomola|41\/100 brn|[from] brn\n|upkeep\n|turn|27\n|\n|t:|1699753520\n|move|p2a: Alomomola|Acrobatics|p1a: Slimey surfer\n|-damage|p1a: Slimey surfer|94\/100\n|move|p1a: Slimey surfer|Scald|p2a: Alomomola\n|-resisted|p2a: Alomomola\n|-damage|p2a: Alomomola|36\/100 brn\n|\n|-weather|none\n|-heal|p2a: Alomomola|86\/100 brn|[from] move: Wish|[wisher] Alomomola\n|-damage|p2a: Alomomola|80\/100 brn|[from] brn\n|upkeep\n|turn|28\n|\n|t:|1699753541\n|move|p2a: Alomomola|Wish|p2a: Alomomola\n|move|p1a: Slimey surfer|Acrobatics|p2a: Alomomola\n|-damage|p2a: Alomomola|58\/100 brn\n|\n|-damage|p2a: Alomomola|52\/100 brn|[from] brn\n|upkeep\n|turn|29\n|\n|t:|1699753548\n|move|p2a: Alomomola|Acrobatics|p1a: Slimey surfer\n|-damage|p1a: Slimey surfer|88\/100\n|move|p1a: Slimey surfer|Scald|p2a: Alomomola\n|-resisted|p2a: Alomomola\n|-damage|p2a: Alomomola|47\/100 brn\n|\n|-heal|p2a: Alomomola|97\/100 brn|[from] move: Wish|[wisher] Alomomola\n|-damage|p2a: Alomomola|91\/100 brn|[from] brn\n|upkeep\n|turn|30\n|\n|t:|1699753552\n|move|p2a: Alomomola|Wish|p2a: Alomomola\n|move|p1a: Slimey surfer|Scald|p2a: Alomomola\n|-resisted|p2a: Alomomola\n|-damage|p2a: Alomomola|86\/100 brn\n|\n|-damage|p2a: Alomomola|80\/100 brn|[from] brn\n|upkeep\n|turn|31\n|c|\u2606Silly_Acadia|I keep thinking ur gonna flip turn into kingambit\n|c|\u2606Lucky_BoiWill|nope\n|\n|t:|1699753574\n|move|p2a: Alomomola|Acrobatics|p1a: Slimey surfer\n|-damage|p1a: Slimey surfer|82\/100\n|move|p1a: Slimey surfer|Flip Turn|p2a: Alomomola\n|-resisted|p2a: Alomomola\n|-damage|p2a: Alomomola|73\/100 brn\n|c|\u2606Lucky_BoiWill|i dont plan on it\n|\n|t:|1699753580\n|switch|p1a: Slowking|Slowking-Galar, F|100\/100|[from] Flip Turn\n|\n|-heal|p2a: Alomomola|100\/100 brn|[from] move: Wish|[wisher] Alomomola\n|-damage|p2a: Alomomola|94\/100 brn|[from] brn\n|upkeep\n|turn|32\n|\n|t:|1699753586\n|move|p2a: Alomomola|Acrobatics|p1a: Slowking\n|-damage|p1a: Slowking|90\/100\n|move|p1a: Slowking|Sludge Bomb|p2a: Alomomola\n|-damage|p2a: Alomomola|68\/100 brn\n|\n|-damage|p2a: Alomomola|62\/100 brn|[from] brn\n|upkeep\n|turn|33\n|c|\u2606Lucky_BoiWill|im jut gunna try to stall with this tupid fucking fish\n|\n|t:|1699753602\n|move|p2a: Alomomola|Wish|p2a: Alomomola\n|move|p1a: Slowking|Sludge Bomb|p2a: Alomomola\n|-damage|p2a: Alomomola|39\/100 brn\n|\n|-damage|p2a: Alomomola|33\/100 brn|[from] brn\n|upkeep\n|turn|34\n|\n|t:|1699753608\n|move|p2a: Alomomola|Acrobatics|p1a: Slowking\n|-damage|p1a: Slowking|80\/100\n|move|p1a: Slowking|Sludge Bomb|p2a: Alomomola\n|-damage|p2a: Alomomola|9\/100 brn\n|\n|-heal|p2a: Alomomola|59\/100 brn|[from] move: Wish|[wisher] Alomomola\n|-damage|p2a: Alomomola|53\/100 brn|[from] brn\n|upkeep\n|turn|35\n|\n|t:|1699753616\n|move|p2a: Alomomola|Wish|p2a: Alomomola\n|move|p1a: Slowking|Sludge Bomb|p2a: Alomomola\n|-damage|p2a: Alomomola|31\/100 brn\n|\n|-damage|p2a: Alomomola|25\/100 brn|[from] brn\n|upkeep\n|turn|36\n|\n|t:|1699753622\n|move|p2a: Alomomola|Acrobatics|p1a: Slowking\n|-damage|p1a: Slowking|70\/100\n|move|p1a: Slowking|Sludge Bomb|p2a: Alomomola\n|-damage|p2a: Alomomola|0 fnt\n|faint|p2a: Alomomola\n|\n|upkeep\n|c|\u2606Lucky_BoiWill|thank you\n|\n|t:|1699753631\n|switch|p2a: Kingambit|Kingambit, M|100\/100\n|-activate|p2a: Kingambit|ability: Supreme Overlord\n|-start|p2a: Kingambit|fallen5|[silent]\n|turn|37\n|c|\u2606Lucky_BoiWill|this is a LOT easier for me now\n|c|\u2606Lucky_BoiWill|and you\n|c|\u2606Lucky_BoiWill|because it will end sooner\n|\n|t:|1699753653\n|move|p2a: Kingambit|Retaliate|p1a: Slowking\n|-damage|p1a: Slowking|0 fnt\n|faint|p1a: Slowking\n|-damage|p2a: Kingambit|91\/100|[from] item: Life Orb\n|\n|upkeep\n|\n|t:|1699753660\n|switch|p1a: Cinderace|Cinderace, F|84\/100\n|turn|38\n|\n|t:|1699753669\n|move|p2a: Kingambit|Sucker Punch|p1a: Cinderace\n|-damage|p1a: Cinderace|0 fnt\n|faint|p1a: Cinderace\n|-damage|p2a: Kingambit|81\/100|[from] item: Life Orb\n|\n|upkeep\n|c|\u2606Silly_Acadia|gg\n|\n|t:|1699753674\n|switch|p1a: Slimey surfer|Alomomola, F, shiny, tera:Flying|100\/100\n|turn|39\n|c|\u2606Lucky_BoiWill|life orb kingambit go brrr\n|\n|t:|1699753678\n|move|p2a: Kingambit|Sucker Punch|p1a: Slimey surfer\n|-damage|p1a: Slimey surfer|51\/100\n|-damage|p2a: Kingambit|71\/100|[from] item: Life Orb\n|move|p1a: Slimey surfer|Acrobatics|p2a: Kingambit\n|-resisted|p2a: Kingambit\n|-damage|p2a: Kingambit|60\/100\n|\n|upkeep\n|turn|40\n|\n|t:|1699753692\n|move|p2a: Kingambit|Sucker Punch||[still]\n|-fail|p2a: Kingambit\n|move|p1a: Slimey surfer|Wish|p1a: Slimey surfer\n|\n|upkeep\n|turn|41\n|\n|t:|1699753702\n|move|p2a: Kingambit|Sucker Punch||[still]\n|-fail|p2a: Kingambit\n|move|p1a: Slimey surfer|Wish||[still]\n|-fail|p1a: Slimey surfer\n|\n|-heal|p1a: Slimey surfer|100\/100|[from] move: Wish|[wisher] Slimey surfer\n|upkeep\n|turn|42\n|c|\u2606Lucky_BoiWill|;-;\n|\n|t:|1699753714\n|move|p2a: Kingambit|Brick Break|p1a: Slimey surfer\n|-resisted|p1a: Slimey surfer\n|-damage|p1a: Slimey surfer|85\/100\n|-damage|p2a: Kingambit|50\/100|[from] item: Life Orb\n|move|p1a: Slimey surfer|Scald|p2a: Kingambit\n|-damage|p2a: Kingambit|38\/100\n|\n|upkeep\n|turn|43\n|\n|t:|1699753728\n|move|p2a: Kingambit|Brick Break|p1a: Slimey surfer\n|-resisted|p1a: Slimey surfer\n|-damage|p1a: Slimey surfer|68\/100\n|-damage|p2a: Kingambit|28\/100|[from] item: Life Orb\n|move|p1a: Slimey surfer|Wish|p1a: Slimey surfer\n|\n|upkeep\n|turn|44\n|c|\u2606Silly_Acadia|No way\n|\n|t:|1699753737\n|move|p2a: Kingambit|Sucker Punch|p1a: Slimey surfer\n|-damage|p1a: Slimey surfer|17\/100\n|-damage|p2a: Kingambit|18\/100|[from] item: Life Orb\n|move|p1a: Slimey surfer|Scald|p2a: Kingambit\n|-damage|p2a: Kingambit|4\/100\n|\n|-heal|p1a: Slimey surfer|67\/100|[from] move: Wish|[wisher] Slimey surfer\n|upkeep\n|turn|45\n|\n|t:|1699753751\n|move|p2a: Kingambit|Sucker Punch|p1a: Slimey surfer\n|-damage|p1a: Slimey surfer|17\/100\n|-damage|p2a: Kingambit|0 fnt|[from] item: Life Orb\n|faint|p2a: Kingambit\n|-end|p2a: Kingambit|fallen5|[silent]\n|\n|win|Silly_Acadia\n|raw|Silly_Acadia's rating: 1091 &rarr; <strong>1114<\/strong><br \/>(+23 for winning)\n|raw|Lucky_BoiWill's rating: 1053 &rarr; <strong>1037<\/strong><br \/>(-16 for losing)\n|c|\u2606Lucky_BoiWill|ruh roh\n|c|\u2606Lucky_BoiWill|welp\n|c|\u2606Lucky_BoiWill|gg\n|c|\u2606Silly_Acadia|I AM GOD\n|c|\u2606Silly_Acadia|GG\n|c|\u2606Lucky_BoiWill|that was embrarassisng\n|l|\u2606Lucky_BoiWill\n|c|\u2606Silly_Acadia|Best come back ive ever made\n|c|\u2606Silly_Acadia|im downloading this\n","uploadtime":1699753803,"views":66,"p1id":"sillyacadia","p2id":"luckyboiwill","formatid":"gen9ou","rating":1037,"private":0,"password":""}