{"id":"gen9ou-1989055051","p1":"MicrowaveHeart","p2":"mathismathin","format":"[Gen 9] OU","log":"|j|\u2606MicrowaveHeart\n|j|\u2606mathismathin\n|t:|1699807178\n|gametype|singles\n|player|p1|MicrowaveHeart|hilda|1543\n|player|p2|mathismathin|nate|1708\n|teamsize|p1|6\n|teamsize|p2|6\n|gen|9\n|tier|[Gen 9] OU\n|rated|\n|rule|Sleep Clause Mod: Limit one foe put to sleep\n|rule|Species Clause: Limit one of each Pok\u00e9mon\n|rule|OHKO Clause: OHKO moves are banned\n|rule|Evasion Items Clause: Evasion items are banned\n|rule|Evasion Moves Clause: Evasion moves are banned\n|rule|Endless Battle Clause: Forcing endless battles is banned\n|rule|HP Percentage Mod: HP is shown in percentages\n|clearpoke\n|poke|p1|Kleavor, M|\n|poke|p1|Iron Moth|\n|poke|p1|Weezing-Galar, M|\n|poke|p1|Ogerpon-Wellspring, F|\n|poke|p1|Landorus-Therian, M|\n|poke|p1|Gholdengo|\n|poke|p2|Iron Hands|\n|poke|p2|Kingambit, M|\n|poke|p2|Amoonguss, F|\n|poke|p2|Garchomp, F|\n|poke|p2|Dragapult, F|\n|poke|p2|Cinderace, F|\n|teampreview\n|\n|t:|1699807214\n|start\n|switch|p1a: Kleavor|Kleavor, M, shiny|100\/100\n|switch|p2a: Garchomp|Garchomp, F|100\/100\n|turn|1\n|\n|t:|1699807237\n|switch|p1a: Landorus|Landorus-Therian, M|100\/100\n|-ability|p1a: Landorus|Intimidate|boost\n|-unboost|p2a: Garchomp|atk|1\n|move|p2a: Garchomp|Earthquake|p1a: Landorus\n|-immune|p1a: Landorus\n|\n|upkeep\n|turn|2\n|\n|t:|1699807260\n|move|p2a: Garchomp|Stealth Rock|p1a: Landorus\n|-sidestart|p1: MicrowaveHeart|move: Stealth Rock\n|move|p1a: Landorus|Earthquake|p2a: Garchomp\n|-damage|p2a: Garchomp|60\/100\n|\n|upkeep\n|turn|3\n|\n|t:|1699807270\n|switch|p2a: Amoonguss|Amoonguss, F|100\/100\n|move|p1a: Landorus|Earthquake|p2a: Amoonguss\n|-damage|p2a: Amoonguss|56\/100\n|-enditem|p2a: Amoonguss|Red Card|[of] p1a: Landorus\n|drag|p1a: Weezing|Weezing-Galar, M|100\/100\n|-ability|p1a: Weezing|Neutralizing Gas\n|-damage|p1a: Weezing|88\/100|[from] Stealth Rock\n|\n|-heal|p1a: Weezing|94\/100|[from] item: Leftovers\n|upkeep\n|turn|4\n|\n|t:|1699807283\n|move|p1a: Weezing|Defog|p2a: Amoonguss\n|-unboost|p2a: Amoonguss|evasion|1\n|-sideend|p1: MicrowaveHeart|Stealth Rock|[from] move: Defog|[of] p1a: Weezing\n|move|p2a: Amoonguss|Spore|p1a: Weezing\n|-status|p1a: Weezing|slp|[from] move: Spore\n|\n|-heal|p1a: Weezing|99\/100 slp|[from] item: Leftovers\n|upkeep\n|turn|5\n|\n|t:|1699807311\n|switch|p2a: Dragapult|Dragapult, F|100\/100\n|cant|p1a: Weezing|slp\n|\n|-heal|p1a: Weezing|100\/100 slp|[from] item: Leftovers\n|upkeep\n|turn|6\n|\n|t:|1699807319\n|move|p2a: Dragapult|Shadow Ball|p1a: Weezing\n|-damage|p1a: Weezing|33\/100 slp\n|cant|p1a: Weezing|slp\n|\n|-heal|p1a: Weezing|39\/100 slp|[from] item: Leftovers\n|upkeep\n|turn|7\n|\n|t:|1699807326\n|move|p2a: Dragapult|Shadow Ball|p1a: Weezing\n|-damage|p1a: Weezing|0 fnt\n|faint|p1a: Weezing\n|-end|p1a: Weezing|ability: Neutralizing Gas\n|\n|upkeep\n|\n|t:|1699807345\n|switch|p1a: Kleavor|Kleavor, M, shiny|100\/100\n|turn|8\n|\n|t:|1699807374\n|switch|p2a: Garchomp|Garchomp, F|60\/100\n|move|p1a: Kleavor|Stone Axe|p2a: Garchomp\n|-resisted|p2a: Garchomp\n|-damage|p2a: Garchomp|39\/100\n|-damage|p1a: Kleavor|88\/100|[from] ability: Rough Skin|[of] p2a: Garchomp\n|-damage|p1a: Kleavor|72\/100|[from] item: Rocky Helmet|[of] p2a: Garchomp\n|-sidestart|p2: mathismathin|move: Stealth Rock\n|\n|upkeep\n|turn|9\n|\n|t:|1699807384\n|switch|p1a: Landorus|Landorus-Therian, M|100\/100\n|-ability|p1a: Landorus|Intimidate|boost\n|-unboost|p2a: Garchomp|atk|1\n|move|p2a: Garchomp|Stealth Rock|p1a: Landorus\n|-sidestart|p1: MicrowaveHeart|move: Stealth Rock\n|\n|upkeep\n|turn|10\n|\n|t:|1699807391\n|move|p2a: Garchomp|Spikes|p1a: Landorus\n|-sidestart|p1: MicrowaveHeart|Spikes\n|move|p1a: Landorus|Earthquake|p2a: Garchomp\n|-damage|p2a: Garchomp|3\/100\n|\n|upkeep\n|turn|11\n|\n|t:|1699807396\n|move|p2a: Garchomp|Spikes|p1a: Landorus\n|-sidestart|p1: MicrowaveHeart|Spikes\n|move|p1a: Landorus|Earthquake|p2a: Garchomp\n|-damage|p2a: Garchomp|0 fnt\n|faint|p2a: Garchomp\n|\n|upkeep\n|\n|t:|1699807401\n|switch|p2a: Dragapult|Dragapult, F|100\/100\n|-damage|p2a: Dragapult|88\/100|[from] Stealth Rock\n|turn|12\n|\n|t:|1699807406\n|move|p2a: Dragapult|Shadow Ball|p1a: Landorus\n|-damage|p1a: Landorus|65\/100\n|-unboost|p1a: Landorus|spd|1\n|move|p1a: Landorus|Earthquake|p2a: Dragapult\n|-damage|p2a: Dragapult|24\/100\n|\n|upkeep\n|turn|13\n|\n|t:|1699807414\n|move|p2a: Dragapult|Shadow Ball|p1a: Landorus\n|-damage|p1a: Landorus|16\/100\n|move|p1a: Landorus|Earthquake|p2a: Dragapult\n|-damage|p2a: Dragapult|0 fnt\n|faint|p2a: Dragapult\n|\n|upkeep\n|\n|t:|1699807419\n|switch|p2a: Cinderace|Cinderace, F|100\/100\n|turn|14\n|\n|t:|1699807424\n|move|p2a: Cinderace|Pyro Ball|p1a: Landorus\n|-damage|p1a: Landorus|0 fnt\n|faint|p1a: Landorus\n|\n|upkeep\n|\n|t:|1699807431\n|switch|p1a: Kleavor|Kleavor, M, shiny|72\/100\n|-damage|p1a: Kleavor|47\/100|[from] Stealth Rock\n|-damage|p1a: Kleavor|30\/100|[from] Spikes\n|turn|15\n|\n|t:|1699807439\n|switch|p2a: Iron Hands|Iron Hands|100\/100\n|-damage|p2a: Iron Hands|94\/100|[from] Stealth Rock\n|move|p1a: Kleavor|Close Combat|p2a: Iron Hands\n|-damage|p2a: Iron Hands|68\/100\n|-unboost|p1a: Kleavor|def|1\n|-unboost|p1a: Kleavor|spd|1\n|\n|-heal|p2a: Iron Hands|74\/100|[from] item: Leftovers\n|upkeep\n|turn|16\n|\n|t:|1699807449\n|move|p1a: Kleavor|Close Combat|p2a: Iron Hands\n|-damage|p2a: Iron Hands|52\/100\n|-unboost|p1a: Kleavor|def|1\n|-unboost|p1a: Kleavor|spd|1\n|move|p2a: Iron Hands|Drain Punch|p1a: Kleavor\n|-damage|p1a: Kleavor|0 fnt\n|-heal|p2a: Iron Hands|61\/100|[from] drain|[of] p1a: Kleavor\n|faint|p1a: Kleavor\n|\n|-heal|p2a: Iron Hands|67\/100|[from] item: Leftovers\n|upkeep\n|\n|t:|1699807481\n|switch|p1a: Iron Moth|Iron Moth|100\/100\n|-damage|p1a: Iron Moth|76\/100|[from] Stealth Rock\n|-damage|p1a: Iron Moth|59\/100|[from] Spikes\n|-enditem|p1a: Iron Moth|Booster Energy\n|-activate|p1a: Iron Moth|ability: Quark Drive|[fromitem]\n|-start|p1a: Iron Moth|quarkdrivespe\n|turn|17\n|\n|t:|1699807489\n|-terastallize|p1a: Iron Moth|Ground\n|move|p1a: Iron Moth|Substitute|p1a: Iron Moth\n|-start|p1a: Iron Moth|Substitute\n|-damage|p1a: Iron Moth|34\/100\n|move|p2a: Iron Hands|Thunder Punch|p1a: Iron Moth\n|-immune|p1a: Iron Moth\n|\n|-heal|p2a: Iron Hands|73\/100|[from] item: Leftovers\n|upkeep\n|turn|18\n|\n|t:|1699807497\n|move|p1a: Iron Moth|Tera Blast|p2a: Iron Hands|[anim] Tera Blast Ground\n|-supereffective|p2a: Iron Hands\n|-damage|p2a: Iron Hands|5\/100\n|move|p2a: Iron Hands|Drain Punch|p1a: Iron Moth\n|-end|p1a: Iron Moth|Substitute\n|-heal|p2a: Iron Hands|14\/100|[from] drain|[of] p1a: Iron Moth\n|\n|-heal|p2a: Iron Hands|20\/100|[from] item: Leftovers\n|upkeep\n|turn|19\n|\n|t:|1699807514\n|move|p1a: Iron Moth|Fiery Dance|p2a: Iron Hands\n|-damage|p2a: Iron Hands|0 fnt\n|-boost|p1a: Iron Moth|spa|1\n|faint|p2a: Iron Hands\n|-end|p2a: Iron Hands|Quark Drive|[silent]\n|\n|upkeep\n|\n|t:|1699807517\n|switch|p2a: Cinderace|Cinderace, F|100\/100\n|turn|20\n|\n|t:|1699807522\n|-terastallize|p2a: Cinderace|Flying\n|move|p1a: Iron Moth|Tera Blast|p2a: Cinderace|[anim] Tera Blast Ground\n|-immune|p2a: Cinderace\n|move|p2a: Cinderace|Pyro Ball|p1a: Iron Moth|[miss]\n|-miss|p2a: Cinderace|p1a: Iron Moth\n|\n|upkeep\n|turn|21\n|\n|t:|1699807530\n|move|p1a: Iron Moth|Sludge Wave|p2a: Cinderace\n|-damage|p2a: Cinderace|8\/100\n|move|p2a: Cinderace|Pyro Ball|p1a: Iron Moth\n|-damage|p1a: Iron Moth|0 fnt\n|faint|p1a: Iron Moth\n|-end|p1a: Iron Moth|Quark Drive|[silent]\n|\n|upkeep\n|\n|t:|1699807538\n|switch|p1a: Ogerpon|Ogerpon-Wellspring, F|100\/100\n|-damage|p1a: Ogerpon|88\/100|[from] Stealth Rock\n|-damage|p1a: Ogerpon|72\/100|[from] Spikes\n|turn|22\n|-message|MicrowaveHeart forfeited.\n|\n|win|mathismathin\n|raw|MicrowaveHeart's rating: 1543 &rarr; <strong>1532<\/strong><br \/>(-11 for losing)\n|raw|mathismathin's rating: 1708 &rarr; <strong>1719<\/strong><br \/>(+11 for winning)\n|l|\u2606MicrowaveHeart\n","uploadtime":1699807544,"views":12,"p1id":"microwaveheart","p2id":"mathismathin","formatid":"gen9ou","rating":1532,"private":0,"password":""}