{"id":"gen9ou-1995563972","p1":"That chewy","p2":"Hellfire_Reaper","format":"[Gen 9] OU","log":"|j|\u2606That chewy\n|j|\u2606Hellfire_Reaper\n|t:|1700583249\n|gametype|singles\n|player|p1|That chewy|cynthia-gen4|1376\n|player|p2|Hellfire_Reaper|hilda|1363\n|teamsize|p1|6\n|teamsize|p2|6\n|gen|9\n|tier|[Gen 9] OU\n|rated|\n|rule|Sleep Clause Mod: Limit one foe put to sleep\n|rule|Species Clause: Limit one of each Pok\u00e9mon\n|rule|OHKO Clause: OHKO moves are banned\n|rule|Evasion Items Clause: Evasion items are banned\n|rule|Evasion Moves Clause: Evasion moves are banned\n|rule|Endless Battle Clause: Forcing endless battles is banned\n|rule|HP Percentage Mod: HP is shown in percentages\n|clearpoke\n|poke|p1|Ceruledge, F|\n|poke|p1|Walking Wake|\n|poke|p1|Torkoal, M|\n|poke|p1|Great Tusk|\n|poke|p1|Heatran, F|\n|poke|p1|Hatterene, F|\n|poke|p2|Kingambit, M|\n|poke|p2|Ogerpon-Wellspring, F|\n|poke|p2|Zamazenta-*|\n|poke|p2|Iron Valiant|\n|poke|p2|Iron Moth|\n|poke|p2|Glimmora, M|\n|teampreview\n|inactive|Battle timer is ON: inactive players will automatically lose when time's up. (requested by That chewy)\n|\n|t:|1700583264\n|start\n|switch|p1a: Heatran|Heatran, F|100\/100\n|switch|p2a: Champion|Glimmora, M|100\/100\n|-item|p1a: Heatran|Air Balloon\n|turn|1\n|\n|t:|1700583273\n|move|p2a: Champion|Power Gem|p1a: Heatran\n|-damage|p1a: Heatran|60\/100\n|-enditem|p1a: Heatran|Air Balloon\n|move|p1a: Heatran|Earth Power|p2a: Champion\n|-supereffective|p2a: Champion\n|-enditem|p2a: Champion|Focus Sash\n|-damage|p2a: Champion|1\/100\n|\n|upkeep\n|turn|2\n|\n|t:|1700583283\n|switch|p1a: Hatterene|Hatterene, F|100\/100\n|move|p2a: Champion|Stealth Rock|p1a: Hatterene\n|move|p1a: Hatterene|Stealth Rock|p2a: Champion|[from]ability: Magic Bounce\n|-sidestart|p2: Hellfire_Reaper|move: Stealth Rock\n|\n|upkeep\n|turn|3\n|\n|t:|1700583293\n|switch|p1a: Heatran|Heatran, F|60\/100\n|move|p2a: Champion|Mortal Spin|p1a: Heatran\n|-immune|p1a: Heatran\n|\n|upkeep\n|turn|4\n|\n|t:|1700583301\n|switch|p1a: Walking Wake|Walking Wake|100\/100\n|move|p2a: Champion|Earth Power|p1a: Walking Wake\n|-crit|p1a: Walking Wake\n|-damage|p1a: Walking Wake|49\/100\n|-unboost|p1a: Walking Wake|spd|1\n|\n|upkeep\n|turn|5\n|\n|t:|1700583314\n|move|p1a: Walking Wake|Flamethrower|p2a: Champion\n|-resisted|p2a: Champion\n|-damage|p2a: Champion|0 fnt\n|faint|p2a: Champion\n|\n|upkeep\n|\n|t:|1700583325\n|switch|p2a: Uraume|Ogerpon-Wellspring, F|100\/100\n|-damage|p2a: Uraume|88\/100|[from] Stealth Rock\n|turn|6\n|\n|t:|1700583330\n|-end|p1a: Walking Wake|Protosynthesis|[silent]\n|switch|p1a: Torkoal|Torkoal, M|100\/100\n|-weather|SunnyDay|[from] ability: Drought|[of] p1a: Torkoal\n|move|p2a: Uraume|Knock Off|p1a: Torkoal\n|-damage|p1a: Torkoal|77\/100\n|-enditem|p1a: Torkoal|Heat Rock|[from] move: Knock Off|[of] p2a: Uraume\n|\n|-weather|SunnyDay|[upkeep]\n|upkeep\n|turn|7\n|inactive|Hellfire_Reaper has 120 seconds left.\n|\n|t:|1700583364\n|switch|p2a: Mothra|Iron Moth|100\/100\n|-damage|p2a: Mothra|76\/100|[from] Stealth Rock\n|-enditem|p2a: Mothra|Booster Energy\n|-activate|p2a: Mothra|ability: Quark Drive|[fromitem]\n|-start|p2a: Mothra|quarkdrivespe\n|move|p1a: Torkoal|Lava Plume|p2a: Mothra\n|-resisted|p2a: Mothra\n|-damage|p2a: Mothra|58\/100\n|\n|-weather|SunnyDay|[upkeep]\n|upkeep\n|turn|8\n|inactive|Hellfire_Reaper has 120 seconds left.\n|\n|t:|1700583377\n|move|p2a: Mothra|Sludge Wave|p1a: Torkoal\n|-damage|p1a: Torkoal|26\/100\n|move|p1a: Torkoal|Yawn|p2a: Mothra\n|-start|p2a: Mothra|move: Yawn|[of] p1a: Torkoal\n|\n|-weather|SunnyDay|[upkeep]\n|upkeep\n|turn|9\n|inactive|Hellfire_Reaper has 120 seconds left.\n|inactive|Hellfire_Reaper has 90 seconds left.\n|\n|t:|1700583420\n|-end|p2a: Mothra|Quark Drive|[silent]\n|switch|p2a: Yuji|Zamazenta|100\/100\n|-damage|p2a: Yuji|94\/100|[from] Stealth Rock\n|-ability|p2a: Yuji|Dauntless Shield|boost\n|-boost|p2a: Yuji|def|1\n|switch|p1a: Walking Wake|Walking Wake|49\/100\n|-activate|p1a: Walking Wake|ability: Protosynthesis\n|-start|p1a: Walking Wake|protosynthesisspe\n|\n|-weather|SunnyDay|[upkeep]\n|-heal|p2a: Yuji|100\/100|[from] item: Leftovers\n|upkeep\n|turn|10\n|inactive|Hellfire_Reaper has 90 seconds left.\n|\n|t:|1700583432\n|-terastallize|p1a: Walking Wake|Fairy\n|move|p1a: Walking Wake|Flamethrower|p2a: Yuji\n|-damage|p2a: Yuji|39\/100\n|move|p2a: Yuji|Body Press|p1a: Walking Wake\n|-resisted|p1a: Walking Wake\n|-damage|p1a: Walking Wake|23\/100\n|\n|-weather|SunnyDay|[upkeep]\n|-heal|p2a: Yuji|45\/100|[from] item: Leftovers\n|upkeep\n|turn|11\n|inactive|Hellfire_Reaper has 90 seconds left.\n|\n|t:|1700583447\n|move|p1a: Walking Wake|Flamethrower|p2a: Yuji\n|-damage|p2a: Yuji|0 fnt\n|faint|p2a: Yuji\n|\n|-weather|SunnyDay|[upkeep]\n|upkeep\n|inactive|Hellfire_Reaper has 90 seconds left.\n|\n|t:|1700583476\n|switch|p2a: Terminator|Iron Valiant|100\/100\n|-damage|p2a: Terminator|94\/100|[from] Stealth Rock\n|-enditem|p2a: Terminator|Booster Energy\n|-activate|p2a: Terminator|ability: Quark Drive|[fromitem]\n|-start|p2a: Terminator|quarkdrivespe\n|turn|12\n|\n|t:|1700583487\n|-end|p1a: Walking Wake|Protosynthesis|[silent]\n|switch|p1a: Hatterene|Hatterene, F|100\/100\n|move|p2a: Terminator|Hypnosis|p1a: Hatterene\n|move|p1a: Hatterene|Hypnosis|p2a: Terminator|[from]ability: Magic Bounce\n|-status|p2a: Terminator|slp|[from] move: Hypnosis\n|\n|-weather|SunnyDay|[upkeep]\n|upkeep\n|turn|13\n|\n|t:|1700583505\n|-end|p2a: Terminator|Quark Drive|[silent]\n|switch|p2a: Mothra|Iron Moth|58\/100\n|-damage|p2a: Mothra|33\/100|[from] Stealth Rock\n|move|p1a: Hatterene|Nuzzle|p2a: Mothra\n|-damage|p2a: Mothra|27\/100\n|-status|p2a: Mothra|par\n|\n|-weather|none\n|upkeep\n|turn|14\n|l|\u2606Hellfire_Reaper\n|inactive|Hellfire_Reaper disconnected and has a minute to reconnect!\n|player|p2|\n|inactive|Hellfire_Reaper has 30 seconds to reconnect!\n|j|\u2606Hellfire_Reaper\n|inactive|Hellfire_Reaper reconnected and has 50 seconds left.\n|player|p2|Hellfire_Reaper|hilda\n|\n|t:|1700583557\n|switch|p1a: Heatran|Heatran, F|60\/100\n|move|p2a: Mothra|Sludge Wave|p1a: Heatran\n|-immune|p1a: Heatran\n|\n|upkeep\n|turn|15\n|\n|t:|1700583567\n|move|p1a: Heatran|Earth Power|p2a: Mothra\n|-supereffective|p2a: Mothra\n|-damage|p2a: Mothra|0 fnt\n|faint|p2a: Mothra\n|-end|p2a: Mothra|Quark Drive|[silent]\n|\n|upkeep\n|\n|t:|1700583574\n|switch|p2a: Uraume|Ogerpon-Wellspring, F|88\/100\n|-damage|p2a: Uraume|76\/100|[from] Stealth Rock\n|turn|16\n|\n|t:|1700583590\n|switch|p1a: Torkoal|Torkoal, M|26\/100\n|-weather|SunnyDay|[from] ability: Drought|[of] p1a: Torkoal\n|move|p2a: Uraume|Swords Dance|p2a: Uraume\n|-boost|p2a: Uraume|atk|2\n|\n|-weather|SunnyDay|[upkeep]\n|upkeep\n|turn|17\n|\n|t:|1700583599\n|move|p2a: Uraume|Ivy Cudgel|p1a: Torkoal|[anim] Ivy Cudgel Water\n|-supereffective|p1a: Torkoal\n|-damage|p1a: Torkoal|0 fnt\n|faint|p1a: Torkoal\n|\n|-weather|SunnyDay|[upkeep]\n|upkeep\n|\n|t:|1700583608\n|switch|p1a: Walking Wake|Walking Wake, tera:Fairy|23\/100\n|-activate|p1a: Walking Wake|ability: Protosynthesis\n|-start|p1a: Walking Wake|protosynthesisspe\n|turn|18\n|\n|t:|1700583612\n|-terastallize|p2a: Uraume|Water\n|detailschange|p2a: Uraume|Ogerpon-Wellspring-Tera, F, tera:Water\n|-ability|p2a: Uraume|Embody Aspect (Wellspring)|boost\n|-boost|p2a: Uraume|spd|1\n|move|p1a: Walking Wake|Flamethrower|p2a: Uraume\n|-resisted|p2a: Uraume\n|-damage|p2a: Uraume|51\/100\n|move|p2a: Uraume|Ivy Cudgel|p1a: Walking Wake|[anim] Ivy Cudgel Water\n|-damage|p1a: Walking Wake|0 fnt\n|faint|p1a: Walking Wake\n|-end|p1a: Walking Wake|Protosynthesis|[silent]\n|\n|-weather|SunnyDay|[upkeep]\n|upkeep\n|\n|t:|1700583617\n|switch|p1a: Hatterene|Hatterene, F|100\/100\n|turn|19\n|\n|t:|1700583635\n|move|p2a: Uraume|Knock Off|p1a: Hatterene\n|-damage|p1a: Hatterene|27\/100\n|-enditem|p1a: Hatterene|Eject Button|[from] move: Knock Off|[of] p2a: Uraume\n|move|p1a: Hatterene|Nuzzle|p2a: Uraume\n|-supereffective|p2a: Uraume\n|-damage|p2a: Uraume|41\/100\n|-status|p2a: Uraume|par\n|\n|-weather|SunnyDay|[upkeep]\n|upkeep\n|turn|20\n|c|\u2606That chewy|Omg\n|c|\u2606That chewy|if u didnt knock off u won\n|\n|t:|1700583658\n|move|p2a: Uraume|Ivy Cudgel|p1a: Hatterene|[anim] Ivy Cudgel Water\n|-damage|p1a: Hatterene|0 fnt\n|faint|p1a: Hatterene\n|\n|-weather|none\n|upkeep\n|c|\u2606Hellfire_Reaper|Missclick\n|inactive|That chewy has 120 seconds left.\n|\n|t:|1700583677\n|switch|p1a: Ceruledge|Ceruledge, F|100\/100\n|turn|21\n|c|\u2606Hellfire_Reaper|:(\n|\n|t:|1700583680\n|move|p1a: Ceruledge|Poltergeist|p2a: Uraume\n|-activate|p2a: Uraume|move: Poltergeist|Wellspring Mask\n|-damage|p2a: Uraume|0 fnt\n|faint|p2a: Uraume\n|-damage|p1a: Ceruledge|91\/100|[from] item: Life Orb\n|\n|upkeep\n|\n|t:|1700583685\n|switch|p2a: Sukuna|Kingambit, M|100\/100\n|-damage|p2a: Sukuna|94\/100|[from] Stealth Rock\n|-activate|p2a: Sukuna|ability: Supreme Overlord\n|-start|p2a: Sukuna|fallen4|[silent]\n|turn|22\n|\n|t:|1700583692\n|switch|p1a: Great Tusk|Great Tusk|100\/100\n|move|p2a: Sukuna|Sucker Punch||[still]\n|-fail|p2a: Sukuna\n|\n|upkeep\n|turn|23\n|\n|t:|1700583701\n|-end|p2a: Sukuna|fallen4|[silent]\n|switch|p2a: Terminator|Iron Valiant|94\/100 slp\n|-damage|p2a: Terminator|88\/100 slp|[from] Stealth Rock\n|move|p1a: Great Tusk|Bulk Up|p1a: Great Tusk\n|-boost|p1a: Great Tusk|atk|1\n|-boost|p1a: Great Tusk|def|1\n|\n|upkeep\n|turn|24\n|c|\u2606Hellfire_Reaper|:(\n|\n|t:|1700583709\n|cant|p2a: Terminator|slp\n|move|p1a: Great Tusk|Earthquake|p2a: Terminator\n|-damage|p2a: Terminator|9\/100 slp\n|\n|upkeep\n|turn|25\n|\n|t:|1700583714\n|cant|p2a: Terminator|slp\n|move|p1a: Great Tusk|Rapid Spin|p2a: Terminator\n|-damage|p2a: Terminator|0 fnt\n|-boost|p1a: Great Tusk|spe|1\n|faint|p2a: Terminator\n|-end|p2a: Terminator|Quark Drive|[silent]\n|\n|upkeep\n|-message|Hellfire_Reaper forfeited.\n|\n|win|That chewy\n|raw|That chewy's rating: 1376 &rarr; <strong>1395<\/strong><br \/>(+19 for winning)\n|raw|Hellfire_Reaper's rating: 1363 &rarr; <strong>1344<\/strong><br \/>(-19 for losing)\n|l|\u2606Hellfire_Reaper\n|c|\u2606That chewy|Gg\n","uploadtime":1700583731,"views":6,"p1id":"thatchewy","p2id":"hellfirereaper","formatid":"gen9ou","rating":1344,"private":0,"password":""}