{"id":"gen9ou-1999587540","p1":"TPX05","p2":"Slo Overdose","format":"[Gen 9] OU","log":"|j|\u2606TPX05\n|j|\u2606Slo Overdose\n|t:|1701098844\n|gametype|singles\n|player|p1|TPX05|kieran|1504\n|player|p2|Slo Overdose|anabel|1487\n|teamsize|p1|6\n|teamsize|p2|6\n|gen|9\n|tier|[Gen 9] OU\n|rated|\n|rule|Sleep Clause Mod: Limit one foe put to sleep\n|rule|Species Clause: Limit one of each Pok\u00e9mon\n|rule|OHKO Clause: OHKO moves are banned\n|rule|Evasion Items Clause: Evasion items are banned\n|rule|Evasion Moves Clause: Evasion moves are banned\n|rule|Endless Battle Clause: Forcing endless battles is banned\n|rule|HP Percentage Mod: HP is shown in percentages\n|clearpoke\n|poke|p1|Overqwil, F|\n|poke|p1|Pelipper, F|\n|poke|p1|Floatzel, M|\n|poke|p1|Toxapex, F|\n|poke|p1|Weezing-Galar, M|\n|poke|p1|Glimmora, F|\n|poke|p2|Clefable, M|\n|poke|p2|Heatran, M|\n|poke|p2|Conkeldurr, F|\n|poke|p2|Azelf|\n|poke|p2|Rillaboom, F|\n|poke|p2|Dragapult, M|\n|teampreview\n|inactive|Battle timer is ON: inactive players will automatically lose when time's up. (requested by Slo Overdose)\n|\n|t:|1701098859\n|start\n|switch|p1a: Overqwil|Overqwil, F|100\/100\n|switch|p2a: Azelf|Azelf|100\/100\n|turn|1\n|\n|t:|1701098865\n|move|p2a: Azelf|Stealth Rock|p1a: Overqwil\n|-sidestart|p1: TPX05|move: Stealth Rock\n|move|p1a: Overqwil|Crunch|p2a: Azelf\n|-supereffective|p2a: Azelf\n|-enditem|p2a: Azelf|Focus Sash\n|-damage|p2a: Azelf|1\/100\n|\n|upkeep\n|turn|2\n|\n|t:|1701098871\n|switch|p1a: Glimmora|Glimmora, F|100\/100\n|-damage|p1a: Glimmora|88\/100|[from] Stealth Rock\n|-item|p1a: Glimmora|Air Balloon\n|move|p2a: Azelf|Explosion|p1a: Glimmora\n|-resisted|p1a: Glimmora\n|-damage|p1a: Glimmora|47\/100\n|-activate|p1a: Glimmora|ability: Toxic Debris\n|-sidestart|p2: Slo Overdose|move: Toxic Spikes\n|-enditem|p1a: Glimmora|Air Balloon\n|faint|p2a: Azelf\n|\n|upkeep\n|\n|t:|1701098881\n|switch|p2a: Dragapult|Dragapult, M|100\/100\n|-status|p2a: Dragapult|psn\n|turn|3\n|\n|t:|1701098885\n|switch|p1a: Toxapex|Toxapex, F|100\/100\n|-damage|p1a: Toxapex|88\/100|[from] Stealth Rock\n|move|p2a: Dragapult|Draco Meteor|p1a: Toxapex\n|-damage|p1a: Toxapex|45\/100\n|-unboost|p2a: Dragapult|spa|2\n|\n|-damage|p2a: Dragapult|88\/100 psn|[from] psn\n|upkeep\n|turn|4\n|\n|t:|1701098903\n|switch|p2a: Clefable|Clefable, M|100\/100\n|-status|p2a: Clefable|psn\n|move|p1a: Toxapex|Sludge Bomb|p2a: Clefable\n|-supereffective|p2a: Clefable\n|-damage|p2a: Clefable|68\/100 psn\n|\n|-heal|p2a: Clefable|74\/100 psn|[from] item: Leftovers\n|upkeep\n|turn|5\n|\n|t:|1701098914\n|switch|p1a: Pelipper|Pelipper, F|100\/100\n|-damage|p1a: Pelipper|76\/100|[from] Stealth Rock\n|-weather|RainDance|[from] ability: Drizzle|[of] p1a: Pelipper\n|move|p2a: Clefable|Cosmic Power|p2a: Clefable\n|-boost|p2a: Clefable|def|1\n|-boost|p2a: Clefable|spd|1\n|\n|-weather|RainDance|[upkeep]\n|-heal|p2a: Clefable|80\/100 psn|[from] item: Leftovers\n|upkeep\n|turn|6\n|\n|t:|1701098917\n|move|p1a: Pelipper|U-turn|p2a: Clefable\n|-resisted|p2a: Clefable\n|-damage|p2a: Clefable|78\/100 psn\n|\n|t:|1701098920\n|switch|p1a: Overqwil|Overqwil, F|100\/100|[from] U-turn\n|-damage|p1a: Overqwil|88\/100|[from] Stealth Rock\n|move|p2a: Clefable|Cosmic Power|p2a: Clefable\n|-boost|p2a: Clefable|def|1\n|-boost|p2a: Clefable|spd|1\n|\n|-weather|RainDance|[upkeep]\n|-heal|p2a: Clefable|84\/100 psn|[from] item: Leftovers\n|upkeep\n|turn|7\n|\n|t:|1701098925\n|-terastallize|p2a: Clefable|Water\n|move|p1a: Overqwil|Barb Barrage|p2a: Clefable\n|-damage|p2a: Clefable|59\/100 psn\n|move|p2a: Clefable|Cosmic Power|p2a: Clefable\n|-boost|p2a: Clefable|def|1\n|-boost|p2a: Clefable|spd|1\n|\n|-weather|RainDance|[upkeep]\n|-heal|p2a: Clefable|65\/100 psn|[from] item: Leftovers\n|upkeep\n|turn|8\n|\n|t:|1701098930\n|move|p1a: Overqwil|Swords Dance|p1a: Overqwil\n|-boost|p1a: Overqwil|atk|2\n|move|p2a: Clefable|Cosmic Power|p2a: Clefable\n|-boost|p2a: Clefable|def|1\n|-boost|p2a: Clefable|spd|1\n|\n|-weather|RainDance|[upkeep]\n|-heal|p2a: Clefable|72\/100 psn|[from] item: Leftovers\n|upkeep\n|turn|9\n|\n|t:|1701098941\n|move|p1a: Overqwil|Swords Dance|p1a: Overqwil\n|-boost|p1a: Overqwil|atk|2\n|move|p2a: Clefable|Charge Beam|p1a: Overqwil\n|-damage|p1a: Overqwil|72\/100\n|-boost|p2a: Clefable|spa|1\n|\n|-weather|RainDance|[upkeep]\n|-heal|p2a: Clefable|78\/100 psn|[from] item: Leftovers\n|upkeep\n|turn|10\n|\n|t:|1701098945\n|move|p1a: Overqwil|Barb Barrage|p2a: Clefable\n|-damage|p2a: Clefable|28\/100 psn\n|move|p2a: Clefable|Wish|p2a: Clefable\n|\n|-weather|RainDance|[upkeep]\n|-heal|p2a: Clefable|34\/100 psn|[from] item: Leftovers\n|upkeep\n|turn|11\n|\n|t:|1701098954\n|switch|p2a: Heatran|Heatran, M|100\/100\n|move|p1a: Overqwil|Swords Dance|p1a: Overqwil\n|-boost|p1a: Overqwil|atk|2\n|\n|-weather|RainDance|[upkeep]\n|upkeep\n|turn|12\n|\n|t:|1701098957\n|switch|p2a: Rillaboom|Rillaboom, F|100\/100\n|-status|p2a: Rillaboom|psn\n|-fieldstart|move: Grassy Terrain|[from] ability: Grassy Surge|[of] p2a: Rillaboom\n|move|p1a: Overqwil|Liquidation|p2a: Rillaboom\n|-resisted|p2a: Rillaboom\n|-damage|p2a: Rillaboom|18\/100 psn\n|\n|-weather|none\n|-heal|p1a: Overqwil|78\/100|[from] Grassy Terrain\n|-heal|p2a: Rillaboom|25\/100 psn|[from] Grassy Terrain\n|-damage|p2a: Rillaboom|12\/100 psn|[from] psn\n|upkeep\n|turn|13\n|\n|t:|1701098963\n|move|p1a: Overqwil|Liquidation|p2a: Rillaboom\n|-resisted|p2a: Rillaboom\n|-damage|p2a: Rillaboom|0 fnt\n|faint|p2a: Rillaboom\n|\n|-heal|p1a: Overqwil|84\/100|[from] Grassy Terrain\n|upkeep\n|\n|t:|1701098974\n|switch|p2a: Dragapult|Dragapult, M|88\/100 psn\n|turn|14\n|\n|t:|1701098976\n|switch|p1a: Weezing|Weezing-Galar, M|100\/100\n|-damage|p1a: Weezing|88\/100|[from] Stealth Rock\n|move|p2a: Dragapult|Draco Meteor|p1a: Weezing\n|-immune|p1a: Weezing\n|\n|-heal|p2a: Dragapult|94\/100 psn|[from] Grassy Terrain\n|-damage|p2a: Dragapult|82\/100 psn|[from] psn\n|upkeep\n|turn|15\n|\n|t:|1701098982\n|switch|p2a: Heatran|Heatran, M|100\/100\n|switch|p1a: Floatzel|Floatzel, M|100\/100\n|-damage|p1a: Floatzel|88\/100|[from] Stealth Rock\n|\n|-heal|p1a: Floatzel|94\/100|[from] Grassy Terrain\n|upkeep\n|turn|16\n|\n|t:|1701098985\n|switch|p2a: Conkeldurr|Conkeldurr, F|100\/100\n|-status|p2a: Conkeldurr|psn\n|-terastallize|p1a: Floatzel|Water\n|move|p1a: Floatzel|Wave Crash|p2a: Conkeldurr\n|-damage|p2a: Conkeldurr|0 fnt\n|faint|p2a: Conkeldurr\n|-damage|p1a: Floatzel|55\/100|[from] Recoil\n|\n|-heal|p1a: Floatzel|61\/100|[from] Grassy Terrain\n|-fieldend|move: Grassy Terrain\n|upkeep\n|\n|t:|1701098989\n|switch|p2a: Dragapult|Dragapult, M|82\/100 psn\n|turn|17\n|\n|t:|1701098995\n|switch|p1a: Pelipper|Pelipper, F|76\/100\n|-damage|p1a: Pelipper|51\/100|[from] Stealth Rock\n|-weather|RainDance|[from] ability: Drizzle|[of] p1a: Pelipper\n|move|p2a: Dragapult|U-turn|p1a: Pelipper\n|-resisted|p1a: Pelipper\n|-damage|p1a: Pelipper|44\/100\n|\n|t:|1701099002\n|switch|p2a: Clefable|Clefable, M, tera:Water|34\/100 psn|[from] U-turn\n|\n|-weather|RainDance|[upkeep]\n|-heal|p2a: Clefable|40\/100 psn|[from] item: Leftovers\n|upkeep\n|turn|18\n|\n|t:|1701099005\n|switch|p1a: Overqwil|Overqwil, F|84\/100\n|-damage|p1a: Overqwil|72\/100|[from] Stealth Rock\n|move|p2a: Clefable|Wish|p2a: Clefable\n|\n|-weather|RainDance|[upkeep]\n|-heal|p2a: Clefable|46\/100 psn|[from] item: Leftovers\n|upkeep\n|turn|19\n|\n|t:|1701099013\n|switch|p2a: Heatran|Heatran, M|100\/100\n|move|p1a: Overqwil|Swords Dance|p1a: Overqwil\n|-boost|p1a: Overqwil|atk|2\n|\n|-weather|RainDance|[upkeep]\n|upkeep\n|turn|20\n|\n|t:|1701099019\n|move|p1a: Overqwil|Liquidation|p2a: Heatran\n|-supereffective|p2a: Heatran\n|-damage|p2a: Heatran|0 fnt\n|faint|p2a: Heatran\n|\n|-weather|RainDance|[upkeep]\n|upkeep\n|-message|Slo Overdose forfeited.\n|\n|win|TPX05\n|raw|TPX05's rating: 1504 &rarr; <strong>1523<\/strong><br \/>(+19 for winning)\n|raw|Slo Overdose's rating: 1487 &rarr; <strong>1468<\/strong><br \/>(-19 for losing)\n|l|\u2606Slo Overdose\n","uploadtime":1701099031,"views":9,"p1id":"tpx05","p2id":"slooverdose","formatid":"gen9ou","rating":1468,"private":0,"password":""}