{"id":"gen9ou-1993305949","p1":"SHROODLER","p2":"yoimalive","format":"[Gen 9] OU","log":"|j|\u2606SHROODLER\n|j|\u2606yoimalive\n|t:|1700294566\n|gametype|singles\n|player|p1|SHROODLER|theroyal|1025\n|player|p2|yoimalive|policeman-gen4|1040\n|teamsize|p1|6\n|teamsize|p2|6\n|gen|9\n|tier|[Gen 9] OU\n|rated|\n|rule|Sleep Clause Mod: Limit one foe put to sleep\n|rule|Species Clause: Limit one of each Pok\u00e9mon\n|rule|OHKO Clause: OHKO moves are banned\n|rule|Evasion Items Clause: Evasion items are banned\n|rule|Evasion Moves Clause: Evasion moves are banned\n|rule|Endless Battle Clause: Forcing endless battles is banned\n|rule|HP Percentage Mod: HP is shown in percentages\n|clearpoke\n|poke|p1|Farigiraf, F|\n|poke|p1|Thwackey, F|\n|poke|p1|Shroodle, F|\n|poke|p1|Dugtrio-Alola, F|\n|poke|p1|Vivillon-Pokeball, M|\n|poke|p1|Haunter, F|\n|poke|p2|Orthworm, M|\n|poke|p2|Blissey, F|\n|poke|p2|Gholdengo|\n|poke|p2|Maushold-Four|\n|poke|p2|Eelektross, M|\n|poke|p2|Kingambit, F|\n|teampreview\n|inactive|Battle timer is ON: inactive players will automatically lose when time's up. (requested by SHROODLER)\n|\n|t:|1700294571\n|start\n|switch|p1a: Dugtrio|Dugtrio-Alola, F|100\/100\n|switch|p2a: Blissey|Blissey, F|100\/100\n|turn|1\n|\n|t:|1700294579\n|move|p1a: Dugtrio|Stealth Rock|p2a: Blissey\n|-sidestart|p2: yoimalive|move: Stealth Rock\n|move|p2a: Blissey|Earthquake|p1a: Dugtrio\n|-supereffective|p1a: Dugtrio\n|-crit|p1a: Dugtrio\n|-damage|p1a: Dugtrio|21\/100\n|\n|upkeep\n|turn|2\n|\n|t:|1700294586\n|move|p1a: Dugtrio|Iron Head|p2a: Blissey\n|-crit|p2a: Blissey\n|-damage|p2a: Blissey|48\/100\n|-damage|p1a: Dugtrio|4\/100|[from] item: Rocky Helmet|[of] p2a: Blissey\n|move|p2a: Blissey|Earthquake|p1a: Dugtrio\n|-supereffective|p1a: Dugtrio\n|-damage|p1a: Dugtrio|0 fnt\n|faint|p1a: Dugtrio\n|\n|upkeep\n|\n|t:|1700294589\n|switch|p1a: Thwackey|Thwackey, F|100\/100\n|-fieldstart|move: Grassy Terrain|[from] ability: Grassy Surge|[of] p1a: Thwackey\n|turn|3\n|\n|t:|1700294600\n|switch|p2a: Eelektross|Eelektross, M|100\/100\n|move|p1a: Thwackey|Taunt|p2a: Eelektross\n|-start|p2a: Eelektross|move: Taunt\n|\n|upkeep\n|turn|4\n|\n|t:|1700294604\n|move|p1a: Thwackey|U-turn|p2a: Eelektross\n|-damage|p2a: Eelektross|78\/100\n|\n|t:|1700294607\n|switch|p1a: Haunter|Haunter, F|100\/100|[from] U-turn\n|move|p2a: Eelektross|Body Press|p1a: Haunter\n|-immune|p1a: Haunter\n|\n|upkeep\n|turn|5\n|\n|t:|1700294613\n|-terastallize|p2a: Eelektross|Ghost\n|move|p1a: Haunter|Trick|p2a: Eelektross\n|-activate|p1a: Haunter|move: Trick|[of] p2a: Eelektross\n|-item|p2a: Eelektross|Choice Scarf|[from] move: Trick\n|-item|p1a: Haunter|Heavy-Duty Boots|[from] move: Trick\n|move|p2a: Eelektross|Body Press|p1a: Haunter\n|-immune|p1a: Haunter\n|\n|-end|p2a: Eelektross|move: Taunt\n|upkeep\n|turn|6\n|\n|t:|1700294618\n|move|p1a: Haunter|Shadow Ball|p2a: Eelektross\n|-supereffective|p2a: Eelektross\n|-damage|p2a: Eelektross|0 fnt\n|faint|p2a: Eelektross\n|\n|upkeep\n|\n|t:|1700294622\n|switch|p2a: Gholdengo|Gholdengo|100\/100\n|-damage|p2a: Gholdengo|95\/100|[from] Stealth Rock\n|turn|7\n|\n|t:|1700294626\n|move|p1a: Haunter|Shadow Ball|p2a: Gholdengo\n|-supereffective|p2a: Gholdengo\n|-damage|p2a: Gholdengo|8\/100\n|move|p2a: Gholdengo|Thunder Wave|p1a: Haunter\n|-status|p1a: Haunter|par\n|\n|-heal|p2a: Gholdengo|14\/100|[from] Grassy Terrain\n|-heal|p2a: Gholdengo|20\/100|[from] item: Leftovers\n|-fieldend|move: Grassy Terrain\n|upkeep\n|turn|8\n|\n|t:|1700294630\n|move|p2a: Gholdengo|Protect|p2a: Gholdengo\n|-singleturn|p2a: Gholdengo|Protect\n|move|p1a: Haunter|Shadow Ball|p2a: Gholdengo\n|-activate|p2a: Gholdengo|move: Protect\n|\n|-heal|p2a: Gholdengo|26\/100|[from] item: Leftovers\n|upkeep\n|turn|9\n|\n|t:|1700294636\n|switch|p2a: Maushold-adopted|Maushold-Four|100\/100\n|-damage|p2a: Maushold-adopted|88\/100|[from] Stealth Rock\n|move|p1a: Haunter|Shadow Ball|p2a: Maushold-adopted\n|-immune|p2a: Maushold-adopted\n|\n|upkeep\n|turn|10\n|\n|t:|1700294640\n|move|p2a: Maushold-adopted|Population Bomb|p1a: Haunter\n|-immune|p1a: Haunter\n|move|p1a: Haunter|Sludge Bomb|p2a: Maushold-adopted\n|-damage|p2a: Maushold-adopted|26\/100\n|\n|upkeep\n|turn|11\n|\n|t:|1700294645\n|switch|p2a: giant sloppy mon|Orthworm, M|100\/100\n|-damage|p2a: giant sloppy mon|94\/100|[from] Stealth Rock\n|cant|p1a: Haunter|par\n|\n|upkeep\n|turn|12\n|\n|t:|1700294649\n|move|p2a: giant sloppy mon|Earthquake|p1a: Haunter\n|-immune|p1a: Haunter|[from] ability: Levitate\n|move|p1a: Haunter|Shadow Ball|p2a: giant sloppy mon\n|-damage|p2a: giant sloppy mon|28\/100\n|\n|upkeep\n|turn|13\n|\n|t:|1700294653\n|move|p2a: giant sloppy mon|Coil|p2a: giant sloppy mon\n|-boost|p2a: giant sloppy mon|atk|1\n|-boost|p2a: giant sloppy mon|def|1\n|-boost|p2a: giant sloppy mon|accuracy|1\n|move|p1a: Haunter|Shadow Ball|p2a: giant sloppy mon\n|-damage|p2a: giant sloppy mon|0 fnt\n|faint|p2a: giant sloppy mon\n|\n|upkeep\n|-message|yoimalive forfeited.\n|\n|win|SHROODLER\n|raw|SHROODLER's rating: 1025 &rarr; <strong>1063<\/strong><br \/>(+38 for winning)\n|raw|yoimalive's rating: 1040 &rarr; <strong>1023<\/strong><br \/>(-17 for losing)\n|l|\u2606yoimalive\n","uploadtime":1700294661,"views":10,"p1id":"shroodler","p2id":"yoimalive","formatid":"gen9ou","rating":1023,"private":0,"password":""}