{"id":"gen9ou-1994710593","p1":"VikontAlu","p2":"hermileo","format":"[Gen 9] OU","log":"|j|\u2606VikontAlu\n|j|\u2606hermileo\n|t:|1700484282\n|gametype|singles\n|player|p1|VikontAlu|169|1046\n|player|p2|hermileo|1|1091\n|teamsize|p1|6\n|teamsize|p2|6\n|gen|9\n|tier|[Gen 9] OU\n|rated|\n|rule|Sleep Clause Mod: Limit one foe put to sleep\n|rule|Species Clause: Limit one of each Pok\u00e9mon\n|rule|OHKO Clause: OHKO moves are banned\n|rule|Evasion Items Clause: Evasion items are banned\n|rule|Evasion Moves Clause: Evasion moves are banned\n|rule|Endless Battle Clause: Forcing endless battles is banned\n|rule|HP Percentage Mod: HP is shown in percentages\n|clearpoke\n|poke|p1|Cinderace, F|\n|poke|p1|Corviknight, M|\n|poke|p1|Walking Wake|\n|poke|p1|Gholdengo|\n|poke|p1|Iron Valiant|\n|poke|p1|Zapdos|\n|poke|p2|Dragapult, M|\n|poke|p2|Enamorus, F|\n|poke|p2|Ogerpon-Wellspring, F|\n|poke|p2|Samurott-Hisui, M|\n|poke|p2|Cinderace, M|\n|poke|p2|Espeon, F|\n|teampreview\n|inactive|Battle timer is ON: inactive players will automatically lose when time's up. (requested by hermileo)\n|\n|t:|1700484329\n|start\n|switch|p1a: Zapdos|Zapdos|100\/100\n|switch|p2a: Samurott|Samurott-Hisui, M|100\/100\n|turn|1\n|\n|t:|1700484354\n|switch|p2a: Espeon|Espeon, F|100\/100\n|move|p1a: Zapdos|Discharge|p2a: Espeon\n|-damage|p2a: Espeon|65\/100\n|\n|-heal|p2a: Espeon|71\/100|[from] item: Leftovers\n|upkeep\n|turn|2\n|inactive|VikontAlu has 120 seconds left.\n|inactive|hermileo has 120 seconds left.\n|\n|t:|1700484385\n|switch|p1a: Cinderace|Cinderace, F|100\/100\n|move|p2a: Espeon|Calm Mind|p2a: Espeon\n|-boost|p2a: Espeon|spa|1\n|-boost|p2a: Espeon|spd|1\n|\n|-heal|p2a: Espeon|77\/100|[from] item: Leftovers\n|upkeep\n|turn|3\n|inactive|VikontAlu has 120 seconds left.\n|inactive|hermileo has 120 seconds left.\n|\n|t:|1700484398\n|switch|p2a: Ogerpon|Ogerpon-Wellspring, F|100\/100\n|move|p1a: Cinderace|Pyro Ball|p2a: Ogerpon\n|-damage|p2a: Ogerpon|23\/100\n|\n|upkeep\n|turn|4\n|inactive|VikontAlu has 120 seconds left.\n|inactive|hermileo has 120 seconds left.\n|\n|t:|1700484411\n|move|p1a: Cinderace|Pyro Ball|p2a: Ogerpon\n|-damage|p2a: Ogerpon|0 fnt\n|faint|p2a: Ogerpon\n|\n|upkeep\n|inactive|hermileo has 120 seconds left.\n|\n|t:|1700484427\n|switch|p2a: Samurott|Samurott-Hisui, M|100\/100\n|turn|5\n|\n|t:|1700484433\n|switch|p1a: Zapdos|Zapdos|100\/100\n|move|p2a: Samurott|Aqua Cutter|p1a: Zapdos\n|-damage|p1a: Zapdos|58\/100\n|\n|-heal|p1a: Zapdos|64\/100|[from] item: Leftovers\n|upkeep\n|turn|6\n|inactive|hermileo has 120 seconds left.\n|\n|t:|1700484453\n|move|p2a: Samurott|Ceaseless Edge|p1a: Zapdos\n|-damage|p1a: Zapdos|27\/100\n|-status|p2a: Samurott|par|[from] ability: Static|[of] p1a: Zapdos\n|-sidestart|p1: VikontAlu|Spikes\n|move|p1a: Zapdos|Thunder Wave|p2a: Samurott\n|-fail|p2a: Samurott|par\n|\n|-heal|p1a: Zapdos|33\/100|[from] item: Leftovers\n|upkeep\n|turn|7\n|\n|t:|1700484464\n|move|p1a: Zapdos|Roost|p1a: Zapdos\n|-heal|p1a: Zapdos|83\/100\n|-singleturn|p1a: Zapdos|move: Roost\n|move|p2a: Samurott|Ceaseless Edge|p1a: Zapdos\n|-damage|p1a: Zapdos|48\/100\n|-sidestart|p1: VikontAlu|Spikes\n|\n|-heal|p1a: Zapdos|54\/100|[from] item: Leftovers\n|upkeep\n|turn|8\n|\n|t:|1700484476\n|move|p1a: Zapdos|Roost|p1a: Zapdos\n|-heal|p1a: Zapdos|100\/100\n|-singleturn|p1a: Zapdos|move: Roost\n|move|p2a: Samurott|Knock Off|p1a: Zapdos\n|-damage|p1a: Zapdos|59\/100\n|-enditem|p1a: Zapdos|Leftovers|[from] move: Knock Off|[of] p2a: Samurott\n|\n|upkeep\n|turn|9\n|\n|t:|1700484485\n|move|p1a: Zapdos|Discharge|p2a: Samurott\n|-supereffective|p2a: Samurott\n|-enditem|p2a: Samurott|Focus Sash\n|-damage|p2a: Samurott|1\/100 par\n|cant|p2a: Samurott|par\n|\n|upkeep\n|turn|10\n|inactive|hermileo has 120 seconds left.\n|\n|t:|1700484493\n|move|p2a: Samurott|Aqua Jet|p1a: Zapdos\n|-damage|p1a: Zapdos|45\/100\n|move|p1a: Zapdos|Discharge|p2a: Samurott\n|-supereffective|p2a: Samurott\n|-damage|p2a: Samurott|0 fnt\n|faint|p2a: Samurott\n|\n|upkeep\n|inactive|hermileo has 120 seconds left.\n|\n|t:|1700484511\n|switch|p2a: Cinderace|Cinderace, M|100\/100\n|turn|11\n|\n|t:|1700484517\n|move|p2a: Cinderace|Pyro Ball|p1a: Zapdos\n|-damage|p1a: Zapdos|0 fnt\n|faint|p1a: Zapdos\n|\n|upkeep\n|\n|t:|1700484523\n|switch|p1a: Walking Wake|Walking Wake|100\/100\n|-damage|p1a: Walking Wake|84\/100|[from] Spikes\n|-enditem|p1a: Walking Wake|Booster Energy\n|-activate|p1a: Walking Wake|ability: Protosynthesis|[fromitem]\n|-start|p1a: Walking Wake|protosynthesisspa\n|turn|12\n|\n|t:|1700484533\n|move|p2a: Cinderace|High Jump Kick|p1a: Walking Wake\n|-start|p2a: Cinderace|typechange|Fighting|[from] ability: Libero\n|-damage|p1a: Walking Wake|19\/100\n|move|p1a: Walking Wake|Hydro Steam|p2a: Cinderace\n|-damage|p2a: Cinderace|22\/100\n|\n|upkeep\n|turn|13\n|\n|t:|1700484551\n|move|p2a: Cinderace|Sucker Punch|p1a: Walking Wake\n|-damage|p1a: Walking Wake|0 fnt\n|faint|p1a: Walking Wake\n|-end|p1a: Walking Wake|Protosynthesis|[silent]\n|\n|upkeep\n|\n|t:|1700484558\n|switch|p1a: Gholdengo|Gholdengo|100\/100\n|-damage|p1a: Gholdengo|84\/100|[from] Spikes\n|turn|14\n|\n|t:|1700484569\n|move|p1a: Gholdengo|Dazzling Gleam|p2a: Cinderace\n|-supereffective|p2a: Cinderace\n|-damage|p2a: Cinderace|0 fnt\n|faint|p2a: Cinderace\n|\n|upkeep\n|\n|t:|1700484577\n|switch|p2a: Enamorus|Enamorus, F|100\/100\n|turn|15\n|\n|t:|1700484597\n|switch|p1a: Cinderace|Cinderace, F|100\/100\n|move|p2a: Enamorus|Mystical Fire|p1a: Cinderace\n|-resisted|p1a: Cinderace\n|-damage|p1a: Cinderace|81\/100\n|-unboost|p1a: Cinderace|spa|1\n|\n|upkeep\n|turn|16\n|\n|t:|1700484612\n|switch|p2a: Dragapult|Dragapult, M|100\/100\n|move|p1a: Cinderace|Court Change|p1a: Cinderace\n|-swapsideconditions\n|-activate|p1a: Cinderace|move: Court Change\n|\n|upkeep\n|turn|17\n|\n|t:|1700484623\n|move|p1a: Cinderace|Sucker Punch|p2a: Dragapult\n|-supereffective|p2a: Dragapult\n|-damage|p2a: Dragapult|37\/100\n|move|p2a: Dragapult|Phantom Force||[still]\n|-prepare|p2a: Dragapult|Phantom Force\n|\n|upkeep\n|turn|18\n|\n|t:|1700484630\n|move|p1a: Cinderace|Sucker Punch|p2a: Dragapult|[miss]\n|-miss|p1a: Cinderace|p2a: Dragapult\n|move|p2a: Dragapult|Phantom Force|p1a: Cinderace|[from]lockedmove\n|-damage|p1a: Cinderace|0 fnt\n|faint|p1a: Cinderace\n|\n|upkeep\n|\n|t:|1700484640\n|switch|p1a: Gholdengo|Gholdengo|84\/100\n|turn|19\n|\n|t:|1700484648\n|switch|p2a: Espeon|Espeon, F|77\/100\n|-damage|p2a: Espeon|61\/100|[from] Spikes\n|move|p1a: Gholdengo|Dazzling Gleam|p2a: Espeon\n|-damage|p2a: Espeon|29\/100\n|\n|-heal|p2a: Espeon|35\/100|[from] item: Leftovers\n|upkeep\n|turn|20\n|\n|t:|1700484660\n|move|p1a: Gholdengo|Dazzling Gleam|p2a: Espeon\n|-damage|p2a: Espeon|3\/100\n|move|p2a: Espeon|Psychic|p1a: Gholdengo\n|-resisted|p1a: Gholdengo\n|-damage|p1a: Gholdengo|60\/100\n|\n|-heal|p2a: Espeon|9\/100|[from] item: Leftovers\n|upkeep\n|turn|21\n|\n|t:|1700484669\n|move|p1a: Gholdengo|Dazzling Gleam|p2a: Espeon\n|-damage|p2a: Espeon|0 fnt\n|faint|p2a: Espeon\n|\n|upkeep\n|\n|t:|1700484675\n|switch|p2a: Enamorus|Enamorus, F|100\/100\n|turn|22\n|\n|t:|1700484681\n|switch|p1a: Corviknight|Corviknight, M|100\/100\n|-ability|p1a: Corviknight|Pressure\n|move|p2a: Enamorus|Earth Power|p1a: Corviknight\n|-immune|p1a: Corviknight\n|\n|upkeep\n|turn|23\n|\n|t:|1700484697\n|switch|p2a: Dragapult|Dragapult, M|37\/100\n|-damage|p2a: Dragapult|20\/100|[from] Spikes\n|-terastallize|p1a: Corviknight|Flying\n|move|p1a: Corviknight|Iron Head|p2a: Dragapult\n|-damage|p2a: Dragapult|0 fnt\n|faint|p2a: Dragapult\n|\n|upkeep\n|\n|t:|1700484708\n|switch|p2a: Enamorus|Enamorus, F|100\/100\n|turn|24\n|\n|t:|1700484731\n|move|p2a: Enamorus|Mystical Fire|p1a: Corviknight\n|-damage|p1a: Corviknight|73\/100\n|-unboost|p1a: Corviknight|spa|1\n|move|p1a: Corviknight|Bulk Up|p1a: Corviknight\n|-boost|p1a: Corviknight|atk|1\n|-boost|p1a: Corviknight|def|1\n|\n|-heal|p1a: Corviknight|79\/100|[from] item: Leftovers\n|upkeep\n|turn|25\n|-message|hermileo forfeited.\n|\n|win|VikontAlu\n|raw|VikontAlu's rating: 1046 &rarr; <strong>1083<\/strong><br \/>(+37 for winning)\n|raw|hermileo's rating: 1091 &rarr; <strong>1064<\/strong><br \/>(-27 for losing)\n|l|\u2606hermileo\n","uploadtime":1700484767,"views":11,"p1id":"vikontalu","p2id":"hermileo","formatid":"gen9ou","rating":1064,"private":0,"password":""}