{"id":"gen9ou-1988246269","p1":"Reverse Mimikyu","p2":"Lmaz730","format":"[Gen 9] OU","log":"|j|\u2606Reverse Mimikyu\n|j|\u2606Lmaz730\n|t:|1699693570\n|gametype|singles\n|player|p1|Reverse Mimikyu|unknown|1182\n|player|p2|Lmaz730|1|1141\n|teamsize|p1|6\n|teamsize|p2|6\n|gen|9\n|tier|[Gen 9] OU\n|rated|\n|rule|Sleep Clause Mod: Limit one foe put to sleep\n|rule|Species Clause: Limit one of each Pok\u00e9mon\n|rule|OHKO Clause: OHKO moves are banned\n|rule|Evasion Items Clause: Evasion items are banned\n|rule|Evasion Moves Clause: Evasion moves are banned\n|rule|Endless Battle Clause: Forcing endless battles is banned\n|rule|HP Percentage Mod: HP is shown in percentages\n|clearpoke\n|poke|p1|Ceruledge, F|\n|poke|p1|Hoopa-Unbound|\n|poke|p1|Ribombee, F|\n|poke|p1|Gholdengo|\n|poke|p1|Blissey, F|\n|poke|p1|Corviknight, M|\n|poke|p2|Kleavor, F|\n|poke|p2|Grafaiai, F|\n|poke|p2|Gholdengo|\n|poke|p2|Gliscor, M|\n|poke|p2|Braviary-Hisui, M|\n|poke|p2|Grimmsnarl, M|\n|teampreview\n|inactive|Battle timer is ON: inactive players will automatically lose when time's up. (requested by Lmaz730)\n|\n|t:|1699693584\n|start\n|switch|p1a: Ribombee|Ribombee, F|100\/100\n|switch|p2a: Grafaiai|Grafaiai, F|100\/100\n|turn|1\n|\n|t:|1699693589\n|move|p1a: Ribombee|Psychic|p2a: Grafaiai\n|-supereffective|p2a: Grafaiai\n|-damage|p2a: Grafaiai|23\/100\n|move|p2a: Grafaiai|Swagger|p1a: Ribombee\n|-boost|p1a: Ribombee|atk|2\n|-enditem|p2a: Grafaiai|Mirror Herb\n|-boost|p2a: Grafaiai|atk|2|[from] item: Mirror Herb\n|-start|p1a: Ribombee|confusion\n|\n|upkeep\n|turn|2\n|\n|t:|1699693598\n|move|p2a: Grafaiai|Acrobatics|p1a: Ribombee\n|-supereffective|p1a: Ribombee\n|-enditem|p1a: Ribombee|Focus Sash\n|-damage|p1a: Ribombee|1\/100\n|-activate|p1a: Ribombee|confusion\n|-damage|p1a: Ribombee|0 fnt|[from] confusion\n|faint|p1a: Ribombee\n|\n|upkeep\n|\n|t:|1699693607\n|switch|p1a: Corviknight|Corviknight, M|100\/100\n|-ability|p1a: Corviknight|Pressure\n|turn|3\n|\n|t:|1699693611\n|move|p2a: Grafaiai|Knock Off|p1a: Corviknight\n|-damage|p1a: Corviknight|61\/100\n|-enditem|p1a: Corviknight|Heavy-Duty Boots|[from] move: Knock Off|[of] p2a: Grafaiai\n|move|p1a: Corviknight|Tailwind|p1a: Corviknight\n|-sidestart|p1: Reverse Mimikyu|move: Tailwind\n|\n|upkeep\n|turn|4\n|\n|t:|1699693618\n|move|p2a: Grafaiai|Acrobatics|p1a: Corviknight\n|-resisted|p1a: Corviknight\n|-damage|p1a: Corviknight|39\/100\n|move|p1a: Corviknight|U-turn|p2a: Grafaiai\n|-resisted|p2a: Grafaiai\n|-damage|p2a: Grafaiai|9\/100\n|\n|t:|1699693626\n|switch|p1a: Ceruledge|Ceruledge, F|100\/100|[from] U-turn\n|-item|p1a: Ceruledge|Air Balloon\n|\n|upkeep\n|turn|5\n|\n|t:|1699693636\n|-terastallize|p1a: Ceruledge|Fighting\n|move|p2a: Grafaiai|Knock Off|p1a: Ceruledge\n|-resisted|p1a: Ceruledge\n|-damage|p1a: Ceruledge|59\/100\n|-enditem|p1a: Ceruledge|Air Balloon\n|move|p1a: Ceruledge|Swords Dance|p1a: Ceruledge\n|-boost|p1a: Ceruledge|atk|2\n|\n|upkeep\n|turn|6\n|\n|t:|1699693645\n|move|p2a: Grafaiai|Acrobatics|p1a: Ceruledge\n|-supereffective|p1a: Ceruledge\n|-damage|p1a: Ceruledge|0 fnt\n|faint|p1a: Ceruledge\n|\n|-sideend|p1: Reverse Mimikyu|move: Tailwind\n|upkeep\n|-message|Reverse Mimikyu forfeited.\n|\n|win|Lmaz730\n|raw|Reverse Mimikyu's rating: 1182 &rarr; <strong>1154<\/strong><br \/>(-28 for losing)\n|raw|Lmaz730's rating: 1141 &rarr; <strong>1169<\/strong><br \/>(+28 for winning)\n|l|\u2606Reverse Mimikyu\n","uploadtime":1699693655,"views":25,"p1id":"reversemimikyu","p2id":"lmaz730","formatid":"gen9ou","rating":1154,"private":0,"password":""}