{"id":"gen9ou-1998125237","p1":"Ctannn","p2":"knexhawk2","format":"[Gen 9] OU","log":"|j|\u2606Ctannn\n|j|\u2606knexhawk2\n|t:|1700895913\n|gametype|singles\n|player|p1|Ctannn|102|1714\n|player|p2|knexhawk2|red-masters|1802\n|teamsize|p1|6\n|teamsize|p2|6\n|gen|9\n|tier|[Gen 9] OU\n|rated|\n|rule|Sleep Clause Mod: Limit one foe put to sleep\n|rule|Species Clause: Limit one of each Pok\u00e9mon\n|rule|OHKO Clause: OHKO moves are banned\n|rule|Evasion Items Clause: Evasion items are banned\n|rule|Evasion Moves Clause: Evasion moves are banned\n|rule|Endless Battle Clause: Forcing endless battles is banned\n|rule|HP Percentage Mod: HP is shown in percentages\n|clearpoke\n|poke|p1|Slowking-Galar, M|\n|poke|p1|Greninja-*, M|\n|poke|p1|Weavile, M|\n|poke|p1|Hatterene, F|\n|poke|p1|Cinderace, M|\n|poke|p1|Ceruledge, F|\n|poke|p2|Wo-Chien|\n|poke|p2|Talonflame, M|\n|poke|p2|Alomomola, M|\n|poke|p2|Blissey, F|\n|poke|p2|Cyclizar, M|\n|poke|p2|Clodsire, F|\n|teampreview\n|inactive|Battle timer is ON: inactive players will automatically lose when time's up. (requested by Ctannn)\n|\n|t:|1700895920\n|start\n|switch|p1a: Slowking|Slowking-Galar, M|100\/100\n|switch|p2a: Your father.|Talonflame, M|100\/100\n|turn|1\n|\n|t:|1700895924\n|switch|p2a: ur my lizard|Cyclizar, M|100\/100\n|move|p1a: Slowking|Trick|p2a: ur my lizard\n|-activate|p1a: Slowking|move: Trick|[of] p2a: ur my lizard\n|-item|p2a: ur my lizard|Black Sludge|[from] move: Trick\n|-item|p1a: Slowking|Heavy-Duty Boots|[from] move: Trick\n|\n|-damage|p2a: ur my lizard|88\/100|[from] item: Black Sludge\n|upkeep\n|turn|2\n|\n|t:|1700895929\n|move|p2a: ur my lizard|Knock Off|p1a: Slowking\n|-supereffective|p1a: Slowking\n|-damage|p1a: Slowking|71\/100\n|-enditem|p1a: Slowking|Heavy-Duty Boots|[from] move: Knock Off|[of] p2a: ur my lizard\n|move|p1a: Slowking|Sludge Bomb|p2a: ur my lizard\n|-damage|p2a: ur my lizard|55\/100\n|\n|-damage|p2a: ur my lizard|42\/100|[from] item: Black Sludge\n|upkeep\n|turn|3\n|\n|t:|1700895937\n|move|p2a: ur my lizard|Knock Off|p1a: Slowking\n|-supereffective|p1a: Slowking\n|-damage|p1a: Slowking|48\/100\n|move|p1a: Slowking|Trick|p2a: ur my lizard\n|-activate|p1a: Slowking|move: Trick|[of] p2a: ur my lizard\n|-enditem|p2a: ur my lizard|Black Sludge|[silent]|[from] move: Trick\n|-item|p1a: Slowking|Black Sludge|[from] move: Trick\n|\n|-heal|p1a: Slowking|54\/100|[from] item: Black Sludge\n|upkeep\n|turn|4\n|\n|t:|1700895949\n|switch|p1a: Greninja|Greninja, M|100\/100\n|move|p2a: ur my lizard|Knock Off|p1a: Greninja\n|-resisted|p1a: Greninja\n|-damage|p1a: Greninja|83\/100\n|-enditem|p1a: Greninja|Heavy-Duty Boots|[from] move: Knock Off|[of] p2a: ur my lizard\n|\n|upkeep\n|turn|5\n|\n|t:|1700895956\n|switch|p1a: Slowking|Slowking-Galar, M|88\/100\n|switch|p2a: I'm your mom.|Blissey, F|100\/100\n|\n|-heal|p1a: Slowking|94\/100|[from] item: Black Sludge\n|upkeep\n|turn|6\n|\n|t:|1700895962\n|switch|p2a: I own you.|Wo-Chien|100\/100\n|-ability|p2a: I own you.|Tablets of Ruin\n|move|p1a: Slowking|Psychic|p2a: I own you.\n|-immune|p2a: I own you.\n|\n|-heal|p1a: Slowking|99\/100|[from] item: Black Sludge\n|upkeep\n|turn|7\n|\n|t:|1700895969\n|move|p2a: I own you.|Knock Off|p1a: Slowking\n|-supereffective|p1a: Slowking\n|-damage|p1a: Slowking|53\/100\n|-enditem|p1a: Slowking|Black Sludge|[from] move: Knock Off|[of] p2a: I own you.\n|move|p1a: Slowking|Sludge Bomb|p2a: I own you.\n|-supereffective|p2a: I own you.\n|-damage|p2a: I own you.|54\/100\n|\n|-heal|p2a: I own you.|60\/100|[from] item: Leftovers\n|upkeep\n|turn|8\n|\n|t:|1700895973\n|move|p2a: I own you.|Leech Seed|p1a: Slowking\n|-start|p1a: Slowking|move: Leech Seed\n|move|p1a: Slowking|Sludge Bomb|p2a: I own you.\n|-supereffective|p2a: I own you.\n|-damage|p2a: I own you.|13\/100\n|\n|-heal|p2a: I own you.|19\/100|[from] item: Leftovers\n|-damage|p1a: Slowking|40\/100|[from] Leech Seed|[of] p2a: I own you.\n|-heal|p2a: I own you.|32\/100|[silent]\n|upkeep\n|turn|9\n|\n|t:|1700895980\n|switch|p2a: ur my lizard|Cyclizar, M|75\/100\n|move|p1a: Slowking|Chilly Reception|p1a: Slowking\n|-weather|Snow\n|\n|t:|1700895982\n|switch|p1a: Greninja|Greninja, M|83\/100|[from] Chilly Reception\n|\n|-weather|Snow|[upkeep]\n|upkeep\n|turn|10\n|inactive|knexhawk2 has 120 seconds left.\n|\n|t:|1700896039\n|switch|p2a: I'm your mom.|Blissey, F|100\/100\n|move|p1a: Greninja|Blizzard|p2a: I'm your mom.\n|-damage|p2a: I'm your mom.|91\/100\n|\n|-weather|Snow|[upkeep]\n|upkeep\n|turn|11\n|\n|t:|1700896045\n|switch|p1a: Hatterene|Hatterene, F|100\/100\n|move|p2a: I'm your mom.|Seismic Toss|p1a: Hatterene\n|-damage|p1a: Hatterene|69\/100\n|\n|-weather|Snow|[upkeep]\n|-heal|p1a: Hatterene|75\/100|[from] item: Leftovers\n|upkeep\n|turn|12\n|\n|t:|1700896059\n|move|p2a: I'm your mom.|Seismic Toss|p1a: Hatterene\n|-damage|p1a: Hatterene|44\/100\n|move|p1a: Hatterene|Calm Mind|p1a: Hatterene\n|-boost|p1a: Hatterene|spa|1\n|-boost|p1a: Hatterene|spd|1\n|\n|-weather|Snow|[upkeep]\n|-heal|p1a: Hatterene|50\/100|[from] item: Leftovers\n|upkeep\n|turn|13\n|\n|t:|1700896064\n|move|p2a: I'm your mom.|Seismic Toss|p1a: Hatterene\n|-damage|p1a: Hatterene|18\/100\n|move|p1a: Hatterene|Draining Kiss|p2a: I'm your mom.\n|-damage|p2a: I'm your mom.|81\/100\n|-heal|p1a: Hatterene|34\/100|[from] drain|[of] p2a: I'm your mom.\n|\n|-weather|none\n|-heal|p1a: Hatterene|40\/100|[from] item: Leftovers\n|upkeep\n|turn|14\n|\n|t:|1700896072\n|switch|p1a: Ceruledge|Ceruledge, F|100\/100\n|move|p2a: I'm your mom.|Seismic Toss|p1a: Ceruledge\n|-immune|p1a: Ceruledge\n|\n|upkeep\n|turn|15\n|\n|t:|1700896074\n|switch|p1a: Hatterene|Hatterene, F|40\/100\n|switch|p2a: You are my son|Alomomola, M|100\/100\n|\n|-heal|p1a: Hatterene|46\/100|[from] item: Leftovers\n|upkeep\n|turn|16\n|\n|t:|1700896081\n|move|p2a: You are my son|Scald|p1a: Hatterene\n|-damage|p1a: Hatterene|33\/100\n|-status|p1a: Hatterene|brn\n|move|p1a: Hatterene|Calm Mind|p1a: Hatterene\n|-boost|p1a: Hatterene|spa|1\n|-boost|p1a: Hatterene|spd|1\n|\n|-heal|p1a: Hatterene|39\/100 brn|[from] item: Leftovers\n|-damage|p1a: Hatterene|33\/100 brn|[from] brn\n|upkeep\n|turn|17\n|\n|t:|1700896088\n|switch|p2a: you are my pet|Clodsire, F|100\/100\n|move|p1a: Hatterene|Draining Kiss|p2a: you are my pet\n|-resisted|p2a: you are my pet\n|-damage|p2a: you are my pet|93\/100\n|-heal|p1a: Hatterene|41\/100 brn|[from] drain|[of] p2a: you are my pet\n|\n|-heal|p1a: Hatterene|47\/100 brn|[from] item: Leftovers\n|-heal|p2a: you are my pet|99\/100|[from] item: Leftovers\n|-damage|p1a: Hatterene|41\/100 brn|[from] brn\n|upkeep\n|turn|18\n|\n|t:|1700896091\n|switch|p2a: I'm your mom.|Blissey, F|81\/100\n|move|p1a: Hatterene|Calm Mind|p1a: Hatterene\n|-boost|p1a: Hatterene|spa|1\n|-boost|p1a: Hatterene|spd|1\n|\n|-heal|p1a: Hatterene|47\/100 brn|[from] item: Leftovers\n|-damage|p1a: Hatterene|41\/100 brn|[from] brn\n|upkeep\n|turn|19\n|\n|t:|1700896096\n|move|p2a: I'm your mom.|Seismic Toss|p1a: Hatterene\n|-damage|p1a: Hatterene|10\/100 brn\n|move|p1a: Hatterene|Draining Kiss|p2a: I'm your mom.\n|-damage|p2a: I'm your mom.|67\/100\n|-heal|p1a: Hatterene|31\/100 brn|[from] drain|[of] p2a: I'm your mom.\n|\n|-heal|p1a: Hatterene|37\/100 brn|[from] item: Leftovers\n|-damage|p1a: Hatterene|31\/100 brn|[from] brn\n|upkeep\n|turn|20\n|\n|t:|1700896100\n|switch|p1a: Ceruledge|Ceruledge, F|100\/100\n|move|p2a: I'm your mom.|Seismic Toss|p1a: Ceruledge\n|-immune|p1a: Ceruledge\n|\n|upkeep\n|turn|21\n|\n|t:|1700896107\n|switch|p2a: You are my son|Alomomola, M|100\/100\n|move|p1a: Ceruledge|Swords Dance|p1a: Ceruledge\n|-boost|p1a: Ceruledge|atk|2\n|\n|upkeep\n|turn|22\n|\n|t:|1700896114\n|move|p1a: Ceruledge|Swords Dance|p1a: Ceruledge\n|-boost|p1a: Ceruledge|atk|2\n|move|p2a: You are my son|Scald|p1a: Ceruledge\n|-supereffective|p1a: Ceruledge\n|-damage|p1a: Ceruledge|67\/100\n|\n|upkeep\n|turn|23\n|\n|t:|1700896118\n|move|p2a: You are my son|Protect|p2a: You are my son\n|-singleturn|p2a: You are my son|Protect\n|move|p1a: Ceruledge|Poltergeist|p2a: You are my son\n|-activate|p2a: You are my son|move: Protect\n|\n|upkeep\n|turn|24\n|\n|t:|1700896121\n|switch|p2a: you are my pet|Clodsire, F|99\/100\n|move|p1a: Ceruledge|Bitter Blade|p2a: you are my pet\n|-damage|p2a: you are my pet|68\/100\n|-heal|p1a: Ceruledge|92\/100|[from] drain|[of] p2a: you are my pet\n|\n|-heal|p2a: you are my pet|74\/100|[from] item: Leftovers\n|upkeep\n|turn|25\n|\n|t:|1700896135\n|move|p1a: Ceruledge|Bitter Blade|p2a: you are my pet\n|-damage|p2a: you are my pet|41\/100\n|-heal|p1a: Ceruledge|100\/100|[from] drain|[of] p2a: you are my pet\n|move|p2a: you are my pet|Recover|p2a: you are my pet\n|-heal|p2a: you are my pet|91\/100\n|\n|-heal|p2a: you are my pet|97\/100|[from] item: Leftovers\n|upkeep\n|turn|26\n|\n|t:|1700896140\n|switch|p1a: Slowking|Slowking-Galar, M|73\/100\n|move|p2a: you are my pet|Poison Jab|p1a: Slowking\n|-resisted|p1a: Slowking\n|-damage|p1a: Slowking|65\/100\n|\n|-heal|p2a: you are my pet|100\/100|[from] item: Leftovers\n|upkeep\n|turn|27\n|\n|t:|1700896149\n|switch|p2a: I'm your mom.|Blissey, F|67\/100\n|move|p1a: Slowking|Chilly Reception|p1a: Slowking\n|-weather|Snow\n|\n|t:|1700896154\n|switch|p1a: Weavile|Weavile, M|100\/100|[from] Chilly Reception\n|-ability|p1a: Weavile|Pressure\n|\n|-weather|Snow|[upkeep]\n|upkeep\n|turn|28\n|\n|t:|1700896168\n|switch|p1a: Slowking|Slowking-Galar, M|98\/100\n|switch|p2a: Your father.|Talonflame, M|100\/100\n|\n|-weather|Snow|[upkeep]\n|upkeep\n|turn|29\n|\n|t:|1700896174\n|switch|p2a: I'm your mom.|Blissey, F|67\/100\n|move|p1a: Slowking|Chilly Reception|p1a: Slowking\n|\n|t:|1700896178\n|switch|p1a: Cinderace|Cinderace, M|100\/100|[from] Chilly Reception\n|\n|-weather|Snow|[upkeep]\n|upkeep\n|turn|30\n|\n|t:|1700896202\n|switch|p2a: Your father.|Talonflame, M|100\/100\n|move|p1a: Cinderace|Pyro Ball|p2a: Your father.\n|-resisted|p2a: Your father.\n|-damage|p2a: Your father.|77\/100\n|\n|-weather|Snow|[upkeep]\n|upkeep\n|turn|31\n|\n|t:|1700896215\n|switch|p1a: Slowking|Slowking-Galar, M|100\/100\n|move|p2a: Your father.|Will-O-Wisp|p1a: Slowking|[miss]\n|-miss|p2a: Your father.|p1a: Slowking\n|\n|-weather|none\n|upkeep\n|turn|32\n|\n|t:|1700896222\n|switch|p2a: I'm your mom.|Blissey, F|67\/100\n|move|p1a: Slowking|Sludge Bomb|p2a: I'm your mom.\n|-damage|p2a: I'm your mom.|58\/100\n|\n|upkeep\n|turn|33\n|\n|t:|1700896228\n|move|p2a: I'm your mom.|Soft-Boiled|p2a: I'm your mom.\n|-heal|p2a: I'm your mom.|100\/100\n|move|p1a: Slowking|Trick|p2a: I'm your mom.\n|-activate|p1a: Slowking|move: Trick|[of] p2a: I'm your mom.\n|-enditem|p2a: I'm your mom.|Heavy-Duty Boots|[silent]|[from] move: Trick\n|-item|p1a: Slowking|Heavy-Duty Boots|[from] move: Trick\n|\n|upkeep\n|turn|34\n|\n|t:|1700896231\n|move|p2a: I'm your mom.|Seismic Toss|p1a: Slowking\n|-damage|p1a: Slowking|75\/100\n|move|p1a: Slowking|Chilly Reception|p1a: Slowking\n|-weather|Snow\n|\n|t:|1700896239\n|switch|p1a: Cinderace|Cinderace, M|100\/100|[from] Chilly Reception\n|\n|-weather|Snow|[upkeep]\n|upkeep\n|turn|35\n|\n|t:|1700896243\n|switch|p1a: Ceruledge|Ceruledge, F|100\/100\n|switch|p2a: You are my son|Alomomola, M|100\/100\n|\n|-weather|Snow|[upkeep]\n|upkeep\n|turn|36\n|\n|t:|1700896247\n|switch|p1a: Slowking|Slowking-Galar, M|100\/100\n|move|p2a: You are my son|Whirlpool|p1a: Slowking\n|-damage|p1a: Slowking|96\/100\n|-activate|p1a: Slowking|move: Whirlpool|[of] p2a: You are my son\n|\n|-weather|Snow|[upkeep]\n|-damage|p1a: Slowking|84\/100|[from] move: Whirlpool|[partiallytrapped]\n|upkeep\n|turn|37\n|\n|t:|1700896252\n|move|p2a: You are my son|Protect|p2a: You are my son\n|-singleturn|p2a: You are my son|Protect\n|move|p1a: Slowking|Sludge Bomb|p2a: You are my son\n|-activate|p2a: You are my son|move: Protect\n|\n|-weather|Snow|[upkeep]\n|-damage|p1a: Slowking|72\/100|[from] move: Whirlpool|[partiallytrapped]\n|upkeep\n|turn|38\n|\n|t:|1700896255\n|switch|p2a: I'm your mom.|Blissey, F|100\/100\n|move|p1a: Slowking|Chilly Reception|p1a: Slowking\n|\n|t:|1700896257\n|switch|p1a: Ceruledge|Ceruledge, F|100\/100|[from] Chilly Reception\n|\n|-weather|none\n|upkeep\n|turn|39\n|\n|t:|1700896267\n|switch|p2a: You are my son|Alomomola, M|100\/100\n|-terastallize|p1a: Ceruledge|Ghost\n|move|p1a: Ceruledge|Poltergeist|p2a: You are my son\n|-activate|p2a: You are my son|move: Poltergeist|Rocky Helmet\n|-damage|p2a: You are my son|59\/100\n|\n|upkeep\n|turn|40\n|\n|t:|1700896272\n|move|p1a: Ceruledge|Swords Dance|p1a: Ceruledge\n|-boost|p1a: Ceruledge|atk|2\n|move|p2a: You are my son|Wish|p2a: You are my son\n|\n|upkeep\n|turn|41\n|\n|t:|1700896286\n|switch|p2a: you are my pet|Clodsire, F|100\/100\n|move|p1a: Ceruledge|Bitter Blade|p2a: you are my pet\n|-damage|p2a: you are my pet|67\/100\n|\n|-heal|p2a: you are my pet|100\/100|[from] move: Wish|[wisher] You are my son\n|upkeep\n|turn|42\n|\n|t:|1700896296\n|switch|p2a: ur my lizard|Cyclizar, M|100\/100\n|move|p1a: Ceruledge|Poltergeist||[still]\n|-fail|p1a: Ceruledge\n|\n|upkeep\n|turn|43\n|\n|t:|1700896302\n|switch|p2a: You are my son|Alomomola, M|92\/100\n|move|p1a: Ceruledge|Swords Dance|p1a: Ceruledge\n|-boost|p1a: Ceruledge|atk|2\n|\n|upkeep\n|turn|44\n|\n|t:|1700896306\n|move|p2a: You are my son|Protect|p2a: You are my son\n|-singleturn|p2a: You are my son|Protect\n|move|p1a: Ceruledge|Swords Dance|p1a: Ceruledge\n|-boost|p1a: Ceruledge|atk|2\n|\n|upkeep\n|turn|45\n|\n|t:|1700896309\n|switch|p2a: you are my pet|Clodsire, F|100\/100\n|move|p1a: Ceruledge|Poltergeist|p2a: you are my pet|[miss]\n|-miss|p1a: Ceruledge|p2a: you are my pet\n|\n|upkeep\n|turn|46\n|\n|t:|1700896314\n|move|p1a: Ceruledge|Bitter Blade|p2a: you are my pet\n|-damage|p2a: you are my pet|66\/100\n|move|p2a: you are my pet|Poison Jab|p1a: Ceruledge\n|-resisted|p1a: Ceruledge\n|-damage|p1a: Ceruledge|84\/100\n|-ability|p1a: Ceruledge|Weak Armor|boost\n|-unboost|p1a: Ceruledge|def|1\n|-boost|p1a: Ceruledge|spe|2\n|\n|-heal|p2a: you are my pet|72\/100|[from] item: Leftovers\n|upkeep\n|turn|47\n|\n|t:|1700896320\n|move|p1a: Ceruledge|Poltergeist|p2a: you are my pet\n|-activate|p2a: you are my pet|move: Poltergeist|Leftovers\n|-damage|p2a: you are my pet|14\/100\n|move|p2a: you are my pet|Recover|p2a: you are my pet\n|-heal|p2a: you are my pet|64\/100\n|\n|-heal|p2a: you are my pet|70\/100|[from] item: Leftovers\n|upkeep\n|turn|48\n|\n|t:|1700896325\n|move|p1a: Ceruledge|Poltergeist|p2a: you are my pet\n|-activate|p2a: you are my pet|move: Poltergeist|Leftovers\n|-damage|p2a: you are my pet|15\/100\n|move|p2a: you are my pet|Recover|p2a: you are my pet\n|-heal|p2a: you are my pet|65\/100\n|\n|-heal|p2a: you are my pet|71\/100|[from] item: Leftovers\n|upkeep\n|turn|49\n|\n|t:|1700896328\n|move|p1a: Ceruledge|Bitter Blade|p2a: you are my pet\n|-damage|p2a: you are my pet|37\/100\n|-heal|p1a: Ceruledge|100\/100|[from] drain|[of] p2a: you are my pet\n|move|p2a: you are my pet|Recover|p2a: you are my pet\n|-heal|p2a: you are my pet|87\/100\n|\n|-heal|p2a: you are my pet|93\/100|[from] item: Leftovers\n|upkeep\n|turn|50\n|\n|t:|1700896332\n|move|p1a: Ceruledge|Poltergeist|p2a: you are my pet\n|-activate|p2a: you are my pet|move: Poltergeist|Leftovers\n|-damage|p2a: you are my pet|35\/100\n|move|p2a: you are my pet|Recover|p2a: you are my pet\n|-heal|p2a: you are my pet|85\/100\n|\n|-heal|p2a: you are my pet|91\/100|[from] item: Leftovers\n|upkeep\n|turn|51\n|\n|t:|1700896340\n|move|p1a: Ceruledge|Bitter Blade|p2a: you are my pet\n|-damage|p2a: you are my pet|60\/100\n|move|p2a: you are my pet|Poison Jab|p1a: Ceruledge\n|-resisted|p1a: Ceruledge\n|-damage|p1a: Ceruledge|86\/100\n|-ability|p1a: Ceruledge|Weak Armor|boost\n|-unboost|p1a: Ceruledge|def|1\n|-boost|p1a: Ceruledge|spe|2\n|\n|-heal|p2a: you are my pet|67\/100|[from] item: Leftovers\n|upkeep\n|turn|52\n|\n|t:|1700896343\n|move|p1a: Ceruledge|Bitter Blade|p2a: you are my pet\n|-damage|p2a: you are my pet|35\/100\n|-heal|p1a: Ceruledge|100\/100|[from] drain|[of] p2a: you are my pet\n|move|p2a: you are my pet|Recover|p2a: you are my pet\n|-heal|p2a: you are my pet|85\/100\n|\n|-heal|p2a: you are my pet|91\/100|[from] item: Leftovers\n|upkeep\n|turn|53\n|\n|t:|1700896346\n|move|p1a: Ceruledge|Bitter Blade|p2a: you are my pet\n|-damage|p2a: you are my pet|58\/100\n|move|p2a: you are my pet|Poison Jab|p1a: Ceruledge\n|-resisted|p1a: Ceruledge\n|-damage|p1a: Ceruledge|85\/100\n|-ability|p1a: Ceruledge|Weak Armor|boost\n|-unboost|p1a: Ceruledge|def|1\n|-boost|p1a: Ceruledge|spe|2\n|\n|-heal|p2a: you are my pet|64\/100|[from] item: Leftovers\n|upkeep\n|turn|54\n|\n|t:|1700896350\n|move|p1a: Ceruledge|Poltergeist|p2a: you are my pet\n|-activate|p2a: you are my pet|move: Poltergeist|Leftovers\n|-damage|p2a: you are my pet|7\/100\n|move|p2a: you are my pet|Recover|p2a: you are my pet\n|-heal|p2a: you are my pet|57\/100\n|\n|-heal|p2a: you are my pet|63\/100|[from] item: Leftovers\n|upkeep\n|turn|55\n|\n|t:|1700896355\n|move|p1a: Ceruledge|Bitter Blade|p2a: you are my pet\n|-damage|p2a: you are my pet|29\/100\n|-heal|p1a: Ceruledge|100\/100|[from] drain|[of] p2a: you are my pet\n|move|p2a: you are my pet|Recover|p2a: you are my pet\n|-heal|p2a: you are my pet|79\/100\n|\n|-heal|p2a: you are my pet|85\/100|[from] item: Leftovers\n|upkeep\n|turn|56\n|\n|t:|1700896358\n|move|p1a: Ceruledge|Bitter Blade|p2a: you are my pet\n|-damage|p2a: you are my pet|54\/100\n|move|p2a: you are my pet|Poison Jab|p1a: Ceruledge\n|-resisted|p1a: Ceruledge\n|-damage|p1a: Ceruledge|86\/100\n|-ability|p1a: Ceruledge|Weak Armor|boost\n|-unboost|p1a: Ceruledge|def|1\n|\n|-heal|p2a: you are my pet|60\/100|[from] item: Leftovers\n|upkeep\n|turn|57\n|\n|t:|1700896361\n|move|p1a: Ceruledge|Bitter Blade|p2a: you are my pet\n|-damage|p2a: you are my pet|25\/100\n|-heal|p1a: Ceruledge|100\/100|[from] drain|[of] p2a: you are my pet\n|move|p2a: you are my pet|Poison Jab|p1a: Ceruledge\n|-resisted|p1a: Ceruledge\n|-damage|p1a: Ceruledge|86\/100\n|-ability|p1a: Ceruledge|Weak Armor|boost\n|-unboost|p1a: Ceruledge|def|1\n|\n|-heal|p2a: you are my pet|31\/100|[from] item: Leftovers\n|upkeep\n|turn|58\n|\n|t:|1700896364\n|move|p1a: Ceruledge|Bitter Blade|p2a: you are my pet\n|-damage|p2a: you are my pet|0 fnt\n|-heal|p1a: Ceruledge|100\/100|[from] drain|[of] p2a: you are my pet\n|faint|p2a: you are my pet\n|\n|upkeep\n|\n|t:|1700896370\n|switch|p2a: Your father.|Talonflame, M|77\/100\n|turn|59\n|\n|t:|1700896374\n|move|p1a: Ceruledge|Shadow Sneak|p2a: Your father.\n|-damage|p2a: Your father.|0 fnt\n|faint|p2a: Your father.\n|\n|upkeep\n|\n|t:|1700896382\n|switch|p2a: ur my lizard|Cyclizar, M|100\/100\n|turn|60\n|\n|t:|1700896385\n|switch|p2a: I own you.|Wo-Chien|32\/100\n|-ability|p2a: I own you.|Tablets of Ruin\n|move|p1a: Ceruledge|Shadow Sneak|p2a: I own you.\n|-resisted|p2a: I own you.\n|-damage|p2a: I own you.|5\/100\n|\n|-heal|p2a: I own you.|11\/100|[from] item: Leftovers\n|upkeep\n|turn|61\n|\n|t:|1700896390\n|switch|p2a: ur my lizard|Cyclizar, M|100\/100\n|move|p1a: Ceruledge|Shadow Sneak|p2a: ur my lizard\n|-immune|p2a: ur my lizard\n|\n|upkeep\n|turn|62\n|\n|t:|1700896393\n|move|p2a: ur my lizard|Protect|p2a: ur my lizard\n|-singleturn|p2a: ur my lizard|Protect\n|move|p1a: Ceruledge|Bitter Blade|p2a: ur my lizard\n|-activate|p2a: ur my lizard|move: Protect\n|\n|upkeep\n|turn|63\n|\n|t:|1700896397\n|switch|p2a: I own you.|Wo-Chien|11\/100\n|-ability|p2a: I own you.|Tablets of Ruin\n|move|p1a: Ceruledge|Shadow Sneak|p2a: I own you.\n|-resisted|p2a: I own you.\n|-crit|p2a: I own you.\n|-damage|p2a: I own you.|0 fnt\n|faint|p2a: I own you.\n|\n|upkeep\n|\n|t:|1700896399\n|switch|p2a: You are my son|Alomomola, M|100\/100\n|turn|64\n|\n|t:|1700896402\n|move|p1a: Ceruledge|Shadow Sneak|p2a: You are my son\n|-damage|p2a: You are my son|47\/100\n|-damage|p1a: Ceruledge|84\/100|[from] item: Rocky Helmet|[of] p2a: You are my son\n|move|p2a: You are my son|Wish|p2a: You are my son\n|\n|upkeep\n|turn|65\n|\n|t:|1700896411\n|move|p2a: You are my son|Protect|p2a: You are my son\n|-singleturn|p2a: You are my son|Protect\n|move|p1a: Ceruledge|Shadow Sneak|p2a: You are my son\n|-activate|p2a: You are my son|move: Protect\n|\n|-heal|p2a: You are my son|97\/100|[from] move: Wish|[wisher] You are my son\n|upkeep\n|turn|66\n|\n|t:|1700896415\n|move|p1a: Ceruledge|Bitter Blade|p2a: You are my son\n|-resisted|p2a: You are my son\n|-damage|p2a: You are my son|47\/100\n|-heal|p1a: Ceruledge|100\/100|[from] drain|[of] p2a: You are my son\n|-damage|p1a: Ceruledge|84\/100|[from] item: Rocky Helmet|[of] p2a: You are my son\n|move|p2a: You are my son|Wish|p2a: You are my son\n|\n|upkeep\n|turn|67\n|\n|t:|1700896428\n|move|p2a: You are my son|Protect|p2a: You are my son\n|-singleturn|p2a: You are my son|Protect\n|move|p1a: Ceruledge|Shadow Sneak|p2a: You are my son\n|-activate|p2a: You are my son|move: Protect\n|\n|-heal|p2a: You are my son|97\/100|[from] move: Wish|[wisher] You are my son\n|upkeep\n|turn|68\n|\n|t:|1700896430\n|move|p1a: Ceruledge|Shadow Sneak|p2a: You are my son\n|-damage|p2a: You are my son|42\/100\n|-damage|p1a: Ceruledge|68\/100|[from] item: Rocky Helmet|[of] p2a: You are my son\n|move|p2a: You are my son|Wish|p2a: You are my son\n|\n|upkeep\n|turn|69\n|\n|t:|1700896439\n|move|p2a: You are my son|Protect|p2a: You are my son\n|-singleturn|p2a: You are my son|Protect\n|move|p1a: Ceruledge|Shadow Sneak|p2a: You are my son\n|-activate|p2a: You are my son|move: Protect\n|\n|-heal|p2a: You are my son|92\/100|[from] move: Wish|[wisher] You are my son\n|upkeep\n|turn|70\n|\n|t:|1700896443\n|move|p1a: Ceruledge|Shadow Sneak|p2a: You are my son\n|-damage|p2a: You are my son|36\/100\n|-damage|p1a: Ceruledge|51\/100|[from] item: Rocky Helmet|[of] p2a: You are my son\n|move|p2a: You are my son|Wish|p2a: You are my son\n|\n|upkeep\n|turn|71\n|\n|t:|1700896447\n|move|p2a: You are my son|Protect|p2a: You are my son\n|-singleturn|p2a: You are my son|Protect\n|move|p1a: Ceruledge|Shadow Sneak|p2a: You are my son\n|-activate|p2a: You are my son|move: Protect\n|\n|-heal|p2a: You are my son|86\/100|[from] move: Wish|[wisher] You are my son\n|upkeep\n|turn|72\n|\n|t:|1700896453\n|move|p1a: Ceruledge|Shadow Sneak|p2a: You are my son\n|-damage|p2a: You are my son|24\/100\n|-damage|p1a: Ceruledge|35\/100|[from] item: Rocky Helmet|[of] p2a: You are my son\n|move|p2a: You are my son|Wish|p2a: You are my son\n|\n|upkeep\n|turn|73\n|\n|t:|1700896457\n|move|p2a: You are my son|Protect|p2a: You are my son\n|-singleturn|p2a: You are my son|Protect\n|move|p1a: Ceruledge|Shadow Sneak|p2a: You are my son\n|-activate|p2a: You are my son|move: Protect\n|\n|-heal|p2a: You are my son|74\/100|[from] move: Wish|[wisher] You are my son\n|upkeep\n|turn|74\n|j| encostoo\n|\n|t:|1700896459\n|switch|p2a: ur my lizard|Cyclizar, M|100\/100\n|move|p1a: Ceruledge|Shadow Sneak|p2a: ur my lizard\n|-immune|p2a: ur my lizard\n|\n|upkeep\n|turn|75\n|\n|t:|1700896464\n|switch|p2a: You are my son|Alomomola, M|100\/100\n|move|p1a: Ceruledge|Shadow Sneak|p2a: You are my son\n|-damage|p2a: You are my son|39\/100\n|-damage|p1a: Ceruledge|18\/100|[from] item: Rocky Helmet|[of] p2a: You are my son\n|\n|upkeep\n|turn|76\n|\n|t:|1700896469\n|switch|p2a: ur my lizard|Cyclizar, M|100\/100\n|move|p1a: Ceruledge|Bitter Blade|p2a: ur my lizard\n|-resisted|p2a: ur my lizard\n|-damage|p2a: ur my lizard|0 fnt\n|-heal|p1a: Ceruledge|77\/100|[from] drain|[of] p2a: ur my lizard\n|faint|p2a: ur my lizard\n|\n|upkeep\n|\n|t:|1700896471\n|switch|p2a: You are my son|Alomomola, M|72\/100\n|turn|77\n|\n|t:|1700896473\n|move|p1a: Ceruledge|Shadow Sneak|p2a: You are my son\n|-damage|p2a: You are my son|18\/100\n|-damage|p1a: Ceruledge|61\/100|[from] item: Rocky Helmet|[of] p2a: You are my son\n|move|p2a: You are my son|Wish|p2a: You are my son\n|\n|upkeep\n|turn|78\n|\n|t:|1700896476\n|move|p2a: You are my son|Protect|p2a: You are my son\n|-singleturn|p2a: You are my son|Protect\n|move|p1a: Ceruledge|Shadow Sneak|p2a: You are my son\n|-activate|p2a: You are my son|move: Protect\n|\n|-heal|p2a: You are my son|68\/100|[from] move: Wish|[wisher] You are my son\n|upkeep\n|turn|79\n|\n|t:|1700896478\n|switch|p2a: I'm your mom.|Blissey, F|100\/100\n|move|p1a: Ceruledge|Shadow Sneak|p2a: I'm your mom.\n|-immune|p2a: I'm your mom.\n|\n|upkeep\n|turn|80\n|\n|t:|1700896482\n|move|p1a: Ceruledge|Bitter Blade|p2a: I'm your mom.\n|-damage|p2a: I'm your mom.|0 fnt\n|-heal|p1a: Ceruledge|100\/100|[from] drain|[of] p2a: I'm your mom.\n|faint|p2a: I'm your mom.\n|\n|upkeep\n|-message|knexhawk2 forfeited.\n|\n|win|Ctannn\n|raw|Ctannn's rating: 1714 &rarr; <strong>1739<\/strong><br \/>(+25 for winning)\n|raw|knexhawk2's rating: 1802 &rarr; <strong>1777<\/strong><br \/>(-25 for losing)\n|l|\u2606knexhawk2\n","uploadtime":1700896549,"views":7,"p1id":"ctannn","p2id":"knexhawk2","formatid":"gen9ou","rating":1739,"private":0,"password":""}