{"id":"gen9ou-1993348372","p1":"acvo1","p2":"teacherba'sfan","format":"[Gen 9] OU","log":"|j|\u2606acvo1\n|j|\u2606teacherba'sfan\n|t:|1700303427\n|gametype|singles\n|player|p1|acvo1|harlequin|1238\n|player|p2|teacherba'sfan|266|1171\n|teamsize|p1|6\n|teamsize|p2|6\n|gen|9\n|tier|[Gen 9] OU\n|rated|\n|rule|Sleep Clause Mod: Limit one foe put to sleep\n|rule|Species Clause: Limit one of each Pok\u00e9mon\n|rule|OHKO Clause: OHKO moves are banned\n|rule|Evasion Items Clause: Evasion items are banned\n|rule|Evasion Moves Clause: Evasion moves are banned\n|rule|Endless Battle Clause: Forcing endless battles is banned\n|rule|HP Percentage Mod: HP is shown in percentages\n|clearpoke\n|poke|p1|Dragapult, M|\n|poke|p1|Skeledirge, F|\n|poke|p1|Mandibuzz, F|\n|poke|p1|Weezing-Galar, F|\n|poke|p1|Milotic, M|\n|poke|p1|Clodsire, F|\n|poke|p2|Espeon, F|\n|poke|p2|Magnezone|\n|poke|p2|Milotic, F|\n|poke|p2|Infernape, M|\n|poke|p2|Gengar, F|\n|poke|p2|Dragonite, M|\n|teampreview\n|inactive|Battle timer is ON: inactive players will automatically lose when time's up. (requested by teacherba'sfan)\n|\n|t:|1700303440\n|start\n|switch|p1a: Clodsire|Clodsire, F|100\/100\n|switch|p2a: Espeon|Espeon, F|100\/100\n|turn|1\n|\n|t:|1700303447\n|switch|p1a: Mandibuzz|Mandibuzz, F|100\/100\n|move|p2a: Espeon|Trick|p1a: Mandibuzz\n|-activate|p2a: Espeon|move: Trick|[of] p1a: Mandibuzz\n|-item|p1a: Mandibuzz|Choice Scarf|[from] move: Trick\n|-item|p2a: Espeon|Heavy-Duty Boots|[from] move: Trick\n|\n|upkeep\n|turn|2\n|\n|t:|1700303470\n|move|p2a: Espeon|Dazzling Gleam|p1a: Mandibuzz\n|-supereffective|p1a: Mandibuzz\n|-damage|p1a: Mandibuzz|51\/100\n|move|p1a: Mandibuzz|Foul Play|p2a: Espeon\n|-supereffective|p2a: Espeon\n|-damage|p2a: Espeon|34\/100\n|\n|upkeep\n|turn|3\n|inactive|acvo1 has 120 seconds left.\n|\n|t:|1700303497\n|switch|p2a: Magnezone|Magnezone|100\/100\n|switch|p1a: Milotic|Milotic, M|100\/100\n|\n|upkeep\n|turn|4\n|inactive|acvo1 has 120 seconds left.\n|\n|t:|1700303512\n|switch|p1a: Clodsire|Clodsire, F|100\/100\n|-terastallize|p2a: Magnezone|Fairy\n|move|p2a: Magnezone|Flash Cannon|p1a: Clodsire\n|-damage|p1a: Clodsire|62\/100\n|\n|-heal|p1a: Clodsire|69\/100|[from] item: Black Sludge\n|upkeep\n|turn|5\n|inactive|acvo1 has 120 seconds left.\n|inactive|acvo1 has 90 seconds left.\n|\n|t:|1700303553\n|move|p2a: Magnezone|Tera Blast|p1a: Clodsire|[anim] Tera Blast Fairy\n|-resisted|p1a: Clodsire\n|-damage|p1a: Clodsire|54\/100\n|move|p1a: Clodsire|Earthquake|p2a: Magnezone\n|-damage|p2a: Magnezone|80\/100\n|\n|-heal|p1a: Clodsire|60\/100|[from] item: Black Sludge\n|upkeep\n|turn|6\n|inactive|acvo1 has 90 seconds left.\n|\n|t:|1700303566\n|switch|p2a: Dragonite|Dragonite, M|100\/100\n|move|p1a: Clodsire|Earthquake|p2a: Dragonite\n|-immune|p2a: Dragonite\n|\n|-heal|p1a: Clodsire|66\/100|[from] item: Black Sludge\n|upkeep\n|turn|7\n|inactive|acvo1 has 90 seconds left.\n|\n|t:|1700303583\n|switch|p1a: Mandibuzz|Mandibuzz, F|51\/100\n|move|p2a: Dragonite|Dragon Dance|p2a: Dragonite\n|-boost|p2a: Dragonite|atk|1\n|-boost|p2a: Dragonite|spe|1\n|\n|upkeep\n|turn|8\n|inactive|acvo1 has 90 seconds left.\n|\n|t:|1700303591\n|move|p2a: Dragonite|Outrage|p1a: Mandibuzz\n|-crit|p1a: Mandibuzz\n|-damage|p1a: Mandibuzz|0 fnt\n|faint|p1a: Mandibuzz\n|\n|upkeep\n|inactive|acvo1 has 90 seconds left.\n|\n|t:|1700303599\n|switch|p1a: Weezing|Weezing-Galar, F|100\/100\n|-ability|p1a: Weezing|Neutralizing Gas\n|turn|9\n|inactive|acvo1 has 90 seconds left.\n|\n|t:|1700303612\n|move|p2a: Dragonite|Outrage|p1a: Weezing|[from]lockedmove\n|-immune|p1a: Weezing\n|move|p1a: Weezing|Sludge Bomb|p2a: Dragonite\n|-damage|p2a: Dragonite|71\/100\n|\n|upkeep\n|turn|10\n|\n|t:|1700303627\n|move|p2a: Dragonite|Earthquake|p1a: Weezing\n|-supereffective|p1a: Weezing\n|-damage|p1a: Weezing|27\/100\n|move|p1a: Weezing|Sludge Bomb|p2a: Dragonite\n|-damage|p2a: Dragonite|42\/100\n|-status|p2a: Dragonite|psn\n|\n|-heal|p1a: Weezing|33\/100|[from] item: Leftovers\n|-damage|p2a: Dragonite|29\/100 psn|[from] psn\n|upkeep\n|turn|11\n|\n|t:|1700303639\n|-terastallize|p1a: Weezing|Flying\n|move|p2a: Dragonite|Earthquake|p1a: Weezing\n|-immune|p1a: Weezing\n|move|p1a: Weezing|Sludge Bomb|p2a: Dragonite\n|-damage|p2a: Dragonite|3\/100 psn\n|\n|-heal|p1a: Weezing|39\/100|[from] item: Leftovers\n|-damage|p2a: Dragonite|0 fnt|[from] psn\n|faint|p2a: Dragonite\n|upkeep\n|\n|t:|1700303650\n|switch|p2a: Magnezone|Magnezone, tera:Fairy|80\/100\n|turn|12\n|\n|t:|1700303657\n|-end|p1a: Weezing|ability: Neutralizing Gas\n|switch|p1a: Clodsire|Clodsire, F|66\/100\n|move|p2a: Magnezone|Flash Cannon|p1a: Clodsire\n|-damage|p1a: Clodsire|26\/100\n|\n|-heal|p1a: Clodsire|33\/100|[from] item: Black Sludge\n|upkeep\n|turn|13\n|\n|t:|1700303665\n|move|p1a: Clodsire|Protect|p1a: Clodsire\n|-singleturn|p1a: Clodsire|Protect\n|move|p2a: Magnezone|Flash Cannon|p1a: Clodsire\n|-activate|p1a: Clodsire|move: Protect\n|\n|-heal|p1a: Clodsire|39\/100|[from] item: Black Sludge\n|upkeep\n|turn|14\n|\n|t:|1700303675\n|switch|p1a: Skeledirge|Skeledirge, F|100\/100\n|move|p2a: Magnezone|Flash Cannon|p1a: Skeledirge\n|-resisted|p1a: Skeledirge\n|-damage|p1a: Skeledirge|76\/100\n|\n|upkeep\n|turn|15\n|\n|t:|1700303683\n|switch|p2a: Milotic|Milotic, F|100\/100\n|move|p1a: Skeledirge|Will-O-Wisp|p2a: Milotic\n|-status|p2a: Milotic|brn\n|\n|-damage|p2a: Milotic|94\/100 brn|[from] brn\n|upkeep\n|turn|16\n|inactive|acvo1 has 120 seconds left.\n|\n|t:|1700303708\n|move|p1a: Skeledirge|Hex|p2a: Milotic\n|-damage|p2a: Milotic|68\/100 brn\n|move|p2a: Milotic|Ice Beam|p1a: Skeledirge\n|-resisted|p1a: Skeledirge\n|-damage|p1a: Skeledirge|68\/100\n|\n|-heal|p2a: Milotic|74\/100 brn|[from] item: Leftovers\n|-damage|p2a: Milotic|68\/100 brn|[from] brn\n|upkeep\n|turn|17\n|\n|t:|1700303719\n|move|p1a: Skeledirge|Torch Song|p2a: Milotic\n|-resisted|p2a: Milotic\n|-damage|p2a: Milotic|60\/100 brn\n|-boost|p1a: Skeledirge|spa|1\n|move|p2a: Milotic|Surf|p1a: Skeledirge\n|-supereffective|p1a: Skeledirge\n|-damage|p1a: Skeledirge|20\/100\n|\n|-heal|p2a: Milotic|66\/100 brn|[from] item: Leftovers\n|-damage|p2a: Milotic|60\/100 brn|[from] brn\n|upkeep\n|turn|18\n|\n|t:|1700303731\n|move|p1a: Skeledirge|Slack Off|p1a: Skeledirge\n|-heal|p1a: Skeledirge|70\/100\n|move|p2a: Milotic|Surf|p1a: Skeledirge\n|-supereffective|p1a: Skeledirge\n|-damage|p1a: Skeledirge|15\/100\n|\n|-heal|p2a: Milotic|66\/100 brn|[from] item: Leftovers\n|-damage|p2a: Milotic|60\/100 brn|[from] brn\n|upkeep\n|turn|19\n|\n|t:|1700303747\n|move|p1a: Skeledirge|Slack Off|p1a: Skeledirge\n|-heal|p1a: Skeledirge|66\/100\n|move|p2a: Milotic|Surf|p1a: Skeledirge\n|-supereffective|p1a: Skeledirge\n|-damage|p1a: Skeledirge|15\/100\n|\n|-heal|p2a: Milotic|66\/100 brn|[from] item: Leftovers\n|-damage|p2a: Milotic|60\/100 brn|[from] brn\n|upkeep\n|turn|20\n|inactive|acvo1 has 90 seconds left.\n|\n|t:|1700303768\n|move|p1a: Skeledirge|Slack Off|p1a: Skeledirge\n|-heal|p1a: Skeledirge|65\/100\n|move|p2a: Milotic|Surf|p1a: Skeledirge\n|-supereffective|p1a: Skeledirge\n|-damage|p1a: Skeledirge|18\/100\n|\n|-heal|p2a: Milotic|66\/100 brn|[from] item: Leftovers\n|-damage|p2a: Milotic|60\/100 brn|[from] brn\n|upkeep\n|turn|21\n|inactive|acvo1 has 90 seconds left.\n|\n|t:|1700303794\n|move|p1a: Skeledirge|Slack Off|p1a: Skeledirge\n|-heal|p1a: Skeledirge|68\/100\n|move|p2a: Milotic|Surf|p1a: Skeledirge\n|-supereffective|p1a: Skeledirge\n|-damage|p1a: Skeledirge|16\/100\n|\n|-heal|p2a: Milotic|66\/100 brn|[from] item: Leftovers\n|-damage|p2a: Milotic|60\/100 brn|[from] brn\n|upkeep\n|turn|22\n|\n|t:|1700303805\n|switch|p1a: Milotic|Milotic, M|100\/100\n|move|p2a: Milotic|Surf|p1a: Milotic\n|-resisted|p1a: Milotic\n|-damage|p1a: Milotic|92\/100\n|\n|-heal|p2a: Milotic|66\/100 brn|[from] item: Leftovers\n|-damage|p2a: Milotic|60\/100 brn|[from] brn\n|upkeep\n|turn|23\n|\n|t:|1700303824\n|switch|p2a: Espeon|Espeon, F|34\/100\n|move|p1a: Milotic|Scald|p2a: Espeon\n|-damage|p2a: Espeon|0 fnt\n|faint|p2a: Espeon\n|\n|upkeep\n|\n|t:|1700303830\n|switch|p2a: Magnezone|Magnezone, tera:Fairy|80\/100\n|turn|24\n|\n|t:|1700303836\n|move|p2a: Magnezone|Flash Cannon|p1a: Milotic\n|-resisted|p1a: Milotic\n|-damage|p1a: Milotic|78\/100\n|move|p1a: Milotic|Mirror Coat|p2a: Magnezone\n|-damage|p2a: Magnezone|41\/100\n|\n|upkeep\n|turn|25\n|\n|t:|1700303846\n|move|p1a: Milotic|Scald|p2a: Magnezone\n|-damage|p2a: Magnezone|17\/100\n|move|p2a: Magnezone|Thunderbolt|p1a: Milotic\n|-supereffective|p1a: Milotic\n|-damage|p1a: Milotic|0 fnt\n|faint|p1a: Milotic\n|\n|upkeep\n|\n|t:|1700303854\n|switch|p1a: Dragapult|Dragapult, M|100\/100\n|turn|26\n|\n|t:|1700303862\n|move|p1a: Dragapult|Shadow Ball|p2a: Magnezone\n|-damage|p2a: Magnezone|0 fnt\n|faint|p2a: Magnezone\n|\n|upkeep\n|\n|t:|1700303869\n|switch|p2a: Gengar|Gengar, F|100\/100\n|turn|27\n|inactive|acvo1 has 90 seconds left.\n|\n|t:|1700303879\n|switch|p1a: Clodsire|Clodsire, F|39\/100\n|move|p2a: Gengar|Shadow Ball|p1a: Clodsire\n|-damage|p1a: Clodsire|10\/100\n|\n|-heal|p1a: Clodsire|17\/100|[from] item: Black Sludge\n|upkeep\n|turn|28\n|\n|t:|1700303889\n|move|p1a: Clodsire|Protect|p1a: Clodsire\n|-singleturn|p1a: Clodsire|Protect\n|move|p2a: Gengar|Shadow Ball|p1a: Clodsire\n|-activate|p1a: Clodsire|move: Protect\n|\n|-heal|p1a: Clodsire|23\/100|[from] item: Black Sludge\n|upkeep\n|turn|29\n|\n|t:|1700303897\n|move|p2a: Gengar|Shadow Ball|p1a: Clodsire\n|-damage|p1a: Clodsire|0 fnt\n|faint|p1a: Clodsire\n|\n|upkeep\n|inactive|acvo1 has 90 seconds left.\n|\n|t:|1700303917\n|switch|p1a: Weezing|Weezing-Galar, F, tera:Flying|39\/100\n|-ability|p1a: Weezing|Neutralizing Gas\n|turn|30\n|inactive|acvo1 has 90 seconds left.\n|\n|t:|1700303929\n|move|p2a: Gengar|Sludge Bomb|p1a: Weezing\n|-damage|p1a: Weezing|0 fnt\n|faint|p1a: Weezing\n|-end|p1a: Weezing|ability: Neutralizing Gas\n|\n|upkeep\n|inactive|acvo1 has 90 seconds left.\n|\n|t:|1700303936\n|switch|p1a: Dragapult|Dragapult, M|100\/100\n|turn|31\n|\n|t:|1700303941\n|move|p1a: Dragapult|Shadow Ball|p2a: Gengar\n|-supereffective|p2a: Gengar\n|-enditem|p2a: Gengar|Focus Sash\n|-damage|p2a: Gengar|1\/100\n|-unboost|p2a: Gengar|spd|1\n|move|p2a: Gengar|Shadow Ball|p1a: Dragapult\n|-supereffective|p1a: Dragapult\n|-damage|p1a: Dragapult|0 fnt\n|faint|p1a: Dragapult\n|\n|upkeep\n|\n|t:|1700303952\n|switch|p1a: Skeledirge|Skeledirge, F|16\/100\n|turn|32\n|\n|t:|1700303956\n|move|p2a: Gengar|Shadow Ball|p1a: Skeledirge\n|-supereffective|p1a: Skeledirge\n|-damage|p1a: Skeledirge|0 fnt\n|faint|p1a: Skeledirge\n|\n|win|teacherba'sfan\n|raw|acvo1's rating: 1238 &rarr; <strong>1208<\/strong><br \/>(-30 for losing)\n|raw|teacherba&apos;sfan's rating: 1171 &rarr; <strong>1201<\/strong><br \/>(+30 for winning)\n|l|\u2606acvo1\n","uploadtime":1700303965,"views":15,"p1id":"acvo1","p2id":"teacherbasfan","formatid":"gen9ou","rating":1201,"private":0,"password":""}