{"id":"gen9ou-1991770209","p1":"DeltAstra","p2":"Nateredbeard","format":"[Gen 9] OU","log":"|j|\u2606DeltAstra\n|j|\u2606Nateredbeard\n|t:|1700114163\n|gametype|singles\n|player|p1|DeltAstra|ash-kalos|1037\n|player|p2|Nateredbeard|unknown|1030\n|teamsize|p1|6\n|teamsize|p2|6\n|gen|9\n|tier|[Gen 9] OU\n|rated|\n|rule|Sleep Clause Mod: Limit one foe put to sleep\n|rule|Species Clause: Limit one of each Pok\u00e9mon\n|rule|OHKO Clause: OHKO moves are banned\n|rule|Evasion Items Clause: Evasion items are banned\n|rule|Evasion Moves Clause: Evasion moves are banned\n|rule|Endless Battle Clause: Forcing endless battles is banned\n|rule|HP Percentage Mod: HP is shown in percentages\n|clearpoke\n|poke|p1|Chandelure, F|\n|poke|p1|Azumarill, F|\n|poke|p1|Pikachu-Partner, M|\n|poke|p1|Corviknight, F|\n|poke|p1|Clodsire, F|\n|poke|p1|Hatterene, F|\n|poke|p2|Amoonguss, F|\n|poke|p2|Dragonite, F|\n|poke|p2|Cinderace, F|\n|poke|p2|Corviknight, F|\n|poke|p2|Kingambit, M|\n|poke|p2|Gyarados, F|\n|teampreview\n|\n|t:|1700114171\n|start\n|switch|p1a: Plushie bait|Clodsire, F|100\/100\n|switch|p2a: Corviknight|Corviknight, F|100\/100\n|turn|1\n|\n|t:|1700114180\n|move|p2a: Corviknight|Body Press|p1a: Plushie bait\n|-resisted|p1a: Plushie bait\n|-damage|p1a: Plushie bait|85\/100\n|move|p1a: Plushie bait|Stealth Rock|p2a: Corviknight\n|-sidestart|p2: Nateredbeard|move: Stealth Rock\n|\n|-heal|p1a: Plushie bait|91\/100|[from] item: Leftovers\n|upkeep\n|turn|2\n|\n|t:|1700114193\n|switch|p1a: ITS SPOOKY SEASON|Chandelure, F|100\/100\n|move|p2a: Corviknight|Body Press|p1a: ITS SPOOKY SEASON\n|-immune|p1a: ITS SPOOKY SEASON\n|\n|upkeep\n|turn|3\n|inactive|Battle timer is ON: inactive players will automatically lose when time's up. (requested by DeltAstra)\n|\n|t:|1700114213\n|move|p1a: ITS SPOOKY SEASON|Trick|p2a: Corviknight\n|-activate|p1a: ITS SPOOKY SEASON|move: Trick|[of] p2a: Corviknight\n|-item|p2a: Corviknight|Choice Specs|[from] move: Trick\n|-item|p1a: ITS SPOOKY SEASON|Covert Cloak|[from] move: Trick\n|move|p2a: Corviknight|Reflect|p2a: Corviknight\n|-sidestart|p2: Nateredbeard|Reflect\n|\n|upkeep\n|turn|4\n|\n|t:|1700114230\n|switch|p2a: Cinderace|Cinderace, F|100\/100\n|move|p1a: ITS SPOOKY SEASON|Fire Blast|p2a: Cinderace\n|-resisted|p2a: Cinderace\n|-damage|p2a: Cinderace|57\/100\n|\n|upkeep\n|turn|5\n|\n|t:|1700114243\n|move|p2a: Cinderace|Sucker Punch|p1a: ITS SPOOKY SEASON\n|-start|p2a: Cinderace|typechange|Dark|[from] ability: Libero\n|-supereffective|p1a: ITS SPOOKY SEASON\n|-crit|p1a: ITS SPOOKY SEASON\n|-damage|p1a: ITS SPOOKY SEASON|0 fnt\n|faint|p1a: ITS SPOOKY SEASON\n|\n|upkeep\n|\n|t:|1700114251\n|switch|p1a: Hollow Eyes|Azumarill, F|100\/100\n|turn|6\n|\n|t:|1700114259\n|move|p2a: Cinderace|U-turn|p1a: Hollow Eyes\n|-resisted|p1a: Hollow Eyes\n|-damage|p1a: Hollow Eyes|86\/100\n|\n|t:|1700114266\n|switch|p2a: Amoonguss|Amoonguss, F|100\/100|[from] U-turn\n|-damage|p2a: Amoonguss|88\/100|[from] Stealth Rock\n|move|p1a: Hollow Eyes|Belly Drum|p1a: Hollow Eyes\n|-damage|p1a: Hollow Eyes|36\/100\n|-setboost|p1a: Hollow Eyes|atk|6|[from] move: Belly Drum\n|-enditem|p1a: Hollow Eyes|Sitrus Berry|[eat]\n|-heal|p1a: Hollow Eyes|61\/100|[from] item: Sitrus Berry\n|\n|-heal|p2a: Amoonguss|94\/100|[from] item: Leftovers\n|upkeep\n|turn|7\n|\n|t:|1700114283\n|move|p1a: Hollow Eyes|Knock Off|p2a: Amoonguss\n|-damage|p2a: Amoonguss|12\/100\n|-enditem|p2a: Amoonguss|Leftovers|[from] move: Knock Off|[of] p1a: Hollow Eyes\n|move|p2a: Amoonguss|Leaf Storm|p1a: Hollow Eyes\n|-supereffective|p1a: Hollow Eyes\n|-crit|p1a: Hollow Eyes\n|-damage|p1a: Hollow Eyes|0 fnt\n|-unboost|p2a: Amoonguss|spa|2\n|faint|p1a: Hollow Eyes\n|\n|-sideend|p2: Nateredbeard|Reflect\n|upkeep\n|\n|t:|1700114294\n|switch|p1a: Cant wear hat|Pikachu-Partner, M|100\/100\n|turn|8\n|\n|t:|1700114306\n|switch|p2a: Cinderace|Cinderace, F|57\/100\n|move|p1a: Cant wear hat|Discharge|p2a: Cinderace\n|-damage|p2a: Cinderace|0 fnt\n|faint|p2a: Cinderace\n|\n|upkeep\n|\n|t:|1700114314\n|switch|p2a: Gyarados|Gyarados, F|100\/100\n|-damage|p2a: Gyarados|75\/100|[from] Stealth Rock\n|turn|9\n|\n|t:|1700114334\n|move|p1a: Cant wear hat|Nuzzle|p2a: Gyarados\n|-supereffective|p2a: Gyarados\n|-damage|p2a: Gyarados|32\/100\n|-status|p2a: Gyarados|par\n|move|p2a: Gyarados|Earthquake|p1a: Cant wear hat\n|-supereffective|p1a: Cant wear hat\n|-damage|p1a: Cant wear hat|0 fnt\n|faint|p1a: Cant wear hat\n|-ability|p2a: Gyarados|Moxie|boost\n|-boost|p2a: Gyarados|atk|1\n|\n|-heal|p2a: Gyarados|38\/100 par|[from] item: Leftovers\n|upkeep\n|\n|t:|1700114346\n|switch|p1a: Tinkaton Prey|Corviknight, F|100\/100\n|-ability|p1a: Tinkaton Prey|Pressure\n|turn|10\n|\n|t:|1700114353\n|move|p1a: Tinkaton Prey|Agility|p1a: Tinkaton Prey\n|-boost|p1a: Tinkaton Prey|spe|2\n|move|p2a: Gyarados|Thunderbolt|p1a: Tinkaton Prey\n|-supereffective|p1a: Tinkaton Prey\n|-damage|p1a: Tinkaton Prey|70\/100\n|-enditem|p1a: Tinkaton Prey|Weakness Policy\n|-boost|p1a: Tinkaton Prey|atk|2|[from] item: Weakness Policy\n|-boost|p1a: Tinkaton Prey|spa|2|[from] item: Weakness Policy\n|\n|-heal|p2a: Gyarados|44\/100 par|[from] item: Leftovers\n|upkeep\n|turn|11\n|\n|t:|1700114372\n|move|p1a: Tinkaton Prey|Power Trip|p2a: Gyarados\n|-crit|p2a: Gyarados\n|-damage|p2a: Gyarados|0 fnt\n|faint|p2a: Gyarados\n|\n|upkeep\n|inactive|Nateredbeard has 120 seconds left.\n|\n|t:|1700114398\n|switch|p2a: Dragonite|Dragonite, F|100\/100\n|turn|12\n|\n|t:|1700114406\n|move|p1a: Tinkaton Prey|Power Trip|p2a: Dragonite\n|-damage|p2a: Dragonite|68\/100\n|move|p2a: Dragonite|Dragon Tail|p1a: Tinkaton Prey\n|-resisted|p1a: Tinkaton Prey\n|-damage|p1a: Tinkaton Prey|58\/100\n|drag|p1a: Plushie bait|Clodsire, F|91\/100\n|\n|-heal|p1a: Plushie bait|97\/100|[from] item: Leftovers\n|upkeep\n|turn|13\n|\n|t:|1700114417\n|move|p2a: Dragonite|Roost|p2a: Dragonite\n|-heal|p2a: Dragonite|100\/100\n|-singleturn|p2a: Dragonite|move: Roost\n|move|p1a: Plushie bait|Toxic|p2a: Dragonite\n|-status|p2a: Dragonite|tox\n|\n|-heal|p1a: Plushie bait|100\/100|[from] item: Leftovers\n|-damage|p2a: Dragonite|94\/100 tox|[from] psn\n|upkeep\n|turn|14\n|inactive|Nateredbeard has 120 seconds left.\n|\n|t:|1700114437\n|switch|p1a: Violence|Hatterene, F|100\/100\n|move|p2a: Dragonite|Dragon Tail|p1a: Violence\n|-immune|p1a: Violence\n|\n|-damage|p2a: Dragonite|82\/100 tox|[from] psn\n|upkeep\n|turn|15\n|inactive|Nateredbeard has 120 seconds left.\n|\n|t:|1700114450\n|-terastallize|p2a: Dragonite|Normal\n|move|p2a: Dragonite|Extreme Speed|p1a: Violence\n|-damage|p1a: Violence|55\/100\n|move|p1a: Violence|Calm Mind|p1a: Violence\n|-boost|p1a: Violence|spa|1\n|-boost|p1a: Violence|spd|1\n|\n|-heal|p1a: Violence|61\/100|[from] item: Leftovers\n|-damage|p2a: Dragonite|63\/100 tox|[from] psn\n|upkeep\n|turn|16\n|inactive|Nateredbeard has 120 seconds left.\n|\n|t:|1700114462\n|move|p2a: Dragonite|Dragon Dance|p2a: Dragonite\n|-boost|p2a: Dragonite|atk|1\n|-boost|p2a: Dragonite|spe|1\n|move|p1a: Violence|Draining Kiss|p2a: Dragonite\n|-damage|p2a: Dragonite|14\/100 tox\n|-heal|p1a: Violence|98\/100|[from] drain|[of] p2a: Dragonite\n|\n|-heal|p1a: Violence|100\/100|[from] item: Leftovers\n|-damage|p2a: Dragonite|0 fnt|[from] psn\n|faint|p2a: Dragonite\n|upkeep\n|inactive|Nateredbeard has 120 seconds left.\n|\n|t:|1700114477\n|switch|p2a: Amoonguss|Amoonguss, F|45\/100\n|-damage|p2a: Amoonguss|32\/100|[from] Stealth Rock\n|turn|17\n|\n|t:|1700114491\n|switch|p1a: Plushie bait|Clodsire, F|100\/100\n|move|p2a: Amoonguss|Spore|p1a: Plushie bait\n|-status|p1a: Plushie bait|slp|[from] move: Spore\n|\n|upkeep\n|turn|18\n|\n|t:|1700114503\n|switch|p1a: Tinkaton Prey|Corviknight, F|58\/100\n|-ability|p1a: Tinkaton Prey|Pressure\n|move|p2a: Amoonguss|Hex|p1a: Tinkaton Prey\n|-damage|p1a: Tinkaton Prey|47\/100\n|\n|upkeep\n|turn|19\n|\n|t:|1700114514\n|switch|p2a: Corviknight|Corviknight, F|100\/100\n|-damage|p2a: Corviknight|88\/100|[from] Stealth Rock\n|move|p1a: Tinkaton Prey|Agility|p1a: Tinkaton Prey\n|-boost|p1a: Tinkaton Prey|spe|2\n|\n|upkeep\n|turn|20\n|inactive|Nateredbeard has 120 seconds left.\n|\n|t:|1700114524\n|move|p1a: Tinkaton Prey|Roost|p1a: Tinkaton Prey\n|-heal|p1a: Tinkaton Prey|97\/100\n|-singleturn|p1a: Tinkaton Prey|move: Roost\n|move|p2a: Corviknight|Body Press|p1a: Tinkaton Prey\n|-supereffective|p1a: Tinkaton Prey\n|-damage|p1a: Tinkaton Prey|56\/100\n|\n|upkeep\n|turn|21\n|inactive|Nateredbeard has 120 seconds left.\n|\n|t:|1700114533\n|move|p1a: Tinkaton Prey|Power Trip|p2a: Corviknight\n|-damage|p2a: Corviknight|80\/100\n|move|p2a: Corviknight|Body Press|p1a: Tinkaton Prey\n|-damage|p1a: Tinkaton Prey|35\/100\n|\n|upkeep\n|turn|22\n|\n|t:|1700114541\n|move|p1a: Tinkaton Prey|Bulk Up|p1a: Tinkaton Prey\n|-boost|p1a: Tinkaton Prey|atk|1\n|-boost|p1a: Tinkaton Prey|def|1\n|move|p2a: Corviknight|Body Press|p1a: Tinkaton Prey\n|-damage|p1a: Tinkaton Prey|21\/100\n|\n|upkeep\n|turn|23\n|\n|t:|1700114550\n|switch|p2a: Amoonguss|Amoonguss, F|66\/100\n|-damage|p2a: Amoonguss|53\/100|[from] Stealth Rock\n|move|p1a: Tinkaton Prey|Roost|p1a: Tinkaton Prey\n|-heal|p1a: Tinkaton Prey|71\/100\n|-singleturn|p1a: Tinkaton Prey|move: Roost\n|\n|upkeep\n|turn|24\n|\n|t:|1700114560\n|move|p1a: Tinkaton Prey|Bulk Up|p1a: Tinkaton Prey\n|-boost|p1a: Tinkaton Prey|atk|1\n|-boost|p1a: Tinkaton Prey|def|1\n|move|p2a: Amoonguss|Spore|p1a: Tinkaton Prey\n|-message|Sleep Clause Mod activated.\n|-hint|Sleep Clause Mod prevents players from putting more than one of their opponent's Pok\u00e9mon to sleep at a time\n|\n|upkeep\n|turn|25\n|\n|t:|1700114572\n|move|p1a: Tinkaton Prey|Bulk Up|p1a: Tinkaton Prey\n|-boost|p1a: Tinkaton Prey|atk|1\n|-boost|p1a: Tinkaton Prey|def|1\n|move|p2a: Amoonguss|Leaf Storm|p1a: Tinkaton Prey\n|-resisted|p1a: Tinkaton Prey\n|-damage|p1a: Tinkaton Prey|64\/100\n|-unboost|p2a: Amoonguss|spa|2\n|\n|upkeep\n|turn|26\n|\n|t:|1700114585\n|move|p1a: Tinkaton Prey|Bulk Up|p1a: Tinkaton Prey\n|-boost|p1a: Tinkaton Prey|atk|1\n|-boost|p1a: Tinkaton Prey|def|1\n|move|p2a: Amoonguss|Hex|p1a: Tinkaton Prey\n|-damage|p1a: Tinkaton Prey|60\/100\n|\n|upkeep\n|turn|27\n|\n|t:|1700114594\n|move|p1a: Tinkaton Prey|Power Trip|p2a: Amoonguss\n|-damage|p2a: Amoonguss|0 fnt\n|faint|p2a: Amoonguss\n|\n|upkeep\n|\n|t:|1700114601\n|switch|p2a: Corviknight|Corviknight, F|80\/100\n|-damage|p2a: Corviknight|68\/100|[from] Stealth Rock\n|turn|28\n|\n|t:|1700114608\n|move|p1a: Tinkaton Prey|Power Trip|p2a: Corviknight\n|-crit|p2a: Corviknight\n|-damage|p2a: Corviknight|0 fnt\n|faint|p2a: Corviknight\n|\n|upkeep\n|\n|t:|1700114614\n|switch|p2a: Kingambit|Kingambit, M|100\/100\n|-damage|p2a: Kingambit|94\/100|[from] Stealth Rock\n|-activate|p2a: Kingambit|ability: Supreme Overlord\n|-start|p2a: Kingambit|fallen5|[silent]\n|turn|29\n|\n|t:|1700114620\n|move|p2a: Kingambit|Sucker Punch|p1a: Tinkaton Prey\n|-damage|p1a: Tinkaton Prey|43\/100\n|move|p1a: Tinkaton Prey|Power Trip|p2a: Kingambit\n|-resisted|p2a: Kingambit\n|-damage|p2a: Kingambit|45\/100\n|-damage|p1a: Tinkaton Prey|27\/100|[from] item: Rocky Helmet|[of] p2a: Kingambit\n|\n|upkeep\n|turn|30\n|\n|t:|1700114630\n|move|p1a: Tinkaton Prey|Power Trip|p2a: Kingambit\n|-resisted|p2a: Kingambit\n|-damage|p2a: Kingambit|0 fnt\n|-damage|p1a: Tinkaton Prey|10\/100|[from] item: Rocky Helmet|[of] p2a: Kingambit\n|faint|p2a: Kingambit\n|-end|p2a: Kingambit|fallen5|[silent]\n|\n|win|DeltAstra\n|raw|DeltAstra's rating: 1037 &rarr; <strong>1071<\/strong><br \/>(+34 for winning)\n|raw|Nateredbeard's rating: 1030 &rarr; <strong>1016<\/strong><br \/>(-14 for losing)\n","uploadtime":1700114667,"views":7,"p1id":"deltastra","p2id":"nateredbeard","formatid":"gen9ou","rating":1016,"private":0,"password":""}