{"id":"gen9ou-1996252858","p1":"mikejohns","p2":"liaoya","format":"[Gen 9] OU","log":"|j|\u2606mikejohns\n|j|\u2606liaoya\n|t:|1700664243\n|gametype|singles\n|player|p1|mikejohns|volkner|1566\n|player|p2|liaoya|petrel|1534\n|teamsize|p1|6\n|teamsize|p2|6\n|gen|9\n|tier|[Gen 9] OU\n|rated|\n|rule|Sleep Clause Mod: Limit one foe put to sleep\n|rule|Species Clause: Limit one of each Pok\u00e9mon\n|rule|OHKO Clause: OHKO moves are banned\n|rule|Evasion Items Clause: Evasion items are banned\n|rule|Evasion Moves Clause: Evasion moves are banned\n|rule|Endless Battle Clause: Forcing endless battles is banned\n|rule|HP Percentage Mod: HP is shown in percentages\n|clearpoke\n|poke|p1|Alomomola, M|\n|poke|p1|Iron Moth|\n|poke|p1|Great Tusk|\n|poke|p1|Garganacl, F|\n|poke|p1|Kommo-o, F|\n|poke|p1|Kingambit, F|\n|poke|p2|Drifblim, M|\n|poke|p2|Garganacl, M|\n|poke|p2|Umbreon, F|\n|poke|p2|Rotom-Wash|\n|poke|p2|Glimmora, M|\n|poke|p2|Espeon, M|\n|teampreview\n|inactive|Battle timer is ON: inactive players will automatically lose when time's up. (requested by mikejohns)\n|\n|t:|1700664256\n|start\n|switch|p1a: Kommo-o|Kommo-o, F|100\/100\n|switch|p2a: Rotom|Rotom-Wash|100\/100\n|turn|1\n|\n|t:|1700664262\n|move|p2a: Rotom|Trick|p1a: Kommo-o\n|-activate|p2a: Rotom|move: Trick|[of] p1a: Kommo-o\n|-item|p1a: Kommo-o|Choice Scarf|[from] move: Trick\n|-item|p2a: Rotom|Leftovers|[from] move: Trick\n|move|p1a: Kommo-o|Boomburst|p2a: Rotom\n|-crit|p2a: Rotom\n|-damage|p2a: Rotom|28\/100\n|\n|-heal|p2a: Rotom|35\/100|[from] item: Leftovers\n|upkeep\n|turn|2\n|\n|t:|1700664274\n|switch|p2a: Drifblim|Drifblim, M|100\/100\n|move|p1a: Kommo-o|Boomburst|p2a: Drifblim\n|-immune|p2a: Drifblim\n|\n|upkeep\n|turn|3\n|\n|t:|1700664283\n|switch|p1a: Alomomola|Alomomola, M|100\/100\n|move|p2a: Drifblim|Trick|p1a: Alomomola\n|-activate|p2a: Drifblim|move: Trick|[of] p1a: Alomomola\n|-item|p1a: Alomomola|Choice Scarf|[from] move: Trick\n|-item|p2a: Drifblim|Heavy-Duty Boots|[from] move: Trick\n|\n|upkeep\n|turn|4\n|\n|t:|1700664294\n|switch|p2a: Umbreon|Umbreon, F, shiny|100\/100\n|move|p1a: Alomomola|Flip Turn|p2a: Umbreon\n|-damage|p2a: Umbreon|90\/100\n|\n|t:|1700664304\n|switch|p1a: Kingambit|Kingambit, F|100\/100|[from] Flip Turn\n|\n|-heal|p2a: Umbreon|96\/100|[from] item: Leftovers\n|upkeep\n|turn|5\n|\n|t:|1700664311\n|move|p1a: Kingambit|Low Kick|p2a: Umbreon\n|-supereffective|p2a: Umbreon\n|-damage|p2a: Umbreon|67\/100\n|move|p2a: Umbreon|Yawn|p1a: Kingambit\n|-start|p1a: Kingambit|move: Yawn|[of] p2a: Umbreon\n|\n|-heal|p2a: Umbreon|73\/100|[from] item: Leftovers\n|upkeep\n|turn|6\n|\n|t:|1700664316\n|-end|p1a: Kingambit|fallenundefined|[silent]\n|switch|p1a: Alomomola|Alomomola, M|100\/100\n|move|p2a: Umbreon|Wish|p2a: Umbreon\n|\n|-heal|p2a: Umbreon|79\/100|[from] item: Leftovers\n|upkeep\n|turn|7\n|\n|t:|1700664319\n|switch|p2a: Rotom|Rotom-Wash|35\/100\n|move|p1a: Alomomola|Flip Turn|p2a: Rotom\n|-resisted|p2a: Rotom\n|-damage|p2a: Rotom|25\/100\n|j| Imprima Red\n|\n|t:|1700664331\n|switch|p1a: Iron Moth|Iron Moth|100\/100|[from] Flip Turn\n|-enditem|p1a: Iron Moth|Booster Energy\n|-activate|p1a: Iron Moth|ability: Quark Drive|[fromitem]\n|-start|p1a: Iron Moth|quarkdrivespe\n|\n|-heal|p2a: Rotom|90\/100|[from] move: Wish|[wisher] Umbreon\n|-heal|p2a: Rotom|97\/100|[from] item: Leftovers\n|upkeep\n|turn|8\n|\n|t:|1700664336\n|move|p1a: Iron Moth|Energy Ball|p2a: Rotom\n|-supereffective|p2a: Rotom\n|-damage|p2a: Rotom|33\/100\n|move|p2a: Rotom|Volt Switch|p1a: Iron Moth\n|-damage|p1a: Iron Moth|67\/100\n|\n|t:|1700664340\n|switch|p2a: Garganacl|Garganacl, M, shiny|100\/100|[from] Volt Switch\n|\n|upkeep\n|turn|9\n|\n|t:|1700664346\n|-end|p1a: Iron Moth|Quark Drive|[silent]\n|switch|p1a: Great Tusk|Great Tusk|100\/100\n|-enditem|p1a: Great Tusk|Booster Energy\n|-activate|p1a: Great Tusk|ability: Protosynthesis|[fromitem]\n|-start|p1a: Great Tusk|protosynthesisspe\n|-terastallize|p2a: Garganacl|Ghost\n|move|p2a: Garganacl|Salt Cure|p1a: Great Tusk\n|-resisted|p1a: Great Tusk\n|-damage|p1a: Great Tusk|98\/100\n|-start|p1a: Great Tusk|Salt Cure\n|\n|-damage|p1a: Great Tusk|86\/100|[from] Salt Cure\n|upkeep\n|turn|10\n|\n|t:|1700664357\n|-end|p1a: Great Tusk|Protosynthesis|[silent]\n|switch|p1a: Alomomola|Alomomola, M|100\/100\n|move|p2a: Garganacl|Iron Defense|p2a: Garganacl\n|-boost|p2a: Garganacl|def|2\n|\n|upkeep\n|turn|11\n|\n|t:|1700664362\n|move|p1a: Alomomola|Flip Turn|p2a: Garganacl\n|-damage|p2a: Garganacl|95\/100\n|\n|t:|1700664372\n|switch|p1a: Garganacl|Garganacl, F|100\/100|[from] Flip Turn\n|move|p2a: Garganacl|Salt Cure|p1a: Garganacl\n|-damage|p1a: Garganacl|94\/100\n|-start|p1a: Garganacl|Salt Cure\n|\n|-heal|p1a: Garganacl|99\/100|[from] item: Leftovers\n|-heal|p2a: Garganacl|100\/100|[from] item: Leftovers\n|-damage|p1a: Garganacl|87\/100|[from] Salt Cure\n|upkeep\n|turn|12\n|\n|t:|1700664382\n|switch|p2a: Espeon|Espeon, M|100\/100\n|-terastallize|p1a: Garganacl|Fairy\n|move|p1a: Garganacl|Salt Cure|p2a: Espeon\n|-damage|p2a: Espeon|86\/100\n|-start|p2a: Espeon|Salt Cure\n|\n|-heal|p1a: Garganacl|94\/100|[from] item: Leftovers\n|-damage|p2a: Espeon|74\/100|[from] Salt Cure\n|-damage|p1a: Garganacl|81\/100|[from] Salt Cure\n|upkeep\n|turn|13\n|\n|t:|1700664389\n|switch|p1a: Kingambit|Kingambit, F|100\/100\n|move|p2a: Espeon|Trick|p1a: Kingambit\n|-activate|p2a: Espeon|move: Trick|[of] p1a: Kingambit\n|-item|p1a: Kingambit|Choice Scarf|[from] move: Trick\n|-item|p2a: Espeon|Black Glasses|[from] move: Trick\n|\n|-damage|p2a: Espeon|61\/100|[from] Salt Cure\n|upkeep\n|turn|14\n|\n|t:|1700664409\n|switch|p2a: Umbreon|Umbreon, F, shiny|79\/100\n|move|p1a: Kingambit|Kowtow Cleave|p2a: Umbreon\n|-resisted|p2a: Umbreon\n|-damage|p2a: Umbreon|64\/100\n|\n|-heal|p2a: Umbreon|70\/100|[from] item: Leftovers\n|upkeep\n|turn|15\n|\n|t:|1700664414\n|-end|p1a: Kingambit|fallenundefined|[silent]\n|switch|p1a: Alomomola|Alomomola, M|100\/100\n|move|p2a: Umbreon|Wish|p2a: Umbreon\n|\n|-heal|p2a: Umbreon|76\/100|[from] item: Leftovers\n|upkeep\n|turn|16\n|\n|t:|1700664422\n|switch|p2a: Rotom|Rotom-Wash|33\/100\n|move|p1a: Alomomola|Flip Turn|p2a: Rotom\n|-resisted|p2a: Rotom\n|-crit|p2a: Rotom\n|-damage|p2a: Rotom|20\/100\n|\n|t:|1700664426\n|switch|p1a: Garganacl|Garganacl, F, tera:Fairy|81\/100|[from] Flip Turn\n|\n|-heal|p2a: Rotom|85\/100|[from] move: Wish|[wisher] Umbreon\n|-heal|p2a: Rotom|91\/100|[from] item: Leftovers\n|-heal|p1a: Garganacl|87\/100|[from] item: Leftovers\n|upkeep\n|turn|17\n|\n|t:|1700664435\n|move|p2a: Rotom|Hydro Pump|p1a: Garganacl\n|-damage|p1a: Garganacl|46\/100\n|move|p1a: Garganacl|Salt Cure|p2a: Rotom\n|-damage|p2a: Rotom|76\/100\n|-start|p2a: Rotom|Salt Cure\n|\n|-heal|p2a: Rotom|83\/100|[from] item: Leftovers\n|-heal|p1a: Garganacl|52\/100|[from] item: Leftovers\n|-damage|p2a: Rotom|58\/100|[from] Salt Cure\n|upkeep\n|turn|18\n|l| Imprima Red\n|\n|t:|1700664440\n|move|p2a: Rotom|Volt Switch|p1a: Garganacl\n|-damage|p1a: Garganacl|24\/100\n|\n|t:|1700664444\n|switch|p2a: Garganacl|Garganacl, M, shiny, tera:Ghost|100\/100|[from] Volt Switch\n|move|p1a: Garganacl|Recover|p1a: Garganacl\n|-heal|p1a: Garganacl|74\/100\n|\n|-heal|p1a: Garganacl|80\/100|[from] item: Leftovers\n|upkeep\n|turn|19\n|\n|t:|1700664448\n|move|p1a: Garganacl|Salt Cure|p2a: Garganacl\n|-crit|p2a: Garganacl\n|-damage|p2a: Garganacl|86\/100\n|-start|p2a: Garganacl|Salt Cure\n|move|p2a: Garganacl|Salt Cure|p1a: Garganacl\n|-damage|p1a: Garganacl|72\/100\n|-start|p1a: Garganacl|Salt Cure\n|\n|-heal|p2a: Garganacl|92\/100|[from] item: Leftovers\n|-heal|p1a: Garganacl|78\/100|[from] item: Leftovers\n|-damage|p2a: Garganacl|80\/100|[from] Salt Cure\n|-damage|p1a: Garganacl|66\/100|[from] Salt Cure\n|upkeep\n|turn|20\n|\n|t:|1700664464\n|move|p2a: Garganacl|Salt Cure|p1a: Garganacl\n|-damage|p1a: Garganacl|58\/100\n|move|p1a: Garganacl|Salt Cure|p2a: Garganacl\n|-crit|p2a: Garganacl\n|-damage|p2a: Garganacl|66\/100\n|\n|-heal|p2a: Garganacl|72\/100|[from] item: Leftovers\n|-heal|p1a: Garganacl|65\/100|[from] item: Leftovers\n|-damage|p1a: Garganacl|52\/100|[from] Salt Cure\n|-damage|p2a: Garganacl|59\/100|[from] Salt Cure\n|upkeep\n|turn|21\n|\n|t:|1700664474\n|move|p1a: Garganacl|Salt Cure|p2a: Garganacl\n|-damage|p2a: Garganacl|51\/100\n|move|p2a: Garganacl|Salt Cure|p1a: Garganacl\n|-damage|p1a: Garganacl|45\/100\n|\n|-heal|p1a: Garganacl|51\/100|[from] item: Leftovers\n|-heal|p2a: Garganacl|57\/100|[from] item: Leftovers\n|-damage|p2a: Garganacl|45\/100|[from] Salt Cure\n|-damage|p1a: Garganacl|39\/100|[from] Salt Cure\n|upkeep\n|turn|22\n|\n|t:|1700664478\n|move|p1a: Garganacl|Salt Cure|p2a: Garganacl\n|-damage|p2a: Garganacl|34\/100\n|move|p2a: Garganacl|Recover|p2a: Garganacl\n|-heal|p2a: Garganacl|84\/100\n|\n|-heal|p2a: Garganacl|91\/100|[from] item: Leftovers\n|-heal|p1a: Garganacl|45\/100|[from] item: Leftovers\n|-damage|p1a: Garganacl|32\/100|[from] Salt Cure\n|-damage|p2a: Garganacl|78\/100|[from] Salt Cure\n|upkeep\n|turn|23\n|\n|t:|1700664492\n|move|p2a: Garganacl|Iron Defense|p2a: Garganacl\n|-boost|p2a: Garganacl|def|2\n|move|p1a: Garganacl|Recover|p1a: Garganacl\n|-heal|p1a: Garganacl|82\/100\n|\n|-heal|p1a: Garganacl|89\/100|[from] item: Leftovers\n|-heal|p2a: Garganacl|84\/100|[from] item: Leftovers\n|-damage|p1a: Garganacl|76\/100|[from] Salt Cure\n|-damage|p2a: Garganacl|72\/100|[from] Salt Cure\n|upkeep\n|turn|24\n|\n|t:|1700664497\n|move|p1a: Garganacl|Salt Cure|p2a: Garganacl\n|-damage|p2a: Garganacl|68\/100\n|move|p2a: Garganacl|Iron Defense|p2a: Garganacl\n|-boost|p2a: Garganacl|def|2\n|\n|-heal|p1a: Garganacl|82\/100|[from] item: Leftovers\n|-heal|p2a: Garganacl|74\/100|[from] item: Leftovers\n|-damage|p2a: Garganacl|61\/100|[from] Salt Cure\n|-damage|p1a: Garganacl|70\/100|[from] Salt Cure\n|upkeep\n|turn|25\n|\n|t:|1700664511\n|switch|p1a: Kingambit|Kingambit, F|100\/100\n|move|p2a: Garganacl|Iron Defense|p2a: Garganacl\n|-boost|p2a: Garganacl|def|2\n|\n|-heal|p2a: Garganacl|68\/100|[from] item: Leftovers\n|-damage|p2a: Garganacl|55\/100|[from] Salt Cure\n|upkeep\n|turn|26\n|\n|t:|1700664518\n|-end|p1a: Kingambit|fallenundefined|[silent]\n|switch|p1a: Garganacl|Garganacl, F, tera:Fairy|70\/100\n|move|p2a: Garganacl|Body Press|p1a: Garganacl\n|-resisted|p1a: Garganacl\n|-damage|p1a: Garganacl|44\/100\n|\n|-heal|p1a: Garganacl|50\/100|[from] item: Leftovers\n|-heal|p2a: Garganacl|61\/100|[from] item: Leftovers\n|-damage|p2a: Garganacl|49\/100|[from] Salt Cure\n|upkeep\n|turn|27\n|\n|t:|1700664523\n|move|p1a: Garganacl|Iron Defense|p1a: Garganacl\n|-boost|p1a: Garganacl|def|2\n|move|p2a: Garganacl|Salt Cure|p1a: Garganacl\n|-damage|p1a: Garganacl|47\/100\n|-start|p1a: Garganacl|Salt Cure\n|\n|-heal|p1a: Garganacl|53\/100|[from] item: Leftovers\n|-heal|p2a: Garganacl|55\/100|[from] item: Leftovers\n|-damage|p2a: Garganacl|43\/100|[from] Salt Cure\n|-damage|p1a: Garganacl|41\/100|[from] Salt Cure\n|upkeep\n|turn|28\n|\n|t:|1700664530\n|move|p2a: Garganacl|Body Press|p1a: Garganacl\n|-resisted|p1a: Garganacl\n|-damage|p1a: Garganacl|28\/100\n|move|p1a: Garganacl|Recover|p1a: Garganacl\n|-heal|p1a: Garganacl|78\/100\n|\n|-heal|p1a: Garganacl|84\/100|[from] item: Leftovers\n|-heal|p2a: Garganacl|49\/100|[from] item: Leftovers\n|-damage|p2a: Garganacl|37\/100|[from] Salt Cure\n|-damage|p1a: Garganacl|72\/100|[from] Salt Cure\n|upkeep\n|turn|29\n|\n|t:|1700664534\n|move|p2a: Garganacl|Recover|p2a: Garganacl\n|-heal|p2a: Garganacl|87\/100\n|move|p1a: Garganacl|Salt Cure|p2a: Garganacl\n|-damage|p2a: Garganacl|84\/100\n|\n|-heal|p1a: Garganacl|78\/100|[from] item: Leftovers\n|-heal|p2a: Garganacl|90\/100|[from] item: Leftovers\n|-damage|p2a: Garganacl|78\/100|[from] Salt Cure\n|-damage|p1a: Garganacl|66\/100|[from] Salt Cure\n|upkeep\n|turn|30\n|\n|t:|1700664550\n|move|p2a: Garganacl|Body Press|p1a: Garganacl\n|-resisted|p1a: Garganacl\n|-damage|p1a: Garganacl|54\/100\n|move|p1a: Garganacl|Iron Defense|p1a: Garganacl\n|-boost|p1a: Garganacl|def|2\n|\n|-heal|p1a: Garganacl|60\/100|[from] item: Leftovers\n|-heal|p2a: Garganacl|84\/100|[from] item: Leftovers\n|-damage|p1a: Garganacl|48\/100|[from] Salt Cure\n|-damage|p2a: Garganacl|72\/100|[from] Salt Cure\n|upkeep\n|turn|31\n|\n|t:|1700664555\n|move|p2a: Garganacl|Body Press|p1a: Garganacl\n|-resisted|p1a: Garganacl\n|-damage|p1a: Garganacl|41\/100\n|move|p1a: Garganacl|Iron Defense|p1a: Garganacl\n|-boost|p1a: Garganacl|def|2\n|\n|-heal|p1a: Garganacl|47\/100|[from] item: Leftovers\n|-heal|p2a: Garganacl|78\/100|[from] item: Leftovers\n|-damage|p2a: Garganacl|66\/100|[from] Salt Cure\n|-damage|p1a: Garganacl|34\/100|[from] Salt Cure\n|upkeep\n|turn|32\n|\n|t:|1700664560\n|move|p2a: Garganacl|Body Press|p1a: Garganacl\n|-resisted|p1a: Garganacl\n|-damage|p1a: Garganacl|28\/100\n|move|p1a: Garganacl|Salt Cure|p2a: Garganacl\n|-damage|p2a: Garganacl|63\/100\n|\n|-heal|p1a: Garganacl|34\/100|[from] item: Leftovers\n|-heal|p2a: Garganacl|69\/100|[from] item: Leftovers\n|-damage|p2a: Garganacl|57\/100|[from] Salt Cure\n|-damage|p1a: Garganacl|22\/100|[from] Salt Cure\n|upkeep\n|turn|33\n|\n|t:|1700664564\n|move|p1a: Garganacl|Recover|p1a: Garganacl\n|-heal|p1a: Garganacl|72\/100\n|move|p2a: Garganacl|Body Press|p1a: Garganacl\n|-resisted|p1a: Garganacl\n|-damage|p1a: Garganacl|66\/100\n|\n|-heal|p1a: Garganacl|72\/100|[from] item: Leftovers\n|-heal|p2a: Garganacl|63\/100|[from] item: Leftovers\n|-damage|p2a: Garganacl|51\/100|[from] Salt Cure\n|-damage|p1a: Garganacl|59\/100|[from] Salt Cure\n|upkeep\n|turn|34\n|\n|t:|1700664571\n|move|p2a: Garganacl|Body Press|p1a: Garganacl\n|-resisted|p1a: Garganacl\n|-damage|p1a: Garganacl|53\/100\n|move|p1a: Garganacl|Salt Cure|p2a: Garganacl\n|-damage|p2a: Garganacl|49\/100\n|\n|-heal|p2a: Garganacl|55\/100|[from] item: Leftovers\n|-heal|p1a: Garganacl|59\/100|[from] item: Leftovers\n|-damage|p2a: Garganacl|42\/100|[from] Salt Cure\n|-damage|p1a: Garganacl|47\/100|[from] Salt Cure\n|upkeep\n|turn|35\n|\n|t:|1700664576\n|move|p2a: Garganacl|Recover|p2a: Garganacl\n|-heal|p2a: Garganacl|92\/100\n|move|p1a: Garganacl|Salt Cure|p2a: Garganacl\n|-damage|p2a: Garganacl|89\/100\n|\n|-heal|p2a: Garganacl|96\/100|[from] item: Leftovers\n|-heal|p1a: Garganacl|53\/100|[from] item: Leftovers\n|-damage|p1a: Garganacl|41\/100|[from] Salt Cure\n|-damage|p2a: Garganacl|83\/100|[from] Salt Cure\n|upkeep\n|turn|36\n|\n|t:|1700664580\n|move|p1a: Garganacl|Recover|p1a: Garganacl\n|-heal|p1a: Garganacl|91\/100\n|move|p2a: Garganacl|Salt Cure|p1a: Garganacl\n|-damage|p1a: Garganacl|89\/100\n|\n|-heal|p1a: Garganacl|95\/100|[from] item: Leftovers\n|-heal|p2a: Garganacl|89\/100|[from] item: Leftovers\n|-damage|p2a: Garganacl|77\/100|[from] Salt Cure\n|-damage|p1a: Garganacl|83\/100|[from] Salt Cure\n|upkeep\n|turn|37\n|\n|t:|1700664587\n|move|p2a: Garganacl|Body Press|p1a: Garganacl\n|-resisted|p1a: Garganacl\n|-damage|p1a: Garganacl|77\/100\n|move|p1a: Garganacl|Salt Cure|p2a: Garganacl\n|-damage|p2a: Garganacl|75\/100\n|\n|-heal|p2a: Garganacl|81\/100|[from] item: Leftovers\n|-heal|p1a: Garganacl|83\/100|[from] item: Leftovers\n|-damage|p2a: Garganacl|68\/100|[from] Salt Cure\n|-damage|p1a: Garganacl|71\/100|[from] Salt Cure\n|upkeep\n|turn|38\n|\n|t:|1700664594\n|move|p2a: Garganacl|Salt Cure|p1a: Garganacl\n|-damage|p1a: Garganacl|69\/100\n|move|p1a: Garganacl|Salt Cure|p2a: Garganacl\n|-damage|p2a: Garganacl|66\/100\n|\n|-heal|p1a: Garganacl|75\/100|[from] item: Leftovers\n|-heal|p2a: Garganacl|72\/100|[from] item: Leftovers\n|-damage|p2a: Garganacl|60\/100|[from] Salt Cure\n|-damage|p1a: Garganacl|62\/100|[from] Salt Cure\n|upkeep\n|turn|39\n|\n|t:|1700664597\n|move|p1a: Garganacl|Salt Cure|p2a: Garganacl\n|-damage|p2a: Garganacl|57\/100\n|move|p2a: Garganacl|Salt Cure|p1a: Garganacl\n|-damage|p1a: Garganacl|60\/100\n|\n|-heal|p2a: Garganacl|63\/100|[from] item: Leftovers\n|-heal|p1a: Garganacl|66\/100|[from] item: Leftovers\n|-damage|p2a: Garganacl|50\/100|[from] Salt Cure\n|-damage|p1a: Garganacl|54\/100|[from] Salt Cure\n|upkeep\n|turn|40\n|\n|t:|1700664603\n|move|p2a: Garganacl|Salt Cure|p1a: Garganacl\n|-damage|p1a: Garganacl|52\/100\n|move|p1a: Garganacl|Salt Cure|p2a: Garganacl\n|-damage|p2a: Garganacl|48\/100\n|\n|-heal|p2a: Garganacl|54\/100|[from] item: Leftovers\n|-heal|p1a: Garganacl|58\/100|[from] item: Leftovers\n|-damage|p2a: Garganacl|42\/100|[from] Salt Cure\n|-damage|p1a: Garganacl|46\/100|[from] Salt Cure\n|upkeep\n|turn|41\n|\n|t:|1700664612\n|move|p2a: Garganacl|Salt Cure|p1a: Garganacl\n|-damage|p1a: Garganacl|43\/100\n|move|p1a: Garganacl|Salt Cure|p2a: Garganacl\n|-damage|p2a: Garganacl|40\/100\n|\n|-heal|p1a: Garganacl|50\/100|[from] item: Leftovers\n|-heal|p2a: Garganacl|46\/100|[from] item: Leftovers\n|-damage|p2a: Garganacl|33\/100|[from] Salt Cure\n|-damage|p1a: Garganacl|37\/100|[from] Salt Cure\n|upkeep\n|turn|42\n|\n|t:|1700664615\n|move|p2a: Garganacl|Salt Cure|p1a: Garganacl\n|-damage|p1a: Garganacl|35\/100\n|move|p1a: Garganacl|Salt Cure|p2a: Garganacl\n|-damage|p2a: Garganacl|31\/100\n|\n|-heal|p2a: Garganacl|37\/100|[from] item: Leftovers\n|-heal|p1a: Garganacl|41\/100|[from] item: Leftovers\n|-damage|p2a: Garganacl|25\/100|[from] Salt Cure\n|-damage|p1a: Garganacl|29\/100|[from] Salt Cure\n|upkeep\n|turn|43\n|\n|t:|1700664619\n|move|p1a: Garganacl|Salt Cure|p2a: Garganacl\n|-damage|p2a: Garganacl|22\/100\n|move|p2a: Garganacl|Recover|p2a: Garganacl\n|-heal|p2a: Garganacl|72\/100\n|\n|-heal|p2a: Garganacl|78\/100|[from] item: Leftovers\n|-heal|p1a: Garganacl|35\/100|[from] item: Leftovers\n|-damage|p1a: Garganacl|23\/100|[from] Salt Cure\n|-damage|p2a: Garganacl|66\/100|[from] Salt Cure\n|upkeep\n|turn|44\n|\n|t:|1700664622\n|move|p1a: Garganacl|Recover|p1a: Garganacl\n|-heal|p1a: Garganacl|73\/100\n|move|p2a: Garganacl|Salt Cure|p1a: Garganacl\n|-damage|p1a: Garganacl|70\/100\n|\n|-heal|p2a: Garganacl|72\/100|[from] item: Leftovers\n|-heal|p1a: Garganacl|76\/100|[from] item: Leftovers\n|-damage|p2a: Garganacl|60\/100|[from] Salt Cure\n|-damage|p1a: Garganacl|64\/100|[from] Salt Cure\n|upkeep\n|turn|45\n|\n|t:|1700664634\n|move|p1a: Garganacl|Salt Cure|p2a: Garganacl\n|-damage|p2a: Garganacl|57\/100\n|move|p2a: Garganacl|Iron Defense|p2a: Garganacl\n|-boost|p2a: Garganacl|def|0\n|\n|-heal|p1a: Garganacl|70\/100|[from] item: Leftovers\n|-heal|p2a: Garganacl|63\/100|[from] item: Leftovers\n|-damage|p2a: Garganacl|51\/100|[from] Salt Cure\n|-damage|p1a: Garganacl|58\/100|[from] Salt Cure\n|upkeep\n|turn|46\n|\n|t:|1700664642\n|move|p2a: Garganacl|Salt Cure|p1a: Garganacl\n|-damage|p1a: Garganacl|56\/100\n|move|p1a: Garganacl|Salt Cure|p2a: Garganacl\n|-damage|p2a: Garganacl|48\/100\n|\n|-heal|p2a: Garganacl|54\/100|[from] item: Leftovers\n|-heal|p1a: Garganacl|62\/100|[from] item: Leftovers\n|-damage|p1a: Garganacl|50\/100|[from] Salt Cure\n|-damage|p2a: Garganacl|42\/100|[from] Salt Cure\n|upkeep\n|turn|47\n|\n|t:|1700664651\n|move|p2a: Garganacl|Salt Cure|p1a: Garganacl\n|-damage|p1a: Garganacl|47\/100\n|move|p1a: Garganacl|Iron Defense|p1a: Garganacl\n|-boost|p1a: Garganacl|def|0\n|\n|-heal|p1a: Garganacl|53\/100|[from] item: Leftovers\n|-heal|p2a: Garganacl|48\/100|[from] item: Leftovers\n|-damage|p2a: Garganacl|36\/100|[from] Salt Cure\n|-damage|p1a: Garganacl|41\/100|[from] Salt Cure\n|upkeep\n|turn|48\n|\n|t:|1700664655\n|move|p2a: Garganacl|Salt Cure|p1a: Garganacl\n|-damage|p1a: Garganacl|39\/100\n|move|p1a: Garganacl|Iron Defense|p1a: Garganacl\n|-boost|p1a: Garganacl|def|0\n|\n|-heal|p2a: Garganacl|42\/100|[from] item: Leftovers\n|-heal|p1a: Garganacl|45\/100|[from] item: Leftovers\n|-damage|p2a: Garganacl|30\/100|[from] Salt Cure\n|-damage|p1a: Garganacl|32\/100|[from] Salt Cure\n|upkeep\n|turn|49\n|\n|t:|1700664664\n|move|p1a: Garganacl|Salt Cure|p2a: Garganacl\n|-damage|p2a: Garganacl|27\/100\n|move|p2a: Garganacl|Body Press|p1a: Garganacl\n|-resisted|p1a: Garganacl\n|-damage|p1a: Garganacl|26\/100\n|\n|-heal|p2a: Garganacl|33\/100|[from] item: Leftovers\n|-heal|p1a: Garganacl|32\/100|[from] item: Leftovers\n|-damage|p1a: Garganacl|20\/100|[from] Salt Cure\n|-damage|p2a: Garganacl|21\/100|[from] Salt Cure\n|upkeep\n|turn|50\n|\n|t:|1700664672\n|move|p2a: Garganacl|Salt Cure|p1a: Garganacl\n|-crit|p1a: Garganacl\n|-damage|p1a: Garganacl|9\/100\n|move|p1a: Garganacl|Salt Cure|p2a: Garganacl\n|-damage|p2a: Garganacl|19\/100\n|\n|-heal|p1a: Garganacl|16\/100|[from] item: Leftovers\n|-heal|p2a: Garganacl|25\/100|[from] item: Leftovers\n|-damage|p1a: Garganacl|3\/100|[from] Salt Cure\n|-damage|p2a: Garganacl|12\/100|[from] Salt Cure\n|upkeep\n|turn|51\n|\n|t:|1700664676\n|move|p2a: Garganacl|Recover|p2a: Garganacl\n|-heal|p2a: Garganacl|62\/100\n|move|p1a: Garganacl|Salt Cure|p2a: Garganacl\n|-damage|p2a: Garganacl|60\/100\n|\n|-heal|p2a: Garganacl|66\/100|[from] item: Leftovers\n|-heal|p1a: Garganacl|9\/100|[from] item: Leftovers\n|-damage|p1a: Garganacl|0 fnt|[from] Salt Cure\n|faint|p1a: Garganacl\n|-damage|p2a: Garganacl|54\/100|[from] Salt Cure\n|upkeep\n|\n|t:|1700664692\n|switch|p1a: Iron Moth|Iron Moth|67\/100\n|turn|52\n|\n|t:|1700664699\n|move|p1a: Iron Moth|Fiery Dance|p2a: Garganacl\n|-damage|p2a: Garganacl|29\/100\n|-boost|p1a: Iron Moth|spa|1\n|move|p2a: Garganacl|Salt Cure|p1a: Iron Moth\n|-supereffective|p1a: Iron Moth\n|-damage|p1a: Iron Moth|29\/100\n|-start|p1a: Iron Moth|Salt Cure\n|\n|-heal|p2a: Garganacl|35\/100|[from] item: Leftovers\n|-damage|p1a: Iron Moth|16\/100|[from] Salt Cure\n|-damage|p2a: Garganacl|23\/100|[from] Salt Cure\n|upkeep\n|turn|53\n|\n|t:|1700664709\n|switch|p2a: Rotom|Rotom-Wash|58\/100\n|move|p1a: Iron Moth|Fiery Dance|p2a: Rotom\n|-resisted|p2a: Rotom\n|-damage|p2a: Rotom|27\/100\n|-boost|p1a: Iron Moth|spa|1\n|\n|-heal|p2a: Rotom|33\/100|[from] item: Leftovers\n|-damage|p1a: Iron Moth|4\/100|[from] Salt Cure\n|upkeep\n|turn|54\n|\n|t:|1700664721\n|-end|p1a: Iron Moth|Quark Drive|[silent]\n|switch|p1a: Kingambit|Kingambit, F|100\/100\n|-activate|p1a: Kingambit|ability: Supreme Overlord\n|-start|p1a: Kingambit|fallen1|[silent]\n|move|p2a: Rotom|Volt Switch|p1a: Kingambit\n|-damage|p1a: Kingambit|62\/100\n|\n|t:|1700664730\n|switch|p2a: Umbreon|Umbreon, F, shiny|76\/100|[from] Volt Switch\n|\n|-heal|p2a: Umbreon|82\/100|[from] item: Leftovers\n|upkeep\n|turn|55\n|\n|t:|1700664741\n|move|p1a: Kingambit|Kowtow Cleave|p2a: Umbreon\n|-resisted|p2a: Umbreon\n|-damage|p2a: Umbreon|65\/100\n|move|p2a: Umbreon|Wish|p2a: Umbreon\n|\n|-heal|p2a: Umbreon|71\/100|[from] item: Leftovers\n|upkeep\n|turn|56\n|\n|t:|1700664747\n|move|p1a: Kingambit|Kowtow Cleave|p2a: Umbreon\n|-resisted|p2a: Umbreon\n|-damage|p2a: Umbreon|54\/100\n|move|p2a: Umbreon|Yawn|p1a: Kingambit\n|-start|p1a: Kingambit|move: Yawn|[of] p2a: Umbreon\n|\n|-heal|p2a: Umbreon|100\/100|[from] move: Wish|[wisher] Umbreon\n|upkeep\n|turn|57\n|\n|t:|1700664752\n|-end|p1a: Kingambit|fallen1|[silent]\n|switch|p1a: Great Tusk|Great Tusk|86\/100\n|move|p2a: Umbreon|Wish|p2a: Umbreon\n|\n|upkeep\n|turn|58\n|\n|t:|1700664760\n|move|p1a: Great Tusk|Headlong Rush|p2a: Umbreon\n|-damage|p2a: Umbreon|68\/100\n|-unboost|p1a: Great Tusk|def|1\n|-unboost|p1a: Great Tusk|spd|1\n|move|p2a: Umbreon|Yawn|p1a: Great Tusk\n|-start|p1a: Great Tusk|move: Yawn|[of] p2a: Umbreon\n|\n|-heal|p2a: Umbreon|100\/100|[from] move: Wish|[wisher] Umbreon\n|upkeep\n|turn|59\n|\n|t:|1700664768\n|-end|p1a: Great Tusk|Protosynthesis|[silent]\n|switch|p1a: Kingambit|Kingambit, F|62\/100\n|-activate|p1a: Kingambit|ability: Supreme Overlord\n|-start|p1a: Kingambit|fallen1|[silent]\n|move|p2a: Umbreon|Wish|p2a: Umbreon\n|\n|upkeep\n|turn|60\n|\n|t:|1700664777\n|move|p1a: Kingambit|Iron Head|p2a: Umbreon\n|-damage|p2a: Umbreon|70\/100\n|move|p2a: Umbreon|Yawn|p1a: Kingambit\n|-start|p1a: Kingambit|move: Yawn|[of] p2a: Umbreon\n|\n|-heal|p2a: Umbreon|100\/100|[from] move: Wish|[wisher] Umbreon\n|upkeep\n|turn|61\n|\n|t:|1700664782\n|-end|p1a: Kingambit|fallen1|[silent]\n|switch|p1a: Great Tusk|Great Tusk|86\/100\n|switch|p2a: Rotom|Rotom-Wash|33\/100\n|\n|-heal|p2a: Rotom|39\/100|[from] item: Leftovers\n|upkeep\n|turn|62\n|\n|t:|1700664796\n|-end|p1a: Great Tusk|Protosynthesis|[silent]\n|switch|p1a: Kingambit|Kingambit, F|62\/100\n|-activate|p1a: Kingambit|ability: Supreme Overlord\n|-start|p1a: Kingambit|fallen1|[silent]\n|move|p2a: Rotom|Hydro Pump|p1a: Kingambit\n|-damage|p1a: Kingambit|7\/100\n|\n|-heal|p2a: Rotom|46\/100|[from] item: Leftovers\n|upkeep\n|turn|63\n|\n|t:|1700664800\n|move|p1a: Kingambit|Kowtow Cleave|p2a: Rotom\n|-damage|p2a: Rotom|0 fnt\n|faint|p2a: Rotom\n|\n|upkeep\n|\n|t:|1700664806\n|switch|p2a: Glimmora|Glimmora, M|100\/100\n|turn|64\n|\n|t:|1700664818\n|-end|p1a: Kingambit|fallen1|[silent]\n|switch|p1a: Alomomola|Alomomola, M|100\/100\n|move|p2a: Glimmora|Light Screen|p2a: Glimmora\n|-sidestart|p2: liaoya|move: Light Screen\n|\n|upkeep\n|turn|65\n|\n|t:|1700664822\n|move|p2a: Glimmora|Mortal Spin|p1a: Alomomola\n|-damage|p1a: Alomomola|97\/100\n|-status|p1a: Alomomola|psn\n|move|p1a: Alomomola|Wish|p1a: Alomomola\n|\n|-damage|p1a: Alomomola|85\/100 psn|[from] psn\n|upkeep\n|turn|66\n|\n|t:|1700664830\n|switch|p1a: Kingambit|Kingambit, F|7\/100\n|-activate|p1a: Kingambit|ability: Supreme Overlord\n|-start|p1a: Kingambit|fallen1|[silent]\n|move|p2a: Glimmora|Mortal Spin|p1a: Kingambit\n|-immune|p1a: Kingambit\n|\n|-heal|p1a: Kingambit|86\/100|[from] move: Wish|[wisher] Alomomola\n|upkeep\n|turn|67\n|\n|t:|1700664836\n|move|p1a: Kingambit|Iron Head|p2a: Glimmora\n|-supereffective|p2a: Glimmora\n|-damage|p2a: Glimmora|22\/100\n|-activate|p2a: Glimmora|ability: Toxic Debris\n|-sidestart|p1: mikejohns|move: Toxic Spikes\n|move|p2a: Glimmora|Mortal Spin|p1a: Kingambit\n|-immune|p1a: Kingambit\n|\n|upkeep\n|turn|68\n|\n|t:|1700664841\n|move|p1a: Kingambit|Iron Head|p2a: Glimmora\n|-supereffective|p2a: Glimmora\n|-damage|p2a: Glimmora|0 fnt\n|-activate|p2a: Glimmora|ability: Toxic Debris\n|-sidestart|p1: mikejohns|move: Toxic Spikes\n|faint|p2a: Glimmora\n|\n|-sideend|p2: liaoya|move: Light Screen\n|upkeep\n|\n|t:|1700664844\n|switch|p2a: Umbreon|Umbreon, F, shiny|100\/100\n|turn|69\n|\n|t:|1700664848\n|move|p1a: Kingambit|Iron Head|p2a: Umbreon\n|-damage|p2a: Umbreon|67\/100\n|move|p2a: Umbreon|Wish|p2a: Umbreon\n|\n|-heal|p2a: Umbreon|73\/100|[from] item: Leftovers\n|upkeep\n|turn|70\n|\n|t:|1700664860\n|move|p1a: Kingambit|Iron Head|p2a: Umbreon\n|-damage|p2a: Umbreon|43\/100\n|move|p2a: Umbreon|Yawn|p1a: Kingambit\n|-start|p1a: Kingambit|move: Yawn|[of] p2a: Umbreon\n|\n|-heal|p2a: Umbreon|93\/100|[from] move: Wish|[wisher] Umbreon\n|-heal|p2a: Umbreon|99\/100|[from] item: Leftovers\n|upkeep\n|turn|71\n|\n|t:|1700664869\n|-end|p1a: Kingambit|fallen1|[silent]\n|switch|p1a: Iron Moth|Iron Moth|4\/100\n|-sideend|p1: mikejohns|move: Toxic Spikes|[of] p1a: Iron Moth\n|move|p2a: Umbreon|Wish|p2a: Umbreon\n|\n|-heal|p2a: Umbreon|100\/100|[from] item: Leftovers\n|upkeep\n|turn|72\n|\n|t:|1700664894\n|-end|p1a: Iron Moth|Quark Drive|[silent]\n|switch|p1a: Kingambit|Kingambit, F|86\/100\n|-activate|p1a: Kingambit|ability: Supreme Overlord\n|-start|p1a: Kingambit|fallen1|[silent]\n|move|p2a: Umbreon|Foul Play|p1a: Kingambit\n|-resisted|p1a: Kingambit\n|-damage|p1a: Kingambit|64\/100\n|\n|upkeep\n|turn|73\n|\n|t:|1700664900\n|move|p1a: Kingambit|Iron Head|p2a: Umbreon\n|-damage|p2a: Umbreon|68\/100\n|move|p2a: Umbreon|Yawn|p1a: Kingambit\n|-start|p1a: Kingambit|move: Yawn|[of] p2a: Umbreon\n|\n|-heal|p2a: Umbreon|74\/100|[from] item: Leftovers\n|upkeep\n|turn|74\n|\n|t:|1700664911\n|-end|p1a: Kingambit|fallen1|[silent]\n|switch|p1a: Great Tusk|Great Tusk|86\/100\n|move|p2a: Umbreon|Yawn|p1a: Great Tusk\n|-start|p1a: Great Tusk|move: Yawn|[of] p2a: Umbreon\n|\n|-heal|p2a: Umbreon|80\/100|[from] item: Leftovers\n|upkeep\n|turn|75\n|\n|t:|1700664922\n|-end|p1a: Great Tusk|Protosynthesis|[silent]\n|switch|p1a: Kingambit|Kingambit, F|64\/100\n|-activate|p1a: Kingambit|ability: Supreme Overlord\n|-start|p1a: Kingambit|fallen1|[silent]\n|move|p2a: Umbreon|Wish|p2a: Umbreon\n|\n|-heal|p2a: Umbreon|87\/100|[from] item: Leftovers\n|upkeep\n|turn|76\n|\n|t:|1700664929\n|move|p1a: Kingambit|Iron Head|p2a: Umbreon\n|-damage|p2a: Umbreon|53\/100\n|move|p2a: Umbreon|Foul Play|p1a: Kingambit\n|-resisted|p1a: Kingambit\n|-damage|p1a: Kingambit|43\/100\n|\n|-heal|p2a: Umbreon|100\/100|[from] move: Wish|[wisher] Umbreon\n|upkeep\n|turn|77\n|\n|t:|1700664934\n|move|p1a: Kingambit|Iron Head|p2a: Umbreon\n|-damage|p2a: Umbreon|71\/100\n|move|p2a: Umbreon|Foul Play|p1a: Kingambit\n|-resisted|p1a: Kingambit\n|-damage|p1a: Kingambit|20\/100\n|\n|-heal|p2a: Umbreon|77\/100|[from] item: Leftovers\n|upkeep\n|turn|78\n|\n|t:|1700664941\n|-end|p1a: Kingambit|fallen1|[silent]\n|switch|p1a: Alomomola|Alomomola, M|100\/100 psn\n|move|p2a: Umbreon|Wish|p2a: Umbreon\n|\n|-heal|p2a: Umbreon|83\/100|[from] item: Leftovers\n|-damage|p1a: Alomomola|88\/100 psn|[from] psn\n|upkeep\n|turn|79\n|\n|t:|1700664945\n|switch|p2a: Garganacl|Garganacl, M, shiny, tera:Ghost|23\/100\n|move|p1a: Alomomola|Wish|p1a: Alomomola\n|\n|-heal|p2a: Garganacl|72\/100|[from] move: Wish|[wisher] Umbreon\n|-heal|p2a: Garganacl|78\/100|[from] item: Leftovers\n|-damage|p1a: Alomomola|76\/100 psn|[from] psn\n|upkeep\n|turn|80\n|\n|t:|1700664951\n|switch|p1a: Great Tusk|Great Tusk|86\/100\n|move|p2a: Garganacl|Iron Defense|p2a: Garganacl\n|-boost|p2a: Garganacl|def|2\n|\n|-heal|p1a: Great Tusk|100\/100|[from] move: Wish|[wisher] Alomomola\n|-heal|p2a: Garganacl|84\/100|[from] item: Leftovers\n|upkeep\n|turn|81\n|l|\u2606mikejohns\n|inactive|mikejohns disconnected and has a minute to reconnect!\n|player|p1|\n|j|\u2606mikejohns\n|inactive|mikejohns reconnected and has 130 seconds left.\n|player|p1|mikejohns|volkner\n|inactive|mikejohns has 120 seconds left.\n|c|\u2606liaoya|haha\n|c|\u2606liaoya|hahahaha\n|c|\u2606liaoya|ha\u2014ha\n|c|\u2606liaoya|oh~\n|inactive|mikejohns has 90 seconds left.\n|c|\u2606liaoya|oh~oh~oh~oh~\n|\n|t:|1700665022\n|-end|p1a: Great Tusk|Protosynthesis|[silent]\n|switch|p1a: Iron Moth|Iron Moth|4\/100\n|move|p2a: Garganacl|Iron Defense|p2a: Garganacl\n|-boost|p2a: Garganacl|def|2\n|\n|-heal|p2a: Garganacl|90\/100|[from] item: Leftovers\n|upkeep\n|turn|82\n|\n|t:|1700665025\n|move|p1a: Iron Moth|Fiery Dance|p2a: Garganacl\n|-damage|p2a: Garganacl|63\/100\n|-boost|p1a: Iron Moth|spa|1\n|move|p2a: Garganacl|Salt Cure|p1a: Iron Moth\n|-supereffective|p1a: Iron Moth\n|-damage|p1a: Iron Moth|0 fnt\n|faint|p1a: Iron Moth\n|-end|p1a: Iron Moth|Quark Drive|[silent]\n|\n|-heal|p2a: Garganacl|69\/100|[from] item: Leftovers\n|upkeep\n|inactive|mikejohns has 90 seconds left.\n|\n|t:|1700665031\n|switch|p1a: Kingambit|Kingambit, F|20\/100\n|-activate|p1a: Kingambit|ability: Supreme Overlord\n|-start|p1a: Kingambit|fallen2|[silent]\n|turn|83\n|\n|t:|1700665036\n|move|p1a: Kingambit|Iron Head|p2a: Garganacl\n|-damage|p2a: Garganacl|57\/100\n|cant|p2a: Garganacl|flinch\n|\n|-heal|p2a: Garganacl|63\/100|[from] item: Leftovers\n|upkeep\n|turn|84\n|\n|t:|1700665040\n|move|p1a: Kingambit|Iron Head|p2a: Garganacl\n|-damage|p2a: Garganacl|51\/100\n|move|p2a: Garganacl|Body Press|p1a: Kingambit\n|-supereffective|p1a: Kingambit\n|-damage|p1a: Kingambit|0 fnt\n|faint|p1a: Kingambit\n|-end|p1a: Kingambit|fallen2|[silent]\n|\n|-heal|p2a: Garganacl|57\/100|[from] item: Leftovers\n|upkeep\n|\n|t:|1700665048\n|switch|p1a: Great Tusk|Great Tusk|100\/100\n|turn|85\n|\n|t:|1700665053\n|move|p1a: Great Tusk|Bulk Up|p1a: Great Tusk\n|-boost|p1a: Great Tusk|atk|1\n|-boost|p1a: Great Tusk|def|1\n|move|p2a: Garganacl|Recover|p2a: Garganacl\n|-heal|p2a: Garganacl|100\/100\n|\n|upkeep\n|turn|86\n|\n|t:|1700665056\n|move|p1a: Great Tusk|Bulk Up|p1a: Great Tusk\n|-boost|p1a: Great Tusk|atk|1\n|-boost|p1a: Great Tusk|def|1\n|move|p2a: Garganacl|Iron Defense|p2a: Garganacl\n|-boost|p2a: Garganacl|def|2\n|\n|upkeep\n|turn|87\n|\n|t:|1700665059\n|move|p1a: Great Tusk|Bulk Up|p1a: Great Tusk\n|-boost|p1a: Great Tusk|atk|1\n|-boost|p1a: Great Tusk|def|1\n|move|p2a: Garganacl|Salt Cure|p1a: Great Tusk\n|-resisted|p1a: Great Tusk\n|-damage|p1a: Great Tusk|99\/100\n|-start|p1a: Great Tusk|Salt Cure\n|\n|-damage|p1a: Great Tusk|87\/100|[from] Salt Cure\n|upkeep\n|turn|88\n|\n|t:|1700665062\n|move|p1a: Great Tusk|Bulk Up|p1a: Great Tusk\n|-boost|p1a: Great Tusk|atk|1\n|-boost|p1a: Great Tusk|def|1\n|move|p2a: Garganacl|Body Press|p1a: Great Tusk\n|-damage|p1a: Great Tusk|69\/100\n|\n|-damage|p1a: Great Tusk|56\/100|[from] Salt Cure\n|upkeep\n|turn|89\n|\n|t:|1700665065\n|move|p1a: Great Tusk|Bulk Up|p1a: Great Tusk\n|-boost|p1a: Great Tusk|atk|1\n|-boost|p1a: Great Tusk|def|1\n|move|p2a: Garganacl|Body Press|p1a: Great Tusk\n|-damage|p1a: Great Tusk|39\/100\n|\n|-damage|p1a: Great Tusk|27\/100|[from] Salt Cure\n|upkeep\n|turn|90\n|\n|t:|1700665068\n|move|p1a: Great Tusk|Bulk Up|p1a: Great Tusk\n|-boost|p1a: Great Tusk|atk|1\n|-boost|p1a: Great Tusk|def|1\n|move|p2a: Garganacl|Body Press|p1a: Great Tusk\n|-damage|p1a: Great Tusk|13\/100\n|\n|-damage|p1a: Great Tusk|0 fnt|[from] Salt Cure\n|faint|p1a: Great Tusk\n|-end|p1a: Great Tusk|Protosynthesis|[silent]\n|upkeep\n|\n|t:|1700665070\n|switch|p1a: Alomomola|Alomomola, M|100\/100 psn\n|turn|91\n|\n|t:|1700665074\n|move|p1a: Alomomola|Scald|p2a: Garganacl\n|-damage|p2a: Garganacl|92\/100\n|move|p2a: Garganacl|Salt Cure|p1a: Alomomola\n|-damage|p1a: Alomomola|92\/100 psn\n|-start|p1a: Alomomola|Salt Cure\n|\n|-heal|p2a: Garganacl|98\/100|[from] item: Leftovers\n|-damage|p1a: Alomomola|80\/100 psn|[from] psn\n|-damage|p1a: Alomomola|55\/100 psn|[from] Salt Cure\n|upkeep\n|turn|92\n|\n|t:|1700665077\n|move|p1a: Alomomola|Scald|p2a: Garganacl\n|-damage|p2a: Garganacl|89\/100\n|move|p2a: Garganacl|Body Press|p1a: Alomomola\n|-damage|p1a: Alomomola|8\/100 psn\n|\n|-heal|p2a: Garganacl|95\/100|[from] item: Leftovers\n|-damage|p1a: Alomomola|0 fnt|[from] psn\n|faint|p1a: Alomomola\n|upkeep\n|\n|t:|1700665079\n|switch|p1a: Kommo-o|Kommo-o, F|100\/100\n|turn|93\n|\n|t:|1700665083\n|move|p1a: Kommo-o|Flamethrower|p2a: Garganacl\n|-damage|p2a: Garganacl|75\/100\n|move|p2a: Garganacl|Salt Cure|p1a: Kommo-o\n|-resisted|p1a: Kommo-o\n|-damage|p1a: Kommo-o|95\/100\n|-start|p1a: Kommo-o|Salt Cure\n|\n|-heal|p2a: Garganacl|81\/100|[from] item: Leftovers\n|-damage|p1a: Kommo-o|82\/100|[from] Salt Cure\n|upkeep\n|turn|94\n|c|\u2606mikejohns|gg\n|\n|t:|1700665087\n|move|p1a: Kommo-o|Flamethrower|p2a: Garganacl\n|-damage|p2a: Garganacl|63\/100\n|move|p2a: Garganacl|Body Press|p1a: Kommo-o\n|-damage|p1a: Kommo-o|15\/100\n|\n|-heal|p2a: Garganacl|69\/100|[from] item: Leftovers\n|-damage|p1a: Kommo-o|3\/100|[from] Salt Cure\n|upkeep\n|turn|95\n|\n|t:|1700665089\n|move|p1a: Kommo-o|Flamethrower|p2a: Garganacl\n|-damage|p2a: Garganacl|50\/100\n|move|p2a: Garganacl|Recover|p2a: Garganacl\n|-heal|p2a: Garganacl|99\/100\n|\n|-heal|p2a: Garganacl|100\/100|[from] item: Leftovers\n|-damage|p1a: Kommo-o|0 fnt|[from] Salt Cure\n|faint|p1a: Kommo-o\n|\n|win|liaoya\n|upkeep\n|raw|mikejohns's rating: 1566 &rarr; <strong>1544<\/strong><br \/>(-22 for losing)\n|raw|liaoya's rating: 1534 &rarr; <strong>1556<\/strong><br \/>(+22 for winning)\n|c|\u2606liaoya|gg\n|l|\u2606mikejohns\n","uploadtime":1700665093,"views":0,"p1id":"mikejohns","p2id":"liaoya","formatid":"gen9ou","rating":1544,"private":0,"password":""}