{"id":"gen9ou-1995116925","p1":"StakingTea","p2":"RowletTB","format":"[Gen 9] OU","log":"|j|\u2606StakingTea\n|j|\u2606RowletTB\n|t:|1700524414\n|gametype|singles\n|player|p1|StakingTea|cameraman|1087\n|player|p2|RowletTB|crasherwake|1194\n|teamsize|p1|6\n|teamsize|p2|6\n|gen|9\n|tier|[Gen 9] OU\n|rated|\n|rule|Sleep Clause Mod: Limit one foe put to sleep\n|rule|Species Clause: Limit one of each Pok\u00e9mon\n|rule|OHKO Clause: OHKO moves are banned\n|rule|Evasion Items Clause: Evasion items are banned\n|rule|Evasion Moves Clause: Evasion moves are banned\n|rule|Endless Battle Clause: Forcing endless battles is banned\n|rule|HP Percentage Mod: HP is shown in percentages\n|clearpoke\n|poke|p1|Crawdaunt, M|\n|poke|p1|Great Tusk|\n|poke|p1|Pelipper, M|\n|poke|p1|Ribombee, F|\n|poke|p1|Blissey, F|\n|poke|p1|Dragapult, F|\n|poke|p2|Glimmora, M|\n|poke|p2|Great Tusk|\n|poke|p2|Quaquaval, M|\n|poke|p2|Ribombee, F|\n|poke|p2|Salamence, F|\n|poke|p2|Sinistcha|\n|teampreview\n|inactive|Battle timer is ON: inactive players will automatically lose when time's up. (requested by StakingTea)\n|\n|t:|1700524428\n|start\n|switch|p1a: Pelipper|Pelipper, M|100\/100\n|switch|p2a: Glimmora|Glimmora, M|100\/100\n|-weather|RainDance|[from] ability: Drizzle|[of] p1a: Pelipper\n|turn|1\n|\n|t:|1700524437\n|move|p2a: Glimmora|Stealth Rock|p1a: Pelipper\n|-sidestart|p1: StakingTea|move: Stealth Rock\n|move|p1a: Pelipper|Tailwind|p1a: Pelipper\n|-sidestart|p1: StakingTea|move: Tailwind\n|\n|-weather|RainDance|[upkeep]\n|upkeep\n|turn|2\n|\n|t:|1700524444\n|move|p1a: Pelipper|Surf|p2a: Glimmora\n|-supereffective|p2a: Glimmora\n|-enditem|p2a: Glimmora|Focus Sash\n|-damage|p2a: Glimmora|1\/100\n|move|p2a: Glimmora|Power Gem|p1a: Pelipper\n|-supereffective|p1a: Pelipper\n|-damage|p1a: Pelipper|0 fnt\n|faint|p1a: Pelipper\n|\n|-weather|RainDance|[upkeep]\n|upkeep\n|\n|t:|1700524448\n|switch|p1a: Great Tusk|Great Tusk|100\/100\n|-damage|p1a: Great Tusk|98\/100|[from] Stealth Rock\n|turn|3\n|\n|t:|1700524458\n|move|p1a: Great Tusk|Rapid Spin|p2a: Glimmora\n|-resisted|p2a: Glimmora\n|-damage|p2a: Glimmora|0 fnt\n|-boost|p1a: Great Tusk|spe|1\n|-activate|p2a: Glimmora|ability: Toxic Debris\n|-sidestart|p1: StakingTea|move: Toxic Spikes\n|-sideend|p1: StakingTea|Toxic Spikes|[from] move: Rapid Spin|[of] p1a: Great Tusk\n|-sideend|p1: StakingTea|Stealth Rock|[from] move: Rapid Spin|[of] p1a: Great Tusk\n|faint|p2a: Glimmora\n|\n|-weather|RainDance|[upkeep]\n|-heal|p1a: Great Tusk|100\/100|[from] item: Leftovers\n|upkeep\n|\n|t:|1700524470\n|switch|p2a: Sinistcha|Sinistcha|100\/100\n|turn|4\n|\n|t:|1700524475\n|move|p1a: Great Tusk|Ice Spinner|p2a: Sinistcha\n|-supereffective|p2a: Sinistcha\n|-damage|p2a: Sinistcha|44\/100\n|move|p2a: Sinistcha|Calm Mind|p2a: Sinistcha\n|-boost|p2a: Sinistcha|spa|1\n|-boost|p2a: Sinistcha|spd|1\n|\n|-weather|RainDance|[upkeep]\n|-heal|p2a: Sinistcha|50\/100|[from] item: Leftovers\n|-sideend|p1: StakingTea|move: Tailwind\n|upkeep\n|turn|5\n|\n|t:|1700524485\n|move|p1a: Great Tusk|Ice Spinner|p2a: Sinistcha\n|-supereffective|p2a: Sinistcha\n|-damage|p2a: Sinistcha|2\/100\n|move|p2a: Sinistcha|Strength Sap|p1a: Great Tusk\n|-unboost|p1a: Great Tusk|atk|1\n|-heal|p2a: Sinistcha|100\/100\n|\n|-weather|none\n|upkeep\n|turn|6\n|\n|t:|1700524502\n|move|p1a: Great Tusk|Stealth Rock|p2a: Sinistcha\n|-sidestart|p2: RowletTB|move: Stealth Rock\n|move|p2a: Sinistcha|Matcha Gotcha|p1a: Great Tusk\n|-supereffective|p1a: Great Tusk\n|-damage|p1a: Great Tusk|0 fnt\n|faint|p1a: Great Tusk\n|-end|p1a: Great Tusk|Protosynthesis|[silent]\n|\n|upkeep\n|\n|t:|1700524505\n|switch|p1a: Fishy of the ocean|Crawdaunt, M, shiny|100\/100\n|turn|7\n|\n|t:|1700524516\n|-terastallize|p2a: Sinistcha|Grass\n|move|p2a: Sinistcha|Calm Mind|p2a: Sinistcha\n|-boost|p2a: Sinistcha|spa|1\n|-boost|p2a: Sinistcha|spd|1\n|move|p1a: Fishy of the ocean|Knock Off|p2a: Sinistcha\n|-damage|p2a: Sinistcha|10\/100\n|-enditem|p2a: Sinistcha|Leftovers|[from] move: Knock Off|[of] p1a: Fishy of the ocean\n|\n|upkeep\n|turn|8\n|\n|t:|1700524526\n|switch|p1a: Blissey|Blissey, F|100\/100\n|move|p2a: Sinistcha|Strength Sap|p1a: Blissey\n|-unboost|p1a: Blissey|atk|1\n|-heal|p2a: Sinistcha|16\/100\n|\n|upkeep\n|turn|9\n|\n|t:|1700524534\n|move|p2a: Sinistcha|Matcha Gotcha|p1a: Blissey\n|-damage|p1a: Blissey|59\/100\n|-heal|p2a: Sinistcha|59\/100|[from] drain|[of] p1a: Blissey\n|move|p1a: Blissey|Thunder Wave|p2a: Sinistcha\n|-status|p2a: Sinistcha|par\n|\n|-heal|p1a: Blissey|65\/100|[from] item: Leftovers\n|upkeep\n|turn|10\n|\n|t:|1700524545\n|move|p1a: Blissey|Soft-Boiled|p1a: Blissey\n|-heal|p1a: Blissey|100\/100\n|move|p2a: Sinistcha|Matcha Gotcha|p1a: Blissey\n|-damage|p1a: Blissey|56\/100\n|-heal|p2a: Sinistcha|100\/100 par|[from] drain|[of] p1a: Blissey\n|\n|-heal|p1a: Blissey|62\/100|[from] item: Leftovers\n|upkeep\n|turn|11\n|\n|t:|1700524557\n|switch|p1a: Gun|Dragapult, F, shiny|100\/100\n|move|p2a: Sinistcha|Calm Mind|p2a: Sinistcha\n|-boost|p2a: Sinistcha|spa|1\n|-boost|p2a: Sinistcha|spd|1\n|\n|upkeep\n|turn|12\n|\n|t:|1700524564\n|move|p1a: Gun|Dragon Dance|p1a: Gun\n|-boost|p1a: Gun|atk|1\n|-boost|p1a: Gun|spe|1\n|cant|p2a: Sinistcha|par\n|\n|upkeep\n|turn|13\n|\n|t:|1700524570\n|move|p1a: Gun|Dragon Dance|p1a: Gun\n|-boost|p1a: Gun|atk|1\n|-boost|p1a: Gun|spe|1\n|move|p2a: Sinistcha|Shadow Ball|p1a: Gun\n|-supereffective|p1a: Gun\n|-enditem|p1a: Gun|Focus Sash\n|-damage|p1a: Gun|1\/100\n|\n|upkeep\n|turn|14\n|\n|t:|1700524581\n|move|p1a: Gun|Dragon Darts|p2a: Sinistcha\n|-damage|p2a: Sinistcha|46\/100 par\n|-anim|p1a: Gun|Dragon Darts|p2a: Sinistcha\n|-damage|p2a: Sinistcha|0 fnt\n|faint|p2a: Sinistcha\n|\n|upkeep\n|\n|t:|1700524589\n|switch|p2a: Ribombee|Ribombee, F|100\/100\n|-damage|p2a: Ribombee|76\/100|[from] Stealth Rock\n|turn|15\n|\n|t:|1700524608\n|move|p1a: Gun|Phantom Force||[still]\n|-prepare|p1a: Gun|Phantom Force\n|move|p2a: Ribombee|Moonblast|p1a: Gun|[miss]\n|-miss|p2a: Ribombee|p1a: Gun\n|\n|-heal|p2a: Ribombee|82\/100|[from] item: Leftovers\n|upkeep\n|turn|16\n|\n|t:|1700524618\n|move|p1a: Gun|Phantom Force|p2a: Ribombee|[from]lockedmove\n|-damage|p2a: Ribombee|0 fnt\n|faint|p2a: Ribombee\n|\n|upkeep\n|\n|t:|1700524624\n|switch|p2a: Great Tusk|Great Tusk|100\/100\n|-damage|p2a: Great Tusk|97\/100|[from] Stealth Rock\n|turn|17\n|\n|t:|1700524629\n|move|p1a: Gun|Dragon Darts|p2a: Great Tusk\n|-damage|p2a: Great Tusk|66\/100\n|-anim|p1a: Gun|Dragon Darts|p2a: Great Tusk\n|-damage|p2a: Great Tusk|33\/100\n|move|p2a: Great Tusk|Bulk Up|p2a: Great Tusk\n|-boost|p2a: Great Tusk|atk|1\n|-boost|p2a: Great Tusk|def|1\n|\n|-heal|p2a: Great Tusk|39\/100|[from] item: Leftovers\n|upkeep\n|turn|18\n|\n|t:|1700524642\n|move|p1a: Gun|Dragon Darts|p2a: Great Tusk\n|-damage|p2a: Great Tusk|17\/100\n|-anim|p1a: Gun|Dragon Darts|p2a: Great Tusk\n|-damage|p2a: Great Tusk|0 fnt\n|faint|p2a: Great Tusk\n|-end|p2a: Great Tusk|Protosynthesis|[silent]\n|\n|upkeep\n|\n|t:|1700524649\n|switch|p2a: Quaquaval|Quaquaval, M|100\/100\n|-damage|p2a: Quaquaval|94\/100|[from] Stealth Rock\n|turn|19\n|\n|t:|1700524654\n|-terastallize|p1a: Gun|Dragon\n|move|p1a: Gun|Dragon Darts|p2a: Quaquaval\n|-damage|p2a: Quaquaval|15\/100\n|-anim|p1a: Gun|Dragon Darts|p2a: Quaquaval\n|-damage|p2a: Quaquaval|0 fnt\n|faint|p2a: Quaquaval\n|\n|upkeep\n|\n|t:|1700524662\n|switch|p2a: Salamence|Salamence, F|100\/100\n|-damage|p2a: Salamence|76\/100|[from] Stealth Rock\n|turn|20\n|\n|t:|1700524666\n|move|p1a: Gun|Dragon Darts|p2a: Salamence\n|-supereffective|p2a: Salamence\n|-damage|p2a: Salamence|0 fnt\n|faint|p2a: Salamence\n|\n|win|StakingTea\n|raw|StakingTea's rating: 1087 &rarr; <strong>1122<\/strong><br \/>(+35 for winning)\n|raw|RowletTB's rating: 1194 &rarr; <strong>1162<\/strong><br \/>(-32 for losing)\n|l|\u2606RowletTB\n","uploadtime":1700524674,"views":6,"p1id":"stakingtea","p2id":"rowlettb","formatid":"gen9ou","rating":1122,"private":0,"password":""}