{"id":"gen9ou-1995016316","p1":"ThatOneGuy10","p2":"PLAYB0I R0BBIE B","format":"[Gen 9] OU","log":"|j|\u203dThatOneGuy10\n|j|\u2606PLAYB0I R0BBIE B\n|t:|1700513682\n|gametype|singles\n|player|p1|ThatOneGuy10|102|1438\n|player|p2|PLAYB0I R0BBIE B|eusine|1334\n|teamsize|p1|6\n|teamsize|p2|6\n|gen|9\n|tier|[Gen 9] OU\n|rated|\n|rule|Sleep Clause Mod: Limit one foe put to sleep\n|rule|Species Clause: Limit one of each Pok\u00e9mon\n|rule|OHKO Clause: OHKO moves are banned\n|rule|Evasion Items Clause: Evasion items are banned\n|rule|Evasion Moves Clause: Evasion moves are banned\n|rule|Endless Battle Clause: Forcing endless battles is banned\n|rule|HP Percentage Mod: HP is shown in percentages\n|clearpoke\n|poke|p1|Iron Moth|\n|poke|p1|Samurott-Hisui, M|\n|poke|p1|Great Tusk|\n|poke|p1|Dragapult, M|\n|poke|p1|Gholdengo|\n|poke|p1|Landorus-Therian, M|\n|poke|p2|Meowscarada, F|\n|poke|p2|Heatran, F|\n|poke|p2|Thundurus-Therian, M|\n|poke|p2|Dragapult, F|\n|poke|p2|Great Tusk|\n|poke|p2|Azumarill, F|\n|teampreview\n|\n|t:|1700513691\n|start\n|switch|p1a: Landorus|Landorus-Therian, M|100\/100\n|switch|p2a: CAN'T SAY|Azumarill, F|100\/100\n|-ability|p1a: Landorus|Intimidate|boost\n|-unboost|p2a: CAN'T SAY|atk|1\n|turn|1\n|\n|t:|1700513700\n|move|p1a: Landorus|U-turn|p2a: CAN'T SAY\n|-resisted|p2a: CAN'T SAY\n|-damage|p2a: CAN'T SAY|88\/100\n|\n|t:|1700513710\n|switch|p1a: Dragapult|Dragapult, M|100\/100|[from] U-turn\n|move|p2a: CAN'T SAY|Ice Spinner|p1a: Dragapult\n|-supereffective|p1a: Dragapult\n|-damage|p1a: Dragapult|29\/100\n|\n|upkeep\n|turn|2\n|\n|t:|1700513722\n|move|p1a: Dragapult|Will-O-Wisp|p2a: CAN'T SAY\n|-status|p2a: CAN'T SAY|brn\n|move|p2a: CAN'T SAY|Ice Spinner|p1a: Dragapult\n|-supereffective|p1a: Dragapult\n|-damage|p1a: Dragapult|0 fnt\n|faint|p1a: Dragapult\n|\n|-damage|p2a: CAN'T SAY|82\/100 brn|[from] brn\n|upkeep\n|\n|t:|1700513736\n|switch|p1a: Iron Moth|Iron Moth|100\/100\n|-enditem|p1a: Iron Moth|Booster Energy\n|-activate|p1a: Iron Moth|ability: Quark Drive|[fromitem]\n|-start|p1a: Iron Moth|quarkdrivespe\n|turn|3\n|\n|t:|1700513743\n|switch|p2a: 5% TINT|Heatran, F|100\/100\n|-item|p2a: 5% TINT|Air Balloon\n|move|p1a: Iron Moth|Sludge Wave|p2a: 5% TINT\n|-immune|p2a: 5% TINT\n|\n|upkeep\n|turn|4\n|\n|t:|1700513754\n|-end|p1a: Iron Moth|Quark Drive|[silent]\n|switch|p1a: Landorus|Landorus-Therian, M|100\/100\n|-ability|p1a: Landorus|Intimidate|boost\n|-unboost|p2a: 5% TINT|atk|1\n|move|p2a: 5% TINT|Magma Storm|p1a: Landorus|[miss]\n|-miss|p2a: 5% TINT|p1a: Landorus\n|\n|upkeep\n|turn|5\n|\n|t:|1700513762\n|switch|p2a: CAN'T SAY|Azumarill, F|82\/100 brn\n|move|p1a: Landorus|Stealth Rock|p2a: CAN'T SAY\n|-sidestart|p2: PLAYB0I R0BBIE B|move: Stealth Rock\n|\n|-damage|p2a: CAN'T SAY|76\/100 brn|[from] brn\n|upkeep\n|turn|6\n|\n|t:|1700513771\n|move|p1a: Landorus|U-turn|p2a: CAN'T SAY\n|-resisted|p2a: CAN'T SAY\n|-damage|p2a: CAN'T SAY|64\/100 brn\n|\n|t:|1700513776\n|switch|p1a: Samurott|Samurott-Hisui, M|100\/100|[from] U-turn\n|move|p2a: CAN'T SAY|Ice Spinner|p1a: Samurott\n|-resisted|p1a: Samurott\n|-damage|p1a: Samurott|89\/100\n|\n|-damage|p2a: CAN'T SAY|58\/100 brn|[from] brn\n|upkeep\n|turn|7\n|\n|t:|1700513790\n|move|p1a: Samurott|Ceaseless Edge|p2a: CAN'T SAY\n|-resisted|p2a: CAN'T SAY\n|-damage|p2a: CAN'T SAY|31\/100 brn\n|-sidestart|p2: PLAYB0I R0BBIE B|Spikes\n|move|p2a: CAN'T SAY|Play Rough|p1a: Samurott\n|-supereffective|p1a: Samurott\n|-damage|p1a: Samurott|18\/100\n|\n|-damage|p2a: CAN'T SAY|25\/100 brn|[from] brn\n|upkeep\n|turn|8\n|\n|t:|1700513799\n|move|p1a: Samurott|Ceaseless Edge|p2a: CAN'T SAY\n|-resisted|p2a: CAN'T SAY\n|-damage|p2a: CAN'T SAY|1\/100 brn\n|-sidestart|p2: PLAYB0I R0BBIE B|Spikes\n|move|p2a: CAN'T SAY|Play Rough|p1a: Samurott\n|-supereffective|p1a: Samurott\n|-damage|p1a: Samurott|0 fnt\n|faint|p1a: Samurott\n|\n|-damage|p2a: CAN'T SAY|0 fnt|[from] brn\n|faint|p2a: CAN'T SAY\n|upkeep\n|\n|t:|1700513819\n|switch|p1a: Landorus|Landorus-Therian, M|100\/100\n|switch|p2a: NO BYSTANDERS|Dragapult, F|100\/100\n|-ability|p1a: Landorus|Intimidate|boost\n|-unboost|p2a: NO BYSTANDERS|atk|1\n|turn|9\n|\n|t:|1700513828\n|move|p2a: NO BYSTANDERS|Draco Meteor|p1a: Landorus\n|-crit|p1a: Landorus\n|-damage|p1a: Landorus|36\/100\n|-unboost|p2a: NO BYSTANDERS|spa|2\n|move|p1a: Landorus|Earthquake|p2a: NO BYSTANDERS\n|-damage|p2a: NO BYSTANDERS|27\/100\n|\n|-heal|p1a: Landorus|42\/100|[from] item: Leftovers\n|upkeep\n|turn|10\n|\n|t:|1700513837\n|move|p2a: NO BYSTANDERS|Draco Meteor|p1a: Landorus\n|-damage|p1a: Landorus|19\/100\n|-unboost|p2a: NO BYSTANDERS|spa|2\n|move|p1a: Landorus|U-turn|p2a: NO BYSTANDERS\n|-resisted|p2a: NO BYSTANDERS\n|-damage|p2a: NO BYSTANDERS|9\/100\n|\n|t:|1700513850\n|switch|p1a: Great Tusk|Great Tusk|100\/100|[from] U-turn\n|\n|upkeep\n|turn|11\n|\n|t:|1700513864\n|move|p2a: NO BYSTANDERS|Draco Meteor|p1a: Great Tusk\n|-damage|p1a: Great Tusk|74\/100\n|-unboost|p2a: NO BYSTANDERS|spa|2\n|move|p1a: Great Tusk|Knock Off|p2a: NO BYSTANDERS\n|-supereffective|p2a: NO BYSTANDERS\n|-damage|p2a: NO BYSTANDERS|0 fnt\n|-enditem|p2a: NO BYSTANDERS|Heavy-Duty Boots|[from] move: Knock Off|[of] p1a: Great Tusk\n|faint|p2a: NO BYSTANDERS\n|\n|upkeep\n|\n|t:|1700513871\n|switch|p2a: SICKO MODE|Meowscarada, F|100\/100\n|-damage|p2a: SICKO MODE|88\/100|[from] Stealth Rock\n|-damage|p2a: SICKO MODE|72\/100|[from] Spikes\n|turn|12\n|\n|t:|1700513881\n|move|p2a: SICKO MODE|Flower Trick|p1a: Great Tusk\n|-start|p2a: SICKO MODE|typechange|Grass|[from] ability: Protean\n|-supereffective|p1a: Great Tusk\n|-crit|p1a: Great Tusk\n|-damage|p1a: Great Tusk|0 fnt\n|faint|p1a: Great Tusk\n|-end|p1a: Great Tusk|Protosynthesis|[silent]\n|\n|upkeep\n|\n|t:|1700513888\n|switch|p1a: Iron Moth|Iron Moth|100\/100\n|turn|13\n|\n|t:|1700513897\n|switch|p2a: 5% TINT|Heatran, F|100\/100\n|-damage|p2a: 5% TINT|88\/100|[from] Stealth Rock\n|-item|p2a: 5% TINT|Air Balloon\n|move|p1a: Iron Moth|Psychic|p2a: 5% TINT\n|-resisted|p2a: 5% TINT\n|-damage|p2a: 5% TINT|73\/100\n|-enditem|p2a: 5% TINT|Air Balloon\n|\n|upkeep\n|turn|14\n|\n|t:|1700513913\n|-end|p1a: Iron Moth|Quark Drive|[silent]\n|switch|p1a: Gholdengo|Gholdengo|100\/100\n|move|p2a: 5% TINT|Magma Storm|p1a: Gholdengo|[miss]\n|-miss|p2a: 5% TINT|p1a: Gholdengo\n|\n|upkeep\n|turn|15\n|\n|t:|1700513933\n|switch|p2a: ASTROTHUNDER|Thundurus-Therian, M|100\/100\n|-damage|p2a: ASTROTHUNDER|75\/100|[from] Stealth Rock\n|move|p1a: Gholdengo|Focus Blast|p2a: ASTROTHUNDER|[miss]\n|-miss|p1a: Gholdengo|p2a: ASTROTHUNDER\n|\n|upkeep\n|turn|16\n|\n|t:|1700513943\n|switch|p1a: Iron Moth|Iron Moth|100\/100\n|-terastallize|p2a: ASTROTHUNDER|Flying\n|move|p2a: ASTROTHUNDER|Tera Blast|p1a: Iron Moth|[anim] Tera Blast Flying\n|-damage|p1a: Iron Moth|0 fnt\n|faint|p1a: Iron Moth\n|-end|p1a: Iron Moth|Quark Drive|[silent]\n|\n|upkeep\n|\n|t:|1700513953\n|switch|p1a: Gholdengo|Gholdengo|100\/100\n|turn|17\n|\n|t:|1700513956\n|move|p1a: Gholdengo|Make It Rain|p2a: ASTROTHUNDER\n|-damage|p2a: ASTROTHUNDER|0 fnt\n|-unboost|p1a: Gholdengo|spa|1\n|faint|p2a: ASTROTHUNDER\n|\n|upkeep\n|\n|t:|1700513967\n|switch|p2a: SICKO MODE|Meowscarada, F|72\/100\n|-damage|p2a: SICKO MODE|60\/100|[from] Stealth Rock\n|-damage|p2a: SICKO MODE|43\/100|[from] Spikes\n|turn|18\n|\n|t:|1700513990\n|switch|p1a: Landorus|Landorus-Therian, M|19\/100\n|-ability|p1a: Landorus|Intimidate|boost\n|-unboost|p2a: SICKO MODE|atk|1\n|move|p2a: SICKO MODE|Knock Off|p1a: Landorus\n|-start|p2a: SICKO MODE|typechange|Dark|[from] ability: Protean\n|-damage|p1a: Landorus|0 fnt\n|-enditem|p1a: Landorus|Leftovers|[from] move: Knock Off|[of] p2a: SICKO MODE\n|faint|p1a: Landorus\n|\n|upkeep\n|\n|t:|1700513999\n|switch|p1a: Gholdengo|Gholdengo|100\/100\n|turn|19\n|\n|t:|1700514004\n|move|p1a: Gholdengo|Focus Blast|p2a: SICKO MODE|[miss]\n|-miss|p1a: Gholdengo|p2a: SICKO MODE\n|move|p2a: SICKO MODE|Knock Off|p1a: Gholdengo\n|-supereffective|p1a: Gholdengo\n|-damage|p1a: Gholdengo|3\/100\n|-enditem|p1a: Gholdengo|Choice Scarf|[from] move: Knock Off|[of] p2a: SICKO MODE\n|\n|upkeep\n|turn|20\n|\n|t:|1700514007\n|move|p2a: SICKO MODE|Knock Off|p1a: Gholdengo\n|-supereffective|p1a: Gholdengo\n|-damage|p1a: Gholdengo|0 fnt\n|faint|p1a: Gholdengo\n|\n|win|PLAYB0I R0BBIE B\n|raw|ThatOneGuy10's rating: 1438 &rarr; <strong>1412<\/strong><br \/>(-26 for losing)\n|raw|PLAYB0I R0BBIE B's rating: 1334 &rarr; <strong>1360<\/strong><br \/>(+26 for winning)\n|l|\u203dThatOneGuy10\n","uploadtime":1700514016,"views":5,"p1id":"thatoneguy10","p2id":"playb0ir0bbieb","formatid":"gen9ou","rating":1360,"private":0,"password":""}