{"id":"gen9ou-1988898790","p1":"Sh0lopE3","p2":"EstebanAlpha","format":"[Gen 9] OU","log":"|j|\u2606Sh0lopE3\n|j|\u2606EstebanAlpha\n|t:|1699783722\n|gametype|singles\n|player|p1|Sh0lopE3|aromalady|1578\n|player|p2|EstebanAlpha|colress|1681\n|teamsize|p1|6\n|teamsize|p2|6\n|gen|9\n|tier|[Gen 9] OU\n|rated|\n|rule|Sleep Clause Mod: Limit one foe put to sleep\n|rule|Species Clause: Limit one of each Pok\u00e9mon\n|rule|OHKO Clause: OHKO moves are banned\n|rule|Evasion Items Clause: Evasion items are banned\n|rule|Evasion Moves Clause: Evasion moves are banned\n|rule|Endless Battle Clause: Forcing endless battles is banned\n|rule|HP Percentage Mod: HP is shown in percentages\n|clearpoke\n|poke|p1|Landorus-Therian, M|\n|poke|p1|Iron Moth|\n|poke|p1|Slowking-Galar, F|\n|poke|p1|Ogerpon-Cornerstone, F|\n|poke|p1|Mandibuzz, F|\n|poke|p1|Gholdengo|\n|poke|p2|Ogerpon-Wellspring, F|\n|poke|p2|Dragapult, M|\n|poke|p2|Gholdengo|\n|poke|p2|Iron Moth|\n|poke|p2|Ribombee, F|\n|poke|p2|Great Tusk|\n|teampreview\n|j| OUVTripleAxel\n|\n|t:|1699783741\n|start\n|switch|p1a: Ogerpon|Ogerpon-Cornerstone, F|100\/100\n|switch|p2a: Dragapult|Dragapult, M, shiny|100\/100\n|turn|1\n|\n|t:|1699783751\n|-terastallize|p2a: Dragapult|Dragon\n|move|p2a: Dragapult|Dragon Dance|p2a: Dragapult\n|-boost|p2a: Dragapult|atk|1\n|-boost|p2a: Dragapult|spe|1\n|move|p1a: Ogerpon|Trailblaze|p2a: Dragapult\n|-resisted|p2a: Dragapult\n|-damage|p2a: Dragapult|79\/100\n|-boost|p1a: Ogerpon|spe|1\n|\n|-heal|p2a: Dragapult|85\/100|[from] item: Leftovers\n|upkeep\n|turn|2\n|\n|t:|1699783758\n|-terastallize|p1a: Ogerpon|Rock\n|detailschange|p1a: Ogerpon|Ogerpon-Cornerstone-Tera, F, tera:Rock\n|-ability|p1a: Ogerpon|Embody Aspect (Cornerstone)|boost\n|-boost|p1a: Ogerpon|def|1\n|move|p2a: Dragapult|Dragon Darts|p1a: Ogerpon\n|-damage|p1a: Ogerpon|55\/100\n|-anim|p2a: Dragapult|Dragon Darts|p1a: Ogerpon\n|-damage|p1a: Ogerpon|10\/100\n|move|p1a: Ogerpon|Ivy Cudgel|p2a: Dragapult\n|-crit|p2a: Dragapult\n|-damage|p2a: Dragapult|0 fnt\n|faint|p2a: Dragapult\n|\n|upkeep\n|\n|t:|1699783770\n|switch|p2a: Ribombee|Ribombee, F, shiny|100\/100\n|turn|3\n|\n|t:|1699783775\n|move|p1a: Ogerpon|Ivy Cudgel|p2a: Ribombee\n|-supereffective|p2a: Ribombee\n|-crit|p2a: Ribombee\n|-enditem|p2a: Ribombee|Focus Sash\n|-damage|p2a: Ribombee|1\/100\n|move|p2a: Ribombee|Moonblast|p1a: Ogerpon\n|-damage|p1a: Ogerpon|0 fnt\n|faint|p1a: Ogerpon\n|\n|upkeep\n|\n|t:|1699783778\n|switch|p1a: NEVER LANDOVER|Landorus-Therian, M|100\/100\n|-ability|p1a: NEVER LANDOVER|Intimidate|boost\n|-unboost|p2a: Ribombee|atk|1\n|turn|4\n|\n|t:|1699783783\n|move|p1a: NEVER LANDOVER|U-turn|p2a: Ribombee\n|-resisted|p2a: Ribombee\n|-damage|p2a: Ribombee|0 fnt\n|faint|p2a: Ribombee\n|\n|t:|1699783788\n|switch|p1a: Gholdengo|Gholdengo|100\/100|[from] U-turn\n|\n|upkeep\n|\n|t:|1699783803\n|switch|p2a: Iron Moth|Iron Moth|100\/100\n|-enditem|p2a: Iron Moth|Booster Energy\n|-activate|p2a: Iron Moth|ability: Quark Drive|[fromitem]\n|-start|p2a: Iron Moth|quarkdrivespe\n|turn|5\n|\n|t:|1699783805\n|move|p2a: Iron Moth|Fiery Dance|p1a: Gholdengo\n|-supereffective|p1a: Gholdengo\n|-damage|p1a: Gholdengo|33\/100\n|-boost|p2a: Iron Moth|spa|1\n|move|p1a: Gholdengo|Thunder Wave|p2a: Iron Moth\n|-status|p2a: Iron Moth|par\n|\n|-heal|p1a: Gholdengo|39\/100|[from] item: Leftovers\n|upkeep\n|turn|6\n|\n|t:|1699783813\n|switch|p1a: Slowking|Slowking-Galar, F|100\/100\n|move|p2a: Iron Moth|Fiery Dance|p1a: Slowking\n|-damage|p1a: Slowking|66\/100\n|\n|upkeep\n|turn|7\n|\n|t:|1699783820\n|move|p2a: Iron Moth|Fiery Dance|p1a: Slowking\n|-damage|p1a: Slowking|31\/100\n|move|p1a: Slowking|Chilly Reception|p1a: Slowking\n|-weather|Snow\n|\n|t:|1699783822\n|switch|p1a: NEVER LANDOVER|Landorus-Therian, M|100\/100|[from] Chilly Reception\n|-ability|p1a: NEVER LANDOVER|Intimidate|boost\n|-unboost|p2a: Iron Moth|atk|1\n|\n|-weather|Snow|[upkeep]\n|upkeep\n|turn|8\n|\n|t:|1699783832\n|move|p1a: NEVER LANDOVER|Earthquake|p2a: Iron Moth\n|-supereffective|p2a: Iron Moth\n|-damage|p2a: Iron Moth|0 fnt\n|faint|p2a: Iron Moth\n|-end|p2a: Iron Moth|Quark Drive|[silent]\n|\n|-weather|Snow|[upkeep]\n|upkeep\n|j| DR NEFARIO MD\n|\n|t:|1699783843\n|switch|p2a: Ogerpon|Ogerpon-Wellspring, F|100\/100\n|turn|9\n|\n|t:|1699783846\n|switch|p1a: Mandibuzz|Mandibuzz, F|100\/100\n|move|p2a: Ogerpon|Trailblaze|p1a: Mandibuzz\n|-resisted|p1a: Mandibuzz\n|-damage|p1a: Mandibuzz|92\/100\n|-boost|p2a: Ogerpon|spe|1\n|\n|-weather|Snow|[upkeep]\n|upkeep\n|turn|10\n|\n|t:|1699783854\n|move|p2a: Ogerpon|Ivy Cudgel|p1a: Mandibuzz\n|-damage|p1a: Mandibuzz|59\/100\n|move|p1a: Mandibuzz|Foul Play|p2a: Ogerpon\n|-damage|p2a: Ogerpon|40\/100\n|\n|-weather|Snow|[upkeep]\n|upkeep\n|turn|11\n|\n|t:|1699783859\n|move|p2a: Ogerpon|Ivy Cudgel|p1a: Mandibuzz\n|-damage|p1a: Mandibuzz|22\/100\n|move|p1a: Mandibuzz|Roost|p1a: Mandibuzz\n|-heal|p1a: Mandibuzz|72\/100\n|-singleturn|p1a: Mandibuzz|move: Roost\n|\n|-weather|none\n|upkeep\n|turn|12\n|\n|t:|1699783863\n|move|p2a: Ogerpon|Ivy Cudgel|p1a: Mandibuzz\n|-damage|p1a: Mandibuzz|37\/100\n|move|p1a: Mandibuzz|Foul Play|p2a: Ogerpon\n|-damage|p2a: Ogerpon|0 fnt\n|faint|p2a: Ogerpon\n|\n|upkeep\n|\n|t:|1699783874\n|switch|p2a: Great Tusk|Great Tusk|100\/100\n|-enditem|p2a: Great Tusk|Booster Energy\n|-activate|p2a: Great Tusk|ability: Protosynthesis|[fromitem]\n|-start|p2a: Great Tusk|protosynthesisatk\n|turn|13\n|\n|t:|1699783878\n|move|p2a: Great Tusk|Ice Spinner|p1a: Mandibuzz\n|-supereffective|p1a: Mandibuzz\n|-damage|p1a: Mandibuzz|0 fnt\n|faint|p1a: Mandibuzz\n|\n|upkeep\n|\n|t:|1699783885\n|switch|p1a: Iron Moth|Iron Moth|100\/100\n|-enditem|p1a: Iron Moth|Booster Energy\n|-activate|p1a: Iron Moth|ability: Quark Drive|[fromitem]\n|-start|p1a: Iron Moth|quarkdrivespe\n|turn|14\n|\n|t:|1699783897\n|move|p1a: Iron Moth|Substitute|p1a: Iron Moth\n|-start|p1a: Iron Moth|Substitute\n|-damage|p1a: Iron Moth|75\/100\n|move|p2a: Great Tusk|Earthquake|p1a: Iron Moth\n|-supereffective|p1a: Iron Moth\n|-end|p1a: Iron Moth|Substitute\n|\n|upkeep\n|turn|15\n|\n|t:|1699783901\n|move|p1a: Iron Moth|Energy Ball|p2a: Great Tusk\n|-supereffective|p2a: Great Tusk\n|-damage|p2a: Great Tusk|2\/100\n|move|p2a: Great Tusk|Earthquake|p1a: Iron Moth\n|-supereffective|p1a: Iron Moth\n|-damage|p1a: Iron Moth|0 fnt\n|faint|p1a: Iron Moth\n|-end|p1a: Iron Moth|Quark Drive|[silent]\n|\n|upkeep\n|\n|t:|1699783904\n|switch|p1a: NEVER LANDOVER|Landorus-Therian, M|100\/100\n|-ability|p1a: NEVER LANDOVER|Intimidate|boost\n|-unboost|p2a: Great Tusk|atk|1\n|turn|16\n|\n|t:|1699783909\n|move|p1a: NEVER LANDOVER|Earthquake|p2a: Great Tusk\n|-damage|p2a: Great Tusk|0 fnt\n|faint|p2a: Great Tusk\n|-end|p2a: Great Tusk|Protosynthesis|[silent]\n|\n|upkeep\n|\n|t:|1699783912\n|switch|p2a: Gholdengo|Gholdengo|100\/100\n|turn|17\n|\n|t:|1699783915\n|move|p1a: NEVER LANDOVER|Earthquake|p2a: Gholdengo\n|-supereffective|p2a: Gholdengo\n|-damage|p2a: Gholdengo|0 fnt\n|faint|p2a: Gholdengo\n|\n|win|Sh0lopE3\n|raw|Sh0lopE3's rating: 1578 &rarr; <strong>1604<\/strong><br \/>(+26 for winning)\n|raw|EstebanAlpha's rating: 1681 &rarr; <strong>1655<\/strong><br \/>(-26 for losing)\n|l|\u2606Sh0lopE3\n","uploadtime":1699783918,"views":15,"p1id":"sh0lope3","p2id":"estebanalpha","formatid":"gen9ou","rating":1604,"private":0,"password":""}