{"id":"gen9ou-1991157180","p1":"Official Poyo","p2":"want my papa","format":"[Gen 9] OU","log":"|j|\u2606Official Poyo\n|j|\u2606want my papa\n|t:|1700051403\n|gametype|singles\n|player|p1|Official Poyo|richboy-gen4|1538\n|player|p2|want my papa|lass-gen4dp|1554\n|teamsize|p1|6\n|teamsize|p2|6\n|gen|9\n|tier|[Gen 9] OU\n|rated|\n|rule|Sleep Clause Mod: Limit one foe put to sleep\n|rule|Species Clause: Limit one of each Pok\u00e9mon\n|rule|OHKO Clause: OHKO moves are banned\n|rule|Evasion Items Clause: Evasion items are banned\n|rule|Evasion Moves Clause: Evasion moves are banned\n|rule|Endless Battle Clause: Forcing endless battles is banned\n|rule|HP Percentage Mod: HP is shown in percentages\n|clearpoke\n|poke|p1|Sinistcha|\n|poke|p1|Landorus-Therian, M|\n|poke|p1|Samurott-Hisui, F|\n|poke|p1|Cinderace, F|\n|poke|p1|Goodra-Hisui, M|\n|poke|p1|Great Tusk|\n|poke|p2|Weezing-Galar, F|\n|poke|p2|Rotom-Wash|\n|poke|p2|Dragapult, F|\n|poke|p2|Heatran, M|\n|poke|p2|Meowscarada, F|\n|poke|p2|Garchomp, M|\n|teampreview\n|inactive|Battle timer is ON: inactive players will automatically lose when time's up. (requested by Official Poyo)\n|\n|t:|1700051433\n|start\n|switch|p1a: Cinderace|Cinderace, F|100\/100\n|switch|p2a: Rotom|Rotom-Wash|100\/100\n|turn|1\n|\n|t:|1700051438\n|move|p1a: Cinderace|U-turn|p2a: Rotom\n|-start|p1a: Cinderace|typechange|Bug|[from] ability: Libero\n|-damage|p2a: Rotom|73\/100\n|\n|t:|1700051440\n|switch|p1a: Goodra|Goodra-Hisui, M|100\/100|[from] U-turn\n|move|p2a: Rotom|Thunder Wave|p1a: Goodra\n|-status|p1a: Goodra|par\n|\n|-heal|p2a: Rotom|79\/100|[from] item: Leftovers\n|upkeep\n|turn|2\n|\n|t:|1700051444\n|move|p2a: Rotom|Volt Switch|p1a: Goodra\n|-resisted|p1a: Goodra\n|-damage|p1a: Goodra|95\/100 par\n|\n|t:|1700051451\n|switch|p2a: Heatran|Heatran, M, shiny|100\/100|[from] Volt Switch\n|move|p1a: Goodra|Knock Off|p2a: Heatran\n|-damage|p2a: Heatran|82\/100\n|-enditem|p2a: Heatran|Leftovers|[from] move: Knock Off|[of] p1a: Goodra\n|\n|upkeep\n|turn|3\n|\n|t:|1700051461\n|switch|p2a: Garchomp|Garchomp, M|100\/100\n|move|p1a: Goodra|Dragon Tail|p2a: Garchomp\n|-supereffective|p2a: Garchomp\n|-damage|p2a: Garchomp|66\/100\n|-damage|p1a: Goodra|83\/100 par|[from] ability: Rough Skin|[of] p2a: Garchomp\n|drag|p2a: Meowscarada|Meowscarada, F|100\/100\n|\n|upkeep\n|turn|4\n|\n|t:|1700051471\n|switch|p1a: Landorus|Landorus-Therian, M|100\/100\n|-ability|p1a: Landorus|Intimidate|boost\n|-unboost|p2a: Meowscarada|atk|1\n|move|p2a: Meowscarada|Knock Off|p1a: Landorus\n|-damage|p1a: Landorus|79\/100\n|-damage|p2a: Meowscarada|84\/100|[from] item: Rocky Helmet|[of] p1a: Landorus\n|-enditem|p1a: Landorus|Rocky Helmet|[from] move: Knock Off|[of] p2a: Meowscarada\n|\n|upkeep\n|turn|5\n|\n|t:|1700051475\n|move|p2a: Meowscarada|U-turn|p1a: Landorus\n|-resisted|p1a: Landorus\n|-damage|p1a: Landorus|74\/100\n|\n|t:|1700051480\n|switch|p2a: Weezing|Weezing-Galar, F|100\/100|[from] U-turn\n|-ability|p2a: Weezing|Neutralizing Gas\n|move|p1a: Landorus|Stealth Rock|p2a: Weezing\n|-sidestart|p2: want my papa|move: Stealth Rock\n|\n|upkeep\n|turn|6\n|\n|t:|1700051484\n|move|p1a: Landorus|Earthquake|p2a: Weezing\n|-supereffective|p2a: Weezing\n|-damage|p2a: Weezing|38\/100\n|move|p2a: Weezing|Will-O-Wisp|p1a: Landorus\n|-status|p1a: Landorus|brn\n|\n|-damage|p1a: Landorus|68\/100 brn|[from] brn\n|upkeep\n|turn|7\n|\n|t:|1700051495\n|move|p1a: Landorus|U-turn|p2a: Weezing\n|-resisted|p2a: Weezing\n|-damage|p2a: Weezing|36\/100\n|-damage|p1a: Landorus|52\/100 brn|[from] item: Rocky Helmet|[of] p2a: Weezing\n|\n|t:|1700051500\n|switch|p1a: Goodra|Goodra-Hisui, M|83\/100 par|[from] U-turn\n|move|p2a: Weezing|Pain Split|p1a: Goodra\n|-sethp|p1a: Goodra|58\/100 par|[from] move: Pain Split|[silent]\n|-sethp|p2a: Weezing|61\/100|[from] move: Pain Split\n|\n|upkeep\n|turn|8\n|\n|t:|1700051508\n|-end|p2a: Weezing|ability: Neutralizing Gas\n|switch|p2a: Garchomp|Garchomp, M|66\/100\n|-damage|p2a: Garchomp|60\/100|[from] Stealth Rock\n|move|p1a: Goodra|Flash Cannon|p2a: Garchomp\n|-damage|p2a: Garchomp|20\/100\n|\n|upkeep\n|turn|9\n|\n|t:|1700051514\n|switch|p1a: Landorus|Landorus-Therian, M|52\/100 brn\n|-ability|p1a: Landorus|Intimidate|boost\n|-unboost|p2a: Garchomp|atk|1\n|move|p2a: Garchomp|Swords Dance|p2a: Garchomp\n|-boost|p2a: Garchomp|atk|2\n|\n|-damage|p1a: Landorus|46\/100 brn|[from] brn\n|upkeep\n|turn|10\n|\n|t:|1700051517\n|move|p2a: Garchomp|Scale Shot|p1a: Landorus\n|-damage|p1a: Landorus|33\/100 brn\n|-damage|p1a: Landorus|18\/100 brn\n|-damage|p1a: Landorus|4\/100 brn\n|-damage|p1a: Landorus|0 fnt\n|faint|p1a: Landorus\n|-hitcount|p1: Landorus|4\n|-unboost|p2a: Garchomp|def|1\n|-boost|p2a: Garchomp|spe|1\n|\n|upkeep\n|\n|t:|1700051520\n|switch|p1a: Samurott|Samurott-Hisui, F|100\/100\n|turn|11\n|\n|t:|1700051524\n|switch|p2a: Weezing|Weezing-Galar, F|61\/100\n|-ability|p2a: Weezing|Neutralizing Gas\n|-damage|p2a: Weezing|49\/100|[from] Stealth Rock\n|move|p1a: Samurott|Aqua Jet|p2a: Weezing\n|-damage|p2a: Weezing|33\/100\n|-damage|p1a: Samurott|84\/100|[from] item: Rocky Helmet|[of] p2a: Weezing\n|\n|upkeep\n|turn|12\n|\n|t:|1700051529\n|move|p1a: Samurott|Razor Shell|p2a: Weezing\n|-damage|p2a: Weezing|5\/100\n|-unboost|p2a: Weezing|def|1\n|-damage|p1a: Samurott|67\/100|[from] item: Rocky Helmet|[of] p2a: Weezing\n|move|p2a: Weezing|Defog|p1a: Samurott\n|-unboost|p1a: Samurott|evasion|1\n|-sideend|p2: want my papa|Stealth Rock|[from] move: Defog|[of] p2a: Weezing\n|\n|upkeep\n|turn|13\n|\n|t:|1700051534\n|-end|p2a: Weezing|ability: Neutralizing Gas\n|switch|p2a: Meowscarada|Meowscarada, F|84\/100\n|move|p1a: Samurott|Ceaseless Edge|p2a: Meowscarada\n|-resisted|p2a: Meowscarada\n|-damage|p2a: Meowscarada|47\/100\n|-sidestart|p2: want my papa|Spikes\n|\n|upkeep\n|turn|14\n|\n|t:|1700051541\n|switch|p1a: Cinderace|Cinderace, F|100\/100\n|move|p2a: Meowscarada|U-turn|p1a: Cinderace\n|-resisted|p1a: Cinderace\n|-damage|p1a: Cinderace|87\/100\n|\n|t:|1700051544\n|switch|p2a: Heatran|Heatran, M, shiny|82\/100|[from] U-turn\n|-damage|p2a: Heatran|69\/100|[from] Spikes\n|\n|upkeep\n|turn|15\n|\n|t:|1700051550\n|move|p1a: Cinderace|U-turn|p2a: Heatran\n|-start|p1a: Cinderace|typechange|Bug|[from] ability: Libero\n|-resisted|p2a: Heatran\n|-damage|p2a: Heatran|63\/100\n|\n|t:|1700051553\n|switch|p1a: Goodra|Goodra-Hisui, M|58\/100 par|[from] U-turn\n|move|p2a: Heatran|Magma Storm|p1a: Goodra\n|-damage|p1a: Goodra|33\/100 par\n|-activate|p1a: Goodra|move: Magma Storm|[of] p2a: Heatran\n|\n|-damage|p1a: Goodra|20\/100 par|[from] move: Magma Storm|[partiallytrapped]\n|upkeep\n|turn|16\n|\n|t:|1700051557\n|move|p2a: Heatran|Stealth Rock|p1a: Goodra\n|-sidestart|p1: Official Poyo|move: Stealth Rock\n|move|p1a: Goodra|Draco Meteor|p2a: Heatran|[miss]\n|-miss|p1a: Goodra|p2a: Heatran\n|\n|-damage|p1a: Goodra|8\/100 par|[from] move: Magma Storm|[partiallytrapped]\n|upkeep\n|turn|17\n|\n|t:|1700051561\n|move|p2a: Heatran|Earth Power|p1a: Goodra\n|-supereffective|p1a: Goodra\n|-damage|p1a: Goodra|0 fnt\n|faint|p1a: Goodra\n|\n|upkeep\n|\n|t:|1700051567\n|switch|p1a: Samurott|Samurott-Hisui, F|67\/100\n|-damage|p1a: Samurott|55\/100|[from] Stealth Rock\n|turn|18\n|\n|t:|1700051572\n|switch|p2a: Weezing|Weezing-Galar, F|5\/100\n|-ability|p2a: Weezing|Neutralizing Gas\n|-damage|p2a: Weezing|0 fnt|[from] Spikes\n|faint|p2a: Weezing\n|-end|p2a: Weezing|ability: Neutralizing Gas\n|move|p1a: Samurott|Razor Shell|p2: Weezing|[notarget]\n|-fail|p1a: Samurott\n|\n|upkeep\n|\n|t:|1700051583\n|switch|p2a: Meowscarada|Meowscarada, F|47\/100\n|turn|19\n|\n|t:|1700051588\n|switch|p1a: Great Tusk|Great Tusk|100\/100\n|-damage|p1a: Great Tusk|98\/100|[from] Stealth Rock\n|-enditem|p1a: Great Tusk|Booster Energy\n|-activate|p1a: Great Tusk|ability: Protosynthesis|[fromitem]\n|-start|p1a: Great Tusk|protosynthesisspe\n|move|p2a: Meowscarada|Flower Trick|p1a: Great Tusk\n|-supereffective|p1a: Great Tusk\n|-crit|p1a: Great Tusk\n|-damage|p1a: Great Tusk|34\/100\n|\n|upkeep\n|turn|20\n|\n|t:|1700051594\n|switch|p2a: Rotom|Rotom-Wash|79\/100\n|move|p1a: Great Tusk|Ice Spinner|p2a: Rotom\n|-resisted|p2a: Rotom\n|-damage|p2a: Rotom|68\/100\n|\n|-heal|p2a: Rotom|74\/100|[from] item: Leftovers\n|upkeep\n|turn|21\n|\n|t:|1700051597\n|move|p1a: Great Tusk|Rapid Spin|p2a: Rotom\n|-damage|p2a: Rotom|59\/100\n|-boost|p1a: Great Tusk|spe|1\n|-sideend|p1: Official Poyo|Stealth Rock|[from] move: Rapid Spin|[of] p1a: Great Tusk\n|move|p2a: Rotom|Hydro Pump|p1a: Great Tusk\n|-supereffective|p1a: Great Tusk\n|-damage|p1a: Great Tusk|0 fnt\n|faint|p1a: Great Tusk\n|-end|p1a: Great Tusk|Protosynthesis|[silent]\n|\n|-heal|p2a: Rotom|65\/100|[from] item: Leftovers\n|upkeep\n|\n|t:|1700051611\n|switch|p1a: Sinistcha|Sinistcha|100\/100\n|turn|22\n|\n|t:|1700051613\n|switch|p1a: Samurott|Samurott-Hisui, F|55\/100\n|move|p2a: Rotom|Thunder Wave|p1a: Samurott\n|-status|p1a: Samurott|par\n|\n|-heal|p2a: Rotom|72\/100|[from] item: Leftovers\n|upkeep\n|turn|23\n|-message|Official Poyo forfeited.\n|\n|win|want my papa\n|raw|Official Poyo's rating: 1538 &rarr; <strong>1519<\/strong><br \/>(-19 for losing)\n|raw|want my papa's rating: 1554 &rarr; <strong>1573<\/strong><br \/>(+19 for winning)\n|l|\u2606want my papa\n|l|\u2606Official Poyo\n","uploadtime":1700051742,"views":7,"p1id":"officialpoyo","p2id":"wantmypapa","formatid":"gen9ou","rating":1519,"private":0,"password":""}