{"id":"gen9ou-1999986562","p1":"shwak","p2":"purple pastels","format":"[Gen 9] OU","log":"|j|\u2606shwak\n|j|\u2606purple pastels\n|t:|1701137928\n|gametype|singles\n|player|p1|shwak|acetrainerf-gen4|1324\n|player|p2|purple pastels|doubleteam|1390\n|teamsize|p1|6\n|teamsize|p2|6\n|gen|9\n|tier|[Gen 9] OU\n|rated|\n|rule|Sleep Clause Mod: Limit one foe put to sleep\n|rule|Species Clause: Limit one of each Pok\u00e9mon\n|rule|OHKO Clause: OHKO moves are banned\n|rule|Evasion Items Clause: Evasion items are banned\n|rule|Evasion Moves Clause: Evasion moves are banned\n|rule|Endless Battle Clause: Forcing endless battles is banned\n|rule|HP Percentage Mod: HP is shown in percentages\n|clearpoke\n|poke|p1|Iron Hands|\n|poke|p1|Clefable, F|\n|poke|p1|Ogerpon-Wellspring, F|\n|poke|p1|Heatran, F|\n|poke|p1|Landorus-Therian, M|\n|poke|p1|Mandibuzz, F|\n|poke|p2|Rillaboom, M|\n|poke|p2|Heatran, F|\n|poke|p2|Scream Tail|\n|poke|p2|Great Tusk|\n|poke|p2|Dragonite, F|\n|poke|p2|Qwilfish-Hisui, F|\n|teampreview\n|inactive|Battle timer is ON: inactive players will automatically lose when time's up. (requested by shwak)\n|\n|t:|1701137942\n|start\n|switch|p1a: Landorus|Landorus-Therian, M|100\/100\n|switch|p2a: Great Tusk|Great Tusk|100\/100\n|-ability|p1a: Landorus|Intimidate|boost\n|-unboost|p2a: Great Tusk|atk|1\n|turn|1\n|\n|t:|1701137948\n|move|p1a: Landorus|U-turn|p2a: Great Tusk\n|-resisted|p2a: Great Tusk\n|-damage|p2a: Great Tusk|93\/100\n|\n|t:|1701137962\n|switch|p1a: Ogerpon|Ogerpon-Wellspring, F|100\/100|[from] U-turn\n|move|p2a: Great Tusk|Knock Off|p1a: Ogerpon\n|-damage|p1a: Ogerpon|84\/100\n|\n|-heal|p2a: Great Tusk|99\/100|[from] item: Leftovers\n|upkeep\n|turn|2\n|\n|t:|1701137968\n|-end|p2a: Great Tusk|Protosynthesis|[silent]\n|switch|p2a: Qwilfish|Qwilfish-Hisui, F|100\/100\n|-ability|p2a: Qwilfish|Intimidate|boost\n|-unboost|p1a: Ogerpon|atk|1\n|move|p1a: Ogerpon|Ivy Cudgel|p2a: Qwilfish|[anim] Ivy Cudgel Water\n|-damage|p2a: Qwilfish|68\/100\n|\n|upkeep\n|turn|3\n|\n|t:|1701137973\n|move|p1a: Ogerpon|U-turn|p2a: Qwilfish\n|-damage|p2a: Qwilfish|54\/100\n|\n|t:|1701137985\n|switch|p1a: Heatran|Heatran, F|100\/100|[from] U-turn\n|-item|p1a: Heatran|Air Balloon\n|move|p2a: Qwilfish|Spikes|p1a: Heatran\n|-sidestart|p1: shwak|Spikes\n|\n|upkeep\n|turn|4\n|\n|t:|1701137995\n|switch|p2a: Dragonite|Dragonite, F|100\/100\n|move|p1a: Heatran|Earth Power|p2a: Dragonite\n|-immune|p2a: Dragonite\n|\n|upkeep\n|turn|5\n|\n|t:|1701137998\n|move|p2a: Dragonite|Thunder Wave|p1a: Heatran\n|-status|p1a: Heatran|par\n|move|p1a: Heatran|Will-O-Wisp|p2a: Dragonite\n|-status|p2a: Dragonite|brn\n|\n|-damage|p2a: Dragonite|94\/100 brn|[from] brn\n|upkeep\n|turn|6\n|\n|t:|1701138005\n|move|p2a: Dragonite|Hurricane|p1a: Heatran\n|-resisted|p1a: Heatran\n|-damage|p1a: Heatran|88\/100 par\n|-enditem|p1a: Heatran|Air Balloon\n|move|p1a: Heatran|Magma Storm|p2a: Dragonite\n|-resisted|p2a: Dragonite\n|-damage|p2a: Dragonite|73\/100 brn\n|-activate|p2a: Dragonite|move: Magma Storm|[of] p1a: Heatran\n|\n|-damage|p2a: Dragonite|67\/100 brn|[from] brn\n|-damage|p2a: Dragonite|55\/100 brn|[from] move: Magma Storm|[partiallytrapped]\n|upkeep\n|turn|7\n|\n|t:|1701138025\n|move|p2a: Dragonite|Substitute|p2a: Dragonite\n|-start|p2a: Dragonite|Substitute\n|-end|p2a: Dragonite|Magma Storm|[partiallytrapped]|[silent]\n|-damage|p2a: Dragonite|30\/100 brn\n|move|p1a: Heatran|Magma Storm|p2a: Dragonite\n|-resisted|p2a: Dragonite\n|-activate|p2a: Dragonite|move: Substitute|[damage]\n|\n|-damage|p2a: Dragonite|24\/100 brn|[from] brn\n|upkeep\n|turn|8\n|\n|t:|1701138028\n|move|p2a: Dragonite|Roost|p2a: Dragonite\n|-heal|p2a: Dragonite|74\/100 brn\n|-singleturn|p2a: Dragonite|move: Roost\n|move|p1a: Heatran|Magma Storm|p2a: Dragonite\n|-resisted|p2a: Dragonite\n|-end|p2a: Dragonite|Substitute\n|\n|-damage|p2a: Dragonite|67\/100 brn|[from] brn\n|upkeep\n|turn|9\n|\n|t:|1701138032\n|move|p2a: Dragonite|Roost|p2a: Dragonite\n|-heal|p2a: Dragonite|100\/100 brn\n|-singleturn|p2a: Dragonite|move: Roost\n|cant|p1a: Heatran|par\n|\n|-damage|p2a: Dragonite|94\/100 brn|[from] brn\n|upkeep\n|turn|10\n|\n|t:|1701138035\n|move|p2a: Dragonite|Substitute|p2a: Dragonite\n|-start|p2a: Dragonite|Substitute\n|-damage|p2a: Dragonite|69\/100 brn\n|move|p1a: Heatran|Taunt|p2a: Dragonite\n|-start|p2a: Dragonite|move: Taunt\n|\n|-damage|p2a: Dragonite|63\/100 brn|[from] brn\n|upkeep\n|turn|11\n|\n|t:|1701138039\n|move|p2a: Dragonite|Hurricane|p1a: Heatran\n|-resisted|p1a: Heatran\n|-damage|p1a: Heatran|75\/100 par\n|move|p1a: Heatran|Magma Storm|p2a: Dragonite\n|-resisted|p2a: Dragonite\n|-crit|p2a: Dragonite\n|-end|p2a: Dragonite|Substitute\n|\n|-damage|p2a: Dragonite|57\/100 brn|[from] brn\n|upkeep\n|turn|12\n|\n|t:|1701138049\n|switch|p2a: Scream Tail|Scream Tail|100\/100\n|cant|p1a: Heatran|par\n|\n|upkeep\n|turn|13\n|\n|t:|1701138056\n|move|p2a: Scream Tail|Wish|p2a: Scream Tail\n|move|p1a: Heatran|Magma Storm|p2a: Scream Tail\n|-damage|p2a: Scream Tail|72\/100\n|-activate|p2a: Scream Tail|move: Magma Storm|[of] p1a: Heatran\n|\n|-heal|p2a: Scream Tail|78\/100|[from] item: Leftovers\n|-damage|p2a: Scream Tail|66\/100|[from] move: Magma Storm|[partiallytrapped]\n|upkeep\n|turn|14\n|\n|t:|1701138068\n|move|p2a: Scream Tail|Encore|p1a: Heatran\n|-start|p1a: Heatran|Encore\n|move|p1a: Heatran|Magma Storm|p2a: Scream Tail|[miss]\n|-miss|p1a: Heatran|p2a: Scream Tail\n|\n|-heal|p2a: Scream Tail|100\/100|[from] move: Wish|[wisher] Scream Tail\n|-damage|p2a: Scream Tail|88\/100|[from] move: Magma Storm|[partiallytrapped]\n|upkeep\n|turn|15\n|\n|t:|1701138079\n|switch|p1a: Clefable|Clefable, F|100\/100\n|-damage|p1a: Clefable|88\/100|[from] Spikes\n|move|p2a: Scream Tail|Wish|p2a: Scream Tail\n|\n|-heal|p2a: Scream Tail|94\/100|[from] item: Leftovers\n|-heal|p1a: Clefable|94\/100|[from] item: Leftovers\n|-end|p2a: Scream Tail|Magma Storm|[partiallytrapped]|[silent]\n|upkeep\n|turn|16\n|\n|t:|1701138085\n|move|p2a: Scream Tail|Dazzling Gleam|p1a: Clefable\n|-damage|p1a: Clefable|75\/100\n|move|p1a: Clefable|Stealth Rock|p2a: Scream Tail\n|-sidestart|p2: purple pastels|move: Stealth Rock\n|\n|-heal|p2a: Scream Tail|100\/100|[from] move: Wish|[wisher] Scream Tail\n|-heal|p1a: Clefable|81\/100|[from] item: Leftovers\n|upkeep\n|turn|17\n|\n|t:|1701138091\n|move|p2a: Scream Tail|Dazzling Gleam|p1a: Clefable\n|-damage|p1a: Clefable|61\/100\n|move|p1a: Clefable|Moonblast|p2a: Scream Tail\n|-damage|p2a: Scream Tail|78\/100\n|-unboost|p2a: Scream Tail|spa|1\n|\n|-heal|p2a: Scream Tail|84\/100|[from] item: Leftovers\n|-heal|p1a: Clefable|67\/100|[from] item: Leftovers\n|upkeep\n|turn|18\n|\n|t:|1701138098\n|move|p2a: Scream Tail|Wish|p2a: Scream Tail\n|move|p1a: Clefable|Thunder Wave|p2a: Scream Tail\n|-status|p2a: Scream Tail|par\n|\n|-heal|p2a: Scream Tail|91\/100 par|[from] item: Leftovers\n|-heal|p1a: Clefable|73\/100|[from] item: Leftovers\n|upkeep\n|turn|19\n|\n|t:|1701138104\n|-end|p2a: Scream Tail|Protosynthesis|[silent]\n|switch|p2a: Qwilfish|Qwilfish-Hisui, F|54\/100\n|-damage|p2a: Qwilfish|42\/100|[from] Stealth Rock\n|-ability|p2a: Qwilfish|Intimidate|boost\n|-unboost|p1a: Clefable|atk|1\n|move|p1a: Clefable|Wish|p1a: Clefable\n|\n|-heal|p2a: Qwilfish|100\/100|[from] move: Wish|[wisher] Scream Tail\n|-heal|p1a: Clefable|79\/100|[from] item: Leftovers\n|upkeep\n|turn|20\n|\n|t:|1701138116\n|switch|p1a: Landorus|Landorus-Therian, M|100\/100\n|-ability|p1a: Landorus|Intimidate|boost\n|-unboost|p2a: Qwilfish|atk|1\n|move|p2a: Qwilfish|Barb Barrage|p1a: Landorus\n|-resisted|p1a: Landorus\n|-damage|p1a: Landorus|92\/100\n|\n|-heal|p1a: Landorus|100\/100|[from] move: Wish|[wisher] Clefable\n|upkeep\n|turn|21\n|\n|t:|1701138129\n|switch|p2a: Dragonite|Dragonite, F|57\/100 brn\n|move|p1a: Landorus|Stone Edge|p2a: Dragonite\n|-supereffective|p2a: Dragonite\n|-damage|p2a: Dragonite|0 fnt\n|faint|p2a: Dragonite\n|\n|upkeep\n|\n|t:|1701138134\n|switch|p2a: Rillaboom|Rillaboom, M|100\/100\n|-damage|p2a: Rillaboom|88\/100|[from] Stealth Rock\n|-fieldstart|move: Grassy Terrain|[from] ability: Grassy Surge|[of] p2a: Rillaboom\n|turn|22\n|\n|t:|1701138140\n|switch|p1a: Heatran|Heatran, F|75\/100 par\n|-damage|p1a: Heatran|62\/100 par|[from] Spikes\n|move|p2a: Rillaboom|Knock Off|p1a: Heatran\n|-damage|p1a: Heatran|37\/100 par\n|\n|-heal|p2a: Rillaboom|94\/100|[from] Grassy Terrain\n|-heal|p1a: Heatran|44\/100 par|[from] Grassy Terrain\n|upkeep\n|turn|23\n|\n|t:|1701138149\n|switch|p2a: Scream Tail|Scream Tail|91\/100 par\n|-damage|p2a: Scream Tail|78\/100 par|[from] Stealth Rock\n|move|p1a: Heatran|Magma Storm|p2a: Scream Tail\n|-damage|p2a: Scream Tail|47\/100 par\n|-activate|p2a: Scream Tail|move: Magma Storm|[of] p1a: Heatran\n|\n|-heal|p2a: Scream Tail|53\/100 par|[from] Grassy Terrain\n|-heal|p2a: Scream Tail|59\/100 par|[from] item: Leftovers\n|-heal|p1a: Heatran|50\/100 par|[from] Grassy Terrain\n|-damage|p2a: Scream Tail|47\/100 par|[from] move: Magma Storm|[partiallytrapped]\n|upkeep\n|turn|24\n|\n|t:|1701138162\n|switch|p1a: Ogerpon|Ogerpon-Wellspring, F|84\/100\n|-damage|p1a: Ogerpon|72\/100|[from] Spikes\n|move|p2a: Scream Tail|Protect||[still]\n|-fail|p2a: Scream Tail\n|\n|-heal|p1a: Ogerpon|78\/100|[from] Grassy Terrain\n|-heal|p2a: Scream Tail|53\/100 par|[from] Grassy Terrain\n|-heal|p2a: Scream Tail|59\/100 par|[from] item: Leftovers\n|-end|p2a: Scream Tail|Magma Storm|[partiallytrapped]|[silent]\n|upkeep\n|turn|25\n|\n|t:|1701138171\n|-end|p2a: Scream Tail|Protosynthesis|[silent]\n|switch|p2a: Rillaboom|Rillaboom, M|94\/100\n|-damage|p2a: Rillaboom|82\/100|[from] Stealth Rock\n|move|p1a: Ogerpon|Ivy Cudgel|p2a: Rillaboom|[anim] Ivy Cudgel Water\n|-resisted|p2a: Rillaboom\n|-damage|p2a: Rillaboom|60\/100\n|\n|-heal|p1a: Ogerpon|84\/100|[from] Grassy Terrain\n|-heal|p2a: Rillaboom|67\/100|[from] Grassy Terrain\n|upkeep\n|turn|26\n|\n|t:|1701138180\n|move|p1a: Ogerpon|U-turn|p2a: Rillaboom\n|-supereffective|p2a: Rillaboom\n|-damage|p2a: Rillaboom|27\/100\n|\n|t:|1701138182\n|switch|p1a: Mandibuzz|Mandibuzz, F|100\/100|[from] U-turn\n|move|p2a: Rillaboom|U-turn|p1a: Mandibuzz\n|-damage|p1a: Mandibuzz|83\/100\n|\n|t:|1701138189\n|switch|p2a: Qwilfish|Qwilfish-Hisui, F|100\/100|[from] U-turn\n|-damage|p2a: Qwilfish|88\/100|[from] Stealth Rock\n|-ability|p2a: Qwilfish|Intimidate|boost\n|-unboost|p1a: Mandibuzz|atk|1\n|\n|-heal|p2a: Qwilfish|94\/100|[from] Grassy Terrain\n|-fieldend|move: Grassy Terrain\n|upkeep\n|turn|27\n|\n|t:|1701138196\n|move|p2a: Qwilfish|Mud Shot|p1a: Mandibuzz\n|-immune|p1a: Mandibuzz\n|move|p1a: Mandibuzz|Knock Off|p2a: Qwilfish\n|-resisted|p2a: Qwilfish\n|-damage|p2a: Qwilfish|89\/100\n|-enditem|p2a: Qwilfish|Eviolite|[from] move: Knock Off|[of] p1a: Mandibuzz\n|\n|upkeep\n|turn|28\n|inactive|shwak has 120 seconds left.\n|\n|t:|1701138231\n|switch|p1a: Landorus|Landorus-Therian, M|100\/100\n|-ability|p1a: Landorus|Intimidate|boost\n|-unboost|p2a: Qwilfish|atk|1\n|move|p2a: Qwilfish|Barb Barrage|p1a: Landorus\n|-resisted|p1a: Landorus\n|-damage|p1a: Landorus|92\/100\n|-status|p1a: Landorus|psn\n|\n|-damage|p1a: Landorus|80\/100 psn|[from] psn\n|upkeep\n|turn|29\n|inactive|shwak has 120 seconds left.\n|\n|t:|1701138251\n|switch|p2a: Great Tusk|Great Tusk|99\/100\n|-damage|p2a: Great Tusk|96\/100|[from] Stealth Rock\n|move|p1a: Landorus|U-turn|p2a: Great Tusk\n|-resisted|p2a: Great Tusk\n|-damage|p2a: Great Tusk|88\/100\n|inactive|shwak has 120 seconds left.\n|\n|t:|1701138259\n|switch|p1a: Ogerpon|Ogerpon-Wellspring, F|84\/100|[from] U-turn\n|-damage|p1a: Ogerpon|72\/100|[from] Spikes\n|\n|-heal|p2a: Great Tusk|94\/100|[from] item: Leftovers\n|upkeep\n|turn|30\n|\n|t:|1701138271\n|-end|p2a: Great Tusk|Protosynthesis|[silent]\n|switch|p2a: Qwilfish|Qwilfish-Hisui, F|89\/100\n|-damage|p2a: Qwilfish|77\/100|[from] Stealth Rock\n|-ability|p2a: Qwilfish|Intimidate|boost\n|-unboost|p1a: Ogerpon|atk|1\n|move|p1a: Ogerpon|Ivy Cudgel|p2a: Qwilfish|[anim] Ivy Cudgel Water\n|-crit|p2a: Qwilfish\n|-damage|p2a: Qwilfish|0 fnt\n|faint|p2a: Qwilfish\n|\n|upkeep\n|\n|t:|1701138276\n|switch|p2a: Scream Tail|Scream Tail|59\/100 par\n|-damage|p2a: Scream Tail|47\/100 par|[from] Stealth Rock\n|turn|31\n|\n|t:|1701138280\n|move|p1a: Ogerpon|Ivy Cudgel|p2a: Scream Tail|[anim] Ivy Cudgel Water\n|-damage|p2a: Scream Tail|15\/100 par\n|move|p2a: Scream Tail|Wish|p2a: Scream Tail\n|\n|-heal|p2a: Scream Tail|21\/100 par|[from] item: Leftovers\n|upkeep\n|turn|32\n|\n|t:|1701138296\n|move|p2a: Scream Tail|Protect|p2a: Scream Tail\n|-singleturn|p2a: Scream Tail|Protect\n|move|p1a: Ogerpon|Knock Off|p2a: Scream Tail\n|-activate|p2a: Scream Tail|move: Protect\n|\n|-heal|p2a: Scream Tail|71\/100 par|[from] move: Wish|[wisher] Scream Tail\n|-heal|p2a: Scream Tail|77\/100 par|[from] item: Leftovers\n|upkeep\n|turn|33\n|\n|t:|1701138317\n|move|p1a: Ogerpon|Knock Off|p2a: Scream Tail\n|-damage|p2a: Scream Tail|59\/100 par\n|-enditem|p2a: Scream Tail|Leftovers|[from] move: Knock Off|[of] p1a: Ogerpon\n|move|p2a: Scream Tail|Wish|p2a: Scream Tail\n|\n|upkeep\n|turn|34\n|\n|t:|1701138329\n|-end|p2a: Scream Tail|Protosynthesis|[silent]\n|switch|p2a: Rillaboom|Rillaboom, M|27\/100\n|-damage|p2a: Rillaboom|15\/100|[from] Stealth Rock\n|-fieldstart|move: Grassy Terrain|[from] ability: Grassy Surge|[of] p2a: Rillaboom\n|move|p1a: Ogerpon|U-turn|p2a: Rillaboom\n|-supereffective|p2a: Rillaboom\n|-damage|p2a: Rillaboom|0 fnt\n|faint|p2a: Rillaboom\n|\n|t:|1701138337\n|switch|p1a: Landorus|Landorus-Therian, M|80\/100 psn|[from] U-turn\n|\n|-damage|p1a: Landorus|68\/100 psn|[from] psn\n|upkeep\n|\n|t:|1701138344\n|switch|p2a: Great Tusk|Great Tusk|94\/100\n|-damage|p2a: Great Tusk|91\/100|[from] Stealth Rock\n|turn|35\n|\n|t:|1701138353\n|-terastallize|p1a: Landorus|Flying\n|move|p1a: Landorus|Tera Blast|p2a: Great Tusk|[anim] Tera Blast Flying\n|-supereffective|p2a: Great Tusk\n|-damage|p2a: Great Tusk|12\/100\n|move|p2a: Great Tusk|Rapid Spin|p1a: Landorus\n|-damage|p1a: Landorus|49\/100 psn\n|-boost|p2a: Great Tusk|spe|1\n|-sideend|p2: purple pastels|Stealth Rock|[from] move: Rapid Spin|[of] p2a: Great Tusk\n|\n|-heal|p2a: Great Tusk|18\/100|[from] Grassy Terrain\n|-heal|p2a: Great Tusk|24\/100|[from] item: Leftovers\n|-damage|p1a: Landorus|37\/100 psn|[from] psn\n|upkeep\n|turn|36\n|\n|t:|1701138373\n|-end|p2a: Great Tusk|Protosynthesis|[silent]\n|switch|p2a: Heatran|Heatran, F|100\/100\n|move|p1a: Landorus|Tera Blast|p2a: Heatran|[anim] Tera Blast Flying\n|-resisted|p2a: Heatran\n|-damage|p2a: Heatran|76\/100\n|\n|-heal|p2a: Heatran|82\/100|[from] Grassy Terrain\n|-heal|p2a: Heatran|89\/100|[from] item: Leftovers\n|-damage|p1a: Landorus|25\/100 psn|[from] psn\n|upkeep\n|turn|37\n|inactive|purple pastels has 120 seconds left.\n|\n|t:|1701138400\n|switch|p1a: Heatran|Heatran, F|50\/100 par\n|-damage|p1a: Heatran|37\/100 par|[from] Spikes\n|switch|p2a: Great Tusk|Great Tusk|24\/100\n|\n|-heal|p2a: Great Tusk|30\/100|[from] Grassy Terrain\n|-heal|p2a: Great Tusk|37\/100|[from] item: Leftovers\n|-heal|p1a: Heatran|44\/100 par|[from] Grassy Terrain\n|upkeep\n|turn|38\n|\n|t:|1701138417\n|switch|p1a: Mandibuzz|Mandibuzz, F|83\/100\n|move|p2a: Great Tusk|Headlong Rush|p1a: Mandibuzz\n|-immune|p1a: Mandibuzz\n|\n|-heal|p2a: Great Tusk|43\/100|[from] Grassy Terrain\n|-heal|p2a: Great Tusk|49\/100|[from] item: Leftovers\n|-fieldend|move: Grassy Terrain\n|upkeep\n|turn|39\n|\n|t:|1701138425\n|-end|p2a: Great Tusk|Protosynthesis|[silent]\n|switch|p2a: Heatran|Heatran, F|89\/100\n|move|p1a: Mandibuzz|Knock Off|p2a: Heatran\n|-damage|p2a: Heatran|71\/100\n|-enditem|p2a: Heatran|Leftovers|[from] move: Knock Off|[of] p1a: Mandibuzz\n|\n|upkeep\n|turn|40\n|\n|t:|1701138450\n|switch|p1a: Landorus|Landorus-Therian, M, tera:Flying|25\/100 psn\n|-ability|p1a: Landorus|Intimidate|boost\n|-unboost|p2a: Heatran|atk|1\n|move|p2a: Heatran|Magma Storm|p1a: Landorus\n|-damage|p1a: Landorus|0 fnt\n|faint|p1a: Landorus\n|\n|upkeep\n|\n|t:|1701138459\n|switch|p1a: Ogerpon|Ogerpon-Wellspring, F|72\/100\n|-damage|p1a: Ogerpon|59\/100|[from] Spikes\n|turn|41\n|\n|t:|1701138471\n|-terastallize|p2a: Heatran|Grass\n|move|p1a: Ogerpon|Ivy Cudgel|p2a: Heatran|[anim] Ivy Cudgel Water\n|-resisted|p2a: Heatran\n|-damage|p2a: Heatran|46\/100\n|move|p2a: Heatran|Lava Plume|p1a: Ogerpon\n|-damage|p1a: Ogerpon|19\/100\n|\n|upkeep\n|turn|42\n|\n|t:|1701138482\n|move|p1a: Ogerpon|U-turn|p2a: Heatran\n|-supereffective|p2a: Heatran\n|-damage|p2a: Heatran|1\/100\n|\n|t:|1701138487\n|switch|p1a: Heatran|Heatran, F|44\/100 par|[from] U-turn\n|-damage|p1a: Heatran|31\/100 par|[from] Spikes\n|move|p2a: Heatran|Lava Plume|p1a: Heatran\n|-start|p1a: Heatran|ability: Flash Fire\n|\n|upkeep\n|turn|43\n|\n|t:|1701138495\n|move|p2a: Heatran|Magma Storm|p1a: Heatran\n|-immune|p1a: Heatran|[from] ability: Flash Fire\n|move|p1a: Heatran|Earth Power|p2a: Heatran\n|-resisted|p2a: Heatran\n|-damage|p2a: Heatran|0 fnt\n|faint|p2a: Heatran\n|\n|upkeep\n|\n|t:|1701138500\n|switch|p2a: Great Tusk|Great Tusk|49\/100\n|turn|44\n|\n|t:|1701138506\n|move|p2a: Great Tusk|Headlong Rush|p1a: Heatran\n|-supereffective|p1a: Heatran\n|-damage|p1a: Heatran|0 fnt\n|-unboost|p2a: Great Tusk|def|1\n|-unboost|p2a: Great Tusk|spd|1\n|faint|p1a: Heatran\n|\n|-heal|p2a: Great Tusk|55\/100|[from] item: Leftovers\n|upkeep\n|\n|t:|1701138514\n|switch|p1a: Ogerpon|Ogerpon-Wellspring, F|19\/100\n|-damage|p1a: Ogerpon|7\/100|[from] Spikes\n|turn|45\n|\n|t:|1701138519\n|-end|p2a: Great Tusk|Protosynthesis|[silent]\n|switch|p2a: Scream Tail|Scream Tail|59\/100 par\n|move|p1a: Ogerpon|Horn Leech|p2a: Scream Tail\n|-damage|p2a: Scream Tail|22\/100 par\n|-heal|p1a: Ogerpon|33\/100|[from] drain|[of] p2a: Scream Tail\n|\n|upkeep\n|turn|46\n|\n|t:|1701138522\n|move|p1a: Ogerpon|Ivy Cudgel|p2a: Scream Tail|[anim] Ivy Cudgel Water\n|-damage|p2a: Scream Tail|0 fnt\n|faint|p2a: Scream Tail\n|-end|p2a: Scream Tail|Protosynthesis|[silent]\n|\n|upkeep\n|\n|t:|1701138525\n|switch|p2a: Great Tusk|Great Tusk|55\/100\n|turn|47\n|c|\u2606shwak|gg\n|\n|t:|1701138534\n|move|p1a: Ogerpon|Ivy Cudgel|p2a: Great Tusk|[anim] Ivy Cudgel Water\n|-supereffective|p2a: Great Tusk\n|-damage|p2a: Great Tusk|0 fnt\n|faint|p2a: Great Tusk\n|-end|p2a: Great Tusk|Protosynthesis|[silent]\n|\n|win|shwak\n|raw|shwak's rating: 1324 &rarr; <strong>1348<\/strong><br \/>(+24 for winning)\n|raw|purple pastels's rating: 1390 &rarr; <strong>1366<\/strong><br \/>(-24 for losing)\n|l|\u2606purple pastels\n","uploadtime":1701138577,"views":2,"p1id":"shwak","p2id":"purplepastels","formatid":"gen9ou","rating":1348,"private":0,"password":""}