{"id":"gen9ou-1988592474","p1":"zshmoneyy","p2":"Hittite Jumpscare","format":"[Gen 9] OU","log":"|j|\u2606zshmoneyy\n|j|\u2606Hittite Jumpscare\n|t:|1699739699\n|gametype|singles\n|player|p1|zshmoneyy|blue-gen3champion|1164\n|player|p2|Hittite Jumpscare|nate|1255\n|teamsize|p1|6\n|teamsize|p2|6\n|gen|9\n|tier|[Gen 9] OU\n|rated|\n|rule|Sleep Clause Mod: Limit one foe put to sleep\n|rule|Species Clause: Limit one of each Pok\u00e9mon\n|rule|OHKO Clause: OHKO moves are banned\n|rule|Evasion Items Clause: Evasion items are banned\n|rule|Evasion Moves Clause: Evasion moves are banned\n|rule|Endless Battle Clause: Forcing endless battles is banned\n|rule|HP Percentage Mod: HP is shown in percentages\n|clearpoke\n|poke|p1|Great Tusk|\n|poke|p1|Ribombee, F|\n|poke|p1|Mew|\n|poke|p1|Cinderace, F|\n|poke|p1|Gholdengo|\n|poke|p1|Honchkrow, F|\n|poke|p2|Kingambit, M|\n|poke|p2|Corviknight, M|\n|poke|p2|Gholdengo|\n|poke|p2|Heatran, F|\n|poke|p2|Jirachi|\n|poke|p2|Scizor, M|\n|teampreview\n|inactive|Battle timer is ON: inactive players will automatically lose when time's up. (requested by Hittite Jumpscare)\n|\n|t:|1699739712\n|start\n|switch|p1a: Pokelee|Ribombee, F|100\/100\n|switch|p2a: Gholdengo|Gholdengo|100\/100\n|-item|p2a: Gholdengo|Air Balloon\n|turn|1\n|\n|t:|1699739728\n|move|p1a: Pokelee|Sticky Web|p2a: Gholdengo\n|-sidestart|p2: Hittite Jumpscare|move: Sticky Web\n|move|p2a: Gholdengo|Make It Rain|p1a: Pokelee\n|-supereffective|p1a: Pokelee\n|-enditem|p1a: Pokelee|Focus Sash\n|-damage|p1a: Pokelee|1\/100\n|-unboost|p2a: Gholdengo|spa|1\n|\n|upkeep\n|turn|2\n|inactive|zshmoneyy has 120 seconds left.\n|\n|t:|1699739753\n|switch|p1a: Frilleon|Cinderace, F|100\/100\n|move|p2a: Gholdengo|Shadow Ball|p1a: Frilleon\n|-damage|p1a: Frilleon|61\/100\n|\n|upkeep\n|turn|3\n|inactive|zshmoneyy has 120 seconds left.\n|\n|t:|1699739768\n|switch|p2a: Heatran|Heatran, F|100\/100\n|-activate|p2a: Heatran|move: Sticky Web\n|-unboost|p2a: Heatran|spe|1\n|move|p1a: Frilleon|U-turn|p2a: Heatran\n|-start|p1a: Frilleon|typechange|Bug|[from] ability: Libero\n|-resisted|p2a: Heatran\n|-crit|p2a: Heatran\n|-damage|p2a: Heatran|90\/100\n|inactive|zshmoneyy has 120 seconds left.\n|\n|t:|1699739778\n|switch|p1a: Mr Cycle|Great Tusk, shiny|100\/100|[from] U-turn\n|-enditem|p1a: Mr Cycle|Booster Energy\n|-activate|p1a: Mr Cycle|ability: Protosynthesis|[fromitem]\n|-start|p1a: Mr Cycle|protosynthesisatk\n|\n|-heal|p2a: Heatran|96\/100|[from] item: Leftovers\n|upkeep\n|turn|4\n|inactive|zshmoneyy has 120 seconds left.\n|\n|t:|1699739787\n|switch|p2a: Corviknight|Corviknight, M|100\/100\n|-ability|p2a: Corviknight|Pressure\n|move|p1a: Mr Cycle|Headlong Rush|p2a: Corviknight\n|-immune|p2a: Corviknight\n|\n|upkeep\n|turn|5\n|\n|t:|1699739796\n|-end|p1a: Mr Cycle|Protosynthesis|[silent]\n|switch|p1a: Mr President|Gholdengo|100\/100\n|-item|p1a: Mr President|Air Balloon\n|move|p2a: Corviknight|Defog|p1a: Mr President\n|-immune|p1a: Mr President|[from] ability: Good as Gold\n|\n|upkeep\n|turn|6\n|\n|t:|1699739808\n|move|p1a: Mr President|Nasty Plot|p1a: Mr President\n|-boost|p1a: Mr President|spa|2\n|move|p2a: Corviknight|U-turn|p1a: Mr President\n|-resisted|p1a: Mr President\n|-damage|p1a: Mr President|96\/100\n|-enditem|p1a: Mr President|Air Balloon\n|\n|t:|1699739814\n|switch|p2a: Kingambit|Kingambit, M|100\/100|[from] U-turn\n|-activate|p2a: Kingambit|move: Sticky Web\n|-unboost|p2a: Kingambit|spe|1\n|\n|upkeep\n|turn|7\n|\n|t:|1699739824\n|-terastallize|p1a: Mr President|Steel\n|move|p1a: Mr President|Make It Rain|p2a: Kingambit\n|-resisted|p2a: Kingambit\n|-damage|p2a: Kingambit|7\/100\n|-unboost|p1a: Mr President|spa|1\n|move|p2a: Kingambit|Kowtow Cleave|p1a: Mr President\n|-damage|p1a: Mr President|40\/100\n|\n|-heal|p2a: Kingambit|13\/100|[from] item: Leftovers\n|upkeep\n|turn|8\n|inactive|zshmoneyy has 120 seconds left.\n|\n|t:|1699739852\n|switch|p1a: Mr Cycle|Great Tusk, shiny|100\/100\n|-end|p2a: Kingambit|fallenundefined|[silent]\n|switch|p2a: Heatran|Heatran, F|96\/100\n|-activate|p2a: Heatran|move: Sticky Web\n|-unboost|p2a: Heatran|spe|1\n|\n|-heal|p2a: Heatran|100\/100|[from] item: Leftovers\n|upkeep\n|turn|9\n|inactive|zshmoneyy has 120 seconds left.\n|\n|t:|1699739865\n|-terastallize|p2a: Heatran|Grass\n|move|p1a: Mr Cycle|Head Smash|p2a: Heatran\n|-damage|p2a: Heatran|60\/100\n|-damage|p1a: Mr Cycle|79\/100|[from] Recoil\n|move|p2a: Heatran|Magma Storm|p1a: Mr Cycle\n|-damage|p1a: Mr Cycle|18\/100\n|-activate|p1a: Mr Cycle|move: Magma Storm|[of] p2a: Heatran\n|\n|-heal|p2a: Heatran|66\/100|[from] item: Leftovers\n|-damage|p1a: Mr Cycle|5\/100|[from] move: Magma Storm|[partiallytrapped]\n|upkeep\n|turn|10\n|inactive|zshmoneyy has 120 seconds left.\n|\n|t:|1699739876\n|move|p1a: Mr Cycle|Ice Spinner|p2a: Heatran\n|-supereffective|p2a: Heatran\n|-damage|p2a: Heatran|18\/100\n|move|p2a: Heatran|Stealth Rock|p1a: Mr Cycle\n|-sidestart|p1: zshmoneyy|move: Stealth Rock\n|\n|-heal|p2a: Heatran|24\/100|[from] item: Leftovers\n|-damage|p1a: Mr Cycle|0 fnt|[from] move: Magma Storm|[partiallytrapped]\n|faint|p1a: Mr Cycle\n|-end|p1a: Mr Cycle|Protosynthesis|[silent]\n|upkeep\n|inactive|zshmoneyy has 120 seconds left.\n|inactive|zshmoneyy has 90 seconds left.\n|\n|t:|1699739933\n|switch|p1a: Mr President|Gholdengo, tera:Steel|40\/100\n|-damage|p1a: Mr President|34\/100|[from] Stealth Rock\n|turn|11\n|\n|t:|1699739948\n|move|p1a: Mr President|Shadow Ball|p2a: Heatran\n|-damage|p2a: Heatran|0 fnt\n|faint|p2a: Heatran\n|\n|upkeep\n|\n|t:|1699739956\n|switch|p2a: Corviknight|Corviknight, M|100\/100\n|-ability|p2a: Corviknight|Pressure\n|turn|12\n|\n|t:|1699739964\n|move|p1a: Mr President|Nasty Plot|p1a: Mr President\n|-boost|p1a: Mr President|spa|2\n|move|p2a: Corviknight|Body Press|p1a: Mr President\n|-supereffective|p1a: Mr President\n|-damage|p1a: Mr President|0 fnt\n|faint|p1a: Mr President\n|\n|upkeep\n|\n|t:|1699739975\n|switch|p1a: Frilleon|Cinderace, F|61\/100\n|turn|13\n|\n|t:|1699739991\n|move|p1a: Frilleon|Pyro Ball|p2a: Corviknight\n|-supereffective|p2a: Corviknight\n|-damage|p2a: Corviknight|25\/100\n|move|p2a: Corviknight|Defog|p1a: Frilleon\n|-unboost|p1a: Frilleon|evasion|1\n|-sideend|p1: zshmoneyy|Stealth Rock|[from] move: Defog|[of] p2a: Corviknight\n|-sideend|p2: Hittite Jumpscare|Sticky Web|[from] move: Defog|[of] p2a: Corviknight\n|\n|-heal|p2a: Corviknight|31\/100|[from] item: Leftovers\n|upkeep\n|turn|14\n|\n|t:|1699739999\n|move|p1a: Frilleon|Pyro Ball|p2a: Corviknight\n|-supereffective|p2a: Corviknight\n|-damage|p2a: Corviknight|0 fnt\n|faint|p2a: Corviknight\n|\n|upkeep\n|\n|t:|1699740005\n|switch|p2a: Jirachi|Jirachi|100\/100\n|turn|15\n|\n|t:|1699740010\n|move|p2a: Jirachi|Iron Head|p1a: Frilleon\n|-resisted|p1a: Frilleon\n|-damage|p1a: Frilleon|37\/100\n|move|p1a: Frilleon|Pyro Ball|p2a: Jirachi\n|-supereffective|p2a: Jirachi\n|-damage|p2a: Jirachi|0 fnt\n|faint|p2a: Jirachi\n|\n|upkeep\n|\n|t:|1699740017\n|switch|p2a: Kingambit|Kingambit, M|13\/100\n|-activate|p2a: Kingambit|ability: Supreme Overlord\n|-start|p2a: Kingambit|fallen3|[silent]\n|turn|16\n|inactive|zshmoneyy has 120 seconds left.\n|\n|t:|1699740034\n|switch|p1a: Junya|Honchkrow, F|100\/100\n|move|p2a: Kingambit|Sucker Punch||[still]\n|-fail|p2a: Kingambit\n|\n|-heal|p2a: Kingambit|19\/100|[from] item: Leftovers\n|upkeep\n|turn|17\n|\n|t:|1699740043\n|-end|p2a: Kingambit|fallen3|[silent]\n|switch|p2a: Scizor|Scizor, M|100\/100\n|move|p1a: Junya|Swagger|p2a: Scizor\n|-boost|p2a: Scizor|atk|2\n|-enditem|p1a: Junya|Mirror Herb\n|-boost|p1a: Junya|atk|2|[from] item: Mirror Herb\n|-start|p2a: Scizor|confusion\n|\n|upkeep\n|turn|18\n|inactive|zshmoneyy has 120 seconds left.\n|\n|t:|1699740054\n|-activate|p2a: Scizor|confusion\n|-damage|p2a: Scizor|68\/100|[from] confusion\n|move|p1a: Junya|Substitute|p1a: Junya\n|-start|p1a: Junya|Substitute\n|-damage|p1a: Junya|76\/100\n|\n|upkeep\n|turn|19\n|inactive|zshmoneyy has 120 seconds left.\n|\n|t:|1699740063\n|-activate|p2a: Scizor|confusion\n|-damage|p2a: Scizor|39\/100|[from] confusion\n|move|p1a: Junya|Acrobatics|p2a: Scizor\n|-damage|p2a: Scizor|0 fnt\n|faint|p2a: Scizor\n|-ability|p1a: Junya|Moxie|boost\n|-boost|p1a: Junya|atk|1\n|\n|upkeep\n|\n|t:|1699740071\n|switch|p2a: Gholdengo|Gholdengo|100\/100\n|-item|p2a: Gholdengo|Air Balloon\n|turn|20\n|\n|t:|1699740076\n|move|p1a: Junya|Sucker Punch|p2a: Gholdengo\n|-supereffective|p2a: Gholdengo\n|-damage|p2a: Gholdengo|0 fnt\n|-enditem|p2a: Gholdengo|Air Balloon\n|faint|p2a: Gholdengo\n|-ability|p1a: Junya|Moxie|boost\n|-boost|p1a: Junya|atk|1\n|\n|upkeep\n|\n|t:|1699740083\n|switch|p2a: Kingambit|Kingambit, M|19\/100\n|-activate|p2a: Kingambit|ability: Supreme Overlord\n|-start|p2a: Kingambit|fallen5|[silent]\n|turn|21\n|\n|t:|1699740088\n|move|p1a: Junya|Acrobatics|p2a: Kingambit\n|-resisted|p2a: Kingambit\n|-damage|p2a: Kingambit|0 fnt\n|faint|p2a: Kingambit\n|-end|p2a: Kingambit|fallen5|[silent]\n|\n|win|zshmoneyy\n|raw|zshmoneyy's rating: 1164 &rarr; <strong>1195<\/strong><br \/>(+31 for winning)\n|raw|Hittite Jumpscare's rating: 1255 &rarr; <strong>1224<\/strong><br \/>(-31 for losing)\n|c|\u2606Hittite Jumpscare|gg\n|l|\u2606Hittite Jumpscare\n|c|\u2606zshmoneyy|gg\n","uploadtime":1699740098,"views":13,"p1id":"zshmoneyy","p2id":"hittitejumpscare","formatid":"gen9ou","rating":1195,"private":0,"password":""}