{"id":"gen9ou-1994198835","p1":"MeWhenNovember","p2":"SylverOmega","format":"[Gen 9] OU","log":"|j|\u2606MeWhenNovember\n|j|\u2606SylverOmega\n|t:|1700418036\n|gametype|singles\n|player|p1|MeWhenNovember|ghetsis|\n|player|p2|SylverOmega|palmer|\n|teamsize|p1|6\n|teamsize|p2|6\n|gen|9\n|tier|[Gen 9] OU\n|rule|Sleep Clause Mod: Limit one foe put to sleep\n|rule|Species Clause: Limit one of each Pok\u00e9mon\n|rule|OHKO Clause: OHKO moves are banned\n|rule|Evasion Items Clause: Evasion items are banned\n|rule|Evasion Moves Clause: Evasion moves are banned\n|rule|Endless Battle Clause: Forcing endless battles is banned\n|rule|HP Percentage Mod: HP is shown in percentages\n|clearpoke\n|poke|p1|Salazzle, F|\n|poke|p1|Lurantis, M|\n|poke|p1|Gogoat, M|\n|poke|p1|Corviknight, M|\n|poke|p1|Toxtricity, M|\n|poke|p1|Ceruledge, M|\n|poke|p2|Glimmora, M|\n|poke|p2|Ceruledge, M|\n|poke|p2|Iron Valiant|\n|poke|p2|Great Tusk|\n|poke|p2|Ogerpon-Wellspring, F|\n|poke|p2|Dragonite, F|\n|teampreview\n|inactive|Battle timer is ON: inactive players will automatically lose when time's up. (requested by MeWhenNovember)\n|c|\u2606SylverOmega|Hf\n|inactive|SylverOmega has 270 seconds left.\n|\n|t:|1700418085\n|start\n|switch|p1a: Pejelagarto|Salazzle, F, shiny|100\/100\n|switch|p2a: Glimmora|Glimmora, M|100\/100\n|turn|1\n|j| ZDen\n|\n|t:|1700418093\n|move|p1a: Pejelagarto|Toxic|p2a: Glimmora\n|-status|p2a: Glimmora|tox\n|move|p2a: Glimmora|Earth Power|p1a: Pejelagarto\n|-supereffective|p1a: Pejelagarto\n|-damage|p1a: Pejelagarto|0 fnt\n|faint|p1a: Pejelagarto\n|\n|-damage|p2a: Glimmora|94\/100 tox|[from] psn\n|upkeep\n|\n|t:|1700418107\n|switch|p1a: Gogoat|Gogoat, M, shiny|100\/100\n|turn|2\n|j| tempo di anguria\n|\n|t:|1700418115\n|move|p2a: Glimmora|Stealth Rock|p1a: Gogoat\n|-sidestart|p1: MeWhenNovember|move: Stealth Rock\n|move|p1a: Gogoat|Bulk Up|p1a: Gogoat\n|-boost|p1a: Gogoat|atk|1\n|-boost|p1a: Gogoat|def|1\n|\n|-damage|p2a: Glimmora|82\/100 tox|[from] psn\n|upkeep\n|turn|3\n|\n|t:|1700418133\n|move|p2a: Glimmora|Mortal Spin|p1a: Gogoat\n|-supereffective|p1a: Gogoat\n|-damage|p1a: Gogoat|91\/100\n|-status|p1a: Gogoat|psn\n|move|p1a: Gogoat|Bulk Up|p1a: Gogoat\n|-boost|p1a: Gogoat|atk|1\n|-boost|p1a: Gogoat|def|1\n|\n|-damage|p2a: Glimmora|63\/100 tox|[from] psn\n|-damage|p1a: Gogoat|78\/100 psn|[from] psn\n|upkeep\n|turn|4\n|\n|t:|1700418144\n|move|p2a: Glimmora|Power Gem|p1a: Gogoat\n|-damage|p1a: Gogoat|43\/100 psn\n|move|p1a: Gogoat|Bulk Up|p1a: Gogoat\n|-boost|p1a: Gogoat|atk|1\n|-boost|p1a: Gogoat|def|1\n|\n|-damage|p2a: Glimmora|39\/100 tox|[from] psn\n|-damage|p1a: Gogoat|31\/100 psn|[from] psn\n|upkeep\n|turn|5\n|inactive|MeWhenNovember has 270 seconds left.\n|inactive|MeWhenNovember has 240 seconds left.\n|inactive|MeWhenNovember has 210 seconds left.\n|\n|t:|1700418236\n|move|p2a: Glimmora|Power Gem|p1a: Gogoat\n|-damage|p1a: Gogoat|0 fnt\n|faint|p1a: Gogoat\n|\n|-damage|p2a: Glimmora|8\/100 tox|[from] psn\n|upkeep\n|\n|t:|1700418239\n|switch|p1a: Ceruledge|Ceruledge, M, shiny|100\/100\n|-damage|p1a: Ceruledge|76\/100|[from] Stealth Rock\n|turn|6\n|\n|t:|1700418251\n|move|p1a: Ceruledge|Shadow Sneak|p2a: Glimmora\n|-crit|p2a: Glimmora\n|-damage|p2a: Glimmora|0 fnt\n|-activate|p2a: Glimmora|ability: Toxic Debris\n|-sidestart|p1: MeWhenNovember|move: Toxic Spikes\n|faint|p2a: Glimmora\n|\n|upkeep\n|\n|t:|1700418259\n|switch|p2a: Ceruledge|Ceruledge, M|100\/100\n|turn|7\n|\n|t:|1700418273\n|move|p1a: Ceruledge|Shadow Sneak|p2a: Ceruledge\n|-supereffective|p2a: Ceruledge\n|-damage|p2a: Ceruledge|46\/100\n|-ability|p2a: Ceruledge|Weak Armor|boost\n|-unboost|p2a: Ceruledge|def|1\n|-boost|p2a: Ceruledge|spe|2\n|move|p2a: Ceruledge|Shadow Sneak|p1a: Ceruledge\n|-supereffective|p1a: Ceruledge\n|-damage|p1a: Ceruledge|12\/100\n|-ability|p1a: Ceruledge|Weak Armor|boost\n|-unboost|p1a: Ceruledge|def|1\n|-boost|p1a: Ceruledge|spe|2\n|\n|upkeep\n|turn|8\n|j| isma_PE\n|\n|t:|1700418294\n|move|p1a: Ceruledge|Shadow Sneak|p2a: Ceruledge\n|-supereffective|p2a: Ceruledge\n|-damage|p2a: Ceruledge|0 fnt\n|faint|p2a: Ceruledge\n|\n|upkeep\n|\n|t:|1700418307\n|switch|p2a: Great Tusk|Great Tusk|100\/100\n|-enditem|p2a: Great Tusk|Booster Energy\n|-activate|p2a: Great Tusk|ability: Protosynthesis|[fromitem]\n|-start|p2a: Great Tusk|protosynthesisspe\n|turn|9\n|inactive|MeWhenNovember has 240 seconds left.\n|\n|t:|1700418329\n|move|p1a: Ceruledge|Shadow Sneak|p2a: Great Tusk\n|-damage|p2a: Great Tusk|85\/100\n|move|p2a: Great Tusk|Bulk Up|p2a: Great Tusk\n|-boost|p2a: Great Tusk|atk|1\n|-boost|p2a: Great Tusk|def|1\n|\n|upkeep\n|turn|10\n|\n|t:|1700418337\n|move|p1a: Ceruledge|Swords Dance|p1a: Ceruledge\n|-boost|p1a: Ceruledge|atk|2\n|move|p2a: Great Tusk|Bulk Up|p2a: Great Tusk\n|-boost|p2a: Great Tusk|atk|1\n|-boost|p2a: Great Tusk|def|1\n|\n|upkeep\n|turn|11\n|\n|t:|1700418344\n|move|p1a: Ceruledge|Bitter Blade|p2a: Great Tusk\n|-damage|p2a: Great Tusk|55\/100\n|-heal|p1a: Ceruledge|35\/100|[from] drain|[of] p2a: Great Tusk\n|move|p2a: Great Tusk|Ice Spinner|p1a: Ceruledge\n|-resisted|p1a: Ceruledge\n|-damage|p1a: Ceruledge|0 fnt\n|faint|p1a: Ceruledge\n|\n|upkeep\n|\n|t:|1700418349\n|switch|p1a: El este|Corviknight, M, shiny|100\/100\n|-damage|p1a: El este|88\/100|[from] Stealth Rock\n|-ability|p1a: El este|Pressure\n|turn|12\n|\n|t:|1700418362\n|move|p2a: Great Tusk|Close Combat|p1a: El este\n|-damage|p1a: El este|25\/100\n|-unboost|p2a: Great Tusk|def|1\n|-unboost|p2a: Great Tusk|spd|1\n|move|p1a: El este|Defog|p2a: Great Tusk\n|-unboost|p2a: Great Tusk|evasion|1\n|-sideend|p1: MeWhenNovember|Toxic Spikes|[from] move: Defog|[of] p1a: El este\n|-sideend|p1: MeWhenNovember|Stealth Rock|[from] move: Defog|[of] p1a: El este\n|\n|-heal|p1a: El este|31\/100|[from] item: Leftovers\n|upkeep\n|turn|13\n|\n|t:|1700418378\n|move|p2a: Great Tusk|Bulk Up|p2a: Great Tusk\n|-boost|p2a: Great Tusk|atk|1\n|-boost|p2a: Great Tusk|def|1\n|move|p1a: El este|Roost|p1a: El este\n|-heal|p1a: El este|81\/100\n|-singleturn|p1a: El este|move: Roost\n|\n|-heal|p1a: El este|87\/100|[from] item: Leftovers\n|upkeep\n|turn|14\n|inactive|MeWhenNovember has 270 seconds left.\n|\n|t:|1700418388\n|move|p2a: Great Tusk|Close Combat|p1a: El este\n|-damage|p1a: El este|0 fnt\n|-unboost|p2a: Great Tusk|def|1\n|-unboost|p2a: Great Tusk|spd|1\n|faint|p1a: El este\n|\n|upkeep\n|inactive|MeWhenNovember has 270 seconds left.\n|\n|t:|1700418398\n|switch|p1a: Homelander|Lurantis, M, shiny|100\/100\n|turn|15\n|\n|t:|1700418402\n|move|p2a: Great Tusk|Ice Spinner|p1a: Homelander\n|-supereffective|p1a: Homelander\n|-damage|p1a: Homelander|0 fnt\n|faint|p1a: Homelander\n|\n|upkeep\n|\n|t:|1700418405\n|switch|p1a: Toxtricity|Toxtricity, M|100\/100\n|turn|16\n|\n|t:|1700418411\n|move|p2a: Great Tusk|Headlong Rush|p1a: Toxtricity\n|-supereffective|p1a: Toxtricity\n|-damage|p1a: Toxtricity|0 fnt\n|-unboost|p2a: Great Tusk|def|1\n|-unboost|p2a: Great Tusk|spd|1\n|faint|p1a: Toxtricity\n|\n|win|SylverOmega\n|l|\u2606MeWhenNovember\n|c|\u2606SylverOmega|Bomba\n|c| isma_PE|\ud83d\udc4d\n","uploadtime":1700418430,"views":36,"p1id":"mewhennovember","p2id":"sylveromega","formatid":"gen9ou","rating":0,"private":0,"password":""}