{"id":"gen9ou-1988673403","p1":"Katsu6624","p2":"usednamelmao","format":"[Gen 9] OU","log":"|j|\u2606Katsu6624\n|j|\u2606usednamelmao\n|t:|1699748987\n|gametype|singles\n|player|p1|Katsu6624|cynthia-gen4|1154\n|player|p2|usednamelmao|morty-masters2|1047\n|teamsize|p1|6\n|teamsize|p2|6\n|gen|9\n|tier|[Gen 9] OU\n|rated|\n|rule|Sleep Clause Mod: Limit one foe put to sleep\n|rule|Species Clause: Limit one of each Pok\u00e9mon\n|rule|OHKO Clause: OHKO moves are banned\n|rule|Evasion Items Clause: Evasion items are banned\n|rule|Evasion Moves Clause: Evasion moves are banned\n|rule|Endless Battle Clause: Forcing endless battles is banned\n|rule|HP Percentage Mod: HP is shown in percentages\n|clearpoke\n|poke|p1|Garchomp, M|\n|poke|p1|Spiritomb, M|\n|poke|p1|Milotic, F|\n|poke|p1|Braviary-Hisui, M|\n|poke|p1|Lucario, M|\n|poke|p1|Glaceon, F|\n|poke|p2|Ribombee, M|\n|poke|p2|Ursaluna, M|\n|poke|p2|Dragapult, F|\n|poke|p2|Iron Valiant|\n|poke|p2|Thundurus-Therian, M|\n|poke|p2|Ogerpon-Wellspring, F|\n|teampreview\n|inactive|Battle timer is ON: inactive players will automatically lose when time's up. (requested by Katsu6624)\n|inactive|usednamelmao also wants the timer to be on.\n|\n|t:|1699748991\n|start\n|switch|p1a: Poubelle|Glaceon, F, shiny|100\/100\n|switch|p2a: Ribombee|Ribombee, M, shiny|100\/100\n|turn|1\n|\n|t:|1699748996\n|move|p2a: Ribombee|Trick|p1a: Poubelle\n|-activate|p2a: Ribombee|move: Trick|[of] p1a: Poubelle\n|-item|p1a: Poubelle|Choice Scarf|[from] move: Trick\n|-item|p2a: Ribombee|Choice Specs|[from] move: Trick\n|move|p1a: Poubelle|Freeze-Dry|p2a: Ribombee\n|-damage|p2a: Ribombee|32\/100\n|\n|upkeep\n|turn|2\n|\n|t:|1699749002\n|move|p2a: Ribombee|Sticky Web|p1a: Poubelle\n|-sidestart|p1: Katsu6624|move: Sticky Web\n|move|p1a: Poubelle|Freeze-Dry|p2a: Ribombee\n|-damage|p2a: Ribombee|0 fnt\n|faint|p2a: Ribombee\n|\n|upkeep\n|\n|t:|1699749010\n|switch|p2a: Iron Valiant|Iron Valiant|100\/100\n|-enditem|p2a: Iron Valiant|Booster Energy\n|-activate|p2a: Iron Valiant|ability: Quark Drive|[fromitem]\n|-start|p2a: Iron Valiant|quarkdrivespa\n|turn|3\n|\n|t:|1699749015\n|switch|p1a: Je stall|Milotic, F|100\/100\n|move|p2a: Iron Valiant|Aura Sphere|p1a: Je stall\n|-damage|p1a: Je stall|69\/100\n|\n|upkeep\n|turn|4\n|\n|t:|1699749027\n|move|p2a: Iron Valiant|Calm Mind|p2a: Iron Valiant\n|-boost|p2a: Iron Valiant|spa|1\n|-boost|p2a: Iron Valiant|spd|1\n|move|p1a: Je stall|Mirror Coat||[still]\n|-fail|p1a: Je stall\n|\n|upkeep\n|turn|5\n|\n|t:|1699749032\n|move|p2a: Iron Valiant|Calm Mind|p2a: Iron Valiant\n|-boost|p2a: Iron Valiant|spa|1\n|-boost|p2a: Iron Valiant|spd|1\n|move|p1a: Je stall|Mirror Coat||[still]\n|-fail|p1a: Je stall\n|\n|upkeep\n|turn|6\n|\n|t:|1699749037\n|move|p2a: Iron Valiant|Calm Mind|p2a: Iron Valiant\n|-boost|p2a: Iron Valiant|spa|1\n|-boost|p2a: Iron Valiant|spd|1\n|move|p1a: Je stall|Recover|p1a: Je stall\n|-heal|p1a: Je stall|100\/100\n|\n|upkeep\n|turn|7\n|\n|t:|1699749042\n|move|p2a: Iron Valiant|Calm Mind|p2a: Iron Valiant\n|-boost|p2a: Iron Valiant|spa|1\n|-boost|p2a: Iron Valiant|spd|1\n|move|p1a: Je stall|Haze|p1a: Je stall\n|-clearallboost\n|\n|upkeep\n|turn|8\n|c|\u2606usednamelmao|BRUH\n|\n|t:|1699749053\n|move|p2a: Iron Valiant|Shadow Sneak|p1a: Je stall\n|-damage|p1a: Je stall|89\/100\n|move|p1a: Je stall|Scald|p2a: Iron Valiant\n|-damage|p2a: Iron Valiant|63\/100\n|-status|p2a: Iron Valiant|brn\n|\n|-damage|p2a: Iron Valiant|57\/100 brn|[from] brn\n|upkeep\n|turn|9\n|\n|t:|1699749060\n|-end|p2a: Iron Valiant|Quark Drive|[silent]\n|switch|p2a: Thundurus|Thundurus-Therian, M, shiny|100\/100\n|move|p1a: Je stall|Scald|p2a: Thundurus\n|-damage|p2a: Thundurus|69\/100\n|\n|upkeep\n|turn|10\n|\n|t:|1699749078\n|move|p2a: Thundurus|Discharge|p1a: Je stall\n|-supereffective|p1a: Je stall\n|-damage|p1a: Je stall|39\/100\n|move|p1a: Je stall|Mirror Coat|p2a: Thundurus\n|-damage|p2a: Thundurus|0 fnt\n|faint|p2a: Thundurus\n|\n|upkeep\n|-message|usednamelmao forfeited.\n|\n|win|Katsu6624\n|raw|Katsu6624's rating: 1154 &rarr; <strong>1172<\/strong><br \/>(+18 for winning)\n|raw|usednamelmao's rating: 1047 &rarr; <strong>1035<\/strong><br \/>(-12 for losing)\n|c|\u2606Katsu6624|:]\n|l|\u2606usednamelmao\n","uploadtime":1699749097,"views":21,"p1id":"katsu6624","p2id":"usednamelmao","formatid":"gen9ou","rating":1035,"private":0,"password":""}