{"id":"gen9ou-1993343872","p1":"29chaos","p2":"Mikusza","format":"[Gen 9] OU","log":"|j|\u260629chaos\n|j|\u2606Mikusza\n|t:|1700302521\n|gametype|singles\n|player|p1|29chaos|gambler|1143\n|player|p2|Mikusza|caitlin|1084\n|teamsize|p1|6\n|teamsize|p2|6\n|gen|9\n|tier|[Gen 9] OU\n|rated|\n|rule|Sleep Clause Mod: Limit one foe put to sleep\n|rule|Species Clause: Limit one of each Pok\u00e9mon\n|rule|OHKO Clause: OHKO moves are banned\n|rule|Evasion Items Clause: Evasion items are banned\n|rule|Evasion Moves Clause: Evasion moves are banned\n|rule|Endless Battle Clause: Forcing endless battles is banned\n|rule|HP Percentage Mod: HP is shown in percentages\n|clearpoke\n|poke|p1|Ninetales-Alola, M|\n|poke|p1|Skeledirge, F|\n|poke|p1|Alomomola, F|\n|poke|p1|Meowscarada, M|\n|poke|p1|Mamoswine, F|\n|poke|p1|Corviknight, F|\n|poke|p2|Torkoal, M|\n|poke|p2|Hatterene, F|\n|poke|p2|Walking Wake|\n|poke|p2|Great Tusk|\n|poke|p2|Kingambit, M|\n|poke|p2|Thundurus-Therian, M|\n|teampreview\n|\n|t:|1700302538\n|start\n|switch|p1a: Skeledirge|Skeledirge, F|100\/100\n|switch|p2a: Torkoal|Torkoal, M|100\/100\n|-weather|SunnyDay|[from] ability: Drought|[of] p2a: Torkoal\n|turn|1\n|\n|t:|1700302558\n|move|p1a: Skeledirge|Shadow Ball|p2a: Torkoal\n|-damage|p2a: Torkoal|26\/100\n|move|p2a: Torkoal|Yawn|p1a: Skeledirge\n|-start|p1a: Skeledirge|move: Yawn|[of] p2a: Torkoal\n|\n|-weather|SunnyDay|[upkeep]\n|upkeep\n|turn|2\n|\n|t:|1700302568\n|move|p1a: Skeledirge|Shadow Ball|p2a: Torkoal\n|-damage|p2a: Torkoal|0 fnt\n|faint|p2a: Torkoal\n|\n|-weather|SunnyDay|[upkeep]\n|-end|p1a: Skeledirge|move: Yawn|[silent]\n|-status|p1a: Skeledirge|slp\n|upkeep\n|\n|t:|1700302577\n|switch|p2a: Kingambit|Kingambit, M|100\/100\n|-activate|p2a: Kingambit|ability: Supreme Overlord\n|-start|p2a: Kingambit|fallen1|[silent]\n|turn|3\n|\n|t:|1700302605\n|cant|p1a: Skeledirge|slp\n|move|p2a: Kingambit|Swords Dance|p2a: Kingambit\n|-boost|p2a: Kingambit|atk|2\n|\n|-weather|SunnyDay|[upkeep]\n|upkeep\n|turn|4\n|\n|t:|1700302612\n|cant|p1a: Skeledirge|slp\n|move|p2a: Kingambit|Kowtow Cleave|p1a: Skeledirge\n|-supereffective|p1a: Skeledirge\n|-damage|p1a: Skeledirge|0 fnt\n|faint|p1a: Skeledirge\n|\n|-weather|SunnyDay|[upkeep]\n|upkeep\n|\n|t:|1700302625\n|switch|p1a: Corviknight|Corviknight, F|100\/100\n|turn|5\n|\n|t:|1700302636\n|-terastallize|p2a: Kingambit|Dark\n|move|p1a: Corviknight|Reflect|p1a: Corviknight\n|-sidestart|p1: 29chaos|Reflect\n|move|p2a: Kingambit|Iron Head|p1a: Corviknight\n|-resisted|p1a: Corviknight\n|-damage|p1a: Corviknight|84\/100\n|\n|-weather|SunnyDay|[upkeep]\n|-heal|p1a: Corviknight|90\/100|[from] item: Leftovers\n|upkeep\n|turn|6\n|\n|t:|1700302648\n|move|p1a: Corviknight|Brave Bird|p2a: Kingambit\n|-damage|p2a: Kingambit|76\/100\n|-damage|p1a: Corviknight|82\/100|[from] Recoil\n|move|p2a: Kingambit|Swords Dance|p2a: Kingambit\n|-boost|p2a: Kingambit|atk|2\n|\n|-weather|SunnyDay|[upkeep]\n|-heal|p1a: Corviknight|88\/100|[from] item: Leftovers\n|upkeep\n|turn|7\n|\n|t:|1700302658\n|move|p1a: Corviknight|Brave Bird|p2a: Kingambit\n|-damage|p2a: Kingambit|51\/100\n|-damage|p1a: Corviknight|80\/100|[from] Recoil\n|move|p2a: Kingambit|Swords Dance|p2a: Kingambit\n|-boost|p2a: Kingambit|atk|2\n|\n|-weather|SunnyDay|[upkeep]\n|-heal|p1a: Corviknight|86\/100|[from] item: Leftovers\n|upkeep\n|turn|8\n|\n|t:|1700302668\n|move|p1a: Corviknight|Brave Bird|p2a: Kingambit\n|-damage|p2a: Kingambit|25\/100\n|-damage|p1a: Corviknight|78\/100|[from] Recoil\n|move|p2a: Kingambit|Kowtow Cleave|p1a: Corviknight\n|-damage|p1a: Corviknight|0 fnt\n|faint|p1a: Corviknight\n|\n|-weather|none\n|upkeep\n|\n|t:|1700302681\n|switch|p1a: Meowscarada|Meowscarada, M|100\/100\n|turn|9\n|\n|t:|1700302686\n|move|p2a: Kingambit|Sucker Punch|p1a: Meowscarada\n|-resisted|p1a: Meowscarada\n|-damage|p1a: Meowscarada|0 fnt\n|faint|p1a: Meowscarada\n|\n|-sideend|p1: 29chaos|Reflect\n|upkeep\n|\n|t:|1700302693\n|switch|p1a: Mamoswine|Mamoswine, F|100\/100\n|turn|10\n|\n|t:|1700302701\n|move|p2a: Kingambit|Sucker Punch|p1a: Mamoswine\n|-damage|p1a: Mamoswine|0 fnt\n|faint|p1a: Mamoswine\n|\n|upkeep\n|\n|t:|1700302707\n|switch|p1a: Ninetales|Ninetales-Alola, M|100\/100\n|-weather|Snow|[from] ability: Snow Warning|[of] p1a: Ninetales\n|turn|11\n|\n|t:|1700302712\n|move|p1a: Ninetales|Aurora Veil|p1a: Ninetales\n|-sidestart|p1: 29chaos|move: Aurora Veil\n|move|p2a: Kingambit|Kowtow Cleave|p1a: Ninetales\n|-resisted|p1a: Ninetales\n|-damage|p1a: Ninetales|8\/100\n|\n|-weather|Snow|[upkeep]\n|upkeep\n|turn|12\n|\n|t:|1700302720\n|switch|p1a: Alomomola|Alomomola, F|100\/100\n|move|p2a: Kingambit|Sucker Punch||[still]\n|-fail|p2a: Kingambit\n|\n|-weather|Snow|[upkeep]\n|upkeep\n|turn|13\n|\n|t:|1700302731\n|move|p1a: Alomomola|Wish|p1a: Alomomola\n|move|p2a: Kingambit|Kowtow Cleave|p1a: Alomomola\n|-damage|p1a: Alomomola|10\/100\n|\n|-weather|Snow|[upkeep]\n|-heal|p1a: Alomomola|16\/100|[from] item: Leftovers\n|upkeep\n|turn|14\n|\n|t:|1700302739\n|move|p1a: Alomomola|Liquidation|p2a: Kingambit\n|-damage|p2a: Kingambit|9\/100\n|move|p2a: Kingambit|Kowtow Cleave|p1a: Alomomola\n|-damage|p1a: Alomomola|0 fnt\n|faint|p1a: Alomomola\n|\n|-weather|Snow|[upkeep]\n|upkeep\n|\n|t:|1700302749\n|switch|p1a: Ninetales|Ninetales-Alola, M|8\/100\n|turn|15\n|inactive|Battle timer is ON: inactive players will automatically lose when time's up. (requested by Mikusza)\n|\n|t:|1700302756\n|move|p2a: Kingambit|Sucker Punch|p1a: Ninetales\n|-resisted|p1a: Ninetales\n|-damage|p1a: Ninetales|0 fnt\n|faint|p1a: Ninetales\n|\n|win|Mikusza\n|raw|29chaos's rating: 1143 &rarr; <strong>1114<\/strong><br \/>(-29 for losing)\n|raw|Mikusza's rating: 1084 &rarr; <strong>1116<\/strong><br \/>(+32 for winning)\n","uploadtime":1700302761,"views":30,"p1id":"29chaos","p2id":"mikusza","formatid":"gen9ou","rating":1114,"private":0,"password":""}