{"id":"gen9ou-1994185966","p1":"BasedAlphaMale","p2":"JacobIde2832","format":"[Gen 9] OU","log":"|j|\u2606BasedAlphaMale\n|j|\u2606JacobIde2832\n|t:|1700416625\n|gametype|singles\n|player|p1|BasedAlphaMale|2|1462\n|player|p2|JacobIde2832|cynthia-gen4|1486\n|teamsize|p1|6\n|teamsize|p2|6\n|gen|9\n|tier|[Gen 9] OU\n|rated|\n|rule|Sleep Clause Mod: Limit one foe put to sleep\n|rule|Species Clause: Limit one of each Pok\u00e9mon\n|rule|OHKO Clause: OHKO moves are banned\n|rule|Evasion Items Clause: Evasion items are banned\n|rule|Evasion Moves Clause: Evasion moves are banned\n|rule|Endless Battle Clause: Forcing endless battles is banned\n|rule|HP Percentage Mod: HP is shown in percentages\n|clearpoke\n|poke|p1|Rillaboom, M|\n|poke|p1|Sneasler, F|\n|poke|p1|Kingambit, F|\n|poke|p1|Goodra-Hisui, F|\n|poke|p1|Garganacl, F|\n|poke|p1|Weezing-Galar, M|\n|poke|p2|Ogerpon-Wellspring, F|\n|poke|p2|Kingambit, M|\n|poke|p2|Skeledirge, M|\n|poke|p2|Iron Moth|\n|poke|p2|Dragapult, F|\n|poke|p2|Iron Valiant|\n|teampreview\n|inactive|Battle timer is ON: inactive players will automatically lose when time's up. (requested by JacobIde2832)\n|c|\u2606JacobIde2832|bro what the fuck\n|c|\u2606JacobIde2832|that Sneasler's banned\n|inactive|JacobIde2832 has 120 seconds left.\n|\n|t:|1700416661\n|start\n|switch|p1a: Rillaboom|Rillaboom, M|100\/100\n|switch|p2a: Skeledirge|Skeledirge, M|100\/100\n|-fieldstart|move: Grassy Terrain|[from] ability: Grassy Surge|[of] p1a: Rillaboom\n|turn|1\n|\n|t:|1700416678\n|move|p1a: Rillaboom|U-turn|p2a: Skeledirge\n|-resisted|p2a: Skeledirge\n|-damage|p2a: Skeledirge|93\/100\n|\n|t:|1700416684\n|switch|p1a: Garganacl|Garganacl, F|100\/100|[from] U-turn\n|move|p2a: Skeledirge|Torch Song|p1a: Garganacl\n|-resisted|p1a: Garganacl\n|-damage|p1a: Garganacl|86\/100\n|-boost|p2a: Skeledirge|spa|1\n|\n|-heal|p2a: Skeledirge|99\/100|[from] Grassy Terrain\n|-heal|p2a: Skeledirge|100\/100|[from] item: Leftovers\n|-heal|p1a: Garganacl|93\/100|[from] Grassy Terrain\n|-heal|p1a: Garganacl|99\/100|[from] item: Leftovers\n|upkeep\n|turn|2\n|\n|t:|1700416688\n|move|p2a: Skeledirge|Torch Song|p1a: Garganacl\n|-resisted|p1a: Garganacl\n|-damage|p1a: Garganacl|79\/100\n|-boost|p2a: Skeledirge|spa|1\n|move|p1a: Garganacl|Salt Cure|p2a: Skeledirge\n|-supereffective|p2a: Skeledirge\n|-damage|p2a: Skeledirge|76\/100\n|-start|p2a: Skeledirge|Salt Cure\n|\n|-heal|p2a: Skeledirge|82\/100|[from] Grassy Terrain\n|-heal|p2a: Skeledirge|88\/100|[from] item: Leftovers\n|-heal|p1a: Garganacl|85\/100|[from] Grassy Terrain\n|-heal|p1a: Garganacl|91\/100|[from] item: Leftovers\n|-damage|p2a: Skeledirge|75\/100|[from] Salt Cure\n|upkeep\n|turn|3\n|\n|t:|1700416692\n|move|p2a: Skeledirge|Torch Song|p1a: Garganacl\n|-resisted|p1a: Garganacl\n|-damage|p1a: Garganacl|67\/100\n|-boost|p2a: Skeledirge|spa|1\n|move|p1a: Garganacl|Stealth Rock|p2a: Skeledirge\n|-sidestart|p2: JacobIde2832|move: Stealth Rock\n|\n|-heal|p2a: Skeledirge|82\/100|[from] Grassy Terrain\n|-heal|p2a: Skeledirge|88\/100|[from] item: Leftovers\n|-heal|p1a: Garganacl|73\/100|[from] Grassy Terrain\n|-heal|p1a: Garganacl|80\/100|[from] item: Leftovers\n|-damage|p2a: Skeledirge|75\/100|[from] Salt Cure\n|upkeep\n|turn|4\n|\n|t:|1700416701\n|switch|p1a: Goodra|Goodra-Hisui, F|100\/100\n|move|p2a: Skeledirge|Torch Song|p1a: Goodra\n|-crit|p1a: Goodra\n|-damage|p1a: Goodra|40\/100\n|-boost|p2a: Skeledirge|spa|1\n|\n|-heal|p1a: Goodra|46\/100|[from] Grassy Terrain\n|-heal|p2a: Skeledirge|81\/100|[from] Grassy Terrain\n|-heal|p2a: Skeledirge|87\/100|[from] item: Leftovers\n|-damage|p2a: Skeledirge|75\/100|[from] Salt Cure\n|upkeep\n|turn|5\n|\n|t:|1700416705\n|move|p1a: Goodra|Knock Off|p2a: Skeledirge\n|-supereffective|p2a: Skeledirge\n|-damage|p2a: Skeledirge|26\/100\n|-enditem|p2a: Skeledirge|Leftovers|[from] move: Knock Off|[of] p1a: Goodra\n|move|p2a: Skeledirge|Torch Song|p1a: Goodra\n|-damage|p1a: Goodra|2\/100\n|-boost|p2a: Skeledirge|spa|1\n|\n|-heal|p1a: Goodra|8\/100|[from] Grassy Terrain\n|-heal|p2a: Skeledirge|32\/100|[from] Grassy Terrain\n|-damage|p2a: Skeledirge|20\/100|[from] Salt Cure\n|-fieldend|move: Grassy Terrain\n|upkeep\n|turn|6\n|\n|t:|1700416718\n|move|p1a: Goodra|Knock Off|p2a: Skeledirge\n|-supereffective|p2a: Skeledirge\n|-damage|p2a: Skeledirge|0 fnt\n|faint|p2a: Skeledirge\n|\n|upkeep\n|\n|t:|1700416723\n|switch|p2a: Iron Moth|Iron Moth|100\/100\n|-damage|p2a: Iron Moth|76\/100|[from] Stealth Rock\n|-enditem|p2a: Iron Moth|Booster Energy\n|-activate|p2a: Iron Moth|ability: Quark Drive|[fromitem]\n|-start|p2a: Iron Moth|quarkdrivespa\n|turn|7\n|\n|t:|1700416727\n|move|p2a: Iron Moth|Fiery Dance|p1a: Goodra\n|-damage|p1a: Goodra|0 fnt\n|faint|p1a: Goodra\n|\n|upkeep\n|j| Stantler is Uber\n|\n|t:|1700416746\n|switch|p1a: Kingambit|Kingambit, F|100\/100\n|-activate|p1a: Kingambit|ability: Supreme Overlord\n|-start|p1a: Kingambit|fallen1|[silent]\n|turn|8\n|\n|t:|1700416752\n|move|p2a: Iron Moth|Fiery Dance|p1a: Kingambit\n|-supereffective|p1a: Kingambit\n|-damage|p1a: Kingambit|0 fnt\n|faint|p1a: Kingambit\n|-end|p1a: Kingambit|fallen1|[silent]\n|\n|upkeep\n|\n|t:|1700416758\n|switch|p1a: Garganacl|Garganacl, F|80\/100\n|turn|9\n|\n|t:|1700416774\n|move|p2a: Iron Moth|Energy Ball|p1a: Garganacl\n|-supereffective|p1a: Garganacl\n|-damage|p1a: Garganacl|0 fnt\n|faint|p1a: Garganacl\n|\n|upkeep\n|\n|t:|1700416778\n|switch|p1a: Rillaboom|Rillaboom, M|100\/100\n|-fieldstart|move: Grassy Terrain|[from] ability: Grassy Surge|[of] p1a: Rillaboom\n|turn|10\n|\n|t:|1700416781\n|move|p1a: Rillaboom|Grassy Glide|p2a: Iron Moth\n|-resisted|p2a: Iron Moth\n|-damage|p2a: Iron Moth|48\/100\n|move|p2a: Iron Moth|Sludge Wave|p1a: Rillaboom\n|-supereffective|p1a: Rillaboom\n|-damage|p1a: Rillaboom|0 fnt\n|faint|p1a: Rillaboom\n|\n|-heal|p2a: Iron Moth|54\/100|[from] Grassy Terrain\n|upkeep\n|\n|t:|1700416784\n|switch|p1a: Sneasler|Sneasler, F|100\/100\n|-enditem|p1a: Sneasler|Grassy Seed\n|-boost|p1a: Sneasler|def|1|[from] item: Grassy Seed\n|turn|11\n|\n|t:|1700416794\n|move|p1a: Sneasler|Lash Out|p2a: Iron Moth\n|-damage|p2a: Iron Moth|7\/100\n|move|p2a: Iron Moth|Fiery Dance|p1a: Sneasler\n|-damage|p1a: Sneasler|38\/100\n|-boost|p2a: Iron Moth|spa|1\n|\n|-heal|p1a: Sneasler|45\/100|[from] Grassy Terrain\n|-heal|p2a: Iron Moth|13\/100|[from] Grassy Terrain\n|upkeep\n|turn|12\n|\n|t:|1700416799\n|move|p1a: Sneasler|Lash Out|p2a: Iron Moth\n|-damage|p2a: Iron Moth|0 fnt\n|faint|p2a: Iron Moth\n|-end|p2a: Iron Moth|Quark Drive|[silent]\n|\n|-heal|p1a: Sneasler|51\/100|[from] Grassy Terrain\n|upkeep\n|-message|BasedAlphaMale forfeited.\n|\n|win|JacobIde2832\n|raw|BasedAlphaMale's rating: 1462 &rarr; <strong>1443<\/strong><br \/>(-19 for losing)\n|raw|JacobIde2832's rating: 1486 &rarr; <strong>1505<\/strong><br \/>(+19 for winning)\n|l|\u2606BasedAlphaMale\n|l|\u2606JacobIde2832\n","uploadtime":1700416815,"views":7,"p1id":"basedalphamale","p2id":"jacobide2832","formatid":"gen9ou","rating":1443,"private":0,"password":""}