{"id":"gen9ou-1993946332","p1":"ayyk_47","p2":"DJGuerra","format":"[Gen 9] OU","log":"|j|\u2606ayyk_47\n|j|\u2606DJGuerra\n|t:|1700380482\n|gametype|singles\n|player|p1|ayyk_47|medium|1588\n|player|p2|DJGuerra|maid|1549\n|teamsize|p1|6\n|teamsize|p2|6\n|gen|9\n|tier|[Gen 9] OU\n|rated|\n|rule|Sleep Clause Mod: Limit one foe put to sleep\n|rule|Species Clause: Limit one of each Pok\u00e9mon\n|rule|OHKO Clause: OHKO moves are banned\n|rule|Evasion Items Clause: Evasion items are banned\n|rule|Evasion Moves Clause: Evasion moves are banned\n|rule|Endless Battle Clause: Forcing endless battles is banned\n|rule|HP Percentage Mod: HP is shown in percentages\n|clearpoke\n|poke|p1|Rillaboom, F|\n|poke|p1|Hawlucha, F|\n|poke|p1|Zamazenta-*|\n|poke|p1|Manaphy|\n|poke|p1|Heatran, F|\n|poke|p1|Hatterene, F|\n|poke|p2|Alomomola, F|\n|poke|p2|Heatran, M|\n|poke|p2|Rillaboom, M|\n|poke|p2|Sneasler, M|\n|poke|p2|Slowking-Galar, F|\n|poke|p2|Zapdos|\n|teampreview\n|inactive|Battle timer is ON: inactive players will automatically lose when time's up. (requested by ayyk_47)\n|c|\u2606ayyk_47|hf\n|c|\u2606ayyk_47|rip sneas\n|c|\u2606ayyk_47|had a good run\n|\n|t:|1700380507\n|start\n|switch|p1a: Chrome Dome|Heatran, F, shiny|100\/100\n|switch|p2a: Slowking|Slowking-Galar, F|100\/100\n|-item|p1a: Chrome Dome|Air Balloon\n|turn|1\n|j| dfghhhg\n|\n|t:|1700380514\n|move|p1a: Chrome Dome|Magma Storm|p2a: Slowking\n|-damage|p2a: Slowking|77\/100\n|-activate|p2a: Slowking|move: Magma Storm|[of] p1a: Chrome Dome\n|move|p2a: Slowking|Tera Blast|p1a: Chrome Dome\n|-resisted|p1a: Chrome Dome\n|-damage|p1a: Chrome Dome|94\/100\n|-enditem|p1a: Chrome Dome|Air Balloon\n|\n|-damage|p2a: Slowking|64\/100|[from] move: Magma Storm|[partiallytrapped]\n|upkeep\n|turn|2\n|\n|t:|1700380534\n|move|p1a: Chrome Dome|Taunt|p2a: Slowking\n|-start|p2a: Slowking|move: Taunt\n|move|p2a: Slowking|Future Sight|p1a: Chrome Dome\n|-start|p2a: Slowking|move: Future Sight\n|\n|-damage|p2a: Slowking|52\/100|[from] move: Magma Storm|[partiallytrapped]\n|upkeep\n|turn|3\n|\n|t:|1700380546\n|-terastallize|p2a: Slowking|Fighting\n|move|p1a: Chrome Dome|Earth Power|p2a: Slowking\n|-damage|p2a: Slowking|38\/100\n|move|p2a: Slowking|Tera Blast|p1a: Chrome Dome|[anim] Tera Blast Fighting\n|-supereffective|p1a: Chrome Dome\n|-damage|p1a: Chrome Dome|55\/100\n|\n|-damage|p2a: Slowking|25\/100|[from] move: Magma Storm|[partiallytrapped]\n|upkeep\n|turn|4\n|l| dfghhhg\n|\n|t:|1700380560\n|move|p1a: Chrome Dome|Earth Power|p2a: Slowking\n|-damage|p2a: Slowking|11\/100\n|move|p2a: Slowking|Tera Blast|p1a: Chrome Dome|[anim] Tera Blast Fighting\n|-supereffective|p1a: Chrome Dome\n|-damage|p1a: Chrome Dome|17\/100\n|\n|-end|p1a: Chrome Dome|move: Future Sight\n|-resisted|p1a: Chrome Dome\n|-damage|p1a: Chrome Dome|4\/100\n|-damage|p2a: Slowking|0 fnt|[from] move: Magma Storm|[partiallytrapped]\n|faint|p2a: Slowking\n|upkeep\n|\n|t:|1700380575\n|switch|p2a: Rillaboom|Rillaboom, M|100\/100\n|-fieldstart|move: Grassy Terrain|[from] ability: Grassy Surge|[of] p2a: Rillaboom\n|turn|5\n|j| dfghhhg\n|l| dfghhhg\n|\n|t:|1700380582\n|move|p2a: Rillaboom|U-turn|p1a: Chrome Dome\n|-resisted|p1a: Chrome Dome\n|-damage|p1a: Chrome Dome|0 fnt\n|faint|p1a: Chrome Dome\n|\n|t:|1700380586\n|switch|p2a: Heatran|Heatran, M|100\/100|[from] U-turn\n|\n|upkeep\n|\n|t:|1700380595\n|switch|p1a: Blue Slime|Manaphy, shiny|100\/100\n|turn|6\n|\n|t:|1700380604\n|move|p1a: Blue Slime|Tail Glow|p1a: Blue Slime\n|-boost|p1a: Blue Slime|spa|3\n|move|p2a: Heatran|Magma Storm|p1a: Blue Slime|[miss]\n|-miss|p2a: Heatran|p1a: Blue Slime\n|\n|upkeep\n|turn|7\n|\n|t:|1700380613\n|switch|p2a: Alomomola|Alomomola, F|100\/100\n|move|p1a: Blue Slime|Ice Beam|p2a: Alomomola\n|-resisted|p2a: Alomomola\n|-damage|p2a: Alomomola|68\/100\n|-enditem|p2a: Alomomola|Red Card|[of] p1a: Blue Slime\n|drag|p1a: 50 in the drum|Rillaboom, F, shiny|100\/100\n|\n|-heal|p2a: Alomomola|74\/100|[from] Grassy Terrain\n|upkeep\n|turn|8\n|\n|t:|1700380624\n|switch|p2a: Zapdos|Zapdos|100\/100\n|move|p1a: 50 in the drum|U-turn|p2a: Zapdos\n|-resisted|p2a: Zapdos\n|-damage|p2a: Zapdos|81\/100\n|\n|t:|1700380628\n|switch|p1a: witch|Hatterene, F, shiny|100\/100|[from] U-turn\n|-enditem|p1a: witch|Grassy Seed\n|-boost|p1a: witch|def|1|[from] item: Grassy Seed\n|\n|upkeep\n|turn|9\n|\n|t:|1700380636\n|move|p2a: Zapdos|Hurricane|p1a: witch|[miss]\n|-miss|p2a: Zapdos|p1a: witch\n|move|p1a: witch|Calm Mind|p1a: witch\n|-boost|p1a: witch|spa|1\n|-boost|p1a: witch|spd|1\n|\n|-fieldend|move: Grassy Terrain\n|upkeep\n|turn|10\n|\n|t:|1700380644\n|move|p2a: Zapdos|Volt Switch|p1a: witch\n|-damage|p1a: witch|73\/100\n|\n|t:|1700380648\n|switch|p2a: Rillaboom|Rillaboom, M|100\/100|[from] Volt Switch\n|-fieldstart|move: Grassy Terrain|[from] ability: Grassy Surge|[of] p2a: Rillaboom\n|move|p1a: witch|Calm Mind|p1a: witch\n|-boost|p1a: witch|spa|1\n|-boost|p1a: witch|spd|1\n|\n|-heal|p1a: witch|79\/100|[from] Grassy Terrain\n|upkeep\n|turn|11\n|j| dfghhhg\n|\n|t:|1700380664\n|move|p2a: Rillaboom|Knock Off|p1a: witch\n|-damage|p1a: witch|59\/100\n|move|p1a: witch|Draining Kiss|p2a: Rillaboom\n|-damage|p2a: Rillaboom|45\/100\n|-heal|p1a: witch|100\/100|[from] drain|[of] p2a: Rillaboom\n|\n|-heal|p2a: Rillaboom|51\/100|[from] Grassy Terrain\n|upkeep\n|turn|12\n|\n|t:|1700380673\n|switch|p2a: Heatran|Heatran, M|100\/100\n|move|p1a: witch|Draining Kiss|p2a: Heatran\n|-resisted|p2a: Heatran\n|-damage|p2a: Heatran|91\/100\n|\n|-heal|p2a: Heatran|97\/100|[from] Grassy Terrain\n|-heal|p2a: Heatran|100\/100|[from] item: Leftovers\n|upkeep\n|turn|13\n|\n|t:|1700380683\n|move|p2a: Heatran|Magma Storm|p1a: witch\n|-damage|p1a: witch|73\/100\n|-activate|p1a: witch|move: Magma Storm|[of] p2a: Heatran\n|move|p1a: witch|Nuzzle|p2a: Heatran\n|-crit|p2a: Heatran\n|-damage|p2a: Heatran|95\/100\n|-status|p2a: Heatran|par\n|\n|-heal|p1a: witch|79\/100|[from] Grassy Terrain\n|-heal|p2a: Heatran|100\/100 par|[from] Grassy Terrain\n|-damage|p1a: witch|67\/100|[from] move: Magma Storm|[partiallytrapped]\n|upkeep\n|turn|14\n|\n|t:|1700380696\n|move|p1a: witch|Calm Mind|p1a: witch\n|-boost|p1a: witch|spa|1\n|-boost|p1a: witch|spd|1\n|move|p2a: Heatran|Stealth Rock|p1a: witch\n|move|p1a: witch|Stealth Rock|p2a: Heatran|[from]ability: Magic Bounce\n|-sidestart|p2: DJGuerra|move: Stealth Rock\n|\n|-heal|p1a: witch|73\/100|[from] Grassy Terrain\n|-damage|p1a: witch|60\/100|[from] move: Magma Storm|[partiallytrapped]\n|-fieldend|move: Grassy Terrain\n|upkeep\n|turn|15\n|\n|t:|1700380708\n|move|p1a: witch|Psyshock|p2a: Heatran\n|-resisted|p2a: Heatran\n|-damage|p2a: Heatran|64\/100 par\n|move|p2a: Heatran|Earth Power|p1a: witch\n|-damage|p1a: witch|45\/100\n|-unboost|p1a: witch|spd|1\n|\n|-heal|p2a: Heatran|71\/100 par|[from] item: Leftovers\n|-damage|p1a: witch|33\/100|[from] move: Magma Storm|[partiallytrapped]\n|upkeep\n|turn|16\n|\n|t:|1700380719\n|move|p2a: Heatran|Protect|p2a: Heatran\n|-singleturn|p2a: Heatran|Protect\n|move|p1a: witch|Psyshock|p2a: Heatran\n|-activate|p2a: Heatran|move: Protect\n|\n|-heal|p2a: Heatran|77\/100 par|[from] item: Leftovers\n|-damage|p1a: witch|21\/100|[from] move: Magma Storm|[partiallytrapped]\n|upkeep\n|turn|17\n|\n|t:|1700380728\n|move|p1a: witch|Psyshock|p2a: Heatran\n|-resisted|p2a: Heatran\n|-damage|p2a: Heatran|37\/100 par\n|move|p2a: Heatran|Earth Power|p1a: witch\n|-damage|p1a: witch|4\/100\n|\n|-heal|p2a: Heatran|44\/100 par|[from] item: Leftovers\n|-damage|p1a: witch|0 fnt|[from] move: Magma Storm|[partiallytrapped]\n|faint|p1a: witch\n|upkeep\n|\n|t:|1700380738\n|switch|p1a: Blue Slime|Manaphy, shiny|100\/100\n|turn|18\n|\n|t:|1700380743\n|switch|p2a: Zapdos|Zapdos|81\/100\n|move|p1a: Blue Slime|Tail Glow|p1a: Blue Slime\n|-boost|p1a: Blue Slime|spa|3\n|\n|upkeep\n|turn|19\n|\n|t:|1700380750\n|move|p1a: Blue Slime|Ice Beam|p2a: Zapdos\n|-supereffective|p2a: Zapdos\n|-damage|p2a: Zapdos|0 fnt\n|faint|p2a: Zapdos\n|\n|upkeep\n|-message|DJGuerra forfeited.\n|\n|win|ayyk_47\n|raw|ayyk_47's rating: 1588 &rarr; <strong>1606<\/strong><br \/>(+18 for winning)\n|raw|DJGuerra's rating: 1549 &rarr; <strong>1531<\/strong><br \/>(-18 for losing)\n|l|\u2606DJGuerra\n","uploadtime":1700380757,"views":10,"p1id":"ayyk47","p2id":"djguerra","formatid":"gen9ou","rating":1531,"private":0,"password":""}