{"id":"gen9ou-1990380137","p1":"tauxdemiss","p2":"jskshshkksjj","format":"[Gen 9] OU","log":"|j|\u2606tauxdemiss\n|j|\u2606jskshshkksjj\n|t:|1699964633\n|gametype|singles\n|player|p1|tauxdemiss|1|1090\n|player|p2|jskshshkksjj|alder|1054\n|teamsize|p1|6\n|teamsize|p2|6\n|gen|9\n|tier|[Gen 9] OU\n|rated|\n|rule|Sleep Clause Mod: Limit one foe put to sleep\n|rule|Species Clause: Limit one of each Pok\u00e9mon\n|rule|OHKO Clause: OHKO moves are banned\n|rule|Evasion Items Clause: Evasion items are banned\n|rule|Evasion Moves Clause: Evasion moves are banned\n|rule|Endless Battle Clause: Forcing endless battles is banned\n|rule|HP Percentage Mod: HP is shown in percentages\n|clearpoke\n|poke|p1|Kleavor, F|\n|poke|p1|Sandy Shocks|\n|poke|p1|Enamorus, F|\n|poke|p1|Samurott-Hisui, M|\n|poke|p1|Toxapex, F|\n|poke|p1|Moltres|\n|poke|p2|Cresselia, F|\n|poke|p2|Hatterene, F|\n|poke|p2|Kingambit, M|\n|poke|p2|Infernape, F|\n|poke|p2|Torkoal, F|\n|poke|p2|Greninja-*, M|\n|teampreview\n|\n|t:|1699964646\n|start\n|switch|p1a: Sandy Shocks|Sandy Shocks|100\/100\n|switch|p2a: Torkoal|Torkoal, F|100\/100\n|-weather|SunnyDay|[from] ability: Drought|[of] p2a: Torkoal\n|-activate|p1a: Sandy Shocks|ability: Protosynthesis\n|-start|p1a: Sandy Shocks|protosynthesisspa\n|turn|1\n|\n|t:|1699964650\n|move|p1a: Sandy Shocks|Earth Power|p2a: Torkoal\n|-supereffective|p2a: Torkoal\n|-damage|p2a: Torkoal|0 fnt\n|faint|p2a: Torkoal\n|\n|-weather|SunnyDay|[upkeep]\n|upkeep\n|\n|t:|1699964655\n|switch|p2a: Hatterene|Hatterene, F, shiny|100\/100\n|turn|2\n|\n|t:|1699964660\n|move|p1a: Sandy Shocks|Volt Switch|p2a: Hatterene\n|-damage|p2a: Hatterene|48\/100\n|\n|t:|1699964664\n|-end|p1a: Sandy Shocks|Protosynthesis|[silent]\n|switch|p1a: Moltres|Moltres|100\/100|[from] Volt Switch\n|move|p2a: Hatterene|Trick Room|p2a: Hatterene\n|-fieldstart|move: Trick Room|[of] p2a: Hatterene\n|\n|-weather|SunnyDay|[upkeep]\n|upkeep\n|turn|3\n|\n|t:|1699964671\n|move|p2a: Hatterene|Healing Wish|p2a: Hatterene\n|faint|p2a: Hatterene\n|move|p1a: Moltres|Flamethrower|p2: Hatterene|[notarget]\n|-fail|p1a: Moltres\n|\n|-weather|SunnyDay|[upkeep]\n|upkeep\n|\n|t:|1699964673\n|switch|p2a: Infernape|Infernape, F, shiny|100\/100\n|turn|4\n|\n|t:|1699964676\n|-terastallize|p2a: Infernape|Fire\n|move|p2a: Infernape|Raging Fury|p1a: Moltres\n|-resisted|p1a: Moltres\n|-damage|p1a: Moltres|43\/100\n|move|p1a: Moltres|U-turn|p2a: Infernape\n|-resisted|p2a: Infernape\n|-damage|p2a: Infernape|91\/100\n|\n|t:|1699964686\n|switch|p1a: Kleavor|Kleavor, F|100\/100|[from] U-turn\n|\n|-weather|SunnyDay|[upkeep]\n|upkeep\n|turn|5\n|\n|t:|1699964692\n|move|p2a: Infernape|Raging Fury|p1a: Kleavor|[from]lockedmove\n|-damage|p1a: Kleavor|0 fnt\n|faint|p1a: Kleavor\n|\n|-weather|SunnyDay|[upkeep]\n|upkeep\n|\n|t:|1699964700\n|switch|p1a: Toxapex|Toxapex, F|100\/100\n|turn|6\n|\n|t:|1699964703\n|move|p1a: Toxapex|Surf|p2a: Infernape\n|-supereffective|p2a: Infernape\n|-damage|p2a: Infernape|66\/100\n|move|p2a: Infernape|Raging Fury|p1a: Toxapex|[from]lockedmove\n|-resisted|p1a: Toxapex\n|-damage|p1a: Toxapex|47\/100\n|-start|p2a: Infernape|confusion|[fatigue]\n|\n|-weather|SunnyDay|[upkeep]\n|-heal|p1a: Toxapex|53\/100|[from] item: Leftovers\n|-fieldend|move: Trick Room\n|upkeep\n|turn|7\n|\n|t:|1699964712\n|-activate|p2a: Infernape|confusion\n|move|p2a: Infernape|Raging Fury|p1a: Toxapex\n|-resisted|p1a: Toxapex\n|-crit|p1a: Toxapex\n|-damage|p1a: Toxapex|0 fnt\n|faint|p1a: Toxapex\n|\n|-weather|SunnyDay|[upkeep]\n|upkeep\n|-message|tauxdemiss forfeited.\n|\n|win|jskshshkksjj\n|raw|tauxdemiss's rating: 1090 &rarr; <strong>1064<\/strong><br \/>(-26 for losing)\n|raw|jskshshkksjj's rating: 1054 &rarr; <strong>1089<\/strong><br \/>(+35 for winning)\n|l|\u2606tauxdemiss\n","uploadtime":1699964755,"views":9,"p1id":"tauxdemiss","p2id":"jskshshkksjj","formatid":"gen9ou","rating":1064,"private":0,"password":""}