{"id":"gen9ou-1993027013","p1":"otmooper12","p2":"littensalt","format":"[Gen 9] OU","log":"|j|\u2606otmooper12\n|j|\u2606littensalt\n|t:|1700256835\n|gametype|singles\n|player|p1|otmooper12|carmine|1349\n|player|p2|littensalt|calem|1382\n|teamsize|p1|6\n|teamsize|p2|6\n|gen|9\n|tier|[Gen 9] OU\n|rated|\n|rule|Sleep Clause Mod: Limit one foe put to sleep\n|rule|Species Clause: Limit one of each Pok\u00e9mon\n|rule|OHKO Clause: OHKO moves are banned\n|rule|Evasion Items Clause: Evasion items are banned\n|rule|Evasion Moves Clause: Evasion moves are banned\n|rule|Endless Battle Clause: Forcing endless battles is banned\n|rule|HP Percentage Mod: HP is shown in percentages\n|clearpoke\n|poke|p1|Zamazenta-*|\n|poke|p1|Iron Moth|\n|poke|p1|Maushold-Four|\n|poke|p1|Walking Wake|\n|poke|p1|Dragonite, M|\n|poke|p1|Kingambit, M|\n|poke|p2|Thundurus-Therian, M|\n|poke|p2|Weezing-Galar, F|\n|poke|p2|Cinderace, F|\n|poke|p2|Dragapult, M|\n|poke|p2|Ting-Lu|\n|poke|p2|Zamazenta-*|\n|teampreview\n|inactive|Battle timer is ON: inactive players will automatically lose when time's up. (requested by littensalt)\n|inactive|otmooper12 has 120 seconds left.\n|\n|t:|1700256896\n|start\n|switch|p1a: Zamazenta|Zamazenta|100\/100\n|switch|p2a: FRANCHISE|Cinderace, F|100\/100\n|-ability|p1a: Zamazenta|Dauntless Shield|boost\n|-boost|p1a: Zamazenta|def|1\n|turn|1\n|\n|t:|1700256911\n|move|p1a: Zamazenta|Iron Defense|p1a: Zamazenta\n|-boost|p1a: Zamazenta|def|2\n|move|p2a: FRANCHISE|U-turn|p1a: Zamazenta\n|-start|p2a: FRANCHISE|typechange|Bug|[from] ability: Libero\n|-resisted|p1a: Zamazenta\n|-damage|p1a: Zamazenta|95\/100\n|\n|t:|1700256913\n|switch|p2a: wheezy outta here|Weezing-Galar, F, shiny|100\/100|[from] U-turn\n|-ability|p2a: wheezy outta here|Neutralizing Gas\n|\n|-heal|p1a: Zamazenta|100\/100|[from] item: Leftovers\n|upkeep\n|turn|2\n|\n|t:|1700256938\n|switch|p1a: Iron Moth|Iron Moth|100\/100\n|-enditem|p1a: Iron Moth|Booster Energy\n|-activate|p1a: Iron Moth|ability: Quark Drive|[fromitem]\n|-start|p1a: Iron Moth|quarkdrivespe\n|move|p2a: wheezy outta here|Haze|p2a: wheezy outta here\n|-clearallboost\n|\n|upkeep\n|turn|3\n|\n|t:|1700256957\n|-end|p2a: wheezy outta here|ability: Neutralizing Gas\n|switch|p2a: Ting-Lu|Ting-Lu|100\/100\n|-ability|p2a: Ting-Lu|Vessel of Ruin\n|move|p1a: Iron Moth|Substitute|p1a: Iron Moth\n|-start|p1a: Iron Moth|Substitute\n|-damage|p1a: Iron Moth|76\/100\n|\n|upkeep\n|turn|4\n|inactive|otmooper12 has 120 seconds left.\n|\n|t:|1700256983\n|move|p1a: Iron Moth|Dazzling Gleam|p2a: Ting-Lu\n|-supereffective|p2a: Ting-Lu\n|-damage|p2a: Ting-Lu|79\/100\n|move|p2a: Ting-Lu|Earthquake|p1a: Iron Moth\n|-supereffective|p1a: Iron Moth\n|-end|p1a: Iron Moth|Substitute\n|\n|-heal|p2a: Ting-Lu|85\/100|[from] item: Leftovers\n|upkeep\n|turn|5\n|inactive|otmooper12 has 120 seconds left.\n|\n|t:|1700256992\n|-end|p1a: Iron Moth|Quark Drive|[silent]\n|switch|p1a: Dragonite|Dragonite, M|100\/100\n|move|p2a: Ting-Lu|Ruination|p1a: Dragonite\n|-damage|p1a: Dragonite|51\/100\n|\n|-heal|p2a: Ting-Lu|91\/100|[from] item: Leftovers\n|upkeep\n|turn|6\n|\n|t:|1700257001\n|switch|p2a: wheezy outta here|Weezing-Galar, F, shiny|100\/100\n|-ability|p2a: wheezy outta here|Neutralizing Gas\n|move|p1a: Dragonite|Ice Spinner|p2a: wheezy outta here\n|-damage|p2a: wheezy outta here|80\/100\n|-damage|p1a: Dragonite|34\/100|[from] item: Rocky Helmet|[of] p2a: wheezy outta here\n|\n|upkeep\n|turn|7\n|\n|t:|1700257012\n|switch|p1a: Iron Moth|Iron Moth|76\/100\n|move|p2a: wheezy outta here|Will-O-Wisp|p1a: Iron Moth\n|-immune|p1a: Iron Moth\n|\n|upkeep\n|turn|8\n|\n|t:|1700257019\n|-end|p2a: wheezy outta here|ability: Neutralizing Gas\n|switch|p2a: Ting-Lu|Ting-Lu|91\/100\n|-ability|p2a: Ting-Lu|Vessel of Ruin\n|move|p1a: Iron Moth|Fiery Dance|p2a: Ting-Lu\n|-damage|p2a: Ting-Lu|73\/100\n|\n|-heal|p2a: Ting-Lu|80\/100|[from] item: Leftovers\n|upkeep\n|turn|9\n|\n|t:|1700257034\n|-end|p1a: Iron Moth|Quark Drive|[silent]\n|switch|p1a: Dragonite|Dragonite, M|34\/100\n|move|p2a: Ting-Lu|Spikes|p1a: Dragonite\n|-sidestart|p1: otmooper12|Spikes\n|\n|-heal|p2a: Ting-Lu|86\/100|[from] item: Leftovers\n|upkeep\n|turn|10\n|\n|t:|1700257043\n|move|p1a: Dragonite|Dragon Dance|p1a: Dragonite\n|-boost|p1a: Dragonite|atk|1\n|-boost|p1a: Dragonite|spe|1\n|move|p2a: Ting-Lu|Whirlwind|p1a: Dragonite\n|drag|p1a: Walking Wake|Walking Wake|100\/100\n|-damage|p1a: Walking Wake|88\/100|[from] Spikes\n|-enditem|p1a: Walking Wake|Booster Energy\n|-activate|p1a: Walking Wake|ability: Protosynthesis|[fromitem]\n|-start|p1a: Walking Wake|protosynthesisspa\n|\n|-heal|p2a: Ting-Lu|92\/100|[from] item: Leftovers\n|upkeep\n|turn|11\n|\n|t:|1700257062\n|switch|p2a: wheezy outta here|Weezing-Galar, F, shiny|80\/100\n|-ability|p2a: wheezy outta here|Neutralizing Gas\n|move|p1a: Walking Wake|Agility|p1a: Walking Wake\n|-boost|p1a: Walking Wake|spe|2\n|\n|upkeep\n|turn|12\n|\n|t:|1700257076\n|move|p1a: Walking Wake|Hydro Pump|p2a: wheezy outta here\n|-damage|p2a: wheezy outta here|0 fnt\n|faint|p2a: wheezy outta here\n|-end|p2a: wheezy outta here|ability: Neutralizing Gas\n|\n|upkeep\n|inactive|littensalt has 120 seconds left.\n|\n|t:|1700257104\n|switch|p2a: Ting-Lu|Ting-Lu|92\/100\n|-ability|p2a: Ting-Lu|Vessel of Ruin\n|turn|13\n|\n|t:|1700257112\n|-terastallize|p2a: Ting-Lu|Poison\n|move|p1a: Walking Wake|Hydro Pump|p2a: Ting-Lu\n|-damage|p2a: Ting-Lu|58\/100\n|move|p2a: Ting-Lu|Whirlwind|p1a: Walking Wake\n|-end|p1a: Walking Wake|Protosynthesis|[silent]\n|drag|p1a: Zamazenta|Zamazenta|100\/100\n|-damage|p1a: Zamazenta|88\/100|[from] Spikes\n|\n|-heal|p1a: Zamazenta|94\/100|[from] item: Leftovers\n|-heal|p2a: Ting-Lu|65\/100|[from] item: Leftovers\n|upkeep\n|turn|14\n|\n|t:|1700257128\n|move|p1a: Zamazenta|Crunch|p2a: Ting-Lu\n|-damage|p2a: Ting-Lu|50\/100\n|move|p2a: Ting-Lu|Spikes|p1a: Zamazenta\n|-sidestart|p1: otmooper12|Spikes\n|\n|-heal|p1a: Zamazenta|99\/100|[from] item: Leftovers\n|-heal|p2a: Ting-Lu|56\/100|[from] item: Leftovers\n|upkeep\n|turn|15\n|\n|t:|1700257138\n|move|p1a: Zamazenta|Crunch|p2a: Ting-Lu\n|-damage|p2a: Ting-Lu|40\/100\n|move|p2a: Ting-Lu|Spikes|p1a: Zamazenta\n|-sidestart|p1: otmooper12|Spikes\n|\n|-heal|p1a: Zamazenta|100\/100|[from] item: Leftovers\n|-heal|p2a: Ting-Lu|47\/100|[from] item: Leftovers\n|upkeep\n|turn|16\n|\n|t:|1700257147\n|move|p1a: Zamazenta|Crunch|p2a: Ting-Lu\n|-damage|p2a: Ting-Lu|32\/100\n|move|p2a: Ting-Lu|Earthquake|p1a: Zamazenta\n|-damage|p1a: Zamazenta|70\/100\n|\n|-heal|p1a: Zamazenta|76\/100|[from] item: Leftovers\n|-heal|p2a: Ting-Lu|38\/100|[from] item: Leftovers\n|upkeep\n|turn|17\n|\n|t:|1700257156\n|move|p1a: Zamazenta|Crunch|p2a: Ting-Lu\n|-damage|p2a: Ting-Lu|24\/100\n|-unboost|p2a: Ting-Lu|def|1\n|move|p2a: Ting-Lu|Ruination|p1a: Zamazenta\n|-damage|p1a: Zamazenta|38\/100\n|\n|-heal|p1a: Zamazenta|44\/100|[from] item: Leftovers\n|-heal|p2a: Ting-Lu|31\/100|[from] item: Leftovers\n|upkeep\n|turn|18\n|\n|t:|1700257166\n|switch|p2a: november|Zamazenta|100\/100\n|-ability|p2a: november|Dauntless Shield|boost\n|-boost|p2a: november|def|1\n|move|p1a: Zamazenta|Crunch|p2a: november\n|-resisted|p2a: november\n|-damage|p2a: november|94\/100\n|\n|-heal|p2a: november|99\/100|[from] item: Leftovers\n|-heal|p1a: Zamazenta|50\/100|[from] item: Leftovers\n|upkeep\n|turn|19\n|\n|t:|1700257177\n|move|p2a: november|Substitute|p2a: november\n|-start|p2a: november|Substitute\n|-damage|p2a: november|75\/100\n|move|p1a: Zamazenta|Substitute|p1a: Zamazenta\n|-start|p1a: Zamazenta|Substitute\n|-damage|p1a: Zamazenta|25\/100\n|\n|-heal|p2a: november|81\/100|[from] item: Leftovers\n|-heal|p1a: Zamazenta|31\/100|[from] item: Leftovers\n|upkeep\n|turn|20\n|\n|t:|1700257189\n|move|p2a: november|Body Press|p1a: Zamazenta\n|-end|p1a: Zamazenta|Substitute\n|move|p1a: Zamazenta|Iron Defense|p1a: Zamazenta\n|-boost|p1a: Zamazenta|def|2\n|\n|-heal|p2a: november|88\/100|[from] item: Leftovers\n|-heal|p1a: Zamazenta|37\/100|[from] item: Leftovers\n|upkeep\n|turn|21\n|\n|t:|1700257201\n|move|p2a: november|Body Press|p1a: Zamazenta\n|-damage|p1a: Zamazenta|15\/100\n|move|p1a: Zamazenta|Iron Defense|p1a: Zamazenta\n|-boost|p1a: Zamazenta|def|2\n|\n|-heal|p2a: november|94\/100|[from] item: Leftovers\n|-heal|p1a: Zamazenta|21\/100|[from] item: Leftovers\n|upkeep\n|turn|22\n|\n|t:|1700257213\n|move|p2a: november|Iron Defense|p2a: november\n|-boost|p2a: november|def|2\n|move|p1a: Zamazenta|Iron Defense|p1a: Zamazenta\n|-boost|p1a: Zamazenta|def|2\n|\n|-heal|p2a: november|99\/100|[from] item: Leftovers\n|-heal|p1a: Zamazenta|27\/100|[from] item: Leftovers\n|upkeep\n|turn|23\n|\n|t:|1700257222\n|move|p2a: november|Iron Defense|p2a: november\n|-boost|p2a: november|def|2\n|move|p1a: Zamazenta|Body Press|p2a: november\n|-end|p2a: november|Substitute\n|\n|-heal|p2a: november|100\/100|[from] item: Leftovers\n|-heal|p1a: Zamazenta|33\/100|[from] item: Leftovers\n|upkeep\n|turn|24\n|\n|t:|1700257232\n|move|p2a: november|Substitute|p2a: november\n|-start|p2a: november|Substitute\n|-damage|p2a: november|75\/100\n|move|p1a: Zamazenta|Body Press|p2a: november\n|-end|p2a: november|Substitute\n|\n|-heal|p2a: november|82\/100|[from] item: Leftovers\n|-heal|p1a: Zamazenta|39\/100|[from] item: Leftovers\n|upkeep\n|turn|25\n|\n|t:|1700257241\n|move|p2a: november|Body Press|p1a: Zamazenta\n|-damage|p1a: Zamazenta|14\/100\n|move|p1a: Zamazenta|Body Press|p2a: november\n|-damage|p2a: november|54\/100\n|\n|-heal|p2a: november|61\/100|[from] item: Leftovers\n|-heal|p1a: Zamazenta|20\/100|[from] item: Leftovers\n|upkeep\n|turn|26\n|\n|t:|1700257250\n|move|p2a: november|Body Press|p1a: Zamazenta\n|-damage|p1a: Zamazenta|0 fnt\n|faint|p1a: Zamazenta\n|\n|-heal|p2a: november|67\/100|[from] item: Leftovers\n|upkeep\n|\n|t:|1700257267\n|switch|p1a: Maushold|Maushold-Four|100\/100\n|-damage|p1a: Maushold|76\/100|[from] Spikes\n|turn|27\n|\n|t:|1700257272\n|-terastallize|p1a: Maushold|Ghost\n|move|p2a: november|Crunch|p1a: Maushold\n|-supereffective|p1a: Maushold\n|-damage|p1a: Maushold|6\/100\n|move|p1a: Maushold|Encore|p2a: november\n|-start|p2a: november|Encore\n|\n|-heal|p2a: november|73\/100|[from] item: Leftovers\n|upkeep\n|turn|28\n|\n|t:|1700257283\n|switch|p1a: Kingambit|Kingambit, M|100\/100\n|-damage|p1a: Kingambit|76\/100|[from] Spikes\n|-activate|p1a: Kingambit|ability: Supreme Overlord\n|-start|p1a: Kingambit|fallen1|[silent]\n|move|p2a: november|Crunch|p1a: Kingambit\n|-resisted|p1a: Kingambit\n|-damage|p1a: Kingambit|67\/100\n|\n|-heal|p2a: november|79\/100|[from] item: Leftovers\n|upkeep\n|turn|29\n|\n|t:|1700257303\n|switch|p2a: Ting-Lu|Ting-Lu, tera:Poison|31\/100\n|-ability|p2a: Ting-Lu|Vessel of Ruin\n|move|p1a: Kingambit|Swords Dance|p1a: Kingambit\n|-boost|p1a: Kingambit|atk|2\n|\n|-heal|p2a: Ting-Lu|37\/100|[from] item: Leftovers\n|upkeep\n|turn|30\n|\n|t:|1700257317\n|move|p1a: Kingambit|Kowtow Cleave|p2a: Ting-Lu\n|-damage|p2a: Ting-Lu|0 fnt\n|faint|p2a: Ting-Lu\n|\n|upkeep\n|\n|t:|1700257322\n|switch|p2a: FRANCHISE|Cinderace, F|100\/100\n|turn|31\n|\n|t:|1700257327\n|move|p2a: FRANCHISE|Sucker Punch||[still]\n|-fail|p2a: FRANCHISE\n|move|p1a: Kingambit|Swords Dance|p1a: Kingambit\n|-boost|p1a: Kingambit|atk|2\n|\n|upkeep\n|turn|32\n|\n|t:|1700257333\n|move|p1a: Kingambit|Sucker Punch|p2a: FRANCHISE\n|-damage|p2a: FRANCHISE|0 fnt\n|faint|p2a: FRANCHISE\n|\n|upkeep\n|\n|t:|1700257335\n|switch|p2a: november|Zamazenta|79\/100\n|turn|33\n|inactive|otmooper12 has 120 seconds left.\n|\n|t:|1700257385\n|move|p2a: november|Body Press|p1a: Kingambit\n|-supereffective|p1a: Kingambit\n|-damage|p1a: Kingambit|0 fnt\n|faint|p1a: Kingambit\n|-end|p1a: Kingambit|fallen1|[silent]\n|\n|-heal|p2a: november|85\/100|[from] item: Leftovers\n|upkeep\n|\n|t:|1700257400\n|switch|p1a: Walking Wake|Walking Wake|88\/100\n|-damage|p1a: Walking Wake|63\/100|[from] Spikes\n|turn|34\n|\n|t:|1700257406\n|move|p2a: november|Substitute|p2a: november\n|-start|p2a: november|Substitute\n|-damage|p2a: november|60\/100\n|move|p1a: Walking Wake|Dragon Pulse|p2a: november\n|-end|p2a: november|Substitute\n|\n|-heal|p2a: november|66\/100|[from] item: Leftovers\n|upkeep\n|turn|35\n|\n|t:|1700257415\n|move|p2a: november|Body Press|p1a: Walking Wake\n|-damage|p1a: Walking Wake|29\/100\n|move|p1a: Walking Wake|Dragon Pulse|p2a: november\n|-damage|p2a: november|28\/100\n|\n|-heal|p2a: november|35\/100|[from] item: Leftovers\n|upkeep\n|turn|36\n|\n|t:|1700257426\n|move|p2a: november|Body Press|p1a: Walking Wake\n|-damage|p1a: Walking Wake|0 fnt\n|faint|p1a: Walking Wake\n|-end|p1a: Walking Wake|Protosynthesis|[silent]\n|\n|-heal|p2a: november|41\/100|[from] item: Leftovers\n|upkeep\n|\n|t:|1700257439\n|switch|p1a: Iron Moth|Iron Moth|76\/100\n|-damage|p1a: Iron Moth|51\/100|[from] Spikes\n|turn|37\n|\n|t:|1700257451\n|move|p2a: november|Body Press|p1a: Iron Moth\n|-resisted|p1a: Iron Moth\n|-damage|p1a: Iron Moth|27\/100\n|move|p1a: Iron Moth|Dazzling Gleam|p2a: november\n|-supereffective|p2a: november\n|-damage|p2a: november|0 fnt\n|faint|p2a: november\n|\n|upkeep\n|\n|t:|1700257460\n|switch|p2a: KIDS SEE GHOST|Dragapult, M, shiny|100\/100\n|turn|38\n|inactive|otmooper12 has 120 seconds left.\n|\n|t:|1700257467\n|-end|p1a: Iron Moth|Quark Drive|[silent]\n|switch|p1a: Maushold|Maushold-Four, tera:Ghost|6\/100\n|-damage|p1a: Maushold|0 fnt|[from] Spikes\n|faint|p1a: Maushold\n|move|p2a: KIDS SEE GHOST|Shadow Ball|p1: Maushold|[notarget]\n|-fail|p2a: KIDS SEE GHOST\n|\n|upkeep\n|inactive|otmooper12 has 120 seconds left.\n|-message|otmooper12 forfeited.\n|\n|win|littensalt\n|raw|otmooper12's rating: 1349 &rarr; <strong>1331<\/strong><br \/>(-18 for losing)\n|raw|littensalt's rating: 1382 &rarr; <strong>1400<\/strong><br \/>(+18 for winning)\n|l|\u2606otmooper12\n","uploadtime":1700257494,"views":12,"p1id":"otmooper12","p2id":"littensalt","formatid":"gen9ou","rating":1331,"private":0,"password":""}