{"id":"gen9ou-1996404252","p1":"PLAYB0I R0BBIE B","p2":"bruhdumpster","format":"[Gen 9] OU","log":"|j|\u2606PLAYB0I R0BBIE B\n|j|\u2606bruhdumpster\n|t:|1700678790\n|gametype|singles\n|player|p1|PLAYB0I R0BBIE B|eusine|1440\n|player|p2|bruhdumpster|n|1390\n|teamsize|p1|6\n|teamsize|p2|6\n|gen|9\n|tier|[Gen 9] OU\n|rated|\n|rule|Sleep Clause Mod: Limit one foe put to sleep\n|rule|Species Clause: Limit one of each Pok\u00e9mon\n|rule|OHKO Clause: OHKO moves are banned\n|rule|Evasion Items Clause: Evasion items are banned\n|rule|Evasion Moves Clause: Evasion moves are banned\n|rule|Endless Battle Clause: Forcing endless battles is banned\n|rule|HP Percentage Mod: HP is shown in percentages\n|clearpoke\n|poke|p1|Rillaboom, M|\n|poke|p1|Walking Wake|\n|poke|p1|Ceruledge, M|\n|poke|p1|Garganacl, M|\n|poke|p1|Enamorus, F|\n|poke|p1|Kingambit, F|\n|poke|p2|Pelipper, F|\n|poke|p2|Greninja-*, M|\n|poke|p2|Ogerpon-Wellspring, F|\n|poke|p2|Walking Wake|\n|poke|p2|Gholdengo|\n|poke|p2|Iron Moth|\n|teampreview\n|\n|t:|1700678804\n|start\n|switch|p1a: Rillaboom|Rillaboom, M|100\/100\n|switch|p2a: Pelipper|Pelipper, F|100\/100\n|-fieldstart|move: Grassy Terrain|[from] ability: Grassy Surge|[of] p1a: Rillaboom\n|-weather|RainDance|[from] ability: Drizzle|[of] p2a: Pelipper\n|turn|1\n|inactive|Battle timer is ON: inactive players will automatically lose when time's up. (requested by bruhdumpster)\n|\n|t:|1700678809\n|move|p1a: Rillaboom|U-turn|p2a: Pelipper\n|-resisted|p2a: Pelipper\n|-damage|p2a: Pelipper|88\/100\n|\n|t:|1700678812\n|switch|p1a: Walking Wake|Walking Wake|100\/100|[from] U-turn\n|move|p2a: Pelipper|Hurricane|p1a: Walking Wake\n|-damage|p1a: Walking Wake|55\/100\n|-start|p1a: Walking Wake|confusion\n|\n|-weather|RainDance|[upkeep]\n|-heal|p1a: Walking Wake|62\/100|[from] Grassy Terrain\n|upkeep\n|turn|2\n|\n|t:|1700678819\n|-activate|p1a: Walking Wake|confusion\n|move|p1a: Walking Wake|Draco Meteor|p2a: Pelipper\n|-damage|p2a: Pelipper|0 fnt\n|-unboost|p1a: Walking Wake|spa|2\n|faint|p2a: Pelipper\n|\n|-weather|RainDance|[upkeep]\n|-heal|p1a: Walking Wake|68\/100|[from] Grassy Terrain\n|upkeep\n|\n|t:|1700678825\n|switch|p2a: Greninja|Greninja, M|100\/100\n|turn|3\n|\n|t:|1700678829\n|-end|p1a: Walking Wake|Protosynthesis|[silent]\n|switch|p1a: Rillaboom|Rillaboom, M|100\/100\n|move|p2a: Greninja|Ice Beam|p1a: Rillaboom\n|-supereffective|p1a: Rillaboom\n|-damage|p1a: Rillaboom|6\/100\n|-damage|p2a: Greninja|91\/100|[from] item: Life Orb\n|\n|-weather|RainDance|[upkeep]\n|-heal|p2a: Greninja|97\/100|[from] Grassy Terrain\n|-heal|p1a: Rillaboom|12\/100|[from] Grassy Terrain\n|upkeep\n|turn|4\n|\n|t:|1700678834\n|move|p2a: Greninja|Water Shuriken|p1a: Rillaboom\n|-resisted|p1a: Rillaboom\n|-damage|p1a: Rillaboom|4\/100\n|-resisted|p1a: Rillaboom\n|-damage|p1a: Rillaboom|0 fnt\n|faint|p1a: Rillaboom\n|-ability|p2a: Greninja|Battle Bond|boost\n|-boost|p2a: Greninja|atk|1\n|-boost|p2a: Greninja|spa|1\n|-boost|p2a: Greninja|spe|1\n|-activate|p2a: Greninja|ability: Battle Bond\n|-hitcount|p1: Rillaboom|2\n|-damage|p2a: Greninja|87\/100|[from] item: Life Orb\n|\n|-weather|RainDance|[upkeep]\n|-heal|p2a: Greninja|93\/100|[from] Grassy Terrain\n|upkeep\n|\n|t:|1700678837\n|switch|p1a: Garganacl|Garganacl, M|100\/100\n|turn|5\n|\n|t:|1700678841\n|-terastallize|p1a: Garganacl|Fairy\n|move|p2a: Greninja|Surf|p1a: Garganacl\n|-damage|p1a: Garganacl|19\/100\n|-damage|p2a: Greninja|83\/100|[from] item: Life Orb\n|move|p1a: Garganacl|Salt Cure|p2a: Greninja\n|-damage|p2a: Greninja|61\/100\n|-start|p2a: Greninja|Salt Cure\n|\n|-weather|RainDance|[upkeep]\n|-heal|p2a: Greninja|67\/100|[from] Grassy Terrain\n|-heal|p1a: Garganacl|25\/100|[from] Grassy Terrain\n|-heal|p1a: Garganacl|32\/100|[from] item: Leftovers\n|-damage|p2a: Greninja|42\/100|[from] Salt Cure\n|-fieldend|move: Grassy Terrain\n|upkeep\n|turn|6\n|\n|t:|1700678851\n|switch|p1a: Walking Wake|Walking Wake|68\/100\n|move|p2a: Greninja|Ice Beam|p1a: Walking Wake\n|-damage|p1a: Walking Wake|11\/100\n|-damage|p2a: Greninja|32\/100|[from] item: Life Orb\n|\n|-weather|RainDance|[upkeep]\n|-damage|p2a: Greninja|7\/100|[from] Salt Cure\n|upkeep\n|turn|7\n|\n|t:|1700678859\n|-end|p1a: Walking Wake|Protosynthesis|[silent]\n|switch|p1a: Enamorus|Enamorus, F|100\/100\n|move|p2a: Greninja|U-turn|p1a: Enamorus\n|-resisted|p1a: Enamorus\n|-damage|p1a: Enamorus|90\/100\n|-damage|p2a: Greninja|0 fnt|[from] item: Life Orb\n|faint|p2a: Greninja\n|\n|-weather|RainDance|[upkeep]\n|upkeep\n|\n|t:|1700678867\n|switch|p2a: Ogerpon|Ogerpon-Wellspring, F|100\/100\n|turn|8\n|\n|t:|1700678871\n|move|p2a: Ogerpon|Ivy Cudgel|p1a: Enamorus|[anim] Ivy Cudgel Water\n|-damage|p1a: Enamorus|0 fnt\n|faint|p1a: Enamorus\n|\n|-weather|none\n|upkeep\n|\n|t:|1700678876\n|switch|p1a: Kingambit|Kingambit, F|100\/100\n|-activate|p1a: Kingambit|ability: Supreme Overlord\n|-start|p1a: Kingambit|fallen2|[silent]\n|turn|9\n|\n|t:|1700678884\n|move|p2a: Ogerpon|U-turn|p1a: Kingambit\n|-damage|p1a: Kingambit|78\/100\n|\n|t:|1700678888\n|switch|p2a: Iron Moth|Iron Moth|100\/100|[from] U-turn\n|-enditem|p2a: Iron Moth|Booster Energy\n|-activate|p2a: Iron Moth|ability: Quark Drive|[fromitem]\n|-start|p2a: Iron Moth|quarkdrivespe\n|move|p1a: Kingambit|Kowtow Cleave|p2a: Iron Moth\n|-damage|p2a: Iron Moth|10\/100\n|\n|upkeep\n|turn|10\n|\n|t:|1700678891\n|move|p1a: Kingambit|Sucker Punch|p2a: Iron Moth\n|-damage|p2a: Iron Moth|0 fnt\n|faint|p2a: Iron Moth\n|-end|p2a: Iron Moth|Quark Drive|[silent]\n|\n|upkeep\n|\n|t:|1700678896\n|switch|p2a: Walking Wake|Walking Wake|100\/100\n|-enditem|p2a: Walking Wake|Booster Energy\n|-activate|p2a: Walking Wake|ability: Protosynthesis|[fromitem]\n|-start|p2a: Walking Wake|protosynthesisspe\n|turn|11\n|\n|t:|1700678901\n|-terastallize|p2a: Walking Wake|Water\n|move|p1a: Kingambit|Sucker Punch|p2a: Walking Wake\n|-damage|p2a: Walking Wake|49\/100\n|move|p2a: Walking Wake|Hydro Steam|p1a: Kingambit\n|-damage|p1a: Kingambit|18\/100\n|\n|upkeep\n|turn|12\n|\n|t:|1700678909\n|move|p1a: Kingambit|Sucker Punch|p2a: Walking Wake\n|-damage|p2a: Walking Wake|0 fnt\n|faint|p2a: Walking Wake\n|-end|p2a: Walking Wake|Protosynthesis|[silent]\n|\n|upkeep\n|\n|t:|1700678913\n|switch|p2a: Ogerpon|Ogerpon-Wellspring, F|100\/100\n|turn|13\n|-message|bruhdumpster forfeited.\n|\n|win|PLAYB0I R0BBIE B\n|raw|PLAYB0I R0BBIE B's rating: 1440 &rarr; <strong>1457<\/strong><br \/>(+17 for winning)\n|raw|bruhdumpster's rating: 1390 &rarr; <strong>1373<\/strong><br \/>(-17 for losing)\n|l|\u2606bruhdumpster\n","uploadtime":1700678921,"views":6,"p1id":"playb0ir0bbieb","p2id":"bruhdumpster","formatid":"gen9ou","rating":1373,"private":0,"password":""}