{"id":"gen9ou-1991647304","p1":"Sificon~","p2":"Taka","format":"[Gen 9] OU","log":"|j|\u2606Sificon~\n|j|\u2606Taka\n|t:|1700098118\n|gametype|singles\n|player|p1|Sificon~|#sificon|\n|player|p2|Taka|#bssplviiidavesdragonairs|\n|teamsize|p1|6\n|teamsize|p2|6\n|gen|9\n|tier|[Gen 9] OU\n|rule|Sleep Clause Mod: Limit one foe put to sleep\n|rule|Species Clause: Limit one of each Pok\u00e9mon\n|rule|OHKO Clause: OHKO moves are banned\n|rule|Evasion Items Clause: Evasion items are banned\n|rule|Evasion Moves Clause: Evasion moves are banned\n|rule|Endless Battle Clause: Forcing endless battles is banned\n|rule|HP Percentage Mod: HP is shown in percentages\n|clearpoke\n|poke|p1|Clefable, F|\n|poke|p1|Alomomola, F|\n|poke|p1|Blissey, F|\n|poke|p1|Clodsire, F|\n|poke|p1|Dondozo, M|\n|poke|p1|Amoonguss, F|\n|poke|p2|Ribombee, F|\n|poke|p2|Gholdengo|\n|poke|p2|Manaphy|\n|poke|p2|Great Tusk|\n|poke|p2|Dragonite, F|\n|poke|p2|Kingambit, F|\n|teampreview\n|inactive|Battle timer is ON: inactive players will automatically lose when time's up. (requested by Taka)\n|inactive|Sificon~ also wants the timer to be on.\n|c|\u2606Sificon~|hf\n|c|\u2606Taka|u2\n|c|\u2606Taka|\/log Taka made this room public.\n|l|\u2606Taka\n|inactive|Taka disconnected and has 300 seconds to reconnect!\n|player|p2|\n|inactive|Sificon~ has 270 seconds left.\n|j|\u2606Taka\n|inactive|Taka reconnected and has 275 seconds left.\n|player|p2|Taka|#bssplviiidavesdragonairs\n|j| justlelegirl\n|j|+PrinceOfAllTacos\n|inactive|Taka has 270 seconds left.\n|j| Hoennseptile\n|c| Hoennseptile|LOL\n|c| justlelegirl|finally some content i can fall asleep too\n|j| Lkapkd\n|j| wat u want 2\n|j| jawiththeblicky\n|inactive|Taka has 240 seconds left.\n|l|watuwant2\n|j| doubledgedsword\n|l| doubledgedsword\n|j|+Fragments\n|c|+Fragments|These are certainly ou teams\n|j| OreoSpeedruns\n|\n|t:|1700098211\n|start\n|switch|p1a: Alomomola|Alomomola, F|100\/100\n|switch|p2a: Ribombee|Ribombee, F|100\/100\n|turn|1\n|j| cjw405\n|inactive|Sificon~ has 270 seconds left.\n|j| poketough\n|\n|t:|1700098246\n|move|p2a: Ribombee|Stun Spore|p1a: Alomomola\n|-status|p1a: Alomomola|par\n|move|p1a: Alomomola|Flip Turn|p2a: Ribombee\n|-damage|p2a: Ribombee|69\/100\n|\n|t:|1700098249\n|switch|p1a: Blissey|Blissey, F|100\/100|[from] Flip Turn\n|\n|upkeep\n|turn|2\n|\n|t:|1700098267\n|move|p2a: Ribombee|Stun Spore|p1a: Blissey\n|-status|p1a: Blissey|par\n|move|p1a: Blissey|Stealth Rock|p2a: Ribombee\n|-sidestart|p2: Taka|move: Stealth Rock\n|\n|upkeep\n|turn|3\n|\n|t:|1700098272\n|switch|p2a: Great Tusk|Great Tusk|100\/100\n|-damage|p2a: Great Tusk|97\/100|[from] Stealth Rock\n|-enditem|p2a: Great Tusk|Booster Energy\n|-activate|p2a: Great Tusk|ability: Protosynthesis|[fromitem]\n|-start|p2a: Great Tusk|protosynthesisspe\n|move|p1a: Blissey|Seismic Toss|p2a: Great Tusk\n|-damage|p2a: Great Tusk|74\/100\n|\n|upkeep\n|turn|4\n|\n|t:|1700098301\n|-curestatus|p1a: Blissey|par|[from] ability: Natural Cure\n|switch|p1a: Alomomola|Alomomola, F|100\/100 par\n|move|p2a: Great Tusk|Rapid Spin|p1a: Alomomola\n|-damage|p1a: Alomomola|92\/100 par\n|-boost|p2a: Great Tusk|spe|1\n|-sideend|p2: Taka|Stealth Rock|[from] move: Rapid Spin|[of] p2a: Great Tusk\n|\n|upkeep\n|turn|5\n|\n|t:|1700098321\n|-end|p2a: Great Tusk|Protosynthesis|[silent]\n|switch|p2a: Manaphy|Manaphy|100\/100\n|move|p1a: Alomomola|Flip Turn|p2a: Manaphy\n|-resisted|p2a: Manaphy\n|-damage|p2a: Manaphy|93\/100\n|inactive|Sificon~ has 270 seconds left.\n|\n|t:|1700098341\n|switch|p1a: Amoonguss|Amoonguss, F|100\/100|[from] Flip Turn\n|\n|upkeep\n|turn|6\n|\n|t:|1700098355\n|switch|p2a: Gholdengo|Gholdengo|100\/100\n|-item|p2a: Gholdengo|Air Balloon\n|move|p1a: Amoonguss|Giga Drain|p2a: Gholdengo\n|-resisted|p2a: Gholdengo\n|-damage|p2a: Gholdengo|87\/100\n|-enditem|p2a: Gholdengo|Air Balloon\n|\n|upkeep\n|turn|7\n|inactive|Sificon~ has 270 seconds left.\n|\n|t:|1700098389\n|switch|p1a: Blissey|Blissey, F|100\/100\n|move|p2a: Gholdengo|Nasty Plot|p2a: Gholdengo\n|-boost|p2a: Gholdengo|spa|2\n|\n|upkeep\n|turn|8\n|\n|t:|1700098393\n|switch|p1a: Clodsire|Clodsire, F|100\/100\n|move|p2a: Gholdengo|Nasty Plot|p2a: Gholdengo\n|-boost|p2a: Gholdengo|spa|2\n|\n|upkeep\n|turn|9\n|\n|t:|1700098412\n|-terastallize|p2a: Gholdengo|Water\n|move|p2a: Gholdengo|Psyshock|p1a: Clodsire\n|-supereffective|p1a: Clodsire\n|-damage|p1a: Clodsire|36\/100\n|move|p1a: Clodsire|Amnesia|p1a: Clodsire\n|-boost|p1a: Clodsire|spd|2\n|\n|upkeep\n|turn|10\n|j| temp\n|inactive|Taka has 270 seconds left.\n|\n|t:|1700098441\n|-terastallize|p1a: Clodsire|Steel\n|move|p2a: Gholdengo|Psyshock|p1a: Clodsire\n|-resisted|p1a: Clodsire\n|-damage|p1a: Clodsire|20\/100\n|move|p1a: Clodsire|Recover|p1a: Clodsire\n|-heal|p1a: Clodsire|70\/100\n|\n|upkeep\n|turn|11\n|c| justlelegirl|the\n|inactive|Taka has 270 seconds left.\n|\n|t:|1700098466\n|switch|p2a: Kingambit|Kingambit, F|100\/100\n|move|p1a: Clodsire|Spikes|p2a: Kingambit\n|-sidestart|p2: Taka|Spikes\n|\n|upkeep\n|turn|12\n|c| OreoSpeedruns|was expecting Tera dark clod but ig steel\u2019s the next best thing\n|\n|t:|1700098480\n|switch|p1a: Alomomola|Alomomola, F|100\/100 par\n|move|p2a: Kingambit|Kowtow Cleave|p1a: Alomomola\n|-damage|p1a: Alomomola|78\/100 par\n|\n|upkeep\n|turn|13\n|\n|t:|1700098497\n|move|p2a: Kingambit|Kowtow Cleave|p1a: Alomomola\n|-damage|p1a: Alomomola|55\/100 par\n|cant|p1a: Alomomola|par\n|\n|upkeep\n|turn|14\n|c| Hoennseptile|hax\n|inactive|Taka has 240 seconds left.\n|raw|<div class=\"broadcast-red\"><strong>Moderated chat was set to \u2606!<\/strong><br \/>Only users of rank \u2606 and higher can talk.<\/div>\n|\n|t:|1700098525\n|switch|p1a: Amoonguss|Amoonguss, F|100\/100\n|move|p2a: Kingambit|Kowtow Cleave|p1a: Amoonguss\n|-damage|p1a: Amoonguss|71\/100\n|\n|upkeep\n|turn|15\n|inactive|Taka has 240 seconds left.\n|\n|t:|1700098540\n|move|p2a: Kingambit|Kowtow Cleave|p1a: Amoonguss\n|-damage|p1a: Amoonguss|40\/100\n|move|p1a: Amoonguss|Spore|p2a: Kingambit\n|-status|p2a: Kingambit|slp|[from] move: Spore\n|-enditem|p2a: Kingambit|Lum Berry|[eat]\n|-curestatus|p2a: Kingambit|slp|[msg]\n|\n|upkeep\n|turn|16\n|\n|t:|1700098547\n|-end|p2a: Kingambit|fallenundefined|[silent]\n|switch|p2a: Ribombee|Ribombee, F|69\/100\n|-damage|p2a: Ribombee|57\/100|[from] Spikes\n|switch|p1a: Alomomola|Alomomola, F|88\/100 par\n|\n|upkeep\n|turn|17\n|inactive|Taka has 240 seconds left.\n|\n|t:|1700098555\n|switch|p1a: Blissey|Blissey, F|100\/100\n|move|p2a: Ribombee|Moonblast|p1a: Blissey\n|-damage|p1a: Blissey|89\/100\n|\n|upkeep\n|turn|18\n|\n|t:|1700098562\n|move|p2a: Ribombee|Stun Spore|p1a: Blissey|[miss]\n|-miss|p2a: Ribombee|p1a: Blissey\n|move|p1a: Blissey|Seismic Toss|p2a: Ribombee\n|-damage|p2a: Ribombee|19\/100\n|\n|upkeep\n|turn|19\n|\n|t:|1700098565\n|switch|p2a: Kingambit|Kingambit, F|100\/100\n|-damage|p2a: Kingambit|88\/100|[from] Spikes\n|move|p1a: Blissey|Seismic Toss|p2a: Kingambit\n|-damage|p2a: Kingambit|59\/100\n|\n|upkeep\n|turn|20\n|\n|t:|1700098568\n|switch|p1a: Alomomola|Alomomola, F|100\/100 par\n|move|p2a: Kingambit|Kowtow Cleave|p1a: Alomomola\n|-damage|p1a: Alomomola|78\/100 par\n|\n|upkeep\n|turn|21\n|inactive|Taka has 270 seconds left.\n|\n|t:|1700098583\n|-end|p2a: Kingambit|fallenundefined|[silent]\n|switch|p2a: Manaphy|Manaphy|93\/100\n|move|p1a: Alomomola|Flip Turn|p2a: Manaphy\n|-resisted|p2a: Manaphy\n|-damage|p2a: Manaphy|84\/100\n|\n|t:|1700098607\n|switch|p1a: Amoonguss|Amoonguss, F|73\/100|[from] Flip Turn\n|\n|upkeep\n|turn|22\n|\n|t:|1700098617\n|move|p2a: Manaphy|Ice Beam|p1a: Amoonguss\n|-supereffective|p1a: Amoonguss\n|-damage|p1a: Amoonguss|24\/100\n|move|p1a: Amoonguss|Giga Drain|p2a: Manaphy\n|-supereffective|p2a: Manaphy\n|-damage|p2a: Manaphy|41\/100\n|-heal|p1a: Amoonguss|41\/100|[from] drain|[of] p2a: Manaphy\n|\n|upkeep\n|turn|23\n|\n|t:|1700098627\n|switch|p2a: Dragonite|Dragonite, F|100\/100\n|switch|p1a: Blissey|Blissey, F|89\/100\n|\n|upkeep\n|turn|24\n|\n|t:|1700098645\n|switch|p1a: Alomomola|Alomomola, F|100\/100 par\n|move|p2a: Dragonite|Dragon Dance|p2a: Dragonite\n|-boost|p2a: Dragonite|atk|1\n|-boost|p2a: Dragonite|spe|1\n|\n|upkeep\n|turn|25\n|\n|t:|1700098651\n|move|p2a: Dragonite|Outrage|p1a: Alomomola\n|-damage|p1a: Alomomola|37\/100 par\n|-damage|p2a: Dragonite|91\/100|[from] item: Life Orb\n|move|p1a: Alomomola|Flip Turn|p2a: Dragonite\n|-resisted|p2a: Dragonite\n|-damage|p2a: Dragonite|81\/100\n|\n|t:|1700098655\n|switch|p1a: Clefable|Clefable, F|100\/100|[from] Flip Turn\n|\n|upkeep\n|turn|26\n|\n|t:|1700098656\n|move|p2a: Dragonite|Outrage|p1a: Clefable|[from]lockedmove\n|-immune|p1a: Clefable\n|-start|p2a: Dragonite|confusion|[fatigue]\n|move|p1a: Clefable|Moonblast|p2a: Dragonite\n|-supereffective|p2a: Dragonite\n|-damage|p2a: Dragonite|19\/100\n|\n|upkeep\n|turn|27\n|\n|t:|1700098666\n|switch|p2a: Gholdengo|Gholdengo, tera:Water|87\/100\n|-damage|p2a: Gholdengo|75\/100|[from] Spikes\n|move|p1a: Clefable|Moonblast|p2a: Gholdengo\n|-damage|p2a: Gholdengo|36\/100\n|\n|upkeep\n|turn|28\n|\n|t:|1700098675\n|switch|p1a: Clodsire|Clodsire, F, tera:Steel|70\/100\n|move|p2a: Gholdengo|Shadow Ball|p1a: Clodsire\n|-crit|p1a: Clodsire\n|-damage|p1a: Clodsire|38\/100\n|\n|upkeep\n|turn|29\n|\n|t:|1700098679\n|move|p2a: Gholdengo|Shadow Ball|p1a: Clodsire\n|-damage|p1a: Clodsire|15\/100\n|move|p1a: Clodsire|Recover|p1a: Clodsire\n|-heal|p1a: Clodsire|65\/100\n|\n|upkeep\n|turn|30\n|\n|t:|1700098685\n|move|p2a: Gholdengo|Shadow Ball|p1a: Clodsire\n|-damage|p1a: Clodsire|40\/100\n|move|p1a: Clodsire|Recover|p1a: Clodsire\n|-heal|p1a: Clodsire|91\/100\n|\n|upkeep\n|turn|31\n|\n|t:|1700098689\n|move|p2a: Gholdengo|Shadow Ball|p1a: Clodsire\n|-damage|p1a: Clodsire|69\/100\n|move|p1a: Clodsire|Amnesia|p1a: Clodsire\n|-boost|p1a: Clodsire|spd|2\n|\n|upkeep\n|turn|32\n|\n|t:|1700098691\n|move|p2a: Gholdengo|Shadow Ball|p1a: Clodsire\n|-damage|p1a: Clodsire|58\/100\n|move|p1a: Clodsire|Poison Jab|p2a: Gholdengo\n|-damage|p2a: Gholdengo|12\/100\n|\n|upkeep\n|turn|33\n|\n|t:|1700098696\n|switch|p2a: Kingambit|Kingambit, F|59\/100\n|-damage|p2a: Kingambit|47\/100|[from] Spikes\n|move|p1a: Clodsire|Recover|p1a: Clodsire\n|-heal|p1a: Clodsire|100\/100\n|\n|upkeep\n|turn|34\n|\n|t:|1700098707\n|switch|p1a: Alomomola|Alomomola, F|70\/100 par\n|move|p2a: Kingambit|Swords Dance|p2a: Kingambit\n|-boost|p2a: Kingambit|atk|2\n|\n|upkeep\n|turn|35\n|\n|t:|1700098711\n|switch|p1a: Dondozo|Dondozo, M|100\/100\n|move|p2a: Kingambit|Kowtow Cleave|p1a: Dondozo\n|-damage|p1a: Dondozo|80\/100\n|\n|upkeep\n|turn|36\n|\n|t:|1700098721\n|move|p2a: Kingambit|Kowtow Cleave|p1a: Dondozo\n|-damage|p1a: Dondozo|60\/100\n|move|p1a: Dondozo|Body Press|p2a: Kingambit\n|-supereffective|p2a: Kingambit\n|-damage|p2a: Kingambit|0 fnt\n|faint|p2a: Kingambit\n|-end|p2a: Kingambit|fallenundefined|[silent]\n|\n|upkeep\n|\n|t:|1700098727\n|switch|p2a: Manaphy|Manaphy|41\/100\n|turn|37\n|\n|t:|1700098739\n|switch|p1a: Blissey|Blissey, F|89\/100\n|move|p2a: Manaphy|Tail Glow|p2a: Manaphy\n|-boost|p2a: Manaphy|spa|3\n|\n|upkeep\n|turn|38\n|\n|t:|1700098764\n|switch|p2a: Great Tusk|Great Tusk|74\/100\n|-damage|p2a: Great Tusk|62\/100|[from] Spikes\n|move|p1a: Blissey|Seismic Toss|p2a: Great Tusk\n|-damage|p2a: Great Tusk|39\/100\n|\n|upkeep\n|turn|39\n|\n|t:|1700098777\n|switch|p1a: Amoonguss|Amoonguss, F|74\/100\n|move|p2a: Great Tusk|Bulk Up|p2a: Great Tusk\n|-boost|p2a: Great Tusk|atk|1\n|-boost|p2a: Great Tusk|def|1\n|\n|upkeep\n|turn|40\n|\n|t:|1700098783\n|move|p2a: Great Tusk|Headlong Rush|p1a: Amoonguss\n|-crit|p1a: Amoonguss\n|-damage|p1a: Amoonguss|0 fnt\n|-unboost|p2a: Great Tusk|def|1\n|-unboost|p2a: Great Tusk|spd|1\n|faint|p1a: Amoonguss\n|\n|upkeep\n|\n|t:|1700098789\n|switch|p1a: Clefable|Clefable, F|100\/100\n|turn|41\n|\n|t:|1700098805\n|-end|p2a: Great Tusk|Protosynthesis|[silent]\n|switch|p2a: Manaphy|Manaphy|41\/100\n|move|p1a: Clefable|Moonblast|p2a: Manaphy\n|-damage|p2a: Manaphy|12\/100\n|-unboost|p2a: Manaphy|spa|1\n|\n|upkeep\n|turn|42\n|\n|t:|1700098810\n|move|p2a: Manaphy|Tail Glow|p2a: Manaphy\n|-boost|p2a: Manaphy|spa|3\n|move|p1a: Clefable|Moonblast|p2a: Manaphy\n|-damage|p2a: Manaphy|0 fnt\n|faint|p2a: Manaphy\n|\n|upkeep\n|\n|t:|1700098815\n|switch|p2a: Ribombee|Ribombee, F|19\/100\n|-damage|p2a: Ribombee|7\/100|[from] Spikes\n|turn|43\n|\n|t:|1700098818\n|switch|p1a: Blissey|Blissey, F|89\/100\n|move|p2a: Ribombee|Stun Spore|p1a: Blissey\n|-status|p1a: Blissey|par\n|\n|upkeep\n|turn|44\n|\n|t:|1700098823\n|move|p2a: Ribombee|Moonblast|p1a: Blissey\n|-damage|p1a: Blissey|78\/100 par\n|move|p1a: Blissey|Seismic Toss|p2a: Ribombee\n|-damage|p2a: Ribombee|0 fnt\n|faint|p2a: Ribombee\n|\n|upkeep\n|\n|t:|1700098825\n|switch|p2a: Great Tusk|Great Tusk|39\/100\n|-damage|p2a: Great Tusk|26\/100|[from] Spikes\n|turn|45\n|\n|t:|1700098832\n|-curestatus|p1a: Blissey|par|[from] ability: Natural Cure\n|switch|p1a: Alomomola|Alomomola, F|100\/100 par\n|move|p2a: Great Tusk|Headlong Rush|p1a: Alomomola\n|-damage|p1a: Alomomola|73\/100 par\n|-unboost|p2a: Great Tusk|def|1\n|-unboost|p2a: Great Tusk|spd|1\n|\n|upkeep\n|turn|46\n|\n|t:|1700098835\n|move|p2a: Great Tusk|Bulk Up|p2a: Great Tusk\n|-boost|p2a: Great Tusk|atk|1\n|-boost|p2a: Great Tusk|def|1\n|move|p1a: Alomomola|Flip Turn|p2a: Great Tusk\n|-supereffective|p2a: Great Tusk\n|-damage|p2a: Great Tusk|4\/100\n|\n|t:|1700098839\n|switch|p1a: Dondozo|Dondozo, M|60\/100|[from] Flip Turn\n|\n|upkeep\n|turn|47\n|\n|t:|1700098845\n|move|p2a: Great Tusk|Headlong Rush|p1a: Dondozo\n|-damage|p1a: Dondozo|36\/100\n|-unboost|p2a: Great Tusk|def|1\n|-unboost|p2a: Great Tusk|spd|1\n|move|p1a: Dondozo|Waterfall|p2a: Great Tusk\n|-supereffective|p2a: Great Tusk\n|-damage|p2a: Great Tusk|0 fnt\n|faint|p2a: Great Tusk\n|-end|p2a: Great Tusk|Protosynthesis|[silent]\n|\n|upkeep\n|\n|t:|1700098847\n|switch|p2a: Dragonite|Dragonite, F|19\/100\n|turn|48\n|\n|t:|1700098870\n|move|p2a: Dragonite|Dragon Dance|p2a: Dragonite\n|-boost|p2a: Dragonite|atk|1\n|-boost|p2a: Dragonite|spe|1\n|move|p1a: Dondozo|Body Press|p2a: Dragonite\n|-resisted|p2a: Dragonite\n|-damage|p2a: Dragonite|5\/100\n|\n|upkeep\n|turn|49\n|\n|t:|1700098872\n|move|p2a: Dragonite|Outrage|p1a: Dondozo\n|-damage|p1a: Dondozo|1\/100\n|-damage|p2a: Dragonite|0 fnt|[from] item: Life Orb\n|faint|p2a: Dragonite\n|move|p1a: Dondozo|Body Press|p2: Dragonite|[notarget]\n|-fail|p1a: Dondozo\n|\n|upkeep\n|\n|t:|1700098874\n|switch|p2a: Gholdengo|Gholdengo, tera:Water|12\/100\n|-damage|p2a: Gholdengo|0 fnt|[from] Spikes\n|faint|p2a: Gholdengo\n|\n|win|Sificon~\n|c|\u2606Sificon~|ggs\n|c|\u2606Taka|gg\n|l|\u2606Taka\n","uploadtime":1700098894,"views":85,"p1id":"sificon","p2id":"taka","formatid":"gen9ou","rating":0,"private":0,"password":""}