{"id":"gen9ou-1991396165","p1":"igorcda","p2":"red violet blue","format":"[Gen 9] OU","log":"|j|\u2606igorcda\n|j|\u2606red violet blue\n|t:|1700073582\n|gametype|singles\n|player|p1|igorcda|richboy-gen4|1539\n|player|p2|red violet blue|1|1530\n|teamsize|p1|6\n|teamsize|p2|6\n|gen|9\n|tier|[Gen 9] OU\n|rated|\n|rule|Sleep Clause Mod: Limit one foe put to sleep\n|rule|Species Clause: Limit one of each Pok\u00e9mon\n|rule|OHKO Clause: OHKO moves are banned\n|rule|Evasion Items Clause: Evasion items are banned\n|rule|Evasion Moves Clause: Evasion moves are banned\n|rule|Endless Battle Clause: Forcing endless battles is banned\n|rule|HP Percentage Mod: HP is shown in percentages\n|clearpoke\n|poke|p1|Ursaluna, F|\n|poke|p1|Rillaboom, M|\n|poke|p1|Infernape, M|\n|poke|p1|Empoleon, M|\n|poke|p1|Ninetales-Alola, F|\n|poke|p1|Kleavor, M|\n|poke|p2|Rillaboom, M|\n|poke|p2|Sneasler, M|\n|poke|p2|Samurott-Hisui, M|\n|poke|p2|Ogerpon-Cornerstone, F|\n|poke|p2|Great Tusk|\n|poke|p2|Iron Moth|\n|teampreview\n|inactive|Battle timer is ON: inactive players will automatically lose when time's up. (requested by red violet blue)\n|\n|t:|1700073596\n|start\n|switch|p1a: Kleavor|Kleavor, M, shiny|100\/100\n|switch|p2a: Samurott|Samurott-Hisui, M|100\/100\n|turn|1\n|\n|t:|1700073601\n|move|p1a: Kleavor|U-turn|p2a: Samurott\n|-supereffective|p2a: Samurott\n|-damage|p2a: Samurott|8\/100\n|\n|t:|1700073604\n|switch|p1a: Ninetales|Ninetales-Alola, F, shiny|100\/100|[from] U-turn\n|-weather|Snow|[from] ability: Snow Warning|[of] p1a: Ninetales\n|move|p2a: Samurott|Ceaseless Edge|p1a: Ninetales\n|-resisted|p1a: Ninetales\n|-damage|p1a: Ninetales|81\/100\n|-sidestart|p1: igorcda|Spikes\n|\n|-weather|Snow|[upkeep]\n|upkeep\n|turn|2\n|j| Jullyo\n|\n|t:|1700073610\n|move|p1a: Ninetales|Aurora Veil|p1a: Ninetales\n|-sidestart|p1: igorcda|move: Aurora Veil\n|move|p2a: Samurott|Ceaseless Edge|p1a: Ninetales\n|-resisted|p1a: Ninetales\n|-damage|p1a: Ninetales|72\/100\n|-sidestart|p1: igorcda|Spikes\n|\n|-weather|Snow|[upkeep]\n|upkeep\n|turn|3\n|\n|t:|1700073615\n|move|p1a: Ninetales|Freeze-Dry|p2a: Samurott\n|-supereffective|p2a: Samurott\n|-damage|p2a: Samurott|0 fnt\n|faint|p2a: Samurott\n|\n|-weather|Snow|[upkeep]\n|upkeep\n|\n|t:|1700073625\n|switch|p2a: Ogerpon|Ogerpon-Cornerstone, F|100\/100\n|turn|4\n|\n|t:|1700073634\n|switch|p1a: Rillaboom|Rillaboom, M, shiny|100\/100\n|-damage|p1a: Rillaboom|84\/100|[from] Spikes\n|-fieldstart|move: Grassy Terrain|[from] ability: Grassy Surge|[of] p1a: Rillaboom\n|move|p2a: Ogerpon|Ivy Cudgel|p1a: Rillaboom|[anim] Ivy Cudgel Rock\n|-damage|p1a: Rillaboom|54\/100\n|\n|-weather|Snow|[upkeep]\n|-heal|p1a: Rillaboom|60\/100|[from] Grassy Terrain\n|upkeep\n|turn|5\n|\n|t:|1700073648\n|switch|p2a: Iron Moth|Iron Moth|100\/100\n|-enditem|p2a: Iron Moth|Booster Energy\n|-activate|p2a: Iron Moth|ability: Quark Drive|[fromitem]\n|-start|p2a: Iron Moth|quarkdrivespe\n|move|p1a: Rillaboom|High Horsepower|p2a: Iron Moth\n|-supereffective|p2a: Iron Moth\n|-crit|p2a: Iron Moth\n|-damage|p2a: Iron Moth|0 fnt\n|faint|p2a: Iron Moth\n|-end|p2a: Iron Moth|Quark Drive|[silent]\n|\n|-weather|none\n|-heal|p1a: Rillaboom|66\/100|[from] Grassy Terrain\n|upkeep\n|\n|t:|1700073657\n|switch|p2a: Ogerpon|Ogerpon-Cornerstone, F|100\/100\n|turn|6\n|\n|t:|1700073677\n|move|p2a: Ogerpon|Swords Dance|p2a: Ogerpon\n|-boost|p2a: Ogerpon|atk|2\n|move|p1a: Rillaboom|Bullet Seed|p2a: Ogerpon\n|-damage|p2a: Ogerpon|77\/100\n|-damage|p2a: Ogerpon|53\/100\n|-damage|p2a: Ogerpon|29\/100\n|-damage|p2a: Ogerpon|4\/100\n|-damage|p2a: Ogerpon|0 fnt\n|faint|p2a: Ogerpon\n|-hitcount|p2: Ogerpon|5\n|\n|-heal|p1a: Rillaboom|72\/100|[from] Grassy Terrain\n|upkeep\n|\n|t:|1700073689\n|switch|p2a: Great Tusk|Great Tusk|100\/100\n|-enditem|p2a: Great Tusk|Booster Energy\n|-activate|p2a: Great Tusk|ability: Protosynthesis|[fromitem]\n|-start|p2a: Great Tusk|protosynthesisspe\n|turn|7\n|\n|t:|1700073700\n|-terastallize|p2a: Great Tusk|Poison\n|move|p2a: Great Tusk|Bulk Up|p2a: Great Tusk\n|-boost|p2a: Great Tusk|atk|1\n|-boost|p2a: Great Tusk|def|1\n|move|p1a: Rillaboom|Bullet Seed|p2a: Great Tusk\n|-resisted|p2a: Great Tusk\n|-damage|p2a: Great Tusk|97\/100\n|-resisted|p2a: Great Tusk\n|-damage|p2a: Great Tusk|93\/100\n|-resisted|p2a: Great Tusk\n|-damage|p2a: Great Tusk|89\/100\n|-resisted|p2a: Great Tusk\n|-damage|p2a: Great Tusk|85\/100\n|-resisted|p2a: Great Tusk\n|-damage|p2a: Great Tusk|81\/100\n|-hitcount|p2a: Great Tusk|5\n|\n|-heal|p2a: Great Tusk|87\/100|[from] Grassy Terrain\n|-heal|p1a: Rillaboom|79\/100|[from] Grassy Terrain\n|upkeep\n|turn|8\n|\n|t:|1700073716\n|move|p2a: Great Tusk|Bulk Up|p2a: Great Tusk\n|-boost|p2a: Great Tusk|atk|1\n|-boost|p2a: Great Tusk|def|1\n|move|p1a: Rillaboom|Swords Dance|p1a: Rillaboom\n|-boost|p1a: Rillaboom|atk|2\n|\n|-heal|p2a: Great Tusk|94\/100|[from] Grassy Terrain\n|-heal|p1a: Rillaboom|85\/100|[from] Grassy Terrain\n|-fieldend|move: Grassy Terrain\n|upkeep\n|turn|9\n|\n|t:|1700073723\n|-terastallize|p1a: Rillaboom|Ground\n|move|p2a: Great Tusk|Bulk Up|p2a: Great Tusk\n|-boost|p2a: Great Tusk|atk|1\n|-boost|p2a: Great Tusk|def|1\n|move|p1a: Rillaboom|High Horsepower|p2a: Great Tusk\n|-supereffective|p2a: Great Tusk\n|-damage|p2a: Great Tusk|38\/100\n|\n|-sideend|p1: igorcda|move: Aurora Veil\n|upkeep\n|turn|10\n|\n|t:|1700073727\n|move|p2a: Great Tusk|Ice Spinner|p1a: Rillaboom\n|-supereffective|p1a: Rillaboom\n|-damage|p1a: Rillaboom|0 fnt\n|faint|p1a: Rillaboom\n|\n|upkeep\n|\n|t:|1700073735\n|switch|p1a: Kleavor|Kleavor, M, shiny|100\/100\n|-damage|p1a: Kleavor|84\/100|[from] Spikes\n|turn|11\n|\n|t:|1700073740\n|move|p2a: Great Tusk|Headlong Rush|p1a: Kleavor\n|-damage|p1a: Kleavor|0 fnt\n|-unboost|p2a: Great Tusk|def|1\n|-unboost|p2a: Great Tusk|spd|1\n|faint|p1a: Kleavor\n|\n|upkeep\n|l| Jullyo\n|\n|t:|1700073749\n|switch|p1a: Ninetales|Ninetales-Alola, F, shiny|72\/100\n|-damage|p1a: Ninetales|55\/100|[from] Spikes\n|-weather|Snow|[from] ability: Snow Warning|[of] p1a: Ninetales\n|turn|12\n|\n|t:|1700073753\n|move|p2a: Great Tusk|Headlong Rush|p1a: Ninetales\n|-damage|p1a: Ninetales|0 fnt\n|-unboost|p2a: Great Tusk|def|1\n|-unboost|p2a: Great Tusk|spd|1\n|faint|p1a: Ninetales\n|\n|-weather|Snow|[upkeep]\n|upkeep\n|\n|t:|1700073759\n|switch|p1a: Infernape|Infernape, M|100\/100\n|-damage|p1a: Infernape|84\/100|[from] Spikes\n|turn|13\n|\n|t:|1700073762\n|move|p1a: Infernape|Mach Punch|p2a: Great Tusk\n|-resisted|p2a: Great Tusk\n|-damage|p2a: Great Tusk|32\/100\n|-damage|p1a: Infernape|74\/100|[from] item: Life Orb\n|move|p2a: Great Tusk|Headlong Rush|p1a: Infernape\n|-supereffective|p1a: Infernape\n|-damage|p1a: Infernape|0 fnt\n|-unboost|p2a: Great Tusk|def|1\n|-unboost|p2a: Great Tusk|spd|1\n|faint|p1a: Infernape\n|\n|-weather|Snow|[upkeep]\n|upkeep\n|\n|t:|1700073765\n|switch|p1a: Empoleon|Empoleon, M, shiny|100\/100\n|-damage|p1a: Empoleon|84\/100|[from] Spikes\n|turn|14\n|\n|t:|1700073767\n|move|p1a: Empoleon|Vacuum Wave|p2a: Great Tusk\n|-resisted|p2a: Great Tusk\n|-crit|p2a: Great Tusk\n|-damage|p2a: Great Tusk|0 fnt\n|faint|p2a: Great Tusk\n|-end|p2a: Great Tusk|Protosynthesis|[silent]\n|\n|-weather|Snow|[upkeep]\n|upkeep\n|\n|t:|1700073775\n|switch|p2a: Rillaboom|Rillaboom, M|100\/100\n|-fieldstart|move: Grassy Terrain|[from] ability: Grassy Surge|[of] p2a: Rillaboom\n|turn|15\n|\n|t:|1700073778\n|move|p2a: Rillaboom|Drum Beating|p1a: Empoleon\n|-damage|p1a: Empoleon|21\/100\n|-unboost|p1a: Empoleon|spe|1\n|-ability|p1a: Empoleon|Competitive|boost\n|-boost|p1a: Empoleon|spa|2\n|move|p1a: Empoleon|Air Slash|p2a: Rillaboom\n|-supereffective|p2a: Rillaboom\n|-damage|p2a: Rillaboom|0 fnt\n|faint|p2a: Rillaboom\n|\n|-weather|Snow|[upkeep]\n|-heal|p1a: Empoleon|27\/100|[from] Grassy Terrain\n|upkeep\n|\n|t:|1700073782\n|switch|p2a: Sneasler|Sneasler, M|100\/100\n|-enditem|p2a: Sneasler|Grassy Seed\n|-boost|p2a: Sneasler|def|1|[from] item: Grassy Seed\n|turn|16\n|\n|t:|1700073790\n|move|p1a: Empoleon|Vacuum Wave|p2a: Sneasler\n|-resisted|p2a: Sneasler\n|-damage|p2a: Sneasler|83\/100\n|move|p2a: Sneasler|Close Combat|p1a: Empoleon\n|-supereffective|p1a: Empoleon\n|-damage|p1a: Empoleon|0 fnt\n|-unboost|p2a: Sneasler|def|1\n|-unboost|p2a: Sneasler|spd|1\n|faint|p1a: Empoleon\n|\n|-weather|none\n|-heal|p2a: Sneasler|89\/100|[from] Grassy Terrain\n|upkeep\n|\n|t:|1700073793\n|switch|p1a: Ursaluna|Ursaluna, F, shiny|100\/100\n|-damage|p1a: Ursaluna|84\/100|[from] Spikes\n|turn|17\n|\n|t:|1700073795\n|move|p2a: Sneasler|Close Combat|p1a: Ursaluna\n|-supereffective|p1a: Ursaluna\n|-damage|p1a: Ursaluna|0 fnt\n|-unboost|p2a: Sneasler|def|1\n|-unboost|p2a: Sneasler|spd|1\n|faint|p1a: Ursaluna\n|\n|win|red violet blue\n|raw|igorcda's rating: 1539 &rarr; <strong>1518<\/strong><br \/>(-21 for losing)\n|raw|red violet blue's rating: 1530 &rarr; <strong>1551<\/strong><br \/>(+21 for winning)\n|l|\u2606igorcda\n|l|\u2606red violet blue\n|j|\u2606red violet blue\n|player|p2|red violet blue|1\n","uploadtime":1700073874,"views":14,"p1id":"igorcda","p2id":"redvioletblue","formatid":"gen9ou","rating":1518,"private":0,"password":""}