{"id":"gen9ou-1989445529","p1":"KirbyKillua","p2":"soccersniper","format":"[Gen 9] OU","log":"|j|\u2606KirbyKillua\n|j|\u2606soccersniper\n|t:|1699851563\n|gametype|singles\n|player|p1|KirbyKillua|alec-anime|1622\n|player|p2|soccersniper|wally|1589\n|teamsize|p1|6\n|teamsize|p2|6\n|gen|9\n|tier|[Gen 9] OU\n|rated|\n|rule|Sleep Clause Mod: Limit one foe put to sleep\n|rule|Species Clause: Limit one of each Pok\u00e9mon\n|rule|OHKO Clause: OHKO moves are banned\n|rule|Evasion Items Clause: Evasion items are banned\n|rule|Evasion Moves Clause: Evasion moves are banned\n|rule|Endless Battle Clause: Forcing endless battles is banned\n|rule|HP Percentage Mod: HP is shown in percentages\n|clearpoke\n|poke|p1|Cinderace, M|\n|poke|p1|Meowscarada, M|\n|poke|p1|Ogerpon-Wellspring, F|\n|poke|p1|Ceruledge, M|\n|poke|p1|Iron Valiant|\n|poke|p1|Hatterene, F|\n|poke|p2|Garganacl, M|\n|poke|p2|Rillaboom, F|\n|poke|p2|Sneasler, F|\n|poke|p2|Ogerpon-Wellspring, F|\n|poke|p2|Greninja-*, M|\n|poke|p2|Landorus-Therian, M|\n|teampreview\n|inactive|Battle timer is ON: inactive players will automatically lose when time's up. (requested by KirbyKillua)\n|\n|t:|1699851589\n|start\n|switch|p1a: Alcremie's mom|Hatterene, F, shiny|100\/100\n|switch|p2a: Landorus|Landorus-Therian, M|100\/100\n|-ability|p2a: Landorus|Intimidate|boost\n|-unboost|p1a: Alcremie's mom|atk|1\n|turn|1\n|\n|t:|1699851597\n|move|p2a: Landorus|U-turn|p1a: Alcremie's mom\n|-damage|p1a: Alcremie's mom|80\/100\n|\n|t:|1699851599\n|switch|p2a: Rillaboom|Rillaboom, F|100\/100|[from] U-turn\n|-fieldstart|move: Grassy Terrain|[from] ability: Grassy Surge|[of] p2a: Rillaboom\n|move|p1a: Alcremie's mom|Calm Mind|p1a: Alcremie's mom\n|-boost|p1a: Alcremie's mom|spa|1\n|-boost|p1a: Alcremie's mom|spd|1\n|\n|-heal|p1a: Alcremie's mom|86\/100|[from] Grassy Terrain\n|-heal|p1a: Alcremie's mom|92\/100|[from] item: Leftovers\n|upkeep\n|turn|2\n|\n|t:|1699851605\n|move|p2a: Rillaboom|Wood Hammer|p1a: Alcremie's mom\n|-damage|p1a: Alcremie's mom|0 fnt\n|faint|p1a: Alcremie's mom\n|-damage|p2a: Rillaboom|72\/100|[from] Recoil\n|\n|-heal|p2a: Rillaboom|79\/100|[from] Grassy Terrain\n|upkeep\n|j| Roshino\n|\n|t:|1699851608\n|switch|p1a: Soulblades|Ceruledge, M|100\/100\n|turn|3\n|\n|t:|1699851618\n|switch|p2a: Garganacl|Garganacl, M|100\/100\n|move|p1a: Soulblades|Swords Dance|p1a: Soulblades\n|-boost|p1a: Soulblades|atk|2\n|\n|upkeep\n|turn|4\n|\n|t:|1699851643\n|-terastallize|p1a: Soulblades|Fighting\n|move|p1a: Soulblades|Close Combat|p2a: Garganacl\n|-supereffective|p2a: Garganacl\n|-damage|p2a: Garganacl|0 fnt\n|-unboost|p1a: Soulblades|def|1\n|-unboost|p1a: Soulblades|spd|1\n|faint|p2a: Garganacl\n|\n|upkeep\n|inactive|soccersniper has 120 seconds left.\n|inactive|soccersniper has 90 seconds left.\n|\n|t:|1699851721\n|switch|p2a: Landorus|Landorus-Therian, M|100\/100\n|-ability|p2a: Landorus|Intimidate|boost\n|-unboost|p1a: Soulblades|atk|1\n|turn|5\n|\n|t:|1699851730\n|move|p1a: Soulblades|Bitter Blade|p2a: Landorus\n|-damage|p2a: Landorus|53\/100\n|-damage|p1a: Soulblades|84\/100|[from] item: Rocky Helmet|[of] p2a: Landorus\n|move|p2a: Landorus|Earth Power|p1a: Soulblades\n|-damage|p1a: Soulblades|27\/100\n|\n|-heal|p1a: Soulblades|33\/100|[from] Grassy Terrain\n|-fieldend|move: Grassy Terrain\n|upkeep\n|turn|6\n|\n|t:|1699851746\n|move|p1a: Soulblades|Poltergeist|p2a: Landorus\n|-activate|p2a: Landorus|move: Poltergeist|Rocky Helmet\n|-damage|p2a: Landorus|0 fnt\n|faint|p2a: Landorus\n|\n|upkeep\n|\n|t:|1699851750\n|switch|p2a: Rillaboom|Rillaboom, F|79\/100\n|-fieldstart|move: Grassy Terrain|[from] ability: Grassy Surge|[of] p2a: Rillaboom\n|turn|7\n|\n|t:|1699851753\n|switch|p1a: Cinderace|Cinderace, M|100\/100\n|move|p2a: Rillaboom|Grassy Glide|p1a: Cinderace\n|-resisted|p1a: Cinderace\n|-damage|p1a: Cinderace|57\/100\n|\n|-heal|p1a: Cinderace|63\/100|[from] Grassy Terrain\n|-heal|p2a: Rillaboom|85\/100|[from] Grassy Terrain\n|upkeep\n|turn|8\n|inactive|soccersniper has 90 seconds left.\n|\n|t:|1699851779\n|switch|p2a: Sneasler|Sneasler, F|100\/100\n|-enditem|p2a: Sneasler|Grassy Seed\n|-boost|p2a: Sneasler|def|1|[from] item: Grassy Seed\n|move|p1a: Cinderace|U-turn|p2a: Sneasler\n|-start|p1a: Cinderace|typechange|Bug|[from] ability: Libero\n|-resisted|p2a: Sneasler\n|-damage|p2a: Sneasler|91\/100\n|\n|t:|1699851791\n|switch|p1a: Soulblades|Ceruledge, M, tera:Fighting|33\/100|[from] U-turn\n|\n|-heal|p2a: Sneasler|97\/100|[from] Grassy Terrain\n|-heal|p1a: Soulblades|40\/100|[from] Grassy Terrain\n|upkeep\n|turn|9\n|\n|t:|1699851807\n|move|p2a: Sneasler|Close Combat|p1a: Soulblades\n|-damage|p1a: Soulblades|0 fnt\n|-unboost|p2a: Sneasler|def|1\n|-unboost|p2a: Sneasler|spd|1\n|faint|p1a: Soulblades\n|\n|-heal|p2a: Sneasler|100\/100|[from] Grassy Terrain\n|upkeep\n|\n|t:|1699851828\n|switch|p1a: Cinderace|Cinderace, M|63\/100\n|turn|10\n|\n|t:|1699851832\n|move|p2a: Sneasler|Close Combat|p1a: Cinderace\n|-damage|p1a: Cinderace|0 fnt\n|-unboost|p2a: Sneasler|def|1\n|-unboost|p2a: Sneasler|spd|1\n|faint|p1a: Cinderace\n|\n|upkeep\n|\n|t:|1699851838\n|switch|p1a: Ogerpon|Ogerpon-Wellspring, F|100\/100\n|turn|11\n|\n|t:|1699851843\n|move|p2a: Sneasler|Dire Claw|p1a: Ogerpon\n|-supereffective|p1a: Ogerpon\n|-damage|p1a: Ogerpon|0 fnt\n|faint|p1a: Ogerpon\n|\n|-fieldend|move: Grassy Terrain\n|upkeep\n|\n|t:|1699851849\n|switch|p1a: Meowscarada|Meowscarada, M|100\/100\n|turn|12\n|\n|t:|1699851852\n|move|p2a: Sneasler|Close Combat|p1a: Meowscarada\n|-supereffective|p1a: Meowscarada\n|-damage|p1a: Meowscarada|0 fnt\n|-unboost|p2a: Sneasler|def|1\n|-unboost|p2a: Sneasler|spd|1\n|faint|p1a: Meowscarada\n|\n|upkeep\n|\n|t:|1699851853\n|switch|p1a: Iron Valiant|Iron Valiant|100\/100\n|-enditem|p1a: Iron Valiant|Booster Energy\n|-activate|p1a: Iron Valiant|ability: Quark Drive|[fromitem]\n|-start|p1a: Iron Valiant|quarkdrivespe\n|turn|13\n|-message|KirbyKillua forfeited.\n|\n|win|soccersniper\n|raw|KirbyKillua's rating: 1622 &rarr; <strong>1600<\/strong><br \/>(-22 for losing)\n|raw|soccersniper's rating: 1589 &rarr; <strong>1611<\/strong><br \/>(+22 for winning)\n|l|\u2606KirbyKillua\n","uploadtime":1699851931,"views":8,"p1id":"kirbykillua","p2id":"soccersniper","formatid":"gen9ou","rating":1600,"private":0,"password":""}