{"id":"gen9ou-1995587467","p1":"ARFALA","p2":"t114514","format":"[Gen 9] OU","log":"|j|\u2606ARFALA\n|j|\u2606t114514\n|t:|1700585269\n|gametype|singles\n|player|p1|ARFALA|pokemonbreederf-gen4|\n|player|p2|t114514|norman|\n|teamsize|p1|6\n|teamsize|p2|6\n|gen|9\n|tier|[Gen 9] OU\n|rule|Sleep Clause Mod: Limit one foe put to sleep\n|rule|Species Clause: Limit one of each Pok\u00e9mon\n|rule|OHKO Clause: OHKO moves are banned\n|rule|Evasion Items Clause: Evasion items are banned\n|rule|Evasion Moves Clause: Evasion moves are banned\n|rule|Endless Battle Clause: Forcing endless battles is banned\n|rule|HP Percentage Mod: HP is shown in percentages\n|clearpoke\n|poke|p1|Ninetales-Alola, F|\n|poke|p1|Mamoswine, F|\n|poke|p1|Weavile, F|\n|poke|p1|Froslass, F|\n|poke|p1|Rotom-Frost|\n|poke|p1|Cetitan, M|\n|poke|p2|Dragapult, F|\n|poke|p2|Dragonite, M|\n|poke|p2|Walking Wake|\n|poke|p2|Goodra-Hisui, M|\n|poke|p2|Garchomp, M|\n|poke|p2|Kommo-o, M|\n|teampreview\n|\n|t:|1700585277\n|start\n|switch|p1a: Froslass|Froslass, F|100\/100\n|switch|p2a: \u7b49\u6211\u5148\u70b9\u4e00\u4e2a\u9f99\u821e|Garchomp, M|100\/100\n|turn|1\n|\n|t:|1700585287\n|move|p1a: Froslass|Taunt|p2a: \u7b49\u6211\u5148\u70b9\u4e00\u4e2a\u9f99\u821e\n|-start|p2a: \u7b49\u6211\u5148\u70b9\u4e00\u4e2a\u9f99\u821e|move: Taunt\n|cant|p2a: \u7b49\u6211\u5148\u70b9\u4e00\u4e2a\u9f99\u821e|move: Taunt|Stealth Rock\n|\n|upkeep\n|turn|2\n|\n|t:|1700585309\n|move|p1a: Froslass|Spikes|p2a: \u7b49\u6211\u5148\u70b9\u4e00\u4e2a\u9f99\u821e\n|-sidestart|p2: t114514|Spikes\n|move|p2a: \u7b49\u6211\u5148\u70b9\u4e00\u4e2a\u9f99\u821e|Rock Slide|p1a: Froslass\n|-supereffective|p1a: Froslass\n|-crit|p1a: Froslass\n|-enditem|p1a: Froslass|Focus Sash\n|-damage|p1a: Froslass|1\/100\n|\n|upkeep\n|turn|3\n|\n|t:|1700585333\n|move|p1a: Froslass|Destiny Bond|p1a: Froslass\n|-singlemove|p1a: Froslass|Destiny Bond\n|move|p2a: \u7b49\u6211\u5148\u70b9\u4e00\u4e2a\u9f99\u821e|Rock Slide|p1a: Froslass\n|-supereffective|p1a: Froslass\n|-damage|p1a: Froslass|0 fnt\n|faint|p1a: Froslass\n|-activate|p1a: Froslass|move: Destiny Bond\n|faint|p2a: \u7b49\u6211\u5148\u70b9\u4e00\u4e2a\u9f99\u821e\n|\n|upkeep\n|\n|t:|1700585347\n|switch|p1a: Ninetales|Ninetales-Alola, F|100\/100\n|switch|p2a: \u61d2\u9f99|Goodra-Hisui, M|100\/100\n|-weather|Snow|[from] ability: Snow Warning|[of] p1a: Ninetales\n|-damage|p2a: \u61d2\u9f99|88\/100|[from] Spikes\n|turn|4\n|\n|t:|1700585358\n|-terastallize|p2a: \u61d2\u9f99|Steel\n|move|p1a: Ninetales|Aurora Veil|p1a: Ninetales\n|-sidestart|p1: ARFALA|move: Aurora Veil\n|move|p2a: \u61d2\u9f99|Curse|p2a: \u61d2\u9f99\n|-unboost|p2a: \u61d2\u9f99|spe|1\n|-boost|p2a: \u61d2\u9f99|atk|1\n|-boost|p2a: \u61d2\u9f99|def|1\n|\n|-weather|Snow|[upkeep]\n|-heal|p2a: \u61d2\u9f99|94\/100|[from] item: Leftovers\n|upkeep\n|turn|5\n|\n|t:|1700585375\n|move|p1a: Ninetales|Encore|p2a: \u61d2\u9f99\n|-start|p2a: \u61d2\u9f99|Encore\n|move|p2a: \u61d2\u9f99|Curse|p2a: \u61d2\u9f99\n|-unboost|p2a: \u61d2\u9f99|spe|1\n|-boost|p2a: \u61d2\u9f99|atk|1\n|-boost|p2a: \u61d2\u9f99|def|1\n|\n|-weather|Snow|[upkeep]\n|-heal|p2a: \u61d2\u9f99|99\/100|[from] item: Leftovers\n|upkeep\n|turn|6\n|\n|t:|1700585407\n|switch|p1a: Cetitan|Cetitan, M|100\/100\n|switch|p2a: \u4e00\u822c\u9f99|Dragonite, M|100\/100\n|\n|-weather|Snow|[upkeep]\n|upkeep\n|turn|7\n|\n|t:|1700585430\n|-terastallize|p1a: Cetitan|Fairy\n|move|p1a: Cetitan|Belly Drum|p1a: Cetitan\n|-damage|p1a: Cetitan|50\/100\n|-setboost|p1a: Cetitan|atk|6|[from] move: Belly Drum\n|-enditem|p1a: Cetitan|Sitrus Berry|[eat]\n|-heal|p1a: Cetitan|75\/100|[from] item: Sitrus Berry\n|move|p2a: \u4e00\u822c\u9f99|Giga Impact|p1a: Cetitan|[miss]\n|-miss|p2a: \u4e00\u822c\u9f99|p1a: Cetitan\n|\n|-weather|Snow|[upkeep]\n|upkeep\n|turn|8\n|\n|t:|1700585447\n|move|p1a: Cetitan|Play Rough|p2a: \u4e00\u822c\u9f99\n|-supereffective|p2a: \u4e00\u822c\u9f99\n|-damage|p2a: \u4e00\u822c\u9f99|0 fnt\n|faint|p2a: \u4e00\u822c\u9f99\n|\n|-weather|none\n|upkeep\n|\n|t:|1700585463\n|switch|p2a: \u61d2\u9f99|Goodra-Hisui, M, tera:Steel|99\/100\n|-damage|p2a: \u61d2\u9f99|88\/100|[from] Spikes\n|turn|9\n|\n|t:|1700585469\n|move|p1a: Cetitan|Earthquake|p2a: \u61d2\u9f99\n|-supereffective|p2a: \u61d2\u9f99\n|-damage|p2a: \u61d2\u9f99|0 fnt\n|faint|p2a: \u61d2\u9f99\n|\n|upkeep\n|\n|t:|1700585492\n|switch|p2a: \u201c\u5feb\u201d\u9f99|Dragapult, F|100\/100\n|-damage|p2a: \u201c\u5feb\u201d\u9f99|88\/100|[from] Spikes\n|turn|10\n|\n|t:|1700585502\n|move|p2a: \u201c\u5feb\u201d\u9f99|Protect|p2a: \u201c\u5feb\u201d\u9f99\n|-singleturn|p2a: \u201c\u5feb\u201d\u9f99|Protect\n|move|p1a: Cetitan|Ice Shard|p2a: \u201c\u5feb\u201d\u9f99\n|-activate|p2a: \u201c\u5feb\u201d\u9f99|move: Protect\n|\n|upkeep\n|turn|11\n|\n|t:|1700585519\n|switch|p2a: \u7279\u9f99|Walking Wake|100\/100\n|-damage|p2a: \u7279\u9f99|88\/100|[from] Spikes\n|move|p1a: Cetitan|Ice Shard|p2a: \u7279\u9f99\n|-damage|p2a: \u7279\u9f99|5\/100\n|\n|-sideend|p1: ARFALA|move: Aurora Veil\n|upkeep\n|turn|12\n|\n|t:|1700585531\n|move|p1a: Cetitan|Ice Shard|p2a: \u7279\u9f99\n|-damage|p2a: \u7279\u9f99|0 fnt\n|faint|p2a: \u7279\u9f99\n|-end|p2a: \u7279\u9f99|Protosynthesis|[silent]\n|\n|upkeep\n|\n|t:|1700585537\n|switch|p2a: \u6597\u9f99|Kommo-o, M|100\/100\n|-damage|p2a: \u6597\u9f99|88\/100|[from] Spikes\n|turn|13\n|\n|t:|1700585543\n|move|p1a: Cetitan|Ice Shard|p2a: \u6597\u9f99\n|-supereffective|p2a: \u6597\u9f99\n|-damage|p2a: \u6597\u9f99|0 fnt\n|faint|p2a: \u6597\u9f99\n|\n|upkeep\n|\n|t:|1700585547\n|switch|p2a: \u201c\u5feb\u201d\u9f99|Dragapult, F|88\/100\n|-damage|p2a: \u201c\u5feb\u201d\u9f99|76\/100|[from] Spikes\n|turn|14\n|\n|t:|1700585564\n|move|p1a: Cetitan|Ice Shard|p2a: \u201c\u5feb\u201d\u9f99\n|-supereffective|p2a: \u201c\u5feb\u201d\u9f99\n|-damage|p2a: \u201c\u5feb\u201d\u9f99|0 fnt\n|faint|p2a: \u201c\u5feb\u201d\u9f99\n|\n|win|ARFALA\n","uploadtime":1700585573,"views":4,"p1id":"arfala","p2id":"t114514","formatid":"gen9ou","rating":0,"private":0,"password":""}