{"id":"gen9ou-1993177956","p1":"PreacherTeacher","p2":"MoonRises","format":"[Gen 9] OU","log":"|j|\u2606PreacherTeacher\n|j|\u2606MoonRises\n|t:|1700274319\n|gametype|singles\n|player|p1|PreacherTeacher|170|1428\n|player|p2|MoonRises|lucas|1422\n|teamsize|p1|6\n|teamsize|p2|6\n|gen|9\n|tier|[Gen 9] OU\n|rated|\n|rule|Sleep Clause Mod: Limit one foe put to sleep\n|rule|Species Clause: Limit one of each Pok\u00e9mon\n|rule|OHKO Clause: OHKO moves are banned\n|rule|Evasion Items Clause: Evasion items are banned\n|rule|Evasion Moves Clause: Evasion moves are banned\n|rule|Endless Battle Clause: Forcing endless battles is banned\n|rule|HP Percentage Mod: HP is shown in percentages\n|clearpoke\n|poke|p1|Sneasler, M|\n|poke|p1|Rillaboom, F|\n|poke|p1|Zapdos|\n|poke|p1|Heatran, M|\n|poke|p1|Great Tusk|\n|poke|p1|Slowking, F|\n|poke|p2|Ogerpon-Wellspring, F|\n|poke|p2|Hoopa-Unbound|\n|poke|p2|Kingambit, M|\n|poke|p2|Scizor, M|\n|poke|p2|Iron Valiant|\n|poke|p2|Great Tusk|\n|teampreview\n|inactive|Battle timer is ON: inactive players will automatically lose when time's up. (requested by MoonRises)\n|\n|t:|1700274338\n|start\n|switch|p1a: Zapdos|Zapdos|100\/100\n|switch|p2a: Scizor|Scizor, M|100\/100\n|turn|1\n|\n|t:|1700274350\n|switch|p2a: Hoopa|Hoopa-Unbound|100\/100\n|move|p1a: Zapdos|Thunderbolt|p2a: Hoopa\n|-damage|p2a: Hoopa|76\/100\n|\n|upkeep\n|turn|2\n|\n|t:|1700274364\n|move|p1a: Zapdos|Volt Switch|p2a: Hoopa\n|-crit|p2a: Hoopa\n|-damage|p2a: Hoopa|51\/100\n|\n|t:|1700274368\n|switch|p1a: Heatran|Heatran, M|100\/100|[from] Volt Switch\n|move|p2a: Hoopa|Psychic|p1a: Heatran\n|-resisted|p1a: Heatran\n|-damage|p1a: Heatran|80\/100\n|\n|-heal|p1a: Heatran|86\/100|[from] item: Leftovers\n|upkeep\n|turn|3\n|\n|t:|1700274378\n|move|p2a: Hoopa|Drain Punch|p1a: Heatran\n|-supereffective|p1a: Heatran\n|-damage|p1a: Heatran|37\/100\n|-heal|p2a: Hoopa|83\/100|[from] drain|[of] p1a: Heatran\n|move|p1a: Heatran|Magma Storm|p2a: Hoopa\n|-damage|p2a: Hoopa|55\/100\n|-activate|p2a: Hoopa|move: Magma Storm|[of] p1a: Heatran\n|\n|-heal|p1a: Heatran|43\/100|[from] item: Leftovers\n|-damage|p2a: Hoopa|43\/100|[from] move: Magma Storm|[partiallytrapped]\n|upkeep\n|turn|4\n|\n|t:|1700274397\n|switch|p1a: Great Tusk|Great Tusk|100\/100\n|move|p2a: Hoopa|Drain Punch|p1a: Great Tusk\n|-damage|p1a: Great Tusk|81\/100\n|-heal|p2a: Hoopa|55\/100|[from] drain|[of] p1a: Great Tusk\n|\n|-end|p2a: Hoopa|Magma Storm|[partiallytrapped]|[silent]\n|upkeep\n|turn|5\n|\n|t:|1700274410\n|switch|p2a: Great Tusk|Great Tusk, shiny|100\/100\n|move|p1a: Great Tusk|Close Combat|p2a: Great Tusk\n|-damage|p2a: Great Tusk|73\/100\n|-unboost|p1a: Great Tusk|def|1\n|-unboost|p1a: Great Tusk|spd|1\n|-damage|p1a: Great Tusk|65\/100|[from] item: Rocky Helmet|[of] p2a: Great Tusk\n|\n|upkeep\n|turn|6\n|\n|t:|1700274420\n|-end|p1a: Great Tusk|Protosynthesis|[silent]\n|switch|p1a: Zapdos|Zapdos|100\/100\n|move|p2a: Great Tusk|Stealth Rock|p1a: Zapdos\n|-sidestart|p1: PreacherTeacher|move: Stealth Rock\n|\n|upkeep\n|turn|7\n|\n|t:|1700274430\n|-end|p2a: Great Tusk|Protosynthesis|[silent]\n|switch|p2a: Hoopa|Hoopa-Unbound|55\/100\n|move|p1a: Zapdos|Hurricane|p2a: Hoopa\n|-damage|p2a: Hoopa|29\/100\n|\n|upkeep\n|turn|8\n|\n|t:|1700274441\n|move|p1a: Zapdos|Volt Switch|p2a: Hoopa\n|-damage|p2a: Hoopa|12\/100\n|\n|t:|1700274444\n|switch|p1a: Heatran|Heatran, M|43\/100|[from] Volt Switch\n|-damage|p1a: Heatran|30\/100|[from] Stealth Rock\n|move|p2a: Hoopa|Knock Off|p1a: Heatran\n|-damage|p1a: Heatran|0 fnt\n|-enditem|p1a: Heatran|Leftovers|[from] move: Knock Off|[of] p2a: Hoopa\n|faint|p1a: Heatran\n|\n|upkeep\n|\n|t:|1700274449\n|switch|p1a: Zapdos|Zapdos|100\/100\n|turn|9\n|\n|t:|1700274456\n|move|p1a: Zapdos|Thunderbolt|p2a: Hoopa\n|-damage|p2a: Hoopa|0 fnt\n|faint|p2a: Hoopa\n|\n|upkeep\n|\n|t:|1700274482\n|switch|p2a: Scizor|Scizor, M|100\/100\n|turn|10\n|\n|t:|1700274487\n|move|p1a: Zapdos|Hurricane|p2a: Scizor\n|-damage|p2a: Scizor|41\/100\n|move|p2a: Scizor|Knock Off|p1a: Zapdos\n|-damage|p1a: Zapdos|69\/100\n|-status|p2a: Scizor|par|[from] ability: Static|[of] p1a: Zapdos\n|-enditem|p1a: Zapdos|Heavy-Duty Boots|[from] move: Knock Off|[of] p2a: Scizor\n|\n|upkeep\n|turn|11\n|\n|t:|1700274500\n|move|p2a: Scizor|Bullet Punch|p1a: Zapdos\n|-resisted|p1a: Zapdos\n|-damage|p1a: Zapdos|54\/100\n|move|p1a: Zapdos|Roost|p1a: Zapdos\n|-heal|p1a: Zapdos|100\/100\n|-singleturn|p1a: Zapdos|move: Roost\n|\n|upkeep\n|turn|12\n|\n|t:|1700274510\n|move|p1a: Zapdos|Thunderbolt|p2a: Scizor\n|-damage|p2a: Scizor|0 fnt\n|faint|p2a: Scizor\n|\n|upkeep\n|\n|t:|1700274515\n|switch|p2a: Kingambit|Kingambit, M, shiny|100\/100\n|-activate|p2a: Kingambit|ability: Supreme Overlord\n|-start|p2a: Kingambit|fallen2|[silent]\n|turn|13\n|\n|t:|1700274520\n|switch|p1a: Great Tusk|Great Tusk|65\/100\n|move|p2a: Kingambit|Swords Dance|p2a: Kingambit\n|-boost|p2a: Kingambit|atk|2\n|\n|upkeep\n|turn|14\n|\n|t:|1700274530\n|-terastallize|p2a: Kingambit|Flying\n|move|p1a: Great Tusk|Close Combat|p2a: Kingambit\n|-resisted|p2a: Kingambit\n|-crit|p2a: Kingambit\n|-damage|p2a: Kingambit|66\/100\n|-unboost|p1a: Great Tusk|def|1\n|-unboost|p1a: Great Tusk|spd|1\n|move|p2a: Kingambit|Iron Head|p1a: Great Tusk\n|-damage|p1a: Great Tusk|0 fnt\n|faint|p1a: Great Tusk\n|-end|p1a: Great Tusk|Protosynthesis|[silent]\n|\n|-heal|p2a: Kingambit|72\/100|[from] item: Leftovers\n|upkeep\n|\n|t:|1700274539\n|switch|p1a: Zapdos|Zapdos|100\/100\n|-damage|p1a: Zapdos|75\/100|[from] Stealth Rock\n|turn|15\n|\n|t:|1700274547\n|move|p2a: Kingambit|Sucker Punch||[still]\n|-fail|p2a: Kingambit\n|move|p1a: Zapdos|Roost|p1a: Zapdos\n|-heal|p1a: Zapdos|100\/100\n|-singleturn|p1a: Zapdos|move: Roost\n|\n|-heal|p2a: Kingambit|78\/100|[from] item: Leftovers\n|upkeep\n|turn|16\n|\n|t:|1700274557\n|move|p2a: Kingambit|Sucker Punch|p1a: Zapdos\n|-damage|p1a: Zapdos|6\/100\n|move|p1a: Zapdos|Thunderbolt|p2a: Kingambit\n|-supereffective|p2a: Kingambit\n|-damage|p2a: Kingambit|5\/100\n|-status|p2a: Kingambit|par\n|\n|-heal|p2a: Kingambit|11\/100 par|[from] item: Leftovers\n|upkeep\n|turn|17\n|\n|t:|1700274569\n|move|p1a: Zapdos|Thunderbolt|p2a: Kingambit\n|-supereffective|p2a: Kingambit\n|-damage|p2a: Kingambit|0 fnt\n|faint|p2a: Kingambit\n|-end|p2a: Kingambit|fallen2|[silent]\n|\n|upkeep\n|\n|t:|1700274576\n|switch|p2a: Iron Valiant|Iron Valiant, shiny|100\/100\n|turn|18\n|\n|t:|1700274596\n|move|p2a: Iron Valiant|Moonblast|p1a: Zapdos\n|-damage|p1a: Zapdos|0 fnt\n|faint|p1a: Zapdos\n|\n|upkeep\n|\n|t:|1700274600\n|switch|p1a: Rillaboom|Rillaboom, F|100\/100\n|-damage|p1a: Rillaboom|88\/100|[from] Stealth Rock\n|-fieldstart|move: Grassy Terrain|[from] ability: Grassy Surge|[of] p1a: Rillaboom\n|turn|19\n|\n|t:|1700274606\n|-terastallize|p1a: Rillaboom|Grass\n|move|p1a: Rillaboom|Grassy Glide|p2a: Iron Valiant\n|-damage|p2a: Iron Valiant|31\/100\n|move|p2a: Iron Valiant|Moonblast|p1a: Rillaboom\n|-damage|p1a: Rillaboom|37\/100\n|-unboost|p1a: Rillaboom|spa|1\n|\n|-heal|p2a: Iron Valiant|37\/100|[from] Grassy Terrain\n|-heal|p1a: Rillaboom|43\/100|[from] Grassy Terrain\n|upkeep\n|turn|20\n|\n|t:|1700274619\n|move|p1a: Rillaboom|Grassy Glide|p2a: Iron Valiant\n|-damage|p2a: Iron Valiant|0 fnt\n|faint|p2a: Iron Valiant\n|-end|p2a: Iron Valiant|Quark Drive|[silent]\n|\n|-heal|p1a: Rillaboom|49\/100|[from] Grassy Terrain\n|upkeep\n|\n|t:|1700274626\n|switch|p2a: Great Tusk|Great Tusk, shiny|73\/100\n|turn|21\n|\n|t:|1700274631\n|switch|p1a: Slowking|Slowking, F|100\/100\n|move|p2a: Great Tusk|Ice Spinner|p1a: Slowking\n|-resisted|p1a: Slowking\n|-damage|p1a: Slowking|88\/100\n|-fieldend|move: Grassy Terrain\n|\n|upkeep\n|turn|22\n|\n|t:|1700274640\n|move|p2a: Great Tusk|Earthquake|p1a: Slowking\n|-damage|p1a: Slowking|42\/100\n|move|p1a: Slowking|Future Sight|p2a: Great Tusk\n|-start|p1a: Slowking|move: Future Sight\n|\n|upkeep\n|turn|23\n|\n|t:|1700274646\n|move|p2a: Great Tusk|Earthquake|p1a: Slowking\n|-crit|p1a: Slowking\n|-damage|p1a: Slowking|0 fnt\n|faint|p1a: Slowking\n|\n|upkeep\n|\n|t:|1700274652\n|switch|p1a: Rillaboom|Rillaboom, F, tera:Grass|49\/100\n|-damage|p1a: Rillaboom|37\/100|[from] Stealth Rock\n|-fieldstart|move: Grassy Terrain|[from] ability: Grassy Surge|[of] p1a: Rillaboom\n|turn|24\n|\n|t:|1700274658\n|move|p1a: Rillaboom|Grassy Glide|p2a: Great Tusk\n|-supereffective|p2a: Great Tusk\n|-damage|p2a: Great Tusk|22\/100\n|-damage|p1a: Rillaboom|20\/100|[from] item: Rocky Helmet|[of] p2a: Great Tusk\n|move|p2a: Great Tusk|Ice Spinner|p1a: Rillaboom\n|-supereffective|p1a: Rillaboom\n|-damage|p1a: Rillaboom|0 fnt\n|-fieldend|move: Grassy Terrain\n|faint|p1a: Rillaboom\n|\n|-end|p2a: Great Tusk|move: Future Sight\n|-supereffective|p2a: Great Tusk\n|-damage|p2a: Great Tusk|0 fnt\n|faint|p2a: Great Tusk\n|-end|p2a: Great Tusk|Protosynthesis|[silent]\n|upkeep\n|\n|t:|1700274672\n|switch|p1a: Sneasler|Sneasler, M|100\/100\n|switch|p2a: Ogerpon|Ogerpon-Wellspring, F|100\/100\n|-damage|p1a: Sneasler|95\/100|[from] Stealth Rock\n|turn|25\n|\n|t:|1700274683\n|move|p2a: Ogerpon|Ivy Cudgel|p1a: Sneasler|[anim] Ivy Cudgel Water\n|-damage|p1a: Sneasler|2\/100\n|move|p1a: Sneasler|Gunk Shot|p2a: Ogerpon|[miss]\n|-miss|p1a: Sneasler|p2a: Ogerpon\n|\n|upkeep\n|turn|26\n|\n|t:|1700274691\n|move|p2a: Ogerpon|Ivy Cudgel|p1a: Sneasler|[anim] Ivy Cudgel Water\n|-damage|p1a: Sneasler|0 fnt\n|faint|p1a: Sneasler\n|\n|win|MoonRises\n|raw|PreacherTeacher's rating: 1452 &rarr; <strong>1430<\/strong><br \/>(-22 for losing)\n|raw|MoonRises's rating: 1422 &rarr; <strong>1444<\/strong><br \/>(+22 for winning)\n|c|\u2606MoonRises|ggs\n|l|\u2606PreacherTeacher\n","uploadtime":1700274714,"views":14,"p1id":"preacherteacher","p2id":"moonrises","formatid":"gen9ou","rating":1430,"private":0,"password":""}