{"id":"gen9ou-1997033449","p1":"Belgian hippo","p2":"frantoons","format":"[Gen 9] OU","log":"|j|\u203dBelgian hippo\n|j|\u2606frantoons\n|t:|1700757771\n|gametype|singles\n|player|p1|Belgian hippo|plasmagrunt|1319\n|player|p2|frantoons|blue-masters|1291\n|teamsize|p1|6\n|teamsize|p2|6\n|gen|9\n|tier|[Gen 9] OU\n|rated|\n|rule|Sleep Clause Mod: Limit one foe put to sleep\n|rule|Species Clause: Limit one of each Pok\u00e9mon\n|rule|OHKO Clause: OHKO moves are banned\n|rule|Evasion Items Clause: Evasion items are banned\n|rule|Evasion Moves Clause: Evasion moves are banned\n|rule|Endless Battle Clause: Forcing endless battles is banned\n|rule|HP Percentage Mod: HP is shown in percentages\n|clearpoke\n|poke|p1|Rillaboom, F|\n|poke|p1|Heatran, M|\n|poke|p1|Clodsire, F|\n|poke|p1|Samurott-Hisui, M|\n|poke|p1|Slowking-Galar, M|\n|poke|p1|Brambleghast, F|\n|poke|p2|Typhlosion-Hisui, F|\n|poke|p2|Greninja-*, M|\n|poke|p2|Skeledirge, F|\n|poke|p2|Ogerpon-Wellspring, F|\n|poke|p2|Enamorus, F|\n|poke|p2|Kingambit, M|\n|teampreview\n|inactive|Battle timer is ON: inactive players will automatically lose when time's up. (requested by Belgian hippo)\n|\n|t:|1700757793\n|start\n|switch|p1a: Slowking|Slowking-Galar, M|100\/100\n|switch|p2a: Greninja|Greninja, M|100\/100\n|turn|1\n|\n|t:|1700757801\n|move|p2a: Greninja|Dark Pulse|p1a: Slowking\n|-supereffective|p1a: Slowking\n|-damage|p1a: Slowking|27\/100\n|-damage|p2a: Greninja|91\/100|[from] item: Life Orb\n|cant|p1a: Slowking|flinch\n|\n|upkeep\n|turn|2\n|\n|t:|1700757805\n|switch|p1a: Samurott|Samurott-Hisui, M|100\/100\n|move|p2a: Greninja|Dark Pulse|p1a: Samurott\n|-resisted|p1a: Samurott\n|-damage|p1a: Samurott|79\/100\n|-damage|p2a: Greninja|81\/100|[from] item: Life Orb\n|\n|upkeep\n|turn|3\n|\n|t:|1700757814\n|switch|p2a: Ogerpon|Ogerpon-Wellspring, F|100\/100\n|move|p1a: Samurott|Sacred Sword|p2a: Ogerpon\n|-damage|p2a: Ogerpon|45\/100\n|\n|upkeep\n|turn|4\n|\n|t:|1700757820\n|switch|p1a: Slowking|Slowking-Galar, M|60\/100\n|move|p2a: Ogerpon|Power Whip|p1a: Slowking\n|-resisted|p1a: Slowking\n|-damage|p1a: Slowking|33\/100\n|\n|upkeep\n|turn|5\n|\n|t:|1700757829\n|switch|p1a: Rillaboom|Rillaboom, F|100\/100\n|-fieldstart|move: Grassy Terrain|[from] ability: Grassy Surge|[of] p1a: Rillaboom\n|move|p2a: Ogerpon|Ivy Cudgel|p1a: Rillaboom|[anim] Ivy Cudgel Water\n|-resisted|p1a: Rillaboom\n|-damage|p1a: Rillaboom|71\/100\n|\n|-heal|p2a: Ogerpon|51\/100|[from] Grassy Terrain\n|-heal|p1a: Rillaboom|77\/100|[from] Grassy Terrain\n|upkeep\n|turn|6\n|\n|t:|1700757837\n|switch|p2a: Typhlosion|Typhlosion-Hisui, F, shiny|100\/100\n|-item|p1a: Rillaboom|Choice Band|[from] ability: Frisk|[of] p2a: Typhlosion|[identify]\n|move|p1a: Rillaboom|Grassy Glide|p2a: Typhlosion\n|-resisted|p2a: Typhlosion\n|-damage|p2a: Typhlosion|61\/100\n|\n|-heal|p2a: Typhlosion|67\/100|[from] Grassy Terrain\n|-heal|p1a: Rillaboom|83\/100|[from] Grassy Terrain\n|upkeep\n|turn|7\n|\n|t:|1700757849\n|switch|p1a: Heatran|Heatran, M|100\/100\n|move|p2a: Typhlosion|Extrasensory|p1a: Heatran\n|-resisted|p1a: Heatran\n|-damage|p1a: Heatran|92\/100\n|\n|-heal|p2a: Typhlosion|73\/100|[from] Grassy Terrain\n|-heal|p1a: Heatran|98\/100|[from] Grassy Terrain\n|-heal|p1a: Heatran|100\/100|[from] item: Leftovers\n|upkeep\n|turn|8\n|\n|t:|1700757856\n|switch|p2a: Greninja|Greninja, M|81\/100\n|move|p1a: Heatran|Earth Power|p2a: Greninja\n|-damage|p2a: Greninja|37\/100\n|\n|-heal|p2a: Greninja|43\/100|[from] Grassy Terrain\n|upkeep\n|turn|9\n|\n|t:|1700757865\n|switch|p1a: Rillaboom|Rillaboom, F|83\/100\n|move|p2a: Greninja|Ice Beam|p1a: Rillaboom\n|-supereffective|p1a: Rillaboom\n|-damage|p1a: Rillaboom|0 fnt\n|faint|p1a: Rillaboom\n|-ability|p2a: Greninja|Battle Bond|boost\n|-boost|p2a: Greninja|atk|1\n|-boost|p2a: Greninja|spa|1\n|-boost|p2a: Greninja|spe|1\n|-activate|p2a: Greninja|ability: Battle Bond\n|-damage|p2a: Greninja|33\/100|[from] item: Life Orb\n|\n|-heal|p2a: Greninja|39\/100|[from] Grassy Terrain\n|-fieldend|move: Grassy Terrain\n|upkeep\n|\n|t:|1700757871\n|switch|p1a: Samurott|Samurott-Hisui, M|79\/100\n|turn|10\n|\n|t:|1700757877\n|move|p2a: Greninja|Surf|p1a: Samurott\n|-resisted|p1a: Samurott\n|-damage|p1a: Samurott|37\/100\n|-damage|p2a: Greninja|29\/100|[from] item: Life Orb\n|move|p1a: Samurott|Sacred Sword|p2a: Greninja\n|-supereffective|p2a: Greninja\n|-damage|p2a: Greninja|0 fnt\n|faint|p2a: Greninja\n|\n|upkeep\n|\n|t:|1700757881\n|switch|p2a: Typhlosion|Typhlosion-Hisui, F, shiny|73\/100\n|-item|p1a: Samurott|Assault Vest|[from] ability: Frisk|[of] p2a: Typhlosion|[identify]\n|turn|11\n|\n|t:|1700757885\n|-terastallize|p2a: Typhlosion|Grass\n|move|p2a: Typhlosion|Focus Blast|p1a: Samurott|[miss]\n|-miss|p2a: Typhlosion|p1a: Samurott\n|move|p1a: Samurott|Ceaseless Edge|p2a: Typhlosion\n|-damage|p2a: Typhlosion|5\/100\n|-sidestart|p2: frantoons|Spikes\n|\n|upkeep\n|turn|12\n|\n|t:|1700757889\n|move|p1a: Samurott|Aqua Jet|p2a: Typhlosion\n|-resisted|p2a: Typhlosion\n|-damage|p2a: Typhlosion|0 fnt\n|faint|p2a: Typhlosion\n|\n|upkeep\n|\n|t:|1700757893\n|switch|p2a: Enamorus|Enamorus, F|100\/100\n|turn|13\n|\n|t:|1700757900\n|move|p1a: Samurott|Aqua Jet|p2a: Enamorus\n|-damage|p2a: Enamorus|72\/100\n|move|p2a: Enamorus|Moonblast|p1a: Samurott\n|-supereffective|p1a: Samurott\n|-damage|p1a: Samurott|0 fnt\n|faint|p1a: Samurott\n|\n|upkeep\n|\n|t:|1700757909\n|switch|p1a: Slowking|Slowking-Galar, M|66\/100\n|turn|14\n|\n|t:|1700757914\n|switch|p2a: Kingambit|Kingambit, M, shiny|100\/100\n|-damage|p2a: Kingambit|88\/100|[from] Spikes\n|-activate|p2a: Kingambit|ability: Supreme Overlord\n|-start|p2a: Kingambit|fallen2|[silent]\n|move|p1a: Slowking|Sludge Bomb|p2a: Kingambit\n|-immune|p2a: Kingambit\n|\n|upkeep\n|turn|15\n|\n|t:|1700757927\n|-terastallize|p1a: Slowking|Poison\n|move|p2a: Kingambit|Swords Dance|p2a: Kingambit\n|-boost|p2a: Kingambit|atk|2\n|move|p1a: Slowking|Flamethrower|p2a: Kingambit\n|-supereffective|p2a: Kingambit\n|-crit|p2a: Kingambit\n|-damage|p2a: Kingambit|8\/100\n|\n|upkeep\n|turn|16\n|\n|t:|1700757947\n|move|p2a: Kingambit|Kowtow Cleave|p1a: Slowking\n|-damage|p1a: Slowking|0 fnt\n|faint|p1a: Slowking\n|\n|upkeep\n|\n|t:|1700757949\n|switch|p1a: Clodsire|Clodsire, F|100\/100\n|turn|17\n|\n|t:|1700757953\n|move|p2a: Kingambit|Kowtow Cleave|p1a: Clodsire\n|-damage|p1a: Clodsire|31\/100\n|move|p1a: Clodsire|High Horsepower|p2a: Kingambit\n|-supereffective|p2a: Kingambit\n|-damage|p2a: Kingambit|0 fnt\n|faint|p2a: Kingambit\n|-end|p2a: Kingambit|fallen2|[silent]\n|\n|-heal|p1a: Clodsire|37\/100|[from] item: Leftovers\n|upkeep\n|\n|t:|1700757958\n|switch|p2a: Ogerpon|Ogerpon-Wellspring, F|51\/100\n|-damage|p2a: Ogerpon|38\/100|[from] Spikes\n|turn|18\n|\n|t:|1700757965\n|switch|p2a: Skeledirge|Skeledirge, F|100\/100\n|switch|p1a: Brambleghast|Brambleghast, F|100\/100\n|\n|upkeep\n|turn|19\n|\n|t:|1700757968\n|switch|p1a: Heatran|Heatran, M|100\/100\n|move|p2a: Skeledirge|Torch Song|p1a: Heatran\n|-start|p1a: Heatran|ability: Flash Fire\n|\n|upkeep\n|turn|20\n|\n|t:|1700757975\n|move|p1a: Heatran|Lava Plume|p2a: Skeledirge\n|-resisted|p2a: Skeledirge\n|-damage|p2a: Skeledirge|81\/100\n|move|p2a: Skeledirge|Hex|p1a: Heatran\n|-damage|p1a: Heatran|85\/100\n|\n|-heal|p1a: Heatran|91\/100|[from] item: Leftovers\n|upkeep\n|turn|21\n|\n|t:|1700757980\n|switch|p2a: Enamorus|Enamorus, F|72\/100\n|move|p1a: Heatran|Earth Power|p2a: Enamorus\n|-immune|p2a: Enamorus\n|\n|-heal|p1a: Heatran|97\/100|[from] item: Leftovers\n|upkeep\n|turn|22\n|\n|t:|1700757990\n|-end|p1a: Heatran|ability: Flash Fire|[silent]\n|switch|p1a: Brambleghast|Brambleghast, F|100\/100\n|move|p2a: Enamorus|Earth Power|p1a: Brambleghast\n|-resisted|p1a: Brambleghast\n|-damage|p1a: Brambleghast|55\/100\n|\n|upkeep\n|turn|23\n|\n|t:|1700757993\n|move|p2a: Enamorus|Earth Power|p1a: Brambleghast\n|-resisted|p1a: Brambleghast\n|-damage|p1a: Brambleghast|12\/100\n|move|p1a: Brambleghast|Poltergeist|p2a: Enamorus\n|-activate|p2a: Enamorus|move: Poltergeist|Choice Specs\n|-damage|p2a: Enamorus|0 fnt\n|faint|p2a: Enamorus\n|\n|upkeep\n|\n|t:|1700757997\n|switch|p2a: Ogerpon|Ogerpon-Wellspring, F|38\/100\n|-damage|p2a: Ogerpon|26\/100|[from] Spikes\n|turn|24\n|\n|t:|1700758004\n|move|p2a: Ogerpon|Play Rough|p1a: Brambleghast\n|-damage|p1a: Brambleghast|0 fnt\n|faint|p1a: Brambleghast\n|\n|upkeep\n|\n|t:|1700758009\n|switch|p1a: Heatran|Heatran, M|97\/100\n|turn|25\n|\n|t:|1700758015\n|move|p2a: Ogerpon|Ivy Cudgel|p1a: Heatran|[anim] Ivy Cudgel Water\n|-supereffective|p1a: Heatran\n|-damage|p1a: Heatran|0 fnt\n|faint|p1a: Heatran\n|\n|upkeep\n|\n|t:|1700758018\n|switch|p1a: Clodsire|Clodsire, F|37\/100\n|turn|26\n|\n|t:|1700758020\n|move|p2a: Ogerpon|Ivy Cudgel|p1a: Clodsire|[anim] Ivy Cudgel Water\n|-supereffective|p1a: Clodsire\n|-damage|p1a: Clodsire|0 fnt\n|faint|p1a: Clodsire\n|\n|win|frantoons\n|raw|Belgian hippo's rating: 1319 &rarr; <strong>1297<\/strong><br \/>(-22 for losing)\n|raw|frantoons's rating: 1291 &rarr; <strong>1318<\/strong><br \/>(+27 for winning)\n|l|\u203dBelgian hippo\n|c|\u2606frantoons|cfffffffff\n","uploadtime":1700758030,"views":8,"p1id":"belgianhippo","p2id":"frantoons","formatid":"gen9ou","rating":1297,"private":0,"password":""}