{"id":"gen9ou-1994195386","p1":"gregoisback_","p2":"cab3to","format":"[Gen 9] OU","log":"|j|\u2606gregoisback_\n|j|\u2606cab3to\n|t:|1700417653\n|gametype|singles\n|player|p1|gregoisback_|nate|1256\n|player|p2|cab3to|102|1225\n|teamsize|p1|6\n|teamsize|p2|6\n|gen|9\n|tier|[Gen 9] OU\n|rated|\n|rule|Sleep Clause Mod: Limit one foe put to sleep\n|rule|Species Clause: Limit one of each Pok\u00e9mon\n|rule|OHKO Clause: OHKO moves are banned\n|rule|Evasion Items Clause: Evasion items are banned\n|rule|Evasion Moves Clause: Evasion moves are banned\n|rule|Endless Battle Clause: Forcing endless battles is banned\n|rule|HP Percentage Mod: HP is shown in percentages\n|clearpoke\n|poke|p1|Ribombee, F|\n|poke|p1|Great Tusk|\n|poke|p1|Gholdengo|\n|poke|p1|Manaphy|\n|poke|p1|Kingambit, F|\n|poke|p1|Iron Moth|\n|poke|p2|Ceruledge, F|\n|poke|p2|Heatran, F|\n|poke|p2|Ninetales, M|\n|poke|p2|Volcanion|\n|poke|p2|Moltres|\n|poke|p2|Cinderace, F|\n|teampreview\n|\n|t:|1700417682\n|start\n|switch|p1a: Manaphy|Manaphy|100\/100\n|switch|p2a: Ceruledge|Ceruledge, F|100\/100\n|turn|1\n|\n|t:|1700417701\n|switch|p2a: Ninetales|Ninetales, M|100\/100\n|-weather|SunnyDay|[from] ability: Drought|[of] p2a: Ninetales\n|move|p1a: Manaphy|Acid Armor|p1a: Manaphy\n|-boost|p1a: Manaphy|def|2\n|\n|-weather|SunnyDay|[upkeep]\n|upkeep\n|turn|2\n|\n|t:|1700417716\n|switch|p2a: Cinderace|Cinderace, F|100\/100\n|move|p1a: Manaphy|Take Heart|p1a: Manaphy\n|-boost|p1a: Manaphy|spa|1\n|-boost|p1a: Manaphy|spd|1\n|\n|-weather|SunnyDay|[upkeep]\n|upkeep\n|turn|3\n|\n|t:|1700417724\n|-terastallize|p1a: Manaphy|Dragon\n|move|p2a: Cinderace|U-turn|p1a: Manaphy\n|-start|p2a: Cinderace|typechange|Bug|[from] ability: Libero\n|-damage|p1a: Manaphy|81\/100\n|\n|t:|1700417740\n|switch|p2a: Volcanion|Volcanion|100\/100|[from] U-turn\n|move|p1a: Manaphy|Acid Armor|p1a: Manaphy\n|-boost|p1a: Manaphy|def|2\n|\n|-weather|SunnyDay|[upkeep]\n|-heal|p1a: Manaphy|87\/100|[from] item: Leftovers\n|upkeep\n|turn|4\n|\n|t:|1700417764\n|move|p1a: Manaphy|Take Heart|p1a: Manaphy\n|-boost|p1a: Manaphy|spa|1\n|-boost|p1a: Manaphy|spd|1\n|move|p2a: Volcanion|Roar|p1a: Manaphy\n|drag|p1a: Gholdengo|Gholdengo|100\/100\n|-item|p1a: Gholdengo|Air Balloon\n|\n|-weather|SunnyDay|[upkeep]\n|upkeep\n|turn|5\n|\n|t:|1700417777\n|switch|p1a: Manaphy|Manaphy, tera:Dragon|87\/100\n|move|p2a: Volcanion|Flamethrower|p1a: Manaphy\n|-resisted|p1a: Manaphy\n|-damage|p1a: Manaphy|55\/100\n|\n|-weather|SunnyDay|[upkeep]\n|-heal|p1a: Manaphy|61\/100|[from] item: Leftovers\n|upkeep\n|turn|6\n|\n|t:|1700417794\n|switch|p1a: Iron Moth|Iron Moth|100\/100\n|-enditem|p1a: Iron Moth|Booster Energy\n|-activate|p1a: Iron Moth|ability: Quark Drive|[fromitem]\n|-start|p1a: Iron Moth|quarkdrivespe\n|move|p2a: Volcanion|Roar|p1a: Iron Moth\n|-end|p1a: Iron Moth|Quark Drive|[silent]\n|drag|p1a: Great Tusk|Great Tusk|100\/100\n|-activate|p1a: Great Tusk|ability: Protosynthesis\n|-start|p1a: Great Tusk|protosynthesisatk\n|\n|-weather|SunnyDay|[upkeep]\n|upkeep\n|turn|7\n|\n|t:|1700417809\n|switch|p2a: Moltres|Moltres|100\/100\n|move|p1a: Great Tusk|Earthquake|p2a: Moltres\n|-immune|p2a: Moltres\n|\n|-weather|SunnyDay|[upkeep]\n|upkeep\n|turn|8\n|\n|t:|1700417817\n|-end|p1a: Great Tusk|Protosynthesis|[silent]\n|switch|p1a: Iron Moth|Iron Moth|100\/100\n|move|p2a: Moltres|Air Slash|p1a: Iron Moth\n|-damage|p1a: Iron Moth|69\/100\n|\n|-weather|none\n|upkeep\n|turn|9\n|\n|t:|1700417828\n|switch|p2a: Heatran|Heatran, F|100\/100\n|move|p1a: Iron Moth|Substitute|p1a: Iron Moth\n|-start|p1a: Iron Moth|Substitute\n|-damage|p1a: Iron Moth|44\/100\n|\n|upkeep\n|turn|10\n|\n|t:|1700417843\n|-end|p1a: Iron Moth|Quark Drive|[silent]\n|switch|p1a: Manaphy|Manaphy, tera:Dragon|61\/100\n|move|p2a: Heatran|Dark Pulse|p1a: Manaphy\n|-damage|p1a: Manaphy|39\/100\n|\n|-heal|p1a: Manaphy|45\/100|[from] item: Leftovers\n|upkeep\n|turn|11\n|\n|t:|1700417856\n|switch|p2a: Volcanion|Volcanion|100\/100\n|move|p1a: Manaphy|Take Heart|p1a: Manaphy\n|-boost|p1a: Manaphy|spa|1\n|-boost|p1a: Manaphy|spd|1\n|\n|-heal|p1a: Manaphy|51\/100|[from] item: Leftovers\n|upkeep\n|turn|12\n|\n|t:|1700417868\n|move|p1a: Manaphy|Stored Power|p2a: Volcanion\n|-damage|p2a: Volcanion|77\/100\n|move|p2a: Volcanion|Roar|p1a: Manaphy\n|drag|p1a: Iron Moth|Iron Moth|44\/100\n|\n|upkeep\n|turn|13\n|\n|t:|1700417879\n|-end|p1a: Iron Moth|Quark Drive|[silent]\n|switch|p1a: Ribombee|Ribombee, F|100\/100\n|move|p2a: Volcanion|Steam Eruption|p1a: Ribombee\n|-enditem|p1a: Ribombee|Focus Sash\n|-damage|p1a: Ribombee|1\/100\n|\n|upkeep\n|turn|14\n|\n|t:|1700417890\n|move|p1a: Ribombee|Sticky Web|p2a: Volcanion\n|-sidestart|p2: cab3to|move: Sticky Web\n|move|p2a: Volcanion|Flamethrower|p1a: Ribombee\n|-supereffective|p1a: Ribombee\n|-damage|p1a: Ribombee|0 fnt\n|faint|p1a: Ribombee\n|\n|upkeep\n|\n|t:|1700417895\n|switch|p1a: Great Tusk|Great Tusk|100\/100\n|turn|15\n|\n|t:|1700417900\n|switch|p2a: Moltres|Moltres|100\/100\n|move|p1a: Great Tusk|Bulk Up|p1a: Great Tusk\n|-boost|p1a: Great Tusk|atk|1\n|-boost|p1a: Great Tusk|def|1\n|\n|upkeep\n|turn|16\n|\n|t:|1700417908\n|move|p2a: Moltres|Air Slash|p1a: Great Tusk\n|-supereffective|p1a: Great Tusk\n|-damage|p1a: Great Tusk|9\/100\n|move|p1a: Great Tusk|Ice Spinner|p2a: Moltres\n|-damage|p2a: Moltres|59\/100\n|-damage|p1a: Great Tusk|0 fnt|[from] item: Rocky Helmet|[of] p2a: Moltres\n|faint|p1a: Great Tusk\n|-end|p1a: Great Tusk|Protosynthesis|[silent]\n|\n|upkeep\n|\n|t:|1700417916\n|switch|p1a: Manaphy|Manaphy, tera:Dragon|51\/100\n|turn|17\n|\n|t:|1700417926\n|move|p1a: Manaphy|Take Heart|p1a: Manaphy\n|-boost|p1a: Manaphy|spa|1\n|-boost|p1a: Manaphy|spd|1\n|move|p2a: Moltres|Air Slash|p1a: Manaphy\n|-damage|p1a: Manaphy|33\/100\n|\n|-heal|p1a: Manaphy|39\/100|[from] item: Leftovers\n|upkeep\n|turn|18\n|inactive|Battle timer is ON: inactive players will automatically lose when time's up. (requested by gregoisback_)\n|inactive|cab3to has 120 seconds left.\n|inactive|cab3to has 90 seconds left.\n|inactive|cab3to has 60 seconds left.\n|inactive|cab3to has 30 seconds left.\n|inactive|cab3to has 20 seconds left.\n|\n|t:|1700418093\n|move|p1a: Manaphy|Take Heart|p1a: Manaphy\n|-boost|p1a: Manaphy|spa|1\n|-boost|p1a: Manaphy|spd|1\n|move|p2a: Moltres|Air Slash|p1a: Manaphy\n|-damage|p1a: Manaphy|26\/100\n|\n|-heal|p1a: Manaphy|33\/100|[from] item: Leftovers\n|upkeep\n|turn|19\n|\n|t:|1700418106\n|switch|p2a: Cinderace|Cinderace, F|100\/100\n|-activate|p2a: Cinderace|move: Sticky Web\n|-unboost|p2a: Cinderace|spe|1\n|move|p1a: Manaphy|Take Heart|p1a: Manaphy\n|-boost|p1a: Manaphy|spa|1\n|-boost|p1a: Manaphy|spd|1\n|\n|-heal|p1a: Manaphy|39\/100|[from] item: Leftovers\n|upkeep\n|turn|20\n|\n|t:|1700418117\n|move|p1a: Manaphy|Scald|p2a: Cinderace\n|-supereffective|p2a: Cinderace\n|-damage|p2a: Cinderace|0 fnt\n|faint|p2a: Cinderace\n|\n|-heal|p1a: Manaphy|45\/100|[from] item: Leftovers\n|upkeep\n|-message|cab3to forfeited.\n|\n|win|gregoisback_\n|raw|gregoisback_'s rating: 1256 &rarr; <strong>1279<\/strong><br \/>(+23 for winning)\n|raw|cab3to's rating: 1225 &rarr; <strong>1202<\/strong><br \/>(-23 for losing)\n|l|\u2606cab3to\n","uploadtime":1700418128,"views":9,"p1id":"gregoisback","p2id":"cab3to","formatid":"gen9ou","rating":1202,"private":0,"password":""}