{"id":"gen9ou-1989926620","p1":"Hultygoat","p2":"SweetH0ney","format":"[Gen 9] OU","log":"|j|\u2606Hultygoat\n|j|\u2606SweetH0ney\n|t:|1699907369\n|gametype|singles\n|player|p1|Hultygoat|clown|1058\n|player|p2|SweetH0ney|2|1000\n|teamsize|p1|6\n|teamsize|p2|6\n|gen|9\n|tier|[Gen 9] OU\n|rated|\n|rule|Sleep Clause Mod: Limit one foe put to sleep\n|rule|Species Clause: Limit one of each Pok\u00e9mon\n|rule|OHKO Clause: OHKO moves are banned\n|rule|Evasion Items Clause: Evasion items are banned\n|rule|Evasion Moves Clause: Evasion moves are banned\n|rule|Endless Battle Clause: Forcing endless battles is banned\n|rule|HP Percentage Mod: HP is shown in percentages\n|clearpoke\n|poke|p1|Ribombee, M|\n|poke|p1|Manaphy|\n|poke|p1|Kingambit, M|\n|poke|p1|Gholdengo|\n|poke|p1|Iron Moth|\n|poke|p1|Ogerpon-Wellspring, F|\n|poke|p2|Mimikyu, M|\n|poke|p2|Frosmoth, F|\n|poke|p2|Iron Valiant|\n|poke|p2|Dondozo, M|\n|poke|p2|Armarouge, M|\n|poke|p2|Tinkaton, F|\n|teampreview\n|inactive|Battle timer is ON: inactive players will automatically lose when time's up. (requested by Hultygoat)\n|\n|t:|1699907380\n|start\n|switch|p1a: Papillon insect|Ribombee, M, shiny|100\/100\n|switch|p2a: Tinky pinky|Tinkaton, F|100\/100\n|-ability|p2a: Tinky pinky|Mold Breaker\n|turn|1\n|\n|t:|1699907389\n|move|p1a: Papillon insect|Stun Spore|p2a: Tinky pinky\n|-status|p2a: Tinky pinky|par\n|move|p2a: Tinky pinky|Gigaton Hammer|p1a: Papillon insect\n|-supereffective|p1a: Papillon insect\n|-enditem|p1a: Papillon insect|Focus Sash\n|-damage|p1a: Papillon insect|1\/100\n|\n|upkeep\n|turn|2\n|\n|t:|1699907398\n|move|p1a: Papillon insect|Sticky Web|p2a: Tinky pinky\n|-sidestart|p2: SweetH0ney|move: Sticky Web\n|cant|p2a: Tinky pinky|par\n|\n|upkeep\n|turn|3\n|\n|t:|1699907402\n|move|p1a: Papillon insect|Psychic|p2a: Tinky pinky\n|-resisted|p2a: Tinky pinky\n|-damage|p2a: Tinky pinky|87\/100 par\n|move|p2a: Tinky pinky|Play Rough|p1a: Papillon insect\n|-damage|p1a: Papillon insect|0 fnt\n|faint|p1a: Papillon insect\n|\n|upkeep\n|\n|t:|1699907408\n|switch|p1a: Queue lumineuse|Manaphy|100\/100\n|turn|4\n|\n|t:|1699907416\n|move|p1a: Queue lumineuse|Tail Glow|p1a: Queue lumineuse\n|-boost|p1a: Queue lumineuse|spa|3\n|move|p2a: Tinky pinky|Gigaton Hammer|p1a: Queue lumineuse\n|-resisted|p1a: Queue lumineuse\n|-damage|p1a: Queue lumineuse|68\/100\n|\n|-heal|p1a: Queue lumineuse|74\/100|[from] item: Leftovers\n|upkeep\n|turn|5\n|\n|t:|1699907427\n|switch|p2a: cozy bozy|Frosmoth, F|100\/100\n|-activate|p2a: cozy bozy|move: Sticky Web\n|-unboost|p2a: cozy bozy|spe|1\n|move|p1a: Queue lumineuse|Scald|p2a: cozy bozy\n|-crit|p2a: cozy bozy\n|-damage|p2a: cozy bozy|31\/100\n|\n|-heal|p1a: Queue lumineuse|80\/100|[from] item: Leftovers\n|upkeep\n|turn|6\n|\n|t:|1699907437\n|move|p1a: Queue lumineuse|Scald|p2a: cozy bozy\n|-damage|p2a: cozy bozy|0 fnt\n|faint|p2a: cozy bozy\n|\n|-heal|p1a: Queue lumineuse|86\/100|[from] item: Leftovers\n|upkeep\n|\n|t:|1699907439\n|switch|p2a: EGG BOT|Iron Valiant|100\/100\n|-activate|p2a: EGG BOT|move: Sticky Web\n|-unboost|p2a: EGG BOT|spe|1\n|-enditem|p2a: EGG BOT|Booster Energy\n|-activate|p2a: EGG BOT|ability: Quark Drive|[fromitem]\n|-start|p2a: EGG BOT|quarkdriveatk\n|turn|7\n|\n|t:|1699907443\n|move|p1a: Queue lumineuse|Energy Ball|p2a: EGG BOT\n|-damage|p2a: EGG BOT|0 fnt\n|faint|p2a: EGG BOT\n|-end|p2a: EGG BOT|Quark Drive|[silent]\n|\n|-heal|p1a: Queue lumineuse|92\/100|[from] item: Leftovers\n|upkeep\n|\n|t:|1699907446\n|switch|p2a: fishy|Dondozo, M|100\/100\n|-activate|p2a: fishy|move: Sticky Web\n|-unboost|p2a: fishy|spe|1\n|turn|8\n|\n|t:|1699907453\n|move|p1a: Queue lumineuse|Energy Ball|p2a: fishy\n|-supereffective|p2a: fishy\n|-damage|p2a: fishy|43\/100\n|move|p2a: fishy|Body Press|p1a: Queue lumineuse\n|-damage|p1a: Queue lumineuse|68\/100\n|\n|-heal|p1a: Queue lumineuse|74\/100|[from] item: Leftovers\n|-heal|p2a: fishy|50\/100|[from] item: Leftovers\n|upkeep\n|turn|9\n|\n|t:|1699907459\n|move|p1a: Queue lumineuse|Energy Ball|p2a: fishy\n|-supereffective|p2a: fishy\n|-damage|p2a: fishy|0 fnt\n|faint|p2a: fishy\n|\n|-heal|p1a: Queue lumineuse|80\/100|[from] item: Leftovers\n|upkeep\n|\n|t:|1699907462\n|switch|p2a: miming|Mimikyu, M|100\/100\n|-activate|p2a: miming|move: Sticky Web\n|-unboost|p2a: miming|spe|1\n|turn|10\n|\n|t:|1699907468\n|-terastallize|p2a: miming|Ghost\n|move|p1a: Queue lumineuse|Stored Power|p2a: miming\n|-activate|p2a: miming|ability: Disguise\n|-damage|p2a: miming|100\/100\n|detailschange|p2a: miming|Mimikyu-Busted, M, tera:Ghost\n|-damage|p2a: miming|88\/100|[from] pokemon: Mimikyu-Busted\n|move|p2a: miming|Shadow Claw|p1a: Queue lumineuse\n|-damage|p1a: Queue lumineuse|30\/100\n|-damage|p2a: miming|78\/100|[from] item: Life Orb\n|\n|-heal|p1a: Queue lumineuse|36\/100|[from] item: Leftovers\n|upkeep\n|turn|11\n|\n|t:|1699907479\n|move|p1a: Queue lumineuse|Scald|p2a: miming\n|-damage|p2a: miming|0 fnt\n|faint|p2a: miming\n|\n|-heal|p1a: Queue lumineuse|42\/100|[from] item: Leftovers\n|upkeep\n|\n|t:|1699907482\n|switch|p2a: Tinky pinky|Tinkaton, F|87\/100 par\n|-activate|p2a: Tinky pinky|move: Sticky Web\n|-unboost|p2a: Tinky pinky|spe|1\n|-ability|p2a: Tinky pinky|Mold Breaker\n|turn|12\n|\n|t:|1699907486\n|move|p1a: Queue lumineuse|Energy Ball|p2a: Tinky pinky\n|-resisted|p2a: Tinky pinky\n|-damage|p2a: Tinky pinky|47\/100 par\n|-unboost|p2a: Tinky pinky|spd|1\n|move|p2a: Tinky pinky|Play Rough|p1a: Queue lumineuse\n|-damage|p1a: Queue lumineuse|10\/100\n|\n|-heal|p1a: Queue lumineuse|16\/100|[from] item: Leftovers\n|upkeep\n|turn|13\n|\n|t:|1699907490\n|move|p1a: Queue lumineuse|Scald|p2a: Tinky pinky\n|-damage|p2a: Tinky pinky|0 fnt\n|faint|p2a: Tinky pinky\n|\n|-heal|p1a: Queue lumineuse|23\/100|[from] item: Leftovers\n|upkeep\n|\n|t:|1699907493\n|switch|p2a: punchy|Armarouge, M|100\/100\n|-activate|p2a: punchy|move: Sticky Web\n|-unboost|p2a: punchy|spe|1\n|turn|14\n|\n|t:|1699907496\n|move|p1a: Queue lumineuse|Scald|p2a: punchy\n|-supereffective|p2a: punchy\n|-damage|p2a: punchy|0 fnt\n|faint|p2a: punchy\n|\n|win|Hultygoat\n|raw|Hultygoat's rating: 1058 &rarr; <strong>1084<\/strong><br \/>(+26 for winning)\n|raw|SweetH0ney's rating: 1000 &rarr; <strong>1000<\/strong><br \/>(+0 for losing)\n|l|\u2606SweetH0ney\n","uploadtime":1699907501,"views":39,"p1id":"hultygoat","p2id":"sweeth0ney","formatid":"gen9ou","rating":1000,"private":0,"password":""}