{"id":"gen9ou-1999797953","p1":"TallGuyInATophat","p2":"SleepyyyTrainer","format":"[Gen 9] OU","log":"|j|\u2606TallGuyInATophat\n|j|\u2606SleepyyyTrainer\n|t:|1701117643\n|gametype|singles\n|player|p1|TallGuyInATophat|gentleman-gen4|1066\n|player|p2|SleepyyyTrainer|1|1000\n|teamsize|p1|6\n|teamsize|p2|6\n|gen|9\n|tier|[Gen 9] OU\n|rated|\n|rule|Sleep Clause Mod: Limit one foe put to sleep\n|rule|Species Clause: Limit one of each Pok\u00e9mon\n|rule|OHKO Clause: OHKO moves are banned\n|rule|Evasion Items Clause: Evasion items are banned\n|rule|Evasion Moves Clause: Evasion moves are banned\n|rule|Endless Battle Clause: Forcing endless battles is banned\n|rule|HP Percentage Mod: HP is shown in percentages\n|clearpoke\n|poke|p1|Scizor, M|\n|poke|p1|Ribombee, F|\n|poke|p1|Greninja-*, M|\n|poke|p1|Zoroark-Hisui, F|\n|poke|p1|Tauros, M|\n|poke|p1|Arboliva, F|\n|poke|p2|Ceruledge, F|\n|poke|p2|Greninja-*, M|\n|poke|p2|Scizor, F|\n|poke|p2|Glimmora, F|\n|poke|p2|Great Tusk|\n|poke|p2|Gholdengo|\n|teampreview\n|l|\u2606TallGuyInATophat\n|player|p1|\n|j|\u2606TallGuyInATophat\n|player|p1|TallGuyInATophat|gentleman-gen4\n|c|\u2606TallGuyInATophat|mb, internet's trash\n|\n|t:|1701117680\n|start\n|switch|p1a: Honeybreeze|Ribombee, F, shiny|100\/100\n|switch|p2a: Glimmora|Glimmora, F|100\/100\n|turn|1\n|\n|t:|1701117687\n|move|p1a: Honeybreeze|Tailwind|p1a: Honeybreeze\n|-sidestart|p1: TallGuyInATophat|move: Tailwind\n|move|p2a: Glimmora|Stealth Rock|p1a: Honeybreeze\n|-sidestart|p1: TallGuyInATophat|move: Stealth Rock\n|\n|upkeep\n|turn|2\n|\n|t:|1701117697\n|move|p1a: Honeybreeze|Sticky Web|p2a: Glimmora\n|-sidestart|p2: SleepyyyTrainer|move: Sticky Web\n|move|p2a: Glimmora|Spikes|p1a: Honeybreeze\n|-sidestart|p1: TallGuyInATophat|Spikes\n|\n|upkeep\n|turn|3\n|\n|t:|1701117706\n|move|p1a: Honeybreeze|Moonblast|p2a: Glimmora\n|-resisted|p2a: Glimmora\n|-damage|p2a: Glimmora|82\/100\n|-unboost|p2a: Glimmora|spa|1\n|move|p2a: Glimmora|Spikes|p1a: Honeybreeze\n|-sidestart|p1: TallGuyInATophat|Spikes\n|\n|-heal|p2a: Glimmora|88\/100|[from] item: Leftovers\n|upkeep\n|turn|4\n|\n|t:|1701117716\n|move|p1a: Honeybreeze|Bug Buzz|p2a: Glimmora\n|-resisted|p2a: Glimmora\n|-damage|p2a: Glimmora|68\/100\n|move|p2a: Glimmora|Mortal Spin|p1a: Honeybreeze\n|-supereffective|p1a: Honeybreeze\n|-damage|p1a: Honeybreeze|77\/100\n|-status|p1a: Honeybreeze|psn\n|-sideend|p2: SleepyyyTrainer|Sticky Web|[from] move: Mortal Spin|[of] p2a: Glimmora\n|\n|-heal|p2a: Glimmora|74\/100|[from] item: Leftovers\n|-damage|p1a: Honeybreeze|64\/100 psn|[from] psn\n|-sideend|p1: TallGuyInATophat|move: Tailwind\n|upkeep\n|turn|5\n|\n|t:|1701117740\n|switch|p2a: Gholdengo|Gholdengo|100\/100\n|move|p1a: Honeybreeze|Bug Buzz|p2a: Gholdengo\n|-resisted|p2a: Gholdengo\n|-damage|p2a: Gholdengo|90\/100\n|\n|-damage|p1a: Honeybreeze|52\/100 psn|[from] psn\n|upkeep\n|turn|6\n|\n|t:|1701117758\n|move|p1a: Honeybreeze|Sticky Web|p2a: Gholdengo\n|-sidestart|p2: SleepyyyTrainer|move: Sticky Web\n|move|p2a: Gholdengo|Nasty Plot|p2a: Gholdengo\n|-boost|p2a: Gholdengo|spa|2\n|\n|-damage|p1a: Honeybreeze|40\/100 psn|[from] psn\n|upkeep\n|turn|7\n|\n|t:|1701117766\n|move|p1a: Honeybreeze|Tailwind|p1a: Honeybreeze\n|-sidestart|p1: TallGuyInATophat|move: Tailwind\n|move|p2a: Gholdengo|Nasty Plot|p2a: Gholdengo\n|-boost|p2a: Gholdengo|spa|2\n|\n|-damage|p1a: Honeybreeze|28\/100 psn|[from] psn\n|upkeep\n|turn|8\n|\n|t:|1701117774\n|move|p1a: Honeybreeze|Moonblast|p2a: Gholdengo\n|-resisted|p2a: Gholdengo\n|-damage|p2a: Gholdengo|68\/100\n|move|p2a: Gholdengo|Nasty Plot|p2a: Gholdengo\n|-boost|p2a: Gholdengo|spa|2\n|\n|-damage|p1a: Honeybreeze|15\/100 psn|[from] psn\n|upkeep\n|turn|9\n|\n|t:|1701117784\n|move|p1a: Honeybreeze|Moonblast|p2a: Gholdengo\n|-resisted|p2a: Gholdengo\n|-damage|p2a: Gholdengo|45\/100\n|move|p2a: Gholdengo|Recover|p2a: Gholdengo\n|-heal|p2a: Gholdengo|95\/100\n|\n|-damage|p1a: Honeybreeze|3\/100 psn|[from] psn\n|upkeep\n|turn|10\n|\n|t:|1701117793\n|move|p1a: Honeybreeze|Moonblast|p2a: Gholdengo\n|-resisted|p2a: Gholdengo\n|-damage|p2a: Gholdengo|73\/100\n|move|p2a: Gholdengo|Recover|p2a: Gholdengo\n|-heal|p2a: Gholdengo|100\/100\n|\n|-damage|p1a: Honeybreeze|0 fnt|[from] psn\n|faint|p1a: Honeybreeze\n|-sideend|p1: TallGuyInATophat|move: Tailwind\n|upkeep\n|\n|t:|1701117805\n|switch|p1a: Longhorn|Tauros, M, shiny|100\/100\n|-damage|p1a: Longhorn|88\/100|[from] Stealth Rock\n|-damage|p1a: Longhorn|72\/100|[from] Spikes\n|turn|11\n|\n|t:|1701117811\n|move|p1a: Longhorn|Earthquake|p2a: Gholdengo\n|-supereffective|p2a: Gholdengo\n|-damage|p2a: Gholdengo|27\/100\n|move|p2a: Gholdengo|Make It Rain|p1a: Longhorn\n|-crit|p1a: Longhorn\n|-damage|p1a: Longhorn|0 fnt\n|-unboost|p2a: Gholdengo|spa|1\n|faint|p1a: Longhorn\n|-damage|p2a: Gholdengo|18\/100|[from] item: Life Orb\n|\n|upkeep\n|\n|t:|1701117822\n|switch|p1a: Ninjago|Greninja, M|100\/100\n|-damage|p1a: Ninjago|88\/100|[from] Stealth Rock\n|-damage|p1a: Ninjago|72\/100|[from] Spikes\n|turn|12\n|\n|t:|1701117831\n|switch|p2a: Greninja|Greninja, M|100\/100\n|-activate|p2a: Greninja|move: Sticky Web\n|-fail|p2a: Greninja|unboost|[from] item: Clear Amulet|[of] p2a: Greninja\n|move|p1a: Ninjago|Water Shuriken|p2a: Greninja\n|-resisted|p2a: Greninja\n|-damage|p2a: Greninja|94\/100\n|-resisted|p2a: Greninja\n|-damage|p2a: Greninja|88\/100\n|-resisted|p2a: Greninja\n|-damage|p2a: Greninja|82\/100\n|-resisted|p2a: Greninja\n|-damage|p2a: Greninja|76\/100\n|-resisted|p2a: Greninja\n|-damage|p2a: Greninja|69\/100\n|-hitcount|p2a: Greninja|5\n|\n|upkeep\n|turn|13\n|\n|t:|1701117846\n|move|p1a: Ninjago|Grass Knot|p2a: Greninja\n|-supereffective|p2a: Greninja\n|-damage|p2a: Greninja|8\/100\n|move|p2a: Greninja|U-turn|p1a: Ninjago\n|-supereffective|p1a: Ninjago\n|-damage|p1a: Ninjago|6\/100\n|\n|t:|1701117852\n|switch|p2a: Glimmora|Glimmora, F|74\/100|[from] U-turn\n|-activate|p2a: Glimmora|move: Sticky Web\n|-unboost|p2a: Glimmora|spe|1\n|\n|-heal|p2a: Glimmora|80\/100|[from] item: Leftovers\n|upkeep\n|turn|14\n|\n|t:|1701117866\n|move|p1a: Ninjago|Water Shuriken|p2a: Glimmora\n|-supereffective|p2a: Glimmora\n|-damage|p2a: Glimmora|66\/100\n|-supereffective|p2a: Glimmora\n|-damage|p2a: Glimmora|52\/100\n|-supereffective|p2a: Glimmora\n|-damage|p2a: Glimmora|38\/100\n|-supereffective|p2a: Glimmora\n|-damage|p2a: Glimmora|26\/100\n|-supereffective|p2a: Glimmora\n|-damage|p2a: Glimmora|12\/100\n|-hitcount|p2a: Glimmora|5\n|move|p2a: Glimmora|Mortal Spin|p1a: Ninjago\n|-damage|p1a: Ninjago|0 fnt\n|-sideend|p2: SleepyyyTrainer|Sticky Web|[from] move: Mortal Spin|[of] p2a: Glimmora\n|faint|p1a: Ninjago\n|\n|-heal|p2a: Glimmora|18\/100|[from] item: Leftovers\n|upkeep\n|\n|t:|1701117880\n|switch|p1a: Ironfist|Scizor, M|100\/100\n|-damage|p1a: Ironfist|88\/100|[from] Stealth Rock\n|-damage|p1a: Ironfist|71\/100|[from] Spikes\n|turn|15\n|\n|t:|1701117890\n|switch|p2a: Ceruledge|Ceruledge, F, shiny|100\/100\n|move|p1a: Ironfist|Bullet Punch|p2a: Ceruledge\n|-resisted|p2a: Ceruledge\n|-damage|p2a: Ceruledge|70\/100\n|-ability|p2a: Ceruledge|Weak Armor|boost\n|-unboost|p2a: Ceruledge|def|1\n|-boost|p2a: Ceruledge|spe|2\n|\n|upkeep\n|turn|16\n|\n|t:|1701117904\n|move|p2a: Ceruledge|Bitter Blade|p1a: Ironfist\n|-supereffective|p1a: Ironfist\n|-damage|p1a: Ironfist|0 fnt\n|-heal|p2a: Ceruledge|100\/100|[from] drain|[of] p1a: Ironfist\n|faint|p1a: Ironfist\n|-damage|p2a: Ceruledge|91\/100|[from] item: Life Orb\n|\n|upkeep\n|\n|t:|1701117911\n|switch|p1a: Italian|Arboliva, F|100\/100\n|-damage|p1a: Italian|88\/100|[from] Stealth Rock\n|-damage|p1a: Italian|72\/100|[from] Spikes\n|turn|17\n|\n|t:|1701117918\n|move|p2a: Ceruledge|Bitter Blade|p1a: Italian\n|-damage|p1a: Italian|0 fnt\n|-heal|p2a: Ceruledge|100\/100|[from] drain|[of] p1a: Italian\n|replace|p1a: Concealobo|Zoroark-Hisui, F, shiny\n|-end|p1a: Concealobo|Illusion\n|faint|p1a: Concealobo\n|-damage|p2a: Ceruledge|91\/100|[from] item: Life Orb\n|\n|upkeep\n|\n|t:|1701117924\n|switch|p1a: Italian|Arboliva, F|100\/100\n|-damage|p1a: Italian|88\/100|[from] Stealth Rock\n|-damage|p1a: Italian|71\/100|[from] Spikes\n|turn|18\n|\n|t:|1701117932\n|move|p2a: Ceruledge|Bitter Blade|p1a: Italian\n|-supereffective|p1a: Italian\n|-damage|p1a: Italian|0 fnt\n|-heal|p2a: Ceruledge|100\/100|[from] drain|[of] p1a: Italian\n|faint|p1a: Italian\n|-damage|p2a: Ceruledge|91\/100|[from] item: Life Orb\n|\n|win|SleepyyyTrainer\n|raw|TallGuyInATophat's rating: 1066 &rarr; <strong>1042<\/strong><br \/>(-24 for losing)\n|raw|SleepyyyTrainer's rating: 1000 &rarr; <strong>1048<\/strong><br \/>(+48 for winning)\n|l|\u2606TallGuyInATophat\n","uploadtime":1701117948,"views":2,"p1id":"tallguyinatophat","p2id":"sleepyyytrainer","formatid":"gen9ou","rating":1042,"private":0,"password":""}