{"id":"gen9ou-1988508219","p1":"Po\u2019 Boi","p2":"FIRE LORD AESON!","format":"[Gen 9] OU","log":"|j|\u2606Po\u2019 Boi\n|j|\u2606FIRE LORD AESON!\n|t:|1699730431\n|gametype|singles\n|player|p1|Po\u2019 Boi|policeman-gen4|1620\n|player|p2|FIRE LORD AESON!|red-gen1|1520\n|teamsize|p1|6\n|teamsize|p2|6\n|gen|9\n|tier|[Gen 9] OU\n|rated|\n|rule|Sleep Clause Mod: Limit one foe put to sleep\n|rule|Species Clause: Limit one of each Pok\u00e9mon\n|rule|OHKO Clause: OHKO moves are banned\n|rule|Evasion Items Clause: Evasion items are banned\n|rule|Evasion Moves Clause: Evasion moves are banned\n|rule|Endless Battle Clause: Forcing endless battles is banned\n|rule|HP Percentage Mod: HP is shown in percentages\n|clearpoke\n|poke|p1|Slowking-Galar, M|\n|poke|p1|Manaphy|\n|poke|p1|Corviknight, F|\n|poke|p1|Cetitan, F|\n|poke|p1|Dragapult, F|\n|poke|p1|Zamazenta-*|\n|poke|p2|Ceruledge, F|\n|poke|p2|Torkoal, F|\n|poke|p2|Heatran, M|\n|poke|p2|Cinderace, M|\n|poke|p2|Tauros-Paldea-Blaze, M|\n|poke|p2|Armarouge, F|\n|teampreview\n|inactive|Battle timer is ON: inactive players will automatically lose when time's up. (requested by Po\u2019 Boi)\n|\n|t:|1699730447\n|start\n|switch|p1a: Dragapult|Dragapult, F, shiny|100\/100\n|switch|p2a: PLAYBOY|Cinderace, M|100\/100\n|turn|1\n|\n|t:|1699730454\n|switch|p2a: SUBSCRIBE 2 AESON!|Torkoal, F|100\/100\n|-weather|SunnyDay|[from] ability: Drought|[of] p2a: SUBSCRIBE 2 AESON!\n|move|p1a: Dragapult|Draco Meteor|p2a: SUBSCRIBE 2 AESON!\n|-damage|p2a: SUBSCRIBE 2 AESON!|14\/100\n|-unboost|p1a: Dragapult|spa|2\n|\n|-weather|SunnyDay|[upkeep]\n|upkeep\n|turn|2\n|\n|t:|1699730473\n|switch|p1a: Slowking|Slowking-Galar, M, shiny|100\/100\n|move|p2a: SUBSCRIBE 2 AESON!|Stealth Rock|p1a: Slowking\n|-sidestart|p1: Po\u2019 Boi|move: Stealth Rock\n|\n|-weather|SunnyDay|[upkeep]\n|upkeep\n|turn|3\n|\n|t:|1699730494\n|switch|p2a: ROAD 2 RESPECT!|Heatran, M|100\/100\n|-item|p2a: ROAD 2 RESPECT!|Air Balloon\n|move|p1a: Slowking|Future Sight|p2a: ROAD 2 RESPECT!\n|-start|p1a: Slowking|move: Future Sight\n|\n|-weather|SunnyDay|[upkeep]\n|upkeep\n|turn|4\n|\n|t:|1699730506\n|switch|p1a: Manaphy|Manaphy|100\/100\n|-damage|p1a: Manaphy|88\/100|[from] Stealth Rock\n|move|p2a: ROAD 2 RESPECT!|Taunt|p1a: Manaphy\n|-start|p1a: Manaphy|move: Taunt\n|\n|-weather|SunnyDay|[upkeep]\n|-heal|p1a: Manaphy|94\/100|[from] item: Leftovers\n|upkeep\n|turn|5\n|\n|t:|1699730516\n|move|p1a: Manaphy|Scald|p2a: ROAD 2 RESPECT!\n|-supereffective|p2a: ROAD 2 RESPECT!\n|-damage|p2a: ROAD 2 RESPECT!|77\/100\n|-enditem|p2a: ROAD 2 RESPECT!|Air Balloon\n|move|p2a: ROAD 2 RESPECT!|Magma Storm|p1a: Manaphy|[miss]\n|-miss|p2a: ROAD 2 RESPECT!|p1a: Manaphy\n|\n|-weather|SunnyDay|[upkeep]\n|-end|p2a: ROAD 2 RESPECT!|move: Future Sight\n|-resisted|p2a: ROAD 2 RESPECT!\n|-damage|p2a: ROAD 2 RESPECT!|57\/100\n|-heal|p1a: Manaphy|100\/100|[from] item: Leftovers\n|upkeep\n|turn|6\n|\n|t:|1699730537\n|switch|p2a: PLAYBOY|Cinderace, M|100\/100\n|move|p1a: Manaphy|Scald|p2a: PLAYBOY\n|-supereffective|p2a: PLAYBOY\n|-damage|p2a: PLAYBOY|60\/100\n|\n|-weather|SunnyDay|[upkeep]\n|-end|p1a: Manaphy|move: Taunt\n|upkeep\n|turn|7\n|\n|t:|1699730550\n|move|p2a: PLAYBOY|High Jump Kick|p1a: Manaphy|[miss]\n|-start|p2a: PLAYBOY|typechange|Fighting|[from] ability: Libero\n|-miss|p2a: PLAYBOY|p1a: Manaphy\n|-damage|p2a: PLAYBOY|10\/100|[from] highjumpkick\n|move|p1a: Manaphy|Scald|p2a: PLAYBOY\n|-damage|p2a: PLAYBOY|0 fnt\n|faint|p2a: PLAYBOY\n|\n|-weather|SunnyDay|[upkeep]\n|upkeep\n|inactive|FIRE LORD AESON! has 120 seconds left.\n|\n|t:|1699730594\n|switch|p2a: ROAD 2 RESPECT!|Heatran, M|57\/100\n|turn|8\n|\n|t:|1699730598\n|move|p1a: Manaphy|Scald|p2a: ROAD 2 RESPECT!\n|-supereffective|p2a: ROAD 2 RESPECT!\n|-damage|p2a: ROAD 2 RESPECT!|33\/100\n|move|p2a: ROAD 2 RESPECT!|Magma Storm|p1a: Manaphy|[miss]\n|-miss|p2a: ROAD 2 RESPECT!|p1a: Manaphy\n|\n|-weather|none\n|upkeep\n|turn|9\n|\n|t:|1699730607\n|switch|p2a: SUBSCRIBE 2 AESON!|Torkoal, F|14\/100\n|-weather|SunnyDay|[from] ability: Drought|[of] p2a: SUBSCRIBE 2 AESON!\n|move|p1a: Manaphy|Scald|p2a: SUBSCRIBE 2 AESON!\n|-supereffective|p2a: SUBSCRIBE 2 AESON!\n|-damage|p2a: SUBSCRIBE 2 AESON!|0 fnt\n|faint|p2a: SUBSCRIBE 2 AESON!\n|\n|-weather|SunnyDay|[upkeep]\n|upkeep\n|\n|t:|1699730609\n|switch|p2a: ROAD 2 RESPECT!|Heatran, M|33\/100\n|turn|10\n|\n|t:|1699730620\n|move|p1a: Manaphy|Scald|p2a: ROAD 2 RESPECT!\n|-supereffective|p2a: ROAD 2 RESPECT!\n|-damage|p2a: ROAD 2 RESPECT!|9\/100\n|move|p2a: ROAD 2 RESPECT!|Magma Storm|p1a: Manaphy|[miss]\n|-miss|p2a: ROAD 2 RESPECT!|p1a: Manaphy\n|\n|-weather|SunnyDay|[upkeep]\n|upkeep\n|turn|11\n|c|\u2606FIRE LORD AESON!|............\n|c|\u2606Po\u2019 Boi|Wow\n|c|\u2606Po\u2019 Boi|sorry bro\n|\n|t:|1699730638\n|move|p1a: Manaphy|Scald|p2a: ROAD 2 RESPECT!\n|-supereffective|p2a: ROAD 2 RESPECT!\n|-damage|p2a: ROAD 2 RESPECT!|0 fnt\n|faint|p2a: ROAD 2 RESPECT!\n|\n|-weather|SunnyDay|[upkeep]\n|upkeep\n|\n|t:|1699730645\n|switch|p2a: $EXY @AESON UTUBE!|Ceruledge, F|100\/100\n|turn|12\n|\n|t:|1699730650\n|switch|p1a: Slowking|Slowking-Galar, M, shiny|100\/100\n|-damage|p1a: Slowking|88\/100|[from] Stealth Rock\n|move|p2a: $EXY @AESON UTUBE!|Swords Dance|p2a: $EXY @AESON UTUBE!\n|-boost|p2a: $EXY @AESON UTUBE!|atk|2\n|\n|-weather|SunnyDay|[upkeep]\n|upkeep\n|turn|13\n|\n|t:|1699730659\n|move|p2a: $EXY @AESON UTUBE!|Bitter Blade|p1a: Slowking\n|-damage|p1a: Slowking|0 fnt\n|faint|p1a: Slowking\n|\n|-weather|SunnyDay|[upkeep]\n|upkeep\n|\n|t:|1699730672\n|switch|p1a: Dragapult|Dragapult, F, shiny|100\/100\n|-damage|p1a: Dragapult|88\/100|[from] Stealth Rock\n|turn|14\n|\n|t:|1699730678\n|move|p1a: Dragapult|Shadow Ball|p2a: $EXY @AESON UTUBE!\n|-supereffective|p2a: $EXY @AESON UTUBE!\n|-enditem|p2a: $EXY @AESON UTUBE!|Focus Sash\n|-damage|p2a: $EXY @AESON UTUBE!|1\/100\n|move|p2a: $EXY @AESON UTUBE!|Bitter Blade|p1a: Dragapult\n|-resisted|p1a: Dragapult\n|-damage|p1a: Dragapult|1\/100\n|-heal|p2a: $EXY @AESON UTUBE!|49\/100|[from] drain|[of] p1a: Dragapult\n|\n|-weather|SunnyDay|[upkeep]\n|upkeep\n|turn|15\n|\n|t:|1699730704\n|move|p1a: Dragapult|Shadow Ball|p2a: $EXY @AESON UTUBE!\n|-supereffective|p2a: $EXY @AESON UTUBE!\n|-damage|p2a: $EXY @AESON UTUBE!|0 fnt\n|faint|p2a: $EXY @AESON UTUBE!\n|\n|-weather|SunnyDay|[upkeep]\n|upkeep\n|\n|t:|1699730707\n|switch|p2a: NO BULL$HIT|Tauros-Paldea-Blaze, M|100\/100\n|-ability|p2a: NO BULL$HIT|Intimidate|boost\n|-unboost|p1a: Dragapult|atk|1\n|-item|p2a: NO BULL$HIT|Air Balloon\n|turn|16\n|\n|t:|1699730715\n|move|p1a: Dragapult|Shadow Ball|p2a: NO BULL$HIT\n|-damage|p2a: NO BULL$HIT|24\/100\n|-enditem|p2a: NO BULL$HIT|Air Balloon\n|move|p2a: NO BULL$HIT|Raging Bull|p1a: Dragapult\n|-resisted|p1a: Dragapult\n|-damage|p1a: Dragapult|0 fnt\n|faint|p1a: Dragapult\n|\n|-weather|none\n|upkeep\n|\n|t:|1699730733\n|switch|p1a: Manaphy|Manaphy|100\/100\n|-damage|p1a: Manaphy|88\/100|[from] Stealth Rock\n|turn|17\n|\n|t:|1699730738\n|move|p2a: NO BULL$HIT|Body Press|p1a: Manaphy\n|-damage|p1a: Manaphy|68\/100\n|move|p1a: Manaphy|Scald|p2a: NO BULL$HIT\n|-supereffective|p2a: NO BULL$HIT\n|-damage|p2a: NO BULL$HIT|0 fnt\n|faint|p2a: NO BULL$HIT\n|\n|-heal|p1a: Manaphy|74\/100|[from] item: Leftovers\n|upkeep\n|c|\u2606FIRE LORD AESON!|gg\n|c|\u2606FIRE LORD AESON!|sry about the misses\n|-message|FIRE LORD AESON! forfeited.\n|\n|win|Po\u2019 Boi\n|raw|Po\u2019 Boi's rating: 1620 &rarr; <strong>1634<\/strong><br \/>(+14 for winning)\n|raw|FIRE LORD AESON!'s rating: 1520 &rarr; <strong>1506<\/strong><br \/>(-14 for losing)\n","uploadtime":1699730761,"views":13,"p1id":"poboi","p2id":"firelordaeson","formatid":"gen9ou","rating":1506,"private":0,"password":""}