{"id":"gen9ou-1992074300","p1":"uglyneo","p2":"Lemousine1","format":"[Gen 9] OU","log":"|j|\u2606uglyneo\n|j|\u2606Lemousine1\n|t:|1700152905\n|gametype|singles\n|player|p1|uglyneo|lusamine-nihilego|1264\n|player|p2|Lemousine1|byron|1332\n|teamsize|p1|6\n|teamsize|p2|6\n|gen|9\n|tier|[Gen 9] OU\n|rated|\n|rule|Sleep Clause Mod: Limit one foe put to sleep\n|rule|Species Clause: Limit one of each Pok\u00e9mon\n|rule|OHKO Clause: OHKO moves are banned\n|rule|Evasion Items Clause: Evasion items are banned\n|rule|Evasion Moves Clause: Evasion moves are banned\n|rule|Endless Battle Clause: Forcing endless battles is banned\n|rule|HP Percentage Mod: HP is shown in percentages\n|clearpoke\n|poke|p1|Rillaboom, F|\n|poke|p1|Sneasler, F|\n|poke|p1|Zamazenta-*|\n|poke|p1|Heatran, F|\n|poke|p1|Hatterene, F|\n|poke|p1|Manaphy|\n|poke|p2|Rillaboom, M|\n|poke|p2|Iron Valiant|\n|poke|p2|Maushold|\n|poke|p2|Heatran, F|\n|poke|p2|Great Tusk|\n|poke|p2|Sneasler, M|\n|teampreview\n|inactive|Battle timer is ON: inactive players will automatically lose when time's up. (requested by uglyneo)\n|\n|t:|1700152924\n|start\n|switch|p1a: Iron Bands|Rillaboom, F|100\/100\n|switch|p2a: SAVOURAS|Heatran, F|100\/100\n|-fieldstart|move: Grassy Terrain|[from] ability: Grassy Surge|[of] p1a: Iron Bands\n|-item|p2a: SAVOURAS|Air Balloon\n|turn|1\n|\n|t:|1700152947\n|move|p1a: Iron Bands|U-turn|p2a: SAVOURAS\n|-resisted|p2a: SAVOURAS\n|-crit|p2a: SAVOURAS\n|-damage|p2a: SAVOURAS|86\/100\n|-enditem|p2a: SAVOURAS|Air Balloon\n|\n|t:|1700152951\n|switch|p1a: Mr Worldwide|Heatran, F|100\/100|[from] U-turn\n|-item|p1a: Mr Worldwide|Air Balloon\n|move|p2a: SAVOURAS|Stealth Rock|p1a: Mr Worldwide\n|-sidestart|p1: uglyneo|move: Stealth Rock\n|\n|-heal|p2a: SAVOURAS|92\/100|[from] Grassy Terrain\n|upkeep\n|turn|2\n|\n|t:|1700152954\n|move|p2a: SAVOURAS|Taunt|p1a: Mr Worldwide\n|-start|p1a: Mr Worldwide|move: Taunt\n|move|p1a: Mr Worldwide|Earth Power|p2a: SAVOURAS\n|-supereffective|p2a: SAVOURAS\n|-damage|p2a: SAVOURAS|0 fnt\n|faint|p2a: SAVOURAS\n|\n|upkeep\n|inactive|Lemousine1 has 120 seconds left.\n|\n|t:|1700152992\n|switch|p2a: GREAT FREEZAI|Great Tusk|100\/100\n|-enditem|p2a: GREAT FREEZAI|Booster Energy\n|-activate|p2a: GREAT FREEZAI|ability: Protosynthesis|[fromitem]\n|-start|p2a: GREAT FREEZAI|protosynthesisspe\n|turn|3\n|\n|t:|1700152997\n|move|p2a: GREAT FREEZAI|Bulk Up|p2a: GREAT FREEZAI\n|-boost|p2a: GREAT FREEZAI|atk|1\n|-boost|p2a: GREAT FREEZAI|def|1\n|move|p1a: Mr Worldwide|Magma Storm|p2a: GREAT FREEZAI|[miss]\n|-miss|p1a: Mr Worldwide|p2a: GREAT FREEZAI\n|\n|upkeep\n|turn|4\n|\n|t:|1700153006\n|move|p2a: GREAT FREEZAI|Rapid Spin|p1a: Mr Worldwide\n|-resisted|p1a: Mr Worldwide\n|-damage|p1a: Mr Worldwide|92\/100\n|-boost|p2a: GREAT FREEZAI|spe|1\n|-enditem|p1a: Mr Worldwide|Air Balloon\n|move|p1a: Mr Worldwide|Magma Storm|p2a: GREAT FREEZAI\n|-damage|p2a: GREAT FREEZAI|47\/100\n|-activate|p2a: GREAT FREEZAI|move: Magma Storm|[of] p1a: Mr Worldwide\n|\n|-heal|p2a: GREAT FREEZAI|53\/100|[from] Grassy Terrain\n|-heal|p1a: Mr Worldwide|98\/100|[from] Grassy Terrain\n|-damage|p2a: GREAT FREEZAI|41\/100|[from] move: Magma Storm|[partiallytrapped]\n|-end|p1a: Mr Worldwide|move: Taunt\n|upkeep\n|turn|5\n|\n|t:|1700153016\n|move|p2a: GREAT FREEZAI|Headlong Rush|p1a: Mr Worldwide\n|-supereffective|p1a: Mr Worldwide\n|-damage|p1a: Mr Worldwide|0 fnt\n|-unboost|p2a: GREAT FREEZAI|def|1\n|-unboost|p2a: GREAT FREEZAI|spd|1\n|faint|p1a: Mr Worldwide\n|\n|-heal|p2a: GREAT FREEZAI|47\/100|[from] Grassy Terrain\n|-end|p2a: GREAT FREEZAI|Magma Storm|[partiallytrapped]|[silent]\n|-fieldend|move: Grassy Terrain\n|upkeep\n|\n|t:|1700153020\n|switch|p1a: Iron Bands|Rillaboom, F|100\/100\n|-damage|p1a: Iron Bands|88\/100|[from] Stealth Rock\n|-fieldstart|move: Grassy Terrain|[from] ability: Grassy Surge|[of] p1a: Iron Bands\n|turn|6\n|\n|t:|1700153022\n|-terastallize|p2a: GREAT FREEZAI|Poison\n|move|p1a: Iron Bands|Grassy Glide|p2a: GREAT FREEZAI\n|-resisted|p2a: GREAT FREEZAI\n|-damage|p2a: GREAT FREEZAI|29\/100\n|move|p2a: GREAT FREEZAI|Ice Spinner|p1a: Iron Bands\n|-supereffective|p1a: Iron Bands\n|-damage|p1a: Iron Bands|12\/100\n|-fieldend|move: Grassy Terrain\n|\n|upkeep\n|turn|7\n|\n|t:|1700153031\n|switch|p1a: Michael Vick|Zamazenta, shiny|100\/100\n|-damage|p1a: Michael Vick|94\/100|[from] Stealth Rock\n|-ability|p1a: Michael Vick|Dauntless Shield|boost\n|-boost|p1a: Michael Vick|def|1\n|move|p2a: GREAT FREEZAI|Rapid Spin|p1a: Michael Vick\n|-damage|p1a: Michael Vick|84\/100\n|-boost|p2a: GREAT FREEZAI|spe|1\n|\n|-heal|p1a: Michael Vick|90\/100|[from] item: Leftovers\n|upkeep\n|turn|8\n|\n|t:|1700153035\n|move|p2a: GREAT FREEZAI|Headlong Rush|p1a: Michael Vick\n|-crit|p1a: Michael Vick\n|-damage|p1a: Michael Vick|0 fnt\n|-unboost|p2a: GREAT FREEZAI|def|1\n|-unboost|p2a: GREAT FREEZAI|spd|1\n|faint|p1a: Michael Vick\n|\n|upkeep\n|\n|t:|1700153038\n|switch|p1a: Iron Bands|Rillaboom, F|12\/100\n|-damage|p1a: Iron Bands|0 fnt|[from] Stealth Rock\n|faint|p1a: Iron Bands\n|\n|t:|1700153048\n|switch|p1a: Saint Laurent Hatt|Hatterene, F|100\/100\n|-damage|p1a: Saint Laurent Hatt|88\/100|[from] Stealth Rock\n|turn|9\n|\n|t:|1700153052\n|move|p2a: GREAT FREEZAI|Headlong Rush|p1a: Saint Laurent Hatt\n|-damage|p1a: Saint Laurent Hatt|26\/100\n|-unboost|p2a: GREAT FREEZAI|def|1\n|-unboost|p2a: GREAT FREEZAI|spd|1\n|move|p1a: Saint Laurent Hatt|Psyshock|p2a: GREAT FREEZAI\n|-supereffective|p2a: GREAT FREEZAI\n|-damage|p2a: GREAT FREEZAI|0 fnt\n|faint|p2a: GREAT FREEZAI\n|-end|p2a: GREAT FREEZAI|Protosynthesis|[silent]\n|\n|upkeep\n|\n|t:|1700153060\n|switch|p2a: HOWKINGS|Maushold|100\/100\n|turn|10\n|\n|t:|1700153064\n|move|p2a: HOWKINGS|Population Bomb|p1a: Saint Laurent Hatt\n|-damage|p1a: Saint Laurent Hatt|17\/100\n|-damage|p1a: Saint Laurent Hatt|8\/100\n|-damage|p1a: Saint Laurent Hatt|0 fnt\n|faint|p1a: Saint Laurent Hatt\n|-hitcount|p1: Saint Laurent Hatt|3\n|\n|upkeep\n|inactive|uglyneo has 120 seconds left.\n|inactive|uglyneo has 90 seconds left.\n|inactive|uglyneo has 60 seconds left.\n|inactive|uglyneo has 30 seconds left.\n|inactive|uglyneo has 20 seconds left.\n|inactive|uglyneo has 15 seconds left.\n|inactive|uglyneo has 10 seconds left.\n|inactive|uglyneo has 5 seconds left.\n|-message|uglyneo lost due to inactivity.\n|\n|win|Lemousine1\n|raw|uglyneo's rating: 1264 &rarr; <strong>1244<\/strong><br \/>(-20 for losing)\n|raw|Lemousine1's rating: 1332 &rarr; <strong>1348<\/strong><br \/>(+16 for winning)\n","uploadtime":1700153217,"views":13,"p1id":"uglyneo","p2id":"lemousine1","formatid":"gen9ou","rating":1244,"private":0,"password":""}