{"id":"gen9ou-1995104518","p1":"AvariceGator","p2":"yyysneasel","format":"[Gen 9] OU","log":"|j|\u2606AvariceGator\n|j|\u203dyyysneasel\n|t:|1700523033\n|gametype|singles\n|player|p1|AvariceGator|giovanni|1549\n|player|p2|yyysneasel|bugcatcher-gen4dp|1725\n|teamsize|p1|6\n|teamsize|p2|6\n|gen|9\n|tier|[Gen 9] OU\n|rated|\n|rule|Sleep Clause Mod: Limit one foe put to sleep\n|rule|Species Clause: Limit one of each Pok\u00e9mon\n|rule|OHKO Clause: OHKO moves are banned\n|rule|Evasion Items Clause: Evasion items are banned\n|rule|Evasion Moves Clause: Evasion moves are banned\n|rule|Endless Battle Clause: Forcing endless battles is banned\n|rule|HP Percentage Mod: HP is shown in percentages\n|clearpoke\n|poke|p1|Alomomola, F|\n|poke|p1|Krookodile, M|\n|poke|p1|Skeledirge, F|\n|poke|p1|Cyclizar, M|\n|poke|p1|Corviknight, M|\n|poke|p1|Blissey, F|\n|poke|p2|Corviknight, F|\n|poke|p2|Toxapex, M|\n|poke|p2|Dondozo, M|\n|poke|p2|Slowking-Galar, M|\n|poke|p2|Blissey, F|\n|poke|p2|Clefable, M|\n|teampreview\n|c|\u2606AvariceGator|oh boy\n|c|\u2606AvariceGator|this gonna be a long one lol\n|inactive|Battle timer is ON: inactive players will automatically lose when time's up. (requested by AvariceGator)\n|\n|t:|1700523103\n|start\n|switch|p1a: Saleos|Krookodile, M|100\/100\n|switch|p2a: Slowking|Slowking-Galar, M|100\/100\n|-ability|p1a: Saleos|Intimidate|boost\n|-unboost|p2a: Slowking|atk|1\n|turn|1\n|\n|t:|1700523112\n|switch|p2a: Corviknight|Corviknight, F|100\/100\n|-ability|p2a: Corviknight|Pressure\n|move|p1a: Saleos|Knock Off|p2a: Corviknight\n|-damage|p2a: Corviknight|68\/100\n|-damage|p1a: Saleos|84\/100|[from] item: Rocky Helmet|[of] p2a: Corviknight\n|-enditem|p2a: Corviknight|Rocky Helmet|[from] move: Knock Off|[of] p1a: Saleos\n|\n|-heal|p1a: Saleos|90\/100|[from] item: Leftovers\n|upkeep\n|turn|2\n|\n|t:|1700523122\n|move|p1a: Saleos|Smack Down|p2a: Corviknight\n|-damage|p2a: Corviknight|58\/100\n|-start|p2a: Corviknight|Smack Down\n|move|p2a: Corviknight|Roost|p2a: Corviknight\n|-heal|p2a: Corviknight|100\/100\n|-singleturn|p2a: Corviknight|move: Roost\n|\n|-heal|p1a: Saleos|96\/100|[from] item: Leftovers\n|upkeep\n|turn|3\n|\n|t:|1700523132\n|switch|p2a: Dondozo|Dondozo, M|100\/100\n|move|p1a: Saleos|Earthquake|p2a: Dondozo\n|-crit|p2a: Dondozo\n|-damage|p2a: Dondozo|63\/100\n|\n|-heal|p1a: Saleos|100\/100|[from] item: Leftovers\n|-heal|p2a: Dondozo|69\/100|[from] item: Leftovers\n|upkeep\n|turn|4\n|\n|t:|1700523140\n|move|p1a: Saleos|Knock Off|p2a: Dondozo\n|-damage|p2a: Dondozo|44\/100\n|-enditem|p2a: Dondozo|Leftovers|[from] move: Knock Off|[of] p1a: Saleos\n|move|p2a: Dondozo|Curse|p2a: Dondozo\n|-unboost|p2a: Dondozo|spe|1\n|-boost|p2a: Dondozo|atk|1\n|-boost|p2a: Dondozo|def|1\n|\n|upkeep\n|turn|5\n|\n|t:|1700523148\n|move|p1a: Saleos|Earthquake|p2a: Dondozo\n|-damage|p2a: Dondozo|27\/100\n|move|p2a: Dondozo|Rest|p2a: Dondozo\n|-status|p2a: Dondozo|slp|[from] move: Rest\n|-heal|p2a: Dondozo|100\/100 slp|[silent]\n|\n|upkeep\n|turn|6\n|\n|t:|1700523155\n|move|p1a: Saleos|Stealth Rock|p2a: Dondozo\n|-sidestart|p2: yyysneasel|move: Stealth Rock\n|cant|p2a: Dondozo|slp\n|move|p2a: Dondozo|Sleep Talk|p2a: Dondozo\n|move|p2a: Dondozo|Curse|p2a: Dondozo|[from]move: Sleep Talk\n|-unboost|p2a: Dondozo|spe|1\n|-boost|p2a: Dondozo|atk|1\n|-boost|p2a: Dondozo|def|1\n|\n|upkeep\n|turn|7\n|\n|t:|1700523163\n|switch|p1a: BigLuvdisc|Alomomola, F|100\/100\n|cant|p2a: Dondozo|slp\n|move|p2a: Dondozo|Sleep Talk|p2a: Dondozo\n|move|p2a: Dondozo|Wave Crash|p1a: BigLuvdisc|[from]move: Sleep Talk\n|-resisted|p1a: BigLuvdisc\n|-damage|p1a: BigLuvdisc|80\/100\n|-damage|p2a: Dondozo|84\/100 slp|[from] item: Rocky Helmet|[of] p1a: BigLuvdisc\n|-damage|p2a: Dondozo|77\/100 slp|[from] Recoil\n|\n|upkeep\n|turn|8\n|\n|t:|1700523175\n|move|p1a: BigLuvdisc|Wish|p1a: BigLuvdisc\n|-curestatus|p2a: Dondozo|slp|[msg]\n|move|p2a: Dondozo|Curse|p2a: Dondozo\n|-unboost|p2a: Dondozo|spe|1\n|-boost|p2a: Dondozo|atk|1\n|-boost|p2a: Dondozo|def|1\n|\n|upkeep\n|turn|9\n|\n|t:|1700523187\n|move|p1a: BigLuvdisc|Scald|p2a: Dondozo\n|-resisted|p2a: Dondozo\n|-damage|p2a: Dondozo|71\/100\n|move|p2a: Dondozo|Curse|p2a: Dondozo\n|-unboost|p2a: Dondozo|spe|1\n|-boost|p2a: Dondozo|atk|1\n|-boost|p2a: Dondozo|def|1\n|\n|-heal|p1a: BigLuvdisc|100\/100|[from] move: Wish|[wisher] BigLuvdisc\n|upkeep\n|turn|10\n|\n|t:|1700523197\n|move|p1a: BigLuvdisc|Scald|p2a: Dondozo\n|-resisted|p2a: Dondozo\n|-damage|p2a: Dondozo|65\/100\n|move|p2a: Dondozo|Curse|p2a: Dondozo\n|-unboost|p2a: Dondozo|spe|1\n|-boost|p2a: Dondozo|atk|1\n|-boost|p2a: Dondozo|def|1\n|\n|upkeep\n|turn|11\n|\n|t:|1700523207\n|move|p1a: BigLuvdisc|Wish|p1a: BigLuvdisc\n|move|p2a: Dondozo|Curse|p2a: Dondozo\n|-unboost|p2a: Dondozo|spe|1\n|-boost|p2a: Dondozo|atk|1\n|-boost|p2a: Dondozo|def|1\n|\n|upkeep\n|turn|12\n|\n|t:|1700523213\n|move|p1a: BigLuvdisc|Scald|p2a: Dondozo\n|-resisted|p2a: Dondozo\n|-damage|p2a: Dondozo|58\/100\n|move|p2a: Dondozo|Wave Crash|p1a: BigLuvdisc\n|-resisted|p1a: BigLuvdisc\n|-damage|p1a: BigLuvdisc|58\/100\n|-damage|p2a: Dondozo|41\/100|[from] item: Rocky Helmet|[of] p1a: BigLuvdisc\n|-damage|p2a: Dondozo|27\/100|[from] Recoil\n|\n|-heal|p1a: BigLuvdisc|100\/100|[from] move: Wish|[wisher] BigLuvdisc\n|upkeep\n|turn|13\n|\n|t:|1700523224\n|move|p1a: BigLuvdisc|Scald|p2a: Dondozo\n|-resisted|p2a: Dondozo\n|-damage|p2a: Dondozo|20\/100\n|-status|p2a: Dondozo|brn\n|move|p2a: Dondozo|Rest|p2a: Dondozo\n|-status|p2a: Dondozo|slp|[from] move: Rest\n|-heal|p2a: Dondozo|100\/100 slp|[silent]\n|\n|upkeep\n|turn|14\n|\n|t:|1700523237\n|move|p1a: BigLuvdisc|Scald|p2a: Dondozo\n|-resisted|p2a: Dondozo\n|-damage|p2a: Dondozo|95\/100 slp\n|cant|p2a: Dondozo|slp\n|move|p2a: Dondozo|Sleep Talk|p2a: Dondozo\n|move|p2a: Dondozo|Wave Crash|p1a: BigLuvdisc|[from]move: Sleep Talk\n|-resisted|p1a: BigLuvdisc\n|-damage|p1a: BigLuvdisc|55\/100\n|-damage|p2a: Dondozo|78\/100 slp|[from] item: Rocky Helmet|[of] p1a: BigLuvdisc\n|-damage|p2a: Dondozo|62\/100 slp|[from] Recoil\n|\n|upkeep\n|turn|15\n|\n|t:|1700523256\n|move|p1a: BigLuvdisc|Wish|p1a: BigLuvdisc\n|cant|p2a: Dondozo|slp\n|move|p2a: Dondozo|Sleep Talk|p2a: Dondozo\n|move|p2a: Dondozo|Wave Crash|p1a: BigLuvdisc|[from]move: Sleep Talk\n|-resisted|p1a: BigLuvdisc\n|-damage|p1a: BigLuvdisc|10\/100\n|-damage|p2a: Dondozo|45\/100 slp|[from] item: Rocky Helmet|[of] p1a: BigLuvdisc\n|-damage|p2a: Dondozo|29\/100 slp|[from] Recoil\n|\n|upkeep\n|turn|16\n|\n|t:|1700523265\n|move|p1a: BigLuvdisc|Protect|p1a: BigLuvdisc\n|-singleturn|p1a: BigLuvdisc|Protect\n|-curestatus|p2a: Dondozo|slp|[msg]\n|move|p2a: Dondozo|Rest|p2a: Dondozo\n|-status|p2a: Dondozo|slp|[from] move: Rest\n|-heal|p2a: Dondozo|100\/100 slp|[silent]\n|\n|-heal|p1a: BigLuvdisc|60\/100|[from] move: Wish|[wisher] BigLuvdisc\n|upkeep\n|turn|17\n|\n|t:|1700523274\n|move|p1a: BigLuvdisc|Wish|p1a: BigLuvdisc\n|cant|p2a: Dondozo|slp\n|move|p2a: Dondozo|Sleep Talk|p2a: Dondozo\n|move|p2a: Dondozo|Rest||[from]move: Sleep Talk|[still]\n|-fail|p2a: Dondozo\n|\n|upkeep\n|turn|18\n|\n|t:|1700523282\n|switch|p2a: Slowking|Slowking-Galar, M|100\/100\n|-damage|p2a: Slowking|88\/100|[from] Stealth Rock\n|move|p1a: BigLuvdisc|Scald|p2a: Slowking\n|-damage|p2a: Slowking|75\/100\n|\n|-heal|p1a: BigLuvdisc|100\/100|[from] move: Wish|[wisher] BigLuvdisc\n|upkeep\n|turn|19\n|\n|t:|1700523291\n|move|p2a: Slowking|Trick|p1a: BigLuvdisc\n|-activate|p2a: Slowking|move: Trick|[of] p1a: BigLuvdisc\n|-item|p1a: BigLuvdisc|Choice Scarf|[from] move: Trick\n|-item|p2a: Slowking|Rocky Helmet|[from] move: Trick\n|move|p1a: BigLuvdisc|Flip Turn|p2a: Slowking\n|-damage|p2a: Slowking|57\/100\n|-damage|p1a: BigLuvdisc|84\/100|[from] item: Rocky Helmet|[of] p2a: Slowking\n|c|\u2606AvariceGator|oh shit\n|c|\u2606AvariceGator|that's clever\n|\n|t:|1700523309\n|switch|p1a: Saleos|Krookodile, M|100\/100|[from] Flip Turn\n|-ability|p1a: Saleos|Intimidate|boost\n|-unboost|p2a: Slowking|atk|1\n|\n|upkeep\n|turn|20\n|\n|t:|1700523315\n|switch|p2a: Dondozo|Dondozo, M|100\/100 slp\n|-damage|p2a: Dondozo|88\/100 slp|[from] Stealth Rock\n|move|p1a: Saleos|Smack Down|p2a: Dondozo\n|-crit|p2a: Dondozo\n|-damage|p2a: Dondozo|76\/100 slp\n|\n|upkeep\n|turn|21\n|\n|t:|1700523322\n|move|p1a: Saleos|Earthquake|p2a: Dondozo\n|-damage|p2a: Dondozo|52\/100 slp\n|cant|p2a: Dondozo|slp\n|move|p2a: Dondozo|Sleep Talk|p2a: Dondozo\n|move|p2a: Dondozo|Curse|p2a: Dondozo|[from]move: Sleep Talk\n|-unboost|p2a: Dondozo|spe|1\n|-boost|p2a: Dondozo|atk|1\n|-boost|p2a: Dondozo|def|1\n|\n|upkeep\n|turn|22\n|\n|t:|1700523331\n|move|p1a: Saleos|Earthquake|p2a: Dondozo\n|-damage|p2a: Dondozo|37\/100 slp\n|-curestatus|p2a: Dondozo|slp|[msg]\n|move|p2a: Dondozo|Curse|p2a: Dondozo\n|-unboost|p2a: Dondozo|spe|1\n|-boost|p2a: Dondozo|atk|1\n|-boost|p2a: Dondozo|def|1\n|\n|upkeep\n|turn|23\n|\n|t:|1700523340\n|switch|p1a: Cynder|Skeledirge, F|100\/100\n|move|p2a: Dondozo|Rest|p2a: Dondozo\n|-status|p2a: Dondozo|slp|[from] move: Rest\n|-heal|p2a: Dondozo|100\/100 slp|[silent]\n|\n|upkeep\n|turn|24\n|\n|t:|1700523348\n|switch|p2a: Blissey|Blissey, F|100\/100\n|move|p1a: Cynder|Substitute|p1a: Cynder\n|-start|p1a: Cynder|Substitute\n|-damage|p1a: Cynder|75\/100\n|\n|-heal|p1a: Cynder|82\/100|[from] item: Leftovers\n|upkeep\n|turn|25\n|\n|t:|1700523358\n|move|p1a: Cynder|Torch Song|p2a: Blissey\n|-damage|p2a: Blissey|89\/100\n|-boost|p1a: Cynder|spa|1\n|move|p2a: Blissey|Stealth Rock|p1a: Cynder\n|-sidestart|p1: AvariceGator|move: Stealth Rock\n|\n|-heal|p1a: Cynder|88\/100|[from] item: Leftovers\n|upkeep\n|turn|26\n|inactive|yyysneasel has 120 seconds left.\n|\n|t:|1700523390\n|switch|p2a: Clefable|Clefable, M|100\/100\n|move|p1a: Cynder|Torch Song|p2a: Clefable\n|-damage|p2a: Clefable|81\/100\n|-boost|p1a: Cynder|spa|1\n|\n|-heal|p1a: Cynder|94\/100|[from] item: Leftovers\n|upkeep\n|turn|27\n|\n|t:|1700523400\n|move|p2a: Clefable|Protect|p2a: Clefable\n|-singleturn|p2a: Clefable|Protect\n|move|p1a: Cynder|Shadow Ball|p2a: Clefable\n|-activate|p2a: Clefable|move: Protect\n|\n|-heal|p1a: Cynder|99\/100|[from] item: Leftovers\n|upkeep\n|turn|28\n|\n|t:|1700523408\n|move|p1a: Cynder|Shadow Ball|p2a: Clefable\n|-damage|p2a: Clefable|61\/100\n|move|p2a: Clefable|Wish|p2a: Clefable\n|\n|-heal|p1a: Cynder|100\/100|[from] item: Leftovers\n|upkeep\n|turn|29\n|\n|t:|1700523414\n|move|p1a: Cynder|Shadow Ball|p2a: Clefable\n|-damage|p2a: Clefable|40\/100\n|move|p2a: Clefable|Moonblast|p1a: Cynder\n|-resisted|p1a: Cynder\n|-activate|p1a: Cynder|move: Substitute|[damage]\n|\n|-heal|p2a: Clefable|90\/100|[from] move: Wish|[wisher] Clefable\n|upkeep\n|turn|30\n|\n|t:|1700523423\n|move|p1a: Cynder|Shadow Ball|p2a: Clefable\n|-damage|p2a: Clefable|71\/100\n|move|p2a: Clefable|Moonblast|p1a: Cynder\n|-resisted|p1a: Cynder\n|-activate|p1a: Cynder|move: Substitute|[damage]\n|\n|upkeep\n|turn|31\n|\n|t:|1700523430\n|move|p1a: Cynder|Shadow Ball|p2a: Clefable\n|-damage|p2a: Clefable|50\/100\n|move|p2a: Clefable|Wish|p2a: Clefable\n|\n|upkeep\n|turn|32\n|\n|t:|1700523444\n|switch|p1a: Mitty|Blissey, F, shiny|100\/100\n|-damage|p1a: Mitty|88\/100|[from] Stealth Rock\n|move|p2a: Clefable|Protect||[still]\n|-fail|p2a: Clefable\n|\n|-heal|p2a: Clefable|99\/100|[from] move: Wish|[wisher] Clefable\n|-heal|p1a: Mitty|94\/100|[from] item: Leftovers\n|upkeep\n|turn|33\n|\n|t:|1700523453\n|switch|p1a: BigLuvdisc|Alomomola, F|100\/100\n|-damage|p1a: BigLuvdisc|88\/100|[from] Stealth Rock\n|move|p2a: Clefable|Knock Off|p1a: BigLuvdisc\n|-damage|p1a: BigLuvdisc|79\/100\n|-enditem|p1a: BigLuvdisc|Choice Scarf|[from] move: Knock Off|[of] p2a: Clefable\n|\n|upkeep\n|turn|34\n|c|\u2606AvariceGator|knew it\n|\n|t:|1700523468\n|switch|p2a: Blissey|Blissey, F|89\/100\n|move|p1a: BigLuvdisc|Wish|p1a: BigLuvdisc\n|\n|upkeep\n|turn|35\n|\n|t:|1700523474\n|move|p1a: BigLuvdisc|Flip Turn|p2a: Blissey\n|-damage|p2a: Blissey|75\/100\n|\n|t:|1700523479\n|switch|p1a: Saleos|Krookodile, M|100\/100|[from] Flip Turn\n|-damage|p1a: Saleos|94\/100|[from] Stealth Rock\n|-ability|p1a: Saleos|Intimidate|boost\n|-unboost|p2a: Blissey|atk|1\n|move|p2a: Blissey|Flamethrower|p1a: Saleos\n|-damage|p1a: Saleos|75\/100\n|\n|-heal|p1a: Saleos|100\/100|[from] move: Wish|[wisher] BigLuvdisc\n|upkeep\n|turn|36\n|\n|t:|1700523490\n|switch|p2a: Dondozo|Dondozo, M|100\/100 slp\n|-damage|p2a: Dondozo|88\/100 slp|[from] Stealth Rock\n|move|p1a: Saleos|Smack Down|p2a: Dondozo\n|-damage|p2a: Dondozo|79\/100 slp\n|\n|upkeep\n|turn|37\n|\n|t:|1700523499\n|move|p1a: Saleos|Earthquake|p2a: Dondozo\n|-damage|p2a: Dondozo|55\/100 slp\n|cant|p2a: Dondozo|slp\n|move|p2a: Dondozo|Sleep Talk|p2a: Dondozo\n|move|p2a: Dondozo|Curse|p2a: Dondozo|[from]move: Sleep Talk\n|-unboost|p2a: Dondozo|spe|1\n|-boost|p2a: Dondozo|atk|1\n|-boost|p2a: Dondozo|def|1\n|\n|upkeep\n|turn|38\n|\n|t:|1700523508\n|switch|p1a: BigLuvdisc|Alomomola, F|100\/100\n|-damage|p1a: BigLuvdisc|88\/100|[from] Stealth Rock\n|cant|p2a: Dondozo|slp\n|move|p2a: Dondozo|Sleep Talk|p2a: Dondozo\n|move|p2a: Dondozo|Wave Crash|p1a: BigLuvdisc|[from]move: Sleep Talk\n|-resisted|p1a: BigLuvdisc\n|-damage|p1a: BigLuvdisc|73\/100\n|-damage|p2a: Dondozo|50\/100 slp|[from] Recoil\n|\n|upkeep\n|turn|39\n|\n|t:|1700523519\n|move|p1a: BigLuvdisc|Scald|p2a: Dondozo\n|-resisted|p2a: Dondozo\n|-damage|p2a: Dondozo|44\/100 slp\n|-curestatus|p2a: Dondozo|slp|[msg]\n|move|p2a: Dondozo|Curse|p2a: Dondozo\n|-unboost|p2a: Dondozo|spe|1\n|-boost|p2a: Dondozo|atk|1\n|-boost|p2a: Dondozo|def|1\n|\n|upkeep\n|turn|40\n|\n|t:|1700523528\n|move|p1a: BigLuvdisc|Wish|p1a: BigLuvdisc\n|move|p2a: Dondozo|Wave Crash|p1a: BigLuvdisc\n|-resisted|p1a: BigLuvdisc\n|-damage|p1a: BigLuvdisc|50\/100\n|-damage|p2a: Dondozo|36\/100|[from] Recoil\n|\n|upkeep\n|turn|41\n|\n|t:|1700523534\n|move|p1a: BigLuvdisc|Scald|p2a: Dondozo\n|-resisted|p2a: Dondozo\n|-damage|p2a: Dondozo|30\/100\n|move|p2a: Dondozo|Rest|p2a: Dondozo\n|-status|p2a: Dondozo|slp|[from] move: Rest\n|-heal|p2a: Dondozo|100\/100 slp|[silent]\n|\n|-heal|p1a: BigLuvdisc|100\/100|[from] move: Wish|[wisher] BigLuvdisc\n|upkeep\n|turn|42\n|\n|t:|1700523544\n|move|p1a: BigLuvdisc|Wish|p1a: BigLuvdisc\n|cant|p2a: Dondozo|slp\n|move|p2a: Dondozo|Sleep Talk|p2a: Dondozo\n|move|p2a: Dondozo|Rest||[from]move: Sleep Talk|[still]\n|-fail|p2a: Dondozo\n|\n|upkeep\n|turn|43\n|\n|t:|1700523557\n|move|p1a: BigLuvdisc|Flip Turn|p2a: Dondozo\n|-resisted|p2a: Dondozo\n|-damage|p2a: Dondozo|99\/100 slp\n|\n|t:|1700523561\n|switch|p1a: Mordecai|Corviknight, M|100\/100|[from] Flip Turn\n|-damage|p1a: Mordecai|88\/100|[from] Stealth Rock\n|-ability|p1a: Mordecai|Pressure\n|cant|p2a: Dondozo|slp\n|move|p2a: Dondozo|Sleep Talk|p2a: Dondozo\n|move|p2a: Dondozo|Rest||[from]move: Sleep Talk|[still]\n|-fail|p2a: Dondozo\n|\n|-heal|p1a: Mordecai|100\/100|[from] move: Wish|[wisher] BigLuvdisc\n|upkeep\n|turn|44\n|\n|t:|1700523579\n|move|p1a: Mordecai|Defog|p2a: Dondozo\n|-unboost|p2a: Dondozo|evasion|1\n|-sideend|p2: yyysneasel|Stealth Rock|[from] move: Defog|[of] p1a: Mordecai\n|-sideend|p1: AvariceGator|Stealth Rock|[from] move: Defog|[of] p1a: Mordecai\n|-curestatus|p2a: Dondozo|slp|[msg]\n|move|p2a: Dondozo|Wave Crash|p1a: Mordecai\n|-damage|p1a: Mordecai|51\/100\n|-damage|p2a: Dondozo|86\/100|[from] Recoil\n|\n|-heal|p1a: Mordecai|57\/100|[from] item: Leftovers\n|upkeep\n|turn|45\n|\n|t:|1700523592\n|move|p1a: Mordecai|Iron Defense|p1a: Mordecai\n|-boost|p1a: Mordecai|def|2\n|move|p2a: Dondozo|Curse|p2a: Dondozo\n|-unboost|p2a: Dondozo|spe|1\n|-boost|p2a: Dondozo|atk|1\n|-boost|p2a: Dondozo|def|1\n|\n|-heal|p1a: Mordecai|63\/100|[from] item: Leftovers\n|upkeep\n|turn|46\n|\n|t:|1700523602\n|move|p1a: Mordecai|Roost|p1a: Mordecai\n|-heal|p1a: Mordecai|100\/100\n|-singleturn|p1a: Mordecai|move: Roost\n|move|p2a: Dondozo|Curse|p2a: Dondozo\n|-unboost|p2a: Dondozo|spe|1\n|-boost|p2a: Dondozo|atk|1\n|-boost|p2a: Dondozo|def|1\n|\n|upkeep\n|turn|47\n|\n|t:|1700523610\n|move|p1a: Mordecai|Body Press|p2a: Dondozo\n|-damage|p2a: Dondozo|82\/100\n|move|p2a: Dondozo|Curse|p2a: Dondozo\n|-unboost|p2a: Dondozo|spe|1\n|-boost|p2a: Dondozo|atk|1\n|-boost|p2a: Dondozo|def|1\n|\n|upkeep\n|turn|48\n|\n|t:|1700523619\n|switch|p1a: BigLuvdisc|Alomomola, F|100\/100\n|move|p2a: Dondozo|Wave Crash|p1a: BigLuvdisc\n|-resisted|p1a: BigLuvdisc\n|-damage|p1a: BigLuvdisc|59\/100\n|-damage|p2a: Dondozo|67\/100|[from] Recoil\n|\n|upkeep\n|turn|49\n|\n|t:|1700523626\n|move|p1a: BigLuvdisc|Protect|p1a: BigLuvdisc\n|-singleturn|p1a: BigLuvdisc|Protect\n|move|p2a: Dondozo|Wave Crash|p1a: BigLuvdisc\n|-activate|p1a: BigLuvdisc|move: Protect\n|\n|upkeep\n|turn|50\n|\n|t:|1700523631\n|move|p1a: BigLuvdisc|Wish|p1a: BigLuvdisc\n|move|p2a: Dondozo|Wave Crash|p1a: BigLuvdisc\n|-resisted|p1a: BigLuvdisc\n|-damage|p1a: BigLuvdisc|20\/100\n|-damage|p2a: Dondozo|54\/100|[from] Recoil\n|\n|upkeep\n|turn|51\n|\n|t:|1700523636\n|move|p1a: BigLuvdisc|Protect|p1a: BigLuvdisc\n|-singleturn|p1a: BigLuvdisc|Protect\n|move|p2a: Dondozo|Curse|p2a: Dondozo\n|-unboost|p2a: Dondozo|spe|1\n|-boost|p2a: Dondozo|atk|1\n|-boost|p2a: Dondozo|def|1\n|\n|-heal|p1a: BigLuvdisc|70\/100|[from] move: Wish|[wisher] BigLuvdisc\n|upkeep\n|turn|52\n|\n|t:|1700523646\n|move|p1a: BigLuvdisc|Wish|p1a: BigLuvdisc\n|move|p2a: Dondozo|Wave Crash|p1a: BigLuvdisc\n|-resisted|p1a: BigLuvdisc\n|-damage|p1a: BigLuvdisc|28\/100\n|-damage|p2a: Dondozo|39\/100|[from] Recoil\n|\n|upkeep\n|turn|53\n|\n|t:|1700523656\n|move|p1a: BigLuvdisc|Flip Turn|p2a: Dondozo\n|-resisted|p2a: Dondozo\n|-damage|p2a: Dondozo|38\/100\n|\n|t:|1700523659\n|switch|p1a: Cynder|Skeledirge, F|100\/100|[from] Flip Turn\n|move|p2a: Dondozo|Wave Crash|p1a: Cynder\n|-supereffective|p1a: Cynder\n|-damage|p1a: Cynder|37\/100\n|-damage|p2a: Dondozo|21\/100|[from] Recoil\n|\n|-heal|p1a: Cynder|100\/100|[from] move: Wish|[wisher] BigLuvdisc\n|upkeep\n|turn|54\n|\n|t:|1700523669\n|switch|p2a: Blissey|Blissey, F|75\/100\n|move|p1a: Cynder|Shadow Ball|p2a: Blissey\n|-immune|p2a: Blissey\n|\n|upkeep\n|turn|55\n|\n|t:|1700523676\n|switch|p1a: BigLuvdisc|Alomomola, F|61\/100\n|move|p2a: Blissey|Stealth Rock|p1a: BigLuvdisc\n|-sidestart|p1: AvariceGator|move: Stealth Rock\n|\n|upkeep\n|turn|56\n|\n|t:|1700523681\n|switch|p2a: Dondozo|Dondozo, M|21\/100\n|move|p1a: BigLuvdisc|Flip Turn|p2a: Dondozo\n|-resisted|p2a: Dondozo\n|-damage|p2a: Dondozo|18\/100\n|\n|t:|1700523687\n|switch|p1a: Saleos|Krookodile, M|100\/100|[from] Flip Turn\n|-damage|p1a: Saleos|94\/100|[from] Stealth Rock\n|-ability|p1a: Saleos|Intimidate|boost\n|-unboost|p2a: Dondozo|atk|1\n|\n|-heal|p1a: Saleos|100\/100|[from] item: Leftovers\n|upkeep\n|turn|57\n|\n|t:|1700523695\n|switch|p2a: Toxapex|Toxapex, M|100\/100\n|move|p1a: Saleos|Smack Down|p2a: Toxapex\n|-damage|p2a: Toxapex|91\/100\n|\n|upkeep\n|turn|58\n|\n|t:|1700523700\n|move|p1a: Saleos|Earthquake|p2a: Toxapex\n|-supereffective|p2a: Toxapex\n|-damage|p2a: Toxapex|23\/100\n|move|p2a: Toxapex|Toxic|p1a: Saleos\n|-status|p1a: Saleos|tox\n|\n|-damage|p1a: Saleos|94\/100 tox|[from] psn\n|upkeep\n|turn|59\n|\n|t:|1700523709\n|switch|p2a: Corviknight|Corviknight, F|100\/100\n|-ability|p2a: Corviknight|Pressure\n|move|p1a: Saleos|Knock Off|p2a: Corviknight\n|-damage|p2a: Corviknight|81\/100\n|\n|-heal|p1a: Saleos|100\/100 tox|[from] item: Leftovers\n|-damage|p1a: Saleos|88\/100 tox|[from] psn\n|upkeep\n|turn|60\n|\n|t:|1700523721\n|switch|p1a: BigLuvdisc|Alomomola, F|94\/100\n|-damage|p1a: BigLuvdisc|82\/100|[from] Stealth Rock\n|move|p2a: Corviknight|U-turn|p1a: BigLuvdisc\n|-damage|p1a: BigLuvdisc|74\/100\n|\n|t:|1700523724\n|switch|p2a: Dondozo|Dondozo, M|18\/100|[from] U-turn\n|\n|upkeep\n|turn|61\n|\n|t:|1700523731\n|move|p1a: BigLuvdisc|Flip Turn|p2a: Dondozo\n|-resisted|p2a: Dondozo\n|-damage|p2a: Dondozo|15\/100\n|\n|t:|1700523734\n|switch|p1a: Mordecai|Corviknight, M|100\/100|[from] Flip Turn\n|-damage|p1a: Mordecai|88\/100|[from] Stealth Rock\n|-ability|p1a: Mordecai|Pressure\n|move|p2a: Dondozo|Rest|p2a: Dondozo\n|-status|p2a: Dondozo|slp|[from] move: Rest\n|-heal|p2a: Dondozo|100\/100 slp|[silent]\n|\n|-heal|p1a: Mordecai|94\/100|[from] item: Leftovers\n|upkeep\n|turn|62\n|\n|t:|1700523746\n|move|p1a: Mordecai|Defog|p2a: Dondozo\n|-unboost|p2a: Dondozo|evasion|1\n|-sideend|p1: AvariceGator|Stealth Rock|[from] move: Defog|[of] p1a: Mordecai\n|cant|p2a: Dondozo|slp\n|move|p2a: Dondozo|Sleep Talk|p2a: Dondozo\n|move|p2a: Dondozo|Rest||[from]move: Sleep Talk|[still]\n|-fail|p2a: Dondozo\n|\n|-heal|p1a: Mordecai|100\/100|[from] item: Leftovers\n|upkeep\n|turn|63\n|\n|t:|1700523758\n|switch|p1a: Cynder|Skeledirge, F|100\/100\n|cant|p2a: Dondozo|slp\n|move|p2a: Dondozo|Sleep Talk|p2a: Dondozo\n|move|p2a: Dondozo|Curse|p2a: Dondozo|[from]move: Sleep Talk\n|-unboost|p2a: Dondozo|spe|1\n|-boost|p2a: Dondozo|atk|1\n|-boost|p2a: Dondozo|def|1\n|\n|upkeep\n|turn|64\n|\n|t:|1700523767\n|switch|p2a: Blissey|Blissey, F|75\/100\n|move|p1a: Cynder|Substitute|p1a: Cynder\n|-start|p1a: Cynder|Substitute\n|-damage|p1a: Cynder|75\/100\n|\n|-heal|p1a: Cynder|82\/100|[from] item: Leftovers\n|upkeep\n|turn|65\n|\n|t:|1700523774\n|move|p1a: Cynder|Torch Song|p2a: Blissey\n|-damage|p2a: Blissey|65\/100\n|-boost|p1a: Cynder|spa|1\n|move|p2a: Blissey|Stealth Rock|p1a: Cynder\n|-sidestart|p1: AvariceGator|move: Stealth Rock\n|\n|-heal|p1a: Cynder|88\/100|[from] item: Leftovers\n|upkeep\n|turn|66\n|\n|t:|1700523790\n|switch|p2a: Clefable|Clefable, M|99\/100\n|move|p1a: Cynder|Torch Song|p2a: Clefable\n|-damage|p2a: Clefable|80\/100\n|-boost|p1a: Cynder|spa|1\n|\n|-heal|p1a: Cynder|94\/100|[from] item: Leftovers\n|upkeep\n|turn|67\n|\n|t:|1700523799\n|move|p1a: Cynder|Shadow Ball|p2a: Clefable\n|-damage|p2a: Clefable|59\/100\n|move|p2a: Clefable|Wish|p2a: Clefable\n|\n|-heal|p1a: Cynder|99\/100|[from] item: Leftovers\n|upkeep\n|turn|68\n|\n|t:|1700523820\n|move|p1a: Cynder|Shadow Ball|p2a: Clefable\n|-damage|p2a: Clefable|38\/100\n|-unboost|p2a: Clefable|spd|1\n|move|p2a: Clefable|Moonblast|p1a: Cynder\n|-resisted|p1a: Cynder\n|-activate|p1a: Cynder|move: Substitute|[damage]\n|\n|-heal|p2a: Clefable|88\/100|[from] move: Wish|[wisher] Clefable\n|-heal|p1a: Cynder|100\/100|[from] item: Leftovers\n|upkeep\n|turn|69\n|\n|t:|1700523831\n|move|p2a: Clefable|Protect|p2a: Clefable\n|-singleturn|p2a: Clefable|Protect\n|move|p1a: Cynder|Shadow Ball|p2a: Clefable\n|-activate|p2a: Clefable|move: Protect\n|\n|upkeep\n|turn|70\n|inactive|yyysneasel has 120 seconds left.\n|\n|t:|1700523864\n|switch|p1a: Mordecai|Corviknight, M|100\/100\n|-damage|p1a: Mordecai|88\/100|[from] Stealth Rock\n|-ability|p1a: Mordecai|Pressure\n|switch|p2a: Blissey|Blissey, F|65\/100\n|\n|-heal|p1a: Mordecai|94\/100|[from] item: Leftovers\n|upkeep\n|turn|71\n|inactive|yyysneasel has 120 seconds left.\n|\n|t:|1700523873\n|move|p1a: Mordecai|Body Press|p2a: Blissey\n|-supereffective|p2a: Blissey\n|-damage|p2a: Blissey|16\/100\n|move|p2a: Blissey|Flamethrower|p1a: Mordecai\n|-supereffective|p1a: Mordecai\n|-crit|p1a: Mordecai\n|-damage|p1a: Mordecai|45\/100\n|\n|-heal|p1a: Mordecai|51\/100|[from] item: Leftovers\n|upkeep\n|turn|72\n|inactive|yyysneasel has 120 seconds left.\n|\n|t:|1700523899\n|switch|p2a: Toxapex|Toxapex, M|57\/100\n|move|p1a: Mordecai|Body Press|p2a: Toxapex\n|-resisted|p2a: Toxapex\n|-damage|p2a: Toxapex|48\/100\n|\n|-heal|p1a: Mordecai|58\/100|[from] item: Leftovers\n|upkeep\n|turn|73\n|\n|t:|1700523920\n|move|p1a: Mordecai|Defog|p2a: Toxapex\n|-unboost|p2a: Toxapex|evasion|1\n|-sideend|p1: AvariceGator|Stealth Rock|[from] move: Defog|[of] p1a: Mordecai\n|move|p2a: Toxapex|Infestation|p1a: Mordecai\n|-resisted|p1a: Mordecai\n|-damage|p1a: Mordecai|57\/100\n|-activate|p1a: Mordecai|move: Infestation|[of] p2a: Toxapex\n|\n|-heal|p1a: Mordecai|63\/100|[from] item: Leftovers\n|-damage|p1a: Mordecai|51\/100|[from] move: Infestation|[partiallytrapped]\n|upkeep\n|turn|74\n|\n|t:|1700523930\n|move|p1a: Mordecai|Roost|p1a: Mordecai\n|-heal|p1a: Mordecai|100\/100\n|-singleturn|p1a: Mordecai|move: Roost\n|move|p2a: Toxapex|Recover|p2a: Toxapex\n|-heal|p2a: Toxapex|98\/100\n|\n|-damage|p1a: Mordecai|88\/100|[from] move: Infestation|[partiallytrapped]\n|upkeep\n|turn|75\n|\n|t:|1700523948\n|move|p1a: Mordecai|Iron Defense|p1a: Mordecai\n|-boost|p1a: Mordecai|def|2\n|move|p2a: Toxapex|Surf|p1a: Mordecai\n|-damage|p1a: Mordecai|71\/100\n|\n|-heal|p1a: Mordecai|77\/100|[from] item: Leftovers\n|-damage|p1a: Mordecai|65\/100|[from] move: Infestation|[partiallytrapped]\n|upkeep\n|turn|76\n|\n|t:|1700523957\n|move|p1a: Mordecai|Iron Defense|p1a: Mordecai\n|-boost|p1a: Mordecai|def|2\n|move|p2a: Toxapex|Surf|p1a: Mordecai\n|-damage|p1a: Mordecai|46\/100\n|\n|-heal|p1a: Mordecai|52\/100|[from] item: Leftovers\n|-damage|p1a: Mordecai|40\/100|[from] move: Infestation|[partiallytrapped]\n|upkeep\n|turn|77\n|inactive|yyysneasel has 90 seconds left.\n|\n|t:|1700523982\n|move|p1a: Mordecai|Roost|p1a: Mordecai\n|-heal|p1a: Mordecai|90\/100\n|-singleturn|p1a: Mordecai|move: Roost\n|move|p2a: Toxapex|Surf|p1a: Mordecai\n|-damage|p1a: Mordecai|70\/100\n|\n|-heal|p1a: Mordecai|76\/100|[from] item: Leftovers\n|-end|p1a: Mordecai|Infestation|[partiallytrapped]\n|upkeep\n|turn|78\n|inactive|yyysneasel has 90 seconds left.\n|\n|t:|1700524003\n|switch|p1a: Kylo|Cyclizar, M|100\/100\n|move|p2a: Toxapex|Infestation|p1a: Kylo\n|-damage|p1a: Kylo|95\/100\n|-activate|p1a: Kylo|move: Infestation|[of] p2a: Toxapex\n|\n|-damage|p1a: Kylo|83\/100|[from] move: Infestation|[partiallytrapped]\n|upkeep\n|turn|79\n|\n|t:|1700524010\n|move|p1a: Kylo|Knock Off|p2a: Toxapex\n|-damage|p2a: Toxapex|78\/100\n|-enditem|p2a: Toxapex|Heavy-Duty Boots|[from] move: Knock Off|[of] p1a: Kylo\n|-damage|p1a: Kylo|73\/100|[from] item: Life Orb\n|move|p2a: Toxapex|Toxic|p1a: Kylo\n|-status|p1a: Kylo|tox\n|\n|-damage|p1a: Kylo|67\/100 tox|[from] psn\n|-damage|p1a: Kylo|54\/100 tox|[from] move: Infestation|[partiallytrapped]\n|upkeep\n|turn|80\n|inactive|yyysneasel has 90 seconds left.\n|\n|t:|1700524040\n|move|p1a: Kylo|U-turn|p2a: Toxapex\n|-resisted|p2a: Toxapex\n|-damage|p2a: Toxapex|71\/100\n|-damage|p1a: Kylo|44\/100 tox|[from] item: Life Orb\n|\n|t:|1700524045\n|switch|p1a: BigLuvdisc|Alomomola, F|100\/100|[from] U-turn\n|move|p2a: Toxapex|Infestation|p1a: BigLuvdisc\n|-damage|p1a: BigLuvdisc|97\/100\n|-activate|p1a: BigLuvdisc|move: Infestation|[of] p2a: Toxapex\n|\n|-damage|p1a: BigLuvdisc|84\/100|[from] move: Infestation|[partiallytrapped]\n|upkeep\n|turn|81\n|\n|t:|1700524052\n|move|p1a: BigLuvdisc|Flip Turn|p2a: Toxapex\n|-resisted|p2a: Toxapex\n|-damage|p2a: Toxapex|67\/100\n|\n|t:|1700524058\n|switch|p1a: Kylo|Cyclizar, M|77\/100 tox|[from] Flip Turn\n|move|p2a: Toxapex|Toxic|p1a: Kylo\n|-fail|p1a: Kylo|tox\n|\n|-damage|p1a: Kylo|71\/100 tox|[from] psn\n|upkeep\n|turn|82\n|\n|t:|1700524066\n|move|p1a: Kylo|U-turn|p2a: Toxapex\n|-resisted|p2a: Toxapex\n|-damage|p2a: Toxapex|59\/100\n|-damage|p1a: Kylo|61\/100 tox|[from] item: Life Orb\n|\n|t:|1700524070\n|switch|p1a: BigLuvdisc|Alomomola, F|100\/100|[from] U-turn\n|move|p2a: Toxapex|Infestation|p1a: BigLuvdisc\n|-damage|p1a: BigLuvdisc|97\/100\n|-activate|p1a: BigLuvdisc|move: Infestation|[of] p2a: Toxapex\n|\n|-damage|p1a: BigLuvdisc|85\/100|[from] move: Infestation|[partiallytrapped]\n|upkeep\n|turn|83\n|\n|t:|1700524080\n|switch|p2a: Slowking|Slowking-Galar, M|90\/100\n|move|p1a: BigLuvdisc|Flip Turn|p2a: Slowking\n|-damage|p2a: Slowking|71\/100\n|-damage|p1a: BigLuvdisc|68\/100|[from] item: Rocky Helmet|[of] p2a: Slowking\n|\n|t:|1700524091\n|switch|p1a: Mitty|Blissey, F, shiny|94\/100|[from] Flip Turn\n|\n|-heal|p1a: Mitty|99\/100|[from] item: Leftovers\n|upkeep\n|turn|84\n|\n|t:|1700524097\n|move|p2a: Slowking|Future Sight|p1a: Mitty\n|-start|p2a: Slowking|move: Future Sight\n|move|p1a: Mitty|Heal Bell|p1a: Mitty\n|-activate|p1a: Mitty|move: Heal Bell\n|-curestatus|p1: Saleos|tox|[msg]\n|-curestatus|p1: Kylo|tox|[msg]\n|\n|-heal|p1a: Mitty|100\/100|[from] item: Leftovers\n|upkeep\n|turn|85\n|inactive|yyysneasel has 120 seconds left.\n|\n|t:|1700524108\n|switch|p1a: Saleos|Krookodile, M|88\/100\n|-ability|p1a: Saleos|Intimidate|boost\n|-unboost|p2a: Slowking|atk|1\n|move|p2a: Slowking|Sludge Bomb|p1a: Saleos\n|-resisted|p1a: Saleos\n|-damage|p1a: Saleos|64\/100\n|-status|p1a: Saleos|psn\n|\n|-heal|p1a: Saleos|70\/100 psn|[from] item: Leftovers\n|-damage|p1a: Saleos|58\/100 psn|[from] psn\n|upkeep\n|turn|86\n|inactive|yyysneasel has 120 seconds left.\n|\n|t:|1700524120\n|switch|p2a: Corviknight|Corviknight, F|81\/100\n|-ability|p2a: Corviknight|Pressure\n|move|p1a: Saleos|Knock Off|p2a: Corviknight\n|-damage|p2a: Corviknight|61\/100\n|\n|-end|p1a: Saleos|move: Future Sight\n|-immune|p1a: Saleos\n|-heal|p1a: Saleos|64\/100 psn|[from] item: Leftovers\n|-damage|p1a: Saleos|51\/100 psn|[from] psn\n|upkeep\n|turn|87\n|\n|t:|1700524134\n|switch|p1a: BigLuvdisc|Alomomola, F|100\/100\n|move|p2a: Corviknight|Roost|p2a: Corviknight\n|-heal|p2a: Corviknight|100\/100\n|-singleturn|p2a: Corviknight|move: Roost\n|\n|upkeep\n|turn|88\n|\n|t:|1700524142\n|switch|p2a: Slowking|Slowking-Galar, M|100\/100\n|move|p1a: BigLuvdisc|Flip Turn|p2a: Slowking\n|-damage|p2a: Slowking|82\/100\n|-damage|p1a: BigLuvdisc|84\/100|[from] item: Rocky Helmet|[of] p2a: Slowking\n|\n|t:|1700524150\n|switch|p1a: Kylo|Cyclizar, M|94\/100|[from] Flip Turn\n|\n|upkeep\n|turn|89\n|\n|t:|1700524157\n|switch|p2a: Toxapex|Toxapex, M|93\/100\n|move|p1a: Kylo|Knock Off|p2a: Toxapex\n|-damage|p2a: Toxapex|78\/100\n|-damage|p1a: Kylo|84\/100|[from] item: Life Orb\n|\n|upkeep\n|turn|90\n|inactive|AvariceGator has 120 seconds left.\n|inactive|AvariceGator has 90 seconds left.\n|\n|t:|1700524244\n|move|p1a: Kylo|Double-Edge|p2a: Toxapex\n|-damage|p2a: Toxapex|40\/100\n|-damage|p1a: Kylo|71\/100|[from] Recoil\n|-damage|p1a: Kylo|61\/100|[from] item: Life Orb\n|move|p2a: Toxapex|Toxic|p1a: Kylo\n|-status|p1a: Kylo|tox\n|\n|-damage|p1a: Kylo|55\/100 tox|[from] psn\n|upkeep\n|turn|91\n|inactive|AvariceGator has 60 seconds left.\n|inactive|yyysneasel has 120 seconds left.\n|\n|t:|1700524273\n|switch|p2a: Corviknight|Corviknight, F|100\/100\n|-ability|p2a: Corviknight|Pressure\n|move|p1a: Kylo|U-turn|p2a: Corviknight\n|-resisted|p2a: Corviknight\n|-damage|p2a: Corviknight|97\/100\n|-damage|p1a: Kylo|45\/100 tox|[from] item: Life Orb\n|\n|t:|1700524284\n|switch|p1a: BigLuvdisc|Alomomola, F|100\/100|[from] U-turn\n|\n|upkeep\n|turn|92\n|inactive|yyysneasel has 120 seconds left.\n|\n|t:|1700524309\n|switch|p2a: Blissey|Blissey, F|16\/100\n|move|p1a: BigLuvdisc|Scald|p2a: Blissey\n|-damage|p2a: Blissey|11\/100\n|\n|upkeep\n|turn|93\n|\n|t:|1700524317\n|switch|p2a: Slowking|Slowking-Galar, M|100\/100\n|move|p1a: BigLuvdisc|Flip Turn|p2a: Slowking\n|-damage|p2a: Slowking|83\/100\n|-damage|p1a: BigLuvdisc|84\/100|[from] item: Rocky Helmet|[of] p2a: Slowking\n|\n|t:|1700524330\n|switch|p1a: Saleos|Krookodile, M|51\/100 psn|[from] Flip Turn\n|-ability|p1a: Saleos|Intimidate|boost\n|-unboost|p2a: Slowking|atk|1\n|\n|-heal|p1a: Saleos|57\/100 psn|[from] item: Leftovers\n|-damage|p1a: Saleos|45\/100 psn|[from] psn\n|upkeep\n|turn|94\n|\n|t:|1700524353\n|switch|p2a: Dondozo|Dondozo, M|100\/100 slp\n|move|p1a: Saleos|Knock Off|p2a: Dondozo\n|-damage|p2a: Dondozo|86\/100 slp\n|\n|-heal|p1a: Saleos|51\/100 psn|[from] item: Leftovers\n|-damage|p1a: Saleos|39\/100 psn|[from] psn\n|upkeep\n|turn|95\n|\n|t:|1700524367\n|switch|p1a: BigLuvdisc|Alomomola, F|100\/100\n|switch|p2a: Corviknight|Corviknight, F|97\/100\n|-ability|p2a: Corviknight|Pressure\n|\n|upkeep\n|turn|96\n|inactive|yyysneasel has 90 seconds left.\n|\n|t:|1700524385\n|switch|p2a: Slowking|Slowking-Galar, M|100\/100\n|move|p1a: BigLuvdisc|Scald|p2a: Slowking\n|-damage|p2a: Slowking|88\/100\n|\n|upkeep\n|turn|97\n|\n|t:|1700524393\n|move|p2a: Slowking|Future Sight|p1a: BigLuvdisc\n|-start|p2a: Slowking|move: Future Sight\n|move|p1a: BigLuvdisc|Scald|p2a: Slowking\n|-damage|p2a: Slowking|77\/100\n|\n|upkeep\n|turn|98\n|inactive|yyysneasel has 90 seconds left.\n|\n|t:|1700524410\n|move|p2a: Slowking|Sludge Bomb|p1a: BigLuvdisc\n|-damage|p1a: BigLuvdisc|53\/100\n|-status|p1a: BigLuvdisc|psn\n|move|p1a: BigLuvdisc|Scald|p2a: Slowking\n|-damage|p2a: Slowking|64\/100\n|\n|-damage|p1a: BigLuvdisc|40\/100 psn|[from] psn\n|upkeep\n|turn|99\n|\n|t:|1700524419\n|switch|p1a: Mitty|Blissey, F, shiny|100\/100\n|move|p2a: Slowking|Sludge Bomb|p1a: Mitty\n|-damage|p1a: Mitty|85\/100\n|-status|p1a: Mitty|psn\n|\n|-end|p1a: Mitty|move: Future Sight\n|-damage|p1a: Mitty|64\/100 psn\n|-heal|p1a: Mitty|70\/100 psn|[from] item: Leftovers\n|-damage|p1a: Mitty|58\/100 psn|[from] psn\n|upkeep\n|turn|100\n|\n|t:|1700524432\n|-curestatus|p1a: Mitty|psn|[from] ability: Natural Cure\n|switch|p1a: Kylo|Cyclizar, M|78\/100 tox\n|move|p2a: Slowking|Future Sight|p1a: Kylo\n|-start|p2a: Slowking|move: Future Sight\n|\n|-damage|p1a: Kylo|72\/100 tox|[from] psn\n|upkeep\n|turn|101\n|\n|t:|1700524439\n|switch|p2a: Toxapex|Toxapex, M|74\/100\n|move|p1a: Kylo|U-turn|p2a: Toxapex\n|-resisted|p2a: Toxapex\n|-damage|p2a: Toxapex|66\/100\n|-damage|p1a: Kylo|62\/100 tox|[from] item: Life Orb\n|\n|t:|1700524450\n|switch|p1a: Mitty|Blissey, F, shiny|58\/100|[from] U-turn\n|\n|-heal|p1a: Mitty|64\/100|[from] item: Leftovers\n|upkeep\n|turn|102\n|inactive|AvariceGator has 30 seconds left.\n|\n|t:|1700524461\n|move|p1a: Mitty|Heal Bell|p1a: Mitty\n|-activate|p1a: Mitty|move: Heal Bell\n|-curestatus|p1: Saleos|psn|[msg]\n|-curestatus|p1: BigLuvdisc|psn|[msg]\n|-curestatus|p1: Kylo|tox|[msg]\n|move|p2a: Toxapex|Infestation|p1a: Mitty\n|-damage|p1a: Mitty|63\/100\n|-activate|p1a: Mitty|move: Infestation|[of] p2a: Toxapex\n|\n|-end|p1a: Mitty|move: Future Sight\n|-damage|p1a: Mitty|44\/100\n|-heal|p1a: Mitty|51\/100|[from] item: Leftovers\n|-damage|p1a: Mitty|38\/100|[from] move: Infestation|[partiallytrapped]\n|upkeep\n|turn|103\n|inactive|AvariceGator has 30 seconds left.\n|\n|t:|1700524474\n|move|p1a: Mitty|Soft-Boiled|p1a: Mitty\n|-heal|p1a: Mitty|88\/100\n|move|p2a: Toxapex|Toxic|p1a: Mitty\n|-status|p1a: Mitty|tox\n|\n|-heal|p1a: Mitty|94\/100 tox|[from] item: Leftovers\n|-damage|p1a: Mitty|88\/100 tox|[from] psn\n|-damage|p1a: Mitty|76\/100 tox|[from] move: Infestation|[partiallytrapped]\n|upkeep\n|turn|104\n|inactive|AvariceGator has 30 seconds left this turn.\n|\n|t:|1700524482\n|move|p1a: Mitty|Calm Mind|p1a: Mitty\n|-boost|p1a: Mitty|spa|1\n|-boost|p1a: Mitty|spd|1\n|move|p2a: Toxapex|Surf|p1a: Mitty\n|-damage|p1a: Mitty|71\/100 tox\n|\n|-heal|p1a: Mitty|77\/100 tox|[from] item: Leftovers\n|-damage|p1a: Mitty|65\/100 tox|[from] psn\n|-damage|p1a: Mitty|52\/100 tox|[from] move: Infestation|[partiallytrapped]\n|upkeep\n|turn|105\n|inactive|AvariceGator has 30 seconds left this turn.\n|\n|t:|1700524490\n|move|p1a: Mitty|Calm Mind|p1a: Mitty\n|-boost|p1a: Mitty|spa|1\n|-boost|p1a: Mitty|spd|1\n|move|p2a: Toxapex|Infestation|p1a: Mitty\n|-damage|p1a: Mitty|51\/100 tox\n|\n|-heal|p1a: Mitty|58\/100 tox|[from] item: Leftovers\n|-damage|p1a: Mitty|39\/100 tox|[from] psn\n|-damage|p1a: Mitty|27\/100 tox|[from] move: Infestation|[partiallytrapped]\n|upkeep\n|turn|106\n|inactive|AvariceGator has 30 seconds left this turn.\n|\n|t:|1700524504\n|move|p1a: Mitty|Heal Bell|p1a: Mitty\n|-activate|p1a: Mitty|move: Heal Bell\n|-curestatus|p1a: Mitty|tox|[msg]\n|move|p2a: Toxapex|Recover|p2a: Toxapex\n|-heal|p2a: Toxapex|100\/100\n|\n|-heal|p1a: Mitty|33\/100|[from] item: Leftovers\n|-end|p1a: Mitty|Infestation|[partiallytrapped]\n|upkeep\n|turn|107\n|inactive|AvariceGator has 30 seconds left this turn.\n|\n|t:|1700524512\n|switch|p1a: Kylo|Cyclizar, M|95\/100\n|move|p2a: Toxapex|Infestation|p1a: Kylo\n|-damage|p1a: Kylo|90\/100\n|-activate|p1a: Kylo|move: Infestation|[of] p2a: Toxapex\n|\n|-damage|p1a: Kylo|78\/100|[from] move: Infestation|[partiallytrapped]\n|upkeep\n|turn|108\n|inactive|AvariceGator has 30 seconds left this turn.\n|\n|t:|1700524519\n|move|p1a: Kylo|U-turn|p2a: Toxapex\n|-resisted|p2a: Toxapex\n|-damage|p2a: Toxapex|93\/100\n|-damage|p1a: Kylo|68\/100|[from] item: Life Orb\n|inactive|AvariceGator has 30 seconds left this turn.\n|\n|t:|1700524523\n|switch|p1a: BigLuvdisc|Alomomola, F|74\/100|[from] U-turn\n|move|p2a: Toxapex|Infestation|p1a: BigLuvdisc\n|-damage|p1a: BigLuvdisc|70\/100\n|-activate|p1a: BigLuvdisc|move: Infestation|[of] p2a: Toxapex\n|\n|-damage|p1a: BigLuvdisc|58\/100|[from] move: Infestation|[partiallytrapped]\n|upkeep\n|turn|109\n|inactive|AvariceGator has 30 seconds left.\n|\n|t:|1700524530\n|move|p1a: BigLuvdisc|Flip Turn|p2a: Toxapex\n|-resisted|p2a: Toxapex\n|-damage|p2a: Toxapex|88\/100\n|\n|t:|1700524533\n|switch|p1a: Kylo|Cyclizar, M|100\/100|[from] Flip Turn\n|move|p2a: Toxapex|Toxic|p1a: Kylo\n|-status|p1a: Kylo|tox\n|\n|-damage|p1a: Kylo|94\/100 tox|[from] psn\n|upkeep\n|turn|110\n|\n|t:|1700524540\n|move|p1a: Kylo|Double-Edge|p2a: Toxapex\n|-damage|p2a: Toxapex|51\/100\n|-damage|p1a: Kylo|81\/100 tox|[from] Recoil\n|-damage|p1a: Kylo|71\/100 tox|[from] item: Life Orb\n|move|p2a: Toxapex|Infestation|p1a: Kylo\n|-crit|p1a: Kylo\n|-damage|p1a: Kylo|63\/100 tox\n|-activate|p1a: Kylo|move: Infestation|[of] p2a: Toxapex\n|\n|-damage|p1a: Kylo|51\/100 tox|[from] psn\n|-damage|p1a: Kylo|39\/100 tox|[from] move: Infestation|[partiallytrapped]\n|upkeep\n|turn|111\n|inactive|AvariceGator has 30 seconds left.\n|\n|t:|1700524551\n|move|p1a: Kylo|U-turn|p2a: Toxapex\n|-resisted|p2a: Toxapex\n|-damage|p2a: Toxapex|44\/100\n|-damage|p1a: Kylo|29\/100 tox|[from] item: Life Orb\n|\n|t:|1700524555\n|switch|p1a: BigLuvdisc|Alomomola, F|91\/100|[from] U-turn\n|move|p2a: Toxapex|Toxic|p1a: BigLuvdisc\n|-status|p1a: BigLuvdisc|tox\n|\n|-damage|p1a: BigLuvdisc|85\/100 tox|[from] psn\n|upkeep\n|turn|112\n|\n|t:|1700524562\n|move|p1a: BigLuvdisc|Flip Turn|p2a: Toxapex\n|-resisted|p2a: Toxapex\n|-damage|p2a: Toxapex|40\/100\n|\n|t:|1700524566\n|switch|p1a: Saleos|Krookodile, M|39\/100|[from] Flip Turn\n|-ability|p1a: Saleos|Intimidate|boost\n|-unboost|p2a: Toxapex|atk|1\n|move|p2a: Toxapex|Infestation|p1a: Saleos\n|-supereffective|p1a: Saleos\n|-damage|p1a: Saleos|31\/100\n|-activate|p1a: Saleos|move: Infestation|[of] p2a: Toxapex\n|\n|-heal|p1a: Saleos|38\/100|[from] item: Leftovers\n|-damage|p1a: Saleos|25\/100|[from] move: Infestation|[partiallytrapped]\n|upkeep\n|turn|113\n|\n|t:|1700524575\n|switch|p2a: Corviknight|Corviknight, F|97\/100\n|-ability|p2a: Corviknight|Pressure\n|move|p1a: Saleos|Earthquake|p2a: Corviknight\n|-immune|p2a: Corviknight\n|\n|-heal|p1a: Saleos|31\/100|[from] item: Leftovers\n|-end|p1a: Saleos|Infestation|[partiallytrapped]|[silent]\n|upkeep\n|turn|114\n|\n|t:|1700524584\n|switch|p1a: BigLuvdisc|Alomomola, F|100\/100 tox\n|move|p2a: Corviknight|U-turn|p1a: BigLuvdisc\n|-damage|p1a: BigLuvdisc|93\/100 tox\n|\n|t:|1700524591\n|switch|p2a: Slowking|Slowking-Galar, M|97\/100|[from] U-turn\n|\n|-damage|p1a: BigLuvdisc|87\/100 tox|[from] psn\n|upkeep\n|turn|115\n|\n|t:|1700524596\n|move|p2a: Slowking|Future Sight|p1a: BigLuvdisc\n|-start|p2a: Slowking|move: Future Sight\n|move|p1a: BigLuvdisc|Wish|p1a: BigLuvdisc\n|\n|-damage|p1a: BigLuvdisc|74\/100 tox|[from] psn\n|upkeep\n|turn|116\n|\n|t:|1700524601\n|move|p2a: Slowking|Sludge Bomb|p1a: BigLuvdisc\n|-damage|p1a: BigLuvdisc|28\/100 tox\n|move|p1a: BigLuvdisc|Flip Turn|p2a: Slowking\n|-damage|p2a: Slowking|80\/100\n|-damage|p1a: BigLuvdisc|12\/100 tox|[from] item: Rocky Helmet|[of] p2a: Slowking\n|\n|t:|1700524607\n|switch|p1a: Saleos|Krookodile, M|31\/100|[from] Flip Turn\n|-ability|p1a: Saleos|Intimidate|boost\n|-unboost|p2a: Slowking|atk|1\n|\n|-heal|p1a: Saleos|99\/100|[from] move: Wish|[wisher] BigLuvdisc\n|-heal|p1a: Saleos|100\/100|[from] item: Leftovers\n|upkeep\n|turn|117\n|\n|t:|1700524617\n|switch|p2a: Corviknight|Corviknight, F|97\/100\n|-ability|p2a: Corviknight|Pressure\n|move|p1a: Saleos|Smack Down|p2a: Corviknight\n|-damage|p2a: Corviknight|87\/100\n|-start|p2a: Corviknight|Smack Down\n|\n|-end|p1a: Saleos|move: Future Sight\n|-immune|p1a: Saleos\n|upkeep\n|turn|118\n|\n|t:|1700524626\n|switch|p2a: Dondozo|Dondozo, M|86\/100 slp\n|move|p1a: Saleos|Earthquake|p2a: Dondozo\n|-damage|p2a: Dondozo|64\/100 slp\n|\n|upkeep\n|turn|119\n|\n|t:|1700524633\n|switch|p2a: Corviknight|Corviknight, F|87\/100\n|-ability|p2a: Corviknight|Pressure\n|move|p1a: Saleos|Earthquake|p2a: Corviknight\n|-immune|p2a: Corviknight\n|\n|upkeep\n|turn|120\n|\n|t:|1700524643\n|switch|p1a: Cynder|Skeledirge, F|100\/100\n|move|p2a: Corviknight|U-turn|p1a: Cynder\n|-resisted|p1a: Cynder\n|-damage|p1a: Cynder|98\/100\n|\n|t:|1700524664\n|switch|p2a: Toxapex|Toxapex, M|73\/100|[from] U-turn\n|\n|-heal|p1a: Cynder|100\/100|[from] item: Leftovers\n|upkeep\n|turn|121\n|\n|t:|1700524669\n|move|p1a: Cynder|Substitute|p1a: Cynder\n|-start|p1a: Cynder|Substitute\n|-damage|p1a: Cynder|75\/100\n|move|p2a: Toxapex|Infestation|p1a: Cynder\n|-resisted|p1a: Cynder\n|-activate|p1a: Cynder|move: Substitute|[damage]\n|\n|-heal|p1a: Cynder|82\/100|[from] item: Leftovers\n|upkeep\n|turn|122\n|\n|t:|1700524677\n|switch|p2a: Slowking|Slowking-Galar, M|100\/100\n|move|p1a: Cynder|Torch Song|p2a: Slowking\n|-damage|p2a: Slowking|73\/100\n|-boost|p1a: Cynder|spa|1\n|\n|-heal|p1a: Cynder|88\/100|[from] item: Leftovers\n|upkeep\n|turn|123\n|\n|t:|1700524686\n|switch|p2a: Toxapex|Toxapex, M|100\/100\n|move|p1a: Cynder|Shadow Ball|p2a: Toxapex\n|-damage|p2a: Toxapex|65\/100\n|\n|-heal|p1a: Cynder|94\/100|[from] item: Leftovers\n|upkeep\n|turn|124\n|\n|t:|1700524694\n|switch|p2a: Clefable|Clefable, M|88\/100\n|move|p1a: Cynder|Torch Song|p2a: Clefable\n|-damage|p2a: Clefable|70\/100\n|-boost|p1a: Cynder|spa|1\n|\n|-heal|p1a: Cynder|99\/100|[from] item: Leftovers\n|upkeep\n|turn|125\n|\n|t:|1700524704\n|move|p1a: Cynder|Torch Song|p2a: Clefable\n|-damage|p2a: Clefable|50\/100\n|-boost|p1a: Cynder|spa|1\n|move|p2a: Clefable|Knock Off|p1a: Cynder\n|-supereffective|p1a: Cynder\n|-end|p1a: Cynder|Substitute\n|\n|-heal|p1a: Cynder|100\/100|[from] item: Leftovers\n|upkeep\n|turn|126\n|\n|t:|1700524717\n|switch|p1a: Mordecai|Corviknight, M|76\/100\n|-ability|p1a: Mordecai|Pressure\n|move|p2a: Clefable|Wish|p2a: Clefable\n|\n|-heal|p1a: Mordecai|83\/100|[from] item: Leftovers\n|upkeep\n|turn|127\n|inactive|yyysneasel has 120 seconds left.\n|\n|t:|1700524760\n|move|p1a: Mordecai|Body Press|p2a: Clefable\n|-resisted|p2a: Clefable\n|-damage|p2a: Clefable|35\/100\n|move|p2a: Clefable|Knock Off|p1a: Mordecai\n|-damage|p1a: Mordecai|72\/100\n|-enditem|p1a: Mordecai|Leftovers|[from] move: Knock Off|[of] p2a: Clefable\n|\n|-heal|p2a: Clefable|85\/100|[from] move: Wish|[wisher] Clefable\n|upkeep\n|turn|128\n|\n|t:|1700524769\n|switch|p2a: Slowking|Slowking-Galar, M|100\/100\n|move|p1a: Mordecai|Iron Defense|p1a: Mordecai\n|-boost|p1a: Mordecai|def|2\n|\n|upkeep\n|turn|129\n|\n|t:|1700524777\n|switch|p1a: Mitty|Blissey, F, shiny|33\/100\n|move|p2a: Slowking|Thunder Wave|p1a: Mitty\n|-status|p1a: Mitty|par\n|\n|-heal|p1a: Mitty|39\/100 par|[from] item: Leftovers\n|upkeep\n|turn|130\n|\n|t:|1700524789\n|move|p2a: Slowking|Future Sight|p1a: Mitty\n|-start|p2a: Slowking|move: Future Sight\n|cant|p1a: Mitty|par\n|\n|-heal|p1a: Mitty|45\/100 par|[from] item: Leftovers\n|upkeep\n|turn|131\n|\n|t:|1700524794\n|switch|p2a: Blissey|Blissey, F|11\/100\n|cant|p1a: Mitty|par\n|\n|-heal|p1a: Mitty|51\/100 par|[from] item: Leftovers\n|upkeep\n|turn|132\n|c|\u2606AvariceGator|:\/\n|\n|t:|1700524801\n|move|p2a: Blissey|Soft-Boiled|p2a: Blissey\n|-heal|p2a: Blissey|61\/100\n|move|p1a: Mitty|Heal Bell|p1a: Mitty\n|-activate|p1a: Mitty|move: Heal Bell\n|-curestatus|p1a: Mitty|par|[msg]\n|-curestatus|p1: BigLuvdisc|tox|[msg]\n|-curestatus|p1: Kylo|tox|[msg]\n|\n|-end|p1a: Mitty|move: Future Sight\n|-damage|p1a: Mitty|33\/100\n|-heal|p1a: Mitty|39\/100|[from] item: Leftovers\n|upkeep\n|turn|133\n|\n|t:|1700524814\n|move|p1a: Mitty|Soft-Boiled|p1a: Mitty\n|-heal|p1a: Mitty|89\/100\n|move|p2a: Blissey|Stealth Rock|p1a: Mitty\n|-sidestart|p1: AvariceGator|move: Stealth Rock\n|\n|-heal|p1a: Mitty|95\/100|[from] item: Leftovers\n|upkeep\n|turn|134\n|\n|t:|1700524822\n|switch|p1a: BigLuvdisc|Alomomola, F|45\/100\n|-damage|p1a: BigLuvdisc|33\/100|[from] Stealth Rock\n|move|p2a: Blissey|Seismic Toss|p1a: BigLuvdisc\n|-damage|p1a: BigLuvdisc|14\/100\n|\n|upkeep\n|turn|135\n|\n|t:|1700524829\n|switch|p1a: Cynder|Skeledirge, F|100\/100\n|-damage|p1a: Cynder|75\/100|[from] Stealth Rock\n|switch|p2a: Corviknight|Corviknight, F|87\/100\n|-ability|p2a: Corviknight|Pressure\n|\n|-heal|p1a: Cynder|82\/100|[from] item: Leftovers\n|upkeep\n|turn|136\n|inactive|AvariceGator has 30 seconds left.\n|\n|t:|1700524850\n|switch|p2a: Toxapex|Toxapex, M|98\/100\n|switch|p1a: Mordecai|Corviknight, M|72\/100\n|-damage|p1a: Mordecai|60\/100|[from] Stealth Rock\n|-ability|p1a: Mordecai|Pressure\n|\n|upkeep\n|turn|137\n|inactive|AvariceGator has 30 seconds left this turn.\n|inactive|AvariceGator has 20 seconds left.\n|inactive|yyysneasel has 120 seconds left.\n|\n|t:|1700524871\n|switch|p1a: Kylo|Cyclizar, M|62\/100\n|-damage|p1a: Kylo|50\/100|[from] Stealth Rock\n|move|p2a: Toxapex|Infestation|p1a: Kylo\n|-damage|p1a: Kylo|44\/100\n|-activate|p1a: Kylo|move: Infestation|[of] p2a: Toxapex\n|\n|-damage|p1a: Kylo|32\/100|[from] move: Infestation|[partiallytrapped]\n|upkeep\n|turn|138\n|inactive|AvariceGator has 25 seconds left this turn.\n|inactive|AvariceGator has 20 seconds left.\n|\n|t:|1700524878\n|move|p1a: Kylo|U-turn|p2a: Toxapex\n|-resisted|p2a: Toxapex\n|-damage|p2a: Toxapex|90\/100\n|-damage|p1a: Kylo|22\/100|[from] item: Life Orb\n|inactive|AvariceGator has 25 seconds left this turn.\n|\n|t:|1700524883\n|switch|p1a: BigLuvdisc|Alomomola, F|47\/100|[from] U-turn\n|-damage|p1a: BigLuvdisc|35\/100|[from] Stealth Rock\n|move|p2a: Toxapex|Infestation|p1a: BigLuvdisc\n|-damage|p1a: BigLuvdisc|31\/100\n|-activate|p1a: BigLuvdisc|move: Infestation|[of] p2a: Toxapex\n|\n|-damage|p1a: BigLuvdisc|19\/100|[from] move: Infestation|[partiallytrapped]\n|upkeep\n|turn|139\n|inactive|AvariceGator has 30 seconds left this turn.\n|inactive|yyysneasel has 120 seconds left.\n|\n|t:|1700524891\n|move|p1a: BigLuvdisc|Flip Turn|p2a: Toxapex\n|-resisted|p2a: Toxapex\n|-damage|p2a: Toxapex|86\/100\n|inactive|AvariceGator has 30 seconds left this turn.\n|\n|t:|1700524895\n|switch|p1a: Kylo|Cyclizar, M|55\/100|[from] Flip Turn\n|-damage|p1a: Kylo|42\/100|[from] Stealth Rock\n|move|p2a: Toxapex|Toxic|p1a: Kylo\n|-status|p1a: Kylo|tox\n|\n|-damage|p1a: Kylo|36\/100 tox|[from] psn\n|upkeep\n|turn|140\n|inactive|AvariceGator has 30 seconds left.\n|\n|t:|1700524903\n|move|p1a: Kylo|Rapid Spin|p2a: Toxapex\n|-damage|p2a: Toxapex|69\/100\n|-boost|p1a: Kylo|spe|1\n|-sideend|p1: AvariceGator|Stealth Rock|[from] move: Rapid Spin|[of] p1a: Kylo\n|-damage|p1a: Kylo|26\/100 tox|[from] item: Life Orb\n|move|p2a: Toxapex|Infestation|p1a: Kylo\n|-damage|p1a: Kylo|21\/100 tox\n|-activate|p1a: Kylo|move: Infestation|[of] p2a: Toxapex\n|\n|-damage|p1a: Kylo|9\/100 tox|[from] psn\n|-damage|p1a: Kylo|0 fnt|[from] move: Infestation|[partiallytrapped]\n|faint|p1a: Kylo\n|upkeep\n|inactive|AvariceGator has 30 seconds left.\n|\n|t:|1700524914\n|switch|p1a: Saleos|Krookodile, M|100\/100\n|-ability|p1a: Saleos|Intimidate|boost\n|-unboost|p2a: Toxapex|atk|1\n|turn|141\n|inactive|AvariceGator has 30 seconds left this turn.\n|\n|t:|1700524919\n|switch|p2a: Corviknight|Corviknight, F|87\/100\n|-ability|p2a: Corviknight|Pressure\n|move|p1a: Saleos|Smack Down|p2a: Corviknight\n|-damage|p2a: Corviknight|76\/100\n|-start|p2a: Corviknight|Smack Down\n|\n|upkeep\n|turn|142\n|inactive|AvariceGator has 30 seconds left this turn.\n|\n|t:|1700524927\n|switch|p2a: Dondozo|Dondozo, M|64\/100 slp\n|move|p1a: Saleos|Stealth Rock|p2a: Dondozo\n|-sidestart|p2: yyysneasel|move: Stealth Rock\n|\n|upkeep\n|turn|143\n|inactive|AvariceGator has 30 seconds left this turn.\n|\n|t:|1700524935\n|switch|p2a: Corviknight|Corviknight, F|76\/100\n|-damage|p2a: Corviknight|64\/100|[from] Stealth Rock\n|-ability|p2a: Corviknight|Pressure\n|move|p1a: Saleos|Knock Off|p2a: Corviknight\n|-damage|p2a: Corviknight|42\/100\n|\n|upkeep\n|turn|144\n|inactive|AvariceGator has 30 seconds left.\n|\n|t:|1700524943\n|move|p1a: Saleos|Smack Down|p2a: Corviknight\n|-damage|p2a: Corviknight|32\/100\n|-start|p2a: Corviknight|Smack Down\n|move|p2a: Corviknight|Roost|p2a: Corviknight\n|-heal|p2a: Corviknight|82\/100\n|-singleturn|p2a: Corviknight|move: Roost\n|\n|upkeep\n|turn|145\n|inactive|AvariceGator has 30 seconds left.\n|\n|t:|1700524950\n|switch|p2a: Dondozo|Dondozo, M|64\/100 slp\n|-damage|p2a: Dondozo|52\/100 slp|[from] Stealth Rock\n|move|p1a: Saleos|Knock Off|p2a: Dondozo\n|-damage|p2a: Dondozo|37\/100 slp\n|\n|upkeep\n|turn|146\n|inactive|AvariceGator has 30 seconds left.\n|\n|t:|1700524956\n|move|p1a: Saleos|Knock Off|p2a: Dondozo\n|-damage|p2a: Dondozo|23\/100 slp\n|-curestatus|p2a: Dondozo|slp|[msg]\n|move|p2a: Dondozo|Rest|p2a: Dondozo\n|-status|p2a: Dondozo|slp|[from] move: Rest\n|-heal|p2a: Dondozo|100\/100 slp|[silent]\n|\n|upkeep\n|turn|147\n|inactive|AvariceGator has 30 seconds left.\n|\n|t:|1700524963\n|move|p1a: Saleos|Knock Off|p2a: Dondozo\n|-damage|p2a: Dondozo|85\/100 slp\n|cant|p2a: Dondozo|slp\n|move|p2a: Dondozo|Sleep Talk|p2a: Dondozo\n|move|p2a: Dondozo|Wave Crash|p1a: Saleos|[from]move: Sleep Talk\n|-supereffective|p1a: Saleos\n|-damage|p1a: Saleos|9\/100\n|-damage|p2a: Dondozo|61\/100 slp|[from] Recoil\n|\n|-heal|p1a: Saleos|15\/100|[from] item: Leftovers\n|upkeep\n|turn|148\n|inactive|AvariceGator has 30 seconds left.\n|\n|t:|1700524974\n|switch|p1a: BigLuvdisc|Alomomola, F|52\/100\n|cant|p2a: Dondozo|slp\n|move|p2a: Dondozo|Sleep Talk|p2a: Dondozo\n|move|p2a: Dondozo|Rest||[from]move: Sleep Talk|[still]\n|-fail|p2a: Dondozo\n|\n|upkeep\n|turn|149\n|inactive|AvariceGator has 30 seconds left this turn.\n|\n|t:|1700524981\n|switch|p2a: Corviknight|Corviknight, F|82\/100\n|-damage|p2a: Corviknight|69\/100|[from] Stealth Rock\n|-ability|p2a: Corviknight|Pressure\n|move|p1a: BigLuvdisc|Wish|p1a: BigLuvdisc\n|\n|upkeep\n|turn|150\n|inactive|AvariceGator has 30 seconds left this turn.\n|\n|t:|1700524987\n|move|p2a: Corviknight|Defog|p1a: BigLuvdisc\n|-unboost|p1a: BigLuvdisc|evasion|1\n|-sideend|p2: yyysneasel|Stealth Rock|[from] move: Defog|[of] p2a: Corviknight\n|move|p1a: BigLuvdisc|Scald|p2a: Corviknight\n|-damage|p2a: Corviknight|55\/100\n|-status|p2a: Corviknight|brn\n|\n|-heal|p1a: BigLuvdisc|100\/100|[from] move: Wish|[wisher] BigLuvdisc\n|-damage|p2a: Corviknight|49\/100 brn|[from] brn\n|upkeep\n|turn|151\n|inactive|AvariceGator has 30 seconds left this turn.\n|\n|t:|1700524997\n|move|p2a: Corviknight|Roost|p2a: Corviknight\n|-heal|p2a: Corviknight|99\/100 brn\n|-singleturn|p2a: Corviknight|move: Roost\n|move|p1a: BigLuvdisc|Wish|p1a: BigLuvdisc\n|\n|-damage|p2a: Corviknight|93\/100 brn|[from] brn\n|upkeep\n|turn|152\n|inactive|AvariceGator has 30 seconds left this turn.\n|\n|t:|1700525004\n|move|p2a: Corviknight|U-turn|p1a: BigLuvdisc\n|-damage|p1a: BigLuvdisc|97\/100\n|inactive|AvariceGator has 30 seconds left this turn.\n|\n|t:|1700525008\n|switch|p2a: Toxapex|Toxapex, M|100\/100|[from] U-turn\n|move|p1a: BigLuvdisc|Flip Turn|p2a: Toxapex\n|-resisted|p2a: Toxapex\n|-damage|p2a: Toxapex|96\/100\n|inactive|AvariceGator has 30 seconds left.\n|\n|t:|1700525014\n|switch|p1a: Saleos|Krookodile, M|15\/100|[from] Flip Turn\n|-ability|p1a: Saleos|Intimidate|boost\n|-unboost|p2a: Toxapex|atk|1\n|\n|-heal|p1a: Saleos|83\/100|[from] move: Wish|[wisher] BigLuvdisc\n|-heal|p1a: Saleos|89\/100|[from] item: Leftovers\n|upkeep\n|turn|153\n|inactive|AvariceGator has 30 seconds left.\n|\n|t:|1700525025\n|move|p1a: Saleos|Stealth Rock|p2a: Toxapex\n|-sidestart|p2: yyysneasel|move: Stealth Rock\n|move|p2a: Toxapex|Toxic|p1a: Saleos\n|-status|p1a: Saleos|tox\n|\n|-heal|p1a: Saleos|95\/100 tox|[from] item: Leftovers\n|-damage|p1a: Saleos|89\/100 tox|[from] psn\n|upkeep\n|turn|154\n|inactive|AvariceGator has 30 seconds left this turn.\n|\n|t:|1700525033\n|switch|p1a: Cynder|Skeledirge, F|82\/100\n|move|p2a: Toxapex|Infestation|p1a: Cynder\n|-resisted|p1a: Cynder\n|-damage|p1a: Cynder|81\/100\n|-activate|p1a: Cynder|move: Infestation|[of] p2a: Toxapex\n|\n|-heal|p1a: Cynder|87\/100|[from] item: Leftovers\n|-damage|p1a: Cynder|75\/100|[from] move: Infestation|[partiallytrapped]\n|upkeep\n|turn|155\n|inactive|AvariceGator has 30 seconds left this turn.\n|\n|t:|1700525041\n|move|p1a: Cynder|Substitute|p1a: Cynder\n|-start|p1a: Cynder|Substitute\n|-end|p1a: Cynder|Infestation|[partiallytrapped]|[silent]\n|-damage|p1a: Cynder|50\/100\n|move|p2a: Toxapex|Surf|p1a: Cynder\n|-supereffective|p1a: Cynder\n|-end|p1a: Cynder|Substitute\n|\n|-heal|p1a: Cynder|56\/100|[from] item: Leftovers\n|upkeep\n|turn|156\n|inactive|AvariceGator has 30 seconds left this turn.\n|inactive|AvariceGator has 20 seconds left.\n|\n|t:|1700525051\n|switch|p1a: Mitty|Blissey, F, shiny|95\/100\n|move|p2a: Toxapex|Surf|p1a: Mitty\n|-damage|p1a: Mitty|88\/100\n|\n|-heal|p1a: Mitty|94\/100|[from] item: Leftovers\n|upkeep\n|turn|157\n|inactive|AvariceGator has 25 seconds left this turn.\n|inactive|AvariceGator has 20 seconds left.\n|\n|t:|1700525058\n|move|p1a: Mitty|Calm Mind|p1a: Mitty\n|-boost|p1a: Mitty|spa|1\n|-boost|p1a: Mitty|spd|1\n|move|p2a: Toxapex|Infestation|p1a: Mitty\n|-damage|p1a: Mitty|93\/100\n|-activate|p1a: Mitty|move: Infestation|[of] p2a: Toxapex\n|\n|-heal|p1a: Mitty|99\/100|[from] item: Leftovers\n|-damage|p1a: Mitty|87\/100|[from] move: Infestation|[partiallytrapped]\n|upkeep\n|turn|158\n|inactive|AvariceGator has 25 seconds left this turn.\n|inactive|AvariceGator has 20 seconds left.\n|\n|t:|1700525066\n|move|p1a: Mitty|Calm Mind|p1a: Mitty\n|-boost|p1a: Mitty|spa|1\n|-boost|p1a: Mitty|spd|1\n|move|p2a: Toxapex|Toxic|p1a: Mitty\n|-status|p1a: Mitty|tox\n|\n|-heal|p1a: Mitty|93\/100 tox|[from] item: Leftovers\n|-damage|p1a: Mitty|87\/100 tox|[from] psn\n|-damage|p1a: Mitty|75\/100 tox|[from] move: Infestation|[partiallytrapped]\n|upkeep\n|turn|159\n|inactive|AvariceGator has 25 seconds left this turn.\n|inactive|AvariceGator has 20 seconds left.\n|\n|t:|1700525075\n|move|p1a: Mitty|Calm Mind|p1a: Mitty\n|-boost|p1a: Mitty|spa|1\n|-boost|p1a: Mitty|spd|1\n|move|p2a: Toxapex|Surf|p1a: Mitty\n|-damage|p1a: Mitty|72\/100 tox\n|\n|-heal|p1a: Mitty|78\/100 tox|[from] item: Leftovers\n|-damage|p1a: Mitty|66\/100 tox|[from] psn\n|-damage|p1a: Mitty|53\/100 tox|[from] move: Infestation|[partiallytrapped]\n|upkeep\n|turn|160\n|inactive|AvariceGator has 25 seconds left this turn.\n|inactive|AvariceGator has 20 seconds left.\n|inactive|AvariceGator has 15 seconds left.\n|\n|t:|1700525086\n|move|p1a: Mitty|Soft-Boiled|p1a: Mitty\n|-heal|p1a: Mitty|100\/100 tox\n|move|p2a: Toxapex|Surf|p1a: Mitty\n|-damage|p1a: Mitty|97\/100 tox\n|\n|-heal|p1a: Mitty|100\/100 tox|[from] item: Leftovers\n|-damage|p1a: Mitty|82\/100 tox|[from] psn\n|-damage|p1a: Mitty|70\/100 tox|[from] move: Infestation|[partiallytrapped]\n|upkeep\n|turn|161\n|inactive|AvariceGator has 20 seconds left this turn.\n|inactive|AvariceGator has 15 seconds left.\n|\n|t:|1700525094\n|switch|p2a: Corviknight|Corviknight, F|93\/100 brn\n|-damage|p2a: Corviknight|81\/100 brn|[from] Stealth Rock\n|-ability|p2a: Corviknight|Pressure\n|move|p1a: Mitty|Calm Mind|p1a: Mitty\n|-boost|p1a: Mitty|spa|1\n|-boost|p1a: Mitty|spd|1\n|\n|-heal|p1a: Mitty|76\/100 tox|[from] item: Leftovers\n|-damage|p1a: Mitty|51\/100 tox|[from] psn\n|-damage|p2a: Corviknight|75\/100 brn|[from] brn\n|-end|p1a: Mitty|Infestation|[partiallytrapped]|[silent]\n|upkeep\n|turn|162\n|inactive|AvariceGator has 20 seconds left this turn.\n|inactive|AvariceGator has 15 seconds left.\n|inactive|AvariceGator has 10 seconds left.\n|\n|t:|1700525106\n|-terastallize|p1a: Mitty|Fairy\n|move|p2a: Corviknight|Defog|p1a: Mitty\n|-unboost|p1a: Mitty|evasion|1\n|-sideend|p2: yyysneasel|Stealth Rock|[from] move: Defog|[of] p2a: Corviknight\n|move|p1a: Mitty|Flamethrower|p2a: Corviknight\n|-supereffective|p2a: Corviknight\n|-damage|p2a: Corviknight|0 fnt\n|faint|p2a: Corviknight\n|\n|-heal|p1a: Mitty|57\/100 tox|[from] item: Leftovers\n|-damage|p1a: Mitty|26\/100 tox|[from] psn\n|upkeep\n|inactive|AvariceGator has 15 seconds left this turn.\n|\n|t:|1700525112\n|switch|p2a: Slowking|Slowking-Galar, M|100\/100\n|turn|163\n|inactive|AvariceGator has 20 seconds left this turn.\n|inactive|AvariceGator has 15 seconds left.\n|\n|t:|1700525118\n|-curestatus|p1a: Mitty|tox|[from] ability: Natural Cure\n|switch|p1a: BigLuvdisc|Alomomola, F|100\/100\n|move|p2a: Slowking|Future Sight|p1a: BigLuvdisc\n|-start|p2a: Slowking|move: Future Sight\n|\n|upkeep\n|turn|164\n|inactive|AvariceGator has 20 seconds left this turn.\n|inactive|AvariceGator has 15 seconds left.\n|\n|t:|1700525124\n|switch|p1a: Cynder|Skeledirge, F|56\/100\n|move|p2a: Slowking|Sludge Bomb|p1a: Cynder\n|-resisted|p1a: Cynder\n|-damage|p1a: Cynder|41\/100\n|\n|-heal|p1a: Cynder|47\/100|[from] item: Leftovers\n|upkeep\n|turn|165\n|inactive|AvariceGator has 20 seconds left this turn.\n|inactive|AvariceGator has 15 seconds left.\n|\n|t:|1700525132\n|move|p2a: Slowking|Sludge Bomb|p1a: Cynder\n|-resisted|p1a: Cynder\n|-damage|p1a: Cynder|32\/100\n|move|p1a: Cynder|Slack Off|p1a: Cynder\n|-heal|p1a: Cynder|82\/100\n|\n|-end|p1a: Cynder|move: Future Sight\n|-damage|p1a: Cynder|46\/100\n|-heal|p1a: Cynder|52\/100|[from] item: Leftovers\n|upkeep\n|turn|166\n|inactive|AvariceGator has 20 seconds left this turn.\n|inactive|AvariceGator has 15 seconds left.\n|\n|t:|1700525141\n|move|p2a: Slowking|Sludge Bomb|p1a: Cynder\n|-resisted|p1a: Cynder\n|-damage|p1a: Cynder|39\/100\n|move|p1a: Cynder|Substitute|p1a: Cynder\n|-start|p1a: Cynder|Substitute\n|-damage|p1a: Cynder|14\/100\n|\n|-heal|p1a: Cynder|20\/100|[from] item: Leftovers\n|upkeep\n|turn|167\n|inactive|AvariceGator has 20 seconds left this turn.\n|inactive|AvariceGator has 15 seconds left.\n|\n|t:|1700525147\n|move|p2a: Slowking|Future Sight|p1a: Cynder\n|-start|p2a: Slowking|move: Future Sight\n|move|p1a: Cynder|Slack Off|p1a: Cynder\n|-heal|p1a: Cynder|70\/100\n|\n|-heal|p1a: Cynder|76\/100|[from] item: Leftovers\n|upkeep\n|turn|168\n|inactive|AvariceGator has 20 seconds left this turn.\n|inactive|AvariceGator has 15 seconds left.\n|\n|t:|1700525154\n|switch|p2a: Toxapex|Toxapex, M|100\/100\n|move|p1a: Cynder|Torch Song|p2a: Toxapex\n|-resisted|p2a: Toxapex\n|-damage|p2a: Toxapex|89\/100\n|-boost|p1a: Cynder|spa|1\n|\n|-heal|p1a: Cynder|82\/100|[from] item: Leftovers\n|upkeep\n|turn|169\n|inactive|AvariceGator has 20 seconds left this turn.\n|inactive|AvariceGator has 15 seconds left.\n|\n|t:|1700525162\n|move|p1a: Cynder|Shadow Ball|p2a: Toxapex\n|-damage|p2a: Toxapex|55\/100\n|move|p2a: Toxapex|Surf|p1a: Cynder\n|-supereffective|p1a: Cynder\n|-end|p1a: Cynder|Substitute\n|\n|-end|p1a: Cynder|move: Future Sight\n|-damage|p1a: Cynder|45\/100\n|-heal|p1a: Cynder|51\/100|[from] item: Leftovers\n|upkeep\n|turn|170\n|inactive|AvariceGator has 20 seconds left this turn.\n|inactive|AvariceGator has 15 seconds left.\n|inactive|AvariceGator has 10 seconds left.\n|\n|t:|1700525172\n|move|p1a: Cynder|Substitute|p1a: Cynder\n|-start|p1a: Cynder|Substitute\n|-damage|p1a: Cynder|26\/100\n|move|p2a: Toxapex|Toxic||[still]\n|-fail|p2a: Toxapex\n|\n|-heal|p1a: Cynder|32\/100|[from] item: Leftovers\n|upkeep\n|turn|171\n|inactive|AvariceGator has 15 seconds left this turn.\n|inactive|AvariceGator has 10 seconds left.\n|\n|t:|1700525178\n|switch|p2a: Blissey|Blissey, F|61\/100\n|move|p1a: Cynder|Slack Off|p1a: Cynder\n|-heal|p1a: Cynder|82\/100\n|\n|-heal|p1a: Cynder|88\/100|[from] item: Leftovers\n|upkeep\n|turn|172\n|inactive|AvariceGator has 10 seconds left this turn.\n|inactive|AvariceGator has 5 seconds left.\n|\n|t:|1700525185\n|switch|p2a: Toxapex|Toxapex, M|88\/100\n|move|p1a: Cynder|Torch Song|p2a: Toxapex\n|-resisted|p2a: Toxapex\n|-damage|p2a: Toxapex|70\/100\n|-boost|p1a: Cynder|spa|1\n|\n|-heal|p1a: Cynder|94\/100|[from] item: Leftovers\n|upkeep\n|turn|173\n|inactive|AvariceGator has 10 seconds left this turn.\n|inactive|AvariceGator has 5 seconds left.\n|\n|t:|1700525194\n|switch|p2a: Clefable|Clefable, M|85\/100\n|move|p1a: Cynder|Shadow Ball|p2a: Clefable\n|-damage|p2a: Clefable|65\/100\n|\n|-heal|p1a: Cynder|100\/100|[from] item: Leftovers\n|upkeep\n|turn|174\n|inactive|AvariceGator has 5 seconds left this turn.\n|-message|AvariceGator lost due to inactivity.\n|\n|win|yyysneasel\n|raw|AvariceGator's rating: 1549 &rarr; <strong>1538<\/strong><br \/>(-11 for losing)\n|raw|yyysneasel's rating: 1725 &rarr; <strong>1736<\/strong><br \/>(+11 for winning)\n|c|\u2606AvariceGator|bullshit\n","uploadtime":1700525210,"views":7,"p1id":"avaricegator","p2id":"yyysneasel","formatid":"gen9ou","rating":1538,"private":0,"password":""}