{"id":"gen9ou-1992567047","p1":"Golden_Soul_076","p2":"Men Hugging","format":"[Gen 9] OU","log":"|j|\u2606Golden_Soul_076\n|j|\u2606Men Hugging\n|t:|1700207096\n|gametype|singles\n|player|p1|Golden_Soul_076|riley|1388\n|player|p2|Men Hugging|swimmer-gen4|1465\n|teamsize|p1|6\n|teamsize|p2|6\n|gen|9\n|tier|[Gen 9] OU\n|rated|\n|rule|Sleep Clause Mod: Limit one foe put to sleep\n|rule|Species Clause: Limit one of each Pok\u00e9mon\n|rule|OHKO Clause: OHKO moves are banned\n|rule|Evasion Items Clause: Evasion items are banned\n|rule|Evasion Moves Clause: Evasion moves are banned\n|rule|Endless Battle Clause: Forcing endless battles is banned\n|rule|HP Percentage Mod: HP is shown in percentages\n|clearpoke\n|poke|p1|Gholdengo|\n|poke|p1|Iron Moth|\n|poke|p1|Landorus-Therian, M|\n|poke|p1|Kingambit, F|\n|poke|p1|Rillaboom, F|\n|poke|p1|Sneasler, F|\n|poke|p2|Ogerpon, F|\n|poke|p2|Moltres|\n|poke|p2|Great Tusk|\n|poke|p2|Kingambit, F|\n|poke|p2|Greninja-*, M|\n|poke|p2|Dragapult, F|\n|teampreview\n|inactive|Battle timer is ON: inactive players will automatically lose when time's up. (requested by Men Hugging)\n|\n|t:|1700207104\n|start\n|switch|p1a: Landorus|Landorus-Therian, M|100\/100\n|switch|p2a: Moltres|Moltres|100\/100\n|-ability|p1a: Landorus|Intimidate|boost\n|-unboost|p2a: Moltres|atk|1\n|turn|1\n|\n|t:|1700207113\n|switch|p2a: Great Tusk|Great Tusk|100\/100\n|move|p1a: Landorus|Stone Edge|p2a: Great Tusk\n|-resisted|p2a: Great Tusk\n|-damage|p2a: Great Tusk|94\/100\n|\n|-heal|p2a: Great Tusk|99\/100|[from] item: Leftovers\n|upkeep\n|turn|2\n|\n|t:|1700207123\n|switch|p1a: Rillaboom|Rillaboom, F|100\/100\n|-fieldstart|move: Grassy Terrain|[from] ability: Grassy Surge|[of] p1a: Rillaboom\n|move|p2a: Great Tusk|Stealth Rock|p1a: Rillaboom\n|-sidestart|p1: Golden_Soul_076|move: Stealth Rock\n|\n|-heal|p2a: Great Tusk|100\/100|[from] Grassy Terrain\n|upkeep\n|turn|3\n|\n|t:|1700207129\n|-end|p2a: Great Tusk|Protosynthesis|[silent]\n|switch|p2a: Moltres|Moltres|100\/100\n|move|p1a: Rillaboom|Grassy Glide|p2a: Moltres\n|-resisted|p2a: Moltres\n|-damage|p2a: Moltres|94\/100\n|-status|p1a: Rillaboom|brn|[from] ability: Flame Body|[of] p2a: Moltres\n|\n|-damage|p1a: Rillaboom|94\/100 brn|[from] brn\n|upkeep\n|turn|4\n|\n|t:|1700207134\n|move|p2a: Moltres|U-turn|p1a: Rillaboom\n|-supereffective|p1a: Rillaboom\n|-damage|p1a: Rillaboom|65\/100 brn\n|\n|t:|1700207137\n|switch|p2a: Great Tusk|Great Tusk|100\/100|[from] U-turn\n|move|p1a: Rillaboom|Knock Off|p2a: Great Tusk\n|-resisted|p2a: Great Tusk\n|-damage|p2a: Great Tusk|94\/100\n|-enditem|p2a: Great Tusk|Leftovers|[from] move: Knock Off|[of] p1a: Rillaboom\n|\n|-heal|p2a: Great Tusk|100\/100|[from] Grassy Terrain\n|-heal|p1a: Rillaboom|71\/100 brn|[from] Grassy Terrain\n|-damage|p1a: Rillaboom|65\/100 brn|[from] brn\n|upkeep\n|turn|5\n|\n|t:|1700207145\n|move|p2a: Great Tusk|Rapid Spin|p1a: Rillaboom\n|-damage|p1a: Rillaboom|48\/100 brn\n|-boost|p2a: Great Tusk|spe|1\n|move|p1a: Rillaboom|U-turn|p2a: Great Tusk\n|-resisted|p2a: Great Tusk\n|-damage|p2a: Great Tusk|96\/100\n|\n|t:|1700207149\n|switch|p1a: Landorus|Landorus-Therian, M|100\/100|[from] U-turn\n|-damage|p1a: Landorus|88\/100|[from] Stealth Rock\n|-ability|p1a: Landorus|Intimidate|boost\n|-unboost|p2a: Great Tusk|atk|1\n|\n|-heal|p2a: Great Tusk|100\/100|[from] Grassy Terrain\n|upkeep\n|turn|6\n|\n|t:|1700207153\n|move|p1a: Landorus|Grass Knot|p2a: Great Tusk\n|-supereffective|p2a: Great Tusk\n|-damage|p2a: Great Tusk|18\/100\n|move|p2a: Great Tusk|Ice Spinner|p1a: Landorus\n|-supereffective|p1a: Landorus\n|-damage|p1a: Landorus|7\/100\n|-fieldend|move: Grassy Terrain\n|\n|upkeep\n|turn|7\n|\n|t:|1700207166\n|-end|p2a: Great Tusk|Protosynthesis|[silent]\n|switch|p2a: Moltres|Moltres|94\/100\n|move|p1a: Landorus|Grass Knot|p2a: Moltres\n|-resisted|p2a: Moltres\n|-damage|p2a: Moltres|88\/100\n|\n|upkeep\n|turn|8\n|\n|t:|1700207177\n|switch|p1a: Rillaboom|Rillaboom, F|48\/100 brn\n|-damage|p1a: Rillaboom|36\/100 brn|[from] Stealth Rock\n|-fieldstart|move: Grassy Terrain|[from] ability: Grassy Surge|[of] p1a: Rillaboom\n|move|p2a: Moltres|U-turn|p1a: Rillaboom\n|-supereffective|p1a: Rillaboom\n|-damage|p1a: Rillaboom|6\/100 brn\n|inactive|Men Hugging has 120 seconds left.\n|\n|t:|1700207209\n|switch|p2a: Kingambit|Kingambit, F|100\/100|[from] U-turn\n|\n|-heal|p1a: Rillaboom|12\/100 brn|[from] Grassy Terrain\n|-damage|p1a: Rillaboom|6\/100 brn|[from] brn\n|upkeep\n|turn|9\n|\n|t:|1700207221\n|-end|p2a: Kingambit|fallenundefined|[silent]\n|switch|p2a: Moltres|Moltres|88\/100\n|move|p1a: Rillaboom|Drain Punch|p2a: Moltres\n|-resisted|p2a: Moltres\n|-damage|p2a: Moltres|84\/100\n|-heal|p1a: Rillaboom|9\/100 brn|[from] drain|[of] p2a: Moltres\n|\n|-heal|p1a: Rillaboom|15\/100 brn|[from] Grassy Terrain\n|-damage|p1a: Rillaboom|9\/100 brn|[from] brn\n|upkeep\n|turn|10\n|\n|t:|1700207232\n|move|p2a: Moltres|Will-O-Wisp|p1a: Rillaboom\n|-fail|p1a: Rillaboom|brn\n|move|p1a: Rillaboom|Knock Off|p2a: Moltres\n|-damage|p2a: Moltres|70\/100\n|-enditem|p2a: Moltres|Heavy-Duty Boots|[from] move: Knock Off|[of] p1a: Rillaboom\n|\n|-heal|p1a: Rillaboom|15\/100 brn|[from] Grassy Terrain\n|-damage|p1a: Rillaboom|9\/100 brn|[from] brn\n|upkeep\n|turn|11\n|\n|t:|1700207246\n|move|p2a: Moltres|Will-O-Wisp|p1a: Rillaboom\n|-fail|p1a: Rillaboom|brn\n|move|p1a: Rillaboom|Knock Off|p2a: Moltres\n|-damage|p2a: Moltres|62\/100\n|\n|-heal|p1a: Rillaboom|15\/100 brn|[from] Grassy Terrain\n|-damage|p1a: Rillaboom|9\/100 brn|[from] brn\n|upkeep\n|turn|12\n|\n|t:|1700207251\n|move|p2a: Moltres|Roost|p2a: Moltres\n|-heal|p2a: Moltres|100\/100\n|-singleturn|p2a: Moltres|move: Roost\n|move|p1a: Rillaboom|Drain Punch|p2a: Moltres\n|-damage|p2a: Moltres|91\/100\n|-heal|p1a: Rillaboom|14\/100 brn|[from] drain|[of] p2a: Moltres\n|\n|-heal|p2a: Moltres|97\/100|[from] Grassy Terrain\n|-heal|p1a: Rillaboom|20\/100 brn|[from] Grassy Terrain\n|-damage|p1a: Rillaboom|14\/100 brn|[from] brn\n|upkeep\n|turn|13\n|\n|t:|1700207256\n|move|p2a: Moltres|Will-O-Wisp|p1a: Rillaboom\n|-fail|p1a: Rillaboom|brn\n|move|p1a: Rillaboom|Drain Punch|p2a: Moltres\n|-resisted|p2a: Moltres\n|-damage|p2a: Moltres|93\/100\n|-heal|p1a: Rillaboom|16\/100 brn|[from] drain|[of] p2a: Moltres\n|\n|-heal|p1a: Rillaboom|22\/100 brn|[from] Grassy Terrain\n|-damage|p1a: Rillaboom|16\/100 brn|[from] brn\n|upkeep\n|turn|14\n|\n|t:|1700207265\n|move|p1a: Rillaboom|Grassy Glide|p2a: Moltres\n|-resisted|p2a: Moltres\n|-damage|p2a: Moltres|90\/100\n|move|p2a: Moltres|Will-O-Wisp|p1a: Rillaboom|[miss]\n|-miss|p2a: Moltres|p1a: Rillaboom\n|\n|-heal|p1a: Rillaboom|22\/100 brn|[from] Grassy Terrain\n|-damage|p1a: Rillaboom|16\/100 brn|[from] brn\n|upkeep\n|turn|15\n|\n|t:|1700207286\n|move|p1a: Rillaboom|Grassy Glide|p2a: Moltres\n|-resisted|p2a: Moltres\n|-damage|p2a: Moltres|86\/100\n|move|p2a: Moltres|Will-O-Wisp|p1a: Rillaboom|[miss]\n|-miss|p2a: Moltres|p1a: Rillaboom\n|\n|-heal|p1a: Rillaboom|22\/100 brn|[from] Grassy Terrain\n|-damage|p1a: Rillaboom|16\/100 brn|[from] brn\n|-fieldend|move: Grassy Terrain\n|upkeep\n|turn|16\n|\n|t:|1700207305\n|move|p2a: Moltres|Flamethrower|p1a: Rillaboom\n|-supereffective|p1a: Rillaboom\n|-damage|p1a: Rillaboom|0 fnt\n|faint|p1a: Rillaboom\n|\n|upkeep\n|inactive|Golden_Soul_076 has 120 seconds left.\n|\n|t:|1700207316\n|switch|p1a: Landorus|Landorus-Therian, M|7\/100\n|-damage|p1a: Landorus|0 fnt|[from] Stealth Rock\n|faint|p1a: Landorus\n|inactive|Golden_Soul_076 has 120 seconds left.\n|\n|t:|1700207322\n|switch|p1a: Iron Moth|Iron Moth|100\/100\n|-damage|p1a: Iron Moth|76\/100|[from] Stealth Rock\n|-enditem|p1a: Iron Moth|Booster Energy\n|-activate|p1a: Iron Moth|ability: Quark Drive|[fromitem]\n|-start|p1a: Iron Moth|quarkdrivespe\n|turn|17\n|\n|t:|1700207338\n|move|p1a: Iron Moth|Sludge Wave|p2a: Moltres\n|-damage|p2a: Moltres|39\/100\n|move|p2a: Moltres|U-turn|p1a: Iron Moth\n|-resisted|p1a: Iron Moth\n|-damage|p1a: Iron Moth|71\/100\n|\n|t:|1700207342\n|switch|p2a: Greninja|Greninja, M|100\/100|[from] U-turn\n|\n|upkeep\n|turn|18\n|\n|t:|1700207362\n|-terastallize|p1a: Iron Moth|Grass\n|-terastallize|p2a: Greninja|Water\n|move|p2a: Greninja|Water Shuriken|p1a: Iron Moth\n|-resisted|p1a: Iron Moth\n|-damage|p1a: Iron Moth|65\/100\n|-resisted|p1a: Iron Moth\n|-damage|p1a: Iron Moth|57\/100\n|-hitcount|p1a: Iron Moth|2\n|-damage|p2a: Greninja|91\/100|[from] item: Life Orb\n|move|p1a: Iron Moth|Energy Ball|p2a: Greninja\n|-supereffective|p2a: Greninja\n|-damage|p2a: Greninja|0 fnt\n|faint|p2a: Greninja\n|\n|upkeep\n|inactive|Men Hugging has 120 seconds left.\n|\n|t:|1700207399\n|switch|p2a: Kingambit|Kingambit, F|100\/100\n|-activate|p2a: Kingambit|ability: Supreme Overlord\n|-start|p2a: Kingambit|fallen1|[silent]\n|turn|19\n|inactive|Men Hugging has 120 seconds left.\n|\n|t:|1700207404\n|move|p1a: Iron Moth|Substitute|p1a: Iron Moth\n|-start|p1a: Iron Moth|Substitute\n|-damage|p1a: Iron Moth|32\/100\n|move|p2a: Kingambit|Kowtow Cleave|p1a: Iron Moth\n|-end|p1a: Iron Moth|Substitute\n|\n|upkeep\n|turn|20\n|\n|t:|1700207409\n|move|p1a: Iron Moth|Fiery Dance|p2a: Kingambit\n|-supereffective|p2a: Kingambit\n|-crit|p2a: Kingambit\n|-damage|p2a: Kingambit|0 fnt\n|faint|p2a: Kingambit\n|-end|p2a: Kingambit|fallen1|[silent]\n|\n|upkeep\n|inactive|Men Hugging has 120 seconds left.\n|\n|t:|1700207426\n|switch|p2a: Dragapult|Dragapult, F|100\/100\n|turn|21\n|\n|t:|1700207432\n|move|p1a: Iron Moth|Sludge Wave|p2a: Dragapult\n|-resisted|p2a: Dragapult\n|-damage|p2a: Dragapult|70\/100\n|move|p2a: Dragapult|Shadow Ball|p1a: Iron Moth\n|-damage|p1a: Iron Moth|0 fnt\n|faint|p1a: Iron Moth\n|-end|p1a: Iron Moth|Quark Drive|[silent]\n|\n|upkeep\n|\n|t:|1700207438\n|switch|p1a: Gholdengo|Gholdengo|100\/100\n|-damage|p1a: Gholdengo|94\/100|[from] Stealth Rock\n|turn|22\n|\n|t:|1700207441\n|move|p1a: Gholdengo|Shadow Ball|p2a: Dragapult\n|-supereffective|p2a: Dragapult\n|-damage|p2a: Dragapult|0 fnt\n|faint|p2a: Dragapult\n|\n|upkeep\n|inactive|Men Hugging has 120 seconds left.\n|\n|t:|1700207479\n|switch|p2a: Gooberpon|Ogerpon, F|100\/100\n|turn|23\n|\n|t:|1700207503\n|move|p1a: Gholdengo|Shadow Ball|p2a: Gooberpon\n|-damage|p2a: Gooberpon|46\/100\n|-unboost|p2a: Gooberpon|spd|1\n|-ability|p2a: Gooberpon|Defiant|boost\n|-boost|p2a: Gooberpon|atk|2\n|move|p2a: Gooberpon|Knock Off|p1a: Gholdengo\n|-supereffective|p1a: Gholdengo\n|-damage|p1a: Gholdengo|0 fnt\n|-enditem|p1a: Gholdengo|Choice Scarf|[from] move: Knock Off|[of] p2a: Gooberpon\n|faint|p1a: Gholdengo\n|\n|upkeep\n|\n|t:|1700207511\n|switch|p1a: Sneasler|Sneasler, F|100\/100\n|-damage|p1a: Sneasler|95\/100|[from] Stealth Rock\n|turn|24\n|inactive|Men Hugging has 120 seconds left.\n|\n|t:|1700207527\n|move|p2a: Gooberpon|Power Whip|p1a: Sneasler\n|-resisted|p1a: Sneasler\n|-damage|p1a: Sneasler|0 fnt\n|faint|p1a: Sneasler\n|\n|upkeep\n|\n|t:|1700207543\n|switch|p1a: Kingambit|Kingambit, F|100\/100\n|-damage|p1a: Kingambit|94\/100|[from] Stealth Rock\n|-activate|p1a: Kingambit|ability: Supreme Overlord\n|-start|p1a: Kingambit|fallen5|[silent]\n|turn|25\n|c|\u2606Golden_Soul_076|gg\n|\n|t:|1700207550\n|move|p2a: Gooberpon|Power Whip|p1a: Kingambit\n|-resisted|p1a: Kingambit\n|-damage|p1a: Kingambit|32\/100\n|move|p1a: Kingambit|Kowtow Cleave|p2a: Gooberpon\n|-damage|p2a: Gooberpon|0 fnt\n|faint|p2a: Gooberpon\n|\n|upkeep\n|\n|t:|1700207555\n|switch|p2a: Moltres|Moltres|39\/100\n|turn|26\n|\n|t:|1700207558\n|move|p1a: Kingambit|Sucker Punch||[still]\n|-fail|p1a: Kingambit\n|move|p2a: Moltres|Will-O-Wisp|p1a: Kingambit|[miss]\n|-miss|p2a: Moltres|p1a: Kingambit\n|\n|upkeep\n|turn|27\n|\n|t:|1700207562\n|move|p2a: Moltres|Will-O-Wisp|p1a: Kingambit|[miss]\n|-miss|p2a: Moltres|p1a: Kingambit\n|move|p1a: Kingambit|Kowtow Cleave|p2a: Moltres\n|-damage|p2a: Moltres|0 fnt\n|-status|p1a: Kingambit|brn|[from] ability: Flame Body|[of] p2a: Moltres\n|-enditem|p1a: Kingambit|Lum Berry|[eat]\n|-curestatus|p1a: Kingambit|brn|[msg]\n|faint|p2a: Moltres\n|\n|upkeep\n|\n|t:|1700207564\n|switch|p2a: Great Tusk|Great Tusk|18\/100\n|turn|28\n|\n|t:|1700207569\n|move|p1a: Kingambit|Sucker Punch|p2a: Great Tusk\n|-resisted|p2a: Great Tusk\n|-damage|p2a: Great Tusk|0 fnt\n|faint|p2a: Great Tusk\n|-end|p2a: Great Tusk|Protosynthesis|[silent]\n|\n|win|Golden_Soul_076\n|raw|Golden_Soul_076's rating: 1388 &rarr; <strong>1412<\/strong><br \/>(+24 for winning)\n|raw|Men Hugging's rating: 1465 &rarr; <strong>1441<\/strong><br \/>(-24 for losing)\n|c|\u2606Men Hugging|wow\n|c|\u2606Men Hugging|gg\n|l|\u2606Golden_Soul_076\n","uploadtime":1700207590,"views":27,"p1id":"goldensoul076","p2id":"menhugging","formatid":"gen9ou","rating":1412,"private":0,"password":""}