{"id":"gen9ou-1992381094","p1":"PLAYB0I R0BBIE B","p2":"Luiscbc","format":"[Gen 9] OU","log":"|j|\u2606PLAYB0I R0BBIE B\n|j|\u2606Luiscbc\n|t:|1700180983\n|gametype|singles\n|player|p1|PLAYB0I R0BBIE B|eusine|1232\n|player|p2|Luiscbc|volkner|1214\n|teamsize|p1|6\n|teamsize|p2|6\n|gen|9\n|tier|[Gen 9] OU\n|rated|\n|rule|Sleep Clause Mod: Limit one foe put to sleep\n|rule|Species Clause: Limit one of each Pok\u00e9mon\n|rule|OHKO Clause: OHKO moves are banned\n|rule|Evasion Items Clause: Evasion items are banned\n|rule|Evasion Moves Clause: Evasion moves are banned\n|rule|Endless Battle Clause: Forcing endless battles is banned\n|rule|HP Percentage Mod: HP is shown in percentages\n|clearpoke\n|poke|p1|Meowscarada, F|\n|poke|p1|Thundurus-Therian, M|\n|poke|p1|Dragapult, F|\n|poke|p1|Heatran, F|\n|poke|p1|Great Tusk|\n|poke|p1|Iron Valiant|\n|poke|p2|Okidogi, M|\n|poke|p2|Ceruledge, F|\n|poke|p2|Umbreon, M|\n|poke|p2|Munkidori, M|\n|poke|p2|Torkoal, F|\n|poke|p2|Typhlosion-Hisui, F|\n|teampreview\n|inactive|Battle timer is ON: inactive players will automatically lose when time's up. (requested by Luiscbc)\n|\n|t:|1700181000\n|start\n|switch|p1a: YOSEMITE|Great Tusk|100\/100\n|switch|p2a: Okidogi|Okidogi, M|100\/100\n|turn|1\n|\n|t:|1700181014\n|switch|p2a: Torkoal|Torkoal, F|100\/100\n|-weather|SunnyDay|[from] ability: Drought|[of] p2a: Torkoal\n|-activate|p1a: YOSEMITE|ability: Protosynthesis\n|-start|p1a: YOSEMITE|protosynthesisatk\n|move|p1a: YOSEMITE|Rapid Spin|p2a: Torkoal\n|-damage|p2a: Torkoal|87\/100\n|-boost|p1a: YOSEMITE|spe|1\n|\n|-weather|SunnyDay|[upkeep]\n|upkeep\n|turn|2\n|\n|t:|1700181025\n|move|p1a: YOSEMITE|Rapid Spin|p2a: Torkoal\n|-damage|p2a: Torkoal|74\/100\n|-boost|p1a: YOSEMITE|spe|1\n|move|p2a: Torkoal|Will-O-Wisp|p1a: YOSEMITE|[miss]\n|-miss|p2a: Torkoal|p1a: YOSEMITE\n|\n|-weather|SunnyDay|[upkeep]\n|upkeep\n|turn|3\n|\n|t:|1700181034\n|move|p1a: YOSEMITE|Headlong Rush|p2a: Torkoal\n|-supereffective|p2a: Torkoal\n|-damage|p2a: Torkoal|0 fnt\n|-unboost|p1a: YOSEMITE|def|1\n|-unboost|p1a: YOSEMITE|spd|1\n|faint|p2a: Torkoal\n|\n|-weather|SunnyDay|[upkeep]\n|upkeep\n|\n|t:|1700181043\n|switch|p2a: Typhlosion|Typhlosion-Hisui, F|100\/100\n|-item|p1a: YOSEMITE|Heavy-Duty Boots|[from] ability: Frisk|[of] p2a: Typhlosion|[identify]\n|turn|4\n|\n|t:|1700181047\n|move|p1a: YOSEMITE|Headlong Rush|p2a: Typhlosion\n|-supereffective|p2a: Typhlosion\n|-damage|p2a: Typhlosion|0 fnt\n|-unboost|p1a: YOSEMITE|def|1\n|-unboost|p1a: YOSEMITE|spd|1\n|faint|p2a: Typhlosion\n|\n|-weather|SunnyDay|[upkeep]\n|upkeep\n|\n|t:|1700181054\n|switch|p2a: Ceruledge|Ceruledge, F|100\/100\n|turn|5\n|\n|t:|1700181060\n|-terastallize|p2a: Ceruledge|Grass\n|move|p1a: YOSEMITE|Headlong Rush|p2a: Ceruledge\n|-resisted|p2a: Ceruledge\n|-damage|p2a: Ceruledge|38\/100\n|-unboost|p1a: YOSEMITE|def|1\n|-unboost|p1a: YOSEMITE|spd|1\n|-ability|p2a: Ceruledge|Weak Armor|boost\n|-unboost|p2a: Ceruledge|def|1\n|-boost|p2a: Ceruledge|spe|2\n|move|p2a: Ceruledge|Swords Dance|p2a: Ceruledge\n|-boost|p2a: Ceruledge|atk|2\n|\n|-weather|SunnyDay|[upkeep]\n|upkeep\n|turn|6\n|\n|t:|1700181078\n|-end|p1a: YOSEMITE|Protosynthesis|[silent]\n|switch|p1a: 5% TINT|Heatran, F|100\/100\n|-item|p1a: 5% TINT|Air Balloon\n|move|p2a: Ceruledge|Bitter Blade|p1a: 5% TINT\n|-start|p1a: 5% TINT|ability: Flash Fire\n|\n|-weather|SunnyDay|[upkeep]\n|upkeep\n|turn|7\n|inactive|Luiscbc has 120 seconds left.\n|\n|t:|1700181106\n|switch|p2a: Okidogi|Okidogi, M|100\/100\n|move|p1a: 5% TINT|Magma Storm|p2a: Okidogi\n|-damage|p2a: Okidogi|0 fnt\n|faint|p2a: Okidogi\n|\n|-weather|SunnyDay|[upkeep]\n|upkeep\n|inactive|Luiscbc has 120 seconds left.\n|\n|t:|1700181116\n|switch|p2a: Umbreon|Umbreon, M|100\/100\n|turn|8\n|\n|t:|1700181121\n|move|p1a: 5% TINT|Taunt|p2a: Umbreon\n|-start|p2a: Umbreon|move: Taunt\n|move|p2a: Umbreon|Foul Play|p1a: 5% TINT\n|-damage|p1a: 5% TINT|80\/100\n|-enditem|p1a: 5% TINT|Air Balloon\n|\n|-weather|none\n|upkeep\n|turn|9\n|-message|Luiscbc forfeited.\n|\n|win|PLAYB0I R0BBIE B\n|raw|PLAYB0I R0BBIE B's rating: 1232 &rarr; <strong>1256<\/strong><br \/>(+24 for winning)\n|raw|Luiscbc's rating: 1214 &rarr; <strong>1190<\/strong><br \/>(-24 for losing)\n|l|\u2606Luiscbc\n","uploadtime":1700181152,"views":7,"p1id":"playb0ir0bbieb","p2id":"luiscbc","formatid":"gen9ou","rating":1190,"private":0,"password":""}