{"id":"gen9ou-1991109591","p1":"dewtye","p2":"ladymonitaishere","format":"[Gen 9] OU","log":"|j|\u2606dewtye\n|j|\u2606ladymonitaishere\n|inactive|Battle timer is ON: inactive players will automatically lose when time's up.\n|t:|1700044370\n|gametype|singles\n|player|p1|dewtye|dagero|\n|player|p2|ladymonitaishere|sada-ai|\n|teamsize|p1|4\n|teamsize|p2|4\n|gen|9\n|tier|[Gen 9] OU\n|rated|Tournament battle\n|rule|Sleep Clause Mod: Limit one foe put to sleep\n|rule|Species Clause: Limit one of each Pok\u00e9mon\n|rule|OHKO Clause: OHKO moves are banned\n|rule|Evasion Items Clause: Evasion items are banned\n|rule|Evasion Moves Clause: Evasion moves are banned\n|rule|Endless Battle Clause: Forcing endless battles is banned\n|rule|HP Percentage Mod: HP is shown in percentages\n|clearpoke\n|poke|p1|Oinkologne, M|\n|poke|p1|Breloom, F|\n|poke|p1|Kommo-o, F|\n|poke|p1|Probopass, M|\n|poke|p2|Whiscash, F|\n|poke|p2|Noctowl, M|\n|poke|p2|Hydreigon, M|\n|poke|p2|Nuzleaf, F|\n|teampreview\n|j|*Lady Monita \u2746\n|j| Khalni\n|\n|t:|1700044378\n|start\n|switch|p1a: Probopass|Probopass, M, shiny|100\/100\n|switch|p2a: Husbando|Nuzleaf, F, shiny|100\/100\n|turn|1\n|c|\u2606ladymonitaishere|glhf\n|c| Khalni|my hydregon go!\n|\n|t:|1700044386\n|move|p2a: Husbando|Fake Out|p1a: Probopass\n|-resisted|p1a: Probopass\n|-damage|p1a: Probopass|99\/100\n|cant|p1a: Probopass|flinch\n|\n|upkeep\n|turn|2\n|\n|t:|1700044391\n|move|p2a: Husbando|Knock Off|p1a: Probopass\n|-damage|p1a: Probopass|68\/100\n|-enditem|p1a: Probopass|Chesto Berry|[from] move: Knock Off|[of] p2a: Husbando\n|move|p1a: Probopass|Thunder Wave|p2a: Husbando\n|-status|p2a: Husbando|par\n|\n|upkeep\n|turn|3\n|c|\u2606dewtye|same bro\n|\n|t:|1700044400\n|switch|p2a: Sushi|Whiscash, F, shiny|100\/100\n|move|p1a: Probopass|Iron Defense|p1a: Probopass\n|-boost|p1a: Probopass|def|2\n|\n|upkeep\n|turn|4\n|\n|t:|1700044411\n|move|p2a: Sushi|Earthquake|p1a: Probopass\n|-supereffective|p1a: Probopass\n|-damage|p1a: Probopass|0 fnt\n|faint|p1a: Probopass\n|\n|upkeep\n|\n|t:|1700044415\n|switch|p1a: Oinkologne|Oinkologne, M, shiny|100\/100\n|turn|5\n|\n|t:|1700044418\n|move|p2a: Sushi|Dragon Dance|p2a: Sushi\n|-boost|p2a: Sushi|atk|1\n|-boost|p2a: Sushi|spe|1\n|move|p1a: Oinkologne|Stuff Cheeks|p1a: Oinkologne\n|-boost|p1a: Oinkologne|def|2\n|-enditem|p1a: Oinkologne|Liechi Berry|[eat]\n|-boost|p1a: Oinkologne|atk|1|[from] item: Liechi Berry\n|\n|upkeep\n|turn|6\n|\n|t:|1700044426\n|move|p2a: Sushi|Liquidation|p1a: Oinkologne\n|-damage|p1a: Oinkologne|76\/100\n|move|p1a: Oinkologne|Body Slam|p2a: Sushi\n|-damage|p2a: Sushi|21\/100\n|\n|upkeep\n|turn|7\n|\n|t:|1700044432\n|move|p2a: Sushi|Liquidation|p1a: Oinkologne\n|-damage|p1a: Oinkologne|51\/100\n|move|p1a: Oinkologne|Body Press|p2a: Sushi\n|-damage|p2a: Sushi|0 fnt\n|faint|p2a: Sushi\n|\n|upkeep\n|\n|t:|1700044436\n|switch|p2a: Husbando|Nuzleaf, F, shiny|100\/100 par\n|turn|8\n|j| Sibn23\n|\n|t:|1700044439\n|move|p2a: Husbando|Fake Out|p1a: Oinkologne\n|-damage|p1a: Oinkologne|45\/100\n|cant|p1a: Oinkologne|flinch\n|\n|upkeep\n|turn|9\n|\n|t:|1700044443\n|move|p1a: Oinkologne|Body Press|p2a: Husbando\n|-supereffective|p2a: Husbando\n|-damage|p2a: Husbando|0 fnt\n|faint|p2a: Husbando\n|\n|upkeep\n|j| eskittienyan2911\n|\n|t:|1700044460\n|switch|p2a: Nuremberg|Hydreigon, M, shiny|100\/100\n|turn|10\n|j| sinisterresolute\n|\n|t:|1700044464\n|move|p2a: Nuremberg|Dark Pulse|p1a: Oinkologne\n|-crit|p1a: Oinkologne\n|-damage|p1a: Oinkologne|0 fnt\n|faint|p1a: Oinkologne\n|\n|upkeep\n|l| sinisterresolute\n|c| Sibn23|moye moye\n|\n|t:|1700044474\n|switch|p1a: Breloom|Breloom, F|100\/100\n|turn|11\n|\n|t:|1700044477\n|move|p2a: Nuremberg|Flamethrower|p1a: Breloom\n|-supereffective|p1a: Breloom\n|-enditem|p1a: Breloom|Focus Sash\n|-damage|p1a: Breloom|1\/100\n|move|p1a: Breloom|Spore|p2a: Nuremberg\n|-status|p2a: Nuremberg|slp|[from] move: Spore\n|\n|upkeep\n|turn|12\n|\n|t:|1700044483\n|cant|p2a: Nuremberg|slp\n|move|p1a: Breloom|Swords Dance|p1a: Breloom\n|-boost|p1a: Breloom|atk|2\n|\n|upkeep\n|turn|13\n|\n|t:|1700044488\n|move|p1a: Breloom|Mach Punch|p2a: Nuremberg\n|-supereffective|p2a: Nuremberg\n|-damage|p2a: Nuremberg|0 fnt\n|faint|p2a: Nuremberg\n|\n|upkeep\n|\n|t:|1700044495\n|switch|p2a: Casta\u00f1a|Noctowl, M, shiny|100\/100\n|turn|14\n|\n|t:|1700044507\n|move|p1a: Breloom|Mach Punch|p2a: Casta\u00f1a\n|-damage|p2a: Casta\u00f1a|40\/100\n|move|p2a: Casta\u00f1a|Hyper Voice|p1a: Breloom\n|-damage|p1a: Breloom|0 fnt\n|faint|p1a: Breloom\n|\n|-heal|p2a: Casta\u00f1a|46\/100|[from] item: Leftovers\n|upkeep\n|\n|t:|1700044509\n|switch|p1a: Kommo-o|Kommo-o, F, shiny|100\/100\n|turn|15\n|\n|t:|1700044515\n|-terastallize|p1a: Kommo-o|Normal\n|-terastallize|p2a: Casta\u00f1a|Fairy\n|move|p1a: Kommo-o|Clangorous Soul|p1a: Kommo-o\n|-boost|p1a: Kommo-o|atk|1\n|-boost|p1a: Kommo-o|def|1\n|-boost|p1a: Kommo-o|spa|1\n|-boost|p1a: Kommo-o|spd|1\n|-boost|p1a: Kommo-o|spe|1\n|-damage|p1a: Kommo-o|68\/100\n|-enditem|p1a: Kommo-o|Throat Spray\n|-boost|p1a: Kommo-o|spa|1|[from] item: Throat Spray\n|move|p2a: Casta\u00f1a|Moonblast|p1a: Kommo-o\n|-damage|p1a: Kommo-o|47\/100\n|\n|-heal|p2a: Casta\u00f1a|52\/100|[from] item: Leftovers\n|upkeep\n|turn|16\n|\n|t:|1700044529\n|move|p1a: Kommo-o|Boomburst|p2a: Casta\u00f1a\n|-crit|p2a: Casta\u00f1a\n|-damage|p2a: Casta\u00f1a|0 fnt\n|faint|p2a: Casta\u00f1a\n|\n|win|dewtye\n|n|\u2606dewtye|dewtye\n|n|\u2606ladymonitaishere|ladymonitaishere\n|n|*Lady Monita \u2746|ladymonita\n|n| Khalni|khalni\n|n| Sibn23|sibn23\n|n| eskittienyan2911|eskittienyan2911\n","uploadtime":1700044530,"views":4,"p1id":"dewtye","p2id":"ladymonitaishere","formatid":"gen9ou","rating":0,"private":0,"password":""}