{"id":"gen9ou-1989917009","p1":"edgypunishment","p2":"cghbfgv","format":"[Gen 9] OU","log":"|j|\u2606edgypunishment\n|j|\u2606cghbfgv\n|t:|1699906540\n|gametype|singles\n|player|p1|edgypunishment|dawn|1115\n|player|p2|cghbfgv|170|1047\n|teamsize|p1|6\n|teamsize|p2|6\n|gen|9\n|tier|[Gen 9] OU\n|rated|\n|rule|Sleep Clause Mod: Limit one foe put to sleep\n|rule|Species Clause: Limit one of each Pok\u00e9mon\n|rule|OHKO Clause: OHKO moves are banned\n|rule|Evasion Items Clause: Evasion items are banned\n|rule|Evasion Moves Clause: Evasion moves are banned\n|rule|Endless Battle Clause: Forcing endless battles is banned\n|rule|HP Percentage Mod: HP is shown in percentages\n|clearpoke\n|poke|p1|Cetitan, M|\n|poke|p1|Ninetales-Alola, F|\n|poke|p1|Froslass, F|\n|poke|p1|Sandslash-Alola, F|\n|poke|p1|Cloyster, M|\n|poke|p1|Mamoswine, F|\n|poke|p2|Arcanine, M|\n|poke|p2|Decidueye-Hisui, M|\n|poke|p2|Corviknight, M|\n|poke|p2|Garchomp, M|\n|poke|p2|Salamence, F|\n|poke|p2|Gengar, M|\n|teampreview\n|inactive|Battle timer is ON: inactive players will automatically lose when time's up. (requested by edgypunishment)\n|\n|t:|1699906566\n|start\n|switch|p1a: Cetitan|Cetitan, M|100\/100\n|switch|p2a: Corviknight|Corviknight, M|100\/100\n|turn|1\n|\n|t:|1699906576\n|move|p1a: Cetitan|Ice Spinner|p2a: Corviknight\n|-crit|p2a: Corviknight\n|-damage|p2a: Corviknight|49\/100\n|move|p2a: Corviknight|Iron Head|p1a: Cetitan\n|-supereffective|p1a: Cetitan\n|-damage|p1a: Cetitan|16\/100\n|-damage|p2a: Corviknight|39\/100|[from] item: Life Orb\n|\n|upkeep\n|turn|2\n|\n|t:|1699906587\n|switch|p2a: Arcanine|Arcanine, M|100\/100\n|-ability|p2a: Arcanine|Intimidate|boost\n|-unboost|p1a: Cetitan|atk|1\n|move|p1a: Cetitan|Ice Spinner|p2a: Arcanine\n|-resisted|p2a: Arcanine\n|-damage|p2a: Arcanine|85\/100\n|\n|upkeep\n|turn|3\n|\n|t:|1699906597\n|move|p1a: Cetitan|Ice Shard|p2a: Arcanine\n|-resisted|p2a: Arcanine\n|-damage|p2a: Arcanine|78\/100\n|move|p2a: Arcanine|Flare Blitz|p1a: Cetitan\n|-supereffective|p1a: Cetitan\n|-damage|p1a: Cetitan|0 fnt\n|faint|p1a: Cetitan\n|-damage|p2a: Arcanine|72\/100|[from] Recoil\n|\n|upkeep\n|\n|t:|1699906616\n|switch|p1a: Mamoswine|Mamoswine, F|100\/100\n|turn|4\n|\n|t:|1699906623\n|-terastallize|p2a: Arcanine|Normal\n|move|p2a: Arcanine|Flare Blitz|p1a: Mamoswine\n|-supereffective|p1a: Mamoswine\n|-damage|p1a: Mamoswine|0 fnt\n|faint|p1a: Mamoswine\n|-damage|p2a: Arcanine|41\/100|[from] Recoil\n|\n|upkeep\n|\n|t:|1699906636\n|switch|p1a: Cloyster|Cloyster, M, shiny|100\/100\n|turn|5\n|\n|t:|1699906643\n|switch|p2a: Garchomp|Garchomp, M|100\/100\n|move|p1a: Cloyster|Shell Smash|p1a: Cloyster\n|-unboost|p1a: Cloyster|def|1\n|-unboost|p1a: Cloyster|spd|1\n|-boost|p1a: Cloyster|atk|2\n|-boost|p1a: Cloyster|spa|2\n|-boost|p1a: Cloyster|spe|2\n|-enditem|p1a: Cloyster|White Herb\n|-clearnegativeboost|p1a: Cloyster|[silent]\n|\n|upkeep\n|turn|6\n|\n|t:|1699906653\n|move|p1a: Cloyster|Icicle Spear|p2a: Garchomp\n|-supereffective|p2a: Garchomp\n|-damage|p2a: Garchomp|15\/100\n|-supereffective|p2a: Garchomp\n|-damage|p2a: Garchomp|0 fnt\n|faint|p2a: Garchomp\n|-hitcount|p2: Garchomp|2\n|\n|upkeep\n|\n|t:|1699906666\n|switch|p2a: Corviknight|Corviknight, M|39\/100\n|turn|7\n|\n|t:|1699906673\n|move|p1a: Cloyster|Icicle Spear|p2a: Corviknight\n|-damage|p2a: Corviknight|22\/100\n|-damage|p2a: Corviknight|5\/100\n|-damage|p2a: Corviknight|0 fnt\n|faint|p2a: Corviknight\n|-hitcount|p2: Corviknight|3\n|\n|upkeep\n|\n|t:|1699906678\n|switch|p2a: Gengar|Gengar, M|100\/100\n|turn|8\n|\n|t:|1699906684\n|move|p2a: Gengar|Thunderbolt|p1a: Cloyster\n|-supereffective|p1a: Cloyster\n|-damage|p1a: Cloyster|0 fnt\n|faint|p1a: Cloyster\n|\n|upkeep\n|\n|t:|1699906689\n|switch|p1a: Ninetales|Ninetales-Alola, F|100\/100\n|-weather|Snow|[from] ability: Snow Warning|[of] p1a: Ninetales\n|turn|9\n|\n|t:|1699906697\n|switch|p2a: Arcanine|Arcanine, M, tera:Normal|41\/100\n|-ability|p2a: Arcanine|Intimidate|boost\n|-unboost|p1a: Ninetales|atk|1\n|move|p1a: Ninetales|Aurora Veil|p1a: Ninetales\n|-sidestart|p1: edgypunishment|move: Aurora Veil\n|\n|-weather|Snow|[upkeep]\n|upkeep\n|turn|10\n|\n|t:|1699906708\n|move|p2a: Arcanine|Extreme Speed|p1a: Ninetales\n|-crit|p1a: Ninetales\n|-damage|p1a: Ninetales|9\/100\n|move|p1a: Ninetales|Blizzard|p2a: Arcanine\n|-crit|p2a: Arcanine\n|-damage|p2a: Arcanine|0 fnt\n|faint|p2a: Arcanine\n|\n|-weather|Snow|[upkeep]\n|upkeep\n|\n|t:|1699906713\n|switch|p2a: Decidueye|Decidueye-Hisui, M|100\/100\n|turn|11\n|\n|t:|1699906721\n|move|p2a: Decidueye|Shadow Sneak|p1a: Ninetales\n|-damage|p1a: Ninetales|2\/100\n|move|p1a: Ninetales|Blizzard|p2a: Decidueye\n|-supereffective|p2a: Decidueye\n|-damage|p2a: Decidueye|48\/100\n|\n|-weather|Snow|[upkeep]\n|upkeep\n|turn|12\n|\n|t:|1699906732\n|move|p2a: Decidueye|Shadow Sneak|p1a: Ninetales\n|-damage|p1a: Ninetales|0 fnt\n|faint|p1a: Ninetales\n|\n|-weather|Snow|[upkeep]\n|upkeep\n|\n|t:|1699906741\n|switch|p1a: Sandslash|Sandslash-Alola, F|100\/100\n|turn|13\n|\n|t:|1699906749\n|move|p1a: Sandslash|Ice Spinner|p2a: Decidueye\n|-supereffective|p2a: Decidueye\n|-damage|p2a: Decidueye|0 fnt\n|faint|p2a: Decidueye\n|-damage|p1a: Sandslash|91\/100|[from] item: Life Orb\n|\n|-weather|Snow|[upkeep]\n|-sideend|p1: edgypunishment|move: Aurora Veil\n|upkeep\n|\n|t:|1699906752\n|switch|p2a: Salamence|Salamence, F|100\/100\n|turn|14\n|\n|t:|1699906759\n|move|p1a: Sandslash|Ice Spinner|p2a: Salamence\n|-supereffective|p2a: Salamence\n|-damage|p2a: Salamence|0 fnt\n|faint|p2a: Salamence\n|-damage|p1a: Sandslash|81\/100|[from] item: Life Orb\n|\n|-weather|Snow|[upkeep]\n|upkeep\n|\n|t:|1699906765\n|switch|p2a: Gengar|Gengar, M|100\/100\n|turn|15\n|\n|t:|1699906772\n|move|p2a: Gengar|Shadow Ball|p1a: Sandslash\n|-damage|p1a: Sandslash|8\/100\n|move|p1a: Sandslash|Earthquake|p2a: Gengar\n|-supereffective|p2a: Gengar\n|-damage|p2a: Gengar|0 fnt\n|faint|p2a: Gengar\n|-damage|p1a: Sandslash|0 fnt|[from] item: Life Orb\n|faint|p1a: Sandslash\n|\n|win|edgypunishment\n|raw|edgypunishment's rating: 1115 &rarr; <strong>1135<\/strong><br \/>(+20 for winning)\n|raw|cghbfgv's rating: 1047 &rarr; <strong>1033<\/strong><br \/>(-14 for losing)\n|l|\u2606cghbfgv\n","uploadtime":1699906785,"views":17,"p1id":"edgypunishment","p2id":"cghbfgv","formatid":"gen9ou","rating":1033,"private":0,"password":""}