{"id":"gen9ou-1990106064","p1":"e4rl","p2":"Angel_Oceanpart","format":"[Gen 9] OU","log":"|j|\u2606e4rl\n|j|\u2606Angel_Oceanpart\n|t:|1699925159\n|gametype|singles\n|player|p1|e4rl|giovanni|1077\n|player|p2|Angel_Oceanpart|preschoolerf|1133\n|teamsize|p1|6\n|teamsize|p2|6\n|gen|9\n|tier|[Gen 9] OU\n|rated|\n|rule|Sleep Clause Mod: Limit one foe put to sleep\n|rule|Species Clause: Limit one of each Pok\u00e9mon\n|rule|OHKO Clause: OHKO moves are banned\n|rule|Evasion Items Clause: Evasion items are banned\n|rule|Evasion Moves Clause: Evasion moves are banned\n|rule|Endless Battle Clause: Forcing endless battles is banned\n|rule|HP Percentage Mod: HP is shown in percentages\n|clearpoke\n|poke|p1|Walking Wake|\n|poke|p1|Dragapult, F|\n|poke|p1|Iron Valiant|\n|poke|p1|Toxapex, F|\n|poke|p1|Gholdengo|\n|poke|p1|Meowscarada, F|\n|poke|p2|Ditto|\n|poke|p2|Alomomola, M|\n|poke|p2|Corviknight, M|\n|poke|p2|Heatran, F|\n|poke|p2|Pawmot, F|\n|poke|p2|Zoroark, M|\n|teampreview\n|inactive|Battle timer is ON: inactive players will automatically lose when time's up. (requested by Angel_Oceanpart)\n|\n|t:|1699925181\n|start\n|switch|p1a: Meowscarada|Meowscarada, F|100\/100\n|switch|p2a: Betrayal|Heatran, F|100\/100\n|turn|1\n|\n|t:|1699925199\n|switch|p1a: Toxapex|Toxapex, F|100\/100\n|move|p2a: Betrayal|Overheat|p1a: Toxapex\n|-resisted|p1a: Toxapex\n|-damage|p1a: Toxapex|71\/100\n|-unboost|p2a: Betrayal|spa|2\n|\n|upkeep\n|turn|2\n|\n|t:|1699925213\n|switch|p2a: Forgive|Corviknight, M|100\/100\n|-ability|p2a: Forgive|Pressure\n|move|p1a: Toxapex|Acid Spray|p2a: Forgive\n|-immune|p2a: Forgive\n|\n|upkeep\n|turn|3\n|\n|t:|1699925228\n|move|p2a: Forgive|Brave Bird|p1a: Toxapex\n|-damage|p1a: Toxapex|44\/100\n|-damage|p2a: Forgive|93\/100|[from] Recoil\n|move|p1a: Toxapex|Surf|p2a: Forgive\n|-damage|p2a: Forgive|63\/100\n|\n|-heal|p2a: Forgive|70\/100|[from] item: Leftovers\n|upkeep\n|turn|4\n|inactive|e4rl has 120 seconds left.\n|\n|t:|1699925268\n|switch|p1a: Walking Wake|Walking Wake|100\/100\n|move|p2a: Forgive|Roost|p2a: Forgive\n|-heal|p2a: Forgive|100\/100\n|-singleturn|p2a: Forgive|move: Roost\n|\n|upkeep\n|turn|5\n|\n|t:|1699925290\n|move|p1a: Walking Wake|Hydro Steam|p2a: Forgive\n|-damage|p2a: Forgive|37\/100\n|move|p2a: Forgive|U-turn|p1a: Walking Wake\n|-damage|p1a: Walking Wake|85\/100\n|\n|t:|1699925293\n|switch|p2a: Tora|Alomomola, M|100\/100|[from] U-turn\n|\n|upkeep\n|turn|6\n|\n|t:|1699925299\n|-end|p1a: Walking Wake|Protosynthesis|[silent]\n|switch|p1a: Toxapex|Toxapex, F|77\/100\n|move|p2a: Tora|Mirror Coat||[still]\n|-fail|p2a: Tora\n|\n|upkeep\n|turn|7\n|\n|t:|1699925308\n|move|p2a: Tora|Wish|p2a: Tora\n|move|p1a: Toxapex|Acid Spray|p2a: Tora\n|-damage|p2a: Tora|87\/100\n|-unboost|p2a: Tora|spd|2\n|-enditem|p2a: Tora|Red Card|[of] p1a: Toxapex\n|drag|p1a: Walking Wake|Walking Wake|85\/100\n|\n|upkeep\n|turn|8\n|\n|t:|1699925328\n|move|p1a: Walking Wake|Hydro Steam|p2a: Tora\n|-resisted|p2a: Tora\n|-damage|p2a: Tora|21\/100\n|move|p2a: Tora|Mirror Coat|p1a: Walking Wake\n|-damage|p1a: Walking Wake|0 fnt\n|faint|p1a: Walking Wake\n|-end|p1a: Walking Wake|Protosynthesis|[silent]\n|\n|-heal|p2a: Tora|71\/100|[from] move: Wish|[wisher] Tora\n|upkeep\n|\n|t:|1699925345\n|switch|p1a: Meowscarada|Meowscarada, F|100\/100\n|turn|9\n|\n|t:|1699925355\n|switch|p2a: Forgive|Corviknight, M|37\/100\n|-ability|p2a: Forgive|Pressure\n|move|p1a: Meowscarada|Skill Swap|p2a: Forgive\n|-activate|p1a: Meowscarada|move: Skill Swap|Pressure|Overgrow|[of] p2a: Forgive\n|-ability|p1a: Meowscarada|Pressure\n|\n|-heal|p2a: Forgive|43\/100|[from] item: Leftovers\n|upkeep\n|turn|10\n|\n|t:|1699925363\n|switch|p1a: Toxapex|Toxapex, F|100\/100\n|move|p2a: Forgive|Roost|p2a: Forgive\n|-heal|p2a: Forgive|93\/100\n|-singleturn|p2a: Forgive|move: Roost\n|\n|-heal|p2a: Forgive|99\/100|[from] item: Leftovers\n|upkeep\n|turn|11\n|\n|t:|1699925374\n|switch|p2a: Tori|Ditto|100\/100\n|-transform|p2a: Tori|p1a: Toxapex|[from] ability: Imposter\n|move|p1a: Toxapex|Infestation|p2a: Tori\n|-resisted|p2a: Tori\n|-damage|p2a: Tori|99\/100\n|-activate|p2a: Tori|move: Infestation|[of] p1a: Toxapex\n|-enditem|p2a: Tori|Red Card|[of] p1a: Toxapex\n|drag|p1a: Iron Valiant|Iron Valiant|100\/100\n|-enditem|p1a: Iron Valiant|Booster Energy\n|-activate|p1a: Iron Valiant|ability: Quark Drive|[fromitem]\n|-start|p1a: Iron Valiant|quarkdrivespe\n|\n|-end|p2a: Tori|Infestation|[partiallytrapped]|[silent]\n|upkeep\n|turn|12\n|\n|t:|1699925397\n|-end|p1a: Iron Valiant|Quark Drive|[silent]\n|switch|p1a: Gholdengo|Gholdengo|100\/100\n|move|p2a: Tori|Infestation|p1a: Gholdengo\n|-resisted|p1a: Gholdengo\n|-damage|p1a: Gholdengo|99\/100\n|-activate|p1a: Gholdengo|move: Infestation|[of] p2a: Tori\n|\n|-damage|p1a: Gholdengo|87\/100|[from] move: Infestation|[partiallytrapped]\n|upkeep\n|turn|13\n|\n|t:|1699925409\n|move|p1a: Gholdengo|Shadow Ball|p2a: Tori\n|-damage|p2a: Tori|41\/100\n|-unboost|p2a: Tori|spd|1\n|move|p2a: Tori|Surf|p1a: Gholdengo\n|-damage|p1a: Gholdengo|51\/100\n|\n|-damage|p1a: Gholdengo|39\/100|[from] move: Infestation|[partiallytrapped]\n|upkeep\n|turn|14\n|\n|t:|1699925421\n|switch|p2a: Forgive|Corviknight, M|99\/100\n|-ability|p2a: Forgive|Pressure\n|move|p1a: Gholdengo|Shadow Ball|p2a: Forgive\n|-damage|p2a: Forgive|34\/100\n|\n|-heal|p2a: Forgive|40\/100|[from] item: Leftovers\n|-end|p1a: Gholdengo|Infestation|[partiallytrapped]|[silent]\n|upkeep\n|turn|15\n|\n|t:|1699925431\n|switch|p1a: Toxapex|Toxapex, F|100\/100\n|switch|p2a: Betrayal|Heatran, F|100\/100\n|\n|upkeep\n|turn|16\n|inactive|e4rl has 120 seconds left.\n|\n|t:|1699925440\n|switch|p2a: Tora|Alomomola, M|100\/100\n|move|p1a: Toxapex|Surf|p2a: Tora\n|-resisted|p2a: Tora\n|-damage|p2a: Tora|84\/100\n|\n|upkeep\n|turn|17\n|\n|t:|1699925444\n|move|p2a: Tora|Wish|p2a: Tora\n|move|p1a: Toxapex|Acid Spray|p2a: Tora\n|-damage|p2a: Tora|70\/100\n|-unboost|p2a: Tora|spd|2\n|\n|upkeep\n|turn|18\n|\n|t:|1699925453\n|move|p2a: Tora|Flip Turn|p1a: Toxapex\n|-resisted|p1a: Toxapex\n|-damage|p1a: Toxapex|95\/100\n|\n|t:|1699925455\n|switch|p2a: Forgive|Corviknight, M|40\/100|[from] Flip Turn\n|-ability|p2a: Forgive|Pressure\n|move|p1a: Toxapex|Acid Spray|p2a: Forgive\n|-immune|p2a: Forgive\n|\n|-heal|p2a: Forgive|100\/100|[from] move: Wish|[wisher] Tora\n|upkeep\n|turn|19\n|\n|t:|1699925460\n|switch|p2a: Tori|Ditto|74\/100\n|-transform|p2a: Tori|p1a: Toxapex|[from] ability: Imposter\n|move|p1a: Toxapex|Surf|p2a: Tori\n|-resisted|p2a: Tori\n|-damage|p2a: Tori|61\/100\n|\n|upkeep\n|turn|20\n|\n|t:|1699925476\n|switch|p2a: Tora|Alomomola, M|100\/100\n|move|p1a: Toxapex|Acid Spray|p2a: Tora\n|-damage|p2a: Tora|86\/100\n|-unboost|p2a: Tora|spd|2\n|\n|upkeep\n|turn|21\n|\n|t:|1699925482\n|move|p2a: Tora|Flip Turn|p1a: Toxapex\n|-resisted|p1a: Toxapex\n|-damage|p1a: Toxapex|88\/100\n|\n|t:|1699925484\n|switch|p2a: Tori|Ditto|94\/100|[from] Flip Turn\n|-transform|p2a: Tori|p1a: Toxapex|[from] ability: Imposter\n|move|p1a: Toxapex|Sludge Bomb|p2a: Tori\n|-resisted|p2a: Tori\n|-damage|p2a: Tori|82\/100\n|\n|upkeep\n|turn|22\n|\n|t:|1699925490\n|move|p1a: Toxapex|Acid Spray|p2a: Tori\n|-resisted|p2a: Tori\n|-damage|p2a: Tori|76\/100\n|-unboost|p2a: Tori|spd|2\n|move|p2a: Tori|Infestation|p1a: Toxapex\n|-resisted|p1a: Toxapex\n|-damage|p1a: Toxapex|86\/100\n|-activate|p1a: Toxapex|move: Infestation|[of] p2a: Tori\n|\n|-damage|p1a: Toxapex|74\/100|[from] move: Infestation|[partiallytrapped]\n|upkeep\n|turn|23\n|\n|t:|1699925498\n|move|p2a: Tori|Acid Spray|p1a: Toxapex\n|-resisted|p1a: Toxapex\n|-damage|p1a: Toxapex|71\/100\n|-unboost|p1a: Toxapex|spd|2\n|move|p1a: Toxapex|Acid Spray|p2a: Tori\n|-resisted|p2a: Tori\n|-damage|p2a: Tori|65\/100\n|-unboost|p2a: Tori|spd|2\n|\n|-damage|p1a: Toxapex|59\/100|[from] move: Infestation|[partiallytrapped]\n|upkeep\n|turn|24\n|\n|t:|1699925509\n|switch|p2a: Tora|Alomomola, M|100\/100\n|move|p1a: Toxapex|Surf|p2a: Tora\n|-resisted|p2a: Tora\n|-damage|p2a: Tora|84\/100\n|\n|-end|p1a: Toxapex|Infestation|[partiallytrapped]|[silent]\n|upkeep\n|turn|25\n|\n|t:|1699925514\n|switch|p1a: Meowscarada|Meowscarada, F|100\/100\n|move|p2a: Tora|Flip Turn|p1a: Meowscarada\n|-resisted|p1a: Meowscarada\n|-damage|p1a: Meowscarada|90\/100\n|\n|t:|1699925521\n|switch|p2a: Betrayal|Heatran, F|100\/100|[from] Flip Turn\n|\n|upkeep\n|turn|26\n|\n|t:|1699925524\n|move|p2a: Betrayal|U-turn|p1a: Meowscarada\n|-supereffective|p1a: Meowscarada\n|-damage|p1a: Meowscarada|0 fnt\n|faint|p1a: Meowscarada\n|c|\u2606e4rl|damn np\n|\n|t:|1699925531\n|switch|p2a: Tora|Alomomola, M|100\/100|[from] U-turn\n|\n|upkeep\n|c|\u2606Angel_Oceanpart|^^\n|\n|t:|1699925540\n|switch|p1a: Iron Valiant|Iron Valiant|100\/100\n|turn|27\n|\n|t:|1699925545\n|move|p1a: Iron Valiant|Swords Dance|p1a: Iron Valiant\n|-boost|p1a: Iron Valiant|atk|2\n|move|p2a: Tora|Flip Turn|p1a: Iron Valiant\n|-damage|p1a: Iron Valiant|80\/100\n|inactive|Angel_Oceanpart has 120 seconds left.\n|\n|t:|1699925582\n|switch|p2a: Betrayal|Heatran, F|100\/100|[from] Flip Turn\n|\n|upkeep\n|turn|28\n|\n|t:|1699925610\n|-terastallize|p2a: Betrayal|Water\n|move|p1a: Iron Valiant|Close Combat|p2a: Betrayal\n|-damage|p2a: Betrayal|0 fnt\n|-unboost|p1a: Iron Valiant|def|1\n|-unboost|p1a: Iron Valiant|spd|1\n|faint|p2a: Betrayal\n|\n|upkeep\n|c|\u2606Angel_Oceanpart|aww\n|\n|t:|1699925617\n|switch|p2a: Tori|Ditto|98\/100\n|-transform|p2a: Tori|p1a: Iron Valiant|[from] ability: Imposter\n|turn|29\n|\n|t:|1699925625\n|-end|p1a: Iron Valiant|Quark Drive|[silent]\n|switch|p1a: Toxapex|Toxapex, F|92\/100\n|move|p2a: Tori|Close Combat|p1a: Toxapex\n|-resisted|p1a: Toxapex\n|-damage|p1a: Toxapex|46\/100\n|-unboost|p2a: Tori|def|1\n|-unboost|p2a: Tori|spd|1\n|\n|upkeep\n|turn|30\n|\n|t:|1699925646\n|-end|p2a: Tori|Quark Drive|[silent]\n|switch|p2a: Forgive|Corviknight, M|100\/100\n|-ability|p2a: Forgive|Pressure\n|move|p1a: Toxapex|Acid Spray|p2a: Forgive\n|-immune|p2a: Forgive\n|\n|upkeep\n|turn|31\n|\n|t:|1699925662\n|switch|p1a: Gholdengo|Gholdengo|39\/100\n|move|p2a: Forgive|Brave Bird|p1a: Gholdengo\n|-resisted|p1a: Gholdengo\n|-damage|p1a: Gholdengo|19\/100\n|-damage|p2a: Forgive|95\/100|[from] Recoil\n|\n|-heal|p2a: Forgive|100\/100|[from] item: Leftovers\n|upkeep\n|turn|32\n|\n|t:|1699925677\n|move|p1a: Gholdengo|Trick|p2a: Forgive\n|-activate|p1a: Gholdengo|move: Trick|[of] p2a: Forgive\n|-item|p2a: Forgive|Choice Specs|[from] move: Trick\n|-item|p1a: Gholdengo|Leftovers|[from] move: Trick\n|move|p2a: Forgive|Brave Bird|p1a: Gholdengo\n|-resisted|p1a: Gholdengo\n|-damage|p1a: Gholdengo|0 fnt\n|faint|p1a: Gholdengo\n|-damage|p2a: Forgive|96\/100|[from] Recoil\n|\n|upkeep\n|\n|t:|1699925683\n|switch|p1a: Dragapult|Dragapult, F|100\/100\n|turn|33\n|inactive|e4rl has 120 seconds left.\n|\n|t:|1699925706\n|switch|p2a: Tora|Alomomola, M|100\/100\n|move|p1a: Dragapult|U-turn|p2a: Tora\n|-damage|p2a: Tora|91\/100\n|inactive|e4rl has 120 seconds left.\n|\n|t:|1699925714\n|switch|p1a: Toxapex|Toxapex, F|79\/100|[from] U-turn\n|\n|upkeep\n|turn|34\n|inactive|e4rl has 120 seconds left.\n|\n|t:|1699925732\n|move|p2a: Tora|Flip Turn|p1a: Toxapex\n|-resisted|p1a: Toxapex\n|-damage|p1a: Toxapex|73\/100\n|\n|t:|1699925734\n|switch|p2a: Forgive|Corviknight, M|96\/100|[from] Flip Turn\n|-ability|p2a: Forgive|Pressure\n|move|p1a: Toxapex|Acid Spray|p2a: Forgive\n|-immune|p2a: Forgive\n|\n|upkeep\n|turn|35\n|\n|t:|1699925739\n|move|p2a: Forgive|Brave Bird|p1a: Toxapex\n|-damage|p1a: Toxapex|46\/100\n|-damage|p2a: Forgive|89\/100|[from] Recoil\n|move|p1a: Toxapex|Surf|p2a: Forgive\n|-damage|p2a: Forgive|59\/100\n|\n|upkeep\n|turn|36\n|\n|t:|1699925750\n|move|p2a: Forgive|Brave Bird|p1a: Toxapex\n|-damage|p1a: Toxapex|17\/100\n|-damage|p2a: Forgive|52\/100|[from] Recoil\n|move|p1a: Toxapex|Surf|p2a: Forgive\n|-damage|p2a: Forgive|22\/100\n|\n|upkeep\n|turn|37\n|\n|t:|1699925762\n|move|p2a: Forgive|Brave Bird|p1a: Toxapex\n|-damage|p1a: Toxapex|0 fnt\n|faint|p1a: Toxapex\n|-damage|p2a: Forgive|18\/100|[from] Recoil\n|\n|upkeep\n|\n|t:|1699925770\n|switch|p1a: Iron Valiant|Iron Valiant|80\/100\n|turn|38\n|\n|t:|1699925782\n|-terastallize|p1a: Iron Valiant|Dark\n|move|p1a: Iron Valiant|Swords Dance|p1a: Iron Valiant\n|-boost|p1a: Iron Valiant|atk|2\n|move|p2a: Forgive|Brave Bird|p1a: Iron Valiant\n|-damage|p1a: Iron Valiant|35\/100\n|-damage|p2a: Forgive|7\/100|[from] Recoil\n|\n|upkeep\n|turn|39\n|\n|t:|1699925790\n|move|p1a: Iron Valiant|Knock Off|p2a: Forgive\n|-damage|p2a: Forgive|0 fnt\n|-enditem|p2a: Forgive|Choice Specs|[from] move: Knock Off|[of] p1a: Iron Valiant\n|faint|p2a: Forgive\n|\n|upkeep\n|\n|t:|1699925792\n|switch|p2a: Tora|Alomomola, M|100\/100\n|turn|40\n|\n|t:|1699925794\n|move|p2a: Tora|U-turn|p1a: Iron Valiant\n|-supereffective|p1a: Iron Valiant\n|-damage|p1a: Iron Valiant|0 fnt\n|faint|p1a: Iron Valiant\n|-end|p1a: Iron Valiant|Quark Drive|[silent]\n|\n|t:|1699925811\n|switch|p2a: Tori|Ditto|98\/100|[from] U-turn\n|\n|upkeep\n|\n|t:|1699925813\n|switch|p1a: Dragapult|Dragapult, F|100\/100\n|turn|41\n|\n|t:|1699925830\n|switch|p2a: Tora|Alomomola, M|100\/100\n|move|p1a: Dragapult|Shadow Ball|p2a: Tora\n|-damage|p2a: Tora|45\/100\n|\n|upkeep\n|turn|42\n|\n|t:|1699925835\n|move|p1a: Dragapult|Shadow Ball|p2a: Tora\n|-damage|p2a: Tora|0 fnt\n|faint|p2a: Tora\n|\n|upkeep\n|\n|t:|1699925838\n|switch|p2a: Retry|Pawmot, F|100\/100\n|turn|43\n|\n|t:|1699925845\n|move|p1a: Dragapult|Shadow Ball|p2a: Retry\n|-damage|p2a: Retry|0 fnt\n|faint|p2a: Retry\n|\n|upkeep\n|\n|t:|1699925849\n|switch|p2a: Tori|Ditto|100\/100\n|turn|44\n|\n|t:|1699925852\n|move|p2a: Tori|Knock Off|p1a: Dragapult\n|-supereffective|p1a: Dragapult\n|-damage|p1a: Dragapult|0 fnt\n|-enditem|p1a: Dragapult|Choice Specs|[from] move: Knock Off|[of] p2a: Tori\n|faint|p1a: Dragapult\n|\n|win|Angel_Oceanpart\n|raw|e4rl's rating: 1077 &rarr; <strong>1059<\/strong><br \/>(-18 for losing)\n|raw|Angel_Oceanpart's rating: 1133 &rarr; <strong>1154<\/strong><br \/>(+21 for winning)\n|c|\u2606e4rl|gg\n|c|\u2606Angel_Oceanpart|gg\n|l|\u2606e4rl\n","uploadtime":1699925861,"views":15,"p1id":"e4rl","p2id":"angeloceanpart","formatid":"gen9ou","rating":1059,"private":0,"password":""}