{"id":"gen9ou-1998279110","p1":"endersOverlord","p2":"emperorcena","format":"[Gen 9] OU","log":"|j|\u2606endersOverlord\n|j|\u2606emperorcena\n|t:|1700923888\n|gametype|singles\n|player|p1|endersOverlord|colress|\n|player|p2|emperorcena|cynthia|\n|teamsize|p1|6\n|teamsize|p2|6\n|gen|9\n|tier|[Gen 9] OU\n|rule|Sleep Clause Mod: Limit one foe put to sleep\n|rule|Species Clause: Limit one of each Pok\u00e9mon\n|rule|OHKO Clause: OHKO moves are banned\n|rule|Evasion Items Clause: Evasion items are banned\n|rule|Evasion Moves Clause: Evasion moves are banned\n|rule|Endless Battle Clause: Forcing endless battles is banned\n|rule|HP Percentage Mod: HP is shown in percentages\n|clearpoke\n|poke|p1|Rotom-Wash|\n|poke|p1|Tinkaton, F|\n|poke|p1|Iron Hands|\n|poke|p1|Hydreigon, F|\n|poke|p1|Iron Moth|\n|poke|p1|Ogerpon, F|\n|poke|p2|Glimmora, M|\n|poke|p2|Zamazenta-*|\n|poke|p2|Magnezone|\n|poke|p2|Salamence, M|\n|poke|p2|Slowbro, M|\n|poke|p2|Dragapult, F|\n|teampreview\n|\n|t:|1700923924\n|start\n|switch|p1a: Siarnaq|Iron Hands, shiny|100\/100\n|switch|p2a: Poisonous Ground|Glimmora, M|100\/100\n|turn|1\n|\n|t:|1700923936\n|move|p2a: Poisonous Ground|Stealth Rock|p1a: Siarnaq\n|-sidestart|p1: endersOverlord|move: Stealth Rock\n|move|p1a: Siarnaq|Drain Punch|p2a: Poisonous Ground\n|-damage|p2a: Poisonous Ground|61\/100\n|-activate|p2a: Poisonous Ground|ability: Toxic Debris\n|-sidestart|p1: endersOverlord|move: Toxic Spikes\n|\n|upkeep\n|turn|2\n|\n|t:|1700923944\n|move|p2a: Poisonous Ground|Earth Power|p1a: Siarnaq\n|-supereffective|p1a: Siarnaq\n|-damage|p1a: Siarnaq|39\/100\n|move|p1a: Siarnaq|Swords Dance|p1a: Siarnaq\n|-boost|p1a: Siarnaq|atk|2\n|\n|-heal|p1a: Siarnaq|45\/100|[from] item: Leftovers\n|upkeep\n|turn|3\n|\n|t:|1700923957\n|-end|p1a: Siarnaq|Quark Drive|[silent]\n|switch|p1a: Prometheus|Iron Moth, shiny|100\/100\n|-damage|p1a: Prometheus|76\/100|[from] Stealth Rock\n|-sideend|p1: endersOverlord|move: Toxic Spikes|[of] p1a: Prometheus\n|move|p2a: Poisonous Ground|Earth Power|p1a: Prometheus\n|-supereffective|p1a: Prometheus\n|-damage|p1a: Prometheus|0 fnt\n|faint|p1a: Prometheus\n|-end|p1a: Prometheus|Quark Drive|[silent]\n|\n|upkeep\n|\n|t:|1700923973\n|switch|p1a: Atlas|Tinkaton, F|100\/100\n|-damage|p1a: Atlas|94\/100|[from] Stealth Rock\n|-ability|p1a: Atlas|Mold Breaker\n|turn|4\n|\n|t:|1700923980\n|move|p2a: Poisonous Ground|Earth Power|p1a: Atlas\n|-supereffective|p1a: Atlas\n|-damage|p1a: Atlas|54\/100\n|move|p1a: Atlas|Gigaton Hammer|p2a: Poisonous Ground\n|-supereffective|p2a: Poisonous Ground\n|-damage|p2a: Poisonous Ground|0 fnt\n|-activate|p2a: Poisonous Ground|ability: Toxic Debris\n|-sidestart|p1: endersOverlord|move: Toxic Spikes\n|faint|p2a: Poisonous Ground\n|\n|-heal|p1a: Atlas|60\/100|[from] item: Leftovers\n|upkeep\n|\n|t:|1700923989\n|switch|p2a: Dragon's Heart|Salamence, M|100\/100\n|turn|5\n|\n|t:|1700923998\n|move|p2a: Dragon's Heart|Earthquake|p1a: Atlas\n|-supereffective|p1a: Atlas\n|-damage|p1a: Atlas|0 fnt\n|faint|p1a: Atlas\n|-ability|p2a: Dragon's Heart|Moxie|boost\n|-boost|p2a: Dragon's Heart|atk|1\n|\n|upkeep\n|\n|t:|1700924009\n|switch|p1a: Aeolus|Hydreigon, F|100\/100\n|-damage|p1a: Aeolus|88\/100|[from] Stealth Rock\n|turn|6\n|\n|t:|1700924018\n|-terastallize|p1a: Aeolus|Steel\n|move|p2a: Dragon's Heart|Outrage|p1a: Aeolus\n|-resisted|p1a: Aeolus\n|-damage|p1a: Aeolus|33\/100\n|move|p1a: Aeolus|Draco Meteor|p2a: Dragon's Heart|[miss]\n|-miss|p1a: Aeolus|p2a: Dragon's Heart\n|\n|upkeep\n|turn|7\n|\n|t:|1700924029\n|move|p2a: Dragon's Heart|Outrage|p1a: Aeolus|[from]lockedmove\n|-resisted|p1a: Aeolus\n|-damage|p1a: Aeolus|0 fnt\n|faint|p1a: Aeolus\n|-ability|p2a: Dragon's Heart|Moxie|boost\n|-boost|p2a: Dragon's Heart|atk|1\n|\n|upkeep\n|\n|t:|1700924037\n|switch|p1a: Thetis|Rotom-Wash, shiny|100\/100\n|-damage|p1a: Thetis|88\/100|[from] Stealth Rock\n|turn|8\n|\n|t:|1700924044\n|move|p2a: Dragon's Heart|Outrage|p1a: Thetis|[from]lockedmove\n|-damage|p1a: Thetis|0 fnt\n|faint|p1a: Thetis\n|-ability|p2a: Dragon's Heart|Moxie|boost\n|-boost|p2a: Dragon's Heart|atk|1\n|-start|p2a: Dragon's Heart|confusion|[fatigue]\n|-enditem|p2a: Dragon's Heart|Lum Berry|[eat]\n|-end|p2a: Dragon's Heart|confusion\n|\n|upkeep\n|\n|t:|1700924053\n|switch|p1a: Pandora|Ogerpon, F|100\/100\n|-damage|p1a: Pandora|88\/100|[from] Stealth Rock\n|-status|p1a: Pandora|psn\n|turn|9\n|\n|t:|1700924058\n|move|p1a: Pandora|Ivy Cudgel|p2a: Dragon's Heart\n|-resisted|p2a: Dragon's Heart\n|-damage|p2a: Dragon's Heart|79\/100\n|move|p2a: Dragon's Heart|Dual Wingbeat|p1a: Pandora\n|-supereffective|p1a: Pandora\n|-damage|p1a: Pandora|0 fnt\n|faint|p1a: Pandora\n|-ability|p2a: Dragon's Heart|Moxie|boost\n|-boost|p2a: Dragon's Heart|atk|1\n|-hitcount|p1: Pandora|1\n|\n|upkeep\n|\n|t:|1700924068\n|switch|p1a: Siarnaq|Iron Hands, shiny|45\/100\n|-damage|p1a: Siarnaq|39\/100|[from] Stealth Rock\n|-status|p1a: Siarnaq|psn\n|turn|10\n|\n|t:|1700924082\n|move|p2a: Dragon's Heart|Earthquake|p1a: Siarnaq\n|-supereffective|p1a: Siarnaq\n|-damage|p1a: Siarnaq|0 fnt\n|faint|p1a: Siarnaq\n|-end|p1a: Siarnaq|Quark Drive|[silent]\n|\n|win|emperorcena\n|l|\u2606emperorcena\n","uploadtime":1700924090,"views":2,"p1id":"endersoverlord","p2id":"emperorcena","formatid":"gen9ou","rating":0,"private":0,"password":""}