{"id":"gen9ou-1991344751","p1":"Plogop","p2":"Zkeem11","format":"[Gen 9] OU","log":"|j|\u2606Plogop\n|j|\u2606Zkeem11\n|t:|1700069369\n|gametype|singles\n|player|p1|Plogop|ethan|1476\n|player|p2|Zkeem11|dawn-gen4pt|1420\n|teamsize|p1|6\n|teamsize|p2|6\n|gen|9\n|tier|[Gen 9] OU\n|rated|\n|rule|Sleep Clause Mod: Limit one foe put to sleep\n|rule|Species Clause: Limit one of each Pok\u00e9mon\n|rule|OHKO Clause: OHKO moves are banned\n|rule|Evasion Items Clause: Evasion items are banned\n|rule|Evasion Moves Clause: Evasion moves are banned\n|rule|Endless Battle Clause: Forcing endless battles is banned\n|rule|HP Percentage Mod: HP is shown in percentages\n|clearpoke\n|poke|p1|Clefable, F|\n|poke|p1|Sneasler, M|\n|poke|p1|Heatran, F|\n|poke|p1|Hatterene, F|\n|poke|p1|Iron Moth|\n|poke|p1|Great Tusk|\n|poke|p2|Alomomola, F|\n|poke|p2|Ting-Lu|\n|poke|p2|Gholdengo|\n|poke|p2|Weezing-Galar, M|\n|poke|p2|Dragonite, M|\n|poke|p2|Sneasler, M|\n|teampreview\n|inactive|Battle timer is ON: inactive players will automatically lose when time's up. (requested by Zkeem11)\n|\n|t:|1700069385\n|start\n|switch|p1a: Sneasler|Sneasler, M|100\/100\n|switch|p2a: Gholdengo|Gholdengo|100\/100\n|turn|1\n|\n|t:|1700069405\n|move|p1a: Sneasler|U-turn|p2a: Gholdengo\n|-resisted|p2a: Gholdengo\n|-damage|p2a: Gholdengo|94\/100\n|\n|t:|1700069409\n|switch|p1a: Heatran|Heatran, F|100\/100|[from] U-turn\n|-item|p1a: Heatran|Air Balloon\n|move|p2a: Gholdengo|Make It Rain|p1a: Heatran\n|-resisted|p1a: Heatran\n|-damage|p1a: Heatran|87\/100\n|-unboost|p2a: Gholdengo|spa|1\n|-enditem|p1a: Heatran|Air Balloon\n|\n|upkeep\n|turn|2\n|\n|t:|1700069422\n|switch|p2a: Ting-Lu|Ting-Lu|100\/100\n|-ability|p2a: Ting-Lu|Vessel of Ruin\n|move|p1a: Heatran|Stealth Rock|p2a: Ting-Lu\n|-sidestart|p2: Zkeem11|move: Stealth Rock\n|\n|upkeep\n|turn|3\n|\n|t:|1700069441\n|switch|p1a: Hatterene|Hatterene, F|100\/100\n|move|p2a: Ting-Lu|Earthquake|p1a: Hatterene\n|-damage|p1a: Hatterene|65\/100\n|-enditem|p1a: Hatterene|Eject Button\n|\n|t:|1700069445\n|switch|p1a: Great Tusk|Great Tusk|100\/100\n|\n|upkeep\n|turn|4\n|\n|t:|1700069453\n|switch|p2a: Weezing|Weezing-Galar, M|100\/100\n|-damage|p2a: Weezing|88\/100|[from] Stealth Rock\n|move|p1a: Great Tusk|Close Combat|p2a: Weezing\n|-resisted|p2a: Weezing\n|-damage|p2a: Weezing|79\/100\n|-unboost|p1a: Great Tusk|def|1\n|-unboost|p1a: Great Tusk|spd|1\n|-damage|p1a: Great Tusk|84\/100|[from] item: Rocky Helmet|[of] p2a: Weezing\n|\n|upkeep\n|turn|5\n|\n|t:|1700069474\n|-end|p1a: Great Tusk|Protosynthesis|[silent]\n|switch|p1a: Heatran|Heatran, F|87\/100\n|move|p2a: Weezing|Defog|p1a: Heatran\n|-unboost|p1a: Heatran|evasion|1\n|-sideend|p2: Zkeem11|Stealth Rock|[from] move: Defog|[of] p2a: Weezing\n|\n|upkeep\n|turn|6\n|\n|t:|1700069487\n|switch|p2a: Alomomola|Alomomola, F|100\/100\n|move|p1a: Heatran|Stealth Rock|p2a: Alomomola\n|-sidestart|p2: Zkeem11|move: Stealth Rock\n|\n|upkeep\n|turn|7\n|\n|t:|1700069497\n|switch|p1a: Clefable|Clefable, F|100\/100\n|move|p2a: Alomomola|Flip Turn|p1a: Clefable\n|-damage|p1a: Clefable|89\/100\n|\n|t:|1700069504\n|switch|p2a: Gholdengo|Gholdengo|94\/100|[from] Flip Turn\n|-damage|p2a: Gholdengo|88\/100|[from] Stealth Rock\n|\n|-heal|p1a: Clefable|95\/100|[from] item: Leftovers\n|upkeep\n|turn|8\n|\n|t:|1700069520\n|move|p1a: Clefable|Protect|p1a: Clefable\n|-singleturn|p1a: Clefable|Protect\n|move|p2a: Gholdengo|Shadow Ball|p1a: Clefable\n|-activate|p1a: Clefable|move: Protect\n|\n|-heal|p1a: Clefable|100\/100|[from] item: Leftovers\n|upkeep\n|turn|9\n|\n|t:|1700069535\n|switch|p1a: Heatran|Heatran, F|87\/100\n|move|p2a: Gholdengo|Shadow Ball|p1a: Heatran\n|-damage|p1a: Heatran|49\/100\n|\n|upkeep\n|turn|10\n|\n|t:|1700069543\n|switch|p2a: Alomomola|Alomomola, F|100\/100\n|-damage|p2a: Alomomola|88\/100|[from] Stealth Rock\n|move|p1a: Heatran|Magma Storm|p2a: Alomomola\n|-resisted|p2a: Alomomola\n|-damage|p2a: Alomomola|62\/100\n|-activate|p2a: Alomomola|move: Magma Storm|[of] p1a: Heatran\n|\n|-damage|p2a: Alomomola|50\/100|[from] move: Magma Storm|[partiallytrapped]\n|upkeep\n|turn|11\n|\n|t:|1700069558\n|switch|p1a: Clefable|Clefable, F|100\/100\n|move|p2a: Alomomola|Flip Turn|p1a: Clefable\n|-damage|p1a: Clefable|89\/100\n|\n|t:|1700069565\n|switch|p2a: Gholdengo|Gholdengo|88\/100|[from] Flip Turn\n|-damage|p2a: Gholdengo|82\/100|[from] Stealth Rock\n|\n|-heal|p1a: Clefable|95\/100|[from] item: Leftovers\n|upkeep\n|turn|12\n|inactive|Zkeem11 has 120 seconds left.\n|\n|t:|1700069611\n|move|p1a: Clefable|Protect|p1a: Clefable\n|-singleturn|p1a: Clefable|Protect\n|move|p2a: Gholdengo|Trick|p1a: Clefable\n|-activate|p1a: Clefable|move: Protect\n|\n|-heal|p1a: Clefable|100\/100|[from] item: Leftovers\n|upkeep\n|turn|13\n|inactive|Plogop has 120 seconds left.\n|\n|t:|1700069659\n|switch|p1a: Heatran|Heatran, F|49\/100\n|move|p2a: Gholdengo|Trick|p1a: Heatran\n|-activate|p2a: Gholdengo|move: Trick|[of] p1a: Heatran\n|-item|p1a: Heatran|Choice Scarf|[from] move: Trick\n|-enditem|p2a: Gholdengo|Choice Scarf|[silent]|[from] move: Trick\n|\n|upkeep\n|turn|14\n|\n|t:|1700069667\n|switch|p2a: Alomomola|Alomomola, F|83\/100\n|-damage|p2a: Alomomola|71\/100|[from] Stealth Rock\n|move|p1a: Heatran|Magma Storm|p2a: Alomomola|[miss]\n|-miss|p1a: Heatran|p2a: Alomomola\n|\n|upkeep\n|turn|15\n|inactive|Plogop has 120 seconds left.\n|\n|t:|1700069682\n|switch|p1a: Clefable|Clefable, F|100\/100\n|move|p2a: Alomomola|Flip Turn|p1a: Clefable\n|-damage|p1a: Clefable|89\/100\n|\n|t:|1700069689\n|switch|p2a: Gholdengo|Gholdengo|82\/100|[from] Flip Turn\n|-damage|p2a: Gholdengo|76\/100|[from] Stealth Rock\n|\n|-heal|p1a: Clefable|95\/100|[from] item: Leftovers\n|upkeep\n|turn|16\n|\n|t:|1700069698\n|move|p1a: Clefable|Protect|p1a: Clefable\n|-singleturn|p1a: Clefable|Protect\n|move|p2a: Gholdengo|Shadow Ball|p1a: Clefable\n|-activate|p1a: Clefable|move: Protect\n|\n|-heal|p1a: Clefable|100\/100|[from] item: Leftovers\n|upkeep\n|turn|17\n|inactive|Zkeem11 has 120 seconds left.\n|c|\u2606Plogop|im sorry i don't know what to do\n|inactive|Plogop has 120 seconds left.\n|\n|t:|1700069733\n|-terastallize|p1a: Clefable|Water\n|move|p2a: Gholdengo|Make It Rain|p1a: Clefable\n|-resisted|p1a: Clefable\n|-damage|p1a: Clefable|70\/100\n|-unboost|p2a: Gholdengo|spa|1\n|move|p1a: Clefable|Wish|p1a: Clefable\n|\n|-heal|p1a: Clefable|76\/100|[from] item: Leftovers\n|upkeep\n|turn|18\n|inactive|Zkeem11 has 120 seconds left.\n|\n|t:|1700069749\n|switch|p1a: Heatran|Heatran, F|49\/100\n|move|p2a: Gholdengo|Trick|p1a: Heatran\n|-activate|p2a: Gholdengo|move: Trick|[of] p1a: Heatran\n|-enditem|p1a: Heatran|Choice Scarf|[silent]|[from] move: Trick\n|-item|p2a: Gholdengo|Choice Scarf|[from] move: Trick\n|\n|-heal|p1a: Heatran|99\/100|[from] move: Wish|[wisher] Clefable\n|upkeep\n|turn|19\n|inactive|Zkeem11 has 120 seconds left.\n|\n|t:|1700069775\n|switch|p2a: Alomomola|Alomomola, F|100\/100\n|-damage|p2a: Alomomola|88\/100|[from] Stealth Rock\n|move|p1a: Heatran|Magma Storm|p2a: Alomomola|[miss]\n|-miss|p1a: Heatran|p2a: Alomomola\n|\n|upkeep\n|turn|20\n|\n|t:|1700069790\n|move|p1a: Heatran|Will-O-Wisp|p2a: Alomomola\n|-status|p2a: Alomomola|brn\n|move|p2a: Alomomola|Wish|p2a: Alomomola\n|\n|-damage|p2a: Alomomola|82\/100 brn|[from] brn\n|upkeep\n|turn|21\n|\n|t:|1700069807\n|switch|p1a: Hatterene|Hatterene, F|65\/100\n|move|p2a: Alomomola|Flip Turn|p1a: Hatterene\n|-damage|p1a: Hatterene|58\/100\n|\n|t:|1700069826\n|switch|p2a: Gholdengo|Gholdengo|76\/100|[from] Flip Turn\n|-damage|p2a: Gholdengo|70\/100|[from] Stealth Rock\n|\n|-heal|p2a: Gholdengo|100\/100|[from] move: Wish|[wisher] Alomomola\n|upkeep\n|turn|22\n|\n|t:|1700069839\n|switch|p1a: Heatran|Heatran, F|99\/100\n|move|p2a: Gholdengo|Shadow Ball|p1a: Heatran\n|-damage|p1a: Heatran|63\/100\n|-unboost|p1a: Heatran|spd|1\n|\n|upkeep\n|turn|23\n|\n|t:|1700069852\n|switch|p2a: Alomomola|Alomomola, F|100\/100 brn\n|-damage|p2a: Alomomola|88\/100 brn|[from] Stealth Rock\n|move|p1a: Heatran|Magma Storm|p2a: Alomomola\n|-resisted|p2a: Alomomola\n|-damage|p2a: Alomomola|64\/100 brn\n|-activate|p2a: Alomomola|move: Magma Storm|[of] p1a: Heatran\n|\n|-damage|p2a: Alomomola|58\/100 brn|[from] brn\n|-damage|p2a: Alomomola|45\/100 brn|[from] move: Magma Storm|[partiallytrapped]\n|upkeep\n|turn|24\n|\n|t:|1700069864\n|move|p1a: Heatran|Earth Power|p2a: Alomomola\n|-crit|p2a: Alomomola\n|-damage|p2a: Alomomola|4\/100 brn\n|move|p2a: Alomomola|Wish|p2a: Alomomola\n|\n|-damage|p2a: Alomomola|0 fnt|[from] brn\n|faint|p2a: Alomomola\n|upkeep\n|c|\u2606Plogop|finally\n|inactive|Zkeem11 has 90 seconds left.\n|\n|t:|1700069875\n|switch|p2a: Sneasler|Sneasler, M|100\/100\n|-damage|p2a: Sneasler|95\/100|[from] Stealth Rock\n|-item|p2a: Sneasler|Air Balloon\n|turn|25\n|\n|t:|1700069886\n|move|p2a: Sneasler|Close Combat|p1a: Heatran\n|-supereffective|p1a: Heatran\n|-damage|p1a: Heatran|0 fnt\n|-unboost|p2a: Sneasler|def|1\n|-unboost|p2a: Sneasler|spd|1\n|faint|p1a: Heatran\n|\n|-heal|p2a: Sneasler|100\/100|[from] move: Wish|[wisher] Alomomola\n|upkeep\n|\n|t:|1700069901\n|switch|p1a: Iron Moth|Iron Moth|100\/100\n|-enditem|p1a: Iron Moth|Booster Energy\n|-activate|p1a: Iron Moth|ability: Quark Drive|[fromitem]\n|-start|p1a: Iron Moth|quarkdrivespe\n|turn|26\n|\n|t:|1700069912\n|switch|p2a: Ting-Lu|Ting-Lu|100\/100\n|-damage|p2a: Ting-Lu|94\/100|[from] Stealth Rock\n|-ability|p2a: Ting-Lu|Vessel of Ruin\n|move|p1a: Iron Moth|Fiery Dance|p2a: Ting-Lu\n|-damage|p2a: Ting-Lu|77\/100\n|-boost|p1a: Iron Moth|spa|1\n|\n|-heal|p2a: Ting-Lu|84\/100|[from] item: Leftovers\n|upkeep\n|turn|27\n|\n|t:|1700069934\n|-end|p1a: Iron Moth|Quark Drive|[silent]\n|switch|p1a: Great Tusk|Great Tusk|84\/100\n|move|p2a: Ting-Lu|Earthquake|p1a: Great Tusk\n|-damage|p1a: Great Tusk|58\/100\n|\n|-heal|p2a: Ting-Lu|90\/100|[from] item: Leftovers\n|upkeep\n|turn|28\n|\n|t:|1700069944\n|switch|p2a: Weezing|Weezing-Galar, M|79\/100\n|-damage|p2a: Weezing|67\/100|[from] Stealth Rock\n|move|p1a: Great Tusk|Knock Off|p2a: Weezing\n|-resisted|p2a: Weezing\n|-damage|p2a: Weezing|56\/100\n|-damage|p1a: Great Tusk|41\/100|[from] item: Rocky Helmet|[of] p2a: Weezing\n|-enditem|p2a: Weezing|Rocky Helmet|[from] move: Knock Off|[of] p1a: Great Tusk\n|\n|upkeep\n|turn|29\n|\n|t:|1700069958\n|-end|p1a: Great Tusk|Protosynthesis|[silent]\n|switch|p1a: Clefable|Clefable, F, tera:Water|76\/100\n|move|p2a: Weezing|Defog|p1a: Clefable\n|-unboost|p1a: Clefable|evasion|1\n|-sideend|p2: Zkeem11|Stealth Rock|[from] move: Defog|[of] p2a: Weezing\n|\n|-heal|p1a: Clefable|82\/100|[from] item: Leftovers\n|upkeep\n|turn|30\n|\n|t:|1700069967\n|move|p1a: Clefable|Wish|p1a: Clefable\n|move|p2a: Weezing|Will-O-Wisp|p1a: Clefable\n|-status|p1a: Clefable|brn\n|\n|-heal|p1a: Clefable|89\/100 brn|[from] item: Leftovers\n|upkeep\n|turn|31\n|inactive|Plogop has 120 seconds left.\n|\n|t:|1700069989\n|switch|p1a: Iron Moth|Iron Moth|100\/100\n|move|p2a: Weezing|Pain Split|p1a: Iron Moth\n|-sethp|p1a: Iron Moth|81\/100|[from] move: Pain Split|[silent]\n|-sethp|p2a: Weezing|73\/100|[from] move: Pain Split\n|\n|-heal|p1a: Iron Moth|100\/100|[from] move: Wish|[wisher] Clefable\n|upkeep\n|turn|32\n|inactive|Zkeem11 has 120 seconds left.\n|\n|t:|1700070000\n|switch|p2a: Ting-Lu|Ting-Lu|90\/100\n|-ability|p2a: Ting-Lu|Vessel of Ruin\n|move|p1a: Iron Moth|Substitute|p1a: Iron Moth\n|-start|p1a: Iron Moth|Substitute\n|-damage|p1a: Iron Moth|76\/100\n|\n|-heal|p2a: Ting-Lu|96\/100|[from] item: Leftovers\n|upkeep\n|turn|33\n|inactive|Zkeem11 has 120 seconds left.\n|\n|t:|1700070010\n|move|p1a: Iron Moth|Fiery Dance|p2a: Ting-Lu\n|-damage|p2a: Ting-Lu|79\/100\n|move|p2a: Ting-Lu|Earthquake|p1a: Iron Moth\n|-supereffective|p1a: Iron Moth\n|-end|p1a: Iron Moth|Substitute\n|\n|-heal|p2a: Ting-Lu|86\/100|[from] item: Leftovers\n|upkeep\n|turn|34\n|inactive|Plogop has 120 seconds left.\n|inactive|Zkeem11 has 120 seconds left.\n|c|\u2606Plogop|nah im doing negative damage to ting lu\n|\n|t:|1700070037\n|-end|p1a: Iron Moth|Quark Drive|[silent]\n|switch|p1a: Clefable|Clefable, F, tera:Water|89\/100 brn\n|move|p2a: Ting-Lu|Earthquake|p1a: Clefable\n|-damage|p1a: Clefable|60\/100 brn\n|\n|-heal|p1a: Clefable|66\/100 brn|[from] item: Leftovers\n|-heal|p2a: Ting-Lu|92\/100|[from] item: Leftovers\n|upkeep\n|turn|35\n|inactive|Zkeem11 has 120 seconds left.\n|\n|t:|1700070048\n|move|p1a: Clefable|Wish|p1a: Clefable\n|move|p2a: Ting-Lu|Stealth Rock|p1a: Clefable\n|-sidestart|p1: Plogop|move: Stealth Rock\n|\n|-heal|p1a: Clefable|72\/100 brn|[from] item: Leftovers\n|-heal|p2a: Ting-Lu|98\/100|[from] item: Leftovers\n|upkeep\n|turn|36\n|inactive|Zkeem11 has 120 seconds left.\n|c|\u2606Plogop|im sorry it's taking so long\n|\n|t:|1700070077\n|switch|p1a: Great Tusk|Great Tusk|41\/100\n|switch|p2a: Dragonite|Dragonite, M|100\/100\n|\n|-heal|p1a: Great Tusk|95\/100|[from] move: Wish|[wisher] Clefable\n|upkeep\n|turn|37\n|inactive|Plogop has 120 seconds left.\n|\n|t:|1700070088\n|move|p1a: Great Tusk|Rapid Spin|p2a: Dragonite\n|-damage|p2a: Dragonite|90\/100\n|-boost|p1a: Great Tusk|spe|1\n|-sideend|p1: Plogop|Stealth Rock|[from] move: Rapid Spin|[of] p1a: Great Tusk\n|move|p2a: Dragonite|Ice Spinner|p1a: Great Tusk\n|-supereffective|p1a: Great Tusk\n|-damage|p1a: Great Tusk|29\/100\n|\n|upkeep\n|turn|38\n|inactive|Plogop has 120 seconds left.\n|\n|t:|1700070104\n|-end|p1a: Great Tusk|Protosynthesis|[silent]\n|switch|p1a: Clefable|Clefable, F, tera:Water|72\/100 brn\n|switch|p2a: Weezing|Weezing-Galar, M|73\/100\n|\n|-heal|p1a: Clefable|78\/100 brn|[from] item: Leftovers\n|upkeep\n|turn|39\n|inactive|Plogop has 120 seconds left.\n|\n|t:|1700070119\n|switch|p2a: Gholdengo|Gholdengo|100\/100\n|move|p1a: Clefable|Wish|p1a: Clefable\n|\n|-heal|p1a: Clefable|85\/100 brn|[from] item: Leftovers\n|upkeep\n|turn|40\n|inactive|Plogop has 120 seconds left.\n|\n|t:|1700070139\n|move|p1a: Clefable|Protect|p1a: Clefable\n|-singleturn|p1a: Clefable|Protect\n|move|p2a: Gholdengo|Make It Rain|p1a: Clefable\n|-activate|p1a: Clefable|move: Protect\n|\n|-heal|p1a: Clefable|100\/100 brn|[from] move: Wish|[wisher] Clefable\n|upkeep\n|turn|41\n|inactive|Plogop has 120 seconds left.\n|\n|t:|1700070153\n|switch|p2a: Sneasler|Sneasler, M|100\/100\n|-item|p2a: Sneasler|Air Balloon\n|move|p1a: Clefable|Wish|p1a: Clefable\n|\n|upkeep\n|turn|42\n|inactive|Plogop has 120 seconds left.\n|\n|t:|1700070165\n|move|p2a: Sneasler|Swords Dance|p2a: Sneasler\n|-boost|p2a: Sneasler|atk|2\n|move|p1a: Clefable|Thunder Wave|p2a: Sneasler\n|-status|p2a: Sneasler|par\n|\n|upkeep\n|turn|43\n|inactive|Plogop has 120 seconds left.\n|\n|t:|1700070190\n|switch|p1a: Hatterene|Hatterene, F|58\/100\n|move|p2a: Sneasler|Gunk Shot|p1a: Hatterene\n|-supereffective|p1a: Hatterene\n|-damage|p1a: Hatterene|0 fnt\n|faint|p1a: Hatterene\n|\n|upkeep\n|\n|t:|1700070208\n|switch|p1a: Iron Moth|Iron Moth|76\/100\n|turn|44\n|\n|t:|1700070213\n|switch|p2a: Ting-Lu|Ting-Lu|98\/100\n|-ability|p2a: Ting-Lu|Vessel of Ruin\n|move|p1a: Iron Moth|Fiery Dance|p2a: Ting-Lu\n|-damage|p2a: Ting-Lu|82\/100\n|\n|-heal|p2a: Ting-Lu|88\/100|[from] item: Leftovers\n|upkeep\n|turn|45\n|inactive|Zkeem11 has 120 seconds left.\n|\n|t:|1700070232\n|-end|p1a: Iron Moth|Quark Drive|[silent]\n|switch|p1a: Clefable|Clefable, F, tera:Water|100\/100 brn\n|move|p2a: Ting-Lu|Earthquake|p1a: Clefable\n|-damage|p1a: Clefable|71\/100 brn\n|\n|-heal|p1a: Clefable|77\/100 brn|[from] item: Leftovers\n|-heal|p2a: Ting-Lu|94\/100|[from] item: Leftovers\n|upkeep\n|turn|46\n|\n|t:|1700070242\n|switch|p1a: Great Tusk|Great Tusk|29\/100\n|move|p2a: Ting-Lu|Stealth Rock|p1a: Great Tusk\n|-sidestart|p1: Plogop|move: Stealth Rock\n|\n|-heal|p2a: Ting-Lu|99\/100|[from] item: Leftovers\n|upkeep\n|turn|47\n|inactive|Plogop has 120 seconds left.\n|inactive|Zkeem11 has 120 seconds left.\n|\n|t:|1700070252\n|switch|p2a: Gholdengo|Gholdengo|100\/100\n|move|p1a: Great Tusk|Close Combat|p2a: Gholdengo\n|-immune|p2a: Gholdengo\n|\n|upkeep\n|turn|48\n|inactive|Plogop has 120 seconds left.\n|inactive|Zkeem11 has 120 seconds left.\n|\n|t:|1700070270\n|-end|p1a: Great Tusk|Protosynthesis|[silent]\n|switch|p1a: Clefable|Clefable, F, tera:Water|77\/100 brn\n|move|p2a: Gholdengo|Shadow Ball|p1a: Clefable\n|-damage|p1a: Clefable|40\/100 brn\n|\n|-heal|p1a: Clefable|46\/100 brn|[from] item: Leftovers\n|upkeep\n|turn|49\n|inactive|Zkeem11 has 120 seconds left.\n|\n|t:|1700070290\n|move|p1a: Clefable|Protect|p1a: Clefable\n|-singleturn|p1a: Clefable|Protect\n|move|p2a: Gholdengo|Shadow Ball|p1a: Clefable\n|-activate|p1a: Clefable|move: Protect\n|\n|-heal|p1a: Clefable|52\/100 brn|[from] item: Leftovers\n|upkeep\n|turn|50\n|inactive|Zkeem11 has 120 seconds left.\n|\n|t:|1700070308\n|move|p2a: Gholdengo|Shadow Ball|p1a: Clefable\n|-damage|p1a: Clefable|11\/100 brn\n|move|p1a: Clefable|Wish|p1a: Clefable\n|\n|-heal|p1a: Clefable|17\/100 brn|[from] item: Leftovers\n|upkeep\n|turn|51\n|\n|t:|1700070328\n|switch|p2a: Sneasler|Sneasler, M|100\/100 par\n|-item|p2a: Sneasler|Air Balloon\n|move|p1a: Clefable|Protect||[still]\n|-fail|p1a: Clefable\n|\n|-heal|p1a: Clefable|67\/100 brn|[from] move: Wish|[wisher] Clefable\n|-heal|p1a: Clefable|73\/100 brn|[from] item: Leftovers\n|upkeep\n|turn|52\n|\n|t:|1700070353\n|cant|p2a: Sneasler|par\n|move|p1a: Clefable|Moonblast|p2a: Sneasler\n|-damage|p2a: Sneasler|61\/100 par\n|-enditem|p2a: Sneasler|Air Balloon\n|\n|-heal|p1a: Clefable|79\/100 brn|[from] item: Leftovers\n|upkeep\n|turn|53\n|\n|t:|1700070363\n|switch|p2a: Gholdengo|Gholdengo|100\/100\n|move|p1a: Clefable|Moonblast|p2a: Gholdengo\n|-resisted|p2a: Gholdengo\n|-damage|p2a: Gholdengo|82\/100\n|\n|-heal|p1a: Clefable|85\/100 brn|[from] item: Leftovers\n|upkeep\n|turn|54\n|\n|t:|1700070377\n|move|p1a: Clefable|Protect|p1a: Clefable\n|-singleturn|p1a: Clefable|Protect\n|move|p2a: Gholdengo|Trick|p1a: Clefable\n|-activate|p1a: Clefable|move: Protect\n|\n|-heal|p1a: Clefable|91\/100 brn|[from] item: Leftovers\n|upkeep\n|turn|55\n|inactive|Plogop has 120 seconds left.\n|\n|t:|1700070415\n|switch|p2a: Dragonite|Dragonite, M|90\/100\n|switch|p1a: Great Tusk|Great Tusk|29\/100\n|\n|upkeep\n|turn|56\n|\n|t:|1700070427\n|-end|p1a: Great Tusk|Protosynthesis|[silent]\n|switch|p1a: Clefable|Clefable, F, tera:Water|91\/100 brn\n|-terastallize|p2a: Dragonite|Normal\n|move|p2a: Dragonite|Extreme Speed|p1a: Clefable\n|-damage|p1a: Clefable|38\/100 brn\n|\n|-heal|p1a: Clefable|44\/100 brn|[from] item: Leftovers\n|upkeep\n|turn|57\n|\n|t:|1700070437\n|move|p1a: Clefable|Protect|p1a: Clefable\n|-singleturn|p1a: Clefable|Protect\n|move|p2a: Dragonite|Extreme Speed|p1a: Clefable\n|-activate|p1a: Clefable|move: Protect\n|\n|-heal|p1a: Clefable|50\/100 brn|[from] item: Leftovers\n|upkeep\n|turn|58\n|c|\u2606Plogop|jeez why are you so strong\n|inactive|Plogop has 120 seconds left.\n|\n|t:|1700070465\n|switch|p1a: Sneasler|Sneasler, M|100\/100\n|-damage|p1a: Sneasler|95\/100|[from] Stealth Rock\n|move|p2a: Dragonite|Extreme Speed|p1a: Sneasler\n|-damage|p1a: Sneasler|0 fnt\n|faint|p1a: Sneasler\n|\n|upkeep\n|\n|t:|1700070471\n|switch|p1a: Clefable|Clefable, F, tera:Water|50\/100 brn\n|turn|59\n|c|\u2606Zkeem11|thx\n|\n|t:|1700070487\n|move|p1a: Clefable|Protect|p1a: Clefable\n|-singleturn|p1a: Clefable|Protect\n|move|p2a: Dragonite|Extreme Speed|p1a: Clefable\n|-activate|p1a: Clefable|move: Protect\n|\n|-heal|p1a: Clefable|57\/100 brn|[from] item: Leftovers\n|upkeep\n|turn|60\n|c|\u2606Plogop|is this banded?\n|\n|t:|1700070506\n|switch|p2a: Gholdengo|Gholdengo|82\/100\n|move|p1a: Clefable|Wish|p1a: Clefable\n|\n|-heal|p1a: Clefable|63\/100 brn|[from] item: Leftovers\n|upkeep\n|turn|61\n|\n|t:|1700070520\n|move|p1a: Clefable|Protect|p1a: Clefable\n|-singleturn|p1a: Clefable|Protect\n|move|p2a: Gholdengo|Shadow Ball|p1a: Clefable\n|-activate|p1a: Clefable|move: Protect\n|\n|-heal|p1a: Clefable|100\/100 brn|[from] move: Wish|[wisher] Clefable\n|upkeep\n|turn|62\n|c|\u2606Zkeem11|yea\n|inactive|Zkeem11 has 90 seconds left.\n|\n|t:|1700070535\n|move|p2a: Gholdengo|Shadow Ball|p1a: Clefable\n|-damage|p1a: Clefable|63\/100 brn\n|-unboost|p1a: Clefable|spd|1\n|move|p1a: Clefable|Moonblast|p2a: Gholdengo\n|-resisted|p2a: Gholdengo\n|-damage|p2a: Gholdengo|65\/100\n|\n|-heal|p1a: Clefable|69\/100 brn|[from] item: Leftovers\n|upkeep\n|turn|63\n|inactive|Zkeem11 has 90 seconds left.\n|\n|t:|1700070548\n|switch|p1a: Iron Moth|Iron Moth|76\/100\n|-damage|p1a: Iron Moth|51\/100|[from] Stealth Rock\n|move|p2a: Gholdengo|Shadow Ball|p1a: Iron Moth\n|-damage|p1a: Iron Moth|4\/100\n|\n|upkeep\n|turn|64\n|c|\u2606Plogop|gg\n|-message|Plogop forfeited.\n|\n|win|Zkeem11\n|raw|Plogop's rating: 1476 &rarr; <strong>1453<\/strong><br \/>(-23 for losing)\n|raw|Zkeem11's rating: 1420 &rarr; <strong>1443<\/strong><br \/>(+23 for winning)\n|l|\u2606Plogop\n","uploadtime":1700070570,"views":9,"p1id":"plogop","p2id":"zkeem11","formatid":"gen9ou","rating":1443,"private":0,"password":""}