{"id":"gen9ou-1998014108","p1":"AltairLow 101403","p2":"peej93","format":"[Gen 9] OU","log":"|j|\u2606AltairLow 101403\n|j|\u2606peej93\n|t:|1700879070\n|gametype|singles\n|player|p1|AltairLow 101403|1|1092\n|player|p2|peej93|drayden|1115\n|teamsize|p1|6\n|teamsize|p2|6\n|gen|9\n|tier|[Gen 9] OU\n|rated|\n|rule|Sleep Clause Mod: Limit one foe put to sleep\n|rule|Species Clause: Limit one of each Pok\u00e9mon\n|rule|OHKO Clause: OHKO moves are banned\n|rule|Evasion Items Clause: Evasion items are banned\n|rule|Evasion Moves Clause: Evasion moves are banned\n|rule|Endless Battle Clause: Forcing endless battles is banned\n|rule|HP Percentage Mod: HP is shown in percentages\n|clearpoke\n|poke|p1|Pelipper, F|\n|poke|p1|Ogerpon-Wellspring, F|\n|poke|p1|Great Tusk|\n|poke|p1|Toxapex, M|\n|poke|p1|Clefable, M|\n|poke|p1|Dragonite, F|\n|poke|p2|Alomomola, F|\n|poke|p2|Mandibuzz, F|\n|poke|p2|Thundurus-Therian, M|\n|poke|p2|Rillaboom, M|\n|poke|p2|Garganacl, M|\n|poke|p2|Slowking-Galar, F|\n|teampreview\n|inactive|Battle timer is ON: inactive players will automatically lose when time's up. (requested by peej93)\n|\n|t:|1700879075\n|start\n|switch|p1a: Toxapex|Toxapex, M|100\/100\n|switch|p2a: Slowking|Slowking-Galar, F|100\/100\n|turn|1\n|\n|t:|1700879082\n|move|p1a: Toxapex|Toxic Spikes|p2a: Slowking\n|-sidestart|p2: peej93|move: Toxic Spikes\n|move|p2a: Slowking|Future Sight|p1a: Toxapex\n|-start|p2a: Slowking|move: Future Sight\n|\n|upkeep\n|turn|2\n|\n|t:|1700879089\n|move|p1a: Toxapex|Toxic Spikes|p2a: Slowking\n|-sidestart|p2: peej93|move: Toxic Spikes\n|move|p2a: Slowking|Calm Mind|p2a: Slowking\n|-boost|p2a: Slowking|spa|1\n|-boost|p2a: Slowking|spd|1\n|\n|upkeep\n|turn|3\n|\n|t:|1700879104\n|switch|p1a: Pelipper|Pelipper, F|100\/100\n|-weather|RainDance|[from] ability: Drizzle|[of] p1a: Pelipper\n|move|p2a: Slowking|Sludge Bomb|p1a: Pelipper\n|-damage|p1a: Pelipper|2\/100\n|\n|-weather|RainDance|[upkeep]\n|-end|p1a: Pelipper|move: Future Sight\n|-damage|p1a: Pelipper|0 fnt\n|faint|p1a: Pelipper\n|upkeep\n|\n|t:|1700879107\n|switch|p1a: Ogerpon|Ogerpon-Wellspring, F|100\/100\n|turn|4\n|\n|t:|1700879117\n|move|p1a: Ogerpon|Swords Dance|p1a: Ogerpon\n|-boost|p1a: Ogerpon|atk|2\n|move|p2a: Slowking|Future Sight|p1a: Ogerpon\n|-start|p2a: Slowking|move: Future Sight\n|\n|-weather|RainDance|[upkeep]\n|upkeep\n|turn|5\n|\n|t:|1700879124\n|move|p1a: Ogerpon|Ivy Cudgel|p2a: Slowking|[anim] Ivy Cudgel Water\n|-damage|p2a: Slowking|0 fnt\n|faint|p2a: Slowking\n|\n|-weather|RainDance|[upkeep]\n|upkeep\n|\n|t:|1700879132\n|switch|p2a: Mandibuzz|Mandibuzz, F|100\/100\n|turn|6\n|\n|t:|1700879136\n|move|p1a: Ogerpon|Ivy Cudgel|p2a: Mandibuzz|[anim] Ivy Cudgel Water\n|-damage|p2a: Mandibuzz|0 fnt\n|faint|p2a: Mandibuzz\n|\n|-weather|RainDance|[upkeep]\n|-end|p1a: Ogerpon|move: Future Sight\n|-damage|p1a: Ogerpon|32\/100\n|upkeep\n|\n|t:|1700879144\n|switch|p2a: Thundurus|Thundurus-Therian, M|100\/100\n|turn|7\n|\n|t:|1700879149\n|move|p1a: Ogerpon|Ivy Cudgel|p2a: Thundurus|[anim] Ivy Cudgel Water\n|-damage|p2a: Thundurus|0 fnt\n|faint|p2a: Thundurus\n|\n|-weather|RainDance|[upkeep]\n|upkeep\n|-message|peej93 forfeited.\n|\n|win|AltairLow 101403\n|raw|AltairLow 101403's rating: 1092 &rarr; <strong>1120<\/strong><br \/>(+28 for winning)\n|raw|peej93's rating: 1115 &rarr; <strong>1088<\/strong><br \/>(-27 for losing)\n|l|\u2606peej93\n","uploadtime":1700879156,"views":1,"p1id":"altairlow101403","p2id":"peej93","formatid":"gen9ou","rating":1088,"private":0,"password":""}