{"id":"gen9ou-1992569040","p1":"grass knot zygarde","p2":"Blizzchor","format":"[Gen 9] OU","log":"|j|\u2606grass knot zygarde\n|j|\u2606Blizzchor\n|t:|1700207456\n|gametype|singles\n|player|p1|grass knot zygarde|dawn|1532\n|player|p2|Blizzchor|colress|1540\n|teamsize|p1|6\n|teamsize|p2|6\n|gen|9\n|tier|[Gen 9] OU\n|rated|\n|rule|Sleep Clause Mod: Limit one foe put to sleep\n|rule|Species Clause: Limit one of each Pok\u00e9mon\n|rule|OHKO Clause: OHKO moves are banned\n|rule|Evasion Items Clause: Evasion items are banned\n|rule|Evasion Moves Clause: Evasion moves are banned\n|rule|Endless Battle Clause: Forcing endless battles is banned\n|rule|HP Percentage Mod: HP is shown in percentages\n|clearpoke\n|poke|p1|Rillaboom, M|\n|poke|p1|Cinderace, F|\n|poke|p1|Ogerpon-Cornerstone, F|\n|poke|p1|Kingambit, F|\n|poke|p1|Great Tusk|\n|poke|p1|Iron Valiant|\n|poke|p2|Zoroark-Hisui, F|\n|poke|p2|Braviary-Hisui, M|\n|poke|p2|Meowscarada, F|\n|poke|p2|Zamazenta-*|\n|poke|p2|Ting-Lu|\n|poke|p2|Iron Treads|\n|teampreview\n|inactive|Battle timer is ON: inactive players will automatically lose when time's up. (requested by grass knot zygarde)\n|j| BobbyTheFool\n|\n|t:|1700207466\n|start\n|switch|p1a: Ogerpon|Ogerpon-Cornerstone, F|100\/100\n|switch|p2a: Meowscarada|Meowscarada, F, shiny|100\/100\n|turn|1\n|\n|t:|1700207473\n|move|p2a: Meowscarada|U-turn|p1a: Ogerpon\n|-start|p2a: Meowscarada|typechange|Bug|[from] ability: Protean\n|-supereffective|p1a: Ogerpon\n|-damage|p1a: Ogerpon|22\/100\n|\n|t:|1700207475\n|switch|p2a: Ting-Lu|Ting-Lu|100\/100|[from] U-turn\n|-ability|p2a: Ting-Lu|Vessel of Ruin\n|move|p1a: Ogerpon|Ivy Cudgel|p2a: Ting-Lu|[anim] Ivy Cudgel Rock\n|-resisted|p2a: Ting-Lu\n|-damage|p2a: Ting-Lu|88\/100\n|\n|-heal|p2a: Ting-Lu|94\/100|[from] item: Leftovers\n|upkeep\n|turn|2\n|\n|t:|1700207483\n|switch|p1a: Great Tusk|Great Tusk|100\/100\n|move|p2a: Ting-Lu|Earthquake|p1a: Great Tusk\n|-damage|p1a: Great Tusk|75\/100\n|\n|-heal|p2a: Ting-Lu|100\/100|[from] item: Leftovers\n|upkeep\n|turn|3\n|\n|t:|1700207485\n|move|p1a: Great Tusk|Stealth Rock|p2a: Ting-Lu\n|-sidestart|p2: Blizzchor|move: Stealth Rock\n|move|p2a: Ting-Lu|Ruination|p1a: Great Tusk\n|-damage|p1a: Great Tusk|38\/100\n|\n|upkeep\n|turn|4\n|\n|t:|1700207490\n|move|p1a: Great Tusk|Ice Spinner|p2a: Ting-Lu\n|-supereffective|p2a: Ting-Lu\n|-damage|p2a: Ting-Lu|83\/100\n|move|p2a: Ting-Lu|Earthquake|p1a: Great Tusk\n|-damage|p1a: Great Tusk|12\/100\n|\n|-heal|p2a: Ting-Lu|89\/100|[from] item: Leftovers\n|upkeep\n|turn|5\n|\n|t:|1700207504\n|move|p1a: Great Tusk|Ice Spinner|p2a: Ting-Lu\n|-supereffective|p2a: Ting-Lu\n|-damage|p2a: Ting-Lu|70\/100\n|move|p2a: Ting-Lu|Earthquake|p1a: Great Tusk\n|-damage|p1a: Great Tusk|0 fnt\n|faint|p1a: Great Tusk\n|-end|p1a: Great Tusk|Protosynthesis|[silent]\n|\n|-heal|p2a: Ting-Lu|76\/100|[from] item: Leftovers\n|upkeep\n|\n|t:|1700207507\n|switch|p1a: Iron Valiant|Iron Valiant|100\/100\n|-enditem|p1a: Iron Valiant|Booster Energy\n|-activate|p1a: Iron Valiant|ability: Quark Drive|[fromitem]\n|-start|p1a: Iron Valiant|quarkdrivespe\n|turn|6\n|\n|t:|1700207511\n|move|p1a: Iron Valiant|Calm Mind|p1a: Iron Valiant\n|-boost|p1a: Iron Valiant|spa|1\n|-boost|p1a: Iron Valiant|spd|1\n|move|p2a: Ting-Lu|Whirlwind|p1a: Iron Valiant\n|-end|p1a: Iron Valiant|Quark Drive|[silent]\n|drag|p1a: Cinderace|Cinderace, F|100\/100\n|\n|-heal|p2a: Ting-Lu|82\/100|[from] item: Leftovers\n|upkeep\n|turn|7\n|\n|t:|1700207515\n|move|p1a: Cinderace|Will-O-Wisp|p2a: Ting-Lu\n|-status|p2a: Ting-Lu|brn\n|move|p2a: Ting-Lu|Spikes|p1a: Cinderace\n|-sidestart|p1: grass knot zygarde|Spikes\n|\n|-heal|p2a: Ting-Lu|88\/100 brn|[from] item: Leftovers\n|-damage|p2a: Ting-Lu|82\/100 brn|[from] brn\n|upkeep\n|turn|8\n|\n|t:|1700207518\n|move|p1a: Cinderace|U-turn|p2a: Ting-Lu\n|-supereffective|p2a: Ting-Lu\n|-damage|p2a: Ting-Lu|66\/100 brn\n|\n|t:|1700207521\n|switch|p1a: Iron Valiant|Iron Valiant|100\/100|[from] U-turn\n|-damage|p1a: Iron Valiant|88\/100|[from] Spikes\n|move|p2a: Ting-Lu|Earthquake|p1a: Iron Valiant\n|-damage|p1a: Iron Valiant|64\/100\n|\n|-heal|p2a: Ting-Lu|72\/100 brn|[from] item: Leftovers\n|-damage|p2a: Ting-Lu|66\/100 brn|[from] brn\n|upkeep\n|turn|9\n|\n|t:|1700207525\n|move|p1a: Iron Valiant|Moonblast|p2a: Ting-Lu\n|-supereffective|p2a: Ting-Lu\n|-damage|p2a: Ting-Lu|14\/100 brn\n|move|p2a: Ting-Lu|Ruination|p1a: Iron Valiant\n|-damage|p1a: Iron Valiant|32\/100\n|\n|-heal|p2a: Ting-Lu|20\/100 brn|[from] item: Leftovers\n|-damage|p2a: Ting-Lu|14\/100 brn|[from] brn\n|upkeep\n|turn|10\n|\n|t:|1700207528\n|move|p1a: Iron Valiant|Moonblast|p2a: Ting-Lu\n|-supereffective|p2a: Ting-Lu\n|-damage|p2a: Ting-Lu|0 fnt\n|faint|p2a: Ting-Lu\n|\n|upkeep\n|\n|t:|1700207531\n|switch|p2a: Iron Treads|Iron Treads|100\/100\n|-damage|p2a: Iron Treads|97\/100|[from] Stealth Rock\n|turn|11\n|\n|t:|1700207538\n|move|p1a: Iron Valiant|Moonblast|p2a: Iron Treads\n|-resisted|p2a: Iron Treads\n|-crit|p2a: Iron Treads\n|-damage|p2a: Iron Treads|70\/100\n|move|p2a: Iron Treads|Rapid Spin|p1a: Iron Valiant\n|-damage|p1a: Iron Valiant|13\/100\n|-boost|p2a: Iron Treads|spe|1\n|-sideend|p2: Blizzchor|Stealth Rock|[from] move: Rapid Spin|[of] p2a: Iron Treads\n|\n|upkeep\n|turn|12\n|\n|t:|1700207544\n|move|p2a: Iron Treads|Rapid Spin|p1a: Iron Valiant\n|-damage|p1a: Iron Valiant|0 fnt\n|-boost|p2a: Iron Treads|spe|1\n|faint|p1a: Iron Valiant\n|-end|p1a: Iron Valiant|Quark Drive|[silent]\n|\n|upkeep\n|\n|t:|1700207547\n|switch|p1a: Rillaboom|Rillaboom, M|100\/100\n|-damage|p1a: Rillaboom|88\/100|[from] Spikes\n|-fieldstart|move: Grassy Terrain|[from] ability: Grassy Surge|[of] p1a: Rillaboom\n|turn|13\n|j| Lucrodium\n|\n|t:|1700207550\n|move|p1a: Rillaboom|Grassy Glide|p2a: Iron Treads\n|-damage|p2a: Iron Treads|17\/100\n|move|p2a: Iron Treads|Ice Spinner|p1a: Rillaboom\n|-supereffective|p1a: Rillaboom\n|-damage|p1a: Rillaboom|32\/100\n|-fieldend|move: Grassy Terrain\n|\n|upkeep\n|turn|14\n|l| Lucrodium\n|\n|t:|1700207560\n|switch|p1a: Ogerpon|Ogerpon-Cornerstone, F|22\/100\n|-damage|p1a: Ogerpon|10\/100|[from] Spikes\n|move|p2a: Iron Treads|Ice Spinner|p1a: Ogerpon\n|-supereffective|p1a: Ogerpon\n|-damage|p1a: Ogerpon|0 fnt\n|faint|p1a: Ogerpon\n|\n|upkeep\n|\n|t:|1700207562\n|switch|p1a: Rillaboom|Rillaboom, M|32\/100\n|-damage|p1a: Rillaboom|20\/100|[from] Spikes\n|-fieldstart|move: Grassy Terrain|[from] ability: Grassy Surge|[of] p1a: Rillaboom\n|turn|15\n|\n|t:|1700207572\n|move|p1a: Rillaboom|Grassy Glide|p2a: Iron Treads\n|-damage|p2a: Iron Treads|0 fnt\n|faint|p2a: Iron Treads\n|-end|p2a: Iron Treads|Quark Drive|[silent]\n|\n|-heal|p1a: Rillaboom|26\/100|[from] Grassy Terrain\n|upkeep\n|\n|t:|1700207576\n|switch|p2a: Braviary|Braviary-Hisui, M, shiny|100\/100\n|turn|16\n|\n|t:|1700207584\n|switch|p1a: Kingambit|Kingambit, F|100\/100\n|-activate|p1a: Kingambit|ability: Supreme Overlord\n|-start|p1a: Kingambit|fallen3|[silent]\n|-item|p1a: Kingambit|Air Balloon\n|move|p2a: Braviary|Heat Wave|p1a: Kingambit\n|-supereffective|p1a: Kingambit\n|-damage|p1a: Kingambit|0 fnt\n|-enditem|p1a: Kingambit|Air Balloon\n|faint|p1a: Kingambit\n|-end|p1a: Kingambit|fallen3|[silent]\n|\n|upkeep\n|\n|t:|1700207588\n|switch|p1a: Cinderace|Cinderace, F|100\/100\n|turn|17\n|\n|t:|1700207592\n|move|p1a: Cinderace|Court Change|p1a: Cinderace\n|-swapsideconditions\n|-activate|p1a: Cinderace|move: Court Change\n|move|p2a: Braviary|Psychic|p1a: Cinderace\n|-damage|p1a: Cinderace|1\/100\n|\n|-heal|p1a: Cinderace|7\/100|[from] Grassy Terrain\n|upkeep\n|turn|18\n|\n|t:|1700207598\n|move|p2a: Braviary|Vacuum Wave|p1a: Cinderace\n|-damage|p1a: Cinderace|0 fnt\n|faint|p1a: Cinderace\n|-damage|p2a: Braviary|91\/100|[from] item: Life Orb\n|\n|upkeep\n|\n|t:|1700207602\n|switch|p1a: Rillaboom|Rillaboom, M|26\/100\n|turn|19\n|\n|t:|1700207604\n|-terastallize|p1a: Rillaboom|Grass\n|move|p1a: Rillaboom|Grassy Glide|p2a: Braviary\n|-resisted|p2a: Braviary\n|-damage|p2a: Braviary|48\/100\n|move|p2a: Braviary|Psychic|p1a: Rillaboom\n|-damage|p1a: Rillaboom|0 fnt\n|faint|p1a: Rillaboom\n|\n|win|Blizzchor\n|raw|grass knot zygarde's rating: 1532 &rarr; <strong>1512<\/strong><br \/>(-20 for losing)\n|raw|Blizzchor's rating: 1540 &rarr; <strong>1560<\/strong><br \/>(+20 for winning)\n|l|\u2606Blizzchor\n|l|\u2606grass knot zygarde\n|l| BobbyTheFool\n|j|\u2606grass knot zygarde\n|player|p1|grass knot zygarde|dawn\n","uploadtime":1700208023,"views":21,"p1id":"grassknotzygarde","p2id":"blizzchor","formatid":"gen9ou","rating":1512,"private":0,"password":""}