{"id":"gen9ou-1993751995","p1":"Apoteosis","p2":"nba baltoy","format":"[Gen 9] OU","log":"|j|\u2606Apoteosis\n|j|\u2606nba baltoy\n|t:|1700353012\n|gametype|singles\n|player|p1|Apoteosis|102|1625\n|player|p2|nba baltoy|shauntal|1630\n|teamsize|p1|6\n|teamsize|p2|6\n|gen|9\n|tier|[Gen 9] OU\n|rated|\n|rule|Sleep Clause Mod: Limit one foe put to sleep\n|rule|Species Clause: Limit one of each Pok\u00e9mon\n|rule|OHKO Clause: OHKO moves are banned\n|rule|Evasion Items Clause: Evasion items are banned\n|rule|Evasion Moves Clause: Evasion moves are banned\n|rule|Endless Battle Clause: Forcing endless battles is banned\n|rule|HP Percentage Mod: HP is shown in percentages\n|clearpoke\n|poke|p1|Dondozo, M|\n|poke|p1|Blissey, F|\n|poke|p1|Alomomola, F|\n|poke|p1|Ting-Lu|\n|poke|p1|Toxapex, F|\n|poke|p1|Clodsire, M|\n|poke|p2|Tornadus-Therian, M|\n|poke|p2|Scizor, M|\n|poke|p2|Great Tusk|\n|poke|p2|Skeledirge, M|\n|poke|p2|Heatran, M|\n|poke|p2|Thundurus-Therian, M|\n|teampreview\n|inactive|Battle timer is ON: inactive players will automatically lose when time's up. (requested by nba baltoy)\n|\n|t:|1700353022\n|start\n|switch|p1a: Ting-Lu|Ting-Lu|100\/100\n|switch|p2a: Tornadus|Tornadus-Therian, M|100\/100\n|-ability|p1a: Ting-Lu|Vessel of Ruin\n|turn|1\n|\n|t:|1700353027\n|move|p2a: Tornadus|Knock Off|p1a: Ting-Lu\n|-resisted|p1a: Ting-Lu\n|-damage|p1a: Ting-Lu|95\/100\n|-enditem|p1a: Ting-Lu|Heavy-Duty Boots|[from] move: Knock Off|[of] p2a: Tornadus\n|move|p1a: Ting-Lu|Stealth Rock|p2a: Tornadus\n|-sidestart|p2: nba baltoy|move: Stealth Rock\n|\n|upkeep\n|turn|2\n|\n|t:|1700353031\n|move|p2a: Tornadus|U-turn|p1a: Ting-Lu\n|-supereffective|p1a: Ting-Lu\n|-damage|p1a: Ting-Lu|79\/100\n|\n|t:|1700353033\n|switch|p2a: Great Tusk|Great Tusk|100\/100|[from] U-turn\n|move|p1a: Ting-Lu|Spikes|p2a: Great Tusk\n|-sidestart|p2: nba baltoy|Spikes\n|\n|upkeep\n|turn|3\n|\n|t:|1700353039\n|switch|p1a: Alomomola|Alomomola, F|100\/100\n|move|p2a: Great Tusk|Rapid Spin|p1a: Alomomola\n|-damage|p1a: Alomomola|93\/100\n|-boost|p2a: Great Tusk|spe|1\n|-sideend|p2: nba baltoy|Spikes|[from] move: Rapid Spin|[of] p2a: Great Tusk\n|-sideend|p2: nba baltoy|Stealth Rock|[from] move: Rapid Spin|[of] p2a: Great Tusk\n|\n|upkeep\n|turn|4\n|\n|t:|1700353048\n|-end|p2a: Great Tusk|Protosynthesis|[silent]\n|switch|p2a: Tornadus|Tornadus-Therian, M|100\/100\n|move|p1a: Alomomola|Whirlpool|p2a: Tornadus|[miss]\n|-miss|p1a: Alomomola|p2a: Tornadus\n|\n|upkeep\n|turn|5\n|\n|t:|1700353055\n|move|p1a: Alomomola|Protect|p1a: Alomomola\n|-singleturn|p1a: Alomomola|Protect\n|move|p2a: Tornadus|Knock Off|p1a: Alomomola\n|-activate|p1a: Alomomola|move: Protect\n|\n|upkeep\n|turn|6\n|\n|t:|1700353061\n|switch|p1a: Ting-Lu|Ting-Lu|79\/100\n|-ability|p1a: Ting-Lu|Vessel of Ruin\n|move|p2a: Tornadus|Grass Knot|p1a: Ting-Lu\n|-supereffective|p1a: Ting-Lu\n|-damage|p1a: Ting-Lu|56\/100\n|\n|upkeep\n|turn|7\n|\n|t:|1700353067\n|move|p2a: Tornadus|U-turn|p1a: Ting-Lu\n|-supereffective|p1a: Ting-Lu\n|-damage|p1a: Ting-Lu|40\/100\n|\n|t:|1700353068\n|switch|p2a: Great Tusk|Great Tusk|100\/100|[from] U-turn\n|move|p1a: Ting-Lu|Stealth Rock|p2a: Great Tusk\n|-sidestart|p2: nba baltoy|move: Stealth Rock\n|\n|upkeep\n|turn|8\n|\n|t:|1700353073\n|move|p2a: Great Tusk|Rapid Spin|p1a: Ting-Lu\n|-damage|p1a: Ting-Lu|32\/100\n|-boost|p2a: Great Tusk|spe|1\n|-sideend|p2: nba baltoy|Stealth Rock|[from] move: Rapid Spin|[of] p2a: Great Tusk\n|move|p1a: Ting-Lu|Rest|p1a: Ting-Lu\n|-status|p1a: Ting-Lu|slp|[from] move: Rest\n|-heal|p1a: Ting-Lu|100\/100 slp|[silent]\n|\n|upkeep\n|turn|9\n|\n|t:|1700353083\n|-end|p2a: Great Tusk|Protosynthesis|[silent]\n|switch|p2a: Heatran|Heatran, M|100\/100\n|switch|p1a: Alomomola|Alomomola, F|100\/100\n|\n|upkeep\n|turn|10\n|\n|t:|1700353088\n|move|p2a: Heatran|Stealth Rock|p1a: Alomomola\n|-sidestart|p1: Apoteosis|move: Stealth Rock\n|move|p1a: Alomomola|Whirlpool|p2a: Heatran\n|-supereffective|p2a: Heatran\n|-damage|p2a: Heatran|94\/100\n|-activate|p2a: Heatran|move: Whirlpool|[of] p1a: Alomomola\n|\n|-heal|p2a: Heatran|99\/100|[from] item: Leftovers\n|-damage|p2a: Heatran|88\/100|[from] move: Whirlpool|[partiallytrapped]\n|upkeep\n|turn|11\n|\n|t:|1700353094\n|move|p1a: Alomomola|Protect|p1a: Alomomola\n|-singleturn|p1a: Alomomola|Protect\n|move|p2a: Heatran|Earth Power|p1a: Alomomola\n|-activate|p1a: Alomomola|move: Protect\n|\n|-heal|p2a: Heatran|94\/100|[from] item: Leftovers\n|-damage|p2a: Heatran|81\/100|[from] move: Whirlpool|[partiallytrapped]\n|upkeep\n|turn|12\n|\n|t:|1700353099\n|move|p2a: Heatran|Earth Power|p1a: Alomomola\n|-damage|p1a: Alomomola|69\/100\n|move|p1a: Alomomola|Wish|p1a: Alomomola\n|\n|-heal|p2a: Heatran|88\/100|[from] item: Leftovers\n|-damage|p2a: Heatran|75\/100|[from] move: Whirlpool|[partiallytrapped]\n|upkeep\n|turn|13\n|\n|t:|1700353106\n|move|p2a: Heatran|Earth Power|p1a: Alomomola\n|-damage|p1a: Alomomola|40\/100\n|move|p1a: Alomomola|Chilling Water|p2a: Heatran\n|-supereffective|p2a: Heatran\n|-crit|p2a: Heatran\n|-damage|p2a: Heatran|61\/100\n|-unboost|p2a: Heatran|atk|1\n|\n|-heal|p1a: Alomomola|90\/100|[from] move: Wish|[wisher] Alomomola\n|-heal|p2a: Heatran|67\/100|[from] item: Leftovers\n|-damage|p2a: Heatran|55\/100|[from] move: Whirlpool|[partiallytrapped]\n|upkeep\n|turn|14\n|\n|t:|1700353118\n|move|p2a: Heatran|Earth Power|p1a: Alomomola\n|-damage|p1a: Alomomola|58\/100\n|-unboost|p1a: Alomomola|spd|1\n|move|p1a: Alomomola|Wish|p1a: Alomomola\n|\n|-heal|p2a: Heatran|61\/100|[from] item: Leftovers\n|-damage|p2a: Heatran|49\/100|[from] move: Whirlpool|[partiallytrapped]\n|upkeep\n|turn|15\n|\n|t:|1700353123\n|move|p1a: Alomomola|Protect|p1a: Alomomola\n|-singleturn|p1a: Alomomola|Protect\n|move|p2a: Heatran|Earth Power|p1a: Alomomola\n|-activate|p1a: Alomomola|move: Protect\n|\n|-heal|p1a: Alomomola|100\/100|[from] move: Wish|[wisher] Alomomola\n|-heal|p2a: Heatran|55\/100|[from] item: Leftovers\n|-end|p2a: Heatran|Whirlpool|[partiallytrapped]\n|upkeep\n|turn|16\n|\n|t:|1700353126\n|switch|p2a: Tornadus|Tornadus-Therian, M|100\/100\n|move|p1a: Alomomola|Whirlpool|p2a: Tornadus\n|-damage|p2a: Tornadus|97\/100\n|-activate|p2a: Tornadus|move: Whirlpool|[of] p1a: Alomomola\n|\n|-damage|p2a: Tornadus|84\/100|[from] move: Whirlpool|[partiallytrapped]\n|upkeep\n|turn|17\n|\n|t:|1700353133\n|move|p1a: Alomomola|Protect|p1a: Alomomola\n|-singleturn|p1a: Alomomola|Protect\n|move|p2a: Tornadus|Grass Knot|p1a: Alomomola\n|-activate|p1a: Alomomola|move: Protect\n|\n|-damage|p2a: Tornadus|72\/100|[from] move: Whirlpool|[partiallytrapped]\n|upkeep\n|turn|18\n|\n|t:|1700353140\n|switch|p1a: Ting-Lu|Ting-Lu|100\/100 slp\n|-damage|p1a: Ting-Lu|94\/100 slp|[from] Stealth Rock\n|-ability|p1a: Ting-Lu|Vessel of Ruin\n|move|p2a: Tornadus|Knock Off|p1a: Ting-Lu\n|-resisted|p1a: Ting-Lu\n|-damage|p1a: Ting-Lu|91\/100 slp\n|\n|-end|p2a: Tornadus|Whirlpool|[partiallytrapped]|[silent]\n|upkeep\n|turn|19\n|\n|t:|1700353144\n|move|p2a: Tornadus|U-turn|p1a: Ting-Lu\n|-supereffective|p1a: Ting-Lu\n|-damage|p1a: Ting-Lu|75\/100 slp\n|\n|t:|1700353153\n|switch|p2a: Great Tusk|Great Tusk|100\/100|[from] U-turn\n|cant|p1a: Ting-Lu|slp\n|\n|upkeep\n|turn|20\n|\n|t:|1700353160\n|switch|p1a: Alomomola|Alomomola, F|100\/100\n|move|p2a: Great Tusk|Headlong Rush|p1a: Alomomola\n|-damage|p1a: Alomomola|75\/100\n|-unboost|p2a: Great Tusk|def|1\n|-unboost|p2a: Great Tusk|spd|1\n|\n|upkeep\n|turn|21\n|\n|t:|1700353167\n|-end|p2a: Great Tusk|Protosynthesis|[silent]\n|switch|p2a: Tornadus|Tornadus-Therian, M|100\/100\n|switch|p1a: Ting-Lu|Ting-Lu|75\/100 slp\n|-damage|p1a: Ting-Lu|69\/100 slp|[from] Stealth Rock\n|-ability|p1a: Ting-Lu|Vessel of Ruin\n|\n|upkeep\n|turn|22\n|\n|t:|1700353179\n|move|p2a: Tornadus|U-turn|p1a: Ting-Lu\n|-supereffective|p1a: Ting-Lu\n|-damage|p1a: Ting-Lu|52\/100 slp\n|\n|t:|1700353182\n|switch|p2a: Scizor|Scizor, M|100\/100|[from] U-turn\n|cant|p1a: Ting-Lu|slp\n|\n|upkeep\n|turn|23\n|\n|t:|1700353190\n|switch|p1a: Toxapex|Toxapex, F|100\/100\n|move|p2a: Scizor|Knock Off|p1a: Toxapex\n|-damage|p1a: Toxapex|79\/100\n|-enditem|p1a: Toxapex|Heavy-Duty Boots|[from] move: Knock Off|[of] p2a: Scizor\n|\n|upkeep\n|turn|24\n|\n|t:|1700353201\n|switch|p2a: Heatran|Heatran, M|55\/100\n|move|p1a: Toxapex|Toxic Spikes|p2a: Heatran\n|-sidestart|p2: nba baltoy|move: Toxic Spikes\n|\n|-heal|p2a: Heatran|61\/100|[from] item: Leftovers\n|upkeep\n|turn|25\n|\n|t:|1700353208\n|switch|p1a: Alomomola|Alomomola, F|100\/100\n|move|p2a: Heatran|Magma Storm|p1a: Alomomola\n|-resisted|p1a: Alomomola\n|-damage|p1a: Alomomola|75\/100\n|-activate|p1a: Alomomola|move: Magma Storm|[of] p2a: Heatran\n|\n|-heal|p2a: Heatran|67\/100|[from] item: Leftovers\n|-damage|p1a: Alomomola|63\/100|[from] move: Magma Storm|[partiallytrapped]\n|upkeep\n|turn|26\n|\n|t:|1700353221\n|switch|p2a: Thundurus|Thundurus-Therian, M|100\/100\n|move|p1a: Alomomola|Wish|p1a: Alomomola\n|\n|-end|p1a: Alomomola|Magma Storm|[partiallytrapped]|[silent]\n|upkeep\n|turn|27\n|\n|t:|1700353231\n|switch|p1a: Blissey|Blissey, F|100\/100\n|move|p2a: Thundurus|Taunt|p1a: Blissey\n|-start|p1a: Blissey|move: Taunt\n|\n|upkeep\n|turn|28\n|\n|t:|1700353244\n|switch|p2a: Great Tusk|Great Tusk|100\/100\n|switch|p1a: Clodsire|Clodsire, M|100\/100\n|\n|upkeep\n|turn|29\n|\n|t:|1700353250\n|switch|p1a: Alomomola|Alomomola, F|96\/100\n|move|p2a: Great Tusk|Headlong Rush|p1a: Alomomola\n|-damage|p1a: Alomomola|71\/100\n|-unboost|p2a: Great Tusk|def|1\n|-unboost|p2a: Great Tusk|spd|1\n|\n|upkeep\n|turn|30\n|\n|t:|1700353253\n|-end|p2a: Great Tusk|Protosynthesis|[silent]\n|switch|p2a: Thundurus|Thundurus-Therian, M|100\/100\n|move|p1a: Alomomola|Wish|p1a: Alomomola\n|\n|upkeep\n|turn|31\n|\n|t:|1700353258\n|switch|p1a: Ting-Lu|Ting-Lu|52\/100 slp\n|-damage|p1a: Ting-Lu|46\/100 slp|[from] Stealth Rock\n|-ability|p1a: Ting-Lu|Vessel of Ruin\n|move|p2a: Thundurus|Taunt|p1a: Ting-Lu\n|-start|p1a: Ting-Lu|move: Taunt\n|\n|-heal|p1a: Ting-Lu|98\/100 slp|[from] move: Wish|[wisher] Alomomola\n|upkeep\n|turn|32\n|\n|t:|1700353264\n|switch|p2a: Great Tusk|Great Tusk|100\/100\n|-curestatus|p1a: Ting-Lu|slp|[msg]\n|move|p1a: Ting-Lu|Earthquake|p2a: Great Tusk\n|-damage|p2a: Great Tusk|79\/100\n|\n|upkeep\n|turn|33\n|\n|t:|1700353270\n|switch|p1a: Alomomola|Alomomola, F|100\/100\n|move|p2a: Great Tusk|Rapid Spin|p1a: Alomomola\n|-damage|p1a: Alomomola|92\/100\n|-boost|p2a: Great Tusk|spe|1\n|-sideend|p2: nba baltoy|Toxic Spikes|[from] move: Rapid Spin|[of] p2a: Great Tusk\n|\n|upkeep\n|turn|34\n|\n|t:|1700353276\n|-end|p2a: Great Tusk|Protosynthesis|[silent]\n|switch|p2a: Thundurus|Thundurus-Therian, M|100\/100\n|move|p1a: Alomomola|Whirlpool|p2a: Thundurus\n|-damage|p2a: Thundurus|92\/100\n|-activate|p2a: Thundurus|move: Whirlpool|[of] p1a: Alomomola\n|\n|-damage|p2a: Thundurus|80\/100|[from] move: Whirlpool|[partiallytrapped]\n|upkeep\n|turn|35\n|\n|t:|1700353284\n|move|p1a: Alomomola|Protect|p1a: Alomomola\n|-singleturn|p1a: Alomomola|Protect\n|move|p2a: Thundurus|Taunt|p1a: Alomomola\n|-activate|p1a: Alomomola|move: Protect\n|\n|-damage|p2a: Thundurus|68\/100|[from] move: Whirlpool|[partiallytrapped]\n|upkeep\n|turn|36\n|\n|t:|1700353292\n|switch|p1a: Blissey|Blissey, F|100\/100\n|move|p2a: Thundurus|Taunt|p1a: Blissey\n|-start|p1a: Blissey|move: Taunt\n|\n|-end|p2a: Thundurus|Whirlpool|[partiallytrapped]|[silent]\n|upkeep\n|turn|37\n|\n|t:|1700353296\n|switch|p1a: Clodsire|Clodsire, M|100\/100\n|move|p2a: Thundurus|Volt Switch|p1a: Clodsire\n|-immune|p1a: Clodsire\n|\n|upkeep\n|turn|38\n|\n|t:|1700353310\n|switch|p2a: Scizor|Scizor, M|100\/100\n|move|p1a: Clodsire|Spikes|p2a: Scizor\n|-sidestart|p2: nba baltoy|Spikes\n|\n|upkeep\n|turn|39\n|\n|t:|1700353317\n|switch|p1a: Toxapex|Toxapex, F|100\/100\n|-damage|p1a: Toxapex|88\/100|[from] Stealth Rock\n|move|p2a: Scizor|Knock Off|p1a: Toxapex\n|-damage|p1a: Toxapex|75\/100\n|\n|upkeep\n|turn|40\n|\n|t:|1700353335\n|switch|p2a: Thundurus|Thundurus-Therian, M|68\/100\n|move|p1a: Toxapex|Toxic Spikes|p2a: Thundurus\n|-sidestart|p2: nba baltoy|move: Toxic Spikes\n|\n|upkeep\n|turn|41\n|\n|t:|1700353340\n|switch|p1a: Blissey|Blissey, F|100\/100\n|move|p2a: Thundurus|Taunt|p1a: Blissey\n|-start|p1a: Blissey|move: Taunt\n|\n|upkeep\n|turn|42\n|\n|t:|1700353352\n|switch|p2a: Great Tusk|Great Tusk|79\/100\n|switch|p1a: Clodsire|Clodsire, M|100\/100\n|\n|upkeep\n|turn|43\n|\n|t:|1700353358\n|move|p2a: Great Tusk|Rapid Spin|p1a: Clodsire\n|-damage|p1a: Clodsire|87\/100\n|-boost|p2a: Great Tusk|spe|1\n|-sideend|p2: nba baltoy|Spikes|[from] move: Rapid Spin|[of] p2a: Great Tusk\n|-sideend|p2: nba baltoy|Toxic Spikes|[from] move: Rapid Spin|[of] p2a: Great Tusk\n|move|p1a: Clodsire|Poison Jab|p2a: Great Tusk\n|-resisted|p2a: Great Tusk\n|-damage|p2a: Great Tusk|72\/100\n|\n|upkeep\n|turn|44\n|\n|t:|1700353366\n|switch|p1a: Alomomola|Alomomola, F|100\/100\n|move|p2a: Great Tusk|Headlong Rush|p1a: Alomomola\n|-damage|p1a: Alomomola|71\/100\n|-unboost|p2a: Great Tusk|def|1\n|-unboost|p2a: Great Tusk|spd|1\n|\n|upkeep\n|turn|45\n|\n|t:|1700353374\n|-end|p2a: Great Tusk|Protosynthesis|[silent]\n|switch|p2a: Tornadus|Tornadus-Therian, M|100\/100\n|switch|p1a: Toxapex|Toxapex, F|100\/100\n|-damage|p1a: Toxapex|88\/100|[from] Stealth Rock\n|\n|upkeep\n|turn|46\n|\n|t:|1700353387\n|move|p2a: Tornadus|U-turn|p1a: Toxapex\n|-resisted|p1a: Toxapex\n|-damage|p1a: Toxapex|84\/100\n|\n|t:|1700353392\n|switch|p2a: Thundurus|Thundurus-Therian, M|68\/100|[from] U-turn\n|move|p1a: Toxapex|Toxic Spikes|p2a: Thundurus\n|-sidestart|p2: nba baltoy|move: Toxic Spikes\n|\n|upkeep\n|turn|47\n|\n|t:|1700353398\n|switch|p1a: Ting-Lu|Ting-Lu|98\/100\n|-damage|p1a: Ting-Lu|92\/100|[from] Stealth Rock\n|-ability|p1a: Ting-Lu|Vessel of Ruin\n|move|p2a: Thundurus|Volt Switch|p1a: Ting-Lu\n|-immune|p1a: Ting-Lu\n|\n|upkeep\n|turn|48\n|\n|t:|1700353405\n|move|p2a: Thundurus|Taunt|p1a: Ting-Lu\n|-start|p1a: Ting-Lu|move: Taunt\n|cant|p1a: Ting-Lu|move: Taunt|Spikes\n|\n|upkeep\n|turn|49\n|\n|t:|1700353413\n|move|p2a: Thundurus|Volt Switch|p1a: Ting-Lu\n|-immune|p1a: Ting-Lu\n|move|p1a: Ting-Lu|Earthquake|p2a: Thundurus\n|-immune|p2a: Thundurus\n|\n|upkeep\n|turn|50\n|\n|t:|1700353418\n|move|p2a: Thundurus|Volt Switch|p1a: Ting-Lu\n|-immune|p1a: Ting-Lu\n|move|p1a: Ting-Lu|Earthquake|p2a: Thundurus\n|-immune|p2a: Thundurus\n|\n|-end|p1a: Ting-Lu|move: Taunt\n|upkeep\n|turn|51\n|\n|t:|1700353422\n|move|p2a: Thundurus|Taunt|p1a: Ting-Lu\n|-start|p1a: Ting-Lu|move: Taunt\n|cant|p1a: Ting-Lu|move: Taunt|Spikes\n|\n|upkeep\n|turn|52\n|\n|t:|1700353427\n|switch|p1a: Clodsire|Clodsire, M|87\/100\n|move|p2a: Thundurus|Tera Blast|p1a: Clodsire\n|-damage|p1a: Clodsire|70\/100\n|\n|upkeep\n|turn|53\n|\n|t:|1700353433\n|move|p2a: Thundurus|Psychic|p1a: Clodsire\n|-supereffective|p1a: Clodsire\n|-damage|p1a: Clodsire|35\/100\n|move|p1a: Clodsire|Spikes|p2a: Thundurus\n|-sidestart|p2: nba baltoy|Spikes\n|\n|upkeep\n|turn|54\n|\n|t:|1700353442\n|switch|p1a: Ting-Lu|Ting-Lu|92\/100\n|-damage|p1a: Ting-Lu|85\/100|[from] Stealth Rock\n|-ability|p1a: Ting-Lu|Vessel of Ruin\n|move|p2a: Thundurus|Taunt|p1a: Ting-Lu\n|-start|p1a: Ting-Lu|move: Taunt\n|\n|upkeep\n|turn|55\n|\n|t:|1700353448\n|switch|p1a: Blissey|Blissey, F|100\/100\n|move|p2a: Thundurus|Tera Blast|p1a: Blissey\n|-damage|p1a: Blissey|91\/100\n|\n|upkeep\n|turn|56\n|\n|t:|1700353455\n|move|p2a: Thundurus|Taunt|p1a: Blissey\n|-start|p1a: Blissey|move: Taunt\n|move|p1a: Blissey|Flamethrower|p2a: Thundurus\n|-damage|p2a: Thundurus|46\/100\n|\n|upkeep\n|turn|57\n|\n|t:|1700353461\n|switch|p1a: Ting-Lu|Ting-Lu|85\/100\n|-damage|p1a: Ting-Lu|79\/100|[from] Stealth Rock\n|-ability|p1a: Ting-Lu|Vessel of Ruin\n|move|p2a: Thundurus|Volt Switch|p1a: Ting-Lu\n|-immune|p1a: Ting-Lu\n|\n|upkeep\n|turn|58\n|\n|t:|1700353469\n|switch|p1a: Blissey|Blissey, F|91\/100\n|move|p2a: Thundurus|Taunt|p1a: Blissey\n|-start|p1a: Blissey|move: Taunt\n|\n|upkeep\n|turn|59\n|\n|t:|1700353475\n|switch|p1a: Ting-Lu|Ting-Lu|79\/100\n|-damage|p1a: Ting-Lu|73\/100|[from] Stealth Rock\n|-ability|p1a: Ting-Lu|Vessel of Ruin\n|move|p2a: Thundurus|Volt Switch|p1a: Ting-Lu\n|-immune|p1a: Ting-Lu\n|\n|upkeep\n|turn|60\n|\n|t:|1700353481\n|switch|p1a: Blissey|Blissey, F|91\/100\n|move|p2a: Thundurus|Taunt|p1a: Blissey\n|-start|p1a: Blissey|move: Taunt\n|\n|upkeep\n|turn|61\n|\n|t:|1700353487\n|switch|p1a: Clodsire|Clodsire, M|35\/100\n|move|p2a: Thundurus|Volt Switch|p1a: Clodsire\n|-immune|p1a: Clodsire\n|\n|upkeep\n|turn|62\n|\n|t:|1700353495\n|switch|p1a: Blissey|Blissey, F|91\/100\n|move|p2a: Thundurus|Taunt|p1a: Blissey\n|-start|p1a: Blissey|move: Taunt\n|\n|upkeep\n|turn|63\n|\n|t:|1700353503\n|switch|p1a: Ting-Lu|Ting-Lu|73\/100\n|-damage|p1a: Ting-Lu|67\/100|[from] Stealth Rock\n|-ability|p1a: Ting-Lu|Vessel of Ruin\n|move|p2a: Thundurus|Volt Switch|p1a: Ting-Lu\n|-immune|p1a: Ting-Lu\n|\n|upkeep\n|turn|64\n|\n|t:|1700353510\n|switch|p1a: Blissey|Blissey, F|91\/100\n|move|p2a: Thundurus|Taunt|p1a: Blissey\n|-start|p1a: Blissey|move: Taunt\n|\n|upkeep\n|turn|65\n|\n|t:|1700353516\n|switch|p1a: Ting-Lu|Ting-Lu|67\/100\n|-damage|p1a: Ting-Lu|60\/100|[from] Stealth Rock\n|-ability|p1a: Ting-Lu|Vessel of Ruin\n|move|p2a: Thundurus|Volt Switch|p1a: Ting-Lu\n|-immune|p1a: Ting-Lu\n|\n|upkeep\n|turn|66\n|\n|t:|1700353524\n|move|p2a: Thundurus|Taunt|p1a: Ting-Lu\n|-start|p1a: Ting-Lu|move: Taunt\n|cant|p1a: Ting-Lu|move: Taunt|Spikes\n|\n|upkeep\n|turn|67\n|\n|t:|1700353528\n|move|p2a: Thundurus|Tera Blast|p1a: Ting-Lu\n|-damage|p1a: Ting-Lu|47\/100\n|move|p1a: Ting-Lu|Earthquake|p2a: Thundurus\n|-immune|p2a: Thundurus\n|\n|upkeep\n|turn|68\n|\n|t:|1700353533\n|switch|p1a: Blissey|Blissey, F|91\/100\n|move|p2a: Thundurus|Tera Blast|p1a: Blissey\n|-damage|p1a: Blissey|83\/100\n|\n|upkeep\n|turn|69\n|\n|t:|1700353538\n|move|p2a: Thundurus|Volt Switch|p1a: Blissey\n|-damage|p1a: Blissey|70\/100\n|\n|t:|1700353541\n|switch|p2a: Tornadus|Tornadus-Therian, M|100\/100|[from] Volt Switch\n|move|p1a: Blissey|Flamethrower|p2a: Tornadus\n|-damage|p2a: Tornadus|89\/100\n|\n|upkeep\n|turn|70\n|\n|t:|1700353549\n|switch|p1a: Alomomola|Alomomola, F|100\/100\n|move|p2a: Tornadus|U-turn|p1a: Alomomola\n|-damage|p1a: Alomomola|93\/100\n|\n|t:|1700353553\n|switch|p2a: Thundurus|Thundurus-Therian, M|46\/100|[from] U-turn\n|\n|upkeep\n|turn|71\n|\n|t:|1700353558\n|move|p1a: Alomomola|Protect|p1a: Alomomola\n|-singleturn|p1a: Alomomola|Protect\n|move|p2a: Thundurus|Volt Switch|p1a: Alomomola\n|-activate|p1a: Alomomola|move: Protect\n|\n|upkeep\n|turn|72\n|\n|t:|1700353566\n|switch|p1a: Blissey|Blissey, F|70\/100\n|move|p2a: Thundurus|Taunt|p1a: Blissey\n|-start|p1a: Blissey|move: Taunt\n|\n|upkeep\n|turn|73\n|\n|t:|1700353572\n|switch|p1a: Clodsire|Clodsire, M|35\/100\n|move|p2a: Thundurus|Volt Switch|p1a: Clodsire\n|-immune|p1a: Clodsire\n|\n|upkeep\n|turn|74\n|\n|t:|1700353578\n|switch|p1a: Blissey|Blissey, F|70\/100\n|move|p2a: Thundurus|Taunt|p1a: Blissey\n|-start|p1a: Blissey|move: Taunt\n|\n|upkeep\n|turn|75\n|\n|t:|1700353583\n|switch|p1a: Ting-Lu|Ting-Lu|47\/100\n|-damage|p1a: Ting-Lu|40\/100|[from] Stealth Rock\n|-ability|p1a: Ting-Lu|Vessel of Ruin\n|move|p2a: Thundurus|Volt Switch|p1a: Ting-Lu\n|-immune|p1a: Ting-Lu\n|\n|upkeep\n|turn|76\n|\n|t:|1700353588\n|move|p2a: Thundurus|Taunt|p1a: Ting-Lu\n|-start|p1a: Ting-Lu|move: Taunt\n|cant|p1a: Ting-Lu|move: Taunt|Stealth Rock\n|\n|upkeep\n|turn|77\n|\n|t:|1700353593\n|switch|p1a: Blissey|Blissey, F|70\/100\n|move|p2a: Thundurus|Tera Blast|p1a: Blissey\n|-damage|p1a: Blissey|60\/100\n|\n|upkeep\n|turn|78\n|\n|t:|1700353596\n|move|p2a: Thundurus|Taunt|p1a: Blissey\n|-start|p1a: Blissey|move: Taunt\n|cant|p1a: Blissey|move: Taunt|Soft-Boiled\n|\n|upkeep\n|turn|79\n|\n|t:|1700353603\n|switch|p1a: Clodsire|Clodsire, M|35\/100\n|move|p2a: Thundurus|Tera Blast|p1a: Clodsire\n|-damage|p1a: Clodsire|18\/100\n|\n|upkeep\n|turn|80\n|\n|t:|1700353615\n|switch|p1a: Blissey|Blissey, F|60\/100\n|move|p2a: Thundurus|Psychic|p1a: Blissey\n|-damage|p1a: Blissey|50\/100\n|\n|upkeep\n|turn|81\n|\n|t:|1700353620\n|move|p2a: Thundurus|Taunt|p1a: Blissey\n|-start|p1a: Blissey|move: Taunt\n|move|p1a: Blissey|Flamethrower|p2a: Thundurus\n|-damage|p2a: Thundurus|25\/100\n|\n|upkeep\n|turn|82\n|\n|t:|1700353628\n|switch|p1a: Clodsire|Clodsire, M|18\/100\n|move|p2a: Thundurus|Psychic|p1a: Clodsire\n|-supereffective|p1a: Clodsire\n|-damage|p1a: Clodsire|0 fnt\n|faint|p1a: Clodsire\n|\n|upkeep\n|\n|t:|1700353634\n|switch|p1a: Blissey|Blissey, F|50\/100\n|turn|83\n|\n|t:|1700353636\n|move|p2a: Thundurus|Volt Switch|p1a: Blissey\n|-damage|p1a: Blissey|37\/100\n|\n|t:|1700353639\n|switch|p2a: Heatran|Heatran, M|67\/100|[from] Volt Switch\n|-damage|p2a: Heatran|55\/100|[from] Spikes\n|move|p1a: Blissey|Flamethrower|p2a: Heatran\n|-start|p2a: Heatran|ability: Flash Fire\n|\n|-heal|p2a: Heatran|61\/100|[from] item: Leftovers\n|upkeep\n|turn|84\n|\n|t:|1700353647\n|move|p2a: Heatran|Magma Storm|p1a: Blissey\n|-damage|p1a: Blissey|17\/100\n|-activate|p1a: Blissey|move: Magma Storm|[of] p2a: Heatran\n|move|p1a: Blissey|Soft-Boiled|p1a: Blissey\n|-heal|p1a: Blissey|67\/100\n|\n|-heal|p2a: Heatran|67\/100|[from] item: Leftovers\n|-damage|p1a: Blissey|55\/100|[from] move: Magma Storm|[partiallytrapped]\n|upkeep\n|turn|85\n|\n|t:|1700353655\n|move|p2a: Heatran|Flash Cannon|p1a: Blissey\n|-damage|p1a: Blissey|44\/100\n|move|p1a: Blissey|Soft-Boiled|p1a: Blissey\n|-heal|p1a: Blissey|94\/100\n|\n|-heal|p2a: Heatran|73\/100|[from] item: Leftovers\n|-damage|p1a: Blissey|82\/100|[from] move: Magma Storm|[partiallytrapped]\n|upkeep\n|turn|86\n|\n|t:|1700353659\n|move|p2a: Heatran|Flash Cannon|p1a: Blissey\n|-damage|p1a: Blissey|70\/100\n|-unboost|p1a: Blissey|spd|1\n|move|p1a: Blissey|Calm Mind|p1a: Blissey\n|-boost|p1a: Blissey|spa|1\n|-boost|p1a: Blissey|spd|1\n|\n|-heal|p2a: Heatran|80\/100|[from] item: Leftovers\n|-damage|p1a: Blissey|58\/100|[from] move: Magma Storm|[partiallytrapped]\n|upkeep\n|turn|87\n|\n|t:|1700353666\n|move|p2a: Heatran|Magma Storm|p1a: Blissey\n|-damage|p1a: Blissey|37\/100\n|move|p1a: Blissey|Stealth Rock|p2a: Heatran\n|-sidestart|p2: nba baltoy|move: Stealth Rock\n|\n|-heal|p2a: Heatran|86\/100|[from] item: Leftovers\n|-damage|p1a: Blissey|25\/100|[from] move: Magma Storm|[partiallytrapped]\n|upkeep\n|turn|88\n|\n|t:|1700353672\n|move|p2a: Heatran|Flash Cannon|p1a: Blissey\n|-damage|p1a: Blissey|14\/100\n|move|p1a: Blissey|Soft-Boiled|p1a: Blissey\n|-heal|p1a: Blissey|64\/100\n|\n|-heal|p2a: Heatran|92\/100|[from] item: Leftovers\n|-damage|p1a: Blissey|52\/100|[from] move: Magma Storm|[partiallytrapped]\n|upkeep\n|turn|89\n|\n|t:|1700353684\n|move|p2a: Heatran|Earth Power|p1a: Blissey\n|-damage|p1a: Blissey|44\/100\n|move|p1a: Blissey|Soft-Boiled|p1a: Blissey\n|-heal|p1a: Blissey|94\/100\n|\n|-heal|p2a: Heatran|98\/100|[from] item: Leftovers\n|-end|p1a: Blissey|Magma Storm|[partiallytrapped]\n|upkeep\n|turn|90\n|\n|t:|1700353689\n|move|p2a: Heatran|Earth Power|p1a: Blissey\n|-damage|p1a: Blissey|85\/100\n|-unboost|p1a: Blissey|spd|1\n|move|p1a: Blissey|Calm Mind|p1a: Blissey\n|-boost|p1a: Blissey|spa|1\n|-boost|p1a: Blissey|spd|1\n|\n|-heal|p2a: Heatran|100\/100|[from] item: Leftovers\n|upkeep\n|turn|91\n|\n|t:|1700353695\n|move|p2a: Heatran|Earth Power|p1a: Blissey\n|-damage|p1a: Blissey|77\/100\n|move|p1a: Blissey|Calm Mind|p1a: Blissey\n|-boost|p1a: Blissey|spa|1\n|-boost|p1a: Blissey|spd|1\n|\n|upkeep\n|turn|92\n|\n|t:|1700353699\n|move|p2a: Heatran|Magma Storm|p1a: Blissey\n|-damage|p1a: Blissey|65\/100\n|-activate|p1a: Blissey|move: Magma Storm|[of] p2a: Heatran\n|move|p1a: Blissey|Calm Mind|p1a: Blissey\n|-boost|p1a: Blissey|spa|1\n|-boost|p1a: Blissey|spd|1\n|\n|-damage|p1a: Blissey|52\/100|[from] move: Magma Storm|[partiallytrapped]\n|upkeep\n|turn|93\n|\n|t:|1700353704\n|move|p2a: Heatran|Flash Cannon|p1a: Blissey\n|-damage|p1a: Blissey|47\/100\n|move|p1a: Blissey|Soft-Boiled|p1a: Blissey\n|-heal|p1a: Blissey|97\/100\n|\n|-damage|p1a: Blissey|85\/100|[from] move: Magma Storm|[partiallytrapped]\n|upkeep\n|turn|94\n|\n|t:|1700353707\n|move|p2a: Heatran|Earth Power|p1a: Blissey\n|-damage|p1a: Blissey|81\/100\n|move|p1a: Blissey|Calm Mind|p1a: Blissey\n|-boost|p1a: Blissey|spa|1\n|-boost|p1a: Blissey|spd|1\n|\n|-damage|p1a: Blissey|68\/100|[from] move: Magma Storm|[partiallytrapped]\n|upkeep\n|turn|95\n|\n|t:|1700353711\n|move|p2a: Heatran|Flash Cannon|p1a: Blissey\n|-damage|p1a: Blissey|64\/100\n|move|p1a: Blissey|Calm Mind|p1a: Blissey\n|-boost|p1a: Blissey|spa|1\n|-boost|p1a: Blissey|spd|1\n|\n|-damage|p1a: Blissey|52\/100|[from] move: Magma Storm|[partiallytrapped]\n|upkeep\n|turn|96\n|\n|t:|1700353719\n|move|p2a: Heatran|Flash Cannon|p1a: Blissey\n|-damage|p1a: Blissey|48\/100\n|move|p1a: Blissey|Soft-Boiled|p1a: Blissey\n|-heal|p1a: Blissey|98\/100\n|\n|-end|p1a: Blissey|Magma Storm|[partiallytrapped]\n|upkeep\n|turn|97\n|\n|t:|1700353731\n|move|p2a: Heatran|Magma Storm|p1a: Blissey\n|-damage|p1a: Blissey|91\/100\n|-activate|p1a: Blissey|move: Magma Storm|[of] p2a: Heatran\n|move|p1a: Blissey|Calm Mind|p1a: Blissey\n|-boost|p1a: Blissey|spa|0\n|-boost|p1a: Blissey|spd|1\n|\n|-damage|p1a: Blissey|78\/100|[from] move: Magma Storm|[partiallytrapped]\n|upkeep\n|turn|98\n|\n|t:|1700353735\n|move|p2a: Heatran|Flash Cannon|p1a: Blissey\n|-damage|p1a: Blissey|75\/100\n|-unboost|p1a: Blissey|spd|1\n|move|p1a: Blissey|Calm Mind|p1a: Blissey\n|-boost|p1a: Blissey|spa|0\n|-boost|p1a: Blissey|spd|1\n|\n|-damage|p1a: Blissey|63\/100|[from] move: Magma Storm|[partiallytrapped]\n|upkeep\n|turn|99\n|\n|t:|1700353741\n|-end|p2a: Heatran|ability: Flash Fire|[silent]\n|switch|p2a: Scizor|Scizor, M|100\/100\n|-damage|p2a: Scizor|88\/100|[from] Spikes\n|-damage|p2a: Scizor|76\/100|[from] Stealth Rock\n|move|p1a: Blissey|Calm Mind|p1a: Blissey\n|-boost|p1a: Blissey|spa|0\n|-boost|p1a: Blissey|spd|1\n|\n|-heal|p2a: Scizor|82\/100|[from] item: Leftovers\n|-end|p1a: Blissey|Magma Storm|[partiallytrapped]|[silent]\n|upkeep\n|turn|100\n|\n|t:|1700353750\n|move|p2a: Scizor|Close Combat|p1a: Blissey\n|-supereffective|p1a: Blissey\n|-damage|p1a: Blissey|0 fnt\n|-unboost|p2a: Scizor|def|1\n|-unboost|p2a: Scizor|spd|1\n|faint|p1a: Blissey\n|\n|-heal|p2a: Scizor|88\/100|[from] item: Leftovers\n|upkeep\n|\n|t:|1700353755\n|switch|p1a: Alomomola|Alomomola, F|100\/100\n|turn|101\n|\n|t:|1700353768\n|move|p2a: Scizor|Knock Off|p1a: Alomomola\n|-damage|p1a: Alomomola|82\/100\n|-enditem|p1a: Alomomola|Heavy-Duty Boots|[from] move: Knock Off|[of] p2a: Scizor\n|move|p1a: Alomomola|Wish|p1a: Alomomola\n|\n|-heal|p2a: Scizor|94\/100|[from] item: Leftovers\n|upkeep\n|turn|102\n|\n|t:|1700353772\n|switch|p2a: Tornadus|Tornadus-Therian, M|100\/100\n|-damage|p2a: Tornadus|76\/100|[from] Stealth Rock\n|move|p1a: Alomomola|Chilling Water|p2a: Tornadus\n|-damage|p2a: Tornadus|70\/100\n|-unboost|p2a: Tornadus|atk|1\n|\n|-heal|p1a: Alomomola|100\/100|[from] move: Wish|[wisher] Alomomola\n|upkeep\n|turn|103\n|\n|t:|1700353779\n|move|p2a: Tornadus|U-turn|p1a: Alomomola\n|-damage|p1a: Alomomola|95\/100\n|\n|t:|1700353798\n|switch|p2a: Heatran|Heatran, M|100\/100|[from] U-turn\n|-damage|p2a: Heatran|88\/100|[from] Spikes\n|-damage|p2a: Heatran|76\/100|[from] Stealth Rock\n|move|p1a: Alomomola|Whirlpool|p2a: Heatran\n|-supereffective|p2a: Heatran\n|-damage|p2a: Heatran|69\/100\n|-activate|p2a: Heatran|move: Whirlpool|[of] p1a: Alomomola\n|\n|-heal|p2a: Heatran|75\/100|[from] item: Leftovers\n|-damage|p2a: Heatran|63\/100|[from] move: Whirlpool|[partiallytrapped]\n|upkeep\n|turn|104\n|\n|t:|1700353807\n|move|p2a: Heatran|Magma Storm|p1a: Alomomola\n|-resisted|p1a: Alomomola\n|-damage|p1a: Alomomola|69\/100\n|-activate|p1a: Alomomola|move: Magma Storm|[of] p2a: Heatran\n|move|p1a: Alomomola|Wish|p1a: Alomomola\n|\n|-heal|p2a: Heatran|69\/100|[from] item: Leftovers\n|-damage|p2a: Heatran|56\/100|[from] move: Whirlpool|[partiallytrapped]\n|-damage|p1a: Alomomola|56\/100|[from] move: Magma Storm|[partiallytrapped]\n|upkeep\n|turn|105\n|\n|t:|1700353813\n|move|p1a: Alomomola|Protect|p1a: Alomomola\n|-singleturn|p1a: Alomomola|Protect\n|move|p2a: Heatran|Earth Power|p1a: Alomomola\n|-activate|p1a: Alomomola|move: Protect\n|\n|-heal|p1a: Alomomola|100\/100|[from] move: Wish|[wisher] Alomomola\n|-heal|p2a: Heatran|63\/100|[from] item: Leftovers\n|-damage|p2a: Heatran|50\/100|[from] move: Whirlpool|[partiallytrapped]\n|-damage|p1a: Alomomola|88\/100|[from] move: Magma Storm|[partiallytrapped]\n|upkeep\n|turn|106\n|\n|t:|1700353819\n|move|p2a: Heatran|Earth Power|p1a: Alomomola\n|-damage|p1a: Alomomola|59\/100\n|move|p1a: Alomomola|Wish|p1a: Alomomola\n|\n|-heal|p2a: Heatran|56\/100|[from] item: Leftovers\n|-damage|p2a: Heatran|44\/100|[from] move: Whirlpool|[partiallytrapped]\n|-damage|p1a: Alomomola|47\/100|[from] move: Magma Storm|[partiallytrapped]\n|upkeep\n|turn|107\n|\n|t:|1700353825\n|move|p1a: Alomomola|Protect|p1a: Alomomola\n|-singleturn|p1a: Alomomola|Protect\n|move|p2a: Heatran|Earth Power|p1a: Alomomola\n|-activate|p1a: Alomomola|move: Protect\n|\n|-heal|p1a: Alomomola|97\/100|[from] move: Wish|[wisher] Alomomola\n|-heal|p2a: Heatran|50\/100|[from] item: Leftovers\n|-end|p2a: Heatran|Whirlpool|[partiallytrapped]\n|-damage|p1a: Alomomola|85\/100|[from] move: Magma Storm|[partiallytrapped]\n|upkeep\n|turn|108\n|\n|t:|1700353829\n|switch|p2a: Tornadus|Tornadus-Therian, M|100\/100\n|-damage|p2a: Tornadus|76\/100|[from] Stealth Rock\n|move|p1a: Alomomola|Whirlpool|p2a: Tornadus|[miss]\n|-miss|p1a: Alomomola|p2a: Tornadus\n|\n|-end|p1a: Alomomola|Magma Storm|[partiallytrapped]|[silent]\n|upkeep\n|turn|109\n|\n|t:|1700353841\n|move|p2a: Tornadus|Knock Off|p1a: Alomomola\n|-damage|p1a: Alomomola|78\/100\n|move|p1a: Alomomola|Whirlpool|p2a: Tornadus|[miss]\n|-miss|p1a: Alomomola|p2a: Tornadus\n|\n|upkeep\n|turn|110\n|\n|t:|1700353847\n|switch|p1a: Toxapex|Toxapex, F|100\/100\n|-damage|p1a: Toxapex|88\/100|[from] Stealth Rock\n|move|p2a: Tornadus|Grass Knot|p1a: Toxapex\n|-damage|p1a: Toxapex|79\/100\n|\n|upkeep\n|turn|111\n|\n|t:|1700353853\n|move|p2a: Tornadus|Knock Off|p1a: Toxapex\n|-damage|p1a: Toxapex|71\/100\n|move|p1a: Toxapex|Toxic|p2a: Tornadus\n|-status|p2a: Tornadus|tox\n|\n|-damage|p2a: Tornadus|70\/100 tox|[from] psn\n|upkeep\n|turn|112\n|\n|t:|1700353858\n|switch|p1a: Alomomola|Alomomola, F|100\/100\n|-damage|p1a: Alomomola|88\/100|[from] Stealth Rock\n|move|p2a: Tornadus|U-turn|p1a: Alomomola\n|-damage|p1a: Alomomola|81\/100\n|\n|t:|1700353861\n|switch|p2a: Thundurus|Thundurus-Therian, M|25\/100|[from] U-turn\n|\n|upkeep\n|turn|113\n|\n|t:|1700353873\n|switch|p1a: Ting-Lu|Ting-Lu|40\/100\n|-damage|p1a: Ting-Lu|34\/100|[from] Stealth Rock\n|-ability|p1a: Ting-Lu|Vessel of Ruin\n|move|p2a: Thundurus|Volt Switch|p1a: Ting-Lu\n|-immune|p1a: Ting-Lu\n|\n|upkeep\n|turn|114\n|\n|t:|1700353880\n|switch|p1a: Toxapex|Toxapex, F|100\/100\n|-damage|p1a: Toxapex|88\/100|[from] Stealth Rock\n|move|p2a: Thundurus|Taunt|p1a: Toxapex\n|-start|p1a: Toxapex|move: Taunt\n|\n|upkeep\n|turn|115\n|\n|t:|1700353889\n|switch|p1a: Dondozo|Dondozo, M|100\/100\n|move|p2a: Thundurus|Psychic|p1a: Dondozo\n|-damage|p1a: Dondozo|67\/100\n|\n|upkeep\n|turn|116\n|\n|t:|1700353900\n|-terastallize|p1a: Dondozo|Grass\n|move|p2a: Thundurus|Volt Switch|p1a: Dondozo\n|-resisted|p1a: Dondozo\n|-damage|p1a: Dondozo|48\/100\n|\n|t:|1700353904\n|switch|p2a: Tornadus|Tornadus-Therian, M|100\/100 tox|[from] Volt Switch\n|-damage|p2a: Tornadus|76\/100 tox|[from] Stealth Rock\n|move|p1a: Dondozo|Avalanche|p2a: Tornadus\n|-supereffective|p2a: Tornadus\n|-damage|p2a: Tornadus|42\/100 tox\n|\n|-damage|p2a: Tornadus|36\/100 tox|[from] psn\n|upkeep\n|turn|117\n|\n|t:|1700353916\n|move|p2a: Tornadus|U-turn|p1a: Dondozo\n|-supereffective|p1a: Dondozo\n|-damage|p1a: Dondozo|35\/100\n|\n|t:|1700353920\n|switch|p2a: Heatran|Heatran, M|50\/100|[from] U-turn\n|-damage|p2a: Heatran|38\/100|[from] Spikes\n|-damage|p2a: Heatran|25\/100|[from] Stealth Rock\n|move|p1a: Dondozo|Avalanche|p2a: Heatran\n|-resisted|p2a: Heatran\n|-damage|p2a: Heatran|22\/100\n|\n|-heal|p2a: Heatran|29\/100|[from] item: Leftovers\n|upkeep\n|turn|118\n|j| Cuachicqueh\n|l| Cuachicqueh\n|\n|t:|1700353936\n|switch|p1a: Alomomola|Alomomola, F|100\/100\n|-damage|p1a: Alomomola|88\/100|[from] Stealth Rock\n|move|p2a: Heatran|Flash Cannon|p1a: Alomomola\n|-resisted|p1a: Alomomola\n|-damage|p1a: Alomomola|68\/100\n|\n|-heal|p2a: Heatran|35\/100|[from] item: Leftovers\n|upkeep\n|turn|119\n|\n|t:|1700353950\n|switch|p2a: Tornadus|Tornadus-Therian, M|70\/100 tox\n|-damage|p2a: Tornadus|45\/100 tox|[from] Stealth Rock\n|move|p1a: Alomomola|Whirlpool|p2a: Tornadus\n|-damage|p2a: Tornadus|41\/100 tox\n|-activate|p2a: Tornadus|move: Whirlpool|[of] p1a: Alomomola\n|\n|-damage|p2a: Tornadus|35\/100 tox|[from] psn\n|-damage|p2a: Tornadus|23\/100 tox|[from] move: Whirlpool|[partiallytrapped]\n|upkeep\n|turn|120\n|\n|t:|1700353959\n|move|p1a: Alomomola|Protect|p1a: Alomomola\n|-singleturn|p1a: Alomomola|Protect\n|move|p2a: Tornadus|U-turn|p1a: Alomomola\n|-activate|p1a: Alomomola|move: Protect\n|\n|-damage|p2a: Tornadus|10\/100 tox|[from] psn\n|-damage|p2a: Tornadus|0 fnt|[from] move: Whirlpool|[partiallytrapped]\n|faint|p2a: Tornadus\n|upkeep\n|\n|t:|1700353963\n|switch|p2a: Great Tusk|Great Tusk|72\/100\n|turn|121\n|\n|t:|1700353972\n|move|p2a: Great Tusk|Rapid Spin|p1a: Alomomola\n|-damage|p1a: Alomomola|61\/100\n|-boost|p2a: Great Tusk|spe|1\n|-sideend|p2: nba baltoy|Spikes|[from] move: Rapid Spin|[of] p2a: Great Tusk\n|-sideend|p2: nba baltoy|Toxic Spikes|[from] move: Rapid Spin|[of] p2a: Great Tusk\n|-sideend|p2: nba baltoy|Stealth Rock|[from] move: Rapid Spin|[of] p2a: Great Tusk\n|move|p1a: Alomomola|Wish|p1a: Alomomola\n|\n|upkeep\n|turn|122\n|\n|t:|1700353985\n|move|p2a: Great Tusk|Headlong Rush|p1a: Alomomola\n|-damage|p1a: Alomomola|33\/100\n|-unboost|p2a: Great Tusk|def|1\n|-unboost|p2a: Great Tusk|spd|1\n|move|p1a: Alomomola|Whirlpool|p2a: Great Tusk\n|-supereffective|p2a: Great Tusk\n|-damage|p2a: Great Tusk|51\/100\n|-activate|p2a: Great Tusk|move: Whirlpool|[of] p1a: Alomomola\n|\n|-heal|p1a: Alomomola|83\/100|[from] move: Wish|[wisher] Alomomola\n|-damage|p2a: Great Tusk|39\/100|[from] move: Whirlpool|[partiallytrapped]\n|upkeep\n|turn|123\n|\n|t:|1700353997\n|move|p2a: Great Tusk|Bulk Up|p2a: Great Tusk\n|-boost|p2a: Great Tusk|atk|1\n|-boost|p2a: Great Tusk|def|1\n|move|p1a: Alomomola|Wish|p1a: Alomomola\n|\n|-damage|p2a: Great Tusk|27\/100|[from] move: Whirlpool|[partiallytrapped]\n|upkeep\n|turn|124\n|\n|t:|1700354004\n|move|p2a: Great Tusk|Bulk Up|p2a: Great Tusk\n|-boost|p2a: Great Tusk|atk|1\n|-boost|p2a: Great Tusk|def|1\n|move|p1a: Alomomola|Chilling Water|p2a: Great Tusk\n|-supereffective|p2a: Great Tusk\n|-damage|p2a: Great Tusk|0 fnt\n|faint|p2a: Great Tusk\n|-end|p2a: Great Tusk|Protosynthesis|[silent]\n|\n|-heal|p1a: Alomomola|100\/100|[from] move: Wish|[wisher] Alomomola\n|upkeep\n|\n|t:|1700354010\n|switch|p2a: Thundurus|Thundurus-Therian, M|25\/100\n|turn|125\n|\n|t:|1700354032\n|move|p2a: Thundurus|Volt Switch|p1a: Alomomola\n|-supereffective|p1a: Alomomola\n|-damage|p1a: Alomomola|5\/100\n|\n|t:|1700354045\n|switch|p2a: Skeledirge|Skeledirge, M|100\/100|[from] Volt Switch\n|move|p1a: Alomomola|Whirlpool|p2a: Skeledirge\n|-supereffective|p2a: Skeledirge\n|-damage|p2a: Skeledirge|90\/100\n|-activate|p2a: Skeledirge|move: Whirlpool|[of] p1a: Alomomola\n|\n|-damage|p2a: Skeledirge|77\/100|[from] move: Whirlpool|[partiallytrapped]\n|upkeep\n|turn|126\n|inactive|nba baltoy has 120 seconds left.\n|\n|t:|1700354072\n|switch|p1a: Ting-Lu|Ting-Lu|34\/100\n|-damage|p1a: Ting-Lu|28\/100|[from] Stealth Rock\n|-ability|p1a: Ting-Lu|Vessel of Ruin\n|move|p2a: Skeledirge|Will-O-Wisp|p1a: Ting-Lu\n|-status|p1a: Ting-Lu|brn\n|\n|-damage|p1a: Ting-Lu|22\/100 brn|[from] brn\n|-end|p2a: Skeledirge|Whirlpool|[partiallytrapped]|[silent]\n|upkeep\n|turn|127\n|inactive|nba baltoy has 120 seconds left.\n|inactive|Apoteosis has 120 seconds left.\n|l|\u2606Apoteosis\n|inactive|Apoteosis disconnected and has a minute to reconnect!\n|player|p1|\n|j|\u2606Apoteosis\n|inactive|Apoteosis reconnected and has 95 seconds left.\n|player|p1|Apoteosis|102\n|inactive|Apoteosis has 90 seconds left.\n|\n|t:|1700354113\n|switch|p2a: Thundurus|Thundurus-Therian, M|25\/100\n|move|p1a: Ting-Lu|Rest|p1a: Ting-Lu\n|-status|p1a: Ting-Lu|slp|[from] move: Rest\n|-heal|p1a: Ting-Lu|100\/100 slp|[silent]\n|\n|upkeep\n|turn|128\n|\n|t:|1700354130\n|switch|p2a: Scizor|Scizor, M|94\/100\n|cant|p1a: Ting-Lu|slp\n|\n|-heal|p2a: Scizor|99\/100|[from] item: Leftovers\n|upkeep\n|turn|129\n|\n|t:|1700354138\n|switch|p1a: Toxapex|Toxapex, F|100\/100\n|-damage|p1a: Toxapex|88\/100|[from] Stealth Rock\n|move|p2a: Scizor|Swords Dance|p2a: Scizor\n|-boost|p2a: Scizor|atk|2\n|\n|-heal|p2a: Scizor|100\/100|[from] item: Leftovers\n|upkeep\n|turn|130\n|\n|t:|1700354149\n|move|p2a: Scizor|Swords Dance|p2a: Scizor\n|-boost|p2a: Scizor|atk|2\n|move|p1a: Toxapex|Haze|p1a: Toxapex\n|-clearallboost\n|\n|upkeep\n|turn|131\n|\n|t:|1700354156\n|switch|p2a: Heatran|Heatran, M|35\/100\n|move|p1a: Toxapex|Toxic Spikes|p2a: Heatran\n|-sidestart|p2: nba baltoy|move: Toxic Spikes\n|\n|-heal|p2a: Heatran|41\/100|[from] item: Leftovers\n|upkeep\n|turn|132\n|\n|t:|1700354167\n|switch|p2a: Scizor|Scizor, M|100\/100\n|switch|p1a: Ting-Lu|Ting-Lu|100\/100 slp\n|-damage|p1a: Ting-Lu|94\/100 slp|[from] Stealth Rock\n|-ability|p1a: Ting-Lu|Vessel of Ruin\n|\n|upkeep\n|turn|133\n|\n|t:|1700354173\n|switch|p1a: Alomomola|Alomomola, F|38\/100\n|-damage|p1a: Alomomola|26\/100|[from] Stealth Rock\n|move|p2a: Scizor|Swords Dance|p2a: Scizor\n|-boost|p2a: Scizor|atk|2\n|\n|upkeep\n|turn|134\n|\n|t:|1700354178\n|switch|p1a: Toxapex|Toxapex, F|100\/100\n|-damage|p1a: Toxapex|88\/100|[from] Stealth Rock\n|move|p2a: Scizor|Knock Off|p1a: Toxapex\n|-damage|p1a: Toxapex|61\/100\n|\n|upkeep\n|turn|135\n|\n|t:|1700354188\n|move|p2a: Scizor|Knock Off|p1a: Toxapex\n|-damage|p1a: Toxapex|35\/100\n|move|p1a: Toxapex|Haze|p1a: Toxapex\n|-clearallboost\n|\n|upkeep\n|turn|136\n|\n|t:|1700354195\n|move|p2a: Scizor|Swords Dance|p2a: Scizor\n|-boost|p2a: Scizor|atk|2\n|move|p1a: Toxapex|Recover|p1a: Toxapex\n|-heal|p1a: Toxapex|86\/100\n|\n|upkeep\n|turn|137\n|\n|t:|1700354200\n|move|p2a: Scizor|Knock Off|p1a: Toxapex\n|-damage|p1a: Toxapex|58\/100\n|move|p1a: Toxapex|Haze|p1a: Toxapex\n|-clearallboost\n|\n|upkeep\n|turn|138\n|\n|t:|1700354205\n|move|p2a: Scizor|Swords Dance|p2a: Scizor\n|-boost|p2a: Scizor|atk|2\n|move|p1a: Toxapex|Toxic Spikes|p2a: Scizor\n|-sidestart|p2: nba baltoy|move: Toxic Spikes\n|\n|upkeep\n|turn|139\n|\n|t:|1700354208\n|move|p2a: Scizor|Knock Off|p1a: Toxapex\n|-damage|p1a: Toxapex|31\/100\n|move|p1a: Toxapex|Haze|p1a: Toxapex\n|-clearallboost\n|\n|upkeep\n|turn|140\n|\n|t:|1700354211\n|move|p2a: Scizor|Swords Dance|p2a: Scizor\n|-boost|p2a: Scizor|atk|2\n|move|p1a: Toxapex|Recover|p1a: Toxapex\n|-heal|p1a: Toxapex|81\/100\n|\n|upkeep\n|turn|141\n|\n|t:|1700354213\n|move|p2a: Scizor|Knock Off|p1a: Toxapex\n|-damage|p1a: Toxapex|52\/100\n|move|p1a: Toxapex|Haze|p1a: Toxapex\n|-clearallboost\n|\n|upkeep\n|turn|142\n|\n|t:|1700354216\n|move|p2a: Scizor|Swords Dance|p2a: Scizor\n|-boost|p2a: Scizor|atk|2\n|move|p1a: Toxapex|Haze|p1a: Toxapex\n|-clearallboost\n|\n|upkeep\n|turn|143\n|\n|t:|1700354219\n|move|p2a: Scizor|Knock Off|p1a: Toxapex\n|-damage|p1a: Toxapex|37\/100\n|move|p1a: Toxapex|Haze|p1a: Toxapex\n|-clearallboost\n|\n|upkeep\n|turn|144\n|\n|t:|1700354223\n|move|p2a: Scizor|Swords Dance|p2a: Scizor\n|-boost|p2a: Scizor|atk|2\n|move|p1a: Toxapex|Recover|p1a: Toxapex\n|-heal|p1a: Toxapex|87\/100\n|\n|upkeep\n|turn|145\n|\n|t:|1700354225\n|move|p2a: Scizor|Knock Off|p1a: Toxapex\n|-damage|p1a: Toxapex|61\/100\n|move|p1a: Toxapex|Haze|p1a: Toxapex\n|-clearallboost\n|\n|upkeep\n|turn|146\n|\n|t:|1700354229\n|move|p2a: Scizor|Swords Dance|p2a: Scizor\n|-boost|p2a: Scizor|atk|2\n|move|p1a: Toxapex|Haze|p1a: Toxapex\n|-clearallboost\n|\n|upkeep\n|turn|147\n|\n|t:|1700354234\n|move|p2a: Scizor|Swords Dance|p2a: Scizor\n|-boost|p2a: Scizor|atk|2\n|move|p1a: Toxapex|Haze|p1a: Toxapex\n|-clearallboost\n|\n|upkeep\n|turn|148\n|\n|t:|1700354239\n|move|p2a: Scizor|Knock Off|p1a: Toxapex\n|-damage|p1a: Toxapex|48\/100\n|move|p1a: Toxapex|Haze|p1a: Toxapex\n|-clearallboost\n|\n|upkeep\n|turn|149\n|\n|t:|1700354243\n|move|p2a: Scizor|Swords Dance|p2a: Scizor\n|-boost|p2a: Scizor|atk|2\n|move|p1a: Toxapex|Haze|p1a: Toxapex\n|-clearallboost\n|\n|upkeep\n|turn|150\n|\n|t:|1700354247\n|switch|p2a: Thundurus|Thundurus-Therian, M|25\/100\n|move|p1a: Toxapex|Haze|p1a: Toxapex\n|-clearallboost\n|\n|upkeep\n|turn|151\n|\n|t:|1700354255\n|switch|p1a: Ting-Lu|Ting-Lu|94\/100 slp\n|-damage|p1a: Ting-Lu|88\/100 slp|[from] Stealth Rock\n|-ability|p1a: Ting-Lu|Vessel of Ruin\n|move|p2a: Thundurus|Volt Switch|p1a: Ting-Lu\n|-immune|p1a: Ting-Lu\n|\n|upkeep\n|turn|152\n|\n|t:|1700354263\n|switch|p2a: Scizor|Scizor, M|100\/100\n|cant|p1a: Ting-Lu|slp\n|\n|upkeep\n|turn|153\n|\n|t:|1700354270\n|switch|p1a: Toxapex|Toxapex, F|81\/100\n|-damage|p1a: Toxapex|69\/100|[from] Stealth Rock\n|move|p2a: Scizor|Swords Dance|p2a: Scizor\n|-boost|p2a: Scizor|atk|2\n|\n|upkeep\n|turn|154\n|\n|t:|1700354276\n|move|p2a: Scizor|Knock Off|p1a: Toxapex\n|-damage|p1a: Toxapex|42\/100\n|move|p1a: Toxapex|Haze|p1a: Toxapex\n|-clearallboost\n|\n|upkeep\n|turn|155\n|\n|t:|1700354279\n|switch|p1a: Dondozo|Dondozo, M, tera:Grass|35\/100\n|move|p2a: Scizor|Swords Dance|p2a: Scizor\n|-boost|p2a: Scizor|atk|2\n|\n|upkeep\n|turn|156\n|\n|t:|1700354286\n|move|p2a: Scizor|Knock Off|p1a: Dondozo\n|-damage|p1a: Dondozo|20\/100\n|-enditem|p1a: Dondozo|Heavy-Duty Boots|[from] move: Knock Off|[of] p2a: Scizor\n|move|p1a: Dondozo|Rest|p1a: Dondozo\n|-status|p1a: Dondozo|slp|[from] move: Rest\n|-heal|p1a: Dondozo|100\/100 slp|[silent]\n|\n|upkeep\n|turn|157\n|\n|t:|1700354293\n|switch|p2a: Heatran|Heatran, M|41\/100\n|cant|p1a: Dondozo|slp\n|move|p1a: Dondozo|Sleep Talk|p1a: Dondozo\n|move|p1a: Dondozo|Rest||[from]move: Sleep Talk|[still]\n|-fail|p1a: Dondozo\n|\n|-heal|p2a: Heatran|47\/100|[from] item: Leftovers\n|upkeep\n|turn|158\n|\n|t:|1700354306\n|switch|p1a: Ting-Lu|Ting-Lu|88\/100 slp\n|-damage|p1a: Ting-Lu|82\/100 slp|[from] Stealth Rock\n|-ability|p1a: Ting-Lu|Vessel of Ruin\n|move|p2a: Heatran|Magma Storm|p1a: Ting-Lu\n|-damage|p1a: Ting-Lu|65\/100 slp\n|-activate|p1a: Ting-Lu|move: Magma Storm|[of] p2a: Heatran\n|\n|-heal|p2a: Heatran|53\/100|[from] item: Leftovers\n|-damage|p1a: Ting-Lu|52\/100 slp|[from] move: Magma Storm|[partiallytrapped]\n|upkeep\n|turn|159\n|\n|t:|1700354310\n|switch|p2a: Thundurus|Thundurus-Therian, M|25\/100\n|-curestatus|p1a: Ting-Lu|slp|[msg]\n|move|p1a: Ting-Lu|Earthquake|p2a: Thundurus\n|-immune|p2a: Thundurus\n|\n|-end|p1a: Ting-Lu|Magma Storm|[partiallytrapped]|[silent]\n|upkeep\n|turn|160\n|\n|t:|1700354331\n|switch|p1a: Dondozo|Dondozo, M, tera:Grass|100\/100 slp\n|-damage|p1a: Dondozo|88\/100 slp|[from] Stealth Rock\n|move|p2a: Thundurus|Taunt|p1a: Dondozo\n|-start|p1a: Dondozo|move: Taunt\n|\n|upkeep\n|turn|161\n|\n|t:|1700354341\n|move|p2a: Thundurus|Psychic|p1a: Dondozo\n|-damage|p1a: Dondozo|55\/100 slp\n|cant|p1a: Dondozo|slp\n|\n|upkeep\n|turn|162\n|inactive|nba baltoy has 120 seconds left.\n|\n|t:|1700354387\n|-terastallize|p2a: Thundurus|Ice\n|move|p2a: Thundurus|Tera Blast|p1a: Dondozo|[anim] Tera Blast Ice\n|-supereffective|p1a: Dondozo\n|-damage|p1a: Dondozo|0 fnt\n|faint|p1a: Dondozo\n|\n|upkeep\n|\n|t:|1700354403\n|switch|p1a: Toxapex|Toxapex, F|75\/100\n|-damage|p1a: Toxapex|63\/100|[from] Stealth Rock\n|turn|163\n|\n|t:|1700354407\n|switch|p1a: Ting-Lu|Ting-Lu|52\/100\n|-damage|p1a: Ting-Lu|46\/100|[from] Stealth Rock\n|-ability|p1a: Ting-Lu|Vessel of Ruin\n|move|p2a: Thundurus|Volt Switch|p1a: Ting-Lu\n|-immune|p1a: Ting-Lu\n|\n|upkeep\n|turn|164\n|inactive|Apoteosis has 120 seconds left.\n|inactive|nba baltoy has 90 seconds left.\n|\n|t:|1700354430\n|switch|p2a: Scizor|Scizor, M|100\/100\n|switch|p1a: Toxapex|Toxapex, F|96\/100\n|-damage|p1a: Toxapex|84\/100|[from] Stealth Rock\n|\n|upkeep\n|turn|165\n|inactive|nba baltoy has 90 seconds left.\n|\n|t:|1700354440\n|switch|p2a: Thundurus|Thundurus-Therian, M, tera:Ice|25\/100\n|switch|p1a: Alomomola|Alomomola, F|59\/100\n|-damage|p1a: Alomomola|47\/100|[from] Stealth Rock\n|\n|upkeep\n|turn|166\n|\n|t:|1700354448\n|switch|p1a: Ting-Lu|Ting-Lu|46\/100\n|-damage|p1a: Ting-Lu|40\/100|[from] Stealth Rock\n|-ability|p1a: Ting-Lu|Vessel of Ruin\n|move|p2a: Thundurus|Volt Switch|p1a: Ting-Lu\n|-immune|p1a: Ting-Lu\n|\n|upkeep\n|turn|167\n|\n|t:|1700354453\n|switch|p2a: Scizor|Scizor, M|100\/100\n|move|p1a: Ting-Lu|Rest|p1a: Ting-Lu\n|-status|p1a: Ting-Lu|slp|[from] move: Rest\n|-heal|p1a: Ting-Lu|100\/100 slp|[silent]\n|\n|upkeep\n|turn|168\n|inactive|Apoteosis has 120 seconds left.\n|inactive|nba baltoy has 90 seconds left.\n|\n|t:|1700354462\n|switch|p1a: Toxapex|Toxapex, F|100\/100\n|-damage|p1a: Toxapex|88\/100|[from] Stealth Rock\n|move|p2a: Scizor|Swords Dance|p2a: Scizor\n|-boost|p2a: Scizor|atk|2\n|\n|upkeep\n|turn|169\n|inactive|nba baltoy has 90 seconds left.\n|\n|t:|1700354468\n|move|p2a: Scizor|Knock Off|p1a: Toxapex\n|-crit|p1a: Toxapex\n|-damage|p1a: Toxapex|45\/100\n|move|p1a: Toxapex|Haze|p1a: Toxapex\n|-clearallboost\n|\n|upkeep\n|turn|170\n|\n|t:|1700354473\n|switch|p2a: Thundurus|Thundurus-Therian, M, tera:Ice|25\/100\n|move|p1a: Toxapex|Recover|p1a: Toxapex\n|-heal|p1a: Toxapex|96\/100\n|\n|upkeep\n|turn|171\n|\n|t:|1700354477\n|move|p2a: Thundurus|Tera Blast|p1a: Toxapex|[anim] Tera Blast Ice\n|-resisted|p1a: Toxapex\n|-damage|p1a: Toxapex|75\/100\n|move|p1a: Toxapex|Recover|p1a: Toxapex\n|-heal|p1a: Toxapex|100\/100\n|\n|upkeep\n|turn|172\n|\n|t:|1700354487\n|move|p2a: Thundurus|Volt Switch|p1a: Toxapex\n|-supereffective|p1a: Toxapex\n|-damage|p1a: Toxapex|29\/100\n|\n|t:|1700354491\n|switch|p2a: Heatran|Heatran, M|53\/100|[from] Volt Switch\n|move|p1a: Toxapex|Toxic|p2a: Heatran\n|-immune|p2a: Heatran\n|\n|-heal|p2a: Heatran|60\/100|[from] item: Leftovers\n|upkeep\n|turn|173\n|\n|t:|1700354502\n|move|p2a: Heatran|Earth Power|p1a: Toxapex\n|-supereffective|p1a: Toxapex\n|-damage|p1a: Toxapex|0 fnt\n|faint|p1a: Toxapex\n|\n|-heal|p2a: Heatran|66\/100|[from] item: Leftovers\n|upkeep\n|\n|t:|1700354506\n|switch|p1a: Alomomola|Alomomola, F|80\/100\n|-damage|p1a: Alomomola|68\/100|[from] Stealth Rock\n|turn|174\n|\n|t:|1700354517\n|switch|p2a: Skeledirge|Skeledirge, M|77\/100\n|move|p1a: Alomomola|Whirlpool|p2a: Skeledirge\n|-supereffective|p2a: Skeledirge\n|-damage|p2a: Skeledirge|66\/100\n|-activate|p2a: Skeledirge|move: Whirlpool|[of] p1a: Alomomola\n|\n|-damage|p2a: Skeledirge|53\/100|[from] move: Whirlpool|[partiallytrapped]\n|upkeep\n|turn|175\n|\n|t:|1700354540\n|move|p1a: Alomomola|Protect|p1a: Alomomola\n|-singleturn|p1a: Alomomola|Protect\n|move|p2a: Skeledirge|Will-O-Wisp|p1a: Alomomola\n|-activate|p1a: Alomomola|move: Protect\n|\n|-damage|p2a: Skeledirge|41\/100|[from] move: Whirlpool|[partiallytrapped]\n|upkeep\n|turn|176\n|\n|t:|1700354552\n|move|p2a: Skeledirge|Slack Off|p2a: Skeledirge\n|-heal|p2a: Skeledirge|91\/100\n|move|p1a: Alomomola|Chilling Water|p2a: Skeledirge\n|-supereffective|p2a: Skeledirge\n|-damage|p2a: Skeledirge|76\/100\n|-unboost|p2a: Skeledirge|atk|1\n|\n|-damage|p2a: Skeledirge|64\/100|[from] move: Whirlpool|[partiallytrapped]\n|upkeep\n|turn|177\n|\n|t:|1700354559\n|move|p1a: Alomomola|Protect|p1a: Alomomola\n|-singleturn|p1a: Alomomola|Protect\n|move|p2a: Skeledirge|Will-O-Wisp|p1a: Alomomola\n|-activate|p1a: Alomomola|move: Protect\n|\n|-damage|p2a: Skeledirge|51\/100|[from] move: Whirlpool|[partiallytrapped]\n|upkeep\n|turn|178\n|\n|t:|1700354565\n|move|p2a: Skeledirge|Slack Off|p2a: Skeledirge\n|-heal|p2a: Skeledirge|100\/100\n|move|p1a: Alomomola|Chilling Water|p2a: Skeledirge\n|-supereffective|p2a: Skeledirge\n|-damage|p2a: Skeledirge|85\/100\n|-unboost|p2a: Skeledirge|atk|1\n|\n|-damage|p2a: Skeledirge|73\/100|[from] move: Whirlpool|[partiallytrapped]\n|upkeep\n|turn|179\n|inactive|Apoteosis has 120 seconds left.\n|\n|t:|1700354577\n|switch|p1a: Ting-Lu|Ting-Lu|100\/100 slp\n|-damage|p1a: Ting-Lu|94\/100 slp|[from] Stealth Rock\n|-ability|p1a: Ting-Lu|Vessel of Ruin\n|move|p2a: Skeledirge|Torch Song|p1a: Ting-Lu\n|-damage|p1a: Ting-Lu|82\/100 slp\n|-boost|p2a: Skeledirge|spa|1\n|\n|-end|p2a: Skeledirge|Whirlpool|[partiallytrapped]\n|upkeep\n|turn|180\n|\n|t:|1700354583\n|move|p2a: Skeledirge|Torch Song|p1a: Ting-Lu\n|-damage|p1a: Ting-Lu|65\/100 slp\n|-boost|p2a: Skeledirge|spa|1\n|cant|p1a: Ting-Lu|slp\n|\n|upkeep\n|turn|181\n|inactive|Apoteosis has 120 seconds left.\n|l|\u2606Apoteosis\n|inactive|Apoteosis disconnected and has a minute to reconnect!\n|player|p1|\n|j|\u2606Apoteosis\n|inactive|Apoteosis reconnected and has 105 seconds left.\n|player|p1|Apoteosis|102\n|\n|t:|1700354613\n|move|p2a: Skeledirge|Torch Song|p1a: Ting-Lu\n|-damage|p1a: Ting-Lu|40\/100 slp\n|-boost|p2a: Skeledirge|spa|1\n|cant|p1a: Ting-Lu|slp\n|\n|upkeep\n|turn|182\n|\n|t:|1700354624\n|move|p2a: Skeledirge|Torch Song|p1a: Ting-Lu\n|-damage|p1a: Ting-Lu|10\/100 slp\n|-boost|p2a: Skeledirge|spa|1\n|-curestatus|p1a: Ting-Lu|slp|[msg]\n|move|p1a: Ting-Lu|Earthquake|p2a: Skeledirge\n|-supereffective|p2a: Skeledirge\n|-damage|p2a: Skeledirge|25\/100\n|\n|upkeep\n|turn|183\n|inactive|Apoteosis has 90 seconds left.\n|l|\u2606Apoteosis\n|inactive|Apoteosis disconnected and has a minute to reconnect!\n|player|p1|\n|inactive|Apoteosis has 30 seconds to reconnect!\n|inactive|Apoteosis has 20 seconds to reconnect!\n|inactive|Apoteosis has 15 seconds to reconnect!\n|inactive|Apoteosis has 10 seconds to reconnect!\n|inactive|Apoteosis has 5 seconds to reconnect!\n|-message|Apoteosis lost due to inactivity.\n|\n|win|nba baltoy\n|inactive|Apoteosis has 10 seconds left this turn.\n|raw|Apoteosis's rating: 1625 &rarr; <strong>1605<\/strong><br \/>(-20 for losing)\n|raw|nba baltoy's rating: 1630 &rarr; <strong>1650<\/strong><br \/>(+20 for winning)\n|c|\u2606nba baltoy|goobed\n","uploadtime":1700354730,"views":41,"p1id":"apoteosis","p2id":"nbabaltoy","formatid":"gen9ou","rating":1605,"private":0,"password":""}