{"id":"gen9ou-1997899627","p1":"seakingmissile","p2":"AlexXploud","format":"[Gen 9] OU","log":"|j|\u2606seakingmissile\n|j|\u2606AlexXploud\n|t:|1700865210\n|gametype|singles\n|player|p1|seakingmissile|larry|1520\n|player|p2|AlexXploud|266|1486\n|teamsize|p1|6\n|teamsize|p2|6\n|gen|9\n|tier|[Gen 9] OU\n|rated|\n|rule|Sleep Clause Mod: Limit one foe put to sleep\n|rule|Species Clause: Limit one of each Pok\u00e9mon\n|rule|OHKO Clause: OHKO moves are banned\n|rule|Evasion Items Clause: Evasion items are banned\n|rule|Evasion Moves Clause: Evasion moves are banned\n|rule|Endless Battle Clause: Forcing endless battles is banned\n|rule|HP Percentage Mod: HP is shown in percentages\n|clearpoke\n|poke|p1|Landorus-Therian, M|\n|poke|p1|Meloetta|\n|poke|p1|Zapdos|\n|poke|p1|Cinderace, M|\n|poke|p1|Slowking-Galar, M|\n|poke|p1|Iron Valiant|\n|poke|p2|Clefable, M|\n|poke|p2|Kingambit, M|\n|poke|p2|Kommo-o, F|\n|poke|p2|Slowking-Galar, M|\n|poke|p2|Ogerpon-Wellspring, F|\n|poke|p2|Cinderace, M|\n|teampreview\n|c|\u2606seakingmissile|glhf\n|\n|t:|1700865218\n|start\n|switch|p1a: Him.|Landorus-Therian, M|100\/100\n|switch|p2a: Ogerpon|Ogerpon-Wellspring, F|100\/100\n|-ability|p1a: Him.|Intimidate|boost\n|-unboost|p2a: Ogerpon|atk|1\n|turn|1\n|inactive|Battle timer is ON: inactive players will automatically lose when time's up. (requested by AlexXploud)\n|\n|t:|1700865232\n|move|p1a: Him.|U-turn|p2a: Ogerpon\n|-supereffective|p2a: Ogerpon\n|-damage|p2a: Ogerpon|29\/100\n|\n|t:|1700865235\n|switch|p1a: Slot Machine|Zapdos|100\/100|[from] U-turn\n|move|p2a: Ogerpon|Ivy Cudgel|p1a: Slot Machine|[anim] Ivy Cudgel Water\n|-damage|p1a: Slot Machine|59\/100\n|\n|upkeep\n|turn|2\n|\n|t:|1700865245\n|switch|p2a: Slowking|Slowking-Galar, M|100\/100\n|move|p1a: Slot Machine|Discharge|p2a: Slowking\n|-damage|p2a: Slowking|82\/100\n|-status|p2a: Slowking|par\n|\n|upkeep\n|turn|3\n|\n|t:|1700865248\n|move|p1a: Slot Machine|Roost|p1a: Slot Machine\n|-heal|p1a: Slot Machine|100\/100\n|-singleturn|p1a: Slot Machine|move: Roost\n|move|p2a: Slowking|Future Sight|p1a: Slot Machine\n|-start|p2a: Slowking|move: Future Sight\n|\n|upkeep\n|turn|4\n|\n|t:|1700865252\n|move|p1a: Slot Machine|Hurricane|p2a: Slowking|[miss]\n|-miss|p1a: Slot Machine|p2a: Slowking\n|move|p2a: Slowking|Sludge Bomb|p1a: Slot Machine\n|-damage|p1a: Slot Machine|63\/100\n|\n|upkeep\n|turn|5\n|\n|t:|1700865257\n|move|p1a: Slot Machine|U-turn|p2a: Slowking\n|-damage|p2a: Slowking|70\/100 par\n|\n|t:|1700865258\n|switch|p1a: Slop Slinger|Slowking-Galar, M|100\/100|[from] U-turn\n|move|p2a: Slowking|Sludge Bomb|p1a: Slop Slinger\n|-resisted|p1a: Slop Slinger\n|-damage|p1a: Slop Slinger|89\/100\n|\n|-end|p1a: Slop Slinger|move: Future Sight\n|-damage|p1a: Slop Slinger|60\/100\n|upkeep\n|turn|6\n|\n|t:|1700865261\n|move|p1a: Slop Slinger|Chilly Reception|p1a: Slop Slinger\n|-weather|Snow\n|\n|t:|1700865263\n|switch|p1a: Him.|Landorus-Therian, M|100\/100|[from] Chilly Reception\n|-ability|p1a: Him.|Intimidate|boost\n|-unboost|p2a: Slowking|atk|1\n|move|p2a: Slowking|Future Sight|p1a: Him.\n|-start|p2a: Slowking|move: Future Sight\n|\n|-weather|Snow|[upkeep]\n|upkeep\n|turn|7\n|\n|t:|1700865268\n|switch|p2a: Kommo-o|Kommo-o, F|100\/100\n|move|p1a: Him.|Earthquake|p2a: Kommo-o\n|-damage|p2a: Kommo-o|46\/100\n|\n|-weather|Snow|[upkeep]\n|upkeep\n|turn|8\n|\n|t:|1700865277\n|move|p1a: Him.|Earthquake|p2a: Kommo-o\n|-damage|p2a: Kommo-o|0 fnt\n|faint|p2a: Kommo-o\n|\n|-weather|Snow|[upkeep]\n|-end|p1a: Him.|move: Future Sight\n|-damage|p1a: Him.|25\/100\n|upkeep\n|\n|t:|1700865284\n|switch|p2a: Ogerpon|Ogerpon-Wellspring, F|29\/100\n|turn|9\n|\n|t:|1700865287\n|move|p1a: Him.|Earthquake|p2a: Ogerpon\n|-resisted|p2a: Ogerpon\n|-damage|p2a: Ogerpon|0 fnt\n|faint|p2a: Ogerpon\n|\n|-weather|Snow|[upkeep]\n|upkeep\n|-message|AlexXploud forfeited.\n|\n|win|seakingmissile\n|raw|seakingmissile's rating: 1520 &rarr; <strong>1538<\/strong><br \/>(+18 for winning)\n|raw|AlexXploud's rating: 1486 &rarr; <strong>1468<\/strong><br \/>(-18 for losing)\n|l|\u2606AlexXploud\n","uploadtime":1700865295,"views":2,"p1id":"seakingmissile","p2id":"alexxploud","formatid":"gen9ou","rating":1468,"private":0,"password":""}