{"id":"gen9ou-1998027245","p1":"ouvt botolwotol","p2":"blumeta1991","format":"[Gen 9] OU","log":"|j|\u2606ouvt botolwotol\n|j|\u2606blumeta1991\n|t:|1700880742\n|gametype|singles\n|player|p1|ouvt botolwotol|pokemonrangerf-gen4|1568\n|player|p2|blumeta1991|266|1607\n|teamsize|p1|6\n|teamsize|p2|6\n|gen|9\n|tier|[Gen 9] OU\n|rated|\n|rule|Sleep Clause Mod: Limit one foe put to sleep\n|rule|Species Clause: Limit one of each Pok\u00e9mon\n|rule|OHKO Clause: OHKO moves are banned\n|rule|Evasion Items Clause: Evasion items are banned\n|rule|Evasion Moves Clause: Evasion moves are banned\n|rule|Endless Battle Clause: Forcing endless battles is banned\n|rule|HP Percentage Mod: HP is shown in percentages\n|clearpoke\n|poke|p1|Rillaboom, M|\n|poke|p1|Tornadus-Therian, M|\n|poke|p1|Ogerpon-Cornerstone, F|\n|poke|p1|Glimmora, F|\n|poke|p1|Greninja-*, M|\n|poke|p1|Iron Valiant|\n|poke|p2|Manaphy|\n|poke|p2|Zapdos|\n|poke|p2|Dragapult, M|\n|poke|p2|Slowking-Galar, F|\n|poke|p2|Great Tusk|\n|poke|p2|Ogerpon-Cornerstone, F|\n|teampreview\n|j| memine11\n|inactive|Battle timer is ON: inactive players will automatically lose when time's up. (requested by ouvt botolwotol)\n|\n|t:|1700880766\n|start\n|switch|p1a: Glimmora|Glimmora, F|100\/100\n|switch|p2a: Manaphy|Manaphy|100\/100\n|turn|1\n|\n|t:|1700880770\n|move|p2a: Manaphy|Substitute|p2a: Manaphy\n|-start|p2a: Manaphy|Substitute\n|-damage|p2a: Manaphy|75\/100\n|move|p1a: Glimmora|Energy Ball|p2a: Manaphy\n|-supereffective|p2a: Manaphy\n|-end|p2a: Manaphy|Substitute\n|\n|-heal|p2a: Manaphy|82\/100|[from] item: Leftovers\n|upkeep\n|turn|2\n|\n|t:|1700880775\n|switch|p2a: Slowking|Slowking-Galar, F|100\/100\n|move|p1a: Glimmora|Mortal Spin|p2a: Slowking\n|-resisted|p2a: Slowking\n|-damage|p2a: Slowking|98\/100\n|\n|-heal|p2a: Slowking|100\/100|[from] item: Black Sludge\n|upkeep\n|turn|3\n|\n|t:|1700880785\n|switch|p2a: Manaphy|Manaphy|82\/100\n|move|p1a: Glimmora|Stealth Rock|p2a: Manaphy\n|-sidestart|p2: blumeta1991|move: Stealth Rock\n|\n|-heal|p2a: Manaphy|88\/100|[from] item: Leftovers\n|upkeep\n|turn|4\n|\n|t:|1700880795\n|move|p2a: Manaphy|Substitute|p2a: Manaphy\n|-start|p2a: Manaphy|Substitute\n|-damage|p2a: Manaphy|63\/100\n|move|p1a: Glimmora|Energy Ball|p2a: Manaphy\n|-supereffective|p2a: Manaphy\n|-end|p2a: Manaphy|Substitute\n|\n|-heal|p2a: Manaphy|69\/100|[from] item: Leftovers\n|upkeep\n|turn|5\n|\n|t:|1700880799\n|-terastallize|p2a: Manaphy|Poison\n|move|p2a: Manaphy|Tail Glow|p2a: Manaphy\n|-boost|p2a: Manaphy|spa|3\n|move|p1a: Glimmora|Energy Ball|p2a: Manaphy\n|-resisted|p2a: Manaphy\n|-damage|p2a: Manaphy|56\/100\n|\n|-heal|p2a: Manaphy|62\/100|[from] item: Leftovers\n|upkeep\n|turn|6\n|\n|t:|1700880804\n|move|p2a: Manaphy|Substitute|p2a: Manaphy\n|-start|p2a: Manaphy|Substitute\n|-damage|p2a: Manaphy|37\/100\n|move|p1a: Glimmora|Earth Power|p2a: Manaphy\n|-supereffective|p2a: Manaphy\n|-end|p2a: Manaphy|Substitute\n|\n|-heal|p2a: Manaphy|43\/100|[from] item: Leftovers\n|upkeep\n|turn|7\n|\n|t:|1700880806\n|move|p2a: Manaphy|Surf|p1a: Glimmora\n|-supereffective|p1a: Glimmora\n|-enditem|p1a: Glimmora|Focus Sash\n|-damage|p1a: Glimmora|1\/100\n|move|p1a: Glimmora|Earth Power|p2a: Manaphy\n|-supereffective|p2a: Manaphy\n|-damage|p2a: Manaphy|0 fnt\n|faint|p2a: Manaphy\n|\n|upkeep\n|-message|blumeta1991 forfeited.\n|\n|win|ouvt botolwotol\n|raw|ouvt botolwotol's rating: 1568 &rarr; <strong>1590<\/strong><br \/>(+22 for winning)\n|raw|blumeta1991's rating: 1607 &rarr; <strong>1585<\/strong><br \/>(-22 for losing)\n|l|\u2606blumeta1991\n","uploadtime":1700880816,"views":1,"p1id":"ouvtbotolwotol","p2id":"blumeta1991","formatid":"gen9ou","rating":1585,"private":0,"password":""}