{"id":"gen9ou-1991993882","p1":"Smelly Von Beli","p2":"Valdi103","format":"[Gen 9] OU","log":"|j|\u2606Smelly Von Beli\n|j|\u2606Valdi103\n|t:|1700145982\n|gametype|singles\n|player|p1|Smelly Von Beli|brycenman|1196\n|player|p2|Valdi103|mira|1127\n|teamsize|p1|6\n|teamsize|p2|6\n|gen|9\n|tier|[Gen 9] OU\n|rated|\n|rule|Sleep Clause Mod: Limit one foe put to sleep\n|rule|Species Clause: Limit one of each Pok\u00e9mon\n|rule|OHKO Clause: OHKO moves are banned\n|rule|Evasion Items Clause: Evasion items are banned\n|rule|Evasion Moves Clause: Evasion moves are banned\n|rule|Endless Battle Clause: Forcing endless battles is banned\n|rule|HP Percentage Mod: HP is shown in percentages\n|clearpoke\n|poke|p1|Kingambit, F|\n|poke|p1|Garganacl, F|\n|poke|p1|Gholdengo|\n|poke|p1|Ribombee, M|\n|poke|p1|Blissey, F|\n|poke|p1|Iron Valiant|\n|poke|p2|Meowscarada, F|\n|poke|p2|Sableye, F|\n|poke|p2|Enamorus, F|\n|poke|p2|Altaria, F|\n|poke|p2|Clodsire, F|\n|poke|p2|Frosmoth, F|\n|teampreview\n|inactive|Battle timer is ON: inactive players will automatically lose when time's up. (requested by Smelly Von Beli)\n|\n|t:|1700145988\n|start\n|switch|p1a: Ribombee|Ribombee, M|100\/100\n|switch|p2a: Sableye|Sableye, F|100\/100\n|turn|1\n|\n|t:|1700145994\n|move|p2a: Sableye|Taunt|p1a: Ribombee\n|-start|p1a: Ribombee|move: Taunt\n|move|p1a: Ribombee|Moonblast|p2a: Sableye\n|-supereffective|p2a: Sableye\n|-damage|p2a: Sableye|0 fnt\n|faint|p2a: Sableye\n|\n|upkeep\n|\n|t:|1700146020\n|switch|p2a: Altaria|Altaria, F|100\/100\n|-ability|p2a: Altaria|Cloud Nine\n|turn|2\n|\n|t:|1700146025\n|-terastallize|p2a: Altaria|Flying\n|move|p1a: Ribombee|Moonblast|p2a: Altaria\n|-damage|p2a: Altaria|62\/100\n|move|p2a: Altaria|Dragon Dance|p2a: Altaria\n|-boost|p2a: Altaria|atk|1\n|-boost|p2a: Altaria|spe|1\n|\n|upkeep\n|turn|3\n|\n|t:|1700146035\n|switch|p1a: Gholdengo|Gholdengo|100\/100\n|move|p2a: Altaria|Dragon Dance|p2a: Altaria\n|-boost|p2a: Altaria|atk|1\n|-boost|p2a: Altaria|spe|1\n|\n|upkeep\n|turn|4\n|\n|t:|1700146041\n|move|p2a: Altaria|Earthquake|p1a: Gholdengo\n|-supereffective|p1a: Gholdengo\n|-damage|p1a: Gholdengo|0 fnt\n|faint|p1a: Gholdengo\n|\n|upkeep\n|\n|t:|1700146047\n|switch|p1a: Iron Valiant|Iron Valiant|100\/100\n|-enditem|p1a: Iron Valiant|Booster Energy\n|-activate|p1a: Iron Valiant|ability: Quark Drive|[fromitem]\n|-start|p1a: Iron Valiant|quarkdrivespe\n|turn|5\n|\n|t:|1700146058\n|move|p1a: Iron Valiant|Moonblast|p2a: Altaria\n|-damage|p2a: Altaria|22\/100\n|-unboost|p2a: Altaria|spa|1\n|-enditem|p2a: Altaria|Salac Berry|[eat]\n|-boost|p2a: Altaria|spe|1|[from] item: Salac Berry\n|move|p2a: Altaria|Acrobatics|p1a: Iron Valiant\n|-supereffective|p1a: Iron Valiant\n|-damage|p1a: Iron Valiant|0 fnt\n|faint|p1a: Iron Valiant\n|-end|p1a: Iron Valiant|Quark Drive|[silent]\n|\n|upkeep\n|\n|t:|1700146073\n|switch|p1a: Kingambit|Kingambit, F|100\/100\n|-activate|p1a: Kingambit|ability: Supreme Overlord\n|-start|p1a: Kingambit|fallen2|[silent]\n|turn|6\n|\n|t:|1700146077\n|move|p1a: Kingambit|Sucker Punch||[still]\n|-fail|p1a: Kingambit\n|move|p2a: Altaria|Dragon Dance|p2a: Altaria\n|-boost|p2a: Altaria|atk|1\n|-boost|p2a: Altaria|spe|1\n|\n|upkeep\n|turn|7\n|\n|t:|1700146083\n|move|p1a: Kingambit|Sucker Punch||[still]\n|-fail|p1a: Kingambit\n|move|p2a: Altaria|Dragon Dance|p2a: Altaria\n|-boost|p2a: Altaria|atk|1\n|-boost|p2a: Altaria|spe|1\n|\n|upkeep\n|turn|8\n|\n|t:|1700146089\n|move|p1a: Kingambit|Sucker Punch|p2a: Altaria\n|-damage|p2a: Altaria|0 fnt\n|faint|p2a: Altaria\n|\n|upkeep\n|c|\u2606Valdi103|ah\n|c|\u2606Valdi103|worth a try\n|\n|t:|1700146098\n|switch|p2a: Clodsire|Clodsire, F|100\/100\n|turn|9\n|\n|t:|1700146104\n|-end|p1a: Kingambit|fallen2|[silent]\n|switch|p1a: Ribombee|Ribombee, M|100\/100\n|move|p2a: Clodsire|Earthquake|p1a: Ribombee\n|-resisted|p1a: Ribombee\n|-damage|p1a: Ribombee|75\/100\n|\n|upkeep\n|turn|10\n|\n|t:|1700146111\n|move|p1a: Ribombee|Trick|p2a: Clodsire\n|-activate|p1a: Ribombee|move: Trick|[of] p2a: Clodsire\n|-item|p2a: Clodsire|Choice Scarf|[from] move: Trick\n|-item|p1a: Ribombee|Leftovers|[from] move: Trick\n|move|p2a: Clodsire|Stealth Rock|p1a: Ribombee\n|-sidestart|p1: Smelly Von Beli|move: Stealth Rock\n|\n|-heal|p1a: Ribombee|81\/100|[from] item: Leftovers\n|upkeep\n|turn|11\n|\n|t:|1700146119\n|switch|p2a: Frosmoth|Frosmoth, F|100\/100\n|move|p1a: Ribombee|Stun Spore|p2a: Frosmoth|[miss]\n|-miss|p1a: Ribombee|p2a: Frosmoth\n|\n|-heal|p1a: Ribombee|88\/100|[from] item: Leftovers\n|upkeep\n|turn|12\n|c|\u2606Valdi103|oo\n|\n|t:|1700146131\n|move|p1a: Ribombee|Stun Spore|p2a: Frosmoth\n|-status|p2a: Frosmoth|par\n|cant|p2a: Frosmoth|par\n|\n|-heal|p1a: Ribombee|94\/100|[from] item: Leftovers\n|upkeep\n|turn|13\n|\n|t:|1700146140\n|switch|p1a: Garganacl|Garganacl, F|100\/100\n|-damage|p1a: Garganacl|88\/100|[from] Stealth Rock\n|cant|p2a: Frosmoth|par\n|\n|-heal|p1a: Garganacl|94\/100|[from] item: Leftovers\n|upkeep\n|turn|14\n|\n|t:|1700146152\n|move|p2a: Frosmoth|Quiver Dance|p2a: Frosmoth\n|-boost|p2a: Frosmoth|spa|1\n|-boost|p2a: Frosmoth|spd|1\n|-boost|p2a: Frosmoth|spe|1\n|move|p1a: Garganacl|Curse|p1a: Garganacl\n|-unboost|p1a: Garganacl|spe|1\n|-boost|p1a: Garganacl|atk|1\n|-boost|p1a: Garganacl|def|1\n|\n|-heal|p1a: Garganacl|100\/100|[from] item: Leftovers\n|upkeep\n|turn|15\n|\n|t:|1700146162\n|cant|p2a: Frosmoth|par\n|move|p1a: Garganacl|Salt Cure|p2a: Frosmoth\n|-supereffective|p2a: Frosmoth\n|-enditem|p2a: Frosmoth|Focus Sash\n|-damage|p2a: Frosmoth|1\/100 par\n|\n|upkeep\n|turn|16\n|\n|t:|1700146170\n|move|p2a: Frosmoth|Giga Drain|p1a: Garganacl\n|-supereffective|p1a: Garganacl\n|-damage|p1a: Garganacl|49\/100\n|-heal|p2a: Frosmoth|38\/100 par|[from] drain|[of] p1a: Garganacl\n|move|p1a: Garganacl|Salt Cure|p2a: Frosmoth\n|-supereffective|p2a: Frosmoth\n|-damage|p2a: Frosmoth|0 fnt\n|faint|p2a: Frosmoth\n|\n|-heal|p1a: Garganacl|55\/100|[from] item: Leftovers\n|upkeep\n|\n|t:|1700146173\n|switch|p2a: Clodsire|Clodsire, F|100\/100\n|turn|17\n|\n|t:|1700146183\n|move|p1a: Garganacl|Protect|p1a: Garganacl\n|-singleturn|p1a: Garganacl|Protect\n|move|p2a: Clodsire|Earthquake|p1a: Garganacl\n|-activate|p1a: Garganacl|move: Protect\n|\n|-heal|p1a: Garganacl|61\/100|[from] item: Leftovers\n|upkeep\n|turn|18\n|\n|t:|1700146192\n|-terastallize|p1a: Garganacl|Ghost\n|move|p2a: Clodsire|Earthquake|p1a: Garganacl\n|-damage|p1a: Garganacl|42\/100\n|move|p1a: Garganacl|Recover|p1a: Garganacl\n|-heal|p1a: Garganacl|92\/100\n|\n|-heal|p1a: Garganacl|98\/100|[from] item: Leftovers\n|upkeep\n|turn|19\n|\n|t:|1700146201\n|switch|p2a: Meowscarada|Meowscarada, F|100\/100\n|move|p1a: Garganacl|Salt Cure|p2a: Meowscarada\n|-damage|p2a: Meowscarada|68\/100\n|-start|p2a: Meowscarada|Salt Cure\n|\n|-heal|p1a: Garganacl|100\/100|[from] item: Leftovers\n|-damage|p2a: Meowscarada|56\/100|[from] Salt Cure\n|upkeep\n|turn|20\n|\n|t:|1700146210\n|move|p1a: Garganacl|Protect|p1a: Garganacl\n|-singleturn|p1a: Garganacl|Protect\n|move|p2a: Meowscarada|Knock Off|p1a: Garganacl\n|-start|p2a: Meowscarada|typechange|Dark|[from] ability: Protean\n|-activate|p1a: Garganacl|move: Protect\n|\n|-damage|p2a: Meowscarada|44\/100|[from] Salt Cure\n|upkeep\n|turn|21\n|\n|t:|1700146221\n|move|p2a: Meowscarada|Knock Off|p1a: Garganacl\n|-supereffective|p1a: Garganacl\n|-damage|p1a: Garganacl|51\/100\n|-enditem|p1a: Garganacl|Leftovers|[from] move: Knock Off|[of] p2a: Meowscarada\n|move|p1a: Garganacl|Salt Cure|p2a: Meowscarada\n|-damage|p2a: Meowscarada|12\/100\n|\n|-damage|p2a: Meowscarada|0 fnt|[from] Salt Cure\n|faint|p2a: Meowscarada\n|upkeep\n|\n|t:|1700146225\n|switch|p2a: Enamorus|Enamorus, F|100\/100\n|turn|22\n|\n|t:|1700146240\n|move|p2a: Enamorus|Substitute|p2a: Enamorus\n|-start|p2a: Enamorus|Substitute\n|-damage|p2a: Enamorus|76\/100\n|move|p1a: Garganacl|Salt Cure|p2a: Enamorus\n|-supereffective|p2a: Enamorus\n|-end|p2a: Enamorus|Substitute\n|\n|-heal|p2a: Enamorus|82\/100|[from] item: Leftovers\n|upkeep\n|turn|23\n|\n|t:|1700146250\n|move|p2a: Enamorus|Calm Mind|p2a: Enamorus\n|-boost|p2a: Enamorus|spa|1\n|-boost|p2a: Enamorus|spd|1\n|move|p1a: Garganacl|Curse|p2a: Enamorus\n|-start|p2a: Enamorus|Curse|[of] p1a: Garganacl\n|-damage|p1a: Garganacl|1\/100\n|\n|-heal|p2a: Enamorus|88\/100|[from] item: Leftovers\n|-damage|p2a: Enamorus|63\/100|[from] Curse\n|upkeep\n|turn|24\n|c|\u2606Valdi103|fuk u man\n|\n|t:|1700146260\n|switch|p2a: Clodsire|Clodsire, F|100\/100\n|move|p1a: Garganacl|Protect||[still]\n|-fail|p1a: Garganacl\n|\n|upkeep\n|turn|25\n|\n|t:|1700146265\n|move|p2a: Clodsire|Earthquake|p1a: Garganacl\n|-damage|p1a: Garganacl|0 fnt\n|faint|p1a: Garganacl\n|\n|upkeep\n|\n|t:|1700146275\n|switch|p1a: Ribombee|Ribombee, M|94\/100\n|-damage|p1a: Ribombee|69\/100|[from] Stealth Rock\n|turn|26\n|\n|t:|1700146281\n|move|p1a: Ribombee|Stun Spore|p2a: Clodsire\n|-status|p2a: Clodsire|par\n|cant|p2a: Clodsire|par\n|\n|-heal|p1a: Ribombee|75\/100|[from] item: Leftovers\n|upkeep\n|turn|27\n|\n|t:|1700146290\n|move|p1a: Ribombee|Moonblast|p2a: Clodsire\n|-resisted|p2a: Clodsire\n|-damage|p2a: Clodsire|91\/100 par\n|-unboost|p2a: Clodsire|spa|1\n|move|p2a: Clodsire|Earthquake|p1a: Ribombee\n|-resisted|p1a: Ribombee\n|-damage|p1a: Ribombee|47\/100\n|\n|-heal|p1a: Ribombee|54\/100|[from] item: Leftovers\n|upkeep\n|turn|28\n|\n|t:|1700146301\n|move|p1a: Ribombee|Sticky Web|p2a: Clodsire\n|-sidestart|p2: Valdi103|move: Sticky Web\n|move|p2a: Clodsire|Earthquake|p1a: Ribombee\n|-resisted|p1a: Ribombee\n|-damage|p1a: Ribombee|27\/100\n|\n|-heal|p1a: Ribombee|33\/100|[from] item: Leftovers\n|upkeep\n|turn|29\n|\n|t:|1700146313\n|switch|p1a: Blissey|Blissey, F|100\/100\n|-damage|p1a: Blissey|88\/100|[from] Stealth Rock\n|move|p2a: Clodsire|Earthquake|p1a: Blissey\n|-damage|p1a: Blissey|30\/100\n|\n|-heal|p1a: Blissey|37\/100|[from] item: Leftovers\n|upkeep\n|turn|30\n|\n|t:|1700146323\n|move|p1a: Blissey|Stealth Rock|p2a: Clodsire\n|-sidestart|p2: Valdi103|move: Stealth Rock\n|cant|p2a: Clodsire|par\n|\n|-heal|p1a: Blissey|43\/100|[from] item: Leftovers\n|upkeep\n|turn|31\n|\n|t:|1700146330\n|switch|p1a: Ribombee|Ribombee, M|33\/100\n|-damage|p1a: Ribombee|8\/100|[from] Stealth Rock\n|cant|p2a: Clodsire|par\n|\n|-heal|p1a: Ribombee|14\/100|[from] item: Leftovers\n|upkeep\n|turn|32\n|\n|t:|1700146339\n|move|p1a: Ribombee|Moonblast|p2a: Clodsire\n|-resisted|p2a: Clodsire\n|-damage|p2a: Clodsire|80\/100 par\n|move|p2a: Clodsire|Earthquake|p1a: Ribombee\n|-resisted|p1a: Ribombee\n|-damage|p1a: Ribombee|0 fnt\n|faint|p1a: Ribombee\n|\n|upkeep\n|\n|t:|1700146349\n|switch|p1a: Kingambit|Kingambit, F|100\/100\n|-damage|p1a: Kingambit|94\/100|[from] Stealth Rock\n|-activate|p1a: Kingambit|ability: Supreme Overlord\n|-start|p1a: Kingambit|fallen4|[silent]\n|turn|33\n|\n|t:|1700146358\n|move|p1a: Kingambit|Kowtow Cleave|p2a: Clodsire\n|-damage|p2a: Clodsire|1\/100 par\n|move|p2a: Clodsire|Earthquake|p1a: Kingambit\n|-supereffective|p1a: Kingambit\n|-damage|p1a: Kingambit|51\/100\n|\n|-heal|p1a: Kingambit|57\/100|[from] item: Leftovers\n|upkeep\n|turn|34\n|\n|t:|1700146366\n|move|p1a: Kingambit|Kowtow Cleave|p2a: Clodsire\n|-damage|p2a: Clodsire|0 fnt\n|faint|p2a: Clodsire\n|\n|-heal|p1a: Kingambit|64\/100|[from] item: Leftovers\n|upkeep\n|\n|t:|1700146369\n|switch|p2a: Enamorus|Enamorus, F|63\/100\n|-damage|p2a: Enamorus|38\/100|[from] Stealth Rock\n|turn|35\n|\n|t:|1700146376\n|move|p2a: Enamorus|Earth Power|p1a: Kingambit\n|-supereffective|p1a: Kingambit\n|-damage|p1a: Kingambit|0 fnt\n|faint|p1a: Kingambit\n|-end|p1a: Kingambit|fallen4|[silent]\n|\n|-heal|p2a: Enamorus|44\/100|[from] item: Leftovers\n|upkeep\n|\n|t:|1700146383\n|switch|p1a: Blissey|Blissey, F|43\/100\n|-damage|p1a: Blissey|30\/100|[from] Stealth Rock\n|turn|36\n|\n|t:|1700146389\n|move|p2a: Enamorus|Substitute|p2a: Enamorus\n|-start|p2a: Enamorus|Substitute\n|-damage|p2a: Enamorus|20\/100\n|move|p1a: Blissey|Soft-Boiled|p1a: Blissey\n|-heal|p1a: Blissey|80\/100\n|\n|-heal|p2a: Enamorus|26\/100|[from] item: Leftovers\n|-heal|p1a: Blissey|86\/100|[from] item: Leftovers\n|upkeep\n|turn|37\n|\n|t:|1700146398\n|move|p2a: Enamorus|Calm Mind|p2a: Enamorus\n|-boost|p2a: Enamorus|spa|1\n|-boost|p2a: Enamorus|spd|1\n|move|p1a: Blissey|Seismic Toss|p2a: Enamorus\n|-end|p2a: Enamorus|Substitute\n|\n|-heal|p2a: Enamorus|32\/100|[from] item: Leftovers\n|-heal|p1a: Blissey|93\/100|[from] item: Leftovers\n|upkeep\n|turn|38\n|\n|t:|1700146408\n|move|p2a: Enamorus|Moonblast|p1a: Blissey\n|-damage|p1a: Blissey|70\/100\n|move|p1a: Blissey|Seismic Toss|p2a: Enamorus\n|-damage|p2a: Enamorus|0 fnt\n|faint|p2a: Enamorus\n|\n|win|Smelly Von Beli\n|raw|Smelly Von Beli's rating: 1196 &rarr; <strong>1216<\/strong><br \/>(+20 for winning)\n|raw|Valdi103's rating: 1127 &rarr; <strong>1107<\/strong><br \/>(-20 for losing)\n","uploadtime":1700146258,"views":6,"p1id":"smellyvonbeli","p2id":"valdi103","formatid":"gen9ou","rating":1107,"private":0,"password":""}