{"id":"gen9ou-1988550391","p1":"Yasmina93","p2":"Alice-chan89","format":"[Gen 9] OU","log":"|j|\u2606Yasmina93\n|j|\u2606Alice-chan89\n|t:|1699735066\n|gametype|singles\n|player|p1|Yasmina93|swimmerf|1379\n|player|p2|Alice-chan89|elesa|1308\n|teamsize|p1|6\n|teamsize|p2|6\n|gen|9\n|tier|[Gen 9] OU\n|rated|\n|rule|Sleep Clause Mod: Limit one foe put to sleep\n|rule|Species Clause: Limit one of each Pok\u00e9mon\n|rule|OHKO Clause: OHKO moves are banned\n|rule|Evasion Items Clause: Evasion items are banned\n|rule|Evasion Moves Clause: Evasion moves are banned\n|rule|Endless Battle Clause: Forcing endless battles is banned\n|rule|HP Percentage Mod: HP is shown in percentages\n|clearpoke\n|poke|p1|Moltres|\n|poke|p1|Rotom-Wash|\n|poke|p1|Glimmora, F|\n|poke|p1|Great Tusk|\n|poke|p1|Kingambit, M|\n|poke|p1|Muk-Alola, F|\n|poke|p2|Great Tusk|\n|poke|p2|Iron Hands|\n|poke|p2|Enamorus, F|\n|poke|p2|Gholdengo|\n|poke|p2|Torkoal, M|\n|poke|p2|Walking Wake|\n|teampreview\n|\n|t:|1699735101\n|start\n|switch|p1a: Great Tusk|Great Tusk|100\/100\n|switch|p2a: Shep|Great Tusk, shiny|100\/100\n|turn|1\n|\n|t:|1699735110\n|-end|p1a: Great Tusk|Protosynthesis|[silent]\n|switch|p1a: Moltres|Moltres|100\/100\n|move|p2a: Shep|Rapid Spin|p1a: Moltres\n|-damage|p1a: Moltres|83\/100\n|-boost|p2a: Shep|spe|1\n|\n|upkeep\n|turn|2\n|\n|t:|1699735125\n|-end|p2a: Shep|Protosynthesis|[silent]\n|switch|p2a: Blue|Walking Wake|100\/100\n|move|p1a: Moltres|Hurricane|p2a: Blue|[miss]\n|-miss|p1a: Moltres|p2a: Blue\n|\n|upkeep\n|turn|3\n|\n|t:|1699735136\n|-end|p2a: Blue|Protosynthesis|[silent]\n|switch|p2a: Alpha|Iron Hands, shiny|100\/100\n|switch|p1a: Rotom|Rotom-Wash, shiny|100\/100\n|\n|upkeep\n|turn|4\n|\n|t:|1699735141\n|move|p2a: Alpha|Fake Out|p1a: Rotom\n|-damage|p1a: Rotom|88\/100\n|cant|p1a: Rotom|flinch\n|\n|-heal|p1a: Rotom|95\/100|[from] item: Leftovers\n|upkeep\n|turn|5\n|\n|t:|1699735156\n|-end|p2a: Alpha|Quark Drive|[silent]\n|switch|p2a: Goldmember|Gholdengo, shiny|100\/100\n|move|p1a: Rotom|Volt Switch|p2a: Goldmember\n|-damage|p2a: Goldmember|70\/100\n|\n|t:|1699735168\n|switch|p1a: Great Tusk|Great Tusk|100\/100|[from] Volt Switch\n|\n|upkeep\n|turn|6\n|\n|t:|1699735175\n|switch|p2a: Enamorus|Enamorus, F|100\/100\n|move|p1a: Great Tusk|Knock Off|p2a: Enamorus\n|-resisted|p2a: Enamorus\n|-damage|p2a: Enamorus|72\/100\n|-enditem|p2a: Enamorus|Assault Vest|[from] move: Knock Off|[of] p1a: Great Tusk\n|\n|upkeep\n|turn|7\n|\n|t:|1699735188\n|-end|p1a: Great Tusk|Protosynthesis|[silent]\n|switch|p1a: Moltres|Moltres|83\/100\n|move|p2a: Enamorus|Superpower|p1a: Moltres\n|-resisted|p1a: Moltres\n|-damage|p1a: Moltres|63\/100\n|-boost|p2a: Enamorus|atk|1\n|-boost|p2a: Enamorus|def|1\n|\n|upkeep\n|turn|8\n|\n|t:|1699735202\n|switch|p2a: Raphael|Torkoal, M, shiny|100\/100\n|-weather|SunnyDay|[from] ability: Drought|[of] p2a: Raphael\n|move|p1a: Moltres|Roost|p1a: Moltres\n|-heal|p1a: Moltres|100\/100\n|-singleturn|p1a: Moltres|move: Roost\n|\n|-weather|SunnyDay|[upkeep]\n|upkeep\n|turn|9\n|\n|t:|1699735212\n|switch|p2a: Blue|Walking Wake|100\/100\n|-activate|p2a: Blue|ability: Protosynthesis\n|-start|p2a: Blue|protosynthesisspe\n|move|p1a: Moltres|Hurricane|p2a: Blue|[miss]\n|-miss|p1a: Moltres|p2a: Blue\n|\n|-weather|SunnyDay|[upkeep]\n|upkeep\n|turn|10\n|\n|t:|1699735221\n|switch|p1a: Rotom|Rotom-Wash, shiny|95\/100\n|move|p2a: Blue|Hydro Steam|p1a: Rotom\n|-resisted|p1a: Rotom\n|-damage|p1a: Rotom|64\/100\n|\n|-weather|SunnyDay|[upkeep]\n|-heal|p1a: Rotom|70\/100|[from] item: Leftovers\n|upkeep\n|turn|11\n|\n|t:|1699735230\n|move|p2a: Blue|Draco Meteor|p1a: Rotom\n|-damage|p1a: Rotom|0 fnt\n|-unboost|p2a: Blue|spa|2\n|faint|p1a: Rotom\n|\n|-weather|SunnyDay|[upkeep]\n|upkeep\n|\n|t:|1699735239\n|switch|p1a: Muk|Muk-Alola, F|100\/100\n|turn|12\n|\n|t:|1699735245\n|-end|p2a: Blue|Protosynthesis|[silent]\n|switch|p2a: Enamorus|Enamorus, F|72\/100\n|move|p1a: Muk|Poison Jab|p2a: Enamorus\n|-supereffective|p2a: Enamorus\n|-damage|p2a: Enamorus|0 fnt\n|faint|p2a: Enamorus\n|\n|-weather|SunnyDay|[upkeep]\n|upkeep\n|\n|t:|1699735255\n|switch|p2a: Shep|Great Tusk, shiny|100\/100\n|-activate|p2a: Shep|ability: Protosynthesis\n|-start|p2a: Shep|protosynthesisatk\n|turn|13\n|\n|t:|1699735262\n|-end|p2a: Shep|Protosynthesis|[silent]\n|switch|p2a: Blue|Walking Wake|100\/100\n|-activate|p2a: Blue|ability: Protosynthesis\n|-start|p2a: Blue|protosynthesisspe\n|switch|p1a: Moltres|Moltres|100\/100\n|\n|-weather|SunnyDay|[upkeep]\n|upkeep\n|turn|14\n|\n|t:|1699735271\n|-terastallize|p1a: Moltres|Fairy\n|move|p2a: Blue|Hydro Steam|p1a: Moltres\n|-damage|p1a: Moltres|55\/100\n|move|p1a: Moltres|Hurricane|p2a: Blue|[miss]\n|-miss|p1a: Moltres|p2a: Blue\n|\n|-weather|SunnyDay|[upkeep]\n|upkeep\n|turn|15\n|\n|t:|1699735284\n|-terastallize|p2a: Blue|Water\n|move|p2a: Blue|Hydro Steam|p1a: Moltres\n|-damage|p1a: Moltres|0 fnt\n|faint|p1a: Moltres\n|\n|-weather|none\n|-end|p2a: Blue|Protosynthesis\n|upkeep\n|\n|t:|1699735290\n|switch|p1a: Muk|Muk-Alola, F|100\/100\n|turn|16\n|\n|t:|1699735295\n|-end|p2a: Blue|Protosynthesis|[silent]\n|switch|p2a: Raphael|Torkoal, M, shiny|100\/100\n|-weather|SunnyDay|[from] ability: Drought|[of] p2a: Raphael\n|move|p1a: Muk|Poison Jab|p2a: Raphael\n|-damage|p2a: Raphael|77\/100\n|\n|-weather|SunnyDay|[upkeep]\n|upkeep\n|turn|17\n|\n|t:|1699735310\n|switch|p2a: Goldmember|Gholdengo, shiny|70\/100\n|move|p1a: Muk|Poison Jab|p2a: Goldmember\n|-immune|p2a: Goldmember\n|\n|-weather|SunnyDay|[upkeep]\n|upkeep\n|turn|18\n|\n|t:|1699735316\n|move|p2a: Goldmember|Trick|p1a: Muk\n|-activate|p2a: Goldmember|move: Trick|[of] p1a: Muk\n|-item|p1a: Muk|Choice Scarf|[from] move: Trick\n|-item|p2a: Goldmember|Leftovers|[from] move: Trick\n|move|p1a: Muk|Knock Off|p2a: Goldmember\n|-supereffective|p2a: Goldmember\n|-damage|p2a: Goldmember|0 fnt\n|-enditem|p2a: Goldmember|Leftovers|[from] move: Knock Off|[of] p1a: Muk\n|faint|p2a: Goldmember\n|\n|-weather|SunnyDay|[upkeep]\n|upkeep\n|\n|t:|1699735325\n|switch|p2a: Shep|Great Tusk, shiny|100\/100\n|-activate|p2a: Shep|ability: Protosynthesis\n|-start|p2a: Shep|protosynthesisatk\n|turn|19\n|\n|t:|1699735360\n|move|p2a: Shep|Rapid Spin|p1a: Muk\n|-damage|p1a: Muk|76\/100\n|-boost|p2a: Shep|spe|1\n|move|p1a: Muk|Knock Off|p2a: Shep\n|-resisted|p2a: Shep\n|-damage|p2a: Shep|88\/100\n|-enditem|p2a: Shep|Assault Vest|[from] move: Knock Off|[of] p1a: Muk\n|\n|-weather|SunnyDay|[upkeep]\n|upkeep\n|turn|20\n|\n|t:|1699735377\n|move|p2a: Shep|Headlong Rush|p1a: Muk\n|-supereffective|p1a: Muk\n|-damage|p1a: Muk|0 fnt\n|-unboost|p2a: Shep|def|1\n|-unboost|p2a: Shep|spd|1\n|faint|p1a: Muk\n|\n|-weather|SunnyDay|[upkeep]\n|upkeep\n|\n|t:|1699735391\n|switch|p1a: Glimmora|Glimmora, F|100\/100\n|turn|21\n|\n|t:|1699735397\n|-end|p2a: Shep|Protosynthesis|[silent]\n|switch|p2a: Alpha|Iron Hands, shiny|100\/100\n|move|p1a: Glimmora|Energy Ball|p2a: Alpha\n|-damage|p2a: Alpha|82\/100\n|-unboost|p2a: Alpha|spd|1\n|\n|-weather|SunnyDay|[upkeep]\n|upkeep\n|turn|22\n|\n|t:|1699735406\n|move|p1a: Glimmora|Earth Power|p2a: Alpha\n|-supereffective|p2a: Alpha\n|-damage|p2a: Alpha|29\/100\n|-unboost|p2a: Alpha|spd|1\n|move|p2a: Alpha|Volt Switch|p1a: Glimmora\n|-damage|p1a: Glimmora|84\/100\n|\n|t:|1699735414\n|-end|p2a: Alpha|Quark Drive|[silent]\n|switch|p2a: Blue|Walking Wake, tera:Water|100\/100|[from] Volt Switch\n|-activate|p2a: Blue|ability: Protosynthesis\n|-start|p2a: Blue|protosynthesisspe\n|\n|-weather|SunnyDay|[upkeep]\n|upkeep\n|turn|23\n|\n|t:|1699735420\n|move|p2a: Blue|Hydro Pump|p1a: Glimmora\n|-supereffective|p1a: Glimmora\n|-damage|p1a: Glimmora|0 fnt\n|faint|p1a: Glimmora\n|\n|-weather|none\n|-end|p2a: Blue|Protosynthesis\n|upkeep\n|\n|t:|1699735424\n|switch|p1a: Kingambit|Kingambit, M|100\/100\n|-activate|p1a: Kingambit|ability: Supreme Overlord\n|-start|p1a: Kingambit|fallen4|[silent]\n|turn|24\n|\n|t:|1699735431\n|-end|p2a: Blue|Protosynthesis|[silent]\n|switch|p2a: Alpha|Iron Hands, shiny|29\/100\n|move|p1a: Kingambit|Kowtow Cleave|p2a: Alpha\n|-resisted|p2a: Alpha\n|-damage|p2a: Alpha|5\/100\n|\n|upkeep\n|turn|25\n|\n|t:|1699735438\n|-end|p1a: Kingambit|fallen4|[silent]\n|switch|p1a: Great Tusk|Great Tusk|100\/100\n|move|p2a: Alpha|Close Combat|p1a: Great Tusk\n|-damage|p1a: Great Tusk|47\/100\n|-unboost|p2a: Alpha|def|1\n|-unboost|p2a: Alpha|spd|1\n|\n|upkeep\n|turn|26\n|\n|t:|1699735450\n|move|p1a: Great Tusk|Rapid Spin|p2a: Alpha\n|-damage|p2a: Alpha|0 fnt\n|-boost|p1a: Great Tusk|spe|1\n|faint|p2a: Alpha\n|-end|p2a: Alpha|Quark Drive|[silent]\n|\n|upkeep\n|\n|t:|1699735456\n|switch|p2a: Raphael|Torkoal, M, shiny|77\/100\n|-weather|SunnyDay|[from] ability: Drought|[of] p2a: Raphael\n|-activate|p1a: Great Tusk|ability: Protosynthesis\n|-start|p1a: Great Tusk|protosynthesisspe\n|turn|27\n|\n|t:|1699735465\n|move|p1a: Great Tusk|Headlong Rush|p2a: Raphael\n|-supereffective|p2a: Raphael\n|-damage|p2a: Raphael|0 fnt\n|-unboost|p1a: Great Tusk|def|1\n|-unboost|p1a: Great Tusk|spd|1\n|faint|p2a: Raphael\n|\n|-weather|SunnyDay|[upkeep]\n|upkeep\n|\n|t:|1699735474\n|switch|p2a: Shep|Great Tusk, shiny|88\/100\n|-activate|p2a: Shep|ability: Protosynthesis\n|-start|p2a: Shep|protosynthesisatk\n|turn|28\n|\n|t:|1699735482\n|move|p1a: Great Tusk|Headlong Rush|p2a: Shep\n|-crit|p2a: Shep\n|-damage|p2a: Shep|12\/100\n|-unboost|p1a: Great Tusk|def|1\n|-unboost|p1a: Great Tusk|spd|1\n|move|p2a: Shep|Ice Spinner|p1a: Great Tusk\n|-supereffective|p1a: Great Tusk\n|-damage|p1a: Great Tusk|0 fnt\n|faint|p1a: Great Tusk\n|-end|p1a: Great Tusk|Protosynthesis|[silent]\n|\n|-weather|SunnyDay|[upkeep]\n|upkeep\n|\n|t:|1699735486\n|switch|p1a: Kingambit|Kingambit, M|100\/100\n|-activate|p1a: Kingambit|ability: Supreme Overlord\n|-start|p1a: Kingambit|fallen5|[silent]\n|turn|29\n|\n|t:|1699735494\n|move|p1a: Kingambit|Sucker Punch|p2a: Shep\n|-resisted|p2a: Shep\n|-damage|p2a: Shep|0 fnt\n|faint|p2a: Shep\n|-end|p2a: Shep|Protosynthesis|[silent]\n|\n|-weather|SunnyDay|[upkeep]\n|upkeep\n|\n|t:|1699735499\n|switch|p2a: Blue|Walking Wake, tera:Water|100\/100\n|-activate|p2a: Blue|ability: Protosynthesis\n|-start|p2a: Blue|protosynthesisspe\n|turn|30\n|\n|t:|1699735504\n|move|p1a: Kingambit|Sucker Punch|p2a: Blue\n|-damage|p2a: Blue|37\/100\n|move|p2a: Blue|Flamethrower|p1a: Kingambit\n|-supereffective|p1a: Kingambit\n|-damage|p1a: Kingambit|18\/100\n|-status|p1a: Kingambit|brn\n|\n|-weather|SunnyDay|[upkeep]\n|-heal|p1a: Kingambit|25\/100 brn|[from] item: Leftovers\n|-damage|p1a: Kingambit|18\/100 brn|[from] brn\n|upkeep\n|turn|31\n|\n|t:|1699735514\n|move|p1a: Kingambit|Sucker Punch|p2a: Blue\n|-damage|p2a: Blue|6\/100\n|move|p2a: Blue|Hydro Steam|p1a: Kingambit\n|-damage|p1a: Kingambit|0 fnt\n|faint|p1a: Kingambit\n|-end|p1a: Kingambit|fallen5|[silent]\n|\n|win|Alice-chan89\n|raw|Yasmina93's rating: 1379 &rarr; <strong>1355<\/strong><br \/>(-24 for losing)\n|raw|Alice-chan89's rating: 1308 &rarr; <strong>1332<\/strong><br \/>(+24 for winning)\n","uploadtime":1699735521,"views":11,"p1id":"yasmina93","p2id":"alicechan89","formatid":"gen9ou","rating":1332,"private":0,"password":""}