{"id":"gen9ou-1994022081","p1":"InsomniacHS","p2":"taoe","format":"[Gen 9] OU","log":"|j|\u2606InsomniacHS\n|j|\u2606taoe\n|t:|1700395165\n|gametype|singles\n|player|p1|InsomniacHS|n|1324\n|player|p2|taoe|pokemonrangerf-gen4|1236\n|teamsize|p1|6\n|teamsize|p2|6\n|gen|9\n|tier|[Gen 9] OU\n|rated|\n|rule|Sleep Clause Mod: Limit one foe put to sleep\n|rule|Species Clause: Limit one of each Pok\u00e9mon\n|rule|OHKO Clause: OHKO moves are banned\n|rule|Evasion Items Clause: Evasion items are banned\n|rule|Evasion Moves Clause: Evasion moves are banned\n|rule|Endless Battle Clause: Forcing endless battles is banned\n|rule|HP Percentage Mod: HP is shown in percentages\n|clearpoke\n|poke|p1|Vikavolt, M|\n|poke|p1|Enamorus, F|\n|poke|p1|Great Tusk|\n|poke|p1|Gholdengo|\n|poke|p1|Kommo-o, M|\n|poke|p1|Iron Moth|\n|poke|p2|Maushold|\n|poke|p2|Weavile, M|\n|poke|p2|Sneasler, F|\n|poke|p2|Jirachi|\n|poke|p2|Kleavor, F|\n|poke|p2|Ninetales-Alola, F|\n|teampreview\n|c|\u2606InsomniacHS|glhf\n|inactive|Battle timer is ON: inactive players will automatically lose when time's up. (requested by InsomniacHS)\n|\n|t:|1700395172\n|start\n|switch|p1a: Djengo Unrained|Gholdengo|100\/100\n|switch|p2a: Weavile|Weavile, M|100\/100\n|-ability|p2a: Weavile|Pressure\n|-item|p1a: Djengo Unrained|Air Balloon\n|turn|1\n|\n|t:|1700395177\n|switch|p1a: Dentist G-Ram|Great Tusk|100\/100\n|-enditem|p1a: Dentist G-Ram|Booster Energy\n|-activate|p1a: Dentist G-Ram|ability: Protosynthesis|[fromitem]\n|-start|p1a: Dentist G-Ram|protosynthesisatk\n|move|p2a: Weavile|Knock Off|p1a: Dentist G-Ram\n|-resisted|p1a: Dentist G-Ram\n|-damage|p1a: Dentist G-Ram|89\/100\n|\n|upkeep\n|turn|2\n|\n|t:|1700395204\n|switch|p2a: Jirachi|Jirachi|100\/100\n|move|p1a: Dentist G-Ram|Headlong Rush|p2a: Jirachi\n|-supereffective|p2a: Jirachi\n|-damage|p2a: Jirachi|5\/100\n|-unboost|p1a: Dentist G-Ram|def|1\n|-unboost|p1a: Dentist G-Ram|spd|1\n|\n|-heal|p2a: Jirachi|11\/100|[from] item: Leftovers\n|upkeep\n|turn|3\n|\n|t:|1700395211\n|-end|p1a: Dentist G-Ram|Protosynthesis|[silent]\n|switch|p1a: Vicodi\u00f1o|Vikavolt, M|100\/100\n|move|p2a: Jirachi|Psychic|p1a: Vicodi\u00f1o\n|-damage|p1a: Vicodi\u00f1o|65\/100\n|\n|-heal|p2a: Jirachi|17\/100|[from] item: Leftovers\n|upkeep\n|turn|4\n|\n|t:|1700395222\n|move|p2a: Jirachi|Psychic|p1a: Vicodi\u00f1o\n|-damage|p1a: Vicodi\u00f1o|25\/100\n|move|p1a: Vicodi\u00f1o|Sticky Web|p2a: Jirachi\n|-sidestart|p2: taoe|move: Sticky Web\n|\n|-heal|p2a: Jirachi|24\/100|[from] item: Leftovers\n|upkeep\n|turn|5\n|\n|t:|1700395228\n|move|p2a: Jirachi|Psychic|p1a: Vicodi\u00f1o\n|-damage|p1a: Vicodi\u00f1o|0 fnt\n|faint|p1a: Vicodi\u00f1o\n|\n|-heal|p2a: Jirachi|30\/100|[from] item: Leftovers\n|upkeep\n|\n|t:|1700395232\n|switch|p1a: Pink Flyday|Enamorus, F, shiny|100\/100\n|turn|6\n|\n|t:|1700395236\n|move|p1a: Pink Flyday|Mystical Fire|p2a: Jirachi\n|-supereffective|p2a: Jirachi\n|-damage|p2a: Jirachi|0 fnt\n|faint|p2a: Jirachi\n|-damage|p1a: Pink Flyday|91\/100|[from] item: Life Orb\n|\n|upkeep\n|\n|t:|1700395246\n|switch|p2a: Kleavor|Kleavor, F|100\/100\n|-activate|p2a: Kleavor|move: Sticky Web\n|-unboost|p2a: Kleavor|spe|1\n|turn|7\n|\n|t:|1700395254\n|move|p1a: Pink Flyday|Earth Power|p2a: Kleavor\n|-damage|p2a: Kleavor|33\/100\n|-damage|p1a: Pink Flyday|81\/100|[from] item: Life Orb\n|move|p2a: Kleavor|Stone Axe|p1a: Pink Flyday\n|-supereffective|p1a: Pink Flyday\n|-damage|p1a: Pink Flyday|0 fnt\n|-sidestart|p1: InsomniacHS|move: Stealth Rock\n|faint|p1a: Pink Flyday\n|\n|upkeep\n|\n|t:|1700395259\n|switch|p1a: Dentist G-Ram|Great Tusk|89\/100\n|-damage|p1a: Dentist G-Ram|86\/100|[from] Stealth Rock\n|turn|8\n|\n|t:|1700395263\n|move|p1a: Dentist G-Ram|Rapid Spin|p2a: Kleavor\n|-resisted|p2a: Kleavor\n|-damage|p2a: Kleavor|21\/100\n|-boost|p1a: Dentist G-Ram|spe|1\n|-sideend|p1: InsomniacHS|Stealth Rock|[from] move: Rapid Spin|[of] p1a: Dentist G-Ram\n|move|p2a: Kleavor|Stone Axe|p1a: Dentist G-Ram\n|-resisted|p1a: Dentist G-Ram\n|-damage|p1a: Dentist G-Ram|75\/100\n|-sidestart|p1: InsomniacHS|move: Stealth Rock\n|\n|upkeep\n|turn|9\n|\n|t:|1700395267\n|move|p1a: Dentist G-Ram|Rapid Spin|p2a: Kleavor\n|-resisted|p2a: Kleavor\n|-damage|p2a: Kleavor|11\/100\n|-boost|p1a: Dentist G-Ram|spe|1\n|-sideend|p1: InsomniacHS|Stealth Rock|[from] move: Rapid Spin|[of] p1a: Dentist G-Ram\n|move|p2a: Kleavor|Trailblaze|p1a: Dentist G-Ram\n|-supereffective|p1a: Dentist G-Ram\n|-damage|p1a: Dentist G-Ram|48\/100\n|-boost|p2a: Kleavor|spe|1\n|\n|upkeep\n|turn|10\n|\n|t:|1700395271\n|move|p1a: Dentist G-Ram|Rapid Spin|p2a: Kleavor\n|-resisted|p2a: Kleavor\n|-damage|p2a: Kleavor|0 fnt\n|-boost|p1a: Dentist G-Ram|spe|1\n|faint|p2a: Kleavor\n|\n|upkeep\n|\n|t:|1700395285\n|switch|p2a: Sneasler|Sneasler, F|100\/100\n|-activate|p2a: Sneasler|move: Sticky Web\n|-unboost|p2a: Sneasler|spe|1\n|-enditem|p2a: Sneasler|White Herb\n|-clearnegativeboost|p2a: Sneasler|[silent]\n|turn|11\n|\n|t:|1700395291\n|-terastallize|p2a: Sneasler|Flying\n|move|p1a: Dentist G-Ram|Headlong Rush|p2a: Sneasler\n|-immune|p2a: Sneasler\n|move|p2a: Sneasler|Acrobatics|p1a: Dentist G-Ram\n|-supereffective|p1a: Dentist G-Ram\n|-damage|p1a: Dentist G-Ram|0 fnt\n|faint|p1a: Dentist G-Ram\n|-end|p1a: Dentist G-Ram|Protosynthesis|[silent]\n|\n|upkeep\n|\n|t:|1700395296\n|switch|p1a: Djengo Unrained|Gholdengo|100\/100\n|-item|p1a: Djengo Unrained|Air Balloon\n|turn|12\n|\n|t:|1700395304\n|move|p2a: Sneasler|Acrobatics|p1a: Djengo Unrained\n|-resisted|p1a: Djengo Unrained\n|-damage|p1a: Djengo Unrained|65\/100\n|-enditem|p1a: Djengo Unrained|Air Balloon\n|move|p1a: Djengo Unrained|Thunderbolt|p2a: Sneasler\n|-supereffective|p2a: Sneasler\n|-damage|p2a: Sneasler|12\/100\n|\n|upkeep\n|turn|13\n|\n|t:|1700395312\n|move|p2a: Sneasler|Acrobatics|p1a: Djengo Unrained\n|-resisted|p1a: Djengo Unrained\n|-damage|p1a: Djengo Unrained|28\/100\n|move|p1a: Djengo Unrained|Thunderbolt|p2a: Sneasler\n|-supereffective|p2a: Sneasler\n|-damage|p2a: Sneasler|0 fnt\n|faint|p2a: Sneasler\n|\n|upkeep\n|\n|t:|1700395316\n|switch|p2a: Maushold|Maushold|100\/100\n|-activate|p2a: Maushold|move: Sticky Web\n|-unboost|p2a: Maushold|spe|1\n|turn|14\n|\n|t:|1700395320\n|switch|p1a: Tony Komo|Kommo-o, M|100\/100\n|move|p2a: Maushold|Tidy Up|p2a: Maushold\n|-sideend|p2: taoe|Sticky Web\n|-activate|p2a: Maushold|move: Tidy Up\n|-boost|p2a: Maushold|atk|1\n|-boost|p2a: Maushold|spe|1\n|\n|upkeep\n|turn|15\n|\n|t:|1700395327\n|move|p2a: Maushold|Population Bomb|p1a: Tony Komo\n|-damage|p1a: Tony Komo|86\/100\n|-damage|p1a: Tony Komo|68\/100\n|-damage|p1a: Tony Komo|53\/100\n|-damage|p1a: Tony Komo|37\/100\n|-damage|p1a: Tony Komo|21\/100\n|-damage|p1a: Tony Komo|4\/100\n|-damage|p1a: Tony Komo|0 fnt\n|faint|p1a: Tony Komo\n|-hitcount|p1: Tony Komo|7\n|\n|upkeep\n|\n|t:|1700395330\n|switch|p1a: Both Baby|Iron Moth|100\/100\n|-enditem|p1a: Both Baby|Booster Energy\n|-activate|p1a: Both Baby|ability: Quark Drive|[fromitem]\n|-start|p1a: Both Baby|quarkdrivespe\n|turn|16\n|\n|t:|1700395333\n|move|p1a: Both Baby|Sludge Wave|p2a: Maushold\n|-damage|p2a: Maushold|26\/100\n|move|p2a: Maushold|Population Bomb|p1a: Both Baby\n|-damage|p1a: Both Baby|76\/100\n|-damage|p1a: Both Baby|54\/100\n|-damage|p1a: Both Baby|28\/100\n|-damage|p1a: Both Baby|3\/100\n|-damage|p1a: Both Baby|0 fnt\n|faint|p1a: Both Baby\n|-end|p1a: Both Baby|Quark Drive|[silent]\n|-hitcount|p1: Both Baby|5\n|\n|upkeep\n|-message|InsomniacHS forfeited.\n|\n|win|taoe\n|raw|InsomniacHS's rating: 1324 &rarr; <strong>1299<\/strong><br \/>(-25 for losing)\n|raw|taoe's rating: 1236 &rarr; <strong>1267<\/strong><br \/>(+31 for winning)\n|l|\u2606InsomniacHS\n","uploadtime":1700395344,"views":6,"p1id":"insomniachs","p2id":"taoe","formatid":"gen9ou","rating":1267,"private":0,"password":""}