{"id":"gen9ou-1998234890","p1":"power-trip7","p2":"Anonymous43567","format":"[Gen 9] OU","log":"|j|\u2606power-trip7\n|j|\u2606Anonymous43567\n|t:|1700917407\n|gametype|singles\n|player|p1|power-trip7|102|1596\n|player|p2|Anonymous43567|lucas-gen4pt|1534\n|teamsize|p1|6\n|teamsize|p2|6\n|gen|9\n|tier|[Gen 9] OU\n|rated|\n|rule|Sleep Clause Mod: Limit one foe put to sleep\n|rule|Species Clause: Limit one of each Pok\u00e9mon\n|rule|OHKO Clause: OHKO moves are banned\n|rule|Evasion Items Clause: Evasion items are banned\n|rule|Evasion Moves Clause: Evasion moves are banned\n|rule|Endless Battle Clause: Forcing endless battles is banned\n|rule|HP Percentage Mod: HP is shown in percentages\n|clearpoke\n|poke|p1|Heatran, F|\n|poke|p1|Tornadus-Therian, M|\n|poke|p1|Ogerpon-Cornerstone, F|\n|poke|p1|Great Tusk|\n|poke|p1|Hatterene, F|\n|poke|p1|Toxapex, F|\n|poke|p2|Alomomola, F|\n|poke|p2|Slowking-Galar, F|\n|poke|p2|Kingambit, F|\n|poke|p2|Great Tusk|\n|poke|p2|Cinderace, F|\n|poke|p2|Thundurus-Therian, M|\n|teampreview\n|inactive|Battle timer is ON: inactive players will automatically lose when time's up. (requested by Anonymous43567)\n|\n|t:|1700917426\n|start\n|switch|p1a: Gold|Tornadus-Therian, M|100\/100\n|switch|p2a: Thundurus|Thundurus-Therian, M|100\/100\n|turn|1\n|\n|t:|1700917428\n|move|p1a: Gold|Knock Off|p2a: Thundurus\n|-damage|p2a: Thundurus|70\/100\n|-enditem|p2a: Thundurus|Choice Specs|[from] move: Knock Off|[of] p1a: Gold\n|move|p2a: Thundurus|Volt Switch|p1a: Gold\n|-supereffective|p1a: Gold\n|-damage|p1a: Gold|47\/100\n|\n|t:|1700917432\n|switch|p2a: Cinderace|Cinderace, F|100\/100|[from] Volt Switch\n|\n|upkeep\n|turn|2\n|\n|t:|1700917440\n|switch|p1a: He Ran|Heatran, F|100\/100\n|move|p2a: Cinderace|U-turn|p1a: He Ran\n|-start|p2a: Cinderace|typechange|Bug|[from] ability: Libero\n|-resisted|p1a: He Ran\n|-damage|p1a: He Ran|94\/100\n|\n|t:|1700917451\n|switch|p2a: Alomomola|Alomomola, F|100\/100|[from] U-turn\n|\n|-heal|p1a: He Ran|99\/100|[from] item: Leftovers\n|upkeep\n|turn|3\n|\n|t:|1700917455\n|move|p1a: He Ran|Taunt|p2a: Alomomola\n|-start|p2a: Alomomola|move: Taunt\n|move|p2a: Alomomola|Scald|p1a: He Ran\n|-supereffective|p1a: He Ran\n|-damage|p1a: He Ran|84\/100\n|\n|-heal|p1a: He Ran|90\/100|[from] item: Leftovers\n|upkeep\n|turn|4\n|\n|t:|1700917463\n|move|p1a: He Ran|Magma Storm|p2a: Alomomola\n|-resisted|p2a: Alomomola\n|-damage|p2a: Alomomola|81\/100\n|-activate|p2a: Alomomola|move: Magma Storm|[of] p1a: He Ran\n|-enditem|p2a: Alomomola|Red Card|[of] p1a: He Ran\n|drag|p1a: Trisha|Toxapex, F|100\/100\n|move|p2a: Alomomola|Flip Turn|p1a: Trisha\n|-resisted|p1a: Trisha\n|-damage|p1a: Trisha|94\/100\n|\n|t:|1700917481\n|switch|p2a: Slowking|Slowking-Galar, F|100\/100|[from] Flip Turn\n|\n|-heal|p1a: Trisha|99\/100|[from] item: Leftovers\n|upkeep\n|turn|5\n|\n|t:|1700917485\n|move|p1a: Trisha|Toxic Spikes|p2a: Slowking\n|-sidestart|p2: Anonymous43567|move: Toxic Spikes\n|move|p2a: Slowking|Future Sight|p1a: Trisha\n|-start|p2a: Slowking|move: Future Sight\n|\n|-heal|p1a: Trisha|100\/100|[from] item: Leftovers\n|upkeep\n|turn|6\n|\n|t:|1700917487\n|switch|p1a: He Ran|Heatran, F|90\/100\n|move|p2a: Slowking|Chilly Reception|p2a: Slowking\n|-weather|Snow\n|\n|t:|1700917490\n|switch|p2a: Thundurus|Thundurus-Therian, M|70\/100|[from] Chilly Reception\n|\n|-weather|Snow|[upkeep]\n|-heal|p1a: He Ran|97\/100|[from] item: Leftovers\n|upkeep\n|turn|7\n|\n|t:|1700917495\n|move|p1a: He Ran|Protect|p1a: He Ran\n|-singleturn|p1a: He Ran|Protect\n|move|p2a: Thundurus|Volt Switch|p1a: He Ran\n|-activate|p1a: He Ran|move: Protect\n|\n|-weather|Snow|[upkeep]\n|-end|p1a: He Ran|move: Future Sight\n|-resisted|p1a: He Ran\n|-damage|p1a: He Ran|83\/100\n|-heal|p1a: He Ran|89\/100|[from] item: Leftovers\n|upkeep\n|turn|8\n|\n|t:|1700917504\n|move|p2a: Thundurus|Volt Switch|p1a: He Ran\n|-damage|p1a: He Ran|65\/100\n|\n|t:|1700917506\n|switch|p2a: Slowking|Slowking-Galar, F|100\/100|[from] Volt Switch\n|-sideend|p2: Anonymous43567|move: Toxic Spikes|[of] p2a: Slowking\n|move|p1a: He Ran|Magma Storm|p2a: Slowking\n|-damage|p2a: Slowking|77\/100\n|-activate|p2a: Slowking|move: Magma Storm|[of] p1a: He Ran\n|\n|-weather|Snow|[upkeep]\n|-heal|p1a: He Ran|71\/100|[from] item: Leftovers\n|-damage|p2a: Slowking|64\/100|[from] move: Magma Storm|[partiallytrapped]\n|upkeep\n|turn|9\n|\n|t:|1700917524\n|move|p1a: He Ran|Taunt|p2a: Slowking\n|-start|p2a: Slowking|move: Taunt\n|cant|p2a: Slowking|move: Taunt|Chilly Reception\n|\n|-weather|Snow|[upkeep]\n|-heal|p1a: He Ran|78\/100|[from] item: Leftovers\n|-damage|p2a: Slowking|52\/100|[from] move: Magma Storm|[partiallytrapped]\n|upkeep\n|turn|10\n|\n|t:|1700917529\n|move|p1a: He Ran|Earth Power|p2a: Slowking\n|-supereffective|p2a: Slowking\n|-damage|p2a: Slowking|20\/100\n|move|p2a: Slowking|Future Sight|p1a: He Ran\n|-start|p2a: Slowking|move: Future Sight\n|\n|-weather|none\n|-heal|p1a: He Ran|84\/100|[from] item: Leftovers\n|-damage|p2a: Slowking|8\/100|[from] move: Magma Storm|[partiallytrapped]\n|upkeep\n|turn|11\n|\n|t:|1700917541\n|move|p1a: He Ran|Earth Power|p2a: Slowking\n|-supereffective|p2a: Slowking\n|-damage|p2a: Slowking|0 fnt\n|faint|p2a: Slowking\n|\n|-heal|p1a: He Ran|90\/100|[from] item: Leftovers\n|upkeep\n|\n|t:|1700917546\n|switch|p2a: Alomomola|Alomomola, F|100\/100\n|turn|12\n|\n|t:|1700917550\n|move|p1a: He Ran|Taunt|p2a: Alomomola\n|-start|p2a: Alomomola|move: Taunt\n|move|p2a: Alomomola|Scald|p1a: He Ran\n|-supereffective|p1a: He Ran\n|-damage|p1a: He Ran|73\/100\n|\n|-end|p1a: He Ran|move: Future Sight\n|-resisted|p1a: He Ran\n|-damage|p1a: He Ran|60\/100\n|-heal|p1a: He Ran|66\/100|[from] item: Leftovers\n|upkeep\n|turn|13\n|\n|t:|1700917557\n|move|p1a: He Ran|Protect|p1a: He Ran\n|-singleturn|p1a: He Ran|Protect\n|move|p2a: Alomomola|Scald|p1a: He Ran\n|-activate|p1a: He Ran|move: Protect\n|\n|-heal|p1a: He Ran|72\/100|[from] item: Leftovers\n|upkeep\n|turn|14\n|\n|t:|1700917560\n|switch|p1a: Trisha|Toxapex, F|100\/100\n|move|p2a: Alomomola|Scald|p1a: Trisha\n|-resisted|p1a: Trisha\n|-crit|p1a: Trisha\n|-damage|p1a: Trisha|94\/100\n|\n|-heal|p1a: Trisha|99\/100|[from] item: Leftovers\n|-end|p2a: Alomomola|move: Taunt\n|upkeep\n|turn|15\n|\n|t:|1700917567\n|switch|p2a: Thundurus|Thundurus-Therian, M|70\/100\n|move|p1a: Trisha|Toxic Spikes|p2a: Thundurus\n|-sidestart|p2: Anonymous43567|move: Toxic Spikes\n|\n|-heal|p1a: Trisha|100\/100|[from] item: Leftovers\n|upkeep\n|turn|16\n|\n|t:|1700917575\n|move|p2a: Thundurus|Volt Switch|p1a: Trisha\n|-supereffective|p1a: Trisha\n|-crit|p1a: Trisha\n|-damage|p1a: Trisha|25\/100\n|\n|t:|1700917577\n|switch|p2a: Cinderace|Cinderace, F|100\/100|[from] Volt Switch\n|move|p1a: Trisha|Surf|p2a: Cinderace\n|-supereffective|p2a: Cinderace\n|-damage|p2a: Cinderace|51\/100\n|\n|-heal|p1a: Trisha|31\/100|[from] item: Leftovers\n|upkeep\n|turn|17\n|\n|t:|1700917584\n|switch|p1a: Ben|Great Tusk, shiny|100\/100\n|move|p2a: Cinderace|U-turn|p1a: Ben\n|-start|p2a: Cinderace|typechange|Bug|[from] ability: Libero\n|-resisted|p1a: Ben\n|-damage|p1a: Ben|92\/100\n|\n|t:|1700917588\n|switch|p2a: Thundurus|Thundurus-Therian, M|70\/100|[from] U-turn\n|\n|-heal|p1a: Ben|98\/100|[from] item: Leftovers\n|upkeep\n|turn|18\n|\n|t:|1700917594\n|-end|p1a: Ben|Protosynthesis|[silent]\n|switch|p1a: He Ran|Heatran, F|72\/100\n|move|p2a: Thundurus|Grass Knot|p1a: He Ran\n|-resisted|p1a: He Ran\n|-damage|p1a: He Ran|65\/100\n|\n|-heal|p1a: He Ran|71\/100|[from] item: Leftovers\n|upkeep\n|turn|19\n|\n|t:|1700917602\n|move|p2a: Thundurus|Volt Switch|p1a: He Ran\n|-damage|p1a: He Ran|46\/100\n|\n|t:|1700917606\n|switch|p2a: Alomomola|Alomomola, F|100\/100|[from] Volt Switch\n|-status|p2a: Alomomola|psn\n|move|p1a: He Ran|Magma Storm|p2a: Alomomola\n|-resisted|p2a: Alomomola\n|-damage|p2a: Alomomola|82\/100 psn\n|-activate|p2a: Alomomola|move: Magma Storm|[of] p1a: He Ran\n|\n|-heal|p1a: He Ran|52\/100|[from] item: Leftovers\n|-damage|p2a: Alomomola|70\/100 psn|[from] psn\n|-damage|p2a: Alomomola|58\/100 psn|[from] move: Magma Storm|[partiallytrapped]\n|upkeep\n|turn|20\n|\n|t:|1700917616\n|move|p1a: He Ran|Protect|p1a: He Ran\n|-singleturn|p1a: He Ran|Protect\n|move|p2a: Alomomola|Flip Turn|p1a: He Ran\n|-activate|p1a: He Ran|move: Protect\n|\n|-heal|p1a: He Ran|58\/100|[from] item: Leftovers\n|-damage|p2a: Alomomola|46\/100 psn|[from] psn\n|-damage|p2a: Alomomola|33\/100 psn|[from] move: Magma Storm|[partiallytrapped]\n|upkeep\n|turn|21\n|\n|t:|1700917620\n|move|p1a: He Ran|Earth Power|p2a: Alomomola\n|-damage|p2a: Alomomola|9\/100 psn\n|move|p2a: Alomomola|Flip Turn|p1a: He Ran\n|-supereffective|p1a: He Ran\n|-damage|p1a: He Ran|28\/100\n|\n|t:|1700917626\n|switch|p2a: Cinderace|Cinderace, F|51\/100|[from] Flip Turn\n|\n|-heal|p1a: He Ran|35\/100|[from] item: Leftovers\n|upkeep\n|turn|22\n|\n|t:|1700917639\n|move|p2a: Cinderace|U-turn|p1a: He Ran\n|-start|p2a: Cinderace|typechange|Bug|[from] ability: Libero\n|-resisted|p1a: He Ran\n|-damage|p1a: He Ran|28\/100\n|\n|t:|1700917642\n|switch|p2a: Alomomola|Alomomola, F|42\/100 psn|[from] U-turn\n|move|p1a: He Ran|Earth Power|p2a: Alomomola\n|-damage|p2a: Alomomola|17\/100 psn\n|-unboost|p2a: Alomomola|spd|1\n|\n|-heal|p1a: He Ran|34\/100|[from] item: Leftovers\n|-damage|p2a: Alomomola|5\/100 psn|[from] psn\n|upkeep\n|turn|23\n|\n|t:|1700917651\n|move|p1a: He Ran|Magma Storm|p2a: Alomomola\n|-resisted|p2a: Alomomola\n|-damage|p2a: Alomomola|0 fnt\n|faint|p2a: Alomomola\n|\n|-heal|p1a: He Ran|41\/100|[from] item: Leftovers\n|upkeep\n|\n|t:|1700917654\n|switch|p2a: Great Tusk|Great Tusk|100\/100\n|-status|p2a: Great Tusk|psn\n|turn|24\n|\n|t:|1700917657\n|switch|p1a: Trish|Hatterene, F|100\/100\n|move|p2a: Great Tusk|Stealth Rock|p1a: Trish\n|move|p1a: Trish|Stealth Rock|p2a: Great Tusk|[from]ability: Magic Bounce\n|-sidestart|p2: Anonymous43567|move: Stealth Rock\n|\n|-damage|p2a: Great Tusk|88\/100 psn|[from] psn\n|upkeep\n|turn|25\n|-message|Anonymous43567 forfeited.\n|\n|win|power-trip7\n|raw|power-trip7's rating: 1596 &rarr; <strong>1612<\/strong><br \/>(+16 for winning)\n|raw|Anonymous43567's rating: 1534 &rarr; <strong>1518<\/strong><br \/>(-16 for losing)\n|l|\u2606Anonymous43567\n","uploadtime":1700917670,"views":4,"p1id":"powertrip7","p2id":"anonymous43567","formatid":"gen9ou","rating":1518,"private":0,"password":""}