{"id":"gen9ou-1990485706","p1":"uhhEnder","p2":"callmetoru","format":"[Gen 9] OU","log":"|j|\u2606uhhEnder\n|j|\u2606callmetoru\n|t:|1699975299\n|gametype|singles\n|player|p1|uhhEnder|psychic-gen4|1000\n|player|p2|callmetoru|koga|1048\n|teamsize|p1|1\n|teamsize|p2|6\n|gen|9\n|tier|[Gen 9] OU\n|rated|\n|rule|Sleep Clause Mod: Limit one foe put to sleep\n|rule|Species Clause: Limit one of each Pok\u00e9mon\n|rule|OHKO Clause: OHKO moves are banned\n|rule|Evasion Items Clause: Evasion items are banned\n|rule|Evasion Moves Clause: Evasion moves are banned\n|rule|Endless Battle Clause: Forcing endless battles is banned\n|rule|HP Percentage Mod: HP is shown in percentages\n|clearpoke\n|poke|p1|Overqwil, M|\n|poke|p2|Rillaboom, F|\n|poke|p2|Greninja-*, M|\n|poke|p2|Blissey, F|\n|poke|p2|Corviknight, M|\n|poke|p2|Zamazenta-*|\n|poke|p2|Dragonite, M|\n|teampreview\n|inactive|Battle timer is ON: inactive players will automatically lose when time's up. (requested by uhhEnder)\n|\n|t:|1699975338\n|start\n|switch|p1a: Overqwil|Overqwil, M, shiny|100\/100\n|switch|p2a: Rillaboom|Rillaboom, F|100\/100\n|turn|1\n|\n|t:|1699975345\n|move|p1a: Overqwil|Acupressure|p1a: Overqwil\n|-boost|p1a: Overqwil|accuracy|2\n|move|p2a: Rillaboom|Swords Dance|p2a: Rillaboom\n|-boost|p2a: Rillaboom|atk|2\n|\n|upkeep\n|turn|2\n|\n|t:|1699975353\n|move|p1a: Overqwil|Acupressure|p1a: Overqwil\n|-boost|p1a: Overqwil|evasion|2\n|move|p2a: Rillaboom|Grassy Glide|p1a: Overqwil\n|-resisted|p1a: Overqwil\n|-damage|p1a: Overqwil|69\/100\n|-status|p2a: Rillaboom|psn|[from] ability: Poison Point|[of] p1a: Overqwil\n|\n|-heal|p1a: Overqwil|75\/100|[from] item: Leftovers\n|-damage|p2a: Rillaboom|88\/100 psn|[from] psn\n|upkeep\n|turn|3\n|\n|t:|1699975363\n|switch|p2a: Corviknight|Corviknight, M|100\/100\n|-ability|p2a: Corviknight|Pressure\n|move|p1a: Overqwil|Acupressure|p1a: Overqwil\n|-boost|p1a: Overqwil|atk|2\n|\n|-heal|p1a: Overqwil|81\/100|[from] item: Leftovers\n|upkeep\n|turn|4\n|\n|t:|1699975372\n|move|p1a: Overqwil|Acupressure|p1a: Overqwil\n|-boost|p1a: Overqwil|atk|2\n|move|p2a: Corviknight|Defog|p1a: Overqwil\n|-unboost|p1a: Overqwil|evasion|1\n|\n|-heal|p1a: Overqwil|87\/100|[from] item: Leftovers\n|upkeep\n|turn|5\n|\n|t:|1699975382\n|move|p1a: Overqwil|Acupressure|p1a: Overqwil\n|-boost|p1a: Overqwil|def|2\n|move|p2a: Corviknight|Body Press|p1a: Overqwil\n|-damage|p1a: Overqwil|72\/100\n|\n|-heal|p1a: Overqwil|78\/100|[from] item: Leftovers\n|upkeep\n|turn|6\n|\n|t:|1699975400\n|move|p1a: Overqwil|Acupressure|p1a: Overqwil\n|-boost|p1a: Overqwil|evasion|2\n|move|p2a: Corviknight|U-turn|p1a: Overqwil\n|-damage|p1a: Overqwil|71\/100\n|\n|t:|1699975406\n|switch|p2a: Dragonite|Dragonite, M|100\/100|[from] U-turn\n|\n|-heal|p1a: Overqwil|77\/100|[from] item: Leftovers\n|upkeep\n|turn|7\n|\n|t:|1699975416\n|move|p1a: Overqwil|Acupressure|p1a: Overqwil\n|-boost|p1a: Overqwil|atk|2\n|move|p2a: Dragonite|Earthquake|p1a: Overqwil\n|-supereffective|p1a: Overqwil\n|-damage|p1a: Overqwil|33\/100\n|\n|-heal|p1a: Overqwil|39\/100|[from] item: Leftovers\n|upkeep\n|turn|8\n|\n|t:|1699975424\n|-terastallize|p1a: Overqwil|Flying\n|-terastallize|p2a: Dragonite|Dragon\n|move|p1a: Overqwil|Liquidation|p2a: Dragonite\n|-resisted|p2a: Dragonite\n|-crit|p2a: Dragonite\n|-damage|p2a: Dragonite|6\/100\n|move|p2a: Dragonite|Earthquake|p1a: Overqwil\n|-immune|p1a: Overqwil\n|\n|-heal|p1a: Overqwil|45\/100|[from] item: Leftovers\n|upkeep\n|turn|9\n|\n|t:|1699975437\n|move|p1a: Overqwil|Liquidation|p2a: Dragonite\n|-resisted|p2a: Dragonite\n|-damage|p2a: Dragonite|0 fnt\n|faint|p2a: Dragonite\n|\n|-heal|p1a: Overqwil|51\/100|[from] item: Leftovers\n|upkeep\n|\n|t:|1699975445\n|switch|p2a: Blissey|Blissey, F|100\/100\n|turn|10\n|\n|t:|1699975451\n|move|p1a: Overqwil|Liquidation|p2a: Blissey\n|-damage|p2a: Blissey|14\/100\n|move|p2a: Blissey|Calm Mind|p2a: Blissey\n|-boost|p2a: Blissey|spa|1\n|-boost|p2a: Blissey|spd|1\n|\n|-heal|p1a: Overqwil|57\/100|[from] item: Leftovers\n|upkeep\n|turn|11\n|\n|t:|1699975460\n|move|p1a: Overqwil|Liquidation|p2a: Blissey\n|-damage|p2a: Blissey|0 fnt\n|faint|p2a: Blissey\n|\n|-heal|p1a: Overqwil|64\/100|[from] item: Leftovers\n|upkeep\n|\n|t:|1699975470\n|switch|p2a: Rillaboom|Rillaboom, F|88\/100 psn\n|turn|12\n|\n|t:|1699975474\n|move|p1a: Overqwil|Acupressure|p1a: Overqwil\n|-boost|p1a: Overqwil|def|2\n|move|p2a: Rillaboom|Swords Dance|p2a: Rillaboom\n|-boost|p2a: Rillaboom|atk|2\n|\n|-heal|p1a: Overqwil|70\/100|[from] item: Leftovers\n|-heal|p2a: Rillaboom|94\/100 psn|[from] item: Leftovers\n|-damage|p2a: Rillaboom|82\/100 psn|[from] psn\n|upkeep\n|turn|13\n|\n|t:|1699975483\n|move|p1a: Overqwil|Protect|p1a: Overqwil\n|-singleturn|p1a: Overqwil|Protect\n|move|p2a: Rillaboom|Drain Punch|p1a: Overqwil\n|-activate|p1a: Overqwil|move: Protect\n|\n|-heal|p1a: Overqwil|76\/100|[from] item: Leftovers\n|-heal|p2a: Rillaboom|88\/100 psn|[from] item: Leftovers\n|-damage|p2a: Rillaboom|76\/100 psn|[from] psn\n|upkeep\n|turn|14\n|\n|t:|1699975494\n|move|p1a: Overqwil|Acupressure|p1a: Overqwil\n|-boost|p1a: Overqwil|spe|2\n|move|p2a: Rillaboom|Drain Punch|p1a: Overqwil|[miss]\n|-miss|p2a: Rillaboom|p1a: Overqwil\n|\n|-heal|p1a: Overqwil|82\/100|[from] item: Leftovers\n|-heal|p2a: Rillaboom|82\/100 psn|[from] item: Leftovers\n|-damage|p2a: Rillaboom|69\/100 psn|[from] psn\n|upkeep\n|turn|15\n|\n|t:|1699975506\n|move|p1a: Overqwil|Acupressure|p1a: Overqwil\n|-boost|p1a: Overqwil|def|2\n|move|p2a: Rillaboom|Knock Off|p1a: Overqwil|[miss]\n|-miss|p2a: Rillaboom|p1a: Overqwil\n|\n|-heal|p1a: Overqwil|88\/100|[from] item: Leftovers\n|-heal|p2a: Rillaboom|76\/100 psn|[from] item: Leftovers\n|-damage|p2a: Rillaboom|63\/100 psn|[from] psn\n|upkeep\n|turn|16\n|c|\u2606callmetoru|lmao\n|\n|t:|1699975519\n|switch|p2a: Corviknight|Corviknight, M|100\/100\n|-ability|p2a: Corviknight|Pressure\n|move|p1a: Overqwil|Acupressure|p1a: Overqwil\n|-boost|p1a: Overqwil|accuracy|2\n|\n|-heal|p1a: Overqwil|94\/100|[from] item: Leftovers\n|upkeep\n|turn|17\n|\n|t:|1699975529\n|move|p1a: Overqwil|Liquidation|p2a: Corviknight\n|-damage|p2a: Corviknight|33\/100\n|-unboost|p2a: Corviknight|def|1\n|-damage|p1a: Overqwil|78\/100|[from] item: Rocky Helmet|[of] p2a: Corviknight\n|move|p2a: Corviknight|Body Press|p1a: Overqwil|[miss]\n|-miss|p2a: Corviknight|p1a: Overqwil\n|\n|-heal|p1a: Overqwil|84\/100|[from] item: Leftovers\n|upkeep\n|turn|18\n|\n|t:|1699975538\n|move|p1a: Overqwil|Liquidation|p2a: Corviknight\n|-damage|p2a: Corviknight|0 fnt\n|-damage|p1a: Overqwil|67\/100|[from] item: Rocky Helmet|[of] p2a: Corviknight\n|faint|p2a: Corviknight\n|\n|-heal|p1a: Overqwil|73\/100|[from] item: Leftovers\n|upkeep\n|\n|t:|1699975554\n|switch|p2a: Greninja|Greninja, M|100\/100\n|turn|19\n|\n|t:|1699975562\n|move|p1a: Overqwil|Protect|p1a: Overqwil\n|-singleturn|p1a: Overqwil|Protect\n|move|p2a: Greninja|Spikes|p1a: Overqwil\n|-sidestart|p1: uhhEnder|Spikes\n|\n|-heal|p1a: Overqwil|80\/100|[from] item: Leftovers\n|upkeep\n|turn|20\n|\n|t:|1699975568\n|move|p1a: Overqwil|Acupressure|p1a: Overqwil\n|-boost|p1a: Overqwil|spe|2\n|move|p2a: Greninja|Spikes|p1a: Overqwil\n|-sidestart|p1: uhhEnder|Spikes\n|\n|-heal|p1a: Overqwil|86\/100|[from] item: Leftovers\n|upkeep\n|turn|21\n|\n|t:|1699975577\n|switch|p2a: Zamazenta|Zamazenta|100\/100\n|-ability|p2a: Zamazenta|Dauntless Shield|boost\n|-boost|p2a: Zamazenta|def|1\n|move|p1a: Overqwil|Acupressure|p1a: Overqwil\n|-boost|p1a: Overqwil|spd|2\n|\n|-heal|p1a: Overqwil|92\/100|[from] item: Leftovers\n|upkeep\n|turn|22\n|\n|t:|1699975596\n|move|p1a: Overqwil|Liquidation|p2a: Zamazenta\n|-damage|p2a: Zamazenta|29\/100\n|move|p2a: Zamazenta|Wild Charge|p1a: Overqwil|[miss]\n|-miss|p2a: Zamazenta|p1a: Overqwil\n|\n|-heal|p1a: Overqwil|98\/100|[from] item: Leftovers\n|upkeep\n|turn|23\n|\n|t:|1699975605\n|switch|p2a: Rillaboom|Rillaboom, F|63\/100 psn\n|move|p1a: Overqwil|Liquidation|p2a: Rillaboom\n|-resisted|p2a: Rillaboom\n|-damage|p2a: Rillaboom|12\/100 psn\n|\n|-heal|p1a: Overqwil|100\/100|[from] item: Leftovers\n|-heal|p2a: Rillaboom|19\/100 psn|[from] item: Leftovers\n|-damage|p2a: Rillaboom|6\/100 psn|[from] psn\n|upkeep\n|turn|24\n|\n|t:|1699975618\n|move|p1a: Overqwil|Acupressure|p1a: Overqwil\n|-boost|p1a: Overqwil|spd|2\n|move|p2a: Rillaboom|Drain Punch|p1a: Overqwil\n|-resisted|p1a: Overqwil\n|-damage|p1a: Overqwil|97\/100\n|-heal|p2a: Rillaboom|8\/100 psn|[from] drain|[of] p1a: Overqwil\n|\n|-heal|p1a: Overqwil|100\/100|[from] item: Leftovers\n|-heal|p2a: Rillaboom|14\/100 psn|[from] item: Leftovers\n|-damage|p2a: Rillaboom|1\/100 psn|[from] psn\n|upkeep\n|turn|25\n|\n|t:|1699975631\n|move|p1a: Overqwil|Acupressure|p1a: Overqwil\n|-boost|p1a: Overqwil|evasion|2\n|move|p2a: Rillaboom|Grassy Glide|p1a: Overqwil\n|-resisted|p1a: Overqwil\n|-damage|p1a: Overqwil|95\/100\n|\n|-heal|p1a: Overqwil|100\/100|[from] item: Leftovers\n|-heal|p2a: Rillaboom|8\/100 psn|[from] item: Leftovers\n|-damage|p2a: Rillaboom|0 fnt|[from] psn\n|faint|p2a: Rillaboom\n|upkeep\n|\n|t:|1699975634\n|switch|p2a: Greninja|Greninja, M|100\/100\n|turn|26\n|\n|t:|1699975644\n|move|p1a: Overqwil|Acupressure|p1a: Overqwil\n|-boost|p1a: Overqwil|evasion|1\n|move|p2a: Greninja|Dark Pulse|p1a: Overqwil\n|-damage|p1a: Overqwil|72\/100\n|\n|-heal|p1a: Overqwil|78\/100|[from] item: Leftovers\n|upkeep\n|turn|27\n|\n|t:|1699975651\n|move|p1a: Overqwil|Acupressure|p1a: Overqwil\n|-boost|p1a: Overqwil|spa|2\n|move|p2a: Greninja|Dark Pulse|p1a: Overqwil|[miss]\n|-miss|p2a: Greninja|p1a: Overqwil\n|\n|-heal|p1a: Overqwil|84\/100|[from] item: Leftovers\n|upkeep\n|turn|28\n|\n|t:|1699975655\n|move|p1a: Overqwil|Acupressure|p1a: Overqwil\n|-boost|p1a: Overqwil|spa|2\n|move|p2a: Greninja|Dark Pulse|p1a: Overqwil|[miss]\n|-miss|p2a: Greninja|p1a: Overqwil\n|\n|-heal|p1a: Overqwil|91\/100|[from] item: Leftovers\n|upkeep\n|turn|29\n|\n|t:|1699975664\n|switch|p2a: Zamazenta|Zamazenta|29\/100\n|move|p1a: Overqwil|Acupressure|p1a: Overqwil\n|-boost|p1a: Overqwil|spd|2\n|\n|-heal|p1a: Overqwil|97\/100|[from] item: Leftovers\n|upkeep\n|turn|30\n|\n|t:|1699975675\n|move|p1a: Overqwil|Liquidation|p2a: Zamazenta\n|-damage|p2a: Zamazenta|0 fnt\n|faint|p2a: Zamazenta\n|\n|-heal|p1a: Overqwil|100\/100|[from] item: Leftovers\n|upkeep\n|\n|t:|1699975680\n|switch|p2a: Greninja|Greninja, M|100\/100\n|turn|31\n|\n|t:|1699975697\n|move|p2a: Greninja|Water Shuriken|p1a: Overqwil|[miss]\n|-miss|p2a: Greninja|p1a: Overqwil\n|move|p1a: Overqwil|Acupressure|p1a: Overqwil\n|-boost|p1a: Overqwil|accuracy|2\n|\n|upkeep\n|turn|32\n|\n|t:|1699975707\n|move|p2a: Greninja|Water Shuriken|p1a: Overqwil|[miss]\n|-miss|p2a: Greninja|p1a: Overqwil\n|move|p1a: Overqwil|Sludge Bomb|p2a: Greninja\n|-damage|p2a: Greninja|10\/100\n|\n|upkeep\n|turn|33\n|\n|t:|1699975714\n|move|p2a: Greninja|Water Shuriken|p1a: Overqwil|[miss]\n|-miss|p2a: Greninja|p1a: Overqwil\n|move|p1a: Overqwil|Sludge Bomb|p2a: Greninja\n|-damage|p2a: Greninja|0 fnt\n|faint|p2a: Greninja\n|\n|win|uhhEnder\n|raw|uhhEnder's rating: 1000 &rarr; <strong>1045<\/strong><br \/>(+45 for winning)\n|raw|callmetoru's rating: 1048 &rarr; <strong>1028<\/strong><br \/>(-20 for losing)\n","uploadtime":1699975759,"views":11,"p1id":"uhhender","p2id":"callmetoru","formatid":"gen9ou","rating":1028,"private":0,"password":""}