{"id":"gen9ou-1993350984","p1":"Chabbott918","p2":"Mouseattack","format":"[Gen 9] OU","log":"|j|\u2606Chabbott918\n|j|\u2606Mouseattack\n|t:|1700303945\n|gametype|singles\n|player|p1|Chabbott918|raifort|1192\n|player|p2|Mouseattack|koga|1117\n|teamsize|p1|6\n|teamsize|p2|6\n|gen|9\n|tier|[Gen 9] OU\n|rated|\n|rule|Sleep Clause Mod: Limit one foe put to sleep\n|rule|Species Clause: Limit one of each Pok\u00e9mon\n|rule|OHKO Clause: OHKO moves are banned\n|rule|Evasion Items Clause: Evasion items are banned\n|rule|Evasion Moves Clause: Evasion moves are banned\n|rule|Endless Battle Clause: Forcing endless battles is banned\n|rule|HP Percentage Mod: HP is shown in percentages\n|clearpoke\n|poke|p1|Samurott-Hisui, M|\n|poke|p1|Ribombee, F|\n|poke|p1|Heatran, F|\n|poke|p1|Dragapult, M|\n|poke|p1|Great Tusk|\n|poke|p1|Rillaboom, M|\n|poke|p2|Samurott-Hisui, M|\n|poke|p2|Maushold|\n|poke|p2|Garganacl, M|\n|poke|p2|Kingambit, M|\n|poke|p2|Amoonguss, M|\n|poke|p2|Weavile, F|\n|teampreview\n|inactive|Battle timer is ON: inactive players will automatically lose when time's up. (requested by Mouseattack)\n|\n|t:|1700303967\n|start\n|switch|p1a: Dragapult|Dragapult, M, shiny|100\/100\n|switch|p2a: China Attacks|Maushold|100\/100\n|turn|1\n|\n|t:|1700303989\n|switch|p2a: Masterball|Amoonguss, M, shiny|100\/100\n|move|p1a: Dragapult|Draco Meteor|p2a: Masterball\n|-damage|p2a: Masterball|24\/100\n|-unboost|p1a: Dragapult|spa|2\n|-enditem|p2a: Masterball|Red Card|[of] p1a: Dragapult\n|drag|p1a: Samurott|Samurott-Hisui, M|100\/100\n|\n|upkeep\n|turn|2\n|\n|t:|1700304003\n|switch|p2a: \u270f\ufe0f Sharpner|Samurott-Hisui, M, shiny|100\/100\n|move|p1a: Samurott|Ceaseless Edge|p2a: \u270f\ufe0f Sharpner\n|-resisted|p2a: \u270f\ufe0f Sharpner\n|-damage|p2a: \u270f\ufe0f Sharpner|73\/100\n|-sidestart|p2: Mouseattack|Spikes\n|\n|upkeep\n|turn|3\n|\n|t:|1700304013\n|switch|p1a: Rillaboom|Rillaboom, M|100\/100\n|-fieldstart|move: Grassy Terrain|[from] ability: Grassy Surge|[of] p1a: Rillaboom\n|move|p2a: \u270f\ufe0f Sharpner|Ceaseless Edge|p1a: Rillaboom\n|-damage|p1a: Rillaboom|50\/100\n|-sidestart|p1: Chabbott918|Spikes\n|\n|-heal|p1a: Rillaboom|56\/100|[from] Grassy Terrain\n|-heal|p2a: \u270f\ufe0f Sharpner|79\/100|[from] Grassy Terrain\n|upkeep\n|turn|4\n|\n|t:|1700304021\n|switch|p2a: Masterball|Amoonguss, M, shiny|57\/100\n|-damage|p2a: Masterball|45\/100|[from] Spikes\n|move|p1a: Rillaboom|Grassy Glide|p2a: Masterball\n|-resisted|p2a: Masterball\n|-damage|p2a: Masterball|37\/100\n|-damage|p1a: Rillaboom|46\/100|[from] item: Life Orb\n|\n|-heal|p1a: Rillaboom|52\/100|[from] Grassy Terrain\n|-heal|p2a: Masterball|43\/100|[from] Grassy Terrain\n|upkeep\n|turn|5\n|\n|t:|1700304031\n|switch|p1a: Ribombee|Ribombee, F|100\/100\n|-damage|p1a: Ribombee|88\/100|[from] Spikes\n|move|p2a: Masterball|Sludge Bomb|p1a: Ribombee\n|-supereffective|p1a: Ribombee\n|-damage|p1a: Ribombee|0 fnt\n|faint|p1a: Ribombee\n|\n|-heal|p2a: Masterball|49\/100|[from] Grassy Terrain\n|upkeep\n|\n|t:|1700304039\n|switch|p1a: Great Tusk|Great Tusk|100\/100\n|-damage|p1a: Great Tusk|88\/100|[from] Spikes\n|-enditem|p1a: Great Tusk|Booster Energy\n|-activate|p1a: Great Tusk|ability: Protosynthesis|[fromitem]\n|-start|p1a: Great Tusk|protosynthesisspe\n|turn|6\n|\n|t:|1700304048\n|move|p1a: Great Tusk|Ice Spinner|p2a: Masterball\n|-supereffective|p2a: Masterball\n|-damage|p2a: Masterball|15\/100\n|-fieldend|move: Grassy Terrain\n|move|p2a: Masterball|Grass Knot|p1a: Great Tusk\n|-supereffective|p1a: Great Tusk\n|-damage|p1a: Great Tusk|0 fnt\n|faint|p1a: Great Tusk\n|-end|p1a: Great Tusk|Protosynthesis|[silent]\n|\n|upkeep\n|\n|t:|1700304059\n|switch|p1a: Samurott|Samurott-Hisui, M|100\/100\n|-damage|p1a: Samurott|88\/100|[from] Spikes\n|turn|7\n|\n|t:|1700304063\n|move|p1a: Samurott|Ceaseless Edge|p2a: Masterball\n|-damage|p2a: Masterball|0 fnt\n|-sidestart|p2: Mouseattack|Spikes\n|faint|p2a: Masterball\n|\n|upkeep\n|\n|t:|1700304066\n|switch|p2a: Garganaci|Garganacl, M|100\/100\n|-damage|p2a: Garganaci|84\/100|[from] Spikes\n|turn|8\n|\n|t:|1700304069\n|-terastallize|p2a: Garganaci|Fairy\n|move|p1a: Samurott|Razor Shell|p2a: Garganaci\n|-damage|p2a: Garganaci|51\/100\n|move|p2a: Garganaci|Iron Defense|p2a: Garganaci\n|-boost|p2a: Garganaci|def|2\n|\n|-heal|p2a: Garganaci|57\/100|[from] item: Leftovers\n|upkeep\n|turn|9\n|\n|t:|1700304074\n|move|p1a: Samurott|Encore|p2a: Garganaci\n|-start|p2a: Garganaci|Encore\n|move|p2a: Garganaci|Iron Defense|p2a: Garganaci\n|-boost|p2a: Garganaci|def|2\n|\n|-heal|p2a: Garganaci|63\/100|[from] item: Leftovers\n|upkeep\n|turn|10\n|\n|t:|1700304078\n|move|p1a: Samurott|Swords Dance|p1a: Samurott\n|-boost|p1a: Samurott|atk|2\n|move|p2a: Garganaci|Iron Defense|p2a: Garganaci\n|-boost|p2a: Garganaci|def|2\n|\n|-heal|p2a: Garganaci|70\/100|[from] item: Leftovers\n|upkeep\n|turn|11\n|\n|t:|1700304083\n|switch|p2a: China Attacks|Maushold|100\/100\n|-damage|p2a: China Attacks|84\/100|[from] Spikes\n|move|p1a: Samurott|Swords Dance|p1a: Samurott\n|-boost|p1a: Samurott|atk|2\n|\n|upkeep\n|turn|12\n|\n|t:|1700304088\n|-terastallize|p1a: Samurott|Ghost\n|move|p2a: China Attacks|Encore|p1a: Samurott\n|-start|p1a: Samurott|Encore\n|move|p1a: Samurott|Swords Dance|p1a: Samurott\n|-boost|p1a: Samurott|atk|2\n|\n|upkeep\n|turn|13\n|\n|t:|1700304095\n|switch|p1a: Rillaboom|Rillaboom, M|52\/100\n|-damage|p1a: Rillaboom|40\/100|[from] Spikes\n|-fieldstart|move: Grassy Terrain|[from] ability: Grassy Surge|[of] p1a: Rillaboom\n|move|p2a: China Attacks|Tidy Up|p2a: China Attacks\n|-sideend|p2: Mouseattack|Spikes\n|-sideend|p1: Chabbott918|Spikes\n|-activate|p2a: China Attacks|move: Tidy Up\n|-boost|p2a: China Attacks|atk|1\n|-boost|p2a: China Attacks|spe|1\n|\n|-heal|p2a: China Attacks|90\/100|[from] Grassy Terrain\n|-heal|p1a: Rillaboom|46\/100|[from] Grassy Terrain\n|upkeep\n|turn|14\n|\n|t:|1700304100\n|move|p1a: Rillaboom|Grassy Glide|p2a: China Attacks\n|-damage|p2a: China Attacks|21\/100\n|-damage|p1a: Rillaboom|36\/100|[from] item: Life Orb\n|move|p2a: China Attacks|Population Bomb|p1a: Rillaboom\n|-damage|p1a: Rillaboom|17\/100\n|-damage|p1a: Rillaboom|0 fnt\n|faint|p1a: Rillaboom\n|-hitcount|p1: Rillaboom|2\n|\n|-heal|p2a: China Attacks|27\/100|[from] Grassy Terrain\n|upkeep\n|\n|t:|1700304108\n|switch|p1a: Heatran|Heatran, F|100\/100\n|turn|15\n|\n|t:|1700304117\n|move|p2a: China Attacks|Population Bomb|p1a: Heatran\n|-resisted|p1a: Heatran\n|-damage|p1a: Heatran|92\/100\n|-resisted|p1a: Heatran\n|-damage|p1a: Heatran|83\/100\n|-resisted|p1a: Heatran\n|-damage|p1a: Heatran|75\/100\n|-resisted|p1a: Heatran\n|-damage|p1a: Heatran|67\/100\n|-resisted|p1a: Heatran\n|-damage|p1a: Heatran|59\/100\n|-resisted|p1a: Heatran\n|-damage|p1a: Heatran|50\/100\n|-resisted|p1a: Heatran\n|-damage|p1a: Heatran|42\/100\n|-resisted|p1a: Heatran\n|-damage|p1a: Heatran|35\/100\n|-resisted|p1a: Heatran\n|-damage|p1a: Heatran|27\/100\n|-resisted|p1a: Heatran\n|-damage|p1a: Heatran|18\/100\n|-hitcount|p1a: Heatran|10\n|move|p1a: Heatran|Flash Cannon|p2a: China Attacks\n|-crit|p2a: China Attacks\n|-damage|p2a: China Attacks|0 fnt\n|faint|p2a: China Attacks\n|\n|-heal|p1a: Heatran|24\/100|[from] Grassy Terrain\n|-heal|p1a: Heatran|30\/100|[from] item: Leftovers\n|upkeep\n|\n|t:|1700304146\n|switch|p2a: \u270f\ufe0f Sharpner|Samurott-Hisui, M, shiny|79\/100\n|turn|16\n|\n|t:|1700304162\n|move|p1a: Heatran|Lava Plume|p2a: \u270f\ufe0f Sharpner\n|-resisted|p2a: \u270f\ufe0f Sharpner\n|-damage|p2a: \u270f\ufe0f Sharpner|49\/100\n|-status|p2a: \u270f\ufe0f Sharpner|brn\n|move|p2a: \u270f\ufe0f Sharpner|Swords Dance|p2a: \u270f\ufe0f Sharpner\n|-boost|p2a: \u270f\ufe0f Sharpner|atk|2\n|\n|-heal|p1a: Heatran|37\/100|[from] Grassy Terrain\n|-heal|p1a: Heatran|43\/100|[from] item: Leftovers\n|-heal|p2a: \u270f\ufe0f Sharpner|55\/100 brn|[from] Grassy Terrain\n|-damage|p2a: \u270f\ufe0f Sharpner|49\/100 brn|[from] brn\n|upkeep\n|turn|17\n|\n|t:|1700304180\n|move|p1a: Heatran|Earth Power|p2a: \u270f\ufe0f Sharpner\n|-damage|p2a: \u270f\ufe0f Sharpner|2\/100 brn\n|move|p2a: \u270f\ufe0f Sharpner|Ceaseless Edge|p1a: Heatran\n|-damage|p1a: Heatran|0 fnt\n|-sidestart|p1: Chabbott918|Spikes\n|faint|p1a: Heatran\n|\n|-heal|p2a: \u270f\ufe0f Sharpner|8\/100 brn|[from] Grassy Terrain\n|-damage|p2a: \u270f\ufe0f Sharpner|2\/100 brn|[from] brn\n|-fieldend|move: Grassy Terrain\n|upkeep\n|\n|t:|1700304191\n|switch|p1a: Dragapult|Dragapult, M, shiny|100\/100\n|-damage|p1a: Dragapult|88\/100|[from] Spikes\n|turn|18\n|\n|t:|1700304196\n|move|p2a: \u270f\ufe0f Sharpner|Aqua Jet|p1a: Dragapult\n|-resisted|p1a: Dragapult\n|-damage|p1a: Dragapult|72\/100\n|move|p1a: Dragapult|U-turn|p2a: \u270f\ufe0f Sharpner\n|-supereffective|p2a: \u270f\ufe0f Sharpner\n|-damage|p2a: \u270f\ufe0f Sharpner|0 fnt\n|faint|p2a: \u270f\ufe0f Sharpner\n|\n|t:|1700304203\n|switch|p1a: Samurott|Samurott-Hisui, M, tera:Ghost|88\/100|[from] U-turn\n|-damage|p1a: Samurott|76\/100|[from] Spikes\n|\n|upkeep\n|\n|t:|1700304210\n|switch|p2a: PinkyPie|Weavile, F, shiny|100\/100\n|-ability|p2a: PinkyPie|Pressure\n|turn|19\n|\n|t:|1700304214\n|move|p2a: PinkyPie|Knock Off|p1a: Samurott\n|-supereffective|p1a: Samurott\n|-damage|p1a: Samurott|0 fnt\n|-enditem|p1a: Samurott|Blunder Policy|[from] move: Knock Off|[of] p2a: PinkyPie\n|faint|p1a: Samurott\n|\n|upkeep\n|\n|t:|1700304219\n|switch|p1a: Dragapult|Dragapult, M, shiny|72\/100\n|-damage|p1a: Dragapult|60\/100|[from] Spikes\n|turn|20\n|\n|t:|1700304228\n|move|p2a: PinkyPie|Ice Shard|p1a: Dragapult\n|-supereffective|p1a: Dragapult\n|-damage|p1a: Dragapult|1\/100\n|move|p1a: Dragapult|Thunderbolt|p2a: PinkyPie\n|-damage|p2a: PinkyPie|51\/100\n|\n|upkeep\n|turn|21\n|\n|t:|1700304234\n|move|p2a: PinkyPie|Ice Shard|p1a: Dragapult\n|-supereffective|p1a: Dragapult\n|-damage|p1a: Dragapult|0 fnt\n|faint|p1a: Dragapult\n|\n|win|Mouseattack\n|raw|Chabbott918's rating: 1192 &rarr; <strong>1162<\/strong><br \/>(-30 for losing)\n|raw|Mouseattack's rating: 1117 &rarr; <strong>1147<\/strong><br \/>(+30 for winning)\n|l|\u2606Chabbott918\n","uploadtime":1700304244,"views":22,"p1id":"chabbott918","p2id":"mouseattack","formatid":"gen9ou","rating":1147,"private":0,"password":""}