{"id":"gen9ou-1993212949","p1":"MicrowaveHeart","p2":"Perfect DarK 0707","format":"[Gen 9] OU","log":"|j|\u2606MicrowaveHeart\n|j|\u2606Perfect DarK 0707\n|t:|1700278840\n|gametype|singles\n|player|p1|MicrowaveHeart|hilda|1467\n|player|p2|Perfect DarK 0707|teamrocketgruntf-gen3|1535\n|teamsize|p1|6\n|teamsize|p2|6\n|gen|9\n|tier|[Gen 9] OU\n|rated|\n|rule|Sleep Clause Mod: Limit one foe put to sleep\n|rule|Species Clause: Limit one of each Pok\u00e9mon\n|rule|OHKO Clause: OHKO moves are banned\n|rule|Evasion Items Clause: Evasion items are banned\n|rule|Evasion Moves Clause: Evasion moves are banned\n|rule|Endless Battle Clause: Forcing endless battles is banned\n|rule|HP Percentage Mod: HP is shown in percentages\n|clearpoke\n|poke|p1|Kleavor, M|\n|poke|p1|Iron Moth|\n|poke|p1|Weezing-Galar, M|\n|poke|p1|Ogerpon-Wellspring, F|\n|poke|p1|Gholdengo|\n|poke|p1|Thundurus, M|\n|poke|p2|Cinderace, M|\n|poke|p2|Gholdengo|\n|poke|p2|Iron Valiant|\n|poke|p2|Ogerpon-Wellspring, F|\n|poke|p2|Dragonite, M|\n|poke|p2|Great Tusk|\n|teampreview\n|inactive|Battle timer is ON: inactive players will automatically lose when time's up. (requested by Perfect DarK 0707)\n|\n|t:|1700278850\n|start\n|switch|p1a: Thundurus|Thundurus, M|100\/100\n|switch|p2a: 7usK|Great Tusk|100\/100\n|turn|1\n|inactive|Perfect DarK 0707 has 120 seconds left.\n|inactive|Perfect DarK 0707 has 90 seconds left.\n|inactive|Perfect DarK 0707 has 60 seconds left.\n|\n|t:|1700278943\n|-end|p2a: 7usK|Protosynthesis|[silent]\n|switch|p2a: S1Lv3R Bull37|Cinderace, M, shiny|100\/100\n|move|p1a: Thundurus|Grass Knot|p2a: S1Lv3R Bull37\n|-resisted|p2a: S1Lv3R Bull37\n|-damage|p2a: S1Lv3R Bull37|85\/100\n|\n|upkeep\n|turn|2\n|inactive|Perfect DarK 0707 has 60 seconds left.\n|inactive|MicrowaveHeart has 120 seconds left.\n|\n|t:|1700278980\n|move|p1a: Thundurus|Thunder Wave|p2a: S1Lv3R Bull37\n|-status|p2a: S1Lv3R Bull37|par\n|move|p2a: S1Lv3R Bull37|Pyro Ball|p1a: Thundurus\n|-damage|p1a: Thundurus|22\/100\n|\n|upkeep\n|turn|3\n|inactive|MicrowaveHeart has 120 seconds left.\n|\n|t:|1700278988\n|move|p1a: Thundurus|Volt Switch|p2a: S1Lv3R Bull37\n|-damage|p2a: S1Lv3R Bull37|33\/100 par\n|inactive|MicrowaveHeart has 120 seconds left.\n|\n|t:|1700279011\n|switch|p1a: Kleavor|Kleavor, M, shiny|100\/100|[from] Volt Switch\n|cant|p2a: S1Lv3R Bull37|par\n|\n|upkeep\n|turn|4\n|\n|t:|1700279019\n|switch|p2a: 7usK|Great Tusk|100\/100\n|move|p1a: Kleavor|Stone Axe|p2a: 7usK\n|-resisted|p2a: 7usK\n|-damage|p2a: 7usK|95\/100\n|-sidestart|p2: Perfect DarK 0707|move: Stealth Rock\n|\n|-heal|p2a: 7usK|100\/100|[from] item: Leftovers\n|upkeep\n|turn|5\n|\n|t:|1700279039\n|switch|p1a: Weezing|Weezing-Galar, M|100\/100\n|-ability|p1a: Weezing|Neutralizing Gas\n|move|p2a: 7usK|Rapid Spin|p1a: Weezing\n|-damage|p1a: Weezing|92\/100\n|-boost|p2a: 7usK|spe|1\n|-sideend|p2: Perfect DarK 0707|Stealth Rock|[from] move: Rapid Spin|[of] p2a: 7usK\n|\n|-heal|p1a: Weezing|98\/100|[from] item: Leftovers\n|upkeep\n|turn|6\n|\n|t:|1700279049\n|-end|p2a: 7usK|Protosynthesis|[silent]\n|switch|p2a: 401 K|Gholdengo|100\/100\n|move|p1a: Weezing|Will-O-Wisp|p2a: 401 K\n|-status|p2a: 401 K|brn\n|\n|-heal|p1a: Weezing|100\/100|[from] item: Leftovers\n|-damage|p2a: 401 K|95\/100 brn|[from] brn\n|upkeep\n|turn|7\n|\n|t:|1700279069\n|-end|p1a: Weezing|ability: Neutralizing Gas\n|switch|p1a: Iron Moth|Iron Moth|100\/100\n|-enditem|p1a: Iron Moth|Booster Energy\n|-activate|p1a: Iron Moth|ability: Quark Drive|[fromitem]\n|-start|p1a: Iron Moth|quarkdrivespe\n|move|p2a: 401 K|Shadow Ball|p1a: Iron Moth\n|-crit|p1a: Iron Moth\n|-damage|p1a: Iron Moth|45\/100\n|\n|-damage|p2a: 401 K|89\/100 brn|[from] brn\n|upkeep\n|turn|8\n|\n|t:|1700279082\n|switch|p2a: S1Lv3R Bull37|Cinderace, M, shiny|33\/100 par\n|move|p1a: Iron Moth|Substitute|p1a: Iron Moth\n|-start|p1a: Iron Moth|Substitute\n|-damage|p1a: Iron Moth|20\/100\n|\n|upkeep\n|turn|9\n|\n|t:|1700279089\n|move|p2a: S1Lv3R Bull37|Sucker Punch|p1a: Iron Moth\n|-start|p2a: S1Lv3R Bull37|typechange|Dark|[from] ability: Libero\n|-end|p1a: Iron Moth|Substitute\n|move|p1a: Iron Moth|Sludge Wave|p2a: S1Lv3R Bull37\n|-damage|p2a: S1Lv3R Bull37|0 fnt\n|faint|p2a: S1Lv3R Bull37\n|\n|upkeep\n|\n|t:|1700279098\n|switch|p2a: Terrifying \ud83e\udeb6|Dragonite, M|100\/100\n|turn|10\n|\n|t:|1700279102\n|move|p1a: Iron Moth|Sludge Wave|p2a: Terrifying \ud83e\udeb6\n|-crit|p2a: Terrifying \ud83e\udeb6\n|-damage|p2a: Terrifying \ud83e\udeb6|67\/100\n|-status|p2a: Terrifying \ud83e\udeb6|psn\n|move|p2a: Terrifying \ud83e\udeb6|Dragon Dance|p2a: Terrifying \ud83e\udeb6\n|-boost|p2a: Terrifying \ud83e\udeb6|atk|1\n|-boost|p2a: Terrifying \ud83e\udeb6|spe|1\n|\n|-heal|p2a: Terrifying \ud83e\udeb6|73\/100 psn|[from] item: Leftovers\n|-damage|p2a: Terrifying \ud83e\udeb6|61\/100 psn|[from] psn\n|upkeep\n|turn|11\n|inactive|Perfect DarK 0707 has 90 seconds left.\n|\n|t:|1700279114\n|-end|p1a: Iron Moth|Quark Drive|[silent]\n|switch|p1a: Golden Joe|Gholdengo|100\/100\n|move|p2a: Terrifying \ud83e\udeb6|Extreme Speed|p1a: Golden Joe\n|-immune|p1a: Golden Joe\n|\n|-heal|p2a: Terrifying \ud83e\udeb6|67\/100 psn|[from] item: Leftovers\n|-damage|p2a: Terrifying \ud83e\udeb6|55\/100 psn|[from] psn\n|upkeep\n|turn|12\n|\n|t:|1700279124\n|move|p2a: Terrifying \ud83e\udeb6|Earthquake|p1a: Golden Joe\n|-supereffective|p1a: Golden Joe\n|-damage|p1a: Golden Joe|2\/100\n|move|p1a: Golden Joe|Hex|p2a: Terrifying \ud83e\udeb6\n|-crit|p2a: Terrifying \ud83e\udeb6\n|-damage|p2a: Terrifying \ud83e\udeb6|0 fnt\n|faint|p2a: Terrifying \ud83e\udeb6\n|\n|-heal|p1a: Golden Joe|8\/100|[from] item: Leftovers\n|upkeep\n|inactive|Perfect DarK 0707 has 90 seconds left.\n|\n|t:|1700279142\n|switch|p2a: 401 K|Gholdengo|89\/100 brn\n|turn|13\n|\n|t:|1700279151\n|move|p2a: 401 K|Shadow Ball|p1a: Golden Joe\n|-supereffective|p1a: Golden Joe\n|-damage|p1a: Golden Joe|0 fnt\n|faint|p1a: Golden Joe\n|\n|-damage|p2a: 401 K|83\/100 brn|[from] brn\n|upkeep\n|\n|t:|1700279166\n|switch|p1a: Iron Moth|Iron Moth|20\/100\n|turn|14\n|\n|t:|1700279174\n|move|p2a: 401 K|Shadow Ball|p1a: Iron Moth\n|-crit|p1a: Iron Moth\n|-damage|p1a: Iron Moth|0 fnt\n|faint|p1a: Iron Moth\n|-end|p1a: Iron Moth|Quark Drive|[silent]\n|\n|-damage|p2a: 401 K|77\/100 brn|[from] brn\n|upkeep\n|\n|t:|1700279185\n|switch|p1a: Ogerpon|Ogerpon-Wellspring, F|100\/100\n|turn|15\n|inactive|MicrowaveHeart has 120 seconds left.\n|\n|t:|1700279211\n|-terastallize|p1a: Ogerpon|Water\n|detailschange|p1a: Ogerpon|Ogerpon-Wellspring-Tera, F, tera:Water\n|-ability|p1a: Ogerpon|Embody Aspect (Wellspring)|boost\n|-boost|p1a: Ogerpon|spd|1\n|move|p2a: 401 K|Shadow Ball|p1a: Ogerpon\n|-damage|p1a: Ogerpon|70\/100\n|move|p1a: Ogerpon|Knock Off|p2a: 401 K\n|-supereffective|p2a: 401 K\n|-damage|p2a: 401 K|0 fnt\n|-enditem|p2a: 401 K|Choice Scarf|[from] move: Knock Off|[of] p1a: Ogerpon\n|faint|p2a: 401 K\n|\n|upkeep\n|\n|t:|1700279225\n|switch|p2a: ASUKA|Ogerpon-Wellspring, F|100\/100\n|turn|16\n|\n|t:|1700279235\n|switch|p1a: Weezing|Weezing-Galar, M|100\/100\n|-ability|p1a: Weezing|Neutralizing Gas\n|move|p2a: ASUKA|Horn Leech|p1a: Weezing\n|-resisted|p1a: Weezing\n|-damage|p1a: Weezing|86\/100\n|\n|-heal|p1a: Weezing|92\/100|[from] item: Leftovers\n|upkeep\n|turn|17\n|\n|t:|1700279245\n|switch|p2a: 7usK|Great Tusk|100\/100\n|move|p1a: Weezing|Will-O-Wisp|p2a: 7usK\n|-status|p2a: 7usK|brn\n|\n|-heal|p1a: Weezing|98\/100|[from] item: Leftovers\n|-damage|p2a: 7usK|94\/100 brn|[from] brn\n|upkeep\n|turn|18\n|\n|t:|1700279259\n|-end|p1a: Weezing|ability: Neutralizing Gas\n|switch|p1a: Ogerpon|Ogerpon-Wellspring-Tera, F, tera:Water|70\/100\n|-ability|p1a: Ogerpon|Embody Aspect (Wellspring)|boost\n|-boost|p1a: Ogerpon|spd|1\n|move|p2a: 7usK|Stealth Rock|p1a: Ogerpon\n|-sidestart|p1: MicrowaveHeart|move: Stealth Rock\n|\n|-heal|p2a: 7usK|100\/100 brn|[from] item: Leftovers\n|-damage|p2a: 7usK|94\/100 brn|[from] brn\n|upkeep\n|turn|19\n|inactive|Perfect DarK 0707 has 120 seconds left.\n|\n|t:|1700279284\n|move|p1a: Ogerpon|Horn Leech|p2a: 7usK\n|-supereffective|p2a: 7usK\n|-damage|p2a: 7usK|50\/100 brn\n|-heal|p1a: Ogerpon|100\/100|[from] drain|[of] p2a: 7usK\n|move|p2a: 7usK|Earthquake|p1a: Ogerpon\n|-damage|p1a: Ogerpon|70\/100\n|\n|-heal|p2a: 7usK|56\/100 brn|[from] item: Leftovers\n|-damage|p2a: 7usK|50\/100 brn|[from] brn\n|upkeep\n|turn|20\n|inactive|Perfect DarK 0707 has 90 seconds left.\n|\n|t:|1700279311\n|move|p1a: Ogerpon|Swords Dance|p1a: Ogerpon\n|-boost|p1a: Ogerpon|atk|2\n|move|p2a: 7usK|Knock Off|p1a: Ogerpon\n|-damage|p1a: Ogerpon|58\/100\n|\n|-heal|p2a: 7usK|56\/100 brn|[from] item: Leftovers\n|-damage|p2a: 7usK|50\/100 brn|[from] brn\n|upkeep\n|turn|21\n|inactive|Perfect DarK 0707 has 90 seconds left.\n|inactive|MicrowaveHeart has 120 seconds left.\n|\n|t:|1700279329\n|move|p1a: Ogerpon|Horn Leech|p2a: 7usK\n|-supereffective|p2a: 7usK\n|-damage|p2a: 7usK|0 fnt\n|-heal|p1a: Ogerpon|93\/100|[from] drain|[of] p2a: 7usK\n|faint|p2a: 7usK\n|-end|p2a: 7usK|Protosynthesis|[silent]\n|\n|upkeep\n|\n|t:|1700279337\n|switch|p2a: ASUKA|Ogerpon-Wellspring, F|100\/100\n|turn|22\n|\n|t:|1700279347\n|move|p2a: ASUKA|Horn Leech|p1a: Ogerpon\n|-supereffective|p1a: Ogerpon\n|-damage|p1a: Ogerpon|0 fnt\n|faint|p1a: Ogerpon\n|\n|upkeep\n|inactive|MicrowaveHeart has 120 seconds left.\n|\n|t:|1700279365\n|switch|p1a: Kleavor|Kleavor, M, shiny|100\/100\n|-damage|p1a: Kleavor|76\/100|[from] Stealth Rock\n|turn|23\n|\n|t:|1700279379\n|move|p1a: Kleavor|U-turn|p2a: ASUKA\n|-supereffective|p2a: ASUKA\n|-damage|p2a: ASUKA|0 fnt\n|faint|p2a: ASUKA\n|inactive|MicrowaveHeart has 120 seconds left.\n|\n|t:|1700279392\n|switch|p1a: Weezing|Weezing-Galar, M|98\/100|[from] U-turn\n|-ability|p1a: Weezing|Neutralizing Gas\n|-damage|p1a: Weezing|86\/100|[from] Stealth Rock\n|\n|-heal|p1a: Weezing|92\/100|[from] item: Leftovers\n|upkeep\n|\n|t:|1700279401\n|switch|p2a: Sailor Moon \ud83c\udf19|Iron Valiant, shiny|100\/100\n|-enditem|p2a: Sailor Moon \ud83c\udf19|Booster Energy\n|-activate|p2a: Sailor Moon \ud83c\udf19|ability: Quark Drive|[fromitem]\n|-start|p2a: Sailor Moon \ud83c\udf19|quarkdrivespe\n|turn|24\n|\n|t:|1700279413\n|-terastallize|p2a: Sailor Moon \ud83c\udf19|Steel\n|move|p2a: Sailor Moon \ud83c\udf19|Thunderbolt|p1a: Weezing\n|-damage|p1a: Weezing|52\/100\n|move|p1a: Weezing|Will-O-Wisp|p2a: Sailor Moon \ud83c\udf19|[miss]\n|-miss|p1a: Weezing|p2a: Sailor Moon \ud83c\udf19\n|\n|-heal|p1a: Weezing|58\/100|[from] item: Leftovers\n|upkeep\n|turn|25\n|\n|t:|1700279430\n|move|p2a: Sailor Moon \ud83c\udf19|Thunderbolt|p1a: Weezing\n|-damage|p1a: Weezing|21\/100\n|move|p1a: Weezing|Will-O-Wisp|p2a: Sailor Moon \ud83c\udf19|[miss]\n|-miss|p1a: Weezing|p2a: Sailor Moon \ud83c\udf19\n|\n|-heal|p1a: Weezing|27\/100|[from] item: Leftovers\n|upkeep\n|turn|26\n|\n|t:|1700279438\n|move|p2a: Sailor Moon \ud83c\udf19|Thunderbolt|p1a: Weezing\n|-damage|p1a: Weezing|0 fnt\n|faint|p1a: Weezing\n|-end|p1a: Weezing|ability: Neutralizing Gas\n|\n|upkeep\n|\n|t:|1700279442\n|switch|p1a: Kleavor|Kleavor, M, shiny|76\/100\n|-damage|p1a: Kleavor|51\/100|[from] Stealth Rock\n|turn|27\n|inactive|Perfect DarK 0707 has 120 seconds left.\n|\n|t:|1700279453\n|move|p2a: Sailor Moon \ud83c\udf19|Moonblast|p1a: Kleavor\n|-damage|p1a: Kleavor|0 fnt\n|faint|p1a: Kleavor\n|\n|upkeep\n|-message|MicrowaveHeart forfeited.\n|\n|win|Perfect DarK 0707\n|raw|MicrowaveHeart's rating: 1467 &rarr; <strong>1451<\/strong><br \/>(-16 for losing)\n|raw|Perfect DarK 0707's rating: 1535 &rarr; <strong>1551<\/strong><br \/>(+16 for winning)\n|l|\u2606MicrowaveHeart\n","uploadtime":1700279463,"views":13,"p1id":"microwaveheart","p2id":"perfectdark0707","formatid":"gen9ou","rating":1451,"private":0,"password":""}