{"id":"gen9ou-1990480040","p1":"TommySHELBY75","p2":"SylverOmega","format":"[Gen 9] OU","log":"|j|\u2606TommySHELBY75\n|j|\u2606SylverOmega\n|t:|1699974817\n|gametype|singles\n|player|p1|TommySHELBY75|veteran|1234\n|player|p2|SylverOmega|palmer|1271\n|teamsize|p1|6\n|teamsize|p2|6\n|gen|9\n|tier|[Gen 9] OU\n|rated|\n|rule|Sleep Clause Mod: Limit one foe put to sleep\n|rule|Species Clause: Limit one of each Pok\u00e9mon\n|rule|OHKO Clause: OHKO moves are banned\n|rule|Evasion Items Clause: Evasion items are banned\n|rule|Evasion Moves Clause: Evasion moves are banned\n|rule|Endless Battle Clause: Forcing endless battles is banned\n|rule|HP Percentage Mod: HP is shown in percentages\n|clearpoke\n|poke|p1|Iron Hands|\n|poke|p1|Sinistcha|\n|poke|p1|Dondozo, M|\n|poke|p1|Great Tusk|\n|poke|p1|Ninetales-Alola, M|\n|poke|p1|Heatran, M|\n|poke|p2|Ribombee, F|\n|poke|p2|Ceruledge, M|\n|poke|p2|Enamorus, F|\n|poke|p2|Iron Treads|\n|poke|p2|Ogerpon-Wellspring, F|\n|poke|p2|Zamazenta-*|\n|teampreview\n|inactive|Battle timer is ON: inactive players will automatically lose when time's up. (requested by SylverOmega)\n|c|\u2606SylverOmega|Hf\n|c|\u2606TommySHELBY75|hf\n|inactive|SylverOmega has 120 seconds left.\n|\n|t:|1699974861\n|start\n|switch|p1a: Heatran|Heatran, M|100\/100\n|switch|p2a: Zamazenta|Zamazenta|100\/100\n|-ability|p2a: Zamazenta|Dauntless Shield|boost\n|-boost|p2a: Zamazenta|def|1\n|turn|1\n|inactive|TommySHELBY75 has 120 seconds left.\n|\n|t:|1699974897\n|switch|p1a: Ninetales|Ninetales-Alola, M|100\/100\n|-weather|Snow|[from] ability: Snow Warning|[of] p1a: Ninetales\n|move|p2a: Zamazenta|Body Press|p1a: Ninetales\n|-damage|p1a: Ninetales|45\/100\n|\n|-weather|Snow|[upkeep]\n|upkeep\n|turn|2\n|inactive|TommySHELBY75 has 120 seconds left.\n|\n|t:|1699974909\n|move|p1a: Ninetales|Aurora Veil|p1a: Ninetales\n|-sidestart|p1: TommySHELBY75|move: Aurora Veil\n|move|p2a: Zamazenta|Body Press|p1a: Ninetales\n|-damage|p1a: Ninetales|16\/100\n|\n|-weather|Snow|[upkeep]\n|upkeep\n|turn|3\n|inactive|TommySHELBY75 has 120 seconds left.\n|\n|t:|1699974920\n|switch|p1a: Sinistcha|Sinistcha|100\/100\n|move|p2a: Zamazenta|Crunch|p1a: Sinistcha\n|-supereffective|p1a: Sinistcha\n|-damage|p1a: Sinistcha|86\/100\n|-unboost|p1a: Sinistcha|def|1\n|\n|-weather|Snow|[upkeep]\n|-heal|p1a: Sinistcha|92\/100|[from] item: Leftovers\n|upkeep\n|turn|4\n|\n|t:|1699974934\n|switch|p2a: Enamorus|Enamorus, F|100\/100\n|switch|p1a: Great Tusk|Great Tusk|100\/100\n|\n|-weather|Snow|[upkeep]\n|upkeep\n|turn|5\n|inactive|TommySHELBY75 has 120 seconds left.\n|\n|t:|1699974977\n|-end|p1a: Great Tusk|Protosynthesis|[silent]\n|switch|p1a: Sinistcha|Sinistcha|92\/100\n|move|p2a: Enamorus|Moonblast|p1a: Sinistcha\n|-damage|p1a: Sinistcha|62\/100\n|\n|-weather|none\n|-heal|p1a: Sinistcha|68\/100|[from] item: Leftovers\n|upkeep\n|turn|6\n|\n|t:|1699974990\n|-terastallize|p1a: Sinistcha|Steel\n|move|p2a: Enamorus|Moonblast|p1a: Sinistcha\n|-resisted|p1a: Sinistcha\n|-damage|p1a: Sinistcha|54\/100\n|move|p1a: Sinistcha|Calm Mind|p1a: Sinistcha\n|-boost|p1a: Sinistcha|spa|1\n|-boost|p1a: Sinistcha|spd|1\n|\n|-heal|p1a: Sinistcha|60\/100|[from] item: Leftovers\n|upkeep\n|turn|7\n|inactive|TommySHELBY75 has 90 seconds left.\n|\n|t:|1699975011\n|move|p2a: Enamorus|Superpower|p1a: Sinistcha\n|-supereffective|p1a: Sinistcha\n|-damage|p1a: Sinistcha|41\/100\n|-boost|p2a: Enamorus|atk|1\n|-boost|p2a: Enamorus|def|1\n|move|p1a: Sinistcha|Calm Mind|p1a: Sinistcha\n|-boost|p1a: Sinistcha|spa|1\n|-boost|p1a: Sinistcha|spd|1\n|\n|-heal|p1a: Sinistcha|47\/100|[from] item: Leftovers\n|upkeep\n|turn|8\n|inactive|TommySHELBY75 has 90 seconds left.\n|\n|t:|1699975027\n|move|p2a: Enamorus|Superpower|p1a: Sinistcha\n|-supereffective|p1a: Sinistcha\n|-damage|p1a: Sinistcha|17\/100\n|-boost|p2a: Enamorus|atk|1\n|-boost|p2a: Enamorus|def|1\n|move|p1a: Sinistcha|Scald|p2a: Enamorus\n|-damage|p2a: Enamorus|61\/100\n|\n|-heal|p1a: Sinistcha|23\/100|[from] item: Leftovers\n|upkeep\n|turn|9\n|inactive|TommySHELBY75 has 90 seconds left.\n|\n|t:|1699975038\n|move|p2a: Enamorus|Superpower|p1a: Sinistcha\n|-supereffective|p1a: Sinistcha\n|-damage|p1a: Sinistcha|0 fnt\n|-boost|p2a: Enamorus|atk|1\n|-boost|p2a: Enamorus|def|1\n|faint|p1a: Sinistcha\n|\n|-sideend|p1: TommySHELBY75|move: Aurora Veil\n|upkeep\n|inactive|TommySHELBY75 has 90 seconds left.\n|\n|t:|1699975045\n|switch|p1a: Dondozo|Dondozo, M|100\/100\n|turn|10\n|-message|TommySHELBY75 forfeited.\n|\n|win|SylverOmega\n|raw|TommySHELBY75's rating: 1234 &rarr; <strong>1212<\/strong><br \/>(-22 for losing)\n|raw|SylverOmega's rating: 1271 &rarr; <strong>1293<\/strong><br \/>(+22 for winning)\n|l|\u2606TommySHELBY75\n","uploadtime":1699975060,"views":8,"p1id":"tommyshelby75","p2id":"sylveromega","formatid":"gen9ou","rating":1212,"private":0,"password":""}