{"id":"gen9ou-1993953611","p1":"Samimi","p2":"mibone71","format":"[Gen 9] OU","log":"|j|\u2606Samimi\n|j|\u2606mibone71\n|t:|1700381909\n|gametype|singles\n|player|p1|Samimi|clerkf|1377\n|player|p2|mibone71|cheren-gen5bw2|1390\n|teamsize|p1|6\n|teamsize|p2|6\n|gen|9\n|tier|[Gen 9] OU\n|rated|\n|rule|Sleep Clause Mod: Limit one foe put to sleep\n|rule|Species Clause: Limit one of each Pok\u00e9mon\n|rule|OHKO Clause: OHKO moves are banned\n|rule|Evasion Items Clause: Evasion items are banned\n|rule|Evasion Moves Clause: Evasion moves are banned\n|rule|Endless Battle Clause: Forcing endless battles is banned\n|rule|HP Percentage Mod: HP is shown in percentages\n|clearpoke\n|poke|p1|Clefable, M|\n|poke|p1|Cinderace, M|\n|poke|p1|Ogerpon-Wellspring, F|\n|poke|p1|Iron Treads|\n|poke|p1|Munkidori, M|\n|poke|p1|Moltres-Galar|\n|poke|p2|Talonflame, F|\n|poke|p2|Ogerpon-Cornerstone, F|\n|poke|p2|Hatterene, F|\n|poke|p2|Scizor, M|\n|poke|p2|Okidogi, M|\n|poke|p2|Iron Moth|\n|teampreview\n|\n|t:|1700381925\n|start\n|switch|p1a: Munkidori|Munkidori, M|100\/100\n|switch|p2a: Peregrine|Talonflame, F|100\/100\n|turn|1\n|\n|t:|1700381940\n|switch|p2a: Clampatso|Scizor, M|100\/100\n|move|p1a: Munkidori|Future Sight|p2a: Clampatso\n|-start|p1a: Munkidori|move: Future Sight\n|\n|upkeep\n|turn|2\n|\n|t:|1700381953\n|switch|p1a: Cinderace|Cinderace, M|100\/100\n|move|p2a: Clampatso|U-turn|p1a: Cinderace\n|-resisted|p1a: Cinderace\n|-damage|p1a: Cinderace|71\/100\n|\n|t:|1700381963\n|switch|p2a: Ren|Hatterene, F|100\/100|[from] U-turn\n|\n|upkeep\n|turn|3\n|\n|t:|1700381971\n|switch|p2a: Clampatso|Scizor, M|100\/100\n|move|p1a: Cinderace|Pyro Ball|p2a: Clampatso\n|-supereffective|p2a: Clampatso\n|-damage|p2a: Clampatso|0 fnt\n|faint|p2a: Clampatso\n|\n|-hint|Future Sight did not hit because the target is fainted.\n|upkeep\n|\n|t:|1700381978\n|switch|p2a: Peregrine|Talonflame, F|100\/100\n|turn|4\n|\n|t:|1700381986\n|switch|p1a: Iron Treads|Iron Treads|100\/100\n|move|p2a: Peregrine|U-turn|p1a: Iron Treads\n|-resisted|p1a: Iron Treads\n|-damage|p1a: Iron Treads|97\/100\n|\n|t:|1700381998\n|switch|p2a: Mothron|Iron Moth|100\/100|[from] U-turn\n|-enditem|p2a: Mothron|Booster Energy\n|-activate|p2a: Mothron|ability: Quark Drive|[fromitem]\n|-start|p2a: Mothron|quarkdrivespa\n|\n|upkeep\n|turn|5\n|\n|t:|1700382007\n|-terastallize|p1a: Iron Treads|Ground\n|move|p2a: Mothron|Substitute|p2a: Mothron\n|-start|p2a: Mothron|Substitute\n|-damage|p2a: Mothron|76\/100\n|move|p1a: Iron Treads|Earthquake|p2a: Mothron\n|-supereffective|p2a: Mothron\n|-end|p2a: Mothron|Substitute\n|\n|upkeep\n|turn|6\n|\n|t:|1700382016\n|move|p2a: Mothron|Fiery Dance|p1a: Iron Treads\n|-damage|p1a: Iron Treads|56\/100\n|move|p1a: Iron Treads|Earthquake|p2a: Mothron\n|-supereffective|p2a: Mothron\n|-damage|p2a: Mothron|0 fnt\n|faint|p2a: Mothron\n|-end|p2a: Mothron|Quark Drive|[silent]\n|\n|upkeep\n|\n|t:|1700382026\n|switch|p2a: Peregrine|Talonflame, F|100\/100\n|turn|7\n|\n|t:|1700382040\n|move|p2a: Peregrine|Flare Blitz|p1a: Iron Treads\n|-damage|p1a: Iron Treads|38\/100\n|-damage|p2a: Peregrine|95\/100|[from] Recoil\n|move|p1a: Iron Treads|Knock Off|p2a: Peregrine\n|-damage|p2a: Peregrine|70\/100\n|-enditem|p2a: Peregrine|Heavy-Duty Boots|[from] move: Knock Off|[of] p1a: Iron Treads\n|\n|upkeep\n|turn|8\n|\n|t:|1700382065\n|switch|p2a: Ren|Hatterene, F|100\/100\n|move|p1a: Iron Treads|Rapid Spin|p2a: Ren\n|-damage|p2a: Ren|90\/100\n|-boost|p1a: Iron Treads|spe|1\n|\n|-heal|p2a: Ren|96\/100|[from] item: Leftovers\n|upkeep\n|turn|9\n|\n|t:|1700382075\n|move|p1a: Iron Treads|Iron Head|p2a: Ren\n|-supereffective|p2a: Ren\n|-crit|p2a: Ren\n|-damage|p2a: Ren|18\/100\n|move|p2a: Ren|Draining Kiss|p1a: Iron Treads\n|-damage|p1a: Iron Treads|20\/100\n|-heal|p2a: Ren|34\/100|[from] drain|[of] p1a: Iron Treads\n|\n|-heal|p2a: Ren|39\/100|[from] item: Leftovers\n|upkeep\n|turn|10\n|c|\u2606mibone71|gotcha, no hazards\n|\n|t:|1700382090\n|switch|p2a: Peregrine|Talonflame, F|70\/100\n|move|p1a: Iron Treads|Iron Head|p2a: Peregrine\n|-resisted|p2a: Peregrine\n|-damage|p2a: Peregrine|56\/100\n|\n|upkeep\n|turn|11\n|\n|t:|1700382102\n|move|p1a: Iron Treads|Iron Head|p2a: Peregrine\n|-resisted|p2a: Peregrine\n|-damage|p2a: Peregrine|43\/100\n|-status|p1a: Iron Treads|brn|[from] ability: Flame Body|[of] p2a: Peregrine\n|move|p2a: Peregrine|Roost|p2a: Peregrine\n|-heal|p2a: Peregrine|93\/100\n|-singleturn|p2a: Peregrine|move: Roost\n|\n|-damage|p1a: Iron Treads|14\/100 brn|[from] brn\n|upkeep\n|turn|12\n|\n|t:|1700382115\n|move|p1a: Iron Treads|Iron Head|p2a: Peregrine\n|-resisted|p2a: Peregrine\n|-damage|p2a: Peregrine|86\/100\n|cant|p2a: Peregrine|flinch\n|\n|-damage|p1a: Iron Treads|8\/100 brn|[from] brn\n|upkeep\n|turn|13\n|\n|t:|1700382124\n|move|p1a: Iron Treads|Iron Head|p2a: Peregrine\n|-resisted|p2a: Peregrine\n|-damage|p2a: Peregrine|79\/100\n|cant|p2a: Peregrine|flinch\n|\n|-damage|p1a: Iron Treads|2\/100 brn|[from] brn\n|upkeep\n|turn|14\n|\n|t:|1700382132\n|move|p1a: Iron Treads|Iron Head|p2a: Peregrine\n|-resisted|p2a: Peregrine\n|-damage|p2a: Peregrine|73\/100\n|move|p2a: Peregrine|Roost|p2a: Peregrine\n|-heal|p2a: Peregrine|100\/100\n|-singleturn|p2a: Peregrine|move: Roost\n|\n|-damage|p1a: Iron Treads|0 fnt|[from] brn\n|faint|p1a: Iron Treads\n|-end|p1a: Iron Treads|Quark Drive|[silent]\n|upkeep\n|\n|t:|1700382163\n|switch|p1a: Moltres|Moltres-Galar|100\/100\n|turn|15\n|\n|t:|1700382168\n|move|p2a: Peregrine|U-turn|p1a: Moltres\n|-damage|p1a: Moltres|86\/100\n|\n|t:|1700382170\n|switch|p2a: Pete|Okidogi, M|100\/100|[from] U-turn\n|move|p1a: Moltres|Agility|p1a: Moltres\n|-boost|p1a: Moltres|spe|2\n|\n|upkeep\n|turn|16\n|\n|t:|1700382187\n|-terastallize|p2a: Pete|Poison\n|move|p1a: Moltres|Hurricane|p2a: Pete\n|-damage|p2a: Pete|47\/100\n|move|p2a: Pete|Gunk Shot|p1a: Moltres\n|-damage|p1a: Moltres|0 fnt\n|faint|p1a: Moltres\n|\n|-heal|p2a: Pete|53\/100|[from] item: Leftovers\n|upkeep\n|\n|t:|1700382200\n|switch|p1a: Munkidori|Munkidori, M|100\/100\n|turn|17\n|\n|t:|1700382213\n|move|p1a: Munkidori|Future Sight|p2a: Pete\n|-start|p1a: Munkidori|move: Future Sight\n|move|p2a: Pete|Knock Off|p1a: Munkidori\n|-supereffective|p1a: Munkidori\n|-damage|p1a: Munkidori|0 fnt\n|-enditem|p1a: Munkidori|Assault Vest|[from] move: Knock Off|[of] p2a: Pete\n|faint|p1a: Munkidori\n|\n|-heal|p2a: Pete|59\/100|[from] item: Leftovers\n|upkeep\n|\n|t:|1700382224\n|switch|p1a: Ogerpon|Ogerpon-Wellspring, F|100\/100\n|turn|18\n|\n|t:|1700382239\n|move|p1a: Ogerpon|Spiky Shield|p1a: Ogerpon\n|-singleturn|p1a: Ogerpon|move: Protect\n|move|p2a: Pete|Gunk Shot|p1a: Ogerpon\n|-activate|p1a: Ogerpon|move: Protect\n|\n|-heal|p2a: Pete|65\/100|[from] item: Leftovers\n|upkeep\n|turn|19\n|\n|t:|1700382268\n|switch|p1a: Cinderace|Cinderace, M|71\/100\n|move|p2a: Pete|Gunk Shot|p1a: Cinderace\n|-damage|p1a: Cinderace|0 fnt\n|faint|p1a: Cinderace\n|\n|-end|p2a: Pete|move: Future Sight\n|-supereffective|p2a: Pete\n|-damage|p2a: Pete|0 fnt\n|faint|p2a: Pete\n|upkeep\n|\n|t:|1700382282\n|switch|p1a: Clefable|Clefable, M|100\/100\n|switch|p2a: Ren|Hatterene, F|39\/100\n|turn|20\n|\n|t:|1700382289\n|move|p1a: Clefable|Calm Mind|p1a: Clefable\n|-boost|p1a: Clefable|spa|1\n|-boost|p1a: Clefable|spd|1\n|move|p2a: Ren|Calm Mind|p2a: Ren\n|-boost|p2a: Ren|spa|1\n|-boost|p2a: Ren|spd|1\n|\n|-heal|p2a: Ren|45\/100|[from] item: Leftovers\n|upkeep\n|turn|21\n|\n|t:|1700382298\n|move|p1a: Clefable|Calm Mind|p1a: Clefable\n|-boost|p1a: Clefable|spa|1\n|-boost|p1a: Clefable|spd|1\n|move|p2a: Ren|Mystical Fire|p1a: Clefable\n|-damage|p1a: Clefable|90\/100\n|-unboost|p1a: Clefable|spa|1\n|\n|-heal|p1a: Clefable|96\/100|[from] item: Leftovers\n|-heal|p2a: Ren|51\/100|[from] item: Leftovers\n|upkeep\n|turn|22\n|\n|t:|1700382309\n|move|p1a: Clefable|Calm Mind|p1a: Clefable\n|-boost|p1a: Clefable|spa|1\n|-boost|p1a: Clefable|spd|1\n|move|p2a: Ren|Calm Mind|p2a: Ren\n|-boost|p2a: Ren|spa|1\n|-boost|p2a: Ren|spd|1\n|\n|-heal|p1a: Clefable|100\/100|[from] item: Leftovers\n|-heal|p2a: Ren|57\/100|[from] item: Leftovers\n|upkeep\n|turn|23\n|\n|t:|1700382319\n|move|p1a: Clefable|Calm Mind|p1a: Clefable\n|-boost|p1a: Clefable|spa|1\n|-boost|p1a: Clefable|spd|1\n|move|p2a: Ren|Calm Mind|p2a: Ren\n|-boost|p2a: Ren|spa|1\n|-boost|p2a: Ren|spd|1\n|\n|-heal|p2a: Ren|63\/100|[from] item: Leftovers\n|upkeep\n|turn|24\n|\n|t:|1700382328\n|move|p1a: Clefable|Calm Mind|p1a: Clefable\n|-boost|p1a: Clefable|spa|1\n|-boost|p1a: Clefable|spd|1\n|move|p2a: Ren|Calm Mind|p2a: Ren\n|-boost|p2a: Ren|spa|1\n|-boost|p2a: Ren|spd|1\n|\n|-heal|p2a: Ren|69\/100|[from] item: Leftovers\n|upkeep\n|turn|25\n|\n|t:|1700382336\n|move|p1a: Clefable|Calm Mind|p1a: Clefable\n|-boost|p1a: Clefable|spa|1\n|-boost|p1a: Clefable|spd|1\n|move|p2a: Ren|Psyshock|p1a: Clefable\n|-damage|p1a: Clefable|74\/100\n|\n|-heal|p1a: Clefable|80\/100|[from] item: Leftovers\n|-heal|p2a: Ren|75\/100|[from] item: Leftovers\n|upkeep\n|turn|26\n|\n|t:|1700382346\n|move|p1a: Clefable|Calm Mind|p1a: Clefable\n|-boost|p1a: Clefable|spa|1\n|-boost|p1a: Clefable|spd|0\n|move|p2a: Ren|Psyshock|p1a: Clefable\n|-damage|p1a: Clefable|52\/100\n|\n|-heal|p1a: Clefable|58\/100|[from] item: Leftovers\n|-heal|p2a: Ren|81\/100|[from] item: Leftovers\n|upkeep\n|turn|27\n|\n|t:|1700382356\n|move|p1a: Clefable|Wish|p1a: Clefable\n|move|p2a: Ren|Psyshock|p1a: Clefable\n|-damage|p1a: Clefable|30\/100\n|\n|-heal|p1a: Clefable|36\/100|[from] item: Leftovers\n|-heal|p2a: Ren|87\/100|[from] item: Leftovers\n|upkeep\n|turn|28\n|\n|t:|1700382366\n|move|p1a: Clefable|Moonblast|p2a: Ren\n|-damage|p2a: Ren|0 fnt\n|faint|p2a: Ren\n|\n|-heal|p1a: Clefable|86\/100|[from] move: Wish|[wisher] Clefable\n|-heal|p1a: Clefable|92\/100|[from] item: Leftovers\n|upkeep\n|\n|t:|1700382374\n|switch|p2a: Yaksha|Ogerpon-Cornerstone, F|100\/100\n|turn|29\n|\n|t:|1700382377\n|move|p2a: Yaksha|Swords Dance|p2a: Yaksha\n|-boost|p2a: Yaksha|atk|2\n|move|p1a: Clefable|Moonblast|p2a: Yaksha\n|-ability|p2a: Yaksha|Sturdy\n|-damage|p2a: Yaksha|1\/100\n|\n|-heal|p1a: Clefable|98\/100|[from] item: Leftovers\n|upkeep\n|turn|30\n|\n|t:|1700382389\n|move|p2a: Yaksha|Ivy Cudgel|p1a: Clefable|[anim] Ivy Cudgel Rock\n|-damage|p1a: Clefable|52\/100\n|move|p1a: Clefable|Wish|p1a: Clefable\n|\n|-heal|p1a: Clefable|58\/100|[from] item: Leftovers\n|upkeep\n|turn|31\n|\n|t:|1700382399\n|move|p2a: Yaksha|Ivy Cudgel|p1a: Clefable|[anim] Ivy Cudgel Rock\n|-damage|p1a: Clefable|12\/100\n|move|p1a: Clefable|Moonblast|p2a: Yaksha\n|-damage|p2a: Yaksha|0 fnt\n|faint|p2a: Yaksha\n|\n|-heal|p1a: Clefable|62\/100|[from] move: Wish|[wisher] Clefable\n|-heal|p1a: Clefable|68\/100|[from] item: Leftovers\n|upkeep\n|\n|t:|1700382408\n|switch|p2a: Peregrine|Talonflame, F|100\/100\n|turn|32\n|\n|t:|1700382413\n|move|p2a: Peregrine|Flare Blitz|p1a: Clefable\n|-damage|p1a: Clefable|45\/100\n|-damage|p2a: Peregrine|92\/100|[from] Recoil\n|move|p1a: Clefable|Moonblast|p2a: Peregrine\n|-resisted|p2a: Peregrine\n|-damage|p2a: Peregrine|14\/100\n|\n|-heal|p1a: Clefable|51\/100|[from] item: Leftovers\n|upkeep\n|turn|33\n|\n|t:|1700382438\n|move|p2a: Peregrine|Flare Blitz|p1a: Clefable\n|-damage|p1a: Clefable|28\/100\n|-damage|p2a: Peregrine|6\/100|[from] Recoil\n|move|p1a: Clefable|Moonblast|p2a: Peregrine\n|-resisted|p2a: Peregrine\n|-damage|p2a: Peregrine|0 fnt\n|faint|p2a: Peregrine\n|\n|win|Samimi\n|raw|Samimi's rating: 1377 &rarr; <strong>1398<\/strong><br \/>(+21 for winning)\n|raw|mibone71's rating: 1390 &rarr; <strong>1369<\/strong><br \/>(-21 for losing)\n|l|\u2606mibone71\n","uploadtime":1700382456,"views":12,"p1id":"samimi","p2id":"mibone71","formatid":"gen9ou","rating":1369,"private":0,"password":""}