{"id":"gen9ou-1994629769","p1":"Kondroid","p2":"duck spiral","format":"[Gen 9] OU","log":"|j|\u2606Kondroid\n|j|\u2606duck spiral\n|t:|1700472197\n|gametype|singles\n|player|p1|Kondroid|hilbert-wonderlauncher|1146\n|player|p2|duck spiral|266|1138\n|teamsize|p1|6\n|teamsize|p2|6\n|gen|9\n|tier|[Gen 9] OU\n|rated|\n|rule|Sleep Clause Mod: Limit one foe put to sleep\n|rule|Species Clause: Limit one of each Pok\u00e9mon\n|rule|OHKO Clause: OHKO moves are banned\n|rule|Evasion Items Clause: Evasion items are banned\n|rule|Evasion Moves Clause: Evasion moves are banned\n|rule|Endless Battle Clause: Forcing endless battles is banned\n|rule|HP Percentage Mod: HP is shown in percentages\n|clearpoke\n|poke|p1|Great Tusk|\n|poke|p1|Sinistcha|\n|poke|p1|Alomomola, F|\n|poke|p1|Dragonite, F|\n|poke|p1|Ogerpon-Cornerstone, F|\n|poke|p1|Ribombee, F|\n|poke|p2|Ribombee, F|\n|poke|p2|Great Tusk|\n|poke|p2|Dragapult, F|\n|poke|p2|Ogerpon-Wellspring, F|\n|poke|p2|Torkoal, M|\n|poke|p2|Ceruledge, M|\n|teampreview\n|inactive|Battle timer is ON: inactive players will automatically lose when time's up. (requested by duck spiral)\n|inactive|Kondroid also wants the timer to be on.\n|j| Cloudias\n|inactive|duck spiral has 120 seconds left.\n|\n|t:|1700472245\n|start\n|switch|p1a: Ribombee|Ribombee, F|100\/100\n|switch|p2a: Torkoal|Torkoal, M|100\/100\n|-weather|SunnyDay|[from] ability: Drought|[of] p2a: Torkoal\n|turn|1\n|\n|t:|1700472252\n|move|p1a: Ribombee|Sticky Web|p2a: Torkoal\n|-sidestart|p2: duck spiral|move: Sticky Web\n|move|p2a: Torkoal|Yawn|p1a: Ribombee\n|-start|p1a: Ribombee|move: Yawn|[of] p2a: Torkoal\n|\n|-weather|SunnyDay|[upkeep]\n|upkeep\n|turn|2\n|\n|t:|1700472280\n|move|p2a: Torkoal|Protect|p2a: Torkoal\n|-singleturn|p2a: Torkoal|Protect\n|move|p1a: Ribombee|Tailwind|p1a: Ribombee\n|-sidestart|p1: Kondroid|move: Tailwind\n|\n|-weather|SunnyDay|[upkeep]\n|-end|p1a: Ribombee|move: Yawn|[silent]\n|-status|p1a: Ribombee|slp\n|upkeep\n|turn|3\n|\n|t:|1700472290\n|switch|p1a: Alomomola|Alomomola, F|100\/100\n|move|p2a: Torkoal|Eruption|p1a: Alomomola\n|-resisted|p1a: Alomomola\n|-damage|p1a: Alomomola|57\/100\n|-enditem|p1a: Alomomola|Red Card|[of] p2a: Torkoal\n|drag|p2a: Ogerpon|Ogerpon-Wellspring, F|100\/100\n|-activate|p2a: Ogerpon|move: Sticky Web\n|-unboost|p2a: Ogerpon|spe|1\n|\n|-weather|SunnyDay|[upkeep]\n|upkeep\n|turn|4\n|inactive|duck spiral has 120 seconds left.\n|inactive|duck spiral has 90 seconds left.\n|inactive|duck spiral has 60 seconds left.\n|\n|t:|1700472371\n|-terastallize|p1a: Alomomola|Flying\n|move|p1a: Alomomola|Acrobatics|p2a: Ogerpon\n|-supereffective|p2a: Ogerpon\n|-damage|p2a: Ogerpon|16\/100\n|move|p2a: Ogerpon|Leech Seed|p1a: Alomomola\n|-start|p1a: Alomomola|move: Leech Seed\n|\n|-weather|SunnyDay|[upkeep]\n|-damage|p1a: Alomomola|44\/100|[from] Leech Seed|[of] p2a: Ogerpon\n|-heal|p2a: Ogerpon|38\/100|[silent]\n|upkeep\n|turn|5\n|inactive|duck spiral has 60 seconds left.\n|\n|t:|1700472383\n|switch|p2a: Great Tusk|Great Tusk|100\/100\n|-activate|p2a: Great Tusk|move: Sticky Web\n|-unboost|p2a: Great Tusk|spe|1\n|-activate|p2a: Great Tusk|ability: Protosynthesis\n|-start|p2a: Great Tusk|protosynthesisdef\n|move|p1a: Alomomola|Acrobatics|p2a: Great Tusk\n|-supereffective|p2a: Great Tusk\n|-damage|p2a: Great Tusk|77\/100\n|\n|-weather|none\n|-end|p2a: Great Tusk|Protosynthesis\n|-heal|p2a: Great Tusk|83\/100|[from] item: Leftovers\n|-damage|p1a: Alomomola|32\/100|[from] Leech Seed|[of] p2a: Great Tusk\n|-heal|p2a: Great Tusk|99\/100|[silent]\n|-sideend|p1: Kondroid|move: Tailwind\n|upkeep\n|turn|6\n|inactive|duck spiral has 60 seconds left.\n|\n|t:|1700472396\n|switch|p1a: Dragonite|Dragonite, F|100\/100\n|move|p2a: Great Tusk|Rapid Spin|p1a: Dragonite\n|-damage|p1a: Dragonite|92\/100\n|-boost|p2a: Great Tusk|spe|1\n|-sideend|p2: duck spiral|Sticky Web|[from] move: Rapid Spin|[of] p2a: Great Tusk\n|\n|-heal|p2a: Great Tusk|100\/100|[from] item: Leftovers\n|upkeep\n|turn|7\n|\n|t:|1700472415\n|switch|p1a: Alomomola|Alomomola, F, tera:Flying|65\/100\n|move|p2a: Great Tusk|Knock Off|p1a: Alomomola\n|-damage|p1a: Alomomola|54\/100\n|\n|upkeep\n|turn|8\n|\n|t:|1700472430\n|move|p2a: Great Tusk|Rapid Spin|p1a: Alomomola\n|-damage|p1a: Alomomola|45\/100\n|-boost|p2a: Great Tusk|spe|1\n|move|p1a: Alomomola|Scald|p2a: Great Tusk\n|-supereffective|p2a: Great Tusk\n|-damage|p2a: Great Tusk|58\/100\n|\n|-heal|p2a: Great Tusk|64\/100|[from] item: Leftovers\n|upkeep\n|turn|9\n|\n|t:|1700472444\n|-end|p2a: Great Tusk|Protosynthesis|[silent]\n|switch|p2a: Ribombee|Ribombee, F, shiny|100\/100\n|move|p1a: Alomomola|Wish|p1a: Alomomola\n|\n|upkeep\n|turn|10\n|\n|t:|1700472454\n|move|p2a: Ribombee|Sticky Web|p1a: Alomomola\n|-sidestart|p1: Kondroid|move: Sticky Web\n|move|p1a: Alomomola|Acrobatics|p2a: Ribombee\n|-supereffective|p2a: Ribombee\n|-damage|p2a: Ribombee|4\/100\n|\n|-heal|p1a: Alomomola|95\/100|[from] move: Wish|[wisher] Alomomola\n|upkeep\n|turn|11\n|inactive|duck spiral has 60 seconds left.\n|\n|t:|1700472483\n|move|p2a: Ribombee|Tailwind|p2a: Ribombee\n|-sidestart|p2: duck spiral|move: Tailwind\n|move|p1a: Alomomola|Acrobatics|p2a: Ribombee\n|-supereffective|p2a: Ribombee\n|-damage|p2a: Ribombee|0 fnt\n|faint|p2a: Ribombee\n|\n|upkeep\n|\n|t:|1700472485\n|switch|p2a: Torkoal|Torkoal, M|100\/100\n|-weather|SunnyDay|[from] ability: Drought|[of] p2a: Torkoal\n|turn|12\n|\n|t:|1700472491\n|move|p1a: Alomomola|Flip Turn|p2a: Torkoal\n|-supereffective|p2a: Torkoal\n|-damage|p2a: Torkoal|91\/100\n|\n|t:|1700472496\n|switch|p1a: Dragonite|Dragonite, F|92\/100|[from] Flip Turn\n|move|p2a: Torkoal|Eruption|p1a: Dragonite\n|-resisted|p1a: Dragonite\n|-damage|p1a: Dragonite|57\/100\n|\n|-weather|SunnyDay|[upkeep]\n|-heal|p2a: Torkoal|97\/100|[from] item: Leftovers\n|upkeep\n|turn|13\n|\n|t:|1700472519\n|move|p1a: Dragonite|Earthquake|p2a: Torkoal\n|-supereffective|p2a: Torkoal\n|-damage|p2a: Torkoal|52\/100\n|move|p2a: Torkoal|Eruption|p1a: Dragonite\n|-resisted|p1a: Dragonite\n|-damage|p1a: Dragonite|38\/100\n|\n|-weather|SunnyDay|[upkeep]\n|-heal|p2a: Torkoal|58\/100|[from] item: Leftovers\n|upkeep\n|turn|14\n|\n|t:|1700472528\n|move|p1a: Dragonite|Dragon Dance|p1a: Dragonite\n|-boost|p1a: Dragonite|atk|1\n|-boost|p1a: Dragonite|spe|1\n|move|p2a: Torkoal|Yawn|p1a: Dragonite\n|-start|p1a: Dragonite|move: Yawn|[of] p2a: Torkoal\n|\n|-weather|SunnyDay|[upkeep]\n|-heal|p2a: Torkoal|64\/100|[from] item: Leftovers\n|-sideend|p2: duck spiral|move: Tailwind\n|upkeep\n|turn|15\n|\n|t:|1700472536\n|switch|p1a: Alomomola|Alomomola, F, tera:Flying|100\/100\n|move|p2a: Torkoal|Rest|p2a: Torkoal\n|-status|p2a: Torkoal|slp|[from] move: Rest\n|-heal|p2a: Torkoal|100\/100 slp|[silent]\n|\n|-weather|SunnyDay|[upkeep]\n|upkeep\n|turn|16\n|inactive|duck spiral has 90 seconds left.\n|\n|t:|1700472558\n|switch|p2a: Dragapult|Dragapult, F|100\/100\n|move|p1a: Alomomola|Acrobatics|p2a: Dragapult\n|-damage|p2a: Dragapult|53\/100\n|\n|-weather|none\n|upkeep\n|turn|17\n|\n|t:|1700472568\n|move|p2a: Dragapult|Dragon Darts|p1a: Alomomola\n|-damage|p1a: Alomomola|80\/100\n|-anim|p2a: Dragapult|Dragon Darts|p1a: Alomomola\n|-damage|p1a: Alomomola|62\/100\n|-damage|p2a: Dragapult|43\/100|[from] item: Life Orb\n|move|p1a: Alomomola|Acrobatics|p2a: Dragapult\n|-damage|p2a: Dragapult|0 fnt\n|faint|p2a: Dragapult\n|\n|upkeep\n|\n|t:|1700472576\n|switch|p2a: Ceruledge|Ceruledge, M|100\/100\n|turn|18\n|\n|t:|1700472583\n|move|p2a: Ceruledge|Swords Dance|p2a: Ceruledge\n|-boost|p2a: Ceruledge|atk|2\n|move|p1a: Alomomola|Scald|p2a: Ceruledge\n|-supereffective|p2a: Ceruledge\n|-damage|p2a: Ceruledge|70\/100\n|\n|upkeep\n|turn|19\n|inactive|duck spiral has 90 seconds left.\n|\n|t:|1700472600\n|move|p2a: Ceruledge|Bitter Blade|p1a: Alomomola\n|-damage|p1a: Alomomola|16\/100\n|-heal|p2a: Ceruledge|100\/100|[from] drain|[of] p1a: Alomomola\n|move|p1a: Alomomola|Wish|p1a: Alomomola\n|\n|upkeep\n|turn|20\n|\n|t:|1700472611\n|switch|p1a: Dragonite|Dragonite, F|38\/100\n|move|p2a: Ceruledge|Bitter Blade|p1a: Dragonite\n|-resisted|p1a: Dragonite\n|-damage|p1a: Dragonite|0 fnt\n|faint|p1a: Dragonite\n|\n|upkeep\n|\n|t:|1700472623\n|switch|p1a: Ogerpon|Ogerpon-Cornerstone, F|100\/100\n|-activate|p1a: Ogerpon|move: Sticky Web\n|-unboost|p1a: Ogerpon|spe|1\n|turn|21\n|\n|t:|1700472631\n|move|p1a: Ogerpon|Spiky Shield|p1a: Ogerpon\n|-singleturn|p1a: Ogerpon|move: Protect\n|move|p2a: Ceruledge|Brick Break|p1a: Ogerpon\n|-activate|p1a: Ogerpon|move: Protect\n|-damage|p2a: Ceruledge|88\/100|[from] Spiky Shield|[of] p1a: Ogerpon\n|\n|upkeep\n|turn|22\n|\n|t:|1700472638\n|move|p2a: Ceruledge|Brick Break|p1a: Ogerpon\n|-supereffective|p1a: Ogerpon\n|-ability|p1a: Ogerpon|Sturdy\n|-damage|p1a: Ogerpon|1\/100\n|move|p1a: Ogerpon|Ivy Cudgel|p2a: Ceruledge|[anim] Ivy Cudgel Rock\n|-supereffective|p2a: Ceruledge\n|-damage|p2a: Ceruledge|0 fnt\n|faint|p2a: Ceruledge\n|\n|upkeep\n|\n|t:|1700472646\n|switch|p2a: Ogerpon|Ogerpon-Wellspring, F|38\/100\n|turn|23\n|\n|t:|1700472655\n|move|p1a: Ogerpon|Spiky Shield|p1a: Ogerpon\n|-singleturn|p1a: Ogerpon|move: Protect\n|move|p2a: Ogerpon|Trailblaze|p1a: Ogerpon\n|-activate|p1a: Ogerpon|move: Protect\n|-damage|p2a: Ogerpon|26\/100|[from] Spiky Shield|[of] p1a: Ogerpon\n|\n|upkeep\n|turn|24\n|inactive|duck spiral has 120 seconds left.\n|\n|t:|1700472681\n|move|p2a: Ogerpon|Trailblaze|p1a: Ogerpon\n|-damage|p1a: Ogerpon|0 fnt\n|-boost|p2a: Ogerpon|spe|1\n|faint|p1a: Ogerpon\n|\n|upkeep\n|\n|t:|1700472685\n|switch|p1a: Alomomola|Alomomola, F, tera:Flying|50\/100\n|turn|25\n|\n|t:|1700472690\n|move|p2a: Ogerpon|Ivy Cudgel|p1a: Alomomola|[anim] Ivy Cudgel Water\n|-damage|p1a: Alomomola|18\/100\n|move|p1a: Alomomola|Acrobatics|p2a: Ogerpon\n|-supereffective|p2a: Ogerpon\n|-damage|p2a: Ogerpon|0 fnt\n|faint|p2a: Ogerpon\n|\n|upkeep\n|\n|t:|1700472697\n|switch|p2a: Torkoal|Torkoal, M|100\/100 slp\n|-weather|SunnyDay|[from] ability: Drought|[of] p2a: Torkoal\n|turn|26\n|\n|t:|1700472705\n|switch|p2a: Great Tusk|Great Tusk|64\/100\n|-activate|p2a: Great Tusk|ability: Protosynthesis\n|-start|p2a: Great Tusk|protosynthesisdef\n|move|p1a: Alomomola|Flip Turn|p2a: Great Tusk\n|-supereffective|p2a: Great Tusk\n|-damage|p2a: Great Tusk|58\/100\n|\n|t:|1700472720\n|switch|p1a: Sinistcha|Sinistcha|100\/100|[from] Flip Turn\n|-activate|p1a: Sinistcha|move: Sticky Web\n|-unboost|p1a: Sinistcha|spe|1\n|\n|-weather|SunnyDay|[upkeep]\n|-heal|p2a: Great Tusk|64\/100|[from] item: Leftovers\n|upkeep\n|turn|27\n|\n|t:|1700472729\n|move|p2a: Great Tusk|Knock Off|p1a: Sinistcha\n|-supereffective|p1a: Sinistcha\n|-damage|p1a: Sinistcha|39\/100\n|-enditem|p1a: Sinistcha|Leftovers|[from] move: Knock Off|[of] p2a: Great Tusk\n|move|p1a: Sinistcha|Matcha Gotcha|p2a: Great Tusk|[miss]\n|-miss|p1a: Sinistcha|p2a: Great Tusk\n|\n|-weather|SunnyDay|[upkeep]\n|-heal|p2a: Great Tusk|70\/100|[from] item: Leftovers\n|upkeep\n|turn|28\n|\n|t:|1700472751\n|move|p2a: Great Tusk|Knock Off|p1a: Sinistcha\n|-supereffective|p1a: Sinistcha\n|-damage|p1a: Sinistcha|0 fnt\n|faint|p1a: Sinistcha\n|\n|-weather|SunnyDay|[upkeep]\n|-heal|p2a: Great Tusk|76\/100|[from] item: Leftovers\n|upkeep\n|\n|t:|1700472763\n|switch|p1a: Alomomola|Alomomola, F, tera:Flying|51\/100\n|turn|29\n|inactive|duck spiral has 120 seconds left.\n|inactive|duck spiral has 90 seconds left.\n|l|\u2606Kondroid\n|inactive|Kondroid disconnected and has a minute to reconnect!\n|player|p1|\n|j|\u2606Kondroid\n|inactive|Kondroid reconnected.\n|player|p1|Kondroid|hilbert-wonderlauncher\n|inactive|duck spiral has 60 seconds left.\n|inactive|duck spiral has 30 seconds left.\n|inactive|duck spiral has 20 seconds left.\n|inactive|duck spiral has 15 seconds left.\n|inactive|duck spiral has 10 seconds left.\n|inactive|duck spiral has 5 seconds left.\n|-message|duck spiral lost due to inactivity.\n|\n|win|Kondroid\n|raw|Kondroid's rating: 1146 &rarr; <strong>1167<\/strong><br \/>(+21 for winning)\n|raw|duck spiral's rating: 1094 &rarr; <strong>1073<\/strong><br \/>(-21 for losing)\n","uploadtime":1700472912,"views":15,"p1id":"kondroid","p2id":"duckspiral","formatid":"gen9ou","rating":1073,"private":0,"password":""}