{"id":"gen9ou-1997715926","p1":"ThatOneDude21","p2":"4rChik","format":"[Gen 9] OU","log":"|j|\u2606ThatOneDude21\n|j|\u26064rChik\n|t:|1700844992\n|gametype|singles\n|player|p1|ThatOneDude21|unknown|1104\n|player|p2|4rChik|harlequin|1180\n|teamsize|p1|6\n|teamsize|p2|6\n|gen|9\n|tier|[Gen 9] OU\n|rated|\n|rule|Sleep Clause Mod: Limit one foe put to sleep\n|rule|Species Clause: Limit one of each Pok\u00e9mon\n|rule|OHKO Clause: OHKO moves are banned\n|rule|Evasion Items Clause: Evasion items are banned\n|rule|Evasion Moves Clause: Evasion moves are banned\n|rule|Endless Battle Clause: Forcing endless battles is banned\n|rule|HP Percentage Mod: HP is shown in percentages\n|clearpoke\n|poke|p1|Rillaboom, M|\n|poke|p1|Slowbro-Galar, F|\n|poke|p1|Weezing-Galar, F|\n|poke|p1|Weavile, M|\n|poke|p1|Mew|\n|poke|p1|Lucario, M|\n|poke|p2|Ribombee, F|\n|poke|p2|Corviknight, M|\n|poke|p2|Slowking-Galar, F|\n|poke|p2|Cloyster, M|\n|poke|p2|Dragapult, M|\n|poke|p2|Greninja-*, M|\n|teampreview\n|inactive|Battle timer is ON: inactive players will automatically lose when time's up. (requested by 4rChik)\n|inactive|ThatOneDude21 also wants the timer to be on.\n|\n|t:|1700844999\n|start\n|switch|p1a: Slowbro|Slowbro-Galar, F|100\/100\n|switch|p2a: Ribombee|Ribombee, F|100\/100\n|turn|1\n|-activate|p1a: Slowbro|ability: Quick Draw\n|\n|t:|1700845014\n|move|p1a: Slowbro|Shell Side Arm|p2a: Ribombee|[anim] Shell Side Arm Special\n|-supereffective|p2a: Ribombee\n|-enditem|p2a: Ribombee|Focus Sash\n|-damage|p2a: Ribombee|1\/100\n|-hint|Special Shell Side Arm\n|-damage|p1a: Slowbro|90\/100|[from] item: Life Orb\n|move|p2a: Ribombee|Sticky Web|p1a: Slowbro\n|-sidestart|p1: ThatOneDude21|move: Sticky Web\n|\n|upkeep\n|turn|2\n|\n|t:|1700845022\n|move|p2a: Ribombee|Stun Spore|p1a: Slowbro|[miss]\n|-miss|p2a: Ribombee|p1a: Slowbro\n|move|p1a: Slowbro|Focus Blast|p2a: Ribombee|[miss]\n|-miss|p1a: Slowbro|p2a: Ribombee\n|\n|upkeep\n|turn|3\n|-activate|p1a: Slowbro|ability: Quick Draw\n|\n|t:|1700845031\n|move|p1a: Slowbro|Psychic|p2a: Ribombee\n|-damage|p2a: Ribombee|0 fnt\n|faint|p2a: Ribombee\n|-damage|p1a: Slowbro|80\/100|[from] item: Life Orb\n|\n|upkeep\n|\n|t:|1700845038\n|switch|p2a: Slowking|Slowking-Galar, F|100\/100\n|turn|4\n|\n|t:|1700845043\n|move|p1a: Slowbro|Psychic|p2a: Slowking\n|-damage|p2a: Slowking|55\/100\n|-damage|p1a: Slowbro|70\/100|[from] item: Life Orb\n|move|p2a: Slowking|Future Sight|p1a: Slowbro\n|-start|p2a: Slowking|move: Future Sight\n|\n|upkeep\n|turn|5\n|-activate|p1a: Slowbro|ability: Quick Draw\n|\n|t:|1700845047\n|move|p1a: Slowbro|Psychic|p2a: Slowking\n|-damage|p2a: Slowking|10\/100\n|-damage|p1a: Slowbro|60\/100|[from] item: Life Orb\n|move|p2a: Slowking|Chilly Reception|p2a: Slowking\n|-weather|Snow\n|\n|t:|1700845060\n|switch|p2a: Cloyster|Cloyster, M|100\/100|[from] Chilly Reception\n|\n|-weather|Snow|[upkeep]\n|upkeep\n|turn|6\n|-activate|p1a: Slowbro|ability: Quick Draw\n|\n|t:|1700845072\n|move|p1a: Slowbro|Focus Blast|p2a: Cloyster|[miss]\n|-miss|p1a: Slowbro|p2a: Cloyster\n|move|p2a: Cloyster|Rock Blast|p1a: Slowbro|[miss]\n|-miss|p2a: Cloyster|p1a: Slowbro\n|\n|-weather|Snow|[upkeep]\n|-end|p1a: Slowbro|move: Future Sight\n|-damage|p1a: Slowbro|4\/100\n|upkeep\n|turn|7\n|\n|t:|1700845078\n|move|p2a: Cloyster|Rock Blast|p1a: Slowbro\n|-damage|p1a: Slowbro|0 fnt\n|faint|p1a: Slowbro\n|-hitcount|p1: Slowbro|1\n|\n|-weather|Snow|[upkeep]\n|upkeep\n|\n|t:|1700845083\n|switch|p1a: Weezing|Weezing-Galar, F|100\/100\n|turn|8\n|\n|t:|1700845089\n|move|p2a: Cloyster|Shell Smash|p2a: Cloyster\n|-unboost|p2a: Cloyster|def|1\n|-unboost|p2a: Cloyster|spd|1\n|-boost|p2a: Cloyster|atk|2\n|-boost|p2a: Cloyster|spa|2\n|-boost|p2a: Cloyster|spe|2\n|move|p1a: Weezing|Strange Steam|p2a: Cloyster\n|-enditem|p2a: Cloyster|Focus Sash\n|-damage|p2a: Cloyster|1\/100\n|\n|-weather|Snow|[upkeep]\n|upkeep\n|turn|9\n|\n|t:|1700845101\n|move|p2a: Cloyster|Icicle Spear|p1a: Weezing\n|-damage|p1a: Weezing|86\/100\n|-damage|p1a: Weezing|72\/100\n|-damage|p1a: Weezing|58\/100\n|-damage|p1a: Weezing|44\/100\n|-damage|p1a: Weezing|29\/100\n|-hitcount|p1a: Weezing|5\n|move|p1a: Weezing|Sludge Bomb|p2a: Cloyster\n|-damage|p2a: Cloyster|0 fnt\n|faint|p2a: Cloyster\n|\n|-weather|none\n|upkeep\n|\n|t:|1700845108\n|switch|p2a: Greninja|Greninja, M|100\/100\n|turn|10\n|\n|t:|1700845112\n|move|p2a: Greninja|Water Shuriken|p1a: Weezing\n|-start|p2a: Greninja|typechange|Water|[from] ability: Protean\n|-damage|p1a: Weezing|15\/100\n|-damage|p1a: Weezing|1\/100\n|-damage|p1a: Weezing|0 fnt\n|faint|p1a: Weezing\n|-hitcount|p1: Weezing|3\n|\n|upkeep\n|\n|t:|1700845117\n|switch|p1a: Rillaboom|Rillaboom, M|100\/100\n|-activate|p1a: Rillaboom|move: Sticky Web\n|-unboost|p1a: Rillaboom|spe|1\n|turn|11\n|\n|t:|1700845122\n|switch|p2a: Corviknight|Corviknight, M|100\/100\n|-ability|p2a: Corviknight|Pressure\n|move|p1a: Rillaboom|Knock Off|p2a: Corviknight\n|-damage|p2a: Corviknight|77\/100\n|-damage|p1a: Rillaboom|84\/100|[from] item: Rocky Helmet|[of] p2a: Corviknight\n|-enditem|p2a: Corviknight|Rocky Helmet|[from] move: Knock Off|[of] p1a: Rillaboom\n|\n|upkeep\n|turn|12\n|\n|t:|1700845132\n|move|p2a: Corviknight|U-turn|p1a: Rillaboom\n|-supereffective|p1a: Rillaboom\n|-damage|p1a: Rillaboom|57\/100\n|\n|t:|1700845143\n|switch|p2a: Dragapult|Dragapult, M|100\/100|[from] U-turn\n|move|p1a: Rillaboom|U-turn|p2a: Dragapult\n|-resisted|p2a: Dragapult\n|-damage|p2a: Dragapult|82\/100\n|\n|t:|1700845148\n|switch|p1a: Weavile|Weavile, M|100\/100|[from] U-turn\n|-activate|p1a: Weavile|move: Sticky Web\n|-unboost|p1a: Weavile|spe|1\n|-ability|p1a: Weavile|Pressure\n|\n|upkeep\n|turn|13\n|\n|t:|1700845161\n|move|p2a: Dragapult|Dragon Darts|p1a: Weavile\n|-damage|p1a: Weavile|71\/100\n|-anim|p2a: Dragapult|Dragon Darts|p1a: Weavile\n|-damage|p1a: Weavile|41\/100\n|move|p1a: Weavile|Ice Spinner|p2a: Dragapult\n|-supereffective|p2a: Dragapult\n|-damage|p2a: Dragapult|0 fnt\n|faint|p2a: Dragapult\n|\n|upkeep\n|\n|t:|1700845175\n|switch|p2a: Greninja|Greninja, M|100\/100\n|turn|14\n|\n|t:|1700845189\n|move|p2a: Greninja|Water Shuriken|p1a: Weavile\n|-start|p2a: Greninja|typechange|Water|[from] ability: Protean\n|-damage|p1a: Weavile|26\/100\n|-crit|p1a: Weavile\n|-damage|p1a: Weavile|5\/100\n|-hitcount|p1a: Weavile|2\n|move|p1a: Weavile|Ice Spinner|p2a: Greninja\n|-resisted|p2a: Greninja\n|-damage|p2a: Greninja|52\/100\n|\n|upkeep\n|turn|15\n|\n|t:|1700845197\n|move|p2a: Greninja|Water Shuriken|p1a: Weavile\n|-damage|p1a: Weavile|0 fnt\n|faint|p1a: Weavile\n|-hitcount|p1: Weavile|1\n|\n|upkeep\n|\n|t:|1700845203\n|switch|p1a: Mew|Mew|100\/100\n|-activate|p1a: Mew|move: Sticky Web\n|-unboost|p1a: Mew|spe|1\n|turn|16\n|\n|t:|1700845209\n|switch|p2a: Corviknight|Corviknight, M|77\/100\n|-ability|p2a: Corviknight|Pressure\n|move|p1a: Mew|Calm Mind|p1a: Mew\n|-boost|p1a: Mew|spa|1\n|-boost|p1a: Mew|spd|1\n|\n|upkeep\n|turn|17\n|\n|t:|1700845219\n|move|p2a: Corviknight|U-turn|p1a: Mew\n|-supereffective|p1a: Mew\n|-damage|p1a: Mew|81\/100\n|\n|t:|1700845223\n|switch|p2a: Slowking|Slowking-Galar, F|43\/100|[from] U-turn\n|move|p1a: Mew|Calm Mind|p1a: Mew\n|-boost|p1a: Mew|spa|1\n|-boost|p1a: Mew|spd|1\n|\n|-heal|p1a: Mew|87\/100|[from] item: Leftovers\n|upkeep\n|turn|18\n|\n|t:|1700845229\n|move|p1a: Mew|Stored Power|p2a: Slowking\n|-damage|p2a: Slowking|0 fnt\n|faint|p2a: Slowking\n|\n|-heal|p1a: Mew|93\/100|[from] item: Leftovers\n|upkeep\n|\n|t:|1700845232\n|switch|p2a: Greninja|Greninja, M|52\/100\n|turn|19\n|\n|t:|1700845234\n|move|p1a: Mew|Vacuum Wave|p2a: Greninja\n|-supereffective|p2a: Greninja\n|-damage|p2a: Greninja|0 fnt\n|faint|p2a: Greninja\n|\n|-heal|p1a: Mew|99\/100|[from] item: Leftovers\n|upkeep\n|\n|t:|1700845236\n|switch|p2a: Corviknight|Corviknight, M|77\/100\n|-ability|p2a: Corviknight|Pressure\n|turn|20\n|\n|t:|1700845243\n|-terastallize|p2a: Corviknight|Flying\n|move|p2a: Corviknight|Brave Bird|p1a: Mew\n|-damage|p1a: Mew|65\/100\n|-damage|p2a: Corviknight|67\/100|[from] Recoil\n|move|p1a: Mew|Calm Mind|p1a: Mew\n|-boost|p1a: Mew|spa|1\n|-boost|p1a: Mew|spd|1\n|\n|-heal|p1a: Mew|71\/100|[from] item: Leftovers\n|upkeep\n|turn|21\n|\n|t:|1700845249\n|-terastallize|p1a: Mew|Psychic\n|move|p2a: Corviknight|Brave Bird|p1a: Mew\n|-damage|p1a: Mew|38\/100\n|-damage|p2a: Corviknight|57\/100|[from] Recoil\n|move|p1a: Mew|Stored Power|p2a: Corviknight\n|-damage|p2a: Corviknight|0 fnt\n|faint|p2a: Corviknight\n|\n|win|ThatOneDude21\n|raw|ThatOneDude21's rating: 1104 &rarr; <strong>1134<\/strong><br \/>(+30 for winning)\n|raw|4rChik's rating: 1180 &rarr; <strong>1150<\/strong><br \/>(-30 for losing)\n|l|\u26064rChik\n","uploadtime":1700845268,"views":4,"p1id":"thatonedude21","p2id":"4rchik","formatid":"gen9ou","rating":1134,"private":0,"password":""}