{"id":"gen9ou-1995482234","p1":"ach27","p2":"civanna","format":"[Gen 9] OU","log":"|j|\u2606ach27\n|j|\u2606civanna\n|t:|1700575678\n|gametype|singles\n|player|p1|ach27|2|1272\n|player|p2|civanna|tulip|1252\n|teamsize|p1|6\n|teamsize|p2|6\n|gen|9\n|tier|[Gen 9] OU\n|rated|\n|rule|Sleep Clause Mod: Limit one foe put to sleep\n|rule|Species Clause: Limit one of each Pok\u00e9mon\n|rule|OHKO Clause: OHKO moves are banned\n|rule|Evasion Items Clause: Evasion items are banned\n|rule|Evasion Moves Clause: Evasion moves are banned\n|rule|Endless Battle Clause: Forcing endless battles is banned\n|rule|HP Percentage Mod: HP is shown in percentages\n|clearpoke\n|poke|p1|Corviknight, M|\n|poke|p1|Zapdos|\n|poke|p1|Dragonite, F|\n|poke|p1|Enamorus-Therian, F|\n|poke|p1|Landorus-Therian, M|\n|poke|p1|Thundurus-Therian, M|\n|poke|p2|Corviknight, F|\n|poke|p2|Clodsire, F|\n|poke|p2|Samurott-Hisui, F|\n|poke|p2|Garganacl, F|\n|poke|p2|Maushold|\n|poke|p2|Clefable, F|\n|teampreview\n|\n|t:|1700575690\n|start\n|switch|p1a: Zapdos|Zapdos|100\/100\n|switch|p2a: minecraft mon|Garganacl, F|100\/100\n|turn|1\n|\n|t:|1700575708\n|switch|p1a: Landorus|Landorus-Therian, M|100\/100\n|-ability|p1a: Landorus|Intimidate|boost\n|-unboost|p2a: minecraft mon|atk|1\n|move|p2a: minecraft mon|Salt Cure|p1a: Landorus\n|-damage|p1a: Landorus|94\/100\n|-start|p1a: Landorus|Salt Cure\n|\n|-damage|p1a: Landorus|82\/100|[from] Salt Cure\n|upkeep\n|turn|2\n|inactive|Battle timer is ON: inactive players will automatically lose when time's up. (requested by civanna)\n|\n|t:|1700575719\n|switch|p1a: Thundurus|Thundurus-Therian, M|100\/100\n|switch|p2a: queerviknight|Corviknight, F|100\/100\n|\n|upkeep\n|turn|3\n|\n|t:|1700575733\n|switch|p1a: Enamorus|Enamorus-Therian, F|100\/100\n|switch|p2a: head empty|Clodsire, F|100\/100\n|\n|upkeep\n|turn|4\n|\n|t:|1700575741\n|switch|p1a: Corviknight|Corviknight, M|100\/100\n|move|p2a: head empty|Curse|p2a: head empty\n|-unboost|p2a: head empty|spe|1\n|-boost|p2a: head empty|atk|1\n|-boost|p2a: head empty|def|1\n|\n|upkeep\n|turn|5\n|\n|t:|1700575748\n|move|p1a: Corviknight|Bulk Up|p1a: Corviknight\n|-boost|p1a: Corviknight|atk|1\n|-boost|p1a: Corviknight|def|1\n|move|p2a: head empty|Curse|p2a: head empty\n|-unboost|p2a: head empty|spe|1\n|-boost|p2a: head empty|atk|1\n|-boost|p2a: head empty|def|1\n|\n|upkeep\n|turn|6\n|\n|t:|1700575755\n|move|p1a: Corviknight|Bulk Up|p1a: Corviknight\n|-boost|p1a: Corviknight|atk|1\n|-boost|p1a: Corviknight|def|1\n|move|p2a: head empty|Curse|p2a: head empty\n|-unboost|p2a: head empty|spe|1\n|-boost|p2a: head empty|atk|1\n|-boost|p2a: head empty|def|1\n|\n|upkeep\n|turn|7\n|\n|t:|1700575762\n|move|p1a: Corviknight|Bulk Up|p1a: Corviknight\n|-boost|p1a: Corviknight|atk|1\n|-boost|p1a: Corviknight|def|1\n|move|p2a: head empty|Curse|p2a: head empty\n|-unboost|p2a: head empty|spe|1\n|-boost|p2a: head empty|atk|1\n|-boost|p2a: head empty|def|1\n|\n|upkeep\n|turn|8\n|\n|t:|1700575782\n|move|p1a: Corviknight|Body Press|p2a: head empty\n|-resisted|p2a: head empty\n|-damage|p2a: head empty|96\/100\n|move|p2a: head empty|Curse|p2a: head empty\n|-unboost|p2a: head empty|spe|1\n|-boost|p2a: head empty|atk|1\n|-boost|p2a: head empty|def|1\n|\n|-heal|p2a: head empty|100\/100|[from] item: Black Sludge\n|upkeep\n|turn|9\n|\n|t:|1700575791\n|move|p1a: Corviknight|Bulk Up|p1a: Corviknight\n|-boost|p1a: Corviknight|atk|1\n|-boost|p1a: Corviknight|def|1\n|move|p2a: head empty|Curse|p2a: head empty\n|-unboost|p2a: head empty|spe|1\n|-boost|p2a: head empty|atk|1\n|-boost|p2a: head empty|def|1\n|\n|upkeep\n|turn|10\n|\n|t:|1700575798\n|move|p1a: Corviknight|Bulk Up|p1a: Corviknight\n|-boost|p1a: Corviknight|atk|1\n|-boost|p1a: Corviknight|def|1\n|move|p2a: head empty|Iron Head|p1a: Corviknight\n|-resisted|p1a: Corviknight\n|-damage|p1a: Corviknight|83\/100\n|\n|upkeep\n|turn|11\n|\n|t:|1700575805\n|move|p1a: Corviknight|Bulk Up|p1a: Corviknight\n|-boost|p1a: Corviknight|atk|1\n|-boost|p1a: Corviknight|def|1\n|move|p2a: head empty|Iron Head|p1a: Corviknight\n|-resisted|p1a: Corviknight\n|-damage|p1a: Corviknight|65\/100\n|\n|upkeep\n|turn|12\n|j| ADirtyCasual\n|\n|t:|1700575812\n|move|p1a: Corviknight|Body Press|p2a: head empty\n|-resisted|p2a: head empty\n|-damage|p2a: head empty|97\/100\n|move|p2a: head empty|Iron Head|p1a: Corviknight\n|-resisted|p1a: Corviknight\n|-damage|p1a: Corviknight|45\/100\n|-enditem|p1a: Corviknight|Sitrus Berry|[eat]\n|-heal|p1a: Corviknight|70\/100|[from] item: Sitrus Berry\n|\n|-heal|p2a: head empty|100\/100|[from] item: Black Sludge\n|upkeep\n|turn|13\n|\n|t:|1700575822\n|move|p1a: Corviknight|Body Press|p2a: head empty\n|-resisted|p2a: head empty\n|-damage|p2a: head empty|97\/100\n|move|p2a: head empty|Iron Head|p1a: Corviknight\n|-resisted|p1a: Corviknight\n|-damage|p1a: Corviknight|52\/100\n|\n|-heal|p2a: head empty|100\/100|[from] item: Black Sludge\n|upkeep\n|turn|14\n|\n|t:|1700575830\n|move|p1a: Corviknight|Roost|p1a: Corviknight\n|-heal|p1a: Corviknight|100\/100\n|-singleturn|p1a: Corviknight|move: Roost\n|move|p2a: head empty|Earthquake|p1a: Corviknight\n|-supereffective|p1a: Corviknight\n|-damage|p1a: Corviknight|0 fnt\n|faint|p1a: Corviknight\n|\n|upkeep\n|\n|t:|1700575844\n|switch|p1a: Landorus|Landorus-Therian, M|82\/100\n|-ability|p1a: Landorus|Intimidate|boost\n|-unboost|p2a: head empty|atk|1\n|turn|15\n|l| ADirtyCasual\n|\n|t:|1700575849\n|move|p1a: Landorus|Stealth Rock|p2a: head empty\n|-sidestart|p2: civanna|move: Stealth Rock\n|move|p2a: head empty|Curse|p2a: head empty\n|-boost|p2a: head empty|atk|1\n|\n|upkeep\n|turn|16\n|\n|t:|1700575854\n|move|p1a: Landorus|Earthquake|p2a: head empty\n|-supereffective|p2a: head empty\n|-damage|p2a: head empty|72\/100\n|move|p2a: head empty|Iron Head|p1a: Landorus\n|-damage|p1a: Landorus|40\/100\n|-damage|p2a: head empty|55\/100|[from] item: Rocky Helmet|[of] p1a: Landorus\n|\n|-heal|p2a: head empty|62\/100|[from] item: Black Sludge\n|upkeep\n|turn|17\n|j| KaiHawaai\n|\n|t:|1700575868\n|move|p1a: Landorus|Taunt|p2a: head empty\n|-start|p2a: head empty|move: Taunt\n|cant|p2a: head empty|move: Taunt|Recover\n|\n|-heal|p2a: head empty|68\/100|[from] item: Black Sludge\n|upkeep\n|turn|18\n|\n|t:|1700575874\n|move|p1a: Landorus|Earthquake|p2a: head empty\n|-supereffective|p2a: head empty\n|-damage|p2a: head empty|42\/100\n|move|p2a: head empty|Iron Head|p1a: Landorus\n|-damage|p1a: Landorus|0 fnt\n|-damage|p2a: head empty|25\/100|[from] item: Rocky Helmet|[of] p1a: Landorus\n|faint|p1a: Landorus\n|\n|-heal|p2a: head empty|32\/100|[from] item: Black Sludge\n|upkeep\n|l| KaiHawaai\n|\n|t:|1700575885\n|switch|p1a: Enamorus|Enamorus-Therian, F|100\/100\n|turn|19\n|\n|t:|1700575891\n|move|p1a: Enamorus|Earth Power|p2a: head empty\n|-supereffective|p2a: head empty\n|-damage|p2a: head empty|3\/100\n|move|p2a: head empty|Iron Head|p1a: Enamorus\n|-supereffective|p1a: Enamorus\n|-damage|p1a: Enamorus|15\/100\n|\n|-heal|p1a: Enamorus|21\/100|[from] item: Leftovers\n|-heal|p2a: head empty|9\/100|[from] item: Black Sludge\n|-end|p2a: head empty|move: Taunt\n|upkeep\n|turn|20\n|\n|t:|1700575901\n|switch|p2a: queerviknight|Corviknight, F|100\/100\n|-damage|p2a: queerviknight|88\/100|[from] Stealth Rock\n|move|p1a: Enamorus|Earth Power|p2a: queerviknight\n|-immune|p2a: queerviknight\n|\n|-heal|p2a: queerviknight|94\/100|[from] item: Leftovers\n|-heal|p1a: Enamorus|27\/100|[from] item: Leftovers\n|upkeep\n|turn|21\n|\n|t:|1700575910\n|move|p2a: queerviknight|Defog|p1a: Enamorus\n|-unboost|p1a: Enamorus|evasion|1\n|-sideend|p2: civanna|Stealth Rock|[from] move: Defog|[of] p2a: queerviknight\n|move|p1a: Enamorus|Iron Defense|p1a: Enamorus\n|-boost|p1a: Enamorus|def|2\n|\n|-heal|p2a: queerviknight|100\/100|[from] item: Leftovers\n|-heal|p1a: Enamorus|33\/100|[from] item: Leftovers\n|upkeep\n|turn|22\n|\n|t:|1700575918\n|move|p2a: queerviknight|Bulk Up|p2a: queerviknight\n|-boost|p2a: queerviknight|atk|1\n|-boost|p2a: queerviknight|def|1\n|move|p1a: Enamorus|Draining Kiss|p2a: queerviknight\n|-resisted|p2a: queerviknight\n|-damage|p2a: queerviknight|93\/100\n|-heal|p1a: Enamorus|40\/100|[from] drain|[of] p2a: queerviknight\n|\n|-heal|p2a: queerviknight|99\/100|[from] item: Leftovers\n|-heal|p1a: Enamorus|46\/100|[from] item: Leftovers\n|upkeep\n|turn|23\n|\n|t:|1700575928\n|move|p2a: queerviknight|Bulk Up|p2a: queerviknight\n|-boost|p2a: queerviknight|atk|1\n|-boost|p2a: queerviknight|def|1\n|move|p1a: Enamorus|Iron Defense|p1a: Enamorus\n|-boost|p1a: Enamorus|def|2\n|\n|-heal|p2a: queerviknight|100\/100|[from] item: Leftovers\n|-heal|p1a: Enamorus|52\/100|[from] item: Leftovers\n|upkeep\n|turn|24\n|\n|t:|1700575936\n|move|p2a: queerviknight|Bulk Up|p2a: queerviknight\n|-boost|p2a: queerviknight|atk|1\n|-boost|p2a: queerviknight|def|1\n|move|p1a: Enamorus|Calm Mind|p1a: Enamorus\n|-boost|p1a: Enamorus|spa|1\n|-boost|p1a: Enamorus|spd|1\n|\n|-heal|p1a: Enamorus|59\/100|[from] item: Leftovers\n|upkeep\n|turn|25\n|\n|t:|1700575944\n|move|p2a: queerviknight|Bulk Up|p2a: queerviknight\n|-boost|p2a: queerviknight|atk|1\n|-boost|p2a: queerviknight|def|1\n|move|p1a: Enamorus|Iron Defense|p1a: Enamorus\n|-boost|p1a: Enamorus|def|2\n|\n|-heal|p1a: Enamorus|65\/100|[from] item: Leftovers\n|upkeep\n|turn|26\n|\n|t:|1700575951\n|move|p2a: queerviknight|Bulk Up|p2a: queerviknight\n|-boost|p2a: queerviknight|atk|1\n|-boost|p2a: queerviknight|def|1\n|move|p1a: Enamorus|Calm Mind|p1a: Enamorus\n|-boost|p1a: Enamorus|spa|1\n|-boost|p1a: Enamorus|spd|1\n|\n|-heal|p1a: Enamorus|71\/100|[from] item: Leftovers\n|upkeep\n|turn|27\n|\n|t:|1700575959\n|move|p2a: queerviknight|Bulk Up|p2a: queerviknight\n|-boost|p2a: queerviknight|atk|1\n|-boost|p2a: queerviknight|def|1\n|move|p1a: Enamorus|Calm Mind|p1a: Enamorus\n|-boost|p1a: Enamorus|spa|1\n|-boost|p1a: Enamorus|spd|1\n|\n|-heal|p1a: Enamorus|77\/100|[from] item: Leftovers\n|upkeep\n|turn|28\n|\n|t:|1700575966\n|move|p2a: queerviknight|Power Trip|p1a: Enamorus\n|-resisted|p1a: Enamorus\n|-damage|p1a: Enamorus|56\/100\n|move|p1a: Enamorus|Calm Mind|p1a: Enamorus\n|-boost|p1a: Enamorus|spa|1\n|-boost|p1a: Enamorus|spd|1\n|\n|-heal|p1a: Enamorus|62\/100|[from] item: Leftovers\n|upkeep\n|turn|29\n|\n|t:|1700575975\n|move|p2a: queerviknight|Power Trip|p1a: Enamorus\n|-resisted|p1a: Enamorus\n|-damage|p1a: Enamorus|41\/100\n|move|p1a: Enamorus|Draining Kiss|p2a: queerviknight\n|-resisted|p2a: queerviknight\n|-damage|p2a: queerviknight|78\/100\n|-heal|p1a: Enamorus|60\/100|[from] drain|[of] p2a: queerviknight\n|\n|-heal|p2a: queerviknight|84\/100|[from] item: Leftovers\n|-heal|p1a: Enamorus|67\/100|[from] item: Leftovers\n|upkeep\n|turn|30\n|\n|t:|1700575985\n|move|p2a: queerviknight|Power Trip|p1a: Enamorus\n|-resisted|p1a: Enamorus\n|-damage|p1a: Enamorus|45\/100\n|move|p1a: Enamorus|Draining Kiss|p2a: queerviknight\n|-resisted|p2a: queerviknight\n|-damage|p2a: queerviknight|63\/100\n|-heal|p1a: Enamorus|63\/100|[from] drain|[of] p2a: queerviknight\n|\n|-heal|p2a: queerviknight|69\/100|[from] item: Leftovers\n|-heal|p1a: Enamorus|70\/100|[from] item: Leftovers\n|upkeep\n|turn|31\n|\n|t:|1700576001\n|move|p2a: queerviknight|Power Trip|p1a: Enamorus\n|-resisted|p1a: Enamorus\n|-damage|p1a: Enamorus|48\/100\n|move|p1a: Enamorus|Draining Kiss|p2a: queerviknight\n|-resisted|p2a: queerviknight\n|-damage|p2a: queerviknight|45\/100\n|-heal|p1a: Enamorus|68\/100|[from] drain|[of] p2a: queerviknight\n|\n|-heal|p2a: queerviknight|51\/100|[from] item: Leftovers\n|-heal|p1a: Enamorus|75\/100|[from] item: Leftovers\n|upkeep\n|turn|32\n|\n|t:|1700576013\n|switch|p2a: head empty|Clodsire, F|9\/100\n|move|p1a: Enamorus|Earth Power|p2a: head empty\n|-supereffective|p2a: head empty\n|-damage|p2a: head empty|0 fnt\n|faint|p2a: head empty\n|\n|-heal|p1a: Enamorus|81\/100|[from] item: Leftovers\n|upkeep\n|\n|t:|1700576019\n|switch|p2a: minecraft mon|Garganacl, F|100\/100\n|turn|33\n|\n|t:|1700576023\n|move|p1a: Enamorus|Earth Power|p2a: minecraft mon\n|-supereffective|p2a: minecraft mon\n|-ability|p2a: minecraft mon|Sturdy\n|-damage|p2a: minecraft mon|1\/100\n|move|p2a: minecraft mon|Salt Cure|p1a: Enamorus\n|-supereffective|p1a: Enamorus\n|-damage|p1a: Enamorus|75\/100\n|-start|p1a: Enamorus|Salt Cure\n|\n|-heal|p1a: Enamorus|81\/100|[from] item: Leftovers\n|-heal|p2a: minecraft mon|7\/100|[from] item: Leftovers\n|-damage|p1a: Enamorus|69\/100|[from] Salt Cure\n|upkeep\n|turn|34\n|\n|t:|1700576034\n|switch|p2a: queerviknight|Corviknight, F|51\/100\n|move|p1a: Enamorus|Draining Kiss|p2a: queerviknight\n|-resisted|p2a: queerviknight\n|-damage|p2a: queerviknight|30\/100\n|-heal|p1a: Enamorus|87\/100|[from] drain|[of] p2a: queerviknight\n|\n|-heal|p2a: queerviknight|36\/100|[from] item: Leftovers\n|-heal|p1a: Enamorus|93\/100|[from] item: Leftovers\n|-damage|p1a: Enamorus|81\/100|[from] Salt Cure\n|upkeep\n|turn|35\n|\n|t:|1700576045\n|move|p2a: queerviknight|Roost|p2a: queerviknight\n|-heal|p2a: queerviknight|86\/100\n|-singleturn|p2a: queerviknight|move: Roost\n|move|p1a: Enamorus|Earth Power|p2a: queerviknight\n|-supereffective|p2a: queerviknight\n|-damage|p2a: queerviknight|0 fnt\n|faint|p2a: queerviknight\n|\n|-heal|p1a: Enamorus|87\/100|[from] item: Leftovers\n|-damage|p1a: Enamorus|75\/100|[from] Salt Cure\n|upkeep\n|\n|t:|1700576059\n|switch|p2a: def gay|Clefable, F|100\/100\n|turn|36\n|\n|t:|1700576063\n|move|p2a: def gay|Wish|p2a: def gay\n|move|p1a: Enamorus|Draining Kiss|p2a: def gay\n|-damage|p2a: def gay|52\/100\n|-heal|p1a: Enamorus|100\/100|[from] drain|[of] p2a: def gay\n|\n|-heal|p2a: def gay|58\/100|[from] item: Leftovers\n|-damage|p1a: Enamorus|88\/100|[from] Salt Cure\n|upkeep\n|turn|37\n|\n|t:|1700576071\n|move|p2a: def gay|Cosmic Power|p2a: def gay\n|-boost|p2a: def gay|def|1\n|-boost|p2a: def gay|spd|1\n|move|p1a: Enamorus|Calm Mind|p1a: Enamorus\n|-boost|p1a: Enamorus|spa|1\n|-boost|p1a: Enamorus|spd|1\n|\n|-heal|p2a: def gay|100\/100|[from] move: Wish|[wisher] def gay\n|-heal|p1a: Enamorus|94\/100|[from] item: Leftovers\n|-damage|p1a: Enamorus|82\/100|[from] Salt Cure\n|upkeep\n|turn|38\n|\n|t:|1700576081\n|move|p2a: def gay|Wish|p2a: def gay\n|move|p1a: Enamorus|Draining Kiss|p2a: def gay\n|-damage|p2a: def gay|68\/100\n|-heal|p1a: Enamorus|100\/100|[from] drain|[of] p2a: def gay\n|\n|-heal|p2a: def gay|74\/100|[from] item: Leftovers\n|-damage|p1a: Enamorus|88\/100|[from] Salt Cure\n|upkeep\n|turn|39\n|\n|t:|1700576092\n|switch|p1a: Zapdos|Zapdos|100\/100\n|move|p2a: def gay|Cosmic Power|p2a: def gay\n|-boost|p2a: def gay|def|1\n|-boost|p2a: def gay|spd|1\n|\n|-heal|p2a: def gay|100\/100|[from] move: Wish|[wisher] def gay\n|upkeep\n|turn|40\n|\n|t:|1700576100\n|move|p1a: Zapdos|Thunder Wave|p2a: def gay\n|-status|p2a: def gay|par\n|cant|p2a: def gay|par\n|\n|upkeep\n|turn|41\n|\n|t:|1700576116\n|switch|p1a: Enamorus|Enamorus-Therian, F|88\/100\n|move|p2a: def gay|Cosmic Power|p2a: def gay\n|-boost|p2a: def gay|def|1\n|-boost|p2a: def gay|spd|1\n|\n|-heal|p1a: Enamorus|94\/100|[from] item: Leftovers\n|upkeep\n|turn|42\n|\n|t:|1700576123\n|move|p1a: Enamorus|Calm Mind|p1a: Enamorus\n|-boost|p1a: Enamorus|spa|1\n|-boost|p1a: Enamorus|spd|1\n|move|p2a: def gay|Cosmic Power|p2a: def gay\n|-boost|p2a: def gay|def|1\n|-boost|p2a: def gay|spd|1\n|\n|-heal|p1a: Enamorus|100\/100|[from] item: Leftovers\n|upkeep\n|turn|43\n|c|\u2606ach27|gg\n|\n|t:|1700576145\n|move|p1a: Enamorus|Calm Mind|p1a: Enamorus\n|-boost|p1a: Enamorus|spa|1\n|-boost|p1a: Enamorus|spd|1\n|move|p2a: def gay|Cosmic Power|p2a: def gay\n|-boost|p2a: def gay|def|1\n|-boost|p2a: def gay|spd|1\n|\n|upkeep\n|turn|44\n|\n|t:|1700576153\n|move|p1a: Enamorus|Calm Mind|p1a: Enamorus\n|-boost|p1a: Enamorus|spa|1\n|-boost|p1a: Enamorus|spd|1\n|move|p2a: def gay|Cosmic Power|p2a: def gay\n|-boost|p2a: def gay|def|1\n|-boost|p2a: def gay|spd|1\n|\n|upkeep\n|turn|45\n|\n|t:|1700576160\n|move|p1a: Enamorus|Calm Mind|p1a: Enamorus\n|-boost|p1a: Enamorus|spa|1\n|-boost|p1a: Enamorus|spd|1\n|move|p2a: def gay|Stored Power|p1a: Enamorus\n|-damage|p1a: Enamorus|86\/100\n|\n|-heal|p1a: Enamorus|92\/100|[from] item: Leftovers\n|upkeep\n|turn|46\n|\n|t:|1700576167\n|move|p1a: Enamorus|Calm Mind|p1a: Enamorus\n|-boost|p1a: Enamorus|spa|1\n|-boost|p1a: Enamorus|spd|1\n|move|p2a: def gay|Stored Power|p1a: Enamorus\n|-damage|p1a: Enamorus|78\/100\n|\n|-heal|p1a: Enamorus|85\/100|[from] item: Leftovers\n|upkeep\n|turn|47\n|\n|t:|1700576177\n|move|p1a: Enamorus|Calm Mind|p1a: Enamorus\n|-boost|p1a: Enamorus|spa|1\n|-boost|p1a: Enamorus|spd|1\n|cant|p2a: def gay|par\n|\n|-heal|p1a: Enamorus|91\/100|[from] item: Leftovers\n|upkeep\n|turn|48\n|\n|t:|1700576185\n|move|p1a: Enamorus|Iron Defense|p1a: Enamorus\n|-boost|p1a: Enamorus|def|2\n|move|p2a: def gay|Stored Power|p1a: Enamorus\n|-damage|p1a: Enamorus|79\/100\n|\n|-heal|p1a: Enamorus|85\/100|[from] item: Leftovers\n|upkeep\n|turn|49\n|\n|t:|1700576192\n|move|p1a: Enamorus|Iron Defense|p1a: Enamorus\n|-boost|p1a: Enamorus|def|2\n|move|p2a: def gay|Stored Power|p1a: Enamorus\n|-damage|p1a: Enamorus|73\/100\n|\n|-heal|p1a: Enamorus|79\/100|[from] item: Leftovers\n|upkeep\n|turn|50\n|\n|t:|1700576198\n|move|p1a: Enamorus|Iron Defense|p1a: Enamorus\n|-boost|p1a: Enamorus|def|2\n|move|p2a: def gay|Stored Power|p1a: Enamorus\n|-damage|p1a: Enamorus|68\/100\n|\n|-heal|p1a: Enamorus|75\/100|[from] item: Leftovers\n|upkeep\n|turn|51\n|\n|t:|1700576205\n|move|p1a: Enamorus|Calm Mind|p1a: Enamorus\n|-boost|p1a: Enamorus|spa|0\n|-boost|p1a: Enamorus|spd|0\n|move|p2a: def gay|Stored Power|p1a: Enamorus\n|-damage|p1a: Enamorus|63\/100\n|\n|-heal|p1a: Enamorus|69\/100|[from] item: Leftovers\n|upkeep\n|turn|52\n|\n|t:|1700576213\n|move|p1a: Enamorus|Draining Kiss|p2a: def gay\n|-damage|p2a: def gay|85\/100 par\n|-heal|p1a: Enamorus|82\/100|[from] drain|[of] p2a: def gay\n|move|p2a: def gay|Stored Power|p1a: Enamorus\n|-damage|p1a: Enamorus|71\/100\n|\n|-heal|p1a: Enamorus|77\/100|[from] item: Leftovers\n|-heal|p2a: def gay|91\/100 par|[from] item: Leftovers\n|upkeep\n|turn|53\n|\n|t:|1700576222\n|move|p1a: Enamorus|Draining Kiss|p2a: def gay\n|-damage|p2a: def gay|75\/100 par\n|-heal|p1a: Enamorus|90\/100|[from] drain|[of] p2a: def gay\n|move|p2a: def gay|Stored Power|p1a: Enamorus\n|-damage|p1a: Enamorus|79\/100\n|\n|-heal|p1a: Enamorus|86\/100|[from] item: Leftovers\n|-heal|p2a: def gay|81\/100 par|[from] item: Leftovers\n|upkeep\n|turn|54\n|\n|t:|1700576231\n|move|p1a: Enamorus|Draining Kiss|p2a: def gay\n|-damage|p2a: def gay|65\/100 par\n|-heal|p1a: Enamorus|99\/100|[from] drain|[of] p2a: def gay\n|move|p2a: def gay|Stored Power|p1a: Enamorus\n|-damage|p1a: Enamorus|89\/100\n|\n|-heal|p1a: Enamorus|96\/100|[from] item: Leftovers\n|-heal|p2a: def gay|71\/100 par|[from] item: Leftovers\n|upkeep\n|turn|55\n|\n|t:|1700576240\n|move|p1a: Enamorus|Draining Kiss|p2a: def gay\n|-damage|p2a: def gay|55\/100 par\n|-heal|p1a: Enamorus|100\/100|[from] drain|[of] p2a: def gay\n|cant|p2a: def gay|par\n|\n|-heal|p2a: def gay|61\/100 par|[from] item: Leftovers\n|upkeep\n|turn|56\n|\n|t:|1700576246\n|move|p1a: Enamorus|Earth Power|p2a: def gay\n|-damage|p2a: def gay|44\/100 par\n|move|p2a: def gay|Wish|p2a: def gay\n|\n|-heal|p2a: def gay|50\/100 par|[from] item: Leftovers\n|upkeep\n|turn|57\n|\n|t:|1700576255\n|move|p1a: Enamorus|Earth Power|p2a: def gay\n|-damage|p2a: def gay|33\/100 par\n|move|p2a: def gay|Stored Power|p1a: Enamorus\n|-damage|p1a: Enamorus|88\/100\n|\n|-heal|p2a: def gay|83\/100 par|[from] move: Wish|[wisher] def gay\n|-heal|p1a: Enamorus|95\/100|[from] item: Leftovers\n|-heal|p2a: def gay|89\/100 par|[from] item: Leftovers\n|upkeep\n|turn|58\n|\n|t:|1700576265\n|move|p1a: Enamorus|Calm Mind|p1a: Enamorus\n|-boost|p1a: Enamorus|spa|0\n|-boost|p1a: Enamorus|spd|0\n|cant|p2a: def gay|par\n|\n|-heal|p1a: Enamorus|100\/100|[from] item: Leftovers\n|-heal|p2a: def gay|95\/100 par|[from] item: Leftovers\n|upkeep\n|turn|59\n|\n|t:|1700576273\n|move|p1a: Enamorus|Earth Power|p2a: def gay\n|-damage|p2a: def gay|77\/100 par\n|move|p2a: def gay|Moonblast|p1a: Enamorus\n|-damage|p1a: Enamorus|94\/100\n|\n|-heal|p1a: Enamorus|100\/100|[from] item: Leftovers\n|-heal|p2a: def gay|83\/100 par|[from] item: Leftovers\n|upkeep\n|turn|60\n|c|\u2606ach27|why not unaware?\n|\n|t:|1700576290\n|move|p1a: Enamorus|Calm Mind|p1a: Enamorus\n|-boost|p1a: Enamorus|spa|0\n|-boost|p1a: Enamorus|spd|0\n|move|p2a: def gay|Moonblast|p1a: Enamorus\n|-damage|p1a: Enamorus|94\/100\n|-unboost|p1a: Enamorus|spa|1\n|\n|-heal|p1a: Enamorus|100\/100|[from] item: Leftovers\n|-heal|p2a: def gay|89\/100 par|[from] item: Leftovers\n|upkeep\n|turn|61\n|\n|t:|1700576303\n|move|p1a: Enamorus|Calm Mind|p1a: Enamorus\n|-boost|p1a: Enamorus|spa|1\n|-boost|p1a: Enamorus|spd|0\n|move|p2a: def gay|Moonblast|p1a: Enamorus\n|-damage|p1a: Enamorus|94\/100\n|\n|-heal|p1a: Enamorus|99\/100|[from] item: Leftovers\n|-heal|p2a: def gay|95\/100 par|[from] item: Leftovers\n|upkeep\n|turn|62\n|\n|t:|1700576312\n|move|p1a: Enamorus|Calm Mind|p1a: Enamorus\n|-boost|p1a: Enamorus|spa|0\n|-boost|p1a: Enamorus|spd|0\n|move|p2a: def gay|Moonblast|p1a: Enamorus\n|-damage|p1a: Enamorus|94\/100\n|\n|-heal|p1a: Enamorus|99\/100|[from] item: Leftovers\n|-heal|p2a: def gay|100\/100 par|[from] item: Leftovers\n|upkeep\n|turn|63\n|\n|t:|1700576320\n|move|p1a: Enamorus|Iron Defense|p1a: Enamorus\n|-boost|p1a: Enamorus|def|0\n|cant|p2a: def gay|par\n|\n|-heal|p1a: Enamorus|100\/100|[from] item: Leftovers\n|upkeep\n|turn|64\n|\n|t:|1700576327\n|move|p1a: Enamorus|Calm Mind|p1a: Enamorus\n|-boost|p1a: Enamorus|spa|0\n|-boost|p1a: Enamorus|spd|0\n|move|p2a: def gay|Moonblast|p1a: Enamorus\n|-damage|p1a: Enamorus|94\/100\n|-unboost|p1a: Enamorus|spa|1\n|\n|-heal|p1a: Enamorus|100\/100|[from] item: Leftovers\n|upkeep\n|turn|65\n|\n|t:|1700576335\n|move|p1a: Enamorus|Calm Mind|p1a: Enamorus\n|-boost|p1a: Enamorus|spa|1\n|-boost|p1a: Enamorus|spd|0\n|move|p2a: def gay|Cosmic Power|p2a: def gay\n|-boost|p2a: def gay|def|0\n|-boost|p2a: def gay|spd|0\n|\n|upkeep\n|turn|66\n|\n|t:|1700576343\n|move|p1a: Enamorus|Iron Defense|p1a: Enamorus\n|-boost|p1a: Enamorus|def|0\n|cant|p2a: def gay|par\n|\n|upkeep\n|turn|67\n|\n|t:|1700576348\n|move|p1a: Enamorus|Iron Defense|p1a: Enamorus\n|-boost|p1a: Enamorus|def|0\n|cant|p2a: def gay|par\n|\n|upkeep\n|turn|68\n|\n|t:|1700576355\n|move|p1a: Enamorus|Earth Power|p2a: def gay\n|-damage|p2a: def gay|82\/100 par\n|move|p2a: def gay|Cosmic Power|p2a: def gay\n|-boost|p2a: def gay|def|0\n|-boost|p2a: def gay|spd|0\n|\n|-heal|p2a: def gay|88\/100 par|[from] item: Leftovers\n|upkeep\n|turn|69\n|\n|t:|1700576362\n|move|p1a: Enamorus|Earth Power|p2a: def gay\n|-damage|p2a: def gay|70\/100 par\n|cant|p2a: def gay|par\n|\n|-heal|p2a: def gay|76\/100 par|[from] item: Leftovers\n|upkeep\n|turn|70\n|\n|t:|1700576368\n|move|p1a: Enamorus|Earth Power|p2a: def gay\n|-damage|p2a: def gay|59\/100 par\n|-unboost|p2a: def gay|spd|1\n|move|p2a: def gay|Cosmic Power|p2a: def gay\n|-boost|p2a: def gay|def|0\n|-boost|p2a: def gay|spd|1\n|\n|-heal|p2a: def gay|65\/100 par|[from] item: Leftovers\n|upkeep\n|turn|71\n|\n|t:|1700576377\n|move|p1a: Enamorus|Earth Power|p2a: def gay\n|-damage|p2a: def gay|48\/100 par\n|move|p2a: def gay|Wish|p2a: def gay\n|\n|-heal|p2a: def gay|54\/100 par|[from] item: Leftovers\n|upkeep\n|turn|72\n|\n|t:|1700576383\n|move|p1a: Enamorus|Earth Power|p2a: def gay\n|-damage|p2a: def gay|37\/100 par\n|move|p2a: def gay|Cosmic Power|p2a: def gay\n|-boost|p2a: def gay|def|0\n|-boost|p2a: def gay|spd|0\n|\n|-heal|p2a: def gay|87\/100 par|[from] move: Wish|[wisher] def gay\n|-heal|p2a: def gay|93\/100 par|[from] item: Leftovers\n|upkeep\n|turn|73\n|\n|t:|1700576392\n|move|p1a: Enamorus|Iron Defense|p1a: Enamorus\n|-boost|p1a: Enamorus|def|0\n|move|p2a: def gay|Cosmic Power|p2a: def gay\n|-boost|p2a: def gay|def|0\n|-boost|p2a: def gay|spd|0\n|\n|-heal|p2a: def gay|99\/100 par|[from] item: Leftovers\n|upkeep\n|turn|74\n|\n|t:|1700576399\n|move|p1a: Enamorus|Iron Defense|p1a: Enamorus\n|-boost|p1a: Enamorus|def|0\n|move|p2a: def gay|Cosmic Power|p2a: def gay\n|-boost|p2a: def gay|def|0\n|-boost|p2a: def gay|spd|0\n|\n|-heal|p2a: def gay|100\/100 par|[from] item: Leftovers\n|upkeep\n|turn|75\n|\n|t:|1700576407\n|move|p1a: Enamorus|Iron Defense|p1a: Enamorus\n|-boost|p1a: Enamorus|def|0\n|move|p2a: def gay|Cosmic Power|p2a: def gay\n|-boost|p2a: def gay|def|0\n|-boost|p2a: def gay|spd|0\n|\n|upkeep\n|turn|76\n|\n|t:|1700576415\n|move|p1a: Enamorus|Calm Mind|p1a: Enamorus\n|-boost|p1a: Enamorus|spa|0\n|-boost|p1a: Enamorus|spd|0\n|move|p2a: def gay|Moonblast|p1a: Enamorus\n|-damage|p1a: Enamorus|95\/100\n|-unboost|p1a: Enamorus|spa|1\n|\n|-heal|p1a: Enamorus|100\/100|[from] item: Leftovers\n|upkeep\n|turn|77\n|\n|t:|1700576424\n|move|p1a: Enamorus|Calm Mind|p1a: Enamorus\n|-boost|p1a: Enamorus|spa|1\n|-boost|p1a: Enamorus|spd|0\n|move|p2a: def gay|Moonblast|p1a: Enamorus\n|-damage|p1a: Enamorus|94\/100\n|-unboost|p1a: Enamorus|spa|1\n|\n|-heal|p1a: Enamorus|100\/100|[from] item: Leftovers\n|upkeep\n|turn|78\n|\n|t:|1700576432\n|move|p1a: Enamorus|Calm Mind|p1a: Enamorus\n|-boost|p1a: Enamorus|spa|1\n|-boost|p1a: Enamorus|spd|0\n|move|p2a: def gay|Moonblast|p1a: Enamorus\n|-damage|p1a: Enamorus|94\/100\n|\n|-heal|p1a: Enamorus|99\/100|[from] item: Leftovers\n|upkeep\n|turn|79\n|\n|t:|1700576440\n|move|p1a: Enamorus|Iron Defense|p1a: Enamorus\n|-boost|p1a: Enamorus|def|0\n|cant|p2a: def gay|par\n|\n|-heal|p1a: Enamorus|100\/100|[from] item: Leftovers\n|upkeep\n|turn|80\n|\n|t:|1700576446\n|move|p1a: Enamorus|Earth Power|p2a: def gay\n|-damage|p2a: def gay|81\/100 par\n|move|p2a: def gay|Moonblast|p1a: Enamorus\n|-damage|p1a: Enamorus|95\/100\n|\n|-heal|p1a: Enamorus|100\/100|[from] item: Leftovers\n|-heal|p2a: def gay|88\/100 par|[from] item: Leftovers\n|upkeep\n|turn|81\n|\n|t:|1700576455\n|move|p1a: Enamorus|Calm Mind|p1a: Enamorus\n|-boost|p1a: Enamorus|spa|0\n|-boost|p1a: Enamorus|spd|0\n|move|p2a: def gay|Moonblast|p1a: Enamorus\n|-damage|p1a: Enamorus|94\/100\n|\n|-heal|p1a: Enamorus|99\/100|[from] item: Leftovers\n|-heal|p2a: def gay|94\/100 par|[from] item: Leftovers\n|upkeep\n|turn|82\n|\n|t:|1700576463\n|move|p1a: Enamorus|Calm Mind|p1a: Enamorus\n|-boost|p1a: Enamorus|spa|0\n|-boost|p1a: Enamorus|spd|0\n|move|p2a: def gay|Moonblast|p1a: Enamorus\n|-damage|p1a: Enamorus|94\/100\n|-unboost|p1a: Enamorus|spa|1\n|\n|-heal|p1a: Enamorus|99\/100|[from] item: Leftovers\n|-heal|p2a: def gay|99\/100 par|[from] item: Leftovers\n|upkeep\n|turn|83\n|\n|t:|1700576474\n|move|p1a: Enamorus|Calm Mind|p1a: Enamorus\n|-boost|p1a: Enamorus|spa|1\n|-boost|p1a: Enamorus|spd|0\n|cant|p2a: def gay|par\n|\n|-heal|p1a: Enamorus|100\/100|[from] item: Leftovers\n|-heal|p2a: def gay|100\/100 par|[from] item: Leftovers\n|upkeep\n|turn|84\n|\n|t:|1700576482\n|move|p1a: Enamorus|Iron Defense|p1a: Enamorus\n|-boost|p1a: Enamorus|def|0\n|move|p2a: def gay|Moonblast|p1a: Enamorus\n|-damage|p1a: Enamorus|94\/100\n|-unboost|p1a: Enamorus|spa|1\n|\n|-heal|p1a: Enamorus|100\/100|[from] item: Leftovers\n|upkeep\n|turn|85\n|\n|t:|1700576491\n|move|p1a: Enamorus|Calm Mind|p1a: Enamorus\n|-boost|p1a: Enamorus|spa|1\n|-boost|p1a: Enamorus|spd|0\n|move|p2a: def gay|Cosmic Power|p2a: def gay\n|-boost|p2a: def gay|def|0\n|-boost|p2a: def gay|spd|0\n|\n|upkeep\n|turn|86\n|\n|t:|1700576502\n|move|p1a: Enamorus|Earth Power|p2a: def gay\n|-damage|p2a: def gay|83\/100 par\n|move|p2a: def gay|Cosmic Power|p2a: def gay\n|-boost|p2a: def gay|def|0\n|-boost|p2a: def gay|spd|0\n|\n|-heal|p2a: def gay|89\/100 par|[from] item: Leftovers\n|upkeep\n|turn|87\n|\n|t:|1700576509\n|move|p1a: Enamorus|Earth Power|p2a: def gay\n|-damage|p2a: def gay|70\/100 par\n|move|p2a: def gay|Cosmic Power|p2a: def gay\n|-boost|p2a: def gay|def|0\n|-boost|p2a: def gay|spd|0\n|\n|-heal|p2a: def gay|76\/100 par|[from] item: Leftovers\n|upkeep\n|turn|88\n|\n|t:|1700576517\n|move|p1a: Enamorus|Draining Kiss|p2a: def gay\n|-damage|p2a: def gay|62\/100 par\n|move|p2a: def gay|Wish|p2a: def gay\n|\n|-heal|p2a: def gay|68\/100 par|[from] item: Leftovers\n|upkeep\n|turn|89\n|\n|t:|1700576522\n|move|p1a: Enamorus|Draining Kiss|p2a: def gay\n|-damage|p2a: def gay|52\/100 par\n|move|p2a: def gay|Moonblast|p1a: Enamorus\n|-damage|p1a: Enamorus|94\/100\n|\n|-heal|p2a: def gay|100\/100 par|[from] move: Wish|[wisher] def gay\n|-heal|p1a: Enamorus|100\/100|[from] item: Leftovers\n|upkeep\n|turn|90\n|\n|t:|1700576531\n|move|p1a: Enamorus|Draining Kiss|p2a: def gay\n|-damage|p2a: def gay|85\/100 par\n|move|p2a: def gay|Moonblast|p1a: Enamorus\n|-crit|p1a: Enamorus\n|-damage|p1a: Enamorus|66\/100\n|\n|-heal|p1a: Enamorus|73\/100|[from] item: Leftovers\n|-heal|p2a: def gay|91\/100 par|[from] item: Leftovers\n|upkeep\n|turn|91\n|\n|t:|1700576539\n|move|p1a: Enamorus|Draining Kiss|p2a: def gay\n|-damage|p2a: def gay|76\/100 par\n|-heal|p1a: Enamorus|85\/100|[from] drain|[of] p2a: def gay\n|move|p2a: def gay|Wish|p2a: def gay\n|\n|-heal|p1a: Enamorus|92\/100|[from] item: Leftovers\n|-heal|p2a: def gay|82\/100 par|[from] item: Leftovers\n|upkeep\n|turn|92\n|\n|t:|1700576547\n|move|p1a: Enamorus|Calm Mind|p1a: Enamorus\n|-boost|p1a: Enamorus|spa|0\n|-boost|p1a: Enamorus|spd|0\n|cant|p2a: def gay|par\n|\n|-heal|p2a: def gay|100\/100 par|[from] move: Wish|[wisher] def gay\n|-heal|p1a: Enamorus|98\/100|[from] item: Leftovers\n|upkeep\n|turn|93\n|\n|t:|1700576555\n|move|p1a: Enamorus|Iron Defense|p1a: Enamorus\n|-boost|p1a: Enamorus|def|0\n|move|p2a: def gay|Moonblast|p1a: Enamorus\n|-damage|p1a: Enamorus|92\/100\n|\n|-heal|p1a: Enamorus|98\/100|[from] item: Leftovers\n|upkeep\n|turn|94\n|\n|t:|1700576561\n|move|p1a: Enamorus|Iron Defense|p1a: Enamorus\n|-boost|p1a: Enamorus|def|0\n|move|p2a: def gay|Moonblast|p1a: Enamorus\n|-damage|p1a: Enamorus|92\/100\n|-unboost|p1a: Enamorus|spa|1\n|\n|-heal|p1a: Enamorus|98\/100|[from] item: Leftovers\n|upkeep\n|turn|95\n|\n|t:|1700576570\n|move|p1a: Enamorus|Iron Defense|p1a: Enamorus\n|-boost|p1a: Enamorus|def|0\n|move|p2a: def gay|Cosmic Power|p2a: def gay\n|-boost|p2a: def gay|def|0\n|-boost|p2a: def gay|spd|0\n|\n|-heal|p1a: Enamorus|100\/100|[from] item: Leftovers\n|upkeep\n|turn|96\n|\n|t:|1700576577\n|move|p1a: Enamorus|Iron Defense|p1a: Enamorus\n|-boost|p1a: Enamorus|def|0\n|move|p2a: def gay|Cosmic Power|p2a: def gay\n|-boost|p2a: def gay|def|0\n|-boost|p2a: def gay|spd|0\n|\n|upkeep\n|turn|97\n|\n|t:|1700576586\n|move|p1a: Enamorus|Iron Defense|p1a: Enamorus\n|-boost|p1a: Enamorus|def|0\n|move|p2a: def gay|Cosmic Power|p2a: def gay\n|-boost|p2a: def gay|def|0\n|-boost|p2a: def gay|spd|0\n|\n|upkeep\n|turn|98\n|\n|t:|1700576600\n|move|p1a: Enamorus|Iron Defense|p1a: Enamorus\n|-boost|p1a: Enamorus|def|0\n|move|p2a: def gay|Moonblast|p1a: Enamorus\n|-damage|p1a: Enamorus|94\/100\n|-unboost|p1a: Enamorus|spa|1\n|\n|-heal|p1a: Enamorus|99\/100|[from] item: Leftovers\n|upkeep\n|turn|99\n|\n|t:|1700576609\n|move|p1a: Enamorus|Iron Defense|p1a: Enamorus\n|-boost|p1a: Enamorus|def|0\n|move|p2a: def gay|Moonblast|p1a: Enamorus\n|-crit|p1a: Enamorus\n|-damage|p1a: Enamorus|60\/100\n|\n|-heal|p1a: Enamorus|67\/100|[from] item: Leftovers\n|upkeep\n|turn|100\n|\n|t:|1700576617\n|move|p1a: Enamorus|Calm Mind|p1a: Enamorus\n|-boost|p1a: Enamorus|spa|1\n|-boost|p1a: Enamorus|spd|0\n|cant|p2a: def gay|par\n|\n|-heal|p1a: Enamorus|73\/100|[from] item: Leftovers\n|upkeep\n|turn|101\n|\n|t:|1700576624\n|move|p1a: Enamorus|Calm Mind|p1a: Enamorus\n|-boost|p1a: Enamorus|spa|1\n|-boost|p1a: Enamorus|spd|0\n|move|p2a: def gay|Cosmic Power|p2a: def gay\n|-boost|p2a: def gay|def|0\n|-boost|p2a: def gay|spd|0\n|\n|-heal|p1a: Enamorus|79\/100|[from] item: Leftovers\n|upkeep\n|turn|102\n|\n|t:|1700576631\n|move|p1a: Enamorus|Calm Mind|p1a: Enamorus\n|-boost|p1a: Enamorus|spa|0\n|-boost|p1a: Enamorus|spd|0\n|move|p2a: def gay|Cosmic Power|p2a: def gay\n|-boost|p2a: def gay|def|0\n|-boost|p2a: def gay|spd|0\n|\n|-heal|p1a: Enamorus|85\/100|[from] item: Leftovers\n|upkeep\n|turn|103\n|\n|t:|1700576639\n|move|p1a: Enamorus|Calm Mind|p1a: Enamorus\n|-boost|p1a: Enamorus|spa|0\n|-boost|p1a: Enamorus|spd|0\n|move|p2a: def gay|Cosmic Power|p2a: def gay\n|-boost|p2a: def gay|def|0\n|-boost|p2a: def gay|spd|0\n|\n|-heal|p1a: Enamorus|92\/100|[from] item: Leftovers\n|upkeep\n|turn|104\n|\n|t:|1700576646\n|move|p1a: Enamorus|Calm Mind|p1a: Enamorus\n|-boost|p1a: Enamorus|spa|0\n|-boost|p1a: Enamorus|spd|0\n|move|p2a: def gay|Cosmic Power|p2a: def gay\n|-boost|p2a: def gay|def|0\n|-boost|p2a: def gay|spd|0\n|\n|-heal|p1a: Enamorus|98\/100|[from] item: Leftovers\n|upkeep\n|turn|105\n|\n|t:|1700576654\n|move|p1a: Enamorus|Calm Mind|p1a: Enamorus\n|-boost|p1a: Enamorus|spa|0\n|-boost|p1a: Enamorus|spd|0\n|move|p2a: def gay|Wish|p2a: def gay\n|\n|-heal|p1a: Enamorus|100\/100|[from] item: Leftovers\n|upkeep\n|turn|106\n|\n|t:|1700576661\n|move|p1a: Enamorus|Iron Defense|p1a: Enamorus\n|-boost|p1a: Enamorus|def|0\n|cant|p2a: def gay|par\n|\n|upkeep\n|turn|107\n|\n|t:|1700576666\n|move|p1a: Enamorus|Iron Defense|p1a: Enamorus\n|-boost|p1a: Enamorus|def|0\n|move|p2a: def gay|Cosmic Power|p2a: def gay\n|-boost|p2a: def gay|def|0\n|-boost|p2a: def gay|spd|0\n|\n|upkeep\n|turn|108\n|\n|t:|1700576672\n|move|p1a: Enamorus|Iron Defense|p1a: Enamorus\n|-boost|p1a: Enamorus|def|0\n|move|p2a: def gay|Cosmic Power|p2a: def gay\n|-boost|p2a: def gay|def|0\n|-boost|p2a: def gay|spd|0\n|\n|upkeep\n|turn|109\n|\n|t:|1700576678\n|move|p1a: Enamorus|Draining Kiss|p2a: def gay\n|-damage|p2a: def gay|85\/100 par\n|cant|p2a: def gay|par\n|\n|-heal|p2a: def gay|91\/100 par|[from] item: Leftovers\n|upkeep\n|turn|110\n|\n|t:|1700576685\n|-activate|p1a: Enamorus|move: Struggle\n|move|p1a: Enamorus|Struggle|p2a: def gay\n|-damage|p2a: def gay|88\/100 par\n|-damage|p1a: Enamorus|75\/100|[from] recoil\n|move|p2a: def gay|Wish|p2a: def gay\n|\n|-heal|p1a: Enamorus|82\/100|[from] item: Leftovers\n|-heal|p2a: def gay|94\/100 par|[from] item: Leftovers\n|upkeep\n|turn|111\n|\n|t:|1700576697\n|-activate|p1a: Enamorus|move: Struggle\n|move|p1a: Enamorus|Struggle|p2a: def gay\n|-damage|p2a: def gay|91\/100 par\n|-damage|p1a: Enamorus|57\/100|[from] recoil\n|cant|p2a: def gay|par\n|\n|-heal|p2a: def gay|100\/100 par|[from] move: Wish|[wisher] def gay\n|-heal|p1a: Enamorus|63\/100|[from] item: Leftovers\n|upkeep\n|turn|112\n|\n|t:|1700576706\n|-activate|p1a: Enamorus|move: Struggle\n|move|p1a: Enamorus|Struggle|p2a: def gay\n|-damage|p2a: def gay|97\/100 par\n|-damage|p1a: Enamorus|38\/100|[from] recoil\n|move|p2a: def gay|Cosmic Power|p2a: def gay\n|-boost|p2a: def gay|def|0\n|-boost|p2a: def gay|spd|0\n|\n|-heal|p1a: Enamorus|44\/100|[from] item: Leftovers\n|-heal|p2a: def gay|100\/100 par|[from] item: Leftovers\n|upkeep\n|turn|113\n|\n|t:|1700576716\n|switch|p1a: Zapdos|Zapdos|100\/100\n|move|p2a: def gay|Wish|p2a: def gay\n|\n|upkeep\n|turn|114\n|\n|t:|1700576721\n|switch|p1a: Enamorus|Enamorus-Therian, F|44\/100\n|move|p2a: def gay|Stored Power|p1a: Enamorus\n|-damage|p1a: Enamorus|2\/100\n|\n|-heal|p1a: Enamorus|8\/100|[from] item: Leftovers\n|upkeep\n|turn|115\n|\n|t:|1700576731\n|switch|p1a: Dragonite|Dragonite, F|100\/100\n|move|p2a: def gay|Moonblast|p1a: Dragonite\n|-supereffective|p1a: Dragonite\n|-damage|p1a: Dragonite|75\/100\n|-unboost|p1a: Dragonite|spa|1\n|\n|upkeep\n|turn|116\n|\n|t:|1700576738\n|move|p1a: Dragonite|Roost|p1a: Dragonite\n|-heal|p1a: Dragonite|100\/100\n|-singleturn|p1a: Dragonite|move: Roost\n|cant|p2a: def gay|par\n|\n|upkeep\n|turn|117\n|\n|t:|1700576745\n|switch|p1a: Enamorus|Enamorus-Therian, F|8\/100\n|move|p2a: def gay|Stored Power|p1a: Enamorus\n|-damage|p1a: Enamorus|0 fnt\n|faint|p1a: Enamorus\n|\n|upkeep\n|\n|t:|1700576752\n|switch|p1a: Dragonite|Dragonite, F|100\/100\n|turn|118\n|\n|t:|1700576756\n|move|p1a: Dragonite|Thunder Wave|p2a: def gay\n|-fail|p2a: def gay|par\n|move|p2a: def gay|Stored Power|p1a: Dragonite\n|-damage|p1a: Dragonite|77\/100\n|\n|upkeep\n|turn|119\n|\n|t:|1700576763\n|move|p1a: Dragonite|Roost|p1a: Dragonite\n|-heal|p1a: Dragonite|100\/100\n|-singleturn|p1a: Dragonite|move: Roost\n|cant|p2a: def gay|par\n|\n|upkeep\n|turn|120\n|\n|t:|1700576770\n|move|p1a: Dragonite|Thunder Wave|p2a: def gay\n|-fail|p2a: def gay|par\n|move|p2a: def gay|Moonblast|p1a: Dragonite\n|-supereffective|p1a: Dragonite\n|-damage|p1a: Dragonite|71\/100\n|-unboost|p1a: Dragonite|spa|1\n|\n|upkeep\n|turn|121\n|\n|t:|1700576777\n|move|p1a: Dragonite|Roost|p1a: Dragonite\n|-heal|p1a: Dragonite|100\/100\n|-singleturn|p1a: Dragonite|move: Roost\n|cant|p2a: def gay|par\n|\n|upkeep\n|turn|122\n|\n|t:|1700576783\n|move|p1a: Dragonite|Thunder Wave|p2a: def gay\n|-fail|p2a: def gay|par\n|move|p2a: def gay|Moonblast|p1a: Dragonite\n|-supereffective|p1a: Dragonite\n|-damage|p1a: Dragonite|73\/100\n|-unboost|p1a: Dragonite|spa|1\n|\n|upkeep\n|turn|123\n|\n|t:|1700576791\n|move|p1a: Dragonite|Roost|p1a: Dragonite\n|-heal|p1a: Dragonite|100\/100\n|-singleturn|p1a: Dragonite|move: Roost\n|move|p2a: def gay|Moonblast|p1a: Dragonite\n|-supereffective|p1a: Dragonite\n|-damage|p1a: Dragonite|71\/100\n|-unboost|p1a: Dragonite|spa|1\n|\n|upkeep\n|turn|124\n|\n|t:|1700576800\n|move|p1a: Dragonite|Roost|p1a: Dragonite\n|-heal|p1a: Dragonite|100\/100\n|-singleturn|p1a: Dragonite|move: Roost\n|move|p2a: def gay|Moonblast|p1a: Dragonite\n|-supereffective|p1a: Dragonite\n|-damage|p1a: Dragonite|70\/100\n|\n|upkeep\n|turn|125\n|\n|t:|1700576808\n|move|p1a: Dragonite|Roost|p1a: Dragonite\n|-heal|p1a: Dragonite|100\/100\n|-singleturn|p1a: Dragonite|move: Roost\n|move|p2a: def gay|Moonblast|p1a: Dragonite\n|-supereffective|p1a: Dragonite\n|-damage|p1a: Dragonite|74\/100\n|-unboost|p1a: Dragonite|spa|1\n|\n|upkeep\n|turn|126\n|\n|t:|1700576816\n|move|p1a: Dragonite|Roost|p1a: Dragonite\n|-heal|p1a: Dragonite|100\/100\n|-singleturn|p1a: Dragonite|move: Roost\n|move|p2a: def gay|Stored Power|p1a: Dragonite\n|-damage|p1a: Dragonite|76\/100\n|\n|upkeep\n|turn|127\n|\n|t:|1700576827\n|move|p1a: Dragonite|Roost|p1a: Dragonite\n|-heal|p1a: Dragonite|100\/100\n|-singleturn|p1a: Dragonite|move: Roost\n|move|p2a: def gay|Stored Power|p1a: Dragonite\n|-damage|p1a: Dragonite|75\/100\n|\n|upkeep\n|turn|128\n|\n|t:|1700576834\n|move|p1a: Dragonite|Earthquake|p2a: def gay\n|-damage|p2a: def gay|92\/100 par\n|move|p2a: def gay|Stored Power|p1a: Dragonite\n|-damage|p1a: Dragonite|28\/100\n|\n|-heal|p2a: def gay|98\/100 par|[from] item: Leftovers\n|upkeep\n|turn|129\n|\n|t:|1700576847\n|switch|p2a: minecraft mon|Garganacl, F|7\/100\n|move|p1a: Dragonite|Earthquake|p2a: minecraft mon\n|-supereffective|p2a: minecraft mon\n|-damage|p2a: minecraft mon|0 fnt\n|faint|p2a: minecraft mon\n|\n|upkeep\n|\n|t:|1700576850\n|switch|p2a: and they're gay|Maushold|100\/100\n|turn|130\n|\n|t:|1700576857\n|move|p2a: and they're gay|Population Bomb|p1a: Dragonite\n|-damage|p1a: Dragonite|20\/100\n|-damage|p1a: Dragonite|12\/100\n|-damage|p1a: Dragonite|5\/100\n|-damage|p1a: Dragonite|0 fnt\n|faint|p1a: Dragonite\n|-hitcount|p1: Dragonite|4\n|\n|upkeep\n|\n|t:|1700576862\n|switch|p1a: Zapdos|Zapdos|100\/100\n|turn|131\n|\n|t:|1700576869\n|move|p2a: and they're gay|Population Bomb|p1a: Zapdos\n|-crit|p1a: Zapdos\n|-damage|p1a: Zapdos|84\/100\n|-damage|p1a: Zapdos|73\/100\n|-damage|p1a: Zapdos|62\/100\n|-damage|p1a: Zapdos|50\/100\n|-damage|p1a: Zapdos|39\/100\n|-damage|p1a: Zapdos|27\/100\n|-damage|p1a: Zapdos|16\/100\n|-status|p2a: and they're gay|par|[from] ability: Static|[of] p1a: Zapdos\n|-damage|p1a: Zapdos|4\/100\n|-damage|p1a: Zapdos|0 fnt\n|faint|p1a: Zapdos\n|-hitcount|p1: Zapdos|9\n|\n|upkeep\n|\n|t:|1700576872\n|switch|p1a: Thundurus|Thundurus-Therian, M|100\/100\n|turn|132\n|\n|t:|1700576878\n|-terastallize|p1a: Thundurus|Electric\n|move|p1a: Thundurus|Thunderbolt|p2a: and they're gay\n|-damage|p2a: and they're gay|0 fnt\n|faint|p2a: and they're gay\n|-damage|p1a: Thundurus|90\/100|[from] item: Life Orb\n|\n|upkeep\n|\n|t:|1700576894\n|switch|p2a: angy|Samurott-Hisui, F|100\/100\n|turn|133\n|\n|t:|1700576899\n|-terastallize|p2a: angy|Water\n|move|p1a: Thundurus|Thunderbolt|p2a: angy\n|-supereffective|p2a: angy\n|-enditem|p2a: angy|Focus Sash\n|-damage|p2a: angy|1\/100\n|-damage|p1a: Thundurus|80\/100|[from] item: Life Orb\n|move|p2a: angy|Razor Shell|p1a: Thundurus\n|-damage|p1a: Thundurus|0 fnt\n|faint|p1a: Thundurus\n|\n|win|civanna\n|raw|ach27's rating: 1272 &rarr; <strong>1246<\/strong><br \/>(-26 for losing)\n|raw|civanna's rating: 1252 &rarr; <strong>1278<\/strong><br \/>(+26 for winning)\n|c|\u2606civanna|ggwp\n|c|\u2606ach27|gg\n","uploadtime":1700576908,"views":1,"p1id":"ach27","p2id":"civanna","formatid":"gen9ou","rating":1246,"private":0,"password":""}