{"id":"gen9ou-1989746166","p1":"Aj_Sc0tt","p2":"Skaraptor2.1","format":"[Gen 9] OU","log":"|j|\u2606Aj_Sc0tt\n|j|\u2606Skaraptor2.1\n|t:|1699892212\n|gametype|singles\n|player|p1|Aj_Sc0tt|elesa|1149\n|player|p2|Skaraptor2.1|emma|1246\n|teamsize|p1|6\n|teamsize|p2|6\n|gen|9\n|tier|[Gen 9] OU\n|rated|\n|rule|Sleep Clause Mod: Limit one foe put to sleep\n|rule|Species Clause: Limit one of each Pok\u00e9mon\n|rule|OHKO Clause: OHKO moves are banned\n|rule|Evasion Items Clause: Evasion items are banned\n|rule|Evasion Moves Clause: Evasion moves are banned\n|rule|Endless Battle Clause: Forcing endless battles is banned\n|rule|HP Percentage Mod: HP is shown in percentages\n|clearpoke\n|poke|p1|Kommo-o, F|\n|poke|p1|Hatterene, F|\n|poke|p1|Heatran, F|\n|poke|p1|Zapdos|\n|poke|p1|Ogerpon-Wellspring, F|\n|poke|p1|Great Tusk|\n|poke|p2|Ribombee, M|\n|poke|p2|Ogerpon-Wellspring, F|\n|poke|p2|Iron Moth|\n|poke|p2|Zamazenta-*|\n|poke|p2|Iron Valiant|\n|poke|p2|Kingambit, F|\n|teampreview\n|inactive|Battle timer is ON: inactive players will automatically lose when time's up. (requested by Skaraptor2.1)\n|\n|t:|1699892216\n|start\n|switch|p1a: Blair|Hatterene, F, shiny|100\/100\n|switch|p2a: Twink|Ribombee, M|100\/100\n|turn|1\n|\n|t:|1699892219\n|move|p2a: Twink|Skill Swap|p1a: Blair\n|-activate|p2a: Twink|move: Skill Swap|Magic Bounce|Shield Dust|[of] p1a: Blair\n|move|p1a: Blair|Calm Mind|p1a: Blair\n|-boost|p1a: Blair|spa|1\n|-boost|p1a: Blair|spd|1\n|\n|upkeep\n|turn|2\n|\n|t:|1699892223\n|move|p2a: Twink|Stun Spore|p1a: Blair\n|-status|p1a: Blair|par\n|move|p1a: Blair|Nuzzle|p2a: Twink\n|-damage|p2a: Twink|94\/100\n|-status|p2a: Twink|par\n|\n|upkeep\n|turn|3\n|\n|t:|1699892228\n|move|p2a: Twink|Sticky Web|p1a: Blair\n|-sidestart|p1: Aj_Sc0tt|move: Sticky Web\n|move|p1a: Blair|Psyshock|p2a: Twink\n|-damage|p2a: Twink|13\/100 par\n|\n|upkeep\n|turn|4\n|\n|t:|1699892234\n|move|p2a: Twink|Skill Swap|p1a: Blair\n|-activate|p2a: Twink|move: Skill Swap|Shield Dust|Magic Bounce|[of] p1a: Blair\n|cant|p1a: Blair|par\n|\n|upkeep\n|turn|5\n|\n|t:|1699892237\n|move|p2a: Twink|Moonblast|p1a: Blair\n|-damage|p1a: Blair|77\/100 par\n|move|p1a: Blair|Draining Kiss|p2a: Twink\n|-damage|p2a: Twink|0 fnt\n|-heal|p1a: Blair|86\/100 par|[from] drain|[of] p2a: Twink\n|faint|p2a: Twink\n|\n|-heal|p1a: Blair|92\/100 par|[from] item: Leftovers\n|upkeep\n|\n|t:|1699892243\n|switch|p2a: Queengambit|Kingambit, F|100\/100\n|-activate|p2a: Queengambit|ability: Supreme Overlord\n|-start|p2a: Queengambit|fallen1|[silent]\n|turn|6\n|\n|t:|1699892249\n|move|p2a: Queengambit|Swords Dance|p2a: Queengambit\n|-boost|p2a: Queengambit|atk|2\n|move|p1a: Blair|Nuzzle|p2a: Queengambit\n|-damage|p2a: Queengambit|98\/100\n|-status|p2a: Queengambit|par\n|\n|-heal|p2a: Queengambit|100\/100 par|[from] item: Leftovers\n|-heal|p1a: Blair|98\/100 par|[from] item: Leftovers\n|upkeep\n|turn|7\n|\n|t:|1699892251\n|move|p2a: Queengambit|Iron Head|p1a: Blair\n|-supereffective|p1a: Blair\n|-damage|p1a: Blair|0 fnt\n|faint|p1a: Blair\n|\n|upkeep\n|\n|t:|1699892255\n|switch|p1a: BOOMIN|Heatran, F, shiny|100\/100\n|-activate|p1a: BOOMIN|move: Sticky Web\n|-unboost|p1a: BOOMIN|spe|1\n|turn|8\n|\n|t:|1699892260\n|move|p1a: BOOMIN|Overheat|p2a: Queengambit|[miss]\n|-miss|p1a: BOOMIN|p2a: Queengambit\n|cant|p2a: Queengambit|par\n|\n|upkeep\n|turn|9\n|\n|t:|1699892262\n|move|p2a: Queengambit|Sucker Punch|p1a: BOOMIN\n|-damage|p1a: BOOMIN|16\/100\n|move|p1a: BOOMIN|Overheat|p2a: Queengambit\n|-supereffective|p2a: Queengambit\n|-damage|p2a: Queengambit|0 fnt\n|-unboost|p1a: BOOMIN|spa|2\n|faint|p2a: Queengambit\n|-end|p2a: Queengambit|fallen1|[silent]\n|\n|upkeep\n|\n|t:|1699892274\n|switch|p2a: Solar Panels|Iron Moth|100\/100\n|-enditem|p2a: Solar Panels|Booster Energy\n|-activate|p2a: Solar Panels|ability: Quark Drive|[fromitem]\n|-start|p2a: Solar Panels|quarkdrivespe\n|turn|10\n|\n|t:|1699892279\n|switch|p1a: best go team ngl|Zapdos, shiny|100\/100\n|move|p2a: Solar Panels|Substitute|p2a: Solar Panels\n|-start|p2a: Solar Panels|Substitute\n|-damage|p2a: Solar Panels|76\/100\n|\n|upkeep\n|turn|11\n|\n|t:|1699892283\n|move|p2a: Solar Panels|Fiery Dance|p1a: best go team ngl\n|-damage|p1a: best go team ngl|61\/100\n|-boost|p2a: Solar Panels|spa|1\n|move|p1a: best go team ngl|Hurricane|p2a: Solar Panels\n|-end|p2a: Solar Panels|Substitute\n|\n|upkeep\n|turn|12\n|\n|t:|1699892288\n|move|p2a: Solar Panels|Sludge Wave|p1a: best go team ngl\n|-damage|p1a: best go team ngl|0 fnt\n|faint|p1a: best go team ngl\n|\n|upkeep\n|\n|t:|1699892290\n|switch|p1a: Swoley|Kommo-o, F, shiny|100\/100\n|-activate|p1a: Swoley|move: Sticky Web\n|-unboost|p1a: Swoley|spe|1\n|turn|13\n|\n|t:|1699892303\n|-terastallize|p1a: Swoley|Normal\n|move|p2a: Solar Panels|Sludge Wave|p1a: Swoley\n|-damage|p1a: Swoley|22\/100\n|move|p1a: Swoley|Clanging Scales|p2a: Solar Panels\n|-crit|p2a: Solar Panels\n|-damage|p2a: Solar Panels|0 fnt\n|faint|p2a: Solar Panels\n|-end|p2a: Solar Panels|Quark Drive|[silent]\n|-unboost|p1a: Swoley|def|1\n|-enditem|p1a: Swoley|Throat Spray\n|-boost|p1a: Swoley|spa|1|[from] item: Throat Spray\n|\n|upkeep\n|\n|t:|1699892317\n|switch|p2a: Bigender|Iron Valiant|100\/100\n|-enditem|p2a: Bigender|Booster Energy\n|-activate|p2a: Bigender|ability: Quark Drive|[fromitem]\n|-start|p2a: Bigender|quarkdrivespe\n|turn|14\n|\n|t:|1699892330\n|move|p2a: Bigender|Moonblast|p1a: Swoley\n|-damage|p1a: Swoley|0 fnt\n|faint|p1a: Swoley\n|\n|upkeep\n|\n|t:|1699892337\n|switch|p1a: mic n ike|Ogerpon-Wellspring, F|100\/100\n|-activate|p1a: mic n ike|move: Sticky Web\n|-unboost|p1a: mic n ike|spe|1\n|turn|15\n|\n|t:|1699892364\n|move|p2a: Bigender|Moonblast|p1a: mic n ike\n|-damage|p1a: mic n ike|48\/100\n|move|p1a: mic n ike|Power Whip|p2a: Bigender\n|-damage|p2a: Bigender|6\/100\n|\n|upkeep\n|turn|16\n|\n|t:|1699892378\n|move|p2a: Bigender|Moonblast|p1a: mic n ike\n|-damage|p1a: mic n ike|0 fnt\n|faint|p1a: mic n ike\n|\n|upkeep\n|-message|Aj_Sc0tt forfeited.\n|\n|win|Skaraptor2.1\n|raw|Aj_Sc0tt's rating: 1149 &rarr; <strong>1131<\/strong><br \/>(-18 for losing)\n|raw|Skaraptor2.1's rating: 1246 &rarr; <strong>1264<\/strong><br \/>(+18 for winning)\n|l|\u2606Aj_Sc0tt\n","uploadtime":1699892404,"views":11,"p1id":"ajsc0tt","p2id":"skaraptor21","formatid":"gen9ou","rating":1131,"private":0,"password":""}