{"id":"gen9ou-1992956047","p1":"SCHIZODROOLER98","p2":"Vaccine Test","format":"[Gen 9] OU","log":"|j|\u2606SCHIZODROOLER98\n|j|\u2606Vaccine Test\n|t:|1700250097\n|gametype|singles\n|player|p1|SCHIZODROOLER98|medium|1448\n|player|p2|Vaccine Test|pokemonbreeder|1574\n|teamsize|p1|6\n|teamsize|p2|6\n|gen|9\n|tier|[Gen 9] OU\n|rated|\n|rule|Sleep Clause Mod: Limit one foe put to sleep\n|rule|Species Clause: Limit one of each Pok\u00e9mon\n|rule|OHKO Clause: OHKO moves are banned\n|rule|Evasion Items Clause: Evasion items are banned\n|rule|Evasion Moves Clause: Evasion moves are banned\n|rule|Endless Battle Clause: Forcing endless battles is banned\n|rule|HP Percentage Mod: HP is shown in percentages\n|clearpoke\n|poke|p1|Ninetales-Alola, F|\n|poke|p1|Slowbro-Galar, M|\n|poke|p1|Enamorus-Therian, F|\n|poke|p1|Iron Hands|\n|poke|p1|Ceruledge, M|\n|poke|p1|Kingambit, M|\n|poke|p2|Muk-Alola, M|\n|poke|p2|Rillaboom, M|\n|poke|p2|Scream Tail|\n|poke|p2|Ogerpon-Cornerstone, F|\n|poke|p2|Corviknight, F|\n|poke|p2|Walking Wake|\n|teampreview\n|\n|t:|1700250122\n|start\n|switch|p1a: MIDWEST FURFEST|Ninetales-Alola, F, shiny|100\/100\n|switch|p2a: Muk|Muk-Alola, M|100\/100\n|-weather|Snow|[from] ability: Snow Warning|[of] p1a: MIDWEST FURFEST\n|turn|1\n|inactive|Battle timer is ON: inactive players will automatically lose when time's up. (requested by SCHIZODROOLER98)\n|\n|t:|1700250126\n|move|p1a: MIDWEST FURFEST|Aurora Veil|p1a: MIDWEST FURFEST\n|-sidestart|p1: SCHIZODROOLER98|move: Aurora Veil\n|move|p2a: Muk|Knock Off|p1a: MIDWEST FURFEST\n|-resisted|p1a: MIDWEST FURFEST\n|-damage|p1a: MIDWEST FURFEST|94\/100\n|-enditem|p1a: MIDWEST FURFEST|Light Clay|[from] move: Knock Off|[of] p2a: Muk\n|\n|-weather|Snow|[upkeep]\n|upkeep\n|turn|2\n|\n|t:|1700250134\n|switch|p1a: HE JUST LIKE ME FR|Kingambit, M|100\/100\n|move|p2a: Muk|Poison Jab|p1a: HE JUST LIKE ME FR\n|-immune|p1a: HE JUST LIKE ME FR\n|\n|-weather|Snow|[upkeep]\n|upkeep\n|turn|3\n|\n|t:|1700250144\n|-end|p1a: HE JUST LIKE ME FR|fallenundefined|[silent]\n|switch|p1a: SKILL ISSUE|Slowbro-Galar, M, shiny|100\/100\n|switch|p2a: Corviknight|Corviknight, F|100\/100\n|-ability|p2a: Corviknight|Pressure\n|\n|-weather|Snow|[upkeep]\n|upkeep\n|turn|4\n|-activate|p1a: SKILL ISSUE|item: Quick Claw\n|\n|t:|1700250149\n|switch|p2a: Muk|Muk-Alola, M|100\/100\n|move|p1a: SKILL ISSUE|Nasty Plot|p1a: SKILL ISSUE\n|-boost|p1a: SKILL ISSUE|spa|2\n|\n|-weather|Snow|[upkeep]\n|upkeep\n|turn|5\n|\n|t:|1700250155\n|move|p2a: Muk|Knock Off|p1a: SKILL ISSUE\n|-supereffective|p1a: SKILL ISSUE\n|-damage|p1a: SKILL ISSUE|67\/100\n|-enditem|p1a: SKILL ISSUE|Quick Claw|[from] move: Knock Off|[of] p2a: Muk\n|move|p1a: SKILL ISSUE|Surf|p2a: Muk\n|-damage|p2a: Muk|67\/100\n|\n|-weather|none\n|-heal|p2a: Muk|73\/100|[from] item: Leftovers\n|upkeep\n|turn|6\n|c|\u2606Vaccine Test|OH HELL NAG\n|c|\u2606Vaccine Test|*NAH\n|c|\u2606SCHIZODROOLER98|BUT WAIT! THERES MORE!\n|-activate|p1a: SKILL ISSUE|ability: Quick Draw\n|\n|t:|1700250181\n|move|p1a: SKILL ISSUE|Focus Blast|p2a: Muk\n|-damage|p2a: Muk|29\/100\n|-unboost|p2a: Muk|spd|1\n|move|p2a: Muk|Knock Off|p1a: SKILL ISSUE\n|-supereffective|p1a: SKILL ISSUE\n|-damage|p1a: SKILL ISSUE|43\/100\n|\n|-heal|p2a: Muk|36\/100|[from] item: Leftovers\n|upkeep\n|turn|7\n|c|\u2606Vaccine Test|omg the hax\n|c|\u2606Vaccine Test|obviously how could I forget\n|inactive|SCHIZODROOLER98 has 120 seconds left.\n|\n|t:|1700250201\n|move|p2a: Muk|Protect|p2a: Muk\n|-singleturn|p2a: Muk|Protect\n|move|p1a: SKILL ISSUE|Surf|p2a: Muk\n|-activate|p2a: Muk|move: Protect\n|\n|-heal|p2a: Muk|42\/100|[from] item: Leftovers\n|upkeep\n|turn|8\n|inactive|SCHIZODROOLER98 has 120 seconds left.\n|c|\u2606SCHIZODROOLER98|its not hax im manipulating rng with brainwaves u wouldnt get it\n|inactive|Vaccine Test has 120 seconds left.\n|c|\u2606Vaccine Test|I really don't haha\n|-activate|p1a: SKILL ISSUE|ability: Quick Draw\n|\n|t:|1700250233\n|switch|p2a: Scream Tail|Scream Tail|100\/100\n|move|p1a: SKILL ISSUE|Surf|p2a: Scream Tail\n|-damage|p2a: Scream Tail|61\/100\n|\n|-heal|p2a: Scream Tail|67\/100|[from] item: Leftovers\n|-sideend|p1: SCHIZODROOLER98|move: Aurora Veil\n|upkeep\n|turn|9\n|c|\u2606SCHIZODROOLER98|theyre in my walls\n|\n|t:|1700250247\n|switch|p1a: MIDWEST FURFEST|Ninetales-Alola, F, shiny|94\/100\n|-weather|Snow|[from] ability: Snow Warning|[of] p1a: MIDWEST FURFEST\n|move|p2a: Scream Tail|Stealth Rock|p1a: MIDWEST FURFEST\n|-sidestart|p1: SCHIZODROOLER98|move: Stealth Rock\n|\n|-weather|Snow|[upkeep]\n|-heal|p2a: Scream Tail|73\/100|[from] item: Leftovers\n|upkeep\n|turn|10\n|\n|t:|1700250254\n|move|p2a: Scream Tail|Wish|p2a: Scream Tail\n|move|p1a: MIDWEST FURFEST|Aurora Veil|p1a: MIDWEST FURFEST\n|-sidestart|p1: SCHIZODROOLER98|move: Aurora Veil\n|\n|-weather|Snow|[upkeep]\n|-heal|p2a: Scream Tail|80\/100|[from] item: Leftovers\n|upkeep\n|turn|11\n|inactive|SCHIZODROOLER98 has 120 seconds left.\n|\n|t:|1700250262\n|-end|p2a: Scream Tail|Protosynthesis|[silent]\n|switch|p2a: Muk|Muk-Alola, M|42\/100\n|switch|p1a: HE JUST LIKE ME FR|Kingambit, M|100\/100\n|-damage|p1a: HE JUST LIKE ME FR|94\/100|[from] Stealth Rock\n|\n|-weather|Snow|[upkeep]\n|-heal|p2a: Muk|90\/100|[from] move: Wish|[wisher] Scream Tail\n|-heal|p2a: Muk|96\/100|[from] item: Leftovers\n|upkeep\n|turn|12\n|\n|t:|1700250272\n|switch|p2a: Corviknight|Corviknight, F|100\/100\n|-ability|p2a: Corviknight|Pressure\n|move|p1a: HE JUST LIKE ME FR|Swords Dance|p1a: HE JUST LIKE ME FR\n|-boost|p1a: HE JUST LIKE ME FR|atk|2\n|\n|-weather|Snow|[upkeep]\n|upkeep\n|turn|13\n|\n|t:|1700250291\n|-terastallize|p1a: HE JUST LIKE ME FR|Dark\n|move|p2a: Corviknight|Body Press|p1a: HE JUST LIKE ME FR\n|-supereffective|p1a: HE JUST LIKE ME FR\n|-damage|p1a: HE JUST LIKE ME FR|75\/100\n|move|p1a: HE JUST LIKE ME FR|Kowtow Cleave|p2a: Corviknight\n|-crit|p2a: Corviknight\n|-damage|p2a: Corviknight|0 fnt\n|faint|p2a: Corviknight\n|\n|-weather|none\n|upkeep\n|c|\u2606SCHIZODROOLER98|crits are skill too btw\n|c|\u2606Vaccine Test|this one didn't matter\n|inactive|Vaccine Test has 120 seconds left.\n|c|\u2606SCHIZODROOLER98|it did it gave me insane dopamine\n|c|\u2606Vaccine Test|lmao\n|\n|t:|1700250341\n|switch|p2a: Scream Tail|Scream Tail|80\/100\n|turn|14\n|\n|t:|1700250345\n|move|p2a: Scream Tail|Dazzling Gleam|p1a: HE JUST LIKE ME FR\n|-supereffective|p1a: HE JUST LIKE ME FR\n|-damage|p1a: HE JUST LIKE ME FR|58\/100\n|move|p1a: HE JUST LIKE ME FR|Iron Head|p2a: Scream Tail\n|-supereffective|p2a: Scream Tail\n|-damage|p2a: Scream Tail|0 fnt\n|faint|p2a: Scream Tail\n|-end|p2a: Scream Tail|Protosynthesis|[silent]\n|\n|-sideend|p1: SCHIZODROOLER98|move: Aurora Veil\n|upkeep\n|\n|t:|1700250358\n|switch|p2a: Ogerpon|Ogerpon-Cornerstone, F|100\/100\n|turn|15\n|\n|t:|1700250378\n|-terastallize|p2a: Ogerpon|Rock\n|detailschange|p2a: Ogerpon|Ogerpon-Cornerstone-Tera, F, tera:Rock\n|-ability|p2a: Ogerpon|Embody Aspect (Cornerstone)|boost\n|-boost|p2a: Ogerpon|def|1\n|move|p2a: Ogerpon|Ivy Cudgel|p1a: HE JUST LIKE ME FR|[anim] Ivy Cudgel Rock\n|-damage|p1a: HE JUST LIKE ME FR|4\/100\n|move|p1a: HE JUST LIKE ME FR|Kowtow Cleave|p2a: Ogerpon\n|-damage|p2a: Ogerpon|0 fnt\n|faint|p2a: Ogerpon\n|\n|upkeep\n|c|\u2606SCHIZODROOLER98|bro u had sturdy \ud83d\ude2d\n|inactive|Vaccine Test has 90 seconds left.\n|c|\u2606Vaccine Test|I didn't know I would lose the ability\n|c|\u2606Vaccine Test|:(\n|c|\u2606SCHIZODROOLER98|messed up\n|\n|t:|1700250410\n|switch|p2a: Rillaboom|Rillaboom, M|100\/100\n|-fieldstart|move: Grassy Terrain|[from] ability: Grassy Surge|[of] p2a: Rillaboom\n|turn|16\n|c|\u2606SCHIZODROOLER98|happens its ok i click veil in sandstorm sometimes\n|\n|t:|1700250422\n|move|p2a: Rillaboom|Grassy Glide|p1a: HE JUST LIKE ME FR\n|-damage|p1a: HE JUST LIKE ME FR|0 fnt\n|faint|p1a: HE JUST LIKE ME FR\n|-end|p1a: HE JUST LIKE ME FR|fallenundefined|[silent]\n|-damage|p2a: Rillaboom|91\/100|[from] item: Life Orb\n|\n|-heal|p2a: Rillaboom|97\/100|[from] Grassy Terrain\n|upkeep\n|c|\u2606SCHIZODROOLER98|average sol-3 human intellect\n|inactive|SCHIZODROOLER98 has 120 seconds left.\n|\n|t:|1700250443\n|switch|p1a: MIDWEST FURFEST|Ninetales-Alola, F, shiny|94\/100\n|-damage|p1a: MIDWEST FURFEST|69\/100|[from] Stealth Rock\n|-weather|Snow|[from] ability: Snow Warning|[of] p1a: MIDWEST FURFEST\n|turn|17\n|c|\u2606Vaccine Test|I don't understand that either\n|inactive|Vaccine Test has 90 seconds left.\n|\n|t:|1700250465\n|switch|p2a: Muk|Muk-Alola, M|96\/100\n|move|p1a: MIDWEST FURFEST|Aurora Veil|p1a: MIDWEST FURFEST\n|-sidestart|p1: SCHIZODROOLER98|move: Aurora Veil\n|\n|-weather|Snow|[upkeep]\n|-heal|p1a: MIDWEST FURFEST|75\/100|[from] Grassy Terrain\n|-heal|p2a: Muk|100\/100|[from] Grassy Terrain\n|upkeep\n|turn|18\n|\n|t:|1700250479\n|switch|p1a: SKILL ISSUE|Slowbro-Galar, M, shiny|43\/100\n|-damage|p1a: SKILL ISSUE|30\/100|[from] Stealth Rock\n|move|p2a: Muk|Poison Jab|p1a: SKILL ISSUE\n|-resisted|p1a: SKILL ISSUE\n|-damage|p1a: SKILL ISSUE|23\/100\n|\n|-weather|Snow|[upkeep]\n|-heal|p1a: SKILL ISSUE|29\/100|[from] Grassy Terrain\n|upkeep\n|turn|19\n|\n|t:|1700250483\n|move|p2a: Muk|Knock Off|p1a: SKILL ISSUE\n|-supereffective|p1a: SKILL ISSUE\n|-damage|p1a: SKILL ISSUE|8\/100\n|move|p1a: SKILL ISSUE|Nasty Plot|p1a: SKILL ISSUE\n|-boost|p1a: SKILL ISSUE|spa|2\n|\n|-weather|Snow|[upkeep]\n|-heal|p1a: SKILL ISSUE|14\/100|[from] Grassy Terrain\n|upkeep\n|turn|20\n|c|\u2606Vaccine Test|NO >:(\n|-activate|p1a: SKILL ISSUE|ability: Quick Draw\n|\n|t:|1700250494\n|move|p1a: SKILL ISSUE|Focus Blast|p2a: Muk\n|-damage|p2a: Muk|58\/100\n|move|p2a: Muk|Knock Off|p1a: SKILL ISSUE\n|-supereffective|p1a: SKILL ISSUE\n|-damage|p1a: SKILL ISSUE|0 fnt\n|faint|p1a: SKILL ISSUE\n|\n|-weather|Snow|[upkeep]\n|-heal|p2a: Muk|65\/100|[from] Grassy Terrain\n|-heal|p2a: Muk|71\/100|[from] item: Leftovers\n|-fieldend|move: Grassy Terrain\n|upkeep\n|c|\u2606SCHIZODROOLER98|YED\n|c|\u2606Vaccine Test|hello darkness\n|\n|t:|1700250511\n|switch|p1a: ASTAGHFIRULLAH|Enamorus-Therian, F, shiny|100\/100\n|-damage|p1a: ASTAGHFIRULLAH|76\/100|[from] Stealth Rock\n|turn|21\n|\n|t:|1700250519\n|move|p2a: Muk|Protect|p2a: Muk\n|-singleturn|p2a: Muk|Protect\n|move|p1a: ASTAGHFIRULLAH|Calm Mind|p1a: ASTAGHFIRULLAH\n|-boost|p1a: ASTAGHFIRULLAH|spa|1\n|-boost|p1a: ASTAGHFIRULLAH|spd|1\n|\n|-weather|none\n|-heal|p2a: Muk|77\/100|[from] item: Leftovers\n|-sideend|p1: SCHIZODROOLER98|move: Aurora Veil\n|upkeep\n|turn|22\n|c|\u2606SCHIZODROOLER98|fucked up man u better not poison touch or i lose i think\n|\n|t:|1700250529\n|move|p2a: Muk|Poison Jab|p1a: ASTAGHFIRULLAH\n|-supereffective|p1a: ASTAGHFIRULLAH\n|-damage|p1a: ASTAGHFIRULLAH|24\/100\n|-status|p1a: ASTAGHFIRULLAH|psn|[from] ability: Poison Touch|[of] p2a: Muk\n|move|p1a: ASTAGHFIRULLAH|Earth Power|p2a: Muk\n|-supereffective|p2a: Muk\n|-damage|p2a: Muk|19\/100\n|\n|-heal|p2a: Muk|25\/100|[from] item: Leftovers\n|-damage|p1a: ASTAGHFIRULLAH|12\/100 psn|[from] psn\n|upkeep\n|turn|23\n|\n|t:|1700250537\n|move|p2a: Muk|Protect|p2a: Muk\n|-singleturn|p2a: Muk|Protect\n|move|p1a: ASTAGHFIRULLAH|Earth Power|p2a: Muk\n|-activate|p2a: Muk|move: Protect\n|\n|-heal|p2a: Muk|31\/100|[from] item: Leftovers\n|-damage|p1a: ASTAGHFIRULLAH|0 fnt|[from] psn\n|faint|p1a: ASTAGHFIRULLAH\n|upkeep\n|c|\u2606SCHIZODROOLER98|real shit\n|\n|t:|1700250548\n|switch|p1a: MIDWEST FURFEST|Ninetales-Alola, F, shiny|75\/100\n|-damage|p1a: MIDWEST FURFEST|50\/100|[from] Stealth Rock\n|-weather|Snow|[from] ability: Snow Warning|[of] p1a: MIDWEST FURFEST\n|turn|24\n|\n|t:|1700250559\n|move|p1a: MIDWEST FURFEST|Aurora Veil|p1a: MIDWEST FURFEST\n|-sidestart|p1: SCHIZODROOLER98|move: Aurora Veil\n|move|p2a: Muk|Poison Jab|p1a: MIDWEST FURFEST\n|-supereffective|p1a: MIDWEST FURFEST\n|-damage|p1a: MIDWEST FURFEST|25\/100\n|\n|-weather|Snow|[upkeep]\n|-heal|p2a: Muk|37\/100|[from] item: Leftovers\n|upkeep\n|turn|25\n|\n|t:|1700250571\n|move|p2a: Muk|Protect|p2a: Muk\n|-singleturn|p2a: Muk|Protect\n|move|p1a: MIDWEST FURFEST|Encore|p2a: Muk\n|-activate|p2a: Muk|move: Protect\n|\n|-weather|Snow|[upkeep]\n|-heal|p2a: Muk|43\/100|[from] item: Leftovers\n|upkeep\n|turn|26\n|\n|t:|1700250580\n|move|p1a: MIDWEST FURFEST|Hypnosis|p2a: Muk|[miss]\n|-miss|p1a: MIDWEST FURFEST|p2a: Muk\n|move|p2a: Muk|Knock Off|p1a: MIDWEST FURFEST\n|-resisted|p1a: MIDWEST FURFEST\n|-damage|p1a: MIDWEST FURFEST|21\/100\n|\n|-weather|Snow|[upkeep]\n|-heal|p2a: Muk|49\/100|[from] item: Leftovers\n|upkeep\n|turn|27\n|c|\u2606SCHIZODROOLER98|crying in the club rn\n|\n|t:|1700250601\n|switch|p2a: Rillaboom|Rillaboom, M|97\/100\n|-fieldstart|move: Grassy Terrain|[from] ability: Grassy Surge|[of] p2a: Rillaboom\n|move|p1a: MIDWEST FURFEST|Hypnosis|p2a: Rillaboom\n|-status|p2a: Rillaboom|slp|[from] move: Hypnosis\n|\n|-weather|Snow|[upkeep]\n|-heal|p1a: MIDWEST FURFEST|27\/100|[from] Grassy Terrain\n|-heal|p2a: Rillaboom|100\/100 slp|[from] Grassy Terrain\n|upkeep\n|turn|28\n|\n|t:|1700250613\n|switch|p1a: DEEZ HANDS|Iron Hands|100\/100\n|-damage|p1a: DEEZ HANDS|94\/100|[from] Stealth Rock\n|switch|p2a: Muk|Muk-Alola, M|49\/100\n|\n|-weather|none\n|-heal|p1a: DEEZ HANDS|100\/100|[from] Grassy Terrain\n|-heal|p2a: Muk|55\/100|[from] Grassy Terrain\n|-heal|p2a: Muk|61\/100|[from] item: Leftovers\n|-sideend|p1: SCHIZODROOLER98|move: Aurora Veil\n|upkeep\n|turn|29\n|\n|t:|1700250620\n|move|p1a: DEEZ HANDS|Swords Dance|p1a: DEEZ HANDS\n|-boost|p1a: DEEZ HANDS|atk|2\n|move|p2a: Muk|Poison Jab|p1a: DEEZ HANDS\n|-damage|p1a: DEEZ HANDS|83\/100\n|\n|-heal|p2a: Muk|67\/100|[from] Grassy Terrain\n|-heal|p1a: DEEZ HANDS|89\/100|[from] Grassy Terrain\n|-heal|p2a: Muk|73\/100|[from] item: Leftovers\n|upkeep\n|turn|30\n|\n|t:|1700250624\n|move|p1a: DEEZ HANDS|Drain Punch|p2a: Muk\n|-damage|p2a: Muk|0 fnt\n|-heal|p1a: DEEZ HANDS|100\/100|[from] drain|[of] p2a: Muk\n|faint|p2a: Muk\n|\n|upkeep\n|\n|t:|1700250627\n|switch|p2a: Walking Wake|Walking Wake|100\/100\n|turn|31\n|\n|t:|1700250631\n|move|p2a: Walking Wake|Draco Meteor|p1a: DEEZ HANDS\n|-damage|p1a: DEEZ HANDS|41\/100\n|-unboost|p2a: Walking Wake|spa|2\n|move|p1a: DEEZ HANDS|Drain Punch|p2a: Walking Wake\n|-damage|p2a: Walking Wake|8\/100\n|-heal|p1a: DEEZ HANDS|74\/100|[from] drain|[of] p2a: Walking Wake\n|\n|-heal|p2a: Walking Wake|14\/100|[from] Grassy Terrain\n|-heal|p1a: DEEZ HANDS|80\/100|[from] Grassy Terrain\n|-fieldend|move: Grassy Terrain\n|upkeep\n|turn|32\n|c|\u2606SCHIZODROOLER98|okaay winnable\n|c|\u2606Vaccine Test|why did you think you would lose ?\n|c|\u2606Vaccine Test|you were baiting me right ?\n|c|\u2606SCHIZODROOLER98|schizophrenia what can i say\n|inactive|Vaccine Test has 120 seconds left.\n|c|\u2606SCHIZODROOLER98|no idea whats goin on\n|c|\u2606Vaccine Test|I was already accepting defeat\n|\n|t:|1700250674\n|move|p2a: Walking Wake|Draco Meteor|p1a: DEEZ HANDS\n|-damage|p1a: DEEZ HANDS|51\/100\n|-unboost|p2a: Walking Wake|spa|2\n|move|p1a: DEEZ HANDS|Drain Punch|p2a: Walking Wake\n|-damage|p2a: Walking Wake|0 fnt\n|-heal|p1a: DEEZ HANDS|55\/100|[from] drain|[of] p2a: Walking Wake\n|faint|p2a: Walking Wake\n|-end|p2a: Walking Wake|Protosynthesis|[silent]\n|\n|upkeep\n|c|\u2606Vaccine Test|gg\n|c|\u2606SCHIZODROOLER98|ggs\n|\n|t:|1700250683\n|switch|p2a: Rillaboom|Rillaboom, M|100\/100 slp\n|-fieldstart|move: Grassy Terrain|[from] ability: Grassy Surge|[of] p2a: Rillaboom\n|turn|33\n|-activate|p1a: DEEZ HANDS|item: Quick Claw\n|\n|t:|1700250688\n|cant|p2a: Rillaboom|slp\n|move|p1a: DEEZ HANDS|Ice Punch|p2a: Rillaboom\n|-supereffective|p2a: Rillaboom\n|-damage|p2a: Rillaboom|0 fnt\n|faint|p2a: Rillaboom\n|\n|win|SCHIZODROOLER98\n|raw|SCHIZODROOLER98's rating: 1448 &rarr; <strong>1475<\/strong><br \/>(+27 for winning)\n|raw|Vaccine Test's rating: 1574 &rarr; <strong>1547<\/strong><br \/>(-27 for losing)\n","uploadtime":1700250526,"views":21,"p1id":"schizodrooler98","p2id":"vaccinetest","formatid":"gen9ou","rating":1475,"private":0,"password":""}