{"id":"gen9ou-1990590474","p1":"Axolotl Spelunky","p2":"ouch poison ouchie","format":"[Gen 9] OU","log":"|j|\u2606Axolotl Spelunky\n|j|\u2606ouch poison ouchie\n|t:|1699983921\n|gametype|singles\n|player|p1|Axolotl Spelunky|iris-gen5bw2|1139\n|player|p2|ouch poison ouchie|266|1099\n|teamsize|p1|6\n|teamsize|p2|6\n|gen|9\n|tier|[Gen 9] OU\n|rated|\n|rule|Sleep Clause Mod: Limit one foe put to sleep\n|rule|Species Clause: Limit one of each Pok\u00e9mon\n|rule|OHKO Clause: OHKO moves are banned\n|rule|Evasion Items Clause: Evasion items are banned\n|rule|Evasion Moves Clause: Evasion moves are banned\n|rule|Endless Battle Clause: Forcing endless battles is banned\n|rule|HP Percentage Mod: HP is shown in percentages\n|clearpoke\n|poke|p1|Ninetales-Alola, M|\n|poke|p1|Haxorus, F|\n|poke|p1|Great Tusk|\n|poke|p1|Milotic, M|\n|poke|p1|Arcanine-Hisui, F|\n|poke|p1|Samurott-Hisui, F|\n|poke|p2|Slowking-Galar, F|\n|poke|p2|Great Tusk|\n|poke|p2|Rillaboom, F|\n|poke|p2|Kingambit, F|\n|poke|p2|Dragapult, F|\n|poke|p2|Moltres|\n|teampreview\n|c|\u2606Axolotl Spelunky|Gl hf\n|inactive|Battle timer is ON: inactive players will automatically lose when time's up. (requested by Axolotl Spelunky)\n|\n|t:|1699983958\n|start\n|switch|p1a: Samurott|Samurott-Hisui, F|100\/100\n|switch|p2a: Moltres|Moltres|100\/100\n|turn|1\n|\n|t:|1699983969\n|switch|p2a: Rillaboom|Rillaboom, F|100\/100\n|-fieldstart|move: Grassy Terrain|[from] ability: Grassy Surge|[of] p2a: Rillaboom\n|move|p1a: Samurott|Razor Shell|p2a: Rillaboom\n|-resisted|p2a: Rillaboom\n|-damage|p2a: Rillaboom|73\/100\n|\n|-heal|p2a: Rillaboom|79\/100|[from] Grassy Terrain\n|upkeep\n|turn|2\n|\n|t:|1699983982\n|move|p2a: Rillaboom|Grassy Glide|p1a: Samurott\n|-supereffective|p1a: Samurott\n|-enditem|p1a: Samurott|Focus Sash\n|-damage|p1a: Samurott|1\/100\n|move|p1a: Samurott|Ceaseless Edge|p2a: Rillaboom\n|-damage|p2a: Rillaboom|31\/100\n|-sidestart|p2: ouch poison ouchie|Spikes\n|\n|-heal|p1a: Samurott|7\/100|[from] Grassy Terrain\n|-heal|p2a: Rillaboom|37\/100|[from] Grassy Terrain\n|upkeep\n|turn|3\n|\n|t:|1699983990\n|switch|p1a: Arcanine|Arcanine-Hisui, F|100\/100\n|move|p2a: Rillaboom|Grassy Glide|p1a: Arcanine\n|-damage|p1a: Arcanine|32\/100\n|\n|-heal|p1a: Arcanine|38\/100|[from] Grassy Terrain\n|-heal|p2a: Rillaboom|43\/100|[from] Grassy Terrain\n|upkeep\n|turn|4\n|\n|t:|1699984003\n|move|p1a: Arcanine|Extreme Speed|p2a: Rillaboom\n|-damage|p2a: Rillaboom|16\/100\n|move|p2a: Rillaboom|Grassy Glide|p1a: Arcanine\n|-damage|p1a: Arcanine|0 fnt\n|faint|p1a: Arcanine\n|\n|-heal|p2a: Rillaboom|22\/100|[from] Grassy Terrain\n|upkeep\n|\n|t:|1699984015\n|switch|p1a: Ninetales|Ninetales-Alola, M|100\/100\n|-weather|Snow|[from] ability: Snow Warning|[of] p1a: Ninetales\n|turn|5\n|\n|t:|1699984036\n|switch|p2a: Slowking|Slowking-Galar, F|100\/100\n|move|p1a: Ninetales|Aurora Veil|p1a: Ninetales\n|-sidestart|p1: Axolotl Spelunky|move: Aurora Veil\n|\n|-weather|Snow|[upkeep]\n|-fieldend|move: Grassy Terrain\n|upkeep\n|turn|6\n|\n|t:|1699984044\n|switch|p1a: Samurott|Samurott-Hisui, F|7\/100\n|move|p2a: Slowking|Future Sight|p1a: Samurott\n|-start|p2a: Slowking|move: Future Sight\n|\n|-weather|Snow|[upkeep]\n|upkeep\n|turn|7\n|inactive|ouch poison ouchie has 120 seconds left.\n|\n|t:|1699984085\n|move|p1a: Samurott|Ceaseless Edge|p2a: Slowking\n|-supereffective|p2a: Slowking\n|-damage|p2a: Slowking|9\/100\n|-sidestart|p2: ouch poison ouchie|Spikes\n|move|p2a: Slowking|Surf|p1a: Samurott\n|-resisted|p1a: Samurott\n|-damage|p1a: Samurott|0 fnt\n|faint|p1a: Samurott\n|\n|-weather|Snow|[upkeep]\n|upkeep\n|\n|t:|1699984091\n|switch|p1a: Haxorus|Haxorus, F|100\/100\n|-ability|p1a: Haxorus|Mold Breaker\n|turn|8\n|\n|t:|1699984105\n|switch|p2a: Moltres|Moltres|100\/100\n|-terastallize|p1a: Haxorus|Steel\n|move|p1a: Haxorus|Dragon Dance|p1a: Haxorus\n|-boost|p1a: Haxorus|atk|1\n|-boost|p1a: Haxorus|spe|1\n|\n|-weather|Snow|[upkeep]\n|-end|p1a: Haxorus|move: Future Sight\n|-resisted|p1a: Haxorus\n|-damage|p1a: Haxorus|84\/100\n|upkeep\n|turn|9\n|\n|t:|1699984128\n|move|p1a: Haxorus|Dragon Dance|p1a: Haxorus\n|-boost|p1a: Haxorus|atk|1\n|-boost|p1a: Haxorus|spe|1\n|move|p2a: Moltres|Flamethrower|p1a: Haxorus\n|-supereffective|p1a: Haxorus\n|-damage|p1a: Haxorus|26\/100\n|-status|p1a: Haxorus|brn\n|-enditem|p1a: Haxorus|Lum Berry|[eat]\n|-curestatus|p1a: Haxorus|brn|[msg]\n|\n|-weather|none\n|upkeep\n|turn|10\n|\n|t:|1699984135\n|move|p1a: Haxorus|Dragon Claw|p2a: Moltres\n|-damage|p2a: Moltres|42\/100\n|move|p2a: Moltres|Flamethrower|p1a: Haxorus\n|-supereffective|p1a: Haxorus\n|-damage|p1a: Haxorus|0 fnt\n|faint|p1a: Haxorus\n|\n|upkeep\n|\n|t:|1699984144\n|switch|p1a: Milotic|Milotic, M|100\/100\n|turn|11\n|\n|t:|1699984157\n|switch|p2a: Slowking|Slowking-Galar, F|42\/100\n|move|p1a: Milotic|Scald|p2a: Slowking\n|-crit|p2a: Slowking\n|-damage|p2a: Slowking|17\/100\n|-status|p2a: Slowking|brn\n|\n|-damage|p2a: Slowking|11\/100 brn|[from] brn\n|upkeep\n|turn|12\n|\n|t:|1699984173\n|move|p1a: Milotic|Scald|p2a: Slowking\n|-damage|p2a: Slowking|0 fnt\n|faint|p2a: Slowking\n|\n|-sideend|p1: Axolotl Spelunky|move: Aurora Veil\n|upkeep\n|\n|t:|1699984191\n|switch|p2a: Dragapult|Dragapult, F|100\/100\n|-damage|p2a: Dragapult|84\/100|[from] Spikes\n|turn|13\n|\n|t:|1699984204\n|move|p2a: Dragapult|U-turn|p1a: Milotic\n|-damage|p1a: Milotic|88\/100\n|-damage|p2a: Dragapult|68\/100|[from] item: Rocky Helmet|[of] p1a: Milotic\n|\n|t:|1699984210\n|switch|p2a: Kingambit|Kingambit, F|100\/100|[from] U-turn\n|-damage|p2a: Kingambit|84\/100|[from] Spikes\n|-activate|p2a: Kingambit|ability: Supreme Overlord\n|-start|p2a: Kingambit|fallen1|[silent]\n|move|p1a: Milotic|Ice Beam|p2a: Kingambit\n|-resisted|p2a: Kingambit\n|-damage|p2a: Kingambit|73\/100\n|\n|-heal|p2a: Kingambit|79\/100|[from] item: Leftovers\n|upkeep\n|turn|14\n|\n|t:|1699984215\n|move|p1a: Milotic|Scald|p2a: Kingambit\n|-damage|p2a: Kingambit|52\/100\n|move|p2a: Kingambit|Swords Dance|p2a: Kingambit\n|-boost|p2a: Kingambit|atk|2\n|\n|-heal|p2a: Kingambit|58\/100|[from] item: Leftovers\n|upkeep\n|turn|15\n|\n|t:|1699984229\n|move|p1a: Milotic|Haze|p1a: Milotic\n|-clearallboost\n|move|p2a: Kingambit|Swords Dance|p2a: Kingambit\n|-boost|p2a: Kingambit|atk|2\n|\n|-heal|p2a: Kingambit|64\/100|[from] item: Leftovers\n|upkeep\n|turn|16\n|\n|t:|1699984235\n|move|p1a: Milotic|Haze|p1a: Milotic\n|-clearallboost\n|move|p2a: Kingambit|Swords Dance|p2a: Kingambit\n|-boost|p2a: Kingambit|atk|2\n|\n|-heal|p2a: Kingambit|71\/100|[from] item: Leftovers\n|upkeep\n|turn|17\n|\n|t:|1699984244\n|move|p1a: Milotic|Haze|p1a: Milotic\n|-clearallboost\n|move|p2a: Kingambit|Kowtow Cleave|p1a: Milotic\n|-damage|p1a: Milotic|45\/100\n|-damage|p2a: Kingambit|54\/100|[from] item: Rocky Helmet|[of] p1a: Milotic\n|\n|-heal|p2a: Kingambit|60\/100|[from] item: Leftovers\n|upkeep\n|turn|18\n|inactive|ouch poison ouchie has 120 seconds left.\n|\n|t:|1699984251\n|move|p1a: Milotic|Recover|p1a: Milotic\n|-heal|p1a: Milotic|95\/100\n|move|p2a: Kingambit|Swords Dance|p2a: Kingambit\n|-boost|p2a: Kingambit|atk|2\n|\n|-heal|p2a: Kingambit|67\/100|[from] item: Leftovers\n|upkeep\n|turn|19\n|\n|t:|1699984256\n|switch|p1a: Ninetales|Ninetales-Alola, M|100\/100\n|-weather|Snow|[from] ability: Snow Warning|[of] p1a: Ninetales\n|move|p2a: Kingambit|Kowtow Cleave|p1a: Ninetales\n|-resisted|p1a: Ninetales\n|-damage|p1a: Ninetales|47\/100\n|\n|-weather|Snow|[upkeep]\n|-heal|p2a: Kingambit|73\/100|[from] item: Leftovers\n|upkeep\n|turn|20\n|\n|t:|1699984267\n|move|p1a: Ninetales|Aurora Veil|p1a: Ninetales\n|-sidestart|p1: Axolotl Spelunky|move: Aurora Veil\n|move|p2a: Kingambit|Swords Dance|p2a: Kingambit\n|-boost|p2a: Kingambit|atk|2\n|\n|-weather|Snow|[upkeep]\n|-heal|p2a: Kingambit|79\/100|[from] item: Leftovers\n|upkeep\n|turn|21\n|\n|t:|1699984278\n|move|p1a: Ninetales|Encore|p2a: Kingambit\n|-start|p2a: Kingambit|Encore\n|move|p2a: Kingambit|Swords Dance|p2a: Kingambit\n|-boost|p2a: Kingambit|atk|2\n|\n|-weather|Snow|[upkeep]\n|-heal|p2a: Kingambit|85\/100|[from] item: Leftovers\n|upkeep\n|turn|22\n|\n|t:|1699984290\n|move|p1a: Ninetales|Moonblast|p2a: Kingambit\n|-damage|p2a: Kingambit|48\/100\n|-unboost|p2a: Kingambit|spa|1\n|move|p2a: Kingambit|Swords Dance|p2a: Kingambit\n|-boost|p2a: Kingambit|atk|0\n|\n|-weather|Snow|[upkeep]\n|-heal|p2a: Kingambit|55\/100|[from] item: Leftovers\n|upkeep\n|turn|23\n|\n|t:|1699984298\n|-end|p2a: Kingambit|fallen1|[silent]\n|switch|p2a: Moltres|Moltres|42\/100\n|move|p1a: Ninetales|Moonblast|p2a: Moltres\n|-resisted|p2a: Moltres\n|-damage|p2a: Moltres|22\/100\n|\n|-weather|none\n|upkeep\n|turn|24\n|\n|t:|1699984307\n|move|p1a: Ninetales|Freeze-Dry|p2a: Moltres\n|-damage|p2a: Moltres|0 fnt\n|faint|p2a: Moltres\n|\n|upkeep\n|\n|t:|1699984312\n|switch|p2a: Great Tusk|Great Tusk|100\/100\n|-damage|p2a: Great Tusk|84\/100|[from] Spikes\n|turn|25\n|\n|t:|1699984319\n|move|p1a: Ninetales|Moonblast|p2a: Great Tusk\n|-supereffective|p2a: Great Tusk\n|-damage|p2a: Great Tusk|0 fnt\n|faint|p2a: Great Tusk\n|-end|p2a: Great Tusk|Protosynthesis|[silent]\n|\n|upkeep\n|\n|t:|1699984324\n|switch|p2a: Rillaboom|Rillaboom, F|22\/100\n|-damage|p2a: Rillaboom|6\/100|[from] Spikes\n|-fieldstart|move: Grassy Terrain|[from] ability: Grassy Surge|[of] p2a: Rillaboom\n|turn|26\n|\n|t:|1699984335\n|switch|p1a: Milotic|Milotic, M|95\/100\n|move|p2a: Rillaboom|Wood Hammer|p1a: Milotic\n|-supereffective|p1a: Milotic\n|-damage|p1a: Milotic|3\/100\n|-damage|p2a: Rillaboom|0 fnt|[from] item: Rocky Helmet|[of] p1a: Milotic\n|faint|p2a: Rillaboom\n|\n|-heal|p1a: Milotic|9\/100|[from] Grassy Terrain\n|upkeep\n|\n|t:|1699984343\n|switch|p2a: Dragapult|Dragapult, F|68\/100\n|-damage|p2a: Dragapult|51\/100|[from] Spikes\n|turn|27\n|\n|t:|1699984364\n|move|p2a: Dragapult|Shadow Ball|p1a: Milotic\n|-damage|p1a: Milotic|0 fnt\n|faint|p1a: Milotic\n|\n|-heal|p2a: Dragapult|57\/100|[from] Grassy Terrain\n|-sideend|p1: Axolotl Spelunky|move: Aurora Veil\n|upkeep\n|\n|t:|1699984368\n|switch|p1a: Great Tusk|Great Tusk|100\/100\n|turn|28\n|\n|t:|1699984386\n|-terastallize|p2a: Dragapult|Ghost\n|move|p2a: Dragapult|Shadow Ball|p1a: Great Tusk\n|-damage|p1a: Great Tusk|31\/100\n|move|p1a: Great Tusk|Knock Off|p2a: Dragapult\n|-supereffective|p2a: Dragapult\n|-crit|p2a: Dragapult\n|-damage|p2a: Dragapult|0 fnt\n|-enditem|p2a: Dragapult|Choice Specs|[from] move: Knock Off|[of] p1a: Great Tusk\n|faint|p2a: Dragapult\n|\n|-heal|p1a: Great Tusk|37\/100|[from] Grassy Terrain\n|upkeep\n|\n|t:|1699984393\n|switch|p2a: Kingambit|Kingambit, F|55\/100\n|-damage|p2a: Kingambit|38\/100|[from] Spikes\n|-activate|p2a: Kingambit|ability: Supreme Overlord\n|-start|p2a: Kingambit|fallen5|[silent]\n|turn|29\n|\n|t:|1699984399\n|move|p1a: Great Tusk|Close Combat|p2a: Kingambit\n|-supereffective|p2a: Kingambit\n|-damage|p2a: Kingambit|0 fnt\n|-unboost|p1a: Great Tusk|def|1\n|-unboost|p1a: Great Tusk|spd|1\n|faint|p2a: Kingambit\n|-end|p2a: Kingambit|fallen5|[silent]\n|\n|win|Axolotl Spelunky\n|raw|Axolotl Spelunky's rating: 1139 &rarr; <strong>1161<\/strong><br \/>(+22 for winning)\n|raw|ouch poison ouchie's rating: 1099 &rarr; <strong>1077<\/strong><br \/>(-22 for losing)\n|l|\u2606ouch poison ouchie\n|c|\u2606Axolotl Spelunky|Gg\n","uploadtime":1699984412,"views":9,"p1id":"axolotlspelunky","p2id":"ouchpoisonouchie","formatid":"gen9ou","rating":1077,"private":0,"password":""}