{"id":"gen9ou-1988841169","p1":"wangdeguxiang","p2":"Alpha22a","format":"[Gen 9] OU","log":"|j|\u2606wangdeguxiang\n|j|\u2606Alpha22a\n|t:|1699771610\n|gametype|singles\n|player|p1|wangdeguxiang|ingo|1000\n|player|p2|Alpha22a|101|1049\n|teamsize|p1|6\n|teamsize|p2|6\n|gen|9\n|tier|[Gen 9] OU\n|rated|\n|rule|Sleep Clause Mod: Limit one foe put to sleep\n|rule|Species Clause: Limit one of each Pok\u00e9mon\n|rule|OHKO Clause: OHKO moves are banned\n|rule|Evasion Items Clause: Evasion items are banned\n|rule|Evasion Moves Clause: Evasion moves are banned\n|rule|Endless Battle Clause: Forcing endless battles is banned\n|rule|HP Percentage Mod: HP is shown in percentages\n|clearpoke\n|poke|p1|Great Tusk|\n|poke|p1|Walking Wake|\n|poke|p1|Torkoal, M|\n|poke|p1|Lilligant-Hisui, F|\n|poke|p1|Dragapult, M|\n|poke|p1|Dondozo, M|\n|poke|p2|Alomomola, F|\n|poke|p2|Kingambit, F|\n|poke|p2|Great Tusk|\n|poke|p2|Cinderace, F|\n|poke|p2|Thundurus-Therian, M|\n|poke|p2|Dragonite, M|\n|teampreview\n|inactive|Battle timer is ON: inactive players will automatically lose when time's up. (requested by wangdeguxiang)\n|\n|t:|1699771623\n|start\n|switch|p1a: Torkoal|Torkoal, M|100\/100\n|switch|p2a: Dragonite|Dragonite, M|100\/100\n|-weather|SunnyDay|[from] ability: Drought|[of] p1a: Torkoal\n|turn|1\n|\n|t:|1699771637\n|move|p2a: Dragonite|Dragon Dance|p2a: Dragonite\n|-boost|p2a: Dragonite|atk|1\n|-boost|p2a: Dragonite|spe|1\n|move|p1a: Torkoal|Will-O-Wisp|p2a: Dragonite|[miss]\n|-miss|p1a: Torkoal|p2a: Dragonite\n|\n|-weather|SunnyDay|[upkeep]\n|upkeep\n|turn|2\n|\n|t:|1699771644\n|move|p2a: Dragonite|Extreme Speed|p1a: Torkoal\n|-damage|p1a: Torkoal|71\/100\n|move|p1a: Torkoal|Will-O-Wisp|p2a: Dragonite\n|-status|p2a: Dragonite|brn\n|\n|-weather|SunnyDay|[upkeep]\n|-damage|p2a: Dragonite|94\/100 brn|[from] brn\n|upkeep\n|turn|3\n|c|\u2606wangdeguxiang|fuck\n|\n|t:|1699771654\n|move|p2a: Dragonite|Dragon Dance|p2a: Dragonite\n|-boost|p2a: Dragonite|atk|1\n|-boost|p2a: Dragonite|spe|1\n|move|p1a: Torkoal|Stealth Rock|p2a: Dragonite\n|-sidestart|p2: Alpha22a|move: Stealth Rock\n|\n|-weather|SunnyDay|[upkeep]\n|-damage|p2a: Dragonite|88\/100 brn|[from] brn\n|upkeep\n|turn|4\n|\n|t:|1699771662\n|switch|p1a: Dondozo|Dondozo, M|100\/100\n|move|p2a: Dragonite|Dragon Dance|p2a: Dragonite\n|-boost|p2a: Dragonite|atk|1\n|-boost|p2a: Dragonite|spe|1\n|\n|-weather|SunnyDay|[upkeep]\n|-damage|p2a: Dragonite|82\/100 brn|[from] brn\n|upkeep\n|turn|5\n|\n|t:|1699771667\n|move|p2a: Dragonite|Dragon Dance|p2a: Dragonite\n|-boost|p2a: Dragonite|atk|1\n|-boost|p2a: Dragonite|spe|1\n|move|p1a: Dondozo|Curse|p1a: Dondozo\n|-unboost|p1a: Dondozo|spe|1\n|-boost|p1a: Dondozo|atk|1\n|-boost|p1a: Dondozo|def|1\n|\n|-weather|SunnyDay|[upkeep]\n|-damage|p2a: Dragonite|76\/100 brn|[from] brn\n|upkeep\n|turn|6\n|\n|t:|1699771671\n|move|p2a: Dragonite|Dragon Dance|p2a: Dragonite\n|-boost|p2a: Dragonite|atk|1\n|-boost|p2a: Dragonite|spe|1\n|move|p1a: Dondozo|Curse|p1a: Dondozo\n|-unboost|p1a: Dondozo|spe|1\n|-boost|p1a: Dondozo|atk|1\n|-boost|p1a: Dondozo|def|1\n|\n|-weather|SunnyDay|[upkeep]\n|-damage|p2a: Dragonite|70\/100 brn|[from] brn\n|upkeep\n|turn|7\n|\n|t:|1699771674\n|move|p2a: Dragonite|Dragon Dance|p2a: Dragonite\n|-boost|p2a: Dragonite|atk|1\n|-boost|p2a: Dragonite|spe|1\n|move|p1a: Dondozo|Curse|p1a: Dondozo\n|-unboost|p1a: Dondozo|spe|1\n|-boost|p1a: Dondozo|atk|1\n|-boost|p1a: Dondozo|def|1\n|\n|-weather|SunnyDay|[upkeep]\n|-damage|p2a: Dragonite|63\/100 brn|[from] brn\n|upkeep\n|turn|8\n|\n|t:|1699771688\n|-terastallize|p2a: Dragonite|Normal\n|move|p2a: Dragonite|Extreme Speed|p1a: Dondozo\n|-damage|p1a: Dondozo|95\/100\n|move|p1a: Dondozo|Curse|p1a: Dondozo\n|-unboost|p1a: Dondozo|spe|1\n|-boost|p1a: Dondozo|atk|1\n|-boost|p1a: Dondozo|def|1\n|\n|-weather|none\n|-heal|p1a: Dondozo|100\/100|[from] item: Leftovers\n|-damage|p2a: Dragonite|57\/100 brn|[from] brn\n|upkeep\n|turn|9\n|-message|Alpha22a forfeited.\n|\n|win|wangdeguxiang\n|raw|wangdeguxiang's rating: 1000 &rarr; <strong>1046<\/strong><br \/>(+46 for winning)\n|raw|Alpha22a's rating: 1049 &rarr; <strong>1029<\/strong><br \/>(-20 for losing)\n|l|\u2606Alpha22a\n","uploadtime":1699771703,"views":12,"p1id":"wangdeguxiang","p2id":"alpha22a","formatid":"gen9ou","rating":1029,"private":0,"password":""}