{"id":"gen9ou-1996178924","p1":"MAG10","p2":"w43w","format":"[Gen 9] OU","log":"|j|\u2606MAG10\n|j|\u2606w43w\n|t:|1700655643\n|gametype|singles\n|player|p1|MAG10|1|1104\n|player|p2|w43w|265|1000\n|teamsize|p1|6\n|teamsize|p2|6\n|gen|9\n|tier|[Gen 9] OU\n|rated|\n|rule|Sleep Clause Mod: Limit one foe put to sleep\n|rule|Species Clause: Limit one of each Pok\u00e9mon\n|rule|OHKO Clause: OHKO moves are banned\n|rule|Evasion Items Clause: Evasion items are banned\n|rule|Evasion Moves Clause: Evasion moves are banned\n|rule|Endless Battle Clause: Forcing endless battles is banned\n|rule|HP Percentage Mod: HP is shown in percentages\n|clearpoke\n|poke|p1|Maushold|\n|poke|p1|Samurott-Hisui, M|\n|poke|p1|Kingambit, M|\n|poke|p1|Garganacl, F|\n|poke|p1|Amoonguss, M|\n|poke|p1|Weavile, F|\n|poke|p2|Skeledirge, F|\n|poke|p2|Tinkaton, F|\n|poke|p2|Samurott-Hisui, M|\n|poke|p2|Thundurus-Therian, M|\n|poke|p2|Walking Wake|\n|poke|p2|Great Tusk|\n|teampreview\n|j| Xolber\n|\n|t:|1700655653\n|start\n|switch|p1a: Amoonguss|Amoonguss, M, shiny|100\/100\n|switch|p2a: Walking Wake|Walking Wake|100\/100\n|-enditem|p2a: Walking Wake|Booster Energy\n|-activate|p2a: Walking Wake|ability: Protosynthesis|[fromitem]\n|-start|p2a: Walking Wake|protosynthesisspa\n|turn|1\n|\n|t:|1700655660\n|switch|p1a: Garganacl|Garganacl, F|100\/100\n|move|p2a: Walking Wake|Flamethrower|p1a: Garganacl\n|-resisted|p1a: Garganacl\n|-damage|p1a: Garganacl|87\/100\n|\n|-heal|p1a: Garganacl|93\/100|[from] item: Leftovers\n|upkeep\n|turn|2\n|\n|t:|1700655668\n|move|p1a: Garganacl|Salt Cure|p2a: Walking Wake\n|-damage|p2a: Walking Wake|86\/100\n|-start|p2a: Walking Wake|Salt Cure\n|move|p2a: Walking Wake|Roar|p1a: Garganacl\n|drag|p1a: Maushold|Maushold|100\/100\n|\n|-damage|p2a: Walking Wake|62\/100|[from] Salt Cure\n|upkeep\n|turn|3\n|\n|t:|1700655677\n|move|p1a: Maushold|Population Bomb|p2a: Walking Wake\n|-damage|p2a: Walking Wake|49\/100\n|-damage|p2a: Walking Wake|38\/100\n|-damage|p2a: Walking Wake|27\/100\n|-damage|p2a: Walking Wake|15\/100\n|-damage|p2a: Walking Wake|4\/100\n|-damage|p2a: Walking Wake|0 fnt\n|faint|p2a: Walking Wake\n|-end|p2a: Walking Wake|Protosynthesis|[silent]\n|-hitcount|p2: Walking Wake|6\n|\n|upkeep\n|\n|t:|1700655690\n|switch|p2a: Great Tusk|Great Tusk|100\/100\n|-enditem|p2a: Great Tusk|Booster Energy\n|-activate|p2a: Great Tusk|ability: Protosynthesis|[fromitem]\n|-start|p2a: Great Tusk|protosynthesisspe\n|turn|4\n|\n|t:|1700655703\n|-terastallize|p1a: Maushold|Ghost\n|move|p2a: Great Tusk|Close Combat|p1a: Maushold\n|-immune|p1a: Maushold\n|move|p1a: Maushold|Tidy Up|p1a: Maushold\n|-boost|p1a: Maushold|atk|1\n|-boost|p1a: Maushold|spe|1\n|\n|upkeep\n|turn|5\n|\n|t:|1700655712\n|move|p1a: Maushold|Population Bomb|p2a: Great Tusk\n|-damage|p2a: Great Tusk|89\/100\n|-damage|p2a: Great Tusk|80\/100\n|-hitcount|p2a: Great Tusk|2\n|move|p2a: Great Tusk|Bulk Up|p2a: Great Tusk\n|-boost|p2a: Great Tusk|atk|1\n|-boost|p2a: Great Tusk|def|1\n|\n|upkeep\n|turn|6\n|\n|t:|1700655720\n|move|p1a: Maushold|Encore|p2a: Great Tusk\n|-start|p2a: Great Tusk|Encore\n|move|p2a: Great Tusk|Bulk Up|p2a: Great Tusk\n|-boost|p2a: Great Tusk|atk|1\n|-boost|p2a: Great Tusk|def|1\n|\n|upkeep\n|turn|7\n|\n|t:|1700655729\n|move|p1a: Maushold|Tidy Up|p1a: Maushold\n|-boost|p1a: Maushold|atk|1\n|-boost|p1a: Maushold|spe|1\n|move|p2a: Great Tusk|Bulk Up|p2a: Great Tusk\n|-boost|p2a: Great Tusk|atk|1\n|-boost|p2a: Great Tusk|def|1\n|\n|upkeep\n|turn|8\n|\n|t:|1700655738\n|move|p1a: Maushold|Tidy Up|p1a: Maushold\n|-boost|p1a: Maushold|atk|1\n|-boost|p1a: Maushold|spe|1\n|move|p2a: Great Tusk|Bulk Up|p2a: Great Tusk\n|-boost|p2a: Great Tusk|atk|1\n|-boost|p2a: Great Tusk|def|1\n|\n|-end|p2a: Great Tusk|Encore\n|upkeep\n|turn|9\n|\n|t:|1700655748\n|move|p1a: Maushold|Encore|p2a: Great Tusk\n|-start|p2a: Great Tusk|Encore\n|move|p2a: Great Tusk|Bulk Up|p2a: Great Tusk\n|-boost|p2a: Great Tusk|atk|1\n|-boost|p2a: Great Tusk|def|1\n|\n|upkeep\n|turn|10\n|\n|t:|1700655754\n|move|p1a: Maushold|Tidy Up|p1a: Maushold\n|-boost|p1a: Maushold|atk|1\n|-boost|p1a: Maushold|spe|1\n|move|p2a: Great Tusk|Bulk Up|p2a: Great Tusk\n|-boost|p2a: Great Tusk|atk|1\n|-boost|p2a: Great Tusk|def|1\n|\n|upkeep\n|turn|11\n|\n|t:|1700655761\n|move|p1a: Maushold|Tidy Up|p1a: Maushold\n|-boost|p1a: Maushold|atk|1\n|-boost|p1a: Maushold|spe|1\n|move|p2a: Great Tusk|Bulk Up|p2a: Great Tusk\n|-boost|p2a: Great Tusk|atk|0\n|-boost|p2a: Great Tusk|def|0\n|\n|-end|p2a: Great Tusk|Encore\n|upkeep\n|turn|12\n|\n|t:|1700655769\n|move|p1a: Maushold|Encore|p2a: Great Tusk\n|-start|p2a: Great Tusk|Encore\n|move|p2a: Great Tusk|Bulk Up|p2a: Great Tusk\n|-boost|p2a: Great Tusk|atk|0\n|-boost|p2a: Great Tusk|def|0\n|\n|upkeep\n|turn|13\n|\n|t:|1700655777\n|move|p1a: Maushold|Tidy Up|p1a: Maushold\n|-boost|p1a: Maushold|atk|1\n|-boost|p1a: Maushold|spe|1\n|move|p2a: Great Tusk|Bulk Up|p2a: Great Tusk\n|-boost|p2a: Great Tusk|atk|0\n|-boost|p2a: Great Tusk|def|0\n|\n|upkeep\n|turn|14\n|\n|t:|1700655783\n|move|p1a: Maushold|Bite|p2a: Great Tusk\n|-resisted|p2a: Great Tusk\n|-damage|p2a: Great Tusk|72\/100\n|move|p2a: Great Tusk|Bulk Up|p2a: Great Tusk\n|-boost|p2a: Great Tusk|atk|0\n|-boost|p2a: Great Tusk|def|0\n|\n|-end|p2a: Great Tusk|Encore\n|upkeep\n|turn|15\n|\n|t:|1700655791\n|move|p1a: Maushold|Encore|p2a: Great Tusk\n|-start|p2a: Great Tusk|Encore\n|move|p2a: Great Tusk|Bulk Up|p2a: Great Tusk\n|-boost|p2a: Great Tusk|atk|0\n|-boost|p2a: Great Tusk|def|0\n|\n|upkeep\n|turn|16\n|\n|t:|1700655797\n|move|p1a: Maushold|Population Bomb|p2a: Great Tusk\n|-damage|p2a: Great Tusk|65\/100\n|-damage|p2a: Great Tusk|57\/100\n|-damage|p2a: Great Tusk|50\/100\n|-damage|p2a: Great Tusk|42\/100\n|-damage|p2a: Great Tusk|36\/100\n|-damage|p2a: Great Tusk|29\/100\n|-damage|p2a: Great Tusk|22\/100\n|-damage|p2a: Great Tusk|15\/100\n|-damage|p2a: Great Tusk|8\/100\n|-damage|p2a: Great Tusk|0 fnt\n|faint|p2a: Great Tusk\n|-end|p2a: Great Tusk|Protosynthesis|[silent]\n|-hitcount|p2: Great Tusk|10\n|\n|upkeep\n|\n|t:|1700655819\n|switch|p2a: Skeledirge|Skeledirge, F|100\/100\n|turn|17\n|\n|t:|1700655822\n|move|p1a: Maushold|Bite|p2a: Skeledirge\n|-supereffective|p2a: Skeledirge\n|-damage|p2a: Skeledirge|66\/100\n|cant|p2a: Skeledirge|flinch\n|\n|upkeep\n|turn|18\n|\n|t:|1700655828\n|move|p1a: Maushold|Bite|p2a: Skeledirge\n|-supereffective|p2a: Skeledirge\n|-damage|p2a: Skeledirge|31\/100\n|cant|p2a: Skeledirge|flinch\n|\n|upkeep\n|turn|19\n|\n|t:|1700655837\n|move|p1a: Maushold|Bite|p2a: Skeledirge\n|-supereffective|p2a: Skeledirge\n|-damage|p2a: Skeledirge|0 fnt\n|faint|p2a: Skeledirge\n|\n|upkeep\n|\n|t:|1700655842\n|switch|p2a: Samurott|Samurott-Hisui, M|100\/100\n|turn|20\n|\n|t:|1700655845\n|move|p1a: Maushold|Population Bomb|p2a: Samurott\n|-damage|p2a: Samurott|49\/100\n|-damage|p2a: Samurott|0 fnt\n|faint|p2a: Samurott\n|-hitcount|p2: Samurott|2\n|\n|upkeep\n|\n|t:|1700655853\n|switch|p2a: Tinkaton|Tinkaton, F|100\/100\n|-ability|p2a: Tinkaton|Mold Breaker\n|turn|21\n|\n|t:|1700655857\n|move|p1a: Maushold|Population Bomb|p2a: Tinkaton\n|-resisted|p2a: Tinkaton\n|-damage|p2a: Tinkaton|76\/100\n|-resisted|p2a: Tinkaton\n|-damage|p2a: Tinkaton|50\/100\n|-resisted|p2a: Tinkaton\n|-damage|p2a: Tinkaton|24\/100\n|-resisted|p2a: Tinkaton\n|-damage|p2a: Tinkaton|0 fnt\n|faint|p2a: Tinkaton\n|-hitcount|p2: Tinkaton|4\n|\n|upkeep\n|\n|t:|1700655866\n|switch|p2a: Thundurus|Thundurus-Therian, M|100\/100\n|turn|22\n|\n|t:|1700655876\n|move|p1a: Maushold|Population Bomb|p2a: Thundurus\n|-damage|p2a: Thundurus|32\/100\n|-damage|p2a: Thundurus|0 fnt\n|faint|p2a: Thundurus\n|-hitcount|p2: Thundurus|2\n|\n|win|MAG10\n|raw|MAG10's rating: 1104 &rarr; <strong>1122<\/strong><br \/>(+18 for winning)\n|raw|w43w's rating: 1000 &rarr; <strong>1000<\/strong><br \/>(+0 for losing)\n|l|\u2606w43w\n","uploadtime":1700655885,"views":5,"p1id":"mag10","p2id":"w43w","formatid":"gen9ou","rating":1000,"private":0,"password":""}