{"id":"gen9ou-1996141732","p1":"BlasphemousTrainer","p2":"BandanaPlayer01","format":"[Gen 9] OU","log":"|j|\u203dBlasphemousTrainer\n|j|\u2606BandanaPlayer01\n|t:|1700650413\n|gametype|singles\n|player|p1|BlasphemousTrainer|veteran|1218\n|player|p2|BandanaPlayer01|266|1111\n|teamsize|p1|6\n|teamsize|p2|6\n|gen|9\n|tier|[Gen 9] OU\n|rated|\n|rule|Sleep Clause Mod: Limit one foe put to sleep\n|rule|Species Clause: Limit one of each Pok\u00e9mon\n|rule|OHKO Clause: OHKO moves are banned\n|rule|Evasion Items Clause: Evasion items are banned\n|rule|Evasion Moves Clause: Evasion moves are banned\n|rule|Endless Battle Clause: Forcing endless battles is banned\n|rule|HP Percentage Mod: HP is shown in percentages\n|clearpoke\n|poke|p1|Gholdengo|\n|poke|p1|Wo-Chien|\n|poke|p1|Moltres|\n|poke|p1|Dragapult, F|\n|poke|p1|Toxapex, F|\n|poke|p1|Great Tusk|\n|poke|p2|Torkoal, M|\n|poke|p2|Walking Wake|\n|poke|p2|Iron Moth|\n|poke|p2|Great Tusk|\n|poke|p2|Slowking-Galar, M|\n|poke|p2|Ninetales-Alola, M|\n|teampreview\n|inactive|Battle timer is ON: inactive players will automatically lose when time's up. (requested by BlasphemousTrainer)\n|\n|t:|1700650430\n|start\n|switch|p1a: Moltres|Moltres|100\/100\n|switch|p2a: Great Tusk|Great Tusk|100\/100\n|turn|1\n|\n|t:|1700650436\n|move|p2a: Great Tusk|Stealth Rock|p1a: Moltres\n|-sidestart|p1: BlasphemousTrainer|move: Stealth Rock\n|move|p1a: Moltres|Will-O-Wisp|p2a: Great Tusk\n|-status|p2a: Great Tusk|brn\n|\n|-damage|p2a: Great Tusk|94\/100 brn|[from] brn\n|upkeep\n|turn|2\n|\n|t:|1700650443\n|move|p2a: Great Tusk|Bulk Up|p2a: Great Tusk\n|-boost|p2a: Great Tusk|atk|1\n|-boost|p2a: Great Tusk|def|1\n|move|p1a: Moltres|Flamethrower|p2a: Great Tusk\n|-damage|p2a: Great Tusk|45\/100 brn\n|\n|-heal|p2a: Great Tusk|51\/100 brn|[from] item: Leftovers\n|-damage|p2a: Great Tusk|45\/100 brn|[from] brn\n|upkeep\n|turn|3\n|\n|t:|1700650452\n|move|p2a: Great Tusk|Knock Off|p1a: Moltres\n|-damage|p1a: Moltres|84\/100\n|-enditem|p1a: Moltres|Heavy-Duty Boots|[from] move: Knock Off|[of] p2a: Great Tusk\n|move|p1a: Moltres|U-turn|p2a: Great Tusk\n|-resisted|p2a: Great Tusk\n|-damage|p2a: Great Tusk|43\/100 brn\n|\n|t:|1700650459\n|switch|p1a: Great Tusk|Great Tusk|100\/100|[from] U-turn\n|-damage|p1a: Great Tusk|97\/100|[from] Stealth Rock\n|\n|-heal|p2a: Great Tusk|49\/100 brn|[from] item: Leftovers\n|-heal|p1a: Great Tusk|100\/100|[from] item: Leftovers\n|-damage|p2a: Great Tusk|43\/100 brn|[from] brn\n|upkeep\n|turn|4\n|c|\u2606BandanaPlayer01|cool\n|\n|t:|1700650468\n|move|p2a: Great Tusk|Knock Off|p1a: Great Tusk\n|-resisted|p1a: Great Tusk\n|-damage|p1a: Great Tusk|95\/100\n|-enditem|p1a: Great Tusk|Leftovers|[from] move: Knock Off|[of] p2a: Great Tusk\n|move|p1a: Great Tusk|Rapid Spin|p2a: Great Tusk\n|-damage|p2a: Great Tusk|37\/100 brn\n|-boost|p1a: Great Tusk|spe|1\n|-sideend|p1: BlasphemousTrainer|Stealth Rock|[from] move: Rapid Spin|[of] p1a: Great Tusk\n|\n|-heal|p2a: Great Tusk|43\/100 brn|[from] item: Leftovers\n|-damage|p2a: Great Tusk|37\/100 brn|[from] brn\n|upkeep\n|turn|5\n|c|\u2606BandanaPlayer01|was sure about that\n|\n|t:|1700650481\n|move|p1a: Great Tusk|Stealth Rock|p2a: Great Tusk\n|-sidestart|p2: BandanaPlayer01|move: Stealth Rock\n|move|p2a: Great Tusk|Rapid Spin|p1a: Great Tusk\n|-damage|p1a: Great Tusk|89\/100\n|-boost|p2a: Great Tusk|spe|1\n|-sideend|p2: BandanaPlayer01|Stealth Rock|[from] move: Rapid Spin|[of] p2a: Great Tusk\n|\n|-heal|p2a: Great Tusk|43\/100 brn|[from] item: Leftovers\n|-damage|p2a: Great Tusk|37\/100 brn|[from] brn\n|upkeep\n|turn|6\n|c|\u2606BandanaPlayer01|HowEVER\n|\n|t:|1700650493\n|move|p2a: Great Tusk|Rapid Spin|p1a: Great Tusk\n|-damage|p1a: Great Tusk|84\/100\n|-boost|p2a: Great Tusk|spe|1\n|move|p1a: Great Tusk|Earthquake|p2a: Great Tusk\n|-damage|p2a: Great Tusk|22\/100 brn\n|\n|-heal|p2a: Great Tusk|28\/100 brn|[from] item: Leftovers\n|-damage|p2a: Great Tusk|22\/100 brn|[from] brn\n|upkeep\n|turn|7\n|\n|t:|1700650503\n|move|p2a: Great Tusk|Bulk Up|p2a: Great Tusk\n|-boost|p2a: Great Tusk|atk|1\n|-boost|p2a: Great Tusk|def|1\n|move|p1a: Great Tusk|Ice Spinner|p2a: Great Tusk\n|-supereffective|p2a: Great Tusk\n|-damage|p2a: Great Tusk|9\/100 brn\n|\n|-heal|p2a: Great Tusk|15\/100 brn|[from] item: Leftovers\n|-damage|p2a: Great Tusk|9\/100 brn|[from] brn\n|upkeep\n|turn|8\n|c|\u2606BandanaPlayer01|alright...\n|c|\u2606BandanaPlayer01|tank once more\n|inactive|BandanaPlayer01 has 120 seconds left.\n|\n|t:|1700650534\n|move|p2a: Great Tusk|Rapid Spin|p1a: Great Tusk\n|-damage|p1a: Great Tusk|76\/100\n|-boost|p2a: Great Tusk|spe|1\n|move|p1a: Great Tusk|Ice Spinner|p2a: Great Tusk\n|-supereffective|p2a: Great Tusk\n|-damage|p2a: Great Tusk|0 fnt\n|faint|p2a: Great Tusk\n|-end|p2a: Great Tusk|Protosynthesis|[silent]\n|\n|upkeep\n|c|\u2606BandanaPlayer01|...\n|inactive|BandanaPlayer01 has 120 seconds left.\n|\n|t:|1700650550\n|switch|p2a: Walking Wake|Walking Wake|100\/100\n|turn|9\n|\n|t:|1700650556\n|-end|p1a: Great Tusk|Protosynthesis|[silent]\n|switch|p1a: Toxapex|Toxapex, F|100\/100\n|move|p2a: Walking Wake|Dragon Pulse|p1a: Toxapex\n|-damage|p1a: Toxapex|60\/100\n|\n|-heal|p1a: Toxapex|66\/100|[from] item: Black Sludge\n|upkeep\n|turn|10\n|c|\u2606BandanaPlayer01|AHAHAHAHA\n|inactive|BandanaPlayer01 has 120 seconds left.\n|c|\u2606BandanaPlayer01|wait no\n|\n|t:|1700650583\n|move|p2a: Walking Wake|Dragon Pulse|p1a: Toxapex\n|-damage|p1a: Toxapex|22\/100\n|move|p1a: Toxapex|Toxic|p2a: Walking Wake\n|-status|p2a: Walking Wake|tox\n|\n|-heal|p1a: Toxapex|28\/100|[from] item: Black Sludge\n|-damage|p2a: Walking Wake|94\/100 tox|[from] psn\n|upkeep\n|turn|11\n|c|\u2606BandanaPlayer01|alrighty\n|\n|t:|1700650594\n|switch|p1a: Gholdengo|Gholdengo|100\/100\n|move|p2a: Walking Wake|Dragon Pulse|p1a: Gholdengo\n|-resisted|p1a: Gholdengo\n|-damage|p1a: Gholdengo|69\/100\n|\n|-damage|p2a: Walking Wake|82\/100 tox|[from] psn\n|upkeep\n|turn|12\n|c|\u2606BandanaPlayer01|cool\n|c|\u2606BandanaPlayer01|real cool bro\n|\n|t:|1700650605\n|-end|p2a: Walking Wake|Protosynthesis|[silent]\n|switch|p2a: Torkoal|Torkoal, M|100\/100\n|-weather|SunnyDay|[from] ability: Drought|[of] p2a: Torkoal\n|move|p1a: Gholdengo|Make It Rain|p2a: Torkoal\n|-resisted|p2a: Torkoal\n|-damage|p2a: Torkoal|64\/100\n|-unboost|p1a: Gholdengo|spa|1\n|\n|-weather|SunnyDay|[upkeep]\n|upkeep\n|turn|13\n|inactive|BandanaPlayer01 has 90 seconds left.\n|\n|t:|1700650644\n|switch|p1a: Moltres|Moltres|84\/100\n|move|p2a: Torkoal|Lava Plume|p1a: Moltres\n|-resisted|p1a: Moltres\n|-damage|p1a: Moltres|68\/100\n|\n|-weather|SunnyDay|[upkeep]\n|upkeep\n|turn|14\n|c|\u2606BandanaPlayer01|aww\n|\n|t:|1700650652\n|move|p1a: Moltres|U-turn|p2a: Torkoal\n|-resisted|p2a: Torkoal\n|-damage|p2a: Torkoal|59\/100\n|\n|t:|1700650658\n|switch|p1a: Toxapex|Toxapex, F|61\/100|[from] U-turn\n|move|p2a: Torkoal|Yawn|p1a: Toxapex\n|-start|p1a: Toxapex|move: Yawn|[of] p2a: Torkoal\n|\n|-weather|SunnyDay|[upkeep]\n|-heal|p1a: Toxapex|68\/100|[from] item: Black Sludge\n|upkeep\n|turn|15\n|\n|t:|1700650668\n|switch|p1a: Moltres|Moltres|68\/100\n|move|p2a: Torkoal|Stealth Rock|p1a: Moltres\n|-sidestart|p1: BlasphemousTrainer|move: Stealth Rock\n|\n|-weather|SunnyDay|[upkeep]\n|upkeep\n|turn|16\n|\n|t:|1700650673\n|move|p1a: Moltres|U-turn|p2a: Torkoal\n|-resisted|p2a: Torkoal\n|-crit|p2a: Torkoal\n|-damage|p2a: Torkoal|51\/100\n|\n|t:|1700650676\n|switch|p1a: Great Tusk|Great Tusk|76\/100|[from] U-turn\n|-damage|p1a: Great Tusk|73\/100|[from] Stealth Rock\n|-activate|p1a: Great Tusk|ability: Protosynthesis\n|-start|p1a: Great Tusk|protosynthesisdef\n|move|p2a: Torkoal|Yawn|p1a: Great Tusk\n|-start|p1a: Great Tusk|move: Yawn|[of] p2a: Torkoal\n|\n|-weather|SunnyDay|[upkeep]\n|upkeep\n|turn|17\n|c|\u2606BandanaPlayer01|imma put all your teamto sleep mf\n|\n|t:|1700650691\n|switch|p2a: Slowking|Slowking-Galar, M|100\/100\n|move|p1a: Great Tusk|Rapid Spin|p2a: Slowking\n|-damage|p2a: Slowking|86\/100\n|-boost|p1a: Great Tusk|spe|1\n|-sideend|p1: BlasphemousTrainer|Stealth Rock|[from] move: Rapid Spin|[of] p1a: Great Tusk\n|\n|-weather|SunnyDay|[upkeep]\n|-end|p1a: Great Tusk|move: Yawn|[silent]\n|-status|p1a: Great Tusk|slp\n|upkeep\n|turn|18\n|\n|t:|1700650702\n|-end|p1a: Great Tusk|Protosynthesis|[silent]\n|switch|p1a: Gholdengo|Gholdengo|69\/100\n|move|p2a: Slowking|Surf|p1a: Gholdengo\n|-damage|p1a: Gholdengo|57\/100\n|\n|-weather|SunnyDay|[upkeep]\n|upkeep\n|turn|19\n|c|\u2606BandanaPlayer01|ok\n|\n|t:|1700650709\n|-terastallize|p2a: Slowking|Water\n|move|p1a: Gholdengo|Recover|p1a: Gholdengo\n|-heal|p1a: Gholdengo|100\/100\n|move|p2a: Slowking|Substitute|p2a: Slowking\n|-start|p2a: Slowking|Substitute\n|-damage|p2a: Slowking|61\/100\n|\n|-weather|none\n|upkeep\n|turn|20\n|\n|t:|1700650717\n|move|p1a: Gholdengo|Nasty Plot|p1a: Gholdengo\n|-boost|p1a: Gholdengo|spa|2\n|move|p2a: Slowking|Slack Off|p2a: Slowking\n|-heal|p2a: Slowking|100\/100\n|\n|upkeep\n|turn|21\n|c|\u2606BandanaPlayer01|grrreat\n|\n|t:|1700650723\n|move|p1a: Gholdengo|Nasty Plot|p1a: Gholdengo\n|-boost|p1a: Gholdengo|spa|2\n|move|p2a: Slowking|Surf|p1a: Gholdengo\n|-damage|p1a: Gholdengo|67\/100\n|\n|upkeep\n|turn|22\n|inactive|BandanaPlayer01 has 120 seconds left.\n|\n|t:|1700650730\n|switch|p2a: Iron Moth|Iron Moth|100\/100\n|-enditem|p2a: Iron Moth|Booster Energy\n|-activate|p2a: Iron Moth|ability: Quark Drive|[fromitem]\n|-start|p2a: Iron Moth|quarkdrivespe\n|move|p1a: Gholdengo|Shadow Ball|p2a: Iron Moth\n|-damage|p2a: Iron Moth|0 fnt\n|faint|p2a: Iron Moth\n|-end|p2a: Iron Moth|Quark Drive|[silent]\n|\n|upkeep\n|c|\u2606BandanaPlayer01|wait\n|inactive|BandanaPlayer01 has 120 seconds left.\n|c|\u2606BandanaPlayer01|...\n|\n|t:|1700650740\n|switch|p2a: Walking Wake|Walking Wake|82\/100 tox\n|turn|23\n|c|\u2606BandanaPlayer01|come on\n|c|\u2606BandanaPlayer01|can't be faster right\n|\n|t:|1700650765\n|move|p2a: Walking Wake|Flamethrower|p1a: Gholdengo\n|-supereffective|p1a: Gholdengo\n|-damage|p1a: Gholdengo|0 fnt\n|faint|p1a: Gholdengo\n|\n|-damage|p2a: Walking Wake|76\/100 tox|[from] psn\n|upkeep\n|\n|t:|1700650769\n|switch|p1a: Dragapult|Dragapult, F|100\/100\n|turn|24\n|\n|t:|1700650779\n|-end|p2a: Walking Wake|Protosynthesis|[silent]\n|switch|p2a: Slowking|Slowking-Galar, M, tera:Water|100\/100\n|move|p1a: Dragapult|U-turn|p2a: Slowking\n|-damage|p2a: Slowking|63\/100\n|c|\u2606BandanaPlayer01|k\n|c|\u2606BandanaPlayer01|can tank\n|\n|t:|1700650785\n|switch|p1a: Wo-Chien|Wo-Chien|100\/100|[from] U-turn\n|-ability|p1a: Wo-Chien|Tablets of Ruin\n|\n|upkeep\n|turn|25\n|\n|t:|1700650790\n|move|p1a: Wo-Chien|Leech Seed|p2a: Slowking\n|-start|p2a: Slowking|move: Leech Seed\n|move|p2a: Slowking|Substitute|p2a: Slowking\n|-start|p2a: Slowking|Substitute\n|-damage|p2a: Slowking|38\/100\n|\n|-damage|p2a: Slowking|26\/100|[from] Leech Seed|[of] p1a: Wo-Chien\n|upkeep\n|turn|26\n|c|\u2606BandanaPlayer01|i'm a poison type bro\n|c|\u2606BandanaPlayer01|run\n|\n|t:|1700650798\n|move|p1a: Wo-Chien|Knock Off|p2a: Slowking\n|-end|p2a: Slowking|Substitute\n|move|p2a: Slowking|Slack Off|p2a: Slowking\n|-heal|p2a: Slowking|76\/100\n|\n|-damage|p2a: Slowking|63\/100|[from] Leech Seed|[of] p1a: Wo-Chien\n|upkeep\n|turn|27\n|inactive|BlasphemousTrainer has 120 seconds left.\n|\n|t:|1700650833\n|move|p1a: Wo-Chien|Ruination|p2a: Slowking\n|-damage|p2a: Slowking|32\/100\n|move|p2a: Slowking|Sludge Bomb|p1a: Wo-Chien\n|-supereffective|p1a: Wo-Chien\n|-damage|p1a: Wo-Chien|66\/100\n|-status|p1a: Wo-Chien|psn\n|\n|-heal|p1a: Wo-Chien|72\/100 psn|[from] item: Leftovers\n|-damage|p2a: Slowking|20\/100|[from] Leech Seed|[of] p1a: Wo-Chien\n|-heal|p1a: Wo-Chien|86\/100 psn|[silent]\n|-damage|p1a: Wo-Chien|73\/100 psn|[from] psn\n|upkeep\n|turn|28\n|c|\u2606BandanaPlayer01|wow, real strat here\n|\n|t:|1700650846\n|switch|p2a: Torkoal|Torkoal, M|51\/100\n|-weather|SunnyDay|[from] ability: Drought|[of] p2a: Torkoal\n|move|p1a: Wo-Chien|Power Whip|p2a: Torkoal\n|-resisted|p2a: Torkoal\n|-damage|p2a: Torkoal|38\/100\n|\n|-weather|SunnyDay|[upkeep]\n|-heal|p1a: Wo-Chien|79\/100 psn|[from] item: Leftovers\n|-damage|p1a: Wo-Chien|67\/100 psn|[from] psn\n|upkeep\n|turn|29\n|\n|t:|1700650857\n|move|p1a: Wo-Chien|Leech Seed|p2a: Torkoal\n|-start|p2a: Torkoal|move: Leech Seed\n|move|p2a: Torkoal|Yawn||[still]\n|-fail|p2a: Torkoal\n|\n|-weather|SunnyDay|[upkeep]\n|-heal|p1a: Wo-Chien|73\/100 psn|[from] item: Leftovers\n|-damage|p2a: Torkoal|25\/100|[from] Leech Seed|[of] p1a: Wo-Chien\n|-heal|p1a: Wo-Chien|84\/100 psn|[silent]\n|-damage|p1a: Wo-Chien|72\/100 psn|[from] psn\n|upkeep\n|turn|30\n|c|\u2606BandanaPlayer01|WHY CANT IT SLEEP\n|\n|t:|1700650869\n|switch|p2a: Ninetales|Ninetales-Alola, M|100\/100\n|-weather|Snow|[from] ability: Snow Warning|[of] p2a: Ninetales\n|move|p1a: Wo-Chien|Knock Off|p2a: Ninetales\n|-resisted|p2a: Ninetales\n|-damage|p2a: Ninetales|90\/100\n|-enditem|p2a: Ninetales|Light Clay|[from] move: Knock Off|[of] p1a: Wo-Chien\n|\n|-weather|Snow|[upkeep]\n|-heal|p1a: Wo-Chien|78\/100 psn|[from] item: Leftovers\n|-damage|p1a: Wo-Chien|66\/100 psn|[from] psn\n|upkeep\n|turn|31\n|\n|t:|1700650889\n|switch|p1a: Moltres|Moltres|68\/100\n|move|p2a: Ninetales|Encore||[still]\n|-fail|p2a: Ninetales\n|\n|-weather|Snow|[upkeep]\n|upkeep\n|turn|32\n|\n|t:|1700650911\n|switch|p2a: Slowking|Slowking-Galar, M, tera:Water|53\/100\n|move|p1a: Moltres|Will-O-Wisp|p2a: Slowking|[miss]\n|-miss|p1a: Moltres|p2a: Slowking\n|\n|-weather|Snow|[upkeep]\n|upkeep\n|turn|33\n|c|\u2606BandanaPlayer01|alrigjt\n|\n|t:|1700650921\n|move|p1a: Moltres|U-turn|p2a: Slowking\n|-damage|p2a: Slowking|39\/100\n|\n|t:|1700650924\n|switch|p1a: Toxapex|Toxapex, F|100\/100|[from] U-turn\n|move|p2a: Slowking|Sludge Bomb|p1a: Toxapex\n|-resisted|p1a: Toxapex\n|-damage|p1a: Toxapex|88\/100\n|\n|-weather|Snow|[upkeep]\n|-heal|p1a: Toxapex|94\/100|[from] item: Black Sludge\n|upkeep\n|turn|34\n|c|\u2606BandanaPlayer01|...\n|\n|t:|1700650938\n|move|p1a: Toxapex|Toxic|p2a: Slowking\n|-status|p2a: Slowking|tox\n|move|p2a: Slowking|Slack Off|p2a: Slowking\n|-heal|p2a: Slowking|89\/100 tox\n|\n|-weather|none\n|-heal|p1a: Toxapex|99\/100|[from] item: Black Sludge\n|-damage|p2a: Slowking|83\/100 tox|[from] psn\n|upkeep\n|turn|35\n|inactive|BandanaPlayer01 has 120 seconds left.\n|\n|t:|1700650958\n|switch|p2a: Walking Wake|Walking Wake|76\/100 tox\n|move|p1a: Toxapex|Chilling Water|p2a: Walking Wake\n|-resisted|p2a: Walking Wake\n|-damage|p2a: Walking Wake|73\/100 tox\n|-unboost|p2a: Walking Wake|atk|1\n|\n|-heal|p1a: Toxapex|100\/100|[from] item: Black Sludge\n|-damage|p2a: Walking Wake|67\/100 tox|[from] psn\n|upkeep\n|turn|36\n|inactive|BandanaPlayer01 has 120 seconds left.\n|\n|t:|1700650981\n|move|p2a: Walking Wake|Draco Meteor|p1a: Toxapex\n|-crit|p1a: Toxapex\n|-damage|p1a: Toxapex|0 fnt\n|-unboost|p2a: Walking Wake|spa|2\n|faint|p1a: Toxapex\n|\n|-damage|p2a: Walking Wake|54\/100 tox|[from] psn\n|upkeep\n|c|\u2606BandanaPlayer01|fck it\n|\n|t:|1700650987\n|switch|p1a: Moltres|Moltres|68\/100\n|turn|37\n|\n|t:|1700650991\n|move|p2a: Walking Wake|Draco Meteor|p1a: Moltres\n|-damage|p1a: Moltres|21\/100\n|-unboost|p2a: Walking Wake|spa|2\n|move|p1a: Moltres|Roost|p1a: Moltres\n|-heal|p1a: Moltres|71\/100\n|-singleturn|p1a: Moltres|move: Roost\n|\n|-damage|p2a: Walking Wake|36\/100 tox|[from] psn\n|upkeep\n|turn|38\n|c|\u2606BandanaPlayer01|not like i care anymore\n|\n|t:|1700651003\n|-end|p2a: Walking Wake|Protosynthesis|[silent]\n|switch|p2a: Torkoal|Torkoal, M|25\/100\n|-weather|SunnyDay|[from] ability: Drought|[of] p2a: Torkoal\n|move|p1a: Moltres|U-turn|p2a: Torkoal\n|-resisted|p2a: Torkoal\n|-damage|p2a: Torkoal|20\/100\n|\n|t:|1700651009\n|switch|p1a: Dragapult|Dragapult, F|100\/100|[from] U-turn\n|\n|-weather|SunnyDay|[upkeep]\n|upkeep\n|turn|39\n|c|\u2606BandanaPlayer01|STOP U TURNIN\n|\n|t:|1700651017\n|move|p1a: Dragapult|Phantom Force||[still]\n|-prepare|p1a: Dragapult|Phantom Force\n|move|p2a: Torkoal|Stealth Rock|p1a: Dragapult\n|-sidestart|p1: BlasphemousTrainer|move: Stealth Rock\n|\n|-weather|SunnyDay|[upkeep]\n|upkeep\n|turn|40\n|\n|t:|1700651032\n|switch|p2a: Slowking|Slowking-Galar, M, tera:Water|100\/100 tox\n|move|p1a: Dragapult|Phantom Force|p2a: Slowking|[from]lockedmove\n|-damage|p2a: Slowking|32\/100 tox\n|\n|-weather|SunnyDay|[upkeep]\n|-damage|p2a: Slowking|25\/100 tox|[from] psn\n|upkeep\n|turn|41\n|\n|t:|1700651043\n|switch|p1a: Great Tusk|Great Tusk|73\/100 slp\n|-damage|p1a: Great Tusk|70\/100 slp|[from] Stealth Rock\n|-activate|p1a: Great Tusk|ability: Protosynthesis\n|-start|p1a: Great Tusk|protosynthesisdef\n|switch|p2a: Ninetales|Ninetales-Alola, M|90\/100\n|-weather|Snow|[from] ability: Snow Warning|[of] p2a: Ninetales\n|-end|p1a: Great Tusk|Protosynthesis\n|\n|-weather|Snow|[upkeep]\n|upkeep\n|turn|42\n|\n|t:|1700651055\n|move|p2a: Ninetales|Ice Beam|p1a: Great Tusk\n|-supereffective|p1a: Great Tusk\n|-damage|p1a: Great Tusk|4\/100 slp\n|cant|p1a: Great Tusk|slp\n|\n|-weather|Snow|[upkeep]\n|upkeep\n|turn|43\n|\n|t:|1700651062\n|move|p2a: Ninetales|Moonblast|p1a: Great Tusk\n|-supereffective|p1a: Great Tusk\n|-damage|p1a: Great Tusk|0 fnt\n|faint|p1a: Great Tusk\n|-end|p1a: Great Tusk|Protosynthesis|[silent]\n|\n|-weather|Snow|[upkeep]\n|upkeep\n|\n|t:|1700651067\n|switch|p1a: Dragapult|Dragapult, F|100\/100\n|-damage|p1a: Dragapult|88\/100|[from] Stealth Rock\n|turn|44\n|c|\u2606BandanaPlayer01|oh oh oh\n|\n|t:|1700651074\n|-terastallize|p1a: Dragapult|Fighting\n|move|p1a: Dragapult|Tera Blast|p2a: Ninetales|[anim] Tera Blast Fighting\n|-damage|p2a: Ninetales|37\/100\n|move|p2a: Ninetales|Ice Beam|p1a: Dragapult\n|-damage|p1a: Dragapult|53\/100\n|\n|-weather|Snow|[upkeep]\n|upkeep\n|turn|45\n|c|\u2606BandanaPlayer01|outch\n|\n|t:|1700651083\n|switch|p2a: Slowking|Slowking-Galar, M, tera:Water|59\/100 tox\n|move|p1a: Dragapult|Tera Blast|p2a: Slowking|[anim] Tera Blast Fighting\n|-damage|p2a: Slowking|2\/100 tox\n|\n|-weather|none\n|-damage|p2a: Slowking|0 fnt|[from] psn\n|faint|p2a: Slowking\n|upkeep\n|\n|t:|1700651092\n|switch|p2a: Ninetales|Ninetales-Alola, M|37\/100\n|-weather|Snow|[from] ability: Snow Warning|[of] p2a: Ninetales\n|turn|46\n|\n|t:|1700651098\n|move|p1a: Dragapult|Tera Blast|p2a: Ninetales|[anim] Tera Blast Fighting\n|-crit|p2a: Ninetales\n|-damage|p2a: Ninetales|0 fnt\n|faint|p2a: Ninetales\n|\n|-weather|Snow|[upkeep]\n|upkeep\n|c|\u2606BandanaPlayer01|...\n|\n|t:|1700651107\n|switch|p2a: Walking Wake|Walking Wake|36\/100 tox\n|turn|47\n|\n|t:|1700651112\n|move|p1a: Dragapult|Tera Blast|p2a: Walking Wake|[anim] Tera Blast Fighting\n|-damage|p2a: Walking Wake|0 fnt\n|faint|p2a: Walking Wake\n|-end|p2a: Walking Wake|Protosynthesis|[silent]\n|\n|-weather|Snow|[upkeep]\n|upkeep\n|c|\u2606BandanaPlayer01|gg wp\n|inactive|BandanaPlayer01 has 120 seconds left.\n|\n|t:|1700651146\n|switch|p2a: Torkoal|Torkoal, M|20\/100\n|-weather|SunnyDay|[from] ability: Drought|[of] p2a: Torkoal\n|turn|48\n|\n|t:|1700651153\n|move|p1a: Dragapult|Tera Blast|p2a: Torkoal|[anim] Tera Blast Fighting\n|-damage|p2a: Torkoal|0 fnt\n|faint|p2a: Torkoal\n|\n|win|BlasphemousTrainer\n|raw|BlasphemousTrainer's rating: 1218 &rarr; <strong>1236<\/strong><br \/>(+18 for winning)\n|raw|BandanaPlayer01's rating: 1111 &rarr; <strong>1093<\/strong><br \/>(-18 for losing)\n","uploadtime":1700651159,"views":0,"p1id":"blasphemoustrainer","p2id":"bandanaplayer01","formatid":"gen9ou","rating":1093,"private":0,"password":""}