{"id":"gen9ou-1992711304","p1":"Subapinto","p2":"DrauzioVrawnelas","format":"[Gen 9] OU","log":"|j|\u2606Subapinto\n|j|\u2606DrauzioVrawnelas\n|t:|1700227996\n|gametype|singles\n|player|p1|Subapinto|palmer|1000\n|player|p2|DrauzioVrawnelas|2|1047\n|teamsize|p1|6\n|teamsize|p2|6\n|gen|9\n|tier|[Gen 9] OU\n|rated|\n|rule|Sleep Clause Mod: Limit one foe put to sleep\n|rule|Species Clause: Limit one of each Pok\u00e9mon\n|rule|OHKO Clause: OHKO moves are banned\n|rule|Evasion Items Clause: Evasion items are banned\n|rule|Evasion Moves Clause: Evasion moves are banned\n|rule|Endless Battle Clause: Forcing endless battles is banned\n|rule|HP Percentage Mod: HP is shown in percentages\n|clearpoke\n|poke|p1|Iron Moth|\n|poke|p1|Walking Wake|\n|poke|p1|Zapdos|\n|poke|p1|Cinderace, F|\n|poke|p1|Iron Valiant|\n|poke|p1|Garchomp, M|\n|poke|p2|Grafaiai, F|\n|poke|p2|Sandy Shocks|\n|poke|p2|Crawdaunt, M|\n|poke|p2|Iron Treads|\n|poke|p2|Pelipper, F|\n|poke|p2|Zapdos|\n|teampreview\n|inactive|Battle timer is ON: inactive players will automatically lose when time's up. (requested by Subapinto)\n|\n|t:|1700228012\n|start\n|switch|p1a: Walking Wake|Walking Wake|100\/100\n|switch|p2a: Sandy Shocks|Sandy Shocks|100\/100\n|-enditem|p2a: Sandy Shocks|Booster Energy\n|-activate|p2a: Sandy Shocks|ability: Protosynthesis|[fromitem]\n|-start|p2a: Sandy Shocks|protosynthesisspa\n|turn|1\n|\n|t:|1700228032\n|move|p1a: Walking Wake|Flamethrower|p2a: Sandy Shocks\n|-damage|p2a: Sandy Shocks|45\/100\n|move|p2a: Sandy Shocks|Stealth Rock|p1a: Walking Wake\n|-sidestart|p1: Subapinto|move: Stealth Rock\n|\n|upkeep\n|turn|2\n|\n|t:|1700228049\n|-end|p2a: Sandy Shocks|Protosynthesis|[silent]\n|switch|p2a: Pelipper|Pelipper, F|100\/100\n|-weather|RainDance|[from] ability: Drizzle|[of] p2a: Pelipper\n|move|p1a: Walking Wake|Flamethrower|p2a: Pelipper\n|-resisted|p2a: Pelipper\n|-damage|p2a: Pelipper|83\/100\n|\n|-weather|RainDance|[upkeep]\n|upkeep\n|turn|3\n|\n|t:|1700228066\n|-end|p1a: Walking Wake|Protosynthesis|[silent]\n|switch|p1a: Zapdos|Zapdos|100\/100\n|-damage|p1a: Zapdos|76\/100|[from] Stealth Rock\n|move|p2a: Pelipper|U-turn|p1a: Zapdos\n|-resisted|p1a: Zapdos\n|-damage|p1a: Zapdos|70\/100\n|-status|p2a: Pelipper|par|[from] ability: Static|[of] p1a: Zapdos\n|inactive|DrauzioVrawnelas has 120 seconds left.\n|\n|t:|1700228091\n|switch|p2a: Zapdos|Zapdos|100\/100|[from] U-turn\n|\n|-weather|RainDance|[upkeep]\n|upkeep\n|turn|4\n|inactive|DrauzioVrawnelas has 120 seconds left.\n|\n|t:|1700228104\n|move|p2a: Zapdos|Weather Ball|p1a: Zapdos\n|-damage|p1a: Zapdos|0 fnt\n|faint|p1a: Zapdos\n|\n|-weather|RainDance|[upkeep]\n|upkeep\n|\n|t:|1700228111\n|switch|p1a: Cinderace|Cinderace, F, shiny|100\/100\n|turn|5\n|\n|t:|1700228118\n|-terastallize|p2a: Zapdos|Water\n|move|p1a: Cinderace|Court Change|p1a: Cinderace\n|-swapsideconditions\n|-activate|p1a: Cinderace|move: Court Change\n|move|p2a: Zapdos|Weather Ball|p1a: Cinderace\n|-supereffective|p1a: Cinderace\n|-damage|p1a: Cinderace|0 fnt\n|faint|p1a: Cinderace\n|\n|-weather|RainDance|[upkeep]\n|upkeep\n|\n|t:|1700228130\n|switch|p1a: Walking Wake|Walking Wake|100\/100\n|turn|6\n|\n|t:|1700228147\n|switch|p2a: Iron Treads|Iron Treads|100\/100\n|-damage|p2a: Iron Treads|97\/100|[from] Stealth Rock\n|move|p1a: Walking Wake|Draco Meteor|p2a: Iron Treads\n|-resisted|p2a: Iron Treads\n|-damage|p2a: Iron Treads|48\/100\n|-unboost|p1a: Walking Wake|spa|2\n|\n|-weather|RainDance|[upkeep]\n|upkeep\n|turn|7\n|\n|t:|1700228159\n|-end|p2a: Iron Treads|Quark Drive|[silent]\n|switch|p2a: Zapdos|Zapdos, tera:Water|100\/100\n|-damage|p2a: Zapdos|88\/100|[from] Stealth Rock\n|move|p1a: Walking Wake|Draco Meteor|p2a: Zapdos\n|-damage|p2a: Zapdos|32\/100\n|-unboost|p1a: Walking Wake|spa|2\n|\n|-weather|RainDance|[upkeep]\n|upkeep\n|turn|8\n|\n|t:|1700228169\n|switch|p2a: Iron Treads|Iron Treads|48\/100\n|-damage|p2a: Iron Treads|45\/100|[from] Stealth Rock\n|move|p1a: Walking Wake|Draco Meteor|p2a: Iron Treads\n|-resisted|p2a: Iron Treads\n|-damage|p2a: Iron Treads|28\/100\n|-unboost|p1a: Walking Wake|spa|2\n|\n|-weather|RainDance|[upkeep]\n|upkeep\n|turn|9\n|\n|t:|1700228180\n|move|p1a: Walking Wake|Draco Meteor|p2a: Iron Treads\n|-resisted|p2a: Iron Treads\n|-damage|p2a: Iron Treads|17\/100\n|move|p2a: Iron Treads|Rapid Spin|p1a: Walking Wake\n|-damage|p1a: Walking Wake|85\/100\n|-boost|p2a: Iron Treads|spe|1\n|-sideend|p2: DrauzioVrawnelas|Stealth Rock|[from] move: Rapid Spin|[of] p2a: Iron Treads\n|\n|-weather|none\n|upkeep\n|turn|10\n|\n|t:|1700228189\n|move|p2a: Iron Treads|Knock Off|p1a: Walking Wake\n|-damage|p1a: Walking Wake|54\/100\n|-enditem|p1a: Walking Wake|Choice Specs|[from] move: Knock Off|[of] p2a: Iron Treads\n|move|p1a: Walking Wake|Draco Meteor|p2a: Iron Treads\n|-resisted|p2a: Iron Treads\n|-damage|p2a: Iron Treads|9\/100\n|\n|upkeep\n|turn|11\n|\n|t:|1700228197\n|move|p2a: Iron Treads|Volt Switch|p1a: Walking Wake\n|-damage|p1a: Walking Wake|41\/100\n|\n|t:|1700228209\n|-end|p2a: Iron Treads|Quark Drive|[silent]\n|switch|p2a: Sandy Shocks|Sandy Shocks|45\/100|[from] Volt Switch\n|move|p1a: Walking Wake|Draco Meteor|p2a: Sandy Shocks\n|-damage|p2a: Sandy Shocks|25\/100\n|\n|upkeep\n|turn|12\n|\n|t:|1700228217\n|move|p1a: Walking Wake|Flamethrower|p2a: Sandy Shocks\n|-damage|p2a: Sandy Shocks|16\/100\n|move|p2a: Sandy Shocks|Stealth Rock|p1a: Walking Wake\n|-sidestart|p1: Subapinto|move: Stealth Rock\n|\n|upkeep\n|turn|13\n|\n|t:|1700228223\n|move|p1a: Walking Wake|Flamethrower|p2a: Sandy Shocks\n|-damage|p2a: Sandy Shocks|7\/100\n|move|p2a: Sandy Shocks|Earth Power|p1a: Walking Wake\n|-damage|p1a: Walking Wake|0 fnt\n|faint|p1a: Walking Wake\n|-end|p1a: Walking Wake|Protosynthesis|[silent]\n|\n|upkeep\n|\n|t:|1700228232\n|switch|p1a: Iron Moth|Iron Moth|100\/100\n|-damage|p1a: Iron Moth|76\/100|[from] Stealth Rock\n|-enditem|p1a: Iron Moth|Booster Energy\n|-activate|p1a: Iron Moth|ability: Quark Drive|[fromitem]\n|-start|p1a: Iron Moth|quarkdrivespa\n|turn|14\n|\n|t:|1700228246\n|move|p2a: Sandy Shocks|Earth Power|p1a: Iron Moth\n|-supereffective|p1a: Iron Moth\n|-damage|p1a: Iron Moth|0 fnt\n|faint|p1a: Iron Moth\n|-end|p1a: Iron Moth|Quark Drive|[silent]\n|\n|upkeep\n|\n|t:|1700228252\n|switch|p1a: Iron Valiant|Iron Valiant|100\/100\n|-damage|p1a: Iron Valiant|94\/100|[from] Stealth Rock\n|turn|15\n|\n|t:|1700228280\n|move|p1a: Iron Valiant|Knock Off|p2a: Sandy Shocks\n|-damage|p2a: Sandy Shocks|0 fnt\n|faint|p2a: Sandy Shocks\n|-end|p2a: Sandy Shocks|Protosynthesis|[silent]\n|\n|upkeep\n|\n|t:|1700228285\n|switch|p2a: Grafaiai|Grafaiai, F|100\/100\n|turn|16\n|\n|t:|1700228291\n|move|p2a: Grafaiai|Parting Shot|p1a: Iron Valiant\n|-unboost|p1a: Iron Valiant|atk|1\n|-unboost|p1a: Iron Valiant|spa|1\n|inactive|DrauzioVrawnelas has 120 seconds left.\n|\n|t:|1700228312\n|switch|p2a: Pelipper|Pelipper, F|83\/100 par|[from] Parting Shot\n|-weather|RainDance|[from] ability: Drizzle|[of] p2a: Pelipper\n|move|p1a: Iron Valiant|Knock Off|p2a: Pelipper\n|-damage|p2a: Pelipper|67\/100 par\n|-enditem|p2a: Pelipper|Damp Rock|[from] move: Knock Off|[of] p1a: Iron Valiant\n|\n|-weather|RainDance|[upkeep]\n|upkeep\n|turn|17\n|\n|t:|1700228330\n|move|p1a: Iron Valiant|Moonblast|p2a: Pelipper\n|-damage|p2a: Pelipper|24\/100 par\n|-unboost|p2a: Pelipper|spa|1\n|cant|p2a: Pelipper|par\n|\n|-weather|RainDance|[upkeep]\n|upkeep\n|turn|18\n|\n|t:|1700228338\n|move|p1a: Iron Valiant|Moonblast|p2a: Pelipper\n|-damage|p2a: Pelipper|0 fnt\n|faint|p2a: Pelipper\n|\n|-weather|RainDance|[upkeep]\n|upkeep\n|\n|t:|1700228344\n|switch|p2a: Grafaiai|Grafaiai, F|100\/100\n|turn|19\n|\n|t:|1700228353\n|move|p2a: Grafaiai|Parting Shot|p1a: Iron Valiant\n|-unboost|p1a: Iron Valiant|atk|1\n|-unboost|p1a: Iron Valiant|spa|1\n|\n|t:|1700228363\n|switch|p2a: Iron Treads|Iron Treads|9\/100|[from] Parting Shot\n|move|p1a: Iron Valiant|Ice Punch|p2a: Iron Treads\n|-damage|p2a: Iron Treads|0 fnt\n|faint|p2a: Iron Treads\n|-end|p2a: Iron Treads|Quark Drive|[silent]\n|\n|-weather|RainDance|[upkeep]\n|upkeep\n|\n|t:|1700228366\n|switch|p2a: Crawdaunt|Crawdaunt, M|100\/100\n|turn|20\n|\n|t:|1700228377\n|move|p1a: Iron Valiant|Close Combat|p2a: Crawdaunt\n|-supereffective|p2a: Crawdaunt\n|-damage|p2a: Crawdaunt|10\/100\n|-unboost|p1a: Iron Valiant|def|1\n|-unboost|p1a: Iron Valiant|spd|1\n|move|p2a: Crawdaunt|Dragon Dance|p2a: Crawdaunt\n|-boost|p2a: Crawdaunt|atk|1\n|-boost|p2a: Crawdaunt|spe|1\n|\n|-weather|RainDance|[upkeep]\n|upkeep\n|turn|21\n|\n|t:|1700228388\n|move|p2a: Crawdaunt|Aqua Jet|p1a: Iron Valiant\n|-damage|p1a: Iron Valiant|0 fnt\n|faint|p1a: Iron Valiant\n|-end|p1a: Iron Valiant|Quark Drive|[silent]\n|\n|-weather|RainDance|[upkeep]\n|upkeep\n|\n|t:|1700228399\n|switch|p1a: Garchomp|Garchomp, M|100\/100\n|-damage|p1a: Garchomp|94\/100|[from] Stealth Rock\n|turn|22\n|\n|t:|1700228408\n|move|p2a: Crawdaunt|Aqua Jet|p1a: Garchomp\n|-damage|p1a: Garchomp|29\/100\n|-damage|p2a: Crawdaunt|0 fnt|[from] ability: Rough Skin|[of] p1a: Garchomp\n|faint|p2a: Crawdaunt\n|move|p1a: Garchomp|Swords Dance|p1a: Garchomp\n|-boost|p1a: Garchomp|atk|2\n|\n|-weather|RainDance|[upkeep]\n|upkeep\n|\n|t:|1700228414\n|switch|p2a: Grafaiai|Grafaiai, F|100\/100\n|turn|23\n|\n|t:|1700228426\n|move|p2a: Grafaiai|Encore|p1a: Garchomp\n|-start|p1a: Garchomp|Encore\n|move|p1a: Garchomp|Swords Dance|p1a: Garchomp\n|-boost|p1a: Garchomp|atk|2\n|\n|-weather|none\n|upkeep\n|turn|24\n|\n|t:|1700228435\n|move|p2a: Grafaiai|Switcheroo|p1a: Garchomp\n|-activate|p2a: Grafaiai|move: Trick|[of] p1a: Garchomp\n|-item|p1a: Garchomp|Toxic Orb|[from] move: Switcheroo\n|-item|p2a: Grafaiai|Rocky Helmet|[from] move: Switcheroo\n|move|p1a: Garchomp|Swords Dance|p1a: Garchomp\n|-boost|p1a: Garchomp|atk|2\n|\n|-status|p1a: Garchomp|tox|[from] item: Toxic Orb\n|upkeep\n|turn|25\n|\n|t:|1700228446\n|-terastallize|p1a: Garchomp|Dragon\n|move|p2a: Grafaiai|Knock Off|p1a: Garchomp\n|-damage|p1a: Garchomp|7\/100 tox\n|-damage|p2a: Grafaiai|88\/100|[from] ability: Rough Skin|[of] p1a: Garchomp\n|-enditem|p1a: Garchomp|Toxic Orb|[from] move: Knock Off|[of] p2a: Grafaiai\n|move|p1a: Garchomp|Swords Dance|p1a: Garchomp\n|-boost|p1a: Garchomp|atk|0\n|\n|-damage|p1a: Garchomp|1\/100 tox|[from] psn\n|-end|p1a: Garchomp|Encore\n|upkeep\n|turn|26\n|-message|Subapinto forfeited.\n|\n|win|DrauzioVrawnelas\n|raw|Subapinto's rating: 1000 &rarr; <strong>1000<\/strong><br \/>(+0 for losing)\n|raw|DrauzioVrawnelas's rating: 1047 &rarr; <strong>1076<\/strong><br \/>(+29 for winning)\n|l|\u2606Subapinto\n","uploadtime":1700228461,"views":22,"p1id":"subapinto","p2id":"drauziovrawnelas","formatid":"gen9ou","rating":1000,"private":0,"password":""}