{"id":"gen9ou-1997334209","p1":"Drossito Pambisito","p2":"Jerico Steven","format":"[Gen 9] OU","log":"|j|\u2606Drossito Pambisito\n|j|\u2606Jerico Steven\n|t:|1700790742\n|gametype|singles\n|player|p1|Drossito Pambisito|1|1247\n|player|p2|Jerico Steven|psychic|1255\n|teamsize|p1|6\n|teamsize|p2|6\n|gen|9\n|tier|[Gen 9] OU\n|rated|\n|rule|Sleep Clause Mod: Limit one foe put to sleep\n|rule|Species Clause: Limit one of each Pok\u00e9mon\n|rule|OHKO Clause: OHKO moves are banned\n|rule|Evasion Items Clause: Evasion items are banned\n|rule|Evasion Moves Clause: Evasion moves are banned\n|rule|Endless Battle Clause: Forcing endless battles is banned\n|rule|HP Percentage Mod: HP is shown in percentages\n|clearpoke\n|poke|p1|Hawlucha, M|\n|poke|p1|Manaphy|\n|poke|p1|Iron Valiant|\n|poke|p1|Rillaboom, F|\n|poke|p1|Great Tusk|\n|poke|p1|Thundurus-Therian, M|\n|poke|p2|Walking Wake|\n|poke|p2|Maushold-Four|\n|poke|p2|Dragonite, F|\n|poke|p2|Weezing-Galar, M|\n|poke|p2|Great Tusk|\n|poke|p2|Muk-Alola, M|\n|teampreview\n|inactive|Battle timer is ON: inactive players will automatically lose when time's up. (requested by Jerico Steven)\n|\n|t:|1700790765\n|start\n|switch|p1a: Great Tusk|Great Tusk|100\/100\n|switch|p2a: Maushold|Maushold-Four|100\/100\n|turn|1\n|\n|t:|1700790773\n|switch|p2a: Weezing|Weezing-Galar, M|100\/100\n|move|p1a: Great Tusk|Knock Off|p2a: Weezing\n|-resisted|p2a: Weezing\n|-damage|p2a: Weezing|85\/100\n|-enditem|p2a: Weezing|Choice Specs|[from] move: Knock Off|[of] p1a: Great Tusk\n|\n|upkeep\n|turn|2\n|\n|t:|1700790785\n|move|p2a: Weezing|Strange Steam|p1a: Great Tusk\n|-supereffective|p1a: Great Tusk\n|-damage|p1a: Great Tusk|1\/100\n|move|p1a: Great Tusk|Stealth Rock|p2a: Weezing\n|-sidestart|p2: Jerico Steven|move: Stealth Rock\n|\n|-heal|p1a: Great Tusk|7\/100|[from] item: Leftovers\n|upkeep\n|turn|3\n|\n|t:|1700790791\n|move|p2a: Weezing|Sludge Bomb|p1a: Great Tusk\n|-resisted|p1a: Great Tusk\n|-damage|p1a: Great Tusk|0 fnt\n|faint|p1a: Great Tusk\n|-end|p1a: Great Tusk|Protosynthesis|[silent]\n|\n|upkeep\n|\n|t:|1700790797\n|switch|p1a: Thundurus|Thundurus-Therian, M|100\/100\n|turn|4\n|\n|t:|1700790806\n|move|p1a: Thundurus|Volt Switch|p2a: Weezing\n|-damage|p2a: Weezing|0 fnt\n|faint|p2a: Weezing\n|\n|t:|1700790811\n|switch|p1a: Iron Valiant|Iron Valiant|100\/100|[from] Volt Switch\n|-enditem|p1a: Iron Valiant|Booster Energy\n|-activate|p1a: Iron Valiant|ability: Quark Drive|[fromitem]\n|-start|p1a: Iron Valiant|quarkdrivespe\n|\n|upkeep\n|\n|t:|1700790832\n|switch|p2a: Muk|Muk-Alola, M|100\/100\n|-damage|p2a: Muk|88\/100|[from] Stealth Rock\n|turn|5\n|\n|t:|1700790849\n|move|p1a: Iron Valiant|Moonblast|p2a: Muk\n|-damage|p2a: Muk|62\/100\n|-unboost|p2a: Muk|spa|1\n|move|p2a: Muk|Poison Jab|p1a: Iron Valiant\n|-supereffective|p1a: Iron Valiant\n|-damage|p1a: Iron Valiant|22\/100\n|\n|-heal|p2a: Muk|68\/100|[from] item: Black Sludge\n|upkeep\n|turn|6\n|\n|t:|1700790859\n|move|p1a: Iron Valiant|Moonblast|p2a: Muk\n|-damage|p2a: Muk|39\/100\n|-unboost|p2a: Muk|spa|1\n|move|p2a: Muk|Poison Jab|p1a: Iron Valiant\n|-supereffective|p1a: Iron Valiant\n|-damage|p1a: Iron Valiant|0 fnt\n|faint|p1a: Iron Valiant\n|-end|p1a: Iron Valiant|Quark Drive|[silent]\n|\n|-heal|p2a: Muk|46\/100|[from] item: Black Sludge\n|upkeep\n|\n|t:|1700790867\n|switch|p1a: Manaphy|Manaphy|100\/100\n|turn|7\n|\n|t:|1700790871\n|move|p1a: Manaphy|Acid Armor|p1a: Manaphy\n|-boost|p1a: Manaphy|def|2\n|move|p2a: Muk|Poison Jab|p1a: Manaphy\n|-damage|p1a: Manaphy|90\/100\n|\n|-heal|p1a: Manaphy|96\/100|[from] item: Leftovers\n|-heal|p2a: Muk|52\/100|[from] item: Black Sludge\n|upkeep\n|turn|8\n|\n|t:|1700790881\n|move|p1a: Manaphy|Acid Armor|p1a: Manaphy\n|-boost|p1a: Manaphy|def|2\n|move|p2a: Muk|Poison Jab|p1a: Manaphy\n|-damage|p1a: Manaphy|88\/100\n|\n|-heal|p1a: Manaphy|94\/100|[from] item: Leftovers\n|-heal|p2a: Muk|58\/100|[from] item: Black Sludge\n|upkeep\n|turn|9\n|\n|t:|1700790886\n|move|p1a: Manaphy|Acid Armor|p1a: Manaphy\n|-boost|p1a: Manaphy|def|2\n|move|p2a: Muk|Knock Off|p1a: Manaphy\n|-damage|p1a: Manaphy|87\/100\n|-enditem|p1a: Manaphy|Leftovers|[from] move: Knock Off|[of] p2a: Muk\n|\n|-heal|p2a: Muk|64\/100|[from] item: Black Sludge\n|upkeep\n|turn|10\n|\n|t:|1700790893\n|move|p1a: Manaphy|Take Heart|p1a: Manaphy\n|-boost|p1a: Manaphy|spa|1\n|-boost|p1a: Manaphy|spd|1\n|move|p2a: Muk|Poison Jab|p1a: Manaphy\n|-damage|p1a: Manaphy|81\/100\n|\n|-heal|p2a: Muk|70\/100|[from] item: Black Sludge\n|upkeep\n|turn|11\n|\n|t:|1700790901\n|move|p1a: Manaphy|Take Heart|p1a: Manaphy\n|-boost|p1a: Manaphy|spa|1\n|-boost|p1a: Manaphy|spd|1\n|move|p2a: Muk|Poison Jab|p1a: Manaphy\n|-damage|p1a: Manaphy|76\/100\n|\n|-heal|p2a: Muk|76\/100|[from] item: Black Sludge\n|upkeep\n|turn|12\n|c|\u2606Jerico Steven|No poison?\n|c|\u2606Jerico Steven|wtf\n|c|\u2606Jerico Steven|lol\n|\n|t:|1700790914\n|move|p1a: Manaphy|Scald|p2a: Muk\n|-damage|p2a: Muk|41\/100\n|move|p2a: Muk|Poison Jab|p1a: Manaphy\n|-damage|p1a: Manaphy|70\/100\n|-status|p1a: Manaphy|psn\n|\n|-heal|p2a: Muk|47\/100|[from] item: Black Sludge\n|-damage|p1a: Manaphy|57\/100 psn|[from] psn\n|upkeep\n|turn|13\n|\n|t:|1700790919\n|move|p2a: Muk|Protect|p2a: Muk\n|-singleturn|p2a: Muk|Protect\n|move|p1a: Manaphy|Take Heart|p1a: Manaphy\n|-boost|p1a: Manaphy|spa|1\n|-boost|p1a: Manaphy|spd|1\n|-curestatus|p1a: Manaphy|psn|[msg]\n|\n|-heal|p2a: Muk|54\/100|[from] item: Black Sludge\n|upkeep\n|turn|14\n|\n|t:|1700790929\n|move|p1a: Manaphy|Scald|p2a: Muk\n|-damage|p2a: Muk|16\/100\n|-status|p2a: Muk|brn\n|move|p2a: Muk|Poison Jab|p1a: Manaphy\n|-damage|p1a: Manaphy|54\/100\n|-status|p1a: Manaphy|psn|[from] ability: Poison Touch|[of] p2a: Muk\n|\n|-heal|p2a: Muk|22\/100 brn|[from] item: Black Sludge\n|-damage|p1a: Manaphy|42\/100 psn|[from] psn\n|-damage|p2a: Muk|16\/100 brn|[from] brn\n|upkeep\n|turn|15\n|\n|t:|1700790938\n|move|p1a: Manaphy|Take Heart|p1a: Manaphy\n|-boost|p1a: Manaphy|spa|1\n|-boost|p1a: Manaphy|spd|1\n|-curestatus|p1a: Manaphy|psn|[msg]\n|move|p2a: Muk|Poison Jab|p1a: Manaphy\n|-damage|p1a: Manaphy|39\/100\n|-status|p1a: Manaphy|psn\n|\n|-heal|p2a: Muk|22\/100 brn|[from] item: Black Sludge\n|-damage|p1a: Manaphy|27\/100 psn|[from] psn\n|-damage|p2a: Muk|16\/100 brn|[from] brn\n|upkeep\n|turn|16\n|\n|t:|1700790945\n|move|p1a: Manaphy|Take Heart|p1a: Manaphy\n|-boost|p1a: Manaphy|spa|1\n|-boost|p1a: Manaphy|spd|1\n|-curestatus|p1a: Manaphy|psn|[msg]\n|move|p2a: Muk|Poison Jab|p1a: Manaphy\n|-damage|p1a: Manaphy|24\/100\n|\n|-heal|p2a: Muk|22\/100 brn|[from] item: Black Sludge\n|-damage|p2a: Muk|16\/100 brn|[from] brn\n|upkeep\n|turn|17\n|\n|t:|1700790951\n|move|p1a: Manaphy|Scald|p2a: Muk\n|-damage|p2a: Muk|0 fnt\n|faint|p2a: Muk\n|\n|upkeep\n|\n|t:|1700790962\n|switch|p2a: Maushold|Maushold-Four|100\/100\n|-damage|p2a: Maushold|88\/100|[from] Stealth Rock\n|turn|18\n|\n|t:|1700790974\n|move|p2a: Maushold|Population Bomb|p1a: Manaphy\n|-damage|p1a: Manaphy|22\/100\n|-damage|p1a: Manaphy|19\/100\n|-damage|p1a: Manaphy|16\/100\n|-damage|p1a: Manaphy|14\/100\n|-damage|p1a: Manaphy|11\/100\n|-crit|p1a: Manaphy\n|-damage|p1a: Manaphy|0 fnt\n|faint|p1a: Manaphy\n|-hitcount|p1: Manaphy|6\n|\n|upkeep\n|\n|t:|1700790979\n|switch|p1a: Rillaboom|Rillaboom, F|100\/100\n|-fieldstart|move: Grassy Terrain|[from] ability: Grassy Surge|[of] p1a: Rillaboom\n|turn|19\n|\n|t:|1700790987\n|switch|p2a: Dragonite|Dragonite, F|100\/100\n|-damage|p2a: Dragonite|76\/100|[from] Stealth Rock\n|move|p1a: Rillaboom|Grassy Glide|p2a: Dragonite\n|-resisted|p2a: Dragonite\n|-damage|p2a: Dragonite|65\/100\n|\n|upkeep\n|turn|20\n|\n|t:|1700790995\n|move|p2a: Dragonite|Ice Spinner|p1a: Rillaboom\n|-supereffective|p1a: Rillaboom\n|-damage|p1a: Rillaboom|17\/100\n|-fieldend|move: Grassy Terrain\n|move|p1a: Rillaboom|U-turn|p2a: Dragonite\n|-resisted|p2a: Dragonite\n|-damage|p2a: Dragonite|51\/100\n|\n|t:|1700791005\n|switch|p1a: Thundurus|Thundurus-Therian, M|100\/100|[from] U-turn\n|\n|upkeep\n|turn|21\n|\n|t:|1700791009\n|move|p1a: Thundurus|Volt Switch|p2a: Dragonite\n|-damage|p2a: Dragonite|0 fnt\n|faint|p2a: Dragonite\n|\n|t:|1700791013\n|switch|p1a: Rillaboom|Rillaboom, F|17\/100|[from] Volt Switch\n|-fieldstart|move: Grassy Terrain|[from] ability: Grassy Surge|[of] p1a: Rillaboom\n|\n|-heal|p1a: Rillaboom|23\/100|[from] Grassy Terrain\n|upkeep\n|\n|t:|1700791020\n|switch|p2a: Walking Wake|Walking Wake|100\/100\n|-damage|p2a: Walking Wake|88\/100|[from] Stealth Rock\n|turn|22\n|\n|t:|1700791025\n|move|p1a: Rillaboom|Grassy Glide|p2a: Walking Wake\n|-damage|p2a: Walking Wake|40\/100\n|move|p2a: Walking Wake|Flamethrower|p1a: Rillaboom\n|-supereffective|p1a: Rillaboom\n|-damage|p1a: Rillaboom|0 fnt\n|faint|p1a: Rillaboom\n|\n|-heal|p2a: Walking Wake|47\/100|[from] Grassy Terrain\n|upkeep\n|\n|t:|1700791029\n|switch|p1a: Hawlucha|Hawlucha, M|100\/100\n|-enditem|p1a: Hawlucha|Grassy Seed\n|-boost|p1a: Hawlucha|def|1|[from] item: Grassy Seed\n|turn|23\n|\n|t:|1700791040\n|-terastallize|p1a: Hawlucha|Fighting\n|move|p1a: Hawlucha|Acrobatics|p2a: Walking Wake\n|-damage|p2a: Walking Wake|0 fnt\n|faint|p2a: Walking Wake\n|-end|p2a: Walking Wake|Protosynthesis|[silent]\n|\n|upkeep\n|\n|t:|1700791047\n|switch|p2a: Great Tusk|Great Tusk|100\/100\n|-damage|p2a: Great Tusk|97\/100|[from] Stealth Rock\n|turn|24\n|\n|t:|1700791055\n|move|p1a: Hawlucha|Swords Dance|p1a: Hawlucha\n|-boost|p1a: Hawlucha|atk|2\n|move|p2a: Great Tusk|Earthquake|p1a: Hawlucha\n|-damage|p1a: Hawlucha|80\/100\n|\n|-heal|p1a: Hawlucha|86\/100|[from] Grassy Terrain\n|-heal|p2a: Great Tusk|100\/100|[from] Grassy Terrain\n|upkeep\n|turn|25\n|-message|Jerico Steven forfeited.\n|\n|win|Drossito Pambisito\n|raw|Drossito Pambisito's rating: 1247 &rarr; <strong>1273<\/strong><br \/>(+26 for winning)\n|raw|Jerico Steven's rating: 1255 &rarr; <strong>1229<\/strong><br \/>(-26 for losing)\n|l|\u2606Jerico Steven\n|l|\u2606Drossito Pambisito\n|j|\u2606Drossito Pambisito\n|player|p1|Drossito Pambisito|1\n","uploadtime":1700791079,"views":4,"p1id":"drossitopambisito","p2id":"jericosteven","formatid":"gen9ou","rating":1229,"private":0,"password":""}