{"id":"gen9ou-1997926168","p1":"HEAVY-DUTY B0OTY","p2":"E4Everyone","format":"[Gen 9] OU","log":"|j|\u2606HEAVY-DUTY B0OTY\n|j|\u2606E4Everyone\n|inactive|Battle timer is ON: inactive players will automatically lose when time's up.\n|t:|1700868261\n|gametype|singles\n|player|p1|HEAVY-DUTY B0OTY|swimmerf-gen6|\n|player|p2|E4Everyone|hugh|\n|teamsize|p1|4\n|teamsize|p2|4\n|gen|9\n|tier|[Gen 9] OU\n|rated|Tournament battle\n|rule|Sleep Clause Mod: Limit one foe put to sleep\n|rule|Species Clause: Limit one of each Pok\u00e9mon\n|rule|OHKO Clause: OHKO moves are banned\n|rule|Evasion Items Clause: Evasion items are banned\n|rule|Evasion Moves Clause: Evasion moves are banned\n|rule|Endless Battle Clause: Forcing endless battles is banned\n|rule|HP Percentage Mod: HP is shown in percentages\n|clearpoke\n|poke|p1|Jumpluff, F|\n|poke|p1|Wiglett, F|\n|poke|p1|Wooper-Paldea, F|\n|poke|p1|Timburr, M|\n|poke|p2|Rillaboom, M|\n|poke|p2|Morgrem, M|\n|poke|p2|Mienfoo, M|\n|poke|p2|Murkrow, M|\n|teampreview\n|j|*Lady Monita \u2746\n|j| zacianboi101\n|c|\u2606E4Everyone|glhf\n|c|\u2606HEAVY-DUTY B0OTY|hf\n|c| zacianboi101|that mienfoo\n|c| zacianboi101|i curse\n|c| zacianboi101|it\n|\n|t:|1700868285\n|start\n|switch|p1a: Wooper|Wooper-Paldea, F|100\/100\n|switch|p2a: Murkrow|Murkrow, M|100\/100\n|turn|1\n|\n|t:|1700868291\n|move|p2a: Murkrow|Taunt|p1a: Wooper\n|-start|p1a: Wooper|move: Taunt\n|cant|p1a: Wooper|move: Taunt|Stealth Rock\n|\n|upkeep\n|turn|2\n|j| ArchenWarrior\n|\n|t:|1700868296\n|switch|p1a: Wiglett|Wiglett, F|100\/100\n|move|p2a: Murkrow|Tailwind|p2a: Murkrow\n|-sidestart|p2: E4Everyone|move: Tailwind\n|\n|upkeep\n|turn|3\n|\n|t:|1700868303\n|switch|p1a: Wooper|Wooper-Paldea, F|100\/100\n|move|p2a: Murkrow|Taunt|p1a: Wooper\n|-start|p1a: Wooper|move: Taunt\n|\n|upkeep\n|turn|4\n|l| ArchenWarrior\n|\n|t:|1700868310\n|switch|p2a: Morgrem|Morgrem, M|100\/100\n|switch|p1a: Wiglett|Wiglett, F|100\/100\n|\n|upkeep\n|turn|5\n|c|\u2606HEAVY-DUTY B0OTY|hm\n|j| HunterBear4\n|\n|t:|1700868318\n|switch|p1a: Wooper|Wooper-Paldea, F|100\/100\n|move|p2a: Morgrem|Fake Out|p1a: Wooper\n|-damage|p1a: Wooper|95\/100\n|\n|-sideend|p2: E4Everyone|move: Tailwind\n|upkeep\n|turn|6\n|\n|t:|1700868321\n|move|p2a: Morgrem|Light Screen|p2a: Morgrem\n|-sidestart|p2: E4Everyone|move: Light Screen\n|move|p1a: Wooper|Stealth Rock|p2a: Morgrem\n|-sidestart|p2: E4Everyone|move: Stealth Rock\n|\n|upkeep\n|turn|7\n|\n|t:|1700868323\n|move|p2a: Morgrem|Parting Shot|p1a: Wooper\n|-unboost|p1a: Wooper|atk|1\n|-unboost|p1a: Wooper|spa|1\n|j| chadguy\n|\n|t:|1700868327\n|switch|p2a: Monke|Rillaboom, M|100\/100|[from] Parting Shot\n|-damage|p2a: Monke|88\/100|[from] Stealth Rock\n|-fieldstart|move: Grassy Terrain|[from] ability: Grassy Surge|[of] p2a: Monke\n|-enditem|p2a: Monke|Grassy Seed\n|-boost|p2a: Monke|def|1|[from] item: Grassy Seed\n|move|p1a: Wooper|Toxic|p2a: Monke\n|-status|p2a: Monke|tox\n|\n|-heal|p2a: Monke|94\/100 tox|[from] Grassy Terrain\n|-heal|p1a: Wooper|100\/100|[from] Grassy Terrain\n|-damage|p2a: Monke|88\/100 tox|[from] psn\n|upkeep\n|turn|8\n|\n|t:|1700868336\n|move|p2a: Monke|Grassy Glide|p1a: Wooper\n|-damage|p1a: Wooper|72\/100\n|move|p1a: Wooper|Recover|p1a: Wooper\n|-heal|p1a: Wooper|100\/100\n|\n|-heal|p2a: Monke|94\/100 tox|[from] Grassy Terrain\n|-damage|p2a: Monke|82\/100 tox|[from] psn\n|upkeep\n|turn|9\n|c| zacianboi101|yooooo\n|j| bleahey\n|c| zacianboi101|you took my\n|l| chadguy\n|c| zacianboi101|username\n|\n|t:|1700868348\n|move|p2a: Monke|Bulk Up|p2a: Monke\n|-boost|p2a: Monke|atk|1\n|-boost|p2a: Monke|def|1\n|move|p1a: Wooper|Earthquake|p2a: Monke\n|-resisted|p2a: Monke\n|-damage|p2a: Monke|80\/100 tox\n|\n|-heal|p2a: Monke|86\/100 tox|[from] Grassy Terrain\n|-damage|p2a: Monke|68\/100 tox|[from] psn\n|upkeep\n|turn|10\n|c| zacianboi101|i alwas name it monke\n|\n|t:|1700868354\n|switch|p1a: Jumpluff|Jumpluff, F|100\/100\n|-terastallize|p2a: Monke|Flying\n|move|p2a: Monke|Acrobatics|p1a: Jumpluff\n|-supereffective|p1a: Jumpluff\n|-damage|p1a: Jumpluff|0 fnt\n|faint|p1a: Jumpluff\n|\n|-damage|p2a: Monke|43\/100 tox|[from] psn\n|upkeep\n|c|\u2606HEAVY-DUTY B0OTY|fuk\n|\n|t:|1700868368\n|switch|p1a: Wiglett|Wiglett, F|100\/100\n|turn|11\n|\n|t:|1700868374\n|switch|p1a: Wooper|Wooper-Paldea, F|100\/100\n|move|p2a: Monke|Grassy Glide|p1a: Wooper\n|-damage|p1a: Wooper|66\/100\n|\n|-heal|p1a: Wooper|72\/100|[from] Grassy Terrain\n|-damage|p2a: Monke|13\/100 tox|[from] psn\n|-fieldend|move: Grassy Terrain\n|upkeep\n|turn|12\n|\n|t:|1700868380\n|move|p2a: Monke|Acrobatics|p1a: Wooper\n|-damage|p1a: Wooper|5\/100\n|move|p1a: Wooper|Recover|p1a: Wooper\n|-heal|p1a: Wooper|55\/100\n|\n|-damage|p2a: Monke|0 fnt|[from] psn\n|faint|p2a: Monke\n|upkeep\n|\n|t:|1700868390\n|switch|p2a: Morgrem|Morgrem, M|100\/100\n|-damage|p2a: Morgrem|88\/100|[from] Stealth Rock\n|turn|13\n|c|\u2606E4Everyone|welp\n|\n|t:|1700868394\n|move|p2a: Morgrem|Fake Out|p1a: Wooper\n|-damage|p1a: Wooper|50\/100\n|cant|p1a: Wooper|flinch\n|\n|-sideend|p2: E4Everyone|move: Light Screen\n|upkeep\n|turn|14\n|\n|t:|1700868405\n|move|p2a: Morgrem|Parting Shot|p1a: Wooper\n|-unboost|p1a: Wooper|atk|1\n|-unboost|p1a: Wooper|spa|1\n|\n|t:|1700868407\n|switch|p2a: Murkrow|Murkrow, M|100\/100|[from] Parting Shot\n|-damage|p2a: Murkrow|76\/100|[from] Stealth Rock\n|move|p1a: Wooper|Recover|p1a: Wooper\n|-heal|p1a: Wooper|99\/100\n|\n|upkeep\n|turn|15\n|\n|t:|1700868410\n|switch|p1a: Wiglett|Wiglett, F|100\/100\n|move|p2a: Murkrow|Taunt|p1a: Wiglett\n|-start|p1a: Wiglett|move: Taunt\n|\n|upkeep\n|turn|16\n|\n|t:|1700868415\n|move|p2a: Murkrow|Tailwind|p2a: Murkrow\n|-sidestart|p2: E4Everyone|move: Tailwind\n|move|p1a: Wiglett|Liquidation|p2a: Murkrow\n|-damage|p2a: Murkrow|37\/100\n|\n|upkeep\n|turn|17\n|\n|t:|1700868419\n|move|p2a: Murkrow|Thunder Wave|p1a: Wiglett\n|-status|p1a: Wiglett|par\n|move|p1a: Wiglett|Liquidation|p2a: Murkrow\n|-crit|p2a: Murkrow\n|-damage|p2a: Murkrow|0 fnt\n|faint|p2a: Murkrow\n|\n|-end|p1a: Wiglett|move: Taunt\n|upkeep\n|\n|t:|1700868421\n|switch|p2a: Mienfoo|Mienfoo, M|100\/100\n|-damage|p2a: Mienfoo|94\/100|[from] Stealth Rock\n|turn|18\n|\n|t:|1700868438\n|move|p2a: Mienfoo|Knock Off|p1a: Wiglett\n|-damage|p1a: Wiglett|0 fnt\n|-ability|p1a: Wiglett|Gooey\n|-unboost|p2a: Mienfoo|spe|1\n|-enditem|p1a: Wiglett|Eviolite|[from] move: Knock Off|[of] p2a: Mienfoo\n|faint|p1a: Wiglett\n|\n|upkeep\n|\n|t:|1700868442\n|switch|p1a: Wooper|Wooper-Paldea, F|99\/100\n|turn|19\n|\n|t:|1700868445\n|move|p2a: Mienfoo|Knock Off|p1a: Wooper\n|-damage|p1a: Wooper|77\/100\n|-enditem|p1a: Wooper|Eviolite|[from] move: Knock Off|[of] p2a: Mienfoo\n|move|p1a: Wooper|Toxic|p2a: Mienfoo\n|-status|p2a: Mienfoo|tox\n|\n|-damage|p2a: Mienfoo|88\/100 tox|[from] psn\n|-sideend|p2: E4Everyone|move: Tailwind\n|upkeep\n|turn|20\n|\n|t:|1700868450\n|switch|p2a: Morgrem|Morgrem, M|88\/100\n|-damage|p2a: Morgrem|76\/100|[from] Stealth Rock\n|move|p1a: Wooper|Earthquake|p2a: Morgrem\n|-damage|p2a: Morgrem|41\/100\n|\n|upkeep\n|turn|21\n|\n|t:|1700868452\n|move|p2a: Morgrem|Fake Out|p1a: Wooper\n|-damage|p1a: Wooper|70\/100\n|cant|p1a: Wooper|flinch\n|\n|upkeep\n|turn|22\n|\n|t:|1700868460\n|move|p2a: Morgrem|Parting Shot|p1a: Wooper\n|-unboost|p1a: Wooper|atk|1\n|-unboost|p1a: Wooper|spa|1\n|\n|t:|1700868462\n|switch|p2a: Mienfoo|Mienfoo, M|100\/100 tox|[from] Parting Shot\n|-damage|p2a: Mienfoo|94\/100 tox|[from] Stealth Rock\n|move|p1a: Wooper|Toxic|p2a: Mienfoo\n|-fail|p2a: Mienfoo|tox\n|\n|-damage|p2a: Mienfoo|88\/100 tox|[from] psn\n|upkeep\n|turn|23\n|\n|t:|1700868472\n|move|p2a: Mienfoo|Drain Punch|p1a: Wooper\n|-resisted|p1a: Wooper\n|-damage|p1a: Wooper|51\/100\n|-heal|p2a: Mienfoo|100\/100 tox|[from] drain|[of] p1a: Wooper\n|move|p1a: Wooper|Recover|p1a: Wooper\n|-heal|p1a: Wooper|100\/100\n|\n|-damage|p2a: Mienfoo|88\/100 tox|[from] psn\n|upkeep\n|turn|24\n|\n|t:|1700868476\n|move|p2a: Mienfoo|Drain Punch|p1a: Wooper\n|-resisted|p1a: Wooper\n|-damage|p1a: Wooper|80\/100\n|-heal|p2a: Mienfoo|100\/100 tox|[from] drain|[of] p1a: Wooper\n|move|p1a: Wooper|Earthquake|p2a: Mienfoo\n|-damage|p2a: Mienfoo|70\/100 tox\n|\n|-damage|p2a: Mienfoo|52\/100 tox|[from] psn\n|upkeep\n|turn|25\n|c|\u2606E4Everyone|damn wooper walls me\n|c|\u2606E4Everyone|g\n|c|\u2606E4Everyone|g\n|\n|t:|1700868484\n|move|p2a: Mienfoo|Drain Punch|p1a: Wooper\n|-resisted|p1a: Wooper\n|-damage|p1a: Wooper|63\/100\n|-heal|p2a: Mienfoo|64\/100 tox|[from] drain|[of] p1a: Wooper\n|move|p1a: Wooper|Earthquake|p2a: Mienfoo\n|-damage|p2a: Mienfoo|31\/100 tox\n|\n|-damage|p2a: Mienfoo|7\/100 tox|[from] psn\n|upkeep\n|turn|26\n|c|\u2606HEAVY-DUTY B0OTY|Im shook\n|\n|t:|1700868492\n|move|p2a: Mienfoo|Drain Punch|p1a: Wooper\n|-resisted|p1a: Wooper\n|-damage|p1a: Wooper|43\/100\n|-heal|p2a: Mienfoo|20\/100 tox|[from] drain|[of] p1a: Wooper\n|move|p1a: Wooper|Recover|p1a: Wooper\n|-heal|p1a: Wooper|93\/100\n|\n|-damage|p2a: Mienfoo|0 fnt|[from] psn\n|faint|p2a: Mienfoo\n|upkeep\n|\n|t:|1700868494\n|switch|p2a: Morgrem|Morgrem, M|41\/100\n|-damage|p2a: Morgrem|28\/100|[from] Stealth Rock\n|turn|27\n|\n|t:|1700868499\n|move|p2a: Morgrem|Fake Out|p1a: Wooper\n|-damage|p1a: Wooper|85\/100\n|cant|p1a: Wooper|flinch\n|\n|upkeep\n|turn|28\n|\n|t:|1700868501\n|move|p2a: Morgrem|Parting Shot|p1a: Wooper\n|-unboost|p1a: Wooper|atk|1\n|-unboost|p1a: Wooper|spa|1\n|move|p1a: Wooper|Toxic|p2a: Morgrem\n|-status|p2a: Morgrem|tox\n|\n|-damage|p2a: Morgrem|22\/100 tox|[from] psn\n|upkeep\n|turn|29\n|\n|t:|1700868503\n|move|p2a: Morgrem|Parting Shot|p1a: Wooper\n|-unboost|p1a: Wooper|atk|1\n|-unboost|p1a: Wooper|spa|1\n|move|p1a: Wooper|Earthquake|p2a: Morgrem\n|-damage|p2a: Morgrem|8\/100 tox\n|\n|-damage|p2a: Morgrem|0 fnt|[from] psn\n|faint|p2a: Morgrem\n|\n|win|HEAVY-DUTY B0OTY\n|upkeep\n|n|\u2606HEAVY-DUTY B0OTY|heavydutyb0oty\n|n|\u2606E4Everyone|e4everyone\n|n|*Lady Monita \u2746|ladymonita\n|n| zacianboi101|zacianboi101\n|n| HunterBear4|hunterbear4\n|n| bleahey|bleahey\n","uploadtime":1700868504,"views":2,"p1id":"heavydutyb0oty","p2id":"e4everyone","formatid":"gen9ou","rating":0,"private":0,"password":""}