{"id":"gen9ou-1994317971","p1":"Duckycrater","p2":"Juneheat","format":"[Gen 9] OU","log":"|j|\u2606Duckycrater\n|j|\u2606Juneheat\n|t:|1700430503\n|gametype|singles\n|player|p1|Duckycrater|265|1754\n|player|p2|Juneheat|aromalady|1658\n|teamsize|p1|6\n|teamsize|p2|6\n|gen|9\n|tier|[Gen 9] OU\n|rated|\n|rule|Sleep Clause Mod: Limit one foe put to sleep\n|rule|Species Clause: Limit one of each Pok\u00e9mon\n|rule|OHKO Clause: OHKO moves are banned\n|rule|Evasion Items Clause: Evasion items are banned\n|rule|Evasion Moves Clause: Evasion moves are banned\n|rule|Endless Battle Clause: Forcing endless battles is banned\n|rule|HP Percentage Mod: HP is shown in percentages\n|clearpoke\n|poke|p1|Clefable, F|\n|poke|p1|Alomomola, M|\n|poke|p1|Blissey, F|\n|poke|p1|Clodsire, M|\n|poke|p1|Dondozo, M|\n|poke|p1|Amoonguss, M|\n|poke|p2|Weavile, M|\n|poke|p2|Slowking-Galar, M|\n|poke|p2|Zapdos|\n|poke|p2|Gholdengo|\n|poke|p2|Zamazenta-*|\n|poke|p2|Samurott-Hisui, M|\n|teampreview\n|inactive|Battle timer is ON: inactive players will automatically lose when time's up. (requested by Duckycrater)\n|\n|t:|1700430519\n|start\n|switch|p1a: Clefable|Clefable, F|100\/100\n|switch|p2a: Slowking|Slowking-Galar, M|100\/100\n|turn|1\n|j| FatherSuperior7\n|inactive|Duckycrater has 120 seconds left.\n|\n|t:|1700430571\n|move|p1a: Clefable|Protect|p1a: Clefable\n|-singleturn|p1a: Clefable|Protect\n|move|p2a: Slowking|Chilly Reception|p2a: Slowking\n|-weather|Snow\n|\n|t:|1700430576\n|switch|p2a: Gholdengo|Gholdengo|100\/100|[from] Chilly Reception\n|-item|p2a: Gholdengo|Air Balloon\n|\n|-weather|Snow|[upkeep]\n|upkeep\n|turn|2\n|\n|t:|1700430585\n|switch|p1a: Clodsire|Clodsire, M|100\/100\n|move|p2a: Gholdengo|Make It Rain|p1a: Clodsire\n|-damage|p1a: Clodsire|74\/100\n|-unboost|p2a: Gholdengo|spa|1\n|\n|-weather|Snow|[upkeep]\n|upkeep\n|turn|3\n|\n|t:|1700430594\n|move|p2a: Gholdengo|Shadow Ball|p1a: Clodsire\n|-damage|p1a: Clodsire|56\/100\n|move|p1a: Clodsire|Amnesia|p1a: Clodsire\n|-boost|p1a: Clodsire|spd|2\n|\n|-weather|Snow|[upkeep]\n|upkeep\n|turn|4\n|j| 0SiegeWarfare\n|\n|t:|1700430609\n|switch|p2a: Samurott|Samurott-Hisui, M|100\/100\n|move|p1a: Clodsire|Spikes|p2a: Samurott\n|-sidestart|p2: Juneheat|Spikes\n|\n|-weather|Snow|[upkeep]\n|upkeep\n|turn|5\n|\n|t:|1700430618\n|switch|p1a: Alomomola|Alomomola, M|100\/100\n|move|p2a: Samurott|Flip Turn|p1a: Alomomola\n|-resisted|p1a: Alomomola\n|-damage|p1a: Alomomola|93\/100\n|\n|t:|1700430628\n|switch|p2a: Zapdos|Zapdos|100\/100|[from] Flip Turn\n|\n|-weather|none\n|upkeep\n|turn|6\n|\n|t:|1700430636\n|switch|p1a: Clodsire|Clodsire, M|56\/100\n|move|p2a: Zapdos|U-turn|p1a: Clodsire\n|-resisted|p1a: Clodsire\n|-damage|p1a: Clodsire|49\/100\n|\n|t:|1700430642\n|switch|p2a: Weavile|Weavile, M|100\/100|[from] U-turn\n|\n|upkeep\n|turn|7\n|\n|t:|1700430647\n|switch|p1a: Alomomola|Alomomola, M|100\/100\n|move|p2a: Weavile|Knock Off|p1a: Alomomola\n|-damage|p1a: Alomomola|73\/100\n|-enditem|p1a: Alomomola|Heavy-Duty Boots|[from] move: Knock Off|[of] p2a: Weavile\n|\n|upkeep\n|turn|8\n|\n|t:|1700430655\n|switch|p2a: Slowking|Slowking-Galar, M|100\/100\n|move|p1a: Alomomola|Scald|p2a: Slowking\n|-damage|p2a: Slowking|92\/100\n|\n|upkeep\n|turn|9\n|\n|t:|1700430664\n|move|p1a: Alomomola|Protect|p1a: Alomomola\n|-singleturn|p1a: Alomomola|Protect\n|move|p2a: Slowking|Future Sight|p1a: Alomomola\n|-start|p2a: Slowking|move: Future Sight\n|\n|upkeep\n|turn|10\n|\n|t:|1700430667\n|switch|p1a: Blissey|Blissey, F|100\/100\n|move|p2a: Slowking|Chilly Reception|p2a: Slowking\n|-weather|Snow\n|\n|t:|1700430677\n|switch|p2a: Samurott|Samurott-Hisui, M|100\/100|[from] Chilly Reception\n|\n|-weather|Snow|[upkeep]\n|upkeep\n|turn|11\n|\n|t:|1700430681\n|move|p1a: Blissey|Protect|p1a: Blissey\n|-singleturn|p1a: Blissey|Protect\n|move|p2a: Samurott|Ceaseless Edge|p1a: Blissey\n|-activate|p1a: Blissey|move: Protect\n|\n|-weather|Snow|[upkeep]\n|-end|p1a: Blissey|move: Future Sight\n|-damage|p1a: Blissey|87\/100\n|upkeep\n|turn|12\n|\n|t:|1700430685\n|switch|p1a: Clefable|Clefable, F|100\/100\n|move|p2a: Samurott|Ceaseless Edge|p1a: Clefable|[miss]\n|-miss|p2a: Samurott|p1a: Clefable\n|\n|-weather|Snow|[upkeep]\n|upkeep\n|turn|13\n|\n|t:|1700430690\n|switch|p2a: Slowking|Slowking-Galar, M|100\/100\n|move|p1a: Clefable|Knock Off|p2a: Slowking\n|-supereffective|p2a: Slowking\n|-damage|p2a: Slowking|66\/100\n|-enditem|p2a: Slowking|Heavy-Duty Boots|[from] move: Knock Off|[of] p1a: Clefable\n|\n|-weather|Snow|[upkeep]\n|upkeep\n|turn|14\n|\n|t:|1700430699\n|switch|p1a: Blissey|Blissey, F|87\/100\n|move|p2a: Slowking|Chilly Reception|p2a: Slowking\n|\n|t:|1700430702\n|switch|p2a: Weavile|Weavile, M|100\/100|[from] Chilly Reception\n|\n|-weather|none\n|upkeep\n|turn|15\n|\n|t:|1700430709\n|switch|p2a: Zapdos|Zapdos|100\/100\n|switch|p1a: Alomomola|Alomomola, M|100\/100\n|\n|upkeep\n|turn|16\n|\n|t:|1700430715\n|move|p1a: Alomomola|Protect|p1a: Alomomola\n|-singleturn|p1a: Alomomola|Protect\n|move|p2a: Zapdos|Thunderbolt|p1a: Alomomola\n|-activate|p1a: Alomomola|move: Protect\n|\n|upkeep\n|turn|17\n|\n|t:|1700430718\n|switch|p1a: Clodsire|Clodsire, M|49\/100\n|move|p2a: Zapdos|U-turn|p1a: Clodsire\n|-resisted|p1a: Clodsire\n|-damage|p1a: Clodsire|41\/100\n|\n|t:|1700430721\n|switch|p2a: Samurott|Samurott-Hisui, M|100\/100|[from] U-turn\n|\n|upkeep\n|turn|18\n|\n|t:|1700430725\n|switch|p1a: Clefable|Clefable, F|100\/100\n|move|p2a: Samurott|Ceaseless Edge|p1a: Clefable\n|-resisted|p1a: Clefable\n|-damage|p1a: Clefable|83\/100\n|-sidestart|p1: Duckycrater|Spikes\n|\n|-heal|p1a: Clefable|89\/100|[from] item: Leftovers\n|upkeep\n|turn|19\n|\n|t:|1700430731\n|switch|p2a: Slowking|Slowking-Galar, M|99\/100\n|-damage|p2a: Slowking|87\/100|[from] Spikes\n|move|p1a: Clefable|Knock Off|p2a: Slowking\n|-supereffective|p2a: Slowking\n|-damage|p2a: Slowking|67\/100\n|\n|-heal|p1a: Clefable|95\/100|[from] item: Leftovers\n|upkeep\n|turn|20\n|\n|t:|1700430739\n|move|p1a: Clefable|Protect|p1a: Clefable\n|-singleturn|p1a: Clefable|Protect\n|move|p2a: Slowking|Future Sight|p1a: Clefable\n|-start|p2a: Slowking|move: Future Sight\n|\n|-heal|p1a: Clefable|100\/100|[from] item: Leftovers\n|upkeep\n|turn|21\n|\n|t:|1700430747\n|switch|p1a: Blissey|Blissey, F|87\/100\n|move|p2a: Slowking|Chilly Reception|p2a: Slowking\n|-weather|Snow\n|\n|t:|1700430760\n|switch|p2a: Samurott|Samurott-Hisui, M|100\/100|[from] Chilly Reception\n|\n|-weather|Snow|[upkeep]\n|upkeep\n|turn|22\n|\n|t:|1700430777\n|move|p1a: Blissey|Protect|p1a: Blissey\n|-singleturn|p1a: Blissey|Protect\n|move|p2a: Samurott|Ceaseless Edge|p1a: Blissey\n|-activate|p1a: Blissey|move: Protect\n|\n|-weather|Snow|[upkeep]\n|-end|p1a: Blissey|move: Future Sight\n|-damage|p1a: Blissey|76\/100\n|upkeep\n|turn|23\n|\n|t:|1700430782\n|switch|p1a: Clefable|Clefable, F|100\/100\n|move|p2a: Samurott|Ceaseless Edge|p1a: Clefable\n|-resisted|p1a: Clefable\n|-damage|p1a: Clefable|84\/100\n|-sidestart|p1: Duckycrater|Spikes\n|\n|-weather|Snow|[upkeep]\n|-heal|p1a: Clefable|90\/100|[from] item: Leftovers\n|upkeep\n|turn|24\n|\n|t:|1700430792\n|switch|p2a: Slowking|Slowking-Galar, M|99\/100\n|-damage|p2a: Slowking|88\/100|[from] Spikes\n|move|p1a: Clefable|Wish|p1a: Clefable\n|\n|-weather|Snow|[upkeep]\n|-heal|p1a: Clefable|96\/100|[from] item: Leftovers\n|upkeep\n|turn|25\n|\n|t:|1700430799\n|switch|p1a: Clodsire|Clodsire, M|41\/100\n|move|p2a: Slowking|Earthquake|p1a: Clodsire\n|-supereffective|p1a: Clodsire\n|-damage|p1a: Clodsire|8\/100\n|\n|-weather|none\n|-heal|p1a: Clodsire|50\/100|[from] move: Wish|[wisher] Clefable\n|upkeep\n|turn|26\n|\n|t:|1700430807\n|move|p2a: Slowking|Future Sight|p1a: Clodsire\n|-start|p2a: Slowking|move: Future Sight\n|move|p1a: Clodsire|Recover|p1a: Clodsire\n|-heal|p1a: Clodsire|99\/100\n|\n|upkeep\n|turn|27\n|\n|t:|1700430811\n|switch|p1a: Blissey|Blissey, F|76\/100\n|move|p2a: Slowking|Chilly Reception|p2a: Slowking\n|-weather|Snow\n|\n|t:|1700430818\n|switch|p2a: Samurott|Samurott-Hisui, M|100\/100|[from] Chilly Reception\n|\n|-weather|Snow|[upkeep]\n|upkeep\n|turn|28\n|\n|t:|1700430822\n|move|p1a: Blissey|Protect|p1a: Blissey\n|-singleturn|p1a: Blissey|Protect\n|move|p2a: Samurott|Ceaseless Edge|p1a: Blissey\n|-activate|p1a: Blissey|move: Protect\n|\n|-weather|Snow|[upkeep]\n|-end|p1a: Blissey|move: Future Sight\n|-damage|p1a: Blissey|62\/100\n|upkeep\n|turn|29\n|\n|t:|1700430828\n|switch|p1a: Clefable|Clefable, F|96\/100\n|move|p2a: Samurott|Ceaseless Edge|p1a: Clefable\n|-resisted|p1a: Clefable\n|-damage|p1a: Clefable|79\/100\n|-sidestart|p1: Duckycrater|Spikes\n|\n|-weather|Snow|[upkeep]\n|-heal|p1a: Clefable|85\/100|[from] item: Leftovers\n|upkeep\n|turn|30\n|\n|t:|1700430836\n|move|p2a: Samurott|Flip Turn|p1a: Clefable\n|-damage|p1a: Clefable|63\/100\n|\n|t:|1700430844\n|switch|p2a: Slowking|Slowking-Galar, M|100\/100|[from] Flip Turn\n|-damage|p2a: Slowking|88\/100|[from] Spikes\n|move|p1a: Clefable|Wish|p1a: Clefable\n|\n|-weather|Snow|[upkeep]\n|-heal|p1a: Clefable|69\/100|[from] item: Leftovers\n|upkeep\n|turn|31\n|\n|t:|1700430849\n|switch|p1a: Blissey|Blissey, F|62\/100\n|move|p2a: Slowking|Future Sight|p1a: Blissey\n|-start|p2a: Slowking|move: Future Sight\n|\n|-weather|none\n|-heal|p1a: Blissey|90\/100|[from] move: Wish|[wisher] Clefable\n|upkeep\n|turn|32\n|\n|t:|1700430854\n|move|p1a: Blissey|Stealth Rock|p2a: Slowking\n|-sidestart|p2: Juneheat|move: Stealth Rock\n|move|p2a: Slowking|Chilly Reception|p2a: Slowking\n|-weather|Snow\n|\n|t:|1700430858\n|switch|p2a: Weavile|Weavile, M|100\/100|[from] Chilly Reception\n|\n|-weather|Snow|[upkeep]\n|upkeep\n|turn|33\n|\n|t:|1700430864\n|move|p1a: Blissey|Protect|p1a: Blissey\n|-singleturn|p1a: Blissey|Protect\n|move|p2a: Weavile|Knock Off|p1a: Blissey\n|-activate|p1a: Blissey|move: Protect\n|\n|-weather|Snow|[upkeep]\n|-end|p1a: Blissey|move: Future Sight\n|-damage|p1a: Blissey|76\/100\n|upkeep\n|turn|34\n|\n|t:|1700430868\n|switch|p1a: Alomomola|Alomomola, M|100\/100\n|-damage|p1a: Alomomola|76\/100|[from] Spikes\n|move|p2a: Weavile|Knock Off|p1a: Alomomola\n|-damage|p1a: Alomomola|58\/100\n|\n|-weather|Snow|[upkeep]\n|upkeep\n|turn|35\n|j| Ctannn\n|\n|t:|1700430882\n|switch|p2a: Zapdos|Zapdos|100\/100\n|move|p1a: Alomomola|Scald|p2a: Zapdos\n|-damage|p2a: Zapdos|86\/100\n|-status|p2a: Zapdos|brn\n|\n|-weather|Snow|[upkeep]\n|-damage|p2a: Zapdos|80\/100 brn|[from] brn\n|upkeep\n|turn|36\n|\n|t:|1700430892\n|switch|p1a: Clodsire|Clodsire, M|99\/100\n|move|p2a: Zapdos|U-turn|p1a: Clodsire\n|-resisted|p1a: Clodsire\n|-damage|p1a: Clodsire|96\/100\n|\n|t:|1700430904\n|switch|p2a: Weavile|Weavile, M|100\/100|[from] U-turn\n|\n|-weather|none\n|upkeep\n|turn|37\n|\n|t:|1700430909\n|switch|p1a: Alomomola|Alomomola, M|91\/100\n|-damage|p1a: Alomomola|66\/100|[from] Spikes\n|move|p2a: Weavile|Knock Off|p1a: Alomomola\n|-damage|p1a: Alomomola|48\/100\n|\n|upkeep\n|turn|38\n|\n|t:|1700430919\n|switch|p2a: Zapdos|Zapdos|80\/100 brn\n|move|p1a: Alomomola|Wish|p1a: Alomomola\n|\n|-damage|p2a: Zapdos|74\/100 brn|[from] brn\n|upkeep\n|turn|39\n|\n|t:|1700430925\n|move|p1a: Alomomola|Protect|p1a: Alomomola\n|-singleturn|p1a: Alomomola|Protect\n|move|p2a: Zapdos|Roost|p2a: Zapdos\n|-heal|p2a: Zapdos|100\/100 brn\n|-singleturn|p2a: Zapdos|move: Roost\n|\n|-heal|p1a: Alomomola|97\/100|[from] move: Wish|[wisher] Alomomola\n|-damage|p2a: Zapdos|94\/100 brn|[from] brn\n|upkeep\n|turn|40\n|\n|t:|1700430929\n|switch|p1a: Clodsire|Clodsire, M|96\/100\n|move|p2a: Zapdos|U-turn|p1a: Clodsire\n|-resisted|p1a: Clodsire\n|-damage|p1a: Clodsire|93\/100\n|\n|t:|1700430944\n|switch|p2a: Slowking|Slowking-Galar, M|100\/100|[from] U-turn\n|-damage|p2a: Slowking|88\/100|[from] Spikes\n|-damage|p2a: Slowking|76\/100|[from] Stealth Rock\n|\n|upkeep\n|turn|41\n|\n|t:|1700430951\n|switch|p1a: Blissey|Blissey, F|76\/100\n|move|p2a: Slowking|Future Sight|p1a: Blissey\n|-start|p2a: Slowking|move: Future Sight\n|\n|upkeep\n|turn|42\n|\n|t:|1700430957\n|switch|p2a: Samurott|Samurott-Hisui, M|100\/100\n|move|p1a: Blissey|Seismic Toss|p2a: Samurott\n|-damage|p2a: Samurott|69\/100\n|\n|upkeep\n|turn|43\n|\n|t:|1700430965\n|move|p1a: Blissey|Protect|p1a: Blissey\n|-singleturn|p1a: Blissey|Protect\n|move|p2a: Samurott|Aqua Cutter|p1a: Blissey\n|-activate|p1a: Blissey|move: Protect\n|\n|-end|p1a: Blissey|move: Future Sight\n|-damage|p1a: Blissey|65\/100\n|upkeep\n|turn|44\n|\n|t:|1700430971\n|switch|p1a: Alomomola|Alomomola, M|100\/100\n|-damage|p1a: Alomomola|76\/100|[from] Spikes\n|move|p2a: Samurott|Flip Turn|p1a: Alomomola\n|-resisted|p1a: Alomomola\n|-damage|p1a: Alomomola|68\/100\n|\n|t:|1700430980\n|switch|p2a: Zapdos|Zapdos|94\/100 brn|[from] Flip Turn\n|\n|-damage|p2a: Zapdos|88\/100 brn|[from] brn\n|upkeep\n|turn|45\n|\n|t:|1700430986\n|switch|p1a: Clodsire|Clodsire, M|93\/100\n|move|p2a: Zapdos|Hurricane|p1a: Clodsire\n|-damage|p1a: Clodsire|69\/100\n|\n|-damage|p2a: Zapdos|82\/100 brn|[from] brn\n|upkeep\n|turn|46\n|\n|t:|1700430993\n|move|p2a: Zapdos|U-turn|p1a: Clodsire\n|-resisted|p1a: Clodsire\n|-damage|p1a: Clodsire|66\/100\n|\n|t:|1700431001\n|switch|p2a: Slowking|Slowking-Galar, M|100\/100|[from] U-turn\n|-damage|p2a: Slowking|88\/100|[from] Spikes\n|-damage|p2a: Slowking|76\/100|[from] Stealth Rock\n|move|p1a: Clodsire|Spikes|p2a: Slowking\n|-sidestart|p2: Juneheat|Spikes\n|\n|upkeep\n|turn|47\n|\n|t:|1700431008\n|move|p2a: Slowking|Future Sight|p1a: Clodsire\n|-start|p2a: Slowking|move: Future Sight\n|move|p1a: Clodsire|Recover|p1a: Clodsire\n|-heal|p1a: Clodsire|100\/100\n|\n|upkeep\n|turn|48\n|\n|t:|1700431013\n|switch|p1a: Blissey|Blissey, F|65\/100\n|move|p2a: Slowking|Chilly Reception|p2a: Slowking\n|-weather|Snow\n|\n|t:|1700431018\n|switch|p2a: Samurott|Samurott-Hisui, M|69\/100|[from] Chilly Reception\n|\n|-weather|Snow|[upkeep]\n|upkeep\n|turn|49\n|\n|t:|1700431023\n|move|p1a: Blissey|Protect|p1a: Blissey\n|-singleturn|p1a: Blissey|Protect\n|move|p2a: Samurott|Ceaseless Edge|p1a: Blissey\n|-activate|p1a: Blissey|move: Protect\n|\n|-weather|Snow|[upkeep]\n|-end|p1a: Blissey|move: Future Sight\n|-damage|p1a: Blissey|53\/100\n|upkeep\n|turn|50\n|\n|t:|1700431028\n|switch|p1a: Alomomola|Alomomola, M|100\/100\n|-damage|p1a: Alomomola|76\/100|[from] Spikes\n|move|p2a: Samurott|Ceaseless Edge|p1a: Alomomola\n|-damage|p1a: Alomomola|52\/100\n|\n|-weather|Snow|[upkeep]\n|upkeep\n|turn|51\n|\n|t:|1700431036\n|move|p2a: Samurott|Flip Turn|p1a: Alomomola\n|-resisted|p1a: Alomomola\n|-damage|p1a: Alomomola|45\/100\n|\n|t:|1700431049\n|switch|p2a: Zapdos|Zapdos|82\/100 brn|[from] Flip Turn\n|move|p1a: Alomomola|Wish|p1a: Alomomola\n|\n|-weather|Snow|[upkeep]\n|-damage|p2a: Zapdos|75\/100 brn|[from] brn\n|upkeep\n|turn|52\n|\n|t:|1700431055\n|switch|p1a: Clefable|Clefable, F|69\/100\n|move|p2a: Zapdos|U-turn|p1a: Clefable\n|-resisted|p1a: Clefable\n|-damage|p1a: Clefable|67\/100\n|\n|t:|1700431062\n|switch|p2a: Slowking|Slowking-Galar, M|100\/100|[from] U-turn\n|-damage|p2a: Slowking|84\/100|[from] Spikes\n|-damage|p2a: Slowking|72\/100|[from] Stealth Rock\n|\n|-weather|none\n|-heal|p1a: Clefable|100\/100|[from] move: Wish|[wisher] Alomomola\n|upkeep\n|turn|53\n|\n|t:|1700431068\n|switch|p1a: Blissey|Blissey, F|53\/100\n|move|p2a: Slowking|Chilly Reception|p2a: Slowking\n|-weather|Snow\n|\n|t:|1700431076\n|switch|p2a: Samurott|Samurott-Hisui, M|69\/100|[from] Chilly Reception\n|\n|-weather|Snow|[upkeep]\n|upkeep\n|turn|54\n|\n|t:|1700431083\n|switch|p1a: Amoonguss|Amoonguss, M|100\/100\n|move|p2a: Samurott|Ceaseless Edge|p1a: Amoonguss\n|-damage|p1a: Amoonguss|68\/100\n|\n|-weather|Snow|[upkeep]\n|upkeep\n|turn|55\n|\n|t:|1700431089\n|move|p2a: Samurott|Flip Turn|p1a: Amoonguss\n|-resisted|p1a: Amoonguss\n|-damage|p1a: Amoonguss|58\/100\n|\n|t:|1700431093\n|switch|p2a: Gholdengo|Gholdengo|100\/100|[from] Flip Turn\n|-damage|p2a: Gholdengo|94\/100|[from] Stealth Rock\n|-item|p2a: Gholdengo|Air Balloon\n|move|p1a: Amoonguss|Toxic|p2a: Gholdengo\n|-immune|p2a: Gholdengo|[from] ability: Good as Gold\n|\n|-weather|Snow|[upkeep]\n|upkeep\n|turn|56\n|\n|t:|1700431102\n|switch|p1a: Clodsire|Clodsire, M|100\/100\n|move|p2a: Gholdengo|Make It Rain|p1a: Clodsire\n|-damage|p1a: Clodsire|74\/100\n|-unboost|p2a: Gholdengo|spa|1\n|\n|-weather|Snow|[upkeep]\n|upkeep\n|turn|57\n|\n|t:|1700431113\n|move|p2a: Gholdengo|Shadow Ball|p1a: Clodsire\n|-damage|p1a: Clodsire|55\/100\n|move|p1a: Clodsire|Amnesia|p1a: Clodsire\n|-boost|p1a: Clodsire|spd|2\n|\n|-weather|none\n|upkeep\n|turn|58\n|\n|t:|1700431123\n|switch|p2a: Samurott|Samurott-Hisui, M|69\/100\n|move|p1a: Clodsire|Recover|p1a: Clodsire\n|-heal|p1a: Clodsire|100\/100\n|\n|upkeep\n|turn|59\n|\n|t:|1700431131\n|switch|p1a: Amoonguss|Amoonguss, M|91\/100\n|move|p2a: Samurott|Ceaseless Edge|p1a: Amoonguss\n|-damage|p1a: Amoonguss|61\/100\n|\n|upkeep\n|turn|60\n|\n|t:|1700431139\n|move|p2a: Samurott|Flip Turn|p1a: Amoonguss\n|-resisted|p1a: Amoonguss\n|-damage|p1a: Amoonguss|51\/100\n|\n|t:|1700431143\n|switch|p2a: Zapdos|Zapdos|75\/100 brn|[from] Flip Turn\n|move|p1a: Amoonguss|Giga Drain|p2a: Zapdos\n|-resisted|p2a: Zapdos\n|-damage|p2a: Zapdos|65\/100 brn\n|-heal|p1a: Amoonguss|56\/100|[from] drain|[of] p2a: Zapdos\n|\n|-damage|p2a: Zapdos|58\/100 brn|[from] brn\n|upkeep\n|turn|61\n|\n|t:|1700431154\n|switch|p1a: Clodsire|Clodsire, M|100\/100\n|move|p2a: Zapdos|U-turn|p1a: Clodsire\n|-resisted|p1a: Clodsire\n|-damage|p1a: Clodsire|97\/100\n|\n|t:|1700431161\n|switch|p2a: Samurott|Samurott-Hisui, M|69\/100|[from] U-turn\n|\n|upkeep\n|turn|62\n|\n|t:|1700431169\n|switch|p1a: Clefable|Clefable, F|100\/100\n|move|p2a: Samurott|Ceaseless Edge|p1a: Clefable\n|-resisted|p1a: Clefable\n|-damage|p1a: Clefable|83\/100\n|\n|-heal|p1a: Clefable|89\/100|[from] item: Leftovers\n|upkeep\n|turn|63\n|\n|t:|1700431174\n|move|p2a: Samurott|Flip Turn|p1a: Clefable\n|-damage|p1a: Clefable|66\/100\n|\n|t:|1700431187\n|switch|p2a: Slowking|Slowking-Galar, M|100\/100|[from] Flip Turn\n|-damage|p2a: Slowking|84\/100|[from] Spikes\n|-damage|p2a: Slowking|72\/100|[from] Stealth Rock\n|move|p1a: Clefable|Knock Off|p2a: Slowking\n|-supereffective|p2a: Slowking\n|-damage|p2a: Slowking|50\/100\n|\n|-heal|p1a: Clefable|72\/100|[from] item: Leftovers\n|upkeep\n|turn|64\n|\n|t:|1700431193\n|move|p1a: Clefable|Protect|p1a: Clefable\n|-singleturn|p1a: Clefable|Protect\n|move|p2a: Slowking|Chilly Reception|p2a: Slowking\n|-weather|Snow\n|\n|t:|1700431197\n|switch|p2a: Gholdengo|Gholdengo|94\/100|[from] Chilly Reception\n|-damage|p2a: Gholdengo|88\/100|[from] Stealth Rock\n|-item|p2a: Gholdengo|Air Balloon\n|\n|-weather|Snow|[upkeep]\n|-heal|p1a: Clefable|78\/100|[from] item: Leftovers\n|upkeep\n|turn|65\n|\n|t:|1700431208\n|switch|p1a: Clodsire|Clodsire, M|97\/100\n|move|p2a: Gholdengo|Shadow Ball|p1a: Clodsire\n|-damage|p1a: Clodsire|76\/100\n|-unboost|p1a: Clodsire|spd|1\n|\n|-weather|Snow|[upkeep]\n|upkeep\n|turn|66\n|\n|t:|1700431216\n|switch|p1a: Blissey|Blissey, F|53\/100\n|move|p2a: Gholdengo|Make It Rain|p1a: Blissey\n|-damage|p1a: Blissey|38\/100\n|-unboost|p2a: Gholdengo|spa|1\n|\n|-weather|Snow|[upkeep]\n|upkeep\n|turn|67\n|\n|t:|1700431220\n|move|p2a: Gholdengo|Nasty Plot|p2a: Gholdengo\n|-boost|p2a: Gholdengo|spa|2\n|move|p1a: Blissey|Soft-Boiled|p1a: Blissey\n|-heal|p1a: Blissey|88\/100\n|\n|-weather|Snow|[upkeep]\n|upkeep\n|turn|68\n|\n|t:|1700431227\n|switch|p1a: Clodsire|Clodsire, M|76\/100\n|move|p2a: Gholdengo|Make It Rain|p1a: Clodsire\n|-damage|p1a: Clodsire|50\/100\n|-unboost|p2a: Gholdengo|spa|1\n|\n|-weather|none\n|upkeep\n|turn|69\n|\n|t:|1700431232\n|move|p2a: Gholdengo|Shadow Ball|p1a: Clodsire\n|-damage|p1a: Clodsire|33\/100\n|move|p1a: Clodsire|Amnesia|p1a: Clodsire\n|-boost|p1a: Clodsire|spd|2\n|\n|upkeep\n|turn|70\n|\n|t:|1700431240\n|move|p2a: Gholdengo|Shadow Ball|p1a: Clodsire\n|-damage|p1a: Clodsire|23\/100\n|move|p1a: Clodsire|Recover|p1a: Clodsire\n|-heal|p1a: Clodsire|73\/100\n|\n|upkeep\n|turn|71\n|\n|t:|1700431248\n|switch|p2a: Samurott|Samurott-Hisui, M|69\/100\n|move|p1a: Clodsire|Spikes|p2a: Samurott\n|-sidestart|p2: Juneheat|Spikes\n|\n|upkeep\n|turn|72\n|\n|t:|1700431254\n|switch|p1a: Amoonguss|Amoonguss, M|89\/100\n|move|p2a: Samurott|Ceaseless Edge|p1a: Amoonguss\n|-damage|p1a: Amoonguss|58\/100\n|\n|upkeep\n|turn|73\n|\n|t:|1700431259\n|move|p2a: Samurott|Flip Turn|p1a: Amoonguss\n|-resisted|p1a: Amoonguss\n|-damage|p1a: Amoonguss|49\/100\n|\n|t:|1700431263\n|switch|p2a: Zapdos|Zapdos|58\/100 brn|[from] Flip Turn\n|move|p1a: Amoonguss|Giga Drain|p2a: Zapdos\n|-resisted|p2a: Zapdos\n|-damage|p2a: Zapdos|48\/100 brn\n|-heal|p1a: Amoonguss|53\/100|[from] drain|[of] p2a: Zapdos\n|\n|-damage|p2a: Zapdos|42\/100 brn|[from] brn\n|upkeep\n|turn|74\n|\n|t:|1700431271\n|switch|p1a: Clodsire|Clodsire, M|73\/100\n|move|p2a: Zapdos|Roost|p2a: Zapdos\n|-heal|p2a: Zapdos|92\/100 brn\n|-singleturn|p2a: Zapdos|move: Roost\n|\n|-damage|p2a: Zapdos|86\/100 brn|[from] brn\n|upkeep\n|turn|75\n|\n|t:|1700431277\n|move|p2a: Zapdos|U-turn|p1a: Clodsire\n|-resisted|p1a: Clodsire\n|-damage|p1a: Clodsire|69\/100\n|\n|t:|1700431283\n|switch|p2a: Gholdengo|Gholdengo|88\/100|[from] U-turn\n|-damage|p2a: Gholdengo|82\/100|[from] Stealth Rock\n|-item|p2a: Gholdengo|Air Balloon\n|move|p1a: Clodsire|Recover|p1a: Clodsire\n|-heal|p1a: Clodsire|100\/100\n|\n|upkeep\n|turn|76\n|\n|t:|1700431292\n|move|p2a: Gholdengo|Shadow Ball|p1a: Clodsire\n|-damage|p1a: Clodsire|82\/100\n|move|p1a: Clodsire|Amnesia|p1a: Clodsire\n|-boost|p1a: Clodsire|spd|2\n|\n|upkeep\n|turn|77\n|\n|t:|1700431300\n|switch|p2a: Zapdos|Zapdos|86\/100 brn\n|move|p1a: Clodsire|Poison Jab|p2a: Zapdos\n|-damage|p2a: Zapdos|64\/100 brn\n|\n|-damage|p2a: Zapdos|58\/100 brn|[from] brn\n|upkeep\n|turn|78\n|\n|t:|1700431308\n|move|p2a: Zapdos|Roost|p2a: Zapdos\n|-heal|p2a: Zapdos|100\/100 brn\n|-singleturn|p2a: Zapdos|move: Roost\n|move|p1a: Clodsire|Poison Jab|p2a: Zapdos\n|-damage|p2a: Zapdos|81\/100 brn\n|\n|-damage|p2a: Zapdos|75\/100 brn|[from] brn\n|upkeep\n|turn|79\n|\n|t:|1700431316\n|move|p2a: Zapdos|U-turn|p1a: Clodsire\n|-resisted|p1a: Clodsire\n|-damage|p1a: Clodsire|78\/100\n|\n|t:|1700431320\n|switch|p2a: Slowking|Slowking-Galar, M|83\/100|[from] U-turn\n|-damage|p2a: Slowking|59\/100|[from] Spikes\n|-damage|p2a: Slowking|46\/100|[from] Stealth Rock\n|move|p1a: Clodsire|Poison Jab|p2a: Slowking\n|-resisted|p2a: Slowking\n|-damage|p2a: Slowking|34\/100\n|\n|upkeep\n|turn|80\n|\n|t:|1700431330\n|switch|p1a: Blissey|Blissey, F|88\/100\n|move|p2a: Slowking|Chilly Reception|p2a: Slowking\n|-weather|Snow\n|\n|t:|1700431333\n|switch|p2a: Samurott|Samurott-Hisui, M|69\/100|[from] Chilly Reception\n|\n|-weather|Snow|[upkeep]\n|upkeep\n|turn|81\n|\n|t:|1700431340\n|move|p1a: Blissey|Protect|p1a: Blissey\n|-singleturn|p1a: Blissey|Protect\n|move|p2a: Samurott|Aqua Cutter|p1a: Blissey\n|-activate|p1a: Blissey|move: Protect\n|\n|-weather|Snow|[upkeep]\n|upkeep\n|turn|82\n|\n|t:|1700431345\n|switch|p1a: Amoonguss|Amoonguss, M|86\/100\n|move|p2a: Samurott|Ceaseless Edge|p1a: Amoonguss\n|-damage|p1a: Amoonguss|55\/100\n|\n|-weather|Snow|[upkeep]\n|upkeep\n|turn|83\n|\n|t:|1700431352\n|move|p2a: Samurott|Flip Turn|p1a: Amoonguss\n|-resisted|p1a: Amoonguss\n|-damage|p1a: Amoonguss|45\/100\n|\n|t:|1700431357\n|switch|p2a: Gholdengo|Gholdengo|82\/100|[from] Flip Turn\n|-damage|p2a: Gholdengo|76\/100|[from] Stealth Rock\n|-item|p2a: Gholdengo|Air Balloon\n|move|p1a: Amoonguss|Giga Drain|p2a: Gholdengo\n|-resisted|p2a: Gholdengo\n|-damage|p2a: Gholdengo|65\/100\n|-heal|p1a: Amoonguss|50\/100|[from] drain|[of] p2a: Gholdengo\n|-enditem|p2a: Gholdengo|Air Balloon\n|\n|-weather|Snow|[upkeep]\n|upkeep\n|turn|84\n|\n|t:|1700431367\n|switch|p1a: Blissey|Blissey, F|88\/100\n|move|p2a: Gholdengo|Recover|p2a: Gholdengo\n|-heal|p2a: Gholdengo|100\/100\n|\n|-weather|none\n|upkeep\n|turn|85\n|\n|t:|1700431373\n|switch|p1a: Clodsire|Clodsire, M|78\/100\n|move|p2a: Gholdengo|Nasty Plot|p2a: Gholdengo\n|-boost|p2a: Gholdengo|spa|2\n|\n|upkeep\n|turn|86\n|\n|t:|1700431377\n|move|p2a: Gholdengo|Shadow Ball|p1a: Clodsire\n|-damage|p1a: Clodsire|60\/100\n|move|p1a: Clodsire|Amnesia|p1a: Clodsire\n|-boost|p1a: Clodsire|spd|2\n|\n|upkeep\n|turn|87\n|\n|t:|1700431383\n|move|p2a: Gholdengo|Shadow Ball|p1a: Clodsire\n|-damage|p1a: Clodsire|50\/100\n|-unboost|p1a: Clodsire|spd|1\n|move|p1a: Clodsire|Poison Jab|p2a: Gholdengo\n|-immune|p2a: Gholdengo\n|\n|upkeep\n|turn|88\n|\n|t:|1700431391\n|move|p2a: Gholdengo|Shadow Ball|p1a: Clodsire\n|-damage|p1a: Clodsire|37\/100\n|move|p1a: Clodsire|Amnesia|p1a: Clodsire\n|-boost|p1a: Clodsire|spd|2\n|\n|upkeep\n|turn|89\n|\n|t:|1700431397\n|switch|p2a: Samurott|Samurott-Hisui, M|69\/100\n|move|p1a: Clodsire|Recover|p1a: Clodsire\n|-heal|p1a: Clodsire|87\/100\n|\n|upkeep\n|turn|90\n|\n|t:|1700431403\n|switch|p1a: Clefable|Clefable, F|78\/100\n|move|p2a: Samurott|Flip Turn|p1a: Clefable\n|-damage|p1a: Clefable|58\/100\n|\n|t:|1700431419\n|switch|p2a: Gholdengo|Gholdengo|100\/100|[from] Flip Turn\n|-damage|p2a: Gholdengo|76\/100|[from] Spikes\n|-damage|p2a: Gholdengo|69\/100|[from] Stealth Rock\n|\n|-heal|p1a: Clefable|64\/100|[from] item: Leftovers\n|upkeep\n|turn|91\n|\n|t:|1700431427\n|switch|p1a: Clodsire|Clodsire, M|87\/100\n|move|p2a: Gholdengo|Make It Rain|p1a: Clodsire\n|-damage|p1a: Clodsire|58\/100\n|-unboost|p2a: Gholdengo|spa|1\n|\n|upkeep\n|turn|92\n|\n|t:|1700431431\n|move|p2a: Gholdengo|Recover|p2a: Gholdengo\n|-heal|p2a: Gholdengo|100\/100\n|move|p1a: Clodsire|Amnesia|p1a: Clodsire\n|-boost|p1a: Clodsire|spd|2\n|\n|upkeep\n|turn|93\n|\n|t:|1700431435\n|move|p2a: Gholdengo|Shadow Ball|p1a: Clodsire\n|-damage|p1a: Clodsire|48\/100\n|-unboost|p1a: Clodsire|spd|1\n|move|p1a: Clodsire|Amnesia|p1a: Clodsire\n|-boost|p1a: Clodsire|spd|2\n|\n|upkeep\n|turn|94\n|\n|t:|1700431443\n|switch|p2a: Samurott|Samurott-Hisui, M|69\/100\n|move|p1a: Clodsire|Recover|p1a: Clodsire\n|-heal|p1a: Clodsire|98\/100\n|\n|upkeep\n|turn|95\n|\n|t:|1700431450\n|switch|p1a: Amoonguss|Amoonguss, M|83\/100\n|move|p2a: Samurott|Flip Turn|p1a: Amoonguss\n|-resisted|p1a: Amoonguss\n|-crit|p1a: Amoonguss\n|-damage|p1a: Amoonguss|67\/100\n|\n|t:|1700431463\n|switch|p2a: Weavile|Weavile, M|100\/100|[from] Flip Turn\n|\n|upkeep\n|turn|96\n|l| Ctannn\n|\n|t:|1700431475\n|move|p2a: Weavile|Knock Off|p1a: Amoonguss\n|-damage|p1a: Amoonguss|33\/100\n|-enditem|p1a: Amoonguss|Heavy-Duty Boots|[from] move: Knock Off|[of] p2a: Weavile\n|move|p1a: Amoonguss|Toxic|p2a: Weavile\n|-status|p2a: Weavile|tox\n|\n|-damage|p2a: Weavile|94\/100 tox|[from] psn\n|upkeep\n|turn|97\n|\n|t:|1700431488\n|switch|p1a: Alomomola|Alomomola, M|78\/100\n|-damage|p1a: Alomomola|53\/100|[from] Spikes\n|move|p2a: Weavile|Knock Off|p1a: Alomomola\n|-damage|p1a: Alomomola|35\/100\n|\n|-damage|p2a: Weavile|82\/100 tox|[from] psn\n|upkeep\n|turn|98\n|\n|t:|1700431498\n|move|p2a: Weavile|Icicle Crash|p1a: Alomomola\n|-resisted|p1a: Alomomola\n|-damage|p1a: Alomomola|25\/100\n|cant|p1a: Alomomola|flinch\n|\n|-damage|p2a: Weavile|64\/100 tox|[from] psn\n|upkeep\n|turn|99\n|\n|t:|1700431507\n|switch|p2a: Slowking|Slowking-Galar, M|67\/100\n|-damage|p2a: Slowking|42\/100|[from] Spikes\n|-damage|p2a: Slowking|30\/100|[from] Stealth Rock\n|move|p1a: Alomomola|Wish|p1a: Alomomola\n|\n|upkeep\n|turn|100\n|\n|t:|1700431513\n|move|p1a: Alomomola|Protect|p1a: Alomomola\n|-singleturn|p1a: Alomomola|Protect\n|move|p2a: Slowking|Chilly Reception|p2a: Slowking\n|-weather|Snow\n|\n|t:|1700431518\n|switch|p2a: Zapdos|Zapdos|75\/100 brn|[from] Chilly Reception\n|\n|-weather|Snow|[upkeep]\n|-heal|p1a: Alomomola|75\/100|[from] move: Wish|[wisher] Alomomola\n|-damage|p2a: Zapdos|68\/100 brn|[from] brn\n|upkeep\n|turn|101\n|\n|t:|1700431528\n|switch|p1a: Amoonguss|Amoonguss, M|66\/100\n|-damage|p1a: Amoonguss|41\/100|[from] Spikes\n|move|p2a: Zapdos|U-turn|p1a: Amoonguss\n|-damage|p1a: Amoonguss|36\/100\n|\n|t:|1700431538\n|switch|p2a: Gholdengo|Gholdengo|100\/100|[from] U-turn\n|-damage|p2a: Gholdengo|76\/100|[from] Spikes\n|-damage|p2a: Gholdengo|69\/100|[from] Stealth Rock\n|\n|-weather|Snow|[upkeep]\n|upkeep\n|turn|102\n|\n|t:|1700431544\n|switch|p1a: Blissey|Blissey, F|88\/100\n|move|p2a: Gholdengo|Shadow Ball|p1a: Blissey\n|-immune|p1a: Blissey\n|\n|-weather|Snow|[upkeep]\n|upkeep\n|turn|103\n|\n|t:|1700431551\n|switch|p1a: Clodsire|Clodsire, M|98\/100\n|move|p2a: Gholdengo|Nasty Plot|p2a: Gholdengo\n|-boost|p2a: Gholdengo|spa|2\n|\n|-weather|Snow|[upkeep]\n|upkeep\n|turn|104\n|\n|t:|1700431555\n|move|p2a: Gholdengo|Shadow Ball|p1a: Clodsire\n|-damage|p1a: Clodsire|80\/100\n|-unboost|p1a: Clodsire|spd|1\n|move|p1a: Clodsire|Amnesia|p1a: Clodsire\n|-boost|p1a: Clodsire|spd|2\n|\n|-weather|none\n|upkeep\n|turn|105\n|\n|t:|1700431570\n|switch|p2a: Slowking|Slowking-Galar, M|63\/100\n|-damage|p2a: Slowking|38\/100|[from] Spikes\n|-damage|p2a: Slowking|26\/100|[from] Stealth Rock\n|move|p1a: Clodsire|Poison Jab|p2a: Slowking\n|-resisted|p2a: Slowking\n|-damage|p2a: Slowking|14\/100\n|\n|upkeep\n|turn|106\n|\n|t:|1700431577\n|switch|p1a: Blissey|Blissey, F|88\/100\n|move|p2a: Slowking|Earthquake|p1a: Blissey\n|-damage|p1a: Blissey|58\/100\n|\n|upkeep\n|turn|107\n|\n|t:|1700431587\n|switch|p2a: Gholdengo|Gholdengo|69\/100\n|-damage|p2a: Gholdengo|45\/100|[from] Spikes\n|-damage|p2a: Gholdengo|38\/100|[from] Stealth Rock\n|move|p1a: Blissey|Soft-Boiled|p1a: Blissey\n|-heal|p1a: Blissey|100\/100\n|\n|upkeep\n|turn|108\n|\n|t:|1700431591\n|move|p2a: Gholdengo|Recover|p2a: Gholdengo\n|-heal|p2a: Gholdengo|89\/100\n|move|p1a: Blissey|Seismic Toss|p2a: Gholdengo\n|-immune|p2a: Gholdengo\n|\n|upkeep\n|turn|109\n|\n|t:|1700431599\n|move|p2a: Gholdengo|Nasty Plot|p2a: Gholdengo\n|-boost|p2a: Gholdengo|spa|2\n|move|p1a: Blissey|Seismic Toss|p2a: Gholdengo\n|-immune|p2a: Gholdengo\n|\n|upkeep\n|turn|110\n|\n|t:|1700431606\n|move|p1a: Blissey|Protect|p1a: Blissey\n|-singleturn|p1a: Blissey|Protect\n|move|p2a: Gholdengo|Nasty Plot|p2a: Gholdengo\n|-boost|p2a: Gholdengo|spa|2\n|\n|upkeep\n|turn|111\n|\n|t:|1700431611\n|switch|p1a: Clodsire|Clodsire, M|80\/100\n|move|p2a: Gholdengo|Nasty Plot|p2a: Gholdengo\n|-boost|p2a: Gholdengo|spa|2\n|\n|upkeep\n|turn|112\n|\n|t:|1700431617\n|move|p2a: Gholdengo|Shadow Ball|p1a: Clodsire\n|-damage|p1a: Clodsire|63\/100\n|move|p1a: Clodsire|Amnesia|p1a: Clodsire\n|-boost|p1a: Clodsire|spd|2\n|\n|upkeep\n|turn|113\n|\n|t:|1700431621\n|move|p2a: Gholdengo|Shadow Ball|p1a: Clodsire\n|-damage|p1a: Clodsire|53\/100\n|move|p1a: Clodsire|Poison Jab|p2a: Gholdengo\n|-immune|p2a: Gholdengo\n|\n|upkeep\n|turn|114\n|\n|t:|1700431628\n|move|p2a: Gholdengo|Shadow Ball|p1a: Clodsire\n|-damage|p1a: Clodsire|43\/100\n|move|p1a: Clodsire|Amnesia|p1a: Clodsire\n|-boost|p1a: Clodsire|spd|2\n|\n|upkeep\n|turn|115\n|\n|t:|1700431635\n|move|p2a: Gholdengo|Nasty Plot|p2a: Gholdengo\n|-boost|p2a: Gholdengo|spa|0\n|move|p1a: Clodsire|Recover|p1a: Clodsire\n|-heal|p1a: Clodsire|93\/100\n|\n|upkeep\n|turn|116\n|\n|t:|1700431643\n|switch|p2a: Slowking|Slowking-Galar, M|47\/100\n|-damage|p2a: Slowking|23\/100|[from] Spikes\n|-damage|p2a: Slowking|10\/100|[from] Stealth Rock\n|move|p1a: Clodsire|Poison Jab|p2a: Slowking\n|-resisted|p2a: Slowking\n|-damage|p2a: Slowking|0 fnt\n|faint|p2a: Slowking\n|\n|upkeep\n|\n|t:|1700431648\n|switch|p2a: Samurott|Samurott-Hisui, M|69\/100\n|turn|117\n|\n|t:|1700431654\n|switch|p1a: Alomomola|Alomomola, M|100\/100\n|-damage|p1a: Alomomola|76\/100|[from] Spikes\n|move|p2a: Samurott|Flip Turn|p1a: Alomomola\n|-resisted|p1a: Alomomola\n|-damage|p1a: Alomomola|68\/100\n|l| 0SiegeWarfare\n|\n|t:|1700431657\n|switch|p2a: Zapdos|Zapdos|68\/100 brn|[from] Flip Turn\n|\n|-damage|p2a: Zapdos|62\/100 brn|[from] brn\n|upkeep\n|turn|118\n|\n|t:|1700431662\n|switch|p1a: Amoonguss|Amoonguss, M|70\/100\n|-damage|p1a: Amoonguss|45\/100|[from] Spikes\n|move|p2a: Zapdos|Hurricane|p1a: Amoonguss|[miss]\n|-miss|p2a: Zapdos|p1a: Amoonguss\n|\n|-damage|p2a: Zapdos|56\/100 brn|[from] brn\n|upkeep\n|turn|119\n|\n|t:|1700431668\n|switch|p1a: Blissey|Blissey, F|100\/100\n|move|p2a: Zapdos|Hurricane|p1a: Blissey\n|-damage|p1a: Blissey|88\/100\n|\n|-damage|p2a: Zapdos|50\/100 brn|[from] brn\n|upkeep\n|turn|120\n|\n|t:|1700431675\n|move|p2a: Zapdos|U-turn|p1a: Blissey\n|-damage|p1a: Blissey|75\/100\n|\n|t:|1700431685\n|switch|p2a: Gholdengo|Gholdengo|89\/100|[from] U-turn\n|-damage|p2a: Gholdengo|64\/100|[from] Spikes\n|-damage|p2a: Gholdengo|58\/100|[from] Stealth Rock\n|move|p1a: Blissey|Seismic Toss|p2a: Gholdengo\n|-immune|p2a: Gholdengo\n|\n|upkeep\n|turn|121\n|\n|t:|1700431688\n|switch|p1a: Alomomola|Alomomola, M|100\/100\n|-damage|p1a: Alomomola|76\/100|[from] Spikes\n|move|p2a: Gholdengo|Recover|p2a: Gholdengo\n|-heal|p2a: Gholdengo|100\/100\n|\n|upkeep\n|turn|122\n|\n|t:|1700431693\n|move|p2a: Gholdengo|Shadow Ball|p1a: Alomomola\n|-damage|p1a: Alomomola|30\/100\n|move|p1a: Alomomola|Wish|p1a: Alomomola\n|\n|upkeep\n|turn|123\n|\n|t:|1700431698\n|switch|p1a: Clodsire|Clodsire, M|93\/100\n|move|p2a: Gholdengo|Nasty Plot|p2a: Gholdengo\n|-boost|p2a: Gholdengo|spa|2\n|\n|-heal|p1a: Clodsire|100\/100|[from] move: Wish|[wisher] Alomomola\n|upkeep\n|turn|124\n|\n|t:|1700431703\n|switch|p2a: Zapdos|Zapdos|50\/100 brn\n|move|p1a: Clodsire|Amnesia|p1a: Clodsire\n|-boost|p1a: Clodsire|spd|2\n|\n|-damage|p2a: Zapdos|43\/100 brn|[from] brn\n|upkeep\n|turn|125\n|\n|t:|1700431708\n|move|p2a: Zapdos|Roost|p2a: Zapdos\n|-heal|p2a: Zapdos|93\/100 brn\n|-singleturn|p2a: Zapdos|move: Roost\n|move|p1a: Clodsire|Poison Jab|p2a: Zapdos\n|-damage|p2a: Zapdos|74\/100 brn\n|\n|-damage|p2a: Zapdos|68\/100 brn|[from] brn\n|upkeep\n|turn|126\n|\n|t:|1700431716\n|move|p2a: Zapdos|U-turn|p1a: Clodsire\n|-resisted|p1a: Clodsire\n|-damage|p1a: Clodsire|97\/100\n|\n|t:|1700431721\n|switch|p2a: Gholdengo|Gholdengo|100\/100|[from] U-turn\n|-damage|p2a: Gholdengo|76\/100|[from] Spikes\n|-damage|p2a: Gholdengo|69\/100|[from] Stealth Rock\n|move|p1a: Clodsire|Poison Jab|p2a: Gholdengo\n|-immune|p2a: Gholdengo\n|\n|upkeep\n|turn|127\n|\n|t:|1700431739\n|switch|p2a: Samurott|Samurott-Hisui, M|69\/100\n|move|p1a: Clodsire|Poison Jab|p2a: Samurott\n|-damage|p2a: Samurott|39\/100\n|\n|upkeep\n|turn|128\n|\n|t:|1700431762\n|switch|p1a: Clefable|Clefable, F|64\/100\n|move|p2a: Samurott|Ceaseless Edge|p1a: Clefable\n|-resisted|p1a: Clefable\n|-damage|p1a: Clefable|48\/100\n|\n|-heal|p1a: Clefable|54\/100|[from] item: Leftovers\n|upkeep\n|turn|129\n|\n|t:|1700431770\n|move|p2a: Samurott|Flip Turn|p1a: Clefable\n|-damage|p1a: Clefable|34\/100\n|\n|t:|1700431775\n|switch|p2a: Gholdengo|Gholdengo|69\/100|[from] Flip Turn\n|-damage|p2a: Gholdengo|45\/100|[from] Spikes\n|-damage|p2a: Gholdengo|38\/100|[from] Stealth Rock\n|move|p1a: Clefable|Wish|p1a: Clefable\n|\n|-heal|p1a: Clefable|40\/100|[from] item: Leftovers\n|upkeep\n|turn|130\n|j|+Shellnuts\n|\n|t:|1700431783\n|move|p1a: Clefable|Protect|p1a: Clefable\n|-singleturn|p1a: Clefable|Protect\n|move|p2a: Gholdengo|Recover|p2a: Gholdengo\n|-heal|p2a: Gholdengo|89\/100\n|\n|-heal|p1a: Clefable|90\/100|[from] move: Wish|[wisher] Clefable\n|-heal|p1a: Clefable|96\/100|[from] item: Leftovers\n|upkeep\n|turn|131\n|\n|t:|1700431787\n|switch|p1a: Blissey|Blissey, F|75\/100\n|move|p2a: Gholdengo|Shadow Ball|p1a: Blissey\n|-immune|p1a: Blissey\n|\n|upkeep\n|turn|132\n|\n|t:|1700431792\n|switch|p1a: Clodsire|Clodsire, M|97\/100\n|move|p2a: Gholdengo|Nasty Plot|p2a: Gholdengo\n|-boost|p2a: Gholdengo|spa|2\n|\n|upkeep\n|turn|133\n|\n|t:|1700431797\n|switch|p2a: Samurott|Samurott-Hisui, M|39\/100\n|move|p1a: Clodsire|Amnesia|p1a: Clodsire\n|-boost|p1a: Clodsire|spd|2\n|\n|upkeep\n|turn|134\n|\n|t:|1700431811\n|switch|p1a: Clefable|Clefable, F|96\/100\n|move|p2a: Samurott|Flip Turn|p1a: Clefable\n|-crit|p1a: Clefable\n|-damage|p1a: Clefable|64\/100\n|\n|t:|1700431820\n|switch|p2a: Gholdengo|Gholdengo|89\/100|[from] Flip Turn\n|-damage|p2a: Gholdengo|64\/100|[from] Spikes\n|-damage|p2a: Gholdengo|58\/100|[from] Stealth Rock\n|\n|-heal|p1a: Clefable|70\/100|[from] item: Leftovers\n|upkeep\n|turn|135\n|\n|t:|1700431826\n|switch|p1a: Blissey|Blissey, F|75\/100\n|move|p2a: Gholdengo|Make It Rain|p1a: Blissey\n|-damage|p1a: Blissey|59\/100\n|-unboost|p2a: Gholdengo|spa|1\n|\n|upkeep\n|turn|136\n|\n|t:|1700431830\n|move|p2a: Gholdengo|Recover|p2a: Gholdengo\n|-heal|p2a: Gholdengo|100\/100\n|move|p1a: Blissey|Soft-Boiled|p1a: Blissey\n|-heal|p1a: Blissey|100\/100\n|\n|upkeep\n|turn|137\n|\n|t:|1700431837\n|switch|p2a: Samurott|Samurott-Hisui, M|39\/100\n|switch|p1a: Clodsire|Clodsire, M|97\/100\n|\n|upkeep\n|turn|138\n|\n|t:|1700431846\n|switch|p1a: Dondozo|Dondozo, M|100\/100\n|move|p2a: Samurott|Aqua Cutter|p1a: Dondozo\n|-resisted|p1a: Dondozo\n|-crit|p1a: Dondozo\n|-damage|p1a: Dondozo|85\/100\n|\n|upkeep\n|turn|139\n|\n|t:|1700431850\n|move|p2a: Samurott|Flip Turn|p1a: Dondozo\n|-resisted|p1a: Dondozo\n|-damage|p1a: Dondozo|78\/100\n|\n|t:|1700431854\n|switch|p2a: Zapdos|Zapdos|68\/100 brn|[from] Flip Turn\n|move|p1a: Dondozo|Body Press|p2a: Zapdos\n|-resisted|p2a: Zapdos\n|-damage|p2a: Zapdos|56\/100 brn\n|-status|p1a: Dondozo|par|[from] ability: Static|[of] p2a: Zapdos\n|\n|-damage|p2a: Zapdos|49\/100 brn|[from] brn\n|upkeep\n|turn|140\n|l|+Shellnuts\n|j|+Shellnuts\n|\n|t:|1700431861\n|switch|p1a: Blissey|Blissey, F|100\/100\n|move|p2a: Zapdos|U-turn|p1a: Blissey\n|-damage|p1a: Blissey|88\/100\n|l|+Shellnuts\n|\n|t:|1700431872\n|switch|p2a: Zamazenta|Zamazenta|100\/100|[from] U-turn\n|-damage|p2a: Zamazenta|76\/100|[from] Spikes\n|-damage|p2a: Zamazenta|70\/100|[from] Stealth Rock\n|-ability|p2a: Zamazenta|Dauntless Shield|boost\n|-boost|p2a: Zamazenta|def|1\n|\n|-heal|p2a: Zamazenta|76\/100|[from] item: Leftovers\n|upkeep\n|turn|141\n|\n|t:|1700431880\n|switch|p1a: Amoonguss|Amoonguss, M|78\/100\n|-damage|p1a: Amoonguss|53\/100|[from] Spikes\n|move|p2a: Zamazenta|Iron Defense|p2a: Zamazenta\n|-boost|p2a: Zamazenta|def|2\n|\n|-heal|p2a: Zamazenta|82\/100|[from] item: Leftovers\n|upkeep\n|turn|142\n|\n|t:|1700431884\n|move|p2a: Zamazenta|Body Press|p1a: Amoonguss\n|-resisted|p1a: Amoonguss\n|-damage|p1a: Amoonguss|20\/100\n|move|p1a: Amoonguss|Toxic|p2a: Zamazenta\n|-status|p2a: Zamazenta|tox\n|\n|-heal|p2a: Zamazenta|88\/100 tox|[from] item: Leftovers\n|-damage|p2a: Zamazenta|82\/100 tox|[from] psn\n|upkeep\n|turn|143\n|\n|t:|1700431892\n|switch|p1a: Dondozo|Dondozo, M|78\/100 par\n|move|p2a: Zamazenta|Body Press|p1a: Dondozo\n|-damage|p1a: Dondozo|63\/100 par\n|\n|-heal|p2a: Zamazenta|88\/100 tox|[from] item: Leftovers\n|-damage|p2a: Zamazenta|76\/100 tox|[from] psn\n|upkeep\n|turn|144\n|\n|t:|1700431910\n|move|p2a: Zamazenta|Body Press|p1a: Dondozo\n|-damage|p1a: Dondozo|46\/100 par\n|move|p1a: Dondozo|Waterfall|p2a: Zamazenta\n|-damage|p2a: Zamazenta|55\/100 tox\n|\n|-heal|p2a: Zamazenta|61\/100 tox|[from] item: Leftovers\n|-damage|p2a: Zamazenta|43\/100 tox|[from] psn\n|upkeep\n|turn|145\n|\n|t:|1700431922\n|switch|p2a: Zapdos|Zapdos|49\/100 brn\n|move|p1a: Dondozo|Rest|p1a: Dondozo\n|-status|p1a: Dondozo|slp|[from] move: Rest\n|-heal|p1a: Dondozo|100\/100 slp|[silent]\n|\n|-damage|p2a: Zapdos|43\/100 brn|[from] brn\n|upkeep\n|turn|146\n|\n|t:|1700431928\n|switch|p1a: Blissey|Blissey, F|88\/100\n|move|p2a: Zapdos|U-turn|p1a: Blissey\n|-damage|p1a: Blissey|76\/100\n|\n|t:|1700431934\n|switch|p2a: Weavile|Weavile, M|64\/100 tox|[from] U-turn\n|\n|-damage|p2a: Weavile|58\/100 tox|[from] psn\n|upkeep\n|turn|147\n|\n|t:|1700431941\n|switch|p1a: Alomomola|Alomomola, M|64\/100\n|-damage|p1a: Alomomola|39\/100|[from] Spikes\n|move|p2a: Weavile|Knock Off|p1a: Alomomola\n|-damage|p1a: Alomomola|21\/100\n|\n|-damage|p2a: Weavile|46\/100 tox|[from] psn\n|upkeep\n|turn|148\n|inactive|Juneheat has 120 seconds left.\n|\n|t:|1700431981\n|move|p2a: Weavile|Icicle Crash|p1a: Alomomola|[miss]\n|-miss|p2a: Weavile|p1a: Alomomola\n|move|p1a: Alomomola|Wish|p1a: Alomomola\n|\n|-damage|p2a: Weavile|28\/100 tox|[from] psn\n|upkeep\n|turn|149\n|inactive|Juneheat has 90 seconds left.\n|\n|t:|1700432001\n|switch|p2a: Zapdos|Zapdos|43\/100 brn\n|move|p1a: Alomomola|Scald|p2a: Zapdos\n|-damage|p2a: Zapdos|29\/100 brn\n|\n|-heal|p1a: Alomomola|70\/100|[from] move: Wish|[wisher] Alomomola\n|-damage|p2a: Zapdos|23\/100 brn|[from] brn\n|upkeep\n|turn|150\n|\n|t:|1700432007\n|switch|p1a: Blissey|Blissey, F|76\/100\n|move|p2a: Zapdos|Roost|p2a: Zapdos\n|-heal|p2a: Zapdos|73\/100 brn\n|-singleturn|p2a: Zapdos|move: Roost\n|\n|-damage|p2a: Zapdos|66\/100 brn|[from] brn\n|upkeep\n|turn|151\n|\n|t:|1700432014\n|move|p2a: Zapdos|U-turn|p1a: Blissey\n|-damage|p1a: Blissey|63\/100\n|\n|t:|1700432016\n|switch|p2a: Zamazenta|Zamazenta|43\/100 tox|[from] U-turn\n|-damage|p2a: Zamazenta|18\/100 tox|[from] Spikes\n|-damage|p2a: Zamazenta|12\/100 tox|[from] Stealth Rock\n|move|p1a: Blissey|Seismic Toss|p2a: Zamazenta\n|-damage|p2a: Zamazenta|0 fnt\n|faint|p2a: Zamazenta\n|\n|upkeep\n|\n|t:|1700432028\n|switch|p2a: Samurott|Samurott-Hisui, M|39\/100\n|turn|152\n|\n|t:|1700432033\n|switch|p1a: Alomomola|Alomomola, M|100\/100\n|-damage|p1a: Alomomola|76\/100|[from] Spikes\n|move|p2a: Samurott|Flip Turn|p1a: Alomomola\n|-resisted|p1a: Alomomola\n|-damage|p1a: Alomomola|69\/100\n|\n|t:|1700432038\n|switch|p2a: Gholdengo|Gholdengo|100\/100|[from] Flip Turn\n|-damage|p2a: Gholdengo|76\/100|[from] Spikes\n|-damage|p2a: Gholdengo|69\/100|[from] Stealth Rock\n|\n|upkeep\n|turn|153\n|-message|Juneheat forfeited.\n|\n|win|Duckycrater\n|raw|Duckycrater's rating: 1754 &rarr; <strong>1769<\/strong><br \/>(+15 for winning)\n|raw|Juneheat's rating: 1658 &rarr; <strong>1643<\/strong><br \/>(-15 for losing)\n|l|\u2606Juneheat\n|c|\u2606Duckycrater|gg\n|l| FatherSuperior7\n","uploadtime":1700432051,"views":7,"p1id":"duckycrater","p2id":"juneheat","formatid":"gen9ou","rating":1643,"private":0,"password":""}