{"id":"gen9ou-1992617435","p1":"Vigilante V8","p2":"Jontrendline","format":"[Gen 9] OU","log":"|j|\u2606Vigilante V8\n|j|\u2606Jontrendline\n|t:|1700215463\n|gametype|singles\n|player|p1|Vigilante V8|1|1591\n|player|p2|Jontrendline|scientist-gen4|1761\n|teamsize|p1|6\n|teamsize|p2|6\n|gen|9\n|tier|[Gen 9] OU\n|rated|\n|rule|Sleep Clause Mod: Limit one foe put to sleep\n|rule|Species Clause: Limit one of each Pok\u00e9mon\n|rule|OHKO Clause: OHKO moves are banned\n|rule|Evasion Items Clause: Evasion items are banned\n|rule|Evasion Moves Clause: Evasion moves are banned\n|rule|Endless Battle Clause: Forcing endless battles is banned\n|rule|HP Percentage Mod: HP is shown in percentages\n|clearpoke\n|poke|p1|Gholdengo|\n|poke|p1|Iron Valiant|\n|poke|p1|Alomomola, M|\n|poke|p1|Ting-Lu|\n|poke|p1|Zapdos|\n|poke|p1|Dragapult, F|\n|poke|p2|Heatran, M|\n|poke|p2|Toxapex, M|\n|poke|p2|Blissey, F|\n|poke|p2|Zamazenta-*|\n|poke|p2|Weezing-Galar, F|\n|poke|p2|Weavile, F|\n|teampreview\n|\n|t:|1700215497\n|start\n|switch|p1a: Ting-Lu|Ting-Lu|100\/100\n|switch|p2a: Toxapex|Toxapex, M|100\/100\n|-ability|p1a: Ting-Lu|Vessel of Ruin\n|turn|1\n|\n|t:|1700215511\n|move|p1a: Ting-Lu|Stealth Rock|p2a: Toxapex\n|-sidestart|p2: Jontrendline|move: Stealth Rock\n|move|p2a: Toxapex|Toxic Spikes|p1a: Ting-Lu\n|-sidestart|p1: Vigilante V8|move: Toxic Spikes\n|\n|upkeep\n|turn|2\n|\n|t:|1700215514\n|move|p1a: Ting-Lu|Spikes|p2a: Toxapex\n|-sidestart|p2: Jontrendline|Spikes\n|move|p2a: Toxapex|Toxic Spikes|p1a: Ting-Lu\n|-sidestart|p1: Vigilante V8|move: Toxic Spikes\n|\n|upkeep\n|turn|3\n|\n|t:|1700215517\n|switch|p2a: Weezing|Weezing-Galar, F, shiny|100\/100\n|-damage|p2a: Weezing|88\/100|[from] Stealth Rock\n|move|p1a: Ting-Lu|Spikes|p2a: Weezing\n|-sidestart|p2: Jontrendline|Spikes\n|\n|upkeep\n|turn|4\n|\n|t:|1700215529\n|switch|p1a: Gholdengo|Gholdengo|100\/100\n|move|p2a: Weezing|Flamethrower|p1a: Gholdengo\n|-supereffective|p1a: Gholdengo\n|-damage|p1a: Gholdengo|62\/100\n|\n|upkeep\n|turn|5\n|\n|t:|1700215536\n|switch|p2a: Toxapex|Toxapex, M|100\/100\n|-damage|p2a: Toxapex|88\/100|[from] Stealth Rock\n|-damage|p2a: Toxapex|72\/100|[from] Spikes\n|move|p1a: Gholdengo|Recover|p1a: Gholdengo\n|-heal|p1a: Gholdengo|100\/100\n|\n|-heal|p2a: Toxapex|78\/100|[from] item: Black Sludge\n|upkeep\n|turn|6\n|\n|t:|1700215549\n|switch|p2a: Weavile|Weavile, F|100\/100\n|-ability|p2a: Weavile|Pressure\n|move|p1a: Gholdengo|Nasty Plot|p1a: Gholdengo\n|-boost|p1a: Gholdengo|spa|2\n|\n|upkeep\n|turn|7\n|\n|t:|1700215556\n|-terastallize|p1a: Gholdengo|Fairy\n|move|p2a: Weavile|Knock Off|p1a: Gholdengo\n|-resisted|p1a: Gholdengo\n|-damage|p1a: Gholdengo|75\/100\n|-enditem|p1a: Gholdengo|Heavy-Duty Boots|[from] move: Knock Off|[of] p2a: Weavile\n|move|p1a: Gholdengo|Make It Rain|p2a: Weavile\n|-supereffective|p2a: Weavile\n|-crit|p2a: Weavile\n|-damage|p2a: Weavile|0 fnt\n|-unboost|p1a: Gholdengo|spa|1\n|faint|p2a: Weavile\n|\n|upkeep\n|\n|t:|1700215567\n|switch|p2a: Blissey|Blissey, F|100\/100\n|turn|8\n|\n|t:|1700215571\n|move|p1a: Gholdengo|Make It Rain|p2a: Blissey\n|-damage|p2a: Blissey|70\/100\n|-unboost|p1a: Gholdengo|spa|1\n|move|p2a: Blissey|Calm Mind|p2a: Blissey\n|-boost|p2a: Blissey|spa|1\n|-boost|p2a: Blissey|spd|1\n|\n|upkeep\n|turn|9\n|\n|t:|1700215585\n|switch|p1a: Ting-Lu|Ting-Lu|100\/100\n|-status|p1a: Ting-Lu|tox\n|-ability|p1a: Ting-Lu|Vessel of Ruin\n|move|p2a: Blissey|Stealth Rock|p1a: Ting-Lu\n|-sidestart|p1: Vigilante V8|move: Stealth Rock\n|\n|-damage|p1a: Ting-Lu|94\/100 tox|[from] psn\n|upkeep\n|turn|10\n|\n|t:|1700215591\n|switch|p2a: Weezing|Weezing-Galar, F, shiny|88\/100\n|-damage|p2a: Weezing|76\/100|[from] Stealth Rock\n|move|p1a: Ting-Lu|Spikes|p2a: Weezing\n|-sidestart|p2: Jontrendline|Spikes\n|\n|-heal|p1a: Ting-Lu|100\/100 tox|[from] item: Leftovers\n|-damage|p1a: Ting-Lu|88\/100 tox|[from] psn\n|upkeep\n|turn|11\n|\n|t:|1700215602\n|switch|p1a: Gholdengo|Gholdengo, tera:Fairy|75\/100\n|-status|p1a: Gholdengo|tox\n|-damage|p1a: Gholdengo|63\/100 tox|[from] Stealth Rock\n|move|p2a: Weezing|Flamethrower|p1a: Gholdengo\n|-damage|p1a: Gholdengo|43\/100 tox\n|\n|-damage|p1a: Gholdengo|37\/100 tox|[from] psn\n|upkeep\n|turn|12\n|\n|t:|1700215611\n|switch|p2a: Blissey|Blissey, F|70\/100\n|move|p1a: Gholdengo|Recover|p1a: Gholdengo\n|-heal|p1a: Gholdengo|87\/100 tox\n|\n|-damage|p1a: Gholdengo|75\/100 tox|[from] psn\n|upkeep\n|turn|13\n|\n|t:|1700215619\n|switch|p1a: Dragapult|Dragapult, F|100\/100\n|move|p2a: Blissey|Soft-Boiled|p2a: Blissey\n|-heal|p2a: Blissey|100\/100\n|\n|upkeep\n|turn|14\n|\n|t:|1700215626\n|switch|p2a: Toxapex|Toxapex, M|100\/100\n|-damage|p2a: Toxapex|88\/100|[from] Stealth Rock\n|-damage|p2a: Toxapex|63\/100|[from] Spikes\n|move|p1a: Dragapult|Dragon Darts|p2a: Toxapex\n|-damage|p2a: Toxapex|48\/100\n|-anim|p1a: Dragapult|Dragon Darts|p2a: Toxapex\n|-damage|p2a: Toxapex|34\/100\n|\n|-heal|p2a: Toxapex|40\/100|[from] item: Black Sludge\n|upkeep\n|turn|15\n|\n|t:|1700215637\n|move|p1a: Dragapult|Substitute|p1a: Dragapult\n|-start|p1a: Dragapult|Substitute\n|-damage|p1a: Dragapult|76\/100\n|move|p2a: Toxapex|Recover|p2a: Toxapex\n|-heal|p2a: Toxapex|90\/100\n|\n|-heal|p2a: Toxapex|96\/100|[from] item: Black Sludge\n|upkeep\n|turn|16\n|\n|t:|1700215641\n|switch|p2a: Heatran|Heatran, M|100\/100\n|-damage|p2a: Heatran|88\/100|[from] Stealth Rock\n|-damage|p2a: Heatran|63\/100|[from] Spikes\n|move|p1a: Dragapult|Dragon Darts|p2a: Heatran\n|-resisted|p2a: Heatran\n|-damage|p2a: Heatran|53\/100\n|-anim|p1a: Dragapult|Dragon Darts|p2a: Heatran\n|-resisted|p2a: Heatran\n|-damage|p2a: Heatran|42\/100\n|\n|-heal|p2a: Heatran|48\/100|[from] item: Leftovers\n|upkeep\n|turn|17\n|\n|t:|1700215650\n|move|p2a: Heatran|Protect|p2a: Heatran\n|-singleturn|p2a: Heatran|Protect\n|move|p1a: Dragapult|Dragon Darts|p2a: Heatran\n|-activate|p2a: Heatran|move: Protect\n|\n|-heal|p2a: Heatran|55\/100|[from] item: Leftovers\n|upkeep\n|turn|18\n|\n|t:|1700215656\n|move|p1a: Dragapult|Dragon Darts|p2a: Heatran\n|-resisted|p2a: Heatran\n|-damage|p2a: Heatran|45\/100\n|-anim|p1a: Dragapult|Dragon Darts|p2a: Heatran\n|-resisted|p2a: Heatran\n|-damage|p2a: Heatran|34\/100\n|move|p2a: Heatran|Earth Power|p1a: Dragapult\n|-end|p1a: Dragapult|Substitute\n|\n|-heal|p2a: Heatran|41\/100|[from] item: Leftovers\n|upkeep\n|turn|19\n|\n|t:|1700215666\n|switch|p1a: Alomomola|Alomomola, M|100\/100\n|move|p2a: Heatran|Magma Storm|p1a: Alomomola\n|-resisted|p1a: Alomomola\n|-damage|p1a: Alomomola|68\/100\n|-activate|p1a: Alomomola|move: Magma Storm|[of] p2a: Heatran\n|\n|-heal|p2a: Heatran|47\/100|[from] item: Leftovers\n|-damage|p1a: Alomomola|56\/100|[from] move: Magma Storm|[partiallytrapped]\n|upkeep\n|turn|20\n|\n|t:|1700215677\n|move|p2a: Heatran|Protect|p2a: Heatran\n|-singleturn|p2a: Heatran|Protect\n|move|p1a: Alomomola|Flip Turn|p2a: Heatran\n|-activate|p2a: Heatran|move: Protect\n|\n|-heal|p2a: Heatran|53\/100|[from] item: Leftovers\n|-damage|p1a: Alomomola|43\/100|[from] move: Magma Storm|[partiallytrapped]\n|upkeep\n|turn|21\n|\n|t:|1700215688\n|move|p2a: Heatran|Earth Power|p1a: Alomomola\n|-damage|p1a: Alomomola|8\/100\n|-unboost|p1a: Alomomola|spd|1\n|move|p1a: Alomomola|Flip Turn|p2a: Heatran\n|-supereffective|p2a: Heatran\n|-damage|p2a: Heatran|29\/100\n|\n|t:|1700215701\n|switch|p1a: Iron Valiant|Iron Valiant|100\/100|[from] Flip Turn\n|\n|-heal|p2a: Heatran|36\/100|[from] item: Leftovers\n|upkeep\n|turn|22\n|\n|t:|1700215710\n|move|p2a: Heatran|Protect|p2a: Heatran\n|-singleturn|p2a: Heatran|Protect\n|move|p1a: Iron Valiant|Close Combat|p2a: Heatran\n|-activate|p2a: Heatran|move: Protect\n|\n|-heal|p2a: Heatran|42\/100|[from] item: Leftovers\n|upkeep\n|turn|23\n|\n|t:|1700215727\n|switch|p2a: Toxapex|Toxapex, M|100\/100\n|-damage|p2a: Toxapex|88\/100|[from] Stealth Rock\n|-damage|p2a: Toxapex|63\/100|[from] Spikes\n|move|p1a: Iron Valiant|Close Combat|p2a: Toxapex\n|-resisted|p2a: Toxapex\n|-damage|p2a: Toxapex|45\/100\n|-unboost|p1a: Iron Valiant|def|1\n|-unboost|p1a: Iron Valiant|spd|1\n|\n|-heal|p2a: Toxapex|51\/100|[from] item: Black Sludge\n|upkeep\n|turn|24\n|\n|t:|1700215745\n|-end|p1a: Iron Valiant|Quark Drive|[silent]\n|switch|p1a: Alomomola|Alomomola, M|41\/100\n|move|p2a: Toxapex|Sludge Bomb|p1a: Alomomola\n|-damage|p1a: Alomomola|20\/100\n|\n|-heal|p2a: Toxapex|58\/100|[from] item: Black Sludge\n|upkeep\n|turn|25\n|\n|t:|1700215752\n|switch|p1a: Ting-Lu|Ting-Lu|88\/100 tox\n|-damage|p1a: Ting-Lu|82\/100 tox|[from] Stealth Rock\n|-ability|p1a: Ting-Lu|Vessel of Ruin\n|move|p2a: Toxapex|Sludge Bomb|p1a: Ting-Lu\n|-resisted|p1a: Ting-Lu\n|-damage|p1a: Ting-Lu|77\/100 tox\n|\n|-heal|p1a: Ting-Lu|84\/100 tox|[from] item: Leftovers\n|-heal|p2a: Toxapex|64\/100|[from] item: Black Sludge\n|-damage|p1a: Ting-Lu|77\/100 tox|[from] psn\n|upkeep\n|turn|26\n|\n|t:|1700215762\n|move|p2a: Toxapex|Recover|p2a: Toxapex\n|-heal|p2a: Toxapex|100\/100\n|move|p1a: Ting-Lu|Whirlwind|p2a: Toxapex\n|drag|p2a: Weezing|Weezing-Galar, F, shiny|76\/100\n|-damage|p2a: Weezing|64\/100|[from] Stealth Rock\n|\n|-heal|p1a: Ting-Lu|84\/100 tox|[from] item: Leftovers\n|-damage|p1a: Ting-Lu|71\/100 tox|[from] psn\n|upkeep\n|turn|27\n|\n|t:|1700215770\n|switch|p2a: Toxapex|Toxapex, M|100\/100\n|-damage|p2a: Toxapex|88\/100|[from] Stealth Rock\n|-damage|p2a: Toxapex|63\/100|[from] Spikes\n|switch|p1a: Gholdengo|Gholdengo, tera:Fairy|75\/100 tox\n|-damage|p1a: Gholdengo|63\/100 tox|[from] Stealth Rock\n|\n|-heal|p2a: Toxapex|69\/100|[from] item: Black Sludge\n|-damage|p1a: Gholdengo|57\/100 tox|[from] psn\n|upkeep\n|turn|28\n|\n|t:|1700215779\n|switch|p1a: Ting-Lu|Ting-Lu|71\/100 tox\n|-damage|p1a: Ting-Lu|65\/100 tox|[from] Stealth Rock\n|-ability|p1a: Ting-Lu|Vessel of Ruin\n|move|p2a: Toxapex|Sludge Bomb|p1a: Ting-Lu\n|-resisted|p1a: Ting-Lu\n|-damage|p1a: Ting-Lu|61\/100 tox\n|\n|-heal|p1a: Ting-Lu|67\/100 tox|[from] item: Leftovers\n|-heal|p2a: Toxapex|75\/100|[from] item: Black Sludge\n|-damage|p1a: Ting-Lu|61\/100 tox|[from] psn\n|upkeep\n|turn|29\n|\n|t:|1700215786\n|move|p2a: Toxapex|Sludge Bomb|p1a: Ting-Lu\n|-resisted|p1a: Ting-Lu\n|-damage|p1a: Ting-Lu|57\/100 tox\n|move|p1a: Ting-Lu|Whirlwind|p2a: Toxapex\n|drag|p2a: Weezing|Weezing-Galar, F, shiny|64\/100\n|-damage|p2a: Weezing|51\/100|[from] Stealth Rock\n|\n|-heal|p1a: Ting-Lu|63\/100 tox|[from] item: Leftovers\n|-damage|p1a: Ting-Lu|50\/100 tox|[from] psn\n|upkeep\n|turn|30\n|\n|t:|1700215799\n|switch|p2a: Toxapex|Toxapex, M|100\/100\n|-damage|p2a: Toxapex|88\/100|[from] Stealth Rock\n|-damage|p2a: Toxapex|63\/100|[from] Spikes\n|move|p1a: Ting-Lu|Whirlwind|p2a: Toxapex\n|drag|p2a: Heatran|Heatran, M|42\/100\n|-damage|p2a: Heatran|29\/100|[from] Stealth Rock\n|-damage|p2a: Heatran|5\/100|[from] Spikes\n|\n|-heal|p2a: Heatran|11\/100|[from] item: Leftovers\n|-heal|p1a: Ting-Lu|57\/100 tox|[from] item: Leftovers\n|-damage|p1a: Ting-Lu|38\/100 tox|[from] psn\n|upkeep\n|turn|31\n|\n|t:|1700215809\n|move|p2a: Heatran|Taunt|p1a: Ting-Lu\n|-start|p1a: Ting-Lu|move: Taunt\n|cant|p1a: Ting-Lu|move: Taunt|Whirlwind\n|\n|-heal|p2a: Heatran|17\/100|[from] item: Leftovers\n|-heal|p1a: Ting-Lu|44\/100 tox|[from] item: Leftovers\n|-damage|p1a: Ting-Lu|19\/100 tox|[from] psn\n|upkeep\n|turn|32\n|\n|t:|1700215819\n|switch|p1a: Zapdos|Zapdos|100\/100\n|-ability|p1a: Zapdos|Pressure\n|move|p2a: Heatran|Protect||[still]\n|-fail|p2a: Heatran\n|\n|-heal|p2a: Heatran|23\/100|[from] item: Leftovers\n|upkeep\n|turn|33\n|\n|t:|1700215826\n|move|p2a: Heatran|Protect|p2a: Heatran\n|-singleturn|p2a: Heatran|Protect\n|move|p1a: Zapdos|Volt Switch|p2a: Heatran\n|-activate|p2a: Heatran|move: Protect\n|\n|-heal|p2a: Heatran|29\/100|[from] item: Leftovers\n|upkeep\n|turn|34\n|\n|t:|1700215843\n|move|p1a: Zapdos|Volt Switch|p2a: Heatran\n|-damage|p2a: Heatran|5\/100\n|\n|t:|1700215852\n|switch|p1a: Ting-Lu|Ting-Lu|19\/100 tox|[from] Volt Switch\n|-damage|p1a: Ting-Lu|13\/100 tox|[from] Stealth Rock\n|-ability|p1a: Ting-Lu|Vessel of Ruin\n|move|p2a: Heatran|Magma Storm|p1a: Ting-Lu\n|-damage|p1a: Ting-Lu|0 fnt\n|faint|p1a: Ting-Lu\n|\n|-heal|p2a: Heatran|11\/100|[from] item: Leftovers\n|upkeep\n|\n|t:|1700215856\n|switch|p1a: Zapdos|Zapdos|100\/100\n|-ability|p1a: Zapdos|Pressure\n|turn|35\n|\n|t:|1700215866\n|move|p2a: Heatran|Protect|p2a: Heatran\n|-singleturn|p2a: Heatran|Protect\n|move|p1a: Zapdos|Volt Switch|p2a: Heatran\n|-activate|p2a: Heatran|move: Protect\n|\n|-heal|p2a: Heatran|17\/100|[from] item: Leftovers\n|upkeep\n|turn|36\n|\n|t:|1700215882\n|switch|p2a: Blissey|Blissey, F|100\/100\n|move|p1a: Zapdos|Volt Switch|p2a: Blissey\n|-damage|p2a: Blissey|92\/100\n|\n|t:|1700215898\n|switch|p1a: Iron Valiant|Iron Valiant|100\/100|[from] Volt Switch\n|\n|upkeep\n|turn|37\n|\n|t:|1700215921\n|switch|p2a: Heatran|Heatran, M|17\/100\n|-damage|p2a: Heatran|5\/100|[from] Stealth Rock\n|-damage|p2a: Heatran|0 fnt|[from] Spikes\n|faint|p2a: Heatran\n|move|p1a: Iron Valiant|Knock Off|p2: Heatran|[notarget]\n|-fail|p1a: Iron Valiant\n|\n|upkeep\n|\n|t:|1700215935\n|switch|p2a: Toxapex|Toxapex, M|96\/100\n|-damage|p2a: Toxapex|84\/100|[from] Stealth Rock\n|-damage|p2a: Toxapex|59\/100|[from] Spikes\n|turn|38\n|\n|t:|1700215941\n|-end|p1a: Iron Valiant|Quark Drive|[silent]\n|switch|p1a: Zapdos|Zapdos|100\/100\n|-ability|p1a: Zapdos|Pressure\n|move|p2a: Toxapex|Sludge Bomb|p1a: Zapdos\n|-damage|p1a: Zapdos|82\/100\n|\n|-heal|p2a: Toxapex|65\/100|[from] item: Black Sludge\n|upkeep\n|turn|39\n|\n|t:|1700215969\n|move|p1a: Zapdos|Volt Switch|p2a: Toxapex\n|-supereffective|p2a: Toxapex\n|-damage|p2a: Toxapex|17\/100\n|\n|t:|1700215973\n|switch|p1a: Alomomola|Alomomola, M|53\/100|[from] Volt Switch\n|move|p2a: Toxapex|Recover|p2a: Toxapex\n|-heal|p2a: Toxapex|67\/100\n|\n|-heal|p2a: Toxapex|73\/100|[from] item: Black Sludge\n|upkeep\n|turn|40\n|\n|t:|1700215994\n|move|p1a: Alomomola|Flip Turn|p2a: Toxapex\n|-resisted|p2a: Toxapex\n|-damage|p2a: Toxapex|69\/100\n|\n|t:|1700216007\n|switch|p1a: Zapdos|Zapdos|82\/100|[from] Flip Turn\n|-ability|p1a: Zapdos|Pressure\n|move|p2a: Toxapex|Sludge Bomb|p1a: Zapdos\n|-damage|p1a: Zapdos|62\/100\n|\n|-heal|p2a: Toxapex|75\/100|[from] item: Black Sludge\n|upkeep\n|turn|41\n|\n|t:|1700216018\n|move|p1a: Zapdos|Hurricane|p2a: Toxapex\n|-damage|p2a: Toxapex|37\/100\n|move|p2a: Toxapex|Recover|p2a: Toxapex\n|-heal|p2a: Toxapex|87\/100\n|\n|-heal|p2a: Toxapex|94\/100|[from] item: Black Sludge\n|upkeep\n|turn|42\n|\n|t:|1700216028\n|move|p1a: Zapdos|Hurricane|p2a: Toxapex\n|-damage|p2a: Toxapex|56\/100\n|move|p2a: Toxapex|Sludge Bomb|p1a: Zapdos\n|-damage|p1a: Zapdos|43\/100\n|-status|p1a: Zapdos|psn\n|\n|-heal|p2a: Toxapex|62\/100|[from] item: Black Sludge\n|-damage|p1a: Zapdos|30\/100 psn|[from] psn\n|upkeep\n|turn|43\n|\n|t:|1700216039\n|move|p1a: Zapdos|Volt Switch|p2a: Toxapex\n|-supereffective|p2a: Toxapex\n|-damage|p2a: Toxapex|10\/100\n|\n|t:|1700216043\n|switch|p1a: Dragapult|Dragapult, F|76\/100|[from] Volt Switch\n|move|p2a: Toxapex|Recover|p2a: Toxapex\n|-heal|p2a: Toxapex|60\/100\n|\n|-heal|p2a: Toxapex|66\/100|[from] item: Black Sludge\n|upkeep\n|turn|44\n|\n|t:|1700216051\n|move|p1a: Dragapult|Substitute|p1a: Dragapult\n|-start|p1a: Dragapult|Substitute\n|-damage|p1a: Dragapult|51\/100\n|move|p2a: Toxapex|Sludge Bomb|p1a: Dragapult\n|-resisted|p1a: Dragapult\n|-activate|p1a: Dragapult|move: Substitute|[damage]\n|\n|-heal|p2a: Toxapex|73\/100|[from] item: Black Sludge\n|upkeep\n|turn|45\n|\n|t:|1700216065\n|move|p1a: Dragapult|Will-O-Wisp|p2a: Toxapex\n|-status|p2a: Toxapex|brn\n|move|p2a: Toxapex|Sludge Bomb|p1a: Dragapult\n|-resisted|p1a: Dragapult\n|-end|p1a: Dragapult|Substitute\n|\n|-heal|p2a: Toxapex|79\/100 brn|[from] item: Black Sludge\n|-damage|p2a: Toxapex|73\/100 brn|[from] brn\n|upkeep\n|turn|46\n|\n|t:|1700216085\n|move|p1a: Dragapult|Substitute|p1a: Dragapult\n|-start|p1a: Dragapult|Substitute\n|-damage|p1a: Dragapult|26\/100\n|move|p2a: Toxapex|Sludge Bomb|p1a: Dragapult\n|-resisted|p1a: Dragapult\n|-activate|p1a: Dragapult|move: Substitute|[damage]\n|\n|-heal|p2a: Toxapex|79\/100 brn|[from] item: Black Sludge\n|-damage|p2a: Toxapex|73\/100 brn|[from] brn\n|upkeep\n|turn|47\n|\n|t:|1700216090\n|move|p1a: Dragapult|Hex|p2a: Toxapex\n|-damage|p2a: Toxapex|33\/100 brn\n|move|p2a: Toxapex|Sludge Bomb|p1a: Dragapult\n|-resisted|p1a: Dragapult\n|-end|p1a: Dragapult|Substitute\n|\n|-heal|p2a: Toxapex|39\/100 brn|[from] item: Black Sludge\n|-damage|p2a: Toxapex|33\/100 brn|[from] brn\n|upkeep\n|turn|48\n|\n|t:|1700216121\n|switch|p2a: Blissey|Blissey, F|92\/100\n|move|p1a: Dragapult|Substitute|p1a: Dragapult\n|-start|p1a: Dragapult|Substitute\n|-damage|p1a: Dragapult|1\/100\n|\n|upkeep\n|turn|49\n|\n|t:|1700216129\n|switch|p2a: Weezing|Weezing-Galar, F, shiny|51\/100\n|-damage|p2a: Weezing|39\/100|[from] Stealth Rock\n|move|p1a: Dragapult|Dragon Darts|p2a: Weezing\n|-immune|p2a: Weezing\n|\n|upkeep\n|turn|50\n|\n|t:|1700216153\n|move|p1a: Dragapult|Hex|p2a: Weezing\n|-damage|p2a: Weezing|6\/100\n|move|p2a: Weezing|Flamethrower|p1a: Dragapult\n|-resisted|p1a: Dragapult\n|-activate|p1a: Dragapult|move: Substitute|[damage]\n|\n|upkeep\n|turn|51\n|\n|t:|1700216178\n|move|p1a: Dragapult|Hex|p2a: Weezing\n|-damage|p2a: Weezing|0 fnt\n|faint|p2a: Weezing\n|\n|upkeep\n|\n|t:|1700216201\n|switch|p2a: Zamazenta|Zamazenta|100\/100\n|-damage|p2a: Zamazenta|94\/100|[from] Stealth Rock\n|-damage|p2a: Zamazenta|69\/100|[from] Spikes\n|-ability|p2a: Zamazenta|Dauntless Shield|boost\n|-boost|p2a: Zamazenta|def|1\n|turn|52\n|\n|t:|1700216205\n|move|p1a: Dragapult|Will-O-Wisp|p2a: Zamazenta\n|-status|p2a: Zamazenta|brn\n|move|p2a: Zamazenta|Crunch|p1a: Dragapult\n|-supereffective|p1a: Dragapult\n|-end|p1a: Dragapult|Substitute\n|\n|-heal|p2a: Zamazenta|75\/100 brn|[from] item: Leftovers\n|-damage|p2a: Zamazenta|69\/100 brn|[from] brn\n|upkeep\n|turn|53\n|\n|t:|1700216214\n|switch|p1a: Alomomola|Alomomola, M|86\/100\n|move|p2a: Zamazenta|Crunch|p1a: Alomomola\n|-damage|p1a: Alomomola|80\/100\n|\n|-heal|p2a: Zamazenta|75\/100 brn|[from] item: Leftovers\n|-damage|p2a: Zamazenta|69\/100 brn|[from] brn\n|upkeep\n|turn|54\n|j| Kingston9629\n|\n|t:|1700216225\n|move|p2a: Zamazenta|Iron Defense|p2a: Zamazenta\n|-boost|p2a: Zamazenta|def|2\n|move|p1a: Alomomola|Wish|p1a: Alomomola\n|\n|-heal|p2a: Zamazenta|75\/100 brn|[from] item: Leftovers\n|-damage|p2a: Zamazenta|69\/100 brn|[from] brn\n|upkeep\n|turn|55\n|\n|t:|1700216239\n|move|p2a: Zamazenta|Iron Defense|p2a: Zamazenta\n|-boost|p2a: Zamazenta|def|2\n|move|p1a: Alomomola|Flip Turn|p2a: Zamazenta\n|-damage|p2a: Zamazenta|67\/100 brn\n|\n|t:|1700216244\n|switch|p1a: Dragapult|Dragapult, F|1\/100|[from] Flip Turn\n|\n|-heal|p1a: Dragapult|85\/100|[from] move: Wish|[wisher] Alomomola\n|-heal|p2a: Zamazenta|73\/100 brn|[from] item: Leftovers\n|-damage|p2a: Zamazenta|67\/100 brn|[from] brn\n|upkeep\n|turn|56\n|\n|t:|1700216252\n|move|p1a: Dragapult|Hex|p2a: Zamazenta\n|-damage|p2a: Zamazenta|31\/100 brn\n|move|p2a: Zamazenta|Crunch|p1a: Dragapult\n|-supereffective|p1a: Dragapult\n|-damage|p1a: Dragapult|54\/100\n|\n|-heal|p2a: Zamazenta|37\/100 brn|[from] item: Leftovers\n|-damage|p2a: Zamazenta|31\/100 brn|[from] brn\n|upkeep\n|turn|57\n|c|\u2606Jontrendline|Gg\n|c|\u2606Vigilante V8|gg\n|inactive|Battle timer is ON: inactive players will automatically lose when time's up. (requested by Vigilante V8)\n|-message|Jontrendline forfeited.\n|\n|win|Vigilante V8\n|raw|Vigilante V8's rating: 1591 &rarr; <strong>1620<\/strong><br \/>(+29 for winning)\n|raw|Jontrendline's rating: 1761 &rarr; <strong>1732<\/strong><br \/>(-29 for losing)\n|l|\u2606Jontrendline\n|l|\u2606Vigilante V8\n|l| Kingston9629\n","uploadtime":1700216347,"views":8,"p1id":"vigilantev8","p2id":"jontrendline","formatid":"gen9ou","rating":1620,"private":0,"password":""}