{"id":"gen9ou-1990309869","p1":"Neutralist","p2":"Ronzi0","format":"[Gen 9] OU","log":"|j|\u2606Neutralist\n|j|\u2606Ronzi0\n|t:|1699954676\n|gametype|singles\n|player|p1|Neutralist|266|1654\n|player|p2|Ronzi0|blue|1532\n|teamsize|p1|6\n|teamsize|p2|6\n|gen|9\n|tier|[Gen 9] OU\n|rated|\n|rule|Sleep Clause Mod: Limit one foe put to sleep\n|rule|Species Clause: Limit one of each Pok\u00e9mon\n|rule|OHKO Clause: OHKO moves are banned\n|rule|Evasion Items Clause: Evasion items are banned\n|rule|Evasion Moves Clause: Evasion moves are banned\n|rule|Endless Battle Clause: Forcing endless battles is banned\n|rule|HP Percentage Mod: HP is shown in percentages\n|clearpoke\n|poke|p1|Crawdaunt, M|\n|poke|p1|Great Tusk|\n|poke|p1|Amoonguss, F|\n|poke|p1|Heatran, F|\n|poke|p1|Hatterene, F|\n|poke|p1|Ninetales-Alola, F|\n|poke|p2|Tyranitar, F|\n|poke|p2|Great Tusk|\n|poke|p2|Dragapult, F|\n|poke|p2|Hatterene, F|\n|poke|p2|Zapdos|\n|poke|p2|Okidogi, M|\n|teampreview\n|inactive|Battle timer is ON: inactive players will automatically lose when time's up. (requested by Ronzi0)\n|\n|t:|1699954687\n|start\n|switch|p1a: Firelight|Heatran, F|100\/100\n|switch|p2a: Okidogi|Okidogi, M|100\/100\n|turn|1\n|\n|t:|1699954695\n|move|p1a: Firelight|Protect|p1a: Firelight\n|-singleturn|p1a: Firelight|Protect\n|move|p2a: Okidogi|Drain Punch|p1a: Firelight\n|-activate|p1a: Firelight|move: Protect\n|\n|upkeep\n|turn|2\n|\n|t:|1699954700\n|switch|p1a: \uff22\uff4f\uff42|Amoonguss, F|100\/100\n|move|p2a: Okidogi|Knock Off|p1a: \uff22\uff4f\uff42\n|-damage|p1a: \uff22\uff4f\uff42|74\/100\n|-enditem|p1a: \uff22\uff4f\uff42|Covert Cloak|[from] move: Knock Off|[of] p2a: Okidogi\n|\n|upkeep\n|turn|3\n|\n|t:|1699954716\n|move|p2a: Okidogi|Ice Punch|p1a: \uff22\uff4f\uff42\n|-supereffective|p1a: \uff22\uff4f\uff42\n|-damage|p1a: \uff22\uff4f\uff42|36\/100\n|move|p1a: \uff22\uff4f\uff42|Synthesis|p1a: \uff22\uff4f\uff42\n|-heal|p1a: \uff22\uff4f\uff42|86\/100\n|\n|upkeep\n|turn|4\n|\n|t:|1699954725\n|move|p2a: Okidogi|Ice Punch|p1a: \uff22\uff4f\uff42\n|-supereffective|p1a: \uff22\uff4f\uff42\n|-damage|p1a: \uff22\uff4f\uff42|44\/100\n|move|p1a: \uff22\uff4f\uff42|Spore|p2a: Okidogi\n|-status|p2a: Okidogi|slp|[from] move: Spore\n|\n|upkeep\n|turn|5\n|\n|t:|1699954739\n|switch|p1a: Nova|Ninetales-Alola, F|100\/100\n|-weather|Snow|[from] ability: Snow Warning|[of] p1a: Nova\n|cant|p2a: Okidogi|slp\n|\n|-weather|Snow|[upkeep]\n|upkeep\n|turn|6\n|\n|t:|1699954746\n|switch|p2a: Tyranitar|Tyranitar, F, shiny|100\/100\n|-weather|Sandstorm|[from] ability: Sand Stream|[of] p2a: Tyranitar\n|move|p1a: Nova|Aurora Veil||[still]\n|-fail|p1a: Nova\n|\n|-weather|Sandstorm|[upkeep]\n|-damage|p1a: Nova|94\/100|[from] Sandstorm\n|upkeep\n|turn|7\n|\n|t:|1699954752\n|switch|p1a: Telethia|Hatterene, F|100\/100\n|switch|p2a: Okidogi|Okidogi, M|100\/100 slp\n|\n|-weather|Sandstorm|[upkeep]\n|-damage|p2a: Okidogi|94\/100 slp|[from] Sandstorm\n|-damage|p1a: Telethia|95\/100|[from] Sandstorm\n|upkeep\n|turn|8\n|\n|t:|1699954758\n|cant|p2a: Okidogi|slp\n|move|p1a: Telethia|Calm Mind|p1a: Telethia\n|-boost|p1a: Telethia|spa|1\n|-boost|p1a: Telethia|spd|1\n|\n|-weather|Sandstorm|[upkeep]\n|-damage|p2a: Okidogi|88\/100 slp|[from] Sandstorm\n|-damage|p1a: Telethia|89\/100|[from] Sandstorm\n|upkeep\n|turn|9\n|\n|t:|1699954762\n|cant|p2a: Okidogi|slp\n|move|p1a: Telethia|Stored Power|p2a: Okidogi\n|-supereffective|p2a: Okidogi\n|-damage|p2a: Okidogi|0 fnt\n|faint|p2a: Okidogi\n|\n|-weather|Sandstorm|[upkeep]\n|-damage|p1a: Telethia|83\/100|[from] Sandstorm\n|upkeep\n|c|\u2606Neutralist|sorry\n|\n|t:|1699954772\n|switch|p2a: Tyranitar|Tyranitar, F, shiny|100\/100\n|turn|10\n|\n|t:|1699954776\n|move|p2a: Tyranitar|Knock Off|p1a: Telethia\n|-damage|p1a: Telethia|15\/100\n|-enditem|p1a: Telethia|Covert Cloak|[from] move: Knock Off|[of] p2a: Tyranitar\n|move|p1a: Telethia|Draining Kiss|p2a: Tyranitar\n|-supereffective|p2a: Tyranitar\n|-damage|p2a: Tyranitar|59\/100\n|-heal|p1a: Telethia|55\/100|[from] drain|[of] p2a: Tyranitar\n|\n|-weather|none\n|upkeep\n|turn|11\n|inactive|Ronzi0 has 120 seconds left.\n|\n|t:|1699954807\n|switch|p2a: Zapdos|Zapdos|100\/100\n|move|p1a: Telethia|Draining Kiss|p2a: Zapdos\n|-damage|p2a: Zapdos|71\/100\n|-heal|p1a: Telethia|82\/100|[from] drain|[of] p2a: Zapdos\n|\n|upkeep\n|turn|12\n|\n|t:|1699954811\n|move|p2a: Zapdos|Hurricane|p1a: Telethia\n|-damage|p1a: Telethia|49\/100\n|move|p1a: Telethia|Calm Mind|p1a: Telethia\n|-boost|p1a: Telethia|spa|1\n|-boost|p1a: Telethia|spd|1\n|\n|upkeep\n|turn|13\n|\n|t:|1699954828\n|move|p2a: Zapdos|Volt Switch|p1a: Telethia\n|-damage|p1a: Telethia|33\/100\n|\n|t:|1699954831\n|switch|p2a: Tyranitar|Tyranitar, F, shiny|59\/100|[from] Volt Switch\n|-weather|Sandstorm|[from] ability: Sand Stream|[of] p2a: Tyranitar\n|move|p1a: Telethia|Draining Kiss|p2a: Tyranitar\n|-supereffective|p2a: Tyranitar\n|-damage|p2a: Tyranitar|5\/100\n|-heal|p1a: Telethia|84\/100|[from] drain|[of] p2a: Tyranitar\n|\n|-weather|Sandstorm|[upkeep]\n|-damage|p1a: Telethia|78\/100|[from] Sandstorm\n|upkeep\n|turn|14\n|\n|t:|1699954843\n|switch|p1a: Belgazas|Great Tusk|100\/100\n|-enditem|p1a: Belgazas|Booster Energy\n|-activate|p1a: Belgazas|ability: Protosynthesis|[fromitem]\n|-start|p1a: Belgazas|protosynthesisspe\n|move|p2a: Tyranitar|Stone Edge|p1a: Belgazas|[miss]\n|-miss|p2a: Tyranitar|p1a: Belgazas\n|\n|-weather|Sandstorm|[upkeep]\n|upkeep\n|turn|15\n|\n|t:|1699954853\n|move|p1a: Belgazas|Bulk Up|p1a: Belgazas\n|-boost|p1a: Belgazas|atk|1\n|-boost|p1a: Belgazas|def|1\n|move|p2a: Tyranitar|Stone Edge|p1a: Belgazas\n|-resisted|p1a: Belgazas\n|-damage|p1a: Belgazas|92\/100\n|\n|-weather|Sandstorm|[upkeep]\n|upkeep\n|turn|16\n|\n|t:|1699954862\n|move|p1a: Belgazas|Bulk Up|p1a: Belgazas\n|-boost|p1a: Belgazas|atk|1\n|-boost|p1a: Belgazas|def|1\n|move|p2a: Tyranitar|Stone Edge|p1a: Belgazas\n|-resisted|p1a: Belgazas\n|-damage|p1a: Belgazas|85\/100\n|\n|-weather|Sandstorm|[upkeep]\n|upkeep\n|turn|17\n|\n|t:|1699954872\n|switch|p2a: Zapdos|Zapdos|71\/100\n|move|p1a: Belgazas|Bulk Up|p1a: Belgazas\n|-boost|p1a: Belgazas|atk|1\n|-boost|p1a: Belgazas|def|1\n|\n|-weather|none\n|upkeep\n|turn|18\n|\n|t:|1699954880\n|move|p1a: Belgazas|Ice Spinner|p2a: Zapdos\n|-supereffective|p2a: Zapdos\n|-damage|p2a: Zapdos|0 fnt\n|-status|p1a: Belgazas|par|[from] ability: Static|[of] p2a: Zapdos\n|faint|p2a: Zapdos\n|\n|upkeep\n|c|\u2606Neutralist|pain peko\n|j| mvrksvd.wav\n|\n|t:|1699954895\n|switch|p2a: Dragapult|Dragapult, F, shiny|100\/100\n|turn|19\n|\n|t:|1699954904\n|-terastallize|p2a: Dragapult|Ghost\n|move|p2a: Dragapult|Shadow Ball|p1a: Belgazas\n|-damage|p1a: Belgazas|0 fnt\n|faint|p1a: Belgazas\n|-end|p1a: Belgazas|Protosynthesis|[silent]\n|\n|upkeep\n|c|\u2606Neutralist|ok it wasn't hex\n|\n|t:|1699954920\n|switch|p1a: Matthew|Crawdaunt, M|100\/100\n|turn|20\n|\n|t:|1699954943\n|switch|p2a: Tyranitar|Tyranitar, F, shiny|5\/100\n|-weather|Sandstorm|[from] ability: Sand Stream|[of] p2a: Tyranitar\n|move|p1a: Matthew|Knock Off|p2a: Tyranitar\n|-resisted|p2a: Tyranitar\n|-damage|p2a: Tyranitar|0 fnt\n|-enditem|p2a: Tyranitar|Choice Band|[from] move: Knock Off|[of] p1a: Matthew\n|faint|p2a: Tyranitar\n|-damage|p1a: Matthew|91\/100|[from] item: Life Orb\n|\n|-weather|Sandstorm|[upkeep]\n|-damage|p1a: Matthew|85\/100|[from] Sandstorm\n|upkeep\n|inactive|Ronzi0 has 120 seconds left.\n|\n|t:|1699954977\n|switch|p2a: Great Tusk|Great Tusk, shiny|100\/100\n|turn|21\n|\n|t:|1699954984\n|switch|p1a: Nova|Ninetales-Alola, F|94\/100\n|-weather|Snow|[from] ability: Snow Warning|[of] p1a: Nova\n|move|p2a: Great Tusk|Rapid Spin|p1a: Nova\n|-damage|p1a: Nova|82\/100\n|-boost|p2a: Great Tusk|spe|1\n|\n|-weather|Snow|[upkeep]\n|upkeep\n|turn|22\n|\n|t:|1699954993\n|-end|p2a: Great Tusk|Protosynthesis|[silent]\n|switch|p2a: Hatterene|Hatterene, F|100\/100\n|move|p1a: Nova|Moonblast|p2a: Hatterene\n|-crit|p2a: Hatterene\n|-damage|p2a: Hatterene|58\/100\n|\n|-weather|Snow|[upkeep]\n|-heal|p2a: Hatterene|64\/100|[from] item: Leftovers\n|upkeep\n|turn|23\n|\n|t:|1699955000\n|move|p1a: Nova|Moonblast|p2a: Hatterene\n|-damage|p2a: Hatterene|34\/100\n|-unboost|p2a: Hatterene|spa|1\n|move|p2a: Hatterene|Calm Mind|p2a: Hatterene\n|-boost|p2a: Hatterene|spa|1\n|-boost|p2a: Hatterene|spd|1\n|\n|-weather|Snow|[upkeep]\n|-heal|p2a: Hatterene|39\/100|[from] item: Leftovers\n|upkeep\n|turn|24\n|\n|t:|1699955011\n|switch|p1a: Firelight|Heatran, F|100\/100\n|move|p2a: Hatterene|Draining Kiss|p1a: Firelight\n|-resisted|p1a: Firelight\n|-damage|p1a: Firelight|96\/100\n|-heal|p2a: Hatterene|44\/100|[from] drain|[of] p1a: Firelight\n|\n|-weather|Snow|[upkeep]\n|-heal|p1a: Firelight|100\/100|[from] item: Leftovers\n|-heal|p2a: Hatterene|50\/100|[from] item: Leftovers\n|upkeep\n|turn|25\n|j| DR NEFARIO MD\n|l| mvrksvd.wav\n|l| DR NEFARIO MD\n|\n|t:|1699955029\n|switch|p2a: Great Tusk|Great Tusk, shiny|100\/100\n|move|p1a: Firelight|Magma Storm|p2a: Great Tusk|[miss]\n|-miss|p1a: Firelight|p2a: Great Tusk\n|\n|-weather|none\n|upkeep\n|turn|26\n|\n|t:|1699955036\n|move|p1a: Firelight|Protect|p1a: Firelight\n|-singleturn|p1a: Firelight|Protect\n|move|p2a: Great Tusk|Earthquake|p1a: Firelight\n|-activate|p1a: Firelight|move: Protect\n|\n|upkeep\n|turn|27\n|\n|t:|1699955045\n|switch|p1a: Nova|Ninetales-Alola, F|82\/100\n|-weather|Snow|[from] ability: Snow Warning|[of] p1a: Nova\n|-end|p2a: Great Tusk|Protosynthesis|[silent]\n|switch|p2a: Hatterene|Hatterene, F|50\/100\n|\n|-weather|Snow|[upkeep]\n|-heal|p2a: Hatterene|56\/100|[from] item: Leftovers\n|upkeep\n|turn|28\n|\n|t:|1699955062\n|switch|p1a: Firelight|Heatran, F|100\/100\n|move|p2a: Hatterene|Calm Mind|p2a: Hatterene\n|-boost|p2a: Hatterene|spa|1\n|-boost|p2a: Hatterene|spd|1\n|\n|-weather|Snow|[upkeep]\n|-heal|p2a: Hatterene|62\/100|[from] item: Leftovers\n|upkeep\n|turn|29\n|c|\u2606Neutralist|25% go brrrrrrrrrr\n|inactive|Ronzi0 has 120 seconds left.\n|inactive|Ronzi0 has 90 seconds left.\n|\n|t:|1699955124\n|switch|p2a: Great Tusk|Great Tusk, shiny|100\/100\n|move|p1a: Firelight|Magma Storm|p2a: Great Tusk\n|-damage|p2a: Great Tusk|28\/100\n|-activate|p2a: Great Tusk|move: Magma Storm|[of] p1a: Firelight\n|\n|-weather|Snow|[upkeep]\n|-heal|p2a: Great Tusk|34\/100|[from] item: Leftovers\n|-damage|p2a: Great Tusk|22\/100|[from] move: Magma Storm|[partiallytrapped]\n|upkeep\n|turn|30\n|inactive|Ronzi0 has 90 seconds left.\n|\n|t:|1699955131\n|move|p1a: Firelight|Protect|p1a: Firelight\n|-singleturn|p1a: Firelight|Protect\n|move|p2a: Great Tusk|Stealth Rock|p1a: Firelight\n|-sidestart|p1: Neutralist|move: Stealth Rock\n|\n|-weather|Snow|[upkeep]\n|-heal|p2a: Great Tusk|28\/100|[from] item: Leftovers\n|-damage|p2a: Great Tusk|15\/100|[from] move: Magma Storm|[partiallytrapped]\n|upkeep\n|turn|31\n|\n|t:|1699955138\n|switch|p1a: Nova|Ninetales-Alola, F|82\/100\n|-damage|p1a: Nova|57\/100|[from] Stealth Rock\n|move|p2a: Great Tusk|Earthquake|p1a: Nova\n|-damage|p1a: Nova|24\/100\n|\n|-weather|none\n|-heal|p2a: Great Tusk|22\/100|[from] item: Leftovers\n|-end|p2a: Great Tusk|Magma Storm|[partiallytrapped]|[silent]\n|upkeep\n|turn|32\n|\n|t:|1699955147\n|-end|p2a: Great Tusk|Protosynthesis|[silent]\n|switch|p2a: Hatterene|Hatterene, F|62\/100\n|move|p1a: Nova|Moonblast|p2a: Hatterene\n|-damage|p2a: Hatterene|34\/100\n|\n|-heal|p2a: Hatterene|39\/100|[from] item: Leftovers\n|upkeep\n|turn|33\n|\n|t:|1699955158\n|switch|p2a: Dragapult|Dragapult, F, shiny, tera:Ghost|100\/100\n|move|p1a: Nova|Moonblast|p2a: Dragapult\n|-damage|p2a: Dragapult|65\/100\n|\n|upkeep\n|turn|34\n|\n|t:|1699955165\n|move|p2a: Dragapult|Shadow Ball|p1a: Nova\n|-damage|p1a: Nova|0 fnt\n|faint|p1a: Nova\n|\n|upkeep\n|\n|t:|1699955169\n|switch|p1a: Firelight|Heatran, F|100\/100\n|-damage|p1a: Firelight|88\/100|[from] Stealth Rock\n|turn|35\n|\n|t:|1699955174\n|move|p2a: Dragapult|Shadow Ball|p1a: Firelight\n|-damage|p1a: Firelight|26\/100\n|-unboost|p1a: Firelight|spd|1\n|move|p1a: Firelight|Magma Storm|p2a: Dragapult\n|-crit|p2a: Dragapult\n|-damage|p2a: Dragapult|0 fnt\n|faint|p2a: Dragapult\n|\n|-heal|p1a: Firelight|32\/100|[from] item: Leftovers\n|upkeep\n|\n|t:|1699955185\n|switch|p2a: Great Tusk|Great Tusk, shiny|22\/100\n|turn|36\n|\n|t:|1699955190\n|move|p1a: Firelight|Earth Power|p2a: Great Tusk\n|-damage|p2a: Great Tusk|0 fnt\n|faint|p2a: Great Tusk\n|-end|p2a: Great Tusk|Protosynthesis|[silent]\n|\n|-heal|p1a: Firelight|38\/100|[from] item: Leftovers\n|upkeep\n|\n|t:|1699955193\n|switch|p2a: Hatterene|Hatterene, F|39\/100\n|turn|37\n|\n|t:|1699955196\n|move|p1a: Firelight|Magma Storm|p2a: Hatterene\n|-crit|p2a: Hatterene\n|-damage|p2a: Hatterene|0 fnt\n|faint|p2a: Hatterene\n|\n|win|Neutralist\n|raw|Neutralist's rating: 1654 &rarr; <strong>1667<\/strong><br \/>(+13 for winning)\n|raw|Ronzi0's rating: 1532 &rarr; <strong>1519<\/strong><br \/>(-13 for losing)\n|l|\u2606Ronzi0\n","uploadtime":1699955201,"views":13,"p1id":"neutralist","p2id":"ronzi0","formatid":"gen9ou","rating":1519,"private":0,"password":""}