{"id":"gen9ou-1996289631","p1":"Casildo","p2":"Romeh2o","format":"[Gen 9] OU","log":"|j|\u2606Casildo\n|j|\u2606Romeh2o\n|t:|1700667935\n|gametype|singles\n|player|p1|Casildo|cynthia-gen4|1253\n|player|p2|Romeh2o|169|1196\n|teamsize|p1|6\n|teamsize|p2|6\n|gen|9\n|tier|[Gen 9] OU\n|rated|\n|rule|Sleep Clause Mod: Limit one foe put to sleep\n|rule|Species Clause: Limit one of each Pok\u00e9mon\n|rule|OHKO Clause: OHKO moves are banned\n|rule|Evasion Items Clause: Evasion items are banned\n|rule|Evasion Moves Clause: Evasion moves are banned\n|rule|Endless Battle Clause: Forcing endless battles is banned\n|rule|HP Percentage Mod: HP is shown in percentages\n|clearpoke\n|poke|p1|Toxapex, F|\n|poke|p1|Gholdengo|\n|poke|p1|Scizor, M|\n|poke|p1|Dragonite, M|\n|poke|p1|Breloom, M|\n|poke|p1|Skeledirge, M|\n|poke|p2|Iron Moth|\n|poke|p2|Garchomp, F|\n|poke|p2|Enamorus, F|\n|poke|p2|Kingambit, F|\n|poke|p2|Iron Valiant|\n|poke|p2|Glimmora, F|\n|teampreview\n|\n|t:|1700667946\n|start\n|switch|p1a: GOD IS DEAD|Breloom, M, shiny|100\/100\n|switch|p2a: Glimmora|Glimmora, F|100\/100\n|turn|1\n|inactive|Battle timer is ON: inactive players will automatically lose when time's up. (requested by Casildo)\n|\n|t:|1700667954\n|move|p2a: Glimmora|Stealth Rock|p1a: GOD IS DEAD\n|-sidestart|p1: Casildo|move: Stealth Rock\n|move|p1a: GOD IS DEAD|Bullet Seed|p2a: Glimmora\n|-damage|p2a: Glimmora|76\/100\n|-activate|p2a: Glimmora|ability: Toxic Debris\n|-sidestart|p1: Casildo|move: Toxic Spikes\n|-damage|p2a: Glimmora|53\/100\n|-activate|p2a: Glimmora|ability: Toxic Debris\n|-sidestart|p1: Casildo|move: Toxic Spikes\n|-damage|p2a: Glimmora|30\/100\n|-damage|p2a: Glimmora|8\/100\n|-crit|p2a: Glimmora\n|-damage|p2a: Glimmora|0 fnt\n|faint|p2a: Glimmora\n|-hitcount|p2: Glimmora|5\n|\n|upkeep\n|\n|t:|1700667969\n|switch|p2a: Iron Moth|Iron Moth|100\/100\n|-enditem|p2a: Iron Moth|Booster Energy\n|-activate|p2a: Iron Moth|ability: Quark Drive|[fromitem]\n|-start|p2a: Iron Moth|quarkdrivespe\n|turn|2\n|\n|t:|1700667978\n|switch|p1a: 2ndNailintheCoffin|Toxapex, F|100\/100\n|-damage|p1a: 2ndNailintheCoffin|88\/100|[from] Stealth Rock\n|-sideend|p1: Casildo|move: Toxic Spikes|[of] p1a: 2ndNailintheCoffin\n|move|p2a: Iron Moth|Sludge Wave|p1a: 2ndNailintheCoffin\n|-resisted|p1a: 2ndNailintheCoffin\n|-damage|p1a: 2ndNailintheCoffin|67\/100\n|\n|-heal|p1a: 2ndNailintheCoffin|74\/100|[from] item: Black Sludge\n|upkeep\n|turn|3\n|\n|t:|1700667999\n|-terastallize|p2a: Iron Moth|Ground\n|move|p2a: Iron Moth|Tera Blast|p1a: 2ndNailintheCoffin|[anim] Tera Blast Ground\n|-supereffective|p1a: 2ndNailintheCoffin\n|-damage|p1a: 2ndNailintheCoffin|2\/100\n|move|p1a: 2ndNailintheCoffin|Toxic|p2a: Iron Moth\n|-status|p2a: Iron Moth|tox\n|\n|-heal|p1a: 2ndNailintheCoffin|9\/100|[from] item: Black Sludge\n|-damage|p2a: Iron Moth|95\/100 tox|[from] psn\n|upkeep\n|turn|4\n|\n|t:|1700668010\n|move|p1a: 2ndNailintheCoffin|Baneful Bunker|p1a: 2ndNailintheCoffin\n|-singleturn|p1a: 2ndNailintheCoffin|move: Protect\n|move|p2a: Iron Moth|Tera Blast|p1a: 2ndNailintheCoffin|[anim] Tera Blast Ground\n|-activate|p1a: 2ndNailintheCoffin|move: Protect\n|\n|-heal|p1a: 2ndNailintheCoffin|15\/100|[from] item: Black Sludge\n|-damage|p2a: Iron Moth|83\/100 tox|[from] psn\n|upkeep\n|turn|5\n|\n|t:|1700668019\n|switch|p1a: fat sicko|Dragonite, M, shiny|100\/100\n|-damage|p1a: fat sicko|76\/100|[from] Stealth Rock\n|move|p2a: Iron Moth|Tera Blast|p1a: fat sicko|[anim] Tera Blast Ground\n|-immune|p1a: fat sicko\n|\n|-damage|p2a: Iron Moth|65\/100 tox|[from] psn\n|upkeep\n|turn|6\n|\n|t:|1700668032\n|move|p2a: Iron Moth|Sludge Wave|p1a: fat sicko\n|-damage|p1a: fat sicko|33\/100\n|-status|p1a: fat sicko|psn\n|move|p1a: fat sicko|Dragon Dance|p1a: fat sicko\n|-boost|p1a: fat sicko|atk|1\n|-boost|p1a: fat sicko|spe|1\n|\n|-damage|p2a: Iron Moth|41\/100 tox|[from] psn\n|-damage|p1a: fat sicko|20\/100 psn|[from] psn\n|upkeep\n|turn|7\n|\n|t:|1700668042\n|move|p1a: fat sicko|Extreme Speed|p2a: Iron Moth\n|-damage|p2a: Iron Moth|0 fnt\n|faint|p2a: Iron Moth\n|-end|p2a: Iron Moth|Quark Drive|[silent]\n|\n|-damage|p1a: fat sicko|8\/100 psn|[from] psn\n|upkeep\n|\n|t:|1700668049\n|switch|p2a: Iron Valiant|Iron Valiant|100\/100\n|-enditem|p2a: Iron Valiant|Booster Energy\n|-activate|p2a: Iron Valiant|ability: Quark Drive|[fromitem]\n|-start|p2a: Iron Valiant|quarkdrivespe\n|turn|8\n|\n|t:|1700668056\n|-terastallize|p1a: fat sicko|Normal\n|move|p1a: fat sicko|Extreme Speed|p2a: Iron Valiant\n|-damage|p2a: Iron Valiant|31\/100\n|move|p2a: Iron Valiant|Moonblast|p1a: fat sicko\n|-damage|p1a: fat sicko|0 fnt\n|faint|p1a: fat sicko\n|\n|upkeep\n|\n|t:|1700668068\n|switch|p1a: hello|Scizor, M|100\/100\n|-damage|p1a: hello|88\/100|[from] Stealth Rock\n|turn|9\n|\n|t:|1700668075\n|move|p2a: Iron Valiant|Moonblast|p1a: hello\n|-resisted|p1a: hello\n|-damage|p1a: hello|60\/100\n|move|p1a: hello|Defog|p2a: Iron Valiant\n|-unboost|p2a: Iron Valiant|evasion|1\n|-sideend|p1: Casildo|Stealth Rock|[from] move: Defog|[of] p1a: hello\n|\n|upkeep\n|turn|10\n|\n|t:|1700668082\n|move|p1a: hello|Bullet Punch|p2a: Iron Valiant\n|-supereffective|p2a: Iron Valiant\n|-crit|p2a: Iron Valiant\n|-damage|p2a: Iron Valiant|0 fnt\n|faint|p2a: Iron Valiant\n|-end|p2a: Iron Valiant|Quark Drive|[silent]\n|\n|upkeep\n|\n|t:|1700668087\n|switch|p2a: Garchomp|Garchomp, F|100\/100\n|turn|11\n|\n|t:|1700668094\n|move|p2a: Garchomp|Earthquake|p1a: hello\n|-damage|p1a: hello|21\/100\n|move|p1a: hello|U-turn|p2a: Garchomp\n|-damage|p2a: Garchomp|70\/100\n|-damage|p1a: hello|9\/100|[from] ability: Rough Skin|[of] p2a: Garchomp\n|\n|t:|1700668105\n|switch|p1a: GOD IS DEAD|Breloom, M, shiny|100\/100|[from] U-turn\n|\n|-heal|p2a: Garchomp|76\/100|[from] item: Leftovers\n|upkeep\n|turn|12\n|\n|t:|1700668111\n|move|p2a: Garchomp|Earthquake|p1a: GOD IS DEAD\n|-resisted|p1a: GOD IS DEAD\n|-damage|p1a: GOD IS DEAD|60\/100\n|move|p1a: GOD IS DEAD|Spore|p2a: Garchomp\n|-status|p2a: Garchomp|slp|[from] move: Spore\n|\n|-heal|p2a: Garchomp|82\/100 slp|[from] item: Leftovers\n|upkeep\n|turn|13\n|\n|t:|1700668119\n|cant|p2a: Garchomp|slp\n|move|p1a: GOD IS DEAD|Bullet Seed|p2a: Garchomp\n|-damage|p2a: Garchomp|63\/100 slp\n|-damage|p2a: Garchomp|45\/100 slp\n|-crit|p2a: Garchomp\n|-damage|p2a: Garchomp|17\/100 slp\n|-damage|p2a: Garchomp|0 fnt\n|faint|p2a: Garchomp\n|-hitcount|p2: Garchomp|4\n|\n|upkeep\n|\n|t:|1700668129\n|switch|p2a: Kingambit|Kingambit, F|100\/100\n|-activate|p2a: Kingambit|ability: Supreme Overlord\n|-start|p2a: Kingambit|fallen4|[silent]\n|turn|14\n|\n|t:|1700668135\n|move|p1a: GOD IS DEAD|Mach Punch|p2a: Kingambit\n|-supereffective|p2a: Kingambit\n|-damage|p2a: Kingambit|3\/100\n|move|p2a: Kingambit|Kowtow Cleave|p1a: GOD IS DEAD\n|-resisted|p1a: GOD IS DEAD\n|-damage|p1a: GOD IS DEAD|9\/100\n|\n|-heal|p2a: Kingambit|9\/100|[from] item: Leftovers\n|upkeep\n|turn|15\n|c|\u2606Casildo|ooof\n|\n|t:|1700668143\n|move|p1a: GOD IS DEAD|Mach Punch|p2a: Kingambit\n|-supereffective|p2a: Kingambit\n|-damage|p2a: Kingambit|0 fnt\n|faint|p2a: Kingambit\n|-end|p2a: Kingambit|fallen4|[silent]\n|\n|upkeep\n|c|\u2606Romeh2o|nique your mother\n|\n|t:|1700668167\n|switch|p2a: Enamorus|Enamorus, F|100\/100\n|turn|16\n|\n|t:|1700668171\n|move|p2a: Enamorus|Moonblast|p1a: GOD IS DEAD\n|-supereffective|p1a: GOD IS DEAD\n|-damage|p1a: GOD IS DEAD|0 fnt\n|faint|p1a: GOD IS DEAD\n|\n|upkeep\n|\n|t:|1700668176\n|switch|p1a: 2ndNailintheCoffin|Toxapex, F|48\/100\n|turn|17\n|\n|t:|1700668180\n|move|p2a: Enamorus|Moonblast|p1a: 2ndNailintheCoffin\n|-resisted|p1a: 2ndNailintheCoffin\n|-damage|p1a: 2ndNailintheCoffin|27\/100\n|move|p1a: 2ndNailintheCoffin|Recover|p1a: 2ndNailintheCoffin\n|-heal|p1a: 2ndNailintheCoffin|77\/100\n|\n|-heal|p1a: 2ndNailintheCoffin|83\/100|[from] item: Black Sludge\n|upkeep\n|turn|18\n|\n|t:|1700668187\n|move|p2a: Enamorus|Moonblast|p1a: 2ndNailintheCoffin\n|-resisted|p1a: 2ndNailintheCoffin\n|-damage|p1a: 2ndNailintheCoffin|62\/100\n|move|p1a: 2ndNailintheCoffin|Toxic|p2a: Enamorus\n|-status|p2a: Enamorus|tox\n|\n|-heal|p1a: 2ndNailintheCoffin|69\/100|[from] item: Black Sludge\n|-damage|p2a: Enamorus|94\/100 tox|[from] psn\n|upkeep\n|turn|19\n|\n|t:|1700668196\n|move|p2a: Enamorus|Moonblast|p1a: 2ndNailintheCoffin\n|-resisted|p1a: 2ndNailintheCoffin\n|-damage|p1a: 2ndNailintheCoffin|46\/100\n|move|p1a: 2ndNailintheCoffin|Surf|p2a: Enamorus\n|-damage|p2a: Enamorus|68\/100 tox\n|\n|-heal|p1a: 2ndNailintheCoffin|52\/100|[from] item: Black Sludge\n|-damage|p2a: Enamorus|56\/100 tox|[from] psn\n|upkeep\n|turn|20\n|\n|t:|1700668204\n|move|p2a: Enamorus|Moonblast|p1a: 2ndNailintheCoffin\n|-resisted|p1a: 2ndNailintheCoffin\n|-damage|p1a: 2ndNailintheCoffin|31\/100\n|move|p1a: 2ndNailintheCoffin|Surf|p2a: Enamorus\n|-damage|p2a: Enamorus|27\/100 tox\n|\n|-heal|p1a: 2ndNailintheCoffin|38\/100|[from] item: Black Sludge\n|-damage|p2a: Enamorus|9\/100 tox|[from] psn\n|upkeep\n|turn|21\n|c|\u2606Casildo|gg\n|\n|t:|1700668215\n|move|p2a: Enamorus|Moonblast|p1a: 2ndNailintheCoffin\n|-resisted|p1a: 2ndNailintheCoffin\n|-damage|p1a: 2ndNailintheCoffin|16\/100\n|move|p1a: 2ndNailintheCoffin|Surf|p2a: Enamorus\n|-damage|p2a: Enamorus|0 fnt\n|faint|p2a: Enamorus\n|\n|win|Casildo\n|raw|Casildo's rating: 1253 &rarr; <strong>1274<\/strong><br \/>(+21 for winning)\n|raw|Romeh2o's rating: 1196 &rarr; <strong>1175<\/strong><br \/>(-21 for losing)\n","uploadtime":1700668165,"views":0,"p1id":"casildo","p2id":"romeh2o","formatid":"gen9ou","rating":1175,"private":0,"password":""}