{"id":"gen9ou-1997169565","p1":"mathismathin","p2":"cerberus sama","format":"[Gen 9] OU","log":"|j|\u2606mathismathin\n|j|\u203dcerberus sama\n|t:|1700771628\n|gametype|singles\n|player|p1|mathismathin|nate|1655\n|player|p2|cerberus sama|1|1712\n|teamsize|p1|6\n|teamsize|p2|6\n|gen|9\n|tier|[Gen 9] OU\n|rated|\n|rule|Sleep Clause Mod: Limit one foe put to sleep\n|rule|Species Clause: Limit one of each Pok\u00e9mon\n|rule|OHKO Clause: OHKO moves are banned\n|rule|Evasion Items Clause: Evasion items are banned\n|rule|Evasion Moves Clause: Evasion moves are banned\n|rule|Endless Battle Clause: Forcing endless battles is banned\n|rule|HP Percentage Mod: HP is shown in percentages\n|clearpoke\n|poke|p1|Chesnaught, M|\n|poke|p1|Magnezone|\n|poke|p1|Sawsbuck, M|\n|poke|p1|Tinkaton, F|\n|poke|p1|Toxapex, M|\n|poke|p1|Walking Wake|\n|poke|p2|Garganacl, M|\n|poke|p2|Great Tusk|\n|poke|p2|Clodsire, M|\n|poke|p2|Landorus-Therian, M|\n|poke|p2|Iron Valiant|\n|poke|p2|Pawmot, F|\n|teampreview\n|inactive|Battle timer is ON: inactive players will automatically lose when time's up. (requested by cerberus sama)\n|\n|t:|1700771647\n|start\n|switch|p1a: Walking Wake|Walking Wake|100\/100\n|switch|p2a: Iron Valiant|Iron Valiant|100\/100\n|turn|1\n|\n|t:|1700771651\n|-end|p1a: Walking Wake|Protosynthesis|[silent]\n|switch|p1a: Toxapex|Toxapex, M|100\/100\n|move|p2a: Iron Valiant|Trick|p1a: Toxapex\n|-activate|p2a: Iron Valiant|move: Trick|[of] p1a: Toxapex\n|-item|p1a: Toxapex|Choice Scarf|[from] move: Trick\n|-item|p2a: Iron Valiant|Leftovers|[from] move: Trick\n|\n|upkeep\n|turn|2\n|\n|t:|1700771655\n|-end|p2a: Iron Valiant|Quark Drive|[silent]\n|switch|p2a: Clodsire|Clodsire, M|100\/100\n|move|p1a: Toxapex|Surf|p2a: Clodsire\n|-immune|p2a: Clodsire|[from] ability: Water Absorb\n|\n|upkeep\n|turn|3\n|\n|t:|1700771664\n|switch|p1a: Tinkaton|Tinkaton, F|100\/100\n|-ability|p1a: Tinkaton|Mold Breaker\n|move|p2a: Clodsire|Stealth Rock|p1a: Tinkaton\n|-sidestart|p1: mathismathin|move: Stealth Rock\n|\n|upkeep\n|turn|4\n|\n|t:|1700771669\n|switch|p2a: Landorus|Landorus-Therian, M|100\/100\n|-ability|p2a: Landorus|Intimidate|boost\n|-unboost|p1a: Tinkaton|atk|1\n|move|p1a: Tinkaton|Encore||[still]\n|-fail|p1a: Tinkaton\n|\n|upkeep\n|turn|5\n|\n|t:|1700771675\n|switch|p1a: Chesnaught|Chesnaught, M|100\/100\n|-damage|p1a: Chesnaught|94\/100|[from] Stealth Rock\n|move|p2a: Landorus|Earth Power|p1a: Chesnaught\n|-resisted|p1a: Chesnaught\n|-damage|p1a: Chesnaught|71\/100\n|\n|upkeep\n|turn|6\n|\n|t:|1700771680\n|move|p2a: Landorus|U-turn|p1a: Chesnaught\n|-damage|p1a: Chesnaught|58\/100\n|-damage|p2a: Landorus|84\/100|[from] item: Rocky Helmet|[of] p1a: Chesnaught\n|j| Pajoomas!\n|\n|t:|1700771687\n|switch|p2a: Iron Valiant|Iron Valiant|100\/100|[from] U-turn\n|move|p1a: Chesnaught|Spikes|p2a: Iron Valiant\n|-sidestart|p2: cerberus sama|Spikes\n|\n|upkeep\n|turn|7\n|inactive|mathismathin has 120 seconds left.\n|inactive|mathismathin has 90 seconds left.\n|\n|t:|1700771752\n|switch|p1a: Tinkaton|Tinkaton, F|100\/100\n|-damage|p1a: Tinkaton|94\/100|[from] Stealth Rock\n|-ability|p1a: Tinkaton|Mold Breaker\n|move|p2a: Iron Valiant|Moonblast|p1a: Tinkaton\n|-resisted|p1a: Tinkaton\n|-damage|p1a: Tinkaton|78\/100\n|-unboost|p1a: Tinkaton|spa|1\n|\n|-heal|p1a: Tinkaton|84\/100|[from] item: Leftovers\n|upkeep\n|turn|8\n|\n|t:|1700771762\n|-end|p2a: Iron Valiant|Quark Drive|[silent]\n|switch|p2a: Landorus|Landorus-Therian, M|84\/100\n|-ability|p2a: Landorus|Intimidate|boost\n|-unboost|p1a: Tinkaton|atk|1\n|move|p1a: Tinkaton|Knock Off|p2a: Landorus\n|-damage|p2a: Landorus|70\/100\n|-enditem|p2a: Landorus|Leftovers|[from] move: Knock Off|[of] p1a: Tinkaton\n|\n|-heal|p1a: Tinkaton|91\/100|[from] item: Leftovers\n|upkeep\n|turn|9\n|inactive|mathismathin has 90 seconds left.\n|inactive|mathismathin has 60 seconds left.\n|\n|t:|1700771815\n|switch|p1a: Chesnaught|Chesnaught, M|58\/100\n|-damage|p1a: Chesnaught|52\/100|[from] Stealth Rock\n|move|p2a: Landorus|Earth Power|p1a: Chesnaught\n|-resisted|p1a: Chesnaught\n|-damage|p1a: Chesnaught|29\/100\n|\n|upkeep\n|turn|10\n|\n|t:|1700771823\n|move|p2a: Landorus|Earth Power|p1a: Chesnaught\n|-resisted|p1a: Chesnaught\n|-damage|p1a: Chesnaught|6\/100\n|move|p1a: Chesnaught|Synthesis|p1a: Chesnaught\n|-heal|p1a: Chesnaught|56\/100\n|\n|upkeep\n|turn|11\n|\n|t:|1700771826\n|move|p2a: Landorus|U-turn|p1a: Chesnaught\n|-crit|p1a: Chesnaught\n|-damage|p1a: Chesnaught|37\/100\n|-damage|p2a: Landorus|54\/100|[from] item: Rocky Helmet|[of] p1a: Chesnaught\n|\n|t:|1700771831\n|switch|p2a: Iron Valiant|Iron Valiant|100\/100|[from] U-turn\n|-damage|p2a: Iron Valiant|88\/100|[from] Spikes\n|move|p1a: Chesnaught|Synthesis|p1a: Chesnaught\n|-heal|p1a: Chesnaught|87\/100\n|\n|-heal|p2a: Iron Valiant|94\/100|[from] item: Leftovers\n|upkeep\n|turn|12\n|j| banjoindamanjo\n|\n|t:|1700771840\n|switch|p1a: Tinkaton|Tinkaton, F|91\/100\n|-damage|p1a: Tinkaton|84\/100|[from] Stealth Rock\n|-ability|p1a: Tinkaton|Mold Breaker\n|move|p2a: Iron Valiant|Moonblast|p1a: Tinkaton\n|-resisted|p1a: Tinkaton\n|-damage|p1a: Tinkaton|68\/100\n|\n|-heal|p2a: Iron Valiant|100\/100|[from] item: Leftovers\n|-heal|p1a: Tinkaton|75\/100|[from] item: Leftovers\n|upkeep\n|turn|13\n|inactive|mathismathin has 90 seconds left.\n|\n|t:|1700771845\n|move|p2a: Iron Valiant|Aura Sphere|p1a: Tinkaton\n|-damage|p1a: Tinkaton|50\/100\n|move|p1a: Tinkaton|Gigaton Hammer|p2a: Iron Valiant\n|-supereffective|p2a: Iron Valiant\n|-damage|p2a: Iron Valiant|0 fnt\n|faint|p2a: Iron Valiant\n|-end|p2a: Iron Valiant|Quark Drive|[silent]\n|\n|-heal|p1a: Tinkaton|56\/100|[from] item: Leftovers\n|upkeep\n|\n|t:|1700771850\n|switch|p2a: Great Tusk|Great Tusk|100\/100\n|-damage|p2a: Great Tusk|88\/100|[from] Spikes\n|turn|14\n|\n|t:|1700771857\n|switch|p1a: Chesnaught|Chesnaught, M|87\/100\n|-damage|p1a: Chesnaught|81\/100|[from] Stealth Rock\n|move|p2a: Great Tusk|Knock Off|p1a: Chesnaught\n|-resisted|p1a: Chesnaught\n|-damage|p1a: Chesnaught|73\/100\n|-damage|p2a: Great Tusk|72\/100|[from] item: Rocky Helmet|[of] p1a: Chesnaught\n|-enditem|p1a: Chesnaught|Rocky Helmet|[from] move: Knock Off|[of] p2a: Great Tusk\n|\n|upkeep\n|turn|15\n|\n|t:|1700771878\n|move|p2a: Great Tusk|Rapid Spin|p1a: Chesnaught\n|-damage|p1a: Chesnaught|63\/100\n|-boost|p2a: Great Tusk|spe|1\n|-sideend|p2: cerberus sama|Spikes|[from] move: Rapid Spin|[of] p2a: Great Tusk\n|move|p1a: Chesnaught|Body Press|p2a: Great Tusk\n|-damage|p2a: Great Tusk|49\/100\n|\n|upkeep\n|turn|16\n|\n|t:|1700771887\n|-end|p2a: Great Tusk|Protosynthesis|[silent]\n|switch|p2a: Clodsire|Clodsire, M|100\/100\n|move|p1a: Chesnaught|Synthesis|p1a: Chesnaught\n|-heal|p1a: Chesnaught|100\/100\n|\n|upkeep\n|turn|17\n|\n|t:|1700771898\n|move|p1a: Chesnaught|Spikes|p2a: Clodsire\n|-sidestart|p2: cerberus sama|Spikes\n|move|p2a: Clodsire|Toxic|p1a: Chesnaught\n|-status|p1a: Chesnaught|tox\n|\n|-damage|p1a: Chesnaught|94\/100 tox|[from] psn\n|upkeep\n|turn|18\n|c| Pajoomas!|sawsbuck is crazy\n|inactive|mathismathin has 90 seconds left.\n|c| Pajoomas!|this is the greatest OU team of all time\n|\n|t:|1700771925\n|switch|p1a: Tinkaton|Tinkaton, F|56\/100\n|-damage|p1a: Tinkaton|50\/100|[from] Stealth Rock\n|-ability|p1a: Tinkaton|Mold Breaker\n|move|p2a: Clodsire|Earthquake|p1a: Tinkaton\n|-supereffective|p1a: Tinkaton\n|-damage|p1a: Tinkaton|0 fnt\n|faint|p1a: Tinkaton\n|\n|upkeep\n|\n|t:|1700771928\n|switch|p1a: Sawsbuck|Sawsbuck, M|100\/100\n|-damage|p1a: Sawsbuck|88\/100|[from] Stealth Rock\n|turn|19\n|\n|t:|1700771934\n|move|p1a: Sawsbuck|Headbutt|p2a: Clodsire\n|-damage|p2a: Clodsire|67\/100\n|cant|p2a: Clodsire|flinch\n|\n|-heal|p2a: Clodsire|73\/100|[from] item: Black Sludge\n|upkeep\n|turn|20\n|\n|t:|1700771939\n|move|p1a: Sawsbuck|Headbutt|p2a: Clodsire\n|-damage|p2a: Clodsire|39\/100\n|cant|p2a: Clodsire|flinch\n|\n|-heal|p2a: Clodsire|45\/100|[from] item: Black Sludge\n|upkeep\n|turn|21\n|\n|t:|1700771943\n|switch|p2a: Landorus|Landorus-Therian, M|54\/100\n|-ability|p2a: Landorus|Intimidate|boost\n|-unboost|p1a: Sawsbuck|atk|1\n|move|p1a: Sawsbuck|Stomping Tantrum|p2a: Landorus\n|-immune|p2a: Landorus\n|\n|upkeep\n|turn|22\n|\n|t:|1700771948\n|switch|p1a: Chesnaught|Chesnaught, M|94\/100 tox\n|-damage|p1a: Chesnaught|88\/100 tox|[from] Stealth Rock\n|move|p2a: Landorus|U-turn|p1a: Chesnaught\n|-damage|p1a: Chesnaught|76\/100 tox\n|\n|t:|1700771954\n|switch|p2a: Garganacl|Garganacl, M|100\/100|[from] U-turn\n|-damage|p2a: Garganacl|88\/100|[from] Spikes\n|\n|-heal|p2a: Garganacl|94\/100|[from] item: Leftovers\n|-damage|p1a: Chesnaught|70\/100 tox|[from] psn\n|upkeep\n|turn|23\n|\n|t:|1700771962\n|-terastallize|p2a: Garganacl|Ghost\n|move|p1a: Chesnaught|Spikes|p2a: Garganacl\n|-sidestart|p2: cerberus sama|Spikes\n|move|p2a: Garganacl|Salt Cure|p1a: Chesnaught\n|-resisted|p1a: Chesnaught\n|-damage|p1a: Chesnaught|65\/100 tox\n|-start|p1a: Chesnaught|Salt Cure\n|\n|-heal|p2a: Garganacl|100\/100|[from] item: Leftovers\n|-damage|p1a: Chesnaught|53\/100 tox|[from] psn\n|-damage|p1a: Chesnaught|41\/100 tox|[from] Salt Cure\n|upkeep\n|turn|24\n|\n|t:|1700771968\n|move|p1a: Chesnaught|Spikes|p2a: Garganacl\n|-sidestart|p2: cerberus sama|Spikes\n|move|p2a: Garganacl|Substitute|p2a: Garganacl\n|-start|p2a: Garganacl|Substitute\n|-damage|p2a: Garganacl|75\/100\n|\n|-heal|p2a: Garganacl|82\/100|[from] item: Leftovers\n|-damage|p1a: Chesnaught|23\/100 tox|[from] psn\n|-damage|p1a: Chesnaught|10\/100 tox|[from] Salt Cure\n|upkeep\n|turn|25\n|\n|t:|1700771973\n|switch|p1a: Toxapex|Toxapex, M|100\/100\n|-damage|p1a: Toxapex|88\/100|[from] Stealth Rock\n|move|p2a: Garganacl|Salt Cure|p1a: Toxapex\n|-damage|p1a: Toxapex|80\/100\n|-start|p1a: Toxapex|Salt Cure\n|\n|-heal|p2a: Garganacl|88\/100|[from] item: Leftovers\n|-damage|p1a: Toxapex|55\/100|[from] Salt Cure\n|upkeep\n|turn|26\n|\n|t:|1700771976\n|move|p2a: Garganacl|Protect|p2a: Garganacl\n|-singleturn|p2a: Garganacl|Protect\n|move|p1a: Toxapex|Surf|p2a: Garganacl\n|-activate|p2a: Garganacl|move: Protect\n|\n|-heal|p2a: Garganacl|94\/100|[from] item: Leftovers\n|-damage|p1a: Toxapex|30\/100|[from] Salt Cure\n|upkeep\n|turn|27\n|\n|t:|1700771984\n|move|p1a: Toxapex|Surf|p2a: Garganacl\n|-activate|p2a: Garganacl|move: Substitute|[damage]\n|move|p2a: Garganacl|Substitute|p2a: Garganacl\n|-fail|p2a: Garganacl|move: Substitute\n|\n|-heal|p2a: Garganacl|99\/100|[from] item: Leftovers\n|-damage|p1a: Toxapex|5\/100|[from] Salt Cure\n|upkeep\n|turn|28\n|\n|t:|1700771988\n|switch|p1a: Magnezone|Magnezone|100\/100\n|-damage|p1a: Magnezone|94\/100|[from] Stealth Rock\n|move|p2a: Garganacl|Protect||[still]\n|-fail|p2a: Garganacl\n|\n|-heal|p2a: Garganacl|100\/100|[from] item: Leftovers\n|upkeep\n|turn|29\n|\n|t:|1700771991\n|move|p1a: Magnezone|Volt Switch|p2a: Garganacl\n|-end|p2a: Garganacl|Substitute\n|\n|t:|1700771994\n|switch|p1a: Chesnaught|Chesnaught, M|10\/100 tox|[from] Volt Switch\n|-damage|p1a: Chesnaught|4\/100 tox|[from] Stealth Rock\n|move|p2a: Garganacl|Salt Cure|p1a: Chesnaught\n|-resisted|p1a: Chesnaught\n|-damage|p1a: Chesnaught|0 fnt\n|faint|p1a: Chesnaught\n|\n|upkeep\n|\n|t:|1700771998\n|switch|p1a: Magnezone|Magnezone|94\/100\n|-damage|p1a: Magnezone|88\/100|[from] Stealth Rock\n|turn|30\n|\n|t:|1700772001\n|move|p2a: Garganacl|Protect|p2a: Garganacl\n|-singleturn|p2a: Garganacl|Protect\n|move|p1a: Magnezone|Flash Cannon|p2a: Garganacl\n|-activate|p2a: Garganacl|move: Protect\n|\n|upkeep\n|turn|31\n|\n|t:|1700772006\n|move|p1a: Magnezone|Flash Cannon|p2a: Garganacl\n|-damage|p2a: Garganacl|36\/100\n|move|p2a: Garganacl|Salt Cure|p1a: Magnezone\n|-resisted|p1a: Magnezone\n|-damage|p1a: Magnezone|81\/100\n|-start|p1a: Magnezone|Salt Cure\n|\n|-heal|p2a: Garganacl|43\/100|[from] item: Leftovers\n|-damage|p1a: Magnezone|56\/100|[from] Salt Cure\n|upkeep\n|turn|32\n|\n|t:|1700772009\n|move|p2a: Garganacl|Protect|p2a: Garganacl\n|-singleturn|p2a: Garganacl|Protect\n|move|p1a: Magnezone|Flash Cannon|p2a: Garganacl\n|-activate|p2a: Garganacl|move: Protect\n|\n|-heal|p2a: Garganacl|49\/100|[from] item: Leftovers\n|-damage|p1a: Magnezone|31\/100|[from] Salt Cure\n|upkeep\n|turn|33\n|\n|t:|1700772027\n|switch|p2a: Great Tusk|Great Tusk|49\/100\n|-damage|p2a: Great Tusk|24\/100|[from] Spikes\n|move|p1a: Magnezone|Flash Cannon|p2a: Great Tusk\n|-damage|p2a: Great Tusk|0 fnt\n|faint|p2a: Great Tusk\n|-end|p2a: Great Tusk|Protosynthesis|[silent]\n|\n|-damage|p1a: Magnezone|6\/100|[from] Salt Cure\n|upkeep\n|\n|t:|1700772033\n|switch|p2a: Landorus|Landorus-Therian, M|54\/100\n|-ability|p2a: Landorus|Intimidate|boost\n|-unboost|p1a: Magnezone|atk|1\n|turn|34\n|\n|t:|1700772044\n|move|p2a: Landorus|U-turn|p1a: Magnezone\n|-resisted|p1a: Magnezone\n|-damage|p1a: Magnezone|0 fnt\n|faint|p1a: Magnezone\n|\n|t:|1700772058\n|switch|p2a: Pawmot|Pawmot, F|100\/100|[from] U-turn\n|-damage|p2a: Pawmot|76\/100|[from] Spikes\n|\n|upkeep\n|\n|t:|1700772085\n|switch|p1a: Walking Wake|Walking Wake|100\/100\n|-damage|p1a: Walking Wake|88\/100|[from] Stealth Rock\n|turn|35\n|\n|t:|1700772088\n|move|p2a: Pawmot|Fake Out|p1a: Walking Wake\n|-damage|p1a: Walking Wake|73\/100\n|cant|p1a: Walking Wake|flinch\n|\n|upkeep\n|turn|36\n|\n|t:|1700772095\n|switch|p2a: Clodsire|Clodsire, M|45\/100\n|-damage|p2a: Clodsire|20\/100|[from] Spikes\n|move|p1a: Walking Wake|Flamethrower|p2a: Clodsire\n|-damage|p2a: Clodsire|0 fnt\n|faint|p2a: Clodsire\n|\n|upkeep\n|\n|t:|1700772101\n|switch|p2a: Landorus|Landorus-Therian, M|54\/100\n|-ability|p2a: Landorus|Intimidate|boost\n|-unboost|p1a: Walking Wake|atk|1\n|turn|37\n|\n|t:|1700772104\n|move|p1a: Walking Wake|Flamethrower|p2a: Landorus\n|-crit|p2a: Landorus\n|-damage|p2a: Landorus|0 fnt\n|faint|p2a: Landorus\n|\n|upkeep\n|\n|t:|1700772110\n|switch|p2a: Pawmot|Pawmot, F|76\/100\n|-damage|p2a: Pawmot|51\/100|[from] Spikes\n|turn|38\n|inactive|mathismathin has 120 seconds left.\n|\n|t:|1700772143\n|move|p1a: Walking Wake|Flamethrower|p2a: Pawmot\n|-damage|p2a: Pawmot|0 fnt\n|faint|p2a: Pawmot\n|\n|upkeep\n|\n|t:|1700772148\n|switch|p2a: Garganacl|Garganacl, M, tera:Ghost|49\/100\n|-damage|p2a: Garganacl|24\/100|[from] Spikes\n|turn|39\n|\n|t:|1700772150\n|move|p2a: Garganacl|Protect|p2a: Garganacl\n|-singleturn|p2a: Garganacl|Protect\n|move|p1a: Walking Wake|Flamethrower|p2a: Garganacl\n|-activate|p2a: Garganacl|move: Protect\n|\n|-heal|p2a: Garganacl|30\/100|[from] item: Leftovers\n|upkeep\n|turn|40\n|\n|t:|1700772152\n|move|p1a: Walking Wake|Flamethrower|p2a: Garganacl\n|-damage|p2a: Garganacl|0 fnt\n|faint|p2a: Garganacl\n|\n|win|mathismathin\n|raw|mathismathin's rating: 1655 &rarr; <strong>1678<\/strong><br \/>(+23 for winning)\n|raw|cerberus sama's rating: 1712 &rarr; <strong>1689<\/strong><br \/>(-23 for losing)\n|l|\u203dcerberus sama\n|l|\u2606mathismathin\n","uploadtime":1700772155,"views":5,"p1id":"mathismathin","p2id":"cerberussama","formatid":"gen9ou","rating":1678,"private":0,"password":""}