{"id":"gen9ou-1991651439","p1":"lord denominator","p2":"Oliver is God","format":"[Gen 9] OU","log":"|j|\u203dlord denominator\n|j|\u2606Oliver is God\n|t:|1700098592\n|gametype|singles\n|player|p1|lord denominator|iris-gen5bw2|1207\n|player|p2|Oliver is God|hiker-gen4|1159\n|teamsize|p1|6\n|teamsize|p2|6\n|gen|9\n|tier|[Gen 9] OU\n|rated|\n|rule|Sleep Clause Mod: Limit one foe put to sleep\n|rule|Species Clause: Limit one of each Pok\u00e9mon\n|rule|OHKO Clause: OHKO moves are banned\n|rule|Evasion Items Clause: Evasion items are banned\n|rule|Evasion Moves Clause: Evasion moves are banned\n|rule|Endless Battle Clause: Forcing endless battles is banned\n|rule|HP Percentage Mod: HP is shown in percentages\n|clearpoke\n|poke|p1|Ribombee, M|\n|poke|p1|Breloom, F|\n|poke|p1|Gholdengo|\n|poke|p1|Kingambit, M|\n|poke|p1|Great Tusk|\n|poke|p1|Walking Wake|\n|poke|p2|Weezing-Galar, F|\n|poke|p2|Alomomola, F|\n|poke|p2|Greninja-*, M|\n|poke|p2|Ting-Lu|\n|poke|p2|Gholdengo|\n|poke|p2|Hatterene, F|\n|teampreview\n|inactive|Battle timer is ON: inactive players will automatically lose when time's up. (requested by lord denominator)\n|\n|t:|1700098619\n|start\n|switch|p1a: Ribombee|Ribombee, M|100\/100\n|switch|p2a: Hatterene|Hatterene, F|100\/100\n|turn|1\n|\n|t:|1700098624\n|move|p1a: Ribombee|U-turn|p2a: Hatterene\n|-damage|p2a: Hatterene|90\/100\n|\n|t:|1700098629\n|switch|p1a: Gholdengo|Gholdengo|100\/100|[from] U-turn\n|-item|p1a: Gholdengo|Air Balloon\n|move|p2a: Hatterene|Mystical Fire|p1a: Gholdengo\n|-supereffective|p1a: Gholdengo\n|-damage|p1a: Gholdengo|54\/100\n|-unboost|p1a: Gholdengo|spa|1\n|-enditem|p1a: Gholdengo|Air Balloon\n|\n|-heal|p2a: Hatterene|96\/100|[from] item: Leftovers\n|upkeep\n|turn|2\n|\n|t:|1700098638\n|move|p1a: Gholdengo|Make It Rain|p2a: Hatterene\n|-supereffective|p2a: Hatterene\n|-damage|p2a: Hatterene|24\/100\n|-unboost|p1a: Gholdengo|spa|1\n|move|p2a: Hatterene|Mystical Fire|p1a: Gholdengo\n|-supereffective|p1a: Gholdengo\n|-damage|p1a: Gholdengo|7\/100\n|-unboost|p1a: Gholdengo|spa|1\n|\n|-heal|p2a: Hatterene|30\/100|[from] item: Leftovers\n|upkeep\n|turn|3\n|\n|t:|1700098649\n|-terastallize|p2a: Hatterene|Water\n|move|p1a: Gholdengo|Shadow Ball|p2a: Hatterene\n|-damage|p2a: Hatterene|15\/100\n|move|p2a: Hatterene|Calm Mind|p2a: Hatterene\n|-boost|p2a: Hatterene|spa|1\n|-boost|p2a: Hatterene|spd|1\n|\n|-heal|p2a: Hatterene|21\/100|[from] item: Leftovers\n|upkeep\n|turn|4\n|\n|t:|1700098656\n|move|p1a: Gholdengo|Shadow Ball|p2a: Hatterene\n|-damage|p2a: Hatterene|10\/100\n|move|p2a: Hatterene|Draining Kiss|p1a: Gholdengo\n|-resisted|p1a: Gholdengo\n|-damage|p1a: Gholdengo|0 fnt\n|-heal|p2a: Hatterene|16\/100|[from] drain|[of] p1a: Gholdengo\n|faint|p1a: Gholdengo\n|\n|-heal|p2a: Hatterene|22\/100|[from] item: Leftovers\n|upkeep\n|\n|t:|1700098660\n|switch|p1a: Breloom|Breloom, F|100\/100\n|turn|5\n|\n|t:|1700098667\n|switch|p2a: Gholdengo|Gholdengo|100\/100\n|-item|p2a: Gholdengo|Air Balloon\n|move|p1a: Breloom|Bullet Seed|p2a: Gholdengo\n|-resisted|p2a: Gholdengo\n|-damage|p2a: Gholdengo|94\/100\n|-enditem|p2a: Gholdengo|Air Balloon\n|-resisted|p2a: Gholdengo\n|-damage|p2a: Gholdengo|88\/100\n|-resisted|p2a: Gholdengo\n|-damage|p2a: Gholdengo|80\/100\n|-resisted|p2a: Gholdengo\n|-damage|p2a: Gholdengo|74\/100\n|-hitcount|p2a: Gholdengo|4\n|\n|upkeep\n|turn|6\n|\n|t:|1700098677\n|switch|p1a: Kingambit|Kingambit, M|100\/100\n|-activate|p1a: Kingambit|ability: Supreme Overlord\n|-start|p1a: Kingambit|fallen1|[silent]\n|move|p2a: Gholdengo|Thunder Wave|p1a: Kingambit\n|-status|p1a: Kingambit|par\n|\n|upkeep\n|turn|7\n|\n|t:|1700098691\n|switch|p2a: Alomomola|Alomomola, F|100\/100\n|move|p1a: Kingambit|Kowtow Cleave|p2a: Alomomola\n|-damage|p2a: Alomomola|66\/100\n|-enditem|p2a: Alomomola|Red Card|[of] p1a: Kingambit\n|-end|p1a: Kingambit|fallen1|[silent]\n|drag|p1a: Breloom|Breloom, F|100\/100\n|\n|upkeep\n|turn|8\n|\n|t:|1700098698\n|switch|p2a: Gholdengo|Gholdengo|74\/100\n|move|p1a: Breloom|Bullet Seed|p2a: Gholdengo\n|-resisted|p2a: Gholdengo\n|-damage|p2a: Gholdengo|67\/100\n|-resisted|p2a: Gholdengo\n|-damage|p2a: Gholdengo|61\/100\n|-resisted|p2a: Gholdengo\n|-damage|p2a: Gholdengo|54\/100\n|-resisted|p2a: Gholdengo\n|-damage|p2a: Gholdengo|48\/100\n|-hitcount|p2a: Gholdengo|4\n|\n|upkeep\n|turn|9\n|\n|t:|1700098707\n|switch|p1a: Kingambit|Kingambit, M|100\/100 par\n|-activate|p1a: Kingambit|ability: Supreme Overlord\n|-start|p1a: Kingambit|fallen1|[silent]\n|move|p2a: Gholdengo|Recover|p2a: Gholdengo\n|-heal|p2a: Gholdengo|98\/100\n|\n|upkeep\n|turn|10\n|\n|t:|1700098713\n|switch|p2a: Ting-Lu|Ting-Lu|100\/100\n|-ability|p2a: Ting-Lu|Vessel of Ruin\n|cant|p1a: Kingambit|par\n|\n|upkeep\n|turn|11\n|\n|t:|1700098719\n|-end|p1a: Kingambit|fallen1|[silent]\n|switch|p1a: Ribombee|Ribombee, M|100\/100\n|move|p2a: Ting-Lu|Ruination|p1a: Ribombee\n|-damage|p1a: Ribombee|51\/100\n|\n|upkeep\n|turn|12\n|\n|t:|1700098725\n|move|p1a: Ribombee|Moonblast|p2a: Ting-Lu\n|-supereffective|p2a: Ting-Lu\n|-damage|p2a: Ting-Lu|70\/100\n|move|p2a: Ting-Lu|Spikes|p1a: Ribombee\n|-sidestart|p1: lord denominator|Spikes\n|\n|-heal|p2a: Ting-Lu|76\/100|[from] item: Leftovers\n|upkeep\n|turn|13\n|\n|t:|1700098733\n|switch|p2a: Hatterene|Hatterene, F, tera:Water|22\/100\n|move|p1a: Ribombee|Moonblast|p2a: Hatterene\n|-damage|p2a: Hatterene|0 fnt\n|faint|p2a: Hatterene\n|\n|upkeep\n|\n|t:|1700098745\n|switch|p2a: Gholdengo|Gholdengo|98\/100\n|turn|14\n|\n|t:|1700098750\n|move|p1a: Ribombee|Sticky Web|p2a: Gholdengo\n|-sidestart|p2: Oliver is God|move: Sticky Web\n|move|p2a: Gholdengo|Make It Rain|p1a: Ribombee\n|-supereffective|p1a: Ribombee\n|-damage|p1a: Ribombee|0 fnt\n|-unboost|p2a: Gholdengo|spa|1\n|faint|p1a: Ribombee\n|\n|upkeep\n|\n|t:|1700098759\n|switch|p1a: Great Tusk|Great Tusk|100\/100\n|-damage|p1a: Great Tusk|88\/100|[from] Spikes\n|-enditem|p1a: Great Tusk|Booster Energy\n|-activate|p1a: Great Tusk|ability: Protosynthesis|[fromitem]\n|-start|p1a: Great Tusk|protosynthesisatk\n|turn|15\n|\n|t:|1700098767\n|switch|p2a: Weezing|Weezing-Galar, F|100\/100\n|move|p1a: Great Tusk|Bulk Up|p1a: Great Tusk\n|-boost|p1a: Great Tusk|atk|1\n|-boost|p1a: Great Tusk|def|1\n|\n|upkeep\n|turn|16\n|\n|t:|1700098773\n|-terastallize|p1a: Great Tusk|Fire\n|move|p1a: Great Tusk|Bulk Up|p1a: Great Tusk\n|-boost|p1a: Great Tusk|atk|1\n|-boost|p1a: Great Tusk|def|1\n|move|p2a: Weezing|Will-O-Wisp|p1a: Great Tusk|[miss]\n|-miss|p2a: Weezing|p1a: Great Tusk\n|\n|upkeep\n|turn|17\n|\n|t:|1700098791\n|switch|p2a: Alomomola|Alomomola, F|99\/100\n|-activate|p2a: Alomomola|move: Sticky Web\n|-unboost|p2a: Alomomola|spe|1\n|move|p1a: Great Tusk|Rapid Spin|p2a: Alomomola\n|-damage|p2a: Alomomola|77\/100\n|-boost|p1a: Great Tusk|spe|1\n|-sideend|p1: lord denominator|Spikes|[from] move: Rapid Spin|[of] p1a: Great Tusk\n|\n|upkeep\n|turn|18\n|\n|t:|1700098801\n|move|p1a: Great Tusk|Earthquake|p2a: Alomomola\n|-damage|p2a: Alomomola|0 fnt\n|faint|p2a: Alomomola\n|\n|upkeep\n|\n|t:|1700098821\n|switch|p2a: Weezing|Weezing-Galar, F|100\/100\n|turn|19\n|\n|t:|1700098826\n|move|p1a: Great Tusk|Rapid Spin|p2a: Weezing\n|-damage|p2a: Weezing|70\/100\n|-boost|p1a: Great Tusk|spe|1\n|move|p2a: Weezing|Strange Steam|p1a: Great Tusk\n|-resisted|p1a: Great Tusk\n|-damage|p1a: Great Tusk|67\/100\n|\n|-heal|p2a: Weezing|76\/100|[from] item: Leftovers\n|upkeep\n|turn|20\n|\n|t:|1700098835\n|move|p1a: Great Tusk|Ice Spinner|p2a: Weezing\n|-damage|p2a: Weezing|19\/100\n|move|p2a: Weezing|Strange Steam|p1a: Great Tusk\n|-resisted|p1a: Great Tusk\n|-damage|p1a: Great Tusk|47\/100\n|\n|-heal|p2a: Weezing|25\/100|[from] item: Leftovers\n|upkeep\n|turn|21\n|\n|t:|1700098846\n|move|p1a: Great Tusk|Ice Spinner|p2a: Weezing\n|-damage|p2a: Weezing|0 fnt\n|faint|p2a: Weezing\n|\n|upkeep\n|\n|t:|1700098850\n|switch|p2a: Ting-Lu|Ting-Lu|76\/100\n|-activate|p2a: Ting-Lu|move: Sticky Web\n|-unboost|p2a: Ting-Lu|spe|1\n|-ability|p2a: Ting-Lu|Vessel of Ruin\n|turn|22\n|\n|t:|1700098853\n|move|p1a: Great Tusk|Ice Spinner|p2a: Ting-Lu\n|-supereffective|p2a: Ting-Lu\n|-damage|p2a: Ting-Lu|2\/100\n|move|p2a: Ting-Lu|Earthquake|p1a: Great Tusk\n|-supereffective|p1a: Great Tusk\n|-damage|p1a: Great Tusk|22\/100\n|\n|-heal|p2a: Ting-Lu|9\/100|[from] item: Leftovers\n|upkeep\n|turn|23\n|\n|t:|1700098861\n|move|p1a: Great Tusk|Earthquake|p2a: Ting-Lu\n|-damage|p2a: Ting-Lu|0 fnt\n|faint|p2a: Ting-Lu\n|\n|upkeep\n|\n|t:|1700098863\n|switch|p2a: Greninja|Greninja, M|100\/100\n|-activate|p2a: Greninja|move: Sticky Web\n|-unboost|p2a: Greninja|spe|1\n|turn|24\n|\n|t:|1700098867\n|move|p1a: Great Tusk|Earthquake|p2a: Greninja\n|-damage|p2a: Greninja|0 fnt\n|faint|p2a: Greninja\n|\n|upkeep\n|-message|Oliver is God forfeited.\n|\n|win|lord denominator\n|raw|lord denominator's rating: 1207 &rarr; <strong>1229<\/strong><br \/>(+22 for winning)\n|raw|Oliver is God's rating: 1159 &rarr; <strong>1137<\/strong><br \/>(-22 for losing)\n","uploadtime":1700098874,"views":9,"p1id":"lorddenominator","p2id":"oliverisgod","formatid":"gen9ou","rating":1137,"private":0,"password":""}