{"id":"gen9ou-1994275388","p1":"dreemerreborn","p2":"edgypunishment","format":"[Gen 9] OU","log":"|j|\u2606dreemerreborn\n|j|\u2606edgypunishment\n|t:|1700426047\n|gametype|singles\n|player|p1|dreemerreborn|169|1000\n|player|p2|edgypunishment|dawn|1099\n|teamsize|p1|6\n|teamsize|p2|6\n|gen|9\n|tier|[Gen 9] OU\n|rated|\n|rule|Sleep Clause Mod: Limit one foe put to sleep\n|rule|Species Clause: Limit one of each Pok\u00e9mon\n|rule|OHKO Clause: OHKO moves are banned\n|rule|Evasion Items Clause: Evasion items are banned\n|rule|Evasion Moves Clause: Evasion moves are banned\n|rule|Endless Battle Clause: Forcing endless battles is banned\n|rule|HP Percentage Mod: HP is shown in percentages\n|clearpoke\n|poke|p1|Iron Valiant|\n|poke|p1|Manaphy|\n|poke|p1|Slowking-Galar, F|\n|poke|p1|Cinderace, F|\n|poke|p1|Zapdos|\n|poke|p1|Ting-Lu|\n|poke|p2|Dachsbun, M|\n|poke|p2|Iron Valiant|\n|poke|p2|Weezing-Galar, M|\n|poke|p2|Azumarill, M|\n|poke|p2|Carbink|\n|poke|p2|Tinkaton, F|\n|teampreview\n|\n|t:|1700426050\n|start\n|switch|p1a: bucket hat|Ting-Lu|100\/100\n|switch|p2a: Dachsbun|Dachsbun, M|100\/100\n|-ability|p1a: bucket hat|Vessel of Ruin\n|turn|1\n|\n|t:|1700426058\n|move|p2a: Dachsbun|Play Rough|p1a: bucket hat\n|-supereffective|p1a: bucket hat\n|-damage|p1a: bucket hat|62\/100\n|move|p1a: bucket hat|Spikes|p2a: Dachsbun\n|-sidestart|p2: edgypunishment|Spikes\n|\n|-heal|p1a: bucket hat|68\/100|[from] item: Leftovers\n|upkeep\n|turn|2\n|\n|t:|1700426067\n|move|p2a: Dachsbun|Play Rough|p1a: bucket hat\n|-supereffective|p1a: bucket hat\n|-crit|p1a: bucket hat\n|-damage|p1a: bucket hat|6\/100\n|move|p1a: bucket hat|Earthquake|p2a: Dachsbun\n|-damage|p2a: Dachsbun|64\/100\n|\n|-heal|p1a: bucket hat|12\/100|[from] item: Leftovers\n|upkeep\n|turn|3\n|\n|t:|1700426093\n|move|p2a: Dachsbun|Trailblaze|p1a: bucket hat\n|-supereffective|p1a: bucket hat\n|-damage|p1a: bucket hat|0 fnt\n|-boost|p2a: Dachsbun|spe|1\n|faint|p1a: bucket hat\n|\n|upkeep\n|inactive|Battle timer is ON: inactive players will automatically lose when time's up. (requested by edgypunishment)\n|\n|t:|1700426111\n|switch|p1a: Sped|Cinderace, F, shiny|100\/100\n|turn|4\n|\n|t:|1700426119\n|move|p2a: Dachsbun|Trailblaze|p1a: Sped\n|-resisted|p1a: Sped\n|-damage|p1a: Sped|91\/100\n|-boost|p2a: Dachsbun|spe|1\n|move|p1a: Sped|High Jump Kick|p2a: Dachsbun\n|-start|p1a: Sped|typechange|Fighting|[from] ability: Libero\n|-resisted|p2a: Dachsbun\n|-damage|p2a: Dachsbun|30\/100\n|\n|upkeep\n|turn|5\n|\n|t:|1700426134\n|move|p2a: Dachsbun|Play Rough|p1a: Sped\n|-supereffective|p1a: Sped\n|-damage|p1a: Sped|0 fnt\n|faint|p1a: Sped\n|\n|upkeep\n|\n|t:|1700426144\n|switch|p1a: E|Slowking-Galar, F|100\/100\n|turn|6\n|\n|t:|1700426155\n|move|p2a: Dachsbun|Stomping Tantrum|p1a: E\n|-supereffective|p1a: E\n|-damage|p1a: E|60\/100\n|move|p1a: E|Sludge Bomb|p2a: Dachsbun\n|-supereffective|p2a: Dachsbun\n|-damage|p2a: Dachsbun|0 fnt\n|faint|p2a: Dachsbun\n|\n|upkeep\n|inactive|edgypunishment has 120 seconds left.\n|\n|t:|1700426199\n|switch|p2a: Tinkaton|Tinkaton, F|100\/100\n|-damage|p2a: Tinkaton|88\/100|[from] Spikes\n|turn|7\n|\n|t:|1700426217\n|move|p2a: Tinkaton|Swords Dance|p2a: Tinkaton\n|-boost|p2a: Tinkaton|atk|2\n|move|p1a: E|Flamethrower|p2a: Tinkaton\n|-supereffective|p2a: Tinkaton\n|-damage|p2a: Tinkaton|35\/100\n|\n|upkeep\n|turn|8\n|inactive|edgypunishment has 120 seconds left.\n|\n|t:|1700426229\n|move|p2a: Tinkaton|Gigaton Hammer|p1a: E\n|-damage|p1a: E|0 fnt\n|faint|p1a: E\n|\n|upkeep\n|\n|t:|1700426235\n|switch|p1a: child|Manaphy|100\/100\n|turn|9\n|\n|t:|1700426251\n|-terastallize|p1a: child|Grass\n|move|p1a: child|Energy Ball|p2a: Tinkaton\n|-resisted|p2a: Tinkaton\n|-damage|p2a: Tinkaton|14\/100\n|move|p2a: Tinkaton|Play Rough|p1a: child\n|-damage|p1a: child|35\/100\n|\n|-heal|p1a: child|41\/100|[from] item: Leftovers\n|upkeep\n|turn|10\n|\n|t:|1700426264\n|move|p1a: child|Scald|p2a: Tinkaton\n|-damage|p2a: Tinkaton|0 fnt\n|faint|p2a: Tinkaton\n|\n|-heal|p1a: child|47\/100|[from] item: Leftovers\n|upkeep\n|\n|t:|1700426272\n|switch|p2a: Weezing|Weezing-Galar, M|100\/100\n|-ability|p2a: Weezing|Neutralizing Gas\n|-damage|p2a: Weezing|88\/100|[from] Spikes\n|turn|11\n|\n|t:|1700426301\n|move|p1a: child|Scald|p2a: Weezing\n|-damage|p2a: Weezing|47\/100\n|-status|p2a: Weezing|brn\n|move|p2a: Weezing|Sludge Bomb|p1a: child\n|-supereffective|p1a: child\n|-damage|p1a: child|0 fnt\n|faint|p1a: child\n|\n|-heal|p2a: Weezing|53\/100 brn|[from] item: Leftovers\n|-damage|p2a: Weezing|47\/100 brn|[from] brn\n|upkeep\n|inactive|dreemerreborn has 120 seconds left.\n|\n|t:|1700426313\n|switch|p1a: Borb|Zapdos, shiny|100\/100\n|turn|12\n|inactive|dreemerreborn has 120 seconds left.\n|\n|t:|1700426324\n|move|p1a: Borb|Heat Wave|p2a: Weezing\n|-damage|p2a: Weezing|8\/100 brn\n|move|p2a: Weezing|Pain Split|p1a: Borb\n|-sethp|p1a: Borb|53\/100|[from] move: Pain Split|[silent]\n|-sethp|p2a: Weezing|63\/100 brn|[from] move: Pain Split\n|\n|-heal|p2a: Weezing|69\/100 brn|[from] item: Leftovers\n|-damage|p2a: Weezing|63\/100 brn|[from] brn\n|upkeep\n|turn|13\n|inactive|dreemerreborn has 120 seconds left.\n|\n|t:|1700426335\n|move|p1a: Borb|Volt Switch|p2a: Weezing\n|-damage|p2a: Weezing|22\/100 brn\n|\n|t:|1700426339\n|switch|p1a: future mommy|Iron Valiant|100\/100|[from] Volt Switch\n|move|p2a: Weezing|Sludge Bomb|p1a: future mommy\n|-supereffective|p1a: future mommy\n|-damage|p1a: future mommy|0 fnt\n|faint|p1a: future mommy\n|-end|p1a: future mommy|Quark Drive|[silent]\n|\n|-heal|p2a: Weezing|28\/100 brn|[from] item: Leftovers\n|-damage|p2a: Weezing|22\/100 brn|[from] brn\n|upkeep\n|\n|t:|1700426348\n|switch|p1a: Borb|Zapdos, shiny|53\/100\n|turn|14\n|\n|t:|1700426353\n|move|p1a: Borb|Volt Switch|p2a: Weezing\n|-damage|p2a: Weezing|0 fnt\n|faint|p2a: Weezing\n|-end|p2a: Weezing|ability: Neutralizing Gas\n|\n|upkeep\n|\n|t:|1700426358\n|switch|p2a: Carbink|Carbink|100\/100\n|-damage|p2a: Carbink|88\/100|[from] Spikes\n|turn|15\n|\n|t:|1700426368\n|move|p1a: Borb|Heat Wave|p2a: Carbink\n|-resisted|p2a: Carbink\n|-damage|p2a: Carbink|76\/100\n|move|p2a: Carbink|Stone Edge|p1a: Borb\n|-supereffective|p1a: Borb\n|-damage|p1a: Borb|5\/100\n|\n|upkeep\n|turn|16\n|\n|t:|1700426375\n|move|p1a: Borb|Volt Switch|p2a: Carbink\n|-damage|p2a: Carbink|50\/100\n|move|p2a: Carbink|Body Press|p1a: Borb\n|-resisted|p1a: Borb\n|-damage|p1a: Borb|0 fnt\n|faint|p1a: Borb\n|\n|win|edgypunishment\n|raw|dreemerreborn's rating: 1000 &rarr; <strong>1000<\/strong><br \/>(+0 for losing)\n|raw|edgypunishment's rating: 1099 &rarr; <strong>1117<\/strong><br \/>(+18 for winning)\n","uploadtime":1700426384,"views":18,"p1id":"dreemerreborn","p2id":"edgypunishment","formatid":"gen9ou","rating":1000,"private":0,"password":""}