{"id":"gen9ou-1997739650","p1":"Imanjoneser","p2":"MasterRaide","format":"[Gen 9] OU","log":"|j|\u2606Imanjoneser\n|j|\u2606MasterRaide\n|t:|1700847558\n|gametype|singles\n|player|p1|Imanjoneser|bugcatcher-gen4dp|1051\n|player|p2|MasterRaide|2|1107\n|teamsize|p1|6\n|teamsize|p2|6\n|gen|9\n|tier|[Gen 9] OU\n|rated|\n|rule|Sleep Clause Mod: Limit one foe put to sleep\n|rule|Species Clause: Limit one of each Pok\u00e9mon\n|rule|OHKO Clause: OHKO moves are banned\n|rule|Evasion Items Clause: Evasion items are banned\n|rule|Evasion Moves Clause: Evasion moves are banned\n|rule|Endless Battle Clause: Forcing endless battles is banned\n|rule|HP Percentage Mod: HP is shown in percentages\n|clearpoke\n|poke|p1|Noivern, F|\n|poke|p1|Cinderace, F|\n|poke|p1|Maushold-Four|\n|poke|p1|Chesnaught, M|\n|poke|p1|Grafaiai, M|\n|poke|p1|Houndoom, M|\n|poke|p2|Garchomp, M|\n|poke|p2|Milotic, M|\n|poke|p2|Gardevoir, M|\n|poke|p2|Spiritomb, M|\n|poke|p2|Talonflame, M|\n|poke|p2|Glimmora, F|\n|teampreview\n|\n|t:|1700847578\n|start\n|switch|p1a: Cinderace|Cinderace, F, shiny|100\/100\n|switch|p2a: Spiritomb|Spiritomb, M|100\/100\n|-ability|p2a: Spiritomb|Pressure\n|turn|1\n|\n|t:|1700847591\n|switch|p2a: Glimmora|Glimmora, F|100\/100\n|move|p1a: Cinderace|Pyro Ball|p2a: Glimmora\n|-resisted|p2a: Glimmora\n|-damage|p2a: Glimmora|68\/100\n|-activate|p2a: Glimmora|ability: Toxic Debris\n|-sidestart|p1: Imanjoneser|move: Toxic Spikes\n|\n|upkeep\n|turn|2\n|\n|t:|1700847599\n|move|p1a: Cinderace|High Jump Kick|p2a: Glimmora\n|-start|p1a: Cinderace|typechange|Fighting|[from] ability: Libero\n|-damage|p2a: Glimmora|0 fnt\n|-activate|p2a: Glimmora|ability: Toxic Debris\n|-sidestart|p1: Imanjoneser|move: Toxic Spikes\n|faint|p2a: Glimmora\n|\n|upkeep\n|\n|t:|1700847609\n|switch|p2a: Talonflame|Talonflame, M|100\/100\n|turn|3\n|c|\u2606Imanjoneser|I live your team\n|c|\u2606Imanjoneser|*like\n|\n|t:|1700847620\n|switch|p1a: Grafaiai|Grafaiai, M, shiny|100\/100\n|-sideend|p1: Imanjoneser|move: Toxic Spikes|[of] p1a: Grafaiai\n|move|p2a: Talonflame|Brave Bird|p1a: Grafaiai\n|-damage|p1a: Grafaiai|35\/100\n|-damage|p2a: Talonflame|84\/100|[from] Recoil\n|\n|upkeep\n|turn|4\n|\n|t:|1700847645\n|move|p1a: Grafaiai|Parting Shot|p2a: Talonflame\n|-unboost|p2a: Talonflame|atk|1\n|-unboost|p2a: Talonflame|spa|1\n|\n|t:|1700847650\n|switch|p1a: Houndoom|Houndoom, M, shiny|100\/100|[from] Parting Shot\n|move|p2a: Talonflame|Brave Bird|p1a: Houndoom\n|-damage|p1a: Houndoom|53\/100\n|-damage|p2a: Talonflame|72\/100|[from] Recoil\n|\n|upkeep\n|turn|5\n|\n|t:|1700847676\n|switch|p2a: Gardevoir|Gardevoir, M|100\/100\n|-ability|p2a: Gardevoir|Flash Fire|[from] ability: Trace|[of] p1a: Houndoom\n|move|p1a: Houndoom|Destiny Bond|p1a: Houndoom\n|-singlemove|p1a: Houndoom|Destiny Bond\n|\n|upkeep\n|turn|6\n|\n|t:|1700847686\n|move|p2a: Gardevoir|Moonblast|p1a: Houndoom\n|-damage|p1a: Houndoom|0 fnt\n|faint|p1a: Houndoom\n|-activate|p1a: Houndoom|move: Destiny Bond\n|faint|p2a: Gardevoir\n|\n|upkeep\n|\n|t:|1700847696\n|switch|p1a: Grafaiai|Grafaiai, M, shiny|35\/100\n|switch|p2a: Garchomp|Garchomp, M|100\/100\n|turn|7\n|\n|t:|1700847706\n|move|p1a: Grafaiai|Scary Face|p2a: Garchomp\n|-unboost|p2a: Garchomp|spe|2\n|move|p2a: Garchomp|Dragon Claw|p1a: Grafaiai\n|-damage|p1a: Grafaiai|0 fnt\n|faint|p1a: Grafaiai\n|\n|upkeep\n|c|\u2606Imanjoneser|Nuts Garchomp dropped out of OU\n|\n|t:|1700847735\n|switch|p1a: Chesnaught|Chesnaught, M, shiny|100\/100\n|turn|8\n|l|\u2606MasterRaide\n|player|p2|\n|j|\u2606MasterRaide\n|player|p2|MasterRaide|2\n|\n|t:|1700847781\n|-terastallize|p2a: Garchomp|Dragon\n|move|p1a: Chesnaught|Leech Seed|p2a: Garchomp\n|-start|p2a: Garchomp|move: Leech Seed\n|move|p2a: Garchomp|Dragon Claw|p1a: Chesnaught\n|-damage|p1a: Chesnaught|61\/100\n|-damage|p2a: Garchomp|84\/100|[from] item: Rocky Helmet|[of] p1a: Chesnaught\n|\n|-damage|p2a: Garchomp|72\/100|[from] Leech Seed|[of] p1a: Chesnaught\n|-heal|p1a: Chesnaught|73\/100|[silent]\n|upkeep\n|turn|9\n|\n|t:|1700847792\n|switch|p2a: Talonflame|Talonflame, M|72\/100\n|move|p1a: Chesnaught|Drain Punch|p2a: Talonflame\n|-resisted|p2a: Talonflame\n|-crit|p2a: Talonflame\n|-damage|p2a: Talonflame|36\/100\n|-heal|p1a: Chesnaught|89\/100|[from] drain|[of] p2a: Talonflame\n|\n|upkeep\n|turn|10\n|\n|t:|1700847803\n|move|p1a: Chesnaught|Spiky Shield|p1a: Chesnaught\n|-singleturn|p1a: Chesnaught|move: Protect\n|move|p2a: Talonflame|Brave Bird|p1a: Chesnaught\n|-activate|p1a: Chesnaught|move: Protect\n|-damage|p2a: Talonflame|24\/100|[from] Spiky Shield|[of] p1a: Chesnaught\n|\n|upkeep\n|turn|11\n|l|\u2606MasterRaide\n|player|p2|\n|j|\u2606MasterRaide\n|player|p2|MasterRaide|2\n|l|\u2606MasterRaide\n|player|p2|\n|j|\u2606MasterRaide\n|player|p2|MasterRaide|2\n|\n|t:|1700847851\n|switch|p1a: Noivern|Noivern, F, shiny|100\/100\n|move|p2a: Talonflame|Brave Bird|p1a: Noivern\n|-crit|p1a: Noivern\n|-damage|p1a: Noivern|37\/100\n|-damage|p2a: Talonflame|6\/100|[from] Recoil\n|\n|upkeep\n|turn|12\n|\n|t:|1700847869\n|move|p2a: Talonflame|Roost|p2a: Talonflame\n|-heal|p2a: Talonflame|56\/100\n|-singleturn|p2a: Talonflame|move: Roost\n|move|p1a: Noivern|Air Slash|p2a: Talonflame\n|-damage|p2a: Talonflame|12\/100\n|\n|upkeep\n|turn|13\n|c|\u2606Imanjoneser|Geez lol what' going on with your connection\n|\n|t:|1700847880\n|move|p2a: Talonflame|Brave Bird|p1a: Noivern\n|-damage|p1a: Noivern|0 fnt\n|faint|p1a: Noivern\n|-damage|p2a: Talonflame|2\/100|[from] Recoil\n|\n|upkeep\n|\n|t:|1700847892\n|switch|p1a: Cinderace|Cinderace, F, shiny|100\/100\n|turn|14\n|\n|t:|1700847901\n|move|p2a: Talonflame|Brave Bird|p1a: Cinderace\n|-damage|p1a: Cinderace|53\/100\n|-damage|p2a: Talonflame|0 fnt|[from] Recoil\n|faint|p2a: Talonflame\n|move|p1a: Cinderace|Pyro Ball|p2: Talonflame|[notarget]\n|-fail|p1a: Cinderace\n|\n|upkeep\n|\n|t:|1700847910\n|switch|p2a: Milotic|Milotic, M|100\/100\n|turn|15\n|\n|t:|1700847926\n|move|p1a: Cinderace|Super Fang|p2a: Milotic\n|-start|p1a: Cinderace|typechange|Normal|[from] ability: Libero\n|-damage|p2a: Milotic|50\/100\n|move|p2a: Milotic|Scald|p1a: Cinderace\n|-damage|p1a: Cinderace|15\/100\n|\n|-heal|p2a: Milotic|57\/100|[from] item: Leftovers\n|upkeep\n|turn|16\n|\n|t:|1700847936\n|move|p1a: Cinderace|High Jump Kick|p2a: Milotic\n|-damage|p2a: Milotic|21\/100\n|move|p2a: Milotic|Ice Beam|p1a: Cinderace\n|-damage|p1a: Cinderace|0 fnt\n|faint|p1a: Cinderace\n|\n|-heal|p2a: Milotic|27\/100|[from] item: Leftovers\n|upkeep\n|\n|t:|1700847944\n|switch|p1a: Maushold|Maushold-Four, shiny|100\/100\n|turn|17\n|\n|t:|1700847950\n|switch|p2a: Spiritomb|Spiritomb, M|100\/100\n|-ability|p2a: Spiritomb|Pressure\n|move|p1a: Maushold|Tidy Up|p1a: Maushold\n|-boost|p1a: Maushold|atk|1\n|-boost|p1a: Maushold|spe|1\n|\n|upkeep\n|turn|18\n|\n|t:|1700847960\n|move|p1a: Maushold|Bite|p2a: Spiritomb\n|-damage|p2a: Spiritomb|77\/100\n|cant|p2a: Spiritomb|flinch\n|\n|-heal|p2a: Spiritomb|83\/100|[from] item: Leftovers\n|upkeep\n|turn|19\n|\n|t:|1700847971\n|move|p1a: Maushold|Bite|p2a: Spiritomb\n|-damage|p2a: Spiritomb|59\/100\n|move|p2a: Spiritomb|Psychic|p1a: Maushold\n|-damage|p1a: Maushold|71\/100\n|\n|-heal|p2a: Spiritomb|65\/100|[from] item: Leftovers\n|upkeep\n|turn|20\n|\n|t:|1700847979\n|move|p1a: Maushold|Tidy Up|p1a: Maushold\n|-boost|p1a: Maushold|atk|1\n|-boost|p1a: Maushold|spe|1\n|move|p2a: Spiritomb|Psychic|p1a: Maushold\n|-damage|p1a: Maushold|44\/100\n|\n|-heal|p2a: Spiritomb|71\/100|[from] item: Leftovers\n|upkeep\n|turn|21\n|\n|t:|1700847988\n|move|p1a: Maushold|Bite|p2a: Spiritomb\n|-damage|p2a: Spiritomb|39\/100\n|move|p2a: Spiritomb|Dark Pulse|p1a: Maushold\n|-damage|p1a: Maushold|7\/100\n|\n|-heal|p2a: Spiritomb|45\/100|[from] item: Leftovers\n|upkeep\n|turn|22\n|\n|t:|1700847997\n|move|p1a: Maushold|Bite|p2a: Spiritomb\n|-damage|p2a: Spiritomb|11\/100\n|cant|p2a: Spiritomb|flinch\n|\n|-heal|p2a: Spiritomb|17\/100|[from] item: Leftovers\n|upkeep\n|turn|23\n|c|\u2606Imanjoneser|omg needed that\n|\n|t:|1700848008\n|move|p1a: Maushold|Bite|p2a: Spiritomb\n|-damage|p2a: Spiritomb|0 fnt\n|faint|p2a: Spiritomb\n|\n|upkeep\n|\n|t:|1700848014\n|switch|p2a: Garchomp|Garchomp, M, tera:Dragon|72\/100\n|turn|24\n|\n|t:|1700848019\n|move|p1a: Maushold|Super Fang|p2a: Garchomp\n|-damage|p2a: Garchomp|36\/100\n|-damage|p1a: Maushold|0 fnt|[from] ability: Rough Skin|[of] p2a: Garchomp\n|faint|p1a: Maushold\n|move|p2a: Garchomp|Dragon Claw|p1: Maushold|[notarget]\n|-fail|p2a: Garchomp\n|\n|upkeep\n|\n|t:|1700848025\n|switch|p1a: Chesnaught|Chesnaught, M, shiny|89\/100\n|turn|25\n|\n|t:|1700848033\n|move|p2a: Garchomp|Earthquake|p1a: Chesnaught\n|-resisted|p1a: Chesnaught\n|-damage|p1a: Chesnaught|69\/100\n|move|p1a: Chesnaught|Leech Seed|p2a: Garchomp\n|-start|p2a: Garchomp|move: Leech Seed\n|\n|-damage|p2a: Garchomp|24\/100|[from] Leech Seed|[of] p1a: Chesnaught\n|-heal|p1a: Chesnaught|80\/100|[silent]\n|upkeep\n|turn|26\n|\n|t:|1700848043\n|move|p1a: Chesnaught|Spiky Shield|p1a: Chesnaught\n|-singleturn|p1a: Chesnaught|move: Protect\n|move|p2a: Garchomp|Dragon Claw|p1a: Chesnaught\n|-activate|p1a: Chesnaught|move: Protect\n|-damage|p2a: Garchomp|12\/100|[from] Spiky Shield|[of] p1a: Chesnaught\n|\n|-damage|p2a: Garchomp|0 fnt|[from] Leech Seed|[of] p1a: Chesnaught\n|-heal|p1a: Chesnaught|91\/100|[silent]\n|faint|p2a: Garchomp\n|upkeep\n|\n|t:|1700848053\n|switch|p2a: Milotic|Milotic, M|27\/100\n|turn|27\n|\n|t:|1700848062\n|move|p2a: Milotic|Recover|p2a: Milotic\n|-heal|p2a: Milotic|77\/100\n|move|p1a: Chesnaught|Leech Seed|p2a: Milotic\n|-start|p2a: Milotic|move: Leech Seed\n|\n|-heal|p2a: Milotic|83\/100|[from] item: Leftovers\n|-damage|p2a: Milotic|71\/100|[from] Leech Seed|[of] p1a: Chesnaught\n|-heal|p1a: Chesnaught|100\/100|[silent]\n|upkeep\n|turn|28\n|\n|t:|1700848072\n|move|p2a: Milotic|Haze|p2a: Milotic\n|-clearallboost\n|move|p1a: Chesnaught|Knock Off|p2a: Milotic\n|-damage|p2a: Milotic|41\/100\n|-enditem|p2a: Milotic|Leftovers|[from] move: Knock Off|[of] p1a: Chesnaught\n|\n|-damage|p2a: Milotic|29\/100|[from] Leech Seed|[of] p1a: Chesnaught\n|upkeep\n|turn|29\n|c|\u2606Imanjoneser|No stat raises for me\n|\n|t:|1700848085\n|move|p2a: Milotic|Recover|p2a: Milotic\n|-heal|p2a: Milotic|79\/100\n|move|p1a: Chesnaught|Drain Punch|p2a: Milotic\n|-crit|p2a: Milotic\n|-damage|p2a: Milotic|25\/100\n|\n|-damage|p2a: Milotic|13\/100|[from] Leech Seed|[of] p1a: Chesnaught\n|upkeep\n|turn|30\n|\n|t:|1700848097\n|move|p2a: Milotic|Ice Beam|p1a: Chesnaught\n|-supereffective|p1a: Chesnaught\n|-damage|p1a: Chesnaught|51\/100\n|move|p1a: Chesnaught|Drain Punch|p2a: Milotic\n|-damage|p2a: Milotic|0 fnt\n|-heal|p1a: Chesnaught|57\/100|[from] drain|[of] p2a: Milotic\n|faint|p2a: Milotic\n|\n|win|Imanjoneser\n|raw|Imanjoneser's rating: 1051 &rarr; <strong>1089<\/strong><br \/>(+38 for winning)\n|raw|MasterRaide's rating: 1107 &rarr; <strong>1078<\/strong><br \/>(-29 for losing)\n|c|\u2606Imanjoneser|gg\n|l|\u2606MasterRaide\n","uploadtime":1700848109,"views":2,"p1id":"imanjoneser","p2id":"masterraide","formatid":"gen9ou","rating":1078,"private":0,"password":""}