{"id":"gen9ou-1992078189","p1":"Saagii","p2":"Leahxpkmn","format":"[Gen 9] OU","log":"|j|\u2606Saagii\n|j|\u2606Leahxpkmn\n|t:|1700153234\n|gametype|singles\n|player|p1|Saagii|gardenia|1317\n|player|p2|Leahxpkmn|marnie|1415\n|teamsize|p1|6\n|teamsize|p2|6\n|gen|9\n|tier|[Gen 9] OU\n|rated|\n|rule|Sleep Clause Mod: Limit one foe put to sleep\n|rule|Species Clause: Limit one of each Pok\u00e9mon\n|rule|OHKO Clause: OHKO moves are banned\n|rule|Evasion Items Clause: Evasion items are banned\n|rule|Evasion Moves Clause: Evasion moves are banned\n|rule|Endless Battle Clause: Forcing endless battles is banned\n|rule|HP Percentage Mod: HP is shown in percentages\n|clearpoke\n|poke|p1|Yanmega, M|\n|poke|p1|Vikavolt, M|\n|poke|p1|Dragapult, M|\n|poke|p1|Alomomola, M|\n|poke|p1|Iron Treads|\n|poke|p1|Heatran, F|\n|poke|p2|Zamazenta-*|\n|poke|p2|Greninja-*, M|\n|poke|p2|Toxapex, M|\n|poke|p2|Landorus-Therian, M|\n|poke|p2|Slowking-Galar, M|\n|poke|p2|Dragapult, F|\n|teampreview\n|c|\u2606Saagii|Gl hf\n|inactive|Battle timer is ON: inactive players will automatically lose when time's up. (requested by Leahxpkmn)\n|\n|t:|1700153243\n|start\n|switch|p1a: Alomomola|Alomomola, M|100\/100\n|switch|p2a: Landorus|Landorus-Therian, M|100\/100\n|-ability|p2a: Landorus|Intimidate|boost\n|-unboost|p1a: Alomomola|atk|1\n|turn|1\n|\n|t:|1700153258\n|move|p2a: Landorus|U-turn|p1a: Alomomola\n|-damage|p1a: Alomomola|82\/100\n|-damage|p2a: Landorus|84\/100|[from] item: Rocky Helmet|[of] p1a: Alomomola\n|\n|t:|1700153260\n|switch|p2a: Toxapex|Toxapex, M|100\/100|[from] U-turn\n|move|p1a: Alomomola|Scald|p2a: Toxapex\n|-resisted|p2a: Toxapex\n|-damage|p2a: Toxapex|97\/100\n|\n|upkeep\n|turn|2\n|\n|t:|1700153264\n|move|p1a: Alomomola|Flip Turn|p2a: Toxapex\n|-resisted|p2a: Toxapex\n|-damage|p2a: Toxapex|93\/100\n|\n|t:|1700153267\n|switch|p1a: Iron Treads|Iron Treads|100\/100|[from] Flip Turn\n|move|p2a: Toxapex|Infestation|p1a: Iron Treads\n|-resisted|p1a: Iron Treads\n|-damage|p1a: Iron Treads|98\/100\n|-activate|p1a: Iron Treads|move: Infestation|[of] p2a: Toxapex\n|\n|-damage|p1a: Iron Treads|85\/100|[from] move: Infestation|[partiallytrapped]\n|upkeep\n|turn|3\n|\n|t:|1700153280\n|move|p1a: Iron Treads|Knock Off|p2a: Toxapex\n|-damage|p2a: Toxapex|74\/100\n|-enditem|p2a: Toxapex|Assault Vest|[from] move: Knock Off|[of] p1a: Iron Treads\n|move|p2a: Toxapex|Surf|p1a: Iron Treads\n|-supereffective|p1a: Iron Treads\n|-damage|p1a: Iron Treads|20\/100\n|\n|-damage|p1a: Iron Treads|7\/100|[from] move: Infestation|[partiallytrapped]\n|upkeep\n|turn|4\n|\n|t:|1700153286\n|move|p1a: Iron Treads|Volt Switch|p2a: Toxapex\n|-supereffective|p2a: Toxapex\n|-damage|p2a: Toxapex|54\/100\n|\n|t:|1700153288\n|-end|p1a: Iron Treads|Quark Drive|[silent]\n|switch|p1a: Alomomola|Alomomola, M|100\/100|[from] Volt Switch\n|move|p2a: Toxapex|Surf|p1a: Alomomola\n|-resisted|p1a: Alomomola\n|-damage|p1a: Alomomola|90\/100\n|\n|upkeep\n|turn|5\n|\n|t:|1700153307\n|move|p1a: Alomomola|Wish|p1a: Alomomola\n|move|p2a: Toxapex|Infestation|p1a: Alomomola\n|-damage|p1a: Alomomola|86\/100\n|-activate|p1a: Alomomola|move: Infestation|[of] p2a: Toxapex\n|-damage|p2a: Toxapex|37\/100|[from] item: Rocky Helmet|[of] p1a: Alomomola\n|\n|-damage|p1a: Alomomola|74\/100|[from] move: Infestation|[partiallytrapped]\n|upkeep\n|turn|6\n|\n|t:|1700153317\n|move|p1a: Alomomola|Flip Turn|p2a: Toxapex\n|-resisted|p2a: Toxapex\n|-damage|p2a: Toxapex|31\/100\n|\n|t:|1700153321\n|switch|p1a: Vikavolt|Vikavolt, M|100\/100|[from] Flip Turn\n|move|p2a: Toxapex|Surf|p1a: Vikavolt\n|-damage|p1a: Vikavolt|67\/100\n|\n|-heal|p1a: Vikavolt|100\/100|[from] move: Wish|[wisher] Alomomola\n|upkeep\n|turn|7\n|\n|t:|1700153328\n|switch|p2a: Slowking|Slowking-Galar, M|100\/100\n|move|p1a: Vikavolt|Sticky Web|p2a: Slowking\n|-sidestart|p2: Leahxpkmn|move: Sticky Web\n|\n|upkeep\n|turn|8\n|\n|t:|1700153332\n|move|p1a: Vikavolt|Bug Buzz|p2a: Slowking\n|-damage|p2a: Slowking|64\/100\n|move|p2a: Slowking|Future Sight|p1a: Vikavolt\n|-start|p2a: Slowking|move: Future Sight\n|\n|upkeep\n|turn|9\n|\n|t:|1700153337\n|move|p1a: Vikavolt|Volt Switch|p2a: Slowking\n|-damage|p2a: Slowking|38\/100\n|\n|t:|1700153340\n|switch|p1a: Alomomola|Alomomola, M|100\/100|[from] Volt Switch\n|move|p2a: Slowking|Sludge Bomb|p1a: Alomomola\n|-damage|p1a: Alomomola|72\/100\n|\n|upkeep\n|turn|10\n|\n|t:|1700153346\n|move|p1a: Alomomola|Flip Turn|p2a: Slowking\n|-damage|p2a: Slowking|27\/100\n|\n|t:|1700153349\n|switch|p1a: Heatran|Heatran, F|100\/100|[from] Flip Turn\n|-item|p1a: Heatran|Air Balloon\n|move|p2a: Slowking|Sludge Bomb|p1a: Heatran\n|-immune|p1a: Heatran\n|\n|-end|p1a: Heatran|move: Future Sight\n|-resisted|p1a: Heatran\n|-damage|p1a: Heatran|80\/100\n|-enditem|p1a: Heatran|Air Balloon\n|upkeep\n|turn|11\n|inactive|Leahxpkmn has 120 seconds left.\n|\n|t:|1700153398\n|move|p1a: Heatran|Stealth Rock|p2a: Slowking\n|-sidestart|p2: Leahxpkmn|move: Stealth Rock\n|move|p2a: Slowking|Chilly Reception|p2a: Slowking\n|-weather|Snow\n|\n|t:|1700153404\n|switch|p2a: Greninja|Greninja, M|100\/100|[from] Chilly Reception\n|-activate|p2a: Greninja|move: Sticky Web\n|-unboost|p2a: Greninja|spe|1\n|-damage|p2a: Greninja|88\/100|[from] Stealth Rock\n|\n|-weather|Snow|[upkeep]\n|upkeep\n|turn|12\n|inactive|Leahxpkmn has 90 seconds left.\n|\n|t:|1700153447\n|switch|p1a: Alomomola|Alomomola, M|100\/100\n|move|p2a: Greninja|Hydro Pump|p1a: Alomomola\n|-resisted|p1a: Alomomola\n|-damage|p1a: Alomomola|78\/100\n|-damage|p2a: Greninja|78\/100|[from] item: Life Orb\n|\n|-weather|Snow|[upkeep]\n|upkeep\n|turn|13\n|\n|t:|1700153454\n|move|p2a: Greninja|Dark Pulse|p1a: Alomomola\n|-damage|p1a: Alomomola|45\/100\n|-damage|p2a: Greninja|69\/100|[from] item: Life Orb\n|move|p1a: Alomomola|Wish|p1a: Alomomola\n|\n|-weather|Snow|[upkeep]\n|upkeep\n|turn|14\n|\n|t:|1700153459\n|move|p2a: Greninja|Dark Pulse|p1a: Alomomola\n|-damage|p1a: Alomomola|11\/100\n|-damage|p2a: Greninja|59\/100|[from] item: Life Orb\n|cant|p1a: Alomomola|flinch\n|\n|-weather|Snow|[upkeep]\n|-heal|p1a: Alomomola|61\/100|[from] move: Wish|[wisher] Alomomola\n|upkeep\n|turn|15\n|\n|t:|1700153467\n|move|p2a: Greninja|Dark Pulse|p1a: Alomomola\n|-damage|p1a: Alomomola|22\/100\n|-damage|p2a: Greninja|49\/100|[from] item: Life Orb\n|cant|p1a: Alomomola|flinch\n|\n|-weather|none\n|upkeep\n|turn|16\n|\n|t:|1700153478\n|switch|p1a: Vikavolt|Vikavolt, M|100\/100\n|move|p2a: Greninja|Hydro Pump|p1a: Vikavolt\n|-damage|p1a: Vikavolt|27\/100\n|-damage|p2a: Greninja|39\/100|[from] item: Life Orb\n|\n|upkeep\n|turn|17\n|\n|t:|1700153497\n|switch|p1a: Heatran|Heatran, F|80\/100\n|move|p2a: Greninja|Ice Beam|p1a: Heatran\n|-resisted|p1a: Heatran\n|-damage|p1a: Heatran|74\/100\n|-damage|p2a: Greninja|29\/100|[from] item: Life Orb\n|\n|upkeep\n|turn|18\n|inactive|Leahxpkmn has 120 seconds left.\n|\n|t:|1700153521\n|switch|p1a: Alomomola|Alomomola, M|56\/100\n|move|p2a: Greninja|Hydro Pump|p1a: Alomomola|[miss]\n|-miss|p2a: Greninja|p1a: Alomomola\n|\n|upkeep\n|turn|19\n|inactive|Leahxpkmn has 120 seconds left.\n|\n|t:|1700153539\n|move|p2a: Greninja|Dark Pulse|p1a: Alomomola\n|-damage|p1a: Alomomola|19\/100\n|-damage|p2a: Greninja|19\/100|[from] item: Life Orb\n|cant|p1a: Alomomola|flinch\n|\n|upkeep\n|turn|20\n|\n|t:|1700153548\n|switch|p1a: Heatran|Heatran, F|74\/100\n|move|p2a: Greninja|Hydro Pump|p1a: Heatran\n|-supereffective|p1a: Heatran\n|-damage|p1a: Heatran|0 fnt\n|faint|p1a: Heatran\n|-ability|p2a: Greninja|Battle Bond|boost\n|-boost|p2a: Greninja|atk|1\n|-boost|p2a: Greninja|spa|1\n|-boost|p2a: Greninja|spe|1\n|-activate|p2a: Greninja|ability: Battle Bond\n|-damage|p2a: Greninja|10\/100|[from] item: Life Orb\n|\n|upkeep\n|\n|t:|1700153554\n|switch|p1a: Dragapult|Dragapult, M|100\/100\n|turn|21\n|\n|t:|1700153556\n|move|p1a: Dragapult|U-turn|p2a: Greninja\n|-supereffective|p2a: Greninja\n|-damage|p2a: Greninja|0 fnt\n|faint|p2a: Greninja\n|\n|t:|1700153573\n|switch|p1a: Alomomola|Alomomola, M|52\/100|[from] U-turn\n|\n|upkeep\n|\n|t:|1700153577\n|switch|p2a: Dragapult|Dragapult, F|100\/100\n|-activate|p2a: Dragapult|move: Sticky Web\n|-unboost|p2a: Dragapult|spe|1\n|-damage|p2a: Dragapult|88\/100|[from] Stealth Rock\n|turn|22\n|\n|t:|1700153584\n|switch|p1a: Iron Treads|Iron Treads|7\/100\n|move|p2a: Dragapult|Draco Meteor|p1a: Iron Treads\n|-resisted|p1a: Iron Treads\n|-damage|p1a: Iron Treads|0 fnt\n|-unboost|p2a: Dragapult|spa|2\n|faint|p1a: Iron Treads\n|-end|p1a: Iron Treads|Quark Drive|[silent]\n|\n|upkeep\n|\n|t:|1700153599\n|switch|p1a: Dragapult|Dragapult, M|100\/100\n|turn|23\n|\n|t:|1700153605\n|switch|p2a: Toxapex|Toxapex, M|64\/100\n|-activate|p2a: Toxapex|move: Sticky Web\n|-unboost|p2a: Toxapex|spe|1\n|-damage|p2a: Toxapex|52\/100|[from] Stealth Rock\n|move|p1a: Dragapult|Dragon Darts|p2a: Toxapex\n|-damage|p2a: Toxapex|34\/100\n|-anim|p1a: Dragapult|Dragon Darts|p2a: Toxapex\n|-damage|p2a: Toxapex|13\/100\n|\n|upkeep\n|turn|24\n|\n|t:|1700153611\n|move|p1a: Dragapult|Dragon Darts|p2a: Toxapex\n|-damage|p2a: Toxapex|0 fnt\n|faint|p2a: Toxapex\n|\n|upkeep\n|\n|t:|1700153615\n|switch|p2a: Zamazenta|Zamazenta|100\/100\n|-activate|p2a: Zamazenta|move: Sticky Web\n|-unboost|p2a: Zamazenta|spe|1\n|-damage|p2a: Zamazenta|94\/100|[from] Stealth Rock\n|-ability|p2a: Zamazenta|Dauntless Shield|boost\n|-boost|p2a: Zamazenta|def|1\n|turn|25\n|\n|t:|1700153617\n|move|p1a: Dragapult|Will-O-Wisp|p2a: Zamazenta\n|-status|p2a: Zamazenta|brn\n|move|p2a: Zamazenta|Iron Defense|p2a: Zamazenta\n|-boost|p2a: Zamazenta|def|2\n|\n|-heal|p2a: Zamazenta|100\/100 brn|[from] item: Leftovers\n|-damage|p2a: Zamazenta|94\/100 brn|[from] brn\n|upkeep\n|turn|26\n|\n|t:|1700153622\n|move|p1a: Dragapult|U-turn|p2a: Zamazenta\n|-resisted|p2a: Zamazenta\n|-damage|p2a: Zamazenta|91\/100 brn\n|\n|t:|1700153623\n|switch|p1a: Alomomola|Alomomola, M|85\/100|[from] U-turn\n|move|p2a: Zamazenta|Crunch|p1a: Alomomola\n|-damage|p1a: Alomomola|78\/100\n|-damage|p2a: Zamazenta|75\/100 brn|[from] item: Rocky Helmet|[of] p1a: Alomomola\n|\n|-heal|p2a: Zamazenta|81\/100 brn|[from] item: Leftovers\n|-damage|p2a: Zamazenta|75\/100 brn|[from] brn\n|upkeep\n|turn|27\n|\n|t:|1700153628\n|switch|p2a: Dragapult|Dragapult, F|88\/100\n|-activate|p2a: Dragapult|move: Sticky Web\n|-unboost|p2a: Dragapult|spe|1\n|-damage|p2a: Dragapult|76\/100|[from] Stealth Rock\n|move|p1a: Alomomola|Wish|p1a: Alomomola\n|\n|upkeep\n|turn|28\n|\n|t:|1700153631\n|move|p2a: Dragapult|Draco Meteor|p1a: Alomomola\n|-damage|p1a: Alomomola|15\/100\n|-unboost|p2a: Dragapult|spa|2\n|move|p1a: Alomomola|Flip Turn|p2a: Dragapult\n|-resisted|p2a: Dragapult\n|-damage|p2a: Dragapult|65\/100\n|\n|t:|1700153635\n|switch|p1a: Vikavolt|Vikavolt, M|27\/100|[from] Flip Turn\n|\n|-heal|p1a: Vikavolt|97\/100|[from] move: Wish|[wisher] Alomomola\n|upkeep\n|turn|29\n|\n|t:|1700153642\n|switch|p2a: Slowking|Slowking-Galar, M|60\/100\n|switch|p1a: Alomomola|Alomomola, M|48\/100\n|\n|upkeep\n|turn|30\n|\n|t:|1700153650\n|move|p1a: Alomomola|Flip Turn|p2a: Slowking\n|-damage|p2a: Slowking|49\/100\n|\n|t:|1700153653\n|switch|p1a: Dragapult|Dragapult, M|100\/100|[from] Flip Turn\n|move|p2a: Slowking|Future Sight|p1a: Dragapult\n|-start|p2a: Slowking|move: Future Sight\n|\n|upkeep\n|turn|31\n|\n|t:|1700153658\n|move|p1a: Dragapult|Will-O-Wisp|p2a: Slowking\n|-status|p2a: Slowking|brn\n|move|p2a: Slowking|Thunder Wave|p1a: Dragapult\n|-status|p1a: Dragapult|par\n|\n|-damage|p2a: Slowking|43\/100 brn|[from] brn\n|upkeep\n|turn|32\n|\n|t:|1700153663\n|cant|p1a: Dragapult|par\n|move|p2a: Slowking|Future Sight||[still]\n|-fail|p2a: Slowking\n|\n|-end|p1a: Dragapult|move: Future Sight\n|-crit|p1a: Dragapult\n|-damage|p1a: Dragapult|11\/100 par\n|-damage|p2a: Slowking|37\/100 brn|[from] brn\n|upkeep\n|turn|33\n|\n|t:|1700153668\n|move|p1a: Dragapult|U-turn|p2a: Slowking\n|-damage|p2a: Slowking|20\/100 brn\n|\n|t:|1700153670\n|switch|p1a: Alomomola|Alomomola, M|81\/100|[from] U-turn\n|move|p2a: Slowking|Chilly Reception|p2a: Slowking\n|-weather|Snow\n|\n|t:|1700153672\n|switch|p2a: Dragapult|Dragapult, F|65\/100|[from] Chilly Reception\n|-activate|p2a: Dragapult|move: Sticky Web\n|-unboost|p2a: Dragapult|spe|1\n|-damage|p2a: Dragapult|53\/100|[from] Stealth Rock\n|\n|-weather|Snow|[upkeep]\n|upkeep\n|turn|34\n|\n|t:|1700153683\n|move|p2a: Dragapult|Draco Meteor|p1a: Alomomola\n|-damage|p1a: Alomomola|15\/100\n|-unboost|p2a: Dragapult|spa|2\n|move|p1a: Alomomola|Flip Turn|p2a: Dragapult\n|-resisted|p2a: Dragapult\n|-damage|p2a: Dragapult|42\/100\n|\n|t:|1700153691\n|switch|p1a: Yanmega|Yanmega, M|100\/100|[from] Flip Turn\n|\n|-weather|Snow|[upkeep]\n|upkeep\n|turn|35\n|\n|t:|1700153695\n|switch|p2a: Landorus|Landorus-Therian, M|84\/100\n|-damage|p2a: Landorus|72\/100|[from] Stealth Rock\n|-ability|p2a: Landorus|Intimidate|boost\n|-unboost|p1a: Yanmega|atk|1\n|move|p1a: Yanmega|Shadow Ball|p2a: Landorus\n|-damage|p2a: Landorus|16\/100\n|-damage|p1a: Yanmega|91\/100|[from] item: Life Orb\n|\n|-weather|Snow|[upkeep]\n|-ability|p1a: Yanmega|Speed Boost|boost\n|-boost|p1a: Yanmega|spe|1\n|upkeep\n|turn|36\n|\n|t:|1700153710\n|switch|p1a: Alomomola|Alomomola, M|48\/100\n|move|p2a: Landorus|Stone Edge|p1a: Alomomola|[miss]\n|-miss|p2a: Landorus|p1a: Alomomola\n|\n|-weather|Snow|[upkeep]\n|upkeep\n|turn|37\n|\n|t:|1700153717\n|move|p2a: Landorus|Stone Edge|p1a: Alomomola\n|-damage|p1a: Alomomola|23\/100\n|move|p1a: Alomomola|Flip Turn|p2a: Landorus\n|-supereffective|p2a: Landorus\n|-damage|p2a: Landorus|0 fnt\n|faint|p2a: Landorus\n|\n|t:|1700153725\n|switch|p1a: Yanmega|Yanmega, M|91\/100|[from] Flip Turn\n|\n|-weather|none\n|upkeep\n|\n|t:|1700153747\n|switch|p2a: Slowking|Slowking-Galar, M|53\/100 brn\n|turn|38\n|\n|t:|1700153751\n|move|p1a: Yanmega|Shadow Ball|p2a: Slowking\n|-supereffective|p2a: Slowking\n|-damage|p2a: Slowking|0 fnt\n|faint|p2a: Slowking\n|-damage|p1a: Yanmega|81\/100|[from] item: Life Orb\n|\n|-ability|p1a: Yanmega|Speed Boost|boost\n|-boost|p1a: Yanmega|spe|1\n|upkeep\n|\n|t:|1700153754\n|switch|p2a: Zamazenta|Zamazenta|75\/100 brn\n|-activate|p2a: Zamazenta|move: Sticky Web\n|-unboost|p2a: Zamazenta|spe|1\n|-damage|p2a: Zamazenta|69\/100 brn|[from] Stealth Rock\n|turn|39\n|c|\u2606Saagii|Gg\n|\n|t:|1700153761\n|-terastallize|p2a: Zamazenta|Steel\n|move|p1a: Yanmega|Air Slash|p2a: Zamazenta\n|-resisted|p2a: Zamazenta\n|-damage|p2a: Zamazenta|48\/100 brn\n|-damage|p1a: Yanmega|71\/100|[from] item: Life Orb\n|move|p2a: Zamazenta|Iron Defense|p2a: Zamazenta\n|-boost|p2a: Zamazenta|def|2\n|\n|-heal|p2a: Zamazenta|55\/100 brn|[from] item: Leftovers\n|-damage|p2a: Zamazenta|48\/100 brn|[from] brn\n|-ability|p1a: Yanmega|Speed Boost|boost\n|-boost|p1a: Yanmega|spe|1\n|upkeep\n|turn|40\n|\n|t:|1700153765\n|-terastallize|p1a: Yanmega|Ghost\n|move|p1a: Yanmega|Shadow Ball|p2a: Zamazenta\n|-damage|p2a: Zamazenta|9\/100 brn\n|-damage|p1a: Yanmega|61\/100|[from] item: Life Orb\n|move|p2a: Zamazenta|Body Press|p1a: Yanmega\n|-immune|p1a: Yanmega\n|\n|-heal|p2a: Zamazenta|15\/100 brn|[from] item: Leftovers\n|-damage|p2a: Zamazenta|9\/100 brn|[from] brn\n|-ability|p1a: Yanmega|Speed Boost|boost\n|-boost|p1a: Yanmega|spe|1\n|upkeep\n|turn|41\n|\n|t:|1700153772\n|move|p1a: Yanmega|Shadow Ball|p2a: Zamazenta\n|-damage|p2a: Zamazenta|0 fnt\n|faint|p2a: Zamazenta\n|-damage|p1a: Yanmega|51\/100|[from] item: Life Orb\n|\n|-ability|p1a: Yanmega|Speed Boost|boost\n|-boost|p1a: Yanmega|spe|1\n|upkeep\n|\n|t:|1700153774\n|switch|p2a: Dragapult|Dragapult, F|42\/100\n|-activate|p2a: Dragapult|move: Sticky Web\n|-unboost|p2a: Dragapult|spe|1\n|-damage|p2a: Dragapult|30\/100|[from] Stealth Rock\n|turn|42\n|\n|t:|1700153776\n|move|p1a: Yanmega|Shadow Ball|p2a: Dragapult\n|-supereffective|p2a: Dragapult\n|-damage|p2a: Dragapult|0 fnt\n|faint|p2a: Dragapult\n|-damage|p1a: Yanmega|41\/100|[from] item: Life Orb\n|\n|win|Saagii\n|raw|Saagii's rating: 1317 &rarr; <strong>1345<\/strong><br \/>(+28 for winning)\n|raw|Leahxpkmn's rating: 1459 &rarr; <strong>1431<\/strong><br \/>(-28 for losing)\n|l|\u2606Leahxpkmn\n","uploadtime":1700153788,"views":8,"p1id":"saagii","p2id":"leahxpkmn","formatid":"gen9ou","rating":1345,"private":0,"password":""}