{"id":"gen9ou-1998269497","p1":"FlorenceIris","p2":"gfrostmoths","format":"[Gen 9] OU","log":"|j|\u2606FlorenceIris\n|j|\u2606gfrostmoths\n|t:|1700922621\n|gametype|singles\n|player|p1|FlorenceIris|sonia-professor|\n|player|p2|gfrostmoths|adaman|\n|teamsize|p1|6\n|teamsize|p2|6\n|gen|9\n|tier|[Gen 9] OU\n|rule|Sleep Clause Mod: Limit one foe put to sleep\n|rule|Species Clause: Limit one of each Pok\u00e9mon\n|rule|OHKO Clause: OHKO moves are banned\n|rule|Evasion Items Clause: Evasion items are banned\n|rule|Evasion Moves Clause: Evasion moves are banned\n|rule|Endless Battle Clause: Forcing endless battles is banned\n|rule|HP Percentage Mod: HP is shown in percentages\n|clearpoke\n|poke|p1|Rillaboom, F|\n|poke|p1|Heatran, M|\n|poke|p1|Ogerpon-Wellspring, F|\n|poke|p1|Great Tusk|\n|poke|p1|Thundurus-Therian, M|\n|poke|p1|Kingambit, F|\n|poke|p2|Dragapult, F|\n|poke|p2|Iron Moth|\n|poke|p2|Ogerpon-Cornerstone, F|\n|poke|p2|Empoleon, F|\n|poke|p2|Zapdos|\n|poke|p2|Great Tusk|\n|teampreview\n|c|\u2606FlorenceIris|gl hf :))\n|c|\u2606gfrostmoths|gl hf :)\n|c|\u2606FlorenceIris|I've got mons that aren't flying types\n|c|\u2606FlorenceIris|what a world we live in\n|c|\u2606gfrostmoths|thats crazy\n|c|\u2606gfrostmoths|i asked peter if i should bring the meme team but i thought being 1:1 was a bad time for it haha\n|c|\u2606FlorenceIris|xD\n|c|\u2606gfrostmoths|have you still got game 2 open as i didnt get the reply oops\n|c|\u2606FlorenceIris|oh I don't no\n|c|\u2606FlorenceIris|whoops\n|c|\u2606FlorenceIris|I got my shit rocked I think is the conclusion\n|j| Hallowed_Hazel\n|c|\u2606FlorenceIris|hazel are you still in game 2?\n|c| Hallowed_Hazel|yeah i got it\n|c|\u2606FlorenceIris|nice nice\n|c|\u2606gfrostmoths|nvm i got it open again\n|c| Hallowed_Hazel|https:\/\/replay.pokemonshowdown.com\/gen9ou-1998266525\n|c|\u2606gfrostmoths|ok nice nice ty hazel :))\n|\n|t:|1700922797\n|start\n|switch|p1a: Rillaboom|Rillaboom, F|100\/100\n|switch|p2a: Dragapult|Dragapult, F|100\/100\n|-fieldstart|move: Grassy Terrain|[from] ability: Grassy Surge|[of] p1a: Rillaboom\n|turn|1\n|\n|t:|1700922804\n|switch|p1a: Heatran|Heatran, M|100\/100\n|move|p2a: Dragapult|U-turn|p1a: Heatran\n|-resisted|p1a: Heatran\n|-damage|p1a: Heatran|97\/100\n|\n|t:|1700922820\n|switch|p2a: Great Tusk|Great Tusk|100\/100|[from] U-turn\n|\n|-heal|p1a: Heatran|100\/100|[from] Grassy Terrain\n|upkeep\n|turn|2\n|\n|t:|1700922860\n|switch|p1a: Rillaboom|Rillaboom, F|100\/100\n|move|p2a: Great Tusk|Knock Off|p1a: Rillaboom\n|-damage|p1a: Rillaboom|70\/100\n|-enditem|p1a: Rillaboom|Choice Band|[from] move: Knock Off|[of] p2a: Great Tusk\n|\n|-heal|p1a: Rillaboom|76\/100|[from] Grassy Terrain\n|upkeep\n|turn|3\n|\n|t:|1700922883\n|move|p2a: Great Tusk|Ice Spinner|p1a: Rillaboom\n|-supereffective|p1a: Rillaboom\n|-damage|p1a: Rillaboom|21\/100\n|-fieldend|move: Grassy Terrain\n|move|p1a: Rillaboom|U-turn|p2a: Great Tusk\n|-resisted|p2a: Great Tusk\n|-damage|p2a: Great Tusk|92\/100\n|\n|t:|1700922889\n|switch|p1a: Ogerpon|Ogerpon-Wellspring, F|100\/100|[from] U-turn\n|\n|-heal|p2a: Great Tusk|98\/100|[from] item: Leftovers\n|upkeep\n|turn|4\n|c|\u2606gfrostmoths|no grass for you\n|c|\u2606FlorenceIris|:((\n|\n|t:|1700922916\n|-end|p2a: Great Tusk|Protosynthesis|[silent]\n|switch|p2a: Empoleon|Empoleon, F|100\/100\n|move|p1a: Ogerpon|Swords Dance|p1a: Ogerpon\n|-boost|p1a: Ogerpon|atk|2\n|\n|upkeep\n|turn|5\n|c|\u2606gfrostmoths|uh oh\n|\n|t:|1700923004\n|switch|p2a: Dragapult|Dragapult, F|100\/100\n|move|p1a: Ogerpon|Swords Dance|p1a: Ogerpon\n|-boost|p1a: Ogerpon|atk|2\n|\n|upkeep\n|turn|6\n|j| natcentre\n|\n|t:|1700923044\n|-terastallize|p1a: Ogerpon|Water\n|detailschange|p1a: Ogerpon|Ogerpon-Wellspring-Tera, F, tera:Water\n|-ability|p1a: Ogerpon|Embody Aspect (Wellspring)|boost\n|-boost|p1a: Ogerpon|spd|1\n|move|p2a: Dragapult|U-turn|p1a: Ogerpon\n|-damage|p1a: Ogerpon|77\/100\n|\n|t:|1700923056\n|switch|p2a: Empoleon|Empoleon, F|100\/100|[from] U-turn\n|move|p1a: Ogerpon|Ivy Cudgel|p2a: Empoleon|[anim] Ivy Cudgel Water\n|-resisted|p2a: Empoleon\n|-crit|p2a: Empoleon\n|-damage|p2a: Empoleon|0 fnt\n|faint|p2a: Empoleon\n|\n|upkeep\n|c| Hallowed_Hazel|>resisted\n|c|\u2606FlorenceIris|bonk\n|c| natcentre|b o n k\n|c|\u2606gfrostmoths|a little dead\n|\n|t:|1700923092\n|switch|p2a: Ogerpon|Ogerpon-Cornerstone, F|100\/100\n|turn|7\n|\n|t:|1700923119\n|switch|p1a: Kingambit|Kingambit, F|100\/100\n|move|p2a: Ogerpon|Horn Leech|p1a: Kingambit\n|-resisted|p1a: Kingambit\n|-damage|p1a: Kingambit|82\/100\n|\n|upkeep\n|turn|8\n|\n|t:|1700923129\n|switch|p2a: Great Tusk|Great Tusk|98\/100\n|move|p1a: Kingambit|Iron Head|p2a: Great Tusk\n|-damage|p2a: Great Tusk|71\/100\n|\n|-heal|p2a: Great Tusk|77\/100|[from] item: Leftovers\n|upkeep\n|turn|9\n|\n|t:|1700923190\n|-end|p1a: Kingambit|fallenundefined|[silent]\n|switch|p1a: Great Tusk|Great Tusk|100\/100\n|move|p2a: Great Tusk|Knock Off|p1a: Great Tusk\n|-resisted|p1a: Great Tusk\n|-damage|p1a: Great Tusk|94\/100\n|-enditem|p1a: Great Tusk|Leftovers|[from] move: Knock Off|[of] p2a: Great Tusk\n|\n|-heal|p2a: Great Tusk|83\/100|[from] item: Leftovers\n|upkeep\n|turn|10\n|\n|t:|1700923217\n|move|p2a: Great Tusk|Ice Spinner|p1a: Great Tusk\n|-supereffective|p1a: Great Tusk\n|-damage|p1a: Great Tusk|72\/100\n|move|p1a: Great Tusk|Knock Off|p2a: Great Tusk\n|-resisted|p2a: Great Tusk\n|-damage|p2a: Great Tusk|75\/100\n|-enditem|p2a: Great Tusk|Leftovers|[from] move: Knock Off|[of] p1a: Great Tusk\n|\n|upkeep\n|turn|11\n|\n|t:|1700923252\n|-end|p2a: Great Tusk|Protosynthesis|[silent]\n|switch|p2a: Ogerpon|Ogerpon-Cornerstone, F|100\/100\n|move|p1a: Great Tusk|Bulk Up|p1a: Great Tusk\n|-boost|p1a: Great Tusk|atk|1\n|-boost|p1a: Great Tusk|def|1\n|\n|upkeep\n|turn|12\n|\n|t:|1700923281\n|move|p2a: Ogerpon|Swords Dance|p2a: Ogerpon\n|-boost|p2a: Ogerpon|atk|2\n|move|p1a: Great Tusk|Knock Off|p2a: Ogerpon\n|-damage|p2a: Ogerpon|65\/100\n|\n|upkeep\n|turn|13\n|\n|t:|1700923289\n|-end|p1a: Great Tusk|Protosynthesis|[silent]\n|switch|p1a: Kingambit|Kingambit, F|82\/100\n|move|p2a: Ogerpon|Horn Leech|p1a: Kingambit\n|-resisted|p1a: Kingambit\n|-damage|p1a: Kingambit|47\/100\n|-heal|p2a: Ogerpon|86\/100|[from] drain|[of] p1a: Kingambit\n|\n|upkeep\n|turn|14\n|\n|t:|1700923317\n|move|p2a: Ogerpon|Ivy Cudgel|p1a: Kingambit|[anim] Ivy Cudgel Rock\n|-resisted|p1a: Kingambit\n|-damage|p1a: Kingambit|0 fnt\n|faint|p1a: Kingambit\n|-end|p1a: Kingambit|fallenundefined|[silent]\n|\n|upkeep\n|c|\u2606gfrostmoths|reverse bonk\n|\n|t:|1700923375\n|switch|p1a: Heatran|Heatran, M|100\/100\n|turn|15\n|\n|t:|1700923404\n|-terastallize|p2a: Ogerpon|Rock\n|detailschange|p2a: Ogerpon|Ogerpon-Cornerstone-Tera, F, tera:Rock\n|-ability|p2a: Ogerpon|Embody Aspect (Cornerstone)|boost\n|-boost|p2a: Ogerpon|def|1\n|move|p2a: Ogerpon|Ivy Cudgel|p1a: Heatran|[anim] Ivy Cudgel Rock\n|-damage|p1a: Heatran|0 fnt\n|faint|p1a: Heatran\n|\n|upkeep\n|\n|t:|1700923412\n|switch|p1a: Ogerpon|Ogerpon-Wellspring-Tera, F, tera:Water|77\/100\n|-ability|p1a: Ogerpon|Embody Aspect (Wellspring)|boost\n|-boost|p1a: Ogerpon|spd|1\n|turn|16\n|\n|t:|1700923417\n|move|p1a: Ogerpon|Ivy Cudgel|p2a: Ogerpon|[anim] Ivy Cudgel Water\n|-supereffective|p2a: Ogerpon\n|-damage|p2a: Ogerpon|0 fnt\n|faint|p2a: Ogerpon\n|\n|upkeep\n|c|\u2606FlorenceIris|we win those\n|c|\u2606gfrostmoths|rip\n|c|\u2606FlorenceIris|xD\n|\n|t:|1700923429\n|switch|p2a: Iron Moth|Iron Moth|100\/100\n|turn|17\n|\n|t:|1700923466\n|move|p2a: Iron Moth|Energy Ball|p1a: Ogerpon\n|-supereffective|p1a: Ogerpon\n|-damage|p1a: Ogerpon|26\/100\n|move|p1a: Ogerpon|Ivy Cudgel|p2a: Iron Moth|[anim] Ivy Cudgel Water\n|-supereffective|p2a: Iron Moth\n|-crit|p2a: Iron Moth\n|-damage|p2a: Iron Moth|0 fnt\n|faint|p2a: Iron Moth\n|-end|p2a: Iron Moth|Quark Drive|[silent]\n|\n|upkeep\n|\n|t:|1700923474\n|switch|p2a: Dragapult|Dragapult, F|100\/100\n|turn|18\n|c|\u2606FlorenceIris|i dont think that crit mattered\n|c|\u2606gfrostmoths|nah defo not\n|\n|t:|1700923495\n|move|p2a: Dragapult|Shadow Ball|p1a: Ogerpon\n|-damage|p1a: Ogerpon|0 fnt\n|faint|p1a: Ogerpon\n|\n|upkeep\n|\n|t:|1700923501\n|switch|p1a: Great Tusk|Great Tusk|72\/100\n|turn|19\n|\n|t:|1700923509\n|switch|p2a: Zapdos|Zapdos|100\/100\n|move|p1a: Great Tusk|Knock Off|p2a: Zapdos\n|-damage|p2a: Zapdos|79\/100\n|-enditem|p2a: Zapdos|Heavy-Duty Boots|[from] move: Knock Off|[of] p1a: Great Tusk\n|\n|upkeep\n|turn|20\n|\n|t:|1700923521\n|-end|p1a: Great Tusk|Protosynthesis|[silent]\n|switch|p1a: Thundurus|Thundurus-Therian, M|100\/100\n|move|p2a: Zapdos|Hurricane|p1a: Thundurus|[miss]\n|-miss|p2a: Zapdos|p1a: Thundurus\n|\n|upkeep\n|turn|21\n|\n|t:|1700923546\n|move|p1a: Thundurus|Grass Knot|p2a: Zapdos\n|-resisted|p2a: Zapdos\n|-damage|p2a: Zapdos|55\/100\n|move|p2a: Zapdos|U-turn|p1a: Thundurus\n|-resisted|p1a: Thundurus\n|-damage|p1a: Thundurus|89\/100\n|\n|t:|1700923552\n|switch|p2a: Dragapult|Dragapult, F|100\/100|[from] U-turn\n|\n|upkeep\n|turn|22\n|\n|t:|1700923557\n|move|p2a: Dragapult|Shadow Ball|p1a: Thundurus\n|-damage|p1a: Thundurus|24\/100\n|move|p1a: Thundurus|Grass Knot|p2a: Dragapult\n|-resisted|p2a: Dragapult\n|-damage|p2a: Dragapult|68\/100\n|\n|upkeep\n|turn|23\n|\n|t:|1700923564\n|move|p2a: Dragapult|Shadow Ball|p1a: Thundurus\n|-damage|p1a: Thundurus|0 fnt\n|faint|p1a: Thundurus\n|\n|upkeep\n|\n|t:|1700923568\n|switch|p1a: Great Tusk|Great Tusk|72\/100\n|turn|24\n|c|\u2606FlorenceIris|think that's ggs\n|\n|t:|1700923581\n|move|p2a: Dragapult|Shadow Ball|p1a: Great Tusk\n|-damage|p1a: Great Tusk|0 fnt\n|faint|p1a: Great Tusk\n|-end|p1a: Great Tusk|Protosynthesis|[silent]\n|\n|upkeep\n|\n|t:|1700923585\n|switch|p1a: Rillaboom|Rillaboom, F|21\/100\n|-fieldstart|move: Grassy Terrain|[from] ability: Grassy Surge|[of] p1a: Rillaboom\n|turn|25\n|c|\u2606gfrostmoths|gg\n|\n|t:|1700923589\n|move|p1a: Rillaboom|Grassy Glide|p2a: Dragapult\n|-resisted|p2a: Dragapult\n|-damage|p2a: Dragapult|42\/100\n|move|p2a: Dragapult|Shadow Ball|p1a: Rillaboom\n|-damage|p1a: Rillaboom|0 fnt\n|faint|p1a: Rillaboom\n|\n|win|gfrostmoths\n|c| natcentre|gg\n|l|\u2606FlorenceIris\n|l| natcentre\n|l| Hallowed_Hazel\n","uploadtime":1700923701,"views":7,"p1id":"florenceiris","p2id":"gfrostmoths","formatid":"gen9ou","rating":0,"private":0,"password":""}