{"id":"gen9ou-1995961640","p1":"Cornflakes","p2":"haxusorry","format":"[Gen 9] OU","log":"|j|\u2606Cornflakes\n|j|\u2606haxusorry\n|t:|1700622452\n|gametype|singles\n|player|p1|Cornflakes|1|1398\n|player|p2|haxusorry|riley|1430\n|teamsize|p1|6\n|teamsize|p2|6\n|gen|9\n|tier|[Gen 9] OU\n|rated|\n|rule|Sleep Clause Mod: Limit one foe put to sleep\n|rule|Species Clause: Limit one of each Pok\u00e9mon\n|rule|OHKO Clause: OHKO moves are banned\n|rule|Evasion Items Clause: Evasion items are banned\n|rule|Evasion Moves Clause: Evasion moves are banned\n|rule|Endless Battle Clause: Forcing endless battles is banned\n|rule|HP Percentage Mod: HP is shown in percentages\n|clearpoke\n|poke|p1|Kingambit, M|\n|poke|p1|Glimmora, F|\n|poke|p1|Zamazenta-*|\n|poke|p1|Iron Valiant|\n|poke|p1|Iron Moth|\n|poke|p1|Ogerpon-Wellspring, F|\n|poke|p2|Mew|\n|poke|p2|Dragapult, F|\n|poke|p2|Ting-Lu|\n|poke|p2|Amoonguss, M|\n|poke|p2|Tornadus-Therian, M|\n|poke|p2|Cinderace, M|\n|teampreview\n|inactive|Battle timer is ON: inactive players will automatically lose when time's up. (requested by Cornflakes)\n|\n|t:|1700622457\n|start\n|switch|p1a: Glimmora|Glimmora, F|100\/100\n|switch|p2a: Dragapult|Dragapult, F|100\/100\n|turn|1\n|\n|t:|1700622464\n|move|p2a: Dragapult|Shadow Ball|p1a: Glimmora\n|-damage|p1a: Glimmora|22\/100\n|move|p1a: Glimmora|Stealth Rock|p2a: Dragapult\n|-sidestart|p2: haxusorry|move: Stealth Rock\n|\n|upkeep\n|turn|2\n|\n|t:|1700622476\n|switch|p1a: Kingambit|Kingambit, M|100\/100\n|move|p2a: Dragapult|Shadow Ball|p1a: Kingambit\n|-resisted|p1a: Kingambit\n|-damage|p1a: Kingambit|71\/100\n|\n|upkeep\n|turn|3\n|inactive|Cornflakes has 120 seconds left.\n|\n|t:|1700622507\n|switch|p2a: Ting-Lu|Ting-Lu|100\/100\n|-damage|p2a: Ting-Lu|94\/100|[from] Stealth Rock\n|-ability|p2a: Ting-Lu|Vessel of Ruin\n|move|p1a: Kingambit|Iron Head|p2a: Ting-Lu\n|-damage|p2a: Ting-Lu|69\/100\n|\n|-heal|p2a: Ting-Lu|75\/100|[from] item: Leftovers\n|upkeep\n|turn|4\n|inactive|Cornflakes has 120 seconds left.\n|\n|t:|1700622520\n|-end|p1a: Kingambit|fallenundefined|[silent]\n|switch|p1a: Glimmora|Glimmora, F|22\/100\n|move|p2a: Ting-Lu|Spikes|p1a: Glimmora\n|-sidestart|p1: Cornflakes|Spikes\n|\n|-heal|p2a: Ting-Lu|82\/100|[from] item: Leftovers\n|upkeep\n|turn|5\n|\n|t:|1700622528\n|move|p1a: Glimmora|Mortal Spin|p2a: Ting-Lu\n|-resisted|p2a: Ting-Lu\n|-damage|p2a: Ting-Lu|80\/100\n|-status|p2a: Ting-Lu|psn\n|-sideend|p1: Cornflakes|Spikes|[from] move: Mortal Spin|[of] p1a: Glimmora\n|move|p2a: Ting-Lu|Whirlwind|p1a: Glimmora\n|drag|p1a: Ogerpon|Ogerpon-Wellspring, F|100\/100\n|\n|-heal|p2a: Ting-Lu|86\/100 psn|[from] item: Leftovers\n|-damage|p2a: Ting-Lu|74\/100 psn|[from] psn\n|upkeep\n|turn|6\n|\n|t:|1700622538\n|move|p1a: Ogerpon|Swords Dance|p1a: Ogerpon\n|-boost|p1a: Ogerpon|atk|2\n|move|p2a: Ting-Lu|Spikes|p1a: Ogerpon\n|-sidestart|p1: Cornflakes|Spikes\n|\n|-heal|p2a: Ting-Lu|80\/100 psn|[from] item: Leftovers\n|-damage|p2a: Ting-Lu|67\/100 psn|[from] psn\n|upkeep\n|turn|7\n|\n|t:|1700622550\n|switch|p2a: Amoonguss|Amoonguss, M|100\/100\n|-damage|p2a: Amoonguss|88\/100|[from] Stealth Rock\n|move|p1a: Ogerpon|Ivy Cudgel|p2a: Amoonguss|[anim] Ivy Cudgel Water\n|-resisted|p2a: Amoonguss\n|-damage|p2a: Amoonguss|47\/100\n|-enditem|p2a: Amoonguss|Red Card|[of] p1a: Ogerpon\n|drag|p1a: Zamazenta|Zamazenta, shiny|100\/100\n|-damage|p1a: Zamazenta|88\/100|[from] Spikes\n|-ability|p1a: Zamazenta|Dauntless Shield|boost\n|-boost|p1a: Zamazenta|def|1\n|\n|-heal|p1a: Zamazenta|94\/100|[from] item: Leftovers\n|upkeep\n|turn|8\n|inactive|Cornflakes has 120 seconds left.\n|\n|t:|1700622570\n|switch|p1a: Ogerpon|Ogerpon-Wellspring, F|100\/100\n|-damage|p1a: Ogerpon|88\/100|[from] Spikes\n|move|p2a: Amoonguss|Sludge Bomb|p1a: Ogerpon\n|-supereffective|p1a: Ogerpon\n|-crit|p1a: Ogerpon\n|-damage|p1a: Ogerpon|0 fnt\n|faint|p1a: Ogerpon\n|\n|upkeep\n|inactive|Cornflakes has 90 seconds left.\n|\n|t:|1700622616\n|switch|p1a: Iron Valiant|Iron Valiant|100\/100\n|-damage|p1a: Iron Valiant|88\/100|[from] Spikes\n|-enditem|p1a: Iron Valiant|Booster Energy\n|-activate|p1a: Iron Valiant|ability: Quark Drive|[fromitem]\n|-start|p1a: Iron Valiant|quarkdrivespe\n|turn|9\n|\n|t:|1700622623\n|move|p1a: Iron Valiant|Psyshock|p2a: Amoonguss\n|-supereffective|p2a: Amoonguss\n|-damage|p2a: Amoonguss|9\/100\n|move|p2a: Amoonguss|Sludge Bomb|p1a: Iron Valiant\n|-supereffective|p1a: Iron Valiant\n|-damage|p1a: Iron Valiant|0 fnt\n|faint|p1a: Iron Valiant\n|-end|p1a: Iron Valiant|Quark Drive|[silent]\n|\n|upkeep\n|inactive|Cornflakes has 60 seconds left.\n|\n|t:|1700622669\n|switch|p1a: Iron Moth|Iron Moth|100\/100\n|-damage|p1a: Iron Moth|88\/100|[from] Spikes\n|-enditem|p1a: Iron Moth|Booster Energy\n|-activate|p1a: Iron Moth|ability: Quark Drive|[fromitem]\n|-start|p1a: Iron Moth|quarkdrivespe\n|turn|10\n|\n|t:|1700622676\n|switch|p2a: Tornadus|Tornadus-Therian, M|100\/100\n|move|p1a: Iron Moth|Fiery Dance|p2a: Tornadus\n|-damage|p2a: Tornadus|58\/100\n|-boost|p1a: Iron Moth|spa|1\n|\n|upkeep\n|turn|11\n|\n|t:|1700622687\n|move|p1a: Iron Moth|Fiery Dance|p2a: Tornadus\n|-damage|p2a: Tornadus|0 fnt\n|faint|p2a: Tornadus\n|\n|upkeep\n|\n|t:|1700622689\n|switch|p2a: Ting-Lu|Ting-Lu|67\/100 psn\n|-damage|p2a: Ting-Lu|61\/100 psn|[from] Stealth Rock\n|-ability|p2a: Ting-Lu|Vessel of Ruin\n|turn|12\n|inactive|Cornflakes has 60 seconds left.\n|\n|t:|1700622724\n|-terastallize|p1a: Iron Moth|Fairy\n|move|p1a: Iron Moth|Dazzling Gleam|p2a: Ting-Lu\n|-supereffective|p2a: Ting-Lu\n|-damage|p2a: Ting-Lu|7\/100 psn\n|move|p2a: Ting-Lu|Whirlwind|p1a: Iron Moth\n|-end|p1a: Iron Moth|Quark Drive|[silent]\n|drag|p1a: Zamazenta|Zamazenta, shiny|94\/100\n|-damage|p1a: Zamazenta|82\/100|[from] Spikes\n|\n|-heal|p1a: Zamazenta|88\/100|[from] item: Leftovers\n|-heal|p2a: Ting-Lu|13\/100 psn|[from] item: Leftovers\n|-damage|p2a: Ting-Lu|1\/100 psn|[from] psn\n|upkeep\n|turn|13\n|inactive|Cornflakes has 30 seconds left.\n|\n|t:|1700622743\n|switch|p1a: Glimmora|Glimmora, F|22\/100\n|-damage|p1a: Glimmora|10\/100|[from] Spikes\n|move|p2a: Ting-Lu|Spikes|p1a: Glimmora\n|-sidestart|p1: Cornflakes|Spikes\n|\n|-heal|p2a: Ting-Lu|7\/100 psn|[from] item: Leftovers\n|-damage|p2a: Ting-Lu|0 fnt|[from] psn\n|faint|p2a: Ting-Lu\n|upkeep\n|\n|t:|1700622749\n|switch|p2a: Cinderace|Cinderace, M|100\/100\n|turn|14\n|\n|t:|1700622754\n|move|p2a: Cinderace|U-turn|p1a: Glimmora\n|-start|p2a: Cinderace|typechange|Bug|[from] ability: Libero\n|-resisted|p1a: Glimmora\n|-damage|p1a: Glimmora|0 fnt\n|-activate|p1a: Glimmora|ability: Toxic Debris\n|-sidestart|p2: haxusorry|move: Toxic Spikes\n|faint|p1a: Glimmora\n|\n|t:|1700622761\n|switch|p2a: Amoonguss|Amoonguss, M|43\/100|[from] U-turn\n|-damage|p2a: Amoonguss|30\/100|[from] Stealth Rock\n|-sideend|p2: haxusorry|move: Toxic Spikes|[of] p2a: Amoonguss\n|\n|upkeep\n|\n|t:|1700622771\n|switch|p1a: Iron Moth|Iron Moth, tera:Fairy|88\/100\n|-damage|p1a: Iron Moth|72\/100|[from] Spikes\n|turn|15\n|\n|t:|1700622783\n|switch|p2a: Cinderace|Cinderace, M|100\/100\n|move|p1a: Iron Moth|Fiery Dance|p2a: Cinderace\n|-resisted|p2a: Cinderace\n|-damage|p2a: Cinderace|71\/100\n|\n|upkeep\n|turn|16\n|\n|t:|1700622795\n|move|p2a: Cinderace|Pyro Ball|p1a: Iron Moth\n|-damage|p1a: Iron Moth|0 fnt\n|faint|p1a: Iron Moth\n|-end|p1a: Iron Moth|Quark Drive|[silent]\n|\n|upkeep\n|\n|t:|1700622803\n|switch|p1a: Zamazenta|Zamazenta, shiny|88\/100\n|-damage|p1a: Zamazenta|72\/100|[from] Spikes\n|turn|17\n|\n|t:|1700622809\n|switch|p2a: Dragapult|Dragapult, F|100\/100\n|-damage|p2a: Dragapult|88\/100|[from] Stealth Rock\n|move|p1a: Zamazenta|Iron Defense|p1a: Zamazenta\n|-boost|p1a: Zamazenta|def|2\n|\n|-heal|p1a: Zamazenta|78\/100|[from] item: Leftovers\n|upkeep\n|turn|18\n|\n|t:|1700622814\n|move|p2a: Dragapult|Draco Meteor|p1a: Zamazenta|[miss]\n|-miss|p2a: Dragapult|p1a: Zamazenta\n|move|p1a: Zamazenta|Crunch|p2a: Dragapult\n|-supereffective|p2a: Dragapult\n|-damage|p2a: Dragapult|11\/100\n|\n|-heal|p1a: Zamazenta|84\/100|[from] item: Leftovers\n|upkeep\n|turn|19\n|\n|t:|1700622829\n|move|p2a: Dragapult|Draco Meteor|p1a: Zamazenta\n|-damage|p1a: Zamazenta|1\/100\n|-unboost|p2a: Dragapult|spa|2\n|move|p1a: Zamazenta|Crunch|p2a: Dragapult\n|-supereffective|p2a: Dragapult\n|-damage|p2a: Dragapult|0 fnt\n|faint|p2a: Dragapult\n|\n|-heal|p1a: Zamazenta|8\/100|[from] item: Leftovers\n|upkeep\n|\n|t:|1700622832\n|switch|p2a: Amoonguss|Amoonguss, M|63\/100\n|-damage|p2a: Amoonguss|51\/100|[from] Stealth Rock\n|turn|20\n|\n|t:|1700622848\n|move|p1a: Zamazenta|Body Press|p2a: Amoonguss\n|-resisted|p2a: Amoonguss\n|-damage|p2a: Amoonguss|27\/100\n|move|p2a: Amoonguss|Sludge Bomb|p1a: Zamazenta\n|-damage|p1a: Zamazenta|0 fnt\n|faint|p1a: Zamazenta\n|\n|upkeep\n|\n|t:|1700622852\n|switch|p1a: Kingambit|Kingambit, M|71\/100\n|-damage|p1a: Kingambit|54\/100|[from] Spikes\n|-activate|p1a: Kingambit|ability: Supreme Overlord\n|-start|p1a: Kingambit|fallen5|[silent]\n|turn|21\n|\n|t:|1700622858\n|move|p1a: Kingambit|Kowtow Cleave|p2a: Amoonguss\n|-damage|p2a: Amoonguss|0 fnt\n|faint|p2a: Amoonguss\n|\n|upkeep\n|\n|t:|1700622862\n|switch|p2a: Cinderace|Cinderace, M|71\/100\n|turn|22\n|\n|t:|1700622874\n|move|p2a: Cinderace|Will-O-Wisp|p1a: Kingambit\n|-status|p1a: Kingambit|brn\n|move|p1a: Kingambit|Kowtow Cleave|p2a: Cinderace\n|-damage|p2a: Cinderace|9\/100\n|\n|-damage|p1a: Kingambit|48\/100 brn|[from] brn\n|upkeep\n|turn|23\n|\n|t:|1700622880\n|move|p1a: Kingambit|Sucker Punch||[still]\n|-fail|p1a: Kingambit\n|move|p2a: Cinderace|Will-O-Wisp|p1a: Kingambit\n|-fail|p1a: Kingambit|brn\n|\n|-damage|p1a: Kingambit|42\/100 brn|[from] brn\n|upkeep\n|turn|24\n|\n|t:|1700622885\n|move|p1a: Kingambit|Sucker Punch|p2a: Cinderace\n|-damage|p2a: Cinderace|0 fnt\n|faint|p2a: Cinderace\n|\n|-damage|p1a: Kingambit|36\/100 brn|[from] brn\n|upkeep\n|\n|t:|1700622887\n|switch|p2a: Mew|Mew|100\/100\n|-damage|p2a: Mew|88\/100|[from] Stealth Rock\n|turn|25\n|\n|t:|1700622893\n|-terastallize|p2a: Mew|Fighting\n|move|p2a: Mew|Nasty Plot|p2a: Mew\n|-boost|p2a: Mew|spa|2\n|move|p1a: Kingambit|Kowtow Cleave|p2a: Mew\n|-resisted|p2a: Mew\n|-damage|p2a: Mew|66\/100\n|\n|-damage|p1a: Kingambit|30\/100 brn|[from] brn\n|upkeep\n|turn|26\n|\n|t:|1700622901\n|move|p2a: Mew|Vacuum Wave|p1a: Kingambit\n|-supereffective|p1a: Kingambit\n|-damage|p1a: Kingambit|0 fnt\n|faint|p1a: Kingambit\n|-end|p1a: Kingambit|fallen5|[silent]\n|-damage|p2a: Mew|56\/100|[from] item: Life Orb\n|\n|win|haxusorry\n|raw|Cornflakes's rating: 1398 &rarr; <strong>1380<\/strong><br \/>(-18 for losing)\n|raw|haxusorry's rating: 1430 &rarr; <strong>1448<\/strong><br \/>(+18 for winning)\n|l|\u2606Cornflakes\n","uploadtime":1700622959,"views":2,"p1id":"cornflakes","p2id":"haxusorry","formatid":"gen9ou","rating":1380,"private":0,"password":""}