{"id":"gen9ou-1993124602","p1":"2022 flare","p2":"Drongon","format":"[Gen 9] OU","log":"|j|\u26062022 flare\n|j|\u2606Drongon\n|t:|1700267655\n|gametype|singles\n|player|p1|2022 flare|skierf-gen4dp|1285\n|player|p2|Drongon|169|1342\n|teamsize|p1|6\n|teamsize|p2|6\n|gen|9\n|tier|[Gen 9] OU\n|rated|\n|rule|Sleep Clause Mod: Limit one foe put to sleep\n|rule|Species Clause: Limit one of each Pok\u00e9mon\n|rule|OHKO Clause: OHKO moves are banned\n|rule|Evasion Items Clause: Evasion items are banned\n|rule|Evasion Moves Clause: Evasion moves are banned\n|rule|Endless Battle Clause: Forcing endless battles is banned\n|rule|HP Percentage Mod: HP is shown in percentages\n|clearpoke\n|poke|p1|Ribombee, M|\n|poke|p1|Manaphy|\n|poke|p1|Gholdengo|\n|poke|p1|Iron Moth|\n|poke|p1|Kingambit, F|\n|poke|p1|Great Tusk|\n|poke|p2|Goodra-Hisui, F|\n|poke|p2|Meowscarada, M|\n|poke|p2|Quaquaval, F|\n|poke|p2|Kommo-o, F|\n|poke|p2|Corviknight, F|\n|poke|p2|Sylveon, M|\n|teampreview\n|inactive|Battle timer is ON: inactive players will automatically lose when time's up. (requested by Drongon)\n|\n|t:|1700267668\n|start\n|switch|p1a: Ribombee|Ribombee, M, shiny|100\/100\n|switch|p2a: Goodra|Goodra-Hisui, F|100\/100\n|turn|1\n|\n|t:|1700267674\n|move|p1a: Ribombee|Sticky Web|p2a: Goodra\n|-sidestart|p2: Drongon|move: Sticky Web\n|move|p2a: Goodra|Flash Cannon|p1a: Ribombee\n|-supereffective|p1a: Ribombee\n|-crit|p1a: Ribombee\n|-enditem|p1a: Ribombee|Focus Sash\n|-damage|p1a: Ribombee|1\/100\n|\n|upkeep\n|turn|2\n|\n|t:|1700267680\n|move|p1a: Ribombee|Moonblast|p2a: Goodra\n|-damage|p2a: Goodra|87\/100\n|move|p2a: Goodra|Flamethrower|p1a: Ribombee\n|-supereffective|p1a: Ribombee\n|-damage|p1a: Ribombee|0 fnt\n|faint|p1a: Ribombee\n|\n|upkeep\n|\n|t:|1700267695\n|switch|p1a: Great Tusk|Great Tusk, shiny|100\/100\n|-enditem|p1a: Great Tusk|Booster Energy\n|-activate|p1a: Great Tusk|ability: Protosynthesis|[fromitem]\n|-start|p1a: Great Tusk|protosynthesisspe\n|turn|3\n|\n|t:|1700267701\n|switch|p2a: Corviknight|Corviknight, F|100\/100\n|-ability|p2a: Corviknight|Pressure\n|move|p1a: Great Tusk|Headlong Rush|p2a: Corviknight\n|-immune|p2a: Corviknight\n|\n|upkeep\n|turn|4\n|\n|t:|1700267707\n|-end|p1a: Great Tusk|Protosynthesis|[silent]\n|switch|p1a: Gholdengo|Gholdengo, shiny|100\/100\n|move|p2a: Corviknight|Defog|p1a: Gholdengo\n|-immune|p1a: Gholdengo|[from] ability: Good as Gold\n|\n|upkeep\n|turn|5\n|\n|t:|1700267714\n|switch|p2a: Goodra|Goodra-Hisui, F|87\/100\n|-activate|p2a: Goodra|move: Sticky Web\n|-unboost|p2a: Goodra|spe|1\n|move|p1a: Gholdengo|Thunderbolt|p2a: Goodra\n|-resisted|p2a: Goodra\n|-damage|p2a: Goodra|81\/100\n|\n|upkeep\n|turn|6\n|\n|t:|1700267721\n|switch|p1a: Manaphy|Manaphy, shiny|100\/100\n|move|p2a: Goodra|Flamethrower|p1a: Manaphy\n|-resisted|p1a: Manaphy\n|-damage|p1a: Manaphy|90\/100\n|\n|-heal|p1a: Manaphy|96\/100|[from] item: Leftovers\n|upkeep\n|turn|7\n|\n|t:|1700267727\n|move|p1a: Manaphy|Tail Glow|p1a: Manaphy\n|-boost|p1a: Manaphy|spa|3\n|move|p2a: Goodra|Thunderbolt|p1a: Manaphy\n|-supereffective|p1a: Manaphy\n|-damage|p1a: Manaphy|47\/100\n|\n|-heal|p1a: Manaphy|53\/100|[from] item: Leftovers\n|upkeep\n|turn|8\n|\n|t:|1700267737\n|-terastallize|p1a: Manaphy|Fairy\n|move|p1a: Manaphy|Ice Beam|p2a: Goodra\n|-damage|p2a: Goodra|56\/100\n|move|p2a: Goodra|Thunderbolt|p1a: Manaphy\n|-damage|p1a: Manaphy|28\/100\n|\n|-heal|p1a: Manaphy|35\/100|[from] item: Leftovers\n|upkeep\n|turn|9\n|\n|t:|1700267746\n|switch|p1a: Great Tusk|Great Tusk, shiny|100\/100\n|move|p2a: Goodra|Flash Cannon|p1a: Great Tusk\n|-damage|p1a: Great Tusk|57\/100\n|\n|upkeep\n|turn|10\n|\n|t:|1700267753\n|-end|p1a: Great Tusk|Protosynthesis|[silent]\n|switch|p1a: Gholdengo|Gholdengo, shiny|100\/100\n|switch|p2a: Corviknight|Corviknight, F|100\/100\n|-ability|p2a: Corviknight|Pressure\n|\n|upkeep\n|turn|11\n|\n|t:|1700267758\n|move|p1a: Gholdengo|Dazzling Gleam|p2a: Corviknight\n|-resisted|p2a: Corviknight\n|-damage|p2a: Corviknight|86\/100\n|move|p2a: Corviknight|U-turn|p1a: Gholdengo\n|-resisted|p1a: Gholdengo\n|-damage|p1a: Gholdengo|97\/100\n|\n|t:|1700267761\n|switch|p2a: Goodra|Goodra-Hisui, F|56\/100|[from] U-turn\n|-activate|p2a: Goodra|move: Sticky Web\n|-unboost|p2a: Goodra|spe|1\n|\n|upkeep\n|turn|12\n|\n|t:|1700267776\n|switch|p1a: Manaphy|Manaphy, shiny, tera:Fairy|35\/100\n|move|p2a: Goodra|Flamethrower|p1a: Manaphy\n|-damage|p1a: Manaphy|10\/100\n|\n|-heal|p1a: Manaphy|17\/100|[from] item: Leftovers\n|upkeep\n|turn|13\n|\n|t:|1700267783\n|move|p1a: Manaphy|Ice Beam|p2a: Goodra\n|-damage|p2a: Goodra|46\/100\n|move|p2a: Goodra|Flash Cannon|p1a: Manaphy\n|-supereffective|p1a: Manaphy\n|-damage|p1a: Manaphy|0 fnt\n|faint|p1a: Manaphy\n|\n|upkeep\n|\n|t:|1700267791\n|switch|p1a: Kingambit|Kingambit, F, shiny|100\/100\n|-activate|p1a: Kingambit|ability: Supreme Overlord\n|-start|p1a: Kingambit|fallen2|[silent]\n|turn|14\n|\n|t:|1700267798\n|switch|p2a: Corviknight|Corviknight, F|86\/100\n|-ability|p2a: Corviknight|Pressure\n|move|p1a: Kingambit|Kowtow Cleave|p2a: Corviknight\n|-damage|p2a: Corviknight|51\/100\n|-damage|p1a: Kingambit|84\/100|[from] item: Rocky Helmet|[of] p2a: Corviknight\n|\n|upkeep\n|turn|15\n|\n|t:|1700267813\n|-end|p1a: Kingambit|fallen2|[silent]\n|switch|p1a: Gholdengo|Gholdengo, shiny|97\/100\n|move|p2a: Corviknight|Roost|p2a: Corviknight\n|-heal|p2a: Corviknight|100\/100\n|-singleturn|p2a: Corviknight|move: Roost\n|\n|upkeep\n|turn|16\n|\n|t:|1700267820\n|move|p1a: Gholdengo|Nasty Plot|p1a: Gholdengo\n|-boost|p1a: Gholdengo|spa|2\n|move|p2a: Corviknight|U-turn|p1a: Gholdengo\n|-resisted|p1a: Gholdengo\n|-damage|p1a: Gholdengo|93\/100\n|\n|t:|1700267822\n|switch|p2a: Goodra|Goodra-Hisui, F|46\/100|[from] U-turn\n|-activate|p2a: Goodra|move: Sticky Web\n|-unboost|p2a: Goodra|spe|1\n|\n|upkeep\n|turn|17\n|\n|t:|1700267842\n|move|p1a: Gholdengo|Dazzling Gleam|p2a: Goodra\n|-damage|p2a: Goodra|27\/100\n|move|p2a: Goodra|Flamethrower|p1a: Gholdengo\n|-supereffective|p1a: Gholdengo\n|-damage|p1a: Gholdengo|41\/100\n|\n|upkeep\n|turn|18\n|\n|t:|1700267850\n|move|p1a: Gholdengo|Make It Rain|p2a: Goodra\n|-resisted|p2a: Goodra\n|-damage|p2a: Goodra|5\/100\n|-unboost|p1a: Gholdengo|spa|1\n|move|p2a: Goodra|Flamethrower|p1a: Gholdengo\n|-supereffective|p1a: Gholdengo\n|-damage|p1a: Gholdengo|0 fnt\n|faint|p1a: Gholdengo\n|\n|upkeep\n|\n|t:|1700267863\n|switch|p1a: Iron Moth|Iron Moth, shiny|100\/100\n|-enditem|p1a: Iron Moth|Booster Energy\n|-activate|p1a: Iron Moth|ability: Quark Drive|[fromitem]\n|-start|p1a: Iron Moth|quarkdrivespa\n|turn|19\n|\n|t:|1700267872\n|move|p1a: Iron Moth|Fiery Dance|p2a: Goodra\n|-damage|p2a: Goodra|0 fnt\n|-boost|p1a: Iron Moth|spa|1\n|faint|p2a: Goodra\n|\n|upkeep\n|\n|t:|1700267881\n|switch|p2a: Kommo-o|Kommo-o, F|100\/100\n|-activate|p2a: Kommo-o|move: Sticky Web\n|-unboost|p2a: Kommo-o|spe|1\n|turn|20\n|\n|t:|1700267890\n|-terastallize|p2a: Kommo-o|Normal\n|move|p1a: Iron Moth|Sludge Wave|p2a: Kommo-o\n|-damage|p2a: Kommo-o|0 fnt\n|faint|p2a: Kommo-o\n|\n|upkeep\n|\n|t:|1700267904\n|switch|p2a: Quaquaval|Quaquaval, F|100\/100\n|-activate|p2a: Quaquaval|move: Sticky Web\n|-unboost|p2a: Quaquaval|spe|1\n|turn|21\n|\n|t:|1700267908\n|move|p1a: Iron Moth|Psychic|p2a: Quaquaval\n|-supereffective|p2a: Quaquaval\n|-damage|p2a: Quaquaval|0 fnt\n|faint|p2a: Quaquaval\n|\n|upkeep\n|\n|t:|1700267913\n|switch|p2a: Sylveon|Sylveon, M|100\/100\n|-activate|p2a: Sylveon|move: Sticky Web\n|-unboost|p2a: Sylveon|spe|1\n|turn|22\n|c|\u26062022 flare|gg\n|\n|t:|1700267918\n|move|p1a: Iron Moth|Sludge Wave|p2a: Sylveon\n|-supereffective|p2a: Sylveon\n|-damage|p2a: Sylveon|0 fnt\n|faint|p2a: Sylveon\n|\n|upkeep\n|-message|Drongon forfeited.\n|\n|win|2022 flare\n|raw|2022 flare's rating: 1285 &rarr; <strong>1314<\/strong><br \/>(+29 for winning)\n|raw|Drongon's rating: 1342 &rarr; <strong>1319<\/strong><br \/>(-23 for losing)\n|l|\u2606Drongon\n","uploadtime":1700267924,"views":15,"p1id":"2022flare","p2id":"drongon","formatid":"gen9ou","rating":1314,"private":0,"password":""}