{"id":"gen9ou-1992576292","p1":"Neutralist","p2":"Weredude08","format":"[Gen 9] OU","log":"|j|\u2606Neutralist\n|j|\u2606Weredude08\n|t:|1700208719\n|gametype|singles\n|player|p1|Neutralist|169|\n|player|p2|Weredude08|steven|\n|teamsize|p1|6\n|teamsize|p2|6\n|gen|9\n|tier|[Gen 9] OU\n|rule|Sleep Clause Mod: Limit one foe put to sleep\n|rule|Species Clause: Limit one of each Pok\u00e9mon\n|rule|OHKO Clause: OHKO moves are banned\n|rule|Evasion Items Clause: Evasion items are banned\n|rule|Evasion Moves Clause: Evasion moves are banned\n|rule|Endless Battle Clause: Forcing endless battles is banned\n|rule|HP Percentage Mod: HP is shown in percentages\n|clearpoke\n|poke|p1|Dragapult, F|\n|poke|p1|Iron Valiant|\n|poke|p1|Grimmsnarl, M|\n|poke|p1|Lokix, F|\n|poke|p1|Glimmora, M|\n|poke|p1|Talonflame, F|\n|poke|p2|Spidops, M|\n|poke|p2|Hoopa-Unbound|\n|poke|p2|Thundurus-Therian, M|\n|poke|p2|Gholdengo|\n|poke|p2|Great Tusk|\n|poke|p2|Sneasler, M|\n|teampreview\n|inactive|Battle timer is ON: inactive players will automatically lose when time's up. (requested by Weredude08)\n|\n|t:|1700208730\n|start\n|switch|p1a: Talonflame|Talonflame, F|100\/100\n|switch|p2a: Spidops|Spidops, M|100\/100\n|turn|1\n|\n|t:|1700208735\n|move|p1a: Talonflame|Will-O-Wisp|p2a: Spidops\n|-status|p2a: Spidops|brn\n|move|p2a: Spidops|Sticky Web|p1a: Talonflame\n|-sidestart|p1: Neutralist|move: Sticky Web\n|\n|-damage|p2a: Spidops|94\/100 brn|[from] brn\n|upkeep\n|turn|2\n|\n|t:|1700208740\n|move|p1a: Talonflame|Brave Bird|p2a: Spidops\n|-supereffective|p2a: Spidops\n|-damage|p2a: Spidops|40\/100 brn\n|-damage|p1a: Talonflame|84\/100|[from] Recoil\n|move|p2a: Spidops|Spikes|p1a: Talonflame\n|-sidestart|p1: Neutralist|Spikes\n|\n|-damage|p2a: Spidops|34\/100 brn|[from] brn\n|upkeep\n|turn|3\n|\n|t:|1700208744\n|move|p1a: Talonflame|U-turn|p2a: Spidops\n|-damage|p2a: Spidops|23\/100 brn\n|\n|t:|1700208746\n|switch|p1a: Glimmora|Glimmora, M|100\/100|[from] U-turn\n|-activate|p1a: Glimmora|move: Sticky Web\n|-unboost|p1a: Glimmora|spe|1\n|-damage|p1a: Glimmora|88\/100|[from] Spikes\n|move|p2a: Spidops|Memento|p1a: Glimmora\n|-unboost|p1a: Glimmora|atk|2\n|-unboost|p1a: Glimmora|spa|2\n|faint|p2a: Spidops\n|\n|upkeep\n|c|\u2606Neutralist|bro this team sucks lmao\n|\n|t:|1700208757\n|switch|p2a: Thundurus|Thundurus-Therian, M|100\/100\n|turn|4\n|\n|t:|1700208764\n|move|p2a: Thundurus|Volt Switch|p1a: Glimmora\n|-damage|p1a: Glimmora|23\/100\n|\n|t:|1700208768\n|switch|p2a: Great Tusk|Great Tusk|100\/100|[from] Volt Switch\n|move|p1a: Glimmora|Mortal Spin|p2a: Great Tusk\n|-resisted|p2a: Great Tusk\n|-damage|p2a: Great Tusk|99\/100\n|-status|p2a: Great Tusk|psn\n|-sideend|p1: Neutralist|Spikes|[from] move: Mortal Spin|[of] p1a: Glimmora\n|-sideend|p1: Neutralist|Sticky Web|[from] move: Mortal Spin|[of] p1a: Glimmora\n|\n|-heal|p2a: Great Tusk|100\/100 psn|[from] item: Leftovers\n|-damage|p2a: Great Tusk|88\/100 psn|[from] psn\n|upkeep\n|turn|5\n|\n|t:|1700208776\n|move|p2a: Great Tusk|Rapid Spin|p1a: Glimmora\n|-resisted|p1a: Glimmora\n|-damage|p1a: Glimmora|14\/100\n|-boost|p2a: Great Tusk|spe|1\n|-activate|p1a: Glimmora|ability: Toxic Debris\n|-sidestart|p2: Weredude08|move: Toxic Spikes\n|-sideend|p2: Weredude08|Toxic Spikes|[from] move: Rapid Spin|[of] p2a: Great Tusk\n|move|p1a: Glimmora|Earth Power|p2a: Great Tusk\n|-damage|p2a: Great Tusk|68\/100 psn\n|-unboost|p2a: Great Tusk|spd|1\n|\n|-heal|p2a: Great Tusk|74\/100 psn|[from] item: Leftovers\n|-damage|p2a: Great Tusk|62\/100 psn|[from] psn\n|upkeep\n|turn|6\n|\n|t:|1700208785\n|move|p2a: Great Tusk|Knock Off|p1a: Glimmora\n|-damage|p1a: Glimmora|0 fnt\n|-activate|p1a: Glimmora|ability: Toxic Debris\n|-sidestart|p2: Weredude08|move: Toxic Spikes\n|-enditem|p1a: Glimmora|Assault Vest|[from] move: Knock Off|[of] p2a: Great Tusk\n|faint|p1a: Glimmora\n|\n|-heal|p2a: Great Tusk|68\/100 psn|[from] item: Leftovers\n|-damage|p2a: Great Tusk|55\/100 psn|[from] psn\n|upkeep\n|inactive|Neutralist has 270 seconds left.\n|\n|t:|1700208832\n|switch|p1a: Dragapult|Dragapult, F|100\/100\n|turn|7\n|\n|t:|1700208844\n|move|p1a: Dragapult|Hex|p2a: Great Tusk\n|-damage|p2a: Great Tusk|0 fnt\n|faint|p2a: Great Tusk\n|-end|p2a: Great Tusk|Protosynthesis|[silent]\n|-damage|p1a: Dragapult|91\/100|[from] item: Life Orb\n|\n|upkeep\n|\n|t:|1700208855\n|switch|p2a: Sneasler|Sneasler, M|100\/100\n|-sideend|p2: Weredude08|move: Toxic Spikes|[of] p2a: Sneasler\n|turn|8\n|\n|t:|1700208861\n|switch|p1a: Talonflame|Talonflame, F|84\/100\n|move|p2a: Sneasler|Dire Claw|p1a: Talonflame\n|-damage|p1a: Talonflame|34\/100\n|-damage|p2a: Sneasler|84\/100|[from] item: Rocky Helmet|[of] p1a: Talonflame\n|\n|upkeep\n|turn|9\n|\n|t:|1700208874\n|switch|p2a: Thundurus|Thundurus-Therian, M|100\/100\n|move|p1a: Talonflame|Roost|p1a: Talonflame\n|-heal|p1a: Talonflame|84\/100\n|-singleturn|p1a: Talonflame|move: Roost\n|\n|upkeep\n|turn|10\n|\n|t:|1700208881\n|move|p1a: Talonflame|Will-O-Wisp|p2a: Thundurus|[miss]\n|-miss|p1a: Talonflame|p2a: Thundurus\n|move|p2a: Thundurus|Volt Switch|p1a: Talonflame\n|-supereffective|p1a: Talonflame\n|-damage|p1a: Talonflame|0 fnt\n|faint|p1a: Talonflame\n|\n|t:|1700208887\n|switch|p2a: Sneasler|Sneasler, M|84\/100|[from] Volt Switch\n|\n|upkeep\n|\n|t:|1700208896\n|switch|p1a: Grimmsnarl|Grimmsnarl, M|100\/100\n|turn|11\n|\n|t:|1700208902\n|switch|p2a: Gholdengo|Gholdengo|100\/100\n|move|p1a: Grimmsnarl|Trick|p2a: Gholdengo\n|-immune|p2a: Gholdengo|[from] ability: Good as Gold\n|\n|upkeep\n|turn|12\n|\n|t:|1700208909\n|move|p2a: Gholdengo|Thunder Wave|p1a: Grimmsnarl\n|-status|p1a: Grimmsnarl|par\n|cant|p1a: Grimmsnarl|par\n|\n|upkeep\n|turn|13\n|\n|t:|1700208929\n|switch|p2a: Thundurus|Thundurus-Therian, M|100\/100\n|move|p1a: Grimmsnarl|Play Rough|p2a: Thundurus\n|-damage|p2a: Thundurus|36\/100\n|\n|upkeep\n|turn|14\n|\n|t:|1700208940\n|move|p2a: Thundurus|Volt Switch|p1a: Grimmsnarl\n|-damage|p1a: Grimmsnarl|32\/100 par\n|\n|t:|1700208943\n|switch|p2a: Gholdengo|Gholdengo|100\/100|[from] Volt Switch\n|move|p1a: Grimmsnarl|Play Rough|p2a: Gholdengo\n|-resisted|p2a: Gholdengo\n|-damage|p2a: Gholdengo|81\/100\n|\n|-heal|p2a: Gholdengo|87\/100|[from] item: Leftovers\n|upkeep\n|turn|15\n|\n|t:|1700208950\n|switch|p1a: Lokix|Lokix, F|100\/100\n|move|p2a: Gholdengo|Hex|p1a: Lokix\n|-resisted|p1a: Lokix\n|-crit|p1a: Lokix\n|-damage|p1a: Lokix|58\/100\n|\n|-heal|p2a: Gholdengo|93\/100|[from] item: Leftovers\n|upkeep\n|turn|16\n|\n|t:|1700208965\n|switch|p2a: Thundurus|Thundurus-Therian, M|36\/100\n|move|p1a: Lokix|U-turn|p2a: Thundurus\n|-resisted|p2a: Thundurus\n|-damage|p2a: Thundurus|0 fnt\n|faint|p2a: Thundurus\n|\n|t:|1700208971\n|switch|p1a: Dragapult|Dragapult, F|91\/100|[from] U-turn\n|\n|upkeep\n|\n|t:|1700208980\n|switch|p2a: Sneasler|Sneasler, M|84\/100\n|turn|17\n|\n|t:|1700208984\n|move|p1a: Dragapult|Dragon Darts|p2a: Sneasler\n|-crit|p2a: Sneasler\n|-damage|p2a: Sneasler|0 fnt\n|faint|p2a: Sneasler\n|-damage|p1a: Dragapult|81\/100|[from] item: Life Orb\n|\n|upkeep\n|\n|t:|1700208988\n|switch|p2a: Gholdengo|Gholdengo|93\/100\n|turn|18\n|\n|t:|1700208995\n|switch|p1a: Grimmsnarl|Grimmsnarl, M|32\/100 par\n|move|p2a: Gholdengo|Thunder Wave|p1a: Grimmsnarl|[miss]\n|-miss|p2a: Gholdengo|p1a: Grimmsnarl\n|\n|-heal|p2a: Gholdengo|99\/100|[from] item: Leftovers\n|upkeep\n|turn|19\n|\n|t:|1700209000\n|move|p2a: Gholdengo|Hex|p1a: Grimmsnarl\n|-resisted|p1a: Grimmsnarl\n|-damage|p1a: Grimmsnarl|2\/100 par\n|move|p1a: Grimmsnarl|Play Rough|p2a: Gholdengo\n|-resisted|p2a: Gholdengo\n|-damage|p2a: Gholdengo|80\/100\n|\n|-heal|p2a: Gholdengo|86\/100|[from] item: Leftovers\n|upkeep\n|turn|20\n|\n|t:|1700209004\n|move|p2a: Gholdengo|Hex|p1a: Grimmsnarl\n|-resisted|p1a: Grimmsnarl\n|-damage|p1a: Grimmsnarl|0 fnt\n|faint|p1a: Grimmsnarl\n|\n|-heal|p2a: Gholdengo|93\/100|[from] item: Leftovers\n|upkeep\n|\n|t:|1700209007\n|switch|p1a: Lokix|Lokix, F|58\/100\n|turn|21\n|\n|t:|1700209014\n|-terastallize|p1a: Lokix|Dark\n|-terastallize|p2a: Gholdengo|Flying\n|move|p1a: Lokix|Knock Off|p2a: Gholdengo\n|-damage|p2a: Gholdengo|11\/100\n|-enditem|p2a: Gholdengo|Leftovers|[from] move: Knock Off|[of] p1a: Lokix\n|move|p2a: Gholdengo|Thunder Wave|p1a: Lokix\n|-status|p1a: Lokix|par\n|\n|upkeep\n|turn|22\n|\n|t:|1700209027\n|switch|p1a: Dragapult|Dragapult, F|81\/100\n|move|p2a: Gholdengo|Hex|p1a: Dragapult\n|-supereffective|p1a: Dragapult\n|-damage|p1a: Dragapult|3\/100\n|\n|upkeep\n|turn|23\n|\n|t:|1700209031\n|move|p1a: Dragapult|Dragon Darts|p2a: Gholdengo\n|-damage|p2a: Gholdengo|0 fnt\n|faint|p2a: Gholdengo\n|-damage|p1a: Dragapult|0 fnt|[from] item: Life Orb\n|faint|p1a: Dragapult\n|\n|upkeep\n|\n|t:|1700209034\n|switch|p1a: Lokix|Lokix, F, tera:Dark|58\/100 par\n|switch|p2a: Hoopa|Hoopa-Unbound|100\/100\n|turn|24\n|\n|t:|1700209038\n|move|p1a: Lokix|First Impression|p2a: Hoopa\n|-supereffective|p2a: Hoopa\n|-damage|p2a: Hoopa|0 fnt\n|faint|p2a: Hoopa\n|\n|win|Neutralist\n|l|\u2606Weredude08\n","uploadtime":1700209176,"views":28,"p1id":"neutralist","p2id":"weredude08","formatid":"gen9ou","rating":0,"private":0,"password":""}