{"id":"gen9ou-1993193405","p1":"DeepFriedMagikarp","p2":"OUFC Test1","format":"[Gen 9] OU","log":"|j|\u2606DeepFriedMagikarp\n|j|\u2606OUFC Test1\n|t:|1700276279\n|gametype|singles\n|player|p1|DeepFriedMagikarp|ninjaboy|1829\n|player|p2|OUFC Test1|iono|1778\n|teamsize|p1|6\n|teamsize|p2|6\n|gen|9\n|tier|[Gen 9] OU\n|rated|\n|rule|Sleep Clause Mod: Limit one foe put to sleep\n|rule|Species Clause: Limit one of each Pok\u00e9mon\n|rule|OHKO Clause: OHKO moves are banned\n|rule|Evasion Items Clause: Evasion items are banned\n|rule|Evasion Moves Clause: Evasion moves are banned\n|rule|Endless Battle Clause: Forcing endless battles is banned\n|rule|HP Percentage Mod: HP is shown in percentages\n|clearpoke\n|poke|p1|Maushold|\n|poke|p1|Rillaboom, F|\n|poke|p1|Great Tusk|\n|poke|p1|Heatran, F|\n|poke|p1|Enamorus, F|\n|poke|p1|Kingambit, F|\n|poke|p2|Garganacl, F|\n|poke|p2|Great Tusk|\n|poke|p2|Gholdengo|\n|poke|p2|Iron Valiant|\n|poke|p2|Dragonite, F|\n|poke|p2|Zapdos|\n|teampreview\n|inactive|Battle timer is ON: inactive players will automatically lose when time's up. (requested by DeepFriedMagikarp)\n|c|\u2606OUFC Test1|gl\n|j| isoptera\n|\n|t:|1700276296\n|start\n|switch|p1a: Heatran|Heatran, F|100\/100\n|switch|p2a: Iron Valiant|Iron Valiant|100\/100\n|turn|1\n|j| burgercute\n|\n|t:|1700276304\n|switch|p1a: Enamorus|Enamorus, F|100\/100\n|move|p2a: Iron Valiant|Close Combat|p1a: Enamorus\n|-resisted|p1a: Enamorus\n|-crit|p1a: Enamorus\n|-damage|p1a: Enamorus|69\/100\n|-unboost|p2a: Iron Valiant|def|1\n|-unboost|p2a: Iron Valiant|spd|1\n|\n|upkeep\n|turn|2\n|l| burgercute\n|\n|t:|1700276311\n|-end|p2a: Iron Valiant|Quark Drive|[silent]\n|switch|p2a: Gholdengo|Gholdengo|100\/100\n|-item|p2a: Gholdengo|Air Balloon\n|move|p1a: Enamorus|Mystical Fire|p2a: Gholdengo\n|-supereffective|p2a: Gholdengo\n|-damage|p2a: Gholdengo|45\/100\n|-unboost|p2a: Gholdengo|spa|1\n|-enditem|p2a: Gholdengo|Air Balloon\n|\n|upkeep\n|turn|3\n|\n|t:|1700276319\n|switch|p1a: Great Tusk|Great Tusk|100\/100\n|switch|p2a: Dragonite|Dragonite, F|100\/100\n|\n|upkeep\n|turn|4\n|\n|t:|1700276323\n|-end|p1a: Great Tusk|Protosynthesis|[silent]\n|switch|p1a: Heatran|Heatran, F|100\/100\n|switch|p2a: Zapdos|Zapdos|100\/100\n|\n|upkeep\n|turn|5\n|j| FatherSuperior7\n|\n|t:|1700276326\n|move|p2a: Zapdos|Discharge|p1a: Heatran\n|-damage|p1a: Heatran|78\/100\n|-status|p1a: Heatran|par\n|cant|p1a: Heatran|par\n|\n|-heal|p1a: Heatran|84\/100 par|[from] item: Leftovers\n|upkeep\n|turn|6\n|\n|t:|1700276339\n|switch|p2a: Iron Valiant|Iron Valiant|100\/100\n|move|p1a: Heatran|Magma Storm|p2a: Iron Valiant\n|-damage|p2a: Iron Valiant|9\/100\n|-activate|p2a: Iron Valiant|move: Magma Storm|[of] p1a: Heatran\n|\n|-heal|p1a: Heatran|90\/100 par|[from] item: Leftovers\n|-damage|p2a: Iron Valiant|0 fnt|[from] move: Magma Storm|[partiallytrapped]\n|faint|p2a: Iron Valiant\n|-end|p2a: Iron Valiant|Quark Drive|[silent]\n|upkeep\n|\n|t:|1700276342\n|switch|p2a: Great Tusk|Great Tusk|100\/100\n|turn|7\n|j| Ghosty187\n|\n|t:|1700276346\n|switch|p1a: Enamorus|Enamorus, F|69\/100\n|move|p2a: Great Tusk|Stealth Rock|p1a: Enamorus\n|-sidestart|p1: DeepFriedMagikarp|move: Stealth Rock\n|\n|upkeep\n|turn|8\n|\n|t:|1700276353\n|-end|p2a: Great Tusk|Protosynthesis|[silent]\n|switch|p2a: Gholdengo|Gholdengo|45\/100\n|move|p1a: Enamorus|Moonblast|p2a: Gholdengo\n|-resisted|p2a: Gholdengo\n|-damage|p2a: Gholdengo|21\/100\n|\n|upkeep\n|turn|9\n|\n|t:|1700276358\n|move|p1a: Enamorus|Moonblast|p2a: Gholdengo\n|-resisted|p2a: Gholdengo\n|-crit|p2a: Gholdengo\n|-damage|p2a: Gholdengo|0 fnt\n|faint|p2a: Gholdengo\n|\n|upkeep\n|\n|t:|1700276362\n|switch|p2a: Garganacl|Garganacl, F|100\/100\n|turn|10\n|\n|t:|1700276364\n|switch|p1a: Great Tusk|Great Tusk|100\/100\n|-damage|p1a: Great Tusk|98\/100|[from] Stealth Rock\n|-terastallize|p2a: Garganacl|Water\n|move|p2a: Garganacl|Salt Cure|p1a: Great Tusk\n|-resisted|p1a: Great Tusk\n|-damage|p1a: Great Tusk|95\/100\n|-start|p1a: Great Tusk|Salt Cure\n|\n|-heal|p1a: Great Tusk|100\/100|[from] item: Leftovers\n|-damage|p1a: Great Tusk|88\/100|[from] Salt Cure\n|upkeep\n|turn|11\n|\n|t:|1700276368\n|move|p1a: Great Tusk|Rapid Spin|p2a: Garganacl\n|-damage|p2a: Garganacl|93\/100\n|-boost|p1a: Great Tusk|spe|1\n|-sideend|p1: DeepFriedMagikarp|Stealth Rock|[from] move: Rapid Spin|[of] p1a: Great Tusk\n|move|p2a: Garganacl|Curse|p2a: Garganacl\n|-unboost|p2a: Garganacl|spe|1\n|-boost|p2a: Garganacl|atk|1\n|-boost|p2a: Garganacl|def|1\n|\n|-heal|p1a: Great Tusk|94\/100|[from] item: Leftovers\n|-heal|p2a: Garganacl|99\/100|[from] item: Leftovers\n|-damage|p1a: Great Tusk|82\/100|[from] Salt Cure\n|upkeep\n|turn|12\n|\n|t:|1700276369\n|-end|p1a: Great Tusk|Protosynthesis|[silent]\n|switch|p1a: Rillaboom|Rillaboom, F|100\/100\n|-fieldstart|move: Grassy Terrain|[from] ability: Grassy Surge|[of] p1a: Rillaboom\n|move|p2a: Garganacl|Curse|p2a: Garganacl\n|-unboost|p2a: Garganacl|spe|1\n|-boost|p2a: Garganacl|atk|1\n|-boost|p2a: Garganacl|def|1\n|\n|-heal|p2a: Garganacl|100\/100|[from] Grassy Terrain\n|upkeep\n|turn|13\n|\n|t:|1700276372\n|switch|p2a: Zapdos|Zapdos|100\/100\n|move|p1a: Rillaboom|Wood Hammer|p2a: Zapdos\n|-resisted|p2a: Zapdos\n|-damage|p2a: Zapdos|37\/100\n|-damage|p1a: Rillaboom|77\/100|[from] Recoil\n|\n|-heal|p1a: Rillaboom|83\/100|[from] Grassy Terrain\n|upkeep\n|turn|14\n|\n|t:|1700276378\n|switch|p1a: Heatran|Heatran, F|90\/100 par\n|move|p2a: Zapdos|Hurricane|p1a: Heatran\n|-resisted|p1a: Heatran\n|-damage|p1a: Heatran|76\/100 par\n|-start|p1a: Heatran|confusion\n|\n|-heal|p1a: Heatran|82\/100 par|[from] Grassy Terrain\n|-heal|p1a: Heatran|88\/100 par|[from] item: Leftovers\n|upkeep\n|turn|15\n|\n|t:|1700276382\n|move|p2a: Zapdos|Roost|p2a: Zapdos\n|-heal|p2a: Zapdos|87\/100\n|-singleturn|p2a: Zapdos|move: Roost\n|-activate|p1a: Heatran|confusion\n|move|p1a: Heatran|Magma Storm|p2a: Zapdos\n|-crit|p2a: Zapdos\n|-damage|p2a: Zapdos|44\/100\n|-activate|p2a: Zapdos|move: Magma Storm|[of] p1a: Heatran\n|\n|-heal|p2a: Zapdos|50\/100|[from] Grassy Terrain\n|-heal|p1a: Heatran|94\/100 par|[from] Grassy Terrain\n|-heal|p1a: Heatran|100\/100 par|[from] item: Leftovers\n|-damage|p2a: Zapdos|38\/100|[from] move: Magma Storm|[partiallytrapped]\n|upkeep\n|turn|16\n|\n|t:|1700276384\n|move|p2a: Zapdos|Roost|p2a: Zapdos\n|-heal|p2a: Zapdos|88\/100\n|-singleturn|p2a: Zapdos|move: Roost\n|-activate|p1a: Heatran|confusion\n|-damage|p1a: Heatran|95\/100 par|[from] confusion\n|\n|-heal|p2a: Zapdos|94\/100|[from] Grassy Terrain\n|-heal|p1a: Heatran|100\/100 par|[from] Grassy Terrain\n|-damage|p2a: Zapdos|82\/100|[from] move: Magma Storm|[partiallytrapped]\n|-fieldend|move: Grassy Terrain\n|upkeep\n|turn|17\n|\n|t:|1700276386\n|move|p2a: Zapdos|Discharge|p1a: Heatran\n|-damage|p1a: Heatran|80\/100 par\n|-activate|p1a: Heatran|confusion\n|-damage|p1a: Heatran|74\/100 par|[from] confusion\n|\n|-heal|p1a: Heatran|80\/100 par|[from] item: Leftovers\n|-damage|p2a: Zapdos|69\/100|[from] move: Magma Storm|[partiallytrapped]\n|upkeep\n|turn|18\n|\n|t:|1700276387\n|move|p2a: Zapdos|Discharge|p1a: Heatran\n|-damage|p1a: Heatran|56\/100 par\n|-end|p1a: Heatran|confusion\n|move|p1a: Heatran|Stealth Rock|p2a: Zapdos\n|-sidestart|p2: OUFC Test1|move: Stealth Rock\n|\n|-heal|p1a: Heatran|63\/100 par|[from] item: Leftovers\n|-damage|p2a: Zapdos|57\/100|[from] move: Magma Storm|[partiallytrapped]\n|upkeep\n|turn|19\n|\n|t:|1700276390\n|move|p2a: Zapdos|Discharge|p1a: Heatran\n|-damage|p1a: Heatran|41\/100 par\n|move|p1a: Heatran|Magma Storm|p2a: Zapdos|[miss]\n|-miss|p1a: Heatran|p2a: Zapdos\n|\n|-heal|p1a: Heatran|47\/100 par|[from] item: Leftovers\n|-end|p2a: Zapdos|Magma Storm|[partiallytrapped]\n|upkeep\n|turn|20\n|\n|t:|1700276392\n|move|p2a: Zapdos|Discharge|p1a: Heatran\n|-damage|p1a: Heatran|24\/100 par\n|move|p1a: Heatran|Magma Storm|p2a: Zapdos|[miss]\n|-miss|p1a: Heatran|p2a: Zapdos\n|\n|-heal|p1a: Heatran|31\/100 par|[from] item: Leftovers\n|upkeep\n|turn|21\n|\n|t:|1700276394\n|move|p2a: Zapdos|Discharge|p1a: Heatran\n|-crit|p1a: Heatran\n|-damage|p1a: Heatran|0 fnt\n|faint|p1a: Heatran\n|\n|upkeep\n|c|\u2606DeepFriedMagikarp|powerful stuff\n|c|\u2606OUFC Test1|Cheapdos\n|inactive|DeepFriedMagikarp has 120 seconds left.\n|c|\u2606OUFC Test1|Also\n|c|\u2606OUFC Test1|I just realized this is a post-sneasler g-terrain team\n|j| Roshino\n|inactive|DeepFriedMagikarp has 90 seconds left.\n|c|\u2606DeepFriedMagikarp|ik tran was gonna get haxed to death but i expected a little more out of it\n|c|\u2606DeepFriedMagikarp|considering i was at full under terrain starting this\n|c|\u2606OUFC Test1|Yeah\n|c|\u2606OUFC Test1|Me too\n|inactive|DeepFriedMagikarp has 60 seconds left.\n|c|\u2606OUFC Test1|But zapdos proves again why it is broken\n|\n|t:|1700276494\n|switch|p1a: Maushold|Maushold|100\/100\n|turn|22\n|\n|t:|1700276497\n|move|p1a: Maushold|Population Bomb|p2a: Zapdos\n|-damage|p2a: Zapdos|46\/100\n|-damage|p2a: Zapdos|34\/100\n|-status|p1a: Maushold|par|[from] ability: Static|[of] p2a: Zapdos\n|-crit|p2a: Zapdos\n|-damage|p2a: Zapdos|16\/100\n|-damage|p2a: Zapdos|5\/100\n|-damage|p2a: Zapdos|0 fnt\n|faint|p2a: Zapdos\n|-hitcount|p2: Zapdos|5\n|\n|upkeep\n|\n|t:|1700276511\n|switch|p2a: Great Tusk|Great Tusk|100\/100\n|turn|23\n|\n|t:|1700276514\n|move|p2a: Great Tusk|Knock Off|p1a: Maushold\n|-damage|p1a: Maushold|46\/100 par\n|-enditem|p1a: Maushold|Wide Lens|[from] move: Knock Off|[of] p2a: Great Tusk\n|cant|p1a: Maushold|par\n|\n|upkeep\n|turn|24\n|\n|t:|1700276520\n|move|p2a: Great Tusk|Stealth Rock|p1a: Maushold\n|-sidestart|p1: DeepFriedMagikarp|move: Stealth Rock\n|cant|p1a: Maushold|par\n|\n|upkeep\n|turn|25\n|c|\u2606DeepFriedMagikarp|zapdos strikes again\n|c|\u2606OUFC Test1|damn\n|c|\u2606OUFC Test1|My b\n|c|\u2606OUFC Test1|Fax\n|\n|t:|1700276534\n|switch|p1a: Enamorus|Enamorus, F|69\/100\n|-damage|p1a: Enamorus|44\/100|[from] Stealth Rock\n|move|p2a: Great Tusk|Ice Spinner|p1a: Enamorus\n|-supereffective|p1a: Enamorus\n|-damage|p1a: Enamorus|0 fnt\n|faint|p1a: Enamorus\n|\n|upkeep\n|\n|t:|1700276541\n|switch|p1a: Rillaboom|Rillaboom, F|83\/100\n|-damage|p1a: Rillaboom|71\/100|[from] Stealth Rock\n|-fieldstart|move: Grassy Terrain|[from] ability: Grassy Surge|[of] p1a: Rillaboom\n|turn|26\n|inactive|DeepFriedMagikarp has 90 seconds left.\n|\n|t:|1700276547\n|move|p2a: Great Tusk|Ice Spinner|p1a: Rillaboom\n|-supereffective|p1a: Rillaboom\n|-damage|p1a: Rillaboom|9\/100\n|-fieldend|move: Grassy Terrain\n|move|p1a: Rillaboom|U-turn|p2a: Great Tusk\n|-resisted|p2a: Great Tusk\n|-damage|p2a: Great Tusk|86\/100\n|\n|t:|1700276550\n|switch|p1a: Great Tusk|Great Tusk|82\/100|[from] U-turn\n|-damage|p1a: Great Tusk|79\/100|[from] Stealth Rock\n|\n|-heal|p1a: Great Tusk|85\/100|[from] item: Leftovers\n|upkeep\n|turn|27\n|\n|t:|1700276555\n|move|p1a: Great Tusk|Rapid Spin|p2a: Great Tusk\n|-damage|p2a: Great Tusk|74\/100\n|-boost|p1a: Great Tusk|spe|1\n|-sideend|p1: DeepFriedMagikarp|Stealth Rock|[from] move: Rapid Spin|[of] p1a: Great Tusk\n|move|p2a: Great Tusk|Ice Spinner|p1a: Great Tusk\n|-supereffective|p1a: Great Tusk\n|-damage|p1a: Great Tusk|50\/100\n|\n|-heal|p1a: Great Tusk|56\/100|[from] item: Leftovers\n|upkeep\n|turn|28\n|\n|t:|1700276560\n|move|p1a: Great Tusk|Bulk Up|p1a: Great Tusk\n|-boost|p1a: Great Tusk|atk|1\n|-boost|p1a: Great Tusk|def|1\n|move|p2a: Great Tusk|Knock Off|p1a: Great Tusk\n|-resisted|p1a: Great Tusk\n|-damage|p1a: Great Tusk|49\/100\n|-enditem|p1a: Great Tusk|Leftovers|[from] move: Knock Off|[of] p2a: Great Tusk\n|\n|upkeep\n|turn|29\n|\n|t:|1700276563\n|-end|p2a: Great Tusk|Protosynthesis|[silent]\n|switch|p2a: Garganacl|Garganacl, F, tera:Water|100\/100\n|-damage|p2a: Garganacl|88\/100|[from] Stealth Rock\n|move|p1a: Great Tusk|Ice Spinner|p2a: Garganacl\n|-resisted|p2a: Garganacl\n|-damage|p2a: Garganacl|79\/100\n|\n|-heal|p2a: Garganacl|85\/100|[from] item: Leftovers\n|upkeep\n|turn|30\n|\n|t:|1700276568\n|move|p1a: Great Tusk|Headlong Rush|p2a: Garganacl\n|-damage|p2a: Garganacl|39\/100\n|-unboost|p1a: Great Tusk|def|1\n|-unboost|p1a: Great Tusk|spd|1\n|move|p2a: Garganacl|Salt Cure|p1a: Great Tusk\n|-resisted|p1a: Great Tusk\n|-damage|p1a: Great Tusk|47\/100\n|-start|p1a: Great Tusk|Salt Cure\n|\n|-heal|p2a: Garganacl|45\/100|[from] item: Leftovers\n|-damage|p1a: Great Tusk|34\/100|[from] Salt Cure\n|upkeep\n|turn|31\n|\n|t:|1700276573\n|move|p1a: Great Tusk|Headlong Rush|p2a: Garganacl\n|-damage|p2a: Garganacl|0 fnt\n|-unboost|p1a: Great Tusk|def|1\n|-unboost|p1a: Great Tusk|spd|1\n|faint|p2a: Garganacl\n|\n|-damage|p1a: Great Tusk|22\/100|[from] Salt Cure\n|upkeep\n|\n|t:|1700276576\n|switch|p2a: Dragonite|Dragonite, F|100\/100\n|turn|32\n|\n|t:|1700276582\n|move|p1a: Great Tusk|Ice Spinner|p2a: Dragonite\n|-supereffective|p2a: Dragonite\n|-damage|p2a: Dragonite|26\/100\n|move|p2a: Dragonite|Dragon Dance|p2a: Dragonite\n|-boost|p2a: Dragonite|atk|1\n|-boost|p2a: Dragonite|spe|1\n|\n|-damage|p1a: Great Tusk|9\/100|[from] Salt Cure\n|upkeep\n|turn|33\n|\n|t:|1700276587\n|move|p2a: Dragonite|Extreme Speed|p1a: Great Tusk\n|-damage|p1a: Great Tusk|0 fnt\n|faint|p1a: Great Tusk\n|-end|p1a: Great Tusk|Protosynthesis|[silent]\n|\n|upkeep\n|\n|t:|1700276590\n|switch|p1a: devindian|Kingambit, F|100\/100\n|-activate|p1a: devindian|ability: Supreme Overlord\n|-start|p1a: devindian|fallen3|[silent]\n|turn|34\n|\n|t:|1700276603\n|-terastallize|p1a: devindian|Flying\n|move|p2a: Dragonite|Extreme Speed|p1a: devindian\n|-damage|p1a: devindian|65\/100\n|move|p1a: devindian|Kowtow Cleave|p2a: Dragonite\n|-damage|p2a: Dragonite|0 fnt\n|faint|p2a: Dragonite\n|\n|-heal|p1a: devindian|72\/100|[from] item: Leftovers\n|upkeep\n|\n|t:|1700276609\n|switch|p2a: Great Tusk|Great Tusk|74\/100\n|turn|35\n|\n|t:|1700276611\n|move|p2a: Great Tusk|Ice Spinner|p1a: devindian\n|-supereffective|p1a: devindian\n|-damage|p1a: devindian|34\/100\n|move|p1a: devindian|Iron Head|p2a: Great Tusk\n|-damage|p2a: Great Tusk|32\/100\n|\n|-heal|p1a: devindian|40\/100|[from] item: Leftovers\n|upkeep\n|turn|36\n|\n|t:|1700276617\n|move|p2a: Great Tusk|Ice Spinner|p1a: devindian\n|-supereffective|p1a: devindian\n|-damage|p1a: devindian|0 fnt\n|faint|p1a: devindian\n|-end|p1a: devindian|fallen3|[silent]\n|\n|upkeep\n|\n|t:|1700276619\n|switch|p1a: Rillaboom|Rillaboom, F|9\/100\n|-fieldstart|move: Grassy Terrain|[from] ability: Grassy Surge|[of] p1a: Rillaboom\n|turn|37\n|c|\u2606DeepFriedMagikarp|gg\n|c|\u2606OUFC Test1|GG wp\n|\n|t:|1700276625\n|move|p1a: Rillaboom|Grassy Glide|p2a: Great Tusk\n|-supereffective|p2a: Great Tusk\n|-damage|p2a: Great Tusk|0 fnt\n|faint|p2a: Great Tusk\n|-end|p2a: Great Tusk|Protosynthesis|[silent]\n|\n|win|DeepFriedMagikarp\n|raw|DeepFriedMagikarp's rating: 1829 &rarr; <strong>1846<\/strong><br \/>(+17 for winning)\n|raw|OUFC Test1's rating: 1778 &rarr; <strong>1761<\/strong><br \/>(-17 for losing)\n|l|\u2606OUFC Test1\n|l| FatherSuperior7\n","uploadtime":1700276656,"views":15,"p1id":"deepfriedmagikarp","p2id":"oufctest1","formatid":"gen9ou","rating":1761,"private":0,"password":""}