{"id":"gen9ou-1991261359","p1":"273_Kalstor","p2":"Cranberru22","format":"[Gen 9] OU","log":"|j|\u2606273_Kalstor\n|j|\u2606Cranberru22\n|t:|1700062244\n|gametype|singles\n|player|p1|273_Kalstor|acetrainerf-gen4dp|1052\n|player|p2|Cranberru22|266|1090\n|teamsize|p1|6\n|teamsize|p2|6\n|gen|9\n|tier|[Gen 9] OU\n|rated|\n|rule|Sleep Clause Mod: Limit one foe put to sleep\n|rule|Species Clause: Limit one of each Pok\u00e9mon\n|rule|OHKO Clause: OHKO moves are banned\n|rule|Evasion Items Clause: Evasion items are banned\n|rule|Evasion Moves Clause: Evasion moves are banned\n|rule|Endless Battle Clause: Forcing endless battles is banned\n|rule|HP Percentage Mod: HP is shown in percentages\n|clearpoke\n|poke|p1|Chandelure, F|\n|poke|p1|Torkoal, M|\n|poke|p1|Great Tusk|\n|poke|p1|Sneasler, M|\n|poke|p1|Zapdos|\n|poke|p1|Rillaboom, F|\n|poke|p2|Sneasler, M|\n|poke|p2|Gholdengo|\n|poke|p2|Polteageist|\n|poke|p2|Great Tusk|\n|poke|p2|Tinkaton, F|\n|poke|p2|Houndoom, F|\n|teampreview\n|\n|t:|1700062258\n|start\n|switch|p1a: Chandelure|Chandelure, F|100\/100\n|switch|p2a: tusk when great:|Great Tusk|100\/100\n|turn|1\n|\n|t:|1700062263\n|-terastallize|p1a: Chandelure|Flying\n|move|p1a: Chandelure|Energy Ball|p2a: tusk when great:\n|-supereffective|p2a: tusk when great:\n|-damage|p2a: tusk when great:|0 fnt\n|faint|p2a: tusk when great:\n|-end|p2a: tusk when great:|Protosynthesis|[silent]\n|\n|upkeep\n|\n|t:|1700062271\n|switch|p2a: Sneasler|Sneasler, M|100\/100\n|turn|2\n|\n|t:|1700062281\n|switch|p1a: Zapdos|Zapdos|100\/100\n|-ability|p1a: Zapdos|Pressure\n|move|p2a: Sneasler|Fling|p1a: Zapdos\n|-damage|p1a: Zapdos|49\/100\n|-enditem|p2a: Sneasler|Big Nugget|[from] move: Fling\n|\n|upkeep\n|turn|3\n|\n|t:|1700062289\n|move|p2a: Sneasler|Acrobatics|p1a: Zapdos\n|-resisted|p1a: Zapdos\n|-damage|p1a: Zapdos|27\/100\n|move|p1a: Zapdos|Air Cutter|p2a: Sneasler\n|-supereffective|p2a: Sneasler\n|-damage|p2a: Sneasler|17\/100\n|\n|upkeep\n|turn|4\n|\n|t:|1700062293\n|move|p2a: Sneasler|Dire Claw|p1a: Zapdos\n|-damage|p1a: Zapdos|0 fnt\n|faint|p1a: Zapdos\n|\n|upkeep\n|\n|t:|1700062299\n|switch|p1a: Great Tusk|Great Tusk|100\/100\n|turn|5\n|\n|t:|1700062302\n|move|p2a: Sneasler|Acrobatics|p1a: Great Tusk\n|-supereffective|p1a: Great Tusk\n|-damage|p1a: Great Tusk|51\/100\n|move|p1a: Great Tusk|Headlong Rush|p2a: Sneasler\n|-supereffective|p2a: Sneasler\n|-damage|p2a: Sneasler|0 fnt\n|-unboost|p1a: Great Tusk|def|1\n|-unboost|p1a: Great Tusk|spd|1\n|faint|p2a: Sneasler\n|\n|upkeep\n|\n|t:|1700062307\n|switch|p2a: Polteageist|Polteageist|100\/100\n|turn|6\n|\n|t:|1700062313\n|move|p2a: Polteageist|Shell Smash|p2a: Polteageist\n|-unboost|p2a: Polteageist|def|1\n|-unboost|p2a: Polteageist|spd|1\n|-boost|p2a: Polteageist|atk|2\n|-boost|p2a: Polteageist|spa|2\n|-boost|p2a: Polteageist|spe|2\n|move|p1a: Great Tusk|Headlong Rush|p2a: Polteageist\n|-enditem|p2a: Polteageist|Focus Sash\n|-damage|p2a: Polteageist|1\/100\n|-unboost|p1a: Great Tusk|def|1\n|-unboost|p1a: Great Tusk|spd|1\n|-ability|p2a: Polteageist|Weak Armor|boost\n|-unboost|p2a: Polteageist|def|1\n|-boost|p2a: Polteageist|spe|2\n|\n|upkeep\n|turn|7\n|\n|t:|1700062328\n|-end|p1a: Great Tusk|Protosynthesis|[silent]\n|switch|p1a: Torkoal|Torkoal, M|100\/100\n|-weather|SunnyDay|[from] ability: Drought|[of] p1a: Torkoal\n|move|p2a: Polteageist|Stored Power|p1a: Torkoal\n|-damage|p1a: Torkoal|0 fnt\n|faint|p1a: Torkoal\n|\n|-weather|SunnyDay|[upkeep]\n|upkeep\n|\n|t:|1700062334\n|switch|p1a: Rillaboom|Rillaboom, F|100\/100\n|-fieldstart|move: Grassy Terrain|[from] ability: Grassy Surge|[of] p1a: Rillaboom\n|turn|8\n|\n|t:|1700062339\n|move|p1a: Rillaboom|Grassy Glide|p2a: Polteageist\n|-damage|p2a: Polteageist|0 fnt\n|faint|p2a: Polteageist\n|\n|-weather|SunnyDay|[upkeep]\n|upkeep\n|\n|t:|1700062342\n|switch|p2a: hammer time|Tinkaton, F|100\/100\n|-item|p2a: hammer time|Air Balloon\n|turn|9\n|\n|t:|1700062347\n|move|p1a: Rillaboom|U-turn|p2a: hammer time\n|-resisted|p2a: hammer time\n|-damage|p2a: hammer time|93\/100\n|-enditem|p2a: hammer time|Air Balloon\n|-enditem|p1a: Rillaboom|Meadow Plate|[silent]|[from] ability: Pickpocket|[of] p1a: Rillaboom\n|-item|p2a: hammer time|Meadow Plate|[from] ability: Pickpocket|[of] p1a: Rillaboom\n|\n|t:|1700062350\n|switch|p1a: Great Tusk|Great Tusk|51\/100|[from] U-turn\n|-activate|p1a: Great Tusk|ability: Protosynthesis\n|-start|p1a: Great Tusk|protosynthesisatk\n|move|p2a: hammer time|Thunder Wave|p1a: Great Tusk\n|-immune|p1a: Great Tusk\n|\n|-weather|SunnyDay|[upkeep]\n|-heal|p2a: hammer time|99\/100|[from] Grassy Terrain\n|-heal|p1a: Great Tusk|57\/100|[from] Grassy Terrain\n|upkeep\n|turn|10\n|\n|t:|1700062361\n|switch|p2a: built for the top|Gholdengo|100\/100\n|-item|p2a: built for the top|Air Balloon\n|move|p1a: Great Tusk|Headlong Rush|p2a: built for the top\n|-immune|p2a: built for the top\n|\n|-weather|SunnyDay|[upkeep]\n|-heal|p1a: Great Tusk|64\/100|[from] Grassy Terrain\n|upkeep\n|turn|11\n|\n|t:|1700062383\n|move|p2a: built for the top|Shadow Ball|p1a: Great Tusk\n|-damage|p1a: Great Tusk|9\/100\n|-unboost|p1a: Great Tusk|spd|1\n|move|p1a: Great Tusk|Rapid Spin|p2a: built for the top\n|-immune|p2a: built for the top\n|\n|-weather|SunnyDay|[upkeep]\n|-heal|p1a: Great Tusk|16\/100|[from] Grassy Terrain\n|upkeep\n|turn|12\n|\n|t:|1700062390\n|-end|p1a: Great Tusk|Protosynthesis|[silent]\n|switch|p1a: Chandelure|Chandelure, F, tera:Flying|100\/100\n|move|p2a: built for the top|Shadow Ball|p1a: Chandelure\n|-damage|p1a: Chandelure|38\/100\n|\n|-weather|SunnyDay|[upkeep]\n|-fieldend|move: Grassy Terrain\n|upkeep\n|turn|13\n|\n|t:|1700062394\n|switch|p2a: Houndoom|Houndoom, F|100\/100\n|move|p1a: Chandelure|Shadow Ball|p2a: Houndoom\n|-resisted|p2a: Houndoom\n|-damage|p2a: Houndoom|50\/100\n|\n|-weather|SunnyDay|[upkeep]\n|upkeep\n|turn|14\n|\n|t:|1700062403\n|switch|p1a: Rillaboom|Rillaboom, F|100\/100\n|-fieldstart|move: Grassy Terrain|[from] ability: Grassy Surge|[of] p1a: Rillaboom\n|move|p2a: Houndoom|Destiny Bond|p2a: Houndoom\n|-singlemove|p2a: Houndoom|Destiny Bond\n|\n|-weather|none\n|-heal|p2a: Houndoom|56\/100|[from] Grassy Terrain\n|upkeep\n|turn|15\n|-message|Cranberru22 forfeited.\n|\n|win|273_Kalstor\n|raw|273_Kalstor's rating: 1052 &rarr; <strong>1088<\/strong><br \/>(+36 for winning)\n|raw|Cranberru22's rating: 1090 &rarr; <strong>1064<\/strong><br \/>(-26 for losing)\n|l|\u2606Cranberru22\n|l|\u2606273_Kalstor\n|j|\u2606273_Kalstor\n|player|p1|273_Kalstor|acetrainerf-gen4dp\n","uploadtime":1700063099,"views":10,"p1id":"273kalstor","p2id":"cranberru22","formatid":"gen9ou","rating":1064,"private":0,"password":""}