{"id":"gen9ou-1991690571","p1":"BKDAFEARLESS1","p2":"Tyguy0923","format":"[Gen 9] OU","log":"|j|\u2606BKDAFEARLESS1\n|j|\u2606Tyguy0923\n|t:|1700103091\n|gametype|singles\n|player|p1|BKDAFEARLESS1|hiker-gen4|1182\n|player|p2|Tyguy0923|1|1213\n|teamsize|p1|6\n|teamsize|p2|6\n|gen|9\n|tier|[Gen 9] OU\n|rated|\n|rule|Sleep Clause Mod: Limit one foe put to sleep\n|rule|Species Clause: Limit one of each Pok\u00e9mon\n|rule|OHKO Clause: OHKO moves are banned\n|rule|Evasion Items Clause: Evasion items are banned\n|rule|Evasion Moves Clause: Evasion moves are banned\n|rule|Endless Battle Clause: Forcing endless battles is banned\n|rule|HP Percentage Mod: HP is shown in percentages\n|clearpoke\n|poke|p1|Okidogi, M|\n|poke|p1|Salamence, M|\n|poke|p1|Kingambit, M|\n|poke|p1|Ogerpon, F|\n|poke|p1|Ursaluna, M|\n|poke|p1|Great Tusk|\n|poke|p2|Gholdengo|\n|poke|p2|Iron Valiant|\n|poke|p2|Clefable, F|\n|poke|p2|Clodsire, M|\n|poke|p2|Skeledirge, F|\n|poke|p2|Corviknight, F|\n|teampreview\n|inactive|Battle timer is ON: inactive players will automatically lose when time's up. (requested by BKDAFEARLESS1)\n|\n|t:|1700103106\n|start\n|switch|p1a: Explorador|Ogerpon, F|100\/100\n|switch|p2a: Clefable|Clefable, F|100\/100\n|turn|1\n|\n|t:|1700103113\n|move|p1a: Explorador|Ivy Cudgel|p2a: Clefable\n|-damage|p2a: Clefable|60\/100\n|move|p2a: Clefable|Stealth Rock|p1a: Explorador\n|-sidestart|p1: BKDAFEARLESS1|move: Stealth Rock\n|\n|-heal|p2a: Clefable|66\/100|[from] item: Leftovers\n|upkeep\n|turn|2\n|inactive|Tyguy0923 has 120 seconds left.\n|\n|t:|1700103145\n|switch|p2a: Corviknight|Corviknight, F|100\/100\n|-ability|p2a: Corviknight|Pressure\n|move|p1a: Explorador|Ivy Cudgel|p2a: Corviknight\n|-resisted|p2a: Corviknight\n|-damage|p2a: Corviknight|93\/100\n|\n|-heal|p2a: Corviknight|99\/100|[from] item: Leftovers\n|upkeep\n|turn|3\n|inactive|Tyguy0923 has 120 seconds left.\n|\n|t:|1700103173\n|switch|p1a: Espada|Kingambit, M, shiny|100\/100\n|-damage|p1a: Espada|94\/100|[from] Stealth Rock\n|move|p2a: Corviknight|Iron Defense|p2a: Corviknight\n|-boost|p2a: Corviknight|def|2\n|\n|-heal|p2a: Corviknight|100\/100|[from] item: Leftovers\n|upkeep\n|turn|4\n|\n|t:|1700103194\n|-terastallize|p1a: Espada|Ghost\n|move|p2a: Corviknight|Iron Defense|p2a: Corviknight\n|-boost|p2a: Corviknight|def|2\n|move|p1a: Espada|Kowtow Cleave|p2a: Corviknight\n|-damage|p2a: Corviknight|87\/100\n|\n|-heal|p2a: Corviknight|93\/100|[from] item: Leftovers\n|upkeep\n|turn|5\n|inactive|Tyguy0923 has 90 seconds left.\n|\n|t:|1700103210\n|switch|p1a: Gigante|Ursaluna, M|100\/100\n|-damage|p1a: Gigante|94\/100|[from] Stealth Rock\n|move|p2a: Corviknight|U-turn|p1a: Gigante\n|-damage|p1a: Gigante|84\/100\n|inactive|Tyguy0923 has 90 seconds left.\n|\n|t:|1700103222\n|switch|p2a: Clodsire|Clodsire, M|100\/100|[from] U-turn\n|\n|-heal|p1a: Gigante|90\/100|[from] item: Leftovers\n|upkeep\n|turn|6\n|inactive|Tyguy0923 has 90 seconds left.\n|\n|t:|1700103236\n|move|p1a: Gigante|Baby-Doll Eyes|p2a: Clodsire\n|-unboost|p2a: Clodsire|atk|1\n|move|p2a: Clodsire|Spikes|p1a: Gigante\n|-sidestart|p1: BKDAFEARLESS1|Spikes\n|\n|-heal|p1a: Gigante|96\/100|[from] item: Leftovers\n|upkeep\n|turn|7\n|\n|t:|1700103243\n|move|p1a: Gigante|Bulk Up|p1a: Gigante\n|-boost|p1a: Gigante|atk|1\n|-boost|p1a: Gigante|def|1\n|move|p2a: Clodsire|Toxic|p1a: Gigante\n|-status|p1a: Gigante|tox\n|\n|-heal|p1a: Gigante|100\/100 tox|[from] item: Leftovers\n|-damage|p1a: Gigante|94\/100 tox|[from] psn\n|upkeep\n|turn|8\n|c|\u2606BKDAFEARLESS1|guts\n|inactive|Tyguy0923 has 90 seconds left.\n|\n|t:|1700103260\n|move|p1a: Gigante|Earthquake|p2a: Clodsire\n|-supereffective|p2a: Clodsire\n|-damage|p2a: Clodsire|0 fnt\n|faint|p2a: Clodsire\n|\n|-heal|p1a: Gigante|100\/100 tox|[from] item: Leftovers\n|-damage|p1a: Gigante|88\/100 tox|[from] psn\n|upkeep\n|inactive|Tyguy0923 has 90 seconds left.\n|\n|t:|1700103275\n|switch|p2a: Corviknight|Corviknight, F|93\/100\n|-ability|p2a: Corviknight|Pressure\n|turn|9\n|\n|t:|1700103280\n|move|p1a: Gigante|Baby-Doll Eyes|p2a: Corviknight\n|-unboost|p2a: Corviknight|atk|1\n|move|p2a: Corviknight|Iron Defense|p2a: Corviknight\n|-boost|p2a: Corviknight|def|2\n|\n|-heal|p2a: Corviknight|99\/100|[from] item: Leftovers\n|-heal|p1a: Gigante|94\/100 tox|[from] item: Leftovers\n|-damage|p1a: Gigante|75\/100 tox|[from] psn\n|upkeep\n|turn|10\n|inactive|Tyguy0923 has 90 seconds left.\n|\n|t:|1700103293\n|move|p1a: Gigante|Baby-Doll Eyes|p2a: Corviknight\n|-unboost|p2a: Corviknight|atk|1\n|move|p2a: Corviknight|Iron Defense|p2a: Corviknight\n|-boost|p2a: Corviknight|def|2\n|\n|-heal|p2a: Corviknight|100\/100|[from] item: Leftovers\n|-heal|p1a: Gigante|82\/100 tox|[from] item: Leftovers\n|-damage|p1a: Gigante|57\/100 tox|[from] psn\n|upkeep\n|turn|11\n|\n|t:|1700103302\n|move|p2a: Corviknight|Body Press|p1a: Gigante\n|-supereffective|p1a: Gigante\n|-damage|p1a: Gigante|0 fnt\n|faint|p1a: Gigante\n|\n|upkeep\n|\n|t:|1700103308\n|switch|p1a: Espada|Kingambit, M, shiny, tera:Ghost|94\/100\n|-damage|p1a: Espada|82\/100|[from] Stealth Rock\n|-damage|p1a: Espada|70\/100|[from] Spikes\n|turn|12\n|\n|t:|1700103315\n|move|p2a: Corviknight|Body Press|p1a: Espada\n|-immune|p1a: Espada\n|move|p1a: Espada|Kowtow Cleave|p2a: Corviknight\n|-damage|p2a: Corviknight|88\/100\n|\n|-heal|p2a: Corviknight|94\/100|[from] item: Leftovers\n|upkeep\n|turn|13\n|\n|t:|1700103323\n|move|p2a: Corviknight|U-turn|p1a: Espada\n|-resisted|p1a: Espada\n|-damage|p1a: Espada|67\/100\n|\n|t:|1700103333\n|switch|p2a: Clefable|Clefable, F|66\/100|[from] U-turn\n|move|p1a: Espada|Kowtow Cleave|p2a: Clefable\n|-resisted|p2a: Clefable\n|-damage|p2a: Clefable|45\/100\n|\n|-heal|p2a: Clefable|51\/100|[from] item: Leftovers\n|upkeep\n|turn|14\n|\n|t:|1700103343\n|move|p2a: Clefable|Wish|p2a: Clefable\n|move|p1a: Espada|Iron Head|p2a: Clefable\n|-supereffective|p2a: Clefable\n|-damage|p2a: Clefable|0 fnt\n|faint|p2a: Clefable\n|\n|upkeep\n|inactive|Tyguy0923 has 90 seconds left.\n|\n|t:|1700103372\n|switch|p2a: Gholdengo|Gholdengo|100\/100\n|turn|15\n|\n|t:|1700103376\n|move|p2a: Gholdengo|Nasty Plot|p2a: Gholdengo\n|-boost|p2a: Gholdengo|spa|2\n|move|p1a: Espada|Kowtow Cleave|p2a: Gholdengo\n|-supereffective|p2a: Gholdengo\n|-damage|p2a: Gholdengo|0 fnt\n|faint|p2a: Gholdengo\n|\n|upkeep\n|\n|t:|1700103389\n|switch|p2a: Iron Valiant|Iron Valiant|100\/100\n|turn|16\n|\n|t:|1700103394\n|move|p2a: Iron Valiant|Knock Off|p1a: Espada\n|-supereffective|p1a: Espada\n|-damage|p1a: Espada|27\/100\n|-enditem|p1a: Espada|Dread Plate|[from] move: Knock Off|[of] p2a: Iron Valiant\n|move|p1a: Espada|Iron Head|p2a: Iron Valiant\n|-supereffective|p2a: Iron Valiant\n|-damage|p2a: Iron Valiant|0 fnt\n|faint|p2a: Iron Valiant\n|-end|p2a: Iron Valiant|Quark Drive|[silent]\n|\n|upkeep\n|\n|t:|1700103408\n|switch|p2a: Skeledirge|Skeledirge, F|100\/100\n|turn|17\n|\n|t:|1700103415\n|move|p1a: Espada|Sucker Punch|p2a: Skeledirge\n|-supereffective|p2a: Skeledirge\n|-damage|p2a: Skeledirge|36\/100\n|move|p2a: Skeledirge|Torch Song|p1a: Espada\n|-damage|p1a: Espada|0 fnt\n|-boost|p2a: Skeledirge|spa|1\n|faint|p1a: Espada\n|\n|upkeep\n|\n|t:|1700103423\n|switch|p1a: Great Tusk|Great Tusk|100\/100\n|-damage|p1a: Great Tusk|98\/100|[from] Stealth Rock\n|-damage|p1a: Great Tusk|85\/100|[from] Spikes\n|-enditem|p1a: Great Tusk|Booster Energy\n|-activate|p1a: Great Tusk|ability: Protosynthesis|[fromitem]\n|-start|p1a: Great Tusk|protosynthesisspe\n|turn|18\n|\n|t:|1700103435\n|switch|p2a: Corviknight|Corviknight, F|94\/100\n|-ability|p2a: Corviknight|Pressure\n|move|p1a: Great Tusk|Headlong Rush|p2a: Corviknight\n|-immune|p2a: Corviknight\n|\n|-heal|p2a: Corviknight|100\/100|[from] item: Leftovers\n|upkeep\n|turn|19\n|\n|t:|1700103443\n|move|p1a: Great Tusk|Knock Off|p2a: Corviknight\n|-damage|p2a: Corviknight|83\/100\n|-enditem|p2a: Corviknight|Leftovers|[from] move: Knock Off|[of] p1a: Great Tusk\n|move|p2a: Corviknight|Iron Defense|p2a: Corviknight\n|-boost|p2a: Corviknight|def|2\n|\n|upkeep\n|turn|20\n|inactive|Tyguy0923 has 120 seconds left.\n|\n|t:|1700103450\n|move|p1a: Great Tusk|Close Combat|p2a: Corviknight\n|-damage|p2a: Corviknight|69\/100\n|-unboost|p1a: Great Tusk|def|1\n|-unboost|p1a: Great Tusk|spd|1\n|move|p2a: Corviknight|Iron Defense|p2a: Corviknight\n|-boost|p2a: Corviknight|def|2\n|\n|upkeep\n|turn|21\n|\n|t:|1700103458\n|move|p1a: Great Tusk|Close Combat|p2a: Corviknight\n|-damage|p2a: Corviknight|58\/100\n|-unboost|p1a: Great Tusk|def|1\n|-unboost|p1a: Great Tusk|spd|1\n|move|p2a: Corviknight|Iron Defense|p2a: Corviknight\n|-boost|p2a: Corviknight|def|2\n|\n|upkeep\n|turn|22\n|\n|t:|1700103466\n|move|p1a: Great Tusk|Close Combat|p2a: Corviknight\n|-damage|p2a: Corviknight|51\/100\n|-unboost|p1a: Great Tusk|def|1\n|-unboost|p1a: Great Tusk|spd|1\n|move|p2a: Corviknight|Roost|p2a: Corviknight\n|-heal|p2a: Corviknight|100\/100\n|-singleturn|p2a: Corviknight|move: Roost\n|\n|upkeep\n|turn|23\n|\n|t:|1700103477\n|move|p1a: Great Tusk|Close Combat|p2a: Corviknight\n|-damage|p2a: Corviknight|93\/100\n|-unboost|p1a: Great Tusk|def|1\n|-unboost|p1a: Great Tusk|spd|1\n|move|p2a: Corviknight|Body Press|p1a: Great Tusk\n|-damage|p1a: Great Tusk|0 fnt\n|faint|p1a: Great Tusk\n|-end|p1a: Great Tusk|Protosynthesis|[silent]\n|\n|upkeep\n|\n|t:|1700103491\n|switch|p1a: Explorador|Ogerpon, F|100\/100\n|-damage|p1a: Explorador|88\/100|[from] Stealth Rock\n|-damage|p1a: Explorador|76\/100|[from] Spikes\n|turn|24\n|\n|t:|1700103500\n|move|p1a: Explorador|Knock Off|p2a: Corviknight\n|-damage|p2a: Corviknight|89\/100\n|move|p2a: Corviknight|Body Press|p1a: Explorador\n|-damage|p1a: Explorador|0 fnt\n|faint|p1a: Explorador\n|\n|upkeep\n|\n|t:|1700103515\n|switch|p1a: Los Diablo|Okidogi, M|100\/100\n|-damage|p1a: Los Diablo|94\/100|[from] Stealth Rock\n|-damage|p1a: Los Diablo|82\/100|[from] Spikes\n|turn|25\n|\n|t:|1700103521\n|move|p1a: Los Diablo|Bulk Up|p1a: Los Diablo\n|-boost|p1a: Los Diablo|atk|1\n|-boost|p1a: Los Diablo|def|1\n|move|p2a: Corviknight|Body Press|p1a: Los Diablo\n|-resisted|p1a: Los Diablo\n|-damage|p1a: Los Diablo|51\/100\n|\n|upkeep\n|turn|26\n|\n|t:|1700103530\n|move|p1a: Los Diablo|Bulk Up|p1a: Los Diablo\n|-boost|p1a: Los Diablo|atk|1\n|-boost|p1a: Los Diablo|def|1\n|move|p2a: Corviknight|Body Press|p1a: Los Diablo\n|-resisted|p1a: Los Diablo\n|-damage|p1a: Los Diablo|27\/100\n|-enditem|p1a: Los Diablo|Sitrus Berry|[eat]\n|-heal|p1a: Los Diablo|52\/100|[from] item: Sitrus Berry\n|\n|upkeep\n|turn|27\n|\n|t:|1700103540\n|move|p1a: Los Diablo|Drain Punch|p2a: Corviknight\n|-damage|p2a: Corviknight|76\/100\n|-heal|p1a: Los Diablo|60\/100|[from] drain|[of] p2a: Corviknight\n|move|p2a: Corviknight|Body Press|p1a: Los Diablo\n|-resisted|p1a: Los Diablo\n|-damage|p1a: Los Diablo|36\/100\n|\n|upkeep\n|turn|28\n|\n|t:|1700103549\n|move|p1a: Los Diablo|Drain Punch|p2a: Corviknight\n|-crit|p2a: Corviknight\n|-damage|p2a: Corviknight|1\/100\n|-heal|p1a: Los Diablo|81\/100|[from] drain|[of] p2a: Corviknight\n|move|p2a: Corviknight|Body Press|p1a: Los Diablo\n|-resisted|p1a: Los Diablo\n|-damage|p1a: Los Diablo|57\/100\n|\n|upkeep\n|turn|29\n|\n|t:|1700103559\n|move|p1a: Los Diablo|Drain Punch|p2a: Corviknight\n|-damage|p2a: Corviknight|0 fnt\n|-heal|p1a: Los Diablo|57\/100|[from] drain|[of] p2a: Corviknight\n|faint|p2a: Corviknight\n|\n|upkeep\n|-message|Tyguy0923 forfeited.\n|\n|win|BKDAFEARLESS1\n|raw|BKDAFEARLESS1's rating: 1182 &rarr; <strong>1209<\/strong><br \/>(+27 for winning)\n|raw|Tyguy0923's rating: 1213 &rarr; <strong>1186<\/strong><br \/>(-27 for losing)\n|l|\u2606Tyguy0923\n","uploadtime":1700103567,"views":15,"p1id":"bkdafearless1","p2id":"tyguy0923","formatid":"gen9ou","rating":1186,"private":0,"password":""}