{"id":"gen9ou-1996436474","p1":"HeroPrimeT","p2":"Robott3","format":"[Gen 9] OU","log":"|j|\u2606HeroPrimeT\n|j|\u2606Robott3\n|t:|1700681855\n|gametype|singles\n|player|p1|HeroPrimeT|265|1135\n|player|p2|Robott3|bugcatcher-gen4dp|1040\n|teamsize|p1|6\n|teamsize|p2|6\n|gen|9\n|tier|[Gen 9] OU\n|rated|\n|rule|Sleep Clause Mod: Limit one foe put to sleep\n|rule|Species Clause: Limit one of each Pok\u00e9mon\n|rule|OHKO Clause: OHKO moves are banned\n|rule|Evasion Items Clause: Evasion items are banned\n|rule|Evasion Moves Clause: Evasion moves are banned\n|rule|Endless Battle Clause: Forcing endless battles is banned\n|rule|HP Percentage Mod: HP is shown in percentages\n|clearpoke\n|poke|p1|Samurott-Hisui, F|\n|poke|p1|Arcanine-Hisui, M|\n|poke|p1|Great Tusk|\n|poke|p1|Ogerpon-Wellspring, F|\n|poke|p1|Cinderace, F|\n|poke|p1|Blissey, F|\n|poke|p2|Pawmot, F|\n|poke|p2|Maushold|\n|poke|p2|Tatsugiri, F|\n|poke|p2|Grafaiai, M|\n|poke|p2|Weezing-Galar, F|\n|poke|p2|Iron Treads|\n|teampreview\n|\n|t:|1700681898\n|start\n|switch|p1a: Cinderace|Cinderace, F|100\/100\n|switch|p2a: Iron Treads|Iron Treads|100\/100\n|-enditem|p2a: Iron Treads|Booster Energy\n|-activate|p2a: Iron Treads|ability: Quark Drive|[fromitem]\n|-start|p2a: Iron Treads|quarkdrivespe\n|turn|1\n|inactive|Battle timer is ON: inactive players will automatically lose when time's up. (requested by HeroPrimeT)\n|\n|t:|1700681915\n|move|p1a: Cinderace|Sucker Punch|p2a: Iron Treads\n|-start|p1a: Cinderace|typechange|Dark|[from] ability: Libero\n|-damage|p2a: Iron Treads|70\/100\n|move|p2a: Iron Treads|Earthquake|p1a: Cinderace\n|-damage|p1a: Cinderace|36\/100\n|\n|upkeep\n|turn|2\n|\n|t:|1700681929\n|switch|p1a: Ogerpon|Ogerpon-Wellspring, F|100\/100\n|move|p2a: Iron Treads|Stealth Rock|p1a: Ogerpon\n|-sidestart|p1: HeroPrimeT|move: Stealth Rock\n|\n|upkeep\n|turn|3\n|\n|t:|1700681951\n|-end|p2a: Iron Treads|Quark Drive|[silent]\n|switch|p2a: Weezing|Weezing-Galar, F|100\/100\n|move|p1a: Ogerpon|Ivy Cudgel|p2a: Weezing|[anim] Ivy Cudgel Water\n|-damage|p2a: Weezing|47\/100\n|\n|-heal|p2a: Weezing|53\/100|[from] item: Leftovers\n|upkeep\n|turn|4\n|\n|t:|1700681973\n|switch|p1a: Great Tusk|Great Tusk|100\/100\n|-damage|p1a: Great Tusk|98\/100|[from] Stealth Rock\n|move|p2a: Weezing|Will-O-Wisp|p1a: Great Tusk\n|-status|p1a: Great Tusk|brn\n|\n|-heal|p1a: Great Tusk|100\/100 brn|[from] item: Leftovers\n|-heal|p2a: Weezing|59\/100|[from] item: Leftovers\n|-damage|p1a: Great Tusk|94\/100 brn|[from] brn\n|upkeep\n|turn|5\n|inactive|Robott3 has 120 seconds left.\n|\n|t:|1700681994\n|move|p1a: Great Tusk|Rapid Spin|p2a: Weezing\n|-damage|p2a: Weezing|51\/100\n|-boost|p1a: Great Tusk|spe|1\n|-sideend|p1: HeroPrimeT|Stealth Rock|[from] move: Rapid Spin|[of] p1a: Great Tusk\n|move|p2a: Weezing|Pain Split|p1a: Great Tusk\n|-sethp|p1a: Great Tusk|70\/100 brn|[from] move: Pain Split|[silent]\n|-sethp|p2a: Weezing|78\/100|[from] move: Pain Split\n|\n|-heal|p1a: Great Tusk|76\/100 brn|[from] item: Leftovers\n|-heal|p2a: Weezing|84\/100|[from] item: Leftovers\n|-damage|p1a: Great Tusk|70\/100 brn|[from] brn\n|upkeep\n|turn|6\n|inactive|Robott3 has 120 seconds left.\n|\n|t:|1700682005\n|move|p1a: Great Tusk|Earthquake|p2a: Weezing\n|-immune|p2a: Weezing|[from] ability: Levitate\n|move|p2a: Weezing|Strange Steam|p1a: Great Tusk\n|-supereffective|p1a: Great Tusk\n|-damage|p1a: Great Tusk|0 fnt\n|faint|p1a: Great Tusk\n|-end|p1a: Great Tusk|Protosynthesis|[silent]\n|\n|-heal|p2a: Weezing|90\/100|[from] item: Leftovers\n|upkeep\n|\n|t:|1700682020\n|switch|p1a: Cinderace|Cinderace, F|36\/100\n|turn|7\n|\n|t:|1700682032\n|move|p1a: Cinderace|Iron Head|p2a: Weezing\n|-start|p1a: Cinderace|typechange|Steel|[from] ability: Libero\n|-supereffective|p2a: Weezing\n|-damage|p2a: Weezing|26\/100\n|cant|p2a: Weezing|flinch\n|\n|-heal|p2a: Weezing|32\/100|[from] item: Leftovers\n|upkeep\n|turn|8\n|\n|t:|1700682041\n|switch|p2a: Iron Treads|Iron Treads|70\/100\n|move|p1a: Cinderace|Pyro Ball|p2a: Iron Treads\n|-supereffective|p2a: Iron Treads\n|-damage|p2a: Iron Treads|2\/100\n|\n|upkeep\n|turn|9\n|\n|t:|1700682051\n|move|p1a: Cinderace|Pyro Ball|p2a: Iron Treads\n|-supereffective|p2a: Iron Treads\n|-damage|p2a: Iron Treads|0 fnt\n|faint|p2a: Iron Treads\n|-end|p2a: Iron Treads|Quark Drive|[silent]\n|\n|upkeep\n|\n|t:|1700682061\n|switch|p2a: Pawmot|Pawmot, F|100\/100\n|turn|10\n|\n|t:|1700682073\n|move|p2a: Pawmot|Mach Punch|p1a: Cinderace\n|-supereffective|p1a: Cinderace\n|-damage|p1a: Cinderace|0 fnt\n|faint|p1a: Cinderace\n|\n|upkeep\n|\n|t:|1700682081\n|switch|p1a: Ogerpon|Ogerpon-Wellspring, F|100\/100\n|turn|11\n|\n|t:|1700682104\n|move|p1a: Ogerpon|Play Rough|p2a: Pawmot\n|-supereffective|p2a: Pawmot\n|-damage|p2a: Pawmot|0 fnt\n|faint|p2a: Pawmot\n|\n|upkeep\n|inactive|Robott3 has 120 seconds left.\n|\n|t:|1700682114\n|switch|p2a: Grafaiai|Grafaiai, M|100\/100\n|turn|12\n|\n|t:|1700682127\n|move|p1a: Ogerpon|Spiky Shield|p1a: Ogerpon\n|-singleturn|p1a: Ogerpon|move: Protect\n|move|p2a: Grafaiai|Swagger|p1a: Ogerpon\n|-activate|p1a: Ogerpon|move: Protect\n|\n|upkeep\n|turn|13\n|\n|t:|1700682139\n|switch|p1a: Blissey|Blissey, F|100\/100\n|move|p2a: Grafaiai|Swagger|p1a: Blissey|[miss]\n|-miss|p2a: Grafaiai|p1a: Blissey\n|\n|upkeep\n|turn|14\n|\n|t:|1700682154\n|switch|p2a: Weezing|Weezing-Galar, F|32\/100\n|move|p1a: Blissey|Thunder Wave|p2a: Weezing\n|-status|p2a: Weezing|par\n|\n|-heal|p2a: Weezing|38\/100 par|[from] item: Leftovers\n|upkeep\n|turn|15\n|\n|t:|1700682163\n|move|p1a: Blissey|Seismic Toss|p2a: Weezing\n|-damage|p2a: Weezing|8\/100 par\n|move|p2a: Weezing|Pain Split|p1a: Blissey\n|-sethp|p1a: Blissey|52\/100|[from] move: Pain Split|[silent]\n|-sethp|p2a: Weezing|100\/100 par|[from] move: Pain Split\n|\n|-heal|p1a: Blissey|58\/100|[from] item: Leftovers\n|upkeep\n|turn|16\n|\n|t:|1700682185\n|switch|p1a: Arcanine|Arcanine-Hisui, M|100\/100\n|cant|p2a: Weezing|par\n|\n|upkeep\n|turn|17\n|\n|t:|1700682195\n|move|p1a: Arcanine|Head Smash|p2a: Weezing\n|-damage|p2a: Weezing|39\/100 par\n|cant|p2a: Weezing|par\n|\n|-heal|p2a: Weezing|45\/100 par|[from] item: Leftovers\n|upkeep\n|turn|18\n|\n|t:|1700682202\n|move|p1a: Arcanine|Head Smash|p2a: Weezing\n|-damage|p2a: Weezing|0 fnt\n|faint|p2a: Weezing\n|\n|upkeep\n|\n|t:|1700682212\n|switch|p2a: Tatsugiri|Tatsugiri, F|100\/100\n|turn|19\n|\n|t:|1700682223\n|switch|p1a: Ogerpon|Ogerpon-Wellspring, F|100\/100\n|move|p2a: Tatsugiri|Icy Wind|p1a: Ogerpon\n|-crit|p1a: Ogerpon\n|-damage|p1a: Ogerpon|68\/100\n|-unboost|p1a: Ogerpon|spe|1\n|\n|upkeep\n|turn|20\n|\n|t:|1700682231\n|move|p2a: Tatsugiri|Draco Meteor|p1a: Ogerpon\n|-damage|p1a: Ogerpon|0 fnt\n|-unboost|p2a: Tatsugiri|spa|2\n|faint|p1a: Ogerpon\n|\n|upkeep\n|\n|t:|1700682238\n|switch|p1a: Samurott|Samurott-Hisui, F|100\/100\n|turn|21\n|\n|t:|1700682244\n|switch|p2a: Maushold|Maushold|100\/100\n|move|p1a: Samurott|Knock Off|p2a: Maushold\n|-damage|p2a: Maushold|32\/100\n|-enditem|p2a: Maushold|Focus Sash|[from] move: Knock Off|[of] p1a: Samurott\n|\n|upkeep\n|turn|22\n|\n|t:|1700682254\n|switch|p1a: Arcanine|Arcanine-Hisui, M|100\/100\n|move|p2a: Maushold|Population Bomb|p1a: Arcanine\n|-resisted|p1a: Arcanine\n|-damage|p1a: Arcanine|93\/100\n|-resisted|p1a: Arcanine\n|-damage|p1a: Arcanine|86\/100\n|-resisted|p1a: Arcanine\n|-damage|p1a: Arcanine|80\/100\n|-resisted|p1a: Arcanine\n|-damage|p1a: Arcanine|73\/100\n|-resisted|p1a: Arcanine\n|-damage|p1a: Arcanine|67\/100\n|-resisted|p1a: Arcanine\n|-damage|p1a: Arcanine|60\/100\n|-resisted|p1a: Arcanine\n|-damage|p1a: Arcanine|52\/100\n|-resisted|p1a: Arcanine\n|-damage|p1a: Arcanine|45\/100\n|-resisted|p1a: Arcanine\n|-damage|p1a: Arcanine|38\/100\n|-resisted|p1a: Arcanine\n|-damage|p1a: Arcanine|32\/100\n|-hitcount|p1a: Arcanine|10\n|\n|-heal|p1a: Arcanine|38\/100|[from] item: Leftovers\n|upkeep\n|turn|23\n|\n|t:|1700682276\n|move|p1a: Arcanine|Protect|p1a: Arcanine\n|-singleturn|p1a: Arcanine|Protect\n|move|p2a: Maushold|Population Bomb|p1a: Arcanine\n|-activate|p1a: Arcanine|move: Protect\n|\n|-heal|p1a: Arcanine|44\/100|[from] item: Leftovers\n|upkeep\n|turn|24\n|\n|t:|1700682285\n|move|p2a: Maushold|Population Bomb|p1a: Arcanine\n|-resisted|p1a: Arcanine\n|-damage|p1a: Arcanine|37\/100\n|-resisted|p1a: Arcanine\n|-damage|p1a: Arcanine|30\/100\n|-resisted|p1a: Arcanine\n|-damage|p1a: Arcanine|23\/100\n|-resisted|p1a: Arcanine\n|-damage|p1a: Arcanine|16\/100\n|-resisted|p1a: Arcanine\n|-damage|p1a: Arcanine|10\/100\n|-hitcount|p1a: Arcanine|5\n|move|p1a: Arcanine|Flare Blitz|p2a: Maushold\n|-damage|p2a: Maushold|0 fnt\n|faint|p2a: Maushold\n|\n|-heal|p1a: Arcanine|16\/100|[from] item: Leftovers\n|upkeep\n|inactive|Robott3 has 120 seconds left.\n|\n|t:|1700682311\n|switch|p2a: Tatsugiri|Tatsugiri, F|100\/100\n|turn|25\n|inactive|Robott3 has 120 seconds left.\n|\n|t:|1700682328\n|move|p1a: Arcanine|Protect|p1a: Arcanine\n|-singleturn|p1a: Arcanine|Protect\n|move|p2a: Tatsugiri|Draco Meteor|p1a: Arcanine\n|-activate|p1a: Arcanine|move: Protect\n|\n|-heal|p1a: Arcanine|22\/100|[from] item: Leftovers\n|upkeep\n|turn|26\n|\n|t:|1700682340\n|switch|p2a: Grafaiai|Grafaiai, M|100\/100\n|move|p1a: Arcanine|Head Smash|p2a: Grafaiai\n|-damage|p2a: Grafaiai|0 fnt\n|faint|p2a: Grafaiai\n|\n|-heal|p1a: Arcanine|28\/100|[from] item: Leftovers\n|upkeep\n|\n|t:|1700682349\n|switch|p2a: Tatsugiri|Tatsugiri, F|100\/100\n|turn|27\n|\n|t:|1700682352\n|move|p1a: Arcanine|Protect|p1a: Arcanine\n|-singleturn|p1a: Arcanine|Protect\n|move|p2a: Tatsugiri|Draco Meteor|p1a: Arcanine\n|-activate|p1a: Arcanine|move: Protect\n|\n|-heal|p1a: Arcanine|34\/100|[from] item: Leftovers\n|upkeep\n|turn|28\n|inactive|Robott3 has 120 seconds left.\n|c|\u2606Robott3|that's kiddy so ill be as well\n|inactive|Robott3 has 90 seconds left.\n|inactive|Robott3 has 60 seconds left.\n|inactive|Robott3 has 30 seconds left.\n|inactive|Robott3 has 20 seconds left.\n|inactive|Robott3 has 15 seconds left.\n|\n|t:|1700682471\n|move|p1a: Arcanine|Head Smash|p2a: Tatsugiri\n|-damage|p2a: Tatsugiri|0 fnt\n|faint|p2a: Tatsugiri\n|\n|win|HeroPrimeT\n|inactive|Robott3 has 20 seconds left this turn.\n|raw|HeroPrimeT's rating: 1135 &rarr; <strong>1153<\/strong><br \/>(+18 for winning)\n|raw|Robott3's rating: 1040 &rarr; <strong>1028<\/strong><br \/>(-12 for losing)\n|c|\u2606HeroPrimeT|I am just playing around draco meteor, if I know you have it why would I just take it?\n|c|\u2606Robott3|you are faster\n|c|\u2606Robott3|wdym\n|c|\u2606Robott3|and you know it\n|c|\u2606Robott3|like wtf\n","uploadtime":1700682521,"views":9,"p1id":"heroprimet","p2id":"robott3","formatid":"gen9ou","rating":1028,"private":0,"password":""}