{"id":"gen9ou-1991124589","p1":"Isaayzin","p2":"mer1oetta","format":"[Gen 9] OU","log":"|j|\u2606Isaayzin\n|j|\u2606mer1oetta\n|t:|1700046687\n|gametype|singles\n|player|p1|Isaayzin|gambler|1113\n|player|p2|mer1oetta|1|1110\n|teamsize|p1|6\n|teamsize|p2|6\n|gen|9\n|tier|[Gen 9] OU\n|rated|\n|rule|Sleep Clause Mod: Limit one foe put to sleep\n|rule|Species Clause: Limit one of each Pok\u00e9mon\n|rule|OHKO Clause: OHKO moves are banned\n|rule|Evasion Items Clause: Evasion items are banned\n|rule|Evasion Moves Clause: Evasion moves are banned\n|rule|Endless Battle Clause: Forcing endless battles is banned\n|rule|HP Percentage Mod: HP is shown in percentages\n|clearpoke\n|poke|p1|Ting-Lu|\n|poke|p1|Gholdengo|\n|poke|p1|Iron Moth|\n|poke|p1|Dragonite, M|\n|poke|p1|Dragapult, M|\n|poke|p1|Kingambit, F|\n|poke|p2|Rillaboom, M|\n|poke|p2|Sneasler, M|\n|poke|p2|Hatterene, F|\n|poke|p2|Ursaluna, F|\n|poke|p2|Heatran, M|\n|poke|p2|Iron Valiant|\n|teampreview\n|inactive|Battle timer is ON: inactive players will automatically lose when time's up. (requested by Isaayzin)\n|\n|t:|1700046699\n|start\n|switch|p1a: Dragapult|Dragapult, M|100\/100\n|switch|p2a: Rillaboom|Rillaboom, M|100\/100\n|-fieldstart|move: Grassy Terrain|[from] ability: Grassy Surge|[of] p2a: Rillaboom\n|turn|1\n|\n|t:|1700046715\n|move|p1a: Dragapult|Dragon Dance|p1a: Dragapult\n|-boost|p1a: Dragapult|atk|1\n|-boost|p1a: Dragapult|spe|1\n|move|p2a: Rillaboom|U-turn|p1a: Dragapult\n|-resisted|p1a: Dragapult\n|-damage|p1a: Dragapult|75\/100\n|\n|t:|1700046726\n|switch|p2a: Iron Valiant|Iron Valiant|100\/100|[from] U-turn\n|-enditem|p2a: Iron Valiant|Booster Energy\n|-activate|p2a: Iron Valiant|ability: Quark Drive|[fromitem]\n|-start|p2a: Iron Valiant|quarkdrivespe\n|\n|-heal|p1a: Dragapult|81\/100|[from] Grassy Terrain\n|upkeep\n|turn|2\n|\n|t:|1700046743\n|move|p1a: Dragapult|Psychic Fangs|p2a: Iron Valiant\n|-supereffective|p2a: Iron Valiant\n|-damage|p2a: Iron Valiant|0 fnt\n|faint|p2a: Iron Valiant\n|-end|p2a: Iron Valiant|Quark Drive|[silent]\n|-damage|p1a: Dragapult|71\/100|[from] item: Life Orb\n|\n|-heal|p1a: Dragapult|77\/100|[from] Grassy Terrain\n|upkeep\n|\n|t:|1700046757\n|switch|p2a: Hatterene|Hatterene, F|100\/100\n|turn|3\n|\n|t:|1700046762\n|switch|p1a: Gholdengo|Gholdengo|100\/100\n|move|p2a: Hatterene|Trick Room|p2a: Hatterene\n|-fieldstart|move: Trick Room|[of] p2a: Hatterene\n|\n|upkeep\n|turn|4\n|\n|t:|1700046774\n|switch|p2a: Ursaluna|Ursaluna, F|100\/100\n|move|p1a: Gholdengo|Nasty Plot|p1a: Gholdengo\n|-boost|p1a: Gholdengo|spa|2\n|\n|-status|p2a: Ursaluna|brn|[from] item: Flame Orb\n|upkeep\n|turn|5\n|\n|t:|1700046782\n|switch|p1a: Ting-Lu|Ting-Lu|100\/100\n|-ability|p1a: Ting-Lu|Vessel of Ruin\n|move|p2a: Ursaluna|Fire Punch|p1a: Ting-Lu\n|-damage|p1a: Ting-Lu|83\/100\n|\n|-heal|p1a: Ting-Lu|89\/100|[from] Grassy Terrain\n|-damage|p2a: Ursaluna|94\/100 brn|[from] brn\n|-fieldend|move: Grassy Terrain\n|upkeep\n|turn|6\n|\n|t:|1700046792\n|move|p2a: Ursaluna|Ice Punch|p1a: Ting-Lu\n|-supereffective|p1a: Ting-Lu\n|-damage|p1a: Ting-Lu|52\/100\n|move|p1a: Ting-Lu|Whirlwind|p2a: Ursaluna\n|drag|p2a: Hatterene|Hatterene, F|100\/100\n|\n|upkeep\n|turn|7\n|\n|t:|1700046804\n|move|p2a: Hatterene|Psyshock|p1a: Ting-Lu\n|-immune|p1a: Ting-Lu\n|move|p1a: Ting-Lu|Whirlwind|p2a: Hatterene\n|move|p2a: Hatterene|Whirlwind|p1a: Ting-Lu|[from]ability: Magic Bounce\n|drag|p1a: Gholdengo|Gholdengo|100\/100\n|\n|-fieldend|move: Trick Room\n|upkeep\n|turn|8\n|\n|t:|1700046820\n|move|p1a: Gholdengo|Make It Rain|p2a: Hatterene\n|-supereffective|p2a: Hatterene\n|-enditem|p2a: Hatterene|Focus Sash\n|-damage|p2a: Hatterene|1\/100\n|-unboost|p1a: Gholdengo|spa|1\n|move|p2a: Hatterene|Trick Room|p2a: Hatterene\n|-fieldstart|move: Trick Room|[of] p2a: Hatterene\n|\n|upkeep\n|turn|9\n|\n|t:|1700046828\n|move|p2a: Hatterene|Misty Explosion|p1a: Gholdengo\n|-resisted|p1a: Gholdengo\n|-damage|p1a: Gholdengo|74\/100\n|faint|p2a: Hatterene\n|move|p1a: Gholdengo|Shadow Ball|p2: Hatterene|[notarget]\n|-fail|p1a: Gholdengo\n|\n|upkeep\n|\n|t:|1700046839\n|switch|p2a: Ursaluna|Ursaluna, F|94\/100 brn\n|turn|10\n|\n|t:|1700046849\n|switch|p1a: Ting-Lu|Ting-Lu|52\/100\n|-ability|p1a: Ting-Lu|Vessel of Ruin\n|move|p2a: Ursaluna|Fire Punch|p1a: Ting-Lu\n|-damage|p1a: Ting-Lu|32\/100\n|\n|-damage|p2a: Ursaluna|88\/100 brn|[from] brn\n|upkeep\n|turn|11\n|\n|t:|1700046857\n|move|p1a: Ting-Lu|Spikes|p2a: Ursaluna\n|-sidestart|p2: mer1oetta|Spikes\n|move|p2a: Ursaluna|Ice Punch|p1a: Ting-Lu\n|-supereffective|p1a: Ting-Lu\n|-damage|p1a: Ting-Lu|0 fnt\n|faint|p1a: Ting-Lu\n|\n|-damage|p2a: Ursaluna|82\/100 brn|[from] brn\n|upkeep\n|\n|t:|1700046887\n|switch|p1a: Dragapult|Dragapult, M|77\/100\n|turn|12\n|\n|t:|1700046896\n|move|p1a: Dragapult|Sucker Punch|p2a: Ursaluna\n|-damage|p2a: Ursaluna|58\/100 brn\n|-damage|p1a: Dragapult|68\/100|[from] item: Life Orb\n|move|p2a: Ursaluna|Ice Punch|p1a: Dragapult\n|-supereffective|p1a: Dragapult\n|-damage|p1a: Dragapult|0 fnt\n|faint|p1a: Dragapult\n|\n|-damage|p2a: Ursaluna|52\/100 brn|[from] brn\n|-fieldend|move: Trick Room\n|upkeep\n|\n|t:|1700046908\n|switch|p1a: Iron Moth|Iron Moth|100\/100\n|turn|13\n|\n|t:|1700046921\n|move|p1a: Iron Moth|Energy Ball|p2a: Ursaluna\n|-supereffective|p2a: Ursaluna\n|-damage|p2a: Ursaluna|0 fnt\n|faint|p2a: Ursaluna\n|\n|upkeep\n|\n|t:|1700046930\n|switch|p2a: Rillaboom|Rillaboom, M|100\/100\n|-damage|p2a: Rillaboom|88\/100|[from] Spikes\n|-fieldstart|move: Grassy Terrain|[from] ability: Grassy Surge|[of] p2a: Rillaboom\n|turn|14\n|\n|t:|1700046939\n|switch|p2a: Heatran|Heatran, M|100\/100\n|-item|p2a: Heatran|Air Balloon\n|move|p1a: Iron Moth|Sludge Wave|p2a: Heatran\n|-immune|p2a: Heatran\n|\n|upkeep\n|turn|15\n|inactive|Isaayzin has 120 seconds left.\n|\n|t:|1700046981\n|-end|p1a: Iron Moth|Quark Drive|[silent]\n|switch|p1a: Dragonite|Dragonite, M|100\/100\n|move|p2a: Heatran|Earth Power|p1a: Dragonite\n|-immune|p1a: Dragonite\n|\n|upkeep\n|turn|16\n|inactive|mer1oetta has 120 seconds left.\n|\n|t:|1700047021\n|move|p1a: Dragonite|Dragon Dance|p1a: Dragonite\n|-boost|p1a: Dragonite|atk|1\n|-boost|p1a: Dragonite|spe|1\n|move|p2a: Heatran|Magma Storm|p1a: Dragonite\n|-resisted|p1a: Dragonite\n|-damage|p1a: Dragonite|84\/100\n|-activate|p1a: Dragonite|move: Magma Storm|[of] p2a: Heatran\n|\n|-damage|p1a: Dragonite|72\/100|[from] move: Magma Storm|[partiallytrapped]\n|upkeep\n|turn|17\n|inactive|Isaayzin has 120 seconds left.\n|\n|t:|1700047034\n|-terastallize|p2a: Heatran|Fairy\n|move|p1a: Dragonite|Roost|p1a: Dragonite\n|-heal|p1a: Dragonite|100\/100\n|-singleturn|p1a: Dragonite|move: Roost\n|move|p2a: Heatran|Tera Blast|p1a: Dragonite|[anim] Tera Blast Fairy\n|-supereffective|p1a: Dragonite\n|-damage|p1a: Dragonite|50\/100\n|\n|-heal|p1a: Dragonite|56\/100|[from] Grassy Terrain\n|-damage|p1a: Dragonite|44\/100|[from] move: Magma Storm|[partiallytrapped]\n|upkeep\n|turn|18\n|inactive|Isaayzin has 120 seconds left.\n|\n|t:|1700047046\n|move|p1a: Dragonite|Extreme Speed|p2a: Heatran\n|-damage|p2a: Heatran|65\/100\n|-enditem|p2a: Heatran|Air Balloon\n|move|p2a: Heatran|Tera Blast|p1a: Dragonite|[anim] Tera Blast Fairy\n|-supereffective|p1a: Dragonite\n|-damage|p1a: Dragonite|0 fnt\n|faint|p1a: Dragonite\n|\n|-heal|p2a: Heatran|71\/100|[from] Grassy Terrain\n|-fieldend|move: Grassy Terrain\n|upkeep\n|\n|t:|1700047058\n|switch|p1a: Gholdengo|Gholdengo|74\/100\n|turn|19\n|inactive|mer1oetta has 120 seconds left.\n|\n|t:|1700047074\n|switch|p2a: Rillaboom|Rillaboom, M|88\/100\n|-damage|p2a: Rillaboom|76\/100|[from] Spikes\n|-fieldstart|move: Grassy Terrain|[from] ability: Grassy Surge|[of] p2a: Rillaboom\n|move|p1a: Gholdengo|Make It Rain|p2a: Rillaboom\n|-damage|p2a: Rillaboom|10\/100\n|-unboost|p1a: Gholdengo|spa|1\n|\n|-heal|p2a: Rillaboom|16\/100|[from] Grassy Terrain\n|-heal|p1a: Gholdengo|80\/100|[from] Grassy Terrain\n|upkeep\n|turn|20\n|inactive|Isaayzin has 120 seconds left.\n|\n|t:|1700047088\n|switch|p1a: Iron Moth|Iron Moth|100\/100\n|move|p2a: Rillaboom|Grassy Glide|p1a: Iron Moth\n|-resisted|p1a: Iron Moth\n|-damage|p1a: Iron Moth|77\/100\n|\n|-heal|p1a: Iron Moth|83\/100|[from] Grassy Terrain\n|-heal|p2a: Rillaboom|22\/100|[from] Grassy Terrain\n|upkeep\n|turn|21\n|\n|t:|1700047097\n|move|p2a: Rillaboom|Grassy Glide|p1a: Iron Moth\n|-resisted|p1a: Iron Moth\n|-damage|p1a: Iron Moth|55\/100\n|move|p1a: Iron Moth|Energy Ball|p2a: Rillaboom\n|-resisted|p2a: Rillaboom\n|-damage|p2a: Rillaboom|0 fnt\n|faint|p2a: Rillaboom\n|\n|-heal|p1a: Iron Moth|61\/100|[from] Grassy Terrain\n|upkeep\n|\n|t:|1700047109\n|switch|p2a: Sneasler|Sneasler, M, shiny|100\/100\n|-damage|p2a: Sneasler|88\/100|[from] Spikes\n|-enditem|p2a: Sneasler|Grassy Seed\n|-boost|p2a: Sneasler|def|1|[from] item: Grassy Seed\n|turn|22\n|\n|t:|1700047128\n|move|p2a: Sneasler|Dire Claw|p1a: Iron Moth\n|-resisted|p1a: Iron Moth\n|-damage|p1a: Iron Moth|22\/100\n|move|p1a: Iron Moth|Fiery Dance|p2a: Sneasler\n|-damage|p2a: Sneasler|34\/100\n|-boost|p1a: Iron Moth|spa|1\n|\n|-heal|p2a: Sneasler|40\/100|[from] Grassy Terrain\n|-heal|p1a: Iron Moth|28\/100|[from] Grassy Terrain\n|upkeep\n|turn|23\n|\n|t:|1700047138\n|move|p2a: Sneasler|Shadow Claw|p1a: Iron Moth\n|-damage|p1a: Iron Moth|0 fnt\n|faint|p1a: Iron Moth\n|-end|p1a: Iron Moth|Quark Drive|[silent]\n|\n|-heal|p2a: Sneasler|46\/100|[from] Grassy Terrain\n|-fieldend|move: Grassy Terrain\n|upkeep\n|\n|t:|1700047157\n|switch|p1a: Kingambit|Kingambit, F|100\/100\n|-activate|p1a: Kingambit|ability: Supreme Overlord\n|-start|p1a: Kingambit|fallen4|[silent]\n|turn|24\n|inactive|mer1oetta has 120 seconds left.\n|\n|t:|1700047169\n|-terastallize|p1a: Kingambit|Fairy\n|move|p2a: Sneasler|Swords Dance|p2a: Sneasler\n|-boost|p2a: Sneasler|atk|2\n|move|p1a: Kingambit|Swords Dance|p1a: Kingambit\n|-boost|p1a: Kingambit|atk|2\n|\n|upkeep\n|turn|25\n|inactive|mer1oetta has 120 seconds left.\n|\n|t:|1700047180\n|move|p1a: Kingambit|Sucker Punch||[still]\n|-fail|p1a: Kingambit\n|move|p2a: Sneasler|Swords Dance|p2a: Sneasler\n|-boost|p2a: Sneasler|atk|2\n|\n|upkeep\n|turn|26\n|\n|t:|1700047185\n|move|p1a: Kingambit|Sucker Punch||[still]\n|-fail|p1a: Kingambit\n|move|p2a: Sneasler|Swords Dance|p2a: Sneasler\n|-boost|p2a: Sneasler|atk|2\n|\n|upkeep\n|turn|27\n|\n|t:|1700047193\n|move|p1a: Kingambit|Sucker Punch||[still]\n|-fail|p1a: Kingambit\n|move|p2a: Sneasler|Swords Dance|p2a: Sneasler\n|-boost|p2a: Sneasler|atk|0\n|\n|upkeep\n|turn|28\n|\n|t:|1700047202\n|move|p1a: Kingambit|Sucker Punch|p2a: Sneasler\n|-resisted|p2a: Sneasler\n|-damage|p2a: Sneasler|0 fnt\n|faint|p2a: Sneasler\n|\n|upkeep\n|\n|t:|1700047207\n|switch|p2a: Heatran|Heatran, M, tera:Fairy|71\/100\n|-damage|p2a: Heatran|59\/100|[from] Spikes\n|turn|29\n|-message|mer1oetta forfeited.\n|\n|win|Isaayzin\n|raw|Isaayzin's rating: 1113 &rarr; <strong>1138<\/strong><br \/>(+25 for winning)\n|raw|mer1oetta's rating: 1110 &rarr; <strong>1085<\/strong><br \/>(-25 for losing)\n|l|\u2606mer1oetta\n|l|\u2606Isaayzin\n|j|\u2606Isaayzin\n|player|p1|Isaayzin|gambler\n","uploadtime":1700047245,"views":15,"p1id":"isaayzin","p2id":"mer1oetta","formatid":"gen9ou","rating":1085,"private":0,"password":""}