{"id":"gen9ou-1989922545","p1":"Cloudyorangejuice","p2":"Joshlp00","format":"[Gen 9] OU","log":"|j|\u2606Cloudyorangejuice\n|j|\u2606Joshlp00\n|t:|1699907016\n|gametype|singles\n|player|p1|Cloudyorangejuice|170|\n|player|p2|Joshlp00|pokemaniac|\n|teamsize|p1|6\n|teamsize|p2|6\n|gen|9\n|tier|[Gen 9] OU\n|rule|Sleep Clause Mod: Limit one foe put to sleep\n|rule|Species Clause: Limit one of each Pok\u00e9mon\n|rule|OHKO Clause: OHKO moves are banned\n|rule|Evasion Items Clause: Evasion items are banned\n|rule|Evasion Moves Clause: Evasion moves are banned\n|rule|Endless Battle Clause: Forcing endless battles is banned\n|rule|HP Percentage Mod: HP is shown in percentages\n|clearpoke\n|poke|p1|Salamence, M|\n|poke|p1|Cloyster, F|\n|poke|p1|Shaymin|\n|poke|p1|Hypno, F|\n|poke|p1|Krookodile, F|\n|poke|p1|Magnezone|\n|poke|p2|Scizor, M|\n|poke|p2|Skeledirge, M|\n|poke|p2|Hydreigon, M|\n|poke|p2|Corviknight, M|\n|poke|p2|Dragapult, M|\n|poke|p2|Chansey, F|\n|teampreview\n|\n|t:|1699907049\n|start\n|switch|p1a: Krookodile|Krookodile, F, shiny|100\/100\n|switch|p2a: Skeledirge|Skeledirge, M, shiny|100\/100\n|turn|1\n|\n|t:|1699907075\n|switch|p2a: Hydreigon|Hydreigon, M, shiny|100\/100\n|move|p1a: Krookodile|Close Combat|p2a: Hydreigon\n|-supereffective|p2a: Hydreigon\n|-damage|p2a: Hydreigon|7\/100\n|-unboost|p1a: Krookodile|def|1\n|-unboost|p1a: Krookodile|spd|1\n|\n|upkeep\n|turn|2\n|\n|t:|1699907084\n|move|p2a: Hydreigon|U-turn|p1a: Krookodile\n|-supereffective|p1a: Krookodile\n|-damage|p1a: Krookodile|39\/100\n|\n|t:|1699907089\n|switch|p2a: Skeledirge|Skeledirge, M, shiny|100\/100|[from] U-turn\n|move|p1a: Krookodile|Close Combat|p2a: Skeledirge\n|-immune|p2a: Skeledirge\n|\n|upkeep\n|turn|3\n|\n|t:|1699907123\n|switch|p1a: Cloyster|Cloyster, F|100\/100\n|switch|p2a: Dragapult|Dragapult, M, shiny|100\/100\n|\n|upkeep\n|turn|4\n|\n|t:|1699907153\n|move|p2a: Dragapult|U-turn|p1a: Cloyster\n|-damage|p1a: Cloyster|86\/100\n|\n|t:|1699907196\n|switch|p2a: Scizor|Scizor, M, shiny|100\/100|[from] U-turn\n|move|p1a: Cloyster|Icicle Spear|p2a: Scizor\n|-resisted|p2a: Scizor\n|-damage|p2a: Scizor|96\/100\n|-resisted|p2a: Scizor\n|-damage|p2a: Scizor|92\/100\n|-resisted|p2a: Scizor\n|-damage|p2a: Scizor|88\/100\n|-resisted|p2a: Scizor\n|-damage|p2a: Scizor|83\/100\n|-resisted|p2a: Scizor\n|-damage|p2a: Scizor|79\/100\n|-hitcount|p2a: Scizor|5\n|\n|-heal|p1a: Cloyster|92\/100|[from] item: Leftovers\n|upkeep\n|turn|5\n|n|\u203dCloudyorangejuice|cloudyorangejuice\n|\n|t:|1699907221\n|move|p1a: Cloyster|Toxic Spikes|p2a: Scizor\n|-sidestart|p2: Joshlp00|move: Toxic Spikes\n|move|p2a: Scizor|Knock Off|p1a: Cloyster\n|-damage|p1a: Cloyster|63\/100\n|-enditem|p1a: Cloyster|Leftovers|[from] move: Knock Off|[of] p2a: Scizor\n|\n|upkeep\n|turn|6\n|\n|t:|1699907230\n|move|p1a: Cloyster|Iron Defense|p1a: Cloyster\n|-boost|p1a: Cloyster|def|2\n|move|p2a: Scizor|Knock Off|p1a: Cloyster\n|-damage|p1a: Cloyster|54\/100\n|\n|upkeep\n|turn|7\n|\n|t:|1699907266\n|switch|p1a: Hypno|Hypno, F, shiny|100\/100\n|switch|p2a: Corviknight|Corviknight, M, shiny|100\/100\n|\n|upkeep\n|turn|8\n|\n|t:|1699907286\n|switch|p1a: Magnezone|Magnezone|100\/100\n|move|p2a: Corviknight|Defog|p1a: Magnezone\n|-unboost|p1a: Magnezone|evasion|1\n|-sideend|p2: Joshlp00|Toxic Spikes|[from] move: Defog|[of] p2a: Corviknight\n|\n|upkeep\n|turn|9\n|\n|t:|1699907296\n|move|p1a: Magnezone|Flash Cannon|p2a: Corviknight\n|-resisted|p2a: Corviknight\n|-damage|p2a: Corviknight|69\/100\n|move|p2a: Corviknight|U-turn|p1a: Magnezone\n|-resisted|p1a: Magnezone\n|-damage|p1a: Magnezone|93\/100\n|\n|t:|1699907312\n|switch|p2a: Skeledirge|Skeledirge, M, shiny|100\/100|[from] U-turn\n|\n|upkeep\n|turn|10\n|\n|t:|1699907331\n|switch|p1a: Hypno|Hypno, F, shiny|100\/100\n|move|p2a: Skeledirge|Will-O-Wisp|p1a: Hypno\n|-status|p1a: Hypno|brn\n|\n|-damage|p1a: Hypno|94\/100 brn|[from] brn\n|upkeep\n|turn|11\n|\n|t:|1699907345\n|-terastallize|p2a: Skeledirge|Fire\n|move|p1a: Hypno|Draining Kiss|p2a: Skeledirge\n|-resisted|p2a: Skeledirge\n|-damage|p2a: Skeledirge|97\/100\n|-heal|p1a: Hypno|97\/100 brn|[from] drain|[of] p2a: Skeledirge\n|move|p2a: Skeledirge|Hex|p1a: Hypno\n|-supereffective|p1a: Hypno\n|-damage|p1a: Hypno|35\/100 brn\n|\n|-heal|p1a: Hypno|41\/100 brn|[from] item: Leftovers\n|-damage|p1a: Hypno|35\/100 brn|[from] brn\n|upkeep\n|turn|12\n|\n|t:|1699907374\n|move|p1a: Hypno|Rest|p1a: Hypno\n|-status|p1a: Hypno|slp|[from] move: Rest\n|-heal|p1a: Hypno|100\/100 slp|[silent]\n|move|p2a: Skeledirge|Torch Song|p1a: Hypno\n|-damage|p1a: Hypno|76\/100 slp\n|-boost|p2a: Skeledirge|spa|1\n|\n|-heal|p1a: Hypno|82\/100 slp|[from] item: Leftovers\n|upkeep\n|turn|13\n|\n|t:|1699907387\n|cant|p1a: Hypno|slp\n|move|p2a: Skeledirge|Hex|p1a: Hypno\n|-supereffective|p1a: Hypno\n|-damage|p1a: Hypno|0 fnt\n|faint|p1a: Hypno\n|\n|upkeep\n|\n|t:|1699907469\n|switch|p1a: Krookodile|Krookodile, F, shiny|39\/100\n|turn|14\n|\n|t:|1699907585\n|switch|p2a: Hydreigon|Hydreigon, M, shiny|7\/100\n|move|p1a: Krookodile|Earthquake|p2a: Hydreigon\n|-immune|p2a: Hydreigon|[from] ability: Levitate\n|\n|upkeep\n|turn|15\n|\n|t:|1699907603\n|switch|p1a: Cloyster|Cloyster, F|54\/100\n|move|p2a: Hydreigon|Fire Blast|p1a: Cloyster\n|-damage|p1a: Cloyster|0 fnt\n|faint|p1a: Cloyster\n|\n|upkeep\n|\n|t:|1699907610\n|switch|p1a: Krookodile|Krookodile, F, shiny|39\/100\n|turn|16\n|\n|t:|1699907617\n|switch|p2a: Corviknight|Corviknight, M, shiny|69\/100\n|move|p1a: Krookodile|Close Combat|p2a: Corviknight\n|-damage|p2a: Corviknight|46\/100\n|-unboost|p1a: Krookodile|def|1\n|-unboost|p1a: Krookodile|spd|1\n|\n|-heal|p2a: Corviknight|53\/100|[from] item: Leftovers\n|upkeep\n|turn|17\n|\n|t:|1699907627\n|switch|p1a: Magnezone|Magnezone|93\/100\n|move|p2a: Corviknight|Roost|p2a: Corviknight\n|-heal|p2a: Corviknight|100\/100\n|-singleturn|p2a: Corviknight|move: Roost\n|\n|upkeep\n|turn|18\n|\n|t:|1699907652\n|move|p1a: Magnezone|Thunderbolt|p2a: Corviknight\n|-supereffective|p2a: Corviknight\n|-damage|p2a: Corviknight|0 fnt\n|faint|p2a: Corviknight\n|\n|upkeep\n|\n|t:|1699907662\n|switch|p2a: Skeledirge|Skeledirge, M, shiny, tera:Fire|97\/100\n|turn|19\n|\n|t:|1699907667\n|switch|p1a: Krookodile|Krookodile, F, shiny|39\/100\n|move|p2a: Skeledirge|Will-O-Wisp|p1a: Krookodile\n|-status|p1a: Krookodile|brn\n|\n|-damage|p1a: Krookodile|33\/100 brn|[from] brn\n|upkeep\n|turn|20\n|\n|t:|1699907680\n|switch|p2a: Dragapult|Dragapult, M, shiny|100\/100\n|move|p1a: Krookodile|Gunk Shot|p2a: Dragapult|[miss]\n|-miss|p1a: Krookodile|p2a: Dragapult\n|\n|-damage|p1a: Krookodile|27\/100 brn|[from] brn\n|upkeep\n|turn|21\n|\n|t:|1699907691\n|move|p1a: Krookodile|Gunk Shot|p2a: Dragapult\n|-resisted|p2a: Dragapult\n|-damage|p2a: Dragapult|88\/100\n|move|p2a: Dragapult|Dragon Dance|p2a: Dragapult\n|-boost|p2a: Dragapult|atk|1\n|-boost|p2a: Dragapult|spe|1\n|\n|-damage|p1a: Krookodile|21\/100 brn|[from] brn\n|upkeep\n|turn|22\n|\n|t:|1699907713\n|move|p2a: Dragapult|Dragon Dance|p2a: Dragapult\n|-boost|p2a: Dragapult|atk|1\n|-boost|p2a: Dragapult|spe|1\n|move|p1a: Krookodile|Gunk Shot|p2a: Dragapult\n|-resisted|p2a: Dragapult\n|-damage|p2a: Dragapult|75\/100\n|\n|-damage|p1a: Krookodile|15\/100 brn|[from] brn\n|upkeep\n|turn|23\n|\n|t:|1699907721\n|move|p2a: Dragapult|Dragon Darts|p1a: Krookodile\n|-damage|p1a: Krookodile|0 fnt\n|faint|p1a: Krookodile\n|\n|upkeep\n|\n|t:|1699907726\n|switch|p1a: Shaymin|Shaymin|100\/100\n|turn|24\n|\n|t:|1699907744\n|move|p2a: Dragapult|Dragon Darts|p1a: Shaymin\n|-damage|p1a: Shaymin|44\/100\n|-anim|p2a: Dragapult|Dragon Darts|p1a: Shaymin\n|-damage|p1a: Shaymin|0 fnt\n|faint|p1a: Shaymin\n|\n|upkeep\n|\n|t:|1699907751\n|switch|p1a: Salamence|Salamence, M, shiny|100\/100\n|turn|25\n|\n|t:|1699907762\n|move|p2a: Dragapult|Dragon Darts|p1a: Salamence\n|-supereffective|p1a: Salamence\n|-damage|p1a: Salamence|0 fnt\n|faint|p1a: Salamence\n|\n|upkeep\n|\n|t:|1699907768\n|switch|p1a: Magnezone|Magnezone|93\/100\n|turn|26\n|\n|t:|1699907774\n|-terastallize|p1a: Magnezone|Fairy\n|move|p2a: Dragapult|Dragon Darts|p1a: Magnezone\n|-immune|p1a: Magnezone\n|move|p1a: Magnezone|Tera Blast|p2a: Dragapult|[anim] Tera Blast Fairy\n|-supereffective|p2a: Dragapult\n|-damage|p2a: Dragapult|0 fnt\n|faint|p2a: Dragapult\n|\n|upkeep\n|\n|t:|1699907783\n|switch|p2a: Skeledirge|Skeledirge, M, shiny, tera:Fire|97\/100\n|turn|27\n|\n|t:|1699907786\n|move|p1a: Magnezone|Tera Blast|p2a: Skeledirge|[anim] Tera Blast Fairy\n|-resisted|p2a: Skeledirge\n|-damage|p2a: Skeledirge|74\/100\n|move|p2a: Skeledirge|Torch Song|p1a: Magnezone\n|-damage|p1a: Magnezone|44\/100\n|-boost|p2a: Skeledirge|spa|1\n|\n|upkeep\n|turn|28\n|\n|t:|1699907794\n|move|p1a: Magnezone|Tera Blast|p2a: Skeledirge|[anim] Tera Blast Fairy\n|-resisted|p2a: Skeledirge\n|-damage|p2a: Skeledirge|48\/100\n|move|p2a: Skeledirge|Torch Song|p1a: Magnezone\n|-damage|p1a: Magnezone|0 fnt\n|-boost|p2a: Skeledirge|spa|1\n|faint|p1a: Magnezone\n|\n|win|Joshlp00\n","uploadtime":1699907202,"views":8,"p1id":"cloudyorangejuice","p2id":"joshlp00","formatid":"gen9ou","rating":0,"private":0,"password":""}