{"id":"gen9ou-1992676111","p1":"xklootzakx","p2":"vailorn","format":"[Gen 9] OU","log":"|j|\u2606xklootzakx\n|j|\u2606vailorn\n|t:|1700223913\n|gametype|singles\n|player|p1|xklootzakx|1|1296\n|player|p2|vailorn|rood|1333\n|teamsize|p1|6\n|teamsize|p2|6\n|gen|9\n|tier|[Gen 9] OU\n|rated|\n|rule|Sleep Clause Mod: Limit one foe put to sleep\n|rule|Species Clause: Limit one of each Pok\u00e9mon\n|rule|OHKO Clause: OHKO moves are banned\n|rule|Evasion Items Clause: Evasion items are banned\n|rule|Evasion Moves Clause: Evasion moves are banned\n|rule|Endless Battle Clause: Forcing endless battles is banned\n|rule|HP Percentage Mod: HP is shown in percentages\n|clearpoke\n|poke|p1|Fezandipiti, M|\n|poke|p1|Torterra, M|\n|poke|p1|Corviknight, F|\n|poke|p1|Chandelure, M|\n|poke|p1|Ninetales-Alola, F|\n|poke|p1|Crawdaunt, F|\n|poke|p2|Blissey, F|\n|poke|p2|Amoonguss, M|\n|poke|p2|Dondozo, F|\n|poke|p2|Talonflame, M|\n|poke|p2|Clodsire, M|\n|poke|p2|Alomomola, M|\n|teampreview\n|inactive|Battle timer is ON: inactive players will automatically lose when time's up. (requested by xklootzakx)\n|\n|t:|1700223929\n|start\n|switch|p1a: Meh|Fezandipiti, M|100\/100\n|switch|p2a: Clodsire|Clodsire, M|100\/100\n|turn|1\n|\n|t:|1700223936\n|move|p1a: Meh|U-turn|p2a: Clodsire\n|-resisted|p2a: Clodsire\n|-damage|p2a: Clodsire|92\/100\n|\n|t:|1700223947\n|switch|p1a: Angel|Ninetales-Alola, F|100\/100|[from] U-turn\n|-weather|Snow|[from] ability: Snow Warning|[of] p1a: Angel\n|move|p2a: Clodsire|Spikes|p1a: Angel\n|-sidestart|p1: xklootzakx|Spikes\n|\n|-weather|Snow|[upkeep]\n|upkeep\n|turn|2\n|\n|t:|1700223949\n|move|p1a: Angel|Aurora Veil|p1a: Angel\n|-sidestart|p1: xklootzakx|move: Aurora Veil\n|move|p2a: Clodsire|Toxic|p1a: Angel\n|-status|p1a: Angel|tox\n|\n|-weather|Snow|[upkeep]\n|-damage|p1a: Angel|95\/100 tox|[from] psn\n|upkeep\n|turn|3\n|\n|t:|1700223959\n|move|p1a: Angel|Blizzard|p2a: Clodsire\n|-supereffective|p2a: Clodsire\n|-damage|p2a: Clodsire|47\/100\n|move|p2a: Clodsire|Spikes|p1a: Angel\n|-sidestart|p1: xklootzakx|Spikes\n|\n|-weather|Snow|[upkeep]\n|-damage|p1a: Angel|83\/100 tox|[from] psn\n|upkeep\n|turn|4\n|\n|t:|1700223966\n|move|p1a: Angel|Blizzard|p2a: Clodsire\n|-supereffective|p2a: Clodsire\n|-damage|p2a: Clodsire|1\/100\n|move|p2a: Clodsire|Rest|p2a: Clodsire\n|-status|p2a: Clodsire|slp|[from] move: Rest\n|-heal|p2a: Clodsire|100\/100 slp|[silent]\n|\n|-weather|Snow|[upkeep]\n|-damage|p1a: Angel|65\/100 tox|[from] psn\n|upkeep\n|turn|5\n|\n|t:|1700223973\n|switch|p1a: Silvera|Corviknight, F|100\/100\n|switch|p2a: Blissey|Blissey, F|100\/100\n|\n|-weather|none\n|upkeep\n|turn|6\n|\n|t:|1700223978\n|move|p1a: Silvera|Defog|p2a: Blissey\n|-unboost|p2a: Blissey|evasion|1\n|-sideend|p1: xklootzakx|Spikes|[from] move: Defog|[of] p1a: Silvera\n|move|p2a: Blissey|Heal Bell|p2a: Blissey\n|-activate|p2a: Blissey|move: Heal Bell\n|-curestatus|p2: Clodsire|slp|[msg]\n|\n|upkeep\n|turn|7\n|\n|t:|1700223981\n|move|p1a: Silvera|U-turn|p2a: Blissey\n|-damage|p2a: Blissey|84\/100\n|\n|t:|1700223987\n|switch|p1a: Gaia|Torterra, M|100\/100|[from] U-turn\n|move|p2a: Blissey|Stealth Rock|p1a: Gaia\n|-sidestart|p1: xklootzakx|move: Stealth Rock\n|\n|upkeep\n|turn|8\n|\n|t:|1700223991\n|switch|p2a: Talonflame|Talonflame, M, shiny|100\/100\n|move|p1a: Gaia|Shell Smash|p1a: Gaia\n|-unboost|p1a: Gaia|def|1\n|-unboost|p1a: Gaia|spd|1\n|-boost|p1a: Gaia|atk|2\n|-boost|p1a: Gaia|spa|2\n|-boost|p1a: Gaia|spe|2\n|\n|upkeep\n|turn|9\n|inactive|xklootzakx has 120 seconds left.\n|\n|t:|1700224024\n|-terastallize|p2a: Talonflame|Grass\n|move|p1a: Gaia|Rock Blast|p2a: Talonflame\n|-damage|p2a: Talonflame|86\/100\n|-damage|p2a: Talonflame|70\/100\n|-damage|p2a: Talonflame|56\/100\n|-damage|p2a: Talonflame|41\/100\n|-hitcount|p2a: Talonflame|4\n|move|p2a: Talonflame|Will-O-Wisp|p1a: Gaia\n|-status|p1a: Gaia|brn\n|\n|-damage|p1a: Gaia|94\/100 brn|[from] brn\n|-sideend|p1: xklootzakx|move: Aurora Veil\n|upkeep\n|turn|10\n|inactive|xklootzakx has 120 seconds left.\n|\n|t:|1700224035\n|move|p1a: Gaia|Bullet Seed|p2a: Talonflame\n|-resisted|p2a: Talonflame\n|-damage|p2a: Talonflame|35\/100\n|-resisted|p2a: Talonflame\n|-damage|p2a: Talonflame|30\/100\n|-resisted|p2a: Talonflame\n|-damage|p2a: Talonflame|25\/100\n|-resisted|p2a: Talonflame\n|-damage|p2a: Talonflame|20\/100\n|-resisted|p2a: Talonflame\n|-damage|p2a: Talonflame|14\/100\n|-hitcount|p2a: Talonflame|5\n|move|p2a: Talonflame|Roost|p2a: Talonflame\n|-heal|p2a: Talonflame|64\/100\n|\n|-damage|p1a: Gaia|88\/100 brn|[from] brn\n|upkeep\n|turn|11\n|\n|t:|1700224040\n|move|p1a: Gaia|Shell Smash|p1a: Gaia\n|-unboost|p1a: Gaia|def|1\n|-unboost|p1a: Gaia|spd|1\n|-boost|p1a: Gaia|atk|2\n|-boost|p1a: Gaia|spa|2\n|-boost|p1a: Gaia|spe|2\n|move|p2a: Talonflame|Roost|p2a: Talonflame\n|-heal|p2a: Talonflame|100\/100\n|\n|-damage|p1a: Gaia|82\/100 brn|[from] brn\n|upkeep\n|turn|12\n|\n|t:|1700224052\n|move|p1a: Gaia|Rock Blast|p2a: Talonflame\n|-damage|p2a: Talonflame|89\/100\n|-damage|p2a: Talonflame|80\/100\n|-damage|p2a: Talonflame|69\/100\n|-damage|p2a: Talonflame|58\/100\n|-damage|p2a: Talonflame|47\/100\n|-hitcount|p2a: Talonflame|5\n|move|p2a: Talonflame|U-turn|p1a: Gaia\n|-supereffective|p1a: Gaia\n|-damage|p1a: Gaia|30\/100 brn\n|\n|t:|1700224066\n|switch|p2a: Dondozo|Dondozo, F, shiny|100\/100|[from] U-turn\n|\n|-damage|p1a: Gaia|24\/100 brn|[from] brn\n|upkeep\n|turn|13\n|\n|t:|1700224074\n|move|p1a: Gaia|Bullet Seed|p2a: Dondozo\n|-supereffective|p2a: Dondozo\n|-damage|p2a: Dondozo|93\/100\n|-supereffective|p2a: Dondozo\n|-damage|p2a: Dondozo|85\/100\n|-supereffective|p2a: Dondozo\n|-damage|p2a: Dondozo|78\/100\n|-supereffective|p2a: Dondozo\n|-damage|p2a: Dondozo|69\/100\n|-hitcount|p2a: Dondozo|4\n|move|p2a: Dondozo|Waterfall|p1a: Gaia\n|-damage|p1a: Gaia|0 fnt\n|faint|p1a: Gaia\n|\n|upkeep\n|\n|t:|1700224080\n|switch|p1a: Silvera|Corviknight, F|100\/100\n|-damage|p1a: Silvera|88\/100|[from] Stealth Rock\n|turn|14\n|\n|t:|1700224082\n|switch|p2a: Talonflame|Talonflame, M, shiny, tera:Grass|47\/100\n|move|p1a: Silvera|Defog|p2a: Talonflame\n|-unboost|p2a: Talonflame|evasion|1\n|-sideend|p1: xklootzakx|Stealth Rock|[from] move: Defog|[of] p1a: Silvera\n|\n|upkeep\n|turn|15\n|\n|t:|1700224085\n|switch|p1a: Tera Fire|Chandelure, M, shiny|100\/100\n|move|p2a: Talonflame|Roost|p2a: Talonflame\n|-heal|p2a: Talonflame|97\/100\n|\n|upkeep\n|turn|16\n|\n|t:|1700224101\n|switch|p2a: Blissey|Blissey, F|84\/100\n|move|p1a: Tera Fire|Fire Blast|p2a: Blissey|[miss]\n|-miss|p1a: Tera Fire|p2a: Blissey\n|\n|upkeep\n|turn|17\n|\n|t:|1700224106\n|switch|p1a: Meh|Fezandipiti, M|100\/100\n|move|p2a: Blissey|Stealth Rock|p1a: Meh\n|-sidestart|p1: xklootzakx|move: Stealth Rock\n|\n|upkeep\n|turn|18\n|\n|t:|1700224109\n|switch|p2a: Clodsire|Clodsire, M|100\/100\n|move|p1a: Meh|U-turn|p2a: Clodsire\n|-resisted|p2a: Clodsire\n|-damage|p2a: Clodsire|92\/100\n|\n|t:|1700224113\n|switch|p1a: Silvera|Corviknight, F|88\/100|[from] U-turn\n|-damage|p1a: Silvera|76\/100|[from] Stealth Rock\n|\n|upkeep\n|turn|19\n|\n|t:|1700224120\n|move|p1a: Silvera|Defog|p2a: Clodsire\n|-unboost|p2a: Clodsire|evasion|1\n|-sideend|p1: xklootzakx|Stealth Rock|[from] move: Defog|[of] p1a: Silvera\n|move|p2a: Clodsire|Spikes|p1a: Silvera\n|-sidestart|p1: xklootzakx|Spikes\n|\n|upkeep\n|turn|20\n|\n|t:|1700224125\n|move|p1a: Silvera|Defog|p2a: Clodsire\n|-unboost|p2a: Clodsire|evasion|1\n|-sideend|p1: xklootzakx|Spikes|[from] move: Defog|[of] p1a: Silvera\n|move|p2a: Clodsire|Spikes|p1a: Silvera\n|-sidestart|p1: xklootzakx|Spikes\n|\n|upkeep\n|turn|21\n|\n|t:|1700224129\n|move|p1a: Silvera|U-turn|p2a: Clodsire\n|-resisted|p2a: Clodsire\n|-damage|p2a: Clodsire|84\/100\n|\n|t:|1700224132\n|switch|p1a: BDSP OU|Crawdaunt, F|100\/100|[from] U-turn\n|-damage|p1a: BDSP OU|88\/100|[from] Spikes\n|move|p2a: Clodsire|Spikes|p1a: BDSP OU\n|-sidestart|p1: xklootzakx|Spikes\n|\n|upkeep\n|turn|22\n|\n|t:|1700224140\n|switch|p2a: Talonflame|Talonflame, M, shiny, tera:Grass|97\/100\n|move|p1a: BDSP OU|Knock Off|p2a: Talonflame\n|-damage|p2a: Talonflame|35\/100\n|-enditem|p2a: Talonflame|Heavy-Duty Boots|[from] move: Knock Off|[of] p1a: BDSP OU\n|\n|upkeep\n|turn|23\n|\n|t:|1700224145\n|move|p2a: Talonflame|Roost|p2a: Talonflame\n|-heal|p2a: Talonflame|85\/100\n|move|p1a: BDSP OU|Knock Off|p2a: Talonflame\n|-damage|p2a: Talonflame|44\/100\n|\n|upkeep\n|turn|24\n|\n|t:|1700224150\n|move|p2a: Talonflame|Roost|p2a: Talonflame\n|-heal|p2a: Talonflame|94\/100\n|move|p1a: BDSP OU|Dragon Dance|p1a: BDSP OU\n|-boost|p1a: BDSP OU|atk|1\n|-boost|p1a: BDSP OU|spe|1\n|\n|upkeep\n|turn|25\n|\n|t:|1700224154\n|move|p1a: BDSP OU|Knock Off|p2a: Talonflame\n|-damage|p2a: Talonflame|35\/100\n|move|p2a: Talonflame|Will-O-Wisp|p1a: BDSP OU\n|-status|p1a: BDSP OU|brn\n|\n|-damage|p1a: BDSP OU|82\/100 brn|[from] brn\n|upkeep\n|turn|26\n|\n|t:|1700224158\n|move|p1a: BDSP OU|Knock Off|p2a: Talonflame\n|-damage|p2a: Talonflame|5\/100\n|move|p2a: Talonflame|Roost|p2a: Talonflame\n|-heal|p2a: Talonflame|55\/100\n|\n|-damage|p1a: BDSP OU|76\/100 brn|[from] brn\n|upkeep\n|turn|27\n|-message|xklootzakx forfeited.\n|\n|win|vailorn\n|raw|xklootzakx's rating: 1296 &rarr; <strong>1274<\/strong><br \/>(-22 for losing)\n|raw|vailorn's rating: 1333 &rarr; <strong>1351<\/strong><br \/>(+18 for winning)\n|l|\u2606xklootzakx\n","uploadtime":1700224175,"views":9,"p1id":"xklootzakx","p2id":"vailorn","formatid":"gen9ou","rating":1274,"private":0,"password":""}