{"id":"gen9ou-1999548799","p1":"Monchieri","p2":"PSLArkanine","format":"[Gen 9] OU","log":"|j|\u2606Monchieri\n|j|\u2606PSLArkanine\n|t:|1701095018\n|gametype|singles\n|player|p1|Monchieri|harlequin|1109\n|player|p2|PSLArkanine|ethan|1039\n|teamsize|p1|6\n|teamsize|p2|6\n|gen|9\n|tier|[Gen 9] OU\n|rated|\n|rule|Sleep Clause Mod: Limit one foe put to sleep\n|rule|Species Clause: Limit one of each Pok\u00e9mon\n|rule|OHKO Clause: OHKO moves are banned\n|rule|Evasion Items Clause: Evasion items are banned\n|rule|Evasion Moves Clause: Evasion moves are banned\n|rule|Endless Battle Clause: Forcing endless battles is banned\n|rule|HP Percentage Mod: HP is shown in percentages\n|clearpoke\n|poke|p1|Infernape, F|\n|poke|p1|Rillaboom, F|\n|poke|p1|Zarude|\n|poke|p1|Munkidori, M|\n|poke|p1|Ambipom, M|\n|poke|p1|Grafaiai, F|\n|poke|p2|Arcanine, M|\n|poke|p2|Gardevoir, M|\n|poke|p2|Milotic, F|\n|poke|p2|Dragapult, M|\n|poke|p2|Haunter, F|\n|poke|p2|Ninetales-Alola, F|\n|teampreview\n|\n|t:|1701095026\n|start\n|switch|p1a: Infernape|Infernape, F|100\/100\n|switch|p2a: Ninetales|Ninetales-Alola, F|100\/100\n|-weather|Snow|[from] ability: Snow Warning|[of] p2a: Ninetales\n|turn|1\n|\n|t:|1701095035\n|move|p2a: Ninetales|Aurora Veil|p2a: Ninetales\n|-sidestart|p2: PSLArkanine|move: Aurora Veil\n|move|p1a: Infernape|Fire Punch|p2a: Ninetales\n|-supereffective|p2a: Ninetales\n|-damage|p2a: Ninetales|64\/100\n|\n|-weather|Snow|[upkeep]\n|upkeep\n|turn|2\n|\n|t:|1701095044\n|move|p2a: Ninetales|Moonblast|p1a: Infernape\n|-damage|p1a: Infernape|60\/100\n|move|p1a: Infernape|Stealth Rock|p2a: Ninetales\n|-sidestart|p2: PSLArkanine|move: Stealth Rock\n|\n|-weather|Snow|[upkeep]\n|upkeep\n|turn|3\n|\n|t:|1701095053\n|move|p2a: Ninetales|Encore|p1a: Infernape\n|-start|p1a: Infernape|Encore\n|move|p1a: Infernape|Stealth Rock||[still]\n|-fail|p1a: Infernape\n|\n|-weather|Snow|[upkeep]\n|upkeep\n|turn|4\n|\n|t:|1701095059\n|move|p2a: Ninetales|Moonblast|p1a: Infernape\n|-damage|p1a: Infernape|15\/100\n|move|p1a: Infernape|Stealth Rock||[still]\n|-fail|p1a: Infernape\n|\n|-weather|Snow|[upkeep]\n|upkeep\n|turn|5\n|\n|t:|1701095066\n|switch|p1a: Munkidori|Munkidori, M|100\/100\n|move|p2a: Ninetales|Moonblast|p1a: Munkidori\n|-resisted|p1a: Munkidori\n|-damage|p1a: Munkidori|83\/100\n|\n|-weather|none\n|-sideend|p2: PSLArkanine|move: Aurora Veil\n|upkeep\n|turn|6\n|\n|t:|1701095078\n|move|p2a: Ninetales|Aurora Veil||[still]\n|-fail|p2a: Ninetales\n|move|p1a: Munkidori|Sludge Wave|p2a: Ninetales\n|-supereffective|p2a: Ninetales\n|-damage|p2a: Ninetales|0 fnt\n|faint|p2a: Ninetales\n|\n|upkeep\n|\n|t:|1701095089\n|switch|p2a: Haunter|Haunter, F|100\/100\n|-damage|p2a: Haunter|88\/100|[from] Stealth Rock\n|turn|7\n|\n|t:|1701095097\n|switch|p1a: Infernape|Infernape, F|15\/100\n|move|p2a: Haunter|Skill Swap|p1a: Infernape\n|-activate|p2a: Haunter|move: Skill Swap|Iron Fist|Levitate|[of] p1a: Infernape\n|\n|upkeep\n|turn|8\n|\n|t:|1701095108\n|move|p1a: Infernape|Fire Punch|p2a: Haunter\n|-damage|p2a: Haunter|19\/100\n|move|p2a: Haunter|Toxic Spikes|p1a: Infernape\n|-sidestart|p1: Monchieri|move: Toxic Spikes\n|\n|upkeep\n|turn|9\n|\n|t:|1701095120\n|switch|p2a: Gardevoir|Gardevoir, M|100\/100\n|-damage|p2a: Gardevoir|88\/100|[from] Stealth Rock\n|-ability|p2a: Gardevoir|Levitate|[from] ability: Trace|[of] p1a: Infernape\n|move|p1a: Infernape|Fire Punch|p2a: Gardevoir\n|-damage|p2a: Gardevoir|39\/100\n|-status|p2a: Gardevoir|brn\n|\n|-damage|p2a: Gardevoir|33\/100 brn|[from] brn\n|upkeep\n|turn|10\n|inactive|Battle timer is ON: inactive players will automatically lose when time's up. (requested by PSLArkanine)\n|\n|t:|1701095132\n|move|p1a: Infernape|Fire Punch|p2a: Gardevoir\n|-damage|p2a: Gardevoir|0 fnt\n|faint|p2a: Gardevoir\n|\n|upkeep\n|\n|t:|1701095137\n|switch|p2a: Milotic|Milotic, F|100\/100\n|-damage|p2a: Milotic|88\/100|[from] Stealth Rock\n|turn|11\n|\n|t:|1701095146\n|move|p1a: Infernape|Mach Punch|p2a: Milotic\n|-damage|p2a: Milotic|75\/100\n|move|p2a: Milotic|Scald|p1a: Infernape\n|-supereffective|p1a: Infernape\n|-damage|p1a: Infernape|0 fnt\n|faint|p1a: Infernape\n|\n|-heal|p2a: Milotic|81\/100|[from] item: Leftovers\n|upkeep\n|\n|t:|1701095156\n|switch|p1a: Grafaiai|Grafaiai, F|100\/100\n|-sideend|p1: Monchieri|move: Toxic Spikes|[of] p1a: Grafaiai\n|turn|12\n|\n|t:|1701095172\n|move|p1a: Grafaiai|Gunk Shot|p2a: Milotic\n|-damage|p2a: Milotic|38\/100\n|move|p2a: Milotic|Scald|p1a: Grafaiai\n|-damage|p1a: Grafaiai|52\/100\n|-status|p1a: Grafaiai|brn\n|\n|-heal|p2a: Milotic|44\/100|[from] item: Leftovers\n|-damage|p1a: Grafaiai|46\/100 brn|[from] brn\n|upkeep\n|turn|13\n|\n|t:|1701095183\n|move|p2a: Milotic|Protect|p2a: Milotic\n|-singleturn|p2a: Milotic|Protect\n|move|p1a: Grafaiai|Gunk Shot|p2a: Milotic\n|-activate|p2a: Milotic|move: Protect\n|\n|-heal|p2a: Milotic|50\/100|[from] item: Leftovers\n|-damage|p1a: Grafaiai|40\/100 brn|[from] brn\n|upkeep\n|turn|14\n|\n|t:|1701095191\n|move|p1a: Grafaiai|Gunk Shot|p2a: Milotic\n|-damage|p2a: Milotic|29\/100\n|move|p2a: Milotic|Recover|p2a: Milotic\n|-heal|p2a: Milotic|79\/100\n|\n|-heal|p2a: Milotic|85\/100|[from] item: Leftovers\n|-damage|p1a: Grafaiai|34\/100 brn|[from] brn\n|upkeep\n|turn|15\n|\n|t:|1701095200\n|move|p1a: Grafaiai|Copycat|p1a: Grafaiai\n|move|p1a: Grafaiai|Recover|p1a: Grafaiai|[from]move: Copycat\n|-heal|p1a: Grafaiai|84\/100 brn\n|move|p2a: Milotic|Scald|p1a: Grafaiai\n|-crit|p1a: Grafaiai\n|-damage|p1a: Grafaiai|3\/100 brn\n|\n|-heal|p2a: Milotic|91\/100|[from] item: Leftovers\n|-damage|p1a: Grafaiai|0 fnt|[from] brn\n|faint|p1a: Grafaiai\n|upkeep\n|\n|t:|1701095211\n|switch|p1a: Zarude|Zarude|100\/100\n|turn|16\n|\n|t:|1701095220\n|-terastallize|p1a: Zarude|Dark\n|-terastallize|p2a: Milotic|Ice\n|move|p1a: Zarude|Knock Off|p2a: Milotic\n|-damage|p2a: Milotic|18\/100\n|-enditem|p2a: Milotic|Leftovers|[from] move: Knock Off|[of] p1a: Zarude\n|move|p2a: Milotic|Ice Beam|p1a: Zarude\n|-damage|p1a: Zarude|64\/100\n|\n|upkeep\n|turn|17\n|\n|t:|1701095233\n|move|p2a: Milotic|Protect|p2a: Milotic\n|-singleturn|p2a: Milotic|Protect\n|move|p1a: Zarude|Knock Off|p2a: Milotic\n|-activate|p2a: Milotic|move: Protect\n|\n|upkeep\n|turn|18\n|\n|t:|1701095258\n|move|p1a: Zarude|Knock Off|p2a: Milotic\n|-damage|p2a: Milotic|0 fnt\n|faint|p2a: Milotic\n|\n|upkeep\n|\n|t:|1701095265\n|switch|p2a: Dragapult|Dragapult, M|100\/100\n|-damage|p2a: Dragapult|88\/100|[from] Stealth Rock\n|turn|19\n|\n|t:|1701095271\n|move|p2a: Dragapult|Phantom Force||[still]\n|-prepare|p2a: Dragapult|Phantom Force\n|move|p1a: Zarude|Knock Off|p2a: Dragapult|[miss]\n|-miss|p1a: Zarude|p2a: Dragapult\n|\n|upkeep\n|turn|20\n|\n|t:|1701095276\n|move|p2a: Dragapult|Phantom Force|p1a: Zarude|[from]lockedmove\n|-resisted|p1a: Zarude\n|-damage|p1a: Zarude|42\/100\n|move|p1a: Zarude|Knock Off|p2a: Dragapult\n|-supereffective|p2a: Dragapult\n|-damage|p2a: Dragapult|0 fnt\n|-enditem|p2a: Dragapult|Focus Sash|[from] move: Knock Off|[of] p1a: Zarude\n|faint|p2a: Dragapult\n|\n|upkeep\n|\n|t:|1701095283\n|switch|p2a: Arcanine|Arcanine, M, shiny|100\/100\n|-damage|p2a: Arcanine|75\/100|[from] Stealth Rock\n|-ability|p2a: Arcanine|Intimidate|boost\n|-unboost|p1a: Zarude|atk|1\n|turn|21\n|\n|t:|1701095290\n|switch|p1a: Ambipom|Ambipom, M|100\/100\n|move|p2a: Arcanine|Flare Blitz|p1a: Ambipom\n|-damage|p1a: Ambipom|27\/100\n|-damage|p2a: Arcanine|57\/100|[from] Recoil\n|\n|upkeep\n|turn|22\n|\n|t:|1701095297\n|move|p1a: Ambipom|Fake Out|p2a: Arcanine\n|-damage|p2a: Arcanine|30\/100\n|cant|p2a: Arcanine|flinch\n|\n|upkeep\n|turn|23\n|\n|t:|1701095302\n|move|p1a: Ambipom|Knock Off|p2a: Arcanine\n|-damage|p2a: Arcanine|0 fnt\n|-enditem|p2a: Arcanine|Aguav Berry|[from] move: Knock Off|[of] p1a: Ambipom\n|faint|p2a: Arcanine\n|\n|upkeep\n|\n|t:|1701095305\n|switch|p2a: Haunter|Haunter, F|19\/100\n|-damage|p2a: Haunter|6\/100|[from] Stealth Rock\n|turn|24\n|\n|t:|1701095309\n|move|p1a: Ambipom|Knock Off|p2a: Haunter\n|-supereffective|p2a: Haunter\n|-damage|p2a: Haunter|0 fnt\n|-enditem|p2a: Haunter|Focus Sash|[from] move: Knock Off|[of] p1a: Ambipom\n|faint|p2a: Haunter\n|\n|win|Monchieri\n|raw|Monchieri's rating: 1109 &rarr; <strong>1129<\/strong><br \/>(+20 for winning)\n|raw|PSLArkanine's rating: 1039 &rarr; <strong>1026<\/strong><br \/>(-13 for losing)\n|l|\u2606PSLArkanine\n","uploadtime":1701095318,"views":8,"p1id":"monchieri","p2id":"pslarkanine","formatid":"gen9ou","rating":1026,"private":0,"password":""}