{"id":"gen9ou-1988992620","p1":"PsiKowboj","p2":"llilly_117","format":"[Gen 9] OU","log":"|j|\u2606PsiKowboj\n|j|\u2606llilly_117\n|t:|1699799519\n|gametype|singles\n|player|p1|PsiKowboj|rocketgrunt|1352\n|player|p2|llilly_117|unknown|1351\n|teamsize|p1|6\n|teamsize|p2|6\n|gen|9\n|tier|[Gen 9] OU\n|rated|\n|rule|Sleep Clause Mod: Limit one foe put to sleep\n|rule|Species Clause: Limit one of each Pok\u00e9mon\n|rule|OHKO Clause: OHKO moves are banned\n|rule|Evasion Items Clause: Evasion items are banned\n|rule|Evasion Moves Clause: Evasion moves are banned\n|rule|Endless Battle Clause: Forcing endless battles is banned\n|rule|HP Percentage Mod: HP is shown in percentages\n|clearpoke\n|poke|p1|Ceruledge, M|\n|poke|p1|Iron Moth|\n|poke|p1|Great Tusk|\n|poke|p1|Torkoal, M|\n|poke|p1|Walking Wake|\n|poke|p1|Enamorus, F|\n|poke|p2|Cinderace, M|\n|poke|p2|Clodsire, F|\n|poke|p2|Espeon, M|\n|poke|p2|Ogerpon-Cornerstone, F|\n|poke|p2|Slowking-Galar, M|\n|poke|p2|Kingambit, F|\n|teampreview\n|\n|t:|1699799536\n|start\n|switch|p1a: dragon dance|Walking Wake|100\/100\n|switch|p2a: Espeon|Espeon, M|100\/100\n|turn|1\n|\n|t:|1699799543\n|move|p2a: Espeon|Dazzling Gleam|p1a: dragon dance\n|-supereffective|p1a: dragon dance\n|-damage|p1a: dragon dance|10\/100\n|move|p1a: dragon dance|Draco Meteor|p2a: Espeon\n|-damage|p2a: Espeon|0 fnt\n|-unboost|p1a: dragon dance|spa|2\n|faint|p2a: Espeon\n|\n|upkeep\n|\n|t:|1699799552\n|switch|p2a: Ogerpon|Ogerpon-Cornerstone, F|100\/100\n|turn|2\n|\n|t:|1699799560\n|move|p1a: dragon dance|Draco Meteor|p2a: Ogerpon|[miss]\n|-miss|p1a: dragon dance|p2a: Ogerpon\n|move|p2a: Ogerpon|Swords Dance|p2a: Ogerpon\n|-boost|p2a: Ogerpon|atk|2\n|\n|upkeep\n|turn|3\n|\n|t:|1699799564\n|move|p1a: dragon dance|Draco Meteor|p2a: Ogerpon\n|-damage|p2a: Ogerpon|44\/100\n|-unboost|p1a: dragon dance|spa|2\n|move|p2a: Ogerpon|Trailblaze|p1a: dragon dance\n|-damage|p1a: dragon dance|0 fnt\n|-boost|p2a: Ogerpon|spe|1\n|faint|p1a: dragon dance\n|-end|p1a: dragon dance|Protosynthesis|[silent]\n|\n|upkeep\n|c|\u2606PsiKowboj|damn\n|\n|t:|1699799583\n|switch|p1a: choice scarf rocks|Torkoal, M|100\/100\n|-weather|SunnyDay|[from] ability: Drought|[of] p1a: choice scarf rocks\n|turn|4\n|\n|t:|1699799590\n|switch|p1a: good tooth|Great Tusk|100\/100\n|-activate|p1a: good tooth|ability: Protosynthesis\n|-start|p1a: good tooth|protosynthesisdef\n|move|p2a: Ogerpon|Ivy Cudgel|p1a: good tooth\n|-resisted|p1a: good tooth\n|-damage|p1a: good tooth|90\/100\n|\n|-weather|SunnyDay|[upkeep]\n|upkeep\n|turn|5\n|\n|t:|1699799597\n|move|p2a: Ogerpon|Trailblaze|p1a: good tooth\n|-supereffective|p1a: good tooth\n|-damage|p1a: good tooth|42\/100\n|-boost|p2a: Ogerpon|spe|1\n|-damage|p2a: Ogerpon|27\/100|[from] item: Rocky Helmet|[of] p1a: good tooth\n|move|p1a: good tooth|Body Press|p2a: Ogerpon\n|-supereffective|p2a: Ogerpon\n|-damage|p2a: Ogerpon|0 fnt\n|faint|p2a: Ogerpon\n|\n|-weather|SunnyDay|[upkeep]\n|upkeep\n|\n|t:|1699799609\n|switch|p2a: Cinderace|Cinderace, M|100\/100\n|turn|6\n|\n|t:|1699799629\n|move|p2a: Cinderace|Pyro Ball|p1a: good tooth|[miss]\n|-miss|p2a: Cinderace|p1a: good tooth\n|move|p1a: good tooth|Headlong Rush|p2a: Cinderace\n|-supereffective|p2a: Cinderace\n|-damage|p2a: Cinderace|0 fnt\n|-unboost|p1a: good tooth|def|1\n|-unboost|p1a: good tooth|spd|1\n|faint|p2a: Cinderace\n|\n|-weather|SunnyDay|[upkeep]\n|upkeep\n|\n|t:|1699799642\n|switch|p2a: Clodsire|Clodsire, F|100\/100\n|turn|7\n|\n|t:|1699799647\n|move|p1a: good tooth|Headlong Rush|p2a: Clodsire\n|-supereffective|p2a: Clodsire\n|-damage|p2a: Clodsire|15\/100\n|-unboost|p1a: good tooth|def|1\n|-unboost|p1a: good tooth|spd|1\n|move|p2a: Clodsire|Stealth Rock|p1a: good tooth\n|-sidestart|p1: PsiKowboj|move: Stealth Rock\n|\n|-weather|SunnyDay|[upkeep]\n|-heal|p2a: Clodsire|21\/100|[from] item: Leftovers\n|upkeep\n|turn|8\n|\n|t:|1699799651\n|move|p1a: good tooth|Rapid Spin|p2a: Clodsire\n|-damage|p2a: Clodsire|9\/100\n|-boost|p1a: good tooth|spe|1\n|-sideend|p1: PsiKowboj|Stealth Rock|[from] move: Rapid Spin|[of] p1a: good tooth\n|move|p2a: Clodsire|Earthquake|p1a: good tooth\n|-damage|p1a: good tooth|33\/100\n|\n|-weather|SunnyDay|[upkeep]\n|-heal|p2a: Clodsire|15\/100|[from] item: Leftovers\n|upkeep\n|turn|9\n|\n|t:|1699799656\n|move|p1a: good tooth|Headlong Rush|p2a: Clodsire\n|-supereffective|p2a: Clodsire\n|-crit|p2a: Clodsire\n|-damage|p2a: Clodsire|0 fnt\n|-unboost|p1a: good tooth|def|1\n|-unboost|p1a: good tooth|spd|1\n|faint|p2a: Clodsire\n|\n|-weather|SunnyDay|[upkeep]\n|upkeep\n|\n|t:|1699799659\n|switch|p2a: Slowking|Slowking-Galar, M|100\/100\n|turn|10\n|\n|t:|1699799663\n|move|p1a: good tooth|Headlong Rush|p2a: Slowking\n|-supereffective|p2a: Slowking\n|-damage|p2a: Slowking|9\/100\n|-unboost|p1a: good tooth|def|1\n|-unboost|p1a: good tooth|spd|1\n|move|p2a: Slowking|Future Sight|p1a: good tooth\n|-start|p2a: Slowking|move: Future Sight\n|\n|-weather|SunnyDay|[upkeep]\n|upkeep\n|turn|11\n|\n|t:|1699799668\n|move|p1a: good tooth|Headlong Rush|p2a: Slowking\n|-supereffective|p2a: Slowking\n|-damage|p2a: Slowking|0 fnt\n|-unboost|p1a: good tooth|def|1\n|-unboost|p1a: good tooth|spd|1\n|faint|p2a: Slowking\n|\n|-weather|none\n|-end|p1a: good tooth|Protosynthesis\n|upkeep\n|\n|t:|1699799671\n|switch|p2a: Kingambit|Kingambit, F|100\/100\n|-activate|p2a: Kingambit|ability: Supreme Overlord\n|-start|p2a: Kingambit|fallen5|[silent]\n|turn|12\n|c|\u2606PsiKowboj|so like\n|\n|t:|1699799676\n|-end|p1a: good tooth|Protosynthesis|[silent]\n|switch|p1a: choice scarf rocks|Torkoal, M|100\/100\n|-weather|SunnyDay|[from] ability: Drought|[of] p1a: choice scarf rocks\n|move|p2a: Kingambit|Sucker Punch||[still]\n|-fail|p2a: Kingambit\n|\n|-weather|SunnyDay|[upkeep]\n|-end|p1a: choice scarf rocks|move: Future Sight\n|-crit|p1a: choice scarf rocks\n|-damage|p1a: choice scarf rocks|0 fnt\n|faint|p1a: choice scarf rocks\n|upkeep\n|\n|t:|1699799680\n|switch|p1a: good tooth|Great Tusk|33\/100\n|-activate|p1a: good tooth|ability: Protosynthesis\n|-start|p1a: good tooth|protosynthesisdef\n|turn|13\n|\n|t:|1699799684\n|-terastallize|p2a: Kingambit|Fire\n|move|p1a: good tooth|Body Press|p2a: Kingambit\n|-damage|p2a: Kingambit|62\/100\n|move|p2a: Kingambit|Swords Dance|p2a: Kingambit\n|-boost|p2a: Kingambit|atk|2\n|\n|-weather|SunnyDay|[upkeep]\n|-heal|p2a: Kingambit|69\/100|[from] item: Leftovers\n|upkeep\n|turn|14\n|\n|t:|1699799691\n|move|p2a: Kingambit|Sucker Punch|p1a: good tooth\n|-resisted|p1a: good tooth\n|-damage|p1a: good tooth|9\/100\n|-damage|p2a: Kingambit|52\/100|[from] item: Rocky Helmet|[of] p1a: good tooth\n|move|p1a: good tooth|Headlong Rush|p2a: Kingambit\n|-supereffective|p2a: Kingambit\n|-damage|p2a: Kingambit|0 fnt\n|-unboost|p1a: good tooth|def|1\n|-unboost|p1a: good tooth|spd|1\n|faint|p2a: Kingambit\n|-end|p2a: Kingambit|fallen5|[silent]\n|\n|win|PsiKowboj\n|raw|PsiKowboj's rating: 1352 &rarr; <strong>1372<\/strong><br \/>(+20 for winning)\n|raw|llilly_117's rating: 1351 &rarr; <strong>1331<\/strong><br \/>(-20 for losing)\n|l|\u2606llilly_117\n","uploadtime":1699799701,"views":9,"p1id":"psikowboj","p2id":"llilly117","formatid":"gen9ou","rating":1331,"private":0,"password":""}