{"id":"gen9ou-1994946087","p1":"Cacahead","p2":"kirroz","format":"[Gen 9] OU","log":"|j|\u2606Cacahead\n|j|\u2606kirroz\n|t:|1700507043\n|gametype|singles\n|player|p1|Cacahead|1|1359\n|player|p2|kirroz|giovanni|1274\n|teamsize|p1|6\n|teamsize|p2|6\n|gen|9\n|tier|[Gen 9] OU\n|rated|\n|rule|Sleep Clause Mod: Limit one foe put to sleep\n|rule|Species Clause: Limit one of each Pok\u00e9mon\n|rule|OHKO Clause: OHKO moves are banned\n|rule|Evasion Items Clause: Evasion items are banned\n|rule|Evasion Moves Clause: Evasion moves are banned\n|rule|Endless Battle Clause: Forcing endless battles is banned\n|rule|HP Percentage Mod: HP is shown in percentages\n|clearpoke\n|poke|p1|Poliwrath, F|\n|poke|p1|Pelipper, M|\n|poke|p1|Overqwil, M|\n|poke|p1|Zapdos|\n|poke|p1|Rillaboom, M|\n|poke|p1|Iron Treads|\n|poke|p2|Dragonite, F|\n|poke|p2|Iron Moth|\n|poke|p2|Greninja-*, M|\n|poke|p2|Hatterene, F|\n|poke|p2|Toxapex, F|\n|poke|p2|Corviknight, M|\n|teampreview\n|inactive|Battle timer is ON: inactive players will automatically lose when time's up. (requested by Cacahead)\n|\n|t:|1700507063\n|start\n|switch|p1a: Pelipper|Pelipper, M, shiny|100\/100\n|switch|p2a: Requiem|Greninja, M, shiny|100\/100\n|-weather|RainDance|[from] ability: Drizzle|[of] p1a: Pelipper\n|turn|1\n|\n|t:|1700507080\n|switch|p1a: Overqwil|Overqwil, M|100\/100\n|move|p2a: Requiem|Ice Beam|p1a: Overqwil\n|-start|p2a: Requiem|typechange|Ice|[from] ability: Protean\n|-damage|p1a: Overqwil|38\/100\n|\n|-weather|RainDance|[upkeep]\n|upkeep\n|turn|2\n|\n|t:|1700507097\n|switch|p2a: Bunker|Toxapex, F|100\/100\n|move|p1a: Overqwil|Crunch|p2a: Bunker\n|-damage|p2a: Bunker|70\/100\n|-unboost|p2a: Bunker|def|1\n|-damage|p1a: Overqwil|28\/100|[from] item: Life Orb\n|\n|-weather|RainDance|[upkeep]\n|-heal|p2a: Bunker|76\/100|[from] item: Black Sludge\n|upkeep\n|turn|3\n|\n|t:|1700507109\n|switch|p1a: Rillaboom|Rillaboom, M|100\/100\n|-fieldstart|move: Grassy Terrain|[from] ability: Grassy Surge|[of] p1a: Rillaboom\n|move|p2a: Bunker|Recover|p2a: Bunker\n|-heal|p2a: Bunker|100\/100\n|\n|-weather|RainDance|[upkeep]\n|upkeep\n|turn|4\n|\n|t:|1700507118\n|move|p1a: Rillaboom|Knock Off|p2a: Bunker\n|-damage|p2a: Bunker|49\/100\n|-enditem|p2a: Bunker|Black Sludge|[from] move: Knock Off|[of] p1a: Rillaboom\n|move|p2a: Bunker|Toxic|p1a: Rillaboom\n|-status|p1a: Rillaboom|tox\n|\n|-weather|RainDance|[upkeep]\n|-heal|p2a: Bunker|55\/100|[from] Grassy Terrain\n|-damage|p1a: Rillaboom|94\/100 tox|[from] psn\n|upkeep\n|turn|5\n|\n|t:|1700507128\n|switch|p2a: Corviknight|Corviknight, M|100\/100\n|move|p1a: Rillaboom|Knock Off|p2a: Corviknight\n|-damage|p2a: Corviknight|69\/100\n|-damage|p1a: Rillaboom|78\/100 tox|[from] item: Rocky Helmet|[of] p2a: Corviknight\n|-enditem|p2a: Corviknight|Rocky Helmet|[from] move: Knock Off|[of] p1a: Rillaboom\n|\n|-weather|RainDance|[upkeep]\n|-heal|p1a: Rillaboom|84\/100 tox|[from] Grassy Terrain\n|-damage|p1a: Rillaboom|72\/100 tox|[from] psn\n|upkeep\n|turn|6\n|\n|t:|1700507146\n|switch|p1a: Zapdos|Zapdos|100\/100\n|move|p2a: Corviknight|Roost|p2a: Corviknight\n|-heal|p2a: Corviknight|100\/100\n|-singleturn|p2a: Corviknight|move: Roost\n|\n|-weather|RainDance|[upkeep]\n|upkeep\n|turn|7\n|\n|t:|1700507156\n|move|p1a: Zapdos|Thunder|p2a: Corviknight\n|-supereffective|p2a: Corviknight\n|-damage|p2a: Corviknight|0 fnt\n|faint|p2a: Corviknight\n|\n|-weather|RainDance|[upkeep]\n|-fieldend|move: Grassy Terrain\n|upkeep\n|\n|t:|1700507160\n|switch|p2a: Requiem|Greninja, M, shiny|100\/100\n|turn|8\n|\n|t:|1700507169\n|move|p2a: Requiem|Ice Beam|p1a: Zapdos\n|-start|p2a: Requiem|typechange|Ice|[from] ability: Protean\n|-supereffective|p1a: Zapdos\n|-damage|p1a: Zapdos|3\/100\n|-status|p1a: Zapdos|frz\n|-curestatus|p1a: Zapdos|frz|[msg]\n|move|p1a: Zapdos|Thunder|p2a: Requiem\n|-damage|p2a: Requiem|10\/100\n|-status|p2a: Requiem|par\n|\n|-weather|none\n|upkeep\n|turn|9\n|c|\u2606kirroz|enserio?\n|\n|t:|1700507195\n|move|p1a: Zapdos|Roost|p1a: Zapdos\n|-heal|p1a: Zapdos|53\/100\n|-singleturn|p1a: Zapdos|move: Roost\n|cant|p2a: Requiem|par\n|\n|upkeep\n|turn|10\n|\n|t:|1700507200\n|move|p1a: Zapdos|Roost|p1a: Zapdos\n|-heal|p1a: Zapdos|100\/100\n|-singleturn|p1a: Zapdos|move: Roost\n|move|p2a: Requiem|Ice Beam|p1a: Zapdos\n|-damage|p1a: Zapdos|45\/100\n|\n|upkeep\n|turn|11\n|\n|t:|1700507206\n|move|p1a: Zapdos|Weather Ball|p2a: Requiem\n|-damage|p2a: Requiem|0 fnt\n|faint|p2a: Requiem\n|\n|upkeep\n|\n|t:|1700507209\n|switch|p2a: Serafin|Dragonite, F|100\/100\n|turn|12\n|\n|t:|1700507217\n|move|p1a: Zapdos|Thunder|p2a: Serafin|[miss]\n|-miss|p1a: Zapdos|p2a: Serafin\n|move|p2a: Serafin|Dragon Dance|p2a: Serafin\n|-boost|p2a: Serafin|atk|1\n|-boost|p2a: Serafin|spe|1\n|\n|upkeep\n|turn|13\n|\n|t:|1700507220\n|move|p2a: Serafin|Extreme Speed|p1a: Zapdos\n|-damage|p1a: Zapdos|0 fnt\n|faint|p1a: Zapdos\n|\n|upkeep\n|\n|t:|1700507223\n|switch|p1a: Pelipper|Pelipper, M, shiny|100\/100\n|-weather|RainDance|[from] ability: Drizzle|[of] p1a: Pelipper\n|turn|14\n|\n|t:|1700507228\n|move|p2a: Serafin|Extreme Speed|p1a: Pelipper\n|-damage|p1a: Pelipper|58\/100\n|move|p1a: Pelipper|Hurricane|p2a: Serafin\n|-damage|p2a: Serafin|83\/100\n|\n|-weather|RainDance|[upkeep]\n|upkeep\n|turn|15\n|\n|t:|1700507233\n|move|p2a: Serafin|Extreme Speed|p1a: Pelipper\n|-crit|p1a: Pelipper\n|-damage|p1a: Pelipper|0 fnt\n|faint|p1a: Pelipper\n|\n|-weather|RainDance|[upkeep]\n|upkeep\n|\n|t:|1700507240\n|switch|p1a: Overqwil|Overqwil, M|28\/100\n|turn|16\n|\n|t:|1700507246\n|move|p2a: Serafin|Extreme Speed|p1a: Overqwil\n|-damage|p1a: Overqwil|0 fnt\n|faint|p1a: Overqwil\n|\n|-weather|RainDance|[upkeep]\n|upkeep\n|\n|t:|1700507249\n|switch|p1a: Iron Treads|Iron Treads|100\/100\n|turn|17\n|\n|t:|1700507254\n|move|p2a: Serafin|Earthquake|p1a: Iron Treads\n|-supereffective|p1a: Iron Treads\n|-damage|p1a: Iron Treads|5\/100\n|move|p1a: Iron Treads|Thunder|p2a: Serafin\n|-damage|p2a: Serafin|54\/100\n|\n|-weather|RainDance|[upkeep]\n|upkeep\n|turn|18\n|\n|t:|1700507262\n|move|p2a: Serafin|Extreme Speed|p1a: Iron Treads\n|-resisted|p1a: Iron Treads\n|-damage|p1a: Iron Treads|0 fnt\n|faint|p1a: Iron Treads\n|-end|p1a: Iron Treads|Quark Drive|[silent]\n|\n|-weather|RainDance|[upkeep]\n|upkeep\n|\n|t:|1700507264\n|switch|p1a: Poliwrath|Poliwrath, F, shiny|100\/100\n|turn|19\n|\n|t:|1700507273\n|-terastallize|p2a: Serafin|Steel\n|move|p2a: Serafin|Extreme Speed|p1a: Poliwrath\n|-crit|p1a: Poliwrath\n|-damage|p1a: Poliwrath|23\/100\n|-enditem|p1a: Poliwrath|Sitrus Berry|[eat]\n|-heal|p1a: Poliwrath|48\/100|[from] item: Sitrus Berry\n|move|p1a: Poliwrath|Belly Drum||[still]\n|-fail|p1a: Poliwrath\n|\n|-weather|RainDance|[upkeep]\n|upkeep\n|turn|20\n|\n|t:|1700507282\n|move|p2a: Serafin|Extreme Speed|p1a: Poliwrath\n|-damage|p1a: Poliwrath|0 fnt\n|faint|p1a: Poliwrath\n|\n|-weather|RainDance|[upkeep]\n|upkeep\n|\n|t:|1700507284\n|switch|p1a: Rillaboom|Rillaboom, M|72\/100 tox\n|-fieldstart|move: Grassy Terrain|[from] ability: Grassy Surge|[of] p1a: Rillaboom\n|turn|21\n|\n|t:|1700507288\n|move|p2a: Serafin|Extreme Speed|p1a: Rillaboom\n|-damage|p1a: Rillaboom|18\/100 tox\n|move|p1a: Rillaboom|Grassy Glide|p2a: Serafin\n|-resisted|p2a: Serafin\n|-damage|p2a: Serafin|21\/100\n|\n|-weather|none\n|-heal|p2a: Serafin|27\/100|[from] Grassy Terrain\n|-heal|p1a: Rillaboom|24\/100 tox|[from] Grassy Terrain\n|-damage|p1a: Rillaboom|18\/100 tox|[from] psn\n|upkeep\n|turn|22\n|\n|t:|1700507297\n|move|p1a: Rillaboom|Grassy Glide|p2a: Serafin\n|-resisted|p2a: Serafin\n|-damage|p2a: Serafin|0 fnt\n|faint|p2a: Serafin\n|\n|-heal|p1a: Rillaboom|24\/100 tox|[from] Grassy Terrain\n|-damage|p1a: Rillaboom|11\/100 tox|[from] psn\n|upkeep\n|\n|t:|1700507301\n|switch|p2a: Iron Moth|Iron Moth|100\/100\n|turn|23\n|\n|t:|1700507304\n|-terastallize|p1a: Rillaboom|Grass\n|move|p1a: Rillaboom|Grassy Glide|p2a: Iron Moth\n|-resisted|p2a: Iron Moth\n|-damage|p2a: Iron Moth|64\/100\n|move|p2a: Iron Moth|Sludge Wave|p1a: Rillaboom\n|-supereffective|p1a: Rillaboom\n|-damage|p1a: Rillaboom|0 fnt\n|faint|p1a: Rillaboom\n|\n|win|kirroz\n|raw|Cacahead's rating: 1359 &rarr; <strong>1334<\/strong><br \/>(-25 for losing)\n|raw|kirroz's rating: 1274 &rarr; <strong>1305<\/strong><br \/>(+31 for winning)\n|l|\u2606Cacahead\n","uploadtime":1700507310,"views":8,"p1id":"cacahead","p2id":"kirroz","formatid":"gen9ou","rating":1305,"private":0,"password":""}