{"id":"gen9ou-1994238992","p1":"Betinho1206","p2":"B1oop","format":"[Gen 9] OU","log":"|j|\u2606Betinho1206\n|j|\u2606B1oop\n|t:|1700422270\n|gametype|singles\n|player|p1|Betinho1206|gentleman-gen4|1252\n|player|p2|B1oop|volo-ginkgo|1200\n|teamsize|p1|6\n|teamsize|p2|6\n|gen|9\n|tier|[Gen 9] OU\n|rated|\n|rule|Sleep Clause Mod: Limit one foe put to sleep\n|rule|Species Clause: Limit one of each Pok\u00e9mon\n|rule|OHKO Clause: OHKO moves are banned\n|rule|Evasion Items Clause: Evasion items are banned\n|rule|Evasion Moves Clause: Evasion moves are banned\n|rule|Endless Battle Clause: Forcing endless battles is banned\n|rule|HP Percentage Mod: HP is shown in percentages\n|clearpoke\n|poke|p1|Torkoal, F|\n|poke|p1|Walking Wake|\n|poke|p1|Cinderace, F|\n|poke|p1|Dragapult, F|\n|poke|p1|Great Tusk|\n|poke|p1|Scream Tail|\n|poke|p2|Zapdos|\n|poke|p2|Pelipper, F|\n|poke|p2|Ogerpon-Wellspring, F|\n|poke|p2|Overqwil, M|\n|poke|p2|Great Tusk|\n|poke|p2|Clefable, M|\n|teampreview\n|inactive|Battle timer is ON: inactive players will automatically lose when time's up. (requested by Betinho1206)\n|\n|t:|1700422292\n|start\n|switch|p1a: Dragapult|Dragapult, F, shiny|100\/100\n|switch|p2a: Clefable|Clefable, M|100\/100\n|turn|1\n|\n|t:|1700422320\n|switch|p1a: Torkoal|Torkoal, F, shiny|100\/100\n|-weather|SunnyDay|[from] ability: Drought|[of] p1a: Torkoal\n|move|p2a: Clefable|Knock Off|p1a: Torkoal\n|-crit|p1a: Torkoal\n|-damage|p1a: Torkoal|81\/100\n|-enditem|p1a: Torkoal|Heat Rock|[from] move: Knock Off|[of] p2a: Clefable\n|\n|-weather|SunnyDay|[upkeep]\n|upkeep\n|turn|2\n|\n|t:|1700422330\n|switch|p2a: Pelipper|Pelipper, F|100\/100\n|-weather|RainDance|[from] ability: Drizzle|[of] p2a: Pelipper\n|move|p1a: Torkoal|Yawn|p2a: Pelipper\n|-start|p2a: Pelipper|move: Yawn|[of] p1a: Torkoal\n|\n|-weather|RainDance|[upkeep]\n|upkeep\n|turn|3\n|\n|t:|1700422341\n|switch|p1a: Walking Wake|Walking Wake|100\/100\n|move|p2a: Pelipper|U-turn|p1a: Walking Wake\n|-damage|p1a: Walking Wake|90\/100\n|\n|t:|1700422358\n|switch|p2a: Overqwil|Overqwil, M|100\/100|[from] U-turn\n|\n|-weather|RainDance|[upkeep]\n|upkeep\n|turn|4\n|\n|t:|1700422373\n|move|p2a: Overqwil|Barb Barrage|p1a: Walking Wake\n|-damage|p1a: Walking Wake|39\/100\n|-status|p1a: Walking Wake|psn\n|move|p1a: Walking Wake|Draco Meteor|p2a: Overqwil|[miss]\n|-miss|p1a: Walking Wake|p2a: Overqwil\n|\n|-weather|RainDance|[upkeep]\n|-damage|p1a: Walking Wake|26\/100 psn|[from] psn\n|upkeep\n|turn|5\n|\n|t:|1700422382\n|-end|p1a: Walking Wake|Protosynthesis|[silent]\n|switch|p1a: Torkoal|Torkoal, F, shiny|81\/100\n|-weather|SunnyDay|[from] ability: Drought|[of] p1a: Torkoal\n|move|p2a: Overqwil|Barb Barrage|p1a: Torkoal\n|-damage|p1a: Torkoal|44\/100\n|-status|p1a: Torkoal|psn\n|\n|-weather|SunnyDay|[upkeep]\n|-damage|p1a: Torkoal|31\/100 psn|[from] psn\n|upkeep\n|turn|6\n|inactive|Betinho1206 has 120 seconds left.\n|\n|t:|1700422413\n|switch|p1a: Great Tusk|Great Tusk|100\/100\n|-activate|p1a: Great Tusk|ability: Protosynthesis\n|-start|p1a: Great Tusk|protosynthesisdef\n|move|p2a: Overqwil|Barb Barrage|p1a: Great Tusk\n|-resisted|p1a: Great Tusk\n|-damage|p1a: Great Tusk|89\/100\n|\n|-weather|SunnyDay|[upkeep]\n|upkeep\n|turn|7\n|inactive|Betinho1206 has 120 seconds left.\n|\n|t:|1700422428\n|switch|p2a: Pelipper|Pelipper, F|100\/100\n|-weather|RainDance|[from] ability: Drizzle|[of] p2a: Pelipper\n|-end|p1a: Great Tusk|Protosynthesis\n|move|p1a: Great Tusk|Ice Spinner|p2a: Pelipper\n|-damage|p2a: Pelipper|84\/100\n|\n|-weather|RainDance|[upkeep]\n|upkeep\n|turn|8\n|inactive|Betinho1206 has 120 seconds left.\n|\n|t:|1700422442\n|-terastallize|p1a: Great Tusk|Steel\n|move|p1a: Great Tusk|Knock Off|p2a: Pelipper\n|-damage|p2a: Pelipper|60\/100\n|-enditem|p2a: Pelipper|Damp Rock|[from] move: Knock Off|[of] p1a: Great Tusk\n|move|p2a: Pelipper|Knock Off|p1a: Great Tusk\n|-damage|p1a: Great Tusk|80\/100\n|-enditem|p1a: Great Tusk|Assault Vest|[from] move: Knock Off|[of] p2a: Pelipper\n|\n|-weather|RainDance|[upkeep]\n|upkeep\n|turn|9\n|inactive|Betinho1206 has 120 seconds left.\n|\n|t:|1700422454\n|move|p1a: Great Tusk|Knock Off|p2a: Pelipper\n|-damage|p2a: Pelipper|47\/100\n|move|p2a: Pelipper|Roost|p2a: Pelipper\n|-heal|p2a: Pelipper|97\/100\n|-singleturn|p2a: Pelipper|move: Roost\n|\n|-weather|RainDance|[upkeep]\n|upkeep\n|turn|10\n|inactive|Betinho1206 has 120 seconds left.\n|\n|t:|1700422466\n|-end|p1a: Great Tusk|Protosynthesis|[silent]\n|switch|p1a: Dragapult|Dragapult, F, shiny|100\/100\n|move|p2a: Pelipper|U-turn|p1a: Dragapult\n|-resisted|p1a: Dragapult\n|-damage|p1a: Dragapult|94\/100\n|\n|t:|1700422475\n|switch|p2a: Clefable|Clefable, M|100\/100|[from] U-turn\n|\n|-weather|RainDance|[upkeep]\n|upkeep\n|turn|11\n|inactive|Betinho1206 has 120 seconds left.\n|\n|t:|1700422487\n|switch|p1a: Scream Tail|Scream Tail|100\/100\n|move|p2a: Clefable|Stealth Rock|p1a: Scream Tail\n|-sidestart|p1: Betinho1206|move: Stealth Rock\n|\n|-weather|RainDance|[upkeep]\n|upkeep\n|turn|12\n|\n|t:|1700422494\n|move|p1a: Scream Tail|Wish|p1a: Scream Tail\n|move|p2a: Clefable|Metronome|p2a: Clefable\n|move|p2a: Clefable|Minimize|p2a: Clefable|[from]move: Metronome\n|-boost|p2a: Clefable|evasion|2\n|\n|-weather|RainDance|[upkeep]\n|upkeep\n|turn|13\n|inactive|Betinho1206 has 120 seconds left.\n|\n|t:|1700422536\n|-end|p1a: Scream Tail|Protosynthesis|[silent]\n|switch|p1a: Walking Wake|Walking Wake|26\/100 psn\n|-damage|p1a: Walking Wake|14\/100 psn|[from] Stealth Rock\n|move|p2a: Clefable|Metronome|p2a: Clefable\n|move|p2a: Clefable|Shadow Claw|p1a: Walking Wake|[from]move: Metronome\n|-damage|p1a: Walking Wake|0 fnt\n|faint|p1a: Walking Wake\n|-end|p1a: Walking Wake|Protosynthesis|[silent]\n|\n|-weather|RainDance|[upkeep]\n|upkeep\n|\n|t:|1700422549\n|switch|p1a: Cinderace|Cinderace, F, shiny|100\/100\n|-damage|p1a: Cinderace|76\/100|[from] Stealth Rock\n|turn|14\n|\n|t:|1700422555\n|move|p1a: Cinderace|U-turn|p2a: Clefable|[miss]\n|-start|p1a: Cinderace|typechange|Bug|[from] ability: Libero\n|-miss|p1a: Cinderace|p2a: Clefable\n|move|p2a: Clefable|Metronome|p2a: Clefable\n|move|p2a: Clefable|Stun Spore|p1a: Cinderace|[from]move: Metronome|[miss]\n|-miss|p2a: Clefable|p1a: Cinderace\n|\n|-weather|none\n|upkeep\n|turn|15\n|\n|t:|1700422562\n|move|p1a: Cinderace|U-turn|p2a: Clefable|[miss]\n|-miss|p1a: Cinderace|p2a: Clefable\n|move|p2a: Clefable|Knock Off|p1a: Cinderace\n|-damage|p1a: Cinderace|49\/100\n|-enditem|p1a: Cinderace|Choice Band|[from] move: Knock Off|[of] p2a: Clefable\n|\n|upkeep\n|turn|16\n|c|\u2606B1oop|\ud83d\udd25\ud83d\udd25\ud83d\udd25\n|\n|t:|1700422573\n|move|p1a: Cinderace|U-turn|p2a: Clefable\n|-resisted|p2a: Clefable\n|-damage|p2a: Clefable|82\/100\n|c|\u2606Betinho1206|i am having such a great time playing this game\n|inactive|Betinho1206 has 90 seconds left.\n|\n|t:|1700422602\n|switch|p1a: Scream Tail|Scream Tail|100\/100|[from] U-turn\n|-damage|p1a: Scream Tail|88\/100|[from] Stealth Rock\n|move|p2a: Clefable|Metronome|p2a: Clefable\n|move|p2a: Clefable|Roar|p1a: Scream Tail|[from]move: Metronome\n|-end|p1a: Scream Tail|Protosynthesis|[silent]\n|drag|p1a: Dragapult|Dragapult, F, shiny|94\/100\n|-damage|p1a: Dragapult|82\/100|[from] Stealth Rock\n|\n|-heal|p2a: Clefable|88\/100|[from] item: Leftovers\n|upkeep\n|turn|17\n|c|\u2606B1oop|Ty <3\n|\n|t:|1700422613\n|move|p1a: Dragapult|Dragon Dance|p1a: Dragapult\n|-boost|p1a: Dragapult|atk|1\n|-boost|p1a: Dragapult|spe|1\n|move|p2a: Clefable|Knock Off|p1a: Dragapult\n|-supereffective|p1a: Dragapult\n|-damage|p1a: Dragapult|33\/100\n|-enditem|p1a: Dragapult|Life Orb|[from] move: Knock Off|[of] p2a: Clefable\n|\n|-heal|p2a: Clefable|94\/100|[from] item: Leftovers\n|upkeep\n|turn|18\n|\n|t:|1700422627\n|move|p1a: Dragapult|Phantom Force||[still]\n|-prepare|p1a: Dragapult|Phantom Force\n|move|p2a: Clefable|Knock Off|p1a: Dragapult|[miss]\n|-miss|p2a: Clefable|p1a: Dragapult\n|\n|-heal|p2a: Clefable|99\/100|[from] item: Leftovers\n|upkeep\n|turn|19\n|\n|t:|1700422638\n|move|p1a: Dragapult|Phantom Force|p2a: Clefable|[from]lockedmove\n|-damage|p2a: Clefable|27\/100\n|move|p2a: Clefable|Wish|p2a: Clefable\n|\n|-heal|p2a: Clefable|33\/100|[from] item: Leftovers\n|upkeep\n|turn|20\n|\n|t:|1700422646\n|move|p1a: Dragapult|Phantom Force||[still]\n|-prepare|p1a: Dragapult|Phantom Force\n|move|p2a: Clefable|Metronome|p2a: Clefable\n|move|p2a: Clefable|Confide|p1a: Dragapult|[from]move: Metronome|[miss]\n|-miss|p2a: Clefable|p1a: Dragapult\n|\n|-heal|p2a: Clefable|83\/100|[from] move: Wish|[wisher] Clefable\n|-heal|p2a: Clefable|90\/100|[from] item: Leftovers\n|upkeep\n|turn|21\n|\n|t:|1700422653\n|move|p1a: Dragapult|Phantom Force|p2a: Clefable|[from]lockedmove\n|-damage|p2a: Clefable|20\/100\n|move|p2a: Clefable|Wish|p2a: Clefable\n|\n|-heal|p2a: Clefable|26\/100|[from] item: Leftovers\n|upkeep\n|turn|22\n|\n|t:|1700422662\n|move|p1a: Dragapult|Fire Blast|p2a: Clefable\n|-damage|p2a: Clefable|10\/100\n|move|p2a: Clefable|Metronome|p2a: Clefable\n|move|p2a: Clefable|Revelation Dance|p1a: Dragapult|[from]move: Metronome\n|-supereffective|p1a: Dragapult\n|-damage|p1a: Dragapult|0 fnt\n|faint|p1a: Dragapult\n|\n|-heal|p2a: Clefable|60\/100|[from] move: Wish|[wisher] Clefable\n|-heal|p2a: Clefable|66\/100|[from] item: Leftovers\n|upkeep\n|c|\u2606Betinho1206|HAHAHAHAHAHAHAHAHAHAHAHAHAAH\n|c|\u2606Betinho1206|I SWEAR\n|\n|t:|1700422687\n|switch|p1a: Cinderace|Cinderace, F, shiny|49\/100\n|-damage|p1a: Cinderace|24\/100|[from] Stealth Rock\n|turn|23\n|c|\u2606B1oop|:)\n|\n|t:|1700422694\n|move|p1a: Cinderace|Pyro Ball|p2a: Clefable|[miss]\n|-miss|p1a: Cinderace|p2a: Clefable\n|move|p2a: Clefable|Metronome|p2a: Clefable\n|move|p2a: Clefable|Electroweb|p1a: Cinderace|[from]move: Metronome\n|-damage|p1a: Cinderace|9\/100\n|-unboost|p1a: Cinderace|spe|1\n|\n|-heal|p2a: Clefable|72\/100|[from] item: Leftovers\n|upkeep\n|turn|24\n|\n|t:|1700422702\n|move|p1a: Cinderace|Pyro Ball|p2a: Clefable\n|-damage|p2a: Clefable|10\/100\n|move|p2a: Clefable|Knock Off|p1a: Cinderace\n|-damage|p1a: Cinderace|0 fnt\n|faint|p1a: Cinderace\n|\n|-heal|p2a: Clefable|16\/100|[from] item: Leftovers\n|upkeep\n|\n|t:|1700422710\n|switch|p1a: Scream Tail|Scream Tail|88\/100\n|-damage|p1a: Scream Tail|76\/100|[from] Stealth Rock\n|turn|25\n|c|\u2606B1oop|METRONOME CLEF NEW META \ud83d\udd25\ud83d\udd25\ud83d\udd25\n|\n|t:|1700422725\n|move|p1a: Scream Tail|Dazzling Gleam|p2a: Clefable|[miss]\n|-miss|p1a: Scream Tail|p2a: Clefable\n|move|p2a: Clefable|Wish|p2a: Clefable\n|\n|-heal|p1a: Scream Tail|82\/100|[from] item: Leftovers\n|-heal|p2a: Clefable|22\/100|[from] item: Leftovers\n|upkeep\n|turn|26\n|c|\u2606Betinho1206|i was procrastinating\n|c|\u2606Betinho1206|guess i should go back to my study\n|c|\u2606Betinho1206|thanks\n|c|\u2606B1oop|Np\n|\n|t:|1700422740\n|move|p1a: Scream Tail|Wish|p1a: Scream Tail\n|move|p2a: Clefable|Metronome|p2a: Clefable\n|move|p2a: Clefable|Growl|p1a: Scream Tail|[from]move: Metronome\n|-unboost|p1a: Scream Tail|atk|1\n|\n|-heal|p2a: Clefable|72\/100|[from] move: Wish|[wisher] Clefable\n|-heal|p1a: Scream Tail|88\/100|[from] item: Leftovers\n|-heal|p2a: Clefable|78\/100|[from] item: Leftovers\n|upkeep\n|turn|27\n|c|\u2606Betinho1206|imma start using metro\n|c|\u2606Betinho1206|no shit\n|c|\u2606B1oop|Education is important\n|inactive|Betinho1206 has 120 seconds left.\n|c|\u2606Betinho1206|that minimize came out of nowhere\n|c|\u2606B1oop|Hell yeah\n|\n|t:|1700422766\n|move|p1a: Scream Tail|Encore||[still]\n|-fail|p1a: Scream Tail\n|move|p2a: Clefable|Metronome|p2a: Clefable\n|move|p2a: Clefable|Substitute|p2a: Clefable|[from]move: Metronome\n|-start|p2a: Clefable|Substitute\n|-damage|p2a: Clefable|53\/100\n|\n|-heal|p1a: Scream Tail|100\/100|[from] move: Wish|[wisher] Scream Tail\n|-heal|p2a: Clefable|59\/100|[from] item: Leftovers\n|upkeep\n|turn|28\n|\n|t:|1700422777\n|move|p1a: Scream Tail|Dazzling Gleam|p2a: Clefable|[miss]\n|-miss|p1a: Scream Tail|p2a: Clefable\n|move|p2a: Clefable|Wish|p2a: Clefable\n|\n|-heal|p2a: Clefable|65\/100|[from] item: Leftovers\n|upkeep\n|turn|29\n|inactive|Betinho1206 has 120 seconds left.\n|\n|t:|1700422784\n|move|p1a: Scream Tail|Dazzling Gleam|p2a: Clefable|[miss]\n|-miss|p1a: Scream Tail|p2a: Clefable\n|move|p2a: Clefable|Metronome|p2a: Clefable\n|move|p2a: Clefable|Confide|p1a: Scream Tail|[from]move: Metronome\n|-unboost|p1a: Scream Tail|spa|1\n|\n|-heal|p2a: Clefable|100\/100|[from] move: Wish|[wisher] Clefable\n|upkeep\n|turn|30\n|c|\u2606Betinho1206|my mans blind\n|inactive|Betinho1206 has 120 seconds left.\n|\n|t:|1700422796\n|move|p1a: Scream Tail|Dazzling Gleam|p2a: Clefable|[miss]\n|-miss|p1a: Scream Tail|p2a: Clefable\n|move|p2a: Clefable|Knock Off|p1a: Scream Tail\n|-damage|p1a: Scream Tail|90\/100\n|-enditem|p1a: Scream Tail|Leftovers|[from] move: Knock Off|[of] p2a: Clefable\n|\n|upkeep\n|turn|31\n|c|\u2606B1oop|Lol\n|inactive|Betinho1206 has 120 seconds left.\n|c|\u2606Betinho1206|and thats cause you only used minimize once\n|c|\u2606Betinho1206|hahahahahah\n|\n|t:|1700422815\n|move|p1a: Scream Tail|Dazzling Gleam|p2a: Clefable|[miss]\n|-miss|p1a: Scream Tail|p2a: Clefable\n|move|p2a: Clefable|Metronome|p2a: Clefable\n|move|p2a: Clefable|Acid Spray|p1a: Scream Tail|[from]move: Metronome\n|-supereffective|p1a: Scream Tail\n|-damage|p1a: Scream Tail|80\/100\n|-unboost|p1a: Scream Tail|spd|2\n|\n|upkeep\n|turn|32\n|inactive|Betinho1206 has 120 seconds left.\n|c|\u2606B1oop|Oof\n|\n|t:|1700422827\n|move|p1a: Scream Tail|Dazzling Gleam|p2a: Clefable\n|-activate|p2a: Clefable|move: Substitute|[damage]\n|move|p2a: Clefable|Metronome|p2a: Clefable\n|move|p2a: Clefable|Misty Explosion|p1a: Scream Tail|[from]move: Metronome\n|-damage|p1a: Scream Tail|39\/100\n|faint|p2a: Clefable\n|\n|upkeep\n|c|\u2606Betinho1206|LESS GOOOOOOOOOOOOOOOOOOOOO\n|c|\u2606Betinho1206|the end of an era\n|c|\u2606B1oop|Had a good run\n|\n|t:|1700422846\n|switch|p2a: Overqwil|Overqwil, M|100\/100\n|turn|33\n|\n|t:|1700422850\n|-end|p1a: Scream Tail|Protosynthesis|[silent]\n|switch|p1a: Great Tusk|Great Tusk, tera:Steel|80\/100\n|-damage|p1a: Great Tusk|74\/100|[from] Stealth Rock\n|move|p2a: Overqwil|Barb Barrage|p1a: Great Tusk\n|-immune|p1a: Great Tusk\n|\n|upkeep\n|turn|34\n|\n|t:|1700422863\n|switch|p2a: Great Tusk|Great Tusk|100\/100\n|-end|p1a: Great Tusk|Protosynthesis|[silent]\n|switch|p1a: Torkoal|Torkoal, F, shiny|31\/100 psn\n|-damage|p1a: Torkoal|6\/100 psn|[from] Stealth Rock\n|-weather|SunnyDay|[from] ability: Drought|[of] p1a: Torkoal\n|-activate|p2a: Great Tusk|ability: Protosynthesis\n|-start|p2a: Great Tusk|protosynthesisspe\n|\n|-weather|SunnyDay|[upkeep]\n|-damage|p1a: Torkoal|0 fnt|[from] psn\n|faint|p1a: Torkoal\n|upkeep\n|\n|t:|1700422866\n|switch|p1a: Great Tusk|Great Tusk, tera:Steel|74\/100\n|-damage|p1a: Great Tusk|68\/100|[from] Stealth Rock\n|-activate|p1a: Great Tusk|ability: Protosynthesis\n|-start|p1a: Great Tusk|protosynthesisdef\n|turn|35\n|\n|t:|1700422879\n|move|p2a: Great Tusk|Close Combat|p1a: Great Tusk\n|-supereffective|p1a: Great Tusk\n|-damage|p1a: Great Tusk|18\/100\n|-unboost|p2a: Great Tusk|def|1\n|-unboost|p2a: Great Tusk|spd|1\n|move|p1a: Great Tusk|Ice Spinner|p2a: Great Tusk\n|-supereffective|p2a: Great Tusk\n|-damage|p2a: Great Tusk|59\/100\n|\n|-weather|SunnyDay|[upkeep]\n|upkeep\n|turn|36\n|\n|t:|1700422897\n|move|p2a: Great Tusk|Close Combat|p1a: Great Tusk\n|-supereffective|p1a: Great Tusk\n|-damage|p1a: Great Tusk|0 fnt\n|-unboost|p2a: Great Tusk|def|1\n|-unboost|p2a: Great Tusk|spd|1\n|faint|p1a: Great Tusk\n|-end|p1a: Great Tusk|Protosynthesis|[silent]\n|\n|-weather|SunnyDay|[upkeep]\n|upkeep\n|\n|t:|1700422899\n|switch|p1a: Scream Tail|Scream Tail|39\/100\n|-damage|p1a: Scream Tail|27\/100|[from] Stealth Rock\n|-activate|p1a: Scream Tail|ability: Protosynthesis\n|-start|p1a: Scream Tail|protosynthesisdef\n|turn|37\n|\n|t:|1700422906\n|move|p2a: Great Tusk|Headlong Rush|p1a: Scream Tail\n|-damage|p1a: Scream Tail|4\/100\n|-unboost|p2a: Great Tusk|def|1\n|-unboost|p2a: Great Tusk|spd|1\n|move|p1a: Scream Tail|Wish|p1a: Scream Tail\n|\n|-weather|SunnyDay|[upkeep]\n|upkeep\n|turn|38\n|c|\u2606Betinho1206|guess im gon win\n|c|\u2606Betinho1206|you fucked\n|\n|t:|1700422917\n|move|p1a: Scream Tail|Protect|p1a: Scream Tail\n|-singleturn|p1a: Scream Tail|Protect\n|move|p2a: Great Tusk|Headlong Rush|p1a: Scream Tail\n|-activate|p1a: Scream Tail|move: Protect\n|\n|-weather|none\n|-end|p2a: Great Tusk|Protosynthesis\n|-end|p1a: Scream Tail|Protosynthesis\n|-heal|p1a: Scream Tail|54\/100|[from] move: Wish|[wisher] Scream Tail\n|upkeep\n|turn|39\n|c|\u2606B1oop|Uh oh\n|c|\u2606Betinho1206|let em see the scream tail sweep\n|\n|t:|1700422940\n|move|p2a: Great Tusk|Headlong Rush|p1a: Scream Tail\n|-damage|p1a: Scream Tail|22\/100\n|-unboost|p2a: Great Tusk|def|1\n|-unboost|p2a: Great Tusk|spd|1\n|move|p1a: Scream Tail|Wish|p1a: Scream Tail\n|\n|upkeep\n|turn|40\n|\n|t:|1700422950\n|-end|p2a: Great Tusk|Protosynthesis|[silent]\n|switch|p2a: Pelipper|Pelipper, F|97\/100\n|-weather|RainDance|[from] ability: Drizzle|[of] p2a: Pelipper\n|move|p1a: Scream Tail|Protect||[still]\n|-fail|p1a: Scream Tail\n|\n|-weather|RainDance|[upkeep]\n|-heal|p1a: Scream Tail|72\/100|[from] move: Wish|[wisher] Scream Tail\n|upkeep\n|turn|41\n|\n|t:|1700422959\n|move|p1a: Scream Tail|Encore||[still]\n|-fail|p1a: Scream Tail\n|move|p2a: Pelipper|Hydro Pump|p1a: Scream Tail\n|-damage|p1a: Scream Tail|37\/100\n|\n|-weather|RainDance|[upkeep]\n|upkeep\n|turn|42\n|\n|t:|1700422969\n|switch|p2a: Overqwil|Overqwil, M|100\/100\n|move|p1a: Scream Tail|Wish|p1a: Scream Tail\n|\n|-weather|RainDance|[upkeep]\n|upkeep\n|turn|43\n|\n|t:|1700422975\n|move|p1a: Scream Tail|Protect|p1a: Scream Tail\n|-singleturn|p1a: Scream Tail|Protect\n|move|p2a: Overqwil|Barb Barrage|p1a: Scream Tail\n|-activate|p1a: Scream Tail|move: Protect\n|\n|-weather|RainDance|[upkeep]\n|-heal|p1a: Scream Tail|87\/100|[from] move: Wish|[wisher] Scream Tail\n|upkeep\n|turn|44\n|\n|t:|1700422981\n|move|p2a: Overqwil|Barb Barrage|p1a: Scream Tail\n|-supereffective|p1a: Scream Tail\n|-damage|p1a: Scream Tail|32\/100\n|move|p1a: Scream Tail|Wish|p1a: Scream Tail\n|\n|-weather|none\n|upkeep\n|turn|45\n|\n|t:|1700422987\n|switch|p2a: Pelipper|Pelipper, F|97\/100\n|-weather|RainDance|[from] ability: Drizzle|[of] p2a: Pelipper\n|move|p1a: Scream Tail|Protect||[still]\n|-fail|p1a: Scream Tail\n|\n|-weather|RainDance|[upkeep]\n|-heal|p1a: Scream Tail|82\/100|[from] move: Wish|[wisher] Scream Tail\n|upkeep\n|turn|46\n|c|\u2606Betinho1206|hahahahahahaha\n|\n|t:|1700422996\n|move|p1a: Scream Tail|Dazzling Gleam|p2a: Pelipper\n|-damage|p2a: Pelipper|69\/100\n|move|p2a: Pelipper|U-turn|p1a: Scream Tail\n|-damage|p1a: Scream Tail|76\/100\n|c|\u2606B1oop|Unstoppable wall\n|\n|t:|1700423005\n|switch|p2a: Overqwil|Overqwil, M|100\/100|[from] U-turn\n|\n|-weather|RainDance|[upkeep]\n|upkeep\n|turn|47\n|c|\u2606Betinho1206|let him cook\n|\n|t:|1700423011\n|move|p2a: Overqwil|Barb Barrage|p1a: Scream Tail\n|-supereffective|p1a: Scream Tail\n|-damage|p1a: Scream Tail|22\/100\n|-status|p1a: Scream Tail|psn\n|move|p1a: Scream Tail|Wish|p1a: Scream Tail\n|\n|-weather|RainDance|[upkeep]\n|-damage|p1a: Scream Tail|9\/100 psn|[from] psn\n|upkeep\n|turn|48\n|\n|t:|1700423016\n|move|p1a: Scream Tail|Protect|p1a: Scream Tail\n|-singleturn|p1a: Scream Tail|Protect\n|move|p2a: Overqwil|Barb Barrage|p1a: Scream Tail\n|-activate|p1a: Scream Tail|move: Protect\n|\n|-weather|RainDance|[upkeep]\n|-heal|p1a: Scream Tail|59\/100 psn|[from] move: Wish|[wisher] Scream Tail\n|-damage|p1a: Scream Tail|47\/100 psn|[from] psn\n|upkeep\n|turn|49\n|\n|t:|1700423022\n|move|p2a: Overqwil|Barb Barrage|p1a: Scream Tail\n|-supereffective|p1a: Scream Tail\n|-damage|p1a: Scream Tail|0 fnt\n|faint|p1a: Scream Tail\n|-end|p1a: Scream Tail|Protosynthesis|[silent]\n|\n|win|B1oop\n|raw|Betinho1206's rating: 1252 &rarr; <strong>1223<\/strong><br \/>(-29 for losing)\n|raw|B1oop's rating: 1200 &rarr; <strong>1229<\/strong><br \/>(+29 for winning)\n|c|\u2606Betinho1206|gggggggggggggggggggggggggggggggggggggggggggggggggggggggg\n|c|\u2606Betinho1206|i was so happy\n|c|\u2606B1oop|Gg, that was a high skill game\n|c|\u2606Betinho1206|cus gliscor got banned\n|c|\u2606Betinho1206|now i have to care about METRONOME CLEFABLE\n|c|\u2606B1oop|New meta just you wait\n|c|\u2606Betinho1206|bye\n|c|\u2606B1oop|Cya\n|l|\u2606Betinho1206\n","uploadtime":1700423196,"views":8,"p1id":"betinho1206","p2id":"b1oop","formatid":"gen9ou","rating":1223,"private":0,"password":""}