{"id":"gen9ou-1991746670","p1":"L1rycal","p2":"Kylo Reuniclus","format":"[Gen 9] OU","log":"|j|\u2606L1rycal\n|j|\u2606Kylo Reuniclus\n|inactive|Battle timer is ON: inactive players will automatically lose when time's up.\n|t:|1700110319\n|gametype|singles\n|player|p1|L1rycal|101|\n|player|p2|Kylo Reuniclus|brawly|\n|teamsize|p1|4\n|teamsize|p2|4\n|gen|9\n|tier|[Gen 9] OU\n|rated|Tournament battle\n|rule|Sleep Clause Mod: Limit one foe put to sleep\n|rule|Species Clause: Limit one of each Pok\u00e9mon\n|rule|OHKO Clause: OHKO moves are banned\n|rule|Evasion Items Clause: Evasion items are banned\n|rule|Evasion Moves Clause: Evasion moves are banned\n|rule|Endless Battle Clause: Forcing endless battles is banned\n|rule|HP Percentage Mod: HP is shown in percentages\n|clearpoke\n|poke|p1|Barraskewda, F|\n|poke|p1|Mandibuzz, F|\n|poke|p1|Ursaring, F|\n|poke|p1|Masquerain, M|\n|poke|p2|Shuppet, F|\n|poke|p2|Mienshao, F|\n|poke|p2|Gardevoir, M|\n|poke|p2|Kilowattrel, M|\n|teampreview\n|j|*Lady Monita \u2746\n|inactive|L1rycal also wants the timer to be on.\n|c|\u2606Kylo Reuniclus|gl\n|c|\u2606L1rycal|thx u2\n|\n|t:|1700110332\n|start\n|switch|p1a: Masquerain|Masquerain, M|100\/100\n|switch|p2a: Kilowattrel|Kilowattrel, M|100\/100\n|-ability|p1a: Masquerain|Intimidate|boost\n|-unboost|p2a: Kilowattrel|atk|1\n|-ability|p2a: Kilowattrel|Competitive|boost\n|-boost|p2a: Kilowattrel|spa|2\n|turn|1\n|\n|t:|1700110345\n|switch|p1a: bare|Ursaring, F|100\/100\n|move|p2a: Kilowattrel|Thunderbolt|p1a: bare\n|-damage|p1a: bare|4\/100\n|\n|upkeep\n|turn|2\n|\n|t:|1700110351\n|move|p2a: Kilowattrel|Thunderbolt|p1a: bare\n|-crit|p1a: bare\n|-damage|p1a: bare|0 fnt\n|faint|p1a: bare\n|\n|upkeep\n|\n|t:|1700110354\n|switch|p1a: feesh|Barraskewda, F|100\/100\n|turn|3\n|\n|t:|1700110359\n|switch|p2a: Shuppet|Shuppet, F|100\/100\n|-item|p1a: feesh|Focus Sash|[from] ability: Frisk|[of] p2a: Shuppet|[identify]\n|move|p1a: feesh|Liquidation|p2a: Shuppet\n|-enditem|p2a: Shuppet|Focus Sash\n|-damage|p2a: Shuppet|1\/100\n|\n|upkeep\n|turn|4\n|\n|t:|1700110367\n|move|p2a: Shuppet|Sucker Punch|p1a: feesh\n|-damage|p1a: feesh|63\/100\n|move|p1a: feesh|Liquidation|p2a: Shuppet\n|-damage|p2a: Shuppet|0 fnt\n|faint|p2a: Shuppet\n|\n|upkeep\n|\n|t:|1700110374\n|switch|p2a: Mienshao|Mienshao, F|100\/100\n|turn|5\n|\n|t:|1700110379\n|move|p2a: Mienshao|Fake Out|p1a: feesh\n|-damage|p1a: feesh|27\/100\n|-damage|p2a: Mienshao|91\/100|[from] item: Life Orb\n|cant|p1a: feesh|flinch\n|\n|upkeep\n|turn|6\n|\n|t:|1700110387\n|-terastallize|p2a: Mienshao|Dark\n|move|p1a: feesh|Psychic Fangs|p2a: Mienshao\n|-immune|p2a: Mienshao\n|move|p2a: Mienshao|U-turn|p1a: feesh\n|-damage|p1a: feesh|0 fnt\n|faint|p1a: feesh\n|-damage|p2a: Mienshao|81\/100|[from] item: Life Orb\n|\n|t:|1700110394\n|switch|p2a: Kilowattrel|Kilowattrel, M|100\/100|[from] U-turn\n|\n|upkeep\n|\n|t:|1700110400\n|switch|p1a: Masquerain|Masquerain, M|100\/100\n|-ability|p1a: Masquerain|Intimidate|boost\n|-unboost|p2a: Kilowattrel|atk|1\n|-ability|p2a: Kilowattrel|Competitive|boost\n|-boost|p2a: Kilowattrel|spa|2\n|turn|7\n|\n|t:|1700110406\n|-terastallize|p1a: Masquerain|Grass\n|move|p2a: Kilowattrel|Thunderbolt|p1a: Masquerain\n|-resisted|p1a: Masquerain\n|-damage|p1a: Masquerain|26\/100\n|move|p1a: Masquerain|Quiver Dance|p1a: Masquerain\n|-boost|p1a: Masquerain|spa|1\n|-boost|p1a: Masquerain|spd|1\n|-boost|p1a: Masquerain|spe|1\n|\n|upkeep\n|turn|8\n|c|\u2606Kylo Reuniclus|gg\n|\n|t:|1700110414\n|move|p2a: Kilowattrel|Thunderbolt|p1a: Masquerain\n|-resisted|p1a: Masquerain\n|-damage|p1a: Masquerain|0 fnt\n|faint|p1a: Masquerain\n|\n|upkeep\n|c|\u2606L1rycal|yeah gg\n|j| Moonlightchampion\n|\n|t:|1700110420\n|switch|p1a: Mandibuzz|Mandibuzz, F|100\/100\n|turn|9\n|\n|t:|1700110423\n|move|p2a: Kilowattrel|Thunderbolt|p1a: Mandibuzz\n|-supereffective|p1a: Mandibuzz\n|-damage|p1a: Mandibuzz|0 fnt\n|faint|p1a: Mandibuzz\n|\n|win|Kylo Reuniclus\n|n|\u2606L1rycal|l1rycal\n|n|\u2606Kylo Reuniclus|kyloreuniclus\n|n|*Lady Monita \u2746|ladymonita\n|n| Moonlightchampion|moonlightchampion\n","uploadtime":1700110424,"views":8,"p1id":"l1rycal","p2id":"kyloreuniclus","formatid":"gen9ou","rating":0,"private":0,"password":""}