{"id":"gen9ou-1995120322","p1":"mereszero","p2":"Mazvi \u2605","format":"[Gen 9] OU","log":"|j|\u2606mereszero\n|j|\u2606Mazvi \u2605\n|t:|1700524790\n|gametype|singles\n|player|p1|mereszero|cyrus|1110\n|player|p2|Mazvi \u2605|nessa|1049\n|teamsize|p1|6\n|teamsize|p2|6\n|gen|9\n|tier|[Gen 9] OU\n|rated|\n|rule|Sleep Clause Mod: Limit one foe put to sleep\n|rule|Species Clause: Limit one of each Pok\u00e9mon\n|rule|OHKO Clause: OHKO moves are banned\n|rule|Evasion Items Clause: Evasion items are banned\n|rule|Evasion Moves Clause: Evasion moves are banned\n|rule|Endless Battle Clause: Forcing endless battles is banned\n|rule|HP Percentage Mod: HP is shown in percentages\n|clearpoke\n|poke|p1|Corviknight, M|\n|poke|p1|Dragonite, M|\n|poke|p1|Pelipper, M|\n|poke|p1|Enamorus, F|\n|poke|p1|Zapdos|\n|poke|p1|Landorus-Therian, M|\n|poke|p2|Gastrodon, M|\n|poke|p2|Ceruledge, M|\n|poke|p2|Hatterene, F|\n|poke|p2|Scizor, M|\n|poke|p2|Zoroark, M|\n|poke|p2|Quaquaval, M|\n|teampreview\n|inactive|Battle timer is ON: inactive players will automatically lose when time's up. (requested by mereszero)\n|\n|t:|1700524818\n|start\n|switch|p1a: Pelipper|Pelipper, M|100\/100\n|switch|p2a: Quaquaval|Quaquaval, M|100\/100\n|-weather|RainDance|[from] ability: Drizzle|[of] p1a: Pelipper\n|turn|1\n|\n|t:|1700524830\n|move|p1a: Pelipper|Tailwind|p1a: Pelipper\n|-sidestart|p1: mereszero|move: Tailwind\n|move|p2a: Quaquaval|Aqua Step|p1a: Pelipper\n|-resisted|p1a: Pelipper\n|-damage|p1a: Pelipper|59\/100\n|-boost|p2a: Quaquaval|spe|1\n|\n|-weather|RainDance|[upkeep]\n|upkeep\n|turn|2\n|\n|t:|1700524845\n|move|p1a: Pelipper|Hurricane|p2a: Quaquaval\n|-supereffective|p2a: Quaquaval\n|-damage|p2a: Quaquaval|0 fnt\n|faint|p2a: Quaquaval\n|\n|-weather|RainDance|[upkeep]\n|upkeep\n|\n|t:|1700524853\n|switch|p2a: Mom|Hatterene, F, shiny|100\/100\n|turn|3\n|\n|t:|1700524861\n|move|p1a: Pelipper|U-turn|p2a: Mom\n|-supereffective|p2a: Mom\n|-damage|p2a: Mom|69\/100\n|replace|p2a: Zoroark|Zoroark, M\n|-end|p2a: Zoroark|Illusion\n|\n|t:|1700524868\n|switch|p1a: Landorus|Landorus-Therian, M|100\/100|[from] U-turn\n|-ability|p1a: Landorus|Intimidate|boost\n|-unboost|p2a: Zoroark|atk|1\n|move|p2a: Zoroark|Dark Pulse|p1a: Landorus\n|-damage|p1a: Landorus|45\/100\n|-damage|p2a: Zoroark|59\/100|[from] item: Life Orb\n|\n|-weather|RainDance|[upkeep]\n|upkeep\n|turn|4\n|\n|t:|1700524887\n|move|p1a: Landorus|U-turn|p2a: Zoroark\n|-supereffective|p2a: Zoroark\n|-damage|p2a: Zoroark|0 fnt\n|faint|p2a: Zoroark\n|\n|t:|1700524893\n|switch|p1a: Zapdos|Zapdos|100\/100|[from] U-turn\n|\n|-weather|RainDance|[upkeep]\n|-sideend|p1: mereszero|move: Tailwind\n|upkeep\n|\n|t:|1700524902\n|switch|p2a: Gastrodon|Gastrodon, M|100\/100\n|turn|5\n|\n|t:|1700524907\n|move|p1a: Zapdos|Hurricane|p2a: Gastrodon\n|-damage|p2a: Gastrodon|77\/100\n|move|p2a: Gastrodon|Rock Slide|p1a: Zapdos\n|-supereffective|p1a: Zapdos\n|-damage|p1a: Zapdos|65\/100\n|\n|-weather|none\n|upkeep\n|turn|6\n|\n|t:|1700524919\n|switch|p1a: Landorus|Landorus-Therian, M|45\/100\n|-ability|p1a: Landorus|Intimidate|boost\n|-unboost|p2a: Gastrodon|atk|1\n|move|p2a: Gastrodon|Rock Slide|p1a: Landorus\n|-damage|p1a: Landorus|33\/100\n|\n|upkeep\n|turn|7\n|\n|t:|1700524928\n|move|p1a: Landorus|U-turn|p2a: Gastrodon\n|-damage|p2a: Gastrodon|50\/100\n|\n|t:|1700524931\n|switch|p1a: Pelipper|Pelipper, M|59\/100|[from] U-turn\n|-weather|RainDance|[from] ability: Drizzle|[of] p1a: Pelipper\n|move|p2a: Gastrodon|Surf|p1a: Pelipper\n|-resisted|p1a: Pelipper\n|-damage|p1a: Pelipper|20\/100\n|\n|-weather|RainDance|[upkeep]\n|upkeep\n|turn|8\n|-message|Mazvi \u2605 forfeited.\n|\n|win|mereszero\n|raw|mereszero's rating: 1110 &rarr; <strong>1131<\/strong><br \/>(+21 for winning)\n|raw|Mazvi \u2605's rating: 1049 &rarr; <strong>1035<\/strong><br \/>(-14 for losing)\n|l|\u2606Mazvi \u2605\n","uploadtime":1700524951,"views":6,"p1id":"mereszero","p2id":"mazvi","formatid":"gen9ou","rating":1035,"private":0,"password":""}