{"id":"gen9ou-1990821559","p1":"panzershock","p2":"ChillLanturnYT","format":"[Gen 9] OU","log":"|j|\u2606panzershock\n|j|\u2606ChillLanturnYT\n|t:|1700004307\n|gametype|singles\n|player|p1|panzershock|102|1121\n|player|p2|ChillLanturnYT|palmer|1096\n|teamsize|p1|6\n|teamsize|p2|6\n|gen|9\n|tier|[Gen 9] OU\n|rated|\n|rule|Sleep Clause Mod: Limit one foe put to sleep\n|rule|Species Clause: Limit one of each Pok\u00e9mon\n|rule|OHKO Clause: OHKO moves are banned\n|rule|Evasion Items Clause: Evasion items are banned\n|rule|Evasion Moves Clause: Evasion moves are banned\n|rule|Endless Battle Clause: Forcing endless battles is banned\n|rule|HP Percentage Mod: HP is shown in percentages\n|clearpoke\n|poke|p1|Vaporeon, M|\n|poke|p1|Pelipper, F|\n|poke|p1|Thundurus-Therian, M|\n|poke|p1|Drednaw, M|\n|poke|p1|Veluza, M|\n|poke|p1|Glimmora, M|\n|poke|p2|Grafaiai, F|\n|poke|p2|Mandibuzz, F|\n|poke|p2|Pawmot, F|\n|poke|p2|Enamorus, F|\n|poke|p2|Blissey, F|\n|poke|p2|Dragapult, F|\n|teampreview\n|j| sroven\n|\n|t:|1700004327\n|start\n|switch|p1a: Glimmora|Glimmora, M|100\/100\n|switch|p2a: Grafaiai|Grafaiai, F|100\/100\n|turn|1\n|\n|t:|1700004335\n|move|p2a: Grafaiai|Swagger|p1a: Glimmora\n|-boost|p1a: Glimmora|atk|2\n|-enditem|p2a: Grafaiai|Mirror Herb\n|-boost|p2a: Grafaiai|atk|2|[from] item: Mirror Herb\n|-start|p1a: Glimmora|confusion\n|-activate|p1a: Glimmora|confusion\n|move|p1a: Glimmora|Power Gem|p2a: Grafaiai\n|-damage|p2a: Grafaiai|32\/100\n|\n|upkeep\n|turn|2\n|\n|t:|1700004346\n|-terastallize|p2a: Grafaiai|Ground\n|move|p2a: Grafaiai|Tera Blast|p1a: Glimmora|[anim] Tera Blast Ground\n|-supereffective|p1a: Glimmora\n|-damage|p1a: Glimmora|0 fnt\n|-activate|p1a: Glimmora|ability: Toxic Debris\n|-sidestart|p2: ChillLanturnYT|move: Toxic Spikes\n|faint|p1a: Glimmora\n|\n|upkeep\n|\n|t:|1700004359\n|switch|p1a: Pelipper|Pelipper, F|100\/100\n|-weather|RainDance|[from] ability: Drizzle|[of] p1a: Pelipper\n|turn|3\n|\n|t:|1700004370\n|move|p2a: Grafaiai|Poison Jab|p1a: Pelipper\n|-damage|p1a: Pelipper|19\/100\n|-status|p1a: Pelipper|psn\n|move|p1a: Pelipper|U-turn|p2a: Grafaiai\n|-damage|p2a: Grafaiai|14\/100\n|\n|t:|1700004381\n|switch|p1a: Drednaw|Drednaw, M|100\/100|[from] U-turn\n|\n|-weather|RainDance|[upkeep]\n|upkeep\n|turn|4\n|\n|t:|1700004393\n|move|p2a: Grafaiai|Tera Blast|p1a: Drednaw|[anim] Tera Blast Ground\n|-supereffective|p1a: Drednaw\n|-crit|p1a: Drednaw\n|-damage|p1a: Drednaw|0 fnt\n|faint|p1a: Drednaw\n|\n|-weather|RainDance|[upkeep]\n|upkeep\n|\n|t:|1700004405\n|switch|p1a: Vaporeon|Vaporeon, M|100\/100\n|turn|5\n|\n|t:|1700004410\n|move|p2a: Grafaiai|Poison Jab|p1a: Vaporeon\n|-damage|p1a: Vaporeon|40\/100\n|move|p1a: Vaporeon|Scald|p2a: Grafaiai\n|-supereffective|p2a: Grafaiai\n|-damage|p2a: Grafaiai|0 fnt\n|faint|p2a: Grafaiai\n|\n|-weather|RainDance|[upkeep]\n|-heal|p1a: Vaporeon|46\/100|[from] item: Leftovers\n|upkeep\n|\n|t:|1700004422\n|switch|p2a: Blissey|Blissey, F|100\/100\n|-status|p2a: Blissey|psn\n|turn|6\n|\n|t:|1700004427\n|move|p2a: Blissey|Stealth Rock|p1a: Vaporeon\n|-sidestart|p1: panzershock|move: Stealth Rock\n|move|p1a: Vaporeon|Wish|p1a: Vaporeon\n|\n|-weather|RainDance|[upkeep]\n|-heal|p1a: Vaporeon|52\/100|[from] item: Leftovers\n|-damage|p2a: Blissey|88\/100 psn|[from] psn\n|upkeep\n|turn|7\n|\n|t:|1700004442\n|-curestatus|p2a: Blissey|psn|[from] ability: Natural Cure\n|switch|p2a: Mandibuzz|Mandibuzz, F|100\/100\n|move|p1a: Vaporeon|Scald|p2a: Mandibuzz\n|-damage|p2a: Mandibuzz|61\/100\n|\n|-weather|RainDance|[upkeep]\n|-heal|p1a: Vaporeon|100\/100|[from] move: Wish|[wisher] Vaporeon\n|upkeep\n|turn|8\n|\n|t:|1700004454\n|switch|p2a: Enamorus|Enamorus, F|100\/100\n|move|p1a: Vaporeon|Wish|p1a: Vaporeon\n|\n|-weather|RainDance|[upkeep]\n|upkeep\n|turn|9\n|\n|t:|1700004467\n|move|p2a: Enamorus|Moonblast|p1a: Vaporeon\n|-damage|p1a: Vaporeon|50\/100\n|move|p1a: Vaporeon|Scald|p2a: Enamorus\n|-damage|p2a: Enamorus|39\/100\n|\n|-weather|RainDance|[upkeep]\n|-heal|p1a: Vaporeon|99\/100|[from] move: Wish|[wisher] Vaporeon\n|-heal|p1a: Vaporeon|100\/100|[from] item: Leftovers\n|upkeep\n|turn|10\n|\n|t:|1700004475\n|move|p2a: Enamorus|Moonblast|p1a: Vaporeon\n|-crit|p1a: Vaporeon\n|-damage|p1a: Vaporeon|16\/100\n|-unboost|p1a: Vaporeon|spa|1\n|move|p1a: Vaporeon|Scald|p2a: Enamorus\n|-damage|p2a: Enamorus|0 fnt\n|faint|p2a: Enamorus\n|\n|-weather|none\n|-heal|p1a: Vaporeon|22\/100|[from] item: Leftovers\n|upkeep\n|\n|t:|1700004483\n|switch|p2a: Pawmot|Pawmot, F|100\/100\n|-status|p2a: Pawmot|psn\n|turn|11\n|\n|t:|1700004491\n|move|p2a: Pawmot|Revival Blessing|p2a: Pawmot\n|-enditem|p2a: Pawmot|Leppa Berry|[eat]\n|-activate|p2a: Pawmot|item: Leppa Berry|Revival Blessing|[consumed]\n|\n|t:|1700004494\n|-heal|p2: Grafaiai|50\/100|[from] move: Revival Blessing\n|move|p1a: Vaporeon|Wish|p1a: Vaporeon\n|\n|-heal|p1a: Vaporeon|28\/100|[from] item: Leftovers\n|-damage|p2a: Pawmot|88\/100 psn|[from] psn\n|upkeep\n|turn|12\n|\n|t:|1700004503\n|move|p1a: Vaporeon|Protect|p1a: Vaporeon\n|-singleturn|p1a: Vaporeon|Protect\n|move|p2a: Pawmot|Volt Switch|p1a: Vaporeon\n|-activate|p1a: Vaporeon|move: Protect\n|\n|-heal|p1a: Vaporeon|78\/100|[from] move: Wish|[wisher] Vaporeon\n|-heal|p1a: Vaporeon|85\/100|[from] item: Leftovers\n|-damage|p2a: Pawmot|76\/100 psn|[from] psn\n|upkeep\n|turn|13\n|\n|t:|1700004508\n|switch|p1a: Thundurus|Thundurus-Therian, M|100\/100\n|-damage|p1a: Thundurus|76\/100|[from] Stealth Rock\n|move|p2a: Pawmot|Double Shock|p1a: Thundurus\n|-heal|p1a: Thundurus|100\/100|[from] ability: Volt Absorb|[of] p2a: Pawmot\n|\n|-damage|p2a: Pawmot|63\/100 psn|[from] psn\n|upkeep\n|turn|14\n|\n|t:|1700004520\n|switch|p2a: Grafaiai|Grafaiai, F|50\/100\n|-sideend|p2: ChillLanturnYT|move: Toxic Spikes|[of] p2a: Grafaiai\n|move|p1a: Thundurus|Hammer Arm|p2a: Grafaiai\n|-damage|p2a: Grafaiai|3\/100\n|-unboost|p1a: Thundurus|spe|1\n|-enditem|p1a: Thundurus|Eject Pack\n|\n|t:|1700004534\n|switch|p1a: Veluza|Veluza, M|100\/100\n|-damage|p1a: Veluza|88\/100|[from] Stealth Rock\n|\n|upkeep\n|turn|15\n|\n|t:|1700004541\n|move|p2a: Grafaiai|Poison Jab|p1a: Veluza\n|-damage|p1a: Veluza|39\/100\n|move|p1a: Veluza|Scale Shot|p2a: Grafaiai|[miss]\n|-miss|p1a: Veluza|p2a: Grafaiai\n|\n|upkeep\n|turn|16\n|\n|t:|1700004547\n|move|p2a: Grafaiai|Poison Jab|p1a: Veluza\n|-damage|p1a: Veluza|0 fnt\n|faint|p1a: Veluza\n|\n|upkeep\n|\n|t:|1700004552\n|switch|p1a: Vaporeon|Vaporeon, M|85\/100\n|-damage|p1a: Vaporeon|72\/100|[from] Stealth Rock\n|turn|17\n|\n|t:|1700004556\n|move|p2a: Grafaiai|Swagger|p1a: Vaporeon|[miss]\n|-miss|p2a: Grafaiai|p1a: Vaporeon\n|move|p1a: Vaporeon|Scald|p2a: Grafaiai\n|-damage|p2a: Grafaiai|0 fnt\n|faint|p2a: Grafaiai\n|\n|-heal|p1a: Vaporeon|78\/100|[from] item: Leftovers\n|upkeep\n|\n|t:|1700004603\n|switch|p2a: Mandibuzz|Mandibuzz, F|61\/100\n|turn|18\n|\n|t:|1700004612\n|move|p2a: Mandibuzz|Toxic|p1a: Vaporeon\n|-status|p1a: Vaporeon|tox\n|move|p1a: Vaporeon|Scald|p2a: Mandibuzz\n|-damage|p2a: Mandibuzz|37\/100\n|\n|-heal|p1a: Vaporeon|85\/100 tox|[from] item: Leftovers\n|-damage|p1a: Vaporeon|78\/100 tox|[from] psn\n|upkeep\n|turn|19\n|\n|t:|1700004616\n|move|p2a: Mandibuzz|Roost|p2a: Mandibuzz\n|-heal|p2a: Mandibuzz|87\/100\n|-singleturn|p2a: Mandibuzz|move: Roost\n|move|p1a: Vaporeon|Flip Turn|p2a: Mandibuzz\n|-damage|p2a: Mandibuzz|79\/100\n|\n|t:|1700004621\n|switch|p1a: Thundurus|Thundurus-Therian, M|100\/100|[from] Flip Turn\n|-damage|p1a: Thundurus|76\/100|[from] Stealth Rock\n|\n|upkeep\n|turn|20\n|\n|t:|1700004627\n|switch|p2a: Blissey|Blissey, F|88\/100\n|move|p1a: Thundurus|Wildbolt Storm|p2a: Blissey\n|-damage|p2a: Blissey|72\/100\n|\n|-heal|p2a: Blissey|78\/100|[from] item: Leftovers\n|upkeep\n|turn|21\n|\n|t:|1700004634\n|move|p1a: Thundurus|Hammer Arm|p2a: Blissey\n|-supereffective|p2a: Blissey\n|-damage|p2a: Blissey|0 fnt\n|-unboost|p1a: Thundurus|spe|1\n|faint|p2a: Blissey\n|\n|upkeep\n|\n|t:|1700004640\n|switch|p2a: Dragapult|Dragapult, F|100\/100\n|turn|22\n|\n|t:|1700004645\n|switch|p1a: Pelipper|Pelipper, F|19\/100 psn\n|-damage|p1a: Pelipper|0 fnt|[from] Stealth Rock\n|faint|p1a: Pelipper\n|move|p2a: Dragapult|Dragon Dance|p2a: Dragapult\n|-boost|p2a: Dragapult|atk|1\n|-boost|p2a: Dragapult|spe|1\n|\n|upkeep\n|\n|t:|1700004651\n|switch|p1a: Vaporeon|Vaporeon, M|78\/100 tox\n|-damage|p1a: Vaporeon|66\/100 tox|[from] Stealth Rock\n|turn|23\n|\n|t:|1700004656\n|move|p2a: Dragapult|Dragon Dance|p2a: Dragapult\n|-boost|p2a: Dragapult|atk|1\n|-boost|p2a: Dragapult|spe|1\n|move|p1a: Vaporeon|Scald|p2a: Dragapult\n|-resisted|p2a: Dragapult\n|-damage|p2a: Dragapult|80\/100\n|-status|p2a: Dragapult|brn\n|-enditem|p2a: Dragapult|Lum Berry|[eat]\n|-curestatus|p2a: Dragapult|brn|[msg]\n|\n|-heal|p1a: Vaporeon|72\/100 tox|[from] item: Leftovers\n|-damage|p1a: Vaporeon|66\/100 tox|[from] psn\n|upkeep\n|turn|24\n|\n|t:|1700004668\n|move|p2a: Dragapult|Dragon Darts|p1a: Vaporeon\n|-damage|p1a: Vaporeon|21\/100 tox\n|-anim|p2a: Dragapult|Dragon Darts|p1a: Vaporeon\n|-damage|p1a: Vaporeon|0 fnt\n|faint|p1a: Vaporeon\n|\n|upkeep\n|l|\u2606panzershock\n|player|p1|\n|inactive|Battle timer is ON: inactive players will automatically lose when time's up. (requested by ChillLanturnYT)\n|inactive|panzershock has 30 seconds to reconnect!\n|inactive|panzershock has 20 seconds to reconnect!\n|inactive|panzershock has 15 seconds to reconnect!\n|inactive|panzershock has 10 seconds to reconnect!\n|inactive|panzershock has 5 seconds to reconnect!\n|-message|panzershock lost due to inactivity.\n|\n|win|ChillLanturnYT\n|raw|panzershock's rating: 1121 &rarr; <strong>1094<\/strong><br \/>(-27 for losing)\n|raw|ChillLanturnYT's rating: 1096 &rarr; <strong>1123<\/strong><br \/>(+27 for winning)\n","uploadtime":1700004753,"views":13,"p1id":"panzershock","p2id":"chilllanturnyt","formatid":"gen9ou","rating":1094,"private":0,"password":""}