{"id":"gen9ou-1988986012","p1":"360Yes","p2":"Monkey D.Pedro AAA","format":"[Gen 9] OU","log":"|j|\u2606360Yes\n|j|\u2606Monkey D.Pedro AAA\n|t:|1699798610\n|gametype|singles\n|player|p1|360Yes|benga|1163\n|player|p2|Monkey D.Pedro AAA|2|1091\n|teamsize|p1|6\n|teamsize|p2|6\n|gen|9\n|tier|[Gen 9] OU\n|rated|\n|rule|Sleep Clause Mod: Limit one foe put to sleep\n|rule|Species Clause: Limit one of each Pok\u00e9mon\n|rule|OHKO Clause: OHKO moves are banned\n|rule|Evasion Items Clause: Evasion items are banned\n|rule|Evasion Moves Clause: Evasion moves are banned\n|rule|Endless Battle Clause: Forcing endless battles is banned\n|rule|HP Percentage Mod: HP is shown in percentages\n|clearpoke\n|poke|p1|Samurott-Hisui, F|\n|poke|p1|Great Tusk|\n|poke|p1|Gholdengo|\n|poke|p1|Ceruledge, M|\n|poke|p1|Thundurus-Therian, M|\n|poke|p1|Slowking-Galar, F|\n|poke|p2|Quaquaval, F|\n|poke|p2|Maushold|\n|poke|p2|Ninetales-Alola, F|\n|poke|p2|Goodra-Hisui, M|\n|poke|p2|Sinistcha|\n|poke|p2|Toxapex, M|\n|teampreview\n|\n|t:|1699798622\n|start\n|switch|p1a: Thundurus|Thundurus-Therian, M|100\/100\n|switch|p2a: Maushold|Maushold|100\/100\n|turn|1\n|\n|t:|1699798628\n|move|p2a: Maushold|Tidy Up|p2a: Maushold\n|-boost|p2a: Maushold|atk|1\n|-boost|p2a: Maushold|spe|1\n|move|p1a: Thundurus|Volt Switch|p2a: Maushold\n|-damage|p2a: Maushold|18\/100\n|\n|t:|1699798631\n|switch|p1a: Ceruledge|Ceruledge, M|100\/100|[from] Volt Switch\n|\n|upkeep\n|turn|2\n|\n|t:|1699798636\n|move|p2a: Maushold|Bite|p1a: Ceruledge\n|-supereffective|p1a: Ceruledge\n|-damage|p1a: Ceruledge|16\/100\n|move|p1a: Ceruledge|Bitter Blade|p2a: Maushold\n|-damage|p2a: Maushold|0 fnt\n|-heal|p1a: Ceruledge|25\/100|[from] drain|[of] p2a: Maushold\n|faint|p2a: Maushold\n|-damage|p1a: Ceruledge|15\/100|[from] item: Life Orb\n|\n|upkeep\n|\n|t:|1699798645\n|switch|p2a: Cuack|Quaquaval, F|100\/100\n|turn|3\n|inactive|Battle timer is ON: inactive players will automatically lose when time's up. (requested by 360Yes)\n|\n|t:|1699798656\n|switch|p1a: Slowking|Slowking-Galar, F|100\/100\n|move|p2a: Cuack|Aqua Jet|p1a: Slowking\n|-damage|p1a: Slowking|74\/100\n|\n|upkeep\n|turn|4\n|\n|t:|1699798664\n|switch|p2a: La Gorda|Goodra-Hisui, M|100\/100\n|move|p1a: Slowking|Thunder Wave|p2a: La Gorda\n|-status|p2a: La Gorda|par\n|\n|upkeep\n|turn|5\n|\n|t:|1699798674\n|move|p1a: Slowking|Future Sight|p2a: La Gorda\n|-start|p1a: Slowking|move: Future Sight\n|move|p2a: La Gorda|Flash Cannon|p1a: Slowking\n|-damage|p1a: Slowking|50\/100\n|\n|upkeep\n|turn|6\n|\n|t:|1699798681\n|move|p1a: Slowking|Chilly Reception|p1a: Slowking\n|-weather|Snow\n|\n|t:|1699798704\n|switch|p1a: Great Tusk|Great Tusk|100\/100|[from] Chilly Reception\n|move|p2a: La Gorda|Flamethrower|p1a: Great Tusk\n|-damage|p1a: Great Tusk|73\/100\n|\n|-weather|Snow|[upkeep]\n|upkeep\n|turn|7\n|\n|t:|1699798715\n|switch|p2a: Matcha|Sinistcha|100\/100\n|move|p1a: Great Tusk|Close Combat|p2a: Matcha\n|-immune|p2a: Matcha\n|\n|-weather|Snow|[upkeep]\n|-end|p2a: Matcha|move: Future Sight\n|-damage|p2a: Matcha|57\/100\n|upkeep\n|turn|8\n|\n|t:|1699798726\n|-end|p1a: Great Tusk|Protosynthesis|[silent]\n|switch|p1a: Slowking|Slowking-Galar, F|83\/100\n|move|p2a: Matcha|Strength Sap|p1a: Slowking\n|-unboost|p1a: Slowking|atk|1\n|-heal|p2a: Matcha|92\/100\n|\n|-weather|Snow|[upkeep]\n|upkeep\n|turn|9\n|\n|t:|1699798747\n|switch|p2a: Toxapex|Toxapex, M|100\/100\n|move|p1a: Slowking|Yawn|p2a: Toxapex\n|-start|p2a: Toxapex|move: Yawn|[of] p1a: Slowking\n|\n|-weather|Snow|[upkeep]\n|upkeep\n|turn|10\n|inactive|Monkey D.Pedro AAA has 120 seconds left.\n|\n|t:|1699798784\n|move|p2a: Toxapex|Icy Wind|p1a: Slowking\n|-damage|p1a: Slowking|79\/100\n|-unboost|p1a: Slowking|spe|1\n|move|p1a: Slowking|Future Sight|p2a: Toxapex\n|-start|p1a: Slowking|move: Future Sight\n|\n|-weather|none\n|-end|p2a: Toxapex|move: Yawn|[silent]\n|-status|p2a: Toxapex|slp\n|upkeep\n|turn|11\n|inactive|Monkey D.Pedro AAA has 90 seconds left.\n|inactive|Monkey D.Pedro AAA has 60 seconds left.\n|inactive|Monkey D.Pedro AAA has 30 seconds left.\n|inactive|Monkey D.Pedro AAA has 20 seconds left.\n|\n|t:|1699798883\n|cant|p2a: Toxapex|slp\n|move|p1a: Slowking|Chilly Reception|p1a: Slowking\n|-weather|Snow\n|inactive|Monkey D.Pedro AAA has 25 seconds left this turn.\n|\n|t:|1699798900\n|switch|p1a: Great Tusk|Great Tusk|73\/100|[from] Chilly Reception\n|\n|-weather|Snow|[upkeep]\n|upkeep\n|turn|12\n|inactive|Monkey D.Pedro AAA has 30 seconds left.\n|inactive|Monkey D.Pedro AAA has 20 seconds left.\n|inactive|Monkey D.Pedro AAA has 15 seconds left.\n|inactive|Monkey D.Pedro AAA has 10 seconds left.\n|inactive|Monkey D.Pedro AAA has 5 seconds left.\n|\n|t:|1699798935\n|switch|p2a: Cuack|Quaquaval, F|100\/100\n|move|p1a: Great Tusk|Headlong Rush|p2a: Cuack\n|-damage|p2a: Cuack|8\/100\n|-unboost|p1a: Great Tusk|def|1\n|-unboost|p1a: Great Tusk|spd|1\n|\n|-weather|Snow|[upkeep]\n|-end|p2a: Cuack|move: Future Sight\n|-supereffective|p2a: Cuack\n|-damage|p2a: Cuack|0 fnt\n|faint|p2a: Cuack\n|upkeep\n|inactive|Monkey D.Pedro AAA has 10 seconds left this turn.\n|\n|t:|1699798939\n|switch|p2a: Matcha|Sinistcha|92\/100\n|turn|13\n|inactive|Monkey D.Pedro AAA has 20 seconds left this turn.\n|inactive|Monkey D.Pedro AAA has 15 seconds left.\n|\n|t:|1699798947\n|-end|p1a: Great Tusk|Protosynthesis|[silent]\n|switch|p1a: Samurott|Samurott-Hisui, F, shiny|100\/100\n|move|p2a: Matcha|Matcha Gotcha|p1a: Samurott\n|-supereffective|p1a: Samurott\n|-damage|p1a: Samurott|0 fnt\n|-heal|p2a: Matcha|100\/100|[from] drain|[of] p1a: Samurott\n|faint|p1a: Samurott\n|-damage|p2a: Matcha|91\/100|[from] item: Life Orb\n|\n|-weather|Snow|[upkeep]\n|upkeep\n|inactive|Monkey D.Pedro AAA has 20 seconds left this turn.\n|\n|t:|1699798959\n|switch|p1a: Ceruledge|Ceruledge, M|15\/100\n|turn|14\n|inactive|Monkey D.Pedro AAA has 30 seconds left this turn.\n|inactive|Monkey D.Pedro AAA has 20 seconds left.\n|\n|t:|1699798970\n|-terastallize|p2a: Matcha|Fire\n|move|p1a: Ceruledge|Bitter Blade|p2a: Matcha\n|-resisted|p2a: Matcha\n|-damage|p2a: Matcha|65\/100\n|-heal|p1a: Ceruledge|30\/100|[from] drain|[of] p2a: Matcha\n|-damage|p1a: Ceruledge|20\/100|[from] item: Life Orb\n|move|p2a: Matcha|Shadow Ball|p1a: Ceruledge\n|-supereffective|p1a: Ceruledge\n|-damage|p1a: Ceruledge|0 fnt\n|faint|p1a: Ceruledge\n|-damage|p2a: Matcha|55\/100|[from] item: Life Orb\n|\n|-weather|Snow|[upkeep]\n|upkeep\n|inactive|Monkey D.Pedro AAA has 25 seconds left this turn.\n|\n|t:|1699798976\n|switch|p1a: Slowking|Slowking-Galar, F|100\/100\n|turn|15\n|inactive|Monkey D.Pedro AAA has 30 seconds left.\n|\n|t:|1699798986\n|move|p2a: Matcha|Shadow Ball|p1a: Slowking\n|-supereffective|p1a: Slowking\n|-damage|p1a: Slowking|48\/100\n|-damage|p2a: Matcha|45\/100|[from] item: Life Orb\n|move|p1a: Slowking|Thunder Wave|p2a: Matcha|[miss]\n|-miss|p1a: Slowking|p2a: Matcha\n|\n|-weather|none\n|upkeep\n|turn|16\n|inactive|Monkey D.Pedro AAA has 30 seconds left.\n|\n|t:|1699798999\n|switch|p1a: Thundurus|Thundurus-Therian, M|100\/100\n|move|p2a: Matcha|Strength Sap|p1a: Thundurus\n|-unboost|p1a: Thundurus|atk|1\n|-heal|p2a: Matcha|100\/100\n|\n|upkeep\n|turn|17\n|inactive|Monkey D.Pedro AAA has 30 seconds left.\n|\n|t:|1699799016\n|switch|p2a: La Gorda|Goodra-Hisui, M|100\/100 par\n|move|p1a: Thundurus|Thunderbolt|p2a: La Gorda\n|-resisted|p2a: La Gorda\n|-damage|p2a: La Gorda|83\/100 par\n|\n|upkeep\n|turn|18\n|inactive|Monkey D.Pedro AAA has 30 seconds left.\n|\n|t:|1699799027\n|switch|p1a: Slowking|Slowking-Galar, F|82\/100\n|move|p2a: La Gorda|Flamethrower|p1a: Slowking\n|-damage|p1a: Slowking|65\/100\n|\n|upkeep\n|turn|19\n|inactive|Monkey D.Pedro AAA has 30 seconds left.\n|\n|t:|1699799041\n|switch|p2a: Toxapex|Toxapex, M|100\/100 slp\n|move|p1a: Slowking|Future Sight|p2a: Toxapex\n|-start|p1a: Slowking|move: Future Sight\n|\n|upkeep\n|turn|20\n|inactive|Monkey D.Pedro AAA has 30 seconds left.\n|\n|t:|1699799056\n|cant|p2a: Toxapex|slp\n|move|p1a: Slowking|Chilly Reception|p1a: Slowking\n|-weather|Snow\n|\n|t:|1699799059\n|switch|p1a: Great Tusk|Great Tusk|73\/100|[from] Chilly Reception\n|\n|-weather|Snow|[upkeep]\n|upkeep\n|turn|21\n|inactive|Monkey D.Pedro AAA has 30 seconds left.\n|\n|t:|1699799084\n|move|p1a: Great Tusk|Headlong Rush|p2a: Toxapex\n|-supereffective|p2a: Toxapex\n|-crit|p2a: Toxapex\n|-damage|p2a: Toxapex|0 fnt\n|-unboost|p1a: Great Tusk|def|1\n|-unboost|p1a: Great Tusk|spd|1\n|faint|p2a: Toxapex\n|\n|-weather|Snow|[upkeep]\n|-hint|Future Sight did not hit because the target is fainted.\n|upkeep\n|inactive|Monkey D.Pedro AAA has 30 seconds left this turn.\n|\n|t:|1699799092\n|switch|p2a: Matcha|Sinistcha, tera:Fire|100\/100\n|turn|22\n|inactive|Monkey D.Pedro AAA has 30 seconds left.\n|\n|t:|1699799111\n|-end|p1a: Great Tusk|Protosynthesis|[silent]\n|switch|p1a: Slowking|Slowking-Galar, F|98\/100\n|move|p2a: Matcha|Strength Sap|p1a: Slowking\n|-unboost|p1a: Slowking|atk|1\n|\n|-weather|Snow|[upkeep]\n|upkeep\n|turn|23\n|\n|t:|1699799120\n|switch|p2a: Ninetales|Ninetales-Alola, F|100\/100\n|move|p1a: Slowking|Thunder Wave|p2a: Ninetales\n|-status|p2a: Ninetales|par\n|\n|-weather|Snow|[upkeep]\n|upkeep\n|turn|24\n|\n|t:|1699799126\n|move|p2a: Ninetales|Aurora Veil|p2a: Ninetales\n|-sidestart|p2: Monkey D.Pedro AAA|move: Aurora Veil\n|move|p1a: Slowking|Future Sight|p2a: Ninetales\n|-start|p1a: Slowking|move: Future Sight\n|\n|-weather|none\n|upkeep\n|turn|25\n|\n|t:|1699799138\n|switch|p1a: Gholdengo|Gholdengo|100\/100\n|-item|p1a: Gholdengo|Air Balloon\n|move|p2a: Ninetales|Moonblast|p1a: Gholdengo\n|-resisted|p1a: Gholdengo\n|-damage|p1a: Gholdengo|88\/100\n|-unboost|p1a: Gholdengo|spa|1\n|-enditem|p1a: Gholdengo|Air Balloon\n|\n|upkeep\n|turn|26\n|\n|t:|1699799149\n|switch|p2a: La Gorda|Goodra-Hisui, M|83\/100 par\n|move|p1a: Gholdengo|Hex|p2a: La Gorda\n|-damage|p2a: La Gorda|72\/100 par\n|\n|-end|p2a: La Gorda|move: Future Sight\n|-resisted|p2a: La Gorda\n|-damage|p2a: La Gorda|67\/100 par\n|upkeep\n|turn|27\n|\n|t:|1699799161\n|move|p1a: Gholdengo|Hex|p2a: La Gorda\n|-damage|p2a: La Gorda|55\/100 par\n|cant|p2a: La Gorda|par\n|\n|upkeep\n|turn|28\n|\n|t:|1699799169\n|switch|p1a: Slowking|Slowking-Galar, F|100\/100\n|cant|p2a: La Gorda|par\n|\n|upkeep\n|turn|29\n|inactive|Monkey D.Pedro AAA has 60 seconds left.\n|\n|t:|1699799177\n|move|p1a: Slowking|Future Sight|p2a: La Gorda\n|-start|p1a: Slowking|move: Future Sight\n|move|p2a: La Gorda|Thunderbolt|p1a: Slowking\n|-damage|p1a: Slowking|84\/100\n|\n|upkeep\n|turn|30\n|\n|t:|1699799184\n|move|p1a: Slowking|Chilly Reception|p1a: Slowking\n|-weather|Snow\n|\n|t:|1699799191\n|switch|p1a: Great Tusk|Great Tusk|73\/100|[from] Chilly Reception\n|move|p2a: La Gorda|Draco Meteor|p1a: Great Tusk|[miss]\n|-miss|p2a: La Gorda|p1a: Great Tusk\n|\n|-weather|Snow|[upkeep]\n|upkeep\n|turn|31\n|\n|t:|1699799210\n|switch|p2a: Matcha|Sinistcha, tera:Fire|100\/100\n|-terastallize|p1a: Great Tusk|Fairy\n|move|p1a: Great Tusk|Rapid Spin|p2a: Matcha\n|-damage|p2a: Matcha|92\/100\n|-boost|p1a: Great Tusk|spe|1\n|\n|-weather|Snow|[upkeep]\n|-end|p2a: Matcha|move: Future Sight\n|-damage|p2a: Matcha|73\/100\n|-sideend|p2: Monkey D.Pedro AAA|move: Aurora Veil\n|upkeep\n|turn|32\n|\n|t:|1699799217\n|move|p1a: Great Tusk|Headlong Rush|p2a: Matcha\n|-supereffective|p2a: Matcha\n|-damage|p2a: Matcha|0 fnt\n|-unboost|p1a: Great Tusk|def|1\n|-unboost|p1a: Great Tusk|spd|1\n|faint|p2a: Matcha\n|\n|-weather|Snow|[upkeep]\n|upkeep\n|\n|t:|1699799222\n|switch|p2a: La Gorda|Goodra-Hisui, M|55\/100 par\n|turn|33\n|\n|t:|1699799241\n|move|p1a: Great Tusk|Headlong Rush|p2a: La Gorda\n|-supereffective|p2a: La Gorda\n|-damage|p2a: La Gorda|0 fnt\n|-unboost|p1a: Great Tusk|def|1\n|-unboost|p1a: Great Tusk|spd|1\n|faint|p2a: La Gorda\n|\n|-weather|Snow|[upkeep]\n|upkeep\n|\n|t:|1699799250\n|switch|p2a: Ninetales|Ninetales-Alola, F|100\/100 par\n|turn|34\n|inactive|Monkey D.Pedro AAA has 90 seconds left.\n|\n|t:|1699799257\n|move|p1a: Great Tusk|Ice Spinner|p2a: Ninetales\n|-resisted|p2a: Ninetales\n|-damage|p2a: Ninetales|88\/100 par\n|move|p2a: Ninetales|Blizzard|p1a: Great Tusk\n|-damage|p1a: Great Tusk|19\/100\n|\n|-weather|none\n|upkeep\n|turn|35\n|-message|Monkey D.Pedro AAA forfeited.\n|\n|win|360Yes\n|raw|360Yes's rating: 1163 &rarr; <strong>1183<\/strong><br \/>(+20 for winning)\n|raw|Monkey D.Pedro AAA's rating: 1091 &rarr; <strong>1072<\/strong><br \/>(-19 for losing)\n|l|\u2606Monkey D.Pedro AAA\n","uploadtime":1699799273,"views":18,"p1id":"360yes","p2id":"monkeydpedroaaa","formatid":"gen9ou","rating":1072,"private":0,"password":""}