{"id":"gen9ou-1993599931","p1":"Rubyboi711","p2":"Arthur157","format":"[Gen 9] OU","log":"|j|\u2606Rubyboi711\n|j|\u2606Arthur157\n|t:|1700336102\n|gametype|singles\n|player|p1|Rubyboi711|volkner|1230\n|player|p2|Arthur157|2|1211\n|teamsize|p1|6\n|teamsize|p2|6\n|gen|9\n|tier|[Gen 9] OU\n|rated|\n|rule|Sleep Clause Mod: Limit one foe put to sleep\n|rule|Species Clause: Limit one of each Pok\u00e9mon\n|rule|OHKO Clause: OHKO moves are banned\n|rule|Evasion Items Clause: Evasion items are banned\n|rule|Evasion Moves Clause: Evasion moves are banned\n|rule|Endless Battle Clause: Forcing endless battles is banned\n|rule|HP Percentage Mod: HP is shown in percentages\n|clearpoke\n|poke|p1|Dondozo, M|\n|poke|p1|Gyarados, M|\n|poke|p1|Forretress, M|\n|poke|p1|Ogerpon-Cornerstone, F|\n|poke|p1|Kommo-o, F|\n|poke|p1|Electrode-Hisui|\n|poke|p2|Iron Moth|\n|poke|p2|Kingambit, M|\n|poke|p2|Ogerpon-Wellspring, F|\n|poke|p2|Cinderace, M|\n|poke|p2|Landorus-Therian, M|\n|poke|p2|Iron Valiant|\n|teampreview\n|\n|t:|1700336119\n|start\n|switch|p1a: Forretress|Forretress, M|100\/100\n|switch|p2a: Ogerpon|Ogerpon-Wellspring, F|100\/100\n|turn|1\n|\n|t:|1700336124\n|move|p2a: Ogerpon|Ivy Cudgel|p1a: Forretress|[anim] Ivy Cudgel Water\n|-damage|p1a: Forretress|56\/100\n|move|p1a: Forretress|Body Press|p2a: Ogerpon\n|-damage|p2a: Ogerpon|70\/100\n|\n|upkeep\n|turn|2\n|\n|t:|1700336129\n|move|p2a: Ogerpon|Swords Dance|p2a: Ogerpon\n|-boost|p2a: Ogerpon|atk|2\n|move|p1a: Forretress|Body Press|p2a: Ogerpon\n|-damage|p2a: Ogerpon|38\/100\n|\n|upkeep\n|turn|3\n|\n|t:|1700336135\n|move|p2a: Ogerpon|Ivy Cudgel|p1a: Forretress|[anim] Ivy Cudgel Water\n|-damage|p1a: Forretress|0 fnt\n|faint|p1a: Forretress\n|\n|upkeep\n|\n|t:|1700336140\n|switch|p1a: Dondozo|Dondozo, M|100\/100\n|turn|4\n|\n|t:|1700336148\n|move|p2a: Ogerpon|Trailblaze|p1a: Dondozo\n|-supereffective|p1a: Dondozo\n|-damage|p1a: Dondozo|66\/100\n|-boost|p2a: Ogerpon|spe|1\n|move|p1a: Dondozo|Curse|p1a: Dondozo\n|-unboost|p1a: Dondozo|spe|1\n|-boost|p1a: Dondozo|atk|1\n|-boost|p1a: Dondozo|def|1\n|\n|upkeep\n|turn|5\n|\n|t:|1700336157\n|move|p2a: Ogerpon|Encore|p1a: Dondozo\n|-start|p1a: Dondozo|Encore\n|move|p1a: Dondozo|Curse|p1a: Dondozo\n|-unboost|p1a: Dondozo|spe|1\n|-boost|p1a: Dondozo|atk|1\n|-boost|p1a: Dondozo|def|1\n|\n|upkeep\n|turn|6\n|\n|t:|1700336159\n|move|p2a: Ogerpon|Swords Dance|p2a: Ogerpon\n|-boost|p2a: Ogerpon|atk|2\n|move|p1a: Dondozo|Curse|p1a: Dondozo\n|-unboost|p1a: Dondozo|spe|1\n|-boost|p1a: Dondozo|atk|1\n|-boost|p1a: Dondozo|def|1\n|\n|upkeep\n|turn|7\n|\n|t:|1700336165\n|move|p2a: Ogerpon|Trailblaze|p1a: Dondozo\n|-supereffective|p1a: Dondozo\n|-damage|p1a: Dondozo|51\/100\n|-boost|p2a: Ogerpon|spe|1\n|move|p1a: Dondozo|Curse|p1a: Dondozo\n|-unboost|p1a: Dondozo|spe|1\n|-boost|p1a: Dondozo|atk|1\n|-boost|p1a: Dondozo|def|1\n|\n|-end|p1a: Dondozo|Encore\n|upkeep\n|turn|8\n|\n|t:|1700336169\n|move|p2a: Ogerpon|Trailblaze|p1a: Dondozo\n|-supereffective|p1a: Dondozo\n|-damage|p1a: Dondozo|40\/100\n|-boost|p2a: Ogerpon|spe|1\n|move|p1a: Dondozo|Rest|p1a: Dondozo\n|-status|p1a: Dondozo|slp|[from] move: Rest\n|-heal|p1a: Dondozo|100\/100 slp|[silent]\n|-enditem|p1a: Dondozo|Chesto Berry|[eat]\n|-curestatus|p1a: Dondozo|slp|[msg]\n|\n|upkeep\n|turn|9\n|\n|t:|1700336180\n|move|p2a: Ogerpon|Trailblaze|p1a: Dondozo\n|-supereffective|p1a: Dondozo\n|-damage|p1a: Dondozo|88\/100\n|-boost|p2a: Ogerpon|spe|1\n|move|p1a: Dondozo|Curse|p1a: Dondozo\n|-unboost|p1a: Dondozo|spe|1\n|-boost|p1a: Dondozo|atk|1\n|-boost|p1a: Dondozo|def|1\n|\n|upkeep\n|turn|10\n|\n|t:|1700336189\n|move|p2a: Ogerpon|Trailblaze|p1a: Dondozo\n|-supereffective|p1a: Dondozo\n|-damage|p1a: Dondozo|77\/100\n|-boost|p2a: Ogerpon|spe|1\n|move|p1a: Dondozo|Curse|p1a: Dondozo\n|-unboost|p1a: Dondozo|spe|1\n|-boost|p1a: Dondozo|atk|1\n|-boost|p1a: Dondozo|def|1\n|\n|upkeep\n|turn|11\n|\n|t:|1700336197\n|move|p2a: Ogerpon|Trailblaze|p1a: Dondozo\n|-supereffective|p1a: Dondozo\n|-damage|p1a: Dondozo|67\/100\n|-boost|p2a: Ogerpon|spe|1\n|move|p1a: Dondozo|Earthquake|p2a: Ogerpon\n|-resisted|p2a: Ogerpon\n|-damage|p2a: Ogerpon|0 fnt\n|faint|p2a: Ogerpon\n|\n|upkeep\n|\n|t:|1700336207\n|switch|p2a: Iron Valiant|Iron Valiant|100\/100\n|-enditem|p2a: Iron Valiant|Booster Energy\n|-activate|p2a: Iron Valiant|ability: Quark Drive|[fromitem]\n|-start|p2a: Iron Valiant|quarkdrivespe\n|turn|12\n|\n|t:|1700336216\n|move|p2a: Iron Valiant|Thunderbolt|p1a: Dondozo\n|-supereffective|p1a: Dondozo\n|-damage|p1a: Dondozo|9\/100\n|move|p1a: Dondozo|Earthquake|p2a: Iron Valiant\n|-damage|p2a: Iron Valiant|0 fnt\n|faint|p2a: Iron Valiant\n|-end|p2a: Iron Valiant|Quark Drive|[silent]\n|\n|upkeep\n|\n|t:|1700336222\n|switch|p2a: Iron Moth|Iron Moth|100\/100\n|-enditem|p2a: Iron Moth|Booster Energy\n|-activate|p2a: Iron Moth|ability: Quark Drive|[fromitem]\n|-start|p2a: Iron Moth|quarkdrivespe\n|turn|13\n|\n|t:|1700336226\n|move|p2a: Iron Moth|Energy Ball|p1a: Dondozo\n|-supereffective|p1a: Dondozo\n|-damage|p1a: Dondozo|0 fnt\n|faint|p1a: Dondozo\n|\n|upkeep\n|\n|t:|1700336238\n|switch|p1a: Kommo-o|Kommo-o, F|100\/100\n|turn|14\n|\n|t:|1700336243\n|move|p2a: Iron Moth|Sludge Wave|p1a: Kommo-o\n|-damage|p1a: Kommo-o|48\/100\n|-status|p1a: Kommo-o|psn\n|move|p1a: Kommo-o|Clangorous Soul|p1a: Kommo-o\n|-boost|p1a: Kommo-o|atk|1\n|-boost|p1a: Kommo-o|def|1\n|-boost|p1a: Kommo-o|spa|1\n|-boost|p1a: Kommo-o|spd|1\n|-boost|p1a: Kommo-o|spe|1\n|-damage|p1a: Kommo-o|15\/100 psn\n|-enditem|p1a: Kommo-o|Throat Spray\n|-boost|p1a: Kommo-o|spa|1|[from] item: Throat Spray\n|\n|-damage|p1a: Kommo-o|2\/100 psn|[from] psn\n|upkeep\n|turn|15\n|\n|t:|1700336284\n|move|p2a: Iron Moth|Fiery Dance|p1a: Kommo-o\n|-resisted|p1a: Kommo-o\n|-damage|p1a: Kommo-o|0 fnt\n|-boost|p2a: Iron Moth|spa|1\n|faint|p1a: Kommo-o\n|\n|upkeep\n|\n|t:|1700336290\n|switch|p1a: Ogerpon|Ogerpon-Cornerstone, F|100\/100\n|turn|16\n|\n|t:|1700336304\n|move|p2a: Iron Moth|Fiery Dance|p1a: Ogerpon\n|-damage|p1a: Ogerpon|25\/100\n|move|p1a: Ogerpon|Ivy Cudgel|p2a: Iron Moth|[anim] Ivy Cudgel Rock\n|-supereffective|p2a: Iron Moth\n|-damage|p2a: Iron Moth|0 fnt\n|faint|p2a: Iron Moth\n|-end|p2a: Iron Moth|Quark Drive|[silent]\n|\n|upkeep\n|\n|t:|1700336313\n|switch|p2a: Landorus|Landorus-Therian, M|100\/100\n|-ability|p2a: Landorus|Intimidate|boost\n|-unboost|p1a: Ogerpon|atk|1\n|turn|17\n|\n|t:|1700336328\n|switch|p1a: Gyarados|Gyarados, M, shiny|100\/100\n|move|p2a: Landorus|Earthquake|p1a: Gyarados\n|-immune|p1a: Gyarados\n|\n|upkeep\n|turn|18\n|\n|t:|1700336332\n|switch|p2a: Cinderace|Cinderace, M|100\/100\n|move|p1a: Gyarados|Dragon Dance|p1a: Gyarados\n|-boost|p1a: Gyarados|atk|1\n|-boost|p1a: Gyarados|spe|1\n|\n|upkeep\n|turn|19\n|\n|t:|1700336340\n|move|p1a: Gyarados|Waterfall|p2a: Cinderace\n|-supereffective|p2a: Cinderace\n|-damage|p2a: Cinderace|0 fnt\n|faint|p2a: Cinderace\n|-ability|p1a: Gyarados|Moxie|boost\n|-boost|p1a: Gyarados|atk|1\n|\n|upkeep\n|\n|t:|1700336348\n|switch|p2a: Kingambit|Kingambit, M|100\/100\n|-activate|p2a: Kingambit|ability: Supreme Overlord\n|-start|p2a: Kingambit|fallen4|[silent]\n|-item|p2a: Kingambit|Air Balloon\n|turn|20\n|\n|t:|1700336355\n|-terastallize|p2a: Kingambit|Fairy\n|move|p1a: Gyarados|Waterfall|p2a: Kingambit\n|-damage|p2a: Kingambit|30\/100\n|-enditem|p2a: Kingambit|Air Balloon\n|cant|p2a: Kingambit|flinch\n|\n|upkeep\n|turn|21\n|\n|t:|1700336363\n|move|p2a: Kingambit|Sucker Punch|p1a: Gyarados\n|-damage|p1a: Gyarados|23\/100\n|move|p1a: Gyarados|Waterfall|p2a: Kingambit\n|-damage|p2a: Kingambit|0 fnt\n|faint|p2a: Kingambit\n|-end|p2a: Kingambit|fallen4|[silent]\n|-ability|p1a: Gyarados|Moxie|boost\n|-boost|p1a: Gyarados|atk|1\n|\n|upkeep\n|\n|t:|1700336366\n|switch|p2a: Landorus|Landorus-Therian, M|100\/100\n|-ability|p2a: Landorus|Intimidate|boost\n|-unboost|p1a: Gyarados|atk|1\n|turn|22\n|\n|t:|1700336370\n|move|p2a: Landorus|Stone Edge|p1a: Gyarados\n|-supereffective|p1a: Gyarados\n|-damage|p1a: Gyarados|0 fnt\n|faint|p1a: Gyarados\n|\n|upkeep\n|\n|t:|1700336379\n|switch|p1a: Ogerpon|Ogerpon-Cornerstone, F|25\/100\n|turn|23\n|\n|t:|1700336385\n|move|p2a: Landorus|Stone Edge|p1a: Ogerpon\n|-damage|p1a: Ogerpon|0 fnt\n|faint|p1a: Ogerpon\n|\n|upkeep\n|\n|t:|1700336387\n|switch|p1a: Electrode|Electrode-Hisui|100\/100\n|turn|24\n|\n|t:|1700336392\n|move|p2a: Landorus|Stone Edge|p1a: Electrode\n|-damage|p1a: Electrode|35\/100\n|move|p1a: Electrode|Chloroblast|p2a: Landorus\n|-damage|p2a: Landorus|0 fnt\n|faint|p2a: Landorus\n|-damage|p1a: Electrode|0 fnt|[from] Recoil\n|faint|p1a: Electrode\n|\n|win|Rubyboi711\n|raw|Rubyboi711's rating: 1230 &rarr; <strong>1254<\/strong><br \/>(+24 for winning)\n|raw|Arthur157's rating: 1211 &rarr; <strong>1187<\/strong><br \/>(-24 for losing)\n|l|\u2606Arthur157\n|c|\u2606Rubyboi711|Gg\n","uploadtime":1700336414,"views":8,"p1id":"rubyboi711","p2id":"arthur157","formatid":"gen9ou","rating":1187,"private":0,"password":""}