{"id":"gen9ou-1992940389","p1":"thecreamguy","p2":"SCHIZODROOLER98","format":"[Gen 9] OU","log":"|j|\u2606thecreamguy\n|j|\u2606SCHIZODROOLER98\n|t:|1700248692\n|gametype|singles\n|player|p1|thecreamguy|steven|1452\n|player|p2|SCHIZODROOLER98|medium|1456\n|teamsize|p1|6\n|teamsize|p2|6\n|gen|9\n|tier|[Gen 9] OU\n|rated|\n|rule|Sleep Clause Mod: Limit one foe put to sleep\n|rule|Species Clause: Limit one of each Pok\u00e9mon\n|rule|OHKO Clause: OHKO moves are banned\n|rule|Evasion Items Clause: Evasion items are banned\n|rule|Evasion Moves Clause: Evasion moves are banned\n|rule|Endless Battle Clause: Forcing endless battles is banned\n|rule|HP Percentage Mod: HP is shown in percentages\n|clearpoke\n|poke|p1|Muk-Alola, F|\n|poke|p1|Rillaboom, F|\n|poke|p1|Zapdos|\n|poke|p1|Heatran, F|\n|poke|p1|Great Tusk|\n|poke|p1|Dragapult, F|\n|poke|p2|Rillaboom, F|\n|poke|p2|Sneasler, M|\n|poke|p2|Heatran, F|\n|poke|p2|Clefable, F|\n|poke|p2|Farigiraf, F|\n|poke|p2|Quaquaval, M|\n|teampreview\n|inactive|Battle timer is ON: inactive players will automatically lose when time's up. (requested by thecreamguy)\n|inactive|thecreamguy has 120 seconds left.\n|\n|t:|1700248735\n|start\n|switch|p1a: Zapdos|Zapdos|100\/100\n|switch|p2a: TOUCH GRASS|Rillaboom, F|100\/100\n|-fieldstart|move: Grassy Terrain|[from] ability: Grassy Surge|[of] p2a: TOUCH GRASS\n|turn|1\n|\n|t:|1700248747\n|move|p1a: Zapdos|Hurricane|p2a: TOUCH GRASS|[miss]\n|-miss|p1a: Zapdos|p2a: TOUCH GRASS\n|move|p2a: TOUCH GRASS|Knock Off|p1a: Zapdos\n|-damage|p1a: Zapdos|46\/100\n|-status|p2a: TOUCH GRASS|par|[from] ability: Static|[of] p1a: Zapdos\n|-enditem|p1a: Zapdos|Heavy-Duty Boots|[from] move: Knock Off|[of] p2a: TOUCH GRASS\n|\n|upkeep\n|turn|2\n|\n|t:|1700248755\n|switch|p2a: MICROWAVE|Heatran, F|100\/100\n|move|p1a: Zapdos|Hurricane|p2a: MICROWAVE\n|-resisted|p2a: MICROWAVE\n|-damage|p2a: MICROWAVE|86\/100\n|\n|-heal|p2a: MICROWAVE|92\/100|[from] Grassy Terrain\n|-heal|p2a: MICROWAVE|98\/100|[from] item: Leftovers\n|upkeep\n|turn|3\n|\n|t:|1700248777\n|move|p1a: Zapdos|Volt Switch|p2a: MICROWAVE\n|-damage|p2a: MICROWAVE|78\/100\n|\n|t:|1700248780\n|switch|p1a: Great Tusk|Great Tusk|100\/100|[from] Volt Switch\n|move|p2a: MICROWAVE|Magma Storm|p1a: Great Tusk|[miss]\n|-miss|p2a: MICROWAVE|p1a: Great Tusk\n|\n|-heal|p2a: MICROWAVE|85\/100|[from] Grassy Terrain\n|-heal|p2a: MICROWAVE|91\/100|[from] item: Leftovers\n|upkeep\n|turn|4\n|\n|t:|1700248787\n|-terastallize|p2a: MICROWAVE|Grass\n|move|p1a: Great Tusk|Bulk Up|p1a: Great Tusk\n|-boost|p1a: Great Tusk|atk|1\n|-boost|p1a: Great Tusk|def|1\n|move|p2a: MICROWAVE|Tera Blast|p1a: Great Tusk|[anim] Tera Blast Grass\n|-supereffective|p1a: Great Tusk\n|-damage|p1a: Great Tusk|0 fnt\n|faint|p1a: Great Tusk\n|-end|p1a: Great Tusk|Protosynthesis|[silent]\n|\n|-heal|p2a: MICROWAVE|97\/100|[from] Grassy Terrain\n|-heal|p2a: MICROWAVE|100\/100|[from] item: Leftovers\n|upkeep\n|\n|t:|1700248816\n|switch|p1a: Rillaboom|Rillaboom, F|100\/100\n|turn|5\n|inactive|SCHIZODROOLER98 has 120 seconds left.\n|\n|t:|1700248859\n|move|p1a: Rillaboom|U-turn|p2a: MICROWAVE\n|-supereffective|p2a: MICROWAVE\n|-damage|p2a: MICROWAVE|27\/100\n|\n|t:|1700248875\n|switch|p1a: Heatran|Heatran, F|100\/100|[from] U-turn\n|move|p2a: MICROWAVE|Magma Storm|p1a: Heatran\n|-damage|p1a: Heatran|70\/100\n|-activate|p1a: Heatran|move: Magma Storm|[of] p2a: MICROWAVE\n|\n|-heal|p2a: MICROWAVE|33\/100|[from] Grassy Terrain\n|-heal|p2a: MICROWAVE|39\/100|[from] item: Leftovers\n|-heal|p1a: Heatran|76\/100|[from] Grassy Terrain\n|-heal|p1a: Heatran|82\/100|[from] item: Leftovers\n|-damage|p1a: Heatran|70\/100|[from] move: Magma Storm|[partiallytrapped]\n|-fieldend|move: Grassy Terrain\n|upkeep\n|turn|6\n|inactive|SCHIZODROOLER98 has 120 seconds left.\n|\n|t:|1700248881\n|move|p2a: MICROWAVE|Earth Power|p1a: Heatran\n|-supereffective|p1a: Heatran\n|-damage|p1a: Heatran|0 fnt\n|faint|p1a: Heatran\n|\n|-heal|p2a: MICROWAVE|45\/100|[from] item: Leftovers\n|upkeep\n|\n|t:|1700248885\n|switch|p1a: Rillaboom|Rillaboom, F|100\/100\n|-fieldstart|move: Grassy Terrain|[from] ability: Grassy Surge|[of] p1a: Rillaboom\n|turn|7\n|inactive|SCHIZODROOLER98 has 120 seconds left.\n|\n|t:|1700248910\n|switch|p2a: BACKPFEIFENGESICHT|Clefable, F|100\/100\n|move|p1a: Rillaboom|U-turn|p2a: BACKPFEIFENGESICHT\n|-resisted|p2a: BACKPFEIFENGESICHT\n|-damage|p2a: BACKPFEIFENGESICHT|85\/100\n|\n|t:|1700248916\n|switch|p1a: Muk|Muk-Alola, F|100\/100|[from] U-turn\n|\n|-heal|p2a: BACKPFEIFENGESICHT|91\/100|[from] Grassy Terrain\n|upkeep\n|turn|8\n|inactive|SCHIZODROOLER98 has 120 seconds left.\n|\n|t:|1700248934\n|move|p2a: BACKPFEIFENGESICHT|Stealth Rock|p1a: Muk\n|-sidestart|p1: thecreamguy|move: Stealth Rock\n|move|p1a: Muk|Knock Off|p2a: BACKPFEIFENGESICHT\n|-resisted|p2a: BACKPFEIFENGESICHT\n|-damage|p2a: BACKPFEIFENGESICHT|77\/100\n|-enditem|p2a: BACKPFEIFENGESICHT|Sticky Barb|[from] move: Knock Off|[of] p1a: Muk\n|\n|-heal|p2a: BACKPFEIFENGESICHT|83\/100|[from] Grassy Terrain\n|upkeep\n|turn|9\n|\n|t:|1700248948\n|move|p2a: BACKPFEIFENGESICHT|Wish|p2a: BACKPFEIFENGESICHT\n|move|p1a: Muk|Poison Jab|p2a: BACKPFEIFENGESICHT\n|-supereffective|p2a: BACKPFEIFENGESICHT\n|-damage|p2a: BACKPFEIFENGESICHT|42\/100\n|-status|p2a: BACKPFEIFENGESICHT|psn\n|\n|-heal|p2a: BACKPFEIFENGESICHT|48\/100 psn|[from] Grassy Terrain\n|upkeep\n|turn|10\n|\n|t:|1700248959\n|switch|p2a: MICROWAVE|Heatran, F, tera:Grass|45\/100\n|move|p1a: Muk|Poison Jab|p2a: MICROWAVE\n|-supereffective|p2a: MICROWAVE\n|-damage|p2a: MICROWAVE|0 fnt\n|faint|p2a: MICROWAVE\n|\n|upkeep\n|inactive|SCHIZODROOLER98 has 120 seconds left.\n|c|\u2606thecreamguy|xd\n|\n|t:|1700248970\n|switch|p2a: STANKY LEG|Sneasler, M|100\/100\n|-enditem|p2a: STANKY LEG|Grassy Seed\n|-boost|p2a: STANKY LEG|def|1|[from] item: Grassy Seed\n|turn|11\n|c|\u2606thecreamguy|XD\n|\n|t:|1700248987\n|move|p1a: Muk|Protect|p1a: Muk\n|-singleturn|p1a: Muk|Protect\n|move|p2a: STANKY LEG|Swords Dance|p2a: STANKY LEG\n|-boost|p2a: STANKY LEG|atk|2\n|\n|-fieldend|move: Grassy Terrain\n|upkeep\n|turn|12\n|c|\u2606SCHIZODROOLER98|whats funny brother\n|c|\u2606SCHIZODROOLER98|share the joke\n|inactive|SCHIZODROOLER98 has 120 seconds left.\n|\n|t:|1700249007\n|move|p2a: STANKY LEG|Swords Dance|p2a: STANKY LEG\n|-boost|p2a: STANKY LEG|atk|2\n|move|p1a: Muk|Body Slam|p2a: STANKY LEG\n|-damage|p2a: STANKY LEG|80\/100\n|\n|upkeep\n|turn|13\n|inactive|SCHIZODROOLER98 has 120 seconds left.\n|\n|t:|1700249014\n|move|p2a: STANKY LEG|Close Combat|p1a: Muk\n|-damage|p1a: Muk|0 fnt\n|-unboost|p2a: STANKY LEG|def|1\n|-unboost|p2a: STANKY LEG|spd|1\n|faint|p1a: Muk\n|\n|upkeep\n|\n|t:|1700249034\n|switch|p1a: Zapdos|Zapdos|46\/100\n|-damage|p1a: Zapdos|22\/100|[from] Stealth Rock\n|turn|14\n|c|\u2606SCHIZODROOLER98|please bro i beg you i havent felt dopamine in years share the joke\n|inactive|SCHIZODROOLER98 has 120 seconds left.\n|c|\u2606thecreamguy|its you\n|\n|t:|1700249054\n|move|p2a: STANKY LEG|Gunk Shot|p1a: Zapdos\n|-damage|p1a: Zapdos|0 fnt\n|faint|p1a: Zapdos\n|\n|upkeep\n|c|\u2606thecreamguy|you are the joke\n|\n|t:|1700249065\n|switch|p1a: Dragapult|Dragapult, F|100\/100\n|-damage|p1a: Dragapult|88\/100|[from] Stealth Rock\n|turn|15\n|inactive|SCHIZODROOLER98 has 120 seconds left.\n|c|\u2606SCHIZODROOLER98|crying in the club rn\n|\n|t:|1700249090\n|-terastallize|p1a: Dragapult|Ghost\n|move|p2a: STANKY LEG|Night Slash|p1a: Dragapult\n|-supereffective|p1a: Dragapult\n|-damage|p1a: Dragapult|0 fnt\n|faint|p1a: Dragapult\n|\n|upkeep\n|\n|t:|1700249093\n|switch|p1a: Rillaboom|Rillaboom, F|100\/100\n|-damage|p1a: Rillaboom|88\/100|[from] Stealth Rock\n|-fieldstart|move: Grassy Terrain|[from] ability: Grassy Surge|[of] p1a: Rillaboom\n|turn|16\n|\n|t:|1700249097\n|move|p1a: Rillaboom|Grassy Glide|p2a: STANKY LEG\n|-resisted|p2a: STANKY LEG\n|-damage|p2a: STANKY LEG|37\/100\n|move|p2a: STANKY LEG|Close Combat|p1a: Rillaboom\n|-damage|p1a: Rillaboom|0 fnt\n|-unboost|p2a: STANKY LEG|def|1\n|-unboost|p2a: STANKY LEG|spd|1\n|faint|p1a: Rillaboom\n|\n|win|SCHIZODROOLER98\n|raw|thecreamguy's rating: 1452 &rarr; <strong>1432<\/strong><br \/>(-20 for losing)\n|raw|SCHIZODROOLER98's rating: 1456 &rarr; <strong>1476<\/strong><br \/>(+20 for winning)\n|c|\u2606SCHIZODROOLER98|cool game\n|c|\u2606SCHIZODROOLER98|thanks for playing\n|l|\u2606thecreamguy\n","uploadtime":1700249134,"views":19,"p1id":"thecreamguy","p2id":"schizodrooler98","formatid":"gen9ou","rating":1432,"private":0,"password":""}