{"id":"gen9ou-1994913440","p1":"Pokealexander","p2":"Slopandslimeher","format":"[Gen 9] OU","log":"|j|\u2606Pokealexander\n|j|\u2606Slopandslimeher\n|t:|1700504155\n|gametype|singles\n|player|p1|Pokealexander|acetrainersnow|1461\n|player|p2|Slopandslimeher|scientist|1441\n|teamsize|p1|6\n|teamsize|p2|6\n|gen|9\n|tier|[Gen 9] OU\n|rated|\n|rule|Sleep Clause Mod: Limit one foe put to sleep\n|rule|Species Clause: Limit one of each Pok\u00e9mon\n|rule|OHKO Clause: OHKO moves are banned\n|rule|Evasion Items Clause: Evasion items are banned\n|rule|Evasion Moves Clause: Evasion moves are banned\n|rule|Endless Battle Clause: Forcing endless battles is banned\n|rule|HP Percentage Mod: HP is shown in percentages\n|clearpoke\n|poke|p1|Iron Moth|\n|poke|p1|Kingambit, F|\n|poke|p1|Zapdos|\n|poke|p1|Gholdengo|\n|poke|p1|Great Tusk|\n|poke|p1|Amoonguss, F|\n|poke|p2|Weezing-Galar, F|\n|poke|p2|Ceruledge, F|\n|poke|p2|Hawlucha, F|\n|poke|p2|Samurott-Hisui, F|\n|poke|p2|Cinderace, F|\n|poke|p2|Sinistcha|\n|teampreview\n|inactive|Battle timer is ON: inactive players will automatically lose when time's up. (requested by Slopandslimeher)\n|inactive|Slopandslimeher has 120 seconds left.\n|\n|t:|1700504212\n|start\n|switch|p1a: Amoonguss|Amoonguss, F|100\/100\n|switch|p2a: Weezing|Weezing-Galar, F, shiny|100\/100\n|-fieldstart|move: Misty Terrain|[from] ability: Misty Surge|[of] p2a: Weezing\n|turn|1\n|\n|t:|1700504222\n|switch|p2a: Ceruledge|Ceruledge, F, shiny|100\/100\n|-enditem|p2a: Ceruledge|Misty Seed\n|-boost|p2a: Ceruledge|spd|1|[from] item: Misty Seed\n|move|p1a: Amoonguss|Sludge Bomb|p2a: Ceruledge\n|-resisted|p2a: Ceruledge\n|-damage|p2a: Ceruledge|92\/100\n|-damage|p1a: Amoonguss|91\/100|[from] item: Life Orb\n|\n|upkeep\n|turn|2\n|\n|t:|1700504237\n|switch|p1a: Great Tusk|Great Tusk|100\/100\n|move|p2a: Ceruledge|Bulk Up|p2a: Ceruledge\n|-boost|p2a: Ceruledge|atk|1\n|-boost|p2a: Ceruledge|def|1\n|\n|upkeep\n|turn|3\n|\n|t:|1700504255\n|-terastallize|p2a: Ceruledge|Dark\n|move|p2a: Ceruledge|Bulk Up|p2a: Ceruledge\n|-boost|p2a: Ceruledge|atk|1\n|-boost|p2a: Ceruledge|def|1\n|move|p1a: Great Tusk|Earthquake|p2a: Ceruledge\n|-damage|p2a: Ceruledge|69\/100\n|\n|upkeep\n|turn|4\n|\n|t:|1700504261\n|move|p2a: Ceruledge|Bitter Blade|p1a: Great Tusk\n|-damage|p1a: Great Tusk|64\/100\n|-heal|p2a: Ceruledge|92\/100|[from] drain|[of] p1a: Great Tusk\n|move|p1a: Great Tusk|Body Press|p2a: Ceruledge\n|-supereffective|p2a: Ceruledge\n|-damage|p2a: Ceruledge|44\/100\n|\n|-heal|p1a: Great Tusk|70\/100|[from] item: Leftovers\n|upkeep\n|turn|5\n|\n|t:|1700504274\n|move|p2a: Ceruledge|Bitter Blade|p1a: Great Tusk\n|-damage|p1a: Great Tusk|32\/100\n|-heal|p2a: Ceruledge|67\/100|[from] drain|[of] p1a: Great Tusk\n|move|p1a: Great Tusk|Body Press|p2a: Ceruledge\n|-supereffective|p2a: Ceruledge\n|-damage|p2a: Ceruledge|16\/100\n|\n|-heal|p1a: Great Tusk|38\/100|[from] item: Leftovers\n|-fieldend|Misty Terrain\n|upkeep\n|turn|6\n|\n|t:|1700504282\n|move|p2a: Ceruledge|Bitter Blade|p1a: Great Tusk\n|-damage|p1a: Great Tusk|3\/100\n|-heal|p2a: Ceruledge|38\/100|[from] drain|[of] p1a: Great Tusk\n|move|p1a: Great Tusk|Body Press|p2a: Ceruledge\n|-supereffective|p2a: Ceruledge\n|-damage|p2a: Ceruledge|0 fnt\n|faint|p2a: Ceruledge\n|\n|-heal|p1a: Great Tusk|9\/100|[from] item: Leftovers\n|upkeep\n|\n|t:|1700504290\n|switch|p2a: Weezing|Weezing-Galar, F, shiny|100\/100\n|-fieldstart|move: Misty Terrain|[from] ability: Misty Surge|[of] p2a: Weezing\n|turn|7\n|\n|t:|1700504297\n|switch|p2a: Hawlucha|Hawlucha, F, shiny|100\/100\n|-enditem|p2a: Hawlucha|Misty Seed\n|-boost|p2a: Hawlucha|spd|1|[from] item: Misty Seed\n|move|p1a: Great Tusk|Stealth Rock|p2a: Hawlucha\n|-sidestart|p2: Slopandslimeher|move: Stealth Rock\n|\n|-heal|p1a: Great Tusk|15\/100|[from] item: Leftovers\n|upkeep\n|turn|8\n|\n|t:|1700504310\n|-end|p1a: Great Tusk|Protosynthesis|[silent]\n|switch|p1a: Zapdos|Zapdos|100\/100\n|move|p2a: Hawlucha|Swords Dance|p2a: Hawlucha\n|-boost|p2a: Hawlucha|atk|2\n|\n|upkeep\n|turn|9\n|\n|t:|1700504322\n|move|p2a: Hawlucha|Fire Punch|p1a: Zapdos\n|-damage|p1a: Zapdos|41\/100\n|move|p1a: Zapdos|Volt Switch|p2a: Hawlucha\n|-supereffective|p2a: Hawlucha\n|-damage|p2a: Hawlucha|33\/100\n|\n|t:|1700504331\n|switch|p1a: Gholdengo|Gholdengo|100\/100|[from] Volt Switch\n|\n|upkeep\n|turn|10\n|\n|t:|1700504334\n|move|p2a: Hawlucha|Fire Punch|p1a: Gholdengo\n|-supereffective|p1a: Gholdengo\n|-damage|p1a: Gholdengo|18\/100\n|move|p1a: Gholdengo|Shadow Ball|p2a: Hawlucha\n|-damage|p2a: Hawlucha|0 fnt\n|faint|p2a: Hawlucha\n|\n|upkeep\n|\n|t:|1700504343\n|switch|p2a: Cinderace|Cinderace, F|100\/100\n|turn|11\n|\n|t:|1700504347\n|move|p2a: Cinderace|Court Change|p2a: Cinderace\n|-swapsideconditions\n|-activate|p2a: Cinderace|move: Court Change\n|move|p1a: Gholdengo|Shadow Ball|p2a: Cinderace\n|-damage|p2a: Cinderace|55\/100\n|\n|-fieldend|Misty Terrain\n|upkeep\n|turn|12\n|\n|t:|1700504353\n|move|p2a: Cinderace|Pyro Ball|p1a: Gholdengo\n|-supereffective|p1a: Gholdengo\n|-damage|p1a: Gholdengo|0 fnt\n|faint|p1a: Gholdengo\n|\n|upkeep\n|\n|t:|1700504375\n|switch|p1a: Great Tusk|Great Tusk|15\/100\n|-damage|p1a: Great Tusk|12\/100|[from] Stealth Rock\n|turn|13\n|\n|t:|1700504379\n|move|p2a: Cinderace|Pyro Ball|p1a: Great Tusk\n|-crit|p1a: Great Tusk\n|-damage|p1a: Great Tusk|0 fnt\n|faint|p1a: Great Tusk\n|-end|p1a: Great Tusk|Protosynthesis|[silent]\n|\n|upkeep\n|\n|t:|1700504391\n|switch|p1a: Iron Moth|Iron Moth|100\/100\n|-damage|p1a: Iron Moth|76\/100|[from] Stealth Rock\n|-enditem|p1a: Iron Moth|Booster Energy\n|-activate|p1a: Iron Moth|ability: Quark Drive|[fromitem]\n|-start|p1a: Iron Moth|quarkdrivespe\n|turn|14\n|\n|t:|1700504402\n|move|p1a: Iron Moth|Fiery Dance|p2a: Cinderace\n|-resisted|p2a: Cinderace\n|-damage|p2a: Cinderace|30\/100\n|move|p2a: Cinderace|Pyro Ball|p1a: Iron Moth\n|-resisted|p1a: Iron Moth\n|-damage|p1a: Iron Moth|9\/100\n|\n|upkeep\n|turn|15\n|\n|t:|1700504412\n|switch|p2a: Samurott|Samurott-Hisui, F, shiny|100\/100\n|move|p1a: Iron Moth|Sludge Wave|p2a: Samurott\n|-damage|p2a: Samurott|73\/100\n|\n|upkeep\n|turn|16\n|\n|t:|1700504421\n|move|p2a: Samurott|Sucker Punch|p1a: Iron Moth\n|-crit|p1a: Iron Moth\n|-damage|p1a: Iron Moth|0 fnt\n|faint|p1a: Iron Moth\n|-end|p1a: Iron Moth|Quark Drive|[silent]\n|\n|upkeep\n|\n|t:|1700504431\n|switch|p1a: Amoonguss|Amoonguss, F|100\/100\n|-damage|p1a: Amoonguss|88\/100|[from] Stealth Rock\n|turn|17\n|\n|t:|1700504436\n|switch|p2a: Weezing|Weezing-Galar, F, shiny|100\/100\n|-fieldstart|move: Misty Terrain|[from] ability: Misty Surge|[of] p2a: Weezing\n|move|p1a: Amoonguss|Sludge Bomb|p2a: Weezing\n|-crit|p2a: Weezing\n|-damage|p2a: Weezing|29\/100\n|-damage|p1a: Amoonguss|78\/100|[from] item: Life Orb\n|\n|upkeep\n|turn|18\n|\n|t:|1700504443\n|move|p2a: Weezing|Pain Split|p1a: Amoonguss\n|-sethp|p1a: Amoonguss|50\/100|[from] move: Pain Split|[silent]\n|-sethp|p2a: Weezing|65\/100|[from] move: Pain Split\n|move|p1a: Amoonguss|Sludge Bomb|p2a: Weezing\n|-damage|p2a: Weezing|18\/100\n|-damage|p1a: Amoonguss|40\/100|[from] item: Life Orb\n|\n|upkeep\n|turn|19\n|\n|t:|1700504456\n|move|p2a: Weezing|Fire Blast|p1a: Amoonguss\n|-supereffective|p1a: Amoonguss\n|-damage|p1a: Amoonguss|10\/100\n|move|p1a: Amoonguss|Sludge Bomb|p2a: Weezing\n|-damage|p2a: Weezing|0 fnt\n|faint|p2a: Weezing\n|-damage|p1a: Amoonguss|0 fnt|[from] item: Life Orb\n|faint|p1a: Amoonguss\n|\n|upkeep\n|\n|t:|1700504467\n|switch|p2a: Cinderace|Cinderace, F|30\/100\n|switch|p1a: Zapdos|Zapdos|41\/100\n|turn|20\n|\n|t:|1700504472\n|move|p2a: Cinderace|Pyro Ball|p1a: Zapdos\n|-damage|p1a: Zapdos|0 fnt\n|faint|p1a: Zapdos\n|\n|upkeep\n|\n|t:|1700504474\n|switch|p1a: Kingambit|Kingambit, F|100\/100\n|-damage|p1a: Kingambit|94\/100|[from] Stealth Rock\n|-activate|p1a: Kingambit|ability: Supreme Overlord\n|-start|p1a: Kingambit|fallen5|[silent]\n|turn|21\n|\n|t:|1700504483\n|-terastallize|p1a: Kingambit|Flying\n|move|p2a: Cinderace|Pyro Ball|p1a: Kingambit\n|-damage|p1a: Kingambit|42\/100\n|move|p1a: Kingambit|Tera Blast|p2a: Cinderace|[anim] Tera Blast Flying\n|-damage|p2a: Cinderace|0 fnt\n|faint|p2a: Cinderace\n|\n|-heal|p1a: Kingambit|48\/100|[from] item: Leftovers\n|-fieldend|Misty Terrain\n|upkeep\n|\n|t:|1700504494\n|switch|p2a: Samurott|Samurott-Hisui, F, shiny|73\/100\n|turn|22\n|\n|t:|1700504499\n|move|p2a: Samurott|Ceaseless Edge|p1a: Kingambit\n|-damage|p1a: Kingambit|22\/100\n|-sidestart|p1: Pokealexander|Spikes\n|move|p1a: Kingambit|Tera Blast|p2a: Samurott|[anim] Tera Blast Flying\n|-damage|p2a: Samurott|0 fnt\n|faint|p2a: Samurott\n|\n|-heal|p1a: Kingambit|28\/100|[from] item: Leftovers\n|upkeep\n|\n|t:|1700504505\n|switch|p2a: Sinistcha|Sinistcha|100\/100\n|turn|23\n|\n|t:|1700504510\n|move|p2a: Sinistcha|Iron Defense|p2a: Sinistcha\n|-boost|p2a: Sinistcha|def|2\n|move|p1a: Kingambit|Tera Blast|p2a: Sinistcha|[anim] Tera Blast Flying\n|-supereffective|p2a: Sinistcha\n|-damage|p2a: Sinistcha|52\/100\n|\n|-heal|p2a: Sinistcha|58\/100|[from] item: Leftovers\n|-heal|p1a: Kingambit|35\/100|[from] item: Leftovers\n|upkeep\n|turn|24\n|\n|t:|1700504517\n|move|p2a: Sinistcha|Strength Sap|p1a: Kingambit\n|-unboost|p1a: Kingambit|atk|1\n|-heal|p2a: Sinistcha|100\/100\n|move|p1a: Kingambit|Tera Blast|p2a: Sinistcha|[anim] Tera Blast Flying\n|-supereffective|p2a: Sinistcha\n|-damage|p2a: Sinistcha|66\/100\n|\n|-heal|p2a: Sinistcha|72\/100|[from] item: Leftovers\n|-heal|p1a: Kingambit|41\/100|[from] item: Leftovers\n|upkeep\n|turn|25\n|\n|t:|1700504525\n|move|p2a: Sinistcha|Matcha Gotcha|p1a: Kingambit\n|-resisted|p1a: Kingambit\n|-damage|p1a: Kingambit|25\/100\n|-heal|p2a: Sinistcha|81\/100|[from] drain|[of] p1a: Kingambit\n|move|p1a: Kingambit|Swords Dance|p1a: Kingambit\n|-boost|p1a: Kingambit|atk|2\n|\n|-heal|p2a: Sinistcha|87\/100|[from] item: Leftovers\n|-heal|p1a: Kingambit|32\/100|[from] item: Leftovers\n|upkeep\n|turn|26\n|\n|t:|1700504533\n|move|p2a: Sinistcha|Strength Sap|p1a: Kingambit\n|-unboost|p1a: Kingambit|atk|1\n|-heal|p2a: Sinistcha|100\/100\n|move|p1a: Kingambit|Tera Blast|p2a: Sinistcha|[anim] Tera Blast Flying\n|-supereffective|p2a: Sinistcha\n|-damage|p2a: Sinistcha|48\/100\n|\n|-heal|p2a: Sinistcha|54\/100|[from] item: Leftovers\n|-heal|p1a: Kingambit|38\/100|[from] item: Leftovers\n|upkeep\n|turn|27\n|\n|t:|1700504540\n|move|p2a: Sinistcha|Strength Sap|p1a: Kingambit\n|-unboost|p1a: Kingambit|atk|1\n|-heal|p2a: Sinistcha|100\/100\n|move|p1a: Kingambit|Tera Blast|p2a: Sinistcha|[anim] Tera Blast Flying\n|-supereffective|p2a: Sinistcha\n|-damage|p2a: Sinistcha|67\/100\n|\n|-heal|p2a: Sinistcha|74\/100|[from] item: Leftovers\n|-heal|p1a: Kingambit|44\/100|[from] item: Leftovers\n|upkeep\n|turn|28\n|\n|t:|1700504545\n|move|p2a: Sinistcha|Iron Defense|p2a: Sinistcha\n|-boost|p2a: Sinistcha|def|2\n|move|p1a: Kingambit|Swords Dance|p1a: Kingambit\n|-boost|p1a: Kingambit|atk|2\n|\n|-heal|p2a: Sinistcha|80\/100|[from] item: Leftovers\n|-heal|p1a: Kingambit|50\/100|[from] item: Leftovers\n|upkeep\n|turn|29\n|\n|t:|1700504549\n|move|p2a: Sinistcha|Strength Sap|p1a: Kingambit\n|-unboost|p1a: Kingambit|atk|1\n|-heal|p2a: Sinistcha|100\/100\n|move|p1a: Kingambit|Swords Dance|p1a: Kingambit\n|-boost|p1a: Kingambit|atk|2\n|\n|-heal|p1a: Kingambit|56\/100|[from] item: Leftovers\n|upkeep\n|turn|30\n|\n|t:|1700504560\n|move|p2a: Sinistcha|Strength Sap|p1a: Kingambit\n|-unboost|p1a: Kingambit|atk|1\n|move|p1a: Kingambit|Swords Dance|p1a: Kingambit\n|-boost|p1a: Kingambit|atk|2\n|\n|-heal|p1a: Kingambit|63\/100|[from] item: Leftovers\n|upkeep\n|turn|31\n|\n|t:|1700504565\n|move|p2a: Sinistcha|Matcha Gotcha|p1a: Kingambit\n|-resisted|p1a: Kingambit\n|-damage|p1a: Kingambit|48\/100\n|-status|p1a: Kingambit|brn\n|move|p1a: Kingambit|Tera Blast|p2a: Sinistcha|[anim] Tera Blast Flying\n|-supereffective|p2a: Sinistcha\n|-damage|p2a: Sinistcha|60\/100\n|\n|-heal|p2a: Sinistcha|66\/100|[from] item: Leftovers\n|-heal|p1a: Kingambit|54\/100 brn|[from] item: Leftovers\n|-damage|p1a: Kingambit|48\/100 brn|[from] brn\n|upkeep\n|turn|32\n|\n|t:|1700504572\n|move|p2a: Sinistcha|Strength Sap|p1a: Kingambit\n|-unboost|p1a: Kingambit|atk|1\n|-heal|p2a: Sinistcha|100\/100\n|move|p1a: Kingambit|Tera Blast|p2a: Sinistcha|[anim] Tera Blast Flying\n|-supereffective|p2a: Sinistcha\n|-damage|p2a: Sinistcha|69\/100\n|\n|-heal|p2a: Sinistcha|75\/100|[from] item: Leftovers\n|-heal|p1a: Kingambit|54\/100 brn|[from] item: Leftovers\n|-damage|p1a: Kingambit|48\/100 brn|[from] brn\n|upkeep\n|turn|33\n|\n|t:|1700504577\n|move|p2a: Sinistcha|Calm Mind|p2a: Sinistcha\n|-boost|p2a: Sinistcha|spa|1\n|-boost|p2a: Sinistcha|spd|1\n|move|p1a: Kingambit|Tera Blast|p2a: Sinistcha|[anim] Tera Blast Flying\n|-supereffective|p2a: Sinistcha\n|-damage|p2a: Sinistcha|44\/100\n|\n|-heal|p2a: Sinistcha|50\/100|[from] item: Leftovers\n|-heal|p1a: Kingambit|54\/100 brn|[from] item: Leftovers\n|-damage|p1a: Kingambit|48\/100 brn|[from] brn\n|upkeep\n|turn|34\n|\n|t:|1700504583\n|move|p2a: Sinistcha|Strength Sap|p1a: Kingambit\n|-unboost|p1a: Kingambit|atk|1\n|-heal|p2a: Sinistcha|100\/100\n|move|p1a: Kingambit|Tera Blast|p2a: Sinistcha|[anim] Tera Blast Flying\n|-supereffective|p2a: Sinistcha\n|-damage|p2a: Sinistcha|78\/100\n|\n|-heal|p2a: Sinistcha|84\/100|[from] item: Leftovers\n|-heal|p1a: Kingambit|54\/100 brn|[from] item: Leftovers\n|-damage|p1a: Kingambit|48\/100 brn|[from] brn\n|upkeep\n|turn|35\n|-message|Pokealexander forfeited.\n|\n|win|Slopandslimeher\n|raw|Pokealexander's rating: 1461 &rarr; <strong>1440<\/strong><br \/>(-21 for losing)\n|raw|Slopandslimeher's rating: 1441 &rarr; <strong>1462<\/strong><br \/>(+21 for winning)\n|l|\u2606Pokealexander\n","uploadtime":1700504594,"views":11,"p1id":"pokealexander","p2id":"slopandslimeher","formatid":"gen9ou","rating":1440,"private":0,"password":""}