{"id":"gen9ou-1993946172","p1":"QuackBarz","p2":"Stefan69","format":"[Gen 9] OU","log":"|j|\u2606QuackBarz\n|j|\u2606Stefan69\n|t:|1700380450\n|gametype|singles\n|player|p1|QuackBarz|1|1220\n|player|p2|Stefan69|265|1208\n|teamsize|p1|6\n|teamsize|p2|6\n|gen|9\n|tier|[Gen 9] OU\n|rated|\n|rule|Sleep Clause Mod: Limit one foe put to sleep\n|rule|Species Clause: Limit one of each Pok\u00e9mon\n|rule|OHKO Clause: OHKO moves are banned\n|rule|Evasion Items Clause: Evasion items are banned\n|rule|Evasion Moves Clause: Evasion moves are banned\n|rule|Endless Battle Clause: Forcing endless battles is banned\n|rule|HP Percentage Mod: HP is shown in percentages\n|clearpoke\n|poke|p1|Scizor, M|\n|poke|p1|Gastrodon, F|\n|poke|p1|Landorus-Therian, M|\n|poke|p1|Zapdos|\n|poke|p1|Gengar, F|\n|poke|p1|Dragapult, F|\n|poke|p2|Samurott-Hisui, M|\n|poke|p2|Gholdengo|\n|poke|p2|Sneasler, F|\n|poke|p2|Landorus-Therian, M|\n|poke|p2|Heatran, M|\n|poke|p2|Zapdos|\n|teampreview\n|\n|t:|1700380473\n|start\n|switch|p1a: Scizor|Scizor, M|100\/100\n|switch|p2a: Landorus|Landorus-Therian, M|100\/100\n|-ability|p2a: Landorus|Intimidate|boost\n|-unboost|p1a: Scizor|atk|1\n|turn|1\n|\n|t:|1700380492\n|move|p2a: Landorus|Stealth Rock|p1a: Scizor\n|-sidestart|p1: QuackBarz|move: Stealth Rock\n|move|p1a: Scizor|Knock Off|p2a: Landorus\n|-damage|p2a: Landorus|70\/100\n|-damage|p1a: Scizor|84\/100|[from] item: Rocky Helmet|[of] p2a: Landorus\n|-enditem|p2a: Landorus|Rocky Helmet|[from] move: Knock Off|[of] p1a: Scizor\n|\n|upkeep\n|turn|2\n|\n|t:|1700380504\n|switch|p1a: Gastrodon|Gastrodon, F|100\/100\n|-damage|p1a: Gastrodon|94\/100|[from] Stealth Rock\n|move|p2a: Landorus|Earthquake|p1a: Gastrodon\n|-damage|p1a: Gastrodon|47\/100\n|\n|-heal|p1a: Gastrodon|53\/100|[from] item: Leftovers\n|upkeep\n|turn|3\n|\n|t:|1700380518\n|move|p2a: Landorus|U-turn|p1a: Gastrodon\n|-damage|p1a: Gastrodon|31\/100\n|\n|t:|1700380521\n|switch|p2a: Heatran|Heatran, M|100\/100|[from] U-turn\n|move|p1a: Gastrodon|Recover|p1a: Gastrodon\n|-heal|p1a: Gastrodon|81\/100\n|\n|-heal|p1a: Gastrodon|87\/100|[from] item: Leftovers\n|upkeep\n|turn|4\n|\n|t:|1700380530\n|-terastallize|p2a: Heatran|Grass\n|move|p2a: Heatran|Tera Blast|p1a: Gastrodon|[anim] Tera Blast Grass\n|-supereffective|p1a: Gastrodon\n|-damage|p1a: Gastrodon|0 fnt\n|faint|p1a: Gastrodon\n|\n|upkeep\n|\n|t:|1700380571\n|switch|p1a: Zapdos|Zapdos|100\/100\n|-damage|p1a: Zapdos|76\/100|[from] Stealth Rock\n|turn|5\n|\n|t:|1700380582\n|move|p1a: Zapdos|Thunder|p2a: Heatran\n|-resisted|p2a: Heatran\n|-damage|p2a: Heatran|74\/100\n|-damage|p1a: Zapdos|66\/100|[from] item: Life Orb\n|move|p2a: Heatran|Taunt|p1a: Zapdos\n|-start|p1a: Zapdos|move: Taunt\n|\n|-heal|p2a: Heatran|81\/100|[from] item: Leftovers\n|upkeep\n|turn|6\n|\n|t:|1700380592\n|move|p1a: Zapdos|Hurricane|p2a: Heatran\n|-supereffective|p2a: Heatran\n|-damage|p2a: Heatran|0 fnt\n|faint|p2a: Heatran\n|-damage|p1a: Zapdos|56\/100|[from] item: Life Orb\n|\n|upkeep\n|\n|t:|1700380599\n|switch|p2a: Landorus|Landorus-Therian, M|70\/100\n|-ability|p2a: Landorus|Intimidate|boost\n|-unboost|p1a: Zapdos|atk|1\n|turn|7\n|\n|t:|1700380605\n|move|p1a: Zapdos|Hurricane|p2a: Landorus\n|-damage|p2a: Landorus|0 fnt\n|faint|p2a: Landorus\n|-damage|p1a: Zapdos|46\/100|[from] item: Life Orb\n|\n|upkeep\n|\n|t:|1700380617\n|switch|p2a: Zapdos|Zapdos|100\/100\n|turn|8\n|\n|t:|1700380624\n|-terastallize|p1a: Zapdos|Electric\n|move|p2a: Zapdos|Hurricane|p1a: Zapdos\n|-resisted|p1a: Zapdos\n|-damage|p1a: Zapdos|12\/100\n|move|p1a: Zapdos|Thunder|p2a: Zapdos\n|-damage|p2a: Zapdos|0 fnt\n|faint|p2a: Zapdos\n|-damage|p1a: Zapdos|2\/100|[from] item: Life Orb\n|\n|-end|p1a: Zapdos|move: Taunt\n|upkeep\n|-message|Stefan69 forfeited.\n|\n|win|QuackBarz\n|raw|QuackBarz's rating: 1252 &rarr; <strong>1274<\/strong><br \/>(+22 for winning)\n|raw|Stefan69's rating: 1208 &rarr; <strong>1186<\/strong><br \/>(-22 for losing)\n|l|\u2606Stefan69\n","uploadtime":1700380723,"views":9,"p1id":"quackbarz","p2id":"stefan69","formatid":"gen9ou","rating":1186,"private":0,"password":""}