{"id":"gen9ou-1990454554","p1":"Pirate King Zezima","p2":"illes","format":"[Gen 9] OU","log":"|j|\u2606Pirate King Zezima\n|j|\u2606illes\n|t:|1699972532\n|gametype|singles\n|player|p1|Pirate King Zezima|archer|1611\n|player|p2|illes|266|1627\n|teamsize|p1|6\n|teamsize|p2|6\n|gen|9\n|tier|[Gen 9] OU\n|rated|\n|rule|Sleep Clause Mod: Limit one foe put to sleep\n|rule|Species Clause: Limit one of each Pok\u00e9mon\n|rule|OHKO Clause: OHKO moves are banned\n|rule|Evasion Items Clause: Evasion items are banned\n|rule|Evasion Moves Clause: Evasion moves are banned\n|rule|Endless Battle Clause: Forcing endless battles is banned\n|rule|HP Percentage Mod: HP is shown in percentages\n|clearpoke\n|poke|p1|Amoonguss, F|\n|poke|p1|Alomomola, M|\n|poke|p1|Cinderace, F|\n|poke|p1|Ogerpon-Wellspring, F|\n|poke|p1|Dondozo, M|\n|poke|p1|Ting-Lu|\n|poke|p2|Corviknight, F|\n|poke|p2|Amoonguss, F|\n|poke|p2|Dondozo, F|\n|poke|p2|Clefable, F|\n|poke|p2|Blissey, F|\n|poke|p2|Ting-Lu|\n|teampreview\n|\n|t:|1699972549\n|start\n|switch|p1a: Amoonguss|Amoonguss, F|100\/100\n|switch|p2a: Clefable|Clefable, F|100\/100\n|turn|1\n|\n|t:|1699972556\n|switch|p2a: Corviknight|Corviknight, F|100\/100\n|-ability|p2a: Corviknight|Pressure\n|move|p1a: Amoonguss|Spore|p2a: Corviknight\n|-status|p2a: Corviknight|slp|[from] move: Spore\n|\n|upkeep\n|turn|2\n|\n|t:|1699972572\n|switch|p1a: Ting-Lu|Ting-Lu|100\/100\n|-ability|p1a: Ting-Lu|Vessel of Ruin\n|cant|p2a: Corviknight|slp\n|\n|upkeep\n|turn|3\n|\n|t:|1699972585\n|switch|p2a: Clefable|Clefable, F|100\/100\n|move|p1a: Ting-Lu|Stealth Rock|p2a: Clefable\n|-sidestart|p2: illes|move: Stealth Rock\n|\n|upkeep\n|turn|4\n|\n|t:|1699972594\n|move|p2a: Clefable|Knock Off|p1a: Ting-Lu\n|-resisted|p1a: Ting-Lu\n|-damage|p1a: Ting-Lu|97\/100\n|-enditem|p1a: Ting-Lu|Leftovers|[from] move: Knock Off|[of] p2a: Clefable\n|move|p1a: Ting-Lu|Ruination|p2a: Clefable\n|-damage|p2a: Clefable|50\/100\n|\n|upkeep\n|turn|5\n|\n|t:|1699972603\n|move|p2a: Clefable|Wish|p2a: Clefable\n|move|p1a: Ting-Lu|Whirlwind|p2a: Clefable\n|drag|p2a: Ting-Lu|Ting-Lu|100\/100\n|-ability|p2a: Ting-Lu|Vessel of Ruin\n|\n|upkeep\n|turn|6\n|\n|t:|1699972613\n|switch|p2a: Clefable|Clefable, F|50\/100\n|switch|p1a: Ogerpon|Ogerpon-Wellspring, F|100\/100\n|\n|-heal|p2a: Clefable|100\/100|[from] move: Wish|[wisher] Clefable\n|upkeep\n|turn|7\n|\n|t:|1699972622\n|switch|p2a: Amoonguss|Amoonguss, F|100\/100\n|move|p1a: Ogerpon|Substitute|p1a: Ogerpon\n|-start|p1a: Ogerpon|Substitute\n|-damage|p1a: Ogerpon|76\/100\n|\n|upkeep\n|turn|8\n|\n|t:|1699972636\n|switch|p2a: Corviknight|Corviknight, F|100\/100 slp\n|-damage|p2a: Corviknight|88\/100 slp|[from] Stealth Rock\n|-ability|p2a: Corviknight|Pressure\n|-terastallize|p1a: Ogerpon|Water\n|detailschange|p1a: Ogerpon|Ogerpon-Wellspring-Tera, F, tera:Water\n|-ability|p1a: Ogerpon|Embody Aspect (Wellspring)|boost\n|-boost|p1a: Ogerpon|spd|1\n|move|p1a: Ogerpon|Ivy Cudgel|p2a: Corviknight|[anim] Ivy Cudgel Water\n|-damage|p2a: Corviknight|38\/100 slp\n|\n|upkeep\n|turn|9\n|j| pikmin > pkmn\n|\n|t:|1699972651\n|switch|p2a: Dondozo|Dondozo, F|100\/100\n|move|p1a: Ogerpon|Swords Dance|p1a: Ogerpon\n|-boost|p1a: Ogerpon|atk|2\n|\n|upkeep\n|turn|10\n|\n|t:|1699972659\n|-terastallize|p2a: Dondozo|Dragon\n|move|p1a: Ogerpon|Horn Leech|p2a: Dondozo\n|-resisted|p2a: Dondozo\n|-damage|p2a: Dondozo|91\/100\n|-heal|p1a: Ogerpon|83\/100|[from] drain|[of] p2a: Dondozo\n|move|p2a: Dondozo|Curse|p2a: Dondozo\n|-unboost|p2a: Dondozo|spe|1\n|-boost|p2a: Dondozo|atk|1\n|-boost|p2a: Dondozo|def|1\n|\n|upkeep\n|turn|11\n|\n|t:|1699972673\n|move|p1a: Ogerpon|Ivy Cudgel|p2a: Dondozo|[anim] Ivy Cudgel Water\n|-resisted|p2a: Dondozo\n|-damage|p2a: Dondozo|80\/100\n|move|p2a: Dondozo|Body Press|p1a: Ogerpon\n|-end|p1a: Ogerpon|Substitute\n|\n|upkeep\n|turn|12\n|\n|t:|1699972679\n|switch|p1a: Amoonguss|Amoonguss, F|100\/100\n|move|p2a: Dondozo|Body Press|p1a: Amoonguss\n|-resisted|p1a: Amoonguss\n|-damage|p1a: Amoonguss|83\/100\n|\n|-heal|p1a: Amoonguss|89\/100|[from] item: Leftovers\n|upkeep\n|turn|13\n|\n|t:|1699972687\n|move|p1a: Amoonguss|Toxic|p2a: Dondozo\n|-status|p2a: Dondozo|tox\n|move|p2a: Dondozo|Curse|p2a: Dondozo\n|-unboost|p2a: Dondozo|spe|1\n|-boost|p2a: Dondozo|atk|1\n|-boost|p2a: Dondozo|def|1\n|\n|-heal|p1a: Amoonguss|95\/100|[from] item: Leftovers\n|-damage|p2a: Dondozo|74\/100 tox|[from] psn\n|upkeep\n|turn|14\n|\n|t:|1699972692\n|move|p1a: Amoonguss|Clear Smog|p2a: Dondozo\n|-damage|p2a: Dondozo|59\/100 tox\n|-clearboost|p2a: Dondozo\n|move|p2a: Dondozo|Rest|p2a: Dondozo\n|-status|p2a: Dondozo|slp|[from] move: Rest\n|-heal|p2a: Dondozo|100\/100 slp|[silent]\n|\n|-heal|p1a: Amoonguss|100\/100|[from] item: Leftovers\n|upkeep\n|turn|15\n|\n|t:|1699972705\n|switch|p2a: Corviknight|Corviknight, F|38\/100 slp\n|-damage|p2a: Corviknight|26\/100 slp|[from] Stealth Rock\n|-ability|p2a: Corviknight|Pressure\n|switch|p1a: Ting-Lu|Ting-Lu|97\/100\n|-ability|p1a: Ting-Lu|Vessel of Ruin\n|\n|upkeep\n|turn|16\n|l| pikmin > pkmn\n|\n|t:|1699972710\n|-curestatus|p2a: Corviknight|slp|[msg]\n|move|p2a: Corviknight|Roost|p2a: Corviknight\n|-heal|p2a: Corviknight|76\/100\n|-singleturn|p2a: Corviknight|move: Roost\n|move|p1a: Ting-Lu|Whirlwind|p2a: Corviknight\n|drag|p2a: Blissey|Blissey, F|100\/100\n|\n|upkeep\n|turn|17\n|\n|t:|1699972724\n|switch|p2a: Corviknight|Corviknight, F|76\/100\n|-damage|p2a: Corviknight|63\/100|[from] Stealth Rock\n|-ability|p2a: Corviknight|Pressure\n|move|p1a: Ting-Lu|Earthquake|p2a: Corviknight\n|-immune|p2a: Corviknight\n|\n|upkeep\n|turn|18\n|\n|t:|1699972732\n|move|p2a: Corviknight|Roost|p2a: Corviknight\n|-heal|p2a: Corviknight|100\/100\n|-singleturn|p2a: Corviknight|move: Roost\n|move|p1a: Ting-Lu|Whirlwind|p2a: Corviknight\n|drag|p2a: Dondozo|Dondozo, F, tera:Dragon|100\/100 slp\n|\n|upkeep\n|turn|19\n|\n|t:|1699972745\n|switch|p2a: Amoonguss|Amoonguss, F|100\/100\n|move|p1a: Ting-Lu|Ruination|p2a: Amoonguss\n|-damage|p2a: Amoonguss|50\/100\n|\n|upkeep\n|turn|20\n|j| lgang007\n|\n|t:|1699972752\n|switch|p1a: Amoonguss|Amoonguss, F|100\/100\n|move|p2a: Amoonguss|Toxic|p1a: Amoonguss\n|-immune|p1a: Amoonguss\n|\n|upkeep\n|turn|21\n|l| lgang007\n|\n|t:|1699972766\n|switch|p1a: Cinderace|Cinderace, F|100\/100\n|switch|p2a: Blissey|Blissey, F|100\/100\n|\n|upkeep\n|turn|22\n|\n|t:|1699972774\n|switch|p2a: Clefable|Clefable, F|100\/100\n|move|p1a: Cinderace|Pyro Ball|p2a: Clefable\n|-damage|p2a: Clefable|59\/100\n|\n|upkeep\n|turn|23\n|\n|t:|1699972789\n|move|p1a: Cinderace|U-turn|p2a: Clefable\n|-resisted|p2a: Clefable\n|-damage|p2a: Clefable|51\/100\n|\n|t:|1699972792\n|switch|p1a: Ogerpon|Ogerpon-Wellspring-Tera, F, tera:Water|83\/100|[from] U-turn\n|-ability|p1a: Ogerpon|Embody Aspect (Wellspring)|boost\n|-boost|p1a: Ogerpon|spd|1\n|move|p2a: Clefable|Wish|p2a: Clefable\n|\n|upkeep\n|turn|24\n|j| lgang007\n|j| Shedtailhater\n|\n|t:|1699972807\n|move|p1a: Ogerpon|Substitute|p1a: Ogerpon\n|-start|p1a: Ogerpon|Substitute\n|-damage|p1a: Ogerpon|58\/100\n|move|p2a: Clefable|Stealth Rock|p1a: Ogerpon\n|-sidestart|p1: Pirate King Zezima|move: Stealth Rock\n|\n|-heal|p2a: Clefable|100\/100|[from] move: Wish|[wisher] Clefable\n|upkeep\n|turn|25\n|\n|t:|1699972815\n|switch|p2a: Dondozo|Dondozo, F, tera:Dragon|100\/100 slp\n|move|p1a: Ogerpon|Swords Dance|p1a: Ogerpon\n|-boost|p1a: Ogerpon|atk|2\n|\n|upkeep\n|turn|26\n|\n|t:|1699972822\n|move|p1a: Ogerpon|Ivy Cudgel|p2a: Dondozo|[anim] Ivy Cudgel Water\n|-resisted|p2a: Dondozo\n|-damage|p2a: Dondozo|84\/100 slp\n|cant|p2a: Dondozo|slp\n|\n|upkeep\n|turn|27\n|\n|t:|1699972834\n|move|p1a: Ogerpon|Horn Leech|p2a: Dondozo\n|-resisted|p2a: Dondozo\n|-damage|p2a: Dondozo|74\/100 slp\n|-heal|p1a: Ogerpon|66\/100|[from] drain|[of] p2a: Dondozo\n|cant|p2a: Dondozo|slp\n|\n|upkeep\n|turn|28\n|\n|t:|1699972857\n|move|p1a: Ogerpon|Ivy Cudgel|p2a: Dondozo|[anim] Ivy Cudgel Water\n|-resisted|p2a: Dondozo\n|-damage|p2a: Dondozo|55\/100 slp\n|-curestatus|p2a: Dondozo|slp|[msg]\n|move|p2a: Dondozo|Curse|p2a: Dondozo\n|-unboost|p2a: Dondozo|spe|1\n|-boost|p2a: Dondozo|atk|1\n|-boost|p2a: Dondozo|def|1\n|\n|upkeep\n|turn|29\n|\n|t:|1699972869\n|move|p1a: Ogerpon|Ivy Cudgel|p2a: Dondozo|[anim] Ivy Cudgel Water\n|-resisted|p2a: Dondozo\n|-damage|p2a: Dondozo|43\/100\n|move|p2a: Dondozo|Liquidation|p1a: Ogerpon\n|-resisted|p1a: Ogerpon\n|-end|p1a: Ogerpon|Substitute\n|\n|upkeep\n|turn|30\n|\n|t:|1699972877\n|switch|p1a: Amoonguss|Amoonguss, F|100\/100\n|-damage|p1a: Amoonguss|88\/100|[from] Stealth Rock\n|move|p2a: Dondozo|Rest|p2a: Dondozo\n|-status|p2a: Dondozo|slp|[from] move: Rest\n|-heal|p2a: Dondozo|100\/100 slp|[silent]\n|\n|-heal|p1a: Amoonguss|94\/100|[from] item: Leftovers\n|upkeep\n|turn|31\n|\n|t:|1699972887\n|switch|p2a: Amoonguss|Amoonguss, F|84\/100\n|move|p1a: Amoonguss|Clear Smog|p2a: Amoonguss\n|-damage|p2a: Amoonguss|69\/100\n|-clearboost|p2a: Amoonguss\n|\n|-heal|p1a: Amoonguss|100\/100|[from] item: Leftovers\n|upkeep\n|turn|32\n|\n|t:|1699972902\n|switch|p2a: Clefable|Clefable, F|100\/100\n|move|p1a: Amoonguss|Clear Smog|p2a: Clefable\n|-supereffective|p2a: Clefable\n|-damage|p2a: Clefable|70\/100\n|-clearboost|p2a: Clefable\n|\n|upkeep\n|turn|33\n|\n|t:|1699972916\n|move|p2a: Clefable|Knock Off|p1a: Amoonguss\n|-damage|p1a: Amoonguss|89\/100\n|-enditem|p1a: Amoonguss|Leftovers|[from] move: Knock Off|[of] p2a: Clefable\n|move|p1a: Amoonguss|Spore|p2a: Clefable\n|-status|p2a: Clefable|slp|[from] move: Spore\n|\n|upkeep\n|turn|34\n|\n|t:|1699972943\n|switch|p2a: Corviknight|Corviknight, F|100\/100\n|-damage|p2a: Corviknight|88\/100|[from] Stealth Rock\n|-ability|p2a: Corviknight|Pressure\n|switch|p1a: Ogerpon|Ogerpon-Wellspring-Tera, F, tera:Water|66\/100\n|-damage|p1a: Ogerpon|54\/100|[from] Stealth Rock\n|-ability|p1a: Ogerpon|Embody Aspect (Wellspring)|boost\n|-boost|p1a: Ogerpon|spd|1\n|\n|upkeep\n|turn|35\n|\n|t:|1699972956\n|switch|p1a: Alomomola|Alomomola, M|100\/100\n|-damage|p1a: Alomomola|88\/100|[from] Stealth Rock\n|move|p2a: Corviknight|Brave Bird|p1a: Alomomola\n|-damage|p1a: Alomomola|64\/100\n|-damage|p2a: Corviknight|78\/100|[from] Recoil\n|\n|-heal|p1a: Alomomola|70\/100|[from] item: Leftovers\n|upkeep\n|turn|36\n|\n|t:|1699972966\n|switch|p2a: Clefable|Clefable, F|70\/100 slp\n|move|p1a: Alomomola|Wish|p1a: Alomomola\n|\n|-heal|p1a: Alomomola|76\/100|[from] item: Leftovers\n|upkeep\n|turn|37\n|\n|t:|1699972970\n|cant|p2a: Clefable|slp\n|move|p1a: Alomomola|Flip Turn|p2a: Clefable\n|-damage|p2a: Clefable|58\/100 slp\n|\n|t:|1699972972\n|switch|p1a: Ogerpon|Ogerpon-Wellspring-Tera, F, tera:Water|54\/100|[from] Flip Turn\n|-damage|p1a: Ogerpon|42\/100|[from] Stealth Rock\n|-ability|p1a: Ogerpon|Embody Aspect (Wellspring)|boost\n|-boost|p1a: Ogerpon|spd|1\n|\n|-heal|p1a: Ogerpon|100\/100|[from] move: Wish|[wisher] Alomomola\n|upkeep\n|turn|38\n|\n|t:|1699972985\n|move|p1a: Ogerpon|Ivy Cudgel|p2a: Clefable|[anim] Ivy Cudgel Water\n|-damage|p2a: Clefable|0 fnt\n|faint|p2a: Clefable\n|\n|upkeep\n|\n|t:|1699972991\n|switch|p2a: Dondozo|Dondozo, F, tera:Dragon|100\/100 slp\n|turn|39\n|j| coolio5000\n|l| coolio5000\n|\n|t:|1699973003\n|switch|p1a: Alomomola|Alomomola, M|100\/100\n|-damage|p1a: Alomomola|88\/100|[from] Stealth Rock\n|cant|p2a: Dondozo|slp\n|\n|-heal|p1a: Alomomola|94\/100|[from] item: Leftovers\n|upkeep\n|turn|40\n|\n|t:|1699973010\n|move|p1a: Alomomola|Whirlpool|p2a: Dondozo\n|-resisted|p2a: Dondozo\n|-damage|p2a: Dondozo|97\/100 slp\n|-activate|p2a: Dondozo|move: Whirlpool|[of] p1a: Alomomola\n|cant|p2a: Dondozo|slp\n|\n|-heal|p1a: Alomomola|100\/100|[from] item: Leftovers\n|-damage|p2a: Dondozo|85\/100 slp|[from] move: Whirlpool|[partiallytrapped]\n|upkeep\n|turn|41\n|\n|t:|1699973019\n|move|p1a: Alomomola|Protect|p1a: Alomomola\n|-singleturn|p1a: Alomomola|Protect\n|-curestatus|p2a: Dondozo|slp|[msg]\n|move|p2a: Dondozo|Curse|p2a: Dondozo\n|-unboost|p2a: Dondozo|spe|1\n|-boost|p2a: Dondozo|atk|1\n|-boost|p2a: Dondozo|def|1\n|\n|-damage|p2a: Dondozo|72\/100|[from] move: Whirlpool|[partiallytrapped]\n|upkeep\n|turn|42\n|\n|t:|1699973029\n|move|p1a: Alomomola|Wish|p1a: Alomomola\n|move|p2a: Dondozo|Body Press|p1a: Alomomola\n|-damage|p1a: Alomomola|70\/100\n|\n|-heal|p1a: Alomomola|77\/100|[from] item: Leftovers\n|-damage|p2a: Dondozo|60\/100|[from] move: Whirlpool|[partiallytrapped]\n|upkeep\n|turn|43\n|\n|t:|1699973037\n|move|p1a: Alomomola|Flip Turn|p2a: Dondozo\n|-resisted|p2a: Dondozo\n|-damage|p2a: Dondozo|57\/100\n|\n|t:|1699973039\n|switch|p1a: Amoonguss|Amoonguss, F|100\/100|[from] Flip Turn\n|-damage|p1a: Amoonguss|88\/100|[from] Stealth Rock\n|move|p2a: Dondozo|Curse|p2a: Dondozo\n|-unboost|p2a: Dondozo|spe|1\n|-boost|p2a: Dondozo|atk|1\n|-boost|p2a: Dondozo|def|1\n|\n|-heal|p1a: Amoonguss|100\/100|[from] move: Wish|[wisher] Alomomola\n|-end|p2a: Dondozo|Whirlpool|[partiallytrapped]|[silent]\n|upkeep\n|turn|44\n|\n|t:|1699973066\n|move|p1a: Amoonguss|Clear Smog|p2a: Dondozo\n|-damage|p2a: Dondozo|44\/100\n|-clearboost|p2a: Dondozo\n|move|p2a: Dondozo|Rest|p2a: Dondozo\n|-status|p2a: Dondozo|slp|[from] move: Rest\n|-heal|p2a: Dondozo|100\/100 slp|[silent]\n|\n|upkeep\n|turn|45\n|\n|t:|1699973076\n|switch|p2a: Amoonguss|Amoonguss, F|100\/100\n|switch|p1a: Alomomola|Alomomola, M|100\/100\n|-damage|p1a: Alomomola|88\/100|[from] Stealth Rock\n|\n|-heal|p1a: Alomomola|94\/100|[from] item: Leftovers\n|upkeep\n|turn|46\n|\n|t:|1699973081\n|switch|p1a: Amoonguss|Amoonguss, F|100\/100\n|-damage|p1a: Amoonguss|88\/100|[from] Stealth Rock\n|move|p2a: Amoonguss|Toxic|p1a: Amoonguss\n|-immune|p1a: Amoonguss\n|\n|upkeep\n|turn|47\n|\n|t:|1699973090\n|move|p1a: Amoonguss|Toxic|p2a: Amoonguss\n|-immune|p2a: Amoonguss\n|move|p2a: Amoonguss|Clear Smog|p1a: Amoonguss\n|-damage|p1a: Amoonguss|76\/100\n|-clearboost|p1a: Amoonguss\n|\n|upkeep\n|turn|48\n|\n|t:|1699973096\n|move|p1a: Amoonguss|Toxic|p2a: Amoonguss\n|-immune|p2a: Amoonguss\n|move|p2a: Amoonguss|Clear Smog|p1a: Amoonguss\n|-damage|p1a: Amoonguss|65\/100\n|-clearboost|p1a: Amoonguss\n|\n|upkeep\n|turn|49\n|\n|t:|1699973102\n|move|p1a: Amoonguss|Toxic|p2a: Amoonguss\n|-immune|p2a: Amoonguss\n|move|p2a: Amoonguss|Clear Smog|p1a: Amoonguss\n|-damage|p1a: Amoonguss|53\/100\n|-clearboost|p1a: Amoonguss\n|\n|upkeep\n|turn|50\n|\n|t:|1699973106\n|switch|p1a: Dondozo|Dondozo, M|100\/100\n|-damage|p1a: Dondozo|88\/100|[from] Stealth Rock\n|switch|p2a: Corviknight|Corviknight, F|78\/100\n|-damage|p2a: Corviknight|65\/100|[from] Stealth Rock\n|-ability|p2a: Corviknight|Pressure\n|\n|-heal|p1a: Dondozo|94\/100|[from] item: Leftovers\n|upkeep\n|turn|51\n|j| Bear233\n|\n|t:|1699973112\n|switch|p1a: Alomomola|Alomomola, M|100\/100\n|-damage|p1a: Alomomola|88\/100|[from] Stealth Rock\n|move|p2a: Corviknight|Roost|p2a: Corviknight\n|-heal|p2a: Corviknight|100\/100\n|-singleturn|p2a: Corviknight|move: Roost\n|\n|-heal|p1a: Alomomola|94\/100|[from] item: Leftovers\n|upkeep\n|turn|52\n|\n|t:|1699973116\n|move|p2a: Corviknight|Iron Defense|p2a: Corviknight\n|-boost|p2a: Corviknight|def|2\n|move|p1a: Alomomola|Flip Turn|p2a: Corviknight\n|-damage|p2a: Corviknight|95\/100\n|-damage|p1a: Alomomola|78\/100|[from] item: Rocky Helmet|[of] p2a: Corviknight\n|l| Bear233\n|\n|t:|1699973138\n|switch|p1a: Amoonguss|Amoonguss, F|86\/100|[from] Flip Turn\n|-damage|p1a: Amoonguss|74\/100|[from] Stealth Rock\n|\n|upkeep\n|turn|53\n|\n|t:|1699973143\n|move|p2a: Corviknight|Brave Bird|p1a: Amoonguss\n|-supereffective|p1a: Amoonguss\n|-damage|p1a: Amoonguss|16\/100\n|-damage|p2a: Corviknight|75\/100|[from] Recoil\n|move|p1a: Amoonguss|Spore|p2a: Corviknight\n|-status|p2a: Corviknight|slp|[from] move: Spore\n|\n|upkeep\n|turn|54\n|\n|t:|1699973150\n|switch|p1a: Ting-Lu|Ting-Lu|97\/100\n|-damage|p1a: Ting-Lu|91\/100|[from] Stealth Rock\n|-ability|p1a: Ting-Lu|Vessel of Ruin\n|cant|p2a: Corviknight|slp\n|\n|upkeep\n|turn|55\n|\n|t:|1699973157\n|cant|p2a: Corviknight|slp\n|move|p1a: Ting-Lu|Whirlwind|p2a: Corviknight\n|drag|p2a: Amoonguss|Amoonguss, F|100\/100\n|\n|upkeep\n|turn|56\n|\n|t:|1699973163\n|switch|p1a: Amoonguss|Amoonguss, F|50\/100\n|-damage|p1a: Amoonguss|37\/100|[from] Stealth Rock\n|move|p2a: Amoonguss|Toxic|p1a: Amoonguss\n|-immune|p1a: Amoonguss\n|\n|upkeep\n|turn|57\n|\n|t:|1699973171\n|switch|p1a: Dondozo|Dondozo, M|94\/100\n|-damage|p1a: Dondozo|82\/100|[from] Stealth Rock\n|move|p2a: Amoonguss|Toxic|p1a: Dondozo\n|-status|p1a: Dondozo|tox\n|\n|-heal|p1a: Dondozo|88\/100 tox|[from] item: Leftovers\n|-damage|p1a: Dondozo|82\/100 tox|[from] psn\n|upkeep\n|turn|58\n|\n|t:|1699973175\n|switch|p1a: Amoonguss|Amoonguss, F|70\/100\n|-damage|p1a: Amoonguss|58\/100|[from] Stealth Rock\n|switch|p2a: Corviknight|Corviknight, F|75\/100 slp\n|-damage|p2a: Corviknight|62\/100 slp|[from] Stealth Rock\n|-ability|p2a: Corviknight|Pressure\n|\n|upkeep\n|turn|59\n|l| lgang007\n|\n|t:|1699973185\n|switch|p1a: Cinderace|Cinderace, F|100\/100\n|cant|p2a: Corviknight|slp\n|\n|upkeep\n|turn|60\n|\n|t:|1699973191\n|switch|p2a: Dondozo|Dondozo, F, tera:Dragon|100\/100 slp\n|move|p1a: Cinderace|Pyro Ball|p2a: Dondozo\n|-resisted|p2a: Dondozo\n|-damage|p2a: Dondozo|89\/100 slp\n|\n|upkeep\n|turn|61\n|\n|t:|1699973195\n|move|p1a: Cinderace|U-turn|p2a: Dondozo\n|-damage|p2a: Dondozo|79\/100 slp\n|\n|t:|1699973204\n|switch|p1a: Ting-Lu|Ting-Lu|91\/100|[from] U-turn\n|-damage|p1a: Ting-Lu|84\/100|[from] Stealth Rock\n|-ability|p1a: Ting-Lu|Vessel of Ruin\n|cant|p2a: Dondozo|slp\n|\n|upkeep\n|turn|62\n|\n|t:|1699973211\n|switch|p2a: Corviknight|Corviknight, F|62\/100 slp\n|-damage|p2a: Corviknight|50\/100 slp|[from] Stealth Rock\n|-ability|p2a: Corviknight|Pressure\n|move|p1a: Ting-Lu|Ruination|p2a: Corviknight\n|-damage|p2a: Corviknight|25\/100 slp\n|\n|upkeep\n|turn|63\n|\n|t:|1699973222\n|-curestatus|p2a: Corviknight|slp|[msg]\n|move|p2a: Corviknight|Roost|p2a: Corviknight\n|-heal|p2a: Corviknight|75\/100\n|-singleturn|p2a: Corviknight|move: Roost\n|move|p1a: Ting-Lu|Whirlwind|p2a: Corviknight\n|drag|p2a: Blissey|Blissey, F|100\/100\n|\n|upkeep\n|turn|64\n|\n|t:|1699973233\n|switch|p2a: Corviknight|Corviknight, F|75\/100\n|-damage|p2a: Corviknight|63\/100|[from] Stealth Rock\n|-ability|p2a: Corviknight|Pressure\n|move|p1a: Ting-Lu|Ruination|p2a: Corviknight\n|-damage|p2a: Corviknight|32\/100\n|\n|upkeep\n|turn|65\n|\n|t:|1699973241\n|move|p2a: Corviknight|Roost|p2a: Corviknight\n|-heal|p2a: Corviknight|82\/100\n|-singleturn|p2a: Corviknight|move: Roost\n|move|p1a: Ting-Lu|Whirlwind|p2a: Corviknight\n|drag|p2a: Dondozo|Dondozo, F, tera:Dragon|79\/100 slp\n|\n|upkeep\n|turn|66\n|\n|t:|1699973250\n|switch|p1a: Amoonguss|Amoonguss, F|91\/100\n|-damage|p1a: Amoonguss|79\/100|[from] Stealth Rock\n|switch|p2a: Corviknight|Corviknight, F|82\/100\n|-damage|p2a: Corviknight|69\/100|[from] Stealth Rock\n|-ability|p2a: Corviknight|Pressure\n|\n|upkeep\n|turn|67\n|\n|t:|1699973255\n|switch|p2a: Blissey|Blissey, F|100\/100\n|move|p1a: Amoonguss|Spore|p2a: Blissey\n|-status|p2a: Blissey|slp|[from] move: Spore\n|\n|upkeep\n|turn|68\n|\n|t:|1699973266\n|-curestatus|p2a: Blissey|slp|[from] ability: Natural Cure\n|switch|p2a: Dondozo|Dondozo, F, tera:Dragon|79\/100 slp\n|move|p1a: Amoonguss|Toxic||[still]\n|-fail|p1a: Amoonguss\n|\n|upkeep\n|turn|69\n|\n|t:|1699973273\n|switch|p1a: Alomomola|Alomomola, M|100\/100\n|-damage|p1a: Alomomola|88\/100|[from] Stealth Rock\n|cant|p2a: Dondozo|slp\n|\n|-heal|p1a: Alomomola|94\/100|[from] item: Leftovers\n|upkeep\n|turn|70\n|\n|t:|1699973280\n|switch|p2a: Ting-Lu|Ting-Lu|100\/100\n|-ability|p2a: Ting-Lu|Vessel of Ruin\n|move|p1a: Alomomola|Whirlpool|p2a: Ting-Lu\n|-supereffective|p2a: Ting-Lu\n|-damage|p2a: Ting-Lu|95\/100\n|-activate|p2a: Ting-Lu|move: Whirlpool|[of] p1a: Alomomola\n|\n|-heal|p1a: Alomomola|100\/100|[from] item: Leftovers\n|-damage|p2a: Ting-Lu|82\/100|[from] move: Whirlpool|[partiallytrapped]\n|upkeep\n|turn|71\n|\n|t:|1699973285\n|move|p1a: Alomomola|Protect|p1a: Alomomola\n|-singleturn|p1a: Alomomola|Protect\n|move|p2a: Ting-Lu|Spikes|p1a: Alomomola\n|-sidestart|p1: Pirate King Zezima|Spikes\n|\n|-damage|p2a: Ting-Lu|70\/100|[from] move: Whirlpool|[partiallytrapped]\n|upkeep\n|turn|72\n|\n|t:|1699973297\n|move|p1a: Alomomola|Whirlpool|p2a: Ting-Lu\n|-supereffective|p2a: Ting-Lu\n|-crit|p2a: Ting-Lu\n|-damage|p2a: Ting-Lu|62\/100\n|move|p2a: Ting-Lu|Whirlwind|p1a: Alomomola\n|drag|p1a: Ogerpon|Ogerpon-Wellspring-Tera, F, tera:Water|100\/100\n|-damage|p1a: Ogerpon|88\/100|[from] Stealth Rock\n|-damage|p1a: Ogerpon|76\/100|[from] Spikes\n|-ability|p1a: Ogerpon|Embody Aspect (Wellspring)|boost\n|-boost|p1a: Ogerpon|spd|1\n|\n|-end|p2a: Ting-Lu|Whirlpool|[partiallytrapped]|[silent]\n|upkeep\n|turn|73\n|\n|t:|1699973307\n|switch|p2a: Dondozo|Dondozo, F, tera:Dragon|79\/100 slp\n|move|p1a: Ogerpon|Ivy Cudgel|p2a: Dondozo|[anim] Ivy Cudgel Water\n|-resisted|p2a: Dondozo\n|-damage|p2a: Dondozo|63\/100 slp\n|\n|upkeep\n|turn|74\n|\n|t:|1699973317\n|switch|p1a: Amoonguss|Amoonguss, F|100\/100\n|-damage|p1a: Amoonguss|88\/100|[from] Stealth Rock\n|-damage|p1a: Amoonguss|75\/100|[from] Spikes\n|-curestatus|p2a: Dondozo|slp|[msg]\n|move|p2a: Dondozo|Body Press|p1a: Amoonguss\n|-resisted|p1a: Amoonguss\n|-damage|p1a: Amoonguss|65\/100\n|\n|upkeep\n|turn|75\n|\n|t:|1699973327\n|switch|p2a: Amoonguss|Amoonguss, F|100\/100\n|move|p1a: Amoonguss|Toxic|p2a: Amoonguss\n|-immune|p2a: Amoonguss\n|\n|upkeep\n|turn|76\n|\n|t:|1699973336\n|move|p1a: Amoonguss|Toxic|p2a: Amoonguss\n|-immune|p2a: Amoonguss\n|move|p2a: Amoonguss|Clear Smog|p1a: Amoonguss\n|-damage|p1a: Amoonguss|52\/100\n|-clearboost|p1a: Amoonguss\n|\n|upkeep\n|turn|77\n|\n|t:|1699973343\n|move|p1a: Amoonguss|Toxic|p2a: Amoonguss\n|-immune|p2a: Amoonguss\n|move|p2a: Amoonguss|Clear Smog|p1a: Amoonguss\n|-damage|p1a: Amoonguss|40\/100\n|-clearboost|p1a: Amoonguss\n|\n|upkeep\n|turn|78\n|\n|t:|1699973346\n|switch|p1a: Dondozo|Dondozo, M|82\/100 tox\n|-damage|p1a: Dondozo|69\/100 tox|[from] Stealth Rock\n|-damage|p1a: Dondozo|57\/100 tox|[from] Spikes\n|move|p2a: Amoonguss|Clear Smog|p1a: Dondozo\n|-damage|p1a: Dondozo|43\/100 tox\n|-clearboost|p1a: Dondozo\n|\n|-heal|p1a: Dondozo|50\/100 tox|[from] item: Leftovers\n|-damage|p1a: Dondozo|43\/100 tox|[from] psn\n|upkeep\n|turn|79\n|\n|t:|1699973352\n|move|p1a: Dondozo|Rest|p1a: Dondozo\n|-status|p1a: Dondozo|slp|[from] move: Rest\n|-heal|p1a: Dondozo|100\/100 slp|[silent]\n|move|p2a: Amoonguss|Giga Drain|p1a: Dondozo\n|-supereffective|p1a: Dondozo\n|-damage|p1a: Dondozo|59\/100 slp\n|\n|-heal|p1a: Dondozo|66\/100 slp|[from] item: Leftovers\n|upkeep\n|turn|80\n|\n|t:|1699973364\n|switch|p1a: Alomomola|Alomomola, M|100\/100\n|-damage|p1a: Alomomola|88\/100|[from] Stealth Rock\n|-damage|p1a: Alomomola|76\/100|[from] Spikes\n|move|p2a: Amoonguss|Giga Drain|p1a: Alomomola\n|-supereffective|p1a: Alomomola\n|-damage|p1a: Alomomola|42\/100\n|\n|-heal|p1a: Alomomola|48\/100|[from] item: Leftovers\n|upkeep\n|turn|81\n|\n|t:|1699973371\n|move|p1a: Alomomola|Protect|p1a: Alomomola\n|-singleturn|p1a: Alomomola|Protect\n|move|p2a: Amoonguss|Toxic|p1a: Alomomola\n|-activate|p1a: Alomomola|move: Protect\n|\n|-heal|p1a: Alomomola|54\/100|[from] item: Leftovers\n|upkeep\n|turn|82\n|\n|t:|1699973374\n|switch|p1a: Amoonguss|Amoonguss, F|73\/100\n|-damage|p1a: Amoonguss|61\/100|[from] Stealth Rock\n|-damage|p1a: Amoonguss|48\/100|[from] Spikes\n|move|p2a: Amoonguss|Toxic|p1a: Amoonguss\n|-immune|p1a: Amoonguss\n|\n|upkeep\n|turn|83\n|\n|t:|1699973393\n|switch|p1a: Cinderace|Cinderace, F|100\/100\n|move|p2a: Amoonguss|Giga Drain|p1a: Cinderace\n|-resisted|p1a: Cinderace\n|-damage|p1a: Cinderace|86\/100\n|\n|upkeep\n|turn|84\n|\n|t:|1699973408\n|switch|p2a: Dondozo|Dondozo, F, tera:Dragon|63\/100\n|move|p1a: Cinderace|U-turn|p2a: Dondozo\n|-damage|p2a: Dondozo|53\/100\n|\n|t:|1699973417\n|switch|p1a: Alomomola|Alomomola, M|88\/100|[from] U-turn\n|-damage|p1a: Alomomola|75\/100|[from] Stealth Rock\n|-damage|p1a: Alomomola|63\/100|[from] Spikes\n|\n|-heal|p1a: Alomomola|69\/100|[from] item: Leftovers\n|upkeep\n|turn|85\n|\n|t:|1699973437\n|move|p1a: Alomomola|Wish|p1a: Alomomola\n|move|p2a: Dondozo|Rest|p2a: Dondozo\n|-status|p2a: Dondozo|slp|[from] move: Rest\n|-heal|p2a: Dondozo|100\/100 slp|[silent]\n|\n|-heal|p1a: Alomomola|75\/100|[from] item: Leftovers\n|upkeep\n|turn|86\n|\n|t:|1699973441\n|switch|p2a: Amoonguss|Amoonguss, F|100\/100\n|move|p1a: Alomomola|Whirlpool|p2a: Amoonguss\n|-resisted|p2a: Amoonguss\n|-damage|p2a: Amoonguss|97\/100\n|-activate|p2a: Amoonguss|move: Whirlpool|[of] p1a: Alomomola\n|\n|-heal|p1a: Alomomola|100\/100|[from] move: Wish|[wisher] Alomomola\n|-damage|p2a: Amoonguss|85\/100|[from] move: Whirlpool|[partiallytrapped]\n|upkeep\n|turn|87\n|\n|t:|1699973446\n|move|p1a: Alomomola|Protect|p1a: Alomomola\n|-singleturn|p1a: Alomomola|Protect\n|move|p2a: Amoonguss|Toxic|p1a: Alomomola\n|-activate|p1a: Alomomola|move: Protect\n|\n|-damage|p2a: Amoonguss|72\/100|[from] move: Whirlpool|[partiallytrapped]\n|upkeep\n|turn|88\n|\n|t:|1699973457\n|switch|p1a: Amoonguss|Amoonguss, F|82\/100\n|-damage|p1a: Amoonguss|69\/100|[from] Stealth Rock\n|-damage|p1a: Amoonguss|57\/100|[from] Spikes\n|move|p2a: Amoonguss|Toxic|p1a: Amoonguss\n|-immune|p1a: Amoonguss\n|\n|-end|p2a: Amoonguss|Whirlpool|[partiallytrapped]|[silent]\n|upkeep\n|turn|89\n|\n|t:|1699973463\n|switch|p1a: Alomomola|Alomomola, M|100\/100\n|-damage|p1a: Alomomola|88\/100|[from] Stealth Rock\n|-damage|p1a: Alomomola|76\/100|[from] Spikes\n|move|p2a: Amoonguss|Clear Smog|p1a: Alomomola\n|-damage|p1a: Alomomola|64\/100\n|-clearboost|p1a: Alomomola\n|\n|-heal|p1a: Alomomola|70\/100|[from] item: Leftovers\n|upkeep\n|turn|90\n|\n|t:|1699973467\n|switch|p2a: Corviknight|Corviknight, F|69\/100\n|-damage|p2a: Corviknight|57\/100|[from] Stealth Rock\n|-ability|p2a: Corviknight|Pressure\n|move|p1a: Alomomola|Protect||[still]\n|-fail|p1a: Alomomola\n|\n|-heal|p1a: Alomomola|77\/100|[from] item: Leftovers\n|upkeep\n|turn|91\n|j| PHAGCH\n|\n|t:|1699973484\n|move|p2a: Corviknight|Roost|p2a: Corviknight\n|-heal|p2a: Corviknight|100\/100\n|-singleturn|p2a: Corviknight|move: Roost\n|move|p1a: Alomomola|Whirlpool|p2a: Corviknight\n|-damage|p2a: Corviknight|94\/100\n|-activate|p2a: Corviknight|move: Whirlpool|[of] p1a: Alomomola\n|\n|-heal|p1a: Alomomola|83\/100|[from] item: Leftovers\n|-damage|p2a: Corviknight|82\/100|[from] move: Whirlpool|[partiallytrapped]\n|upkeep\n|turn|92\n|\n|t:|1699973491\n|move|p2a: Corviknight|Iron Defense|p2a: Corviknight\n|-boost|p2a: Corviknight|def|2\n|move|p1a: Alomomola|Wish|p1a: Alomomola\n|\n|-heal|p1a: Alomomola|89\/100|[from] item: Leftovers\n|-damage|p2a: Corviknight|69\/100|[from] move: Whirlpool|[partiallytrapped]\n|upkeep\n|turn|93\n|\n|t:|1699973497\n|move|p2a: Corviknight|Iron Defense|p2a: Corviknight\n|-boost|p2a: Corviknight|def|2\n|move|p1a: Alomomola|Whirlpool|p2a: Corviknight\n|-damage|p2a: Corviknight|64\/100\n|\n|-heal|p1a: Alomomola|100\/100|[from] move: Wish|[wisher] Alomomola\n|-damage|p2a: Corviknight|51\/100|[from] move: Whirlpool|[partiallytrapped]\n|upkeep\n|turn|94\n|\n|t:|1699973505\n|move|p2a: Corviknight|Brave Bird|p1a: Alomomola\n|-damage|p1a: Alomomola|74\/100\n|-damage|p2a: Corviknight|40\/100|[from] Recoil\n|move|p1a: Alomomola|Wish|p1a: Alomomola\n|\n|-heal|p1a: Alomomola|80\/100|[from] item: Leftovers\n|-damage|p2a: Corviknight|28\/100|[from] move: Whirlpool|[partiallytrapped]\n|upkeep\n|turn|95\n|\n|t:|1699973514\n|move|p2a: Corviknight|Roost|p2a: Corviknight\n|-heal|p2a: Corviknight|78\/100\n|-singleturn|p2a: Corviknight|move: Roost\n|move|p1a: Alomomola|Flip Turn|p2a: Corviknight\n|-damage|p2a: Corviknight|74\/100\n|-damage|p1a: Alomomola|63\/100|[from] item: Rocky Helmet|[of] p2a: Corviknight\n|\n|t:|1699973516\n|switch|p1a: Dondozo|Dondozo, M|66\/100 slp|[from] Flip Turn\n|-damage|p1a: Dondozo|53\/100 slp|[from] Stealth Rock\n|-damage|p1a: Dondozo|41\/100 slp|[from] Spikes\n|\n|-heal|p1a: Dondozo|94\/100 slp|[from] move: Wish|[wisher] Alomomola\n|-heal|p1a: Dondozo|99\/100 slp|[from] item: Leftovers\n|-end|p2a: Corviknight|Whirlpool|[partiallytrapped]\n|upkeep\n|turn|96\n|\n|t:|1699973529\n|switch|p2a: Amoonguss|Amoonguss, F|100\/100\n|cant|p1a: Dondozo|slp\n|\n|-heal|p1a: Dondozo|100\/100 slp|[from] item: Leftovers\n|upkeep\n|turn|97\n|\n|t:|1699973535\n|switch|p1a: Amoonguss|Amoonguss, F|90\/100\n|-damage|p1a: Amoonguss|77\/100|[from] Stealth Rock\n|-damage|p1a: Amoonguss|65\/100|[from] Spikes\n|move|p2a: Amoonguss|Clear Smog|p1a: Amoonguss\n|-damage|p1a: Amoonguss|54\/100\n|-clearboost|p1a: Amoonguss\n|\n|upkeep\n|turn|98\n|\n|t:|1699973539\n|switch|p1a: Dondozo|Dondozo, M|100\/100 slp\n|-damage|p1a: Dondozo|88\/100 slp|[from] Stealth Rock\n|-damage|p1a: Dondozo|76\/100 slp|[from] Spikes\n|move|p2a: Amoonguss|Toxic||[still]\n|-fail|p2a: Amoonguss\n|\n|-heal|p1a: Dondozo|82\/100 slp|[from] item: Leftovers\n|upkeep\n|turn|99\n|\n|t:|1699973542\n|switch|p1a: Amoonguss|Amoonguss, F|87\/100\n|-damage|p1a: Amoonguss|74\/100|[from] Stealth Rock\n|-damage|p1a: Amoonguss|62\/100|[from] Spikes\n|move|p2a: Amoonguss|Clear Smog|p1a: Amoonguss\n|-damage|p1a: Amoonguss|49\/100\n|-clearboost|p1a: Amoonguss\n|\n|upkeep\n|turn|100\n|\n|t:|1699973547\n|move|p1a: Amoonguss|Spore|p2a: Amoonguss\n|-immune|p2a: Amoonguss\n|move|p2a: Amoonguss|Toxic|p1a: Amoonguss\n|-immune|p1a: Amoonguss\n|\n|upkeep\n|turn|101\n|\n|t:|1699973552\n|move|p1a: Amoonguss|Spore|p2a: Amoonguss\n|-immune|p2a: Amoonguss\n|move|p2a: Amoonguss|Toxic|p1a: Amoonguss\n|-immune|p1a: Amoonguss\n|\n|upkeep\n|turn|102\n|\n|t:|1699973555\n|move|p1a: Amoonguss|Spore|p2a: Amoonguss\n|-immune|p2a: Amoonguss\n|move|p2a: Amoonguss|Clear Smog|p1a: Amoonguss\n|-damage|p1a: Amoonguss|37\/100\n|-clearboost|p1a: Amoonguss\n|\n|upkeep\n|turn|103\n|\n|t:|1699973563\n|switch|p1a: Dondozo|Dondozo, M|82\/100 slp\n|-damage|p1a: Dondozo|69\/100 slp|[from] Stealth Rock\n|-damage|p1a: Dondozo|57\/100 slp|[from] Spikes\n|move|p2a: Amoonguss|Toxic||[still]\n|-fail|p2a: Amoonguss\n|\n|-heal|p1a: Dondozo|63\/100 slp|[from] item: Leftovers\n|upkeep\n|turn|104\n|\n|t:|1699973567\n|switch|p1a: Alomomola|Alomomola, M|97\/100\n|-damage|p1a: Alomomola|84\/100|[from] Stealth Rock\n|-damage|p1a: Alomomola|72\/100|[from] Spikes\n|move|p2a: Amoonguss|Clear Smog|p1a: Alomomola\n|-damage|p1a: Alomomola|61\/100\n|-clearboost|p1a: Alomomola\n|\n|-heal|p1a: Alomomola|67\/100|[from] item: Leftovers\n|upkeep\n|turn|105\n|\n|t:|1699973574\n|switch|p2a: Ting-Lu|Ting-Lu|62\/100\n|-ability|p2a: Ting-Lu|Vessel of Ruin\n|move|p1a: Alomomola|Protect||[still]\n|-fail|p1a: Alomomola\n|\n|-heal|p1a: Alomomola|73\/100|[from] item: Leftovers\n|upkeep\n|turn|106\n|l| PHAGCH\n|\n|t:|1699973580\n|move|p2a: Ting-Lu|Spikes|p1a: Alomomola\n|-sidestart|p1: Pirate King Zezima|Spikes\n|move|p1a: Alomomola|Whirlpool|p2a: Ting-Lu\n|-supereffective|p2a: Ting-Lu\n|-damage|p2a: Ting-Lu|57\/100\n|-activate|p2a: Ting-Lu|move: Whirlpool|[of] p1a: Alomomola\n|\n|-heal|p1a: Alomomola|79\/100|[from] item: Leftovers\n|-damage|p2a: Ting-Lu|44\/100|[from] move: Whirlpool|[partiallytrapped]\n|upkeep\n|turn|107\n|\n|t:|1699973584\n|move|p1a: Alomomola|Protect|p1a: Alomomola\n|-singleturn|p1a: Alomomola|Protect\n|move|p2a: Ting-Lu|Spikes|p1a: Alomomola\n|-sidestart|p1: Pirate King Zezima|Spikes\n|\n|-heal|p1a: Alomomola|85\/100|[from] item: Leftovers\n|-damage|p2a: Ting-Lu|32\/100|[from] move: Whirlpool|[partiallytrapped]\n|upkeep\n|turn|108\n|\n|t:|1699973594\n|move|p2a: Ting-Lu|Rest|p2a: Ting-Lu\n|-status|p2a: Ting-Lu|slp|[from] move: Rest\n|-heal|p2a: Ting-Lu|100\/100 slp|[silent]\n|move|p1a: Alomomola|Whirlpool|p2a: Ting-Lu|[miss]\n|-miss|p1a: Alomomola|p2a: Ting-Lu\n|\n|-heal|p1a: Alomomola|91\/100|[from] item: Leftovers\n|-damage|p2a: Ting-Lu|88\/100 slp|[from] move: Whirlpool|[partiallytrapped]\n|upkeep\n|turn|109\n|\n|t:|1699973602\n|move|p1a: Alomomola|Wish|p1a: Alomomola\n|cant|p2a: Ting-Lu|slp\n|\n|-heal|p1a: Alomomola|98\/100|[from] item: Leftovers\n|-damage|p2a: Ting-Lu|76\/100 slp|[from] move: Whirlpool|[partiallytrapped]\n|upkeep\n|turn|110\n|\n|t:|1699973611\n|move|p1a: Alomomola|Flip Turn|p2a: Ting-Lu\n|-supereffective|p2a: Ting-Lu\n|-damage|p2a: Ting-Lu|57\/100 slp\n|\n|t:|1699973614\n|switch|p1a: Dondozo|Dondozo, M|63\/100 slp|[from] Flip Turn\n|-damage|p1a: Dondozo|50\/100 slp|[from] Stealth Rock\n|-damage|p1a: Dondozo|25\/100 slp|[from] Spikes\n|cant|p2a: Ting-Lu|slp\n|\n|-heal|p1a: Dondozo|79\/100 slp|[from] move: Wish|[wisher] Alomomola\n|-heal|p1a: Dondozo|85\/100 slp|[from] item: Leftovers\n|-end|p2a: Ting-Lu|Whirlpool|[partiallytrapped]|[silent]\n|upkeep\n|turn|111\n|\n|t:|1699973625\n|cant|p1a: Dondozo|slp\n|-curestatus|p2a: Ting-Lu|slp|[msg]\n|move|p2a: Ting-Lu|Whirlwind|p1a: Dondozo\n|drag|p1a: Amoonguss|Amoonguss, F|70\/100\n|-damage|p1a: Amoonguss|58\/100|[from] Stealth Rock\n|-damage|p1a: Amoonguss|33\/100|[from] Spikes\n|\n|upkeep\n|turn|112\n|\n|t:|1699973638\n|move|p2a: Ting-Lu|Rest|p2a: Ting-Lu\n|-status|p2a: Ting-Lu|slp|[from] move: Rest\n|-heal|p2a: Ting-Lu|100\/100 slp|[silent]\n|move|p1a: Amoonguss|Spore|p2a: Ting-Lu\n|-fail|p2a: Ting-Lu|slp\n|\n|upkeep\n|turn|113\n|\n|t:|1699973659\n|cant|p2a: Ting-Lu|slp\n|move|p1a: Amoonguss|Giga Drain|p2a: Ting-Lu\n|-supereffective|p2a: Ting-Lu\n|-damage|p2a: Ting-Lu|81\/100 slp\n|-heal|p1a: Amoonguss|45\/100|[from] drain|[of] p2a: Ting-Lu\n|\n|upkeep\n|turn|114\n|\n|t:|1699973666\n|switch|p2a: Amoonguss|Amoonguss, F|100\/100\n|move|p1a: Amoonguss|Giga Drain|p2a: Amoonguss\n|-resisted|p2a: Amoonguss\n|-damage|p2a: Amoonguss|95\/100\n|-heal|p1a: Amoonguss|47\/100|[from] drain|[of] p2a: Amoonguss\n|\n|upkeep\n|turn|115\n|\n|t:|1699973695\n|move|p1a: Amoonguss|Spore|p2a: Amoonguss\n|-immune|p2a: Amoonguss\n|move|p2a: Amoonguss|Giga Drain|p1a: Amoonguss\n|-resisted|p1a: Amoonguss\n|-damage|p1a: Amoonguss|43\/100\n|-heal|p2a: Amoonguss|97\/100|[from] drain|[of] p1a: Amoonguss\n|\n|upkeep\n|turn|116\n|\n|t:|1699973707\n|switch|p2a: Blissey|Blissey, F|100\/100\n|move|p1a: Amoonguss|Spore|p2a: Blissey\n|-status|p2a: Blissey|slp|[from] move: Spore\n|\n|upkeep\n|turn|117\n|\n|t:|1699973710\n|switch|p1a: Cinderace|Cinderace, F|86\/100\n|cant|p2a: Blissey|slp\n|\n|upkeep\n|turn|118\n|\n|t:|1699973718\n|-curestatus|p2a: Blissey|slp|[from] ability: Natural Cure\n|switch|p2a: Dondozo|Dondozo, F, tera:Dragon|100\/100 slp\n|move|p1a: Cinderace|Court Change|p1a: Cinderace\n|-swapsideconditions\n|-activate|p1a: Cinderace|move: Court Change\n|\n|upkeep\n|turn|119\n|\n|t:|1699973723\n|move|p1a: Cinderace|U-turn|p2a: Dondozo\n|-damage|p2a: Dondozo|90\/100 slp\n|\n|t:|1699973725\n|switch|p1a: Alomomola|Alomomola, M|100\/100|[from] U-turn\n|-damage|p1a: Alomomola|88\/100|[from] Stealth Rock\n|cant|p2a: Dondozo|slp\n|\n|-heal|p1a: Alomomola|94\/100|[from] item: Leftovers\n|upkeep\n|turn|120\n|\n|t:|1699973731\n|move|p1a: Alomomola|Whirlpool|p2a: Dondozo|[miss]\n|-miss|p1a: Alomomola|p2a: Dondozo\n|cant|p2a: Dondozo|slp\n|\n|-heal|p1a: Alomomola|100\/100|[from] item: Leftovers\n|upkeep\n|turn|121\n|l|\u2606Pirate King Zezima\n|player|p1|\n|j|\u2606Pirate King Zezima\n|player|p1|Pirate King Zezima|archer\n|\n|t:|1699973809\n|switch|p2a: Amoonguss|Amoonguss, F|100\/100\n|move|p1a: Alomomola|Whirlpool|p2a: Amoonguss\n|-resisted|p2a: Amoonguss\n|-damage|p2a: Amoonguss|98\/100\n|-activate|p2a: Amoonguss|move: Whirlpool|[of] p1a: Alomomola\n|\n|-damage|p2a: Amoonguss|85\/100|[from] move: Whirlpool|[partiallytrapped]\n|upkeep\n|turn|122\n|\n|t:|1699973815\n|move|p1a: Alomomola|Protect|p1a: Alomomola\n|-singleturn|p1a: Alomomola|Protect\n|move|p2a: Amoonguss|Clear Smog|p1a: Alomomola\n|-activate|p1a: Alomomola|move: Protect\n|\n|-damage|p2a: Amoonguss|73\/100|[from] move: Whirlpool|[partiallytrapped]\n|upkeep\n|turn|123\n|\n|t:|1699973820\n|move|p1a: Alomomola|Flip Turn|p2a: Amoonguss\n|-resisted|p2a: Amoonguss\n|-damage|p2a: Amoonguss|67\/100\n|\n|t:|1699973824\n|switch|p1a: Amoonguss|Amoonguss, F|76\/100|[from] Flip Turn\n|-damage|p1a: Amoonguss|64\/100|[from] Stealth Rock\n|move|p2a: Amoonguss|Clear Smog|p1a: Amoonguss\n|-damage|p1a: Amoonguss|50\/100\n|-clearboost|p1a: Amoonguss\n|\n|-end|p2a: Amoonguss|Whirlpool|[partiallytrapped]|[silent]\n|upkeep\n|turn|124\n|\n|t:|1699973832\n|switch|p1a: Alomomola|Alomomola, M|100\/100\n|-damage|p1a: Alomomola|88\/100|[from] Stealth Rock\n|switch|p2a: Ting-Lu|Ting-Lu|81\/100 slp\n|-ability|p2a: Ting-Lu|Vessel of Ruin\n|\n|-heal|p1a: Alomomola|94\/100|[from] item: Leftovers\n|upkeep\n|turn|125\n|\n|t:|1699973848\n|cant|p2a: Ting-Lu|slp\n|move|p1a: Alomomola|Flip Turn|p2a: Ting-Lu\n|-supereffective|p2a: Ting-Lu\n|-damage|p2a: Ting-Lu|63\/100 slp\n|j| Logan2024\n|\n|t:|1699973851\n|switch|p1a: Ogerpon|Ogerpon-Wellspring-Tera, F, tera:Water|76\/100|[from] Flip Turn\n|-damage|p1a: Ogerpon|64\/100|[from] Stealth Rock\n|-ability|p1a: Ogerpon|Embody Aspect (Wellspring)|boost\n|-boost|p1a: Ogerpon|spd|1\n|\n|upkeep\n|turn|126\n|\n|t:|1699973856\n|switch|p2a: Dondozo|Dondozo, F, tera:Dragon|90\/100 slp\n|move|p1a: Ogerpon|Ivy Cudgel|p2a: Dondozo|[anim] Ivy Cudgel Water\n|-resisted|p2a: Dondozo\n|-damage|p2a: Dondozo|72\/100 slp\n|\n|upkeep\n|turn|127\n|\n|t:|1699973862\n|switch|p1a: Alomomola|Alomomola, M|100\/100\n|-damage|p1a: Alomomola|88\/100|[from] Stealth Rock\n|-curestatus|p2a: Dondozo|slp|[msg]\n|move|p2a: Dondozo|Body Press|p1a: Alomomola\n|-damage|p1a: Alomomola|70\/100\n|\n|-heal|p1a: Alomomola|76\/100|[from] item: Leftovers\n|upkeep\n|turn|128\n|\n|t:|1699973873\n|move|p1a: Alomomola|Whirlpool|p2a: Dondozo\n|-resisted|p2a: Dondozo\n|-crit|p2a: Dondozo\n|-damage|p2a: Dondozo|67\/100\n|-activate|p2a: Dondozo|move: Whirlpool|[of] p1a: Alomomola\n|move|p2a: Dondozo|Curse|p2a: Dondozo\n|-unboost|p2a: Dondozo|spe|1\n|-boost|p2a: Dondozo|atk|1\n|-boost|p2a: Dondozo|def|1\n|\n|-heal|p1a: Alomomola|82\/100|[from] item: Leftovers\n|-damage|p2a: Dondozo|55\/100|[from] move: Whirlpool|[partiallytrapped]\n|upkeep\n|turn|129\n|\n|t:|1699973879\n|move|p1a: Alomomola|Wish|p1a: Alomomola\n|move|p2a: Dondozo|Curse|p2a: Dondozo\n|-unboost|p2a: Dondozo|spe|1\n|-boost|p2a: Dondozo|atk|1\n|-boost|p2a: Dondozo|def|1\n|\n|-heal|p1a: Alomomola|88\/100|[from] item: Leftovers\n|-damage|p2a: Dondozo|42\/100|[from] move: Whirlpool|[partiallytrapped]\n|upkeep\n|turn|130\n|\n|t:|1699973895\n|move|p1a: Alomomola|Protect|p1a: Alomomola\n|-singleturn|p1a: Alomomola|Protect\n|move|p2a: Dondozo|Body Press|p1a: Alomomola\n|-activate|p1a: Alomomola|move: Protect\n|\n|-heal|p1a: Alomomola|100\/100|[from] move: Wish|[wisher] Alomomola\n|-damage|p2a: Dondozo|30\/100|[from] move: Whirlpool|[partiallytrapped]\n|upkeep\n|turn|131\n|\n|t:|1699973899\n|move|p1a: Alomomola|Wish|p1a: Alomomola\n|move|p2a: Dondozo|Rest|p2a: Dondozo\n|-status|p2a: Dondozo|slp|[from] move: Rest\n|-heal|p2a: Dondozo|100\/100 slp|[silent]\n|\n|-damage|p2a: Dondozo|88\/100 slp|[from] move: Whirlpool|[partiallytrapped]\n|upkeep\n|turn|132\n|\n|t:|1699973908\n|move|p1a: Alomomola|Flip Turn|p2a: Dondozo\n|-resisted|p2a: Dondozo\n|-damage|p2a: Dondozo|86\/100 slp\n|\n|t:|1699973909\n|switch|p1a: Ogerpon|Ogerpon-Wellspring-Tera, F, tera:Water|64\/100|[from] Flip Turn\n|-damage|p1a: Ogerpon|51\/100|[from] Stealth Rock\n|-ability|p1a: Ogerpon|Embody Aspect (Wellspring)|boost\n|-boost|p1a: Ogerpon|spd|1\n|cant|p2a: Dondozo|slp\n|\n|-heal|p1a: Ogerpon|100\/100|[from] move: Wish|[wisher] Alomomola\n|-end|p2a: Dondozo|Whirlpool|[partiallytrapped]|[silent]\n|upkeep\n|turn|133\n|\n|t:|1699973917\n|switch|p1a: Amoonguss|Amoonguss, F|84\/100\n|-damage|p1a: Amoonguss|71\/100|[from] Stealth Rock\n|cant|p2a: Dondozo|slp\n|\n|upkeep\n|turn|134\n|\n|t:|1699973929\n|move|p1a: Amoonguss|Clear Smog|p2a: Dondozo\n|-damage|p2a: Dondozo|72\/100 slp\n|-clearboost|p2a: Dondozo\n|-curestatus|p2a: Dondozo|slp|[msg]\n|move|p2a: Dondozo|Body Press|p1a: Amoonguss\n|-resisted|p1a: Amoonguss\n|-damage|p1a: Amoonguss|61\/100\n|\n|upkeep\n|turn|135\n|\n|t:|1699973935\n|switch|p2a: Ting-Lu|Ting-Lu|63\/100 slp\n|-ability|p2a: Ting-Lu|Vessel of Ruin\n|move|p1a: Amoonguss|Giga Drain|p2a: Ting-Lu\n|-supereffective|p2a: Ting-Lu\n|-damage|p2a: Ting-Lu|45\/100 slp\n|-heal|p1a: Amoonguss|71\/100|[from] drain|[of] p2a: Ting-Lu\n|\n|upkeep\n|turn|136\n|\n|t:|1699973942\n|switch|p1a: Ogerpon|Ogerpon-Wellspring-Tera, F, tera:Water|100\/100\n|-damage|p1a: Ogerpon|88\/100|[from] Stealth Rock\n|-ability|p1a: Ogerpon|Embody Aspect (Wellspring)|boost\n|-boost|p1a: Ogerpon|spd|1\n|-curestatus|p2a: Ting-Lu|slp|[msg]\n|move|p2a: Ting-Lu|Rest|p2a: Ting-Lu\n|-status|p2a: Ting-Lu|slp|[from] move: Rest\n|-heal|p2a: Ting-Lu|100\/100 slp|[silent]\n|\n|upkeep\n|turn|137\n|\n|t:|1699973953\n|switch|p1a: Cinderace|Cinderace, F|86\/100\n|switch|p2a: Amoonguss|Amoonguss, F|99\/100\n|\n|upkeep\n|turn|138\n|\n|t:|1699973959\n|switch|p2a: Dondozo|Dondozo, F, tera:Dragon|72\/100\n|move|p1a: Cinderace|Pyro Ball|p2a: Dondozo\n|-resisted|p2a: Dondozo\n|-damage|p2a: Dondozo|60\/100\n|\n|upkeep\n|turn|139\n|\n|t:|1699973976\n|move|p1a: Cinderace|U-turn|p2a: Dondozo\n|-damage|p2a: Dondozo|50\/100\n|\n|t:|1699973981\n|switch|p1a: Alomomola|Alomomola, M|100\/100|[from] U-turn\n|-damage|p1a: Alomomola|88\/100|[from] Stealth Rock\n|move|p2a: Dondozo|Liquidation|p1a: Alomomola\n|-resisted|p1a: Alomomola\n|-damage|p1a: Alomomola|78\/100\n|\n|-heal|p1a: Alomomola|84\/100|[from] item: Leftovers\n|upkeep\n|turn|140\n|\n|t:|1699974000\n|switch|p2a: Amoonguss|Amoonguss, F|100\/100\n|move|p1a: Alomomola|Whirlpool|p2a: Amoonguss\n|-resisted|p2a: Amoonguss\n|-damage|p2a: Amoonguss|98\/100\n|-activate|p2a: Amoonguss|move: Whirlpool|[of] p1a: Alomomola\n|\n|-heal|p1a: Alomomola|90\/100|[from] item: Leftovers\n|-damage|p2a: Amoonguss|85\/100|[from] move: Whirlpool|[partiallytrapped]\n|upkeep\n|turn|141\n|\n|t:|1699974008\n|move|p1a: Alomomola|Protect|p1a: Alomomola\n|-singleturn|p1a: Alomomola|Protect\n|move|p2a: Amoonguss|Giga Drain|p1a: Alomomola\n|-activate|p1a: Alomomola|move: Protect\n|\n|-heal|p1a: Alomomola|97\/100|[from] item: Leftovers\n|-damage|p2a: Amoonguss|73\/100|[from] move: Whirlpool|[partiallytrapped]\n|upkeep\n|turn|142\n|\n|t:|1699974016\n|move|p1a: Alomomola|Flip Turn|p2a: Amoonguss\n|-resisted|p2a: Amoonguss\n|-damage|p2a: Amoonguss|66\/100\n|\n|t:|1699974019\n|switch|p1a: Amoonguss|Amoonguss, F|100\/100|[from] Flip Turn\n|-damage|p1a: Amoonguss|88\/100|[from] Stealth Rock\n|move|p2a: Amoonguss|Clear Smog|p1a: Amoonguss\n|-damage|p1a: Amoonguss|76\/100\n|-clearboost|p1a: Amoonguss\n|\n|-end|p2a: Amoonguss|Whirlpool|[partiallytrapped]|[silent]\n|upkeep\n|turn|143\n|\n|t:|1699974026\n|switch|p2a: Ting-Lu|Ting-Lu|100\/100 slp\n|-ability|p2a: Ting-Lu|Vessel of Ruin\n|move|p1a: Amoonguss|Toxic||[still]\n|-fail|p1a: Amoonguss\n|\n|upkeep\n|turn|144\n|\n|t:|1699974033\n|switch|p1a: Ogerpon|Ogerpon-Wellspring-Tera, F, tera:Water|88\/100\n|-damage|p1a: Ogerpon|76\/100|[from] Stealth Rock\n|-ability|p1a: Ogerpon|Embody Aspect (Wellspring)|boost\n|-boost|p1a: Ogerpon|spd|1\n|cant|p2a: Ting-Lu|slp\n|\n|upkeep\n|turn|145\n|\n|t:|1699974053\n|switch|p2a: Dondozo|Dondozo, F, tera:Dragon|50\/100\n|move|p1a: Ogerpon|Horn Leech|p2a: Dondozo\n|-resisted|p2a: Dondozo\n|-damage|p2a: Dondozo|40\/100\n|-heal|p1a: Ogerpon|85\/100|[from] drain|[of] p2a: Dondozo\n|\n|upkeep\n|turn|146\n|\n|t:|1699974056\n|switch|p1a: Alomomola|Alomomola, M|100\/100\n|-damage|p1a: Alomomola|88\/100|[from] Stealth Rock\n|move|p2a: Dondozo|Rest|p2a: Dondozo\n|-status|p2a: Dondozo|slp|[from] move: Rest\n|-heal|p2a: Dondozo|100\/100 slp|[silent]\n|\n|-heal|p1a: Alomomola|94\/100|[from] item: Leftovers\n|upkeep\n|turn|147\n|\n|t:|1699974077\n|switch|p2a: Amoonguss|Amoonguss, F|99\/100\n|move|p1a: Alomomola|Whirlpool|p2a: Amoonguss\n|-resisted|p2a: Amoonguss\n|-damage|p2a: Amoonguss|97\/100\n|-activate|p2a: Amoonguss|move: Whirlpool|[of] p1a: Alomomola\n|\n|-heal|p1a: Alomomola|100\/100|[from] item: Leftovers\n|-damage|p2a: Amoonguss|84\/100|[from] move: Whirlpool|[partiallytrapped]\n|upkeep\n|turn|148\n|\n|t:|1699974091\n|move|p1a: Alomomola|Protect|p1a: Alomomola\n|-singleturn|p1a: Alomomola|Protect\n|move|p2a: Amoonguss|Giga Drain|p1a: Alomomola\n|-activate|p1a: Alomomola|move: Protect\n|\n|-damage|p2a: Amoonguss|72\/100|[from] move: Whirlpool|[partiallytrapped]\n|upkeep\n|turn|149\n|\n|t:|1699974103\n|switch|p1a: Dondozo|Dondozo, M|85\/100 slp\n|-damage|p1a: Dondozo|72\/100 slp|[from] Stealth Rock\n|move|p2a: Amoonguss|Clear Smog|p1a: Dondozo\n|-damage|p1a: Dondozo|59\/100 slp\n|-clearboost|p1a: Dondozo\n|\n|-heal|p1a: Dondozo|65\/100 slp|[from] item: Leftovers\n|-end|p2a: Amoonguss|Whirlpool|[partiallytrapped]|[silent]\n|upkeep\n|turn|150\n|\n|t:|1699974112\n|switch|p1a: Alomomola|Alomomola, M|100\/100\n|-damage|p1a: Alomomola|88\/100|[from] Stealth Rock\n|switch|p2a: Ting-Lu|Ting-Lu|100\/100 slp\n|-ability|p2a: Ting-Lu|Vessel of Ruin\n|\n|-heal|p1a: Alomomola|94\/100|[from] item: Leftovers\n|upkeep\n|turn|151\n|\n|t:|1699974115\n|cant|p2a: Ting-Lu|slp\n|move|p1a: Alomomola|Flip Turn|p2a: Ting-Lu\n|-supereffective|p2a: Ting-Lu\n|-damage|p2a: Ting-Lu|83\/100 slp\n|\n|t:|1699974118\n|switch|p1a: Ogerpon|Ogerpon-Wellspring-Tera, F, tera:Water|85\/100|[from] Flip Turn\n|-damage|p1a: Ogerpon|73\/100|[from] Stealth Rock\n|-ability|p1a: Ogerpon|Embody Aspect (Wellspring)|boost\n|-boost|p1a: Ogerpon|spd|1\n|\n|upkeep\n|turn|152\n|\n|t:|1699974121\n|switch|p2a: Dondozo|Dondozo, F, tera:Dragon|100\/100 slp\n|move|p1a: Ogerpon|Horn Leech|p2a: Dondozo\n|-resisted|p2a: Dondozo\n|-damage|p2a: Dondozo|91\/100 slp\n|-heal|p1a: Ogerpon|81\/100|[from] drain|[of] p2a: Dondozo\n|\n|upkeep\n|turn|153\n|\n|t:|1699974132\n|switch|p1a: Ting-Lu|Ting-Lu|84\/100\n|-damage|p1a: Ting-Lu|78\/100|[from] Stealth Rock\n|-ability|p1a: Ting-Lu|Vessel of Ruin\n|switch|p2a: Amoonguss|Amoonguss, F|100\/100\n|\n|upkeep\n|turn|154\n|\n|t:|1699974145\n|switch|p1a: Amoonguss|Amoonguss, F|100\/100\n|-damage|p1a: Amoonguss|88\/100|[from] Stealth Rock\n|move|p2a: Amoonguss|Giga Drain|p1a: Amoonguss\n|-resisted|p1a: Amoonguss\n|-crit|p1a: Amoonguss\n|-damage|p1a: Amoonguss|81\/100\n|\n|upkeep\n|turn|155\n|\n|t:|1699974151\n|switch|p1a: Alomomola|Alomomola, M|100\/100\n|-damage|p1a: Alomomola|88\/100|[from] Stealth Rock\n|switch|p2a: Ting-Lu|Ting-Lu|83\/100 slp\n|-ability|p2a: Ting-Lu|Vessel of Ruin\n|\n|-heal|p1a: Alomomola|94\/100|[from] item: Leftovers\n|upkeep\n|turn|156\n|\n|t:|1699974153\n|-curestatus|p2a: Ting-Lu|slp|[msg]\n|move|p2a: Ting-Lu|Spikes|p1a: Alomomola\n|-sidestart|p1: Pirate King Zezima|Spikes\n|move|p1a: Alomomola|Flip Turn|p2a: Ting-Lu\n|-supereffective|p2a: Ting-Lu\n|-damage|p2a: Ting-Lu|65\/100\n|\n|t:|1699974167\n|switch|p1a: Ogerpon|Ogerpon-Wellspring-Tera, F, tera:Water|81\/100|[from] Flip Turn\n|-damage|p1a: Ogerpon|69\/100|[from] Stealth Rock\n|-damage|p1a: Ogerpon|56\/100|[from] Spikes\n|-ability|p1a: Ogerpon|Embody Aspect (Wellspring)|boost\n|-boost|p1a: Ogerpon|spd|1\n|\n|upkeep\n|turn|157\n|\n|t:|1699974175\n|switch|p2a: Amoonguss|Amoonguss, F|100\/100\n|move|p1a: Ogerpon|Swords Dance|p1a: Ogerpon\n|-boost|p1a: Ogerpon|atk|2\n|\n|upkeep\n|turn|158\n|\n|t:|1699974182\n|move|p1a: Ogerpon|Ivy Cudgel|p2a: Amoonguss|[anim] Ivy Cudgel Water\n|-resisted|p2a: Amoonguss\n|-damage|p2a: Amoonguss|45\/100\n|move|p2a: Amoonguss|Toxic|p1a: Ogerpon\n|-status|p1a: Ogerpon|tox\n|\n|-damage|p1a: Ogerpon|50\/100 tox|[from] psn\n|upkeep\n|turn|159\n|\n|t:|1699974195\n|switch|p1a: Alomomola|Alomomola, M|100\/100\n|-damage|p1a: Alomomola|88\/100|[from] Stealth Rock\n|-damage|p1a: Alomomola|76\/100|[from] Spikes\n|switch|p2a: Dondozo|Dondozo, F, tera:Dragon|91\/100 slp\n|\n|-heal|p1a: Alomomola|82\/100|[from] item: Leftovers\n|upkeep\n|turn|160\n|\n|t:|1699974202\n|switch|p2a: Ting-Lu|Ting-Lu|65\/100\n|-ability|p2a: Ting-Lu|Vessel of Ruin\n|move|p1a: Alomomola|Whirlpool|p2a: Ting-Lu|[miss]\n|-miss|p1a: Alomomola|p2a: Ting-Lu\n|\n|-heal|p1a: Alomomola|88\/100|[from] item: Leftovers\n|upkeep\n|turn|161\n|\n|t:|1699974217\n|move|p2a: Ting-Lu|Spikes|p1a: Alomomola\n|-sidestart|p1: Pirate King Zezima|Spikes\n|move|p1a: Alomomola|Whirlpool|p2a: Ting-Lu\n|-supereffective|p2a: Ting-Lu\n|-damage|p2a: Ting-Lu|59\/100\n|-activate|p2a: Ting-Lu|move: Whirlpool|[of] p1a: Alomomola\n|\n|-heal|p1a: Alomomola|94\/100|[from] item: Leftovers\n|-damage|p2a: Ting-Lu|47\/100|[from] move: Whirlpool|[partiallytrapped]\n|upkeep\n|turn|162\n|\n|t:|1699974228\n|move|p2a: Ting-Lu|Rest|p2a: Ting-Lu\n|-status|p2a: Ting-Lu|slp|[from] move: Rest\n|-heal|p2a: Ting-Lu|100\/100 slp|[silent]\n|move|p1a: Alomomola|Wish|p1a: Alomomola\n|\n|-heal|p1a: Alomomola|100\/100|[from] item: Leftovers\n|-damage|p2a: Ting-Lu|88\/100 slp|[from] move: Whirlpool|[partiallytrapped]\n|upkeep\n|turn|163\n|\n|t:|1699974232\n|move|p1a: Alomomola|Flip Turn|p2a: Ting-Lu\n|-supereffective|p2a: Ting-Lu\n|-damage|p2a: Ting-Lu|70\/100 slp\n|\n|t:|1699974235\n|switch|p1a: Ogerpon|Ogerpon-Wellspring-Tera, F, tera:Water|50\/100 tox|[from] Flip Turn\n|-damage|p1a: Ogerpon|38\/100 tox|[from] Stealth Rock\n|-damage|p1a: Ogerpon|22\/100 tox|[from] Spikes\n|-ability|p1a: Ogerpon|Embody Aspect (Wellspring)|boost\n|-boost|p1a: Ogerpon|spd|1\n|cant|p2a: Ting-Lu|slp\n|\n|-heal|p1a: Ogerpon|100\/100 tox|[from] move: Wish|[wisher] Alomomola\n|-damage|p1a: Ogerpon|95\/100 tox|[from] psn\n|-end|p2a: Ting-Lu|Whirlpool|[partiallytrapped]|[silent]\n|upkeep\n|turn|164\n|\n|t:|1699974250\n|switch|p2a: Amoonguss|Amoonguss, F|79\/100\n|move|p1a: Ogerpon|Ivy Cudgel|p2a: Amoonguss|[anim] Ivy Cudgel Water\n|-resisted|p2a: Amoonguss\n|-damage|p2a: Amoonguss|49\/100\n|\n|-damage|p1a: Ogerpon|83\/100 tox|[from] psn\n|upkeep\n|turn|165\n|\n|t:|1699974258\n|switch|p1a: Amoonguss|Amoonguss, F|100\/100\n|-damage|p1a: Amoonguss|88\/100|[from] Stealth Rock\n|-damage|p1a: Amoonguss|71\/100|[from] Spikes\n|switch|p2a: Dondozo|Dondozo, F, tera:Dragon|91\/100 slp\n|\n|upkeep\n|turn|166\n|\n|t:|1699974266\n|switch|p2a: Amoonguss|Amoonguss, F|82\/100\n|switch|p1a: Alomomola|Alomomola, M|100\/100\n|-damage|p1a: Alomomola|88\/100|[from] Stealth Rock\n|-damage|p1a: Alomomola|72\/100|[from] Spikes\n|\n|-heal|p1a: Alomomola|78\/100|[from] item: Leftovers\n|upkeep\n|turn|167\n|\n|t:|1699974280\n|switch|p2a: Ting-Lu|Ting-Lu|70\/100 slp\n|-ability|p2a: Ting-Lu|Vessel of Ruin\n|move|p1a: Alomomola|Flip Turn|p2a: Ting-Lu\n|-supereffective|p2a: Ting-Lu\n|-damage|p2a: Ting-Lu|51\/100 slp\n|\n|t:|1699974290\n|switch|p1a: Cinderace|Cinderace, F|86\/100|[from] Flip Turn\n|\n|upkeep\n|turn|168\n|\n|t:|1699974294\n|switch|p2a: Dondozo|Dondozo, F, tera:Dragon|91\/100 slp\n|move|p1a: Cinderace|U-turn|p2a: Dondozo\n|-damage|p2a: Dondozo|80\/100 slp\n|\n|t:|1699974297\n|switch|p1a: Alomomola|Alomomola, M|100\/100|[from] U-turn\n|-damage|p1a: Alomomola|88\/100|[from] Stealth Rock\n|-damage|p1a: Alomomola|72\/100|[from] Spikes\n|\n|-heal|p1a: Alomomola|78\/100|[from] item: Leftovers\n|upkeep\n|turn|169\n|\n|t:|1699974302\n|switch|p2a: Amoonguss|Amoonguss, F|100\/100\n|move|p1a: Alomomola|Flip Turn|p2a: Amoonguss\n|-resisted|p2a: Amoonguss\n|-damage|p2a: Amoonguss|95\/100\n|\n|t:|1699974307\n|switch|p1a: Cinderace|Cinderace, F|86\/100|[from] Flip Turn\n|\n|upkeep\n|turn|170\n|\n|t:|1699974311\n|switch|p2a: Dondozo|Dondozo, F, tera:Dragon|80\/100 slp\n|move|p1a: Cinderace|U-turn|p2a: Dondozo\n|-damage|p2a: Dondozo|70\/100 slp\n|\n|t:|1699974314\n|switch|p1a: Alomomola|Alomomola, M|100\/100|[from] U-turn\n|-damage|p1a: Alomomola|88\/100|[from] Stealth Rock\n|-damage|p1a: Alomomola|72\/100|[from] Spikes\n|\n|-heal|p1a: Alomomola|78\/100|[from] item: Leftovers\n|upkeep\n|turn|171\n|\n|t:|1699974322\n|move|p1a: Alomomola|Whirlpool|p2a: Dondozo\n|-resisted|p2a: Dondozo\n|-damage|p2a: Dondozo|67\/100 slp\n|-activate|p2a: Dondozo|move: Whirlpool|[of] p1a: Alomomola\n|cant|p2a: Dondozo|slp\n|\n|-heal|p1a: Alomomola|84\/100|[from] item: Leftovers\n|-damage|p2a: Dondozo|55\/100 slp|[from] move: Whirlpool|[partiallytrapped]\n|upkeep\n|turn|172\n|\n|t:|1699974333\n|move|p1a: Alomomola|Protect|p1a: Alomomola\n|-singleturn|p1a: Alomomola|Protect\n|cant|p2a: Dondozo|slp\n|\n|-heal|p1a: Alomomola|90\/100|[from] item: Leftovers\n|-damage|p2a: Dondozo|42\/100 slp|[from] move: Whirlpool|[partiallytrapped]\n|upkeep\n|turn|173\n|\n|t:|1699974342\n|move|p1a: Alomomola|Protect||[still]\n|-fail|p1a: Alomomola\n|-curestatus|p2a: Dondozo|slp|[msg]\n|move|p2a: Dondozo|Rest|p2a: Dondozo\n|-status|p2a: Dondozo|slp|[from] move: Rest\n|-heal|p2a: Dondozo|100\/100 slp|[silent]\n|\n|-heal|p1a: Alomomola|96\/100|[from] item: Leftovers\n|-damage|p2a: Dondozo|88\/100 slp|[from] move: Whirlpool|[partiallytrapped]\n|upkeep\n|turn|174\n|\n|t:|1699974348\n|move|p1a: Alomomola|Protect|p1a: Alomomola\n|-singleturn|p1a: Alomomola|Protect\n|cant|p2a: Dondozo|slp\n|\n|-heal|p1a: Alomomola|100\/100|[from] item: Leftovers\n|-damage|p2a: Dondozo|75\/100 slp|[from] move: Whirlpool|[partiallytrapped]\n|upkeep\n|turn|175\n|\n|t:|1699974352\n|move|p1a: Alomomola|Protect||[still]\n|-fail|p1a: Alomomola\n|cant|p2a: Dondozo|slp\n|\n|-end|p2a: Dondozo|Whirlpool|[partiallytrapped]\n|upkeep\n|turn|176\n|\n|t:|1699974355\n|switch|p2a: Amoonguss|Amoonguss, F|100\/100\n|move|p1a: Alomomola|Whirlpool|p2a: Amoonguss\n|-resisted|p2a: Amoonguss\n|-damage|p2a: Amoonguss|97\/100\n|-activate|p2a: Amoonguss|move: Whirlpool|[of] p1a: Alomomola\n|\n|-damage|p2a: Amoonguss|85\/100|[from] move: Whirlpool|[partiallytrapped]\n|upkeep\n|turn|177\n|\n|t:|1699974361\n|move|p1a: Alomomola|Flip Turn|p2a: Amoonguss\n|-resisted|p2a: Amoonguss\n|-damage|p2a: Amoonguss|79\/100\n|\n|t:|1699974362\n|switch|p1a: Amoonguss|Amoonguss, F|100\/100|[from] Flip Turn\n|-damage|p1a: Amoonguss|88\/100|[from] Stealth Rock\n|-damage|p1a: Amoonguss|71\/100|[from] Spikes\n|move|p2a: Amoonguss|Giga Drain|p1a: Amoonguss\n|-resisted|p1a: Amoonguss\n|-damage|p1a: Amoonguss|66\/100\n|-heal|p2a: Amoonguss|82\/100|[from] drain|[of] p1a: Amoonguss\n|\n|-end|p2a: Amoonguss|Whirlpool|[partiallytrapped]|[silent]\n|upkeep\n|turn|178\n|\n|t:|1699974370\n|switch|p2a: Blissey|Blissey, F|100\/100\n|move|p1a: Amoonguss|Clear Smog|p2a: Blissey\n|-damage|p2a: Blissey|96\/100\n|-clearboost|p2a: Blissey\n|\n|upkeep\n|turn|179\n|\n|t:|1699974376\n|switch|p1a: Cinderace|Cinderace, F|86\/100\n|move|p2a: Blissey|Flamethrower|p1a: Cinderace\n|-resisted|p1a: Cinderace\n|-damage|p1a: Cinderace|74\/100\n|\n|upkeep\n|turn|180\n|\n|t:|1699974385\n|switch|p2a: Dondozo|Dondozo, F, tera:Dragon|75\/100 slp\n|move|p1a: Cinderace|U-turn|p2a: Dondozo\n|-damage|p2a: Dondozo|65\/100 slp\n|\n|t:|1699974388\n|switch|p1a: Alomomola|Alomomola, M|100\/100|[from] U-turn\n|-damage|p1a: Alomomola|88\/100|[from] Stealth Rock\n|-damage|p1a: Alomomola|72\/100|[from] Spikes\n|\n|-heal|p1a: Alomomola|78\/100|[from] item: Leftovers\n|upkeep\n|turn|181\n|\n|t:|1699974396\n|switch|p2a: Amoonguss|Amoonguss, F|100\/100\n|move|p1a: Alomomola|Flip Turn|p2a: Amoonguss\n|-resisted|p2a: Amoonguss\n|-damage|p2a: Amoonguss|94\/100\n|\n|t:|1699974399\n|switch|p1a: Cinderace|Cinderace, F|74\/100|[from] Flip Turn\n|\n|upkeep\n|turn|182\n|\n|t:|1699974405\n|switch|p2a: Dondozo|Dondozo, F, tera:Dragon|65\/100 slp\n|move|p1a: Cinderace|U-turn|p2a: Dondozo\n|-damage|p2a: Dondozo|54\/100 slp\n|\n|t:|1699974407\n|switch|p1a: Alomomola|Alomomola, M|100\/100|[from] U-turn\n|-damage|p1a: Alomomola|88\/100|[from] Stealth Rock\n|-damage|p1a: Alomomola|72\/100|[from] Spikes\n|\n|-heal|p1a: Alomomola|78\/100|[from] item: Leftovers\n|upkeep\n|turn|183\n|\n|t:|1699974417\n|switch|p2a: Blissey|Blissey, F|96\/100\n|move|p1a: Alomomola|Whirlpool|p2a: Blissey|[miss]\n|-miss|p1a: Alomomola|p2a: Blissey\n|\n|-heal|p1a: Alomomola|84\/100|[from] item: Leftovers\n|upkeep\n|turn|184\n|\n|t:|1699974425\n|move|p2a: Blissey|Seismic Toss|p1a: Alomomola\n|-damage|p1a: Alomomola|64\/100\n|move|p1a: Alomomola|Flip Turn|p2a: Blissey\n|-damage|p2a: Blissey|64\/100\n|\n|t:|1699974431\n|switch|p1a: Cinderace|Cinderace, F|74\/100|[from] Flip Turn\n|\n|upkeep\n|turn|185\n|\n|t:|1699974437\n|switch|p2a: Corviknight|Corviknight, F|74\/100\n|-damage|p2a: Corviknight|62\/100|[from] Stealth Rock\n|-ability|p2a: Corviknight|Pressure\n|move|p1a: Cinderace|U-turn|p2a: Corviknight\n|-resisted|p2a: Corviknight\n|-damage|p2a: Corviknight|59\/100\n|-damage|p1a: Cinderace|58\/100|[from] item: Rocky Helmet|[of] p2a: Corviknight\n|\n|t:|1699974450\n|switch|p1a: Alomomola|Alomomola, M|97\/100|[from] U-turn\n|-damage|p1a: Alomomola|85\/100|[from] Stealth Rock\n|-damage|p1a: Alomomola|68\/100|[from] Spikes\n|\n|-heal|p1a: Alomomola|75\/100|[from] item: Leftovers\n|upkeep\n|turn|186\n|\n|t:|1699974458\n|switch|p2a: Amoonguss|Amoonguss, F|100\/100\n|move|p1a: Alomomola|Flip Turn|p2a: Amoonguss\n|-resisted|p2a: Amoonguss\n|-damage|p2a: Amoonguss|95\/100\n|\n|t:|1699974465\n|switch|p1a: Cinderace|Cinderace, F|58\/100|[from] Flip Turn\n|\n|upkeep\n|turn|187\n|\n|t:|1699974471\n|move|p1a: Cinderace|U-turn|p2a: Amoonguss\n|-damage|p2a: Amoonguss|78\/100\n|\n|t:|1699974475\n|switch|p1a: Amoonguss|Amoonguss, F|99\/100|[from] U-turn\n|-damage|p1a: Amoonguss|87\/100|[from] Stealth Rock\n|-damage|p1a: Amoonguss|71\/100|[from] Spikes\n|move|p2a: Amoonguss|Toxic|p1a: Amoonguss\n|-immune|p1a: Amoonguss\n|\n|upkeep\n|turn|188\n|\n|t:|1699974479\n|switch|p2a: Ting-Lu|Ting-Lu|51\/100 slp\n|-ability|p2a: Ting-Lu|Vessel of Ruin\n|move|p1a: Amoonguss|Clear Smog|p2a: Ting-Lu\n|-resisted|p2a: Ting-Lu\n|-damage|p2a: Ting-Lu|49\/100 slp\n|-clearboost|p2a: Ting-Lu\n|\n|upkeep\n|turn|189\n|\n|t:|1699974495\n|cant|p2a: Ting-Lu|slp\n|move|p1a: Amoonguss|Giga Drain|p2a: Ting-Lu\n|-supereffective|p2a: Ting-Lu\n|-damage|p2a: Ting-Lu|29\/100 slp\n|-heal|p1a: Amoonguss|82\/100|[from] drain|[of] p2a: Ting-Lu\n|\n|upkeep\n|turn|190\n|\n|t:|1699974499\n|-curestatus|p2a: Ting-Lu|slp|[msg]\n|move|p2a: Ting-Lu|Rest|p2a: Ting-Lu\n|-status|p2a: Ting-Lu|slp|[from] move: Rest\n|-heal|p2a: Ting-Lu|100\/100 slp|[silent]\n|move|p1a: Amoonguss|Giga Drain|p2a: Ting-Lu\n|-supereffective|p2a: Ting-Lu\n|-damage|p2a: Ting-Lu|81\/100 slp\n|-heal|p1a: Amoonguss|93\/100|[from] drain|[of] p2a: Ting-Lu\n|\n|upkeep\n|turn|191\n|\n|t:|1699974506\n|switch|p1a: Alomomola|Alomomola, M|100\/100\n|-damage|p1a: Alomomola|88\/100|[from] Stealth Rock\n|-damage|p1a: Alomomola|72\/100|[from] Spikes\n|cant|p2a: Ting-Lu|slp\n|\n|-heal|p1a: Alomomola|78\/100|[from] item: Leftovers\n|upkeep\n|turn|192\n|\n|t:|1699974518\n|cant|p2a: Ting-Lu|slp\n|move|p1a: Alomomola|Wish|p1a: Alomomola\n|\n|-heal|p1a: Alomomola|84\/100|[from] item: Leftovers\n|upkeep\n|turn|193\n|\n|t:|1699974522\n|-curestatus|p2a: Ting-Lu|slp|[msg]\n|move|p2a: Ting-Lu|Spikes|p1a: Alomomola\n|-sidestart|p1: Pirate King Zezima|Spikes\n|move|p1a: Alomomola|Flip Turn|p2a: Ting-Lu\n|-supereffective|p2a: Ting-Lu\n|-damage|p2a: Ting-Lu|64\/100\n|\n|t:|1699974526\n|switch|p1a: Ogerpon|Ogerpon-Wellspring-Tera, F, tera:Water|83\/100 tox|[from] Flip Turn\n|-damage|p1a: Ogerpon|70\/100 tox|[from] Stealth Rock\n|-damage|p1a: Ogerpon|46\/100 tox|[from] Spikes\n|-ability|p1a: Ogerpon|Embody Aspect (Wellspring)|boost\n|-boost|p1a: Ogerpon|spd|1\n|\n|-heal|p1a: Ogerpon|100\/100 tox|[from] move: Wish|[wisher] Alomomola\n|-damage|p1a: Ogerpon|95\/100 tox|[from] psn\n|upkeep\n|turn|194\n|\n|t:|1699974534\n|switch|p2a: Amoonguss|Amoonguss, F|100\/100\n|move|p1a: Ogerpon|Ivy Cudgel|p2a: Amoonguss|[anim] Ivy Cudgel Water\n|-resisted|p2a: Amoonguss\n|-damage|p2a: Amoonguss|72\/100\n|\n|-damage|p1a: Ogerpon|83\/100 tox|[from] psn\n|upkeep\n|turn|195\n|\n|t:|1699974543\n|switch|p1a: Amoonguss|Amoonguss, F|100\/100\n|-damage|p1a: Amoonguss|88\/100|[from] Stealth Rock\n|-damage|p1a: Amoonguss|63\/100|[from] Spikes\n|move|p2a: Amoonguss|Clear Smog|p1a: Amoonguss\n|-damage|p1a: Amoonguss|50\/100\n|-clearboost|p1a: Amoonguss\n|\n|upkeep\n|turn|196\n|\n|t:|1699974557\n|switch|p1a: Cinderace|Cinderace, F|58\/100\n|move|p2a: Amoonguss|Clear Smog|p1a: Cinderace\n|-damage|p1a: Cinderace|35\/100\n|-clearboost|p1a: Cinderace\n|\n|upkeep\n|turn|197\n|\n|t:|1699974563\n|switch|p2a: Dondozo|Dondozo, F, tera:Dragon|54\/100 slp\n|move|p1a: Cinderace|Pyro Ball|p2a: Dondozo\n|-resisted|p2a: Dondozo\n|-damage|p2a: Dondozo|41\/100 slp\n|\n|upkeep\n|turn|198\n|\n|t:|1699974566\n|move|p1a: Cinderace|U-turn|p2a: Dondozo\n|-damage|p2a: Dondozo|32\/100 slp\n|\n|t:|1699974568\n|switch|p1a: Alomomola|Alomomola, M|100\/100|[from] U-turn\n|-damage|p1a: Alomomola|88\/100|[from] Stealth Rock\n|-damage|p1a: Alomomola|63\/100|[from] Spikes\n|-curestatus|p2a: Dondozo|slp|[msg]\n|move|p2a: Dondozo|Rest|p2a: Dondozo\n|-status|p2a: Dondozo|slp|[from] move: Rest\n|-heal|p2a: Dondozo|100\/100 slp|[silent]\n|\n|-heal|p1a: Alomomola|69\/100|[from] item: Leftovers\n|upkeep\n|turn|199\n|\n|t:|1699974571\n|switch|p2a: Amoonguss|Amoonguss, F|100\/100\n|move|p1a: Alomomola|Wish|p1a: Alomomola\n|\n|-heal|p1a: Alomomola|76\/100|[from] item: Leftovers\n|upkeep\n|turn|200\n|\n|t:|1699974577\n|move|p1a: Alomomola|Flip Turn|p2a: Amoonguss\n|-resisted|p2a: Amoonguss\n|-crit|p2a: Amoonguss\n|-damage|p2a: Amoonguss|91\/100\n|\n|t:|1699974579\n|switch|p1a: Cinderace|Cinderace, F|35\/100|[from] Flip Turn\n|move|p2a: Amoonguss|Clear Smog|p1a: Cinderace\n|-damage|p1a: Cinderace|13\/100\n|-clearboost|p1a: Cinderace\n|\n|-heal|p1a: Cinderace|97\/100|[from] move: Wish|[wisher] Alomomola\n|upkeep\n|turn|201\n|\n|t:|1699974582\n|move|p1a: Cinderace|U-turn|p2a: Amoonguss\n|-damage|p2a: Amoonguss|77\/100\n|\n|t:|1699974585\n|switch|p1a: Amoonguss|Amoonguss, F|83\/100|[from] U-turn\n|-damage|p1a: Amoonguss|71\/100|[from] Stealth Rock\n|-damage|p1a: Amoonguss|46\/100|[from] Spikes\n|move|p2a: Amoonguss|Toxic|p1a: Amoonguss\n|-immune|p1a: Amoonguss\n|\n|upkeep\n|turn|202\n|\n|t:|1699974589\n|move|p1a: Amoonguss|Clear Smog|p2a: Amoonguss\n|-damage|p2a: Amoonguss|63\/100\n|-clearboost|p2a: Amoonguss\n|move|p2a: Amoonguss|Giga Drain|p1a: Amoonguss\n|-resisted|p1a: Amoonguss\n|-damage|p1a: Amoonguss|41\/100\n|-heal|p2a: Amoonguss|65\/100|[from] drain|[of] p1a: Amoonguss\n|\n|upkeep\n|turn|203\n|\n|t:|1699974593\n|move|p1a: Amoonguss|Clear Smog|p2a: Amoonguss\n|-damage|p2a: Amoonguss|52\/100\n|-clearboost|p2a: Amoonguss\n|move|p2a: Amoonguss|Clear Smog|p1a: Amoonguss\n|-damage|p1a: Amoonguss|29\/100\n|-clearboost|p1a: Amoonguss\n|\n|upkeep\n|turn|204\n|\n|t:|1699974607\n|switch|p1a: Ting-Lu|Ting-Lu|78\/100\n|-damage|p1a: Ting-Lu|72\/100|[from] Stealth Rock\n|-damage|p1a: Ting-Lu|47\/100|[from] Spikes\n|-ability|p1a: Ting-Lu|Vessel of Ruin\n|switch|p2a: Blissey|Blissey, F|64\/100\n|\n|upkeep\n|turn|205\n|\n|t:|1699974615\n|switch|p2a: Corviknight|Corviknight, F|59\/100\n|-damage|p2a: Corviknight|46\/100|[from] Stealth Rock\n|-ability|p2a: Corviknight|Pressure\n|switch|p1a: Cinderace|Cinderace, F|97\/100\n|\n|upkeep\n|turn|206\n|\n|t:|1699974622\n|switch|p2a: Dondozo|Dondozo, F, tera:Dragon|100\/100 slp\n|move|p1a: Cinderace|Pyro Ball|p2a: Dondozo\n|-resisted|p2a: Dondozo\n|-damage|p2a: Dondozo|87\/100 slp\n|\n|upkeep\n|turn|207\n|\n|t:|1699974625\n|move|p1a: Cinderace|U-turn|p2a: Dondozo\n|-damage|p2a: Dondozo|76\/100 slp\n|\n|t:|1699974627\n|switch|p1a: Alomomola|Alomomola, M|100\/100|[from] U-turn\n|-damage|p1a: Alomomola|88\/100|[from] Stealth Rock\n|-damage|p1a: Alomomola|63\/100|[from] Spikes\n|cant|p2a: Dondozo|slp\n|\n|-heal|p1a: Alomomola|69\/100|[from] item: Leftovers\n|upkeep\n|turn|208\n|\n|t:|1699974633\n|switch|p2a: Blissey|Blissey, F|64\/100\n|move|p1a: Alomomola|Flip Turn|p2a: Blissey\n|-damage|p2a: Blissey|33\/100\n|\n|t:|1699974635\n|switch|p1a: Cinderace|Cinderace, F|97\/100|[from] Flip Turn\n|\n|upkeep\n|turn|209\n|\n|t:|1699974639\n|switch|p2a: Dondozo|Dondozo, F, tera:Dragon|76\/100 slp\n|move|p1a: Cinderace|U-turn|p2a: Dondozo\n|-damage|p2a: Dondozo|67\/100 slp\n|\n|t:|1699974642\n|switch|p1a: Alomomola|Alomomola, M|100\/100|[from] U-turn\n|-damage|p1a: Alomomola|88\/100|[from] Stealth Rock\n|-damage|p1a: Alomomola|63\/100|[from] Spikes\n|\n|-heal|p1a: Alomomola|69\/100|[from] item: Leftovers\n|upkeep\n|turn|210\n|\n|t:|1699974648\n|switch|p2a: Amoonguss|Amoonguss, F|85\/100\n|move|p1a: Alomomola|Flip Turn|p2a: Amoonguss\n|-resisted|p2a: Amoonguss\n|-damage|p2a: Amoonguss|79\/100\n|\n|t:|1699974651\n|switch|p1a: Cinderace|Cinderace, F|97\/100|[from] Flip Turn\n|\n|upkeep\n|turn|211\n|-message|illes forfeited.\n|\n|win|Pirate King Zezima\n|raw|Pirate King Zezima's rating: 1611 &rarr; <strong>1632<\/strong><br \/>(+21 for winning)\n|raw|illes's rating: 1627 &rarr; <strong>1606<\/strong><br \/>(-21 for losing)\n|l|\u2606illes\n|c|\u2606Pirate King Zezima|Ez\n|l|\u2606Pirate King Zezima\n|j|\u2606Pirate King Zezima\n|player|p1|Pirate King Zezima|archer\n","uploadtime":1699974887,"views":8,"p1id":"piratekingzezima","p2id":"illes","formatid":"gen9ou","rating":1606,"private":0,"password":""}