{"id":"gen9ou-1993590628","p1":"omarmusah","p2":"Neumanum","format":"[Gen 9] OU","log":"|j|\u2606omarmusah\n|j|\u2606Neumanum\n|t:|1700335098\n|gametype|singles\n|player|p1|omarmusah|1|1351\n|player|p2|Neumanum|blue|1303\n|teamsize|p1|6\n|teamsize|p2|6\n|gen|9\n|tier|[Gen 9] OU\n|rated|\n|rule|Sleep Clause Mod: Limit one foe put to sleep\n|rule|Species Clause: Limit one of each Pok\u00e9mon\n|rule|OHKO Clause: OHKO moves are banned\n|rule|Evasion Items Clause: Evasion items are banned\n|rule|Evasion Moves Clause: Evasion moves are banned\n|rule|Endless Battle Clause: Forcing endless battles is banned\n|rule|HP Percentage Mod: HP is shown in percentages\n|clearpoke\n|poke|p1|Samurott-Hisui, M|\n|poke|p1|Great Tusk|\n|poke|p1|Kingambit, F|\n|poke|p1|Iron Valiant|\n|poke|p1|Garchomp, F|\n|poke|p1|Ogerpon-Wellspring, F|\n|poke|p2|Samurott-Hisui, F|\n|poke|p2|Iron Valiant|\n|poke|p2|Gholdengo|\n|poke|p2|Kingambit, M|\n|poke|p2|Dragonite, F|\n|poke|p2|Great Tusk|\n|teampreview\n|inactive|Battle timer is ON: inactive players will automatically lose when time's up. (requested by Neumanum)\n|\n|t:|1700335133\n|start\n|switch|p1a: Garchomp|Garchomp, F|100\/100\n|switch|p2a: Great Tusk|Great Tusk|100\/100\n|turn|1\n|\n|t:|1700335154\n|move|p1a: Garchomp|Swords Dance|p1a: Garchomp\n|-boost|p1a: Garchomp|atk|2\n|move|p2a: Great Tusk|Stealth Rock|p1a: Garchomp\n|-sidestart|p1: omarmusah|move: Stealth Rock\n|\n|upkeep\n|turn|2\n|\n|t:|1700335161\n|move|p1a: Garchomp|Scale Shot|p2a: Great Tusk\n|-damage|p2a: Great Tusk|88\/100\n|-damage|p2a: Great Tusk|76\/100\n|-damage|p2a: Great Tusk|63\/100\n|-damage|p2a: Great Tusk|50\/100\n|-hitcount|p2a: Great Tusk|4\n|-unboost|p1a: Garchomp|def|1\n|-boost|p1a: Garchomp|spe|1\n|move|p2a: Great Tusk|Knock Off|p1a: Garchomp\n|-damage|p1a: Garchomp|60\/100\n|-damage|p2a: Great Tusk|37\/100|[from] ability: Rough Skin|[of] p1a: Garchomp\n|-enditem|p1a: Garchomp|Loaded Dice|[from] move: Knock Off|[of] p2a: Great Tusk\n|\n|-heal|p2a: Great Tusk|43\/100|[from] item: Leftovers\n|upkeep\n|turn|3\n|inactive|Neumanum has 120 seconds left.\n|\n|t:|1700335190\n|-end|p2a: Great Tusk|Protosynthesis|[silent]\n|switch|p2a: Samurott|Samurott-Hisui, F, shiny|100\/100\n|move|p1a: Garchomp|Earthquake|p2a: Samurott\n|-damage|p2a: Samurott|0 fnt\n|faint|p2a: Samurott\n|\n|upkeep\n|inactive|Neumanum has 120 seconds left.\n|\n|t:|1700335211\n|switch|p2a: Iron Valiant|Iron Valiant|100\/100\n|-enditem|p2a: Iron Valiant|Booster Energy\n|-activate|p2a: Iron Valiant|ability: Quark Drive|[fromitem]\n|-start|p2a: Iron Valiant|quarkdrivespe\n|turn|4\n|\n|t:|1700335233\n|-terastallize|p1a: Garchomp|Fire\n|move|p2a: Iron Valiant|Calm Mind|p2a: Iron Valiant\n|-boost|p2a: Iron Valiant|spa|1\n|-boost|p2a: Iron Valiant|spd|1\n|move|p1a: Garchomp|Tera Blast|p2a: Iron Valiant|[anim] Tera Blast Fire\n|-damage|p2a: Iron Valiant|0 fnt\n|faint|p2a: Iron Valiant\n|-end|p2a: Iron Valiant|Quark Drive|[silent]\n|\n|upkeep\n|\n|t:|1700335244\n|switch|p2a: Dragonite|Dragonite, F|100\/100\n|turn|5\n|\n|t:|1700335251\n|move|p1a: Garchomp|Scale Shot|p2a: Dragonite\n|-supereffective|p2a: Dragonite\n|-damage|p2a: Dragonite|74\/100\n|-supereffective|p2a: Dragonite\n|-damage|p2a: Dragonite|19\/100\n|-supereffective|p2a: Dragonite\n|-damage|p2a: Dragonite|0 fnt\n|faint|p2a: Dragonite\n|-hitcount|p2: Dragonite|3\n|-unboost|p1a: Garchomp|def|1\n|-boost|p1a: Garchomp|spe|1\n|\n|upkeep\n|\n|t:|1700335262\n|switch|p2a: Kingambit|Kingambit, M|100\/100\n|-activate|p2a: Kingambit|ability: Supreme Overlord\n|-start|p2a: Kingambit|fallen3|[silent]\n|turn|6\n|\n|t:|1700335268\n|move|p1a: Garchomp|Earthquake|p2a: Kingambit\n|-supereffective|p2a: Kingambit\n|-damage|p2a: Kingambit|0 fnt\n|faint|p2a: Kingambit\n|-end|p2a: Kingambit|fallen3|[silent]\n|\n|upkeep\n|\n|t:|1700335272\n|switch|p2a: Gholdengo|Gholdengo|100\/100\n|turn|7\n|\n|t:|1700335278\n|move|p1a: Garchomp|Tera Blast|p2a: Gholdengo|[anim] Tera Blast Fire\n|-supereffective|p2a: Gholdengo\n|-damage|p2a: Gholdengo|0 fnt\n|faint|p2a: Gholdengo\n|\n|upkeep\n|-message|Neumanum forfeited.\n|\n|win|omarmusah\n|raw|omarmusah's rating: 1351 &rarr; <strong>1368<\/strong><br \/>(+17 for winning)\n|raw|Neumanum's rating: 1303 &rarr; <strong>1286<\/strong><br \/>(-17 for losing)\n|l|\u2606Neumanum\n","uploadtime":1700335290,"views":8,"p1id":"omarmusah","p2id":"neumanum","formatid":"gen9ou","rating":1286,"private":0,"password":""}