{"id":"gen9ou-2000261527","p1":"xotaviox","p2":"Dkjxbd","format":"[Gen 9] OU","log":"|j|\u2606xotaviox\n|j|\u2606Dkjxbd\n|t:|1701178837\n|gametype|singles\n|player|p1|xotaviox|170|1043\n|player|p2|Dkjxbd|2|1000\n|teamsize|p1|6\n|teamsize|p2|6\n|gen|9\n|tier|[Gen 9] OU\n|rated|\n|rule|Sleep Clause Mod: Limit one foe put to sleep\n|rule|Species Clause: Limit one of each Pok\u00e9mon\n|rule|OHKO Clause: OHKO moves are banned\n|rule|Evasion Items Clause: Evasion items are banned\n|rule|Evasion Moves Clause: Evasion moves are banned\n|rule|Endless Battle Clause: Forcing endless battles is banned\n|rule|HP Percentage Mod: HP is shown in percentages\n|clearpoke\n|poke|p1|Greninja-*, M|\n|poke|p1|Arcanine, M|\n|poke|p1|Iron Valiant|\n|poke|p1|Scizor, F|\n|poke|p1|Zapdos-Galar|\n|poke|p1|Cryogonal|\n|poke|p2|Glimmora, M|\n|poke|p2|Tyranitar, M|\n|poke|p2|Arcanine-Hisui, F|\n|poke|p2|Lycanroc, M|\n|poke|p2|Ogerpon-Cornerstone, F|\n|poke|p2|Golem, M|\n|teampreview\n|\n|t:|1701178851\n|start\n|switch|p1a: Greninja|Greninja, M|100\/100\n|switch|p2a: Glimmora|Glimmora, M|100\/100\n|turn|1\n|\n|t:|1701178860\n|-terastallize|p2a: Glimmora|Flying\n|move|p1a: Greninja|Liquidation|p2a: Glimmora\n|-damage|p2a: Glimmora|54\/100\n|-unboost|p2a: Glimmora|def|1\n|move|p2a: Glimmora|Energy Ball|p1a: Greninja\n|-supereffective|p1a: Greninja\n|-enditem|p1a: Greninja|Focus Sash\n|-damage|p1a: Greninja|1\/100\n|-unboost|p1a: Greninja|spd|1\n|\n|upkeep\n|turn|2\n|\n|t:|1701178873\n|move|p2a: Glimmora|Stealth Rock|p1a: Greninja\n|-sidestart|p1: xotaviox|move: Stealth Rock\n|move|p1a: Greninja|Counter||[still]\n|-fail|p1a: Greninja\n|\n|upkeep\n|turn|3\n|\n|t:|1701178887\n|switch|p1a: Arcanine|Arcanine, M|100\/100\n|-ability|p1a: Arcanine|Intimidate|boost\n|-unboost|p2a: Glimmora|atk|1\n|move|p2a: Glimmora|Mortal Spin|p1a: Arcanine\n|-damage|p1a: Arcanine|96\/100\n|-status|p1a: Arcanine|psn\n|\n|-damage|p1a: Arcanine|83\/100 psn|[from] psn\n|upkeep\n|turn|4\n|\n|t:|1701178898\n|move|p1a: Arcanine|Flare Blitz|p2a: Glimmora\n|-damage|p2a: Glimmora|0 fnt\n|faint|p2a: Glimmora\n|-damage|p1a: Arcanine|68\/100 psn|[from] Recoil\n|\n|-damage|p1a: Arcanine|56\/100 psn|[from] psn\n|upkeep\n|\n|t:|1701178913\n|switch|p2a: Ogerpon|Ogerpon-Cornerstone, F|100\/100\n|turn|5\n|\n|t:|1701178917\n|move|p2a: Ogerpon|Ivy Cudgel|p1a: Arcanine|[anim] Ivy Cudgel Rock\n|-supereffective|p1a: Arcanine\n|-crit|p1a: Arcanine\n|-damage|p1a: Arcanine|0 fnt\n|faint|p1a: Arcanine\n|\n|upkeep\n|\n|t:|1701178935\n|switch|p1a: Cryogonal|Cryogonal|100\/100\n|turn|6\n|\n|t:|1701178944\n|move|p2a: Ogerpon|Swords Dance|p2a: Ogerpon\n|-boost|p2a: Ogerpon|atk|2\n|move|p1a: Cryogonal|Freeze-Dry|p2a: Ogerpon\n|-supereffective|p2a: Ogerpon\n|-damage|p2a: Ogerpon|29\/100\n|-status|p2a: Ogerpon|frz\n|\n|upkeep\n|turn|7\n|\n|t:|1701178954\n|cant|p2a: Ogerpon|frz\n|move|p1a: Cryogonal|Freeze-Dry|p2a: Ogerpon\n|-supereffective|p2a: Ogerpon\n|-damage|p2a: Ogerpon|0 fnt\n|faint|p2a: Ogerpon\n|\n|upkeep\n|\n|t:|1701178961\n|switch|p2a: Arcanine|Arcanine-Hisui, F|100\/100\n|turn|8\n|\n|t:|1701178967\n|switch|p1a: Greninja|Greninja, M|1\/100\n|-damage|p1a: Greninja|0 fnt|[from] Stealth Rock\n|faint|p1a: Greninja\n|move|p2a: Arcanine|Flare Blitz|p1: Greninja|[notarget]\n|-fail|p2a: Arcanine\n|\n|upkeep\n|\n|t:|1701178981\n|switch|p1a: Iron Valiant|Iron Valiant|100\/100\n|-damage|p1a: Iron Valiant|94\/100|[from] Stealth Rock\n|-enditem|p1a: Iron Valiant|Booster Energy\n|-activate|p1a: Iron Valiant|ability: Quark Drive|[fromitem]\n|-start|p1a: Iron Valiant|quarkdriveatk\n|turn|9\n|\n|t:|1701178997\n|switch|p2a: Tyranitar|Tyranitar, M|100\/100\n|-weather|Sandstorm|[from] ability: Sand Stream|[of] p2a: Tyranitar\n|move|p1a: Iron Valiant|Knock Off|p2a: Tyranitar\n|-resisted|p2a: Tyranitar\n|-damage|p2a: Tyranitar|87\/100\n|-enditem|p2a: Tyranitar|Smooth Rock|[from] move: Knock Off|[of] p1a: Iron Valiant\n|\n|-weather|Sandstorm|[upkeep]\n|-damage|p1a: Iron Valiant|88\/100|[from] Sandstorm\n|upkeep\n|turn|10\n|\n|t:|1701179015\n|move|p1a: Iron Valiant|X-Scissor|p2a: Tyranitar\n|-supereffective|p2a: Tyranitar\n|-damage|p2a: Tyranitar|40\/100\n|move|p2a: Tyranitar|Dragon Dance|p2a: Tyranitar\n|-boost|p2a: Tyranitar|atk|1\n|-boost|p2a: Tyranitar|spe|1\n|\n|-weather|Sandstorm|[upkeep]\n|-damage|p1a: Iron Valiant|82\/100|[from] Sandstorm\n|upkeep\n|turn|11\n|\n|t:|1701179028\n|move|p1a: Iron Valiant|X-Scissor|p2a: Tyranitar\n|-supereffective|p2a: Tyranitar\n|-damage|p2a: Tyranitar|0 fnt\n|faint|p2a: Tyranitar\n|\n|-weather|Sandstorm|[upkeep]\n|-damage|p1a: Iron Valiant|76\/100|[from] Sandstorm\n|upkeep\n|\n|t:|1701179037\n|switch|p2a: Golem|Golem, M|100\/100\n|turn|12\n|\n|t:|1701179052\n|move|p1a: Iron Valiant|Swords Dance|p1a: Iron Valiant\n|-boost|p1a: Iron Valiant|atk|2\n|move|p2a: Golem|Rock Polish|p2a: Golem\n|-boost|p2a: Golem|spe|2\n|\n|-weather|Sandstorm|[upkeep]\n|-damage|p1a: Iron Valiant|70\/100|[from] Sandstorm\n|upkeep\n|turn|13\n|\n|t:|1701179065\n|move|p2a: Golem|Rock Polish|p2a: Golem\n|-boost|p2a: Golem|spe|2\n|move|p1a: Iron Valiant|Spirit Break|p2a: Golem\n|-damage|p2a: Golem|14\/100\n|-unboost|p2a: Golem|spa|1\n|\n|-weather|Sandstorm|[upkeep]\n|-damage|p1a: Iron Valiant|64\/100|[from] Sandstorm\n|upkeep\n|turn|14\n|\n|t:|1701179077\n|move|p2a: Golem|Explosion|p1a: Iron Valiant\n|-damage|p1a: Iron Valiant|0 fnt\n|faint|p2a: Golem\n|faint|p1a: Iron Valiant\n|-end|p1a: Iron Valiant|Quark Drive|[silent]\n|\n|-weather|Sandstorm|[upkeep]\n|upkeep\n|inactive|Battle timer is ON: inactive players will automatically lose when time's up. (requested by Dkjxbd)\n|\n|t:|1701179106\n|switch|p1a: Cryogonal|Cryogonal|100\/100\n|switch|p2a: Lycanroc|Lycanroc, M|100\/100\n|turn|15\n|\n|t:|1701179118\n|move|p2a: Lycanroc|Close Combat|p1a: Cryogonal\n|-supereffective|p1a: Cryogonal\n|-damage|p1a: Cryogonal|0 fnt\n|-unboost|p2a: Lycanroc|def|1\n|-unboost|p2a: Lycanroc|spd|1\n|faint|p1a: Cryogonal\n|-damage|p2a: Lycanroc|91\/100|[from] item: Life Orb\n|\n|-weather|Sandstorm|[upkeep]\n|upkeep\n|\n|t:|1701179130\n|switch|p1a: Zapdos|Zapdos-Galar|100\/100\n|-damage|p1a: Zapdos|88\/100|[from] Stealth Rock\n|turn|16\n|\n|t:|1701179139\n|move|p2a: Lycanroc|Rock Slide|p1a: Zapdos\n|-crit|p1a: Zapdos\n|-damage|p1a: Zapdos|3\/100\n|-damage|p2a: Lycanroc|81\/100|[from] item: Life Orb\n|move|p1a: Zapdos|Thunderous Kick|p2a: Lycanroc\n|-supereffective|p2a: Lycanroc\n|-damage|p2a: Lycanroc|0 fnt\n|faint|p2a: Lycanroc\n|\n|-weather|none\n|upkeep\n|\n|t:|1701179147\n|switch|p2a: Arcanine|Arcanine-Hisui, F|100\/100\n|turn|17\n|\n|t:|1701179156\n|-terastallize|p1a: Zapdos|Fighting\n|move|p1a: Zapdos|Thunderous Kick|p2a: Arcanine\n|-supereffective|p2a: Arcanine\n|-damage|p2a: Arcanine|0 fnt\n|faint|p2a: Arcanine\n|\n|win|xotaviox\n|raw|xotaviox's rating: 1043 &rarr; <strong>1072<\/strong><br \/>(+29 for winning)\n|raw|Dkjxbd's rating: 1000 &rarr; <strong>1000<\/strong><br \/>(+0 for losing)\n","uploadtime":1701179169,"views":3,"p1id":"xotaviox","p2id":"dkjxbd","formatid":"gen9ou","rating":1000,"private":0,"password":""}