{"id":"gen9ou-1988969786","p1":"EpikKnodor7","p2":"YELLOW MOTOROLA","format":"[Gen 9] OU","log":"|j|\u2606EpikKnodor7\n|j|\u2606YELLOW MOTOROLA\n|t:|1699796290\n|gametype|singles\n|player|p1|EpikKnodor7|hilda|1442\n|player|p2|YELLOW MOTOROLA|rocker-gen3|1491\n|teamsize|p1|6\n|teamsize|p2|6\n|gen|9\n|tier|[Gen 9] OU\n|rated|\n|rule|Sleep Clause Mod: Limit one foe put to sleep\n|rule|Species Clause: Limit one of each Pok\u00e9mon\n|rule|OHKO Clause: OHKO moves are banned\n|rule|Evasion Items Clause: Evasion items are banned\n|rule|Evasion Moves Clause: Evasion moves are banned\n|rule|Endless Battle Clause: Forcing endless battles is banned\n|rule|HP Percentage Mod: HP is shown in percentages\n|clearpoke\n|poke|p1|Landorus-Therian, M|\n|poke|p1|Heatran, F|\n|poke|p1|Great Tusk|\n|poke|p1|Iron Moth|\n|poke|p1|Kingambit, F|\n|poke|p1|Rillaboom, M|\n|poke|p2|Scizor, M|\n|poke|p2|Ogerpon-Wellspring, F|\n|poke|p2|Dragapult, M|\n|poke|p2|Weezing-Galar, M|\n|poke|p2|Iron Valiant|\n|poke|p2|Ting-Lu|\n|teampreview\n|inactive|Battle timer is ON: inactive players will automatically lose when time's up. (requested by YELLOW MOTOROLA)\n|inactive|EpikKnodor7 also wants the timer to be on.\n|\n|t:|1699796295\n|start\n|switch|p1a: Rillaboom|Rillaboom, M|100\/100\n|switch|p2a: Shenron \ud83d\udc09|Dragapult, M|100\/100\n|-fieldstart|move: Grassy Terrain|[from] ability: Grassy Surge|[of] p1a: Rillaboom\n|turn|1\n|\n|t:|1699796302\n|move|p2a: Shenron \ud83d\udc09|Draco Meteor|p1a: Rillaboom\n|-damage|p1a: Rillaboom|0 fnt\n|-unboost|p2a: Shenron \ud83d\udc09|spa|2\n|faint|p1a: Rillaboom\n|\n|upkeep\n|\n|t:|1699796313\n|switch|p1a: nah i'd stay|Landorus-Therian, M|100\/100\n|-ability|p1a: nah i'd stay|Intimidate|boost\n|-unboost|p2a: Shenron \ud83d\udc09|atk|1\n|turn|2\n|\n|t:|1699796319\n|switch|p2a: Capone \"Gang\" Bege|Weezing-Galar, M|100\/100\n|-ability|p2a: Capone \"Gang\" Bege|Neutralizing Gas\n|move|p1a: nah i'd stay|Substitute|p1a: nah i'd stay\n|-start|p1a: nah i'd stay|Substitute\n|-damage|p1a: nah i'd stay|76\/100\n|\n|-heal|p1a: nah i'd stay|82\/100|[from] item: Leftovers\n|upkeep\n|turn|3\n|\n|t:|1699796326\n|move|p1a: nah i'd stay|Earthquake|p2a: Capone \"Gang\" Bege\n|-supereffective|p2a: Capone \"Gang\" Bege\n|-damage|p2a: Capone \"Gang\" Bege|66\/100\n|move|p2a: Capone \"Gang\" Bege|Strange Steam|p1a: nah i'd stay\n|-end|p1a: nah i'd stay|Substitute\n|\n|-heal|p1a: nah i'd stay|88\/100|[from] item: Leftovers\n|-heal|p2a: Capone \"Gang\" Bege|72\/100|[from] Grassy Terrain\n|-heal|p2a: Capone \"Gang\" Bege|78\/100|[from] item: Leftovers\n|upkeep\n|turn|4\n|\n|t:|1699796351\n|move|p1a: nah i'd stay|Substitute|p1a: nah i'd stay\n|-start|p1a: nah i'd stay|Substitute\n|-damage|p1a: nah i'd stay|63\/100\n|move|p2a: Capone \"Gang\" Bege|Strange Steam|p1a: nah i'd stay\n|-end|p1a: nah i'd stay|Substitute\n|\n|-heal|p1a: nah i'd stay|69\/100|[from] item: Leftovers\n|-heal|p2a: Capone \"Gang\" Bege|84\/100|[from] Grassy Terrain\n|-heal|p2a: Capone \"Gang\" Bege|90\/100|[from] item: Leftovers\n|upkeep\n|turn|5\n|\n|t:|1699796356\n|move|p1a: nah i'd stay|Substitute|p1a: nah i'd stay\n|-start|p1a: nah i'd stay|Substitute\n|-damage|p1a: nah i'd stay|44\/100\n|move|p2a: Capone \"Gang\" Bege|Will-O-Wisp||[still]\n|-fail|p2a: Capone \"Gang\" Bege\n|\n|-heal|p1a: nah i'd stay|50\/100|[from] item: Leftovers\n|-heal|p2a: Capone \"Gang\" Bege|96\/100|[from] Grassy Terrain\n|-heal|p2a: Capone \"Gang\" Bege|100\/100|[from] item: Leftovers\n|-fieldend|move: Grassy Terrain\n|upkeep\n|turn|6\n|\n|t:|1699796360\n|-end|p2a: Capone \"Gang\" Bege|ability: Neutralizing Gas\n|-ability|p1a: nah i'd stay|Intimidate|boost\n|-unboost|p2a: Capone \"Gang\" Bege|atk|1\n|switch|p2a: Shenron \ud83d\udc09|Dragapult, M|100\/100\n|move|p1a: nah i'd stay|Earthquake|p2a: Shenron \ud83d\udc09\n|-damage|p2a: Shenron \ud83d\udc09|23\/100\n|\n|-heal|p1a: nah i'd stay|56\/100|[from] item: Leftovers\n|upkeep\n|turn|7\n|\n|t:|1699796366\n|switch|p1a: would you drop?|Heatran, F|100\/100\n|move|p2a: Shenron \ud83d\udc09|Draco Meteor|p1a: would you drop?\n|-resisted|p1a: would you drop?\n|-damage|p1a: would you drop?|72\/100\n|-unboost|p2a: Shenron \ud83d\udc09|spa|2\n|\n|-heal|p1a: would you drop?|78\/100|[from] item: Leftovers\n|upkeep\n|turn|8\n|\n|t:|1699796369\n|switch|p2a: God Hand|Ting-Lu|100\/100\n|-ability|p2a: God Hand|Vessel of Ruin\n|move|p1a: would you drop?|Stealth Rock|p2a: God Hand\n|-sidestart|p2: YELLOW MOTOROLA|move: Stealth Rock\n|\n|-heal|p1a: would you drop?|85\/100|[from] item: Leftovers\n|upkeep\n|turn|9\n|\n|t:|1699796372\n|-terastallize|p1a: would you drop?|Grass\n|move|p1a: would you drop?|Magma Storm|p2a: God Hand\n|-damage|p2a: God Hand|82\/100\n|-activate|p2a: God Hand|move: Magma Storm|[of] p1a: would you drop?\n|move|p2a: God Hand|Stealth Rock|p1a: would you drop?\n|-sidestart|p1: EpikKnodor7|move: Stealth Rock\n|\n|-heal|p1a: would you drop?|91\/100|[from] item: Leftovers\n|-heal|p2a: God Hand|89\/100|[from] item: Leftovers\n|-damage|p2a: God Hand|76\/100|[from] move: Magma Storm|[partiallytrapped]\n|upkeep\n|turn|10\n|\n|t:|1699796376\n|move|p1a: would you drop?|Taunt|p2a: God Hand\n|-start|p2a: God Hand|move: Taunt\n|cant|p2a: God Hand|move: Taunt|Whirlwind\n|\n|-heal|p1a: would you drop?|97\/100|[from] item: Leftovers\n|-heal|p2a: God Hand|82\/100|[from] item: Leftovers\n|-damage|p2a: God Hand|70\/100|[from] move: Magma Storm|[partiallytrapped]\n|upkeep\n|turn|11\n|\n|t:|1699796381\n|move|p1a: would you drop?|Earth Power|p2a: God Hand\n|-damage|p2a: God Hand|59\/100\n|move|p2a: God Hand|Ruination|p1a: would you drop?\n|-damage|p1a: would you drop?|49\/100\n|\n|-heal|p1a: would you drop?|55\/100|[from] item: Leftovers\n|-heal|p2a: God Hand|65\/100|[from] item: Leftovers\n|-damage|p2a: God Hand|53\/100|[from] move: Magma Storm|[partiallytrapped]\n|upkeep\n|turn|12\n|\n|t:|1699796385\n|move|p1a: would you drop?|Magma Storm|p2a: God Hand\n|-damage|p2a: God Hand|34\/100\n|move|p2a: God Hand|Ruination|p1a: would you drop?\n|-damage|p1a: would you drop?|28\/100\n|\n|-heal|p1a: would you drop?|34\/100|[from] item: Leftovers\n|-heal|p2a: God Hand|41\/100|[from] item: Leftovers\n|-damage|p2a: God Hand|28\/100|[from] move: Magma Storm|[partiallytrapped]\n|-end|p2a: God Hand|move: Taunt\n|upkeep\n|turn|13\n|\n|t:|1699796390\n|move|p1a: would you drop?|Taunt|p2a: God Hand\n|-start|p2a: God Hand|move: Taunt\n|move|p2a: God Hand|Ruination|p1a: would you drop?\n|-damage|p1a: would you drop?|17\/100\n|\n|-heal|p1a: would you drop?|24\/100|[from] item: Leftovers\n|-heal|p2a: God Hand|34\/100|[from] item: Leftovers\n|-end|p2a: God Hand|Magma Storm|[partiallytrapped]\n|upkeep\n|turn|14\n|\n|t:|1699796396\n|switch|p2a: Katara\ud83c\udf0a|Ogerpon-Wellspring, F|100\/100\n|-damage|p2a: Katara\ud83c\udf0a|88\/100|[from] Stealth Rock\n|move|p1a: would you drop?|Magma Storm|p2a: Katara\ud83c\udf0a\n|-damage|p2a: Katara\ud83c\udf0a|35\/100\n|-activate|p2a: Katara\ud83c\udf0a|move: Magma Storm|[of] p1a: would you drop?\n|\n|-heal|p1a: would you drop?|30\/100|[from] item: Leftovers\n|-damage|p2a: Katara\ud83c\udf0a|23\/100|[from] move: Magma Storm|[partiallytrapped]\n|upkeep\n|turn|15\n|\n|t:|1699796404\n|move|p2a: Katara\ud83c\udf0a|Ivy Cudgel|p1a: would you drop?\n|-resisted|p1a: would you drop?\n|-damage|p1a: would you drop?|3\/100\n|move|p1a: would you drop?|Earth Power|p2a: Katara\ud83c\udf0a\n|-resisted|p2a: Katara\ud83c\udf0a\n|-damage|p2a: Katara\ud83c\udf0a|6\/100\n|\n|-heal|p1a: would you drop?|9\/100|[from] item: Leftovers\n|-damage|p2a: Katara\ud83c\udf0a|0 fnt|[from] move: Magma Storm|[partiallytrapped]\n|faint|p2a: Katara\ud83c\udf0a\n|upkeep\n|\n|t:|1699796416\n|switch|p2a: Shenron \ud83d\udc09|Dragapult, M|23\/100\n|-damage|p2a: Shenron \ud83d\udc09|11\/100|[from] Stealth Rock\n|turn|16\n|\n|t:|1699796418\n|move|p2a: Shenron \ud83d\udc09|U-turn|p1a: would you drop?\n|-supereffective|p1a: would you drop?\n|-damage|p1a: would you drop?|0 fnt\n|faint|p1a: would you drop?\n|\n|t:|1699796426\n|switch|p2a: Jenny Wakeman|Iron Valiant|100\/100|[from] U-turn\n|-damage|p2a: Jenny Wakeman|94\/100|[from] Stealth Rock\n|-enditem|p2a: Jenny Wakeman|Booster Energy\n|-activate|p2a: Jenny Wakeman|ability: Quark Drive|[fromitem]\n|-start|p2a: Jenny Wakeman|quarkdrivespe\n|\n|upkeep\n|\n|t:|1699796431\n|switch|p1a: Iron Moth|Iron Moth|100\/100\n|-damage|p1a: Iron Moth|76\/100|[from] Stealth Rock\n|-enditem|p1a: Iron Moth|Booster Energy\n|-activate|p1a: Iron Moth|ability: Quark Drive|[fromitem]\n|-start|p1a: Iron Moth|quarkdrivespe\n|turn|17\n|\n|t:|1699796457\n|move|p2a: Jenny Wakeman|Thunderbolt|p1a: Iron Moth\n|-damage|p1a: Iron Moth|43\/100\n|move|p1a: Iron Moth|Sludge Wave|p2a: Jenny Wakeman\n|-supereffective|p2a: Jenny Wakeman\n|-damage|p2a: Jenny Wakeman|0 fnt\n|faint|p2a: Jenny Wakeman\n|-end|p2a: Jenny Wakeman|Quark Drive|[silent]\n|\n|upkeep\n|inactive|YELLOW MOTOROLA has 120 seconds left.\n|\n|t:|1699796469\n|switch|p2a: God Hand|Ting-Lu|34\/100\n|-damage|p2a: God Hand|28\/100|[from] Stealth Rock\n|-ability|p2a: God Hand|Vessel of Ruin\n|turn|18\n|\n|t:|1699796475\n|move|p1a: Iron Moth|Energy Ball|p2a: God Hand\n|-supereffective|p2a: God Hand\n|-damage|p2a: God Hand|4\/100\n|move|p2a: God Hand|Earthquake|p1a: Iron Moth\n|-supereffective|p1a: Iron Moth\n|-damage|p1a: Iron Moth|0 fnt\n|faint|p1a: Iron Moth\n|-end|p1a: Iron Moth|Quark Drive|[silent]\n|\n|-heal|p2a: God Hand|10\/100|[from] item: Leftovers\n|upkeep\n|\n|t:|1699796483\n|switch|p1a: Great Tusk|Great Tusk|100\/100\n|-damage|p1a: Great Tusk|98\/100|[from] Stealth Rock\n|turn|19\n|inactive|YELLOW MOTOROLA has 120 seconds left.\n|\n|t:|1699796516\n|switch|p2a: Shenron \ud83d\udc09|Dragapult, M|11\/100\n|-damage|p2a: Shenron \ud83d\udc09|0 fnt|[from] Stealth Rock\n|faint|p2a: Shenron \ud83d\udc09\n|move|p1a: Great Tusk|Rapid Spin|p2: Shenron \ud83d\udc09|[notarget]\n|-fail|p1a: Great Tusk\n|\n|-heal|p1a: Great Tusk|100\/100|[from] item: Leftovers\n|upkeep\n|\n|t:|1699796528\n|switch|p2a: Mr. Krabs|Scizor, M, shiny|100\/100\n|-damage|p2a: Mr. Krabs|88\/100|[from] Stealth Rock\n|turn|20\n|\n|t:|1699796532\n|-terastallize|p2a: Mr. Krabs|Flying\n|move|p2a: Mr. Krabs|Swords Dance|p2a: Mr. Krabs\n|-boost|p2a: Mr. Krabs|atk|2\n|move|p1a: Great Tusk|Knock Off|p2a: Mr. Krabs\n|-damage|p2a: Mr. Krabs|53\/100\n|-enditem|p2a: Mr. Krabs|Life Orb|[from] move: Knock Off|[of] p1a: Great Tusk\n|\n|upkeep\n|turn|21\n|\n|t:|1699796537\n|move|p2a: Mr. Krabs|Dual Wingbeat|p1a: Great Tusk\n|-supereffective|p1a: Great Tusk\n|-damage|p1a: Great Tusk|39\/100\n|-supereffective|p1a: Great Tusk\n|-damage|p1a: Great Tusk|0 fnt\n|faint|p1a: Great Tusk\n|-end|p1a: Great Tusk|Protosynthesis|[silent]\n|-hitcount|p1: Great Tusk|2\n|\n|upkeep\n|\n|t:|1699796553\n|switch|p1a: nah i'd stay|Landorus-Therian, M|56\/100\n|-damage|p1a: nah i'd stay|44\/100|[from] Stealth Rock\n|-ability|p1a: nah i'd stay|Intimidate|boost\n|-unboost|p2a: Mr. Krabs|atk|1\n|turn|22\n|\n|t:|1699796558\n|move|p2a: Mr. Krabs|Bullet Punch|p1a: nah i'd stay\n|-damage|p1a: nah i'd stay|0 fnt\n|faint|p1a: nah i'd stay\n|\n|upkeep\n|\n|t:|1699796560\n|switch|p1a: Kingambit|Kingambit, F|100\/100\n|-damage|p1a: Kingambit|94\/100|[from] Stealth Rock\n|-activate|p1a: Kingambit|ability: Supreme Overlord\n|-start|p1a: Kingambit|fallen5|[silent]\n|turn|23\n|\n|t:|1699796565\n|move|p2a: Mr. Krabs|Close Combat|p1a: Kingambit\n|-supereffective|p1a: Kingambit\n|-damage|p1a: Kingambit|0 fnt\n|-unboost|p2a: Mr. Krabs|def|1\n|-unboost|p2a: Mr. Krabs|spd|1\n|faint|p1a: Kingambit\n|-end|p1a: Kingambit|fallen5|[silent]\n|\n|win|YELLOW MOTOROLA\n|raw|EpikKnodor7's rating: 1442 &rarr; <strong>1425<\/strong><br \/>(-17 for losing)\n|raw|YELLOW MOTOROLA's rating: 1491 &rarr; <strong>1508<\/strong><br \/>(+17 for winning)\n|l|\u2606EpikKnodor7\n","uploadtime":1699796577,"views":8,"p1id":"epikknodor7","p2id":"yellowmotorola","formatid":"gen9ou","rating":1425,"private":0,"password":""}