{"id":"gen9ou-1991269750","p1":"Da_Tall_One","p2":"Mtmc","format":"[Gen 9] OU","log":"|j|\u2606Da_Tall_One\n|j|\u2606Mtmc\n|t:|1700062967\n|gametype|singles\n|player|p1|Da_Tall_One|clemont|1112\n|player|p2|Mtmc|101|1128\n|teamsize|p1|6\n|teamsize|p2|6\n|gen|9\n|tier|[Gen 9] OU\n|rated|\n|rule|Sleep Clause Mod: Limit one foe put to sleep\n|rule|Species Clause: Limit one of each Pok\u00e9mon\n|rule|OHKO Clause: OHKO moves are banned\n|rule|Evasion Items Clause: Evasion items are banned\n|rule|Evasion Moves Clause: Evasion moves are banned\n|rule|Endless Battle Clause: Forcing endless battles is banned\n|rule|HP Percentage Mod: HP is shown in percentages\n|clearpoke\n|poke|p1|Greninja-*, M|\n|poke|p1|Iron Valiant|\n|poke|p1|Kingambit, M|\n|poke|p1|Gholdengo|\n|poke|p1|Iron Moth|\n|poke|p1|Dragapult, F|\n|poke|p2|Garganacl, F|\n|poke|p2|Glimmora, M|\n|poke|p2|Clefable, F|\n|poke|p2|Gholdengo|\n|poke|p2|Ogerpon-Wellspring, F|\n|poke|p2|Torterra, F|\n|teampreview\n|j| testofmight\n|\n|t:|1700062974\n|start\n|switch|p1a: Greninja|Greninja, M|100\/100\n|switch|p2a: Torterra|Torterra, F|100\/100\n|turn|1\n|inactive|Battle timer is ON: inactive players will automatically lose when time's up. (requested by Da_Tall_One)\n|\n|t:|1700062981\n|move|p1a: Greninja|Taunt|p2a: Torterra\n|-start|p2a: Torterra|move: Taunt\n|cant|p2a: Torterra|move: Taunt|Shell Smash\n|\n|upkeep\n|turn|2\n|\n|t:|1700062989\n|move|p1a: Greninja|Spikes|p2a: Torterra\n|-sidestart|p2: Mtmc|Spikes\n|move|p2a: Torterra|Bullet Seed|p1a: Greninja\n|-supereffective|p1a: Greninja\n|-damage|p1a: Greninja|60\/100\n|-supereffective|p1a: Greninja\n|-damage|p1a: Greninja|19\/100\n|-supereffective|p1a: Greninja\n|-damage|p1a: Greninja|0 fnt\n|faint|p1a: Greninja\n|-hitcount|p1: Greninja|3\n|\n|upkeep\n|l| testofmight\n|\n|t:|1700063000\n|switch|p1a: Dragapult|Dragapult, F|100\/100\n|turn|3\n|\n|t:|1700063009\n|move|p1a: Dragapult|Light Screen|p1a: Dragapult\n|-sidestart|p1: Da_Tall_One|move: Light Screen\n|move|p2a: Torterra|Headlong Rush|p1a: Dragapult\n|-damage|p1a: Dragapult|35\/100\n|-unboost|p2a: Torterra|def|1\n|-unboost|p2a: Torterra|spd|1\n|\n|-end|p2a: Torterra|move: Taunt\n|upkeep\n|turn|4\n|\n|t:|1700063018\n|move|p1a: Dragapult|Reflect|p1a: Dragapult\n|-sidestart|p1: Da_Tall_One|Reflect\n|move|p2a: Torterra|Shell Smash|p2a: Torterra\n|-unboost|p2a: Torterra|def|1\n|-unboost|p2a: Torterra|spd|1\n|-boost|p2a: Torterra|atk|2\n|-boost|p2a: Torterra|spa|2\n|-boost|p2a: Torterra|spe|2\n|\n|upkeep\n|turn|5\n|\n|t:|1700063030\n|move|p2a: Torterra|Headlong Rush|p1a: Dragapult\n|-damage|p1a: Dragapult|0 fnt\n|-unboost|p2a: Torterra|def|1\n|-unboost|p2a: Torterra|spd|1\n|-start|p2a: Torterra|Disable|Headlong Rush|[from] ability: Cursed Body|[of] p1a: Dragapult\n|faint|p1a: Dragapult\n|\n|upkeep\n|\n|t:|1700063040\n|switch|p1a: Iron Moth|Iron Moth|100\/100\n|-enditem|p1a: Iron Moth|Booster Energy\n|-activate|p1a: Iron Moth|ability: Quark Drive|[fromitem]\n|-start|p1a: Iron Moth|quarkdrivespe\n|turn|6\n|\n|t:|1700063063\n|move|p1a: Iron Moth|Psychic|p2a: Torterra\n|-damage|p2a: Torterra|10\/100\n|move|p2a: Torterra|Rock Blast|p1a: Iron Moth\n|-supereffective|p1a: Iron Moth\n|-damage|p1a: Iron Moth|78\/100\n|-supereffective|p1a: Iron Moth\n|-damage|p1a: Iron Moth|51\/100\n|-supereffective|p1a: Iron Moth\n|-damage|p1a: Iron Moth|26\/100\n|-supereffective|p1a: Iron Moth\n|-damage|p1a: Iron Moth|3\/100\n|-hitcount|p1a: Iron Moth|4\n|\n|upkeep\n|turn|7\n|\n|t:|1700063076\n|move|p1a: Iron Moth|Psychic|p2a: Torterra\n|-damage|p2a: Torterra|0 fnt\n|faint|p2a: Torterra\n|\n|upkeep\n|\n|t:|1700063083\n|switch|p2a: Glimmora|Glimmora, M|100\/100\n|-damage|p2a: Glimmora|88\/100|[from] Spikes\n|turn|8\n|\n|t:|1700063087\n|move|p1a: Iron Moth|Psychic|p2a: Glimmora\n|-supereffective|p2a: Glimmora\n|-damage|p2a: Glimmora|12\/100\n|move|p2a: Glimmora|Stealth Rock|p1a: Iron Moth\n|-sidestart|p1: Da_Tall_One|move: Stealth Rock\n|\n|upkeep\n|turn|9\n|\n|t:|1700063093\n|move|p1a: Iron Moth|Psychic|p2a: Glimmora\n|-supereffective|p2a: Glimmora\n|-damage|p2a: Glimmora|0 fnt\n|faint|p2a: Glimmora\n|\n|upkeep\n|\n|t:|1700063099\n|switch|p2a: Clefable|Clefable, F|100\/100\n|turn|10\n|\n|t:|1700063115\n|-terastallize|p2a: Clefable|Poison\n|move|p1a: Iron Moth|Fiery Dance|p2a: Clefable\n|-damage|p2a: Clefable|64\/100\n|-boost|p1a: Iron Moth|spa|1\n|move|p2a: Clefable|Moonblast|p1a: Iron Moth\n|-resisted|p1a: Iron Moth\n|-damage|p1a: Iron Moth|0 fnt\n|faint|p1a: Iron Moth\n|-end|p1a: Iron Moth|Quark Drive|[silent]\n|\n|-sideend|p1: Da_Tall_One|move: Light Screen\n|upkeep\n|\n|t:|1700063137\n|switch|p1a: Gholdengo|Gholdengo|100\/100\n|-damage|p1a: Gholdengo|94\/100|[from] Stealth Rock\n|turn|11\n|\n|t:|1700063144\n|move|p1a: Gholdengo|Trick|p2a: Clefable\n|-activate|p1a: Gholdengo|move: Trick|[of] p2a: Clefable\n|-item|p2a: Clefable|Choice Specs|[from] move: Trick\n|-item|p1a: Gholdengo|Life Orb|[from] move: Trick\n|move|p2a: Clefable|Flamethrower|p1a: Gholdengo\n|-supereffective|p1a: Gholdengo\n|-damage|p1a: Gholdengo|0 fnt\n|faint|p1a: Gholdengo\n|\n|-sideend|p1: Da_Tall_One|Reflect\n|upkeep\n|\n|t:|1700063158\n|switch|p1a: Iron Valiant|Iron Valiant|100\/100\n|-damage|p1a: Iron Valiant|94\/100|[from] Stealth Rock\n|-enditem|p1a: Iron Valiant|Booster Energy\n|-activate|p1a: Iron Valiant|ability: Quark Drive|[fromitem]\n|-start|p1a: Iron Valiant|quarkdrivespe\n|turn|12\n|c|\u2606Mtmc|As dj khalid said\n|c|\u2606Mtmc|ya played yourself\n|\n|t:|1700063182\n|move|p1a: Iron Valiant|Knock Off|p2a: Clefable\n|-damage|p2a: Clefable|27\/100\n|-enditem|p2a: Clefable|Choice Specs|[from] move: Knock Off|[of] p1a: Iron Valiant\n|move|p2a: Clefable|Flamethrower|p1a: Iron Valiant\n|-damage|p1a: Iron Valiant|45\/100\n|\n|upkeep\n|turn|13\n|\n|t:|1700063190\n|move|p1a: Iron Valiant|Knock Off|p2a: Clefable\n|-damage|p2a: Clefable|0 fnt\n|faint|p2a: Clefable\n|\n|upkeep\n|\n|t:|1700063193\n|switch|p2a: Ogerpon|Ogerpon-Wellspring, F|100\/100\n|-damage|p2a: Ogerpon|88\/100|[from] Spikes\n|turn|14\n|\n|t:|1700063200\n|move|p1a: Iron Valiant|Spirit Break|p2a: Ogerpon\n|-damage|p2a: Ogerpon|35\/100\n|-unboost|p2a: Ogerpon|spa|1\n|move|p2a: Ogerpon|Ivy Cudgel|p1a: Iron Valiant|[anim] Ivy Cudgel Water\n|-damage|p1a: Iron Valiant|0 fnt\n|faint|p1a: Iron Valiant\n|-end|p1a: Iron Valiant|Quark Drive|[silent]\n|\n|upkeep\n|\n|t:|1700063222\n|switch|p1a: Kingambit|Kingambit, M|100\/100\n|-damage|p1a: Kingambit|94\/100|[from] Stealth Rock\n|-activate|p1a: Kingambit|ability: Supreme Overlord\n|-start|p1a: Kingambit|fallen5|[silent]\n|turn|15\n|\n|t:|1700063229\n|move|p1a: Kingambit|Sucker Punch||[still]\n|-fail|p1a: Kingambit\n|move|p2a: Ogerpon|Swords Dance|p2a: Ogerpon\n|-boost|p2a: Ogerpon|atk|2\n|\n|upkeep\n|turn|16\n|inactive|Da_Tall_One has 120 seconds left.\n|\n|t:|1700063264\n|move|p2a: Ogerpon|Ivy Cudgel|p1a: Kingambit|[anim] Ivy Cudgel Water\n|-crit|p1a: Kingambit\n|-damage|p1a: Kingambit|0 fnt\n|faint|p1a: Kingambit\n|-end|p1a: Kingambit|fallen5|[silent]\n|\n|win|Mtmc\n|raw|Da_Tall_One's rating: 1112 &rarr; <strong>1088<\/strong><br \/>(-24 for losing)\n|raw|Mtmc's rating: 1128 &rarr; <strong>1152<\/strong><br \/>(+24 for winning)\n","uploadtime":1700063278,"views":14,"p1id":"datallone","p2id":"mtmc","formatid":"gen9ou","rating":1088,"private":0,"password":""}