{"id":"gen9ou-1997282498","p1":"yeah im the type","p2":"OneASpicyMeatball","format":"[Gen 9] OU","log":"|j|\u2606yeah im the type\n|j|\u2606OneASpicyMeatball\n|t:|1700784300\n|gametype|singles\n|player|p1|yeah im the type|saguaro|1587\n|player|p2|OneASpicyMeatball|wallace|1527\n|teamsize|p1|6\n|teamsize|p2|6\n|gen|9\n|tier|[Gen 9] OU\n|rated|\n|rule|Sleep Clause Mod: Limit one foe put to sleep\n|rule|Species Clause: Limit one of each Pok\u00e9mon\n|rule|OHKO Clause: OHKO moves are banned\n|rule|Evasion Items Clause: Evasion items are banned\n|rule|Evasion Moves Clause: Evasion moves are banned\n|rule|Endless Battle Clause: Forcing endless battles is banned\n|rule|HP Percentage Mod: HP is shown in percentages\n|clearpoke\n|poke|p1|Dragalge, F|\n|poke|p1|Ting-Lu|\n|poke|p1|Zapdos|\n|poke|p1|Arcanine-Hisui, M|\n|poke|p1|Milotic, M|\n|poke|p1|Scizor, M|\n|poke|p2|Zapdos|\n|poke|p2|Glimmora, F|\n|poke|p2|Dragapult, F|\n|poke|p2|Kingambit, F|\n|poke|p2|Cinderace, F|\n|poke|p2|Quaquaval, M|\n|teampreview\n|\n|t:|1700784311\n|start\n|switch|p1a: Milotic|Milotic, M|100\/100\n|switch|p2a: Glimmora|Glimmora, F, shiny|100\/100\n|turn|1\n|\n|t:|1700784323\n|move|p2a: Glimmora|Energy Ball|p1a: Milotic\n|-supereffective|p1a: Milotic\n|-damage|p1a: Milotic|43\/100\n|move|p1a: Milotic|Scald|p2a: Glimmora\n|-supereffective|p2a: Glimmora\n|-damage|p2a: Glimmora|30\/100\n|\n|upkeep\n|turn|2\n|\n|t:|1700784329\n|move|p2a: Glimmora|Energy Ball|p1a: Milotic\n|-supereffective|p1a: Milotic\n|-damage|p1a: Milotic|0 fnt\n|faint|p1a: Milotic\n|\n|upkeep\n|\n|t:|1700784330\n|switch|p1a: Scizor|Scizor, M|100\/100\n|turn|3\n|\n|t:|1700784334\n|switch|p2a: Zapdos|Zapdos|100\/100\n|move|p1a: Scizor|Swords Dance|p1a: Scizor\n|-boost|p1a: Scizor|atk|2\n|\n|upkeep\n|turn|4\n|\n|t:|1700784339\n|move|p2a: Zapdos|Heat Wave|p1a: Scizor\n|-supereffective|p1a: Scizor\n|-crit|p1a: Scizor\n|-damage|p1a: Scizor|0 fnt\n|faint|p1a: Scizor\n|\n|upkeep\n|\n|t:|1700784342\n|switch|p1a: Arcanine|Arcanine-Hisui, M|100\/100\n|turn|5\n|\n|t:|1700784349\n|switch|p2a: Glimmora|Glimmora, F, shiny|30\/100\n|move|p1a: Arcanine|Head Smash|p2a: Glimmora\n|-damage|p2a: Glimmora|0 fnt\n|-activate|p2a: Glimmora|ability: Toxic Debris\n|-sidestart|p1: yeah im the type|move: Toxic Spikes\n|faint|p2a: Glimmora\n|\n|upkeep\n|\n|t:|1700784354\n|switch|p2a: Quaquaval|Quaquaval, M, shiny|100\/100\n|turn|6\n|\n|t:|1700784356\n|switch|p1a: Dragalge|Dragalge, F|100\/100\n|-sideend|p1: yeah im the type|move: Toxic Spikes|[of] p1a: Dragalge\n|move|p2a: Quaquaval|Aqua Step|p1a: Dragalge\n|-resisted|p1a: Dragalge\n|-damage|p1a: Dragalge|75\/100\n|-boost|p2a: Quaquaval|spe|1\n|-status|p2a: Quaquaval|psn|[from] ability: Poison Point|[of] p1a: Dragalge\n|\n|-damage|p2a: Quaquaval|88\/100 psn|[from] psn\n|upkeep\n|turn|7\n|\n|t:|1700784364\n|switch|p2a: Cinderace|Cinderace, F|100\/100\n|move|p1a: Dragalge|Draco Meteor|p2a: Cinderace\n|-damage|p2a: Cinderace|0 fnt\n|-unboost|p1a: Dragalge|spa|2\n|faint|p2a: Cinderace\n|\n|upkeep\n|\n|t:|1700784370\n|switch|p2a: Kingambit|Kingambit, F, shiny|100\/100\n|-activate|p2a: Kingambit|ability: Supreme Overlord\n|-start|p2a: Kingambit|fallen2|[silent]\n|turn|8\n|\n|t:|1700784378\n|switch|p1a: Ting-Lu|Ting-Lu|100\/100\n|-ability|p1a: Ting-Lu|Vessel of Ruin\n|move|p2a: Kingambit|Substitute|p2a: Kingambit\n|-start|p2a: Kingambit|Substitute\n|-damage|p2a: Kingambit|75\/100\n|\n|-heal|p2a: Kingambit|82\/100|[from] item: Leftovers\n|upkeep\n|turn|9\n|\n|t:|1700784383\n|move|p2a: Kingambit|Swords Dance|p2a: Kingambit\n|-boost|p2a: Kingambit|atk|2\n|move|p1a: Ting-Lu|Stealth Rock|p2a: Kingambit\n|-sidestart|p2: OneASpicyMeatball|move: Stealth Rock\n|\n|-heal|p2a: Kingambit|88\/100|[from] item: Leftovers\n|upkeep\n|turn|10\n|\n|t:|1700784389\n|move|p2a: Kingambit|Swords Dance|p2a: Kingambit\n|-boost|p2a: Kingambit|atk|2\n|move|p1a: Ting-Lu|Whirlwind|p2a: Kingambit\n|-end|p2a: Kingambit|fallen2|[silent]\n|drag|p2a: Quaquaval|Quaquaval, M, shiny|88\/100 psn\n|-damage|p2a: Quaquaval|82\/100 psn|[from] Stealth Rock\n|\n|-damage|p2a: Quaquaval|70\/100 psn|[from] psn\n|upkeep\n|turn|11\n|\n|t:|1700784398\n|switch|p1a: Zapdos|Zapdos|100\/100\n|move|p2a: Quaquaval|Aqua Step|p1a: Zapdos\n|-damage|p1a: Zapdos|64\/100\n|-boost|p2a: Quaquaval|spe|1\n|\n|-damage|p2a: Quaquaval|58\/100 psn|[from] psn\n|upkeep\n|turn|12\n|\n|t:|1700784403\n|move|p2a: Quaquaval|Aqua Step|p1a: Zapdos\n|-damage|p1a: Zapdos|27\/100\n|-boost|p2a: Quaquaval|spe|1\n|move|p1a: Zapdos|Roost|p1a: Zapdos\n|-heal|p1a: Zapdos|77\/100\n|-singleturn|p1a: Zapdos|move: Roost\n|\n|-damage|p2a: Quaquaval|46\/100 psn|[from] psn\n|upkeep\n|turn|13\n|\n|t:|1700784407\n|move|p2a: Quaquaval|Aqua Step|p1a: Zapdos\n|-damage|p1a: Zapdos|40\/100\n|-boost|p2a: Quaquaval|spe|1\n|move|p1a: Zapdos|Roost|p1a: Zapdos\n|-heal|p1a: Zapdos|90\/100\n|-singleturn|p1a: Zapdos|move: Roost\n|\n|-damage|p2a: Quaquaval|33\/100 psn|[from] psn\n|upkeep\n|turn|14\n|\n|t:|1700784414\n|switch|p2a: Dragapult|Dragapult, F, shiny|100\/100\n|move|p1a: Zapdos|Roost|p1a: Zapdos\n|-heal|p1a: Zapdos|100\/100\n|-singleturn|p1a: Zapdos|move: Roost\n|\n|upkeep\n|turn|15\n|\n|t:|1700784418\n|switch|p1a: Ting-Lu|Ting-Lu|100\/100\n|-ability|p1a: Ting-Lu|Vessel of Ruin\n|move|p2a: Dragapult|Substitute|p2a: Dragapult\n|-start|p2a: Dragapult|Substitute\n|-damage|p2a: Dragapult|76\/100\n|\n|upkeep\n|turn|16\n|\n|t:|1700784427\n|move|p2a: Dragapult|Will-O-Wisp|p1a: Ting-Lu\n|-status|p1a: Ting-Lu|brn\n|move|p1a: Ting-Lu|Ruination|p2a: Dragapult\n|-end|p2a: Dragapult|Substitute\n|\n|-damage|p1a: Ting-Lu|94\/100 brn|[from] brn\n|upkeep\n|turn|17\n|\n|t:|1700784440\n|move|p2a: Dragapult|Hex|p1a: Ting-Lu\n|-resisted|p1a: Ting-Lu\n|-damage|p1a: Ting-Lu|85\/100 brn\n|move|p1a: Ting-Lu|Ruination|p2a: Dragapult\n|-damage|p2a: Dragapult|38\/100\n|\n|-heal|p1a: Ting-Lu|91\/100 brn|[from] item: Leftovers\n|-damage|p1a: Ting-Lu|85\/100 brn|[from] brn\n|upkeep\n|turn|18\n|\n|t:|1700784443\n|move|p1a: Ting-Lu|Earthquake|p2a: Dragapult\n|-damage|p2a: Dragapult|14\/100\n|move|p2a: Dragapult|Dragon Tail|p1a: Ting-Lu\n|-damage|p1a: Ting-Lu|71\/100 brn\n|drag|p1a: Dragalge|Dragalge, F|75\/100\n|\n|upkeep\n|turn|19\n|\n|t:|1700784449\n|switch|p1a: Ting-Lu|Ting-Lu|71\/100 brn\n|-ability|p1a: Ting-Lu|Vessel of Ruin\n|move|p2a: Dragapult|Will-O-Wisp|p1a: Ting-Lu\n|-fail|p1a: Ting-Lu|brn\n|\n|-heal|p1a: Ting-Lu|77\/100 brn|[from] item: Leftovers\n|-damage|p1a: Ting-Lu|71\/100 brn|[from] brn\n|upkeep\n|turn|20\n|\n|t:|1700784453\n|move|p1a: Ting-Lu|Earthquake|p2a: Dragapult\n|-damage|p2a: Dragapult|0 fnt\n|faint|p2a: Dragapult\n|\n|-heal|p1a: Ting-Lu|77\/100 brn|[from] item: Leftovers\n|-damage|p1a: Ting-Lu|71\/100 brn|[from] brn\n|upkeep\n|\n|t:|1700784455\n|switch|p2a: Quaquaval|Quaquaval, M, shiny|33\/100 psn\n|-damage|p2a: Quaquaval|27\/100 psn|[from] Stealth Rock\n|turn|21\n|\n|t:|1700784463\n|move|p2a: Quaquaval|Ice Spinner|p1a: Ting-Lu\n|-supereffective|p1a: Ting-Lu\n|-damage|p1a: Ting-Lu|42\/100 brn\n|move|p1a: Ting-Lu|Earthquake|p2a: Quaquaval\n|-damage|p2a: Quaquaval|2\/100 psn\n|\n|-heal|p1a: Ting-Lu|49\/100 brn|[from] item: Leftovers\n|-damage|p2a: Quaquaval|0 fnt|[from] psn\n|faint|p2a: Quaquaval\n|-damage|p1a: Ting-Lu|42\/100 brn|[from] brn\n|upkeep\n|\n|t:|1700784470\n|switch|p2a: Zapdos|Zapdos|100\/100\n|turn|22\n|\n|t:|1700784474\n|move|p2a: Zapdos|Heat Wave|p1a: Ting-Lu\n|-damage|p1a: Ting-Lu|29\/100 brn\n|move|p1a: Ting-Lu|Ruination|p2a: Zapdos\n|-damage|p2a: Zapdos|50\/100\n|\n|-heal|p1a: Ting-Lu|36\/100 brn|[from] item: Leftovers\n|-damage|p1a: Ting-Lu|29\/100 brn|[from] brn\n|upkeep\n|turn|23\n|\n|t:|1700784479\n|move|p2a: Zapdos|Heat Wave|p1a: Ting-Lu\n|-damage|p1a: Ting-Lu|18\/100 brn\n|move|p1a: Ting-Lu|Whirlwind|p2a: Zapdos\n|drag|p2a: Kingambit|Kingambit, F, shiny|88\/100\n|-damage|p2a: Kingambit|82\/100|[from] Stealth Rock\n|-activate|p2a: Kingambit|ability: Supreme Overlord\n|-start|p2a: Kingambit|fallen4|[silent]\n|\n|-heal|p2a: Kingambit|88\/100|[from] item: Leftovers\n|-heal|p1a: Ting-Lu|24\/100 brn|[from] item: Leftovers\n|-damage|p1a: Ting-Lu|18\/100 brn|[from] brn\n|upkeep\n|turn|24\n|\n|t:|1700784485\n|move|p2a: Kingambit|Iron Head|p1a: Ting-Lu\n|-damage|p1a: Ting-Lu|0 fnt\n|faint|p1a: Ting-Lu\n|\n|-heal|p2a: Kingambit|94\/100|[from] item: Leftovers\n|upkeep\n|\n|t:|1700784488\n|switch|p1a: Arcanine|Arcanine-Hisui, M|100\/100\n|turn|25\n|\n|t:|1700784494\n|-end|p2a: Kingambit|fallen4|[silent]\n|switch|p2a: Zapdos|Zapdos|50\/100\n|move|p1a: Arcanine|Flare Blitz|p2a: Zapdos\n|-damage|p2a: Zapdos|0 fnt\n|faint|p2a: Zapdos\n|\n|upkeep\n|\n|t:|1700784500\n|switch|p2a: Kingambit|Kingambit, F, shiny|94\/100\n|-damage|p2a: Kingambit|88\/100|[from] Stealth Rock\n|-activate|p2a: Kingambit|ability: Supreme Overlord\n|-start|p2a: Kingambit|fallen5|[silent]\n|turn|26\n|\n|t:|1700784504\n|-terastallize|p2a: Kingambit|Ghost\n|move|p1a: Arcanine|Flare Blitz|p2a: Kingambit\n|-damage|p2a: Kingambit|24\/100\n|move|p2a: Kingambit|Swords Dance|p2a: Kingambit\n|-boost|p2a: Kingambit|atk|2\n|\n|-heal|p2a: Kingambit|30\/100|[from] item: Leftovers\n|upkeep\n|turn|27\n|\n|t:|1700784510\n|move|p2a: Kingambit|Sucker Punch|p1a: Arcanine\n|-damage|p1a: Arcanine|0 fnt\n|faint|p1a: Arcanine\n|\n|-heal|p2a: Kingambit|36\/100|[from] item: Leftovers\n|upkeep\n|\n|t:|1700784513\n|switch|p1a: Zapdos|Zapdos|100\/100\n|turn|28\n|\n|t:|1700784517\n|move|p1a: Zapdos|Hurricane|p2a: Kingambit\n|-damage|p2a: Kingambit|0 fnt\n|faint|p2a: Kingambit\n|-end|p2a: Kingambit|fallen5|[silent]\n|\n|win|yeah im the type\n|raw|yeah im the type's rating: 1587 &rarr; <strong>1604<\/strong><br \/>(+17 for winning)\n|raw|OneASpicyMeatball's rating: 1527 &rarr; <strong>1510<\/strong><br \/>(-17 for losing)\n|l|\u2606OneASpicyMeatball\n","uploadtime":1700784611,"views":3,"p1id":"yeahimthetype","p2id":"oneaspicymeatball","formatid":"gen9ou","rating":1510,"private":0,"password":""}