{"id":"gen9ou-1994935868","p1":"dwarfleader","p2":"geen idea","format":"[Gen 9] OU","log":"|j|\u2606dwarfleader\n|j|\u2606geen idea\n|t:|1700506140\n|gametype|singles\n|player|p1|dwarfleader|2|1272\n|player|p2|geen idea|bellelba|1362\n|teamsize|p1|6\n|teamsize|p2|6\n|gen|9\n|tier|[Gen 9] OU\n|rated|\n|rule|Sleep Clause Mod: Limit one foe put to sleep\n|rule|Species Clause: Limit one of each Pok\u00e9mon\n|rule|OHKO Clause: OHKO moves are banned\n|rule|Evasion Items Clause: Evasion items are banned\n|rule|Evasion Moves Clause: Evasion moves are banned\n|rule|Endless Battle Clause: Forcing endless battles is banned\n|rule|HP Percentage Mod: HP is shown in percentages\n|clearpoke\n|poke|p1|Blissey, F|\n|poke|p1|Garganacl, M|\n|poke|p1|Skeledirge, M|\n|poke|p1|Corviknight, M|\n|poke|p1|Iron Valiant|\n|poke|p1|Ogerpon-Wellspring, F|\n|poke|p2|Great Tusk|\n|poke|p2|Samurott-Hisui, F|\n|poke|p2|Zapdos|\n|poke|p2|Slowking-Galar, F|\n|poke|p2|Toxapex, M|\n|poke|p2|Rillaboom, M|\n|teampreview\n|inactive|Battle timer is ON: inactive players will automatically lose when time's up. (requested by geen idea)\n|\n|t:|1700506158\n|start\n|switch|p1a: Corviknight|Corviknight, M|100\/100\n|switch|p2a: Zapdos|Zapdos|100\/100\n|-ability|p1a: Corviknight|Pressure\n|turn|1\n|\n|t:|1700506164\n|switch|p1a: Blissey|Blissey, F|100\/100\n|move|p2a: Zapdos|Discharge|p1a: Blissey\n|-damage|p1a: Blissey|91\/100\n|\n|upkeep\n|turn|2\n|\n|t:|1700506167\n|move|p2a: Zapdos|U-turn|p1a: Blissey\n|-damage|p1a: Blissey|76\/100\n|\n|t:|1700506172\n|switch|p2a: Great Tusk|Great Tusk|100\/100|[from] U-turn\n|move|p1a: Blissey|Stealth Rock|p2a: Great Tusk\n|-sidestart|p2: geen idea|move: Stealth Rock\n|\n|upkeep\n|turn|3\n|\n|t:|1700506184\n|switch|p1a: Corviknight|Corviknight, M|100\/100\n|-ability|p1a: Corviknight|Pressure\n|move|p2a: Great Tusk|Headlong Rush|p1a: Corviknight\n|-immune|p1a: Corviknight\n|\n|upkeep\n|turn|4\n|\n|t:|1700506192\n|-end|p2a: Great Tusk|Protosynthesis|[silent]\n|switch|p2a: Zapdos|Zapdos|100\/100\n|move|p1a: Corviknight|Brave Bird|p2a: Zapdos\n|-resisted|p2a: Zapdos\n|-damage|p2a: Zapdos|83\/100\n|-damage|p1a: Corviknight|95\/100|[from] Recoil\n|\n|-heal|p1a: Corviknight|100\/100|[from] item: Leftovers\n|upkeep\n|turn|5\n|\n|t:|1700506221\n|switch|p1a: Blissey|Blissey, F|76\/100\n|move|p2a: Zapdos|U-turn|p1a: Blissey\n|-damage|p1a: Blissey|63\/100\n|\n|t:|1700506225\n|switch|p2a: Great Tusk|Great Tusk|100\/100|[from] U-turn\n|\n|upkeep\n|turn|6\n|\n|t:|1700506242\n|switch|p1a: Corviknight|Corviknight, M|100\/100\n|-ability|p1a: Corviknight|Pressure\n|move|p2a: Great Tusk|Rapid Spin|p1a: Corviknight\n|-resisted|p1a: Corviknight\n|-damage|p1a: Corviknight|95\/100\n|-boost|p2a: Great Tusk|spe|1\n|-sideend|p2: geen idea|Stealth Rock|[from] move: Rapid Spin|[of] p2a: Great Tusk\n|\n|-heal|p1a: Corviknight|100\/100|[from] item: Leftovers\n|upkeep\n|turn|7\n|\n|t:|1700506254\n|switch|p1a: Garganacl|Garganacl, M|100\/100\n|move|p2a: Great Tusk|Ice Spinner|p1a: Garganacl\n|-damage|p1a: Garganacl|85\/100\n|\n|-heal|p1a: Garganacl|92\/100|[from] item: Leftovers\n|upkeep\n|turn|8\n|\n|t:|1700506269\n|-end|p2a: Great Tusk|Protosynthesis|[silent]\n|switch|p2a: Rillaboom|Rillaboom, M|100\/100\n|-fieldstart|move: Grassy Terrain|[from] ability: Grassy Surge|[of] p2a: Rillaboom\n|move|p1a: Garganacl|Curse|p1a: Garganacl\n|-unboost|p1a: Garganacl|spe|1\n|-boost|p1a: Garganacl|atk|1\n|-boost|p1a: Garganacl|def|1\n|\n|-heal|p1a: Garganacl|98\/100|[from] Grassy Terrain\n|-heal|p1a: Garganacl|100\/100|[from] item: Leftovers\n|upkeep\n|turn|9\n|inactive|dwarfleader has 120 seconds left.\n|\n|t:|1700506287\n|-terastallize|p1a: Garganacl|Poison\n|move|p2a: Rillaboom|Wood Hammer|p1a: Garganacl\n|-resisted|p1a: Garganacl\n|-damage|p1a: Garganacl|77\/100\n|-damage|p2a: Rillaboom|91\/100|[from] Recoil\n|move|p1a: Garganacl|Salt Cure|p2a: Rillaboom\n|-damage|p2a: Rillaboom|69\/100\n|-start|p2a: Rillaboom|Salt Cure\n|\n|-heal|p2a: Rillaboom|75\/100|[from] Grassy Terrain\n|-heal|p1a: Garganacl|83\/100|[from] Grassy Terrain\n|-heal|p1a: Garganacl|89\/100|[from] item: Leftovers\n|-damage|p2a: Rillaboom|63\/100|[from] Salt Cure\n|upkeep\n|turn|10\n|\n|t:|1700506297\n|switch|p2a: Slowking|Slowking-Galar, F|100\/100\n|move|p1a: Garganacl|Curse|p1a: Garganacl\n|-unboost|p1a: Garganacl|spe|1\n|-boost|p1a: Garganacl|atk|1\n|-boost|p1a: Garganacl|def|1\n|\n|-heal|p1a: Garganacl|95\/100|[from] Grassy Terrain\n|-heal|p1a: Garganacl|100\/100|[from] item: Leftovers\n|upkeep\n|turn|11\n|\n|t:|1700506302\n|move|p2a: Slowking|Future Sight|p1a: Garganacl\n|-start|p2a: Slowking|move: Future Sight\n|move|p1a: Garganacl|Earthquake|p2a: Slowking\n|-supereffective|p2a: Slowking\n|-damage|p2a: Slowking|56\/100\n|\n|-heal|p2a: Slowking|62\/100|[from] Grassy Terrain\n|upkeep\n|turn|12\n|\n|t:|1700506311\n|move|p2a: Slowking|Ice Beam|p1a: Garganacl\n|-damage|p1a: Garganacl|81\/100\n|move|p1a: Garganacl|Salt Cure|p2a: Slowking\n|-damage|p2a: Slowking|34\/100\n|-start|p2a: Slowking|Salt Cure\n|\n|-heal|p2a: Slowking|40\/100|[from] Grassy Terrain\n|-heal|p1a: Garganacl|87\/100|[from] Grassy Terrain\n|-heal|p1a: Garganacl|93\/100|[from] item: Leftovers\n|-damage|p2a: Slowking|28\/100|[from] Salt Cure\n|-fieldend|move: Grassy Terrain\n|upkeep\n|turn|13\n|\n|t:|1700506325\n|switch|p2a: Zapdos|Zapdos|83\/100\n|switch|p1a: Blissey|Blissey, F|63\/100\n|\n|-end|p1a: Blissey|move: Future Sight\n|-damage|p1a: Blissey|49\/100\n|upkeep\n|turn|14\n|\n|t:|1700506331\n|move|p2a: Zapdos|U-turn|p1a: Blissey\n|-damage|p1a: Blissey|35\/100\n|\n|t:|1700506336\n|switch|p2a: Samurott|Samurott-Hisui, F|100\/100|[from] U-turn\n|move|p1a: Blissey|Soft-Boiled|p1a: Blissey\n|-heal|p1a: Blissey|85\/100\n|\n|upkeep\n|turn|15\n|\n|t:|1700506346\n|switch|p1a: Corviknight|Corviknight, M|100\/100\n|-ability|p1a: Corviknight|Pressure\n|move|p2a: Samurott|Aqua Cutter|p1a: Corviknight\n|-damage|p1a: Corviknight|70\/100\n|\n|-heal|p1a: Corviknight|76\/100|[from] item: Leftovers\n|upkeep\n|turn|16\n|\n|t:|1700506349\n|move|p2a: Samurott|Ceaseless Edge|p1a: Corviknight\n|-damage|p1a: Corviknight|48\/100\n|-sidestart|p1: dwarfleader|Spikes\n|move|p1a: Corviknight|Body Press|p2a: Samurott\n|-supereffective|p2a: Samurott\n|-damage|p2a: Samurott|31\/100\n|\n|-heal|p1a: Corviknight|54\/100|[from] item: Leftovers\n|upkeep\n|turn|17\n|\n|t:|1700506356\n|switch|p2a: Zapdos|Zapdos|83\/100\n|move|p1a: Corviknight|Roost|p1a: Corviknight\n|-heal|p1a: Corviknight|100\/100\n|-singleturn|p1a: Corviknight|move: Roost\n|\n|upkeep\n|turn|18\n|\n|t:|1700506364\n|move|p2a: Zapdos|Discharge|p1a: Corviknight\n|-supereffective|p1a: Corviknight\n|-damage|p1a: Corviknight|37\/100\n|move|p1a: Corviknight|Defog|p2a: Zapdos\n|-unboost|p2a: Zapdos|evasion|1\n|-sideend|p1: dwarfleader|Spikes|[from] move: Defog|[of] p1a: Corviknight\n|\n|-heal|p1a: Corviknight|43\/100|[from] item: Leftovers\n|upkeep\n|turn|19\n|\n|t:|1700506371\n|switch|p1a: Blissey|Blissey, F|85\/100\n|move|p2a: Zapdos|Discharge|p1a: Blissey\n|-damage|p1a: Blissey|75\/100\n|-status|p1a: Blissey|par\n|\n|upkeep\n|turn|20\n|\n|t:|1700506377\n|switch|p2a: Toxapex|Toxapex, M|100\/100\n|move|p1a: Blissey|Stealth Rock|p2a: Toxapex\n|-sidestart|p2: geen idea|move: Stealth Rock\n|\n|upkeep\n|turn|21\n|\n|t:|1700506391\n|move|p2a: Toxapex|Toxic||[still]\n|-fail|p2a: Toxapex\n|move|p1a: Blissey|Seismic Toss|p2a: Toxapex\n|-damage|p2a: Toxapex|68\/100\n|\n|-heal|p2a: Toxapex|74\/100|[from] item: Leftovers\n|upkeep\n|turn|22\n|\n|t:|1700506396\n|move|p2a: Toxapex|Toxic Spikes|p1a: Blissey\n|-sidestart|p1: dwarfleader|move: Toxic Spikes\n|move|p1a: Blissey|Seismic Toss|p2a: Toxapex\n|-damage|p2a: Toxapex|41\/100\n|\n|-heal|p2a: Toxapex|47\/100|[from] item: Leftovers\n|upkeep\n|turn|23\n|\n|t:|1700506403\n|switch|p2a: Slowking|Slowking-Galar, F|61\/100\n|-damage|p2a: Slowking|49\/100|[from] Stealth Rock\n|move|p1a: Blissey|Seismic Toss|p2a: Slowking\n|-damage|p2a: Slowking|23\/100\n|\n|upkeep\n|turn|24\n|\n|t:|1700506418\n|switch|p2a: Rillaboom|Rillaboom, M|63\/100\n|-damage|p2a: Rillaboom|51\/100|[from] Stealth Rock\n|-fieldstart|move: Grassy Terrain|[from] ability: Grassy Surge|[of] p2a: Rillaboom\n|cant|p1a: Blissey|par\n|\n|-heal|p2a: Rillaboom|57\/100|[from] Grassy Terrain\n|-heal|p1a: Blissey|81\/100 par|[from] Grassy Terrain\n|upkeep\n|turn|25\n|\n|t:|1700506430\n|-curestatus|p1a: Blissey|par|[from] ability: Natural Cure\n|switch|p1a: Skeledirge|Skeledirge, M|100\/100\n|move|p2a: Rillaboom|U-turn|p1a: Skeledirge\n|-resisted|p1a: Skeledirge\n|-damage|p1a: Skeledirge|93\/100\n|\n|t:|1700506437\n|switch|p2a: Samurott|Samurott-Hisui, F|31\/100|[from] U-turn\n|\n|-heal|p2a: Samurott|37\/100|[from] Grassy Terrain\n|-heal|p1a: Skeledirge|99\/100|[from] Grassy Terrain\n|upkeep\n|turn|26\n|\n|t:|1700506462\n|switch|p1a: Garganacl|Garganacl, M, tera:Poison|93\/100\n|-sideend|p1: dwarfleader|move: Toxic Spikes|[of] p1a: Garganacl\n|move|p2a: Samurott|Ceaseless Edge|p1a: Garganacl\n|-damage|p1a: Garganacl|69\/100\n|-sidestart|p1: dwarfleader|Spikes\n|\n|-heal|p2a: Samurott|43\/100|[from] Grassy Terrain\n|-heal|p1a: Garganacl|75\/100|[from] Grassy Terrain\n|-heal|p1a: Garganacl|82\/100|[from] item: Leftovers\n|upkeep\n|turn|27\n|\n|t:|1700506470\n|switch|p2a: Great Tusk|Great Tusk|100\/100\n|move|p1a: Garganacl|Salt Cure|p2a: Great Tusk\n|-resisted|p2a: Great Tusk\n|-damage|p2a: Great Tusk|98\/100\n|-start|p2a: Great Tusk|Salt Cure\n|\n|-heal|p2a: Great Tusk|100\/100|[from] Grassy Terrain\n|-heal|p1a: Garganacl|88\/100|[from] Grassy Terrain\n|-heal|p1a: Garganacl|94\/100|[from] item: Leftovers\n|-damage|p2a: Great Tusk|88\/100|[from] Salt Cure\n|upkeep\n|turn|28\n|\n|t:|1700506483\n|switch|p1a: Corviknight|Corviknight, M|43\/100\n|-ability|p1a: Corviknight|Pressure\n|move|p2a: Great Tusk|Knock Off|p1a: Corviknight\n|-damage|p1a: Corviknight|23\/100\n|-enditem|p1a: Corviknight|Leftovers|[from] move: Knock Off|[of] p2a: Great Tusk\n|\n|-heal|p2a: Great Tusk|94\/100|[from] Grassy Terrain\n|-damage|p2a: Great Tusk|82\/100|[from] Salt Cure\n|-fieldend|move: Grassy Terrain\n|upkeep\n|turn|29\n|\n|t:|1700506502\n|switch|p1a: Skeledirge|Skeledirge, M|99\/100\n|move|p2a: Great Tusk|Ice Spinner|p1a: Skeledirge\n|-resisted|p1a: Skeledirge\n|-damage|p1a: Skeledirge|86\/100\n|\n|-damage|p2a: Great Tusk|70\/100|[from] Salt Cure\n|upkeep\n|turn|30\n|\n|t:|1700506507\n|move|p2a: Great Tusk|Knock Off|p1a: Skeledirge\n|-supereffective|p1a: Skeledirge\n|-damage|p1a: Skeledirge|28\/100\n|-enditem|p1a: Skeledirge|Heavy-Duty Boots|[from] move: Knock Off|[of] p2a: Great Tusk\n|move|p1a: Skeledirge|Will-O-Wisp|p2a: Great Tusk\n|-status|p2a: Great Tusk|brn\n|\n|-damage|p2a: Great Tusk|63\/100 brn|[from] brn\n|-damage|p2a: Great Tusk|51\/100 brn|[from] Salt Cure\n|upkeep\n|turn|31\n|\n|t:|1700506522\n|-end|p2a: Great Tusk|Protosynthesis|[silent]\n|switch|p2a: Samurott|Samurott-Hisui, F|43\/100\n|move|p1a: Skeledirge|Slack Off|p1a: Skeledirge\n|-heal|p1a: Skeledirge|79\/100\n|\n|upkeep\n|turn|32\n|\n|t:|1700506533\n|switch|p1a: Garganacl|Garganacl, M, tera:Poison|94\/100\n|-damage|p1a: Garganacl|82\/100|[from] Spikes\n|move|p2a: Samurott|Ceaseless Edge|p1a: Garganacl\n|-damage|p1a: Garganacl|56\/100\n|-sidestart|p1: dwarfleader|Spikes\n|\n|-heal|p1a: Garganacl|62\/100|[from] item: Leftovers\n|upkeep\n|turn|33\n|\n|t:|1700506540\n|move|p2a: Samurott|Swords Dance|p2a: Samurott\n|-boost|p2a: Samurott|atk|2\n|move|p1a: Garganacl|Salt Cure|p2a: Samurott\n|-damage|p2a: Samurott|25\/100\n|-start|p2a: Samurott|Salt Cure\n|\n|-heal|p1a: Garganacl|69\/100|[from] item: Leftovers\n|-damage|p2a: Samurott|0 fnt|[from] Salt Cure\n|faint|p2a: Samurott\n|upkeep\n|\n|t:|1700506546\n|switch|p2a: Slowking|Slowking-Galar, F|57\/100\n|-damage|p2a: Slowking|44\/100|[from] Stealth Rock\n|turn|34\n|inactive|dwarfleader has 120 seconds left.\n|\n|t:|1700506582\n|move|p1a: Garganacl|Earthquake|p2a: Slowking\n|-supereffective|p2a: Slowking\n|-damage|p2a: Slowking|0 fnt\n|faint|p2a: Slowking\n|\n|-heal|p1a: Garganacl|75\/100|[from] item: Leftovers\n|upkeep\n|-message|geen idea forfeited.\n|\n|win|dwarfleader\n|raw|dwarfleader's rating: 1272 &rarr; <strong>1303<\/strong><br \/>(+31 for winning)\n|raw|geen idea's rating: 1362 &rarr; <strong>1337<\/strong><br \/>(-25 for losing)\n|l|\u2606geen idea\n|c|\u2606dwarfleader|Gg\n","uploadtime":1700506595,"views":5,"p1id":"dwarfleader","p2id":"geenidea","formatid":"gen9ou","rating":1303,"private":0,"password":""}