{"id":"gen9ou-1993778324","p1":"Gatrekd","p2":"BigSkog","format":"[Gen 9] OU","log":"|j|\u2606Gatrekd\n|j|\u2606BigSkog\n|t:|1700356141\n|gametype|singles\n|player|p1|Gatrekd|marlon|1126\n|player|p2|BigSkog|burglar|1176\n|teamsize|p1|6\n|teamsize|p2|6\n|gen|9\n|tier|[Gen 9] OU\n|rated|\n|rule|Sleep Clause Mod: Limit one foe put to sleep\n|rule|Species Clause: Limit one of each Pok\u00e9mon\n|rule|OHKO Clause: OHKO moves are banned\n|rule|Evasion Items Clause: Evasion items are banned\n|rule|Evasion Moves Clause: Evasion moves are banned\n|rule|Endless Battle Clause: Forcing endless battles is banned\n|rule|HP Percentage Mod: HP is shown in percentages\n|clearpoke\n|poke|p1|Dragapult, M|\n|poke|p1|Garganacl, M|\n|poke|p1|Azumarill, M|\n|poke|p1|Sneasler, F|\n|poke|p1|Meowscarada, M|\n|poke|p1|Cinderace, F|\n|poke|p2|Ursaluna, F|\n|poke|p2|Tornadus-Therian, M|\n|poke|p2|Slowking-Galar, M|\n|poke|p2|Great Tusk|\n|poke|p2|Samurott-Hisui, M|\n|poke|p2|Ogerpon-Wellspring, F|\n|teampreview\n|\n|t:|1700356163\n|start\n|switch|p1a: Garganacl|Garganacl, M|100\/100\n|switch|p2a: Samurott|Samurott-Hisui, M|100\/100\n|turn|1\n|\n|t:|1700356175\n|move|p2a: Samurott|Razor Shell|p1a: Garganacl|[miss]\n|-miss|p2a: Samurott|p1a: Garganacl\n|move|p1a: Garganacl|Salt Cure|p2a: Samurott\n|-damage|p2a: Samurott|83\/100\n|-start|p2a: Samurott|Salt Cure\n|\n|-damage|p2a: Samurott|58\/100|[from] Salt Cure\n|upkeep\n|turn|2\n|inactive|Battle timer is ON: inactive players will automatically lose when time's up. (requested by BigSkog)\n|\n|t:|1700356202\n|switch|p2a: Ogerpon|Ogerpon-Wellspring, F|100\/100\n|move|p1a: Garganacl|Body Press|p2a: Ogerpon\n|-damage|p2a: Ogerpon|61\/100\n|\n|upkeep\n|turn|3\n|\n|t:|1700356216\n|move|p2a: Ogerpon|Power Whip|p1a: Garganacl\n|-supereffective|p1a: Garganacl\n|-damage|p1a: Garganacl|26\/100\n|move|p1a: Garganacl|Salt Cure|p2a: Ogerpon\n|-damage|p2a: Ogerpon|42\/100\n|-start|p2a: Ogerpon|Salt Cure\n|\n|-heal|p1a: Garganacl|32\/100|[from] item: Leftovers\n|-damage|p2a: Ogerpon|17\/100|[from] Salt Cure\n|upkeep\n|turn|4\n|\n|t:|1700356227\n|switch|p1a: Meowscarada|Meowscarada, M|100\/100\n|move|p2a: Ogerpon|Ivy Cudgel|p1a: Meowscarada|[anim] Ivy Cudgel Water\n|-resisted|p1a: Meowscarada\n|-damage|p1a: Meowscarada|51\/100\n|\n|-damage|p2a: Ogerpon|0 fnt|[from] Salt Cure\n|faint|p2a: Ogerpon\n|upkeep\n|\n|t:|1700356233\n|switch|p2a: Tornadus|Tornadus-Therian, M|100\/100\n|turn|5\n|\n|t:|1700356240\n|switch|p1a: Garganacl|Garganacl, M|32\/100\n|move|p2a: Tornadus|U-turn|p1a: Garganacl\n|-damage|p1a: Garganacl|24\/100\n|\n|t:|1700356248\n|switch|p2a: Ursaluna|Ursaluna, F|100\/100|[from] U-turn\n|\n|-heal|p1a: Garganacl|30\/100|[from] item: Leftovers\n|-status|p2a: Ursaluna|brn|[from] item: Flame Orb\n|upkeep\n|turn|6\n|\n|t:|1700356259\n|move|p2a: Ursaluna|Headlong Rush|p1a: Garganacl\n|-supereffective|p1a: Garganacl\n|-damage|p1a: Garganacl|0 fnt\n|-unboost|p2a: Ursaluna|def|1\n|-unboost|p2a: Ursaluna|spd|1\n|faint|p1a: Garganacl\n|\n|-damage|p2a: Ursaluna|94\/100 brn|[from] brn\n|upkeep\n|\n|t:|1700356268\n|switch|p1a: Meowscarada|Meowscarada, M|51\/100\n|turn|7\n|\n|t:|1700356274\n|switch|p2a: Tornadus|Tornadus-Therian, M|100\/100\n|move|p1a: Meowscarada|Flower Trick|p2a: Tornadus\n|-start|p1a: Meowscarada|typechange|Grass|[from] ability: Protean\n|-resisted|p2a: Tornadus\n|-crit|p2a: Tornadus\n|-damage|p2a: Tornadus|64\/100\n|\n|upkeep\n|turn|8\n|\n|t:|1700356296\n|switch|p1a: Cinderace|Cinderace, F|100\/100\n|move|p2a: Tornadus|Bleakwind Storm|p1a: Cinderace\n|-damage|p1a: Cinderace|31\/100\n|\n|upkeep\n|turn|9\n|\n|t:|1700356310\n|move|p2a: Tornadus|Bleakwind Storm|p1a: Cinderace\n|-crit|p1a: Cinderace\n|-damage|p1a: Cinderace|0 fnt\n|faint|p1a: Cinderace\n|\n|upkeep\n|\n|t:|1700356318\n|switch|p1a: Azumarill|Azumarill, M|100\/100\n|turn|10\n|\n|t:|1700356326\n|move|p2a: Tornadus|U-turn|p1a: Azumarill\n|-resisted|p1a: Azumarill\n|-damage|p1a: Azumarill|92\/100\n|\n|t:|1700356335\n|switch|p2a: Ursaluna|Ursaluna, F|94\/100 brn|[from] U-turn\n|move|p1a: Azumarill|Belly Drum|p1a: Azumarill\n|-damage|p1a: Azumarill|42\/100\n|-setboost|p1a: Azumarill|atk|6|[from] move: Belly Drum\n|-enditem|p1a: Azumarill|Sitrus Berry|[eat]\n|-heal|p1a: Azumarill|67\/100|[from] item: Sitrus Berry\n|\n|-damage|p2a: Ursaluna|88\/100 brn|[from] brn\n|upkeep\n|turn|11\n|\n|t:|1700356346\n|move|p1a: Azumarill|Aqua Jet|p2a: Ursaluna\n|-supereffective|p2a: Ursaluna\n|-damage|p2a: Ursaluna|0 fnt\n|faint|p2a: Ursaluna\n|\n|upkeep\n|-message|BigSkog forfeited.\n|\n|win|Gatrekd\n|raw|Gatrekd's rating: 1126 &rarr; <strong>1155<\/strong><br \/>(+29 for winning)\n|raw|BigSkog's rating: 1176 &rarr; <strong>1147<\/strong><br \/>(-29 for losing)\n|l|\u2606BigSkog\n","uploadtime":1700356367,"views":15,"p1id":"gatrekd","p2id":"bigskog","formatid":"gen9ou","rating":1147,"private":0,"password":""}