{"id":"gen9ou-1995737474","p1":"1Jimothy2","p2":"V_m00nLover","format":"[Gen 9] OU","log":"|j|\u26061Jimothy2\n|j|\u2606V_m00nLover\n|t:|1700598477\n|gametype|singles\n|player|p1|1Jimothy2|101|1157\n|player|p2|V_m00nLover|janine|1247\n|teamsize|p1|6\n|teamsize|p2|6\n|gen|9\n|tier|[Gen 9] OU\n|rated|\n|rule|Sleep Clause Mod: Limit one foe put to sleep\n|rule|Species Clause: Limit one of each Pok\u00e9mon\n|rule|OHKO Clause: OHKO moves are banned\n|rule|Evasion Items Clause: Evasion items are banned\n|rule|Evasion Moves Clause: Evasion moves are banned\n|rule|Endless Battle Clause: Forcing endless battles is banned\n|rule|HP Percentage Mod: HP is shown in percentages\n|clearpoke\n|poke|p1|Glimmora, M|\n|poke|p1|Scizor, M|\n|poke|p1|Dachsbun, F|\n|poke|p1|Dragapult, F|\n|poke|p1|Maushold-Four|\n|poke|p1|Morpeko, M|\n|poke|p2|Cinderace, M|\n|poke|p2|Zapdos|\n|poke|p2|Dragapult, M|\n|poke|p2|Ogerpon-Wellspring, F|\n|poke|p2|Great Tusk|\n|poke|p2|Kingambit, M|\n|teampreview\n|\n|t:|1700598488\n|start\n|switch|p1a: Glimmora|Glimmora, M|100\/100\n|switch|p2a: T|Great Tusk|100\/100\n|turn|1\n|\n|t:|1700598494\n|move|p1a: Glimmora|Energy Ball|p2a: T\n|-supereffective|p2a: T\n|-damage|p2a: T|38\/100\n|move|p2a: T|Body Press|p1a: Glimmora\n|-damage|p1a: Glimmora|60\/100\n|-activate|p1a: Glimmora|ability: Toxic Debris\n|-sidestart|p2: V_m00nLover|move: Toxic Spikes\n|\n|-heal|p2a: T|45\/100|[from] item: Leftovers\n|upkeep\n|turn|2\n|\n|t:|1700598505\n|move|p1a: Glimmora|Mortal Spin|p2a: T\n|-resisted|p2a: T\n|-damage|p2a: T|43\/100\n|-status|p2a: T|psn\n|move|p2a: T|Stealth Rock|p1a: Glimmora\n|-sidestart|p1: 1Jimothy2|move: Stealth Rock\n|\n|-heal|p2a: T|49\/100 psn|[from] item: Leftovers\n|-damage|p2a: T|37\/100 psn|[from] psn\n|upkeep\n|turn|3\n|\n|t:|1700598515\n|move|p1a: Glimmora|Energy Ball|p2a: T\n|-supereffective|p2a: T\n|-damage|p2a: T|0 fnt\n|faint|p2a: T\n|-end|p2a: T|Protosynthesis|[silent]\n|\n|upkeep\n|\n|t:|1700598523\n|switch|p2a: Marcos|Cinderace, M, shiny|100\/100\n|turn|4\n|\n|t:|1700598531\n|move|p2a: Marcos|High Jump Kick|p1a: Glimmora|[miss]\n|-start|p2a: Marcos|typechange|Fighting|[from] ability: Libero\n|-miss|p2a: Marcos|p1a: Glimmora\n|-damage|p2a: Marcos|50\/100|[from] highjumpkick\n|move|p1a: Glimmora|Mortal Spin|p2a: Marcos\n|-damage|p2a: Marcos|42\/100\n|-status|p2a: Marcos|psn\n|-sideend|p1: 1Jimothy2|Stealth Rock|[from] move: Mortal Spin|[of] p1a: Glimmora\n|\n|-damage|p2a: Marcos|30\/100 psn|[from] psn\n|upkeep\n|turn|5\n|\n|t:|1700598547\n|switch|p1a: Dragapult|Dragapult, F, shiny|100\/100\n|move|p2a: Marcos|U-turn|p1a: Dragapult\n|-resisted|p1a: Dragapult\n|-damage|p1a: Dragapult|86\/100\n|\n|t:|1700598553\n|switch|p2a: Zero|Kingambit, M|100\/100|[from] U-turn\n|-activate|p2a: Zero|ability: Supreme Overlord\n|-start|p2a: Zero|fallen1|[silent]\n|\n|upkeep\n|turn|6\n|\n|t:|1700598562\n|move|p1a: Dragapult|Flamethrower|p2a: Zero\n|-supereffective|p2a: Zero\n|-damage|p2a: Zero|30\/100\n|move|p2a: Zero|Swords Dance|p2a: Zero\n|-boost|p2a: Zero|atk|2\n|\n|-heal|p2a: Zero|36\/100|[from] item: Leftovers\n|upkeep\n|turn|7\n|\n|t:|1700598570\n|-terastallize|p1a: Dragapult|Steel\n|move|p2a: Zero|Sucker Punch|p1a: Dragapult\n|-damage|p1a: Dragapult|0 fnt\n|faint|p1a: Dragapult\n|\n|-heal|p2a: Zero|42\/100|[from] item: Leftovers\n|upkeep\n|\n|t:|1700598589\n|switch|p1a: Glimmora|Glimmora, M|60\/100\n|turn|8\n|\n|t:|1700598594\n|move|p1a: Glimmora|Energy Ball|p2a: Zero\n|-resisted|p2a: Zero\n|-damage|p2a: Zero|31\/100\n|-unboost|p2a: Zero|spd|1\n|move|p2a: Zero|Iron Head|p1a: Glimmora\n|-supereffective|p1a: Glimmora\n|-damage|p1a: Glimmora|0 fnt\n|-activate|p1a: Glimmora|ability: Toxic Debris\n|-sidestart|p2: V_m00nLover|move: Toxic Spikes\n|faint|p1a: Glimmora\n|\n|-heal|p2a: Zero|37\/100|[from] item: Leftovers\n|upkeep\n|\n|t:|1700598606\n|switch|p1a: Maushold|Maushold-Four, shiny|100\/100\n|turn|9\n|\n|t:|1700598613\n|move|p2a: Zero|Sucker Punch|p1a: Maushold\n|-damage|p1a: Maushold|0 fnt\n|faint|p1a: Maushold\n|\n|-heal|p2a: Zero|43\/100|[from] item: Leftovers\n|upkeep\n|\n|t:|1700598618\n|switch|p1a: Morpeko|Morpeko, M|100\/100\n|turn|10\n|\n|t:|1700598626\n|move|p1a: Morpeko|Thunder Wave|p2a: Zero\n|-status|p2a: Zero|par\n|cant|p2a: Zero|par\n|\n|-heal|p2a: Zero|49\/100 par|[from] item: Leftovers\n|-formechange|p1a: Morpeko|Morpeko-Hangry||[from] ability: Hunger Switch\n|upkeep\n|turn|11\n|\n|t:|1700598635\n|move|p1a: Morpeko|Parting Shot|p2a: Zero\n|-unboost|p2a: Zero|atk|1\n|-unboost|p2a: Zero|spa|1\n|\n|t:|1700598640\n|switch|p1a: Dachsbun|Dachsbun, F|100\/100|[from] Parting Shot\n|cant|p2a: Zero|par\n|\n|-heal|p2a: Zero|56\/100 par|[from] item: Leftovers\n|upkeep\n|turn|12\n|\n|t:|1700598647\n|move|p1a: Dachsbun|Play Rough|p2a: Zero\n|-damage|p2a: Zero|36\/100 par\n|move|p2a: Zero|Iron Head|p1a: Dachsbun\n|-supereffective|p1a: Dachsbun\n|-damage|p1a: Dachsbun|0 fnt\n|faint|p1a: Dachsbun\n|\n|-heal|p2a: Zero|42\/100 par|[from] item: Leftovers\n|upkeep\n|\n|t:|1700598655\n|switch|p1a: Scizor|Scizor, M|100\/100\n|turn|13\n|\n|t:|1700598673\n|move|p1a: Scizor|Iron Head|p2a: Zero\n|-resisted|p2a: Zero\n|-damage|p2a: Zero|26\/100 par\n|cant|p2a: Zero|flinch\n|\n|-heal|p2a: Zero|33\/100 par|[from] item: Leftovers\n|upkeep\n|turn|14\n|\n|t:|1700598679\n|move|p1a: Scizor|Iron Head|p2a: Zero\n|-resisted|p2a: Zero\n|-damage|p2a: Zero|16\/100 par\n|move|p2a: Zero|Iron Head|p1a: Scizor\n|-resisted|p1a: Scizor\n|-damage|p1a: Scizor|64\/100\n|\n|-heal|p2a: Zero|22\/100 par|[from] item: Leftovers\n|upkeep\n|turn|15\n|\n|t:|1700598688\n|move|p1a: Scizor|Iron Head|p2a: Zero\n|-resisted|p2a: Zero\n|-damage|p2a: Zero|5\/100 par\n|cant|p2a: Zero|flinch\n|\n|-heal|p2a: Zero|11\/100 par|[from] item: Leftovers\n|upkeep\n|turn|16\n|\n|t:|1700598694\n|move|p2a: Zero|Sucker Punch|p1a: Scizor\n|-damage|p1a: Scizor|0 fnt\n|faint|p1a: Scizor\n|\n|-heal|p2a: Zero|17\/100 par|[from] item: Leftovers\n|upkeep\n|\n|t:|1700598700\n|switch|p1a: Morpeko|Morpeko, M|100\/100\n|turn|17\n|\n|t:|1700598704\n|cant|p2a: Zero|par\n|move|p1a: Morpeko|Parting Shot|p2a: Zero\n|-unboost|p2a: Zero|atk|1\n|-unboost|p2a: Zero|spa|1\n|\n|-heal|p2a: Zero|24\/100 par|[from] item: Leftovers\n|-formechange|p1a: Morpeko|Morpeko-Hangry||[from] ability: Hunger Switch\n|upkeep\n|turn|18\n|\n|t:|1700598713\n|move|p1a: Morpeko|Parting Shot|p2a: Zero\n|-unboost|p2a: Zero|atk|1\n|-unboost|p2a: Zero|spa|1\n|move|p2a: Zero|Swords Dance|p2a: Zero\n|-boost|p2a: Zero|atk|2\n|\n|-heal|p2a: Zero|30\/100 par|[from] item: Leftovers\n|-formechange|p1a: Morpeko|Morpeko||[from] ability: Hunger Switch\n|upkeep\n|turn|19\n|\n|t:|1700598722\n|move|p1a: Morpeko|Aura Wheel|p2a: Zero\n|-damage|p2a: Zero|1\/100 par\n|-boost|p1a: Morpeko|spe|1\n|move|p2a: Zero|Kowtow Cleave|p1a: Morpeko\n|-resisted|p1a: Morpeko\n|-damage|p1a: Morpeko|28\/100\n|\n|-heal|p2a: Zero|8\/100 par|[from] item: Leftovers\n|-formechange|p1a: Morpeko|Morpeko-Hangry||[from] ability: Hunger Switch\n|upkeep\n|turn|20\n|\n|t:|1700598732\n|move|p2a: Zero|Sucker Punch|p1a: Morpeko\n|-resisted|p1a: Morpeko\n|-damage|p1a: Morpeko|0 fnt\n|faint|p1a: Morpeko\n|\n|win|V_m00nLover\n|raw|1Jimothy2's rating: 1157 &rarr; <strong>1138<\/strong><br \/>(-19 for losing)\n|raw|V_m00nLover's rating: 1247 &rarr; <strong>1266<\/strong><br \/>(+19 for winning)\n|l|\u26061Jimothy2\n","uploadtime":1700598755,"views":11,"p1id":"1jimothy2","p2id":"vm00nlover","formatid":"gen9ou","rating":1138,"private":0,"password":""}