{"id":"gen9ou-1989381703","p1":"LuCIIIAN_VeGA","p2":"knexhawk2","format":"[Gen 9] OU","log":"|j|\u2606LuCIIIAN_VeGA\n|j|\u2606knexhawk2\n|inactive|Battle timer is ON: inactive players will automatically lose when time's up.\n|t:|1699843137\n|gametype|singles\n|player|p1|LuCIIIAN_VeGA|teamrocket|\n|player|p2|knexhawk2|benga|\n|teamsize|p1|6\n|teamsize|p2|6\n|gen|9\n|tier|[Gen 9] OU\n|rated|Tournament battle\n|rule|Sleep Clause Mod: Limit one foe put to sleep\n|rule|Species Clause: Limit one of each Pok\u00e9mon\n|rule|OHKO Clause: OHKO moves are banned\n|rule|Evasion Items Clause: Evasion items are banned\n|rule|Evasion Moves Clause: Evasion moves are banned\n|rule|Endless Battle Clause: Forcing endless battles is banned\n|rule|HP Percentage Mod: HP is shown in percentages\n|rule|Terastal Clause: You cannot Terastallize\n|clearpoke\n|poke|p1|Charizard, M|\n|poke|p1|Mandibuzz, F|\n|poke|p1|Hippowdon, F|\n|poke|p1|Toxicroak, M|\n|poke|p1|Iron Treads|\n|poke|p1|Dondozo, F|\n|poke|p2|Sableye-Mega, M|\n|poke|p2|Dondozo, F|\n|poke|p2|Altaria-Mega, M|\n|poke|p2|Toxapex, F|\n|poke|p2|Slowbro-Mega, F|\n|poke|p2|Chansey, F|\n|teampreview\n|j| Shucklepilled\n|j|%htcl\n|c|%htcl|base zard...\n|c|%htcl|wheres ur mega\n|c|\u2606knexhawk2|yeah idk what this is\n|j| ButterLettuce_404\n|c| Shucklepilled|knex if you lose this game\n|l| ButterLettuce_404\n|c|\u2606LuCIIIAN_VeGA|Wtf is this shit\n|inactive|LuCIIIAN_VeGA has 120 seconds left.\n|\n|t:|1699843176\n|start\n|switch|p1a: Charizard|Charizard, M, shiny|100\/100\n|switch|p2a: Sableye|Sableye-Mega, M|100\/100\n|turn|1\n|c|\u2606knexhawk2|dude id have to try and lose\n|c|\u2606knexhawk2|belly drums\n|\n|t:|1699843194\n|move|p1a: Charizard|Fire Blast|p2a: Sableye\n|-damage|p2a: Sableye|45\/100\n|move|p2a: Sableye|Knock Off|p1a: Charizard\n|-damage|p1a: Charizard|60\/100\n|-enditem|p1a: Charizard|Choice Scarf|[from] move: Knock Off|[of] p2a: Sableye\n|\n|-heal|p2a: Sableye|51\/100|[from] item: Leftovers\n|upkeep\n|turn|2\n|c|\u2606knexhawk2|has solar beam power herb\n|c|\u2606knexhawk2|kills dozo\n|c|%htcl|ayo\n|\n|t:|1699843202\n|move|p2a: Sableye|Protect|p2a: Sableye\n|-singleturn|p2a: Sableye|Protect\n|move|p1a: Charizard|Fire Blast|p2a: Sableye\n|-activate|p2a: Sableye|move: Protect\n|\n|-heal|p2a: Sableye|58\/100|[from] item: Leftovers\n|upkeep\n|turn|3\n|c|%htcl|scarf zard is crazy\n|c|\u2606knexhawk2|im phys def\n|c|\u2606knexhawk2|tbf\n|\n|t:|1699843208\n|switch|p2a: Chansey|Chansey, F|100\/100\n|move|p1a: Charizard|Fire Blast|p2a: Chansey\n|-damage|p2a: Chansey|86\/100\n|\n|upkeep\n|turn|4\n|\n|t:|1699843212\n|switch|p1a: Iron Treads|Iron Treads|100\/100\n|move|p2a: Chansey|Stealth Rock|p1a: Iron Treads\n|-sidestart|p1: LuCIIIAN_VeGA|move: Stealth Rock\n|\n|upkeep\n|turn|5\n|\n|t:|1699843217\n|switch|p2a: Sableye|Sableye-Mega, M|58\/100\n|move|p1a: Iron Treads|Earthquake|p2a: Sableye\n|-damage|p2a: Sableye|15\/100\n|-damage|p1a: Iron Treads|91\/100|[from] item: Life Orb\n|\n|-heal|p2a: Sableye|22\/100|[from] item: Leftovers\n|upkeep\n|turn|6\n|\n|t:|1699843226\n|move|p2a: Sableye|Protect|p2a: Sableye\n|-singleturn|p2a: Sableye|Protect\n|move|p1a: Iron Treads|Earthquake|p2a: Sableye\n|-activate|p2a: Sableye|move: Protect\n|\n|-heal|p2a: Sableye|28\/100|[from] item: Leftovers\n|upkeep\n|turn|7\n|\n|t:|1699843238\n|switch|p2a: Slowbro|Slowbro-Mega, F|100\/100\n|move|p1a: Iron Treads|Iron Head|p2a: Slowbro\n|-resisted|p2a: Slowbro\n|-damage|p2a: Slowbro|90\/100\n|-damage|p1a: Iron Treads|74\/100|[from] item: Rocky Helmet|[of] p2a: Slowbro\n|-damage|p1a: Iron Treads|64\/100|[from] item: Life Orb\n|\n|upkeep\n|turn|8\n|\n|t:|1699843244\n|-end|p1a: Iron Treads|Quark Drive|[silent]\n|switch|p1a: Mandibuzz|Mandibuzz, F|100\/100\n|-damage|p1a: Mandibuzz|75\/100|[from] Stealth Rock\n|move|p2a: Slowbro|Scald|p1a: Mandibuzz\n|-damage|p1a: Mandibuzz|54\/100\n|\n|upkeep\n|turn|9\n|\n|t:|1699843253\n|switch|p2a: Sableye|Sableye-Mega, M|28\/100\n|move|p1a: Mandibuzz|Defog|p2a: Sableye\n|move|p2a: Sableye|Defog|p1a: Mandibuzz|[from]ability: Magic Bounce\n|-unboost|p1a: Mandibuzz|evasion|1\n|-sideend|p1: LuCIIIAN_VeGA|Stealth Rock|[from] move: Defog|[of] p2a: Sableye\n|\n|-heal|p2a: Sableye|34\/100|[from] item: Leftovers\n|upkeep\n|turn|10\n|\n|t:|1699843256\n|move|p1a: Mandibuzz|Roost|p1a: Mandibuzz\n|-heal|p1a: Mandibuzz|100\/100\n|-singleturn|p1a: Mandibuzz|move: Roost\n|move|p2a: Sableye|Recover|p2a: Sableye\n|-heal|p2a: Sableye|84\/100\n|\n|-heal|p2a: Sableye|90\/100|[from] item: Leftovers\n|upkeep\n|turn|11\n|\n|t:|1699843259\n|move|p1a: Mandibuzz|U-turn|p2a: Sableye\n|-damage|p2a: Sableye|83\/100\n|c|\u2606knexhawk2|man i love leftovers on this guy\n|\n|t:|1699843264\n|switch|p1a: Dondozo|Dondozo, F|100\/100|[from] U-turn\n|move|p2a: Sableye|Will-O-Wisp|p1a: Dondozo\n|-status|p1a: Dondozo|brn\n|\n|-heal|p2a: Sableye|89\/100|[from] item: Leftovers\n|-damage|p1a: Dondozo|94\/100 brn|[from] brn\n|upkeep\n|turn|12\n|\n|t:|1699843272\n|move|p1a: Dondozo|Rest|p1a: Dondozo\n|-status|p1a: Dondozo|slp|[from] move: Rest\n|-heal|p1a: Dondozo|100\/100 slp|[silent]\n|-enditem|p1a: Dondozo|Chesto Berry|[eat]\n|-curestatus|p1a: Dondozo|slp|[msg]\n|move|p2a: Sableye|Knock Off|p1a: Dondozo\n|-damage|p1a: Dondozo|89\/100\n|\n|-heal|p2a: Sableye|95\/100|[from] item: Leftovers\n|upkeep\n|turn|13\n|\n|t:|1699843277\n|move|p1a: Dondozo|Curse|p1a: Dondozo\n|-unboost|p1a: Dondozo|spe|1\n|-boost|p1a: Dondozo|atk|1\n|-boost|p1a: Dondozo|def|1\n|move|p2a: Sableye|Will-O-Wisp|p1a: Dondozo\n|-status|p1a: Dondozo|brn\n|\n|-heal|p2a: Sableye|100\/100|[from] item: Leftovers\n|-damage|p1a: Dondozo|82\/100 brn|[from] brn\n|upkeep\n|turn|14\n|\n|t:|1699843281\n|switch|p2a: Chansey|Chansey, F|86\/100\n|move|p1a: Dondozo|Curse|p1a: Dondozo\n|-unboost|p1a: Dondozo|spe|1\n|-boost|p1a: Dondozo|atk|1\n|-boost|p1a: Dondozo|def|1\n|\n|-damage|p1a: Dondozo|76\/100 brn|[from] brn\n|upkeep\n|turn|15\n|\n|t:|1699843283\n|move|p2a: Chansey|Stealth Rock|p1a: Dondozo\n|-sidestart|p1: LuCIIIAN_VeGA|move: Stealth Rock\n|move|p1a: Dondozo|Curse|p1a: Dondozo\n|-unboost|p1a: Dondozo|spe|1\n|-boost|p1a: Dondozo|atk|1\n|-boost|p1a: Dondozo|def|1\n|\n|-damage|p1a: Dondozo|70\/100 brn|[from] brn\n|upkeep\n|turn|16\n|\n|t:|1699843287\n|switch|p2a: Slowbro|Slowbro-Mega, F|90\/100\n|move|p1a: Dondozo|Curse|p1a: Dondozo\n|-unboost|p1a: Dondozo|spe|1\n|-boost|p1a: Dondozo|atk|1\n|-boost|p1a: Dondozo|def|1\n|\n|-damage|p1a: Dondozo|64\/100 brn|[from] brn\n|upkeep\n|turn|17\n|\n|t:|1699843290\n|move|p2a: Slowbro|Future Sight|p1a: Dondozo\n|-start|p2a: Slowbro|move: Future Sight\n|move|p1a: Dondozo|Rest|p1a: Dondozo\n|-status|p1a: Dondozo|slp|[from] move: Rest\n|-heal|p1a: Dondozo|100\/100 slp|[silent]\n|\n|upkeep\n|turn|18\n|\n|t:|1699843294\n|switch|p2a: Toxapex|Toxapex, F|100\/100\n|cant|p1a: Dondozo|slp\n|move|p1a: Dondozo|Sleep Talk|p1a: Dondozo\n|move|p1a: Dondozo|Rest||[from]move: Sleep Talk|[still]\n|-fail|p1a: Dondozo\n|\n|upkeep\n|turn|19\n|\n|t:|1699843296\n|move|p2a: Toxapex|Haze|p2a: Toxapex\n|-clearallboost\n|cant|p1a: Dondozo|slp\n|move|p1a: Dondozo|Sleep Talk|p1a: Dondozo\n|move|p1a: Dondozo|Curse|p1a: Dondozo|[from]move: Sleep Talk\n|-unboost|p1a: Dondozo|spe|1\n|-boost|p1a: Dondozo|atk|1\n|-boost|p1a: Dondozo|def|1\n|\n|-end|p1a: Dondozo|move: Future Sight\n|-damage|p1a: Dondozo|70\/100 slp\n|upkeep\n|turn|20\n|j| Bad Players\n|\n|t:|1699843305\n|switch|p1a: Mandibuzz|Mandibuzz, F|100\/100\n|-damage|p1a: Mandibuzz|75\/100|[from] Stealth Rock\n|move|p2a: Toxapex|Toxic|p1a: Mandibuzz\n|-status|p1a: Mandibuzz|tox\n|\n|-damage|p1a: Mandibuzz|69\/100 tox|[from] psn\n|upkeep\n|turn|21\n|c|\u2606knexhawk2|not boots\n|c|\u2606knexhawk2|is something\n|\n|t:|1699843311\n|switch|p2a: Sableye|Sableye-Mega, M|100\/100\n|move|p1a: Mandibuzz|Defog|p2a: Sableye\n|move|p2a: Sableye|Defog|p1a: Mandibuzz|[from]ability: Magic Bounce\n|-unboost|p1a: Mandibuzz|evasion|1\n|-sideend|p1: LuCIIIAN_VeGA|Stealth Rock|[from] move: Defog|[of] p2a: Sableye\n|\n|-damage|p1a: Mandibuzz|57\/100 tox|[from] psn\n|upkeep\n|turn|22\n|\n|t:|1699843317\n|move|p2a: Sableye|Protect|p2a: Sableye\n|-singleturn|p2a: Sableye|Protect\n|move|p1a: Mandibuzz|Roost|p1a: Mandibuzz\n|-heal|p1a: Mandibuzz|100\/100 tox\n|-singleturn|p1a: Mandibuzz|move: Roost\n|\n|-damage|p1a: Mandibuzz|82\/100 tox|[from] psn\n|upkeep\n|turn|23\n|\n|t:|1699843328\n|switch|p1a: Dondozo|Dondozo, F|70\/100 slp\n|move|p2a: Sableye|Knock Off|p1a: Dondozo\n|-damage|p1a: Dondozo|58\/100 slp\n|\n|upkeep\n|turn|24\n|\n|t:|1699843337\n|switch|p1a: Mandibuzz|Mandibuzz, F|82\/100 tox\n|move|p2a: Sableye|Will-O-Wisp||[still]\n|-fail|p2a: Sableye\n|\n|-damage|p1a: Mandibuzz|76\/100 tox|[from] psn\n|upkeep\n|turn|25\n|\n|t:|1699843342\n|switch|p1a: Dondozo|Dondozo, F|58\/100 slp\n|move|p2a: Sableye|Knock Off|p1a: Dondozo\n|-damage|p1a: Dondozo|45\/100 slp\n|\n|upkeep\n|turn|26\n|\n|t:|1699843346\n|-curestatus|p1a: Dondozo|slp|[msg]\n|move|p1a: Dondozo|Rest|p1a: Dondozo\n|-status|p1a: Dondozo|slp|[from] move: Rest\n|-heal|p1a: Dondozo|100\/100 slp|[silent]\n|move|p2a: Sableye|Knock Off|p1a: Dondozo\n|-damage|p1a: Dondozo|89\/100 slp\n|\n|upkeep\n|turn|27\n|\n|t:|1699843349\n|switch|p2a: Chansey|Chansey, F|86\/100\n|cant|p1a: Dondozo|slp\n|move|p1a: Dondozo|Sleep Talk|p1a: Dondozo\n|move|p1a: Dondozo|Curse|p1a: Dondozo|[from]move: Sleep Talk\n|-unboost|p1a: Dondozo|spe|1\n|-boost|p1a: Dondozo|atk|1\n|-boost|p1a: Dondozo|def|1\n|\n|upkeep\n|turn|28\n|\n|t:|1699843352\n|switch|p2a: Slowbro|Slowbro-Mega, F|90\/100\n|cant|p1a: Dondozo|slp\n|move|p1a: Dondozo|Sleep Talk|p1a: Dondozo\n|move|p1a: Dondozo|Rest||[from]move: Sleep Talk|[still]\n|-fail|p1a: Dondozo\n|\n|upkeep\n|turn|29\n|\n|t:|1699843357\n|move|p2a: Slowbro|Future Sight|p1a: Dondozo\n|-start|p2a: Slowbro|move: Future Sight\n|-curestatus|p1a: Dondozo|slp|[msg]\n|move|p1a: Dondozo|Body Slam|p2a: Slowbro\n|-damage|p2a: Slowbro|78\/100\n|-damage|p1a: Dondozo|72\/100|[from] item: Rocky Helmet|[of] p2a: Slowbro\n|\n|upkeep\n|turn|30\n|\n|t:|1699843360\n|move|p2a: Slowbro|Scald|p1a: Dondozo\n|-resisted|p1a: Dondozo\n|-damage|p1a: Dondozo|61\/100\n|-status|p1a: Dondozo|brn\n|move|p1a: Dondozo|Curse|p1a: Dondozo\n|-unboost|p1a: Dondozo|spe|1\n|-boost|p1a: Dondozo|atk|1\n|-boost|p1a: Dondozo|def|1\n|\n|-damage|p1a: Dondozo|55\/100 brn|[from] brn\n|upkeep\n|turn|31\n|j| tttttynobuts\n|c|\u2606knexhawk2|....\n|c|\u2606knexhawk2|body slam\n|\n|t:|1699843369\n|move|p2a: Slowbro|Slack Off|p2a: Slowbro\n|-heal|p2a: Slowbro|100\/100\n|move|p1a: Dondozo|Rest|p1a: Dondozo\n|-status|p1a: Dondozo|slp|[from] move: Rest\n|-heal|p1a: Dondozo|100\/100 slp|[silent]\n|\n|-end|p1a: Dondozo|move: Future Sight\n|-damage|p1a: Dondozo|65\/100 slp\n|upkeep\n|turn|32\n|l| tttttynobuts\n|j|+goldtodd1\n|\n|t:|1699843387\n|move|p2a: Slowbro|Future Sight|p1a: Dondozo\n|-start|p2a: Slowbro|move: Future Sight\n|cant|p1a: Dondozo|slp\n|\n|upkeep\n|turn|33\n|\n|t:|1699843395\n|switch|p2a: Sableye|Sableye-Mega, M|100\/100\n|cant|p1a: Dondozo|slp\n|\n|upkeep\n|turn|34\n|\n|t:|1699843401\n|switch|p1a: Mandibuzz|Mandibuzz, F|76\/100 tox\n|move|p2a: Sableye|Knock Off|p1a: Mandibuzz\n|-resisted|p1a: Mandibuzz\n|-damage|p1a: Mandibuzz|65\/100 tox\n|-damage|p2a: Sableye|84\/100|[from] item: Rocky Helmet|[of] p1a: Mandibuzz\n|-enditem|p1a: Mandibuzz|Rocky Helmet|[from] move: Knock Off|[of] p2a: Sableye\n|\n|-end|p1a: Mandibuzz|move: Future Sight\n|-immune|p1a: Mandibuzz\n|-heal|p2a: Sableye|90\/100|[from] item: Leftovers\n|-damage|p1a: Mandibuzz|59\/100 tox|[from] psn\n|upkeep\n|turn|35\n|\n|t:|1699843412\n|move|p1a: Mandibuzz|Roost|p1a: Mandibuzz\n|-heal|p1a: Mandibuzz|100\/100 tox\n|-singleturn|p1a: Mandibuzz|move: Roost\n|move|p2a: Sableye|Knock Off|p1a: Mandibuzz\n|-resisted|p1a: Mandibuzz\n|-damage|p1a: Mandibuzz|93\/100 tox\n|\n|-heal|p2a: Sableye|97\/100|[from] item: Leftovers\n|-damage|p1a: Mandibuzz|81\/100 tox|[from] psn\n|upkeep\n|turn|36\n|c|+goldtodd1|ultimate stall\n|j| tttttynobuts\n|\n|t:|1699843439\n|switch|p1a: Dondozo|Dondozo, F|65\/100 slp\n|move|p2a: Sableye|Knock Off|p1a: Dondozo\n|-damage|p1a: Dondozo|54\/100 slp\n|\n|-heal|p2a: Sableye|100\/100|[from] item: Leftovers\n|upkeep\n|turn|37\n|\n|t:|1699843445\n|-curestatus|p1a: Dondozo|slp|[msg]\n|move|p1a: Dondozo|Curse|p1a: Dondozo\n|-unboost|p1a: Dondozo|spe|1\n|-boost|p1a: Dondozo|atk|1\n|-boost|p1a: Dondozo|def|1\n|move|p2a: Sableye|Knock Off|p1a: Dondozo\n|-damage|p1a: Dondozo|46\/100\n|\n|upkeep\n|turn|38\n|\n|t:|1699843450\n|move|p2a: Sableye|Will-O-Wisp|p1a: Dondozo\n|-status|p1a: Dondozo|brn\n|move|p1a: Dondozo|Body Slam|p2a: Sableye\n|-immune|p2a: Sableye\n|\n|-damage|p1a: Dondozo|40\/100 brn|[from] brn\n|upkeep\n|turn|39\n|\n|t:|1699843452\n|switch|p2a: Chansey|Chansey, F|86\/100\n|move|p1a: Dondozo|Rest|p1a: Dondozo\n|-status|p1a: Dondozo|slp|[from] move: Rest\n|-heal|p1a: Dondozo|100\/100 slp|[silent]\n|\n|upkeep\n|turn|40\n|\n|t:|1699843454\n|move|p2a: Chansey|Stealth Rock|p1a: Dondozo\n|-sidestart|p1: LuCIIIAN_VeGA|move: Stealth Rock\n|cant|p1a: Dondozo|slp\n|move|p1a: Dondozo|Sleep Talk|p1a: Dondozo\n|move|p1a: Dondozo|Curse|p1a: Dondozo|[from]move: Sleep Talk\n|-unboost|p1a: Dondozo|spe|1\n|-boost|p1a: Dondozo|atk|1\n|-boost|p1a: Dondozo|def|1\n|\n|upkeep\n|turn|41\n|\n|t:|1699843462\n|switch|p2a: Slowbro|Slowbro-Mega, F|100\/100\n|cant|p1a: Dondozo|slp\n|move|p1a: Dondozo|Sleep Talk|p1a: Dondozo\n|move|p1a: Dondozo|Curse|p1a: Dondozo|[from]move: Sleep Talk\n|-unboost|p1a: Dondozo|spe|1\n|-boost|p1a: Dondozo|atk|1\n|-boost|p1a: Dondozo|def|1\n|\n|upkeep\n|turn|42\n|\n|t:|1699843465\n|move|p2a: Slowbro|Future Sight|p1a: Dondozo\n|-start|p2a: Slowbro|move: Future Sight\n|-curestatus|p1a: Dondozo|slp|[msg]\n|move|p1a: Dondozo|Body Slam|p2a: Slowbro\n|-damage|p2a: Slowbro|82\/100\n|-damage|p1a: Dondozo|84\/100|[from] item: Rocky Helmet|[of] p2a: Slowbro\n|\n|upkeep\n|turn|43\n|c|\u2606knexhawk2|+3 damage\n|c|\u2606knexhawk2|right there\n|l| tttttynobuts\n|\n|t:|1699843477\n|move|p2a: Slowbro|Scald|p1a: Dondozo\n|-resisted|p1a: Dondozo\n|-damage|p1a: Dondozo|73\/100\n|move|p1a: Dondozo|Body Slam|p2a: Slowbro\n|-damage|p2a: Slowbro|63\/100\n|-damage|p1a: Dondozo|56\/100|[from] item: Rocky Helmet|[of] p2a: Slowbro\n|\n|upkeep\n|turn|44\n|\n|t:|1699843480\n|move|p2a: Slowbro|Scald|p1a: Dondozo\n|-resisted|p1a: Dondozo\n|-damage|p1a: Dondozo|45\/100\n|move|p1a: Dondozo|Rest|p1a: Dondozo\n|-status|p1a: Dondozo|slp|[from] move: Rest\n|-heal|p1a: Dondozo|100\/100 slp|[silent]\n|\n|-end|p1a: Dondozo|move: Future Sight\n|-damage|p1a: Dondozo|69\/100 slp\n|upkeep\n|turn|45\n|\n|t:|1699843494\n|move|p2a: Slowbro|Future Sight|p1a: Dondozo\n|-start|p2a: Slowbro|move: Future Sight\n|cant|p1a: Dondozo|slp\n|\n|upkeep\n|turn|46\n|\n|t:|1699843502\n|move|p2a: Slowbro|Scald|p1a: Dondozo\n|-resisted|p1a: Dondozo\n|-damage|p1a: Dondozo|58\/100 slp\n|cant|p1a: Dondozo|slp\n|\n|upkeep\n|turn|47\n|\n|t:|1699843506\n|move|p2a: Slowbro|Slack Off|p2a: Slowbro\n|-heal|p2a: Slowbro|100\/100\n|-curestatus|p1a: Dondozo|slp|[msg]\n|move|p1a: Dondozo|Rest|p1a: Dondozo\n|-status|p1a: Dondozo|slp|[from] move: Rest\n|-heal|p1a: Dondozo|100\/100 slp|[silent]\n|\n|-end|p1a: Dondozo|move: Future Sight\n|-damage|p1a: Dondozo|65\/100 slp\n|upkeep\n|turn|48\n|\n|t:|1699843510\n|move|p2a: Slowbro|Future Sight|p1a: Dondozo\n|-start|p2a: Slowbro|move: Future Sight\n|cant|p1a: Dondozo|slp\n|\n|upkeep\n|turn|49\n|\n|t:|1699843513\n|switch|p2a: Sableye|Sableye-Mega, M|100\/100\n|cant|p1a: Dondozo|slp\n|\n|upkeep\n|turn|50\n|\n|t:|1699843519\n|switch|p1a: Mandibuzz|Mandibuzz, F|81\/100 tox\n|-damage|p1a: Mandibuzz|56\/100 tox|[from] Stealth Rock\n|move|p2a: Sableye|Knock Off|p1a: Mandibuzz\n|-resisted|p1a: Mandibuzz\n|-damage|p1a: Mandibuzz|48\/100 tox\n|\n|-end|p1a: Mandibuzz|move: Future Sight\n|-immune|p1a: Mandibuzz\n|-damage|p1a: Mandibuzz|42\/100 tox|[from] psn\n|upkeep\n|turn|51\n|\n|t:|1699843523\n|move|p1a: Mandibuzz|Defog|p2a: Sableye\n|move|p2a: Sableye|Defog|p1a: Mandibuzz|[from]ability: Magic Bounce\n|-unboost|p1a: Mandibuzz|evasion|1\n|-sideend|p1: LuCIIIAN_VeGA|Stealth Rock|[from] move: Defog|[of] p2a: Sableye\n|move|p2a: Sableye|Knock Off|p1a: Mandibuzz\n|-resisted|p1a: Mandibuzz\n|-damage|p1a: Mandibuzz|35\/100 tox\n|\n|-damage|p1a: Mandibuzz|22\/100 tox|[from] psn\n|upkeep\n|turn|52\n|\n|t:|1699843525\n|move|p1a: Mandibuzz|Roost|p1a: Mandibuzz\n|-heal|p1a: Mandibuzz|72\/100 tox\n|-singleturn|p1a: Mandibuzz|move: Roost\n|move|p2a: Sableye|Knock Off|p1a: Mandibuzz\n|-resisted|p1a: Mandibuzz\n|-damage|p1a: Mandibuzz|65\/100 tox\n|\n|-damage|p1a: Mandibuzz|46\/100 tox|[from] psn\n|upkeep\n|turn|53\n|\n|t:|1699843529\n|move|p1a: Mandibuzz|Roost|p1a: Mandibuzz\n|-heal|p1a: Mandibuzz|96\/100 tox\n|-singleturn|p1a: Mandibuzz|move: Roost\n|move|p2a: Sableye|Knock Off|p1a: Mandibuzz\n|-resisted|p1a: Mandibuzz\n|-damage|p1a: Mandibuzz|89\/100 tox\n|\n|-damage|p1a: Mandibuzz|65\/100 tox|[from] psn\n|upkeep\n|turn|54\n|j| tttttynobuts\n|\n|t:|1699843536\n|switch|p1a: Hippowdon|Hippowdon, F|100\/100\n|-weather|Sandstorm|[from] ability: Sand Stream|[of] p1a: Hippowdon\n|move|p2a: Sableye|Protect||[still]\n|-fail|p2a: Sableye\n|\n|-weather|Sandstorm|[upkeep]\n|-damage|p2a: Sableye|94\/100|[from] Sandstorm\n|-heal|p2a: Sableye|100\/100|[from] item: Leftovers\n|upkeep\n|turn|55\n|\n|t:|1699843539\n|switch|p1a: Charizard|Charizard, M, shiny|60\/100\n|move|p2a: Sableye|Will-O-Wisp|p1a: Charizard\n|-immune|p1a: Charizard\n|\n|-weather|Sandstorm|[upkeep]\n|-damage|p1a: Charizard|54\/100|[from] Sandstorm\n|-damage|p2a: Sableye|94\/100|[from] Sandstorm\n|-heal|p2a: Sableye|100\/100|[from] item: Leftovers\n|upkeep\n|turn|56\n|\n|t:|1699843545\n|switch|p2a: Altaria|Altaria-Mega, M|100\/100\n|move|p1a: Charizard|Fire Blast|p2a: Altaria|[miss]\n|-miss|p1a: Charizard|p2a: Altaria\n|\n|-weather|Sandstorm|[upkeep]\n|-damage|p1a: Charizard|48\/100|[from] Sandstorm\n|-damage|p2a: Altaria|94\/100|[from] Sandstorm\n|-heal|p2a: Altaria|100\/100|[from] item: Leftovers\n|upkeep\n|turn|57\n|\n|t:|1699843553\n|switch|p1a: Hippowdon|Hippowdon, F|100\/100\n|move|p2a: Altaria|Hyper Voice|p1a: Hippowdon\n|-damage|p1a: Hippowdon|60\/100\n|\n|-weather|Sandstorm|[upkeep]\n|-damage|p2a: Altaria|94\/100|[from] Sandstorm\n|-heal|p2a: Altaria|100\/100|[from] item: Leftovers\n|-heal|p1a: Hippowdon|66\/100|[from] item: Leftovers\n|upkeep\n|turn|58\n|\n|t:|1699843561\n|switch|p2a: Sableye|Sableye-Mega, M|100\/100\n|switch|p1a: Iron Treads|Iron Treads|64\/100\n|\n|-weather|none\n|upkeep\n|turn|59\n|\n|t:|1699843571\n|-end|p1a: Iron Treads|Quark Drive|[silent]\n|switch|p1a: Charizard|Charizard, M, shiny|48\/100\n|move|p2a: Sableye|Will-O-Wisp|p1a: Charizard\n|-immune|p1a: Charizard\n|\n|upkeep\n|turn|60\n|j|+Lucario\u20221582\n|\n|t:|1699843584\n|switch|p2a: Chansey|Chansey, F|86\/100\n|move|p1a: Charizard|Fire Blast|p2a: Chansey\n|-damage|p2a: Chansey|72\/100\n|\n|upkeep\n|turn|61\n|l|+Lucario\u20221582\n|\n|t:|1699843609\n|switch|p1a: Toxicroak|Toxicroak, M, shiny|100\/100\n|move|p2a: Chansey|Stealth Rock|p1a: Toxicroak\n|-sidestart|p1: LuCIIIAN_VeGA|move: Stealth Rock\n|\n|upkeep\n|turn|62\n|\n|t:|1699843612\n|switch|p2a: Sableye|Sableye-Mega, M|100\/100\n|move|p1a: Toxicroak|Swords Dance|p1a: Toxicroak\n|-boost|p1a: Toxicroak|atk|2\n|\n|upkeep\n|turn|63\n|\n|t:|1699843618\n|move|p1a: Toxicroak|Swords Dance|p1a: Toxicroak\n|-boost|p1a: Toxicroak|atk|2\n|move|p2a: Sableye|Will-O-Wisp|p1a: Toxicroak\n|-status|p1a: Toxicroak|brn\n|\n|-damage|p1a: Toxicroak|94\/100 brn|[from] brn\n|upkeep\n|turn|64\n|\n|t:|1699843623\n|switch|p2a: Toxapex|Toxapex, F|100\/100\n|move|p1a: Toxicroak|Swords Dance|p1a: Toxicroak\n|-boost|p1a: Toxicroak|atk|2\n|\n|-damage|p1a: Toxicroak|88\/100 brn|[from] brn\n|upkeep\n|turn|65\n|\n|t:|1699843626\n|move|p1a: Toxicroak|Gunk Shot|p2a: Toxapex|[miss]\n|-miss|p1a: Toxicroak|p2a: Toxapex\n|move|p2a: Toxapex|Haze|p2a: Toxapex\n|-clearallboost\n|\n|-damage|p1a: Toxicroak|82\/100 brn|[from] brn\n|upkeep\n|turn|66\n|-message|LuCIIIAN_VeGA forfeited.\n|\n|win|knexhawk2\n|n|\u2606LuCIIIAN_VeGA|luciiianvega\n|n|\u2606knexhawk2|knexhawk2\n|n| Shucklepilled|shucklepilled\n|n| htcl|htcl\n|n| Bad Players|badplayers\n|n|+goldtodd1|goldtodd1\n|n| tttttynobuts|tttttynobuts\n|l|\u2606LuCIIIAN_VeGA\n|l| htcl\n|c|\u2606knexhawk2|gg\n","uploadtime":1699843639,"views":28,"p1id":"luciiianvega","p2id":"knexhawk2","formatid":"gen9ou","rating":0,"private":0,"password":""}