{"id":"gen9ou-1991479427","p1":"Kait_fox","p2":"ratatta17","format":"[Gen 9] OU","log":"|j|\u2606Kait_fox\n|j|\u2606ratatta17\n|t:|1700080731\n|gametype|singles\n|player|p1|Kait_fox|falkner|1320\n|player|p2|ratatta17|265|1421\n|teamsize|p1|6\n|teamsize|p2|6\n|gen|9\n|tier|[Gen 9] OU\n|rated|\n|rule|Sleep Clause Mod: Limit one foe put to sleep\n|rule|Species Clause: Limit one of each Pok\u00e9mon\n|rule|OHKO Clause: OHKO moves are banned\n|rule|Evasion Items Clause: Evasion items are banned\n|rule|Evasion Moves Clause: Evasion moves are banned\n|rule|Endless Battle Clause: Forcing endless battles is banned\n|rule|HP Percentage Mod: HP is shown in percentages\n|clearpoke\n|poke|p1|Cinderace, F|\n|poke|p1|Slowking-Galar, F|\n|poke|p1|Rillaboom, F|\n|poke|p1|Enamorus, F|\n|poke|p1|Kingambit, F|\n|poke|p1|Landorus-Therian, M|\n|poke|p2|Azumarill, F|\n|poke|p2|Staraptor, F|\n|poke|p2|Toedscruel, F|\n|poke|p2|Skeledirge, M|\n|poke|p2|Ninetales-Alola, F|\n|poke|p2|Iron Valiant|\n|teampreview\n|inactive|Battle timer is ON: inactive players will automatically lose when time's up. (requested by Kait_fox)\n|j| STONERKITTY\n|\n|t:|1700080744\n|start\n|switch|p1a: Landorus|Landorus-Therian, M|100\/100\n|switch|p2a: Staraptor|Staraptor, F|100\/100\n|-ability|p2a: Staraptor|Intimidate|boost\n|-unboost|p1a: Landorus|atk|1\n|-ability|p1a: Landorus|Intimidate|boost\n|-unboost|p2a: Staraptor|atk|1\n|turn|1\n|\n|t:|1700080751\n|move|p2a: Staraptor|Final Gambit|p1a: Landorus\n|-damage|p1a: Landorus|3\/100\n|faint|p2a: Staraptor\n|move|p1a: Landorus|Stealth Rock|p2: Staraptor\n|-sidestart|p2: ratatta17|move: Stealth Rock\n|\n|upkeep\n|l| STONERKITTY\n|\n|t:|1700080757\n|switch|p2a: Ninetales|Ninetales-Alola, F|100\/100\n|-damage|p2a: Ninetales|76\/100|[from] Stealth Rock\n|-weather|Snow|[from] ability: Snow Warning|[of] p2a: Ninetales\n|turn|2\n|\n|t:|1700080764\n|move|p2a: Ninetales|Ice Shard|p1a: Landorus\n|-supereffective|p1a: Landorus\n|-damage|p1a: Landorus|0 fnt\n|faint|p1a: Landorus\n|\n|-weather|Snow|[upkeep]\n|upkeep\n|\n|t:|1700080768\n|switch|p1a: Cinderace|Cinderace, F|100\/100\n|turn|3\n|\n|t:|1700080771\n|move|p1a: Cinderace|Pyro Ball|p2a: Ninetales\n|-supereffective|p2a: Ninetales\n|-crit|p2a: Ninetales\n|-damage|p2a: Ninetales|0 fnt\n|faint|p2a: Ninetales\n|\n|-weather|Snow|[upkeep]\n|upkeep\n|\n|t:|1700080775\n|switch|p2a: Toedscruel|Toedscruel, F|100\/100\n|-damage|p2a: Toedscruel|94\/100|[from] Stealth Rock\n|turn|4\n|\n|t:|1700080780\n|move|p1a: Cinderace|U-turn|p2a: Toedscruel\n|-supereffective|p2a: Toedscruel\n|-damage|p2a: Toedscruel|63\/100\n|\n|t:|1700080785\n|switch|p1a: Rillaboom|Rillaboom, F|100\/100|[from] U-turn\n|-fieldstart|move: Grassy Terrain|[from] ability: Grassy Surge|[of] p1a: Rillaboom\n|move|p2a: Toedscruel|Rapid Spin|p1a: Rillaboom\n|-damage|p1a: Rillaboom|91\/100\n|-boost|p2a: Toedscruel|spe|1\n|-sideend|p2: ratatta17|Stealth Rock|[from] move: Rapid Spin|[of] p2a: Toedscruel\n|\n|-weather|Snow|[upkeep]\n|-heal|p2a: Toedscruel|69\/100|[from] Grassy Terrain\n|-heal|p2a: Toedscruel|75\/100|[from] item: Leftovers\n|-heal|p1a: Rillaboom|97\/100|[from] Grassy Terrain\n|upkeep\n|turn|5\n|\n|t:|1700080807\n|move|p2a: Toedscruel|Knock Off|p1a: Rillaboom\n|-damage|p1a: Rillaboom|79\/100\n|-enditem|p1a: Rillaboom|Choice Band|[from] move: Knock Off|[of] p2a: Toedscruel\n|move|p1a: Rillaboom|Knock Off|p2a: Toedscruel\n|-damage|p2a: Toedscruel|44\/100\n|-enditem|p2a: Toedscruel|Leftovers|[from] move: Knock Off|[of] p1a: Rillaboom\n|\n|-weather|Snow|[upkeep]\n|-heal|p2a: Toedscruel|50\/100|[from] Grassy Terrain\n|-heal|p1a: Rillaboom|85\/100|[from] Grassy Terrain\n|upkeep\n|turn|6\n|\n|t:|1700080822\n|move|p2a: Toedscruel|Knock Off|p1a: Rillaboom\n|-damage|p1a: Rillaboom|72\/100\n|move|p1a: Rillaboom|U-turn|p2a: Toedscruel\n|-supereffective|p2a: Toedscruel\n|-damage|p2a: Toedscruel|5\/100\n|\n|t:|1700080837\n|switch|p1a: Cinderace|Cinderace, F|100\/100|[from] U-turn\n|\n|-weather|none\n|-heal|p2a: Toedscruel|11\/100|[from] Grassy Terrain\n|upkeep\n|turn|7\n|\n|t:|1700080848\n|switch|p2a: Skeledirge|Skeledirge, M|100\/100\n|move|p1a: Cinderace|U-turn|p2a: Skeledirge\n|-resisted|p2a: Skeledirge\n|-damage|p2a: Skeledirge|96\/100\n|inactive|Kait_fox has 120 seconds left.\n|\n|t:|1700080864\n|switch|p1a: Slowking|Slowking-Galar, F|100\/100|[from] U-turn\n|\n|-heal|p2a: Skeledirge|100\/100|[from] Grassy Terrain\n|upkeep\n|turn|8\n|\n|t:|1700080870\n|move|p2a: Skeledirge|Will-O-Wisp|p1a: Slowking\n|-status|p1a: Slowking|brn\n|move|p1a: Slowking|Surf|p2a: Skeledirge\n|-supereffective|p2a: Skeledirge\n|-damage|p2a: Skeledirge|67\/100\n|\n|-heal|p2a: Skeledirge|73\/100|[from] Grassy Terrain\n|-heal|p2a: Skeledirge|79\/100|[from] item: Leftovers\n|-damage|p1a: Slowking|94\/100 brn|[from] brn\n|-fieldend|move: Grassy Terrain\n|upkeep\n|turn|9\n|\n|t:|1700080890\n|switch|p1a: Enamorus|Enamorus, F|100\/100\n|move|p2a: Skeledirge|Torch Song|p1a: Enamorus\n|-damage|p1a: Enamorus|61\/100\n|-boost|p2a: Skeledirge|spa|1\n|\n|-heal|p2a: Skeledirge|85\/100|[from] item: Leftovers\n|upkeep\n|turn|10\n|\n|t:|1700080894\n|switch|p2a: Toedscruel|Toedscruel, F|11\/100\n|move|p1a: Enamorus|Earth Power|p2a: Toedscruel\n|-resisted|p2a: Toedscruel\n|-damage|p2a: Toedscruel|0 fnt\n|faint|p2a: Toedscruel\n|\n|upkeep\n|\n|t:|1700080898\n|switch|p2a: Iron Valiant|Iron Valiant|100\/100\n|turn|11\n|\n|t:|1700080904\n|switch|p1a: Slowking|Slowking-Galar, F|100\/100 brn\n|move|p2a: Iron Valiant|Thunderbolt|p1a: Slowking\n|-damage|p1a: Slowking|67\/100 brn\n|-damage|p2a: Iron Valiant|91\/100|[from] item: Life Orb\n|\n|-damage|p1a: Slowking|61\/100 brn|[from] brn\n|upkeep\n|turn|12\n|\n|t:|1700080912\n|move|p2a: Iron Valiant|Knock Off|p1a: Slowking\n|-supereffective|p1a: Slowking\n|-damage|p1a: Slowking|11\/100 brn\n|-enditem|p1a: Slowking|Shuca Berry|[from] move: Knock Off|[of] p2a: Iron Valiant\n|-damage|p2a: Iron Valiant|81\/100|[from] item: Life Orb\n|move|p1a: Slowking|Future Sight|p2a: Iron Valiant\n|-start|p1a: Slowking|move: Future Sight\n|\n|-damage|p1a: Slowking|5\/100 brn|[from] brn\n|upkeep\n|turn|13\n|\n|t:|1700080926\n|move|p2a: Iron Valiant|Aura Sphere|p1a: Slowking\n|-resisted|p1a: Slowking\n|-damage|p1a: Slowking|0 fnt\n|faint|p1a: Slowking\n|-damage|p2a: Iron Valiant|71\/100|[from] item: Life Orb\n|\n|upkeep\n|\n|t:|1700080946\n|switch|p1a: Enamorus|Enamorus, F|61\/100\n|turn|14\n|\n|t:|1700080949\n|move|p1a: Enamorus|Moonblast|p2a: Iron Valiant\n|-supereffective|p2a: Iron Valiant\n|-damage|p2a: Iron Valiant|0 fnt\n|faint|p2a: Iron Valiant\n|-end|p2a: Iron Valiant|Quark Drive|[silent]\n|\n|-hint|Future Sight did not hit because the target is fainted.\n|upkeep\n|\n|t:|1700080953\n|switch|p2a: Skeledirge|Skeledirge, M|85\/100\n|turn|15\n|\n|t:|1700080960\n|switch|p1a: Cinderace|Cinderace, F|100\/100\n|move|p2a: Skeledirge|Torch Song|p1a: Cinderace\n|-resisted|p1a: Cinderace\n|-damage|p1a: Cinderace|83\/100\n|-boost|p2a: Skeledirge|spa|1\n|\n|-heal|p2a: Skeledirge|91\/100|[from] item: Leftovers\n|upkeep\n|turn|16\n|\n|t:|1700080964\n|move|p1a: Cinderace|Pyro Ball|p2a: Skeledirge\n|-resisted|p2a: Skeledirge\n|-damage|p2a: Skeledirge|71\/100\n|move|p2a: Skeledirge|Torch Song|p1a: Cinderace\n|-resisted|p1a: Cinderace\n|-damage|p1a: Cinderace|57\/100\n|-boost|p2a: Skeledirge|spa|1\n|\n|-heal|p2a: Skeledirge|77\/100|[from] item: Leftovers\n|upkeep\n|turn|17\n|\n|t:|1700080970\n|move|p1a: Cinderace|Pyro Ball|p2a: Skeledirge\n|-resisted|p2a: Skeledirge\n|-damage|p2a: Skeledirge|58\/100\n|move|p2a: Skeledirge|Torch Song|p1a: Cinderace\n|-resisted|p1a: Cinderace\n|-damage|p1a: Cinderace|21\/100\n|-boost|p2a: Skeledirge|spa|1\n|\n|-heal|p2a: Skeledirge|64\/100|[from] item: Leftovers\n|upkeep\n|turn|18\n|\n|t:|1700080973\n|move|p1a: Cinderace|Pyro Ball|p2a: Skeledirge\n|-resisted|p2a: Skeledirge\n|-damage|p2a: Skeledirge|36\/100\n|move|p2a: Skeledirge|Slack Off|p2a: Skeledirge\n|-heal|p2a: Skeledirge|86\/100\n|\n|-heal|p2a: Skeledirge|92\/100|[from] item: Leftovers\n|upkeep\n|turn|19\n|\n|t:|1700080977\n|move|p1a: Cinderace|Pyro Ball|p2a: Skeledirge\n|-resisted|p2a: Skeledirge\n|-damage|p2a: Skeledirge|63\/100\n|move|p2a: Skeledirge|Slack Off|p2a: Skeledirge\n|-heal|p2a: Skeledirge|100\/100\n|\n|upkeep\n|turn|20\n|\n|t:|1700080980\n|move|p1a: Cinderace|Pyro Ball|p2a: Skeledirge\n|-resisted|p2a: Skeledirge\n|-damage|p2a: Skeledirge|72\/100\n|move|p2a: Skeledirge|Slack Off|p2a: Skeledirge\n|-heal|p2a: Skeledirge|100\/100\n|\n|upkeep\n|turn|21\n|\n|t:|1700080984\n|move|p1a: Cinderace|Pyro Ball|p2a: Skeledirge\n|-resisted|p2a: Skeledirge\n|-damage|p2a: Skeledirge|70\/100\n|move|p2a: Skeledirge|Slack Off|p2a: Skeledirge\n|-heal|p2a: Skeledirge|100\/100\n|\n|upkeep\n|turn|22\n|\n|t:|1700080988\n|move|p1a: Cinderace|Pyro Ball|p2a: Skeledirge|[miss]\n|-miss|p1a: Cinderace|p2a: Skeledirge\n|move|p2a: Skeledirge|Torch Song|p1a: Cinderace\n|-resisted|p1a: Cinderace\n|-damage|p1a: Cinderace|0 fnt\n|-boost|p2a: Skeledirge|spa|1\n|faint|p1a: Cinderace\n|\n|upkeep\n|\n|t:|1700080994\n|switch|p1a: Rillaboom|Rillaboom, F|72\/100\n|-fieldstart|move: Grassy Terrain|[from] ability: Grassy Surge|[of] p1a: Rillaboom\n|turn|23\n|\n|t:|1700081016\n|move|p1a: Rillaboom|Knock Off|p2a: Skeledirge\n|-supereffective|p2a: Skeledirge\n|-damage|p2a: Skeledirge|39\/100\n|-enditem|p2a: Skeledirge|Leftovers|[from] move: Knock Off|[of] p1a: Rillaboom\n|move|p2a: Skeledirge|Will-O-Wisp|p1a: Rillaboom\n|-status|p1a: Rillaboom|brn\n|\n|-heal|p1a: Rillaboom|78\/100 brn|[from] Grassy Terrain\n|-heal|p2a: Skeledirge|45\/100|[from] Grassy Terrain\n|-damage|p1a: Rillaboom|72\/100 brn|[from] brn\n|upkeep\n|turn|24\n|\n|t:|1700081024\n|move|p1a: Rillaboom|Knock Off|p2a: Skeledirge\n|-supereffective|p2a: Skeledirge\n|-crit|p2a: Skeledirge\n|-damage|p2a: Skeledirge|13\/100\n|move|p2a: Skeledirge|Slack Off|p2a: Skeledirge\n|-heal|p2a: Skeledirge|63\/100\n|\n|-heal|p1a: Rillaboom|78\/100 brn|[from] Grassy Terrain\n|-heal|p2a: Skeledirge|69\/100|[from] Grassy Terrain\n|-damage|p1a: Rillaboom|72\/100 brn|[from] brn\n|upkeep\n|turn|25\n|\n|t:|1700081035\n|move|p1a: Rillaboom|Knock Off|p2a: Skeledirge\n|-supereffective|p2a: Skeledirge\n|-damage|p2a: Skeledirge|48\/100\n|move|p2a: Skeledirge|Torch Song|p1a: Rillaboom\n|-supereffective|p1a: Rillaboom\n|-damage|p1a: Rillaboom|0 fnt\n|-boost|p2a: Skeledirge|spa|1\n|faint|p1a: Rillaboom\n|\n|-heal|p2a: Skeledirge|54\/100|[from] Grassy Terrain\n|upkeep\n|\n|t:|1700081038\n|switch|p1a: Enamorus|Enamorus, F|61\/100\n|turn|26\n|\n|t:|1700081045\n|-terastallize|p2a: Skeledirge|Dragon\n|move|p1a: Enamorus|Earth Power|p2a: Skeledirge\n|-crit|p2a: Skeledirge\n|-damage|p2a: Skeledirge|20\/100\n|move|p2a: Skeledirge|Slack Off|p2a: Skeledirge\n|-heal|p2a: Skeledirge|70\/100\n|\n|-heal|p2a: Skeledirge|76\/100|[from] Grassy Terrain\n|upkeep\n|turn|27\n|\n|t:|1700081050\n|move|p1a: Enamorus|Earth Power|p2a: Skeledirge\n|-damage|p2a: Skeledirge|53\/100\n|move|p2a: Skeledirge|Slack Off|p2a: Skeledirge\n|-heal|p2a: Skeledirge|100\/100\n|\n|-fieldend|move: Grassy Terrain\n|upkeep\n|turn|28\n|\n|t:|1700081052\n|move|p1a: Enamorus|Earth Power|p2a: Skeledirge\n|-damage|p2a: Skeledirge|79\/100\n|move|p2a: Skeledirge|Torch Song|p1a: Enamorus\n|-damage|p1a: Enamorus|0 fnt\n|-boost|p2a: Skeledirge|spa|1\n|faint|p1a: Enamorus\n|\n|upkeep\n|\n|t:|1700081055\n|switch|p1a: Kingambit|Kingambit, F|100\/100\n|-activate|p1a: Kingambit|ability: Supreme Overlord\n|-start|p1a: Kingambit|fallen5|[silent]\n|turn|29\n|\n|t:|1700081058\n|-terastallize|p1a: Kingambit|Fairy\n|move|p2a: Skeledirge|Torch Song|p1a: Kingambit\n|-damage|p1a: Kingambit|0 fnt\n|faint|p1a: Kingambit\n|-end|p1a: Kingambit|fallen5|[silent]\n|\n|win|ratatta17\n|raw|Kait_fox's rating: 1320 &rarr; <strong>1306<\/strong><br \/>(-14 for losing)\n|raw|ratatta17's rating: 1421 &rarr; <strong>1435<\/strong><br \/>(+14 for winning)\n|l|\u2606Kait_fox\n","uploadtime":1700081094,"views":14,"p1id":"kaitfox","p2id":"ratatta17","formatid":"gen9ou","rating":1306,"private":0,"password":""}