{"id":"gen9ou-1992587056","p1":"vico25","p2":"bebizz","format":"[Gen 9] OU","log":"|j|\u2606vico25\n|j|\u2606bebizz\n|t:|1700210506\n|gametype|singles\n|player|p1|vico25|falkner|1395\n|player|p2|bebizz|101|1430\n|teamsize|p1|6\n|teamsize|p2|6\n|gen|9\n|tier|[Gen 9] OU\n|rated|\n|rule|Sleep Clause Mod: Limit one foe put to sleep\n|rule|Species Clause: Limit one of each Pok\u00e9mon\n|rule|OHKO Clause: OHKO moves are banned\n|rule|Evasion Items Clause: Evasion items are banned\n|rule|Evasion Moves Clause: Evasion moves are banned\n|rule|Endless Battle Clause: Forcing endless battles is banned\n|rule|HP Percentage Mod: HP is shown in percentages\n|clearpoke\n|poke|p1|Clefable, M|\n|poke|p1|Great Tusk|\n|poke|p1|Samurott-Hisui, F|\n|poke|p1|Iron Valiant|\n|poke|p1|Kingambit, F|\n|poke|p1|Dragapult, F|\n|poke|p2|Kingambit, M|\n|poke|p2|Cetitan, F|\n|poke|p2|Dragapult, F|\n|poke|p2|Garganacl, F|\n|poke|p2|Rillaboom, M|\n|poke|p2|Zamazenta-*|\n|teampreview\n|inactive|Battle timer is ON: inactive players will automatically lose when time's up. (requested by bebizz)\n|\n|t:|1700210522\n|start\n|switch|p1a: Samurott|Samurott-Hisui, F|100\/100\n|switch|p2a: Zamazenta|Zamazenta|100\/100\n|-ability|p2a: Zamazenta|Dauntless Shield|boost\n|-boost|p2a: Zamazenta|def|1\n|turn|1\n|\n|t:|1700210526\n|switch|p1a: Clefable|Clefable, M|100\/100\n|move|p2a: Zamazenta|Iron Defense|p2a: Zamazenta\n|-boost|p2a: Zamazenta|def|2\n|\n|upkeep\n|turn|2\n|\n|t:|1700210531\n|move|p2a: Zamazenta|Body Press|p1a: Clefable\n|-resisted|p1a: Clefable\n|-damage|p1a: Clefable|61\/100\n|move|p1a: Clefable|Thunder Wave|p2a: Zamazenta\n|-status|p2a: Zamazenta|par\n|\n|-heal|p1a: Clefable|67\/100|[from] item: Leftovers\n|upkeep\n|turn|3\n|\n|t:|1700210544\n|switch|p2a: Rillaboom|Rillaboom, M|100\/100\n|-fieldstart|move: Grassy Terrain|[from] ability: Grassy Surge|[of] p2a: Rillaboom\n|move|p1a: Clefable|Moonlight|p1a: Clefable\n|-heal|p1a: Clefable|100\/100\n|\n|upkeep\n|turn|4\n|\n|t:|1700210554\n|move|p2a: Rillaboom|Wood Hammer|p1a: Clefable\n|-damage|p1a: Clefable|10\/100\n|-damage|p2a: Rillaboom|71\/100|[from] Recoil\n|move|p1a: Clefable|Thunder Wave|p2a: Rillaboom\n|-status|p2a: Rillaboom|par\n|\n|-heal|p1a: Clefable|16\/100|[from] Grassy Terrain\n|-heal|p1a: Clefable|22\/100|[from] item: Leftovers\n|-heal|p2a: Rillaboom|77\/100 par|[from] Grassy Terrain\n|upkeep\n|turn|5\n|inactive|vico25 has 120 seconds left.\n|\n|t:|1700210588\n|switch|p1a: Dragapult|Dragapult, F|100\/100\n|move|p2a: Rillaboom|Wood Hammer|p1a: Dragapult\n|-resisted|p1a: Dragapult\n|-damage|p1a: Dragapult|0 fnt\n|faint|p1a: Dragapult\n|-damage|p2a: Rillaboom|51\/100 par|[from] Recoil\n|\n|-heal|p2a: Rillaboom|58\/100 par|[from] Grassy Terrain\n|upkeep\n|inactive|vico25 has 120 seconds left.\n|\n|t:|1700210602\n|switch|p1a: Samurott|Samurott-Hisui, F|100\/100\n|turn|6\n|\n|t:|1700210606\n|move|p1a: Samurott|Ceaseless Edge|p2a: Rillaboom\n|-damage|p2a: Rillaboom|1\/100 par\n|-sidestart|p2: bebizz|Spikes\n|move|p2a: Rillaboom|Wood Hammer|p1a: Samurott\n|-supereffective|p1a: Samurott\n|-damage|p1a: Samurott|0 fnt\n|faint|p1a: Samurott\n|-damage|p2a: Rillaboom|0 fnt|[from] Recoil\n|faint|p2a: Rillaboom\n|\n|upkeep\n|inactive|vico25 has 120 seconds left.\n|\n|t:|1700210643\n|switch|p1a: Great Tusk|Great Tusk|100\/100\n|switch|p2a: Kingambit|Kingambit, M|100\/100\n|-damage|p2a: Kingambit|88\/100|[from] Spikes\n|-activate|p2a: Kingambit|ability: Supreme Overlord\n|-start|p2a: Kingambit|fallen1|[silent]\n|turn|7\n|\n|t:|1700210658\n|-end|p2a: Kingambit|fallen1|[silent]\n|switch|p2a: Garganacl|Garganacl, F|100\/100\n|-damage|p2a: Garganacl|88\/100|[from] Spikes\n|move|p1a: Great Tusk|Stealth Rock|p2a: Garganacl\n|-sidestart|p2: bebizz|move: Stealth Rock\n|\n|-heal|p2a: Garganacl|94\/100|[from] Grassy Terrain\n|-fieldend|move: Grassy Terrain\n|upkeep\n|turn|8\n|\n|t:|1700210663\n|move|p1a: Great Tusk|Knock Off|p2a: Garganacl\n|-damage|p2a: Garganacl|80\/100\n|-damage|p1a: Great Tusk|84\/100|[from] item: Rocky Helmet|[of] p2a: Garganacl\n|-enditem|p2a: Garganacl|Rocky Helmet|[from] move: Knock Off|[of] p1a: Great Tusk\n|move|p2a: Garganacl|Iron Defense|p2a: Garganacl\n|-boost|p2a: Garganacl|def|2\n|\n|-heal|p1a: Great Tusk|90\/100|[from] item: Leftovers\n|upkeep\n|turn|9\n|inactive|vico25 has 120 seconds left.\n|\n|t:|1700210673\n|-end|p1a: Great Tusk|Protosynthesis|[silent]\n|switch|p1a: Clefable|Clefable, M|22\/100\n|move|p2a: Garganacl|Salt Cure|p1a: Clefable\n|-damage|p1a: Clefable|12\/100\n|-start|p1a: Clefable|Salt Cure\n|\n|-heal|p1a: Clefable|18\/100|[from] item: Leftovers\n|upkeep\n|turn|10\n|\n|t:|1700210686\n|switch|p2a: Kingambit|Kingambit, M|88\/100\n|-damage|p2a: Kingambit|76\/100|[from] Spikes\n|-damage|p2a: Kingambit|70\/100|[from] Stealth Rock\n|-activate|p2a: Kingambit|ability: Supreme Overlord\n|-start|p2a: Kingambit|fallen1|[silent]\n|move|p1a: Clefable|Moonlight|p1a: Clefable\n|-heal|p1a: Clefable|68\/100\n|\n|-heal|p1a: Clefable|74\/100|[from] item: Leftovers\n|upkeep\n|turn|11\n|\n|t:|1700210692\n|switch|p1a: Great Tusk|Great Tusk|90\/100\n|move|p2a: Kingambit|Iron Head|p1a: Great Tusk\n|-damage|p1a: Great Tusk|60\/100\n|-damage|p2a: Kingambit|60\/100|[from] item: Life Orb\n|\n|-heal|p1a: Great Tusk|67\/100|[from] item: Leftovers\n|upkeep\n|turn|12\n|\n|t:|1700210704\n|move|p1a: Great Tusk|Earthquake|p2a: Kingambit\n|-supereffective|p2a: Kingambit\n|-damage|p2a: Kingambit|2\/100\n|move|p2a: Kingambit|Iron Head|p1a: Great Tusk\n|-damage|p1a: Great Tusk|34\/100\n|-damage|p2a: Kingambit|0 fnt|[from] item: Life Orb\n|faint|p2a: Kingambit\n|-end|p2a: Kingambit|fallen1|[silent]\n|\n|-heal|p1a: Great Tusk|40\/100|[from] item: Leftovers\n|upkeep\n|\n|t:|1700210717\n|switch|p2a: Dragapult|Dragapult, F|100\/100\n|-damage|p2a: Dragapult|88\/100|[from] Spikes\n|-damage|p2a: Dragapult|76\/100|[from] Stealth Rock\n|turn|13\n|\n|t:|1700210723\n|-end|p1a: Great Tusk|Protosynthesis|[silent]\n|switch|p1a: Clefable|Clefable, M|74\/100\n|move|p2a: Dragapult|Hex|p1a: Clefable\n|-damage|p1a: Clefable|44\/100\n|\n|-heal|p1a: Clefable|50\/100|[from] item: Leftovers\n|upkeep\n|turn|14\n|\n|t:|1700210735\n|move|p2a: Dragapult|Will-O-Wisp|p1a: Clefable\n|-status|p1a: Clefable|brn\n|move|p1a: Clefable|Moonlight|p1a: Clefable\n|-heal|p1a: Clefable|99\/100 brn\n|\n|-heal|p1a: Clefable|100\/100 brn|[from] item: Leftovers\n|upkeep\n|turn|15\n|\n|t:|1700210740\n|move|p2a: Dragapult|Hex|p1a: Clefable\n|-damage|p1a: Clefable|42\/100 brn\n|move|p1a: Clefable|Moonblast|p2a: Dragapult\n|-supereffective|p2a: Dragapult\n|-damage|p2a: Dragapult|0 fnt\n|faint|p2a: Dragapult\n|\n|-heal|p1a: Clefable|48\/100 brn|[from] item: Leftovers\n|upkeep\n|\n|t:|1700210744\n|switch|p2a: Cetitan|Cetitan, F|100\/100\n|-damage|p2a: Cetitan|88\/100|[from] Spikes\n|-damage|p2a: Cetitan|63\/100|[from] Stealth Rock\n|turn|16\n|\n|t:|1700210767\n|move|p2a: Cetitan|Belly Drum|p2a: Cetitan\n|-damage|p2a: Cetitan|13\/100\n|-setboost|p2a: Cetitan|atk|6|[from] move: Belly Drum\n|-enditem|p2a: Cetitan|Sitrus Berry|[eat]\n|-heal|p2a: Cetitan|38\/100|[from] item: Sitrus Berry\n|move|p1a: Clefable|Thunder Wave|p2a: Cetitan\n|-status|p2a: Cetitan|par\n|\n|-heal|p1a: Clefable|54\/100 brn|[from] item: Leftovers\n|upkeep\n|turn|17\n|\n|t:|1700210777\n|move|p2a: Cetitan|Ice Shard|p1a: Clefable\n|-damage|p1a: Clefable|0 fnt\n|faint|p1a: Clefable\n|\n|upkeep\n|\n|t:|1700210780\n|switch|p1a: Kingambit|Kingambit, F|100\/100\n|-activate|p1a: Kingambit|ability: Supreme Overlord\n|-start|p1a: Kingambit|fallen3|[silent]\n|turn|18\n|\n|t:|1700210796\n|move|p1a: Kingambit|Sucker Punch|p2a: Cetitan\n|-damage|p2a: Cetitan|0 fnt\n|faint|p2a: Cetitan\n|\n|upkeep\n|\n|t:|1700210807\n|switch|p2a: Garganacl|Garganacl, F|80\/100\n|-damage|p2a: Garganacl|68\/100|[from] Spikes\n|-damage|p2a: Garganacl|56\/100|[from] Stealth Rock\n|turn|19\n|\n|t:|1700210822\n|move|p1a: Kingambit|Iron Head|p2a: Garganacl\n|-supereffective|p2a: Garganacl\n|-damage|p2a: Garganacl|0 fnt\n|faint|p2a: Garganacl\n|\n|upkeep\n|\n|t:|1700210824\n|switch|p2a: Zamazenta|Zamazenta|100\/100 par\n|-damage|p2a: Zamazenta|88\/100 par|[from] Spikes\n|-damage|p2a: Zamazenta|82\/100 par|[from] Stealth Rock\n|turn|20\n|\n|t:|1700210833\n|-terastallize|p2a: Zamazenta|Fighting\n|move|p2a: Zamazenta|Body Press|p1a: Kingambit\n|-supereffective|p1a: Kingambit\n|-damage|p1a: Kingambit|0 fnt\n|faint|p1a: Kingambit\n|-end|p1a: Kingambit|fallen3|[silent]\n|\n|-heal|p2a: Zamazenta|88\/100 par|[from] item: Leftovers\n|upkeep\n|\n|t:|1700210838\n|switch|p1a: Iron Valiant|Iron Valiant|100\/100\n|-enditem|p1a: Iron Valiant|Booster Energy\n|-activate|p1a: Iron Valiant|ability: Quark Drive|[fromitem]\n|-start|p1a: Iron Valiant|quarkdrivespe\n|turn|21\n|\n|t:|1700210843\n|move|p1a: Iron Valiant|Moonblast|p2a: Zamazenta\n|-supereffective|p2a: Zamazenta\n|-damage|p2a: Zamazenta|3\/100 par\n|move|p2a: Zamazenta|Body Press|p1a: Iron Valiant\n|-resisted|p1a: Iron Valiant\n|-damage|p1a: Iron Valiant|65\/100\n|\n|-heal|p2a: Zamazenta|9\/100 par|[from] item: Leftovers\n|upkeep\n|turn|22\n|\n|t:|1700210854\n|move|p1a: Iron Valiant|Moonblast|p2a: Zamazenta\n|-supereffective|p2a: Zamazenta\n|-damage|p2a: Zamazenta|0 fnt\n|faint|p2a: Zamazenta\n|\n|win|vico25\n|raw|vico25's rating: 1395 &rarr; <strong>1417<\/strong><br \/>(+22 for winning)\n|raw|bebizz's rating: 1430 &rarr; <strong>1408<\/strong><br \/>(-22 for losing)\n","uploadtime":1700211202,"views":11,"p1id":"vico25","p2id":"bebizz","formatid":"gen9ou","rating":1408,"private":0,"password":""}