{"id":"gen9ou-1996664742","p1":"TaxesAreEvil","p2":"TrueSkyKing","format":"[Gen 9] OU","log":"|j|\u2606TaxesAreEvil\n|j|\u2606TrueSkyKing\n|t:|1700706942\n|gametype|singles\n|player|p1|TaxesAreEvil|backpacker|\n|player|p2|TrueSkyKing|red|\n|teamsize|p1|6\n|teamsize|p2|6\n|gen|9\n|tier|[Gen 9] OU\n|rule|Sleep Clause Mod: Limit one foe put to sleep\n|rule|Species Clause: Limit one of each Pok\u00e9mon\n|rule|OHKO Clause: OHKO moves are banned\n|rule|Evasion Items Clause: Evasion items are banned\n|rule|Evasion Moves Clause: Evasion moves are banned\n|rule|Endless Battle Clause: Forcing endless battles is banned\n|rule|HP Percentage Mod: HP is shown in percentages\n|clearpoke\n|poke|p1|Tinkaton, F|\n|poke|p1|Masquerain, F|\n|poke|p1|Iron Valiant|\n|poke|p1|Bombirdier, M|\n|poke|p1|Oinkologne, M|\n|poke|p1|Zamazenta-*|\n|poke|p2|Rabsca, M|\n|poke|p2|Arboliva, F|\n|poke|p2|Orthworm, M|\n|poke|p2|Heatran, M|\n|poke|p2|Bellibolt, M|\n|poke|p2|Dondozo, F|\n|teampreview\n|inactive|Battle timer is ON: inactive players will automatically lose when time's up. (requested by TrueSkyKing)\n|inactive|TaxesAreEvil has 270 seconds left.\n|\n|t:|1700706989\n|start\n|switch|p1a: Bombirdier|Bombirdier, M|100\/100\n|switch|p2a: Moving Pictures|Bellibolt, M|100\/100\n|turn|1\n|\n|t:|1700706996\n|move|p1a: Bombirdier|Rock Blast|p2a: Moving Pictures\n|-damage|p2a: Moving Pictures|93\/100\n|-start|p2a: Moving Pictures|Charge|Rock Blast|[from] ability: Electromorphosis\n|-damage|p2a: Moving Pictures|86\/100\n|-start|p2a: Moving Pictures|Charge|Rock Blast|[from] ability: Electromorphosis\n|-damage|p2a: Moving Pictures|78\/100\n|-start|p2a: Moving Pictures|Charge|Rock Blast|[from] ability: Electromorphosis\n|-damage|p2a: Moving Pictures|70\/100\n|-start|p2a: Moving Pictures|Charge|Rock Blast|[from] ability: Electromorphosis\n|-hitcount|p2a: Moving Pictures|4\n|move|p2a: Moving Pictures|Toxic|p1a: Bombirdier\n|-status|p1a: Bombirdier|tox\n|\n|-heal|p2a: Moving Pictures|77\/100|[from] item: Leftovers\n|-damage|p1a: Bombirdier|94\/100 tox|[from] psn\n|upkeep\n|turn|2\n|\n|t:|1700707014\n|switch|p1a: Tinkaton|Tinkaton, F|100\/100\n|move|p2a: Moving Pictures|Volt Switch|p1a: Tinkaton\n|-crit|p1a: Tinkaton\n|-damage|p1a: Tinkaton|38\/100\n|-end|p2a: Moving Pictures|Charge|[silent]\n|\n|t:|1700707028\n|switch|p2a: Anthrax|Heatran, M|100\/100|[from] Volt Switch\n|\n|upkeep\n|turn|3\n|\n|t:|1700707032\n|move|p1a: Tinkaton|Fake Out|p2a: Anthrax\n|-resisted|p2a: Anthrax\n|-damage|p2a: Anthrax|97\/100\n|cant|p2a: Anthrax|flinch\n|\n|-heal|p2a: Anthrax|100\/100|[from] item: Leftovers\n|upkeep\n|turn|4\n|\n|t:|1700707047\n|switch|p1a: Zamazenta|Zamazenta|100\/100\n|-ability|p1a: Zamazenta|Dauntless Shield|boost\n|-boost|p1a: Zamazenta|def|1\n|move|p2a: Anthrax|Lava Plume|p1a: Zamazenta\n|-damage|p1a: Zamazenta|70\/100\n|\n|-heal|p1a: Zamazenta|76\/100|[from] item: Leftovers\n|upkeep\n|turn|5\n|inactive|TaxesAreEvil has 270 seconds left.\n|\n|t:|1700707075\n|-terastallize|p2a: Anthrax|Grass\n|move|p1a: Zamazenta|Close Combat|p2a: Anthrax\n|-damage|p2a: Anthrax|50\/100\n|-unboost|p1a: Zamazenta|def|1\n|-unboost|p1a: Zamazenta|spd|1\n|move|p2a: Anthrax|Will-O-Wisp|p1a: Zamazenta\n|-status|p1a: Zamazenta|brn\n|\n|-heal|p1a: Zamazenta|82\/100 brn|[from] item: Leftovers\n|-heal|p2a: Anthrax|56\/100|[from] item: Leftovers\n|-damage|p1a: Zamazenta|76\/100 brn|[from] brn\n|upkeep\n|turn|6\n|inactive|TaxesAreEvil has 270 seconds left.\n|\n|t:|1700707089\n|move|p1a: Zamazenta|Crunch|p2a: Anthrax\n|-damage|p2a: Anthrax|45\/100\n|-unboost|p2a: Anthrax|def|1\n|move|p2a: Anthrax|Lava Plume|p1a: Zamazenta\n|-damage|p1a: Zamazenta|29\/100 brn\n|\n|-heal|p1a: Zamazenta|35\/100 brn|[from] item: Leftovers\n|-heal|p2a: Anthrax|52\/100|[from] item: Leftovers\n|-damage|p1a: Zamazenta|29\/100 brn|[from] brn\n|upkeep\n|turn|7\n|inactive|TaxesAreEvil has 270 seconds left.\n|\n|t:|1700707121\n|switch|p2a: Big Empty|Dondozo, F|100\/100\n|move|p1a: Zamazenta|Close Combat|p2a: Big Empty\n|-damage|p2a: Big Empty|85\/100\n|-unboost|p1a: Zamazenta|def|1\n|-unboost|p1a: Zamazenta|spd|1\n|\n|-heal|p1a: Zamazenta|35\/100 brn|[from] item: Leftovers\n|-heal|p2a: Big Empty|91\/100|[from] item: Leftovers\n|-damage|p1a: Zamazenta|29\/100 brn|[from] brn\n|upkeep\n|turn|8\n|\n|t:|1700707136\n|switch|p1a: Tinkaton|Tinkaton, F|38\/100\n|move|p2a: Big Empty|Wave Crash|p1a: Tinkaton\n|-damage|p1a: Tinkaton|0 fnt\n|faint|p1a: Tinkaton\n|-damage|p2a: Big Empty|82\/100|[from] Recoil\n|\n|-heal|p2a: Big Empty|88\/100|[from] item: Leftovers\n|upkeep\n|inactive|TaxesAreEvil has 240 seconds left.\n|\n|t:|1700707152\n|switch|p1a: Oinkologne|Oinkologne, M|100\/100\n|turn|9\n|\n|t:|1700707162\n|switch|p2a: California Love|Arboliva, F|100\/100\n|move|p1a: Oinkologne|Yawn|p2a: California Love\n|-start|p2a: California Love|move: Yawn|[of] p1a: Oinkologne\n|\n|upkeep\n|turn|10\n|\n|t:|1700707178\n|switch|p2a: SNAKE POOL|Orthworm, M|100\/100\n|move|p1a: Oinkologne|Rain Dance|p1a: Oinkologne\n|-weather|RainDance\n|\n|-weather|RainDance|[upkeep]\n|upkeep\n|turn|11\n|\n|t:|1700707184\n|move|p1a: Oinkologne|High Horsepower|p2a: SNAKE POOL\n|-immune|p2a: SNAKE POOL|[from] ability: Earth Eater\n|move|p2a: SNAKE POOL|Coil|p2a: SNAKE POOL\n|-boost|p2a: SNAKE POOL|atk|1\n|-boost|p2a: SNAKE POOL|def|1\n|-boost|p2a: SNAKE POOL|accuracy|1\n|\n|-weather|RainDance|[upkeep]\n|upkeep\n|turn|12\n|\n|t:|1700707191\n|move|p2a: SNAKE POOL|Coil|p2a: SNAKE POOL\n|-boost|p2a: SNAKE POOL|atk|1\n|-boost|p2a: SNAKE POOL|def|1\n|-boost|p2a: SNAKE POOL|accuracy|1\n|move|p1a: Oinkologne|Yawn|p2a: SNAKE POOL\n|-start|p2a: SNAKE POOL|move: Yawn|[of] p1a: Oinkologne\n|\n|-weather|RainDance|[upkeep]\n|upkeep\n|turn|13\n|inactive|TaxesAreEvil has 270 seconds left.\n|\n|t:|1700707198\n|move|p1a: Oinkologne|Trailblaze|p2a: SNAKE POOL\n|-resisted|p2a: SNAKE POOL\n|-damage|p2a: SNAKE POOL|98\/100\n|-boost|p1a: Oinkologne|spe|1\n|move|p2a: SNAKE POOL|Body Press|p1a: Oinkologne\n|-supereffective|p1a: Oinkologne\n|-damage|p1a: Oinkologne|25\/100\n|-activate|p1a: Oinkologne|ability: Lingering Aroma|Earth Eater|[of] p2a: SNAKE POOL\n|\n|-weather|RainDance|[upkeep]\n|-end|p2a: SNAKE POOL|move: Yawn|[silent]\n|-status|p2a: SNAKE POOL|slp\n|upkeep\n|-enditem|p2a: SNAKE POOL|Chesto Berry|[eat]\n|-curestatus|p2a: SNAKE POOL|slp|[msg]\n|turn|14\n|inactive|TaxesAreEvil has 270 seconds left.\n|\n|t:|1700707212\n|move|p1a: Oinkologne|High Horsepower|p2a: SNAKE POOL\n|-supereffective|p2a: SNAKE POOL\n|-damage|p2a: SNAKE POOL|79\/100\n|move|p2a: SNAKE POOL|Body Press|p1a: Oinkologne\n|-supereffective|p1a: Oinkologne\n|-damage|p1a: Oinkologne|0 fnt\n|faint|p1a: Oinkologne\n|\n|-weather|RainDance|[upkeep]\n|upkeep\n|inactive|TaxesAreEvil has 270 seconds left.\n|inactive|TaxesAreEvil has 240 seconds left.\n|\n|t:|1700707249\n|switch|p1a: Zamazenta|Zamazenta|29\/100 brn\n|turn|15\n|\n|t:|1700707254\n|move|p1a: Zamazenta|Close Combat|p2a: SNAKE POOL\n|-supereffective|p2a: SNAKE POOL\n|-damage|p2a: SNAKE POOL|58\/100\n|-unboost|p1a: Zamazenta|def|1\n|-unboost|p1a: Zamazenta|spd|1\n|-activate|p2a: SNAKE POOL|ability: Lingering Aroma|Dauntless Shield|[of] p1a: Zamazenta\n|move|p2a: SNAKE POOL|Body Press|p1a: Zamazenta\n|-damage|p1a: Zamazenta|0 fnt\n|faint|p1a: Zamazenta\n|\n|-weather|RainDance|[upkeep]\n|upkeep\n|inactive|TaxesAreEvil has 240 seconds left.\n|\n|t:|1700707281\n|switch|p1a: Iron Valiant|Iron Valiant|100\/100\n|-enditem|p1a: Iron Valiant|Booster Energy\n|-activate|p1a: Iron Valiant|ability: Quark Drive|[fromitem]\n|-start|p1a: Iron Valiant|quarkdrivespe\n|turn|16\n|\n|t:|1700707287\n|move|p1a: Iron Valiant|Swords Dance|p1a: Iron Valiant\n|-boost|p1a: Iron Valiant|atk|2\n|move|p2a: SNAKE POOL|Earthquake|p1a: Iron Valiant\n|-damage|p1a: Iron Valiant|29\/100\n|\n|-weather|RainDance|[upkeep]\n|upkeep\n|turn|17\n|inactive|TaxesAreEvil has 240 seconds left.\n|\n|t:|1700707294\n|move|p1a: Iron Valiant|Close Combat|p2a: SNAKE POOL\n|-supereffective|p2a: SNAKE POOL\n|-damage|p2a: SNAKE POOL|0 fnt\n|-unboost|p1a: Iron Valiant|def|1\n|-unboost|p1a: Iron Valiant|spd|1\n|faint|p2a: SNAKE POOL\n|\n|-weather|none\n|upkeep\n|\n|t:|1700707304\n|switch|p2a: Big Empty|Dondozo, F|88\/100\n|turn|18\n|\n|t:|1700707311\n|move|p1a: Iron Valiant|Knock Off|p2a: Big Empty\n|-damage|p2a: Big Empty|71\/100\n|-enditem|p2a: Big Empty|Leftovers|[from] move: Knock Off|[of] p1a: Iron Valiant\n|move|p2a: Big Empty|Wave Crash|p1a: Iron Valiant\n|-damage|p1a: Iron Valiant|0 fnt\n|faint|p1a: Iron Valiant\n|-end|p1a: Iron Valiant|Quark Drive|[silent]\n|-damage|p2a: Big Empty|65\/100|[from] Recoil\n|\n|upkeep\n|\n|t:|1700707322\n|switch|p1a: Masquerain|Masquerain, F|100\/100\n|-ability|p1a: Masquerain|Intimidate|boost\n|-unboost|p2a: Big Empty|atk|1\n|turn|19\n|\n|t:|1700707336\n|move|p1a: Masquerain|Quiver Dance|p1a: Masquerain\n|-boost|p1a: Masquerain|spa|1\n|-boost|p1a: Masquerain|spd|1\n|-boost|p1a: Masquerain|spe|1\n|move|p2a: Big Empty|Avalanche|p1a: Masquerain\n|-supereffective|p1a: Masquerain\n|-damage|p1a: Masquerain|57\/100\n|\n|upkeep\n|turn|20\n|\n|t:|1700707350\n|move|p1a: Masquerain|Sticky Web|p2a: Big Empty\n|-sidestart|p2: TrueSkyKing|move: Sticky Web\n|move|p2a: Big Empty|Avalanche|p1a: Masquerain\n|-supereffective|p1a: Masquerain\n|-damage|p1a: Masquerain|15\/100\n|\n|upkeep\n|turn|21\n|\n|t:|1700707356\n|-terastallize|p1a: Masquerain|Flying\n|move|p1a: Masquerain|Hurricane|p2a: Big Empty\n|-damage|p2a: Big Empty|1\/100\n|move|p2a: Big Empty|Avalanche|p1a: Masquerain\n|-supereffective|p1a: Masquerain\n|-damage|p1a: Masquerain|0 fnt\n|faint|p1a: Masquerain\n|\n|upkeep\n|inactive|TaxesAreEvil has 240 seconds left.\n|\n|t:|1700707393\n|switch|p1a: Bombirdier|Bombirdier, M|94\/100 tox\n|turn|22\n|\n|t:|1700707404\n|move|p2a: Big Empty|Protect|p2a: Big Empty\n|-singleturn|p2a: Big Empty|Protect\n|move|p1a: Bombirdier|Rock Blast|p2a: Big Empty\n|-activate|p2a: Big Empty|move: Protect\n|\n|-damage|p1a: Bombirdier|88\/100 tox|[from] psn\n|upkeep\n|turn|23\n|\n|t:|1700707413\n|move|p1a: Bombirdier|Rock Blast|p2a: Big Empty|[miss]\n|-miss|p1a: Bombirdier|p2a: Big Empty\n|move|p2a: Big Empty|Avalanche|p1a: Bombirdier\n|-supereffective|p1a: Bombirdier\n|-damage|p1a: Bombirdier|62\/100 tox\n|\n|-damage|p1a: Bombirdier|50\/100 tox|[from] psn\n|upkeep\n|turn|24\n|\n|t:|1700707424\n|switch|p2a: California Love|Arboliva, F|100\/100\n|-activate|p2a: California Love|move: Sticky Web\n|-unboost|p2a: California Love|spe|1\n|move|p1a: Bombirdier|Rock Blast|p2a: California Love\n|-damage|p2a: California Love|89\/100\n|-damage|p2a: California Love|76\/100\n|-damage|p2a: California Love|64\/100\n|-damage|p2a: California Love|52\/100\n|-damage|p2a: California Love|40\/100\n|-enditem|p2a: California Love|Sitrus Berry|[eat]\n|-heal|p2a: California Love|65\/100|[from] item: Sitrus Berry\n|-hitcount|p2a: California Love|5\n|\n|-damage|p1a: Bombirdier|32\/100 tox|[from] psn\n|upkeep\n|turn|25\n|inactive|TaxesAreEvil has 240 seconds left.\n|\n|t:|1700707438\n|move|p1a: Bombirdier|Rock Blast|p2a: California Love\n|-damage|p2a: California Love|52\/100\n|-damage|p2a: California Love|39\/100\n|-damage|p2a: California Love|26\/100\n|-damage|p2a: California Love|13\/100\n|-crit|p2a: California Love\n|-damage|p2a: California Love|0 fnt\n|faint|p2a: California Love\n|-hitcount|p2: California Love|5\n|\n|-damage|p1a: Bombirdier|7\/100 tox|[from] psn\n|upkeep\n|\n|t:|1700707448\n|switch|p2a: Uncle Remus|Rabsca, M|100\/100\n|-activate|p2a: Uncle Remus|move: Sticky Web\n|-unboost|p2a: Uncle Remus|spe|1\n|turn|26\n|\n|t:|1700707453\n|move|p1a: Bombirdier|Sucker Punch||[still]\n|-fail|p1a: Bombirdier\n|move|p2a: Uncle Remus|Revival Blessing|p2a: Uncle Remus\n|-enditem|p2a: Uncle Remus|Leppa Berry|[eat]\n|-activate|p2a: Uncle Remus|item: Leppa Berry|Revival Blessing|[consumed]\n|\n|t:|1700707458\n|-heal|p2: California Love|50\/100|[from] move: Revival Blessing\n|\n|-damage|p1a: Bombirdier|0 fnt|[from] psn\n|faint|p1a: Bombirdier\n|\n|win|TrueSkyKing\n|upkeep\n","uploadtime":1700707464,"views":3,"p1id":"taxesareevil","p2id":"trueskyking","formatid":"gen9ou","rating":0,"private":0,"password":""}