{"id":"gen9ou-2000262768","p1":"Ehdhdhdh","p2":"Skaraptor2.1","format":"[Gen 9] OU","log":"|j|\u2606Ehdhdhdh\n|j|\u2606Skaraptor2.1\n|t:|1701178970\n|gametype|singles\n|player|p1|Ehdhdhdh|guitarist|1342\n|player|p2|Skaraptor2.1|bodybuilderf-gen9|1344\n|teamsize|p1|6\n|teamsize|p2|6\n|gen|9\n|tier|[Gen 9] OU\n|rated|\n|rule|Sleep Clause Mod: Limit one foe put to sleep\n|rule|Species Clause: Limit one of each Pok\u00e9mon\n|rule|OHKO Clause: OHKO moves are banned\n|rule|Evasion Items Clause: Evasion items are banned\n|rule|Evasion Moves Clause: Evasion moves are banned\n|rule|Endless Battle Clause: Forcing endless battles is banned\n|rule|HP Percentage Mod: HP is shown in percentages\n|clearpoke\n|poke|p1|Kingambit, F|\n|poke|p1|Enamorus, F|\n|poke|p1|Samurott-Hisui, F|\n|poke|p1|Ribombee, M|\n|poke|p1|Garganacl, F|\n|poke|p1|Hawlucha, M|\n|poke|p2|Ribombee, M|\n|poke|p2|Ogerpon-Wellspring, F|\n|poke|p2|Gholdengo|\n|poke|p2|Zamazenta-*|\n|poke|p2|Iron Valiant|\n|poke|p2|Kingambit, F|\n|teampreview\n|inactive|Battle timer is ON: inactive players will automatically lose when time's up. (requested by Ehdhdhdh)\n|inactive|Skaraptor2.1 also wants the timer to be on.\n|\n|t:|1701178988\n|start\n|switch|p1a: Ribombee|Ribombee, M|100\/100\n|switch|p2a: Twink|Ribombee, M|100\/100\n|turn|1\n|\n|t:|1701178993\n|move|p1a: Ribombee|Sticky Web|p2a: Twink\n|-sidestart|p2: Skaraptor2.1|move: Sticky Web\n|move|p2a: Twink|Stun Spore|p1a: Ribombee\n|-status|p1a: Ribombee|par\n|\n|upkeep\n|turn|2\n|\n|t:|1701178999\n|move|p2a: Twink|Sticky Web|p1a: Ribombee\n|-sidestart|p1: Ehdhdhdh|move: Sticky Web\n|cant|p1a: Ribombee|par\n|\n|upkeep\n|turn|3\n|\n|t:|1701179002\n|move|p2a: Twink|Moonblast|p1a: Ribombee\n|-damage|p1a: Ribombee|59\/100 par\n|move|p1a: Ribombee|Stun Spore|p2a: Twink\n|-status|p2a: Twink|par\n|\n|upkeep\n|turn|4\n|\n|t:|1701179006\n|cant|p2a: Twink|par\n|move|p1a: Ribombee|Moonblast|p2a: Twink\n|-damage|p2a: Twink|56\/100 par\n|\n|upkeep\n|turn|5\n|\n|t:|1701179011\n|cant|p2a: Twink|par\n|move|p1a: Ribombee|Moonblast|p2a: Twink\n|-damage|p2a: Twink|9\/100 par\n|\n|upkeep\n|turn|6\n|\n|t:|1701179015\n|move|p1a: Ribombee|Moonblast|p2a: Twink\n|-damage|p2a: Twink|0 fnt\n|faint|p2a: Twink\n|\n|upkeep\n|\n|t:|1701179023\n|switch|p2a: HRT Prices|Gholdengo|100\/100\n|-item|p2a: HRT Prices|Air Balloon\n|turn|7\n|\n|t:|1701179025\n|switch|p1a: Hawlucha|Hawlucha, M|100\/100\n|-ability|p1a: Hawlucha|Mold Breaker\n|move|p2a: HRT Prices|Make It Rain|p1a: Hawlucha\n|-damage|p1a: Hawlucha|0 fnt\n|-unboost|p2a: HRT Prices|spa|1\n|faint|p1a: Hawlucha\n|\n|upkeep\n|\n|t:|1701179038\n|switch|p1a: Samurott|Samurott-Hisui, F|100\/100\n|-activate|p1a: Samurott|move: Sticky Web\n|-unboost|p1a: Samurott|spe|1\n|turn|8\n|\n|t:|1701179044\n|switch|p2a: Bigender|Iron Valiant|100\/100\n|-activate|p2a: Bigender|move: Sticky Web\n|-unboost|p2a: Bigender|spe|1\n|-enditem|p2a: Bigender|Booster Energy\n|-activate|p2a: Bigender|ability: Quark Drive|[fromitem]\n|-start|p2a: Bigender|quarkdrivespa\n|move|p1a: Samurott|Razor Shell|p2a: Bigender\n|-damage|p2a: Bigender|30\/100\n|-unboost|p2a: Bigender|def|1\n|\n|upkeep\n|turn|9\n|\n|t:|1701179054\n|move|p2a: Bigender|Moonblast|p1a: Samurott\n|-supereffective|p1a: Samurott\n|-enditem|p1a: Samurott|Focus Sash\n|-damage|p1a: Samurott|1\/100\n|move|p1a: Samurott|Flip Turn|p2a: Bigender\n|-damage|p2a: Bigender|0 fnt\n|faint|p2a: Bigender\n|-end|p2a: Bigender|Quark Drive|[silent]\n|\n|t:|1701179063\n|switch|p1a: Enamorus|Enamorus, F|100\/100|[from] Flip Turn\n|\n|upkeep\n|\n|t:|1701179067\n|switch|p2a: HRT Prices|Gholdengo|100\/100\n|-item|p2a: HRT Prices|Air Balloon\n|turn|10\n|\n|t:|1701179071\n|switch|p1a: Samurott|Samurott-Hisui, F|1\/100\n|-activate|p1a: Samurott|move: Sticky Web\n|-unboost|p1a: Samurott|spe|1\n|move|p2a: HRT Prices|Make It Rain|p1a: Samurott\n|-resisted|p1a: Samurott\n|-damage|p1a: Samurott|0 fnt\n|-unboost|p2a: HRT Prices|spa|1\n|faint|p1a: Samurott\n|\n|upkeep\n|\n|t:|1701179079\n|switch|p1a: Kingambit|Kingambit, F|100\/100\n|-activate|p1a: Kingambit|move: Sticky Web\n|-unboost|p1a: Kingambit|spe|1\n|-activate|p1a: Kingambit|ability: Supreme Overlord\n|-start|p1a: Kingambit|fallen2|[silent]\n|turn|11\n|\n|t:|1701179084\n|switch|p2a: Transfem|Ogerpon-Wellspring, F|100\/100\n|-activate|p2a: Transfem|move: Sticky Web\n|-unboost|p2a: Transfem|spe|1\n|move|p1a: Kingambit|Kowtow Cleave|p2a: Transfem\n|-damage|p2a: Transfem|26\/100\n|\n|upkeep\n|turn|12\n|\n|t:|1701179090\n|move|p1a: Kingambit|Sucker Punch|p2a: Transfem\n|-damage|p2a: Transfem|0 fnt\n|faint|p2a: Transfem\n|\n|upkeep\n|\n|t:|1701179092\n|switch|p2a: Defender of Trans|Zamazenta, shiny|100\/100\n|-activate|p2a: Defender of Trans|move: Sticky Web\n|-unboost|p2a: Defender of Trans|spe|1\n|-ability|p2a: Defender of Trans|Dauntless Shield|boost\n|-boost|p2a: Defender of Trans|def|1\n|turn|13\n|\n|t:|1701179097\n|-end|p1a: Kingambit|fallen2|[silent]\n|switch|p1a: Ribombee|Ribombee, M|59\/100 par\n|-activate|p1a: Ribombee|move: Sticky Web\n|-unboost|p1a: Ribombee|spe|1\n|move|p2a: Defender of Trans|Iron Defense|p2a: Defender of Trans\n|-boost|p2a: Defender of Trans|def|2\n|\n|upkeep\n|turn|14\n|\n|t:|1701179104\n|move|p2a: Defender of Trans|Heavy Slam|p1a: Ribombee\n|-supereffective|p1a: Ribombee\n|-damage|p1a: Ribombee|0 fnt\n|faint|p1a: Ribombee\n|\n|upkeep\n|\n|t:|1701179111\n|switch|p1a: Enamorus|Enamorus, F|100\/100\n|turn|15\n|\n|t:|1701179114\n|-terastallize|p2a: Defender of Trans|Fire\n|move|p1a: Enamorus|Play Rough|p2a: Defender of Trans\n|-resisted|p2a: Defender of Trans\n|-damage|p2a: Defender of Trans|95\/100\n|move|p2a: Defender of Trans|Heavy Slam|p1a: Enamorus\n|-supereffective|p1a: Enamorus\n|-damage|p1a: Enamorus|0 fnt\n|faint|p1a: Enamorus\n|\n|-heal|p2a: Defender of Trans|100\/100|[from] item: Leftovers\n|upkeep\n|\n|t:|1701179120\n|switch|p1a: Garganacl|Garganacl, F|100\/100\n|-activate|p1a: Garganacl|move: Sticky Web\n|-unboost|p1a: Garganacl|spe|1\n|turn|16\n|\n|t:|1701179134\n|-terastallize|p1a: Garganacl|Fairy\n|move|p2a: Defender of Trans|Body Press|p1a: Garganacl\n|-resisted|p1a: Garganacl\n|-damage|p1a: Garganacl|69\/100\n|move|p1a: Garganacl|Salt Cure|p2a: Defender of Trans\n|-supereffective|p2a: Defender of Trans\n|-damage|p2a: Defender of Trans|94\/100\n|-start|p2a: Defender of Trans|Salt Cure\n|\n|-heal|p2a: Defender of Trans|99\/100|[from] item: Leftovers\n|-heal|p1a: Garganacl|75\/100|[from] item: Leftovers\n|-damage|p2a: Defender of Trans|88\/100|[from] Salt Cure\n|upkeep\n|turn|17\n|\n|t:|1701179143\n|move|p2a: Defender of Trans|Iron Defense|p2a: Defender of Trans\n|-boost|p2a: Defender of Trans|def|2\n|move|p1a: Garganacl|Iron Defense|p1a: Garganacl\n|-boost|p1a: Garganacl|def|2\n|\n|-heal|p2a: Defender of Trans|94\/100|[from] item: Leftovers\n|-heal|p1a: Garganacl|81\/100|[from] item: Leftovers\n|-damage|p2a: Defender of Trans|81\/100|[from] Salt Cure\n|upkeep\n|turn|18\n|\n|t:|1701179145\n|move|p2a: Defender of Trans|Body Press|p1a: Garganacl\n|-resisted|p1a: Garganacl\n|-damage|p1a: Garganacl|60\/100\n|move|p1a: Garganacl|Iron Defense|p1a: Garganacl\n|-boost|p1a: Garganacl|def|2\n|\n|-heal|p2a: Defender of Trans|88\/100|[from] item: Leftovers\n|-heal|p1a: Garganacl|66\/100|[from] item: Leftovers\n|-damage|p2a: Defender of Trans|75\/100|[from] Salt Cure\n|upkeep\n|turn|19\n|\n|t:|1701179150\n|move|p2a: Defender of Trans|Body Press|p1a: Garganacl\n|-resisted|p1a: Garganacl\n|-damage|p1a: Garganacl|50\/100\n|move|p1a: Garganacl|Iron Defense|p1a: Garganacl\n|-boost|p1a: Garganacl|def|2\n|\n|-heal|p2a: Defender of Trans|81\/100|[from] item: Leftovers\n|-heal|p1a: Garganacl|56\/100|[from] item: Leftovers\n|-damage|p2a: Defender of Trans|69\/100|[from] Salt Cure\n|upkeep\n|turn|20\n|\n|t:|1701179153\n|move|p2a: Defender of Trans|Body Press|p1a: Garganacl\n|-resisted|p1a: Garganacl\n|-damage|p1a: Garganacl|46\/100\n|move|p1a: Garganacl|Recover|p1a: Garganacl\n|-heal|p1a: Garganacl|96\/100\n|\n|-heal|p2a: Defender of Trans|75\/100|[from] item: Leftovers\n|-heal|p1a: Garganacl|100\/100|[from] item: Leftovers\n|-damage|p2a: Defender of Trans|63\/100|[from] Salt Cure\n|upkeep\n|turn|21\n|\n|t:|1701179156\n|switch|p2a: HRT Prices|Gholdengo|100\/100\n|-item|p2a: HRT Prices|Air Balloon\n|move|p1a: Garganacl|Body Press|p2a: HRT Prices\n|-immune|p2a: HRT Prices\n|\n|upkeep\n|turn|22\n|\n|t:|1701179163\n|move|p2a: HRT Prices|Nasty Plot|p2a: HRT Prices\n|-boost|p2a: HRT Prices|spa|2\n|move|p1a: Garganacl|Recover||[still]\n|-fail|p1a: Garganacl|heal\n|\n|upkeep\n|turn|23\n|j| blawgdawg\n|\n|t:|1701179167\n|move|p2a: HRT Prices|Make It Rain|p1a: Garganacl\n|-supereffective|p1a: Garganacl\n|-damage|p1a: Garganacl|0 fnt\n|-unboost|p2a: HRT Prices|spa|1\n|faint|p1a: Garganacl\n|\n|upkeep\n|\n|t:|1701179171\n|switch|p1a: Kingambit|Kingambit, F|100\/100\n|-activate|p1a: Kingambit|move: Sticky Web\n|-unboost|p1a: Kingambit|spe|1\n|-activate|p1a: Kingambit|ability: Supreme Overlord\n|-start|p1a: Kingambit|fallen5|[silent]\n|turn|24\n|\n|t:|1701179177\n|move|p2a: HRT Prices|Make It Rain|p1a: Kingambit\n|-resisted|p1a: Kingambit\n|-damage|p1a: Kingambit|54\/100\n|-unboost|p2a: HRT Prices|spa|1\n|move|p1a: Kingambit|Kowtow Cleave|p2a: HRT Prices\n|-supereffective|p2a: HRT Prices\n|-damage|p2a: HRT Prices|0 fnt\n|-enditem|p2a: HRT Prices|Air Balloon\n|faint|p2a: HRT Prices\n|\n|-heal|p1a: Kingambit|60\/100|[from] item: Leftovers\n|upkeep\n|\n|t:|1701179185\n|switch|p2a: Defender of Trans|Zamazenta, shiny, tera:Fire|63\/100\n|-activate|p2a: Defender of Trans|move: Sticky Web\n|-unboost|p2a: Defender of Trans|spe|1\n|turn|25\n|\n|t:|1701179188\n|move|p2a: Defender of Trans|Iron Defense|p2a: Defender of Trans\n|-boost|p2a: Defender of Trans|def|2\n|move|p1a: Kingambit|Kowtow Cleave|p2a: Defender of Trans\n|-damage|p2a: Defender of Trans|40\/100\n|\n|-heal|p2a: Defender of Trans|46\/100|[from] item: Leftovers\n|-heal|p1a: Kingambit|66\/100|[from] item: Leftovers\n|upkeep\n|turn|26\n|\n|t:|1701179191\n|move|p2a: Defender of Trans|Body Press|p1a: Kingambit\n|-supereffective|p1a: Kingambit\n|-damage|p1a: Kingambit|0 fnt\n|faint|p1a: Kingambit\n|-end|p1a: Kingambit|fallen5|[silent]\n|\n|win|Skaraptor2.1\n|raw|Ehdhdhdh's rating: 1342 &rarr; <strong>1322<\/strong><br \/>(-20 for losing)\n|raw|Skaraptor2.1's rating: 1344 &rarr; <strong>1364<\/strong><br \/>(+20 for winning)\n|l|\u2606Ehdhdhdh\n","uploadtime":1701179196,"views":2,"p1id":"ehdhdhdh","p2id":"skaraptor21","formatid":"gen9ou","rating":1322,"private":0,"password":""}