{"id":"gen9ou-1992822763","p1":"Skafive","p2":"PokeEnjoyer-52","format":"[Gen 9] OU","log":"|j|\u2606Skafive\n|j|\u2606PokeEnjoyer-52\n|t:|1700238496\n|gametype|singles\n|player|p1|Skafive|caitlin-gen4|1376\n|player|p2|PokeEnjoyer-52|riley|1450\n|teamsize|p1|6\n|teamsize|p2|6\n|gen|9\n|tier|[Gen 9] OU\n|rated|\n|rule|Sleep Clause Mod: Limit one foe put to sleep\n|rule|Species Clause: Limit one of each Pok\u00e9mon\n|rule|OHKO Clause: OHKO moves are banned\n|rule|Evasion Items Clause: Evasion items are banned\n|rule|Evasion Moves Clause: Evasion moves are banned\n|rule|Endless Battle Clause: Forcing endless battles is banned\n|rule|HP Percentage Mod: HP is shown in percentages\n|clearpoke\n|poke|p1|Garchomp, M|\n|poke|p1|Corviknight, M|\n|poke|p1|Clodsire, M|\n|poke|p1|Kingambit, F|\n|poke|p1|Hatterene, F|\n|poke|p1|Dragapult, F|\n|poke|p2|Ribombee, F|\n|poke|p2|Gholdengo|\n|poke|p2|Iron Moth|\n|poke|p2|Great Tusk|\n|poke|p2|Kingambit, F|\n|poke|p2|Ogerpon-Wellspring, F|\n|teampreview\n|inactive|Battle timer is ON: inactive players will automatically lose when time's up. (requested by Skafive)\n|inactive|PokeEnjoyer-52 has 120 seconds left.\n|\n|t:|1700238551\n|start\n|switch|p1a: Garchomp|Garchomp, M|100\/100\n|switch|p2a: Deimos|Gholdengo|100\/100\n|-item|p2a: Deimos|Air Balloon\n|turn|1\n|\n|t:|1700238571\n|move|p1a: Garchomp|Scale Shot|p2a: Deimos\n|-resisted|p2a: Deimos\n|-damage|p2a: Deimos|92\/100\n|-enditem|p2a: Deimos|Air Balloon\n|-resisted|p2a: Deimos\n|-damage|p2a: Deimos|84\/100\n|-resisted|p2a: Deimos\n|-damage|p2a: Deimos|75\/100\n|-resisted|p2a: Deimos\n|-damage|p2a: Deimos|67\/100\n|-hitcount|p2a: Deimos|4\n|-unboost|p1a: Garchomp|def|1\n|-boost|p1a: Garchomp|spe|1\n|move|p2a: Deimos|Nasty Plot|p2a: Deimos\n|-boost|p2a: Deimos|spa|2\n|\n|upkeep\n|turn|2\n|\n|t:|1700238581\n|move|p1a: Garchomp|Earthquake|p2a: Deimos\n|-supereffective|p2a: Deimos\n|-damage|p2a: Deimos|0 fnt\n|faint|p2a: Deimos\n|\n|upkeep\n|\n|t:|1700238583\n|switch|p2a: Athena|Ribombee, F|100\/100\n|turn|3\n|\n|t:|1700238586\n|move|p1a: Garchomp|Earthquake|p2a: Athena\n|-resisted|p2a: Athena\n|-damage|p2a: Athena|44\/100\n|move|p2a: Athena|Moonblast|p1a: Garchomp\n|-supereffective|p1a: Garchomp\n|-damage|p1a: Garchomp|8\/100\n|\n|upkeep\n|turn|4\n|\n|t:|1700238600\n|move|p1a: Garchomp|Earthquake|p2a: Athena\n|-resisted|p2a: Athena\n|-crit|p2a: Athena\n|-damage|p2a: Athena|0 fnt\n|faint|p2a: Athena\n|\n|upkeep\n|\n|t:|1700238603\n|switch|p2a: Hades|Kingambit, F|100\/100\n|-activate|p2a: Hades|ability: Supreme Overlord\n|-start|p2a: Hades|fallen2|[silent]\n|turn|5\n|\n|t:|1700238607\n|move|p2a: Hades|Sucker Punch||[still]\n|-fail|p2a: Hades\n|move|p1a: Garchomp|Swords Dance|p1a: Garchomp\n|-boost|p1a: Garchomp|atk|2\n|\n|upkeep\n|turn|6\n|\n|t:|1700238609\n|move|p2a: Hades|Sucker Punch|p1a: Garchomp\n|-damage|p1a: Garchomp|0 fnt\n|-damage|p2a: Hades|88\/100|[from] ability: Rough Skin|[of] p1a: Garchomp\n|faint|p1a: Garchomp\n|\n|upkeep\n|\n|t:|1700238625\n|switch|p1a: Clodsire|Clodsire, M|100\/100\n|turn|7\n|\n|t:|1700238628\n|move|p2a: Hades|Swords Dance|p2a: Hades\n|-boost|p2a: Hades|atk|2\n|move|p1a: Clodsire|Curse|p1a: Clodsire\n|-unboost|p1a: Clodsire|spe|1\n|-boost|p1a: Clodsire|atk|1\n|-boost|p1a: Clodsire|def|1\n|\n|upkeep\n|turn|8\n|\n|t:|1700238631\n|move|p2a: Hades|Iron Head|p1a: Clodsire\n|-damage|p1a: Clodsire|59\/100\n|cant|p1a: Clodsire|flinch\n|\n|-heal|p1a: Clodsire|66\/100|[from] item: Leftovers\n|upkeep\n|turn|9\n|\n|t:|1700238634\n|move|p2a: Hades|Iron Head|p1a: Clodsire\n|-damage|p1a: Clodsire|22\/100\n|cant|p1a: Clodsire|flinch\n|\n|-heal|p1a: Clodsire|28\/100|[from] item: Leftovers\n|upkeep\n|turn|10\n|\n|t:|1700238640\n|move|p2a: Hades|Iron Head|p1a: Clodsire\n|-crit|p1a: Clodsire\n|-damage|p1a: Clodsire|0 fnt\n|faint|p1a: Clodsire\n|\n|upkeep\n|\n|t:|1700238647\n|switch|p1a: Kingambit|Kingambit, F|100\/100\n|-activate|p1a: Kingambit|ability: Supreme Overlord\n|-start|p1a: Kingambit|fallen2|[silent]\n|turn|11\n|\n|t:|1700238651\n|-terastallize|p2a: Hades|Fairy\n|move|p2a: Hades|Tera Blast|p1a: Kingambit|[anim] Tera Blast Fairy\n|-damage|p1a: Kingambit|19\/100\n|move|p1a: Kingambit|Kowtow Cleave|p2a: Hades\n|-resisted|p2a: Hades\n|-damage|p2a: Hades|63\/100\n|\n|-heal|p1a: Kingambit|26\/100|[from] item: Leftovers\n|upkeep\n|turn|12\n|\n|t:|1700238656\n|move|p2a: Hades|Sucker Punch|p1a: Kingambit\n|-resisted|p1a: Kingambit\n|-damage|p1a: Kingambit|0 fnt\n|faint|p1a: Kingambit\n|-end|p1a: Kingambit|fallen2|[silent]\n|\n|upkeep\n|\n|t:|1700238659\n|switch|p1a: Corviknight|Corviknight, M|100\/100\n|-ability|p1a: Corviknight|Pressure\n|turn|13\n|\n|t:|1700238663\n|move|p2a: Hades|Sucker Punch|p1a: Corviknight\n|-damage|p1a: Corviknight|40\/100\n|move|p1a: Corviknight|Brave Bird|p2a: Hades\n|-damage|p2a: Hades|30\/100\n|-damage|p1a: Corviknight|31\/100|[from] Recoil\n|\n|-heal|p1a: Corviknight|37\/100|[from] item: Leftovers\n|upkeep\n|turn|14\n|\n|t:|1700238672\n|move|p2a: Hades|Iron Head|p1a: Corviknight\n|-resisted|p1a: Corviknight\n|-damage|p1a: Corviknight|4\/100\n|cant|p1a: Corviknight|flinch\n|\n|-heal|p1a: Corviknight|10\/100|[from] item: Leftovers\n|upkeep\n|turn|15\n|\n|t:|1700238684\n|move|p2a: Hades|Iron Head|p1a: Corviknight\n|-resisted|p1a: Corviknight\n|-damage|p1a: Corviknight|0 fnt\n|faint|p1a: Corviknight\n|\n|upkeep\n|\n|t:|1700238686\n|switch|p1a: Hatterene|Hatterene, F|100\/100\n|turn|16\n|\n|t:|1700238693\n|move|p2a: Hades|Iron Head|p1a: Hatterene\n|-supereffective|p1a: Hatterene\n|-damage|p1a: Hatterene|0 fnt\n|faint|p1a: Hatterene\n|\n|upkeep\n|\n|t:|1700238696\n|switch|p1a: Dragapult|Dragapult, F|100\/100\n|turn|17\n|\n|t:|1700238698\n|move|p2a: Hades|Sucker Punch|p1a: Dragapult\n|-supereffective|p1a: Dragapult\n|-damage|p1a: Dragapult|0 fnt\n|faint|p1a: Dragapult\n|\n|win|PokeEnjoyer-52\n|raw|Skafive's rating: 1376 &rarr; <strong>1361<\/strong><br \/>(-15 for losing)\n|raw|PokeEnjoyer-52's rating: 1465 &rarr; <strong>1480<\/strong><br \/>(+15 for winning)\n|c|\u2606PokeEnjoyer-52|gg\n|l|\u2606PokeEnjoyer-52\n|l|\u2606Skafive\n|j|\u2606Skafive\n|player|p1|Skafive|caitlin-gen4\n","uploadtime":1700240272,"views":9,"p1id":"skafive","p2id":"pokeenjoyer52","formatid":"gen9ou","rating":1361,"private":0,"password":""}