{"id":"gen9ou-1994629637","p1":"theori147","p2":"Manjack","format":"[Gen 9] OU","log":"|j|\u2606theori147\n|j|\u2606Manjack\n|t:|1700472175\n|gametype|singles\n|player|p1|theori147|169|1737\n|player|p2|Manjack|preschooler|1680\n|teamsize|p1|6\n|teamsize|p2|6\n|gen|9\n|tier|[Gen 9] OU\n|rated|\n|rule|Sleep Clause Mod: Limit one foe put to sleep\n|rule|Species Clause: Limit one of each Pok\u00e9mon\n|rule|OHKO Clause: OHKO moves are banned\n|rule|Evasion Items Clause: Evasion items are banned\n|rule|Evasion Moves Clause: Evasion moves are banned\n|rule|Endless Battle Clause: Forcing endless battles is banned\n|rule|HP Percentage Mod: HP is shown in percentages\n|clearpoke\n|poke|p1|Munkidori, M|\n|poke|p1|Landorus-Therian, M|\n|poke|p1|Zamazenta-*|\n|poke|p1|Clefable, F|\n|poke|p1|Ogerpon-Wellspring, F|\n|poke|p1|Kingambit, F|\n|poke|p2|Ogerpon, F|\n|poke|p2|Corviknight, M|\n|poke|p2|Dachsbun, M|\n|poke|p2|Bombirdier, F|\n|poke|p2|Rotom-Wash|\n|poke|p2|Clodsire, F|\n|teampreview\n|c|\u2606Manjack|Woo! Glhf\n|c|\u2606theori147|u2\n|\n|t:|1700472206\n|start\n|switch|p1a: Landorus|Landorus-Therian, M|100\/100\n|switch|p2a: Bombirdier|Bombirdier, F|100\/100\n|-ability|p1a: Landorus|Intimidate|boost\n|-unboost|p2a: Bombirdier|atk|1\n|turn|1\n|\n|t:|1700472214\n|move|p2a: Bombirdier|Knock Off|p1a: Landorus\n|-damage|p1a: Landorus|82\/100\n|-damage|p2a: Bombirdier|84\/100|[from] item: Rocky Helmet|[of] p1a: Landorus\n|-enditem|p1a: Landorus|Rocky Helmet|[from] move: Knock Off|[of] p2a: Bombirdier\n|move|p1a: Landorus|Stealth Rock|p2a: Bombirdier\n|-sidestart|p2: Manjack|move: Stealth Rock\n|\n|upkeep\n|turn|2\n|\n|t:|1700472220\n|switch|p2a: Corviknight|Corviknight, M|100\/100\n|-damage|p2a: Corviknight|88\/100|[from] Stealth Rock\n|-ability|p2a: Corviknight|Pressure\n|move|p1a: Landorus|Rock Tomb|p2a: Corviknight\n|-damage|p2a: Corviknight|77\/100\n|-unboost|p2a: Corviknight|spe|1\n|\n|-heal|p2a: Corviknight|83\/100|[from] item: Leftovers\n|upkeep\n|turn|3\n|\n|t:|1700472226\n|move|p1a: Landorus|Rock Tomb|p2a: Corviknight\n|-damage|p2a: Corviknight|73\/100\n|-unboost|p2a: Corviknight|spe|1\n|move|p2a: Corviknight|Defog|p1a: Landorus\n|-unboost|p1a: Landorus|evasion|1\n|-sideend|p2: Manjack|Stealth Rock|[from] move: Defog|[of] p2a: Corviknight\n|\n|-heal|p2a: Corviknight|79\/100|[from] item: Leftovers\n|upkeep\n|turn|4\n|\n|t:|1700472233\n|move|p1a: Landorus|Stealth Rock|p2a: Corviknight\n|-sidestart|p2: Manjack|move: Stealth Rock\n|move|p2a: Corviknight|Brave Bird|p1a: Landorus\n|-damage|p1a: Landorus|54\/100\n|-damage|p2a: Corviknight|70\/100|[from] Recoil\n|\n|-heal|p2a: Corviknight|76\/100|[from] item: Leftovers\n|upkeep\n|turn|5\n|\n|t:|1700472241\n|move|p1a: Landorus|U-turn|p2a: Corviknight\n|-resisted|p2a: Corviknight\n|-damage|p2a: Corviknight|73\/100\n|\n|t:|1700472247\n|switch|p1a: Zamazenta|Zamazenta|100\/100|[from] U-turn\n|-ability|p1a: Zamazenta|Dauntless Shield|boost\n|-boost|p1a: Zamazenta|def|1\n|move|p2a: Corviknight|Roost|p2a: Corviknight\n|-heal|p2a: Corviknight|100\/100\n|-singleturn|p2a: Corviknight|move: Roost\n|\n|upkeep\n|turn|6\n|\n|t:|1700472255\n|move|p1a: Zamazenta|Close Combat|p2a: Corviknight\n|-damage|p2a: Corviknight|49\/100\n|-unboost|p1a: Zamazenta|def|1\n|-unboost|p1a: Zamazenta|spd|1\n|move|p2a: Corviknight|Defog|p1a: Zamazenta\n|-unboost|p1a: Zamazenta|evasion|1\n|-sideend|p2: Manjack|Stealth Rock|[from] move: Defog|[of] p2a: Corviknight\n|\n|-heal|p2a: Corviknight|55\/100|[from] item: Leftovers\n|upkeep\n|turn|7\n|\n|t:|1700472269\n|switch|p2a: Dachsbun|Dachsbun, M|100\/100\n|move|p1a: Zamazenta|Close Combat|p2a: Dachsbun\n|-resisted|p2a: Dachsbun\n|-damage|p2a: Dachsbun|58\/100\n|-unboost|p1a: Zamazenta|def|1\n|-unboost|p1a: Zamazenta|spd|1\n|\n|-heal|p2a: Dachsbun|64\/100|[from] item: Leftovers\n|upkeep\n|turn|8\n|\n|t:|1700472279\n|switch|p1a: Munkidori|Munkidori, M|100\/100\n|move|p2a: Dachsbun|Wish|p2a: Dachsbun\n|\n|-heal|p2a: Dachsbun|70\/100|[from] item: Leftovers\n|upkeep\n|turn|9\n|j| Ctannn\n|\n|t:|1700472304\n|move|p2a: Dachsbun|Protect|p2a: Dachsbun\n|-singleturn|p2a: Dachsbun|Protect\n|move|p1a: Munkidori|Shadow Ball|p2a: Dachsbun\n|-activate|p2a: Dachsbun|move: Protect\n|\n|-heal|p2a: Dachsbun|100\/100|[from] move: Wish|[wisher] Dachsbun\n|upkeep\n|turn|10\n|j| gokunous\\\n|\n|t:|1700472312\n|switch|p2a: Clodsire|Clodsire, F|100\/100\n|move|p1a: Munkidori|Shadow Ball|p2a: Clodsire\n|-damage|p2a: Clodsire|87\/100\n|\n|-heal|p2a: Clodsire|93\/100|[from] item: Leftovers\n|upkeep\n|turn|11\n|j| AntiDinkus\n|\n|t:|1700472316\n|move|p1a: Munkidori|Psychic|p2a: Clodsire\n|-supereffective|p2a: Clodsire\n|-damage|p2a: Clodsire|42\/100\n|move|p2a: Clodsire|Toxic|p1a: Munkidori\n|-immune|p1a: Munkidori\n|\n|-heal|p2a: Clodsire|48\/100|[from] item: Leftovers\n|upkeep\n|turn|12\n|j| derl\n|\n|t:|1700472324\n|-terastallize|p2a: Clodsire|Dark\n|move|p1a: Munkidori|Psychic|p2a: Clodsire\n|-immune|p2a: Clodsire\n|move|p2a: Clodsire|Earthquake|p1a: Munkidori\n|-supereffective|p1a: Munkidori\n|-damage|p1a: Munkidori|15\/100\n|\n|-heal|p2a: Clodsire|54\/100|[from] item: Leftovers\n|upkeep\n|turn|13\n|\n|t:|1700472329\n|move|p1a: Munkidori|Focus Blast|p2a: Clodsire|[miss]\n|-miss|p1a: Munkidori|p2a: Clodsire\n|move|p2a: Clodsire|Recover|p2a: Clodsire\n|-heal|p2a: Clodsire|100\/100\n|\n|upkeep\n|turn|14\n|l| gokunous\\\n|\n|t:|1700472336\n|switch|p1a: Clefable|Clefable, F|100\/100\n|move|p2a: Clodsire|Earthquake|p1a: Clefable\n|-crit|p1a: Clefable\n|-damage|p1a: Clefable|56\/100\n|\n|-heal|p1a: Clefable|62\/100|[from] item: Leftovers\n|upkeep\n|turn|15\n|\n|t:|1700472344\n|switch|p2a: Rotom|Rotom-Wash|100\/100\n|move|p1a: Clefable|Wish|p1a: Clefable\n|\n|-heal|p1a: Clefable|68\/100|[from] item: Leftovers\n|upkeep\n|turn|16\n|\n|t:|1700472351\n|move|p2a: Rotom|Hydro Pump|p1a: Clefable\n|-damage|p1a: Clefable|40\/100\n|move|p1a: Clefable|Moonblast|p2a: Rotom\n|-damage|p2a: Rotom|69\/100\n|\n|-heal|p1a: Clefable|90\/100|[from] move: Wish|[wisher] Clefable\n|-heal|p2a: Rotom|75\/100|[from] item: Leftovers\n|-heal|p1a: Clefable|96\/100|[from] item: Leftovers\n|upkeep\n|turn|17\n|\n|t:|1700472358\n|move|p2a: Rotom|Volt Switch|p1a: Clefable\n|-damage|p1a: Clefable|78\/100\n|\n|t:|1700472360\n|switch|p2a: Ogerpon|Ogerpon, F|100\/100|[from] Volt Switch\n|move|p1a: Clefable|Wish|p1a: Clefable\n|\n|-heal|p1a: Clefable|84\/100|[from] item: Leftovers\n|upkeep\n|turn|18\n|\n|t:|1700472368\n|move|p2a: Ogerpon|Swords Dance|p2a: Ogerpon\n|-boost|p2a: Ogerpon|atk|2\n|move|p1a: Clefable|Thunder Wave|p2a: Ogerpon\n|-status|p2a: Ogerpon|par\n|\n|-heal|p1a: Clefable|100\/100|[from] move: Wish|[wisher] Clefable\n|upkeep\n|turn|19\n|\n|t:|1700472373\n|switch|p1a: Landorus|Landorus-Therian, M|54\/100\n|-ability|p1a: Landorus|Intimidate|boost\n|-unboost|p2a: Ogerpon|atk|1\n|-ability|p2a: Ogerpon|Defiant|boost\n|-boost|p2a: Ogerpon|atk|2\n|move|p2a: Ogerpon|Horn Leech|p1a: Landorus\n|-damage|p1a: Landorus|0 fnt\n|faint|p1a: Landorus\n|\n|upkeep\n|\n|t:|1700472379\n|switch|p1a: Munkidori|Munkidori, M|15\/100\n|turn|20\n|\n|t:|1700472383\n|move|p1a: Munkidori|Sludge Wave|p2a: Ogerpon\n|-supereffective|p2a: Ogerpon\n|-damage|p2a: Ogerpon|0 fnt\n|faint|p2a: Ogerpon\n|\n|upkeep\n|j| dfghhhg\n|c|\u2606Manjack|ouch\n|\n|t:|1700472394\n|switch|p2a: Clodsire|Clodsire, F, tera:Dark|100\/100\n|turn|21\n|\n|t:|1700472398\n|switch|p1a: Clefable|Clefable, F|100\/100\n|move|p2a: Clodsire|Iron Head|p1a: Clefable\n|-supereffective|p1a: Clefable\n|-damage|p1a: Clefable|69\/100\n|\n|-heal|p1a: Clefable|75\/100|[from] item: Leftovers\n|upkeep\n|turn|22\n|j| Ladder clip\n|\n|t:|1700472406\n|switch|p2a: Dachsbun|Dachsbun, M|100\/100\n|move|p1a: Clefable|Wish|p1a: Clefable\n|\n|-heal|p1a: Clefable|81\/100|[from] item: Leftovers\n|upkeep\n|turn|23\n|\n|t:|1700472410\n|switch|p1a: Munkidori|Munkidori, M|15\/100\n|move|p2a: Dachsbun|Protect||[still]\n|-fail|p2a: Dachsbun\n|\n|-heal|p1a: Munkidori|77\/100|[from] move: Wish|[wisher] Clefable\n|upkeep\n|turn|24\n|j| Love Is Cruel\n|\n|t:|1700472417\n|switch|p2a: Clodsire|Clodsire, F, tera:Dark|100\/100\n|move|p1a: Munkidori|Sludge Wave|p2a: Clodsire\n|-damage|p2a: Clodsire|74\/100\n|\n|-heal|p2a: Clodsire|80\/100|[from] item: Leftovers\n|upkeep\n|turn|25\n|\n|t:|1700472424\n|switch|p1a: Zamazenta|Zamazenta|100\/100\n|move|p2a: Clodsire|Toxic|p1a: Zamazenta\n|-status|p1a: Zamazenta|tox\n|\n|-heal|p2a: Clodsire|86\/100|[from] item: Leftovers\n|-damage|p1a: Zamazenta|94\/100 tox|[from] psn\n|upkeep\n|turn|26\n|\n|t:|1700472428\n|switch|p2a: Dachsbun|Dachsbun, M|100\/100\n|move|p1a: Zamazenta|Close Combat|p2a: Dachsbun\n|-resisted|p2a: Dachsbun\n|-damage|p2a: Dachsbun|56\/100\n|-unboost|p1a: Zamazenta|def|1\n|-unboost|p1a: Zamazenta|spd|1\n|\n|-heal|p2a: Dachsbun|62\/100|[from] item: Leftovers\n|-damage|p1a: Zamazenta|82\/100 tox|[from] psn\n|upkeep\n|turn|27\n|c|\u2606Manjack|I totally knew that would happen\n|\n|t:|1700472436\n|switch|p1a: Munkidori|Munkidori, M|77\/100\n|move|p2a: Dachsbun|Wish|p2a: Dachsbun\n|\n|-heal|p2a: Dachsbun|68\/100|[from] item: Leftovers\n|upkeep\n|turn|28\n|\n|t:|1700472445\n|move|p2a: Dachsbun|Protect|p2a: Dachsbun\n|-singleturn|p2a: Dachsbun|Protect\n|move|p1a: Munkidori|Sludge Wave|p2a: Dachsbun\n|-activate|p2a: Dachsbun|move: Protect\n|\n|-heal|p2a: Dachsbun|100\/100|[from] move: Wish|[wisher] Dachsbun\n|upkeep\n|turn|29\n|\n|t:|1700472451\n|switch|p2a: Clodsire|Clodsire, F, tera:Dark|86\/100\n|move|p1a: Munkidori|Sludge Wave|p2a: Clodsire\n|-damage|p2a: Clodsire|61\/100\n|\n|-heal|p2a: Clodsire|67\/100|[from] item: Leftovers\n|upkeep\n|turn|30\n|\n|t:|1700472466\n|-terastallize|p1a: Munkidori|Fighting\n|move|p1a: Munkidori|Focus Blast|p2a: Clodsire|[miss]\n|-miss|p1a: Munkidori|p2a: Clodsire\n|move|p2a: Clodsire|Earthquake|p1a: Munkidori\n|-damage|p1a: Munkidori|35\/100\n|\n|-heal|p2a: Clodsire|73\/100|[from] item: Leftovers\n|upkeep\n|turn|31\n|\n|t:|1700472475\n|move|p1a: Munkidori|Focus Blast|p2a: Clodsire\n|-supereffective|p2a: Clodsire\n|-damage|p2a: Clodsire|2\/100\n|-unboost|p2a: Clodsire|spd|1\n|move|p2a: Clodsire|Earthquake|p1a: Munkidori\n|-damage|p1a: Munkidori|0 fnt\n|faint|p1a: Munkidori\n|\n|-heal|p2a: Clodsire|8\/100|[from] item: Leftovers\n|upkeep\n|c|\u2606Manjack|So predictable\n|\n|t:|1700472495\n|switch|p1a: Ogerpon|Ogerpon-Wellspring, F|100\/100\n|turn|32\n|\n|t:|1700472499\n|move|p1a: Ogerpon|Trailblaze|p2a: Clodsire\n|-damage|p2a: Clodsire|0 fnt\n|-boost|p1a: Ogerpon|spe|1\n|faint|p2a: Clodsire\n|\n|upkeep\n|\n|t:|1700472504\n|switch|p2a: Corviknight|Corviknight, M|55\/100\n|-ability|p2a: Corviknight|Pressure\n|turn|33\n|\n|t:|1700472508\n|move|p1a: Ogerpon|Ivy Cudgel|p2a: Corviknight|[anim] Ivy Cudgel Water\n|-damage|p2a: Corviknight|21\/100\n|move|p2a: Corviknight|Brave Bird|p1a: Ogerpon\n|-supereffective|p1a: Ogerpon\n|-damage|p1a: Ogerpon|1\/100\n|-damage|p2a: Corviknight|0 fnt|[from] Recoil\n|faint|p2a: Corviknight\n|\n|upkeep\n|j| Sur12\n|\n|t:|1700472516\n|switch|p2a: Dachsbun|Dachsbun, M|100\/100\n|turn|34\n|\n|t:|1700472530\n|move|p1a: Ogerpon|Ivy Cudgel|p2a: Dachsbun|[anim] Ivy Cudgel Water\n|-damage|p2a: Dachsbun|48\/100\n|move|p2a: Dachsbun|Body Press|p1a: Ogerpon\n|-damage|p1a: Ogerpon|0 fnt\n|faint|p1a: Ogerpon\n|\n|-heal|p2a: Dachsbun|54\/100|[from] item: Leftovers\n|upkeep\n|j| westcottike\n|c| Love Is Cruel|Manjack, do you find Ogerpon-Wellspring broken?\n|l| Ctannn\n|c|\u2606Manjack|No, it's definitely one of the best breakers though\n|\n|t:|1700472572\n|switch|p1a: Zamazenta|Zamazenta|82\/100 tox\n|turn|35\n|\n|t:|1700472577\n|move|p2a: Dachsbun|Protect|p2a: Dachsbun\n|-singleturn|p2a: Dachsbun|Protect\n|move|p1a: Zamazenta|Heavy Slam|p2a: Dachsbun\n|-activate|p2a: Dachsbun|move: Protect\n|\n|-heal|p2a: Dachsbun|60\/100|[from] item: Leftovers\n|-damage|p1a: Zamazenta|76\/100 tox|[from] psn\n|upkeep\n|turn|36\n|\n|t:|1700472580\n|switch|p1a: Clefable|Clefable, F|81\/100\n|switch|p2a: Rotom|Rotom-Wash|75\/100\n|\n|-heal|p2a: Rotom|81\/100|[from] item: Leftovers\n|-heal|p1a: Clefable|87\/100|[from] item: Leftovers\n|upkeep\n|turn|37\n|\n|t:|1700472585\n|move|p2a: Rotom|Will-O-Wisp|p1a: Clefable\n|-status|p1a: Clefable|brn\n|move|p1a: Clefable|Moonblast|p2a: Rotom\n|-damage|p2a: Rotom|49\/100\n|\n|-heal|p2a: Rotom|55\/100|[from] item: Leftovers\n|-heal|p1a: Clefable|93\/100 brn|[from] item: Leftovers\n|upkeep\n|turn|38\n|\n|t:|1700472591\n|move|p2a: Rotom|Protect|p2a: Rotom\n|-singleturn|p2a: Rotom|Protect\n|move|p1a: Clefable|Moonblast|p2a: Rotom\n|-activate|p2a: Rotom|move: Protect\n|\n|-heal|p2a: Rotom|61\/100|[from] item: Leftovers\n|-heal|p1a: Clefable|99\/100 brn|[from] item: Leftovers\n|upkeep\n|turn|39\n|\n|t:|1700472597\n|move|p2a: Rotom|Volt Switch|p1a: Clefable\n|-damage|p1a: Clefable|81\/100 brn\n|\n|t:|1700472598\n|switch|p2a: Dachsbun|Dachsbun, M|60\/100|[from] Volt Switch\n|move|p1a: Clefable|Moonblast|p2a: Dachsbun\n|-damage|p2a: Dachsbun|31\/100\n|\n|-heal|p2a: Dachsbun|37\/100|[from] item: Leftovers\n|-heal|p1a: Clefable|87\/100 brn|[from] item: Leftovers\n|upkeep\n|turn|40\n|\n|t:|1700472606\n|move|p2a: Dachsbun|Wish|p2a: Dachsbun\n|move|p1a: Clefable|Thunder Wave|p2a: Dachsbun\n|-status|p2a: Dachsbun|par\n|\n|-heal|p1a: Clefable|93\/100 brn|[from] item: Leftovers\n|-heal|p2a: Dachsbun|43\/100 par|[from] item: Leftovers\n|upkeep\n|turn|41\n|\n|t:|1700472613\n|move|p2a: Dachsbun|Protect|p2a: Dachsbun\n|-singleturn|p2a: Dachsbun|Protect\n|move|p1a: Clefable|Wish|p1a: Clefable\n|\n|-heal|p2a: Dachsbun|93\/100 par|[from] move: Wish|[wisher] Dachsbun\n|-heal|p1a: Clefable|99\/100 brn|[from] item: Leftovers\n|-heal|p2a: Dachsbun|99\/100 par|[from] item: Leftovers\n|upkeep\n|turn|42\n|\n|t:|1700472620\n|switch|p1a: Zamazenta|Zamazenta|76\/100 tox\n|move|p2a: Dachsbun|Body Press|p1a: Zamazenta\n|-damage|p1a: Zamazenta|58\/100 tox\n|\n|-heal|p1a: Zamazenta|100\/100 tox|[from] move: Wish|[wisher] Clefable\n|-heal|p2a: Dachsbun|100\/100 par|[from] item: Leftovers\n|-damage|p1a: Zamazenta|94\/100 tox|[from] psn\n|upkeep\n|turn|43\n|\n|t:|1700472630\n|move|p2a: Dachsbun|Protect|p2a: Dachsbun\n|-singleturn|p2a: Dachsbun|Protect\n|move|p1a: Zamazenta|Heavy Slam|p2a: Dachsbun\n|-activate|p2a: Dachsbun|move: Protect\n|\n|-damage|p1a: Zamazenta|82\/100 tox|[from] psn\n|upkeep\n|turn|44\n|\n|t:|1700472638\n|switch|p1a: Clefable|Clefable, F|99\/100 brn\n|switch|p2a: Rotom|Rotom-Wash|61\/100\n|\n|-heal|p2a: Rotom|67\/100|[from] item: Leftovers\n|-heal|p1a: Clefable|100\/100 brn|[from] item: Leftovers\n|upkeep\n|turn|45\n|\n|t:|1700472642\n|move|p2a: Rotom|Protect|p2a: Rotom\n|-singleturn|p2a: Rotom|Protect\n|move|p1a: Clefable|Moonblast|p2a: Rotom\n|-activate|p2a: Rotom|move: Protect\n|\n|-heal|p2a: Rotom|74\/100|[from] item: Leftovers\n|upkeep\n|turn|46\n|\n|t:|1700472645\n|move|p2a: Rotom|Volt Switch|p1a: Clefable\n|-damage|p1a: Clefable|84\/100 brn\n|\n|t:|1700472646\n|switch|p2a: Dachsbun|Dachsbun, M|100\/100 par|[from] Volt Switch\n|move|p1a: Clefable|Moonblast|p2a: Dachsbun\n|-crit|p2a: Dachsbun\n|-damage|p2a: Dachsbun|59\/100 par\n|\n|-heal|p1a: Clefable|90\/100 brn|[from] item: Leftovers\n|-heal|p2a: Dachsbun|65\/100 par|[from] item: Leftovers\n|upkeep\n|turn|47\n|\n|t:|1700472651\n|move|p1a: Clefable|Wish|p1a: Clefable\n|cant|p2a: Dachsbun|par\n|\n|-heal|p1a: Clefable|96\/100 brn|[from] item: Leftovers\n|-heal|p2a: Dachsbun|71\/100 par|[from] item: Leftovers\n|upkeep\n|turn|48\n|\n|t:|1700472657\n|switch|p1a: Zamazenta|Zamazenta|82\/100 tox\n|move|p2a: Dachsbun|Wish|p2a: Dachsbun\n|\n|-heal|p1a: Zamazenta|100\/100 tox|[from] move: Wish|[wisher] Clefable\n|-heal|p2a: Dachsbun|77\/100 par|[from] item: Leftovers\n|-damage|p1a: Zamazenta|94\/100 tox|[from] psn\n|upkeep\n|turn|49\n|\n|t:|1700472664\n|switch|p2a: Rotom|Rotom-Wash|74\/100\n|move|p1a: Zamazenta|Heavy Slam|p2a: Rotom\n|-resisted|p2a: Rotom\n|-crit|p2a: Rotom\n|-damage|p2a: Rotom|58\/100\n|\n|-heal|p2a: Rotom|100\/100|[from] move: Wish|[wisher] Dachsbun\n|-damage|p1a: Zamazenta|82\/100 tox|[from] psn\n|upkeep\n|turn|50\n|\n|t:|1700472668\n|switch|p1a: Clefable|Clefable, F|96\/100 brn\n|move|p2a: Rotom|Volt Switch|p1a: Clefable\n|-damage|p1a: Clefable|79\/100 brn\n|\n|t:|1700472671\n|switch|p2a: Bombirdier|Bombirdier, F|84\/100|[from] Volt Switch\n|\n|-heal|p1a: Clefable|85\/100 brn|[from] item: Leftovers\n|upkeep\n|turn|51\n|\n|t:|1700472678\n|move|p2a: Bombirdier|Knock Off|p1a: Clefable\n|-resisted|p1a: Clefable\n|-damage|p1a: Clefable|63\/100 brn\n|-enditem|p1a: Clefable|Leftovers|[from] move: Knock Off|[of] p2a: Bombirdier\n|move|p1a: Clefable|Moonblast|p2a: Bombirdier\n|-supereffective|p2a: Bombirdier\n|-damage|p2a: Bombirdier|0 fnt\n|faint|p2a: Bombirdier\n|\n|upkeep\n|\n|t:|1700472683\n|switch|p2a: Rotom|Rotom-Wash|100\/100\n|turn|52\n|\n|t:|1700472686\n|move|p2a: Rotom|Volt Switch|p1a: Clefable\n|-damage|p1a: Clefable|45\/100 brn\n|\n|t:|1700472688\n|switch|p2a: Dachsbun|Dachsbun, M|77\/100 par|[from] Volt Switch\n|move|p1a: Clefable|Wish|p1a: Clefable\n|\n|-heal|p2a: Dachsbun|83\/100 par|[from] item: Leftovers\n|upkeep\n|turn|53\n|\n|t:|1700472694\n|move|p1a: Clefable|Moonblast|p2a: Dachsbun\n|-damage|p2a: Dachsbun|53\/100 par\n|cant|p2a: Dachsbun|par\n|\n|-heal|p1a: Clefable|95\/100 brn|[from] move: Wish|[wisher] Clefable\n|-heal|p2a: Dachsbun|59\/100 par|[from] item: Leftovers\n|upkeep\n|turn|54\n|\n|t:|1700472702\n|switch|p1a: Zamazenta|Zamazenta|82\/100 tox\n|move|p2a: Dachsbun|Wish|p2a: Dachsbun\n|\n|-heal|p2a: Dachsbun|65\/100 par|[from] item: Leftovers\n|-damage|p1a: Zamazenta|76\/100 tox|[from] psn\n|upkeep\n|turn|55\n|\n|t:|1700472710\n|move|p2a: Dachsbun|Protect|p2a: Dachsbun\n|-singleturn|p2a: Dachsbun|Protect\n|move|p1a: Zamazenta|Close Combat|p2a: Dachsbun\n|-activate|p2a: Dachsbun|move: Protect\n|\n|-heal|p2a: Dachsbun|100\/100 par|[from] move: Wish|[wisher] Dachsbun\n|-damage|p1a: Zamazenta|64\/100 tox|[from] psn\n|upkeep\n|turn|56\n|l| Love Is Cruel\n|\n|t:|1700472714\n|switch|p1a: Clefable|Clefable, F|95\/100 brn\n|move|p2a: Dachsbun|Body Press|p1a: Clefable\n|-resisted|p1a: Clefable\n|-damage|p1a: Clefable|83\/100 brn\n|\n|upkeep\n|turn|57\n|\n|t:|1700472724\n|switch|p2a: Rotom|Rotom-Wash|100\/100\n|move|p1a: Clefable|Moonblast|p2a: Rotom\n|-damage|p2a: Rotom|64\/100\n|-unboost|p2a: Rotom|spa|1\n|\n|-heal|p2a: Rotom|70\/100|[from] item: Leftovers\n|upkeep\n|turn|58\n|\n|t:|1700472731\n|move|p2a: Rotom|Protect|p2a: Rotom\n|-singleturn|p2a: Rotom|Protect\n|move|p1a: Clefable|Wish|p1a: Clefable\n|\n|-heal|p2a: Rotom|76\/100|[from] item: Leftovers\n|upkeep\n|turn|59\n|\n|t:|1700472739\n|switch|p1a: Zamazenta|Zamazenta|64\/100 tox\n|move|p2a: Rotom|Volt Switch|p1a: Zamazenta\n|-damage|p1a: Zamazenta|48\/100 tox\n|\n|t:|1700472742\n|switch|p2a: Dachsbun|Dachsbun, M|100\/100 par|[from] Volt Switch\n|\n|-heal|p1a: Zamazenta|100\/100 tox|[from] move: Wish|[wisher] Clefable\n|-damage|p1a: Zamazenta|94\/100 tox|[from] psn\n|upkeep\n|turn|60\n|\n|t:|1700472750\n|switch|p2a: Rotom|Rotom-Wash|76\/100\n|move|p1a: Zamazenta|Heavy Slam|p2a: Rotom\n|-resisted|p2a: Rotom\n|-damage|p2a: Rotom|66\/100\n|\n|-heal|p2a: Rotom|72\/100|[from] item: Leftovers\n|-damage|p1a: Zamazenta|82\/100 tox|[from] psn\n|upkeep\n|turn|61\n|\n|t:|1700472754\n|switch|p1a: Clefable|Clefable, F|83\/100 brn\n|move|p2a: Rotom|Volt Switch|p1a: Clefable\n|-damage|p1a: Clefable|66\/100 brn\n|\n|t:|1700472756\n|switch|p2a: Dachsbun|Dachsbun, M|100\/100 par|[from] Volt Switch\n|\n|upkeep\n|turn|62\n|\n|t:|1700472761\n|move|p1a: Clefable|Moonblast|p2a: Dachsbun\n|-crit|p2a: Dachsbun\n|-damage|p2a: Dachsbun|61\/100 par\n|-unboost|p2a: Dachsbun|spa|1\n|cant|p2a: Dachsbun|par\n|\n|-heal|p2a: Dachsbun|67\/100 par|[from] item: Leftovers\n|upkeep\n|turn|63\n|\n|t:|1700472777\n|move|p1a: Clefable|Wish|p1a: Clefable\n|move|p2a: Dachsbun|Wish|p2a: Dachsbun\n|\n|-heal|p2a: Dachsbun|73\/100 par|[from] item: Leftovers\n|upkeep\n|turn|64\n|\n|t:|1700472785\n|move|p1a: Clefable|Moonblast|p2a: Dachsbun\n|-crit|p2a: Dachsbun\n|-damage|p2a: Dachsbun|33\/100 par\n|move|p2a: Dachsbun|Body Press|p1a: Clefable\n|-resisted|p1a: Clefable\n|-damage|p1a: Clefable|54\/100 brn\n|\n|-heal|p1a: Clefable|100\/100 brn|[from] move: Wish|[wisher] Clefable\n|-heal|p2a: Dachsbun|83\/100 par|[from] move: Wish|[wisher] Dachsbun\n|-heal|p2a: Dachsbun|89\/100 par|[from] item: Leftovers\n|upkeep\n|turn|65\n|\n|t:|1700472791\n|switch|p1a: Zamazenta|Zamazenta|82\/100 tox\n|move|p2a: Dachsbun|Copycat|p2a: Dachsbun\n|move|p2a: Dachsbun|Body Press|p1a: Zamazenta|[from]move: Copycat\n|-damage|p1a: Zamazenta|61\/100 tox\n|\n|-heal|p2a: Dachsbun|95\/100 par|[from] item: Leftovers\n|-damage|p1a: Zamazenta|55\/100 tox|[from] psn\n|upkeep\n|turn|66\n|\n|t:|1700472801\n|move|p1a: Zamazenta|Close Combat|p2a: Dachsbun\n|-resisted|p2a: Dachsbun\n|-damage|p2a: Dachsbun|54\/100 par\n|-unboost|p1a: Zamazenta|def|1\n|-unboost|p1a: Zamazenta|spd|1\n|move|p2a: Dachsbun|Body Press|p1a: Zamazenta\n|-crit|p1a: Zamazenta\n|-damage|p1a: Zamazenta|12\/100 tox\n|\n|-heal|p2a: Dachsbun|60\/100 par|[from] item: Leftovers\n|-damage|p1a: Zamazenta|0 fnt|[from] psn\n|faint|p1a: Zamazenta\n|upkeep\n|\n|t:|1700472815\n|switch|p1a: Clefable|Clefable, F|100\/100 brn\n|turn|67\n|\n|t:|1700472820\n|move|p1a: Clefable|Moonblast|p2a: Dachsbun\n|-damage|p2a: Dachsbun|31\/100 par\n|move|p2a: Dachsbun|Wish|p2a: Dachsbun\n|\n|-heal|p2a: Dachsbun|37\/100 par|[from] item: Leftovers\n|upkeep\n|turn|68\n|l|\u2606theori147\n|player|p1|\n|inactive|Battle timer is ON: inactive players will automatically lose when time's up. (requested by Manjack)\n|l| derl\n|inactive|theori147 has 30 seconds to reconnect!\n|c| AntiDinkus|Wouldn\u2019t gambit have won him the game? Why did he leave\n|c|\u2606Manjack|I'm wondering as well\n|inactive|theori147 has 20 seconds to reconnect!\n|c|\u2606Manjack|Especially if he's Lum\n|inactive|theori147 has 15 seconds to reconnect!\n|inactive|theori147 has 10 seconds to reconnect!\n|inactive|theori147 has 5 seconds to reconnect!\n|-message|theori147 lost due to inactivity.\n|\n|win|Manjack\n|raw|theori147's rating: 1737 &rarr; <strong>1714<\/strong><br \/>(-23 for losing)\n|raw|Manjack's rating: 1680 &rarr; <strong>1703<\/strong><br \/>(+23 for winning)\n|c| AntiDinkus|Oh well good for you I guess\n|c| Ladder clip|Wow\n|l| Ladder clip\n","uploadtime":1700472964,"views":10,"p1id":"theori147","p2id":"manjack","formatid":"gen9ou","rating":1703,"private":0,"password":""}