{"id":"gen9ou-1988250977","p1":"Skaraptor2.1","p2":"CCQB","format":"[Gen 9] OU","log":"|j|\u2606Skaraptor2.1\n|j|\u203dCCQB\n|t:|1699694610\n|gametype|singles\n|player|p1|Skaraptor2.1|bodybuilderf-gen9|1369\n|player|p2|CCQB|youngster-gen4dp|1341\n|teamsize|p1|6\n|teamsize|p2|6\n|gen|9\n|tier|[Gen 9] OU\n|rated|\n|rule|Sleep Clause Mod: Limit one foe put to sleep\n|rule|Species Clause: Limit one of each Pok\u00e9mon\n|rule|OHKO Clause: OHKO moves are banned\n|rule|Evasion Items Clause: Evasion items are banned\n|rule|Evasion Moves Clause: Evasion moves are banned\n|rule|Endless Battle Clause: Forcing endless battles is banned\n|rule|HP Percentage Mod: HP is shown in percentages\n|clearpoke\n|poke|p1|Iron Jugulis|\n|poke|p1|Ogerpon-Wellspring, F|\n|poke|p1|Tinkaton, F|\n|poke|p1|Iron Moth|\n|poke|p1|Great Tusk|\n|poke|p1|Dragapult, M|\n|poke|p2|Dragapult, F|\n|poke|p2|Golem-Alola, M|\n|poke|p2|Chandelure, F|\n|poke|p2|Glimmora, M|\n|poke|p2|Greninja-*, M|\n|poke|p2|Breloom, F|\n|teampreview\n|inactive|Battle timer is ON: inactive players will automatically lose when time's up. (requested by Skaraptor2.1)\n|inactive|CCQB also wants the timer to be on.\n|\n|t:|1699694619\n|start\n|switch|p1a: TWINKATON|Tinkaton, F|100\/100\n|switch|p2a: Glimmora|Glimmora, M|100\/100\n|-item|p1a: TWINKATON|Air Balloon\n|turn|1\n|\n|t:|1699694625\n|move|p1a: TWINKATON|Thunder Wave|p2a: Glimmora\n|-status|p2a: Glimmora|par\n|move|p2a: Glimmora|Energy Ball|p1a: TWINKATON\n|-resisted|p1a: TWINKATON\n|-damage|p1a: TWINKATON|87\/100\n|-enditem|p1a: TWINKATON|Air Balloon\n|\n|upkeep\n|turn|2\n|\n|t:|1699694630\n|move|p1a: TWINKATON|Encore|p2a: Glimmora\n|-start|p2a: Glimmora|Encore\n|move|p2a: Glimmora|Energy Ball|p1a: TWINKATON\n|-resisted|p1a: TWINKATON\n|-damage|p1a: TWINKATON|72\/100\n|\n|upkeep\n|turn|3\n|\n|t:|1699694637\n|switch|p2a: Chandelure|Chandelure, F|100\/100\n|move|p1a: TWINKATON|Stealth Rock|p2a: Chandelure\n|-sidestart|p2: CCQB|move: Stealth Rock\n|\n|upkeep\n|turn|4\n|\n|t:|1699694641\n|move|p2a: Chandelure|Flamethrower|p1a: TWINKATON\n|-supereffective|p1a: TWINKATON\n|-damage|p1a: TWINKATON|0 fnt\n|faint|p1a: TWINKATON\n|\n|upkeep\n|\n|t:|1699694647\n|switch|p1a: Transfem|Ogerpon-Wellspring, F|100\/100\n|turn|5\n|\n|t:|1699694652\n|switch|p2a: Glimmora|Glimmora, M|100\/100 par\n|-damage|p2a: Glimmora|88\/100 par|[from] Stealth Rock\n|move|p1a: Transfem|Spikes|p2a: Glimmora\n|-sidestart|p2: CCQB|Spikes\n|\n|upkeep\n|turn|6\n|\n|t:|1699694656\n|move|p1a: Transfem|Ivy Cudgel|p2a: Glimmora\n|-supereffective|p2a: Glimmora\n|-damage|p2a: Glimmora|0 fnt\n|-activate|p2a: Glimmora|ability: Toxic Debris\n|-sidestart|p1: Skaraptor2.1|move: Toxic Spikes\n|faint|p2a: Glimmora\n|\n|upkeep\n|\n|t:|1699694666\n|switch|p2a: Dragapult|Dragapult, F|100\/100\n|-damage|p2a: Dragapult|88\/100|[from] Stealth Rock\n|-damage|p2a: Dragapult|76\/100|[from] Spikes\n|turn|7\n|\n|t:|1699694669\n|-terastallize|p2a: Dragapult|Dragon\n|move|p2a: Dragapult|Dragon Darts|p1a: Transfem\n|-damage|p1a: Transfem|33\/100\n|-anim|p2a: Dragapult|Dragon Darts|p1a: Transfem\n|-crit|p1a: Transfem\n|-damage|p1a: Transfem|0 fnt\n|faint|p1a: Transfem\n|\n|upkeep\n|\n|t:|1699694675\n|switch|p1a: Solar Panels|Iron Moth|100\/100\n|-sideend|p1: Skaraptor2.1|move: Toxic Spikes|[of] p1a: Solar Panels\n|-enditem|p1a: Solar Panels|Booster Energy\n|-activate|p1a: Solar Panels|ability: Quark Drive|[fromitem]\n|-start|p1a: Solar Panels|quarkdrivespe\n|turn|8\n|\n|t:|1699694680\n|switch|p2a: Golem|Golem-Alola, M|100\/100\n|-damage|p2a: Golem|88\/100|[from] Stealth Rock\n|-damage|p2a: Golem|76\/100|[from] Spikes\n|move|p1a: Solar Panels|Sludge Wave|p2a: Golem\n|-resisted|p2a: Golem\n|-damage|p2a: Golem|43\/100\n|\n|upkeep\n|turn|9\n|\n|t:|1699694687\n|switch|p2a: Chandelure|Chandelure, F|100\/100\n|-damage|p2a: Chandelure|76\/100|[from] Stealth Rock\n|-damage|p2a: Chandelure|63\/100|[from] Spikes\n|move|p1a: Solar Panels|Sludge Wave|p2a: Chandelure\n|-resisted|p2a: Chandelure\n|-damage|p2a: Chandelure|26\/100\n|\n|upkeep\n|turn|10\n|\n|t:|1699694699\n|move|p1a: Solar Panels|Sludge Wave|p2a: Chandelure\n|-resisted|p2a: Chandelure\n|-damage|p2a: Chandelure|0 fnt\n|faint|p2a: Chandelure\n|\n|upkeep\n|\n|t:|1699694701\n|switch|p2a: Golem|Golem-Alola, M|43\/100\n|-damage|p2a: Golem|30\/100|[from] Stealth Rock\n|-damage|p2a: Golem|18\/100|[from] Spikes\n|turn|11\n|-enditem|p2a: Golem|Custap Berry|[eat]\n|-activate|p2a: Golem|item: Custap Berry|[consumed]\n|\n|t:|1699694703\n|move|p2a: Golem|Explosion|p1a: Solar Panels\n|-damage|p1a: Solar Panels|0 fnt\n|faint|p2a: Golem\n|faint|p1a: Solar Panels\n|-end|p1a: Solar Panels|Quark Drive|[silent]\n|\n|upkeep\n|\n|t:|1699694716\n|switch|p1a: Trans\u2026.former|Iron Jugulis|100\/100\n|switch|p2a: Breloom|Breloom, F|100\/100\n|-damage|p2a: Breloom|94\/100|[from] Stealth Rock\n|-damage|p2a: Breloom|82\/100|[from] Spikes\n|-enditem|p1a: Trans\u2026.former|Booster Energy\n|-activate|p1a: Trans\u2026.former|ability: Quark Drive|[fromitem]\n|-start|p1a: Trans\u2026.former|quarkdrivespe\n|turn|12\n|\n|t:|1699694720\n|move|p2a: Breloom|Mach Punch|p1a: Trans\u2026.former\n|-damage|p1a: Trans\u2026.former|62\/100\n|move|p1a: Trans\u2026.former|Taunt|p2a: Breloom\n|-start|p2a: Breloom|move: Taunt\n|\n|upkeep\n|turn|13\n|\n|t:|1699694727\n|move|p2a: Breloom|Mach Punch|p1a: Trans\u2026.former\n|-damage|p1a: Trans\u2026.former|26\/100\n|move|p1a: Trans\u2026.former|Hurricane|p2a: Breloom|[miss]\n|-miss|p1a: Trans\u2026.former|p2a: Breloom\n|\n|upkeep\n|turn|14\n|\n|t:|1699694731\n|move|p2a: Breloom|Mach Punch|p1a: Trans\u2026.former\n|-damage|p1a: Trans\u2026.former|0 fnt\n|faint|p1a: Trans\u2026.former\n|-end|p1a: Trans\u2026.former|Quark Drive|[silent]\n|\n|upkeep\n|\n|t:|1699694733\n|switch|p1a: Drag Queen|Dragapult, M|100\/100\n|turn|15\n|\n|t:|1699694738\n|move|p1a: Drag Queen|Draco Meteor|p2a: Breloom\n|-damage|p2a: Breloom|0 fnt\n|-unboost|p1a: Drag Queen|spa|2\n|faint|p2a: Breloom\n|\n|upkeep\n|\n|t:|1699694740\n|switch|p2a: Greninja|Greninja, M|100\/100\n|-damage|p2a: Greninja|88\/100|[from] Stealth Rock\n|-damage|p2a: Greninja|76\/100|[from] Spikes\n|turn|16\n|\n|t:|1699694742\n|switch|p1a: Be gay do crime|Great Tusk|100\/100\n|-enditem|p1a: Be gay do crime|Booster Energy\n|-activate|p1a: Be gay do crime|ability: Protosynthesis|[fromitem]\n|-start|p1a: Be gay do crime|protosynthesisspe\n|move|p2a: Greninja|Ice Beam|p1a: Be gay do crime\n|-supereffective|p1a: Be gay do crime\n|-damage|p1a: Be gay do crime|30\/100\n|\n|upkeep\n|turn|17\n|\n|t:|1699694750\n|move|p1a: Be gay do crime|Headlong Rush|p2a: Greninja\n|-damage|p2a: Greninja|0 fnt\n|-unboost|p1a: Be gay do crime|def|1\n|-unboost|p1a: Be gay do crime|spd|1\n|faint|p2a: Greninja\n|\n|upkeep\n|\n|t:|1699694756\n|switch|p2a: Dragapult|Dragapult, F, tera:Dragon|76\/100\n|-damage|p2a: Dragapult|63\/100|[from] Stealth Rock\n|-damage|p2a: Dragapult|51\/100|[from] Spikes\n|turn|18\n|\n|t:|1699694759\n|move|p1a: Be gay do crime|Ice Spinner|p2a: Dragapult\n|-supereffective|p2a: Dragapult\n|-damage|p2a: Dragapult|0 fnt\n|faint|p2a: Dragapult\n|\n|win|Skaraptor2.1\n|raw|Skaraptor2.1's rating: 1369 &rarr; <strong>1387<\/strong><br \/>(+18 for winning)\n|raw|CCQB's rating: 1341 &rarr; <strong>1323<\/strong><br \/>(-18 for losing)\n","uploadtime":1699694762,"views":15,"p1id":"skaraptor21","p2id":"ccqb","formatid":"gen9ou","rating":1323,"private":0,"password":""}