{"id":"gen9ou-1994865729","p1":"Leaffeonn","p2":"grass knot zygarde","format":"[Gen 9] OU","log":"|j|\u2606Leaffeonn\n|j|\u2606grass knot zygarde\n|t:|1700499906\n|gametype|singles\n|player|p1|Leaffeonn|alec-anime|\n|player|p2|grass knot zygarde|harlequin|\n|teamsize|p1|6\n|teamsize|p2|6\n|gen|9\n|tier|[Gen 9] OU\n|rule|Sleep Clause Mod: Limit one foe put to sleep\n|rule|Species Clause: Limit one of each Pok\u00e9mon\n|rule|OHKO Clause: OHKO moves are banned\n|rule|Evasion Items Clause: Evasion items are banned\n|rule|Evasion Moves Clause: Evasion moves are banned\n|rule|Endless Battle Clause: Forcing endless battles is banned\n|rule|HP Percentage Mod: HP is shown in percentages\n|clearpoke\n|poke|p1|Ribombee, F|\n|poke|p1|Kingambit, M|\n|poke|p1|Iron Moth|\n|poke|p1|Manaphy|\n|poke|p1|Great Tusk|\n|poke|p1|Gholdengo|\n|poke|p2|Breloom, F|\n|poke|p2|Ting-Lu|\n|poke|p2|Clefable, F|\n|poke|p2|Heatran, F|\n|poke|p2|Rillaboom, F|\n|poke|p2|Glimmora, F|\n|teampreview\n|inactive|Battle timer is ON: inactive players will automatically lose when time's up. (requested by Leaffeonn)\n|inactive|grass knot zygarde also wants the timer to be on.\n|c|\u2606Leaffeonn|yghhu\n|c|\u2606Leaffeonn|h\n|c|\u2606Leaffeonn|;oi cant do xyin and xertai at the same time\n|inactive|Leaffeonn has 270 seconds left.\n|inactive|grass knot zygarde has 270 seconds left.\n|inactive|grass knot zygarde has 240 seconds left.\n|inactive|Leaffeonn no longer wants the timer on, but the timer is staying on because grassknotzygarde still does.\n|c|\u2606grass knot zygarde|ohh brother\n|c|\u2606Leaffeonn|lo\n|inactiveoff|Battle timer is now OFF.\n|\n|t:|1700500049\n|start\n|switch|p1a: Ribombee|Ribombee, F|100\/100\n|switch|p2a: LED TO THIS|Heatran, F, shiny|100\/100\n|turn|1\n|\n|t:|1700500075\n|switch|p1a: Manaphy|Manaphy|100\/100\n|move|p2a: LED TO THIS|Magma Storm|p1a: Manaphy\n|-resisted|p1a: Manaphy\n|-damage|p1a: Manaphy|82\/100\n|-activate|p1a: Manaphy|move: Magma Storm|[of] p2a: LED TO THIS\n|\n|-heal|p1a: Manaphy|88\/100|[from] item: Leftovers\n|-damage|p1a: Manaphy|76\/100|[from] move: Magma Storm|[partiallytrapped]\n|upkeep\n|turn|2\n|\n|t:|1700500120\n|switch|p2a: DESTINATION|Rillaboom, F, shiny|100\/100\n|-fieldstart|move: Grassy Terrain|[from] ability: Grassy Surge|[of] p2a: DESTINATION\n|move|p1a: Manaphy|Take Heart|p1a: Manaphy\n|-boost|p1a: Manaphy|spa|1\n|-boost|p1a: Manaphy|spd|1\n|\n|-heal|p1a: Manaphy|82\/100|[from] Grassy Terrain\n|-heal|p1a: Manaphy|88\/100|[from] item: Leftovers\n|-end|p1a: Manaphy|Magma Storm|[partiallytrapped]|[silent]\n|upkeep\n|turn|3\n|\n|t:|1700500130\n|switch|p1a: Ribombee|Ribombee, F|100\/100\n|move|p2a: DESTINATION|U-turn|p1a: Ribombee\n|-resisted|p1a: Ribombee\n|-damage|p1a: Ribombee|61\/100\n|\n|t:|1700500137\n|switch|p2a: ENGINE EXPEDITION|Glimmora, F, shiny|100\/100|[from] U-turn\n|\n|-heal|p1a: Ribombee|68\/100|[from] Grassy Terrain\n|upkeep\n|turn|4\n|\n|t:|1700500144\n|move|p1a: Ribombee|Sticky Web|p2a: ENGINE EXPEDITION\n|-sidestart|p2: grass knot zygarde|move: Sticky Web\n|move|p2a: ENGINE EXPEDITION|Sludge Wave|p1a: Ribombee\n|-supereffective|p1a: Ribombee\n|-damage|p1a: Ribombee|0 fnt\n|faint|p1a: Ribombee\n|\n|upkeep\n|\n|t:|1700500157\n|switch|p1a: Gholdengo|Gholdengo|100\/100\n|-item|p1a: Gholdengo|Air Balloon\n|turn|5\n|\n|t:|1700500163\n|switch|p2a: LED TO THIS|Heatran, F, shiny|100\/100\n|-activate|p2a: LED TO THIS|move: Sticky Web\n|-unboost|p2a: LED TO THIS|spe|1\n|move|p1a: Gholdengo|Focus Blast|p2a: LED TO THIS|[miss]\n|-miss|p1a: Gholdengo|p2a: LED TO THIS\n|\n|upkeep\n|turn|6\n|\n|t:|1700500173\n|switch|p1a: Manaphy|Manaphy|88\/100\n|move|p2a: LED TO THIS|Magma Storm|p1a: Manaphy\n|-resisted|p1a: Manaphy\n|-damage|p1a: Manaphy|71\/100\n|-activate|p1a: Manaphy|move: Magma Storm|[of] p2a: LED TO THIS\n|\n|-heal|p1a: Manaphy|77\/100|[from] Grassy Terrain\n|-heal|p1a: Manaphy|83\/100|[from] item: Leftovers\n|-damage|p1a: Manaphy|71\/100|[from] move: Magma Storm|[partiallytrapped]\n|-fieldend|move: Grassy Terrain\n|upkeep\n|turn|7\n|\n|t:|1700500197\n|switch|p2a: DESTINATION|Rillaboom, F, shiny|100\/100\n|-activate|p2a: DESTINATION|move: Sticky Web\n|-unboost|p2a: DESTINATION|spe|1\n|-fieldstart|move: Grassy Terrain|[from] ability: Grassy Surge|[of] p2a: DESTINATION\n|move|p1a: Manaphy|Scald|p2a: DESTINATION\n|-resisted|p2a: DESTINATION\n|-crit|p2a: DESTINATION\n|-damage|p2a: DESTINATION|64\/100\n|\n|-heal|p1a: Manaphy|77\/100|[from] Grassy Terrain\n|-heal|p1a: Manaphy|83\/100|[from] item: Leftovers\n|-heal|p2a: DESTINATION|70\/100|[from] Grassy Terrain\n|-end|p1a: Manaphy|Magma Storm|[partiallytrapped]|[silent]\n|upkeep\n|turn|8\n|\n|t:|1700500215\n|-terastallize|p1a: Manaphy|Dragon\n|move|p2a: DESTINATION|Grassy Glide|p1a: Manaphy\n|-resisted|p1a: Manaphy\n|-damage|p1a: Manaphy|58\/100\n|move|p1a: Manaphy|Scald|p2a: DESTINATION\n|-resisted|p2a: DESTINATION\n|-damage|p2a: DESTINATION|43\/100\n|-status|p2a: DESTINATION|brn\n|\n|-heal|p1a: Manaphy|64\/100|[from] Grassy Terrain\n|-heal|p1a: Manaphy|70\/100|[from] item: Leftovers\n|-heal|p2a: DESTINATION|49\/100 brn|[from] Grassy Terrain\n|-damage|p2a: DESTINATION|43\/100 brn|[from] brn\n|upkeep\n|turn|9\n|c|\u2606grass knot zygarde|that is all i wanted\n|c|\u2606Leaffeonn|what\n|c|\u2606Leaffeonn|no\n|c|\u2606Leaffeonn|stop\n|\n|t:|1700500242\n|switch|p1a: Gholdengo|Gholdengo|100\/100\n|-item|p1a: Gholdengo|Air Balloon\n|switch|p2a: THE CURIOSITY|Clefable, F, shiny|100\/100\n|-activate|p2a: THE CURIOSITY|move: Sticky Web\n|-unboost|p2a: THE CURIOSITY|spe|1\n|\n|upkeep\n|turn|10\n|\n|t:|1700500253\n|switch|p2a: BUT ILL NEVER DIE|Ting-Lu|100\/100\n|-activate|p2a: BUT ILL NEVER DIE|move: Sticky Web\n|-unboost|p2a: BUT ILL NEVER DIE|spe|1\n|-ability|p2a: BUT ILL NEVER DIE|Vessel of Ruin\n|move|p1a: Gholdengo|Make It Rain|p2a: BUT ILL NEVER DIE\n|-damage|p2a: BUT ILL NEVER DIE|71\/100\n|-unboost|p1a: Gholdengo|spa|1\n|\n|-heal|p2a: BUT ILL NEVER DIE|77\/100|[from] Grassy Terrain\n|-heal|p2a: BUT ILL NEVER DIE|83\/100|[from] item: Leftovers\n|upkeep\n|turn|11\n|\n|t:|1700500274\n|switch|p1a: Great Tusk|Great Tusk|100\/100\n|move|p2a: BUT ILL NEVER DIE|Spikes|p1a: Great Tusk\n|-sidestart|p1: Leaffeonn|Spikes\n|\n|-heal|p2a: BUT ILL NEVER DIE|89\/100|[from] Grassy Terrain\n|-heal|p2a: BUT ILL NEVER DIE|96\/100|[from] item: Leftovers\n|-fieldend|move: Grassy Terrain\n|upkeep\n|turn|12\n|\n|t:|1700500288\n|switch|p2a: THE CURIOSITY|Clefable, F, shiny|100\/100\n|-activate|p2a: THE CURIOSITY|move: Sticky Web\n|-unboost|p2a: THE CURIOSITY|spe|1\n|move|p1a: Great Tusk|Knock Off|p2a: THE CURIOSITY\n|-resisted|p2a: THE CURIOSITY\n|-damage|p2a: THE CURIOSITY|88\/100\n|-enditem|p2a: THE CURIOSITY|Leftovers|[from] move: Knock Off|[of] p1a: Great Tusk\n|\n|upkeep\n|turn|13\n|\n|t:|1700500333\n|-end|p1a: Great Tusk|Protosynthesis|[silent]\n|switch|p1a: Iron Moth|Iron Moth|100\/100\n|-damage|p1a: Iron Moth|88\/100|[from] Spikes\n|-enditem|p1a: Iron Moth|Booster Energy\n|-activate|p1a: Iron Moth|ability: Quark Drive|[fromitem]\n|-start|p1a: Iron Moth|quarkdrivespe\n|move|p2a: THE CURIOSITY|Wish|p2a: THE CURIOSITY\n|\n|upkeep\n|turn|14\n|\n|t:|1700500345\n|switch|p2a: BUT ILL NEVER DIE|Ting-Lu|96\/100\n|-activate|p2a: BUT ILL NEVER DIE|move: Sticky Web\n|-unboost|p2a: BUT ILL NEVER DIE|spe|1\n|-ability|p2a: BUT ILL NEVER DIE|Vessel of Ruin\n|move|p1a: Iron Moth|Substitute|p1a: Iron Moth\n|-start|p1a: Iron Moth|Substitute\n|-damage|p1a: Iron Moth|63\/100\n|\n|-heal|p2a: BUT ILL NEVER DIE|100\/100|[from] move: Wish|[wisher] THE CURIOSITY\n|upkeep\n|turn|15\n|\n|t:|1700500352\n|move|p1a: Iron Moth|Energy Ball|p2a: BUT ILL NEVER DIE\n|-supereffective|p2a: BUT ILL NEVER DIE\n|-damage|p2a: BUT ILL NEVER DIE|74\/100\n|move|p2a: BUT ILL NEVER DIE|Whirlwind|p1a: Iron Moth\n|-end|p1a: Iron Moth|Quark Drive|[silent]\n|drag|p1a: Gholdengo|Gholdengo|100\/100\n|-item|p1a: Gholdengo|Air Balloon\n|\n|-heal|p2a: BUT ILL NEVER DIE|80\/100|[from] item: Leftovers\n|upkeep\n|turn|16\n|\n|t:|1700500362\n|move|p1a: Gholdengo|Focus Blast|p2a: BUT ILL NEVER DIE\n|-supereffective|p2a: BUT ILL NEVER DIE\n|-crit|p2a: BUT ILL NEVER DIE\n|-damage|p2a: BUT ILL NEVER DIE|26\/100\n|move|p2a: BUT ILL NEVER DIE|Ruination|p1a: Gholdengo\n|-damage|p1a: Gholdengo|51\/100\n|-enditem|p1a: Gholdengo|Air Balloon\n|\n|-heal|p2a: BUT ILL NEVER DIE|32\/100|[from] item: Leftovers\n|upkeep\n|turn|17\n|\n|t:|1700500376\n|switch|p2a: DESTINATION|Rillaboom, F, shiny|43\/100 brn\n|-activate|p2a: DESTINATION|move: Sticky Web\n|-unboost|p2a: DESTINATION|spe|1\n|-fieldstart|move: Grassy Terrain|[from] ability: Grassy Surge|[of] p2a: DESTINATION\n|move|p1a: Gholdengo|Make It Rain|p2a: DESTINATION\n|-damage|p2a: DESTINATION|0 fnt\n|-unboost|p1a: Gholdengo|spa|1\n|faint|p2a: DESTINATION\n|\n|-heal|p1a: Gholdengo|57\/100|[from] Grassy Terrain\n|upkeep\n|\n|t:|1700500381\n|switch|p2a: LED TO THIS|Heatran, F, shiny|100\/100\n|-activate|p2a: LED TO THIS|move: Sticky Web\n|-unboost|p2a: LED TO THIS|spe|1\n|turn|18\n|\n|t:|1700500396\n|switch|p1a: Manaphy|Manaphy, tera:Dragon|70\/100\n|-damage|p1a: Manaphy|58\/100|[from] Spikes\n|move|p2a: LED TO THIS|Magma Storm|p1a: Manaphy|[miss]\n|-miss|p2a: LED TO THIS|p1a: Manaphy\n|\n|-heal|p1a: Manaphy|64\/100|[from] Grassy Terrain\n|-heal|p1a: Manaphy|70\/100|[from] item: Leftovers\n|upkeep\n|turn|19\n|\n|t:|1700500409\n|move|p1a: Manaphy|Scald|p2a: LED TO THIS\n|-supereffective|p2a: LED TO THIS\n|-crit|p2a: LED TO THIS\n|-damage|p2a: LED TO THIS|21\/100\n|move|p2a: LED TO THIS|Magma Storm|p1a: Manaphy|[miss]\n|-miss|p2a: LED TO THIS|p1a: Manaphy\n|\n|-heal|p1a: Manaphy|76\/100|[from] Grassy Terrain\n|-heal|p1a: Manaphy|82\/100|[from] item: Leftovers\n|-heal|p2a: LED TO THIS|27\/100|[from] Grassy Terrain\n|-heal|p2a: LED TO THIS|33\/100|[from] item: Leftovers\n|upkeep\n|turn|20\n|c|\u2606Leaffeonn|damn\n|c|\u2606grass knot zygarde|AND THE CRIT?\n|c|\u2606Leaffeonn|W\n|\n|t:|1700500441\n|switch|p2a: BUT ILL NEVER DIE|Ting-Lu|32\/100\n|-activate|p2a: BUT ILL NEVER DIE|move: Sticky Web\n|-unboost|p2a: BUT ILL NEVER DIE|spe|1\n|-ability|p2a: BUT ILL NEVER DIE|Vessel of Ruin\n|move|p1a: Manaphy|Scald|p2a: BUT ILL NEVER DIE\n|-supereffective|p2a: BUT ILL NEVER DIE\n|-damage|p2a: BUT ILL NEVER DIE|0 fnt\n|faint|p2a: BUT ILL NEVER DIE\n|\n|-heal|p1a: Manaphy|88\/100|[from] Grassy Terrain\n|-heal|p1a: Manaphy|94\/100|[from] item: Leftovers\n|upkeep\n|\n|t:|1700500450\n|switch|p2a: YOU CAN KILL ME|Breloom, F, shiny|100\/100\n|-activate|p2a: YOU CAN KILL ME|move: Sticky Web\n|-unboost|p2a: YOU CAN KILL ME|spe|1\n|turn|21\n|\n|t:|1700500457\n|move|p1a: Manaphy|Acid Armor|p1a: Manaphy\n|-boost|p1a: Manaphy|def|2\n|move|p2a: YOU CAN KILL ME|Spore|p1a: Manaphy\n|-status|p1a: Manaphy|slp|[from] move: Spore\n|\n|-heal|p1a: Manaphy|99\/100 slp|[from] Grassy Terrain\n|-heal|p1a: Manaphy|100\/100 slp|[from] item: Leftovers\n|-fieldend|move: Grassy Terrain\n|-status|p2a: YOU CAN KILL ME|tox|[from] item: Toxic Orb\n|upkeep\n|turn|22\n|c|\u2606Leaffeonn|wow\n|c|\u2606Leaffeonn|lame\n|\n|t:|1700500469\n|switch|p2a: THE CURIOSITY|Clefable, F, shiny|88\/100\n|-activate|p2a: THE CURIOSITY|move: Sticky Web\n|-unboost|p2a: THE CURIOSITY|spe|1\n|cant|p1a: Manaphy|slp\n|\n|upkeep\n|turn|23\n|\n|t:|1700500485\n|-curestatus|p1a: Manaphy|slp|[msg]\n|move|p1a: Manaphy|Stored Power|p2a: THE CURIOSITY\n|-damage|p2a: THE CURIOSITY|68\/100\n|move|p2a: THE CURIOSITY|Moonblast|p1a: Manaphy\n|-supereffective|p1a: Manaphy\n|-damage|p1a: Manaphy|49\/100\n|\n|-heal|p1a: Manaphy|55\/100|[from] item: Leftovers\n|upkeep\n|turn|24\n|\n|t:|1700500506\n|switch|p1a: Kingambit|Kingambit, M|100\/100\n|-damage|p1a: Kingambit|88\/100|[from] Spikes\n|-activate|p1a: Kingambit|ability: Supreme Overlord\n|-start|p1a: Kingambit|fallen1|[silent]\n|move|p2a: THE CURIOSITY|Moonblast|p1a: Kingambit\n|-damage|p1a: Kingambit|51\/100\n|\n|upkeep\n|turn|25\n|\n|t:|1700500522\n|switch|p2a: ENGINE EXPEDITION|Glimmora, F, shiny|100\/100\n|move|p1a: Kingambit|Kowtow Cleave|p2a: ENGINE EXPEDITION\n|-damage|p2a: ENGINE EXPEDITION|20\/100\n|-activate|p2a: ENGINE EXPEDITION|ability: Toxic Debris\n|-sidestart|p1: Leaffeonn|move: Toxic Spikes\n|\n|upkeep\n|turn|26\n|\n|t:|1700500530\n|move|p1a: Kingambit|Sucker Punch|p2a: ENGINE EXPEDITION\n|-damage|p2a: ENGINE EXPEDITION|0 fnt\n|-activate|p2a: ENGINE EXPEDITION|ability: Toxic Debris\n|-sidestart|p1: Leaffeonn|move: Toxic Spikes\n|faint|p2a: ENGINE EXPEDITION\n|\n|upkeep\n|\n|t:|1700500534\n|switch|p2a: YOU CAN KILL ME|Breloom, F, shiny|100\/100 tox\n|-activate|p2a: YOU CAN KILL ME|move: Sticky Web\n|-unboost|p2a: YOU CAN KILL ME|spe|1\n|turn|27\n|\n|t:|1700500547\n|-end|p1a: Kingambit|fallen1|[silent]\n|switch|p1a: Manaphy|Manaphy, tera:Dragon|55\/100\n|-damage|p1a: Manaphy|42\/100|[from] Spikes\n|-status|p1a: Manaphy|tox\n|move|p2a: YOU CAN KILL ME|Spore||[still]\n|-fail|p2a: YOU CAN KILL ME\n|\n|-heal|p1a: Manaphy|48\/100 tox|[from] item: Leftovers\n|-damage|p1a: Manaphy|42\/100 tox|[from] psn\n|upkeep\n|turn|28\n|\n|t:|1700500557\n|move|p1a: Manaphy|Take Heart|p1a: Manaphy\n|-boost|p1a: Manaphy|spa|1\n|-boost|p1a: Manaphy|spd|1\n|-curestatus|p1a: Manaphy|tox|[msg]\n|move|p2a: YOU CAN KILL ME|Substitute|p2a: YOU CAN KILL ME\n|-start|p2a: YOU CAN KILL ME|Substitute\n|-damage|p2a: YOU CAN KILL ME|76\/100 tox\n|\n|-heal|p1a: Manaphy|48\/100|[from] item: Leftovers\n|-heal|p2a: YOU CAN KILL ME|88\/100 tox|[from] ability: Poison Heal\n|upkeep\n|turn|29\n|\n|t:|1700500561\n|-singleturn|p2a: YOU CAN KILL ME|move: Focus Punch\n|move|p1a: Manaphy|Stored Power|p2a: YOU CAN KILL ME\n|-supereffective|p2a: YOU CAN KILL ME\n|-end|p2a: YOU CAN KILL ME|Substitute\n|move|p2a: YOU CAN KILL ME|Focus Punch|p1a: Manaphy\n|-damage|p1a: Manaphy|0 fnt\n|faint|p1a: Manaphy\n|\n|-heal|p2a: YOU CAN KILL ME|100\/100 tox|[from] ability: Poison Heal\n|upkeep\n|\n|t:|1700500568\n|switch|p1a: Iron Moth|Iron Moth|63\/100\n|-damage|p1a: Iron Moth|51\/100|[from] Spikes\n|-sideend|p1: Leaffeonn|move: Toxic Spikes|[of] p1a: Iron Moth\n|turn|30\n|\n|t:|1700500576\n|switch|p2a: LED TO THIS|Heatran, F, shiny|33\/100\n|-activate|p2a: LED TO THIS|move: Sticky Web\n|-unboost|p2a: LED TO THIS|spe|1\n|move|p1a: Iron Moth|Substitute|p1a: Iron Moth\n|-start|p1a: Iron Moth|Substitute\n|-damage|p1a: Iron Moth|26\/100\n|\n|-heal|p2a: LED TO THIS|40\/100|[from] item: Leftovers\n|upkeep\n|turn|31\n|\n|t:|1700500582\n|move|p1a: Iron Moth|Fiery Dance|p2a: LED TO THIS\n|-damage|p2a: LED TO THIS|15\/100\n|-boost|p1a: Iron Moth|spa|1\n|move|p2a: LED TO THIS|Earth Power|p1a: Iron Moth\n|-supereffective|p1a: Iron Moth\n|-end|p1a: Iron Moth|Substitute\n|\n|-heal|p2a: LED TO THIS|22\/100|[from] item: Leftovers\n|upkeep\n|turn|32\n|c|\u2606grass knot zygarde|i got\n|c|\u2606grass knot zygarde|the wrong fucking ability\n|c|\u2606Leaffeonn|i misclicked\n|c|\u2606Leaffeonn|lmao\n|c|\u2606Leaffeonn|LOLLL\n|\n|t:|1700500616\n|move|p1a: Iron Moth|Fiery Dance|p2a: LED TO THIS\n|-damage|p2a: LED TO THIS|0 fnt\n|faint|p2a: LED TO THIS\n|\n|upkeep\n|\n|t:|1700500619\n|switch|p2a: YOU CAN KILL ME|Breloom, F, shiny|100\/100 tox\n|-activate|p2a: YOU CAN KILL ME|move: Sticky Web\n|-unboost|p2a: YOU CAN KILL ME|spe|1\n|turn|33\n|c|\u2606Leaffeonn|omg guys im beating xertai\n|\n|t:|1700500633\n|-terastallize|p2a: YOU CAN KILL ME|Dark\n|move|p1a: Iron Moth|Fiery Dance|p2a: YOU CAN KILL ME\n|-damage|p2a: YOU CAN KILL ME|6\/100 tox\n|move|p2a: YOU CAN KILL ME|Spore|p1a: Iron Moth\n|-status|p1a: Iron Moth|slp|[from] move: Spore\n|\n|-heal|p2a: YOU CAN KILL ME|19\/100 tox|[from] ability: Poison Heal\n|upkeep\n|turn|34\n|\n|t:|1700500642\n|-end|p1a: Iron Moth|Quark Drive|[silent]\n|switch|p1a: Great Tusk|Great Tusk|100\/100\n|move|p2a: YOU CAN KILL ME|Seed Bomb|p1a: Great Tusk\n|-supereffective|p1a: Great Tusk\n|-damage|p1a: Great Tusk|38\/100\n|\n|-heal|p2a: YOU CAN KILL ME|31\/100 tox|[from] ability: Poison Heal\n|upkeep\n|turn|35\n|\n|t:|1700500648\n|move|p1a: Great Tusk|Ice Spinner|p2a: YOU CAN KILL ME\n|-damage|p2a: YOU CAN KILL ME|0 fnt\n|faint|p2a: YOU CAN KILL ME\n|\n|upkeep\n|\n|t:|1700500651\n|switch|p2a: THE CURIOSITY|Clefable, F, shiny|68\/100\n|-activate|p2a: THE CURIOSITY|move: Sticky Web\n|-unboost|p2a: THE CURIOSITY|spe|1\n|turn|36\n|\n|t:|1700500657\n|move|p1a: Great Tusk|Headlong Rush|p2a: THE CURIOSITY\n|-damage|p2a: THE CURIOSITY|20\/100\n|-unboost|p1a: Great Tusk|def|1\n|-unboost|p1a: Great Tusk|spd|1\n|move|p2a: THE CURIOSITY|Moonblast|p1a: Great Tusk\n|-supereffective|p1a: Great Tusk\n|-crit|p1a: Great Tusk\n|-damage|p1a: Great Tusk|0 fnt\n|faint|p1a: Great Tusk\n|-end|p1a: Great Tusk|Protosynthesis|[silent]\n|\n|upkeep\n|\n|t:|1700500667\n|switch|p1a: Gholdengo|Gholdengo|57\/100\n|-damage|p1a: Gholdengo|44\/100|[from] Spikes\n|turn|37\n|c|\u2606grass knot zygarde|few stuff i gotta change\n|\n|t:|1700500694\n|move|p1a: Gholdengo|Make It Rain|p2a: THE CURIOSITY\n|-supereffective|p2a: THE CURIOSITY\n|-damage|p2a: THE CURIOSITY|0 fnt\n|-unboost|p1a: Gholdengo|spa|1\n|faint|p2a: THE CURIOSITY\n|\n|win|Leaffeonn\n|c|\u2606Leaffeonn|gg\n","uploadtime":1700500706,"views":5,"p1id":"leaffeonn","p2id":"grassknotzygarde","formatid":"gen9ou","rating":0,"private":0,"password":""}