{"id":"gen9ou-1988856917","p1":"thuptendorjee32","p2":"gorpcoregainz","format":"[Gen 9] OU","log":"|j|\u2606thuptendorjee32\n|j|\u2606gorpcoregainz\n|t:|1699774956\n|gametype|singles\n|player|p1|thuptendorjee32|n|1079\n|player|p2|gorpcoregainz|sisandbro|1077\n|teamsize|p1|6\n|teamsize|p2|6\n|gen|9\n|tier|[Gen 9] OU\n|rated|\n|rule|Sleep Clause Mod: Limit one foe put to sleep\n|rule|Species Clause: Limit one of each Pok\u00e9mon\n|rule|OHKO Clause: OHKO moves are banned\n|rule|Evasion Items Clause: Evasion items are banned\n|rule|Evasion Moves Clause: Evasion moves are banned\n|rule|Endless Battle Clause: Forcing endless battles is banned\n|rule|HP Percentage Mod: HP is shown in percentages\n|clearpoke\n|poke|p1|Clodsire, M|\n|poke|p1|Dondozo, F|\n|poke|p1|Alomomola, F|\n|poke|p1|Talonflame, F|\n|poke|p1|Toxapex, F|\n|poke|p1|Blissey, F|\n|poke|p2|Cinderace, F|\n|poke|p2|Dragapult, M|\n|poke|p2|Toxapex, M|\n|poke|p2|Zapdos|\n|poke|p2|Slowking-Galar, M|\n|poke|p2|Zamazenta-*|\n|teampreview\n|\n|t:|1699774986\n|start\n|switch|p1a: Alomomola|Alomomola, F, shiny|100\/100\n|switch|p2a: Toxapex|Toxapex, M|100\/100\n|turn|1\n|\n|t:|1699774991\n|move|p1a: Alomomola|Whirlpool|p2a: Toxapex\n|-resisted|p2a: Toxapex\n|-damage|p2a: Toxapex|98\/100\n|-activate|p2a: Toxapex|move: Whirlpool|[of] p1a: Alomomola\n|move|p2a: Toxapex|Toxic|p1a: Alomomola\n|-status|p1a: Alomomola|tox\n|\n|-heal|p2a: Toxapex|100\/100|[from] item: Black Sludge\n|-damage|p1a: Alomomola|94\/100 tox|[from] psn\n|-damage|p2a: Toxapex|88\/100|[from] move: Whirlpool|[partiallytrapped]\n|upkeep\n|turn|2\n|\n|t:|1699775005\n|move|p1a: Alomomola|Chilling Water|p2a: Toxapex\n|-resisted|p2a: Toxapex\n|-damage|p2a: Toxapex|85\/100\n|-unboost|p2a: Toxapex|atk|1\n|move|p2a: Toxapex|Surf|p1a: Alomomola\n|-resisted|p1a: Alomomola\n|-damage|p1a: Alomomola|83\/100 tox\n|\n|-heal|p2a: Toxapex|91\/100|[from] item: Black Sludge\n|-damage|p1a: Alomomola|70\/100 tox|[from] psn\n|-damage|p2a: Toxapex|79\/100|[from] move: Whirlpool|[partiallytrapped]\n|upkeep\n|turn|3\n|\n|t:|1699775016\n|move|p1a: Alomomola|Wish|p1a: Alomomola\n|move|p2a: Toxapex|Surf|p1a: Alomomola\n|-resisted|p1a: Alomomola\n|-damage|p1a: Alomomola|59\/100 tox\n|\n|-heal|p2a: Toxapex|85\/100|[from] item: Black Sludge\n|-damage|p1a: Alomomola|41\/100 tox|[from] psn\n|-damage|p2a: Toxapex|72\/100|[from] move: Whirlpool|[partiallytrapped]\n|upkeep\n|turn|4\n|\n|t:|1699775023\n|move|p1a: Alomomola|Protect|p1a: Alomomola\n|-singleturn|p1a: Alomomola|Protect\n|move|p2a: Toxapex|Surf|p1a: Alomomola\n|-activate|p1a: Alomomola|move: Protect\n|\n|-heal|p1a: Alomomola|91\/100 tox|[from] move: Wish|[wisher] Alomomola\n|-heal|p2a: Toxapex|79\/100|[from] item: Black Sludge\n|-damage|p1a: Alomomola|66\/100 tox|[from] psn\n|-damage|p2a: Toxapex|66\/100|[from] move: Whirlpool|[partiallytrapped]\n|upkeep\n|turn|5\n|inactive|Battle timer is ON: inactive players will automatically lose when time's up. (requested by gorpcoregainz)\n|inactive|thuptendorjee32 has 120 seconds left.\n|inactive|thuptendorjee32 has 90 seconds left.\n|inactive|thuptendorjee32 has 60 seconds left.\n|l|\u2606thuptendorjee32\n|inactive|thuptendorjee32 disconnected and has a minute to reconnect!\n|player|p1|\n|j|\u2606thuptendorjee32\n|inactive|thuptendorjee32 reconnected and has 50 seconds left.\n|player|p1|thuptendorjee32|n\n|\n|t:|1699775156\n|switch|p1a: Dondozo|Dondozo, F|100\/100\n|move|p2a: Toxapex|Surf|p1a: Dondozo\n|-resisted|p1a: Dondozo\n|-damage|p1a: Dondozo|91\/100\n|\n|-heal|p2a: Toxapex|72\/100|[from] item: Black Sludge\n|-end|p2a: Toxapex|Whirlpool|[partiallytrapped]\n|upkeep\n|turn|6\n|\n|t:|1699775185\n|move|p1a: Dondozo|Heavy Slam|p2a: Toxapex\n|-resisted|p2a: Toxapex\n|-damage|p2a: Toxapex|60\/100\n|move|p2a: Toxapex|Toxic|p1a: Dondozo\n|-status|p1a: Dondozo|tox\n|\n|-heal|p2a: Toxapex|67\/100|[from] item: Black Sludge\n|-damage|p1a: Dondozo|85\/100 tox|[from] psn\n|upkeep\n|turn|7\n|\n|t:|1699775195\n|move|p1a: Dondozo|Body Press|p2a: Toxapex\n|-resisted|p2a: Toxapex\n|-damage|p2a: Toxapex|55\/100\n|move|p2a: Toxapex|Surf|p1a: Dondozo\n|-resisted|p1a: Dondozo\n|-damage|p1a: Dondozo|76\/100 tox\n|\n|-heal|p2a: Toxapex|62\/100|[from] item: Black Sludge\n|-damage|p1a: Dondozo|63\/100 tox|[from] psn\n|upkeep\n|turn|8\n|\n|t:|1699775205\n|move|p2a: Toxapex|Surf|p1a: Dondozo\n|-resisted|p1a: Dondozo\n|-damage|p1a: Dondozo|55\/100 tox\n|move|p1a: Dondozo|Heavy Slam|p2a: Toxapex\n|-resisted|p2a: Toxapex\n|-damage|p2a: Toxapex|51\/100\n|\n|-heal|p2a: Toxapex|57\/100|[from] item: Black Sludge\n|-damage|p1a: Dondozo|37\/100 tox|[from] psn\n|upkeep\n|turn|9\n|inactive|thuptendorjee32 has 90 seconds left.\n|\n|t:|1699775236\n|switch|p1a: Clodsire|Clodsire, M|100\/100\n|move|p2a: Toxapex|Surf|p1a: Clodsire\n|-supereffective|p1a: Clodsire\n|-damage|p1a: Clodsire|80\/100\n|\n|-heal|p2a: Toxapex|63\/100|[from] item: Black Sludge\n|upkeep\n|turn|10\n|inactive|thuptendorjee32 has 90 seconds left.\n|\n|t:|1699775251\n|switch|p2a: Slowking|Slowking-Galar, M|100\/100\n|move|p1a: Clodsire|Earthquake|p2a: Slowking\n|-supereffective|p2a: Slowking\n|-damage|p2a: Slowking|43\/100\n|\n|-heal|p2a: Slowking|49\/100|[from] item: Leftovers\n|upkeep\n|turn|11\n|\n|t:|1699775262\n|switch|p2a: Zapdos|Zapdos|100\/100\n|-ability|p2a: Zapdos|Pressure\n|move|p1a: Clodsire|Earthquake|p2a: Zapdos\n|-immune|p2a: Zapdos\n|\n|upkeep\n|turn|12\n|inactive|thuptendorjee32 has 90 seconds left.\n|inactive|thuptendorjee32 has 60 seconds left.\n|l|\u2606thuptendorjee32\n|inactive|thuptendorjee32 disconnected and has a minute to reconnect!\n|player|p1|\n|j|\u2606thuptendorjee32\n|inactive|thuptendorjee32 reconnected and has 50 seconds left.\n|player|p1|thuptendorjee32|n\n|c|\u2606gorpcoregainz|how come you gotta think about every move for 40 minutes\n|inactive|thuptendorjee32 has 30 seconds left.\n|c|\u2606thuptendorjee32|I keep disconnecting my bad\n|inactive|thuptendorjee32 has 20 seconds left.\n|c|\u2606gorpcoregainz|yeah it is yo bad\n|\n|t:|1699775348\n|switch|p1a: Toxapex|Toxapex, F|100\/100\n|move|p2a: Zapdos|Heat Wave|p1a: Toxapex\n|-resisted|p1a: Toxapex\n|-damage|p1a: Toxapex|87\/100\n|\n|upkeep\n|turn|13\n|inactive|thuptendorjee32 has 30 seconds left this turn.\n|inactive|thuptendorjee32 has 20 seconds left.\n|c|\u2606thuptendorjee32|lol get over it\n|\n|t:|1699775363\n|move|p2a: Zapdos|Volt Switch|p1a: Toxapex\n|-supereffective|p1a: Toxapex\n|-damage|p1a: Toxapex|33\/100\n|inactive|thuptendorjee32 has 25 seconds left this turn.\n|c|\u2606gorpcoregainz|nah im aight\n|\n|t:|1699775373\n|switch|p2a: Slowking|Slowking-Galar, M|82\/100|[from] Volt Switch\n|move|p1a: Toxapex|Toxic|p2a: Slowking\n|-immune|p2a: Slowking\n|\n|-heal|p2a: Slowking|88\/100|[from] item: Leftovers\n|upkeep\n|turn|14\n|inactive|thuptendorjee32 has 30 seconds left.\n|\n|t:|1699775387\n|switch|p1a: Clodsire|Clodsire, M|80\/100\n|move|p2a: Slowking|Psychic|p1a: Clodsire\n|-supereffective|p1a: Clodsire\n|-damage|p1a: Clodsire|44\/100\n|-unboost|p1a: Clodsire|spd|1\n|\n|-heal|p2a: Slowking|94\/100|[from] item: Leftovers\n|upkeep\n|turn|15\n|inactive|thuptendorjee32 has 30 seconds left.\n|\n|t:|1699775400\n|switch|p2a: Zapdos|Zapdos|100\/100\n|-ability|p2a: Zapdos|Pressure\n|move|p1a: Clodsire|Earthquake|p2a: Zapdos\n|-immune|p2a: Zapdos\n|\n|upkeep\n|turn|16\n|inactive|thuptendorjee32 has 30 seconds left.\n|\n|t:|1699775411\n|switch|p1a: Blissey|Blissey, F|100\/100\n|move|p2a: Zapdos|Heat Wave|p1a: Blissey\n|-damage|p1a: Blissey|92\/100\n|\n|upkeep\n|turn|17\n|inactive|thuptendorjee32 has 30 seconds left.\n|\n|t:|1699775420\n|move|p2a: Zapdos|Volt Switch|p1a: Blissey\n|-damage|p1a: Blissey|82\/100\n|\n|t:|1699775429\n|switch|p2a: Zamazenta|Zamazenta|100\/100|[from] Volt Switch\n|-ability|p2a: Zamazenta|Dauntless Shield|boost\n|-boost|p2a: Zamazenta|def|1\n|move|p1a: Blissey|Stealth Rock|p2a: Zamazenta\n|-sidestart|p2: gorpcoregainz|move: Stealth Rock\n|\n|upkeep\n|turn|18\n|\n|t:|1699775442\n|switch|p1a: Talonflame|Talonflame, F|100\/100\n|move|p2a: Zamazenta|Wild Charge|p1a: Talonflame\n|-supereffective|p1a: Talonflame\n|-damage|p1a: Talonflame|48\/100\n|-damage|p2a: Zamazenta|86\/100|[from] Recoil\n|\n|upkeep\n|turn|19\n|inactive|thuptendorjee32 has 30 seconds left.\n|inactive|thuptendorjee32 has 20 seconds left.\n|\n|t:|1699775467\n|switch|p1a: Clodsire|Clodsire, M|44\/100\n|move|p2a: Zamazenta|Wild Charge|p1a: Clodsire\n|-immune|p1a: Clodsire\n|\n|upkeep\n|turn|20\n|inactive|thuptendorjee32 has 30 seconds left this turn.\n|\n|t:|1699775474\n|switch|p2a: Zapdos|Zapdos|100\/100\n|-ability|p2a: Zapdos|Pressure\n|move|p1a: Clodsire|Toxic|p2a: Zapdos\n|-status|p2a: Zapdos|tox\n|\n|-damage|p2a: Zapdos|94\/100 tox|[from] psn\n|upkeep\n|turn|21\n|inactive|thuptendorjee32 has 30 seconds left.\n|\n|t:|1699775486\n|move|p2a: Zapdos|Volt Switch|p1a: Clodsire\n|-immune|p1a: Clodsire\n|move|p1a: Clodsire|Recover|p1a: Clodsire\n|-heal|p1a: Clodsire|94\/100\n|\n|-damage|p2a: Zapdos|82\/100 tox|[from] psn\n|upkeep\n|turn|22\n|inactive|thuptendorjee32 has 30 seconds left.\n|\n|t:|1699775501\n|switch|p2a: Toxapex|Toxapex, M|96\/100\n|-damage|p2a: Toxapex|84\/100|[from] Stealth Rock\n|move|p1a: Clodsire|Haze|p1a: Clodsire\n|-clearallboost\n|\n|-heal|p2a: Toxapex|90\/100|[from] item: Black Sludge\n|upkeep\n|turn|23\n|inactive|thuptendorjee32 has 30 seconds left.\n|\n|t:|1699775510\n|move|p2a: Toxapex|Surf|p1a: Clodsire\n|-supereffective|p1a: Clodsire\n|-damage|p1a: Clodsire|75\/100\n|move|p1a: Clodsire|Earthquake|p2a: Toxapex\n|-supereffective|p2a: Toxapex\n|-damage|p2a: Toxapex|48\/100\n|\n|-heal|p2a: Toxapex|54\/100|[from] item: Black Sludge\n|upkeep\n|turn|24\n|inactive|gorpcoregainz has 120 seconds left.\n|\n|t:|1699775541\n|switch|p2a: Zamazenta|Zamazenta|86\/100\n|-damage|p2a: Zamazenta|80\/100|[from] Stealth Rock\n|move|p1a: Clodsire|Earthquake|p2a: Zamazenta\n|-damage|p2a: Zamazenta|61\/100\n|\n|upkeep\n|turn|25\n|\n|t:|1699775548\n|move|p2a: Zamazenta|Ice Fang|p1a: Clodsire\n|-supereffective|p1a: Clodsire\n|-damage|p1a: Clodsire|34\/100\n|move|p1a: Clodsire|Toxic|p2a: Zamazenta\n|-status|p2a: Zamazenta|tox\n|\n|-damage|p2a: Zamazenta|55\/100 tox|[from] psn\n|upkeep\n|turn|26\n|\n|t:|1699775557\n|switch|p1a: Alomomola|Alomomola, F, shiny|99\/100 tox\n|move|p2a: Zamazenta|Ice Fang|p1a: Alomomola\n|-resisted|p1a: Alomomola\n|-damage|p1a: Alomomola|95\/100 tox\n|\n|-damage|p2a: Zamazenta|43\/100 tox|[from] psn\n|-damage|p1a: Alomomola|89\/100 tox|[from] psn\n|upkeep\n|turn|27\n|\n|t:|1699775569\n|switch|p2a: Toxapex|Toxapex, M|87\/100\n|-damage|p2a: Toxapex|75\/100|[from] Stealth Rock\n|move|p1a: Alomomola|Protect||[still]\n|-fail|p1a: Alomomola\n|\n|-heal|p2a: Toxapex|81\/100|[from] item: Black Sludge\n|-damage|p1a: Alomomola|76\/100 tox|[from] psn\n|upkeep\n|turn|28\n|\n|t:|1699775586\n|move|p1a: Alomomola|Wish|p1a: Alomomola\n|move|p2a: Toxapex|Surf|p1a: Alomomola\n|-resisted|p1a: Alomomola\n|-damage|p1a: Alomomola|65\/100 tox\n|\n|-heal|p2a: Toxapex|87\/100|[from] item: Black Sludge\n|-damage|p1a: Alomomola|46\/100 tox|[from] psn\n|upkeep\n|turn|29\n|c|\u2606gorpcoregainz|awesome stall\n|c|\u2606gorpcoregainz|this is cancer\n|\n|t:|1699775594\n|move|p1a: Alomomola|Whirlpool|p2a: Toxapex\n|-resisted|p2a: Toxapex\n|-damage|p2a: Toxapex|85\/100\n|-activate|p2a: Toxapex|move: Whirlpool|[of] p1a: Alomomola\n|move|p2a: Toxapex|Surf|p1a: Alomomola\n|-resisted|p1a: Alomomola\n|-damage|p1a: Alomomola|34\/100 tox\n|\n|-heal|p1a: Alomomola|84\/100 tox|[from] move: Wish|[wisher] Alomomola\n|-heal|p2a: Toxapex|91\/100|[from] item: Black Sludge\n|-damage|p1a: Alomomola|60\/100 tox|[from] psn\n|-damage|p2a: Toxapex|79\/100|[from] move: Whirlpool|[partiallytrapped]\n|upkeep\n|turn|30\n|\n|t:|1699775615\n|switch|p1a: Dondozo|Dondozo, F|37\/100 tox\n|move|p2a: Toxapex|Surf|p1a: Dondozo\n|-resisted|p1a: Dondozo\n|-crit|p1a: Dondozo\n|-damage|p1a: Dondozo|23\/100 tox\n|\n|-heal|p2a: Toxapex|85\/100|[from] item: Black Sludge\n|-damage|p1a: Dondozo|17\/100 tox|[from] psn\n|-end|p2a: Toxapex|Whirlpool|[partiallytrapped]|[silent]\n|upkeep\n|turn|31\n|\n|t:|1699775624\n|move|p2a: Toxapex|Surf|p1a: Dondozo\n|-resisted|p1a: Dondozo\n|-damage|p1a: Dondozo|8\/100 tox\n|move|p1a: Dondozo|Rest|p1a: Dondozo\n|-status|p1a: Dondozo|slp|[from] move: Rest\n|-heal|p1a: Dondozo|100\/100 slp|[silent]\n|\n|-heal|p2a: Toxapex|91\/100|[from] item: Black Sludge\n|upkeep\n|turn|32\n|c|\u2606thuptendorjee32|stall best playstyele\n|\n|t:|1699775646\n|switch|p2a: Zamazenta|Zamazenta|43\/100 tox\n|-damage|p2a: Zamazenta|36\/100 tox|[from] Stealth Rock\n|cant|p1a: Dondozo|slp\n|move|p1a: Dondozo|Sleep Talk|p1a: Dondozo\n|move|p1a: Dondozo|Heavy Slam|p2a: Zamazenta|[from]move: Sleep Talk\n|-damage|p2a: Zamazenta|30\/100 tox\n|\n|-damage|p2a: Zamazenta|24\/100 tox|[from] psn\n|upkeep\n|turn|33\n|\n|t:|1699775658\n|move|p2a: Zamazenta|Wild Charge|p1a: Dondozo\n|-supereffective|p1a: Dondozo\n|-damage|p1a: Dondozo|77\/100 slp\n|-damage|p2a: Zamazenta|15\/100 tox|[from] Recoil\n|cant|p1a: Dondozo|slp\n|move|p1a: Dondozo|Sleep Talk|p1a: Dondozo\n|move|p1a: Dondozo|Heavy Slam|p2a: Zamazenta|[from]move: Sleep Talk\n|-damage|p2a: Zamazenta|9\/100 tox\n|\n|-damage|p2a: Zamazenta|0 fnt|[from] psn\n|faint|p2a: Zamazenta\n|upkeep\n|inactive|gorpcoregainz has 120 seconds left.\n|\n|t:|1699775674\n|switch|p2a: Zapdos|Zapdos|82\/100 tox\n|-ability|p2a: Zapdos|Pressure\n|turn|34\n|\n|t:|1699775681\n|switch|p1a: Clodsire|Clodsire, M|34\/100\n|move|p2a: Zapdos|Thunderbolt|p1a: Clodsire\n|-immune|p1a: Clodsire\n|\n|-damage|p2a: Zapdos|76\/100 tox|[from] psn\n|upkeep\n|turn|35\n|\n|t:|1699775690\n|move|p2a: Zapdos|Hurricane|p1a: Clodsire|[miss]\n|-miss|p2a: Zapdos|p1a: Clodsire\n|move|p1a: Clodsire|Recover|p1a: Clodsire\n|-heal|p1a: Clodsire|84\/100\n|\n|-damage|p2a: Zapdos|63\/100 tox|[from] psn\n|upkeep\n|turn|36\n|inactive|thuptendorjee32 has 60 seconds left.\n|\n|t:|1699775703\n|switch|p2a: Dragapult|Dragapult, M|100\/100\n|-damage|p2a: Dragapult|88\/100|[from] Stealth Rock\n|move|p1a: Clodsire|Haze|p1a: Clodsire\n|-clearallboost\n|\n|upkeep\n|turn|37\n|inactive|gorpcoregainz has 120 seconds left.\n|\n|t:|1699775737\n|switch|p1a: Blissey|Blissey, F|82\/100\n|move|p2a: Dragapult|Outrage|p1a: Blissey\n|-damage|p1a: Blissey|0 fnt\n|faint|p1a: Blissey\n|\n|upkeep\n|\n|t:|1699775747\n|switch|p1a: Toxapex|Toxapex, F|67\/100\n|turn|38\n|\n|t:|1699775751\n|-terastallize|p1a: Toxapex|Fairy\n|move|p2a: Dragapult|Outrage|p1a: Toxapex|[from]lockedmove\n|-immune|p1a: Toxapex\n|-start|p2a: Dragapult|confusion|[fatigue]\n|move|p1a: Toxapex|Toxic|p2a: Dragapult\n|-status|p2a: Dragapult|tox\n|\n|-damage|p2a: Dragapult|82\/100 tox|[from] psn\n|upkeep\n|turn|39\n|\n|t:|1699775770\n|switch|p2a: Slowking|Slowking-Galar, M|100\/100\n|-damage|p2a: Slowking|88\/100|[from] Stealth Rock\n|move|p1a: Toxapex|Infestation|p2a: Slowking\n|-damage|p2a: Slowking|86\/100\n|-activate|p2a: Slowking|move: Infestation|[of] p1a: Toxapex\n|\n|-heal|p2a: Slowking|92\/100|[from] item: Leftovers\n|-damage|p2a: Slowking|80\/100|[from] move: Infestation|[partiallytrapped]\n|upkeep\n|turn|40\n|\n|t:|1699775781\n|switch|p1a: Clodsire|Clodsire, M|84\/100\n|move|p2a: Slowking|Sludge Bomb|p1a: Clodsire\n|-resisted|p1a: Clodsire\n|-damage|p1a: Clodsire|80\/100\n|\n|-heal|p2a: Slowking|86\/100|[from] item: Leftovers\n|-end|p2a: Slowking|Infestation|[partiallytrapped]|[silent]\n|upkeep\n|turn|41\n|\n|t:|1699775791\n|switch|p2a: Dragapult|Dragapult, M|82\/100 tox\n|-damage|p2a: Dragapult|70\/100 tox|[from] Stealth Rock\n|move|p1a: Clodsire|Earthquake|p2a: Dragapult\n|-damage|p2a: Dragapult|36\/100 tox\n|\n|-damage|p2a: Dragapult|30\/100 tox|[from] psn\n|upkeep\n|turn|42\n|inactive|thuptendorjee32 has 90 seconds left.\n|\n|t:|1699775800\n|switch|p1a: Toxapex|Toxapex, F, tera:Fairy|99\/100\n|move|p2a: Dragapult|Phantom Force||[still]\n|-prepare|p2a: Dragapult|Phantom Force\n|\n|-damage|p2a: Dragapult|18\/100 tox|[from] psn\n|upkeep\n|turn|43\n|inactive|thuptendorjee32 has 90 seconds left.\n|\n|t:|1699775814\n|switch|p1a: Dondozo|Dondozo, F|77\/100 slp\n|move|p2a: Dragapult|Phantom Force|p1a: Dondozo|[from]lockedmove\n|-damage|p1a: Dondozo|44\/100 slp\n|\n|-damage|p2a: Dragapult|0 fnt|[from] psn\n|faint|p2a: Dragapult\n|upkeep\n|\n|t:|1699775822\n|switch|p2a: Zapdos|Zapdos|63\/100 tox\n|-ability|p2a: Zapdos|Pressure\n|turn|44\n|\n|t:|1699775828\n|switch|p1a: Clodsire|Clodsire, M|80\/100\n|move|p2a: Zapdos|Hurricane|p1a: Clodsire\n|-damage|p1a: Clodsire|50\/100\n|-start|p1a: Clodsire|confusion\n|\n|-damage|p2a: Zapdos|57\/100 tox|[from] psn\n|upkeep\n|turn|45\n|\n|t:|1699775836\n|move|p2a: Zapdos|Hurricane|p1a: Clodsire\n|-damage|p1a: Clodsire|22\/100\n|-activate|p1a: Clodsire|confusion\n|-damage|p1a: Clodsire|14\/100|[from] confusion\n|\n|-damage|p2a: Zapdos|45\/100 tox|[from] psn\n|upkeep\n|turn|46\n|\n|t:|1699775845\n|move|p2a: Zapdos|Heat Wave|p1a: Clodsire\n|-crit|p1a: Clodsire\n|-damage|p1a: Clodsire|0 fnt\n|faint|p1a: Clodsire\n|\n|-damage|p2a: Zapdos|26\/100 tox|[from] psn\n|upkeep\n|\n|t:|1699775853\n|switch|p1a: Toxapex|Toxapex, F, tera:Fairy|100\/100\n|turn|47\n|\n|t:|1699775857\n|move|p2a: Zapdos|Volt Switch|p1a: Toxapex\n|-damage|p1a: Toxapex|74\/100\n|\n|t:|1699775863\n|switch|p2a: Toxapex|Toxapex, M|100\/100|[from] Volt Switch\n|-damage|p2a: Toxapex|88\/100|[from] Stealth Rock\n|move|p1a: Toxapex|Infestation|p2a: Toxapex\n|-resisted|p2a: Toxapex\n|-damage|p2a: Toxapex|87\/100\n|-activate|p2a: Toxapex|move: Infestation|[of] p1a: Toxapex\n|\n|-heal|p2a: Toxapex|93\/100|[from] item: Black Sludge\n|-damage|p2a: Toxapex|81\/100|[from] move: Infestation|[partiallytrapped]\n|upkeep\n|turn|48\n|\n|t:|1699775873\n|move|p1a: Toxapex|Recover|p1a: Toxapex\n|-heal|p1a: Toxapex|100\/100\n|move|p2a: Toxapex|Toxic|p1a: Toxapex\n|-status|p1a: Toxapex|tox\n|\n|-heal|p2a: Toxapex|87\/100|[from] item: Black Sludge\n|-damage|p1a: Toxapex|94\/100 tox|[from] psn\n|-damage|p2a: Toxapex|74\/100|[from] move: Infestation|[partiallytrapped]\n|upkeep\n|turn|49\n|\n|t:|1699775884\n|move|p1a: Toxapex|Recover|p1a: Toxapex\n|-heal|p1a: Toxapex|100\/100 tox\n|move|p2a: Toxapex|Surf|p1a: Toxapex\n|-damage|p1a: Toxapex|84\/100 tox\n|\n|-heal|p2a: Toxapex|81\/100|[from] item: Black Sludge\n|-damage|p1a: Toxapex|71\/100 tox|[from] psn\n|-damage|p2a: Toxapex|68\/100|[from] move: Infestation|[partiallytrapped]\n|upkeep\n|turn|50\n|\n|t:|1699775902\n|move|p2a: Toxapex|Surf|p1a: Toxapex\n|-damage|p1a: Toxapex|54\/100 tox\n|move|p1a: Toxapex|Recover|p1a: Toxapex\n|-heal|p1a: Toxapex|100\/100 tox\n|\n|-heal|p2a: Toxapex|74\/100|[from] item: Black Sludge\n|-damage|p1a: Toxapex|82\/100 tox|[from] psn\n|-damage|p2a: Toxapex|62\/100|[from] move: Infestation|[partiallytrapped]\n|upkeep\n|turn|51\n|\n|t:|1699775911\n|switch|p1a: Alomomola|Alomomola, F, shiny|93\/100 tox\n|move|p2a: Toxapex|Surf|p1a: Alomomola\n|-resisted|p1a: Alomomola\n|-damage|p1a: Alomomola|82\/100 tox\n|\n|-heal|p2a: Toxapex|68\/100|[from] item: Black Sludge\n|-damage|p1a: Alomomola|75\/100 tox|[from] psn\n|-end|p2a: Toxapex|Infestation|[partiallytrapped]|[silent]\n|upkeep\n|turn|52\n|\n|t:|1699775920\n|move|p1a: Alomomola|Whirlpool|p2a: Toxapex\n|-resisted|p2a: Toxapex\n|-damage|p2a: Toxapex|66\/100\n|-activate|p2a: Toxapex|move: Whirlpool|[of] p1a: Alomomola\n|move|p2a: Toxapex|Surf|p1a: Alomomola\n|-resisted|p1a: Alomomola\n|-damage|p1a: Alomomola|65\/100 tox\n|\n|-heal|p2a: Toxapex|72\/100|[from] item: Black Sludge\n|-damage|p1a: Alomomola|53\/100 tox|[from] psn\n|-damage|p2a: Toxapex|60\/100|[from] move: Whirlpool|[partiallytrapped]\n|upkeep\n|turn|53\n|\n|t:|1699775931\n|move|p1a: Alomomola|Wish|p1a: Alomomola\n|move|p2a: Toxapex|Surf|p1a: Alomomola\n|-resisted|p1a: Alomomola\n|-damage|p1a: Alomomola|41\/100 tox\n|\n|-heal|p2a: Toxapex|66\/100|[from] item: Black Sludge\n|-damage|p1a: Alomomola|23\/100 tox|[from] psn\n|-damage|p2a: Toxapex|53\/100|[from] move: Whirlpool|[partiallytrapped]\n|upkeep\n|turn|54\n|\n|t:|1699775944\n|switch|p1a: Dondozo|Dondozo, F|44\/100 slp\n|move|p2a: Toxapex|Surf|p1a: Dondozo\n|-resisted|p1a: Dondozo\n|-damage|p1a: Dondozo|35\/100 slp\n|\n|-heal|p1a: Dondozo|88\/100 slp|[from] move: Wish|[wisher] Alomomola\n|-heal|p2a: Toxapex|60\/100|[from] item: Black Sludge\n|-end|p2a: Toxapex|Whirlpool|[partiallytrapped]|[silent]\n|upkeep\n|turn|55\n|\n|t:|1699775957\n|move|p2a: Toxapex|Surf|p1a: Dondozo\n|-resisted|p1a: Dondozo\n|-damage|p1a: Dondozo|79\/100 slp\n|-curestatus|p1a: Dondozo|slp|[msg]\n|move|p1a: Dondozo|Heavy Slam|p2a: Toxapex\n|-resisted|p2a: Toxapex\n|-damage|p2a: Toxapex|47\/100\n|\n|-heal|p2a: Toxapex|53\/100|[from] item: Black Sludge\n|upkeep\n|turn|56\n|\n|t:|1699775966\n|move|p2a: Toxapex|Toxic|p1a: Dondozo\n|-status|p1a: Dondozo|tox\n|move|p1a: Dondozo|Heavy Slam|p2a: Toxapex\n|-resisted|p2a: Toxapex\n|-damage|p2a: Toxapex|42\/100\n|\n|-heal|p2a: Toxapex|48\/100|[from] item: Black Sludge\n|-damage|p1a: Dondozo|73\/100 tox|[from] psn\n|upkeep\n|turn|57\n|\n|t:|1699775978\n|move|p2a: Toxapex|Protect|p2a: Toxapex\n|-singleturn|p2a: Toxapex|Protect\n|move|p1a: Dondozo|Heavy Slam|p2a: Toxapex\n|-activate|p2a: Toxapex|move: Protect\n|\n|-heal|p2a: Toxapex|54\/100|[from] item: Black Sludge\n|-damage|p1a: Dondozo|60\/100 tox|[from] psn\n|upkeep\n|turn|58\n|inactive|gorpcoregainz has 120 seconds left.\n|\n|t:|1699776012\n|move|p1a: Dondozo|Heavy Slam|p2a: Toxapex\n|-resisted|p2a: Toxapex\n|-damage|p2a: Toxapex|43\/100\n|move|p2a: Toxapex|Surf|p1a: Dondozo\n|-resisted|p1a: Dondozo\n|-damage|p1a: Dondozo|51\/100 tox\n|\n|-heal|p2a: Toxapex|49\/100|[from] item: Black Sludge\n|-damage|p1a: Dondozo|32\/100 tox|[from] psn\n|upkeep\n|turn|59\n|\n|t:|1699776021\n|switch|p2a: Zapdos|Zapdos|26\/100 tox\n|-ability|p2a: Zapdos|Pressure\n|move|p1a: Dondozo|Rest|p1a: Dondozo\n|-status|p1a: Dondozo|slp|[from] move: Rest\n|-heal|p1a: Dondozo|100\/100 slp|[silent]\n|\n|-damage|p2a: Zapdos|20\/100 tox|[from] psn\n|upkeep\n|turn|60\n|\n|t:|1699776032\n|move|p2a: Zapdos|Thunderbolt|p1a: Dondozo\n|-supereffective|p1a: Dondozo\n|-damage|p1a: Dondozo|11\/100 slp\n|cant|p1a: Dondozo|slp\n|move|p1a: Dondozo|Sleep Talk|p1a: Dondozo\n|move|p1a: Dondozo|Rest||[from]move: Sleep Talk|[still]\n|-fail|p1a: Dondozo\n|\n|-damage|p2a: Zapdos|7\/100 tox|[from] psn\n|upkeep\n|turn|61\n|\n|t:|1699776041\n|switch|p1a: Talonflame|Talonflame, F|48\/100\n|move|p2a: Zapdos|Thunderbolt|p1a: Talonflame\n|-supereffective|p1a: Talonflame\n|-damage|p1a: Talonflame|0 fnt\n|faint|p1a: Talonflame\n|\n|-damage|p2a: Zapdos|0 fnt|[from] psn\n|faint|p2a: Zapdos\n|upkeep\n|\n|t:|1699776058\n|switch|p1a: Alomomola|Alomomola, F, shiny|56\/100 tox\n|switch|p2a: Cinderace|Cinderace, F|100\/100\n|-damage|p2a: Cinderace|76\/100|[from] Stealth Rock\n|turn|62\n|\n|t:|1699776065\n|move|p2a: Cinderace|High Jump Kick|p1a: Alomomola\n|-start|p2a: Cinderace|typechange|Fighting|[from] ability: Libero\n|-damage|p1a: Alomomola|0 fnt\n|faint|p1a: Alomomola\n|\n|upkeep\n|\n|t:|1699776071\n|switch|p1a: Toxapex|Toxapex, F, tera:Fairy|100\/100 tox\n|turn|63\n|\n|t:|1699776077\n|switch|p2a: Toxapex|Toxapex, M|82\/100\n|-damage|p2a: Toxapex|70\/100|[from] Stealth Rock\n|move|p1a: Toxapex|Toxic|p2a: Toxapex\n|-immune|p2a: Toxapex\n|\n|-heal|p2a: Toxapex|76\/100|[from] item: Black Sludge\n|-damage|p1a: Toxapex|94\/100 tox|[from] psn\n|upkeep\n|turn|64\n|\n|t:|1699776087\n|switch|p1a: Dondozo|Dondozo, F|11\/100 slp\n|move|p2a: Toxapex|Surf|p1a: Dondozo\n|-resisted|p1a: Dondozo\n|-damage|p1a: Dondozo|2\/100 slp\n|\n|-heal|p2a: Toxapex|82\/100|[from] item: Black Sludge\n|upkeep\n|turn|65\n|\n|t:|1699776094\n|move|p2a: Toxapex|Surf|p1a: Dondozo\n|-resisted|p1a: Dondozo\n|-damage|p1a: Dondozo|0 fnt\n|faint|p1a: Dondozo\n|\n|-heal|p2a: Toxapex|89\/100|[from] item: Black Sludge\n|upkeep\n|\n|t:|1699776100\n|switch|p1a: Toxapex|Toxapex, F, tera:Fairy|100\/100 tox\n|turn|66\n|c|\u2606gorpcoregainz|stall da best playstle\n|\n|t:|1699776109\n|move|p1a: Toxapex|Infestation|p2a: Toxapex\n|-resisted|p2a: Toxapex\n|-damage|p2a: Toxapex|87\/100\n|-activate|p2a: Toxapex|move: Infestation|[of] p1a: Toxapex\n|move|p2a: Toxapex|Surf|p1a: Toxapex\n|-damage|p1a: Toxapex|84\/100 tox\n|\n|-heal|p2a: Toxapex|93\/100|[from] item: Black Sludge\n|-damage|p1a: Toxapex|77\/100 tox|[from] psn\n|-damage|p2a: Toxapex|81\/100|[from] move: Infestation|[partiallytrapped]\n|upkeep\n|turn|67\n|c|\u2606thuptendorjee32|it is\n|inactive|gorpcoregainz has 120 seconds left.\n|c|\u2606gorpcoregainz|your whole ass stall team got fucked\n|\n|t:|1699776142\n|move|p1a: Toxapex|Infestation|p2a: Toxapex\n|-resisted|p2a: Toxapex\n|-damage|p2a: Toxapex|80\/100\n|move|p2a: Toxapex|Surf|p1a: Toxapex\n|-damage|p1a: Toxapex|61\/100 tox\n|\n|-heal|p2a: Toxapex|86\/100|[from] item: Black Sludge\n|-damage|p1a: Toxapex|48\/100 tox|[from] psn\n|-damage|p2a: Toxapex|74\/100|[from] move: Infestation|[partiallytrapped]\n|upkeep\n|turn|68\n|\n|t:|1699776153\n|move|p2a: Toxapex|Protect|p2a: Toxapex\n|-singleturn|p2a: Toxapex|Protect\n|move|p1a: Toxapex|Recover|p1a: Toxapex\n|-heal|p1a: Toxapex|98\/100 tox\n|\n|-heal|p2a: Toxapex|80\/100|[from] item: Black Sludge\n|-damage|p1a: Toxapex|79\/100 tox|[from] psn\n|-damage|p2a: Toxapex|67\/100|[from] move: Infestation|[partiallytrapped]\n|upkeep\n|turn|69\n|\n|t:|1699776164\n|move|p2a: Toxapex|Haze|p2a: Toxapex\n|-clearallboost\n|move|p1a: Toxapex|Infestation|p2a: Toxapex\n|-resisted|p2a: Toxapex\n|-crit|p2a: Toxapex\n|-damage|p2a: Toxapex|66\/100\n|\n|-heal|p2a: Toxapex|72\/100|[from] item: Black Sludge\n|-damage|p1a: Toxapex|54\/100 tox|[from] psn\n|-damage|p2a: Toxapex|60\/100|[from] move: Infestation|[partiallytrapped]\n|upkeep\n|turn|70\n|\n|t:|1699776174\n|move|p2a: Toxapex|Protect|p2a: Toxapex\n|-singleturn|p2a: Toxapex|Protect\n|move|p1a: Toxapex|Recover|p1a: Toxapex\n|-heal|p1a: Toxapex|100\/100 tox\n|\n|-heal|p2a: Toxapex|66\/100|[from] item: Black Sludge\n|-damage|p1a: Toxapex|69\/100 tox|[from] psn\n|-end|p2a: Toxapex|Infestation|[partiallytrapped]\n|upkeep\n|turn|71\n|\n|t:|1699776182\n|move|p1a: Toxapex|Infestation|p2a: Toxapex\n|-resisted|p2a: Toxapex\n|-damage|p2a: Toxapex|65\/100\n|-activate|p2a: Toxapex|move: Infestation|[of] p1a: Toxapex\n|move|p2a: Toxapex|Haze|p2a: Toxapex\n|-clearallboost\n|\n|-heal|p2a: Toxapex|71\/100|[from] item: Black Sludge\n|-damage|p1a: Toxapex|32\/100 tox|[from] psn\n|-damage|p2a: Toxapex|58\/100|[from] move: Infestation|[partiallytrapped]\n|upkeep\n|turn|72\n|c|\u2606thuptendorjee32|even when i lose it still makes people mad lol\n|c|\u2606thuptendorjee32|win win\n|\n|t:|1699776199\n|move|p1a: Toxapex|Recover|p1a: Toxapex\n|-heal|p1a: Toxapex|82\/100 tox\n|move|p2a: Toxapex|Toxic|p1a: Toxapex\n|-fail|p1a: Toxapex|tox\n|\n|-heal|p2a: Toxapex|65\/100|[from] item: Black Sludge\n|-damage|p1a: Toxapex|38\/100 tox|[from] psn\n|-damage|p2a: Toxapex|52\/100|[from] move: Infestation|[partiallytrapped]\n|upkeep\n|turn|73\n|c|\u2606gorpcoregainz|im thrilled rn\n|\n|t:|1699776213\n|move|p2a: Toxapex|Protect|p2a: Toxapex\n|-singleturn|p2a: Toxapex|Protect\n|move|p1a: Toxapex|Recover|p1a: Toxapex\n|-heal|p1a: Toxapex|88\/100 tox\n|\n|-heal|p2a: Toxapex|58\/100|[from] item: Black Sludge\n|-damage|p1a: Toxapex|38\/100 tox|[from] psn\n|-damage|p2a: Toxapex|46\/100|[from] move: Infestation|[partiallytrapped]\n|upkeep\n|turn|74\n|c|\u2606thuptendorjee32|nah\n|c|\u2606gorpcoregainz|how do you know\n|\n|t:|1699776225\n|move|p2a: Toxapex|Protect|p2a: Toxapex\n|-singleturn|p2a: Toxapex|Protect\n|move|p1a: Toxapex|Recover|p1a: Toxapex\n|-heal|p1a: Toxapex|88\/100 tox\n|\n|-heal|p2a: Toxapex|52\/100|[from] item: Black Sludge\n|-damage|p1a: Toxapex|32\/100 tox|[from] psn\n|-damage|p2a: Toxapex|40\/100|[from] move: Infestation|[partiallytrapped]\n|upkeep\n|turn|75\n|c|\u2606thuptendorjee32|because you said it was cancer\n|\n|t:|1699776240\n|move|p1a: Toxapex|Infestation|p2a: Toxapex\n|-resisted|p2a: Toxapex\n|-damage|p2a: Toxapex|39\/100\n|move|p2a: Toxapex|Toxic|p1a: Toxapex\n|-fail|p1a: Toxapex|tox\n|\n|-heal|p2a: Toxapex|45\/100|[from] item: Black Sludge\n|-damage|p1a: Toxapex|0 fnt|[from] psn\n|faint|p1a: Toxapex\n|\n|win|gorpcoregainz\n|upkeep\n|raw|thuptendorjee32's rating: 1079 &rarr; <strong>1057<\/strong><br \/>(-22 for losing)\n|raw|gorpcoregainz's rating: 1077 &rarr; <strong>1106<\/strong><br \/>(+29 for winning)\n","uploadtime":1699776142,"views":9,"p1id":"thuptendorjee32","p2id":"gorpcoregainz","formatid":"gen9ou","rating":1057,"private":0,"password":""}