{"id":"gen9ou-1995377300","p1":"Gliscorium Z","p2":"Gengars Destiny","format":"[Gen 9] OU","log":"|j|\u2606Gliscorium Z\n|j|\u2606Gengars Destiny\n|t:|1700562394\n|gametype|singles\n|player|p1|Gliscorium Z|caitlin|1420\n|player|p2|Gengars Destiny|steven|1321\n|teamsize|p1|6\n|teamsize|p2|6\n|gen|9\n|tier|[Gen 9] OU\n|rated|\n|rule|Sleep Clause Mod: Limit one foe put to sleep\n|rule|Species Clause: Limit one of each Pok\u00e9mon\n|rule|OHKO Clause: OHKO moves are banned\n|rule|Evasion Items Clause: Evasion items are banned\n|rule|Evasion Moves Clause: Evasion moves are banned\n|rule|Endless Battle Clause: Forcing endless battles is banned\n|rule|HP Percentage Mod: HP is shown in percentages\n|clearpoke\n|poke|p1|Weavile, M|\n|poke|p1|Clefable, F|\n|poke|p1|Tornadus-Therian, M|\n|poke|p1|Kingambit, M|\n|poke|p1|Great Tusk|\n|poke|p1|Garchomp, F|\n|poke|p2|Greninja-*, M|\n|poke|p2|Great Tusk|\n|poke|p2|Garchomp, M|\n|poke|p2|Manaphy|\n|poke|p2|Zamazenta-*|\n|poke|p2|Gholdengo|\n|teampreview\n|inactive|Battle timer is ON: inactive players will automatically lose when time's up. (requested by Gliscorium Z)\n|inactive|Gengars Destiny has 120 seconds left.\n|\n|t:|1700562430\n|start\n|switch|p1a: return to ou|Tornadus-Therian, M|100\/100\n|switch|p2a: Zamazenta|Zamazenta|100\/100\n|-ability|p2a: Zamazenta|Dauntless Shield|boost\n|-boost|p2a: Zamazenta|def|1\n|turn|1\n|\n|t:|1700562436\n|move|p2a: Zamazenta|Wild Charge|p1a: return to ou\n|-supereffective|p1a: return to ou\n|-damage|p1a: return to ou|5\/100\n|-damage|p2a: Zamazenta|74\/100|[from] Recoil\n|move|p1a: return to ou|Hurricane|p2a: Zamazenta\n|-supereffective|p2a: Zamazenta\n|-damage|p2a: Zamazenta|2\/100\n|-start|p2a: Zamazenta|confusion\n|\n|upkeep\n|turn|2\n|\n|t:|1700562443\n|switch|p1a: i will stay ou|Garchomp, F|100\/100\n|-activate|p2a: Zamazenta|confusion\n|-damage|p2a: Zamazenta|0 fnt|[from] confusion\n|faint|p2a: Zamazenta\n|\n|upkeep\n|\n|t:|1700562449\n|switch|p2a: Greninja|Greninja, M|100\/100\n|turn|3\n|\n|t:|1700562456\n|switch|p1a: i'm back too|Clefable, F|100\/100\n|move|p2a: Greninja|Ice Beam|p1a: i'm back too\n|-damage|p1a: i'm back too|69\/100\n|-damage|p2a: Greninja|91\/100|[from] item: Life Orb\n|\n|-heal|p1a: i'm back too|75\/100|[from] item: Leftovers\n|upkeep\n|turn|4\n|\n|t:|1700562462\n|switch|p2a: Gholdengo|Gholdengo|100\/100\n|move|p1a: i'm back too|Moonlight|p1a: i'm back too\n|-heal|p1a: i'm back too|100\/100\n|\n|upkeep\n|turn|5\n|\n|t:|1700562468\n|switch|p1a: Kingambit|Kingambit, M|100\/100\n|move|p2a: Gholdengo|Make It Rain|p1a: Kingambit\n|-resisted|p1a: Kingambit\n|-damage|p1a: Kingambit|53\/100\n|-unboost|p2a: Gholdengo|spa|1\n|\n|-heal|p1a: Kingambit|60\/100|[from] item: Leftovers\n|upkeep\n|turn|6\n|\n|t:|1700562476\n|switch|p2a: Great Tusk|Great Tusk|100\/100\n|-end|p1a: Kingambit|fallenundefined|[silent]\n|switch|p1a: i am back|Weavile, M|100\/100\n|-ability|p1a: i am back|Pressure\n|\n|upkeep\n|turn|7\n|inactive|Gengars Destiny has 120 seconds left.\n|\n|t:|1700562515\n|move|p1a: i am back|Icicle Crash|p2a: Great Tusk\n|-supereffective|p2a: Great Tusk\n|-damage|p2a: Great Tusk|41\/100\n|move|p2a: Great Tusk|Close Combat|p1a: i am back\n|-supereffective|p1a: i am back\n|-damage|p1a: i am back|0 fnt\n|-unboost|p2a: Great Tusk|def|1\n|-unboost|p2a: Great Tusk|spd|1\n|faint|p1a: i am back\n|\n|-heal|p2a: Great Tusk|47\/100|[from] item: Leftovers\n|upkeep\n|\n|t:|1700562522\n|switch|p1a: i will stay ou|Garchomp, F|100\/100\n|turn|8\n|\n|t:|1700562532\n|move|p1a: i will stay ou|Scale Shot|p2a: Great Tusk|[miss]\n|-miss|p1a: i will stay ou|p2a: Great Tusk\n|move|p2a: Great Tusk|Stealth Rock|p1a: i will stay ou\n|-sidestart|p1: Gliscorium Z|move: Stealth Rock\n|\n|-heal|p2a: Great Tusk|53\/100|[from] item: Leftovers\n|upkeep\n|turn|9\n|\n|t:|1700562537\n|move|p1a: i will stay ou|Scale Shot|p2a: Great Tusk\n|-damage|p2a: Great Tusk|38\/100\n|-damage|p2a: Great Tusk|24\/100\n|-damage|p2a: Great Tusk|9\/100\n|-damage|p2a: Great Tusk|0 fnt\n|faint|p2a: Great Tusk\n|-end|p2a: Great Tusk|Protosynthesis|[silent]\n|-hitcount|p2: Great Tusk|4\n|-unboost|p1a: i will stay ou|def|1\n|-boost|p1a: i will stay ou|spe|1\n|\n|upkeep\n|\n|t:|1700562545\n|switch|p2a: Manaphy|Manaphy|100\/100\n|turn|10\n|\n|t:|1700562554\n|-terastallize|p1a: i will stay ou|Poison\n|move|p1a: i will stay ou|Swords Dance|p1a: i will stay ou\n|-boost|p1a: i will stay ou|atk|2\n|move|p2a: Manaphy|Dazzling Gleam|p1a: i will stay ou\n|-resisted|p1a: i will stay ou\n|-damage|p1a: i will stay ou|89\/100\n|\n|-heal|p1a: i will stay ou|95\/100|[from] item: Leftovers\n|upkeep\n|turn|11\n|\n|t:|1700562561\n|move|p1a: i will stay ou|Earthquake|p2a: Manaphy\n|-damage|p2a: Manaphy|3\/100\n|move|p2a: Manaphy|Surf|p1a: i will stay ou\n|-damage|p1a: i will stay ou|49\/100\n|\n|-heal|p1a: i will stay ou|55\/100|[from] item: Leftovers\n|-heal|p2a: Manaphy|9\/100|[from] item: Leftovers\n|upkeep\n|turn|12\n|\n|t:|1700562567\n|move|p1a: i will stay ou|Earthquake|p2a: Manaphy\n|-crit|p2a: Manaphy\n|-damage|p2a: Manaphy|0 fnt\n|faint|p2a: Manaphy\n|\n|-heal|p1a: i will stay ou|62\/100|[from] item: Leftovers\n|upkeep\n|\n|t:|1700562569\n|switch|p2a: Garchomp|Garchomp, M|100\/100\n|turn|13\n|\n|t:|1700562581\n|move|p1a: i will stay ou|Scale Shot|p2a: Garchomp\n|-supereffective|p2a: Garchomp\n|-damage|p2a: Garchomp|50\/100\n|-supereffective|p2a: Garchomp\n|-damage|p2a: Garchomp|1\/100\n|-supereffective|p2a: Garchomp\n|-damage|p2a: Garchomp|0 fnt\n|faint|p2a: Garchomp\n|-hitcount|p2: Garchomp|3\n|-unboost|p1a: i will stay ou|def|1\n|-boost|p1a: i will stay ou|spe|1\n|\n|-heal|p1a: i will stay ou|68\/100|[from] item: Leftovers\n|upkeep\n|\n|t:|1700562584\n|switch|p2a: Greninja|Greninja, M|91\/100\n|turn|14\n|\n|t:|1700562587\n|move|p2a: Greninja|Water Shuriken|p1a: i will stay ou\n|-damage|p1a: i will stay ou|58\/100\n|-damage|p1a: i will stay ou|49\/100\n|-hitcount|p1a: i will stay ou|2\n|-damage|p2a: Greninja|81\/100|[from] item: Life Orb\n|move|p1a: i will stay ou|Earthquake|p2a: Greninja\n|-damage|p2a: Greninja|0 fnt\n|faint|p2a: Greninja\n|\n|-heal|p1a: i will stay ou|55\/100|[from] item: Leftovers\n|upkeep\n|\n|t:|1700562590\n|switch|p2a: Gholdengo|Gholdengo|100\/100\n|turn|15\n|\n|t:|1700562592\n|-terastallize|p2a: Gholdengo|Water\n|move|p1a: i will stay ou|Earthquake|p2a: Gholdengo\n|-damage|p2a: Gholdengo|0 fnt\n|faint|p2a: Gholdengo\n|\n|win|Gliscorium Z\n|raw|Gliscorium Z's rating: 1420 &rarr; <strong>1434<\/strong><br \/>(+14 for winning)\n|raw|Gengars Destiny's rating: 1321 &rarr; <strong>1307<\/strong><br \/>(-14 for losing)\n|l|\u2606Gengars Destiny\n|c|\u2606Gliscorium Z|gg\n","uploadtime":1700562598,"views":3,"p1id":"gliscoriumz","p2id":"gengarsdestiny","formatid":"gen9ou","rating":1307,"private":0,"password":""}