{"id":"gen9ou-1990016599","p1":"TSTRNBSN6","p2":"Violet Mask","format":"[Gen 9] OU","log":"|j|\u2606TSTRNBSN6\n|j|\u2606Violet Mask\n|t:|1699915701\n|gametype|singles\n|player|p1|TSTRNBSN6|2|1496\n|player|p2|Violet Mask|skyla|1505\n|teamsize|p1|6\n|teamsize|p2|6\n|gen|9\n|tier|[Gen 9] OU\n|rated|\n|rule|Sleep Clause Mod: Limit one foe put to sleep\n|rule|Species Clause: Limit one of each Pok\u00e9mon\n|rule|OHKO Clause: OHKO moves are banned\n|rule|Evasion Items Clause: Evasion items are banned\n|rule|Evasion Moves Clause: Evasion moves are banned\n|rule|Endless Battle Clause: Forcing endless battles is banned\n|rule|HP Percentage Mod: HP is shown in percentages\n|clearpoke\n|poke|p1|Ogerpon-Wellspring, F|\n|poke|p1|Moltres-Galar|\n|poke|p1|Gholdengo|\n|poke|p1|Enamorus-Therian, F|\n|poke|p1|Iron Hands|\n|poke|p1|Ninetales-Alola, F|\n|poke|p2|Toxapex, F|\n|poke|p2|Blissey, F|\n|poke|p2|Tornadus-Therian, M|\n|poke|p2|Corviknight, F|\n|poke|p2|Garchomp, M|\n|poke|p2|Skeledirge, M|\n|teampreview\n|inactive|Battle timer is ON: inactive players will automatically lose when time's up. (requested by Violet Mask)\n|inactive|Violet Mask has 120 seconds left.\n|\n|t:|1699915733\n|start\n|switch|p1a: Ninetales|Ninetales-Alola, F|100\/100\n|switch|p2a: Skeledirge|Skeledirge, M|100\/100\n|-weather|Snow|[from] ability: Snow Warning|[of] p1a: Ninetales\n|turn|1\n|\n|t:|1699915737\n|move|p1a: Ninetales|Aurora Veil|p1a: Ninetales\n|-sidestart|p1: TSTRNBSN6|move: Aurora Veil\n|move|p2a: Skeledirge|Torch Song|p1a: Ninetales\n|-supereffective|p1a: Ninetales\n|-damage|p1a: Ninetales|62\/100\n|-boost|p2a: Skeledirge|spa|1\n|\n|-weather|Snow|[upkeep]\n|upkeep\n|turn|2\n|\n|t:|1699915743\n|switch|p1a: Ogerpon|Ogerpon-Wellspring, F|100\/100\n|move|p2a: Skeledirge|Torch Song|p1a: Ogerpon\n|-damage|p1a: Ogerpon|76\/100\n|-boost|p2a: Skeledirge|spa|1\n|\n|-weather|Snow|[upkeep]\n|upkeep\n|turn|3\n|\n|t:|1699915751\n|switch|p1a: Iron Hands|Iron Hands|100\/100\n|-terastallize|p2a: Skeledirge|Fairy\n|move|p2a: Skeledirge|Will-O-Wisp|p1a: Iron Hands\n|-status|p1a: Iron Hands|brn\n|\n|-weather|Snow|[upkeep]\n|-damage|p1a: Iron Hands|94\/100 brn|[from] brn\n|upkeep\n|turn|4\n|\n|t:|1699915771\n|switch|p2a: Corviknight|Corviknight, F|100\/100\n|-ability|p2a: Corviknight|Pressure\n|move|p1a: Iron Hands|Ice Punch|p2a: Corviknight\n|-damage|p2a: Corviknight|92\/100\n|-damage|p1a: Iron Hands|78\/100 brn|[from] item: Rocky Helmet|[of] p2a: Corviknight\n|\n|-weather|Snow|[upkeep]\n|-damage|p1a: Iron Hands|71\/100 brn|[from] brn\n|upkeep\n|turn|5\n|\n|t:|1699915777\n|-end|p1a: Iron Hands|Quark Drive|[silent]\n|switch|p1a: Gholdengo|Gholdengo|100\/100\n|move|p2a: Corviknight|Iron Defense|p2a: Corviknight\n|-boost|p2a: Corviknight|def|2\n|\n|-weather|none\n|upkeep\n|turn|6\n|\n|t:|1699915795\n|switch|p2a: Blissey|Blissey, F|100\/100\n|move|p1a: Gholdengo|Thunder Wave|p2a: Blissey\n|-status|p2a: Blissey|par\n|\n|upkeep\n|turn|7\n|\n|t:|1699915801\n|switch|p1a: Enamorus|Enamorus-Therian, F|100\/100\n|move|p2a: Blissey|Shadow Ball|p1a: Enamorus\n|-damage|p1a: Enamorus|94\/100\n|\n|upkeep\n|turn|8\n|\n|t:|1699915807\n|-curestatus|p2a: Blissey|par|[from] ability: Natural Cure\n|switch|p2a: Toxapex|Toxapex, F|100\/100\n|move|p1a: Enamorus|Calm Mind|p1a: Enamorus\n|-boost|p1a: Enamorus|spa|1\n|-boost|p1a: Enamorus|spd|1\n|\n|-sideend|p1: TSTRNBSN6|move: Aurora Veil\n|upkeep\n|turn|9\n|\n|t:|1699915811\n|move|p1a: Enamorus|Taunt|p2a: Toxapex\n|-start|p2a: Toxapex|move: Taunt\n|cant|p2a: Toxapex|move: Taunt|Toxic\n|\n|upkeep\n|turn|10\n|\n|t:|1699915820\n|switch|p2a: Skeledirge|Skeledirge, M, tera:Fairy|100\/100\n|move|p1a: Enamorus|Calm Mind|p1a: Enamorus\n|-boost|p1a: Enamorus|spa|1\n|-boost|p1a: Enamorus|spd|1\n|\n|upkeep\n|turn|11\n|\n|t:|1699915829\n|move|p2a: Skeledirge|Will-O-Wisp|p1a: Enamorus\n|-status|p1a: Enamorus|brn\n|move|p1a: Enamorus|Draining Kiss|p2a: Skeledirge\n|-damage|p2a: Skeledirge|77\/100\n|-heal|p1a: Enamorus|100\/100 brn|[from] drain|[of] p2a: Skeledirge\n|\n|-damage|p1a: Enamorus|94\/100 brn|[from] brn\n|upkeep\n|turn|12\n|\n|t:|1699915835\n|move|p2a: Skeledirge|Hex|p1a: Enamorus\n|-damage|p1a: Enamorus|46\/100 brn\n|move|p1a: Enamorus|Taunt|p2a: Skeledirge\n|-start|p2a: Skeledirge|move: Taunt\n|\n|-damage|p1a: Enamorus|40\/100 brn|[from] brn\n|upkeep\n|turn|13\n|c|\u2606TSTRNBSN6|Sad stall virgin\n|c|\u2606TSTRNBSN6|Lucky I'm trolling low ladder kids\n|inactive|TSTRNBSN6 has 120 seconds left.\n|c|\u2606Violet Mask|okk\n|inactive|TSTRNBSN6 has 90 seconds left.\n|inactive|TSTRNBSN6 has 60 seconds left.\n|inactive|TSTRNBSN6 has 30 seconds left.\n|inactive|TSTRNBSN6 has 20 seconds left.\n|inactive|TSTRNBSN6 has 15 seconds left.\n|inactive|TSTRNBSN6 has 10 seconds left.\n|inactive|TSTRNBSN6 has 5 seconds left.\n|c|\u2606Violet Mask|gg bro\n|-message|TSTRNBSN6 lost due to inactivity.\n|\n|win|Violet Mask\n|raw|TSTRNBSN6's rating: 1496 &rarr; <strong>1477<\/strong><br \/>(-19 for losing)\n|raw|Violet Mask's rating: 1505 &rarr; <strong>1524<\/strong><br \/>(+19 for winning)\n|l|\u2606TSTRNBSN6\n","uploadtime":1699915990,"views":6,"p1id":"tstrnbsn6","p2id":"violetmask","formatid":"gen9ou","rating":1477,"private":0,"password":""}