{"id":"gen9ou-1989060596","p1":"AHumanoidBeing","p2":"MtyMiltanks","format":"[Gen 9] OU","log":"|j|\u2606AHumanoidBeing\n|j|\u2606MtyMiltanks\n|t:|1699807816\n|gametype|singles\n|player|p1|AHumanoidBeing|benga|\n|player|p2|MtyMiltanks|lillie|\n|teamsize|p1|5\n|teamsize|p2|1\n|gen|9\n|tier|[Gen 9] OU\n|rule|Sleep Clause Mod: Limit one foe put to sleep\n|rule|Species Clause: Limit one of each Pok\u00e9mon\n|rule|OHKO Clause: OHKO moves are banned\n|rule|Evasion Items Clause: Evasion items are banned\n|rule|Evasion Moves Clause: Evasion moves are banned\n|rule|Endless Battle Clause: Forcing endless battles is banned\n|rule|HP Percentage Mod: HP is shown in percentages\n|clearpoke\n|poke|p1|Cyclizar, F|\n|poke|p1|Zoroark-Hisui, M|\n|poke|p1|Staraptor, M|\n|poke|p1|Stantler, F|\n|poke|p1|Grafaiai, F|\n|poke|p2|Meowscarada, M|\n|teampreview\n|\n|t:|1699807825\n|start\n|switch|p1a: Staraptor|Staraptor, M|100\/100\n|switch|p2a: Meowscarada|Meowscarada, M|100\/100\n|turn|1\n|\n|t:|1699807832\n|move|p1a: Staraptor|Protect|p1a: Staraptor\n|-singleturn|p1a: Staraptor|Protect\n|move|p2a: Meowscarada|Power Gem|p1a: Staraptor\n|-start|p2a: Meowscarada|typechange|Rock|[from] ability: Protean\n|-activate|p1a: Staraptor|move: Protect\n|\n|upkeep\n|turn|2\n|\n|t:|1699807842\n|move|p2a: Meowscarada|Power Gem|p1a: Staraptor\n|-supereffective|p1a: Staraptor\n|-enditem|p1a: Staraptor|Focus Sash\n|-damage|p1a: Staraptor|1\/100\n|move|p1a: Staraptor|Endeavor|p2a: Meowscarada\n|-damage|p2a: Meowscarada|1\/100\n|\n|upkeep\n|turn|3\n|\n|t:|1699807856\n|move|p1a: Staraptor|Protect|p1a: Staraptor\n|-singleturn|p1a: Staraptor|Protect\n|move|p2a: Meowscarada|Sucker Punch||[still]\n|-fail|p2a: Meowscarada\n|\n|upkeep\n|turn|4\n|j| Tubaguia_Ofc\n|j| aceman2798\n|j| Sephiroth25061994\n|\n|t:|1699808065\n|switch|p1a: Stantler|Stantler, F|100\/100\n|move|p2a: Meowscarada|Aura Sphere|p1a: Stantler\n|-supereffective|p1a: Stantler\n|-damage|p1a: Stantler|52\/100\n|\n|upkeep\n|turn|5\n|\n|t:|1699808078\n|move|p2a: Meowscarada|Aura Sphere|p1a: Stantler\n|-supereffective|p1a: Stantler\n|-damage|p1a: Stantler|0 fnt\n|faint|p1a: Stantler\n|\n|upkeep\n|\n|t:|1699808094\n|switch|p1a: Staraptor|Staraptor, M|100\/100\n|turn|6\n|\n|t:|1699808102\n|move|p2a: Meowscarada|Sucker Punch|p1a: Staraptor\n|-supereffective|p1a: Staraptor\n|-damage|p1a: Staraptor|28\/100\n|replace|p1a: Zoroark|Zoroark-Hisui, M\n|-end|p1a: Zoroark|Illusion\n|move|p1a: Zoroark|Flamethrower|p2a: Meowscarada\n|-resisted|p2a: Meowscarada\n|-crit|p2a: Meowscarada\n|-damage|p2a: Meowscarada|0 fnt\n|faint|p2a: Meowscarada\n|\n|win|AHumanoidBeing\n|c|\u2606MtyMiltanks|gg\n|l| Tubaguia_Ofc\n|l|\u2606AHumanoidBeing\n|j|\u2606AHumanoidBeing\n|player|p1|AHumanoidBeing|benga\n","uploadtime":1699808231,"views":53,"p1id":"ahumanoidbeing","p2id":"mtymiltanks","formatid":"gen9ou","rating":0,"private":0,"password":""}