{"id":"gen9ou-1993318075","p1":"Zapsuki","p2":"moope","format":"[Gen 9] OU","log":"|j|\u2606Zapsuki\n|j|\u2606moope\n|t:|1700297160\n|gametype|singles\n|player|p1|Zapsuki|serena-masters2|1593\n|player|p2|moope|iono|1474\n|teamsize|p1|6\n|teamsize|p2|6\n|gen|9\n|tier|[Gen 9] OU\n|rated|\n|rule|Sleep Clause Mod: Limit one foe put to sleep\n|rule|Species Clause: Limit one of each Pok\u00e9mon\n|rule|OHKO Clause: OHKO moves are banned\n|rule|Evasion Items Clause: Evasion items are banned\n|rule|Evasion Moves Clause: Evasion moves are banned\n|rule|Endless Battle Clause: Forcing endless battles is banned\n|rule|HP Percentage Mod: HP is shown in percentages\n|clearpoke\n|poke|p1|Dragonite, F|\n|poke|p1|Garchomp, M|\n|poke|p1|Kommo-o, F|\n|poke|p1|Dragapult, M|\n|poke|p1|Tinkaton, F|\n|poke|p1|Walking Wake|\n|poke|p2|Scizor, M|\n|poke|p2|Dragonite, F|\n|poke|p2|Meowscarada, M|\n|poke|p2|Greninja-*, M|\n|poke|p2|Heatran, F|\n|poke|p2|Maushold|\n|teampreview\n|inactive|Battle timer is ON: inactive players will automatically lose when time's up. (requested by Zapsuki)\n|\n|t:|1700297195\n|start\n|switch|p1a: Walking Wake|Walking Wake|100\/100\n|switch|p2a: Maushold|Maushold|100\/100\n|turn|1\n|\n|t:|1700297208\n|-end|p1a: Walking Wake|Protosynthesis|[silent]\n|switch|p1a: Garchomp|Garchomp, M|100\/100\n|move|p2a: Maushold|Population Bomb|p1a: Garchomp\n|-damage|p1a: Garchomp|92\/100\n|-damage|p2a: Maushold|88\/100|[from] ability: Rough Skin|[of] p1a: Garchomp\n|-damage|p2a: Maushold|71\/100|[from] item: Rocky Helmet|[of] p1a: Garchomp\n|-damage|p1a: Garchomp|82\/100\n|-damage|p2a: Maushold|59\/100|[from] ability: Rough Skin|[of] p1a: Garchomp\n|-damage|p2a: Maushold|42\/100|[from] item: Rocky Helmet|[of] p1a: Garchomp\n|-damage|p1a: Garchomp|74\/100\n|-damage|p2a: Maushold|30\/100|[from] ability: Rough Skin|[of] p1a: Garchomp\n|-damage|p2a: Maushold|13\/100|[from] item: Rocky Helmet|[of] p1a: Garchomp\n|-crit|p1a: Garchomp\n|-damage|p1a: Garchomp|60\/100\n|-damage|p2a: Maushold|1\/100|[from] ability: Rough Skin|[of] p1a: Garchomp\n|-damage|p2a: Maushold|0 fnt|[from] item: Rocky Helmet|[of] p1a: Garchomp\n|faint|p2a: Maushold\n|-hitcount|p1a: Garchomp|4\n|\n|upkeep\n|\n|t:|1700297217\n|switch|p2a: Greninja|Greninja, M|100\/100\n|turn|2\n|\n|t:|1700297219\n|switch|p1a: Tinkaton|Tinkaton, F, shiny|100\/100\n|-ability|p1a: Tinkaton|Mold Breaker\n|move|p2a: Greninja|Ice Beam|p1a: Tinkaton\n|-resisted|p1a: Tinkaton\n|-damage|p1a: Tinkaton|88\/100\n|\n|-heal|p1a: Tinkaton|94\/100|[from] item: Leftovers\n|upkeep\n|turn|3\n|\n|t:|1700297223\n|switch|p2a: Heatran|Heatran, F|100\/100\n|move|p1a: Tinkaton|Thunder Wave|p2a: Heatran\n|-status|p2a: Heatran|par\n|\n|-heal|p1a: Tinkaton|100\/100|[from] item: Leftovers\n|upkeep\n|turn|4\n|\n|t:|1700297235\n|switch|p1a: Garchomp|Garchomp, M|60\/100\n|move|p2a: Heatran|Lava Plume|p1a: Garchomp\n|-resisted|p1a: Garchomp\n|-damage|p1a: Garchomp|42\/100\n|\n|upkeep\n|turn|5\n|\n|t:|1700297243\n|move|p1a: Garchomp|Spikes|p2a: Heatran\n|-sidestart|p2: moope|Spikes\n|move|p2a: Heatran|Flash Cannon|p1a: Garchomp\n|-damage|p1a: Garchomp|4\/100\n|\n|upkeep\n|turn|6\n|\n|t:|1700297248\n|move|p1a: Garchomp|Earthquake|p2a: Heatran\n|-supereffective|p2a: Heatran\n|-damage|p2a: Heatran|0 fnt\n|faint|p2a: Heatran\n|\n|upkeep\n|\n|t:|1700297252\n|switch|p2a: Scizor|Scizor, M|100\/100\n|-damage|p2a: Scizor|88\/100|[from] Spikes\n|turn|7\n|\n|t:|1700297258\n|move|p2a: Scizor|Bullet Punch|p1a: Garchomp\n|-damage|p1a: Garchomp|0 fnt\n|-damage|p2a: Scizor|76\/100|[from] ability: Rough Skin|[of] p1a: Garchomp\n|-damage|p2a: Scizor|59\/100|[from] item: Rocky Helmet|[of] p1a: Garchomp\n|faint|p1a: Garchomp\n|\n|upkeep\n|\n|t:|1700297261\n|switch|p1a: Walking Wake|Walking Wake|100\/100\n|turn|8\n|\n|t:|1700297265\n|move|p2a: Scizor|Bullet Punch|p1a: Walking Wake\n|-resisted|p1a: Walking Wake\n|-damage|p1a: Walking Wake|74\/100\n|move|p1a: Walking Wake|Draco Meteor|p2a: Scizor\n|-resisted|p2a: Scizor\n|-damage|p2a: Scizor|23\/100\n|-unboost|p1a: Walking Wake|spa|2\n|-enditem|p1a: Walking Wake|Eject Pack\n|\n|t:|1700297284\n|-end|p1a: Walking Wake|Protosynthesis|[silent]\n|switch|p1a: Dragonite|Dragonite, F|100\/100\n|\n|upkeep\n|turn|9\n|\n|t:|1700297295\n|move|p2a: Scizor|Bullet Punch|p1a: Dragonite\n|-damage|p1a: Dragonite|73\/100\n|move|p1a: Dragonite|Dragon Dance|p1a: Dragonite\n|-boost|p1a: Dragonite|atk|1\n|-boost|p1a: Dragonite|spe|1\n|\n|upkeep\n|turn|10\n|\n|t:|1700297308\n|-terastallize|p1a: Dragonite|Normal\n|move|p1a: Dragonite|Extreme Speed|p2a: Scizor\n|-resisted|p2a: Scizor\n|-damage|p2a: Scizor|0 fnt\n|faint|p2a: Scizor\n|\n|upkeep\n|\n|t:|1700297328\n|switch|p2a: Dragonite|Dragonite, F|100\/100\n|turn|11\n|\n|t:|1700297331\n|move|p1a: Dragonite|Dragon Claw|p2a: Dragonite\n|-supereffective|p2a: Dragonite\n|-crit|p2a: Dragonite\n|-damage|p2a: Dragonite|0 fnt\n|faint|p2a: Dragonite\n|\n|upkeep\n|\n|t:|1700297346\n|switch|p2a: Meowscarada|Meowscarada, M|100\/100\n|turn|12\n|\n|t:|1700297351\n|move|p1a: Dragonite|Fire Punch|p2a: Meowscarada\n|-supereffective|p2a: Meowscarada\n|-damage|p2a: Meowscarada|0 fnt\n|faint|p2a: Meowscarada\n|\n|upkeep\n|\n|t:|1700297353\n|switch|p2a: Greninja|Greninja, M|100\/100\n|-damage|p2a: Greninja|88\/100|[from] Spikes\n|turn|13\n|\n|t:|1700297364\n|-terastallize|p2a: Greninja|Fairy\n|move|p1a: Dragonite|Extreme Speed|p2a: Greninja\n|-damage|p2a: Greninja|0 fnt\n|faint|p2a: Greninja\n|\n|win|Zapsuki\n|raw|Zapsuki's rating: 1593 &rarr; <strong>1606<\/strong><br \/>(+13 for winning)\n|raw|moope's rating: 1474 &rarr; <strong>1461<\/strong><br \/>(-13 for losing)\n|l|\u2606moope\n","uploadtime":1700297372,"views":12,"p1id":"zapsuki","p2id":"moope","formatid":"gen9ou","rating":1461,"private":0,"password":""}