{"id":"gen9ou-1992634280","p1":"Prince Smurf","p2":"Horrific17","format":"[Gen 9] OU","log":"|j|\u2606Prince Smurf\n|j|\u2606Horrific17\n|t:|1700218074\n|gametype|singles\n|player|p1|Prince Smurf|hop-masters|\n|player|p2|Horrific17|acetrainerf-gen4dp|\n|teamsize|p1|6\n|teamsize|p2|6\n|gen|9\n|tier|[Gen 9] OU\n|rule|Sleep Clause Mod: Limit one foe put to sleep\n|rule|Species Clause: Limit one of each Pok\u00e9mon\n|rule|OHKO Clause: OHKO moves are banned\n|rule|Evasion Items Clause: Evasion items are banned\n|rule|Evasion Moves Clause: Evasion moves are banned\n|rule|Endless Battle Clause: Forcing endless battles is banned\n|rule|HP Percentage Mod: HP is shown in percentages\n|clearpoke\n|poke|p1|Grafaiai, F|\n|poke|p1|Garganacl, M|\n|poke|p1|Talonflame, F|\n|poke|p1|Raichu-Alola, F|\n|poke|p1|Pincurchin, M|\n|poke|p1|Sneasler, F|\n|poke|p2|Samurott-Hisui, M|\n|poke|p2|Hoopa-Unbound|\n|poke|p2|Dragapult, F|\n|poke|p2|Iron Treads|\n|poke|p2|Thundurus, M|\n|poke|p2|Torterra, M|\n|teampreview\n|j| Tsar dragon\n|c| Tsar dragon|gl mewth\n|c|\u2606Prince Smurf|i am half asleep but\n|c|\u2606Prince Smurf|let's do this\n|c| Tsar dragon|sadge\n|\n|t:|1700218113\n|start\n|switch|p1a: Pincurchin|Pincurchin, M|100\/100\n|switch|p2a: Methuselah|Torterra, M|100\/100\n|-fieldstart|move: Electric Terrain|[from] ability: Electric Surge|[of] p1a: Pincurchin\n|turn|1\n|c| Tsar dragon|did u really have nothing better than a pincurchin and a grafaiai :P\n|c|\u2606Prince Smurf|no\n|c| Tsar dragon|rip\n|\n|t:|1700218136\n|switch|p1a: Talonflame|Talonflame, F|100\/100\n|move|p2a: Methuselah|Rock Slide|p1a: Talonflame\n|-supereffective|p1a: Talonflame\n|-damage|p1a: Talonflame|0 fnt\n|faint|p1a: Talonflame\n|\n|upkeep\n|\n|t:|1700218146\n|switch|p1a: Sneasler|Sneasler, F|100\/100\n|-enditem|p1a: Sneasler|Electric Seed\n|-boost|p1a: Sneasler|def|1|[from] item: Electric Seed\n|turn|2\n|\n|t:|1700218197\n|-terastallize|p1a: Sneasler|Flying\n|move|p1a: Sneasler|Swords Dance|p1a: Sneasler\n|-boost|p1a: Sneasler|atk|2\n|move|p2a: Methuselah|Headlong Rush|p1a: Sneasler\n|-immune|p1a: Sneasler\n|\n|upkeep\n|turn|3\n|\n|t:|1700218264\n|switch|p2a: The Sentinel|Iron Treads|100\/100\n|-activate|p2a: The Sentinel|ability: Quark Drive\n|-start|p2a: The Sentinel|quarkdrivespe\n|move|p1a: Sneasler|Acrobatics|p2a: The Sentinel\n|-resisted|p2a: The Sentinel\n|-damage|p2a: The Sentinel|50\/100\n|\n|upkeep\n|turn|4\n|c|\u2606Prince Smurf|epic\n|\n|t:|1700218303\n|move|p1a: Sneasler|Acrobatics|p2a: The Sentinel\n|-resisted|p2a: The Sentinel\n|-damage|p2a: The Sentinel|2\/100\n|move|p2a: The Sentinel|Scary Face|p1a: Sneasler\n|-unboost|p1a: Sneasler|spe|2\n|\n|upkeep\n|turn|5\n|c| Tsar dragon|>scary face\n|c| Tsar dragon|ok\n|\n|t:|1700218312\n|move|p2a: The Sentinel|Ice Spinner|p1a: Sneasler\n|-supereffective|p1a: Sneasler\n|-damage|p1a: Sneasler|49\/100\n|-fieldend|move: Electric Terrain\n|-end|p2a: The Sentinel|Quark Drive\n|move|p1a: Sneasler|Acrobatics|p2a: The Sentinel\n|-resisted|p2a: The Sentinel\n|-damage|p2a: The Sentinel|0 fnt\n|faint|p2a: The Sentinel\n|-end|p2a: The Sentinel|Quark Drive|[silent]\n|\n|upkeep\n|c| Tsar dragon|sweep\n|c| Tsar dragon|sweep\n|c| Tsar dragon|swep\n|\n|t:|1700218354\n|switch|p2a: Storm Approaching|Thundurus, M|100\/100\n|turn|6\n|\n|t:|1700218376\n|move|p2a: Storm Approaching|Wild Charge|p1a: Sneasler\n|-supereffective|p1a: Sneasler\n|-damage|p1a: Sneasler|0 fnt\n|faint|p1a: Sneasler\n|-damage|p2a: Storm Approaching|88\/100|[from] Recoil\n|\n|upkeep\n|\n|t:|1700218385\n|switch|p1a: Garganacl|Garganacl, M|100\/100\n|turn|7\n|c| Tsar dragon|scarf thunderus with wild charge\n|c| Tsar dragon|wild\n|\n|t:|1700218405\n|-terastallize|p2a: Storm Approaching|Grass\n|move|p2a: Storm Approaching|Grass Knot|p1a: Garganacl\n|-supereffective|p1a: Garganacl\n|-damage|p1a: Garganacl|13\/100\n|move|p1a: Garganacl|Iron Defense|p1a: Garganacl\n|-boost|p1a: Garganacl|def|2\n|\n|-heal|p1a: Garganacl|19\/100|[from] item: Leftovers\n|upkeep\n|turn|8\n|\n|t:|1700218423\n|switch|p1a: Pincurchin|Pincurchin, M|100\/100\n|-fieldstart|move: Electric Terrain|[from] ability: Electric Surge|[of] p1a: Pincurchin\n|move|p2a: Storm Approaching|Grass Knot|p1a: Pincurchin\n|-damage|p1a: Pincurchin|87\/100\n|\n|upkeep\n|turn|9\n|c| Tsar dragon|what eves did u give ur sneasler\n|\n|t:|1700218438\n|move|p2a: Storm Approaching|Knock Off|p1a: Pincurchin\n|-damage|p1a: Pincurchin|65\/100\n|-enditem|p1a: Pincurchin|Terrain Extender|[from] move: Knock Off|[of] p2a: Storm Approaching\n|move|p1a: Pincurchin|Discharge|p2a: Storm Approaching\n|-resisted|p2a: Storm Approaching\n|-damage|p2a: Storm Approaching|65\/100\n|\n|upkeep\n|turn|10\n|\n|t:|1700218447\n|move|p2a: Storm Approaching|U-turn|p1a: Pincurchin\n|-damage|p1a: Pincurchin|47\/100\n|\n|t:|1700218450\n|switch|p2a: Methuselah|Torterra, M|100\/100|[from] U-turn\n|move|p1a: Pincurchin|Scald|p2a: Methuselah\n|-damage|p2a: Methuselah|81\/100\n|\n|-heal|p2a: Methuselah|87\/100|[from] item: Leftovers\n|upkeep\n|turn|11\n|\n|t:|1700218464\n|switch|p1a: Garganacl|Garganacl, M|19\/100\n|move|p2a: Methuselah|Headlong Rush|p1a: Garganacl\n|-supereffective|p1a: Garganacl\n|-damage|p1a: Garganacl|0 fnt\n|-unboost|p2a: Methuselah|def|1\n|-unboost|p2a: Methuselah|spd|1\n|faint|p1a: Garganacl\n|\n|-heal|p2a: Methuselah|93\/100|[from] item: Leftovers\n|upkeep\n|\n|t:|1700218474\n|switch|p1a: Raichu|Raichu-Alola, F|100\/100\n|turn|12\n|\n|t:|1700218491\n|move|p1a: Raichu|Psychic|p2a: Methuselah\n|-damage|p2a: Methuselah|12\/100\n|-unboost|p2a: Methuselah|spd|1\n|-damage|p1a: Raichu|91\/100|[from] item: Life Orb\n|move|p2a: Methuselah|Headlong Rush|p1a: Raichu\n|-supereffective|p1a: Raichu\n|-damage|p1a: Raichu|0 fnt\n|-unboost|p2a: Methuselah|def|1\n|-unboost|p2a: Methuselah|spd|1\n|faint|p1a: Raichu\n|\n|-heal|p2a: Methuselah|18\/100|[from] item: Leftovers\n|upkeep\n|\n|t:|1700218495\n|switch|p1a: Grafaiai|Grafaiai, F|100\/100\n|turn|13\n|\n|t:|1700218501\n|move|p1a: Grafaiai|Poison Jab|p2a: Methuselah\n|-damage|p2a: Methuselah|0 fnt\n|faint|p2a: Methuselah\n|\n|upkeep\n|\n|t:|1700218543\n|switch|p2a: Otterheimer|Samurott-Hisui, M|100\/100\n|turn|14\n|\n|t:|1700218552\n|move|p2a: Otterheimer|Razor Shell|p1a: Grafaiai\n|-damage|p1a: Grafaiai|12\/100\n|-unboost|p1a: Grafaiai|def|1\n|move|p1a: Grafaiai|Poison Jab|p2a: Otterheimer\n|-damage|p2a: Otterheimer|66\/100\n|-status|p2a: Otterheimer|psn\n|\n|-heal|p1a: Grafaiai|18\/100|[from] item: Black Sludge\n|-damage|p2a: Otterheimer|53\/100 psn|[from] psn\n|upkeep\n|turn|15\n|\n|t:|1700218562\n|move|p2a: Otterheimer|Razor Shell|p1a: Grafaiai\n|-damage|p1a: Grafaiai|0 fnt\n|faint|p1a: Grafaiai\n|\n|-damage|p2a: Otterheimer|41\/100 psn|[from] psn\n|-fieldend|move: Electric Terrain\n|upkeep\n|\n|t:|1700218565\n|switch|p1a: Pincurchin|Pincurchin, M|47\/100\n|-fieldstart|move: Electric Terrain|[from] ability: Electric Surge|[of] p1a: Pincurchin\n|turn|16\n|\n|t:|1700218569\n|move|p2a: Otterheimer|Razor Shell|p1a: Pincurchin\n|-damage|p1a: Pincurchin|2\/100\n|move|p1a: Pincurchin|Recover|p1a: Pincurchin\n|-heal|p1a: Pincurchin|52\/100\n|\n|-damage|p2a: Otterheimer|28\/100 psn|[from] psn\n|upkeep\n|turn|17\n|\n|t:|1700218575\n|move|p2a: Otterheimer|Razor Shell|p1a: Pincurchin\n|-damage|p1a: Pincurchin|5\/100\n|move|p1a: Pincurchin|Recover|p1a: Pincurchin\n|-heal|p1a: Pincurchin|56\/100\n|\n|-damage|p2a: Otterheimer|16\/100 psn|[from] psn\n|upkeep\n|turn|18\n|c| Tsar dragon|wew\n|\n|t:|1700218580\n|move|p2a: Otterheimer|Razor Shell|p1a: Pincurchin\n|-damage|p1a: Pincurchin|9\/100\n|move|p1a: Pincurchin|Recover|p1a: Pincurchin\n|-heal|p1a: Pincurchin|59\/100\n|\n|-damage|p2a: Otterheimer|3\/100 psn|[from] psn\n|upkeep\n|turn|19\n|\n|t:|1700218584\n|move|p2a: Otterheimer|Razor Shell|p1a: Pincurchin\n|-damage|p1a: Pincurchin|9\/100\n|-unboost|p1a: Pincurchin|def|1\n|move|p1a: Pincurchin|Recover|p1a: Pincurchin\n|-heal|p1a: Pincurchin|59\/100\n|\n|-damage|p2a: Otterheimer|0 fnt|[from] psn\n|faint|p2a: Otterheimer\n|upkeep\n|\n|t:|1700218588\n|switch|p2a: Horton 229|Dragapult, F|100\/100\n|turn|20\n|\n|t:|1700218592\n|move|p2a: Horton 229|Dragon Darts|p1a: Pincurchin\n|-damage|p1a: Pincurchin|30\/100\n|-anim|p2a: Horton 229|Dragon Darts|p1a: Pincurchin\n|-damage|p1a: Pincurchin|3\/100\n|move|p1a: Pincurchin|Discharge|p2a: Horton 229\n|-resisted|p2a: Horton 229\n|-damage|p2a: Horton 229|79\/100\n|\n|-fieldend|move: Electric Terrain\n|upkeep\n|turn|21\n|\n|t:|1700218596\n|move|p2a: Horton 229|Dragon Darts|p1a: Pincurchin\n|-crit|p1a: Pincurchin\n|-damage|p1a: Pincurchin|0 fnt\n|faint|p1a: Pincurchin\n|\n|win|Horrific17\n|c|\u2606Horrific17|gg\n|l|\u2606Prince Smurf\n","uploadtime":1700218601,"views":23,"p1id":"princesmurf","p2id":"horrific17","formatid":"gen9ou","rating":0,"private":0,"password":""}