{"id":"gen9ou-1989914691","p1":"TSwizzle55","p2":"Username momento","format":"[Gen 9] OU","log":"|j|\u2606TSwizzle55\n|j|\u2606Username momento\n|t:|1699906342\n|gametype|singles\n|player|p1|TSwizzle55|caitlin|1590\n|player|p2|Username momento|ninjaboy|1531\n|teamsize|p1|6\n|teamsize|p2|6\n|gen|9\n|tier|[Gen 9] OU\n|rated|\n|rule|Sleep Clause Mod: Limit one foe put to sleep\n|rule|Species Clause: Limit one of each Pok\u00e9mon\n|rule|OHKO Clause: OHKO moves are banned\n|rule|Evasion Items Clause: Evasion items are banned\n|rule|Evasion Moves Clause: Evasion moves are banned\n|rule|Endless Battle Clause: Forcing endless battles is banned\n|rule|HP Percentage Mod: HP is shown in percentages\n|clearpoke\n|poke|p1|Kingambit, M|\n|poke|p1|Iron Valiant|\n|poke|p1|Landorus-Therian, M|\n|poke|p1|Cinderace, M|\n|poke|p1|Zamazenta-*|\n|poke|p1|Ogerpon-Wellspring, F|\n|poke|p2|Kingambit, M|\n|poke|p2|Gholdengo|\n|poke|p2|Ogerpon-Cornerstone, F|\n|poke|p2|Zamazenta-*|\n|poke|p2|Great Tusk|\n|poke|p2|Iron Moth|\n|teampreview\n|\n|t:|1699906350\n|start\n|switch|p1a: Iron Valiant|Iron Valiant|100\/100\n|switch|p2a: Ogerpon|Ogerpon-Cornerstone, F|100\/100\n|turn|1\n|\n|t:|1699906358\n|move|p1a: Iron Valiant|Aura Sphere|p2a: Ogerpon\n|-supereffective|p2a: Ogerpon\n|-damage|p2a: Ogerpon|4\/100\n|move|p2a: Ogerpon|Ivy Cudgel|p1a: Iron Valiant\n|-resisted|p1a: Iron Valiant\n|-damage|p1a: Iron Valiant|60\/100\n|\n|upkeep\n|turn|2\n|\n|t:|1699906367\n|switch|p2a: Iron Moth|Iron Moth|100\/100\n|-enditem|p2a: Iron Moth|Booster Energy\n|-activate|p2a: Iron Moth|ability: Quark Drive|[fromitem]\n|-start|p2a: Iron Moth|quarkdrivespe\n|move|p1a: Iron Valiant|Moonblast|p2a: Iron Moth\n|-resisted|p2a: Iron Moth\n|-damage|p2a: Iron Moth|89\/100\n|\n|upkeep\n|turn|3\n|\n|t:|1699906373\n|-end|p1a: Iron Valiant|Quark Drive|[silent]\n|switch|p1a: Ogerpon|Ogerpon-Wellspring, F|100\/100\n|move|p2a: Iron Moth|Fiery Dance|p1a: Ogerpon\n|-damage|p1a: Ogerpon|54\/100\n|\n|upkeep\n|turn|4\n|\n|t:|1699906378\n|switch|p1a: Cinderace|Cinderace, M|100\/100\n|move|p2a: Iron Moth|Sludge Wave|p1a: Cinderace\n|-damage|p1a: Cinderace|34\/100\n|\n|upkeep\n|turn|5\n|\n|t:|1699906380\n|move|p2a: Iron Moth|Fiery Dance|p1a: Cinderace\n|-resisted|p1a: Cinderace\n|-damage|p1a: Cinderace|6\/100\n|-boost|p2a: Iron Moth|spa|1\n|move|p1a: Cinderace|U-turn|p2a: Iron Moth\n|-start|p1a: Cinderace|typechange|Bug|[from] ability: Libero\n|-resisted|p2a: Iron Moth\n|-damage|p2a: Iron Moth|75\/100\n|\n|t:|1699906384\n|switch|p1a: Zamazenta|Zamazenta|100\/100|[from] U-turn\n|-ability|p1a: Zamazenta|Dauntless Shield|boost\n|-boost|p1a: Zamazenta|def|1\n|\n|upkeep\n|turn|6\n|\n|t:|1699906387\n|move|p2a: Iron Moth|Dazzling Gleam|p1a: Zamazenta\n|-supereffective|p1a: Zamazenta\n|-damage|p1a: Zamazenta|46\/100\n|move|p1a: Zamazenta|Stone Edge|p2a: Iron Moth\n|-supereffective|p2a: Iron Moth\n|-damage|p2a: Iron Moth|0 fnt\n|faint|p2a: Iron Moth\n|-end|p2a: Iron Moth|Quark Drive|[silent]\n|\n|upkeep\n|\n|t:|1699906397\n|switch|p2a: Gholdengo|Gholdengo|100\/100\n|turn|7\n|\n|t:|1699906401\n|move|p1a: Zamazenta|Crunch|p2a: Gholdengo\n|-supereffective|p2a: Gholdengo\n|-damage|p2a: Gholdengo|45\/100\n|move|p2a: Gholdengo|Shadow Ball|p1a: Zamazenta\n|-damage|p1a: Zamazenta|23\/100\n|\n|upkeep\n|turn|8\n|\n|t:|1699906418\n|switch|p2a: Zamazenta|Zamazenta|100\/100\n|-ability|p2a: Zamazenta|Dauntless Shield|boost\n|-boost|p2a: Zamazenta|def|1\n|move|p1a: Zamazenta|Body Press|p2a: Zamazenta\n|-damage|p2a: Zamazenta|74\/100\n|\n|-heal|p2a: Zamazenta|80\/100|[from] item: Leftovers\n|upkeep\n|turn|9\n|\n|t:|1699906424\n|switch|p1a: Cinderace|Cinderace, M|6\/100\n|move|p2a: Zamazenta|Body Press|p1a: Cinderace\n|-damage|p1a: Cinderace|0 fnt\n|faint|p1a: Cinderace\n|\n|-heal|p2a: Zamazenta|86\/100|[from] item: Leftovers\n|upkeep\n|\n|t:|1699906431\n|switch|p1a: Iron Valiant|Iron Valiant|60\/100\n|turn|10\n|\n|t:|1699906435\n|-terastallize|p2a: Zamazenta|Steel\n|move|p2a: Zamazenta|Heavy Slam|p1a: Iron Valiant\n|-supereffective|p1a: Iron Valiant\n|-damage|p1a: Iron Valiant|0 fnt\n|faint|p1a: Iron Valiant\n|-end|p1a: Iron Valiant|Quark Drive|[silent]\n|\n|-heal|p2a: Zamazenta|92\/100|[from] item: Leftovers\n|upkeep\n|\n|t:|1699906438\n|switch|p1a: Landorus|Landorus-Therian, M|100\/100\n|-ability|p1a: Landorus|Intimidate|boost\n|-unboost|p2a: Zamazenta|atk|1\n|turn|11\n|\n|t:|1699906442\n|move|p2a: Zamazenta|Iron Defense|p2a: Zamazenta\n|-boost|p2a: Zamazenta|def|2\n|move|p1a: Landorus|Earth Power|p2a: Zamazenta\n|-supereffective|p2a: Zamazenta\n|-damage|p2a: Zamazenta|10\/100\n|\n|-heal|p2a: Zamazenta|16\/100|[from] item: Leftovers\n|upkeep\n|turn|12\n|\n|t:|1699906447\n|move|p2a: Zamazenta|Body Press|p1a: Landorus\n|-resisted|p1a: Landorus\n|-damage|p1a: Landorus|42\/100\n|move|p1a: Landorus|Earth Power|p2a: Zamazenta\n|-supereffective|p2a: Zamazenta\n|-damage|p2a: Zamazenta|0 fnt\n|faint|p2a: Zamazenta\n|\n|upkeep\n|\n|t:|1699906453\n|switch|p2a: Ogerpon|Ogerpon-Cornerstone, F|4\/100\n|turn|13\n|\n|t:|1699906457\n|switch|p1a: Zamazenta|Zamazenta|23\/100\n|move|p2a: Ogerpon|Horn Leech|p1a: Zamazenta\n|-damage|p1a: Zamazenta|0 fnt\n|-heal|p2a: Ogerpon|16\/100|[from] drain|[of] p1a: Zamazenta\n|faint|p1a: Zamazenta\n|\n|upkeep\n|\n|t:|1699906459\n|switch|p1a: Ogerpon|Ogerpon-Wellspring, F|54\/100\n|turn|14\n|\n|t:|1699906462\n|move|p2a: Ogerpon|Ivy Cudgel|p1a: Ogerpon\n|-crit|p1a: Ogerpon\n|-damage|p1a: Ogerpon|0 fnt\n|faint|p1a: Ogerpon\n|\n|upkeep\n|\n|t:|1699906465\n|switch|p1a: Kingambit|Kingambit, M|100\/100\n|-activate|p1a: Kingambit|ability: Supreme Overlord\n|-start|p1a: Kingambit|fallen4|[silent]\n|turn|15\n|\n|t:|1699906467\n|move|p2a: Ogerpon|Low Kick|p1a: Kingambit\n|-supereffective|p1a: Kingambit\n|-damage|p1a: Kingambit|0 fnt\n|faint|p1a: Kingambit\n|-end|p1a: Kingambit|fallen4|[silent]\n|\n|upkeep\n|\n|t:|1699906470\n|switch|p1a: Landorus|Landorus-Therian, M|42\/100\n|-ability|p1a: Landorus|Intimidate|boost\n|-unboost|p2a: Ogerpon|atk|1\n|turn|16\n|c|\u2606TSwizzle55|gg\n|\n|t:|1699906472\n|move|p2a: Ogerpon|Ivy Cudgel|p1a: Landorus\n|-damage|p1a: Landorus|0 fnt\n|faint|p1a: Landorus\n|\n|win|Username momento\n|raw|TSwizzle55's rating: 1590 &rarr; <strong>1567<\/strong><br \/>(-23 for losing)\n|raw|Username momento's rating: 1531 &rarr; <strong>1554<\/strong><br \/>(+23 for winning)\n|l|\u2606TSwizzle55\n","uploadtime":1699906479,"views":13,"p1id":"tswizzle55","p2id":"usernamemomento","formatid":"gen9ou","rating":1554,"private":0,"password":""}