{"id":"gen9ou-1988570937","p1":"buzzfast95","p2":"millyeux","format":"[Gen 9] OU","log":"|j|\u2606buzzfast95\n|j|\u2606millyeux\n|t:|1699737339\n|gametype|singles\n|player|p1|buzzfast95|2|1151\n|player|p2|millyeux|eusine|1121\n|teamsize|p1|6\n|teamsize|p2|6\n|gen|9\n|tier|[Gen 9] OU\n|rated|\n|rule|Sleep Clause Mod: Limit one foe put to sleep\n|rule|Species Clause: Limit one of each Pok\u00e9mon\n|rule|OHKO Clause: OHKO moves are banned\n|rule|Evasion Items Clause: Evasion items are banned\n|rule|Evasion Moves Clause: Evasion moves are banned\n|rule|Endless Battle Clause: Forcing endless battles is banned\n|rule|HP Percentage Mod: HP is shown in percentages\n|clearpoke\n|poke|p1|Thundurus, M|\n|poke|p1|Sneasler, F|\n|poke|p1|Great Tusk|\n|poke|p1|Mamoswine, F|\n|poke|p1|Gliscor, M|\n|poke|p1|Rillaboom, F|\n|poke|p2|Oinkologne, M|\n|poke|p2|Squawkabilly, F|\n|poke|p2|Coalossal, M|\n|poke|p2|Noivern, M|\n|poke|p2|Bisharp, F|\n|poke|p2|Mudsdale, M|\n|teampreview\n|inactive|Battle timer is ON: inactive players will automatically lose when time's up. (requested by millyeux)\n|inactive|buzzfast95 also wants the timer to be on.\n|\n|t:|1699737364\n|start\n|switch|p1a: Rillaboom|Rillaboom, F|100\/100\n|switch|p2a: Charcoal|Coalossal, M|100\/100\n|-fieldstart|move: Grassy Terrain|[from] ability: Grassy Surge|[of] p1a: Rillaboom\n|turn|1\n|\n|t:|1699737374\n|move|p1a: Rillaboom|U-turn|p2a: Charcoal\n|-resisted|p2a: Charcoal\n|-damage|p2a: Charcoal|89\/100\n|\n|t:|1699737381\n|switch|p1a: Mamoswine|Mamoswine, F|100\/100|[from] U-turn\n|move|p2a: Charcoal|Heat Crash|p1a: Mamoswine\n|-supereffective|p1a: Mamoswine\n|-damage|p1a: Mamoswine|82\/100\n|\n|-heal|p1a: Mamoswine|88\/100|[from] Grassy Terrain\n|-heal|p1a: Mamoswine|94\/100|[from] item: Leftovers\n|-heal|p2a: Charcoal|96\/100|[from] Grassy Terrain\n|upkeep\n|turn|2\n|j| Gastrozone\n|\n|t:|1699737402\n|switch|p2a: Horse|Mudsdale, M|100\/100\n|move|p1a: Mamoswine|High Horsepower|p2a: Horse\n|-damage|p2a: Horse|45\/100\n|-ability|p2a: Horse|Stamina|boost\n|-boost|p2a: Horse|def|1\n|\n|-heal|p1a: Mamoswine|100\/100|[from] Grassy Terrain\n|-heal|p2a: Horse|51\/100|[from] Grassy Terrain\n|upkeep\n|turn|3\n|\n|t:|1699737409\n|move|p1a: Mamoswine|Trailblaze|p2a: Horse\n|-supereffective|p2a: Horse\n|-damage|p2a: Horse|20\/100\n|-boost|p1a: Mamoswine|spe|1\n|-ability|p2a: Horse|Stamina|boost\n|-boost|p2a: Horse|def|1\n|move|p2a: Horse|Close Combat|p1a: Mamoswine\n|-supereffective|p1a: Mamoswine\n|-damage|p1a: Mamoswine|0 fnt\n|-unboost|p2a: Horse|def|1\n|-unboost|p2a: Horse|spd|1\n|faint|p1a: Mamoswine\n|\n|-heal|p2a: Horse|26\/100|[from] Grassy Terrain\n|upkeep\n|\n|t:|1699737414\n|switch|p1a: Sneasler|Sneasler, F|100\/100\n|-enditem|p1a: Sneasler|Grassy Seed\n|-boost|p1a: Sneasler|def|1|[from] item: Grassy Seed\n|turn|4\n|\n|t:|1699737429\n|move|p1a: Sneasler|Swords Dance|p1a: Sneasler\n|-boost|p1a: Sneasler|atk|2\n|move|p2a: Horse|Earthquake|p1a: Sneasler\n|-supereffective|p1a: Sneasler\n|-damage|p1a: Sneasler|28\/100\n|\n|-heal|p1a: Sneasler|34\/100|[from] Grassy Terrain\n|-heal|p2a: Horse|32\/100|[from] Grassy Terrain\n|upkeep\n|turn|5\n|\n|t:|1699737434\n|move|p1a: Sneasler|Close Combat|p2a: Horse\n|-damage|p2a: Horse|0 fnt\n|-unboost|p1a: Sneasler|def|1\n|-unboost|p1a: Sneasler|spd|1\n|faint|p2a: Horse\n|\n|-heal|p1a: Sneasler|40\/100|[from] Grassy Terrain\n|-fieldend|move: Grassy Terrain\n|upkeep\n|\n|t:|1699737455\n|switch|p2a: Enderdragon|Noivern, M|100\/100\n|turn|6\n|\n|t:|1699737464\n|move|p1a: Sneasler|Dire Claw|p2a: Enderdragon\n|-damage|p2a: Enderdragon|0 fnt\n|faint|p2a: Enderdragon\n|\n|upkeep\n|\n|t:|1699737468\n|switch|p2a: Steve iron armor|Bisharp, F|100\/100\n|turn|7\n|\n|t:|1699737483\n|-terastallize|p2a: Steve iron armor|Ghost\n|move|p1a: Sneasler|Close Combat|p2a: Steve iron armor\n|-immune|p2a: Steve iron armor\n|move|p2a: Steve iron armor|Iron Head|p1a: Sneasler\n|-damage|p1a: Sneasler|0 fnt\n|faint|p1a: Sneasler\n|\n|upkeep\n|\n|t:|1699737491\n|switch|p1a: Rillaboom|Rillaboom, F|100\/100\n|-fieldstart|move: Grassy Terrain|[from] ability: Grassy Surge|[of] p1a: Rillaboom\n|turn|8\n|\n|t:|1699737497\n|move|p1a: Rillaboom|Knock Off|p2a: Steve iron armor\n|-supereffective|p2a: Steve iron armor\n|-damage|p2a: Steve iron armor|5\/100\n|-enditem|p2a: Steve iron armor|Leftovers|[from] move: Knock Off|[of] p1a: Rillaboom\n|move|p2a: Steve iron armor|Swords Dance|p2a: Steve iron armor\n|-boost|p2a: Steve iron armor|atk|2\n|\n|-heal|p2a: Steve iron armor|11\/100|[from] Grassy Terrain\n|upkeep\n|turn|9\n|\n|t:|1699737503\n|move|p2a: Steve iron armor|Sucker Punch|p1a: Rillaboom\n|-damage|p1a: Rillaboom|20\/100\n|move|p1a: Rillaboom|Knock Off|p2a: Steve iron armor\n|-supereffective|p2a: Steve iron armor\n|-damage|p2a: Steve iron armor|0 fnt\n|faint|p2a: Steve iron armor\n|\n|-heal|p1a: Rillaboom|27\/100|[from] Grassy Terrain\n|upkeep\n|\n|t:|1699737508\n|switch|p2a: Parrot|Squawkabilly, F|100\/100\n|turn|10\n|\n|t:|1699737512\n|move|p1a: Rillaboom|Knock Off|p2a: Parrot\n|-damage|p2a: Parrot|13\/100\n|-enditem|p2a: Parrot|Flame Orb|[from] move: Knock Off|[of] p1a: Rillaboom\n|move|p2a: Parrot|Dual Wingbeat|p1a: Rillaboom\n|-supereffective|p1a: Rillaboom\n|-damage|p1a: Rillaboom|0 fnt\n|faint|p1a: Rillaboom\n|-hitcount|p1: Rillaboom|1\n|\n|upkeep\n|\n|t:|1699737523\n|switch|p1a: Gliscor|Gliscor, M|100\/100\n|turn|11\n|\n|t:|1699737527\n|move|p2a: Parrot|Dual Wingbeat|p1a: Gliscor\n|-damage|p1a: Gliscor|86\/100\n|-damage|p1a: Gliscor|73\/100\n|-hitcount|p1a: Gliscor|2\n|move|p1a: Gliscor|Stealth Rock|p2a: Parrot\n|-sidestart|p2: millyeux|move: Stealth Rock\n|\n|-status|p1a: Gliscor|tox|[from] item: Toxic Orb\n|upkeep\n|turn|12\n|\n|t:|1699737545\n|move|p2a: Parrot|Facade|p1a: Gliscor\n|-damage|p1a: Gliscor|49\/100 tox\n|move|p1a: Gliscor|Swords Dance|p1a: Gliscor\n|-boost|p1a: Gliscor|atk|2\n|\n|-heal|p1a: Gliscor|62\/100 tox|[from] ability: Poison Heal\n|-fieldend|move: Grassy Terrain\n|upkeep\n|turn|13\n|\n|t:|1699737553\n|move|p2a: Parrot|Dual Wingbeat|p1a: Gliscor\n|-damage|p1a: Gliscor|47\/100 tox\n|-damage|p1a: Gliscor|33\/100 tox\n|-hitcount|p1a: Gliscor|2\n|move|p1a: Gliscor|Knock Off|p2a: Parrot\n|-damage|p2a: Parrot|0 fnt\n|faint|p2a: Parrot\n|\n|-heal|p1a: Gliscor|45\/100 tox|[from] ability: Poison Heal\n|upkeep\n|\n|t:|1699737562\n|switch|p2a: Pig|Oinkologne, M, shiny|100\/100\n|-damage|p2a: Pig|88\/100|[from] Stealth Rock\n|turn|14\n|\n|t:|1699737569\n|move|p1a: Gliscor|Knock Off|p2a: Pig\n|-damage|p2a: Pig|49\/100\n|-enditem|p2a: Pig|Sitrus Berry|[from] move: Knock Off|[of] p1a: Gliscor\n|move|p2a: Pig|Play Rough|p1a: Gliscor\n|-damage|p1a: Gliscor|25\/100 tox\n|\n|-heal|p1a: Gliscor|37\/100 tox|[from] ability: Poison Heal\n|upkeep\n|turn|15\n|\n|t:|1699737576\n|move|p1a: Gliscor|Dual Wingbeat|p2a: Pig\n|-damage|p2a: Pig|26\/100\n|-damage|p2a: Pig|3\/100\n|-hitcount|p2a: Pig|2\n|move|p2a: Pig|Play Rough|p1a: Gliscor\n|-damage|p1a: Gliscor|17\/100 tox\n|\n|-heal|p1a: Gliscor|29\/100 tox|[from] ability: Poison Heal\n|upkeep\n|turn|16\n|\n|t:|1699737588\n|move|p1a: Gliscor|Dual Wingbeat|p2a: Pig\n|-damage|p2a: Pig|0 fnt\n|faint|p2a: Pig\n|-hitcount|p2: Pig|1\n|\n|-heal|p1a: Gliscor|42\/100 tox|[from] ability: Poison Heal\n|upkeep\n|\n|t:|1699737589\n|switch|p2a: Charcoal|Coalossal, M|96\/100\n|turn|17\n|c|\u2606millyeux|GG\n|\n|t:|1699737600\n|move|p1a: Gliscor|Knock Off|p2a: Charcoal\n|-damage|p2a: Charcoal|68\/100\n|-enditem|p2a: Charcoal|Heavy-Duty Boots|[from] move: Knock Off|[of] p1a: Gliscor\n|move|p2a: Charcoal|Stone Edge|p1a: Gliscor\n|-damage|p1a: Gliscor|16\/100 tox\n|\n|-heal|p1a: Gliscor|29\/100 tox|[from] ability: Poison Heal\n|upkeep\n|turn|18\n|\n|t:|1699737608\n|move|p1a: Gliscor|Dual Wingbeat|p2a: Charcoal\n|-resisted|p2a: Charcoal\n|-damage|p2a: Charcoal|60\/100\n|-resisted|p2a: Charcoal\n|-damage|p2a: Charcoal|51\/100\n|-hitcount|p2a: Charcoal|2\n|move|p2a: Charcoal|Stone Edge|p1a: Gliscor\n|-damage|p1a: Gliscor|2\/100 tox\n|\n|-heal|p1a: Gliscor|15\/100 tox|[from] ability: Poison Heal\n|upkeep\n|turn|19\n|c|\u2606millyeux|I loose\n|\n|t:|1699737617\n|move|p1a: Gliscor|Knock Off|p2a: Charcoal\n|-damage|p2a: Charcoal|34\/100\n|move|p2a: Charcoal|Rapid Spin|p1a: Gliscor\n|-damage|p1a: Gliscor|5\/100 tox\n|-boost|p2a: Charcoal|spe|1\n|-sideend|p2: millyeux|Stealth Rock|[from] move: Rapid Spin|[of] p2a: Charcoal\n|\n|-heal|p1a: Gliscor|18\/100 tox|[from] ability: Poison Heal\n|upkeep\n|turn|20\n|\n|t:|1699737630\n|move|p1a: Gliscor|Knock Off|p2a: Charcoal\n|-damage|p2a: Charcoal|16\/100\n|move|p2a: Charcoal|Stone Edge|p1a: Gliscor\n|-damage|p1a: Gliscor|0 fnt\n|faint|p1a: Gliscor\n|\n|upkeep\n|\n|t:|1699737632\n|switch|p1a: Thundurus|Thundurus, M|100\/100\n|turn|21\n|\n|t:|1699737636\n|move|p1a: Thundurus|Thunder Wave|p2a: Charcoal\n|-status|p2a: Charcoal|par\n|cant|p2a: Charcoal|par\n|\n|upkeep\n|turn|22\n|\n|t:|1699737642\n|move|p1a: Thundurus|Thunderbolt|p2a: Charcoal\n|-damage|p2a: Charcoal|0 fnt\n|faint|p2a: Charcoal\n|-damage|p1a: Thundurus|91\/100|[from] item: Life Orb\n|\n|win|buzzfast95\n|raw|buzzfast95's rating: 1151 &rarr; <strong>1174<\/strong><br \/>(+23 for winning)\n|raw|millyeux's rating: 1121 &rarr; <strong>1098<\/strong><br \/>(-23 for losing)\n|l|\u2606buzzfast95\n|c|\u2606millyeux|Very GG\n","uploadtime":1699737653,"views":17,"p1id":"buzzfast95","p2id":"millyeux","formatid":"gen9ou","rating":1098,"private":0,"password":""}