{"id":"gen9ou-1989053125","p1":"denny132082","p2":"Aegon Pendragon","format":"[Gen 9] OU","log":"|j|\u2606denny132082\n|j|\u2606Aegon Pendragon\n|t:|1699806960\n|gametype|singles\n|player|p1|denny132082|worker|1157\n|player|p2|Aegon Pendragon|cynthia|1156\n|teamsize|p1|6\n|teamsize|p2|6\n|gen|9\n|tier|[Gen 9] OU\n|rated|\n|rule|Sleep Clause Mod: Limit one foe put to sleep\n|rule|Species Clause: Limit one of each Pok\u00e9mon\n|rule|OHKO Clause: OHKO moves are banned\n|rule|Evasion Items Clause: Evasion items are banned\n|rule|Evasion Moves Clause: Evasion moves are banned\n|rule|Endless Battle Clause: Forcing endless battles is banned\n|rule|HP Percentage Mod: HP is shown in percentages\n|clearpoke\n|poke|p1|Heracross, M|\n|poke|p1|Rotom-Wash|\n|poke|p1|Enamorus, F|\n|poke|p1|Garchomp, M|\n|poke|p1|Torkoal, M|\n|poke|p1|Bombirdier, F|\n|poke|p2|Garchomp, M|\n|poke|p2|Corviknight, M|\n|poke|p2|Dragapult, F|\n|poke|p2|Sneasler, F|\n|poke|p2|Inteleon, M|\n|poke|p2|Ninetales-Alola, F|\n|teampreview\n|\n|t:|1699806976\n|start\n|switch|p1a: Garchomp|Garchomp, M|100\/100\n|switch|p2a: Ninetales|Ninetales-Alola, F|100\/100\n|-weather|Snow|[from] ability: Snow Warning|[of] p2a: Ninetales\n|turn|1\n|\n|t:|1699806986\n|move|p1a: Garchomp|Iron Head|p2a: Ninetales\n|-supereffective|p2a: Ninetales\n|-damage|p2a: Ninetales|0 fnt\n|faint|p2a: Ninetales\n|\n|-weather|Snow|[upkeep]\n|upkeep\n|\n|t:|1699806996\n|switch|p2a: Corviknight|Corviknight, M|100\/100\n|turn|2\n|\n|t:|1699807001\n|switch|p1a: Torkoal|Torkoal, M|100\/100\n|-weather|SunnyDay|[from] ability: Drought|[of] p1a: Torkoal\n|move|p2a: Corviknight|Tailwind|p2a: Corviknight\n|-sidestart|p2: Aegon Pendragon|move: Tailwind\n|\n|-weather|SunnyDay|[upkeep]\n|upkeep\n|turn|3\n|\n|t:|1699807012\n|switch|p2a: Balerion|Garchomp, M|100\/100\n|move|p1a: Torkoal|Yawn|p2a: Balerion\n|-start|p2a: Balerion|move: Yawn|[of] p1a: Torkoal\n|\n|-weather|SunnyDay|[upkeep]\n|upkeep\n|turn|4\n|\n|t:|1699807022\n|switch|p2a: Dragapult|Dragapult, F|100\/100\n|move|p1a: Torkoal|Stealth Rock|p2a: Dragapult\n|-sidestart|p2: Aegon Pendragon|move: Stealth Rock\n|\n|-weather|SunnyDay|[upkeep]\n|upkeep\n|turn|5\n|\n|t:|1699807032\n|move|p2a: Dragapult|Shadow Ball|p1a: Torkoal\n|-damage|p1a: Torkoal|32\/100\n|-damage|p2a: Dragapult|91\/100|[from] item: Life Orb\n|move|p1a: Torkoal|Lava Plume|p2a: Dragapult\n|-resisted|p2a: Dragapult\n|-damage|p2a: Dragapult|65\/100\n|-status|p2a: Dragapult|brn\n|\n|-weather|SunnyDay|[upkeep]\n|-damage|p2a: Dragapult|59\/100 brn|[from] brn\n|-sideend|p2: Aegon Pendragon|move: Tailwind\n|upkeep\n|turn|6\n|\n|t:|1699807047\n|move|p2a: Dragapult|Shadow Ball|p1a: Torkoal\n|-damage|p1a: Torkoal|0 fnt\n|faint|p1a: Torkoal\n|-damage|p2a: Dragapult|49\/100 brn|[from] item: Life Orb\n|\n|-weather|none\n|-damage|p2a: Dragapult|43\/100 brn|[from] brn\n|upkeep\n|\n|t:|1699807055\n|switch|p1a: Garchomp|Garchomp, M|100\/100\n|turn|7\n|\n|t:|1699807068\n|move|p1a: Garchomp|Earthquake|p2a: Dragapult\n|-damage|p2a: Dragapult|0 fnt\n|faint|p2a: Dragapult\n|\n|upkeep\n|\n|t:|1699807076\n|switch|p2a: Corviknight|Corviknight, M|100\/100\n|-damage|p2a: Corviknight|88\/100|[from] Stealth Rock\n|turn|8\n|\n|t:|1699807083\n|switch|p1a: Enamorus|Enamorus, F|100\/100\n|move|p2a: Corviknight|Defog|p1a: Enamorus\n|-boost|p1a: Enamorus|evasion|1\n|-sideend|p2: Aegon Pendragon|Stealth Rock|[from] move: Defog|[of] p2a: Corviknight\n|\n|-heal|p2a: Corviknight|94\/100|[from] item: Leftovers\n|upkeep\n|turn|9\n|\n|t:|1699807094\n|move|p1a: Enamorus|Mystical Fire|p2a: Corviknight\n|-supereffective|p2a: Corviknight\n|-damage|p2a: Corviknight|50\/100\n|-ability|p2a: Corviknight|Mirror Armor\n|-boost|p1a: Enamorus|spa|1\n|move|p2a: Corviknight|Tailwind|p2a: Corviknight\n|-sidestart|p2: Aegon Pendragon|move: Tailwind\n|\n|-heal|p2a: Corviknight|56\/100|[from] item: Leftovers\n|upkeep\n|turn|10\n|\n|t:|1699807114\n|move|p2a: Corviknight|Brave Bird|p1a: Enamorus\n|-damage|p1a: Enamorus|45\/100\n|-damage|p2a: Corviknight|41\/100|[from] Recoil\n|move|p1a: Enamorus|Mystical Fire|p2a: Corviknight\n|-supereffective|p2a: Corviknight\n|-damage|p2a: Corviknight|0 fnt\n|faint|p2a: Corviknight\n|\n|upkeep\n|\n|t:|1699807129\n|switch|p2a: Inteleon|Inteleon, M|100\/100\n|turn|11\n|\n|t:|1699807135\n|move|p2a: Inteleon|Ice Beam|p1a: Enamorus|[miss]\n|-miss|p2a: Inteleon|p1a: Enamorus\n|move|p1a: Enamorus|Moonblast|p2a: Inteleon\n|-enditem|p2a: Inteleon|Focus Sash\n|-damage|p2a: Inteleon|1\/100\n|\n|upkeep\n|turn|12\n|\n|t:|1699807145\n|move|p2a: Inteleon|Ice Beam|p1a: Enamorus|[miss]\n|-miss|p2a: Inteleon|p1a: Enamorus\n|move|p1a: Enamorus|Moonblast|p2a: Inteleon\n|-damage|p2a: Inteleon|0 fnt\n|faint|p2a: Inteleon\n|\n|-sideend|p2: Aegon Pendragon|move: Tailwind\n|upkeep\n|inactive|Battle timer is ON: inactive players will automatically lose when time's up. (requested by denny132082)\n|inactive|Aegon Pendragon has 120 seconds left.\n|inactive|Aegon Pendragon has 90 seconds left.\n|inactive|Aegon Pendragon has 60 seconds left.\n|inactive|Aegon Pendragon has 30 seconds left.\n|inactive|Aegon Pendragon has 20 seconds left.\n|inactive|Aegon Pendragon has 15 seconds left.\n|inactive|Aegon Pendragon has 10 seconds left.\n|inactive|Aegon Pendragon has 5 seconds left.\n|-message|Aegon Pendragon lost due to inactivity.\n|\n|win|denny132082\n|raw|denny132082's rating: 1157 &rarr; <strong>1180<\/strong><br \/>(+23 for winning)\n|raw|Aegon Pendragon's rating: 1134 &rarr; <strong>1111<\/strong><br \/>(-23 for losing)\n","uploadtime":1699807345,"views":10,"p1id":"denny132082","p2id":"aegonpendragon","formatid":"gen9ou","rating":1111,"private":0,"password":""}