{"id":"gen9ou-1990393034","p1":"agency paid actor","p2":"jzhuc1841","format":"[Gen 9] OU","log":"|j|\u2606agency paid actor\n|j|\u2606jzhuc1841\n|t:|1699966185\n|gametype|singles\n|player|p1|agency paid actor|rocketgruntf|1496\n|player|p2|jzhuc1841|hilbert-wonderlauncher|1528\n|teamsize|p1|6\n|teamsize|p2|6\n|gen|9\n|tier|[Gen 9] OU\n|rated|\n|rule|Sleep Clause Mod: Limit one foe put to sleep\n|rule|Species Clause: Limit one of each Pok\u00e9mon\n|rule|OHKO Clause: OHKO moves are banned\n|rule|Evasion Items Clause: Evasion items are banned\n|rule|Evasion Moves Clause: Evasion moves are banned\n|rule|Endless Battle Clause: Forcing endless battles is banned\n|rule|HP Percentage Mod: HP is shown in percentages\n|clearpoke\n|poke|p1|Maushold|\n|poke|p1|Ribombee, F|\n|poke|p1|Manaphy|\n|poke|p1|Iron Valiant|\n|poke|p1|Slowking-Galar, F|\n|poke|p1|Gholdengo|\n|poke|p2|Ogerpon-Wellspring, F|\n|poke|p2|Kingambit, F|\n|poke|p2|Iron Moth|\n|poke|p2|Iron Valiant|\n|poke|p2|Zamazenta-*|\n|poke|p2|Glimmora, F|\n|teampreview\n|inactive|Battle timer is ON: inactive players will automatically lose when time's up. (requested by agency paid actor)\n|\n|t:|1699966197\n|start\n|switch|p1a: Ribombee|Ribombee, F|100\/100\n|switch|p2a: Iron Moth|Iron Moth|100\/100\n|-enditem|p2a: Iron Moth|Booster Energy\n|-activate|p2a: Iron Moth|ability: Quark Drive|[fromitem]\n|-start|p2a: Iron Moth|quarkdrivespe\n|turn|1\n|\n|t:|1699966200\n|move|p2a: Iron Moth|Substitute|p2a: Iron Moth\n|-start|p2a: Iron Moth|Substitute\n|-damage|p2a: Iron Moth|76\/100\n|move|p1a: Ribombee|Sticky Web|p2a: Iron Moth\n|-sidestart|p2: jzhuc1841|move: Sticky Web\n|\n|upkeep\n|turn|2\n|\n|t:|1699966204\n|move|p2a: Iron Moth|Fiery Dance|p1a: Ribombee\n|-supereffective|p1a: Ribombee\n|-enditem|p1a: Ribombee|Focus Sash\n|-damage|p1a: Ribombee|1\/100\n|-boost|p2a: Iron Moth|spa|1\n|move|p1a: Ribombee|Psychic|p2a: Iron Moth\n|-supereffective|p2a: Iron Moth\n|-end|p2a: Iron Moth|Substitute\n|\n|upkeep\n|turn|3\n|\n|t:|1699966231\n|move|p2a: Iron Moth|Fiery Dance|p1a: Ribombee\n|-supereffective|p1a: Ribombee\n|-damage|p1a: Ribombee|0 fnt\n|-boost|p2a: Iron Moth|spa|1\n|faint|p1a: Ribombee\n|\n|upkeep\n|inactive|agency paid actor has 120 seconds left.\n|\n|t:|1699966241\n|switch|p1a: Manaphy|Manaphy|100\/100\n|turn|4\n|\n|t:|1699966245\n|-terastallize|p2a: Iron Moth|Grass\n|move|p2a: Iron Moth|Energy Ball|p1a: Manaphy\n|-supereffective|p1a: Manaphy\n|-damage|p1a: Manaphy|0 fnt\n|faint|p1a: Manaphy\n|\n|upkeep\n|\n|t:|1699966250\n|switch|p1a: Iron Valiant|Iron Valiant|100\/100\n|-enditem|p1a: Iron Valiant|Booster Energy\n|-activate|p1a: Iron Valiant|ability: Quark Drive|[fromitem]\n|-start|p1a: Iron Valiant|quarkdrivespe\n|turn|5\n|\n|t:|1699966253\n|-terastallize|p1a: Iron Valiant|Fairy\n|move|p1a: Iron Valiant|Moonblast|p2a: Iron Moth\n|-damage|p2a: Iron Moth|9\/100\n|move|p2a: Iron Moth|Sludge Wave|p1a: Iron Valiant\n|-supereffective|p1a: Iron Valiant\n|-damage|p1a: Iron Valiant|0 fnt\n|faint|p1a: Iron Valiant\n|-end|p1a: Iron Valiant|Quark Drive|[silent]\n|\n|upkeep\n|inactive|agency paid actor has 120 seconds left.\n|\n|t:|1699966286\n|switch|p1a: Maushold|Maushold|100\/100\n|turn|6\n|\n|t:|1699966289\n|move|p2a: Iron Moth|Fiery Dance|p1a: Maushold\n|-damage|p1a: Maushold|0 fnt\n|-boost|p2a: Iron Moth|spa|1\n|faint|p1a: Maushold\n|\n|upkeep\n|-message|agency paid actor forfeited.\n|\n|win|jzhuc1841\n|raw|agency paid actor's rating: 1496 &rarr; <strong>1478<\/strong><br \/>(-18 for losing)\n|raw|jzhuc1841's rating: 1528 &rarr; <strong>1546<\/strong><br \/>(+18 for winning)\n|l|\u2606agency paid actor\n","uploadtime":1699966301,"views":19,"p1id":"agencypaidactor","p2id":"jzhuc1841","formatid":"gen9ou","rating":1478,"private":0,"password":""}