{"id":"gen9ou-1990828451","p1":"Hazzle6","p2":"Juanp0093","format":"[Gen 9] OU","log":"|j|\u2606Hazzle6\n|j|\u2606Juanp0093\n|t:|1700005051\n|gametype|singles\n|player|p1|Hazzle6|waitress-gen4|1286\n|player|p2|Juanp0093|blue|1310\n|teamsize|p1|6\n|teamsize|p2|6\n|gen|9\n|tier|[Gen 9] OU\n|rated|\n|rule|Sleep Clause Mod: Limit one foe put to sleep\n|rule|Species Clause: Limit one of each Pok\u00e9mon\n|rule|OHKO Clause: OHKO moves are banned\n|rule|Evasion Items Clause: Evasion items are banned\n|rule|Evasion Moves Clause: Evasion moves are banned\n|rule|Endless Battle Clause: Forcing endless battles is banned\n|rule|HP Percentage Mod: HP is shown in percentages\n|clearpoke\n|poke|p1|Samurott-Hisui, M|\n|poke|p1|Zapdos|\n|poke|p1|Iron Treads|\n|poke|p1|Clefable, M|\n|poke|p1|Dragapult, M|\n|poke|p1|Ogerpon, F|\n|poke|p2|Samurott-Hisui, F|\n|poke|p2|Ceruledge, F|\n|poke|p2|Thundurus-Therian, M|\n|poke|p2|Amoonguss, M|\n|poke|p2|Great Tusk|\n|poke|p2|Gholdengo|\n|teampreview\n|inactive|Battle timer is ON: inactive players will automatically lose when time's up. (requested by Juanp0093)\n|\n|t:|1700005080\n|start\n|switch|p1a: Zapdos|Zapdos|100\/100\n|switch|p2a: Samurott|Samurott-Hisui, F, shiny|100\/100\n|turn|1\n|\n|t:|1700005088\n|switch|p2a: Gholdengo|Gholdengo, shiny|100\/100\n|move|p1a: Zapdos|Thunderbolt|p2a: Gholdengo\n|-damage|p2a: Gholdengo|62\/100\n|\n|-heal|p2a: Gholdengo|68\/100|[from] item: Leftovers\n|upkeep\n|turn|2\n|inactive|Hazzle6 has 120 seconds left.\n|\n|t:|1700005124\n|move|p1a: Zapdos|Heat Wave|p2a: Gholdengo\n|-supereffective|p2a: Gholdengo\n|-damage|p2a: Gholdengo|10\/100\n|move|p2a: Gholdengo|Recover|p2a: Gholdengo\n|-heal|p2a: Gholdengo|60\/100\n|\n|-heal|p2a: Gholdengo|67\/100|[from] item: Leftovers\n|upkeep\n|turn|3\n|inactive|Hazzle6 has 120 seconds left.\n|\n|t:|1700005133\n|switch|p1a: Samurott|Samurott-Hisui, M|100\/100\n|switch|p2a: Ceruledge|Ceruledge, F|100\/100\n|\n|upkeep\n|turn|4\n|\n|t:|1700005147\n|-terastallize|p2a: Ceruledge|Fairy\n|move|p1a: Samurott|Aqua Cutter|p2a: Ceruledge\n|-damage|p2a: Ceruledge|6\/100\n|move|p2a: Ceruledge|Swords Dance|p2a: Ceruledge\n|-boost|p2a: Ceruledge|atk|2\n|\n|upkeep\n|turn|5\n|\n|t:|1700005157\n|switch|p1a: Zapdos|Zapdos|100\/100\n|move|p2a: Ceruledge|Bitter Blade|p1a: Zapdos\n|-damage|p1a: Zapdos|26\/100\n|-heal|p2a: Ceruledge|53\/100|[from] drain|[of] p1a: Zapdos\n|-damage|p2a: Ceruledge|37\/100|[from] item: Rocky Helmet|[of] p1a: Zapdos\n|\n|upkeep\n|turn|6\n|\n|t:|1700005168\n|move|p2a: Ceruledge|Shadow Sneak|p1a: Zapdos\n|-damage|p1a: Zapdos|0 fnt\n|-damage|p2a: Ceruledge|20\/100|[from] item: Rocky Helmet|[of] p1a: Zapdos\n|faint|p1a: Zapdos\n|\n|upkeep\n|\n|t:|1700005173\n|switch|p1a: Samurott|Samurott-Hisui, M|100\/100\n|turn|7\n|\n|t:|1700005179\n|move|p1a: Samurott|Aqua Jet|p2a: Ceruledge\n|-damage|p2a: Ceruledge|0 fnt\n|faint|p2a: Ceruledge\n|\n|upkeep\n|\n|t:|1700005184\n|switch|p2a: Thundurus|Thundurus-Therian, M|100\/100\n|turn|8\n|\n|t:|1700005188\n|switch|p1a: Clefable|Clefable, M|100\/100\n|move|p2a: Thundurus|Grass Knot|p1a: Clefable\n|-damage|p1a: Clefable|84\/100\n|\n|-heal|p1a: Clefable|91\/100|[from] item: Leftovers\n|upkeep\n|turn|9\n|\n|t:|1700005194\n|move|p2a: Thundurus|Volt Switch|p1a: Clefable\n|-damage|p1a: Clefable|64\/100\n|\n|t:|1700005198\n|switch|p2a: Samurott|Samurott-Hisui, F, shiny|100\/100|[from] Volt Switch\n|move|p1a: Clefable|Stealth Rock|p2a: Samurott\n|-sidestart|p2: Juanp0093|move: Stealth Rock\n|\n|-heal|p1a: Clefable|70\/100|[from] item: Leftovers\n|upkeep\n|turn|10\n|\n|t:|1700005203\n|move|p2a: Samurott|Ceaseless Edge|p1a: Clefable\n|-resisted|p1a: Clefable\n|-damage|p1a: Clefable|44\/100\n|-sidestart|p1: Hazzle6|Spikes\n|move|p1a: Clefable|Moonblast|p2a: Samurott\n|-supereffective|p2a: Samurott\n|-damage|p2a: Samurott|1\/100\n|\n|-heal|p1a: Clefable|50\/100|[from] item: Leftovers\n|upkeep\n|turn|11\n|\n|t:|1700005207\n|move|p2a: Samurott|Ceaseless Edge|p1a: Clefable\n|-resisted|p1a: Clefable\n|-damage|p1a: Clefable|23\/100\n|-sidestart|p1: Hazzle6|Spikes\n|move|p1a: Clefable|Moonblast|p2a: Samurott\n|-supereffective|p2a: Samurott\n|-damage|p2a: Samurott|0 fnt\n|faint|p2a: Samurott\n|\n|-heal|p1a: Clefable|29\/100|[from] item: Leftovers\n|upkeep\n|\n|t:|1700005214\n|switch|p2a: Gholdengo|Gholdengo, shiny|67\/100\n|-damage|p2a: Gholdengo|60\/100|[from] Stealth Rock\n|turn|12\n|\n|t:|1700005223\n|move|p2a: Gholdengo|Make It Rain|p1a: Clefable\n|-supereffective|p1a: Clefable\n|-damage|p1a: Clefable|0 fnt\n|-unboost|p2a: Gholdengo|spa|1\n|faint|p1a: Clefable\n|\n|-heal|p2a: Gholdengo|67\/100|[from] item: Leftovers\n|upkeep\n|\n|t:|1700005231\n|switch|p1a: Samurott|Samurott-Hisui, M|100\/100\n|-damage|p1a: Samurott|84\/100|[from] Spikes\n|turn|13\n|\n|t:|1700005237\n|switch|p2a: Amoonguss|Amoonguss, M, shiny|100\/100\n|-damage|p2a: Amoonguss|88\/100|[from] Stealth Rock\n|move|p1a: Samurott|Ceaseless Edge|p2a: Amoonguss\n|-damage|p2a: Amoonguss|25\/100\n|-sidestart|p2: Juanp0093|Spikes\n|-enditem|p2a: Amoonguss|Red Card|[of] p1a: Samurott\n|drag|p1a: Ogerpon|Ogerpon, F|100\/100\n|-damage|p1a: Ogerpon|84\/100|[from] Spikes\n|\n|upkeep\n|turn|14\n|\n|t:|1700005246\n|move|p1a: Ogerpon|Swords Dance|p1a: Ogerpon\n|-boost|p1a: Ogerpon|atk|2\n|move|p2a: Amoonguss|Sludge Bomb|p1a: Ogerpon\n|-supereffective|p1a: Ogerpon\n|-damage|p1a: Ogerpon|15\/100\n|\n|upkeep\n|turn|15\n|\n|t:|1700005254\n|move|p1a: Ogerpon|Ivy Cudgel|p2a: Amoonguss\n|-resisted|p2a: Amoonguss\n|-damage|p2a: Amoonguss|0 fnt\n|faint|p2a: Amoonguss\n|\n|upkeep\n|\n|t:|1700005257\n|switch|p2a: Thundurus|Thundurus-Therian, M|100\/100\n|turn|16\n|\n|t:|1700005266\n|move|p1a: Ogerpon|Ivy Cudgel|p2a: Thundurus\n|-resisted|p2a: Thundurus\n|-crit|p2a: Thundurus\n|-damage|p2a: Thundurus|0 fnt\n|faint|p2a: Thundurus\n|\n|upkeep\n|-message|Juanp0093 forfeited.\n|\n|win|Hazzle6\n|raw|Hazzle6's rating: 1286 &rarr; <strong>1313<\/strong><br \/>(+27 for winning)\n|raw|Juanp0093's rating: 1310 &rarr; <strong>1289<\/strong><br \/>(-21 for losing)\n|l|\u2606Juanp0093\n","uploadtime":1700005278,"views":33,"p1id":"hazzle6","p2id":"juanp0093","formatid":"gen9ou","rating":1289,"private":0,"password":""}