{"id":"gen9ou-1997260088","p1":"Oshwottking","p2":"Fallen Dwarf","format":"[Gen 9] OU","log":"|j|\u2606Oshwottking\n|j|\u2606Fallen Dwarf\n|t:|1700781596\n|gametype|singles\n|player|p1|Oshwottking|silver|1230\n|player|p2|Fallen Dwarf|hiker-gen4|1200\n|teamsize|p1|6\n|teamsize|p2|6\n|gen|9\n|tier|[Gen 9] OU\n|rated|\n|rule|Sleep Clause Mod: Limit one foe put to sleep\n|rule|Species Clause: Limit one of each Pok\u00e9mon\n|rule|OHKO Clause: OHKO moves are banned\n|rule|Evasion Items Clause: Evasion items are banned\n|rule|Evasion Moves Clause: Evasion moves are banned\n|rule|Endless Battle Clause: Forcing endless battles is banned\n|rule|HP Percentage Mod: HP is shown in percentages\n|clearpoke\n|poke|p1|Munkidori, M|\n|poke|p1|Garganacl, F|\n|poke|p1|Corviknight, M|\n|poke|p1|Samurott-Hisui, M|\n|poke|p1|Garchomp, M|\n|poke|p1|Cinderace, M|\n|poke|p2|Rillaboom, F|\n|poke|p2|Weavile, F|\n|poke|p2|Maushold-Four|\n|poke|p2|Slowbro-Galar, M|\n|poke|p2|Hatterene, F|\n|poke|p2|Crawdaunt, F|\n|teampreview\n|inactive|Battle timer is ON: inactive players will automatically lose when time's up. (requested by Oshwottking)\n|\n|t:|1700781619\n|start\n|switch|p1a: Munkidori|Munkidori, M|100\/100\n|switch|p2a: Rillaboom|Rillaboom, F|100\/100\n|-fieldstart|move: Grassy Terrain|[from] ability: Grassy Surge|[of] p2a: Rillaboom\n|turn|1\n|\n|t:|1700781628\n|move|p2a: Rillaboom|Grassy Glide|p1a: Munkidori\n|-resisted|p1a: Munkidori\n|-damage|p1a: Munkidori|69\/100\n|move|p1a: Munkidori|Sludge Wave|p2a: Rillaboom\n|-supereffective|p2a: Rillaboom\n|-damage|p2a: Rillaboom|0 fnt\n|faint|p2a: Rillaboom\n|\n|-heal|p1a: Munkidori|75\/100|[from] Grassy Terrain\n|upkeep\n|\n|t:|1700781638\n|switch|p2a: Weavile|Weavile, F|100\/100\n|turn|2\n|\n|t:|1700781644\n|switch|p1a: Corviknight|Corviknight, M|100\/100\n|-ability|p1a: Corviknight|Pressure\n|move|p2a: Weavile|Swords Dance|p2a: Weavile\n|-boost|p2a: Weavile|atk|2\n|\n|upkeep\n|turn|3\n|\n|t:|1700781649\n|move|p2a: Weavile|Ice Spinner|p1a: Corviknight\n|-damage|p1a: Corviknight|56\/100\n|-damage|p2a: Weavile|84\/100|[from] item: Rocky Helmet|[of] p1a: Corviknight\n|-fieldend|move: Grassy Terrain\n|move|p1a: Corviknight|U-turn|p2a: Weavile\n|-supereffective|p2a: Weavile\n|-crit|p2a: Weavile\n|-damage|p2a: Weavile|16\/100\n|\n|t:|1700781658\n|switch|p1a: Cinderace|Cinderace, M|100\/100|[from] U-turn\n|\n|upkeep\n|turn|4\n|\n|t:|1700781668\n|move|p2a: Weavile|Knock Off|p1a: Cinderace\n|-damage|p1a: Cinderace|0 fnt\n|-enditem|p1a: Cinderace|Heavy-Duty Boots|[from] move: Knock Off|[of] p2a: Weavile\n|faint|p1a: Cinderace\n|\n|upkeep\n|\n|t:|1700781678\n|switch|p1a: Corviknight|Corviknight, M|56\/100\n|-ability|p1a: Corviknight|Pressure\n|turn|5\n|\n|t:|1700781680\n|move|p2a: Weavile|Knock Off|p1a: Corviknight\n|-damage|p1a: Corviknight|1\/100\n|-damage|p2a: Weavile|0 fnt|[from] item: Rocky Helmet|[of] p1a: Corviknight\n|faint|p2a: Weavile\n|move|p1a: Corviknight|Roost|p1a: Corviknight\n|-heal|p1a: Corviknight|51\/100\n|-singleturn|p1a: Corviknight|move: Roost\n|\n|upkeep\n|\n|t:|1700781697\n|switch|p2a: McGraw|Slowbro-Galar, M, shiny|100\/100\n|turn|6\n|\n|t:|1700781704\n|switch|p1a: Garganacl|Garganacl, F|100\/100\n|move|p2a: McGraw|Flamethrower|p1a: Garganacl\n|-resisted|p1a: Garganacl\n|-damage|p1a: Garganacl|89\/100\n|\n|-heal|p1a: Garganacl|96\/100|[from] item: Leftovers\n|upkeep\n|turn|7\n|\n|t:|1700781709\n|move|p1a: Garganacl|Salt Cure|p2a: McGraw\n|-damage|p2a: McGraw|88\/100\n|-start|p2a: McGraw|Salt Cure\n|move|p2a: McGraw|Nasty Plot|p2a: McGraw\n|-boost|p2a: McGraw|spa|2\n|\n|-heal|p1a: Garganacl|100\/100|[from] item: Leftovers\n|-damage|p2a: McGraw|75\/100|[from] Salt Cure\n|upkeep\n|turn|8\n|-activate|p2a: McGraw|ability: Quick Draw\n|\n|t:|1700781712\n|move|p2a: McGraw|Psychic|p1a: Garganacl\n|-damage|p1a: Garganacl|30\/100\n|move|p1a: Garganacl|Stealth Rock|p2a: McGraw\n|-sidestart|p2: Fallen Dwarf|move: Stealth Rock\n|\n|-heal|p1a: Garganacl|36\/100|[from] item: Leftovers\n|-damage|p2a: McGraw|63\/100|[from] Salt Cure\n|upkeep\n|turn|9\n|-activate|p2a: McGraw|ability: Quick Draw\n|\n|t:|1700781719\n|switch|p1a: Samurott|Samurott-Hisui, M|100\/100\n|move|p2a: McGraw|Psychic|p1a: Samurott\n|-immune|p1a: Samurott\n|\n|-damage|p2a: McGraw|50\/100|[from] Salt Cure\n|upkeep\n|turn|10\n|\n|t:|1700781730\n|switch|p2a: Crawdaunt|Crawdaunt, F|100\/100\n|-damage|p2a: Crawdaunt|88\/100|[from] Stealth Rock\n|move|p1a: Samurott|Ceaseless Edge|p2a: Crawdaunt\n|-resisted|p2a: Crawdaunt\n|-damage|p2a: Crawdaunt|40\/100\n|-sidestart|p2: Fallen Dwarf|Spikes\n|\n|-heal|p2a: Crawdaunt|46\/100|[from] item: Leftovers\n|upkeep\n|turn|11\n|\n|t:|1700781737\n|move|p1a: Samurott|Ceaseless Edge|p2a: Crawdaunt\n|-resisted|p2a: Crawdaunt\n|-damage|p2a: Crawdaunt|0 fnt\n|-sidestart|p2: Fallen Dwarf|Spikes\n|faint|p2a: Crawdaunt\n|\n|upkeep\n|\n|t:|1700781743\n|switch|p2a: Maushold|Maushold-Four|100\/100\n|turn|12\n|\n|t:|1700781754\n|switch|p1a: Corviknight|Corviknight, M|51\/100\n|-ability|p1a: Corviknight|Pressure\n|move|p2a: Maushold|Tidy Up|p2a: Maushold\n|-sideend|p2: Fallen Dwarf|Spikes\n|-sideend|p2: Fallen Dwarf|Stealth Rock\n|-activate|p2a: Maushold|move: Tidy Up\n|-boost|p2a: Maushold|atk|1\n|-boost|p2a: Maushold|spe|1\n|\n|upkeep\n|turn|13\n|\n|t:|1700781759\n|move|p2a: Maushold|U-turn|p1a: Corviknight\n|-resisted|p1a: Corviknight\n|-damage|p1a: Corviknight|48\/100\n|-damage|p2a: Maushold|84\/100|[from] item: Rocky Helmet|[of] p1a: Corviknight\n|\n|t:|1700781763\n|switch|p2a: McGraw|Slowbro-Galar, M, shiny|50\/100|[from] U-turn\n|move|p1a: Corviknight|Roost|p1a: Corviknight\n|-heal|p1a: Corviknight|98\/100\n|-singleturn|p1a: Corviknight|move: Roost\n|\n|upkeep\n|turn|14\n|\n|t:|1700781766\n|move|p1a: Corviknight|U-turn|p2a: McGraw\n|-damage|p2a: McGraw|38\/100\n|\n|t:|1700781770\n|switch|p1a: Garganacl|Garganacl, F|36\/100|[from] U-turn\n|move|p2a: McGraw|Nasty Plot|p2a: McGraw\n|-boost|p2a: McGraw|spa|2\n|\n|-heal|p1a: Garganacl|42\/100|[from] item: Leftovers\n|upkeep\n|turn|15\n|\n|t:|1700781774\n|switch|p2a: Hatterene|Hatterene, F|100\/100\n|move|p1a: Garganacl|Recover|p1a: Garganacl\n|-heal|p1a: Garganacl|92\/100\n|\n|-heal|p1a: Garganacl|98\/100|[from] item: Leftovers\n|upkeep\n|turn|16\n|\n|t:|1700781777\n|move|p1a: Garganacl|Salt Cure|p2a: Hatterene\n|-damage|p2a: Hatterene|89\/100\n|-start|p2a: Hatterene|Salt Cure\n|move|p2a: Hatterene|Calm Mind|p2a: Hatterene\n|-boost|p2a: Hatterene|spa|1\n|-boost|p2a: Hatterene|spd|1\n|\n|-heal|p1a: Garganacl|100\/100|[from] item: Leftovers\n|-heal|p2a: Hatterene|95\/100|[from] item: Leftovers\n|-damage|p2a: Hatterene|83\/100|[from] Salt Cure\n|upkeep\n|turn|17\n|\n|t:|1700781787\n|switch|p1a: Corviknight|Corviknight, M|98\/100\n|-ability|p1a: Corviknight|Pressure\n|move|p2a: Hatterene|Calm Mind|p2a: Hatterene\n|-boost|p2a: Hatterene|spa|1\n|-boost|p2a: Hatterene|spd|1\n|\n|-heal|p2a: Hatterene|89\/100|[from] item: Leftovers\n|-damage|p2a: Hatterene|76\/100|[from] Salt Cure\n|upkeep\n|turn|18\n|\n|t:|1700781792\n|move|p1a: Corviknight|U-turn|p2a: Hatterene\n|-crit|p2a: Hatterene\n|-damage|p2a: Hatterene|60\/100\n|\n|t:|1700781798\n|switch|p1a: Garchomp|Garchomp, M|100\/100|[from] U-turn\n|move|p2a: Hatterene|Mystical Fire|p1a: Garchomp\n|-resisted|p1a: Garchomp\n|-damage|p1a: Garchomp|74\/100\n|-unboost|p1a: Garchomp|spa|1\n|\n|-heal|p2a: Hatterene|66\/100|[from] item: Leftovers\n|-damage|p2a: Hatterene|54\/100|[from] Salt Cure\n|upkeep\n|turn|19\n|\n|t:|1700781803\n|move|p1a: Garchomp|Earthquake|p2a: Hatterene\n|-damage|p2a: Hatterene|8\/100\n|move|p2a: Hatterene|Draining Kiss|p1a: Garchomp\n|-supereffective|p1a: Garchomp\n|-damage|p1a: Garchomp|0 fnt\n|-heal|p2a: Hatterene|70\/100|[from] drain|[of] p1a: Garchomp\n|-damage|p2a: Hatterene|58\/100|[from] ability: Rough Skin|[of] p1a: Garchomp\n|faint|p1a: Garchomp\n|\n|-heal|p2a: Hatterene|64\/100|[from] item: Leftovers\n|-damage|p2a: Hatterene|52\/100|[from] Salt Cure\n|upkeep\n|\n|t:|1700781824\n|switch|p1a: Samurott|Samurott-Hisui, M|100\/100\n|turn|20\n|\n|t:|1700781827\n|move|p1a: Samurott|Ceaseless Edge|p2a: Hatterene\n|-damage|p2a: Hatterene|0 fnt\n|-sidestart|p2: Fallen Dwarf|Spikes\n|faint|p2a: Hatterene\n|\n|upkeep\n|\n|t:|1700781833\n|switch|p2a: Maushold|Maushold-Four|84\/100\n|turn|21\n|\n|t:|1700781843\n|move|p2a: Maushold|Population Bomb|p1a: Samurott\n|-damage|p1a: Samurott|90\/100\n|-damage|p1a: Samurott|79\/100\n|-damage|p1a: Samurott|69\/100\n|-damage|p1a: Samurott|58\/100\n|-damage|p1a: Samurott|49\/100\n|-damage|p1a: Samurott|39\/100\n|-damage|p1a: Samurott|28\/100\n|-damage|p1a: Samurott|18\/100\n|-damage|p1a: Samurott|7\/100\n|-damage|p1a: Samurott|0 fnt\n|faint|p1a: Samurott\n|-hitcount|p1: Samurott|10\n|\n|upkeep\n|\n|t:|1700781849\n|switch|p1a: Corviknight|Corviknight, M|98\/100\n|-ability|p1a: Corviknight|Pressure\n|turn|22\n|\n|t:|1700781855\n|move|p2a: Maushold|Tidy Up|p2a: Maushold\n|-sideend|p2: Fallen Dwarf|Spikes\n|-activate|p2a: Maushold|move: Tidy Up\n|-boost|p2a: Maushold|atk|1\n|-boost|p2a: Maushold|spe|1\n|move|p1a: Corviknight|U-turn|p2a: Maushold\n|-damage|p2a: Maushold|66\/100\n|\n|t:|1700781859\n|switch|p1a: Garganacl|Garganacl, F|100\/100|[from] U-turn\n|\n|upkeep\n|turn|23\n|\n|t:|1700781862\n|switch|p1a: Corviknight|Corviknight, M|98\/100\n|-ability|p1a: Corviknight|Pressure\n|move|p2a: Maushold|Population Bomb|p1a: Corviknight\n|-resisted|p1a: Corviknight\n|-damage|p1a: Corviknight|95\/100\n|-damage|p2a: Maushold|50\/100|[from] item: Rocky Helmet|[of] p1a: Corviknight\n|-resisted|p1a: Corviknight\n|-damage|p1a: Corviknight|91\/100\n|-damage|p2a: Maushold|33\/100|[from] item: Rocky Helmet|[of] p1a: Corviknight\n|-resisted|p1a: Corviknight\n|-damage|p1a: Corviknight|87\/100\n|-damage|p2a: Maushold|17\/100|[from] item: Rocky Helmet|[of] p1a: Corviknight\n|-resisted|p1a: Corviknight\n|-damage|p1a: Corviknight|84\/100\n|-damage|p2a: Maushold|0 fnt|[from] item: Rocky Helmet|[of] p1a: Corviknight\n|faint|p2a: Maushold\n|-hitcount|p1a: Corviknight|4\n|\n|upkeep\n|\n|t:|1700781864\n|switch|p2a: McGraw|Slowbro-Galar, M, shiny|38\/100\n|turn|24\n|\n|t:|1700781893\n|move|p1a: Corviknight|Brave Bird|p2a: McGraw\n|-damage|p2a: McGraw|6\/100\n|-damage|p1a: Corviknight|73\/100|[from] Recoil\n|move|p2a: McGraw|Nasty Plot|p2a: McGraw\n|-boost|p2a: McGraw|spa|2\n|\n|upkeep\n|turn|25\n|\n|t:|1700781896\n|move|p1a: Corviknight|U-turn|p2a: McGraw\n|-damage|p2a: McGraw|0 fnt\n|faint|p2a: McGraw\n|\n|win|Oshwottking\n|raw|Oshwottking's rating: 1230 &rarr; <strong>1253<\/strong><br \/>(+23 for winning)\n|raw|Fallen Dwarf's rating: 1200 &rarr; <strong>1177<\/strong><br \/>(-23 for losing)\n|l|\u2606Fallen Dwarf\n","uploadtime":1700781900,"views":23,"p1id":"oshwottking","p2id":"fallendwarf","formatid":"gen9ou","rating":1177,"private":0,"password":""}