{"id":"gen9ou-1992672711","p1":"bruc3wi11is","p2":"Danhehe","format":"[Gen 9] OU","log":"|j|\u2606bruc3wi11is\n|j|\u2606Danhehe\n|t:|1700223484\n|gametype|singles\n|player|p1|bruc3wi11is|169|1285\n|player|p2|Danhehe|2|1252\n|teamsize|p1|6\n|teamsize|p2|6\n|gen|9\n|tier|[Gen 9] OU\n|rated|\n|rule|Sleep Clause Mod: Limit one foe put to sleep\n|rule|Species Clause: Limit one of each Pok\u00e9mon\n|rule|OHKO Clause: OHKO moves are banned\n|rule|Evasion Items Clause: Evasion items are banned\n|rule|Evasion Moves Clause: Evasion moves are banned\n|rule|Endless Battle Clause: Forcing endless battles is banned\n|rule|HP Percentage Mod: HP is shown in percentages\n|clearpoke\n|poke|p1|Kingambit, M|\n|poke|p1|Pelipper, F|\n|poke|p1|Manaphy|\n|poke|p1|Iron Valiant|\n|poke|p1|Weezing-Galar, M|\n|poke|p1|Landorus-Therian, M|\n|poke|p2|Great Tusk|\n|poke|p2|Zapdos|\n|poke|p2|Greninja-*, M|\n|poke|p2|Toxapex, F|\n|poke|p2|Hatterene, F|\n|poke|p2|Sneasler, M|\n|teampreview\n|inactive|Battle timer is ON: inactive players will automatically lose when time's up. (requested by Danhehe)\n|\n|t:|1700223499\n|start\n|switch|p1a: Pelipper|Pelipper, F|100\/100\n|switch|p2a: Sneasler|Sneasler, M|100\/100\n|-weather|RainDance|[from] ability: Drizzle|[of] p1a: Pelipper\n|turn|1\n|\n|t:|1700223509\n|move|p2a: Sneasler|Fake Out|p1a: Pelipper\n|-damage|p1a: Pelipper|90\/100\n|cant|p1a: Pelipper|flinch\n|\n|-weather|RainDance|[upkeep]\n|upkeep\n|turn|2\n|\n|t:|1700223516\n|move|p2a: Sneasler|U-turn|p1a: Pelipper\n|-resisted|p1a: Pelipper\n|-damage|p1a: Pelipper|80\/100\n|\n|t:|1700223519\n|switch|p2a: Toxapex|Toxapex, F|100\/100|[from] U-turn\n|move|p1a: Pelipper|Hurricane|p2a: Toxapex\n|-damage|p2a: Toxapex|76\/100\n|\n|-weather|RainDance|[upkeep]\n|-heal|p2a: Toxapex|83\/100|[from] item: Leftovers\n|upkeep\n|turn|3\n|\n|t:|1700223533\n|switch|p1a: Kingambit|Kingambit, M|100\/100\n|move|p2a: Toxapex|Toxic|p1a: Kingambit\n|-immune|p1a: Kingambit\n|\n|-weather|RainDance|[upkeep]\n|-heal|p2a: Toxapex|89\/100|[from] item: Leftovers\n|upkeep\n|turn|4\n|\n|t:|1700223545\n|move|p1a: Kingambit|Swords Dance|p1a: Kingambit\n|-boost|p1a: Kingambit|atk|2\n|move|p2a: Toxapex|Chilling Water|p1a: Kingambit\n|-damage|p1a: Kingambit|82\/100\n|-unboost|p1a: Kingambit|atk|1\n|\n|-weather|RainDance|[upkeep]\n|-heal|p2a: Toxapex|95\/100|[from] item: Leftovers\n|upkeep\n|turn|5\n|\n|t:|1700223561\n|move|p1a: Kingambit|Kowtow Cleave|p2a: Toxapex\n|-damage|p2a: Toxapex|23\/100\n|move|p2a: Toxapex|Chilling Water|p1a: Kingambit\n|-damage|p1a: Kingambit|64\/100\n|-unboost|p1a: Kingambit|atk|1\n|\n|-weather|RainDance|[upkeep]\n|-heal|p2a: Toxapex|29\/100|[from] item: Leftovers\n|upkeep\n|turn|6\n|inactive|Danhehe has 120 seconds left.\n|\n|t:|1700223591\n|move|p1a: Kingambit|Kowtow Cleave|p2a: Toxapex\n|-damage|p2a: Toxapex|0 fnt\n|faint|p2a: Toxapex\n|\n|-weather|RainDance|[upkeep]\n|upkeep\n|\n|t:|1700223598\n|switch|p2a: Hatterene|Hatterene, F|100\/100\n|turn|7\n|\n|t:|1700223602\n|move|p1a: Kingambit|Iron Head|p2a: Hatterene\n|-supereffective|p2a: Hatterene\n|-damage|p2a: Hatterene|26\/100\n|cant|p2a: Hatterene|flinch\n|\n|-weather|RainDance|[upkeep]\n|-heal|p2a: Hatterene|32\/100|[from] item: Leftovers\n|upkeep\n|turn|8\n|\n|t:|1700223610\n|switch|p2a: Zapdos|Zapdos|100\/100\n|move|p1a: Kingambit|Kowtow Cleave|p2a: Zapdos\n|-damage|p2a: Zapdos|40\/100\n|\n|-weather|none\n|-heal|p2a: Zapdos|46\/100|[from] item: Leftovers\n|upkeep\n|turn|9\n|\n|t:|1700223627\n|-end|p1a: Kingambit|fallenundefined|[silent]\n|switch|p1a: Landorus|Landorus-Therian, M|100\/100\n|-ability|p1a: Landorus|Intimidate|boost\n|-unboost|p2a: Zapdos|atk|1\n|move|p2a: Zapdos|Roost|p2a: Zapdos\n|-heal|p2a: Zapdos|96\/100\n|-singleturn|p2a: Zapdos|move: Roost\n|\n|-heal|p2a: Zapdos|100\/100|[from] item: Leftovers\n|upkeep\n|turn|10\n|\n|t:|1700223639\n|move|p1a: Landorus|Smack Down|p2a: Zapdos\n|-supereffective|p2a: Zapdos\n|-crit|p2a: Zapdos\n|-damage|p2a: Zapdos|44\/100\n|-start|p2a: Zapdos|Smack Down\n|move|p2a: Zapdos|Air Cutter|p1a: Landorus\n|-damage|p1a: Landorus|53\/100\n|\n|-heal|p1a: Landorus|58\/100|[from] item: Leftovers\n|-heal|p2a: Zapdos|50\/100|[from] item: Leftovers\n|upkeep\n|turn|11\n|\n|t:|1700223654\n|switch|p2a: Greninja|Greninja, M|100\/100\n|move|p1a: Landorus|Earthquake|p2a: Greninja\n|-damage|p2a: Greninja|3\/100\n|\n|-heal|p1a: Landorus|64\/100|[from] item: Leftovers\n|upkeep\n|turn|12\n|\n|t:|1700223662\n|switch|p1a: Pelipper|Pelipper, F|80\/100\n|-weather|RainDance|[from] ability: Drizzle|[of] p1a: Pelipper\n|move|p2a: Greninja|Ice Beam|p1a: Pelipper\n|-damage|p1a: Pelipper|43\/100\n|-status|p1a: Pelipper|frz\n|\n|-weather|RainDance|[upkeep]\n|upkeep\n|turn|13\n|\n|t:|1700223672\n|move|p2a: Greninja|Dark Pulse|p1a: Pelipper\n|-damage|p1a: Pelipper|0 fnt\n|faint|p1a: Pelipper\n|-ability|p2a: Greninja|Battle Bond|boost\n|-boost|p2a: Greninja|atk|1\n|-boost|p2a: Greninja|spa|1\n|-boost|p2a: Greninja|spe|1\n|-activate|p2a: Greninja|ability: Battle Bond\n|\n|-weather|RainDance|[upkeep]\n|upkeep\n|\n|t:|1700223675\n|switch|p1a: Kingambit|Kingambit, M|64\/100\n|-activate|p1a: Kingambit|ability: Supreme Overlord\n|-start|p1a: Kingambit|fallen1|[silent]\n|turn|14\n|\n|t:|1700223686\n|switch|p2a: Zapdos|Zapdos|50\/100\n|move|p1a: Kingambit|Sucker Punch||[still]\n|-fail|p1a: Kingambit\n|\n|-weather|RainDance|[upkeep]\n|-heal|p2a: Zapdos|56\/100|[from] item: Leftovers\n|upkeep\n|turn|15\n|\n|t:|1700223695\n|move|p2a: Zapdos|Roost|p2a: Zapdos\n|-heal|p2a: Zapdos|100\/100\n|-singleturn|p2a: Zapdos|move: Roost\n|move|p1a: Kingambit|Kowtow Cleave|p2a: Zapdos\n|-damage|p2a: Zapdos|38\/100\n|\n|-weather|RainDance|[upkeep]\n|-heal|p2a: Zapdos|44\/100|[from] item: Leftovers\n|upkeep\n|turn|16\n|\n|t:|1700223710\n|-end|p1a: Kingambit|fallen1|[silent]\n|switch|p1a: Landorus|Landorus-Therian, M|64\/100\n|-ability|p1a: Landorus|Intimidate|boost\n|-unboost|p2a: Zapdos|atk|1\n|move|p2a: Zapdos|Heat Wave|p1a: Landorus\n|-damage|p1a: Landorus|39\/100\n|\n|-weather|RainDance|[upkeep]\n|-heal|p1a: Landorus|45\/100|[from] item: Leftovers\n|-heal|p2a: Zapdos|50\/100|[from] item: Leftovers\n|upkeep\n|turn|17\n|\n|t:|1700223724\n|switch|p2a: Hatterene|Hatterene, F|32\/100\n|move|p1a: Landorus|Smack Down|p2a: Hatterene\n|-damage|p2a: Hatterene|18\/100\n|\n|-weather|RainDance|[upkeep]\n|-heal|p1a: Landorus|51\/100|[from] item: Leftovers\n|-heal|p2a: Hatterene|24\/100|[from] item: Leftovers\n|upkeep\n|turn|18\n|\n|t:|1700223733\n|move|p1a: Landorus|Earthquake|p2a: Hatterene\n|-damage|p2a: Hatterene|0 fnt\n|faint|p2a: Hatterene\n|\n|-weather|RainDance|[upkeep]\n|-heal|p1a: Landorus|57\/100|[from] item: Leftovers\n|upkeep\n|inactive|Danhehe has 120 seconds left.\n|inactive|Danhehe has 90 seconds left.\n|\n|t:|1700223823\n|switch|p2a: Greninja|Greninja, M|3\/100\n|turn|19\n|inactive|bruc3wi11is has 120 seconds left.\n|\n|t:|1700223866\n|-terastallize|p1a: Landorus|Water\n|move|p2a: Greninja|Ice Beam|p1a: Landorus\n|-resisted|p1a: Landorus\n|-damage|p1a: Landorus|37\/100\n|move|p1a: Landorus|Earthquake|p2a: Greninja\n|-damage|p2a: Greninja|0 fnt\n|faint|p2a: Greninja\n|\n|-weather|none\n|-heal|p1a: Landorus|43\/100|[from] item: Leftovers\n|upkeep\n|inactive|Danhehe has 60 seconds left.\n|\n|t:|1700223903\n|switch|p2a: Sneasler|Sneasler, M|100\/100\n|turn|20\n|\n|t:|1700223908\n|move|p2a: Sneasler|Fake Out|p1a: Landorus\n|-damage|p1a: Landorus|26\/100\n|cant|p1a: Landorus|flinch\n|\n|-heal|p1a: Landorus|32\/100|[from] item: Leftovers\n|upkeep\n|turn|21\n|inactive|Danhehe has 30 seconds left.\n|inactive|bruc3wi11is has 120 seconds left.\n|inactive|Danhehe has 20 seconds left.\n|inactive|Danhehe has 15 seconds left.\n|inactive|Danhehe has 10 seconds left.\n|inactive|Danhehe has 5 seconds left.\n|\n|t:|1700223961\n|move|p2a: Sneasler|Dire Claw|p1a: Landorus\n|-damage|p1a: Landorus|0 fnt\n|faint|p1a: Landorus\n|\n|upkeep\n|inactive|Danhehe has 10 seconds left this turn.\n|\n|t:|1700223965\n|switch|p1a: Kingambit|Kingambit, M|64\/100\n|-activate|p1a: Kingambit|ability: Supreme Overlord\n|-start|p1a: Kingambit|fallen2|[silent]\n|turn|22\n|inactive|Danhehe has 20 seconds left this turn.\n|inactive|Danhehe has 15 seconds left.\n|inactive|Danhehe has 10 seconds left.\n|\n|t:|1700223979\n|move|p2a: Sneasler|Close Combat|p1a: Kingambit\n|-supereffective|p1a: Kingambit\n|-damage|p1a: Kingambit|0 fnt\n|-unboost|p2a: Sneasler|def|1\n|-unboost|p2a: Sneasler|spd|1\n|faint|p1a: Kingambit\n|-end|p1a: Kingambit|fallen2|[silent]\n|\n|upkeep\n|inactive|Danhehe has 15 seconds left this turn.\n|\n|t:|1700223986\n|switch|p1a: Iron Valiant|Iron Valiant|100\/100\n|-enditem|p1a: Iron Valiant|Booster Energy\n|-activate|p1a: Iron Valiant|ability: Quark Drive|[fromitem]\n|-start|p1a: Iron Valiant|quarkdrivespe\n|turn|23\n|inactive|Danhehe has 25 seconds left this turn.\n|inactive|Danhehe has 20 seconds left.\n|\n|t:|1700223994\n|switch|p2a: Zapdos|Zapdos|50\/100\n|move|p1a: Iron Valiant|Spirit Break|p2a: Zapdos\n|-damage|p2a: Zapdos|10\/100\n|-unboost|p2a: Zapdos|spa|1\n|-status|p1a: Iron Valiant|par|[from] ability: Static|[of] p2a: Zapdos\n|\n|-heal|p2a: Zapdos|17\/100|[from] item: Leftovers\n|upkeep\n|turn|24\n|inactive|Danhehe has 30 seconds left this turn.\n|inactive|Danhehe has 20 seconds left.\n|inactive|Danhehe has 15 seconds left.\n|\n|t:|1700224012\n|move|p1a: Iron Valiant|Spirit Break|p2a: Zapdos\n|-crit|p2a: Zapdos\n|-damage|p2a: Zapdos|0 fnt\n|faint|p2a: Zapdos\n|\n|upkeep\n|inactive|Danhehe has 20 seconds left this turn.\n|inactive|Danhehe has 15 seconds left.\n|\n|t:|1700224017\n|switch|p2a: Sneasler|Sneasler, M|100\/100\n|turn|25\n|inactive|Danhehe has 25 seconds left this turn.\n|\n|t:|1700224025\n|move|p2a: Sneasler|Fake Out|p1a: Iron Valiant\n|-damage|p1a: Iron Valiant|83\/100 par\n|cant|p1a: Iron Valiant|flinch\n|\n|upkeep\n|turn|26\n|inactive|Danhehe has 30 seconds left.\n|\n|t:|1700224040\n|move|p2a: Sneasler|U-turn|p1a: Iron Valiant\n|-resisted|p1a: Iron Valiant\n|-damage|p1a: Iron Valiant|75\/100 par\n|inactive|Danhehe has 30 seconds left this turn.\n|\n|t:|1700224043\n|switch|p2a: Great Tusk|Great Tusk|100\/100|[from] U-turn\n|move|p1a: Iron Valiant|Spirit Break|p2a: Great Tusk\n|-supereffective|p2a: Great Tusk\n|-damage|p2a: Great Tusk|48\/100\n|-unboost|p2a: Great Tusk|spa|1\n|\n|upkeep\n|turn|27\n|inactive|Danhehe has 30 seconds left.\n|\n|t:|1700224055\n|move|p1a: Iron Valiant|Spirit Break|p2a: Great Tusk\n|-supereffective|p2a: Great Tusk\n|-damage|p2a: Great Tusk|0 fnt\n|faint|p2a: Great Tusk\n|-end|p2a: Great Tusk|Protosynthesis|[silent]\n|\n|upkeep\n|inactive|Danhehe has 30 seconds left.\n|\n|t:|1700224061\n|switch|p2a: Sneasler|Sneasler, M|100\/100\n|turn|28\n|\n|t:|1700224064\n|move|p2a: Sneasler|Fake Out|p1a: Iron Valiant\n|-damage|p1a: Iron Valiant|56\/100 par\n|cant|p1a: Iron Valiant|flinch\n|\n|upkeep\n|turn|29\n|\n|t:|1700224074\n|move|p2a: Sneasler|Dire Claw|p1a: Iron Valiant\n|-supereffective|p1a: Iron Valiant\n|-damage|p1a: Iron Valiant|0 fnt\n|faint|p1a: Iron Valiant\n|-end|p1a: Iron Valiant|Quark Drive|[silent]\n|\n|upkeep\n|\n|t:|1700224077\n|switch|p1a: Manaphy|Manaphy|100\/100\n|turn|30\n|inactive|Danhehe has 30 seconds left.\n|inactive|Danhehe has 20 seconds left.\n|inactive|Danhehe has 15 seconds left.\n|inactive|Danhehe has 10 seconds left.\n|\n|t:|1700224130\n|move|p2a: Sneasler|Dire Claw|p1a: Manaphy\n|-damage|p1a: Manaphy|59\/100\n|-status|p1a: Manaphy|psn\n|move|p1a: Manaphy|Psychic|p2a: Sneasler\n|-supereffective|p2a: Sneasler\n|-damage|p2a: Sneasler|0 fnt\n|faint|p2a: Sneasler\n|\n|win|bruc3wi11is\n|inactive|Danhehe has 15 seconds left this turn.\n|raw|bruc3wi11is's rating: 1285 &rarr; <strong>1308<\/strong><br \/>(+23 for winning)\n|raw|Danhehe's rating: 1252 &rarr; <strong>1229<\/strong><br \/>(-23 for losing)\n|l|\u2606Danhehe\n","uploadtime":1700224146,"views":16,"p1id":"bruc3wi11is","p2id":"danhehe","formatid":"gen9ou","rating":1229,"private":0,"password":""}