{"id":"gen9ou-1999925429","p1":"tony493931","p2":"Nico2121","format":"[Gen 9] OU","log":"|j|\u2606tony493931\n|j|\u2606Nico2121\n|t:|1701130788\n|gametype|singles\n|player|p1|tony493931|ethan|1369\n|player|p2|Nico2121|169|1400\n|teamsize|p1|6\n|teamsize|p2|6\n|gen|9\n|tier|[Gen 9] OU\n|rated|\n|rule|Sleep Clause Mod: Limit one foe put to sleep\n|rule|Species Clause: Limit one of each Pok\u00e9mon\n|rule|OHKO Clause: OHKO moves are banned\n|rule|Evasion Items Clause: Evasion items are banned\n|rule|Evasion Moves Clause: Evasion moves are banned\n|rule|Endless Battle Clause: Forcing endless battles is banned\n|rule|HP Percentage Mod: HP is shown in percentages\n|clearpoke\n|poke|p1|Kingambit, M|\n|poke|p1|Cinderace, F|\n|poke|p1|Zamazenta-*|\n|poke|p1|Gholdengo|\n|poke|p1|Glimmora, F|\n|poke|p1|Landorus-Therian, M|\n|poke|p2|Dondozo, F|\n|poke|p2|Kingambit, F|\n|poke|p2|Gholdengo|\n|poke|p2|Cinderace, F|\n|poke|p2|Dragonite, F|\n|poke|p2|Ting-Lu|\n|teampreview\n|inactive|Battle timer is ON: inactive players will automatically lose when time's up. (requested by tony493931)\n|\n|t:|1701130793\n|start\n|switch|p1a: Glimmora|Glimmora, F|100\/100\n|switch|p2a: Gholdengo|Gholdengo|100\/100\n|turn|1\n|\n|t:|1701130800\n|move|p1a: Glimmora|Earth Power|p2a: Gholdengo\n|-supereffective|p2a: Gholdengo\n|-damage|p2a: Gholdengo|43\/100\n|move|p2a: Gholdengo|Make It Rain|p1a: Glimmora\n|-supereffective|p1a: Glimmora\n|-enditem|p1a: Glimmora|Focus Sash\n|-damage|p1a: Glimmora|1\/100\n|-unboost|p2a: Gholdengo|spa|1\n|\n|-heal|p2a: Gholdengo|49\/100|[from] item: Leftovers\n|upkeep\n|turn|2\n|\n|t:|1701130808\n|switch|p2a: Dragonite|Dragonite, F|100\/100\n|move|p1a: Glimmora|Earth Power|p2a: Dragonite\n|-immune|p2a: Dragonite\n|\n|upkeep\n|turn|3\n|\n|t:|1701130814\n|switch|p1a: Gholdengo|Gholdengo|100\/100\n|move|p2a: Dragonite|Extreme Speed|p1a: Gholdengo\n|-immune|p1a: Gholdengo\n|\n|upkeep\n|turn|4\n|\n|t:|1701130818\n|switch|p2a: Cinderace|Cinderace, F|100\/100\n|move|p1a: Gholdengo|Trick|p2a: Cinderace\n|-activate|p1a: Gholdengo|move: Trick|[of] p2a: Cinderace\n|-item|p2a: Cinderace|Choice Scarf|[from] move: Trick\n|-item|p1a: Gholdengo|Heavy-Duty Boots|[from] move: Trick\n|\n|upkeep\n|turn|5\n|\n|t:|1701130829\n|switch|p1a: Landorus|Landorus-Therian, M|100\/100\n|-ability|p1a: Landorus|Intimidate|boost\n|-unboost|p2a: Cinderace|atk|1\n|move|p2a: Cinderace|Pyro Ball|p1a: Landorus\n|-damage|p1a: Landorus|60\/100\n|\n|upkeep\n|turn|6\n|\n|t:|1701130833\n|switch|p2a: Dondozo|Dondozo, F|100\/100\n|move|p1a: Landorus|U-turn|p2a: Dondozo\n|-damage|p2a: Dondozo|91\/100\n|\n|t:|1701130836\n|switch|p1a: Glimmora|Glimmora, F|1\/100|[from] U-turn\n|\n|-heal|p2a: Dondozo|97\/100|[from] item: Leftovers\n|upkeep\n|turn|7\n|\n|t:|1701130845\n|move|p1a: Glimmora|Stealth Rock|p2a: Dondozo\n|-sidestart|p2: Nico2121|move: Stealth Rock\n|move|p2a: Dondozo|Liquidation|p1a: Glimmora\n|-supereffective|p1a: Glimmora\n|-damage|p1a: Glimmora|0 fnt\n|-activate|p1a: Glimmora|ability: Toxic Debris\n|-sidestart|p2: Nico2121|move: Toxic Spikes\n|faint|p1a: Glimmora\n|\n|-heal|p2a: Dondozo|100\/100|[from] item: Leftovers\n|upkeep\n|\n|t:|1701130858\n|switch|p1a: Gholdengo|Gholdengo|100\/100\n|turn|8\n|\n|t:|1701130877\n|switch|p2a: Ting-Lu|Ting-Lu|100\/100\n|-damage|p2a: Ting-Lu|94\/100|[from] Stealth Rock\n|-status|p2a: Ting-Lu|psn\n|-ability|p2a: Ting-Lu|Vessel of Ruin\n|move|p1a: Gholdengo|Thunder Wave|p2a: Ting-Lu\n|-immune|p2a: Ting-Lu\n|\n|-heal|p2a: Ting-Lu|100\/100 psn|[from] item: Leftovers\n|-damage|p2a: Ting-Lu|88\/100 psn|[from] psn\n|upkeep\n|turn|9\n|\n|t:|1701130895\n|switch|p1a: Landorus|Landorus-Therian, M|60\/100\n|-ability|p1a: Landorus|Intimidate|boost\n|-unboost|p2a: Ting-Lu|atk|1\n|move|p2a: Ting-Lu|Spikes|p1a: Landorus\n|-sidestart|p1: tony493931|Spikes\n|\n|-heal|p2a: Ting-Lu|94\/100 psn|[from] item: Leftovers\n|-damage|p2a: Ting-Lu|82\/100 psn|[from] psn\n|upkeep\n|turn|10\n|\n|t:|1701130902\n|move|p1a: Landorus|Sludge Bomb|p2a: Ting-Lu\n|-resisted|p2a: Ting-Lu\n|-damage|p2a: Ting-Lu|74\/100 psn\n|move|p2a: Ting-Lu|Stealth Rock|p1a: Landorus\n|-sidestart|p1: tony493931|move: Stealth Rock\n|\n|-heal|p2a: Ting-Lu|80\/100 psn|[from] item: Leftovers\n|-damage|p2a: Ting-Lu|67\/100 psn|[from] psn\n|upkeep\n|turn|11\n|\n|t:|1701130911\n|switch|p1a: Cinderace|Cinderace, F, shiny|100\/100\n|move|p2a: Ting-Lu|Whirlwind|p1a: Cinderace\n|drag|p1a: Zamazenta|Zamazenta, shiny|100\/100\n|-damage|p1a: Zamazenta|88\/100|[from] Spikes\n|-damage|p1a: Zamazenta|82\/100|[from] Stealth Rock\n|-ability|p1a: Zamazenta|Dauntless Shield|boost\n|-boost|p1a: Zamazenta|def|1\n|\n|-heal|p2a: Ting-Lu|74\/100 psn|[from] item: Leftovers\n|-damage|p2a: Ting-Lu|61\/100 psn|[from] psn\n|upkeep\n|turn|12\n|\n|t:|1701130925\n|-terastallize|p2a: Ting-Lu|Ghost\n|move|p1a: Zamazenta|Body Press|p2a: Ting-Lu\n|-immune|p2a: Ting-Lu\n|move|p2a: Ting-Lu|Whirlwind|p1a: Zamazenta\n|drag|p1a: Gholdengo|Gholdengo|100\/100\n|\n|-heal|p2a: Ting-Lu|67\/100 psn|[from] item: Leftovers\n|-damage|p2a: Ting-Lu|55\/100 psn|[from] psn\n|upkeep\n|turn|13\n|c|\u2606tony493931|oof\n|\n|t:|1701130950\n|switch|p2a: Cinderace|Cinderace, F|100\/100\n|-damage|p2a: Cinderace|75\/100|[from] Stealth Rock\n|-status|p2a: Cinderace|psn\n|move|p1a: Gholdengo|Hex|p2a: Cinderace\n|-damage|p2a: Cinderace|0 fnt\n|faint|p2a: Cinderace\n|\n|upkeep\n|\n|t:|1701130963\n|switch|p2a: Kingambit|Kingambit, F|100\/100\n|-damage|p2a: Kingambit|94\/100|[from] Stealth Rock\n|-activate|p2a: Kingambit|ability: Supreme Overlord\n|-start|p2a: Kingambit|fallen1|[silent]\n|-item|p2a: Kingambit|Air Balloon\n|turn|14\n|\n|t:|1701130973\n|-terastallize|p1a: Gholdengo|Flying\n|move|p1a: Gholdengo|Focus Blast|p2a: Kingambit\n|-supereffective|p2a: Kingambit\n|-damage|p2a: Kingambit|0 fnt\n|-enditem|p2a: Kingambit|Air Balloon\n|faint|p2a: Kingambit\n|-end|p2a: Kingambit|fallen1|[silent]\n|\n|upkeep\n|\n|t:|1701130981\n|switch|p2a: Dragonite|Dragonite, F|100\/100\n|turn|15\n|\n|t:|1701130985\n|move|p1a: Gholdengo|Thunder Wave|p2a: Dragonite\n|-status|p2a: Dragonite|par\n|cant|p2a: Dragonite|par\n|\n|upkeep\n|turn|16\n|-message|Nico2121 forfeited.\n|\n|win|tony493931\n|raw|tony493931's rating: 1369 &rarr; <strong>1391<\/strong><br \/>(+22 for winning)\n|raw|Nico2121's rating: 1400 &rarr; <strong>1378<\/strong><br \/>(-22 for losing)\n|l|\u2606Nico2121\n","uploadtime":1701131007,"views":5,"p1id":"tony493931","p2id":"nico2121","formatid":"gen9ou","rating":1378,"private":0,"password":""}