{"id":"gen9ou-1991878332","p1":"Cooleskarpador","p2":"MasterPpv","format":"[Gen 9] OU","log":"|j|\u2606Cooleskarpador\n|j|\u2606MasterPpv\n|t:|1700132535\n|gametype|singles\n|player|p1|Cooleskarpador|swimmer-gen4|1487\n|player|p2|MasterPpv|2|1623\n|teamsize|p1|6\n|teamsize|p2|6\n|gen|9\n|tier|[Gen 9] OU\n|rated|\n|rule|Sleep Clause Mod: Limit one foe put to sleep\n|rule|Species Clause: Limit one of each Pok\u00e9mon\n|rule|OHKO Clause: OHKO moves are banned\n|rule|Evasion Items Clause: Evasion items are banned\n|rule|Evasion Moves Clause: Evasion moves are banned\n|rule|Endless Battle Clause: Forcing endless battles is banned\n|rule|HP Percentage Mod: HP is shown in percentages\n|clearpoke\n|poke|p1|Rillaboom, F|\n|poke|p1|Sneasler, F|\n|poke|p1|Manaphy|\n|poke|p1|Glimmora, M|\n|poke|p1|Enamorus, F|\n|poke|p1|Iron Moth|\n|poke|p2|Iron Valiant|\n|poke|p2|Gholdengo|\n|poke|p2|Great Tusk|\n|poke|p2|Greninja-*, M|\n|poke|p2|Ogerpon-Wellspring, F|\n|poke|p2|Iron Moth|\n|teampreview\n|\n|t:|1700132553\n|start\n|switch|p1a: Glimmora|Glimmora, M|100\/100\n|switch|p2a: Ogerpon|Ogerpon-Wellspring, F|100\/100\n|turn|1\n|\n|t:|1700132560\n|move|p2a: Ogerpon|Ivy Cudgel|p1a: Glimmora|[anim] Ivy Cudgel Water\n|-supereffective|p1a: Glimmora\n|-enditem|p1a: Glimmora|Focus Sash\n|-damage|p1a: Glimmora|1\/100\n|-activate|p1a: Glimmora|ability: Toxic Debris\n|-sidestart|p2: MasterPpv|move: Toxic Spikes\n|move|p1a: Glimmora|Stealth Rock|p2a: Ogerpon\n|-sidestart|p2: MasterPpv|move: Stealth Rock\n|\n|upkeep\n|turn|2\n|\n|t:|1700132575\n|switch|p1a: Rillaboom|Rillaboom, F|100\/100\n|-fieldstart|move: Grassy Terrain|[from] ability: Grassy Surge|[of] p1a: Rillaboom\n|move|p2a: Ogerpon|Ivy Cudgel|p1a: Rillaboom|[anim] Ivy Cudgel Water\n|-resisted|p1a: Rillaboom\n|-crit|p1a: Rillaboom\n|-damage|p1a: Rillaboom|50\/100\n|\n|-heal|p1a: Rillaboom|56\/100|[from] Grassy Terrain\n|upkeep\n|turn|3\n|\n|t:|1700132581\n|switch|p2a: Iron Moth|Iron Moth|100\/100\n|-sideend|p2: MasterPpv|move: Toxic Spikes|[of] p2a: Iron Moth\n|move|p1a: Rillaboom|U-turn|p2a: Iron Moth\n|-resisted|p2a: Iron Moth\n|-damage|p2a: Iron Moth|83\/100\n|\n|t:|1700132595\n|switch|p1a: Sneasler|Sneasler, F|100\/100|[from] U-turn\n|-enditem|p1a: Sneasler|Grassy Seed\n|-boost|p1a: Sneasler|def|1|[from] item: Grassy Seed\n|\n|-heal|p2a: Iron Moth|89\/100|[from] Grassy Terrain\n|upkeep\n|turn|4\n|\n|t:|1700132599\n|-end|p2a: Iron Moth|Quark Drive|[silent]\n|switch|p2a: Gholdengo|Gholdengo|100\/100\n|-damage|p2a: Gholdengo|94\/100|[from] Stealth Rock\n|move|p1a: Sneasler|Swords Dance|p1a: Sneasler\n|-boost|p1a: Sneasler|atk|2\n|\n|-heal|p2a: Gholdengo|100\/100|[from] Grassy Terrain\n|upkeep\n|turn|5\n|\n|t:|1700132603\n|move|p1a: Sneasler|Shadow Claw|p2a: Gholdengo\n|-supereffective|p2a: Gholdengo\n|-damage|p2a: Gholdengo|22\/100\n|move|p2a: Gholdengo|Thunder Wave|p1a: Sneasler\n|-status|p1a: Sneasler|par\n|\n|-heal|p2a: Gholdengo|28\/100|[from] Grassy Terrain\n|-heal|p2a: Gholdengo|34\/100|[from] item: Leftovers\n|upkeep\n|turn|6\n|c|\u2606Cooleskarpador|u cant win with skill u need luck, u pathetic little boy\n|-message|Cooleskarpador forfeited.\n|\n|win|MasterPpv\n|raw|Cooleskarpador's rating: 1487 &rarr; <strong>1474<\/strong><br \/>(-13 for losing)\n|raw|MasterPpv's rating: 1623 &rarr; <strong>1636<\/strong><br \/>(+13 for winning)\n|l|\u2606Cooleskarpador\n|c|\u2606MasterPpv|lolololol\n","uploadtime":1700132649,"views":14,"p1id":"cooleskarpador","p2id":"masterppv","formatid":"gen9ou","rating":1474,"private":0,"password":""}