{"id":"gen9ou-1993834048","p1":"GrandmaSpankers","p2":"Wiseblood2707","format":"[Gen 9] OU","log":"|j|\u2606GrandmaSpankers\n|j|\u2606Wiseblood2707\n|t:|1700363030\n|gametype|singles\n|player|p1|GrandmaSpankers|roxie|1304\n|player|p2|Wiseblood2707|giovanni|1381\n|teamsize|p1|6\n|teamsize|p2|6\n|gen|9\n|tier|[Gen 9] OU\n|rated|\n|rule|Sleep Clause Mod: Limit one foe put to sleep\n|rule|Species Clause: Limit one of each Pok\u00e9mon\n|rule|OHKO Clause: OHKO moves are banned\n|rule|Evasion Items Clause: Evasion items are banned\n|rule|Evasion Moves Clause: Evasion moves are banned\n|rule|Endless Battle Clause: Forcing endless battles is banned\n|rule|HP Percentage Mod: HP is shown in percentages\n|clearpoke\n|poke|p1|Ribombee, F|\n|poke|p1|Grimmsnarl, M|\n|poke|p1|Great Tusk|\n|poke|p1|Dragonite, F|\n|poke|p1|Gholdengo|\n|poke|p1|Rillaboom, F|\n|poke|p2|Kommo-o, F|\n|poke|p2|Ninetales-Alola, F|\n|poke|p2|Great Tusk|\n|poke|p2|Samurott-Hisui, F|\n|poke|p2|Iron Moth|\n|poke|p2|Enamorus, F|\n|teampreview\n|inactive|Battle timer is ON: inactive players will automatically lose when time's up. (requested by GrandmaSpankers)\n|\n|t:|1700363052\n|start\n|switch|p1a: Grimmsnarl|Grimmsnarl, M, shiny|100\/100\n|switch|p2a: KillerMoth|Iron Moth|100\/100\n|-enditem|p2a: KillerMoth|Booster Energy\n|-activate|p2a: KillerMoth|ability: Quark Drive|[fromitem]\n|-start|p2a: KillerMoth|quarkdrivespe\n|turn|1\n|\n|t:|1700363068\n|switch|p1a: Gholdengo|Gholdengo|100\/100\n|move|p2a: KillerMoth|Fiery Dance|p1a: Gholdengo\n|-supereffective|p1a: Gholdengo\n|-damage|p1a: Gholdengo|3\/100\n|-enditem|p1a: Gholdengo|Salac Berry|[eat]\n|-boost|p1a: Gholdengo|spe|1|[from] item: Salac Berry\n|\n|upkeep\n|turn|2\n|\n|t:|1700363084\n|move|p2a: KillerMoth|Fiery Dance|p1a: Gholdengo\n|-supereffective|p1a: Gholdengo\n|-damage|p1a: Gholdengo|0 fnt\n|faint|p1a: Gholdengo\n|\n|upkeep\n|\n|t:|1700363092\n|switch|p1a: Dragonite|Dragonite, F|100\/100\n|turn|3\n|inactive|Wiseblood2707 has 120 seconds left.\n|\n|t:|1700363129\n|-end|p2a: KillerMoth|Quark Drive|[silent]\n|switch|p2a: Let it go|Ninetales-Alola, F|100\/100\n|-weather|Snow|[from] ability: Snow Warning|[of] p2a: Let it go\n|move|p1a: Dragonite|Dragon Dance|p1a: Dragonite\n|-boost|p1a: Dragonite|atk|1\n|-boost|p1a: Dragonite|spe|1\n|\n|-weather|Snow|[upkeep]\n|upkeep\n|turn|4\n|\n|t:|1700363152\n|move|p1a: Dragonite|Extreme Speed|p2a: Let it go\n|-damage|p2a: Let it go|62\/100\n|move|p2a: Let it go|Aurora Veil|p2a: Let it go\n|-sidestart|p2: Wiseblood2707|move: Aurora Veil\n|\n|-weather|Snow|[upkeep]\n|upkeep\n|turn|5\n|\n|t:|1700363162\n|switch|p1a: Grimmsnarl|Grimmsnarl, M, shiny|100\/100\n|move|p2a: Let it go|Freeze-Dry|p1a: Grimmsnarl\n|-damage|p1a: Grimmsnarl|83\/100\n|\n|-weather|Snow|[upkeep]\n|upkeep\n|turn|6\n|inactive|Wiseblood2707 has 120 seconds left.\n|\n|t:|1700363172\n|move|p1a: Grimmsnarl|Light Screen|p1a: Grimmsnarl\n|-sidestart|p1: GrandmaSpankers|move: Light Screen\n|move|p2a: Let it go|Moonblast|p1a: Grimmsnarl\n|-supereffective|p1a: Grimmsnarl\n|-damage|p1a: Grimmsnarl|59\/100\n|-unboost|p1a: Grimmsnarl|spa|1\n|\n|-weather|Snow|[upkeep]\n|upkeep\n|turn|7\n|\n|t:|1700363179\n|move|p1a: Grimmsnarl|Reflect|p1a: Grimmsnarl\n|-sidestart|p1: GrandmaSpankers|Reflect\n|move|p2a: Let it go|Moonblast|p1a: Grimmsnarl\n|-supereffective|p1a: Grimmsnarl\n|-damage|p1a: Grimmsnarl|35\/100\n|\n|-weather|none\n|upkeep\n|turn|8\n|\n|t:|1700363189\n|switch|p1a: GreenUVLight|Ribombee, F|100\/100\n|move|p2a: Let it go|Moonblast|p1a: GreenUVLight\n|-damage|p1a: GreenUVLight|80\/100\n|\n|upkeep\n|turn|9\n|\n|t:|1700363209\n|move|p2a: Let it go|Encore||[still]\n|-fail|p2a: Let it go\n|move|p1a: GreenUVLight|Quiver Dance|p1a: GreenUVLight\n|-boost|p1a: GreenUVLight|spa|1\n|-boost|p1a: GreenUVLight|spd|1\n|-boost|p1a: GreenUVLight|spe|1\n|\n|upkeep\n|turn|10\n|\n|t:|1700363217\n|move|p1a: GreenUVLight|Draining Kiss|p2a: Let it go\n|-damage|p2a: Let it go|47\/100\n|-heal|p1a: GreenUVLight|92\/100|[from] drain|[of] p2a: Let it go\n|-damage|p1a: GreenUVLight|83\/100|[from] item: Life Orb\n|move|p2a: Let it go|Encore|p1a: GreenUVLight\n|-start|p1a: GreenUVLight|Encore\n|\n|upkeep\n|turn|11\n|\n|t:|1700363228\n|switch|p2a: KillerMoth|Iron Moth|100\/100\n|move|p1a: GreenUVLight|Draining Kiss|p2a: KillerMoth\n|-resisted|p2a: KillerMoth\n|-damage|p2a: KillerMoth|97\/100\n|-heal|p1a: GreenUVLight|86\/100|[from] drain|[of] p2a: KillerMoth\n|-damage|p1a: GreenUVLight|76\/100|[from] item: Life Orb\n|\n|-sideend|p2: Wiseblood2707|move: Aurora Veil\n|upkeep\n|turn|12\n|\n|t:|1700363247\n|switch|p1a: Great Tusk|Great Tusk|100\/100\n|-enditem|p1a: Great Tusk|Booster Energy\n|-activate|p1a: Great Tusk|ability: Protosynthesis|[fromitem]\n|-start|p1a: Great Tusk|protosynthesisspe\n|move|p2a: KillerMoth|Fiery Dance|p1a: Great Tusk\n|-damage|p1a: Great Tusk|72\/100\n|\n|upkeep\n|turn|13\n|\n|t:|1700363259\n|-end|p2a: KillerMoth|Quark Drive|[silent]\n|switch|p2a: Isa TKM|Enamorus, F|100\/100\n|move|p1a: Great Tusk|Stealth Rock|p2a: Isa TKM\n|-sidestart|p2: Wiseblood2707|move: Stealth Rock\n|\n|-sideend|p1: GrandmaSpankers|move: Light Screen\n|upkeep\n|turn|14\n|\n|t:|1700363282\n|move|p1a: Great Tusk|Knock Off|p2a: Isa TKM\n|-resisted|p2a: Isa TKM\n|-damage|p2a: Isa TKM|78\/100\n|-enditem|p2a: Isa TKM|Choice Specs|[from] move: Knock Off|[of] p1a: Great Tusk\n|move|p2a: Isa TKM|Moonblast|p1a: Great Tusk\n|-supereffective|p1a: Great Tusk\n|-damage|p1a: Great Tusk|0 fnt\n|faint|p1a: Great Tusk\n|-end|p1a: Great Tusk|Protosynthesis|[silent]\n|\n|-sideend|p1: GrandmaSpankers|Reflect\n|upkeep\n|\n|t:|1700363290\n|switch|p1a: Grimmsnarl|Grimmsnarl, M, shiny|35\/100\n|turn|15\n|\n|t:|1700363295\n|move|p1a: Grimmsnarl|Light Screen|p1a: Grimmsnarl\n|-sidestart|p1: GrandmaSpankers|move: Light Screen\n|move|p2a: Isa TKM|Moonblast|p1a: Grimmsnarl\n|-supereffective|p1a: Grimmsnarl\n|-damage|p1a: Grimmsnarl|0 fnt\n|faint|p1a: Grimmsnarl\n|\n|upkeep\n|\n|t:|1700363300\n|switch|p1a: GreenUVLight|Ribombee, F|76\/100\n|turn|16\n|inactive|Wiseblood2707 has 120 seconds left.\n|\n|t:|1700363340\n|move|p2a: Isa TKM|Mystical Fire|p1a: GreenUVLight\n|-supereffective|p1a: GreenUVLight\n|-damage|p1a: GreenUVLight|35\/100\n|move|p1a: GreenUVLight|Quiver Dance|p1a: GreenUVLight\n|-boost|p1a: GreenUVLight|spa|1\n|-boost|p1a: GreenUVLight|spd|1\n|-boost|p1a: GreenUVLight|spe|1\n|\n|upkeep\n|turn|17\n|j| LuichoX\n|inactive|Wiseblood2707 has 120 seconds left.\n|\n|t:|1700363353\n|move|p1a: GreenUVLight|Quiver Dance|p1a: GreenUVLight\n|-boost|p1a: GreenUVLight|spa|1\n|-boost|p1a: GreenUVLight|spd|1\n|-boost|p1a: GreenUVLight|spe|1\n|move|p2a: Isa TKM|Mystical Fire|p1a: GreenUVLight\n|-supereffective|p1a: GreenUVLight\n|-damage|p1a: GreenUVLight|16\/100\n|\n|upkeep\n|turn|18\n|inactive|Wiseblood2707 has 120 seconds left.\n|j| Due Lipa\n|c| Due Lipa|grandpa accept my friend request\n|c| Due Lipa|uwu\n|\n|t:|1700363389\n|move|p1a: GreenUVLight|Draining Kiss|p2a: Isa TKM\n|-damage|p2a: Isa TKM|20\/100\n|-heal|p1a: GreenUVLight|56\/100|[from] drain|[of] p2a: Isa TKM\n|-damage|p1a: GreenUVLight|47\/100|[from] item: Life Orb\n|move|p2a: Isa TKM|Mystical Fire|p1a: GreenUVLight\n|-supereffective|p1a: GreenUVLight\n|-damage|p1a: GreenUVLight|27\/100\n|\n|upkeep\n|turn|19\n|\n|t:|1700363400\n|move|p1a: GreenUVLight|Draining Kiss|p2a: Isa TKM\n|-damage|p2a: Isa TKM|0 fnt\n|-heal|p1a: GreenUVLight|41\/100|[from] drain|[of] p2a: Isa TKM\n|faint|p2a: Isa TKM\n|-damage|p1a: GreenUVLight|32\/100|[from] item: Life Orb\n|\n|upkeep\n|inactive|Wiseblood2707 has 90 seconds left.\n|l| LuichoX\n|\n|t:|1700363434\n|switch|p2a: KillerMoth|Iron Moth|97\/100\n|-damage|p2a: KillerMoth|72\/100|[from] Stealth Rock\n|turn|20\n|l| Due Lipa\n|\n|t:|1700363440\n|move|p1a: GreenUVLight|Stored Power|p2a: KillerMoth\n|-supereffective|p2a: KillerMoth\n|-damage|p2a: KillerMoth|0 fnt\n|faint|p2a: KillerMoth\n|-end|p2a: KillerMoth|Quark Drive|[silent]\n|-damage|p1a: GreenUVLight|22\/100|[from] item: Life Orb\n|\n|upkeep\n|j| Due Lipa\n|\n|t:|1700363450\n|switch|p2a: Vergil|Samurott-Hisui, F|100\/100\n|-damage|p2a: Vergil|88\/100|[from] Stealth Rock\n|turn|21\n|\n|t:|1700363467\n|switch|p1a: Rillaboom|Rillaboom, F|100\/100\n|-fieldstart|move: Grassy Terrain|[from] ability: Grassy Surge|[of] p1a: Rillaboom\n|move|p2a: Vergil|Aqua Jet|p1a: Rillaboom\n|-resisted|p1a: Rillaboom\n|-damage|p1a: Rillaboom|88\/100\n|\n|-heal|p2a: Vergil|94\/100|[from] Grassy Terrain\n|-heal|p1a: Rillaboom|94\/100|[from] Grassy Terrain\n|upkeep\n|turn|22\n|inactive|Wiseblood2707 has 90 seconds left.\n|\n|t:|1700363486\n|switch|p2a: Let it go|Ninetales-Alola, F|47\/100\n|-damage|p2a: Let it go|23\/100|[from] Stealth Rock\n|-weather|Snow|[from] ability: Snow Warning|[of] p2a: Let it go\n|move|p1a: Rillaboom|Drain Punch|p2a: Let it go\n|-damage|p2a: Let it go|0 fnt\n|-heal|p1a: Rillaboom|100\/100|[from] drain|[of] p2a: Let it go\n|faint|p2a: Let it go\n|-damage|p1a: Rillaboom|91\/100|[from] item: Life Orb\n|\n|-weather|Snow|[upkeep]\n|-heal|p1a: Rillaboom|97\/100|[from] Grassy Terrain\n|-sideend|p1: GrandmaSpankers|move: Light Screen\n|upkeep\n|\n|t:|1700363500\n|switch|p2a: Goku|Kommo-o, F|100\/100\n|-damage|p2a: Goku|94\/100|[from] Stealth Rock\n|turn|23\n|\n|t:|1700363508\n|move|p2a: Goku|Clangorous Soul|p2a: Goku\n|-boost|p2a: Goku|atk|1\n|-boost|p2a: Goku|def|1\n|-boost|p2a: Goku|spa|1\n|-boost|p2a: Goku|spd|1\n|-boost|p2a: Goku|spe|1\n|-damage|p2a: Goku|61\/100\n|-enditem|p2a: Goku|Throat Spray\n|-boost|p2a: Goku|spa|1|[from] item: Throat Spray\n|move|p1a: Rillaboom|Swords Dance|p1a: Rillaboom\n|-boost|p1a: Rillaboom|atk|2\n|\n|-weather|Snow|[upkeep]\n|-heal|p2a: Goku|68\/100|[from] Grassy Terrain\n|-heal|p1a: Rillaboom|100\/100|[from] Grassy Terrain\n|upkeep\n|turn|24\n|inactive|Wiseblood2707 has 60 seconds left.\n|\n|t:|1700363541\n|move|p1a: Rillaboom|Grassy Glide|p2a: Goku\n|-resisted|p2a: Goku\n|-damage|p2a: Goku|35\/100\n|-damage|p1a: Rillaboom|91\/100|[from] item: Life Orb\n|move|p2a: Goku|Clanging Scales|p1a: Rillaboom\n|-damage|p1a: Rillaboom|0 fnt\n|faint|p1a: Rillaboom\n|-unboost|p2a: Goku|def|1\n|\n|-weather|Snow|[upkeep]\n|-heal|p2a: Goku|41\/100|[from] Grassy Terrain\n|upkeep\n|\n|t:|1700363556\n|switch|p1a: Dragonite|Dragonite, F|100\/100\n|turn|25\n|inactive|Wiseblood2707 has 60 seconds left.\n|inactive|Wiseblood2707 has 30 seconds left.\n|\n|t:|1700363607\n|-terastallize|p2a: Goku|Normal\n|move|p1a: Dragonite|Extreme Speed|p2a: Goku\n|-damage|p2a: Goku|13\/100\n|move|p2a: Goku|Boomburst|p1a: Dragonite\n|-crit|p1a: Dragonite\n|-damage|p1a: Dragonite|2\/100\n|\n|-weather|Snow|[upkeep]\n|-heal|p2a: Goku|19\/100|[from] Grassy Terrain\n|-fieldend|move: Grassy Terrain\n|upkeep\n|turn|26\n|inactive|Wiseblood2707 has 30 seconds left.\n|inactive|Wiseblood2707 has 20 seconds left.\n|c| Due Lipa|zamn she kinds crazy\n|\n|t:|1700363626\n|move|p1a: Dragonite|Extreme Speed|p2a: Goku\n|-damage|p2a: Goku|0 fnt\n|faint|p2a: Goku\n|\n|-weather|none\n|upkeep\n|inactive|Wiseblood2707 has 25 seconds left this turn.\n|inactive|Wiseblood2707 has 20 seconds left.\n|\n|t:|1700363632\n|switch|p2a: Vergil|Samurott-Hisui, F|94\/100\n|-damage|p2a: Vergil|82\/100|[from] Stealth Rock\n|turn|27\n|inactive|Wiseblood2707 has 30 seconds left this turn.\n|\n|t:|1700363637\n|-terastallize|p1a: Dragonite|Normal\n|move|p1a: Dragonite|Extreme Speed|p2a: Vergil\n|-damage|p2a: Vergil|16\/100\n|move|p2a: Vergil|Aqua Jet|p1a: Dragonite\n|-damage|p1a: Dragonite|0 fnt\n|faint|p1a: Dragonite\n|\n|upkeep\n|\n|t:|1700363645\n|switch|p1a: GreenUVLight|Ribombee, F|22\/100\n|turn|28\n|\n|t:|1700363649\n|move|p2a: Vergil|Aqua Jet|p1a: GreenUVLight\n|-damage|p1a: GreenUVLight|0 fnt\n|faint|p1a: GreenUVLight\n|\n|win|Wiseblood2707\n|raw|GrandmaSpankers's rating: 1304 &rarr; <strong>1288<\/strong><br \/>(-16 for losing)\n|raw|Wiseblood2707's rating: 1381 &rarr; <strong>1397<\/strong><br \/>(+16 for winning)\n|l|\u2606GrandmaSpankers\n|l| Due Lipa\n","uploadtime":1700363659,"views":9,"p1id":"grandmaspankers","p2id":"wiseblood2707","formatid":"gen9ou","rating":1288,"private":0,"password":""}