{"id":"gen9ou-1991786281","p1":"Yo Azz Is GOOBED","p2":"Ill Kennedy Yall","format":"[Gen 9] OU","log":"|j|\u2606Yo Azz Is GOOBED\n|j|\u2606Ill Kennedy Yall\n|t:|1700117073\n|gametype|singles\n|player|p1|Yo Azz Is GOOBED|2|1611\n|player|p2|Ill Kennedy Yall|galacticgrunt|1775\n|teamsize|p1|6\n|teamsize|p2|6\n|gen|9\n|tier|[Gen 9] OU\n|rated|\n|rule|Sleep Clause Mod: Limit one foe put to sleep\n|rule|Species Clause: Limit one of each Pok\u00e9mon\n|rule|OHKO Clause: OHKO moves are banned\n|rule|Evasion Items Clause: Evasion items are banned\n|rule|Evasion Moves Clause: Evasion moves are banned\n|rule|Endless Battle Clause: Forcing endless battles is banned\n|rule|HP Percentage Mod: HP is shown in percentages\n|clearpoke\n|poke|p1|Skeledirge, F|\n|poke|p1|Mandibuzz, F|\n|poke|p1|Milotic, F|\n|poke|p1|Gholdengo|\n|poke|p1|Weezing-Galar, F|\n|poke|p1|Goodra-Hisui, F|\n|poke|p2|Samurott-Hisui, M|\n|poke|p2|Gholdengo|\n|poke|p2|Ceruledge, M|\n|poke|p2|Rillaboom, F|\n|poke|p2|Zamazenta-*|\n|poke|p2|Great Tusk|\n|teampreview\n|inactive|Battle timer is ON: inactive players will automatically lose when time's up. (requested by Yo Azz Is GOOBED)\n|\n|t:|1700117093\n|start\n|switch|p1a: Mandibuzz|Mandibuzz, F|100\/100\n|switch|p2a: Gholdengo|Gholdengo|100\/100\n|turn|1\n|\n|t:|1700117106\n|switch|p2a: Samurott|Samurott-Hisui, M, shiny|100\/100\n|switch|p1a: Milotic|Milotic, F|100\/100\n|\n|upkeep\n|turn|2\n|\n|t:|1700117112\n|switch|p1a: Weezing|Weezing-Galar, F|100\/100\n|-ability|p1a: Weezing|Neutralizing Gas\n|move|p2a: Samurott|Ceaseless Edge|p1a: Weezing\n|-resisted|p1a: Weezing\n|-damage|p1a: Weezing|89\/100\n|-sidestart|p1: Yo Azz Is GOOBED|Spikes\n|\n|-heal|p1a: Weezing|95\/100|[from] item: Leftovers\n|upkeep\n|turn|3\n|\n|t:|1700117122\n|switch|p2a: Gholdengo|Gholdengo|100\/100\n|move|p1a: Weezing|Will-O-Wisp|p2a: Gholdengo\n|-status|p2a: Gholdengo|brn\n|\n|-heal|p1a: Weezing|100\/100|[from] item: Leftovers\n|-damage|p2a: Gholdengo|94\/100 brn|[from] brn\n|upkeep\n|turn|4\n|\n|t:|1700117136\n|switch|p2a: Samurott|Samurott-Hisui, M, shiny|100\/100\n|-end|p1a: Weezing|ability: Neutralizing Gas\n|switch|p1a: Milotic|Milotic, F|100\/100\n|\n|upkeep\n|turn|5\n|\n|t:|1700117148\n|switch|p1a: Weezing|Weezing-Galar, F|100\/100\n|-ability|p1a: Weezing|Neutralizing Gas\n|-damage|p1a: Weezing|88\/100|[from] Spikes\n|move|p2a: Samurott|Swords Dance|p2a: Samurott\n|-boost|p2a: Samurott|atk|2\n|\n|-heal|p1a: Weezing|94\/100|[from] item: Leftovers\n|upkeep\n|turn|6\n|\n|t:|1700117157\n|switch|p2a: Gholdengo|Gholdengo|94\/100 brn\n|move|p1a: Weezing|Will-O-Wisp|p2a: Gholdengo\n|-fail|p2a: Gholdengo|brn\n|\n|-heal|p1a: Weezing|99\/100|[from] item: Leftovers\n|-damage|p2a: Gholdengo|88\/100 brn|[from] brn\n|upkeep\n|turn|7\n|j| KangkongNation\n|\n|t:|1700117162\n|-end|p1a: Weezing|ability: Neutralizing Gas\n|switch|p1a: Milotic|Milotic, F|100\/100\n|move|p2a: Gholdengo|Trick|p1a: Milotic\n|-activate|p2a: Gholdengo|move: Trick|[of] p1a: Milotic\n|-item|p1a: Milotic|Choice Scarf|[from] move: Trick\n|-item|p2a: Gholdengo|Heavy-Duty Boots|[from] move: Trick\n|\n|-damage|p2a: Gholdengo|82\/100 brn|[from] brn\n|upkeep\n|turn|8\n|\n|t:|1700117170\n|move|p1a: Milotic|Scald|p2a: Gholdengo\n|-damage|p2a: Gholdengo|50\/100 brn\n|move|p2a: Gholdengo|Shadow Ball|p1a: Milotic\n|-damage|p1a: Milotic|76\/100\n|\n|-damage|p2a: Gholdengo|44\/100 brn|[from] brn\n|upkeep\n|turn|9\n|\n|t:|1700117179\n|move|p1a: Milotic|Scald|p2a: Gholdengo\n|-damage|p2a: Gholdengo|8\/100 brn\n|move|p2a: Gholdengo|Shadow Ball|p1a: Milotic\n|-damage|p1a: Milotic|52\/100\n|\n|-damage|p2a: Gholdengo|2\/100 brn|[from] brn\n|upkeep\n|turn|10\n|\n|t:|1700117185\n|move|p1a: Milotic|Scald|p2a: Gholdengo\n|-damage|p2a: Gholdengo|0 fnt\n|faint|p2a: Gholdengo\n|\n|upkeep\n|\n|t:|1700117192\n|switch|p2a: Rillaboom|Rillaboom, F|100\/100\n|-fieldstart|move: Grassy Terrain|[from] ability: Grassy Surge|[of] p2a: Rillaboom\n|turn|11\n|\n|t:|1700117199\n|switch|p1a: Mandibuzz|Mandibuzz, F|100\/100\n|move|p2a: Rillaboom|Grassy Glide|p1a: Mandibuzz\n|-resisted|p1a: Mandibuzz\n|-damage|p1a: Mandibuzz|87\/100\n|-damage|p2a: Rillaboom|91\/100|[from] item: Life Orb\n|\n|-heal|p2a: Rillaboom|97\/100|[from] Grassy Terrain\n|upkeep\n|turn|12\n|\n|t:|1700117208\n|switch|p2a: Samurott|Samurott-Hisui, M, shiny|100\/100\n|move|p1a: Mandibuzz|Iron Defense|p1a: Mandibuzz\n|-boost|p1a: Mandibuzz|def|2\n|\n|upkeep\n|turn|13\n|c|\u2606Yo Azz Is GOOBED|Bro\n|c|\u2606Yo Azz Is GOOBED|u just lost ur only special attacker\n|c|\u2606Yo Azz Is GOOBED|yo azz is GOOBED\n|c|\u2606Yo Azz Is GOOBED|ULTRA GOOBING TIME\n|\n|t:|1700117224\n|switch|p2a: Zamazenta|Zamazenta|100\/100\n|-ability|p2a: Zamazenta|Dauntless Shield|boost\n|-boost|p2a: Zamazenta|def|1\n|move|p1a: Mandibuzz|Toxic|p2a: Zamazenta\n|-status|p2a: Zamazenta|tox\n|\n|-damage|p2a: Zamazenta|94\/100 tox|[from] psn\n|upkeep\n|turn|14\n|\n|t:|1700117229\n|move|p2a: Zamazenta|Iron Defense|p2a: Zamazenta\n|-boost|p2a: Zamazenta|def|2\n|move|p1a: Mandibuzz|Iron Defense|p1a: Mandibuzz\n|-boost|p1a: Mandibuzz|def|2\n|\n|-heal|p2a: Zamazenta|100\/100 tox|[from] Grassy Terrain\n|-damage|p2a: Zamazenta|88\/100 tox|[from] psn\n|upkeep\n|turn|15\n|l| KangkongNation\n|j| KangkongNation\n|l| KangkongNation\n|\n|t:|1700117239\n|switch|p1a: Gholdengo|Gholdengo|100\/100\n|-damage|p1a: Gholdengo|88\/100|[from] Spikes\n|move|p2a: Zamazenta|Iron Defense|p2a: Zamazenta\n|-boost|p2a: Zamazenta|def|2\n|\n|-heal|p1a: Gholdengo|94\/100|[from] Grassy Terrain\n|-heal|p2a: Zamazenta|94\/100 tox|[from] Grassy Terrain\n|-heal|p2a: Zamazenta|100\/100 tox|[from] item: Leftovers\n|-damage|p2a: Zamazenta|82\/100 tox|[from] psn\n|-fieldend|move: Grassy Terrain\n|upkeep\n|turn|16\n|\n|t:|1700117247\n|move|p1a: Gholdengo|Trick|p2a: Zamazenta\n|-activate|p1a: Gholdengo|move: Trick|[of] p2a: Zamazenta\n|-item|p2a: Zamazenta|Choice Scarf|[from] move: Trick\n|-item|p1a: Gholdengo|Leftovers|[from] move: Trick\n|move|p2a: Zamazenta|Crunch|p1a: Gholdengo\n|-supereffective|p1a: Gholdengo\n|-damage|p1a: Gholdengo|48\/100\n|\n|-heal|p1a: Gholdengo|54\/100|[from] item: Leftovers\n|-damage|p2a: Zamazenta|57\/100 tox|[from] psn\n|upkeep\n|turn|17\n|\n|t:|1700117257\n|switch|p2a: Great Tusk|Great Tusk|100\/100\n|-enditem|p2a: Great Tusk|Booster Energy\n|-activate|p2a: Great Tusk|ability: Protosynthesis|[fromitem]\n|-start|p2a: Great Tusk|protosynthesisspe\n|move|p1a: Gholdengo|Recover|p1a: Gholdengo\n|-heal|p1a: Gholdengo|100\/100\n|\n|upkeep\n|turn|18\n|\n|t:|1700117268\n|move|p2a: Great Tusk|Bulk Up|p2a: Great Tusk\n|-boost|p2a: Great Tusk|atk|1\n|-boost|p2a: Great Tusk|def|1\n|move|p1a: Gholdengo|Make It Rain|p2a: Great Tusk\n|-damage|p2a: Great Tusk|24\/100\n|-unboost|p1a: Gholdengo|spa|1\n|\n|upkeep\n|turn|19\n|\n|t:|1700117272\n|move|p2a: Great Tusk|High Horsepower|p1a: Gholdengo\n|-supereffective|p1a: Gholdengo\n|-damage|p1a: Gholdengo|0 fnt\n|faint|p1a: Gholdengo\n|\n|upkeep\n|inactive|Yo Azz Is GOOBED has 120 seconds left.\n|\n|t:|1700117303\n|switch|p1a: Weezing|Weezing-Galar, F|99\/100\n|-ability|p1a: Weezing|Neutralizing Gas\n|-damage|p1a: Weezing|88\/100|[from] Spikes\n|turn|20\n|\n|t:|1700117308\n|-terastallize|p1a: Weezing|Flying\n|move|p2a: Great Tusk|High Horsepower|p1a: Weezing\n|-immune|p1a: Weezing\n|move|p1a: Weezing|Will-O-Wisp|p2a: Great Tusk|[miss]\n|-miss|p1a: Weezing|p2a: Great Tusk\n|\n|-heal|p1a: Weezing|94\/100|[from] item: Leftovers\n|upkeep\n|turn|21\n|c|\u2606Yo Azz Is GOOBED|Bruh\n|\n|t:|1700117320\n|move|p2a: Great Tusk|Ice Spinner|p1a: Weezing\n|-supereffective|p1a: Weezing\n|-damage|p1a: Weezing|46\/100\n|move|p1a: Weezing|Will-O-Wisp|p2a: Great Tusk\n|-status|p2a: Great Tusk|brn\n|\n|-heal|p1a: Weezing|52\/100|[from] item: Leftovers\n|-damage|p2a: Great Tusk|18\/100 brn|[from] brn\n|upkeep\n|turn|22\n|\n|t:|1700117325\n|move|p2a: Great Tusk|Ice Spinner|p1a: Weezing\n|-supereffective|p1a: Weezing\n|-damage|p1a: Weezing|30\/100\n|move|p1a: Weezing|Defog|p2a: Great Tusk\n|-unboost|p2a: Great Tusk|evasion|1\n|-sideend|p1: Yo Azz Is GOOBED|Spikes|[from] move: Defog|[of] p1a: Weezing\n|\n|-heal|p1a: Weezing|36\/100|[from] item: Leftovers\n|-damage|p2a: Great Tusk|12\/100 brn|[from] brn\n|upkeep\n|turn|23\n|\n|t:|1700117333\n|-end|p1a: Weezing|ability: Neutralizing Gas\n|switch|p1a: Milotic|Milotic, F|52\/100\n|move|p2a: Great Tusk|High Horsepower|p1a: Milotic\n|-damage|p1a: Milotic|17\/100\n|\n|-damage|p2a: Great Tusk|6\/100 brn|[from] brn\n|upkeep\n|turn|24\n|\n|t:|1700117345\n|move|p2a: Great Tusk|Ice Spinner|p1a: Milotic\n|-resisted|p1a: Milotic\n|-damage|p1a: Milotic|9\/100\n|move|p1a: Milotic|Recover|p1a: Milotic\n|-heal|p1a: Milotic|59\/100\n|\n|-damage|p2a: Great Tusk|0 fnt|[from] brn\n|faint|p2a: Great Tusk\n|-end|p2a: Great Tusk|Protosynthesis|[silent]\n|upkeep\n|\n|t:|1700117348\n|switch|p2a: Samurott|Samurott-Hisui, M, shiny|100\/100\n|turn|25\n|\n|t:|1700117361\n|switch|p1a: Mandibuzz|Mandibuzz, F|87\/100\n|move|p2a: Samurott|Swords Dance|p2a: Samurott\n|-boost|p2a: Samurott|atk|2\n|\n|upkeep\n|turn|26\n|\n|t:|1700117373\n|switch|p1a: Goodra|Goodra-Hisui, F|100\/100\n|move|p2a: Samurott|Aqua Cutter|p1a: Goodra\n|-resisted|p1a: Goodra\n|-crit|p1a: Goodra\n|-damage|p1a: Goodra|30\/100\n|\n|upkeep\n|turn|27\n|\n|t:|1700117382\n|move|p2a: Samurott|Ceaseless Edge|p1a: Goodra\n|-damage|p1a: Goodra|0 fnt\n|-ability|p1a: Goodra|Gooey\n|-unboost|p2a: Samurott|spe|1\n|-sidestart|p1: Yo Azz Is GOOBED|Spikes\n|faint|p1a: Goodra\n|\n|upkeep\n|j| jd dndndndn\n|\n|t:|1700117389\n|switch|p1a: Weezing|Weezing-Galar, F, tera:Flying|36\/100\n|-ability|p1a: Weezing|Neutralizing Gas\n|turn|28\n|\n|t:|1700117404\n|switch|p2a: Ceruledge|Ceruledge, M|100\/100\n|move|p1a: Weezing|Sludge Bomb|p2a: Ceruledge\n|-resisted|p2a: Ceruledge\n|-damage|p2a: Ceruledge|85\/100\n|-status|p2a: Ceruledge|psn\n|\n|-heal|p1a: Weezing|42\/100|[from] item: Leftovers\n|-damage|p2a: Ceruledge|73\/100 psn|[from] psn\n|upkeep\n|turn|29\n|\n|t:|1700117418\n|move|p2a: Ceruledge|Swords Dance|p2a: Ceruledge\n|-boost|p2a: Ceruledge|atk|2\n|move|p1a: Weezing|Toxic Spikes|p2a: Ceruledge\n|-sidestart|p2: Ill Kennedy Yall|move: Toxic Spikes\n|\n|-heal|p1a: Weezing|48\/100|[from] item: Leftovers\n|-damage|p2a: Ceruledge|61\/100 psn|[from] psn\n|upkeep\n|turn|30\n|\n|t:|1700117427\n|move|p2a: Ceruledge|Bitter Blade|p1a: Weezing\n|-damage|p1a: Weezing|0 fnt\n|-heal|p2a: Ceruledge|88\/100 psn|[from] drain|[of] p1a: Weezing\n|faint|p1a: Weezing\n|-end|p1a: Weezing|ability: Neutralizing Gas\n|\n|-damage|p2a: Ceruledge|75\/100 psn|[from] psn\n|upkeep\n|\n|t:|1700117430\n|switch|p1a: Milotic|Milotic, F|59\/100\n|-damage|p1a: Milotic|47\/100|[from] Spikes\n|turn|31\n|\n|t:|1700117436\n|move|p2a: Ceruledge|Shadow Sneak|p1a: Milotic\n|-damage|p1a: Milotic|0 fnt\n|faint|p1a: Milotic\n|\n|-damage|p2a: Ceruledge|63\/100 psn|[from] psn\n|upkeep\n|\n|t:|1700117446\n|switch|p1a: Skeledirge|Skeledirge, F|100\/100\n|turn|32\n|\n|t:|1700117450\n|move|p2a: Ceruledge|Shadow Sneak|p1a: Skeledirge\n|-supereffective|p1a: Skeledirge\n|-damage|p1a: Skeledirge|67\/100\n|move|p1a: Skeledirge|Hex|p2a: Ceruledge\n|-supereffective|p2a: Ceruledge\n|-damage|p2a: Ceruledge|0 fnt\n|faint|p2a: Ceruledge\n|\n|upkeep\n|\n|t:|1700117453\n|switch|p2a: Samurott|Samurott-Hisui, M, shiny|100\/100\n|-status|p2a: Samurott|psn\n|turn|33\n|\n|t:|1700117474\n|switch|p1a: Mandibuzz|Mandibuzz, F|87\/100\n|move|p2a: Samurott|Swords Dance|p2a: Samurott\n|-boost|p2a: Samurott|atk|2\n|\n|-damage|p2a: Samurott|88\/100 psn|[from] psn\n|upkeep\n|turn|34\n|\n|t:|1700117478\n|move|p2a: Samurott|Aqua Cutter|p1a: Mandibuzz\n|-damage|p1a: Mandibuzz|29\/100\n|move|p1a: Mandibuzz|Iron Defense|p1a: Mandibuzz\n|-boost|p1a: Mandibuzz|def|2\n|\n|-damage|p2a: Samurott|76\/100 psn|[from] psn\n|upkeep\n|turn|35\n|\n|t:|1700117483\n|move|p2a: Samurott|Aqua Cutter|p1a: Mandibuzz\n|-damage|p1a: Mandibuzz|1\/100\n|move|p1a: Mandibuzz|Roost|p1a: Mandibuzz\n|-heal|p1a: Mandibuzz|51\/100\n|-singleturn|p1a: Mandibuzz|move: Roost\n|\n|-damage|p2a: Samurott|64\/100 psn|[from] psn\n|upkeep\n|turn|36\n|c|\u2606Yo Azz Is GOOBED|OOF\n|c|\u2606Yo Azz Is GOOBED|UR AZZ IS GOOB\n|\n|t:|1700117499\n|move|p2a: Samurott|Aqua Cutter|p1a: Mandibuzz\n|-damage|p1a: Mandibuzz|20\/100\n|move|p1a: Mandibuzz|Roost|p1a: Mandibuzz\n|-heal|p1a: Mandibuzz|70\/100\n|-singleturn|p1a: Mandibuzz|move: Roost\n|\n|-damage|p2a: Samurott|51\/100 psn|[from] psn\n|upkeep\n|turn|37\n|\n|t:|1700117503\n|move|p2a: Samurott|Aqua Cutter|p1a: Mandibuzz\n|-damage|p1a: Mandibuzz|40\/100\n|move|p1a: Mandibuzz|Iron Defense|p1a: Mandibuzz\n|-boost|p1a: Mandibuzz|def|2\n|\n|-damage|p2a: Samurott|39\/100 psn|[from] psn\n|upkeep\n|turn|38\n|\n|t:|1700117506\n|move|p2a: Samurott|Aqua Cutter|p1a: Mandibuzz\n|-damage|p1a: Mandibuzz|19\/100\n|move|p1a: Mandibuzz|Roost|p1a: Mandibuzz\n|-heal|p1a: Mandibuzz|70\/100\n|-singleturn|p1a: Mandibuzz|move: Roost\n|\n|-damage|p2a: Samurott|27\/100 psn|[from] psn\n|upkeep\n|turn|39\n|\n|t:|1700117510\n|move|p2a: Samurott|Aqua Cutter|p1a: Mandibuzz\n|-crit|p1a: Mandibuzz\n|-damage|p1a: Mandibuzz|0 fnt\n|faint|p1a: Mandibuzz\n|\n|-damage|p2a: Samurott|15\/100 psn|[from] psn\n|upkeep\n|c|\u2606Yo Azz Is GOOBED|...\n|c|\u2606Yo Azz Is GOOBED|fk this game lol\n|-message|Yo Azz Is GOOBED forfeited.\n|\n|win|Ill Kennedy Yall\n|raw|Yo Azz Is GOOBED's rating: 1611 &rarr; <strong>1599<\/strong><br \/>(-12 for losing)\n|raw|Ill Kennedy Yall's rating: 1760 &rarr; <strong>1772<\/strong><br \/>(+12 for winning)\n|l|\u2606Yo Azz Is GOOBED\n","uploadtime":1700117528,"views":25,"p1id":"yoazzisgoobed","p2id":"illkennedyyall","formatid":"gen9ou","rating":1599,"private":0,"password":""}