{"id":"gen9ou-1988509646","p1":"Gulpmissilemiss","p2":"13537king","format":"[Gen 9] OU","log":"|j|\u203dGulpmissilemiss\n|j|\u260613537king\n|t:|1699730583\n|gametype|singles\n|player|p1|Gulpmissilemiss|marnie-masters2|1055\n|player|p2|13537king|266|1062\n|teamsize|p1|6\n|teamsize|p2|6\n|gen|9\n|tier|[Gen 9] OU\n|rated|\n|rule|Sleep Clause Mod: Limit one foe put to sleep\n|rule|Species Clause: Limit one of each Pok\u00e9mon\n|rule|OHKO Clause: OHKO moves are banned\n|rule|Evasion Items Clause: Evasion items are banned\n|rule|Evasion Moves Clause: Evasion moves are banned\n|rule|Endless Battle Clause: Forcing endless battles is banned\n|rule|HP Percentage Mod: HP is shown in percentages\n|clearpoke\n|poke|p1|Tornadus-Therian, M|\n|poke|p1|Jirachi|\n|poke|p1|Samurott-Hisui, M|\n|poke|p1|Dragapult, M|\n|poke|p1|Okidogi, M|\n|poke|p1|Wo-Chien|\n|poke|p2|Alomomola, F|\n|poke|p2|Cinderace, F|\n|poke|p2|Blissey, F|\n|poke|p2|Toxapex, M|\n|poke|p2|Amoonguss, M|\n|poke|p2|Ting-Lu|\n|teampreview\n|\n|t:|1699730594\n|start\n|switch|p1a: Tornadus|Tornadus-Therian, M|100\/100\n|switch|p2a: Amoonguss|Amoonguss, M|100\/100\n|turn|1\n|\n|t:|1699730602\n|-terastallize|p1a: Tornadus|Grass\n|move|p1a: Tornadus|Nasty Plot|p1a: Tornadus\n|-boost|p1a: Tornadus|spa|2\n|move|p2a: Amoonguss|Spore|p1a: Tornadus\n|-immune|p1a: Tornadus\n|\n|upkeep\n|turn|2\n|\n|t:|1699730611\n|switch|p2a: Blissey|Blissey, F|100\/100\n|move|p1a: Tornadus|Bleakwind Storm|p2a: Blissey|[miss]\n|-miss|p1a: Tornadus|p2a: Blissey\n|\n|upkeep\n|turn|3\n|\n|t:|1699730620\n|move|p1a: Tornadus|Nasty Plot|p1a: Tornadus\n|-boost|p1a: Tornadus|spa|2\n|move|p2a: Blissey|Copycat|p2a: Blissey\n|move|p2a: Blissey|Nasty Plot|p2a: Blissey|[from]move: Copycat\n|-boost|p2a: Blissey|spa|2\n|\n|upkeep\n|turn|4\n|\n|t:|1699730633\n|move|p1a: Tornadus|Bleakwind Storm|p2a: Blissey\n|-damage|p2a: Blissey|57\/100\n|move|p2a: Blissey|Copycat|p2a: Blissey\n|move|p2a: Blissey|Bleakwind Storm|p1a: Tornadus|[from]move: Copycat|[miss]\n|-miss|p2a: Blissey|p1a: Tornadus\n|\n|-heal|p2a: Blissey|63\/100|[from] item: Leftovers\n|upkeep\n|turn|5\n|\n|t:|1699730642\n|move|p1a: Tornadus|U-turn|p2a: Blissey\n|-damage|p2a: Blissey|47\/100\n|\n|t:|1699730648\n|switch|p1a: Okidogi|Okidogi, M|100\/100|[from] U-turn\n|move|p2a: Blissey|Copycat|p2a: Blissey\n|move|p2a: Blissey|U-turn|p1a: Okidogi|[from]move: Copycat\n|-resisted|p1a: Okidogi\n|-damage|p1a: Okidogi|99\/100\n|\n|t:|1699730659\n|switch|p2a: Alomomola|Alomomola, F|100\/100|[from] U-turn\n|\n|upkeep\n|turn|6\n|\n|t:|1699730664\n|move|p1a: Okidogi|Bulk Up|p1a: Okidogi\n|-boost|p1a: Okidogi|atk|1\n|-boost|p1a: Okidogi|def|1\n|move|p2a: Alomomola|Scald|p1a: Okidogi\n|-damage|p1a: Okidogi|86\/100\n|\n|upkeep\n|turn|7\n|\n|t:|1699730673\n|move|p1a: Okidogi|Bulk Up|p1a: Okidogi\n|-boost|p1a: Okidogi|atk|1\n|-boost|p1a: Okidogi|def|1\n|move|p2a: Alomomola|Scald|p1a: Okidogi\n|-damage|p1a: Okidogi|73\/100\n|\n|upkeep\n|turn|8\n|\n|t:|1699730685\n|move|p1a: Okidogi|Drain Punch|p2a: Alomomola\n|-damage|p2a: Alomomola|47\/100\n|-heal|p1a: Okidogi|100\/100|[from] drain|[of] p2a: Alomomola\n|move|p2a: Alomomola|Chilling Water|p1a: Okidogi\n|-damage|p1a: Okidogi|92\/100\n|\n|-heal|p2a: Alomomola|53\/100|[from] item: Leftovers\n|upkeep\n|turn|9\n|\n|t:|1699730700\n|move|p1a: Okidogi|Knock Off|p2a: Alomomola\n|-damage|p2a: Alomomola|0 fnt\n|-enditem|p2a: Alomomola|Leftovers|[from] move: Knock Off|[of] p1a: Okidogi\n|faint|p2a: Alomomola\n|\n|upkeep\n|\n|t:|1699730709\n|switch|p2a: Amoonguss|Amoonguss, M|100\/100\n|turn|10\n|\n|t:|1699730714\n|move|p1a: Okidogi|Knock Off|p2a: Amoonguss\n|-damage|p2a: Amoonguss|28\/100\n|-enditem|p2a: Amoonguss|Leftovers|[from] move: Knock Off|[of] p1a: Okidogi\n|move|p2a: Amoonguss|Spore|p1a: Okidogi\n|-status|p1a: Okidogi|slp|[from] move: Spore\n|\n|upkeep\n|turn|11\n|\n|t:|1699730722\n|cant|p1a: Okidogi|slp\n|move|p2a: Amoonguss|Clear Smog|p1a: Okidogi\n|-resisted|p1a: Okidogi\n|-damage|p1a: Okidogi|84\/100 slp\n|-clearboost|p1a: Okidogi\n|\n|upkeep\n|turn|12\n|\n|t:|1699730727\n|switch|p2a: Ting-Lu|Ting-Lu|100\/100\n|-ability|p2a: Ting-Lu|Vessel of Ruin\n|cant|p1a: Okidogi|slp\n|\n|upkeep\n|turn|13\n|\n|t:|1699730731\n|cant|p1a: Okidogi|slp\n|move|p2a: Ting-Lu|Stealth Rock|p1a: Okidogi\n|-sidestart|p1: Gulpmissilemiss|move: Stealth Rock\n|\n|upkeep\n|turn|14\n|\n|t:|1699730735\n|switch|p1a: Wo-Chien|Wo-Chien|100\/100\n|-damage|p1a: Wo-Chien|88\/100|[from] Stealth Rock\n|-ability|p1a: Wo-Chien|Tablets of Ruin\n|move|p2a: Ting-Lu|Whirlwind|p1a: Wo-Chien\n|drag|p1a: Dragapult|Dragapult, M|100\/100\n|\n|upkeep\n|turn|15\n|\n|t:|1699730745\n|move|p1a: Dragapult|Will-O-Wisp|p2a: Ting-Lu\n|-status|p2a: Ting-Lu|brn\n|move|p2a: Ting-Lu|Spikes|p1a: Dragapult\n|-sidestart|p1: Gulpmissilemiss|Spikes\n|\n|-damage|p2a: Ting-Lu|94\/100 brn|[from] brn\n|upkeep\n|turn|16\n|\n|t:|1699730754\n|move|p1a: Dragapult|U-turn|p2a: Ting-Lu\n|-supereffective|p2a: Ting-Lu\n|-damage|p2a: Ting-Lu|69\/100 brn\n|\n|t:|1699730760\n|switch|p1a: Okidogi|Okidogi, M|84\/100 slp|[from] U-turn\n|-damage|p1a: Okidogi|78\/100 slp|[from] Stealth Rock\n|-damage|p1a: Okidogi|66\/100 slp|[from] Spikes\n|move|p2a: Ting-Lu|Spikes|p1a: Okidogi\n|-sidestart|p1: Gulpmissilemiss|Spikes\n|\n|-heal|p2a: Ting-Lu|75\/100 brn|[from] item: Leftovers\n|-damage|p2a: Ting-Lu|69\/100 brn|[from] brn\n|upkeep\n|turn|17\n|\n|t:|1699730771\n|-curestatus|p1a: Okidogi|slp|[msg]\n|move|p1a: Okidogi|Drain Punch|p2a: Ting-Lu\n|-supereffective|p2a: Ting-Lu\n|-damage|p2a: Ting-Lu|20\/100 brn\n|-heal|p1a: Okidogi|100\/100|[from] drain|[of] p2a: Ting-Lu\n|move|p2a: Ting-Lu|Spikes|p1a: Okidogi\n|-sidestart|p1: Gulpmissilemiss|Spikes\n|\n|-heal|p2a: Ting-Lu|27\/100 brn|[from] item: Leftovers\n|-damage|p2a: Ting-Lu|20\/100 brn|[from] brn\n|upkeep\n|turn|18\n|\n|t:|1699730780\n|switch|p2a: Toxapex|Toxapex, M|100\/100\n|move|p1a: Okidogi|Drain Punch|p2a: Toxapex\n|-resisted|p2a: Toxapex\n|-damage|p2a: Toxapex|84\/100\n|\n|-heal|p2a: Toxapex|91\/100|[from] item: Leftovers\n|upkeep\n|turn|19\n|\n|t:|1699730790\n|move|p1a: Okidogi|Bulk Up|p1a: Okidogi\n|-boost|p1a: Okidogi|atk|1\n|-boost|p1a: Okidogi|def|1\n|move|p2a: Toxapex|Toxic Spikes|p1a: Okidogi\n|-sidestart|p1: Gulpmissilemiss|move: Toxic Spikes\n|\n|-heal|p2a: Toxapex|97\/100|[from] item: Leftovers\n|upkeep\n|turn|20\n|\n|t:|1699730796\n|move|p1a: Okidogi|Knock Off|p2a: Toxapex\n|-damage|p2a: Toxapex|49\/100\n|-enditem|p2a: Toxapex|Leftovers|[from] move: Knock Off|[of] p1a: Okidogi\n|move|p2a: Toxapex|Iron Defense|p2a: Toxapex\n|-boost|p2a: Toxapex|def|2\n|\n|upkeep\n|turn|21\n|\n|t:|1699730805\n|move|p1a: Okidogi|Bulk Up|p1a: Okidogi\n|-boost|p1a: Okidogi|atk|1\n|-boost|p1a: Okidogi|def|1\n|move|p2a: Toxapex|Haze|p2a: Toxapex\n|-clearallboost\n|\n|upkeep\n|turn|22\n|\n|t:|1699730813\n|move|p2a: Toxapex|Baneful Bunker|p2a: Toxapex\n|-singleturn|p2a: Toxapex|move: Protect\n|move|p1a: Okidogi|Knock Off|p2a: Toxapex\n|-activate|p2a: Toxapex|move: Protect\n|\n|upkeep\n|turn|23\n|\n|t:|1699730822\n|switch|p2a: Ting-Lu|Ting-Lu|20\/100 brn\n|-ability|p2a: Ting-Lu|Vessel of Ruin\n|move|p1a: Okidogi|Knock Off|p2a: Ting-Lu\n|-resisted|p2a: Ting-Lu\n|-damage|p2a: Ting-Lu|11\/100 brn\n|-enditem|p2a: Ting-Lu|Leftovers|[from] move: Knock Off|[of] p1a: Okidogi\n|\n|-damage|p2a: Ting-Lu|4\/100 brn|[from] brn\n|upkeep\n|turn|24\n|\n|t:|1699730833\n|move|p1a: Okidogi|Drain Punch|p2a: Ting-Lu\n|-supereffective|p2a: Ting-Lu\n|-damage|p2a: Ting-Lu|0 fnt\n|faint|p2a: Ting-Lu\n|\n|upkeep\n|\n|t:|1699730838\n|switch|p2a: Cinderace|Cinderace, F|100\/100\n|turn|25\n|\n|t:|1699730847\n|move|p2a: Cinderace|Pyro Ball|p1a: Okidogi\n|-damage|p1a: Okidogi|49\/100\n|move|p1a: Okidogi|Drain Punch|p2a: Cinderace\n|-damage|p2a: Cinderace|36\/100\n|-heal|p1a: Okidogi|76\/100|[from] drain|[of] p2a: Cinderace\n|-status|p2a: Cinderace|tox|[from] ability: Toxic Chain|[of] p1a: Okidogi\n|\n|-damage|p2a: Cinderace|30\/100 tox|[from] psn\n|upkeep\n|turn|26\n|\n|t:|1699730853\n|-terastallize|p2a: Cinderace|Fire\n|move|p2a: Cinderace|Pyro Ball|p1a: Okidogi\n|-damage|p1a: Okidogi|12\/100\n|move|p1a: Okidogi|Drain Punch|p2a: Cinderace\n|-damage|p2a: Cinderace|0 fnt\n|-heal|p1a: Okidogi|25\/100|[from] drain|[of] p2a: Cinderace\n|faint|p2a: Cinderace\n|\n|upkeep\n|\n|t:|1699730862\n|switch|p2a: Amoonguss|Amoonguss, M|61\/100\n|turn|27\n|\n|t:|1699730879\n|move|p1a: Okidogi|Gunk Shot|p2a: Amoonguss\n|-damage|p2a: Amoonguss|0 fnt\n|faint|p2a: Amoonguss\n|\n|upkeep\n|\n|t:|1699730884\n|switch|p2a: Blissey|Blissey, F|47\/100\n|turn|28\n|\n|t:|1699730889\n|move|p1a: Okidogi|Drain Punch|p2a: Blissey\n|-supereffective|p2a: Blissey\n|-damage|p2a: Blissey|0 fnt\n|-heal|p1a: Okidogi|68\/100|[from] drain|[of] p2a: Blissey\n|faint|p2a: Blissey\n|\n|upkeep\n|-message|13537king forfeited.\n|\n|win|Gulpmissilemiss\n|raw|Gulpmissilemiss's rating: 1055 &rarr; <strong>1087<\/strong><br \/>(+32 for winning)\n|raw|13537king's rating: 1062 &rarr; <strong>1042<\/strong><br \/>(-20 for losing)\n|l|\u260613537king\n","uploadtime":1699730909,"views":12,"p1id":"gulpmissilemiss","p2id":"13537king","formatid":"gen9ou","rating":1042,"private":0,"password":""}