{"id":"gen9ou-1994548323","p1":"coolbluekid","p2":"beach house stan","format":"[Gen 9] OU","log":"|j|\u2606coolbluekid\n|j|\u2606beach house stan\n|t:|1700457971\n|gametype|singles\n|player|p1|coolbluekid|1|1315\n|player|p2|beach house stan|iris-gen5bw2|1235\n|teamsize|p1|6\n|teamsize|p2|6\n|gen|9\n|tier|[Gen 9] OU\n|rated|\n|rule|Sleep Clause Mod: Limit one foe put to sleep\n|rule|Species Clause: Limit one of each Pok\u00e9mon\n|rule|OHKO Clause: OHKO moves are banned\n|rule|Evasion Items Clause: Evasion items are banned\n|rule|Evasion Moves Clause: Evasion moves are banned\n|rule|Endless Battle Clause: Forcing endless battles is banned\n|rule|HP Percentage Mod: HP is shown in percentages\n|clearpoke\n|poke|p1|Torkoal, M|\n|poke|p1|Victreebel, F|\n|poke|p1|Charizard, M|\n|poke|p1|Walking Wake|\n|poke|p1|Iron Hands|\n|poke|p1|Ting-Lu|\n|poke|p2|Great Tusk|\n|poke|p2|Dragonite, F|\n|poke|p2|Iron Valiant|\n|poke|p2|Gholdengo|\n|poke|p2|Garganacl, F|\n|poke|p2|Zapdos|\n|teampreview\n|inactive|Battle timer is ON: inactive players will automatically lose when time's up. (requested by coolbluekid)\n|inactive|beach house stan has 120 seconds left.\n|\n|t:|1700458013\n|start\n|switch|p1a: Torkoal|Torkoal, M|100\/100\n|switch|p2a: Garganacl|Garganacl, F|100\/100\n|-weather|SunnyDay|[from] ability: Drought|[of] p1a: Torkoal\n|turn|1\n|inactive|beach house stan has 120 seconds left.\n|\n|t:|1700458044\n|move|p2a: Garganacl|Salt Cure|p1a: Torkoal\n|-supereffective|p1a: Torkoal\n|-damage|p1a: Torkoal|85\/100\n|-start|p1a: Torkoal|Salt Cure\n|move|p1a: Torkoal|Stealth Rock|p2a: Garganacl\n|-sidestart|p2: beach house stan|move: Stealth Rock\n|\n|-weather|SunnyDay|[upkeep]\n|-heal|p1a: Torkoal|91\/100|[from] item: Leftovers\n|-damage|p1a: Torkoal|78\/100|[from] Salt Cure\n|upkeep\n|turn|2\n|inactive|beach house stan has 120 seconds left.\n|\n|t:|1700458069\n|switch|p1a: Iron Hands|Iron Hands|100\/100\n|move|p2a: Garganacl|Earthquake|p1a: Iron Hands\n|-supereffective|p1a: Iron Hands\n|-damage|p1a: Iron Hands|70\/100\n|\n|-weather|SunnyDay|[upkeep]\n|upkeep\n|turn|3\n|inactive|beach house stan has 120 seconds left.\n|\n|t:|1700458092\n|switch|p2a: Gholdengo|Gholdengo|100\/100\n|-damage|p2a: Gholdengo|94\/100|[from] Stealth Rock\n|-item|p2a: Gholdengo|Air Balloon\n|move|p1a: Iron Hands|Volt Switch|p2a: Gholdengo\n|-damage|p2a: Gholdengo|81\/100\n|-enditem|p2a: Gholdengo|Air Balloon\n|inactive|coolbluekid has 120 seconds left.\n|\n|t:|1700458111\n|-end|p1a: Iron Hands|Quark Drive|[silent]\n|switch|p1a: Charizard|Charizard, M|100\/100|[from] Volt Switch\n|\n|-weather|SunnyDay|[upkeep]\n|-damage|p1a: Charizard|88\/100|[from] ability: Solar Power|[of] p1a: Charizard\n|upkeep\n|turn|4\n|inactive|coolbluekid has 120 seconds left.\n|\n|t:|1700458135\n|switch|p2a: Dragonite|Dragonite, F, shiny|100\/100\n|move|p1a: Charizard|Weather Ball|p2a: Dragonite\n|-resisted|p2a: Dragonite\n|-damage|p2a: Dragonite|73\/100\n|\n|-weather|SunnyDay|[upkeep]\n|-damage|p1a: Charizard|76\/100|[from] ability: Solar Power|[of] p1a: Charizard\n|upkeep\n|turn|5\n|inactive|coolbluekid has 120 seconds left.\n|\n|t:|1700458150\n|switch|p1a: Ting-Lu|Ting-Lu|100\/100\n|-ability|p1a: Ting-Lu|Vessel of Ruin\n|move|p2a: Dragonite|Extreme Speed|p1a: Ting-Lu\n|-damage|p1a: Ting-Lu|83\/100\n|\n|-weather|none\n|-heal|p1a: Ting-Lu|89\/100|[from] item: Leftovers\n|upkeep\n|turn|6\n|inactive|coolbluekid has 120 seconds left.\n|\n|t:|1700458164\n|move|p2a: Dragonite|Ice Spinner|p1a: Ting-Lu\n|-supereffective|p1a: Ting-Lu\n|-damage|p1a: Ting-Lu|54\/100\n|move|p1a: Ting-Lu|Spikes|p2a: Dragonite\n|-sidestart|p2: beach house stan|Spikes\n|\n|-heal|p1a: Ting-Lu|60\/100|[from] item: Leftovers\n|upkeep\n|turn|7\n|\n|t:|1700458177\n|switch|p1a: Torkoal|Torkoal, M|78\/100\n|-weather|SunnyDay|[from] ability: Drought|[of] p1a: Torkoal\n|move|p2a: Dragonite|Dragon Dance|p2a: Dragonite\n|-boost|p2a: Dragonite|atk|1\n|-boost|p2a: Dragonite|spe|1\n|\n|-weather|SunnyDay|[upkeep]\n|-heal|p1a: Torkoal|85\/100|[from] item: Leftovers\n|upkeep\n|turn|8\n|\n|t:|1700458186\n|move|p2a: Dragonite|Earthquake|p1a: Torkoal\n|-supereffective|p1a: Torkoal\n|-damage|p1a: Torkoal|24\/100\n|move|p1a: Torkoal|Lava Plume|p2a: Dragonite\n|-resisted|p2a: Dragonite\n|-damage|p2a: Dragonite|55\/100\n|-status|p2a: Dragonite|brn\n|\n|-weather|SunnyDay|[upkeep]\n|-heal|p1a: Torkoal|30\/100|[from] item: Leftovers\n|-damage|p2a: Dragonite|49\/100 brn|[from] brn\n|upkeep\n|turn|9\n|inactive|coolbluekid has 120 seconds left.\n|\n|t:|1700458215\n|move|p2a: Dragonite|Ice Spinner|p1a: Torkoal\n|-resisted|p1a: Torkoal\n|-damage|p1a: Torkoal|23\/100\n|move|p1a: Torkoal|Lava Plume|p2a: Dragonite\n|-resisted|p2a: Dragonite\n|-damage|p2a: Dragonite|30\/100 brn\n|\n|-weather|SunnyDay|[upkeep]\n|-heal|p1a: Torkoal|29\/100|[from] item: Leftovers\n|-damage|p2a: Dragonite|24\/100 brn|[from] brn\n|upkeep\n|turn|10\n|inactive|coolbluekid has 120 seconds left.\n|inactive|beach house stan has 120 seconds left.\n|\n|t:|1700458222\n|switch|p1a: Ting-Lu|Ting-Lu|60\/100\n|-ability|p1a: Ting-Lu|Vessel of Ruin\n|move|p2a: Dragonite|Earthquake|p1a: Ting-Lu\n|-crit|p1a: Ting-Lu\n|-damage|p1a: Ting-Lu|38\/100\n|\n|-weather|SunnyDay|[upkeep]\n|-heal|p1a: Ting-Lu|44\/100|[from] item: Leftovers\n|-damage|p2a: Dragonite|18\/100 brn|[from] brn\n|upkeep\n|turn|11\n|\n|t:|1700458231\n|move|p2a: Dragonite|Ice Spinner|p1a: Ting-Lu\n|-supereffective|p1a: Ting-Lu\n|-damage|p1a: Ting-Lu|17\/100\n|move|p1a: Ting-Lu|Rest|p1a: Ting-Lu\n|-status|p1a: Ting-Lu|slp|[from] move: Rest\n|-heal|p1a: Ting-Lu|100\/100 slp|[silent]\n|\n|-weather|none\n|-damage|p2a: Dragonite|11\/100 brn|[from] brn\n|upkeep\n|turn|12\n|\n|t:|1700458243\n|move|p2a: Dragonite|Dragon Dance|p2a: Dragonite\n|-boost|p2a: Dragonite|atk|1\n|-boost|p2a: Dragonite|spe|1\n|cant|p1a: Ting-Lu|slp\n|\n|-damage|p2a: Dragonite|5\/100 brn|[from] brn\n|upkeep\n|turn|13\n|\n|t:|1700458251\n|move|p2a: Dragonite|Ice Spinner|p1a: Ting-Lu\n|-supereffective|p1a: Ting-Lu\n|-damage|p1a: Ting-Lu|63\/100 slp\n|cant|p1a: Ting-Lu|slp\n|\n|-heal|p1a: Ting-Lu|70\/100 slp|[from] item: Leftovers\n|-damage|p2a: Dragonite|0 fnt|[from] brn\n|faint|p2a: Dragonite\n|upkeep\n|\n|t:|1700458266\n|switch|p2a: Iron Valiant|Iron Valiant|100\/100\n|turn|14\n|\n|t:|1700458277\n|move|p2a: Iron Valiant|Moonblast|p1a: Ting-Lu\n|-supereffective|p1a: Ting-Lu\n|-damage|p1a: Ting-Lu|32\/100 slp\n|-curestatus|p1a: Ting-Lu|slp|[msg]\n|move|p1a: Ting-Lu|Ruination|p2a: Iron Valiant\n|-damage|p2a: Iron Valiant|51\/100\n|\n|-heal|p1a: Ting-Lu|38\/100|[from] item: Leftovers\n|upkeep\n|turn|15\n|\n|t:|1700458289\n|move|p2a: Iron Valiant|Close Combat|p1a: Ting-Lu\n|-supereffective|p1a: Ting-Lu\n|-damage|p1a: Ting-Lu|0 fnt\n|-unboost|p2a: Iron Valiant|def|1\n|-unboost|p2a: Iron Valiant|spd|1\n|faint|p1a: Ting-Lu\n|\n|upkeep\n|\n|t:|1700458294\n|switch|p1a: Torkoal|Torkoal, M|29\/100\n|-weather|SunnyDay|[from] ability: Drought|[of] p1a: Torkoal\n|turn|16\n|\n|t:|1700458300\n|move|p2a: Iron Valiant|Moonblast|p1a: Torkoal\n|-resisted|p1a: Torkoal\n|-damage|p1a: Torkoal|0 fnt\n|faint|p1a: Torkoal\n|\n|-weather|SunnyDay|[upkeep]\n|upkeep\n|\n|t:|1700458304\n|switch|p1a: Victreebel|Victreebel, F|100\/100\n|turn|17\n|\n|t:|1700458314\n|-end|p2a: Iron Valiant|Quark Drive|[silent]\n|switch|p2a: Gholdengo|Gholdengo|81\/100\n|-damage|p2a: Gholdengo|75\/100|[from] Stealth Rock\n|-damage|p2a: Gholdengo|63\/100|[from] Spikes\n|move|p1a: Victreebel|Growth|p1a: Victreebel\n|-boost|p1a: Victreebel|atk|2\n|-boost|p1a: Victreebel|spa|2\n|\n|-weather|SunnyDay|[upkeep]\n|upkeep\n|turn|18\n|\n|t:|1700458332\n|move|p1a: Victreebel|Weather Ball|p2a: Gholdengo\n|-supereffective|p2a: Gholdengo\n|-damage|p2a: Gholdengo|0 fnt\n|faint|p2a: Gholdengo\n|\n|-weather|SunnyDay|[upkeep]\n|upkeep\n|inactive|beach house stan has 120 seconds left.\n|\n|t:|1700458376\n|switch|p2a: Zapdos|Zapdos|100\/100\n|turn|19\n|\n|t:|1700458385\n|-terastallize|p1a: Victreebel|Fire\n|move|p1a: Victreebel|Weather Ball|p2a: Zapdos\n|-damage|p2a: Zapdos|0 fnt\n|faint|p2a: Zapdos\n|\n|-weather|SunnyDay|[upkeep]\n|upkeep\n|\n|t:|1700458394\n|switch|p2a: Great Tusk|Great Tusk|100\/100\n|-activate|p2a: Great Tusk|ability: Protosynthesis\n|-start|p2a: Great Tusk|protosynthesisatk\n|turn|20\n|inactive|beach house stan has 120 seconds left.\n|\n|t:|1700458400\n|-terastallize|p2a: Great Tusk|Dragon\n|move|p1a: Victreebel|Weather Ball|p2a: Great Tusk\n|-resisted|p2a: Great Tusk\n|-damage|p2a: Great Tusk|0 fnt\n|faint|p2a: Great Tusk\n|-end|p2a: Great Tusk|Protosynthesis|[silent]\n|\n|-weather|none\n|upkeep\n|inactive|beach house stan has 120 seconds left.\n|\n|t:|1700458411\n|switch|p2a: Garganacl|Garganacl, F|100\/100\n|-damage|p2a: Garganacl|88\/100|[from] Stealth Rock\n|-damage|p2a: Garganacl|76\/100|[from] Spikes\n|turn|21\n|inactive|beach house stan has 120 seconds left.\n|\n|t:|1700458417\n|move|p1a: Victreebel|Weather Ball|p2a: Garganacl\n|-resisted|p2a: Garganacl\n|-damage|p2a: Garganacl|63\/100\n|move|p2a: Garganacl|Earthquake|p1a: Victreebel\n|-supereffective|p1a: Victreebel\n|-damage|p1a: Victreebel|33\/100\n|\n|-heal|p2a: Garganacl|69\/100|[from] item: Leftovers\n|upkeep\n|turn|22\n|\n|t:|1700458433\n|move|p1a: Victreebel|Solar Beam||[still]\n|-prepare|p1a: Victreebel|Solar Beam\n|move|p2a: Garganacl|Earthquake|p1a: Victreebel\n|-supereffective|p1a: Victreebel\n|-damage|p1a: Victreebel|0 fnt\n|faint|p1a: Victreebel\n|\n|-heal|p2a: Garganacl|75\/100|[from] item: Leftovers\n|upkeep\n|\n|t:|1700458444\n|switch|p1a: Walking Wake|Walking Wake|100\/100\n|turn|23\n|\n|t:|1700458457\n|move|p1a: Walking Wake|Hydro Steam|p2a: Garganacl\n|-supereffective|p2a: Garganacl\n|-damage|p2a: Garganacl|0 fnt\n|faint|p2a: Garganacl\n|\n|upkeep\n|\n|t:|1700458463\n|switch|p2a: Iron Valiant|Iron Valiant|51\/100\n|turn|24\n|\n|t:|1700458466\n|move|p2a: Iron Valiant|Moonblast|p1a: Walking Wake\n|-supereffective|p1a: Walking Wake\n|-crit|p1a: Walking Wake\n|-damage|p1a: Walking Wake|0 fnt\n|faint|p1a: Walking Wake\n|-end|p1a: Walking Wake|Protosynthesis|[silent]\n|\n|upkeep\n|\n|t:|1700458473\n|switch|p1a: Iron Hands|Iron Hands|70\/100\n|turn|25\n|\n|t:|1700458477\n|move|p1a: Iron Hands|Fake Out|p2a: Iron Valiant\n|-damage|p2a: Iron Valiant|29\/100\n|cant|p2a: Iron Valiant|flinch\n|\n|upkeep\n|turn|26\n|\n|t:|1700458504\n|move|p2a: Iron Valiant|Moonblast|p1a: Iron Hands\n|-supereffective|p1a: Iron Hands\n|-damage|p1a: Iron Hands|18\/100\n|move|p1a: Iron Hands|Thunder Punch|p2a: Iron Valiant\n|-damage|p2a: Iron Valiant|0 fnt\n|faint|p2a: Iron Valiant\n|-end|p2a: Iron Valiant|Quark Drive|[silent]\n|\n|win|coolbluekid\n|raw|coolbluekid's rating: 1315 &rarr; <strong>1330<\/strong><br \/>(+15 for winning)\n|raw|beach house stan's rating: 1235 &rarr; <strong>1216<\/strong><br \/>(-19 for losing)\n","uploadtime":1700458517,"views":12,"p1id":"coolbluekid","p2id":"beachhousestan","formatid":"gen9ou","rating":1216,"private":0,"password":""}