{"id":"gen9ou-1997090542","p1":"OPJBV","p2":"davisthegreat","format":"[Gen 9] OU","log":"|j|\u2606OPJBV\n|j|\u2606davisthegreat\n|t:|1700763525\n|gametype|singles\n|player|p1|OPJBV|265|1079\n|player|p2|davisthegreat|265|1000\n|teamsize|p1|6\n|teamsize|p2|6\n|gen|9\n|tier|[Gen 9] OU\n|rated|\n|rule|Sleep Clause Mod: Limit one foe put to sleep\n|rule|Species Clause: Limit one of each Pok\u00e9mon\n|rule|OHKO Clause: OHKO moves are banned\n|rule|Evasion Items Clause: Evasion items are banned\n|rule|Evasion Moves Clause: Evasion moves are banned\n|rule|Endless Battle Clause: Forcing endless battles is banned\n|rule|HP Percentage Mod: HP is shown in percentages\n|clearpoke\n|poke|p1|Landorus-Therian, M|\n|poke|p1|Greninja-*, M|\n|poke|p1|Heatran, M|\n|poke|p1|Rillaboom, M|\n|poke|p1|Iron Hands|\n|poke|p1|Garchomp, M|\n|poke|p2|Glimmora, F|\n|poke|p2|Breloom, F|\n|poke|p2|Ceruledge, F|\n|poke|p2|Cinderace, F|\n|poke|p2|Rotom-Wash|\n|poke|p2|Mamoswine, M|\n|teampreview\n|\n|t:|1700763531\n|start\n|switch|p1a: Garchomp|Garchomp, M|100\/100\n|switch|p2a: Breloom|Breloom, F|100\/100\n|turn|1\n|inactive|Battle timer is ON: inactive players will automatically lose when time's up. (requested by davisthegreat)\n|\n|t:|1700763540\n|move|p1a: Garchomp|Stealth Rock|p2a: Breloom\n|-sidestart|p2: davisthegreat|move: Stealth Rock\n|move|p2a: Breloom|Bulldoze|p1a: Garchomp\n|-damage|p1a: Garchomp|76\/100\n|-unboost|p1a: Garchomp|spe|1\n|\n|upkeep\n|turn|2\n|\n|t:|1700763561\n|move|p2a: Breloom|Bullet Seed|p1a: Garchomp\n|-damage|p1a: Garchomp|59\/100\n|-damage|p1a: Garchomp|43\/100\n|-damage|p1a: Garchomp|26\/100\n|-hitcount|p1a: Garchomp|3\n|move|p1a: Garchomp|Outrage|p2a: Breloom\n|-damage|p2a: Breloom|25\/100\n|\n|upkeep\n|turn|3\n|inactive|OPJBV has 120 seconds left.\n|\n|t:|1700763582\n|move|p2a: Breloom|Spore|p1a: Garchomp\n|-status|p1a: Garchomp|slp|[from] move: Spore\n|cant|p1a: Garchomp|slp\n|\n|upkeep\n|turn|4\n|inactive|OPJBV has 120 seconds left.\n|\n|t:|1700763600\n|switch|p2a: Mamoswine|Mamoswine, M|100\/100\n|-damage|p2a: Mamoswine|88\/100|[from] Stealth Rock\n|cant|p1a: Garchomp|slp\n|\n|upkeep\n|turn|5\n|inactive|OPJBV has 120 seconds left.\n|\n|t:|1700763615\n|move|p2a: Mamoswine|Trailblaze|p1a: Garchomp\n|-damage|p1a: Garchomp|11\/100 slp\n|-boost|p2a: Mamoswine|spe|1\n|-damage|p2a: Mamoswine|76\/100|[from] ability: Rough Skin|[of] p1a: Garchomp\n|-damage|p2a: Mamoswine|59\/100|[from] item: Rocky Helmet|[of] p1a: Garchomp\n|-curestatus|p1a: Garchomp|slp|[msg]\n|move|p1a: Garchomp|Earthquake|p2a: Mamoswine\n|-damage|p2a: Mamoswine|12\/100\n|\n|upkeep\n|turn|6\n|\n|t:|1700763640\n|move|p2a: Mamoswine|Ice Shard|p1a: Garchomp\n|-supereffective|p1a: Garchomp\n|-damage|p1a: Garchomp|0 fnt\n|faint|p1a: Garchomp\n|\n|upkeep\n|\n|t:|1700763654\n|switch|p1a: Heatran|Heatran, M|100\/100\n|turn|7\n|\n|t:|1700763666\n|move|p2a: Mamoswine|Earthquake|p1a: Heatran\n|-supereffective|p1a: Heatran\n|-damage|p1a: Heatran|0 fnt\n|faint|p1a: Heatran\n|\n|upkeep\n|inactive|OPJBV has 90 seconds left.\n|\n|t:|1700763677\n|switch|p1a: Landorus|Landorus-Therian, M|100\/100\n|-ability|p1a: Landorus|Intimidate|boost\n|-unboost|p2a: Mamoswine|atk|1\n|turn|8\n|\n|t:|1700763683\n|move|p1a: Landorus|Earthquake|p2a: Mamoswine\n|-damage|p2a: Mamoswine|0 fnt\n|faint|p2a: Mamoswine\n|\n|upkeep\n|\n|t:|1700763686\n|switch|p2a: Rotom|Rotom-Wash, shiny|100\/100\n|-damage|p2a: Rotom|88\/100|[from] Stealth Rock\n|turn|9\n|inactive|OPJBV has 90 seconds left.\n|\n|t:|1700763710\n|switch|p1a: Iron Hands|Iron Hands|100\/100\n|move|p2a: Rotom|Will-O-Wisp|p1a: Iron Hands\n|-status|p1a: Iron Hands|brn\n|\n|-damage|p1a: Iron Hands|94\/100 brn|[from] brn\n|upkeep\n|turn|10\n|inactive|OPJBV has 90 seconds left.\n|\n|t:|1700763726\n|-terastallize|p2a: Rotom|Ghost\n|move|p2a: Rotom|Hydro Pump|p1a: Iron Hands\n|-damage|p1a: Iron Hands|67\/100 brn\n|move|p1a: Iron Hands|Drain Punch|p2a: Rotom\n|-immune|p2a: Rotom\n|\n|-damage|p1a: Iron Hands|61\/100 brn|[from] brn\n|upkeep\n|turn|11\n|inactive|OPJBV has 90 seconds left.\n|\n|t:|1700763736\n|switch|p2a: Cinderace|Cinderace, F|100\/100\n|-damage|p2a: Cinderace|76\/100|[from] Stealth Rock\n|move|p1a: Iron Hands|Thunder Punch|p2a: Cinderace\n|-damage|p2a: Cinderace|45\/100\n|\n|-damage|p1a: Iron Hands|55\/100 brn|[from] brn\n|upkeep\n|turn|12\n|\n|t:|1700763744\n|move|p2a: Cinderace|Court Change|p2a: Cinderace\n|-start|p2a: Cinderace|typechange|Normal|[from] ability: Libero\n|-swapsideconditions\n|-activate|p2a: Cinderace|move: Court Change\n|move|p1a: Iron Hands|Thunder Punch|p2a: Cinderace\n|-crit|p2a: Cinderace\n|-damage|p2a: Cinderace|0 fnt\n|faint|p2a: Cinderace\n|\n|-damage|p1a: Iron Hands|49\/100 brn|[from] brn\n|upkeep\n|\n|t:|1700763752\n|switch|p2a: Glimmora|Glimmora, F|100\/100\n|turn|13\n|\n|t:|1700763754\n|move|p2a: Glimmora|Earth Power|p1a: Iron Hands\n|-supereffective|p1a: Iron Hands\n|-damage|p1a: Iron Hands|9\/100 brn\n|-unboost|p1a: Iron Hands|spd|1\n|move|p1a: Iron Hands|Drain Punch|p2a: Glimmora\n|-damage|p2a: Glimmora|76\/100\n|-heal|p1a: Iron Hands|17\/100 brn|[from] drain|[of] p2a: Glimmora\n|-activate|p2a: Glimmora|ability: Toxic Debris\n|-sidestart|p1: OPJBV|move: Toxic Spikes\n|\n|-damage|p1a: Iron Hands|11\/100 brn|[from] brn\n|upkeep\n|turn|14\n|\n|t:|1700763766\n|move|p2a: Glimmora|Earth Power|p1a: Iron Hands\n|-supereffective|p1a: Iron Hands\n|-damage|p1a: Iron Hands|0 fnt\n|faint|p1a: Iron Hands\n|-end|p1a: Iron Hands|Quark Drive|[silent]\n|\n|upkeep\n|\n|t:|1700763772\n|switch|p1a: Landorus|Landorus-Therian, M|100\/100\n|-damage|p1a: Landorus|88\/100|[from] Stealth Rock\n|-ability|p1a: Landorus|Intimidate|boost\n|-unboost|p2a: Glimmora|atk|1\n|turn|15\n|\n|t:|1700763781\n|move|p1a: Landorus|Earthquake|p2a: Glimmora\n|-supereffective|p2a: Glimmora\n|-damage|p2a: Glimmora|0 fnt\n|-activate|p2a: Glimmora|ability: Toxic Debris\n|-sidestart|p1: OPJBV|move: Toxic Spikes\n|faint|p2a: Glimmora\n|\n|upkeep\n|\n|t:|1700763784\n|switch|p2a: Rotom|Rotom-Wash, shiny, tera:Ghost|88\/100\n|turn|16\n|\n|t:|1700763790\n|switch|p1a: Rillaboom|Rillaboom, M|100\/100\n|-damage|p1a: Rillaboom|88\/100|[from] Stealth Rock\n|-status|p1a: Rillaboom|tox\n|-fieldstart|move: Grassy Terrain|[from] ability: Grassy Surge|[of] p1a: Rillaboom\n|move|p2a: Rotom|Will-O-Wisp|p1a: Rillaboom|[miss]\n|-miss|p2a: Rotom|p1a: Rillaboom\n|\n|-heal|p1a: Rillaboom|94\/100 tox|[from] Grassy Terrain\n|-damage|p1a: Rillaboom|88\/100 tox|[from] psn\n|upkeep\n|turn|17\n|inactive|OPJBV has 120 seconds left.\n|\n|t:|1700763820\n|switch|p2a: Breloom|Breloom, F|25\/100\n|move|p1a: Rillaboom|Earthquake|p2a: Breloom\n|-resisted|p2a: Breloom\n|-crit|p2a: Breloom\n|-damage|p2a: Breloom|0 fnt\n|faint|p2a: Breloom\n|\n|-heal|p1a: Rillaboom|94\/100 tox|[from] Grassy Terrain\n|-damage|p1a: Rillaboom|82\/100 tox|[from] psn\n|upkeep\n|\n|t:|1700763827\n|switch|p2a: Ceruledge|Ceruledge, F|100\/100\n|turn|18\n|\n|t:|1700763831\n|move|p2a: Ceruledge|Bitter Blade|p1a: Rillaboom\n|-supereffective|p1a: Rillaboom\n|-damage|p1a: Rillaboom|2\/100 tox\n|move|p1a: Rillaboom|Earthquake|p2a: Ceruledge\n|-supereffective|p2a: Ceruledge\n|-damage|p2a: Ceruledge|24\/100\n|-ability|p2a: Ceruledge|Weak Armor|boost\n|-unboost|p2a: Ceruledge|def|1\n|-boost|p2a: Ceruledge|spe|2\n|\n|-heal|p2a: Ceruledge|30\/100|[from] Grassy Terrain\n|-heal|p1a: Rillaboom|8\/100 tox|[from] Grassy Terrain\n|-damage|p1a: Rillaboom|0 fnt|[from] psn\n|faint|p1a: Rillaboom\n|upkeep\n|inactive|OPJBV has 120 seconds left.\n|\n|t:|1700763844\n|switch|p1a: Landorus|Landorus-Therian, M|88\/100\n|-damage|p1a: Landorus|76\/100|[from] Stealth Rock\n|-ability|p1a: Landorus|Intimidate|boost\n|-unboost|p2a: Ceruledge|atk|1\n|turn|19\n|\n|t:|1700763853\n|move|p2a: Ceruledge|Poltergeist|p1a: Landorus\n|-activate|p1a: Landorus|move: Poltergeist|Choice Scarf\n|-damage|p1a: Landorus|29\/100\n|move|p1a: Landorus|Rock Slide|p2a: Ceruledge\n|-supereffective|p2a: Ceruledge\n|-damage|p2a: Ceruledge|0 fnt\n|faint|p2a: Ceruledge\n|\n|upkeep\n|\n|t:|1700763860\n|switch|p2a: Rotom|Rotom-Wash, shiny, tera:Ghost|88\/100\n|turn|20\n|\n|t:|1700763864\n|move|p1a: Landorus|Rock Slide|p2a: Rotom\n|-damage|p2a: Rotom|52\/100\n|move|p2a: Rotom|Hydro Pump|p1a: Landorus\n|-supereffective|p1a: Landorus\n|-damage|p1a: Landorus|0 fnt\n|faint|p1a: Landorus\n|\n|-fieldend|move: Grassy Terrain\n|upkeep\n|\n|t:|1700763873\n|switch|p1a: Greninja|Greninja, M|100\/100\n|-damage|p1a: Greninja|88\/100|[from] Stealth Rock\n|-status|p1a: Greninja|tox\n|turn|21\n|\n|t:|1700763882\n|-terastallize|p1a: Greninja|Water\n|move|p1a: Greninja|Hydro Pump|p2a: Rotom\n|-damage|p2a: Rotom|0 fnt\n|faint|p2a: Rotom\n|\n|win|OPJBV\n|raw|OPJBV's rating: 1079 &rarr; <strong>1101<\/strong><br \/>(+22 for winning)\n|raw|davisthegreat's rating: 1000 &rarr; <strong>1000<\/strong><br \/>(+0 for losing)\n|l|\u2606davisthegreat\n","uploadtime":1700763893,"views":9,"p1id":"opjbv","p2id":"davisthegreat","formatid":"gen9ou","rating":1000,"private":0,"password":""}