{"id":"gen9ou-1997395487","p1":"Maelzuri","p2":"Silkogami","format":"[Gen 9] OU","log":"|j|\u2606Maelzuri\n|j|\u2606Silkogami\n|t:|1700798652\n|gametype|singles\n|player|p1|Maelzuri|101|\n|player|p2|Silkogami|bellelba|\n|teamsize|p1|6\n|teamsize|p2|6\n|gen|9\n|tier|[Gen 9] OU\n|rule|Sleep Clause Mod: Limit one foe put to sleep\n|rule|Species Clause: Limit one of each Pok\u00e9mon\n|rule|OHKO Clause: OHKO moves are banned\n|rule|Evasion Items Clause: Evasion items are banned\n|rule|Evasion Moves Clause: Evasion moves are banned\n|rule|Endless Battle Clause: Forcing endless battles is banned\n|rule|HP Percentage Mod: HP is shown in percentages\n|clearpoke\n|poke|p1|Torkoal, F|\n|poke|p1|Ninetales, F|\n|poke|p1|Charizard, M|\n|poke|p1|Chandelure, F|\n|poke|p1|Iron Moth|\n|poke|p1|Hatterene, F|\n|poke|p2|Amoonguss, M|\n|poke|p2|Garchomp, M|\n|poke|p2|Gholdengo|\n|poke|p2|Clodsire, F|\n|poke|p2|Torkoal, M|\n|poke|p2|Hatterene, F|\n|teampreview\n|c|\u2606Maelzuri|alr\n|c|\u2606Maelzuri|im a fire type gym leader lol\n|c|\u2606Silkogami|i can seeee\n|\n|t:|1700798672\n|start\n|switch|p1a: Turtle|Torkoal, F|100\/100\n|switch|p2a: Clodsire|Clodsire, F|100\/100\n|-weather|SunnyDay|[from] ability: Drought|[of] p1a: Turtle\n|turn|1\n|\n|t:|1700798682\n|move|p1a: Turtle|Stealth Rock|p2a: Clodsire\n|-sidestart|p2: Silkogami|move: Stealth Rock\n|move|p2a: Clodsire|Chilling Water|p1a: Turtle\n|-supereffective|p1a: Turtle\n|-damage|p1a: Turtle|87\/100\n|-unboost|p1a: Turtle|atk|1\n|\n|-weather|SunnyDay|[upkeep]\n|upkeep\n|turn|2\n|\n|t:|1700798694\n|move|p1a: Turtle|Yawn|p2a: Clodsire\n|-start|p2a: Clodsire|move: Yawn|[of] p1a: Turtle\n|move|p2a: Clodsire|Curse|p2a: Clodsire\n|-unboost|p2a: Clodsire|spe|1\n|-boost|p2a: Clodsire|atk|1\n|-boost|p2a: Clodsire|def|1\n|\n|-weather|SunnyDay|[upkeep]\n|upkeep\n|turn|3\n|\n|t:|1700798715\n|switch|p1a: Hat Witch|Hatterene, F|100\/100\n|move|p2a: Clodsire|Heavy Slam|p1a: Hat Witch\n|-supereffective|p1a: Hat Witch\n|-damage|p1a: Hat Witch|30\/100\n|\n|-weather|SunnyDay|[upkeep]\n|-heal|p1a: Hat Witch|36\/100|[from] item: Leftovers\n|-end|p2a: Clodsire|move: Yawn|[silent]\n|-status|p2a: Clodsire|slp\n|upkeep\n|turn|4\n|\n|t:|1700798727\n|-terastallize|p1a: Hat Witch|Fire\n|move|p1a: Hat Witch|Draining Kiss|p2a: Clodsire\n|-resisted|p2a: Clodsire\n|-damage|p2a: Clodsire|91\/100 slp\n|-heal|p1a: Hat Witch|47\/100|[from] drain|[of] p2a: Clodsire\n|cant|p2a: Clodsire|slp\n|\n|-weather|SunnyDay|[upkeep]\n|-heal|p1a: Hat Witch|53\/100|[from] item: Leftovers\n|-heal|p2a: Clodsire|97\/100 slp|[from] item: Leftovers\n|upkeep\n|turn|5\n|c|\u2606Silkogami|come kiss me on my hot mouth, im feeling romantical\n|\n|t:|1700798748\n|move|p1a: Hat Witch|Psyshock|p2a: Clodsire\n|-supereffective|p2a: Clodsire\n|-damage|p2a: Clodsire|27\/100 slp\n|cant|p2a: Clodsire|slp\n|\n|-weather|SunnyDay|[upkeep]\n|-heal|p1a: Hat Witch|59\/100|[from] item: Leftovers\n|-heal|p2a: Clodsire|33\/100 slp|[from] item: Leftovers\n|upkeep\n|turn|6\n|c|\u2606Maelzuri|this has got to be the bulkiest mf ever invented\n|\n|t:|1700798756\n|move|p1a: Hat Witch|Psyshock|p2a: Clodsire\n|-supereffective|p2a: Clodsire\n|-damage|p2a: Clodsire|0 fnt\n|faint|p2a: Clodsire\n|\n|-weather|SunnyDay|[upkeep]\n|-heal|p1a: Hat Witch|65\/100|[from] item: Leftovers\n|upkeep\n|\n|t:|1700798765\n|switch|p2a: Garchomp|Garchomp, M|100\/100\n|-damage|p2a: Garchomp|94\/100|[from] Stealth Rock\n|turn|7\n|\n|t:|1700798775\n|move|p2a: Garchomp|Earthquake|p1a: Hat Witch\n|-supereffective|p1a: Hat Witch\n|-damage|p1a: Hat Witch|0 fnt\n|faint|p1a: Hat Witch\n|\n|-weather|SunnyDay|[upkeep]\n|-heal|p2a: Garchomp|100\/100|[from] item: Leftovers\n|upkeep\n|c|\u2606Maelzuri|OUH SH-\n|c|\u2606Silkogami|LOL\n|\n|t:|1700798796\n|switch|p1a: Sun Dragon|Charizard, M|100\/100\n|turn|8\n|\n|t:|1700798800\n|move|p2a: Garchomp|Dragon Pulse|p1a: Sun Dragon\n|-damage|p1a: Sun Dragon|69\/100\n|move|p1a: Sun Dragon|Solar Beam||[still]\n|-prepare|p1a: Sun Dragon|Solar Beam\n|-anim|p1a: Sun Dragon|Solar Beam|p2a: Garchomp\n|-damage|p2a: Garchomp|52\/100\n|\n|-weather|none\n|-heal|p2a: Garchomp|58\/100|[from] item: Leftovers\n|upkeep\n|turn|9\n|\n|t:|1700798810\n|switch|p1a: Firefox|Ninetales, F|100\/100\n|-weather|SunnyDay|[from] ability: Drought|[of] p1a: Firefox\n|move|p2a: Garchomp|Double-Edge|p1a: Firefox\n|-damage|p1a: Firefox|44\/100\n|-damage|p2a: Garchomp|40\/100|[from] Recoil\n|\n|-weather|SunnyDay|[upkeep]\n|-heal|p2a: Garchomp|46\/100|[from] item: Leftovers\n|upkeep\n|turn|10\n|\n|t:|1700798821\n|move|p2a: Garchomp|Earthquake|p1a: Firefox\n|-supereffective|p1a: Firefox\n|-damage|p1a: Firefox|0 fnt\n|faint|p1a: Firefox\n|\n|-weather|SunnyDay|[upkeep]\n|-heal|p2a: Garchomp|52\/100|[from] item: Leftovers\n|upkeep\n|c|\u2606Maelzuri|bro how fast is this mf\n|\n|t:|1700798829\n|switch|p1a: Ripoff Volcarona|Iron Moth|100\/100\n|-enditem|p1a: Ripoff Volcarona|Booster Energy\n|-activate|p1a: Ripoff Volcarona|ability: Quark Drive|[fromitem]\n|-start|p1a: Ripoff Volcarona|quarkdrivespe\n|turn|11\n|c|\u2606Silkogami|a train\n|\n|t:|1700798835\n|-end|p1a: Ripoff Volcarona|Quark Drive|[silent]\n|switch|p1a: Sun Dragon|Charizard, M|69\/100\n|move|p2a: Garchomp|Earthquake|p1a: Sun Dragon\n|-immune|p1a: Sun Dragon\n|\n|-weather|SunnyDay|[upkeep]\n|-heal|p2a: Garchomp|58\/100|[from] item: Leftovers\n|upkeep\n|turn|12\n|\n|t:|1700798844\n|move|p2a: Garchomp|Body Slam|p1a: Sun Dragon\n|-damage|p1a: Sun Dragon|26\/100\n|-status|p1a: Sun Dragon|par\n|cant|p1a: Sun Dragon|par\n|\n|-weather|SunnyDay|[upkeep]\n|-heal|p2a: Garchomp|64\/100|[from] item: Leftovers\n|upkeep\n|turn|13\n|c|\u2606Maelzuri|GRRRRRRRRRRRRR\n|c|\u2606Silkogami|Yurrrr\n|\n|t:|1700798860\n|switch|p1a: Above You|Chandelure, F|100\/100\n|move|p2a: Garchomp|Dragon Pulse|p1a: Above You\n|-damage|p1a: Above You|67\/100\n|\n|-weather|SunnyDay|[upkeep]\n|-heal|p2a: Garchomp|71\/100|[from] item: Leftovers\n|upkeep\n|turn|14\n|\n|t:|1700798868\n|move|p2a: Garchomp|Earthquake|p1a: Above You\n|-supereffective|p1a: Above You\n|-damage|p1a: Above You|0 fnt\n|faint|p1a: Above You\n|\n|-weather|SunnyDay|[upkeep]\n|-heal|p2a: Garchomp|77\/100|[from] item: Leftovers\n|upkeep\n|c|\u2606Maelzuri|WHAT THE\n|c|\u2606Maelzuri|!data garchomp\n|raw|<div class=\"message\"><ul class=\"utilichart\"><li class=\"result\"><span class=\"col numcol\">UUBL<\/span> <span class=\"col iconcol\"><psicon pokemon=\"garchomp\"\/><\/span> <span class=\"col pokemonnamecol\" style=\"white-space:nowrap\"><a href=\"https:\/\/dex.pokemonshowdown.com\/pokemon\/garchomp\" target=\"_blank\">Garchomp<\/a><\/span> <span class=\"col typecol\"><img src=\"https:\/\/play.pokemonshowdown.com\/sprites\/types\/Dragon.png\" alt=\"Dragon\" height=\"14\" width=\"32\"><img src=\"https:\/\/play.pokemonshowdown.com\/sprites\/types\/Ground.png\" alt=\"Ground\" height=\"14\" width=\"32\"><\/span> <span style=\"float:left;min-height:26px\"><span class=\"col abilitycol\">Sand Veil<\/span><span class=\"col abilitycol\"><em>Rough Skin<\/em><\/span><\/span><span style=\"float:left;min-height:26px\"><span class=\"col statcol\"><em>HP<\/em><br \/>108<\/span> <span class=\"col statcol\"><em>Atk<\/em><br \/>130<\/span> <span class=\"col statcol\"><em>Def<\/em><br \/>95<\/span> <span class=\"col statcol\"><em>SpA<\/em><br \/>80<\/span> <span class=\"col statcol\"><em>SpD<\/em><br \/>85<\/span> <span class=\"col statcol\"><em>Spe<\/em><br \/>102<\/span> <span class=\"col bstcol\"><em>BST<br \/>600<\/em><\/span> <\/span><\/li><li style=\"clear:both\"><\/li><\/ul><\/div>\n\n|c|\u2606Silkogami|IM WHEEZING\n|c|\u2606Maelzuri|!data chandelure\n|raw|<div class=\"message\"><ul class=\"utilichart\"><li class=\"result\"><span class=\"col numcol\">RU<\/span> <span class=\"col iconcol\"><psicon pokemon=\"chandelure\"\/><\/span> <span class=\"col pokemonnamecol\" style=\"white-space:nowrap\"><a href=\"https:\/\/dex.pokemonshowdown.com\/pokemon\/chandelure\" target=\"_blank\">Chandelure<\/a><\/span> <span class=\"col typecol\"><img src=\"https:\/\/play.pokemonshowdown.com\/sprites\/types\/Ghost.png\" alt=\"Ghost\" height=\"14\" width=\"32\"><img src=\"https:\/\/play.pokemonshowdown.com\/sprites\/types\/Fire.png\" alt=\"Fire\" height=\"14\" width=\"32\"><\/span> <span style=\"float:left;min-height:26px\"><span class=\"col twoabilitycol\">Flash Fire<br \/>Flame Body<\/span><span class=\"col abilitycol\"><em>Infiltrator<\/em><\/span><\/span><span style=\"float:left;min-height:26px\"><span class=\"col statcol\"><em>HP<\/em><br \/>60<\/span> <span class=\"col statcol\"><em>Atk<\/em><br \/>55<\/span> <span class=\"col statcol\"><em>Def<\/em><br \/>90<\/span> <span class=\"col statcol\"><em>SpA<\/em><br \/>145<\/span> <span class=\"col statcol\"><em>SpD<\/em><br \/>90<\/span> <span class=\"col statcol\"><em>Spe<\/em><br \/>80<\/span> <span class=\"col bstcol\"><em>BST<br \/>520<\/em><\/span> <\/span><\/li><li style=\"clear:both\"><\/li><\/ul><\/div>\n\n|c|\u2606Maelzuri|naw this man is wild\n|\n|t:|1700798886\n|switch|p1a: Ripoff Volcarona|Iron Moth|100\/100\n|turn|15\n|c|\u2606Silkogami|LOLOLOL\n|c|\u2606Maelzuri|bro plss\n|\n|t:|1700798894\n|move|p1a: Ripoff Volcarona|Energy Ball|p2a: Garchomp\n|-damage|p2a: Garchomp|43\/100\n|-unboost|p2a: Garchomp|spd|1\n|move|p2a: Garchomp|Earthquake|p1a: Ripoff Volcarona\n|-supereffective|p1a: Ripoff Volcarona\n|-damage|p1a: Ripoff Volcarona|0 fnt\n|faint|p1a: Ripoff Volcarona\n|-end|p1a: Ripoff Volcarona|Quark Drive|[silent]\n|\n|-weather|SunnyDay|[upkeep]\n|-heal|p2a: Garchomp|49\/100|[from] item: Leftovers\n|upkeep\n|c|\u2606Maelzuri|ok\n|c|\u2606Maelzuri|u get the fire gym badge\n|\n|t:|1700798904\n|switch|p1a: Sun Dragon|Charizard, M|26\/100 par\n|turn|16\n|c|\u2606Silkogami|im wheezing\n|c|\u2606Silkogami|SO HARD\n|\n|t:|1700798909\n|move|p2a: Garchomp|Body Slam|p1a: Sun Dragon\n|-damage|p1a: Sun Dragon|0 fnt\n|faint|p1a: Sun Dragon\n|\n|-weather|none\n|-heal|p2a: Garchomp|55\/100|[from] item: Leftovers\n|upkeep\n|c|\u2606Maelzuri|i mean im supposed to be an npc\n|\n|t:|1700798915\n|switch|p1a: Turtle|Torkoal, F|87\/100\n|-weather|SunnyDay|[from] ability: Drought|[of] p1a: Turtle\n|turn|17\n|c|\u2606Maelzuri|hey try the steel gym next\n|\n|t:|1700798921\n|move|p2a: Garchomp|Earthquake|p1a: Turtle\n|-supereffective|p1a: Turtle\n|-damage|p1a: Turtle|25\/100\n|move|p1a: Turtle|Yawn|p2a: Garchomp\n|-start|p2a: Garchomp|move: Yawn|[of] p1a: Turtle\n|\n|-weather|SunnyDay|[upkeep]\n|-heal|p2a: Garchomp|61\/100|[from] item: Leftovers\n|upkeep\n|turn|18\n|c|\u2606Silkogami|that sounds good\n|\n|t:|1700798930\n|move|p2a: Garchomp|Earthquake|p1a: Turtle\n|-supereffective|p1a: Turtle\n|-damage|p1a: Turtle|0 fnt\n|faint|p1a: Turtle\n|\n|win|Silkogami\n|c|\u2606Maelzuri|ok gg\n|c|\u2606Silkogami|ggs\n|l|\u2606Maelzuri\n","uploadtime":1700799344,"views":7,"p1id":"maelzuri","p2id":"silkogami","formatid":"gen9ou","rating":0,"private":0,"password":""}