{"id":"gen9ou-1992594732","p1":"thraxxedout","p2":"Redribbonrenegade","format":"[Gen 9] OU","log":"|j|\u2606thraxxedout\n|j|\u2606Redribbonrenegade\n|t:|1700211770\n|gametype|singles\n|player|p1|thraxxedout|cynthia|1347\n|player|p2|Redribbonrenegade|marshal|1396\n|teamsize|p1|6\n|teamsize|p2|6\n|gen|9\n|tier|[Gen 9] OU\n|rated|\n|rule|Sleep Clause Mod: Limit one foe put to sleep\n|rule|Species Clause: Limit one of each Pok\u00e9mon\n|rule|OHKO Clause: OHKO moves are banned\n|rule|Evasion Items Clause: Evasion items are banned\n|rule|Evasion Moves Clause: Evasion moves are banned\n|rule|Endless Battle Clause: Forcing endless battles is banned\n|rule|HP Percentage Mod: HP is shown in percentages\n|clearpoke\n|poke|p1|Kommo-o, F|\n|poke|p1|Zamazenta-*|\n|poke|p1|Gholdengo|\n|poke|p1|Hatterene, F|\n|poke|p1|Ting-Lu|\n|poke|p1|Moltres|\n|poke|p2|Ursaluna, M|\n|poke|p2|Volcanion|\n|poke|p2|Garganacl, F|\n|poke|p2|Sinistcha-Masterpiece|\n|poke|p2|Cresselia, F|\n|poke|p2|Weezing-Galar, M|\n|teampreview\n|\n|t:|1700211812\n|start\n|switch|p1a: Iris \ud83d\udd31|Gholdengo, shiny|100\/100\n|switch|p2a: Forge \ud83d\ude82|Volcanion|100\/100\n|turn|1\n|\n|t:|1700211879\n|switch|p2a: Kim Joe Un \u26f0\ufe0f|Ursaluna, M, shiny|100\/100\n|-terastallize|p1a: Iris \ud83d\udd31|Flying\n|move|p1a: Iris \ud83d\udd31|Trick|p2a: Kim Joe Un \u26f0\ufe0f\n|-activate|p1a: Iris \ud83d\udd31|move: Trick|[of] p2a: Kim Joe Un \u26f0\ufe0f\n|-item|p2a: Kim Joe Un \u26f0\ufe0f|Choice Scarf|[from] move: Trick\n|-item|p1a: Iris \ud83d\udd31|Assault Vest|[from] move: Trick\n|\n|upkeep\n|turn|2\n|\n|t:|1700211942\n|move|p1a: Iris \ud83d\udd31|Make It Rain|p2a: Kim Joe Un \u26f0\ufe0f\n|-damage|p2a: Kim Joe Un \u26f0\ufe0f|55\/100\n|-unboost|p1a: Iris \ud83d\udd31|spa|1\n|move|p2a: Kim Joe Un \u26f0\ufe0f|Avalanche|p1a: Iris \ud83d\udd31\n|-supereffective|p1a: Iris \ud83d\udd31\n|-damage|p1a: Iris \ud83d\udd31|0 fnt\n|faint|p1a: Iris \ud83d\udd31\n|\n|upkeep\n|\n|t:|1700211969\n|switch|p1a: Teresa \u271d\ufe0f|Hatterene, F|100\/100\n|turn|3\n|\n|t:|1700211977\n|switch|p1a: Shakira \ud83d\udc3a|Zamazenta, shiny|100\/100\n|-ability|p1a: Shakira \ud83d\udc3a|Dauntless Shield|boost\n|-boost|p1a: Shakira \ud83d\udc3a|def|1\n|move|p2a: Kim Joe Un \u26f0\ufe0f|Avalanche|p1a: Shakira \ud83d\udc3a\n|-damage|p1a: Shakira \ud83d\udc3a|86\/100\n|\n|-heal|p1a: Shakira \ud83d\udc3a|92\/100|[from] item: Leftovers\n|upkeep\n|turn|4\n|\n|t:|1700211988\n|switch|p2a: Gibson \ud83d\udd74\ufe0f|Weezing-Galar, M|100\/100\n|move|p1a: Shakira \ud83d\udc3a|Body Press|p2a: Gibson \ud83d\udd74\ufe0f\n|-resisted|p2a: Gibson \ud83d\udd74\ufe0f\n|-damage|p2a: Gibson \ud83d\udd74\ufe0f|92\/100\n|\n|-heal|p1a: Shakira \ud83d\udc3a|99\/100|[from] item: Leftovers\n|-heal|p2a: Gibson \ud83d\udd74\ufe0f|98\/100|[from] item: Leftovers\n|upkeep\n|turn|5\n|\n|t:|1700212010\n|move|p1a: Shakira \ud83d\udc3a|Iron Head|p2a: Gibson \ud83d\udd74\ufe0f\n|-supereffective|p2a: Gibson \ud83d\udd74\ufe0f\n|-damage|p2a: Gibson \ud83d\udd74\ufe0f|57\/100\n|move|p2a: Gibson \ud83d\udd74\ufe0f|Clear Smog|p1a: Shakira \ud83d\udc3a\n|-damage|p1a: Shakira \ud83d\udc3a|84\/100\n|-clearboost|p1a: Shakira \ud83d\udc3a\n|\n|-heal|p1a: Shakira \ud83d\udc3a|90\/100|[from] item: Leftovers\n|-heal|p2a: Gibson \ud83d\udd74\ufe0f|63\/100|[from] item: Leftovers\n|upkeep\n|turn|6\n|\n|t:|1700212030\n|switch|p2a: Rennala \ud83c\udf19|Cresselia, F|100\/100\n|move|p1a: Shakira \ud83d\udc3a|Iron Defense|p1a: Shakira \ud83d\udc3a\n|-boost|p1a: Shakira \ud83d\udc3a|def|2\n|\n|-heal|p1a: Shakira \ud83d\udc3a|96\/100|[from] item: Leftovers\n|upkeep\n|turn|7\n|\n|t:|1700212053\n|switch|p1a: Teresa \u271d\ufe0f|Hatterene, F|100\/100\n|move|p2a: Rennala \ud83c\udf19|Trick Room|p2a: Rennala \ud83c\udf19\n|-fieldstart|move: Trick Room|[of] p2a: Rennala \ud83c\udf19\n|\n|upkeep\n|turn|8\n|\n|t:|1700212074\n|switch|p2a: Wojbomb \ud83d\udce0|Garganacl, F|100\/100\n|move|p1a: Teresa \u271d\ufe0f|Draining Kiss|p2a: Wojbomb \ud83d\udce0\n|-damage|p2a: Wojbomb \ud83d\udce0|81\/100\n|\n|upkeep\n|turn|9\n|\n|t:|1700212087\n|switch|p1a: Mai Tai \ud83e\udd61|Ting-Lu|100\/100\n|-ability|p1a: Mai Tai \ud83e\udd61|Vessel of Ruin\n|move|p2a: Wojbomb \ud83d\udce0|Salt Cure|p1a: Mai Tai \ud83e\udd61\n|-resisted|p1a: Mai Tai \ud83e\udd61\n|-damage|p1a: Mai Tai \ud83e\udd61|97\/100\n|-start|p1a: Mai Tai \ud83e\udd61|Salt Cure\n|\n|-heal|p1a: Mai Tai \ud83e\udd61|100\/100|[from] item: Leftovers\n|-damage|p1a: Mai Tai \ud83e\udd61|88\/100|[from] Salt Cure\n|upkeep\n|turn|10\n|\n|t:|1700212125\n|move|p2a: Wojbomb \ud83d\udce0|Stealth Rock|p1a: Mai Tai \ud83e\udd61\n|-sidestart|p1: thraxxedout|move: Stealth Rock\n|move|p1a: Mai Tai \ud83e\udd61|Ruination|p2a: Wojbomb \ud83d\udce0\n|-damage|p2a: Wojbomb \ud83d\udce0|41\/100\n|\n|-heal|p1a: Mai Tai \ud83e\udd61|94\/100|[from] item: Leftovers\n|-damage|p1a: Mai Tai \ud83e\udd61|82\/100|[from] Salt Cure\n|upkeep\n|turn|11\n|\n|t:|1700212135\n|switch|p2a: Chi-Chi \ud83c\udf75|Sinistcha-Masterpiece, shiny|100\/100\n|move|p1a: Mai Tai \ud83e\udd61|Stealth Rock|p2a: Chi-Chi \ud83c\udf75\n|-sidestart|p2: Redribbonrenegade|move: Stealth Rock\n|\n|-heal|p1a: Mai Tai \ud83e\udd61|88\/100|[from] item: Leftovers\n|-damage|p1a: Mai Tai \ud83e\udd61|76\/100|[from] Salt Cure\n|-fieldend|move: Trick Room\n|upkeep\n|turn|12\n|\n|t:|1700212153\n|switch|p1a: Grey \u2764\ufe0f\u200d\ud83d\udd25|Moltres, shiny|100\/100\n|move|p2a: Chi-Chi \ud83c\udf75|Matcha Gotcha|p1a: Grey \u2764\ufe0f\u200d\ud83d\udd25|[miss]\n|-miss|p2a: Chi-Chi \ud83c\udf75|p1a: Grey \u2764\ufe0f\u200d\ud83d\udd25\n|\n|upkeep\n|turn|13\n|\n|t:|1700212176\n|switch|p1a: Teresa \u271d\ufe0f|Hatterene, F|100\/100\n|-damage|p1a: Teresa \u271d\ufe0f|88\/100|[from] Stealth Rock\n|switch|p2a: Forge \ud83d\ude82|Volcanion|100\/100\n|-damage|p2a: Forge \ud83d\ude82|75\/100|[from] Stealth Rock\n|\n|upkeep\n|turn|14\n|\n|t:|1700212218\n|switch|p1a: Connie \u2696\ufe0f|Kommo-o, F, shiny|100\/100\n|-damage|p1a: Connie \u2696\ufe0f|94\/100|[from] Stealth Rock\n|move|p2a: Forge \ud83d\ude82|Sludge Bomb|p1a: Connie \u2696\ufe0f\n|-immune|p1a: Connie \u2696\ufe0f|[from] ability: Bulletproof\n|\n|upkeep\n|turn|15\n|\n|t:|1700212254\n|move|p1a: Connie \u2696\ufe0f|Clanging Scales|p2a: Forge \ud83d\ude82\n|-damage|p2a: Forge \ud83d\ude82|47\/100\n|-unboost|p1a: Connie \u2696\ufe0f|def|1\n|-enditem|p1a: Connie \u2696\ufe0f|Throat Spray\n|-boost|p1a: Connie \u2696\ufe0f|spa|1|[from] item: Throat Spray\n|move|p2a: Forge \ud83d\ude82|Earth Power|p1a: Connie \u2696\ufe0f\n|-damage|p1a: Connie \u2696\ufe0f|59\/100\n|\n|upkeep\n|turn|16\n|\n|t:|1700212268\n|move|p1a: Connie \u2696\ufe0f|Clanging Scales|p2a: Forge \ud83d\ude82\n|-damage|p2a: Forge \ud83d\ude82|4\/100\n|-unboost|p1a: Connie \u2696\ufe0f|def|1\n|move|p2a: Forge \ud83d\ude82|Earth Power|p1a: Connie \u2696\ufe0f\n|-damage|p1a: Connie \u2696\ufe0f|27\/100\n|\n|upkeep\n|turn|17\n|\n|t:|1700212282\n|move|p1a: Connie \u2696\ufe0f|Boomburst|p2a: Forge \ud83d\ude82\n|-damage|p2a: Forge \ud83d\ude82|0 fnt\n|faint|p2a: Forge \ud83d\ude82\n|\n|upkeep\n|\n|t:|1700212296\n|switch|p2a: Rennala \ud83c\udf19|Cresselia, F|100\/100\n|-damage|p2a: Rennala \ud83c\udf19|88\/100|[from] Stealth Rock\n|turn|18\n|\n|t:|1700212315\n|switch|p1a: Teresa \u271d\ufe0f|Hatterene, F|88\/100\n|-damage|p1a: Teresa \u271d\ufe0f|76\/100|[from] Stealth Rock\n|move|p2a: Rennala \ud83c\udf19|Trick Room|p2a: Rennala \ud83c\udf19\n|-fieldstart|move: Trick Room|[of] p2a: Rennala \ud83c\udf19\n|\n|upkeep\n|turn|19\n|\n|t:|1700212329\n|move|p1a: Teresa \u271d\ufe0f|Mystical Fire|p2a: Rennala \ud83c\udf19\n|-damage|p2a: Rennala \ud83c\udf19|70\/100\n|-unboost|p2a: Rennala \ud83c\udf19|spa|1\n|-enditem|p2a: Rennala \ud83c\udf19|Red Card|[of] p1a: Teresa \u271d\ufe0f\n|drag|p1a: Shakira \ud83d\udc3a|Zamazenta, shiny|96\/100\n|-damage|p1a: Shakira \ud83d\udc3a|90\/100|[from] Stealth Rock\n|move|p2a: Rennala \ud83c\udf19|Lunar Dance|p2a: Rennala \ud83c\udf19\n|faint|p2a: Rennala \ud83c\udf19\n|\n|-heal|p1a: Shakira \ud83d\udc3a|96\/100|[from] item: Leftovers\n|upkeep\n|\n|t:|1700212342\n|switch|p2a: Chi-Chi \ud83c\udf75|Sinistcha-Masterpiece, shiny|100\/100\n|-heal|p2a: Chi-Chi \ud83c\udf75|100\/100|[from] move: Lunar Dance\n|turn|20\n|\n|t:|1700212373\n|switch|p1a: Grey \u2764\ufe0f\u200d\ud83d\udd25|Moltres, shiny|100\/100\n|move|p2a: Chi-Chi \ud83c\udf75|Calm Mind|p2a: Chi-Chi \ud83c\udf75\n|-boost|p2a: Chi-Chi \ud83c\udf75|spa|1\n|-boost|p2a: Chi-Chi \ud83c\udf75|spd|1\n|\n|upkeep\n|turn|21\n|\n|t:|1700212390\n|switch|p1a: Mai Tai \ud83e\udd61|Ting-Lu|76\/100\n|-damage|p1a: Mai Tai \ud83e\udd61|69\/100|[from] Stealth Rock\n|-ability|p1a: Mai Tai \ud83e\udd61|Vessel of Ruin\n|-terastallize|p2a: Chi-Chi \ud83c\udf75|Poison\n|move|p2a: Chi-Chi \ud83c\udf75|Calm Mind|p2a: Chi-Chi \ud83c\udf75\n|-boost|p2a: Chi-Chi \ud83c\udf75|spa|1\n|-boost|p2a: Chi-Chi \ud83c\udf75|spd|1\n|\n|-heal|p1a: Mai Tai \ud83e\udd61|76\/100|[from] item: Leftovers\n|upkeep\n|turn|22\n|\n|t:|1700212394\n|move|p2a: Chi-Chi \ud83c\udf75|Matcha Gotcha|p1a: Mai Tai \ud83e\udd61\n|-supereffective|p1a: Mai Tai \ud83e\udd61\n|-damage|p1a: Mai Tai \ud83e\udd61|9\/100\n|move|p1a: Mai Tai \ud83e\udd61|Whirlwind|p2a: Chi-Chi \ud83c\udf75\n|drag|p2a: Kim Joe Un \u26f0\ufe0f|Ursaluna, M, shiny|55\/100\n|-damage|p2a: Kim Joe Un \u26f0\ufe0f|48\/100|[from] Stealth Rock\n|\n|-heal|p1a: Mai Tai \ud83e\udd61|15\/100|[from] item: Leftovers\n|-fieldend|move: Trick Room\n|upkeep\n|turn|23\n|\n|t:|1700212420\n|move|p1a: Mai Tai \ud83e\udd61|Ruination|p2a: Kim Joe Un \u26f0\ufe0f\n|-damage|p2a: Kim Joe Un \u26f0\ufe0f|24\/100\n|move|p2a: Kim Joe Un \u26f0\ufe0f|Avalanche|p1a: Mai Tai \ud83e\udd61\n|-supereffective|p1a: Mai Tai \ud83e\udd61\n|-damage|p1a: Mai Tai \ud83e\udd61|0 fnt\n|faint|p1a: Mai Tai \ud83e\udd61\n|\n|upkeep\n|inactive|Battle timer is ON: inactive players will automatically lose when time's up. (requested by Redribbonrenegade)\n|inactiveoff|Battle timer is now OFF.\n|\n|t:|1700212475\n|switch|p1a: Shakira \ud83d\udc3a|Zamazenta, shiny|96\/100\n|-damage|p1a: Shakira \ud83d\udc3a|90\/100|[from] Stealth Rock\n|turn|24\n|\n|t:|1700212507\n|switch|p2a: Chi-Chi \ud83c\udf75|Sinistcha-Masterpiece, shiny, tera:Poison|100\/100\n|move|p1a: Shakira \ud83d\udc3a|Iron Defense|p1a: Shakira \ud83d\udc3a\n|-boost|p1a: Shakira \ud83d\udc3a|def|2\n|\n|-heal|p1a: Shakira \ud83d\udc3a|96\/100|[from] item: Leftovers\n|upkeep\n|turn|25\n|\n|t:|1700212528\n|switch|p1a: Teresa \u271d\ufe0f|Hatterene, F|76\/100\n|-damage|p1a: Teresa \u271d\ufe0f|63\/100|[from] Stealth Rock\n|move|p2a: Chi-Chi \ud83c\udf75|Calm Mind|p2a: Chi-Chi \ud83c\udf75\n|-boost|p2a: Chi-Chi \ud83c\udf75|spa|1\n|-boost|p2a: Chi-Chi \ud83c\udf75|spd|1\n|\n|upkeep\n|turn|26\n|\n|t:|1700212539\n|switch|p2a: Kim Joe Un \u26f0\ufe0f|Ursaluna, M, shiny|24\/100\n|-damage|p2a: Kim Joe Un \u26f0\ufe0f|18\/100|[from] Stealth Rock\n|move|p1a: Teresa \u271d\ufe0f|Nuzzle|p2a: Kim Joe Un \u26f0\ufe0f\n|-immune|p2a: Kim Joe Un \u26f0\ufe0f\n|\n|upkeep\n|turn|27\n|\n|t:|1700212555\n|switch|p1a: Grey \u2764\ufe0f\u200d\ud83d\udd25|Moltres, shiny|100\/100\n|move|p2a: Kim Joe Un \u26f0\ufe0f|Avalanche|p1a: Grey \u2764\ufe0f\u200d\ud83d\udd25\n|-damage|p1a: Grey \u2764\ufe0f\u200d\ud83d\udd25|81\/100\n|\n|upkeep\n|turn|28\n|\n|t:|1700212565\n|move|p1a: Grey \u2764\ufe0f\u200d\ud83d\udd25|Flamethrower|p2a: Kim Joe Un \u26f0\ufe0f\n|-damage|p2a: Kim Joe Un \u26f0\ufe0f|0 fnt\n|faint|p2a: Kim Joe Un \u26f0\ufe0f\n|\n|upkeep\n|\n|t:|1700212570\n|switch|p2a: Wojbomb \ud83d\udce0|Garganacl, F|41\/100\n|-damage|p2a: Wojbomb \ud83d\udce0|28\/100|[from] Stealth Rock\n|turn|29\n|\n|t:|1700212597\n|switch|p1a: Teresa \u271d\ufe0f|Hatterene, F|63\/100\n|-damage|p1a: Teresa \u271d\ufe0f|51\/100|[from] Stealth Rock\n|move|p2a: Wojbomb \ud83d\udce0|Recover|p2a: Wojbomb \ud83d\udce0\n|-heal|p2a: Wojbomb \ud83d\udce0|78\/100\n|\n|upkeep\n|turn|30\n|\n|t:|1700212630\n|switch|p2a: Gibson \ud83d\udd74\ufe0f|Weezing-Galar, M|63\/100\n|-damage|p2a: Gibson \ud83d\udd74\ufe0f|51\/100|[from] Stealth Rock\n|move|p1a: Teresa \u271d\ufe0f|Draining Kiss|p2a: Gibson \ud83d\udd74\ufe0f\n|-resisted|p2a: Gibson \ud83d\udd74\ufe0f\n|-damage|p2a: Gibson \ud83d\udd74\ufe0f|35\/100\n|-heal|p1a: Teresa \u271d\ufe0f|64\/100|[from] drain|[of] p2a: Gibson \ud83d\udd74\ufe0f\n|\n|-heal|p2a: Gibson \ud83d\udd74\ufe0f|41\/100|[from] item: Leftovers\n|upkeep\n|turn|31\n|\n|t:|1700212668\n|switch|p1a: Grey \u2764\ufe0f\u200d\ud83d\udd25|Moltres, shiny|81\/100\n|move|p2a: Gibson \ud83d\udd74\ufe0f|Pain Split|p1a: Grey \u2764\ufe0f\u200d\ud83d\udd25\n|-sethp|p1a: Grey \u2764\ufe0f\u200d\ud83d\udd25|59\/100|[from] move: Pain Split|[silent]\n|-sethp|p2a: Gibson \ud83d\udd74\ufe0f|67\/100|[from] move: Pain Split\n|\n|-heal|p2a: Gibson \ud83d\udd74\ufe0f|73\/100|[from] item: Leftovers\n|upkeep\n|turn|32\n|\n|t:|1700212682\n|switch|p2a: Wojbomb \ud83d\udce0|Garganacl, F|78\/100\n|-damage|p2a: Wojbomb \ud83d\udce0|66\/100|[from] Stealth Rock\n|move|p1a: Grey \u2764\ufe0f\u200d\ud83d\udd25|Flamethrower|p2a: Wojbomb \ud83d\udce0\n|-resisted|p2a: Wojbomb \ud83d\udce0\n|-damage|p2a: Wojbomb \ud83d\udce0|53\/100\n|\n|upkeep\n|turn|33\n|\n|t:|1700212697\n|switch|p1a: Shakira \ud83d\udc3a|Zamazenta, shiny|96\/100\n|-damage|p1a: Shakira \ud83d\udc3a|90\/100|[from] Stealth Rock\n|move|p2a: Wojbomb \ud83d\udce0|Recover|p2a: Wojbomb \ud83d\udce0\n|-heal|p2a: Wojbomb \ud83d\udce0|100\/100\n|\n|-heal|p1a: Shakira \ud83d\udc3a|96\/100|[from] item: Leftovers\n|upkeep\n|turn|34\n|\n|t:|1700212712\n|switch|p2a: Chi-Chi \ud83c\udf75|Sinistcha-Masterpiece, shiny, tera:Poison|100\/100\n|move|p1a: Shakira \ud83d\udc3a|Body Press|p2a: Chi-Chi \ud83c\udf75\n|-resisted|p2a: Chi-Chi \ud83c\udf75\n|-damage|p2a: Chi-Chi \ud83c\udf75|89\/100\n|\n|-heal|p1a: Shakira \ud83d\udc3a|100\/100|[from] item: Leftovers\n|upkeep\n|turn|35\n|\n|t:|1700212770\n|switch|p1a: Teresa \u271d\ufe0f|Hatterene, F|64\/100\n|-damage|p1a: Teresa \u271d\ufe0f|52\/100|[from] Stealth Rock\n|move|p2a: Chi-Chi \ud83c\udf75|Calm Mind|p2a: Chi-Chi \ud83c\udf75\n|-boost|p2a: Chi-Chi \ud83c\udf75|spa|1\n|-boost|p2a: Chi-Chi \ud83c\udf75|spd|1\n|\n|upkeep\n|turn|36\n|\n|t:|1700212783\n|move|p2a: Chi-Chi \ud83c\udf75|Matcha Gotcha|p1a: Teresa \u271d\ufe0f\n|-damage|p1a: Teresa \u271d\ufe0f|6\/100\n|-heal|p2a: Chi-Chi \ud83c\udf75|100\/100|[from] drain|[of] p1a: Teresa \u271d\ufe0f\n|-enditem|p1a: Teresa \u271d\ufe0f|Red Card|[of] p2a: Chi-Chi \ud83c\udf75\n|drag|p2a: Wojbomb \ud83d\udce0|Garganacl, F|100\/100\n|-damage|p2a: Wojbomb \ud83d\udce0|88\/100|[from] Stealth Rock\n|move|p1a: Teresa \u271d\ufe0f|Draining Kiss|p2a: Wojbomb \ud83d\udce0\n|-damage|p2a: Wojbomb \ud83d\udce0|70\/100\n|-heal|p1a: Teresa \u271d\ufe0f|25\/100|[from] drain|[of] p2a: Wojbomb \ud83d\udce0\n|\n|upkeep\n|turn|37\n|\n|t:|1700212796\n|move|p2a: Wojbomb \ud83d\udce0|Salt Cure|p1a: Teresa \u271d\ufe0f\n|-damage|p1a: Teresa \u271d\ufe0f|11\/100\n|-start|p1a: Teresa \u271d\ufe0f|Salt Cure\n|move|p1a: Teresa \u271d\ufe0f|Healing Wish|p1a: Teresa \u271d\ufe0f\n|faint|p1a: Teresa \u271d\ufe0f\n|\n|upkeep\n|\n|t:|1700212800\n|switch|p1a: Connie \u2696\ufe0f|Kommo-o, F, shiny|27\/100\n|-heal|p1a: Connie \u2696\ufe0f|100\/100|[from] move: Healing Wish\n|-damage|p1a: Connie \u2696\ufe0f|94\/100|[from] Stealth Rock\n|turn|38\n|\n|t:|1700212818\n|move|p1a: Connie \u2696\ufe0f|Clangorous Soul|p1a: Connie \u2696\ufe0f\n|-boost|p1a: Connie \u2696\ufe0f|atk|1\n|-boost|p1a: Connie \u2696\ufe0f|def|1\n|-boost|p1a: Connie \u2696\ufe0f|spa|1\n|-boost|p1a: Connie \u2696\ufe0f|spd|1\n|-boost|p1a: Connie \u2696\ufe0f|spe|1\n|-damage|p1a: Connie \u2696\ufe0f|61\/100\n|move|p2a: Wojbomb \ud83d\udce0|Salt Cure|p1a: Connie \u2696\ufe0f\n|-resisted|p1a: Connie \u2696\ufe0f\n|-damage|p1a: Connie \u2696\ufe0f|57\/100\n|-start|p1a: Connie \u2696\ufe0f|Salt Cure\n|\n|-damage|p1a: Connie \u2696\ufe0f|44\/100|[from] Salt Cure\n|upkeep\n|turn|39\n|\n|t:|1700212830\n|move|p1a: Connie \u2696\ufe0f|Clanging Scales|p2a: Wojbomb \ud83d\udce0\n|-damage|p2a: Wojbomb \ud83d\udce0|17\/100\n|-unboost|p1a: Connie \u2696\ufe0f|def|1\n|move|p2a: Wojbomb \ud83d\udce0|Recover|p2a: Wojbomb \ud83d\udce0\n|-heal|p2a: Wojbomb \ud83d\udce0|67\/100\n|\n|-damage|p1a: Connie \u2696\ufe0f|32\/100|[from] Salt Cure\n|upkeep\n|turn|40\n|\n|t:|1700212839\n|move|p1a: Connie \u2696\ufe0f|Clanging Scales|p2a: Wojbomb \ud83d\udce0\n|-damage|p2a: Wojbomb \ud83d\udce0|18\/100\n|-unboost|p1a: Connie \u2696\ufe0f|def|1\n|move|p2a: Wojbomb \ud83d\udce0|Recover|p2a: Wojbomb \ud83d\udce0\n|-heal|p2a: Wojbomb \ud83d\udce0|68\/100\n|\n|-damage|p1a: Connie \u2696\ufe0f|20\/100|[from] Salt Cure\n|upkeep\n|turn|41\n|\n|t:|1700212847\n|switch|p2a: Gibson \ud83d\udd74\ufe0f|Weezing-Galar, M|73\/100\n|-damage|p2a: Gibson \ud83d\udd74\ufe0f|61\/100|[from] Stealth Rock\n|move|p1a: Connie \u2696\ufe0f|Clanging Scales|p2a: Gibson \ud83d\udd74\ufe0f\n|-immune|p2a: Gibson \ud83d\udd74\ufe0f\n|\n|-heal|p2a: Gibson \ud83d\udd74\ufe0f|67\/100|[from] item: Leftovers\n|-damage|p1a: Connie \u2696\ufe0f|7\/100|[from] Salt Cure\n|upkeep\n|turn|42\n|\n|t:|1700212861\n|switch|p2a: Wojbomb \ud83d\udce0|Garganacl, F|68\/100\n|-damage|p2a: Wojbomb \ud83d\udce0|55\/100|[from] Stealth Rock\n|move|p1a: Connie \u2696\ufe0f|Boomburst|p2a: Wojbomb \ud83d\udce0\n|-resisted|p2a: Wojbomb \ud83d\udce0\n|-damage|p2a: Wojbomb \ud83d\udce0|33\/100\n|\n|-damage|p1a: Connie \u2696\ufe0f|0 fnt|[from] Salt Cure\n|faint|p1a: Connie \u2696\ufe0f\n|upkeep\n|\n|t:|1700212871\n|switch|p1a: Grey \u2764\ufe0f\u200d\ud83d\udd25|Moltres, shiny|59\/100\n|turn|43\n|\n|t:|1700212876\n|move|p1a: Grey \u2764\ufe0f\u200d\ud83d\udd25|Hurricane|p2a: Wojbomb \ud83d\udce0|[miss]\n|-miss|p1a: Grey \u2764\ufe0f\u200d\ud83d\udd25|p2a: Wojbomb \ud83d\udce0\n|move|p2a: Wojbomb \ud83d\udce0|Recover|p2a: Wojbomb \ud83d\udce0\n|-heal|p2a: Wojbomb \ud83d\udce0|83\/100\n|\n|upkeep\n|turn|44\n|\n|t:|1700212879\n|switch|p1a: Shakira \ud83d\udc3a|Zamazenta, shiny|100\/100\n|-damage|p1a: Shakira \ud83d\udc3a|94\/100|[from] Stealth Rock\n|move|p2a: Wojbomb \ud83d\udce0|Salt Cure|p1a: Shakira \ud83d\udc3a\n|-resisted|p1a: Shakira \ud83d\udc3a\n|-damage|p1a: Shakira \ud83d\udc3a|88\/100\n|-start|p1a: Shakira \ud83d\udc3a|Salt Cure\n|\n|-heal|p1a: Shakira \ud83d\udc3a|94\/100|[from] item: Leftovers\n|-damage|p1a: Shakira \ud83d\udc3a|82\/100|[from] Salt Cure\n|upkeep\n|turn|45\n|\n|t:|1700212888\n|switch|p2a: Chi-Chi \ud83c\udf75|Sinistcha-Masterpiece, shiny, tera:Poison|100\/100\n|move|p1a: Shakira \ud83d\udc3a|Iron Defense|p1a: Shakira \ud83d\udc3a\n|-boost|p1a: Shakira \ud83d\udc3a|def|2\n|\n|-heal|p1a: Shakira \ud83d\udc3a|88\/100|[from] item: Leftovers\n|-damage|p1a: Shakira \ud83d\udc3a|76\/100|[from] Salt Cure\n|upkeep\n|turn|46\n|\n|t:|1700212893\n|move|p1a: Shakira \ud83d\udc3a|Crunch|p2a: Chi-Chi \ud83c\udf75\n|-damage|p2a: Chi-Chi \ud83c\udf75|81\/100\n|move|p2a: Chi-Chi \ud83c\udf75|Calm Mind|p2a: Chi-Chi \ud83c\udf75\n|-boost|p2a: Chi-Chi \ud83c\udf75|spa|1\n|-boost|p2a: Chi-Chi \ud83c\udf75|spd|1\n|\n|-heal|p1a: Shakira \ud83d\udc3a|82\/100|[from] item: Leftovers\n|-damage|p1a: Shakira \ud83d\udc3a|69\/100|[from] Salt Cure\n|upkeep\n|turn|47\n|\n|t:|1700212897\n|move|p1a: Shakira \ud83d\udc3a|Crunch|p2a: Chi-Chi \ud83c\udf75\n|-damage|p2a: Chi-Chi \ud83c\udf75|61\/100\n|move|p2a: Chi-Chi \ud83c\udf75|Iron Defense|p2a: Chi-Chi \ud83c\udf75\n|-boost|p2a: Chi-Chi \ud83c\udf75|def|2\n|\n|-heal|p1a: Shakira \ud83d\udc3a|76\/100|[from] item: Leftovers\n|-damage|p1a: Shakira \ud83d\udc3a|63\/100|[from] Salt Cure\n|upkeep\n|turn|48\n|\n|t:|1700212909\n|move|p1a: Shakira \ud83d\udc3a|Body Press|p2a: Chi-Chi \ud83c\udf75\n|-resisted|p2a: Chi-Chi \ud83c\udf75\n|-damage|p2a: Chi-Chi \ud83c\udf75|49\/100\n|move|p2a: Chi-Chi \ud83c\udf75|Strength Sap|p1a: Shakira \ud83d\udc3a\n|-unboost|p1a: Shakira \ud83d\udc3a|atk|1\n|-heal|p2a: Chi-Chi \ud83c\udf75|100\/100\n|\n|-heal|p1a: Shakira \ud83d\udc3a|69\/100|[from] item: Leftovers\n|-damage|p1a: Shakira \ud83d\udc3a|57\/100|[from] Salt Cure\n|upkeep\n|turn|49\n|\n|t:|1700212914\n|switch|p1a: Grey \u2764\ufe0f\u200d\ud83d\udd25|Moltres, shiny|59\/100\n|move|p2a: Chi-Chi \ud83c\udf75|Matcha Gotcha|p1a: Grey \u2764\ufe0f\u200d\ud83d\udd25\n|-resisted|p1a: Grey \u2764\ufe0f\u200d\ud83d\udd25\n|-damage|p1a: Grey \u2764\ufe0f\u200d\ud83d\udd25|49\/100\n|\n|upkeep\n|turn|50\n|\n|t:|1700212922\n|move|p1a: Grey \u2764\ufe0f\u200d\ud83d\udd25|Hurricane|p2a: Chi-Chi \ud83c\udf75|[miss]\n|-miss|p1a: Grey \u2764\ufe0f\u200d\ud83d\udd25|p2a: Chi-Chi \ud83c\udf75\n|move|p2a: Chi-Chi \ud83c\udf75|Matcha Gotcha|p1a: Grey \u2764\ufe0f\u200d\ud83d\udd25\n|-resisted|p1a: Grey \u2764\ufe0f\u200d\ud83d\udd25\n|-damage|p1a: Grey \u2764\ufe0f\u200d\ud83d\udd25|40\/100\n|\n|upkeep\n|turn|51\n|\n|t:|1700212924\n|move|p1a: Grey \u2764\ufe0f\u200d\ud83d\udd25|Hurricane|p2a: Chi-Chi \ud83c\udf75\n|-damage|p2a: Chi-Chi \ud83c\udf75|63\/100\n|move|p2a: Chi-Chi \ud83c\udf75|Calm Mind|p2a: Chi-Chi \ud83c\udf75\n|-boost|p2a: Chi-Chi \ud83c\udf75|spa|1\n|-boost|p2a: Chi-Chi \ud83c\udf75|spd|1\n|\n|upkeep\n|turn|52\n|\n|t:|1700212932\n|move|p1a: Grey \u2764\ufe0f\u200d\ud83d\udd25|Roost|p1a: Grey \u2764\ufe0f\u200d\ud83d\udd25\n|-heal|p1a: Grey \u2764\ufe0f\u200d\ud83d\udd25|90\/100\n|-singleturn|p1a: Grey \u2764\ufe0f\u200d\ud83d\udd25|move: Roost\n|move|p2a: Chi-Chi \ud83c\udf75|Calm Mind|p2a: Chi-Chi \ud83c\udf75\n|-boost|p2a: Chi-Chi \ud83c\udf75|spa|1\n|-boost|p2a: Chi-Chi \ud83c\udf75|spd|1\n|\n|upkeep\n|turn|53\n|\n|t:|1700212934\n|move|p1a: Grey \u2764\ufe0f\u200d\ud83d\udd25|Hurricane|p2a: Chi-Chi \ud83c\udf75|[miss]\n|-miss|p1a: Grey \u2764\ufe0f\u200d\ud83d\udd25|p2a: Chi-Chi \ud83c\udf75\n|move|p2a: Chi-Chi \ud83c\udf75|Calm Mind|p2a: Chi-Chi \ud83c\udf75\n|-boost|p2a: Chi-Chi \ud83c\udf75|spa|1\n|-boost|p2a: Chi-Chi \ud83c\udf75|spd|1\n|\n|upkeep\n|turn|54\n|\n|t:|1700212937\n|move|p1a: Grey \u2764\ufe0f\u200d\ud83d\udd25|Hurricane|p2a: Chi-Chi \ud83c\udf75\n|-damage|p2a: Chi-Chi \ud83c\udf75|44\/100\n|move|p2a: Chi-Chi \ud83c\udf75|Calm Mind|p2a: Chi-Chi \ud83c\udf75\n|-boost|p2a: Chi-Chi \ud83c\udf75|spa|1\n|-boost|p2a: Chi-Chi \ud83c\udf75|spd|1\n|\n|upkeep\n|turn|55\n|\n|t:|1700212942\n|move|p1a: Grey \u2764\ufe0f\u200d\ud83d\udd25|Hurricane|p2a: Chi-Chi \ud83c\udf75|[miss]\n|-miss|p1a: Grey \u2764\ufe0f\u200d\ud83d\udd25|p2a: Chi-Chi \ud83c\udf75\n|move|p2a: Chi-Chi \ud83c\udf75|Strength Sap|p1a: Grey \u2764\ufe0f\u200d\ud83d\udd25\n|-unboost|p1a: Grey \u2764\ufe0f\u200d\ud83d\udd25|atk|1\n|-heal|p2a: Chi-Chi \ud83c\udf75|97\/100\n|\n|upkeep\n|turn|56\n|\n|t:|1700212944\n|move|p1a: Grey \u2764\ufe0f\u200d\ud83d\udd25|Hurricane|p2a: Chi-Chi \ud83c\udf75\n|-damage|p2a: Chi-Chi \ud83c\udf75|81\/100\n|-start|p2a: Chi-Chi \ud83c\udf75|confusion\n|-activate|p2a: Chi-Chi \ud83c\udf75|confusion\n|move|p2a: Chi-Chi \ud83c\udf75|Matcha Gotcha|p1a: Grey \u2764\ufe0f\u200d\ud83d\udd25\n|-resisted|p1a: Grey \u2764\ufe0f\u200d\ud83d\udd25\n|-damage|p1a: Grey \u2764\ufe0f\u200d\ud83d\udd25|68\/100\n|-heal|p2a: Chi-Chi \ud83c\udf75|94\/100|[from] drain|[of] p1a: Grey \u2764\ufe0f\u200d\ud83d\udd25\n|\n|upkeep\n|turn|57\n|\n|t:|1700212948\n|move|p1a: Grey \u2764\ufe0f\u200d\ud83d\udd25|Roost|p1a: Grey \u2764\ufe0f\u200d\ud83d\udd25\n|-heal|p1a: Grey \u2764\ufe0f\u200d\ud83d\udd25|100\/100\n|-singleturn|p1a: Grey \u2764\ufe0f\u200d\ud83d\udd25|move: Roost\n|-activate|p2a: Chi-Chi \ud83c\udf75|confusion\n|move|p2a: Chi-Chi \ud83c\udf75|Calm Mind|p2a: Chi-Chi \ud83c\udf75\n|-boost|p2a: Chi-Chi \ud83c\udf75|spa|1\n|-boost|p2a: Chi-Chi \ud83c\udf75|spd|1\n|\n|upkeep\n|turn|58\n|\n|t:|1700212950\n|move|p1a: Grey \u2764\ufe0f\u200d\ud83d\udd25|Hurricane|p2a: Chi-Chi \ud83c\udf75\n|-crit|p2a: Chi-Chi \ud83c\udf75\n|-damage|p2a: Chi-Chi \ud83c\udf75|10\/100\n|-activate|p2a: Chi-Chi \ud83c\udf75|confusion\n|move|p2a: Chi-Chi \ud83c\udf75|Matcha Gotcha|p1a: Grey \u2764\ufe0f\u200d\ud83d\udd25\n|-resisted|p1a: Grey \u2764\ufe0f\u200d\ud83d\udd25\n|-damage|p1a: Grey \u2764\ufe0f\u200d\ud83d\udd25|73\/100\n|-heal|p2a: Chi-Chi \ud83c\udf75|25\/100|[from] drain|[of] p1a: Grey \u2764\ufe0f\u200d\ud83d\udd25\n|\n|upkeep\n|turn|59\n|\n|t:|1700212960\n|move|p1a: Grey \u2764\ufe0f\u200d\ud83d\udd25|Hurricane|p2a: Chi-Chi \ud83c\udf75|[miss]\n|-miss|p1a: Grey \u2764\ufe0f\u200d\ud83d\udd25|p2a: Chi-Chi \ud83c\udf75\n|-end|p2a: Chi-Chi \ud83c\udf75|confusion\n|move|p2a: Chi-Chi \ud83c\udf75|Strength Sap|p1a: Grey \u2764\ufe0f\u200d\ud83d\udd25\n|-unboost|p1a: Grey \u2764\ufe0f\u200d\ud83d\udd25|atk|1\n|-heal|p2a: Chi-Chi \ud83c\udf75|60\/100\n|\n|upkeep\n|turn|60\n|\n|t:|1700212969\n|move|p1a: Grey \u2764\ufe0f\u200d\ud83d\udd25|Hurricane|p2a: Chi-Chi \ud83c\udf75|[miss]\n|-miss|p1a: Grey \u2764\ufe0f\u200d\ud83d\udd25|p2a: Chi-Chi \ud83c\udf75\n|move|p2a: Chi-Chi \ud83c\udf75|Matcha Gotcha|p1a: Grey \u2764\ufe0f\u200d\ud83d\udd25\n|-resisted|p1a: Grey \u2764\ufe0f\u200d\ud83d\udd25\n|-damage|p1a: Grey \u2764\ufe0f\u200d\ud83d\udd25|47\/100\n|-heal|p2a: Chi-Chi \ud83c\udf75|75\/100|[from] drain|[of] p1a: Grey \u2764\ufe0f\u200d\ud83d\udd25\n|\n|upkeep\n|turn|61\n|\n|t:|1700212984\n|move|p1a: Grey \u2764\ufe0f\u200d\ud83d\udd25|Roost|p1a: Grey \u2764\ufe0f\u200d\ud83d\udd25\n|-heal|p1a: Grey \u2764\ufe0f\u200d\ud83d\udd25|97\/100\n|-singleturn|p1a: Grey \u2764\ufe0f\u200d\ud83d\udd25|move: Roost\n|move|p2a: Chi-Chi \ud83c\udf75|Matcha Gotcha|p1a: Grey \u2764\ufe0f\u200d\ud83d\udd25\n|-resisted|p1a: Grey \u2764\ufe0f\u200d\ud83d\udd25\n|-damage|p1a: Grey \u2764\ufe0f\u200d\ud83d\udd25|46\/100\n|-heal|p2a: Chi-Chi \ud83c\udf75|100\/100|[from] drain|[of] p1a: Grey \u2764\ufe0f\u200d\ud83d\udd25\n|\n|upkeep\n|turn|62\n|\n|t:|1700212998\n|move|p1a: Grey \u2764\ufe0f\u200d\ud83d\udd25|Roost|p1a: Grey \u2764\ufe0f\u200d\ud83d\udd25\n|-heal|p1a: Grey \u2764\ufe0f\u200d\ud83d\udd25|96\/100\n|-singleturn|p1a: Grey \u2764\ufe0f\u200d\ud83d\udd25|move: Roost\n|move|p2a: Chi-Chi \ud83c\udf75|Matcha Gotcha|p1a: Grey \u2764\ufe0f\u200d\ud83d\udd25|[miss]\n|-miss|p2a: Chi-Chi \ud83c\udf75|p1a: Grey \u2764\ufe0f\u200d\ud83d\udd25\n|\n|upkeep\n|turn|63\n|\n|t:|1700213005\n|move|p1a: Grey \u2764\ufe0f\u200d\ud83d\udd25|Hurricane|p2a: Chi-Chi \ud83c\udf75\n|-damage|p2a: Chi-Chi \ud83c\udf75|86\/100\n|move|p2a: Chi-Chi \ud83c\udf75|Matcha Gotcha|p1a: Grey \u2764\ufe0f\u200d\ud83d\udd25\n|-resisted|p1a: Grey \u2764\ufe0f\u200d\ud83d\udd25\n|-damage|p1a: Grey \u2764\ufe0f\u200d\ud83d\udd25|67\/100\n|-heal|p2a: Chi-Chi \ud83c\udf75|100\/100|[from] drain|[of] p1a: Grey \u2764\ufe0f\u200d\ud83d\udd25\n|\n|upkeep\n|turn|64\n|\n|t:|1700213014\n|move|p1a: Grey \u2764\ufe0f\u200d\ud83d\udd25|Hurricane|p2a: Chi-Chi \ud83c\udf75\n|-damage|p2a: Chi-Chi \ud83c\udf75|86\/100\n|move|p2a: Chi-Chi \ud83c\udf75|Matcha Gotcha|p1a: Grey \u2764\ufe0f\u200d\ud83d\udd25\n|-resisted|p1a: Grey \u2764\ufe0f\u200d\ud83d\udd25\n|-damage|p1a: Grey \u2764\ufe0f\u200d\ud83d\udd25|40\/100\n|-heal|p2a: Chi-Chi \ud83c\udf75|100\/100|[from] drain|[of] p1a: Grey \u2764\ufe0f\u200d\ud83d\udd25\n|\n|upkeep\n|turn|65\n|\n|t:|1700213020\n|move|p1a: Grey \u2764\ufe0f\u200d\ud83d\udd25|Hurricane|p2a: Chi-Chi \ud83c\udf75\n|-damage|p2a: Chi-Chi \ud83c\udf75|87\/100\n|move|p2a: Chi-Chi \ud83c\udf75|Matcha Gotcha|p1a: Grey \u2764\ufe0f\u200d\ud83d\udd25\n|-resisted|p1a: Grey \u2764\ufe0f\u200d\ud83d\udd25\n|-damage|p1a: Grey \u2764\ufe0f\u200d\ud83d\udd25|13\/100\n|-heal|p2a: Chi-Chi \ud83c\udf75|100\/100|[from] drain|[of] p1a: Grey \u2764\ufe0f\u200d\ud83d\udd25\n|\n|upkeep\n|turn|66\n|\n|t:|1700213026\n|move|p1a: Grey \u2764\ufe0f\u200d\ud83d\udd25|Roost|p1a: Grey \u2764\ufe0f\u200d\ud83d\udd25\n|-heal|p1a: Grey \u2764\ufe0f\u200d\ud83d\udd25|63\/100\n|-singleturn|p1a: Grey \u2764\ufe0f\u200d\ud83d\udd25|move: Roost\n|move|p2a: Chi-Chi \ud83c\udf75|Matcha Gotcha|p1a: Grey \u2764\ufe0f\u200d\ud83d\udd25|[miss]\n|-miss|p2a: Chi-Chi \ud83c\udf75|p1a: Grey \u2764\ufe0f\u200d\ud83d\udd25\n|\n|upkeep\n|turn|67\n|\n|t:|1700213032\n|move|p1a: Grey \u2764\ufe0f\u200d\ud83d\udd25|Roost|p1a: Grey \u2764\ufe0f\u200d\ud83d\udd25\n|-heal|p1a: Grey \u2764\ufe0f\u200d\ud83d\udd25|100\/100\n|-singleturn|p1a: Grey \u2764\ufe0f\u200d\ud83d\udd25|move: Roost\n|move|p2a: Chi-Chi \ud83c\udf75|Matcha Gotcha|p1a: Grey \u2764\ufe0f\u200d\ud83d\udd25\n|-resisted|p1a: Grey \u2764\ufe0f\u200d\ud83d\udd25\n|-damage|p1a: Grey \u2764\ufe0f\u200d\ud83d\udd25|42\/100\n|\n|upkeep\n|turn|68\n|\n|t:|1700213037\n|move|p1a: Grey \u2764\ufe0f\u200d\ud83d\udd25|Roost|p1a: Grey \u2764\ufe0f\u200d\ud83d\udd25\n|-heal|p1a: Grey \u2764\ufe0f\u200d\ud83d\udd25|92\/100\n|-singleturn|p1a: Grey \u2764\ufe0f\u200d\ud83d\udd25|move: Roost\n|move|p2a: Chi-Chi \ud83c\udf75|Matcha Gotcha|p1a: Grey \u2764\ufe0f\u200d\ud83d\udd25\n|-resisted|p1a: Grey \u2764\ufe0f\u200d\ud83d\udd25\n|-damage|p1a: Grey \u2764\ufe0f\u200d\ud83d\udd25|42\/100\n|\n|upkeep\n|turn|69\n|\n|t:|1700213040\n|move|p1a: Grey \u2764\ufe0f\u200d\ud83d\udd25|Hurricane|p2a: Chi-Chi \ud83c\udf75\n|-damage|p2a: Chi-Chi \ud83c\udf75|87\/100\n|move|p2a: Chi-Chi \ud83c\udf75|Matcha Gotcha|p1a: Grey \u2764\ufe0f\u200d\ud83d\udd25\n|-resisted|p1a: Grey \u2764\ufe0f\u200d\ud83d\udd25\n|-damage|p1a: Grey \u2764\ufe0f\u200d\ud83d\udd25|14\/100\n|-heal|p2a: Chi-Chi \ud83c\udf75|100\/100|[from] drain|[of] p1a: Grey \u2764\ufe0f\u200d\ud83d\udd25\n|\n|upkeep\n|turn|70\n|\n|t:|1700213049\n|move|p1a: Grey \u2764\ufe0f\u200d\ud83d\udd25|Roost|p1a: Grey \u2764\ufe0f\u200d\ud83d\udd25\n|-heal|p1a: Grey \u2764\ufe0f\u200d\ud83d\udd25|64\/100\n|-singleturn|p1a: Grey \u2764\ufe0f\u200d\ud83d\udd25|move: Roost\n|move|p2a: Chi-Chi \ud83c\udf75|Matcha Gotcha|p1a: Grey \u2764\ufe0f\u200d\ud83d\udd25\n|-resisted|p1a: Grey \u2764\ufe0f\u200d\ud83d\udd25\n|-damage|p1a: Grey \u2764\ufe0f\u200d\ud83d\udd25|11\/100\n|\n|upkeep\n|turn|71\n|\n|t:|1700213053\n|move|p1a: Grey \u2764\ufe0f\u200d\ud83d\udd25|Hurricane|p2a: Chi-Chi \ud83c\udf75|[miss]\n|-miss|p1a: Grey \u2764\ufe0f\u200d\ud83d\udd25|p2a: Chi-Chi \ud83c\udf75\n|move|p2a: Chi-Chi \ud83c\udf75|Matcha Gotcha|p1a: Grey \u2764\ufe0f\u200d\ud83d\udd25\n|-resisted|p1a: Grey \u2764\ufe0f\u200d\ud83d\udd25\n|-damage|p1a: Grey \u2764\ufe0f\u200d\ud83d\udd25|0 fnt\n|faint|p1a: Grey \u2764\ufe0f\u200d\ud83d\udd25\n|\n|upkeep\n|\n|t:|1700213080\n|switch|p1a: Shakira \ud83d\udc3a|Zamazenta, shiny|57\/100\n|-damage|p1a: Shakira \ud83d\udc3a|51\/100|[from] Stealth Rock\n|turn|72\n|\n|t:|1700213084\n|move|p1a: Shakira \ud83d\udc3a|Iron Head|p2a: Chi-Chi \ud83c\udf75\n|-damage|p2a: Chi-Chi \ud83c\udf75|91\/100\n|move|p2a: Chi-Chi \ud83c\udf75|Matcha Gotcha|p1a: Shakira \ud83d\udc3a\n|-damage|p1a: Shakira \ud83d\udc3a|0 fnt\n|-heal|p2a: Chi-Chi \ud83c\udf75|100\/100|[from] drain|[of] p1a: Shakira \ud83d\udc3a\n|faint|p1a: Shakira \ud83d\udc3a\n|\n|win|Redribbonrenegade\n|raw|thraxxedout's rating: 1347 &rarr; <strong>1330<\/strong><br \/>(-17 for losing)\n|raw|Redribbonrenegade's rating: 1396 &rarr; <strong>1413<\/strong><br \/>(+17 for winning)\n","uploadtime":1700213095,"views":6,"p1id":"thraxxedout","p2id":"redribbonrenegade","formatid":"gen9ou","rating":1330,"private":0,"password":""}