{"id":"gen9ou-2000287710","p1":"pokeyou13","p2":"Themelmetalguy","format":"[Gen 9] OU","log":"|j|\u2606pokeyou13\n|j|\u2606Themelmetalguy\n|t:|1701181569\n|gametype|singles\n|player|p1|pokeyou13|schoolkidf|1083\n|player|p2|Themelmetalguy|1|1078\n|teamsize|p1|6\n|teamsize|p2|6\n|gen|9\n|tier|[Gen 9] OU\n|rated|\n|rule|Sleep Clause Mod: Limit one foe put to sleep\n|rule|Species Clause: Limit one of each Pok\u00e9mon\n|rule|OHKO Clause: OHKO moves are banned\n|rule|Evasion Items Clause: Evasion items are banned\n|rule|Evasion Moves Clause: Evasion moves are banned\n|rule|Endless Battle Clause: Forcing endless battles is banned\n|rule|HP Percentage Mod: HP is shown in percentages\n|clearpoke\n|poke|p1|Torkoal, M|\n|poke|p1|Walking Wake|\n|poke|p1|Scizor, F|\n|poke|p1|Great Tusk|\n|poke|p1|Enamorus, F|\n|poke|p1|Thundurus, M|\n|poke|p2|Pelipper, M|\n|poke|p2|Ogerpon-Wellspring, F|\n|poke|p2|Shiftry, M|\n|poke|p2|Overqwil, F|\n|poke|p2|Basculegion, M|\n|poke|p2|Walking Wake|\n|teampreview\n|\n|t:|1701181576\n|start\n|switch|p1a: Ak\u016bp\u0101ra|Torkoal, M|100\/100\n|switch|p2a: Pelipper|Pelipper, M|100\/100\n|-weather|RainDance|[from] ability: Drizzle|[of] p2a: Pelipper\n|-weather|SunnyDay|[from] ability: Drought|[of] p1a: Ak\u016bp\u0101ra\n|turn|1\n|\n|t:|1701181589\n|move|p2a: Pelipper|U-turn|p1a: Ak\u016bp\u0101ra\n|-resisted|p1a: Ak\u016bp\u0101ra\n|-crit|p1a: Ak\u016bp\u0101ra\n|-damage|p1a: Ak\u016bp\u0101ra|97\/100\n|\n|t:|1701181591\n|switch|p2a: Basculegion|Basculegion, M, shiny|100\/100|[from] U-turn\n|move|p1a: Ak\u016bp\u0101ra|Stealth Rock|p2a: Basculegion\n|-sidestart|p2: Themelmetalguy|move: Stealth Rock\n|\n|-weather|SunnyDay|[upkeep]\n|upkeep\n|turn|2\n|\n|t:|1701181601\n|switch|p1a: Thundurus|Thundurus, M|100\/100\n|move|p2a: Basculegion|Flip Turn|p1a: Thundurus\n|-crit|p1a: Thundurus\n|-damage|p1a: Thundurus|63\/100\n|\n|t:|1701181608\n|switch|p2a: Pelipper|Pelipper, M|100\/100|[from] Flip Turn\n|-damage|p2a: Pelipper|76\/100|[from] Stealth Rock\n|-weather|RainDance|[from] ability: Drizzle|[of] p2a: Pelipper\n|\n|-weather|RainDance|[upkeep]\n|upkeep\n|turn|3\n|\n|t:|1701181618\n|switch|p2a: Shiftry|Shiftry, M|100\/100\n|-damage|p2a: Shiftry|88\/100|[from] Stealth Rock\n|-terastallize|p1a: Thundurus|Electric\n|move|p1a: Thundurus|Thunderbolt|p2a: Shiftry\n|-resisted|p2a: Shiftry\n|-damage|p2a: Shiftry|49\/100\n|\n|-weather|RainDance|[upkeep]\n|upkeep\n|turn|4\n|\n|t:|1701181631\n|move|p1a: Thundurus|Thunderbolt|p2a: Shiftry\n|-resisted|p2a: Shiftry\n|-damage|p2a: Shiftry|15\/100\n|-status|p2a: Shiftry|par\n|move|p2a: Shiftry|Leech Seed|p1a: Thundurus\n|-start|p1a: Thundurus|move: Leech Seed\n|\n|-weather|RainDance|[upkeep]\n|-damage|p1a: Thundurus|51\/100|[from] Leech Seed|[of] p2a: Shiftry\n|-heal|p2a: Shiftry|25\/100 par|[silent]\n|upkeep\n|turn|5\n|\n|t:|1701181637\n|move|p1a: Thundurus|Thunderbolt|p2a: Shiftry\n|-resisted|p2a: Shiftry\n|-damage|p2a: Shiftry|0 fnt\n|faint|p2a: Shiftry\n|\n|-weather|RainDance|[upkeep]\n|upkeep\n|\n|t:|1701181649\n|switch|p2a: Ogerpon|Ogerpon-Wellspring, F|100\/100\n|-damage|p2a: Ogerpon|88\/100|[from] Stealth Rock\n|turn|6\n|\n|t:|1701181658\n|move|p1a: Thundurus|Thunderbolt|p2a: Ogerpon\n|-damage|p2a: Ogerpon|32\/100\n|move|p2a: Ogerpon|U-turn|p1a: Thundurus\n|-damage|p1a: Thundurus|10\/100\n|\n|t:|1701181661\n|switch|p2a: Basculegion|Basculegion, M, shiny|100\/100|[from] U-turn\n|-damage|p2a: Basculegion|88\/100|[from] Stealth Rock\n|\n|-weather|RainDance|[upkeep]\n|-damage|p1a: Thundurus|0 fnt|[from] Leech Seed|[of] p2a: Basculegion\n|-heal|p2a: Basculegion|95\/100|[silent]\n|faint|p1a: Thundurus\n|upkeep\n|\n|t:|1701181683\n|switch|p1a: Ry\u016bjin|Walking Wake|100\/100\n|turn|7\n|\n|t:|1701181691\n|move|p2a: Basculegion|Flip Turn|p1a: Ry\u016bjin\n|-resisted|p1a: Ry\u016bjin\n|-damage|p1a: Ry\u016bjin|86\/100\n|\n|t:|1701181695\n|switch|p2a: Pelipper|Pelipper, M|76\/100|[from] Flip Turn\n|-damage|p2a: Pelipper|51\/100|[from] Stealth Rock\n|move|p1a: Ry\u016bjin|Hydro Steam|p2a: Pelipper\n|-resisted|p2a: Pelipper\n|-damage|p2a: Pelipper|0 fnt\n|faint|p2a: Pelipper\n|-damage|p1a: Ry\u016bjin|76\/100|[from] item: Life Orb\n|\n|-weather|RainDance|[upkeep]\n|upkeep\n|\n|t:|1701181697\n|switch|p2a: Walking Wake|Walking Wake|100\/100\n|-damage|p2a: Walking Wake|88\/100|[from] Stealth Rock\n|turn|8\n|\n|t:|1701181711\n|-terastallize|p2a: Walking Wake|Water\n|move|p2a: Walking Wake|Draco Meteor|p1a: Ry\u016bjin\n|-supereffective|p1a: Ry\u016bjin\n|-damage|p1a: Ry\u016bjin|0 fnt\n|-unboost|p2a: Walking Wake|spa|2\n|faint|p1a: Ry\u016bjin\n|-end|p1a: Ry\u016bjin|Protosynthesis|[silent]\n|\n|-weather|RainDance|[upkeep]\n|upkeep\n|\n|t:|1701181719\n|switch|p1a: Ak\u016bp\u0101ra|Torkoal, M|97\/100\n|-weather|SunnyDay|[from] ability: Drought|[of] p1a: Ak\u016bp\u0101ra\n|-activate|p2a: Walking Wake|ability: Protosynthesis\n|-start|p2a: Walking Wake|protosynthesisspe\n|turn|9\n|\n|t:|1701181730\n|-end|p2a: Walking Wake|Protosynthesis|[silent]\n|switch|p2a: Ogerpon|Ogerpon-Wellspring, F|32\/100\n|-damage|p2a: Ogerpon|20\/100|[from] Stealth Rock\n|move|p1a: Ak\u016bp\u0101ra|Yawn|p2a: Ogerpon\n|-start|p2a: Ogerpon|move: Yawn|[of] p1a: Ak\u016bp\u0101ra\n|\n|-weather|SunnyDay|[upkeep]\n|upkeep\n|turn|10\n|\n|t:|1701181741\n|switch|p1a: \u00c9ris|Enamorus, F|100\/100\n|move|p2a: Ogerpon|Rain Dance|p2a: Ogerpon\n|-weather|RainDance\n|\n|-weather|RainDance|[upkeep]\n|-end|p2a: Ogerpon|move: Yawn|[silent]\n|-status|p2a: Ogerpon|slp\n|upkeep\n|turn|11\n|\n|t:|1701181755\n|move|p1a: \u00c9ris|Sludge Bomb|p2a: Ogerpon\n|-supereffective|p2a: Ogerpon\n|-damage|p2a: Ogerpon|0 fnt\n|faint|p2a: Ogerpon\n|\n|-weather|RainDance|[upkeep]\n|upkeep\n|\n|t:|1701181758\n|switch|p2a: Overqwil|Overqwil, F|100\/100\n|-damage|p2a: Overqwil|88\/100|[from] Stealth Rock\n|turn|12\n|\n|t:|1701181765\n|switch|p1a: Thanatos|Scizor, F|100\/100\n|move|p2a: Overqwil|Barb Barrage|p1a: Thanatos\n|-immune|p1a: Thanatos\n|\n|-weather|RainDance|[upkeep]\n|-heal|p2a: Overqwil|94\/100|[from] item: Leftovers\n|upkeep\n|turn|13\n|\n|t:|1701181777\n|move|p2a: Overqwil|Aqua Tail|p1a: Thanatos\n|-damage|p1a: Thanatos|55\/100\n|move|p1a: Thanatos|Knock Off|p2a: Overqwil\n|-resisted|p2a: Overqwil\n|-damage|p2a: Overqwil|77\/100\n|-enditem|p2a: Overqwil|Leftovers|[from] move: Knock Off|[of] p1a: Thanatos\n|\n|-weather|RainDance|[upkeep]\n|upkeep\n|turn|14\n|\n|t:|1701181786\n|move|p2a: Overqwil|Aqua Tail|p1a: Thanatos\n|-damage|p1a: Thanatos|8\/100\n|move|p1a: Thanatos|U-turn|p2a: Overqwil\n|-damage|p2a: Overqwil|38\/100\n|\n|t:|1701181791\n|switch|p1a: Ak\u016bp\u0101ra|Torkoal, M|97\/100|[from] U-turn\n|-weather|SunnyDay|[from] ability: Drought|[of] p1a: Ak\u016bp\u0101ra\n|\n|-weather|SunnyDay|[upkeep]\n|upkeep\n|turn|15\n|\n|t:|1701181804\n|switch|p1a: Thanatos|Scizor, F|8\/100\n|move|p2a: Overqwil|Barb Barrage|p1a: Thanatos\n|-immune|p1a: Thanatos\n|\n|-weather|SunnyDay|[upkeep]\n|upkeep\n|turn|16\n|\n|t:|1701181811\n|move|p2a: Overqwil|Aqua Jet|p1a: Thanatos\n|-damage|p1a: Thanatos|1\/100\n|move|p1a: Thanatos|Bullet Punch|p2a: Overqwil\n|-damage|p2a: Overqwil|4\/100\n|\n|-weather|SunnyDay|[upkeep]\n|upkeep\n|turn|17\n|\n|t:|1701181829\n|switch|p1a: \u00c9ris|Enamorus, F|100\/100\n|move|p2a: Overqwil|Aqua Jet|p1a: \u00c9ris\n|-damage|p1a: \u00c9ris|90\/100\n|\n|-weather|SunnyDay|[upkeep]\n|upkeep\n|turn|18\n|\n|t:|1701181840\n|move|p2a: Overqwil|Aqua Jet|p1a: \u00c9ris\n|-damage|p1a: \u00c9ris|81\/100\n|move|p1a: \u00c9ris|Earth Power|p2a: Overqwil\n|-supereffective|p2a: Overqwil\n|-damage|p2a: Overqwil|0 fnt\n|faint|p2a: Overqwil\n|\n|-weather|SunnyDay|[upkeep]\n|upkeep\n|\n|t:|1701181849\n|switch|p2a: Walking Wake|Walking Wake, tera:Water|88\/100\n|-damage|p2a: Walking Wake|76\/100|[from] Stealth Rock\n|-activate|p2a: Walking Wake|ability: Protosynthesis\n|-start|p2a: Walking Wake|protosynthesisspa\n|turn|19\n|\n|t:|1701181860\n|switch|p1a: Thanatos|Scizor, F|1\/100\n|move|p2a: Walking Wake|Hydro Steam|p1a: Thanatos\n|-damage|p1a: Thanatos|0 fnt\n|faint|p1a: Thanatos\n|\n|-weather|SunnyDay|[upkeep]\n|upkeep\n|\n|t:|1701181865\n|switch|p1a: \u00c9ris|Enamorus, F|81\/100\n|turn|20\n|\n|t:|1701181881\n|move|p2a: Walking Wake|Hydro Steam|p1a: \u00c9ris\n|-damage|p1a: \u00c9ris|0 fnt\n|faint|p1a: \u00c9ris\n|\n|-weather|SunnyDay|[upkeep]\n|upkeep\n|\n|t:|1701181884\n|switch|p1a: Gan\u1eb9s\u00e1|Great Tusk|100\/100\n|-activate|p1a: Gan\u1eb9s\u00e1|ability: Protosynthesis\n|-start|p1a: Gan\u1eb9s\u00e1|protosynthesisatk\n|turn|21\n|\n|t:|1701181891\n|move|p2a: Walking Wake|Hydro Steam|p1a: Gan\u1eb9s\u00e1\n|-supereffective|p1a: Gan\u1eb9s\u00e1\n|-damage|p1a: Gan\u1eb9s\u00e1|0 fnt\n|faint|p1a: Gan\u1eb9s\u00e1\n|-end|p1a: Gan\u1eb9s\u00e1|Protosynthesis|[silent]\n|\n|-weather|none\n|-end|p2a: Walking Wake|Protosynthesis\n|upkeep\n|\n|t:|1701181894\n|switch|p1a: Ak\u016bp\u0101ra|Torkoal, M|97\/100\n|-weather|SunnyDay|[from] ability: Drought|[of] p1a: Ak\u016bp\u0101ra\n|-activate|p2a: Walking Wake|ability: Protosynthesis\n|-start|p2a: Walking Wake|protosynthesisspa\n|turn|22\n|\n|t:|1701181897\n|move|p2a: Walking Wake|Hydro Steam|p1a: Ak\u016bp\u0101ra\n|-supereffective|p1a: Ak\u016bp\u0101ra\n|-damage|p1a: Ak\u016bp\u0101ra|0 fnt\n|faint|p1a: Ak\u016bp\u0101ra\n|\n|win|Themelmetalguy\n|raw|pokeyou13's rating: 1083 &rarr; <strong>1060<\/strong><br \/>(-23 for losing)\n|raw|Themelmetalguy's rating: 1078 &rarr; <strong>1107<\/strong><br \/>(+29 for winning)\n","uploadtime":1701181907,"views":2,"p1id":"pokeyou13","p2id":"themelmetalguy","formatid":"gen9ou","rating":1060,"private":0,"password":""}