{"id":"gen9ou-1994542706","p1":"365lovemachine","p2":"irrelevent bastard","format":"[Gen 9] OU","log":"|j|\u2606365lovemachine\n|j|\u2606irrelevent bastard\n|t:|1700457094\n|gametype|singles\n|player|p1|365lovemachine|102|1421\n|player|p2|irrelevent bastard|2|1382\n|teamsize|p1|6\n|teamsize|p2|6\n|gen|9\n|tier|[Gen 9] OU\n|rated|\n|rule|Sleep Clause Mod: Limit one foe put to sleep\n|rule|Species Clause: Limit one of each Pok\u00e9mon\n|rule|OHKO Clause: OHKO moves are banned\n|rule|Evasion Items Clause: Evasion items are banned\n|rule|Evasion Moves Clause: Evasion moves are banned\n|rule|Endless Battle Clause: Forcing endless battles is banned\n|rule|HP Percentage Mod: HP is shown in percentages\n|clearpoke\n|poke|p1|Ting-Lu|\n|poke|p1|Ogerpon-Wellspring, F|\n|poke|p1|Cinderace, F|\n|poke|p1|Enamorus, F|\n|poke|p1|Gholdengo|\n|poke|p1|Iron Moth|\n|poke|p2|Kommo-o, M|\n|poke|p2|Great Tusk|\n|poke|p2|Enamorus, F|\n|poke|p2|Ogerpon-Wellspring, F|\n|poke|p2|Ceruledge, F|\n|poke|p2|Ribombee, M|\n|teampreview\n|inactive|Battle timer is ON: inactive players will automatically lose when time's up. (requested by 365lovemachine)\n|\n|t:|1700457109\n|start\n|switch|p1a: Cinderace|Cinderace, F|100\/100\n|switch|p2a: Ribombee|Ribombee, M|100\/100\n|turn|1\n|\n|t:|1700457130\n|switch|p2a: Kommo-o|Kommo-o, M|100\/100\n|move|p1a: Cinderace|U-turn|p2a: Kommo-o\n|-start|p1a: Cinderace|typechange|Bug|[from] ability: Libero\n|-resisted|p2a: Kommo-o\n|-damage|p2a: Kommo-o|87\/100\n|\n|t:|1700457141\n|switch|p1a: Enamorus|Enamorus, F|100\/100|[from] U-turn\n|\n|upkeep\n|turn|2\n|\n|t:|1700457147\n|switch|p2a: Ribombee|Ribombee, M|100\/100\n|move|p1a: Enamorus|Moonblast|p2a: Ribombee\n|-damage|p2a: Ribombee|18\/100\n|\n|upkeep\n|turn|3\n|\n|t:|1700457155\n|move|p1a: Enamorus|Moonblast|p2a: Ribombee\n|-damage|p2a: Ribombee|0 fnt\n|faint|p2a: Ribombee\n|\n|upkeep\n|\n|t:|1700457160\n|switch|p2a: Ceruledge|Ceruledge, F|100\/100\n|turn|4\n|\n|t:|1700457173\n|switch|p1a: Ogerpon|Ogerpon-Wellspring, F|100\/100\n|move|p2a: Ceruledge|Swords Dance|p2a: Ceruledge\n|-boost|p2a: Ceruledge|atk|2\n|\n|upkeep\n|turn|5\n|\n|t:|1700457188\n|move|p1a: Ogerpon|Encore|p2a: Ceruledge\n|-start|p2a: Ceruledge|Encore\n|move|p2a: Ceruledge|Swords Dance|p2a: Ceruledge\n|-boost|p2a: Ceruledge|atk|2\n|\n|upkeep\n|turn|6\n|\n|t:|1700457194\n|switch|p2a: Kommo-o|Kommo-o, M|87\/100\n|move|p1a: Ogerpon|Ivy Cudgel|p2a: Kommo-o|[anim] Ivy Cudgel Water\n|-resisted|p2a: Kommo-o\n|-damage|p2a: Kommo-o|57\/100\n|\n|upkeep\n|turn|7\n|\n|t:|1700457205\n|switch|p1a: Ting-Lu|Ting-Lu|100\/100\n|-ability|p1a: Ting-Lu|Vessel of Ruin\n|move|p2a: Kommo-o|Clangorous Soul|p2a: Kommo-o\n|-boost|p2a: Kommo-o|atk|1\n|-boost|p2a: Kommo-o|def|1\n|-boost|p2a: Kommo-o|spa|1\n|-boost|p2a: Kommo-o|spd|1\n|-boost|p2a: Kommo-o|spe|1\n|-damage|p2a: Kommo-o|24\/100\n|-enditem|p2a: Kommo-o|Throat Spray\n|-boost|p2a: Kommo-o|spa|1|[from] item: Throat Spray\n|\n|upkeep\n|turn|8\n|\n|t:|1700457217\n|move|p2a: Kommo-o|Clanging Scales|p1a: Ting-Lu\n|-damage|p1a: Ting-Lu|48\/100\n|-unboost|p2a: Kommo-o|def|1\n|move|p1a: Ting-Lu|Whirlwind|p2a: Kommo-o\n|drag|p2a: Ceruledge|Ceruledge, F|100\/100\n|\n|-heal|p1a: Ting-Lu|55\/100|[from] item: Leftovers\n|upkeep\n|turn|9\n|\n|t:|1700457229\n|move|p2a: Ceruledge|Swords Dance|p2a: Ceruledge\n|-boost|p2a: Ceruledge|atk|2\n|move|p1a: Ting-Lu|Ruination|p2a: Ceruledge\n|-damage|p2a: Ceruledge|51\/100\n|\n|-heal|p1a: Ting-Lu|61\/100|[from] item: Leftovers\n|upkeep\n|turn|10\n|\n|t:|1700457247\n|move|p2a: Ceruledge|Bitter Blade|p1a: Ting-Lu\n|-damage|p1a: Ting-Lu|24\/100\n|-heal|p2a: Ceruledge|83\/100|[from] drain|[of] p1a: Ting-Lu\n|move|p1a: Ting-Lu|Stealth Rock|p2a: Ceruledge\n|-sidestart|p2: irrelevent bastard|move: Stealth Rock\n|\n|-heal|p1a: Ting-Lu|30\/100|[from] item: Leftovers\n|upkeep\n|turn|11\n|\n|t:|1700457260\n|move|p2a: Ceruledge|Bitter Blade|p1a: Ting-Lu\n|-damage|p1a: Ting-Lu|0 fnt\n|-heal|p2a: Ceruledge|100\/100|[from] drain|[of] p1a: Ting-Lu\n|faint|p1a: Ting-Lu\n|\n|upkeep\n|\n|t:|1700457268\n|switch|p1a: Iron Moth|Iron Moth|100\/100\n|-enditem|p1a: Iron Moth|Booster Energy\n|-activate|p1a: Iron Moth|ability: Quark Drive|[fromitem]\n|-start|p1a: Iron Moth|quarkdrivespa\n|turn|12\n|\n|t:|1700457279\n|move|p1a: Iron Moth|Substitute|p1a: Iron Moth\n|-start|p1a: Iron Moth|Substitute\n|-damage|p1a: Iron Moth|76\/100\n|move|p2a: Ceruledge|Bitter Blade|p1a: Iron Moth\n|-resisted|p1a: Iron Moth\n|-end|p1a: Iron Moth|Substitute\n|\n|upkeep\n|turn|13\n|\n|t:|1700457286\n|move|p1a: Iron Moth|Sludge Wave|p2a: Ceruledge\n|-resisted|p2a: Ceruledge\n|-damage|p2a: Ceruledge|63\/100\n|move|p2a: Ceruledge|Bitter Blade|p1a: Iron Moth\n|-resisted|p1a: Iron Moth\n|-damage|p1a: Iron Moth|0 fnt\n|-heal|p2a: Ceruledge|100\/100|[from] drain|[of] p1a: Iron Moth\n|faint|p1a: Iron Moth\n|-end|p1a: Iron Moth|Quark Drive|[silent]\n|\n|upkeep\n|\n|t:|1700457302\n|switch|p1a: Enamorus|Enamorus, F|100\/100\n|turn|14\n|\n|t:|1700457306\n|move|p1a: Enamorus|Earth Power|p2a: Ceruledge\n|-supereffective|p2a: Ceruledge\n|-crit|p2a: Ceruledge\n|-enditem|p2a: Ceruledge|Focus Sash\n|-damage|p2a: Ceruledge|1\/100\n|move|p2a: Ceruledge|Bitter Blade|p1a: Enamorus\n|-crit|p1a: Enamorus\n|-damage|p1a: Enamorus|0 fnt\n|-heal|p2a: Ceruledge|51\/100|[from] drain|[of] p1a: Enamorus\n|faint|p1a: Enamorus\n|\n|upkeep\n|\n|t:|1700457320\n|switch|p1a: Ogerpon|Ogerpon-Wellspring, F|100\/100\n|turn|15\n|inactive|irrelevent bastard has 120 seconds left.\n|inactive|irrelevent bastard has 90 seconds left.\n|\n|t:|1700457383\n|-terastallize|p2a: Ceruledge|Grass\n|move|p1a: Ogerpon|Swords Dance|p1a: Ogerpon\n|-boost|p1a: Ogerpon|atk|2\n|move|p2a: Ceruledge|Bitter Blade|p1a: Ogerpon\n|-damage|p1a: Ogerpon|0 fnt\n|-heal|p2a: Ceruledge|100\/100|[from] drain|[of] p1a: Ogerpon\n|faint|p1a: Ogerpon\n|\n|upkeep\n|l|\u2606365lovemachine\n|inactive|365lovemachine disconnected and has a minute to reconnect!\n|player|p1|\n|c|\u2606irrelevent bastard|get fucked\n|inactive|365lovemachine has 30 seconds to reconnect!\n|inactive|365lovemachine has 20 seconds to reconnect!\n|inactive|365lovemachine has 15 seconds to reconnect!\n|inactive|365lovemachine has 10 seconds to reconnect!\n|inactive|365lovemachine has 5 seconds to reconnect!\n|-message|365lovemachine lost due to inactivity.\n|\n|win|irrelevent bastard\n|raw|365lovemachine's rating: 1421 &rarr; <strong>1399<\/strong><br \/>(-22 for losing)\n|raw|irrelevent bastard's rating: 1382 &rarr; <strong>1404<\/strong><br \/>(+22 for winning)\n","uploadtime":1700457403,"views":11,"p1id":"365lovemachine","p2id":"irreleventbastard","formatid":"gen9ou","rating":1399,"private":0,"password":""}