{"id":"gen9ou-1991742231","p1":"defnotapenguin","p2":"Teacher Ba's fan","format":"[Gen 9] OU","log":"|j|\u2606defnotapenguin\n|j|\u2606Teacher Ba's fan\n|t:|1700109663\n|gametype|singles\n|player|p1|defnotapenguin|cameraman|1124\n|player|p2|Teacher Ba's fan|steven|1192\n|teamsize|p1|6\n|teamsize|p2|6\n|gen|9\n|tier|[Gen 9] OU\n|rated|\n|rule|Sleep Clause Mod: Limit one foe put to sleep\n|rule|Species Clause: Limit one of each Pok\u00e9mon\n|rule|OHKO Clause: OHKO moves are banned\n|rule|Evasion Items Clause: Evasion items are banned\n|rule|Evasion Moves Clause: Evasion moves are banned\n|rule|Endless Battle Clause: Forcing endless battles is banned\n|rule|HP Percentage Mod: HP is shown in percentages\n|clearpoke\n|poke|p1|Alomomola, F|\n|poke|p1|Samurott-Hisui, F|\n|poke|p1|Breloom, M|\n|poke|p1|Manaphy|\n|poke|p1|Landorus-Therian, M|\n|poke|p1|Dragonite, M|\n|poke|p2|Dragonite, F|\n|poke|p2|Espeon, M|\n|poke|p2|Infernape, F|\n|poke|p2|Milotic, M|\n|poke|p2|Gengar, M|\n|poke|p2|Magnezone|\n|teampreview\n|inactive|Battle timer is ON: inactive players will automatically lose when time's up. (requested by defnotapenguin)\n|\n|t:|1700109670\n|start\n|switch|p1a: Wellspringphy|Manaphy|100\/100\n|switch|p2a: Espeon|Espeon, M|100\/100\n|turn|1\n|\n|t:|1700109677\n|move|p2a: Espeon|Trick|p1a: Wellspringphy\n|-activate|p2a: Espeon|move: Trick|[of] p1a: Wellspringphy\n|-item|p1a: Wellspringphy|Choice Scarf|[from] move: Trick\n|-item|p2a: Espeon|Leftovers|[from] move: Trick\n|move|p1a: Wellspringphy|Tail Glow|p1a: Wellspringphy\n|-boost|p1a: Wellspringphy|spa|3\n|\n|upkeep\n|turn|2\n|\n|t:|1700109688\n|switch|p1a: Samurott|Samurott-Hisui, F|100\/100\n|move|p2a: Espeon|Dazzling Gleam|p1a: Samurott\n|-supereffective|p1a: Samurott\n|-damage|p1a: Samurott|16\/100\n|\n|upkeep\n|turn|3\n|c|\u2606defnotapenguin|not cool man\n|c|\u2606defnotapenguin|oh wait\n|c|\u2606defnotapenguin|wrong switch\n|c|\u2606Teacher Ba's fan|thanks\n|\n|t:|1700109716\n|switch|p1a: Alomomola|Alomomola, F|100\/100\n|move|p2a: Espeon|Dazzling Gleam|p1a: Alomomola\n|-damage|p1a: Alomomola|74\/100\n|\n|upkeep\n|turn|4\n|c|\u2606defnotapenguin|ruh roh\n|\n|t:|1700109728\n|switch|p2a: Magnezone|Magnezone|100\/100\n|move|p1a: Alomomola|Wish|p1a: Alomomola\n|\n|upkeep\n|turn|5\n|\n|t:|1700109742\n|move|p1a: Alomomola|Flip Turn|p2a: Magnezone\n|-damage|p2a: Magnezone|88\/100\n|\n|t:|1700109746\n|switch|p1a: Samurott|Samurott-Hisui, F|16\/100|[from] Flip Turn\n|move|p2a: Magnezone|Thunderbolt|p1a: Samurott\n|-supereffective|p1a: Samurott\n|-damage|p1a: Samurott|0 fnt\n|faint|p1a: Samurott\n|\n|upkeep\n|c|\u2606defnotapenguin|oh crap\n|c|\u2606defnotapenguin|why am i fumbling so much\n|\n|t:|1700109760\n|switch|p1a: Breloom|Breloom, M|100\/100\n|turn|6\n|\n|t:|1700109767\n|-terastallize|p2a: Magnezone|Fairy\n|move|p1a: Breloom|Drain Punch|p2a: Magnezone\n|-resisted|p2a: Magnezone\n|-damage|p2a: Magnezone|71\/100\n|move|p2a: Magnezone|Tera Blast|p1a: Breloom|[anim] Tera Blast Fairy\n|-supereffective|p1a: Breloom\n|-damage|p1a: Breloom|0 fnt\n|faint|p1a: Breloom\n|\n|upkeep\n|c|\u2606defnotapenguin|manaphy hubris is real\n|\n|t:|1700109784\n|switch|p1a: Dragonite|Dragonite, M|100\/100\n|turn|7\n|\n|t:|1700109788\n|-terastallize|p1a: Dragonite|Normal\n|move|p1a: Dragonite|Extreme Speed|p2a: Magnezone\n|-damage|p2a: Magnezone|12\/100\n|move|p2a: Magnezone|Tera Blast|p1a: Dragonite|[anim] Tera Blast Fairy\n|-damage|p1a: Dragonite|67\/100\n|\n|upkeep\n|turn|8\n|\n|t:|1700109798\n|switch|p2a: Gengar|Gengar, M|100\/100\n|move|p1a: Dragonite|Extreme Speed|p2a: Gengar\n|-immune|p2a: Gengar\n|\n|upkeep\n|turn|9\n|\n|t:|1700109809\n|switch|p1a: Landorus|Landorus-Therian, M|100\/100\n|-ability|p1a: Landorus|Intimidate|boost\n|-unboost|p2a: Gengar|atk|1\n|move|p2a: Gengar|Sludge Bomb|p1a: Landorus\n|-resisted|p1a: Landorus\n|-damage|p1a: Landorus|66\/100\n|\n|-heal|p1a: Landorus|72\/100|[from] item: Leftovers\n|upkeep\n|turn|10\n|\n|t:|1700109822\n|move|p2a: Gengar|Toxic|p1a: Landorus\n|-status|p1a: Landorus|tox\n|move|p1a: Landorus|Earthquake|p2a: Gengar\n|-supereffective|p2a: Gengar\n|-enditem|p2a: Gengar|Focus Sash\n|-damage|p2a: Gengar|1\/100\n|-start|p1a: Landorus|Disable|Earthquake|[from] ability: Cursed Body|[of] p2a: Gengar\n|\n|-heal|p1a: Landorus|78\/100 tox|[from] item: Leftovers\n|-damage|p1a: Landorus|72\/100 tox|[from] psn\n|upkeep\n|turn|11\n|c|\u2606defnotapenguin|ah\n|\n|t:|1700109836\n|move|p2a: Gengar|Destiny Bond|p2a: Gengar\n|-singlemove|p2a: Gengar|Destiny Bond\n|move|p1a: Landorus|U-turn|p2a: Gengar\n|-resisted|p2a: Gengar\n|-damage|p2a: Gengar|0 fnt\n|faint|p2a: Gengar\n|-activate|p2a: Gengar|move: Destiny Bond\n|faint|p1a: Landorus\n|\n|upkeep\n|c|\u2606defnotapenguin|wha\n|c|\u2606defnotapenguin|ok\n|\n|t:|1700109850\n|switch|p2a: Magnezone|Magnezone, tera:Fairy|12\/100\n|switch|p1a: Dragonite|Dragonite, M, tera:Normal|67\/100\n|turn|12\n|c|\u2606defnotapenguin|gg\n|\n|t:|1700109862\n|move|p1a: Dragonite|Extreme Speed|p2a: Magnezone\n|-damage|p2a: Magnezone|0 fnt\n|faint|p2a: Magnezone\n|\n|upkeep\n|c|\u2606defnotapenguin|ur outplaying me in literally everything\n|\n|t:|1700109874\n|switch|p2a: Infernape|Infernape, F|100\/100\n|turn|13\n|\n|t:|1700109879\n|move|p1a: Dragonite|Extreme Speed|p2a: Infernape\n|-damage|p2a: Infernape|0 fnt\n|faint|p2a: Infernape\n|\n|upkeep\n|\n|t:|1700109889\n|switch|p2a: Milotic|Milotic, M|100\/100\n|turn|14\n|\n|t:|1700109893\n|move|p1a: Dragonite|Extreme Speed|p2a: Milotic\n|-damage|p2a: Milotic|27\/100\n|move|p2a: Milotic|Ice Beam|p1a: Dragonite\n|-damage|p1a: Dragonite|44\/100\n|\n|-heal|p2a: Milotic|33\/100|[from] item: Leftovers\n|upkeep\n|turn|15\n|\n|t:|1700109903\n|move|p1a: Dragonite|Extreme Speed|p2a: Milotic\n|-damage|p2a: Milotic|0 fnt\n|faint|p2a: Milotic\n|\n|upkeep\n|\n|t:|1700109912\n|switch|p2a: Espeon|Espeon, M|100\/100\n|turn|16\n|\n|t:|1700109920\n|move|p1a: Dragonite|Extreme Speed|p2a: Espeon\n|-damage|p2a: Espeon|0 fnt\n|faint|p2a: Espeon\n|\n|upkeep\n|c|\u2606defnotapenguin|uh\n|\n|t:|1700109926\n|switch|p2a: Dragonite|Dragonite, F|100\/100\n|turn|17\n|\n|t:|1700109936\n|move|p1a: Dragonite|Extreme Speed|p2a: Dragonite\n|-damage|p2a: Dragonite|61\/100\n|move|p2a: Dragonite|Dragon Dance|p2a: Dragonite\n|-boost|p2a: Dragonite|atk|1\n|-boost|p2a: Dragonite|spe|1\n|\n|upkeep\n|turn|18\n|\n|t:|1700109946\n|switch|p1a: Alomomola|Alomomola, F|100\/100\n|move|p2a: Dragonite|Earthquake|p1a: Alomomola\n|-damage|p1a: Alomomola|63\/100\n|\n|upkeep\n|turn|19\n|\n|t:|1700109959\n|move|p2a: Dragonite|Dragon Dance|p2a: Dragonite\n|-boost|p2a: Dragonite|atk|1\n|-boost|p2a: Dragonite|spe|1\n|move|p1a: Alomomola|Wish|p1a: Alomomola\n|\n|upkeep\n|turn|20\n|\n|t:|1700109966\n|move|p2a: Dragonite|Earthquake|p1a: Alomomola\n|-damage|p1a: Alomomola|16\/100\n|move|p1a: Alomomola|Flip Turn|p2a: Dragonite\n|-resisted|p2a: Dragonite\n|-damage|p2a: Dragonite|53\/100\n|\n|t:|1700109972\n|switch|p1a: Wellspringphy|Manaphy|100\/100|[from] Flip Turn\n|\n|upkeep\n|turn|21\n|\n|t:|1700109980\n|move|p2a: Dragonite|Outrage|p1a: Wellspringphy\n|-damage|p1a: Wellspringphy|0 fnt\n|faint|p1a: Wellspringphy\n|\n|upkeep\n|c|\u2606defnotapenguin|ruh roh\n|\n|t:|1700109986\n|switch|p1a: Alomomola|Alomomola, F|49\/100\n|turn|22\n|\n|t:|1700109991\n|move|p2a: Dragonite|Outrage|p1a: Alomomola|[from]lockedmove\n|-damage|p1a: Alomomola|0 fnt\n|faint|p1a: Alomomola\n|-start|p2a: Dragonite|confusion|[fatigue]\n|\n|upkeep\n|\n|t:|1700109997\n|switch|p1a: Dragonite|Dragonite, M, tera:Normal|44\/100\n|turn|23\n|\n|t:|1700110001\n|-activate|p2a: Dragonite|confusion\n|move|p2a: Dragonite|Extreme Speed|p1a: Dragonite\n|-damage|p1a: Dragonite|0 fnt\n|faint|p1a: Dragonite\n|\n|win|Teacher Ba's fan\n|raw|defnotapenguin's rating: 1124 &rarr; <strong>1104<\/strong><br \/>(-20 for losing)\n|raw|Teacher Ba&apos;s fan's rating: 1192 &rarr; <strong>1212<\/strong><br \/>(+20 for winning)\n|c|\u2606defnotapenguin|gg\n|c|\u2606Teacher Ba's fan|nice play\n|c|\u2606defnotapenguin|i was carried by espeed in the end\n","uploadtime":1700110015,"views":9,"p1id":"defnotapenguin","p2id":"teacherbasfan","formatid":"gen9ou","rating":1104,"private":0,"password":""}