{"id":"gen9ou-1996014094","p1":"Miami Princess","p2":"Meeshanator","format":"[Gen 9] OU","log":"|j|\u203dMiami Princess\n|j|\u2606Meeshanator\n|t:|1700629480\n|gametype|singles\n|player|p1|Miami Princess|sightseerf|1087\n|player|p2|Meeshanator|ethan|1063\n|teamsize|p1|6\n|teamsize|p2|6\n|gen|9\n|tier|[Gen 9] OU\n|rated|\n|rule|Sleep Clause Mod: Limit one foe put to sleep\n|rule|Species Clause: Limit one of each Pok\u00e9mon\n|rule|OHKO Clause: OHKO moves are banned\n|rule|Evasion Items Clause: Evasion items are banned\n|rule|Evasion Moves Clause: Evasion moves are banned\n|rule|Endless Battle Clause: Forcing endless battles is banned\n|rule|HP Percentage Mod: HP is shown in percentages\n|clearpoke\n|poke|p1|Garganacl, F|\n|poke|p1|Dragapult, M|\n|poke|p1|Ogerpon-Wellspring, F|\n|poke|p1|Clefable, F|\n|poke|p1|Mandibuzz, F|\n|poke|p1|Samurott-Hisui, M|\n|poke|p2|Tyranitar, F|\n|poke|p2|Scizor, F|\n|poke|p2|Houndoom, M|\n|poke|p2|Slowking, F|\n|poke|p2|Dunsparce, F|\n|poke|p2|Ampharos, F|\n|teampreview\n|\n|t:|1700629491\n|start\n|switch|p1a: Samurott|Samurott-Hisui, M, shiny|100\/100\n|switch|p2a: Ampharos|Ampharos, F, shiny|100\/100\n|turn|1\n|\n|t:|1700629498\n|switch|p1a: Garganacl|Garganacl, F|100\/100\n|move|p2a: Ampharos|Cotton Guard|p2a: Ampharos\n|-boost|p2a: Ampharos|def|3\n|\n|upkeep\n|turn|2\n|\n|t:|1700629504\n|move|p2a: Ampharos|Thunderbolt|p1a: Garganacl\n|-damage|p1a: Garganacl|68\/100\n|move|p1a: Garganacl|Salt Cure|p2a: Ampharos\n|-damage|p2a: Ampharos|93\/100\n|-start|p2a: Ampharos|Salt Cure\n|\n|-heal|p2a: Ampharos|99\/100|[from] item: Leftovers\n|-heal|p1a: Garganacl|74\/100|[from] item: Leftovers\n|-damage|p2a: Ampharos|87\/100|[from] Salt Cure\n|upkeep\n|turn|3\n|\n|t:|1700629509\n|move|p2a: Ampharos|Thunderbolt|p1a: Garganacl\n|-damage|p1a: Garganacl|41\/100\n|move|p1a: Garganacl|Iron Defense|p1a: Garganacl\n|-boost|p1a: Garganacl|def|2\n|\n|-heal|p2a: Ampharos|93\/100|[from] item: Leftovers\n|-heal|p1a: Garganacl|47\/100|[from] item: Leftovers\n|-damage|p2a: Ampharos|81\/100|[from] Salt Cure\n|upkeep\n|turn|4\n|\n|t:|1700629513\n|move|p2a: Ampharos|Thunderbolt|p1a: Garganacl\n|-damage|p1a: Garganacl|18\/100\n|move|p1a: Garganacl|Recover|p1a: Garganacl\n|-heal|p1a: Garganacl|68\/100\n|\n|-heal|p2a: Ampharos|87\/100|[from] item: Leftovers\n|-heal|p1a: Garganacl|74\/100|[from] item: Leftovers\n|-damage|p2a: Ampharos|74\/100|[from] Salt Cure\n|upkeep\n|turn|5\n|\n|t:|1700629517\n|move|p2a: Ampharos|Thunderbolt|p1a: Garganacl\n|-damage|p1a: Garganacl|44\/100\n|move|p1a: Garganacl|Iron Defense|p1a: Garganacl\n|-boost|p1a: Garganacl|def|2\n|\n|-heal|p2a: Ampharos|81\/100|[from] item: Leftovers\n|-heal|p1a: Garganacl|50\/100|[from] item: Leftovers\n|-damage|p2a: Ampharos|68\/100|[from] Salt Cure\n|upkeep\n|turn|6\n|\n|t:|1700629520\n|move|p2a: Ampharos|Thunderbolt|p1a: Garganacl\n|-damage|p1a: Garganacl|17\/100\n|move|p1a: Garganacl|Recover|p1a: Garganacl\n|-heal|p1a: Garganacl|67\/100\n|\n|-heal|p2a: Ampharos|74\/100|[from] item: Leftovers\n|-heal|p1a: Garganacl|74\/100|[from] item: Leftovers\n|-damage|p2a: Ampharos|62\/100|[from] Salt Cure\n|upkeep\n|turn|7\n|\n|t:|1700629523\n|move|p2a: Ampharos|Thunderbolt|p1a: Garganacl\n|-damage|p1a: Garganacl|44\/100\n|move|p1a: Garganacl|Recover|p1a: Garganacl\n|-heal|p1a: Garganacl|94\/100\n|\n|-heal|p2a: Ampharos|68\/100|[from] item: Leftovers\n|-heal|p1a: Garganacl|99\/100|[from] item: Leftovers\n|-damage|p2a: Ampharos|56\/100|[from] Salt Cure\n|upkeep\n|turn|8\n|\n|t:|1700629526\n|move|p2a: Ampharos|Thunderbolt|p1a: Garganacl\n|-damage|p1a: Garganacl|67\/100\n|move|p1a: Garganacl|Body Press|p2a: Ampharos\n|-damage|p2a: Ampharos|21\/100\n|\n|-heal|p2a: Ampharos|27\/100|[from] item: Leftovers\n|-heal|p1a: Garganacl|73\/100|[from] item: Leftovers\n|-damage|p2a: Ampharos|15\/100|[from] Salt Cure\n|upkeep\n|turn|9\n|\n|t:|1700629530\n|move|p2a: Ampharos|Thunderbolt|p1a: Garganacl\n|-damage|p1a: Garganacl|41\/100\n|move|p1a: Garganacl|Recover|p1a: Garganacl\n|-heal|p1a: Garganacl|91\/100\n|\n|-heal|p2a: Ampharos|21\/100|[from] item: Leftovers\n|-heal|p1a: Garganacl|97\/100|[from] item: Leftovers\n|-damage|p2a: Ampharos|9\/100|[from] Salt Cure\n|upkeep\n|turn|10\n|\n|t:|1700629534\n|move|p2a: Ampharos|Thunderbolt|p1a: Garganacl\n|-damage|p1a: Garganacl|67\/100\n|move|p1a: Garganacl|Iron Defense|p1a: Garganacl\n|-boost|p1a: Garganacl|def|2\n|\n|-heal|p2a: Ampharos|15\/100|[from] item: Leftovers\n|-heal|p1a: Garganacl|73\/100|[from] item: Leftovers\n|-damage|p2a: Ampharos|2\/100|[from] Salt Cure\n|upkeep\n|turn|11\n|\n|t:|1700629538\n|move|p2a: Ampharos|Thunderbolt|p1a: Garganacl\n|-crit|p1a: Garganacl\n|-damage|p1a: Garganacl|28\/100\n|move|p1a: Garganacl|Recover|p1a: Garganacl\n|-heal|p1a: Garganacl|78\/100\n|\n|-heal|p2a: Ampharos|9\/100|[from] item: Leftovers\n|-heal|p1a: Garganacl|84\/100|[from] item: Leftovers\n|-damage|p2a: Ampharos|0 fnt|[from] Salt Cure\n|faint|p2a: Ampharos\n|upkeep\n|\n|t:|1700629546\n|switch|p2a: Slowking|Slowking, F|100\/100\n|turn|12\n|\n|t:|1700629551\n|-terastallize|p1a: Garganacl|Ghost\n|move|p1a: Garganacl|Salt Cure|p2a: Slowking\n|-damage|p2a: Slowking|89\/100\n|-start|p2a: Slowking|Salt Cure\n|move|p2a: Slowking|Scald|p1a: Garganacl\n|-damage|p1a: Garganacl|65\/100\n|\n|-heal|p1a: Garganacl|72\/100|[from] item: Leftovers\n|-damage|p2a: Slowking|64\/100|[from] Salt Cure\n|upkeep\n|turn|13\n|\n|t:|1700629558\n|move|p1a: Garganacl|Body Press|p2a: Slowking\n|-resisted|p2a: Slowking\n|-damage|p2a: Slowking|30\/100\n|move|p2a: Slowking|Shadow Ball|p1a: Garganacl\n|-supereffective|p1a: Garganacl\n|-damage|p1a: Garganacl|57\/100\n|\n|-heal|p1a: Garganacl|63\/100|[from] item: Leftovers\n|-damage|p2a: Slowking|5\/100|[from] Salt Cure\n|upkeep\n|turn|14\n|c|\u2606Meeshanator|15!?\n|inactive|Battle timer is ON: inactive players will automatically lose when time's up. (requested by Miami Princess)\n|\n|t:|1700629577\n|move|p1a: Garganacl|Recover|p1a: Garganacl\n|-heal|p1a: Garganacl|100\/100\n|move|p2a: Slowking|Shadow Ball|p1a: Garganacl\n|-supereffective|p1a: Garganacl\n|-damage|p1a: Garganacl|87\/100\n|\n|-heal|p1a: Garganacl|93\/100|[from] item: Leftovers\n|-damage|p2a: Slowking|0 fnt|[from] Salt Cure\n|faint|p2a: Slowking\n|upkeep\n|\n|t:|1700629582\n|switch|p2a: Houndoom|Houndoom, M|100\/100\n|turn|15\n|\n|t:|1700629585\n|move|p2a: Houndoom|Dark Pulse|p1a: Garganacl\n|-supereffective|p1a: Garganacl\n|-damage|p1a: Garganacl|25\/100\n|-damage|p2a: Houndoom|91\/100|[from] item: Life Orb\n|move|p1a: Garganacl|Body Press|p2a: Houndoom\n|-supereffective|p2a: Houndoom\n|-damage|p2a: Houndoom|0 fnt\n|faint|p2a: Houndoom\n|\n|-heal|p1a: Garganacl|31\/100|[from] item: Leftovers\n|upkeep\n|\n|t:|1700629592\n|switch|p2a: Tyranitar|Tyranitar, F|100\/100\n|-weather|Sandstorm|[from] ability: Sand Stream|[of] p2a: Tyranitar\n|turn|16\n|\n|t:|1700629599\n|-terastallize|p2a: Tyranitar|Rock\n|move|p2a: Tyranitar|Dragon Dance|p2a: Tyranitar\n|-boost|p2a: Tyranitar|atk|1\n|-boost|p2a: Tyranitar|spe|1\n|move|p1a: Garganacl|Recover|p1a: Garganacl\n|-heal|p1a: Garganacl|81\/100\n|\n|-weather|Sandstorm|[upkeep]\n|-damage|p1a: Garganacl|75\/100|[from] Sandstorm\n|-heal|p1a: Garganacl|81\/100|[from] item: Leftovers\n|upkeep\n|turn|17\n|\n|t:|1700629602\n|move|p2a: Tyranitar|Dragon Dance|p2a: Tyranitar\n|-boost|p2a: Tyranitar|atk|1\n|-boost|p2a: Tyranitar|spe|1\n|move|p1a: Garganacl|Body Press|p2a: Tyranitar\n|-supereffective|p2a: Tyranitar\n|-damage|p2a: Tyranitar|0 fnt\n|faint|p2a: Tyranitar\n|\n|-weather|Sandstorm|[upkeep]\n|-damage|p1a: Garganacl|75\/100|[from] Sandstorm\n|-heal|p1a: Garganacl|81\/100|[from] item: Leftovers\n|upkeep\n|\n|t:|1700629605\n|switch|p2a: Scizor|Scizor, F|100\/100\n|turn|18\n|\n|t:|1700629608\n|move|p2a: Scizor|Bullet Punch|p1a: Garganacl\n|-damage|p1a: Garganacl|73\/100\n|-damage|p2a: Scizor|91\/100|[from] item: Life Orb\n|move|p1a: Garganacl|Salt Cure|p2a: Scizor\n|-damage|p2a: Scizor|77\/100\n|-start|p2a: Scizor|Salt Cure\n|\n|-weather|Sandstorm|[upkeep]\n|-damage|p1a: Garganacl|67\/100|[from] Sandstorm\n|-heal|p1a: Garganacl|73\/100|[from] item: Leftovers\n|-damage|p2a: Scizor|52\/100|[from] Salt Cure\n|upkeep\n|turn|19\n|\n|t:|1700629610\n|move|p2a: Scizor|Bullet Punch|p1a: Garganacl\n|-damage|p1a: Garganacl|65\/100\n|-damage|p2a: Scizor|42\/100|[from] item: Life Orb\n|move|p1a: Garganacl|Recover|p1a: Garganacl\n|-heal|p1a: Garganacl|100\/100\n|\n|-weather|Sandstorm|[upkeep]\n|-damage|p1a: Garganacl|94\/100|[from] Sandstorm\n|-heal|p1a: Garganacl|100\/100|[from] item: Leftovers\n|-damage|p2a: Scizor|17\/100|[from] Salt Cure\n|upkeep\n|turn|20\n|\n|t:|1700629615\n|move|p2a: Scizor|Bug Bite|p1a: Garganacl\n|-resisted|p1a: Garganacl\n|-crit|p1a: Garganacl\n|-damage|p1a: Garganacl|64\/100\n|-damage|p2a: Scizor|7\/100|[from] item: Life Orb\n|move|p1a: Garganacl|Body Press|p2a: Scizor\n|-damage|p2a: Scizor|0 fnt\n|faint|p2a: Scizor\n|\n|-weather|none\n|-heal|p1a: Garganacl|70\/100|[from] item: Leftovers\n|upkeep\n|\n|t:|1700629618\n|switch|p2a: Dunsparce|Dunsparce, F, shiny|100\/100\n|turn|21\n|\n|t:|1700629621\n|move|p2a: Dunsparce|Glare|p1a: Garganacl\n|-immune|p1a: Garganacl|[from] ability: Purifying Salt\n|move|p1a: Garganacl|Body Press|p2a: Dunsparce\n|-supereffective|p2a: Dunsparce\n|-damage|p2a: Dunsparce|0 fnt\n|faint|p2a: Dunsparce\n|\n|win|Miami Princess\n|raw|Miami Princess's rating: 1087 &rarr; <strong>1112<\/strong><br \/>(+25 for winning)\n|raw|Meeshanator's rating: 1063 &rarr; <strong>1045<\/strong><br \/>(-18 for losing)\n|l|\u2606Meeshanator\n","uploadtime":1700629632,"views":1,"p1id":"miamiprincess","p2id":"meeshanator","formatid":"gen9ou","rating":1045,"private":0,"password":""}