{"id":"gen9ou-1993566537","p1":"edgypunishment","p2":"destrucity543","format":"[Gen 9] OU","log":"|j|\u2606edgypunishment\n|j|\u2606destrucity543\n|t:|1700332489\n|gametype|singles\n|player|p1|edgypunishment|dawn|1157\n|player|p2|destrucity543|richboy-gen4|1111\n|teamsize|p1|6\n|teamsize|p2|6\n|gen|9\n|tier|[Gen 9] OU\n|rated|\n|rule|Sleep Clause Mod: Limit one foe put to sleep\n|rule|Species Clause: Limit one of each Pok\u00e9mon\n|rule|OHKO Clause: OHKO moves are banned\n|rule|Evasion Items Clause: Evasion items are banned\n|rule|Evasion Moves Clause: Evasion moves are banned\n|rule|Endless Battle Clause: Forcing endless battles is banned\n|rule|HP Percentage Mod: HP is shown in percentages\n|clearpoke\n|poke|p1|Haxorus, F|\n|poke|p1|Dragonite, M|\n|poke|p1|Dragapult, M|\n|poke|p1|Walking Wake|\n|poke|p1|Dragalge, F|\n|poke|p1|Goodra-Hisui, F|\n|poke|p2|Glimmora, M|\n|poke|p2|Samurott-Hisui, M|\n|poke|p2|Iron Jugulis|\n|poke|p2|Gholdengo|\n|poke|p2|Iron Treads|\n|poke|p2|Dragapult, F|\n|teampreview\n|\n|t:|1700332492\n|start\n|switch|p1a: Haxorus|Haxorus, F|100\/100\n|switch|p2a: Glimmora|Glimmora, M|100\/100\n|-ability|p1a: Haxorus|Mold Breaker\n|turn|1\n|\n|t:|1700332504\n|move|p2a: Glimmora|Stealth Rock|p1a: Haxorus\n|-sidestart|p1: edgypunishment|move: Stealth Rock\n|move|p1a: Haxorus|Earthquake|p2a: Glimmora\n|-supereffective|p2a: Glimmora\n|-enditem|p2a: Glimmora|Focus Sash\n|-damage|p2a: Glimmora|1\/100\n|-activate|p2a: Glimmora|ability: Toxic Debris\n|-sidestart|p1: edgypunishment|move: Toxic Spikes\n|\n|upkeep\n|turn|2\n|j| FusionFlare720\n|\n|t:|1700332513\n|move|p2a: Glimmora|Mortal Spin|p1a: Haxorus\n|-damage|p1a: Haxorus|91\/100\n|-status|p1a: Haxorus|psn\n|move|p1a: Haxorus|Dragon Dance|p1a: Haxorus\n|-boost|p1a: Haxorus|atk|1\n|-boost|p1a: Haxorus|spe|1\n|\n|-damage|p1a: Haxorus|79\/100 psn|[from] psn\n|upkeep\n|turn|3\n|l| FusionFlare720\n|\n|t:|1700332526\n|move|p1a: Haxorus|Dragon Claw|p2a: Glimmora\n|-damage|p2a: Glimmora|0 fnt\n|-activate|p2a: Glimmora|ability: Toxic Debris\n|-sidestart|p1: edgypunishment|move: Toxic Spikes\n|faint|p2a: Glimmora\n|\n|-damage|p1a: Haxorus|67\/100 psn|[from] psn\n|upkeep\n|\n|t:|1700332533\n|switch|p2a: Samurott|Samurott-Hisui, M, shiny|100\/100\n|turn|4\n|\n|t:|1700332538\n|move|p1a: Haxorus|Dragon Claw|p2a: Samurott\n|-damage|p2a: Samurott|1\/100\n|move|p2a: Samurott|Ceaseless Edge|p1a: Haxorus\n|-damage|p1a: Haxorus|10\/100 psn\n|-sidestart|p1: edgypunishment|Spikes\n|\n|-heal|p2a: Samurott|8\/100|[from] item: Leftovers\n|-damage|p1a: Haxorus|0 fnt|[from] psn\n|faint|p1a: Haxorus\n|upkeep\n|\n|t:|1700332560\n|switch|p1a: Dragalge|Dragalge, F|100\/100\n|-damage|p1a: Dragalge|88\/100|[from] Stealth Rock\n|-sideend|p1: edgypunishment|move: Toxic Spikes|[of] p1a: Dragalge\n|-damage|p1a: Dragalge|76\/100|[from] Spikes\n|turn|5\n|\n|t:|1700332578\n|move|p2a: Samurott|Ceaseless Edge|p1a: Dragalge\n|-damage|p1a: Dragalge|36\/100\n|-sidestart|p1: edgypunishment|Spikes\n|move|p1a: Dragalge|Venoshock|p2a: Samurott\n|-damage|p2a: Samurott|0 fnt\n|faint|p2a: Samurott\n|\n|-heal|p1a: Dragalge|42\/100|[from] item: Black Sludge\n|upkeep\n|\n|t:|1700332586\n|switch|p2a: Dragapult|Dragapult, F, shiny|100\/100\n|turn|6\n|\n|t:|1700332598\n|move|p2a: Dragapult|Dragon Darts|p1a: Dragalge\n|-supereffective|p1a: Dragalge\n|-damage|p1a: Dragalge|0 fnt\n|faint|p1a: Dragalge\n|\n|upkeep\n|\n|t:|1700332607\n|switch|p1a: Goodra|Goodra-Hisui, F|100\/100\n|-damage|p1a: Goodra|94\/100|[from] Stealth Rock\n|-damage|p1a: Goodra|78\/100|[from] Spikes\n|turn|7\n|\n|t:|1700332631\n|move|p2a: Dragapult|Confuse Ray|p1a: Goodra\n|-start|p1a: Goodra|confusion\n|-activate|p1a: Goodra|confusion\n|move|p1a: Goodra|Ice Beam|p2a: Dragapult\n|-supereffective|p2a: Dragapult\n|-damage|p2a: Dragapult|6\/100\n|-status|p2a: Dragapult|frz\n|-start|p1a: Goodra|Disable|Ice Beam|[from] ability: Cursed Body|[of] p2a: Dragapult\n|\n|upkeep\n|turn|8\n|\n|t:|1700332642\n|cant|p2a: Dragapult|frz\n|-end|p1a: Goodra|confusion\n|move|p1a: Goodra|Flash Cannon|p2a: Dragapult\n|-damage|p2a: Dragapult|0 fnt\n|faint|p2a: Dragapult\n|\n|upkeep\n|\n|t:|1700332649\n|switch|p2a: Iron Jugulis|Iron Jugulis|100\/100\n|-enditem|p2a: Iron Jugulis|Booster Energy\n|-activate|p2a: Iron Jugulis|ability: Quark Drive|[fromitem]\n|-start|p2a: Iron Jugulis|quarkdrivespe\n|turn|9\n|\n|t:|1700332657\n|-terastallize|p2a: Iron Jugulis|Water\n|move|p2a: Iron Jugulis|Earth Power|p1a: Goodra\n|-supereffective|p1a: Goodra\n|-damage|p1a: Goodra|40\/100\n|-unboost|p1a: Goodra|spd|1\n|move|p1a: Goodra|Thunderbolt|p2a: Iron Jugulis\n|-supereffective|p2a: Iron Jugulis\n|-damage|p2a: Iron Jugulis|8\/100\n|\n|upkeep\n|turn|10\n|\n|t:|1700332670\n|move|p2a: Iron Jugulis|Earth Power|p1a: Goodra\n|-supereffective|p1a: Goodra\n|-damage|p1a: Goodra|0 fnt\n|faint|p1a: Goodra\n|\n|upkeep\n|\n|t:|1700332680\n|switch|p1a: Dragonite|Dragonite, M, shiny|100\/100\n|-damage|p1a: Dragonite|75\/100|[from] Stealth Rock\n|turn|11\n|\n|t:|1700332689\n|move|p2a: Iron Jugulis|Dark Pulse|p1a: Dragonite\n|-damage|p1a: Dragonite|36\/100\n|move|p1a: Dragonite|Dragon Dance|p1a: Dragonite\n|-boost|p1a: Dragonite|atk|1\n|-boost|p1a: Dragonite|spe|1\n|\n|upkeep\n|turn|12\n|\n|t:|1700332699\n|move|p2a: Iron Jugulis|Dark Pulse|p1a: Dragonite\n|-damage|p1a: Dragonite|0 fnt\n|faint|p1a: Dragonite\n|\n|upkeep\n|\n|t:|1700332747\n|switch|p1a: Walking Wake|Walking Wake|100\/100\n|-damage|p1a: Walking Wake|88\/100|[from] Stealth Rock\n|-damage|p1a: Walking Wake|72\/100|[from] Spikes\n|turn|13\n|\n|t:|1700332754\n|move|p2a: Iron Jugulis|Dark Pulse|p1a: Walking Wake\n|-damage|p1a: Walking Wake|23\/100\n|move|p1a: Walking Wake|Sunny Day|p1a: Walking Wake\n|-weather|SunnyDay\n|-activate|p1a: Walking Wake|ability: Protosynthesis\n|-start|p1a: Walking Wake|protosynthesisspe\n|\n|-weather|SunnyDay|[upkeep]\n|upkeep\n|turn|14\n|\n|t:|1700332763\n|move|p1a: Walking Wake|Hydro Steam|p2a: Iron Jugulis\n|-resisted|p2a: Iron Jugulis\n|-damage|p2a: Iron Jugulis|0 fnt\n|faint|p2a: Iron Jugulis\n|-end|p2a: Iron Jugulis|Quark Drive|[silent]\n|\n|-weather|SunnyDay|[upkeep]\n|upkeep\n|-message|destrucity543 forfeited.\n|\n|win|edgypunishment\n|raw|edgypunishment's rating: 1157 &rarr; <strong>1179<\/strong><br \/>(+22 for winning)\n|raw|destrucity543's rating: 1111 &rarr; <strong>1089<\/strong><br \/>(-22 for losing)\n|l|\u2606destrucity543\n","uploadtime":1700332777,"views":8,"p1id":"edgypunishment","p2id":"destrucity543","formatid":"gen9ou","rating":1089,"private":0,"password":""}