{"id":"gen9ou-1994026985","p1":"warsame122","p2":"Fazticeiro","format":"[Gen 9] OU","log":"|j|\u2606warsame122\n|j|\u2606Fazticeiro\n|t:|1700396043\n|gametype|singles\n|player|p1|warsame122|2|1121\n|player|p2|Fazticeiro|marley|1056\n|teamsize|p1|6\n|teamsize|p2|6\n|gen|9\n|tier|[Gen 9] OU\n|rated|\n|rule|Sleep Clause Mod: Limit one foe put to sleep\n|rule|Species Clause: Limit one of each Pok\u00e9mon\n|rule|OHKO Clause: OHKO moves are banned\n|rule|Evasion Items Clause: Evasion items are banned\n|rule|Evasion Moves Clause: Evasion moves are banned\n|rule|Endless Battle Clause: Forcing endless battles is banned\n|rule|HP Percentage Mod: HP is shown in percentages\n|clearpoke\n|poke|p1|Rillaboom, M|\n|poke|p1|Great Tusk|\n|poke|p1|Sneasler, M|\n|poke|p1|Walking Wake|\n|poke|p1|Iron Moth|\n|poke|p1|Umbreon, F|\n|poke|p2|Amoonguss, M|\n|poke|p2|Iron Hands|\n|poke|p2|Gardevoir, M|\n|poke|p2|Garchomp, F|\n|poke|p2|Samurott-Hisui, F|\n|poke|p2|Rotom-Heat|\n|teampreview\n|\n|t:|1700396048\n|start\n|switch|p1a: Great Tusk|Great Tusk|100\/100\n|switch|p2a: Rotom|Rotom-Heat, shiny|100\/100\n|-enditem|p1a: Great Tusk|Booster Energy\n|-activate|p1a: Great Tusk|ability: Protosynthesis|[fromitem]\n|-start|p1a: Great Tusk|protosynthesisatk\n|turn|1\n|inactive|Battle timer is ON: inactive players will automatically lose when time's up. (requested by warsame122)\n|\n|t:|1700396058\n|move|p2a: Rotom|Trick|p1a: Great Tusk\n|-activate|p2a: Rotom|move: Trick|[of] p1a: Great Tusk\n|-item|p1a: Great Tusk|Choice Specs|[from] move: Trick\n|-enditem|p2a: Rotom|Choice Specs|[silent]|[from] move: Trick\n|move|p1a: Great Tusk|Rapid Spin|p2a: Rotom\n|-damage|p2a: Rotom|69\/100\n|-boost|p1a: Great Tusk|spe|1\n|\n|upkeep\n|turn|2\n|\n|t:|1700396065\n|switch|p2a: Garchomp|Garchomp, F|100\/100\n|move|p1a: Great Tusk|Rapid Spin|p2a: Garchomp\n|-damage|p2a: Garchomp|85\/100\n|-boost|p1a: Great Tusk|spe|1\n|-damage|p1a: Great Tusk|88\/100|[from] ability: Rough Skin|[of] p2a: Garchomp\n|-damage|p1a: Great Tusk|71\/100|[from] item: Rocky Helmet|[of] p2a: Garchomp\n|\n|upkeep\n|turn|3\n|\n|t:|1700396074\n|move|p1a: Great Tusk|Rapid Spin|p2a: Garchomp\n|-damage|p2a: Garchomp|72\/100\n|-boost|p1a: Great Tusk|spe|1\n|-damage|p1a: Great Tusk|59\/100|[from] ability: Rough Skin|[of] p2a: Garchomp\n|-damage|p1a: Great Tusk|42\/100|[from] item: Rocky Helmet|[of] p2a: Garchomp\n|move|p2a: Garchomp|Stealth Rock|p1a: Great Tusk\n|-sidestart|p1: warsame122|move: Stealth Rock\n|\n|upkeep\n|turn|4\n|\n|t:|1700396086\n|switch|p2a: Iron Hands|Iron Hands|100\/100\n|move|p1a: Great Tusk|Rapid Spin|p2a: Iron Hands\n|-damage|p2a: Iron Hands|85\/100\n|-boost|p1a: Great Tusk|spe|1\n|-sideend|p1: warsame122|Stealth Rock|[from] move: Rapid Spin|[of] p1a: Great Tusk\n|\n|-heal|p2a: Iron Hands|92\/100|[from] item: Leftovers\n|upkeep\n|turn|5\n|\n|t:|1700396091\n|move|p1a: Great Tusk|Rapid Spin|p2a: Iron Hands\n|-damage|p2a: Iron Hands|78\/100\n|-boost|p1a: Great Tusk|spe|1\n|move|p2a: Iron Hands|Swords Dance|p2a: Iron Hands\n|-boost|p2a: Iron Hands|atk|2\n|\n|-heal|p2a: Iron Hands|84\/100|[from] item: Leftovers\n|upkeep\n|turn|6\n|\n|t:|1700396102\n|-end|p1a: Great Tusk|Protosynthesis|[silent]\n|switch|p1a: Rillaboom|Rillaboom, M|100\/100\n|-fieldstart|move: Grassy Terrain|[from] ability: Grassy Surge|[of] p1a: Rillaboom\n|-enditem|p1a: Rillaboom|Grassy Seed\n|-boost|p1a: Rillaboom|def|1|[from] item: Grassy Seed\n|move|p2a: Iron Hands|Ice Punch|p1a: Rillaboom\n|-supereffective|p1a: Rillaboom\n|-damage|p1a: Rillaboom|5\/100\n|\n|-heal|p1a: Rillaboom|11\/100|[from] Grassy Terrain\n|-heal|p2a: Iron Hands|90\/100|[from] Grassy Terrain\n|-heal|p2a: Iron Hands|96\/100|[from] item: Leftovers\n|upkeep\n|turn|7\n|\n|t:|1700396111\n|move|p1a: Rillaboom|Earthquake|p2a: Iron Hands\n|-supereffective|p2a: Iron Hands\n|-damage|p2a: Iron Hands|76\/100\n|move|p2a: Iron Hands|Ice Punch|p1a: Rillaboom\n|-supereffective|p1a: Rillaboom\n|-damage|p1a: Rillaboom|0 fnt\n|faint|p1a: Rillaboom\n|\n|-heal|p2a: Iron Hands|82\/100|[from] Grassy Terrain\n|-heal|p2a: Iron Hands|89\/100|[from] item: Leftovers\n|upkeep\n|\n|t:|1700396114\n|switch|p1a: Sneasler|Sneasler, M|100\/100\n|-enditem|p1a: Sneasler|Grassy Seed\n|-boost|p1a: Sneasler|def|1|[from] item: Grassy Seed\n|turn|8\n|\n|t:|1700396118\n|move|p1a: Sneasler|Swords Dance|p1a: Sneasler\n|-boost|p1a: Sneasler|atk|2\n|move|p2a: Iron Hands|Drain Punch|p1a: Sneasler\n|-resisted|p1a: Sneasler\n|-damage|p1a: Sneasler|45\/100\n|-heal|p2a: Iron Hands|100\/100|[from] drain|[of] p1a: Sneasler\n|\n|-heal|p1a: Sneasler|51\/100|[from] Grassy Terrain\n|upkeep\n|turn|9\n|\n|t:|1700396124\n|move|p1a: Sneasler|Dire Claw|p2a: Iron Hands\n|-damage|p2a: Iron Hands|44\/100\n|move|p2a: Iron Hands|Wild Charge|p1a: Sneasler\n|-damage|p1a: Sneasler|0 fnt\n|faint|p1a: Sneasler\n|-damage|p2a: Iron Hands|37\/100|[from] Recoil\n|\n|-heal|p2a: Iron Hands|43\/100|[from] Grassy Terrain\n|-heal|p2a: Iron Hands|49\/100|[from] item: Leftovers\n|upkeep\n|\n|t:|1700396133\n|switch|p1a: Iron Moth|Iron Moth|100\/100\n|-enditem|p1a: Iron Moth|Booster Energy\n|-activate|p1a: Iron Moth|ability: Quark Drive|[fromitem]\n|-start|p1a: Iron Moth|quarkdrivespe\n|turn|10\n|\n|t:|1700396139\n|move|p1a: Iron Moth|Fiery Dance|p2a: Iron Hands\n|-damage|p2a: Iron Hands|17\/100\n|-boost|p1a: Iron Moth|spa|1\n|move|p2a: Iron Hands|Wild Charge|p1a: Iron Moth\n|-damage|p1a: Iron Moth|0 fnt\n|faint|p1a: Iron Moth\n|-end|p1a: Iron Moth|Quark Drive|[silent]\n|-damage|p2a: Iron Hands|0 fnt|[from] Recoil\n|faint|p2a: Iron Hands\n|-end|p2a: Iron Hands|Quark Drive|[silent]\n|\n|-fieldend|move: Grassy Terrain\n|upkeep\n|\n|t:|1700396147\n|switch|p1a: Walking Wake|Walking Wake|100\/100\n|switch|p2a: Rotom|Rotom-Heat, shiny|69\/100\n|-enditem|p1a: Walking Wake|Booster Energy\n|-activate|p1a: Walking Wake|ability: Protosynthesis|[fromitem]\n|-start|p1a: Walking Wake|protosynthesisspe\n|turn|11\n|\n|t:|1700396155\n|move|p1a: Walking Wake|Surf|p2a: Rotom\n|-supereffective|p2a: Rotom\n|-damage|p2a: Rotom|0 fnt\n|faint|p2a: Rotom\n|\n|upkeep\n|\n|t:|1700396158\n|switch|p2a: Sussy Baka|Amoonguss, M, shiny|100\/100\n|turn|12\n|\n|t:|1700396161\n|move|p1a: Walking Wake|Flamethrower|p2a: Sussy Baka\n|-supereffective|p2a: Sussy Baka\n|-damage|p2a: Sussy Baka|57\/100\n|move|p2a: Sussy Baka|Toxic|p1a: Walking Wake\n|-status|p1a: Walking Wake|tox\n|\n|-heal|p2a: Sussy Baka|63\/100|[from] item: Black Sludge\n|-damage|p1a: Walking Wake|94\/100 tox|[from] psn\n|upkeep\n|turn|13\n|\n|t:|1700396168\n|move|p1a: Walking Wake|Flamethrower|p2a: Sussy Baka\n|-supereffective|p2a: Sussy Baka\n|-damage|p2a: Sussy Baka|22\/100\n|move|p2a: Sussy Baka|Giga Drain|p1a: Walking Wake\n|-damage|p1a: Walking Wake|67\/100 tox\n|-heal|p2a: Sussy Baka|32\/100|[from] drain|[of] p1a: Walking Wake\n|\n|-heal|p2a: Sussy Baka|39\/100|[from] item: Black Sludge\n|-damage|p1a: Walking Wake|54\/100 tox|[from] psn\n|upkeep\n|turn|14\n|\n|t:|1700396174\n|move|p2a: Sussy Baka|Protect|p2a: Sussy Baka\n|-singleturn|p2a: Sussy Baka|Protect\n|move|p1a: Walking Wake|Flamethrower|p2a: Sussy Baka\n|-activate|p2a: Sussy Baka|move: Protect\n|\n|-heal|p2a: Sussy Baka|45\/100|[from] item: Black Sludge\n|-damage|p1a: Walking Wake|36\/100 tox|[from] psn\n|upkeep\n|turn|15\n|\n|t:|1700396179\n|-terastallize|p2a: Sussy Baka|Rock\n|move|p1a: Walking Wake|Flamethrower|p2a: Sussy Baka\n|-resisted|p2a: Sussy Baka\n|-damage|p2a: Sussy Baka|35\/100\n|move|p2a: Sussy Baka|Giga Drain|p1a: Walking Wake\n|-damage|p1a: Walking Wake|10\/100 tox\n|-heal|p2a: Sussy Baka|45\/100|[from] drain|[of] p1a: Walking Wake\n|\n|-damage|p2a: Sussy Baka|32\/100|[from] item: Black Sludge\n|-damage|p1a: Walking Wake|0 fnt|[from] psn\n|faint|p1a: Walking Wake\n|-end|p1a: Walking Wake|Protosynthesis|[silent]\n|upkeep\n|\n|t:|1700396182\n|switch|p1a: Umbreon|Umbreon, F|100\/100\n|turn|16\n|\n|t:|1700396188\n|move|p1a: Umbreon|Calm Mind|p1a: Umbreon\n|-boost|p1a: Umbreon|spa|1\n|-boost|p1a: Umbreon|spd|1\n|move|p2a: Sussy Baka|Toxic|p1a: Umbreon\n|-status|p1a: Umbreon|tox\n|-activate|p1a: Umbreon|ability: Synchronize\n|-status|p2a: Sussy Baka|tox\n|\n|-damage|p2a: Sussy Baka|20\/100 tox|[from] item: Black Sludge\n|-damage|p1a: Umbreon|94\/100 tox|[from] psn\n|-damage|p2a: Sussy Baka|13\/100 tox|[from] psn\n|upkeep\n|turn|17\n|\n|t:|1700396196\n|move|p1a: Umbreon|Shadow Ball|p2a: Sussy Baka\n|-damage|p2a: Sussy Baka|0 fnt\n|faint|p2a: Sussy Baka\n|\n|-damage|p1a: Umbreon|82\/100 tox|[from] psn\n|upkeep\n|\n|t:|1700396200\n|switch|p2a: Shirohige|Samurott-Hisui, F, shiny|100\/100\n|turn|18\n|\n|t:|1700396206\n|-terastallize|p1a: Umbreon|Steel\n|move|p2a: Shirohige|Brick Break|p1a: Umbreon\n|-supereffective|p1a: Umbreon\n|-damage|p1a: Umbreon|35\/100 tox\n|move|p1a: Umbreon|Calm Mind|p1a: Umbreon\n|-boost|p1a: Umbreon|spa|1\n|-boost|p1a: Umbreon|spd|1\n|\n|-damage|p1a: Umbreon|17\/100 tox|[from] psn\n|upkeep\n|turn|19\n|\n|t:|1700396219\n|move|p2a: Shirohige|Brick Break|p1a: Umbreon\n|-supereffective|p1a: Umbreon\n|-damage|p1a: Umbreon|0 fnt\n|faint|p1a: Umbreon\n|\n|upkeep\n|\n|t:|1700396220\n|switch|p1a: Great Tusk|Great Tusk|42\/100\n|turn|20\n|\n|t:|1700396224\n|move|p2a: Shirohige|Aqua Cutter|p1a: Great Tusk\n|-supereffective|p1a: Great Tusk\n|-damage|p1a: Great Tusk|0 fnt\n|faint|p1a: Great Tusk\n|-end|p1a: Great Tusk|Protosynthesis|[silent]\n|\n|win|Fazticeiro\n|raw|warsame122's rating: 1121 &rarr; <strong>1091<\/strong><br \/>(-30 for losing)\n|raw|Fazticeiro's rating: 1056 &rarr; <strong>1093<\/strong><br \/>(+37 for winning)\n|l|\u2606Fazticeiro\n|j|\u2606Fazticeiro\n|player|p2|Fazticeiro|marley\n","uploadtime":1700396240,"views":8,"p1id":"warsame122","p2id":"fazticeiro","formatid":"gen9ou","rating":1091,"private":0,"password":""}