{"id":"gen9ou-1994131544","p1":"knexhawk2","p2":"ademalawerr","format":"[Gen 9] OU","log":"|j|\u2606knexhawk2\n|j|\u2606ademalawerr\n|inactive|Battle timer is ON: inactive players will automatically lose when time's up.\n|t:|1700410607\n|gametype|singles\n|player|p1|knexhawk2|benga|\n|player|p2|ademalawerr|fisherman|\n|teamsize|p1|6\n|teamsize|p2|6\n|gen|9\n|tier|[Gen 9] OU\n|rated|Tournament battle\n|rule|Sleep Clause Mod: Limit one foe put to sleep\n|rule|Species Clause: Limit one of each Pok\u00e9mon\n|rule|OHKO Clause: OHKO moves are banned\n|rule|Evasion Items Clause: Evasion items are banned\n|rule|Evasion Moves Clause: Evasion moves are banned\n|rule|Endless Battle Clause: Forcing endless battles is banned\n|rule|HP Percentage Mod: HP is shown in percentages\n|clearpoke\n|poke|p1|Goodra-Hisui, F|\n|poke|p1|Blissey, F|\n|poke|p1|Dondozo, F|\n|poke|p1|Cyclizar, M|\n|poke|p1|Alomomola, F|\n|poke|p1|Clodsire, F|\n|poke|p2|Rillaboom, F|\n|poke|p2|Garganacl, F|\n|poke|p2|Landorus-Therian, M|\n|poke|p2|Mandibuzz, F|\n|poke|p2|Ogerpon-Wellspring, F|\n|poke|p2|Ursaluna, M|\n|teampreview\n|inactive|ademalawerr also wants the timer to be on.\n|j| GengarAdept\n|j| Light Tbuild\n|j| cg academy\n|c|\u2606ademalawerr|glhf\n|j| RUBIAA\n|j| AbrarS\n|c|\u2606knexhawk2|u2\n|j| poXSD\n|j| Chimeling\n|j| SDK04\n|j| ferdidekanto\n|\n|t:|1700410636\n|start\n|switch|p1a: Cyclizar|Cyclizar, M|100\/100\n|switch|p2a: Psyccubus|Landorus-Therian, M, shiny|100\/100\n|-ability|p2a: Psyccubus|Intimidate|boost\n|-unboost|p1a: Cyclizar|atk|1\n|turn|1\n|l| SDK04\n|\n|t:|1700410647\n|move|p1a: Cyclizar|Knock Off|p2a: Psyccubus\n|-damage|p2a: Psyccubus|85\/100\n|-enditem|p2a: Psyccubus|Leftovers|[from] move: Knock Off|[of] p1a: Cyclizar\n|move|p2a: Psyccubus|U-turn|p1a: Cyclizar\n|-damage|p1a: Cyclizar|73\/100\n|j| Rextestear\n|\n|t:|1700410651\n|switch|p2a: Ligma|Ursaluna, M|100\/100|[from] U-turn\n|\n|-status|p2a: Ligma|brn|[from] item: Flame Orb\n|upkeep\n|turn|2\n|l| Rextestear\n|\n|t:|1700410655\n|move|p1a: Cyclizar|U-turn|p2a: Ligma\n|-damage|p2a: Ligma|93\/100 brn\n|\n|t:|1700410659\n|switch|p1a: Alomomola|Alomomola, F|100\/100|[from] U-turn\n|move|p2a: Ligma|Facade|p1a: Alomomola\n|-crit|p1a: Alomomola\n|-damage|p1a: Alomomola|0 fnt\n|faint|p1a: Alomomola\n|\n|-damage|p2a: Ligma|87\/100 brn|[from] brn\n|upkeep\n|j| Mr.Hardware\n|c|\u2606knexhawk2|lol gg\n|\n|t:|1700410664\n|switch|p1a: Goodra|Goodra-Hisui, F|100\/100\n|turn|3\n|c| Chimeling|:O\n|\n|t:|1700410668\n|-terastallize|p2a: Ligma|Ghost\n|-terastallize|p1a: Goodra|Fairy\n|move|p2a: Ligma|Close Combat|p1a: Goodra\n|-resisted|p1a: Goodra\n|-damage|p1a: Goodra|78\/100\n|-unboost|p2a: Ligma|def|1\n|-unboost|p2a: Ligma|spd|1\n|move|p1a: Goodra|Acid Armor|p1a: Goodra\n|-boost|p1a: Goodra|def|2\n|\n|-damage|p2a: Ligma|81\/100 brn|[from] brn\n|upkeep\n|turn|4\n|c|\u2606knexhawk2|unless?\n|\n|t:|1700410682\n|switch|p2a: Ogertime|Ogerpon-Wellspring, F|100\/100\n|move|p1a: Goodra|Acid Armor|p1a: Goodra\n|-boost|p1a: Goodra|def|2\n|\n|upkeep\n|turn|5\n|c| AbrarS|RIP big stall\n|\n|t:|1700410684\n|switch|p1a: Cyclizar|Cyclizar, M|100\/100\n|move|p2a: Ogertime|Encore||[still]\n|-fail|p2a: Ogertime\n|\n|upkeep\n|turn|6\n|\n|t:|1700410690\n|switch|p2a: Psyccubus|Landorus-Therian, M, shiny|85\/100\n|-ability|p2a: Psyccubus|Intimidate|boost\n|-unboost|p1a: Cyclizar|atk|1\n|move|p1a: Cyclizar|U-turn|p2a: Psyccubus\n|-resisted|p2a: Psyccubus\n|-damage|p2a: Psyccubus|81\/100\n|c|\u2606knexhawk2|if i pressed there\n|\n|t:|1700410698\n|switch|p1a: Goodra|Goodra-Hisui, F, tera:Fairy|78\/100|[from] U-turn\n|\n|upkeep\n|turn|7\n|\n|t:|1700410702\n|move|p2a: Psyccubus|Taunt|p1a: Goodra\n|-start|p1a: Goodra|move: Taunt\n|cant|p1a: Goodra|move: Taunt|Acid Armor\n|\n|upkeep\n|turn|8\n|j| Pikablu007\n|\n|t:|1700410705\n|switch|p1a: Dondozo|Dondozo, F|100\/100\n|move|p2a: Psyccubus|Stealth Rock|p1a: Dondozo\n|-sidestart|p1: knexhawk2|move: Stealth Rock\n|\n|upkeep\n|turn|9\n|\n|t:|1700410708\n|switch|p1a: Cyclizar|Cyclizar, M|100\/100\n|move|p2a: Psyccubus|Taunt|p1a: Cyclizar\n|-start|p1a: Cyclizar|move: Taunt\n|\n|upkeep\n|turn|10\n|\n|t:|1700410714\n|move|p1a: Cyclizar|Rapid Spin|p2a: Psyccubus\n|-damage|p2a: Psyccubus|65\/100\n|-boost|p1a: Cyclizar|spe|1\n|-sideend|p1: knexhawk2|Stealth Rock|[from] move: Rapid Spin|[of] p1a: Cyclizar\n|move|p2a: Psyccubus|U-turn|p1a: Cyclizar\n|-damage|p1a: Cyclizar|71\/100\n|\n|t:|1700410717\n|switch|p2a: Ligma|Ursaluna, M, tera:Ghost|81\/100 brn|[from] U-turn\n|\n|-damage|p2a: Ligma|75\/100 brn|[from] brn\n|upkeep\n|turn|11\n|\n|t:|1700410722\n|move|p1a: Cyclizar|U-turn|p2a: Ligma\n|-resisted|p2a: Ligma\n|-damage|p2a: Ligma|69\/100 brn\n|\n|t:|1700410724\n|switch|p1a: Clodsire|Clodsire, F|100\/100|[from] U-turn\n|move|p2a: Ligma|Facade|p1a: Clodsire\n|-damage|p1a: Clodsire|0 fnt\n|faint|p1a: Clodsire\n|\n|-damage|p2a: Ligma|63\/100 brn|[from] brn\n|upkeep\n|\n|t:|1700410725\n|switch|p1a: Goodra|Goodra-Hisui, F, tera:Fairy|78\/100\n|turn|12\n|j| AdamPadum\n|\n|t:|1700410729\n|move|p2a: Ligma|Facade|p1a: Goodra\n|-damage|p1a: Goodra|0 fnt\n|faint|p1a: Goodra\n|\n|-damage|p2a: Ligma|57\/100 brn|[from] brn\n|upkeep\n|c| cg academy|oh my\n|c|\u2606knexhawk2|gg lol\n|c| AbrarS|RIP big stall\n|c|\u2606knexhawk2|crit turn 1 boned me\n|-message|knexhawk2 forfeited.\n|\n|win|ademalawerr\n|n|\u2606knexhawk2|knexhawk2\n|n|\u2606ademalawerr|ademalawerr\n|n| GengarAdept|gengaradept\n|n| Light Tbuild|lighttbuild\n|n| cg academy|cgacademy\n|n| RUBIAA|rubiaa\n|n| AbrarS|abrars\n|n| poXSD|poxsd\n|n| Chimeling|chimeling\n|n| ferdidekanto|ferdidekanto\n|n| Mr.Hardware|mrhardware\n|n| Pikablu007|pikablu007\n|n| AdamPadum|adampadum\n|c| AbrarS|The bear did it\n|l| AbrarS\n|l| AdamPadum\n|l| Chimeling\n|l| Pikablu007\n|j| SDK04\n|c|\u2606ademalawerr|gg\n|l| Light Tbuild\n|l| SDK04\n|l| cg academy\n|l| RUBIAA\n|j| TheNewBrends11@!\n|c|\u2606ademalawerr|idt the crit mattered\n|l| TheNewBrends11\n|c|\u2606ademalawerr|didnt it 2hko everything anyway\n|j| TheNewBrends11@!\n|j| Stantler is Uber\n","uploadtime":1700410749,"views":6,"p1id":"knexhawk2","p2id":"ademalawerr","formatid":"gen9ou","rating":0,"private":0,"password":""}