{"id":"gen9ou-1989994974","p1":"topo-miope","p2":"XYZ15","format":"[Gen 9] OU","log":"|j|\u2606topo-miope\n|j|\u2606XYZ15\n|inactive|Battle timer is ON: inactive players will automatically lose when time's up.\n|t:|1699913580\n|gametype|singles\n|player|p1|topo-miope|265|\n|player|p2|XYZ15|rei|\n|teamsize|p1|6\n|teamsize|p2|6\n|gen|9\n|tier|[Gen 9] OU\n|rated|Tournament battle\n|rule|Sleep Clause Mod: Limit one foe put to sleep\n|rule|Species Clause: Limit one of each Pok\u00e9mon\n|rule|OHKO Clause: OHKO moves are banned\n|rule|Evasion Items Clause: Evasion items are banned\n|rule|Evasion Moves Clause: Evasion moves are banned\n|rule|Endless Battle Clause: Forcing endless battles is banned\n|rule|HP Percentage Mod: HP is shown in percentages\n|clearpoke\n|poke|p1|Kingambit, M|\n|poke|p1|Glimmora, F|\n|poke|p1|Zamazenta-*|\n|poke|p1|Iron Valiant|\n|poke|p1|Iron Moth|\n|poke|p1|Ogerpon-Wellspring, F|\n|poke|p2|Alomomola, F|\n|poke|p2|Rillaboom, M|\n|poke|p2|Zapdos|\n|poke|p2|Gholdengo|\n|poke|p2|Dragonite, M|\n|poke|p2|Glimmora, F|\n|teampreview\n|\n|t:|1699913596\n|start\n|switch|p1a: Ogerpon|Ogerpon-Wellspring, F|100\/100\n|switch|p2a: Thunder|Zapdos|100\/100\n|turn|1\n|j| ZeroZangetsu\n|\n|t:|1699913626\n|move|p1a: Ogerpon|Knock Off|p2a: Thunder\n|-damage|p2a: Thunder|55\/100\n|-enditem|p2a: Thunder|Choice Specs|[from] move: Knock Off|[of] p1a: Ogerpon\n|move|p2a: Thunder|U-turn|p1a: Ogerpon\n|-supereffective|p1a: Ogerpon\n|-damage|p1a: Ogerpon|65\/100\n|\n|t:|1699913633\n|switch|p2a: Mola Mola|Alomomola, F|100\/100|[from] U-turn\n|\n|upkeep\n|turn|2\n|\n|t:|1699913638\n|switch|p2a: Thunder|Zapdos|55\/100\n|move|p1a: Ogerpon|Power Whip|p2a: Thunder|[miss]\n|-miss|p1a: Ogerpon|p2a: Thunder\n|\n|upkeep\n|turn|3\n|\n|t:|1699913647\n|move|p1a: Ogerpon|Ivy Cudgel|p2a: Thunder\n|-damage|p2a: Thunder|0 fnt\n|faint|p2a: Thunder\n|\n|upkeep\n|\n|t:|1699913652\n|switch|p2a: Ultimate Weapon|Glimmora, F|100\/100\n|turn|4\n|c|\u2606topo-miope|GG\n|\n|t:|1699913662\n|move|p1a: Ogerpon|Ivy Cudgel|p2a: Ultimate Weapon\n|-supereffective|p2a: Ultimate Weapon\n|-crit|p2a: Ultimate Weapon\n|-enditem|p2a: Ultimate Weapon|Focus Sash\n|-damage|p2a: Ultimate Weapon|1\/100\n|-activate|p2a: Ultimate Weapon|ability: Toxic Debris\n|-sidestart|p1: topo-miope|move: Toxic Spikes\n|move|p2a: Ultimate Weapon|Stealth Rock|p1a: Ogerpon\n|-sidestart|p1: topo-miope|move: Stealth Rock\n|\n|upkeep\n|turn|5\n|\n|t:|1699913681\n|move|p1a: Ogerpon|Knock Off|p2a: Ultimate Weapon\n|-damage|p2a: Ultimate Weapon|0 fnt\n|-activate|p2a: Ultimate Weapon|ability: Toxic Debris\n|-sidestart|p1: topo-miope|move: Toxic Spikes\n|faint|p2a: Ultimate Weapon\n|\n|upkeep\n|\n|t:|1699913684\n|switch|p2a: Ringo|Rillaboom, M|100\/100\n|-fieldstart|move: Grassy Terrain|[from] ability: Grassy Surge|[of] p2a: Ringo\n|turn|6\n|\n|t:|1699913695\n|move|p2a: Ringo|Grassy Glide|p1a: Ogerpon\n|-damage|p1a: Ogerpon|0 fnt\n|faint|p1a: Ogerpon\n|\n|upkeep\n|\n|t:|1699913700\n|switch|p1a: Glimmora|Glimmora, F|100\/100\n|-sideend|p1: topo-miope|move: Toxic Spikes|[of] p1a: Glimmora\n|-damage|p1a: Glimmora|88\/100|[from] Stealth Rock\n|turn|7\n|\n|t:|1699913711\n|switch|p2a: MONEY MONEY MONEY|Gholdengo|100\/100\n|move|p1a: Glimmora|Mortal Spin|p2a: MONEY MONEY MONEY\n|-immune|p2a: MONEY MONEY MONEY\n|\n|-heal|p1a: Glimmora|94\/100|[from] Grassy Terrain\n|upkeep\n|turn|8\n|\n|t:|1699913730\n|switch|p1a: Kingambit|Kingambit, M|100\/100\n|-damage|p1a: Kingambit|94\/100|[from] Stealth Rock\n|-activate|p1a: Kingambit|ability: Supreme Overlord\n|-start|p1a: Kingambit|fallen1|[silent]\n|move|p2a: MONEY MONEY MONEY|Make It Rain|p1a: Kingambit\n|-resisted|p1a: Kingambit\n|-crit|p1a: Kingambit\n|-damage|p1a: Kingambit|40\/100\n|-unboost|p2a: MONEY MONEY MONEY|spa|1\n|\n|-heal|p1a: Kingambit|46\/100|[from] Grassy Terrain\n|upkeep\n|turn|9\n|\n|t:|1699913747\n|switch|p2a: Mola Mola|Alomomola, F|100\/100\n|move|p1a: Kingambit|Kowtow Cleave|p2a: Mola Mola\n|-damage|p2a: Mola Mola|65\/100\n|\n|-heal|p1a: Kingambit|52\/100|[from] Grassy Terrain\n|-heal|p2a: Mola Mola|72\/100|[from] Grassy Terrain\n|-heal|p2a: Mola Mola|78\/100|[from] item: Leftovers\n|upkeep\n|turn|10\n|inactive|topo-miope has 120 seconds left.\n|\n|t:|1699913769\n|-end|p1a: Kingambit|fallen1|[silent]\n|switch|p1a: Zamazenta|Zamazenta, shiny|100\/100\n|-damage|p1a: Zamazenta|94\/100|[from] Stealth Rock\n|-ability|p1a: Zamazenta|Dauntless Shield|boost\n|-boost|p1a: Zamazenta|def|1\n|move|p2a: Mola Mola|Flip Turn|p1a: Zamazenta\n|-damage|p1a: Zamazenta|84\/100\n|\n|t:|1699913775\n|switch|p2a: MONEY MONEY MONEY|Gholdengo|100\/100|[from] Flip Turn\n|\n|-heal|p1a: Zamazenta|90\/100|[from] Grassy Terrain\n|-heal|p1a: Zamazenta|96\/100|[from] item: Leftovers\n|-fieldend|move: Grassy Terrain\n|upkeep\n|turn|11\n|inactive|topo-miope has 120 seconds left.\n|\n|t:|1699913793\n|move|p2a: MONEY MONEY MONEY|Make It Rain|p1a: Zamazenta\n|-damage|p1a: Zamazenta|39\/100\n|-unboost|p2a: MONEY MONEY MONEY|spa|1\n|move|p1a: Zamazenta|Crunch|p2a: MONEY MONEY MONEY\n|-supereffective|p2a: MONEY MONEY MONEY\n|-damage|p2a: MONEY MONEY MONEY|43\/100\n|\n|-heal|p1a: Zamazenta|45\/100|[from] item: Leftovers\n|upkeep\n|turn|12\n|inactive|topo-miope has 120 seconds left.\n|\n|t:|1699913805\n|switch|p2a: Mola Mola|Alomomola, F|100\/100\n|move|p1a: Zamazenta|Crunch|p2a: Mola Mola\n|-damage|p2a: Mola Mola|86\/100\n|-unboost|p2a: Mola Mola|def|1\n|\n|-heal|p1a: Zamazenta|52\/100|[from] item: Leftovers\n|-heal|p2a: Mola Mola|93\/100|[from] item: Leftovers\n|upkeep\n|turn|13\n|inactive|topo-miope has 120 seconds left.\n|\n|t:|1699913819\n|move|p1a: Zamazenta|Body Press|p2a: Mola Mola\n|-damage|p2a: Mola Mola|54\/100\n|move|p2a: Mola Mola|Wish|p2a: Mola Mola\n|\n|-heal|p1a: Zamazenta|58\/100|[from] item: Leftovers\n|-heal|p2a: Mola Mola|60\/100|[from] item: Leftovers\n|upkeep\n|turn|14\n|\n|t:|1699913828\n|move|p1a: Zamazenta|Body Press|p2a: Mola Mola\n|-damage|p2a: Mola Mola|18\/100\n|move|p2a: Mola Mola|Flip Turn|p1a: Zamazenta\n|-damage|p1a: Zamazenta|48\/100\n|\n|t:|1699913831\n|switch|p2a: MONEY MONEY MONEY|Gholdengo|43\/100|[from] Flip Turn\n|\n|-heal|p2a: MONEY MONEY MONEY|100\/100|[from] move: Wish|[wisher] Mola Mola\n|-heal|p1a: Zamazenta|54\/100|[from] item: Leftovers\n|upkeep\n|turn|15\n|inactive|topo-miope has 120 seconds left.\n|\n|t:|1699913866\n|move|p2a: MONEY MONEY MONEY|Make It Rain|p1a: Zamazenta\n|-damage|p1a: Zamazenta|0 fnt\n|-unboost|p2a: MONEY MONEY MONEY|spa|1\n|faint|p1a: Zamazenta\n|\n|upkeep\n|inactive|topo-miope has 90 seconds left.\n|\n|t:|1699913894\n|switch|p1a: Glimmora|Glimmora, F|94\/100\n|-damage|p1a: Glimmora|82\/100|[from] Stealth Rock\n|turn|16\n|j| RageIsLost\n|\n|t:|1699913899\n|move|p2a: MONEY MONEY MONEY|Make It Rain|p1a: Glimmora\n|-supereffective|p1a: Glimmora\n|-damage|p1a: Glimmora|0 fnt\n|-unboost|p2a: MONEY MONEY MONEY|spa|1\n|faint|p1a: Glimmora\n|\n|upkeep\n|inactive|topo-miope has 90 seconds left.\n|\n|t:|1699913914\n|switch|p1a: Iron Moth|Iron Moth|100\/100\n|-damage|p1a: Iron Moth|76\/100|[from] Stealth Rock\n|-enditem|p1a: Iron Moth|Booster Energy\n|-activate|p1a: Iron Moth|ability: Quark Drive|[fromitem]\n|-start|p1a: Iron Moth|quarkdrivespe\n|turn|17\n|c| ZeroZangetsu|hubiera sido un placer combatir contra ti XYZ15\n|c|\u2606XYZ15|nimodo\n|\n|t:|1699913931\n|switch|p2a: Mola Mola|Alomomola, F|51\/100\n|move|p1a: Iron Moth|Substitute|p1a: Iron Moth\n|-start|p1a: Iron Moth|Substitute\n|-damage|p1a: Iron Moth|51\/100\n|\n|-heal|p2a: Mola Mola|57\/100|[from] item: Leftovers\n|upkeep\n|turn|18\n|c| ZeroZangetsu|pero el internet esta pesimo\n|\n|t:|1699913942\n|move|p1a: Iron Moth|Sludge Wave|p2a: Mola Mola\n|-damage|p2a: Mola Mola|0 fnt\n|faint|p2a: Mola Mola\n|\n|upkeep\n|\n|t:|1699913948\n|switch|p2a: It's coming|Dragonite, M|100\/100\n|turn|19\n|c| ZeroZangetsu|asi que nimodo toca spectear\n|\n|t:|1699913961\n|move|p2a: It's coming|Extreme Speed|p1a: Iron Moth\n|-end|p1a: Iron Moth|Substitute\n|move|p1a: Iron Moth|Fiery Dance|p2a: It's coming\n|-resisted|p2a: It's coming\n|-damage|p2a: It's coming|90\/100\n|-boost|p1a: Iron Moth|spa|1\n|\n|upkeep\n|turn|20\n|inactive|topo-miope has 90 seconds left.\n|\n|t:|1699913991\n|-end|p1a: Iron Moth|Quark Drive|[silent]\n|switch|p1a: Kingambit|Kingambit, M|52\/100\n|-damage|p1a: Kingambit|46\/100|[from] Stealth Rock\n|-activate|p1a: Kingambit|ability: Supreme Overlord\n|-start|p1a: Kingambit|fallen3|[silent]\n|move|p2a: It's coming|Dragon Dance|p2a: It's coming\n|-boost|p2a: It's coming|atk|1\n|-boost|p2a: It's coming|spe|1\n|\n|upkeep\n|turn|21\n|inactive|XYZ15 has 120 seconds left.\n|\n|t:|1699914024\n|switch|p2a: Ringo|Rillaboom, M|100\/100\n|-fieldstart|move: Grassy Terrain|[from] ability: Grassy Surge|[of] p2a: Ringo\n|move|p1a: Kingambit|Sucker Punch||[still]\n|-fail|p1a: Kingambit\n|\n|-heal|p1a: Kingambit|52\/100|[from] Grassy Terrain\n|upkeep\n|turn|22\n|inactive|XYZ15 has 120 seconds left.\n|\n|t:|1699914048\n|-terastallize|p1a: Kingambit|Flying\n|move|p2a: Ringo|Wood Hammer|p1a: Kingambit\n|-resisted|p1a: Kingambit\n|-damage|p1a: Kingambit|5\/100\n|-damage|p2a: Ringo|85\/100|[from] Recoil\n|move|p1a: Kingambit|Swords Dance|p1a: Kingambit\n|-boost|p1a: Kingambit|atk|2\n|\n|-heal|p2a: Ringo|91\/100|[from] Grassy Terrain\n|upkeep\n|turn|23\n|inactive|XYZ15 has 120 seconds left.\n|\n|t:|1699914065\n|switch|p2a: It's coming|Dragonite, M|90\/100\n|move|p1a: Kingambit|Sucker Punch||[still]\n|-fail|p1a: Kingambit\n|\n|upkeep\n|turn|24\n|\n|t:|1699914076\n|move|p2a: It's coming|Extreme Speed|p1a: Kingambit\n|-damage|p1a: Kingambit|0 fnt\n|faint|p1a: Kingambit\n|-end|p1a: Kingambit|fallen3|[silent]\n|\n|upkeep\n|\n|t:|1699914082\n|switch|p1a: Iron Valiant|Iron Valiant|100\/100\n|-damage|p1a: Iron Valiant|94\/100|[from] Stealth Rock\n|-enditem|p1a: Iron Valiant|Booster Energy\n|-activate|p1a: Iron Valiant|ability: Quark Drive|[fromitem]\n|-start|p1a: Iron Valiant|quarkdrivespe\n|turn|25\n|\n|t:|1699914091\n|switch|p2a: MONEY MONEY MONEY|Gholdengo|100\/100\n|move|p1a: Iron Valiant|Hypnosis|p2a: MONEY MONEY MONEY\n|-immune|p2a: MONEY MONEY MONEY|[from] ability: Good as Gold\n|\n|-heal|p1a: Iron Valiant|100\/100|[from] Grassy Terrain\n|-fieldend|move: Grassy Terrain\n|upkeep\n|turn|26\n|\n|t:|1699914100\n|move|p1a: Iron Valiant|Psyshock|p2a: MONEY MONEY MONEY\n|-resisted|p2a: MONEY MONEY MONEY\n|-damage|p2a: MONEY MONEY MONEY|86\/100\n|move|p2a: MONEY MONEY MONEY|Make It Rain|p1a: Iron Valiant\n|-supereffective|p1a: Iron Valiant\n|-damage|p1a: Iron Valiant|0 fnt\n|-unboost|p2a: MONEY MONEY MONEY|spa|1\n|faint|p1a: Iron Valiant\n|-end|p1a: Iron Valiant|Quark Drive|[silent]\n|\n|upkeep\n|\n|t:|1699914103\n|switch|p1a: Iron Moth|Iron Moth|51\/100\n|-damage|p1a: Iron Moth|26\/100|[from] Stealth Rock\n|turn|27\n|c| ZeroZangetsu|se regalo\n|\n|t:|1699914108\n|move|p2a: MONEY MONEY MONEY|Make It Rain|p1a: Iron Moth\n|-resisted|p1a: Iron Moth\n|-damage|p1a: Iron Moth|3\/100\n|-unboost|p2a: MONEY MONEY MONEY|spa|1\n|move|p1a: Iron Moth|Fiery Dance|p2a: MONEY MONEY MONEY\n|-supereffective|p2a: MONEY MONEY MONEY\n|-crit|p2a: MONEY MONEY MONEY\n|-damage|p2a: MONEY MONEY MONEY|0 fnt\n|faint|p2a: MONEY MONEY MONEY\n|\n|upkeep\n|\n|t:|1699914115\n|switch|p2a: It's coming|Dragonite, M|90\/100\n|turn|28\n|\n|t:|1699914118\n|move|p2a: It's coming|Extreme Speed|p1a: Iron Moth\n|-damage|p1a: Iron Moth|0 fnt\n|faint|p1a: Iron Moth\n|-end|p1a: Iron Moth|Quark Drive|[silent]\n|\n|win|XYZ15\n|n|\u2606topo-miope|topomiope\n|n|\u2606XYZ15|xyz15\n|n| ZeroZangetsu|zerozangetsu\n|n| RageIsLost|rageislost\n|c|\u2606XYZ15|gg\n|c| RageIsLost|gg\n|c| ZeroZangetsu|debio usar a iron moth fue un gran error\n|c|\u2606topo-miope|GG\n|l|\u2606topo-miope\n","uploadtime":1699914142,"views":7,"p1id":"topomiope","p2id":"xyz15","formatid":"gen9ou","rating":0,"private":0,"password":""}