{"id":"gen9ou-1992996518","p1":"TheGreatGrap3","p2":"RSDPM","format":"[Gen 9] OU","log":"|j|\u2606TheGreatGrap3\n|j|\u2606RSDPM\n|t:|1700253863\n|gametype|singles\n|player|p1|TheGreatGrap3|eusine|1323\n|player|p2|RSDPM|riley|1369\n|teamsize|p1|6\n|teamsize|p2|6\n|gen|9\n|tier|[Gen 9] OU\n|rated|\n|rule|Sleep Clause Mod: Limit one foe put to sleep\n|rule|Species Clause: Limit one of each Pok\u00e9mon\n|rule|OHKO Clause: OHKO moves are banned\n|rule|Evasion Items Clause: Evasion items are banned\n|rule|Evasion Moves Clause: Evasion moves are banned\n|rule|Endless Battle Clause: Forcing endless battles is banned\n|rule|HP Percentage Mod: HP is shown in percentages\n|clearpoke\n|poke|p1|Alomomola, F|\n|poke|p1|Great Tusk|\n|poke|p1|Gholdengo|\n|poke|p1|Ribombee, F|\n|poke|p1|Greninja-*, M|\n|poke|p1|Ceruledge, F|\n|poke|p2|Wyrdeer, F|\n|poke|p2|Kleavor, F|\n|poke|p2|Ursaluna, F|\n|poke|p2|Basculegion-F, F|\n|poke|p2|Sneasler, F|\n|poke|p2|Overqwil, F|\n|teampreview\n|inactive|Battle timer is ON: inactive players will automatically lose when time's up. (requested by RSDPM)\n|\n|t:|1700253892\n|start\n|switch|p1a: Ribombee|Ribombee, F|100\/100\n|switch|p2a: Wyrdeer|Wyrdeer, F|100\/100\n|turn|1\n|\n|t:|1700253897\n|move|p1a: Ribombee|Stun Spore|p2a: Wyrdeer\n|-ability|p2a: Wyrdeer|Sap Sipper|boost\n|-boost|p2a: Wyrdeer|atk|1\n|move|p2a: Wyrdeer|Agility|p2a: Wyrdeer\n|-boost|p2a: Wyrdeer|spe|2\n|\n|upkeep\n|turn|2\n|c|\u2606TheGreatGrap3|uh oh\n|\n|t:|1700253909\n|move|p2a: Wyrdeer|Calm Mind|p2a: Wyrdeer\n|-boost|p2a: Wyrdeer|spa|1\n|-boost|p2a: Wyrdeer|spd|1\n|move|p1a: Ribombee|Sticky Web|p2a: Wyrdeer\n|-sidestart|p2: RSDPM|move: Sticky Web\n|\n|upkeep\n|turn|3\n|\n|t:|1700253917\n|switch|p1a: Gholdengo|Gholdengo|100\/100\n|move|p2a: Wyrdeer|Agility|p2a: Wyrdeer\n|-boost|p2a: Wyrdeer|spe|2\n|\n|upkeep\n|turn|4\n|\n|t:|1700253925\n|move|p2a: Wyrdeer|Calm Mind|p2a: Wyrdeer\n|-boost|p2a: Wyrdeer|spa|1\n|-boost|p2a: Wyrdeer|spd|1\n|move|p1a: Gholdengo|Thunder Wave|p2a: Wyrdeer\n|-status|p2a: Wyrdeer|par\n|\n|upkeep\n|turn|5\n|\n|t:|1700253929\n|switch|p1a: Ceruledge|Ceruledge, F|100\/100\n|cant|p2a: Wyrdeer|par\n|\n|upkeep\n|turn|6\n|\n|t:|1700253935\n|cant|p2a: Wyrdeer|par\n|move|p1a: Ceruledge|Taunt|p2a: Wyrdeer\n|-start|p2a: Wyrdeer|move: Taunt\n|\n|upkeep\n|turn|7\n|\n|t:|1700253942\n|move|p2a: Wyrdeer|Stored Power|p1a: Ceruledge\n|-damage|p1a: Ceruledge|0 fnt\n|faint|p1a: Ceruledge\n|\n|upkeep\n|\n|t:|1700253946\n|switch|p1a: Greninja|Greninja, M|100\/100\n|turn|8\n|\n|t:|1700253950\n|-terastallize|p2a: Wyrdeer|Fighting\n|move|p1a: Greninja|Dark Pulse|p2a: Wyrdeer\n|-resisted|p2a: Wyrdeer\n|-damage|p2a: Wyrdeer|86\/100 par\n|-damage|p1a: Greninja|91\/100|[from] item: Life Orb\n|cant|p2a: Wyrdeer|flinch\n|\n|upkeep\n|turn|9\n|\n|t:|1700253963\n|-terastallize|p1a: Greninja|Water\n|move|p1a: Greninja|Surf|p2a: Wyrdeer\n|-damage|p2a: Wyrdeer|45\/100 par\n|-damage|p1a: Greninja|81\/100|[from] item: Life Orb\n|move|p2a: Wyrdeer|Tera Blast|p1a: Greninja|[anim] Tera Blast Fighting\n|-damage|p1a: Greninja|0 fnt\n|faint|p1a: Greninja\n|\n|-end|p2a: Wyrdeer|move: Taunt\n|upkeep\n|\n|t:|1700253974\n|switch|p1a: Ribombee|Ribombee, F|100\/100\n|turn|10\n|\n|t:|1700253978\n|move|p1a: Ribombee|Moonblast|p2a: Wyrdeer\n|-supereffective|p2a: Wyrdeer\n|-crit|p2a: Wyrdeer\n|-damage|p2a: Wyrdeer|0 fnt\n|faint|p2a: Wyrdeer\n|\n|upkeep\n|\n|t:|1700253992\n|switch|p2a: Overqwil|Overqwil, F|100\/100\n|-activate|p2a: Overqwil|move: Sticky Web\n|-unboost|p2a: Overqwil|spe|1\n|-ability|p2a: Overqwil|Intimidate|boost\n|-unboost|p1a: Ribombee|atk|1\n|turn|11\n|\n|t:|1700253998\n|move|p1a: Ribombee|Stun Spore|p2a: Overqwil\n|-status|p2a: Overqwil|par\n|move|p2a: Overqwil|Spikes|p1a: Ribombee\n|-sidestart|p1: TheGreatGrap3|Spikes\n|\n|upkeep\n|turn|12\n|\n|t:|1700254006\n|move|p1a: Ribombee|Moonblast|p2a: Overqwil\n|-damage|p2a: Overqwil|50\/100 par\n|-unboost|p2a: Overqwil|spa|1\n|move|p2a: Overqwil|Toxic|p1a: Ribombee\n|-status|p1a: Ribombee|tox\n|\n|-heal|p2a: Overqwil|56\/100 par|[from] item: Black Sludge\n|-damage|p1a: Ribombee|94\/100 tox|[from] psn\n|upkeep\n|turn|13\n|\n|t:|1700254017\n|move|p2a: Overqwil|Protect|p2a: Overqwil\n|-singleturn|p2a: Overqwil|Protect\n|move|p1a: Ribombee|Moonblast|p2a: Overqwil\n|-activate|p2a: Overqwil|move: Protect\n|\n|-heal|p2a: Overqwil|62\/100 par|[from] item: Black Sludge\n|-damage|p1a: Ribombee|82\/100 tox|[from] psn\n|upkeep\n|turn|14\n|\n|t:|1700254032\n|move|p2a: Overqwil|Protect|p2a: Overqwil\n|-singleturn|p2a: Overqwil|Protect\n|move|p1a: Ribombee|Moonblast|p2a: Overqwil\n|-activate|p2a: Overqwil|move: Protect\n|\n|-heal|p2a: Overqwil|68\/100 par|[from] item: Black Sludge\n|-damage|p1a: Ribombee|64\/100 tox|[from] psn\n|upkeep\n|turn|15\n|\n|t:|1700254041\n|switch|p2a: Basculegion|Basculegion-F, F|100\/100\n|-activate|p2a: Basculegion|move: Sticky Web\n|-unboost|p2a: Basculegion|spe|1\n|move|p1a: Ribombee|Moonblast|p2a: Basculegion\n|-damage|p2a: Basculegion|52\/100\n|\n|-damage|p1a: Ribombee|39\/100 tox|[from] psn\n|upkeep\n|turn|16\n|\n|t:|1700254050\n|move|p2a: Basculegion|Aqua Jet|p1a: Ribombee\n|-damage|p1a: Ribombee|0 fnt\n|faint|p1a: Ribombee\n|-damage|p2a: Basculegion|42\/100|[from] item: Life Orb\n|\n|upkeep\n|\n|t:|1700254058\n|switch|p1a: Gholdengo|Gholdengo|100\/100\n|-damage|p1a: Gholdengo|88\/100|[from] Spikes\n|turn|17\n|\n|t:|1700254064\n|move|p1a: Gholdengo|Hex|p2a: Basculegion\n|-supereffective|p2a: Basculegion\n|-damage|p2a: Basculegion|0 fnt\n|faint|p2a: Basculegion\n|\n|-heal|p1a: Gholdengo|94\/100|[from] item: Leftovers\n|upkeep\n|\n|t:|1700254072\n|switch|p2a: Ursaluna|Ursaluna, F|100\/100\n|-activate|p2a: Ursaluna|move: Sticky Web\n|-unboost|p2a: Ursaluna|spe|1\n|turn|18\n|\n|t:|1700254078\n|switch|p1a: Great Tusk|Great Tusk|100\/100\n|-damage|p1a: Great Tusk|88\/100|[from] Spikes\n|move|p2a: Ursaluna|Earthquake|p1a: Great Tusk\n|-damage|p1a: Great Tusk|59\/100\n|\n|-heal|p1a: Great Tusk|65\/100|[from] item: Leftovers\n|-status|p2a: Ursaluna|brn|[from] item: Flame Orb\n|upkeep\n|turn|19\n|\n|t:|1700254090\n|switch|p2a: Overqwil|Overqwil, F|68\/100 par\n|-activate|p2a: Overqwil|move: Sticky Web\n|-unboost|p2a: Overqwil|spe|1\n|-ability|p2a: Overqwil|Intimidate|boost\n|-unboost|p1a: Great Tusk|atk|1\n|move|p1a: Great Tusk|Bulk Up|p1a: Great Tusk\n|-boost|p1a: Great Tusk|atk|1\n|-boost|p1a: Great Tusk|def|1\n|\n|-heal|p1a: Great Tusk|71\/100|[from] item: Leftovers\n|-heal|p2a: Overqwil|75\/100 par|[from] item: Black Sludge\n|upkeep\n|turn|20\n|\n|t:|1700254098\n|move|p1a: Great Tusk|Earthquake|p2a: Overqwil\n|-supereffective|p2a: Overqwil\n|-damage|p2a: Overqwil|15\/100 par\n|move|p2a: Overqwil|Toxic|p1a: Great Tusk\n|-status|p1a: Great Tusk|tox\n|\n|-heal|p1a: Great Tusk|77\/100 tox|[from] item: Leftovers\n|-heal|p2a: Overqwil|21\/100 par|[from] item: Black Sludge\n|-damage|p1a: Great Tusk|71\/100 tox|[from] psn\n|upkeep\n|turn|21\n|\n|t:|1700254109\n|move|p1a: Great Tusk|Earthquake|p2a: Overqwil\n|-supereffective|p2a: Overqwil\n|-crit|p2a: Overqwil\n|-damage|p2a: Overqwil|0 fnt\n|faint|p2a: Overqwil\n|\n|-heal|p1a: Great Tusk|77\/100 tox|[from] item: Leftovers\n|-damage|p1a: Great Tusk|65\/100 tox|[from] psn\n|upkeep\n|\n|t:|1700254127\n|switch|p2a: Kleavor|Kleavor, F|100\/100\n|-activate|p2a: Kleavor|move: Sticky Web\n|-unboost|p2a: Kleavor|spe|1\n|turn|22\n|\n|t:|1700254141\n|move|p2a: Kleavor|Stone Axe|p1a: Great Tusk\n|-resisted|p1a: Great Tusk\n|-damage|p1a: Great Tusk|61\/100 tox\n|-sidestart|p1: TheGreatGrap3|move: Stealth Rock\n|move|p1a: Great Tusk|Rapid Spin|p2a: Kleavor\n|-resisted|p2a: Kleavor\n|-damage|p2a: Kleavor|92\/100\n|-boost|p1a: Great Tusk|spe|1\n|-sideend|p1: TheGreatGrap3|Spikes|[from] move: Rapid Spin|[of] p1a: Great Tusk\n|-sideend|p1: TheGreatGrap3|Stealth Rock|[from] move: Rapid Spin|[of] p1a: Great Tusk\n|\n|-heal|p1a: Great Tusk|67\/100 tox|[from] item: Leftovers\n|-damage|p1a: Great Tusk|48\/100 tox|[from] psn\n|upkeep\n|turn|23\n|\n|t:|1700254147\n|-end|p1a: Great Tusk|Protosynthesis|[silent]\n|switch|p1a: Gholdengo|Gholdengo|94\/100\n|move|p2a: Kleavor|Stone Axe|p1a: Gholdengo|[miss]\n|-miss|p2a: Kleavor|p1a: Gholdengo\n|\n|-heal|p1a: Gholdengo|99\/100|[from] item: Leftovers\n|upkeep\n|turn|24\n|\n|t:|1700254158\n|move|p2a: Kleavor|Stone Axe|p1a: Gholdengo\n|-resisted|p1a: Gholdengo\n|-damage|p1a: Gholdengo|84\/100\n|-sidestart|p1: TheGreatGrap3|move: Stealth Rock\n|move|p1a: Gholdengo|Thunder Wave|p2a: Kleavor\n|-status|p2a: Kleavor|par\n|\n|-heal|p1a: Gholdengo|90\/100|[from] item: Leftovers\n|upkeep\n|turn|25\n|\n|t:|1700254163\n|move|p1a: Gholdengo|Hex|p2a: Kleavor\n|-damage|p2a: Kleavor|0 fnt\n|faint|p2a: Kleavor\n|\n|-heal|p1a: Gholdengo|96\/100|[from] item: Leftovers\n|upkeep\n|\n|t:|1700254170\n|switch|p2a: Ursaluna|Ursaluna, F|100\/100 brn\n|-activate|p2a: Ursaluna|move: Sticky Web\n|-unboost|p2a: Ursaluna|spe|1\n|turn|26\n|\n|t:|1700254178\n|switch|p1a: Alomomola|Alomomola, F|100\/100\n|move|p2a: Ursaluna|Earthquake|p1a: Alomomola\n|-damage|p1a: Alomomola|49\/100\n|\n|-damage|p2a: Ursaluna|94\/100 brn|[from] brn\n|upkeep\n|turn|27\n|\n|t:|1700254189\n|switch|p2a: Sneasler|Sneasler, F|100\/100\n|-activate|p2a: Sneasler|move: Sticky Web\n|-unboost|p2a: Sneasler|spe|1\n|move|p1a: Alomomola|Protect||[still]\n|-fail|p1a: Alomomola\n|\n|upkeep\n|turn|28\n|\n|t:|1700254194\n|move|p2a: Sneasler|Bulk Up|p2a: Sneasler\n|-boost|p2a: Sneasler|atk|1\n|-boost|p2a: Sneasler|def|1\n|move|p1a: Alomomola|Wish|p1a: Alomomola\n|\n|upkeep\n|turn|29\n|\n|t:|1700254198\n|switch|p1a: Gholdengo|Gholdengo|96\/100\n|-damage|p1a: Gholdengo|90\/100|[from] Stealth Rock\n|move|p2a: Sneasler|Bulk Up|p2a: Sneasler\n|-boost|p2a: Sneasler|atk|1\n|-boost|p2a: Sneasler|def|1\n|\n|-heal|p1a: Gholdengo|100\/100|[from] move: Wish|[wisher] Alomomola\n|upkeep\n|turn|30\n|\n|t:|1700254214\n|move|p2a: Sneasler|Acrobatics|p1a: Gholdengo\n|-resisted|p1a: Gholdengo\n|-damage|p1a: Gholdengo|86\/100\n|move|p1a: Gholdengo|Thunder Wave|p2a: Sneasler\n|-status|p2a: Sneasler|par\n|\n|-heal|p1a: Gholdengo|93\/100|[from] item: Leftovers\n|upkeep\n|turn|31\n|\n|t:|1700254220\n|move|p1a: Gholdengo|Hex|p2a: Sneasler\n|-damage|p2a: Sneasler|23\/100 par\n|-enditem|p2a: Sneasler|Red Card|[of] p1a: Gholdengo\n|drag|p1a: Alomomola|Alomomola, F|83\/100\n|move|p2a: Sneasler|Bulk Up|p2a: Sneasler\n|-boost|p2a: Sneasler|atk|1\n|-boost|p2a: Sneasler|def|1\n|\n|upkeep\n|turn|32\n|\n|t:|1700254230\n|cant|p2a: Sneasler|par\n|move|p1a: Alomomola|Scald|p2a: Sneasler\n|-damage|p2a: Sneasler|6\/100 par\n|\n|upkeep\n|turn|33\n|\n|t:|1700254243\n|move|p2a: Sneasler|Dire Claw|p1a: Alomomola\n|-damage|p1a: Alomomola|30\/100\n|-status|p1a: Alomomola|par\n|move|p1a: Alomomola|Scald|p2a: Sneasler\n|-damage|p2a: Sneasler|0 fnt\n|faint|p2a: Sneasler\n|\n|upkeep\n|\n|t:|1700254248\n|switch|p2a: Ursaluna|Ursaluna, F|94\/100 brn\n|-activate|p2a: Ursaluna|move: Sticky Web\n|-unboost|p2a: Ursaluna|spe|1\n|turn|34\n|\n|t:|1700254252\n|move|p2a: Ursaluna|Earthquake|p1a: Alomomola\n|-damage|p1a: Alomomola|0 fnt\n|faint|p1a: Alomomola\n|\n|-damage|p2a: Ursaluna|88\/100 brn|[from] brn\n|upkeep\n|\n|t:|1700254255\n|switch|p1a: Great Tusk|Great Tusk|48\/100 tox\n|-damage|p1a: Great Tusk|45\/100 tox|[from] Stealth Rock\n|turn|35\n|\n|t:|1700254278\n|move|p1a: Great Tusk|Earthquake|p2a: Ursaluna\n|-damage|p2a: Ursaluna|58\/100 brn\n|move|p2a: Ursaluna|Drain Punch|p1a: Great Tusk\n|-damage|p1a: Great Tusk|25\/100 tox\n|-heal|p2a: Ursaluna|67\/100 brn|[from] drain|[of] p1a: Great Tusk\n|\n|-heal|p1a: Great Tusk|31\/100 tox|[from] item: Leftovers\n|-damage|p1a: Great Tusk|25\/100 tox|[from] psn\n|-damage|p2a: Ursaluna|61\/100 brn|[from] brn\n|upkeep\n|turn|36\n|\n|t:|1700254290\n|-end|p1a: Great Tusk|Protosynthesis|[silent]\n|switch|p1a: Gholdengo|Gholdengo|93\/100\n|-damage|p1a: Gholdengo|86\/100|[from] Stealth Rock\n|move|p2a: Ursaluna|Earthquake|p1a: Gholdengo\n|-supereffective|p1a: Gholdengo\n|-damage|p1a: Gholdengo|0 fnt\n|faint|p1a: Gholdengo\n|\n|-damage|p2a: Ursaluna|55\/100 brn|[from] brn\n|upkeep\n|\n|t:|1700254296\n|switch|p1a: Great Tusk|Great Tusk|25\/100 tox\n|-damage|p1a: Great Tusk|22\/100 tox|[from] Stealth Rock\n|turn|37\n|\n|t:|1700254310\n|move|p1a: Great Tusk|Earthquake|p2a: Ursaluna\n|-damage|p2a: Ursaluna|22\/100 brn\n|move|p2a: Ursaluna|Facade|p1a: Great Tusk\n|-damage|p1a: Great Tusk|0 fnt\n|faint|p1a: Great Tusk\n|-end|p1a: Great Tusk|Protosynthesis|[silent]\n|\n|win|RSDPM\n|raw|TheGreatGrap3's rating: 1323 &rarr; <strong>1306<\/strong><br \/>(-17 for losing)\n|raw|RSDPM's rating: 1369 &rarr; <strong>1386<\/strong><br \/>(+17 for winning)\n|l|\u2606TheGreatGrap3\n|c|\u2606RSDPM|gg\n","uploadtime":1700254330,"views":11,"p1id":"thegreatgrap3","p2id":"rsdpm","formatid":"gen9ou","rating":1306,"private":0,"password":""}