{"id":"gen9ou-1989887069","p1":"jayjaymclovinit","p2":"Jrmoore896","format":"[Gen 9] OU","log":"|j|\u2606jayjaymclovinit\n|j|\u2606Jrmoore896\n|t:|1699903991\n|gametype|singles\n|player|p1|jayjaymclovinit|1|1441\n|player|p2|Jrmoore896|lucas-gen4pt|1470\n|teamsize|p1|6\n|teamsize|p2|6\n|gen|9\n|tier|[Gen 9] OU\n|rated|\n|rule|Sleep Clause Mod: Limit one foe put to sleep\n|rule|Species Clause: Limit one of each Pok\u00e9mon\n|rule|OHKO Clause: OHKO moves are banned\n|rule|Evasion Items Clause: Evasion items are banned\n|rule|Evasion Moves Clause: Evasion moves are banned\n|rule|Endless Battle Clause: Forcing endless battles is banned\n|rule|HP Percentage Mod: HP is shown in percentages\n|clearpoke\n|poke|p1|Ribombee, M|\n|poke|p1|Iron Moth|\n|poke|p1|Gholdengo|\n|poke|p1|Kingambit, F|\n|poke|p1|Great Tusk|\n|poke|p1|Torterra, M|\n|poke|p2|Sneasler, M|\n|poke|p2|Rillaboom, M|\n|poke|p2|Dondozo, M|\n|poke|p2|Clodsire, M|\n|poke|p2|Great Tusk|\n|poke|p2|Enamorus, F|\n|teampreview\n|inactive|Battle timer is ON: inactive players will automatically lose when time's up. (requested by jayjaymclovinit)\n|\n|t:|1699904018\n|start\n|switch|p1a: Ribombee|Ribombee, M|100\/100\n|switch|p2a: Enamorus|Enamorus, F|100\/100\n|turn|1\n|inactive|jayjaymclovinit has 120 seconds left.\n|\n|t:|1699904060\n|move|p2a: Enamorus|Moonblast|p1a: Ribombee\n|-damage|p1a: Ribombee|2\/100\n|move|p1a: Ribombee|Sticky Web|p2a: Enamorus\n|-sidestart|p2: Jrmoore896|move: Sticky Web\n|\n|upkeep\n|turn|2\n|\n|t:|1699904067\n|move|p2a: Enamorus|Moonblast|p1a: Ribombee\n|-damage|p1a: Ribombee|0 fnt\n|faint|p1a: Ribombee\n|\n|upkeep\n|inactive|jayjaymclovinit has 120 seconds left.\n|\n|t:|1699904083\n|switch|p1a: Iron Moth|Iron Moth|100\/100\n|-enditem|p1a: Iron Moth|Booster Energy\n|-activate|p1a: Iron Moth|ability: Quark Drive|[fromitem]\n|-start|p1a: Iron Moth|quarkdrivespe\n|turn|3\n|\n|t:|1699904089\n|switch|p2a: Clodsire|Clodsire, M, shiny|100\/100\n|-activate|p2a: Clodsire|move: Sticky Web\n|-unboost|p2a: Clodsire|spe|1\n|move|p1a: Iron Moth|Fiery Dance|p2a: Clodsire\n|-damage|p2a: Clodsire|77\/100\n|-boost|p1a: Iron Moth|spa|1\n|\n|-heal|p2a: Clodsire|83\/100|[from] item: Leftovers\n|upkeep\n|turn|4\n|\n|t:|1699904101\n|move|p1a: Iron Moth|Psychic|p2a: Clodsire\n|-supereffective|p2a: Clodsire\n|-damage|p2a: Clodsire|37\/100\n|move|p2a: Clodsire|Earthquake|p1a: Iron Moth\n|-supereffective|p1a: Iron Moth\n|-damage|p1a: Iron Moth|0 fnt\n|faint|p1a: Iron Moth\n|-end|p1a: Iron Moth|Quark Drive|[silent]\n|\n|-heal|p2a: Clodsire|43\/100|[from] item: Leftovers\n|upkeep\n|\n|t:|1699904110\n|switch|p1a: Torterra|Torterra, M|100\/100\n|turn|5\n|\n|t:|1699904122\n|switch|p2a: Rillaboom|Rillaboom, M|100\/100\n|-activate|p2a: Rillaboom|move: Sticky Web\n|-unboost|p2a: Rillaboom|spe|1\n|-fieldstart|move: Grassy Terrain|[from] ability: Grassy Surge|[of] p2a: Rillaboom\n|move|p1a: Torterra|Bullet Seed|p2a: Rillaboom\n|-resisted|p2a: Rillaboom\n|-damage|p2a: Rillaboom|93\/100\n|-resisted|p2a: Rillaboom\n|-damage|p2a: Rillaboom|85\/100\n|-resisted|p2a: Rillaboom\n|-damage|p2a: Rillaboom|78\/100\n|-resisted|p2a: Rillaboom\n|-damage|p2a: Rillaboom|71\/100\n|-hitcount|p2a: Rillaboom|4\n|\n|-heal|p2a: Rillaboom|77\/100|[from] Grassy Terrain\n|upkeep\n|turn|6\n|\n|t:|1699904142\n|switch|p1a: Gholdengo|Gholdengo|100\/100\n|-item|p1a: Gholdengo|Air Balloon\n|move|p2a: Rillaboom|U-turn|p1a: Gholdengo\n|-resisted|p1a: Gholdengo\n|-damage|p1a: Gholdengo|90\/100\n|-enditem|p1a: Gholdengo|Air Balloon\n|inactive|Jrmoore896 has 120 seconds left.\n|\n|t:|1699904158\n|switch|p2a: Great Tusk|Great Tusk|100\/100|[from] U-turn\n|\n|-heal|p1a: Gholdengo|96\/100|[from] Grassy Terrain\n|upkeep\n|turn|7\n|inactive|Jrmoore896 has 120 seconds left.\n|\n|t:|1699904186\n|move|p2a: Great Tusk|Headlong Rush|p1a: Gholdengo\n|-supereffective|p1a: Gholdengo\n|-damage|p1a: Gholdengo|0 fnt\n|-unboost|p2a: Great Tusk|def|1\n|-unboost|p2a: Great Tusk|spd|1\n|faint|p1a: Gholdengo\n|\n|upkeep\n|\n|t:|1699904192\n|switch|p1a: Torterra|Torterra, M|100\/100\n|turn|8\n|\n|t:|1699904209\n|move|p2a: Great Tusk|Rapid Spin|p1a: Torterra\n|-damage|p1a: Torterra|84\/100\n|-boost|p2a: Great Tusk|spe|1\n|-sideend|p2: Jrmoore896|Sticky Web|[from] move: Rapid Spin|[of] p2a: Great Tusk\n|move|p1a: Torterra|Shell Smash|p1a: Torterra\n|-unboost|p1a: Torterra|def|1\n|-unboost|p1a: Torterra|spd|1\n|-boost|p1a: Torterra|atk|2\n|-boost|p1a: Torterra|spa|2\n|-boost|p1a: Torterra|spe|2\n|\n|-heal|p1a: Torterra|91\/100|[from] Grassy Terrain\n|upkeep\n|turn|9\n|\n|t:|1699904221\n|move|p2a: Great Tusk|Ice Spinner|p1a: Torterra\n|-supereffective|p1a: Torterra\n|-damage|p1a: Torterra|0 fnt\n|-fieldend|move: Grassy Terrain\n|faint|p1a: Torterra\n|\n|upkeep\n|inactive|jayjaymclovinit has 120 seconds left.\n|inactive|jayjaymclovinit has 90 seconds left.\n|l|\u2606jayjaymclovinit\n|inactive|jayjaymclovinit disconnected and has a minute to reconnect!\n|player|p1|\n|inactive|jayjaymclovinit has 30 seconds to reconnect!\n|inactive|jayjaymclovinit has 20 seconds to reconnect!\n|inactive|jayjaymclovinit has 15 seconds to reconnect!\n|inactive|jayjaymclovinit has 10 seconds to reconnect!\n|inactive|jayjaymclovinit has 5 seconds to reconnect!\n|-message|jayjaymclovinit lost due to inactivity.\n|\n|win|Jrmoore896\n|inactive|jayjaymclovinit has 20 seconds left this turn.\n|raw|jayjaymclovinit's rating: 1441 &rarr; <strong>1423<\/strong><br \/>(-18 for losing)\n|raw|Jrmoore896's rating: 1470 &rarr; <strong>1488<\/strong><br \/>(+18 for winning)\n","uploadtime":1699904356,"views":11,"p1id":"jayjaymclovinit","p2id":"jrmoore896","formatid":"gen9ou","rating":1423,"private":0,"password":""}