{"id":"gen9ou-1994096431","p1":"Ignoxium","p2":"dhuynh1","format":"[Gen 9] OU","log":"|j|\u2606Ignoxium\n|j|\u2606dhuynh1\n|t:|1700406352\n|gametype|singles\n|player|p1|Ignoxium|101|1000\n|player|p2|dhuynh1|byron|1044\n|teamsize|p1|6\n|teamsize|p2|6\n|gen|9\n|tier|[Gen 9] OU\n|rated|\n|rule|Sleep Clause Mod: Limit one foe put to sleep\n|rule|Species Clause: Limit one of each Pok\u00e9mon\n|rule|OHKO Clause: OHKO moves are banned\n|rule|Evasion Items Clause: Evasion items are banned\n|rule|Evasion Moves Clause: Evasion moves are banned\n|rule|Endless Battle Clause: Forcing endless battles is banned\n|rule|HP Percentage Mod: HP is shown in percentages\n|clearpoke\n|poke|p1|Mimikyu, F|\n|poke|p1|Klefki, F|\n|poke|p1|Corviknight, M|\n|poke|p1|Sableye, M|\n|poke|p1|Conkeldurr, F|\n|poke|p1|Wooper-Paldea, M|\n|poke|p2|Venomoth, M|\n|poke|p2|Gholdengo|\n|poke|p2|Ting-Lu|\n|poke|p2|Scizor, M|\n|poke|p2|Glimmora, F|\n|poke|p2|Volcanion|\n|teampreview\n|\n|t:|1700406362\n|start\n|switch|p1a: NU|Klefki, F|100\/100\n|switch|p2a: Venomoth|Venomoth, M, shiny|100\/100\n|turn|1\n|\n|t:|1700406375\n|move|p1a: NU|Thunder Wave|p2a: Venomoth\n|-status|p2a: Venomoth|par\n|move|p2a: Venomoth|Quiver Dance|p2a: Venomoth\n|-boost|p2a: Venomoth|spa|1\n|-boost|p2a: Venomoth|spd|1\n|-boost|p2a: Venomoth|spe|1\n|\n|upkeep\n|turn|2\n|\n|t:|1700406391\n|move|p1a: NU|Light Screen|p1a: NU\n|-sidestart|p1: Ignoxium|move: Light Screen\n|move|p2a: Venomoth|Quiver Dance|p2a: Venomoth\n|-boost|p2a: Venomoth|spa|1\n|-boost|p2a: Venomoth|spd|1\n|-boost|p2a: Venomoth|spe|1\n|\n|upkeep\n|turn|3\n|\n|t:|1700406400\n|move|p1a: NU|Spikes|p2a: Venomoth\n|-sidestart|p2: dhuynh1|Spikes\n|cant|p2a: Venomoth|par\n|\n|upkeep\n|turn|4\n|\n|t:|1700406406\n|move|p1a: NU|Spikes|p2a: Venomoth\n|-sidestart|p2: dhuynh1|Spikes\n|move|p2a: Venomoth|Toxic|p1a: NU\n|-immune|p1a: NU\n|\n|upkeep\n|turn|5\n|\n|t:|1700406410\n|move|p1a: NU|Spikes|p2a: Venomoth\n|-sidestart|p2: dhuynh1|Spikes\n|move|p2a: Venomoth|Quiver Dance|p2a: Venomoth\n|-boost|p2a: Venomoth|spa|1\n|-boost|p2a: Venomoth|spd|1\n|-boost|p2a: Venomoth|spe|1\n|\n|upkeep\n|turn|6\n|\n|t:|1700406417\n|move|p1a: NU|Reflect|p1a: NU\n|-sidestart|p1: Ignoxium|Reflect\n|cant|p2a: Venomoth|par\n|\n|upkeep\n|turn|7\n|\n|t:|1700406424\n|switch|p1a: PU|Sableye, M|100\/100\n|move|p2a: Venomoth|Leech Life|p1a: PU\n|-damage|p1a: PU|91\/100\n|\n|upkeep\n|turn|8\n|\n|t:|1700406431\n|move|p1a: PU|Encore|p2a: Venomoth\n|-start|p2a: Venomoth|Encore\n|move|p2a: Venomoth|Leech Life|p1a: PU\n|-damage|p1a: PU|81\/100\n|\n|upkeep\n|turn|9\n|\n|t:|1700406439\n|cant|p2a: Venomoth|par\n|move|p1a: PU|Knock Off|p2a: Venomoth\n|-damage|p2a: Venomoth|50\/100 par\n|-enditem|p2a: Venomoth|Focus Sash|[from] move: Knock Off|[of] p1a: PU\n|\n|-sideend|p1: Ignoxium|move: Light Screen\n|upkeep\n|turn|10\n|\n|t:|1700406446\n|switch|p1a: NU|Klefki, F|100\/100\n|cant|p2a: Venomoth|par\n|\n|-end|p2a: Venomoth|Encore\n|upkeep\n|turn|11\n|\n|t:|1700406455\n|-terastallize|p2a: Venomoth|Bug\n|move|p1a: NU|Light Screen|p1a: NU\n|-sidestart|p1: Ignoxium|move: Light Screen\n|move|p2a: Venomoth|Psychic|p1a: NU\n|-resisted|p1a: NU\n|-damage|p1a: NU|75\/100\n|\n|upkeep\n|turn|12\n|\n|t:|1700406466\n|switch|p1a: PU|Sableye, M|81\/100\n|move|p2a: Venomoth|Quiver Dance|p2a: Venomoth\n|-boost|p2a: Venomoth|spa|1\n|-boost|p2a: Venomoth|spd|1\n|-boost|p2a: Venomoth|spe|1\n|\n|upkeep\n|turn|13\n|\n|t:|1700406474\n|move|p1a: PU|Encore|p2a: Venomoth\n|-start|p2a: Venomoth|Encore\n|move|p2a: Venomoth|Quiver Dance|p2a: Venomoth\n|-boost|p2a: Venomoth|spa|1\n|-boost|p2a: Venomoth|spd|1\n|-boost|p2a: Venomoth|spe|1\n|\n|-sideend|p1: Ignoxium|Reflect\n|upkeep\n|turn|14\n|\n|t:|1700406502\n|switch|p1a: RU|Mimikyu, F|100\/100\n|move|p2a: Venomoth|Quiver Dance|p2a: Venomoth\n|-boost|p2a: Venomoth|spa|1\n|-boost|p2a: Venomoth|spd|1\n|-boost|p2a: Venomoth|spe|1\n|\n|upkeep\n|turn|15\n|\n|t:|1700406519\n|move|p2a: Venomoth|Quiver Dance|p2a: Venomoth\n|-boost|p2a: Venomoth|spa|0\n|-boost|p2a: Venomoth|spd|0\n|-boost|p2a: Venomoth|spe|0\n|move|p1a: RU|Swords Dance|p1a: RU\n|-boost|p1a: RU|atk|2\n|\n|-end|p2a: Venomoth|Encore\n|upkeep\n|turn|16\n|\n|t:|1700406530\n|-terastallize|p1a: RU|Ghost\n|move|p1a: RU|Shadow Sneak|p2a: Venomoth\n|-damage|p2a: Venomoth|0 fnt\n|faint|p2a: Venomoth\n|\n|upkeep\n|\n|t:|1700406536\n|switch|p2a: Glimmora|Glimmora, F, shiny|100\/100\n|-damage|p2a: Glimmora|76\/100|[from] Spikes\n|turn|17\n|\n|t:|1700406558\n|switch|p1a: PU|Sableye, M|81\/100\n|move|p2a: Glimmora|Spikes|p1a: PU\n|-sidestart|p1: Ignoxium|Spikes\n|\n|upkeep\n|turn|18\n|inactive|Battle timer is ON: inactive players will automatically lose when time's up. (requested by Ignoxium)\n|\n|t:|1700406589\n|move|p1a: PU|Will-O-Wisp|p2a: Glimmora\n|-status|p2a: Glimmora|brn\n|move|p2a: Glimmora|Acid Armor|p2a: Glimmora\n|-boost|p2a: Glimmora|def|2\n|\n|-damage|p2a: Glimmora|69\/100 brn|[from] brn\n|-sideend|p1: Ignoxium|move: Light Screen\n|upkeep\n|turn|19\n|\n|t:|1700406597\n|move|p1a: PU|Encore|p2a: Glimmora\n|-start|p2a: Glimmora|Encore\n|move|p2a: Glimmora|Acid Armor|p2a: Glimmora\n|-boost|p2a: Glimmora|def|2\n|\n|-damage|p2a: Glimmora|63\/100 brn|[from] brn\n|upkeep\n|turn|20\n|\n|t:|1700406611\n|switch|p1a: ZU|Wooper-Paldea, M|100\/100\n|-damage|p1a: ZU|88\/100|[from] Spikes\n|move|p2a: Glimmora|Acid Armor|p2a: Glimmora\n|-boost|p2a: Glimmora|def|2\n|\n|-damage|p2a: Glimmora|57\/100 brn|[from] brn\n|upkeep\n|turn|21\n|\n|t:|1700406622\n|move|p2a: Glimmora|Acid Armor|p2a: Glimmora\n|-boost|p2a: Glimmora|def|0\n|move|p1a: ZU|Earth Power|p2a: Glimmora\n|-supereffective|p2a: Glimmora\n|-damage|p2a: Glimmora|5\/100 brn\n|\n|-damage|p2a: Glimmora|0 fnt|[from] brn\n|faint|p2a: Glimmora\n|upkeep\n|\n|t:|1700406631\n|switch|p2a: Ting-Lu|Ting-Lu|100\/100\n|-damage|p2a: Ting-Lu|76\/100|[from] Spikes\n|-ability|p2a: Ting-Lu|Vessel of Ruin\n|turn|22\n|\n|t:|1700406639\n|move|p1a: ZU|Toxic|p2a: Ting-Lu\n|-status|p2a: Ting-Lu|tox\n|move|p2a: Ting-Lu|Whirlwind|p1a: ZU\n|drag|p1a: RU|Mimikyu, F, tera:Ghost|100\/100\n|-damage|p1a: RU|88\/100|[from] Spikes\n|\n|-damage|p2a: Ting-Lu|69\/100 tox|[from] psn\n|upkeep\n|turn|23\n|\n|t:|1700406647\n|move|p1a: RU|Play Rough|p2a: Ting-Lu\n|-supereffective|p2a: Ting-Lu\n|-damage|p2a: Ting-Lu|28\/100 tox\n|move|p2a: Ting-Lu|Spikes|p1a: RU\n|-sidestart|p1: Ignoxium|Spikes\n|\n|-damage|p2a: Ting-Lu|16\/100 tox|[from] psn\n|upkeep\n|-enditem|p2a: Ting-Lu|Figy Berry|[eat]\n|-heal|p2a: Ting-Lu|49\/100 tox|[from] item: Figy Berry\n|turn|24\n|\n|t:|1700406656\n|move|p1a: RU|Swords Dance|p1a: RU\n|-boost|p1a: RU|atk|2\n|move|p2a: Ting-Lu|Whirlwind|p1a: RU\n|drag|p1a: OU|Corviknight, M|100\/100\n|-ability|p1a: OU|Pressure\n|\n|-damage|p2a: Ting-Lu|30\/100 tox|[from] psn\n|upkeep\n|turn|25\n|\n|t:|1700406664\n|move|p1a: OU|Body Press|p2a: Ting-Lu\n|-supereffective|p2a: Ting-Lu\n|-damage|p2a: Ting-Lu|3\/100 tox\n|move|p2a: Ting-Lu|Whirlwind|p1a: OU\n|drag|p1a: NU|Klefki, F|75\/100\n|-damage|p1a: NU|58\/100|[from] Spikes\n|\n|-damage|p2a: Ting-Lu|0 fnt|[from] psn\n|faint|p2a: Ting-Lu\n|upkeep\n|\n|t:|1700406676\n|switch|p2a: Scizor|Scizor, M|100\/100\n|-damage|p2a: Scizor|76\/100|[from] Spikes\n|turn|26\n|\n|t:|1700406688\n|move|p1a: NU|Reflect|p1a: NU\n|-sidestart|p1: Ignoxium|Reflect\n|move|p2a: Scizor|Swords Dance|p2a: Scizor\n|-boost|p2a: Scizor|atk|2\n|\n|-heal|p2a: Scizor|82\/100|[from] item: Leftovers\n|upkeep\n|turn|27\n|\n|t:|1700406693\n|move|p1a: NU|Thunder Wave|p2a: Scizor\n|-status|p2a: Scizor|par\n|move|p2a: Scizor|Swords Dance|p2a: Scizor\n|-boost|p2a: Scizor|atk|2\n|\n|-heal|p2a: Scizor|88\/100 par|[from] item: Leftovers\n|upkeep\n|turn|28\n|\n|t:|1700406700\n|move|p1a: NU|Light Screen|p1a: NU\n|-sidestart|p1: Ignoxium|move: Light Screen\n|cant|p2a: Scizor|par\n|\n|-heal|p2a: Scizor|94\/100 par|[from] item: Leftovers\n|upkeep\n|turn|29\n|\n|t:|1700406725\n|switch|p1a: PU|Sableye, M|81\/100\n|move|p2a: Scizor|Bullet Punch|p1a: PU\n|-damage|p1a: PU|28\/100\n|\n|-heal|p2a: Scizor|99\/100 par|[from] item: Leftovers\n|upkeep\n|turn|30\n|\n|t:|1700406732\n|move|p1a: PU|Recover|p1a: PU\n|-heal|p1a: PU|78\/100\n|move|p2a: Scizor|Bullet Punch|p1a: PU\n|-damage|p1a: PU|31\/100\n|\n|-heal|p2a: Scizor|100\/100 par|[from] item: Leftovers\n|upkeep\n|turn|31\n|\n|t:|1700406739\n|move|p1a: PU|Recover|p1a: PU\n|-heal|p1a: PU|81\/100\n|move|p2a: Scizor|Bullet Punch|p1a: PU\n|-damage|p1a: PU|34\/100\n|\n|upkeep\n|turn|32\n|\n|t:|1700406744\n|move|p2a: Scizor|Bullet Punch|p1a: PU\n|-damage|p1a: PU|0 fnt\n|faint|p1a: PU\n|\n|upkeep\n|\n|t:|1700406754\n|switch|p1a: OU|Corviknight, M|100\/100\n|-ability|p1a: OU|Pressure\n|turn|33\n|\n|t:|1700406758\n|cant|p2a: Scizor|par\n|move|p1a: OU|Body Press|p2a: Scizor\n|-damage|p2a: Scizor|70\/100 par\n|\n|-heal|p2a: Scizor|76\/100 par|[from] item: Leftovers\n|-sideend|p1: Ignoxium|Reflect\n|upkeep\n|turn|34\n|\n|t:|1700406769\n|move|p1a: OU|Body Press|p2a: Scizor\n|-damage|p2a: Scizor|41\/100 par\n|move|p2a: Scizor|Iron Defense|p2a: Scizor\n|-boost|p2a: Scizor|def|2\n|\n|-heal|p2a: Scizor|47\/100 par|[from] item: Leftovers\n|upkeep\n|turn|35\n|\n|t:|1700406782\n|move|p2a: Scizor|Bullet Punch|p1a: OU\n|-resisted|p1a: OU\n|-damage|p1a: OU|71\/100\n|move|p1a: OU|Body Press|p2a: Scizor\n|-damage|p2a: Scizor|30\/100 par\n|\n|-heal|p1a: OU|77\/100|[from] item: Leftovers\n|-heal|p2a: Scizor|36\/100 par|[from] item: Leftovers\n|-sideend|p1: Ignoxium|move: Light Screen\n|upkeep\n|turn|36\n|\n|t:|1700406795\n|move|p1a: OU|Body Press|p2a: Scizor\n|-damage|p2a: Scizor|21\/100 par\n|cant|p2a: Scizor|par\n|\n|-heal|p1a: OU|83\/100|[from] item: Leftovers\n|-heal|p2a: Scizor|27\/100 par|[from] item: Leftovers\n|upkeep\n|turn|37\n|\n|t:|1700406805\n|move|p1a: OU|Body Press|p2a: Scizor\n|-damage|p2a: Scizor|12\/100 par\n|move|p2a: Scizor|Facade|p1a: OU\n|-resisted|p1a: OU\n|-damage|p1a: OU|36\/100\n|\n|-heal|p1a: OU|42\/100|[from] item: Leftovers\n|-heal|p2a: Scizor|18\/100 par|[from] item: Leftovers\n|upkeep\n|turn|38\n|\n|t:|1700406816\n|move|p2a: Scizor|Bullet Punch|p1a: OU\n|-resisted|p1a: OU\n|-damage|p1a: OU|10\/100\n|move|p1a: OU|Body Press|p2a: Scizor\n|-damage|p2a: Scizor|0 fnt\n|faint|p2a: Scizor\n|\n|-heal|p1a: OU|16\/100|[from] item: Leftovers\n|upkeep\n|\n|t:|1700406826\n|switch|p2a: Gholdengo|Gholdengo, shiny|100\/100\n|-damage|p2a: Gholdengo|76\/100|[from] Spikes\n|turn|39\n|\n|t:|1700406833\n|move|p2a: Gholdengo|Nasty Plot|p2a: Gholdengo\n|-boost|p2a: Gholdengo|spa|2\n|move|p1a: OU|Roost|p1a: OU\n|-heal|p1a: OU|66\/100\n|-singleturn|p1a: OU|move: Roost\n|\n|-heal|p1a: OU|72\/100|[from] item: Leftovers\n|upkeep\n|turn|40\n|\n|t:|1700406841\n|move|p2a: Gholdengo|Focus Blast|p1a: OU\n|-damage|p1a: OU|0 fnt\n|faint|p1a: OU\n|-damage|p2a: Gholdengo|66\/100|[from] item: Life Orb\n|\n|upkeep\n|\n|t:|1700406846\n|switch|p1a: NU|Klefki, F|58\/100\n|-damage|p1a: NU|41\/100|[from] Spikes\n|turn|41\n|\n|t:|1700406851\n|move|p1a: NU|Light Screen|p1a: NU\n|-sidestart|p1: Ignoxium|move: Light Screen\n|move|p2a: Gholdengo|Focus Blast|p1a: NU\n|-damage|p1a: NU|0 fnt\n|faint|p1a: NU\n|-damage|p2a: Gholdengo|56\/100|[from] item: Life Orb\n|\n|upkeep\n|\n|t:|1700406855\n|switch|p1a: RU|Mimikyu, F, tera:Ghost|88\/100\n|-damage|p1a: RU|72\/100|[from] Spikes\n|turn|42\n|\n|t:|1700406859\n|move|p1a: RU|Shadow Claw|p2a: Gholdengo\n|-supereffective|p2a: Gholdengo\n|-damage|p2a: Gholdengo|0 fnt\n|faint|p2a: Gholdengo\n|\n|upkeep\n|\n|t:|1700406864\n|switch|p2a: Volcanion|Volcanion|100\/100\n|-damage|p2a: Volcanion|76\/100|[from] Spikes\n|turn|43\n|\n|t:|1700406876\n|move|p1a: RU|Swords Dance|p1a: RU\n|-boost|p1a: RU|atk|2\n|move|p2a: Volcanion|Focus Blast|p1a: RU\n|-immune|p1a: RU\n|\n|upkeep\n|turn|44\n|\n|t:|1700406882\n|move|p1a: RU|Shadow Claw|p2a: Volcanion\n|-damage|p2a: Volcanion|0 fnt\n|faint|p2a: Volcanion\n|\n|win|Ignoxium\n|raw|Ignoxium's rating: 1000 &rarr; <strong>1045<\/strong><br \/>(+45 for winning)\n|raw|dhuynh1's rating: 1044 &rarr; <strong>1025<\/strong><br \/>(-19 for losing)\n","uploadtime":1700406888,"views":21,"p1id":"ignoxium","p2id":"dhuynh1","formatid":"gen9ou","rating":1025,"private":0,"password":""}