{"id":"gen9ou-1995797712","p1":"alpargatavoraz47","p2":"Miky Mez","format":"[Gen 9] OU","log":"|j|\u2606alpargatavoraz47\n|j|\u2606Miky Mez\n|t:|1700604141\n|gametype|singles\n|player|p1|alpargatavoraz47|steven|\n|player|p2|Miky Mez|turo-ai|\n|teamsize|p1|6\n|teamsize|p2|6\n|gen|9\n|tier|[Gen 9] OU\n|rule|Sleep Clause Mod: Limit one foe put to sleep\n|rule|Species Clause: Limit one of each Pok\u00e9mon\n|rule|OHKO Clause: OHKO moves are banned\n|rule|Evasion Items Clause: Evasion items are banned\n|rule|Evasion Moves Clause: Evasion moves are banned\n|rule|Endless Battle Clause: Forcing endless battles is banned\n|rule|HP Percentage Mod: HP is shown in percentages\n|clearpoke\n|poke|p1|Regidrago|\n|poke|p1|Magnezone|\n|poke|p1|Weezing-Galar, F|\n|poke|p1|Krookodile, M|\n|poke|p1|Cinderace, M|\n|poke|p1|Milotic, M|\n|poke|p2|Braviary-Hisui, M|\n|poke|p2|Muk-Alola, M|\n|poke|p2|Kleavor, M|\n|poke|p2|Munkidori, M|\n|poke|p2|Moltres|\n|poke|p2|Tinkaton, F|\n|teampreview\n|\n|t:|1700604170\n|start\n|switch|p1a: Magnezone|Magnezone|100\/100\n|switch|p2a: Mojonjojos|Munkidori, M|100\/100\n|turn|1\n|\n|t:|1700604178\n|move|p2a: Mojonjojos|Focus Blast|p1a: Magnezone\n|-supereffective|p1a: Magnezone\n|-damage|p1a: Magnezone|0 fnt\n|faint|p1a: Magnezone\n|\n|upkeep\n|\n|t:|1700604198\n|switch|p1a: Regidrago|Regidrago|100\/100\n|turn|2\n|\n|t:|1700604207\n|switch|p2a: KFC|Moltres|100\/100\n|move|p1a: Regidrago|Dragon Dance|p1a: Regidrago\n|-boost|p1a: Regidrago|atk|1\n|-boost|p1a: Regidrago|spe|1\n|\n|upkeep\n|turn|3\n|\n|t:|1700604215\n|-terastallize|p1a: Regidrago|Fire\n|-terastallize|p2a: KFC|Fairy\n|move|p1a: Regidrago|Dragon Dance|p1a: Regidrago\n|-boost|p1a: Regidrago|atk|1\n|-boost|p1a: Regidrago|spe|1\n|move|p2a: KFC|Will-O-Wisp|p1a: Regidrago\n|-immune|p1a: Regidrago\n|\n|upkeep\n|turn|4\n|\n|t:|1700604223\n|move|p1a: Regidrago|Dragon Dance|p1a: Regidrago\n|-boost|p1a: Regidrago|atk|1\n|-boost|p1a: Regidrago|spe|1\n|move|p2a: KFC|U-turn|p1a: Regidrago\n|-resisted|p1a: Regidrago\n|-damage|p1a: Regidrago|93\/100\n|\n|t:|1700604238\n|switch|p2a: Eduardo|Kleavor, M|100\/100|[from] U-turn\n|\n|upkeep\n|turn|5\n|\n|t:|1700604252\n|switch|p2a: KFC|Moltres, tera:Fairy|100\/100\n|move|p1a: Regidrago|Tera Blast|p2a: KFC|[anim] Tera Blast Fire\n|-damage|p2a: KFC|39\/100\n|\n|upkeep\n|turn|6\n|\n|t:|1700604259\n|move|p1a: Regidrago|Tera Blast|p2a: KFC|[anim] Tera Blast Fire\n|-damage|p2a: KFC|0 fnt\n|faint|p2a: KFC\n|\n|upkeep\n|\n|t:|1700604267\n|switch|p2a: Eduardo|Kleavor, M|100\/100\n|turn|7\n|\n|t:|1700604272\n|move|p1a: Regidrago|Tera Blast|p2a: Eduardo|[anim] Tera Blast Fire\n|-damage|p2a: Eduardo|0 fnt\n|faint|p2a: Eduardo\n|\n|upkeep\n|\n|t:|1700604275\n|switch|p2a: Kum|Muk-Alola, M|100\/100\n|turn|8\n|\n|t:|1700604279\n|move|p1a: Regidrago|Earthquake|p2a: Kum\n|-supereffective|p2a: Kum\n|-damage|p2a: Kum|0 fnt\n|faint|p2a: Kum\n|\n|upkeep\n|\n|t:|1700604282\n|switch|p2a: Matsuemon|Braviary-Hisui, M, shiny|100\/100\n|turn|9\n|\n|t:|1700604285\n|move|p1a: Regidrago|Tera Blast|p2a: Matsuemon|[anim] Tera Blast Fire\n|-damage|p2a: Matsuemon|0 fnt\n|faint|p2a: Matsuemon\n|\n|upkeep\n|\n|t:|1700604288\n|switch|p2a: Mojonjojos|Munkidori, M|100\/100\n|turn|10\n|\n|t:|1700604291\n|move|p1a: Regidrago|Earthquake|p2a: Mojonjojos\n|-supereffective|p2a: Mojonjojos\n|-damage|p2a: Mojonjojos|0 fnt\n|faint|p2a: Mojonjojos\n|\n|upkeep\n|\n|t:|1700604293\n|switch|p2a: N A N A C H I|Tinkaton, F|100\/100\n|-ability|p2a: N A N A C H I|Mold Breaker\n|turn|11\n|\n|t:|1700604297\n|move|p1a: Regidrago|Earthquake|p2a: N A N A C H I\n|-supereffective|p2a: N A N A C H I\n|-damage|p2a: N A N A C H I|0 fnt\n|faint|p2a: N A N A C H I\n|\n|win|alpargatavoraz47\n","uploadtime":1700604301,"views":6,"p1id":"alpargatavoraz47","p2id":"mikymez","formatid":"gen9ou","rating":0,"private":0,"password":""}