{"id":"gen9ou-1996733445","p1":"Alice-chan89","p2":"IamRllyRllyBad","format":"[Gen 9] OU","log":"|j|\u2606Alice-chan89\n|j|\u2606IamRllyRllyBad\n|t:|1700716209\n|gametype|singles\n|player|p1|Alice-chan89|elesa|1189\n|player|p2|IamRllyRllyBad|1|1145\n|teamsize|p1|6\n|teamsize|p2|6\n|gen|9\n|tier|[Gen 9] OU\n|rated|\n|rule|Sleep Clause Mod: Limit one foe put to sleep\n|rule|Species Clause: Limit one of each Pok\u00e9mon\n|rule|OHKO Clause: OHKO moves are banned\n|rule|Evasion Items Clause: Evasion items are banned\n|rule|Evasion Moves Clause: Evasion moves are banned\n|rule|Endless Battle Clause: Forcing endless battles is banned\n|rule|HP Percentage Mod: HP is shown in percentages\n|clearpoke\n|poke|p1|Great Tusk|\n|poke|p1|Iron Hands|\n|poke|p1|Enamorus, F|\n|poke|p1|Gholdengo|\n|poke|p1|Torkoal, M|\n|poke|p1|Walking Wake|\n|poke|p2|Pelipper, M|\n|poke|p2|Dondozo, F|\n|poke|p2|Zapdos|\n|poke|p2|Empoleon, M|\n|poke|p2|Manaphy|\n|poke|p2|Gastrodon, F|\n|teampreview\n|\n|t:|1700716222\n|start\n|switch|p1a: Alpha|Iron Hands, shiny|100\/100\n|switch|p2a: Empoleon|Empoleon, M|100\/100\n|-item|p2a: Empoleon|Air Balloon\n|turn|1\n|\n|t:|1700716231\n|switch|p2a: Gastrodon|Gastrodon, F|100\/100\n|move|p1a: Alpha|Close Combat|p2a: Gastrodon\n|-damage|p2a: Gastrodon|37\/100\n|-unboost|p1a: Alpha|def|1\n|-unboost|p1a: Alpha|spd|1\n|-damage|p1a: Alpha|84\/100|[from] item: Rocky Helmet|[of] p2a: Gastrodon\n|\n|upkeep\n|turn|2\n|\n|t:|1700716245\n|switch|p2a: Pelipper|Pelipper, M|100\/100\n|-weather|RainDance|[from] ability: Drizzle|[of] p2a: Pelipper\n|move|p1a: Alpha|Close Combat|p2a: Pelipper\n|-resisted|p2a: Pelipper\n|-damage|p2a: Pelipper|65\/100\n|-unboost|p1a: Alpha|def|1\n|-unboost|p1a: Alpha|spd|1\n|\n|-weather|RainDance|[upkeep]\n|upkeep\n|turn|3\n|\n|t:|1700716256\n|-end|p1a: Alpha|Quark Drive|[silent]\n|switch|p1a: Raphael|Torkoal, M, shiny|100\/100\n|-weather|SunnyDay|[from] ability: Drought|[of] p1a: Raphael\n|move|p2a: Pelipper|Hurricane|p1a: Raphael|[miss]\n|-miss|p2a: Pelipper|p1a: Raphael\n|\n|-weather|SunnyDay|[upkeep]\n|upkeep\n|turn|4\n|\n|t:|1700716277\n|switch|p1a: Enamorus|Enamorus, F|100\/100\n|move|p2a: Pelipper|U-turn|p1a: Enamorus\n|-resisted|p1a: Enamorus\n|-damage|p1a: Enamorus|97\/100\n|\n|t:|1700716283\n|switch|p2a: Zapdos|Zapdos|100\/100|[from] U-turn\n|-ability|p2a: Zapdos|Pressure\n|\n|-weather|SunnyDay|[upkeep]\n|upkeep\n|turn|5\n|\n|t:|1700716296\n|switch|p1a: Alpha|Iron Hands, shiny|84\/100\n|move|p2a: Zapdos|Hurricane|p1a: Alpha\n|-damage|p1a: Alpha|35\/100\n|\n|-weather|SunnyDay|[upkeep]\n|upkeep\n|turn|6\n|\n|t:|1700716302\n|move|p1a: Alpha|Fake Out|p2a: Zapdos\n|-damage|p2a: Zapdos|81\/100\n|cant|p2a: Zapdos|flinch\n|\n|-weather|SunnyDay|[upkeep]\n|upkeep\n|turn|7\n|\n|t:|1700716309\n|-end|p1a: Alpha|Quark Drive|[silent]\n|switch|p1a: Goldmember|Gholdengo, shiny|100\/100\n|move|p2a: Zapdos|Hurricane|p1a: Goldmember|[miss]\n|-miss|p2a: Zapdos|p1a: Goldmember\n|\n|-weather|SunnyDay|[upkeep]\n|upkeep\n|turn|8\n|\n|t:|1700716319\n|switch|p2a: Gastrodon|Gastrodon, F|37\/100\n|move|p1a: Goldmember|Shadow Ball|p2a: Gastrodon\n|-damage|p2a: Gastrodon|3\/100\n|\n|-weather|SunnyDay|[upkeep]\n|upkeep\n|turn|9\n|\n|t:|1700716327\n|move|p1a: Goldmember|Shadow Ball|p2a: Gastrodon\n|-damage|p2a: Gastrodon|0 fnt\n|faint|p2a: Gastrodon\n|\n|-weather|SunnyDay|[upkeep]\n|upkeep\n|\n|t:|1700716332\n|switch|p2a: Empoleon|Empoleon, M|100\/100\n|-item|p2a: Empoleon|Air Balloon\n|turn|10\n|\n|t:|1700716349\n|switch|p1a: Enamorus|Enamorus, F|97\/100\n|move|p2a: Empoleon|Stealth Rock|p1a: Enamorus\n|-sidestart|p1: Alice-chan89|move: Stealth Rock\n|\n|-weather|none\n|upkeep\n|turn|11\n|\n|t:|1700716360\n|move|p1a: Enamorus|Superpower|p2a: Empoleon\n|-supereffective|p2a: Empoleon\n|-damage|p2a: Empoleon|42\/100\n|-boost|p1a: Enamorus|atk|1\n|-boost|p1a: Enamorus|def|1\n|-enditem|p2a: Empoleon|Air Balloon\n|move|p2a: Empoleon|Ice Beam|p1a: Enamorus\n|-supereffective|p1a: Enamorus\n|-damage|p1a: Enamorus|51\/100\n|-status|p1a: Enamorus|frz\n|\n|upkeep\n|turn|12\n|\n|t:|1700716379\n|cant|p1a: Enamorus|frz\n|move|p2a: Empoleon|Ice Beam|p1a: Enamorus\n|-supereffective|p1a: Enamorus\n|-damage|p1a: Enamorus|5\/100 frz\n|\n|upkeep\n|turn|13\n|\n|t:|1700716385\n|-curestatus|p1a: Enamorus|frz|[msg]\n|move|p1a: Enamorus|Superpower|p2a: Empoleon\n|-supereffective|p2a: Empoleon\n|-damage|p2a: Empoleon|0 fnt\n|-boost|p1a: Enamorus|atk|1\n|-boost|p1a: Enamorus|def|1\n|faint|p2a: Empoleon\n|\n|upkeep\n|\n|t:|1700716393\n|switch|p2a: Dondozo|Dondozo, F|100\/100\n|turn|14\n|\n|t:|1700716397\n|move|p1a: Enamorus|Play Rough|p2a: Dondozo\n|-damage|p2a: Dondozo|80\/100\n|move|p2a: Dondozo|Curse|p2a: Dondozo\n|-unboost|p2a: Dondozo|spe|1\n|-boost|p2a: Dondozo|atk|1\n|-boost|p2a: Dondozo|def|1\n|\n|-heal|p2a: Dondozo|86\/100|[from] item: Leftovers\n|upkeep\n|turn|15\n|\n|t:|1700716407\n|switch|p1a: Goldmember|Gholdengo, shiny|100\/100\n|-damage|p1a: Goldmember|94\/100|[from] Stealth Rock\n|move|p2a: Dondozo|Curse|p2a: Dondozo\n|-unboost|p2a: Dondozo|spe|1\n|-boost|p2a: Dondozo|atk|1\n|-boost|p2a: Dondozo|def|1\n|\n|-heal|p2a: Dondozo|92\/100|[from] item: Leftovers\n|upkeep\n|turn|16\n|\n|t:|1700716417\n|switch|p2a: Zapdos|Zapdos|81\/100\n|-ability|p2a: Zapdos|Pressure\n|move|p1a: Goldmember|Trick|p2a: Zapdos\n|-activate|p1a: Goldmember|move: Trick|[of] p2a: Zapdos\n|-item|p2a: Zapdos|Choice Scarf|[from] move: Trick\n|-item|p1a: Goldmember|Choice Specs|[from] move: Trick\n|\n|upkeep\n|turn|17\n|\n|t:|1700716448\n|switch|p1a: Raphael|Torkoal, M, shiny|100\/100\n|-damage|p1a: Raphael|76\/100|[from] Stealth Rock\n|-weather|SunnyDay|[from] ability: Drought|[of] p1a: Raphael\n|move|p2a: Zapdos|Discharge|p1a: Raphael\n|-damage|p1a: Raphael|42\/100\n|-status|p1a: Raphael|par\n|\n|-weather|SunnyDay|[upkeep]\n|upkeep\n|turn|18\n|\n|t:|1700716464\n|switch|p2a: Pelipper|Pelipper, M|65\/100\n|-weather|RainDance|[from] ability: Drizzle|[of] p2a: Pelipper\n|cant|p1a: Raphael|par\n|\n|-weather|RainDance|[upkeep]\n|upkeep\n|turn|19\n|\n|t:|1700716472\n|switch|p1a: Enamorus|Enamorus, F|5\/100\n|-damage|p1a: Enamorus|0 fnt|[from] Stealth Rock\n|faint|p1a: Enamorus\n|move|p2a: Pelipper|Chilling Water|p1: Enamorus|[notarget]\n|-fail|p2a: Pelipper\n|\n|-weather|RainDance|[upkeep]\n|upkeep\n|\n|t:|1700716495\n|switch|p1a: Goldmember|Gholdengo, shiny|94\/100\n|-damage|p1a: Goldmember|88\/100|[from] Stealth Rock\n|turn|20\n|\n|t:|1700716501\n|switch|p2a: Zapdos|Zapdos|81\/100\n|-ability|p2a: Zapdos|Pressure\n|move|p1a: Goldmember|Charge Beam|p2a: Zapdos\n|-damage|p2a: Zapdos|51\/100\n|-boost|p1a: Goldmember|spa|1\n|\n|-weather|RainDance|[upkeep]\n|upkeep\n|turn|21\n|\n|t:|1700716516\n|switch|p1a: Shep|Great Tusk, shiny|100\/100\n|-damage|p1a: Shep|98\/100|[from] Stealth Rock\n|move|p2a: Zapdos|Hurricane|p1a: Shep\n|-supereffective|p1a: Shep\n|-damage|p1a: Shep|0 fnt\n|faint|p1a: Shep\n|-end|p1a: Shep|Protosynthesis|[silent]\n|\n|-weather|RainDance|[upkeep]\n|upkeep\n|\n|t:|1700716527\n|switch|p1a: Blue|Walking Wake|100\/100\n|-damage|p1a: Blue|88\/100|[from] Stealth Rock\n|turn|22\n|\n|t:|1700716535\n|-end|p1a: Blue|Protosynthesis|[silent]\n|switch|p1a: Raphael|Torkoal, M, shiny|42\/100 par\n|-damage|p1a: Raphael|17\/100 par|[from] Stealth Rock\n|-weather|SunnyDay|[from] ability: Drought|[of] p1a: Raphael\n|move|p2a: Zapdos|Hurricane|p1a: Raphael|[miss]\n|-miss|p2a: Zapdos|p1a: Raphael\n|\n|-weather|SunnyDay|[upkeep]\n|upkeep\n|turn|23\n|\n|t:|1700716544\n|move|p2a: Zapdos|Hurricane|p1a: Raphael|[miss]\n|-miss|p2a: Zapdos|p1a: Raphael\n|move|p1a: Raphael|Stealth Rock|p2a: Zapdos\n|-sidestart|p2: IamRllyRllyBad|move: Stealth Rock\n|\n|-weather|SunnyDay|[upkeep]\n|upkeep\n|turn|24\n|\n|t:|1700716553\n|move|p2a: Zapdos|Hurricane|p1a: Raphael\n|-damage|p1a: Raphael|0 fnt\n|faint|p1a: Raphael\n|\n|-weather|SunnyDay|[upkeep]\n|upkeep\n|\n|t:|1700716559\n|switch|p1a: Blue|Walking Wake|88\/100\n|-damage|p1a: Blue|76\/100|[from] Stealth Rock\n|-activate|p1a: Blue|ability: Protosynthesis\n|-start|p1a: Blue|protosynthesisspe\n|turn|25\n|\n|t:|1700716572\n|switch|p2a: Pelipper|Pelipper, M|65\/100\n|-damage|p2a: Pelipper|40\/100|[from] Stealth Rock\n|-weather|RainDance|[from] ability: Drizzle|[of] p2a: Pelipper\n|-end|p1a: Blue|Protosynthesis\n|-terastallize|p1a: Blue|Water\n|move|p1a: Blue|Hydro Steam|p2a: Pelipper\n|-resisted|p2a: Pelipper\n|-damage|p2a: Pelipper|0 fnt\n|faint|p2a: Pelipper\n|\n|-weather|RainDance|[upkeep]\n|upkeep\n|\n|t:|1700716585\n|switch|p2a: Zapdos|Zapdos|51\/100\n|-damage|p2a: Zapdos|26\/100|[from] Stealth Rock\n|-ability|p2a: Zapdos|Pressure\n|turn|26\n|\n|t:|1700716594\n|move|p2a: Zapdos|Thunder|p1a: Blue\n|-supereffective|p1a: Blue\n|-damage|p1a: Blue|0 fnt\n|faint|p1a: Blue\n|-end|p1a: Blue|Protosynthesis|[silent]\n|\n|-weather|RainDance|[upkeep]\n|upkeep\n|\n|t:|1700716601\n|switch|p1a: Alpha|Iron Hands, shiny|35\/100\n|-damage|p1a: Alpha|28\/100|[from] Stealth Rock\n|turn|27\n|\n|t:|1700716609\n|move|p2a: Zapdos|Thunder|p1a: Alpha\n|-resisted|p1a: Alpha\n|-damage|p1a: Alpha|11\/100\n|move|p1a: Alpha|Thunder Punch|p2a: Zapdos\n|-damage|p2a: Zapdos|0 fnt\n|faint|p2a: Zapdos\n|\n|-weather|RainDance|[upkeep]\n|upkeep\n|\n|t:|1700716621\n|switch|p2a: Manaphy|Manaphy|100\/100\n|-damage|p2a: Manaphy|88\/100|[from] Stealth Rock\n|turn|28\n|\n|t:|1700716625\n|move|p2a: Manaphy|Scald|p1a: Alpha\n|-damage|p1a: Alpha|0 fnt\n|faint|p1a: Alpha\n|-end|p1a: Alpha|Quark Drive|[silent]\n|\n|-weather|RainDance|[upkeep]\n|-heal|p2a: Manaphy|94\/100|[from] item: Leftovers\n|upkeep\n|\n|t:|1700716631\n|switch|p1a: Goldmember|Gholdengo, shiny|88\/100\n|-damage|p1a: Goldmember|82\/100|[from] Stealth Rock\n|turn|29\n|\n|t:|1700716637\n|move|p1a: Goldmember|Charge Beam|p2a: Manaphy\n|-supereffective|p2a: Manaphy\n|-damage|p2a: Manaphy|50\/100\n|-boost|p1a: Goldmember|spa|1\n|move|p2a: Manaphy|Scald|p1a: Goldmember\n|-damage|p1a: Goldmember|19\/100\n|\n|-weather|RainDance|[upkeep]\n|-heal|p2a: Manaphy|56\/100|[from] item: Leftovers\n|upkeep\n|turn|30\n|\n|t:|1700716646\n|move|p1a: Goldmember|Charge Beam|p2a: Manaphy\n|-supereffective|p2a: Manaphy\n|-damage|p2a: Manaphy|0 fnt\n|-boost|p1a: Goldmember|spa|1\n|faint|p2a: Manaphy\n|\n|-weather|RainDance|[upkeep]\n|upkeep\n|\n|t:|1700716652\n|switch|p2a: Dondozo|Dondozo, F|92\/100\n|-damage|p2a: Dondozo|79\/100|[from] Stealth Rock\n|turn|31\n|\n|t:|1700716656\n|move|p1a: Goldmember|Charge Beam|p2a: Dondozo\n|-supereffective|p2a: Dondozo\n|-damage|p2a: Dondozo|25\/100\n|-boost|p1a: Goldmember|spa|1\n|move|p2a: Dondozo|Wave Crash|p1a: Goldmember\n|-damage|p1a: Goldmember|0 fnt\n|faint|p1a: Goldmember\n|-damage|p2a: Dondozo|21\/100|[from] Recoil\n|\n|win|IamRllyRllyBad\n|raw|Alice-chan89's rating: 1189 &rarr; <strong>1161<\/strong><br \/>(-28 for losing)\n|raw|IamRllyRllyBad's rating: 1145 &rarr; <strong>1173<\/strong><br \/>(+28 for winning)\n|c|\u2606IamRllyRllyBad|gg\n|c|\u2606Alice-chan89|gg\n","uploadtime":1700716669,"views":2,"p1id":"alicechan89","p2id":"iamrllyrllybad","formatid":"gen9ou","rating":1161,"private":0,"password":""}