{"id":"gen9ou-1989301827","p1":"RANACIO","p2":"Ochuruls","format":"[Gen 9] OU","log":"|j|\u2606RANACIO\n|j|\u2606Ochuruls\n|t:|1699833829\n|gametype|singles\n|player|p1|RANACIO|lucas|\n|player|p2|Ochuruls|n|\n|teamsize|p1|6\n|teamsize|p2|6\n|gen|9\n|tier|[Gen 9] OU\n|rule|Sleep Clause Mod: Limit one foe put to sleep\n|rule|Species Clause: Limit one of each Pok\u00e9mon\n|rule|OHKO Clause: OHKO moves are banned\n|rule|Evasion Items Clause: Evasion items are banned\n|rule|Evasion Moves Clause: Evasion moves are banned\n|rule|Endless Battle Clause: Forcing endless battles is banned\n|rule|HP Percentage Mod: HP is shown in percentages\n|clearpoke\n|poke|p1|Landorus-Therian, M|\n|poke|p1|Empoleon, M|\n|poke|p1|Gholdengo|\n|poke|p1|Hoopa-Unbound|\n|poke|p1|Clodsire, M|\n|poke|p1|Snorlax, F|\n|poke|p2|Corviknight, M|\n|poke|p2|Kingambit, F|\n|poke|p2|Diancie|\n|poke|p2|Gengar, F|\n|poke|p2|Rotom-Wash|\n|poke|p2|Heracross, M|\n|teampreview\n|\n|t:|1699833860\n|start\n|switch|p1a: Landorus|Landorus-Therian, M|100\/100\n|switch|p2a: Rotom|Rotom-Wash|100\/100\n|-ability|p1a: Landorus|Intimidate|boost\n|-unboost|p2a: Rotom|atk|1\n|turn|1\n|\n|t:|1699833869\n|move|p1a: Landorus|Focus Blast|p2a: Rotom\n|-damage|p2a: Rotom|70\/100\n|move|p2a: Rotom|Hydro Pump|p1a: Landorus|[miss]\n|-miss|p2a: Rotom|p1a: Landorus\n|\n|-heal|p2a: Rotom|76\/100|[from] item: Leftovers\n|upkeep\n|turn|2\n|\n|t:|1699833879\n|move|p1a: Landorus|Crunch|p2a: Rotom\n|-damage|p2a: Rotom|56\/100\n|move|p2a: Rotom|Hydro Pump|p1a: Landorus\n|-supereffective|p1a: Landorus\n|-damage|p1a: Landorus|45\/100\n|\n|-heal|p2a: Rotom|62\/100|[from] item: Leftovers\n|upkeep\n|turn|3\n|\n|t:|1699833889\n|move|p1a: Landorus|Focus Blast|p2a: Rotom|[miss]\n|-miss|p1a: Landorus|p2a: Rotom\n|move|p2a: Rotom|Hydro Pump|p1a: Landorus\n|-supereffective|p1a: Landorus\n|-damage|p1a: Landorus|0 fnt\n|faint|p1a: Landorus\n|\n|-heal|p2a: Rotom|68\/100|[from] item: Leftovers\n|upkeep\n|\n|t:|1699833901\n|switch|p1a: Gholdengo|Gholdengo|100\/100\n|turn|4\n|\n|t:|1699833906\n|move|p1a: Gholdengo|Trick|p2a: Rotom\n|-activate|p1a: Gholdengo|move: Trick|[of] p2a: Rotom\n|-item|p2a: Rotom|Rocky Helmet|[from] move: Trick\n|-item|p1a: Gholdengo|Leftovers|[from] move: Trick\n|move|p2a: Rotom|Thunderbolt|p1a: Gholdengo\n|-damage|p1a: Gholdengo|68\/100\n|\n|-heal|p1a: Gholdengo|75\/100|[from] item: Leftovers\n|upkeep\n|turn|5\n|\n|t:|1699833916\n|move|p2a: Rotom|Thunderbolt|p1a: Gholdengo\n|-damage|p1a: Gholdengo|44\/100\n|move|p1a: Gholdengo|Focus Blast|p2a: Rotom\n|-damage|p2a: Rotom|28\/100\n|\n|-heal|p1a: Gholdengo|50\/100|[from] item: Leftovers\n|upkeep\n|turn|6\n|\n|t:|1699833928\n|move|p1a: Gholdengo|Focus Blast|p2a: Rotom\n|-damage|p2a: Rotom|0 fnt\n|faint|p2a: Rotom\n|\n|-heal|p1a: Gholdengo|56\/100|[from] item: Leftovers\n|upkeep\n|\n|t:|1699833934\n|switch|p2a: Gengar|Gengar, F|100\/100\n|turn|7\n|\n|t:|1699833940\n|move|p2a: Gengar|Shadow Ball|p1a: Gholdengo\n|-supereffective|p1a: Gholdengo\n|-damage|p1a: Gholdengo|0 fnt\n|faint|p1a: Gholdengo\n|\n|upkeep\n|\n|t:|1699833947\n|switch|p1a: Hoopa|Hoopa-Unbound|100\/100\n|turn|8\n|\n|t:|1699833966\n|switch|p2a: Diancie|Diancie|100\/100\n|move|p1a: Hoopa|Calm Mind|p1a: Hoopa\n|-boost|p1a: Hoopa|spa|1\n|-boost|p1a: Hoopa|spd|1\n|\n|upkeep\n|turn|9\n|\n|t:|1699833977\n|move|p1a: Hoopa|Focus Blast|p2a: Diancie|[miss]\n|-miss|p1a: Hoopa|p2a: Diancie\n|move|p2a: Diancie|Diamond Storm|p1a: Hoopa\n|-damage|p1a: Hoopa|64\/100\n|\n|upkeep\n|turn|10\n|\n|t:|1699833984\n|-singleturn|p1a: Hoopa|move: Focus Punch\n|move|p2a: Diancie|Diamond Storm|p1a: Hoopa\n|-damage|p1a: Hoopa|27\/100\n|-boost|p2a: Diancie|def|2\n|cant|p1a: Hoopa|Focus Punch|Focus Punch\n|\n|upkeep\n|turn|11\n|\n|t:|1699834000\n|move|p1a: Hoopa|Foul Play|p2a: Diancie\n|-resisted|p2a: Diancie\n|-damage|p2a: Diancie|94\/100\n|move|p2a: Diancie|Diamond Storm|p1a: Hoopa\n|-damage|p1a: Hoopa|0 fnt\n|faint|p1a: Hoopa\n|\n|-heal|p2a: Diancie|99\/100|[from] item: Leftovers\n|upkeep\n|\n|t:|1699834011\n|switch|p1a: Snorlax|Snorlax, F|100\/100\n|turn|12\n|\n|t:|1699834019\n|move|p1a: Snorlax|Curse|p1a: Snorlax\n|-unboost|p1a: Snorlax|spe|1\n|-boost|p1a: Snorlax|atk|1\n|-boost|p1a: Snorlax|def|1\n|move|p2a: Diancie|Body Press|p1a: Snorlax\n|-supereffective|p1a: Snorlax\n|-damage|p1a: Snorlax|44\/100\n|\n|-heal|p2a: Diancie|100\/100|[from] item: Leftovers\n|-damage|p1a: Snorlax|31\/100|[from] item: Black Sludge\n|upkeep\n|turn|13\n|\n|t:|1699834032\n|move|p2a: Diancie|Body Press|p1a: Snorlax\n|-supereffective|p1a: Snorlax\n|-damage|p1a: Snorlax|0 fnt\n|faint|p1a: Snorlax\n|\n|upkeep\n|\n|t:|1699834037\n|switch|p1a: Clodsire|Clodsire, M|100\/100\n|turn|14\n|\n|t:|1699834050\n|switch|p2a: Heracross|Heracross, M|100\/100\n|move|p1a: Clodsire|Gunk Shot|p2a: Heracross|[miss]\n|-miss|p1a: Clodsire|p2a: Heracross\n|\n|-status|p2a: Heracross|brn|[from] item: Flame Orb\n|upkeep\n|turn|15\n|\n|t:|1699834060\n|move|p2a: Heracross|Trailblaze|p1a: Clodsire\n|-damage|p1a: Clodsire|75\/100\n|-boost|p2a: Heracross|spe|1\n|move|p1a: Clodsire|Toxic||[still]\n|-fail|p1a: Clodsire\n|\n|-damage|p2a: Heracross|95\/100 brn|[from] brn\n|upkeep\n|turn|16\n|\n|t:|1699834071\n|-terastallize|p2a: Heracross|Normal\n|move|p2a: Heracross|Facade|p1a: Clodsire\n|-damage|p1a: Clodsire|0 fnt\n|faint|p1a: Clodsire\n|\n|-damage|p2a: Heracross|89\/100 brn|[from] brn\n|upkeep\n|\n|t:|1699834080\n|switch|p1a: Empoleon|Empoleon, M|100\/100\n|turn|17\n|\n|t:|1699834089\n|move|p2a: Heracross|Close Combat|p1a: Empoleon\n|-supereffective|p1a: Empoleon\n|-enditem|p1a: Empoleon|Focus Sash\n|-damage|p1a: Empoleon|1\/100\n|-unboost|p2a: Heracross|def|1\n|-unboost|p2a: Heracross|spd|1\n|move|p1a: Empoleon|Chilling Water|p2a: Heracross\n|-damage|p2a: Heracross|33\/100 brn\n|-unboost|p2a: Heracross|atk|1\n|\n|-damage|p2a: Heracross|27\/100 brn|[from] brn\n|upkeep\n|turn|18\n|\n|t:|1699834102\n|move|p2a: Heracross|Trailblaze|p1a: Empoleon\n|-damage|p1a: Empoleon|0 fnt\n|-boost|p2a: Heracross|spe|1\n|faint|p1a: Empoleon\n|\n|win|Ochuruls\n","uploadtime":1699834110,"views":26,"p1id":"ranacio","p2id":"ochuruls","formatid":"gen9ou","rating":0,"private":0,"password":""}