{"id":"gen9ou-1998144826","p1":"Hi I Am Red Dead 2","p2":"tenk ju ju es ej","format":"[Gen 9] OU","log":"|j|\u2606Hi I Am Red Dead 2\n|j|\u2606tenk ju ju es ej\n|t:|1700899955\n|gametype|singles\n|player|p1|Hi I Am Red Dead 2|red|1340\n|player|p2|tenk ju ju es ej|266|1350\n|teamsize|p1|6\n|teamsize|p2|6\n|gen|9\n|tier|[Gen 9] OU\n|rated|\n|rule|Sleep Clause Mod: Limit one foe put to sleep\n|rule|Species Clause: Limit one of each Pok\u00e9mon\n|rule|OHKO Clause: OHKO moves are banned\n|rule|Evasion Items Clause: Evasion items are banned\n|rule|Evasion Moves Clause: Evasion moves are banned\n|rule|Endless Battle Clause: Forcing endless battles is banned\n|rule|HP Percentage Mod: HP is shown in percentages\n|clearpoke\n|poke|p1|Pelipper, F|\n|poke|p1|Zapdos|\n|poke|p1|Amoonguss, M|\n|poke|p1|Great Tusk|\n|poke|p1|Slowking-Galar, M|\n|poke|p1|Barraskewda, F|\n|poke|p2|Iron Valiant|\n|poke|p2|Glimmora, F|\n|poke|p2|Iron Moth|\n|poke|p2|Kingambit, F|\n|poke|p2|Ogerpon-Wellspring, F|\n|poke|p2|Zamazenta-*|\n|teampreview\n|inactive|Battle timer is ON: inactive players will automatically lose when time's up. (requested by Hi I Am Red Dead 2)\n|\n|t:|1700899964\n|start\n|switch|p1a: Pelipper|Pelipper, F|100\/100\n|switch|p2a: Glimmora|Glimmora, F|100\/100\n|-weather|RainDance|[from] ability: Drizzle|[of] p1a: Pelipper\n|turn|1\n|\n|t:|1700899973\n|switch|p1a: Zapdos|Zapdos|100\/100\n|move|p2a: Glimmora|Stealth Rock|p1a: Zapdos\n|-sidestart|p1: Hi I Am Red Dead 2|move: Stealth Rock\n|\n|-weather|RainDance|[upkeep]\n|upkeep\n|turn|2\n|\n|t:|1700899980\n|move|p1a: Zapdos|Thunder|p2a: Glimmora\n|-enditem|p2a: Glimmora|Focus Sash\n|-damage|p2a: Glimmora|1\/100\n|-status|p2a: Glimmora|par\n|move|p2a: Glimmora|Mortal Spin|p1a: Zapdos\n|-damage|p1a: Zapdos|93\/100\n|-status|p1a: Zapdos|psn\n|\n|-weather|RainDance|[upkeep]\n|-damage|p1a: Zapdos|80\/100 psn|[from] psn\n|upkeep\n|turn|3\n|\n|t:|1700899992\n|move|p1a: Zapdos|Thunder|p2a: Glimmora\n|-damage|p2a: Glimmora|0 fnt\n|faint|p2a: Glimmora\n|\n|-weather|RainDance|[upkeep]\n|-damage|p1a: Zapdos|68\/100 psn|[from] psn\n|upkeep\n|\n|t:|1700900013\n|switch|p2a: Iron Moth|Iron Moth|100\/100\n|-enditem|p2a: Iron Moth|Booster Energy\n|-activate|p2a: Iron Moth|ability: Quark Drive|[fromitem]\n|-start|p2a: Iron Moth|quarkdrivespe\n|turn|4\n|\n|t:|1700900024\n|switch|p1a: Slowking|Slowking-Galar, M|100\/100\n|move|p2a: Iron Moth|Sludge Wave|p1a: Slowking\n|-resisted|p1a: Slowking\n|-damage|p1a: Slowking|86\/100\n|\n|-weather|RainDance|[upkeep]\n|upkeep\n|turn|5\n|\n|t:|1700900035\n|-end|p2a: Iron Moth|Quark Drive|[silent]\n|switch|p2a: Ogerpon|Ogerpon-Wellspring, F|100\/100\n|move|p1a: Slowking|Yawn|p2a: Ogerpon\n|-start|p2a: Ogerpon|move: Yawn|[of] p1a: Slowking\n|\n|-weather|RainDance|[upkeep]\n|upkeep\n|turn|6\n|\n|t:|1700900058\n|switch|p2a: Zamazenta|Zamazenta|100\/100\n|-ability|p2a: Zamazenta|Dauntless Shield|boost\n|-boost|p2a: Zamazenta|def|1\n|move|p1a: Slowking|Sludge Bomb|p2a: Zamazenta\n|-damage|p2a: Zamazenta|73\/100\n|\n|-weather|RainDance|[upkeep]\n|-heal|p2a: Zamazenta|79\/100|[from] item: Leftovers\n|upkeep\n|turn|7\n|\n|t:|1700900070\n|move|p2a: Zamazenta|Substitute|p2a: Zamazenta\n|-start|p2a: Zamazenta|Substitute\n|-damage|p2a: Zamazenta|54\/100\n|move|p1a: Slowking|Yawn||[still]\n|-fail|p1a: Slowking\n|\n|-weather|RainDance|[upkeep]\n|-heal|p2a: Zamazenta|60\/100|[from] item: Leftovers\n|upkeep\n|turn|8\n|\n|t:|1700900079\n|move|p2a: Zamazenta|Iron Defense|p2a: Zamazenta\n|-boost|p2a: Zamazenta|def|2\n|move|p1a: Slowking|Future Sight|p2a: Zamazenta\n|-start|p1a: Slowking|move: Future Sight\n|\n|-weather|none\n|-heal|p2a: Zamazenta|66\/100|[from] item: Leftovers\n|upkeep\n|turn|9\n|\n|t:|1700900087\n|move|p2a: Zamazenta|Crunch|p1a: Slowking\n|-supereffective|p1a: Slowking\n|-damage|p1a: Slowking|32\/100\n|move|p1a: Slowking|Sludge Bomb|p2a: Zamazenta\n|-end|p2a: Zamazenta|Substitute\n|\n|-heal|p2a: Zamazenta|72\/100|[from] item: Leftovers\n|upkeep\n|turn|10\n|\n|t:|1700900097\n|switch|p2a: Kingambit|Kingambit, F|100\/100\n|move|p1a: Slowking|Sludge Bomb|p2a: Kingambit\n|-immune|p2a: Kingambit\n|\n|-end|p2a: Kingambit|move: Future Sight\n|-immune|p2a: Kingambit\n|upkeep\n|turn|11\n|\n|t:|1700900107\n|switch|p1a: Great Tusk|Great Tusk, shiny|100\/100\n|-damage|p1a: Great Tusk|98\/100|[from] Stealth Rock\n|move|p2a: Kingambit|Kowtow Cleave|p1a: Great Tusk\n|-resisted|p1a: Great Tusk\n|-damage|p1a: Great Tusk|79\/100\n|\n|-heal|p1a: Great Tusk|85\/100|[from] item: Leftovers\n|upkeep\n|turn|12\n|\n|t:|1700900124\n|switch|p2a: Iron Valiant|Iron Valiant|100\/100\n|-enditem|p2a: Iron Valiant|Booster Energy\n|-activate|p2a: Iron Valiant|ability: Quark Drive|[fromitem]\n|-start|p2a: Iron Valiant|quarkdrivespe\n|move|p1a: Great Tusk|Rapid Spin|p2a: Iron Valiant\n|-damage|p2a: Iron Valiant|76\/100\n|-boost|p1a: Great Tusk|spe|1\n|-sideend|p1: Hi I Am Red Dead 2|Stealth Rock|[from] move: Rapid Spin|[of] p1a: Great Tusk\n|\n|-heal|p1a: Great Tusk|91\/100|[from] item: Leftovers\n|upkeep\n|turn|13\n|\n|t:|1700900139\n|-end|p1a: Great Tusk|Protosynthesis|[silent]\n|switch|p1a: Amoonguss|Amoonguss, M|100\/100\n|move|p2a: Iron Valiant|Moonblast|p1a: Amoonguss\n|-resisted|p1a: Amoonguss\n|-damage|p1a: Amoonguss|81\/100\n|-enditem|p1a: Amoonguss|Red Card|[of] p2a: Iron Valiant\n|-end|p2a: Iron Valiant|Quark Drive|[silent]\n|drag|p2a: Zamazenta|Zamazenta|72\/100\n|\n|-heal|p2a: Zamazenta|78\/100|[from] item: Leftovers\n|upkeep\n|turn|14\n|\n|t:|1700900152\n|move|p2a: Zamazenta|Substitute|p2a: Zamazenta\n|-start|p2a: Zamazenta|Substitute\n|-damage|p2a: Zamazenta|54\/100\n|move|p1a: Amoonguss|Sludge Bomb|p2a: Zamazenta\n|-activate|p2a: Zamazenta|move: Substitute|[damage]\n|\n|-heal|p2a: Zamazenta|60\/100|[from] item: Leftovers\n|upkeep\n|turn|15\n|\n|t:|1700900160\n|move|p2a: Zamazenta|Crunch|p1a: Amoonguss\n|-damage|p1a: Amoonguss|63\/100\n|-unboost|p1a: Amoonguss|def|1\n|move|p1a: Amoonguss|Sludge Bomb|p2a: Zamazenta\n|-end|p2a: Zamazenta|Substitute\n|\n|-heal|p2a: Zamazenta|66\/100|[from] item: Leftovers\n|upkeep\n|turn|16\n|\n|t:|1700900171\n|switch|p1a: Pelipper|Pelipper, F|100\/100\n|-weather|RainDance|[from] ability: Drizzle|[of] p1a: Pelipper\n|move|p2a: Zamazenta|Crunch|p1a: Pelipper\n|-damage|p1a: Pelipper|83\/100\n|\n|-weather|RainDance|[upkeep]\n|-heal|p2a: Zamazenta|72\/100|[from] item: Leftovers\n|upkeep\n|turn|17\n|\n|t:|1700900181\n|switch|p2a: Kingambit|Kingambit, F|100\/100\n|move|p1a: Pelipper|Hurricane|p2a: Kingambit\n|-resisted|p2a: Kingambit\n|-damage|p2a: Kingambit|79\/100\n|\n|-weather|RainDance|[upkeep]\n|-heal|p2a: Kingambit|85\/100|[from] item: Leftovers\n|upkeep\n|turn|18\n|\n|t:|1700900191\n|switch|p1a: Great Tusk|Great Tusk, shiny|91\/100\n|move|p2a: Kingambit|Kowtow Cleave|p1a: Great Tusk\n|-resisted|p1a: Great Tusk\n|-damage|p1a: Great Tusk|73\/100\n|\n|-weather|RainDance|[upkeep]\n|-heal|p1a: Great Tusk|79\/100|[from] item: Leftovers\n|-heal|p2a: Kingambit|91\/100|[from] item: Leftovers\n|upkeep\n|turn|19\n|\n|t:|1700900202\n|switch|p2a: Iron Moth|Iron Moth|100\/100\n|move|p1a: Great Tusk|Knock Off|p2a: Iron Moth\n|-damage|p2a: Iron Moth|59\/100\n|\n|-weather|RainDance|[upkeep]\n|-heal|p1a: Great Tusk|85\/100|[from] item: Leftovers\n|upkeep\n|turn|20\n|\n|t:|1700900215\n|-end|p1a: Great Tusk|Protosynthesis|[silent]\n|switch|p1a: Slowking|Slowking-Galar, M|65\/100\n|-terastallize|p2a: Iron Moth|Grass\n|move|p2a: Iron Moth|Energy Ball|p1a: Slowking\n|-resisted|p1a: Slowking\n|-damage|p1a: Slowking|53\/100\n|\n|-weather|RainDance|[upkeep]\n|upkeep\n|turn|21\n|\n|t:|1700900226\n|-end|p2a: Iron Moth|Quark Drive|[silent]\n|switch|p2a: Ogerpon|Ogerpon-Wellspring, F|100\/100\n|move|p1a: Slowking|Yawn|p2a: Ogerpon\n|-start|p2a: Ogerpon|move: Yawn|[of] p1a: Slowking\n|\n|-weather|RainDance|[upkeep]\n|upkeep\n|turn|22\n|\n|t:|1700900238\n|switch|p2a: Kingambit|Kingambit, F|91\/100\n|switch|p1a: Amoonguss|Amoonguss, M|96\/100\n|\n|-weather|RainDance|[upkeep]\n|-heal|p2a: Kingambit|98\/100|[from] item: Leftovers\n|upkeep\n|turn|23\n|\n|t:|1700900247\n|switch|p1a: Great Tusk|Great Tusk, shiny|85\/100\n|move|p2a: Kingambit|Kowtow Cleave|p1a: Great Tusk\n|-resisted|p1a: Great Tusk\n|-damage|p1a: Great Tusk|68\/100\n|\n|-weather|none\n|-heal|p1a: Great Tusk|74\/100|[from] item: Leftovers\n|-heal|p2a: Kingambit|100\/100|[from] item: Leftovers\n|upkeep\n|turn|24\n|\n|t:|1700900258\n|switch|p2a: Ogerpon|Ogerpon-Wellspring, F|100\/100\n|move|p1a: Great Tusk|Headlong Rush|p2a: Ogerpon\n|-resisted|p2a: Ogerpon\n|-damage|p2a: Ogerpon|59\/100\n|-unboost|p1a: Great Tusk|def|1\n|-unboost|p1a: Great Tusk|spd|1\n|\n|-heal|p1a: Great Tusk|80\/100|[from] item: Leftovers\n|upkeep\n|turn|25\n|\n|t:|1700900269\n|-end|p1a: Great Tusk|Protosynthesis|[silent]\n|switch|p1a: Amoonguss|Amoonguss, M|100\/100\n|move|p2a: Ogerpon|Ivy Cudgel|p1a: Amoonguss|[anim] Ivy Cudgel Water\n|-resisted|p1a: Amoonguss\n|-damage|p1a: Amoonguss|79\/100\n|\n|upkeep\n|turn|26\n|\n|t:|1700900277\n|switch|p2a: Kingambit|Kingambit, F|100\/100\n|move|p1a: Amoonguss|Spore|p2a: Kingambit\n|-status|p2a: Kingambit|slp|[from] move: Spore\n|\n|upkeep\n|turn|27\n|\n|t:|1700900288\n|switch|p1a: Pelipper|Pelipper, F|83\/100\n|-weather|RainDance|[from] ability: Drizzle|[of] p1a: Pelipper\n|cant|p2a: Kingambit|slp\n|\n|-weather|RainDance|[upkeep]\n|upkeep\n|turn|28\n|\n|t:|1700900297\n|-curestatus|p2a: Kingambit|slp|[msg]\n|move|p2a: Kingambit|Kowtow Cleave|p1a: Pelipper\n|-damage|p1a: Pelipper|46\/100\n|move|p1a: Pelipper|U-turn|p2a: Kingambit\n|-damage|p2a: Kingambit|93\/100\n|\n|t:|1700900304\n|switch|p1a: Barraskewda|Barraskewda, F|100\/100|[from] U-turn\n|\n|-weather|RainDance|[upkeep]\n|-heal|p2a: Kingambit|99\/100|[from] item: Leftovers\n|upkeep\n|turn|29\n|\n|t:|1700900317\n|-terastallize|p1a: Barraskewda|Water\n|move|p1a: Barraskewda|Close Combat|p2a: Kingambit\n|-supereffective|p2a: Kingambit\n|-damage|p2a: Kingambit|0 fnt\n|-unboost|p1a: Barraskewda|def|1\n|-unboost|p1a: Barraskewda|spd|1\n|faint|p2a: Kingambit\n|\n|-weather|RainDance|[upkeep]\n|upkeep\n|\n|t:|1700900324\n|switch|p2a: Zamazenta|Zamazenta|72\/100\n|turn|30\n|\n|t:|1700900332\n|switch|p1a: Slowking|Slowking-Galar, M|86\/100\n|move|p2a: Zamazenta|Body Press|p1a: Slowking\n|-resisted|p1a: Slowking\n|-damage|p1a: Slowking|78\/100\n|\n|-weather|RainDance|[upkeep]\n|-heal|p2a: Zamazenta|78\/100|[from] item: Leftovers\n|upkeep\n|turn|31\n|\n|t:|1700900343\n|move|p2a: Zamazenta|Substitute|p2a: Zamazenta\n|-start|p2a: Zamazenta|Substitute\n|-damage|p2a: Zamazenta|53\/100\n|move|p1a: Slowking|Future Sight|p2a: Zamazenta\n|-start|p1a: Slowking|move: Future Sight\n|\n|-weather|RainDance|[upkeep]\n|-heal|p2a: Zamazenta|59\/100|[from] item: Leftovers\n|upkeep\n|turn|32\n|\n|t:|1700900352\n|move|p2a: Zamazenta|Crunch|p1a: Slowking\n|-supereffective|p1a: Slowking\n|-damage|p1a: Slowking|31\/100\n|move|p1a: Slowking|Sludge Bomb|p2a: Zamazenta\n|-end|p2a: Zamazenta|Substitute\n|\n|-weather|RainDance|[upkeep]\n|-heal|p2a: Zamazenta|66\/100|[from] item: Leftovers\n|upkeep\n|turn|33\n|\n|t:|1700900362\n|move|p2a: Zamazenta|Crunch|p1a: Slowking\n|-supereffective|p1a: Slowking\n|-damage|p1a: Slowking|0 fnt\n|faint|p1a: Slowking\n|\n|-weather|RainDance|[upkeep]\n|-end|p2a: Zamazenta|move: Future Sight\n|-supereffective|p2a: Zamazenta\n|-damage|p2a: Zamazenta|0 fnt\n|faint|p2a: Zamazenta\n|upkeep\n|\n|t:|1700900374\n|switch|p2a: Ogerpon|Ogerpon-Wellspring, F|59\/100\n|switch|p1a: Zapdos|Zapdos|68\/100 psn\n|turn|34\n|\n|t:|1700900381\n|switch|p1a: Amoonguss|Amoonguss, M|100\/100\n|move|p2a: Ogerpon|Ivy Cudgel|p1a: Amoonguss|[anim] Ivy Cudgel Water\n|-resisted|p1a: Amoonguss\n|-damage|p1a: Amoonguss|69\/100\n|\n|-weather|none\n|upkeep\n|turn|35\n|\n|t:|1700900393\n|switch|p2a: Iron Moth|Iron Moth, tera:Grass|59\/100\n|move|p1a: Amoonguss|Spore|p2a: Iron Moth\n|-immune|p2a: Iron Moth\n|\n|upkeep\n|turn|36\n|\n|t:|1700900403\n|move|p2a: Iron Moth|Fiery Dance|p1a: Amoonguss\n|-supereffective|p1a: Amoonguss\n|-damage|p1a: Amoonguss|0 fnt\n|-boost|p2a: Iron Moth|spa|1\n|faint|p1a: Amoonguss\n|\n|upkeep\n|\n|t:|1700900413\n|switch|p1a: Pelipper|Pelipper, F|46\/100\n|-weather|RainDance|[from] ability: Drizzle|[of] p1a: Pelipper\n|turn|37\n|\n|t:|1700900426\n|switch|p1a: Zapdos|Zapdos|68\/100 psn\n|move|p2a: Iron Moth|Sludge Wave|p1a: Zapdos\n|-crit|p1a: Zapdos\n|-damage|p1a: Zapdos|0 fnt\n|faint|p1a: Zapdos\n|\n|-weather|RainDance|[upkeep]\n|upkeep\n|\n|t:|1700900436\n|switch|p1a: Barraskewda|Barraskewda, F, tera:Water|100\/100\n|turn|38\n|\n|t:|1700900439\n|move|p1a: Barraskewda|Close Combat|p2a: Iron Moth\n|-damage|p2a: Iron Moth|0 fnt\n|-unboost|p1a: Barraskewda|def|1\n|-unboost|p1a: Barraskewda|spd|1\n|faint|p2a: Iron Moth\n|-end|p2a: Iron Moth|Quark Drive|[silent]\n|\n|-weather|RainDance|[upkeep]\n|upkeep\n|\n|t:|1700900443\n|switch|p2a: Iron Valiant|Iron Valiant|76\/100\n|turn|39\n|\n|t:|1700900457\n|switch|p1a: Great Tusk|Great Tusk, shiny|80\/100\n|move|p2a: Iron Valiant|Thunderbolt|p1a: Great Tusk\n|-immune|p1a: Great Tusk\n|\n|-weather|RainDance|[upkeep]\n|-heal|p1a: Great Tusk|86\/100|[from] item: Leftovers\n|upkeep\n|turn|40\n|\n|t:|1700900468\n|move|p2a: Iron Valiant|Moonblast|p1a: Great Tusk\n|-supereffective|p1a: Great Tusk\n|-damage|p1a: Great Tusk|0 fnt\n|faint|p1a: Great Tusk\n|-end|p1a: Great Tusk|Protosynthesis|[silent]\n|\n|-weather|RainDance|[upkeep]\n|upkeep\n|\n|t:|1700900476\n|switch|p1a: Barraskewda|Barraskewda, F, tera:Water|100\/100\n|turn|41\n|\n|t:|1700900482\n|-end|p2a: Iron Valiant|Quark Drive|[silent]\n|switch|p2a: Ogerpon|Ogerpon-Wellspring, F|59\/100\n|move|p1a: Barraskewda|Flip Turn|p2a: Ogerpon\n|-heal|p2a: Ogerpon|84\/100|[from] ability: Water Absorb|[of] p1a: Barraskewda\n|\n|-weather|RainDance|[upkeep]\n|upkeep\n|turn|42\n|\n|t:|1700900491\n|switch|p1a: Pelipper|Pelipper, F|46\/100\n|move|p2a: Ogerpon|Power Whip|p1a: Pelipper|[miss]\n|-miss|p2a: Ogerpon|p1a: Pelipper\n|\n|-weather|RainDance|[upkeep]\n|upkeep\n|turn|43\n|\n|t:|1700900503\n|move|p2a: Ogerpon|Power Whip|p1a: Pelipper\n|-crit|p1a: Pelipper\n|-damage|p1a: Pelipper|0 fnt\n|faint|p1a: Pelipper\n|\n|-weather|RainDance|[upkeep]\n|upkeep\n|\n|t:|1700900511\n|switch|p1a: Barraskewda|Barraskewda, F, tera:Water|100\/100\n|turn|44\n|\n|t:|1700900514\n|move|p1a: Barraskewda|Close Combat|p2a: Ogerpon\n|-damage|p2a: Ogerpon|4\/100\n|-unboost|p1a: Barraskewda|def|1\n|-unboost|p1a: Barraskewda|spd|1\n|move|p2a: Ogerpon|Power Whip|p1a: Barraskewda\n|-supereffective|p1a: Barraskewda\n|-damage|p1a: Barraskewda|0 fnt\n|faint|p1a: Barraskewda\n|\n|win|tenk ju ju es ej\n|raw|Hi I Am Red Dead 2's rating: 1340 &rarr; <strong>1321<\/strong><br \/>(-19 for losing)\n|raw|tenk ju ju es ej's rating: 1350 &rarr; <strong>1369<\/strong><br \/>(+19 for winning)\n|l|\u2606Hi I Am Red Dead 2\n","uploadtime":1700900835,"views":6,"p1id":"hiiamreddead2","p2id":"tenkjujuesej","formatid":"gen9ou","rating":1321,"private":0,"password":""}