{"id":"gen9ou-1999897801","p1":"Lushimi","p2":"Willuchiwa","format":"[Gen 9] OU","log":"|j|\u2606Lushimi\n|j|\u2606Willuchiwa\n|t:|1701127636\n|gametype|singles\n|player|p1|Lushimi|blackbelt-gen4|1116\n|player|p2|Willuchiwa|169|1068\n|teamsize|p1|6\n|teamsize|p2|6\n|gen|9\n|tier|[Gen 9] OU\n|rated|\n|rule|Sleep Clause Mod: Limit one foe put to sleep\n|rule|Species Clause: Limit one of each Pok\u00e9mon\n|rule|OHKO Clause: OHKO moves are banned\n|rule|Evasion Items Clause: Evasion items are banned\n|rule|Evasion Moves Clause: Evasion moves are banned\n|rule|Endless Battle Clause: Forcing endless battles is banned\n|rule|HP Percentage Mod: HP is shown in percentages\n|clearpoke\n|poke|p1|Dondozo, F|\n|poke|p1|Ceruledge, M|\n|poke|p1|Maushold-Four|\n|poke|p1|Gastrodon-East, F|\n|poke|p1|Greninja-*, F|\n|poke|p1|Goodra-Hisui, F|\n|poke|p2|Torterra, F|\n|poke|p2|Ribombee, M|\n|poke|p2|Gholdengo|\n|poke|p2|Iron Moth|\n|poke|p2|Great Tusk|\n|poke|p2|Walking Wake|\n|teampreview\n|inactive|Battle timer is ON: inactive players will automatically lose when time's up. (requested by Lushimi)\n|inactive|Willuchiwa also wants the timer to be on.\n|\n|t:|1701127646\n|start\n|switch|p1a: Maushold|Maushold-Four|100\/100\n|switch|p2a: Ribombee|Ribombee, M|100\/100\n|turn|1\n|\n|t:|1701127655\n|move|p2a: Ribombee|Stun Spore|p1a: Maushold\n|-status|p1a: Maushold|par\n|cant|p1a: Maushold|par\n|\n|upkeep\n|turn|2\n|\n|t:|1701127662\n|move|p2a: Ribombee|Sticky Web|p1a: Maushold\n|-sidestart|p1: Lushimi|move: Sticky Web\n|move|p1a: Maushold|Tidy Up|p1a: Maushold\n|-sideend|p1: Lushimi|Sticky Web\n|-activate|p1a: Maushold|move: Tidy Up\n|-boost|p1a: Maushold|atk|1\n|-boost|p1a: Maushold|spe|1\n|\n|upkeep\n|turn|3\n|\n|t:|1701127670\n|move|p2a: Ribombee|Moonblast|p1a: Maushold\n|-damage|p1a: Maushold|37\/100 par\n|move|p1a: Maushold|Population Bomb|p2a: Ribombee\n|-damage|p2a: Ribombee|67\/100\n|-damage|p2a: Ribombee|33\/100\n|-damage|p2a: Ribombee|2\/100\n|-crit|p2a: Ribombee\n|-damage|p2a: Ribombee|0 fnt\n|faint|p2a: Ribombee\n|-hitcount|p2: Ribombee|4\n|\n|upkeep\n|\n|t:|1701127691\n|switch|p2a: Great Tusk|Great Tusk|100\/100\n|-enditem|p2a: Great Tusk|Booster Energy\n|-activate|p2a: Great Tusk|ability: Protosynthesis|[fromitem]\n|-start|p2a: Great Tusk|protosynthesisatk\n|turn|4\n|\n|t:|1701127699\n|move|p2a: Great Tusk|Bulk Up|p2a: Great Tusk\n|-boost|p2a: Great Tusk|atk|1\n|-boost|p2a: Great Tusk|def|1\n|cant|p1a: Maushold|par\n|\n|upkeep\n|turn|5\n|\n|t:|1701127708\n|move|p2a: Great Tusk|Earthquake|p1a: Maushold\n|-damage|p1a: Maushold|0 fnt\n|faint|p1a: Maushold\n|\n|upkeep\n|\n|t:|1701127710\n|switch|p1a: Dondozo|Dondozo, F|100\/100\n|turn|6\n|\n|t:|1701127720\n|move|p2a: Great Tusk|Earthquake|p1a: Dondozo\n|-damage|p1a: Dondozo|60\/100\n|move|p1a: Dondozo|Wave Crash|p2a: Great Tusk\n|-supereffective|p2a: Great Tusk\n|-damage|p2a: Great Tusk|13\/100\n|-damage|p1a: Dondozo|39\/100|[from] Recoil\n|\n|upkeep\n|turn|7\n|\n|t:|1701127728\n|move|p2a: Great Tusk|Earthquake|p1a: Dondozo\n|-damage|p1a: Dondozo|0 fnt\n|faint|p1a: Dondozo\n|\n|upkeep\n|\n|t:|1701127736\n|switch|p1a: Greninja|Greninja, F|100\/100\n|turn|8\n|\n|t:|1701127746\n|move|p1a: Greninja|Ice Beam|p2a: Great Tusk\n|-start|p1a: Greninja|typechange|Ice|[from] ability: Protean\n|-supereffective|p2a: Great Tusk\n|-damage|p2a: Great Tusk|0 fnt\n|faint|p2a: Great Tusk\n|-end|p2a: Great Tusk|Protosynthesis|[silent]\n|\n|upkeep\n|\n|t:|1701127770\n|switch|p2a: Gholdengo|Gholdengo|100\/100\n|-item|p2a: Gholdengo|Air Balloon\n|turn|9\n|\n|t:|1701127784\n|switch|p1a: Goodra|Goodra-Hisui, F|100\/100\n|-terastallize|p2a: Gholdengo|Fairy\n|move|p2a: Gholdengo|Shadow Ball|p1a: Goodra\n|-damage|p1a: Goodra|86\/100\n|-unboost|p1a: Goodra|spd|1\n|\n|upkeep\n|turn|10\n|\n|t:|1701127801\n|switch|p2a: Walking Wake|Walking Wake|100\/100\n|-enditem|p2a: Walking Wake|Booster Energy\n|-activate|p2a: Walking Wake|ability: Protosynthesis|[fromitem]\n|-start|p2a: Walking Wake|protosynthesisspa\n|move|p1a: Goodra|Heavy Slam|p2a: Walking Wake\n|-resisted|p2a: Walking Wake\n|-damage|p2a: Walking Wake|93\/100\n|\n|upkeep\n|turn|11\n|\n|t:|1701127808\n|switch|p1a: Gastrodon|Gastrodon-East, F|100\/100\n|move|p2a: Walking Wake|Substitute|p2a: Walking Wake\n|-start|p2a: Walking Wake|Substitute\n|-damage|p2a: Walking Wake|68\/100\n|\n|upkeep\n|turn|12\n|\n|t:|1701127817\n|move|p2a: Walking Wake|Dragon Pulse|p1a: Gastrodon\n|-damage|p1a: Gastrodon|60\/100\n|move|p1a: Gastrodon|Earth Power|p2a: Walking Wake\n|-end|p2a: Walking Wake|Substitute\n|\n|upkeep\n|turn|13\n|\n|t:|1701127824\n|-end|p2a: Walking Wake|Protosynthesis|[silent]\n|switch|p2a: Gholdengo|Gholdengo, tera:Fairy|100\/100\n|-item|p2a: Gholdengo|Air Balloon\n|move|p1a: Gastrodon|Earth Power|p2a: Gholdengo\n|-immune|p2a: Gholdengo\n|\n|upkeep\n|turn|14\n|\n|t:|1701127829\n|move|p2a: Gholdengo|Nasty Plot|p2a: Gholdengo\n|-boost|p2a: Gholdengo|spa|2\n|move|p1a: Gastrodon|Ice Beam|p2a: Gholdengo\n|-damage|p2a: Gholdengo|75\/100\n|-enditem|p2a: Gholdengo|Air Balloon\n|\n|upkeep\n|turn|15\n|\n|t:|1701127835\n|move|p2a: Gholdengo|Shadow Ball|p1a: Gastrodon\n|-damage|p1a: Gastrodon|14\/100\n|-unboost|p1a: Gastrodon|spd|1\n|move|p1a: Gastrodon|Clear Smog|p2a: Gholdengo\n|-supereffective|p2a: Gholdengo\n|-damage|p2a: Gholdengo|45\/100\n|-clearboost|p2a: Gholdengo\n|\n|upkeep\n|turn|16\n|\n|t:|1701127845\n|switch|p1a: Goodra|Goodra-Hisui, F|86\/100\n|move|p2a: Gholdengo|Recover|p2a: Gholdengo\n|-heal|p2a: Gholdengo|95\/100\n|\n|upkeep\n|turn|17\n|\n|t:|1701127862\n|switch|p2a: Torterra|Torterra, F|100\/100\n|move|p1a: Goodra|Heavy Slam|p2a: Torterra\n|-damage|p2a: Torterra|88\/100\n|\n|upkeep\n|turn|18\n|\n|t:|1701127869\n|move|p2a: Torterra|Shell Smash|p2a: Torterra\n|-unboost|p2a: Torterra|def|1\n|-unboost|p2a: Torterra|spd|1\n|-boost|p2a: Torterra|atk|2\n|-boost|p2a: Torterra|spa|2\n|-boost|p2a: Torterra|spe|2\n|move|p1a: Goodra|Earthquake|p2a: Torterra\n|-resisted|p2a: Torterra\n|-damage|p2a: Torterra|71\/100\n|\n|upkeep\n|turn|19\n|\n|t:|1701127897\n|move|p2a: Torterra|Shell Smash|p2a: Torterra\n|-unboost|p2a: Torterra|def|1\n|-unboost|p2a: Torterra|spd|1\n|-boost|p2a: Torterra|atk|2\n|-boost|p2a: Torterra|spa|2\n|-boost|p2a: Torterra|spe|2\n|move|p1a: Goodra|Draco Meteor|p2a: Torterra\n|-damage|p2a: Torterra|0 fnt\n|-unboost|p1a: Goodra|spa|2\n|faint|p2a: Torterra\n|\n|upkeep\n|\n|t:|1701127902\n|switch|p2a: Walking Wake|Walking Wake|68\/100\n|turn|20\n|\n|t:|1701127906\n|switch|p1a: Gastrodon|Gastrodon-East, F|14\/100\n|move|p2a: Walking Wake|Dragon Pulse|p1a: Gastrodon\n|-damage|p1a: Gastrodon|0 fnt\n|faint|p1a: Gastrodon\n|\n|upkeep\n|\n|t:|1701127908\n|switch|p1a: Goodra|Goodra-Hisui, F|86\/100\n|turn|21\n|\n|t:|1701127911\n|move|p2a: Walking Wake|Dragon Pulse|p1a: Goodra\n|-damage|p1a: Goodra|65\/100\n|move|p1a: Goodra|Draco Meteor|p2a: Walking Wake\n|-supereffective|p2a: Walking Wake\n|-damage|p2a: Walking Wake|0 fnt\n|-unboost|p1a: Goodra|spa|2\n|faint|p2a: Walking Wake\n|-end|p2a: Walking Wake|Protosynthesis|[silent]\n|\n|upkeep\n|\n|t:|1701127917\n|switch|p2a: Iron Moth|Iron Moth|100\/100\n|-enditem|p2a: Iron Moth|Booster Energy\n|-activate|p2a: Iron Moth|ability: Quark Drive|[fromitem]\n|-start|p2a: Iron Moth|quarkdrivespa\n|turn|22\n|\n|t:|1701127920\n|move|p2a: Iron Moth|Substitute|p2a: Iron Moth\n|-start|p2a: Iron Moth|Substitute\n|-damage|p2a: Iron Moth|76\/100\n|move|p1a: Goodra|Earthquake|p2a: Iron Moth\n|-supereffective|p2a: Iron Moth\n|-end|p2a: Iron Moth|Substitute\n|\n|upkeep\n|turn|23\n|\n|t:|1701127929\n|move|p2a: Iron Moth|Fiery Dance|p1a: Goodra\n|-damage|p1a: Goodra|38\/100\n|-boost|p2a: Iron Moth|spa|1\n|move|p1a: Goodra|Earthquake|p2a: Iron Moth\n|-supereffective|p2a: Iron Moth\n|-damage|p2a: Iron Moth|0 fnt\n|faint|p2a: Iron Moth\n|-end|p2a: Iron Moth|Quark Drive|[silent]\n|\n|upkeep\n|\n|t:|1701127933\n|switch|p2a: Gholdengo|Gholdengo, tera:Fairy|95\/100\n|turn|24\n|\n|t:|1701127935\n|move|p2a: Gholdengo|Nasty Plot|p2a: Gholdengo\n|-boost|p2a: Gholdengo|spa|2\n|move|p1a: Goodra|Heavy Slam|p2a: Gholdengo\n|-supereffective|p2a: Gholdengo\n|-damage|p2a: Gholdengo|43\/100\n|\n|upkeep\n|turn|25\n|\n|t:|1701127941\n|move|p2a: Gholdengo|Shadow Ball|p1a: Goodra\n|-damage|p1a: Goodra|5\/100\n|move|p1a: Goodra|Heavy Slam|p2a: Gholdengo\n|-supereffective|p2a: Gholdengo\n|-crit|p2a: Gholdengo\n|-damage|p2a: Gholdengo|0 fnt\n|faint|p2a: Gholdengo\n|\n|win|Lushimi\n|raw|Lushimi's rating: 1116 &rarr; <strong>1138<\/strong><br \/>(+22 for winning)\n|raw|Willuchiwa's rating: 1068 &rarr; <strong>1051<\/strong><br \/>(-17 for losing)\n|l|\u2606Willuchiwa\n","uploadtime":1701127951,"views":2,"p1id":"lushimi","p2id":"willuchiwa","formatid":"gen9ou","rating":1051,"private":0,"password":""}