{"id":"gen9ou-1992968383","p1":"Platum","p2":"LegacyShowden","format":"[Gen 9] OU","log":"|j|\u2606Platum\n|j|\u2606LegacyShowden\n|t:|1700251221\n|gametype|singles\n|player|p1|Platum|sabi|1581\n|player|p2|LegacyShowden|rosa|1606\n|teamsize|p1|6\n|teamsize|p2|6\n|gen|9\n|tier|[Gen 9] OU\n|rated|\n|rule|Sleep Clause Mod: Limit one foe put to sleep\n|rule|Species Clause: Limit one of each Pok\u00e9mon\n|rule|OHKO Clause: OHKO moves are banned\n|rule|Evasion Items Clause: Evasion items are banned\n|rule|Evasion Moves Clause: Evasion moves are banned\n|rule|Endless Battle Clause: Forcing endless battles is banned\n|rule|HP Percentage Mod: HP is shown in percentages\n|clearpoke\n|poke|p1|Clefable, F|\n|poke|p1|Alomomola, M|\n|poke|p1|Blissey, F|\n|poke|p1|Tornadus-Therian, M|\n|poke|p1|Toxapex, F|\n|poke|p1|Gligar, M|\n|poke|p2|Great Tusk|\n|poke|p2|Samurott-Hisui, M|\n|poke|p2|Dragapult, M|\n|poke|p2|Gholdengo|\n|poke|p2|Heatran, M|\n|poke|p2|Ogerpon-Wellspring, F|\n|teampreview\n|inactive|Battle timer is ON: inactive players will automatically lose when time's up. (requested by LegacyShowden)\n|\n|t:|1700251230\n|start\n|switch|p1a: already have|Tornadus-Therian, M|100\/100\n|switch|p2a: Heatran|Heatran, M, shiny|100\/100\n|turn|1\n|\n|t:|1700251236\n|move|p1a: already have|Knock Off|p2a: Heatran\n|-damage|p2a: Heatran|85\/100\n|-enditem|p2a: Heatran|Leftovers|[from] move: Knock Off|[of] p1a: already have\n|move|p2a: Heatran|Magma Storm|p1a: already have\n|-damage|p1a: already have|48\/100\n|-activate|p1a: already have|move: Magma Storm|[of] p2a: Heatran\n|\n|-damage|p1a: already have|36\/100|[from] move: Magma Storm|[partiallytrapped]\n|upkeep\n|turn|2\n|\n|t:|1700251241\n|move|p1a: already have|U-turn|p2a: Heatran\n|-resisted|p2a: Heatran\n|-damage|p2a: Heatran|82\/100\n|\n|t:|1700251248\n|switch|p1a: No we|Blissey, F|100\/100|[from] U-turn\n|move|p2a: Heatran|Will-O-Wisp|p1a: No we\n|-status|p1a: No we|brn\n|\n|-damage|p1a: No we|94\/100 brn|[from] brn\n|upkeep\n|turn|3\n|\n|t:|1700251253\n|move|p2a: Heatran|Magma Storm|p1a: No we|[miss]\n|-miss|p2a: Heatran|p1a: No we\n|move|p1a: No we|Seismic Toss|p2a: Heatran\n|-damage|p2a: Heatran|56\/100\n|\n|-damage|p1a: No we|88\/100 brn|[from] brn\n|upkeep\n|turn|4\n|\n|t:|1700251257\n|move|p2a: Heatran|Stealth Rock|p1a: No we\n|-sidestart|p1: Platum|move: Stealth Rock\n|move|p1a: No we|Seismic Toss|p2a: Heatran\n|-damage|p2a: Heatran|30\/100\n|\n|-damage|p1a: No we|82\/100 brn|[from] brn\n|upkeep\n|turn|5\n|\n|t:|1700251262\n|move|p2a: Heatran|Earth Power|p1a: No we\n|-damage|p1a: No we|75\/100 brn\n|move|p1a: No we|Seismic Toss|p2a: Heatran\n|-damage|p2a: Heatran|4\/100\n|\n|-damage|p1a: No we|69\/100 brn|[from] brn\n|upkeep\n|turn|6\n|\n|t:|1700251268\n|move|p2a: Heatran|Magma Storm|p1a: No we\n|-damage|p1a: No we|57\/100 brn\n|-activate|p1a: No we|move: Magma Storm|[of] p2a: Heatran\n|move|p1a: No we|Soft-Boiled|p1a: No we\n|-heal|p1a: No we|100\/100 brn\n|\n|-damage|p1a: No we|94\/100 brn|[from] brn\n|-damage|p1a: No we|82\/100 brn|[from] move: Magma Storm|[partiallytrapped]\n|upkeep\n|turn|7\n|\n|t:|1700251272\n|move|p2a: Heatran|Earth Power|p1a: No we\n|-damage|p1a: No we|74\/100 brn\n|move|p1a: No we|Seismic Toss|p2a: Heatran\n|-damage|p2a: Heatran|0 fnt\n|faint|p2a: Heatran\n|\n|-damage|p1a: No we|68\/100 brn|[from] brn\n|-end|p1a: No we|Magma Storm|[partiallytrapped]|[silent]\n|upkeep\n|\n|t:|1700251281\n|switch|p2a: Samurott|Samurott-Hisui, M|100\/100\n|turn|8\n|\n|t:|1700251287\n|-curestatus|p1a: No we|brn|[from] ability: Natural Cure\n|switch|p1a: have Glscor?|Alomomola, M|100\/100\n|move|p2a: Samurott|Ceaseless Edge|p1a: have Glscor?|[miss]\n|-miss|p2a: Samurott|p1a: have Glscor?\n|\n|upkeep\n|turn|9\n|\n|t:|1700251293\n|switch|p2a: Ogerpon|Ogerpon-Wellspring, F|100\/100\n|move|p1a: have Glscor?|Scald|p2a: Ogerpon\n|-immune|p2a: Ogerpon|[from] ability: Water Absorb\n|\n|upkeep\n|turn|10\n|\n|t:|1700251299\n|switch|p1a: already have|Tornadus-Therian, M|69\/100\n|move|p2a: Ogerpon|Swords Dance|p2a: Ogerpon\n|-boost|p2a: Ogerpon|atk|2\n|\n|upkeep\n|turn|11\n|\n|t:|1700251305\n|-terastallize|p2a: Ogerpon|Water\n|detailschange|p2a: Ogerpon|Ogerpon-Wellspring-Tera, F, tera:Water\n|-ability|p2a: Ogerpon|Embody Aspect (Wellspring)|boost\n|-boost|p2a: Ogerpon|spd|1\n|move|p1a: already have|U-turn|p2a: Ogerpon\n|-damage|p2a: Ogerpon|81\/100\n|\n|t:|1700251313\n|switch|p1a: Gliscor at Home:|Gligar, M|100\/100|[from] U-turn\n|-damage|p1a: Gliscor at Home:|88\/100|[from] Stealth Rock\n|move|p2a: Ogerpon|Ivy Cudgel|p1a: Gliscor at Home:|[anim] Ivy Cudgel Water\n|-supereffective|p1a: Gliscor at Home:\n|-damage|p1a: Gliscor at Home:|0 fnt\n|faint|p1a: Gliscor at Home:\n|\n|upkeep\n|\n|t:|1700251320\n|switch|p1a: Mom can we|Clefable, F|100\/100\n|turn|12\n|\n|t:|1700251324\n|move|p1a: Mom can we|Protect|p1a: Mom can we\n|-singleturn|p1a: Mom can we|Protect\n|move|p2a: Ogerpon|Ivy Cudgel|p1a: Mom can we|[anim] Ivy Cudgel Water\n|-activate|p1a: Mom can we|move: Protect\n|\n|upkeep\n|turn|13\n|\n|t:|1700251328\n|move|p2a: Ogerpon|Ivy Cudgel|p1a: Mom can we|[anim] Ivy Cudgel Water\n|-damage|p1a: Mom can we|43\/100\n|move|p1a: Mom can we|Wish|p1a: Mom can we\n|\n|upkeep\n|turn|14\n|\n|t:|1700251332\n|move|p1a: Mom can we|Protect|p1a: Mom can we\n|-singleturn|p1a: Mom can we|Protect\n|move|p2a: Ogerpon|Swords Dance|p2a: Ogerpon\n|-boost|p2a: Ogerpon|atk|2\n|\n|-heal|p1a: Mom can we|93\/100|[from] move: Wish|[wisher] Mom can we\n|upkeep\n|turn|15\n|\n|t:|1700251336\n|move|p2a: Ogerpon|Ivy Cudgel|p1a: Mom can we|[anim] Ivy Cudgel Water\n|-damage|p1a: Mom can we|28\/100\n|move|p1a: Mom can we|Wish|p1a: Mom can we\n|\n|upkeep\n|turn|16\n|\n|t:|1700251339\n|move|p1a: Mom can we|Protect|p1a: Mom can we\n|-singleturn|p1a: Mom can we|Protect\n|move|p2a: Ogerpon|Swords Dance|p2a: Ogerpon\n|-boost|p2a: Ogerpon|atk|2\n|\n|-heal|p1a: Mom can we|78\/100|[from] move: Wish|[wisher] Mom can we\n|upkeep\n|turn|17\n|\n|t:|1700251346\n|move|p2a: Ogerpon|Ivy Cudgel|p1a: Mom can we|[anim] Ivy Cudgel Water\n|-damage|p1a: Mom can we|15\/100\n|move|p1a: Mom can we|Moonblast|p2a: Ogerpon\n|-damage|p2a: Ogerpon|42\/100\n|-unboost|p2a: Ogerpon|spa|1\n|\n|upkeep\n|turn|18\n|\n|t:|1700251352\n|move|p2a: Ogerpon|Horn Leech|p1a: Mom can we\n|-damage|p1a: Mom can we|0 fnt\n|-heal|p2a: Ogerpon|52\/100|[from] drain|[of] p1a: Mom can we\n|faint|p1a: Mom can we\n|\n|upkeep\n|\n|t:|1700251356\n|switch|p1a: already have|Tornadus-Therian, M|100\/100\n|turn|19\n|\n|t:|1700251359\n|move|p1a: already have|Bleakwind Storm|p2a: Ogerpon|[miss]\n|-miss|p1a: already have|p2a: Ogerpon\n|move|p2a: Ogerpon|Horn Leech|p1a: already have\n|-resisted|p1a: already have\n|-damage|p1a: already have|0 fnt\n|-heal|p2a: Ogerpon|100\/100|[from] drain|[of] p1a: already have\n|faint|p1a: already have\n|\n|upkeep\n|-message|Platum forfeited.\n|\n|win|LegacyShowden\n|raw|Platum's rating: 1581 &rarr; <strong>1562<\/strong><br \/>(-19 for losing)\n|raw|LegacyShowden's rating: 1606 &rarr; <strong>1625<\/strong><br \/>(+19 for winning)\n|l|\u2606Platum\n","uploadtime":1700251369,"views":12,"p1id":"platum","p2id":"legacyshowden","formatid":"gen9ou","rating":1562,"private":0,"password":""}