{"id":"gen9ou-1991198829","p1":"Mouspi le goat","p2":"Ginyto","format":"[Gen 9] OU","log":"|j|\u2606Mouspi le goat\n|j|\u203dGinyto\n|t:|1700056288\n|gametype|singles\n|player|p1|Mouspi le goat|red|1055\n|player|p2|Ginyto|hilbert|1094\n|teamsize|p1|6\n|teamsize|p2|6\n|gen|9\n|tier|[Gen 9] OU\n|rated|\n|rule|Sleep Clause Mod: Limit one foe put to sleep\n|rule|Species Clause: Limit one of each Pok\u00e9mon\n|rule|OHKO Clause: OHKO moves are banned\n|rule|Evasion Items Clause: Evasion items are banned\n|rule|Evasion Moves Clause: Evasion moves are banned\n|rule|Endless Battle Clause: Forcing endless battles is banned\n|rule|HP Percentage Mod: HP is shown in percentages\n|clearpoke\n|poke|p1|Landorus-Therian, M|\n|poke|p1|Ribombee, F|\n|poke|p1|Samurott-Hisui, M|\n|poke|p1|Great Tusk|\n|poke|p1|Ceruledge, M|\n|poke|p1|Garchomp, M|\n|poke|p2|Glimmora, F|\n|poke|p2|Lokix, M|\n|poke|p2|Ceruledge, M|\n|poke|p2|Garchomp, M|\n|poke|p2|Gholdengo|\n|poke|p2|Thundurus, M|\n|teampreview\n|inactive|Battle timer is ON: inactive players will automatically lose when time's up. (requested by Ginyto)\n|\n|t:|1700056295\n|start\n|switch|p1a: Ribombee|Ribombee, F, shiny|100\/100\n|switch|p2a: Glimmora|Glimmora, F|100\/100\n|turn|1\n|\n|t:|1700056304\n|move|p1a: Ribombee|Psychic|p2a: Glimmora\n|-supereffective|p2a: Glimmora\n|-damage|p2a: Glimmora|31\/100\n|move|p2a: Glimmora|Stealth Rock|p1a: Ribombee\n|-sidestart|p1: Mouspi le goat|move: Stealth Rock\n|\n|upkeep\n|turn|2\n|\n|t:|1700056309\n|move|p1a: Ribombee|Psychic|p2a: Glimmora\n|-supereffective|p2a: Glimmora\n|-damage|p2a: Glimmora|0 fnt\n|faint|p2a: Glimmora\n|\n|upkeep\n|\n|t:|1700056316\n|switch|p2a: Ceruledge|Ceruledge, M, shiny|100\/100\n|turn|3\n|\n|t:|1700056322\n|move|p1a: Ribombee|Stun Spore|p2a: Ceruledge\n|-status|p2a: Ceruledge|par\n|move|p2a: Ceruledge|Bitter Blade|p1a: Ribombee\n|-supereffective|p1a: Ribombee\n|-enditem|p1a: Ribombee|Focus Sash\n|-damage|p1a: Ribombee|1\/100\n|\n|upkeep\n|turn|4\n|\n|t:|1700056330\n|move|p2a: Ceruledge|Shadow Sneak|p1a: Ribombee\n|-damage|p1a: Ribombee|0 fnt\n|faint|p1a: Ribombee\n|\n|upkeep\n|\n|t:|1700056336\n|switch|p1a: Great Tusk|Great Tusk|100\/100\n|turn|5\n|\n|t:|1700056340\n|-terastallize|p2a: Ceruledge|Bug\n|move|p1a: Great Tusk|Bulk Up|p1a: Great Tusk\n|-boost|p1a: Great Tusk|atk|1\n|-boost|p1a: Great Tusk|def|1\n|move|p2a: Ceruledge|Bulk Up|p2a: Ceruledge\n|-boost|p2a: Ceruledge|atk|1\n|-boost|p2a: Ceruledge|def|1\n|\n|upkeep\n|turn|6\n|\n|t:|1700056354\n|move|p1a: Great Tusk|Knock Off|p2a: Ceruledge\n|-damage|p2a: Ceruledge|62\/100 par\n|-enditem|p2a: Ceruledge|Leftovers|[from] move: Knock Off|[of] p1a: Great Tusk\n|move|p2a: Ceruledge|Bulk Up|p2a: Ceruledge\n|-boost|p2a: Ceruledge|atk|1\n|-boost|p2a: Ceruledge|def|1\n|\n|upkeep\n|turn|7\n|\n|t:|1700056363\n|move|p1a: Great Tusk|Rapid Spin|p2a: Ceruledge\n|-damage|p2a: Ceruledge|48\/100 par\n|-boost|p1a: Great Tusk|spe|1\n|-sideend|p1: Mouspi le goat|Stealth Rock|[from] move: Rapid Spin|[of] p1a: Great Tusk\n|move|p2a: Ceruledge|Bitter Blade|p1a: Great Tusk\n|-damage|p1a: Great Tusk|72\/100\n|-heal|p2a: Ceruledge|69\/100 par|[from] drain|[of] p1a: Great Tusk\n|\n|upkeep\n|turn|8\n|\n|t:|1700056373\n|move|p1a: Great Tusk|Bulk Up|p1a: Great Tusk\n|-boost|p1a: Great Tusk|atk|1\n|-boost|p1a: Great Tusk|def|1\n|cant|p2a: Ceruledge|par\n|\n|upkeep\n|turn|9\n|\n|t:|1700056381\n|move|p1a: Great Tusk|Knock Off|p2a: Ceruledge\n|-crit|p2a: Ceruledge\n|-damage|p2a: Ceruledge|0 fnt\n|faint|p2a: Ceruledge\n|\n|upkeep\n|\n|t:|1700056387\n|switch|p2a: Thundurus|Thundurus, M|100\/100\n|turn|10\n|\n|t:|1700056395\n|move|p2a: Thundurus|Volt Switch|p1a: Great Tusk\n|-immune|p1a: Great Tusk\n|move|p1a: Great Tusk|Knock Off|p2a: Thundurus\n|-damage|p2a: Thundurus|0 fnt\n|-enditem|p2a: Thundurus|Rowap Berry|[from] move: Knock Off|[of] p1a: Great Tusk\n|faint|p2a: Thundurus\n|\n|upkeep\n|-message|Ginyto forfeited.\n|\n|win|Mouspi le goat\n|raw|Mouspi le goat's rating: 1055 &rarr; <strong>1090<\/strong><br \/>(+35 for winning)\n|raw|Ginyto's rating: 1094 &rarr; <strong>1067<\/strong><br \/>(-27 for losing)\n|l|\u203dGinyto\n","uploadtime":1700056412,"views":5,"p1id":"mouspilegoat","p2id":"ginyto","formatid":"gen9ou","rating":1067,"private":0,"password":""}