{"id":"gen9ou-1995107749","p1":"sorryforbeingfat","p2":"uikotesla","format":"[Gen 9] OU","log":"|j|\u2606sorryforbeingfat\n|j|\u2606uikotesla\n|t:|1700523392\n|gametype|singles\n|player|p1|sorryforbeingfat|raifort|1000\n|player|p2|uikotesla|169|1000\n|teamsize|p1|6\n|teamsize|p2|6\n|gen|9\n|tier|[Gen 9] OU\n|rated|\n|rule|Sleep Clause Mod: Limit one foe put to sleep\n|rule|Species Clause: Limit one of each Pok\u00e9mon\n|rule|OHKO Clause: OHKO moves are banned\n|rule|Evasion Items Clause: Evasion items are banned\n|rule|Evasion Moves Clause: Evasion moves are banned\n|rule|Endless Battle Clause: Forcing endless battles is banned\n|rule|HP Percentage Mod: HP is shown in percentages\n|clearpoke\n|poke|p1|Garchomp, M|\n|poke|p1|Great Tusk|\n|poke|p1|Ribombee, F|\n|poke|p1|Pelipper, F|\n|poke|p1|Gholdengo|\n|poke|p1|Dragapult, M|\n|poke|p2|Mamoswine, M|\n|poke|p2|Goodra, M|\n|poke|p2|Shiftry, F|\n|poke|p2|Infernape, M|\n|poke|p2|Vaporeon, M|\n|poke|p2|Corviknight, F|\n|teampreview\n|\n|t:|1700523404\n|start\n|switch|p1a: Ribombee|Ribombee, F|100\/100\n|switch|p2a: Corviknight|Corviknight, F, shiny|100\/100\n|turn|1\n|\n|t:|1700523416\n|move|p1a: Ribombee|Sticky Web|p2a: Corviknight\n|-sidestart|p2: uikotesla|move: Sticky Web\n|move|p2a: Corviknight|Tailwind|p2a: Corviknight\n|-sidestart|p2: uikotesla|move: Tailwind\n|\n|upkeep\n|turn|2\n|\n|t:|1700523424\n|move|p1a: Ribombee|Stun Spore|p2a: Corviknight|[miss]\n|-miss|p1a: Ribombee|p2a: Corviknight\n|move|p2a: Corviknight|Iron Head|p1a: Ribombee\n|-supereffective|p1a: Ribombee\n|-enditem|p1a: Ribombee|Focus Sash\n|-damage|p1a: Ribombee|1\/100\n|\n|upkeep\n|turn|3\n|\n|t:|1700523431\n|switch|p2a: Shiftry|Shiftry, F, shiny|100\/100\n|-ability|p2a: Shiftry|Wind Rider|boost\n|-boost|p2a: Shiftry|atk|1\n|move|p1a: Ribombee|Stun Spore|p2a: Shiftry\n|-immune|p2a: Shiftry\n|\n|upkeep\n|turn|4\n|\n|t:|1700523438\n|move|p2a: Shiftry|Knock Off|p1a: Ribombee\n|-resisted|p1a: Ribombee\n|-damage|p1a: Ribombee|0 fnt\n|faint|p1a: Ribombee\n|\n|-sideend|p2: uikotesla|move: Tailwind\n|upkeep\n|\n|t:|1700523451\n|switch|p1a: Dragapult|Dragapult, M|100\/100\n|turn|5\n|\n|t:|1700523459\n|switch|p1a: Pelipper|Pelipper, F|100\/100\n|-weather|RainDance|[from] ability: Drizzle|[of] p1a: Pelipper\n|move|p2a: Shiftry|Explosion|p1a: Pelipper\n|-damage|p1a: Pelipper|19\/100\n|faint|p2a: Shiftry\n|\n|-weather|RainDance|[upkeep]\n|upkeep\n|\n|t:|1700523468\n|switch|p2a: Mamoswine|Mamoswine, M, shiny|100\/100\n|-activate|p2a: Mamoswine|move: Sticky Web\n|-unboost|p2a: Mamoswine|spe|1\n|turn|6\n|c|\u2606sorryforbeingfat|?\n|\n|t:|1700523483\n|move|p2a: Mamoswine|Rock Blast|p1a: Pelipper\n|-supereffective|p1a: Pelipper\n|-damage|p1a: Pelipper|6\/100\n|-supereffective|p1a: Pelipper\n|-damage|p1a: Pelipper|0 fnt\n|faint|p1a: Pelipper\n|-hitcount|p1: Pelipper|2\n|\n|-weather|RainDance|[upkeep]\n|upkeep\n|\n|t:|1700523487\n|switch|p1a: Garchomp|Garchomp, M|100\/100\n|turn|7\n|\n|t:|1700523499\n|-terastallize|p1a: Garchomp|Water\n|-terastallize|p2a: Mamoswine|Grass\n|move|p1a: Garchomp|Swords Dance|p1a: Garchomp\n|-boost|p1a: Garchomp|atk|2\n|move|p2a: Mamoswine|Icicle Spear|p1a: Garchomp\n|-resisted|p1a: Garchomp\n|-damage|p1a: Garchomp|93\/100\n|-resisted|p1a: Garchomp\n|-crit|p1a: Garchomp\n|-damage|p1a: Garchomp|83\/100\n|-resisted|p1a: Garchomp\n|-damage|p1a: Garchomp|77\/100\n|-resisted|p1a: Garchomp\n|-damage|p1a: Garchomp|70\/100\n|-hitcount|p1a: Garchomp|4\n|\n|-weather|RainDance|[upkeep]\n|upkeep\n|turn|8\n|\n|t:|1700523507\n|move|p1a: Garchomp|Scale Shot|p2a: Mamoswine\n|-damage|p2a: Mamoswine|71\/100\n|-damage|p2a: Mamoswine|41\/100\n|-damage|p2a: Mamoswine|8\/100\n|-damage|p2a: Mamoswine|0 fnt\n|faint|p2a: Mamoswine\n|-hitcount|p2: Mamoswine|4\n|-unboost|p1a: Garchomp|def|1\n|-boost|p1a: Garchomp|spe|1\n|\n|-weather|RainDance|[upkeep]\n|upkeep\n|\n|t:|1700523523\n|switch|p2a: Goodra|Goodra, M, shiny|100\/100\n|-activate|p2a: Goodra|move: Sticky Web\n|-unboost|p2a: Goodra|spe|1\n|turn|9\n|\n|t:|1700523532\n|switch|p2a: Corviknight|Corviknight, F, shiny|100\/100\n|move|p1a: Garchomp|Scale Shot|p2a: Corviknight\n|-resisted|p2a: Corviknight\n|-damage|p2a: Corviknight|90\/100\n|-resisted|p2a: Corviknight\n|-crit|p2a: Corviknight\n|-damage|p2a: Corviknight|74\/100\n|-resisted|p2a: Corviknight\n|-damage|p2a: Corviknight|63\/100\n|-resisted|p2a: Corviknight\n|-damage|p2a: Corviknight|53\/100\n|-hitcount|p2a: Corviknight|4\n|-unboost|p1a: Garchomp|def|1\n|-boost|p1a: Garchomp|spe|1\n|\n|-weather|RainDance|[upkeep]\n|upkeep\n|turn|10\n|\n|t:|1700523541\n|move|p1a: Garchomp|Liquidation|p2a: Corviknight\n|-damage|p2a: Corviknight|0 fnt\n|faint|p2a: Corviknight\n|\n|-weather|RainDance|[upkeep]\n|upkeep\n|\n|t:|1700523553\n|switch|p2a: Did you know?|Vaporeon, M|100\/100\n|-activate|p2a: Did you know?|move: Sticky Web\n|-unboost|p2a: Did you know?|spe|1\n|turn|11\n|\n|t:|1700523562\n|move|p1a: Garchomp|Earthquake|p2a: Did you know?\n|-damage|p2a: Did you know?|22\/100\n|move|p2a: Did you know?|Scald|p1a: Garchomp\n|-resisted|p1a: Garchomp\n|-damage|p1a: Garchomp|44\/100\n|\n|-weather|RainDance|[upkeep]\n|-heal|p2a: Did you know?|29\/100|[from] item: Leftovers\n|upkeep\n|turn|12\n|\n|t:|1700523581\n|move|p2a: Did you know?|Protect|p2a: Did you know?\n|-singleturn|p2a: Did you know?|Protect\n|move|p1a: Garchomp|Earthquake|p2a: Did you know?\n|-activate|p2a: Did you know?|move: Protect\n|\n|-weather|none\n|-heal|p2a: Did you know?|35\/100|[from] item: Leftovers\n|upkeep\n|turn|13\n|\n|t:|1700523596\n|move|p1a: Garchomp|Earthquake|p2a: Did you know?\n|-damage|p2a: Did you know?|0 fnt\n|faint|p2a: Did you know?\n|\n|upkeep\n|\n|t:|1700523603\n|switch|p2a: Infernape|Infernape, M, shiny|100\/100\n|-activate|p2a: Infernape|move: Sticky Web\n|-unboost|p2a: Infernape|spe|1\n|turn|14\n|\n|t:|1700523622\n|move|p1a: Garchomp|Liquidation|p2a: Infernape\n|-supereffective|p2a: Infernape\n|-damage|p2a: Infernape|0 fnt\n|faint|p2a: Infernape\n|\n|upkeep\n|\n|t:|1700523627\n|switch|p2a: Goodra|Goodra, M, shiny|100\/100\n|-activate|p2a: Goodra|move: Sticky Web\n|-unboost|p2a: Goodra|spe|1\n|turn|15\n|c|\u2606sorryforbeingfat|Gg\n|\n|t:|1700523635\n|move|p1a: Garchomp|Earthquake|p2a: Goodra\n|-damage|p2a: Goodra|0 fnt\n|faint|p2a: Goodra\n|\n|win|sorryforbeingfat\n|raw|sorryforbeingfat's rating: 1000 &rarr; <strong>1040<\/strong><br \/>(+40 for winning)\n|raw|uikotesla's rating: 1000 &rarr; <strong>1000<\/strong><br \/>(+0 for losing)\n|c|\u2606uikotesla|Gg\n","uploadtime":1700523651,"views":6,"p1id":"sorryforbeingfat","p2id":"uikotesla","formatid":"gen9ou","rating":1000,"private":0,"password":""}