{"id":"gen9ou-1999736253","p1":"Docter_Peng99","p2":"MariuszPudzianowsk","format":"[Gen 9] OU","log":"|j|\u2606Docter_Peng99\n|j|\u2606MariuszPudzianowsk\n|t:|1701112148\n|gametype|singles\n|player|p1|Docter_Peng99|larry|1293\n|player|p2|MariuszPudzianowsk|bugcatcher-gen4dp|1253\n|teamsize|p1|6\n|teamsize|p2|6\n|gen|9\n|tier|[Gen 9] OU\n|rated|\n|rule|Sleep Clause Mod: Limit one foe put to sleep\n|rule|Species Clause: Limit one of each Pok\u00e9mon\n|rule|OHKO Clause: OHKO moves are banned\n|rule|Evasion Items Clause: Evasion items are banned\n|rule|Evasion Moves Clause: Evasion moves are banned\n|rule|Endless Battle Clause: Forcing endless battles is banned\n|rule|HP Percentage Mod: HP is shown in percentages\n|clearpoke\n|poke|p1|Blissey, F|\n|poke|p1|Dondozo, M|\n|poke|p1|Alomomola, F|\n|poke|p1|Slowking-Galar, M|\n|poke|p1|Toxapex, F|\n|poke|p1|Kingambit, M|\n|poke|p2|Rillaboom, M|\n|poke|p2|Hawlucha, M|\n|poke|p2|Glimmora, M|\n|poke|p2|Dusclops, F|\n|poke|p2|Ditto|\n|poke|p2|Rotom-Heat|\n|teampreview\n|inactive|Battle timer is ON: inactive players will automatically lose when time's up. (requested by MariuszPudzianowsk)\n|\n|t:|1701112154\n|start\n|switch|p1a: Blissey|Blissey, F|100\/100\n|switch|p2a: Glimmora|Glimmora, M|100\/100\n|turn|1\n|\n|t:|1701112161\n|switch|p2a: Rotom|Rotom-Heat|100\/100\n|move|p1a: Blissey|Thunder Wave|p2a: Rotom\n|-immune|p2a: Rotom\n|\n|upkeep\n|turn|2\n|\n|t:|1701112164\n|move|p2a: Rotom|Nasty Plot|p2a: Rotom\n|-boost|p2a: Rotom|spa|2\n|move|p1a: Blissey|Stealth Rock|p2a: Rotom\n|-sidestart|p2: MariuszPudzianowsk|move: Stealth Rock\n|\n|upkeep\n|turn|3\n|\n|t:|1701112167\n|switch|p1a: DonBozo|Dondozo, M|100\/100\n|move|p2a: Rotom|Nasty Plot|p2a: Rotom\n|-boost|p2a: Rotom|spa|2\n|\n|upkeep\n|turn|4\n|\n|t:|1701112172\n|move|p2a: Rotom|Volt Switch|p1a: DonBozo\n|-supereffective|p1a: DonBozo\n|-damage|p1a: DonBozo|36\/100\n|\n|t:|1701112175\n|switch|p2a: Glimmora|Glimmora, M|100\/100|[from] Volt Switch\n|-damage|p2a: Glimmora|88\/100|[from] Stealth Rock\n|move|p1a: DonBozo|Liquidation|p2a: Glimmora\n|-supereffective|p2a: Glimmora\n|-damage|p2a: Glimmora|20\/100\n|-activate|p2a: Glimmora|ability: Toxic Debris\n|-sidestart|p1: Docter_Peng99|move: Toxic Spikes\n|\n|-heal|p1a: DonBozo|42\/100|[from] item: Leftovers\n|upkeep\n|turn|5\n|\n|t:|1701112180\n|move|p2a: Glimmora|Energy Ball|p1a: DonBozo\n|-supereffective|p1a: DonBozo\n|-damage|p1a: DonBozo|0 fnt\n|faint|p1a: DonBozo\n|\n|upkeep\n|\n|t:|1701112183\n|switch|p1a: Wall|Toxapex, F|100\/100\n|-sideend|p1: Docter_Peng99|move: Toxic Spikes|[of] p1a: Wall\n|turn|6\n|\n|t:|1701112197\n|switch|p2a: Ditto|Ditto|100\/100\n|-damage|p2a: Ditto|88\/100|[from] Stealth Rock\n|-transform|p2a: Ditto|p1a: Wall|[from] ability: Imposter\n|move|p1a: Wall|Surf|p2a: Ditto\n|-resisted|p2a: Ditto\n|-damage|p2a: Ditto|81\/100\n|\n|upkeep\n|turn|7\n|\n|t:|1701112208\n|switch|p1a: Viking|Slowking-Galar, M|100\/100\n|move|p2a: Ditto|Recover|p2a: Ditto\n|-heal|p2a: Ditto|100\/100\n|\n|upkeep\n|turn|8\n|\n|t:|1701112218\n|switch|p2a: Dusclops|Dusclops, F|100\/100\n|-damage|p2a: Dusclops|88\/100|[from] Stealth Rock\n|-ability|p2a: Dusclops|Pressure\n|move|p1a: Viking|Future Sight|p2a: Dusclops\n|-start|p1a: Viking|move: Future Sight\n|\n|upkeep\n|turn|9\n|\n|t:|1701112221\n|move|p2a: Dusclops|Will-O-Wisp|p1a: Viking\n|-status|p1a: Viking|brn\n|move|p1a: Viking|Toxic|p2a: Dusclops\n|-status|p2a: Dusclops|tox\n|\n|-damage|p2a: Dusclops|82\/100 tox|[from] psn\n|-damage|p1a: Viking|94\/100 brn|[from] brn\n|upkeep\n|turn|10\n|\n|t:|1701112224\n|move|p2a: Dusclops|Night Shade|p1a: Viking\n|-damage|p1a: Viking|69\/100 brn\n|move|p1a: Viking|Chilly Reception|p1a: Viking\n|-weather|Snow\n|\n|t:|1701112227\n|switch|p1a: Blissey|Blissey, F|100\/100|[from] Chilly Reception\n|\n|-weather|Snow|[upkeep]\n|-end|p2a: Dusclops|move: Future Sight\n|-damage|p2a: Dusclops|57\/100 tox\n|-damage|p2a: Dusclops|45\/100 tox|[from] psn\n|upkeep\n|turn|11\n|\n|t:|1701112231\n|move|p1a: Blissey|Seismic Toss|p2a: Dusclops\n|-immune|p2a: Dusclops\n|move|p2a: Dusclops|Pain Split|p1a: Blissey\n|-sethp|p1a: Blissey|58\/100|[from] move: Pain Split|[silent]\n|-sethp|p2a: Dusclops|100\/100 tox|[from] move: Pain Split\n|\n|-weather|Snow|[upkeep]\n|-damage|p2a: Dusclops|83\/100 tox|[from] psn\n|upkeep\n|turn|12\n|\n|t:|1701112235\n|switch|p1a: Wall|Toxapex, F|100\/100\n|move|p2a: Dusclops|Will-O-Wisp|p1a: Wall\n|-status|p1a: Wall|brn\n|\n|-weather|Snow|[upkeep]\n|-damage|p2a: Dusclops|60\/100 tox|[from] psn\n|-damage|p1a: Wall|94\/100 brn|[from] brn\n|upkeep\n|turn|13\n|\n|t:|1701112239\n|move|p1a: Wall|Surf|p2a: Dusclops\n|-damage|p2a: Dusclops|47\/100 tox\n|move|p2a: Dusclops|Night Shade|p1a: Wall\n|-damage|p1a: Wall|61\/100 brn\n|\n|-weather|Snow|[upkeep]\n|-heal|p1a: Wall|68\/100 brn|[from] item: Leftovers\n|-damage|p2a: Dusclops|18\/100 tox|[from] psn\n|-damage|p1a: Wall|61\/100 brn|[from] brn\n|upkeep\n|turn|14\n|\n|t:|1701112244\n|move|p1a: Wall|Surf|p2a: Dusclops\n|-damage|p2a: Dusclops|6\/100 tox\n|move|p2a: Dusclops|Pain Split|p1a: Wall\n|-sethp|p1a: Wall|33\/100 brn|[from] move: Pain Split|[silent]\n|-sethp|p2a: Dusclops|45\/100 tox|[from] move: Pain Split\n|\n|-weather|none\n|-heal|p1a: Wall|39\/100 brn|[from] item: Leftovers\n|-damage|p2a: Dusclops|10\/100 tox|[from] psn\n|-damage|p1a: Wall|33\/100 brn|[from] brn\n|upkeep\n|turn|15\n|\n|t:|1701112252\n|move|p2a: Dusclops|Shadow Sneak|p1a: Wall\n|-damage|p1a: Wall|26\/100 brn\n|move|p1a: Wall|Recover|p1a: Wall\n|-heal|p1a: Wall|76\/100 brn\n|\n|-heal|p1a: Wall|82\/100 brn|[from] item: Leftovers\n|-damage|p2a: Dusclops|0 fnt|[from] psn\n|faint|p2a: Dusclops\n|-damage|p1a: Wall|76\/100 brn|[from] brn\n|upkeep\n|\n|t:|1701112255\n|switch|p2a: Rotom|Rotom-Heat|100\/100\n|turn|16\n|\n|t:|1701112263\n|-terastallize|p2a: Rotom|Electric\n|move|p2a: Rotom|Volt Switch|p1a: Wall\n|-supereffective|p1a: Wall\n|-damage|p1a: Wall|14\/100 brn\n|\n|t:|1701112266\n|switch|p2a: Rillaboom|Rillaboom, M|100\/100|[from] Volt Switch\n|-damage|p2a: Rillaboom|88\/100|[from] Stealth Rock\n|-fieldstart|move: Grassy Terrain|[from] ability: Grassy Surge|[of] p2a: Rillaboom\n|move|p1a: Wall|Toxic|p2a: Rillaboom\n|-status|p2a: Rillaboom|tox\n|\n|-heal|p2a: Rillaboom|94\/100 tox|[from] Grassy Terrain\n|-heal|p1a: Wall|21\/100 brn|[from] Grassy Terrain\n|-heal|p1a: Wall|27\/100 brn|[from] item: Leftovers\n|-damage|p2a: Rillaboom|88\/100 tox|[from] psn\n|-damage|p1a: Wall|21\/100 brn|[from] brn\n|upkeep\n|turn|17\n|\n|t:|1701112269\n|move|p2a: Rillaboom|Grassy Glide|p1a: Wall\n|-damage|p1a: Wall|0 fnt\n|faint|p1a: Wall\n|\n|-heal|p2a: Rillaboom|94\/100 tox|[from] Grassy Terrain\n|-damage|p2a: Rillaboom|82\/100 tox|[from] psn\n|upkeep\n|\n|t:|1701112271\n|switch|p1a: Blissey|Blissey, F|58\/100\n|turn|18\n|\n|t:|1701112275\n|move|p2a: Rillaboom|Grassy Glide|p1a: Blissey\n|-damage|p1a: Blissey|0 fnt\n|faint|p1a: Blissey\n|\n|-heal|p2a: Rillaboom|88\/100 tox|[from] Grassy Terrain\n|-damage|p2a: Rillaboom|70\/100 tox|[from] psn\n|upkeep\n|\n|t:|1701112276\n|switch|p1a: Viking|Slowking-Galar, M|100\/100 brn\n|turn|19\n|\n|t:|1701112278\n|move|p2a: Rillaboom|Grassy Glide|p1a: Viking\n|-resisted|p1a: Viking\n|-damage|p1a: Viking|81\/100 brn\n|move|p1a: Viking|Future Sight|p2a: Rillaboom\n|-start|p1a: Viking|move: Future Sight\n|\n|-heal|p2a: Rillaboom|76\/100 tox|[from] Grassy Terrain\n|-heal|p1a: Viking|88\/100 brn|[from] Grassy Terrain\n|-damage|p2a: Rillaboom|51\/100 tox|[from] psn\n|-damage|p1a: Viking|81\/100 brn|[from] brn\n|upkeep\n|turn|20\n|\n|t:|1701112283\n|move|p2a: Rillaboom|Grassy Glide|p1a: Viking\n|-resisted|p1a: Viking\n|-damage|p1a: Viking|63\/100 brn\n|move|p1a: Viking|Chilly Reception|p1a: Viking\n|-weather|Snow\n|\n|t:|1701112284\n|switch|p1a: GoneFishin'|Alomomola, F|100\/100|[from] Chilly Reception\n|\n|-weather|Snow|[upkeep]\n|-heal|p2a: Rillaboom|57\/100 tox|[from] Grassy Terrain\n|-damage|p2a: Rillaboom|27\/100 tox|[from] psn\n|-fieldend|move: Grassy Terrain\n|upkeep\n|turn|21\n|\n|t:|1701112291\n|switch|p2a: Ditto|Ditto|100\/100\n|-damage|p2a: Ditto|88\/100|[from] Stealth Rock\n|-transform|p2a: Ditto|p1a: GoneFishin'|[from] ability: Imposter\n|move|p1a: GoneFishin'|Flip Turn|p2a: Ditto\n|-resisted|p2a: Ditto\n|-damage|p2a: Ditto|81\/100\n|\n|t:|1701112293\n|switch|p1a: Viking|Slowking-Galar, M|96\/100 brn|[from] Flip Turn\n|\n|-weather|Snow|[upkeep]\n|-end|p2a: Ditto|move: Future Sight\n|-damage|p2a: Ditto|0 fnt\n|faint|p2a: Ditto\n|-damage|p1a: Viking|90\/100 brn|[from] brn\n|upkeep\n|\n|t:|1701112301\n|switch|p2a: Rillaboom|Rillaboom, M|27\/100 tox\n|-damage|p2a: Rillaboom|14\/100 tox|[from] Stealth Rock\n|-fieldstart|move: Grassy Terrain|[from] ability: Grassy Surge|[of] p2a: Rillaboom\n|turn|22\n|\n|t:|1701112303\n|move|p2a: Rillaboom|Earthquake|p1a: Viking\n|-supereffective|p1a: Viking\n|-damage|p1a: Viking|55\/100 brn\n|move|p1a: Viking|Future Sight|p2a: Rillaboom\n|-start|p1a: Viking|move: Future Sight\n|\n|-weather|Snow|[upkeep]\n|-heal|p2a: Rillaboom|20\/100 tox|[from] Grassy Terrain\n|-heal|p1a: Viking|61\/100 brn|[from] Grassy Terrain\n|-damage|p2a: Rillaboom|14\/100 tox|[from] psn\n|-damage|p1a: Viking|55\/100 brn|[from] brn\n|upkeep\n|turn|23\n|\n|t:|1701112307\n|move|p2a: Rillaboom|Earthquake|p1a: Viking\n|-supereffective|p1a: Viking\n|-damage|p1a: Viking|16\/100 brn\n|move|p1a: Viking|Chilly Reception|p1a: Viking\n|\n|t:|1701112308\n|switch|p1a: GoneFishin'|Alomomola, F|100\/100|[from] Chilly Reception\n|\n|-weather|Snow|[upkeep]\n|-heal|p2a: Rillaboom|20\/100 tox|[from] Grassy Terrain\n|-damage|p2a: Rillaboom|8\/100 tox|[from] psn\n|upkeep\n|turn|24\n|\n|t:|1701112310\n|switch|p1a: Viking|Slowking-Galar, M|49\/100 brn\n|move|p2a: Rillaboom|Earthquake|p1a: Viking\n|-supereffective|p1a: Viking\n|-damage|p1a: Viking|12\/100 brn\n|\n|-weather|none\n|-end|p2a: Rillaboom|move: Future Sight\n|-damage|p2a: Rillaboom|0 fnt\n|faint|p2a: Rillaboom\n|-heal|p1a: Viking|19\/100 brn|[from] Grassy Terrain\n|-damage|p1a: Viking|12\/100 brn|[from] brn\n|upkeep\n|\n|t:|1701112313\n|switch|p2a: Hawlucha|Hawlucha, M|100\/100\n|-damage|p2a: Hawlucha|88\/100|[from] Stealth Rock\n|-enditem|p2a: Hawlucha|Grassy Seed\n|-boost|p2a: Hawlucha|def|1|[from] item: Grassy Seed\n|turn|25\n|\n|t:|1701112317\n|move|p2a: Hawlucha|Acrobatics|p1a: Viking\n|-damage|p1a: Viking|0 fnt\n|faint|p1a: Viking\n|\n|upkeep\n|\n|t:|1701112319\n|switch|p1a: GoneFishin'|Alomomola, F|100\/100\n|turn|26\n|\n|t:|1701112323\n|move|p2a: Hawlucha|Swords Dance|p2a: Hawlucha\n|-boost|p2a: Hawlucha|atk|2\n|move|p1a: GoneFishin'|Scald|p2a: Hawlucha\n|-damage|p2a: Hawlucha|68\/100\n|\n|-fieldend|move: Grassy Terrain\n|upkeep\n|turn|27\n|\n|t:|1701112328\n|move|p2a: Hawlucha|Acrobatics|p1a: GoneFishin'\n|-damage|p1a: GoneFishin'|51\/100\n|move|p1a: GoneFishin'|Scald|p2a: Hawlucha\n|-damage|p2a: Hawlucha|45\/100\n|-status|p2a: Hawlucha|brn\n|\n|-damage|p2a: Hawlucha|39\/100 brn|[from] brn\n|upkeep\n|turn|28\n|\n|t:|1701112333\n|move|p2a: Hawlucha|Acrobatics|p1a: GoneFishin'\n|-crit|p1a: GoneFishin'\n|-damage|p1a: GoneFishin'|11\/100\n|move|p1a: GoneFishin'|Wish|p1a: GoneFishin'\n|\n|-damage|p2a: Hawlucha|33\/100 brn|[from] brn\n|upkeep\n|turn|29\n|\n|t:|1701112335\n|move|p1a: GoneFishin'|Protect|p1a: GoneFishin'\n|-singleturn|p1a: GoneFishin'|Protect\n|move|p2a: Hawlucha|Acrobatics|p1a: GoneFishin'\n|-activate|p1a: GoneFishin'|move: Protect\n|\n|-heal|p1a: GoneFishin'|61\/100|[from] move: Wish|[wisher] GoneFishin'\n|-damage|p2a: Hawlucha|27\/100 brn|[from] brn\n|upkeep\n|turn|30\n|\n|t:|1701112341\n|move|p2a: Hawlucha|Acrobatics|p1a: GoneFishin'\n|-damage|p1a: GoneFishin'|36\/100\n|move|p1a: GoneFishin'|Wish|p1a: GoneFishin'\n|\n|-damage|p2a: Hawlucha|21\/100 brn|[from] brn\n|upkeep\n|turn|31\n|\n|t:|1701112343\n|move|p1a: GoneFishin'|Protect|p1a: GoneFishin'\n|-singleturn|p1a: GoneFishin'|Protect\n|move|p2a: Hawlucha|Swords Dance|p2a: Hawlucha\n|-boost|p2a: Hawlucha|atk|2\n|\n|-heal|p1a: GoneFishin'|86\/100|[from] move: Wish|[wisher] GoneFishin'\n|-damage|p2a: Hawlucha|15\/100 brn|[from] brn\n|upkeep\n|turn|32\n|\n|t:|1701112345\n|move|p2a: Hawlucha|Acrobatics|p1a: GoneFishin'\n|-damage|p1a: GoneFishin'|49\/100\n|move|p1a: GoneFishin'|Wish|p1a: GoneFishin'\n|\n|-damage|p2a: Hawlucha|9\/100 brn|[from] brn\n|upkeep\n|turn|33\n|\n|t:|1701112351\n|move|p1a: GoneFishin'|Protect|p1a: GoneFishin'\n|-singleturn|p1a: GoneFishin'|Protect\n|move|p2a: Hawlucha|Acrobatics|p1a: GoneFishin'\n|-activate|p1a: GoneFishin'|move: Protect\n|\n|-heal|p1a: GoneFishin'|99\/100|[from] move: Wish|[wisher] GoneFishin'\n|-damage|p2a: Hawlucha|3\/100 brn|[from] brn\n|upkeep\n|turn|34\n|\n|t:|1701112354\n|move|p1a: GoneFishin'|Protect||[still]\n|-fail|p1a: GoneFishin'\n|move|p2a: Hawlucha|Acrobatics|p1a: GoneFishin'\n|-damage|p1a: GoneFishin'|58\/100\n|\n|-damage|p2a: Hawlucha|0 fnt|[from] brn\n|faint|p2a: Hawlucha\n|upkeep\n|\n|t:|1701112356\n|switch|p2a: Rotom|Rotom-Heat, tera:Electric|100\/100\n|turn|35\n|\n|t:|1701112360\n|move|p2a: Rotom|Volt Switch|p1a: GoneFishin'\n|-supereffective|p1a: GoneFishin'\n|-damage|p1a: GoneFishin'|0 fnt\n|faint|p1a: GoneFishin'\n|\n|t:|1701112362\n|switch|p2a: Glimmora|Glimmora, M|20\/100|[from] Volt Switch\n|-damage|p2a: Glimmora|7\/100|[from] Stealth Rock\n|\n|upkeep\n|\n|t:|1701112364\n|switch|p1a: Checkmate|Kingambit, M, shiny|100\/100\n|-activate|p1a: Checkmate|ability: Supreme Overlord\n|-start|p1a: Checkmate|fallen5|[silent]\n|turn|36\n|\n|t:|1701112367\n|move|p2a: Glimmora|Earth Power|p1a: Checkmate\n|-supereffective|p1a: Checkmate\n|-damage|p1a: Checkmate|39\/100\n|move|p1a: Checkmate|Swords Dance|p1a: Checkmate\n|-boost|p1a: Checkmate|atk|2\n|\n|-heal|p1a: Checkmate|45\/100|[from] item: Leftovers\n|upkeep\n|turn|37\n|\n|t:|1701112370\n|-terastallize|p1a: Checkmate|Flying\n|move|p2a: Glimmora|Earth Power|p1a: Checkmate\n|-immune|p1a: Checkmate\n|move|p1a: Checkmate|Swords Dance|p1a: Checkmate\n|-boost|p1a: Checkmate|atk|2\n|\n|-heal|p1a: Checkmate|51\/100|[from] item: Leftovers\n|upkeep\n|turn|38\n|\n|t:|1701112374\n|move|p1a: Checkmate|Sucker Punch|p2a: Glimmora\n|-damage|p2a: Glimmora|0 fnt\n|-activate|p2a: Glimmora|ability: Toxic Debris\n|-sidestart|p1: Docter_Peng99|move: Toxic Spikes\n|faint|p2a: Glimmora\n|\n|-heal|p1a: Checkmate|57\/100|[from] item: Leftovers\n|upkeep\n|\n|t:|1701112376\n|switch|p2a: Rotom|Rotom-Heat, tera:Electric|100\/100\n|turn|39\n|\n|t:|1701112379\n|move|p1a: Checkmate|Sucker Punch|p2a: Rotom\n|-damage|p2a: Rotom|0 fnt\n|faint|p2a: Rotom\n|\n|win|Docter_Peng99\n|raw|Docter_Peng99's rating: 1293 &rarr; <strong>1315<\/strong><br \/>(+22 for winning)\n|raw|MariuszPudzianowsk's rating: 1253 &rarr; <strong>1231<\/strong><br \/>(-22 for losing)\n|l|\u2606MariuszPudzianowsk\n|c|\u2606Docter_Peng99|gg\n","uploadtime":1701112405,"views":3,"p1id":"docterpeng99","p2id":"mariuszpudzianowsk","formatid":"gen9ou","rating":1231,"private":0,"password":""}