{"id":"gen9ou-1989498993","p1":"wwcdddd","p2":"Tokumaru","format":"[Gen 9] OU","log":"|j|\u2606wwcdddd\n|j|\u2606Tokumaru\n|t:|1699861008\n|gametype|singles\n|player|p1|wwcdddd|170|1171\n|player|p2|Tokumaru|zinzolin|1262\n|teamsize|p1|6\n|teamsize|p2|6\n|gen|9\n|tier|[Gen 9] OU\n|rated|\n|rule|Sleep Clause Mod: Limit one foe put to sleep\n|rule|Species Clause: Limit one of each Pok\u00e9mon\n|rule|OHKO Clause: OHKO moves are banned\n|rule|Evasion Items Clause: Evasion items are banned\n|rule|Evasion Moves Clause: Evasion moves are banned\n|rule|Endless Battle Clause: Forcing endless battles is banned\n|rule|HP Percentage Mod: HP is shown in percentages\n|clearpoke\n|poke|p1|Pelipper, M|\n|poke|p1|Ludicolo, F|\n|poke|p1|Zapdos|\n|poke|p1|Politoed, M|\n|poke|p1|Gastrodon-East, F|\n|poke|p1|Basculegion, M|\n|poke|p2|Dragapult, F|\n|poke|p2|Landorus-Therian, M|\n|poke|p2|Kingambit, F|\n|poke|p2|Iron Moth|\n|poke|p2|Great Tusk|\n|poke|p2|Heatran, M|\n|teampreview\n|inactive|Battle timer is ON: inactive players will automatically lose when time's up. (requested by wwcdddd)\n|\n|t:|1699861014\n|start\n|switch|p1a: Gastrodon|Gastrodon-East, F|100\/100\n|switch|p2a: Pew Pew|Dragapult, F|100\/100\n|turn|1\n|\n|t:|1699861021\n|move|p2a: Pew Pew|Draco Meteor|p1a: Gastrodon|[miss]\n|-miss|p2a: Pew Pew|p1a: Gastrodon\n|move|p1a: Gastrodon|Stealth Rock|p2a: Pew Pew\n|-sidestart|p2: Tokumaru|move: Stealth Rock\n|\n|upkeep\n|turn|2\n|\n|t:|1699861026\n|move|p2a: Pew Pew|Draco Meteor|p1a: Gastrodon\n|-damage|p1a: Gastrodon|23\/100\n|-unboost|p2a: Pew Pew|spa|2\n|-damage|p2a: Pew Pew|91\/100|[from] item: Life Orb\n|move|p1a: Gastrodon|Spikes|p2a: Pew Pew\n|-sidestart|p2: Tokumaru|Spikes\n|\n|-heal|p1a: Gastrodon|29\/100|[from] item: Leftovers\n|upkeep\n|turn|3\n|\n|t:|1699861035\n|move|p2a: Pew Pew|Draco Meteor|p1a: Gastrodon|[miss]\n|-miss|p2a: Pew Pew|p1a: Gastrodon\n|move|p1a: Gastrodon|Recover|p1a: Gastrodon\n|-heal|p1a: Gastrodon|79\/100\n|\n|-heal|p1a: Gastrodon|85\/100|[from] item: Leftovers\n|upkeep\n|turn|4\n|c|\u2606Tokumaru|Amazing.\n|c|\u2606wwcdddd|lkr\n|\n|t:|1699861050\n|switch|p2a: Lando|Great Tusk|100\/100\n|-damage|p2a: Lando|98\/100|[from] Stealth Rock\n|-damage|p2a: Lando|85\/100|[from] Spikes\n|move|p1a: Gastrodon|Spikes|p2a: Lando\n|-sidestart|p2: Tokumaru|Spikes\n|\n|-heal|p2a: Lando|91\/100|[from] item: Leftovers\n|-heal|p1a: Gastrodon|91\/100|[from] item: Leftovers\n|upkeep\n|turn|5\n|\n|t:|1699861060\n|switch|p1a: Basculegion|Basculegion, M|100\/100\n|move|p2a: Lando|Bulk Up|p2a: Lando\n|-boost|p2a: Lando|atk|1\n|-boost|p2a: Lando|def|1\n|\n|-heal|p2a: Lando|98\/100|[from] item: Leftovers\n|upkeep\n|turn|6\n|\n|t:|1699861070\n|-terastallize|p1a: Basculegion|Water\n|move|p2a: Lando|Headlong Rush|p1a: Basculegion\n|-damage|p1a: Basculegion|4\/100\n|-unboost|p2a: Lando|def|1\n|-unboost|p2a: Lando|spd|1\n|move|p1a: Basculegion|Wave Crash|p2a: Lando\n|-supereffective|p2a: Lando\n|-damage|p2a: Lando|0 fnt\n|faint|p2a: Lando\n|-end|p2a: Lando|Protosynthesis|[silent]\n|-damage|p1a: Basculegion|0 fnt|[from] Recoil\n|faint|p1a: Basculegion\n|\n|upkeep\n|\n|t:|1699861082\n|switch|p2a: Pew Pew|Dragapult, F|91\/100\n|switch|p1a: Gastrodon|Gastrodon-East, F|91\/100\n|-damage|p2a: Pew Pew|78\/100|[from] Stealth Rock\n|-damage|p2a: Pew Pew|62\/100|[from] Spikes\n|turn|7\n|\n|t:|1699861089\n|move|p2a: Pew Pew|Draco Meteor|p1a: Gastrodon|[miss]\n|-miss|p2a: Pew Pew|p1a: Gastrodon\n|move|p1a: Gastrodon|Spikes|p2a: Pew Pew\n|-sidestart|p2: Tokumaru|Spikes\n|\n|-heal|p1a: Gastrodon|97\/100|[from] item: Leftovers\n|upkeep\n|turn|8\n|c|\u2606Tokumaru|Take 2?\n|c|\u2606Tokumaru|Loolol\n|\n|t:|1699861098\n|move|p2a: Pew Pew|Draco Meteor|p1a: Gastrodon\n|-damage|p1a: Gastrodon|27\/100\n|-unboost|p2a: Pew Pew|spa|2\n|-damage|p2a: Pew Pew|52\/100|[from] item: Life Orb\n|move|p1a: Gastrodon|Recover|p1a: Gastrodon\n|-heal|p1a: Gastrodon|77\/100\n|\n|-heal|p1a: Gastrodon|83\/100|[from] item: Leftovers\n|upkeep\n|turn|9\n|c|\u2606wwcdddd|bro\n|c|\u2606wwcdddd|what happen to u\n|\n|t:|1699861116\n|move|p2a: Pew Pew|Will-O-Wisp|p1a: Gastrodon|[miss]\n|-miss|p2a: Pew Pew|p1a: Gastrodon\n|move|p1a: Gastrodon|Recover|p1a: Gastrodon\n|-heal|p1a: Gastrodon|100\/100\n|\n|upkeep\n|turn|10\n|c|\u2606Tokumaru|The drocos were not dropping today.\n|c|\u2606Tokumaru|Apparently not the wisps either.\n|c|\u2606Tokumaru|Maybe it is time to retire this lad.\n|c|\u2606wwcdddd|sorry bro\n|inactive|Tokumaru has 120 seconds left.\n|c|\u2606Tokumaru|XD\n|\n|t:|1699861146\n|switch|p2a: Volc|Iron Moth|100\/100\n|-damage|p2a: Volc|76\/100|[from] Stealth Rock\n|-damage|p2a: Volc|51\/100|[from] Spikes\n|-enditem|p2a: Volc|Booster Energy\n|-activate|p2a: Volc|ability: Quark Drive|[fromitem]\n|-start|p2a: Volc|quarkdrivespe\n|switch|p1a: Politoed|Politoed, M|100\/100\n|-weather|RainDance|[from] ability: Drizzle|[of] p1a: Politoed\n|\n|-weather|RainDance|[upkeep]\n|upkeep\n|turn|11\n|\n|t:|1699861159\n|-terastallize|p2a: Volc|Grass\n|move|p2a: Volc|Substitute|p2a: Volc\n|-start|p2a: Volc|Substitute\n|-damage|p2a: Volc|26\/100\n|move|p1a: Politoed|Perish Song|p1a: Politoed\n|-start|p1a: Politoed|perish3|[silent]\n|-start|p2a: Volc|perish3|[silent]\n|-fieldactivate|move: Perish Song\n|\n|-weather|RainDance|[upkeep]\n|-start|p2a: Volc|perish3\n|-start|p1a: Politoed|perish3\n|upkeep\n|turn|12\n|c|\u2606Tokumaru|Welp\n|\n|t:|1699861175\n|move|p2a: Volc|Energy Ball|p1a: Politoed\n|-supereffective|p1a: Politoed\n|-damage|p1a: Politoed|44\/100\n|move|p1a: Politoed|Haze|p1a: Politoed\n|-clearallboost\n|\n|-weather|RainDance|[upkeep]\n|-start|p2a: Volc|perish2\n|-start|p1a: Politoed|perish2\n|upkeep\n|turn|13\n|\n|t:|1699861195\n|move|p2a: Volc|Energy Ball|p1a: Politoed\n|-supereffective|p1a: Politoed\n|-damage|p1a: Politoed|0 fnt\n|faint|p1a: Politoed\n|\n|-weather|RainDance|[upkeep]\n|-start|p2a: Volc|perish1\n|upkeep\n|inactive|wwcdddd has 120 seconds left.\n|\n|t:|1699861210\n|switch|p1a: Ludicolo|Ludicolo, F|100\/100\n|turn|14\n|\n|t:|1699861214\n|move|p2a: Volc|Sludge Wave|p1a: Ludicolo\n|-supereffective|p1a: Ludicolo\n|-damage|p1a: Ludicolo|0 fnt\n|faint|p1a: Ludicolo\n|\n|-weather|RainDance|[upkeep]\n|-start|p2a: Volc|perish0\n|upkeep\n|faint|p2a: Volc\n|-end|p2a: Volc|Quark Drive|[silent]\n|\n|t:|1699861231\n|switch|p2a: Pew Pew|Dragapult, F|52\/100\n|switch|p1a: Zapdos|Zapdos|100\/100\n|-damage|p2a: Pew Pew|40\/100|[from] Stealth Rock\n|-damage|p2a: Pew Pew|15\/100|[from] Spikes\n|turn|15\n|c|\u2606Tokumaru|Time to sac so Gambit gets buffed.\n|\n|t:|1699861242\n|move|p1a: Zapdos|Volt Switch|p2a: Pew Pew\n|-resisted|p2a: Pew Pew\n|-damage|p2a: Pew Pew|0 fnt\n|faint|p2a: Pew Pew\n|\n|t:|1699861251\n|switch|p1a: Gastrodon|Gastrodon-East, F|100\/100|[from] Volt Switch\n|\n|-weather|RainDance|[upkeep]\n|upkeep\n|\n|t:|1699861254\n|switch|p2a: Mega-Weavile|Kingambit, F|100\/100\n|-damage|p2a: Mega-Weavile|94\/100|[from] Stealth Rock\n|-damage|p2a: Mega-Weavile|69\/100|[from] Spikes\n|-activate|p2a: Mega-Weavile|ability: Supreme Overlord\n|-start|p2a: Mega-Weavile|fallen3|[silent]\n|turn|16\n|\n|t:|1699861264\n|switch|p1a: Pelipper|Pelipper, M|100\/100\n|move|p2a: Mega-Weavile|Swords Dance|p2a: Mega-Weavile\n|-boost|p2a: Mega-Weavile|atk|2\n|\n|-weather|RainDance|[upkeep]\n|-heal|p2a: Mega-Weavile|76\/100|[from] item: Leftovers\n|upkeep\n|turn|17\n|\n|t:|1699861272\n|move|p2a: Mega-Weavile|Sucker Punch|p1a: Pelipper\n|-damage|p1a: Pelipper|13\/100\n|move|p1a: Pelipper|Surf|p2a: Mega-Weavile\n|-damage|p2a: Mega-Weavile|22\/100\n|\n|-weather|none\n|-heal|p2a: Mega-Weavile|28\/100|[from] item: Leftovers\n|upkeep\n|turn|18\n|\n|t:|1699861280\n|switch|p1a: Gastrodon|Gastrodon-East, F|100\/100\n|move|p2a: Mega-Weavile|Sucker Punch||[still]\n|-fail|p2a: Mega-Weavile\n|\n|-heal|p2a: Mega-Weavile|34\/100|[from] item: Leftovers\n|upkeep\n|turn|19\n|\n|t:|1699861286\n|move|p2a: Mega-Weavile|Sucker Punch|p1a: Gastrodon\n|-damage|p1a: Gastrodon|24\/100\n|move|p1a: Gastrodon|Body Slam|p2a: Mega-Weavile\n|-resisted|p2a: Mega-Weavile\n|-damage|p2a: Mega-Weavile|27\/100\n|\n|-heal|p2a: Mega-Weavile|34\/100|[from] item: Leftovers\n|-heal|p1a: Gastrodon|30\/100|[from] item: Leftovers\n|upkeep\n|turn|20\n|\n|t:|1699861296\n|switch|p1a: Pelipper|Pelipper, M|13\/100\n|-weather|RainDance|[from] ability: Drizzle|[of] p1a: Pelipper\n|move|p2a: Mega-Weavile|Sucker Punch||[still]\n|-fail|p2a: Mega-Weavile\n|\n|-weather|RainDance|[upkeep]\n|-heal|p2a: Mega-Weavile|40\/100|[from] item: Leftovers\n|upkeep\n|turn|21\n|\n|t:|1699861305\n|switch|p1a: Gastrodon|Gastrodon-East, F|30\/100\n|move|p2a: Mega-Weavile|Sucker Punch||[still]\n|-fail|p2a: Mega-Weavile\n|\n|-weather|RainDance|[upkeep]\n|-heal|p2a: Mega-Weavile|46\/100|[from] item: Leftovers\n|-heal|p1a: Gastrodon|36\/100|[from] item: Leftovers\n|upkeep\n|turn|22\n|\n|t:|1699861314\n|move|p2a: Mega-Weavile|Swords Dance|p2a: Mega-Weavile\n|-boost|p2a: Mega-Weavile|atk|2\n|move|p1a: Gastrodon|Recover|p1a: Gastrodon\n|-heal|p1a: Gastrodon|86\/100\n|\n|-weather|RainDance|[upkeep]\n|-heal|p2a: Mega-Weavile|52\/100|[from] item: Leftovers\n|-heal|p1a: Gastrodon|92\/100|[from] item: Leftovers\n|upkeep\n|turn|23\n|\n|t:|1699861323\n|move|p2a: Mega-Weavile|Swords Dance|p2a: Mega-Weavile\n|-boost|p2a: Mega-Weavile|atk|2\n|move|p1a: Gastrodon|Body Slam|p2a: Mega-Weavile\n|-resisted|p2a: Mega-Weavile\n|-damage|p2a: Mega-Weavile|46\/100\n|\n|-weather|RainDance|[upkeep]\n|-heal|p2a: Mega-Weavile|52\/100|[from] item: Leftovers\n|-heal|p1a: Gastrodon|98\/100|[from] item: Leftovers\n|upkeep\n|turn|24\n|\n|t:|1699861333\n|move|p2a: Mega-Weavile|Low Kick|p1a: Gastrodon\n|-damage|p1a: Gastrodon|14\/100\n|move|p1a: Gastrodon|Body Slam|p2a: Mega-Weavile\n|-resisted|p2a: Mega-Weavile\n|-damage|p2a: Mega-Weavile|45\/100\n|-status|p2a: Mega-Weavile|par\n|\n|-weather|RainDance|[upkeep]\n|-heal|p1a: Gastrodon|20\/100|[from] item: Leftovers\n|-heal|p2a: Mega-Weavile|52\/100 par|[from] item: Leftovers\n|upkeep\n|turn|25\n|\n|t:|1699861342\n|move|p1a: Gastrodon|Recover|p1a: Gastrodon\n|-heal|p1a: Gastrodon|70\/100\n|move|p2a: Mega-Weavile|Low Kick|p1a: Gastrodon\n|-damage|p1a: Gastrodon|0 fnt\n|faint|p1a: Gastrodon\n|\n|-weather|RainDance|[upkeep]\n|-heal|p2a: Mega-Weavile|58\/100 par|[from] item: Leftovers\n|upkeep\n|\n|t:|1699861350\n|switch|p1a: Pelipper|Pelipper, M|13\/100\n|turn|26\n|\n|t:|1699861354\n|move|p2a: Mega-Weavile|Sucker Punch|p1a: Pelipper\n|-damage|p1a: Pelipper|0 fnt\n|faint|p1a: Pelipper\n|\n|-weather|RainDance|[upkeep]\n|-heal|p2a: Mega-Weavile|64\/100 par|[from] item: Leftovers\n|upkeep\n|\n|t:|1699861359\n|switch|p1a: Zapdos|Zapdos|100\/100\n|turn|27\n|\n|t:|1699861363\n|move|p2a: Mega-Weavile|Sucker Punch|p1a: Zapdos\n|-damage|p1a: Zapdos|0 fnt\n|faint|p1a: Zapdos\n|\n|win|Tokumaru\n|raw|wwcdddd's rating: 1171 &rarr; <strong>1152<\/strong><br \/>(-19 for losing)\n|raw|Tokumaru's rating: 1262 &rarr; <strong>1281<\/strong><br \/>(+19 for winning)\n|l|\u2606wwcdddd\n|c|\u2606Tokumaru|Welp time to ban gambit.\n|c|\u2606Tokumaru|GG\n","uploadtime":1699861379,"views":27,"p1id":"wwcdddd","p2id":"tokumaru","formatid":"gen9ou","rating":1152,"private":0,"password":""}