{"id":"gen9ou-1989607025","p1":"MrsEvans","p2":"trialteam98","format":"[Gen 9] OU","log":"|j|\u2606MrsEvans\n|j|\u2606trialteam98\n|t:|1699878089\n|gametype|singles\n|player|p1|MrsEvans|265|1244\n|player|p2|trialteam98|lady-gen4|1221\n|teamsize|p1|6\n|teamsize|p2|6\n|gen|9\n|tier|[Gen 9] OU\n|rated|\n|rule|Sleep Clause Mod: Limit one foe put to sleep\n|rule|Species Clause: Limit one of each Pok\u00e9mon\n|rule|OHKO Clause: OHKO moves are banned\n|rule|Evasion Items Clause: Evasion items are banned\n|rule|Evasion Moves Clause: Evasion moves are banned\n|rule|Endless Battle Clause: Forcing endless battles is banned\n|rule|HP Percentage Mod: HP is shown in percentages\n|clearpoke\n|poke|p1|Scizor, M|\n|poke|p1|Infernape, M|\n|poke|p1|Great Tusk|\n|poke|p1|Mandibuzz, F|\n|poke|p1|Slowking-Galar, M|\n|poke|p1|Dragapult, F|\n|poke|p2|Gardevoir, M|\n|poke|p2|Garchomp, M|\n|poke|p2|Dragapult, F|\n|poke|p2|Dragonite, M|\n|poke|p2|Gyarados, M|\n|poke|p2|Iron Treads|\n|teampreview\n|\n|t:|1699878099\n|start\n|switch|p1a: Dragapult|Dragapult, F|100\/100\n|switch|p2a: Cynthia|Garchomp, M|100\/100\n|turn|1\n|\n|t:|1699878106\n|switch|p2a: Diantha|Gardevoir, M|100\/100\n|move|p1a: Dragapult|Draco Meteor|p2a: Diantha\n|-immune|p2a: Diantha\n|\n|upkeep\n|turn|2\n|inactive|Battle timer is ON: inactive players will automatically lose when time's up. (requested by MrsEvans)\n|\n|t:|1699878113\n|switch|p1a: Scizor|Scizor, M|100\/100\n|move|p2a: Diantha|Moonblast|p1a: Scizor\n|-resisted|p1a: Scizor\n|-damage|p1a: Scizor|70\/100\n|-unboost|p1a: Scizor|spa|1\n|\n|-heal|p1a: Scizor|76\/100|[from] item: Leftovers\n|upkeep\n|turn|3\n|\n|t:|1699878121\n|switch|p2a: Cynthia|Garchomp, M|100\/100\n|move|p1a: Scizor|Knock Off|p2a: Cynthia\n|-damage|p2a: Cynthia|65\/100\n|-damage|p1a: Scizor|64\/100|[from] ability: Rough Skin|[of] p2a: Cynthia\n|-damage|p1a: Scizor|47\/100|[from] item: Rocky Helmet|[of] p2a: Cynthia\n|-enditem|p2a: Cynthia|Rocky Helmet|[from] move: Knock Off|[of] p1a: Scizor\n|\n|-heal|p1a: Scizor|53\/100|[from] item: Leftovers\n|upkeep\n|turn|4\n|\n|t:|1699878128\n|switch|p1a: Dragapult|Dragapult, F|100\/100\n|move|p2a: Cynthia|Stealth Rock|p1a: Dragapult\n|-sidestart|p1: MrsEvans|move: Stealth Rock\n|\n|upkeep\n|turn|5\n|\n|t:|1699878134\n|move|p1a: Dragapult|Shadow Ball|p2a: Cynthia\n|-damage|p2a: Cynthia|8\/100\n|-unboost|p2a: Cynthia|spd|1\n|move|p2a: Cynthia|Earthquake|p1a: Dragapult\n|-crit|p1a: Dragapult\n|-damage|p1a: Dragapult|0 fnt\n|faint|p1a: Dragapult\n|\n|upkeep\n|\n|t:|1699878142\n|switch|p1a: Great Tusk|Great Tusk|100\/100\n|-damage|p1a: Great Tusk|97\/100|[from] Stealth Rock\n|-enditem|p1a: Great Tusk|Booster Energy\n|-activate|p1a: Great Tusk|ability: Protosynthesis|[fromitem]\n|-start|p1a: Great Tusk|protosynthesisspe\n|turn|6\n|\n|t:|1699878150\n|switch|p2a: Leon|Dragapult, F|100\/100\n|move|p1a: Great Tusk|Knock Off|p2a: Leon\n|-supereffective|p2a: Leon\n|-damage|p2a: Leon|17\/100\n|-enditem|p2a: Leon|Life Orb|[from] move: Knock Off|[of] p1a: Great Tusk\n|\n|upkeep\n|turn|7\n|\n|t:|1699878157\n|move|p1a: Great Tusk|Knock Off|p2a: Leon\n|-supereffective|p2a: Leon\n|-damage|p2a: Leon|0 fnt\n|faint|p2a: Leon\n|\n|upkeep\n|\n|t:|1699878163\n|switch|p2a: Diantha|Gardevoir, M|100\/100\n|turn|8\n|\n|t:|1699878173\n|-terastallize|p1a: Great Tusk|Ground\n|move|p1a: Great Tusk|Rapid Spin|p2a: Diantha\n|-damage|p2a: Diantha|75\/100\n|-boost|p1a: Great Tusk|spe|1\n|-sideend|p1: MrsEvans|Stealth Rock|[from] move: Rapid Spin|[of] p1a: Great Tusk\n|move|p2a: Diantha|Mystical Fire|p1a: Great Tusk\n|-damage|p1a: Great Tusk|65\/100\n|-unboost|p1a: Great Tusk|spa|1\n|\n|upkeep\n|turn|9\n|\n|t:|1699878184\n|switch|p2a: Cynthia|Garchomp, M|8\/100\n|move|p1a: Great Tusk|Headlong Rush|p2a: Cynthia\n|-damage|p2a: Cynthia|0 fnt\n|-unboost|p1a: Great Tusk|def|1\n|-unboost|p1a: Great Tusk|spd|1\n|-damage|p1a: Great Tusk|53\/100|[from] ability: Rough Skin|[of] p2a: Cynthia\n|faint|p2a: Cynthia\n|\n|upkeep\n|\n|t:|1699878194\n|switch|p2a: Steven|Iron Treads|100\/100\n|-enditem|p2a: Steven|Booster Energy\n|-activate|p2a: Steven|ability: Quark Drive|[fromitem]\n|-start|p2a: Steven|quarkdrivespe\n|turn|10\n|\n|t:|1699878200\n|move|p1a: Great Tusk|Headlong Rush|p2a: Steven\n|-supereffective|p2a: Steven\n|-damage|p2a: Steven|0 fnt\n|-unboost|p1a: Great Tusk|def|1\n|-unboost|p1a: Great Tusk|spd|1\n|faint|p2a: Steven\n|-end|p2a: Steven|Quark Drive|[silent]\n|\n|upkeep\n|\n|t:|1699878211\n|switch|p2a: Iris-Ash-Lance|Dragonite, M|100\/100\n|turn|11\n|\n|t:|1699878222\n|move|p1a: Great Tusk|Smack Down|p2a: Iris-Ash-Lance\n|-supereffective|p2a: Iris-Ash-Lance\n|-damage|p2a: Iris-Ash-Lance|86\/100\n|-start|p2a: Iris-Ash-Lance|Smack Down\n|move|p2a: Iris-Ash-Lance|Dragon Dance|p2a: Iris-Ash-Lance\n|-boost|p2a: Iris-Ash-Lance|atk|1\n|-boost|p2a: Iris-Ash-Lance|spe|1\n|\n|upkeep\n|turn|12\n|\n|t:|1699878234\n|-terastallize|p2a: Iris-Ash-Lance|Normal\n|move|p2a: Iris-Ash-Lance|Extreme Speed|p1a: Great Tusk\n|-damage|p1a: Great Tusk|0 fnt\n|faint|p1a: Great Tusk\n|-end|p1a: Great Tusk|Protosynthesis|[silent]\n|\n|upkeep\n|\n|t:|1699878238\n|switch|p1a: Mandibuzz|Mandibuzz, F|100\/100\n|turn|13\n|\n|t:|1699878247\n|move|p2a: Iris-Ash-Lance|Extreme Speed|p1a: Mandibuzz\n|-damage|p1a: Mandibuzz|63\/100\n|move|p1a: Mandibuzz|Foul Play|p2a: Iris-Ash-Lance\n|-damage|p2a: Iris-Ash-Lance|0 fnt\n|faint|p2a: Iris-Ash-Lance\n|\n|upkeep\n|\n|t:|1699878254\n|switch|p2a: Diantha|Gardevoir, M|75\/100\n|turn|14\n|\n|t:|1699878257\n|move|p2a: Diantha|Moonblast|p1a: Mandibuzz\n|-supereffective|p1a: Mandibuzz\n|-damage|p1a: Mandibuzz|0 fnt\n|faint|p1a: Mandibuzz\n|\n|upkeep\n|\n|t:|1699878260\n|switch|p1a: Slowking|Slowking-Galar, M|100\/100\n|turn|15\n|\n|t:|1699878267\n|switch|p2a: Lance|Gyarados, M, shiny|100\/100\n|move|p1a: Slowking|Sludge Bomb|p2a: Lance\n|-damage|p2a: Lance|63\/100\n|\n|upkeep\n|turn|16\n|\n|t:|1699878277\n|switch|p1a: Infernape|Infernape, M|100\/100\n|move|p2a: Lance|Earthquake|p1a: Infernape\n|-supereffective|p1a: Infernape\n|-damage|p1a: Infernape|0 fnt\n|faint|p1a: Infernape\n|-ability|p2a: Lance|Moxie|boost\n|-boost|p2a: Lance|atk|1\n|\n|upkeep\n|\n|t:|1699878280\n|switch|p1a: Scizor|Scizor, M|53\/100\n|turn|17\n|\n|t:|1699878286\n|move|p2a: Lance|Earthquake|p1a: Scizor\n|-crit|p1a: Scizor\n|-damage|p1a: Scizor|0 fnt\n|faint|p1a: Scizor\n|-ability|p2a: Lance|Moxie|boost\n|-boost|p2a: Lance|atk|1\n|\n|upkeep\n|-message|MrsEvans forfeited.\n|\n|win|trialteam98\n|raw|MrsEvans's rating: 1244 &rarr; <strong>1215<\/strong><br \/>(-29 for losing)\n|raw|trialteam98's rating: 1195 &rarr; <strong>1224<\/strong><br \/>(+29 for winning)\n|l|\u2606MrsEvans\n","uploadtime":1699878295,"views":6,"p1id":"mrsevans","p2id":"trialteam98","formatid":"gen9ou","rating":1215,"private":0,"password":""}