{"id":"gen9ou-1989409718","p1":"guzmfran","p2":"Fusion zoroark","format":"[Gen 9] OU","log":"|j|\u2606guzmfran\n|j|\u2606Fusion zoroark\n|t:|1699846591\n|gametype|singles\n|player|p1|guzmfran|266|\n|player|p2|Fusion zoroark|lucas|\n|teamsize|p1|4\n|teamsize|p2|4\n|gen|9\n|tier|[Gen 9] OU\n|rule|Sleep Clause Mod: Limit one foe put to sleep\n|rule|Species Clause: Limit one of each Pok\u00e9mon\n|rule|OHKO Clause: OHKO moves are banned\n|rule|Evasion Items Clause: Evasion items are banned\n|rule|Evasion Moves Clause: Evasion moves are banned\n|rule|Endless Battle Clause: Forcing endless battles is banned\n|rule|HP Percentage Mod: HP is shown in percentages\n|clearpoke\n|poke|p1|Ninetales-Alola, M|\n|poke|p1|Mamoswine, F|\n|poke|p1|Weavile, M|\n|poke|p1|Empoleon, F|\n|poke|p2|Dragapult, M|\n|poke|p2|Rotom-Wash|\n|poke|p2|Gholdengo|\n|poke|p2|Bellibolt, F|\n|teampreview\n|\n|t:|1699846598\n|start\n|switch|p1a: Ninetales|Ninetales-Alola, M|100\/100\n|switch|p2a: Bellibolt|Bellibolt, F|100\/100\n|-weather|Snow|[from] ability: Snow Warning|[of] p1a: Ninetales\n|turn|1\n|\n|t:|1699846610\n|move|p1a: Ninetales|Aurora Veil|p1a: Ninetales\n|-sidestart|p1: guzmfran|move: Aurora Veil\n|move|p2a: Bellibolt|Toxic|p1a: Ninetales\n|-status|p1a: Ninetales|tox\n|\n|-weather|Snow|[upkeep]\n|-damage|p1a: Ninetales|95\/100 tox|[from] psn\n|upkeep\n|turn|2\n|\n|t:|1699846622\n|move|p1a: Ninetales|Encore|p2a: Bellibolt\n|-start|p2a: Bellibolt|Encore\n|move|p2a: Bellibolt|Toxic|p1a: Ninetales|[miss]\n|-miss|p2a: Bellibolt|p1a: Ninetales\n|\n|-weather|Snow|[upkeep]\n|-damage|p1a: Ninetales|83\/100 tox|[from] psn\n|upkeep\n|turn|3\n|\n|t:|1699846632\n|switch|p1a: Empoleon|Empoleon, F, shiny|100\/100\n|move|p2a: Bellibolt|Toxic|p1a: Empoleon\n|-immune|p1a: Empoleon\n|\n|-weather|Snow|[upkeep]\n|upkeep\n|turn|4\n|\n|t:|1699846641\n|switch|p2a: Gholdengo|Gholdengo|100\/100\n|move|p1a: Empoleon|Stealth Rock|p2a: Gholdengo\n|-sidestart|p2: Fusion zoroark|move: Stealth Rock\n|\n|-weather|Snow|[upkeep]\n|upkeep\n|turn|5\n|\n|t:|1699846654\n|switch|p1a: Ninetales|Ninetales-Alola, M|83\/100 tox\n|move|p2a: Gholdengo|Make It Rain|p1a: Ninetales\n|-supereffective|p1a: Ninetales\n|-damage|p1a: Ninetales|0 fnt\n|-unboost|p2a: Gholdengo|spa|1\n|faint|p1a: Ninetales\n|\n|-weather|none\n|upkeep\n|\n|t:|1699846665\n|switch|p1a: Mamoswine|Mamoswine, F, shiny|100\/100\n|turn|6\n|\n|t:|1699846671\n|-terastallize|p1a: Mamoswine|Water\n|move|p2a: Gholdengo|Hex|p1a: Mamoswine\n|-damage|p1a: Mamoswine|91\/100\n|move|p1a: Mamoswine|Trailblaze|p2a: Gholdengo\n|-resisted|p2a: Gholdengo\n|-damage|p2a: Gholdengo|92\/100\n|-boost|p1a: Mamoswine|spe|1\n|\n|-heal|p2a: Gholdengo|98\/100|[from] item: Leftovers\n|upkeep\n|turn|7\n|\n|t:|1699846688\n|move|p1a: Mamoswine|Earthquake|p2a: Gholdengo\n|-supereffective|p2a: Gholdengo\n|-damage|p2a: Gholdengo|0 fnt\n|faint|p2a: Gholdengo\n|\n|upkeep\n|\n|t:|1699846695\n|switch|p2a: Dragapult|Dragapult, M|100\/100\n|-damage|p2a: Dragapult|88\/100|[from] Stealth Rock\n|turn|8\n|\n|t:|1699846706\n|move|p2a: Dragapult|Draco Meteor|p1a: Mamoswine\n|-damage|p1a: Mamoswine|59\/100\n|-unboost|p2a: Dragapult|spa|2\n|move|p1a: Mamoswine|Knock Off|p2a: Dragapult\n|-supereffective|p2a: Dragapult\n|-damage|p2a: Dragapult|0 fnt\n|-enditem|p2a: Dragapult|Choice Specs|[from] move: Knock Off|[of] p1a: Mamoswine\n|faint|p2a: Dragapult\n|\n|-sideend|p1: guzmfran|move: Aurora Veil\n|upkeep\n|\n|t:|1699846718\n|switch|p2a: Rotom|Rotom-Wash|100\/100\n|-damage|p2a: Rotom|88\/100|[from] Stealth Rock\n|turn|9\n|\n|t:|1699846731\n|move|p1a: Mamoswine|Trailblaze|p2a: Rotom\n|-supereffective|p2a: Rotom\n|-damage|p2a: Rotom|59\/100\n|-boost|p1a: Mamoswine|spe|1\n|move|p2a: Rotom|Hydro Pump|p1a: Mamoswine\n|-resisted|p1a: Mamoswine\n|-damage|p1a: Mamoswine|44\/100\n|\n|-heal|p2a: Rotom|65\/100|[from] item: Leftovers\n|upkeep\n|turn|10\n|\n|t:|1699846769\n|move|p1a: Mamoswine|Knock Off|p2a: Rotom\n|-crit|p2a: Rotom\n|-damage|p2a: Rotom|20\/100\n|-enditem|p2a: Rotom|Leftovers|[from] move: Knock Off|[of] p1a: Mamoswine\n|move|p2a: Rotom|Volt Switch|p1a: Mamoswine\n|-supereffective|p1a: Mamoswine\n|-damage|p1a: Mamoswine|1\/100\n|\n|t:|1699846777\n|switch|p2a: Bellibolt|Bellibolt, F|100\/100|[from] Volt Switch\n|-damage|p2a: Bellibolt|88\/100|[from] Stealth Rock\n|\n|-heal|p2a: Bellibolt|94\/100|[from] item: Leftovers\n|upkeep\n|turn|11\n|\n|t:|1699846786\n|move|p1a: Mamoswine|Earthquake|p2a: Bellibolt\n|-supereffective|p2a: Bellibolt\n|-crit|p2a: Bellibolt\n|-damage|p2a: Bellibolt|0 fnt\n|faint|p2a: Bellibolt\n|\n|upkeep\n|\n|t:|1699846792\n|switch|p2a: Rotom|Rotom-Wash|20\/100\n|-damage|p2a: Rotom|8\/100|[from] Stealth Rock\n|turn|12\n|\n|t:|1699846797\n|move|p1a: Mamoswine|Trailblaze|p2a: Rotom\n|-supereffective|p2a: Rotom\n|-damage|p2a: Rotom|0 fnt\n|-boost|p1a: Mamoswine|spe|1\n|faint|p2a: Rotom\n|\n|win|guzmfran\n|l|\u2606guzmfran\n|l|\u2606Fusion zoroark\n|j|\u2606Fusion zoroark\n|player|p2|Fusion zoroark|lucas\n","uploadtime":1699846928,"views":39,"p1id":"guzmfran","p2id":"fusionzoroark","formatid":"gen9ou","rating":0,"private":0,"password":""}