{"id":"gen9ou-1991365646","p1":"Zkeem11","p2":"meliaudass","format":"[Gen 9] OU","log":"|j|\u2606Zkeem11\n|j|\u2606meliaudass\n|t:|1700071083\n|gametype|singles\n|player|p1|Zkeem11|dawn-gen4pt|1445\n|player|p2|meliaudass|lucas|1432\n|teamsize|p1|6\n|teamsize|p2|6\n|gen|9\n|tier|[Gen 9] OU\n|rated|\n|rule|Sleep Clause Mod: Limit one foe put to sleep\n|rule|Species Clause: Limit one of each Pok\u00e9mon\n|rule|OHKO Clause: OHKO moves are banned\n|rule|Evasion Items Clause: Evasion items are banned\n|rule|Evasion Moves Clause: Evasion moves are banned\n|rule|Endless Battle Clause: Forcing endless battles is banned\n|rule|HP Percentage Mod: HP is shown in percentages\n|clearpoke\n|poke|p1|Alomomola, M|\n|poke|p1|Ting-Lu|\n|poke|p1|Gholdengo|\n|poke|p1|Weezing-Galar, F|\n|poke|p1|Dragonite, M|\n|poke|p1|Sneasler, F|\n|poke|p2|Kingambit, F|\n|poke|p2|Great Tusk|\n|poke|p2|Dragapult, F|\n|poke|p2|Ogerpon-Wellspring, F|\n|poke|p2|Blissey, F|\n|poke|p2|Zapdos|\n|teampreview\n|\n|t:|1700071095\n|start\n|switch|p1a: Weezing|Weezing-Galar, F|100\/100\n|switch|p2a: Dragapult|Dragapult, F|100\/100\n|turn|1\n|\n|t:|1700071105\n|move|p2a: Dragapult|U-turn|p1a: Weezing\n|-resisted|p1a: Weezing\n|-damage|p1a: Weezing|98\/100\n|-damage|p2a: Dragapult|84\/100|[from] item: Rocky Helmet|[of] p1a: Weezing\n|\n|t:|1700071109\n|switch|p2a: Blissey|Blissey, F|100\/100|[from] U-turn\n|move|p1a: Weezing|Will-O-Wisp|p2a: Blissey\n|-status|p2a: Blissey|brn\n|\n|-damage|p2a: Blissey|94\/100 brn|[from] brn\n|upkeep\n|turn|2\n|\n|t:|1700071128\n|switch|p1a: Gholdengo|Gholdengo|100\/100\n|move|p2a: Blissey|Stealth Rock|p1a: Gholdengo\n|-sidestart|p1: Zkeem11|move: Stealth Rock\n|\n|-damage|p2a: Blissey|88\/100 brn|[from] brn\n|upkeep\n|turn|3\n|inactive|Battle timer is ON: inactive players will automatically lose when time's up. (requested by meliaudass)\n|inactive|Zkeem11 has 120 seconds left.\n|\n|t:|1700071249\n|move|p1a: Gholdengo|Trick|p2a: Blissey\n|-activate|p1a: Gholdengo|move: Trick|[of] p2a: Blissey\n|-item|p2a: Blissey|Choice Scarf|[from] move: Trick\n|-item|p1a: Gholdengo|Heavy-Duty Boots|[from] move: Trick\n|move|p2a: Blissey|Shadow Ball|p1a: Gholdengo\n|-supereffective|p1a: Gholdengo\n|-damage|p1a: Gholdengo|66\/100\n|\n|-damage|p2a: Blissey|82\/100 brn|[from] brn\n|upkeep\n|turn|4\n|\n|t:|1700071259\n|switch|p1a: Ting-Lu|Ting-Lu|100\/100\n|-damage|p1a: Ting-Lu|94\/100|[from] Stealth Rock\n|-ability|p1a: Ting-Lu|Vessel of Ruin\n|move|p2a: Blissey|Shadow Ball|p1a: Ting-Lu\n|-resisted|p1a: Ting-Lu\n|-damage|p1a: Ting-Lu|92\/100\n|\n|-heal|p1a: Ting-Lu|98\/100|[from] item: Leftovers\n|-damage|p2a: Blissey|76\/100 brn|[from] brn\n|upkeep\n|turn|5\n|\n|t:|1700071273\n|-curestatus|p2a: Blissey|brn|[from] ability: Natural Cure\n|switch|p2a: Great Tusk|Great Tusk|100\/100\n|move|p1a: Ting-Lu|Stealth Rock|p2a: Great Tusk\n|-sidestart|p2: meliaudass|move: Stealth Rock\n|\n|-heal|p1a: Ting-Lu|100\/100|[from] item: Leftovers\n|upkeep\n|turn|6\n|\n|t:|1700071290\n|switch|p1a: Weezing|Weezing-Galar, F|98\/100\n|-damage|p1a: Weezing|86\/100|[from] Stealth Rock\n|move|p2a: Great Tusk|Bulk Up|p2a: Great Tusk\n|-boost|p2a: Great Tusk|atk|1\n|-boost|p2a: Great Tusk|def|1\n|\n|upkeep\n|turn|7\n|\n|t:|1700071299\n|-end|p2a: Great Tusk|Protosynthesis|[silent]\n|switch|p2a: Blissey|Blissey, F|76\/100\n|-damage|p2a: Blissey|63\/100|[from] Stealth Rock\n|move|p1a: Weezing|Will-O-Wisp|p2a: Blissey\n|-status|p2a: Blissey|brn\n|\n|-damage|p2a: Blissey|57\/100 brn|[from] brn\n|upkeep\n|turn|8\n|inactive|Zkeem11 has 120 seconds left.\n|inactive|Zkeem11 has 90 seconds left.\n|inactive|Zkeem11 has 60 seconds left.\n|inactive|Zkeem11 has 30 seconds left.\n|inactive|Zkeem11 has 20 seconds left.\n|inactive|Zkeem11 has 15 seconds left.\n|inactive|Zkeem11 has 10 seconds left.\n|\n|t:|1700071443\n|-curestatus|p2a: Blissey|brn|[from] ability: Natural Cure\n|switch|p2a: Zapdos|Zapdos|100\/100\n|switch|p1a: Gholdengo|Gholdengo|66\/100\n|\n|upkeep\n|turn|9\n|inactive|Zkeem11 has 20 seconds left this turn.\n|inactive|Zkeem11 has 15 seconds left.\n|inactive|Zkeem11 has 10 seconds left.\n|\n|t:|1700071453\n|switch|p1a: Ting-Lu|Ting-Lu|100\/100\n|-damage|p1a: Ting-Lu|94\/100|[from] Stealth Rock\n|-ability|p1a: Ting-Lu|Vessel of Ruin\n|move|p2a: Zapdos|Heat Wave|p1a: Ting-Lu\n|-damage|p1a: Ting-Lu|82\/100\n|\n|-heal|p1a: Ting-Lu|89\/100|[from] item: Leftovers\n|upkeep\n|turn|10\n|inactive|Zkeem11 has 20 seconds left this turn.\n|inactive|Zkeem11 has 15 seconds left.\n|inactive|Zkeem11 has 10 seconds left.\n|\n|t:|1700071464\n|switch|p2a: Great Tusk|Great Tusk|100\/100\n|-damage|p2a: Great Tusk|98\/100|[from] Stealth Rock\n|move|p1a: Ting-Lu|Whirlwind|p2a: Great Tusk\n|-end|p2a: Great Tusk|Protosynthesis|[silent]\n|drag|p2a: Zapdos|Zapdos|100\/100\n|\n|-heal|p1a: Ting-Lu|95\/100|[from] item: Leftovers\n|upkeep\n|turn|11\n|inactive|Zkeem11 has 20 seconds left this turn.\n|inactive|Zkeem11 has 15 seconds left.\n|\n|t:|1700071472\n|move|p2a: Zapdos|Hurricane|p1a: Ting-Lu\n|-damage|p1a: Ting-Lu|75\/100\n|move|p1a: Ting-Lu|Stone Edge|p2a: Zapdos\n|-supereffective|p2a: Zapdos\n|-damage|p2a: Zapdos|61\/100\n|\n|-heal|p1a: Ting-Lu|81\/100|[from] item: Leftovers\n|upkeep\n|turn|12\n|inactive|Zkeem11 has 25 seconds left this turn.\n|inactive|Zkeem11 has 20 seconds left.\n|\n|t:|1700071481\n|move|p2a: Zapdos|Roost|p2a: Zapdos\n|-heal|p2a: Zapdos|100\/100\n|-singleturn|p2a: Zapdos|move: Roost\n|move|p1a: Ting-Lu|Whirlwind|p2a: Zapdos\n|drag|p2a: Kingambit|Kingambit, F|100\/100\n|-damage|p2a: Kingambit|94\/100|[from] Stealth Rock\n|\n|-heal|p1a: Ting-Lu|87\/100|[from] item: Leftovers\n|upkeep\n|turn|13\n|inactive|Zkeem11 has 30 seconds left this turn.\n|inactive|Zkeem11 has 20 seconds left.\n|\n|t:|1700071492\n|-end|p2a: Kingambit|fallenundefined|[silent]\n|switch|p2a: Zapdos|Zapdos|100\/100\n|switch|p1a: Weezing|Weezing-Galar, F|86\/100\n|-damage|p1a: Weezing|73\/100|[from] Stealth Rock\n|\n|upkeep\n|turn|14\n|inactive|Zkeem11 has 30 seconds left this turn.\n|\n|t:|1700071500\n|switch|p1a: Ting-Lu|Ting-Lu|87\/100\n|-damage|p1a: Ting-Lu|81\/100|[from] Stealth Rock\n|-ability|p1a: Ting-Lu|Vessel of Ruin\n|move|p2a: Zapdos|Hurricane|p1a: Ting-Lu\n|-damage|p1a: Ting-Lu|64\/100\n|-start|p1a: Ting-Lu|confusion\n|\n|-heal|p1a: Ting-Lu|70\/100|[from] item: Leftovers\n|upkeep\n|turn|15\n|inactive|Zkeem11 has 30 seconds left.\n|\n|t:|1700071511\n|switch|p2a: Ogerpon|Ogerpon-Wellspring, F|100\/100\n|-damage|p2a: Ogerpon|88\/100|[from] Stealth Rock\n|-activate|p1a: Ting-Lu|confusion\n|move|p1a: Ting-Lu|Stone Edge|p2a: Ogerpon\n|-damage|p2a: Ogerpon|54\/100\n|\n|-heal|p1a: Ting-Lu|76\/100|[from] item: Leftovers\n|upkeep\n|turn|16\n|inactive|Zkeem11 has 30 seconds left.\n|\n|t:|1700071524\n|switch|p1a: Dragonite|Dragonite, M|100\/100\n|-damage|p1a: Dragonite|76\/100|[from] Stealth Rock\n|move|p2a: Ogerpon|Power Whip|p1a: Dragonite\n|-resisted|p1a: Dragonite\n|-damage|p1a: Dragonite|57\/100\n|\n|upkeep\n|turn|17\n|\n|t:|1700071535\n|move|p1a: Dragonite|Extreme Speed|p2a: Ogerpon\n|-damage|p2a: Ogerpon|0 fnt\n|faint|p2a: Ogerpon\n|\n|upkeep\n|\n|t:|1700071540\n|switch|p2a: Dragapult|Dragapult, F|84\/100\n|-damage|p2a: Dragapult|72\/100|[from] Stealth Rock\n|turn|18\n|\n|t:|1700071546\n|switch|p1a: Ting-Lu|Ting-Lu|76\/100\n|-damage|p1a: Ting-Lu|70\/100|[from] Stealth Rock\n|-ability|p1a: Ting-Lu|Vessel of Ruin\n|move|p2a: Dragapult|Shadow Ball|p1a: Ting-Lu\n|-resisted|p1a: Ting-Lu\n|-damage|p1a: Ting-Lu|59\/100\n|-unboost|p1a: Ting-Lu|spd|1\n|\n|-heal|p1a: Ting-Lu|65\/100|[from] item: Leftovers\n|upkeep\n|turn|19\n|\n|t:|1700071558\n|switch|p2a: Zapdos|Zapdos|100\/100\n|move|p1a: Ting-Lu|Earthquake|p2a: Zapdos\n|-immune|p2a: Zapdos\n|\n|-heal|p1a: Ting-Lu|71\/100|[from] item: Leftovers\n|upkeep\n|turn|20\n|\n|t:|1700071582\n|move|p2a: Zapdos|Hurricane|p1a: Ting-Lu\n|-damage|p1a: Ting-Lu|44\/100\n|-start|p1a: Ting-Lu|confusion\n|-activate|p1a: Ting-Lu|confusion\n|-damage|p1a: Ting-Lu|38\/100|[from] confusion\n|\n|-heal|p1a: Ting-Lu|44\/100|[from] item: Leftovers\n|upkeep\n|turn|21\n|\n|t:|1700071594\n|switch|p1a: Alomomola|Alomomola, M|100\/100\n|-damage|p1a: Alomomola|88\/100|[from] Stealth Rock\n|move|p2a: Zapdos|Hurricane|p1a: Alomomola\n|-damage|p1a: Alomomola|35\/100\n|\n|upkeep\n|turn|22\n|\n|t:|1700071603\n|switch|p1a: Ting-Lu|Ting-Lu|44\/100\n|-damage|p1a: Ting-Lu|38\/100|[from] Stealth Rock\n|-ability|p1a: Ting-Lu|Vessel of Ruin\n|move|p2a: Zapdos|Volt Switch|p1a: Ting-Lu\n|-immune|p1a: Ting-Lu\n|\n|-heal|p1a: Ting-Lu|44\/100|[from] item: Leftovers\n|upkeep\n|turn|23\n|\n|t:|1700071612\n|move|p2a: Zapdos|Hurricane|p1a: Ting-Lu|[miss]\n|-miss|p2a: Zapdos|p1a: Ting-Lu\n|move|p1a: Ting-Lu|Stone Edge|p2a: Zapdos\n|-supereffective|p2a: Zapdos\n|-damage|p2a: Zapdos|56\/100\n|\n|-heal|p1a: Ting-Lu|51\/100|[from] item: Leftovers\n|upkeep\n|turn|24\n|\n|t:|1700071621\n|move|p2a: Zapdos|Hurricane|p1a: Ting-Lu\n|-damage|p1a: Ting-Lu|30\/100\n|move|p1a: Ting-Lu|Earthquake|p2a: Zapdos\n|-immune|p2a: Zapdos\n|\n|-heal|p1a: Ting-Lu|36\/100|[from] item: Leftovers\n|upkeep\n|turn|25\n|\n|t:|1700071628\n|move|p2a: Zapdos|Hurricane|p1a: Ting-Lu|[miss]\n|-miss|p2a: Zapdos|p1a: Ting-Lu\n|move|p1a: Ting-Lu|Stone Edge|p2a: Zapdos\n|-supereffective|p2a: Zapdos\n|-damage|p2a: Zapdos|15\/100\n|\n|-heal|p1a: Ting-Lu|43\/100|[from] item: Leftovers\n|upkeep\n|turn|26\n|inactive|Zkeem11 has 60 seconds left.\n|\n|t:|1700071636\n|switch|p2a: Great Tusk|Great Tusk|98\/100\n|-damage|p2a: Great Tusk|95\/100|[from] Stealth Rock\n|move|p1a: Ting-Lu|Earthquake|p2a: Great Tusk\n|-damage|p2a: Great Tusk|70\/100\n|\n|-heal|p2a: Great Tusk|76\/100|[from] item: Leftovers\n|-heal|p1a: Ting-Lu|49\/100|[from] item: Leftovers\n|upkeep\n|turn|27\n|inactive|Zkeem11 has 60 seconds left.\n|\n|t:|1700071656\n|switch|p1a: Gholdengo|Gholdengo|66\/100\n|move|p2a: Great Tusk|Knock Off|p1a: Gholdengo\n|-supereffective|p1a: Gholdengo\n|-damage|p1a: Gholdengo|7\/100\n|-enditem|p1a: Gholdengo|Heavy-Duty Boots|[from] move: Knock Off|[of] p2a: Great Tusk\n|\n|-heal|p2a: Great Tusk|82\/100|[from] item: Leftovers\n|upkeep\n|turn|28\n|\n|t:|1700071670\n|move|p2a: Great Tusk|Earthquake|p1a: Gholdengo\n|-supereffective|p1a: Gholdengo\n|-damage|p1a: Gholdengo|0 fnt\n|faint|p1a: Gholdengo\n|\n|-heal|p2a: Great Tusk|88\/100|[from] item: Leftovers\n|upkeep\n|\n|t:|1700071687\n|switch|p1a: Sneasler|Sneasler, F|100\/100\n|-damage|p1a: Sneasler|95\/100|[from] Stealth Rock\n|-item|p1a: Sneasler|Air Balloon\n|turn|29\n|\n|t:|1700071694\n|-end|p2a: Great Tusk|Protosynthesis|[silent]\n|switch|p2a: Blissey|Blissey, F|57\/100\n|-damage|p2a: Blissey|45\/100|[from] Stealth Rock\n|move|p1a: Sneasler|Swords Dance|p1a: Sneasler\n|-boost|p1a: Sneasler|atk|2\n|\n|upkeep\n|turn|30\n|\n|t:|1700071702\n|move|p1a: Sneasler|Close Combat|p2a: Blissey\n|-supereffective|p2a: Blissey\n|-damage|p2a: Blissey|0 fnt\n|-unboost|p1a: Sneasler|def|1\n|-unboost|p1a: Sneasler|spd|1\n|faint|p2a: Blissey\n|\n|upkeep\n|\n|t:|1700071705\n|switch|p2a: Dragapult|Dragapult, F|72\/100\n|-damage|p2a: Dragapult|59\/100|[from] Stealth Rock\n|turn|31\n|inactive|Zkeem11 has 60 seconds left.\n|\n|t:|1700071723\n|switch|p1a: Ting-Lu|Ting-Lu|49\/100\n|-damage|p1a: Ting-Lu|43\/100|[from] Stealth Rock\n|-ability|p1a: Ting-Lu|Vessel of Ruin\n|-terastallize|p2a: Dragapult|Ghost\n|move|p2a: Dragapult|Shadow Ball|p1a: Ting-Lu\n|-resisted|p1a: Ting-Lu\n|-damage|p1a: Ting-Lu|29\/100\n|\n|-heal|p1a: Ting-Lu|35\/100|[from] item: Leftovers\n|upkeep\n|turn|32\n|\n|t:|1700071738\n|switch|p2a: Great Tusk|Great Tusk|88\/100\n|-damage|p2a: Great Tusk|85\/100|[from] Stealth Rock\n|move|p1a: Ting-Lu|Earthquake|p2a: Great Tusk\n|-damage|p2a: Great Tusk|61\/100\n|\n|-heal|p2a: Great Tusk|67\/100|[from] item: Leftovers\n|-heal|p1a: Ting-Lu|41\/100|[from] item: Leftovers\n|upkeep\n|turn|33\n|\n|t:|1700071747\n|switch|p1a: Weezing|Weezing-Galar, F|73\/100\n|-damage|p1a: Weezing|61\/100|[from] Stealth Rock\n|move|p2a: Great Tusk|Rapid Spin|p1a: Weezing\n|-damage|p1a: Weezing|51\/100\n|-boost|p2a: Great Tusk|spe|1\n|-damage|p2a: Great Tusk|51\/100|[from] item: Rocky Helmet|[of] p1a: Weezing\n|-sideend|p2: meliaudass|Stealth Rock|[from] move: Rapid Spin|[of] p2a: Great Tusk\n|\n|-heal|p2a: Great Tusk|57\/100|[from] item: Leftovers\n|upkeep\n|turn|34\n|inactive|Zkeem11 has 60 seconds left.\n|\n|t:|1700071759\n|-end|p2a: Great Tusk|Protosynthesis|[silent]\n|switch|p2a: Zapdos|Zapdos|15\/100\n|move|p1a: Weezing|Will-O-Wisp|p2a: Zapdos\n|-status|p2a: Zapdos|brn\n|\n|-damage|p2a: Zapdos|9\/100 brn|[from] brn\n|upkeep\n|turn|35\n|inactive|Zkeem11 has 60 seconds left.\n|\n|t:|1700071785\n|move|p2a: Zapdos|Roost|p2a: Zapdos\n|-heal|p2a: Zapdos|59\/100 brn\n|-singleturn|p2a: Zapdos|move: Roost\n|move|p1a: Weezing|Defog|p2a: Zapdos\n|-unboost|p2a: Zapdos|evasion|1\n|-sideend|p1: Zkeem11|Stealth Rock|[from] move: Defog|[of] p1a: Weezing\n|\n|-damage|p2a: Zapdos|53\/100 brn|[from] brn\n|upkeep\n|turn|36\n|\n|t:|1700071795\n|switch|p1a: Ting-Lu|Ting-Lu|41\/100\n|-ability|p1a: Ting-Lu|Vessel of Ruin\n|move|p2a: Zapdos|Hurricane|p1a: Ting-Lu|[miss]\n|-miss|p2a: Zapdos|p1a: Ting-Lu\n|\n|-heal|p1a: Ting-Lu|47\/100|[from] item: Leftovers\n|-damage|p2a: Zapdos|46\/100 brn|[from] brn\n|upkeep\n|turn|37\n|\n|t:|1700071807\n|switch|p2a: Great Tusk|Great Tusk|57\/100\n|move|p1a: Ting-Lu|Earthquake|p2a: Great Tusk\n|-damage|p2a: Great Tusk|32\/100\n|\n|-heal|p2a: Great Tusk|38\/100|[from] item: Leftovers\n|-heal|p1a: Ting-Lu|54\/100|[from] item: Leftovers\n|upkeep\n|turn|38\n|\n|t:|1700071816\n|switch|p1a: Weezing|Weezing-Galar, F|51\/100\n|move|p2a: Great Tusk|Knock Off|p1a: Weezing\n|-resisted|p1a: Weezing\n|-damage|p1a: Weezing|43\/100\n|-damage|p2a: Great Tusk|21\/100|[from] item: Rocky Helmet|[of] p1a: Weezing\n|-enditem|p1a: Weezing|Rocky Helmet|[from] move: Knock Off|[of] p2a: Great Tusk\n|\n|-heal|p2a: Great Tusk|28\/100|[from] item: Leftovers\n|upkeep\n|turn|39\n|\n|t:|1700071835\n|-end|p2a: Great Tusk|Protosynthesis|[silent]\n|switch|p2a: Zapdos|Zapdos|46\/100 brn\n|move|p1a: Weezing|Flamethrower|p2a: Zapdos\n|-damage|p2a: Zapdos|30\/100 brn\n|\n|-damage|p2a: Zapdos|24\/100 brn|[from] brn\n|upkeep\n|turn|40\n|\n|t:|1700071843\n|move|p2a: Zapdos|Hurricane|p1a: Weezing\n|-damage|p1a: Weezing|0 fnt\n|faint|p1a: Weezing\n|\n|-damage|p2a: Zapdos|17\/100 brn|[from] brn\n|upkeep\n|\n|t:|1700071852\n|switch|p1a: Dragonite|Dragonite, M|57\/100\n|turn|41\n|\n|t:|1700071858\n|move|p2a: Zapdos|Heat Wave|p1a: Dragonite\n|-resisted|p1a: Dragonite\n|-damage|p1a: Dragonite|43\/100\n|move|p1a: Dragonite|Ice Spinner|p2a: Zapdos\n|-supereffective|p2a: Zapdos\n|-damage|p2a: Zapdos|0 fnt\n|faint|p2a: Zapdos\n|\n|upkeep\n|\n|t:|1700071863\n|switch|p2a: Dragapult|Dragapult, F, tera:Ghost|59\/100\n|turn|42\n|\n|t:|1700071867\n|switch|p1a: Ting-Lu|Ting-Lu|54\/100\n|-ability|p1a: Ting-Lu|Vessel of Ruin\n|move|p2a: Dragapult|Shadow Ball|p1a: Ting-Lu\n|-resisted|p1a: Ting-Lu\n|-damage|p1a: Ting-Lu|40\/100\n|\n|-heal|p1a: Ting-Lu|46\/100|[from] item: Leftovers\n|upkeep\n|turn|43\n|inactive|Zkeem11 has 60 seconds left.\n|\n|t:|1700071886\n|switch|p2a: Great Tusk|Great Tusk|28\/100\n|move|p1a: Ting-Lu|Stealth Rock|p2a: Great Tusk\n|-sidestart|p2: meliaudass|move: Stealth Rock\n|\n|-heal|p2a: Great Tusk|34\/100|[from] item: Leftovers\n|-heal|p1a: Ting-Lu|52\/100|[from] item: Leftovers\n|upkeep\n|turn|44\n|inactive|Zkeem11 has 60 seconds left.\n|\n|t:|1700071899\n|switch|p1a: Sneasler|Sneasler, F|95\/100\n|-item|p1a: Sneasler|Air Balloon\n|move|p2a: Great Tusk|Knock Off|p1a: Sneasler\n|-resisted|p1a: Sneasler\n|-damage|p1a: Sneasler|69\/100\n|-enditem|p1a: Sneasler|Air Balloon\n|\n|-heal|p2a: Great Tusk|40\/100|[from] item: Leftovers\n|upkeep\n|turn|45\n|inactive|Zkeem11 has 60 seconds left.\n|\n|t:|1700071910\n|move|p1a: Sneasler|Acrobatics|p2a: Great Tusk\n|-supereffective|p2a: Great Tusk\n|-damage|p2a: Great Tusk|0 fnt\n|faint|p2a: Great Tusk\n|-end|p2a: Great Tusk|Protosynthesis|[silent]\n|\n|upkeep\n|\n|t:|1700071913\n|switch|p2a: Kingambit|Kingambit, F|94\/100\n|-damage|p2a: Kingambit|88\/100|[from] Stealth Rock\n|-activate|p2a: Kingambit|ability: Supreme Overlord\n|-start|p2a: Kingambit|fallen4|[silent]\n|turn|46\n|\n|t:|1700071919\n|move|p1a: Sneasler|Close Combat|p2a: Kingambit\n|-supereffective|p2a: Kingambit\n|-damage|p2a: Kingambit|0 fnt\n|-unboost|p1a: Sneasler|def|1\n|-unboost|p1a: Sneasler|spd|1\n|faint|p2a: Kingambit\n|-end|p2a: Kingambit|fallen4|[silent]\n|\n|upkeep\n|\n|t:|1700071923\n|switch|p2a: Dragapult|Dragapult, F, tera:Ghost|59\/100\n|-damage|p2a: Dragapult|47\/100|[from] Stealth Rock\n|turn|47\n|\n|t:|1700071936\n|move|p1a: Sneasler|Gunk Shot|p2a: Dragapult\n|-resisted|p2a: Dragapult\n|-damage|p2a: Dragapult|4\/100\n|move|p2a: Dragapult|Shadow Ball|p1a: Sneasler\n|-damage|p1a: Sneasler|0 fnt\n|faint|p1a: Sneasler\n|\n|upkeep\n|\n|t:|1700071946\n|switch|p1a: Ting-Lu|Ting-Lu|52\/100\n|-ability|p1a: Ting-Lu|Vessel of Ruin\n|turn|48\n|\n|t:|1700071954\n|move|p2a: Dragapult|Shadow Ball|p1a: Ting-Lu\n|-resisted|p1a: Ting-Lu\n|-damage|p1a: Ting-Lu|37\/100\n|move|p1a: Ting-Lu|Earthquake|p2a: Dragapult\n|-damage|p2a: Dragapult|0 fnt\n|faint|p2a: Dragapult\n|\n|win|Zkeem11\n|raw|Zkeem11's rating: 1445 &rarr; <strong>1464<\/strong><br \/>(+19 for winning)\n|raw|meliaudass's rating: 1432 &rarr; <strong>1413<\/strong><br \/>(-19 for losing)\n","uploadtime":1700071964,"views":9,"p1id":"zkeem11","p2id":"meliaudass","formatid":"gen9ou","rating":1413,"private":0,"password":""}