{"id":"gen9ou-1989253978","p1":"TheRobotYoshi","p2":"xxxlaniusxxx","format":"[Gen 9] OU","log":"|j|\u2606TheRobotYoshi\n|j|\u2606xxxlaniusxxx\n|t:|1699828422\n|gametype|singles\n|player|p1|TheRobotYoshi|emmet|1222\n|player|p2|xxxlaniusxxx|cynthia-gen4|1307\n|teamsize|p1|6\n|teamsize|p2|6\n|gen|9\n|tier|[Gen 9] OU\n|rated|\n|rule|Sleep Clause Mod: Limit one foe put to sleep\n|rule|Species Clause: Limit one of each Pok\u00e9mon\n|rule|OHKO Clause: OHKO moves are banned\n|rule|Evasion Items Clause: Evasion items are banned\n|rule|Evasion Moves Clause: Evasion moves are banned\n|rule|Endless Battle Clause: Forcing endless battles is banned\n|rule|HP Percentage Mod: HP is shown in percentages\n|clearpoke\n|poke|p1|Maushold|\n|poke|p1|Rillaboom, M|\n|poke|p1|Great Tusk|\n|poke|p1|Heatran, F|\n|poke|p1|Enamorus, F|\n|poke|p1|Kingambit, F|\n|poke|p2|Jirachi|\n|poke|p2|Vaporeon, F|\n|poke|p2|Weezing-Galar, F|\n|poke|p2|Mamoswine, F|\n|poke|p2|Zoroark-Hisui, M|\n|poke|p2|Chesnaught, M|\n|teampreview\n|inactive|Battle timer is ON: inactive players will automatically lose when time's up. (requested by TheRobotYoshi)\n|inactive|TheRobotYoshi has 120 seconds left.\n|\n|t:|1699828456\n|start\n|switch|p1a: Heatran|Heatran, F, shiny|100\/100\n|switch|p2a: Musashi Miyamoto|Mamoswine, F|100\/100\n|turn|1\n|inactive|xxxlaniusxxx has 120 seconds left.\n|\n|t:|1699828510\n|switch|p1a: Rillaboom|Rillaboom, M, shiny|100\/100\n|-fieldstart|move: Grassy Terrain|[from] ability: Grassy Surge|[of] p1a: Rillaboom\n|move|p2a: Musashi Miyamoto|Earthquake|p1a: Rillaboom\n|-resisted|p1a: Rillaboom\n|-damage|p1a: Rillaboom|86\/100\n|\n|-heal|p1a: Rillaboom|93\/100|[from] Grassy Terrain\n|upkeep\n|turn|2\n|\n|t:|1699828531\n|-terastallize|p2a: Musashi Miyamoto|Grass\n|move|p1a: Rillaboom|Wood Hammer|p2a: Musashi Miyamoto\n|-resisted|p2a: Musashi Miyamoto\n|-damage|p2a: Musashi Miyamoto|38\/100\n|-damage|p1a: Rillaboom|69\/100|[from] Recoil\n|move|p2a: Musashi Miyamoto|Icicle Crash|p1a: Rillaboom\n|-supereffective|p1a: Rillaboom\n|-damage|p1a: Rillaboom|0 fnt\n|faint|p1a: Rillaboom\n|\n|-heal|p2a: Musashi Miyamoto|45\/100|[from] Grassy Terrain\n|upkeep\n|inactive|TheRobotYoshi has 120 seconds left.\n|\n|t:|1699828563\n|switch|p1a: Enamorus|Enamorus, F, shiny|100\/100\n|turn|3\n|\n|t:|1699828587\n|switch|p2a: Toyotomi Hideyoshi|Jirachi|100\/100\n|move|p1a: Enamorus|Moonblast|p2a: Toyotomi Hideyoshi\n|-resisted|p2a: Toyotomi Hideyoshi\n|-damage|p2a: Toyotomi Hideyoshi|85\/100\n|\n|-heal|p2a: Toyotomi Hideyoshi|91\/100|[from] Grassy Terrain\n|-heal|p2a: Toyotomi Hideyoshi|97\/100|[from] item: Leftovers\n|upkeep\n|turn|4\n|inactive|TheRobotYoshi has 120 seconds left.\n|\n|t:|1699828602\n|switch|p1a: Heatran|Heatran, F, shiny|100\/100\n|move|p2a: Toyotomi Hideyoshi|Stealth Rock|p1a: Heatran\n|-sidestart|p1: TheRobotYoshi|move: Stealth Rock\n|\n|-heal|p2a: Toyotomi Hideyoshi|100\/100|[from] Grassy Terrain\n|upkeep\n|turn|5\n|inactive|xxxlaniusxxx has 90 seconds left.\n|\n|t:|1699828624\n|switch|p2a: Uesugi Kenshin|Vaporeon, F|100\/100\n|move|p1a: Heatran|Magma Storm|p2a: Uesugi Kenshin|[miss]\n|-miss|p1a: Heatran|p2a: Uesugi Kenshin\n|\n|-fieldend|move: Grassy Terrain\n|upkeep\n|turn|6\n|inactive|xxxlaniusxxx has 90 seconds left.\n|\n|t:|1699828634\n|switch|p1a: Enamorus|Enamorus, F, shiny|100\/100\n|-damage|p1a: Enamorus|76\/100|[from] Stealth Rock\n|move|p2a: Uesugi Kenshin|Wish|p2a: Uesugi Kenshin\n|\n|upkeep\n|turn|7\n|inactive|xxxlaniusxxx has 90 seconds left.\n|\n|t:|1699828654\n|move|p1a: Enamorus|Earth Power|p2a: Uesugi Kenshin\n|-damage|p2a: Uesugi Kenshin|84\/100\n|move|p2a: Uesugi Kenshin|Flip Turn|p1a: Enamorus\n|-damage|p1a: Enamorus|55\/100\n|\n|t:|1699828660\n|switch|p2a: Musashi Miyamoto|Mamoswine, F, tera:Grass|45\/100|[from] Flip Turn\n|\n|-heal|p2a: Musashi Miyamoto|100\/100|[from] move: Wish|[wisher] Uesugi Kenshin\n|upkeep\n|turn|8\n|\n|t:|1699828690\n|switch|p1a: Heatran|Heatran, F, shiny|100\/100\n|-damage|p1a: Heatran|88\/100|[from] Stealth Rock\n|move|p2a: Musashi Miyamoto|Ice Shard|p1a: Heatran\n|-resisted|p1a: Heatran\n|-crit|p1a: Heatran\n|-damage|p1a: Heatran|82\/100\n|\n|-heal|p1a: Heatran|88\/100|[from] item: Leftovers\n|upkeep\n|turn|9\n|\n|t:|1699828701\n|-terastallize|p1a: Heatran|Grass\n|move|p1a: Heatran|Magma Storm|p2a: Musashi Miyamoto|[miss]\n|-miss|p1a: Heatran|p2a: Musashi Miyamoto\n|move|p2a: Musashi Miyamoto|Earthquake|p1a: Heatran\n|-resisted|p1a: Heatran\n|-damage|p1a: Heatran|66\/100\n|\n|-heal|p1a: Heatran|72\/100|[from] item: Leftovers\n|upkeep\n|turn|10\n|\n|t:|1699828714\n|move|p1a: Heatran|Magma Storm|p2a: Musashi Miyamoto\n|-supereffective|p2a: Musashi Miyamoto\n|-damage|p2a: Musashi Miyamoto|74\/100\n|-activate|p2a: Musashi Miyamoto|move: Magma Storm|[of] p1a: Heatran\n|move|p2a: Musashi Miyamoto|Icicle Crash|p1a: Heatran\n|-supereffective|p1a: Heatran\n|-crit|p1a: Heatran\n|-damage|p1a: Heatran|0 fnt\n|faint|p1a: Heatran\n|\n|-end|p2a: Musashi Miyamoto|Magma Storm|[partiallytrapped]|[silent]\n|upkeep\n|c|\u2606TheRobotYoshi|This game sucks so much ass\n|n|\u203dTheRobotYoshi|therobotyoshi\n|c|&|\/log TheRobotYoshi was locked from talking by Artemis. (\u2606TheRobotYoshi:   sucks so much ass)\n|c|&|\/raw <small>This action was done automatically. Want to learn more about the AI? <a href=\"https:\/\/www.smogon.com\/forums\/threads\/3570628\/#post-9056769\">Visit the information thread<\/a>.<\/small>\n|inactive|TheRobotYoshi has 120 seconds left.\n|inactive|TheRobotYoshi has 90 seconds left.\n|-message|TheRobotYoshi forfeited.\n|\n|win|xxxlaniusxxx\n|raw|TheRobotYoshi's rating: 1222 &rarr; <strong>1203<\/strong><br \/>(-19 for losing)\n|raw|xxxlaniusxxx's rating: 1307 &rarr; <strong>1322<\/strong><br \/>(+15 for winning)\n|l|\u203dTheRobotYoshi\n","uploadtime":1699828726,"views":10,"p1id":"therobotyoshi","p2id":"xxxlaniusxxx","formatid":"gen9ou","rating":1203,"private":0,"password":""}