{"id":"gen9ou-1996584299","p1":"Ladder Gangy","p2":"FlorgeGloyd","format":"[Gen 9] OU","log":"|j|\u2606Ladder Gangy\n|j|\u2606FlorgeGloyd\n|t:|1700697151\n|gametype|singles\n|player|p1|Ladder Gangy|picnicker|1000\n|player|p2|FlorgeGloyd|marshal|1000\n|teamsize|p1|6\n|teamsize|p2|6\n|gen|9\n|tier|[Gen 9] OU\n|rated|\n|rule|Sleep Clause Mod: Limit one foe put to sleep\n|rule|Species Clause: Limit one of each Pok\u00e9mon\n|rule|OHKO Clause: OHKO moves are banned\n|rule|Evasion Items Clause: Evasion items are banned\n|rule|Evasion Moves Clause: Evasion moves are banned\n|rule|Endless Battle Clause: Forcing endless battles is banned\n|rule|HP Percentage Mod: HP is shown in percentages\n|clearpoke\n|poke|p1|Landorus-Therian, M|\n|poke|p1|Heatran, F|\n|poke|p1|Clefable, F|\n|poke|p1|Dondozo, M|\n|poke|p1|Corviknight, M|\n|poke|p1|Toxapex, M|\n|poke|p2|Passimian, M|\n|poke|p2|Primeape, F|\n|poke|p2|Munkidori, M|\n|poke|p2|Zarude|\n|poke|p2|Rillaboom, M|\n|poke|p2|Okidogi, M|\n|teampreview\n|inactive|Battle timer is ON: inactive players will automatically lose when time's up. (requested by FlorgeGloyd)\n|inactive|Ladder Gangy has 120 seconds left.\n|n|\u2606FlorgeGloyd|florgegloyd\n|c|\u2606FlorgeGloyd|8==D\n|inactive|Ladder Gangy has 90 seconds left.\n|\n|t:|1700697239\n|start\n|switch|p1a: Clefable|Clefable, F|100\/100\n|switch|p2a: TheRiggerNapist|Okidogi, M|100\/100\n|turn|1\n|\n|t:|1700697263\n|switch|p2a: Stoned Nikka|Munkidori, M|100\/100\n|switch|p1a: Corviknight|Corviknight, M|100\/100\n|-ability|p1a: Corviknight|Pressure\n|\n|upkeep\n|turn|2\n|\n|t:|1700697271\n|move|p2a: Stoned Nikka|Fake Out|p1a: Corviknight\n|-resisted|p1a: Corviknight\n|-damage|p1a: Corviknight|98\/100\n|cant|p1a: Corviknight|flinch\n|\n|-heal|p1a: Corviknight|100\/100|[from] item: Leftovers\n|upkeep\n|turn|3\n|\n|t:|1700697289\n|switch|p2a: Super Jiggaboo|Zarude|100\/100\n|move|p1a: Corviknight|Agility|p1a: Corviknight\n|-boost|p1a: Corviknight|spe|2\n|\n|upkeep\n|turn|4\n|\n|t:|1700697296\n|-terastallize|p2a: Super Jiggaboo|Fire\n|move|p1a: Corviknight|Bulk Up|p1a: Corviknight\n|-boost|p1a: Corviknight|atk|1\n|-boost|p1a: Corviknight|def|1\n|move|p2a: Super Jiggaboo|Bulk Up|p2a: Super Jiggaboo\n|-boost|p2a: Super Jiggaboo|atk|1\n|-boost|p2a: Super Jiggaboo|def|1\n|\n|upkeep\n|turn|5\n|\n|t:|1700697305\n|move|p1a: Corviknight|Bulk Up|p1a: Corviknight\n|-boost|p1a: Corviknight|atk|1\n|-boost|p1a: Corviknight|def|1\n|move|p2a: Super Jiggaboo|Tera Blast|p1a: Corviknight|[anim] Tera Blast Fire\n|-supereffective|p1a: Corviknight\n|-damage|p1a: Corviknight|50\/100\n|\n|-heal|p1a: Corviknight|56\/100|[from] item: Leftovers\n|upkeep\n|turn|6\n|\n|t:|1700697314\n|move|p1a: Corviknight|Bulk Up|p1a: Corviknight\n|-boost|p1a: Corviknight|atk|1\n|-boost|p1a: Corviknight|def|1\n|move|p2a: Super Jiggaboo|Bulk Up|p2a: Super Jiggaboo\n|-boost|p2a: Super Jiggaboo|atk|1\n|-boost|p2a: Super Jiggaboo|def|1\n|\n|-heal|p1a: Corviknight|62\/100|[from] item: Leftovers\n|upkeep\n|turn|7\n|\n|t:|1700697322\n|move|p1a: Corviknight|Bulk Up|p1a: Corviknight\n|-boost|p1a: Corviknight|atk|1\n|-boost|p1a: Corviknight|def|1\n|move|p2a: Super Jiggaboo|Tera Blast|p1a: Corviknight|[anim] Tera Blast Fire\n|-supereffective|p1a: Corviknight\n|-damage|p1a: Corviknight|20\/100\n|\n|-heal|p1a: Corviknight|26\/100|[from] item: Leftovers\n|upkeep\n|turn|8\n|\n|t:|1700697330\n|move|p1a: Corviknight|Roost|p1a: Corviknight\n|-heal|p1a: Corviknight|76\/100\n|-singleturn|p1a: Corviknight|move: Roost\n|move|p2a: Super Jiggaboo|Tera Blast|p1a: Corviknight|[anim] Tera Blast Fire\n|-supereffective|p1a: Corviknight\n|-damage|p1a: Corviknight|32\/100\n|\n|-heal|p1a: Corviknight|38\/100|[from] item: Leftovers\n|upkeep\n|turn|9\n|j|%Michael Bisping\n|\n|t:|1700697339\n|move|p1a: Corviknight|Roost|p1a: Corviknight\n|-heal|p1a: Corviknight|88\/100\n|-singleturn|p1a: Corviknight|move: Roost\n|move|p2a: Super Jiggaboo|Bulk Up|p2a: Super Jiggaboo\n|-boost|p2a: Super Jiggaboo|atk|1\n|-boost|p2a: Super Jiggaboo|def|1\n|\n|-heal|p1a: Corviknight|94\/100|[from] item: Leftovers\n|upkeep\n|turn|10\n|l|%Michael Bisping\n|\n|t:|1700697347\n|move|p1a: Corviknight|Bulk Up|p1a: Corviknight\n|-boost|p1a: Corviknight|atk|1\n|-boost|p1a: Corviknight|def|1\n|move|p2a: Super Jiggaboo|Tera Blast|p1a: Corviknight|[anim] Tera Blast Fire\n|-supereffective|p1a: Corviknight\n|-damage|p1a: Corviknight|51\/100\n|\n|-heal|p1a: Corviknight|57\/100|[from] item: Leftovers\n|upkeep\n|turn|11\n|\n|t:|1700697367\n|move|p1a: Corviknight|Bulk Up|p1a: Corviknight\n|-boost|p1a: Corviknight|atk|1\n|-boost|p1a: Corviknight|def|1\n|move|p2a: Super Jiggaboo|Bulk Up|p2a: Super Jiggaboo\n|-boost|p2a: Super Jiggaboo|atk|1\n|-boost|p2a: Super Jiggaboo|def|1\n|\n|-heal|p1a: Corviknight|63\/100|[from] item: Leftovers\n|upkeep\n|turn|12\n|\n|t:|1700697376\n|move|p1a: Corviknight|Agility|p1a: Corviknight\n|-boost|p1a: Corviknight|spe|2\n|move|p2a: Super Jiggaboo|Bulk Up|p2a: Super Jiggaboo\n|-boost|p2a: Super Jiggaboo|atk|1\n|-boost|p2a: Super Jiggaboo|def|1\n|\n|-heal|p1a: Corviknight|69\/100|[from] item: Leftovers\n|upkeep\n|turn|13\n|\n|t:|1700697384\n|-terastallize|p1a: Corviknight|Dark\n|move|p1a: Corviknight|Power Trip|p2a: Super Jiggaboo\n|-damage|p2a: Super Jiggaboo|0 fnt\n|faint|p2a: Super Jiggaboo\n|\n|-heal|p1a: Corviknight|75\/100|[from] item: Leftovers\n|upkeep\n|c|\u2606FlorgeGloyd|ruh roh\n|\n|t:|1700697407\n|switch|p2a: Angry Neggar|Primeape, F, shiny|100\/100\n|turn|14\n|\n|t:|1700697411\n|move|p1a: Corviknight|Power Trip|p2a: Angry Neggar\n|-resisted|p2a: Angry Neggar\n|-damage|p2a: Angry Neggar|0 fnt\n|faint|p2a: Angry Neggar\n|\n|-heal|p1a: Corviknight|81\/100|[from] item: Leftovers\n|upkeep\n|\n|t:|1700697417\n|switch|p2a: Jiggaboo|Passimian, M|100\/100\n|turn|15\n|\n|t:|1700697420\n|move|p1a: Corviknight|Power Trip|p2a: Jiggaboo\n|-resisted|p2a: Jiggaboo\n|-damage|p2a: Jiggaboo|0 fnt\n|faint|p2a: Jiggaboo\n|\n|-heal|p1a: Corviknight|87\/100|[from] item: Leftovers\n|upkeep\n|\n|t:|1700697427\n|switch|p2a: Drum Beating Nikka|Rillaboom, M, shiny|100\/100\n|-fieldstart|move: Grassy Terrain|[from] ability: Grassy Surge|[of] p2a: Drum Beating Nikka\n|turn|16\n|inactive|Ladder Gangy has 120 seconds left.\n|inactive|Ladder Gangy has 90 seconds left.\n|\n|t:|1700697509\n|move|p2a: Drum Beating Nikka|Grassy Glide|p1a: Corviknight\n|-damage|p1a: Corviknight|79\/100\n|move|p1a: Corviknight|Power Trip|p2a: Drum Beating Nikka\n|-damage|p2a: Drum Beating Nikka|0 fnt\n|faint|p2a: Drum Beating Nikka\n|\n|-heal|p1a: Corviknight|85\/100|[from] Grassy Terrain\n|-heal|p1a: Corviknight|91\/100|[from] item: Leftovers\n|upkeep\n|\n|t:|1700697518\n|switch|p2a: TheRiggerNapist|Okidogi, M|100\/100\n|turn|17\n|\n|t:|1700697528\n|move|p1a: Corviknight|Power Trip|p2a: TheRiggerNapist\n|-resisted|p2a: TheRiggerNapist\n|-damage|p2a: TheRiggerNapist|0 fnt\n|faint|p2a: TheRiggerNapist\n|\n|-heal|p1a: Corviknight|97\/100|[from] Grassy Terrain\n|-heal|p1a: Corviknight|100\/100|[from] item: Leftovers\n|upkeep\n|\n|t:|1700697536\n|switch|p2a: Stoned Nikka|Munkidori, M|100\/100\n|turn|18\n|\n|t:|1700697539\n|move|p1a: Corviknight|Power Trip|p2a: Stoned Nikka\n|-supereffective|p2a: Stoned Nikka\n|-enditem|p2a: Stoned Nikka|Focus Sash\n|-damage|p2a: Stoned Nikka|1\/100\n|move|p2a: Stoned Nikka|Shadow Ball|p1a: Corviknight\n|-resisted|p1a: Corviknight\n|-crit|p1a: Corviknight\n|-damage|p1a: Corviknight|87\/100\n|-status|p1a: Corviknight|tox|[from] ability: Toxic Chain|[of] p2a: Stoned Nikka\n|\n|-heal|p1a: Corviknight|93\/100 tox|[from] Grassy Terrain\n|-heal|p1a: Corviknight|99\/100 tox|[from] item: Leftovers\n|-heal|p2a: Stoned Nikka|7\/100|[from] Grassy Terrain\n|-damage|p1a: Corviknight|93\/100 tox|[from] psn\n|upkeep\n|turn|19\n|\n|t:|1700697555\n|move|p1a: Corviknight|Power Trip|p2a: Stoned Nikka\n|-supereffective|p2a: Stoned Nikka\n|-damage|p2a: Stoned Nikka|0 fnt\n|faint|p2a: Stoned Nikka\n|\n|win|Ladder Gangy\n|raw|Ladder Gangy's rating: 1000 &rarr; <strong>1040<\/strong><br \/>(+40 for winning)\n|raw|FlorgeGloyd's rating: 1000 &rarr; <strong>1000<\/strong><br \/>(+0 for losing)\n","uploadtime":1700697221,"views":18,"p1id":"laddergangy","p2id":"florgegloyd","formatid":"gen9ou","rating":1000,"private":0,"password":""}