{"id":"gen9ou-1990563534","p1":"GrapeLemon","p2":"dddddannyboy","format":"[Gen 9] OU","log":"|j|\u2606GrapeLemon\n|j|\u203ddddddannyboy\n|t:|1699981743\n|gametype|singles\n|player|p1|GrapeLemon|crasherwake|1197\n|player|p2|dddddannyboy|cynthia|1228\n|teamsize|p1|6\n|teamsize|p2|6\n|gen|9\n|tier|[Gen 9] OU\n|rated|\n|rule|Sleep Clause Mod: Limit one foe put to sleep\n|rule|Species Clause: Limit one of each Pok\u00e9mon\n|rule|OHKO Clause: OHKO moves are banned\n|rule|Evasion Items Clause: Evasion items are banned\n|rule|Evasion Moves Clause: Evasion moves are banned\n|rule|Endless Battle Clause: Forcing endless battles is banned\n|rule|HP Percentage Mod: HP is shown in percentages\n|clearpoke\n|poke|p1|Garchomp, M|\n|poke|p1|Cinderace, M|\n|poke|p1|Kingambit, M|\n|poke|p1|Gholdengo|\n|poke|p1|Zapdos|\n|poke|p1|Samurott-Hisui, M|\n|poke|p2|Ribombee, F|\n|poke|p2|Gholdengo|\n|poke|p2|Manaphy|\n|poke|p2|Great Tusk|\n|poke|p2|Kingambit, F|\n|poke|p2|Iron Moth|\n|teampreview\n|\n|t:|1699981747\n|start\n|switch|p1a: Gholdengo|Gholdengo|100\/100\n|switch|p2a: Ribombee|Ribombee, F|100\/100\n|turn|1\n|\n|t:|1699981762\n|move|p1a: Gholdengo|Make It Rain|p2a: Ribombee\n|-supereffective|p2a: Ribombee\n|-enditem|p2a: Ribombee|Focus Sash\n|-damage|p2a: Ribombee|1\/100\n|-unboost|p1a: Gholdengo|spa|1\n|move|p2a: Ribombee|Sticky Web|p1a: Gholdengo\n|-sidestart|p1: GrapeLemon|move: Sticky Web\n|\n|upkeep\n|turn|2\n|inactive|Battle timer is ON: inactive players will automatically lose when time's up. (requested by GrapeLemon)\n|\n|t:|1699981769\n|move|p1a: Gholdengo|Make It Rain|p2a: Ribombee\n|-supereffective|p2a: Ribombee\n|-damage|p2a: Ribombee|0 fnt\n|-unboost|p1a: Gholdengo|spa|1\n|faint|p2a: Ribombee\n|\n|upkeep\n|\n|t:|1699981778\n|switch|p2a: Great Tusk|Great Tusk|100\/100\n|turn|3\n|\n|t:|1699981782\n|switch|p1a: Zapdos|Zapdos|100\/100\n|move|p2a: Great Tusk|Bulk Up|p2a: Great Tusk\n|-boost|p2a: Great Tusk|atk|1\n|-boost|p2a: Great Tusk|def|1\n|\n|upkeep\n|turn|4\n|\n|t:|1699981797\n|-end|p2a: Great Tusk|Protosynthesis|[silent]\n|switch|p2a: Iron Moth|Iron Moth|100\/100\n|-enditem|p2a: Iron Moth|Booster Energy\n|-activate|p2a: Iron Moth|ability: Quark Drive|[fromitem]\n|-start|p2a: Iron Moth|quarkdrivespe\n|move|p1a: Zapdos|Hurricane|p2a: Iron Moth\n|-damage|p2a: Iron Moth|51\/100\n|\n|upkeep\n|turn|5\n|\n|t:|1699981800\n|move|p2a: Iron Moth|Fiery Dance|p1a: Zapdos\n|-damage|p1a: Zapdos|78\/100\n|move|p1a: Zapdos|Hurricane|p2a: Iron Moth\n|-damage|p2a: Iron Moth|6\/100\n|\n|upkeep\n|turn|6\n|\n|t:|1699981806\n|move|p2a: Iron Moth|Fiery Dance|p1a: Zapdos\n|-damage|p1a: Zapdos|55\/100\n|move|p1a: Zapdos|Discharge|p2a: Iron Moth\n|-damage|p2a: Iron Moth|0 fnt\n|faint|p2a: Iron Moth\n|-end|p2a: Iron Moth|Quark Drive|[silent]\n|\n|upkeep\n|\n|t:|1699981814\n|switch|p2a: Gholdengo|Gholdengo|100\/100\n|-item|p2a: Gholdengo|Air Balloon\n|turn|7\n|\n|t:|1699981818\n|move|p2a: Gholdengo|Psyshock|p1a: Zapdos\n|-damage|p1a: Zapdos|35\/100\n|move|p1a: Zapdos|Volt Switch|p2a: Gholdengo\n|-damage|p2a: Gholdengo|67\/100\n|-enditem|p2a: Gholdengo|Air Balloon\n|\n|t:|1699981823\n|switch|p1a: Cinderace|Cinderace, M|100\/100|[from] Volt Switch\n|\n|upkeep\n|turn|8\n|inactive|dddddannyboy has 120 seconds left.\n|\n|t:|1699981864\n|move|p1a: Cinderace|Court Change|p1a: Cinderace\n|-start|p1a: Cinderace|typechange|Normal|[from] ability: Libero\n|-swapsideconditions\n|-activate|p1a: Cinderace|move: Court Change\n|move|p2a: Gholdengo|Nasty Plot|p2a: Gholdengo\n|-boost|p2a: Gholdengo|spa|2\n|\n|upkeep\n|turn|9\n|\n|t:|1699981869\n|move|p1a: Cinderace|Pyro Ball|p2a: Gholdengo\n|-supereffective|p2a: Gholdengo\n|-damage|p2a: Gholdengo|0 fnt\n|faint|p2a: Gholdengo\n|\n|upkeep\n|inactive|dddddannyboy has 120 seconds left.\n|\n|t:|1699981899\n|switch|p2a: Great Tusk|Great Tusk|100\/100\n|-activate|p2a: Great Tusk|move: Sticky Web\n|-unboost|p2a: Great Tusk|spe|1\n|turn|10\n|\n|t:|1699981923\n|switch|p1a: Garchomp|Garchomp, M|100\/100\n|move|p2a: Great Tusk|Earthquake|p1a: Garchomp\n|-damage|p1a: Garchomp|65\/100\n|\n|-heal|p1a: Garchomp|71\/100|[from] item: Leftovers\n|upkeep\n|turn|11\n|\n|t:|1699981934\n|move|p1a: Garchomp|Swords Dance|p1a: Garchomp\n|-boost|p1a: Garchomp|atk|2\n|move|p2a: Great Tusk|Rapid Spin|p1a: Garchomp\n|-damage|p1a: Garchomp|60\/100\n|-boost|p2a: Great Tusk|spe|1\n|-damage|p2a: Great Tusk|88\/100|[from] ability: Rough Skin|[of] p1a: Garchomp\n|-sideend|p2: dddddannyboy|Sticky Web|[from] move: Rapid Spin|[of] p2a: Great Tusk\n|\n|-heal|p2a: Great Tusk|94\/100|[from] item: Leftovers\n|-heal|p1a: Garchomp|66\/100|[from] item: Leftovers\n|upkeep\n|turn|12\n|\n|t:|1699981944\n|move|p2a: Great Tusk|Earthquake|p1a: Garchomp\n|-damage|p1a: Garchomp|31\/100\n|move|p1a: Garchomp|Swords Dance|p1a: Garchomp\n|-boost|p1a: Garchomp|atk|2\n|\n|-heal|p2a: Great Tusk|100\/100|[from] item: Leftovers\n|-heal|p1a: Garchomp|37\/100|[from] item: Leftovers\n|upkeep\n|turn|13\n|inactive|dddddannyboy has 90 seconds left.\n|\n|t:|1699981988\n|move|p2a: Great Tusk|Earthquake|p1a: Garchomp\n|-damage|p1a: Garchomp|0 fnt\n|faint|p1a: Garchomp\n|\n|upkeep\n|c|\u2606GrapeLemon|:(\n|\n|t:|1699981999\n|switch|p1a: Samurott|Samurott-Hisui, M|100\/100\n|turn|14\n|inactive|dddddannyboy has 60 seconds left.\n|\n|t:|1699982045\n|-terastallize|p2a: Great Tusk|Electric\n|move|p1a: Samurott|Aqua Cutter|p2a: Great Tusk\n|-damage|p2a: Great Tusk|66\/100\n|move|p2a: Great Tusk|Close Combat|p1a: Samurott\n|-supereffective|p1a: Samurott\n|-damage|p1a: Samurott|0 fnt\n|-unboost|p2a: Great Tusk|def|1\n|-unboost|p2a: Great Tusk|spd|1\n|faint|p1a: Samurott\n|\n|-heal|p2a: Great Tusk|72\/100|[from] item: Leftovers\n|upkeep\n|\n|t:|1699982056\n|switch|p1a: Gholdengo|Gholdengo|100\/100\n|turn|15\n|\n|t:|1699982072\n|move|p1a: Gholdengo|Shadow Ball|p2a: Great Tusk\n|-damage|p2a: Great Tusk|0 fnt\n|faint|p2a: Great Tusk\n|-end|p2a: Great Tusk|Protosynthesis|[silent]\n|\n|upkeep\n|\n|t:|1699982077\n|switch|p2a: Kingambit|Kingambit, F|100\/100\n|-activate|p2a: Kingambit|ability: Supreme Overlord\n|-start|p2a: Kingambit|fallen4|[silent]\n|turn|16\n|\n|t:|1699982080\n|switch|p1a: Cinderace|Cinderace, M|100\/100\n|move|p2a: Kingambit|Kowtow Cleave|p1a: Cinderace\n|-damage|p1a: Cinderace|0 fnt\n|faint|p1a: Cinderace\n|\n|upkeep\n|\n|t:|1699982086\n|switch|p1a: Gholdengo|Gholdengo|100\/100\n|turn|17\n|\n|t:|1699982092\n|-terastallize|p1a: Gholdengo|Bug\n|move|p1a: Gholdengo|Focus Blast|p2a: Kingambit\n|-supereffective|p2a: Kingambit\n|-damage|p2a: Kingambit|0 fnt\n|faint|p2a: Kingambit\n|-end|p2a: Kingambit|fallen4|[silent]\n|\n|upkeep\n|\n|t:|1699982096\n|switch|p2a: Manaphy|Manaphy|100\/100\n|turn|18\n|\n|t:|1699982100\n|move|p1a: Gholdengo|Focus Blast|p2a: Manaphy\n|-damage|p2a: Manaphy|64\/100\n|move|p2a: Manaphy|Take Heart|p2a: Manaphy\n|-boost|p2a: Manaphy|spa|1\n|-boost|p2a: Manaphy|spd|1\n|\n|-heal|p2a: Manaphy|70\/100|[from] item: Leftovers\n|upkeep\n|turn|19\n|inactive|dddddannyboy has 90 seconds left.\n|\n|t:|1699982107\n|move|p1a: Gholdengo|Focus Blast|p2a: Manaphy\n|-damage|p2a: Manaphy|48\/100\n|-unboost|p2a: Manaphy|spd|1\n|move|p2a: Manaphy|Scald|p1a: Gholdengo\n|-damage|p1a: Gholdengo|49\/100\n|-status|p1a: Gholdengo|brn\n|\n|-heal|p2a: Manaphy|55\/100|[from] item: Leftovers\n|-damage|p1a: Gholdengo|43\/100 brn|[from] brn\n|upkeep\n|turn|20\n|\n|t:|1699982113\n|move|p1a: Gholdengo|Focus Blast|p2a: Manaphy|[miss]\n|-miss|p1a: Gholdengo|p2a: Manaphy\n|move|p2a: Manaphy|Take Heart|p2a: Manaphy\n|-boost|p2a: Manaphy|spa|1\n|-boost|p2a: Manaphy|spd|1\n|\n|-heal|p2a: Manaphy|61\/100|[from] item: Leftovers\n|-damage|p1a: Gholdengo|37\/100 brn|[from] brn\n|upkeep\n|turn|21\n|\n|t:|1699982116\n|move|p1a: Gholdengo|Focus Blast|p2a: Manaphy|[miss]\n|-miss|p1a: Gholdengo|p2a: Manaphy\n|move|p2a: Manaphy|Take Heart|p2a: Manaphy\n|-boost|p2a: Manaphy|spa|1\n|-boost|p2a: Manaphy|spd|1\n|\n|-heal|p2a: Manaphy|67\/100|[from] item: Leftovers\n|-damage|p1a: Gholdengo|31\/100 brn|[from] brn\n|upkeep\n|turn|22\n|\n|t:|1699982120\n|move|p1a: Gholdengo|Focus Blast|p2a: Manaphy\n|-damage|p2a: Manaphy|47\/100\n|move|p2a: Manaphy|Acid Armor|p2a: Manaphy\n|-boost|p2a: Manaphy|def|2\n|\n|-heal|p2a: Manaphy|54\/100|[from] item: Leftovers\n|-damage|p1a: Gholdengo|25\/100 brn|[from] brn\n|upkeep\n|turn|23\n|c|\u2606GrapeLemon|:(\n|\n|t:|1699982125\n|switch|p1a: Kingambit|Kingambit, M|100\/100\n|-activate|p1a: Kingambit|ability: Supreme Overlord\n|-start|p1a: Kingambit|fallen3|[silent]\n|move|p2a: Manaphy|Scald|p1a: Kingambit\n|-damage|p1a: Kingambit|27\/100\n|-status|p1a: Kingambit|brn\n|\n|-heal|p2a: Manaphy|60\/100|[from] item: Leftovers\n|-damage|p1a: Kingambit|21\/100 brn|[from] brn\n|upkeep\n|turn|24\n|\n|t:|1699982129\n|move|p1a: Kingambit|Sucker Punch|p2a: Manaphy\n|-damage|p2a: Manaphy|48\/100\n|move|p2a: Manaphy|Scald|p1a: Kingambit\n|-damage|p1a: Kingambit|0 fnt\n|faint|p1a: Kingambit\n|-end|p1a: Kingambit|fallen3|[silent]\n|\n|-heal|p2a: Manaphy|54\/100|[from] item: Leftovers\n|upkeep\n|c|\u2606GrapeLemon|gg\n|c|\u2606GrapeLemon|fuck focus blast\n|\n|t:|1699982140\n|switch|p1a: Zapdos|Zapdos|35\/100\n|turn|25\n|\n|t:|1699982147\n|move|p2a: Manaphy|Stored Power|p1a: Zapdos\n|-damage|p1a: Zapdos|0 fnt\n|faint|p1a: Zapdos\n|\n|-heal|p2a: Manaphy|60\/100|[from] item: Leftovers\n|upkeep\n|\n|t:|1699982149\n|switch|p1a: Gholdengo|Gholdengo, tera:Bug|25\/100 brn\n|turn|26\n|\n|t:|1699982157\n|move|p1a: Gholdengo|Shadow Ball|p2a: Manaphy\n|-damage|p2a: Manaphy|42\/100\n|move|p2a: Manaphy|Scald|p1a: Gholdengo\n|-damage|p1a: Gholdengo|0 fnt\n|faint|p1a: Gholdengo\n|\n|win|dddddannyboy\n|raw|GrapeLemon's rating: 1197 &rarr; <strong>1174<\/strong><br \/>(-23 for losing)\n|raw|dddddannyboy's rating: 1228 &rarr; <strong>1251<\/strong><br \/>(+23 for winning)\n|l|\u2606GrapeLemon\n","uploadtime":1699982208,"views":15,"p1id":"grapelemon","p2id":"dddddannyboy","formatid":"gen9ou","rating":1174,"private":0,"password":""}