{"id":"gen9ou-1990939746","p1":"Hikari Petal","p2":"Jolteon743","format":"[Gen 9] OU","log":"|j|\u2606Hikari Petal\n|j|\u2606Jolteon743\n|t:|1700017489\n|gametype|singles\n|player|p1|Hikari Petal|steven|1039\n|player|p2|Jolteon743|dawn-gen4pt|1102\n|teamsize|p1|6\n|teamsize|p2|6\n|gen|9\n|tier|[Gen 9] OU\n|rated|\n|rule|Sleep Clause Mod: Limit one foe put to sleep\n|rule|Species Clause: Limit one of each Pok\u00e9mon\n|rule|OHKO Clause: OHKO moves are banned\n|rule|Evasion Items Clause: Evasion items are banned\n|rule|Evasion Moves Clause: Evasion moves are banned\n|rule|Endless Battle Clause: Forcing endless battles is banned\n|rule|HP Percentage Mod: HP is shown in percentages\n|clearpoke\n|poke|p1|Cloyster, M|\n|poke|p1|Haxorus, F|\n|poke|p1|Vikavolt, M|\n|poke|p1|Drednaw, F|\n|poke|p1|Crabominable, M|\n|poke|p1|Weavile, F|\n|poke|p2|Clodsire, M|\n|poke|p2|Blissey, F|\n|poke|p2|Dragapult, M|\n|poke|p2|Gholdengo|\n|poke|p2|Garchomp, M|\n|poke|p2|Breloom, M|\n|teampreview\n|inactive|Battle timer is ON: inactive players will automatically lose when time's up. (requested by Jolteon743)\n|\n|t:|1700017509\n|start\n|switch|p1a: Crabominable|Crabominable, M|100\/100\n|switch|p2a: tnk|Garchomp, M|100\/100\n|turn|1\n|\n|t:|1700017524\n|-terastallize|p2a: tnk|Ghost\n|move|p2a: tnk|Earthquake|p1a: Crabominable\n|-damage|p1a: Crabominable|14\/100\n|move|p1a: Crabominable|Ice Hammer|p2a: tnk\n|-damage|p2a: tnk|8\/100\n|-unboost|p1a: Crabominable|spe|1\n|-damage|p1a: Crabominable|2\/100|[from] ability: Rough Skin|[of] p2a: tnk\n|-damage|p1a: Crabominable|0 fnt|[from] item: Life Orb\n|faint|p1a: Crabominable\n|\n|upkeep\n|\n|t:|1700017538\n|switch|p1a: Frost|Weavile, F|100\/100\n|turn|2\n|inactive|Jolteon743 has 120 seconds left.\n|\n|t:|1700017573\n|switch|p2a: fran|Clodsire, M|100\/100\n|move|p1a: Frost|Ice Shard|p2a: fran\n|-supereffective|p2a: fran\n|-damage|p2a: fran|56\/100\n|\n|-heal|p2a: fran|62\/100|[from] item: Leftovers\n|upkeep\n|turn|3\n|inactive|Jolteon743 has 120 seconds left.\n|\n|t:|1700017603\n|switch|p2a: golla|Blissey, F|100\/100\n|move|p1a: Frost|Swords Dance|p1a: Frost\n|-boost|p1a: Frost|atk|2\n|\n|upkeep\n|turn|4\n|\n|t:|1700017611\n|move|p1a: Frost|Knock Off|p2a: golla\n|-damage|p2a: golla|0 fnt\n|-enditem|p2a: golla|Heavy-Duty Boots|[from] move: Knock Off|[of] p1a: Frost\n|faint|p2a: golla\n|\n|upkeep\n|\n|t:|1700017617\n|switch|p2a: matrix|Dragapult, M|100\/100\n|turn|5\n|\n|t:|1700017621\n|move|p2a: matrix|Flamethrower|p1a: Frost\n|-supereffective|p1a: Frost\n|-damage|p1a: Frost|0 fnt\n|faint|p1a: Frost\n|\n|upkeep\n|\n|t:|1700017633\n|switch|p1a: Iron-Man|Haxorus, F|100\/100\n|-ability|p1a: Iron-Man|Mold Breaker\n|turn|6\n|\n|t:|1700017643\n|switch|p2a: gabriel|Breloom, M, shiny|100\/100\n|move|p1a: Iron-Man|Outrage|p2a: gabriel\n|-damage|p2a: gabriel|25\/100\n|\n|-status|p2a: gabriel|tox|[from] item: Toxic Orb\n|upkeep\n|turn|7\n|\n|t:|1700017652\n|move|p1a: Iron-Man|Outrage|p2a: gabriel|[from]lockedmove\n|-damage|p2a: gabriel|0 fnt\n|faint|p2a: gabriel\n|\n|upkeep\n|\n|t:|1700017661\n|switch|p2a: tnk|Garchomp, M, tera:Ghost|8\/100\n|turn|8\n|inactive|Hikari Petal has 120 seconds left.\n|\n|t:|1700017696\n|move|p2a: tnk|Shadow Claw|p1a: Iron-Man\n|-damage|p1a: Iron-Man|29\/100\n|move|p1a: Iron-Man|Outrage|p2a: tnk|[from]lockedmove\n|-damage|p2a: tnk|0 fnt\n|-damage|p1a: Iron-Man|17\/100|[from] ability: Rough Skin|[of] p2a: tnk\n|faint|p2a: tnk\n|-start|p1a: Iron-Man|confusion|[fatigue]\n|\n|upkeep\n|\n|t:|1700017707\n|switch|p2a: Gholdengo|Gholdengo|100\/100\n|-item|p2a: Gholdengo|Air Balloon\n|turn|9\n|inactive|Hikari Petal has 120 seconds left.\n|c|\u2606Hikari Petal|This hands......create this....monster!\n|\n|t:|1700017743\n|move|p2a: Gholdengo|Nasty Plot|p2a: Gholdengo\n|-boost|p2a: Gholdengo|spa|2\n|-activate|p1a: Iron-Man|confusion\n|move|p1a: Iron-Man|Outrage|p2a: Gholdengo\n|-resisted|p2a: Gholdengo\n|-damage|p2a: Gholdengo|60\/100\n|-enditem|p2a: Gholdengo|Air Balloon\n|\n|upkeep\n|turn|10\n|\n|t:|1700017753\n|-activate|p1a: Iron-Man|confusion\n|move|p1a: Iron-Man|Outrage|p2a: Gholdengo|[from]lockedmove\n|-resisted|p2a: Gholdengo\n|-damage|p2a: Gholdengo|16\/100\n|move|p2a: Gholdengo|Shadow Ball|p1a: Iron-Man\n|-damage|p1a: Iron-Man|0 fnt\n|faint|p1a: Iron-Man\n|\n|upkeep\n|\n|t:|1700017764\n|switch|p1a: Thunder|Vikavolt, M, shiny|100\/100\n|turn|11\n|\n|t:|1700017769\n|move|p2a: Gholdengo|Make It Rain|p1a: Thunder\n|-resisted|p1a: Thunder\n|-damage|p1a: Thunder|4\/100\n|-unboost|p2a: Gholdengo|spa|1\n|move|p1a: Thunder|Thunderbolt|p2a: Gholdengo\n|-damage|p2a: Gholdengo|0 fnt\n|faint|p2a: Gholdengo\n|-damage|p1a: Thunder|0 fnt|[from] item: Life Orb\n|faint|p1a: Thunder\n|\n|upkeep\n|\n|t:|1700017781\n|switch|p2a: fran|Clodsire, M|62\/100\n|switch|p1a: Aqua|Drednaw, F|100\/100\n|turn|12\n|\n|t:|1700017786\n|move|p1a: Aqua|Shell Smash|p1a: Aqua\n|-unboost|p1a: Aqua|def|1\n|-unboost|p1a: Aqua|spd|1\n|-boost|p1a: Aqua|atk|2\n|-boost|p1a: Aqua|spa|2\n|-boost|p1a: Aqua|spe|2\n|-enditem|p1a: Aqua|White Herb\n|-clearnegativeboost|p1a: Aqua|[silent]\n|move|p2a: fran|Recover|p2a: fran\n|-heal|p2a: fran|100\/100\n|\n|upkeep\n|turn|13\n|\n|t:|1700017808\n|-terastallize|p1a: Aqua|Water\n|move|p1a: Aqua|Bulldoze|p2a: fran\n|-supereffective|p2a: fran\n|-damage|p2a: fran|55\/100\n|-unboost|p2a: fran|spe|1\n|move|p2a: fran|Earthquake|p1a: Aqua\n|-damage|p1a: Aqua|67\/100\n|\n|-heal|p2a: fran|61\/100|[from] item: Leftovers\n|upkeep\n|turn|14\n|\n|t:|1700017823\n|move|p1a: Aqua|Bulldoze|p2a: fran\n|-supereffective|p2a: fran\n|-damage|p2a: fran|17\/100\n|-unboost|p2a: fran|spe|1\n|move|p2a: fran|Recover|p2a: fran\n|-heal|p2a: fran|67\/100\n|\n|-heal|p2a: fran|73\/100|[from] item: Leftovers\n|upkeep\n|turn|15\n|\n|t:|1700017832\n|move|p1a: Aqua|Liquidation|p2a: fran\n|-supereffective|p2a: fran\n|-damage|p2a: fran|0 fnt\n|faint|p2a: fran\n|\n|upkeep\n|\n|t:|1700017836\n|switch|p2a: matrix|Dragapult, M|100\/100\n|turn|16\n|\n|t:|1700017846\n|move|p1a: Aqua|Stone Edge|p2a: matrix\n|-damage|p2a: matrix|0 fnt\n|faint|p2a: matrix\n|\n|win|Hikari Petal\n|raw|Hikari Petal's rating: 1039 &rarr; <strong>1079<\/strong><br \/>(+40 for winning)\n|raw|Jolteon743's rating: 1102 &rarr; <strong>1073<\/strong><br \/>(-29 for losing)\n|l|\u2606Jolteon743\n","uploadtime":1700017872,"views":13,"p1id":"hikaripetal","p2id":"jolteon743","formatid":"gen9ou","rating":1073,"private":0,"password":""}