{"id":"gen9ou-1992642238","p1":"Necrozminator","p2":"Lukesamen","format":"[Gen 9] OU","log":"|j|\u2606Necrozminator\n|j|\u2606Lukesamen\n|t:|1700219253\n|gametype|singles\n|player|p1|Necrozminator|will|1198\n|player|p2|Lukesamen|265|1194\n|teamsize|p1|6\n|teamsize|p2|6\n|gen|9\n|tier|[Gen 9] OU\n|rated|\n|rule|Sleep Clause Mod: Limit one foe put to sleep\n|rule|Species Clause: Limit one of each Pok\u00e9mon\n|rule|OHKO Clause: OHKO moves are banned\n|rule|Evasion Items Clause: Evasion items are banned\n|rule|Evasion Moves Clause: Evasion moves are banned\n|rule|Endless Battle Clause: Forcing endless battles is banned\n|rule|HP Percentage Mod: HP is shown in percentages\n|clearpoke\n|poke|p1|Salamence, M|\n|poke|p1|Lokix, F|\n|poke|p1|Iron Moth|\n|poke|p1|Great Tusk|\n|poke|p1|Gholdengo|\n|poke|p1|Ogerpon-Wellspring, F|\n|poke|p2|Clefable, M|\n|poke|p2|Kilowattrel, M|\n|poke|p2|Great Tusk|\n|poke|p2|Sinistcha|\n|poke|p2|Revavroom, F|\n|poke|p2|Umbreon, M|\n|teampreview\n|inactive|Battle timer is ON: inactive players will automatically lose when time's up. (requested by Necrozminator)\n|inactive|Lukesamen has 120 seconds left.\n|inactive|Lukesamen has 90 seconds left.\n|\n|t:|1700219318\n|start\n|switch|p1a: Great Tusk|Great Tusk|100\/100\n|switch|p2a: Kilowattrel|Kilowattrel, M|100\/100\n|turn|1\n|\n|t:|1700219338\n|-end|p1a: Great Tusk|Protosynthesis|[silent]\n|switch|p1a: Gholdengo|Gholdengo|100\/100\n|move|p2a: Kilowattrel|Air Slash|p1a: Gholdengo\n|-resisted|p1a: Gholdengo\n|-damage|p1a: Gholdengo|82\/100\n|\n|-heal|p1a: Gholdengo|88\/100|[from] item: Leftovers\n|upkeep\n|turn|2\n|\n|t:|1700219345\n|switch|p2a: Umbreon|Umbreon, M|100\/100\n|move|p1a: Gholdengo|Shadow Ball|p2a: Umbreon\n|-resisted|p2a: Umbreon\n|-damage|p2a: Umbreon|89\/100\n|-unboost|p2a: Umbreon|spd|1\n|\n|-heal|p1a: Gholdengo|94\/100|[from] item: Leftovers\n|-heal|p2a: Umbreon|95\/100|[from] item: Leftovers\n|upkeep\n|turn|3\n|\n|t:|1700219368\n|switch|p1a: Great Tusk|Great Tusk|100\/100\n|move|p2a: Umbreon|Foul Play|p1a: Great Tusk\n|-resisted|p1a: Great Tusk\n|-damage|p1a: Great Tusk|83\/100\n|\n|-heal|p1a: Great Tusk|89\/100|[from] item: Leftovers\n|-heal|p2a: Umbreon|100\/100|[from] item: Leftovers\n|upkeep\n|turn|4\n|\n|t:|1700219387\n|switch|p2a: Clefable|Clefable, M|100\/100\n|move|p1a: Great Tusk|Rapid Spin|p2a: Clefable\n|-damage|p2a: Clefable|86\/100\n|-boost|p1a: Great Tusk|spe|1\n|\n|-heal|p1a: Great Tusk|95\/100|[from] item: Leftovers\n|-heal|p2a: Clefable|92\/100|[from] item: Leftovers\n|upkeep\n|turn|5\n|\n|t:|1700219406\n|-end|p1a: Great Tusk|Protosynthesis|[silent]\n|switch|p1a: Lokix|Lokix, F|100\/100\n|move|p2a: Clefable|Moonblast|p1a: Lokix\n|-supereffective|p1a: Lokix\n|-damage|p1a: Lokix|0 fnt\n|faint|p1a: Lokix\n|\n|-heal|p2a: Clefable|98\/100|[from] item: Leftovers\n|upkeep\n|\n|t:|1700219409\n|switch|p1a: Gholdengo|Gholdengo|94\/100\n|turn|6\n|\n|t:|1700219416\n|switch|p2a: Umbreon|Umbreon, M|100\/100\n|move|p1a: Gholdengo|Make It Rain|p2a: Umbreon\n|-damage|p2a: Umbreon|70\/100\n|-unboost|p1a: Gholdengo|spa|1\n|\n|-heal|p1a: Gholdengo|99\/100|[from] item: Leftovers\n|-heal|p2a: Umbreon|76\/100|[from] item: Leftovers\n|upkeep\n|turn|7\n|\n|t:|1700219430\n|switch|p1a: Great Tusk|Great Tusk|95\/100\n|move|p2a: Umbreon|Yawn|p1a: Great Tusk\n|-start|p1a: Great Tusk|move: Yawn|[of] p2a: Umbreon\n|\n|-heal|p1a: Great Tusk|100\/100|[from] item: Leftovers\n|-heal|p2a: Umbreon|82\/100|[from] item: Leftovers\n|upkeep\n|turn|8\n|\n|t:|1700219448\n|-end|p1a: Great Tusk|Protosynthesis|[silent]\n|switch|p1a: Salamence|Salamence, M|100\/100\n|switch|p2a: Kilowattrel|Kilowattrel, M|100\/100\n|\n|upkeep\n|turn|9\n|\n|t:|1700219451\n|move|p1a: Salamence|Rock Slide|p2a: Kilowattrel\n|-supereffective|p2a: Kilowattrel\n|-damage|p2a: Kilowattrel|0 fnt\n|faint|p2a: Kilowattrel\n|-ability|p1a: Salamence|Moxie|boost\n|-boost|p1a: Salamence|atk|1\n|\n|upkeep\n|\n|t:|1700219461\n|switch|p2a: Revavroom|Revavroom, F|100\/100\n|turn|10\n|\n|t:|1700219466\n|switch|p1a: Gholdengo|Gholdengo|99\/100\n|move|p2a: Revavroom|Parting Shot|p1a: Gholdengo\n|-immune|p1a: Gholdengo|[from] ability: Good as Gold\n|\n|-heal|p1a: Gholdengo|100\/100|[from] item: Leftovers\n|upkeep\n|turn|11\n|\n|t:|1700219473\n|move|p2a: Revavroom|High Horsepower|p1a: Gholdengo\n|-supereffective|p1a: Gholdengo\n|-damage|p1a: Gholdengo|40\/100\n|move|p1a: Gholdengo|Make It Rain|p2a: Revavroom\n|-resisted|p2a: Revavroom\n|-damage|p2a: Revavroom|60\/100\n|-unboost|p1a: Gholdengo|spa|1\n|\n|-heal|p2a: Revavroom|66\/100|[from] item: Black Sludge\n|-heal|p1a: Gholdengo|46\/100|[from] item: Leftovers\n|upkeep\n|turn|12\n|\n|t:|1700219487\n|switch|p1a: Salamence|Salamence, M|100\/100\n|move|p2a: Revavroom|Parting Shot|p1a: Salamence\n|-unboost|p1a: Salamence|atk|1\n|-unboost|p1a: Salamence|spa|1\n|inactive|Lukesamen has 120 seconds left.\n|\n|t:|1700219523\n|switch|p2a: Sinistcha|Sinistcha|100\/100|[from] Parting Shot\n|\n|upkeep\n|turn|13\n|\n|t:|1700219527\n|move|p1a: Salamence|Dual Wingbeat|p2a: Sinistcha\n|-supereffective|p2a: Sinistcha\n|-damage|p2a: Sinistcha|72\/100\n|-supereffective|p2a: Sinistcha\n|-damage|p2a: Sinistcha|44\/100\n|-hitcount|p2a: Sinistcha|2\n|move|p2a: Sinistcha|Calm Mind|p2a: Sinistcha\n|-boost|p2a: Sinistcha|spa|1\n|-boost|p2a: Sinistcha|spd|1\n|\n|upkeep\n|turn|14\n|\n|t:|1700219538\n|switch|p1a: Gholdengo|Gholdengo|46\/100\n|switch|p2a: Revavroom|Revavroom, F|66\/100\n|\n|-heal|p2a: Revavroom|72\/100|[from] item: Black Sludge\n|-heal|p1a: Gholdengo|52\/100|[from] item: Leftovers\n|upkeep\n|turn|15\n|\n|t:|1700219558\n|switch|p1a: Great Tusk|Great Tusk|100\/100\n|move|p2a: Revavroom|High Horsepower|p1a: Great Tusk\n|-damage|p1a: Great Tusk|81\/100\n|\n|-heal|p2a: Revavroom|78\/100|[from] item: Black Sludge\n|-heal|p1a: Great Tusk|87\/100|[from] item: Leftovers\n|upkeep\n|turn|16\n|\n|t:|1700219567\n|switch|p2a: Sinistcha|Sinistcha|44\/100\n|move|p1a: Great Tusk|Bulk Up|p1a: Great Tusk\n|-boost|p1a: Great Tusk|atk|1\n|-boost|p1a: Great Tusk|def|1\n|\n|-heal|p1a: Great Tusk|93\/100|[from] item: Leftovers\n|upkeep\n|turn|17\n|inactive|Necrozminator has 120 seconds left.\n|\n|t:|1700219598\n|-end|p1a: Great Tusk|Protosynthesis|[silent]\n|switch|p1a: Salamence|Salamence, M|100\/100\n|move|p2a: Sinistcha|Strength Sap|p1a: Salamence\n|-unboost|p1a: Salamence|atk|1\n|-heal|p2a: Sinistcha|100\/100\n|\n|upkeep\n|turn|18\n|inactive|Necrozminator has 120 seconds left.\n|\n|t:|1700219607\n|move|p1a: Salamence|Dual Wingbeat|p2a: Sinistcha\n|-supereffective|p2a: Sinistcha\n|-damage|p2a: Sinistcha|69\/100\n|-supereffective|p2a: Sinistcha\n|-damage|p2a: Sinistcha|37\/100\n|-hitcount|p2a: Sinistcha|2\n|move|p2a: Sinistcha|Strength Sap|p1a: Salamence\n|-unboost|p1a: Salamence|atk|1\n|-heal|p2a: Sinistcha|100\/100\n|\n|upkeep\n|turn|19\n|\n|t:|1700219613\n|move|p1a: Salamence|Dual Wingbeat|p2a: Sinistcha\n|-supereffective|p2a: Sinistcha\n|-damage|p2a: Sinistcha|77\/100\n|-supereffective|p2a: Sinistcha\n|-damage|p2a: Sinistcha|53\/100\n|-hitcount|p2a: Sinistcha|2\n|move|p2a: Sinistcha|Calm Mind|p2a: Sinistcha\n|-boost|p2a: Sinistcha|spa|1\n|-boost|p2a: Sinistcha|spd|1\n|\n|upkeep\n|turn|20\n|\n|t:|1700219617\n|switch|p1a: Gholdengo|Gholdengo|52\/100\n|move|p2a: Sinistcha|Strength Sap|p1a: Gholdengo\n|-immune|p1a: Gholdengo|[from] ability: Good as Gold\n|\n|-heal|p1a: Gholdengo|58\/100|[from] item: Leftovers\n|upkeep\n|turn|21\n|\n|t:|1700219623\n|move|p1a: Gholdengo|Shadow Ball|p2a: Sinistcha\n|-supereffective|p2a: Sinistcha\n|-damage|p2a: Sinistcha|0 fnt\n|faint|p2a: Sinistcha\n|\n|-heal|p1a: Gholdengo|64\/100|[from] item: Leftovers\n|upkeep\n|c|\u2606Lukesamen|so stupid\n|\n|t:|1700219637\n|switch|p2a: Revavroom|Revavroom, F|78\/100\n|turn|22\n|\n|t:|1700219648\n|switch|p1a: Salamence|Salamence, M|100\/100\n|move|p2a: Revavroom|High Horsepower|p1a: Salamence\n|-immune|p1a: Salamence\n|\n|-heal|p2a: Revavroom|84\/100|[from] item: Black Sludge\n|upkeep\n|turn|23\n|\n|t:|1700219656\n|switch|p2a: Clefable|Clefable, M|98\/100\n|move|p1a: Salamence|Earthquake|p2a: Clefable\n|-damage|p2a: Clefable|67\/100\n|\n|-heal|p2a: Clefable|73\/100|[from] item: Leftovers\n|upkeep\n|turn|24\n|\n|t:|1700219669\n|switch|p1a: Gholdengo|Gholdengo|64\/100\n|move|p2a: Clefable|Moonlight|p2a: Clefable\n|-heal|p2a: Clefable|100\/100\n|\n|-heal|p1a: Gholdengo|70\/100|[from] item: Leftovers\n|upkeep\n|turn|25\n|inactive|Lukesamen has 120 seconds left.\n|\n|t:|1700219705\n|switch|p2a: Umbreon|Umbreon, M|82\/100\n|move|p1a: Gholdengo|Shadow Ball|p2a: Umbreon\n|-resisted|p2a: Umbreon\n|-damage|p2a: Umbreon|71\/100\n|\n|-heal|p1a: Gholdengo|76\/100|[from] item: Leftovers\n|-heal|p2a: Umbreon|77\/100|[from] item: Leftovers\n|upkeep\n|turn|26\n|inactive|Lukesamen has 120 seconds left.\n|inactive|Lukesamen has 90 seconds left.\n|\n|t:|1700219757\n|switch|p1a: Salamence|Salamence, M|100\/100\n|move|p2a: Umbreon|Foul Play|p1a: Salamence\n|-damage|p1a: Salamence|18\/100\n|\n|-heal|p2a: Umbreon|83\/100|[from] item: Leftovers\n|upkeep\n|turn|27\n|\n|t:|1700219765\n|move|p2a: Umbreon|Protect|p2a: Umbreon\n|-singleturn|p2a: Umbreon|Protect\n|move|p1a: Salamence|Earthquake|p2a: Umbreon\n|-activate|p2a: Umbreon|move: Protect\n|\n|-heal|p2a: Umbreon|89\/100|[from] item: Leftovers\n|upkeep\n|turn|28\n|inactive|Lukesamen has 90 seconds left.\n|\n|t:|1700219772\n|move|p1a: Salamence|Earthquake|p2a: Umbreon\n|-damage|p2a: Umbreon|58\/100\n|move|p2a: Umbreon|Foul Play|p1a: Salamence\n|-damage|p1a: Salamence|0 fnt\n|faint|p1a: Salamence\n|\n|-heal|p2a: Umbreon|64\/100|[from] item: Leftovers\n|upkeep\n|\n|t:|1700219776\n|switch|p1a: Great Tusk|Great Tusk|93\/100\n|turn|29\n|\n|t:|1700219789\n|switch|p2a: Clefable|Clefable, M|100\/100\n|move|p1a: Great Tusk|Rapid Spin|p2a: Clefable\n|-damage|p2a: Clefable|88\/100\n|-boost|p1a: Great Tusk|spe|1\n|\n|-heal|p1a: Great Tusk|99\/100|[from] item: Leftovers\n|-heal|p2a: Clefable|94\/100|[from] item: Leftovers\n|upkeep\n|turn|30\n|\n|t:|1700219802\n|-end|p1a: Great Tusk|Protosynthesis|[silent]\n|switch|p1a: Ogerpon|Ogerpon-Wellspring, F|100\/100\n|move|p2a: Clefable|Moonblast|p1a: Ogerpon\n|-damage|p1a: Ogerpon|62\/100\n|\n|-heal|p2a: Clefable|99\/100|[from] item: Leftovers\n|upkeep\n|turn|31\n|inactive|Lukesamen has 90 seconds left.\n|\n|t:|1700219841\n|move|p1a: Ogerpon|Trailblaze|p2a: Clefable\n|-damage|p2a: Clefable|78\/100\n|-boost|p1a: Ogerpon|spe|1\n|move|p2a: Clefable|Thunder Wave|p1a: Ogerpon\n|-status|p1a: Ogerpon|par\n|\n|-heal|p2a: Clefable|84\/100|[from] item: Leftovers\n|upkeep\n|turn|32\n|\n|t:|1700219852\n|cant|p1a: Ogerpon|par\n|move|p2a: Clefable|Moonblast|p1a: Ogerpon\n|-damage|p1a: Ogerpon|25\/100 par\n|\n|-heal|p2a: Clefable|90\/100|[from] item: Leftovers\n|upkeep\n|turn|33\n|\n|t:|1700219854\n|move|p1a: Ogerpon|Trailblaze|p2a: Clefable\n|-damage|p2a: Clefable|69\/100\n|-boost|p1a: Ogerpon|spe|1\n|move|p2a: Clefable|Moonblast|p1a: Ogerpon\n|-damage|p1a: Ogerpon|0 fnt\n|faint|p1a: Ogerpon\n|\n|-heal|p2a: Clefable|75\/100|[from] item: Leftovers\n|upkeep\n|\n|t:|1700219860\n|switch|p1a: Gholdengo|Gholdengo|76\/100\n|turn|34\n|\n|t:|1700219866\n|switch|p2a: Umbreon|Umbreon, M|64\/100\n|move|p1a: Gholdengo|Nasty Plot|p1a: Gholdengo\n|-boost|p1a: Gholdengo|spa|2\n|\n|-heal|p1a: Gholdengo|82\/100|[from] item: Leftovers\n|-heal|p2a: Umbreon|70\/100|[from] item: Leftovers\n|upkeep\n|turn|35\n|\n|t:|1700219886\n|move|p1a: Gholdengo|Make It Rain|p2a: Umbreon\n|-damage|p2a: Umbreon|6\/100\n|-unboost|p1a: Gholdengo|spa|1\n|move|p2a: Umbreon|Wish|p2a: Umbreon\n|\n|-heal|p1a: Gholdengo|88\/100|[from] item: Leftovers\n|-heal|p2a: Umbreon|12\/100|[from] item: Leftovers\n|upkeep\n|turn|36\n|\n|t:|1700219896\n|move|p1a: Gholdengo|Nasty Plot|p1a: Gholdengo\n|-boost|p1a: Gholdengo|spa|2\n|move|p2a: Umbreon|Foul Play|p1a: Gholdengo\n|-supereffective|p1a: Gholdengo\n|-damage|p1a: Gholdengo|52\/100\n|\n|-heal|p2a: Umbreon|62\/100|[from] move: Wish|[wisher] Umbreon\n|-heal|p1a: Gholdengo|58\/100|[from] item: Leftovers\n|-heal|p2a: Umbreon|68\/100|[from] item: Leftovers\n|upkeep\n|turn|37\n|\n|t:|1700219904\n|move|p2a: Umbreon|Protect|p2a: Umbreon\n|-singleturn|p2a: Umbreon|Protect\n|move|p1a: Gholdengo|Make It Rain|p2a: Umbreon\n|-activate|p2a: Umbreon|move: Protect\n|\n|-heal|p1a: Gholdengo|64\/100|[from] item: Leftovers\n|-heal|p2a: Umbreon|74\/100|[from] item: Leftovers\n|upkeep\n|turn|38\n|\n|t:|1700219907\n|move|p1a: Gholdengo|Make It Rain|p2a: Umbreon\n|-damage|p2a: Umbreon|0 fnt\n|-unboost|p1a: Gholdengo|spa|1\n|faint|p2a: Umbreon\n|\n|-heal|p1a: Gholdengo|70\/100|[from] item: Leftovers\n|upkeep\n|inactive|Lukesamen has 120 seconds left.\n|inactive|Lukesamen has 90 seconds left.\n|\n|t:|1700219976\n|switch|p2a: Great Tusk|Great Tusk|100\/100\n|turn|39\n|\n|t:|1700219981\n|switch|p1a: Great Tusk|Great Tusk|99\/100\n|move|p2a: Great Tusk|Headlong Rush|p1a: Great Tusk\n|-damage|p1a: Great Tusk|49\/100\n|-unboost|p2a: Great Tusk|def|1\n|-unboost|p2a: Great Tusk|spd|1\n|\n|-heal|p1a: Great Tusk|55\/100|[from] item: Leftovers\n|upkeep\n|turn|40\n|\n|t:|1700219988\n|-end|p2a: Great Tusk|Protosynthesis|[silent]\n|switch|p2a: Clefable|Clefable, M|75\/100\n|move|p1a: Great Tusk|Bulk Up|p1a: Great Tusk\n|-boost|p1a: Great Tusk|atk|1\n|-boost|p1a: Great Tusk|def|1\n|\n|-heal|p1a: Great Tusk|61\/100|[from] item: Leftovers\n|-heal|p2a: Clefable|81\/100|[from] item: Leftovers\n|upkeep\n|turn|41\n|\n|t:|1700220000\n|-terastallize|p1a: Great Tusk|Ice\n|move|p1a: Great Tusk|Earthquake|p2a: Clefable\n|-damage|p2a: Clefable|45\/100\n|move|p2a: Clefable|Moonblast|p1a: Great Tusk\n|-crit|p1a: Great Tusk\n|-damage|p1a: Great Tusk|0 fnt\n|faint|p1a: Great Tusk\n|-end|p1a: Great Tusk|Protosynthesis|[silent]\n|\n|-heal|p2a: Clefable|51\/100|[from] item: Leftovers\n|upkeep\n|\n|t:|1700220008\n|switch|p1a: Iron Moth|Iron Moth|100\/100\n|-enditem|p1a: Iron Moth|Booster Energy\n|-activate|p1a: Iron Moth|ability: Quark Drive|[fromitem]\n|-start|p1a: Iron Moth|quarkdrivespe\n|turn|42\n|\n|t:|1700220013\n|move|p1a: Iron Moth|Sludge Wave|p2a: Clefable\n|-supereffective|p2a: Clefable\n|-damage|p2a: Clefable|0 fnt\n|faint|p2a: Clefable\n|\n|upkeep\n|\n|t:|1700220018\n|switch|p2a: Revavroom|Revavroom, F|84\/100\n|turn|43\n|\n|t:|1700220047\n|move|p1a: Iron Moth|Fiery Dance|p2a: Revavroom\n|-supereffective|p2a: Revavroom\n|-damage|p2a: Revavroom|0 fnt\n|-boost|p1a: Iron Moth|spa|1\n|faint|p2a: Revavroom\n|\n|upkeep\n|\n|t:|1700220050\n|switch|p2a: Great Tusk|Great Tusk|100\/100\n|turn|44\n|c|\u2606Lukesamen|garbage gen\n|\n|t:|1700220061\n|move|p1a: Iron Moth|Energy Ball|p2a: Great Tusk\n|-supereffective|p2a: Great Tusk\n|-damage|p2a: Great Tusk|0 fnt\n|faint|p2a: Great Tusk\n|-end|p2a: Great Tusk|Protosynthesis|[silent]\n|\n|win|Necrozminator\n|raw|Necrozminator's rating: 1198 &rarr; <strong>1223<\/strong><br \/>(+25 for winning)\n|raw|Lukesamen's rating: 1194 &rarr; <strong>1169<\/strong><br \/>(-25 for losing)\n|l|\u2606Lukesamen\n|l|\u2606Necrozminator\n|j|\u2606Necrozminator\n|player|p1|Necrozminator|will\n","uploadtime":1700220103,"views":8,"p1id":"necrozminator","p2id":"lukesamen","formatid":"gen9ou","rating":1169,"private":0,"password":""}