{"id":"gen9ou-1997858464","p1":"Clobbopus17","p2":"Fulliet","format":"[Gen 9] OU","log":"|j|\u2606Clobbopus17\n|j|\u2606Fulliet\n|t:|1700860515\n|gametype|singles\n|player|p1|Clobbopus17|1|1150\n|player|p2|Fulliet|kimonogirl|1088\n|teamsize|p1|6\n|teamsize|p2|6\n|gen|9\n|tier|[Gen 9] OU\n|rated|\n|rule|Sleep Clause Mod: Limit one foe put to sleep\n|rule|Species Clause: Limit one of each Pok\u00e9mon\n|rule|OHKO Clause: OHKO moves are banned\n|rule|Evasion Items Clause: Evasion items are banned\n|rule|Evasion Moves Clause: Evasion moves are banned\n|rule|Endless Battle Clause: Forcing endless battles is banned\n|rule|HP Percentage Mod: HP is shown in percentages\n|clearpoke\n|poke|p1|Alomomola, F|\n|poke|p1|Rillaboom, M|\n|poke|p1|Crawdaunt, F|\n|poke|p1|Cresselia, F|\n|poke|p1|Breloom, M|\n|poke|p1|Ceruledge, F|\n|poke|p2|Shiftry, M|\n|poke|p2|Ogerpon-Cornerstone, F|\n|poke|p2|Sinistcha-Masterpiece|\n|poke|p2|Decidueye, M|\n|poke|p2|Iron Leaves|\n|poke|p2|Scovillain, M|\n|teampreview\n|c|\u2606Clobbopus17|glhf\n|\n|t:|1700860531\n|start\n|switch|p1a: Glass Cannon|Cresselia, F|100\/100\n|switch|p2a: Shiftry|Shiftry, M|100\/100\n|turn|1\n|\n|t:|1700860540\n|move|p2a: Shiftry|Fake Out|p1a: Glass Cannon\n|-damage|p1a: Glass Cannon|92\/100\n|cant|p1a: Glass Cannon|flinch\n|\n|-status|p1a: Glass Cannon|brn|[from] item: Flame Orb\n|upkeep\n|turn|2\n|\n|t:|1700860545\n|move|p2a: Shiftry|Toxic Spikes|p1a: Glass Cannon\n|-sidestart|p1: Clobbopus17|move: Toxic Spikes\n|move|p1a: Glass Cannon|Trick|p2a: Shiftry\n|-activate|p1a: Glass Cannon|move: Trick|[of] p2a: Shiftry\n|-item|p2a: Shiftry|Flame Orb|[from] move: Trick\n|-item|p1a: Glass Cannon|Aguav Berry|[from] move: Trick\n|\n|-damage|p1a: Glass Cannon|86\/100 brn|[from] brn\n|-status|p2a: Shiftry|brn|[from] item: Flame Orb\n|upkeep\n|turn|3\n|\n|t:|1700860565\n|switch|p2a: Decidueye|Decidueye, M|100\/100\n|move|p1a: Glass Cannon|Moonblast|p2a: Decidueye\n|-damage|p2a: Decidueye|75\/100\n|\n|-damage|p1a: Glass Cannon|79\/100 brn|[from] brn\n|upkeep\n|turn|4\n|\n|t:|1700860581\n|switch|p1a: Slow Tank|Ceruledge, F|100\/100\n|-status|p1a: Slow Tank|psn\n|move|p2a: Decidueye|Poltergeist|p1a: Slow Tank\n|-activate|p1a: Slow Tank|move: Poltergeist|Weakness Policy\n|-supereffective|p1a: Slow Tank\n|-damage|p1a: Slow Tank|0 fnt\n|faint|p1a: Slow Tank\n|\n|upkeep\n|\n|t:|1700860583\n|switch|p1a: Kablam|Crawdaunt, F|100\/100\n|-status|p1a: Kablam|psn\n|turn|5\n|\n|t:|1700860596\n|move|p2a: Decidueye|Leaf Blade|p1a: Kablam\n|-supereffective|p1a: Kablam\n|-damage|p1a: Kablam|0 fnt\n|faint|p1a: Kablam\n|\n|upkeep\n|\n|t:|1700860610\n|switch|p1a: Set-up Sweep|Rillaboom, M|100\/100\n|-status|p1a: Set-up Sweep|psn\n|-fieldstart|move: Grassy Terrain|[from] ability: Grassy Surge|[of] p1a: Set-up Sweep\n|-enditem|p1a: Set-up Sweep|Grassy Seed\n|-boost|p1a: Set-up Sweep|def|1|[from] item: Grassy Seed\n|turn|6\n|\n|t:|1700860622\n|switch|p2a: Scovillain|Scovillain, M|100\/100\n|move|p1a: Set-up Sweep|Acrobatics|p2a: Scovillain\n|-supereffective|p2a: Scovillain\n|-damage|p2a: Scovillain|0 fnt\n|faint|p2a: Scovillain\n|\n|-damage|p1a: Set-up Sweep|88\/100 psn|[from] psn\n|upkeep\n|\n|t:|1700860637\n|switch|p2a: Shiftry|Shiftry, M|100\/100 brn\n|turn|7\n|\n|t:|1700860643\n|switch|p1a: Bulky Stall|Breloom, M|100\/100\n|-status|p1a: Bulky Stall|psn\n|-terastallize|p2a: Shiftry|Flying\n|move|p2a: Shiftry|Fake Out|p1a: Bulky Stall\n|-damage|p1a: Bulky Stall|92\/100 psn\n|\n|-heal|p1a: Bulky Stall|98\/100 psn|[from] Grassy Terrain\n|-damage|p1a: Bulky Stall|86\/100 psn|[from] psn\n|-damage|p2a: Shiftry|94\/100 brn|[from] brn\n|upkeep\n|turn|8\n|\n|t:|1700860659\n|move|p1a: Bulky Stall|Mach Punch|p2a: Shiftry\n|-resisted|p2a: Shiftry\n|-damage|p2a: Shiftry|65\/100 brn\n|move|p2a: Shiftry|Air Slash|p1a: Bulky Stall|[miss]\n|-miss|p2a: Shiftry|p1a: Bulky Stall\n|\n|-heal|p1a: Bulky Stall|92\/100 psn|[from] Grassy Terrain\n|-damage|p1a: Bulky Stall|79\/100 psn|[from] psn\n|-damage|p2a: Shiftry|59\/100 brn|[from] brn\n|upkeep\n|turn|9\n|\n|t:|1700860664\n|move|p1a: Bulky Stall|Mach Punch|p2a: Shiftry\n|-resisted|p2a: Shiftry\n|-damage|p2a: Shiftry|29\/100 brn\n|move|p2a: Shiftry|Air Slash|p1a: Bulky Stall\n|-supereffective|p1a: Bulky Stall\n|-crit|p1a: Bulky Stall\n|-damage|p1a: Bulky Stall|0 fnt\n|faint|p1a: Bulky Stall\n|\n|-damage|p2a: Shiftry|23\/100 brn|[from] brn\n|upkeep\n|\n|t:|1700860672\n|switch|p1a: Bulky Support|Alomomola, F|100\/100\n|-status|p1a: Bulky Support|psn\n|turn|10\n|\n|t:|1700860681\n|switch|p2a: Iron Leaves|Iron Leaves|100\/100\n|move|p1a: Bulky Support|Scald|p2a: Iron Leaves\n|-resisted|p2a: Iron Leaves\n|-damage|p2a: Iron Leaves|94\/100\n|-status|p2a: Iron Leaves|brn\n|\n|-heal|p2a: Iron Leaves|100\/100 brn|[from] Grassy Terrain\n|-damage|p1a: Bulky Support|88\/100 psn|[from] psn\n|-damage|p2a: Iron Leaves|94\/100 brn|[from] brn\n|-fieldend|move: Grassy Terrain\n|upkeep\n|turn|11\n|\n|t:|1700860689\n|move|p2a: Iron Leaves|Wild Charge|p1a: Bulky Support\n|-supereffective|p1a: Bulky Support\n|-damage|p1a: Bulky Support|60\/100 psn\n|-damage|p2a: Iron Leaves|83\/100 brn|[from] Recoil\n|-damage|p2a: Iron Leaves|73\/100 brn|[from] item: Life Orb\n|move|p1a: Bulky Support|Wish|p1a: Bulky Support\n|\n|-heal|p1a: Bulky Support|66\/100 psn|[from] item: Leftovers\n|-damage|p1a: Bulky Support|53\/100 psn|[from] psn\n|-damage|p2a: Iron Leaves|67\/100 brn|[from] brn\n|upkeep\n|turn|12\n|\n|t:|1700860696\n|move|p2a: Iron Leaves|Swords Dance|p2a: Iron Leaves\n|-boost|p2a: Iron Leaves|atk|2\n|move|p1a: Bulky Support|Flip Turn|p2a: Iron Leaves\n|-resisted|p2a: Iron Leaves\n|-damage|p2a: Iron Leaves|58\/100 brn\n|\n|t:|1700860700\n|switch|p1a: Set-up Sweep|Rillaboom, M|88\/100 psn|[from] Flip Turn\n|-fieldstart|move: Grassy Terrain|[from] ability: Grassy Surge|[of] p1a: Set-up Sweep\n|\n|-heal|p1a: Set-up Sweep|100\/100 psn|[from] move: Wish|[wisher] Bulky Support\n|-heal|p2a: Iron Leaves|65\/100 brn|[from] Grassy Terrain\n|-damage|p1a: Set-up Sweep|88\/100 psn|[from] psn\n|-damage|p2a: Iron Leaves|58\/100 brn|[from] brn\n|upkeep\n|turn|13\n|\n|t:|1700860725\n|-terastallize|p1a: Set-up Sweep|Flying\n|move|p2a: Iron Leaves|Psyblade|p1a: Set-up Sweep\n|-damage|p1a: Set-up Sweep|30\/100 psn\n|-damage|p2a: Iron Leaves|48\/100 brn|[from] item: Life Orb\n|move|p1a: Set-up Sweep|Acrobatics|p2a: Iron Leaves\n|-supereffective|p2a: Iron Leaves\n|-damage|p2a: Iron Leaves|0 fnt\n|faint|p2a: Iron Leaves\n|-end|p2a: Iron Leaves|Quark Drive|[silent]\n|\n|-damage|p1a: Set-up Sweep|18\/100 psn|[from] psn\n|upkeep\n|inactive|Battle timer is ON: inactive players will automatically lose when time's up. (requested by Clobbopus17)\n|\n|t:|1700860734\n|switch|p2a: Decidueye|Decidueye, M|75\/100\n|turn|14\n|\n|t:|1700860744\n|move|p2a: Decidueye|Shadow Sneak|p1a: Set-up Sweep\n|-damage|p1a: Set-up Sweep|0 fnt\n|faint|p1a: Set-up Sweep\n|\n|-heal|p2a: Decidueye|81\/100|[from] Grassy Terrain\n|upkeep\n|\n|t:|1700860750\n|switch|p1a: Glass Cannon|Cresselia, F|79\/100 brn\n|turn|15\n|\n|t:|1700860761\n|switch|p1a: Bulky Support|Alomomola, F|87\/100 psn\n|move|p2a: Decidueye|Poltergeist|p1a: Bulky Support\n|-activate|p1a: Bulky Support|move: Poltergeist|Leftovers\n|-damage|p1a: Bulky Support|44\/100 psn\n|\n|-heal|p2a: Decidueye|87\/100|[from] Grassy Terrain\n|-heal|p1a: Bulky Support|50\/100 psn|[from] Grassy Terrain\n|-heal|p1a: Bulky Support|56\/100 psn|[from] item: Leftovers\n|-damage|p1a: Bulky Support|44\/100 psn|[from] psn\n|upkeep\n|turn|16\n|\n|t:|1700860768\n|move|p2a: Decidueye|Leaf Blade|p1a: Bulky Support\n|-supereffective|p1a: Bulky Support\n|-damage|p1a: Bulky Support|0 fnt\n|faint|p1a: Bulky Support\n|\n|-heal|p2a: Decidueye|93\/100|[from] Grassy Terrain\n|-fieldend|move: Grassy Terrain\n|upkeep\n|\n|t:|1700860778\n|switch|p1a: Glass Cannon|Cresselia, F|79\/100 brn\n|turn|17\n|c|\u2606Clobbopus17|gg\n|\n|t:|1700860781\n|move|p2a: Decidueye|Poltergeist|p1a: Glass Cannon\n|-activate|p1a: Glass Cannon|move: Poltergeist|Aguav Berry\n|-supereffective|p1a: Glass Cannon\n|-damage|p1a: Glass Cannon|0 fnt\n|faint|p1a: Glass Cannon\n|\n|win|Fulliet\n|raw|Clobbopus17's rating: 1150 &rarr; <strong>1121<\/strong><br \/>(-29 for losing)\n|raw|Fulliet's rating: 1088 &rarr; <strong>1120<\/strong><br \/>(+32 for winning)\n|l|\u2606Clobbopus17\n","uploadtime":1700860803,"views":6,"p1id":"clobbopus17","p2id":"fulliet","formatid":"gen9ou","rating":1120,"private":0,"password":""}