{"id":"gen9ou-1989156780","p1":"PursuitPlaya","p2":"OkJuice100","format":"[Gen 9] OU","log":"|j|\u2606PursuitPlaya\n|j|\u2606OkJuice100\n|t:|1699818255\n|gametype|singles\n|player|p1|PursuitPlaya|byron|1319\n|player|p2|OkJuice100|2|1264\n|teamsize|p1|6\n|teamsize|p2|6\n|gen|9\n|tier|[Gen 9] OU\n|rated|\n|rule|Sleep Clause Mod: Limit one foe put to sleep\n|rule|Species Clause: Limit one of each Pok\u00e9mon\n|rule|OHKO Clause: OHKO moves are banned\n|rule|Evasion Items Clause: Evasion items are banned\n|rule|Evasion Moves Clause: Evasion moves are banned\n|rule|Endless Battle Clause: Forcing endless battles is banned\n|rule|HP Percentage Mod: HP is shown in percentages\n|clearpoke\n|poke|p1|Cinderace, M|\n|poke|p1|Slowking-Galar, F|\n|poke|p1|Zamazenta-*|\n|poke|p1|Corviknight, F|\n|poke|p1|Samurott-Hisui, M|\n|poke|p1|Sandy Shocks|\n|poke|p2|Fezandipiti, M|\n|poke|p2|Dragapult, F|\n|poke|p2|Landorus-Therian, M|\n|poke|p2|Dondozo, M|\n|poke|p2|Clefable, F|\n|poke|p2|Corviknight, M|\n|teampreview\n|\n|t:|1699818261\n|start\n|switch|p1a: Sandy Shocks|Sandy Shocks|100\/100\n|switch|p2a: Fezandipiti|Fezandipiti, M|100\/100\n|turn|1\n|inactive|Battle timer is ON: inactive players will automatically lose when time's up. (requested by PursuitPlaya)\n|\n|t:|1699818271\n|move|p1a: Sandy Shocks|Volt Switch|p2a: Fezandipiti\n|-damage|p2a: Fezandipiti|77\/100\n|\n|t:|1699818276\n|-end|p1a: Sandy Shocks|Protosynthesis|[silent]\n|switch|p1a: Slowking|Slowking-Galar, F|100\/100|[from] Volt Switch\n|move|p2a: Fezandipiti|U-turn|p1a: Slowking\n|-damage|p1a: Slowking|86\/100\n|\n|t:|1699818279\n|switch|p2a: Landorus|Landorus-Therian, M|100\/100|[from] U-turn\n|-ability|p2a: Landorus|Intimidate|boost\n|-unboost|p1a: Slowking|atk|1\n|\n|upkeep\n|turn|2\n|\n|t:|1699818282\n|switch|p1a: Corviknight|Corviknight, F|100\/100\n|-ability|p1a: Corviknight|Pressure\n|move|p2a: Landorus|Earthquake|p1a: Corviknight\n|-immune|p1a: Corviknight\n|\n|upkeep\n|turn|3\n|\n|t:|1699818292\n|move|p2a: Landorus|Smack Down|p1a: Corviknight\n|-damage|p1a: Corviknight|88\/100\n|-start|p1a: Corviknight|Smack Down\n|move|p1a: Corviknight|U-turn|p2a: Landorus\n|-resisted|p2a: Landorus\n|-crit|p2a: Landorus\n|-damage|p2a: Landorus|89\/100\n|-damage|p1a: Corviknight|72\/100|[from] item: Rocky Helmet|[of] p2a: Landorus\n|\n|t:|1699818304\n|switch|p1a: Sandy Shocks|Sandy Shocks|100\/100|[from] U-turn\n|\n|upkeep\n|turn|4\n|\n|t:|1699818317\n|switch|p2a: Fezandipiti|Fezandipiti, M|77\/100\n|-terastallize|p1a: Sandy Shocks|Ice\n|move|p1a: Sandy Shocks|Tera Blast|p2a: Fezandipiti|[anim] Tera Blast Ice\n|-damage|p2a: Fezandipiti|48\/100\n|\n|upkeep\n|turn|5\n|\n|t:|1699818327\n|-end|p1a: Sandy Shocks|Protosynthesis|[silent]\n|switch|p1a: Corviknight|Corviknight, F|72\/100\n|-ability|p1a: Corviknight|Pressure\n|move|p2a: Fezandipiti|Beat Up|p1a: Corviknight\n|-damage|p1a: Corviknight|70\/100\n|-damage|p1a: Corviknight|68\/100\n|-damage|p1a: Corviknight|65\/100\n|-damage|p1a: Corviknight|62\/100\n|-damage|p1a: Corviknight|61\/100\n|-crit|p1a: Corviknight\n|-damage|p1a: Corviknight|58\/100\n|-hitcount|p1a: Corviknight|6\n|\n|upkeep\n|turn|6\n|\n|t:|1699818341\n|switch|p2a: Landorus|Landorus-Therian, M|89\/100\n|-ability|p2a: Landorus|Intimidate|boost\n|-unboost|p1a: Corviknight|atk|1\n|move|p1a: Corviknight|Roost|p1a: Corviknight\n|-heal|p1a: Corviknight|100\/100\n|-singleturn|p1a: Corviknight|move: Roost\n|\n|upkeep\n|turn|7\n|\n|t:|1699818347\n|move|p2a: Landorus|Smack Down|p1a: Corviknight\n|-damage|p1a: Corviknight|89\/100\n|-start|p1a: Corviknight|Smack Down\n|move|p1a: Corviknight|U-turn|p2a: Landorus\n|-resisted|p2a: Landorus\n|-damage|p2a: Landorus|84\/100\n|-damage|p1a: Corviknight|72\/100|[from] item: Rocky Helmet|[of] p2a: Landorus\n|\n|t:|1699818350\n|switch|p1a: Sandy Shocks|Sandy Shocks, tera:Ice|100\/100|[from] U-turn\n|\n|upkeep\n|turn|8\n|\n|t:|1699818354\n|switch|p2a: Clefable|Clefable, F|100\/100\n|move|p1a: Sandy Shocks|Tera Blast|p2a: Clefable|[anim] Tera Blast Ice\n|-damage|p2a: Clefable|75\/100\n|\n|-heal|p2a: Clefable|81\/100|[from] item: Leftovers\n|upkeep\n|turn|9\n|\n|t:|1699818358\n|-end|p1a: Sandy Shocks|Protosynthesis|[silent]\n|switch|p1a: Slowking|Slowking-Galar, F|100\/100\n|move|p2a: Clefable|Moonblast|p1a: Slowking\n|-resisted|p1a: Slowking\n|-damage|p1a: Slowking|92\/100\n|\n|-heal|p2a: Clefable|87\/100|[from] item: Leftovers\n|upkeep\n|turn|10\n|\n|t:|1699818364\n|move|p2a: Clefable|Protect|p2a: Clefable\n|-singleturn|p2a: Clefable|Protect\n|move|p1a: Slowking|Chilly Reception|p1a: Slowking\n|-weather|Snow\n|\n|t:|1699818371\n|switch|p1a: Corviknight|Corviknight, F|72\/100|[from] Chilly Reception\n|-ability|p1a: Corviknight|Pressure\n|\n|-weather|Snow|[upkeep]\n|-heal|p2a: Clefable|93\/100|[from] item: Leftovers\n|upkeep\n|turn|11\n|\n|t:|1699818376\n|move|p1a: Corviknight|U-turn|p2a: Clefable\n|-resisted|p2a: Clefable\n|-damage|p2a: Clefable|84\/100\n|\n|t:|1699818379\n|switch|p1a: Slowking|Slowking-Galar, F|100\/100|[from] U-turn\n|move|p2a: Clefable|Wish|p2a: Clefable\n|\n|-weather|Snow|[upkeep]\n|-heal|p2a: Clefable|90\/100|[from] item: Leftovers\n|upkeep\n|turn|12\n|\n|t:|1699818384\n|move|p2a: Clefable|Protect|p2a: Clefable\n|-singleturn|p2a: Clefable|Protect\n|move|p1a: Slowking|Future Sight|p2a: Clefable\n|-start|p1a: Slowking|move: Future Sight\n|\n|-weather|Snow|[upkeep]\n|-heal|p2a: Clefable|100\/100|[from] move: Wish|[wisher] Clefable\n|upkeep\n|turn|13\n|\n|t:|1699818393\n|move|p2a: Clefable|Encore|p1a: Slowking\n|-start|p1a: Slowking|Encore\n|move|p1a: Slowking|Future Sight||[still]\n|-fail|p1a: Slowking\n|\n|-weather|Snow|[upkeep]\n|upkeep\n|turn|14\n|\n|t:|1699818404\n|switch|p2a: Corviknight|Corviknight, M|100\/100\n|-ability|p2a: Corviknight|Pressure\n|switch|p1a: Samurott|Samurott-Hisui, M|100\/100\n|\n|-weather|none\n|-end|p2a: Corviknight|move: Future Sight\n|-resisted|p2a: Corviknight\n|-damage|p2a: Corviknight|78\/100\n|upkeep\n|turn|15\n|\n|t:|1699818410\n|switch|p1a: Corviknight|Corviknight, F|72\/100\n|-ability|p1a: Corviknight|Pressure\n|move|p2a: Corviknight|U-turn|p1a: Corviknight\n|-resisted|p1a: Corviknight\n|-damage|p1a: Corviknight|70\/100\n|-damage|p2a: Corviknight|62\/100|[from] item: Rocky Helmet|[of] p1a: Corviknight\n|\n|t:|1699818414\n|switch|p2a: Dragapult|Dragapult, F|100\/100|[from] U-turn\n|\n|upkeep\n|turn|16\n|\n|t:|1699818427\n|switch|p1a: Slowking|Slowking-Galar, F|100\/100\n|move|p2a: Dragapult|Thunderbolt|p1a: Slowking\n|-damage|p1a: Slowking|79\/100\n|\n|upkeep\n|turn|17\n|\n|t:|1699818436\n|switch|p2a: Landorus|Landorus-Therian, M|84\/100\n|-ability|p2a: Landorus|Intimidate|boost\n|-unboost|p1a: Slowking|atk|1\n|move|p1a: Slowking|Thunder Wave|p2a: Landorus\n|-immune|p2a: Landorus\n|\n|upkeep\n|turn|18\n|\n|t:|1699818447\n|switch|p1a: Corviknight|Corviknight, F|70\/100\n|-ability|p1a: Corviknight|Pressure\n|move|p2a: Landorus|Smack Down|p1a: Corviknight\n|-damage|p1a: Corviknight|58\/100\n|-start|p1a: Corviknight|Smack Down\n|\n|upkeep\n|turn|19\n|\n|t:|1699818456\n|switch|p1a: Samurott|Samurott-Hisui, M|100\/100\n|move|p2a: Landorus|Earthquake|p1a: Samurott\n|-damage|p1a: Samurott|27\/100\n|\n|upkeep\n|turn|20\n|\n|t:|1699818475\n|switch|p1a: Corviknight|Corviknight, F|58\/100\n|-ability|p1a: Corviknight|Pressure\n|switch|p2a: Dondozo|Dondozo, M|100\/100\n|\n|upkeep\n|turn|21\n|\n|t:|1699818481\n|switch|p2a: Landorus|Landorus-Therian, M|84\/100\n|-ability|p2a: Landorus|Intimidate|boost\n|-unboost|p1a: Corviknight|atk|1\n|move|p1a: Corviknight|Roost|p1a: Corviknight\n|-heal|p1a: Corviknight|100\/100\n|-singleturn|p1a: Corviknight|move: Roost\n|\n|upkeep\n|turn|22\n|\n|t:|1699818487\n|move|p2a: Landorus|Smack Down|p1a: Corviknight\n|-damage|p1a: Corviknight|87\/100\n|-start|p1a: Corviknight|Smack Down\n|move|p1a: Corviknight|U-turn|p2a: Landorus\n|-resisted|p2a: Landorus\n|-damage|p2a: Landorus|80\/100\n|-damage|p1a: Corviknight|71\/100|[from] item: Rocky Helmet|[of] p2a: Landorus\n|\n|t:|1699818490\n|switch|p1a: Sandy Shocks|Sandy Shocks, tera:Ice|100\/100|[from] U-turn\n|\n|upkeep\n|turn|23\n|\n|t:|1699818493\n|switch|p2a: Clefable|Clefable, F|100\/100\n|move|p1a: Sandy Shocks|Thunderbolt|p2a: Clefable\n|-damage|p2a: Clefable|73\/100\n|-status|p2a: Clefable|par\n|\n|-heal|p2a: Clefable|79\/100 par|[from] item: Leftovers\n|upkeep\n|turn|24\n|\n|t:|1699818509\n|move|p1a: Sandy Shocks|Thunderbolt|p2a: Clefable\n|-crit|p2a: Clefable\n|-damage|p2a: Clefable|32\/100 par\n|move|p2a: Clefable|Wish|p2a: Clefable\n|\n|-heal|p2a: Clefable|39\/100 par|[from] item: Leftovers\n|upkeep\n|turn|25\n|\n|t:|1699818521\n|-end|p1a: Sandy Shocks|Protosynthesis|[silent]\n|switch|p1a: Samurott|Samurott-Hisui, M|27\/100\n|move|p2a: Clefable|Protect||[still]\n|-fail|p2a: Clefable\n|\n|-heal|p2a: Clefable|89\/100 par|[from] move: Wish|[wisher] Clefable\n|-heal|p2a: Clefable|95\/100 par|[from] item: Leftovers\n|upkeep\n|turn|26\n|\n|t:|1699818537\n|move|p1a: Samurott|Aqua Cutter|p2a: Clefable\n|-damage|p2a: Clefable|44\/100 par\n|cant|p2a: Clefable|par\n|\n|-heal|p2a: Clefable|50\/100 par|[from] item: Leftovers\n|upkeep\n|turn|27\n|\n|t:|1699818545\n|switch|p2a: Dondozo|Dondozo, M|100\/100\n|move|p1a: Samurott|Aqua Cutter|p2a: Dondozo\n|-resisted|p2a: Dondozo\n|-damage|p2a: Dondozo|91\/100\n|\n|upkeep\n|turn|28\n|\n|t:|1699818550\n|move|p1a: Samurott|Taunt|p2a: Dondozo\n|-start|p2a: Dondozo|move: Taunt\n|move|p2a: Dondozo|Liquidation|p1a: Samurott\n|-resisted|p1a: Samurott\n|-damage|p1a: Samurott|8\/100\n|-unboost|p1a: Samurott|def|1\n|\n|upkeep\n|turn|29\n|\n|t:|1699818557\n|switch|p1a: Sandy Shocks|Sandy Shocks, tera:Ice|100\/100\n|move|p2a: Dondozo|Liquidation|p1a: Sandy Shocks\n|-damage|p1a: Sandy Shocks|70\/100\n|\n|upkeep\n|turn|30\n|\n|t:|1699818570\n|switch|p2a: Clefable|Clefable, F|50\/100 par\n|move|p1a: Sandy Shocks|Tera Blast|p2a: Clefable|[anim] Tera Blast Ice\n|-damage|p2a: Clefable|21\/100 par\n|\n|-heal|p2a: Clefable|27\/100 par|[from] item: Leftovers\n|upkeep\n|turn|31\n|\n|t:|1699818577\n|move|p2a: Clefable|Protect|p2a: Clefable\n|-singleturn|p2a: Clefable|Protect\n|move|p1a: Sandy Shocks|Tera Blast|p2a: Clefable|[anim] Tera Blast Ice\n|-activate|p2a: Clefable|move: Protect\n|\n|-heal|p2a: Clefable|33\/100 par|[from] item: Leftovers\n|upkeep\n|turn|32\n|\n|t:|1699818579\n|move|p1a: Sandy Shocks|Tera Blast|p2a: Clefable|[anim] Tera Blast Ice\n|-damage|p2a: Clefable|8\/100 par\n|move|p2a: Clefable|Wish|p2a: Clefable\n|\n|-heal|p2a: Clefable|14\/100 par|[from] item: Leftovers\n|upkeep\n|turn|33\n|\n|t:|1699818588\n|-end|p1a: Sandy Shocks|Protosynthesis|[silent]\n|switch|p1a: Cinderace|Cinderace, M|100\/100\n|switch|p2a: Fezandipiti|Fezandipiti, M|48\/100\n|\n|-heal|p2a: Fezandipiti|99\/100|[from] move: Wish|[wisher] Clefable\n|upkeep\n|turn|34\n|\n|t:|1699818595\n|switch|p1a: Slowking|Slowking-Galar, F|100\/100\n|move|p2a: Fezandipiti|Beat Up|p1a: Slowking\n|-supereffective|p1a: Slowking\n|-damage|p1a: Slowking|94\/100\n|-supereffective|p1a: Slowking\n|-damage|p1a: Slowking|88\/100\n|-supereffective|p1a: Slowking\n|-damage|p1a: Slowking|80\/100\n|-supereffective|p1a: Slowking\n|-crit|p1a: Slowking\n|-damage|p1a: Slowking|70\/100\n|-supereffective|p1a: Slowking\n|-damage|p1a: Slowking|60\/100\n|-hitcount|p1a: Slowking|5\n|\n|upkeep\n|turn|35\n|\n|t:|1699818601\n|move|p2a: Fezandipiti|Beat Up|p1a: Slowking\n|-supereffective|p1a: Slowking\n|-damage|p1a: Slowking|53\/100\n|-supereffective|p1a: Slowking\n|-damage|p1a: Slowking|46\/100\n|-supereffective|p1a: Slowking\n|-damage|p1a: Slowking|40\/100\n|-supereffective|p1a: Slowking\n|-damage|p1a: Slowking|32\/100\n|-supereffective|p1a: Slowking\n|-damage|p1a: Slowking|24\/100\n|-hitcount|p1a: Slowking|5\n|move|p1a: Slowking|Thunder Wave|p2a: Fezandipiti\n|-status|p2a: Fezandipiti|par\n|\n|upkeep\n|turn|36\n|\n|t:|1699818611\n|switch|p1a: Corviknight|Corviknight, F|71\/100\n|-ability|p1a: Corviknight|Pressure\n|move|p2a: Fezandipiti|Beat Up|p1a: Corviknight\n|-damage|p1a: Corviknight|69\/100\n|-damage|p1a: Corviknight|67\/100\n|-damage|p1a: Corviknight|65\/100\n|-damage|p1a: Corviknight|62\/100\n|-damage|p1a: Corviknight|60\/100\n|-hitcount|p1a: Corviknight|5\n|\n|upkeep\n|turn|37\n|\n|t:|1699818617\n|switch|p2a: Landorus|Landorus-Therian, M|80\/100\n|-ability|p2a: Landorus|Intimidate|boost\n|-unboost|p1a: Corviknight|atk|1\n|move|p1a: Corviknight|U-turn|p2a: Landorus\n|-resisted|p2a: Landorus\n|-damage|p2a: Landorus|75\/100\n|-damage|p1a: Corviknight|43\/100|[from] item: Rocky Helmet|[of] p2a: Landorus\n|\n|t:|1699818621\n|switch|p1a: Sandy Shocks|Sandy Shocks, tera:Ice|70\/100|[from] U-turn\n|\n|upkeep\n|turn|38\n|\n|t:|1699818625\n|switch|p2a: Fezandipiti|Fezandipiti, M|99\/100 par\n|move|p1a: Sandy Shocks|Tera Blast|p2a: Fezandipiti|[anim] Tera Blast Ice\n|-damage|p2a: Fezandipiti|72\/100 par\n|\n|upkeep\n|turn|39\n|\n|t:|1699818633\n|-end|p1a: Sandy Shocks|Protosynthesis|[silent]\n|switch|p1a: Corviknight|Corviknight, F|43\/100\n|-ability|p1a: Corviknight|Pressure\n|move|p2a: Fezandipiti|Beat Up|p1a: Corviknight\n|-damage|p1a: Corviknight|41\/100\n|-damage|p1a: Corviknight|39\/100\n|-crit|p1a: Corviknight\n|-damage|p1a: Corviknight|36\/100\n|-damage|p1a: Corviknight|33\/100\n|-damage|p1a: Corviknight|31\/100\n|-hitcount|p1a: Corviknight|5\n|\n|upkeep\n|turn|40\n|\n|t:|1699818636\n|switch|p2a: Landorus|Landorus-Therian, M|75\/100\n|-ability|p2a: Landorus|Intimidate|boost\n|-unboost|p1a: Corviknight|atk|1\n|move|p1a: Corviknight|Roost|p1a: Corviknight\n|-heal|p1a: Corviknight|81\/100\n|-singleturn|p1a: Corviknight|move: Roost\n|\n|upkeep\n|turn|41\n|\n|t:|1699818640\n|move|p2a: Landorus|Smack Down|p1a: Corviknight\n|-damage|p1a: Corviknight|69\/100\n|-start|p1a: Corviknight|Smack Down\n|move|p1a: Corviknight|U-turn|p2a: Landorus\n|-resisted|p2a: Landorus\n|-damage|p2a: Landorus|71\/100\n|-damage|p1a: Corviknight|52\/100|[from] item: Rocky Helmet|[of] p2a: Landorus\n|\n|t:|1699818642\n|switch|p1a: Sandy Shocks|Sandy Shocks, tera:Ice|70\/100|[from] U-turn\n|\n|upkeep\n|turn|42\n|\n|t:|1699818654\n|switch|p2a: Fezandipiti|Fezandipiti, M|72\/100 par\n|move|p1a: Sandy Shocks|Tera Blast|p2a: Fezandipiti|[anim] Tera Blast Ice\n|-damage|p2a: Fezandipiti|44\/100 par\n|\n|upkeep\n|turn|43\n|\n|t:|1699818659\n|-end|p1a: Sandy Shocks|Protosynthesis|[silent]\n|switch|p1a: Corviknight|Corviknight, F|52\/100\n|-ability|p1a: Corviknight|Pressure\n|move|p2a: Fezandipiti|U-turn|p1a: Corviknight\n|-resisted|p1a: Corviknight\n|-damage|p1a: Corviknight|50\/100\n|-damage|p2a: Fezandipiti|27\/100 par|[from] item: Rocky Helmet|[of] p1a: Corviknight\n|\n|t:|1699818668\n|switch|p2a: Dragapult|Dragapult, F|100\/100|[from] U-turn\n|\n|upkeep\n|turn|44\n|\n|t:|1699818698\n|switch|p1a: Samurott|Samurott-Hisui, M|8\/100\n|move|p2a: Dragapult|Hex|p1a: Samurott\n|-resisted|p1a: Samurott\n|-damage|p1a: Samurott|0 fnt\n|faint|p1a: Samurott\n|\n|upkeep\n|\n|t:|1699818705\n|switch|p1a: Sandy Shocks|Sandy Shocks, tera:Ice|70\/100\n|turn|45\n|\n|t:|1699818718\n|switch|p2a: Corviknight|Corviknight, M|62\/100\n|-ability|p2a: Corviknight|Pressure\n|move|p1a: Sandy Shocks|Tera Blast|p2a: Corviknight|[anim] Tera Blast Ice\n|-damage|p2a: Corviknight|22\/100\n|\n|upkeep\n|turn|46\n|\n|t:|1699818726\n|-end|p1a: Sandy Shocks|Protosynthesis|[silent]\n|switch|p1a: Corviknight|Corviknight, F|50\/100\n|-ability|p1a: Corviknight|Pressure\n|move|p2a: Corviknight|Roost|p2a: Corviknight\n|-heal|p2a: Corviknight|72\/100\n|-singleturn|p2a: Corviknight|move: Roost\n|\n|upkeep\n|turn|47\n|\n|t:|1699818731\n|move|p1a: Corviknight|Roost|p1a: Corviknight\n|-heal|p1a: Corviknight|99\/100\n|-singleturn|p1a: Corviknight|move: Roost\n|move|p2a: Corviknight|U-turn|p1a: Corviknight\n|-resisted|p1a: Corviknight\n|-damage|p1a: Corviknight|95\/100\n|-damage|p2a: Corviknight|56\/100|[from] item: Rocky Helmet|[of] p1a: Corviknight\n|\n|t:|1699818736\n|switch|p2a: Clefable|Clefable, F|14\/100 par|[from] U-turn\n|\n|-heal|p2a: Clefable|20\/100 par|[from] item: Leftovers\n|upkeep\n|turn|48\n|\n|t:|1699818742\n|move|p1a: Corviknight|Brave Bird|p2a: Clefable\n|-damage|p2a: Clefable|0 fnt\n|faint|p2a: Clefable\n|-damage|p1a: Corviknight|89\/100|[from] Recoil\n|\n|upkeep\n|\n|t:|1699818766\n|switch|p2a: Dondozo|Dondozo, M|91\/100\n|turn|49\n|\n|t:|1699818772\n|move|p1a: Corviknight|U-turn|p2a: Dondozo\n|-damage|p2a: Dondozo|85\/100\n|\n|t:|1699818776\n|switch|p1a: Slowking|Slowking-Galar, F|57\/100|[from] U-turn\n|move|p2a: Dondozo|Liquidation|p1a: Slowking\n|-damage|p1a: Slowking|27\/100\n|\n|upkeep\n|turn|50\n|\n|t:|1699818782\n|switch|p1a: Corviknight|Corviknight, F|89\/100\n|-ability|p1a: Corviknight|Pressure\n|move|p2a: Dondozo|Liquidation|p1a: Corviknight\n|-damage|p1a: Corviknight|73\/100\n|-damage|p2a: Dondozo|68\/100|[from] item: Rocky Helmet|[of] p1a: Corviknight\n|\n|upkeep\n|turn|51\n|\n|t:|1699818791\n|move|p1a: Corviknight|Brave Bird|p2a: Dondozo\n|-damage|p2a: Dondozo|51\/100\n|-damage|p1a: Corviknight|66\/100|[from] Recoil\n|move|p2a: Dondozo|Curse|p2a: Dondozo\n|-unboost|p2a: Dondozo|spe|1\n|-boost|p2a: Dondozo|atk|1\n|-boost|p2a: Dondozo|def|1\n|\n|upkeep\n|turn|52\n|\n|t:|1699818817\n|switch|p1a: Cinderace|Cinderace, M|100\/100\n|move|p2a: Dondozo|Liquidation|p1a: Cinderace\n|-supereffective|p1a: Cinderace\n|-damage|p1a: Cinderace|0 fnt\n|faint|p1a: Cinderace\n|\n|upkeep\n|\n|t:|1699818819\n|switch|p1a: Sandy Shocks|Sandy Shocks, tera:Ice|70\/100\n|turn|53\n|\n|t:|1699818831\n|switch|p2a: Fezandipiti|Fezandipiti, M|27\/100 par\n|move|p1a: Sandy Shocks|Volt Switch|p2a: Fezandipiti\n|-damage|p2a: Fezandipiti|4\/100 par\n|\n|t:|1699818839\n|-end|p1a: Sandy Shocks|Protosynthesis|[silent]\n|switch|p1a: Corviknight|Corviknight, F|66\/100|[from] Volt Switch\n|-ability|p1a: Corviknight|Pressure\n|\n|upkeep\n|turn|54\n|\n|t:|1699818849\n|switch|p2a: Dragapult|Dragapult, F|100\/100\n|move|p1a: Corviknight|U-turn|p2a: Dragapult\n|-resisted|p2a: Dragapult\n|-damage|p2a: Dragapult|91\/100\n|\n|t:|1699818852\n|switch|p1a: Sandy Shocks|Sandy Shocks, tera:Ice|70\/100|[from] U-turn\n|\n|upkeep\n|turn|55\n|\n|t:|1699818863\n|switch|p2a: Fezandipiti|Fezandipiti, M|4\/100 par\n|move|p1a: Sandy Shocks|Tera Blast|p2a: Fezandipiti|[anim] Tera Blast Ice\n|-damage|p2a: Fezandipiti|0 fnt\n|faint|p2a: Fezandipiti\n|\n|upkeep\n|\n|t:|1699818867\n|switch|p2a: Dondozo|Dondozo, M|51\/100\n|turn|56\n|\n|t:|1699818871\n|-end|p1a: Sandy Shocks|Protosynthesis|[silent]\n|switch|p1a: Zamazenta|Zamazenta|100\/100\n|-ability|p1a: Zamazenta|Dauntless Shield|boost\n|-boost|p1a: Zamazenta|def|1\n|move|p2a: Dondozo|Rest|p2a: Dondozo\n|-status|p2a: Dondozo|slp|[from] move: Rest\n|-heal|p2a: Dondozo|100\/100 slp|[silent]\n|\n|upkeep\n|turn|57\n|\n|t:|1699818875\n|move|p1a: Zamazenta|Iron Defense|p1a: Zamazenta\n|-boost|p1a: Zamazenta|def|2\n|cant|p2a: Dondozo|slp\n|move|p2a: Dondozo|Sleep Talk|p2a: Dondozo\n|move|p2a: Dondozo|Rest||[from]move: Sleep Talk|[still]\n|-fail|p2a: Dondozo\n|\n|upkeep\n|turn|58\n|\n|t:|1699818877\n|move|p1a: Zamazenta|Iron Defense|p1a: Zamazenta\n|-boost|p1a: Zamazenta|def|2\n|cant|p2a: Dondozo|slp\n|move|p2a: Dondozo|Sleep Talk|p2a: Dondozo\n|move|p2a: Dondozo|Liquidation|p1a: Zamazenta|[from]move: Sleep Talk\n|-damage|p1a: Zamazenta|71\/100\n|\n|-heal|p1a: Zamazenta|77\/100|[from] item: Leftovers\n|upkeep\n|turn|59\n|\n|t:|1699818883\n|move|p1a: Zamazenta|Iron Defense|p1a: Zamazenta\n|-boost|p1a: Zamazenta|def|1\n|-curestatus|p2a: Dondozo|slp|[msg]\n|move|p2a: Dondozo|Curse|p2a: Dondozo\n|-unboost|p2a: Dondozo|spe|1\n|-boost|p2a: Dondozo|atk|1\n|-boost|p2a: Dondozo|def|1\n|\n|-heal|p1a: Zamazenta|83\/100|[from] item: Leftovers\n|upkeep\n|turn|60\n|\n|t:|1699818887\n|move|p1a: Zamazenta|Body Press|p2a: Dondozo\n|-damage|p2a: Dondozo|91\/100\n|move|p2a: Dondozo|Curse|p2a: Dondozo\n|-unboost|p2a: Dondozo|spe|1\n|-boost|p2a: Dondozo|atk|1\n|-boost|p2a: Dondozo|def|1\n|\n|-heal|p1a: Zamazenta|89\/100|[from] item: Leftovers\n|upkeep\n|turn|61\n|\n|t:|1699818893\n|switch|p1a: Slowking|Slowking-Galar, F|60\/100\n|move|p2a: Dondozo|Liquidation|p1a: Slowking\n|-damage|p1a: Slowking|3\/100\n|\n|upkeep\n|turn|62\n|\n|t:|1699818906\n|move|p1a: Slowking|Sludge Bomb|p2a: Dondozo\n|-damage|p2a: Dondozo|57\/100\n|move|p2a: Dondozo|Liquidation|p1a: Slowking\n|-damage|p1a: Slowking|0 fnt\n|faint|p1a: Slowking\n|\n|upkeep\n|\n|t:|1699818909\n|switch|p1a: Sandy Shocks|Sandy Shocks, tera:Ice|70\/100\n|turn|63\n|\n|t:|1699818917\n|switch|p2a: Landorus|Landorus-Therian, M|71\/100\n|-ability|p2a: Landorus|Intimidate|boost\n|-unboost|p1a: Sandy Shocks|atk|1\n|move|p1a: Sandy Shocks|Thunderbolt|p2a: Landorus\n|-immune|p2a: Landorus\n|\n|upkeep\n|turn|64\n|\n|t:|1699818925\n|-end|p1a: Sandy Shocks|Protosynthesis|[silent]\n|switch|p1a: Zamazenta|Zamazenta|89\/100\n|move|p2a: Landorus|Smack Down|p1a: Zamazenta\n|-resisted|p1a: Zamazenta\n|-damage|p1a: Zamazenta|80\/100\n|\n|-heal|p1a: Zamazenta|86\/100|[from] item: Leftovers\n|upkeep\n|turn|65\n|\n|t:|1699818928\n|switch|p1a: Corviknight|Corviknight, F|66\/100\n|-ability|p1a: Corviknight|Pressure\n|move|p2a: Landorus|U-turn|p1a: Corviknight\n|-resisted|p1a: Corviknight\n|-damage|p1a: Corviknight|62\/100\n|-damage|p2a: Landorus|54\/100|[from] item: Rocky Helmet|[of] p1a: Corviknight\n|\n|t:|1699818931\n|switch|p2a: Dragapult|Dragapult, F|91\/100|[from] U-turn\n|\n|upkeep\n|turn|66\n|\n|t:|1699818946\n|switch|p1a: Zamazenta|Zamazenta|86\/100\n|move|p2a: Dragapult|Thunderbolt|p1a: Zamazenta\n|-damage|p1a: Zamazenta|61\/100\n|-status|p1a: Zamazenta|par\n|\n|-heal|p1a: Zamazenta|67\/100 par|[from] item: Leftovers\n|upkeep\n|turn|67\n|\n|t:|1699818956\n|switch|p2a: Landorus|Landorus-Therian, M|54\/100\n|-ability|p2a: Landorus|Intimidate|boost\n|-unboost|p1a: Zamazenta|atk|1\n|move|p1a: Zamazenta|Iron Head|p2a: Landorus\n|-damage|p2a: Landorus|39\/100\n|-damage|p1a: Zamazenta|50\/100 par|[from] item: Rocky Helmet|[of] p2a: Landorus\n|\n|-heal|p1a: Zamazenta|56\/100 par|[from] item: Leftovers\n|upkeep\n|turn|68\n|\n|t:|1699818962\n|move|p2a: Landorus|U-turn|p1a: Zamazenta\n|-resisted|p1a: Zamazenta\n|-crit|p1a: Zamazenta\n|-damage|p1a: Zamazenta|37\/100 par\n|\n|t:|1699818965\n|switch|p2a: Dondozo|Dondozo, M|57\/100|[from] U-turn\n|move|p1a: Zamazenta|Iron Head|p2a: Dondozo\n|-resisted|p2a: Dondozo\n|-damage|p2a: Dondozo|52\/100\n|\n|-heal|p1a: Zamazenta|43\/100 par|[from] item: Leftovers\n|upkeep\n|turn|69\n|\n|t:|1699818972\n|switch|p1a: Sandy Shocks|Sandy Shocks, tera:Ice|70\/100\n|move|p2a: Dondozo|Rest|p2a: Dondozo\n|-status|p2a: Dondozo|slp|[from] move: Rest\n|-heal|p2a: Dondozo|100\/100 slp|[silent]\n|\n|upkeep\n|turn|70\n|\n|t:|1699818983\n|switch|p2a: Corviknight|Corviknight, M|56\/100\n|-ability|p2a: Corviknight|Pressure\n|move|p1a: Sandy Shocks|Tera Blast|p2a: Corviknight|[anim] Tera Blast Ice\n|-damage|p2a: Corviknight|20\/100\n|\n|upkeep\n|turn|71\n|\n|t:|1699818990\n|move|p1a: Sandy Shocks|Tera Blast|p2a: Corviknight|[anim] Tera Blast Ice\n|-damage|p2a: Corviknight|0 fnt\n|faint|p2a: Corviknight\n|\n|upkeep\n|\n|t:|1699818998\n|switch|p2a: Dondozo|Dondozo, M|100\/100 slp\n|turn|72\n|\n|t:|1699819004\n|-end|p1a: Sandy Shocks|Protosynthesis|[silent]\n|switch|p1a: Zamazenta|Zamazenta|43\/100 par\n|cant|p2a: Dondozo|slp\n|move|p2a: Dondozo|Sleep Talk|p2a: Dondozo\n|move|p2a: Dondozo|Rest||[from]move: Sleep Talk|[still]\n|-fail|p2a: Dondozo\n|\n|-heal|p1a: Zamazenta|49\/100 par|[from] item: Leftovers\n|upkeep\n|turn|73\n|\n|t:|1699819012\n|move|p1a: Zamazenta|Trailblaze|p2a: Dondozo\n|-supereffective|p2a: Dondozo\n|-damage|p2a: Dondozo|89\/100 slp\n|-boost|p1a: Zamazenta|spe|1\n|cant|p2a: Dondozo|slp\n|move|p2a: Dondozo|Sleep Talk|p2a: Dondozo\n|move|p2a: Dondozo|Curse|p2a: Dondozo|[from]move: Sleep Talk\n|-unboost|p2a: Dondozo|spe|1\n|-boost|p2a: Dondozo|atk|1\n|-boost|p2a: Dondozo|def|1\n|\n|-heal|p1a: Zamazenta|55\/100 par|[from] item: Leftovers\n|upkeep\n|turn|74\n|\n|t:|1699819020\n|move|p1a: Zamazenta|Trailblaze|p2a: Dondozo\n|-supereffective|p2a: Dondozo\n|-damage|p2a: Dondozo|81\/100 slp\n|-boost|p1a: Zamazenta|spe|1\n|-curestatus|p2a: Dondozo|slp|[msg]\n|move|p2a: Dondozo|Curse|p2a: Dondozo\n|-unboost|p2a: Dondozo|spe|1\n|-boost|p2a: Dondozo|atk|1\n|-boost|p2a: Dondozo|def|1\n|\n|-heal|p1a: Zamazenta|61\/100 par|[from] item: Leftovers\n|upkeep\n|turn|75\n|\n|t:|1699819027\n|move|p1a: Zamazenta|Trailblaze|p2a: Dondozo\n|-supereffective|p2a: Dondozo\n|-damage|p2a: Dondozo|74\/100\n|-boost|p1a: Zamazenta|spe|1\n|move|p2a: Dondozo|Liquidation|p1a: Zamazenta\n|-damage|p1a: Zamazenta|11\/100 par\n|\n|-heal|p1a: Zamazenta|17\/100 par|[from] item: Leftovers\n|upkeep\n|turn|76\n|\n|t:|1699819033\n|move|p1a: Zamazenta|Trailblaze|p2a: Dondozo\n|-supereffective|p2a: Dondozo\n|-damage|p2a: Dondozo|67\/100\n|-boost|p1a: Zamazenta|spe|1\n|move|p2a: Dondozo|Liquidation|p1a: Zamazenta\n|-damage|p1a: Zamazenta|0 fnt\n|faint|p1a: Zamazenta\n|\n|upkeep\n|\n|t:|1699819036\n|switch|p1a: Sandy Shocks|Sandy Shocks, tera:Ice|70\/100\n|turn|77\n|inactive|PursuitPlaya has 120 seconds left.\n|\n|t:|1699819074\n|switch|p2a: Landorus|Landorus-Therian, M|39\/100\n|-ability|p2a: Landorus|Intimidate|boost\n|-unboost|p1a: Sandy Shocks|atk|1\n|move|p1a: Sandy Shocks|Thunderbolt|p2a: Landorus\n|-immune|p2a: Landorus\n|\n|upkeep\n|turn|78\n|\n|t:|1699819082\n|-end|p1a: Sandy Shocks|Protosynthesis|[silent]\n|switch|p1a: Corviknight|Corviknight, F|62\/100\n|-ability|p1a: Corviknight|Pressure\n|move|p2a: Landorus|Smack Down|p1a: Corviknight\n|-damage|p1a: Corviknight|51\/100\n|-start|p1a: Corviknight|Smack Down\n|\n|upkeep\n|turn|79\n|inactive|PursuitPlaya has 120 seconds left.\n|\n|t:|1699819093\n|switch|p1a: Sandy Shocks|Sandy Shocks, tera:Ice|70\/100\n|move|p2a: Landorus|Earthquake|p1a: Sandy Shocks\n|-damage|p1a: Sandy Shocks|0 fnt\n|faint|p1a: Sandy Shocks\n|-end|p1a: Sandy Shocks|Protosynthesis|[silent]\n|\n|upkeep\n|-message|PursuitPlaya forfeited.\n|\n|win|OkJuice100\n|raw|PursuitPlaya's rating: 1319 &rarr; <strong>1296<\/strong><br \/>(-23 for losing)\n|raw|OkJuice100's rating: 1264 &rarr; <strong>1293<\/strong><br \/>(+29 for winning)\n|l|\u2606PursuitPlaya\n|c|\u2606OkJuice100|gg\n","uploadtime":1699819106,"views":50,"p1id":"pursuitplaya","p2id":"okjuice100","formatid":"gen9ou","rating":1293,"private":0,"password":""}