{"id":"gen9ou-1999435757","p1":"Hi I Am Red Dead 2","p2":"Shearman360","format":"[Gen 9] OU","log":"|j|\u2606Hi I Am Red Dead 2\n|j|\u2606Shearman360\n|t:|1701080125\n|gametype|singles\n|player|p1|Hi I Am Red Dead 2|red|1350\n|player|p2|Shearman360|zinnia|1415\n|teamsize|p1|6\n|teamsize|p2|6\n|gen|9\n|tier|[Gen 9] OU\n|rated|\n|rule|Sleep Clause Mod: Limit one foe put to sleep\n|rule|Species Clause: Limit one of each Pok\u00e9mon\n|rule|OHKO Clause: OHKO moves are banned\n|rule|Evasion Items Clause: Evasion items are banned\n|rule|Evasion Moves Clause: Evasion moves are banned\n|rule|Endless Battle Clause: Forcing endless battles is banned\n|rule|HP Percentage Mod: HP is shown in percentages\n|clearpoke\n|poke|p1|Hatterene, F|\n|poke|p1|Dragapult, F|\n|poke|p1|Dondozo, M|\n|poke|p1|Iron Moth|\n|poke|p1|Corviknight, M|\n|poke|p1|Ting-Lu|\n|poke|p2|Walking Wake|\n|poke|p2|Cinderace, M|\n|poke|p2|Torkoal, F|\n|poke|p2|Kingambit, M|\n|poke|p2|Dragapult, M|\n|poke|p2|Corviknight, F|\n|teampreview\n|inactive|Battle timer is ON: inactive players will automatically lose when time's up. (requested by Hi I Am Red Dead 2)\n|\n|t:|1701080141\n|start\n|switch|p1a: Dragapult|Dragapult, F|100\/100\n|switch|p2a: Dragapult|Dragapult, M|100\/100\n|turn|1\n|\n|t:|1701080151\n|switch|p1a: Ting-Lu|Ting-Lu|100\/100\n|-ability|p1a: Ting-Lu|Vessel of Ruin\n|move|p2a: Dragapult|Dragon Darts|p1a: Ting-Lu\n|-damage|p1a: Ting-Lu|79\/100\n|-anim|p2a: Dragapult|Dragon Darts|p1a: Ting-Lu\n|-damage|p1a: Ting-Lu|61\/100\n|\n|-heal|p1a: Ting-Lu|67\/100|[from] item: Leftovers\n|upkeep\n|turn|2\n|\n|t:|1701080163\n|switch|p2a: Torkoal|Torkoal, F|100\/100\n|-weather|SunnyDay|[from] ability: Drought|[of] p2a: Torkoal\n|move|p1a: Ting-Lu|Stealth Rock|p2a: Torkoal\n|-sidestart|p2: Shearman360|move: Stealth Rock\n|\n|-weather|SunnyDay|[upkeep]\n|-heal|p1a: Ting-Lu|73\/100|[from] item: Leftovers\n|upkeep\n|turn|3\n|\n|t:|1701080173\n|move|p2a: Torkoal|Body Press|p1a: Ting-Lu\n|-supereffective|p1a: Ting-Lu\n|-damage|p1a: Ting-Lu|35\/100\n|move|p1a: Ting-Lu|Whirlwind|p2a: Torkoal\n|drag|p2a: Laharl|Kingambit, M, shiny|100\/100\n|-damage|p2a: Laharl|94\/100|[from] Stealth Rock\n|\n|-weather|SunnyDay|[upkeep]\n|-heal|p1a: Ting-Lu|41\/100|[from] item: Leftovers\n|upkeep\n|turn|4\n|\n|t:|1701080185\n|switch|p1a: Dondozo|Dondozo, M|100\/100\n|move|p2a: Laharl|Low Kick|p1a: Dondozo\n|-damage|p1a: Dondozo|78\/100\n|\n|-weather|SunnyDay|[upkeep]\n|-heal|p1a: Dondozo|84\/100|[from] item: Leftovers\n|upkeep\n|turn|5\n|\n|t:|1701080195\n|-end|p2a: Laharl|fallenundefined|[silent]\n|switch|p2a: Why is this OU|Walking Wake|100\/100\n|-damage|p2a: Why is this OU|88\/100|[from] Stealth Rock\n|-activate|p2a: Why is this OU|ability: Protosynthesis\n|-start|p2a: Why is this OU|protosynthesisspe\n|move|p1a: Dondozo|Body Press|p2a: Why is this OU\n|-damage|p2a: Why is this OU|60\/100\n|\n|-weather|SunnyDay|[upkeep]\n|-heal|p1a: Dondozo|90\/100|[from] item: Leftovers\n|upkeep\n|turn|6\n|inactive|Hi I Am Red Dead 2 has 120 seconds left.\n|\n|t:|1701080236\n|switch|p1a: Hatterene|Hatterene, F, shiny|100\/100\n|-terastallize|p2a: Why is this OU|Water\n|move|p2a: Why is this OU|Hydro Steam|p1a: Hatterene\n|-damage|p1a: Hatterene|0 fnt\n|faint|p1a: Hatterene\n|\n|-weather|SunnyDay|[upkeep]\n|upkeep\n|\n|t:|1701080260\n|switch|p1a: Iron Moth|Iron Moth|100\/100\n|-enditem|p1a: Iron Moth|Booster Energy\n|-activate|p1a: Iron Moth|ability: Quark Drive|[fromitem]\n|-start|p1a: Iron Moth|quarkdrivespe\n|turn|7\n|\n|t:|1701080272\n|-terastallize|p1a: Iron Moth|Fairy\n|move|p1a: Iron Moth|Energy Ball|p2a: Why is this OU\n|-supereffective|p2a: Why is this OU\n|-damage|p2a: Why is this OU|0 fnt\n|faint|p2a: Why is this OU\n|-end|p2a: Why is this OU|Protosynthesis|[silent]\n|\n|-weather|SunnyDay|[upkeep]\n|upkeep\n|\n|t:|1701080301\n|switch|p2a: Cinderace|Cinderace, M|100\/100\n|turn|8\n|\n|t:|1701080318\n|move|p1a: Iron Moth|Fiery Dance|p2a: Cinderace\n|-resisted|p2a: Cinderace\n|-damage|p2a: Cinderace|56\/100\n|move|p2a: Cinderace|Pyro Ball|p1a: Iron Moth\n|-damage|p1a: Iron Moth|0 fnt\n|faint|p1a: Iron Moth\n|-end|p1a: Iron Moth|Quark Drive|[silent]\n|\n|-weather|SunnyDay|[upkeep]\n|upkeep\n|inactive|Hi I Am Red Dead 2 has 90 seconds left.\n|\n|t:|1701080333\n|switch|p1a: Dragapult|Dragapult, F|100\/100\n|turn|9\n|\n|t:|1701080337\n|move|p2a: Cinderace|Sucker Punch|p1a: Dragapult\n|-start|p2a: Cinderace|typechange|Dark|[from] ability: Libero\n|-supereffective|p1a: Dragapult\n|-damage|p1a: Dragapult|5\/100\n|move|p1a: Dragapult|Fire Blast|p2a: Cinderace|[miss]\n|-miss|p1a: Dragapult|p2a: Cinderace\n|\n|-weather|none\n|upkeep\n|turn|10\n|\n|t:|1701080351\n|switch|p1a: Dondozo|Dondozo, M|90\/100\n|move|p2a: Cinderace|Court Change|p2a: Cinderace\n|-swapsideconditions\n|-activate|p2a: Cinderace|move: Court Change\n|\n|-heal|p1a: Dondozo|97\/100|[from] item: Leftovers\n|upkeep\n|turn|11\n|\n|t:|1701080372\n|switch|p2a: Torkoal|Torkoal, F|100\/100\n|-weather|SunnyDay|[from] ability: Drought|[of] p2a: Torkoal\n|move|p1a: Dondozo|Curse|p1a: Dondozo\n|-unboost|p1a: Dondozo|spe|1\n|-boost|p1a: Dondozo|atk|1\n|-boost|p1a: Dondozo|def|1\n|\n|-weather|SunnyDay|[upkeep]\n|-heal|p1a: Dondozo|100\/100|[from] item: Leftovers\n|upkeep\n|turn|12\n|\n|t:|1701080384\n|move|p2a: Torkoal|Yawn|p1a: Dondozo\n|-start|p1a: Dondozo|move: Yawn|[of] p2a: Torkoal\n|move|p1a: Dondozo|Curse|p1a: Dondozo\n|-unboost|p1a: Dondozo|spe|1\n|-boost|p1a: Dondozo|atk|1\n|-boost|p1a: Dondozo|def|1\n|\n|-weather|SunnyDay|[upkeep]\n|upkeep\n|turn|13\n|\n|t:|1701080404\n|move|p2a: Torkoal|Body Press|p1a: Dondozo\n|-damage|p1a: Dondozo|93\/100\n|move|p1a: Dondozo|Rest|p1a: Dondozo\n|-status|p1a: Dondozo|slp|[from] move: Rest\n|-heal|p1a: Dondozo|100\/100 slp|[silent]\n|\n|-weather|SunnyDay|[upkeep]\n|-end|p1a: Dondozo|move: Yawn|[silent]\n|upkeep\n|turn|14\n|\n|t:|1701080419\n|switch|p2a: Corviknight|Corviknight, F|100\/100\n|-ability|p2a: Corviknight|Pressure\n|cant|p1a: Dondozo|slp\n|\n|-weather|SunnyDay|[upkeep]\n|upkeep\n|turn|15\n|\n|t:|1701080429\n|move|p2a: Corviknight|Iron Defense|p2a: Corviknight\n|-boost|p2a: Corviknight|def|2\n|cant|p1a: Dondozo|slp\n|\n|-weather|SunnyDay|[upkeep]\n|upkeep\n|turn|16\n|\n|t:|1701080438\n|move|p2a: Corviknight|Iron Defense|p2a: Corviknight\n|-boost|p2a: Corviknight|def|2\n|-curestatus|p1a: Dondozo|slp|[msg]\n|move|p1a: Dondozo|Curse|p1a: Dondozo\n|-unboost|p1a: Dondozo|spe|1\n|-boost|p1a: Dondozo|atk|1\n|-boost|p1a: Dondozo|def|1\n|\n|-weather|SunnyDay|[upkeep]\n|upkeep\n|turn|17\n|\n|t:|1701080448\n|move|p2a: Corviknight|Iron Defense|p2a: Corviknight\n|-boost|p2a: Corviknight|def|2\n|move|p1a: Dondozo|Curse|p1a: Dondozo\n|-unboost|p1a: Dondozo|spe|1\n|-boost|p1a: Dondozo|atk|1\n|-boost|p1a: Dondozo|def|1\n|\n|-weather|SunnyDay|[upkeep]\n|upkeep\n|turn|18\n|\n|t:|1701080457\n|move|p2a: Corviknight|Body Press|p1a: Dondozo\n|-damage|p1a: Dondozo|97\/100\n|move|p1a: Dondozo|Curse|p1a: Dondozo\n|-unboost|p1a: Dondozo|spe|1\n|-boost|p1a: Dondozo|atk|1\n|-boost|p1a: Dondozo|def|1\n|\n|-weather|none\n|-heal|p1a: Dondozo|100\/100|[from] item: Leftovers\n|upkeep\n|turn|19\n|\n|t:|1701080468\n|move|p2a: Corviknight|Iron Defense|p2a: Corviknight\n|-boost|p2a: Corviknight|def|0\n|move|p1a: Dondozo|Curse|p1a: Dondozo\n|-unboost|p1a: Dondozo|spe|1\n|-boost|p1a: Dondozo|atk|1\n|-boost|p1a: Dondozo|def|1\n|\n|upkeep\n|turn|20\n|\n|t:|1701080476\n|move|p2a: Corviknight|Protect|p2a: Corviknight\n|-singleturn|p2a: Corviknight|Protect\n|move|p1a: Dondozo|Liquidation|p2a: Corviknight\n|-activate|p2a: Corviknight|move: Protect\n|\n|upkeep\n|turn|21\n|inactive|Hi I Am Red Dead 2 has 120 seconds left.\n|\n|t:|1701080487\n|move|p2a: Corviknight|Iron Defense|p2a: Corviknight\n|-boost|p2a: Corviknight|def|0\n|move|p1a: Dondozo|Liquidation|p2a: Corviknight\n|-damage|p2a: Corviknight|6\/100\n|\n|-heal|p2a: Corviknight|12\/100|[from] item: Leftovers\n|upkeep\n|turn|22\n|inactive|Hi I Am Red Dead 2 has 120 seconds left.\n|\n|t:|1701080500\n|move|p2a: Corviknight|Protect|p2a: Corviknight\n|-singleturn|p2a: Corviknight|Protect\n|move|p1a: Dondozo|Curse|p1a: Dondozo\n|\n|-heal|p2a: Corviknight|18\/100|[from] item: Leftovers\n|upkeep\n|turn|23\n|\n|t:|1701080508\n|move|p2a: Corviknight|Roost|p2a: Corviknight\n|-heal|p2a: Corviknight|68\/100\n|-singleturn|p2a: Corviknight|move: Roost\n|move|p1a: Dondozo|Body Press|p2a: Corviknight\n|-supereffective|p2a: Corviknight\n|-damage|p2a: Corviknight|0 fnt\n|faint|p2a: Corviknight\n|\n|upkeep\n|\n|t:|1701080517\n|switch|p2a: Torkoal|Torkoal, F|100\/100\n|-weather|SunnyDay|[from] ability: Drought|[of] p2a: Torkoal\n|turn|24\n|\n|t:|1701080523\n|move|p2a: Torkoal|Will-O-Wisp|p1a: Dondozo\n|-status|p1a: Dondozo|brn\n|move|p1a: Dondozo|Liquidation|p2a: Torkoal\n|-supereffective|p2a: Torkoal\n|-damage|p2a: Torkoal|70\/100\n|\n|-weather|SunnyDay|[upkeep]\n|-damage|p1a: Dondozo|94\/100 brn|[from] brn\n|upkeep\n|turn|25\n|\n|t:|1701080533\n|move|p2a: Torkoal|Body Press|p1a: Dondozo\n|-crit|p1a: Dondozo\n|-damage|p1a: Dondozo|71\/100 brn\n|move|p1a: Dondozo|Rest|p1a: Dondozo\n|-status|p1a: Dondozo|slp|[from] move: Rest\n|-heal|p1a: Dondozo|100\/100 slp|[silent]\n|\n|-weather|SunnyDay|[upkeep]\n|upkeep\n|turn|26\n|\n|t:|1701080543\n|move|p2a: Torkoal|Body Press|p1a: Dondozo\n|-damage|p1a: Dondozo|97\/100 slp\n|cant|p1a: Dondozo|slp\n|\n|-weather|SunnyDay|[upkeep]\n|-heal|p1a: Dondozo|100\/100 slp|[from] item: Leftovers\n|upkeep\n|turn|27\n|\n|t:|1701080552\n|move|p2a: Torkoal|Body Press|p1a: Dondozo\n|-damage|p1a: Dondozo|97\/100 slp\n|cant|p1a: Dondozo|slp\n|\n|-weather|SunnyDay|[upkeep]\n|-heal|p1a: Dondozo|100\/100 slp|[from] item: Leftovers\n|upkeep\n|turn|28\n|\n|t:|1701080561\n|move|p2a: Torkoal|Body Press|p1a: Dondozo\n|-damage|p1a: Dondozo|97\/100 slp\n|-curestatus|p1a: Dondozo|slp|[msg]\n|move|p1a: Dondozo|Curse|p1a: Dondozo\n|\n|-weather|SunnyDay|[upkeep]\n|-heal|p1a: Dondozo|100\/100|[from] item: Leftovers\n|upkeep\n|turn|29\n|\n|t:|1701080578\n|move|p2a: Torkoal|Will-O-Wisp|p1a: Dondozo\n|-status|p1a: Dondozo|brn\n|move|p1a: Dondozo|Liquidation|p2a: Torkoal\n|-supereffective|p2a: Torkoal\n|-damage|p2a: Torkoal|36\/100\n|\n|-weather|SunnyDay|[upkeep]\n|-damage|p1a: Dondozo|94\/100 brn|[from] brn\n|upkeep\n|turn|30\n|\n|t:|1701080589\n|move|p2a: Torkoal|Body Press|p1a: Dondozo\n|-damage|p1a: Dondozo|90\/100 brn\n|move|p1a: Dondozo|Rest|p1a: Dondozo\n|-status|p1a: Dondozo|slp|[from] move: Rest\n|-heal|p1a: Dondozo|100\/100 slp|[silent]\n|\n|-weather|SunnyDay|[upkeep]\n|upkeep\n|turn|31\n|\n|t:|1701080599\n|move|p2a: Torkoal|Body Press|p1a: Dondozo\n|-damage|p1a: Dondozo|97\/100 slp\n|cant|p1a: Dondozo|slp\n|\n|-weather|none\n|-heal|p1a: Dondozo|100\/100 slp|[from] item: Leftovers\n|upkeep\n|turn|32\n|\n|t:|1701080608\n|move|p2a: Torkoal|Body Press|p1a: Dondozo\n|-damage|p1a: Dondozo|97\/100 slp\n|cant|p1a: Dondozo|slp\n|\n|-heal|p1a: Dondozo|100\/100 slp|[from] item: Leftovers\n|upkeep\n|turn|33\n|\n|t:|1701080616\n|move|p2a: Torkoal|Body Press|p1a: Dondozo\n|-damage|p1a: Dondozo|97\/100 slp\n|-curestatus|p1a: Dondozo|slp|[msg]\n|move|p1a: Dondozo|Body Press|p2a: Torkoal\n|-damage|p2a: Torkoal|0 fnt\n|faint|p2a: Torkoal\n|\n|-heal|p1a: Dondozo|100\/100|[from] item: Leftovers\n|upkeep\n|\n|t:|1701080627\n|switch|p2a: Dragapult|Dragapult, M|100\/100\n|turn|34\n|\n|t:|1701080631\n|move|p2a: Dragapult|Phantom Force||[still]\n|-prepare|p2a: Dragapult|Phantom Force\n|move|p1a: Dondozo|Liquidation|p2a: Dragapult|[miss]\n|-miss|p1a: Dondozo|p2a: Dragapult\n|\n|upkeep\n|turn|35\n|\n|t:|1701080639\n|move|p2a: Dragapult|Phantom Force|p1a: Dondozo|[from]lockedmove\n|-damage|p1a: Dondozo|92\/100\n|move|p1a: Dondozo|Liquidation|p2a: Dragapult\n|-resisted|p2a: Dragapult\n|-damage|p2a: Dragapult|20\/100\n|\n|-heal|p1a: Dondozo|98\/100|[from] item: Leftovers\n|upkeep\n|turn|36\n|\n|t:|1701080655\n|switch|p2a: Cinderace|Cinderace, M|56\/100\n|move|p1a: Dondozo|Body Press|p2a: Cinderace\n|-damage|p2a: Cinderace|0 fnt\n|faint|p2a: Cinderace\n|\n|-heal|p1a: Dondozo|100\/100|[from] item: Leftovers\n|upkeep\n|\n|t:|1701080670\n|switch|p2a: Dragapult|Dragapult, M|20\/100\n|turn|37\n|\n|t:|1701080673\n|move|p2a: Dragapult|Phantom Force||[still]\n|-prepare|p2a: Dragapult|Phantom Force\n|move|p1a: Dondozo|Body Press|p2a: Dragapult|[miss]\n|-miss|p1a: Dondozo|p2a: Dragapult\n|\n|upkeep\n|turn|38\n|\n|t:|1701080679\n|move|p2a: Dragapult|Phantom Force|p1a: Dondozo|[from]lockedmove\n|-damage|p1a: Dondozo|93\/100\n|move|p1a: Dondozo|Liquidation|p2a: Dragapult\n|-resisted|p2a: Dragapult\n|-damage|p2a: Dragapult|0 fnt\n|faint|p2a: Dragapult\n|\n|-heal|p1a: Dondozo|99\/100|[from] item: Leftovers\n|upkeep\n|\n|t:|1701080686\n|switch|p2a: Laharl|Kingambit, M, shiny|94\/100\n|-activate|p2a: Laharl|ability: Supreme Overlord\n|-start|p2a: Laharl|fallen5|[silent]\n|turn|39\n|\n|t:|1701080693\n|move|p2a: Laharl|Low Kick|p1a: Dondozo\n|-damage|p1a: Dondozo|92\/100\n|move|p1a: Dondozo|Body Press|p2a: Laharl\n|-supereffective|p2a: Laharl\n|-damage|p2a: Laharl|0 fnt\n|faint|p2a: Laharl\n|-end|p2a: Laharl|fallen5|[silent]\n|\n|win|Hi I Am Red Dead 2\n|raw|Hi I Am Red Dead 2's rating: 1350 &rarr; <strong>1374<\/strong><br \/>(+24 for winning)\n|raw|Shearman360's rating: 1415 &rarr; <strong>1391<\/strong><br \/>(-24 for losing)\n|l|\u2606Shearman360\n|c|\u2606Hi I Am Red Dead 2|gg\n","uploadtime":1701080721,"views":12,"p1id":"hiiamreddead2","p2id":"shearman360","formatid":"gen9ou","rating":1374,"private":0,"password":""}