{"id":"gen9ou-1989879157","p1":"Yung Phi","p2":"KOTONOHOUSE","format":"[Gen 9] OU","log":"|j|\u2606Yung Phi\n|j|\u2606KOTONOHOUSE\n|t:|1699903336\n|gametype|singles\n|player|p1|Yung Phi|265|1253\n|player|p2|KOTONOHOUSE|unknown|1346\n|teamsize|p1|6\n|teamsize|p2|6\n|gen|9\n|tier|[Gen 9] OU\n|rated|\n|rule|Sleep Clause Mod: Limit one foe put to sleep\n|rule|Species Clause: Limit one of each Pok\u00e9mon\n|rule|OHKO Clause: OHKO moves are banned\n|rule|Evasion Items Clause: Evasion items are banned\n|rule|Evasion Moves Clause: Evasion moves are banned\n|rule|Endless Battle Clause: Forcing endless battles is banned\n|rule|HP Percentage Mod: HP is shown in percentages\n|clearpoke\n|poke|p1|Rillaboom, M|\n|poke|p1|Sneasler, M|\n|poke|p1|Heatran, F|\n|poke|p1|Kingambit, F|\n|poke|p1|Iron Valiant|\n|poke|p1|Greninja-*, M|\n|poke|p2|Kingambit, M|\n|poke|p2|Heatran, M|\n|poke|p2|Garchomp, M|\n|poke|p2|Scizor, M|\n|poke|p2|Samurott-Hisui, F|\n|poke|p2|Cresselia, F|\n|teampreview\n|inactive|Battle timer is ON: inactive players will automatically lose when time's up. (requested by KOTONOHOUSE)\n|\n|t:|1699903349\n|start\n|switch|p1a: Spear Chucker|Rillaboom, M|100\/100\n|switch|p2a: Samurott|Samurott-Hisui, F|100\/100\n|-fieldstart|move: Grassy Terrain|[from] ability: Grassy Surge|[of] p1a: Spear Chucker\n|turn|1\n|\n|t:|1699903356\n|move|p2a: Samurott|Ceaseless Edge|p1a: Spear Chucker\n|-damage|p1a: Spear Chucker|54\/100\n|-sidestart|p1: Yung Phi|Spikes\n|move|p1a: Spear Chucker|Wood Hammer|p2a: Samurott\n|-supereffective|p2a: Samurott\n|-enditem|p2a: Samurott|Focus Sash\n|-damage|p2a: Samurott|1\/100\n|-damage|p1a: Spear Chucker|23\/100|[from] Recoil\n|\n|-heal|p2a: Samurott|7\/100|[from] Grassy Terrain\n|-heal|p1a: Spear Chucker|29\/100|[from] Grassy Terrain\n|upkeep\n|turn|2\n|\n|t:|1699903371\n|switch|p1a: its Heatrover|Heatran, F|100\/100\n|-damage|p1a: its Heatrover|88\/100|[from] Spikes\n|move|p2a: Samurott|Ceaseless Edge|p1a: its Heatrover\n|-damage|p1a: its Heatrover|46\/100\n|-sidestart|p1: Yung Phi|Spikes\n|\n|-heal|p2a: Samurott|13\/100|[from] Grassy Terrain\n|-heal|p1a: its Heatrover|52\/100|[from] Grassy Terrain\n|-heal|p1a: its Heatrover|58\/100|[from] item: Leftovers\n|upkeep\n|turn|3\n|\n|t:|1699903389\n|move|p2a: Samurott|Razor Shell|p1a: its Heatrover\n|-supereffective|p1a: its Heatrover\n|-damage|p1a: its Heatrover|0 fnt\n|faint|p1a: its Heatrover\n|\n|-heal|p2a: Samurott|20\/100|[from] Grassy Terrain\n|upkeep\n|\n|t:|1699903395\n|switch|p1a: Spear Chucker|Rillaboom, M|29\/100\n|-damage|p1a: Spear Chucker|13\/100|[from] Spikes\n|turn|4\n|\n|t:|1699903401\n|move|p1a: Spear Chucker|Grassy Glide|p2a: Samurott\n|-supereffective|p2a: Samurott\n|-damage|p2a: Samurott|0 fnt\n|faint|p2a: Samurott\n|\n|-heal|p1a: Spear Chucker|19\/100|[from] Grassy Terrain\n|upkeep\n|\n|t:|1699903409\n|switch|p2a: Scizor|Scizor, M|100\/100\n|turn|5\n|\n|t:|1699903418\n|move|p1a: Spear Chucker|Grassy Glide|p2a: Scizor\n|-resisted|p2a: Scizor\n|-damage|p2a: Scizor|86\/100\n|move|p2a: Scizor|U-turn|p1a: Spear Chucker\n|-supereffective|p1a: Spear Chucker\n|-damage|p1a: Spear Chucker|0 fnt\n|faint|p1a: Spear Chucker\n|-damage|p2a: Scizor|76\/100|[from] item: Life Orb\n|\n|t:|1699903447\n|switch|p2a: Cresselia|Cresselia, F|100\/100|[from] U-turn\n|\n|-fieldend|move: Grassy Terrain\n|upkeep\n|\n|t:|1699903451\n|switch|p1a: Gambito|Kingambit, F|100\/100\n|-damage|p1a: Gambito|84\/100|[from] Spikes\n|-activate|p1a: Gambito|ability: Supreme Overlord\n|-start|p1a: Gambito|fallen2|[silent]\n|turn|6\n|\n|t:|1699903460\n|switch|p2a: Garchomp|Garchomp, M|100\/100\n|move|p1a: Gambito|Kowtow Cleave|p2a: Garchomp\n|-damage|p2a: Garchomp|46\/100\n|-damage|p1a: Gambito|72\/100|[from] ability: Rough Skin|[of] p2a: Garchomp\n|-damage|p1a: Gambito|55\/100|[from] item: Rocky Helmet|[of] p2a: Garchomp\n|\n|upkeep\n|turn|7\n|\n|t:|1699903470\n|-terastallize|p1a: Gambito|Fairy\n|move|p2a: Garchomp|Earthquake|p1a: Gambito\n|-damage|p1a: Gambito|18\/100\n|move|p1a: Gambito|Swords Dance|p1a: Gambito\n|-boost|p1a: Gambito|atk|2\n|\n|upkeep\n|turn|8\n|\n|t:|1699903479\n|move|p1a: Gambito|Sucker Punch|p2a: Garchomp\n|-damage|p2a: Garchomp|0 fnt\n|-damage|p1a: Gambito|6\/100|[from] ability: Rough Skin|[of] p2a: Garchomp\n|-damage|p1a: Gambito|0 fnt|[from] item: Rocky Helmet|[of] p2a: Garchomp\n|faint|p2a: Garchomp\n|faint|p1a: Gambito\n|-end|p1a: Gambito|fallen2|[silent]\n|\n|upkeep\n|\n|t:|1699903496\n|switch|p2a: Scizor|Scizor, M|76\/100\n|switch|p1a: Naruto Uzumaki|Greninja, M|100\/100\n|-damage|p1a: Naruto Uzumaki|84\/100|[from] Spikes\n|turn|9\n|\n|t:|1699903513\n|move|p1a: Naruto Uzumaki|Ice Beam|p2a: Scizor\n|-resisted|p2a: Scizor\n|-damage|p2a: Scizor|56\/100\n|-damage|p1a: Naruto Uzumaki|74\/100|[from] item: Life Orb\n|move|p2a: Scizor|U-turn|p1a: Naruto Uzumaki\n|-supereffective|p1a: Naruto Uzumaki\n|-damage|p1a: Naruto Uzumaki|0 fnt\n|faint|p1a: Naruto Uzumaki\n|-damage|p2a: Scizor|46\/100|[from] item: Life Orb\n|\n|t:|1699903528\n|switch|p2a: Cresselia|Cresselia, F|100\/100|[from] U-turn\n|\n|upkeep\n|\n|t:|1699903531\n|switch|p1a: Trans Rights|Iron Valiant|100\/100\n|-damage|p1a: Trans Rights|84\/100|[from] Spikes\n|-enditem|p1a: Trans Rights|Booster Energy\n|-activate|p1a: Trans Rights|ability: Quark Drive|[fromitem]\n|-start|p1a: Trans Rights|quarkdrivespe\n|turn|10\n|\n|t:|1699903541\n|move|p1a: Trans Rights|Psyshock|p2a: Cresselia\n|-resisted|p2a: Cresselia\n|-damage|p2a: Cresselia|94\/100\n|move|p2a: Cresselia|Calm Mind|p2a: Cresselia\n|-boost|p2a: Cresselia|spa|1\n|-boost|p2a: Cresselia|spd|1\n|\n|-heal|p2a: Cresselia|99\/100|[from] item: Leftovers\n|upkeep\n|turn|11\n|\n|t:|1699903550\n|move|p1a: Trans Rights|Moonblast|p2a: Cresselia\n|-damage|p2a: Cresselia|77\/100\n|move|p2a: Cresselia|Calm Mind|p2a: Cresselia\n|-boost|p2a: Cresselia|spa|1\n|-boost|p2a: Cresselia|spd|1\n|\n|-heal|p2a: Cresselia|83\/100|[from] item: Leftovers\n|upkeep\n|turn|12\n|\n|t:|1699903561\n|-end|p1a: Trans Rights|Quark Drive|[silent]\n|switch|p1a: Da Baddest purr|Sneasler, M|100\/100\n|-damage|p1a: Da Baddest purr|84\/100|[from] Spikes\n|move|p2a: Cresselia|Moonblast|p1a: Da Baddest purr\n|-crit|p1a: Da Baddest purr\n|-damage|p1a: Da Baddest purr|17\/100\n|-unboost|p1a: Da Baddest purr|spa|1\n|\n|-heal|p2a: Cresselia|89\/100|[from] item: Leftovers\n|upkeep\n|turn|13\n|\n|t:|1699903572\n|move|p1a: Da Baddest purr|Acrobatics|p2a: Cresselia\n|-damage|p2a: Cresselia|78\/100\n|move|p2a: Cresselia|Stored Power|p1a: Da Baddest purr\n|-supereffective|p1a: Da Baddest purr\n|-damage|p1a: Da Baddest purr|0 fnt\n|faint|p1a: Da Baddest purr\n|\n|-heal|p2a: Cresselia|84\/100|[from] item: Leftovers\n|upkeep\n|-message|Yung Phi forfeited.\n|\n|win|KOTONOHOUSE\n|raw|Yung Phi's rating: 1253 &rarr; <strong>1235<\/strong><br \/>(-18 for losing)\n|raw|KOTONOHOUSE's rating: 1346 &rarr; <strong>1361<\/strong><br \/>(+15 for winning)\n|l|\u2606Yung Phi\n|c|\u2606KOTONOHOUSE|Good thing I didn\u2019t kill trans rights\n","uploadtime":1699903607,"views":11,"p1id":"yungphi","p2id":"kotonohouse","formatid":"gen9ou","rating":1235,"private":0,"password":""}