{"id":"gen9ou-1991248952","p1":"ratatta17","p2":"donloucho","format":"[Gen 9] OU","log":"|j|\u2606ratatta17\n|j|\u2606donloucho\n|t:|1700061146\n|gametype|singles\n|player|p1|ratatta17|169|1424\n|player|p2|donloucho|1|1354\n|teamsize|p1|6\n|teamsize|p2|6\n|gen|9\n|tier|[Gen 9] OU\n|rated|\n|rule|Sleep Clause Mod: Limit one foe put to sleep\n|rule|Species Clause: Limit one of each Pok\u00e9mon\n|rule|OHKO Clause: OHKO moves are banned\n|rule|Evasion Items Clause: Evasion items are banned\n|rule|Evasion Moves Clause: Evasion moves are banned\n|rule|Endless Battle Clause: Forcing endless battles is banned\n|rule|HP Percentage Mod: HP is shown in percentages\n|clearpoke\n|poke|p1|Azumarill, F|\n|poke|p1|Staraptor, M|\n|poke|p1|Toedscruel, F|\n|poke|p1|Skeledirge, F|\n|poke|p1|Ninetales-Alola, M|\n|poke|p1|Iron Valiant|\n|poke|p2|Zapdos|\n|poke|p2|Kingambit, M|\n|poke|p2|Slowking-Galar, M|\n|poke|p2|Dragapult, M|\n|poke|p2|Ogerpon-Wellspring, F|\n|poke|p2|Great Tusk|\n|teampreview\n|inactive|Battle timer is ON: inactive players will automatically lose when time's up. (requested by ratatta17)\n|\n|t:|1700061158\n|start\n|switch|p1a: Staraptor|Staraptor, M|100\/100\n|switch|p2a: Dragapult|Dragapult, M|100\/100\n|-ability|p1a: Staraptor|Intimidate|boost\n|-unboost|p2a: Dragapult|atk|1\n|turn|1\n|\n|t:|1700061184\n|move|p2a: Dragapult|U-turn|p1a: Staraptor\n|-resisted|p1a: Staraptor\n|-damage|p1a: Staraptor|94\/100\n|\n|t:|1700061187\n|switch|p2a: Great Tusk|Great Tusk|100\/100|[from] U-turn\n|-enditem|p2a: Great Tusk|Booster Energy\n|-activate|p2a: Great Tusk|ability: Protosynthesis|[fromitem]\n|-start|p2a: Great Tusk|protosynthesisdef\n|move|p1a: Staraptor|Brave Bird|p2a: Great Tusk\n|-supereffective|p2a: Great Tusk\n|-damage|p2a: Great Tusk|63\/100\n|-damage|p1a: Staraptor|79\/100|[from] Recoil\n|\n|upkeep\n|turn|2\n|\n|t:|1700061198\n|switch|p1a: Ninetales|Ninetales-Alola, M|100\/100\n|-weather|Snow|[from] ability: Snow Warning|[of] p1a: Ninetales\n|move|p2a: Great Tusk|Stealth Rock|p1a: Ninetales\n|-sidestart|p1: ratatta17|move: Stealth Rock\n|\n|-weather|Snow|[upkeep]\n|upkeep\n|turn|3\n|\n|t:|1700061207\n|move|p1a: Ninetales|Aurora Veil|p1a: Ninetales\n|-sidestart|p1: ratatta17|move: Aurora Veil\n|move|p2a: Great Tusk|Knock Off|p1a: Ninetales\n|-resisted|p1a: Ninetales\n|-damage|p1a: Ninetales|94\/100\n|-enditem|p1a: Ninetales|Light Clay|[from] move: Knock Off|[of] p2a: Great Tusk\n|\n|-weather|Snow|[upkeep]\n|upkeep\n|turn|4\n|\n|t:|1700061219\n|move|p1a: Ninetales|Encore|p2a: Great Tusk\n|-start|p2a: Great Tusk|Encore\n|move|p2a: Great Tusk|Knock Off|p1a: Ninetales\n|-resisted|p1a: Ninetales\n|-damage|p1a: Ninetales|91\/100\n|\n|-weather|Snow|[upkeep]\n|upkeep\n|turn|5\n|\n|t:|1700061225\n|switch|p1a: Toedscruel|Toedscruel, F|100\/100\n|-damage|p1a: Toedscruel|94\/100|[from] Stealth Rock\n|move|p2a: Great Tusk|Knock Off|p1a: Toedscruel\n|-damage|p1a: Toedscruel|83\/100\n|-enditem|p1a: Toedscruel|Leftovers|[from] move: Knock Off|[of] p2a: Great Tusk\n|\n|-weather|Snow|[upkeep]\n|upkeep\n|turn|6\n|\n|t:|1700061232\n|move|p2a: Great Tusk|Knock Off|p1a: Toedscruel\n|-damage|p1a: Toedscruel|74\/100\n|move|p1a: Toedscruel|Spore|p2a: Great Tusk\n|-status|p2a: Great Tusk|slp|[from] move: Spore\n|\n|-weather|none\n|-end|p2a: Great Tusk|Encore\n|upkeep\n|turn|7\n|\n|t:|1700061239\n|cant|p2a: Great Tusk|slp\n|move|p1a: Toedscruel|Leech Seed|p2a: Great Tusk\n|-start|p2a: Great Tusk|move: Leech Seed\n|\n|-damage|p2a: Great Tusk|51\/100 slp|[from] Leech Seed|[of] p1a: Toedscruel\n|-heal|p1a: Toedscruel|89\/100|[silent]\n|upkeep\n|turn|8\n|\n|t:|1700061245\n|move|p1a: Toedscruel|Rapid Spin|p2a: Great Tusk\n|-damage|p2a: Great Tusk|48\/100 slp\n|-boost|p1a: Toedscruel|spe|1\n|-sideend|p1: ratatta17|Stealth Rock|[from] move: Rapid Spin|[of] p1a: Toedscruel\n|cant|p2a: Great Tusk|slp\n|\n|-damage|p2a: Great Tusk|35\/100 slp|[from] Leech Seed|[of] p1a: Toedscruel\n|-heal|p1a: Toedscruel|100\/100|[silent]\n|upkeep\n|turn|9\n|\n|t:|1700061256\n|switch|p1a: Ninetales|Ninetales-Alola, M|91\/100\n|-weather|Snow|[from] ability: Snow Warning|[of] p1a: Ninetales\n|-curestatus|p2a: Great Tusk|slp|[msg]\n|move|p2a: Great Tusk|Stealth Rock|p1a: Ninetales\n|-sidestart|p1: ratatta17|move: Stealth Rock\n|\n|-weather|Snow|[upkeep]\n|-damage|p2a: Great Tusk|23\/100|[from] Leech Seed|[of] p1a: Ninetales\n|-heal|p1a: Ninetales|100\/100|[silent]\n|upkeep\n|turn|10\n|\n|t:|1700061269\n|move|p1a: Ninetales|Freeze-Dry|p2a: Great Tusk\n|-supereffective|p2a: Great Tusk\n|-damage|p2a: Great Tusk|0 fnt\n|faint|p2a: Great Tusk\n|-end|p2a: Great Tusk|Protosynthesis|[silent]\n|\n|-weather|Snow|[upkeep]\n|-sideend|p1: ratatta17|move: Aurora Veil\n|upkeep\n|\n|t:|1700061290\n|switch|p2a: Kingambit|Kingambit, M|100\/100\n|-activate|p2a: Kingambit|ability: Supreme Overlord\n|-start|p2a: Kingambit|fallen1|[silent]\n|turn|11\n|\n|t:|1700061293\n|move|p1a: Ninetales|Aurora Veil|p1a: Ninetales\n|-sidestart|p1: ratatta17|move: Aurora Veil\n|move|p2a: Kingambit|Iron Head|p1a: Ninetales\n|-supereffective|p1a: Ninetales\n|-damage|p1a: Ninetales|18\/100\n|\n|-weather|Snow|[upkeep]\n|upkeep\n|turn|12\n|\n|t:|1700061304\n|move|p1a: Ninetales|Encore|p2a: Kingambit\n|-start|p2a: Kingambit|Encore\n|move|p2a: Kingambit|Iron Head|p1a: Ninetales\n|-supereffective|p1a: Ninetales\n|-damage|p1a: Ninetales|0 fnt\n|faint|p1a: Ninetales\n|\n|-weather|Snow|[upkeep]\n|upkeep\n|\n|t:|1700061316\n|switch|p1a: Skeledirge|Skeledirge, F|100\/100\n|-damage|p1a: Skeledirge|75\/100|[from] Stealth Rock\n|turn|13\n|\n|t:|1700061321\n|-end|p2a: Kingambit|fallen1|[silent]\n|switch|p2a: Slowking|Slowking-Galar, M|100\/100\n|move|p1a: Skeledirge|Will-O-Wisp|p2a: Slowking\n|-status|p2a: Slowking|brn\n|\n|-weather|none\n|-heal|p1a: Skeledirge|82\/100|[from] item: Leftovers\n|-damage|p2a: Slowking|94\/100 brn|[from] brn\n|upkeep\n|turn|14\n|\n|t:|1700061332\n|move|p1a: Skeledirge|Torch Song|p2a: Slowking\n|-damage|p2a: Slowking|72\/100 brn\n|-boost|p1a: Skeledirge|spa|1\n|move|p2a: Slowking|Sludge Bomb|p1a: Skeledirge\n|-resisted|p1a: Skeledirge\n|-damage|p1a: Skeledirge|76\/100\n|\n|-heal|p1a: Skeledirge|82\/100|[from] item: Leftovers\n|-heal|p2a: Slowking|78\/100 brn|[from] item: Leftovers\n|-damage|p2a: Slowking|72\/100 brn|[from] brn\n|upkeep\n|turn|15\n|\n|t:|1700061346\n|move|p1a: Skeledirge|Hex|p2a: Slowking\n|-supereffective|p2a: Slowking\n|-damage|p2a: Slowking|0 fnt\n|faint|p2a: Slowking\n|\n|-heal|p1a: Skeledirge|88\/100|[from] item: Leftovers\n|-sideend|p1: ratatta17|move: Aurora Veil\n|upkeep\n|\n|t:|1700061353\n|switch|p2a: Ogerpon|Ogerpon-Wellspring, F|100\/100\n|turn|16\n|\n|t:|1700061356\n|-terastallize|p1a: Skeledirge|Dragon\n|move|p2a: Ogerpon|Ivy Cudgel|p1a: Skeledirge|[anim] Ivy Cudgel Water\n|-resisted|p1a: Skeledirge\n|-damage|p1a: Skeledirge|62\/100\n|move|p1a: Skeledirge|Will-O-Wisp|p2a: Ogerpon\n|-status|p2a: Ogerpon|brn\n|\n|-heal|p1a: Skeledirge|68\/100|[from] item: Leftovers\n|-damage|p2a: Ogerpon|95\/100 brn|[from] brn\n|upkeep\n|turn|17\n|\n|t:|1700061370\n|move|p2a: Ogerpon|Knock Off|p1a: Skeledirge\n|-damage|p1a: Skeledirge|53\/100\n|-enditem|p1a: Skeledirge|Leftovers|[from] move: Knock Off|[of] p2a: Ogerpon\n|move|p1a: Skeledirge|Torch Song|p2a: Ogerpon\n|-damage|p2a: Ogerpon|41\/100 brn\n|-boost|p1a: Skeledirge|spa|1\n|\n|-damage|p2a: Ogerpon|35\/100 brn|[from] brn\n|upkeep\n|turn|18\n|\n|t:|1700061388\n|switch|p2a: Dragapult|Dragapult, M|100\/100\n|move|p1a: Skeledirge|Slack Off|p1a: Skeledirge\n|-heal|p1a: Skeledirge|100\/100\n|\n|upkeep\n|turn|19\n|\n|t:|1700061393\n|switch|p1a: Iron Valiant|Iron Valiant|100\/100\n|-damage|p1a: Iron Valiant|94\/100|[from] Stealth Rock\n|move|p2a: Dragapult|Draco Meteor|p1a: Iron Valiant\n|-immune|p1a: Iron Valiant\n|\n|upkeep\n|turn|20\n|\n|t:|1700061401\n|switch|p2a: Kingambit|Kingambit, M|100\/100\n|-activate|p2a: Kingambit|ability: Supreme Overlord\n|-start|p2a: Kingambit|fallen2|[silent]\n|move|p1a: Iron Valiant|Moonblast|p2a: Kingambit\n|-damage|p2a: Kingambit|34\/100\n|-unboost|p2a: Kingambit|spa|1\n|-damage|p1a: Iron Valiant|85\/100|[from] item: Life Orb\n|\n|upkeep\n|turn|21\n|\n|t:|1700061422\n|move|p1a: Iron Valiant|Moonblast|p2a: Kingambit\n|-damage|p2a: Kingambit|0 fnt\n|faint|p2a: Kingambit\n|-end|p2a: Kingambit|fallen2|[silent]\n|-damage|p1a: Iron Valiant|75\/100|[from] item: Life Orb\n|\n|upkeep\n|\n|t:|1700061427\n|switch|p2a: Zapdos|Zapdos|100\/100\n|turn|22\n|\n|t:|1700061445\n|move|p1a: Iron Valiant|Moonblast|p2a: Zapdos\n|-damage|p2a: Zapdos|44\/100\n|-damage|p1a: Iron Valiant|65\/100|[from] item: Life Orb\n|move|p2a: Zapdos|Hurricane|p1a: Iron Valiant|[miss]\n|-miss|p2a: Zapdos|p1a: Iron Valiant\n|\n|upkeep\n|turn|23\n|inactive|donloucho has 120 seconds left.\n|inactive|donloucho has 90 seconds left.\n|inactive|donloucho has 60 seconds left.\n|\n|t:|1700061563\n|move|p1a: Iron Valiant|Moonblast|p2a: Zapdos\n|-damage|p2a: Zapdos|0 fnt\n|faint|p2a: Zapdos\n|-damage|p1a: Iron Valiant|56\/100|[from] item: Life Orb\n|\n|upkeep\n|\n|t:|1700061568\n|switch|p2a: Dragapult|Dragapult, M|100\/100\n|turn|24\n|\n|t:|1700061576\n|move|p2a: Dragapult|Shadow Ball|p1a: Iron Valiant\n|-damage|p1a: Iron Valiant|0 fnt\n|faint|p1a: Iron Valiant\n|-end|p1a: Iron Valiant|Quark Drive|[silent]\n|\n|upkeep\n|\n|t:|1700061580\n|switch|p1a: Staraptor|Staraptor, M|79\/100\n|-damage|p1a: Staraptor|55\/100|[from] Stealth Rock\n|-ability|p1a: Staraptor|Intimidate|boost\n|-unboost|p2a: Dragapult|atk|1\n|turn|25\n|\n|t:|1700061587\n|switch|p2a: Ogerpon|Ogerpon-Wellspring, F|35\/100 brn\n|move|p1a: Staraptor|Brave Bird|p2a: Ogerpon\n|-supereffective|p2a: Ogerpon\n|-damage|p2a: Ogerpon|0 fnt\n|faint|p2a: Ogerpon\n|-damage|p1a: Staraptor|45\/100|[from] Recoil\n|\n|upkeep\n|\n|t:|1700061595\n|switch|p2a: Dragapult|Dragapult, M|100\/100\n|turn|26\n|\n|t:|1700061605\n|move|p2a: Dragapult|Flamethrower|p1a: Staraptor\n|-damage|p1a: Staraptor|10\/100\n|move|p1a: Staraptor|Brave Bird|p2a: Dragapult\n|-damage|p2a: Dragapult|38\/100\n|-damage|p1a: Staraptor|0 fnt|[from] Recoil\n|faint|p1a: Staraptor\n|\n|upkeep\n|\n|t:|1700061610\n|switch|p1a: Skeledirge|Skeledirge, F, tera:Dragon|100\/100\n|-damage|p1a: Skeledirge|88\/100|[from] Stealth Rock\n|turn|27\n|inactive|donloucho has 60 seconds left.\n|\n|t:|1700061617\n|move|p2a: Dragapult|Flamethrower|p1a: Skeledirge\n|-resisted|p1a: Skeledirge\n|-damage|p1a: Skeledirge|79\/100\n|move|p1a: Skeledirge|Hex|p2a: Dragapult\n|-supereffective|p2a: Dragapult\n|-damage|p2a: Dragapult|0 fnt\n|faint|p2a: Dragapult\n|\n|win|ratatta17\n|raw|ratatta17's rating: 1424 &rarr; <strong>1440<\/strong><br \/>(+16 for winning)\n|raw|donloucho's rating: 1354 &rarr; <strong>1338<\/strong><br \/>(-16 for losing)\n|l|\u2606donloucho\n","uploadtime":1700061625,"views":9,"p1id":"ratatta17","p2id":"donloucho","formatid":"gen9ou","rating":1338,"private":0,"password":""}