{"id":"gen9ou-1999787601","p1":"Albret","p2":"420 meme 69","format":"[Gen 9] OU","log":"|j|\u2606Albret\n|j|\u2606420 meme 69\n|t:|1701116687\n|gametype|singles\n|player|p1|Albret|102|1860\n|player|p2|420 meme 69|1|1922\n|teamsize|p1|6\n|teamsize|p2|6\n|gen|9\n|tier|[Gen 9] OU\n|rated|\n|rule|Sleep Clause Mod: Limit one foe put to sleep\n|rule|Species Clause: Limit one of each Pok\u00e9mon\n|rule|OHKO Clause: OHKO moves are banned\n|rule|Evasion Items Clause: Evasion items are banned\n|rule|Evasion Moves Clause: Evasion moves are banned\n|rule|Endless Battle Clause: Forcing endless battles is banned\n|rule|HP Percentage Mod: HP is shown in percentages\n|clearpoke\n|poke|p1|Iron Jugulis|\n|poke|p1|Ogerpon-Wellspring, F|\n|poke|p1|Tinkaton, F|\n|poke|p1|Iron Moth|\n|poke|p1|Great Tusk|\n|poke|p1|Dragapult, M|\n|poke|p2|Ting-Lu|\n|poke|p2|Garganacl, F|\n|poke|p2|Toxapex, F|\n|poke|p2|Tornadus-Therian, M|\n|poke|p2|Kommo-o, M|\n|poke|p2|Gholdengo|\n|teampreview\n|inactive|Battle timer is ON: inactive players will automatically lose when time's up. (requested by Albret)\n|\n|t:|1701116709\n|start\n|switch|p1a: Iron Jugulis|Iron Jugulis|100\/100\n|switch|p2a: Tornadus|Tornadus-Therian, M|100\/100\n|-enditem|p1a: Iron Jugulis|Booster Energy\n|-activate|p1a: Iron Jugulis|ability: Quark Drive|[fromitem]\n|-start|p1a: Iron Jugulis|quarkdrivespe\n|turn|1\n|j| FaronAan\n|j| debilos\n|\n|t:|1701116735\n|move|p1a: Iron Jugulis|Knock Off|p2a: Tornadus\n|-damage|p2a: Tornadus|56\/100\n|-enditem|p2a: Tornadus|Heavy-Duty Boots|[from] move: Knock Off|[of] p1a: Iron Jugulis\n|move|p2a: Tornadus|U-turn|p1a: Iron Jugulis\n|-damage|p1a: Iron Jugulis|82\/100\n|\n|t:|1701116738\n|switch|p2a: Ting-Lu|Ting-Lu|100\/100|[from] U-turn\n|-ability|p2a: Ting-Lu|Vessel of Ruin\n|\n|upkeep\n|turn|2\n|\n|t:|1701116742\n|move|p1a: Iron Jugulis|Taunt|p2a: Ting-Lu\n|-start|p2a: Ting-Lu|move: Taunt\n|cant|p2a: Ting-Lu|move: Taunt|Spikes\n|\n|upkeep\n|turn|3\n|\n|t:|1701116745\n|move|p1a: Iron Jugulis|Knock Off|p2a: Ting-Lu\n|-resisted|p2a: Ting-Lu\n|-damage|p2a: Ting-Lu|93\/100\n|-enditem|p2a: Ting-Lu|Leftovers|[from] move: Knock Off|[of] p1a: Iron Jugulis\n|move|p2a: Ting-Lu|Ruination|p1a: Iron Jugulis\n|-damage|p1a: Iron Jugulis|41\/100\n|\n|upkeep\n|turn|4\n|\n|t:|1701116747\n|move|p1a: Iron Jugulis|Hurricane|p2a: Ting-Lu\n|-damage|p2a: Ting-Lu|71\/100\n|move|p2a: Ting-Lu|Heavy Slam|p1a: Iron Jugulis\n|-damage|p1a: Iron Jugulis|7\/100\n|\n|-end|p2a: Ting-Lu|move: Taunt\n|upkeep\n|turn|5\n|\n|t:|1701116751\n|move|p1a: Iron Jugulis|Taunt|p2a: Ting-Lu\n|-start|p2a: Ting-Lu|move: Taunt\n|cant|p2a: Ting-Lu|move: Taunt|Spikes\n|\n|upkeep\n|turn|6\n|j| 55rrg66\n|\n|t:|1701116756\n|-end|p1a: Iron Jugulis|Quark Drive|[silent]\n|switch|p1a: Ogerpon|Ogerpon-Wellspring, F|100\/100\n|switch|p2a: Tornadus|Tornadus-Therian, M|89\/100\n|\n|upkeep\n|turn|7\n|\n|t:|1701116764\n|switch|p1a: Dragapult|Dragapult, M|100\/100\n|move|p2a: Tornadus|Bleakwind Storm|p1a: Dragapult\n|-damage|p1a: Dragapult|42\/100\n|\n|upkeep\n|turn|8\n|\n|t:|1701116769\n|switch|p2a: Toxapex|Toxapex, F|100\/100\n|move|p1a: Dragapult|Draco Meteor|p2a: Toxapex\n|-damage|p2a: Toxapex|47\/100\n|-unboost|p1a: Dragapult|spa|2\n|\n|-heal|p2a: Toxapex|53\/100|[from] item: Black Sludge\n|upkeep\n|turn|9\n|\n|t:|1701116776\n|switch|p1a: TWINKATON|Tinkaton, F|100\/100\n|-item|p1a: TWINKATON|Air Balloon\n|move|p2a: Toxapex|Toxic Spikes|p1a: TWINKATON\n|-sidestart|p1: Albret|move: Toxic Spikes\n|\n|-heal|p2a: Toxapex|59\/100|[from] item: Black Sludge\n|upkeep\n|turn|10\n|\n|t:|1701116782\n|switch|p2a: Gholdengo|Gholdengo, shiny|100\/100\n|move|p1a: TWINKATON|Stealth Rock|p2a: Gholdengo\n|-sidestart|p2: 420 meme 69|move: Stealth Rock\n|\n|upkeep\n|turn|11\n|\n|t:|1701116794\n|switch|p1a: Iron Moth|Iron Moth|100\/100\n|-sideend|p1: Albret|move: Toxic Spikes|[of] p1a: Iron Moth\n|-enditem|p1a: Iron Moth|Booster Energy\n|-activate|p1a: Iron Moth|ability: Quark Drive|[fromitem]\n|-start|p1a: Iron Moth|quarkdrivespe\n|move|p2a: Gholdengo|Thunder Wave|p1a: Iron Moth\n|-status|p1a: Iron Moth|par\n|\n|upkeep\n|turn|12\n|\n|t:|1701116798\n|switch|p2a: Toxapex|Toxapex, F|93\/100\n|-damage|p2a: Toxapex|80\/100|[from] Stealth Rock\n|move|p1a: Iron Moth|Fiery Dance|p2a: Toxapex\n|-resisted|p2a: Toxapex\n|-damage|p2a: Toxapex|67\/100\n|\n|-heal|p2a: Toxapex|73\/100|[from] item: Black Sludge\n|upkeep\n|turn|13\n|\n|t:|1701116801\n|move|p1a: Iron Moth|Psychic|p2a: Toxapex\n|-supereffective|p2a: Toxapex\n|-damage|p2a: Toxapex|35\/100\n|move|p2a: Toxapex|Toxic Spikes|p1a: Iron Moth\n|-sidestart|p1: Albret|move: Toxic Spikes\n|\n|-heal|p2a: Toxapex|41\/100|[from] item: Black Sludge\n|upkeep\n|turn|14\n|\n|t:|1701116807\n|-end|p1a: Iron Moth|Quark Drive|[silent]\n|switch|p1a: Iron Jugulis|Iron Jugulis|7\/100\n|switch|p2a: Ting-Lu|Ting-Lu|71\/100\n|-damage|p2a: Ting-Lu|65\/100|[from] Stealth Rock\n|-ability|p2a: Ting-Lu|Vessel of Ruin\n|\n|upkeep\n|turn|15\n|\n|t:|1701116815\n|move|p1a: Iron Jugulis|Taunt|p2a: Ting-Lu\n|-start|p2a: Ting-Lu|move: Taunt\n|move|p2a: Ting-Lu|Heavy Slam|p1a: Iron Jugulis\n|-damage|p1a: Iron Jugulis|0 fnt\n|faint|p1a: Iron Jugulis\n|-end|p1a: Iron Jugulis|Quark Drive|[silent]\n|\n|upkeep\n|\n|t:|1701116817\n|switch|p1a: Iron Moth|Iron Moth|100\/100 par\n|-sideend|p1: Albret|move: Toxic Spikes|[of] p1a: Iron Moth\n|turn|16\n|\n|t:|1701116821\n|-end|p1a: Iron Moth|Quark Drive|[silent]\n|switch|p1a: Ogerpon|Ogerpon-Wellspring, F|100\/100\n|move|p2a: Ting-Lu|Ruination|p1a: Ogerpon\n|-damage|p1a: Ogerpon|51\/100\n|\n|upkeep\n|turn|17\n|\n|t:|1701116832\n|switch|p2a: Kommo-o|Kommo-o, M|100\/100\n|move|p1a: Ogerpon|Ivy Cudgel|p2a: Kommo-o|[anim] Ivy Cudgel Water\n|-resisted|p2a: Kommo-o\n|-damage|p2a: Kommo-o|82\/100\n|\n|upkeep\n|turn|18\n|\n|t:|1701116835\n|move|p1a: Ogerpon|U-turn|p2a: Kommo-o\n|-resisted|p2a: Kommo-o\n|-damage|p2a: Kommo-o|74\/100\n|\n|t:|1701116837\n|switch|p1a: TWINKATON|Tinkaton, F|100\/100|[from] U-turn\n|-item|p1a: TWINKATON|Air Balloon\n|move|p2a: Kommo-o|Stealth Rock|p1a: TWINKATON\n|-sidestart|p1: Albret|move: Stealth Rock\n|\n|upkeep\n|turn|19\n|\n|t:|1701116846\n|switch|p2a: Tornadus|Tornadus-Therian, M|100\/100\n|-damage|p2a: Tornadus|76\/100|[from] Stealth Rock\n|move|p1a: TWINKATON|Play Rough|p2a: Tornadus|[miss]\n|-miss|p1a: TWINKATON|p2a: Tornadus\n|\n|upkeep\n|turn|20\n|\n|t:|1701116850\n|move|p2a: Tornadus|U-turn|p1a: TWINKATON\n|-resisted|p1a: TWINKATON\n|-damage|p1a: TWINKATON|96\/100\n|-enditem|p1a: TWINKATON|Air Balloon\n|\n|t:|1701116852\n|switch|p2a: Gholdengo|Gholdengo, shiny|100\/100|[from] U-turn\n|-damage|p2a: Gholdengo|94\/100|[from] Stealth Rock\n|move|p1a: TWINKATON|Thunder Wave|p2a: Gholdengo\n|-immune|p2a: Gholdengo|[from] ability: Good as Gold\n|\n|-heal|p2a: Gholdengo|100\/100|[from] item: Leftovers\n|upkeep\n|turn|21\n|\n|t:|1701116863\n|move|p1a: TWINKATON|Play Rough|p2a: Gholdengo\n|-resisted|p2a: Gholdengo\n|-damage|p2a: Gholdengo|93\/100\n|move|p2a: Gholdengo|Hex|p1a: TWINKATON\n|-crit|p1a: TWINKATON\n|-damage|p1a: TWINKATON|58\/100\n|\n|-heal|p2a: Gholdengo|99\/100|[from] item: Leftovers\n|upkeep\n|turn|22\n|\n|t:|1701116867\n|switch|p1a: Iron Moth|Iron Moth|100\/100 par\n|-damage|p1a: Iron Moth|76\/100 par|[from] Stealth Rock\n|move|p2a: Gholdengo|Hex|p1a: Iron Moth\n|-damage|p1a: Iron Moth|17\/100 par\n|\n|-heal|p2a: Gholdengo|100\/100|[from] item: Leftovers\n|upkeep\n|turn|23\n|\n|t:|1701116870\n|move|p2a: Gholdengo|Hex|p1a: Iron Moth\n|-damage|p1a: Iron Moth|0 fnt\n|faint|p1a: Iron Moth\n|-end|p1a: Iron Moth|Quark Drive|[silent]\n|\n|upkeep\n|\n|t:|1701116879\n|switch|p1a: Great Tusk|Great Tusk|100\/100\n|-damage|p1a: Great Tusk|98\/100|[from] Stealth Rock\n|-enditem|p1a: Great Tusk|Booster Energy\n|-activate|p1a: Great Tusk|ability: Protosynthesis|[fromitem]\n|-start|p1a: Great Tusk|protosynthesisspe\n|turn|24\n|l| 55rrg66\n|\n|t:|1701116887\n|-terastallize|p2a: Gholdengo|Ghost\n|move|p1a: Great Tusk|Bulk Up|p1a: Great Tusk\n|-boost|p1a: Great Tusk|atk|1\n|-boost|p1a: Great Tusk|def|1\n|move|p2a: Gholdengo|Hex|p1a: Great Tusk\n|-damage|p1a: Great Tusk|45\/100\n|\n|upkeep\n|turn|25\n|j| jkljlkh\n|\n|t:|1701116893\n|move|p1a: Great Tusk|Headlong Rush|p2a: Gholdengo\n|-damage|p2a: Gholdengo|48\/100\n|-unboost|p1a: Great Tusk|def|1\n|-unboost|p1a: Great Tusk|spd|1\n|move|p2a: Gholdengo|Hex|p1a: Great Tusk\n|-damage|p1a: Great Tusk|0 fnt\n|faint|p1a: Great Tusk\n|-end|p1a: Great Tusk|Protosynthesis|[silent]\n|\n|-heal|p2a: Gholdengo|54\/100|[from] item: Leftovers\n|upkeep\n|\n|t:|1701116904\n|switch|p1a: Dragapult|Dragapult, M|42\/100\n|-damage|p1a: Dragapult|30\/100|[from] Stealth Rock\n|turn|26\n|\n|t:|1701116909\n|switch|p2a: Toxapex|Toxapex, F|74\/100\n|-damage|p2a: Toxapex|62\/100|[from] Stealth Rock\n|move|p1a: Dragapult|Shadow Ball|p2a: Toxapex\n|-damage|p2a: Toxapex|31\/100\n|\n|-heal|p2a: Toxapex|37\/100|[from] item: Black Sludge\n|upkeep\n|turn|27\n|\n|t:|1701116920\n|-terastallize|p1a: Dragapult|Ghost\n|move|p1a: Dragapult|Shadow Ball|p2a: Toxapex\n|-damage|p2a: Toxapex|0 fnt\n|faint|p2a: Toxapex\n|\n|upkeep\n|\n|t:|1701116923\n|switch|p2a: Kommo-o|Kommo-o, M|74\/100\n|turn|28\n|\n|t:|1701116926\n|switch|p1a: TWINKATON|Tinkaton, F|58\/100\n|-damage|p1a: TWINKATON|52\/100|[from] Stealth Rock\n|move|p2a: Kommo-o|Body Press|p1a: TWINKATON\n|-damage|p1a: TWINKATON|5\/100\n|-enditem|p2a: Kommo-o|Heavy-Duty Boots|[silent]|[from] ability: Pickpocket|[of] p2a: Kommo-o\n|-item|p1a: TWINKATON|Heavy-Duty Boots|[from] ability: Pickpocket|[of] p2a: Kommo-o\n|\n|upkeep\n|turn|29\n|\n|t:|1701116932\n|switch|p2a: Ting-Lu|Ting-Lu|65\/100\n|-damage|p2a: Ting-Lu|58\/100|[from] Stealth Rock\n|-ability|p2a: Ting-Lu|Vessel of Ruin\n|move|p1a: TWINKATON|Play Rough|p2a: Ting-Lu\n|-supereffective|p2a: Ting-Lu\n|-damage|p2a: Ting-Lu|30\/100\n|\n|upkeep\n|turn|30\n|\n|t:|1701116937\n|move|p1a: TWINKATON|Play Rough|p2a: Ting-Lu\n|-supereffective|p2a: Ting-Lu\n|-damage|p2a: Ting-Lu|5\/100\n|move|p2a: Ting-Lu|Spikes|p1a: TWINKATON\n|-sidestart|p1: Albret|Spikes\n|\n|upkeep\n|turn|31\n|\n|t:|1701116940\n|move|p1a: TWINKATON|Play Rough|p2a: Ting-Lu\n|-supereffective|p2a: Ting-Lu\n|-damage|p2a: Ting-Lu|0 fnt\n|faint|p2a: Ting-Lu\n|\n|upkeep\n|\n|t:|1701116943\n|switch|p2a: Tornadus|Tornadus-Therian, M|100\/100\n|-damage|p2a: Tornadus|76\/100|[from] Stealth Rock\n|turn|32\n|\n|t:|1701116946\n|move|p2a: Tornadus|Heat Wave|p1a: TWINKATON\n|-supereffective|p1a: TWINKATON\n|-damage|p1a: TWINKATON|0 fnt\n|faint|p1a: TWINKATON\n|\n|upkeep\n|\n|t:|1701116949\n|switch|p1a: Dragapult|Dragapult, M, tera:Ghost|30\/100\n|-damage|p1a: Dragapult|18\/100|[from] Stealth Rock\n|-damage|p1a: Dragapult|6\/100|[from] Spikes\n|turn|33\n|j| xxCOALLAxx\n|\n|t:|1701116954\n|switch|p2a: Garganacl|Garganacl, F|100\/100\n|-damage|p2a: Garganacl|88\/100|[from] Stealth Rock\n|move|p1a: Dragapult|Draco Meteor|p2a: Garganacl\n|-damage|p2a: Garganacl|36\/100\n|-unboost|p1a: Dragapult|spa|2\n|\n|-heal|p2a: Garganacl|42\/100|[from] item: Leftovers\n|upkeep\n|turn|34\n|\n|t:|1701116957\n|move|p1a: Dragapult|Draco Meteor|p2a: Garganacl\n|-damage|p2a: Garganacl|17\/100\n|-unboost|p1a: Dragapult|spa|2\n|move|p2a: Garganacl|Recover|p2a: Garganacl\n|-heal|p2a: Garganacl|67\/100\n|\n|-heal|p2a: Garganacl|73\/100|[from] item: Leftovers\n|upkeep\n|turn|35\n|\n|t:|1701116962\n|move|p1a: Dragapult|Draco Meteor|p2a: Garganacl\n|-damage|p2a: Garganacl|55\/100\n|-unboost|p1a: Dragapult|spa|2\n|move|p2a: Garganacl|Recover|p2a: Garganacl\n|-heal|p2a: Garganacl|100\/100\n|\n|upkeep\n|turn|36\n|\n|t:|1701116964\n|move|p1a: Dragapult|Draco Meteor|p2a: Garganacl\n|-damage|p2a: Garganacl|88\/100\n|move|p2a: Garganacl|Curse|p2a: Garganacl\n|-unboost|p2a: Garganacl|spe|1\n|-boost|p2a: Garganacl|atk|1\n|-boost|p2a: Garganacl|def|1\n|\n|-heal|p2a: Garganacl|94\/100|[from] item: Leftovers\n|upkeep\n|turn|37\n|\n|t:|1701116968\n|switch|p1a: Ogerpon|Ogerpon-Wellspring, F|51\/100\n|-damage|p1a: Ogerpon|38\/100|[from] Stealth Rock\n|-damage|p1a: Ogerpon|26\/100|[from] Spikes\n|move|p2a: Garganacl|Curse|p2a: Garganacl\n|-unboost|p2a: Garganacl|spe|1\n|-boost|p2a: Garganacl|atk|1\n|-boost|p2a: Garganacl|def|1\n|\n|-heal|p2a: Garganacl|99\/100|[from] item: Leftovers\n|upkeep\n|turn|38\n|\n|t:|1701116970\n|move|p1a: Ogerpon|Ivy Cudgel|p2a: Garganacl|[anim] Ivy Cudgel Water\n|-supereffective|p2a: Garganacl\n|-damage|p2a: Garganacl|57\/100\n|move|p2a: Garganacl|Salt Cure|p1a: Ogerpon\n|-damage|p1a: Ogerpon|0 fnt\n|faint|p1a: Ogerpon\n|\n|-heal|p2a: Garganacl|63\/100|[from] item: Leftovers\n|upkeep\n|-message|Albret forfeited.\n|\n|win|420 meme 69\n|raw|Albret's rating: 1860 &rarr; <strong>1844<\/strong><br \/>(-16 for losing)\n|raw|420 meme 69's rating: 1922 &rarr; <strong>1938<\/strong><br \/>(+16 for winning)\n|l|\u2606Albret\n|l|\u2606420 meme 69\n","uploadtime":1701117023,"views":9,"p1id":"albret","p2id":"420meme69","formatid":"gen9ou","rating":1844,"private":0,"password":""}