{"id":"gen9ou-1994824500","p1":"Ehmcee","p2":"BensPajamas","format":"[Gen 9] OU","log":"|j|\u2606Ehmcee\n|j|\u2606BensPajamas\n|inactive|Battle timer is ON: inactive players will automatically lose when time's up.\n|t:|1700496212\n|gametype|singles\n|player|p1|Ehmcee|allister|\n|player|p2|BensPajamas|cyclist|\n|teamsize|p1|5\n|teamsize|p2|5\n|gen|9\n|tier|[Gen 9] OU\n|rated|Tournament battle\n|rule|Sleep Clause Mod: Limit one foe put to sleep\n|rule|Species Clause: Limit one of each Pok\u00e9mon\n|rule|OHKO Clause: OHKO moves are banned\n|rule|Evasion Items Clause: Evasion items are banned\n|rule|Evasion Moves Clause: Evasion moves are banned\n|rule|Endless Battle Clause: Forcing endless battles is banned\n|rule|HP Percentage Mod: HP is shown in percentages\n|clearpoke\n|poke|p1|Farigiraf, F|\n|poke|p1|Ambipom, F|\n|poke|p1|Pelipper, F|\n|poke|p1|Garganacl, F|\n|poke|p1|Hariyama, F|\n|poke|p2|Hydreigon, M|\n|poke|p2|Ninetales-Alola, M|\n|poke|p2|Snorlax, F|\n|poke|p2|Amoonguss, F|\n|poke|p2|Dragapult, F|\n|teampreview\n|j|*Lady Monita \u2746\n|inactive|Ehmcee also wants the timer to be on.\n|\n|t:|1700496218\n|start\n|switch|p1a: Farigiraf|Farigiraf, F|100\/100\n|switch|p2a: Kuzan|Ninetales-Alola, M|100\/100\n|-weather|Snow|[from] ability: Snow Warning|[of] p2a: Kuzan\n|turn|1\n|j| DabBuster184\n|\n|t:|1700496236\n|move|p2a: Kuzan|Aurora Veil|p2a: Kuzan\n|-sidestart|p2: BensPajamas|move: Aurora Veil\n|move|p1a: Farigiraf|Trick Room|p1a: Farigiraf\n|-fieldstart|move: Trick Room|[of] p1a: Farigiraf\n|\n|-weather|Snow|[upkeep]\n|upkeep\n|turn|2\n|\n|t:|1700496255\n|switch|p1a: Garganacl|Garganacl, F|100\/100\n|move|p2a: Kuzan|Blizzard|p1a: Garganacl\n|-damage|p1a: Garganacl|72\/100\n|\n|-weather|Snow|[upkeep]\n|-heal|p1a: Garganacl|78\/100|[from] item: Leftovers\n|upkeep\n|turn|3\n|\n|t:|1700496263\n|move|p1a: Garganacl|Curse|p1a: Garganacl\n|-unboost|p1a: Garganacl|spe|1\n|-boost|p1a: Garganacl|atk|1\n|-boost|p1a: Garganacl|def|1\n|move|p2a: Kuzan|Moonblast|p1a: Garganacl\n|-damage|p1a: Garganacl|54\/100\n|-unboost|p1a: Garganacl|spa|1\n|\n|-weather|Snow|[upkeep]\n|-heal|p1a: Garganacl|61\/100|[from] item: Leftovers\n|upkeep\n|turn|4\n|\n|t:|1700496272\n|move|p1a: Garganacl|Salt Cure|p2a: Kuzan\n|-supereffective|p2a: Kuzan\n|-damage|p2a: Kuzan|80\/100\n|-start|p2a: Kuzan|Salt Cure\n|move|p2a: Kuzan|Freeze-Dry|p1a: Garganacl\n|-damage|p1a: Garganacl|43\/100\n|\n|-weather|Snow|[upkeep]\n|-heal|p1a: Garganacl|50\/100|[from] item: Leftovers\n|-damage|p2a: Kuzan|67\/100|[from] Salt Cure\n|upkeep\n|turn|5\n|\n|t:|1700496277\n|move|p1a: Garganacl|Recover|p1a: Garganacl\n|-heal|p1a: Garganacl|99\/100\n|move|p2a: Kuzan|Moonblast|p1a: Garganacl\n|-damage|p1a: Garganacl|75\/100\n|\n|-weather|none\n|-heal|p1a: Garganacl|82\/100|[from] item: Leftovers\n|-damage|p2a: Kuzan|55\/100|[from] Salt Cure\n|-fieldend|move: Trick Room\n|upkeep\n|turn|6\n|\n|t:|1700496279\n|move|p2a: Kuzan|Moonblast|p1a: Garganacl\n|-damage|p1a: Garganacl|60\/100\n|move|p1a: Garganacl|Curse|p1a: Garganacl\n|-unboost|p1a: Garganacl|spe|1\n|-boost|p1a: Garganacl|atk|1\n|-boost|p1a: Garganacl|def|1\n|\n|-heal|p1a: Garganacl|66\/100|[from] item: Leftovers\n|-damage|p2a: Kuzan|43\/100|[from] Salt Cure\n|upkeep\n|turn|7\n|j| Carolina6969\n|\n|t:|1700496287\n|switch|p2a: AmongSus|Amoonguss, F, shiny|100\/100\n|move|p1a: Garganacl|Curse|p1a: Garganacl\n|-unboost|p1a: Garganacl|spe|1\n|-boost|p1a: Garganacl|atk|1\n|-boost|p1a: Garganacl|def|1\n|\n|-heal|p1a: Garganacl|72\/100|[from] item: Leftovers\n|upkeep\n|turn|8\n|\n|t:|1700496301\n|-terastallize|p1a: Garganacl|Electric\n|move|p2a: AmongSus|Clear Smog|p1a: Garganacl\n|-damage|p1a: Garganacl|58\/100\n|-clearboost|p1a: Garganacl\n|move|p1a: Garganacl|Curse|p1a: Garganacl\n|-unboost|p1a: Garganacl|spe|1\n|-boost|p1a: Garganacl|atk|1\n|-boost|p1a: Garganacl|def|1\n|\n|-heal|p1a: Garganacl|64\/100|[from] item: Leftovers\n|-sideend|p2: BensPajamas|move: Aurora Veil\n|upkeep\n|turn|9\n|\n|t:|1700496310\n|move|p2a: AmongSus|Foul Play|p1a: Garganacl\n|-damage|p1a: Garganacl|49\/100\n|move|p1a: Garganacl|Salt Cure|p2a: AmongSus\n|-damage|p2a: AmongSus|80\/100\n|-start|p2a: AmongSus|Salt Cure\n|\n|-heal|p2a: AmongSus|87\/100|[from] item: Leftovers\n|-heal|p1a: Garganacl|55\/100|[from] item: Leftovers\n|-damage|p2a: AmongSus|74\/100|[from] Salt Cure\n|upkeep\n|turn|10\n|\n|t:|1700496323\n|switch|p2a: Chompy & The Bits|Hydreigon, M|100\/100\n|move|p1a: Garganacl|Recover|p1a: Garganacl\n|-heal|p1a: Garganacl|100\/100\n|\n|upkeep\n|turn|11\n|\n|t:|1700496326\n|move|p2a: Chompy & The Bits|Earth Power|p1a: Garganacl\n|-supereffective|p1a: Garganacl\n|-damage|p1a: Garganacl|58\/100\n|-unboost|p1a: Garganacl|spd|1\n|move|p1a: Garganacl|Salt Cure|p2a: Chompy & The Bits\n|-damage|p2a: Chompy & The Bits|77\/100\n|-start|p2a: Chompy & The Bits|Salt Cure\n|\n|-heal|p1a: Garganacl|64\/100|[from] item: Leftovers\n|-damage|p2a: Chompy & The Bits|65\/100|[from] Salt Cure\n|upkeep\n|turn|12\n|\n|t:|1700496333\n|switch|p2a: Kuzan|Ninetales-Alola, M|43\/100\n|-weather|Snow|[from] ability: Snow Warning|[of] p2a: Kuzan\n|switch|p1a: Pelipper|Pelipper, F|100\/100\n|-weather|RainDance|[from] ability: Drizzle|[of] p1a: Pelipper\n|\n|-weather|RainDance|[upkeep]\n|upkeep\n|turn|13\n|\n|t:|1700496346\n|switch|p1a: Garganacl|Garganacl, F, tera:Electric|64\/100\n|move|p2a: Kuzan|Aurora Veil||[still]\n|-fail|p2a: Kuzan\n|\n|-weather|RainDance|[upkeep]\n|-heal|p1a: Garganacl|70\/100|[from] item: Leftovers\n|upkeep\n|turn|14\n|j| CoolThingDude\n|j| Mk120\n|l| CoolThingDude\n|j| FormationX\n|inactive|BensPajamas has 120 seconds left.\n|l| Carolina6969\n|\n|t:|1700496393\n|switch|p2a: Chompy & The Bits|Hydreigon, M|65\/100\n|move|p1a: Garganacl|Salt Cure|p2a: Chompy & The Bits\n|-damage|p2a: Chompy & The Bits|48\/100\n|-start|p2a: Chompy & The Bits|Salt Cure\n|\n|-weather|RainDance|[upkeep]\n|-heal|p1a: Garganacl|76\/100|[from] item: Leftovers\n|-damage|p2a: Chompy & The Bits|36\/100|[from] Salt Cure\n|upkeep\n|turn|15\n|j| TemaLaClique\n|\n|t:|1700496411\n|move|p2a: Chompy & The Bits|Draco Meteor|p1a: Garganacl\n|-damage|p1a: Garganacl|37\/100\n|-unboost|p2a: Chompy & The Bits|spa|2\n|move|p1a: Garganacl|Recover|p1a: Garganacl\n|-heal|p1a: Garganacl|87\/100\n|\n|-weather|RainDance|[upkeep]\n|-heal|p1a: Garganacl|93\/100|[from] item: Leftovers\n|-damage|p2a: Chompy & The Bits|24\/100|[from] Salt Cure\n|upkeep\n|turn|16\n|\n|t:|1700496416\n|switch|p2a: AmongSus|Amoonguss, F, shiny|100\/100\n|move|p1a: Garganacl|Curse|p1a: Garganacl\n|-unboost|p1a: Garganacl|spe|1\n|-boost|p1a: Garganacl|atk|1\n|-boost|p1a: Garganacl|def|1\n|\n|-weather|none\n|-heal|p1a: Garganacl|99\/100|[from] item: Leftovers\n|upkeep\n|turn|17\n|j| Magiquaza\n|\n|t:|1700496429\n|move|p2a: AmongSus|Spore|p1a: Garganacl\n|-immune|p1a: Garganacl|[from] ability: Purifying Salt\n|move|p1a: Garganacl|Salt Cure|p2a: AmongSus\n|-damage|p2a: AmongSus|78\/100\n|-start|p2a: AmongSus|Salt Cure\n|\n|-heal|p2a: AmongSus|85\/100|[from] item: Leftovers\n|-heal|p1a: Garganacl|100\/100|[from] item: Leftovers\n|-damage|p2a: AmongSus|72\/100|[from] Salt Cure\n|upkeep\n|turn|18\n|\n|t:|1700496436\n|move|p2a: AmongSus|Clear Smog|p1a: Garganacl\n|-crit|p1a: Garganacl\n|-damage|p1a: Garganacl|78\/100\n|-clearboost|p1a: Garganacl\n|move|p1a: Garganacl|Earthquake|p2a: AmongSus\n|-damage|p2a: AmongSus|50\/100\n|\n|-heal|p2a: AmongSus|56\/100|[from] item: Leftovers\n|-heal|p1a: Garganacl|84\/100|[from] item: Leftovers\n|-damage|p2a: AmongSus|43\/100|[from] Salt Cure\n|upkeep\n|turn|19\n|\n|t:|1700496440\n|switch|p2a: Kuzan|Ninetales-Alola, M|43\/100\n|-weather|Snow|[from] ability: Snow Warning|[of] p2a: Kuzan\n|move|p1a: Garganacl|Salt Cure|p2a: Kuzan\n|-supereffective|p2a: Kuzan\n|-damage|p2a: Kuzan|16\/100\n|-start|p2a: Kuzan|Salt Cure\n|\n|-weather|Snow|[upkeep]\n|-heal|p1a: Garganacl|90\/100|[from] item: Leftovers\n|-damage|p2a: Kuzan|4\/100|[from] Salt Cure\n|upkeep\n|turn|20\n|\n|t:|1700496443\n|move|p2a: Kuzan|Freeze-Dry|p1a: Garganacl\n|-damage|p1a: Garganacl|74\/100\n|move|p1a: Garganacl|Curse|p1a: Garganacl\n|-unboost|p1a: Garganacl|spe|1\n|-boost|p1a: Garganacl|atk|1\n|-boost|p1a: Garganacl|def|1\n|\n|-weather|Snow|[upkeep]\n|-heal|p1a: Garganacl|80\/100|[from] item: Leftovers\n|-damage|p2a: Kuzan|0 fnt|[from] Salt Cure\n|faint|p2a: Kuzan\n|upkeep\n|\n|t:|1700496446\n|switch|p2a: Sweepy|Snorlax, F|100\/100\n|turn|21\n|\n|t:|1700496449\n|move|p2a: Sweepy|Curse|p2a: Sweepy\n|-unboost|p2a: Sweepy|spe|1\n|-boost|p2a: Sweepy|atk|1\n|-boost|p2a: Sweepy|def|1\n|move|p1a: Garganacl|Salt Cure|p2a: Sweepy\n|-damage|p2a: Sweepy|87\/100\n|-start|p2a: Sweepy|Salt Cure\n|\n|-weather|Snow|[upkeep]\n|-heal|p2a: Sweepy|93\/100|[from] item: Leftovers\n|-heal|p1a: Garganacl|86\/100|[from] item: Leftovers\n|-damage|p2a: Sweepy|80\/100|[from] Salt Cure\n|upkeep\n|turn|22\n|\n|t:|1700496456\n|switch|p1a: Hariyama|Hariyama, F|100\/100\n|move|p2a: Sweepy|Curse|p2a: Sweepy\n|-unboost|p2a: Sweepy|spe|1\n|-boost|p2a: Sweepy|atk|1\n|-boost|p2a: Sweepy|def|1\n|\n|-weather|Snow|[upkeep]\n|-heal|p2a: Sweepy|86\/100|[from] item: Leftovers\n|-damage|p2a: Sweepy|74\/100|[from] Salt Cure\n|-status|p1a: Hariyama|brn|[from] item: Flame Orb\n|upkeep\n|turn|23\n|\n|t:|1700496460\n|-terastallize|p2a: Sweepy|Ghost\n|move|p1a: Hariyama|Bulk Up|p1a: Hariyama\n|-boost|p1a: Hariyama|atk|1\n|-boost|p1a: Hariyama|def|1\n|move|p2a: Sweepy|Body Slam|p1a: Hariyama\n|-damage|p1a: Hariyama|55\/100 brn\n|\n|-weather|none\n|-heal|p2a: Sweepy|80\/100|[from] item: Leftovers\n|-damage|p1a: Hariyama|48\/100 brn|[from] brn\n|-damage|p2a: Sweepy|68\/100|[from] Salt Cure\n|upkeep\n|turn|24\n|\n|t:|1700496473\n|switch|p1a: Ambipom|Ambipom, F|100\/100\n|switch|p2a: AmongSus|Amoonguss, F, shiny|77\/100\n|\n|-heal|p2a: AmongSus|83\/100|[from] item: Leftovers\n|upkeep\n|turn|25\n|\n|t:|1700496478\n|move|p1a: Ambipom|Fake Out|p2a: AmongSus\n|-damage|p2a: AmongSus|67\/100\n|cant|p2a: AmongSus|flinch\n|\n|-heal|p2a: AmongSus|73\/100|[from] item: Leftovers\n|upkeep\n|turn|26\n|\n|t:|1700496483\n|switch|p1a: Garganacl|Garganacl, F, tera:Electric|86\/100\n|move|p2a: AmongSus|Spore|p1a: Garganacl\n|-immune|p1a: Garganacl|[from] ability: Purifying Salt\n|\n|-heal|p2a: AmongSus|79\/100|[from] item: Leftovers\n|-heal|p1a: Garganacl|93\/100|[from] item: Leftovers\n|upkeep\n|turn|27\n|\n|t:|1700496491\n|switch|p2a: Sweepy|Snorlax, F, tera:Ghost|68\/100\n|move|p1a: Garganacl|Salt Cure|p2a: Sweepy\n|-crit|p2a: Sweepy\n|-damage|p2a: Sweepy|48\/100\n|-start|p2a: Sweepy|Salt Cure\n|\n|-heal|p2a: Sweepy|54\/100|[from] item: Leftovers\n|-heal|p1a: Garganacl|99\/100|[from] item: Leftovers\n|-damage|p2a: Sweepy|42\/100|[from] Salt Cure\n|upkeep\n|turn|28\n|\n|t:|1700496494\n|switch|p1a: Ambipom|Ambipom, F|100\/100\n|move|p2a: Sweepy|Rest|p2a: Sweepy\n|-status|p2a: Sweepy|slp|[from] move: Rest\n|-heal|p2a: Sweepy|100\/100 slp|[silent]\n|\n|-damage|p2a: Sweepy|88\/100 slp|[from] Salt Cure\n|upkeep\n|turn|29\n|l| TemaLaClique\n|\n|t:|1700496500\n|move|p1a: Ambipom|Taunt|p2a: Sweepy\n|-start|p2a: Sweepy|move: Taunt\n|cant|p2a: Sweepy|slp\n|cant|p2a: Sweepy|move: Taunt|Sleep Talk\n|\n|-heal|p2a: Sweepy|94\/100 slp|[from] item: Leftovers\n|-damage|p2a: Sweepy|82\/100 slp|[from] Salt Cure\n|upkeep\n|turn|30\n|\n|t:|1700496509\n|switch|p1a: Pelipper|Pelipper, F|100\/100\n|-weather|RainDance|[from] ability: Drizzle|[of] p1a: Pelipper\n|switch|p2a: Bad Mom|Dragapult, F, shiny|100\/100\n|\n|-weather|RainDance|[upkeep]\n|upkeep\n|turn|31\n|\n|t:|1700496517\n|switch|p1a: Garganacl|Garganacl, F, tera:Electric|99\/100\n|move|p2a: Bad Mom|Phantom Force||[still]\n|-prepare|p2a: Bad Mom|Phantom Force\n|\n|-weather|RainDance|[upkeep]\n|-heal|p1a: Garganacl|100\/100|[from] item: Leftovers\n|upkeep\n|turn|32\n|\n|t:|1700496520\n|move|p2a: Bad Mom|Phantom Force|p1a: Garganacl|[from]lockedmove\n|-damage|p1a: Garganacl|86\/100\n|move|p1a: Garganacl|Salt Cure|p2a: Bad Mom\n|-damage|p2a: Bad Mom|81\/100\n|-start|p2a: Bad Mom|Salt Cure\n|\n|-weather|RainDance|[upkeep]\n|-heal|p1a: Garganacl|92\/100|[from] item: Leftovers\n|-damage|p2a: Bad Mom|68\/100|[from] Salt Cure\n|upkeep\n|turn|33\n|\n|t:|1700496524\n|switch|p2a: Sweepy|Snorlax, F, tera:Ghost|82\/100 slp\n|move|p1a: Garganacl|Curse|p1a: Garganacl\n|-unboost|p1a: Garganacl|spe|1\n|-boost|p1a: Garganacl|atk|1\n|-boost|p1a: Garganacl|def|1\n|\n|-weather|RainDance|[upkeep]\n|-heal|p2a: Sweepy|88\/100 slp|[from] item: Leftovers\n|-heal|p1a: Garganacl|98\/100|[from] item: Leftovers\n|upkeep\n|turn|34\n|\n|t:|1700496529\n|cant|p2a: Sweepy|slp\n|move|p1a: Garganacl|Salt Cure|p2a: Sweepy\n|-damage|p2a: Sweepy|68\/100 slp\n|-start|p2a: Sweepy|Salt Cure\n|\n|-weather|none\n|-heal|p2a: Sweepy|74\/100 slp|[from] item: Leftovers\n|-heal|p1a: Garganacl|100\/100|[from] item: Leftovers\n|-damage|p2a: Sweepy|61\/100 slp|[from] Salt Cure\n|upkeep\n|turn|35\n|\n|t:|1700496535\n|-curestatus|p2a: Sweepy|slp|[msg]\n|move|p2a: Sweepy|Rest|p2a: Sweepy\n|-status|p2a: Sweepy|slp|[from] move: Rest\n|-heal|p2a: Sweepy|100\/100 slp|[silent]\n|move|p1a: Garganacl|Earthquake|p2a: Sweepy\n|-damage|p2a: Sweepy|67\/100 slp\n|\n|-heal|p2a: Sweepy|73\/100 slp|[from] item: Leftovers\n|-damage|p2a: Sweepy|61\/100 slp|[from] Salt Cure\n|upkeep\n|turn|36\n|\n|t:|1700496553\n|switch|p2a: Chompy & The Bits|Hydreigon, M|24\/100\n|move|p1a: Garganacl|Earthquake|p2a: Chompy & The Bits\n|-immune|p2a: Chompy & The Bits|[from] ability: Levitate\n|\n|upkeep\n|turn|37\n|\n|t:|1700496556\n|move|p2a: Chompy & The Bits|Earth Power|p1a: Garganacl\n|-supereffective|p1a: Garganacl\n|-damage|p1a: Garganacl|61\/100\n|move|p1a: Garganacl|Salt Cure|p2a: Chompy & The Bits\n|-damage|p2a: Chompy & The Bits|0 fnt\n|faint|p2a: Chompy & The Bits\n|\n|-heal|p1a: Garganacl|67\/100|[from] item: Leftovers\n|upkeep\n|l| Magiquaza\n|\n|t:|1700496559\n|switch|p2a: Sweepy|Snorlax, F, tera:Ghost|61\/100 slp\n|turn|38\n|\n|t:|1700496562\n|cant|p2a: Sweepy|slp\n|move|p2a: Sweepy|Sleep Talk|p2a: Sweepy\n|move|p2a: Sweepy|Body Slam|p1a: Garganacl|[from]move: Sleep Talk\n|-damage|p1a: Garganacl|52\/100\n|move|p1a: Garganacl|Salt Cure|p2a: Sweepy\n|-damage|p2a: Sweepy|42\/100 slp\n|-start|p2a: Sweepy|Salt Cure\n|\n|-heal|p2a: Sweepy|49\/100 slp|[from] item: Leftovers\n|-heal|p1a: Garganacl|58\/100|[from] item: Leftovers\n|-damage|p2a: Sweepy|36\/100 slp|[from] Salt Cure\n|upkeep\n|turn|39\n|\n|t:|1700496570\n|cant|p2a: Sweepy|slp\n|move|p2a: Sweepy|Sleep Talk|p2a: Sweepy\n|move|p2a: Sweepy|Body Slam|p1a: Garganacl|[from]move: Sleep Talk\n|-damage|p1a: Garganacl|45\/100\n|move|p1a: Garganacl|Earthquake|p2a: Sweepy\n|-damage|p2a: Sweepy|6\/100 slp\n|\n|-heal|p2a: Sweepy|12\/100 slp|[from] item: Leftovers\n|-heal|p1a: Garganacl|51\/100|[from] item: Leftovers\n|-damage|p2a: Sweepy|0 fnt|[from] Salt Cure\n|faint|p2a: Sweepy\n|upkeep\n|\n|t:|1700496578\n|switch|p2a: AmongSus|Amoonguss, F, shiny|100\/100\n|turn|40\n|\n|t:|1700496585\n|move|p2a: AmongSus|Foul Play|p1a: Garganacl\n|-damage|p1a: Garganacl|36\/100\n|move|p1a: Garganacl|Recover|p1a: Garganacl\n|-heal|p1a: Garganacl|86\/100\n|\n|-heal|p1a: Garganacl|92\/100|[from] item: Leftovers\n|upkeep\n|turn|41\n|\n|t:|1700496591\n|move|p2a: AmongSus|Foul Play|p1a: Garganacl\n|-damage|p1a: Garganacl|79\/100\n|move|p1a: Garganacl|Salt Cure|p2a: AmongSus\n|-damage|p2a: AmongSus|78\/100\n|-start|p2a: AmongSus|Salt Cure\n|\n|-heal|p2a: AmongSus|85\/100|[from] item: Leftovers\n|-heal|p1a: Garganacl|85\/100|[from] item: Leftovers\n|-damage|p2a: AmongSus|72\/100|[from] Salt Cure\n|upkeep\n|turn|42\n|\n|t:|1700496594\n|switch|p2a: Bad Mom|Dragapult, F, shiny|68\/100\n|move|p1a: Garganacl|Earthquake|p2a: Bad Mom\n|-damage|p2a: Bad Mom|25\/100\n|\n|-heal|p1a: Garganacl|91\/100|[from] item: Leftovers\n|upkeep\n|turn|43\n|\n|t:|1700496604\n|move|p2a: Bad Mom|Dragon Darts|p1a: Garganacl\n|-damage|p1a: Garganacl|78\/100\n|-anim|p2a: Bad Mom|Dragon Darts|p1a: Garganacl\n|-damage|p1a: Garganacl|66\/100\n|move|p1a: Garganacl|Salt Cure|p2a: Bad Mom\n|-damage|p2a: Bad Mom|0 fnt\n|faint|p2a: Bad Mom\n|\n|-heal|p1a: Garganacl|73\/100|[from] item: Leftovers\n|upkeep\n|\n|t:|1700496608\n|switch|p2a: AmongSus|Amoonguss, F, shiny|100\/100\n|turn|44\n|\n|t:|1700496613\n|move|p2a: AmongSus|Foul Play|p1a: Garganacl\n|-damage|p1a: Garganacl|57\/100\n|move|p1a: Garganacl|Salt Cure|p2a: AmongSus\n|-damage|p2a: AmongSus|80\/100\n|-start|p2a: AmongSus|Salt Cure\n|\n|-heal|p2a: AmongSus|86\/100|[from] item: Leftovers\n|-heal|p1a: Garganacl|64\/100|[from] item: Leftovers\n|-damage|p2a: AmongSus|73\/100|[from] Salt Cure\n|upkeep\n|turn|45\n|c|\u2606BensPajamas|gg\n|\n|t:|1700496620\n|move|p2a: AmongSus|Foul Play|p1a: Garganacl\n|-damage|p1a: Garganacl|50\/100\n|move|p1a: Garganacl|Earthquake|p2a: AmongSus\n|-damage|p2a: AmongSus|39\/100\n|\n|-heal|p2a: AmongSus|45\/100|[from] item: Leftovers\n|-heal|p1a: Garganacl|56\/100|[from] item: Leftovers\n|-damage|p2a: AmongSus|32\/100|[from] Salt Cure\n|upkeep\n|turn|46\n|c|\u2606Ehmcee|gg\n|-message|BensPajamas forfeited.\n|\n|win|Ehmcee\n|n|\u2606Ehmcee|ehmcee\n|n|\u2606BensPajamas|benspajamas\n|n|*Lady Monita \u2746|ladymonita\n|n| DabBuster184|dabbuster184\n|n| Mk120|mk120\n|n| FormationX|formationx\n","uploadtime":1700496626,"views":4,"p1id":"ehmcee","p2id":"benspajamas","formatid":"gen9ou","rating":0,"private":0,"password":""}