{"id":"gen9ou-1995394188","p1":"Firemelon66","p2":"Enock123","format":"[Gen 9] OU","log":"|j|\u2606Firemelon66\n|j|\u2606Enock123\n|t:|1700564909\n|gametype|singles\n|player|p1|Firemelon66|unknown|1547\n|player|p2|Enock123|102|1685\n|teamsize|p1|6\n|teamsize|p2|6\n|gen|9\n|tier|[Gen 9] OU\n|rated|\n|rule|Sleep Clause Mod: Limit one foe put to sleep\n|rule|Species Clause: Limit one of each Pok\u00e9mon\n|rule|OHKO Clause: OHKO moves are banned\n|rule|Evasion Items Clause: Evasion items are banned\n|rule|Evasion Moves Clause: Evasion moves are banned\n|rule|Endless Battle Clause: Forcing endless battles is banned\n|rule|HP Percentage Mod: HP is shown in percentages\n|clearpoke\n|poke|p1|Samurott-Hisui, F|\n|poke|p1|Weezing-Galar, M|\n|poke|p1|Slowking-Galar, M|\n|poke|p1|Dragapult, F|\n|poke|p1|Garganacl, M|\n|poke|p1|Thundurus-Therian, M|\n|poke|p2|Clodsire, F|\n|poke|p2|Greninja-*, F|\n|poke|p2|Iron Valiant|\n|poke|p2|Moltres|\n|poke|p2|Breloom, F|\n|poke|p2|Cresselia, F|\n|teampreview\n|inactive|Battle timer is ON: inactive players will automatically lose when time's up. (requested by Firemelon66)\n|c|\u2606Firemelon66|thats a nice lookin team\n|c|\u2606Firemelon66|long time i have seen a breloom\n|\n|t:|1700564938\n|start\n|switch|p1a: Thundurus|Thundurus-Therian, M|100\/100\n|switch|p2a: Greninja|Greninja, F|100\/100\n|turn|1\n|\n|t:|1700564943\n|switch|p1a: Slowking|Slowking-Galar, M|100\/100\n|move|p2a: Greninja|Ice Beam|p1a: Slowking\n|-start|p2a: Greninja|typechange|Ice|[from] ability: Protean\n|-crit|p1a: Slowking\n|-damage|p1a: Slowking|78\/100\n|\n|upkeep\n|turn|2\n|\n|t:|1700564954\n|switch|p2a: Clodsire|Clodsire, F|100\/100\n|move|p1a: Slowking|Flamethrower|p2a: Clodsire\n|-damage|p2a: Clodsire|84\/100\n|\n|upkeep\n|turn|3\n|\n|t:|1700564959\n|move|p1a: Slowking|Psyshock|p2a: Clodsire\n|-supereffective|p2a: Clodsire\n|-damage|p2a: Clodsire|42\/100\n|move|p2a: Clodsire|Spikes|p1a: Slowking\n|-sidestart|p1: Firemelon66|Spikes\n|\n|upkeep\n|turn|4\n|\n|t:|1700564967\n|move|p1a: Slowking|Ice Beam|p2a: Clodsire\n|-supereffective|p2a: Clodsire\n|-damage|p2a: Clodsire|7\/100\n|move|p2a: Clodsire|Recover|p2a: Clodsire\n|-heal|p2a: Clodsire|57\/100\n|\n|upkeep\n|turn|5\n|\n|t:|1700564973\n|switch|p2a: Greninja|Greninja, F|100\/100\n|move|p1a: Slowking|Ice Beam|p2a: Greninja\n|-resisted|p2a: Greninja\n|-damage|p2a: Greninja|79\/100\n|\n|upkeep\n|turn|6\n|\n|t:|1700564980\n|move|p2a: Greninja|U-turn|p1a: Slowking\n|-start|p2a: Greninja|typechange|Bug|[from] ability: Protean\n|-damage|p1a: Slowking|53\/100\n|\n|t:|1700564990\n|switch|p2a: Moltres|Moltres|100\/100|[from] U-turn\n|move|p1a: Slowking|Sludge Bomb|p2a: Moltres\n|-damage|p2a: Moltres|70\/100\n|\n|upkeep\n|turn|7\n|\n|t:|1700564999\n|switch|p1a: Garganacl|Garganacl, M|100\/100\n|-damage|p1a: Garganacl|88\/100|[from] Spikes\n|move|p2a: Moltres|Fire Blast|p1a: Garganacl\n|-resisted|p1a: Garganacl\n|-damage|p1a: Garganacl|69\/100\n|\n|-heal|p1a: Garganacl|75\/100|[from] item: Leftovers\n|upkeep\n|turn|8\n|\n|t:|1700565002\n|move|p2a: Moltres|U-turn|p1a: Garganacl\n|-crit|p1a: Garganacl\n|-damage|p1a: Garganacl|59\/100\n|\n|t:|1700565005\n|switch|p2a: Breloom|Breloom, F|100\/100|[from] U-turn\n|move|p1a: Garganacl|Salt Cure|p2a: Breloom\n|-resisted|p2a: Breloom\n|-damage|p2a: Breloom|90\/100\n|-start|p2a: Breloom|Salt Cure\n|\n|-heal|p1a: Garganacl|66\/100|[from] item: Leftovers\n|-damage|p2a: Breloom|78\/100|[from] Salt Cure\n|upkeep\n|turn|9\n|\n|t:|1700565012\n|switch|p2a: Iron Valiant|Iron Valiant|100\/100\n|-enditem|p2a: Iron Valiant|Booster Energy\n|-activate|p2a: Iron Valiant|ability: Quark Drive|[fromitem]\n|-start|p2a: Iron Valiant|quarkdrivespe\n|switch|p1a: Weezing|Weezing-Galar, M|100\/100\n|\n|upkeep\n|turn|10\n|\n|t:|1700565020\n|move|p2a: Iron Valiant|Destiny Bond|p2a: Iron Valiant\n|-singlemove|p2a: Iron Valiant|Destiny Bond\n|move|p1a: Weezing|Sludge Bomb|p2a: Iron Valiant\n|-supereffective|p2a: Iron Valiant\n|-damage|p2a: Iron Valiant|0 fnt\n|faint|p2a: Iron Valiant\n|-activate|p2a: Iron Valiant|move: Destiny Bond\n|-end|p2a: Iron Valiant|Quark Drive|[silent]\n|faint|p1a: Weezing\n|\n|upkeep\n|\n|t:|1700565035\n|switch|p2a: Greninja|Greninja, F|79\/100\n|switch|p1a: Thundurus|Thundurus-Therian, M|100\/100\n|turn|11\n|\n|t:|1700565040\n|switch|p1a: Slowking|Slowking-Galar, M|86\/100\n|-damage|p1a: Slowking|74\/100|[from] Spikes\n|move|p2a: Greninja|Ice Beam|p1a: Slowking\n|-start|p2a: Greninja|typechange|Ice|[from] ability: Protean\n|-damage|p1a: Slowking|58\/100\n|-status|p1a: Slowking|frz\n|\n|upkeep\n|turn|12\n|\n|t:|1700565053\n|switch|p2a: Breloom|Breloom, F|78\/100\n|cant|p1a: Slowking|frz\n|\n|upkeep\n|turn|13\n|\n|t:|1700565058\n|move|p2a: Breloom|Rock Tomb|p1a: Slowking\n|-damage|p1a: Slowking|14\/100 frz\n|-unboost|p1a: Slowking|spe|1\n|-damage|p2a: Breloom|68\/100|[from] item: Life Orb\n|-curestatus|p1a: Slowking|frz|[msg]\n|move|p1a: Slowking|Sludge Bomb|p2a: Breloom\n|-supereffective|p2a: Breloom\n|-damage|p2a: Breloom|0 fnt\n|faint|p2a: Breloom\n|\n|upkeep\n|\n|t:|1700565067\n|switch|p2a: Cresselia|Cresselia, F|100\/100\n|turn|14\n|c|\u2606Firemelon66|les go\n|\n|t:|1700565071\n|switch|p1a: Samurott|Samurott-Hisui, F|100\/100\n|-damage|p1a: Samurott|88\/100|[from] Spikes\n|move|p2a: Cresselia|Substitute|p2a: Cresselia\n|-start|p2a: Cresselia|Substitute\n|-damage|p2a: Cresselia|76\/100\n|\n|-heal|p1a: Samurott|94\/100|[from] item: Leftovers\n|-heal|p2a: Cresselia|82\/100|[from] item: Leftovers\n|upkeep\n|turn|15\n|\n|t:|1700565074\n|-terastallize|p2a: Cresselia|Electric\n|move|p2a: Cresselia|Thunder|p1a: Samurott|[miss]\n|-miss|p2a: Cresselia|p1a: Samurott\n|move|p1a: Samurott|Ceaseless Edge|p2a: Cresselia\n|-crit|p2a: Cresselia\n|-end|p2a: Cresselia|Substitute\n|-sidestart|p2: Enock123|Spikes\n|\n|-heal|p1a: Samurott|100\/100|[from] item: Leftovers\n|-heal|p2a: Cresselia|88\/100|[from] item: Leftovers\n|upkeep\n|turn|16\n|\n|t:|1700565082\n|switch|p1a: Thundurus|Thundurus-Therian, M|100\/100\n|move|p2a: Cresselia|Thunder|p1a: Thundurus\n|-immune|p1a: Thundurus|[from] ability: Volt Absorb\n|\n|-heal|p2a: Cresselia|94\/100|[from] item: Leftovers\n|upkeep\n|turn|17\n|\n|t:|1700565085\n|move|p1a: Thundurus|Knock Off|p2a: Cresselia\n|-damage|p2a: Cresselia|78\/100\n|-enditem|p2a: Cresselia|Leftovers|[from] move: Knock Off|[of] p1a: Thundurus\n|move|p2a: Cresselia|Calm Mind|p2a: Cresselia\n|-boost|p2a: Cresselia|spa|1\n|-boost|p2a: Cresselia|spd|1\n|\n|upkeep\n|turn|18\n|\n|t:|1700565092\n|switch|p1a: Slowking|Slowking-Galar, M|47\/100\n|-damage|p1a: Slowking|35\/100|[from] Spikes\n|move|p2a: Cresselia|Ice Beam|p1a: Slowking\n|-damage|p1a: Slowking|21\/100\n|\n|upkeep\n|turn|19\n|\n|t:|1700565101\n|switch|p1a: Garganacl|Garganacl, M|66\/100\n|-damage|p1a: Garganacl|53\/100|[from] Spikes\n|move|p2a: Cresselia|Substitute|p2a: Cresselia\n|-start|p2a: Cresselia|Substitute\n|-damage|p2a: Cresselia|53\/100\n|\n|-heal|p1a: Garganacl|59\/100|[from] item: Leftovers\n|upkeep\n|turn|20\n|\n|t:|1700565115\n|switch|p1a: Slowking|Slowking-Galar, M|54\/100\n|-damage|p1a: Slowking|42\/100|[from] Spikes\n|move|p2a: Cresselia|Calm Mind|p2a: Cresselia\n|-boost|p2a: Cresselia|spa|1\n|-boost|p2a: Cresselia|spd|1\n|\n|upkeep\n|turn|21\n|\n|t:|1700565119\n|move|p2a: Cresselia|Thunder|p1a: Slowking|[miss]\n|-miss|p2a: Cresselia|p1a: Slowking\n|move|p1a: Slowking|Sludge Bomb|p2a: Cresselia\n|-activate|p2a: Cresselia|move: Substitute|[damage]\n|\n|upkeep\n|turn|22\n|\n|t:|1700565124\n|move|p2a: Cresselia|Thunder|p1a: Slowking|[miss]\n|-miss|p2a: Cresselia|p1a: Slowking\n|move|p1a: Slowking|Sludge Bomb|p2a: Cresselia\n|-activate|p2a: Cresselia|move: Substitute|[damage]\n|\n|upkeep\n|turn|23\n|\n|t:|1700565127\n|switch|p1a: Thundurus|Thundurus-Therian, M|100\/100\n|move|p2a: Cresselia|Thunder|p1a: Thundurus\n|-immune|p1a: Thundurus|[from] ability: Volt Absorb\n|\n|upkeep\n|turn|24\n|\n|t:|1700565132\n|move|p1a: Thundurus|Volt Switch|p2a: Cresselia\n|-resisted|p2a: Cresselia\n|-end|p2a: Cresselia|Substitute\n|\n|t:|1700565136\n|switch|p1a: Slowking|Slowking-Galar, M|75\/100|[from] Volt Switch\n|-damage|p1a: Slowking|62\/100|[from] Spikes\n|move|p2a: Cresselia|Ice Beam|p1a: Slowking\n|-damage|p1a: Slowking|44\/100\n|\n|upkeep\n|turn|25\n|\n|t:|1700565140\n|move|p2a: Cresselia|Substitute|p2a: Cresselia\n|-start|p2a: Cresselia|Substitute\n|-damage|p2a: Cresselia|28\/100\n|move|p1a: Slowking|Psyshock|p2a: Cresselia\n|-activate|p2a: Cresselia|move: Substitute|[damage]\n|\n|upkeep\n|turn|26\n|\n|t:|1700565142\n|move|p2a: Cresselia|Thunder|p1a: Slowking\n|-crit|p1a: Slowking\n|-damage|p1a: Slowking|0 fnt\n|faint|p1a: Slowking\n|\n|upkeep\n|\n|t:|1700565146\n|switch|p1a: Dragapult|Dragapult, F|100\/100\n|-damage|p1a: Dragapult|88\/100|[from] Spikes\n|turn|27\n|\n|t:|1700565152\n|move|p1a: Dragapult|Dragon Darts|p2a: Cresselia\n|-damage|p2a: Cresselia|11\/100\n|-anim|p1a: Dragapult|Dragon Darts|p2a: Cresselia\n|-damage|p2a: Cresselia|0 fnt\n|faint|p2a: Cresselia\n|\n|upkeep\n|\n|t:|1700565157\n|switch|p2a: Greninja|Greninja, F|79\/100\n|-damage|p2a: Greninja|67\/100|[from] Spikes\n|turn|28\n|\n|t:|1700565161\n|move|p2a: Greninja|Ice Beam|p1a: Dragapult\n|-start|p2a: Greninja|typechange|Ice|[from] ability: Protean\n|-supereffective|p1a: Dragapult\n|-damage|p1a: Dragapult|0 fnt\n|faint|p1a: Dragapult\n|\n|upkeep\n|\n|t:|1700565165\n|switch|p1a: Garganacl|Garganacl, M|59\/100\n|-damage|p1a: Garganacl|47\/100|[from] Spikes\n|turn|29\n|\n|t:|1700565172\n|switch|p2a: Clodsire|Clodsire, F|57\/100\n|-damage|p2a: Clodsire|45\/100|[from] Spikes\n|move|p1a: Garganacl|Salt Cure|p2a: Clodsire\n|-resisted|p2a: Clodsire\n|-damage|p2a: Clodsire|40\/100\n|-start|p2a: Clodsire|Salt Cure\n|\n|-heal|p1a: Garganacl|53\/100|[from] item: Leftovers\n|-damage|p2a: Clodsire|27\/100|[from] Salt Cure\n|upkeep\n|turn|30\n|\n|t:|1700565176\n|move|p1a: Garganacl|Recover|p1a: Garganacl\n|-heal|p1a: Garganacl|100\/100\n|move|p2a: Clodsire|Recover|p2a: Clodsire\n|-heal|p2a: Clodsire|78\/100\n|\n|-damage|p2a: Clodsire|65\/100|[from] Salt Cure\n|upkeep\n|turn|31\n|\n|t:|1700565183\n|switch|p2a: Greninja|Greninja, F|67\/100\n|-damage|p2a: Greninja|55\/100|[from] Spikes\n|move|p1a: Garganacl|Body Press|p2a: Greninja\n|-supereffective|p2a: Greninja\n|-crit|p2a: Greninja\n|-damage|p2a: Greninja|0 fnt\n|faint|p2a: Greninja\n|\n|upkeep\n|-message|Enock123 forfeited.\n|\n|win|Firemelon66\n|raw|Firemelon66's rating: 1547 &rarr; <strong>1575<\/strong><br \/>(+28 for winning)\n|raw|Enock123's rating: 1685 &rarr; <strong>1657<\/strong><br \/>(-28 for losing)\n|l|\u2606Enock123\n|c|\u2606Firemelon66|juice predcit\n","uploadtime":1700565196,"views":8,"p1id":"firemelon66","p2id":"enock123","formatid":"gen9ou","rating":1575,"private":0,"password":""}