{"id":"gen9ou-1997191078","p1":"swimming p00ls","p2":"JspKiC","format":"[Gen 9] OU","log":"|j|\u2606swimming p00ls\n|j|\u2606JspKiC\n|t:|1700773881\n|gametype|singles\n|player|p1|swimming p00ls|harlequin|1355\n|player|p2|JspKiC|li|1286\n|teamsize|p1|6\n|teamsize|p2|6\n|gen|9\n|tier|[Gen 9] OU\n|rated|\n|rule|Sleep Clause Mod: Limit one foe put to sleep\n|rule|Species Clause: Limit one of each Pok\u00e9mon\n|rule|OHKO Clause: OHKO moves are banned\n|rule|Evasion Items Clause: Evasion items are banned\n|rule|Evasion Moves Clause: Evasion moves are banned\n|rule|Endless Battle Clause: Forcing endless battles is banned\n|rule|HP Percentage Mod: HP is shown in percentages\n|clearpoke\n|poke|p1|Kingambit, F|\n|poke|p1|Glimmora, M|\n|poke|p1|Zamazenta-*|\n|poke|p1|Iron Valiant|\n|poke|p1|Iron Moth|\n|poke|p1|Ogerpon-Wellspring, F|\n|poke|p2|Rillaboom, F|\n|poke|p2|Hawlucha, F|\n|poke|p2|Dragapult, F|\n|poke|p2|Kingambit, M|\n|poke|p2|Sandy Shocks|\n|poke|p2|Ogerpon-Wellspring, F|\n|teampreview\n|inactive|Battle timer is ON: inactive players will automatically lose when time's up. (requested by swimming p00ls)\n|\n|t:|1700773893\n|start\n|switch|p1a: Glimmora|Glimmora, M|100\/100\n|switch|p2a: Sandy Shocks|Sandy Shocks|100\/100\n|-enditem|p2a: Sandy Shocks|Booster Energy\n|-activate|p2a: Sandy Shocks|ability: Protosynthesis|[fromitem]\n|-start|p2a: Sandy Shocks|protosynthesisspe\n|turn|1\n|c|\u2606JspKiC|Hi gl !\n|\n|t:|1700773908\n|move|p2a: Sandy Shocks|Earth Power|p1a: Glimmora\n|-supereffective|p1a: Glimmora\n|-enditem|p1a: Glimmora|Focus Sash\n|-damage|p1a: Glimmora|1\/100\n|move|p1a: Glimmora|Stealth Rock|p2a: Sandy Shocks\n|-sidestart|p2: JspKiC|move: Stealth Rock\n|\n|upkeep\n|turn|2\n|\n|t:|1700773936\n|move|p2a: Sandy Shocks|Tera Blast|p1a: Glimmora\n|-resisted|p1a: Glimmora\n|-damage|p1a: Glimmora|0 fnt\n|faint|p1a: Glimmora\n|\n|upkeep\n|inactive|swimming p00ls has 120 seconds left.\n|\n|t:|1700773947\n|switch|p1a: Iron Valiant|Iron Valiant|100\/100\n|-enditem|p1a: Iron Valiant|Booster Energy\n|-activate|p1a: Iron Valiant|ability: Quark Drive|[fromitem]\n|-start|p1a: Iron Valiant|quarkdrivespe\n|turn|3\n|\n|t:|1700773952\n|move|p1a: Iron Valiant|Calm Mind|p1a: Iron Valiant\n|-boost|p1a: Iron Valiant|spa|1\n|-boost|p1a: Iron Valiant|spd|1\n|move|p2a: Sandy Shocks|Spikes|p1a: Iron Valiant\n|-sidestart|p1: swimming p00ls|Spikes\n|\n|upkeep\n|turn|4\n|\n|t:|1700773957\n|move|p1a: Iron Valiant|Calm Mind|p1a: Iron Valiant\n|-boost|p1a: Iron Valiant|spa|1\n|-boost|p1a: Iron Valiant|spd|1\n|move|p2a: Sandy Shocks|Spikes|p1a: Iron Valiant\n|-sidestart|p1: swimming p00ls|Spikes\n|\n|upkeep\n|turn|5\n|\n|t:|1700773962\n|move|p1a: Iron Valiant|Calm Mind|p1a: Iron Valiant\n|-boost|p1a: Iron Valiant|spa|1\n|-boost|p1a: Iron Valiant|spd|1\n|move|p2a: Sandy Shocks|Spikes|p1a: Iron Valiant\n|-sidestart|p1: swimming p00ls|Spikes\n|\n|upkeep\n|turn|6\n|\n|t:|1700773968\n|-end|p2a: Sandy Shocks|Protosynthesis|[silent]\n|switch|p2a: Moi aimer beuh|Rillaboom, F|100\/100\n|-damage|p2a: Moi aimer beuh|88\/100|[from] Stealth Rock\n|-fieldstart|move: Grassy Terrain|[from] ability: Grassy Surge|[of] p2a: Moi aimer beuh\n|move|p1a: Iron Valiant|Moonblast|p2a: Moi aimer beuh\n|-damage|p2a: Moi aimer beuh|0 fnt\n|faint|p2a: Moi aimer beuh\n|\n|upkeep\n|\n|t:|1700773975\n|switch|p2a: Je suis NWAR|Hawlucha, F, shiny|100\/100\n|-damage|p2a: Je suis NWAR|88\/100|[from] Stealth Rock\n|-enditem|p2a: Je suis NWAR|Grassy Seed\n|-boost|p2a: Je suis NWAR|def|1|[from] item: Grassy Seed\n|turn|7\n|\n|t:|1700773982\n|move|p2a: Je suis NWAR|Acrobatics|p1a: Iron Valiant\n|-supereffective|p1a: Iron Valiant\n|-damage|p1a: Iron Valiant|0 fnt\n|faint|p1a: Iron Valiant\n|-end|p1a: Iron Valiant|Quark Drive|[silent]\n|\n|upkeep\n|\n|t:|1700774006\n|switch|p1a: Zamazenta|Zamazenta, shiny|100\/100\n|-damage|p1a: Zamazenta|76\/100|[from] Spikes\n|-ability|p1a: Zamazenta|Dauntless Shield|boost\n|-boost|p1a: Zamazenta|def|1\n|turn|8\n|\n|t:|1700774016\n|move|p2a: Je suis NWAR|Swords Dance|p2a: Je suis NWAR\n|-boost|p2a: Je suis NWAR|atk|2\n|move|p1a: Zamazenta|Stone Edge|p2a: Je suis NWAR|[miss]\n|-miss|p1a: Zamazenta|p2a: Je suis NWAR\n|\n|-heal|p1a: Zamazenta|82\/100|[from] Grassy Terrain\n|-heal|p1a: Zamazenta|88\/100|[from] item: Leftovers\n|upkeep\n|turn|9\n|\n|t:|1700774032\n|-terastallize|p1a: Zamazenta|Fire\n|move|p2a: Je suis NWAR|Acrobatics|p1a: Zamazenta\n|-damage|p1a: Zamazenta|29\/100\n|move|p1a: Zamazenta|Stone Edge|p2a: Je suis NWAR\n|-damage|p2a: Je suis NWAR|58\/100\n|\n|-heal|p1a: Zamazenta|36\/100|[from] Grassy Terrain\n|-heal|p1a: Zamazenta|42\/100|[from] item: Leftovers\n|upkeep\n|turn|10\n|\n|t:|1700774049\n|move|p2a: Je suis NWAR|Acrobatics|p1a: Zamazenta\n|-damage|p1a: Zamazenta|0 fnt\n|faint|p1a: Zamazenta\n|\n|-fieldend|move: Grassy Terrain\n|upkeep\n|\n|t:|1700774055\n|switch|p1a: Iron Moth|Iron Moth|100\/100\n|-damage|p1a: Iron Moth|76\/100|[from] Spikes\n|-enditem|p1a: Iron Moth|Booster Energy\n|-activate|p1a: Iron Moth|ability: Quark Drive|[fromitem]\n|-start|p1a: Iron Moth|quarkdrivespe\n|turn|11\n|\n|t:|1700774061\n|move|p2a: Je suis NWAR|Acrobatics|p1a: Iron Moth\n|-damage|p1a: Iron Moth|0 fnt\n|faint|p1a: Iron Moth\n|-end|p1a: Iron Moth|Quark Drive|[silent]\n|\n|upkeep\n|\n|t:|1700774065\n|switch|p1a: Kingambit|Kingambit, F|100\/100\n|-damage|p1a: Kingambit|76\/100|[from] Spikes\n|-activate|p1a: Kingambit|ability: Supreme Overlord\n|-start|p1a: Kingambit|fallen4|[silent]\n|turn|12\n|\n|t:|1700774075\n|move|p1a: Kingambit|Sucker Punch|p2a: Je suis NWAR\n|-resisted|p2a: Je suis NWAR\n|-damage|p2a: Je suis NWAR|26\/100\n|move|p2a: Je suis NWAR|Close Combat|p1a: Kingambit\n|-supereffective|p1a: Kingambit\n|-damage|p1a: Kingambit|0 fnt\n|-unboost|p2a: Je suis NWAR|def|1\n|-unboost|p2a: Je suis NWAR|spd|1\n|faint|p1a: Kingambit\n|-end|p1a: Kingambit|fallen4|[silent]\n|\n|upkeep\n|-message|swimming p00ls forfeited.\n|\n|win|JspKiC\n|raw|swimming p00ls's rating: 1355 &rarr; <strong>1331<\/strong><br \/>(-24 for losing)\n|raw|JspKiC's rating: 1286 &rarr; <strong>1316<\/strong><br \/>(+30 for winning)\n|l|\u2606swimming p00ls\n","uploadtime":1700774099,"views":7,"p1id":"swimmingp00ls","p2id":"jspkic","formatid":"gen9ou","rating":1316,"private":0,"password":""}