{"id":"gen9ou-1993189905","p1":"ratatta17","p2":"TSwizzle55","format":"[Gen 9] OU","log":"|j|\u2606ratatta17\n|j|\u2606TSwizzle55\n|t:|1700275838\n|gametype|singles\n|player|p1|ratatta17|265|1604\n|player|p2|TSwizzle55|caitlin|1559\n|teamsize|p1|6\n|teamsize|p2|6\n|gen|9\n|tier|[Gen 9] OU\n|rated|\n|rule|Sleep Clause Mod: Limit one foe put to sleep\n|rule|Species Clause: Limit one of each Pok\u00e9mon\n|rule|OHKO Clause: OHKO moves are banned\n|rule|Evasion Items Clause: Evasion items are banned\n|rule|Evasion Moves Clause: Evasion moves are banned\n|rule|Endless Battle Clause: Forcing endless battles is banned\n|rule|HP Percentage Mod: HP is shown in percentages\n|clearpoke\n|poke|p1|Azumarill, F|\n|poke|p1|Staraptor, F|\n|poke|p1|Toedscruel, F|\n|poke|p1|Skeledirge, M|\n|poke|p1|Ninetales-Alola, M|\n|poke|p1|Iron Valiant|\n|poke|p2|Kingambit, M|\n|poke|p2|Iron Valiant|\n|poke|p2|Landorus-Therian, M|\n|poke|p2|Cinderace, M|\n|poke|p2|Zamazenta-*|\n|poke|p2|Ogerpon-Wellspring, F|\n|teampreview\n|\n|t:|1700275846\n|start\n|switch|p1a: Staraptor|Staraptor, F|100\/100\n|switch|p2a: Cinderace|Cinderace, M|100\/100\n|-ability|p1a: Staraptor|Intimidate|boost\n|-unboost|p2a: Cinderace|atk|1\n|turn|1\n|\n|t:|1700275850\n|switch|p2a: Landorus|Landorus-Therian, M|100\/100\n|-ability|p2a: Landorus|Intimidate|boost\n|-unboost|p1a: Staraptor|atk|1\n|move|p1a: Staraptor|Final Gambit|p2a: Landorus\n|-damage|p2a: Landorus|0 fnt\n|faint|p1a: Staraptor\n|faint|p2a: Landorus\n|\n|upkeep\n|\n|t:|1700275855\n|switch|p1a: Ninetales|Ninetales-Alola, M|100\/100\n|switch|p2a: Cinderace|Cinderace, M|100\/100\n|-weather|Snow|[from] ability: Snow Warning|[of] p1a: Ninetales\n|turn|2\n|\n|t:|1700275857\n|move|p2a: Cinderace|Pyro Ball|p1a: Ninetales|[miss]\n|-miss|p2a: Cinderace|p1a: Ninetales\n|move|p1a: Ninetales|Aurora Veil|p1a: Ninetales\n|-sidestart|p1: ratatta17|move: Aurora Veil\n|\n|-weather|Snow|[upkeep]\n|upkeep\n|turn|3\n|\n|t:|1700275861\n|move|p2a: Cinderace|Court Change|p2a: Cinderace\n|-start|p2a: Cinderace|typechange|Normal|[from] ability: Libero\n|-swapsideconditions\n|-activate|p2a: Cinderace|move: Court Change\n|move|p1a: Ninetales|Encore|p2a: Cinderace\n|-start|p2a: Cinderace|Encore\n|\n|-weather|Snow|[upkeep]\n|upkeep\n|turn|4\n|\n|t:|1700275864\n|switch|p2a: Kingambit|Kingambit, M|100\/100\n|-activate|p2a: Kingambit|ability: Supreme Overlord\n|-start|p2a: Kingambit|fallen1|[silent]\n|move|p1a: Ninetales|Aurora Veil|p1a: Ninetales\n|-sidestart|p1: ratatta17|move: Aurora Veil\n|\n|-weather|Snow|[upkeep]\n|upkeep\n|turn|5\n|\n|t:|1700275870\n|switch|p1a: Skeledirge|Skeledirge, M|100\/100\n|move|p2a: Kingambit|Brick Break|p1a: Skeledirge\n|-immune|p1a: Skeledirge\n|\n|-weather|Snow|[upkeep]\n|upkeep\n|turn|6\n|\n|t:|1700275875\n|-end|p2a: Kingambit|fallen1|[silent]\n|switch|p2a: Cinderace|Cinderace, M|100\/100\n|move|p1a: Skeledirge|Will-O-Wisp|p2a: Cinderace\n|-immune|p2a: Cinderace\n|\n|-weather|none\n|upkeep\n|turn|7\n|\n|t:|1700275879\n|move|p2a: Cinderace|U-turn|p1a: Skeledirge\n|-start|p2a: Cinderace|typechange|Bug|[from] ability: Libero\n|-resisted|p1a: Skeledirge\n|-crit|p1a: Skeledirge\n|-damage|p1a: Skeledirge|90\/100\n|\n|t:|1700275881\n|switch|p2a: Ogerpon|Ogerpon-Wellspring, F|100\/100|[from] U-turn\n|move|p1a: Skeledirge|Will-O-Wisp|p2a: Ogerpon\n|-status|p2a: Ogerpon|brn\n|\n|-heal|p1a: Skeledirge|96\/100|[from] item: Leftovers\n|-damage|p2a: Ogerpon|95\/100 brn|[from] brn\n|upkeep\n|turn|8\n|\n|t:|1700275884\n|move|p2a: Ogerpon|Ivy Cudgel|p1a: Skeledirge|[anim] Ivy Cudgel Water\n|-supereffective|p1a: Skeledirge\n|-damage|p1a: Skeledirge|69\/100\n|move|p1a: Skeledirge|Torch Song|p2a: Ogerpon\n|-damage|p2a: Ogerpon|76\/100 brn\n|-boost|p1a: Skeledirge|spa|1\n|\n|-heal|p1a: Skeledirge|75\/100|[from] item: Leftovers\n|-damage|p2a: Ogerpon|70\/100 brn|[from] brn\n|upkeep\n|turn|9\n|\n|t:|1700275891\n|move|p2a: Ogerpon|Knock Off|p1a: Skeledirge\n|-supereffective|p1a: Skeledirge\n|-damage|p1a: Skeledirge|61\/100\n|-enditem|p1a: Skeledirge|Leftovers|[from] move: Knock Off|[of] p2a: Ogerpon\n|move|p1a: Skeledirge|Torch Song|p2a: Ogerpon\n|-damage|p2a: Ogerpon|43\/100 brn\n|-boost|p1a: Skeledirge|spa|1\n|\n|-damage|p2a: Ogerpon|37\/100 brn|[from] brn\n|-sideend|p2: TSwizzle55|move: Aurora Veil\n|upkeep\n|turn|10\n|\n|t:|1700275896\n|move|p2a: Ogerpon|Ivy Cudgel|p1a: Skeledirge|[anim] Ivy Cudgel Water\n|-supereffective|p1a: Skeledirge\n|-damage|p1a: Skeledirge|38\/100\n|move|p1a: Skeledirge|Slack Off|p1a: Skeledirge\n|-heal|p1a: Skeledirge|88\/100\n|\n|-damage|p2a: Ogerpon|31\/100 brn|[from] brn\n|upkeep\n|turn|11\n|\n|t:|1700275899\n|move|p2a: Ogerpon|Ivy Cudgel|p1a: Skeledirge|[anim] Ivy Cudgel Water\n|-supereffective|p1a: Skeledirge\n|-damage|p1a: Skeledirge|65\/100\n|move|p1a: Skeledirge|Hex|p2a: Ogerpon\n|-damage|p2a: Ogerpon|0 fnt\n|faint|p2a: Ogerpon\n|\n|-sideend|p1: ratatta17|move: Aurora Veil\n|upkeep\n|\n|t:|1700275902\n|switch|p2a: Zamazenta|Zamazenta|100\/100\n|-ability|p2a: Zamazenta|Dauntless Shield|boost\n|-boost|p2a: Zamazenta|def|1\n|turn|12\n|\n|t:|1700275907\n|move|p2a: Zamazenta|Crunch|p1a: Skeledirge\n|-supereffective|p1a: Skeledirge\n|-damage|p1a: Skeledirge|15\/100\n|move|p1a: Skeledirge|Torch Song|p2a: Zamazenta\n|-crit|p2a: Zamazenta\n|-damage|p2a: Zamazenta|47\/100\n|-boost|p1a: Skeledirge|spa|1\n|\n|upkeep\n|turn|13\n|\n|t:|1700275912\n|switch|p1a: Ninetales|Ninetales-Alola, M|100\/100\n|-weather|Snow|[from] ability: Snow Warning|[of] p1a: Ninetales\n|move|p2a: Zamazenta|Crunch|p1a: Ninetales\n|-resisted|p1a: Ninetales\n|-damage|p1a: Ninetales|89\/100\n|\n|-weather|Snow|[upkeep]\n|upkeep\n|turn|14\n|\n|t:|1700275914\n|move|p2a: Zamazenta|Stone Edge|p1a: Ninetales\n|-supereffective|p1a: Ninetales\n|-damage|p1a: Ninetales|25\/100\n|move|p1a: Ninetales|Aurora Veil|p1a: Ninetales\n|-sidestart|p1: ratatta17|move: Aurora Veil\n|\n|-weather|Snow|[upkeep]\n|upkeep\n|turn|15\n|\n|t:|1700275918\n|switch|p2a: Kingambit|Kingambit, M|100\/100\n|-activate|p2a: Kingambit|ability: Supreme Overlord\n|-start|p2a: Kingambit|fallen2|[silent]\n|switch|p1a: Toedscruel|Toedscruel, F|100\/100\n|\n|-weather|Snow|[upkeep]\n|upkeep\n|turn|16\n|\n|t:|1700275922\n|-end|p2a: Kingambit|fallen2|[silent]\n|switch|p2a: Zamazenta|Zamazenta|47\/100\n|move|p1a: Toedscruel|Spore|p2a: Zamazenta\n|-status|p2a: Zamazenta|slp|[from] move: Spore\n|\n|-weather|Snow|[upkeep]\n|upkeep\n|turn|17\n|\n|t:|1700275924\n|switch|p2a: Iron Valiant|Iron Valiant|100\/100\n|move|p1a: Toedscruel|Leech Seed|p2a: Iron Valiant\n|-start|p2a: Iron Valiant|move: Leech Seed\n|\n|-weather|none\n|-damage|p2a: Iron Valiant|88\/100|[from] Leech Seed|[of] p1a: Toedscruel\n|upkeep\n|turn|18\n|\n|t:|1700275936\n|-end|p2a: Iron Valiant|Quark Drive|[silent]\n|switch|p2a: Cinderace|Cinderace, M|100\/100\n|switch|p1a: Ninetales|Ninetales-Alola, M|25\/100\n|-weather|Snow|[from] ability: Snow Warning|[of] p1a: Ninetales\n|\n|-weather|Snow|[upkeep]\n|upkeep\n|turn|19\n|\n|t:|1700275941\n|move|p2a: Cinderace|Pyro Ball|p1a: Ninetales\n|-supereffective|p1a: Ninetales\n|-damage|p1a: Ninetales|0 fnt\n|faint|p1a: Ninetales\n|\n|-weather|Snow|[upkeep]\n|upkeep\n|\n|t:|1700275944\n|switch|p1a: Skeledirge|Skeledirge, M|15\/100\n|turn|20\n|\n|t:|1700275948\n|move|p2a: Cinderace|Court Change|p2a: Cinderace\n|-start|p2a: Cinderace|typechange|Normal|[from] ability: Libero\n|-swapsideconditions\n|-activate|p2a: Cinderace|move: Court Change\n|move|p1a: Skeledirge|Slack Off|p1a: Skeledirge\n|-heal|p1a: Skeledirge|65\/100\n|\n|-weather|Snow|[upkeep]\n|upkeep\n|turn|21\n|\n|t:|1700275951\n|move|p2a: Cinderace|U-turn|p1a: Skeledirge\n|-resisted|p1a: Skeledirge\n|-damage|p1a: Skeledirge|60\/100\n|\n|t:|1700275953\n|switch|p2a: Zamazenta|Zamazenta|47\/100 slp|[from] U-turn\n|move|p1a: Skeledirge|Will-O-Wisp||[still]\n|-fail|p1a: Skeledirge\n|\n|-weather|Snow|[upkeep]\n|-sideend|p2: TSwizzle55|move: Aurora Veil\n|upkeep\n|turn|22\n|\n|t:|1700275956\n|cant|p2a: Zamazenta|slp\n|move|p1a: Skeledirge|Torch Song|p2a: Zamazenta\n|-damage|p2a: Zamazenta|29\/100 slp\n|-boost|p1a: Skeledirge|spa|1\n|\n|-weather|none\n|upkeep\n|turn|23\n|\n|t:|1700275961\n|cant|p2a: Zamazenta|slp\n|move|p1a: Skeledirge|Hex|p2a: Zamazenta\n|-damage|p2a: Zamazenta|0 fnt\n|faint|p2a: Zamazenta\n|\n|upkeep\n|\n|t:|1700275963\n|switch|p2a: Kingambit|Kingambit, M|100\/100\n|-activate|p2a: Kingambit|ability: Supreme Overlord\n|-start|p2a: Kingambit|fallen3|[silent]\n|turn|24\n|\n|t:|1700275969\n|-terastallize|p2a: Kingambit|Fire\n|move|p1a: Skeledirge|Will-O-Wisp|p2a: Kingambit|[miss]\n|-miss|p1a: Skeledirge|p2a: Kingambit\n|move|p2a: Kingambit|Swords Dance|p2a: Kingambit\n|-boost|p2a: Kingambit|atk|2\n|\n|upkeep\n|turn|25\n|\n|t:|1700275992\n|-terastallize|p1a: Skeledirge|Dragon\n|move|p1a: Skeledirge|Slack Off|p1a: Skeledirge\n|-heal|p1a: Skeledirge|100\/100\n|move|p2a: Kingambit|Iron Head|p1a: Skeledirge\n|-damage|p1a: Skeledirge|54\/100\n|\n|upkeep\n|turn|26\n|\n|t:|1700275997\n|move|p1a: Skeledirge|Slack Off|p1a: Skeledirge\n|-heal|p1a: Skeledirge|100\/100\n|move|p2a: Kingambit|Iron Head|p1a: Skeledirge\n|-damage|p1a: Skeledirge|52\/100\n|\n|upkeep\n|turn|27\n|\n|t:|1700276004\n|move|p1a: Skeledirge|Hex|p2a: Kingambit\n|-damage|p2a: Kingambit|66\/100\n|move|p2a: Kingambit|Iron Head|p1a: Skeledirge\n|-damage|p1a: Skeledirge|11\/100\n|\n|-heal|p2a: Kingambit|73\/100|[from] item: Leftovers\n|upkeep\n|turn|28\n|\n|t:|1700276011\n|move|p1a: Skeledirge|Slack Off|p1a: Skeledirge\n|-heal|p1a: Skeledirge|61\/100\n|move|p2a: Kingambit|Iron Head|p1a: Skeledirge\n|-damage|p1a: Skeledirge|13\/100\n|\n|-heal|p2a: Kingambit|79\/100|[from] item: Leftovers\n|upkeep\n|turn|29\n|\n|t:|1700276017\n|move|p1a: Skeledirge|Hex|p2a: Kingambit\n|-damage|p2a: Kingambit|45\/100\n|move|p2a: Kingambit|Iron Head|p1a: Skeledirge\n|-damage|p1a: Skeledirge|0 fnt\n|faint|p1a: Skeledirge\n|\n|-heal|p2a: Kingambit|51\/100|[from] item: Leftovers\n|upkeep\n|\n|t:|1700276022\n|switch|p1a: Iron Valiant|Iron Valiant|100\/100\n|turn|30\n|\n|t:|1700276025\n|move|p1a: Iron Valiant|Aura Sphere|p2a: Kingambit\n|-damage|p2a: Kingambit|0 fnt\n|faint|p2a: Kingambit\n|-end|p2a: Kingambit|fallen3|[silent]\n|-damage|p1a: Iron Valiant|91\/100|[from] item: Life Orb\n|\n|upkeep\n|\n|t:|1700276031\n|switch|p2a: Iron Valiant|Iron Valiant|88\/100\n|turn|31\n|\n|t:|1700276033\n|move|p2a: Iron Valiant|Moonblast|p1a: Iron Valiant\n|-supereffective|p1a: Iron Valiant\n|-damage|p1a: Iron Valiant|0 fnt\n|faint|p1a: Iron Valiant\n|-end|p1a: Iron Valiant|Quark Drive|[silent]\n|\n|upkeep\n|\n|t:|1700276039\n|switch|p1a: Toedscruel|Toedscruel, F|100\/100\n|turn|32\n|\n|t:|1700276042\n|move|p2a: Iron Valiant|Moonblast|p1a: Toedscruel\n|-damage|p1a: Toedscruel|62\/100\n|move|p1a: Toedscruel|Spore|p2a: Iron Valiant\n|-status|p2a: Iron Valiant|slp|[from] move: Spore\n|\n|-heal|p1a: Toedscruel|68\/100|[from] item: Leftovers\n|upkeep\n|turn|33\n|\n|t:|1700276045\n|cant|p2a: Iron Valiant|slp\n|move|p1a: Toedscruel|Leech Seed|p2a: Iron Valiant\n|-start|p2a: Iron Valiant|move: Leech Seed\n|\n|-heal|p1a: Toedscruel|74\/100|[from] item: Leftovers\n|-damage|p2a: Iron Valiant|76\/100 slp|[from] Leech Seed|[of] p1a: Toedscruel\n|-heal|p1a: Toedscruel|84\/100|[silent]\n|upkeep\n|turn|34\n|\n|t:|1700276050\n|-end|p2a: Iron Valiant|Quark Drive|[silent]\n|switch|p2a: Cinderace|Cinderace, M|100\/100\n|switch|p1a: Azumarill|Azumarill, F|100\/100\n|\n|upkeep\n|turn|35\n|\n|t:|1700276055\n|move|p2a: Cinderace|Will-O-Wisp|p1a: Azumarill\n|-status|p1a: Azumarill|brn\n|move|p1a: Azumarill|Belly Drum|p1a: Azumarill\n|-damage|p1a: Azumarill|50\/100 brn\n|-setboost|p1a: Azumarill|atk|6|[from] move: Belly Drum\n|-enditem|p1a: Azumarill|Sitrus Berry|[eat]\n|-heal|p1a: Azumarill|75\/100 brn|[from] item: Sitrus Berry\n|\n|-damage|p1a: Azumarill|69\/100 brn|[from] brn\n|upkeep\n|turn|36\n|\n|t:|1700276059\n|move|p1a: Azumarill|Aqua Jet|p2a: Cinderace\n|-supereffective|p2a: Cinderace\n|-damage|p2a: Cinderace|0 fnt\n|faint|p2a: Cinderace\n|\n|-damage|p1a: Azumarill|63\/100 brn|[from] brn\n|upkeep\n|\n|t:|1700276061\n|switch|p2a: Iron Valiant|Iron Valiant|76\/100 slp\n|turn|37\n|\n|t:|1700276063\n|move|p1a: Azumarill|Aqua Jet|p2a: Iron Valiant\n|-damage|p2a: Iron Valiant|9\/100 slp\n|cant|p2a: Iron Valiant|slp\n|\n|-damage|p1a: Azumarill|57\/100 brn|[from] brn\n|upkeep\n|turn|38\n|c|\u2606TSwizzle55|gg\n|\n|t:|1700276066\n|move|p1a: Azumarill|Aqua Jet|p2a: Iron Valiant\n|-damage|p2a: Iron Valiant|0 fnt\n|faint|p2a: Iron Valiant\n|-end|p2a: Iron Valiant|Quark Drive|[silent]\n|\n|win|ratatta17\n|raw|ratatta17's rating: 1604 &rarr; <strong>1621<\/strong><br \/>(+17 for winning)\n|raw|TSwizzle55's rating: 1559 &rarr; <strong>1542<\/strong><br \/>(-17 for losing)\n|l|\u2606TSwizzle55\n","uploadtime":1700276074,"views":13,"p1id":"ratatta17","p2id":"tswizzle55","formatid":"gen9ou","rating":1542,"private":0,"password":""}