{"id":"gen9ou-1996254379","p1":"yyysneasel","p2":"Steez Ibanez","format":"[Gen 9] OU","log":"|j|\u2606yyysneasel\n|j|\u2606Steez Ibanez\n|t:|1700664394\n|gametype|singles\n|player|p1|yyysneasel|bugcatcher-gen4dp|1710\n|player|p2|Steez Ibanez|lance-gen2|1784\n|teamsize|p1|6\n|teamsize|p2|6\n|gen|9\n|tier|[Gen 9] OU\n|rated|\n|rule|Sleep Clause Mod: Limit one foe put to sleep\n|rule|Species Clause: Limit one of each Pok\u00e9mon\n|rule|OHKO Clause: OHKO moves are banned\n|rule|Evasion Items Clause: Evasion items are banned\n|rule|Evasion Moves Clause: Evasion moves are banned\n|rule|Endless Battle Clause: Forcing endless battles is banned\n|rule|HP Percentage Mod: HP is shown in percentages\n|clearpoke\n|poke|p1|Corviknight, M|\n|poke|p1|Toxapex, M|\n|poke|p1|Dondozo, M|\n|poke|p1|Slowking-Galar, M|\n|poke|p1|Blissey, F|\n|poke|p1|Clefable, M|\n|poke|p2|Dragapult, M|\n|poke|p2|Zapdos|\n|poke|p2|Iron Moth|\n|poke|p2|Ting-Lu|\n|poke|p2|Corviknight, M|\n|poke|p2|Samurott-Hisui, M|\n|teampreview\n|\n|t:|1700664405\n|start\n|switch|p1a: stannin on bihness|Toxapex, M|100\/100\n|switch|p2a: Amaterasu|Iron Moth|100\/100\n|turn|1\n|\n|t:|1700664409\n|move|p2a: Amaterasu|Toxic Spikes|p1a: stannin on bihness\n|-sidestart|p1: yyysneasel|move: Toxic Spikes\n|move|p1a: stannin on bihness|Infestation|p2a: Amaterasu\n|-resisted|p2a: Amaterasu\n|-damage|p2a: Amaterasu|99\/100\n|-activate|p2a: Amaterasu|move: Infestation|[of] p1a: stannin on bihness\n|\n|-damage|p2a: Amaterasu|88\/100|[from] move: Infestation|[partiallytrapped]\n|upkeep\n|turn|2\n|\n|t:|1700664412\n|move|p2a: Amaterasu|Flamethrower|p1a: stannin on bihness\n|-resisted|p1a: stannin on bihness\n|-damage|p1a: stannin on bihness|81\/100\n|move|p1a: stannin on bihness|Surf|p2a: Amaterasu\n|-supereffective|p2a: Amaterasu\n|-damage|p2a: Amaterasu|45\/100\n|\n|-damage|p2a: Amaterasu|33\/100|[from] move: Infestation|[partiallytrapped]\n|upkeep\n|turn|3\n|\n|t:|1700664415\n|move|p2a: Amaterasu|Flamethrower|p1a: stannin on bihness\n|-resisted|p1a: stannin on bihness\n|-damage|p1a: stannin on bihness|62\/100\n|move|p1a: stannin on bihness|Surf|p2a: Amaterasu\n|-supereffective|p2a: Amaterasu\n|-damage|p2a: Amaterasu|0 fnt\n|faint|p2a: Amaterasu\n|-end|p2a: Amaterasu|Quark Drive|[silent]\n|\n|upkeep\n|\n|t:|1700664420\n|switch|p2a: Zeus|Zapdos|100\/100\n|turn|4\n|\n|t:|1700664423\n|switch|p1a: Slowking|Slowking-Galar, M|100\/100\n|-sideend|p1: yyysneasel|move: Toxic Spikes|[of] p1a: Slowking\n|move|p2a: Zeus|Volt Switch|p1a: Slowking\n|-damage|p1a: Slowking|76\/100\n|\n|t:|1700664430\n|switch|p2a: Darth Tyranus|Samurott-Hisui, M|100\/100|[from] Volt Switch\n|\n|upkeep\n|turn|5\n|\n|t:|1700664433\n|switch|p1a: stannin on bihness|Toxapex, M|95\/100\n|move|p2a: Darth Tyranus|Ceaseless Edge|p1a: stannin on bihness\n|-damage|p1a: stannin on bihness|68\/100\n|-sidestart|p1: yyysneasel|Spikes\n|\n|upkeep\n|turn|6\n|\n|t:|1700664438\n|switch|p2a: Dick Grayson|Corviknight, M|100\/100\n|-ability|p2a: Dick Grayson|Pressure\n|move|p1a: stannin on bihness|Toxic|p2a: Dick Grayson\n|-immune|p2a: Dick Grayson\n|\n|upkeep\n|turn|7\n|\n|t:|1700664442\n|move|p2a: Dick Grayson|Brave Bird|p1a: stannin on bihness\n|-damage|p1a: stannin on bihness|47\/100\n|-damage|p2a: Dick Grayson|95\/100|[from] Recoil\n|move|p1a: stannin on bihness|Infestation|p2a: Dick Grayson\n|-resisted|p2a: Dick Grayson\n|-damage|p2a: Dick Grayson|94\/100\n|-activate|p2a: Dick Grayson|move: Infestation|[of] p1a: stannin on bihness\n|\n|-heal|p2a: Dick Grayson|100\/100|[from] item: Leftovers\n|-damage|p2a: Dick Grayson|88\/100|[from] move: Infestation|[partiallytrapped]\n|upkeep\n|turn|8\n|\n|t:|1700664450\n|move|p2a: Dick Grayson|U-turn|p1a: stannin on bihness\n|-resisted|p1a: stannin on bihness\n|-damage|p1a: stannin on bihness|42\/100\n|\n|t:|1700664452\n|switch|p2a: Clicker|Ting-Lu|100\/100|[from] U-turn\n|-ability|p2a: Clicker|Vessel of Ruin\n|move|p1a: stannin on bihness|Recover|p1a: stannin on bihness\n|-heal|p1a: stannin on bihness|93\/100\n|\n|upkeep\n|turn|9\n|\n|t:|1700664455\n|-terastallize|p2a: Clicker|Poison\n|move|p2a: Clicker|Earthquake|p1a: stannin on bihness\n|-supereffective|p1a: stannin on bihness\n|-damage|p1a: stannin on bihness|49\/100\n|move|p1a: stannin on bihness|Toxic|p2a: Clicker\n|-immune|p2a: Clicker\n|\n|upkeep\n|turn|10\n|\n|t:|1700664458\n|switch|p1a: FreePalestine\ud83c\uddf5\ud83c\uddf8|Corviknight, M|100\/100\n|-ability|p1a: FreePalestine\ud83c\uddf5\ud83c\uddf8|Pressure\n|move|p2a: Clicker|Stealth Rock|p1a: FreePalestine\ud83c\uddf5\ud83c\uddf8\n|-sidestart|p1: yyysneasel|move: Stealth Rock\n|\n|upkeep\n|turn|11\n|\n|t:|1700664463\n|move|p1a: FreePalestine\ud83c\uddf5\ud83c\uddf8|Defog|p2a: Clicker\n|-unboost|p2a: Clicker|evasion|1\n|-sideend|p1: yyysneasel|Spikes|[from] move: Defog|[of] p1a: FreePalestine\ud83c\uddf5\ud83c\uddf8\n|-sideend|p1: yyysneasel|Stealth Rock|[from] move: Defog|[of] p1a: FreePalestine\ud83c\uddf5\ud83c\uddf8\n|move|p2a: Clicker|Ruination|p1a: FreePalestine\ud83c\uddf5\ud83c\uddf8\n|-damage|p1a: FreePalestine\ud83c\uddf5\ud83c\uddf8|51\/100\n|\n|upkeep\n|turn|12\n|\n|t:|1700664467\n|switch|p2a: Zeus|Zapdos|100\/100\n|move|p1a: FreePalestine\ud83c\uddf5\ud83c\uddf8|Roost|p1a: FreePalestine\ud83c\uddf5\ud83c\uddf8\n|-heal|p1a: FreePalestine\ud83c\uddf5\ud83c\uddf8|100\/100\n|-singleturn|p1a: FreePalestine\ud83c\uddf5\ud83c\uddf8|move: Roost\n|\n|upkeep\n|turn|13\n|\n|t:|1700664469\n|switch|p1a: Slowking|Slowking-Galar, M|100\/100\n|move|p2a: Zeus|Volt Switch|p1a: Slowking\n|-damage|p1a: Slowking|76\/100\n|\n|t:|1700664471\n|switch|p2a: Darth Tyranus|Samurott-Hisui, M|100\/100|[from] Volt Switch\n|\n|upkeep\n|turn|14\n|\n|t:|1700664473\n|switch|p1a: stannin on bihness|Toxapex, M|82\/100\n|move|p2a: Darth Tyranus|Ceaseless Edge|p1a: stannin on bihness\n|-damage|p1a: stannin on bihness|58\/100\n|-sidestart|p1: yyysneasel|Spikes\n|\n|upkeep\n|turn|15\n|\n|t:|1700664479\n|switch|p2a: Clicker|Ting-Lu, tera:Poison|100\/100\n|-ability|p2a: Clicker|Vessel of Ruin\n|move|p1a: stannin on bihness|Infestation|p2a: Clicker\n|-resisted|p2a: Clicker\n|-damage|p2a: Clicker|99\/100\n|-activate|p2a: Clicker|move: Infestation|[of] p1a: stannin on bihness\n|\n|-heal|p2a: Clicker|100\/100|[from] item: Leftovers\n|-damage|p2a: Clicker|88\/100|[from] move: Infestation|[partiallytrapped]\n|upkeep\n|turn|16\n|\n|t:|1700664482\n|switch|p1a: FreePalestine\ud83c\uddf5\ud83c\uddf8|Corviknight, M|100\/100\n|-ability|p1a: FreePalestine\ud83c\uddf5\ud83c\uddf8|Pressure\n|move|p2a: Clicker|Stealth Rock|p1a: FreePalestine\ud83c\uddf5\ud83c\uddf8\n|-sidestart|p1: yyysneasel|move: Stealth Rock\n|\n|-heal|p2a: Clicker|94\/100|[from] item: Leftovers\n|-end|p2a: Clicker|Infestation|[partiallytrapped]|[silent]\n|upkeep\n|turn|17\n|\n|t:|1700664483\n|move|p1a: FreePalestine\ud83c\uddf5\ud83c\uddf8|Defog|p2a: Clicker\n|-unboost|p2a: Clicker|evasion|1\n|-sideend|p1: yyysneasel|Spikes|[from] move: Defog|[of] p1a: FreePalestine\ud83c\uddf5\ud83c\uddf8\n|-sideend|p1: yyysneasel|Stealth Rock|[from] move: Defog|[of] p1a: FreePalestine\ud83c\uddf5\ud83c\uddf8\n|move|p2a: Clicker|Ruination|p1a: FreePalestine\ud83c\uddf5\ud83c\uddf8\n|-damage|p1a: FreePalestine\ud83c\uddf5\ud83c\uddf8|51\/100\n|\n|-heal|p2a: Clicker|100\/100|[from] item: Leftovers\n|upkeep\n|turn|18\n|\n|t:|1700664485\n|move|p1a: FreePalestine\ud83c\uddf5\ud83c\uddf8|Roost|p1a: FreePalestine\ud83c\uddf5\ud83c\uddf8\n|-heal|p1a: FreePalestine\ud83c\uddf5\ud83c\uddf8|100\/100\n|-singleturn|p1a: FreePalestine\ud83c\uddf5\ud83c\uddf8|move: Roost\n|move|p2a: Clicker|Earthquake|p1a: FreePalestine\ud83c\uddf5\ud83c\uddf8\n|-supereffective|p1a: FreePalestine\ud83c\uddf5\ud83c\uddf8\n|-damage|p1a: FreePalestine\ud83c\uddf5\ud83c\uddf8|59\/100\n|\n|upkeep\n|turn|19\n|\n|t:|1700664491\n|move|p1a: FreePalestine\ud83c\uddf5\ud83c\uddf8|U-turn|p2a: Clicker\n|-resisted|p2a: Clicker\n|-damage|p2a: Clicker|96\/100\n|\n|t:|1700664493\n|switch|p1a: stannin on bihness|Toxapex, M|91\/100|[from] U-turn\n|move|p2a: Clicker|Ruination|p1a: stannin on bihness\n|-damage|p1a: stannin on bihness|46\/100\n|\n|-heal|p2a: Clicker|100\/100|[from] item: Leftovers\n|upkeep\n|turn|20\n|\n|t:|1700664496\n|switch|p1a: FreePalestine\ud83c\uddf5\ud83c\uddf8|Corviknight, M|59\/100\n|-ability|p1a: FreePalestine\ud83c\uddf5\ud83c\uddf8|Pressure\n|move|p2a: Clicker|Stealth Rock|p1a: FreePalestine\ud83c\uddf5\ud83c\uddf8\n|-sidestart|p1: yyysneasel|move: Stealth Rock\n|\n|upkeep\n|turn|21\n|\n|t:|1700664497\n|move|p1a: FreePalestine\ud83c\uddf5\ud83c\uddf8|Defog|p2a: Clicker\n|-unboost|p2a: Clicker|evasion|1\n|-sideend|p1: yyysneasel|Stealth Rock|[from] move: Defog|[of] p1a: FreePalestine\ud83c\uddf5\ud83c\uddf8\n|move|p2a: Clicker|Ruination|p1a: FreePalestine\ud83c\uddf5\ud83c\uddf8\n|-damage|p1a: FreePalestine\ud83c\uddf5\ud83c\uddf8|30\/100\n|\n|upkeep\n|turn|22\n|j| dfghhhg\n|\n|t:|1700664502\n|move|p1a: FreePalestine\ud83c\uddf5\ud83c\uddf8|U-turn|p2a: Clicker\n|-resisted|p2a: Clicker\n|-damage|p2a: Clicker|97\/100\n|\n|t:|1700664503\n|switch|p1a: stannin on bihness|Toxapex, M|79\/100|[from] U-turn\n|move|p2a: Clicker|Stealth Rock|p1a: stannin on bihness\n|-sidestart|p1: yyysneasel|move: Stealth Rock\n|\n|-heal|p2a: Clicker|100\/100|[from] item: Leftovers\n|upkeep\n|turn|23\n|\n|t:|1700664506\n|switch|p1a: FreePalestine\ud83c\uddf5\ud83c\uddf8|Corviknight, M|30\/100\n|-damage|p1a: FreePalestine\ud83c\uddf5\ud83c\uddf8|18\/100|[from] Stealth Rock\n|-ability|p1a: FreePalestine\ud83c\uddf5\ud83c\uddf8|Pressure\n|move|p2a: Clicker|Whirlwind|p1a: FreePalestine\ud83c\uddf5\ud83c\uddf8\n|drag|p1a: stannin on bihness|Toxapex, M|100\/100\n|\n|upkeep\n|turn|24\n|\n|t:|1700664510\n|switch|p2a: Zeus|Zapdos|100\/100\n|move|p1a: stannin on bihness|Infestation|p2a: Zeus\n|-resisted|p2a: Zeus\n|-damage|p2a: Zeus|99\/100\n|-activate|p2a: Zeus|move: Infestation|[of] p1a: stannin on bihness\n|\n|-damage|p2a: Zeus|87\/100|[from] move: Infestation|[partiallytrapped]\n|upkeep\n|turn|25\n|\n|t:|1700664513\n|move|p2a: Zeus|Volt Switch|p1a: stannin on bihness\n|-supereffective|p1a: stannin on bihness\n|-damage|p1a: stannin on bihness|50\/100\n|\n|t:|1700664516\n|switch|p2a: Clicker|Ting-Lu, tera:Poison|100\/100|[from] Volt Switch\n|-ability|p2a: Clicker|Vessel of Ruin\n|move|p1a: stannin on bihness|Toxic|p2a: Clicker\n|-immune|p2a: Clicker\n|\n|upkeep\n|turn|26\n|j| deepesh1\n|\n|t:|1700664520\n|switch|p2a: Zeus|Zapdos|87\/100\n|switch|p1a: Ripbozo \ud83d\ude02 \ud83d\ude02|Dondozo, M|100\/100\n|-damage|p1a: Ripbozo \ud83d\ude02 \ud83d\ude02|88\/100|[from] Stealth Rock\n|\n|-heal|p1a: Ripbozo \ud83d\ude02 \ud83d\ude02|94\/100|[from] item: Leftovers\n|upkeep\n|turn|27\n|\n|t:|1700664524\n|switch|p1a: Slowking|Slowking-Galar, M|100\/100\n|-damage|p1a: Slowking|88\/100|[from] Stealth Rock\n|move|p2a: Zeus|Volt Switch|p1a: Slowking\n|-damage|p1a: Slowking|64\/100\n|\n|t:|1700664526\n|switch|p2a: Darth Tyranus|Samurott-Hisui, M|100\/100|[from] Volt Switch\n|\n|upkeep\n|turn|28\n|\n|t:|1700664529\n|switch|p1a: stannin on bihness|Toxapex, M|84\/100\n|move|p2a: Darth Tyranus|Ceaseless Edge|p1a: stannin on bihness\n|-damage|p1a: stannin on bihness|59\/100\n|-sidestart|p1: yyysneasel|Spikes\n|\n|upkeep\n|turn|29\n|\n|t:|1700664533\n|move|p2a: Darth Tyranus|Ceaseless Edge|p1a: stannin on bihness\n|-damage|p1a: stannin on bihness|33\/100\n|-sidestart|p1: yyysneasel|Spikes\n|move|p1a: stannin on bihness|Infestation|p2a: Darth Tyranus\n|-supereffective|p2a: Darth Tyranus\n|-damage|p2a: Darth Tyranus|92\/100\n|-activate|p2a: Darth Tyranus|move: Infestation|[of] p1a: stannin on bihness\n|\n|-damage|p2a: Darth Tyranus|79\/100|[from] move: Infestation|[partiallytrapped]\n|upkeep\n|turn|30\n|\n|t:|1700664542\n|move|p2a: Darth Tyranus|Swords Dance|p2a: Darth Tyranus\n|-boost|p2a: Darth Tyranus|atk|2\n|move|p1a: stannin on bihness|Recover|p1a: stannin on bihness\n|-heal|p1a: stannin on bihness|83\/100\n|\n|-damage|p2a: Darth Tyranus|67\/100|[from] move: Infestation|[partiallytrapped]\n|upkeep\n|turn|31\n|\n|t:|1700664545\n|move|p2a: Darth Tyranus|Ceaseless Edge|p1a: stannin on bihness\n|-damage|p1a: stannin on bihness|28\/100\n|-sidestart|p1: yyysneasel|Spikes\n|move|p1a: stannin on bihness|Toxic|p2a: Darth Tyranus\n|-status|p2a: Darth Tyranus|tox\n|\n|-damage|p2a: Darth Tyranus|61\/100 tox|[from] psn\n|-damage|p2a: Darth Tyranus|48\/100 tox|[from] move: Infestation|[partiallytrapped]\n|upkeep\n|turn|32\n|\n|t:|1700664551\n|switch|p1a: Ripbozo \ud83d\ude02 \ud83d\ude02|Dondozo, M|94\/100\n|-damage|p1a: Ripbozo \ud83d\ude02 \ud83d\ude02|82\/100|[from] Stealth Rock\n|-damage|p1a: Ripbozo \ud83d\ude02 \ud83d\ude02|57\/100|[from] Spikes\n|move|p2a: Darth Tyranus|Aqua Cutter|p1a: Ripbozo \ud83d\ude02 \ud83d\ude02\n|-resisted|p1a: Ripbozo \ud83d\ude02 \ud83d\ude02\n|-damage|p1a: Ripbozo \ud83d\ude02 \ud83d\ude02|45\/100\n|\n|-heal|p1a: Ripbozo \ud83d\ude02 \ud83d\ude02|51\/100|[from] item: Leftovers\n|-damage|p2a: Darth Tyranus|36\/100 tox|[from] psn\n|-end|p2a: Darth Tyranus|Infestation|[partiallytrapped]|[silent]\n|upkeep\n|turn|33\n|\n|t:|1700664554\n|switch|p2a: Zeus|Zapdos|87\/100\n|move|p1a: Ripbozo \ud83d\ude02 \ud83d\ude02|Rest|p1a: Ripbozo \ud83d\ude02 \ud83d\ude02\n|-status|p1a: Ripbozo \ud83d\ude02 \ud83d\ude02|slp|[from] move: Rest\n|-heal|p1a: Ripbozo \ud83d\ude02 \ud83d\ude02|100\/100 slp|[silent]\n|\n|upkeep\n|turn|34\n|\n|t:|1700664558\n|switch|p1a: ban dengo ffs|Blissey, F|100\/100\n|move|p2a: Zeus|Volt Switch|p1a: ban dengo ffs\n|-damage|p1a: ban dengo ffs|90\/100\n|\n|t:|1700664560\n|switch|p2a: Toothless|Dragapult, M|100\/100|[from] Volt Switch\n|\n|upkeep\n|turn|35\n|\n|t:|1700664562\n|move|p2a: Toothless|U-turn|p1a: ban dengo ffs\n|-damage|p1a: ban dengo ffs|73\/100\n|\n|t:|1700664564\n|switch|p2a: Zeus|Zapdos|87\/100|[from] U-turn\n|move|p1a: ban dengo ffs|Stealth Rock|p2a: Zeus\n|-sidestart|p2: Steez Ibanez|move: Stealth Rock\n|\n|upkeep\n|turn|36\n|\n|t:|1700664567\n|move|p2a: Zeus|Volt Switch|p1a: ban dengo ffs\n|-damage|p1a: ban dengo ffs|63\/100\n|\n|t:|1700664570\n|switch|p2a: Darth Tyranus|Samurott-Hisui, M|36\/100 tox|[from] Volt Switch\n|move|p1a: ban dengo ffs|Seismic Toss|p2a: Darth Tyranus\n|-damage|p2a: Darth Tyranus|5\/100 tox\n|\n|-damage|p2a: Darth Tyranus|0 fnt|[from] psn\n|faint|p2a: Darth Tyranus\n|upkeep\n|\n|t:|1700664572\n|switch|p2a: Toothless|Dragapult, M|100\/100\n|turn|37\n|\n|t:|1700664574\n|move|p2a: Toothless|Dragon Darts|p1a: ban dengo ffs\n|-damage|p1a: ban dengo ffs|45\/100\n|-anim|p2a: Toothless|Dragon Darts|p1a: ban dengo ffs\n|-damage|p1a: ban dengo ffs|24\/100\n|move|p1a: ban dengo ffs|Soft-Boiled|p1a: ban dengo ffs\n|-heal|p1a: ban dengo ffs|74\/100\n|\n|upkeep\n|turn|38\n|l| deepesh1\n|\n|t:|1700664579\n|move|p2a: Toothless|Thunder Wave|p1a: ban dengo ffs\n|-status|p1a: ban dengo ffs|par\n|move|p1a: ban dengo ffs|Flamethrower|p2a: Toothless\n|-resisted|p2a: Toothless\n|-damage|p2a: Toothless|90\/100\n|\n|upkeep\n|turn|39\n|\n|t:|1700664584\n|move|p2a: Toothless|Dragon Darts|p1a: ban dengo ffs\n|-damage|p1a: ban dengo ffs|55\/100 par\n|-anim|p2a: Toothless|Dragon Darts|p1a: ban dengo ffs\n|-damage|p1a: ban dengo ffs|37\/100 par\n|move|p1a: ban dengo ffs|Soft-Boiled|p1a: ban dengo ffs\n|-heal|p1a: ban dengo ffs|87\/100 par\n|\n|upkeep\n|turn|40\n|\n|t:|1700664588\n|-curestatus|p1a: ban dengo ffs|par|[from] ability: Natural Cure\n|switch|p1a: It's Joever|Clefable, M|100\/100\n|move|p2a: Toothless|Thunder Wave|p1a: It's Joever\n|-status|p1a: It's Joever|par\n|\n|upkeep\n|turn|41\n|\n|t:|1700664594\n|move|p2a: Toothless|U-turn|p1a: It's Joever\n|-resisted|p1a: It's Joever\n|-damage|p1a: It's Joever|90\/100 par\n|\n|t:|1700664595\n|switch|p2a: Clicker|Ting-Lu, tera:Poison|100\/100|[from] U-turn\n|-damage|p2a: Clicker|88\/100|[from] Stealth Rock\n|-ability|p2a: Clicker|Vessel of Ruin\n|move|p1a: It's Joever|Knock Off|p2a: Clicker\n|-damage|p2a: Clicker|79\/100\n|-enditem|p2a: Clicker|Leftovers|[from] move: Knock Off|[of] p1a: It's Joever\n|\n|upkeep\n|turn|42\n|\n|t:|1700664603\n|switch|p1a: ban dengo ffs|Blissey, F|87\/100\n|move|p2a: Clicker|Whirlwind|p1a: ban dengo ffs\n|drag|p1a: It's Joever|Clefable, M|90\/100 par\n|\n|upkeep\n|turn|43\n|\n|t:|1700664609\n|move|p2a: Clicker|Ruination|p1a: It's Joever\n|-damage|p1a: It's Joever|45\/100 par\n|move|p1a: It's Joever|Wish|p1a: It's Joever\n|\n|upkeep\n|turn|44\n|\n|t:|1700664614\n|cant|p1a: It's Joever|par\n|move|p2a: Clicker|Whirlwind|p1a: It's Joever\n|drag|p1a: stannin on bihness|Toxapex, M|61\/100\n|\n|-heal|p1a: stannin on bihness|100\/100|[from] move: Wish|[wisher] It's Joever\n|upkeep\n|turn|45\n|\n|t:|1700664620\n|move|p1a: stannin on bihness|Infestation|p2a: Clicker\n|-resisted|p2a: Clicker\n|-damage|p2a: Clicker|78\/100\n|-activate|p2a: Clicker|move: Infestation|[of] p1a: stannin on bihness\n|move|p2a: Clicker|Whirlwind|p1a: stannin on bihness\n|drag|p1a: Ripbozo \ud83d\ude02 \ud83d\ude02|Dondozo, M|100\/100 slp\n|-damage|p1a: Ripbozo \ud83d\ude02 \ud83d\ude02|88\/100 slp|[from] Stealth Rock\n|-damage|p1a: Ripbozo \ud83d\ude02 \ud83d\ude02|63\/100 slp|[from] Spikes\n|\n|-heal|p1a: Ripbozo \ud83d\ude02 \ud83d\ude02|69\/100 slp|[from] item: Leftovers\n|-end|p2a: Clicker|Infestation|[partiallytrapped]|[silent]\n|upkeep\n|turn|46\n|\n|t:|1700664624\n|switch|p2a: Toothless|Dragapult, M|90\/100\n|cant|p1a: Ripbozo \ud83d\ude02 \ud83d\ude02|slp\n|move|p1a: Ripbozo \ud83d\ude02 \ud83d\ude02|Sleep Talk|p1a: Ripbozo \ud83d\ude02 \ud83d\ude02\n|move|p1a: Ripbozo \ud83d\ude02 \ud83d\ude02|Rest||[from]move: Sleep Talk|[still]\n|-fail|p1a: Ripbozo \ud83d\ude02 \ud83d\ude02\n|\n|-heal|p1a: Ripbozo \ud83d\ude02 \ud83d\ude02|75\/100 slp|[from] item: Leftovers\n|upkeep\n|turn|47\n|\n|t:|1700664630\n|switch|p1a: ban dengo ffs|Blissey, F|87\/100\n|move|p2a: Toothless|Thunder Wave|p1a: ban dengo ffs\n|-status|p1a: ban dengo ffs|par\n|\n|upkeep\n|turn|48\n|\n|t:|1700664634\n|move|p2a: Toothless|Dragon Darts|p1a: ban dengo ffs\n|-damage|p1a: ban dengo ffs|69\/100 par\n|-anim|p2a: Toothless|Dragon Darts|p1a: ban dengo ffs\n|-damage|p1a: ban dengo ffs|51\/100 par\n|cant|p1a: ban dengo ffs|par\n|\n|upkeep\n|turn|49\n|\n|t:|1700664637\n|move|p2a: Toothless|Dragon Darts|p1a: ban dengo ffs\n|-damage|p1a: ban dengo ffs|30\/100 par\n|-anim|p2a: Toothless|Dragon Darts|p1a: ban dengo ffs\n|-damage|p1a: ban dengo ffs|13\/100 par\n|move|p1a: ban dengo ffs|Soft-Boiled|p1a: ban dengo ffs\n|-heal|p1a: ban dengo ffs|63\/100 par\n|\n|upkeep\n|turn|50\n|\n|t:|1700664640\n|-curestatus|p1a: ban dengo ffs|par|[from] ability: Natural Cure\n|switch|p1a: It's Joever|Clefable, M|45\/100 par\n|move|p2a: Toothless|Dragon Darts|p1a: It's Joever\n|-immune|p1a: It's Joever\n|\n|upkeep\n|turn|51\n|\n|t:|1700664643\n|move|p2a: Toothless|Hex|p1a: It's Joever\n|-damage|p1a: It's Joever|7\/100 par\n|move|p1a: It's Joever|Wish|p1a: It's Joever\n|\n|upkeep\n|turn|52\n|\n|t:|1700664648\n|move|p1a: It's Joever|Protect|p1a: It's Joever\n|-singleturn|p1a: It's Joever|Protect\n|move|p2a: Toothless|Hex|p1a: It's Joever\n|-activate|p1a: It's Joever|move: Protect\n|\n|-heal|p1a: It's Joever|57\/100 par|[from] move: Wish|[wisher] It's Joever\n|upkeep\n|turn|53\n|\n|t:|1700664651\n|move|p2a: Toothless|Hex|p1a: It's Joever\n|-damage|p1a: It's Joever|22\/100 par\n|move|p1a: It's Joever|Wish|p1a: It's Joever\n|\n|upkeep\n|turn|54\n|\n|t:|1700664655\n|cant|p1a: It's Joever|par\n|move|p2a: Toothless|Hex|p1a: It's Joever\n|-damage|p1a: It's Joever|0 fnt\n|faint|p1a: It's Joever\n|\n|upkeep\n|\n|t:|1700664659\n|switch|p1a: stannin on bihness|Toxapex, M|100\/100\n|turn|55\n|\n|t:|1700664664\n|switch|p2a: Dick Grayson|Corviknight, M|88\/100\n|-damage|p2a: Dick Grayson|75\/100|[from] Stealth Rock\n|-ability|p2a: Dick Grayson|Pressure\n|move|p1a: stannin on bihness|Infestation|p2a: Dick Grayson\n|-resisted|p2a: Dick Grayson\n|-damage|p2a: Dick Grayson|75\/100\n|-activate|p2a: Dick Grayson|move: Infestation|[of] p1a: stannin on bihness\n|\n|-heal|p2a: Dick Grayson|81\/100|[from] item: Leftovers\n|-damage|p2a: Dick Grayson|69\/100|[from] move: Infestation|[partiallytrapped]\n|upkeep\n|turn|56\n|\n|t:|1700664669\n|move|p2a: Dick Grayson|Brave Bird|p1a: stannin on bihness\n|-damage|p1a: stannin on bihness|76\/100\n|-damage|p2a: Dick Grayson|62\/100|[from] Recoil\n|move|p1a: stannin on bihness|Infestation|p2a: Dick Grayson\n|-resisted|p2a: Dick Grayson\n|-damage|p2a: Dick Grayson|62\/100\n|\n|-heal|p2a: Dick Grayson|68\/100|[from] item: Leftovers\n|-damage|p2a: Dick Grayson|56\/100|[from] move: Infestation|[partiallytrapped]\n|upkeep\n|turn|57\n|\n|t:|1700664672\n|move|p2a: Dick Grayson|Roost|p2a: Dick Grayson\n|-heal|p2a: Dick Grayson|100\/100\n|-singleturn|p2a: Dick Grayson|move: Roost\n|move|p1a: stannin on bihness|Surf|p2a: Dick Grayson\n|-damage|p2a: Dick Grayson|81\/100\n|\n|-heal|p2a: Dick Grayson|88\/100|[from] item: Leftovers\n|-damage|p2a: Dick Grayson|75\/100|[from] move: Infestation|[partiallytrapped]\n|upkeep\n|turn|58\n|\n|t:|1700664675\n|move|p2a: Dick Grayson|Brave Bird|p1a: stannin on bihness\n|-damage|p1a: stannin on bihness|54\/100\n|-damage|p2a: Dick Grayson|70\/100|[from] Recoil\n|move|p1a: stannin on bihness|Surf|p2a: Dick Grayson\n|-damage|p2a: Dick Grayson|49\/100\n|\n|-heal|p2a: Dick Grayson|56\/100|[from] item: Leftovers\n|-damage|p2a: Dick Grayson|43\/100|[from] move: Infestation|[partiallytrapped]\n|upkeep\n|turn|59\n|\n|t:|1700664678\n|move|p2a: Dick Grayson|Roost|p2a: Dick Grayson\n|-heal|p2a: Dick Grayson|93\/100\n|-singleturn|p2a: Dick Grayson|move: Roost\n|move|p1a: stannin on bihness|Recover|p1a: stannin on bihness\n|-heal|p1a: stannin on bihness|100\/100\n|\n|-heal|p2a: Dick Grayson|99\/100|[from] item: Leftovers\n|-end|p2a: Dick Grayson|Infestation|[partiallytrapped]\n|upkeep\n|turn|60\n|\n|t:|1700664681\n|move|p2a: Dick Grayson|U-turn|p1a: stannin on bihness\n|-resisted|p1a: stannin on bihness\n|-damage|p1a: stannin on bihness|96\/100\n|\n|t:|1700664683\n|switch|p2a: Zeus|Zapdos|87\/100|[from] U-turn\n|move|p1a: stannin on bihness|Infestation|p2a: Zeus\n|-resisted|p2a: Zeus\n|-damage|p2a: Zeus|85\/100\n|-activate|p2a: Zeus|move: Infestation|[of] p1a: stannin on bihness\n|\n|-damage|p2a: Zeus|73\/100|[from] move: Infestation|[partiallytrapped]\n|upkeep\n|turn|61\n|\n|t:|1700664691\n|move|p2a: Zeus|Hurricane|p1a: stannin on bihness\n|-damage|p1a: stannin on bihness|56\/100\n|move|p1a: stannin on bihness|Toxic|p2a: Zeus\n|-status|p2a: Zeus|tox\n|\n|-damage|p2a: Zeus|67\/100 tox|[from] psn\n|-damage|p2a: Zeus|54\/100 tox|[from] move: Infestation|[partiallytrapped]\n|upkeep\n|turn|62\n|\n|t:|1700664695\n|switch|p1a: ban dengo ffs|Blissey, F|63\/100\n|move|p2a: Zeus|Volt Switch|p1a: ban dengo ffs\n|-damage|p1a: ban dengo ffs|52\/100\n|\n|t:|1700664698\n|switch|p2a: Toothless|Dragapult, M|90\/100|[from] Volt Switch\n|\n|upkeep\n|turn|63\n|\n|t:|1700664701\n|move|p2a: Toothless|Dragon Darts|p1a: ban dengo ffs\n|-damage|p1a: ban dengo ffs|35\/100\n|-anim|p2a: Toothless|Dragon Darts|p1a: ban dengo ffs\n|-damage|p1a: ban dengo ffs|16\/100\n|move|p1a: ban dengo ffs|Soft-Boiled|p1a: ban dengo ffs\n|-heal|p1a: ban dengo ffs|66\/100\n|\n|upkeep\n|turn|64\n|\n|t:|1700664709\n|move|p2a: Toothless|Thunder Wave|p1a: ban dengo ffs\n|-status|p1a: ban dengo ffs|par\n|cant|p1a: ban dengo ffs|par\n|\n|upkeep\n|turn|65\n|\n|t:|1700664711\n|move|p2a: Toothless|Dragon Darts|p1a: ban dengo ffs\n|-damage|p1a: ban dengo ffs|48\/100 par\n|-anim|p2a: Toothless|Dragon Darts|p1a: ban dengo ffs\n|-damage|p1a: ban dengo ffs|28\/100 par\n|move|p1a: ban dengo ffs|Soft-Boiled|p1a: ban dengo ffs\n|-heal|p1a: ban dengo ffs|78\/100 par\n|\n|upkeep\n|turn|66\n|\n|t:|1700664715\n|-curestatus|p1a: ban dengo ffs|par|[from] ability: Natural Cure\n|switch|p1a: stannin on bihness|Toxapex, M|90\/100\n|move|p2a: Toothless|Dragon Darts|p1a: stannin on bihness\n|-damage|p1a: stannin on bihness|77\/100\n|-anim|p2a: Toothless|Dragon Darts|p1a: stannin on bihness\n|-damage|p1a: stannin on bihness|64\/100\n|\n|upkeep\n|turn|67\n|\n|t:|1700664721\n|switch|p2a: Clicker|Ting-Lu, tera:Poison|78\/100\n|-damage|p2a: Clicker|66\/100|[from] Stealth Rock\n|-ability|p2a: Clicker|Vessel of Ruin\n|switch|p1a: ban dengo ffs|Blissey, F|78\/100\n|\n|upkeep\n|turn|68\n|\n|t:|1700664726\n|switch|p1a: stannin on bihness|Toxapex, M|97\/100\n|move|p2a: Clicker|Earthquake|p1a: stannin on bihness\n|-supereffective|p1a: stannin on bihness\n|-damage|p1a: stannin on bihness|56\/100\n|\n|upkeep\n|turn|69\n|\n|t:|1700664735\n|move|p2a: Clicker|Earthquake|p1a: stannin on bihness\n|-supereffective|p1a: stannin on bihness\n|-damage|p1a: stannin on bihness|9\/100\n|move|p1a: stannin on bihness|Recover|p1a: stannin on bihness\n|-heal|p1a: stannin on bihness|60\/100\n|\n|upkeep\n|turn|70\n|\n|t:|1700664739\n|move|p1a: stannin on bihness|Recover|p1a: stannin on bihness\n|-heal|p1a: stannin on bihness|100\/100\n|move|p2a: Clicker|Whirlwind|p1a: stannin on bihness\n|drag|p1a: FreePalestine\ud83c\uddf5\ud83c\uddf8|Corviknight, M|18\/100\n|-damage|p1a: FreePalestine\ud83c\uddf5\ud83c\uddf8|6\/100|[from] Stealth Rock\n|-ability|p1a: FreePalestine\ud83c\uddf5\ud83c\uddf8|Pressure\n|\n|upkeep\n|turn|71\n|j| Kingston9629\n|\n|t:|1700664744\n|move|p1a: FreePalestine\ud83c\uddf5\ud83c\uddf8|Roost|p1a: FreePalestine\ud83c\uddf5\ud83c\uddf8\n|-heal|p1a: FreePalestine\ud83c\uddf5\ud83c\uddf8|56\/100\n|-singleturn|p1a: FreePalestine\ud83c\uddf5\ud83c\uddf8|move: Roost\n|move|p2a: Clicker|Whirlwind|p1a: FreePalestine\ud83c\uddf5\ud83c\uddf8\n|drag|p1a: Slowking|Slowking-Galar, M|97\/100\n|-damage|p1a: Slowking|85\/100|[from] Stealth Rock\n|-damage|p1a: Slowking|60\/100|[from] Spikes\n|\n|upkeep\n|turn|72\n|\n|t:|1700664754\n|switch|p1a: stannin on bihness|Toxapex, M|100\/100\n|switch|p2a: Toothless|Dragapult, M|90\/100\n|\n|upkeep\n|turn|73\n|\n|t:|1700664759\n|switch|p2a: Zeus|Zapdos|54\/100 tox\n|move|p1a: stannin on bihness|Toxic|p2a: Zeus\n|-fail|p2a: Zeus|tox\n|\n|-damage|p2a: Zeus|48\/100 tox|[from] psn\n|upkeep\n|turn|74\n|\n|t:|1700664763\n|move|p2a: Zeus|Roost|p2a: Zeus\n|-heal|p2a: Zeus|98\/100 tox\n|-singleturn|p2a: Zeus|move: Roost\n|move|p1a: stannin on bihness|Surf|p2a: Zeus\n|-damage|p2a: Zeus|78\/100 tox\n|\n|-damage|p2a: Zeus|66\/100 tox|[from] psn\n|upkeep\n|turn|75\n|\n|t:|1700664767\n|move|p2a: Zeus|Hurricane|p1a: stannin on bihness\n|-damage|p1a: stannin on bihness|63\/100\n|move|p1a: stannin on bihness|Infestation|p2a: Zeus\n|-resisted|p2a: Zeus\n|-damage|p2a: Zeus|65\/100 tox\n|-activate|p2a: Zeus|move: Infestation|[of] p1a: stannin on bihness\n|\n|-damage|p2a: Zeus|46\/100 tox|[from] psn\n|-damage|p2a: Zeus|33\/100 tox|[from] move: Infestation|[partiallytrapped]\n|upkeep\n|turn|76\n|\n|t:|1700664774\n|move|p2a: Zeus|Volt Switch|p1a: stannin on bihness\n|-supereffective|p1a: stannin on bihness\n|-damage|p1a: stannin on bihness|17\/100\n|\n|t:|1700664777\n|switch|p2a: Toothless|Dragapult, M|90\/100|[from] Volt Switch\n|move|p1a: stannin on bihness|Recover|p1a: stannin on bihness\n|-heal|p1a: stannin on bihness|67\/100\n|\n|upkeep\n|turn|77\n|\n|t:|1700664780\n|move|p2a: Toothless|U-turn|p1a: stannin on bihness\n|-resisted|p1a: stannin on bihness\n|-damage|p1a: stannin on bihness|61\/100\n|\n|t:|1700664782\n|switch|p2a: Zeus|Zapdos|33\/100 tox|[from] U-turn\n|move|p1a: stannin on bihness|Toxic|p2a: Zeus\n|-fail|p2a: Zeus|tox\n|\n|-damage|p2a: Zeus|27\/100 tox|[from] psn\n|upkeep\n|turn|78\n|\n|t:|1700664785\n|switch|p1a: ban dengo ffs|Blissey, F|78\/100\n|move|p2a: Zeus|Volt Switch|p1a: ban dengo ffs\n|-damage|p1a: ban dengo ffs|67\/100\n|\n|t:|1700664787\n|switch|p2a: Toothless|Dragapult, M|90\/100|[from] Volt Switch\n|\n|upkeep\n|turn|79\n|\n|t:|1700664793\n|move|p2a: Toothless|Thunder Wave|p1a: ban dengo ffs\n|-status|p1a: ban dengo ffs|par\n|move|p1a: ban dengo ffs|Flamethrower|p2a: Toothless\n|-resisted|p2a: Toothless\n|-damage|p2a: Toothless|78\/100\n|\n|upkeep\n|turn|80\n|\n|t:|1700664796\n|-curestatus|p1a: ban dengo ffs|par|[from] ability: Natural Cure\n|switch|p1a: stannin on bihness|Toxapex, M|95\/100\n|move|p2a: Toothless|Thunder Wave|p1a: stannin on bihness\n|-status|p1a: stannin on bihness|par\n|\n|upkeep\n|turn|81\n|\n|t:|1700664799\n|move|p2a: Toothless|U-turn|p1a: stannin on bihness\n|-resisted|p1a: stannin on bihness\n|-crit|p1a: stannin on bihness\n|-damage|p1a: stannin on bihness|85\/100 par\n|\n|t:|1700664801\n|switch|p2a: Zeus|Zapdos|27\/100 tox|[from] U-turn\n|move|p1a: stannin on bihness|Toxic|p2a: Zeus\n|-fail|p2a: Zeus|tox\n|\n|-damage|p2a: Zeus|21\/100 tox|[from] psn\n|upkeep\n|turn|82\n|\n|t:|1700664805\n|move|p2a: Zeus|Roost|p2a: Zeus\n|-heal|p2a: Zeus|71\/100 tox\n|-singleturn|p2a: Zeus|move: Roost\n|move|p1a: stannin on bihness|Infestation|p2a: Zeus\n|-damage|p2a: Zeus|68\/100 tox\n|-activate|p2a: Zeus|move: Infestation|[of] p1a: stannin on bihness\n|\n|-damage|p2a: Zeus|55\/100 tox|[from] psn\n|-damage|p2a: Zeus|43\/100 tox|[from] move: Infestation|[partiallytrapped]\n|upkeep\n|turn|83\n|l| Kingston9629\n|\n|t:|1700664817\n|-terastallize|p1a: stannin on bihness|Ground\n|move|p2a: Zeus|Hurricane|p1a: stannin on bihness|[miss]\n|-miss|p2a: Zeus|p1a: stannin on bihness\n|move|p1a: stannin on bihness|Infestation|p2a: Zeus\n|-resisted|p2a: Zeus\n|-damage|p2a: Zeus|41\/100 tox\n|\n|-damage|p2a: Zeus|23\/100 tox|[from] psn\n|-damage|p2a: Zeus|10\/100 tox|[from] move: Infestation|[partiallytrapped]\n|upkeep\n|turn|84\n|\n|t:|1700664823\n|move|p2a: Zeus|Hurricane|p1a: stannin on bihness|[miss]\n|-miss|p2a: Zeus|p1a: stannin on bihness\n|move|p1a: stannin on bihness|Recover|p1a: stannin on bihness\n|-heal|p1a: stannin on bihness|100\/100 par\n|\n|-damage|p2a: Zeus|0 fnt|[from] psn\n|faint|p2a: Zeus\n|upkeep\n|\n|t:|1700664826\n|switch|p2a: Dick Grayson|Corviknight, M|99\/100\n|-damage|p2a: Dick Grayson|87\/100|[from] Stealth Rock\n|-ability|p2a: Dick Grayson|Pressure\n|turn|85\n|\n|t:|1700664832\n|move|p2a: Dick Grayson|U-turn|p1a: stannin on bihness\n|-damage|p1a: stannin on bihness|92\/100 par\n|\n|t:|1700664833\n|switch|p2a: Clicker|Ting-Lu, tera:Poison|66\/100|[from] U-turn\n|-damage|p2a: Clicker|53\/100|[from] Stealth Rock\n|-ability|p2a: Clicker|Vessel of Ruin\n|cant|p1a: stannin on bihness|par\n|\n|upkeep\n|turn|86\n|\n|t:|1700664839\n|move|p1a: stannin on bihness|Infestation|p2a: Clicker\n|-resisted|p2a: Clicker\n|-damage|p2a: Clicker|53\/100\n|-activate|p2a: Clicker|move: Infestation|[of] p1a: stannin on bihness\n|move|p2a: Clicker|Whirlwind|p1a: stannin on bihness\n|drag|p1a: Slowking|Slowking-Galar, M|94\/100\n|-damage|p1a: Slowking|81\/100|[from] Stealth Rock\n|-damage|p1a: Slowking|56\/100|[from] Spikes\n|\n|-end|p2a: Clicker|Infestation|[partiallytrapped]|[silent]\n|upkeep\n|turn|87\n|\n|t:|1700664845\n|switch|p1a: stannin on bihness|Toxapex, M, tera:Ground|100\/100 par\n|move|p2a: Clicker|Whirlwind|p1a: stannin on bihness\n|drag|p1a: ban dengo ffs|Blissey, F|67\/100\n|\n|upkeep\n|turn|88\n|\n|t:|1700664851\n|switch|p1a: stannin on bihness|Toxapex, M, tera:Ground|100\/100 par\n|move|p2a: Clicker|Ruination|p1a: stannin on bihness|[miss]\n|-miss|p2a: Clicker|p1a: stannin on bihness\n|\n|upkeep\n|turn|89\n|\n|t:|1700664855\n|move|p2a: Clicker|Ruination|p1a: stannin on bihness\n|-damage|p1a: stannin on bihness|51\/100 par\n|move|p1a: stannin on bihness|Infestation|p2a: Clicker\n|-resisted|p2a: Clicker\n|-damage|p2a: Clicker|52\/100\n|-activate|p2a: Clicker|move: Infestation|[of] p1a: stannin on bihness\n|\n|-damage|p2a: Clicker|40\/100|[from] move: Infestation|[partiallytrapped]\n|upkeep\n|turn|90\n|\n|t:|1700664859\n|switch|p1a: ban dengo ffs|Blissey, F|67\/100\n|move|p2a: Clicker|Whirlwind|p1a: ban dengo ffs\n|drag|p1a: Slowking|Slowking-Galar, M|90\/100\n|-damage|p1a: Slowking|77\/100|[from] Stealth Rock\n|-damage|p1a: Slowking|52\/100|[from] Spikes\n|\n|-end|p2a: Clicker|Infestation|[partiallytrapped]|[silent]\n|upkeep\n|turn|91\n|\n|t:|1700664863\n|switch|p1a: stannin on bihness|Toxapex, M, tera:Ground|84\/100 par\n|move|p2a: Clicker|Ruination|p1a: stannin on bihness\n|-damage|p1a: stannin on bihness|42\/100 par\n|\n|upkeep\n|turn|92\n|\n|t:|1700664867\n|switch|p1a: ban dengo ffs|Blissey, F|67\/100\n|move|p2a: Clicker|Whirlwind|p1a: ban dengo ffs\n|drag|p1a: FreePalestine\ud83c\uddf5\ud83c\uddf8|Corviknight, M|56\/100\n|-damage|p1a: FreePalestine\ud83c\uddf5\ud83c\uddf8|43\/100|[from] Stealth Rock\n|-ability|p1a: FreePalestine\ud83c\uddf5\ud83c\uddf8|Pressure\n|\n|upkeep\n|turn|93\n|\n|t:|1700664871\n|switch|p2a: Toothless|Dragapult, M|78\/100\n|move|p1a: FreePalestine\ud83c\uddf5\ud83c\uddf8|Defog|p2a: Toothless\n|-unboost|p2a: Toothless|evasion|1\n|-sideend|p2: Steez Ibanez|Stealth Rock|[from] move: Defog|[of] p1a: FreePalestine\ud83c\uddf5\ud83c\uddf8\n|-sideend|p1: yyysneasel|Spikes|[from] move: Defog|[of] p1a: FreePalestine\ud83c\uddf5\ud83c\uddf8\n|-sideend|p1: yyysneasel|Stealth Rock|[from] move: Defog|[of] p1a: FreePalestine\ud83c\uddf5\ud83c\uddf8\n|\n|upkeep\n|turn|94\n|\n|t:|1700664876\n|switch|p1a: ban dengo ffs|Blissey, F|67\/100\n|move|p2a: Toothless|Thunder Wave|p1a: ban dengo ffs\n|-status|p1a: ban dengo ffs|par\n|\n|upkeep\n|turn|95\n|\n|t:|1700664879\n|-curestatus|p1a: ban dengo ffs|par|[from] ability: Natural Cure\n|switch|p1a: stannin on bihness|Toxapex, M, tera:Ground|76\/100 par\n|move|p2a: Toothless|Dragon Darts|p1a: stannin on bihness\n|-crit|p1a: stannin on bihness\n|-damage|p1a: stannin on bihness|56\/100 par\n|-anim|p2a: Toothless|Dragon Darts|p1a: stannin on bihness\n|-damage|p1a: stannin on bihness|42\/100 par\n|\n|upkeep\n|turn|96\n|\n|t:|1700664888\n|switch|p1a: ban dengo ffs|Blissey, F|67\/100\n|move|p2a: Toothless|Dragon Darts|p1a: ban dengo ffs\n|-damage|p1a: ban dengo ffs|48\/100\n|-anim|p2a: Toothless|Dragon Darts|p1a: ban dengo ffs\n|-damage|p1a: ban dengo ffs|28\/100\n|\n|upkeep\n|turn|97\n|\n|t:|1700664894\n|switch|p1a: stannin on bihness|Toxapex, M, tera:Ground|75\/100 par\n|move|p2a: Toothless|Hex|p1a: stannin on bihness\n|-damage|p1a: stannin on bihness|33\/100 par\n|\n|upkeep\n|turn|98\n|\n|t:|1700664898\n|switch|p1a: Slowking|Slowking-Galar, M|86\/100\n|move|p2a: Toothless|Dragon Darts|p1a: Slowking\n|-damage|p1a: Slowking|59\/100\n|-anim|p2a: Toothless|Dragon Darts|p1a: Slowking\n|-damage|p1a: Slowking|33\/100\n|\n|upkeep\n|turn|99\n|\n|t:|1700664904\n|switch|p1a: Ripbozo \ud83d\ude02 \ud83d\ude02|Dondozo, M|75\/100 slp\n|move|p2a: Toothless|Hex|p1a: Ripbozo \ud83d\ude02 \ud83d\ude02\n|-damage|p1a: Ripbozo \ud83d\ude02 \ud83d\ude02|25\/100 slp\n|\n|-heal|p1a: Ripbozo \ud83d\ude02 \ud83d\ude02|31\/100 slp|[from] item: Leftovers\n|upkeep\n|turn|100\n|\n|t:|1700664911\n|switch|p1a: stannin on bihness|Toxapex, M, tera:Ground|66\/100 par\n|move|p2a: Toothless|Hex|p1a: stannin on bihness\n|-damage|p1a: stannin on bihness|22\/100 par\n|\n|upkeep\n|turn|101\n|\n|t:|1700664914\n|switch|p1a: ban dengo ffs|Blissey, F|28\/100\n|move|p2a: Toothless|Dragon Darts|p1a: ban dengo ffs\n|-damage|p1a: ban dengo ffs|9\/100\n|-anim|p2a: Toothless|Dragon Darts|p1a: ban dengo ffs\n|-crit|p1a: ban dengo ffs\n|-damage|p1a: ban dengo ffs|0 fnt\n|faint|p1a: ban dengo ffs\n|\n|upkeep\n|\n|t:|1700664919\n|switch|p1a: stannin on bihness|Toxapex, M, tera:Ground|55\/100 par\n|turn|102\n|\n|t:|1700664921\n|switch|p1a: Slowking|Slowking-Galar, M|66\/100\n|move|p2a: Toothless|Hex|p1a: Slowking\n|-supereffective|p1a: Slowking\n|-damage|p1a: Slowking|22\/100\n|\n|upkeep\n|turn|103\n|c|\u2606Steez Ibanez|gg\n|\n|t:|1700664925\n|switch|p1a: stannin on bihness|Toxapex, M, tera:Ground|89\/100 par\n|move|p2a: Toothless|Hex|p1a: stannin on bihness\n|-damage|p1a: stannin on bihness|43\/100 par\n|\n|upkeep\n|turn|104\n|\n|t:|1700664929\n|switch|p1a: Ripbozo \ud83d\ude02 \ud83d\ude02|Dondozo, M|31\/100 slp\n|move|p2a: Toothless|Hex|p1a: Ripbozo \ud83d\ude02 \ud83d\ude02\n|-damage|p1a: Ripbozo \ud83d\ude02 \ud83d\ude02|0 fnt\n|faint|p1a: Ripbozo \ud83d\ude02 \ud83d\ude02\n|\n|upkeep\n|\n|t:|1700664935\n|switch|p1a: stannin on bihness|Toxapex, M, tera:Ground|76\/100 par\n|turn|105\n|\n|t:|1700664938\n|move|p2a: Toothless|Hex|p1a: stannin on bihness\n|-damage|p1a: stannin on bihness|35\/100 par\n|move|p1a: stannin on bihness|Toxic|p2a: Toothless\n|-status|p2a: Toothless|tox\n|\n|-damage|p2a: Toothless|72\/100 tox|[from] psn\n|upkeep\n|turn|106\n|c|\u2606yyysneasel|wym?\n|\n|t:|1700664946\n|switch|p1a: Slowking|Slowking-Galar, M|55\/100\n|move|p2a: Toothless|Hex|p1a: Slowking\n|-supereffective|p1a: Slowking\n|-damage|p1a: Slowking|6\/100\n|\n|-damage|p2a: Toothless|60\/100 tox|[from] psn\n|upkeep\n|turn|107\n|\n|t:|1700664949\n|switch|p1a: stannin on bihness|Toxapex, M, tera:Ground|68\/100 par\n|move|p2a: Toothless|Hex|p1a: stannin on bihness\n|-damage|p1a: stannin on bihness|24\/100 par\n|\n|-damage|p2a: Toothless|42\/100 tox|[from] psn\n|upkeep\n|turn|108\n|\n|t:|1700664954\n|switch|p1a: Slowking|Slowking-Galar, M|39\/100\n|move|p2a: Toothless|Hex|p1a: Slowking\n|-supereffective|p1a: Slowking\n|-crit|p1a: Slowking\n|-damage|p1a: Slowking|0 fnt\n|faint|p1a: Slowking\n|\n|-damage|p2a: Toothless|18\/100 tox|[from] psn\n|upkeep\n|\n|t:|1700664957\n|switch|p1a: stannin on bihness|Toxapex, M, tera:Ground|57\/100 par\n|turn|109\n|\n|t:|1700664963\n|switch|p2a: Clicker|Ting-Lu, tera:Poison|40\/100\n|-ability|p2a: Clicker|Vessel of Ruin\n|move|p1a: stannin on bihness|Recover|p1a: stannin on bihness\n|-heal|p1a: stannin on bihness|100\/100 par\n|\n|upkeep\n|turn|110\n|\n|t:|1700664966\n|switch|p1a: FreePalestine\ud83c\uddf5\ud83c\uddf8|Corviknight, M|43\/100\n|-ability|p1a: FreePalestine\ud83c\uddf5\ud83c\uddf8|Pressure\n|move|p2a: Clicker|Stealth Rock|p1a: FreePalestine\ud83c\uddf5\ud83c\uddf8\n|-sidestart|p1: yyysneasel|move: Stealth Rock\n|\n|upkeep\n|turn|111\n|\n|t:|1700664970\n|move|p1a: FreePalestine\ud83c\uddf5\ud83c\uddf8|Defog|p2a: Clicker\n|-unboost|p2a: Clicker|evasion|1\n|-sideend|p1: yyysneasel|Stealth Rock|[from] move: Defog|[of] p1a: FreePalestine\ud83c\uddf5\ud83c\uddf8\n|move|p2a: Clicker|Ruination|p1a: FreePalestine\ud83c\uddf5\ud83c\uddf8\n|-damage|p1a: FreePalestine\ud83c\uddf5\ud83c\uddf8|22\/100\n|\n|upkeep\n|turn|112\n|\n|t:|1700664973\n|move|p1a: FreePalestine\ud83c\uddf5\ud83c\uddf8|Roost|p1a: FreePalestine\ud83c\uddf5\ud83c\uddf8\n|-heal|p1a: FreePalestine\ud83c\uddf5\ud83c\uddf8|72\/100\n|-singleturn|p1a: FreePalestine\ud83c\uddf5\ud83c\uddf8|move: Roost\n|move|p2a: Clicker|Earthquake|p1a: FreePalestine\ud83c\uddf5\ud83c\uddf8\n|-supereffective|p1a: FreePalestine\ud83c\uddf5\ud83c\uddf8\n|-damage|p1a: FreePalestine\ud83c\uddf5\ud83c\uddf8|27\/100\n|\n|upkeep\n|turn|113\n|\n|t:|1700664978\n|move|p1a: FreePalestine\ud83c\uddf5\ud83c\uddf8|Roost|p1a: FreePalestine\ud83c\uddf5\ud83c\uddf8\n|-heal|p1a: FreePalestine\ud83c\uddf5\ud83c\uddf8|77\/100\n|-singleturn|p1a: FreePalestine\ud83c\uddf5\ud83c\uddf8|move: Roost\n|move|p2a: Clicker|Stealth Rock|p1a: FreePalestine\ud83c\uddf5\ud83c\uddf8\n|-sidestart|p1: yyysneasel|move: Stealth Rock\n|\n|upkeep\n|turn|114\n|\n|t:|1700664980\n|move|p1a: FreePalestine\ud83c\uddf5\ud83c\uddf8|Defog|p2a: Clicker\n|-unboost|p2a: Clicker|evasion|1\n|-sideend|p1: yyysneasel|Stealth Rock|[from] move: Defog|[of] p1a: FreePalestine\ud83c\uddf5\ud83c\uddf8\n|move|p2a: Clicker|Ruination|p1a: FreePalestine\ud83c\uddf5\ud83c\uddf8\n|-damage|p1a: FreePalestine\ud83c\uddf5\ud83c\uddf8|39\/100\n|\n|upkeep\n|turn|115\n|\n|t:|1700664984\n|switch|p1a: stannin on bihness|Toxapex, M, tera:Ground|100\/100 par\n|move|p2a: Clicker|Stealth Rock|p1a: stannin on bihness\n|-sidestart|p1: yyysneasel|move: Stealth Rock\n|\n|upkeep\n|turn|116\n|\n|t:|1700664991\n|move|p2a: Clicker|Ruination|p1a: stannin on bihness\n|-damage|p1a: stannin on bihness|51\/100 par\n|move|p1a: stannin on bihness|Infestation|p2a: Clicker\n|-resisted|p2a: Clicker\n|-damage|p2a: Clicker|39\/100\n|-activate|p2a: Clicker|move: Infestation|[of] p1a: stannin on bihness\n|\n|-damage|p2a: Clicker|27\/100|[from] move: Infestation|[partiallytrapped]\n|upkeep\n|turn|117\n|\n|t:|1700664997\n|switch|p1a: FreePalestine\ud83c\uddf5\ud83c\uddf8|Corviknight, M|39\/100\n|-damage|p1a: FreePalestine\ud83c\uddf5\ud83c\uddf8|27\/100|[from] Stealth Rock\n|-ability|p1a: FreePalestine\ud83c\uddf5\ud83c\uddf8|Pressure\n|move|p2a: Clicker|Earthquake|p1a: FreePalestine\ud83c\uddf5\ud83c\uddf8\n|-immune|p1a: FreePalestine\ud83c\uddf5\ud83c\uddf8\n|\n|-end|p2a: Clicker|Infestation|[partiallytrapped]|[silent]\n|upkeep\n|turn|118\n|\n|t:|1700665001\n|move|p1a: FreePalestine\ud83c\uddf5\ud83c\uddf8|Roost|p1a: FreePalestine\ud83c\uddf5\ud83c\uddf8\n|-heal|p1a: FreePalestine\ud83c\uddf5\ud83c\uddf8|77\/100\n|-singleturn|p1a: FreePalestine\ud83c\uddf5\ud83c\uddf8|move: Roost\n|move|p2a: Clicker|Whirlwind|p1a: FreePalestine\ud83c\uddf5\ud83c\uddf8\n|drag|p1a: stannin on bihness|Toxapex, M, tera:Ground|84\/100 par\n|\n|upkeep\n|turn|119\n|\n|t:|1700665006\n|switch|p1a: FreePalestine\ud83c\uddf5\ud83c\uddf8|Corviknight, M|77\/100\n|-damage|p1a: FreePalestine\ud83c\uddf5\ud83c\uddf8|64\/100|[from] Stealth Rock\n|-ability|p1a: FreePalestine\ud83c\uddf5\ud83c\uddf8|Pressure\n|move|p2a: Clicker|Earthquake|p1a: FreePalestine\ud83c\uddf5\ud83c\uddf8\n|-immune|p1a: FreePalestine\ud83c\uddf5\ud83c\uddf8\n|\n|upkeep\n|turn|120\n|\n|t:|1700665009\n|move|p1a: FreePalestine\ud83c\uddf5\ud83c\uddf8|Defog|p2a: Clicker\n|-unboost|p2a: Clicker|evasion|1\n|-sideend|p1: yyysneasel|Stealth Rock|[from] move: Defog|[of] p1a: FreePalestine\ud83c\uddf5\ud83c\uddf8\n|move|p2a: Clicker|Stealth Rock|p1a: FreePalestine\ud83c\uddf5\ud83c\uddf8\n|-sidestart|p1: yyysneasel|move: Stealth Rock\n|\n|upkeep\n|turn|121\n|\n|t:|1700665012\n|move|p1a: FreePalestine\ud83c\uddf5\ud83c\uddf8|Defog|p2a: Clicker\n|-unboost|p2a: Clicker|evasion|1\n|-sideend|p1: yyysneasel|Stealth Rock|[from] move: Defog|[of] p1a: FreePalestine\ud83c\uddf5\ud83c\uddf8\n|move|p2a: Clicker|Whirlwind|p1a: FreePalestine\ud83c\uddf5\ud83c\uddf8\n|drag|p1a: stannin on bihness|Toxapex, M, tera:Ground|100\/100 par\n|\n|upkeep\n|turn|122\n|\n|t:|1700665015\n|switch|p1a: FreePalestine\ud83c\uddf5\ud83c\uddf8|Corviknight, M|64\/100\n|-ability|p1a: FreePalestine\ud83c\uddf5\ud83c\uddf8|Pressure\n|move|p2a: Clicker|Stealth Rock|p1a: FreePalestine\ud83c\uddf5\ud83c\uddf8\n|-sidestart|p1: yyysneasel|move: Stealth Rock\n|\n|upkeep\n|turn|123\n|\n|t:|1700665019\n|switch|p2a: Dick Grayson|Corviknight, M|87\/100\n|-ability|p2a: Dick Grayson|Pressure\n|move|p1a: FreePalestine\ud83c\uddf5\ud83c\uddf8|Defog|p2a: Dick Grayson\n|-unboost|p2a: Dick Grayson|evasion|1\n|-sideend|p1: yyysneasel|Stealth Rock|[from] move: Defog|[of] p1a: FreePalestine\ud83c\uddf5\ud83c\uddf8\n|\n|-heal|p2a: Dick Grayson|93\/100|[from] item: Leftovers\n|upkeep\n|turn|124\n|c|\u2606yyysneasel|gg mate\n|\n|t:|1700665023\n|switch|p1a: stannin on bihness|Toxapex, M, tera:Ground|100\/100 par\n|move|p2a: Dick Grayson|Brave Bird|p1a: stannin on bihness\n|-damage|p1a: stannin on bihness|77\/100 par\n|-damage|p2a: Dick Grayson|87\/100|[from] Recoil\n|\n|-heal|p2a: Dick Grayson|94\/100|[from] item: Leftovers\n|upkeep\n|turn|125\n|\n|t:|1700665028\n|move|p2a: Dick Grayson|Brave Bird|p1a: stannin on bihness\n|-damage|p1a: stannin on bihness|54\/100 par\n|-damage|p2a: Dick Grayson|88\/100|[from] Recoil\n|cant|p1a: stannin on bihness|par\n|\n|-heal|p2a: Dick Grayson|94\/100|[from] item: Leftovers\n|upkeep\n|turn|126\n|\n|t:|1700665031\n|switch|p1a: FreePalestine\ud83c\uddf5\ud83c\uddf8|Corviknight, M|64\/100\n|-ability|p1a: FreePalestine\ud83c\uddf5\ud83c\uddf8|Pressure\n|move|p2a: Dick Grayson|Brave Bird|p1a: FreePalestine\ud83c\uddf5\ud83c\uddf8\n|-resisted|p1a: FreePalestine\ud83c\uddf5\ud83c\uddf8\n|-crit|p1a: FreePalestine\ud83c\uddf5\ud83c\uddf8\n|-damage|p1a: FreePalestine\ud83c\uddf5\ud83c\uddf8|48\/100\n|-damage|p2a: Dick Grayson|77\/100|[from] item: Rocky Helmet|[of] p1a: FreePalestine\ud83c\uddf5\ud83c\uddf8\n|-damage|p2a: Dick Grayson|72\/100|[from] Recoil\n|\n|-heal|p2a: Dick Grayson|78\/100|[from] item: Leftovers\n|upkeep\n|turn|127\n|\n|t:|1700665037\n|switch|p2a: Clicker|Ting-Lu, tera:Poison|27\/100\n|-ability|p2a: Clicker|Vessel of Ruin\n|move|p1a: FreePalestine\ud83c\uddf5\ud83c\uddf8|Roost|p1a: FreePalestine\ud83c\uddf5\ud83c\uddf8\n|-heal|p1a: FreePalestine\ud83c\uddf5\ud83c\uddf8|98\/100\n|-singleturn|p1a: FreePalestine\ud83c\uddf5\ud83c\uddf8|move: Roost\n|\n|upkeep\n|turn|128\n|\n|t:|1700665040\n|move|p1a: FreePalestine\ud83c\uddf5\ud83c\uddf8|Brave Bird|p2a: Clicker\n|-damage|p2a: Clicker|7\/100\n|-damage|p1a: FreePalestine\ud83c\uddf5\ud83c\uddf8|89\/100|[from] Recoil\n|move|p2a: Clicker|Stealth Rock|p1a: FreePalestine\ud83c\uddf5\ud83c\uddf8\n|-sidestart|p1: yyysneasel|move: Stealth Rock\n|\n|upkeep\n|turn|129\n|\n|t:|1700665044\n|move|p1a: FreePalestine\ud83c\uddf5\ud83c\uddf8|Brave Bird|p2a: Clicker\n|-damage|p2a: Clicker|0 fnt\n|faint|p2a: Clicker\n|-damage|p1a: FreePalestine\ud83c\uddf5\ud83c\uddf8|87\/100|[from] Recoil\n|\n|upkeep\n|\n|t:|1700665046\n|switch|p2a: Dick Grayson|Corviknight, M|78\/100\n|-ability|p2a: Dick Grayson|Pressure\n|turn|130\n|\n|t:|1700665051\n|move|p2a: Dick Grayson|Brave Bird|p1a: FreePalestine\ud83c\uddf5\ud83c\uddf8\n|-resisted|p1a: FreePalestine\ud83c\uddf5\ud83c\uddf8\n|-damage|p1a: FreePalestine\ud83c\uddf5\ud83c\uddf8|75\/100\n|-damage|p2a: Dick Grayson|62\/100|[from] item: Rocky Helmet|[of] p1a: FreePalestine\ud83c\uddf5\ud83c\uddf8\n|-damage|p2a: Dick Grayson|58\/100|[from] Recoil\n|move|p1a: FreePalestine\ud83c\uddf5\ud83c\uddf8|Defog|p2a: Dick Grayson\n|-unboost|p2a: Dick Grayson|evasion|1\n|-sideend|p1: yyysneasel|Stealth Rock|[from] move: Defog|[of] p1a: FreePalestine\ud83c\uddf5\ud83c\uddf8\n|\n|-heal|p2a: Dick Grayson|64\/100|[from] item: Leftovers\n|upkeep\n|turn|131\n|\n|t:|1700665057\n|switch|p1a: stannin on bihness|Toxapex, M, tera:Ground|87\/100 par\n|move|p2a: Dick Grayson|Brave Bird|p1a: stannin on bihness\n|-damage|p1a: stannin on bihness|66\/100 par\n|-damage|p2a: Dick Grayson|59\/100|[from] Recoil\n|\n|-heal|p2a: Dick Grayson|65\/100|[from] item: Leftovers\n|upkeep\n|turn|132\n|\n|t:|1700665064\n|move|p2a: Dick Grayson|Brave Bird|p1a: stannin on bihness\n|-damage|p1a: stannin on bihness|44\/100 par\n|-damage|p2a: Dick Grayson|60\/100|[from] Recoil\n|cant|p1a: stannin on bihness|par\n|\n|-heal|p2a: Dick Grayson|66\/100|[from] item: Leftovers\n|upkeep\n|turn|133\n|\n|t:|1700665067\n|switch|p1a: FreePalestine\ud83c\uddf5\ud83c\uddf8|Corviknight, M|75\/100\n|-ability|p1a: FreePalestine\ud83c\uddf5\ud83c\uddf8|Pressure\n|move|p2a: Dick Grayson|Brave Bird|p1a: FreePalestine\ud83c\uddf5\ud83c\uddf8\n|-resisted|p1a: FreePalestine\ud83c\uddf5\ud83c\uddf8\n|-damage|p1a: FreePalestine\ud83c\uddf5\ud83c\uddf8|64\/100\n|-damage|p2a: Dick Grayson|49\/100|[from] item: Rocky Helmet|[of] p1a: FreePalestine\ud83c\uddf5\ud83c\uddf8\n|-damage|p2a: Dick Grayson|46\/100|[from] Recoil\n|\n|-heal|p2a: Dick Grayson|52\/100|[from] item: Leftovers\n|upkeep\n|turn|134\n|\n|t:|1700665071\n|switch|p1a: stannin on bihness|Toxapex, M, tera:Ground|77\/100 par\n|move|p2a: Dick Grayson|Roost|p2a: Dick Grayson\n|-heal|p2a: Dick Grayson|100\/100\n|-singleturn|p2a: Dick Grayson|move: Roost\n|\n|upkeep\n|turn|135\n|\n|t:|1700665074\n|move|p2a: Dick Grayson|Brave Bird|p1a: stannin on bihness\n|-damage|p1a: stannin on bihness|53\/100 par\n|-damage|p2a: Dick Grayson|94\/100|[from] Recoil\n|move|p1a: stannin on bihness|Infestation|p2a: Dick Grayson\n|-resisted|p2a: Dick Grayson\n|-damage|p2a: Dick Grayson|94\/100\n|-activate|p2a: Dick Grayson|move: Infestation|[of] p1a: stannin on bihness\n|\n|-heal|p2a: Dick Grayson|99\/100|[from] item: Leftovers\n|-damage|p2a: Dick Grayson|88\/100|[from] move: Infestation|[partiallytrapped]\n|upkeep\n|turn|136\n|\n|t:|1700665078\n|switch|p1a: FreePalestine\ud83c\uddf5\ud83c\uddf8|Corviknight, M|64\/100\n|-ability|p1a: FreePalestine\ud83c\uddf5\ud83c\uddf8|Pressure\n|move|p2a: Dick Grayson|Iron Head|p1a: FreePalestine\ud83c\uddf5\ud83c\uddf8\n|-resisted|p1a: FreePalestine\ud83c\uddf5\ud83c\uddf8\n|-damage|p1a: FreePalestine\ud83c\uddf5\ud83c\uddf8|57\/100\n|-damage|p2a: Dick Grayson|71\/100|[from] item: Rocky Helmet|[of] p1a: FreePalestine\ud83c\uddf5\ud83c\uddf8\n|\n|-heal|p2a: Dick Grayson|77\/100|[from] item: Leftovers\n|-end|p2a: Dick Grayson|Infestation|[partiallytrapped]|[silent]\n|upkeep\n|turn|137\n|\n|t:|1700665082\n|switch|p1a: stannin on bihness|Toxapex, M, tera:Ground|86\/100 par\n|move|p2a: Dick Grayson|Iron Head|p1a: stannin on bihness\n|-damage|p1a: stannin on bihness|71\/100 par\n|\n|-heal|p2a: Dick Grayson|84\/100|[from] item: Leftovers\n|upkeep\n|turn|138\n|\n|t:|1700665087\n|switch|p1a: FreePalestine\ud83c\uddf5\ud83c\uddf8|Corviknight, M|57\/100\n|-ability|p1a: FreePalestine\ud83c\uddf5\ud83c\uddf8|Pressure\n|move|p2a: Dick Grayson|Iron Head|p1a: FreePalestine\ud83c\uddf5\ud83c\uddf8\n|-resisted|p1a: FreePalestine\ud83c\uddf5\ud83c\uddf8\n|-damage|p1a: FreePalestine\ud83c\uddf5\ud83c\uddf8|50\/100\n|-damage|p2a: Dick Grayson|67\/100|[from] item: Rocky Helmet|[of] p1a: FreePalestine\ud83c\uddf5\ud83c\uddf8\n|\n|-heal|p2a: Dick Grayson|73\/100|[from] item: Leftovers\n|upkeep\n|turn|139\n|\n|t:|1700665094\n|move|p2a: Dick Grayson|Iron Head|p1a: FreePalestine\ud83c\uddf5\ud83c\uddf8\n|-resisted|p1a: FreePalestine\ud83c\uddf5\ud83c\uddf8\n|-damage|p1a: FreePalestine\ud83c\uddf5\ud83c\uddf8|43\/100\n|-damage|p2a: Dick Grayson|57\/100|[from] item: Rocky Helmet|[of] p1a: FreePalestine\ud83c\uddf5\ud83c\uddf8\n|move|p1a: FreePalestine\ud83c\uddf5\ud83c\uddf8|Roost|p1a: FreePalestine\ud83c\uddf5\ud83c\uddf8\n|-heal|p1a: FreePalestine\ud83c\uddf5\ud83c\uddf8|93\/100\n|-singleturn|p1a: FreePalestine\ud83c\uddf5\ud83c\uddf8|move: Roost\n|\n|-heal|p2a: Dick Grayson|63\/100|[from] item: Leftovers\n|upkeep\n|turn|140\n|\n|t:|1700665100\n|switch|p1a: stannin on bihness|Toxapex, M, tera:Ground|100\/100 par\n|move|p2a: Dick Grayson|Iron Head|p1a: stannin on bihness\n|-damage|p1a: stannin on bihness|84\/100 par\n|\n|-heal|p2a: Dick Grayson|69\/100|[from] item: Leftovers\n|upkeep\n|turn|141\n|\n|t:|1700665103\n|move|p2a: Dick Grayson|Iron Head|p1a: stannin on bihness\n|-damage|p1a: stannin on bihness|68\/100 par\n|move|p1a: stannin on bihness|Infestation|p2a: Dick Grayson\n|-resisted|p2a: Dick Grayson\n|-damage|p2a: Dick Grayson|69\/100\n|-activate|p2a: Dick Grayson|move: Infestation|[of] p1a: stannin on bihness\n|\n|-heal|p2a: Dick Grayson|75\/100|[from] item: Leftovers\n|-damage|p2a: Dick Grayson|62\/100|[from] move: Infestation|[partiallytrapped]\n|upkeep\n|turn|142\n|\n|t:|1700665107\n|move|p2a: Dick Grayson|Iron Head|p1a: stannin on bihness\n|-damage|p1a: stannin on bihness|53\/100 par\n|move|p1a: stannin on bihness|Surf|p2a: Dick Grayson\n|-damage|p2a: Dick Grayson|46\/100\n|\n|-heal|p2a: Dick Grayson|52\/100|[from] item: Leftovers\n|-damage|p2a: Dick Grayson|39\/100|[from] move: Infestation|[partiallytrapped]\n|upkeep\n|turn|143\n|\n|t:|1700665110\n|switch|p1a: FreePalestine\ud83c\uddf5\ud83c\uddf8|Corviknight, M|93\/100\n|-ability|p1a: FreePalestine\ud83c\uddf5\ud83c\uddf8|Pressure\n|move|p2a: Dick Grayson|Roost|p2a: Dick Grayson\n|-heal|p2a: Dick Grayson|89\/100\n|-singleturn|p2a: Dick Grayson|move: Roost\n|\n|-heal|p2a: Dick Grayson|96\/100|[from] item: Leftovers\n|-end|p2a: Dick Grayson|Infestation|[partiallytrapped]|[silent]\n|upkeep\n|turn|144\n|\n|t:|1700665118\n|switch|p1a: stannin on bihness|Toxapex, M, tera:Ground|87\/100 par\n|move|p2a: Dick Grayson|U-turn|p1a: stannin on bihness\n|-damage|p1a: stannin on bihness|77\/100 par\n|\n|t:|1700665119\n|switch|p2a: Toothless|Dragapult, M|18\/100 tox|[from] U-turn\n|\n|-damage|p2a: Toothless|12\/100 tox|[from] psn\n|upkeep\n|turn|145\n|\n|t:|1700665125\n|move|p2a: Toothless|Hex|p1a: stannin on bihness\n|-damage|p1a: stannin on bihness|35\/100 par\n|move|p1a: stannin on bihness|Infestation|p2a: Toothless\n|-resisted|p2a: Toothless\n|-damage|p2a: Toothless|10\/100 tox\n|-activate|p2a: Toothless|move: Infestation|[of] p1a: stannin on bihness\n|\n|-damage|p2a: Toothless|0 fnt|[from] psn\n|faint|p2a: Toothless\n|upkeep\n|\n|t:|1700665127\n|switch|p2a: Dick Grayson|Corviknight, M|96\/100\n|-ability|p2a: Dick Grayson|Pressure\n|turn|146\n|\n|t:|1700665130\n|switch|p1a: FreePalestine\ud83c\uddf5\ud83c\uddf8|Corviknight, M|93\/100\n|-ability|p1a: FreePalestine\ud83c\uddf5\ud83c\uddf8|Pressure\n|move|p2a: Dick Grayson|Iron Head|p1a: FreePalestine\ud83c\uddf5\ud83c\uddf8\n|-resisted|p1a: FreePalestine\ud83c\uddf5\ud83c\uddf8\n|-damage|p1a: FreePalestine\ud83c\uddf5\ud83c\uddf8|86\/100\n|-damage|p2a: Dick Grayson|79\/100|[from] item: Rocky Helmet|[of] p1a: FreePalestine\ud83c\uddf5\ud83c\uddf8\n|\n|-heal|p2a: Dick Grayson|85\/100|[from] item: Leftovers\n|upkeep\n|turn|147\n|\n|t:|1700665134\n|switch|p1a: stannin on bihness|Toxapex, M, tera:Ground|69\/100 par\n|move|p2a: Dick Grayson|U-turn|p1a: stannin on bihness\n|-damage|p1a: stannin on bihness|59\/100 par\n|\n|-heal|p2a: Dick Grayson|92\/100|[from] item: Leftovers\n|upkeep\n|turn|148\n|\n|t:|1700665138\n|move|p2a: Dick Grayson|U-turn|p1a: stannin on bihness\n|-damage|p1a: stannin on bihness|50\/100 par\n|cant|p1a: stannin on bihness|par\n|\n|-heal|p2a: Dick Grayson|98\/100|[from] item: Leftovers\n|upkeep\n|turn|149\n|\n|t:|1700665141\n|switch|p1a: FreePalestine\ud83c\uddf5\ud83c\uddf8|Corviknight, M|86\/100\n|-ability|p1a: FreePalestine\ud83c\uddf5\ud83c\uddf8|Pressure\n|move|p2a: Dick Grayson|Iron Head|p1a: FreePalestine\ud83c\uddf5\ud83c\uddf8\n|-resisted|p1a: FreePalestine\ud83c\uddf5\ud83c\uddf8\n|-damage|p1a: FreePalestine\ud83c\uddf5\ud83c\uddf8|78\/100\n|-damage|p2a: Dick Grayson|81\/100|[from] item: Rocky Helmet|[of] p1a: FreePalestine\ud83c\uddf5\ud83c\uddf8\n|\n|-heal|p2a: Dick Grayson|88\/100|[from] item: Leftovers\n|upkeep\n|turn|150\n|\n|t:|1700665147\n|switch|p1a: stannin on bihness|Toxapex, M, tera:Ground|83\/100 par\n|move|p2a: Dick Grayson|U-turn|p1a: stannin on bihness\n|-crit|p1a: stannin on bihness\n|-damage|p1a: stannin on bihness|70\/100 par\n|\n|-heal|p2a: Dick Grayson|94\/100|[from] item: Leftovers\n|upkeep\n|turn|151\n|\n|t:|1700665151\n|move|p2a: Dick Grayson|Iron Head|p1a: stannin on bihness\n|-crit|p1a: stannin on bihness\n|-damage|p1a: stannin on bihness|45\/100 par\n|move|p1a: stannin on bihness|Surf|p2a: Dick Grayson\n|-damage|p2a: Dick Grayson|74\/100\n|\n|-heal|p2a: Dick Grayson|80\/100|[from] item: Leftovers\n|upkeep\n|turn|152\n|\n|t:|1700665158\n|switch|p1a: FreePalestine\ud83c\uddf5\ud83c\uddf8|Corviknight, M|78\/100\n|-ability|p1a: FreePalestine\ud83c\uddf5\ud83c\uddf8|Pressure\n|move|p2a: Dick Grayson|Brave Bird|p1a: FreePalestine\ud83c\uddf5\ud83c\uddf8\n|-resisted|p1a: FreePalestine\ud83c\uddf5\ud83c\uddf8\n|-damage|p1a: FreePalestine\ud83c\uddf5\ud83c\uddf8|68\/100\n|-damage|p2a: Dick Grayson|64\/100|[from] item: Rocky Helmet|[of] p1a: FreePalestine\ud83c\uddf5\ud83c\uddf8\n|-damage|p2a: Dick Grayson|60\/100|[from] Recoil\n|\n|-heal|p2a: Dick Grayson|67\/100|[from] item: Leftovers\n|upkeep\n|turn|153\n|\n|t:|1700665160\n|switch|p1a: stannin on bihness|Toxapex, M, tera:Ground|78\/100 par\n|move|p2a: Dick Grayson|Brave Bird|p1a: stannin on bihness\n|-damage|p1a: stannin on bihness|57\/100 par\n|-damage|p2a: Dick Grayson|61\/100|[from] Recoil\n|\n|-heal|p2a: Dick Grayson|68\/100|[from] item: Leftovers\n|upkeep\n|turn|154\n|\n|t:|1700665163\n|switch|p1a: FreePalestine\ud83c\uddf5\ud83c\uddf8|Corviknight, M|68\/100\n|-ability|p1a: FreePalestine\ud83c\uddf5\ud83c\uddf8|Pressure\n|move|p2a: Dick Grayson|Brave Bird|p1a: FreePalestine\ud83c\uddf5\ud83c\uddf8\n|-resisted|p1a: FreePalestine\ud83c\uddf5\ud83c\uddf8\n|-damage|p1a: FreePalestine\ud83c\uddf5\ud83c\uddf8|56\/100\n|-damage|p2a: Dick Grayson|51\/100|[from] item: Rocky Helmet|[of] p1a: FreePalestine\ud83c\uddf5\ud83c\uddf8\n|-damage|p2a: Dick Grayson|47\/100|[from] Recoil\n|\n|-heal|p2a: Dick Grayson|54\/100|[from] item: Leftovers\n|upkeep\n|turn|155\n|\n|t:|1700665168\n|switch|p1a: stannin on bihness|Toxapex, M, tera:Ground|91\/100 par\n|move|p2a: Dick Grayson|Brave Bird|p1a: stannin on bihness\n|-damage|p1a: stannin on bihness|69\/100 par\n|-damage|p2a: Dick Grayson|48\/100|[from] Recoil\n|\n|-heal|p2a: Dick Grayson|54\/100|[from] item: Leftovers\n|upkeep\n|turn|156\n|\n|t:|1700665173\n|move|p2a: Dick Grayson|U-turn|p1a: stannin on bihness\n|-damage|p1a: stannin on bihness|60\/100 par\n|move|p1a: stannin on bihness|Surf|p2a: Dick Grayson\n|-damage|p2a: Dick Grayson|36\/100\n|\n|-heal|p2a: Dick Grayson|42\/100|[from] item: Leftovers\n|upkeep\n|turn|157\n|\n|t:|1700665176\n|move|p2a: Dick Grayson|Iron Head|p1a: stannin on bihness\n|-damage|p1a: stannin on bihness|45\/100 par\n|cant|p1a: stannin on bihness|flinch\n|\n|-heal|p2a: Dick Grayson|49\/100|[from] item: Leftovers\n|upkeep\n|turn|158\n|\n|t:|1700665180\n|switch|p1a: FreePalestine\ud83c\uddf5\ud83c\uddf8|Corviknight, M|56\/100\n|-ability|p1a: FreePalestine\ud83c\uddf5\ud83c\uddf8|Pressure\n|move|p2a: Dick Grayson|Iron Head|p1a: FreePalestine\ud83c\uddf5\ud83c\uddf8\n|-resisted|p1a: FreePalestine\ud83c\uddf5\ud83c\uddf8\n|-damage|p1a: FreePalestine\ud83c\uddf5\ud83c\uddf8|50\/100\n|-damage|p2a: Dick Grayson|32\/100|[from] item: Rocky Helmet|[of] p1a: FreePalestine\ud83c\uddf5\ud83c\uddf8\n|\n|-heal|p2a: Dick Grayson|38\/100|[from] item: Leftovers\n|upkeep\n|turn|159\n|\n|t:|1700665182\n|switch|p1a: stannin on bihness|Toxapex, M, tera:Ground|78\/100 par\n|move|p2a: Dick Grayson|Roost|p2a: Dick Grayson\n|-heal|p2a: Dick Grayson|88\/100\n|-singleturn|p2a: Dick Grayson|move: Roost\n|\n|-heal|p2a: Dick Grayson|95\/100|[from] item: Leftovers\n|upkeep\n|turn|160\n|j| Kingston9629\n|\n|t:|1700665186\n|move|p2a: Dick Grayson|U-turn|p1a: stannin on bihness\n|-damage|p1a: stannin on bihness|68\/100 par\n|move|p1a: stannin on bihness|Infestation|p2a: Dick Grayson\n|-resisted|p2a: Dick Grayson\n|-damage|p2a: Dick Grayson|94\/100\n|-activate|p2a: Dick Grayson|move: Infestation|[of] p1a: stannin on bihness\n|\n|-heal|p2a: Dick Grayson|100\/100|[from] item: Leftovers\n|-damage|p2a: Dick Grayson|88\/100|[from] move: Infestation|[partiallytrapped]\n|upkeep\n|turn|161\n|\n|t:|1700665188\n|move|p2a: Dick Grayson|U-turn|p1a: stannin on bihness\n|-damage|p1a: stannin on bihness|60\/100 par\n|move|p1a: stannin on bihness|Surf|p2a: Dick Grayson\n|-damage|p2a: Dick Grayson|70\/100\n|\n|-heal|p2a: Dick Grayson|76\/100|[from] item: Leftovers\n|-damage|p2a: Dick Grayson|64\/100|[from] move: Infestation|[partiallytrapped]\n|upkeep\n|turn|162\n|\n|t:|1700665192\n|switch|p1a: FreePalestine\ud83c\uddf5\ud83c\uddf8|Corviknight, M|50\/100\n|-ability|p1a: FreePalestine\ud83c\uddf5\ud83c\uddf8|Pressure\n|move|p2a: Dick Grayson|U-turn|p1a: FreePalestine\ud83c\uddf5\ud83c\uddf8\n|-resisted|p1a: FreePalestine\ud83c\uddf5\ud83c\uddf8\n|-damage|p1a: FreePalestine\ud83c\uddf5\ud83c\uddf8|48\/100\n|-damage|p2a: Dick Grayson|47\/100|[from] item: Rocky Helmet|[of] p1a: FreePalestine\ud83c\uddf5\ud83c\uddf8\n|\n|-heal|p2a: Dick Grayson|53\/100|[from] item: Leftovers\n|-end|p2a: Dick Grayson|Infestation|[partiallytrapped]|[silent]\n|upkeep\n|turn|163\n|\n|t:|1700665197\n|move|p2a: Dick Grayson|U-turn|p1a: FreePalestine\ud83c\uddf5\ud83c\uddf8\n|-resisted|p1a: FreePalestine\ud83c\uddf5\ud83c\uddf8\n|-damage|p1a: FreePalestine\ud83c\uddf5\ud83c\uddf8|46\/100\n|-damage|p2a: Dick Grayson|37\/100|[from] item: Rocky Helmet|[of] p1a: FreePalestine\ud83c\uddf5\ud83c\uddf8\n|move|p1a: FreePalestine\ud83c\uddf5\ud83c\uddf8|Defog|p2a: Dick Grayson\n|-unboost|p2a: Dick Grayson|evasion|1\n|\n|-heal|p2a: Dick Grayson|43\/100|[from] item: Leftovers\n|upkeep\n|turn|164\n|\n|t:|1700665201\n|switch|p1a: stannin on bihness|Toxapex, M, tera:Ground|94\/100 par\n|move|p2a: Dick Grayson|Brave Bird|p1a: stannin on bihness\n|-damage|p1a: stannin on bihness|71\/100 par\n|-damage|p2a: Dick Grayson|37\/100|[from] Recoil\n|\n|-heal|p2a: Dick Grayson|44\/100|[from] item: Leftovers\n|upkeep\n|turn|165\n|\n|t:|1700665204\n|switch|p1a: FreePalestine\ud83c\uddf5\ud83c\uddf8|Corviknight, M|46\/100\n|-ability|p1a: FreePalestine\ud83c\uddf5\ud83c\uddf8|Pressure\n|move|p2a: Dick Grayson|Brave Bird|p1a: FreePalestine\ud83c\uddf5\ud83c\uddf8\n|-resisted|p1a: FreePalestine\ud83c\uddf5\ud83c\uddf8\n|-damage|p1a: FreePalestine\ud83c\uddf5\ud83c\uddf8|35\/100\n|-damage|p2a: Dick Grayson|27\/100|[from] item: Rocky Helmet|[of] p1a: FreePalestine\ud83c\uddf5\ud83c\uddf8\n|-damage|p2a: Dick Grayson|24\/100|[from] Recoil\n|\n|-heal|p2a: Dick Grayson|30\/100|[from] item: Leftovers\n|upkeep\n|turn|166\n|\n|t:|1700665209\n|switch|p1a: stannin on bihness|Toxapex, M, tera:Ground|100\/100 par\n|move|p2a: Dick Grayson|Brave Bird|p1a: stannin on bihness\n|-damage|p1a: stannin on bihness|80\/100 par\n|-damage|p2a: Dick Grayson|25\/100|[from] Recoil\n|\n|-heal|p2a: Dick Grayson|31\/100|[from] item: Leftovers\n|upkeep\n|turn|167\n|\n|t:|1700665215\n|move|p2a: Dick Grayson|U-turn|p1a: stannin on bihness\n|-damage|p1a: stannin on bihness|71\/100 par\n|cant|p1a: stannin on bihness|par\n|\n|-heal|p2a: Dick Grayson|37\/100|[from] item: Leftovers\n|upkeep\n|turn|168\n|\n|t:|1700665219\n|move|p2a: Dick Grayson|U-turn|p1a: stannin on bihness\n|-damage|p1a: stannin on bihness|61\/100 par\n|move|p1a: stannin on bihness|Infestation|p2a: Dick Grayson\n|-resisted|p2a: Dick Grayson\n|-damage|p2a: Dick Grayson|37\/100\n|-activate|p2a: Dick Grayson|move: Infestation|[of] p1a: stannin on bihness\n|\n|-heal|p2a: Dick Grayson|43\/100|[from] item: Leftovers\n|-damage|p2a: Dick Grayson|30\/100|[from] move: Infestation|[partiallytrapped]\n|upkeep\n|turn|169\n|\n|t:|1700665224\n|move|p2a: Dick Grayson|U-turn|p1a: stannin on bihness\n|-damage|p1a: stannin on bihness|53\/100 par\n|move|p1a: stannin on bihness|Surf|p2a: Dick Grayson\n|-damage|p2a: Dick Grayson|12\/100\n|\n|-heal|p2a: Dick Grayson|19\/100|[from] item: Leftovers\n|-damage|p2a: Dick Grayson|6\/100|[from] move: Infestation|[partiallytrapped]\n|upkeep\n|turn|170\n|\n|t:|1700665227\n|move|p2a: Dick Grayson|Roost|p2a: Dick Grayson\n|-heal|p2a: Dick Grayson|56\/100\n|-singleturn|p2a: Dick Grayson|move: Roost\n|cant|p1a: stannin on bihness|par\n|\n|-heal|p2a: Dick Grayson|62\/100|[from] item: Leftovers\n|-damage|p2a: Dick Grayson|50\/100|[from] move: Infestation|[partiallytrapped]\n|upkeep\n|turn|171\n|\n|t:|1700665230\n|switch|p1a: FreePalestine\ud83c\uddf5\ud83c\uddf8|Corviknight, M|35\/100\n|-ability|p1a: FreePalestine\ud83c\uddf5\ud83c\uddf8|Pressure\n|move|p2a: Dick Grayson|U-turn|p1a: FreePalestine\ud83c\uddf5\ud83c\uddf8\n|-resisted|p1a: FreePalestine\ud83c\uddf5\ud83c\uddf8\n|-damage|p1a: FreePalestine\ud83c\uddf5\ud83c\uddf8|33\/100\n|-damage|p2a: Dick Grayson|33\/100|[from] item: Rocky Helmet|[of] p1a: FreePalestine\ud83c\uddf5\ud83c\uddf8\n|\n|-heal|p2a: Dick Grayson|40\/100|[from] item: Leftovers\n|-end|p2a: Dick Grayson|Infestation|[partiallytrapped]|[silent]\n|upkeep\n|turn|172\n|c|\u2606yyysneasel|i respect the hustle\n|\n|t:|1700665238\n|switch|p1a: stannin on bihness|Toxapex, M, tera:Ground|86\/100 par\n|move|p2a: Dick Grayson|Iron Head|p1a: stannin on bihness\n|-damage|p1a: stannin on bihness|71\/100 par\n|\n|-heal|p2a: Dick Grayson|46\/100|[from] item: Leftovers\n|upkeep\n|turn|173\n|\n|t:|1700665243\n|move|p2a: Dick Grayson|U-turn|p1a: stannin on bihness\n|-crit|p1a: stannin on bihness\n|-damage|p1a: stannin on bihness|56\/100 par\n|move|p1a: stannin on bihness|Infestation|p2a: Dick Grayson\n|-resisted|p2a: Dick Grayson\n|-damage|p2a: Dick Grayson|45\/100\n|-activate|p2a: Dick Grayson|move: Infestation|[of] p1a: stannin on bihness\n|\n|-heal|p2a: Dick Grayson|52\/100|[from] item: Leftovers\n|-damage|p2a: Dick Grayson|39\/100|[from] move: Infestation|[partiallytrapped]\n|upkeep\n|turn|174\n|\n|t:|1700665251\n|move|p2a: Dick Grayson|Iron Head|p1a: stannin on bihness\n|-damage|p1a: stannin on bihness|39\/100 par\n|move|p1a: stannin on bihness|Toxic|p2a: Dick Grayson\n|-immune|p2a: Dick Grayson\n|\n|-heal|p2a: Dick Grayson|45\/100|[from] item: Leftovers\n|-damage|p2a: Dick Grayson|33\/100|[from] move: Infestation|[partiallytrapped]\n|upkeep\n|turn|175\n|\n|t:|1700665258\n|switch|p1a: FreePalestine\ud83c\uddf5\ud83c\uddf8|Corviknight, M|33\/100\n|-ability|p1a: FreePalestine\ud83c\uddf5\ud83c\uddf8|Pressure\n|move|p2a: Dick Grayson|U-turn|p1a: FreePalestine\ud83c\uddf5\ud83c\uddf8\n|-resisted|p1a: FreePalestine\ud83c\uddf5\ud83c\uddf8\n|-damage|p1a: FreePalestine\ud83c\uddf5\ud83c\uddf8|31\/100\n|-damage|p2a: Dick Grayson|16\/100|[from] item: Rocky Helmet|[of] p1a: FreePalestine\ud83c\uddf5\ud83c\uddf8\n|\n|-heal|p2a: Dick Grayson|23\/100|[from] item: Leftovers\n|-end|p2a: Dick Grayson|Infestation|[partiallytrapped]|[silent]\n|upkeep\n|turn|176\n|\n|t:|1700665260\n|switch|p1a: stannin on bihness|Toxapex, M, tera:Ground|73\/100 par\n|move|p2a: Dick Grayson|Roost|p2a: Dick Grayson\n|-heal|p2a: Dick Grayson|73\/100\n|-singleturn|p2a: Dick Grayson|move: Roost\n|\n|-heal|p2a: Dick Grayson|79\/100|[from] item: Leftovers\n|upkeep\n|turn|177\n|-message|Steez Ibanez forfeited.\n|\n|win|yyysneasel\n|raw|yyysneasel's rating: 1710 &rarr; <strong>1735<\/strong><br \/>(+25 for winning)\n|raw|Steez Ibanez's rating: 1806 &rarr; <strong>1781<\/strong><br \/>(-25 for losing)\n|l|\u2606Steez Ibanez\n","uploadtime":1700665267,"views":5,"p1id":"yyysneasel","p2id":"steezibanez","formatid":"gen9ou","rating":1735,"private":0,"password":""}