{"id":"gen9ou-1992754547","p1":"dilkem","p2":"WillDaFoe","format":"[Gen 9] OU","log":"|j|\u203ddilkem\n|j|\u2606WillDaFoe\n|t:|1700232444\n|gametype|singles\n|player|p1|dilkem|worker|1384\n|player|p2|WillDaFoe|266|1337\n|teamsize|p1|6\n|teamsize|p2|6\n|gen|9\n|tier|[Gen 9] OU\n|rated|\n|rule|Sleep Clause Mod: Limit one foe put to sleep\n|rule|Species Clause: Limit one of each Pok\u00e9mon\n|rule|OHKO Clause: OHKO moves are banned\n|rule|Evasion Items Clause: Evasion items are banned\n|rule|Evasion Moves Clause: Evasion moves are banned\n|rule|Endless Battle Clause: Forcing endless battles is banned\n|rule|HP Percentage Mod: HP is shown in percentages\n|clearpoke\n|poke|p1|Slowbro, M|\n|poke|p1|Diancie|\n|poke|p1|Slither Wing|\n|poke|p1|Donphan, M|\n|poke|p1|Arcanine-Hisui, F|\n|poke|p1|Revavroom, M|\n|poke|p2|Garganacl, M|\n|poke|p2|Great Tusk|\n|poke|p2|Gholdengo|\n|poke|p2|Iron Valiant|\n|poke|p2|Dragonite, F|\n|poke|p2|Zapdos|\n|teampreview\n|inactive|Battle timer is ON: inactive players will automatically lose when time's up. (requested by dilkem)\n|\n|t:|1700232465\n|start\n|switch|p1a: Revavroom|Revavroom, M|100\/100\n|switch|p2a: Garganacl|Garganacl, M|100\/100\n|turn|1\n|\n|t:|1700232475\n|move|p1a: Revavroom|Iron Head|p2a: Garganacl\n|-supereffective|p2a: Garganacl\n|-damage|p2a: Garganacl|64\/100\n|move|p2a: Garganacl|Curse|p2a: Garganacl\n|-unboost|p2a: Garganacl|spe|1\n|-boost|p2a: Garganacl|atk|1\n|-boost|p2a: Garganacl|def|1\n|\n|-heal|p2a: Garganacl|71\/100|[from] item: Leftovers\n|upkeep\n|turn|2\n|\n|t:|1700232484\n|move|p1a: Revavroom|Haze|p1a: Revavroom\n|-clearallboost\n|move|p2a: Garganacl|Curse|p2a: Garganacl\n|-unboost|p2a: Garganacl|spe|1\n|-boost|p2a: Garganacl|atk|1\n|-boost|p2a: Garganacl|def|1\n|\n|-heal|p2a: Garganacl|77\/100|[from] item: Leftovers\n|upkeep\n|turn|3\n|\n|t:|1700232494\n|move|p1a: Revavroom|Iron Head|p2a: Garganacl\n|-supereffective|p2a: Garganacl\n|-damage|p2a: Garganacl|54\/100\n|move|p2a: Garganacl|Salt Cure|p1a: Revavroom\n|-resisted|p1a: Revavroom\n|-damage|p1a: Revavroom|91\/100\n|-start|p1a: Revavroom|Salt Cure\n|\n|-heal|p1a: Revavroom|97\/100|[from] item: Black Sludge\n|-heal|p2a: Garganacl|61\/100|[from] item: Leftovers\n|-damage|p1a: Revavroom|72\/100|[from] Salt Cure\n|upkeep\n|turn|4\n|\n|t:|1700232506\n|move|p1a: Revavroom|Parting Shot|p2a: Garganacl\n|-unboost|p2a: Garganacl|atk|1\n|-unboost|p2a: Garganacl|spa|1\n|\n|t:|1700232527\n|switch|p1a: Slowbro|Slowbro, M, shiny|100\/100|[from] Parting Shot\n|move|p2a: Garganacl|Recover|p2a: Garganacl\n|-heal|p2a: Garganacl|100\/100\n|\n|upkeep\n|turn|5\n|\n|t:|1700232552\n|switch|p2a: Gholdengo|Gholdengo|100\/100\n|-item|p2a: Gholdengo|Air Balloon\n|move|p1a: Slowbro|Surf|p2a: Gholdengo\n|-damage|p2a: Gholdengo|59\/100\n|-enditem|p2a: Gholdengo|Air Balloon\n|\n|upkeep\n|turn|6\n|\n|t:|1700232565\n|switch|p1a: Revavroom|Revavroom, M|72\/100\n|move|p2a: Gholdengo|Shadow Ball|p1a: Revavroom\n|-damage|p1a: Revavroom|42\/100\n|\n|-heal|p1a: Revavroom|48\/100|[from] item: Black Sludge\n|upkeep\n|turn|7\n|\n|t:|1700232579\n|switch|p2a: Great Tusk|Great Tusk|100\/100\n|move|p1a: Revavroom|Iron Head|p2a: Great Tusk\n|-damage|p2a: Great Tusk|75\/100\n|\n|-heal|p1a: Revavroom|54\/100|[from] item: Black Sludge\n|upkeep\n|turn|8\n|\n|t:|1700232603\n|move|p2a: Great Tusk|Headlong Rush|p1a: Revavroom\n|-supereffective|p1a: Revavroom\n|-crit|p1a: Revavroom\n|-damage|p1a: Revavroom|0 fnt\n|-unboost|p2a: Great Tusk|def|1\n|-unboost|p2a: Great Tusk|spd|1\n|faint|p1a: Revavroom\n|\n|upkeep\n|\n|t:|1700232610\n|switch|p1a: Slowbro|Slowbro, M, shiny|100\/100\n|turn|9\n|\n|t:|1700232616\n|-end|p2a: Great Tusk|Protosynthesis|[silent]\n|switch|p2a: Dragonite|Dragonite, F|100\/100\n|move|p1a: Slowbro|Trick Room|p1a: Slowbro\n|-fieldstart|move: Trick Room|[of] p1a: Slowbro\n|\n|upkeep\n|turn|10\n|\n|t:|1700232635\n|move|p1a: Slowbro|Psychic|p2a: Dragonite\n|-damage|p2a: Dragonite|79\/100\n|move|p2a: Dragonite|Dragon Dance|p2a: Dragonite\n|-boost|p2a: Dragonite|atk|1\n|-boost|p2a: Dragonite|spe|1\n|\n|upkeep\n|turn|11\n|\n|t:|1700232643\n|move|p1a: Slowbro|Psychic|p2a: Dragonite\n|-damage|p2a: Dragonite|37\/100\n|move|p2a: Dragonite|Dragon Dance|p2a: Dragonite\n|-boost|p2a: Dragonite|atk|1\n|-boost|p2a: Dragonite|spe|1\n|\n|upkeep\n|turn|12\n|\n|t:|1700232650\n|move|p1a: Slowbro|Psychic|p2a: Dragonite\n|-damage|p2a: Dragonite|0 fnt\n|faint|p2a: Dragonite\n|\n|upkeep\n|\n|t:|1700232659\n|switch|p2a: Zapdos|Zapdos|100\/100\n|turn|13\n|\n|t:|1700232673\n|switch|p1a: Donphan|Donphan, M|100\/100\n|move|p2a: Zapdos|Hurricane|p1a: Donphan\n|-damage|p1a: Donphan|38\/100\n|-start|p1a: Donphan|confusion\n|\n|-heal|p1a: Donphan|44\/100|[from] item: Leftovers\n|-fieldend|move: Trick Room\n|upkeep\n|turn|14\n|\n|t:|1700232686\n|-activate|p1a: Donphan|confusion\n|move|p1a: Donphan|Ice Shard|p2a: Zapdos\n|-supereffective|p2a: Zapdos\n|-damage|p2a: Zapdos|72\/100\n|move|p2a: Zapdos|Hurricane|p1a: Donphan\n|-damage|p1a: Donphan|0 fnt\n|faint|p1a: Donphan\n|\n|upkeep\n|\n|t:|1700232694\n|switch|p1a: Diancie|Diancie|100\/100\n|turn|15\n|\n|t:|1700232724\n|switch|p2a: Gholdengo|Gholdengo|59\/100\n|move|p1a: Diancie|Trick Room|p1a: Diancie\n|-fieldstart|move: Trick Room|[of] p1a: Diancie\n|\n|upkeep\n|turn|16\n|\n|t:|1700232730\n|move|p1a: Diancie|Earth Power|p2a: Gholdengo\n|-supereffective|p2a: Gholdengo\n|-damage|p2a: Gholdengo|5\/100\n|move|p2a: Gholdengo|Make It Rain|p1a: Diancie\n|-supereffective|p1a: Diancie\n|-damage|p1a: Diancie|0 fnt\n|-unboost|p2a: Gholdengo|spa|1\n|faint|p1a: Diancie\n|\n|upkeep\n|\n|t:|1700232744\n|switch|p1a: Slowbro|Slowbro, M, shiny|100\/100\n|turn|17\n|\n|t:|1700232748\n|move|p1a: Slowbro|Surf|p2a: Gholdengo\n|-damage|p2a: Gholdengo|0 fnt\n|faint|p2a: Gholdengo\n|\n|upkeep\n|\n|t:|1700232771\n|switch|p2a: Garganacl|Garganacl, M|100\/100\n|turn|18\n|\n|t:|1700232777\n|-terastallize|p2a: Garganacl|Water\n|move|p1a: Slowbro|Surf|p2a: Garganacl\n|-resisted|p2a: Garganacl\n|-damage|p2a: Garganacl|83\/100\n|move|p2a: Garganacl|Curse|p2a: Garganacl\n|-unboost|p2a: Garganacl|spe|1\n|-boost|p2a: Garganacl|atk|1\n|-boost|p2a: Garganacl|def|1\n|\n|-heal|p2a: Garganacl|89\/100|[from] item: Leftovers\n|upkeep\n|turn|19\n|\n|t:|1700232788\n|move|p1a: Slowbro|Psychic|p2a: Garganacl\n|-damage|p2a: Garganacl|55\/100\n|move|p2a: Garganacl|Curse|p2a: Garganacl\n|-unboost|p2a: Garganacl|spe|1\n|-boost|p2a: Garganacl|atk|1\n|-boost|p2a: Garganacl|def|1\n|\n|-heal|p2a: Garganacl|62\/100|[from] item: Leftovers\n|-fieldend|move: Trick Room\n|upkeep\n|turn|20\n|\n|t:|1700232801\n|move|p1a: Slowbro|Psychic|p2a: Garganacl\n|-damage|p2a: Garganacl|28\/100\n|-unboost|p2a: Garganacl|spd|1\n|move|p2a: Garganacl|Salt Cure|p1a: Slowbro\n|-damage|p1a: Slowbro|79\/100\n|-start|p1a: Slowbro|Salt Cure\n|\n|-heal|p2a: Garganacl|34\/100|[from] item: Leftovers\n|-damage|p1a: Slowbro|54\/100|[from] Salt Cure\n|upkeep\n|turn|21\n|\n|t:|1700232812\n|move|p1a: Slowbro|Psychic|p2a: Garganacl\n|-damage|p2a: Garganacl|0 fnt\n|faint|p2a: Garganacl\n|\n|-damage|p1a: Slowbro|29\/100|[from] Salt Cure\n|upkeep\n|\n|t:|1700232819\n|switch|p2a: Great Tusk|Great Tusk|75\/100\n|turn|22\n|\n|t:|1700232824\n|switch|p1a: Slither Wing|Slither Wing|100\/100\n|move|p2a: Great Tusk|Knock Off|p1a: Slither Wing\n|-resisted|p1a: Slither Wing\n|-damage|p1a: Slither Wing|82\/100\n|-enditem|p1a: Slither Wing|Insect Plate|[from] move: Knock Off|[of] p2a: Great Tusk\n|\n|upkeep\n|turn|23\n|\n|t:|1700232839\n|-end|p2a: Great Tusk|Protosynthesis|[silent]\n|switch|p2a: Iron Valiant|Iron Valiant|100\/100\n|move|p1a: Slither Wing|U-turn|p2a: Iron Valiant\n|-resisted|p2a: Iron Valiant\n|-damage|p2a: Iron Valiant|88\/100\n|\n|t:|1700232846\n|-end|p1a: Slither Wing|Protosynthesis|[silent]\n|switch|p1a: Slowbro|Slowbro, M, shiny|63\/100|[from] U-turn\n|\n|upkeep\n|turn|24\n|\n|t:|1700232852\n|switch|p1a: Slither Wing|Slither Wing|82\/100\n|move|p2a: Iron Valiant|Thunderbolt|p1a: Slither Wing\n|-damage|p1a: Slither Wing|56\/100\n|\n|upkeep\n|turn|25\n|\n|t:|1700232860\n|move|p2a: Iron Valiant|Knock Off|p1a: Slither Wing\n|-resisted|p1a: Slither Wing\n|-damage|p1a: Slither Wing|45\/100\n|move|p1a: Slither Wing|Earthquake|p2a: Iron Valiant\n|-damage|p2a: Iron Valiant|41\/100\n|\n|upkeep\n|turn|26\n|\n|t:|1700232868\n|move|p2a: Iron Valiant|Moonblast|p1a: Slither Wing\n|-supereffective|p1a: Slither Wing\n|-damage|p1a: Slither Wing|0 fnt\n|faint|p1a: Slither Wing\n|-end|p1a: Slither Wing|Protosynthesis|[silent]\n|\n|upkeep\n|\n|t:|1700232873\n|switch|p1a: Arcanine|Arcanine-Hisui, F|100\/100\n|turn|27\n|\n|t:|1700232877\n|move|p1a: Arcanine|Flare Blitz|p2a: Iron Valiant\n|-damage|p2a: Iron Valiant|0 fnt\n|faint|p2a: Iron Valiant\n|-end|p2a: Iron Valiant|Quark Drive|[silent]\n|\n|upkeep\n|\n|t:|1700232884\n|switch|p2a: Great Tusk|Great Tusk|75\/100\n|turn|28\n|\n|t:|1700232888\n|move|p1a: Arcanine|Flare Blitz|p2a: Great Tusk\n|-damage|p2a: Great Tusk|37\/100\n|move|p2a: Great Tusk|Headlong Rush|p1a: Arcanine\n|-supereffective|p1a: Arcanine\n|-damage|p1a: Arcanine|0 fnt\n|-unboost|p2a: Great Tusk|def|1\n|-unboost|p2a: Great Tusk|spd|1\n|faint|p1a: Arcanine\n|\n|upkeep\n|\n|t:|1700232896\n|switch|p1a: Slowbro|Slowbro, M, shiny|96\/100\n|turn|29\n|\n|t:|1700232902\n|move|p2a: Great Tusk|Knock Off|p1a: Slowbro\n|-supereffective|p1a: Slowbro\n|-damage|p1a: Slowbro|39\/100\n|-enditem|p1a: Slowbro|Weakness Policy\n|-boost|p1a: Slowbro|atk|2|[from] item: Weakness Policy\n|-boost|p1a: Slowbro|spa|2|[from] item: Weakness Policy\n|move|p1a: Slowbro|Trick Room|p1a: Slowbro\n|-fieldstart|move: Trick Room|[of] p1a: Slowbro\n|\n|upkeep\n|turn|30\n|\n|t:|1700232911\n|move|p1a: Slowbro|Surf|p2a: Great Tusk\n|-supereffective|p2a: Great Tusk\n|-damage|p2a: Great Tusk|0 fnt\n|faint|p2a: Great Tusk\n|-end|p2a: Great Tusk|Protosynthesis|[silent]\n|\n|upkeep\n|\n|t:|1700232915\n|switch|p2a: Zapdos|Zapdos|72\/100\n|turn|31\n|\n|t:|1700232919\n|-terastallize|p1a: Slowbro|Water\n|move|p1a: Slowbro|Surf|p2a: Zapdos\n|-damage|p2a: Zapdos|0 fnt\n|faint|p2a: Zapdos\n|\n|win|dilkem\n|raw|dilkem's rating: 1384 &rarr; <strong>1401<\/strong><br \/>(+17 for winning)\n|raw|WillDaFoe's rating: 1337 &rarr; <strong>1320<\/strong><br \/>(-17 for losing)\n|c|\u2606WillDaFoe|wait\n","uploadtime":1700232930,"views":9,"p1id":"dilkem","p2id":"willdafoe","formatid":"gen9ou","rating":1320,"private":0,"password":""}