{"id":"gen9ou-1992669446","p1":"bill1218","p2":"bruhbruhhahaha","format":"[Gen 9] OU","log":"|j|\u2606bill1218\n|j|\u2606bruhbruhhahaha\n|t:|1700223044\n|gametype|singles\n|player|p1|bill1218|266|1199\n|player|p2|bruhbruhhahaha|flannery|1228\n|teamsize|p1|6\n|teamsize|p2|6\n|gen|9\n|tier|[Gen 9] OU\n|rated|\n|rule|Sleep Clause Mod: Limit one foe put to sleep\n|rule|Species Clause: Limit one of each Pok\u00e9mon\n|rule|OHKO Clause: OHKO moves are banned\n|rule|Evasion Items Clause: Evasion items are banned\n|rule|Evasion Moves Clause: Evasion moves are banned\n|rule|Endless Battle Clause: Forcing endless battles is banned\n|rule|HP Percentage Mod: HP is shown in percentages\n|clearpoke\n|poke|p1|Talonflame, M|\n|poke|p1|Houndoom, M|\n|poke|p1|Ceruledge, F|\n|poke|p1|Alomomola, M|\n|poke|p1|Kilowattrel, M|\n|poke|p1|Grafaiai, F|\n|poke|p2|Garchomp, F|\n|poke|p2|Garganacl, M|\n|poke|p2|Alomomola, M|\n|poke|p2|Great Tusk|\n|poke|p2|Gholdengo|\n|poke|p2|Lokix, M|\n|teampreview\n|inactive|Battle timer is ON: inactive players will automatically lose when time's up. (requested by bruhbruhhahaha)\n|c|\u2606bruhbruhhahaha|hi :3\n|inactive|bill1218 has 120 seconds left.\n|\n|t:|1700223079\n|start\n|switch|p1a: Kilowattrel|Kilowattrel, M|100\/100\n|switch|p2a: the chomp|Garchomp, F, shiny|100\/100\n|turn|1\n|\n|t:|1700223089\n|move|p1a: Kilowattrel|Air Slash|p2a: the chomp\n|-damage|p2a: the chomp|61\/100\n|cant|p2a: the chomp|flinch\n|\n|upkeep\n|turn|2\n|\n|t:|1700223099\n|switch|p2a: Garganacl deez|Garganacl, M|100\/100\n|move|p1a: Kilowattrel|Air Slash|p2a: Garganacl deez\n|-resisted|p2a: Garganacl deez\n|-crit|p2a: Garganacl deez\n|-damage|p2a: Garganacl deez|76\/100\n|\n|-heal|p2a: Garganacl deez|82\/100|[from] item: Leftovers\n|upkeep\n|turn|3\n|\n|t:|1700223106\n|move|p1a: Kilowattrel|Thunderbolt|p2a: Garganacl deez\n|-damage|p2a: Garganacl deez|47\/100\n|move|p2a: Garganacl deez|Salt Cure|p1a: Kilowattrel\n|-supereffective|p1a: Kilowattrel\n|-damage|p1a: Kilowattrel|53\/100\n|-start|p1a: Kilowattrel|Salt Cure\n|\n|-heal|p2a: Garganacl deez|53\/100|[from] item: Leftovers\n|-damage|p1a: Kilowattrel|40\/100|[from] Salt Cure\n|upkeep\n|turn|4\n|\n|t:|1700223115\n|switch|p1a: Alomomola|Alomomola, M|100\/100\n|move|p2a: Garganacl deez|Recover|p2a: Garganacl deez\n|-heal|p2a: Garganacl deez|100\/100\n|\n|upkeep\n|turn|5\n|\n|t:|1700223119\n|move|p2a: Garganacl deez|Salt Cure|p1a: Alomomola\n|-damage|p1a: Alomomola|92\/100\n|move|p1a: Alomomola|Mirror Coat||[still]\n|-fail|p1a: Alomomola\n|\n|upkeep\n|turn|6\n|\n|t:|1700223130\n|switch|p2a: the chomp|Garchomp, F, shiny|61\/100\n|move|p1a: Alomomola|Wish|p1a: Alomomola\n|\n|upkeep\n|turn|7\n|\n|t:|1700223134\n|move|p2a: the chomp|Swords Dance|p2a: the chomp\n|-boost|p2a: the chomp|atk|2\n|move|p1a: Alomomola|Flip Turn|p2a: the chomp\n|-damage|p2a: the chomp|44\/100\n|-damage|p1a: Alomomola|80\/100|[from] ability: Rough Skin|[of] p2a: the chomp\n|\n|t:|1700223136\n|switch|p1a: Grafaiai|Grafaiai, F|100\/100|[from] Flip Turn\n|\n|upkeep\n|turn|8\n|\n|t:|1700223142\n|move|p1a: Grafaiai|Encore|p2a: the chomp\n|-start|p2a: the chomp|Encore\n|move|p2a: the chomp|Swords Dance|p2a: the chomp\n|-boost|p2a: the chomp|atk|2\n|-enditem|p1a: Grafaiai|Mirror Herb\n|-boost|p1a: Grafaiai|atk|2|[from] item: Mirror Herb\n|\n|upkeep\n|turn|9\n|\n|t:|1700223154\n|switch|p2a: Alomomola|Alomomola, M|100\/100\n|move|p1a: Grafaiai|Acrobatics|p2a: Alomomola\n|-damage|p2a: Alomomola|67\/100\n|\n|upkeep\n|turn|10\n|\n|t:|1700223162\n|move|p1a: Grafaiai|Acrobatics|p2a: Alomomola\n|-damage|p2a: Alomomola|32\/100\n|move|p2a: Alomomola|Wish|p2a: Alomomola\n|\n|upkeep\n|turn|11\n|\n|t:|1700223169\n|move|p2a: Alomomola|Protect|p2a: Alomomola\n|-singleturn|p2a: Alomomola|Protect\n|move|p1a: Grafaiai|Acrobatics|p2a: Alomomola\n|-activate|p2a: Alomomola|move: Protect\n|\n|-heal|p2a: Alomomola|82\/100|[from] move: Wish|[wisher] Alomomola\n|upkeep\n|turn|12\n|\n|t:|1700223174\n|move|p1a: Grafaiai|Encore|p2a: Alomomola\n|-start|p2a: Alomomola|Encore\n|move|p2a: Alomomola|Protect||[still]\n|-fail|p2a: Alomomola\n|\n|upkeep\n|turn|13\n|\n|t:|1700223179\n|switch|p2a: Lokix your nuts|Lokix, M|100\/100\n|-terastallize|p1a: Grafaiai|Flying\n|move|p1a: Grafaiai|Acrobatics|p2a: Lokix your nuts\n|-supereffective|p2a: Lokix your nuts\n|-damage|p2a: Lokix your nuts|0 fnt\n|faint|p2a: Lokix your nuts\n|\n|upkeep\n|\n|t:|1700223183\n|switch|p2a: Garganacl deez|Garganacl, M|100\/100\n|turn|14\n|\n|t:|1700223196\n|move|p1a: Grafaiai|Swagger|p2a: Garganacl deez|[miss]\n|-miss|p1a: Grafaiai|p2a: Garganacl deez\n|move|p2a: Garganacl deez|Salt Cure|p1a: Grafaiai\n|-supereffective|p1a: Grafaiai\n|-damage|p1a: Grafaiai|49\/100\n|-start|p1a: Grafaiai|Salt Cure\n|\n|-damage|p1a: Grafaiai|36\/100|[from] Salt Cure\n|upkeep\n|turn|15\n|\n|t:|1700223203\n|move|p1a: Grafaiai|Copycat|p1a: Grafaiai\n|move|p1a: Grafaiai|Salt Cure|p2a: Garganacl deez|[from]move: Copycat\n|-damage|p2a: Garganacl deez|87\/100\n|-start|p2a: Garganacl deez|Salt Cure\n|move|p2a: Garganacl deez|Salt Cure|p1a: Grafaiai\n|-supereffective|p1a: Grafaiai\n|-damage|p1a: Grafaiai|0 fnt\n|faint|p1a: Grafaiai\n|\n|-heal|p2a: Garganacl deez|93\/100|[from] item: Leftovers\n|-damage|p2a: Garganacl deez|81\/100|[from] Salt Cure\n|upkeep\n|\n|t:|1700223216\n|switch|p1a: Kilowattrel|Kilowattrel, M|40\/100\n|turn|16\n|\n|t:|1700223219\n|move|p1a: Kilowattrel|Air Slash|p2a: Garganacl deez\n|-resisted|p2a: Garganacl deez\n|-damage|p2a: Garganacl deez|66\/100\n|move|p2a: Garganacl deez|Salt Cure|p1a: Kilowattrel\n|-supereffective|p1a: Kilowattrel\n|-damage|p1a: Kilowattrel|0 fnt\n|faint|p1a: Kilowattrel\n|\n|-heal|p2a: Garganacl deez|72\/100|[from] item: Leftovers\n|-damage|p2a: Garganacl deez|59\/100|[from] Salt Cure\n|upkeep\n|\n|t:|1700223225\n|switch|p1a: Alomomola|Alomomola, M|100\/100\n|turn|17\n|\n|t:|1700223231\n|switch|p2a: Gholdengo|Gholdengo|100\/100\n|move|p1a: Alomomola|Flip Turn|p2a: Gholdengo\n|-damage|p2a: Gholdengo|80\/100\n|\n|t:|1700223234\n|switch|p1a: Ceruledge|Ceruledge, F, shiny|100\/100|[from] Flip Turn\n|\n|upkeep\n|turn|18\n|\n|t:|1700223241\n|switch|p2a: Garganacl deez|Garganacl, M|59\/100\n|move|p1a: Ceruledge|Poltergeist|p2a: Garganacl deez\n|-activate|p2a: Garganacl deez|move: Poltergeist|Leftovers\n|-damage|p2a: Garganacl deez|43\/100\n|\n|-heal|p2a: Garganacl deez|49\/100|[from] item: Leftovers\n|upkeep\n|turn|19\n|\n|t:|1700223252\n|move|p1a: Ceruledge|Poltergeist|p2a: Garganacl deez|[miss]\n|-miss|p1a: Ceruledge|p2a: Garganacl deez\n|move|p2a: Garganacl deez|Recover|p2a: Garganacl deez\n|-heal|p2a: Garganacl deez|99\/100\n|\n|-heal|p2a: Garganacl deez|100\/100|[from] item: Leftovers\n|upkeep\n|turn|20\n|\n|t:|1700223260\n|switch|p1a: Touch my body|Houndoom, M, shiny|100\/100\n|move|p2a: Garganacl deez|Curse|p2a: Garganacl deez\n|-unboost|p2a: Garganacl deez|spe|1\n|-boost|p2a: Garganacl deez|atk|1\n|-boost|p2a: Garganacl deez|def|1\n|\n|upkeep\n|turn|21\n|\n|t:|1700223267\n|move|p1a: Touch my body|Protect|p1a: Touch my body\n|-singleturn|p1a: Touch my body|Protect\n|move|p2a: Garganacl deez|Salt Cure|p1a: Touch my body\n|-activate|p1a: Touch my body|move: Protect\n|\n|upkeep\n|turn|22\n|\n|t:|1700223269\n|move|p1a: Touch my body|Fire Spin|p2a: Garganacl deez|[miss]\n|-miss|p1a: Touch my body|p2a: Garganacl deez\n|move|p2a: Garganacl deez|Salt Cure|p1a: Touch my body\n|-supereffective|p1a: Touch my body\n|-damage|p1a: Touch my body|15\/100\n|-start|p1a: Touch my body|Salt Cure\n|\n|-damage|p1a: Touch my body|3\/100|[from] Salt Cure\n|upkeep\n|turn|23\n|c|\u2606bruhbruhhahaha|it aint your day is it\n|\n|t:|1700223282\n|move|p1a: Touch my body|Destiny Bond|p1a: Touch my body\n|-singlemove|p1a: Touch my body|Destiny Bond\n|move|p2a: Garganacl deez|Curse|p2a: Garganacl deez\n|-unboost|p2a: Garganacl deez|spe|1\n|-boost|p2a: Garganacl deez|atk|1\n|-boost|p2a: Garganacl deez|def|1\n|\n|-damage|p1a: Touch my body|0 fnt|[from] Salt Cure\n|faint|p1a: Touch my body\n|upkeep\n|\n|t:|1700223290\n|switch|p1a: Talonflame|Talonflame, M|100\/100\n|turn|24\n|c|\u2606bill1218|Shell turtle\n|c|\u2606bruhbruhhahaha|your team is really weak to garg\n|inactive|bill1218 has 120 seconds left.\n|c|\u2606bill1218|Bored turtle man\n|c|\u2606bruhbruhhahaha|also what\n|c|\u2606bill1218|Yes it is UU team\n|c|\u2606bruhbruhhahaha|oh lol\n|inactive|bill1218 has 90 seconds left.\n|c|\u2606bill1218|but you will lose without shell\n|c|\u2606bill1218|noob\n|c|\u2606bruhbruhhahaha|not sure about that\n|c|\u2606bill1218|Noob just know about shell like a turtle\n|c|\u2606bruhbruhhahaha|alolamola kinda covers for garg\n|inactive|bill1218 has 60 seconds left.\n|-message|bill1218 forfeited.\n|\n|win|bruhbruhhahaha\n|raw|bill1218's rating: 1199 &rarr; <strong>1176<\/strong><br \/>(-23 for losing)\n|raw|bruhbruhhahaha's rating: 1228 &rarr; <strong>1251<\/strong><br \/>(+23 for winning)\n|l|\u2606bill1218\n","uploadtime":1700223390,"views":14,"p1id":"bill1218","p2id":"bruhbruhhahaha","formatid":"gen9ou","rating":1176,"private":0,"password":""}