{"id":"gen9ou-1989264561","p1":"sumofsquares","p2":"Slopandslimeher","format":"[Gen 9] OU","log":"|j|\u2606sumofsquares\n|j|\u2606Slopandslimeher\n|t:|1699829550\n|gametype|singles\n|player|p1|sumofsquares|grimsley|1492\n|player|p2|Slopandslimeher|scientist|1480\n|teamsize|p1|6\n|teamsize|p2|6\n|gen|9\n|tier|[Gen 9] OU\n|rated|\n|rule|Sleep Clause Mod: Limit one foe put to sleep\n|rule|Species Clause: Limit one of each Pok\u00e9mon\n|rule|OHKO Clause: OHKO moves are banned\n|rule|Evasion Items Clause: Evasion items are banned\n|rule|Evasion Moves Clause: Evasion moves are banned\n|rule|Endless Battle Clause: Forcing endless battles is banned\n|rule|HP Percentage Mod: HP is shown in percentages\n|clearpoke\n|poke|p1|Garchomp, M|\n|poke|p1|Zapdos-Galar|\n|poke|p1|Gholdengo|\n|poke|p1|Meowscarada, M|\n|poke|p1|Iron Moth|\n|poke|p1|Rotom-Wash|\n|poke|p2|Ogerpon-Wellspring, F|\n|poke|p2|Corviknight, F|\n|poke|p2|Samurott-Hisui, M|\n|poke|p2|Clefable, F|\n|poke|p2|Forretress, F|\n|poke|p2|Sandy Shocks|\n|teampreview\n|\n|t:|1699829566\n|start\n|switch|p1a: Garchomp|Garchomp, M|100\/100\n|switch|p2a: Sandy Shocks|Sandy Shocks|100\/100\n|turn|1\n|\n|t:|1699829569\n|switch|p1a: Rotom|Rotom-Wash|100\/100\n|-terastallize|p2a: Sandy Shocks|Ice\n|move|p2a: Sandy Shocks|Tera Blast|p1a: Rotom|[anim] Tera Blast Ice\n|-resisted|p1a: Rotom\n|-damage|p1a: Rotom|76\/100\n|\n|-heal|p1a: Rotom|82\/100|[from] item: Leftovers\n|upkeep\n|turn|2\n|\n|t:|1699829576\n|-end|p2a: Sandy Shocks|Protosynthesis|[silent]\n|switch|p2a: Clefable|Clefable, F|100\/100\n|move|p1a: Rotom|Volt Switch|p2a: Clefable\n|-damage|p2a: Clefable|78\/100\n|inactive|Battle timer is ON: inactive players will automatically lose when time's up. (requested by Slopandslimeher)\n|\n|t:|1699829582\n|switch|p1a: Gholdengo|Gholdengo|100\/100|[from] Volt Switch\n|-item|p1a: Gholdengo|Air Balloon\n|\n|-heal|p2a: Clefable|84\/100|[from] item: Leftovers\n|upkeep\n|turn|3\n|\n|t:|1699829588\n|switch|p2a: Samurott|Samurott-Hisui, M|100\/100\n|move|p1a: Gholdengo|Nasty Plot|p1a: Gholdengo\n|-boost|p1a: Gholdengo|spa|2\n|\n|upkeep\n|turn|4\n|\n|t:|1699829594\n|-terastallize|p1a: Gholdengo|Fighting\n|move|p1a: Gholdengo|Shadow Ball|p2a: Samurott\n|-resisted|p2a: Samurott\n|-damage|p2a: Samurott|72\/100\n|move|p2a: Samurott|Ceaseless Edge|p1a: Gholdengo\n|-resisted|p1a: Gholdengo\n|-damage|p1a: Gholdengo|79\/100\n|-enditem|p1a: Gholdengo|Air Balloon\n|-sidestart|p1: sumofsquares|Spikes\n|\n|upkeep\n|turn|5\n|\n|t:|1699829622\n|move|p1a: Gholdengo|Make It Rain|p2a: Samurott\n|-resisted|p2a: Samurott\n|-damage|p2a: Samurott|35\/100\n|-unboost|p1a: Gholdengo|spa|1\n|move|p2a: Samurott|Flip Turn|p1a: Gholdengo\n|-damage|p1a: Gholdengo|56\/100\n|\n|t:|1699829629\n|switch|p2a: Ogerpon|Ogerpon-Wellspring, F|100\/100|[from] Flip Turn\n|\n|upkeep\n|turn|6\n|\n|t:|1699829634\n|move|p2a: Ogerpon|Ivy Cudgel|p1a: Gholdengo\n|-crit|p1a: Gholdengo\n|-damage|p1a: Gholdengo|0 fnt\n|faint|p1a: Gholdengo\n|\n|upkeep\n|\n|t:|1699829638\n|switch|p1a: Rotom|Rotom-Wash|82\/100\n|turn|7\n|\n|t:|1699829652\n|switch|p2a: Clefable|Clefable, F|84\/100\n|move|p1a: Rotom|Will-O-Wisp|p2a: Clefable|[miss]\n|-miss|p1a: Rotom|p2a: Clefable\n|\n|-heal|p1a: Rotom|88\/100|[from] item: Leftovers\n|-heal|p2a: Clefable|90\/100|[from] item: Leftovers\n|upkeep\n|turn|8\n|\n|t:|1699829656\n|move|p1a: Rotom|Will-O-Wisp|p2a: Clefable\n|-status|p2a: Clefable|brn\n|move|p2a: Clefable|Wish|p2a: Clefable\n|\n|-heal|p1a: Rotom|94\/100|[from] item: Leftovers\n|-heal|p2a: Clefable|96\/100 brn|[from] item: Leftovers\n|upkeep\n|turn|9\n|\n|t:|1699829665\n|switch|p2a: Samurott|Samurott-Hisui, M|35\/100\n|move|p1a: Rotom|Volt Switch|p2a: Samurott\n|-supereffective|p2a: Samurott\n|-damage|p2a: Samurott|5\/100\n|\n|t:|1699829668\n|switch|p1a: Zapdos|Zapdos-Galar|100\/100|[from] Volt Switch\n|\n|-heal|p2a: Samurott|56\/100|[from] move: Wish|[wisher] Clefable\n|upkeep\n|turn|10\n|\n|t:|1699829674\n|switch|p2a: Corviknight|Corviknight, F, shiny|100\/100\n|-ability|p2a: Corviknight|Pressure\n|move|p1a: Zapdos|Substitute|p1a: Zapdos\n|-start|p1a: Zapdos|Substitute\n|-damage|p1a: Zapdos|76\/100\n|\n|-heal|p1a: Zapdos|82\/100|[from] item: Leftovers\n|upkeep\n|turn|11\n|\n|t:|1699829679\n|move|p1a: Zapdos|Thunderous Kick|p2a: Corviknight\n|-damage|p2a: Corviknight|72\/100\n|-unboost|p2a: Corviknight|def|1\n|-damage|p1a: Zapdos|65\/100|[from] item: Rocky Helmet|[of] p2a: Corviknight\n|move|p2a: Corviknight|Body Press|p1a: Zapdos\n|-resisted|p1a: Zapdos\n|-activate|p1a: Zapdos|move: Substitute|[damage]\n|\n|-heal|p1a: Zapdos|72\/100|[from] item: Leftovers\n|upkeep\n|turn|12\n|\n|t:|1699829686\n|move|p1a: Zapdos|Knock Off|p2a: Corviknight\n|-damage|p2a: Corviknight|45\/100\n|-damage|p1a: Zapdos|55\/100|[from] item: Rocky Helmet|[of] p2a: Corviknight\n|-enditem|p2a: Corviknight|Rocky Helmet|[from] move: Knock Off|[of] p1a: Zapdos\n|move|p2a: Corviknight|U-turn|p1a: Zapdos\n|-resisted|p1a: Zapdos\n|-activate|p1a: Zapdos|move: Substitute|[damage]\n|\n|t:|1699829697\n|switch|p2a: Sandy Shocks|Sandy Shocks, tera:Ice|100\/100|[from] U-turn\n|\n|-heal|p1a: Zapdos|61\/100|[from] item: Leftovers\n|upkeep\n|turn|13\n|\n|t:|1699829700\n|move|p2a: Sandy Shocks|Volt Switch|p1a: Zapdos\n|-supereffective|p1a: Zapdos\n|-end|p1a: Zapdos|Substitute\n|\n|t:|1699829705\n|-end|p2a: Sandy Shocks|Protosynthesis|[silent]\n|switch|p2a: Corviknight|Corviknight, F, shiny|45\/100|[from] Volt Switch\n|-ability|p2a: Corviknight|Pressure\n|move|p1a: Zapdos|Thunderous Kick|p2a: Corviknight\n|-damage|p2a: Corviknight|17\/100\n|-unboost|p2a: Corviknight|def|1\n|\n|-heal|p1a: Zapdos|67\/100|[from] item: Leftovers\n|upkeep\n|turn|14\n|\n|t:|1699829709\n|move|p1a: Zapdos|Substitute|p1a: Zapdos\n|-start|p1a: Zapdos|Substitute\n|-damage|p1a: Zapdos|43\/100\n|move|p2a: Corviknight|Roost|p2a: Corviknight\n|-heal|p2a: Corviknight|67\/100\n|-singleturn|p2a: Corviknight|move: Roost\n|\n|-heal|p1a: Zapdos|49\/100|[from] item: Leftovers\n|upkeep\n|turn|15\n|\n|t:|1699829721\n|switch|p2a: Forretress|Forretress, F|100\/100\n|move|p1a: Zapdos|Thunderous Kick|p2a: Forretress\n|-damage|p2a: Forretress|73\/100\n|-unboost|p2a: Forretress|def|1\n|\n|-heal|p1a: Zapdos|55\/100|[from] item: Leftovers\n|upkeep\n|turn|16\n|\n|t:|1699829726\n|move|p1a: Zapdos|Thunderous Kick|p2a: Forretress\n|-damage|p2a: Forretress|33\/100\n|-unboost|p2a: Forretress|def|1\n|move|p2a: Forretress|Volt Switch|p1a: Zapdos\n|-supereffective|p1a: Zapdos\n|-activate|p1a: Zapdos|move: Substitute|[damage]\n|\n|t:|1699829735\n|switch|p2a: Clefable|Clefable, F|96\/100 brn|[from] Volt Switch\n|\n|-heal|p1a: Zapdos|61\/100|[from] item: Leftovers\n|-heal|p2a: Clefable|100\/100 brn|[from] item: Leftovers\n|upkeep\n|turn|17\n|\n|t:|1699829737\n|move|p1a: Zapdos|Knock Off|p2a: Clefable\n|-resisted|p2a: Clefable\n|-damage|p2a: Clefable|89\/100 brn\n|-enditem|p2a: Clefable|Leftovers|[from] move: Knock Off|[of] p1a: Zapdos\n|move|p2a: Clefable|Moonblast|p1a: Zapdos\n|-supereffective|p1a: Zapdos\n|-end|p1a: Zapdos|Substitute\n|\n|-heal|p1a: Zapdos|67\/100|[from] item: Leftovers\n|upkeep\n|turn|18\n|\n|t:|1699829741\n|switch|p1a: Rotom|Rotom-Wash|94\/100\n|move|p2a: Clefable|Moonblast|p1a: Rotom\n|-damage|p1a: Rotom|67\/100\n|-unboost|p1a: Rotom|spa|1\n|\n|-heal|p1a: Rotom|73\/100|[from] item: Leftovers\n|upkeep\n|turn|19\n|\n|t:|1699829744\n|move|p1a: Rotom|Volt Switch|p2a: Clefable\n|-damage|p2a: Clefable|74\/100 brn\n|\n|t:|1699829747\n|switch|p1a: Garchomp|Garchomp, M|100\/100|[from] Volt Switch\n|-damage|p1a: Garchomp|88\/100|[from] Spikes\n|move|p2a: Clefable|Wish|p2a: Clefable\n|\n|upkeep\n|turn|20\n|\n|t:|1699829756\n|switch|p2a: Forretress|Forretress, F|33\/100\n|move|p1a: Garchomp|Swords Dance|p1a: Garchomp\n|-boost|p1a: Garchomp|atk|2\n|\n|-heal|p2a: Forretress|89\/100|[from] move: Wish|[wisher] Clefable\n|upkeep\n|turn|21\n|\n|t:|1699829768\n|switch|p2a: Clefable|Clefable, F|74\/100 brn\n|move|p1a: Garchomp|Stealth Rock|p2a: Clefable\n|-sidestart|p2: Slopandslimeher|move: Stealth Rock\n|\n|upkeep\n|turn|22\n|\n|t:|1699829772\n|move|p1a: Garchomp|Earthquake|p2a: Clefable\n|-damage|p2a: Clefable|0 fnt\n|faint|p2a: Clefable\n|-damage|p1a: Garchomp|78\/100|[from] item: Life Orb\n|\n|upkeep\n|\n|t:|1699829775\n|switch|p2a: Sandy Shocks|Sandy Shocks, tera:Ice|100\/100\n|-damage|p2a: Sandy Shocks|76\/100|[from] Stealth Rock\n|turn|23\n|\n|t:|1699829784\n|switch|p1a: Rotom|Rotom-Wash|73\/100\n|move|p2a: Sandy Shocks|Volt Switch|p1a: Rotom\n|-damage|p1a: Rotom|32\/100\n|\n|t:|1699829788\n|-end|p2a: Sandy Shocks|Protosynthesis|[silent]\n|switch|p2a: Ogerpon|Ogerpon-Wellspring, F|100\/100|[from] Volt Switch\n|-damage|p2a: Ogerpon|88\/100|[from] Stealth Rock\n|\n|-heal|p1a: Rotom|38\/100|[from] item: Leftovers\n|upkeep\n|turn|24\n|\n|t:|1699829790\n|move|p1a: Rotom|Protect|p1a: Rotom\n|-singleturn|p1a: Rotom|Protect\n|move|p2a: Ogerpon|Trailblaze|p1a: Rotom\n|-activate|p1a: Rotom|move: Protect\n|\n|-heal|p1a: Rotom|44\/100|[from] item: Leftovers\n|upkeep\n|turn|25\n|\n|t:|1699829796\n|move|p2a: Ogerpon|Trailblaze|p1a: Rotom\n|-supereffective|p1a: Rotom\n|-damage|p1a: Rotom|0 fnt\n|-boost|p2a: Ogerpon|spe|1\n|faint|p1a: Rotom\n|\n|upkeep\n|\n|t:|1699829798\n|switch|p1a: Iron Moth|Iron Moth|100\/100\n|-damage|p1a: Iron Moth|88\/100|[from] Spikes\n|-enditem|p1a: Iron Moth|Booster Energy\n|-activate|p1a: Iron Moth|ability: Quark Drive|[fromitem]\n|-start|p1a: Iron Moth|quarkdrivespe\n|turn|26\n|\n|t:|1699829802\n|move|p1a: Iron Moth|Sludge Wave|p2a: Ogerpon\n|-supereffective|p2a: Ogerpon\n|-damage|p2a: Ogerpon|0 fnt\n|faint|p2a: Ogerpon\n|\n|upkeep\n|\n|t:|1699829810\n|switch|p2a: Samurott|Samurott-Hisui, M|56\/100\n|-damage|p2a: Samurott|44\/100|[from] Stealth Rock\n|turn|27\n|\n|t:|1699829821\n|-end|p1a: Iron Moth|Quark Drive|[silent]\n|switch|p1a: Demon Cat|Meowscarada, M|100\/100\n|-damage|p1a: Demon Cat|88\/100|[from] Spikes\n|move|p2a: Samurott|Flip Turn|p1a: Demon Cat\n|-resisted|p1a: Demon Cat\n|-damage|p1a: Demon Cat|70\/100\n|\n|t:|1699829827\n|switch|p2a: Forretress|Forretress, F|89\/100|[from] Flip Turn\n|\n|upkeep\n|turn|28\n|\n|t:|1699829830\n|move|p1a: Demon Cat|Knock Off|p2a: Forretress\n|-damage|p2a: Forretress|63\/100\n|-enditem|p2a: Forretress|Heavy-Duty Boots|[from] move: Knock Off|[of] p1a: Demon Cat\n|move|p2a: Forretress|Rapid Spin|p1a: Demon Cat\n|-damage|p1a: Demon Cat|56\/100\n|-boost|p2a: Forretress|spe|1\n|-sideend|p2: Slopandslimeher|Stealth Rock|[from] move: Rapid Spin|[of] p2a: Forretress\n|\n|upkeep\n|turn|29\n|\n|t:|1699829838\n|move|p1a: Demon Cat|Low Kick|p2a: Forretress\n|-damage|p2a: Forretress|44\/100\n|move|p2a: Forretress|Stealth Rock|p1a: Demon Cat\n|-sidestart|p1: sumofsquares|move: Stealth Rock\n|\n|upkeep\n|turn|30\n|\n|t:|1699829844\n|switch|p1a: Iron Moth|Iron Moth|88\/100\n|-damage|p1a: Iron Moth|76\/100|[from] Spikes\n|-damage|p1a: Iron Moth|51\/100|[from] Stealth Rock\n|move|p2a: Forretress|Volt Switch|p1a: Iron Moth\n|-damage|p1a: Iron Moth|40\/100\n|\n|t:|1699829850\n|switch|p2a: Samurott|Samurott-Hisui, M|44\/100|[from] Volt Switch\n|\n|upkeep\n|turn|31\n|\n|t:|1699829861\n|move|p1a: Iron Moth|Dazzling Gleam|p2a: Samurott\n|-supereffective|p2a: Samurott\n|-damage|p2a: Samurott|11\/100\n|move|p2a: Samurott|Ceaseless Edge|p1a: Iron Moth\n|-damage|p1a: Iron Moth|0 fnt\n|-sidestart|p1: sumofsquares|Spikes\n|faint|p1a: Iron Moth\n|-end|p1a: Iron Moth|Quark Drive|[silent]\n|\n|upkeep\n|\n|t:|1699829876\n|switch|p1a: Garchomp|Garchomp, M|78\/100\n|-damage|p1a: Garchomp|62\/100|[from] Spikes\n|-damage|p1a: Garchomp|56\/100|[from] Stealth Rock\n|turn|32\n|\n|t:|1699829879\n|move|p2a: Samurott|Sucker Punch||[still]\n|-fail|p2a: Samurott\n|move|p1a: Garchomp|Stealth Rock|p2a: Samurott\n|-sidestart|p2: Slopandslimeher|move: Stealth Rock\n|\n|upkeep\n|turn|33\n|\n|t:|1699829890\n|move|p1a: Garchomp|Swords Dance|p1a: Garchomp\n|-boost|p1a: Garchomp|atk|2\n|move|p2a: Samurott|Ceaseless Edge|p1a: Garchomp\n|-damage|p1a: Garchomp|22\/100\n|-damage|p2a: Samurott|0 fnt|[from] ability: Rough Skin|[of] p1a: Garchomp\n|faint|p2a: Samurott\n|\n|upkeep\n|\n|t:|1699829897\n|switch|p2a: Corviknight|Corviknight, F, shiny|67\/100\n|-damage|p2a: Corviknight|55\/100|[from] Stealth Rock\n|-ability|p2a: Corviknight|Pressure\n|turn|34\n|\n|t:|1699829900\n|move|p1a: Garchomp|Outrage|p2a: Corviknight\n|-resisted|p2a: Corviknight\n|-damage|p2a: Corviknight|6\/100\n|-damage|p1a: Garchomp|12\/100|[from] item: Life Orb\n|move|p2a: Corviknight|Roost|p2a: Corviknight\n|-heal|p2a: Corviknight|56\/100\n|-singleturn|p2a: Corviknight|move: Roost\n|\n|upkeep\n|turn|35\n|\n|t:|1699829906\n|move|p1a: Garchomp|Outrage|p2a: Corviknight|[from]lockedmove\n|-resisted|p2a: Corviknight\n|-damage|p2a: Corviknight|9\/100\n|-damage|p1a: Garchomp|2\/100|[from] item: Life Orb\n|move|p2a: Corviknight|Roost|p2a: Corviknight\n|-heal|p2a: Corviknight|59\/100\n|-singleturn|p2a: Corviknight|move: Roost\n|\n|upkeep\n|turn|36\n|\n|t:|1699829909\n|move|p1a: Garchomp|Outrage|p2a: Corviknight|[from]lockedmove\n|-resisted|p2a: Corviknight\n|-damage|p2a: Corviknight|9\/100\n|-damage|p1a: Garchomp|0 fnt|[from] item: Life Orb\n|faint|p1a: Garchomp\n|move|p2a: Corviknight|Roost|p2a: Corviknight\n|-heal|p2a: Corviknight|59\/100\n|-singleturn|p2a: Corviknight|move: Roost\n|\n|upkeep\n|\n|t:|1699829914\n|switch|p1a: Zapdos|Zapdos-Galar|67\/100\n|-damage|p1a: Zapdos|55\/100|[from] Stealth Rock\n|turn|37\n|\n|t:|1699829923\n|move|p1a: Zapdos|Substitute|p1a: Zapdos\n|-start|p1a: Zapdos|Substitute\n|-damage|p1a: Zapdos|30\/100\n|move|p2a: Corviknight|Body Press|p1a: Zapdos\n|-resisted|p1a: Zapdos\n|-activate|p1a: Zapdos|move: Substitute|[damage]\n|\n|-heal|p1a: Zapdos|36\/100|[from] item: Leftovers\n|upkeep\n|turn|38\n|\n|t:|1699829931\n|move|p1a: Zapdos|Thunderous Kick|p2a: Corviknight\n|-damage|p2a: Corviknight|31\/100\n|-unboost|p2a: Corviknight|def|1\n|move|p2a: Corviknight|Body Press|p1a: Zapdos\n|-resisted|p1a: Zapdos\n|-end|p1a: Zapdos|Substitute\n|\n|-heal|p1a: Zapdos|43\/100|[from] item: Leftovers\n|upkeep\n|turn|39\n|\n|t:|1699829938\n|move|p1a: Zapdos|Substitute|p1a: Zapdos\n|-start|p1a: Zapdos|Substitute\n|-damage|p1a: Zapdos|18\/100\n|move|p2a: Corviknight|Body Press|p1a: Zapdos\n|-resisted|p1a: Zapdos\n|-activate|p1a: Zapdos|move: Substitute|[damage]\n|\n|-heal|p1a: Zapdos|24\/100|[from] item: Leftovers\n|upkeep\n|turn|40\n|\n|t:|1699829944\n|move|p1a: Zapdos|Thunderous Kick|p2a: Corviknight\n|-damage|p2a: Corviknight|0 fnt\n|faint|p2a: Corviknight\n|\n|-heal|p1a: Zapdos|30\/100|[from] item: Leftovers\n|upkeep\n|\n|t:|1699829949\n|switch|p2a: Sandy Shocks|Sandy Shocks, tera:Ice|76\/100\n|-damage|p2a: Sandy Shocks|51\/100|[from] Stealth Rock\n|turn|41\n|\n|t:|1699829965\n|move|p2a: Sandy Shocks|Volt Switch|p1a: Zapdos\n|-supereffective|p1a: Zapdos\n|-end|p1a: Zapdos|Substitute\n|\n|t:|1699829967\n|-end|p2a: Sandy Shocks|Protosynthesis|[silent]\n|switch|p2a: Forretress|Forretress, F|44\/100|[from] Volt Switch\n|-damage|p2a: Forretress|32\/100|[from] Stealth Rock\n|move|p1a: Zapdos|Substitute|p1a: Zapdos\n|-start|p1a: Zapdos|Substitute\n|-damage|p1a: Zapdos|5\/100\n|\n|-heal|p1a: Zapdos|11\/100|[from] item: Leftovers\n|upkeep\n|turn|42\n|\n|t:|1699829972\n|move|p1a: Zapdos|Thunderous Kick|p2a: Forretress\n|-damage|p2a: Forretress|6\/100\n|-unboost|p2a: Forretress|def|1\n|move|p2a: Forretress|Rapid Spin|p1a: Zapdos\n|-activate|p1a: Zapdos|move: Substitute|[damage]\n|-sideend|p2: Slopandslimeher|Stealth Rock|[from] move: Rapid Spin|[of] p2a: Forretress\n|-boost|p2a: Forretress|spe|1\n|\n|-heal|p1a: Zapdos|18\/100|[from] item: Leftovers\n|upkeep\n|turn|43\n|-message|Slopandslimeher forfeited.\n|\n|win|sumofsquares\n|raw|sumofsquares's rating: 1492 &rarr; <strong>1511<\/strong><br \/>(+19 for winning)\n|raw|Slopandslimeher's rating: 1480 &rarr; <strong>1461<\/strong><br \/>(-19 for losing)\n|l|\u2606Slopandslimeher\n","uploadtime":1699830011,"views":9,"p1id":"sumofsquares","p2id":"slopandslimeher","formatid":"gen9ou","rating":1461,"private":0,"password":""}