{"id":"gen9ou-1999824415","p1":"iMysticLeafeon","p2":"chalk_prinze","format":"[Gen 9] OU","log":"|j|\u2606iMysticLeafeon\n|j|\u2606chalk_prinze\n|inactive|Battle timer is ON: inactive players will automatically lose when time's up.\n|t:|1701120136\n|gametype|singles\n|player|p1|iMysticLeafeon|kieran-festival|\n|player|p2|chalk_prinze|psychic-gen4|\n|teamsize|p1|6\n|teamsize|p2|6\n|gen|9\n|tier|[Gen 9] OU\n|rated|Tournament battle\n|rule|Sleep Clause Mod: Limit one foe put to sleep\n|rule|Species Clause: Limit one of each Pok\u00e9mon\n|rule|OHKO Clause: OHKO moves are banned\n|rule|Evasion Items Clause: Evasion items are banned\n|rule|Evasion Moves Clause: Evasion moves are banned\n|rule|Endless Battle Clause: Forcing endless battles is banned\n|rule|HP Percentage Mod: HP is shown in percentages\n|clearpoke\n|poke|p1|Koraidon|\n|poke|p1|Great Tusk|\n|poke|p1|Greninja-*, F|\n|poke|p1|Gholdengo|\n|poke|p1|Walking Wake|\n|poke|p1|Lilligant-Hisui, F|\n|poke|p2|Rillaboom, M|\n|poke|p2|Cinderace, F|\n|poke|p2|Ogerpon-Cornerstone, F|\n|poke|p2|Kingambit, F|\n|poke|p2|Great Tusk|\n|poke|p2|Iron Valiant|\n|teampreview\n|j|*Lady Monita \u2746\n|inactive|iMysticLeafeon also wants the timer to be on.\n|\n|t:|1701120146\n|start\n|switch|p1a: Greninja|Greninja, F|100\/100\n|switch|p2a: Great Tusk|Great Tusk|100\/100\n|turn|1\n|\n|t:|1701120160\n|-end|p2a: Great Tusk|Protosynthesis|[silent]\n|switch|p2a: Rillaboom|Rillaboom, M|100\/100\n|-fieldstart|move: Grassy Terrain|[from] ability: Grassy Surge|[of] p2a: Rillaboom\n|move|p1a: Greninja|Hydro Pump|p2a: Rillaboom\n|-start|p1a: Greninja|typechange|Water|[from] ability: Protean\n|-resisted|p2a: Rillaboom\n|-damage|p2a: Rillaboom|73\/100\n|\n|-heal|p2a: Rillaboom|79\/100|[from] Grassy Terrain\n|upkeep\n|turn|2\n|\n|t:|1701120179\n|switch|p1a: Lilligant|Lilligant-Hisui, F|100\/100\n|move|p2a: Rillaboom|Knock Off|p1a: Lilligant\n|-resisted|p1a: Lilligant\n|-damage|p1a: Lilligant|56\/100\n|-enditem|p1a: Lilligant|Life Orb|[from] move: Knock Off|[of] p2a: Rillaboom\n|\n|-heal|p1a: Lilligant|62\/100|[from] Grassy Terrain\n|-heal|p2a: Rillaboom|85\/100|[from] Grassy Terrain\n|upkeep\n|turn|3\n|\n|t:|1701120202\n|switch|p2a: Iron Valiant|Iron Valiant|100\/100\n|-enditem|p2a: Iron Valiant|Booster Energy\n|-activate|p2a: Iron Valiant|ability: Quark Drive|[fromitem]\n|-start|p2a: Iron Valiant|quarkdrivespe\n|move|p1a: Lilligant|Victory Dance|p1a: Lilligant\n|-boost|p1a: Lilligant|atk|1\n|-boost|p1a: Lilligant|def|1\n|-boost|p1a: Lilligant|spe|1\n|\n|-heal|p1a: Lilligant|68\/100|[from] Grassy Terrain\n|upkeep\n|turn|4\n|\n|t:|1701120224\n|switch|p1a: Gholdengo|Gholdengo|100\/100\n|-item|p1a: Gholdengo|Air Balloon\n|move|p2a: Iron Valiant|Encore|p1a: Gholdengo\n|-immune|p1a: Gholdengo|[from] ability: Good as Gold\n|\n|upkeep\n|turn|5\n|inactive|chalk_prinze has 120 seconds left.\n|inactive|iMysticLeafeon has 120 seconds left.\n|\n|t:|1701120246\n|move|p2a: Iron Valiant|Calm Mind|p2a: Iron Valiant\n|-boost|p2a: Iron Valiant|spa|1\n|-boost|p2a: Iron Valiant|spd|1\n|move|p1a: Gholdengo|Make It Rain|p2a: Iron Valiant\n|-supereffective|p2a: Iron Valiant\n|-damage|p2a: Iron Valiant|0 fnt\n|-unboost|p1a: Gholdengo|spa|1\n|faint|p2a: Iron Valiant\n|-end|p2a: Iron Valiant|Quark Drive|[silent]\n|\n|-fieldend|move: Grassy Terrain\n|upkeep\n|inactive|chalk_prinze has 120 seconds left.\n|\n|t:|1701120253\n|switch|p2a: Cinderace|Cinderace, F|100\/100\n|turn|6\n|\n|t:|1701120257\n|switch|p1a: Koraidon|Koraidon|100\/100\n|-weather|SunnyDay|[from] ability: Orichalcum Pulse|[of] p1a: Koraidon\n|-activate|p1a: Koraidon|Orichalcum Pulse|[source]\n|move|p2a: Cinderace|Pyro Ball|p1a: Koraidon\n|-resisted|p1a: Koraidon\n|-damage|p1a: Koraidon|66\/100\n|\n|-weather|SunnyDay|[upkeep]\n|upkeep\n|turn|7\n|\n|t:|1701120275\n|move|p1a: Koraidon|Collision Course|p2a: Cinderace\n|-damage|p2a: Cinderace|0 fnt\n|faint|p2a: Cinderace\n|\n|-weather|SunnyDay|[upkeep]\n|upkeep\n|\n|t:|1701120284\n|switch|p2a: Great Tusk|Great Tusk|100\/100\n|-activate|p2a: Great Tusk|ability: Protosynthesis\n|-start|p2a: Great Tusk|protosynthesisspe\n|turn|8\n|\n|t:|1701120296\n|switch|p1a: Walking Wake|Walking Wake|100\/100\n|-activate|p1a: Walking Wake|ability: Protosynthesis\n|-start|p1a: Walking Wake|protosynthesisspe\n|move|p2a: Great Tusk|Earthquake|p1a: Walking Wake\n|-damage|p1a: Walking Wake|50\/100\n|\n|-weather|SunnyDay|[upkeep]\n|upkeep\n|turn|9\n|\n|t:|1701120306\n|-terastallize|p2a: Great Tusk|Dragon\n|move|p1a: Walking Wake|Hydro Steam|p2a: Great Tusk\n|-resisted|p2a: Great Tusk\n|-damage|p2a: Great Tusk|42\/100\n|move|p2a: Great Tusk|Earthquake|p1a: Walking Wake\n|-damage|p1a: Walking Wake|5\/100\n|\n|-weather|SunnyDay|[upkeep]\n|upkeep\n|turn|10\n|\n|t:|1701120317\n|move|p1a: Walking Wake|Hydro Steam|p2a: Great Tusk\n|-resisted|p2a: Great Tusk\n|-damage|p2a: Great Tusk|0 fnt\n|faint|p2a: Great Tusk\n|-end|p2a: Great Tusk|Protosynthesis|[silent]\n|\n|-weather|none\n|-end|p1a: Walking Wake|Protosynthesis\n|upkeep\n|\n|t:|1701120320\n|switch|p2a: Rillaboom|Rillaboom, M|85\/100\n|-fieldstart|move: Grassy Terrain|[from] ability: Grassy Surge|[of] p2a: Rillaboom\n|turn|11\n|\n|t:|1701120335\n|-end|p1a: Walking Wake|Protosynthesis|[silent]\n|switch|p1a: Koraidon|Koraidon|66\/100\n|-weather|SunnyDay|[from] ability: Orichalcum Pulse|[of] p1a: Koraidon\n|-activate|p1a: Koraidon|Orichalcum Pulse|[source]\n|move|p2a: Rillaboom|U-turn|p1a: Koraidon\n|-resisted|p1a: Koraidon\n|-damage|p1a: Koraidon|49\/100\n|\n|t:|1701120351\n|switch|p2a: Kingambit|Kingambit, F|100\/100|[from] U-turn\n|-activate|p2a: Kingambit|ability: Supreme Overlord\n|-start|p2a: Kingambit|fallen3|[silent]\n|-item|p2a: Kingambit|Air Balloon\n|\n|-weather|SunnyDay|[upkeep]\n|-heal|p1a: Koraidon|55\/100|[from] Grassy Terrain\n|upkeep\n|turn|12\n|\n|t:|1701120356\n|move|p2a: Kingambit|Sucker Punch|p1a: Koraidon\n|-resisted|p1a: Koraidon\n|-damage|p1a: Koraidon|30\/100\n|move|p1a: Koraidon|Collision Course|p2a: Kingambit\n|-supereffective|p2a: Kingambit\n|-damage|p2a: Kingambit|0 fnt\n|-enditem|p2a: Kingambit|Air Balloon\n|faint|p2a: Kingambit\n|-end|p2a: Kingambit|fallen3|[silent]\n|\n|-weather|SunnyDay|[upkeep]\n|-heal|p1a: Koraidon|37\/100|[from] Grassy Terrain\n|upkeep\n|\n|t:|1701120360\n|switch|p2a: Rillaboom|Rillaboom, M|85\/100\n|turn|13\n|\n|t:|1701120362\n|move|p2a: Rillaboom|Grassy Glide|p1a: Koraidon\n|-resisted|p1a: Koraidon\n|-damage|p1a: Koraidon|10\/100\n|move|p1a: Koraidon|Collision Course|p2a: Rillaboom\n|-damage|p2a: Rillaboom|0 fnt\n|faint|p2a: Rillaboom\n|\n|-weather|SunnyDay|[upkeep]\n|-heal|p1a: Koraidon|16\/100|[from] Grassy Terrain\n|upkeep\n|\n|t:|1701120366\n|switch|p2a: Ogerpon|Ogerpon-Cornerstone, F|100\/100\n|turn|14\n|\n|t:|1701120371\n|move|p1a: Koraidon|Collision Course|p2a: Ogerpon\n|-supereffective|p2a: Ogerpon\n|-ability|p2a: Ogerpon|Sturdy\n|-damage|p2a: Ogerpon|1\/100\n|move|p2a: Ogerpon|Ivy Cudgel|p1a: Koraidon|[anim] Ivy Cudgel Rock\n|-resisted|p1a: Koraidon\n|-damage|p1a: Koraidon|0 fnt\n|faint|p1a: Koraidon\n|\n|-weather|SunnyDay|[upkeep]\n|-heal|p2a: Ogerpon|7\/100|[from] Grassy Terrain\n|upkeep\n|-message|chalk_prinze forfeited.\n|\n|win|iMysticLeafeon\n|n|\u2606iMysticLeafeon|imysticleafeon\n|n|\u2606chalk_prinze|chalkprinze\n|n|*Lady Monita \u2746|ladymonita\n","uploadtime":1701120377,"views":2,"p1id":"imysticleafeon","p2id":"chalkprinze","formatid":"gen9ou","rating":0,"private":0,"password":""}