{"id":"gen9ou-1990012121","p1":"mathismathin","p2":"Aggron","format":"[Gen 9] OU","log":"|j|\u2606mathismathin\n|j|\u2606Aggron\n|t:|1699915256\n|gametype|singles\n|player|p1|mathismathin|nate|1808\n|player|p2|Aggron|pokefan-gen4|1812\n|teamsize|p1|6\n|teamsize|p2|6\n|gen|9\n|tier|[Gen 9] OU\n|rated|\n|rule|Sleep Clause Mod: Limit one foe put to sleep\n|rule|Species Clause: Limit one of each Pok\u00e9mon\n|rule|OHKO Clause: OHKO moves are banned\n|rule|Evasion Items Clause: Evasion items are banned\n|rule|Evasion Moves Clause: Evasion moves are banned\n|rule|Endless Battle Clause: Forcing endless battles is banned\n|rule|HP Percentage Mod: HP is shown in percentages\n|clearpoke\n|poke|p1|Mabosstiff, M|\n|poke|p1|Tyranitar, M|\n|poke|p1|Cinderace, F|\n|poke|p1|Chesnaught, F|\n|poke|p1|Clawitzer, F|\n|poke|p1|Gardevoir, M|\n|poke|p2|Sinistcha-Masterpiece|\n|poke|p2|Tyranitar, F|\n|poke|p2|Heatran, F|\n|poke|p2|Rillaboom, F|\n|poke|p2|Sneasler, F|\n|poke|p2|Samurott-Hisui, M|\n|teampreview\n|inactive|Battle timer is ON: inactive players will automatically lose when time's up. (requested by Aggron)\n|\n|t:|1699915263\n|start\n|switch|p1a: Cinderace|Cinderace, F|100\/100\n|switch|p2a: Sneasler|Sneasler, F|100\/100\n|turn|1\n|\n|t:|1699915275\n|switch|p1a: Gardevoir|Gardevoir, M|100\/100\n|-ability|p1a: Gardevoir|Poison Touch|[from] ability: Trace|[of] p2a: Sneasler\n|move|p2a: Sneasler|Fake Out|p1a: Gardevoir\n|-damage|p1a: Gardevoir|76\/100\n|-status|p1a: Gardevoir|psn|[from] ability: Poison Touch|[of] p2a: Sneasler\n|\n|-damage|p1a: Gardevoir|64\/100 psn|[from] psn\n|upkeep\n|turn|2\n|j| BoShmoover\n|j| amartin96\n|\n|t:|1699915291\n|switch|p2a: Heatran|Heatran, F|100\/100\n|-item|p2a: Heatran|Air Balloon\n|move|p1a: Gardevoir|Psyshock|p2a: Heatran\n|-resisted|p2a: Heatran\n|-damage|p2a: Heatran|81\/100\n|-enditem|p2a: Heatran|Air Balloon\n|\n|-damage|p1a: Gardevoir|51\/100 psn|[from] psn\n|upkeep\n|turn|3\n|j| Joltments\n|\n|t:|1699915301\n|switch|p1a: Clawitzer|Clawitzer, F|100\/100\n|move|p2a: Heatran|Earth Power|p1a: Clawitzer\n|-damage|p1a: Clawitzer|64\/100\n|-unboost|p1a: Clawitzer|spd|1\n|\n|upkeep\n|turn|4\n|\n|t:|1699915307\n|switch|p2a: Rillaboom|Rillaboom, F|100\/100\n|-fieldstart|move: Grassy Terrain|[from] ability: Grassy Surge|[of] p2a: Rillaboom\n|move|p1a: Clawitzer|Aura Sphere|p2a: Rillaboom\n|-damage|p2a: Rillaboom|15\/100\n|\n|-heal|p2a: Rillaboom|21\/100|[from] Grassy Terrain\n|-heal|p1a: Clawitzer|70\/100|[from] Grassy Terrain\n|upkeep\n|turn|5\n|\n|t:|1699915318\n|switch|p2a: Sneasler|Sneasler, F|100\/100\n|switch|p1a: Chesnaught|Chesnaught, F|100\/100\n|\n|upkeep\n|turn|6\n|\n|t:|1699915321\n|move|p2a: Sneasler|Dire Claw|p1a: Chesnaught\n|-supereffective|p1a: Chesnaught\n|-damage|p1a: Chesnaught|50\/100\n|-status|p1a: Chesnaught|psn|[from] ability: Poison Touch|[of] p2a: Sneasler\n|move|p1a: Chesnaught|Iron Defense|p1a: Chesnaught\n|-boost|p1a: Chesnaught|def|2\n|\n|-heal|p1a: Chesnaught|56\/100 psn|[from] Grassy Terrain\n|-damage|p1a: Chesnaught|44\/100 psn|[from] psn\n|upkeep\n|turn|7\n|\n|t:|1699915326\n|move|p2a: Sneasler|U-turn|p1a: Chesnaught\n|-damage|p1a: Chesnaught|36\/100 psn\n|\n|t:|1699915329\n|switch|p2a: Sinistcha|Sinistcha-Masterpiece|100\/100|[from] U-turn\n|move|p1a: Chesnaught|Synthesis|p1a: Chesnaught\n|-heal|p1a: Chesnaught|86\/100 psn\n|\n|-heal|p1a: Chesnaught|92\/100 psn|[from] Grassy Terrain\n|-damage|p1a: Chesnaught|80\/100 psn|[from] psn\n|upkeep\n|turn|8\n|j| RetroDude42YT\n|\n|t:|1699915339\n|move|p2a: Sinistcha|Calm Mind|p2a: Sinistcha\n|-boost|p2a: Sinistcha|spa|1\n|-boost|p2a: Sinistcha|spd|1\n|move|p1a: Chesnaught|Spikes|p2a: Sinistcha\n|-sidestart|p2: Aggron|Spikes\n|\n|-heal|p1a: Chesnaught|86\/100 psn|[from] Grassy Terrain\n|-damage|p1a: Chesnaught|74\/100 psn|[from] psn\n|-fieldend|move: Grassy Terrain\n|upkeep\n|turn|9\n|\n|t:|1699915343\n|switch|p1a: Clawitzer|Clawitzer, F|70\/100\n|move|p2a: Sinistcha|Calm Mind|p2a: Sinistcha\n|-boost|p2a: Sinistcha|spa|1\n|-boost|p2a: Sinistcha|spd|1\n|\n|upkeep\n|turn|10\n|\n|t:|1699915348\n|move|p1a: Clawitzer|Dark Pulse|p2a: Sinistcha\n|-supereffective|p2a: Sinistcha\n|-damage|p2a: Sinistcha|25\/100\n|move|p2a: Sinistcha|Matcha Gotcha|p1a: Clawitzer\n|-supereffective|p1a: Clawitzer\n|-damage|p1a: Clawitzer|0 fnt\n|-heal|p2a: Sinistcha|55\/100|[from] drain|[of] p1a: Clawitzer\n|faint|p1a: Clawitzer\n|\n|upkeep\n|\n|t:|1699915351\n|switch|p1a: Mabosstiff|Mabosstiff, M|100\/100\n|turn|11\n|\n|t:|1699915359\n|-terastallize|p2a: Sinistcha|Poison\n|move|p1a: Mabosstiff|Crunch|p2a: Sinistcha\n|-damage|p2a: Sinistcha|11\/100\n|move|p2a: Sinistcha|Strength Sap|p1a: Mabosstiff\n|-unboost|p1a: Mabosstiff|atk|1\n|-heal|p2a: Sinistcha|100\/100\n|\n|upkeep\n|turn|12\n|\n|t:|1699915368\n|switch|p1a: Cinderace|Cinderace, F|100\/100\n|move|p2a: Sinistcha|Matcha Gotcha|p1a: Cinderace\n|-resisted|p1a: Cinderace\n|-damage|p1a: Cinderace|55\/100\n|\n|upkeep\n|turn|13\n|\n|t:|1699915371\n|move|p1a: Cinderace|Pyro Ball|p2a: Sinistcha\n|-damage|p2a: Sinistcha|72\/100\n|move|p2a: Sinistcha|Shadow Ball|p1a: Cinderace\n|-damage|p1a: Cinderace|0 fnt\n|faint|p1a: Cinderace\n|\n|upkeep\n|\n|t:|1699915374\n|switch|p1a: Gardevoir|Gardevoir, M|51\/100 psn\n|-ability|p1a: Gardevoir|Heatproof|[from] ability: Trace|[of] p2a: Sinistcha\n|turn|14\n|\n|t:|1699915381\n|switch|p2a: Samurott|Samurott-Hisui, M|100\/100\n|move|p1a: Gardevoir|Psyshock|p2a: Samurott\n|-immune|p2a: Samurott\n|\n|-damage|p1a: Gardevoir|39\/100 psn|[from] psn\n|upkeep\n|turn|15\n|j| lgang007\n|\n|t:|1699915383\n|switch|p1a: Chesnaught|Chesnaught, F|74\/100 psn\n|move|p2a: Samurott|Ceaseless Edge|p1a: Chesnaught\n|-resisted|p1a: Chesnaught\n|-damage|p1a: Chesnaught|60\/100 psn\n|-damage|p2a: Samurott|84\/100|[from] item: Rocky Helmet|[of] p1a: Chesnaught\n|-sidestart|p1: mathismathin|Spikes\n|\n|-damage|p1a: Chesnaught|48\/100 psn|[from] psn\n|upkeep\n|turn|16\n|j| plsheeeeeee\n|\n|t:|1699915392\n|switch|p1a: Tyranitar|Tyranitar, M|100\/100\n|-weather|Sandstorm|[from] ability: Sand Stream|[of] p1a: Tyranitar\n|-item|p1a: Tyranitar|Air Balloon\n|move|p2a: Samurott|Ceaseless Edge|p1a: Tyranitar\n|-resisted|p1a: Tyranitar\n|-damage|p1a: Tyranitar|81\/100\n|-enditem|p1a: Tyranitar|Air Balloon\n|-sidestart|p1: mathismathin|Spikes\n|\n|-weather|Sandstorm|[upkeep]\n|-damage|p2a: Samurott|78\/100|[from] Sandstorm\n|upkeep\n|turn|17\n|c|\u2606mathismathin|gg\n|-message|mathismathin forfeited.\n|\n|win|Aggron\n|raw|mathismathin's rating: 1808 &rarr; <strong>1788<\/strong><br \/>(-20 for losing)\n|raw|Aggron's rating: 1812 &rarr; <strong>1832<\/strong><br \/>(+20 for winning)\n|l|\u2606mathismathin\n|c|\u2606Aggron|Gg\n|l| plsheeeeeee\n","uploadtime":1699915401,"views":13,"p1id":"mathismathin","p2id":"aggron","formatid":"gen9ou","rating":1788,"private":0,"password":""}