{"id":"gen9ou-1996686107","p1":"matLord540","p2":"Seath511","format":"[Gen 9] OU","log":"|j|\u2606matLord540\n|j|\u2606Seath511\n|t:|1700709623\n|gametype|singles\n|player|p1|matLord540|101|1177\n|player|p2|Seath511|101|1111\n|teamsize|p1|6\n|teamsize|p2|6\n|gen|9\n|tier|[Gen 9] OU\n|rated|\n|rule|Sleep Clause Mod: Limit one foe put to sleep\n|rule|Species Clause: Limit one of each Pok\u00e9mon\n|rule|OHKO Clause: OHKO moves are banned\n|rule|Evasion Items Clause: Evasion items are banned\n|rule|Evasion Moves Clause: Evasion moves are banned\n|rule|Endless Battle Clause: Forcing endless battles is banned\n|rule|HP Percentage Mod: HP is shown in percentages\n|clearpoke\n|poke|p1|Alomomola, M|\n|poke|p1|Slowking-Galar, F|\n|poke|p1|Landorus-Therian, M|\n|poke|p1|Cinderace, F|\n|poke|p1|Iron Valiant|\n|poke|p1|Dragapult, M|\n|poke|p2|Shroodle, M|\n|poke|p2|Lycanroc, F|\n|poke|p2|Tyranitar, M|\n|poke|p2|Gholdengo|\n|poke|p2|Quaquaval, F|\n|poke|p2|Amoonguss, M|\n|teampreview\n|\n|t:|1700709670\n|start\n|switch|p1a: Landorus|Landorus-Therian, M|100\/100\n|switch|p2a: Shroodle|Shroodle, M|100\/100\n|-ability|p1a: Landorus|Intimidate|boost\n|-unboost|p2a: Shroodle|atk|1\n|turn|1\n|c|\u2606Seath511|after this match can you send me your team? a lot of the mons look similar to what my buddy got in his draft leauge and id like to train against em more\n|\n|t:|1700709706\n|move|p2a: Shroodle|Parting Shot|p1a: Landorus\n|-unboost|p1a: Landorus|atk|1\n|-unboost|p1a: Landorus|spa|1\n|\n|t:|1700709709\n|switch|p2a: Amoonguss|Amoonguss, M|100\/100|[from] Parting Shot\n|move|p1a: Landorus|Taunt|p2a: Amoonguss\n|-start|p2a: Amoonguss|move: Taunt\n|\n|upkeep\n|turn|2\n|c|\u2606matLord540|Ya I just threw this tg tho si it may be ass\n|inactive|Battle timer is ON: inactive players will automatically lose when time's up. (requested by matLord540)\n|c|\u2606Seath511|lol sounds good\n|\n|t:|1700709746\n|switch|p1a: Slowking|Slowking-Galar, F|100\/100\n|move|p2a: Amoonguss|Giga Drain|p1a: Slowking\n|-resisted|p1a: Slowking\n|-damage|p1a: Slowking|94\/100\n|\n|-heal|p1a: Slowking|99\/100|[from] item: Black Sludge\n|upkeep\n|turn|3\n|\n|t:|1700709764\n|switch|p2a: Gholdengo|Gholdengo|100\/100\n|move|p1a: Slowking|Future Sight|p2a: Gholdengo\n|-start|p1a: Slowking|move: Future Sight\n|\n|-heal|p1a: Slowking|100\/100|[from] item: Black Sludge\n|upkeep\n|turn|4\n|\n|t:|1700709778\n|move|p2a: Gholdengo|Thunder Wave|p1a: Slowking\n|-status|p1a: Slowking|par\n|move|p1a: Slowking|Chilly Reception|p1a: Slowking\n|-weather|Snow\n|\n|t:|1700709793\n|switch|p1a: Landorus|Landorus-Therian, M|100\/100|[from] Chilly Reception\n|-ability|p1a: Landorus|Intimidate|boost\n|-unboost|p2a: Gholdengo|atk|1\n|\n|-weather|Snow|[upkeep]\n|upkeep\n|turn|5\n|\n|t:|1700709811\n|switch|p2a: Amoonguss|Amoonguss, M|100\/100\n|move|p1a: Landorus|Earthquake|p2a: Amoonguss\n|-damage|p2a: Amoonguss|66\/100\n|\n|-weather|Snow|[upkeep]\n|-end|p2a: Amoonguss|move: Future Sight\n|-supereffective|p2a: Amoonguss\n|-damage|p2a: Amoonguss|0 fnt\n|faint|p2a: Amoonguss\n|upkeep\n|c|\u2606Seath511|im so smooth brain\n|inactive|Seath511 has 120 seconds left.\n|c|\u2606Seath511|Forgetting about future sight immediatly lol\n|\n|t:|1700709841\n|switch|p2a: Tyranitar|Tyranitar, M|100\/100\n|-weather|Sandstorm|[from] ability: Sand Stream|[of] p2a: Tyranitar\n|turn|6\n|inactive|Seath511 has 120 seconds left.\n|c|\u2606matLord540|Tbh I forget ab it myself lol\n|\n|t:|1700709864\n|move|p2a: Tyranitar|Stone Edge|p1a: Landorus\n|-crit|p1a: Landorus\n|-damage|p1a: Landorus|48\/100\n|move|p1a: Landorus|Taunt|p2a: Tyranitar\n|-start|p2a: Tyranitar|move: Taunt\n|\n|-weather|Sandstorm|[upkeep]\n|upkeep\n|turn|7\n|inactive|Seath511 has 120 seconds left.\n|c|\u2606Seath511|holy shit ur fat\n|\n|t:|1700709883\n|switch|p1a: Alomomola|Alomomola, M|100\/100\n|move|p2a: Tyranitar|Stone Edge|p1a: Alomomola\n|-damage|p1a: Alomomola|71\/100\n|\n|-weather|Sandstorm|[upkeep]\n|-damage|p1a: Alomomola|64\/100|[from] Sandstorm\n|-heal|p1a: Alomomola|71\/100|[from] item: Leftovers\n|upkeep\n|turn|8\n|\n|t:|1700709900\n|switch|p2a: Gholdengo|Gholdengo|100\/100\n|move|p1a: Alomomola|Chilling Water|p2a: Gholdengo\n|-damage|p2a: Gholdengo|92\/100\n|-unboost|p2a: Gholdengo|atk|1\n|\n|-weather|Sandstorm|[upkeep]\n|-damage|p1a: Alomomola|64\/100|[from] Sandstorm\n|-heal|p2a: Gholdengo|98\/100|[from] item: Leftovers\n|-heal|p1a: Alomomola|71\/100|[from] item: Leftovers\n|upkeep\n|turn|9\n|\n|t:|1700709914\n|switch|p1a: Slowking|Slowking-Galar, F|100\/100 par\n|move|p2a: Gholdengo|Nasty Plot|p2a: Gholdengo\n|-boost|p2a: Gholdengo|spa|2\n|\n|-weather|Sandstorm|[upkeep]\n|-damage|p1a: Slowking|94\/100 par|[from] Sandstorm\n|-heal|p2a: Gholdengo|100\/100|[from] item: Leftovers\n|-heal|p1a: Slowking|100\/100 par|[from] item: Black Sludge\n|upkeep\n|turn|10\n|\n|t:|1700709928\n|move|p2a: Gholdengo|Hex|p1a: Slowking\n|-supereffective|p1a: Slowking\n|-damage|p1a: Slowking|0 fnt\n|faint|p1a: Slowking\n|\n|-weather|none\n|upkeep\n|inactive|matLord540 has 120 seconds left.\n|\n|t:|1700709947\n|switch|p1a: Dragapult|Dragapult, M|100\/100\n|turn|11\n|inactive|Seath511 has 120 seconds left.\n|\n|t:|1700709957\n|move|p1a: Dragapult|Hex|p2a: Gholdengo\n|-supereffective|p2a: Gholdengo\n|-damage|p2a: Gholdengo|24\/100\n|move|p2a: Gholdengo|Hex|p1a: Dragapult\n|-supereffective|p1a: Dragapult\n|-damage|p1a: Dragapult|0 fnt\n|faint|p1a: Dragapult\n|\n|-heal|p2a: Gholdengo|30\/100|[from] item: Leftovers\n|upkeep\n|\n|t:|1700709966\n|switch|p1a: Cinderace|Cinderace, F|100\/100\n|turn|12\n|inactive|Seath511 has 120 seconds left.\n|\n|t:|1700709982\n|switch|p2a: Tyranitar|Tyranitar, M|100\/100\n|-weather|Sandstorm|[from] ability: Sand Stream|[of] p2a: Tyranitar\n|move|p1a: Cinderace|Sucker Punch||[still]\n|-fail|p1a: Cinderace\n|\n|-weather|Sandstorm|[upkeep]\n|-damage|p1a: Cinderace|95\/100|[from] Sandstorm\n|upkeep\n|turn|13\n|inactive|Seath511 has 120 seconds left.\n|\n|t:|1700710000\n|switch|p1a: Alomomola|Alomomola, M|100\/100\n|move|p2a: Tyranitar|Earthquake|p1a: Alomomola\n|-damage|p1a: Alomomola|80\/100\n|\n|-weather|Sandstorm|[upkeep]\n|-damage|p1a: Alomomola|74\/100|[from] Sandstorm\n|-heal|p1a: Alomomola|80\/100|[from] item: Leftovers\n|upkeep\n|turn|14\n|inactive|matLord540 has 120 seconds left.\n|\n|t:|1700710021\n|switch|p2a: Gholdengo|Gholdengo|30\/100\n|switch|p1a: Landorus|Landorus-Therian, M|48\/100\n|-ability|p1a: Landorus|Intimidate|boost\n|-unboost|p2a: Gholdengo|atk|1\n|\n|-weather|Sandstorm|[upkeep]\n|-heal|p2a: Gholdengo|36\/100|[from] item: Leftovers\n|upkeep\n|turn|15\n|inactive|Seath511 has 120 seconds left.\n|inactive|matLord540 has 120 seconds left.\n|inactive|Seath511 has 90 seconds left.\n|\n|t:|1700710064\n|move|p1a: Landorus|Earthquake|p2a: Gholdengo\n|-supereffective|p2a: Gholdengo\n|-damage|p2a: Gholdengo|0 fnt\n|faint|p2a: Gholdengo\n|\n|-weather|Sandstorm|[upkeep]\n|upkeep\n|\n|t:|1700710070\n|switch|p2a: Quaquaval|Quaquaval, F|100\/100\n|turn|16\n|inactive|Seath511 has 90 seconds left.\n|\n|t:|1700710080\n|switch|p1a: Alomomola|Alomomola, M|100\/100\n|-terastallize|p2a: Quaquaval|Water\n|move|p2a: Quaquaval|Aqua Step|p1a: Alomomola\n|-resisted|p1a: Alomomola\n|-damage|p1a: Alomomola|86\/100\n|-boost|p2a: Quaquaval|spe|1\n|\n|-weather|none\n|-heal|p1a: Alomomola|92\/100|[from] item: Leftovers\n|upkeep\n|turn|17\n|inactive|Seath511 has 90 seconds left.\n|\n|t:|1700710092\n|move|p2a: Quaquaval|Close Combat|p1a: Alomomola\n|-damage|p1a: Alomomola|56\/100\n|-unboost|p2a: Quaquaval|def|1\n|-unboost|p2a: Quaquaval|spd|1\n|move|p1a: Alomomola|Chilling Water|p2a: Quaquaval\n|-resisted|p2a: Quaquaval\n|-damage|p2a: Quaquaval|92\/100\n|-unboost|p2a: Quaquaval|atk|1\n|\n|-heal|p2a: Quaquaval|98\/100|[from] item: Leftovers\n|-heal|p1a: Alomomola|62\/100|[from] item: Leftovers\n|upkeep\n|turn|18\n|inactive|Seath511 has 90 seconds left.\n|inactive|matLord540 has 120 seconds left.\n|\n|t:|1700710108\n|switch|p2a: Tyranitar|Tyranitar, M|100\/100\n|-weather|Sandstorm|[from] ability: Sand Stream|[of] p2a: Tyranitar\n|move|p1a: Alomomola|Whirlpool|p2a: Tyranitar\n|-supereffective|p2a: Tyranitar\n|-damage|p2a: Tyranitar|92\/100\n|-activate|p2a: Tyranitar|move: Whirlpool|[of] p1a: Alomomola\n|\n|-weather|Sandstorm|[upkeep]\n|-damage|p1a: Alomomola|56\/100|[from] Sandstorm\n|-heal|p1a: Alomomola|62\/100|[from] item: Leftovers\n|-damage|p2a: Tyranitar|79\/100|[from] move: Whirlpool|[partiallytrapped]\n|upkeep\n|turn|19\n|inactive|matLord540 has 120 seconds left.\n|inactive|Seath511 has 90 seconds left.\n|\n|t:|1700710122\n|-singleturn|p2a: Tyranitar|move: Focus Punch\n|move|p1a: Alomomola|Wish|p1a: Alomomola\n|move|p2a: Tyranitar|Focus Punch|p1a: Alomomola\n|-damage|p1a: Alomomola|36\/100\n|\n|-weather|Sandstorm|[upkeep]\n|-damage|p1a: Alomomola|30\/100|[from] Sandstorm\n|-heal|p1a: Alomomola|36\/100|[from] item: Leftovers\n|-damage|p2a: Tyranitar|67\/100|[from] move: Whirlpool|[partiallytrapped]\n|upkeep\n|turn|20\n|inactive|matLord540 has 120 seconds left.\n|inactive|Seath511 has 90 seconds left.\n|\n|t:|1700710140\n|switch|p1a: Landorus|Landorus-Therian, M|48\/100\n|-ability|p1a: Landorus|Intimidate|boost\n|-unboost|p2a: Tyranitar|atk|1\n|-singleturn|p2a: Tyranitar|move: Focus Punch\n|move|p2a: Tyranitar|Focus Punch|p1a: Landorus\n|-resisted|p1a: Landorus\n|-crit|p1a: Landorus\n|-damage|p1a: Landorus|20\/100\n|-damage|p2a: Tyranitar|51\/100|[from] item: Rocky Helmet|[of] p1a: Landorus\n|\n|-weather|Sandstorm|[upkeep]\n|-heal|p1a: Landorus|90\/100|[from] move: Wish|[wisher] Alomomola\n|-end|p2a: Tyranitar|Whirlpool|[partiallytrapped]|[silent]\n|upkeep\n|turn|21\n|inactive|matLord540 has 120 seconds left.\n|inactive|Seath511 has 90 seconds left.\n|\n|t:|1700710162\n|switch|p2a: Quaquaval|Quaquaval, F, tera:Water|98\/100\n|move|p1a: Landorus|Earthquake|p2a: Quaquaval\n|-damage|p2a: Quaquaval|36\/100\n|\n|-weather|Sandstorm|[upkeep]\n|-damage|p2a: Quaquaval|30\/100|[from] Sandstorm\n|-heal|p2a: Quaquaval|36\/100|[from] item: Leftovers\n|upkeep\n|turn|22\n|\n|t:|1700710185\n|switch|p1a: Alomomola|Alomomola, M|69\/100\n|move|p2a: Quaquaval|Aqua Jet|p1a: Alomomola\n|-resisted|p1a: Alomomola\n|-damage|p1a: Alomomola|61\/100\n|\n|-weather|none\n|-heal|p2a: Quaquaval|42\/100|[from] item: Leftovers\n|-heal|p1a: Alomomola|67\/100|[from] item: Leftovers\n|upkeep\n|turn|23\n|\n|t:|1700710200\n|switch|p2a: Shroodle|Shroodle, M|100\/100\n|move|p1a: Alomomola|Chilling Water|p2a: Shroodle\n|-damage|p2a: Shroodle|88\/100\n|-unboost|p2a: Shroodle|atk|1\n|\n|-heal|p1a: Alomomola|73\/100|[from] item: Leftovers\n|upkeep\n|turn|24\n|\n|t:|1700710210\n|move|p1a: Alomomola|Protect|p1a: Alomomola\n|-singleturn|p1a: Alomomola|Protect\n|move|p2a: Shroodle|Switcheroo|p1a: Alomomola\n|-activate|p1a: Alomomola|move: Protect\n|\n|-heal|p1a: Alomomola|79\/100|[from] item: Leftovers\n|upkeep\n|turn|25\n|\n|t:|1700710234\n|switch|p1a: Iron Valiant|Iron Valiant|100\/100\n|-enditem|p1a: Iron Valiant|Booster Energy\n|-activate|p1a: Iron Valiant|ability: Quark Drive|[fromitem]\n|-start|p1a: Iron Valiant|quarkdrivespe\n|move|p2a: Shroodle|Switcheroo|p1a: Iron Valiant\n|-activate|p2a: Shroodle|move: Trick|[of] p1a: Iron Valiant\n|-item|p1a: Iron Valiant|Toxic Orb|[from] move: Switcheroo\n|-enditem|p2a: Shroodle|Toxic Orb|[silent]|[from] move: Switcheroo\n|\n|-status|p1a: Iron Valiant|tox|[from] item: Toxic Orb\n|upkeep\n|turn|26\n|inactive|Seath511 has 90 seconds left.\n|inactive|matLord540 has 90 seconds left.\n|\n|t:|1700710251\n|move|p2a: Shroodle|Parting Shot|p1a: Iron Valiant\n|-unboost|p1a: Iron Valiant|atk|1\n|-unboost|p1a: Iron Valiant|spa|1\n|\n|t:|1700710254\n|switch|p2a: Tyranitar|Tyranitar, M|51\/100|[from] Parting Shot\n|-weather|Sandstorm|[from] ability: Sand Stream|[of] p2a: Tyranitar\n|move|p1a: Iron Valiant|Aura Sphere|p2a: Tyranitar\n|-supereffective|p2a: Tyranitar\n|-damage|p2a: Tyranitar|0 fnt\n|faint|p2a: Tyranitar\n|\n|-weather|Sandstorm|[upkeep]\n|-damage|p1a: Iron Valiant|94\/100 tox|[from] Sandstorm\n|-damage|p1a: Iron Valiant|88\/100 tox|[from] psn\n|upkeep\n|\n|t:|1700710257\n|switch|p2a: Lycanroc|Lycanroc, F|100\/100\n|turn|27\n|\n|t:|1700710270\n|-end|p1a: Iron Valiant|Quark Drive|[silent]\n|switch|p1a: Alomomola|Alomomola, M|100\/100\n|move|p2a: Lycanroc|Play Rough|p1a: Alomomola\n|-damage|p1a: Alomomola|83\/100\n|-unboost|p1a: Alomomola|atk|1\n|\n|-weather|Sandstorm|[upkeep]\n|-damage|p1a: Alomomola|77\/100|[from] Sandstorm\n|-heal|p1a: Alomomola|83\/100|[from] item: Leftovers\n|upkeep\n|turn|28\n|inactive|matLord540 has 90 seconds left.\n|\n|t:|1700710294\n|move|p2a: Lycanroc|Swords Dance|p2a: Lycanroc\n|-boost|p2a: Lycanroc|atk|2\n|move|p1a: Alomomola|Chilling Water|p2a: Lycanroc\n|-supereffective|p2a: Lycanroc\n|-damage|p2a: Lycanroc|80\/100\n|-unboost|p2a: Lycanroc|atk|1\n|\n|-weather|Sandstorm|[upkeep]\n|-damage|p1a: Alomomola|77\/100|[from] Sandstorm\n|-heal|p1a: Alomomola|83\/100|[from] item: Leftovers\n|upkeep\n|turn|29\n|inactive|matLord540 has 90 seconds left.\n|\n|t:|1700710309\n|move|p2a: Lycanroc|Swords Dance|p2a: Lycanroc\n|-boost|p2a: Lycanroc|atk|2\n|move|p1a: Alomomola|Chilling Water|p2a: Lycanroc\n|-supereffective|p2a: Lycanroc\n|-damage|p2a: Lycanroc|61\/100\n|-unboost|p2a: Lycanroc|atk|1\n|\n|-weather|Sandstorm|[upkeep]\n|-damage|p1a: Alomomola|77\/100|[from] Sandstorm\n|-heal|p1a: Alomomola|83\/100|[from] item: Leftovers\n|upkeep\n|turn|30\n|inactive|matLord540 has 90 seconds left.\n|inactive|Seath511 has 90 seconds left.\n|inactive|matLord540 has 60 seconds left.\n|\n|t:|1700710344\n|move|p1a: Alomomola|Protect|p1a: Alomomola\n|-singleturn|p1a: Alomomola|Protect\n|move|p2a: Lycanroc|Close Combat|p1a: Alomomola\n|-activate|p1a: Alomomola|move: Protect\n|\n|-weather|none\n|-heal|p1a: Alomomola|89\/100|[from] item: Leftovers\n|upkeep\n|turn|31\n|inactive|matLord540 has 60 seconds left.\n|inactive|Seath511 has 90 seconds left.\n|\n|t:|1700710365\n|switch|p2a: Shroodle|Shroodle, M|88\/100\n|move|p1a: Alomomola|Chilling Water|p2a: Shroodle\n|-damage|p2a: Shroodle|75\/100\n|-unboost|p2a: Shroodle|atk|1\n|\n|-heal|p1a: Alomomola|95\/100|[from] item: Leftovers\n|upkeep\n|turn|32\n|\n|t:|1700710382\n|switch|p1a: Iron Valiant|Iron Valiant|88\/100 tox\n|move|p2a: Shroodle|Taunt|p1a: Iron Valiant\n|-start|p1a: Iron Valiant|move: Taunt\n|\n|-damage|p1a: Iron Valiant|82\/100 tox|[from] psn\n|upkeep\n|turn|33\n|\n|t:|1700710400\n|move|p2a: Shroodle|Parting Shot|p1a: Iron Valiant\n|-unboost|p1a: Iron Valiant|atk|1\n|-unboost|p1a: Iron Valiant|spa|1\n|\n|t:|1700710412\n|switch|p2a: Lycanroc|Lycanroc, F|61\/100|[from] Parting Shot\n|move|p1a: Iron Valiant|Energy Ball|p2a: Lycanroc\n|-supereffective|p2a: Lycanroc\n|-damage|p2a: Lycanroc|0 fnt\n|faint|p2a: Lycanroc\n|\n|-damage|p1a: Iron Valiant|69\/100 tox|[from] psn\n|upkeep\n|\n|t:|1700710419\n|switch|p2a: Shroodle|Shroodle, M|75\/100\n|turn|34\n|inactive|matLord540 has 60 seconds left.\n|\n|t:|1700710426\n|-end|p1a: Iron Valiant|Quark Drive|[silent]\n|switch|p1a: Alomomola|Alomomola, M|100\/100\n|move|p2a: Shroodle|Encore||[still]\n|-fail|p2a: Shroodle\n|\n|upkeep\n|turn|35\n|\n|t:|1700710434\n|move|p2a: Shroodle|Taunt|p1a: Alomomola\n|-start|p1a: Alomomola|move: Taunt\n|move|p1a: Alomomola|Whirlpool|p2a: Shroodle\n|-damage|p2a: Shroodle|66\/100\n|-activate|p2a: Shroodle|move: Whirlpool|[of] p1a: Alomomola\n|\n|-damage|p2a: Shroodle|54\/100|[from] move: Whirlpool|[partiallytrapped]\n|upkeep\n|turn|36\n|inactive|Seath511 has 90 seconds left.\n|\n|t:|1700710452\n|move|p2a: Shroodle|Encore|p1a: Alomomola\n|-start|p1a: Alomomola|Encore\n|move|p1a: Alomomola|Whirlpool|p2a: Shroodle\n|-damage|p2a: Shroodle|44\/100\n|\n|-damage|p2a: Shroodle|32\/100|[from] move: Whirlpool|[partiallytrapped]\n|upkeep\n|turn|37\n|\n|t:|1700710462\n|move|p2a: Shroodle|Parting Shot|p1a: Alomomola\n|-unboost|p1a: Alomomola|atk|1\n|-unboost|p1a: Alomomola|spa|1\n|\n|t:|1700710466\n|switch|p2a: Quaquaval|Quaquaval, F, tera:Water|42\/100|[from] Parting Shot\n|move|p1a: Alomomola|Whirlpool|p2a: Quaquaval\n|-resisted|p2a: Quaquaval\n|-damage|p2a: Quaquaval|39\/100\n|-activate|p2a: Quaquaval|move: Whirlpool|[of] p1a: Alomomola\n|\n|-heal|p2a: Quaquaval|46\/100|[from] item: Leftovers\n|-damage|p2a: Quaquaval|33\/100|[from] move: Whirlpool|[partiallytrapped]\n|-end|p1a: Alomomola|move: Taunt\n|upkeep\n|turn|38\n|\n|t:|1700710479\n|move|p2a: Quaquaval|Knock Off|p1a: Alomomola\n|-damage|p1a: Alomomola|83\/100\n|-enditem|p1a: Alomomola|Leftovers|[from] move: Knock Off|[of] p2a: Quaquaval\n|move|p1a: Alomomola|Whirlpool|p2a: Quaquaval\n|-resisted|p2a: Quaquaval\n|-damage|p2a: Quaquaval|31\/100\n|\n|-heal|p2a: Quaquaval|37\/100|[from] item: Leftovers\n|-damage|p2a: Quaquaval|25\/100|[from] move: Whirlpool|[partiallytrapped]\n|-end|p1a: Alomomola|Encore\n|upkeep\n|turn|39\n|c|\u2606Seath511|gg\n|\n|t:|1700710494\n|move|p2a: Quaquaval|Aqua Step|p1a: Alomomola\n|-resisted|p1a: Alomomola\n|-damage|p1a: Alomomola|68\/100\n|-boost|p2a: Quaquaval|spe|1\n|move|p1a: Alomomola|Chilling Water|p2a: Quaquaval\n|-resisted|p2a: Quaquaval\n|-damage|p2a: Quaquaval|21\/100\n|-unboost|p2a: Quaquaval|atk|1\n|\n|-heal|p2a: Quaquaval|27\/100|[from] item: Leftovers\n|-damage|p2a: Quaquaval|15\/100|[from] move: Whirlpool|[partiallytrapped]\n|upkeep\n|turn|40\n|c|\u2606Seath511|dope sets dude\n|inactive|matLord540 has 60 seconds left.\n|c|\u2606matLord540|Gg bruv sorry this team kinda lame\n|\n|t:|1700710541\n|move|p2a: Quaquaval|Close Combat|p1a: Alomomola\n|-damage|p1a: Alomomola|45\/100\n|-unboost|p2a: Quaquaval|def|1\n|-unboost|p2a: Quaquaval|spd|1\n|move|p1a: Alomomola|Chilling Water|p2a: Quaquaval\n|-resisted|p2a: Quaquaval\n|-damage|p2a: Quaquaval|9\/100\n|-unboost|p2a: Quaquaval|atk|1\n|\n|-heal|p2a: Quaquaval|15\/100|[from] item: Leftovers\n|-damage|p2a: Quaquaval|2\/100|[from] move: Whirlpool|[partiallytrapped]\n|upkeep\n|turn|41\n|c|\u2606Seath511|nah\n|inactive|Seath511 has 90 seconds left.\n|\n|t:|1700710559\n|move|p2a: Quaquaval|Aqua Step|p1a: Alomomola\n|-resisted|p1a: Alomomola\n|-damage|p1a: Alomomola|37\/100\n|-boost|p2a: Quaquaval|spe|1\n|move|p1a: Alomomola|Wish|p1a: Alomomola\n|\n|-heal|p2a: Quaquaval|9\/100|[from] item: Leftovers\n|-damage|p2a: Quaquaval|0 fnt|[from] move: Whirlpool|[partiallytrapped]\n|faint|p2a: Quaquaval\n|upkeep\n|inactive|Seath511 has 90 seconds left.\n|c|\u2606Seath511|Im using some dumb shit myself\n|\n|t:|1700710571\n|switch|p2a: Shroodle|Shroodle, M|32\/100\n|turn|42\n|inactive|Seath511 has 90 seconds left.\n|c|\u2606Seath511|Its an honor to be clapped this way\n|\n|t:|1700710585\n|move|p2a: Shroodle|Encore|p1a: Alomomola\n|-start|p1a: Alomomola|Encore\n|move|p1a: Alomomola|Wish||[still]\n|-fail|p1a: Alomomola\n|\n|-heal|p1a: Alomomola|87\/100|[from] move: Wish|[wisher] Alomomola\n|upkeep\n|turn|43\n|\n|t:|1700710600\n|switch|p1a: Cinderace|Cinderace, F|95\/100\n|move|p2a: Shroodle|Taunt|p1a: Cinderace\n|-start|p1a: Cinderace|move: Taunt\n|\n|upkeep\n|turn|44\n|inactive|Seath511 has 90 seconds left.\n|\n|t:|1700710625\n|move|p2a: Shroodle|Parting Shot|p1a: Cinderace\n|-unboost|p1a: Cinderace|atk|1\n|-unboost|p1a: Cinderace|spa|1\n|move|p1a: Cinderace|Pyro Ball|p2a: Shroodle\n|-damage|p2a: Shroodle|0 fnt\n|faint|p2a: Shroodle\n|\n|win|matLord540\n|raw|matLord540's rating: 1177 &rarr; <strong>1197<\/strong><br \/>(+20 for winning)\n|raw|Seath511's rating: 1111 &rarr; <strong>1091<\/strong><br \/>(-20 for losing)\n","uploadtime":1700709878,"views":9,"p1id":"matlord540","p2id":"seath511","formatid":"gen9ou","rating":1091,"private":0,"password":""}