{"id":"gen9ou-1993977487","p1":"zhen_abcd","p2":"coolstratimacopyit","format":"[Gen 9] OU","log":"|j|\u2606zhen_abcd\n|j|\u2606coolstratimacopyit\n|t:|1700386836\n|gametype|singles\n|player|p1|zhen_abcd|102|1116\n|player|p2|coolstratimacopyit|waiter-gen4dp|1000\n|teamsize|p1|6\n|teamsize|p2|6\n|gen|9\n|tier|[Gen 9] OU\n|rated|\n|rule|Sleep Clause Mod: Limit one foe put to sleep\n|rule|Species Clause: Limit one of each Pok\u00e9mon\n|rule|OHKO Clause: OHKO moves are banned\n|rule|Evasion Items Clause: Evasion items are banned\n|rule|Evasion Moves Clause: Evasion moves are banned\n|rule|Endless Battle Clause: Forcing endless battles is banned\n|rule|HP Percentage Mod: HP is shown in percentages\n|clearpoke\n|poke|p1|Pelipper, M|\n|poke|p1|Greninja-*, M|\n|poke|p1|Landorus-Therian, M|\n|poke|p1|Azumarill, F|\n|poke|p1|Basculegion, M|\n|poke|p1|Zapdos|\n|poke|p2|Kingambit, M|\n|poke|p2|Maushold-Four|\n|poke|p2|Gengar, F|\n|poke|p2|Tropius, M|\n|poke|p2|Blissey, F|\n|poke|p2|Pawmot, M|\n|teampreview\n|\n|t:|1700386858\n|start\n|switch|p1a: Basculegion|Basculegion, M|100\/100\n|switch|p2a: Gengar|Gengar, F|100\/100\n|turn|1\n|\n|t:|1700386866\n|switch|p1a: Landorus|Landorus-Therian, M|100\/100\n|-ability|p1a: Landorus|Intimidate|boost\n|-unboost|p2a: Gengar|atk|1\n|move|p2a: Gengar|Trick Room|p2a: Gengar\n|-fieldstart|move: Trick Room|[of] p2a: Gengar\n|\n|upkeep\n|turn|2\n|\n|t:|1700386873\n|move|p1a: Landorus|Taunt|p2a: Gengar\n|-start|p2a: Gengar|move: Taunt\n|cant|p2a: Gengar|move: Taunt|Toxic\n|\n|upkeep\n|turn|3\n|\n|t:|1700386880\n|move|p1a: Landorus|Stealth Rock|p2a: Gengar\n|-sidestart|p2: coolstratimacopyit|move: Stealth Rock\n|move|p2a: Gengar|Shadow Ball|p1a: Landorus\n|-damage|p1a: Landorus|67\/100\n|\n|-heal|p1a: Landorus|73\/100|[from] item: Leftovers\n|upkeep\n|turn|4\n|\n|t:|1700386889\n|move|p1a: Landorus|Earthquake|p2a: Gengar\n|-supereffective|p2a: Gengar\n|-enditem|p2a: Gengar|Focus Sash\n|-damage|p2a: Gengar|1\/100\n|move|p2a: Gengar|Shadow Ball|p1a: Landorus\n|-damage|p1a: Landorus|42\/100\n|\n|-heal|p1a: Landorus|48\/100|[from] item: Leftovers\n|-end|p2a: Gengar|move: Taunt\n|upkeep\n|turn|5\n|\n|t:|1700386900\n|move|p1a: Landorus|U-turn|p2a: Gengar\n|-resisted|p2a: Gengar\n|-damage|p2a: Gengar|0 fnt\n|-start|p1a: Landorus|Disable|U-turn|[from] ability: Cursed Body|[of] p2a: Gengar\n|faint|p2a: Gengar\n|\n|t:|1700386907\n|switch|p1a: Pelipper|Pelipper, M|100\/100|[from] U-turn\n|-weather|RainDance|[from] ability: Drizzle|[of] p1a: Pelipper\n|\n|-weather|RainDance|[upkeep]\n|-fieldend|move: Trick Room\n|upkeep\n|\n|t:|1700386914\n|switch|p2a: Tropius|Tropius, M|100\/100\n|-damage|p2a: Tropius|76\/100|[from] Stealth Rock\n|turn|6\n|\n|t:|1700386920\n|move|p2a: Tropius|Sunny Day|p2a: Tropius\n|-weather|SunnyDay\n|move|p1a: Pelipper|Hurricane|p2a: Tropius|[miss]\n|-miss|p1a: Pelipper|p2a: Tropius\n|\n|-weather|SunnyDay|[upkeep]\n|upkeep\n|turn|7\n|\n|t:|1700386927\n|switch|p1a: Landorus|Landorus-Therian, M|48\/100\n|-ability|p1a: Landorus|Intimidate|boost\n|-unboost|p2a: Tropius|atk|1\n|move|p2a: Tropius|Leech Seed|p1a: Landorus\n|-start|p1a: Landorus|move: Leech Seed\n|\n|-weather|SunnyDay|[upkeep]\n|-heal|p1a: Landorus|54\/100|[from] item: Leftovers\n|-damage|p1a: Landorus|42\/100|[from] Leech Seed|[of] p2a: Tropius\n|-heal|p2a: Tropius|87\/100|[silent]\n|upkeep\n|turn|8\n|\n|t:|1700386940\n|move|p1a: Landorus|U-turn|p2a: Tropius\n|-damage|p2a: Tropius|71\/100\n|\n|t:|1700386948\n|switch|p1a: Pelipper|Pelipper, M|100\/100|[from] U-turn\n|-weather|RainDance|[from] ability: Drizzle|[of] p1a: Pelipper\n|move|p2a: Tropius|Giga Drain|p1a: Pelipper\n|-damage|p1a: Pelipper|83\/100\n|-heal|p2a: Tropius|78\/100|[from] drain|[of] p1a: Pelipper\n|\n|-weather|RainDance|[upkeep]\n|upkeep\n|turn|9\n|\n|t:|1700386959\n|switch|p1a: Basculegion|Basculegion, M|100\/100\n|move|p2a: Tropius|Sunny Day|p2a: Tropius\n|-weather|SunnyDay\n|\n|-weather|SunnyDay|[upkeep]\n|upkeep\n|turn|10\n|\n|t:|1700386967\n|move|p1a: Basculegion|Ice Fang|p2a: Tropius\n|-supereffective|p2a: Tropius\n|-damage|p2a: Tropius|0 fnt\n|faint|p2a: Tropius\n|\n|-weather|SunnyDay|[upkeep]\n|upkeep\n|\n|t:|1700386975\n|switch|p2a: Pawmot|Pawmot, M|100\/100\n|-damage|p2a: Pawmot|94\/100|[from] Stealth Rock\n|turn|11\n|\n|t:|1700386983\n|switch|p1a: Pelipper|Pelipper, M|83\/100\n|-weather|RainDance|[from] ability: Drizzle|[of] p1a: Pelipper\n|move|p2a: Pawmot|Super Fang|p1a: Pelipper|[miss]\n|-miss|p2a: Pawmot|p1a: Pelipper\n|\n|-weather|RainDance|[upkeep]\n|-heal|p2a: Pawmot|100\/100|[from] item: Leftovers\n|upkeep\n|turn|12\n|\n|t:|1700386994\n|move|p2a: Pawmot|Knock Off|p1a: Pelipper\n|-damage|p1a: Pelipper|58\/100\n|-enditem|p1a: Pelipper|Damp Rock|[from] move: Knock Off|[of] p2a: Pawmot\n|move|p1a: Pelipper|U-turn|p2a: Pawmot\n|-resisted|p2a: Pawmot\n|-damage|p2a: Pawmot|94\/100\n|\n|t:|1700387000\n|switch|p1a: Basculegion|Basculegion, M|100\/100|[from] U-turn\n|\n|-weather|RainDance|[upkeep]\n|-heal|p2a: Pawmot|100\/100|[from] item: Leftovers\n|upkeep\n|turn|13\n|\n|t:|1700387007\n|move|p1a: Basculegion|Wave Crash|p2a: Pawmot\n|-damage|p2a: Pawmot|0 fnt\n|faint|p2a: Pawmot\n|-damage|p1a: Basculegion|76\/100|[from] Recoil\n|\n|-weather|RainDance|[upkeep]\n|upkeep\n|\n|t:|1700387015\n|switch|p2a: Maushold|Maushold-Four|100\/100\n|-damage|p2a: Maushold|88\/100|[from] Stealth Rock\n|turn|14\n|-activate|p2a: Maushold|item: Quick Claw\n|\n|t:|1700387020\n|move|p2a: Maushold|Population Bomb|p1a: Basculegion\n|-immune|p1a: Basculegion\n|move|p1a: Basculegion|Wave Crash|p2a: Maushold\n|-damage|p2a: Maushold|0 fnt\n|faint|p2a: Maushold\n|-damage|p1a: Basculegion|53\/100|[from] Recoil\n|\n|-weather|RainDance|[upkeep]\n|upkeep\n|\n|t:|1700387032\n|switch|p2a: Blissey|Blissey, F|100\/100\n|-damage|p2a: Blissey|88\/100|[from] Stealth Rock\n|turn|15\n|\n|t:|1700387038\n|move|p1a: Basculegion|Wave Crash|p2a: Blissey\n|-damage|p2a: Blissey|0 fnt\n|faint|p2a: Blissey\n|-damage|p1a: Basculegion|3\/100|[from] Recoil\n|\n|-weather|RainDance|[upkeep]\n|upkeep\n|\n|t:|1700387046\n|switch|p2a: Kingambit|Kingambit, M|100\/100\n|-damage|p2a: Kingambit|94\/100|[from] Stealth Rock\n|-activate|p2a: Kingambit|ability: Supreme Overlord\n|-start|p2a: Kingambit|fallen5|[silent]\n|turn|16\n|\n|t:|1700387054\n|switch|p1a: Landorus|Landorus-Therian, M|42\/100\n|-ability|p1a: Landorus|Intimidate|boost\n|-unboost|p2a: Kingambit|atk|1\n|-terastallize|p2a: Kingambit|Dark\n|move|p2a: Kingambit|Kowtow Cleave|p1a: Landorus\n|-damage|p1a: Landorus|0 fnt\n|faint|p1a: Landorus\n|-heal|p2a: Kingambit|99\/100|[from] item: Shell Bell|[of] p1: Landorus\n|\n|-weather|RainDance|[upkeep]\n|upkeep\n|\n|t:|1700387060\n|switch|p1a: Basculegion|Basculegion, M|3\/100\n|turn|17\n|\n|t:|1700387070\n|move|p1a: Basculegion|Aqua Jet|p2a: Kingambit\n|-damage|p2a: Kingambit|67\/100\n|move|p2a: Kingambit|Sucker Punch||[still]\n|-fail|p2a: Kingambit\n|\n|-weather|RainDance|[upkeep]\n|upkeep\n|turn|18\n|\n|t:|1700387078\n|move|p1a: Basculegion|Aqua Jet|p2a: Kingambit\n|-damage|p2a: Kingambit|34\/100\n|move|p2a: Kingambit|Kowtow Cleave|p1a: Basculegion\n|-supereffective|p1a: Basculegion\n|-damage|p1a: Basculegion|0 fnt\n|faint|p1a: Basculegion\n|-heal|p2a: Kingambit|35\/100|[from] item: Shell Bell|[of] p1: Basculegion\n|\n|-weather|none\n|upkeep\n|\n|t:|1700387082\n|switch|p1a: Pelipper|Pelipper, M|58\/100\n|-weather|RainDance|[from] ability: Drizzle|[of] p1a: Pelipper\n|turn|19\n|\n|t:|1700387094\n|move|p2a: Kingambit|Kowtow Cleave|p1a: Pelipper\n|-damage|p1a: Pelipper|0 fnt\n|faint|p1a: Pelipper\n|-heal|p2a: Kingambit|41\/100|[from] item: Shell Bell|[of] p1: Pelipper\n|\n|-weather|RainDance|[upkeep]\n|upkeep\n|\n|t:|1700387097\n|switch|p1a: Greninja|Greninja, M|100\/100\n|turn|20\n|\n|t:|1700387104\n|move|p1a: Greninja|Water Shuriken|p2a: Kingambit\n|-damage|p2a: Kingambit|28\/100\n|-damage|p2a: Kingambit|15\/100\n|-damage|p2a: Kingambit|3\/100\n|-damage|p2a: Kingambit|0 fnt\n|faint|p2a: Kingambit\n|-end|p2a: Kingambit|fallen5|[silent]\n|-hitcount|p2: Kingambit|4\n|-damage|p1a: Greninja|91\/100|[from] item: Life Orb\n|\n|win|zhen_abcd\n|raw|zhen_abcd's rating: 1116 &rarr; <strong>1133<\/strong><br \/>(+17 for winning)\n|raw|coolstratimacopyit's rating: 1000 &rarr; <strong>1000<\/strong><br \/>(+0 for losing)\n|c|\u2606coolstratimacopyit|What type of bs\n","uploadtime":1700387122,"views":10,"p1id":"zhenabcd","p2id":"coolstratimacopyit","formatid":"gen9ou","rating":1000,"private":0,"password":""}