{"id":"gen9ou-1990587278","p1":"Mr-Mongol","p2":"FleetFoxxx","format":"[Gen 9] OU","log":"|j|\u2606Mr-Mongol\n|j|\u2606FleetFoxxx\n|t:|1699983664\n|gametype|singles\n|player|p1|Mr-Mongol|dragontamer|1645\n|player|p2|FleetFoxxx|2|1726\n|teamsize|p1|6\n|teamsize|p2|6\n|gen|9\n|tier|[Gen 9] OU\n|rated|\n|rule|Sleep Clause Mod: Limit one foe put to sleep\n|rule|Species Clause: Limit one of each Pok\u00e9mon\n|rule|OHKO Clause: OHKO moves are banned\n|rule|Evasion Items Clause: Evasion items are banned\n|rule|Evasion Moves Clause: Evasion moves are banned\n|rule|Endless Battle Clause: Forcing endless battles is banned\n|rule|HP Percentage Mod: HP is shown in percentages\n|clearpoke\n|poke|p1|Ninetales-Alola, F|\n|poke|p1|Glimmora, M|\n|poke|p1|Dragonite, M|\n|poke|p1|Ceruledge, M|\n|poke|p1|Kingambit, M|\n|poke|p1|Iron Valiant|\n|poke|p2|Rillaboom, F|\n|poke|p2|Sneasler, F|\n|poke|p2|Zamazenta-*|\n|poke|p2|Ting-Lu|\n|poke|p2|Hatterene, F|\n|poke|p2|Manaphy|\n|teampreview\n|\n|t:|1699983673\n|start\n|switch|p1a: Glimmora|Glimmora, M|100\/100\n|switch|p2a: Hatterene|Hatterene, F|100\/100\n|turn|1\n|\n|t:|1699983676\n|move|p1a: Glimmora|Mortal Spin|p2a: Hatterene\n|-supereffective|p2a: Hatterene\n|-damage|p2a: Hatterene|90\/100\n|-status|p2a: Hatterene|psn\n|move|p2a: Hatterene|Psyshock|p1a: Glimmora\n|-supereffective|p1a: Glimmora\n|-damage|p1a: Glimmora|20\/100\n|\n|-damage|p2a: Hatterene|78\/100 psn|[from] psn\n|upkeep\n|turn|2\n|\n|t:|1699983682\n|switch|p1a: Ninetales|Ninetales-Alola, F|100\/100\n|-weather|Snow|[from] ability: Snow Warning|[of] p1a: Ninetales\n|move|p2a: Hatterene|Psyshock|p1a: Ninetales\n|-damage|p1a: Ninetales|72\/100\n|\n|-weather|Snow|[upkeep]\n|-damage|p2a: Hatterene|66\/100 psn|[from] psn\n|upkeep\n|turn|3\n|\n|t:|1699983685\n|move|p1a: Ninetales|Aurora Veil|p1a: Ninetales\n|-sidestart|p1: Mr-Mongol|move: Aurora Veil\n|move|p2a: Hatterene|Nuzzle|p1a: Ninetales\n|-damage|p1a: Ninetales|70\/100\n|-status|p1a: Ninetales|par\n|\n|-weather|Snow|[upkeep]\n|-damage|p2a: Hatterene|54\/100 psn|[from] psn\n|upkeep\n|turn|4\n|\n|t:|1699983690\n|switch|p1a: Glimmora|Glimmora, M|20\/100\n|switch|p2a: Ting-Lu|Ting-Lu|100\/100\n|-ability|p2a: Ting-Lu|Vessel of Ruin\n|\n|-weather|Snow|[upkeep]\n|upkeep\n|turn|5\n|\n|t:|1699983693\n|switch|p2a: Hatterene|Hatterene, F|54\/100 psn\n|move|p1a: Glimmora|Power Gem|p2a: Hatterene\n|-damage|p2a: Hatterene|10\/100 psn\n|\n|-weather|Snow|[upkeep]\n|-damage|p2a: Hatterene|0 fnt|[from] psn\n|faint|p2a: Hatterene\n|upkeep\n|\n|t:|1699983705\n|switch|p2a: Sneasler|Sneasler, F|100\/100\n|turn|6\n|\n|t:|1699983708\n|move|p2a: Sneasler|Close Combat|p1a: Glimmora\n|-damage|p1a: Glimmora|0 fnt\n|-unboost|p2a: Sneasler|def|1\n|-unboost|p2a: Sneasler|spd|1\n|-activate|p1a: Glimmora|ability: Toxic Debris\n|-sidestart|p2: FleetFoxxx|move: Toxic Spikes\n|faint|p1a: Glimmora\n|\n|-weather|none\n|upkeep\n|\n|t:|1699983713\n|switch|p1a: Ceruledge|Ceruledge, M|100\/100\n|turn|7\n|\n|t:|1699983715\n|switch|p2a: Manaphy|Manaphy|100\/100\n|-status|p2a: Manaphy|psn\n|move|p1a: Ceruledge|Swords Dance|p1a: Ceruledge\n|-boost|p1a: Ceruledge|atk|2\n|\n|-damage|p2a: Manaphy|88\/100 psn|[from] psn\n|upkeep\n|turn|8\n|\n|t:|1699983719\n|move|p2a: Manaphy|Acid Armor|p2a: Manaphy\n|-boost|p2a: Manaphy|def|2\n|move|p1a: Ceruledge|Poltergeist|p2a: Manaphy|[miss]\n|-miss|p1a: Ceruledge|p2a: Manaphy\n|\n|-heal|p2a: Manaphy|94\/100 psn|[from] item: Leftovers\n|-damage|p2a: Manaphy|82\/100 psn|[from] psn\n|upkeep\n|turn|9\n|j| ashitaka0\n|\n|t:|1699983726\n|move|p2a: Manaphy|Take Heart|p2a: Manaphy\n|-boost|p2a: Manaphy|spa|1\n|-boost|p2a: Manaphy|spd|1\n|-curestatus|p2a: Manaphy|psn|[msg]\n|move|p1a: Ceruledge|Poltergeist|p2a: Manaphy\n|-activate|p2a: Manaphy|move: Poltergeist|Leftovers\n|-damage|p2a: Manaphy|42\/100\n|\n|-heal|p2a: Manaphy|48\/100|[from] item: Leftovers\n|upkeep\n|turn|10\n|\n|t:|1699983732\n|-terastallize|p1a: Ceruledge|Fairy\n|move|p2a: Manaphy|Acid Armor|p2a: Manaphy\n|-boost|p2a: Manaphy|def|2\n|move|p1a: Ceruledge|Poltergeist|p2a: Manaphy|[miss]\n|-miss|p1a: Ceruledge|p2a: Manaphy\n|\n|-heal|p2a: Manaphy|54\/100|[from] item: Leftovers\n|-sideend|p1: Mr-Mongol|move: Aurora Veil\n|upkeep\n|turn|11\n|l| ashitaka0\n|\n|t:|1699983737\n|switch|p1a: Ninetales|Ninetales-Alola, F|70\/100 par\n|-weather|Snow|[from] ability: Snow Warning|[of] p1a: Ninetales\n|move|p2a: Manaphy|Scald|p1a: Ninetales\n|-damage|p1a: Ninetales|32\/100 par\n|\n|-weather|Snow|[upkeep]\n|-heal|p2a: Manaphy|61\/100|[from] item: Leftovers\n|upkeep\n|turn|12\n|\n|t:|1699983740\n|move|p2a: Manaphy|Scald|p1a: Ninetales\n|-damage|p1a: Ninetales|0 fnt\n|faint|p1a: Ninetales\n|\n|-weather|Snow|[upkeep]\n|-heal|p2a: Manaphy|67\/100|[from] item: Leftovers\n|upkeep\n|\n|t:|1699983743\n|switch|p1a: Iron Valiant|Iron Valiant|100\/100\n|-enditem|p1a: Iron Valiant|Booster Energy\n|-activate|p1a: Iron Valiant|ability: Quark Drive|[fromitem]\n|-start|p1a: Iron Valiant|quarkdrivespe\n|turn|13\n|\n|t:|1699983746\n|move|p1a: Iron Valiant|Thunderbolt|p2a: Manaphy\n|-supereffective|p2a: Manaphy\n|-damage|p2a: Manaphy|31\/100\n|move|p2a: Manaphy|Stored Power|p1a: Iron Valiant\n|-supereffective|p1a: Iron Valiant\n|-damage|p1a: Iron Valiant|0 fnt\n|faint|p1a: Iron Valiant\n|-end|p1a: Iron Valiant|Quark Drive|[silent]\n|\n|-weather|Snow|[upkeep]\n|-heal|p2a: Manaphy|38\/100|[from] item: Leftovers\n|upkeep\n|\n|t:|1699983749\n|switch|p1a: Dragonite|Dragonite, M|100\/100\n|turn|14\n|j| ewew3r\n|\n|t:|1699983752\n|move|p1a: Dragonite|Extreme Speed|p2a: Manaphy\n|-damage|p2a: Manaphy|30\/100\n|move|p2a: Manaphy|Scald|p1a: Dragonite\n|-resisted|p1a: Dragonite\n|-damage|p1a: Dragonite|90\/100\n|-status|p1a: Dragonite|brn\n|\n|-weather|Snow|[upkeep]\n|-heal|p2a: Manaphy|36\/100|[from] item: Leftovers\n|-damage|p1a: Dragonite|84\/100 brn|[from] brn\n|upkeep\n|turn|15\n|-message|Mr-Mongol forfeited.\n|\n|win|FleetFoxxx\n|raw|Mr-Mongol's rating: 1645 &rarr; <strong>1630<\/strong><br \/>(-15 for losing)\n|raw|FleetFoxxx's rating: 1726 &rarr; <strong>1741<\/strong><br \/>(+15 for winning)\n|l|\u2606Mr-Mongol\n","uploadtime":1699983761,"views":14,"p1id":"mrmongol","p2id":"fleetfoxxx","formatid":"gen9ou","rating":1630,"private":0,"password":""}