{"id":"gen9ou-1995625667","p1":"gcy9","p2":"KvnLiao","format":"[Gen 9] OU","log":"|j|\u2606gcy9\n|j|\u2606KvnLiao\n|t:|1700588618\n|gametype|singles\n|player|p1|gcy9|266|1552\n|player|p2|KvnLiao|benga|1568\n|teamsize|p1|6\n|teamsize|p2|6\n|gen|9\n|tier|[Gen 9] OU\n|rated|\n|rule|Sleep Clause Mod: Limit one foe put to sleep\n|rule|Species Clause: Limit one of each Pok\u00e9mon\n|rule|OHKO Clause: OHKO moves are banned\n|rule|Evasion Items Clause: Evasion items are banned\n|rule|Evasion Moves Clause: Evasion moves are banned\n|rule|Endless Battle Clause: Forcing endless battles is banned\n|rule|HP Percentage Mod: HP is shown in percentages\n|clearpoke\n|poke|p1|Zamazenta-*|\n|poke|p1|Slowking-Galar, F|\n|poke|p1|Kingambit, F|\n|poke|p1|Gholdengo|\n|poke|p1|Dondozo, M|\n|poke|p1|Cinderace, M|\n|poke|p2|Dragapult, M|\n|poke|p2|Garganacl, F|\n|poke|p2|Zapdos|\n|poke|p2|Iron Valiant|\n|poke|p2|Great Tusk|\n|poke|p2|Ogerpon-Wellspring, F|\n|teampreview\n|j| Vanilliteboi\n|l| Vanilliteboi\n|j| Playstendo\n|\n|t:|1700588641\n|start\n|switch|p1a: Cinderace|Cinderace, M|100\/100\n|switch|p2a: Garganacl|Garganacl, F|100\/100\n|turn|1\n|j| Seleukos\n|j| DardoDante\n|inactive|Battle timer is ON: inactive players will automatically lose when time's up. (requested by KvnLiao)\n|\n|t:|1700588688\n|move|p2a: Garganacl|Protect|p2a: Garganacl\n|-singleturn|p2a: Garganacl|Protect\n|move|p1a: Cinderace|U-turn|p2a: Garganacl\n|-activate|p2a: Garganacl|move: Protect\n|\n|upkeep\n|turn|2\n|\n|t:|1700588695\n|move|p1a: Cinderace|U-turn|p2a: Garganacl\n|-damage|p2a: Garganacl|90\/100\n|\n|t:|1700588712\n|switch|p1a: Zamazenta|Zamazenta|100\/100|[from] U-turn\n|-ability|p1a: Zamazenta|Dauntless Shield|boost\n|-boost|p1a: Zamazenta|def|1\n|move|p2a: Garganacl|Salt Cure|p1a: Zamazenta\n|-resisted|p1a: Zamazenta\n|-damage|p1a: Zamazenta|96\/100\n|-start|p1a: Zamazenta|Salt Cure\n|\n|-heal|p2a: Garganacl|96\/100|[from] item: Leftovers\n|-damage|p1a: Zamazenta|84\/100|[from] Salt Cure\n|upkeep\n|turn|3\n|\n|t:|1700588729\n|switch|p1a: Kingambit|Kingambit, F|100\/100\n|switch|p2a: Zapdos|Zapdos|100\/100\n|\n|upkeep\n|turn|4\n|\n|t:|1700588739\n|-end|p1a: Kingambit|fallenundefined|[silent]\n|switch|p1a: Slowking|Slowking-Galar, F|100\/100\n|move|p2a: Zapdos|Volt Switch|p1a: Slowking\n|-damage|p1a: Slowking|81\/100\n|\n|t:|1700588749\n|switch|p2a: Garganacl|Garganacl, F|96\/100|[from] Volt Switch\n|\n|-heal|p2a: Garganacl|100\/100|[from] item: Leftovers\n|upkeep\n|turn|5\n|l| DardoDante\n|inactive|gcy9 has 120 seconds left.\n|j| Lario\n|inactive|gcy9 has 90 seconds left.\n|\n|t:|1700588809\n|move|p2a: Garganacl|Stealth Rock|p1a: Slowking\n|-sidestart|p1: gcy9|move: Stealth Rock\n|move|p1a: Slowking|Future Sight|p2a: Garganacl\n|-start|p1a: Slowking|move: Future Sight\n|\n|upkeep\n|turn|6\n|\n|t:|1700588834\n|move|p2a: Garganacl|Salt Cure|p1a: Slowking\n|-damage|p1a: Slowking|66\/100\n|-start|p1a: Slowking|Salt Cure\n|move|p1a: Slowking|Chilly Reception|p1a: Slowking\n|-weather|Snow\n|\n|t:|1700588843\n|switch|p1a: Gholdengo|Gholdengo|100\/100|[from] Chilly Reception\n|-damage|p1a: Gholdengo|94\/100|[from] Stealth Rock\n|\n|-weather|Snow|[upkeep]\n|-heal|p1a: Gholdengo|100\/100|[from] item: Leftovers\n|upkeep\n|turn|7\n|\n|t:|1700588855\n|move|p2a: Garganacl|Protect|p2a: Garganacl\n|-singleturn|p2a: Garganacl|Protect\n|move|p1a: Gholdengo|Thunder Wave|p2a: Garganacl\n|-activate|p2a: Garganacl|move: Protect\n|\n|-weather|Snow|[upkeep]\n|-end|p2a: Garganacl|move: Future Sight\n|-damage|p2a: Garganacl|63\/100\n|-heal|p2a: Garganacl|70\/100|[from] item: Leftovers\n|upkeep\n|turn|8\n|\n|t:|1700588867\n|switch|p1a: Slowking|Slowking-Galar, F|99\/100\n|-terastallize|p2a: Garganacl|Steel\n|move|p2a: Garganacl|Salt Cure|p1a: Slowking\n|-damage|p1a: Slowking|84\/100\n|-start|p1a: Slowking|Salt Cure\n|\n|-weather|Snow|[upkeep]\n|-heal|p2a: Garganacl|76\/100|[from] item: Leftovers\n|-damage|p1a: Slowking|71\/100|[from] Salt Cure\n|upkeep\n|turn|9\n|\n|t:|1700588877\n|move|p2a: Garganacl|Salt Cure|p1a: Slowking\n|-damage|p1a: Slowking|57\/100\n|move|p1a: Slowking|Future Sight|p2a: Garganacl\n|-start|p1a: Slowking|move: Future Sight\n|\n|-weather|Snow|[upkeep]\n|-heal|p2a: Garganacl|82\/100|[from] item: Leftovers\n|-damage|p1a: Slowking|44\/100|[from] Salt Cure\n|upkeep\n|turn|10\n|\n|t:|1700588885\n|move|p2a: Garganacl|Salt Cure|p1a: Slowking\n|-damage|p1a: Slowking|31\/100\n|move|p1a: Slowking|Chilly Reception|p1a: Slowking\n|\n|t:|1700588890\n|switch|p1a: Cinderace|Cinderace, M|100\/100|[from] Chilly Reception\n|\n|-weather|none\n|-heal|p2a: Garganacl|88\/100|[from] item: Leftovers\n|upkeep\n|turn|11\n|\n|t:|1700588895\n|move|p2a: Garganacl|Protect|p2a: Garganacl\n|-singleturn|p2a: Garganacl|Protect\n|move|p1a: Cinderace|Pyro Ball|p2a: Garganacl\n|-activate|p2a: Garganacl|move: Protect\n|\n|-end|p2a: Garganacl|move: Future Sight\n|-resisted|p2a: Garganacl\n|-damage|p2a: Garganacl|70\/100\n|-heal|p2a: Garganacl|76\/100|[from] item: Leftovers\n|upkeep\n|turn|12\n|\n|t:|1700588905\n|switch|p2a: Great Tusk|Great Tusk|100\/100\n|move|p1a: Cinderace|Pyro Ball|p2a: Great Tusk\n|-damage|p2a: Great Tusk|76\/100\n|\n|-heal|p2a: Great Tusk|82\/100|[from] item: Leftovers\n|upkeep\n|turn|13\n|\n|t:|1700588911\n|move|p1a: Cinderace|Will-O-Wisp|p2a: Great Tusk\n|-status|p2a: Great Tusk|brn\n|move|p2a: Great Tusk|Knock Off|p1a: Cinderace\n|-damage|p1a: Cinderace|83\/100\n|-enditem|p1a: Cinderace|Heavy-Duty Boots|[from] move: Knock Off|[of] p2a: Great Tusk\n|\n|-heal|p2a: Great Tusk|89\/100 brn|[from] item: Leftovers\n|-damage|p2a: Great Tusk|82\/100 brn|[from] brn\n|upkeep\n|turn|14\n|\n|t:|1700588916\n|move|p1a: Cinderace|Court Change|p1a: Cinderace\n|-swapsideconditions\n|-activate|p1a: Cinderace|move: Court Change\n|move|p2a: Great Tusk|Rapid Spin|p1a: Cinderace\n|-damage|p1a: Cinderace|74\/100\n|-boost|p2a: Great Tusk|spe|1\n|-sideend|p2: KvnLiao|Stealth Rock|[from] move: Rapid Spin|[of] p2a: Great Tusk\n|\n|-heal|p2a: Great Tusk|89\/100 brn|[from] item: Leftovers\n|-damage|p2a: Great Tusk|82\/100 brn|[from] brn\n|upkeep\n|turn|15\n|l| Lario\n|\n|t:|1700588925\n|switch|p1a: Dondozo|Dondozo, M|100\/100\n|move|p2a: Great Tusk|Knock Off|p1a: Dondozo\n|-damage|p1a: Dondozo|94\/100\n|-enditem|p1a: Dondozo|Heavy-Duty Boots|[from] move: Knock Off|[of] p2a: Great Tusk\n|\n|-heal|p2a: Great Tusk|89\/100 brn|[from] item: Leftovers\n|-damage|p2a: Great Tusk|82\/100 brn|[from] brn\n|upkeep\n|turn|16\n|\n|t:|1700588944\n|-end|p2a: Great Tusk|Protosynthesis|[silent]\n|switch|p2a: Ogerpon|Ogerpon-Wellspring, F|100\/100\n|switch|p1a: Cinderace|Cinderace, M|74\/100\n|\n|upkeep\n|turn|17\n|\n|t:|1700588952\n|switch|p2a: Great Tusk|Great Tusk|82\/100 brn\n|move|p1a: Cinderace|U-turn|p2a: Great Tusk\n|-resisted|p2a: Great Tusk\n|-crit|p2a: Great Tusk\n|-damage|p2a: Great Tusk|76\/100 brn\n|\n|t:|1700588968\n|switch|p1a: Dondozo|Dondozo, M|94\/100|[from] U-turn\n|\n|-heal|p2a: Great Tusk|82\/100 brn|[from] item: Leftovers\n|-damage|p2a: Great Tusk|76\/100 brn|[from] brn\n|upkeep\n|turn|18\n|inactive|KvnLiao has 120 seconds left.\n|\n|t:|1700589011\n|-end|p2a: Great Tusk|Protosynthesis|[silent]\n|switch|p2a: Zapdos|Zapdos|100\/100\n|move|p1a: Dondozo|Liquidation|p2a: Zapdos\n|-damage|p2a: Zapdos|74\/100\n|\n|upkeep\n|turn|19\n|inactive|gcy9 has 120 seconds left.\n|\n|t:|1700589066\n|switch|p1a: Slowking|Slowking-Galar, F|64\/100\n|move|p2a: Zapdos|Volt Switch|p1a: Slowking\n|-damage|p1a: Slowking|47\/100\n|inactive|KvnLiao has 120 seconds left.\n|\n|t:|1700589083\n|switch|p2a: Garganacl|Garganacl, F, tera:Steel|76\/100|[from] Volt Switch\n|\n|-heal|p2a: Garganacl|83\/100|[from] item: Leftovers\n|upkeep\n|turn|20\n|\n|t:|1700589088\n|move|p2a: Garganacl|Stealth Rock|p1a: Slowking\n|-sidestart|p1: gcy9|move: Stealth Rock\n|move|p1a: Slowking|Chilly Reception|p1a: Slowking\n|-weather|Snow\n|\n|t:|1700589094\n|switch|p1a: Zamazenta|Zamazenta|84\/100|[from] Chilly Reception\n|-damage|p1a: Zamazenta|77\/100|[from] Stealth Rock\n|\n|-weather|Snow|[upkeep]\n|-heal|p2a: Garganacl|89\/100|[from] item: Leftovers\n|upkeep\n|turn|21\n|\n|t:|1700589102\n|switch|p2a: Zapdos|Zapdos|74\/100\n|move|p1a: Zamazenta|Stone Edge|p2a: Zapdos\n|-supereffective|p2a: Zapdos\n|-damage|p2a: Zapdos|0 fnt\n|faint|p2a: Zapdos\n|\n|-weather|Snow|[upkeep]\n|upkeep\n|l| Playstendo\n|\n|t:|1700589106\n|switch|p2a: Iron Valiant|Iron Valiant|100\/100\n|turn|22\n|\n|t:|1700589112\n|switch|p1a: Slowking|Slowking-Galar, F|80\/100\n|move|p2a: Iron Valiant|Knock Off|p1a: Slowking\n|-supereffective|p1a: Slowking\n|-damage|p1a: Slowking|24\/100\n|-enditem|p1a: Slowking|Heavy-Duty Boots|[from] move: Knock Off|[of] p2a: Iron Valiant\n|\n|-weather|Snow|[upkeep]\n|upkeep\n|turn|23\n|\n|t:|1700589119\n|switch|p1a: Dondozo|Dondozo, M|94\/100\n|-damage|p1a: Dondozo|82\/100|[from] Stealth Rock\n|move|p2a: Iron Valiant|Knock Off|p1a: Dondozo\n|-damage|p1a: Dondozo|73\/100\n|\n|-weather|Snow|[upkeep]\n|upkeep\n|turn|24\n|\n|t:|1700589127\n|-end|p2a: Iron Valiant|Quark Drive|[silent]\n|switch|p2a: Ogerpon|Ogerpon-Wellspring, F|100\/100\n|move|p1a: Dondozo|Liquidation|p2a: Ogerpon\n|-immune|p2a: Ogerpon|[from] ability: Water Absorb\n|\n|-weather|none\n|upkeep\n|turn|25\n|\n|t:|1700589135\n|move|p2a: Ogerpon|Ivy Cudgel|p1a: Dondozo|[anim] Ivy Cudgel Water\n|-resisted|p1a: Dondozo\n|-damage|p1a: Dondozo|58\/100\n|move|p1a: Dondozo|Body Press|p2a: Ogerpon\n|-damage|p2a: Ogerpon|62\/100\n|\n|upkeep\n|turn|26\n|\n|t:|1700589141\n|move|p2a: Ogerpon|Power Whip|p1a: Dondozo\n|-supereffective|p1a: Dondozo\n|-crit|p1a: Dondozo\n|-damage|p1a: Dondozo|0 fnt\n|faint|p1a: Dondozo\n|\n|upkeep\n|\n|t:|1700589145\n|switch|p1a: Cinderace|Cinderace, M|74\/100\n|-damage|p1a: Cinderace|49\/100|[from] Stealth Rock\n|turn|27\n|\n|t:|1700589152\n|switch|p2a: Great Tusk|Great Tusk|76\/100 brn\n|move|p1a: Cinderace|Pyro Ball|p2a: Great Tusk\n|-damage|p2a: Great Tusk|52\/100 brn\n|\n|-heal|p2a: Great Tusk|58\/100 brn|[from] item: Leftovers\n|-damage|p2a: Great Tusk|52\/100 brn|[from] brn\n|upkeep\n|turn|28\n|\n|t:|1700589158\n|move|p1a: Cinderace|U-turn|p2a: Great Tusk\n|-resisted|p2a: Great Tusk\n|-damage|p2a: Great Tusk|48\/100 brn\n|\n|t:|1700589163\n|switch|p1a: Gholdengo|Gholdengo|100\/100|[from] U-turn\n|-damage|p1a: Gholdengo|94\/100|[from] Stealth Rock\n|move|p2a: Great Tusk|Rapid Spin|p1a: Gholdengo\n|-immune|p1a: Gholdengo\n|\n|-heal|p2a: Great Tusk|54\/100 brn|[from] item: Leftovers\n|-heal|p1a: Gholdengo|100\/100|[from] item: Leftovers\n|-damage|p2a: Great Tusk|48\/100 brn|[from] brn\n|upkeep\n|turn|29\n|\n|t:|1700589168\n|-end|p2a: Great Tusk|Protosynthesis|[silent]\n|switch|p2a: Garganacl|Garganacl, F, tera:Steel|89\/100\n|move|p1a: Gholdengo|Hex|p2a: Garganacl\n|-damage|p2a: Garganacl|77\/100\n|\n|-heal|p2a: Garganacl|84\/100|[from] item: Leftovers\n|upkeep\n|turn|30\n|\n|t:|1700589187\n|switch|p1a: Zamazenta|Zamazenta|77\/100\n|-damage|p1a: Zamazenta|71\/100|[from] Stealth Rock\n|move|p2a: Garganacl|Salt Cure|p1a: Zamazenta\n|-resisted|p1a: Zamazenta\n|-damage|p1a: Zamazenta|65\/100\n|-start|p1a: Zamazenta|Salt Cure\n|\n|-heal|p2a: Garganacl|90\/100|[from] item: Leftovers\n|-damage|p1a: Zamazenta|52\/100|[from] Salt Cure\n|upkeep\n|turn|31\n|\n|t:|1700589195\n|move|p2a: Garganacl|Protect|p2a: Garganacl\n|-singleturn|p2a: Garganacl|Protect\n|move|p1a: Zamazenta|Close Combat|p2a: Garganacl\n|-activate|p2a: Garganacl|move: Protect\n|\n|-heal|p2a: Garganacl|96\/100|[from] item: Leftovers\n|-damage|p1a: Zamazenta|40\/100|[from] Salt Cure\n|upkeep\n|turn|32\n|\n|t:|1700589203\n|switch|p1a: Kingambit|Kingambit, F|100\/100\n|-activate|p1a: Kingambit|ability: Supreme Overlord\n|-start|p1a: Kingambit|fallen1|[silent]\n|switch|p2a: Dragapult|Dragapult, M|100\/100\n|\n|upkeep\n|turn|33\n|\n|t:|1700589211\n|switch|p2a: Garganacl|Garganacl, F, tera:Steel|96\/100\n|move|p1a: Kingambit|Kowtow Cleave|p2a: Garganacl\n|-damage|p2a: Garganacl|65\/100\n|\n|-heal|p2a: Garganacl|72\/100|[from] item: Leftovers\n|upkeep\n|turn|34\n|\n|t:|1700589227\n|move|p1a: Kingambit|Kowtow Cleave|p2a: Garganacl\n|-damage|p2a: Garganacl|43\/100\n|move|p2a: Garganacl|Salt Cure|p1a: Kingambit\n|-resisted|p1a: Kingambit\n|-damage|p1a: Kingambit|95\/100\n|-start|p1a: Kingambit|Salt Cure\n|\n|-heal|p2a: Garganacl|49\/100|[from] item: Leftovers\n|-damage|p1a: Kingambit|70\/100|[from] Salt Cure\n|upkeep\n|turn|35\n|\n|t:|1700589233\n|-end|p1a: Kingambit|fallen1|[silent]\n|switch|p1a: Zamazenta|Zamazenta|40\/100\n|-damage|p1a: Zamazenta|34\/100|[from] Stealth Rock\n|move|p2a: Garganacl|Recover|p2a: Garganacl\n|-heal|p2a: Garganacl|99\/100\n|\n|-heal|p2a: Garganacl|100\/100|[from] item: Leftovers\n|upkeep\n|turn|36\n|\n|t:|1700589243\n|move|p2a: Garganacl|Protect|p2a: Garganacl\n|-singleturn|p2a: Garganacl|Protect\n|move|p1a: Zamazenta|Crunch|p2a: Garganacl\n|-activate|p2a: Garganacl|move: Protect\n|\n|upkeep\n|turn|37\n|\n|t:|1700589249\n|switch|p1a: Slowking|Slowking-Galar, F|57\/100\n|-damage|p1a: Slowking|45\/100|[from] Stealth Rock\n|move|p2a: Garganacl|Salt Cure|p1a: Slowking\n|-damage|p1a: Slowking|29\/100\n|-start|p1a: Slowking|Salt Cure\n|\n|-damage|p1a: Slowking|17\/100|[from] Salt Cure\n|upkeep\n|turn|38\n|l|\u2606gcy9\n|inactive|gcy9 disconnected and has a minute to reconnect!\n|player|p1|\n|inactive|gcy9 has 30 seconds to reconnect!\n|inactive|gcy9 has 20 seconds to reconnect!\n|inactive|gcy9 has 15 seconds to reconnect!\n|inactive|gcy9 has 10 seconds to reconnect!\n|inactive|gcy9 has 5 seconds to reconnect!\n|-message|gcy9 lost due to inactivity.\n|\n|win|KvnLiao\n|raw|gcy9's rating: 1552 &rarr; <strong>1533<\/strong><br \/>(-19 for losing)\n|raw|KvnLiao's rating: 1568 &rarr; <strong>1587<\/strong><br \/>(+19 for winning)\n","uploadtime":1700589322,"views":17,"p1id":"gcy9","p2id":"kvnliao","formatid":"gen9ou","rating":1533,"private":0,"password":""}