{"id":"gen9ou-1989121100","p1":"East Yellow","p2":"KC177","format":"[Gen 9] OU","log":"|j|\u2606East Yellow\n|j|\u2606KC177\n|t:|1699814500\n|gametype|singles\n|player|p1|East Yellow|battlegirl-gen4|1616\n|player|p2|KC177|palmer|1566\n|teamsize|p1|6\n|teamsize|p2|6\n|gen|9\n|tier|[Gen 9] OU\n|rated|\n|rule|Sleep Clause Mod: Limit one foe put to sleep\n|rule|Species Clause: Limit one of each Pok\u00e9mon\n|rule|OHKO Clause: OHKO moves are banned\n|rule|Evasion Items Clause: Evasion items are banned\n|rule|Evasion Moves Clause: Evasion moves are banned\n|rule|Endless Battle Clause: Forcing endless battles is banned\n|rule|HP Percentage Mod: HP is shown in percentages\n|clearpoke\n|poke|p1|Sneasler, M|\n|poke|p1|Magnezone|\n|poke|p1|Great Tusk|\n|poke|p1|Cinderace, M|\n|poke|p1|Enamorus, F|\n|poke|p1|Ogerpon, F|\n|poke|p2|Samurott-Hisui, M|\n|poke|p2|Ceruledge, F|\n|poke|p2|Thundurus-Therian, M|\n|poke|p2|Amoonguss, M|\n|poke|p2|Great Tusk|\n|poke|p2|Gholdengo|\n|teampreview\n|inactive|Battle timer is ON: inactive players will automatically lose when time's up. (requested by East Yellow)\n|\n|t:|1699814526\n|start\n|switch|p1a: Ogerpon|Ogerpon, F|100\/100\n|switch|p2a: Samurott|Samurott-Hisui, M|100\/100\n|turn|1\n|j| LityL\n|l| LityL\n|\n|t:|1699814548\n|move|p2a: Samurott|Ceaseless Edge|p1a: Ogerpon\n|-damage|p1a: Ogerpon|80\/100\n|-damage|p2a: Samurott|84\/100|[from] item: Rocky Helmet|[of] p1a: Ogerpon\n|-sidestart|p1: East Yellow|Spikes\n|move|p1a: Ogerpon|Trailblaze|p2a: Samurott\n|-supereffective|p2a: Samurott\n|-damage|p2a: Samurott|34\/100\n|-boost|p1a: Ogerpon|spe|1\n|\n|upkeep\n|turn|2\n|\n|t:|1699814570\n|move|p2a: Samurott|Ceaseless Edge|p1a: Ogerpon\n|-damage|p1a: Ogerpon|55\/100\n|-damage|p2a: Samurott|17\/100|[from] item: Rocky Helmet|[of] p1a: Ogerpon\n|-sidestart|p1: East Yellow|Spikes\n|move|p1a: Ogerpon|Swords Dance|p1a: Ogerpon\n|-boost|p1a: Ogerpon|atk|2\n|\n|upkeep\n|turn|3\n|\n|t:|1699814578\n|move|p2a: Samurott|Ceaseless Edge|p1a: Ogerpon\n|-damage|p1a: Ogerpon|33\/100\n|-damage|p2a: Samurott|0 fnt|[from] item: Rocky Helmet|[of] p1a: Ogerpon\n|faint|p2a: Samurott\n|move|p1a: Ogerpon|Trailblaze|p2: Samurott|[notarget]\n|-fail|p1a: Ogerpon\n|\n|upkeep\n|inactive|KC177 has 120 seconds left.\n|inactive|KC177 has 90 seconds left.\n|\n|t:|1699814645\n|switch|p2a: Amoonguss|Amoonguss, M|100\/100\n|turn|4\n|inactive|KC177 has 90 seconds left.\n|\n|t:|1699814657\n|move|p1a: Ogerpon|Knock Off|p2a: Amoonguss\n|-damage|p2a: Amoonguss|53\/100\n|-enditem|p2a: Amoonguss|Red Card|[from] move: Knock Off|[of] p1a: Ogerpon\n|move|p2a: Amoonguss|Sludge Bomb|p1a: Ogerpon\n|-supereffective|p1a: Ogerpon\n|-damage|p1a: Ogerpon|0 fnt\n|faint|p1a: Ogerpon\n|\n|upkeep\n|\n|t:|1699814661\n|switch|p1a: Cinderace|Cinderace, M|100\/100\n|turn|5\n|inactive|KC177 has 90 seconds left.\n|\n|t:|1699814676\n|switch|p2a: Ceruledge|Ceruledge, F, shiny|100\/100\n|move|p1a: Cinderace|Court Change|p1a: Cinderace\n|-start|p1a: Cinderace|typechange|Normal|[from] ability: Libero\n|-swapsideconditions\n|-activate|p1a: Cinderace|move: Court Change\n|\n|upkeep\n|turn|6\n|\n|t:|1699814685\n|move|p1a: Cinderace|U-turn|p2a: Ceruledge\n|-resisted|p2a: Ceruledge\n|-damage|p2a: Ceruledge|93\/100\n|-ability|p2a: Ceruledge|Weak Armor|boost\n|-unboost|p2a: Ceruledge|def|1\n|-boost|p2a: Ceruledge|spe|2\n|\n|t:|1699814689\n|switch|p1a: Great Tusk|Great Tusk|100\/100|[from] U-turn\n|-enditem|p1a: Great Tusk|Booster Energy\n|-activate|p1a: Great Tusk|ability: Protosynthesis|[fromitem]\n|-start|p1a: Great Tusk|protosynthesisatk\n|move|p2a: Ceruledge|Swords Dance|p2a: Ceruledge\n|-boost|p2a: Ceruledge|atk|2\n|\n|upkeep\n|turn|7\n|\n|t:|1699814707\n|move|p2a: Ceruledge|Bitter Blade|p1a: Great Tusk\n|-damage|p1a: Great Tusk|33\/100\n|-heal|p2a: Ceruledge|100\/100|[from] drain|[of] p1a: Great Tusk\n|move|p1a: Great Tusk|Earthquake|p2a: Ceruledge\n|-supereffective|p2a: Ceruledge\n|-damage|p2a: Ceruledge|0 fnt\n|faint|p2a: Ceruledge\n|\n|upkeep\n|inactive|KC177 has 90 seconds left.\n|\n|t:|1699814718\n|switch|p2a: Thundurus|Thundurus-Therian, M, shiny|100\/100\n|turn|8\n|\n|t:|1699814732\n|move|p2a: Thundurus|Grass Knot|p1a: Great Tusk\n|-supereffective|p1a: Great Tusk\n|-damage|p1a: Great Tusk|0 fnt\n|faint|p1a: Great Tusk\n|-end|p1a: Great Tusk|Protosynthesis|[silent]\n|\n|upkeep\n|\n|t:|1699814738\n|switch|p1a: Cinderace|Cinderace, M|100\/100\n|turn|9\n|\n|t:|1699814742\n|move|p1a: Cinderace|Pyro Ball|p2a: Thundurus\n|-damage|p2a: Thundurus|7\/100\n|move|p2a: Thundurus|Volt Switch|p1a: Cinderace\n|-damage|p1a: Cinderace|48\/100\n|\n|t:|1699814748\n|switch|p2a: Great Tusk|Great Tusk, shiny|100\/100|[from] Volt Switch\n|-damage|p2a: Great Tusk|84\/100|[from] Spikes\n|\n|-heal|p2a: Great Tusk|90\/100|[from] item: Leftovers\n|upkeep\n|turn|10\n|inactive|KC177 has 120 seconds left.\n|\n|t:|1699814756\n|move|p1a: Cinderace|Will-O-Wisp|p2a: Great Tusk\n|-status|p2a: Great Tusk|brn\n|move|p2a: Great Tusk|Rapid Spin|p1a: Cinderace\n|-damage|p1a: Cinderace|38\/100\n|-boost|p2a: Great Tusk|spe|1\n|-sideend|p2: KC177|Spikes|[from] move: Rapid Spin|[of] p2a: Great Tusk\n|\n|-heal|p2a: Great Tusk|96\/100 brn|[from] item: Leftovers\n|-damage|p2a: Great Tusk|90\/100 brn|[from] brn\n|upkeep\n|turn|11\n|inactive|KC177 has 120 seconds left.\n|c|\u2606KC177|only picks the lame play every time\n|\n|t:|1699814786\n|switch|p1a: Enamorus|Enamorus, F|100\/100\n|move|p2a: Great Tusk|Ice Spinner|p1a: Enamorus\n|-supereffective|p1a: Enamorus\n|-damage|p1a: Enamorus|65\/100\n|\n|-heal|p2a: Great Tusk|96\/100 brn|[from] item: Leftovers\n|-damage|p2a: Great Tusk|90\/100 brn|[from] brn\n|upkeep\n|turn|12\n|\n|t:|1699814796\n|-terastallize|p2a: Great Tusk|Poison\n|move|p1a: Enamorus|Moonblast|p2a: Great Tusk\n|-resisted|p2a: Great Tusk\n|-damage|p2a: Great Tusk|56\/100 brn\n|-unboost|p2a: Great Tusk|spa|1\n|move|p2a: Great Tusk|Ice Spinner|p1a: Enamorus\n|-supereffective|p1a: Enamorus\n|-damage|p1a: Enamorus|29\/100\n|\n|-heal|p2a: Great Tusk|62\/100 brn|[from] item: Leftovers\n|-damage|p2a: Great Tusk|56\/100 brn|[from] brn\n|upkeep\n|turn|13\n|inactive|East Yellow has 120 seconds left.\n|\n|t:|1699814830\n|switch|p1a: Cinderace|Cinderace, M|38\/100\n|-end|p2a: Great Tusk|Protosynthesis|[silent]\n|switch|p2a: Amoonguss|Amoonguss, M|87\/100\n|\n|upkeep\n|turn|14\n|\n|t:|1699814847\n|move|p1a: Cinderace|Pyro Ball|p2a: Amoonguss\n|-supereffective|p2a: Amoonguss\n|-damage|p2a: Amoonguss|0 fnt\n|faint|p2a: Amoonguss\n|\n|upkeep\n|\n|t:|1699814850\n|switch|p2a: Great Tusk|Great Tusk, shiny, tera:Poison|56\/100 brn\n|turn|15\n|\n|t:|1699814856\n|move|p1a: Cinderace|Pyro Ball|p2a: Great Tusk\n|-damage|p2a: Great Tusk|24\/100 brn\n|move|p2a: Great Tusk|Rapid Spin|p1a: Cinderace\n|-damage|p1a: Cinderace|27\/100\n|-boost|p2a: Great Tusk|spe|1\n|\n|-heal|p2a: Great Tusk|30\/100 brn|[from] item: Leftovers\n|-damage|p2a: Great Tusk|24\/100 brn|[from] brn\n|upkeep\n|turn|16\n|\n|t:|1699814867\n|move|p2a: Great Tusk|Rapid Spin|p1a: Cinderace\n|-damage|p1a: Cinderace|17\/100\n|-boost|p2a: Great Tusk|spe|1\n|move|p1a: Cinderace|Pyro Ball|p2a: Great Tusk\n|-damage|p2a: Great Tusk|0 fnt\n|faint|p2a: Great Tusk\n|-end|p2a: Great Tusk|Protosynthesis|[silent]\n|\n|upkeep\n|c|\u2606KC177|most lethargic player of all time\n|inactive|KC177 has 90 seconds left.\n|j| Ma8097\n|inactive|KC177 has 60 seconds left.\n|c|\u2606KC177|think about ur actions for the next 60 seconds\n|inactive|KC177 has 30 seconds left.\n|c|\u2606KC177|is it possible for me to spam anything besides cinderace\n|inactive|KC177 has 20 seconds left.\n|inactive|KC177 has 15 seconds left.\n|c|\u2606KC177|am I possibly in love with cinderace\n|inactive|KC177 has 10 seconds left.\n|c|\u2606KC177|these are the questions you need to be asking\n|c|\u2606KC177|in this time\n|inactive|KC177 has 5 seconds left.\n|c|\u2606East Yellow|lol\n|-message|KC177 lost due to inactivity.\n|\n|win|East Yellow\n|raw|East Yellow's rating: 1616 &rarr; <strong>1633<\/strong><br \/>(+17 for winning)\n|raw|KC177's rating: 1566 &rarr; <strong>1549<\/strong><br \/>(-17 for losing)\n|l|\u2606KC177\n|l| Ma8097\n","uploadtime":1699814995,"views":34,"p1id":"eastyellow","p2id":"kc177","formatid":"gen9ou","rating":1549,"private":0,"password":""}