{"id":"gen9ou-1989814059","p1":"Username momento","p2":"Sandysuit","format":"[Gen 9] OU","log":"|j|\u2606Username momento\n|j|\u2606Sandysuit\n|t:|1699897946\n|gametype|singles\n|player|p1|Username momento|ninjaboy|1501\n|player|p2|Sandysuit|101|1545\n|teamsize|p1|6\n|teamsize|p2|6\n|gen|9\n|tier|[Gen 9] OU\n|rated|\n|rule|Sleep Clause Mod: Limit one foe put to sleep\n|rule|Species Clause: Limit one of each Pok\u00e9mon\n|rule|OHKO Clause: OHKO moves are banned\n|rule|Evasion Items Clause: Evasion items are banned\n|rule|Evasion Moves Clause: Evasion moves are banned\n|rule|Endless Battle Clause: Forcing endless battles is banned\n|rule|HP Percentage Mod: HP is shown in percentages\n|clearpoke\n|poke|p1|Meowscarada, M|\n|poke|p1|Kingambit, F|\n|poke|p1|Gholdengo|\n|poke|p1|Zamazenta-*|\n|poke|p1|Great Tusk|\n|poke|p1|Iron Moth|\n|poke|p2|Kingambit, M|\n|poke|p2|Gholdengo|\n|poke|p2|Dragapult, M|\n|poke|p2|Great Tusk|\n|poke|p2|Ogerpon-Wellspring, F|\n|poke|p2|Iron Valiant|\n|teampreview\n|inactive|Battle timer is ON: inactive players will automatically lose when time's up. (requested by Username momento)\n|inactive|Sandysuit has 120 seconds left.\n|\n|t:|1699898004\n|start\n|switch|p1a: Meowscarada|Meowscarada, M|100\/100\n|switch|p2a: Ogerpon|Ogerpon-Wellspring, F|100\/100\n|turn|1\n|\n|t:|1699898014\n|switch|p2a: Good Tusk|Great Tusk|100\/100\n|-enditem|p2a: Good Tusk|Booster Energy\n|-activate|p2a: Good Tusk|ability: Protosynthesis|[fromitem]\n|-start|p2a: Good Tusk|protosynthesisspe\n|move|p1a: Meowscarada|U-turn|p2a: Good Tusk\n|-start|p1a: Meowscarada|typechange|Bug|[from] ability: Protean\n|-resisted|p2a: Good Tusk\n|-damage|p2a: Good Tusk|85\/100\n|\n|t:|1699898023\n|switch|p1a: Iron Moth|Iron Moth|100\/100|[from] U-turn\n|-enditem|p1a: Iron Moth|Booster Energy\n|-activate|p1a: Iron Moth|ability: Quark Drive|[fromitem]\n|-start|p1a: Iron Moth|quarkdrivespe\n|\n|upkeep\n|turn|2\n|\n|t:|1699898041\n|-terastallize|p2a: Good Tusk|Ghost\n|move|p1a: Iron Moth|Dazzling Gleam|p2a: Good Tusk\n|-damage|p2a: Good Tusk|50\/100\n|move|p2a: Good Tusk|Headlong Rush|p1a: Iron Moth\n|-supereffective|p1a: Iron Moth\n|-damage|p1a: Iron Moth|0 fnt\n|-unboost|p2a: Good Tusk|def|1\n|-unboost|p2a: Good Tusk|spd|1\n|faint|p1a: Iron Moth\n|-end|p1a: Iron Moth|Quark Drive|[silent]\n|\n|upkeep\n|\n|t:|1699898058\n|switch|p1a: Kingambit|Kingambit, F|100\/100\n|-activate|p1a: Kingambit|ability: Supreme Overlord\n|-start|p1a: Kingambit|fallen1|[silent]\n|turn|3\n|c|\u2606Sandysuit|Man that wouldn\u2019t have killed anyway without the tera\n|\n|t:|1699898066\n|move|p1a: Kingambit|Sucker Punch||[still]\n|-fail|p1a: Kingambit\n|move|p2a: Good Tusk|Taunt|p1a: Kingambit\n|-start|p1a: Kingambit|move: Taunt\n|\n|upkeep\n|turn|4\n|\n|t:|1699898073\n|move|p1a: Kingambit|Sucker Punch||[still]\n|-fail|p1a: Kingambit\n|move|p2a: Good Tusk|Stealth Rock|p1a: Kingambit\n|-sidestart|p1: Username momento|move: Stealth Rock\n|\n|upkeep\n|turn|5\n|\n|t:|1699898080\n|-end|p2a: Good Tusk|Protosynthesis|[silent]\n|switch|p2a: Ogerpon|Ogerpon-Wellspring, F|100\/100\n|move|p1a: Kingambit|Sucker Punch||[still]\n|-fail|p1a: Kingambit\n|\n|upkeep\n|turn|6\n|\n|t:|1699898085\n|move|p2a: Ogerpon|Encore|p1a: Kingambit\n|-start|p1a: Kingambit|Encore\n|move|p1a: Kingambit|Sucker Punch||[still]\n|-fail|p1a: Kingambit\n|\n|-end|p1a: Kingambit|move: Taunt\n|upkeep\n|turn|7\n|\n|t:|1699898096\n|-end|p1a: Kingambit|fallen1|[silent]\n|switch|p1a: Meowscarada|Meowscarada, M|100\/100\n|-damage|p1a: Meowscarada|88\/100|[from] Stealth Rock\n|move|p2a: Ogerpon|Ivy Cudgel|p1a: Meowscarada\n|-resisted|p1a: Meowscarada\n|-crit|p1a: Meowscarada\n|-damage|p1a: Meowscarada|15\/100\n|\n|upkeep\n|turn|8\n|\n|t:|1699898104\n|switch|p2a: Good Tusk|Great Tusk, tera:Ghost|50\/100\n|move|p1a: Meowscarada|U-turn|p2a: Good Tusk\n|-start|p1a: Meowscarada|typechange|Bug|[from] ability: Protean\n|-resisted|p2a: Good Tusk\n|-damage|p2a: Good Tusk|33\/100\n|\n|t:|1699898117\n|switch|p1a: Gholdengo|Gholdengo|100\/100|[from] U-turn\n|-damage|p1a: Gholdengo|94\/100|[from] Stealth Rock\n|\n|upkeep\n|turn|9\n|\n|t:|1699898128\n|move|p2a: Good Tusk|Headlong Rush|p1a: Gholdengo\n|-supereffective|p1a: Gholdengo\n|-damage|p1a: Gholdengo|0 fnt\n|-unboost|p2a: Good Tusk|def|1\n|-unboost|p2a: Good Tusk|spd|1\n|faint|p1a: Gholdengo\n|\n|upkeep\n|\n|t:|1699898133\n|switch|p1a: Great Tusk|Great Tusk|100\/100\n|-damage|p1a: Great Tusk|98\/100|[from] Stealth Rock\n|-enditem|p1a: Great Tusk|Booster Energy\n|-activate|p1a: Great Tusk|ability: Protosynthesis|[fromitem]\n|-start|p1a: Great Tusk|protosynthesisatk\n|turn|10\n|inactive|Sandysuit has 120 seconds left.\n|\n|t:|1699898181\n|move|p1a: Great Tusk|Knock Off|p2a: Good Tusk\n|-supereffective|p2a: Good Tusk\n|-damage|p2a: Good Tusk|0 fnt\n|faint|p2a: Good Tusk\n|-end|p2a: Good Tusk|Protosynthesis|[silent]\n|\n|upkeep\n|\n|t:|1699898189\n|switch|p2a: Ogerpon|Ogerpon-Wellspring, F|100\/100\n|turn|11\n|\n|t:|1699898194\n|-terastallize|p1a: Great Tusk|Steel\n|move|p2a: Ogerpon|Ivy Cudgel|p1a: Great Tusk\n|-damage|p1a: Great Tusk|56\/100\n|move|p1a: Great Tusk|Rapid Spin|p2a: Ogerpon\n|-damage|p2a: Ogerpon|75\/100\n|-boost|p1a: Great Tusk|spe|1\n|-sideend|p1: Username momento|Stealth Rock|[from] move: Rapid Spin|[of] p1a: Great Tusk\n|\n|upkeep\n|turn|12\n|inactive|Sandysuit has 120 seconds left.\n|\n|t:|1699898205\n|move|p1a: Great Tusk|Rapid Spin|p2a: Ogerpon\n|-damage|p2a: Ogerpon|49\/100\n|-boost|p1a: Great Tusk|spe|1\n|move|p2a: Ogerpon|Trailblaze|p1a: Great Tusk\n|-resisted|p1a: Great Tusk\n|-damage|p1a: Great Tusk|46\/100\n|-boost|p2a: Ogerpon|spe|1\n|\n|upkeep\n|turn|13\n|inactive|Sandysuit has 120 seconds left.\n|\n|t:|1699898213\n|move|p1a: Great Tusk|Ice Spinner|p2a: Ogerpon\n|-damage|p2a: Ogerpon|7\/100\n|move|p2a: Ogerpon|Ivy Cudgel|p1a: Great Tusk\n|-damage|p1a: Great Tusk|7\/100\n|\n|upkeep\n|turn|14\n|inactive|Sandysuit has 120 seconds left.\n|\n|t:|1699898246\n|move|p1a: Great Tusk|Earthquake|p2a: Ogerpon\n|-resisted|p2a: Ogerpon\n|-damage|p2a: Ogerpon|0 fnt\n|faint|p2a: Ogerpon\n|\n|upkeep\n|\n|t:|1699898255\n|switch|p2a: Iron Valiant|Iron Valiant|100\/100\n|turn|15\n|\n|t:|1699898262\n|move|p1a: Great Tusk|Earthquake|p2a: Iron Valiant\n|-damage|p2a: Iron Valiant|17\/100\n|move|p2a: Iron Valiant|Knock Off|p1a: Great Tusk\n|-damage|p1a: Great Tusk|0 fnt\n|faint|p1a: Great Tusk\n|-end|p1a: Great Tusk|Protosynthesis|[silent]\n|\n|-heal|p2a: Iron Valiant|23\/100|[from] item: Leftovers\n|upkeep\n|\n|t:|1699898268\n|switch|p1a: Meowscarada|Meowscarada, M|15\/100\n|turn|16\n|\n|t:|1699898278\n|-end|p2a: Iron Valiant|Quark Drive|[silent]\n|switch|p2a: Yambit|Kingambit, M|100\/100\n|-activate|p2a: Yambit|ability: Supreme Overlord\n|-start|p2a: Yambit|fallen2|[silent]\n|move|p1a: Meowscarada|Flower Trick|p2a: Yambit\n|-start|p1a: Meowscarada|typechange|Grass|[from] ability: Protean\n|-resisted|p2a: Yambit\n|-crit|p2a: Yambit\n|-damage|p2a: Yambit|71\/100\n|\n|-heal|p2a: Yambit|78\/100|[from] item: Leftovers\n|upkeep\n|turn|17\n|inactive|Sandysuit has 120 seconds left.\n|\n|t:|1699898294\n|switch|p1a: Zamazenta|Zamazenta|100\/100\n|-ability|p1a: Zamazenta|Dauntless Shield|boost\n|-boost|p1a: Zamazenta|def|1\n|move|p2a: Yambit|Iron Head|p1a: Zamazenta\n|-damage|p1a: Zamazenta|76\/100\n|\n|-heal|p1a: Zamazenta|82\/100|[from] item: Leftovers\n|-heal|p2a: Yambit|84\/100|[from] item: Leftovers\n|upkeep\n|turn|18\n|\n|t:|1699898307\n|-end|p2a: Yambit|fallen2|[silent]\n|switch|p2a: Bold Dingo|Gholdengo|100\/100\n|move|p1a: Zamazenta|Crunch|p2a: Bold Dingo\n|-supereffective|p2a: Bold Dingo\n|-damage|p2a: Bold Dingo|59\/100\n|\n|-heal|p1a: Zamazenta|89\/100|[from] item: Leftovers\n|-heal|p2a: Bold Dingo|65\/100|[from] item: Leftovers\n|upkeep\n|turn|19\n|\n|t:|1699898326\n|move|p1a: Zamazenta|Crunch|p2a: Bold Dingo\n|-supereffective|p2a: Bold Dingo\n|-damage|p2a: Bold Dingo|25\/100\n|move|p2a: Bold Dingo|Make It Rain|p1a: Zamazenta\n|-damage|p1a: Zamazenta|33\/100\n|-unboost|p2a: Bold Dingo|spa|1\n|\n|-heal|p1a: Zamazenta|39\/100|[from] item: Leftovers\n|-heal|p2a: Bold Dingo|31\/100|[from] item: Leftovers\n|upkeep\n|turn|20\n|inactive|Sandysuit has 90 seconds left.\n|\n|t:|1699898353\n|switch|p2a: Yambit|Kingambit, M|84\/100\n|-activate|p2a: Yambit|ability: Supreme Overlord\n|-start|p2a: Yambit|fallen2|[silent]\n|move|p1a: Zamazenta|Crunch|p2a: Yambit\n|-resisted|p2a: Yambit\n|-damage|p2a: Yambit|75\/100\n|-unboost|p2a: Yambit|def|1\n|\n|-heal|p1a: Zamazenta|46\/100|[from] item: Leftovers\n|-heal|p2a: Yambit|82\/100|[from] item: Leftovers\n|upkeep\n|turn|21\n|inactive|Sandysuit has 90 seconds left.\n|\n|t:|1699898365\n|move|p1a: Zamazenta|Iron Defense|p1a: Zamazenta\n|-boost|p1a: Zamazenta|def|2\n|move|p2a: Yambit|Iron Head|p1a: Zamazenta\n|-damage|p1a: Zamazenta|30\/100\n|\n|-heal|p1a: Zamazenta|36\/100|[from] item: Leftovers\n|-heal|p2a: Yambit|88\/100|[from] item: Leftovers\n|upkeep\n|turn|22\n|\n|t:|1699898374\n|-end|p2a: Yambit|fallen2|[silent]\n|switch|p2a: Dragapult|Dragapult, M|100\/100\n|move|p1a: Zamazenta|Crunch|p2a: Dragapult\n|-supereffective|p2a: Dragapult\n|-damage|p2a: Dragapult|51\/100\n|-unboost|p2a: Dragapult|def|1\n|\n|-heal|p2a: Dragapult|57\/100|[from] item: Leftovers\n|-heal|p1a: Zamazenta|42\/100|[from] item: Leftovers\n|upkeep\n|turn|23\n|inactive|Sandysuit has 90 seconds left.\n|c|\u2606Sandysuit|That sucks\n|\n|t:|1699898410\n|switch|p2a: Iron Valiant|Iron Valiant|23\/100\n|move|p1a: Zamazenta|Crunch|p2a: Iron Valiant\n|-resisted|p2a: Iron Valiant\n|-damage|p2a: Iron Valiant|17\/100\n|\n|-heal|p1a: Zamazenta|48\/100|[from] item: Leftovers\n|-heal|p2a: Iron Valiant|23\/100|[from] item: Leftovers\n|upkeep\n|turn|24\n|inactive|Sandysuit has 60 seconds left.\n|c|\u2606Username momento|Is it a slow dragapult?\n|c|\u2606Username momento|Or a support one?\n|inactive|Sandysuit has 30 seconds left.\n|inactive|Sandysuit has 20 seconds left.\n|inactive|Sandysuit has 15 seconds left.\n|c|\u2606Sandysuit|!showset 3\n|c| Sandysuit|\/raw <div class=\"infobox\">Dragapult (M) @ Leftovers  <br \/>Ability: Infiltrator  <br \/>Tera Type: Ghost  <br \/>EVs: 144 HP &#x2f; 252 SpA &#x2f; 112 Spe  <br \/>Naive Nature  <br \/>- Dragon Darts  <br \/>- Hex  <br \/>- Will-O-Wisp  <br \/>- Substitute  <br \/><br \/><\/div>\n|inactive|Sandysuit has 10 seconds left.\n|c|\u2606Username momento|Ah\n|inactive|Sandysuit has 5 seconds left.\n|c|\u2606Username momento|man\n|-message|Sandysuit lost due to inactivity.\n|\n|win|Username momento\n|raw|Username momento's rating: 1501 &rarr; <strong>1524<\/strong><br \/>(+23 for winning)\n|raw|Sandysuit's rating: 1545 &rarr; <strong>1522<\/strong><br \/>(-23 for losing)\n","uploadtime":1699898494,"views":8,"p1id":"usernamemomento","p2id":"sandysuit","formatid":"gen9ou","rating":1522,"private":0,"password":""}