{"id":"gen9ou-1988762414","p1":"leonarko","p2":"VectorAMV","format":"[Gen 9] OU","log":"|j|\u2606leonarko\n|j|\u2606VectorAMV\n|t:|1699759889\n|gametype|singles\n|player|p1|leonarko|1|1083\n|player|p2|VectorAMV|nate|1029\n|teamsize|p1|6\n|teamsize|p2|6\n|gen|9\n|tier|[Gen 9] OU\n|rated|\n|rule|Sleep Clause Mod: Limit one foe put to sleep\n|rule|Species Clause: Limit one of each Pok\u00e9mon\n|rule|OHKO Clause: OHKO moves are banned\n|rule|Evasion Items Clause: Evasion items are banned\n|rule|Evasion Moves Clause: Evasion moves are banned\n|rule|Endless Battle Clause: Forcing endless battles is banned\n|rule|HP Percentage Mod: HP is shown in percentages\n|clearpoke\n|poke|p1|Toxapex, M|\n|poke|p1|Grimmsnarl, M|\n|poke|p1|Glimmora, F|\n|poke|p1|Appletun, F|\n|poke|p1|Skeledirge, F|\n|poke|p1|Great Tusk|\n|poke|p2|Tinkatuff, F|\n|poke|p2|Ceruledge, M|\n|poke|p2|Great Tusk|\n|poke|p2|Glimmora, F|\n|poke|p2|Greninja-*, M|\n|poke|p2|Rillaboom, M|\n|teampreview\n|inactive|Battle timer is ON: inactive players will automatically lose when time's up. (requested by VectorAMV)\n|\n|t:|1699759896\n|start\n|switch|p1a: Appletun|Appletun, F|100\/100\n|switch|p2a: Gloria|Glimmora, F|100\/100\n|turn|1\n|\n|t:|1699759903\n|move|p2a: Gloria|Mortal Spin|p1a: Appletun\n|-supereffective|p1a: Appletun\n|-damage|p1a: Appletun|87\/100\n|-status|p1a: Appletun|psn\n|move|p1a: Appletun|Leech Seed|p2a: Gloria\n|-start|p2a: Gloria|move: Leech Seed\n|\n|-heal|p1a: Appletun|93\/100 psn|[from] item: Leftovers\n|-damage|p2a: Gloria|88\/100|[from] Leech Seed|[of] p1a: Appletun\n|-heal|p1a: Appletun|100\/100 psn|[silent]\n|-damage|p1a: Appletun|88\/100 psn|[from] psn\n|upkeep\n|turn|2\n|\n|t:|1699759915\n|move|p2a: Gloria|Stealth Rock|p1a: Appletun\n|-sidestart|p1: leonarko|move: Stealth Rock\n|move|p1a: Appletun|Iron Defense|p1a: Appletun\n|-boost|p1a: Appletun|def|2\n|\n|-heal|p1a: Appletun|94\/100 psn|[from] item: Leftovers\n|-damage|p2a: Gloria|76\/100|[from] Leech Seed|[of] p1a: Appletun\n|-heal|p1a: Appletun|100\/100 psn|[silent]\n|-damage|p1a: Appletun|88\/100 psn|[from] psn\n|upkeep\n|turn|3\n|\n|t:|1699759924\n|move|p2a: Gloria|Mortal Spin|p1a: Appletun\n|-supereffective|p1a: Appletun\n|-damage|p1a: Appletun|81\/100 psn\n|-end|p2a: Gloria|Leech Seed|[from] move: Mortal Spin|[of] p2a: Gloria\n|move|p1a: Appletun|Iron Defense|p1a: Appletun\n|-boost|p1a: Appletun|def|2\n|\n|-heal|p1a: Appletun|87\/100 psn|[from] item: Leftovers\n|-damage|p1a: Appletun|75\/100 psn|[from] psn\n|upkeep\n|turn|4\n|\n|t:|1699759936\n|move|p2a: Gloria|Spikes|p1a: Appletun\n|-sidestart|p1: leonarko|Spikes\n|move|p1a: Appletun|Leech Seed|p2a: Gloria\n|-start|p2a: Gloria|move: Leech Seed\n|\n|-heal|p1a: Appletun|81\/100 psn|[from] item: Leftovers\n|-damage|p2a: Gloria|64\/100|[from] Leech Seed|[of] p1a: Appletun\n|-heal|p1a: Appletun|90\/100 psn|[silent]\n|-damage|p1a: Appletun|77\/100 psn|[from] psn\n|upkeep\n|turn|5\n|\n|t:|1699759946\n|move|p2a: Gloria|Spikes|p1a: Appletun\n|-sidestart|p1: leonarko|Spikes\n|move|p1a: Appletun|Body Press|p2a: Gloria\n|-damage|p2a: Gloria|15\/100\n|-activate|p2a: Gloria|ability: Toxic Debris\n|-sidestart|p1: leonarko|move: Toxic Spikes\n|\n|-heal|p1a: Appletun|84\/100 psn|[from] item: Leftovers\n|-damage|p2a: Gloria|3\/100|[from] Leech Seed|[of] p1a: Appletun\n|-heal|p1a: Appletun|93\/100 psn|[silent]\n|-damage|p1a: Appletun|80\/100 psn|[from] psn\n|upkeep\n|turn|6\n|\n|t:|1699759957\n|move|p2a: Gloria|Explosion|p1a: Appletun\n|-damage|p1a: Appletun|68\/100 psn\n|faint|p2a: Gloria\n|move|p1a: Appletun|Recover|p1a: Appletun\n|-heal|p1a: Appletun|100\/100 psn\n|\n|-damage|p1a: Appletun|88\/100 psn|[from] psn\n|upkeep\n|\n|t:|1699759979\n|switch|p2a: Carl|Ceruledge, M|100\/100\n|turn|7\n|\n|t:|1699759984\n|move|p2a: Carl|Swords Dance|p2a: Carl\n|-boost|p2a: Carl|atk|2\n|move|p1a: Appletun|Leech Seed|p2a: Carl\n|-start|p2a: Carl|move: Leech Seed\n|\n|-heal|p1a: Appletun|94\/100 psn|[from] item: Leftovers\n|-damage|p2a: Carl|88\/100|[from] Leech Seed|[of] p1a: Appletun\n|-heal|p1a: Appletun|100\/100 psn|[silent]\n|-damage|p1a: Appletun|88\/100 psn|[from] psn\n|upkeep\n|turn|8\n|\n|t:|1699760005\n|switch|p1a: Great Tusk|Great Tusk|100\/100\n|-damage|p1a: Great Tusk|98\/100|[from] Stealth Rock\n|-damage|p1a: Great Tusk|81\/100|[from] Spikes\n|-status|p1a: Great Tusk|psn\n|move|p2a: Carl|Swords Dance|p2a: Carl\n|-boost|p2a: Carl|atk|2\n|\n|-damage|p2a: Carl|76\/100|[from] Leech Seed|[of] p1a: Great Tusk\n|-heal|p1a: Great Tusk|91\/100 psn|[silent]\n|-damage|p1a: Great Tusk|79\/100 psn|[from] psn\n|upkeep\n|turn|9\n|\n|t:|1699760018\n|-terastallize|p2a: Carl|Fairy\n|move|p1a: Great Tusk|Rapid Spin|p2a: Carl\n|-damage|p2a: Carl|54\/100\n|-boost|p1a: Great Tusk|spe|1\n|-ability|p2a: Carl|Weak Armor|boost\n|-unboost|p2a: Carl|def|1\n|-boost|p2a: Carl|spe|2\n|-sideend|p1: leonarko|Spikes|[from] move: Rapid Spin|[of] p1a: Great Tusk\n|-sideend|p1: leonarko|Toxic Spikes|[from] move: Rapid Spin|[of] p1a: Great Tusk\n|-sideend|p1: leonarko|Stealth Rock|[from] move: Rapid Spin|[of] p1a: Great Tusk\n|-enditem|p2a: Carl|White Herb\n|-clearnegativeboost|p2a: Carl|[silent]\n|move|p2a: Carl|Tera Blast|p1a: Great Tusk|[anim] Tera Blast Fairy\n|-supereffective|p1a: Great Tusk\n|-damage|p1a: Great Tusk|0 fnt\n|faint|p1a: Great Tusk\n|-end|p1a: Great Tusk|Protosynthesis|[silent]\n|\n|upkeep\n|inactive|leonarko has 120 seconds left.\n|\n|t:|1699760051\n|switch|p1a: Toxapex|Toxapex, M|100\/100\n|turn|10\n|\n|t:|1699760058\n|move|p2a: Carl|Bitter Blade|p1a: Toxapex\n|-resisted|p1a: Toxapex\n|-damage|p1a: Toxapex|68\/100\n|-heal|p2a: Carl|70\/100|[from] drain|[of] p1a: Toxapex\n|-damage|p2a: Carl|54\/100|[from] item: Rocky Helmet|[of] p1a: Toxapex\n|move|p1a: Toxapex|Haze|p1a: Toxapex\n|-clearallboost\n|\n|-damage|p2a: Carl|41\/100|[from] Leech Seed|[of] p1a: Toxapex\n|-heal|p1a: Toxapex|81\/100|[silent]\n|upkeep\n|turn|11\n|inactive|leonarko has 120 seconds left.\n|\n|t:|1699760070\n|switch|p2a: Teeah|Tinkatuff, F, shiny|100\/100\n|move|p1a: Toxapex|Toxic|p2a: Teeah\n|-immune|p2a: Teeah\n|\n|upkeep\n|turn|12\n|inactive|leonarko has 120 seconds left.\n|\n|t:|1699760081\n|move|p2a: Teeah|Thunder Wave|p1a: Toxapex\n|-status|p1a: Toxapex|par\n|move|p1a: Toxapex|Ice Beam|p2a: Teeah\n|-resisted|p2a: Teeah\n|-damage|p2a: Teeah|95\/100\n|\n|upkeep\n|turn|13\n|inactive|leonarko has 120 seconds left.\n|\n|t:|1699760103\n|switch|p1a: Appletun|Appletun, F|88\/100 psn\n|move|p2a: Teeah|Fake Tears|p1a: Appletun\n|-unboost|p1a: Appletun|spd|2\n|\n|-heal|p1a: Appletun|94\/100 psn|[from] item: Leftovers\n|-damage|p1a: Appletun|82\/100 psn|[from] psn\n|upkeep\n|turn|14\n|\n|t:|1699760114\n|-terastallize|p1a: Appletun|Fire\n|move|p2a: Teeah|Fake Tears|p1a: Appletun\n|-unboost|p1a: Appletun|spd|2\n|move|p1a: Appletun|Leech Seed|p2a: Teeah\n|-start|p2a: Teeah|move: Leech Seed\n|\n|-heal|p1a: Appletun|88\/100 psn|[from] item: Leftovers\n|-damage|p2a: Teeah|82\/100|[from] Leech Seed|[of] p1a: Appletun\n|-heal|p1a: Appletun|96\/100 psn|[silent]\n|-damage|p1a: Appletun|84\/100 psn|[from] psn\n|upkeep\n|turn|15\n|\n|t:|1699760125\n|switch|p2a: Gerry|Great Tusk|100\/100\n|move|p1a: Appletun|Iron Defense|p1a: Appletun\n|-boost|p1a: Appletun|def|2\n|\n|-heal|p1a: Appletun|90\/100 psn|[from] item: Leftovers\n|-damage|p1a: Appletun|78\/100 psn|[from] psn\n|upkeep\n|turn|16\n|\n|t:|1699760148\n|move|p2a: Gerry|Knock Off|p1a: Appletun\n|-damage|p1a: Appletun|63\/100 psn\n|-enditem|p1a: Appletun|Leftovers|[from] move: Knock Off|[of] p2a: Gerry\n|move|p1a: Appletun|Recover|p1a: Appletun\n|-heal|p1a: Appletun|100\/100 psn\n|\n|-damage|p1a: Appletun|88\/100 psn|[from] psn\n|upkeep\n|turn|17\n|\n|t:|1699760158\n|-end|p2a: Gerry|Protosynthesis|[silent]\n|switch|p2a: Gen|Greninja, M|100\/100\n|move|p1a: Appletun|Leech Seed|p2a: Gen\n|-start|p2a: Gen|move: Leech Seed\n|\n|-damage|p2a: Gen|88\/100|[from] Leech Seed|[of] p1a: Appletun\n|-heal|p1a: Appletun|97\/100 psn|[silent]\n|-damage|p1a: Appletun|84\/100 psn|[from] psn\n|upkeep\n|turn|18\n|\n|t:|1699760167\n|switch|p1a: Toxapex|Toxapex, M|100\/100 par\n|move|p2a: Gen|Hydro Pump|p1a: Toxapex\n|-resisted|p1a: Toxapex\n|-damage|p1a: Toxapex|77\/100 par\n|-damage|p2a: Gen|78\/100|[from] item: Life Orb\n|\n|-damage|p2a: Gen|66\/100|[from] Leech Seed|[of] p1a: Toxapex\n|-heal|p1a: Toxapex|90\/100 par|[silent]\n|upkeep\n|turn|19\n|inactive|leonarko has 90 seconds left.\n|\n|t:|1699760198\n|switch|p2a: Teeah|Tinkatuff, F, shiny|82\/100\n|switch|p1a: Grimmsnarl|Grimmsnarl, M|100\/100\n|\n|upkeep\n|turn|20\n|inactive|leonarko has 90 seconds left.\n|\n|t:|1699760206\n|move|p1a: Grimmsnarl|Fake Out|p2a: Teeah\n|-resisted|p2a: Teeah\n|-damage|p2a: Teeah|73\/100\n|cant|p2a: Teeah|flinch\n|\n|upkeep\n|turn|21\n|\n|t:|1699760211\n|move|p1a: Grimmsnarl|Taunt|p2a: Teeah\n|-start|p2a: Teeah|move: Taunt\n|move|p2a: Teeah|Draining Kiss|p1a: Grimmsnarl\n|-supereffective|p1a: Grimmsnarl\n|-damage|p1a: Grimmsnarl|65\/100\n|-heal|p2a: Teeah|100\/100|[from] drain|[of] p1a: Grimmsnarl\n|\n|-heal|p1a: Grimmsnarl|72\/100|[from] item: Leftovers\n|upkeep\n|turn|22\n|inactive|leonarko has 90 seconds left.\n|\n|t:|1699760229\n|switch|p2a: Carl|Ceruledge, M, tera:Fairy|41\/100\n|switch|p1a: Appletun|Appletun, F, tera:Fire|84\/100 psn\n|\n|-damage|p1a: Appletun|72\/100 psn|[from] psn\n|upkeep\n|turn|23\n|inactive|leonarko has 90 seconds left.\n|\n|t:|1699760249\n|switch|p2a: Rick|Rillaboom, M|100\/100\n|-fieldstart|move: Grassy Terrain|[from] ability: Grassy Surge|[of] p2a: Rick\n|move|p1a: Appletun|Leech Seed|p2a: Rick\n|-immune|p2a: Rick\n|\n|-heal|p1a: Appletun|78\/100 psn|[from] Grassy Terrain\n|-damage|p1a: Appletun|65\/100 psn|[from] psn\n|upkeep\n|turn|24\n|inactive|leonarko has 90 seconds left.\n|\n|t:|1699760262\n|move|p2a: Rick|Leech Seed|p1a: Appletun\n|-start|p1a: Appletun|move: Leech Seed\n|move|p1a: Appletun|Iron Defense|p1a: Appletun\n|-boost|p1a: Appletun|def|2\n|\n|-heal|p1a: Appletun|71\/100 psn|[from] Grassy Terrain\n|-damage|p1a: Appletun|59\/100 psn|[from] Leech Seed|[of] p2a: Rick\n|-damage|p1a: Appletun|46\/100 psn|[from] psn\n|upkeep\n|turn|25\n|\n|t:|1699760276\n|switch|p2a: Carl|Ceruledge, M, tera:Fairy|41\/100\n|move|p1a: Appletun|Recover|p1a: Appletun\n|-heal|p1a: Appletun|96\/100 psn\n|\n|-heal|p2a: Carl|47\/100|[from] Grassy Terrain\n|-heal|p1a: Appletun|100\/100 psn|[from] Grassy Terrain\n|-damage|p1a: Appletun|88\/100 psn|[from] Leech Seed|[of] p2a: Carl\n|-heal|p2a: Carl|65\/100|[silent]\n|-damage|p1a: Appletun|75\/100 psn|[from] psn\n|upkeep\n|turn|26\n|\n|t:|1699760287\n|switch|p2a: Gen|Greninja, M|66\/100\n|switch|p1a: Skeledirge|Skeledirge, F|100\/100\n|\n|-heal|p2a: Gen|72\/100|[from] Grassy Terrain\n|upkeep\n|turn|27\n|\n|t:|1699760299\n|switch|p1a: Toxapex|Toxapex, M|100\/100 par\n|move|p2a: Gen|Dark Pulse|p1a: Toxapex\n|-damage|p1a: Toxapex|67\/100 par\n|-damage|p2a: Gen|62\/100|[from] item: Life Orb\n|\n|-heal|p2a: Gen|68\/100|[from] Grassy Terrain\n|-heal|p1a: Toxapex|73\/100 par|[from] Grassy Terrain\n|-fieldend|move: Grassy Terrain\n|upkeep\n|turn|28\n|inactive|leonarko has 90 seconds left.\n|\n|t:|1699760338\n|switch|p1a: Appletun|Appletun, F, tera:Fire|75\/100 psn\n|move|p2a: Gen|Dark Pulse|p1a: Appletun\n|-damage|p1a: Appletun|52\/100 psn\n|-damage|p2a: Gen|58\/100|[from] item: Life Orb\n|\n|-damage|p1a: Appletun|39\/100 psn|[from] psn\n|upkeep\n|turn|29\n|\n|t:|1699760352\n|switch|p1a: Skeledirge|Skeledirge, F|100\/100\n|move|p2a: Gen|Dark Pulse|p1a: Skeledirge\n|-supereffective|p1a: Skeledirge\n|-damage|p1a: Skeledirge|49\/100\n|-damage|p2a: Gen|49\/100|[from] item: Life Orb\n|\n|-heal|p1a: Skeledirge|55\/100|[from] item: Leftovers\n|upkeep\n|turn|30\n|\n|t:|1699760363\n|move|p2a: Gen|Dark Pulse|p1a: Skeledirge\n|-supereffective|p1a: Skeledirge\n|-damage|p1a: Skeledirge|2\/100\n|-damage|p2a: Gen|39\/100|[from] item: Life Orb\n|move|p1a: Skeledirge|Torch Song|p2a: Gen\n|-resisted|p2a: Gen\n|-damage|p2a: Gen|17\/100\n|-boost|p1a: Skeledirge|spa|1\n|\n|-heal|p1a: Skeledirge|8\/100|[from] item: Leftovers\n|upkeep\n|turn|31\n|\n|t:|1699760379\n|switch|p1a: Toxapex|Toxapex, M|100\/100 par\n|move|p2a: Gen|Dark Pulse|p1a: Toxapex\n|-damage|p1a: Toxapex|69\/100 par\n|-damage|p2a: Gen|7\/100|[from] item: Life Orb\n|\n|upkeep\n|turn|32\n|\n|t:|1699760391\n|switch|p2a: Rick|Rillaboom, M|100\/100\n|-fieldstart|move: Grassy Terrain|[from] ability: Grassy Surge|[of] p2a: Rick\n|cant|p1a: Toxapex|par\n|\n|-heal|p1a: Toxapex|75\/100 par|[from] Grassy Terrain\n|upkeep\n|turn|33\n|\n|t:|1699760400\n|switch|p2a: Teeah|Tinkatuff, F, shiny|100\/100\n|move|p1a: Toxapex|Ice Beam|p2a: Teeah\n|-resisted|p2a: Teeah\n|-damage|p2a: Teeah|94\/100\n|\n|-heal|p2a: Teeah|100\/100|[from] Grassy Terrain\n|-heal|p1a: Toxapex|81\/100 par|[from] Grassy Terrain\n|upkeep\n|turn|34\n|\n|t:|1699760418\n|move|p2a: Teeah|Fake Tears|p1a: Toxapex\n|-unboost|p1a: Toxapex|spd|2\n|move|p1a: Toxapex|Toxic|p2a: Teeah\n|-immune|p2a: Teeah\n|\n|-heal|p1a: Toxapex|87\/100 par|[from] Grassy Terrain\n|upkeep\n|turn|35\n|\n|t:|1699760426\n|move|p2a: Teeah|Fake Tears|p1a: Toxapex\n|-unboost|p1a: Toxapex|spd|2\n|move|p1a: Toxapex|Toxic|p2a: Teeah\n|-immune|p2a: Teeah\n|\n|-heal|p1a: Toxapex|93\/100 par|[from] Grassy Terrain\n|upkeep\n|turn|36\n|\n|t:|1699760436\n|move|p2a: Teeah|Fake Tears|p1a: Toxapex\n|-unboost|p1a: Toxapex|spd|2\n|cant|p1a: Toxapex|par\n|\n|-heal|p1a: Toxapex|99\/100 par|[from] Grassy Terrain\n|-fieldend|move: Grassy Terrain\n|upkeep\n|turn|37\n|\n|t:|1699760453\n|switch|p1a: Glimmora|Glimmora, F|100\/100\n|move|p2a: Teeah|Flash Cannon|p1a: Glimmora\n|-supereffective|p1a: Glimmora\n|-damage|p1a: Glimmora|51\/100\n|\n|-heal|p1a: Glimmora|58\/100|[from] item: Leftovers\n|upkeep\n|turn|38\n|\n|t:|1699760471\n|move|p1a: Glimmora|Spiky Shield|p1a: Glimmora\n|-singleturn|p1a: Glimmora|move: Protect\n|move|p2a: Teeah|Flash Cannon|p1a: Glimmora\n|-activate|p1a: Glimmora|move: Protect\n|\n|-heal|p1a: Glimmora|64\/100|[from] item: Leftovers\n|upkeep\n|turn|39\n|\n|t:|1699760480\n|move|p1a: Glimmora|Earth Power|p2a: Teeah\n|-supereffective|p2a: Teeah\n|-damage|p2a: Teeah|44\/100\n|-unboost|p2a: Teeah|spd|1\n|move|p2a: Teeah|Thunder Wave|p1a: Glimmora\n|-status|p1a: Glimmora|par\n|\n|-heal|p1a: Glimmora|70\/100 par|[from] item: Leftovers\n|upkeep\n|turn|40\n|inactive|leonarko has 60 seconds left.\n|\n|t:|1699760509\n|switch|p2a: Gerry|Great Tusk|100\/100\n|move|p1a: Glimmora|Earth Power|p2a: Gerry\n|-damage|p2a: Gerry|63\/100\n|\n|-heal|p1a: Glimmora|76\/100 par|[from] item: Leftovers\n|upkeep\n|turn|41\n|inactive|leonarko has 60 seconds left.\n|\n|t:|1699760523\n|move|p2a: Gerry|Headlong Rush|p1a: Glimmora\n|-supereffective|p1a: Glimmora\n|-damage|p1a: Glimmora|0 fnt\n|-unboost|p2a: Gerry|def|1\n|-unboost|p2a: Gerry|spd|1\n|-activate|p1a: Glimmora|ability: Toxic Debris\n|-sidestart|p2: VectorAMV|move: Toxic Spikes\n|faint|p1a: Glimmora\n|\n|upkeep\n|inactive|leonarko has 60 seconds left.\n|\n|t:|1699760532\n|switch|p1a: Grimmsnarl|Grimmsnarl, M|72\/100\n|turn|42\n|\n|t:|1699760542\n|-end|p2a: Gerry|Protosynthesis|[silent]\n|switch|p2a: Gen|Greninja, M|7\/100\n|-status|p2a: Gen|psn\n|move|p1a: Grimmsnarl|Fake Out|p2a: Gen\n|-damage|p2a: Gen|0 fnt\n|faint|p2a: Gen\n|\n|-heal|p1a: Grimmsnarl|78\/100|[from] item: Leftovers\n|upkeep\n|\n|t:|1699760550\n|switch|p2a: Teeah|Tinkatuff, F, shiny|44\/100\n|turn|43\n|\n|t:|1699760554\n|move|p1a: Grimmsnarl|Taunt|p2a: Teeah\n|-start|p2a: Teeah|move: Taunt\n|move|p2a: Teeah|Draining Kiss|p1a: Grimmsnarl\n|-supereffective|p1a: Grimmsnarl\n|-damage|p1a: Grimmsnarl|44\/100\n|-heal|p2a: Teeah|77\/100|[from] drain|[of] p1a: Grimmsnarl\n|\n|-heal|p1a: Grimmsnarl|50\/100|[from] item: Leftovers\n|upkeep\n|turn|44\n|inactive|leonarko has 90 seconds left.\n|\n|t:|1699760574\n|move|p2a: Teeah|Draining Kiss|p1a: Grimmsnarl\n|-supereffective|p1a: Grimmsnarl\n|-damage|p1a: Grimmsnarl|15\/100\n|-heal|p2a: Teeah|100\/100|[from] drain|[of] p1a: Grimmsnarl\n|move|p1a: Grimmsnarl|Drain Punch|p2a: Teeah\n|-damage|p2a: Teeah|71\/100\n|-heal|p1a: Grimmsnarl|26\/100|[from] drain|[of] p2a: Teeah\n|\n|-heal|p1a: Grimmsnarl|32\/100|[from] item: Leftovers\n|upkeep\n|turn|45\n|\n|t:|1699760593\n|switch|p1a: Toxapex|Toxapex, M|100\/100 par\n|move|p2a: Teeah|Draining Kiss|p1a: Toxapex\n|-resisted|p1a: Toxapex\n|-damage|p1a: Toxapex|95\/100 par\n|-heal|p2a: Teeah|76\/100|[from] drain|[of] p1a: Toxapex\n|-damage|p2a: Teeah|60\/100|[from] item: Rocky Helmet|[of] p1a: Toxapex\n|\n|-end|p2a: Teeah|move: Taunt\n|upkeep\n|turn|46\n|\n|t:|1699760604\n|move|p2a: Teeah|Fake Tears|p1a: Toxapex\n|-unboost|p1a: Toxapex|spd|2\n|move|p1a: Toxapex|Ice Beam|p2a: Teeah\n|-resisted|p2a: Teeah\n|-damage|p2a: Teeah|54\/100\n|\n|upkeep\n|turn|47\n|\n|t:|1699760611\n|switch|p1a: Appletun|Appletun, F, tera:Fire|39\/100 psn\n|move|p2a: Teeah|Draining Kiss|p1a: Appletun\n|-resisted|p1a: Appletun\n|-damage|p1a: Appletun|34\/100 psn\n|-heal|p2a: Teeah|59\/100|[from] drain|[of] p1a: Appletun\n|\n|-damage|p1a: Appletun|22\/100 psn|[from] psn\n|upkeep\n|turn|48\n|\n|t:|1699760622\n|switch|p2a: Gerry|Great Tusk|63\/100\n|-status|p2a: Gerry|psn\n|move|p1a: Appletun|Recover|p1a: Appletun\n|-heal|p1a: Appletun|72\/100 psn\n|\n|-damage|p2a: Gerry|50\/100 psn|[from] psn\n|-damage|p1a: Appletun|59\/100 psn|[from] psn\n|upkeep\n|turn|49\n|\n|t:|1699760632\n|switch|p1a: Toxapex|Toxapex, M|100\/100 par\n|move|p2a: Gerry|Headlong Rush|p1a: Toxapex\n|-supereffective|p1a: Toxapex\n|-damage|p1a: Toxapex|35\/100 par\n|-unboost|p2a: Gerry|def|1\n|-unboost|p2a: Gerry|spd|1\n|-damage|p2a: Gerry|34\/100 psn|[from] item: Rocky Helmet|[of] p1a: Toxapex\n|\n|-damage|p2a: Gerry|22\/100 psn|[from] psn\n|upkeep\n|turn|50\n|\n|t:|1699760643\n|move|p1a: Toxapex|Baneful Bunker|p1a: Toxapex\n|-singleturn|p1a: Toxapex|move: Protect\n|move|p2a: Gerry|Rapid Spin|p1a: Toxapex\n|-activate|p1a: Toxapex|move: Protect\n|\n|-damage|p2a: Gerry|9\/100 psn|[from] psn\n|upkeep\n|turn|51\n|\n|t:|1699760652\n|cant|p1a: Toxapex|par\n|move|p2a: Gerry|Headlong Rush|p1a: Toxapex\n|-supereffective|p1a: Toxapex\n|-damage|p1a: Toxapex|0 fnt\n|-unboost|p2a: Gerry|def|1\n|-unboost|p2a: Gerry|spd|1\n|-damage|p2a: Gerry|0 fnt|[from] item: Rocky Helmet|[of] p1a: Toxapex\n|faint|p1a: Toxapex\n|faint|p2a: Gerry\n|-end|p2a: Gerry|Protosynthesis|[silent]\n|\n|upkeep\n|inactive|leonarko has 90 seconds left.\n|inactive|VectorAMV has 120 seconds left.\n|\n|t:|1699760683\n|switch|p2a: Rick|Rillaboom, M|100\/100\n|switch|p1a: Appletun|Appletun, F, tera:Fire|59\/100 psn\n|-status|p2a: Rick|psn\n|-fieldstart|move: Grassy Terrain|[from] ability: Grassy Surge|[of] p2a: Rick\n|turn|52\n|\n|t:|1699760699\n|move|p2a: Rick|Leech Seed|p1a: Appletun\n|-start|p1a: Appletun|move: Leech Seed\n|move|p1a: Appletun|Body Press|p2a: Rick\n|-damage|p2a: Rick|84\/100 psn\n|\n|-heal|p2a: Rick|91\/100 psn|[from] Grassy Terrain\n|-heal|p2a: Rick|97\/100 psn|[from] item: Leftovers\n|-heal|p1a: Appletun|65\/100 psn|[from] Grassy Terrain\n|-damage|p1a: Appletun|53\/100 psn|[from] Leech Seed|[of] p2a: Rick\n|-heal|p2a: Rick|100\/100 psn|[silent]\n|-damage|p2a: Rick|88\/100 psn|[from] psn\n|-damage|p1a: Appletun|40\/100 psn|[from] psn\n|upkeep\n|turn|53\n|\n|t:|1699760711\n|move|p2a: Rick|Knock Off|p1a: Appletun\n|-damage|p1a: Appletun|16\/100 psn\n|move|p1a: Appletun|Recover|p1a: Appletun\n|-heal|p1a: Appletun|66\/100 psn\n|\n|-heal|p2a: Rick|94\/100 psn|[from] Grassy Terrain\n|-heal|p2a: Rick|100\/100 psn|[from] item: Leftovers\n|-heal|p1a: Appletun|72\/100 psn|[from] Grassy Terrain\n|-damage|p1a: Appletun|59\/100 psn|[from] Leech Seed|[of] p2a: Rick\n|-damage|p2a: Rick|88\/100 psn|[from] psn\n|-damage|p1a: Appletun|47\/100 psn|[from] psn\n|upkeep\n|turn|54\n|inactive|leonarko has 60 seconds left.\n|\n|t:|1699760726\n|move|p2a: Rick|Knock Off|p1a: Appletun\n|-damage|p1a: Appletun|22\/100 psn\n|move|p1a: Appletun|Recover|p1a: Appletun\n|-heal|p1a: Appletun|72\/100 psn\n|\n|-heal|p2a: Rick|94\/100 psn|[from] Grassy Terrain\n|-heal|p2a: Rick|100\/100 psn|[from] item: Leftovers\n|-heal|p1a: Appletun|78\/100 psn|[from] Grassy Terrain\n|-damage|p1a: Appletun|66\/100 psn|[from] Leech Seed|[of] p2a: Rick\n|-damage|p2a: Rick|88\/100 psn|[from] psn\n|-damage|p1a: Appletun|53\/100 psn|[from] psn\n|upkeep\n|turn|55\n|inactive|leonarko has 60 seconds left.\n|\n|t:|1699760737\n|switch|p1a: Grimmsnarl|Grimmsnarl, M|32\/100\n|move|p2a: Rick|Knock Off|p1a: Grimmsnarl\n|-resisted|p1a: Grimmsnarl\n|-damage|p1a: Grimmsnarl|21\/100\n|-enditem|p1a: Grimmsnarl|Leftovers|[from] move: Knock Off|[of] p2a: Rick\n|\n|-heal|p2a: Rick|94\/100 psn|[from] Grassy Terrain\n|-heal|p2a: Rick|100\/100 psn|[from] item: Leftovers\n|-heal|p1a: Grimmsnarl|27\/100|[from] Grassy Terrain\n|-damage|p2a: Rick|88\/100 psn|[from] psn\n|upkeep\n|turn|56\n|inactive|leonarko has 60 seconds left.\n|\n|t:|1699760748\n|switch|p2a: Teeah|Tinkatuff, F, shiny|59\/100\n|move|p1a: Grimmsnarl|Fake Out|p2a: Teeah\n|-resisted|p2a: Teeah\n|-damage|p2a: Teeah|50\/100\n|\n|-heal|p2a: Teeah|57\/100|[from] Grassy Terrain\n|-heal|p1a: Grimmsnarl|33\/100|[from] Grassy Terrain\n|-fieldend|move: Grassy Terrain\n|upkeep\n|turn|57\n|\n|t:|1699760757\n|move|p1a: Grimmsnarl|Sucker Punch|p2a: Teeah\n|-resisted|p2a: Teeah\n|-damage|p2a: Teeah|34\/100\n|move|p2a: Teeah|Draining Kiss|p1a: Grimmsnarl\n|-supereffective|p1a: Grimmsnarl\n|-damage|p1a: Grimmsnarl|0 fnt\n|-heal|p2a: Teeah|67\/100|[from] drain|[of] p1a: Grimmsnarl\n|faint|p1a: Grimmsnarl\n|\n|upkeep\n|\n|t:|1699760765\n|switch|p1a: Skeledirge|Skeledirge, F|8\/100\n|turn|58\n|\n|t:|1699760780\n|switch|p2a: Carl|Ceruledge, M, tera:Fairy|65\/100\n|-status|p2a: Carl|psn\n|move|p1a: Skeledirge|Torch Song|p2a: Carl\n|-damage|p2a: Carl|33\/100 psn\n|-boost|p1a: Skeledirge|spa|1\n|\n|-heal|p1a: Skeledirge|14\/100|[from] item: Leftovers\n|-damage|p2a: Carl|21\/100 psn|[from] psn\n|upkeep\n|turn|59\n|\n|t:|1699760793\n|move|p2a: Carl|Shadow Sneak|p1a: Skeledirge\n|-supereffective|p1a: Skeledirge\n|-damage|p1a: Skeledirge|0 fnt\n|faint|p1a: Skeledirge\n|\n|-damage|p2a: Carl|9\/100 psn|[from] psn\n|upkeep\n|\n|t:|1699760798\n|switch|p1a: Appletun|Appletun, F, tera:Fire|53\/100 psn\n|turn|60\n|\n|t:|1699760807\n|move|p2a: Carl|Shadow Sneak|p1a: Appletun\n|-damage|p1a: Appletun|36\/100 psn\n|move|p1a: Appletun|Body Press|p2a: Carl\n|-resisted|p2a: Carl\n|-damage|p2a: Carl|0 fnt\n|faint|p2a: Carl\n|\n|-damage|p1a: Appletun|23\/100 psn|[from] psn\n|upkeep\n|\n|t:|1699760814\n|switch|p2a: Rick|Rillaboom, M|88\/100 psn\n|-fieldstart|move: Grassy Terrain|[from] ability: Grassy Surge|[of] p2a: Rick\n|turn|61\n|inactive|leonarko has 90 seconds left.\n|\n|t:|1699760820\n|move|p2a: Rick|Knock Off|p1a: Appletun\n|-damage|p1a: Appletun|2\/100 psn\n|move|p1a: Appletun|Body Press|p2a: Rick\n|-damage|p2a: Rick|73\/100 psn\n|\n|-heal|p2a: Rick|79\/100 psn|[from] Grassy Terrain\n|-heal|p2a: Rick|85\/100 psn|[from] item: Leftovers\n|-heal|p1a: Appletun|8\/100 psn|[from] Grassy Terrain\n|-damage|p2a: Rick|73\/100 psn|[from] psn\n|-damage|p1a: Appletun|0 fnt|[from] psn\n|faint|p1a: Appletun\n|\n|win|VectorAMV\n|upkeep\n|raw|leonarko's rating: 1083 &rarr; <strong>1057<\/strong><br \/>(-26 for losing)\n|raw|VectorAMV's rating: 1029 &rarr; <strong>1070<\/strong><br \/>(+41 for winning)\n|c|\u2606VectorAMV|gg\n|c|\u2606leonarko|Gg\n|c|\u2606leonarko|LOL\n|l|\u2606leonarko\n|c|\u2606VectorAMV|Hey, Tinkatuff deserve love as well\n|c|\u2606VectorAMV|^^\n","uploadtime":1699760877,"views":17,"p1id":"leonarko","p2id":"vectoramv","formatid":"gen9ou","rating":1057,"private":0,"password":""}