{"id":"gen9ou-1998145169","p1":"PK~Hunter\u2606","p2":"tumadre221","format":"[Gen 9] OU","log":"|j|\u2606PK~Hunter\u2606\n|j|\u2606tumadre221\n|t:|1700900029\n|gametype|singles\n|player|p1|PK~Hunter\u2606|steven|1050\n|player|p2|tumadre221|1|1000\n|teamsize|p1|6\n|teamsize|p2|6\n|gen|9\n|tier|[Gen 9] OU\n|rated|\n|rule|Sleep Clause Mod: Limit one foe put to sleep\n|rule|Species Clause: Limit one of each Pok\u00e9mon\n|rule|OHKO Clause: OHKO moves are banned\n|rule|Evasion Items Clause: Evasion items are banned\n|rule|Evasion Moves Clause: Evasion moves are banned\n|rule|Endless Battle Clause: Forcing endless battles is banned\n|rule|HP Percentage Mod: HP is shown in percentages\n|clearpoke\n|poke|p1|Cinderace, F|\n|poke|p1|Klefki, F|\n|poke|p1|Zapdos|\n|poke|p1|Crawdaunt, M|\n|poke|p1|Amoonguss, M|\n|poke|p1|Ambipom, M|\n|poke|p2|Dragapult, M|\n|poke|p2|Grimmsnarl, M|\n|poke|p2|Rotom-Wash|\n|poke|p2|Corviknight, M|\n|poke|p2|Gastrodon, F|\n|poke|p2|Cinderace, M|\n|teampreview\n|\n|t:|1700900043\n|start\n|switch|p1a: Amoonguss|Amoonguss, M|100\/100\n|switch|p2a: Dragapult|Dragapult, M, shiny|100\/100\n|turn|1\n|\n|t:|1700900054\n|move|p2a: Dragapult|Flamethrower|p1a: Amoonguss\n|-supereffective|p1a: Amoonguss\n|-damage|p1a: Amoonguss|38\/100\n|-status|p1a: Amoonguss|brn\n|-damage|p2a: Dragapult|91\/100|[from] item: Life Orb\n|move|p1a: Amoonguss|Spore|p2a: Dragapult\n|-status|p2a: Dragapult|slp|[from] move: Spore\n|\n|-damage|p1a: Amoonguss|32\/100 brn|[from] brn\n|upkeep\n|turn|2\n|\n|t:|1700900073\n|switch|p2a: Cinderace|Cinderace, M|100\/100\n|move|p1a: Amoonguss|Hex|p2a: Cinderace\n|-damage|p2a: Cinderace|72\/100\n|\n|-damage|p1a: Amoonguss|26\/100 brn|[from] brn\n|upkeep\n|turn|3\n|\n|t:|1700900081\n|move|p2a: Cinderace|U-turn|p1a: Amoonguss\n|-start|p2a: Cinderace|typechange|Bug|[from] ability: Libero\n|-damage|p1a: Amoonguss|0 fnt\n|-damage|p2a: Cinderace|55\/100|[from] item: Rocky Helmet|[of] p1a: Amoonguss\n|faint|p1a: Amoonguss\n|\n|t:|1700900097\n|switch|p2a: Grimmsnarl|Grimmsnarl, M, shiny|100\/100|[from] U-turn\n|\n|upkeep\n|\n|t:|1700900106\n|switch|p1a: Ambipom|Ambipom, M|100\/100\n|turn|4\n|\n|t:|1700900113\n|switch|p2a: Cinderace|Cinderace, M|55\/100\n|-terastallize|p1a: Ambipom|Normal\n|move|p1a: Ambipom|Fake Out|p2a: Cinderace\n|-damage|p2a: Cinderace|0 fnt\n|faint|p2a: Cinderace\n|\n|upkeep\n|\n|t:|1700900120\n|switch|p2a: Grimmsnarl|Grimmsnarl, M, shiny|100\/100\n|turn|5\n|\n|t:|1700900123\n|move|p2a: Grimmsnarl|Sucker Punch|p1a: Ambipom\n|-damage|p1a: Ambipom|40\/100\n|move|p1a: Ambipom|Last Resort|p2a: Grimmsnarl\n|-damage|p2a: Grimmsnarl|0 fnt\n|faint|p2a: Grimmsnarl\n|\n|upkeep\n|\n|t:|1700900132\n|switch|p2a: Dragapult|Dragapult, M, shiny|91\/100 slp\n|turn|6\n|\n|t:|1700900137\n|switch|p1a: Crawdaunt|Crawdaunt, M|100\/100\n|cant|p2a: Dragapult|slp\n|\n|upkeep\n|turn|7\n|\n|t:|1700900144\n|switch|p2a: Rotom|Rotom-Wash|100\/100\n|move|p1a: Crawdaunt|Dragon Dance|p1a: Crawdaunt\n|-boost|p1a: Crawdaunt|atk|1\n|-boost|p1a: Crawdaunt|spe|1\n|\n|upkeep\n|turn|8\n|\n|t:|1700900152\n|move|p1a: Crawdaunt|Knock Off|p2a: Rotom\n|-damage|p2a: Rotom|0 fnt\n|-enditem|p2a: Rotom|Life Orb|[from] move: Knock Off|[of] p1a: Crawdaunt\n|faint|p2a: Rotom\n|-damage|p1a: Crawdaunt|91\/100|[from] item: Life Orb\n|\n|upkeep\n|-message|tumadre221 forfeited.\n|\n|win|PK~Hunter\u2606\n|raw|PK~Hunter\u2606's rating: 1050 &rarr; <strong>1078<\/strong><br \/>(+28 for winning)\n|raw|tumadre221's rating: 1000 &rarr; <strong>1000<\/strong><br \/>(+0 for losing)\n|l|\u2606tumadre221\n","uploadtime":1700900163,"views":12,"p1id":"pkhunter","p2id":"tumadre221","formatid":"gen9ou","rating":1000,"private":0,"password":""}