{"id":"gen9ou-1995733911","p1":"lily_froggie1","p2":"OGMcUranus","format":"[Gen 9] OU","log":"|j|\u2606lily_froggie1\n|j|\u2606OGMcUranus\n|t:|1700598147\n|gametype|singles\n|player|p1|lily_froggie1|101|1000\n|player|p2|OGMcUranus|169|1031\n|teamsize|p1|6\n|teamsize|p2|6\n|gen|9\n|tier|[Gen 9] OU\n|rated|\n|rule|Sleep Clause Mod: Limit one foe put to sleep\n|rule|Species Clause: Limit one of each Pok\u00e9mon\n|rule|OHKO Clause: OHKO moves are banned\n|rule|Evasion Items Clause: Evasion items are banned\n|rule|Evasion Moves Clause: Evasion moves are banned\n|rule|Endless Battle Clause: Forcing endless battles is banned\n|rule|HP Percentage Mod: HP is shown in percentages\n|clearpoke\n|poke|p1|Slaking, F|\n|poke|p1|Salamence, F|\n|poke|p1|Dragonite, F|\n|poke|p1|Gengar, F|\n|poke|p1|Espeon, F|\n|poke|p1|Zapdos-Galar|\n|poke|p2|Toxapex, F|\n|poke|p2|Corviknight, M|\n|poke|p2|Meowscarada, M|\n|poke|p2|Arcanine-Hisui, M|\n|poke|p2|Blissey, F|\n|poke|p2|Landorus-Therian, M|\n|teampreview\n|\n|t:|1700598159\n|start\n|switch|p1a: Slaking|Slaking, F|100\/100\n|switch|p2a: Toxacoxa|Toxapex, F|100\/100\n|turn|1\n|\n|t:|1700598169\n|move|p1a: Slaking|Thunder Punch|p2a: Toxacoxa\n|-supereffective|p2a: Toxacoxa\n|-damage|p2a: Toxacoxa|53\/100\n|move|p2a: Toxacoxa|Toxic Spikes|p1a: Slaking\n|-sidestart|p1: lily_froggie1|move: Toxic Spikes\n|\n|-heal|p2a: Toxacoxa|59\/100|[from] item: Leftovers\n|upkeep\n|turn|2\n|\n|t:|1700598185\n|cant|p1a: Slaking|ability: Truant\n|move|p2a: Toxacoxa|Toxic Spikes|p1a: Slaking\n|-sidestart|p1: lily_froggie1|move: Toxic Spikes\n|\n|-heal|p2a: Toxacoxa|66\/100|[from] item: Leftovers\n|upkeep\n|turn|3\n|\n|t:|1700598192\n|move|p2a: Toxacoxa|Baneful Bunker|p2a: Toxacoxa\n|-singleturn|p2a: Toxacoxa|move: Protect\n|move|p1a: Slaking|Thunder Punch|p2a: Toxacoxa\n|-activate|p2a: Toxacoxa|move: Protect\n|-status|p1a: Slaking|psn\n|\n|-heal|p2a: Toxacoxa|72\/100|[from] item: Leftovers\n|-damage|p1a: Slaking|88\/100 psn|[from] psn\n|upkeep\n|turn|4\n|\n|t:|1700598202\n|cant|p1a: Slaking|ability: Truant\n|move|p2a: Toxacoxa|Venoshock|p1a: Slaking\n|-damage|p1a: Slaking|62\/100 psn\n|\n|-heal|p1a: Slaking|68\/100 psn|[from] item: Leftovers\n|-heal|p2a: Toxacoxa|78\/100|[from] item: Leftovers\n|-damage|p1a: Slaking|55\/100 psn|[from] psn\n|upkeep\n|turn|5\n|\n|t:|1700598212\n|move|p2a: Toxacoxa|Baneful Bunker|p2a: Toxacoxa\n|-singleturn|p2a: Toxacoxa|move: Protect\n|move|p1a: Slaking|Thunder Punch|p2a: Toxacoxa\n|-activate|p2a: Toxacoxa|move: Protect\n|\n|-heal|p1a: Slaking|61\/100 psn|[from] item: Leftovers\n|-heal|p2a: Toxacoxa|84\/100|[from] item: Leftovers\n|-damage|p1a: Slaking|49\/100 psn|[from] psn\n|upkeep\n|turn|6\n|\n|t:|1700598222\n|cant|p1a: Slaking|ability: Truant\n|move|p2a: Toxacoxa|Venoshock|p1a: Slaking\n|-damage|p1a: Slaking|21\/100 psn\n|\n|-heal|p1a: Slaking|27\/100 psn|[from] item: Leftovers\n|-heal|p2a: Toxacoxa|91\/100|[from] item: Leftovers\n|-damage|p1a: Slaking|15\/100 psn|[from] psn\n|upkeep\n|turn|7\n|\n|t:|1700598231\n|move|p2a: Toxacoxa|Baneful Bunker|p2a: Toxacoxa\n|-singleturn|p2a: Toxacoxa|move: Protect\n|move|p1a: Slaking|Outrage|p2a: Toxacoxa\n|-activate|p2a: Toxacoxa|move: Protect\n|\n|-heal|p1a: Slaking|21\/100 psn|[from] item: Leftovers\n|-heal|p2a: Toxacoxa|97\/100|[from] item: Leftovers\n|-damage|p1a: Slaking|9\/100 psn|[from] psn\n|upkeep\n|turn|8\n|\n|t:|1700598248\n|cant|p1a: Slaking|ability: Truant\n|move|p2a: Toxacoxa|Surf|p1a: Slaking\n|-damage|p1a: Slaking|0 fnt\n|faint|p1a: Slaking\n|\n|-heal|p2a: Toxacoxa|100\/100|[from] item: Leftovers\n|upkeep\n|\n|t:|1700598256\n|switch|p1a: Salamence|Salamence, F|100\/100\n|-ability|p1a: Salamence|Intimidate|boost\n|-unboost|p2a: Toxacoxa|atk|1\n|turn|9\n|\n|t:|1700598268\n|move|p2a: Toxacoxa|Baneful Bunker|p2a: Toxacoxa\n|-singleturn|p2a: Toxacoxa|move: Protect\n|move|p1a: Salamence|Draco Meteor|p2a: Toxacoxa\n|-activate|p2a: Toxacoxa|move: Protect\n|\n|upkeep\n|turn|10\n|\n|t:|1700598305\n|switch|p2a: Pissey|Blissey, F|100\/100\n|move|p1a: Salamence|Draco Meteor|p2a: Pissey\n|-damage|p2a: Pissey|84\/100\n|-unboost|p1a: Salamence|spa|2\n|\n|upkeep\n|turn|11\n|\n|t:|1700598319\n|-terastallize|p2a: Pissey|Fairy\n|move|p1a: Salamence|Draco Meteor|p2a: Pissey\n|-immune|p2a: Pissey\n|move|p2a: Pissey|Stealth Rock|p1a: Salamence\n|-sidestart|p1: lily_froggie1|move: Stealth Rock\n|\n|upkeep\n|turn|12\n|\n|t:|1700598334\n|move|p1a: Salamence|Double-Edge|p2a: Pissey\n|-damage|p2a: Pissey|35\/100\n|-damage|p1a: Salamence|84\/100|[from] item: Rocky Helmet|[of] p2a: Pissey\n|-damage|p1a: Salamence|49\/100|[from] Recoil\n|move|p2a: Pissey|Seismic Toss|p1a: Salamence\n|-damage|p1a: Salamence|19\/100\n|\n|-heal|p1a: Salamence|25\/100|[from] item: Leftovers\n|upkeep\n|turn|13\n|\n|t:|1700598348\n|move|p1a: Salamence|Double-Edge|p2a: Pissey\n|-damage|p2a: Pissey|0 fnt\n|-damage|p1a: Salamence|8\/100|[from] item: Rocky Helmet|[of] p2a: Pissey\n|faint|p2a: Pissey\n|-damage|p1a: Salamence|0 fnt|[from] Recoil\n|faint|p1a: Salamence\n|\n|upkeep\n|\n|t:|1700598367\n|switch|p1a: Dragonite|Dragonite, F|100\/100\n|switch|p2a: Toxacoxa|Toxapex, F|100\/100\n|-damage|p1a: Dragonite|76\/100|[from] Stealth Rock\n|turn|14\n|\n|t:|1700598381\n|-singleturn|p1a: Dragonite|move: Focus Punch\n|move|p2a: Toxacoxa|Baneful Bunker|p2a: Toxacoxa\n|-singleturn|p2a: Toxacoxa|move: Protect\n|move|p1a: Dragonite|Focus Punch|p2a: Toxacoxa\n|-activate|p2a: Toxacoxa|move: Protect\n|-status|p1a: Dragonite|psn\n|\n|-heal|p1a: Dragonite|82\/100 psn|[from] item: Leftovers\n|-damage|p1a: Dragonite|70\/100 psn|[from] psn\n|upkeep\n|turn|15\n|\n|t:|1700598395\n|move|p1a: Dragonite|Thunderbolt|p2a: Toxacoxa\n|-supereffective|p2a: Toxacoxa\n|-damage|p2a: Toxacoxa|68\/100\n|move|p2a: Toxacoxa|Venoshock|p1a: Dragonite\n|-damage|p1a: Dragonite|42\/100 psn\n|\n|-heal|p1a: Dragonite|48\/100 psn|[from] item: Leftovers\n|-heal|p2a: Toxacoxa|75\/100|[from] item: Leftovers\n|-damage|p1a: Dragonite|36\/100 psn|[from] psn\n|upkeep\n|turn|16\n|\n|t:|1700598406\n|move|p2a: Toxacoxa|Baneful Bunker|p2a: Toxacoxa\n|-singleturn|p2a: Toxacoxa|move: Protect\n|move|p1a: Dragonite|Thunderbolt|p2a: Toxacoxa\n|-activate|p2a: Toxacoxa|move: Protect\n|\n|-heal|p1a: Dragonite|42\/100 psn|[from] item: Leftovers\n|-heal|p2a: Toxacoxa|81\/100|[from] item: Leftovers\n|-damage|p1a: Dragonite|30\/100 psn|[from] psn\n|upkeep\n|turn|17\n|\n|t:|1700598421\n|move|p1a: Dragonite|Earthquake|p2a: Toxacoxa\n|-supereffective|p2a: Toxacoxa\n|-damage|p2a: Toxacoxa|27\/100\n|move|p2a: Toxacoxa|Venoshock|p1a: Dragonite\n|-damage|p1a: Dragonite|4\/100 psn\n|\n|-heal|p1a: Dragonite|10\/100 psn|[from] item: Leftovers\n|-heal|p2a: Toxacoxa|34\/100|[from] item: Leftovers\n|-damage|p1a: Dragonite|0 fnt|[from] psn\n|faint|p1a: Dragonite\n|upkeep\n|\n|t:|1700598432\n|switch|p1a: Gengar|Gengar, F|100\/100\n|-sideend|p1: lily_froggie1|move: Toxic Spikes|[of] p1a: Gengar\n|-damage|p1a: Gengar|88\/100|[from] Stealth Rock\n|turn|18\n|\n|t:|1700598454\n|move|p1a: Gengar|Energy Ball|p2a: Toxacoxa\n|-damage|p2a: Toxacoxa|11\/100\n|move|p2a: Toxacoxa|Surf|p1a: Gengar\n|-damage|p1a: Gengar|59\/100\n|\n|-heal|p1a: Gengar|65\/100|[from] item: Leftovers\n|-heal|p2a: Toxacoxa|17\/100|[from] item: Leftovers\n|upkeep\n|turn|19\n|\n|t:|1700598465\n|move|p2a: Toxacoxa|Baneful Bunker|p2a: Toxacoxa\n|-singleturn|p2a: Toxacoxa|move: Protect\n|move|p1a: Gengar|Thunderbolt|p2a: Toxacoxa\n|-activate|p2a: Toxacoxa|move: Protect\n|\n|-heal|p1a: Gengar|71\/100|[from] item: Leftovers\n|-heal|p2a: Toxacoxa|24\/100|[from] item: Leftovers\n|upkeep\n|turn|20\n|\n|t:|1700598488\n|switch|p2a: Kikot|Landorus-Therian, M, shiny|100\/100\n|-ability|p2a: Kikot|Intimidate|boost\n|-unboost|p1a: Gengar|atk|1\n|move|p1a: Gengar|Energy Ball|p2a: Kikot\n|-damage|p2a: Kikot|60\/100\n|-unboost|p2a: Kikot|spd|1\n|\n|-heal|p1a: Gengar|78\/100|[from] item: Leftovers\n|upkeep\n|turn|21\n|\n|t:|1700598511\n|move|p2a: Kikot|Earthquake|p1a: Gengar\n|-supereffective|p1a: Gengar\n|-damage|p1a: Gengar|0 fnt\n|faint|p1a: Gengar\n|\n|upkeep\n|\n|t:|1700598516\n|switch|p1a: Espeon|Espeon, F|100\/100\n|-damage|p1a: Espeon|88\/100|[from] Stealth Rock\n|turn|22\n|\n|t:|1700598545\n|switch|p2a: Barkanine|Arcanine-Hisui, M, shiny|100\/100\n|move|p1a: Espeon|Future Sight|p2a: Barkanine\n|-start|p1a: Espeon|move: Future Sight\n|\n|-heal|p1a: Espeon|94\/100|[from] item: Leftovers\n|upkeep\n|turn|23\n|\n|t:|1700598561\n|move|p1a: Espeon|Psychic|p2a: Barkanine\n|-damage|p2a: Barkanine|43\/100\n|move|p2a: Barkanine|Flare Blitz|p1a: Espeon\n|-damage|p1a: Espeon|0 fnt\n|faint|p1a: Espeon\n|\n|upkeep\n|\n|t:|1700598568\n|switch|p1a: Zapdos|Zapdos-Galar|100\/100\n|-damage|p1a: Zapdos|88\/100|[from] Stealth Rock\n|turn|24\n|\n|t:|1700598577\n|switch|p2a: Meowlord|Meowscarada, M|100\/100\n|move|p1a: Zapdos|Close Combat|p2a: Meowlord\n|-supereffective|p2a: Meowlord\n|-damage|p2a: Meowlord|0 fnt\n|-unboost|p1a: Zapdos|def|1\n|-unboost|p1a: Zapdos|spd|1\n|faint|p2a: Meowlord\n|\n|-hint|Future Sight did not hit because the target is fainted.\n|upkeep\n|\n|t:|1700598591\n|switch|p2a: Mockingbird|Corviknight, M, shiny|100\/100\n|turn|25\n|\n|t:|1700598621\n|move|p1a: Zapdos|Close Combat|p2a: Mockingbird\n|-damage|p2a: Mockingbird|58\/100\n|-unboost|p1a: Zapdos|def|1\n|-unboost|p1a: Zapdos|spd|1\n|move|p2a: Mockingbird|Body Press|p1a: Zapdos\n|-resisted|p1a: Zapdos\n|-damage|p1a: Zapdos|58\/100\n|\n|-heal|p2a: Mockingbird|64\/100|[from] item: Leftovers\n|upkeep\n|turn|26\n|\n|t:|1700598636\n|move|p1a: Zapdos|Close Combat|p2a: Mockingbird\n|-damage|p2a: Mockingbird|22\/100\n|-unboost|p1a: Zapdos|def|1\n|-unboost|p1a: Zapdos|spd|1\n|move|p2a: Mockingbird|Iron Head|p1a: Zapdos\n|-damage|p1a: Zapdos|0 fnt\n|faint|p1a: Zapdos\n|\n|win|OGMcUranus\n|raw|lily_froggie1's rating: 1000 &rarr; <strong>1000<\/strong><br \/>(+0 for losing)\n|raw|OGMcUranus's rating: 1031 &rarr; <strong>1063<\/strong><br \/>(+32 for winning)\n|l|\u2606lily_froggie1\n","uploadtime":1700598655,"views":4,"p1id":"lilyfroggie1","p2id":"ogmcuranus","formatid":"gen9ou","rating":1000,"private":0,"password":""}