{"id":"gen9ou-1994437919","p1":"Onte bad","p2":"katholikon","format":"[Gen 9] OU","log":"|j|\u2606Onte bad\n|j|\u2606katholikon\n|t:|1700443915\n|gametype|singles\n|player|p1|Onte bad|170|1310\n|player|p2|katholikon|102|1381\n|teamsize|p1|6\n|teamsize|p2|6\n|gen|9\n|tier|[Gen 9] OU\n|rated|\n|rule|Sleep Clause Mod: Limit one foe put to sleep\n|rule|Species Clause: Limit one of each Pok\u00e9mon\n|rule|OHKO Clause: OHKO moves are banned\n|rule|Evasion Items Clause: Evasion items are banned\n|rule|Evasion Moves Clause: Evasion moves are banned\n|rule|Endless Battle Clause: Forcing endless battles is banned\n|rule|HP Percentage Mod: HP is shown in percentages\n|clearpoke\n|poke|p1|Breloom, M|\n|poke|p1|Mimikyu, M|\n|poke|p1|Kingambit, M|\n|poke|p1|Thundurus-Therian, M|\n|poke|p1|Ribombee, M|\n|poke|p1|Quaquaval, M|\n|poke|p2|Gholdengo|\n|poke|p2|Ting-Lu|\n|poke|p2|Great Tusk|\n|poke|p2|Corviknight, F|\n|poke|p2|Iron Valiant|\n|poke|p2|Dragapult, M|\n|teampreview\n|inactive|Battle timer is ON: inactive players will automatically lose when time's up. (requested by katholikon)\n|\n|t:|1700443939\n|start\n|switch|p1a: Kingambit|Kingambit, M|100\/100\n|switch|p2a: Great Tusk|Great Tusk|100\/100\n|turn|1\n|inactive|Onte bad has 120 seconds left.\n|\n|t:|1700443977\n|switch|p1a: Thundurus|Thundurus-Therian, M|100\/100\n|move|p2a: Great Tusk|Knock Off|p1a: Thundurus\n|-damage|p1a: Thundurus|26\/100\n|-enditem|p1a: Thundurus|Choice Specs|[from] move: Knock Off|[of] p2a: Great Tusk\n|\n|upkeep\n|turn|2\n|\n|t:|1700443989\n|-end|p2a: Great Tusk|Protosynthesis|[silent]\n|switch|p2a: Dragapult|Dragapult, M|100\/100\n|move|p1a: Thundurus|Grass Knot|p2a: Dragapult\n|-resisted|p2a: Dragapult\n|-damage|p2a: Dragapult|80\/100\n|\n|upkeep\n|turn|3\n|\n|t:|1700444003\n|switch|p1a: Kingambit|Kingambit, M|100\/100\n|move|p2a: Dragapult|Shadow Ball|p1a: Kingambit\n|-resisted|p1a: Kingambit\n|-damage|p1a: Kingambit|77\/100\n|\n|-heal|p1a: Kingambit|84\/100|[from] item: Leftovers\n|upkeep\n|turn|4\n|\n|t:|1700444008\n|switch|p2a: Corviknight|Corviknight, F|100\/100\n|-ability|p2a: Corviknight|Pressure\n|move|p1a: Kingambit|Stealth Rock|p2a: Corviknight\n|-sidestart|p2: katholikon|move: Stealth Rock\n|\n|-heal|p1a: Kingambit|90\/100|[from] item: Leftovers\n|upkeep\n|turn|5\n|\n|t:|1700444018\n|switch|p1a: Thundurus|Thundurus-Therian, M|26\/100\n|move|p2a: Corviknight|Defog|p1a: Thundurus\n|-unboost|p1a: Thundurus|evasion|1\n|-sideend|p2: katholikon|Stealth Rock|[from] move: Defog|[of] p2a: Corviknight\n|\n|upkeep\n|turn|6\n|\n|t:|1700444025\n|switch|p2a: Ting-Lu|Ting-Lu|100\/100\n|-ability|p2a: Ting-Lu|Vessel of Ruin\n|move|p1a: Thundurus|Volt Switch|p2a: Ting-Lu\n|-immune|p2a: Ting-Lu\n|\n|upkeep\n|turn|7\n|\n|t:|1700444034\n|switch|p1a: Breloom|Breloom, M|100\/100\n|move|p2a: Ting-Lu|Stealth Rock|p1a: Breloom\n|-sidestart|p1: Onte bad|move: Stealth Rock\n|\n|upkeep\n|turn|8\n|\n|t:|1700444037\n|switch|p2a: Gholdengo|Gholdengo|100\/100\n|move|p1a: Breloom|Bullet Seed|p2a: Gholdengo\n|-resisted|p2a: Gholdengo\n|-damage|p2a: Gholdengo|92\/100\n|-resisted|p2a: Gholdengo\n|-damage|p2a: Gholdengo|82\/100\n|-resisted|p2a: Gholdengo\n|-damage|p2a: Gholdengo|73\/100\n|-hitcount|p2a: Gholdengo|3\n|\n|upkeep\n|turn|9\n|\n|t:|1700444048\n|switch|p1a: Kingambit|Kingambit, M|90\/100\n|-damage|p1a: Kingambit|84\/100|[from] Stealth Rock\n|move|p2a: Gholdengo|Dazzling Gleam|p1a: Kingambit\n|-damage|p1a: Kingambit|35\/100\n|\n|-heal|p1a: Kingambit|42\/100|[from] item: Leftovers\n|upkeep\n|turn|10\n|\n|t:|1700444057\n|switch|p2a: Great Tusk|Great Tusk|100\/100\n|move|p1a: Kingambit|Sucker Punch||[still]\n|-fail|p1a: Kingambit\n|\n|-heal|p1a: Kingambit|48\/100|[from] item: Leftovers\n|upkeep\n|turn|11\n|\n|t:|1700444064\n|switch|p1a: Thundurus|Thundurus-Therian, M|26\/100\n|-damage|p1a: Thundurus|1\/100|[from] Stealth Rock\n|move|p2a: Great Tusk|Close Combat|p1a: Thundurus\n|-resisted|p1a: Thundurus\n|-damage|p1a: Thundurus|0 fnt\n|-unboost|p2a: Great Tusk|def|1\n|-unboost|p2a: Great Tusk|spd|1\n|faint|p1a: Thundurus\n|\n|upkeep\n|\n|t:|1700444067\n|switch|p1a: Ribombee|Ribombee, M|100\/100\n|-damage|p1a: Ribombee|76\/100|[from] Stealth Rock\n|turn|12\n|\n|t:|1700444078\n|move|p1a: Ribombee|Moonblast|p2a: Great Tusk\n|-supereffective|p2a: Great Tusk\n|-damage|p2a: Great Tusk|0 fnt\n|faint|p2a: Great Tusk\n|-end|p2a: Great Tusk|Protosynthesis|[silent]\n|\n|upkeep\n|\n|t:|1700444084\n|switch|p2a: Gholdengo|Gholdengo|73\/100\n|turn|13\n|\n|t:|1700444088\n|move|p1a: Ribombee|Sticky Web|p2a: Gholdengo\n|-sidestart|p2: katholikon|move: Sticky Web\n|move|p2a: Gholdengo|Make It Rain|p1a: Ribombee\n|-supereffective|p1a: Ribombee\n|-damage|p1a: Ribombee|0 fnt\n|-unboost|p2a: Gholdengo|spa|1\n|faint|p1a: Ribombee\n|\n|upkeep\n|\n|t:|1700444101\n|switch|p1a: Mimikyu|Mimikyu, M|100\/100\n|-damage|p1a: Mimikyu|88\/100|[from] Stealth Rock\n|turn|14\n|\n|t:|1700444111\n|move|p1a: Mimikyu|Swords Dance|p1a: Mimikyu\n|-boost|p1a: Mimikyu|atk|2\n|move|p2a: Gholdengo|Make It Rain|p1a: Mimikyu\n|-activate|p1a: Mimikyu|ability: Disguise\n|-damage|p1a: Mimikyu|88\/100\n|-unboost|p2a: Gholdengo|spa|1\n|detailschange|p1a: Mimikyu|Mimikyu-Busted, M\n|-damage|p1a: Mimikyu|76\/100|[from] pokemon: Mimikyu-Busted\n|\n|-heal|p1a: Mimikyu|82\/100|[from] item: Leftovers\n|upkeep\n|turn|15\n|\n|t:|1700444114\n|switch|p2a: Ting-Lu|Ting-Lu|100\/100\n|-activate|p2a: Ting-Lu|move: Sticky Web\n|-unboost|p2a: Ting-Lu|spe|1\n|-ability|p2a: Ting-Lu|Vessel of Ruin\n|move|p1a: Mimikyu|Shadow Sneak|p2a: Ting-Lu\n|-resisted|p2a: Ting-Lu\n|-damage|p2a: Ting-Lu|92\/100\n|-enditem|p2a: Ting-Lu|Red Card|[of] p1a: Mimikyu\n|drag|p1a: Kingambit|Kingambit, M|48\/100\n|-damage|p1a: Kingambit|42\/100|[from] Stealth Rock\n|\n|-heal|p1a: Kingambit|48\/100|[from] item: Leftovers\n|upkeep\n|turn|16\n|\n|t:|1700444127\n|move|p1a: Kingambit|Stealth Rock|p2a: Ting-Lu\n|-sidestart|p2: katholikon|move: Stealth Rock\n|move|p2a: Ting-Lu|Spikes|p1a: Kingambit\n|-sidestart|p1: Onte bad|Spikes\n|\n|-heal|p1a: Kingambit|54\/100|[from] item: Leftovers\n|upkeep\n|turn|17\n|\n|t:|1700444131\n|switch|p1a: Quaquaval|Quaquaval, M|100\/100\n|move|p2a: Ting-Lu|Whirlwind|p1a: Quaquaval\n|drag|p1a: Mimikyu|Mimikyu-Busted, M|82\/100\n|-damage|p1a: Mimikyu|69\/100|[from] Stealth Rock\n|-damage|p1a: Mimikyu|57\/100|[from] Spikes\n|\n|-heal|p1a: Mimikyu|63\/100|[from] item: Leftovers\n|upkeep\n|turn|18\n|\n|t:|1700444138\n|move|p1a: Mimikyu|Drain Punch|p2a: Ting-Lu\n|-supereffective|p2a: Ting-Lu\n|-damage|p2a: Ting-Lu|71\/100\n|-heal|p1a: Mimikyu|82\/100|[from] drain|[of] p2a: Ting-Lu\n|move|p2a: Ting-Lu|Spikes|p1a: Mimikyu\n|-sidestart|p1: Onte bad|Spikes\n|\n|-heal|p1a: Mimikyu|88\/100|[from] item: Leftovers\n|upkeep\n|turn|19\n|\n|t:|1700444145\n|switch|p1a: Quaquaval|Quaquaval, M|100\/100\n|move|p2a: Ting-Lu|Spikes|p1a: Quaquaval\n|-sidestart|p1: Onte bad|Spikes\n|\n|upkeep\n|turn|20\n|\n|t:|1700444149\n|move|p1a: Quaquaval|Rapid Spin|p2a: Ting-Lu\n|-damage|p2a: Ting-Lu|62\/100\n|-boost|p1a: Quaquaval|spe|1\n|-sideend|p1: Onte bad|Spikes|[from] move: Rapid Spin|[of] p1a: Quaquaval\n|-sideend|p1: Onte bad|Stealth Rock|[from] move: Rapid Spin|[of] p1a: Quaquaval\n|move|p2a: Ting-Lu|Whirlwind|p1a: Quaquaval\n|drag|p1a: Breloom|Breloom, M|100\/100\n|\n|upkeep\n|turn|21\n|\n|t:|1700444160\n|move|p1a: Breloom|Bullet Seed|p2a: Ting-Lu\n|-supereffective|p2a: Ting-Lu\n|-damage|p2a: Ting-Lu|40\/100\n|-supereffective|p2a: Ting-Lu\n|-damage|p2a: Ting-Lu|20\/100\n|-hitcount|p2a: Ting-Lu|2\n|move|p2a: Ting-Lu|Stealth Rock|p1a: Breloom\n|-sidestart|p1: Onte bad|move: Stealth Rock\n|\n|upkeep\n|turn|22\n|\n|t:|1700444167\n|switch|p2a: Corviknight|Corviknight, F|100\/100\n|-damage|p2a: Corviknight|88\/100|[from] Stealth Rock\n|-ability|p2a: Corviknight|Pressure\n|move|p1a: Breloom|Swords Dance|p1a: Breloom\n|-boost|p1a: Breloom|atk|2\n|\n|upkeep\n|turn|23\n|\n|t:|1700444176\n|move|p1a: Breloom|Mach Punch|p2a: Corviknight\n|-damage|p2a: Corviknight|44\/100\n|-damage|p1a: Breloom|84\/100|[from] item: Rocky Helmet|[of] p2a: Corviknight\n|move|p2a: Corviknight|Defog|p1a: Breloom\n|-unboost|p1a: Breloom|evasion|1\n|-sideend|p1: Onte bad|Stealth Rock|[from] move: Defog|[of] p2a: Corviknight\n|-sideend|p2: katholikon|Stealth Rock|[from] move: Defog|[of] p2a: Corviknight\n|-sideend|p2: katholikon|Sticky Web|[from] move: Defog|[of] p2a: Corviknight\n|\n|upkeep\n|turn|24\n|\n|t:|1700444186\n|move|p1a: Breloom|Rock Tomb|p2a: Corviknight\n|-damage|p2a: Corviknight|1\/100\n|-unboost|p2a: Corviknight|spe|1\n|move|p2a: Corviknight|U-turn|p1a: Breloom\n|-damage|p1a: Breloom|61\/100\n|\n|t:|1700444192\n|switch|p2a: Dragapult|Dragapult, M|80\/100|[from] U-turn\n|\n|upkeep\n|turn|25\n|\n|t:|1700444208\n|switch|p1a: Kingambit|Kingambit, M|54\/100\n|move|p2a: Dragapult|Draco Meteor|p1a: Kingambit\n|-resisted|p1a: Kingambit\n|-crit|p1a: Kingambit\n|-damage|p1a: Kingambit|0 fnt\n|-unboost|p2a: Dragapult|spa|2\n|faint|p1a: Kingambit\n|\n|upkeep\n|\n|t:|1700444213\n|switch|p1a: Mimikyu|Mimikyu-Busted, M|88\/100\n|turn|26\n|\n|t:|1700444218\n|switch|p2a: Corviknight|Corviknight, F|1\/100\n|-ability|p2a: Corviknight|Pressure\n|move|p1a: Mimikyu|Swords Dance|p1a: Mimikyu\n|-boost|p1a: Mimikyu|atk|2\n|\n|-heal|p1a: Mimikyu|94\/100|[from] item: Leftovers\n|upkeep\n|turn|27\n|\n|t:|1700444224\n|move|p1a: Mimikyu|Drain Punch|p2a: Corviknight\n|-damage|p2a: Corviknight|0 fnt\n|-heal|p1a: Mimikyu|94\/100|[from] drain|[of] p2a: Corviknight\n|-damage|p1a: Mimikyu|78\/100|[from] item: Rocky Helmet|[of] p2a: Corviknight\n|faint|p2a: Corviknight\n|\n|-heal|p1a: Mimikyu|84\/100|[from] item: Leftovers\n|upkeep\n|\n|t:|1700444229\n|switch|p2a: Iron Valiant|Iron Valiant|100\/100\n|-enditem|p2a: Iron Valiant|Booster Energy\n|-activate|p2a: Iron Valiant|ability: Quark Drive|[fromitem]\n|-start|p2a: Iron Valiant|quarkdrivespe\n|turn|28\n|\n|t:|1700444246\n|move|p2a: Iron Valiant|Knock Off|p1a: Mimikyu\n|-damage|p1a: Mimikyu|26\/100\n|-enditem|p1a: Mimikyu|Leftovers|[from] move: Knock Off|[of] p2a: Iron Valiant\n|move|p1a: Mimikyu|Play Rough|p2a: Iron Valiant\n|-supereffective|p2a: Iron Valiant\n|-damage|p2a: Iron Valiant|0 fnt\n|faint|p2a: Iron Valiant\n|-end|p2a: Iron Valiant|Quark Drive|[silent]\n|\n|upkeep\n|\n|t:|1700444253\n|switch|p2a: Ting-Lu|Ting-Lu|20\/100\n|-ability|p2a: Ting-Lu|Vessel of Ruin\n|turn|29\n|\n|t:|1700444261\n|-terastallize|p2a: Ting-Lu|Fairy\n|move|p1a: Mimikyu|Drain Punch|p2a: Ting-Lu\n|-resisted|p2a: Ting-Lu\n|-damage|p2a: Ting-Lu|10\/100\n|-heal|p1a: Mimikyu|36\/100|[from] drain|[of] p2a: Ting-Lu\n|move|p2a: Ting-Lu|Whirlwind|p1a: Mimikyu\n|drag|p1a: Quaquaval|Quaquaval, M|100\/100\n|\n|upkeep\n|turn|30\n|\n|t:|1700444283\n|switch|p2a: Gholdengo|Gholdengo|73\/100\n|move|p1a: Quaquaval|Aqua Step|p2a: Gholdengo\n|-damage|p2a: Gholdengo|34\/100\n|-boost|p1a: Quaquaval|spe|1\n|\n|upkeep\n|turn|31\n|\n|t:|1700444292\n|move|p1a: Quaquaval|Aqua Step|p2a: Gholdengo\n|-damage|p2a: Gholdengo|0 fnt\n|-boost|p1a: Quaquaval|spe|1\n|faint|p2a: Gholdengo\n|-ability|p1a: Quaquaval|Moxie|boost\n|-boost|p1a: Quaquaval|atk|1\n|\n|upkeep\n|-message|katholikon forfeited.\n|\n|win|Onte bad\n|raw|Onte bad's rating: 1310 &rarr; <strong>1334<\/strong><br \/>(+24 for winning)\n|raw|katholikon's rating: 1381 &rarr; <strong>1357<\/strong><br \/>(-24 for losing)\n|l|\u2606katholikon\n|c|\u2606Onte bad|ggs\n","uploadtime":1700444302,"views":9,"p1id":"ontebad","p2id":"katholikon","formatid":"gen9ou","rating":1334,"private":0,"password":""}