{"id":"gen9ou-1997380238","p1":"godlycarrot","p2":"KT1120","format":"[Gen 9] OU","log":"|j|\u2606godlycarrot\n|j|\u2606KT1120\n|t:|1700796603\n|gametype|singles\n|player|p1|godlycarrot|unknown|\n|player|p2|KT1120|1|\n|teamsize|p1|6\n|teamsize|p2|6\n|gen|9\n|tier|[Gen 9] OU\n|rule|Sleep Clause Mod: Limit one foe put to sleep\n|rule|Species Clause: Limit one of each Pok\u00e9mon\n|rule|OHKO Clause: OHKO moves are banned\n|rule|Evasion Items Clause: Evasion items are banned\n|rule|Evasion Moves Clause: Evasion moves are banned\n|rule|Endless Battle Clause: Forcing endless battles is banned\n|rule|HP Percentage Mod: HP is shown in percentages\n|clearpoke\n|poke|p1|Great Tusk|\n|poke|p1|Ogerpon-Wellspring, F|\n|poke|p1|Moltres|\n|poke|p1|Empoleon, F|\n|poke|p1|Iron Valiant|\n|poke|p1|Garchomp, F|\n|poke|p2|Weavile, F|\n|poke|p2|Amoonguss, M|\n|poke|p2|Garganacl, F|\n|poke|p2|Maushold|\n|poke|p2|Kingambit, M|\n|poke|p2|Samurott-Hisui, M|\n|teampreview\n|inactive|Battle timer is ON: inactive players will automatically lose when time's up. (requested by KT1120)\n|c|\u2606godlycarrot|oh no\n|c|\u2606godlycarrot|not weavile\n|c|\u2606KT1120|lol\n|\n|t:|1700796623\n|start\n|switch|p1a: Empoleon|Empoleon, F|100\/100\n|switch|p2a: Samurott|Samurott-Hisui, M|100\/100\n|turn|1\n|\n|t:|1700796627\n|move|p2a: Samurott|Ceaseless Edge|p1a: Empoleon\n|-damage|p1a: Empoleon|53\/100\n|-sidestart|p1: godlycarrot|Spikes\n|move|p1a: Empoleon|Stealth Rock|p2a: Samurott\n|-sidestart|p2: KT1120|move: Stealth Rock\n|\n|-heal|p1a: Empoleon|60\/100|[from] item: Leftovers\n|upkeep\n|turn|2\n|\n|t:|1700796632\n|move|p2a: Samurott|Swords Dance|p2a: Samurott\n|-boost|p2a: Samurott|atk|2\n|move|p1a: Empoleon|Flip Turn|p2a: Samurott\n|-resisted|p2a: Samurott\n|-damage|p2a: Samurott|90\/100\n|\n|t:|1700796641\n|switch|p1a: Ogerpon|Ogerpon-Wellspring, F|100\/100|[from] Flip Turn\n|-damage|p1a: Ogerpon|88\/100|[from] Spikes\n|\n|upkeep\n|turn|3\n|\n|t:|1700796645\n|switch|p2a: Amoonguss|Amoonguss, M|100\/100\n|-damage|p2a: Amoonguss|88\/100|[from] Stealth Rock\n|move|p1a: Ogerpon|Power Whip|p2a: Amoonguss\n|-resisted|p2a: Amoonguss\n|-damage|p2a: Amoonguss|76\/100\n|-enditem|p2a: Amoonguss|Red Card|[of] p1a: Ogerpon\n|drag|p1a: Great Tusk|Great Tusk|100\/100\n|-damage|p1a: Great Tusk|88\/100|[from] Spikes\n|\n|-heal|p1a: Great Tusk|94\/100|[from] item: Leftovers\n|upkeep\n|turn|4\n|\n|t:|1700796658\n|move|p1a: Great Tusk|Ice Spinner|p2a: Amoonguss\n|-supereffective|p2a: Amoonguss\n|-damage|p2a: Amoonguss|43\/100\n|move|p2a: Amoonguss|Spore|p1a: Great Tusk\n|-status|p1a: Great Tusk|slp|[from] move: Spore\n|\n|-heal|p1a: Great Tusk|100\/100 slp|[from] item: Leftovers\n|upkeep\n|turn|5\n|c|\u2606godlycarrot|wow this is so fun\n|\n|t:|1700796668\n|-end|p1a: Great Tusk|Protosynthesis|[silent]\n|switch|p1a: Moltres|Moltres|100\/100\n|move|p2a: Amoonguss|Sludge Bomb|p1a: Moltres\n|-damage|p1a: Moltres|73\/100\n|\n|upkeep\n|turn|6\n|c|\u2606KT1120|:)\n|\n|t:|1700796684\n|switch|p2a: Garganacl|Garganacl, F|100\/100\n|-damage|p2a: Garganacl|88\/100|[from] Stealth Rock\n|move|p1a: Moltres|U-turn|p2a: Garganacl\n|-damage|p2a: Garganacl|78\/100\n|\n|t:|1700796696\n|switch|p1a: Great Tusk|Great Tusk|100\/100 slp|[from] U-turn\n|-damage|p1a: Great Tusk|88\/100 slp|[from] Spikes\n|\n|-heal|p1a: Great Tusk|94\/100 slp|[from] item: Leftovers\n|-heal|p2a: Garganacl|85\/100|[from] item: Leftovers\n|upkeep\n|turn|7\n|\n|t:|1700796706\n|cant|p1a: Great Tusk|slp\n|move|p2a: Garganacl|Iron Defense|p2a: Garganacl\n|-boost|p2a: Garganacl|def|2\n|\n|-heal|p1a: Great Tusk|100\/100 slp|[from] item: Leftovers\n|-heal|p2a: Garganacl|91\/100|[from] item: Leftovers\n|upkeep\n|turn|8\n|\n|t:|1700796713\n|cant|p1a: Great Tusk|slp\n|move|p2a: Garganacl|Iron Defense|p2a: Garganacl\n|-boost|p2a: Garganacl|def|2\n|\n|-heal|p2a: Garganacl|97\/100|[from] item: Leftovers\n|upkeep\n|turn|9\n|\n|t:|1700796726\n|-terastallize|p2a: Garganacl|Fairy\n|-curestatus|p1a: Great Tusk|slp|[msg]\n|move|p1a: Great Tusk|Earthquake|p2a: Garganacl\n|-damage|p2a: Garganacl|87\/100\n|move|p2a: Garganacl|Iron Defense|p2a: Garganacl\n|-boost|p2a: Garganacl|def|2\n|\n|-heal|p2a: Garganacl|94\/100|[from] item: Leftovers\n|upkeep\n|turn|10\n|\n|t:|1700796731\n|move|p1a: Great Tusk|Earthquake|p2a: Garganacl\n|-crit|p2a: Garganacl\n|-damage|p2a: Garganacl|52\/100\n|move|p2a: Garganacl|Salt Cure|p1a: Great Tusk\n|-resisted|p1a: Great Tusk\n|-damage|p1a: Great Tusk|98\/100\n|-start|p1a: Great Tusk|Salt Cure\n|\n|-heal|p1a: Great Tusk|100\/100|[from] item: Leftovers\n|-heal|p2a: Garganacl|58\/100|[from] item: Leftovers\n|-damage|p1a: Great Tusk|88\/100|[from] Salt Cure\n|upkeep\n|turn|11\n|\n|t:|1700796743\n|-end|p1a: Great Tusk|Protosynthesis|[silent]\n|switch|p1a: Garchomp|Garchomp, F|100\/100\n|-damage|p1a: Garchomp|88\/100|[from] Spikes\n|move|p2a: Garganacl|Recover|p2a: Garganacl\n|-heal|p2a: Garganacl|100\/100\n|\n|upkeep\n|turn|12\n|\n|t:|1700796752\n|switch|p1a: Iron Valiant|Iron Valiant|100\/100\n|-damage|p1a: Iron Valiant|88\/100|[from] Spikes\n|-enditem|p1a: Iron Valiant|Booster Energy\n|-activate|p1a: Iron Valiant|ability: Quark Drive|[fromitem]\n|-start|p1a: Iron Valiant|quarkdrivespe\n|move|p2a: Garganacl|Body Press|p1a: Iron Valiant\n|-resisted|p1a: Iron Valiant\n|-damage|p1a: Iron Valiant|30\/100\n|\n|upkeep\n|turn|13\n|\n|t:|1700796757\n|move|p1a: Iron Valiant|Moonblast|p2a: Garganacl\n|-damage|p2a: Garganacl|72\/100\n|move|p2a: Garganacl|Body Press|p1a: Iron Valiant\n|-resisted|p1a: Iron Valiant\n|-damage|p1a: Iron Valiant|0 fnt\n|faint|p1a: Iron Valiant\n|-end|p1a: Iron Valiant|Quark Drive|[silent]\n|\n|-heal|p2a: Garganacl|78\/100|[from] item: Leftovers\n|upkeep\n|\n|t:|1700796763\n|switch|p1a: Ogerpon|Ogerpon-Wellspring, F|88\/100\n|-damage|p1a: Ogerpon|76\/100|[from] Spikes\n|turn|14\n|\n|t:|1700796767\n|move|p1a: Ogerpon|Swords Dance|p1a: Ogerpon\n|-boost|p1a: Ogerpon|atk|2\n|move|p2a: Garganacl|Body Press|p1a: Ogerpon\n|-damage|p1a: Ogerpon|0 fnt\n|faint|p1a: Ogerpon\n|\n|-heal|p2a: Garganacl|84\/100|[from] item: Leftovers\n|upkeep\n|\n|t:|1700796772\n|switch|p1a: Garchomp|Garchomp, F|88\/100\n|-damage|p1a: Garchomp|76\/100|[from] Spikes\n|turn|15\n|\n|t:|1700796775\n|move|p1a: Garchomp|Earthquake|p2a: Garganacl\n|-damage|p2a: Garganacl|76\/100\n|move|p2a: Garganacl|Body Press|p1a: Garchomp\n|-damage|p1a: Garchomp|0 fnt\n|-damage|p2a: Garganacl|64\/100|[from] ability: Rough Skin|[of] p1a: Garchomp\n|faint|p1a: Garchomp\n|\n|-heal|p2a: Garganacl|70\/100|[from] item: Leftovers\n|upkeep\n|\n|t:|1700796779\n|switch|p1a: Great Tusk|Great Tusk|88\/100\n|-damage|p1a: Great Tusk|76\/100|[from] Spikes\n|turn|16\n|\n|t:|1700796783\n|move|p1a: Great Tusk|Earthquake|p2a: Garganacl\n|-damage|p2a: Garganacl|61\/100\n|move|p2a: Garganacl|Salt Cure|p1a: Great Tusk\n|-resisted|p1a: Great Tusk\n|-damage|p1a: Great Tusk|74\/100\n|-start|p1a: Great Tusk|Salt Cure\n|\n|-heal|p1a: Great Tusk|80\/100|[from] item: Leftovers\n|-heal|p2a: Garganacl|68\/100|[from] item: Leftovers\n|-damage|p1a: Great Tusk|67\/100|[from] Salt Cure\n|upkeep\n|turn|17\n|\n|t:|1700796787\n|move|p1a: Great Tusk|Earthquake|p2a: Garganacl\n|-damage|p2a: Garganacl|59\/100\n|move|p2a: Garganacl|Body Press|p1a: Great Tusk\n|-damage|p1a: Great Tusk|9\/100\n|\n|-heal|p1a: Great Tusk|15\/100|[from] item: Leftovers\n|-heal|p2a: Garganacl|66\/100|[from] item: Leftovers\n|-damage|p1a: Great Tusk|3\/100|[from] Salt Cure\n|upkeep\n|turn|18\n|\n|t:|1700796790\n|move|p1a: Great Tusk|Earthquake|p2a: Garganacl\n|-damage|p2a: Garganacl|58\/100\n|move|p2a: Garganacl|Recover|p2a: Garganacl\n|-heal|p2a: Garganacl|100\/100\n|\n|-heal|p1a: Great Tusk|9\/100|[from] item: Leftovers\n|-damage|p1a: Great Tusk|0 fnt|[from] Salt Cure\n|faint|p1a: Great Tusk\n|-end|p1a: Great Tusk|Protosynthesis|[silent]\n|upkeep\n|\n|t:|1700796793\n|switch|p1a: Moltres|Moltres|73\/100\n|turn|19\n|\n|t:|1700796795\n|move|p1a: Moltres|Will-O-Wisp|p2a: Garganacl\n|-immune|p2a: Garganacl|[from] ability: Purifying Salt\n|move|p2a: Garganacl|Salt Cure|p1a: Moltres\n|-supereffective|p1a: Moltres\n|-damage|p1a: Moltres|32\/100\n|-start|p1a: Moltres|Salt Cure\n|\n|-damage|p1a: Moltres|20\/100|[from] Salt Cure\n|upkeep\n|turn|20\n|\n|t:|1700796799\n|move|p1a: Moltres|Flamethrower|p2a: Garganacl\n|-damage|p2a: Garganacl|75\/100\n|move|p2a: Garganacl|Salt Cure|p1a: Moltres\n|-supereffective|p1a: Moltres\n|-damage|p1a: Moltres|0 fnt\n|faint|p1a: Moltres\n|\n|-heal|p2a: Garganacl|81\/100|[from] item: Leftovers\n|upkeep\n|c|\u2606KT1120|smh\n|\n|t:|1700796813\n|switch|p1a: Empoleon|Empoleon, F|60\/100\n|-damage|p1a: Empoleon|47\/100|[from] Spikes\n|turn|21\n|\n|t:|1700796818\n|move|p1a: Empoleon|Surf|p2a: Garganacl\n|-damage|p2a: Garganacl|58\/100\n|move|p2a: Garganacl|Body Press|p1a: Empoleon\n|-supereffective|p1a: Empoleon\n|-damage|p1a: Empoleon|0 fnt\n|faint|p1a: Empoleon\n|\n|win|KT1120\n","uploadtime":1700796824,"views":5,"p1id":"godlycarrot","p2id":"kt1120","formatid":"gen9ou","rating":0,"private":0,"password":""}