{"id":"gen9ou-1995169666","p1":"Ishida_Pendragon","p2":"MystroPoken","format":"[Gen 9] OU","log":"|j|\u2606Ishida_Pendragon\n|j|\u2606MystroPoken\n|t:|1700530376\n|gametype|singles\n|player|p1|Ishida_Pendragon|n|1123\n|player|p2|MystroPoken|crasherwake|1148\n|teamsize|p1|6\n|teamsize|p2|6\n|gen|9\n|tier|[Gen 9] OU\n|rated|\n|rule|Sleep Clause Mod: Limit one foe put to sleep\n|rule|Species Clause: Limit one of each Pok\u00e9mon\n|rule|OHKO Clause: OHKO moves are banned\n|rule|Evasion Items Clause: Evasion items are banned\n|rule|Evasion Moves Clause: Evasion moves are banned\n|rule|Endless Battle Clause: Forcing endless battles is banned\n|rule|HP Percentage Mod: HP is shown in percentages\n|clearpoke\n|poke|p1|Iron Valiant|\n|poke|p1|Kingambit, M|\n|poke|p1|Walking Wake|\n|poke|p1|Great Tusk|\n|poke|p1|Gholdengo|\n|poke|p1|Ribombee, F|\n|poke|p2|Hawlucha, M|\n|poke|p2|Rillaboom, F|\n|poke|p2|Alomomola, M|\n|poke|p2|Amoonguss, F|\n|poke|p2|Heatran, F|\n|poke|p2|Great Tusk|\n|teampreview\n|inactive|Battle timer is ON: inactive players will automatically lose when time's up. (requested by MystroPoken)\n|\n|t:|1700530386\n|start\n|switch|p1a: Great Tusk|Great Tusk|100\/100\n|switch|p2a: Great Tusk|Great Tusk|100\/100\n|-enditem|p1a: Great Tusk|Booster Energy\n|-activate|p1a: Great Tusk|ability: Protosynthesis|[fromitem]\n|-start|p1a: Great Tusk|protosynthesisatk\n|turn|1\n|\n|t:|1700530395\n|move|p1a: Great Tusk|Stealth Rock|p2a: Great Tusk\n|-sidestart|p2: MystroPoken|move: Stealth Rock\n|move|p2a: Great Tusk|Bulk Up|p2a: Great Tusk\n|-boost|p2a: Great Tusk|atk|1\n|-boost|p2a: Great Tusk|def|1\n|\n|upkeep\n|turn|2\n|\n|t:|1700530405\n|move|p1a: Great Tusk|Ice Spinner|p2a: Great Tusk\n|-supereffective|p2a: Great Tusk\n|-damage|p2a: Great Tusk|74\/100\n|-damage|p1a: Great Tusk|84\/100|[from] item: Rocky Helmet|[of] p2a: Great Tusk\n|move|p2a: Great Tusk|Rapid Spin|p1a: Great Tusk\n|-damage|p1a: Great Tusk|68\/100\n|-boost|p2a: Great Tusk|spe|1\n|-sideend|p2: MystroPoken|Stealth Rock|[from] move: Rapid Spin|[of] p2a: Great Tusk\n|\n|upkeep\n|turn|3\n|\n|t:|1700530415\n|move|p2a: Great Tusk|Bulk Up|p2a: Great Tusk\n|-boost|p2a: Great Tusk|atk|1\n|-boost|p2a: Great Tusk|def|1\n|move|p1a: Great Tusk|Earthquake|p2a: Great Tusk\n|-damage|p2a: Great Tusk|56\/100\n|\n|upkeep\n|turn|4\n|\n|t:|1700530422\n|move|p2a: Great Tusk|Bulk Up|p2a: Great Tusk\n|-boost|p2a: Great Tusk|atk|1\n|-boost|p2a: Great Tusk|def|1\n|move|p1a: Great Tusk|Ice Spinner|p2a: Great Tusk\n|-supereffective|p2a: Great Tusk\n|-damage|p2a: Great Tusk|40\/100\n|-damage|p1a: Great Tusk|52\/100|[from] item: Rocky Helmet|[of] p2a: Great Tusk\n|\n|upkeep\n|turn|5\n|\n|t:|1700530434\n|move|p2a: Great Tusk|Rapid Spin|p1a: Great Tusk\n|-damage|p1a: Great Tusk|24\/100\n|-boost|p2a: Great Tusk|spe|1\n|move|p1a: Great Tusk|Rapid Spin|p2a: Great Tusk\n|-damage|p2a: Great Tusk|35\/100\n|-boost|p1a: Great Tusk|spe|1\n|-damage|p1a: Great Tusk|8\/100|[from] item: Rocky Helmet|[of] p2a: Great Tusk\n|\n|upkeep\n|turn|6\n|\n|t:|1700530444\n|move|p2a: Great Tusk|Rapid Spin|p1a: Great Tusk\n|-damage|p1a: Great Tusk|0 fnt\n|-boost|p2a: Great Tusk|spe|1\n|faint|p1a: Great Tusk\n|-end|p1a: Great Tusk|Protosynthesis|[silent]\n|\n|upkeep\n|\n|t:|1700530450\n|switch|p1a: Gholdengo|Gholdengo|100\/100\n|-item|p1a: Gholdengo|Air Balloon\n|turn|7\n|inactive|MystroPoken has 120 seconds left.\n|\n|t:|1700530509\n|-end|p2a: Great Tusk|Protosynthesis|[silent]\n|switch|p2a: Heatran|Heatran, F|100\/100\n|-item|p2a: Heatran|Air Balloon\n|move|p1a: Gholdengo|Shadow Ball|p2a: Heatran\n|-damage|p2a: Heatran|75\/100\n|-enditem|p2a: Heatran|Air Balloon\n|\n|upkeep\n|turn|8\n|\n|t:|1700530526\n|switch|p1a: Walking Wake|Walking Wake|100\/100\n|move|p2a: Heatran|Magma Storm|p1a: Walking Wake|[miss]\n|-miss|p2a: Heatran|p1a: Walking Wake\n|\n|upkeep\n|turn|9\n|\n|t:|1700530538\n|switch|p2a: Amoonguss|Amoonguss, F|100\/100\n|-terastallize|p1a: Walking Wake|Water\n|move|p1a: Walking Wake|Hydro Steam|p2a: Amoonguss\n|-resisted|p2a: Amoonguss\n|-damage|p2a: Amoonguss|69\/100\n|\n|-heal|p2a: Amoonguss|75\/100|[from] item: Leftovers\n|upkeep\n|turn|10\n|\n|t:|1700530551\n|-terastallize|p2a: Amoonguss|Fire\n|move|p1a: Walking Wake|Hydro Steam|p2a: Amoonguss\n|-supereffective|p2a: Amoonguss\n|-damage|p2a: Amoonguss|0 fnt\n|faint|p2a: Amoonguss\n|\n|upkeep\n|\n|t:|1700530558\n|switch|p2a: Rillaboom|Rillaboom, F|100\/100\n|-fieldstart|move: Grassy Terrain|[from] ability: Grassy Surge|[of] p2a: Rillaboom\n|turn|11\n|\n|t:|1700530563\n|move|p1a: Walking Wake|Hydro Steam|p2a: Rillaboom\n|-resisted|p2a: Rillaboom\n|-damage|p2a: Rillaboom|49\/100\n|move|p2a: Rillaboom|U-turn|p1a: Walking Wake\n|-damage|p1a: Walking Wake|60\/100\n|\n|t:|1700530579\n|switch|p2a: Alomomola|Alomomola, M|100\/100|[from] U-turn\n|\n|-heal|p1a: Walking Wake|66\/100|[from] Grassy Terrain\n|upkeep\n|turn|12\n|\n|t:|1700530585\n|move|p1a: Walking Wake|Hydro Steam|p2a: Alomomola\n|-resisted|p2a: Alomomola\n|-damage|p2a: Alomomola|63\/100\n|-enditem|p2a: Alomomola|Red Card|[of] p1a: Walking Wake\n|-end|p1a: Walking Wake|Protosynthesis|[silent]\n|drag|p1a: Ribombee|Ribombee, F, shiny|100\/100\n|move|p2a: Alomomola|Flip Turn|p1a: Ribombee\n|-damage|p1a: Ribombee|66\/100\n|\n|t:|1700530591\n|switch|p2a: Hawlucha|Hawlucha, M|100\/100|[from] Flip Turn\n|-enditem|p2a: Hawlucha|Grassy Seed\n|-boost|p2a: Hawlucha|def|1|[from] item: Grassy Seed\n|\n|-heal|p1a: Ribombee|72\/100|[from] Grassy Terrain\n|upkeep\n|turn|13\n|\n|t:|1700530601\n|move|p2a: Hawlucha|Swords Dance|p2a: Hawlucha\n|-boost|p2a: Hawlucha|atk|2\n|move|p1a: Ribombee|Sticky Web|p2a: Hawlucha\n|-sidestart|p2: MystroPoken|move: Sticky Web\n|\n|-heal|p1a: Ribombee|78\/100|[from] Grassy Terrain\n|upkeep\n|turn|14\n|\n|t:|1700530616\n|move|p2a: Hawlucha|Acrobatics|p1a: Ribombee\n|-supereffective|p1a: Ribombee\n|-damage|p1a: Ribombee|0 fnt\n|faint|p1a: Ribombee\n|\n|upkeep\n|\n|t:|1700530624\n|switch|p1a: Gholdengo|Gholdengo|100\/100\n|-item|p1a: Gholdengo|Air Balloon\n|turn|15\n|inactive|MystroPoken has 120 seconds left.\n|\n|t:|1700530673\n|move|p2a: Hawlucha|Swords Dance|p2a: Hawlucha\n|-boost|p2a: Hawlucha|atk|2\n|move|p1a: Gholdengo|Shadow Ball|p2a: Hawlucha\n|-damage|p2a: Hawlucha|31\/100\n|\n|-fieldend|move: Grassy Terrain\n|upkeep\n|turn|16\n|\n|t:|1700530681\n|move|p2a: Hawlucha|Acrobatics|p1a: Gholdengo\n|-resisted|p1a: Gholdengo\n|-damage|p1a: Gholdengo|39\/100\n|-enditem|p1a: Gholdengo|Air Balloon\n|move|p1a: Gholdengo|Shadow Ball|p2a: Hawlucha\n|-damage|p2a: Hawlucha|0 fnt\n|faint|p2a: Hawlucha\n|\n|upkeep\n|\n|t:|1700530700\n|switch|p2a: Rillaboom|Rillaboom, F|49\/100\n|-activate|p2a: Rillaboom|move: Sticky Web\n|-unboost|p2a: Rillaboom|spe|1\n|-fieldstart|move: Grassy Terrain|[from] ability: Grassy Surge|[of] p2a: Rillaboom\n|turn|17\n|\n|t:|1700530708\n|move|p2a: Rillaboom|Grassy Glide|p1a: Gholdengo\n|-resisted|p1a: Gholdengo\n|-damage|p1a: Gholdengo|14\/100\n|move|p1a: Gholdengo|Make It Rain|p2a: Rillaboom\n|-damage|p2a: Rillaboom|0 fnt\n|-unboost|p1a: Gholdengo|spa|1\n|faint|p2a: Rillaboom\n|\n|-heal|p1a: Gholdengo|20\/100|[from] Grassy Terrain\n|upkeep\n|\n|t:|1700530713\n|switch|p2a: Great Tusk|Great Tusk|35\/100\n|-activate|p2a: Great Tusk|move: Sticky Web\n|-unboost|p2a: Great Tusk|spe|1\n|turn|18\n|-message|MystroPoken forfeited.\n|\n|win|Ishida_Pendragon\n|raw|Ishida_Pendragon's rating: 1123 &rarr; <strong>1150<\/strong><br \/>(+27 for winning)\n|raw|MystroPoken's rating: 1148 &rarr; <strong>1121<\/strong><br \/>(-27 for losing)\n|l|\u2606MystroPoken\n","uploadtime":1700530757,"views":7,"p1id":"ishidapendragon","p2id":"mystropoken","formatid":"gen9ou","rating":1121,"private":0,"password":""}