{"id":"gen9ou-1988948171","p1":"Pow Caeli","p2":"FlinchED7","format":"[Gen 9] OU","log":"|j|\u2606Pow Caeli\n|j|\u2606FlinchED7\n|t:|1699792930\n|gametype|singles\n|player|p1|Pow Caeli|backersf|\n|player|p2|FlinchED7|linebacker|\n|teamsize|p1|6\n|teamsize|p2|6\n|gen|9\n|tier|[Gen 9] OU\n|rule|Sleep Clause Mod: Limit one foe put to sleep\n|rule|Species Clause: Limit one of each Pok\u00e9mon\n|rule|OHKO Clause: OHKO moves are banned\n|rule|Evasion Items Clause: Evasion items are banned\n|rule|Evasion Moves Clause: Evasion moves are banned\n|rule|Endless Battle Clause: Forcing endless battles is banned\n|rule|HP Percentage Mod: HP is shown in percentages\n|clearpoke\n|poke|p1|Heatran, M|\n|poke|p1|Zapdos|\n|poke|p1|Great Tusk|\n|poke|p1|Ogerpon-Wellspring, F|\n|poke|p1|Kingambit, M|\n|poke|p1|Dragapult, M|\n|poke|p2|Ting-Lu|\n|poke|p2|Ogerpon-Wellspring, F|\n|poke|p2|Zapdos|\n|poke|p2|Clefable, M|\n|poke|p2|Cinderace, M|\n|poke|p2|Gholdengo|\n|teampreview\n|c|\u2606Pow Caeli|tu as pay\u00e9 le jeu non ?\n|\n|t:|1699792946\n|start\n|switch|p1a: Hot Mom|Heatran, M|100\/100\n|switch|p2a: Ting-Lu|Ting-Lu|100\/100\n|-ability|p2a: Ting-Lu|Vessel of Ruin\n|turn|1\n|c|\u2606FlinchED7|J'aurais aim\u00e9 faire \u00e7a\n|c|\u2606FlinchED7|Mais je suis fauch\u00e9\n|\n|t:|1699792972\n|switch|p1a: Zeus|Zapdos|100\/100\n|move|p2a: Ting-Lu|Stealth Rock|p1a: Zeus\n|-sidestart|p1: Pow Caeli|move: Stealth Rock\n|\n|upkeep\n|turn|2\n|\n|t:|1699792984\n|move|p1a: Zeus|Heat Wave|p2a: Ting-Lu\n|-damage|p2a: Ting-Lu|89\/100\n|move|p2a: Ting-Lu|Whirlwind|p1a: Zeus\n|drag|p1a: Drague cette pute|Dragapult, M|100\/100\n|-damage|p1a: Drague cette pute|88\/100|[from] Stealth Rock\n|\n|-heal|p2a: Ting-Lu|95\/100|[from] item: Leftovers\n|upkeep\n|turn|3\n|\n|t:|1699792992\n|move|p1a: Drague cette pute|U-turn|p2a: Ting-Lu\n|-supereffective|p2a: Ting-Lu\n|-damage|p2a: Ting-Lu|75\/100\n|\n|t:|1699792995\n|switch|p1a: Donflon|Great Tusk|100\/100|[from] U-turn\n|-damage|p1a: Donflon|98\/100|[from] Stealth Rock\n|move|p2a: Ting-Lu|Whirlwind|p1a: Donflon\n|-end|p1a: Donflon|Protosynthesis|[silent]\n|drag|p1a: Roi des zeubs|Kingambit, M|100\/100\n|-damage|p1a: Roi des zeubs|94\/100|[from] Stealth Rock\n|\n|-heal|p1a: Roi des zeubs|100\/100|[from] item: Leftovers\n|-heal|p2a: Ting-Lu|81\/100|[from] item: Leftovers\n|upkeep\n|turn|4\n|c|\u2606Pow Caeli|bah apparement quelqu'un l'a fait pour toi\n|\n|t:|1699793020\n|-end|p1a: Roi des zeubs|fallenundefined|[silent]\n|switch|p1a: Donflon|Great Tusk|98\/100\n|-damage|p1a: Donflon|95\/100|[from] Stealth Rock\n|move|p2a: Ting-Lu|Ruination|p1a: Donflon\n|-damage|p1a: Donflon|48\/100\n|\n|-heal|p1a: Donflon|54\/100|[from] item: Leftovers\n|-heal|p2a: Ting-Lu|87\/100|[from] item: Leftovers\n|upkeep\n|turn|5\n|\n|t:|1699793053\n|move|p1a: Donflon|Knock Off|p2a: Ting-Lu\n|-resisted|p2a: Ting-Lu\n|-damage|p2a: Ting-Lu|79\/100\n|-enditem|p2a: Ting-Lu|Leftovers|[from] move: Knock Off|[of] p1a: Donflon\n|move|p2a: Ting-Lu|Whirlwind|p1a: Donflon\n|-end|p1a: Donflon|Protosynthesis|[silent]\n|drag|p1a: Zeus|Zapdos|100\/100\n|\n|upkeep\n|turn|6\n|c|\u2606FlinchED7|J'aurais pr\u00e9f\u00e9r\u00e9 quelque chose de plus pratique\n|\n|t:|1699793067\n|move|p1a: Zeus|Hurricane|p2a: Ting-Lu\n|-damage|p2a: Ting-Lu|60\/100\n|move|p2a: Ting-Lu|Whirlwind|p1a: Zeus\n|drag|p1a: Au japon|Ogerpon-Wellspring, F|100\/100\n|-damage|p1a: Au japon|88\/100|[from] Stealth Rock\n|\n|upkeep\n|turn|7\n|\n|t:|1699793076\n|switch|p2a: Zapdos|Zapdos|100\/100\n|move|p1a: Au japon|Ivy Cudgel|p2a: Zapdos\n|-damage|p2a: Zapdos|28\/100\n|\n|upkeep\n|turn|8\n|\n|t:|1699793084\n|move|p1a: Au japon|Power Whip|p2a: Zapdos\n|-resisted|p2a: Zapdos\n|-damage|p2a: Zapdos|0 fnt\n|faint|p2a: Zapdos\n|\n|upkeep\n|c|\u2606Pow Caeli|ouf\n|c|\u2606Pow Caeli|je me suis dit non pas encore\n|\n|t:|1699793102\n|switch|p2a: Ogerpon|Ogerpon-Wellspring, F|100\/100\n|turn|9\n|\n|t:|1699793110\n|move|p1a: Au japon|Power Whip|p2a: Ogerpon\n|-damage|p2a: Ogerpon|13\/100\n|move|p2a: Ogerpon|Horn Leech|p1a: Au japon\n|-damage|p1a: Au japon|26\/100\n|-heal|p2a: Ogerpon|44\/100|[from] drain|[of] p1a: Au japon\n|\n|upkeep\n|turn|10\n|\n|t:|1699793118\n|move|p1a: Au japon|Power Whip|p2a: Ogerpon\n|-damage|p2a: Ogerpon|0 fnt\n|faint|p2a: Ogerpon\n|\n|upkeep\n|\n|t:|1699793121\n|switch|p2a: Cinderace|Cinderace, M|100\/100\n|turn|11\n|\n|t:|1699793125\n|switch|p1a: Donflon|Great Tusk|54\/100\n|-damage|p1a: Donflon|51\/100|[from] Stealth Rock\n|move|p2a: Cinderace|U-turn|p1a: Donflon\n|-start|p2a: Cinderace|typechange|Bug|[from] ability: Libero\n|-resisted|p1a: Donflon\n|-damage|p1a: Donflon|43\/100\n|\n|t:|1699793130\n|switch|p2a: Clefable|Clefable, M, shiny|100\/100|[from] U-turn\n|\n|-heal|p1a: Donflon|49\/100|[from] item: Leftovers\n|upkeep\n|turn|12\n|\n|t:|1699793134\n|-end|p1a: Donflon|Protosynthesis|[silent]\n|switch|p1a: Hot Mom|Heatran, M|100\/100\n|-damage|p1a: Hot Mom|88\/100|[from] Stealth Rock\n|move|p2a: Clefable|Moonblast|p1a: Hot Mom\n|-resisted|p1a: Hot Mom\n|-damage|p1a: Hot Mom|79\/100\n|-unboost|p1a: Hot Mom|spa|1\n|\n|-heal|p1a: Hot Mom|85\/100|[from] item: Leftovers\n|upkeep\n|turn|13\n|c|\u2606Pow Caeli|mais\n|\n|t:|1699793144\n|move|p2a: Clefable|Thunderbolt|p1a: Hot Mom\n|-damage|p1a: Hot Mom|61\/100\n|-status|p1a: Hot Mom|par\n|cant|p1a: Hot Mom|par\n|\n|-heal|p1a: Hot Mom|67\/100 par|[from] item: Leftovers\n|upkeep\n|turn|14\n|c|\u2606FlinchED7|HAHAHAHAHA\n|c|\u2606FlinchED7|C'est trop\n|c|\u2606Pow Caeli|tu sais tu peux me le dire  si tu as le modo de showdown\n|c|\u2606FlinchED7|Si j'\u00e9tais modo je saurais pas en 1400 de ladder\n|\n|t:|1699793192\n|move|p2a: Clefable|Thunderbolt|p1a: Hot Mom\n|-damage|p1a: Hot Mom|45\/100 par\n|move|p1a: Hot Mom|Magma Storm|p2a: Clefable\n|-damage|p2a: Clefable|68\/100\n|-activate|p2a: Clefable|move: Magma Storm|[of] p1a: Hot Mom\n|\n|-heal|p1a: Hot Mom|51\/100 par|[from] item: Leftovers\n|upkeep\n|turn|15\n|\n|t:|1699793202\n|move|p2a: Clefable|Moonlight|p2a: Clefable\n|-heal|p2a: Clefable|100\/100\n|move|p1a: Hot Mom|Taunt|p2a: Clefable\n|-start|p2a: Clefable|move: Taunt\n|\n|-heal|p1a: Hot Mom|57\/100 par|[from] item: Leftovers\n|upkeep\n|turn|16\n|\n|t:|1699793207\n|move|p2a: Clefable|Thunderbolt|p1a: Hot Mom\n|-damage|p1a: Hot Mom|34\/100 par\n|move|p1a: Hot Mom|Magma Storm|p2a: Clefable\n|-damage|p2a: Clefable|69\/100\n|\n|-heal|p1a: Hot Mom|40\/100 par|[from] item: Leftovers\n|upkeep\n|turn|17\n|\n|t:|1699793214\n|move|p2a: Clefable|Thunderbolt|p1a: Hot Mom\n|-damage|p1a: Hot Mom|17\/100 par\n|cant|p1a: Hot Mom|par\n|\n|-heal|p1a: Hot Mom|23\/100 par|[from] item: Leftovers\n|upkeep\n|turn|18\n|\n|t:|1699793219\n|move|p2a: Clefable|Thunderbolt|p1a: Hot Mom\n|-damage|p1a: Hot Mom|0 fnt\n|faint|p1a: Hot Mom\n|\n|-end|p2a: Clefable|Magma Storm|[partiallytrapped]|[silent]\n|-end|p2a: Clefable|move: Taunt\n|upkeep\n|\n|t:|1699793224\n|switch|p1a: Au japon|Ogerpon-Wellspring, F|26\/100\n|-damage|p1a: Au japon|14\/100|[from] Stealth Rock\n|turn|19\n|\n|t:|1699793250\n|switch|p2a: Gholdengo|Gholdengo|100\/100\n|move|p1a: Au japon|Ivy Cudgel|p2a: Gholdengo\n|-damage|p2a: Gholdengo|37\/100\n|\n|upkeep\n|turn|20\n|\n|t:|1699793261\n|move|p2a: Gholdengo|Shadow Ball|p1a: Au japon\n|-damage|p1a: Au japon|0 fnt\n|faint|p1a: Au japon\n|\n|upkeep\n|\n|t:|1699793262\n|switch|p1a: Roi des zeubs|Kingambit, M|100\/100\n|-damage|p1a: Roi des zeubs|94\/100|[from] Stealth Rock\n|-activate|p1a: Roi des zeubs|ability: Supreme Overlord\n|-start|p1a: Roi des zeubs|fallen2|[silent]\n|turn|21\n|\n|t:|1699793270\n|switch|p2a: Ting-Lu|Ting-Lu|60\/100\n|-ability|p2a: Ting-Lu|Vessel of Ruin\n|move|p1a: Roi des zeubs|Iron Head|p2a: Ting-Lu\n|-damage|p2a: Ting-Lu|28\/100\n|\n|-heal|p1a: Roi des zeubs|100\/100|[from] item: Leftovers\n|upkeep\n|turn|22\n|\n|t:|1699793286\n|move|p1a: Roi des zeubs|Iron Head|p2a: Ting-Lu\n|-damage|p2a: Ting-Lu|0 fnt\n|faint|p2a: Ting-Lu\n|\n|upkeep\n|\n|t:|1699793293\n|switch|p2a: Cinderace|Cinderace, M|100\/100\n|turn|23\n|c|\u2606Pow Caeli|imagines j'aurais min role\n|\n|t:|1699793309\n|-end|p1a: Roi des zeubs|fallen2|[silent]\n|switch|p1a: Donflon|Great Tusk|49\/100\n|-damage|p1a: Donflon|46\/100|[from] Stealth Rock\n|move|p2a: Cinderace|Pyro Ball|p1a: Donflon\n|-damage|p1a: Donflon|19\/100\n|\n|-heal|p1a: Donflon|25\/100|[from] item: Leftovers\n|upkeep\n|turn|24\n|c|\u2606Pow Caeli|le hax il peut \u00eatre avec moi ou\n|c|\u2606FlinchED7|C'est trop beau pour \u00eatre vrai\n|\n|t:|1699793344\n|move|p2a: Cinderace|Pyro Ball|p1a: Donflon|[miss]\n|-miss|p2a: Cinderace|p1a: Donflon\n|move|p1a: Donflon|Earthquake|p2a: Cinderace\n|-supereffective|p2a: Cinderace\n|-damage|p2a: Cinderace|0 fnt\n|faint|p2a: Cinderace\n|\n|-heal|p1a: Donflon|31\/100|[from] item: Leftovers\n|upkeep\n|c|\u2606Pow Caeli|enfin\n|c|\u2606FlinchED7|Fallait demander\n|\n|t:|1699793363\n|switch|p2a: Clefable|Clefable, M, shiny|69\/100\n|turn|25\n|\n|t:|1699793367\n|move|p2a: Clefable|Moonblast|p1a: Donflon\n|-supereffective|p1a: Donflon\n|-damage|p1a: Donflon|0 fnt\n|faint|p1a: Donflon\n|-end|p1a: Donflon|Protosynthesis|[silent]\n|\n|upkeep\n|\n|t:|1699793374\n|switch|p1a: Zeus|Zapdos|100\/100\n|turn|26\n|\n|t:|1699793378\n|move|p1a: Zeus|Hurricane|p2a: Clefable\n|-damage|p2a: Clefable|23\/100\n|-start|p2a: Clefable|confusion\n|-activate|p2a: Clefable|confusion\n|move|p2a: Clefable|Moonlight|p2a: Clefable\n|-heal|p2a: Clefable|73\/100\n|\n|upkeep\n|turn|27\n|\n|t:|1699793386\n|move|p1a: Zeus|Hurricane|p2a: Clefable|[miss]\n|-miss|p1a: Zeus|p2a: Clefable\n|-activate|p2a: Clefable|confusion\n|-damage|p2a: Clefable|66\/100|[from] confusion\n|\n|upkeep\n|turn|28\n|\n|t:|1699793390\n|move|p1a: Zeus|Hurricane|p2a: Clefable\n|-damage|p2a: Clefable|18\/100\n|-activate|p2a: Clefable|confusion\n|move|p2a: Clefable|Moonlight|p2a: Clefable\n|-heal|p2a: Clefable|68\/100\n|\n|upkeep\n|turn|29\n|\n|t:|1699793394\n|move|p1a: Zeus|Hurricane|p2a: Clefable\n|-damage|p2a: Clefable|21\/100\n|-end|p2a: Clefable|confusion\n|move|p2a: Clefable|Moonlight|p2a: Clefable\n|-heal|p2a: Clefable|71\/100\n|\n|upkeep\n|turn|30\n|\n|t:|1699793397\n|move|p1a: Zeus|Hurricane|p2a: Clefable\n|-damage|p2a: Clefable|23\/100\n|move|p2a: Clefable|Moonlight|p2a: Clefable\n|-heal|p2a: Clefable|73\/100\n|\n|upkeep\n|turn|31\n|\n|t:|1699793404\n|move|p1a: Zeus|Hurricane|p2a: Clefable\n|-crit|p2a: Clefable\n|-damage|p2a: Clefable|1\/100\n|-start|p2a: Clefable|confusion\n|-activate|p2a: Clefable|confusion\n|move|p2a: Clefable|Moonlight|p2a: Clefable\n|-heal|p2a: Clefable|51\/100\n|\n|upkeep\n|turn|32\n|c|\u2606Pow Caeli|wouah\n|c|\u2606Pow Caeli|j'ai eu du hax\n|c|\u2606Pow Caeli|apr\u00e8s 3 match\n|c|\u2606FlinchED7|J'ai gaspiller mon cota de chance pour aujourd'hui\n|\n|t:|1699793440\n|move|p1a: Zeus|Hurricane|p2a: Clefable\n|-damage|p2a: Clefable|3\/100\n|-activate|p2a: Clefable|confusion\n|move|p2a: Clefable|Moonlight|p2a: Clefable\n|-heal|p2a: Clefable|53\/100\n|\n|upkeep\n|turn|33\n|c|\u2606Pow Caeli|je pense\n|\n|t:|1699793448\n|move|p1a: Zeus|Hurricane|p2a: Clefable\n|-damage|p2a: Clefable|5\/100\n|-end|p2a: Clefable|confusion\n|move|p2a: Clefable|Moonlight|p2a: Clefable\n|-heal|p2a: Clefable|55\/100\n|\n|upkeep\n|turn|34\n|\n|t:|1699793456\n|move|p1a: Zeus|Hurricane|p2a: Clefable|[miss]\n|-miss|p1a: Zeus|p2a: Clefable\n|move|p2a: Clefable|Moonblast|p1a: Zeus\n|-damage|p1a: Zeus|45\/100\n|\n|upkeep\n|turn|35\n|c|\u2606Pow Caeli|apres j'ai mieux jouer deux fois\n|\n|t:|1699793469\n|move|p1a: Zeus|Hurricane|p2a: Clefable\n|-damage|p2a: Clefable|2\/100\n|move|p2a: Clefable|Moonblast|p1a: Zeus\n|-damage|p1a: Zeus|0 fnt\n|faint|p1a: Zeus\n|\n|upkeep\n|\n|t:|1699793471\n|switch|p1a: Drague cette pute|Dragapult, M|88\/100\n|-damage|p1a: Drague cette pute|76\/100|[from] Stealth Rock\n|turn|36\n|c|\u2606Pow Caeli|donc faut pas abuser\n|\n|t:|1699793488\n|move|p1a: Drague cette pute|Shadow Ball|p2a: Clefable\n|-damage|p2a: Clefable|0 fnt\n|faint|p2a: Clefable\n|\n|upkeep\n|\n|t:|1699793490\n|switch|p2a: Gholdengo|Gholdengo|37\/100\n|turn|37\n|\n|t:|1699793497\n|move|p2a: Gholdengo|Shadow Ball|p1a: Drague cette pute\n|-supereffective|p1a: Drague cette pute\n|-damage|p1a: Drague cette pute|0 fnt\n|faint|p1a: Drague cette pute\n|\n|upkeep\n|\n|t:|1699793500\n|switch|p1a: Roi des zeubs|Kingambit, M|100\/100\n|-damage|p1a: Roi des zeubs|94\/100|[from] Stealth Rock\n|-activate|p1a: Roi des zeubs|ability: Supreme Overlord\n|-start|p1a: Roi des zeubs|fallen5|[silent]\n|turn|38\n|c|\u2606FlinchED7|Gg\n|c|\u2606Pow Caeli|gg\n|\n|t:|1699793514\n|-terastallize|p2a: Gholdengo|Steel\n|move|p1a: Roi des zeubs|Sucker Punch|p2a: Gholdengo\n|-damage|p2a: Gholdengo|0 fnt\n|faint|p2a: Gholdengo\n|\n|win|Pow Caeli\n|c|\u2606Pow Caeli|je t'ai add en amis\n|l|\u2606Pow Caeli\n|c|\u2606FlinchED7|On peut faire \u00e7a sur Showdown\n","uploadtime":1699793715,"views":14,"p1id":"powcaeli","p2id":"flinched7","formatid":"gen9ou","rating":0,"private":0,"password":""}