{"id":"gen9ou-1992982515","p1":"EliteOperator","p2":"WitchICantSEE","format":"[Gen 9] OU","log":"|j|\u2606EliteOperator\n|j|\u2606WitchICantSEE\n|t:|1700252548\n|gametype|singles\n|player|p1|EliteOperator|265|1119\n|player|p2|WitchICantSEE|scientistf|1149\n|teamsize|p1|6\n|teamsize|p2|6\n|gen|9\n|tier|[Gen 9] OU\n|rated|\n|rule|Sleep Clause Mod: Limit one foe put to sleep\n|rule|Species Clause: Limit one of each Pok\u00e9mon\n|rule|OHKO Clause: OHKO moves are banned\n|rule|Evasion Items Clause: Evasion items are banned\n|rule|Evasion Moves Clause: Evasion moves are banned\n|rule|Endless Battle Clause: Forcing endless battles is banned\n|rule|HP Percentage Mod: HP is shown in percentages\n|clearpoke\n|poke|p1|Kingambit, M|\n|poke|p1|Sandy Shocks|\n|poke|p1|Ogerpon-Wellspring, F|\n|poke|p1|Great Tusk|\n|poke|p1|Glimmora, F|\n|poke|p1|Enamorus, F|\n|poke|p2|Slither Wing|\n|poke|p2|Great Tusk|\n|poke|p2|Kleavor, M|\n|poke|p2|Ceruledge, F|\n|poke|p2|Kilowattrel, F|\n|poke|p2|Chandelure, M|\n|teampreview\n|inactive|Battle timer is ON: inactive players will automatically lose when time's up. (requested by EliteOperator)\n|\n|t:|1700252559\n|start\n|switch|p1a: Ogerpon|Ogerpon-Wellspring, F|100\/100\n|switch|p2a: Slither Wing|Slither Wing, shiny|100\/100\n|turn|1\n|\n|t:|1700252564\n|move|p2a: Slither Wing|First Impression|p1a: Ogerpon\n|-supereffective|p1a: Ogerpon\n|-damage|p1a: Ogerpon|0 fnt\n|faint|p1a: Ogerpon\n|\n|upkeep\n|\n|t:|1700252583\n|switch|p1a: Sandy Shocks|Sandy Shocks|100\/100\n|-enditem|p1a: Sandy Shocks|Booster Energy\n|-activate|p1a: Sandy Shocks|ability: Protosynthesis|[fromitem]\n|-start|p1a: Sandy Shocks|protosynthesisspe\n|turn|2\n|\n|t:|1700252593\n|-end|p2a: Slither Wing|Protosynthesis|[silent]\n|switch|p2a: Great Tusk|Great Tusk|100\/100\n|move|p1a: Sandy Shocks|Earth Power|p2a: Great Tusk\n|-damage|p2a: Great Tusk|45\/100\n|\n|-heal|p2a: Great Tusk|51\/100|[from] item: Leftovers\n|upkeep\n|turn|3\n|\n|t:|1700252605\n|-end|p2a: Great Tusk|Protosynthesis|[silent]\n|switch|p2a: Kilowattrel|Kilowattrel, F, shiny|100\/100\n|-terastallize|p1a: Sandy Shocks|Ice\n|move|p1a: Sandy Shocks|Tera Blast|p2a: Kilowattrel|[anim] Tera Blast Ice\n|-supereffective|p2a: Kilowattrel\n|-damage|p2a: Kilowattrel|16\/100\n|\n|upkeep\n|turn|4\n|\n|t:|1700252613\n|switch|p2a: Kleavor|Kleavor, M|100\/100\n|move|p1a: Sandy Shocks|Tera Blast|p2a: Kleavor|[anim] Tera Blast Ice\n|-damage|p2a: Kleavor|43\/100\n|\n|upkeep\n|turn|5\n|\n|t:|1700252620\n|move|p1a: Sandy Shocks|Tera Blast|p2a: Kleavor|[anim] Tera Blast Ice\n|-damage|p2a: Kleavor|0 fnt\n|faint|p2a: Kleavor\n|\n|upkeep\n|\n|t:|1700252626\n|switch|p2a: Slither Wing|Slither Wing, shiny|100\/100\n|turn|6\n|\n|t:|1700252638\n|-end|p1a: Sandy Shocks|Protosynthesis|[silent]\n|switch|p1a: Glimmora|Glimmora, F|100\/100\n|move|p2a: Slither Wing|Flare Blitz|p1a: Glimmora\n|-resisted|p1a: Glimmora\n|-damage|p1a: Glimmora|61\/100\n|-activate|p1a: Glimmora|ability: Toxic Debris\n|-sidestart|p2: WitchICantSEE|move: Toxic Spikes\n|-damage|p2a: Slither Wing|89\/100|[from] Recoil\n|\n|upkeep\n|turn|7\n|\n|t:|1700252647\n|-end|p2a: Slither Wing|Protosynthesis|[silent]\n|switch|p2a: Kilowattrel|Kilowattrel, F, shiny|16\/100\n|move|p1a: Glimmora|Earth Power|p2a: Kilowattrel\n|-immune|p2a: Kilowattrel\n|\n|upkeep\n|turn|8\n|\n|t:|1700252653\n|move|p1a: Glimmora|Power Gem|p2a: Kilowattrel\n|-supereffective|p2a: Kilowattrel\n|-damage|p2a: Kilowattrel|0 fnt\n|faint|p2a: Kilowattrel\n|\n|upkeep\n|\n|t:|1700252658\n|switch|p2a: Slither Wing|Slither Wing, shiny|89\/100\n|-status|p2a: Slither Wing|psn\n|turn|9\n|\n|t:|1700252662\n|move|p1a: Glimmora|Earth Power|p2a: Slither Wing\n|-resisted|p2a: Slither Wing\n|-damage|p2a: Slither Wing|77\/100 psn\n|move|p2a: Slither Wing|Close Combat|p1a: Glimmora\n|-damage|p1a: Glimmora|0 fnt\n|-unboost|p2a: Slither Wing|def|1\n|-unboost|p2a: Slither Wing|spd|1\n|-activate|p1a: Glimmora|ability: Toxic Debris\n|-sidestart|p2: WitchICantSEE|move: Toxic Spikes\n|faint|p1a: Glimmora\n|\n|-damage|p2a: Slither Wing|64\/100 psn|[from] psn\n|upkeep\n|\n|t:|1700252675\n|switch|p1a: Sandy Shocks|Sandy Shocks, tera:Ice|100\/100\n|turn|10\n|\n|t:|1700252678\n|move|p1a: Sandy Shocks|Tera Blast|p2a: Slither Wing|[anim] Tera Blast Ice\n|-damage|p2a: Slither Wing|17\/100 psn\n|move|p2a: Slither Wing|Close Combat|p1a: Sandy Shocks\n|-supereffective|p1a: Sandy Shocks\n|-damage|p1a: Sandy Shocks|0 fnt\n|-unboost|p2a: Slither Wing|def|1\n|-unboost|p2a: Slither Wing|spd|1\n|faint|p1a: Sandy Shocks\n|-end|p1a: Sandy Shocks|Protosynthesis|[silent]\n|\n|-damage|p2a: Slither Wing|4\/100 psn|[from] psn\n|upkeep\n|\n|t:|1700252688\n|switch|p1a: Enamorus|Enamorus, F|100\/100\n|turn|11\n|\n|t:|1700252694\n|-end|p2a: Slither Wing|Protosynthesis|[silent]\n|switch|p2a: Chandelure|Chandelure, M, shiny|100\/100\n|-status|p2a: Chandelure|tox\n|move|p1a: Enamorus|Substitute|p1a: Enamorus\n|-start|p1a: Enamorus|Substitute\n|-damage|p1a: Enamorus|76\/100\n|\n|-heal|p1a: Enamorus|82\/100|[from] item: Leftovers\n|-damage|p2a: Chandelure|94\/100 tox|[from] psn\n|upkeep\n|turn|12\n|\n|t:|1700252705\n|move|p1a: Enamorus|Moonblast|p2a: Chandelure\n|-resisted|p2a: Chandelure\n|-damage|p2a: Chandelure|58\/100 tox\n|move|p2a: Chandelure|Shadow Ball|p1a: Enamorus\n|-end|p1a: Enamorus|Substitute\n|\n|-heal|p1a: Enamorus|88\/100|[from] item: Leftovers\n|-damage|p2a: Chandelure|45\/100 tox|[from] psn\n|upkeep\n|turn|13\n|\n|t:|1700252714\n|move|p1a: Enamorus|Substitute|p1a: Enamorus\n|-start|p1a: Enamorus|Substitute\n|-damage|p1a: Enamorus|63\/100\n|move|p2a: Chandelure|Shadow Ball|p1a: Enamorus\n|-end|p1a: Enamorus|Substitute\n|\n|-heal|p1a: Enamorus|69\/100|[from] item: Leftovers\n|-damage|p2a: Chandelure|27\/100 tox|[from] psn\n|upkeep\n|turn|14\n|\n|t:|1700252722\n|move|p1a: Enamorus|Substitute|p1a: Enamorus\n|-start|p1a: Enamorus|Substitute\n|-damage|p1a: Enamorus|44\/100\n|move|p2a: Chandelure|Shadow Ball|p1a: Enamorus\n|-end|p1a: Enamorus|Substitute\n|\n|-heal|p1a: Enamorus|51\/100|[from] item: Leftovers\n|-damage|p2a: Chandelure|2\/100 tox|[from] psn\n|upkeep\n|turn|15\n|\n|t:|1700252730\n|move|p1a: Enamorus|Moonblast|p2a: Chandelure\n|-resisted|p2a: Chandelure\n|-damage|p2a: Chandelure|0 fnt\n|faint|p2a: Chandelure\n|\n|-heal|p1a: Enamorus|57\/100|[from] item: Leftovers\n|upkeep\n|\n|t:|1700252737\n|switch|p2a: Slither Wing|Slither Wing, shiny|4\/100 psn\n|turn|16\n|\n|t:|1700252742\n|move|p2a: Slither Wing|First Impression|p1a: Enamorus\n|-resisted|p1a: Enamorus\n|-damage|p1a: Enamorus|27\/100\n|move|p1a: Enamorus|Moonblast|p2a: Slither Wing\n|-supereffective|p2a: Slither Wing\n|-damage|p2a: Slither Wing|0 fnt\n|faint|p2a: Slither Wing\n|-end|p2a: Slither Wing|Protosynthesis|[silent]\n|\n|-heal|p1a: Enamorus|33\/100|[from] item: Leftovers\n|upkeep\n|\n|t:|1700252745\n|switch|p2a: Ceruledge|Ceruledge, F|100\/100\n|-status|p2a: Ceruledge|tox\n|turn|17\n|\n|t:|1700252767\n|move|p1a: Enamorus|Earth Power|p2a: Ceruledge\n|-supereffective|p2a: Ceruledge\n|-damage|p2a: Ceruledge|61\/100 tox\n|move|p2a: Ceruledge|Bitter Blade|p1a: Enamorus\n|-damage|p1a: Enamorus|0 fnt\n|-heal|p2a: Ceruledge|75\/100 tox|[from] drain|[of] p1a: Enamorus\n|faint|p1a: Enamorus\n|\n|-damage|p2a: Ceruledge|69\/100 tox|[from] psn\n|upkeep\n|\n|t:|1700252777\n|switch|p1a: Great Tusk|Great Tusk|100\/100\n|-enditem|p1a: Great Tusk|Booster Energy\n|-activate|p1a: Great Tusk|ability: Protosynthesis|[fromitem]\n|-start|p1a: Great Tusk|protosynthesisatk\n|turn|18\n|\n|t:|1700252784\n|-terastallize|p2a: Ceruledge|Flying\n|move|p1a: Great Tusk|Headlong Rush|p2a: Ceruledge\n|-immune|p2a: Ceruledge\n|move|p2a: Ceruledge|Bitter Blade|p1a: Great Tusk\n|-damage|p1a: Great Tusk|71\/100\n|-heal|p2a: Ceruledge|85\/100 tox|[from] drain|[of] p1a: Great Tusk\n|\n|-damage|p2a: Ceruledge|73\/100 tox|[from] psn\n|upkeep\n|turn|19\n|-message|WitchICantSEE forfeited.\n|\n|win|EliteOperator\n|raw|EliteOperator's rating: 1119 &rarr; <strong>1146<\/strong><br \/>(+27 for winning)\n|raw|WitchICantSEE's rating: 1149 &rarr; <strong>1122<\/strong><br \/>(-27 for losing)\n|l|\u2606WitchICantSEE\n","uploadtime":1700252796,"views":10,"p1id":"eliteoperator","p2id":"witchicantsee","formatid":"gen9ou","rating":1122,"private":0,"password":""}