{"id":"gen9ou-1992698259","p1":"Power Panpour","p2":"GuessWho666","format":"[Gen 9] OU","log":"|j|\u2606Power Panpour\n|j|\u2606GuessWho666\n|t:|1700226564\n|gametype|singles\n|player|p1|Power Panpour|ingo|1109\n|player|p2|GuessWho666|guitarist-gen4|1096\n|teamsize|p1|6\n|teamsize|p2|6\n|gen|9\n|tier|[Gen 9] OU\n|rated|\n|rule|Sleep Clause Mod: Limit one foe put to sleep\n|rule|Species Clause: Limit one of each Pok\u00e9mon\n|rule|OHKO Clause: OHKO moves are banned\n|rule|Evasion Items Clause: Evasion items are banned\n|rule|Evasion Moves Clause: Evasion moves are banned\n|rule|Endless Battle Clause: Forcing endless battles is banned\n|rule|HP Percentage Mod: HP is shown in percentages\n|clearpoke\n|poke|p1|Landorus-Therian, M|\n|poke|p1|Iron Valiant|\n|poke|p1|Blissey, F|\n|poke|p1|Quaquaval, M|\n|poke|p1|Zapdos|\n|poke|p1|Alomomola, M|\n|poke|p2|Goodra-Hisui, F|\n|poke|p2|Enamorus-Therian, F|\n|poke|p2|Alomomola, F|\n|poke|p2|Rillaboom, F|\n|poke|p2|Iron Moth|\n|poke|p2|Great Tusk|\n|teampreview\n|inactive|Battle timer is ON: inactive players will automatically lose when time's up. (requested by Power Panpour)\n|\n|t:|1700226575\n|start\n|switch|p1a: I'm so back baby|Landorus-Therian, M|100\/100\n|switch|p2a: Rillaboom|Rillaboom, F|100\/100\n|-ability|p1a: I'm so back baby|Intimidate|boost\n|-unboost|p2a: Rillaboom|atk|1\n|-fieldstart|move: Grassy Terrain|[from] ability: Grassy Surge|[of] p2a: Rillaboom\n|turn|1\n|\n|t:|1700226583\n|move|p1a: I'm so back baby|U-turn|p2a: Rillaboom\n|-supereffective|p2a: Rillaboom\n|-damage|p2a: Rillaboom|59\/100\n|\n|t:|1700226587\n|switch|p1a: Boomer Bird|Zapdos|100\/100|[from] U-turn\n|-ability|p1a: Boomer Bird|Pressure\n|move|p2a: Rillaboom|Knock Off|p1a: Boomer Bird\n|-damage|p1a: Boomer Bird|76\/100\n|-enditem|p1a: Boomer Bird|Leftovers|[from] move: Knock Off|[of] p2a: Rillaboom\n|\n|-heal|p2a: Rillaboom|65\/100|[from] Grassy Terrain\n|upkeep\n|turn|2\n|\n|t:|1700226596\n|switch|p2a: Goodra|Goodra-Hisui, F|100\/100\n|move|p1a: Boomer Bird|Thunder|p2a: Goodra\n|-resisted|p2a: Goodra\n|-damage|p2a: Goodra|86\/100\n|-status|p2a: Goodra|par\n|\n|-heal|p2a: Goodra|92\/100 par|[from] Grassy Terrain\n|upkeep\n|turn|3\n|\n|t:|1700226605\n|switch|p1a: Pronouns: Activate|Iron Valiant|100\/100\n|cant|p2a: Goodra|par\n|\n|-heal|p2a: Goodra|98\/100 par|[from] Grassy Terrain\n|upkeep\n|turn|4\n|\n|t:|1700226611\n|switch|p2a: Enamorus|Enamorus-Therian, F|100\/100\n|move|p1a: Pronouns: Activate|Close Combat|p2a: Enamorus\n|-resisted|p2a: Enamorus\n|-damage|p2a: Enamorus|90\/100\n|-unboost|p1a: Pronouns: Activate|def|1\n|-unboost|p1a: Pronouns: Activate|spd|1\n|-damage|p1a: Pronouns: Activate|91\/100|[from] item: Life Orb\n|\n|-heal|p1a: Pronouns: Activate|97\/100|[from] Grassy Terrain\n|-heal|p2a: Enamorus|96\/100|[from] item: Leftovers\n|upkeep\n|turn|5\n|\n|t:|1700226621\n|move|p1a: Pronouns: Activate|Thunderbolt|p2a: Enamorus\n|-supereffective|p2a: Enamorus\n|-damage|p2a: Enamorus|20\/100\n|-damage|p1a: Pronouns: Activate|87\/100|[from] item: Life Orb\n|move|p2a: Enamorus|Iron Defense|p2a: Enamorus\n|-boost|p2a: Enamorus|def|2\n|\n|-heal|p1a: Pronouns: Activate|94\/100|[from] Grassy Terrain\n|-heal|p2a: Enamorus|26\/100|[from] item: Leftovers\n|upkeep\n|turn|6\n|\n|t:|1700226639\n|switch|p2a: Great Tusk|Great Tusk|100\/100\n|move|p1a: Pronouns: Activate|Thunderbolt|p2a: Great Tusk\n|-immune|p2a: Great Tusk\n|\n|-heal|p1a: Pronouns: Activate|99\/100|[from] Grassy Terrain\n|upkeep\n|turn|7\n|\n|t:|1700226648\n|move|p1a: Pronouns: Activate|Moonblast|p2a: Great Tusk\n|-supereffective|p2a: Great Tusk\n|-damage|p2a: Great Tusk|0 fnt\n|faint|p2a: Great Tusk\n|-end|p2a: Great Tusk|Protosynthesis|[silent]\n|-damage|p1a: Pronouns: Activate|90\/100|[from] item: Life Orb\n|\n|-heal|p1a: Pronouns: Activate|96\/100|[from] Grassy Terrain\n|upkeep\n|-message|GuessWho666 forfeited.\n|\n|win|Power Panpour\n|raw|Power Panpour's rating: 1109 &rarr; <strong>1133<\/strong><br \/>(+24 for winning)\n|raw|GuessWho666's rating: 1096 &rarr; <strong>1073<\/strong><br \/>(-23 for losing)\n|l|\u2606GuessWho666\n","uploadtime":1700226659,"views":8,"p1id":"powerpanpour","p2id":"guesswho666","formatid":"gen9ou","rating":1073,"private":0,"password":""}