{"id":"gen9ou-1989604570","p1":"wyverbal","p2":"EnvyTGOC","format":"[Gen 9] OU","log":"|j|\u2606wyverbal\n|j|\u2606EnvyTGOC\n|t:|1699877762\n|gametype|singles\n|player|p1|wyverbal|265|1106\n|player|p2|EnvyTGOC|flannery|1000\n|teamsize|p1|6\n|teamsize|p2|6\n|gen|9\n|tier|[Gen 9] OU\n|rated|\n|rule|Sleep Clause Mod: Limit one foe put to sleep\n|rule|Species Clause: Limit one of each Pok\u00e9mon\n|rule|OHKO Clause: OHKO moves are banned\n|rule|Evasion Items Clause: Evasion items are banned\n|rule|Evasion Moves Clause: Evasion moves are banned\n|rule|Endless Battle Clause: Forcing endless battles is banned\n|rule|HP Percentage Mod: HP is shown in percentages\n|clearpoke\n|poke|p1|Zamazenta-*|\n|poke|p1|Kommo-o, M|\n|poke|p1|Ceruledge, F|\n|poke|p1|Tornadus, M|\n|poke|p1|Greninja-*, M|\n|poke|p1|Coalossal, M|\n|poke|p2|Garchomp, F|\n|poke|p2|Clefable, F|\n|poke|p2|Armarouge, F|\n|poke|p2|Ursaluna, M|\n|poke|p2|Heracross, F|\n|poke|p2|Snorlax, M|\n|teampreview\n|inactive|Battle timer is ON: inactive players will automatically lose when time's up. (requested by wyverbal)\n|\n|t:|1699877768\n|start\n|switch|p1a: Tornadus|Tornadus, M, shiny|100\/100\n|switch|p2a: Wrath|Garchomp, F|100\/100\n|turn|1\n|\n|t:|1699877775\n|move|p1a: Tornadus|Taunt|p2a: Wrath\n|-start|p2a: Wrath|move: Taunt\n|cant|p2a: Wrath|move: Taunt|Substitute\n|\n|upkeep\n|turn|2\n|\n|t:|1699877780\n|move|p1a: Tornadus|Bleakwind Storm|p2a: Wrath|[miss]\n|-miss|p1a: Tornadus|p2a: Wrath\n|move|p2a: Wrath|Iron Head|p1a: Tornadus\n|-damage|p1a: Tornadus|58\/100\n|\n|upkeep\n|turn|3\n|\n|t:|1699877789\n|move|p1a: Tornadus|Bleakwind Storm|p2a: Wrath|[miss]\n|-miss|p1a: Tornadus|p2a: Wrath\n|move|p2a: Wrath|Iron Head|p1a: Tornadus\n|-crit|p1a: Tornadus\n|-damage|p1a: Tornadus|0 fnt\n|faint|p1a: Tornadus\n|\n|-end|p2a: Wrath|move: Taunt\n|upkeep\n|\n|t:|1699877794\n|switch|p1a: Greninja|Greninja, M|100\/100\n|turn|4\n|\n|t:|1699877802\n|move|p1a: Greninja|Surf|p2a: Wrath\n|-damage|p2a: Wrath|41\/100\n|-damage|p1a: Greninja|91\/100|[from] item: Life Orb\n|move|p2a: Wrath|Swords Dance|p2a: Wrath\n|-boost|p2a: Wrath|atk|2\n|\n|upkeep\n|turn|5\n|\n|t:|1699877813\n|move|p1a: Greninja|Surf|p2a: Wrath\n|-damage|p2a: Wrath|0 fnt\n|faint|p2a: Wrath\n|-ability|p1a: Greninja|Battle Bond|boost\n|-boost|p1a: Greninja|atk|1\n|-boost|p1a: Greninja|spa|1\n|-boost|p1a: Greninja|spe|1\n|-activate|p1a: Greninja|ability: Battle Bond\n|-damage|p1a: Greninja|81\/100|[from] item: Life Orb\n|\n|upkeep\n|\n|t:|1699877834\n|switch|p2a: Pride|Heracross, F|100\/100\n|turn|6\n|\n|t:|1699877842\n|-terastallize|p1a: Greninja|Water\n|move|p1a: Greninja|Surf|p2a: Pride\n|-damage|p2a: Pride|0 fnt\n|faint|p2a: Pride\n|-damage|p1a: Greninja|71\/100|[from] item: Life Orb\n|\n|upkeep\n|\n|t:|1699877848\n|switch|p2a: Envy|Armarouge, F|100\/100\n|turn|7\n|\n|t:|1699877856\n|move|p1a: Greninja|Dark Pulse|p2a: Envy\n|-supereffective|p2a: Envy\n|-damage|p2a: Envy|0 fnt\n|faint|p2a: Envy\n|-damage|p1a: Greninja|61\/100|[from] item: Life Orb\n|\n|upkeep\n|\n|t:|1699877862\n|switch|p2a: Lust|Clefable, F|100\/100\n|turn|8\n|\n|t:|1699877869\n|move|p1a: Greninja|Surf|p2a: Lust\n|-damage|p2a: Lust|6\/100\n|-damage|p1a: Greninja|51\/100|[from] item: Life Orb\n|move|p2a: Lust|Misty Explosion|p1a: Greninja\n|-damage|p1a: Greninja|0 fnt\n|faint|p2a: Lust\n|faint|p1a: Greninja\n|\n|upkeep\n|\n|t:|1699877888\n|switch|p1a: Coalossal|Coalossal, M|100\/100\n|switch|p2a: Sloth|Ursaluna, M|100\/100\n|-item|p1a: Coalossal|Air Balloon\n|turn|9\n|\n|t:|1699877896\n|move|p2a: Sloth|Drain Punch|p1a: Coalossal\n|-supereffective|p1a: Coalossal\n|-damage|p1a: Coalossal|67\/100\n|-enditem|p1a: Coalossal|Air Balloon\n|move|p1a: Coalossal|Body Press|p2a: Sloth\n|-supereffective|p2a: Sloth\n|-damage|p2a: Sloth|59\/100\n|\n|upkeep\n|turn|10\n|\n|t:|1699877906\n|switch|p1a: Zamazenta|Zamazenta, shiny|100\/100\n|-ability|p1a: Zamazenta|Dauntless Shield|boost\n|-boost|p1a: Zamazenta|def|1\n|move|p2a: Sloth|Headlong Rush|p1a: Zamazenta\n|-crit|p1a: Zamazenta\n|-damage|p1a: Zamazenta|11\/100\n|-unboost|p2a: Sloth|def|1\n|-unboost|p2a: Sloth|spd|1\n|\n|upkeep\n|turn|11\n|\n|t:|1699877924\n|-terastallize|p2a: Sloth|Ground\n|move|p1a: Zamazenta|Body Press|p2a: Sloth\n|-damage|p2a: Sloth|9\/100\n|move|p2a: Sloth|Thunder Punch|p1a: Zamazenta\n|-damage|p1a: Zamazenta|0 fnt\n|faint|p1a: Zamazenta\n|\n|upkeep\n|\n|t:|1699877935\n|switch|p1a: Kommo-o|Kommo-o, M, shiny|100\/100\n|turn|12\n|\n|t:|1699877961\n|move|p1a: Kommo-o|Iron Defense|p1a: Kommo-o\n|-boost|p1a: Kommo-o|def|2\n|move|p2a: Sloth|Drain Punch|p1a: Kommo-o\n|-damage|p1a: Kommo-o|91\/100\n|-heal|p2a: Sloth|13\/100|[from] drain|[of] p1a: Kommo-o\n|\n|upkeep\n|turn|13\n|\n|t:|1699877969\n|move|p1a: Kommo-o|Iron Defense|p1a: Kommo-o\n|-boost|p1a: Kommo-o|def|2\n|move|p2a: Sloth|Thrash|p1a: Kommo-o\n|-damage|p1a: Kommo-o|77\/100\n|\n|upkeep\n|turn|14\n|\n|t:|1699877975\n|move|p1a: Kommo-o|Iron Defense|p1a: Kommo-o\n|-boost|p1a: Kommo-o|def|2\n|move|p2a: Sloth|Thrash|p1a: Kommo-o|[from]lockedmove\n|-damage|p1a: Kommo-o|65\/100\n|-start|p2a: Sloth|confusion|[fatigue]\n|\n|upkeep\n|turn|15\n|\n|t:|1699877984\n|move|p1a: Kommo-o|Body Press|p2a: Sloth\n|-crit|p2a: Sloth\n|-damage|p2a: Sloth|0 fnt\n|faint|p2a: Sloth\n|\n|upkeep\n|\n|t:|1699877989\n|switch|p2a: Gluttony|Snorlax, M|100\/100\n|turn|16\n|\n|t:|1699878003\n|move|p1a: Kommo-o|Iron Defense|p1a: Kommo-o\n|-boost|p1a: Kommo-o|def|0\n|move|p2a: Gluttony|Body Slam|p1a: Kommo-o\n|-crit|p1a: Kommo-o\n|-damage|p1a: Kommo-o|22\/100\n|\n|upkeep\n|turn|17\n|\n|t:|1699878012\n|move|p1a: Kommo-o|Rest|p1a: Kommo-o\n|-status|p1a: Kommo-o|slp|[from] move: Rest\n|-heal|p1a: Kommo-o|100\/100 slp|[silent]\n|-enditem|p1a: Kommo-o|Chesto Berry|[eat]\n|-curestatus|p1a: Kommo-o|slp|[msg]\n|move|p2a: Gluttony|Body Slam|p1a: Kommo-o\n|-damage|p1a: Kommo-o|93\/100\n|-status|p1a: Kommo-o|par\n|\n|upkeep\n|turn|18\n|\n|t:|1699878023\n|move|p1a: Kommo-o|Rest|p1a: Kommo-o\n|-status|p1a: Kommo-o|slp|[from] move: Rest\n|-heal|p1a: Kommo-o|100\/100 slp|[silent]\n|move|p2a: Gluttony|Substitute|p2a: Gluttony\n|-start|p2a: Gluttony|Substitute\n|-damage|p2a: Gluttony|76\/100\n|\n|upkeep\n|turn|19\n|\n|t:|1699878033\n|cant|p1a: Kommo-o|slp\n|move|p2a: Gluttony|Belly Drum|p2a: Gluttony\n|-damage|p2a: Gluttony|26\/100\n|-setboost|p2a: Gluttony|atk|6|[from] move: Belly Drum\n|\n|upkeep\n|turn|20\n|\n|t:|1699878042\n|cant|p1a: Kommo-o|slp\n|move|p2a: Gluttony|Heavy Slam|p1a: Kommo-o\n|-damage|p1a: Kommo-o|73\/100 slp\n|\n|upkeep\n|turn|21\n|\n|t:|1699878049\n|-curestatus|p1a: Kommo-o|slp|[msg]\n|move|p1a: Kommo-o|Body Press|p2a: Gluttony\n|-supereffective|p2a: Gluttony\n|-end|p2a: Gluttony|Substitute\n|move|p2a: Gluttony|Body Slam|p1a: Kommo-o\n|-damage|p1a: Kommo-o|48\/100\n|\n|upkeep\n|turn|22\n|\n|t:|1699878057\n|move|p1a: Kommo-o|Body Press|p2a: Gluttony\n|-supereffective|p2a: Gluttony\n|-damage|p2a: Gluttony|0 fnt\n|faint|p2a: Gluttony\n|\n|win|wyverbal\n|raw|wyverbal's rating: 1106 &rarr; <strong>1124<\/strong><br \/>(+18 for winning)\n|raw|EnvyTGOC's rating: 1000 &rarr; <strong>1000<\/strong><br \/>(+0 for losing)\n|c|\u2606EnvyTGOC|gg!\n","uploadtime":1699878066,"views":11,"p1id":"wyverbal","p2id":"envytgoc","formatid":"gen9ou","rating":1000,"private":0,"password":""}