{"id":"gen9ou-1990859827","p1":"Aggron","p2":"gock glocker","format":"[Gen 9] OU","log":"|j|\u2606Aggron\n|j|\u2606gock glocker\n|t:|1700008502\n|gametype|singles\n|player|p1|Aggron|pokefan-gen4|1764\n|player|p2|gock glocker|acerola-masters|1720\n|teamsize|p1|6\n|teamsize|p2|6\n|gen|9\n|tier|[Gen 9] OU\n|rated|\n|rule|Sleep Clause Mod: Limit one foe put to sleep\n|rule|Species Clause: Limit one of each Pok\u00e9mon\n|rule|OHKO Clause: OHKO moves are banned\n|rule|Evasion Items Clause: Evasion items are banned\n|rule|Evasion Moves Clause: Evasion moves are banned\n|rule|Endless Battle Clause: Forcing endless battles is banned\n|rule|HP Percentage Mod: HP is shown in percentages\n|clearpoke\n|poke|p1|Sinistcha-Masterpiece|\n|poke|p1|Tyranitar, F|\n|poke|p1|Heatran, M|\n|poke|p1|Rillaboom, F|\n|poke|p1|Sneasler, F|\n|poke|p1|Samurott-Hisui, F|\n|poke|p2|Ting-Lu|\n|poke|p2|Zapdos|\n|poke|p2|Ogerpon-Wellspring, F|\n|poke|p2|Corviknight, M|\n|poke|p2|Slowking-Galar, F|\n|poke|p2|Cinderace, F|\n|teampreview\n|inactive|Battle timer is ON: inactive players will automatically lose when time's up. (requested by Aggron)\n|inactive|gock glocker also wants the timer to be on.\n|j| teamtester48\n|\n|t:|1700008512\n|start\n|switch|p1a: Sneasler|Sneasler, F, shiny|100\/100\n|switch|p2a: Zapdos|Zapdos|100\/100\n|turn|1\n|inactive|Aggron has 120 seconds left.\n|\n|t:|1700008543\n|move|p1a: Sneasler|Fake Out|p2a: Zapdos\n|-damage|p2a: Zapdos|87\/100\n|cant|p2a: Zapdos|flinch\n|\n|upkeep\n|turn|2\n|\n|t:|1700008548\n|move|p1a: Sneasler|U-turn|p2a: Zapdos\n|-resisted|p2a: Zapdos\n|-damage|p2a: Zapdos|76\/100\n|-status|p2a: Zapdos|psn|[from] ability: Poison Touch|[of] p1a: Sneasler\n|\n|t:|1700008553\n|switch|p1a: Tyranitar|Tyranitar, F, shiny|100\/100|[from] U-turn\n|-weather|Sandstorm|[from] ability: Sand Stream|[of] p1a: Tyranitar\n|move|p2a: Zapdos|Volt Switch|p1a: Tyranitar\n|-damage|p1a: Tyranitar|85\/100\n|\n|t:|1700008557\n|switch|p2a: Ting-Lu|Ting-Lu|100\/100|[from] Volt Switch\n|-ability|p2a: Ting-Lu|Vessel of Ruin\n|\n|-weather|Sandstorm|[upkeep]\n|upkeep\n|turn|3\n|\n|t:|1700008563\n|switch|p1a: Heatran|Heatran, M|100\/100\n|-item|p1a: Heatran|Air Balloon\n|move|p2a: Ting-Lu|Stealth Rock|p1a: Heatran\n|-sidestart|p1: Aggron|move: Stealth Rock\n|\n|-weather|Sandstorm|[upkeep]\n|upkeep\n|turn|4\n|\n|t:|1700008569\n|move|p1a: Heatran|Stealth Rock|p2a: Ting-Lu\n|-sidestart|p2: gock glocker|move: Stealth Rock\n|move|p2a: Ting-Lu|Stone Edge|p1a: Heatran\n|-damage|p1a: Heatran|75\/100\n|-enditem|p1a: Heatran|Air Balloon\n|\n|-weather|Sandstorm|[upkeep]\n|upkeep\n|turn|5\n|\n|t:|1700008573\n|switch|p1a: Rillaboom|Rillaboom, F, shiny|100\/100\n|-damage|p1a: Rillaboom|88\/100|[from] Stealth Rock\n|-fieldstart|move: Grassy Terrain|[from] ability: Grassy Surge|[of] p1a: Rillaboom\n|move|p2a: Ting-Lu|Earthquake|p1a: Rillaboom\n|-resisted|p1a: Rillaboom\n|-damage|p1a: Rillaboom|76\/100\n|\n|-weather|Sandstorm|[upkeep]\n|-damage|p1a: Rillaboom|70\/100|[from] Sandstorm\n|-heal|p1a: Rillaboom|76\/100|[from] Grassy Terrain\n|upkeep\n|turn|6\n|\n|t:|1700008578\n|switch|p2a: Zapdos|Zapdos|76\/100 psn\n|move|p1a: Rillaboom|Knock Off|p2a: Zapdos\n|-damage|p2a: Zapdos|29\/100 psn\n|-status|p1a: Rillaboom|par|[from] ability: Static|[of] p2a: Zapdos\n|-enditem|p2a: Zapdos|Heavy-Duty Boots|[from] move: Knock Off|[of] p1a: Rillaboom\n|\n|-weather|none\n|-heal|p1a: Rillaboom|82\/100 par|[from] Grassy Terrain\n|-damage|p2a: Zapdos|17\/100 psn|[from] psn\n|upkeep\n|turn|7\n|\n|t:|1700008582\n|switch|p1a: Tyranitar|Tyranitar, F, shiny|85\/100\n|-weather|Sandstorm|[from] ability: Sand Stream|[of] p1a: Tyranitar\n|move|p2a: Zapdos|Roost|p2a: Zapdos\n|-heal|p2a: Zapdos|67\/100 psn\n|-singleturn|p2a: Zapdos|move: Roost\n|\n|-weather|Sandstorm|[upkeep]\n|-damage|p2a: Zapdos|61\/100 psn|[from] Sandstorm\n|-heal|p2a: Zapdos|67\/100 psn|[from] Grassy Terrain\n|-heal|p1a: Tyranitar|92\/100|[from] Grassy Terrain\n|-damage|p2a: Zapdos|54\/100 psn|[from] psn\n|upkeep\n|turn|8\n|j| Meelll0\n|\n|t:|1700008591\n|move|p2a: Zapdos|Volt Switch|p1a: Tyranitar\n|-damage|p1a: Tyranitar|76\/100\n|j| DukeStarr\n|inactive|gock glocker has 120 seconds left.\n|inactive|gock glocker has 90 seconds left.\n|\n|t:|1700008657\n|switch|p2a: Ting-Lu|Ting-Lu|100\/100|[from] Volt Switch\n|-damage|p2a: Ting-Lu|94\/100|[from] Stealth Rock\n|-ability|p2a: Ting-Lu|Vessel of Ruin\n|move|p1a: Tyranitar|Low Kick|p2a: Ting-Lu\n|-supereffective|p2a: Ting-Lu\n|-damage|p2a: Ting-Lu|48\/100\n|\n|-weather|Sandstorm|[upkeep]\n|-heal|p1a: Tyranitar|82\/100|[from] Grassy Terrain\n|-heal|p2a: Ting-Lu|54\/100|[from] Grassy Terrain\n|-heal|p2a: Ting-Lu|60\/100|[from] item: Leftovers\n|upkeep\n|turn|9\n|inactive|gock glocker has 90 seconds left.\n|j| Lario\n|\n|t:|1700008680\n|switch|p2a: Corviknight|Corviknight, M|100\/100\n|-damage|p2a: Corviknight|88\/100|[from] Stealth Rock\n|-ability|p2a: Corviknight|Pressure\n|move|p1a: Tyranitar|Knock Off|p2a: Corviknight\n|-damage|p2a: Corviknight|57\/100\n|-damage|p1a: Tyranitar|65\/100|[from] item: Rocky Helmet|[of] p2a: Corviknight\n|-enditem|p2a: Corviknight|Rocky Helmet|[from] move: Knock Off|[of] p1a: Tyranitar\n|\n|-weather|Sandstorm|[upkeep]\n|-heal|p1a: Tyranitar|72\/100|[from] Grassy Terrain\n|-fieldend|move: Grassy Terrain\n|upkeep\n|turn|10\n|\n|t:|1700008685\n|switch|p1a: Heatran|Heatran, M|75\/100\n|-damage|p1a: Heatran|62\/100|[from] Stealth Rock\n|move|p2a: Corviknight|Roost|p2a: Corviknight\n|-heal|p2a: Corviknight|100\/100\n|-singleturn|p2a: Corviknight|move: Roost\n|\n|-weather|Sandstorm|[upkeep]\n|upkeep\n|turn|11\n|\n|t:|1700008692\n|switch|p2a: Ting-Lu|Ting-Lu|60\/100\n|-damage|p2a: Ting-Lu|54\/100|[from] Stealth Rock\n|-ability|p2a: Ting-Lu|Vessel of Ruin\n|move|p1a: Heatran|Magma Storm|p2a: Ting-Lu\n|-damage|p2a: Ting-Lu|32\/100\n|-activate|p2a: Ting-Lu|move: Magma Storm|[of] p1a: Heatran\n|\n|-weather|none\n|-heal|p2a: Ting-Lu|38\/100|[from] item: Leftovers\n|-damage|p2a: Ting-Lu|26\/100|[from] move: Magma Storm|[partiallytrapped]\n|upkeep\n|turn|12\n|\n|t:|1700008704\n|switch|p1a: Samurott|Samurott-Hisui, F|100\/100\n|move|p2a: Ting-Lu|Ruination|p1a: Samurott\n|-damage|p1a: Samurott|51\/100\n|\n|-heal|p2a: Ting-Lu|32\/100|[from] item: Leftovers\n|-end|p2a: Ting-Lu|Magma Storm|[partiallytrapped]|[silent]\n|upkeep\n|turn|13\n|\n|t:|1700008709\n|switch|p2a: Zapdos|Zapdos|54\/100 psn\n|-damage|p2a: Zapdos|29\/100 psn|[from] Stealth Rock\n|move|p1a: Samurott|Ceaseless Edge|p2a: Zapdos\n|-damage|p2a: Zapdos|0 fnt\n|-sidestart|p2: gock glocker|Spikes\n|faint|p2a: Zapdos\n|\n|upkeep\n|inactive|gock glocker has 120 seconds left.\n|\n|t:|1700008727\n|switch|p2a: Cinderace|Cinderace, F|100\/100\n|turn|14\n|\n|t:|1700008738\n|move|p2a: Cinderace|U-turn|p1a: Samurott\n|-start|p2a: Cinderace|typechange|Bug|[from] ability: Libero\n|-supereffective|p1a: Samurott\n|-damage|p1a: Samurott|0 fnt\n|faint|p1a: Samurott\n|inactive|gock glocker has 120 seconds left.\n|\n|t:|1700008756\n|switch|p2a: Ting-Lu|Ting-Lu|32\/100|[from] U-turn\n|-damage|p2a: Ting-Lu|26\/100|[from] Stealth Rock\n|-damage|p2a: Ting-Lu|13\/100|[from] Spikes\n|-ability|p2a: Ting-Lu|Vessel of Ruin\n|\n|-heal|p2a: Ting-Lu|20\/100|[from] item: Leftovers\n|upkeep\n|\n|t:|1700008764\n|switch|p1a: Sneasler|Sneasler, F, shiny|100\/100\n|-damage|p1a: Sneasler|95\/100|[from] Stealth Rock\n|turn|15\n|inactive|gock glocker has 120 seconds left.\n|\n|t:|1700008777\n|move|p1a: Sneasler|U-turn|p2a: Ting-Lu\n|-supereffective|p2a: Ting-Lu\n|-damage|p2a: Ting-Lu|0 fnt\n|faint|p2a: Ting-Lu\n|\n|t:|1700008784\n|switch|p1a: Sinistcha|Sinistcha-Masterpiece|100\/100|[from] U-turn\n|\n|upkeep\n|\n|t:|1700008788\n|switch|p2a: Cinderace|Cinderace, F|100\/100\n|turn|16\n|\n|t:|1700008792\n|move|p2a: Cinderace|Pyro Ball|p1a: Sinistcha\n|-supereffective|p1a: Sinistcha\n|-damage|p1a: Sinistcha|62\/100\n|-status|p1a: Sinistcha|brn\n|move|p1a: Sinistcha|Calm Mind|p1a: Sinistcha\n|-boost|p1a: Sinistcha|spa|1\n|-boost|p1a: Sinistcha|spd|1\n|\n|-damage|p1a: Sinistcha|59\/100 brn|[from] brn\n|upkeep\n|turn|17\n|\n|t:|1700008804\n|move|p2a: Cinderace|Pyro Ball|p1a: Sinistcha\n|-supereffective|p1a: Sinistcha\n|-damage|p1a: Sinistcha|17\/100 brn\n|move|p1a: Sinistcha|Strength Sap|p2a: Cinderace\n|-unboost|p2a: Cinderace|atk|1\n|-heal|p1a: Sinistcha|100\/100 brn\n|\n|-damage|p1a: Sinistcha|98\/100 brn|[from] brn\n|upkeep\n|turn|18\n|\n|t:|1700008810\n|move|p2a: Cinderace|U-turn|p1a: Sinistcha\n|-start|p2a: Cinderace|typechange|Bug|[from] ability: Libero\n|-damage|p1a: Sinistcha|82\/100 brn\n|j| 02xygen_\n|\n|t:|1700008814\n|switch|p2a: Slowking|Slowking-Galar, F|100\/100|[from] U-turn\n|move|p1a: Sinistcha|Shadow Ball|p2a: Slowking\n|-supereffective|p2a: Slowking\n|-damage|p2a: Slowking|27\/100\n|\n|-damage|p1a: Sinistcha|79\/100 brn|[from] brn\n|upkeep\n|turn|19\n|\n|t:|1700008819\n|move|p1a: Sinistcha|Shadow Ball|p2a: Slowking\n|-supereffective|p2a: Slowking\n|-damage|p2a: Slowking|0 fnt\n|faint|p2a: Slowking\n|\n|-damage|p1a: Sinistcha|76\/100 brn|[from] brn\n|upkeep\n|\n|t:|1700008822\n|switch|p2a: Cinderace|Cinderace, F|100\/100\n|turn|20\n|l| DukeStarr\n|\n|t:|1700008827\n|-terastallize|p2a: Cinderace|Fire\n|move|p2a: Cinderace|Pyro Ball|p1a: Sinistcha\n|-supereffective|p1a: Sinistcha\n|-damage|p1a: Sinistcha|20\/100 brn\n|move|p1a: Sinistcha|Strength Sap|p2a: Cinderace\n|-unboost|p2a: Cinderace|atk|1\n|-heal|p1a: Sinistcha|100\/100 brn\n|\n|-damage|p1a: Sinistcha|98\/100 brn|[from] brn\n|upkeep\n|turn|21\n|\n|t:|1700008846\n|move|p2a: Cinderace|Pyro Ball|p1a: Sinistcha\n|-supereffective|p1a: Sinistcha\n|-damage|p1a: Sinistcha|63\/100 brn\n|move|p1a: Sinistcha|Shadow Ball|p2a: Cinderace\n|-damage|p2a: Cinderace|25\/100\n|\n|-damage|p1a: Sinistcha|60\/100 brn|[from] brn\n|upkeep\n|turn|22\n|\n|t:|1700008852\n|move|p2a: Cinderace|Pyro Ball|p1a: Sinistcha\n|-supereffective|p1a: Sinistcha\n|-damage|p1a: Sinistcha|22\/100 brn\n|move|p1a: Sinistcha|Strength Sap|p2a: Cinderace\n|-unboost|p2a: Cinderace|atk|1\n|-heal|p1a: Sinistcha|85\/100 brn\n|\n|-damage|p1a: Sinistcha|83\/100 brn|[from] brn\n|upkeep\n|turn|23\n|\n|t:|1700008861\n|switch|p1a: Tyranitar|Tyranitar, F, shiny|72\/100\n|-weather|Sandstorm|[from] ability: Sand Stream|[of] p1a: Tyranitar\n|move|p2a: Cinderace|U-turn|p1a: Tyranitar\n|-supereffective|p1a: Tyranitar\n|-damage|p1a: Tyranitar|53\/100\n|\n|t:|1700008870\n|switch|p2a: Ogerpon|Ogerpon-Wellspring, F|100\/100|[from] U-turn\n|-damage|p2a: Ogerpon|88\/100|[from] Stealth Rock\n|-damage|p2a: Ogerpon|76\/100|[from] Spikes\n|\n|-weather|Sandstorm|[upkeep]\n|-damage|p2a: Ogerpon|70\/100|[from] Sandstorm\n|upkeep\n|turn|24\n|\n|t:|1700008880\n|move|p2a: Ogerpon|Ivy Cudgel|p1a: Tyranitar|[anim] Ivy Cudgel Water\n|-supereffective|p1a: Tyranitar\n|-crit|p1a: Tyranitar\n|-damage|p1a: Tyranitar|0 fnt\n|faint|p1a: Tyranitar\n|\n|-weather|Sandstorm|[upkeep]\n|-damage|p2a: Ogerpon|64\/100|[from] Sandstorm\n|upkeep\n|\n|t:|1700008886\n|switch|p1a: Sneasler|Sneasler, F, shiny|95\/100\n|-damage|p1a: Sneasler|89\/100|[from] Stealth Rock\n|turn|25\n|\n|t:|1700008889\n|switch|p2a: Corviknight|Corviknight, M|100\/100\n|-damage|p2a: Corviknight|88\/100|[from] Stealth Rock\n|-ability|p2a: Corviknight|Pressure\n|move|p1a: Sneasler|U-turn|p2a: Corviknight\n|-resisted|p2a: Corviknight\n|-damage|p2a: Corviknight|85\/100\n|\n|t:|1700008891\n|switch|p1a: Heatran|Heatran, M|62\/100|[from] U-turn\n|-damage|p1a: Heatran|50\/100|[from] Stealth Rock\n|\n|-weather|Sandstorm|[upkeep]\n|upkeep\n|turn|26\n|\n|t:|1700008905\n|switch|p2a: Ogerpon|Ogerpon-Wellspring, F|64\/100\n|-damage|p2a: Ogerpon|52\/100|[from] Stealth Rock\n|-damage|p2a: Ogerpon|39\/100|[from] Spikes\n|move|p1a: Heatran|Magma Storm|p2a: Ogerpon\n|-damage|p2a: Ogerpon|0 fnt\n|faint|p2a: Ogerpon\n|\n|-weather|Sandstorm|[upkeep]\n|upkeep\n|\n|t:|1700008912\n|switch|p2a: Corviknight|Corviknight, M|85\/100\n|-damage|p2a: Corviknight|73\/100|[from] Stealth Rock\n|-ability|p2a: Corviknight|Pressure\n|turn|27\n|\n|t:|1700008914\n|move|p1a: Heatran|Magma Storm|p2a: Corviknight|[miss]\n|-miss|p1a: Heatran|p2a: Corviknight\n|move|p2a: Corviknight|Body Press|p1a: Heatran\n|-supereffective|p1a: Heatran\n|-damage|p1a: Heatran|0 fnt\n|-status|p2a: Corviknight|brn|[from] ability: Flame Body|[of] p1a: Heatran\n|faint|p1a: Heatran\n|\n|-weather|none\n|-damage|p2a: Corviknight|67\/100 brn|[from] brn\n|upkeep\n|\n|t:|1700008919\n|switch|p1a: Sinistcha|Sinistcha-Masterpiece|83\/100 brn\n|turn|28\n|\n|t:|1700008921\n|move|p1a: Sinistcha|Calm Mind|p1a: Sinistcha\n|-boost|p1a: Sinistcha|spa|1\n|-boost|p1a: Sinistcha|spd|1\n|move|p2a: Corviknight|U-turn|p1a: Sinistcha\n|-damage|p1a: Sinistcha|78\/100 brn\n|\n|t:|1700008923\n|switch|p2a: Cinderace|Cinderace, F, tera:Fire|25\/100|[from] U-turn\n|\n|-damage|p1a: Sinistcha|75\/100 brn|[from] brn\n|upkeep\n|turn|29\n|\n|t:|1700008936\n|-terastallize|p1a: Sinistcha|Poison\n|move|p2a: Cinderace|Pyro Ball|p1a: Sinistcha\n|-damage|p1a: Sinistcha|49\/100 brn\n|move|p1a: Sinistcha|Strength Sap|p2a: Cinderace\n|-unboost|p2a: Cinderace|atk|1\n|-heal|p1a: Sinistcha|100\/100 brn\n|\n|-damage|p1a: Sinistcha|98\/100 brn|[from] brn\n|upkeep\n|turn|30\n|\n|t:|1700008942\n|move|p2a: Cinderace|Pyro Ball|p1a: Sinistcha\n|-damage|p1a: Sinistcha|79\/100 brn\n|move|p1a: Sinistcha|Shadow Ball|p2a: Cinderace\n|-damage|p2a: Cinderace|0 fnt\n|faint|p2a: Cinderace\n|\n|-damage|p1a: Sinistcha|76\/100 brn|[from] brn\n|upkeep\n|\n|t:|1700008945\n|switch|p2a: Corviknight|Corviknight, M|67\/100 brn\n|-damage|p2a: Corviknight|54\/100 brn|[from] Stealth Rock\n|-ability|p2a: Corviknight|Pressure\n|turn|31\n|\n|t:|1700008948\n|move|p1a: Sinistcha|Shadow Ball|p2a: Corviknight\n|-damage|p2a: Corviknight|10\/100 brn\n|move|p2a: Corviknight|Roost|p2a: Corviknight\n|-heal|p2a: Corviknight|60\/100 brn\n|-singleturn|p2a: Corviknight|move: Roost\n|\n|-damage|p1a: Sinistcha|73\/100 brn|[from] brn\n|-damage|p2a: Corviknight|54\/100 brn|[from] brn\n|upkeep\n|turn|32\n|-message|gock glocker forfeited.\n|\n|win|Aggron\n|raw|Aggron's rating: 1764 &rarr; <strong>1781<\/strong><br \/>(+17 for winning)\n|raw|gock glocker's rating: 1720 &rarr; <strong>1703<\/strong><br \/>(-17 for losing)\n|l|\u2606gock glocker\n|l| Meelll0\n","uploadtime":1700008957,"views":22,"p1id":"aggron","p2id":"gockglocker","formatid":"gen9ou","rating":1703,"private":0,"password":""}