{"id":"gen9ou-1991305091","p1":"Lassoloc","p2":"adxm13","format":"[Gen 9] OU","log":"|j|\u2606Lassoloc\n|j|\u2606adxm13\n|t:|1700065987\n|gametype|singles\n|player|p1|Lassoloc|marnie|1280\n|player|p2|adxm13|102|1194\n|teamsize|p1|6\n|teamsize|p2|6\n|gen|9\n|tier|[Gen 9] OU\n|rated|\n|rule|Sleep Clause Mod: Limit one foe put to sleep\n|rule|Species Clause: Limit one of each Pok\u00e9mon\n|rule|OHKO Clause: OHKO moves are banned\n|rule|Evasion Items Clause: Evasion items are banned\n|rule|Evasion Moves Clause: Evasion moves are banned\n|rule|Endless Battle Clause: Forcing endless battles is banned\n|rule|HP Percentage Mod: HP is shown in percentages\n|clearpoke\n|poke|p1|Ogerpon-Cornerstone, F|\n|poke|p1|Enamorus, F|\n|poke|p1|Quaquaval, F|\n|poke|p1|Corviknight, F|\n|poke|p1|Slowking-Galar, M|\n|poke|p1|Gastrodon-East, M|\n|poke|p2|Milotic, F|\n|poke|p2|Iron Valiant|\n|poke|p2|Heatran, F|\n|poke|p2|Zapdos|\n|poke|p2|Garchomp, M|\n|poke|p2|Meowscarada, F|\n|teampreview\n|inactive|Battle timer is ON: inactive players will automatically lose when time's up. (requested by adxm13)\n|\n|t:|1700066022\n|start\n|switch|p1a: Gastrodon|Gastrodon-East, M|100\/100\n|switch|p2a: Meowscarada|Meowscarada, F|100\/100\n|turn|1\n|inactive|Lassoloc has 120 seconds left.\n|\n|t:|1700066058\n|switch|p1a: Corviknight|Corviknight, F|100\/100\n|move|p2a: Meowscarada|Knock Off|p1a: Corviknight\n|-damage|p1a: Corviknight|81\/100\n|-enditem|p1a: Corviknight|Leftovers|[from] move: Knock Off|[of] p2a: Meowscarada\n|\n|upkeep\n|turn|2\n|inactive|Lassoloc has 120 seconds left.\n|\n|t:|1700066065\n|switch|p2a: Zapdos|Zapdos|100\/100\n|move|p1a: Corviknight|U-turn|p2a: Zapdos\n|-resisted|p2a: Zapdos\n|-damage|p2a: Zapdos|94\/100\n|inactive|Lassoloc has 120 seconds left.\n|\n|t:|1700066079\n|switch|p1a: Gastrodon|Gastrodon-East, M|100\/100|[from] U-turn\n|\n|upkeep\n|turn|3\n|inactive|Lassoloc has 120 seconds left.\n|\n|t:|1700066090\n|move|p2a: Zapdos|Hurricane|p1a: Gastrodon\n|-damage|p1a: Gastrodon|60\/100\n|-start|p1a: Gastrodon|confusion\n|-activate|p1a: Gastrodon|confusion\n|move|p1a: Gastrodon|Ice Beam|p2a: Zapdos\n|-supereffective|p2a: Zapdos\n|-damage|p2a: Zapdos|44\/100\n|\n|upkeep\n|turn|4\n|inactive|Lassoloc has 120 seconds left.\n|\n|t:|1700066100\n|switch|p1a: Slowking|Slowking-Galar, M, shiny|100\/100\n|move|p2a: Zapdos|Roost|p2a: Zapdos\n|-heal|p2a: Zapdos|94\/100\n|-singleturn|p2a: Zapdos|move: Roost\n|\n|upkeep\n|turn|5\n|\n|t:|1700066108\n|move|p2a: Zapdos|Hurricane|p1a: Slowking|[miss]\n|-miss|p2a: Zapdos|p1a: Slowking\n|move|p1a: Slowking|Toxic Spikes|p2a: Zapdos\n|-sidestart|p2: adxm13|move: Toxic Spikes\n|\n|upkeep\n|turn|6\n|\n|t:|1700066122\n|move|p2a: Zapdos|Volt Switch|p1a: Slowking\n|-damage|p1a: Slowking|81\/100\n|\n|t:|1700066133\n|switch|p2a: Heatran|Heatran, F|100\/100|[from] Volt Switch\n|move|p1a: Slowking|Toxic Spikes|p2a: Heatran\n|-sidestart|p2: adxm13|move: Toxic Spikes\n|\n|upkeep\n|turn|7\n|\n|t:|1700066137\n|move|p2a: Heatran|Stealth Rock|p1a: Slowking\n|-sidestart|p1: Lassoloc|move: Stealth Rock\n|move|p1a: Slowking|Earthquake|p2a: Heatran\n|-supereffective|p2a: Heatran\n|-damage|p2a: Heatran|42\/100\n|\n|-heal|p2a: Heatran|49\/100|[from] item: Leftovers\n|upkeep\n|turn|8\n|\n|t:|1700066148\n|switch|p2a: Meowscarada|Meowscarada, F|100\/100\n|-status|p2a: Meowscarada|tox\n|move|p1a: Slowking|Sludge Bomb|p2a: Meowscarada\n|-supereffective|p2a: Meowscarada\n|-enditem|p2a: Meowscarada|Focus Sash\n|-damage|p2a: Meowscarada|1\/100 tox\n|\n|-damage|p2a: Meowscarada|0 fnt|[from] psn\n|faint|p2a: Meowscarada\n|upkeep\n|-message|adxm13 forfeited.\n|\n|win|Lassoloc\n|raw|Lassoloc's rating: 1280 &rarr; <strong>1299<\/strong><br \/>(+19 for winning)\n|raw|adxm13's rating: 1194 &rarr; <strong>1175<\/strong><br \/>(-19 for losing)\n|l|\u2606adxm13\n","uploadtime":1700066302,"views":7,"p1id":"lassoloc","p2id":"adxm13","formatid":"gen9ou","rating":1175,"private":0,"password":""}