{"id":"gen9ou-1991635817","p1":"evitseF","p2":"vyuiowe","format":"[Gen 9] OU","log":"|j|\u2606evitseF\n|j|\u2606vyuiowe\n|t:|1700096811\n|gametype|singles\n|player|p1|evitseF|guzma|1719\n|player|p2|vyuiowe|pokemonranger-gen4|1691\n|teamsize|p1|6\n|teamsize|p2|6\n|gen|9\n|tier|[Gen 9] OU\n|rated|\n|rule|Sleep Clause Mod: Limit one foe put to sleep\n|rule|Species Clause: Limit one of each Pok\u00e9mon\n|rule|OHKO Clause: OHKO moves are banned\n|rule|Evasion Items Clause: Evasion items are banned\n|rule|Evasion Moves Clause: Evasion moves are banned\n|rule|Endless Battle Clause: Forcing endless battles is banned\n|rule|HP Percentage Mod: HP is shown in percentages\n|clearpoke\n|poke|p1|Glimmora, F|\n|poke|p1|Iron Jugulis|\n|poke|p1|Gholdengo|\n|poke|p1|Iron Valiant|\n|poke|p1|Mamoswine, M|\n|poke|p1|Ogerpon-Wellspring, F|\n|poke|p2|Dondozo, F|\n|poke|p2|Clefable, F|\n|poke|p2|Dragapult, F|\n|poke|p2|Skeledirge, M|\n|poke|p2|Meowscarada, F|\n|poke|p2|Zapdos|\n|teampreview\n|inactive|Battle timer is ON: inactive players will automatically lose when time's up. (requested by evitseF)\n|\n|t:|1700096837\n|start\n|switch|p1a: Boys Pockets:|Glimmora, F|100\/100\n|switch|p2a: Meowscarada|Meowscarada, F|100\/100\n|turn|1\n|\n|t:|1700096848\n|move|p2a: Meowscarada|Knock Off|p1a: Boys Pockets:\n|-damage|p1a: Boys Pockets:|49\/100\n|-activate|p1a: Boys Pockets:|ability: Toxic Debris\n|-sidestart|p2: vyuiowe|move: Toxic Spikes\n|-enditem|p1a: Boys Pockets:|Red Card|[from] move: Knock Off|[of] p2a: Meowscarada\n|move|p1a: Boys Pockets:|Mortal Spin|p2a: Meowscarada\n|-supereffective|p2a: Meowscarada\n|-damage|p2a: Meowscarada|82\/100\n|-status|p2a: Meowscarada|psn\n|\n|-damage|p2a: Meowscarada|70\/100 psn|[from] psn\n|upkeep\n|turn|2\n|\n|t:|1700096865\n|move|p2a: Meowscarada|Flower Trick|p1a: Boys Pockets:\n|-crit|p1a: Boys Pockets:\n|-damage|p1a: Boys Pockets:|0 fnt\n|-activate|p1a: Boys Pockets:|ability: Toxic Debris\n|-sidestart|p2: vyuiowe|move: Toxic Spikes\n|faint|p1a: Boys Pockets:\n|\n|-damage|p2a: Meowscarada|57\/100 psn|[from] psn\n|upkeep\n|j| PantyPhantom\n|\n|t:|1700096884\n|switch|p1a: Juggin the Club|Iron Jugulis|100\/100\n|-enditem|p1a: Juggin the Club|Booster Energy\n|-activate|p1a: Juggin the Club|ability: Quark Drive|[fromitem]\n|-start|p1a: Juggin the Club|quarkdrivespe\n|turn|3\n|\n|t:|1700096912\n|switch|p2a: Clefable|Clefable, F|100\/100\n|-status|p2a: Clefable|tox\n|move|p1a: Juggin the Club|Hurricane|p2a: Clefable\n|-damage|p2a: Clefable|48\/100 tox\n|\n|-heal|p2a: Clefable|55\/100 tox|[from] item: Leftovers\n|upkeep\n|turn|4\n|j| SirStars\n|c| SirStars|Hey\n|c| SirStars|this evite guys sucks\n|inactive|evitseF has 120 seconds left.\n|c|\u2606vyuiowe|why is that\n|c| SirStars|he sucks\n|\n|t:|1700096953\n|-terastallize|p1a: Juggin the Club|Steel\n|move|p1a: Juggin the Club|Substitute|p1a: Juggin the Club\n|-start|p1a: Juggin the Club|Substitute\n|-damage|p1a: Juggin the Club|76\/100\n|move|p2a: Clefable|Moonlight|p2a: Clefable\n|-heal|p2a: Clefable|100\/100 tox\n|\n|upkeep\n|turn|5\n|c| PantyPhantom|someone got out played\n|inactive|vyuiowe has 120 seconds left.\n|c| SirStars|u go VY\n|\n|t:|1700096991\n|switch|p2a: Meowscarada|Meowscarada, F|57\/100 psn\n|move|p1a: Juggin the Club|Charge Beam|p2a: Meowscarada\n|-resisted|p2a: Meowscarada\n|-damage|p2a: Meowscarada|44\/100 psn\n|-boost|p1a: Juggin the Club|spa|1\n|\n|-damage|p2a: Meowscarada|32\/100 psn|[from] psn\n|upkeep\n|turn|6\n|c| SirStars|yo\n|c| SirStars|615255763358580738\n|inactive|evitseF has 120 seconds left.\n|\n|t:|1700096999\n|move|p1a: Juggin the Club|Hurricane|p2a: Meowscarada\n|-supereffective|p2a: Meowscarada\n|-damage|p2a: Meowscarada|0 fnt\n|faint|p2a: Meowscarada\n|\n|upkeep\n|j| I love gliscor tbh\n|inactive|vyuiowe has 90 seconds left.\n|inactive|vyuiowe has 60 seconds left.\n|\n|t:|1700097079\n|switch|p2a: Skeledirge|Skeledirge, M|100\/100\n|turn|7\n|inactive|vyuiowe has 30 seconds left.\n|\n|t:|1700097101\n|-end|p1a: Juggin the Club|Quark Drive|[silent]\n|switch|p1a: Mask Off|Ogerpon-Wellspring, F|100\/100\n|-terastallize|p2a: Skeledirge|Water\n|move|p2a: Skeledirge|Torch Song|p1a: Mask Off\n|-damage|p1a: Mask Off|66\/100\n|-boost|p2a: Skeledirge|spa|1\n|\n|upkeep\n|turn|8\n|j| gamerboish\n|c| gamerboish|hehehe ha\n|inactive|evitseF has 120 seconds left.\n|c|\u2606vyuiowe|why is the peanut gallery so chatty today\n|\n|t:|1700097135\n|switch|p2a: Zapdos|Zapdos|100\/100\n|move|p1a: Mask Off|Power Whip|p2a: Zapdos|[miss]\n|-miss|p1a: Mask Off|p2a: Zapdos\n|\n|upkeep\n|turn|9\n|c| gamerboish|gang\n|c| gamerboish|who\n|c| gamerboish|r\n|c| gamerboish|u\n|c| SirStars|615255763358580738\n|\n|t:|1700097156\n|switch|p1a: Juggholdengo|Gholdengo|100\/100\n|-item|p1a: Juggholdengo|Air Balloon\n|move|p2a: Zapdos|Hurricane|p1a: Juggholdengo\n|-resisted|p1a: Juggholdengo\n|-damage|p1a: Juggholdengo|76\/100\n|-enditem|p1a: Juggholdengo|Air Balloon\n|\n|upkeep\n|turn|10\n|l|gamerboish\n|c| SirStars|hes switching out goldengo\n|\n|t:|1700097175\n|switch|p1a: Denver Nuggets|Mamoswine, M|100\/100\n|move|p2a: Zapdos|Volt Switch|p1a: Denver Nuggets\n|-immune|p1a: Denver Nuggets\n|\n|upkeep\n|turn|11\n|j| boblauncher\n|c| SirStars|hes clicking ice\n|inactive|vyuiowe has 30 seconds left.\n|c| SirStars|ice crash\n|inactive|vyuiowe has 20 seconds left.\n|inactive|vyuiowe has 15 seconds left.\n|c| boblauncher|he changed to eq\n|inactive|vyuiowe has 10 seconds left.\n|c| SirStars|he didnt\n|\n|t:|1700097218\n|switch|p2a: Clefable|Clefable, F|100\/100 tox\n|move|p1a: Denver Nuggets|Earthquake|p2a: Clefable\n|-damage|p2a: Clefable|45\/100 tox\n|-damage|p1a: Denver Nuggets|91\/100|[from] item: Life Orb\n|\n|-heal|p2a: Clefable|51\/100 tox|[from] item: Leftovers\n|upkeep\n|turn|12\n|inactive|vyuiowe has 20 seconds left this turn.\n|inactive|vyuiowe has 15 seconds left.\n|\n|t:|1700097227\n|switch|p2a: Dondozo|Dondozo, F|100\/100\n|move|p1a: Denver Nuggets|Icicle Crash|p2a: Dondozo\n|-resisted|p2a: Dondozo\n|-damage|p2a: Dondozo|80\/100\n|-damage|p1a: Denver Nuggets|81\/100|[from] item: Life Orb\n|\n|upkeep\n|turn|13\n|inactive|vyuiowe has 25 seconds left this turn.\n|c| SirStars|he went ice\n|c| SirStars|nice\n|c| SirStars|he went into\n|\n|t:|1700097239\n|switch|p1a: Mask Off|Ogerpon-Wellspring, F|66\/100\n|move|p2a: Dondozo|Curse|p2a: Dondozo\n|-unboost|p2a: Dondozo|spe|1\n|-boost|p2a: Dondozo|atk|1\n|-boost|p2a: Dondozo|def|1\n|\n|upkeep\n|turn|14\n|c| SirStars|oger\n|\n|t:|1700097242\n|switch|p2a: Zapdos|Zapdos|100\/100\n|move|p1a: Mask Off|Power Whip|p2a: Zapdos\n|-resisted|p2a: Zapdos\n|-damage|p2a: Zapdos|72\/100\n|-status|p1a: Mask Off|par|[from] ability: Static|[of] p2a: Zapdos\n|\n|upkeep\n|turn|15\n|c| SirStars|bro\n|c| SirStars|take time\n|c| SirStars|omg\n|c| SirStars|im tryna help\n|inactive|evitseF has 120 seconds left.\n|\n|t:|1700097254\n|switch|p1a: Juggholdengo|Gholdengo|76\/100\n|move|p2a: Zapdos|Hurricane|p1a: Juggholdengo\n|-resisted|p1a: Juggholdengo\n|-damage|p1a: Juggholdengo|47\/100\n|\n|upkeep\n|turn|16\n|c| SirStars|he went iby\n|c| SirStars|he switching\n|\n|t:|1700097266\n|move|p1a: Juggholdengo|Recover|p1a: Juggholdengo\n|-heal|p1a: Juggholdengo|97\/100\n|move|p2a: Zapdos|Volt Switch|p1a: Juggholdengo\n|-damage|p1a: Juggholdengo|62\/100\n|c| SirStars|mb\n|\n|t:|1700097274\n|switch|p2a: Skeledirge|Skeledirge, M, tera:Water|100\/100|[from] Volt Switch\n|\n|upkeep\n|turn|17\n|\n|t:|1700097280\n|switch|p1a: Mask Off|Ogerpon-Wellspring, F|66\/100 par\n|move|p2a: Skeledirge|Torch Song|p1a: Mask Off\n|-damage|p1a: Mask Off|33\/100 par\n|-boost|p2a: Skeledirge|spa|1\n|\n|upkeep\n|turn|18\n|c| SirStars|hes witching\n|c| SirStars|oger\n|\n|t:|1700097283\n|move|p2a: Skeledirge|Torch Song|p1a: Mask Off\n|-damage|p1a: Mask Off|0 fnt\n|-boost|p2a: Skeledirge|spa|1\n|faint|p1a: Mask Off\n|\n|upkeep\n|\n|t:|1700097291\n|switch|p1a: Juggin the Club|Iron Jugulis, tera:Steel|76\/100\n|turn|19\n|c| SirStars|he went iron\n|j| Knithar\n|\n|t:|1700097293\n|move|p1a: Juggin the Club|Hurricane|p2a: Skeledirge\n|-damage|p2a: Skeledirge|53\/100\n|move|p2a: Skeledirge|Torch Song|p1a: Juggin the Club\n|-supereffective|p1a: Juggin the Club\n|-damage|p1a: Juggin the Club|0 fnt\n|-boost|p2a: Skeledirge|spa|1\n|faint|p1a: Juggin the Club\n|-end|p1a: Juggin the Club|Quark Drive|[silent]\n|\n|upkeep\n|c| SirStars|bro\n|c| SirStars|take time to move\n|c| SirStars|so i cna help\n|c| SirStars|omg\n|\n|t:|1700097302\n|switch|p1a: Denver Nuggets|Mamoswine, M|81\/100\n|turn|20\n|c|\u2606vyuiowe|i don't need you my man\n|j| dbebeje e bee\n|l| Knithar\n|c| SirStars|hes tryna kill\n|inactive|vyuiowe has 90 seconds left.\n|c| SirStars|with eq\n|j| Scootter\n|inactive|vyuiowe has 60 seconds left.\n|\n|t:|1700097343\n|switch|p2a: Zapdos|Zapdos|72\/100\n|move|p1a: Denver Nuggets|Earthquake|p2a: Zapdos\n|-immune|p2a: Zapdos\n|\n|upkeep\n|turn|21\n|l| Scootter\n|inactive|vyuiowe has 60 seconds left.\n|c| SirStars|he went into\n|c| boblauncher|switch to dengo\n|c| SirStars|ghold\n|c| SirStars|he switch\n|c| SirStars|ice\n|c| SirStars|np\n|c| SirStars|bake\n|\n|t:|1700097368\n|switch|p1a: Juggholdengo|Gholdengo|62\/100\n|move|p2a: Zapdos|Hurricane|p1a: Juggholdengo\n|-resisted|p1a: Juggholdengo\n|-damage|p1a: Juggholdengo|38\/100\n|\n|upkeep\n|turn|22\n|\n|t:|1700097373\n|move|p1a: Juggholdengo|Recover|p1a: Juggholdengo\n|-heal|p1a: Juggholdengo|88\/100\n|move|p2a: Zapdos|Volt Switch|p1a: Juggholdengo\n|-damage|p1a: Juggholdengo|55\/100\n|c| SirStars|dam bro\n|\n|t:|1700097374\n|switch|p2a: Skeledirge|Skeledirge, M, tera:Water|53\/100|[from] Volt Switch\n|\n|upkeep\n|turn|23\n|c| SirStars|he switching\n|c| SirStars|hes scared\n|\n|t:|1700097383\n|move|p1a: Juggholdengo|Shadow Ball|p2a: Skeledirge\n|-damage|p2a: Skeledirge|19\/100\n|move|p2a: Skeledirge|Torch Song|p1a: Juggholdengo\n|-supereffective|p1a: Juggholdengo\n|-damage|p1a: Juggholdengo|0 fnt\n|-boost|p2a: Skeledirge|spa|1\n|faint|p1a: Juggholdengo\n|\n|upkeep\n|\n|t:|1700097386\n|switch|p1a: Denver Nuggets|Mamoswine, M|81\/100\n|turn|24\n|c| SirStars|he is guna trail\n|\n|t:|1700097394\n|move|p1a: Denver Nuggets|Trailblaze|p2a: Skeledirge\n|-supereffective|p2a: Skeledirge\n|-damage|p2a: Skeledirge|0 fnt\n|-boost|p1a: Denver Nuggets|spe|1\n|faint|p2a: Skeledirge\n|-damage|p1a: Denver Nuggets|71\/100|[from] item: Life Orb\n|\n|upkeep\n|c|\u2606vyuiowe|i won't lie ignored everything you've said\n|c| SirStars|he wants to sweap u wih it\n|\n|t:|1700097407\n|switch|p2a: Dondozo|Dondozo, F|80\/100\n|turn|25\n|c| SirStars|so watchout\n|\n|t:|1700097415\n|switch|p1a: Get out of Jail|Iron Valiant|100\/100\n|-enditem|p1a: Get out of Jail|Booster Energy\n|-activate|p1a: Get out of Jail|ability: Quark Drive|[fromitem]\n|-start|p1a: Get out of Jail|quarkdrivespe\n|move|p2a: Dondozo|Curse|p2a: Dondozo\n|-unboost|p2a: Dondozo|spe|1\n|-boost|p2a: Dondozo|atk|1\n|-boost|p2a: Dondozo|def|1\n|\n|upkeep\n|turn|26\n|inactive|vyuiowe has 90 seconds left.\n|c| SirStars|he went into damage calc\n|inactive|vyuiowe has 60 seconds left.\n|c| SirStars|he ise focus miss\n|\n|t:|1700097473\n|switch|p2a: Zapdos|Zapdos|72\/100\n|move|p1a: Get out of Jail|Focus Blast|p2a: Zapdos\n|-resisted|p2a: Zapdos\n|-damage|p2a: Zapdos|42\/100\n|-unboost|p2a: Zapdos|spd|1\n|\n|upkeep\n|turn|27\n|\n|t:|1700097478\n|move|p1a: Get out of Jail|Moonblast|p2a: Zapdos\n|-damage|p2a: Zapdos|0 fnt\n|faint|p2a: Zapdos\n|\n|upkeep\n|\n|t:|1700097480\n|switch|p2a: Clefable|Clefable, F|51\/100 tox\n|turn|28\n|\n|t:|1700097485\n|move|p1a: Get out of Jail|Calm Mind|p1a: Get out of Jail\n|-boost|p1a: Get out of Jail|spa|1\n|-boost|p1a: Get out of Jail|spd|1\n|move|p2a: Clefable|Moonblast|p1a: Get out of Jail\n|-supereffective|p1a: Get out of Jail\n|-damage|p1a: Get out of Jail|20\/100\n|-unboost|p1a: Get out of Jail|spa|1\n|\n|-heal|p2a: Clefable|57\/100 tox|[from] item: Leftovers\n|upkeep\n|turn|29\n|\n|t:|1700097486\n|move|p1a: Get out of Jail|Moonblast|p2a: Clefable\n|-damage|p2a: Clefable|14\/100 tox\n|move|p2a: Clefable|Moonblast|p1a: Get out of Jail\n|-supereffective|p1a: Get out of Jail\n|-damage|p1a: Get out of Jail|0 fnt\n|faint|p1a: Get out of Jail\n|-end|p1a: Get out of Jail|Quark Drive|[silent]\n|\n|-heal|p2a: Clefable|20\/100 tox|[from] item: Leftovers\n|upkeep\n|c| SirStars|he is  guna calm\n|c| SirStars|ok\n|c| PantyPhantom|ooo moon blast goot new particles\n|c| SirStars|dam bro\n|c|\u2606vyuiowe|yeah it did\n|c| SirStars|ev u suck\n|c|\u2606vyuiowe|it's cool\n|\n|t:|1700097502\n|switch|p1a: Denver Nuggets|Mamoswine, M|71\/100\n|turn|30\n|\n|t:|1700097507\n|move|p1a: Denver Nuggets|Trailblaze|p2a: Clefable\n|-damage|p2a: Clefable|1\/100 tox\n|-boost|p1a: Denver Nuggets|spe|1\n|-damage|p1a: Denver Nuggets|61\/100|[from] item: Life Orb\n|move|p2a: Clefable|Moonblast|p1a: Denver Nuggets\n|-damage|p1a: Denver Nuggets|17\/100\n|\n|-heal|p2a: Clefable|7\/100 tox|[from] item: Leftovers\n|upkeep\n|turn|31\n|-message|evitseF forfeited.\n|\n|win|vyuiowe\n|raw|evitseF's rating: 1719 &rarr; <strong>1697<\/strong><br \/>(-22 for losing)\n|raw|vyuiowe's rating: 1691 &rarr; <strong>1713<\/strong><br \/>(+22 for winning)\n|l|\u2606evitseF\n|l| SirStars\n|c| boblauncher|l ev\n","uploadtime":1700097526,"views":21,"p1id":"evitsef","p2id":"vyuiowe","formatid":"gen9ou","rating":1697,"private":0,"password":""}