{"id":"gen9ou-1997072936","p1":"wookiepizza","p2":"Sir Kit Tree","format":"[Gen 9] OU","log":"|j|\u2606wookiepizza\n|j|\u2606Sir Kit Tree\n|t:|1700761757\n|gametype|singles\n|player|p1|wookiepizza|169|1176\n|player|p2|Sir Kit Tree|flannery|1145\n|teamsize|p1|6\n|teamsize|p2|6\n|gen|9\n|tier|[Gen 9] OU\n|rated|\n|rule|Sleep Clause Mod: Limit one foe put to sleep\n|rule|Species Clause: Limit one of each Pok\u00e9mon\n|rule|OHKO Clause: OHKO moves are banned\n|rule|Evasion Items Clause: Evasion items are banned\n|rule|Evasion Moves Clause: Evasion moves are banned\n|rule|Endless Battle Clause: Forcing endless battles is banned\n|rule|HP Percentage Mod: HP is shown in percentages\n|clearpoke\n|poke|p1|Iron Valiant|\n|poke|p1|Gholdengo|\n|poke|p1|Glimmora, F|\n|poke|p1|Samurott-Hisui, F|\n|poke|p1|Dragonite, F|\n|poke|p1|Ogerpon-Cornerstone, F|\n|poke|p2|Manaphy|\n|poke|p2|Okidogi, M|\n|poke|p2|Zoroark-Hisui, F|\n|poke|p2|Arcanine-Hisui, F|\n|poke|p2|Ambipom, M|\n|poke|p2|Jirachi|\n|teampreview\n|j| StatykBoy\n|\n|t:|1700761774\n|start\n|switch|p1a: Glimmora|Glimmora, F|100\/100\n|switch|p2a: Ambipom|Ambipom, M|100\/100\n|turn|1\n|\n|t:|1700761781\n|move|p2a: Ambipom|Trick|p1a: Glimmora\n|-activate|p2a: Ambipom|move: Trick|[of] p1a: Glimmora\n|-item|p1a: Glimmora|Choice Scarf|[from] move: Trick\n|-item|p2a: Ambipom|Focus Sash|[from] move: Trick\n|move|p1a: Glimmora|Stealth Rock|p2a: Ambipom\n|-sidestart|p2: Sir Kit Tree|move: Stealth Rock\n|\n|upkeep\n|turn|2\n|\n|t:|1700761794\n|switch|p1a: Gholdengo|Gholdengo|100\/100\n|-item|p1a: Gholdengo|Air Balloon\n|move|p2a: Ambipom|Bitter Malice|p1a: Gholdengo\n|-supereffective|p1a: Gholdengo\n|-damage|p1a: Gholdengo|13\/100\n|-unboost|p1a: Gholdengo|atk|1\n|-enditem|p1a: Gholdengo|Air Balloon\n|\n|upkeep\n|turn|3\n|\n|t:|1700761806\n|switch|p1a: Samurott|Samurott-Hisui, F|100\/100\n|move|p2a: Ambipom|Bitter Malice|p1a: Samurott\n|-resisted|p1a: Samurott\n|-damage|p1a: Samurott|74\/100\n|-unboost|p1a: Samurott|atk|1\n|\n|upkeep\n|turn|4\n|l|\u2606Sir Kit Tree\n|player|p2|\n|j|\u2606Sir Kit Tree\n|player|p2|Sir Kit Tree|flannery\n|\n|t:|1700761823\n|-terastallize|p2a: Ambipom|Normal\n|move|p2a: Ambipom|Hyper Voice|p1a: Samurott\n|-damage|p1a: Samurott|0 fnt\n|faint|p1a: Samurott\n|\n|upkeep\n|\n|t:|1700761839\n|switch|p1a: Iron Valiant|Iron Valiant|100\/100\n|-enditem|p1a: Iron Valiant|Booster Energy\n|-activate|p1a: Iron Valiant|ability: Quark Drive|[fromitem]\n|-start|p1a: Iron Valiant|quarkdrivespa\n|turn|5\n|\n|t:|1700761852\n|move|p2a: Ambipom|Hyper Voice|p1a: Iron Valiant\n|-crit|p1a: Iron Valiant\n|-damage|p1a: Iron Valiant|0 fnt\n|faint|p1a: Iron Valiant\n|-end|p1a: Iron Valiant|Quark Drive|[silent]\n|\n|upkeep\n|\n|t:|1700761857\n|switch|p1a: Gholdengo|Gholdengo|13\/100\n|turn|6\n|\n|t:|1700761862\n|move|p2a: Ambipom|Bitter Malice|p1a: Gholdengo\n|-supereffective|p1a: Gholdengo\n|-damage|p1a: Gholdengo|0 fnt\n|faint|p1a: Gholdengo\n|\n|upkeep\n|\n|t:|1700761870\n|switch|p1a: Dragonite|Dragonite, F|100\/100\n|turn|7\n|\n|t:|1700761876\n|move|p2a: Ambipom|Hyper Voice|p1a: Dragonite\n|-damage|p1a: Dragonite|70\/100\n|move|p1a: Dragonite|Dragon Dance|p1a: Dragonite\n|-boost|p1a: Dragonite|atk|1\n|-boost|p1a: Dragonite|spe|1\n|\n|-heal|p1a: Dragonite|76\/100|[from] item: Leftovers\n|upkeep\n|turn|8\n|\n|t:|1700761885\n|move|p2a: Ambipom|Hyper Voice|p1a: Dragonite\n|-damage|p1a: Dragonite|9\/100\n|move|p1a: Dragonite|Dragon Tail|p2a: Ambipom\n|-enditem|p2a: Ambipom|Focus Sash\n|-damage|p2a: Ambipom|1\/100\n|replace|p2a: Zoroark|Zoroark-Hisui, F\n|-end|p2a: Zoroark|Illusion\n|drag|p2a: Okidogi|Okidogi, M|100\/100\n|-damage|p2a: Okidogi|95\/100|[from] Stealth Rock\n|\n|-heal|p1a: Dragonite|15\/100|[from] item: Leftovers\n|upkeep\n|turn|9\n|\n|t:|1700761902\n|move|p2a: Okidogi|Knock Off|p1a: Dragonite\n|-crit|p1a: Dragonite\n|-damage|p1a: Dragonite|0 fnt\n|-enditem|p1a: Dragonite|Leftovers|[from] move: Knock Off|[of] p2a: Okidogi\n|faint|p1a: Dragonite\n|\n|upkeep\n|-message|wookiepizza forfeited.\n|\n|win|Sir Kit Tree\n|raw|wookiepizza's rating: 1176 &rarr; <strong>1149<\/strong><br \/>(-27 for losing)\n|raw|Sir Kit Tree's rating: 1145 &rarr; <strong>1172<\/strong><br \/>(+27 for winning)\n|l| StatykBoy\n","uploadtime":1700761915,"views":13,"p1id":"wookiepizza","p2id":"sirkittree","formatid":"gen9ou","rating":1149,"private":0,"password":""}