{"id":"gen9ou-1997213456","p1":"aethyia","p2":"Izmagack","format":"[Gen 9] OU","log":"|j|\u2606aethyia\n|j|\u2606Izmagack\n|t:|1700776271\n|gametype|singles\n|player|p1|aethyia|rocketgrunt|1102\n|player|p2|Izmagack|ghetsis-gen5bw|1157\n|teamsize|p1|6\n|teamsize|p2|6\n|gen|9\n|tier|[Gen 9] OU\n|rated|\n|rule|Sleep Clause Mod: Limit one foe put to sleep\n|rule|Species Clause: Limit one of each Pok\u00e9mon\n|rule|OHKO Clause: OHKO moves are banned\n|rule|Evasion Items Clause: Evasion items are banned\n|rule|Evasion Moves Clause: Evasion moves are banned\n|rule|Endless Battle Clause: Forcing endless battles is banned\n|rule|HP Percentage Mod: HP is shown in percentages\n|clearpoke\n|poke|p1|Kingambit, M|\n|poke|p1|Glimmora, F|\n|poke|p1|Zamazenta-*|\n|poke|p1|Iron Valiant|\n|poke|p1|Iron Moth|\n|poke|p1|Ogerpon-Wellspring, F|\n|poke|p2|Heatran, M|\n|poke|p2|Tyranitar, M|\n|poke|p2|Houndstone, M|\n|poke|p2|Scizor, F|\n|poke|p2|Empoleon, F|\n|poke|p2|Garchomp, F|\n|teampreview\n|inactive|Battle timer is ON: inactive players will automatically lose when time's up. (requested by Izmagack)\n|\n|t:|1700776275\n|start\n|switch|p1a: Glimmora|Glimmora, F|100\/100\n|switch|p2a: tyranitareturned|Tyranitar, M|100\/100\n|-weather|Sandstorm|[from] ability: Sand Stream|[of] p2a: tyranitareturned\n|turn|1\n|\n|t:|1700776282\n|move|p1a: Glimmora|Stealth Rock|p2a: tyranitareturned\n|-sidestart|p2: Izmagack|move: Stealth Rock\n|move|p2a: tyranitareturned|Earthquake|p1a: Glimmora\n|-supereffective|p1a: Glimmora\n|-enditem|p1a: Glimmora|Focus Sash\n|-damage|p1a: Glimmora|1\/100\n|-activate|p1a: Glimmora|ability: Toxic Debris\n|-sidestart|p2: Izmagack|move: Toxic Spikes\n|\n|-weather|Sandstorm|[upkeep]\n|upkeep\n|turn|2\n|\n|t:|1700776293\n|move|p1a: Glimmora|Earth Power|p2a: tyranitareturned\n|-supereffective|p2a: tyranitareturned\n|-damage|p2a: tyranitareturned|68\/100\n|move|p2a: tyranitareturned|Knock Off|p1a: Glimmora\n|-damage|p1a: Glimmora|0 fnt\n|-activate|p1a: Glimmora|ability: Toxic Debris\n|-sidestart|p2: Izmagack|move: Toxic Spikes\n|faint|p1a: Glimmora\n|\n|-weather|Sandstorm|[upkeep]\n|upkeep\n|\n|t:|1700776316\n|switch|p1a: Zamazenta|Zamazenta|100\/100\n|-ability|p1a: Zamazenta|Dauntless Shield|boost\n|-boost|p1a: Zamazenta|def|1\n|turn|3\n|\n|t:|1700776326\n|switch|p2a: dawg|Houndstone, M|100\/100\n|-damage|p2a: dawg|88\/100|[from] Stealth Rock\n|-status|p2a: dawg|tox\n|move|p1a: Zamazenta|Iron Defense|p1a: Zamazenta\n|-boost|p1a: Zamazenta|def|2\n|\n|-weather|Sandstorm|[upkeep]\n|-damage|p1a: Zamazenta|94\/100|[from] Sandstorm\n|-heal|p1a: Zamazenta|100\/100|[from] item: Leftovers\n|-damage|p2a: dawg|82\/100 tox|[from] psn\n|upkeep\n|turn|4\n|\n|t:|1700776337\n|move|p2a: dawg|Will-O-Wisp|p1a: Zamazenta\n|-status|p1a: Zamazenta|brn\n|move|p1a: Zamazenta|Crunch|p2a: dawg\n|-supereffective|p2a: dawg\n|-damage|p2a: dawg|50\/100 tox\n|\n|-weather|Sandstorm|[upkeep]\n|-damage|p1a: Zamazenta|94\/100 brn|[from] Sandstorm\n|-heal|p1a: Zamazenta|100\/100 brn|[from] item: Leftovers\n|-damage|p2a: dawg|38\/100 tox|[from] psn\n|-damage|p1a: Zamazenta|94\/100 brn|[from] brn\n|upkeep\n|turn|5\n|\n|t:|1700776354\n|switch|p2a: gliscor at home|Garchomp, F|100\/100\n|-damage|p2a: gliscor at home|94\/100|[from] Stealth Rock\n|-status|p2a: gliscor at home|tox\n|move|p1a: Zamazenta|Crunch|p2a: gliscor at home\n|-damage|p2a: gliscor at home|86\/100 tox\n|-damage|p1a: Zamazenta|82\/100 brn|[from] ability: Rough Skin|[of] p2a: gliscor at home\n|-damage|p1a: Zamazenta|65\/100 brn|[from] item: Rocky Helmet|[of] p2a: gliscor at home\n|\n|-weather|Sandstorm|[upkeep]\n|-damage|p1a: Zamazenta|59\/100 brn|[from] Sandstorm\n|-heal|p1a: Zamazenta|65\/100 brn|[from] item: Leftovers\n|-damage|p2a: gliscor at home|80\/100 tox|[from] psn\n|-damage|p1a: Zamazenta|59\/100 brn|[from] brn\n|upkeep\n|turn|6\n|inactive|aethyia has 120 seconds left.\n|\n|t:|1700776378\n|move|p1a: Zamazenta|Body Press|p2a: gliscor at home\n|-damage|p2a: gliscor at home|52\/100 tox\n|-damage|p1a: Zamazenta|47\/100 brn|[from] ability: Rough Skin|[of] p2a: gliscor at home\n|-damage|p1a: Zamazenta|30\/100 brn|[from] item: Rocky Helmet|[of] p2a: gliscor at home\n|move|p2a: gliscor at home|Spikes|p1a: Zamazenta\n|-sidestart|p1: aethyia|Spikes\n|\n|-weather|Sandstorm|[upkeep]\n|-damage|p1a: Zamazenta|24\/100 brn|[from] Sandstorm\n|-heal|p1a: Zamazenta|30\/100 brn|[from] item: Leftovers\n|-damage|p2a: gliscor at home|39\/100 tox|[from] psn\n|-damage|p1a: Zamazenta|24\/100 brn|[from] brn\n|upkeep\n|turn|7\n|inactive|aethyia has 120 seconds left.\n|\n|t:|1700776389\n|move|p1a: Zamazenta|Body Press|p2a: gliscor at home\n|-damage|p2a: gliscor at home|12\/100 tox\n|-damage|p1a: Zamazenta|12\/100 brn|[from] ability: Rough Skin|[of] p2a: gliscor at home\n|-damage|p1a: Zamazenta|0 fnt|[from] item: Rocky Helmet|[of] p2a: gliscor at home\n|faint|p1a: Zamazenta\n|move|p2a: gliscor at home|Spikes|p1: Zamazenta\n|-sidestart|p1: aethyia|Spikes\n|\n|-weather|Sandstorm|[upkeep]\n|-damage|p2a: gliscor at home|0 fnt|[from] psn\n|faint|p2a: gliscor at home\n|upkeep\n|inactive|aethyia has 120 seconds left.\n|\n|t:|1700776406\n|switch|p1a: Ogerpon|Ogerpon-Wellspring, F|100\/100\n|switch|p2a: dawg|Houndstone, M|38\/100 tox\n|-damage|p2a: dawg|25\/100 tox|[from] Stealth Rock\n|-damage|p1a: Ogerpon|84\/100|[from] Spikes\n|turn|8\n|\n|t:|1700776419\n|move|p2a: dawg|Will-O-Wisp|p1a: Ogerpon\n|-status|p1a: Ogerpon|brn\n|move|p1a: Ogerpon|Knock Off|p2a: dawg\n|-supereffective|p2a: dawg\n|-damage|p2a: dawg|0 fnt\n|-enditem|p2a: dawg|Wide Lens|[from] move: Knock Off|[of] p1a: Ogerpon\n|faint|p2a: dawg\n|\n|-weather|none\n|-damage|p1a: Ogerpon|78\/100 brn|[from] brn\n|upkeep\n|\n|t:|1700776421\n|switch|p2a: tyranitareturned|Tyranitar, M|68\/100\n|-damage|p2a: tyranitareturned|55\/100|[from] Stealth Rock\n|-status|p2a: tyranitareturned|tox\n|-weather|Sandstorm|[from] ability: Sand Stream|[of] p2a: tyranitareturned\n|turn|9\n|inactive|aethyia has 120 seconds left.\n|\n|t:|1700776440\n|move|p1a: Ogerpon|Power Whip|p2a: tyranitareturned\n|-supereffective|p2a: tyranitareturned\n|-damage|p2a: tyranitareturned|5\/100 tox\n|move|p2a: tyranitareturned|Stealth Rock|p1a: Ogerpon\n|-sidestart|p1: aethyia|move: Stealth Rock\n|\n|-weather|Sandstorm|[upkeep]\n|-damage|p1a: Ogerpon|72\/100 brn|[from] Sandstorm\n|-damage|p2a: tyranitareturned|0 fnt|[from] psn\n|faint|p2a: tyranitareturned\n|-damage|p1a: Ogerpon|66\/100 brn|[from] brn\n|upkeep\n|\n|t:|1700776453\n|switch|p2a: rico|Empoleon, F|100\/100\n|-damage|p2a: rico|94\/100|[from] Stealth Rock\n|turn|10\n|inactive|aethyia has 120 seconds left.\n|\n|t:|1700776468\n|switch|p1a: Kingambit|Kingambit, M|100\/100\n|-damage|p1a: Kingambit|84\/100|[from] Spikes\n|-damage|p1a: Kingambit|78\/100|[from] Stealth Rock\n|-activate|p1a: Kingambit|ability: Supreme Overlord\n|-start|p1a: Kingambit|fallen2|[silent]\n|move|p2a: rico|Roar|p1a: Kingambit\n|-end|p1a: Kingambit|fallen2|[silent]\n|drag|p1a: Ogerpon|Ogerpon-Wellspring, F|66\/100 brn\n|-damage|p1a: Ogerpon|49\/100 brn|[from] Spikes\n|-damage|p1a: Ogerpon|37\/100 brn|[from] Stealth Rock\n|\n|-weather|Sandstorm|[upkeep]\n|-damage|p1a: Ogerpon|31\/100 brn|[from] Sandstorm\n|-heal|p2a: rico|100\/100|[from] item: Leftovers\n|-damage|p1a: Ogerpon|25\/100 brn|[from] brn\n|upkeep\n|turn|11\n|\n|t:|1700776482\n|move|p1a: Ogerpon|Power Whip|p2a: rico\n|-damage|p2a: rico|65\/100\n|move|p2a: rico|Roar|p1a: Ogerpon\n|drag|p1a: Kingambit|Kingambit, M|78\/100\n|-damage|p1a: Kingambit|61\/100|[from] Spikes\n|-damage|p1a: Kingambit|55\/100|[from] Stealth Rock\n|-activate|p1a: Kingambit|ability: Supreme Overlord\n|-start|p1a: Kingambit|fallen2|[silent]\n|\n|-weather|Sandstorm|[upkeep]\n|-heal|p2a: rico|71\/100|[from] item: Leftovers\n|upkeep\n|turn|12\n|\n|t:|1700776496\n|move|p1a: Kingambit|Sucker Punch||[still]\n|-fail|p1a: Kingambit\n|move|p2a: rico|Roar|p1a: Kingambit\n|-end|p1a: Kingambit|fallen2|[silent]\n|drag|p1a: Iron Moth|Iron Moth|100\/100\n|-damage|p1a: Iron Moth|84\/100|[from] Spikes\n|-damage|p1a: Iron Moth|59\/100|[from] Stealth Rock\n|-enditem|p1a: Iron Moth|Booster Energy\n|-activate|p1a: Iron Moth|ability: Quark Drive|[fromitem]\n|-start|p1a: Iron Moth|quarkdrivespe\n|\n|-weather|Sandstorm|[upkeep]\n|-damage|p1a: Iron Moth|53\/100|[from] Sandstorm\n|-heal|p2a: rico|77\/100|[from] item: Leftovers\n|upkeep\n|turn|13\n|\n|t:|1700776514\n|-terastallize|p1a: Iron Moth|Fairy\n|move|p1a: Iron Moth|Fiery Dance|p2a: rico\n|-damage|p2a: rico|51\/100\n|-boost|p1a: Iron Moth|spa|1\n|move|p2a: rico|Roar|p1a: Iron Moth\n|-end|p1a: Iron Moth|Quark Drive|[silent]\n|drag|p1a: Ogerpon|Ogerpon-Wellspring, F|25\/100 brn\n|-damage|p1a: Ogerpon|8\/100 brn|[from] Spikes\n|-damage|p1a: Ogerpon|0 fnt|[from] Stealth Rock\n|faint|p1a: Ogerpon\n|\n|-weather|Sandstorm|[upkeep]\n|-heal|p2a: rico|57\/100|[from] item: Leftovers\n|upkeep\n|inactive|aethyia has 90 seconds left.\n|\n|t:|1700776535\n|switch|p1a: Iron Valiant|Iron Valiant, shiny|100\/100\n|-damage|p1a: Iron Valiant|84\/100|[from] Spikes\n|-damage|p1a: Iron Valiant|78\/100|[from] Stealth Rock\n|-enditem|p1a: Iron Valiant|Booster Energy\n|-activate|p1a: Iron Valiant|ability: Quark Drive|[fromitem]\n|-start|p1a: Iron Valiant|quarkdrivespe\n|turn|14\n|inactive|aethyia has 90 seconds left.\n|\n|t:|1700776546\n|move|p1a: Iron Valiant|Hypnosis|p2a: rico\n|-status|p2a: rico|slp|[from] move: Hypnosis\n|cant|p2a: rico|slp\n|\n|-weather|Sandstorm|[upkeep]\n|-damage|p1a: Iron Valiant|71\/100|[from] Sandstorm\n|-heal|p2a: rico|63\/100 slp|[from] item: Leftovers\n|upkeep\n|turn|15\n|\n|t:|1700776557\n|move|p1a: Iron Valiant|Calm Mind|p1a: Iron Valiant\n|-boost|p1a: Iron Valiant|spa|1\n|-boost|p1a: Iron Valiant|spd|1\n|-curestatus|p2a: rico|slp|[msg]\n|move|p2a: rico|Roar|p1a: Iron Valiant\n|-end|p1a: Iron Valiant|Quark Drive|[silent]\n|drag|p1a: Iron Moth|Iron Moth, tera:Fairy|53\/100\n|-damage|p1a: Iron Moth|36\/100|[from] Spikes\n|-damage|p1a: Iron Moth|24\/100|[from] Stealth Rock\n|\n|-weather|Sandstorm|[upkeep]\n|-damage|p1a: Iron Moth|18\/100|[from] Sandstorm\n|-heal|p2a: rico|70\/100|[from] item: Leftovers\n|upkeep\n|turn|16\n|c|\u2606aethyia|you are taking teh fucking piss\n|inactive|aethyia has 90 seconds left.\n|\n|t:|1700776573\n|move|p1a: Iron Moth|Fiery Dance|p2a: rico\n|-damage|p2a: rico|45\/100\n|move|p2a: rico|Roost|p2a: rico\n|-heal|p2a: rico|95\/100\n|-singleturn|p2a: rico|move: Roost\n|\n|-weather|none\n|-heal|p2a: rico|100\/100|[from] item: Leftovers\n|upkeep\n|turn|17\n|c|\u2606Izmagack|I really am\n|c|\u2606Izmagack|this is insane\n|\n|t:|1700776581\n|move|p1a: Iron Moth|Fiery Dance|p2a: rico\n|-damage|p2a: rico|75\/100\n|-boost|p1a: Iron Moth|spa|1\n|move|p2a: rico|Roar|p1a: Iron Moth\n|-end|p1a: Iron Moth|Quark Drive|[silent]\n|drag|p1a: Kingambit|Kingambit, M|55\/100\n|-damage|p1a: Kingambit|39\/100|[from] Spikes\n|-damage|p1a: Kingambit|33\/100|[from] Stealth Rock\n|-activate|p1a: Kingambit|ability: Supreme Overlord\n|-start|p1a: Kingambit|fallen3|[silent]\n|\n|-heal|p2a: rico|81\/100|[from] item: Leftovers\n|upkeep\n|turn|18\n|inactive|aethyia has 90 seconds left.\n|c|\u2606Izmagack|Sorry for being annoying\n|\n|t:|1700776600\n|move|p1a: Kingambit|Kowtow Cleave|p2a: rico\n|-damage|p2a: rico|2\/100\n|move|p2a: rico|Roar|p1a: Kingambit\n|-end|p1a: Kingambit|fallen3|[silent]\n|drag|p1a: Iron Valiant|Iron Valiant, shiny|71\/100\n|-damage|p1a: Iron Valiant|55\/100|[from] Spikes\n|-damage|p1a: Iron Valiant|49\/100|[from] Stealth Rock\n|\n|-heal|p2a: rico|8\/100|[from] item: Leftovers\n|upkeep\n|turn|19\n|inactive|aethyia has 90 seconds left.\n|c|\u2606Izmagack|this is the first time empoleon has really done anything lol\n|\n|t:|1700776615\n|move|p1a: Iron Valiant|Psyshock|p2a: rico\n|-resisted|p2a: rico\n|-damage|p2a: rico|0 fnt\n|faint|p2a: rico\n|\n|upkeep\n|\n|t:|1700776618\n|switch|p2a: shut up valiant|Scizor, F|100\/100\n|-damage|p2a: shut up valiant|88\/100|[from] Stealth Rock\n|turn|20\n|inactive|aethyia has 90 seconds left.\n|\n|t:|1700776637\n|move|p2a: shut up valiant|Bullet Punch|p1a: Iron Valiant\n|-supereffective|p1a: Iron Valiant\n|-damage|p1a: Iron Valiant|0 fnt\n|faint|p1a: Iron Valiant\n|-end|p1a: Iron Valiant|Quark Drive|[silent]\n|\n|upkeep\n|inactive|aethyia has 90 seconds left.\n|\n|t:|1700776642\n|switch|p1a: Kingambit|Kingambit, M|33\/100\n|-damage|p1a: Kingambit|16\/100|[from] Spikes\n|-damage|p1a: Kingambit|10\/100|[from] Stealth Rock\n|-activate|p1a: Kingambit|ability: Supreme Overlord\n|-start|p1a: Kingambit|fallen4|[silent]\n|turn|21\n|inactive|aethyia has 90 seconds left.\n|\n|t:|1700776653\n|move|p1a: Kingambit|Sucker Punch||[still]\n|-fail|p1a: Kingambit\n|move|p2a: shut up valiant|Swords Dance|p2a: shut up valiant\n|-boost|p2a: shut up valiant|atk|2\n|\n|upkeep\n|turn|22\n|\n|t:|1700776658\n|move|p1a: Kingambit|Sucker Punch|p2a: shut up valiant\n|-damage|p2a: shut up valiant|16\/100\n|move|p2a: shut up valiant|Bullet Punch|p1a: Kingambit\n|-resisted|p1a: Kingambit\n|-crit|p1a: Kingambit\n|-damage|p1a: Kingambit|0 fnt\n|faint|p1a: Kingambit\n|-end|p1a: Kingambit|fallen4|[silent]\n|\n|upkeep\n|c|\u2606Izmagack|Gg\n|c|\u2606Izmagack|wp\n|\n|t:|1700776665\n|switch|p1a: Iron Moth|Iron Moth, tera:Fairy|18\/100\n|-damage|p1a: Iron Moth|1\/100|[from] Spikes\n|-damage|p1a: Iron Moth|0 fnt|[from] Stealth Rock\n|faint|p1a: Iron Moth\n|-end|p1a: Iron Moth|Quark Drive|[silent]\n|\n|win|Izmagack\n|raw|aethyia's rating: 1102 &rarr; <strong>1081<\/strong><br \/>(-21 for losing)\n|raw|Izmagack's rating: 1157 &rarr; <strong>1178<\/strong><br \/>(+21 for winning)\n|c|\u2606aethyia|ggwps\n|l|\u2606aethyia\n","uploadtime":1700776567,"views":15,"p1id":"aethyia","p2id":"izmagack","formatid":"gen9ou","rating":1081,"private":0,"password":""}