{"id":"gen9ou-1996301696","p1":"lucascarneiro","p2":"Maloux","format":"[Gen 9] OU","log":"|j|\u2606lucascarneiro\n|j|\u2606Maloux\n|t:|1700669093\n|gametype|singles\n|player|p1|lucascarneiro|2|1367\n|player|p2|Maloux|brawly|1364\n|teamsize|p1|6\n|teamsize|p2|6\n|gen|9\n|tier|[Gen 9] OU\n|rated|\n|rule|Sleep Clause Mod: Limit one foe put to sleep\n|rule|Species Clause: Limit one of each Pok\u00e9mon\n|rule|OHKO Clause: OHKO moves are banned\n|rule|Evasion Items Clause: Evasion items are banned\n|rule|Evasion Moves Clause: Evasion moves are banned\n|rule|Endless Battle Clause: Forcing endless battles is banned\n|rule|HP Percentage Mod: HP is shown in percentages\n|clearpoke\n|poke|p1|Zarude|\n|poke|p1|Ribombee, M|\n|poke|p1|Gholdengo|\n|poke|p1|Great Tusk|\n|poke|p1|Indeedee, M|\n|poke|p1|Glimmora, F|\n|poke|p2|Glimmora, F|\n|poke|p2|Gholdengo|\n|poke|p2|Ogerpon-Wellspring, F|\n|poke|p2|Kingambit, M|\n|poke|p2|Iron Moth|\n|poke|p2|Enamorus, F|\n|teampreview\n|\n|t:|1700669096\n|start\n|switch|p1a: Ribombee|Ribombee, M|100\/100\n|switch|p2a: Glimmora|Glimmora, F|100\/100\n|turn|1\n|inactive|Battle timer is ON: inactive players will automatically lose when time's up. (requested by lucascarneiro)\n|inactive|Maloux also wants the timer to be on.\n|\n|t:|1700669109\n|move|p1a: Ribombee|U-turn|p2a: Glimmora\n|-resisted|p2a: Glimmora\n|-damage|p2a: Glimmora|93\/100\n|-activate|p2a: Glimmora|ability: Toxic Debris\n|-sidestart|p1: lucascarneiro|move: Toxic Spikes\n|\n|t:|1700669114\n|switch|p1a: Glimmora|Glimmora, F|100\/100|[from] U-turn\n|-sideend|p1: lucascarneiro|move: Toxic Spikes|[of] p1a: Glimmora\n|move|p2a: Glimmora|Stealth Rock|p1a: Glimmora\n|-sidestart|p1: lucascarneiro|move: Stealth Rock\n|\n|upkeep\n|turn|2\n|\n|t:|1700669129\n|move|p2a: Glimmora|Earth Power|p1a: Glimmora\n|-supereffective|p1a: Glimmora\n|-damage|p1a: Glimmora|0 fnt\n|faint|p1a: Glimmora\n|\n|upkeep\n|\n|t:|1700669134\n|switch|p1a: Great Tusk|Great Tusk|100\/100\n|-damage|p1a: Great Tusk|98\/100|[from] Stealth Rock\n|-enditem|p1a: Great Tusk|Booster Energy\n|-activate|p1a: Great Tusk|ability: Protosynthesis|[fromitem]\n|-start|p1a: Great Tusk|protosynthesisatk\n|turn|3\n|\n|t:|1700669141\n|move|p1a: Great Tusk|Rapid Spin|p2a: Glimmora\n|-resisted|p2a: Glimmora\n|-damage|p2a: Glimmora|78\/100\n|-boost|p1a: Great Tusk|spe|1\n|-activate|p2a: Glimmora|ability: Toxic Debris\n|-sidestart|p1: lucascarneiro|move: Toxic Spikes\n|-sideend|p1: lucascarneiro|Toxic Spikes|[from] move: Rapid Spin|[of] p1a: Great Tusk\n|-sideend|p1: lucascarneiro|Stealth Rock|[from] move: Rapid Spin|[of] p1a: Great Tusk\n|move|p2a: Glimmora|Energy Ball|p1a: Great Tusk\n|-supereffective|p1a: Great Tusk\n|-damage|p1a: Great Tusk|0 fnt\n|faint|p1a: Great Tusk\n|-end|p1a: Great Tusk|Protosynthesis|[silent]\n|\n|upkeep\n|\n|t:|1700669153\n|switch|p1a: Indeedee|Indeedee, M|100\/100\n|-fieldstart|move: Psychic Terrain|[from] ability: Psychic Surge|[of] p1a: Indeedee\n|turn|4\n|\n|t:|1700669159\n|move|p1a: Indeedee|Psychic|p2a: Glimmora\n|-supereffective|p2a: Glimmora\n|-damage|p2a: Glimmora|0 fnt\n|faint|p2a: Glimmora\n|\n|upkeep\n|\n|t:|1700669169\n|switch|p2a: Kingambit|Kingambit, M|100\/100\n|-activate|p2a: Kingambit|ability: Supreme Overlord\n|-start|p2a: Kingambit|fallen1|[silent]\n|turn|5\n|\n|t:|1700669180\n|switch|p1a: Ribombee|Ribombee, M|100\/100\n|move|p2a: Kingambit|Swords Dance|p2a: Kingambit\n|-boost|p2a: Kingambit|atk|2\n|\n|upkeep\n|turn|6\n|\n|t:|1700669186\n|move|p1a: Ribombee|Sticky Web|p2a: Kingambit\n|-sidestart|p2: Maloux|move: Sticky Web\n|move|p2a: Kingambit|Iron Head|p1a: Ribombee\n|-supereffective|p1a: Ribombee\n|-enditem|p1a: Ribombee|Focus Sash\n|-damage|p1a: Ribombee|1\/100\n|\n|upkeep\n|turn|7\n|\n|t:|1700669196\n|move|p1a: Ribombee|Stun Spore|p2a: Kingambit\n|-status|p2a: Kingambit|par\n|move|p2a: Kingambit|Kowtow Cleave|p1a: Ribombee\n|-resisted|p1a: Ribombee\n|-damage|p1a: Ribombee|0 fnt\n|faint|p1a: Ribombee\n|\n|upkeep\n|\n|t:|1700669202\n|switch|p1a: Zarude|Zarude|100\/100\n|-enditem|p1a: Zarude|Psychic Seed\n|-boost|p1a: Zarude|spd|1|[from] item: Psychic Seed\n|turn|8\n|\n|t:|1700669212\n|-terastallize|p2a: Kingambit|Fire\n|move|p1a: Zarude|Bulk Up|p1a: Zarude\n|-boost|p1a: Zarude|atk|1\n|-boost|p1a: Zarude|def|1\n|cant|p2a: Kingambit|par\n|\n|-fieldend|move: Psychic Terrain\n|upkeep\n|turn|9\n|\n|t:|1700669229\n|cant|p2a: Kingambit|par\n|move|p1a: Zarude|Bulk Up|p1a: Zarude\n|-boost|p1a: Zarude|atk|1\n|-boost|p1a: Zarude|def|1\n|\n|upkeep\n|turn|10\n|\n|t:|1700669236\n|move|p2a: Kingambit|Sucker Punch|p1a: Zarude\n|-resisted|p1a: Zarude\n|-damage|p1a: Zarude|73\/100\n|move|p1a: Zarude|Knock Off|p2a: Kingambit\n|-damage|p2a: Kingambit|27\/100 par\n|-enditem|p2a: Kingambit|Black Glasses|[from] move: Knock Off|[of] p1a: Zarude\n|\n|upkeep\n|turn|11\n|\n|t:|1700669246\n|move|p1a: Zarude|Drain Punch|p2a: Kingambit\n|-damage|p2a: Kingambit|0 fnt\n|-heal|p1a: Zarude|88\/100|[from] drain|[of] p2a: Kingambit\n|faint|p2a: Kingambit\n|-end|p2a: Kingambit|fallen1|[silent]\n|\n|upkeep\n|\n|t:|1700669249\n|switch|p2a: Enamorus|Enamorus, F|100\/100\n|turn|12\n|\n|t:|1700669255\n|-terastallize|p1a: Zarude|Flying\n|move|p2a: Enamorus|Moonblast|p1a: Zarude\n|-damage|p1a: Zarude|51\/100\n|move|p1a: Zarude|Acrobatics|p2a: Enamorus\n|-damage|p2a: Enamorus|0 fnt\n|faint|p2a: Enamorus\n|\n|upkeep\n|\n|t:|1700669273\n|switch|p2a: Iron Moth|Iron Moth|100\/100\n|-activate|p2a: Iron Moth|move: Sticky Web\n|-unboost|p2a: Iron Moth|spe|1\n|-enditem|p2a: Iron Moth|Booster Energy\n|-activate|p2a: Iron Moth|ability: Quark Drive|[fromitem]\n|-start|p2a: Iron Moth|quarkdrivespa\n|turn|13\n|\n|t:|1700669280\n|move|p1a: Zarude|Acrobatics|p2a: Iron Moth\n|-damage|p2a: Iron Moth|0 fnt\n|faint|p2a: Iron Moth\n|-end|p2a: Iron Moth|Quark Drive|[silent]\n|\n|upkeep\n|-message|Maloux forfeited.\n|\n|win|lucascarneiro\n|raw|lucascarneiro's rating: 1367 &rarr; <strong>1387<\/strong><br \/>(+20 for winning)\n|raw|Maloux's rating: 1364 &rarr; <strong>1344<\/strong><br \/>(-20 for losing)\n|l|\u2606Maloux\n","uploadtime":1700669288,"views":0,"p1id":"lucascarneiro","p2id":"maloux","formatid":"gen9ou","rating":1344,"private":0,"password":""}