{"id":"gen9ou-1991335967","p1":"Imanjoneser","p2":"Noobster237","format":"[Gen 9] OU","log":"|j|\u2606Imanjoneser\n|j|\u2606Noobster237\n|t:|1700068638\n|gametype|singles\n|player|p1|Imanjoneser|bugcatcher-gen4dp|1101\n|player|p2|Noobster237|266|1000\n|teamsize|p1|6\n|teamsize|p2|6\n|gen|9\n|tier|[Gen 9] OU\n|rated|\n|rule|Sleep Clause Mod: Limit one foe put to sleep\n|rule|Species Clause: Limit one of each Pok\u00e9mon\n|rule|OHKO Clause: OHKO moves are banned\n|rule|Evasion Items Clause: Evasion items are banned\n|rule|Evasion Moves Clause: Evasion moves are banned\n|rule|Endless Battle Clause: Forcing endless battles is banned\n|rule|HP Percentage Mod: HP is shown in percentages\n|clearpoke\n|poke|p1|Tyranitar, M|\n|poke|p1|Dragonite, F|\n|poke|p1|Salamence, F|\n|poke|p1|Hatterene, F|\n|poke|p1|Goodra, F|\n|poke|p1|Arcanine, M|\n|poke|p2|Hatterene, F|\n|poke|p2|Heatran, F|\n|poke|p2|Dragapult, M|\n|poke|p2|Zapdos|\n|poke|p2|Mamoswine, F|\n|poke|p2|Ogerpon-Wellspring, F|\n|teampreview\n|c|\u2606Noobster237|I loke your team\n|l|\u2606Noobster237\n|player|p2|\n|j|\u2606Noobster237\n|player|p2|Noobster237|266\n|c|\u2606Imanjoneser|Thanks!\n|c|\u2606Imanjoneser|I like the mamoswine and hat on yours!\n|\n|t:|1700068722\n|start\n|switch|p1a: Arcanine|Arcanine, M|100\/100\n|switch|p2a: Zapdos|Zapdos|100\/100\n|-ability|p1a: Arcanine|Intimidate|boost\n|-unboost|p2a: Zapdos|atk|1\n|turn|1\n|c|\u2606Noobster237|Ah thanks\n|\n|t:|1700068733\n|move|p2a: Zapdos|Volt Switch|p1a: Arcanine\n|-damage|p1a: Arcanine|53\/100\n|\n|t:|1700068736\n|switch|p2a: Ogerpon|Ogerpon-Wellspring, F|100\/100|[from] Volt Switch\n|move|p1a: Arcanine|Substitute|p1a: Arcanine\n|-start|p1a: Arcanine|Substitute\n|-damage|p1a: Arcanine|29\/100\n|\n|-heal|p1a: Arcanine|35\/100|[from] item: Leftovers\n|upkeep\n|turn|2\n|\n|t:|1700068744\n|move|p2a: Ogerpon|Ivy Cudgel|p1a: Arcanine|[anim] Ivy Cudgel Water\n|-supereffective|p1a: Arcanine\n|-end|p1a: Arcanine|Substitute\n|move|p1a: Arcanine|Will-O-Wisp|p2a: Ogerpon\n|-status|p2a: Ogerpon|brn\n|\n|-heal|p1a: Arcanine|41\/100|[from] item: Leftovers\n|-damage|p2a: Ogerpon|95\/100 brn|[from] brn\n|upkeep\n|turn|3\n|c|\u2606Imanjoneser|No problem man\n|\n|t:|1700068773\n|move|p2a: Ogerpon|Ivy Cudgel|p1a: Arcanine|[anim] Ivy Cudgel Water\n|-supereffective|p1a: Arcanine\n|-damage|p1a: Arcanine|0 fnt\n|faint|p1a: Arcanine\n|\n|-damage|p2a: Ogerpon|89\/100 brn|[from] brn\n|upkeep\n|\n|t:|1700068783\n|switch|p1a: Dragonite|Dragonite, F, shiny|100\/100\n|turn|4\n|\n|t:|1700068789\n|move|p2a: Ogerpon|Play Rough|p1a: Dragonite|[miss]\n|-miss|p2a: Ogerpon|p1a: Dragonite\n|move|p1a: Dragonite|Dragon Dance|p1a: Dragonite\n|-boost|p1a: Dragonite|atk|1\n|-boost|p1a: Dragonite|spe|1\n|\n|-damage|p2a: Ogerpon|83\/100 brn|[from] brn\n|upkeep\n|turn|5\n|\n|t:|1700068823\n|move|p1a: Dragonite|Dragon Dance|p1a: Dragonite\n|-boost|p1a: Dragonite|atk|1\n|-boost|p1a: Dragonite|spe|1\n|move|p2a: Ogerpon|Play Rough|p1a: Dragonite\n|-supereffective|p1a: Dragonite\n|-damage|p1a: Dragonite|78\/100\n|\n|-heal|p1a: Dragonite|84\/100|[from] item: Leftovers\n|-damage|p2a: Ogerpon|77\/100 brn|[from] brn\n|upkeep\n|turn|6\n|\n|t:|1700068832\n|move|p1a: Dragonite|Dragon Dance|p1a: Dragonite\n|-boost|p1a: Dragonite|atk|1\n|-boost|p1a: Dragonite|spe|1\n|move|p2a: Ogerpon|Play Rough|p1a: Dragonite\n|-supereffective|p1a: Dragonite\n|-damage|p1a: Dragonite|38\/100\n|\n|-heal|p1a: Dragonite|44\/100|[from] item: Leftovers\n|-damage|p2a: Ogerpon|71\/100 brn|[from] brn\n|upkeep\n|turn|7\n|\n|t:|1700068847\n|-terastallize|p1a: Dragonite|Water\n|move|p1a: Dragonite|Fire Punch|p2a: Ogerpon\n|-damage|p2a: Ogerpon|0 fnt\n|faint|p2a: Ogerpon\n|\n|-heal|p1a: Dragonite|50\/100|[from] item: Leftovers\n|upkeep\n|\n|t:|1700068858\n|switch|p2a: Mamoswine|Mamoswine, F|100\/100\n|turn|8\n|\n|t:|1700068870\n|move|p2a: Mamoswine|Ice Shard|p1a: Dragonite\n|-resisted|p1a: Dragonite\n|-damage|p1a: Dragonite|39\/100\n|move|p1a: Dragonite|Waterfall|p2a: Mamoswine\n|-supereffective|p2a: Mamoswine\n|-crit|p2a: Mamoswine\n|-enditem|p2a: Mamoswine|Focus Sash\n|-damage|p2a: Mamoswine|1\/100\n|\n|-heal|p1a: Dragonite|46\/100|[from] item: Leftovers\n|upkeep\n|turn|9\n|c|\u2606Noobster237|I am dead gg\n|\n|t:|1700068880\n|move|p2a: Mamoswine|Ice Shard|p1a: Dragonite\n|-resisted|p1a: Dragonite\n|-damage|p1a: Dragonite|34\/100\n|move|p1a: Dragonite|Fire Punch|p2a: Mamoswine\n|-supereffective|p2a: Mamoswine\n|-damage|p2a: Mamoswine|0 fnt\n|faint|p2a: Mamoswine\n|\n|-heal|p1a: Dragonite|41\/100|[from] item: Leftovers\n|upkeep\n|-message|Noobster237 forfeited.\n|\n|win|Imanjoneser\n|raw|Imanjoneser's rating: 1101 &rarr; <strong>1119<\/strong><br \/>(+18 for winning)\n|raw|Noobster237's rating: 1000 &rarr; <strong>1000<\/strong><br \/>(+0 for losing)\n|l|\u2606Noobster237\n|j|\u2606Noobster237\n|player|p2|Noobster237|266\n|c|\u2606Imanjoneser|Maybe not\n|c|\u2606Imanjoneser|Oh\n","uploadtime":1700068893,"views":6,"p1id":"imanjoneser","p2id":"noobster237","formatid":"gen9ou","rating":1000,"private":0,"password":""}