{"id":"gen9ou-1996716883","p1":"Crowvus","p2":"Atrix MJ","format":"[Gen 9] OU","log":"|j|\u2606Crowvus\n|j|\u2606Atrix MJ\n|t:|1700713764\n|gametype|singles\n|player|p1|Crowvus|gambler|1434\n|player|p2|Atrix MJ|sada-ai|1487\n|teamsize|p1|6\n|teamsize|p2|6\n|gen|9\n|tier|[Gen 9] OU\n|rated|\n|rule|Sleep Clause Mod: Limit one foe put to sleep\n|rule|Species Clause: Limit one of each Pok\u00e9mon\n|rule|OHKO Clause: OHKO moves are banned\n|rule|Evasion Items Clause: Evasion items are banned\n|rule|Evasion Moves Clause: Evasion moves are banned\n|rule|Endless Battle Clause: Forcing endless battles is banned\n|rule|HP Percentage Mod: HP is shown in percentages\n|clearpoke\n|poke|p1|Hawlucha, F|\n|poke|p1|Iron Valiant|\n|poke|p1|Heatran, M|\n|poke|p1|Ogerpon-Wellspring, F|\n|poke|p1|Dragapult, M|\n|poke|p1|Dragonite, M|\n|poke|p2|Tinkaton, F|\n|poke|p2|Rillaboom, M|\n|poke|p2|Zapdos|\n|poke|p2|Dragapult, M|\n|poke|p2|Samurott-Hisui, M|\n|poke|p2|Great Tusk|\n|teampreview\n|inactive|Battle timer is ON: inactive players will automatically lose when time's up. (requested by Atrix MJ)\n|\n|t:|1700713788\n|start\n|switch|p1a: Hawlucha|Hawlucha, F|100\/100\n|switch|p2a: Tinkaton|Tinkaton, F|100\/100\n|-ability|p1a: Hawlucha|Mold Breaker\n|turn|1\n|\n|t:|1700713796\n|move|p1a: Hawlucha|U-turn|p2a: Tinkaton\n|-resisted|p2a: Tinkaton\n|-damage|p2a: Tinkaton|94\/100\n|\n|t:|1700713798\n|switch|p1a: Heatran|Heatran, M|100\/100|[from] U-turn\n|move|p2a: Tinkaton|Play Rough|p1a: Heatran\n|-resisted|p1a: Heatran\n|-damage|p1a: Heatran|94\/100\n|\n|-heal|p1a: Heatran|100\/100|[from] item: Leftovers\n|upkeep\n|turn|2\n|\n|t:|1700713810\n|switch|p2a: Samurott|Samurott-Hisui, M|100\/100\n|move|p1a: Heatran|Magma Storm|p2a: Samurott\n|-resisted|p2a: Samurott\n|-damage|p2a: Samurott|61\/100\n|-activate|p2a: Samurott|move: Magma Storm|[of] p1a: Heatran\n|\n|-heal|p2a: Samurott|67\/100|[from] item: Leftovers\n|-damage|p2a: Samurott|54\/100|[from] move: Magma Storm|[partiallytrapped]\n|upkeep\n|turn|3\n|\n|t:|1700713818\n|move|p1a: Heatran|Protect|p1a: Heatran\n|-singleturn|p1a: Heatran|Protect\n|move|p2a: Samurott|Ceaseless Edge|p1a: Heatran\n|-activate|p1a: Heatran|move: Protect\n|\n|-heal|p2a: Samurott|61\/100|[from] item: Leftovers\n|-damage|p2a: Samurott|48\/100|[from] move: Magma Storm|[partiallytrapped]\n|upkeep\n|turn|4\n|\n|t:|1700713826\n|switch|p1a: Ogerpon|Ogerpon-Wellspring, F|100\/100\n|move|p2a: Samurott|Ceaseless Edge|p1a: Ogerpon\n|-damage|p1a: Ogerpon|32\/100\n|-sidestart|p1: Crowvus|Spikes\n|\n|-heal|p2a: Samurott|54\/100|[from] item: Leftovers\n|-end|p2a: Samurott|Magma Storm|[partiallytrapped]|[silent]\n|upkeep\n|turn|5\n|\n|t:|1700713829\n|move|p2a: Samurott|Sucker Punch|p1a: Ogerpon\n|-damage|p1a: Ogerpon|0 fnt\n|faint|p1a: Ogerpon\n|\n|-heal|p2a: Samurott|61\/100|[from] item: Leftovers\n|upkeep\n|\n|t:|1700713834\n|switch|p1a: Hawlucha|Hawlucha, F|100\/100\n|-ability|p1a: Hawlucha|Mold Breaker\n|turn|6\n|\n|t:|1700713841\n|switch|p2a: Zapdos|Zapdos|100\/100\n|move|p1a: Hawlucha|Defog|p2a: Zapdos\n|-unboost|p2a: Zapdos|evasion|1\n|-sideend|p1: Crowvus|Spikes|[from] move: Defog|[of] p1a: Hawlucha\n|\n|upkeep\n|turn|7\n|\n|t:|1700713844\n|switch|p1a: Heatran|Heatran, M|100\/100\n|move|p2a: Zapdos|Volt Switch|p1a: Heatran\n|-damage|p1a: Heatran|75\/100\n|\n|t:|1700713864\n|switch|p2a: Samurott|Samurott-Hisui, M|61\/100|[from] Volt Switch\n|\n|-heal|p2a: Samurott|67\/100|[from] item: Leftovers\n|-heal|p1a: Heatran|81\/100|[from] item: Leftovers\n|upkeep\n|turn|8\n|\n|t:|1700713867\n|move|p1a: Heatran|Protect|p1a: Heatran\n|-singleturn|p1a: Heatran|Protect\n|move|p2a: Samurott|Ceaseless Edge|p1a: Heatran\n|-activate|p1a: Heatran|move: Protect\n|\n|-heal|p2a: Samurott|73\/100|[from] item: Leftovers\n|-heal|p1a: Heatran|87\/100|[from] item: Leftovers\n|upkeep\n|turn|9\n|\n|t:|1700713871\n|move|p2a: Samurott|Ceaseless Edge|p1a: Heatran\n|-damage|p1a: Heatran|48\/100\n|-sidestart|p1: Crowvus|Spikes\n|move|p1a: Heatran|Magma Storm|p2a: Samurott\n|-resisted|p2a: Samurott\n|-damage|p2a: Samurott|35\/100\n|-activate|p2a: Samurott|move: Magma Storm|[of] p1a: Heatran\n|\n|-heal|p2a: Samurott|41\/100|[from] item: Leftovers\n|-heal|p1a: Heatran|54\/100|[from] item: Leftovers\n|-damage|p2a: Samurott|29\/100|[from] move: Magma Storm|[partiallytrapped]\n|upkeep\n|turn|10\n|\n|t:|1700713882\n|move|p1a: Heatran|Protect|p1a: Heatran\n|-singleturn|p1a: Heatran|Protect\n|move|p2a: Samurott|Swords Dance|p2a: Samurott\n|-boost|p2a: Samurott|atk|2\n|\n|-heal|p2a: Samurott|35\/100|[from] item: Leftovers\n|-heal|p1a: Heatran|60\/100|[from] item: Leftovers\n|-damage|p2a: Samurott|22\/100|[from] move: Magma Storm|[partiallytrapped]\n|upkeep\n|turn|11\n|\n|t:|1700713891\n|-terastallize|p1a: Heatran|Grass\n|move|p2a: Samurott|Flip Turn|p1a: Heatran\n|-resisted|p1a: Heatran\n|-damage|p1a: Heatran|33\/100\n|\n|t:|1700713919\n|switch|p2a: Zapdos|Zapdos|100\/100|[from] Flip Turn\n|move|p1a: Heatran|Earth Power|p2a: Zapdos\n|-immune|p2a: Zapdos\n|\n|-heal|p1a: Heatran|39\/100|[from] item: Leftovers\n|upkeep\n|turn|12\n|\n|t:|1700713922\n|move|p1a: Heatran|Protect|p1a: Heatran\n|-singleturn|p1a: Heatran|Protect\n|move|p2a: Zapdos|Hurricane|p1a: Heatran\n|-activate|p1a: Heatran|move: Protect\n|\n|-heal|p1a: Heatran|46\/100|[from] item: Leftovers\n|upkeep\n|turn|13\n|\n|t:|1700713929\n|move|p2a: Zapdos|Hurricane|p1a: Heatran\n|-supereffective|p1a: Heatran\n|-damage|p1a: Heatran|0 fnt\n|faint|p1a: Heatran\n|\n|upkeep\n|l|\u2606Crowvus\n|inactive|Crowvus disconnected and has a minute to reconnect!\n|player|p1|\n|j|\u2606Crowvus\n|inactive|Crowvus reconnected and has 130 seconds left.\n|player|p1|Crowvus|gambler\n|-message|Crowvus forfeited.\n|\n|win|Atrix MJ\n|raw|Crowvus's rating: 1434 &rarr; <strong>1417<\/strong><br \/>(-17 for losing)\n|raw|Atrix MJ's rating: 1487 &rarr; <strong>1504<\/strong><br \/>(+17 for winning)\n|l|\u2606Crowvus\n","uploadtime":1700713961,"views":4,"p1id":"crowvus","p2id":"atrixmj","formatid":"gen9ou","rating":1417,"private":0,"password":""}