{"id":"gen9ou-1990658449","p1":"mambroeru","p2":"PLAYB0I R0BBIE B","format":"[Gen 9] OU","log":"|j|\u2606mambroeru\n|j|\u2606PLAYB0I R0BBIE B\n|t:|1699989422\n|gametype|singles\n|player|p1|mambroeru|266|1252\n|player|p2|PLAYB0I R0BBIE B|eusine|1329\n|teamsize|p1|6\n|teamsize|p2|6\n|gen|9\n|tier|[Gen 9] OU\n|rated|\n|rule|Sleep Clause Mod: Limit one foe put to sleep\n|rule|Species Clause: Limit one of each Pok\u00e9mon\n|rule|OHKO Clause: OHKO moves are banned\n|rule|Evasion Items Clause: Evasion items are banned\n|rule|Evasion Moves Clause: Evasion moves are banned\n|rule|Endless Battle Clause: Forcing endless battles is banned\n|rule|HP Percentage Mod: HP is shown in percentages\n|clearpoke\n|poke|p1|Slowking-Galar, M|\n|poke|p1|Garganacl, M|\n|poke|p1|Great Tusk|\n|poke|p1|Ogerpon-Wellspring, F|\n|poke|p1|Samurott-Hisui, F|\n|poke|p1|Hatterene, F|\n|poke|p2|Meowscarada, F|\n|poke|p2|Thundurus-Therian, M|\n|poke|p2|Dragapult, F|\n|poke|p2|Heatran, F|\n|poke|p2|Great Tusk|\n|poke|p2|Iron Valiant|\n|teampreview\n|\n|t:|1699989429\n|start\n|switch|p1a: Samurott|Samurott-Hisui, F|100\/100\n|switch|p2a: SICKO MODE|Meowscarada, F|100\/100\n|turn|1\n|\n|t:|1699989436\n|move|p2a: SICKO MODE|U-turn|p1a: Samurott\n|-start|p2a: SICKO MODE|typechange|Bug|[from] ability: Protean\n|-supereffective|p1a: Samurott\n|-enditem|p1a: Samurott|Focus Sash\n|-damage|p1a: Samurott|1\/100\n|inactive|Battle timer is ON: inactive players will automatically lose when time's up. (requested by PLAYB0I R0BBIE B)\n|\n|t:|1699989446\n|switch|p2a: YOSEMITE|Great Tusk|100\/100|[from] U-turn\n|move|p1a: Samurott|Ceaseless Edge|p2a: YOSEMITE\n|-resisted|p2a: YOSEMITE\n|-damage|p2a: YOSEMITE|84\/100\n|-sidestart|p2: PLAYB0I R0BBIE B|Spikes\n|\n|upkeep\n|turn|2\n|\n|t:|1699989452\n|move|p2a: YOSEMITE|Rapid Spin|p1a: Samurott\n|-damage|p1a: Samurott|0 fnt\n|-boost|p2a: YOSEMITE|spe|1\n|-sideend|p2: PLAYB0I R0BBIE B|Spikes|[from] move: Rapid Spin|[of] p2a: YOSEMITE\n|faint|p1a: Samurott\n|\n|upkeep\n|\n|t:|1699989464\n|switch|p1a: Great Tusk|Great Tusk|100\/100\n|turn|3\n|\n|t:|1699989469\n|move|p2a: YOSEMITE|Ice Spinner|p1a: Great Tusk\n|-supereffective|p1a: Great Tusk\n|-damage|p1a: Great Tusk|73\/100\n|move|p1a: Great Tusk|Knock Off|p2a: YOSEMITE\n|-resisted|p2a: YOSEMITE\n|-damage|p2a: YOSEMITE|75\/100\n|-enditem|p2a: YOSEMITE|Heavy-Duty Boots|[from] move: Knock Off|[of] p1a: Great Tusk\n|\n|-heal|p1a: Great Tusk|79\/100|[from] item: Leftovers\n|upkeep\n|turn|4\n|\n|t:|1699989477\n|move|p2a: YOSEMITE|Ice Spinner|p1a: Great Tusk\n|-supereffective|p1a: Great Tusk\n|-damage|p1a: Great Tusk|50\/100\n|move|p1a: Great Tusk|Bulk Up|p1a: Great Tusk\n|-boost|p1a: Great Tusk|atk|1\n|-boost|p1a: Great Tusk|def|1\n|\n|-heal|p1a: Great Tusk|56\/100|[from] item: Leftovers\n|upkeep\n|turn|5\n|\n|t:|1699989484\n|move|p2a: YOSEMITE|Ice Spinner|p1a: Great Tusk\n|-supereffective|p1a: Great Tusk\n|-damage|p1a: Great Tusk|36\/100\n|move|p1a: Great Tusk|Rapid Spin|p2a: YOSEMITE\n|-damage|p2a: YOSEMITE|60\/100\n|-boost|p1a: Great Tusk|spe|1\n|\n|-heal|p1a: Great Tusk|42\/100|[from] item: Leftovers\n|upkeep\n|turn|6\n|\n|t:|1699989489\n|move|p2a: YOSEMITE|Ice Spinner|p1a: Great Tusk\n|-supereffective|p1a: Great Tusk\n|-damage|p1a: Great Tusk|23\/100\n|move|p1a: Great Tusk|Rapid Spin|p2a: YOSEMITE\n|-damage|p2a: YOSEMITE|44\/100\n|-boost|p1a: Great Tusk|spe|1\n|\n|-heal|p1a: Great Tusk|30\/100|[from] item: Leftovers\n|upkeep\n|turn|7\n|\n|t:|1699989497\n|move|p1a: Great Tusk|Rapid Spin|p2a: YOSEMITE\n|-damage|p2a: YOSEMITE|27\/100\n|-boost|p1a: Great Tusk|spe|1\n|move|p2a: YOSEMITE|Ice Spinner|p1a: Great Tusk\n|-supereffective|p1a: Great Tusk\n|-damage|p1a: Great Tusk|8\/100\n|\n|-heal|p1a: Great Tusk|15\/100|[from] item: Leftovers\n|upkeep\n|turn|8\n|\n|t:|1699989507\n|move|p1a: Great Tusk|Bulk Up|p1a: Great Tusk\n|-boost|p1a: Great Tusk|atk|1\n|-boost|p1a: Great Tusk|def|1\n|move|p2a: YOSEMITE|Ice Spinner|p1a: Great Tusk\n|-supereffective|p1a: Great Tusk\n|-damage|p1a: Great Tusk|1\/100\n|\n|-heal|p1a: Great Tusk|7\/100|[from] item: Leftovers\n|upkeep\n|turn|9\n|\n|t:|1699989513\n|move|p1a: Great Tusk|Earthquake|p2a: YOSEMITE\n|-damage|p2a: YOSEMITE|0 fnt\n|faint|p2a: YOSEMITE\n|-end|p2a: YOSEMITE|Protosynthesis|[silent]\n|\n|-heal|p1a: Great Tusk|13\/100|[from] item: Leftovers\n|upkeep\n|\n|t:|1699989519\n|switch|p2a: 5% TINT|Heatran, F|100\/100\n|-item|p2a: 5% TINT|Air Balloon\n|turn|10\n|\n|t:|1699989526\n|move|p1a: Great Tusk|Knock Off|p2a: 5% TINT\n|-crit|p2a: 5% TINT\n|-damage|p2a: 5% TINT|26\/100\n|-enditem|p2a: 5% TINT|Air Balloon\n|move|p2a: 5% TINT|Earth Power|p1a: Great Tusk\n|-damage|p1a: Great Tusk|0 fnt\n|faint|p1a: Great Tusk\n|-end|p1a: Great Tusk|Protosynthesis|[silent]\n|\n|upkeep\n|\n|t:|1699989534\n|switch|p1a: Ogerpon|Ogerpon-Wellspring, F|100\/100\n|turn|11\n|\n|t:|1699989541\n|switch|p2a: NO BYSTANDERS|Dragapult, F|100\/100\n|move|p1a: Ogerpon|Ivy Cudgel|p2a: NO BYSTANDERS|[anim] Ivy Cudgel Water\n|-resisted|p2a: NO BYSTANDERS\n|-damage|p2a: NO BYSTANDERS|53\/100\n|\n|upkeep\n|turn|12\n|\n|t:|1699989547\n|switch|p1a: Garganacl|Garganacl, M|100\/100\n|move|p2a: NO BYSTANDERS|U-turn|p1a: Garganacl\n|-damage|p1a: Garganacl|88\/100\n|\n|t:|1699989549\n|switch|p2a: SICKO MODE|Meowscarada, F|100\/100|[from] U-turn\n|\n|-heal|p1a: Garganacl|94\/100|[from] item: Leftovers\n|upkeep\n|turn|13\n|\n|t:|1699989557\n|-terastallize|p2a: SICKO MODE|Grass\n|move|p1a: Garganacl|Protect|p1a: Garganacl\n|-singleturn|p1a: Garganacl|Protect\n|move|p2a: SICKO MODE|Flower Trick|p1a: Garganacl\n|-activate|p1a: Garganacl|move: Protect\n|\n|-heal|p1a: Garganacl|99\/100|[from] item: Leftovers\n|upkeep\n|turn|14\n|\n|t:|1699989568\n|switch|p2a: 5% TINT|Heatran, F|26\/100\n|switch|p1a: Slowking|Slowking-Galar, M|100\/100\n|\n|upkeep\n|turn|15\n|\n|t:|1699989577\n|switch|p1a: Ogerpon|Ogerpon-Wellspring, F|100\/100\n|move|p2a: 5% TINT|Taunt|p1a: Ogerpon\n|-start|p1a: Ogerpon|move: Taunt\n|\n|upkeep\n|turn|16\n|\n|t:|1699989581\n|move|p1a: Ogerpon|Trailblaze|p2a: 5% TINT\n|-resisted|p2a: 5% TINT\n|-damage|p2a: 5% TINT|19\/100\n|-boost|p1a: Ogerpon|spe|1\n|move|p2a: 5% TINT|Magma Storm|p1a: Ogerpon\n|-damage|p1a: Ogerpon|36\/100\n|-activate|p1a: Ogerpon|move: Magma Storm|[of] p2a: 5% TINT\n|\n|-damage|p1a: Ogerpon|23\/100|[from] move: Magma Storm|[partiallytrapped]\n|upkeep\n|turn|17\n|\n|t:|1699989587\n|move|p1a: Ogerpon|Ivy Cudgel|p2a: 5% TINT|[anim] Ivy Cudgel Water\n|-supereffective|p2a: 5% TINT\n|-damage|p2a: 5% TINT|0 fnt\n|faint|p2a: 5% TINT\n|\n|-end|p1a: Ogerpon|Magma Storm|[partiallytrapped]|[silent]\n|-end|p1a: Ogerpon|move: Taunt\n|upkeep\n|\n|t:|1699989589\n|switch|p2a: ASTROTHUNDER|Thundurus-Therian, M|100\/100\n|turn|18\n|\n|t:|1699989598\n|-terastallize|p1a: Ogerpon|Water\n|detailschange|p1a: Ogerpon|Ogerpon-Wellspring-Tera, F, tera:Water\n|-ability|p1a: Ogerpon|Embody Aspect (Wellspring)|boost\n|-boost|p1a: Ogerpon|spd|1\n|move|p1a: Ogerpon|Ivy Cudgel|p2a: ASTROTHUNDER|[anim] Ivy Cudgel Water\n|-damage|p2a: ASTROTHUNDER|0 fnt\n|faint|p2a: ASTROTHUNDER\n|\n|upkeep\n|\n|t:|1699989604\n|switch|p2a: SICKO MODE|Meowscarada, F, tera:Grass|100\/100\n|turn|19\n|\n|t:|1699989613\n|move|p1a: Ogerpon|Ivy Cudgel|p2a: SICKO MODE|[anim] Ivy Cudgel Water\n|-resisted|p2a: SICKO MODE\n|-damage|p2a: SICKO MODE|34\/100\n|move|p2a: SICKO MODE|Flower Trick|p1a: Ogerpon\n|-supereffective|p1a: Ogerpon\n|-crit|p1a: Ogerpon\n|-damage|p1a: Ogerpon|0 fnt\n|faint|p1a: Ogerpon\n|\n|upkeep\n|\n|t:|1699989617\n|switch|p1a: Slowking|Slowking-Galar, M|100\/100\n|turn|20\n|\n|t:|1699989620\n|switch|p2a: NO BYSTANDERS|Dragapult, F|53\/100\n|move|p1a: Slowking|Future Sight|p2a: NO BYSTANDERS\n|-start|p1a: Slowking|move: Future Sight\n|\n|upkeep\n|turn|21\n|\n|t:|1699989630\n|move|p2a: NO BYSTANDERS|Thunder Wave|p1a: Slowking\n|-status|p1a: Slowking|par\n|move|p1a: Slowking|Thunder Wave|p2a: NO BYSTANDERS\n|-status|p2a: NO BYSTANDERS|par\n|\n|upkeep\n|turn|22\n|\n|t:|1699989635\n|move|p2a: NO BYSTANDERS|Hex|p1a: Slowking\n|-supereffective|p1a: Slowking\n|-damage|p1a: Slowking|39\/100 par\n|move|p1a: Slowking|Chilly Reception|p1a: Slowking\n|-weather|Snow\n|\n|t:|1699989640\n|switch|p1a: Garganacl|Garganacl, M|99\/100|[from] Chilly Reception\n|\n|-weather|Snow|[upkeep]\n|-end|p2a: NO BYSTANDERS|move: Future Sight\n|-crit|p2a: NO BYSTANDERS\n|-damage|p2a: NO BYSTANDERS|0 fnt\n|faint|p2a: NO BYSTANDERS\n|-heal|p1a: Garganacl|100\/100|[from] item: Leftovers\n|upkeep\n|\n|t:|1699989648\n|switch|p2a: NC-17|Iron Valiant|100\/100\n|-enditem|p2a: NC-17|Booster Energy\n|-activate|p2a: NC-17|ability: Quark Drive|[fromitem]\n|-start|p2a: NC-17|quarkdrivespe\n|turn|23\n|\n|t:|1699989652\n|move|p2a: NC-17|Calm Mind|p2a: NC-17\n|-boost|p2a: NC-17|spa|1\n|-boost|p2a: NC-17|spd|1\n|move|p1a: Garganacl|Salt Cure|p2a: NC-17\n|-resisted|p2a: NC-17\n|-damage|p2a: NC-17|92\/100\n|-start|p2a: NC-17|Salt Cure\n|\n|-weather|Snow|[upkeep]\n|-damage|p2a: NC-17|79\/100|[from] Salt Cure\n|upkeep\n|turn|24\n|\n|t:|1699989657\n|switch|p1a: Hatterene|Hatterene, F|100\/100\n|move|p2a: NC-17|Calm Mind|p2a: NC-17\n|-boost|p2a: NC-17|spa|1\n|-boost|p2a: NC-17|spd|1\n|\n|-weather|Snow|[upkeep]\n|-damage|p2a: NC-17|67\/100|[from] Salt Cure\n|upkeep\n|turn|25\n|\n|t:|1699989662\n|move|p2a: NC-17|Shadow Ball|p1a: Hatterene\n|-supereffective|p1a: Hatterene\n|-damage|p1a: Hatterene|0 fnt\n|faint|p1a: Hatterene\n|\n|-weather|Snow|[upkeep]\n|-damage|p2a: NC-17|55\/100|[from] Salt Cure\n|upkeep\n|\n|t:|1699989666\n|switch|p1a: Garganacl|Garganacl, M|100\/100\n|turn|26\n|\n|t:|1699989670\n|move|p2a: NC-17|Moonblast|p1a: Garganacl\n|-damage|p1a: Garganacl|36\/100\n|move|p1a: Garganacl|Recover|p1a: Garganacl\n|-heal|p1a: Garganacl|86\/100\n|\n|-weather|none\n|-heal|p1a: Garganacl|92\/100|[from] item: Leftovers\n|-damage|p2a: NC-17|42\/100|[from] Salt Cure\n|upkeep\n|turn|27\n|\n|t:|1699989677\n|move|p2a: NC-17|Calm Mind|p2a: NC-17\n|-boost|p2a: NC-17|spa|1\n|-boost|p2a: NC-17|spd|1\n|move|p1a: Garganacl|Salt Cure|p2a: NC-17\n|-resisted|p2a: NC-17\n|-damage|p2a: NC-17|33\/100\n|\n|-heal|p1a: Garganacl|98\/100|[from] item: Leftovers\n|-damage|p2a: NC-17|21\/100|[from] Salt Cure\n|upkeep\n|turn|28\n|\n|t:|1699989680\n|move|p2a: NC-17|Moonblast|p1a: Garganacl\n|-damage|p1a: Garganacl|28\/100\n|-unboost|p1a: Garganacl|spa|1\n|move|p1a: Garganacl|Recover|p1a: Garganacl\n|-heal|p1a: Garganacl|78\/100\n|\n|-heal|p1a: Garganacl|85\/100|[from] item: Leftovers\n|-damage|p2a: NC-17|8\/100|[from] Salt Cure\n|upkeep\n|turn|29\n|\n|t:|1699989685\n|move|p1a: Garganacl|Protect|p1a: Garganacl\n|-singleturn|p1a: Garganacl|Protect\n|move|p2a: NC-17|Moonblast|p1a: Garganacl\n|-activate|p1a: Garganacl|move: Protect\n|\n|-heal|p1a: Garganacl|91\/100|[from] item: Leftovers\n|-damage|p2a: NC-17|0 fnt|[from] Salt Cure\n|faint|p2a: NC-17\n|-end|p2a: NC-17|Quark Drive|[silent]\n|upkeep\n|\n|t:|1699989687\n|switch|p2a: SICKO MODE|Meowscarada, F, tera:Grass|34\/100\n|turn|30\n|\n|t:|1699989695\n|move|p2a: SICKO MODE|Flower Trick|p1a: Garganacl\n|-supereffective|p1a: Garganacl\n|-crit|p1a: Garganacl\n|-damage|p1a: Garganacl|0 fnt\n|faint|p1a: Garganacl\n|\n|upkeep\n|\n|t:|1699989699\n|switch|p1a: Slowking|Slowking-Galar, M|72\/100 par\n|turn|31\n|\n|t:|1699989701\n|move|p2a: SICKO MODE|Flower Trick|p1a: Slowking\n|-resisted|p1a: Slowking\n|-crit|p1a: Slowking\n|-damage|p1a: Slowking|25\/100 par\n|move|p1a: Slowking|Sludge Bomb|p2a: SICKO MODE\n|-supereffective|p2a: SICKO MODE\n|-damage|p2a: SICKO MODE|0 fnt\n|faint|p2a: SICKO MODE\n|\n|win|mambroeru\n|raw|mambroeru's rating: 1252 &rarr; <strong>1282<\/strong><br \/>(+30 for winning)\n|raw|PLAYB0I R0BBIE B's rating: 1329 &rarr; <strong>1305<\/strong><br \/>(-24 for losing)\n","uploadtime":1699989710,"views":7,"p1id":"mambroeru","p2id":"playb0ir0bbieb","formatid":"gen9ou","rating":1282,"private":0,"password":""}