{"id":"gen9ou-1994547148","p1":"superiax","p2":"PinkPantera","format":"[Gen 9] OU","log":"|j|\u2606superiax\n|j|\u2606PinkPantera\n|t:|1700457788\n|gametype|singles\n|player|p1|superiax|whitney|1197\n|player|p2|PinkPantera|musician-gen9|1188\n|teamsize|p1|6\n|teamsize|p2|6\n|gen|9\n|tier|[Gen 9] OU\n|rated|\n|rule|Sleep Clause Mod: Limit one foe put to sleep\n|rule|Species Clause: Limit one of each Pok\u00e9mon\n|rule|OHKO Clause: OHKO moves are banned\n|rule|Evasion Items Clause: Evasion items are banned\n|rule|Evasion Moves Clause: Evasion moves are banned\n|rule|Endless Battle Clause: Forcing endless battles is banned\n|rule|HP Percentage Mod: HP is shown in percentages\n|clearpoke\n|poke|p1|Kingambit, M|\n|poke|p1|Ninetales-Alola, F|\n|poke|p1|Iron Moth|\n|poke|p1|Cinderace, M|\n|poke|p1|Gholdengo|\n|poke|p1|Ogerpon-Wellspring, F|\n|poke|p2|Moltres-Galar|\n|poke|p2|Blissey, F|\n|poke|p2|Gholdengo|\n|poke|p2|Ribombee, M|\n|poke|p2|Great Tusk|\n|poke|p2|Torkoal, F|\n|teampreview\n|inactive|Battle timer is ON: inactive players will automatically lose when time's up. (requested by superiax)\n|\n|t:|1700457798\n|start\n|switch|p1a: Flash|Cinderace, M, shiny|100\/100\n|switch|p2a: Winged Dragon Ra|Moltres-Galar, shiny|100\/100\n|turn|1\n|c|\u2606superiax|fire nickname\n|c|\u2606PinkPantera|thanks\n|\n|t:|1700457824\n|move|p1a: Flash|U-turn|p2a: Winged Dragon Ra\n|-start|p1a: Flash|typechange|Bug|[from] ability: Libero\n|-damage|p2a: Winged Dragon Ra|63\/100\n|\n|t:|1700457831\n|switch|p1a: Captain Cold|Ninetales-Alola, F, shiny|100\/100|[from] U-turn\n|-weather|Snow|[from] ability: Snow Warning|[of] p1a: Captain Cold\n|move|p2a: Winged Dragon Ra|Agility|p2a: Winged Dragon Ra\n|-boost|p2a: Winged Dragon Ra|spe|2\n|\n|-weather|Snow|[upkeep]\n|upkeep\n|turn|2\n|\n|t:|1700457843\n|move|p2a: Winged Dragon Ra|Fiery Wrath|p1a: Captain Cold\n|-resisted|p1a: Captain Cold\n|-damage|p1a: Captain Cold|80\/100\n|move|p1a: Captain Cold|Moonblast|p2a: Winged Dragon Ra\n|-supereffective|p2a: Winged Dragon Ra\n|-damage|p2a: Winged Dragon Ra|13\/100\n|-unboost|p2a: Winged Dragon Ra|spa|1\n|-ability|p2a: Winged Dragon Ra|Berserk|boost\n|-boost|p2a: Winged Dragon Ra|spa|1\n|-enditem|p2a: Winged Dragon Ra|Mago Berry|[eat]\n|-heal|p2a: Winged Dragon Ra|46\/100|[from] item: Mago Berry\n|\n|-weather|Snow|[upkeep]\n|upkeep\n|turn|3\n|\n|t:|1700457857\n|switch|p2a: Ms. Egghead|Blissey, F, shiny|100\/100\n|move|p1a: Captain Cold|Moonblast|p2a: Ms. Egghead\n|-damage|p2a: Ms. Egghead|93\/100\n|\n|-weather|Snow|[upkeep]\n|-heal|p2a: Ms. Egghead|99\/100|[from] item: Leftovers\n|upkeep\n|turn|4\n|\n|t:|1700457864\n|move|p1a: Captain Cold|Aurora Veil|p1a: Captain Cold\n|-sidestart|p1: superiax|move: Aurora Veil\n|move|p2a: Ms. Egghead|Substitute|p2a: Ms. Egghead\n|-start|p2a: Ms. Egghead|Substitute\n|-damage|p2a: Ms. Egghead|74\/100\n|\n|-weather|Snow|[upkeep]\n|-heal|p2a: Ms. Egghead|80\/100|[from] item: Leftovers\n|upkeep\n|turn|5\n|\n|t:|1700457872\n|switch|p1a: Golden Glider|Gholdengo|100\/100\n|move|p2a: Ms. Egghead|Thunder Wave|p1a: Golden Glider\n|-immune|p1a: Golden Glider|[from] ability: Good as Gold\n|\n|-weather|none\n|-heal|p2a: Ms. Egghead|86\/100|[from] item: Leftovers\n|upkeep\n|turn|6\n|\n|t:|1700457881\n|switch|p1a: Weather Wizard|Ogerpon-Wellspring, F|100\/100\n|switch|p2a: Torkoal|Torkoal, F, shiny|100\/100\n|-weather|SunnyDay|[from] ability: Drought|[of] p2a: Torkoal\n|\n|-weather|SunnyDay|[upkeep]\n|upkeep\n|turn|7\n|\n|t:|1700457906\n|move|p1a: Weather Wizard|Substitute|p1a: Weather Wizard\n|-start|p1a: Weather Wizard|Substitute\n|-damage|p1a: Weather Wizard|76\/100\n|move|p2a: Torkoal|Shell Smash|p2a: Torkoal\n|-unboost|p2a: Torkoal|def|1\n|-unboost|p2a: Torkoal|spd|1\n|-boost|p2a: Torkoal|atk|2\n|-boost|p2a: Torkoal|spa|2\n|-boost|p2a: Torkoal|spe|2\n|-enditem|p2a: Torkoal|White Herb\n|-clearnegativeboost|p2a: Torkoal|[silent]\n|\n|-weather|SunnyDay|[upkeep]\n|upkeep\n|turn|8\n|\n|t:|1700457919\n|move|p1a: Weather Wizard|Swords Dance|p1a: Weather Wizard\n|-boost|p1a: Weather Wizard|atk|2\n|move|p2a: Torkoal|Solar Beam||[still]\n|-prepare|p2a: Torkoal|Solar Beam\n|-anim|p2a: Torkoal|Solar Beam|p1a: Weather Wizard\n|-end|p1a: Weather Wizard|Substitute\n|\n|-weather|SunnyDay|[upkeep]\n|upkeep\n|turn|9\n|inactive|superiax has 120 seconds left.\n|\n|t:|1700457941\n|switch|p1a: Heatwave|Iron Moth, shiny|100\/100\n|-enditem|p1a: Heatwave|Booster Energy\n|-activate|p1a: Heatwave|ability: Quark Drive|[fromitem]\n|-start|p1a: Heatwave|quarkdrivespe\n|move|p2a: Torkoal|Fire Blast|p1a: Heatwave\n|-resisted|p1a: Heatwave\n|-damage|p1a: Heatwave|64\/100\n|\n|-weather|SunnyDay|[upkeep]\n|upkeep\n|turn|10\n|inactive|superiax has 120 seconds left.\n|\n|t:|1700457953\n|move|p1a: Heatwave|Sludge Wave|p2a: Torkoal\n|-damage|p2a: Torkoal|20\/100\n|move|p2a: Torkoal|Fire Blast|p1a: Heatwave\n|-resisted|p1a: Heatwave\n|-damage|p1a: Heatwave|29\/100\n|\n|-weather|none\n|upkeep\n|turn|11\n|\n|t:|1700457960\n|switch|p2a: Bong Marley|Gholdengo, shiny|100\/100\n|move|p1a: Heatwave|Fiery Dance|p2a: Bong Marley\n|-supereffective|p2a: Bong Marley\n|-damage|p2a: Bong Marley|0 fnt\n|-boost|p1a: Heatwave|spa|1\n|faint|p2a: Bong Marley\n|\n|-sideend|p1: superiax|move: Aurora Veil\n|upkeep\n|-message|PinkPantera forfeited.\n|\n|win|superiax\n|raw|superiax's rating: 1197 &rarr; <strong>1221<\/strong><br \/>(+24 for winning)\n|raw|PinkPantera's rating: 1188 &rarr; <strong>1164<\/strong><br \/>(-24 for losing)\n|l|\u2606PinkPantera\n","uploadtime":1700457972,"views":10,"p1id":"superiax","p2id":"pinkpantera","formatid":"gen9ou","rating":1164,"private":0,"password":""}