{"id":"gen9ou-1999526929","p1":"Skaraptor2.1","p2":"vibuma","format":"[Gen 9] OU","log":"|j|\u2606Skaraptor2.1\n|j|\u2606vibuma\n|t:|1701092677\n|gametype|singles\n|player|p1|Skaraptor2.1|bodybuilderf-gen9|1362\n|player|p2|vibuma|bugcatcher-gen4dp|1324\n|teamsize|p1|6\n|teamsize|p2|6\n|gen|9\n|tier|[Gen 9] OU\n|rated|\n|rule|Sleep Clause Mod: Limit one foe put to sleep\n|rule|Species Clause: Limit one of each Pok\u00e9mon\n|rule|OHKO Clause: OHKO moves are banned\n|rule|Evasion Items Clause: Evasion items are banned\n|rule|Evasion Moves Clause: Evasion moves are banned\n|rule|Endless Battle Clause: Forcing endless battles is banned\n|rule|HP Percentage Mod: HP is shown in percentages\n|clearpoke\n|poke|p1|Ribombee, M|\n|poke|p1|Ogerpon-Wellspring, F|\n|poke|p1|Cinderace, M|\n|poke|p1|Zamazenta-*|\n|poke|p1|Iron Valiant|\n|poke|p1|Kingambit, F|\n|poke|p2|Samurott-Hisui, F|\n|poke|p2|Gholdengo|\n|poke|p2|Hatterene, F|\n|poke|p2|Great Tusk|\n|poke|p2|Kingambit, F|\n|poke|p2|Landorus-Therian, M|\n|teampreview\n|inactive|Battle timer is ON: inactive players will automatically lose when time's up. (requested by Skaraptor2.1)\n|\n|t:|1701092691\n|start\n|switch|p1a: Transfem|Ogerpon-Wellspring, F|100\/100\n|switch|p2a: Landorus|Landorus-Therian, M|100\/100\n|-ability|p2a: Landorus|Intimidate|boost\n|-unboost|p1a: Transfem|atk|1\n|turn|1\n|\n|t:|1701092695\n|-terastallize|p2a: Landorus|Water\n|move|p1a: Transfem|Knock Off|p2a: Landorus\n|-damage|p2a: Landorus|82\/100\n|-damage|p1a: Transfem|84\/100|[from] item: Rocky Helmet|[of] p2a: Landorus\n|-enditem|p2a: Landorus|Rocky Helmet|[from] move: Knock Off|[of] p1a: Transfem\n|move|p2a: Landorus|U-turn|p1a: Transfem\n|-supereffective|p1a: Transfem\n|-damage|p1a: Transfem|23\/100\n|\n|t:|1701092711\n|switch|p2a: Samurott|Samurott-Hisui, F|100\/100|[from] U-turn\n|\n|upkeep\n|turn|2\n|\n|t:|1701092713\n|move|p2a: Samurott|Ceaseless Edge|p1a: Transfem\n|-damage|p1a: Transfem|0 fnt\n|-sidestart|p1: Skaraptor2.1|Spikes\n|faint|p1a: Transfem\n|\n|upkeep\n|\n|t:|1701092717\n|switch|p1a: Bigender|Iron Valiant|100\/100\n|-damage|p1a: Bigender|88\/100|[from] Spikes\n|-enditem|p1a: Bigender|Booster Energy\n|-activate|p1a: Bigender|ability: Quark Drive|[fromitem]\n|-start|p1a: Bigender|quarkdrivespe\n|turn|3\n|inactive|vibuma has 120 seconds left.\n|\n|t:|1701092767\n|switch|p2a: Landorus|Landorus-Therian, M, tera:Water|82\/100\n|-ability|p2a: Landorus|Intimidate|boost\n|-unboost|p1a: Bigender|atk|1\n|move|p1a: Bigender|Moonblast|p2a: Landorus\n|-damage|p2a: Landorus|30\/100\n|\n|upkeep\n|turn|4\n|\n|t:|1701092775\n|move|p1a: Bigender|Moonblast|p2a: Landorus\n|-damage|p2a: Landorus|0 fnt\n|faint|p2a: Landorus\n|\n|upkeep\n|\n|t:|1701092778\n|switch|p2a: Hatterene|Hatterene, F|100\/100\n|turn|5\n|\n|t:|1701092782\n|move|p1a: Bigender|Thunderbolt|p2a: Hatterene\n|-damage|p2a: Hatterene|72\/100\n|move|p2a: Hatterene|Mystical Fire|p1a: Bigender\n|-damage|p1a: Bigender|47\/100\n|-unboost|p1a: Bigender|spa|1\n|\n|-heal|p2a: Hatterene|78\/100|[from] item: Leftovers\n|upkeep\n|turn|6\n|inactive|vibuma has 120 seconds left.\n|\n|t:|1701092797\n|move|p1a: Bigender|Calm Mind|p1a: Bigender\n|-boost|p1a: Bigender|spa|1\n|-boost|p1a: Bigender|spd|1\n|move|p2a: Hatterene|Psyshock|p1a: Bigender\n|-supereffective|p1a: Bigender\n|-damage|p1a: Bigender|0 fnt\n|faint|p1a: Bigender\n|-end|p1a: Bigender|Quark Drive|[silent]\n|\n|-heal|p2a: Hatterene|84\/100|[from] item: Leftovers\n|upkeep\n|\n|t:|1701092802\n|switch|p1a: Queengambit|Kingambit, F|100\/100\n|-damage|p1a: Queengambit|88\/100|[from] Spikes\n|-activate|p1a: Queengambit|ability: Supreme Overlord\n|-start|p1a: Queengambit|fallen2|[silent]\n|turn|7\n|\n|t:|1701092808\n|switch|p2a: Great Tusk|Great Tusk|100\/100\n|move|p1a: Queengambit|Iron Head|p2a: Great Tusk\n|-damage|p2a: Great Tusk|57\/100\n|\n|-heal|p1a: Queengambit|94\/100|[from] item: Leftovers\n|upkeep\n|turn|8\n|\n|t:|1701092814\n|-terastallize|p1a: Queengambit|Fairy\n|move|p2a: Great Tusk|Rapid Spin|p1a: Queengambit\n|-damage|p1a: Queengambit|81\/100\n|-boost|p2a: Great Tusk|spe|1\n|move|p1a: Queengambit|Low Kick|p2a: Great Tusk\n|-damage|p2a: Great Tusk|16\/100\n|\n|-heal|p1a: Queengambit|88\/100|[from] item: Leftovers\n|upkeep\n|turn|9\n|\n|t:|1701092821\n|move|p1a: Queengambit|Sucker Punch|p2a: Great Tusk\n|-resisted|p2a: Great Tusk\n|-damage|p2a: Great Tusk|0 fnt\n|faint|p2a: Great Tusk\n|-end|p2a: Great Tusk|Protosynthesis|[silent]\n|\n|-heal|p1a: Queengambit|94\/100|[from] item: Leftovers\n|upkeep\n|\n|t:|1701092829\n|switch|p2a: Gholdengo|Gholdengo|100\/100\n|-item|p2a: Gholdengo|Air Balloon\n|turn|10\n|\n|t:|1701092835\n|move|p2a: Gholdengo|Nasty Plot|p2a: Gholdengo\n|-boost|p2a: Gholdengo|spa|2\n|move|p1a: Queengambit|Iron Head|p2a: Gholdengo\n|-resisted|p2a: Gholdengo\n|-damage|p2a: Gholdengo|69\/100\n|-enditem|p2a: Gholdengo|Air Balloon\n|\n|-heal|p1a: Queengambit|99\/100|[from] item: Leftovers\n|upkeep\n|turn|11\n|\n|t:|1701092845\n|move|p2a: Gholdengo|Make It Rain|p1a: Queengambit\n|-supereffective|p1a: Queengambit\n|-damage|p1a: Queengambit|0 fnt\n|-unboost|p2a: Gholdengo|spa|1\n|faint|p1a: Queengambit\n|-end|p1a: Queengambit|fallen2|[silent]\n|\n|upkeep\n|\n|t:|1701092849\n|switch|p1a: Twink again|Cinderace, M|100\/100\n|turn|12\n|\n|t:|1701092865\n|move|p1a: Twink again|Court Change|p1a: Twink again\n|-start|p1a: Twink again|typechange|Normal|[from] ability: Libero\n|-swapsideconditions\n|-activate|p1a: Twink again|move: Court Change\n|move|p2a: Gholdengo|Shadow Ball|p1a: Twink again\n|-immune|p1a: Twink again\n|\n|upkeep\n|turn|13\n|\n|t:|1701092869\n|move|p1a: Twink again|Pyro Ball|p2a: Gholdengo\n|-supereffective|p2a: Gholdengo\n|-damage|p2a: Gholdengo|0 fnt\n|faint|p2a: Gholdengo\n|\n|upkeep\n|\n|t:|1701092883\n|switch|p2a: Hatterene|Hatterene, F|84\/100\n|-damage|p2a: Hatterene|71\/100|[from] Spikes\n|turn|14\n|\n|t:|1701092891\n|move|p1a: Twink again|Pyro Ball|p2a: Hatterene\n|-damage|p2a: Hatterene|41\/100\n|move|p2a: Hatterene|Draining Kiss|p1a: Twink again\n|-damage|p1a: Twink again|70\/100\n|-heal|p2a: Hatterene|62\/100|[from] drain|[of] p1a: Twink again\n|\n|-heal|p2a: Hatterene|68\/100|[from] item: Leftovers\n|upkeep\n|turn|15\n|\n|t:|1701092898\n|move|p1a: Twink again|Pyro Ball|p2a: Hatterene\n|-damage|p2a: Hatterene|36\/100\n|move|p2a: Hatterene|Draining Kiss|p1a: Twink again\n|-crit|p1a: Twink again\n|-damage|p1a: Twink again|18\/100\n|-heal|p2a: Hatterene|73\/100|[from] drain|[of] p1a: Twink again\n|\n|-heal|p2a: Hatterene|79\/100|[from] item: Leftovers\n|upkeep\n|turn|16\n|\n|t:|1701092905\n|move|p1a: Twink again|Pyro Ball|p2a: Hatterene|[miss]\n|-miss|p1a: Twink again|p2a: Hatterene\n|move|p2a: Hatterene|Draining Kiss|p1a: Twink again\n|-damage|p1a: Twink again|0 fnt\n|-heal|p2a: Hatterene|92\/100|[from] drain|[of] p1a: Twink again\n|faint|p1a: Twink again\n|\n|-heal|p2a: Hatterene|98\/100|[from] item: Leftovers\n|upkeep\n|\n|t:|1701092908\n|switch|p1a: Twink|Ribombee, M|100\/100\n|turn|17\n|\n|t:|1701092910\n|move|p1a: Twink|Skill Swap|p2a: Hatterene\n|-activate|p1a: Twink|move: Skill Swap|Magic Bounce|Shield Dust|[of] p2a: Hatterene\n|move|p2a: Hatterene|Calm Mind|p2a: Hatterene\n|-boost|p2a: Hatterene|spa|1\n|-boost|p2a: Hatterene|spd|1\n|\n|-heal|p2a: Hatterene|100\/100|[from] item: Leftovers\n|upkeep\n|turn|18\n|\n|t:|1701092918\n|move|p1a: Twink|Sticky Web|p2a: Hatterene\n|-sidestart|p2: vibuma|move: Sticky Web\n|move|p2a: Hatterene|Mystical Fire|p1a: Twink\n|-supereffective|p1a: Twink\n|-damage|p1a: Twink|1\/100\n|-unboost|p1a: Twink|spa|1\n|\n|upkeep\n|turn|19\n|\n|t:|1701092923\n|move|p1a: Twink|Stun Spore|p2a: Hatterene|[miss]\n|-miss|p1a: Twink|p2a: Hatterene\n|move|p2a: Hatterene|Mystical Fire|p1a: Twink\n|-supereffective|p1a: Twink\n|-damage|p1a: Twink|0 fnt\n|faint|p1a: Twink\n|\n|upkeep\n|\n|t:|1701092925\n|switch|p1a: Defender of Trans|Zamazenta, shiny|100\/100\n|-ability|p1a: Defender of Trans|Dauntless Shield|boost\n|-boost|p1a: Defender of Trans|def|1\n|turn|20\n|\n|t:|1701092932\n|move|p1a: Defender of Trans|Heavy Slam|p2a: Hatterene\n|-supereffective|p2a: Hatterene\n|-damage|p2a: Hatterene|51\/100\n|move|p2a: Hatterene|Draining Kiss|p1a: Defender of Trans\n|-supereffective|p1a: Defender of Trans\n|-damage|p1a: Defender of Trans|48\/100\n|-heal|p2a: Hatterene|99\/100|[from] drain|[of] p1a: Defender of Trans\n|\n|-heal|p1a: Defender of Trans|54\/100|[from] item: Leftovers\n|-heal|p2a: Hatterene|100\/100|[from] item: Leftovers\n|upkeep\n|turn|21\n|\n|t:|1701092935\n|move|p1a: Defender of Trans|Heavy Slam|p2a: Hatterene\n|-supereffective|p2a: Hatterene\n|-damage|p2a: Hatterene|50\/100\n|move|p2a: Hatterene|Draining Kiss|p1a: Defender of Trans\n|-supereffective|p1a: Defender of Trans\n|-damage|p1a: Defender of Trans|0 fnt\n|-heal|p2a: Hatterene|99\/100|[from] drain|[of] p1a: Defender of Trans\n|faint|p1a: Defender of Trans\n|\n|win|vibuma\n|raw|Skaraptor2.1's rating: 1362 &rarr; <strong>1340<\/strong><br \/>(-22 for losing)\n|raw|vibuma's rating: 1324 &rarr; <strong>1346<\/strong><br \/>(+22 for winning)\n","uploadtime":1701092939,"views":2,"p1id":"skaraptor21","p2id":"vibuma","formatid":"gen9ou","rating":1340,"private":0,"password":""}