{"id":"gen9ou-1989019633","p1":"Fauda","p2":"theelitefourlarry","format":"[Gen 9] OU","log":"|j|\u2606Fauda\n|j|\u2606theelitefourlarry\n|t:|1699802962\n|gametype|singles\n|player|p1|Fauda|battlegirl-gen4|1504\n|player|p2|theelitefourlarry|101|1525\n|teamsize|p1|6\n|teamsize|p2|6\n|gen|9\n|tier|[Gen 9] OU\n|rated|\n|rule|Sleep Clause Mod: Limit one foe put to sleep\n|rule|Species Clause: Limit one of each Pok\u00e9mon\n|rule|OHKO Clause: OHKO moves are banned\n|rule|Evasion Items Clause: Evasion items are banned\n|rule|Evasion Moves Clause: Evasion moves are banned\n|rule|Endless Battle Clause: Forcing endless battles is banned\n|rule|HP Percentage Mod: HP is shown in percentages\n|clearpoke\n|poke|p1|Arcanine-Hisui, M|\n|poke|p1|Landorus-Therian, M|\n|poke|p1|Corviknight, M|\n|poke|p1|Ogerpon-Wellspring, F|\n|poke|p1|Thundurus-Therian, M|\n|poke|p1|Garchomp, F|\n|poke|p2|Dragapult, F|\n|poke|p2|Kingambit, F|\n|poke|p2|Zapdos|\n|poke|p2|Weezing-Galar, F|\n|poke|p2|Ogerpon-Wellspring, F|\n|poke|p2|Great Tusk|\n|teampreview\n|inactive|Battle timer is ON: inactive players will automatically lose when time's up. (requested by theelitefourlarry)\n|\n|t:|1699802975\n|start\n|switch|p1a: Arcanine|Arcanine-Hisui, M|100\/100\n|switch|p2a: Ogerpon|Ogerpon-Wellspring, F|100\/100\n|turn|1\n|\n|t:|1699802980\n|switch|p1a: Corviknight|Corviknight, M, shiny|100\/100\n|-ability|p1a: Corviknight|Pressure\n|move|p2a: Ogerpon|Ivy Cudgel|p1a: Corviknight\n|-damage|p1a: Corviknight|63\/100\n|\n|upkeep\n|turn|2\n|\n|t:|1699802984\n|switch|p2a: Zapdos|Zapdos|100\/100\n|move|p1a: Corviknight|U-turn|p2a: Zapdos\n|-resisted|p2a: Zapdos\n|-damage|p2a: Zapdos|94\/100\n|\n|t:|1699802993\n|switch|p1a: Thundurus|Thundurus-Therian, M|100\/100|[from] U-turn\n|\n|upkeep\n|turn|3\n|\n|t:|1699802999\n|-terastallize|p1a: Thundurus|Ice\n|move|p1a: Thundurus|Tera Blast|p2a: Zapdos|[anim] Tera Blast Ice\n|-supereffective|p2a: Zapdos\n|-damage|p2a: Zapdos|28\/100\n|move|p2a: Zapdos|Roost|p2a: Zapdos\n|-heal|p2a: Zapdos|78\/100\n|-singleturn|p2a: Zapdos|move: Roost\n|\n|upkeep\n|turn|4\n|\n|t:|1699803007\n|switch|p2a: Kingambit|Kingambit, F|100\/100\n|move|p1a: Thundurus|Thunderbolt|p2a: Kingambit\n|-damage|p2a: Kingambit|49\/100\n|\n|-heal|p2a: Kingambit|55\/100|[from] item: Leftovers\n|upkeep\n|turn|5\n|\n|t:|1699803014\n|switch|p1a: Corviknight|Corviknight, M, shiny|63\/100\n|-ability|p1a: Corviknight|Pressure\n|-end|p2a: Kingambit|fallenundefined|[silent]\n|switch|p2a: Zapdos|Zapdos|78\/100\n|\n|upkeep\n|turn|6\n|\n|t:|1699803018\n|switch|p1a: Landorus|Landorus-Therian, M, shiny|100\/100\n|-ability|p1a: Landorus|Intimidate|boost\n|-unboost|p2a: Zapdos|atk|1\n|move|p2a: Zapdos|Volt Switch|p1a: Landorus\n|-immune|p1a: Landorus\n|\n|upkeep\n|turn|7\n|\n|t:|1699803023\n|move|p2a: Zapdos|Hurricane|p1a: Landorus|[miss]\n|-miss|p2a: Zapdos|p1a: Landorus\n|move|p1a: Landorus|Stealth Rock|p2a: Zapdos\n|-sidestart|p2: theelitefourlarry|move: Stealth Rock\n|\n|upkeep\n|turn|8\n|\n|t:|1699803029\n|move|p2a: Zapdos|Hurricane|p1a: Landorus\n|-crit|p1a: Landorus\n|-damage|p1a: Landorus|45\/100\n|move|p1a: Landorus|U-turn|p2a: Zapdos\n|-resisted|p2a: Zapdos\n|-damage|p2a: Zapdos|66\/100\n|\n|t:|1699803035\n|switch|p1a: Thundurus|Thundurus-Therian, M, tera:Ice|100\/100|[from] U-turn\n|\n|upkeep\n|turn|9\n|j| Spiderking3261\n|\n|t:|1699803041\n|-terastallize|p2a: Zapdos|Fairy\n|move|p1a: Thundurus|Thunderbolt|p2a: Zapdos\n|-damage|p2a: Zapdos|28\/100\n|move|p2a: Zapdos|Roost|p2a: Zapdos\n|-heal|p2a: Zapdos|78\/100\n|\n|upkeep\n|turn|10\n|l| Spiderking3261\n|\n|t:|1699803049\n|move|p1a: Thundurus|Thunderbolt|p2a: Zapdos\n|-damage|p2a: Zapdos|43\/100\n|move|p2a: Zapdos|Hurricane|p1a: Thundurus\n|-damage|p1a: Thundurus|38\/100\n|-start|p1a: Thundurus|confusion\n|\n|upkeep\n|turn|11\n|\n|t:|1699803055\n|switch|p1a: Landorus|Landorus-Therian, M, shiny|45\/100\n|-ability|p1a: Landorus|Intimidate|boost\n|-unboost|p2a: Zapdos|atk|1\n|move|p2a: Zapdos|Roost|p2a: Zapdos\n|-heal|p2a: Zapdos|93\/100\n|\n|-heal|p1a: Landorus|51\/100|[from] item: Leftovers\n|upkeep\n|turn|12\n|\n|t:|1699803059\n|move|p2a: Zapdos|Hurricane|p1a: Landorus\n|-damage|p1a: Landorus|16\/100\n|move|p1a: Landorus|Earthquake|p2a: Zapdos\n|-damage|p2a: Zapdos|43\/100\n|\n|-heal|p1a: Landorus|22\/100|[from] item: Leftovers\n|upkeep\n|turn|13\n|\n|t:|1699803065\n|switch|p2a: Weezing|Weezing-Galar, F|100\/100\n|-ability|p2a: Weezing|Neutralizing Gas\n|-damage|p2a: Weezing|88\/100|[from] Stealth Rock\n|move|p1a: Landorus|Earthquake|p2a: Weezing\n|-supereffective|p2a: Weezing\n|-enditem|p2a: Weezing|Shuca Berry|[eat]\n|-enditem|p2a: Weezing|Shuca Berry|[weaken]\n|-damage|p2a: Weezing|56\/100\n|\n|-heal|p1a: Landorus|28\/100|[from] item: Leftovers\n|upkeep\n|turn|14\n|\n|t:|1699803072\n|-end|p2a: Weezing|ability: Neutralizing Gas\n|-ability|p1a: Landorus|Intimidate|boost\n|-unboost|p2a: Weezing|atk|1\n|switch|p2a: Ogerpon|Ogerpon-Wellspring, F|100\/100\n|-damage|p2a: Ogerpon|88\/100|[from] Stealth Rock\n|move|p1a: Landorus|Earthquake|p2a: Ogerpon\n|-resisted|p2a: Ogerpon\n|-damage|p2a: Ogerpon|56\/100\n|\n|-heal|p1a: Landorus|34\/100|[from] item: Leftovers\n|upkeep\n|turn|15\n|\n|t:|1699803077\n|switch|p1a: Corviknight|Corviknight, M, shiny|63\/100\n|-ability|p1a: Corviknight|Pressure\n|move|p2a: Ogerpon|Ivy Cudgel|p1a: Corviknight\n|-damage|p1a: Corviknight|29\/100\n|\n|upkeep\n|turn|16\n|\n|t:|1699803081\n|switch|p1a: Ogerpon|Ogerpon-Wellspring, F|100\/100\n|move|p2a: Ogerpon|Ivy Cudgel|p1a: Ogerpon\n|-immune|p1a: Ogerpon|[from] ability: Water Absorb\n|\n|upkeep\n|turn|17\n|\n|t:|1699803085\n|move|p2a: Ogerpon|Trailblaze|p1a: Ogerpon\n|-damage|p1a: Ogerpon|64\/100\n|-boost|p2a: Ogerpon|spe|1\n|move|p1a: Ogerpon|Trailblaze|p2a: Ogerpon\n|-damage|p2a: Ogerpon|15\/100\n|-boost|p1a: Ogerpon|spe|1\n|\n|upkeep\n|turn|18\n|\n|t:|1699803091\n|move|p2a: Ogerpon|Play Rough|p1a: Ogerpon\n|-damage|p1a: Ogerpon|20\/100\n|move|p1a: Ogerpon|Trailblaze|p2a: Ogerpon\n|-damage|p2a: Ogerpon|0 fnt\n|-boost|p1a: Ogerpon|spe|1\n|faint|p2a: Ogerpon\n|\n|upkeep\n|\n|t:|1699803101\n|switch|p2a: Weezing|Weezing-Galar, F|56\/100\n|-ability|p2a: Weezing|Neutralizing Gas\n|-damage|p2a: Weezing|43\/100|[from] Stealth Rock\n|turn|19\n|\n|t:|1699803104\n|move|p1a: Ogerpon|Ivy Cudgel|p2a: Weezing\n|-damage|p2a: Weezing|3\/100\n|move|p2a: Weezing|Strange Steam|p1a: Ogerpon\n|-damage|p1a: Ogerpon|0 fnt\n|faint|p1a: Ogerpon\n|\n|upkeep\n|\n|t:|1699803112\n|switch|p1a: Thundurus|Thundurus-Therian, M, tera:Ice|38\/100\n|turn|20\n|\n|t:|1699803115\n|move|p1a: Thundurus|Thunderbolt|p2a: Weezing\n|-damage|p2a: Weezing|0 fnt\n|faint|p2a: Weezing\n|-end|p2a: Weezing|ability: Neutralizing Gas\n|\n|upkeep\n|\n|t:|1699803117\n|switch|p2a: Dragapult|Dragapult, F|100\/100\n|-damage|p2a: Dragapult|88\/100|[from] Stealth Rock\n|turn|21\n|\n|t:|1699803120\n|switch|p1a: Landorus|Landorus-Therian, M, shiny|34\/100\n|-ability|p1a: Landorus|Intimidate|boost\n|-unboost|p2a: Dragapult|atk|1\n|move|p2a: Dragapult|Shadow Ball|p1a: Landorus\n|-damage|p1a: Landorus|0 fnt\n|faint|p1a: Landorus\n|\n|upkeep\n|\n|t:|1699803124\n|switch|p1a: Garchomp|Garchomp, F, shiny|100\/100\n|turn|22\n|\n|t:|1699803130\n|switch|p2a: Great Tusk|Great Tusk|100\/100\n|-damage|p2a: Great Tusk|98\/100|[from] Stealth Rock\n|move|p1a: Garchomp|Scale Shot|p2a: Great Tusk\n|-damage|p2a: Great Tusk|88\/100\n|-damage|p2a: Great Tusk|78\/100\n|-damage|p2a: Great Tusk|69\/100\n|-crit|p2a: Great Tusk\n|-damage|p2a: Great Tusk|54\/100\n|-hitcount|p2a: Great Tusk|4\n|-unboost|p1a: Garchomp|def|1\n|-boost|p1a: Garchomp|spe|1\n|\n|upkeep\n|turn|23\n|\n|t:|1699803136\n|switch|p1a: Corviknight|Corviknight, M, shiny|29\/100\n|-ability|p1a: Corviknight|Pressure\n|move|p2a: Great Tusk|Ice Spinner|p1a: Corviknight\n|-damage|p1a: Corviknight|13\/100\n|-damage|p2a: Great Tusk|37\/100|[from] item: Rocky Helmet|[of] p1a: Corviknight\n|\n|upkeep\n|turn|24\n|\n|t:|1699803140\n|move|p2a: Great Tusk|Ice Spinner|p1a: Corviknight\n|-damage|p1a: Corviknight|0 fnt\n|-damage|p2a: Great Tusk|21\/100|[from] item: Rocky Helmet|[of] p1a: Corviknight\n|faint|p1a: Corviknight\n|\n|upkeep\n|\n|t:|1699803145\n|switch|p1a: Garchomp|Garchomp, F, shiny|100\/100\n|turn|25\n|\n|t:|1699803147\n|move|p2a: Great Tusk|Ice Spinner|p1a: Garchomp\n|-supereffective|p1a: Garchomp\n|-damage|p1a: Garchomp|0 fnt\n|-damage|p2a: Great Tusk|8\/100|[from] ability: Rough Skin|[of] p1a: Garchomp\n|faint|p1a: Garchomp\n|\n|upkeep\n|\n|t:|1699803153\n|switch|p1a: Arcanine|Arcanine-Hisui, M|100\/100\n|turn|26\n|\n|t:|1699803163\n|-end|p2a: Great Tusk|Protosynthesis|[silent]\n|switch|p2a: Zapdos|Zapdos, tera:Fairy|43\/100\n|move|p1a: Arcanine|Head Smash|p2a: Zapdos|[miss]\n|-miss|p1a: Arcanine|p2a: Zapdos\n|\n|upkeep\n|turn|27\n|\n|t:|1699803167\n|move|p1a: Arcanine|Head Smash|p2a: Zapdos\n|-damage|p2a: Zapdos|0 fnt\n|-status|p1a: Arcanine|par|[from] ability: Static|[of] p2a: Zapdos\n|faint|p2a: Zapdos\n|\n|upkeep\n|\n|t:|1699803172\n|switch|p2a: Kingambit|Kingambit, F|55\/100\n|-damage|p2a: Kingambit|49\/100|[from] Stealth Rock\n|-activate|p2a: Kingambit|ability: Supreme Overlord\n|-start|p2a: Kingambit|fallen3|[silent]\n|turn|28\n|\n|t:|1699803183\n|switch|p1a: Thundurus|Thundurus-Therian, M, tera:Ice|38\/100\n|move|p2a: Kingambit|Kowtow Cleave|p1a: Thundurus\n|-damage|p1a: Thundurus|0 fnt\n|faint|p1a: Thundurus\n|\n|-heal|p2a: Kingambit|55\/100|[from] item: Leftovers\n|upkeep\n|\n|t:|1699803185\n|switch|p1a: Arcanine|Arcanine-Hisui, M|100\/100 par\n|turn|29\n|\n|t:|1699803189\n|move|p1a: Arcanine|Close Combat|p2a: Kingambit\n|-supereffective|p2a: Kingambit\n|-crit|p2a: Kingambit\n|-damage|p2a: Kingambit|0 fnt\n|-unboost|p1a: Arcanine|def|1\n|-unboost|p1a: Arcanine|spd|1\n|faint|p2a: Kingambit\n|-end|p2a: Kingambit|fallen3|[silent]\n|\n|upkeep\n|\n|t:|1699803192\n|switch|p2a: Dragapult|Dragapult, F|88\/100\n|-damage|p2a: Dragapult|76\/100|[from] Stealth Rock\n|turn|30\n|\n|t:|1699803195\n|move|p2a: Dragapult|Surf|p1a: Arcanine\n|-supereffective|p1a: Arcanine\n|-damage|p1a: Arcanine|0 fnt\n|faint|p1a: Arcanine\n|\n|win|theelitefourlarry\n|raw|Fauda's rating: 1504 &rarr; <strong>1485<\/strong><br \/>(-19 for losing)\n|raw|theelitefourlarry's rating: 1525 &rarr; <strong>1544<\/strong><br \/>(+19 for winning)\n|l|\u2606Fauda\n|l|\u2606theelitefourlarry\n","uploadtime":1699803246,"views":13,"p1id":"fauda","p2id":"theelitefourlarry","formatid":"gen9ou","rating":1485,"private":0,"password":""}