{"id":"gen9ou-1995319534","p1":"Sandman71","p2":"Kjflame013","format":"[Gen 9] OU","log":"|j|\u2606Sandman71\n|j|\u2606Kjflame013\n|inactive|Battle timer is ON: inactive players will automatically lose when time's up.\n|t:|1700552997\n|gametype|singles\n|player|p1|Sandman71|wattson|\n|player|p2|Kjflame013|flint|\n|teamsize|p1|6\n|teamsize|p2|6\n|gen|9\n|tier|[Gen 9] OU\n|rated|Tournament battle\n|rule|Sleep Clause Mod: Limit one foe put to sleep\n|rule|Species Clause: Limit one of each Pok\u00e9mon\n|rule|OHKO Clause: OHKO moves are banned\n|rule|Evasion Items Clause: Evasion items are banned\n|rule|Evasion Moves Clause: Evasion moves are banned\n|rule|Endless Battle Clause: Forcing endless battles is banned\n|rule|HP Percentage Mod: HP is shown in percentages\n|clearpoke\n|poke|p1|Medicham, M|\n|poke|p1|Dusknoir, M|\n|poke|p1|Gyarados, M|\n|poke|p1|Breloom, M|\n|poke|p1|Komala, M|\n|poke|p1|Iron Jugulis|\n|poke|p2|Medicham, F|\n|poke|p2|Dusknoir, F|\n|poke|p2|Iron Jugulis|\n|poke|p2|Breloom, F|\n|poke|p2|Komala, M|\n|poke|p2|Gyarados, M|\n|teampreview\n|j|*Lady Monita \u2746\n|inactive|Sandman71 also wants the timer to be on.\n|inactive|Kjflame013 has 120 seconds left.\n|\n|t:|1700553032\n|start\n|switch|p1a: Medicham|Medicham, M|100\/100\n|switch|p2a: Iron Jugulis|Iron Jugulis|100\/100\n|turn|1\n|\n|t:|1700553037\n|switch|p1a: Komala|Komala, M|100\/100\n|-ability|p1a: Komala|Comatose\n|-end|p2a: Iron Jugulis|Quark Drive|[silent]\n|switch|p2a: Dusknoir|Dusknoir, F|100\/100\n|-ability|p2a: Dusknoir|Pressure\n|\n|upkeep\n|turn|2\n|\n|t:|1700553048\n|switch|p1a: Iron Jugulis|Iron Jugulis|100\/100\n|-enditem|p1a: Iron Jugulis|Booster Energy\n|-activate|p1a: Iron Jugulis|ability: Quark Drive|[fromitem]\n|-start|p1a: Iron Jugulis|quarkdrivespe\n|switch|p2a: Komala|Komala, M|100\/100\n|-ability|p2a: Komala|Comatose\n|\n|upkeep\n|turn|3\n|\n|t:|1700553055\n|move|p1a: Iron Jugulis|Hurricane|p2a: Komala\n|-damage|p2a: Komala|39\/100\n|move|p2a: Komala|Body Slam|p1a: Iron Jugulis\n|-damage|p1a: Iron Jugulis|45\/100\n|\n|-heal|p2a: Komala|45\/100|[from] item: Leftovers\n|upkeep\n|turn|4\n|\n|t:|1700553068\n|move|p1a: Iron Jugulis|Dark Pulse|p2a: Komala\n|-damage|p2a: Komala|5\/100\n|move|p2a: Komala|Body Slam|p1a: Iron Jugulis\n|-damage|p1a: Iron Jugulis|0 fnt\n|faint|p1a: Iron Jugulis\n|-end|p1a: Iron Jugulis|Quark Drive|[silent]\n|\n|-heal|p2a: Komala|11\/100|[from] item: Leftovers\n|upkeep\n|\n|t:|1700553075\n|switch|p1a: Breloom|Breloom, M|100\/100\n|turn|5\n|\n|t:|1700553084\n|switch|p2a: Breloom|Breloom, F|100\/100\n|move|p1a: Breloom|Mach Punch|p2a: Breloom\n|-damage|p2a: Breloom|47\/100\n|\n|upkeep\n|turn|6\n|\n|t:|1700553088\n|move|p1a: Breloom|Mach Punch|p2a: Breloom\n|-damage|p2a: Breloom|0 fnt\n|faint|p2a: Breloom\n|\n|upkeep\n|\n|t:|1700553090\n|switch|p2a: Dusknoir|Dusknoir, F|100\/100\n|-ability|p2a: Dusknoir|Pressure\n|turn|7\n|\n|t:|1700553094\n|move|p1a: Breloom|Spore|p2a: Dusknoir\n|-status|p2a: Dusknoir|slp|[from] move: Spore\n|cant|p2a: Dusknoir|slp\n|\n|upkeep\n|turn|8\n|\n|t:|1700553097\n|move|p1a: Breloom|Bullet Seed|p2a: Dusknoir\n|-damage|p2a: Dusknoir|81\/100 slp\n|-damage|p2a: Dusknoir|60\/100 slp\n|-damage|p2a: Dusknoir|41\/100 slp\n|-hitcount|p2a: Dusknoir|3\n|cant|p2a: Dusknoir|slp\n|\n|-heal|p2a: Dusknoir|47\/100 slp|[from] item: Leftovers\n|upkeep\n|turn|9\n|\n|t:|1700553099\n|move|p1a: Breloom|Bullet Seed|p2a: Dusknoir\n|-damage|p2a: Dusknoir|28\/100 slp\n|-damage|p2a: Dusknoir|9\/100 slp\n|-hitcount|p2a: Dusknoir|2\n|cant|p2a: Dusknoir|slp\n|\n|-heal|p2a: Dusknoir|15\/100 slp|[from] item: Leftovers\n|upkeep\n|turn|10\n|\n|t:|1700553105\n|-curestatus|p2a: Dusknoir|slp|[msg]\n|move|p2a: Dusknoir|Shadow Sneak|p1a: Breloom\n|-damage|p1a: Breloom|67\/100\n|move|p1a: Breloom|Bullet Seed|p2a: Dusknoir\n|-damage|p2a: Dusknoir|0 fnt\n|faint|p2a: Dusknoir\n|-hitcount|p2: Dusknoir|1\n|\n|upkeep\n|j| Hiusi guy %\u25d5\u203f\u203f\u25d5%\n|\n|t:|1700553110\n|switch|p2a: Iron Jugulis|Iron Jugulis|100\/100\n|turn|11\n|\n|t:|1700553115\n|switch|p1a: Komala|Komala, M|100\/100\n|-ability|p1a: Komala|Comatose\n|move|p2a: Iron Jugulis|Hurricane|p1a: Komala|[miss]\n|-miss|p2a: Iron Jugulis|p1a: Komala\n|\n|upkeep\n|turn|12\n|\n|t:|1700553120\n|move|p2a: Iron Jugulis|Hurricane|p1a: Komala|[miss]\n|-miss|p2a: Iron Jugulis|p1a: Komala\n|move|p1a: Komala|Thrash|p2a: Iron Jugulis\n|-damage|p2a: Iron Jugulis|44\/100\n|\n|upkeep\n|turn|13\n|\n|t:|1700553123\n|move|p2a: Iron Jugulis|Hurricane|p1a: Komala|[miss]\n|-miss|p2a: Iron Jugulis|p1a: Komala\n|move|p1a: Komala|Thrash|p2a: Iron Jugulis|[from]lockedmove\n|-damage|p2a: Iron Jugulis|0 fnt\n|faint|p2a: Iron Jugulis\n|-end|p2a: Iron Jugulis|Quark Drive|[silent]\n|-start|p1a: Komala|confusion|[fatigue]\n|\n|upkeep\n|\n|t:|1700553126\n|switch|p2a: Medicham|Medicham, F|100\/100\n|turn|14\n|\n|t:|1700553131\n|switch|p1a: Gyarados|Gyarados, M|100\/100\n|-ability|p1a: Gyarados|Intimidate|boost\n|-unboost|p2a: Medicham|atk|1\n|move|p2a: Medicham|Thunder Punch|p1a: Gyarados\n|-supereffective|p1a: Gyarados\n|-damage|p1a: Gyarados|0 fnt\n|faint|p1a: Gyarados\n|\n|upkeep\n|\n|t:|1700553139\n|switch|p1a: Dusknoir|Dusknoir, M|100\/100\n|-item|p2a: Medicham|Choice Band|[from] ability: Frisk|[of] p1a: Dusknoir|[identify]\n|turn|15\n|\n|t:|1700553146\n|switch|p2a: Komala|Komala, M|11\/100\n|-ability|p2a: Komala|Comatose\n|move|p1a: Dusknoir|Will-O-Wisp|p2a: Komala\n|-immune|p2a: Komala|[from] ability: Comatose\n|\n|-heal|p2a: Komala|17\/100|[from] item: Leftovers\n|upkeep\n|turn|16\n|\n|t:|1700553154\n|switch|p1a: Breloom|Breloom, M|67\/100\n|move|p2a: Komala|Knock Off|p1a: Breloom\n|-resisted|p1a: Breloom\n|-damage|p1a: Breloom|42\/100\n|-enditem|p1a: Breloom|Focus Sash|[from] move: Knock Off|[of] p2a: Komala\n|\n|-heal|p2a: Komala|23\/100|[from] item: Leftovers\n|upkeep\n|turn|17\n|\n|t:|1700553163\n|switch|p2a: Gyarados|Gyarados, M|100\/100\n|-ability|p2a: Gyarados|Intimidate|boost\n|-unboost|p1a: Breloom|atk|1\n|move|p1a: Breloom|Bullet Seed|p2a: Gyarados\n|-damage|p2a: Gyarados|84\/100\n|-damage|p2a: Gyarados|66\/100\n|-hitcount|p2a: Gyarados|2\n|\n|upkeep\n|turn|18\n|\n|t:|1700553170\n|switch|p2a: Komala|Komala, M|23\/100\n|-ability|p2a: Komala|Comatose\n|move|p1a: Breloom|Mach Punch|p2a: Komala\n|-supereffective|p2a: Komala\n|-damage|p2a: Komala|0 fnt\n|faint|p2a: Komala\n|\n|upkeep\n|\n|t:|1700553175\n|switch|p2a: Gyarados|Gyarados, M|66\/100\n|-ability|p2a: Gyarados|Intimidate|boost\n|-unboost|p1a: Breloom|atk|1\n|turn|19\n|\n|t:|1700553182\n|switch|p1a: Dusknoir|Dusknoir, M|100\/100\n|-item|p2a: Gyarados|Wacan Berry|[from] ability: Frisk|[of] p1a: Dusknoir|[identify]\n|move|p2a: Gyarados|Dragon Dance|p2a: Gyarados\n|-boost|p2a: Gyarados|atk|1\n|-boost|p2a: Gyarados|spe|1\n|\n|upkeep\n|turn|20\n|\n|t:|1700553187\n|move|p2a: Gyarados|Taunt|p1a: Dusknoir\n|-start|p1a: Dusknoir|move: Taunt\n|cant|p1a: Dusknoir|move: Taunt|Will-O-Wisp\n|\n|upkeep\n|turn|21\n|\n|t:|1700553192\n|move|p2a: Gyarados|Dragon Dance|p2a: Gyarados\n|-boost|p2a: Gyarados|atk|1\n|-boost|p2a: Gyarados|spe|1\n|move|p1a: Dusknoir|Night Shade|p2a: Gyarados\n|-damage|p2a: Gyarados|36\/100\n|\n|upkeep\n|turn|22\n|\n|t:|1700553194\n|move|p2a: Gyarados|Waterfall|p1a: Dusknoir\n|-damage|p1a: Dusknoir|38\/100\n|move|p1a: Dusknoir|Night Shade|p2a: Gyarados\n|-damage|p2a: Gyarados|5\/100\n|\n|-heal|p1a: Dusknoir|44\/100|[from] item: Leftovers\n|-end|p1a: Dusknoir|move: Taunt\n|upkeep\n|turn|23\n|\n|t:|1700553199\n|move|p2a: Gyarados|Waterfall|p1a: Dusknoir\n|-damage|p1a: Dusknoir|0 fnt\n|faint|p1a: Dusknoir\n|\n|upkeep\n|\n|t:|1700553201\n|switch|p1a: Breloom|Breloom, M|42\/100\n|turn|24\n|l| Hiusi guy %\u25d5\u203f\u203f\u25d5%\n|\n|t:|1700553208\n|move|p1a: Breloom|Mach Punch|p2a: Gyarados\n|-resisted|p2a: Gyarados\n|-damage|p2a: Gyarados|0 fnt\n|faint|p2a: Gyarados\n|\n|upkeep\n|\n|t:|1700553210\n|switch|p2a: Medicham|Medicham, F|100\/100\n|turn|25\n|\n|t:|1700553220\n|move|p2a: Medicham|Psycho Cut|p1a: Breloom\n|-supereffective|p1a: Breloom\n|-damage|p1a: Breloom|0 fnt\n|faint|p1a: Breloom\n|\n|upkeep\n|\n|t:|1700553226\n|switch|p1a: Medicham|Medicham, M|100\/100\n|turn|26\n|\n|t:|1700553230\n|move|p1a: Medicham|Zen Headbutt|p2a: Medicham\n|-damage|p2a: Medicham|22\/100\n|move|p2a: Medicham|Psycho Cut|p1a: Medicham\n|-damage|p1a: Medicham|0 fnt\n|faint|p1a: Medicham\n|\n|upkeep\n|\n|t:|1700553232\n|switch|p1a: Komala|Komala, M|100\/100\n|-ability|p1a: Komala|Comatose\n|turn|27\n|\n|t:|1700553244\n|move|p1a: Komala|Sucker Punch|p2a: Medicham\n|-damage|p2a: Medicham|0 fnt\n|faint|p2a: Medicham\n|\n|win|Sandman71\n|n|\u2606Sandman71|sandman71\n|n|\u2606Kjflame013|kjflame013\n|n|*Lady Monita \u2746|ladymonita\n","uploadtime":1700553245,"views":7,"p1id":"sandman71","p2id":"kjflame013","formatid":"gen9ou","rating":0,"private":0,"password":""}