{"id":"gen9ou-1992653855","p1":"kanishk0612d","p2":"Ahosora","format":"[Gen 9] OU","log":"|j|\u2606kanishk0612d\n|j|\u2606Ahosora\n|inactive|Battle timer is ON: inactive players will automatically lose when time's up.\n|t:|1700220899\n|gametype|singles\n|player|p1|kanishk0612d|bellelba|\n|player|p2|Ahosora|1|\n|teamsize|p1|4\n|teamsize|p2|4\n|gen|9\n|tier|[Gen 9] OU\n|rated|Tournament battle\n|rule|Sleep Clause Mod: Limit one foe put to sleep\n|rule|Species Clause: Limit one of each Pok\u00e9mon\n|rule|OHKO Clause: OHKO moves are banned\n|rule|Evasion Items Clause: Evasion items are banned\n|rule|Evasion Moves Clause: Evasion moves are banned\n|rule|Endless Battle Clause: Forcing endless battles is banned\n|rule|HP Percentage Mod: HP is shown in percentages\n|clearpoke\n|poke|p1|Toxapex, M|\n|poke|p1|Timburr, M|\n|poke|p1|Persian, F|\n|poke|p1|Gible, M|\n|poke|p2|Salandit, M|\n|poke|p2|Armarouge, M|\n|poke|p2|Hippowdon, M|\n|poke|p2|Stunky, F|\n|teampreview\n|j|*Lady Monita \u2746\n|\n|t:|1700220912\n|start\n|switch|p1a: Gible|Gible, M|100\/100\n|switch|p2a: Stunky|Stunky, F, shiny|100\/100\n|turn|1\n|\n|t:|1700220918\n|move|p2a: Stunky|Knock Off|p1a: Gible\n|-damage|p1a: Gible|28\/100\n|-damage|p2a: Stunky|88\/100|[from] ability: Rough Skin|[of] p1a: Gible\n|-enditem|p1a: Gible|Choice Band|[from] move: Knock Off|[of] p2a: Stunky\n|move|p1a: Gible|Earthquake|p2a: Stunky\n|-supereffective|p2a: Stunky\n|-damage|p2a: Stunky|0 fnt\n|faint|p2a: Stunky\n|\n|upkeep\n|\n|t:|1700220939\n|switch|p2a: Hippowdon|Hippowdon, M|100\/100\n|-weather|Sandstorm|[from] ability: Sand Stream|[of] p2a: Hippowdon\n|turn|2\n|\n|t:|1700220946\n|move|p2a: Hippowdon|Earthquake|p1a: Gible\n|-damage|p1a: Gible|0 fnt\n|faint|p1a: Gible\n|\n|-weather|Sandstorm|[upkeep]\n|upkeep\n|\n|t:|1700220953\n|switch|p1a: Persian|Persian, F|100\/100\n|turn|3\n|\n|t:|1700220978\n|move|p1a: Persian|Fake Out|p2a: Hippowdon\n|-damage|p2a: Hippowdon|86\/100\n|-damage|p1a: Persian|91\/100|[from] item: Life Orb\n|cant|p2a: Hippowdon|flinch\n|\n|-weather|Sandstorm|[upkeep]\n|-damage|p1a: Persian|85\/100|[from] Sandstorm\n|-heal|p2a: Hippowdon|92\/100|[from] item: Leftovers\n|upkeep\n|turn|4\n|\n|t:|1700220988\n|move|p1a: Persian|Trailblaze|p2a: Hippowdon\n|-supereffective|p2a: Hippowdon\n|-damage|p2a: Hippowdon|70\/100\n|-boost|p1a: Persian|spe|1\n|-damage|p1a: Persian|75\/100|[from] item: Life Orb\n|move|p2a: Hippowdon|Body Press|p1a: Persian\n|-supereffective|p1a: Persian\n|-damage|p1a: Persian|0 fnt\n|faint|p1a: Persian\n|\n|-weather|Sandstorm|[upkeep]\n|-heal|p2a: Hippowdon|76\/100|[from] item: Leftovers\n|upkeep\n|\n|t:|1700221004\n|switch|p1a: Timburr|Timburr, M|100\/100\n|turn|5\n|\n|t:|1700221010\n|move|p1a: Timburr|Mach Punch|p2a: Hippowdon\n|-damage|p2a: Hippowdon|68\/100\n|move|p2a: Hippowdon|Earthquake|p1a: Timburr\n|-damage|p1a: Timburr|43\/100\n|\n|-weather|Sandstorm|[upkeep]\n|-damage|p1a: Timburr|37\/100|[from] Sandstorm\n|-heal|p2a: Hippowdon|74\/100|[from] item: Leftovers\n|-status|p1a: Timburr|brn|[from] item: Flame Orb\n|upkeep\n|turn|6\n|\n|t:|1700221020\n|move|p1a: Timburr|Mach Punch|p2a: Hippowdon\n|-damage|p2a: Hippowdon|62\/100\n|move|p2a: Hippowdon|Earthquake|p1a: Timburr\n|-damage|p1a: Timburr|0 fnt\n|faint|p1a: Timburr\n|\n|-weather|none\n|-heal|p2a: Hippowdon|68\/100|[from] item: Leftovers\n|upkeep\n|j| sinisterresolute\n|\n|t:|1700221028\n|switch|p1a: Toxapex|Toxapex, M|100\/100\n|turn|7\n|\n|t:|1700221039\n|move|p2a: Hippowdon|Earthquake|p1a: Toxapex\n|-supereffective|p1a: Toxapex\n|-damage|p1a: Toxapex|58\/100\n|move|p1a: Toxapex|Toxic|p2a: Hippowdon\n|-status|p2a: Hippowdon|tox\n|\n|-heal|p2a: Hippowdon|74\/100 tox|[from] item: Leftovers\n|-heal|p1a: Toxapex|65\/100|[from] item: Black Sludge\n|-damage|p2a: Hippowdon|68\/100 tox|[from] psn\n|upkeep\n|turn|8\n|c|\u2606kanishk0612d|gg\n|\n|t:|1700221051\n|switch|p2a: Salandit|Salandit, M, shiny|100\/100\n|move|p1a: Toxapex|Baneful Bunker||[still]\n|-fail|p1a: Toxapex\n|\n|-heal|p1a: Toxapex|71\/100|[from] item: Black Sludge\n|upkeep\n|turn|9\n|c|\u2606Ahosora|Gg\n|\n|t:|1700221059\n|move|p2a: Salandit|Toxic|p1a: Toxapex\n|-status|p1a: Toxapex|tox\n|move|p1a: Toxapex|Hex|p2a: Salandit\n|-damage|p2a: Salandit|83\/100\n|\n|-heal|p1a: Toxapex|77\/100 tox|[from] item: Black Sludge\n|-damage|p1a: Toxapex|71\/100 tox|[from] psn\n|upkeep\n|turn|10\n|l| sinisterresolute\n|\n|t:|1700221075\n|move|p2a: Salandit|Substitute|p2a: Salandit\n|-start|p2a: Salandit|Substitute\n|-damage|p2a: Salandit|58\/100\n|move|p1a: Toxapex|Hex|p2a: Salandit\n|-activate|p2a: Salandit|move: Substitute|[damage]\n|\n|-heal|p1a: Toxapex|77\/100 tox|[from] item: Black Sludge\n|-damage|p1a: Toxapex|65\/100 tox|[from] psn\n|upkeep\n|turn|11\n|-message|kanishk0612d forfeited.\n|\n|win|Ahosora\n|n|\u2606kanishk0612d|kanishk0612d\n|n|\u2606Ahosora|ahosora\n|n|*Lady Monita \u2746|ladymonita\n","uploadtime":1700221085,"views":11,"p1id":"kanishk0612d","p2id":"ahosora","formatid":"gen9ou","rating":0,"private":0,"password":""}