{"id":"gen9ou-1989576382","p1":"Julz0102","p2":"Gyan99","format":"[Gen 9] OU","log":"|j|\u2606Julz0102\n|j|\u2606Gyan99\n|t:|1699873801\n|gametype|singles\n|player|p1|Julz0102|265|1180\n|player|p2|Gyan99|101|1268\n|teamsize|p1|6\n|teamsize|p2|6\n|gen|9\n|tier|[Gen 9] OU\n|rated|\n|rule|Sleep Clause Mod: Limit one foe put to sleep\n|rule|Species Clause: Limit one of each Pok\u00e9mon\n|rule|OHKO Clause: OHKO moves are banned\n|rule|Evasion Items Clause: Evasion items are banned\n|rule|Evasion Moves Clause: Evasion moves are banned\n|rule|Endless Battle Clause: Forcing endless battles is banned\n|rule|HP Percentage Mod: HP is shown in percentages\n|clearpoke\n|poke|p1|Alomomola, M|\n|poke|p1|Garchomp, F|\n|poke|p1|Rillaboom, F|\n|poke|p1|Dragapult, F|\n|poke|p1|Breloom, F|\n|poke|p1|Landorus-Therian, M|\n|poke|p2|Jolteon, M|\n|poke|p2|Cresselia, F|\n|poke|p2|Rillaboom, F|\n|poke|p2|Okidogi, M|\n|poke|p2|Mandibuzz, F|\n|poke|p2|Forretress, F|\n|teampreview\n|\n|t:|1699873811\n|start\n|switch|p1a: Garchomp|Garchomp, F|100\/100\n|switch|p2a: Forretress|Forretress, F|100\/100\n|turn|1\n|\n|t:|1699873819\n|move|p1a: Garchomp|Fire Blast|p2a: Forretress\n|-supereffective|p2a: Forretress\n|-ability|p2a: Forretress|Sturdy\n|-damage|p2a: Forretress|1\/100\n|-status|p2a: Forretress|brn\n|move|p2a: Forretress|Stealth Rock|p1a: Garchomp\n|-sidestart|p1: Julz0102|move: Stealth Rock\n|\n|-heal|p2a: Forretress|7\/100 brn|[from] item: Leftovers\n|-damage|p2a: Forretress|1\/100 brn|[from] brn\n|upkeep\n|turn|2\n|\n|t:|1699873841\n|switch|p2a: Mandibuzz|Mandibuzz, F|100\/100\n|move|p1a: Garchomp|Spikes|p2a: Mandibuzz\n|-sidestart|p2: Gyan99|Spikes\n|\n|upkeep\n|turn|3\n|\n|t:|1699873849\n|switch|p1a: Landorus|Landorus-Therian, M|100\/100\n|-damage|p1a: Landorus|88\/100|[from] Stealth Rock\n|-ability|p1a: Landorus|Intimidate|boost\n|-unboost|p2a: Mandibuzz|atk|1\n|move|p2a: Mandibuzz|Taunt|p1a: Landorus\n|-start|p1a: Landorus|move: Taunt\n|\n|-heal|p1a: Landorus|94\/100|[from] item: Leftovers\n|upkeep\n|turn|4\n|\n|t:|1699873859\n|move|p1a: Landorus|U-turn|p2a: Mandibuzz\n|-damage|p2a: Mandibuzz|83\/100\n|\n|t:|1699873870\n|switch|p1a: Garchomp|Garchomp, F|100\/100|[from] U-turn\n|-damage|p1a: Garchomp|94\/100|[from] Stealth Rock\n|move|p2a: Mandibuzz|Foul Play|p1a: Garchomp\n|-damage|p1a: Garchomp|69\/100\n|-damage|p2a: Mandibuzz|71\/100|[from] ability: Rough Skin|[of] p1a: Garchomp\n|-damage|p2a: Mandibuzz|55\/100|[from] item: Rocky Helmet|[of] p1a: Garchomp\n|\n|upkeep\n|turn|5\n|\n|t:|1699873897\n|switch|p2a: Cresselia|Cresselia, F|100\/100\n|move|p1a: Garchomp|Dragon Tail|p2a: Cresselia\n|-damage|p2a: Cresselia|87\/100\n|drag|p2a: Jolteon|Jolteon, M, shiny|100\/100\n|\n|upkeep\n|turn|6\n|\n|t:|1699873911\n|switch|p2a: Cresselia|Cresselia, F|87\/100\n|move|p1a: Garchomp|Earthquake|p2a: Cresselia\n|-immune|p2a: Cresselia|[from] ability: Levitate\n|\n|upkeep\n|turn|7\n|\n|t:|1699873919\n|switch|p1a: Landorus|Landorus-Therian, M|94\/100\n|-damage|p1a: Landorus|82\/100|[from] Stealth Rock\n|-ability|p1a: Landorus|Intimidate|boost\n|-unboost|p2a: Cresselia|atk|1\n|move|p2a: Cresselia|Trick|p1a: Landorus\n|-activate|p2a: Cresselia|move: Trick|[of] p1a: Landorus\n|-item|p1a: Landorus|Choice Scarf|[from] move: Trick\n|-item|p2a: Cresselia|Leftovers|[from] move: Trick\n|\n|-heal|p2a: Cresselia|93\/100|[from] item: Leftovers\n|upkeep\n|turn|8\n|\n|t:|1699873929\n|move|p1a: Landorus|Stealth Rock|p2a: Cresselia\n|-sidestart|p2: Gyan99|move: Stealth Rock\n|move|p2a: Cresselia|Thunder Wave|p1a: Landorus\n|-immune|p1a: Landorus\n|\n|-heal|p2a: Cresselia|99\/100|[from] item: Leftovers\n|upkeep\n|turn|9\n|\n|t:|1699873938\n|switch|p1a: Garchomp|Garchomp, F|69\/100\n|-damage|p1a: Garchomp|62\/100|[from] Stealth Rock\n|move|p2a: Cresselia|Thunder Wave|p1a: Garchomp\n|-immune|p1a: Garchomp\n|\n|-heal|p2a: Cresselia|100\/100|[from] item: Leftovers\n|upkeep\n|turn|10\n|\n|t:|1699873952\n|switch|p2a: Mandibuzz|Mandibuzz, F|55\/100\n|move|p1a: Garchomp|Spikes|p2a: Mandibuzz\n|-sidestart|p2: Gyan99|Spikes\n|\n|upkeep\n|turn|11\n|\n|t:|1699873982\n|switch|p1a: Dragapult|Dragapult, F|100\/100\n|-damage|p1a: Dragapult|88\/100|[from] Stealth Rock\n|move|p2a: Mandibuzz|Roost|p2a: Mandibuzz\n|-heal|p2a: Mandibuzz|100\/100\n|-singleturn|p2a: Mandibuzz|move: Roost\n|\n|upkeep\n|turn|12\n|\n|t:|1699873996\n|move|p1a: Dragapult|U-turn|p2a: Mandibuzz\n|-damage|p2a: Mandibuzz|75\/100\n|\n|t:|1699873999\n|switch|p1a: Landorus|Landorus-Therian, M|82\/100|[from] U-turn\n|-damage|p1a: Landorus|70\/100|[from] Stealth Rock\n|-ability|p1a: Landorus|Intimidate|boost\n|-unboost|p2a: Mandibuzz|atk|1\n|move|p2a: Mandibuzz|Foul Play|p1a: Landorus\n|-damage|p1a: Landorus|25\/100\n|\n|upkeep\n|turn|13\n|\n|t:|1699874012\n|move|p1a: Landorus|U-turn|p2a: Mandibuzz\n|-damage|p2a: Mandibuzz|57\/100\n|\n|t:|1699874028\n|switch|p1a: Breloom|Breloom, F|100\/100|[from] U-turn\n|-damage|p1a: Breloom|94\/100|[from] Stealth Rock\n|move|p2a: Mandibuzz|Defog|p1a: Breloom\n|-unboost|p1a: Breloom|evasion|1\n|-sideend|p1: Julz0102|Stealth Rock|[from] move: Defog|[of] p2a: Mandibuzz\n|-sideend|p2: Gyan99|Spikes|[from] move: Defog|[of] p2a: Mandibuzz\n|-sideend|p2: Gyan99|Stealth Rock|[from] move: Defog|[of] p2a: Mandibuzz\n|\n|upkeep\n|turn|14\n|\n|t:|1699874053\n|switch|p2a: Rillaboom|Rillaboom, F|100\/100\n|-fieldstart|move: Grassy Terrain|[from] ability: Grassy Surge|[of] p2a: Rillaboom\n|move|p1a: Breloom|Rock Tomb|p2a: Rillaboom\n|-damage|p2a: Rillaboom|71\/100\n|-unboost|p2a: Rillaboom|spe|1\n|\n|-heal|p1a: Breloom|100\/100|[from] Grassy Terrain\n|-heal|p2a: Rillaboom|77\/100|[from] Grassy Terrain\n|upkeep\n|turn|15\n|\n|t:|1699874064\n|switch|p1a: Garchomp|Garchomp, F|62\/100\n|move|p2a: Rillaboom|Fake Out|p1a: Garchomp\n|-damage|p1a: Garchomp|53\/100\n|-damage|p2a: Rillaboom|64\/100|[from] ability: Rough Skin|[of] p1a: Garchomp\n|-damage|p2a: Rillaboom|48\/100|[from] item: Rocky Helmet|[of] p1a: Garchomp\n|\n|-heal|p1a: Garchomp|59\/100|[from] Grassy Terrain\n|-heal|p2a: Rillaboom|54\/100|[from] Grassy Terrain\n|upkeep\n|turn|16\n|\n|t:|1699874087\n|switch|p2a: Mandibuzz|Mandibuzz, F|57\/100\n|move|p1a: Garchomp|Fire Blast|p2a: Mandibuzz\n|-damage|p2a: Mandibuzz|44\/100\n|\n|-heal|p1a: Garchomp|65\/100|[from] Grassy Terrain\n|upkeep\n|turn|17\n|\n|t:|1699874119\n|move|p2a: Mandibuzz|Roost|p2a: Mandibuzz\n|-heal|p2a: Mandibuzz|95\/100\n|-singleturn|p2a: Mandibuzz|move: Roost\n|move|p1a: Garchomp|Dragon Tail|p2a: Mandibuzz\n|-damage|p2a: Mandibuzz|74\/100\n|drag|p2a: Forretress|Forretress, F|1\/100 brn\n|\n|-heal|p1a: Garchomp|72\/100|[from] Grassy Terrain\n|-heal|p2a: Forretress|7\/100 brn|[from] Grassy Terrain\n|-heal|p2a: Forretress|13\/100 brn|[from] item: Leftovers\n|-damage|p2a: Forretress|7\/100 brn|[from] brn\n|upkeep\n|turn|18\n|\n|t:|1699874182\n|switch|p2a: Mandibuzz|Mandibuzz, F|74\/100\n|move|p1a: Garchomp|Spikes|p2a: Mandibuzz\n|-sidestart|p2: Gyan99|Spikes\n|\n|-heal|p1a: Garchomp|78\/100|[from] Grassy Terrain\n|-fieldend|move: Grassy Terrain\n|upkeep\n|turn|19\n|\n|t:|1699874202\n|switch|p1a: Landorus|Landorus-Therian, M|25\/100\n|-ability|p1a: Landorus|Intimidate|boost\n|-unboost|p2a: Mandibuzz|atk|1\n|move|p2a: Mandibuzz|Taunt|p1a: Landorus\n|-start|p1a: Landorus|move: Taunt\n|\n|upkeep\n|turn|20\n|\n|t:|1699874219\n|move|p1a: Landorus|U-turn|p2a: Mandibuzz\n|-damage|p2a: Mandibuzz|57\/100\n|\n|t:|1699874222\n|switch|p1a: Alomomola|Alomomola, M|100\/100|[from] U-turn\n|move|p2a: Mandibuzz|Defog|p1a: Alomomola\n|-unboost|p1a: Alomomola|evasion|1\n|-sideend|p2: Gyan99|Spikes|[from] move: Defog|[of] p2a: Mandibuzz\n|\n|upkeep\n|turn|21\n|\n|t:|1699874229\n|switch|p2a: Okidogi|Okidogi, M|100\/100\n|move|p1a: Alomomola|Wish|p1a: Alomomola\n|\n|upkeep\n|turn|22\n|\n|t:|1699874236\n|switch|p1a: Landorus|Landorus-Therian, M|25\/100\n|-ability|p1a: Landorus|Intimidate|boost\n|-unboost|p2a: Okidogi|atk|1\n|move|p2a: Okidogi|Knock Off|p1a: Landorus\n|-damage|p1a: Landorus|0 fnt\n|-enditem|p1a: Landorus|Choice Scarf|[from] move: Knock Off|[of] p2a: Okidogi\n|faint|p1a: Landorus\n|\n|upkeep\n|\n|t:|1699874256\n|switch|p1a: Garchomp|Garchomp, F|78\/100\n|turn|23\n|\n|t:|1699874264\n|move|p2a: Okidogi|Knock Off|p1a: Garchomp\n|-damage|p1a: Garchomp|57\/100\n|-damage|p2a: Okidogi|88\/100|[from] ability: Rough Skin|[of] p1a: Garchomp\n|-damage|p2a: Okidogi|72\/100|[from] item: Rocky Helmet|[of] p1a: Garchomp\n|-enditem|p1a: Garchomp|Rocky Helmet|[from] move: Knock Off|[of] p2a: Okidogi\n|move|p1a: Garchomp|Spikes|p2a: Okidogi\n|-sidestart|p2: Gyan99|Spikes\n|\n|upkeep\n|turn|24\n|\n|t:|1699874280\n|switch|p2a: Mandibuzz|Mandibuzz, F|57\/100\n|move|p1a: Garchomp|Earthquake|p2a: Mandibuzz\n|-immune|p2a: Mandibuzz\n|\n|upkeep\n|turn|25\n|\n|t:|1699874291\n|switch|p1a: Rillaboom|Rillaboom, F|100\/100\n|-fieldstart|move: Grassy Terrain|[from] ability: Grassy Surge|[of] p1a: Rillaboom\n|move|p2a: Mandibuzz|Roost|p2a: Mandibuzz\n|-heal|p2a: Mandibuzz|100\/100\n|-singleturn|p2a: Mandibuzz|move: Roost\n|\n|upkeep\n|turn|26\n|\n|t:|1699874300\n|move|p1a: Rillaboom|Knock Off|p2a: Mandibuzz\n|-resisted|p2a: Mandibuzz\n|-damage|p2a: Mandibuzz|82\/100\n|-enditem|p2a: Mandibuzz|Heavy-Duty Boots|[from] move: Knock Off|[of] p1a: Rillaboom\n|move|p2a: Mandibuzz|Foul Play|p1a: Rillaboom\n|-damage|p1a: Rillaboom|47\/100\n|\n|-heal|p1a: Rillaboom|53\/100|[from] Grassy Terrain\n|upkeep\n|turn|27\n|\n|t:|1699874312\n|switch|p1a: Breloom|Breloom, F|100\/100\n|move|p2a: Mandibuzz|Foul Play|p1a: Breloom\n|-resisted|p1a: Breloom\n|-damage|p1a: Breloom|65\/100\n|\n|-heal|p1a: Breloom|71\/100|[from] Grassy Terrain\n|upkeep\n|turn|28\n|\n|t:|1699874327\n|switch|p2a: Cresselia|Cresselia, F|100\/100\n|move|p1a: Breloom|Rock Tomb|p2a: Cresselia\n|-damage|p2a: Cresselia|85\/100\n|-unboost|p2a: Cresselia|spe|1\n|\n|-heal|p1a: Breloom|77\/100|[from] Grassy Terrain\n|-heal|p2a: Cresselia|91\/100|[from] item: Leftovers\n|upkeep\n|turn|29\n|l|\u2606Gyan99\n|player|p2|\n|j|\u2606Gyan99\n|player|p2|Gyan99|101\n|\n|t:|1699874355\n|move|p1a: Breloom|Spore|p2a: Cresselia\n|-status|p2a: Cresselia|slp|[from] move: Spore\n|cant|p2a: Cresselia|slp\n|\n|-heal|p1a: Breloom|83\/100|[from] Grassy Terrain\n|-heal|p2a: Cresselia|97\/100 slp|[from] item: Leftovers\n|-fieldend|move: Grassy Terrain\n|upkeep\n|turn|30\n|\n|t:|1699874370\n|switch|p1a: Rillaboom|Rillaboom, F|53\/100\n|-fieldstart|move: Grassy Terrain|[from] ability: Grassy Surge|[of] p1a: Rillaboom\n|switch|p2a: Okidogi|Okidogi, M|72\/100\n|-damage|p2a: Okidogi|59\/100|[from] Spikes\n|\n|-heal|p1a: Rillaboom|59\/100|[from] Grassy Terrain\n|-heal|p2a: Okidogi|65\/100|[from] Grassy Terrain\n|upkeep\n|turn|31\n|\n|t:|1699874389\n|switch|p1a: Garchomp|Garchomp, F|57\/100\n|move|p2a: Okidogi|Poison Jab|p1a: Garchomp\n|-resisted|p1a: Garchomp\n|-damage|p1a: Garchomp|37\/100\n|-status|p1a: Garchomp|psn\n|-damage|p2a: Okidogi|53\/100|[from] ability: Rough Skin|[of] p1a: Garchomp\n|\n|-heal|p2a: Okidogi|59\/100|[from] Grassy Terrain\n|-heal|p1a: Garchomp|44\/100 psn|[from] Grassy Terrain\n|-damage|p1a: Garchomp|31\/100 psn|[from] psn\n|upkeep\n|turn|32\n|\n|t:|1699874404\n|switch|p2a: Cresselia|Cresselia, F|97\/100 slp\n|move|p1a: Garchomp|Earthquake|p2a: Cresselia\n|-immune|p2a: Cresselia|[from] ability: Levitate\n|\n|-heal|p1a: Garchomp|37\/100 psn|[from] Grassy Terrain\n|-heal|p2a: Cresselia|100\/100 slp|[from] item: Leftovers\n|-damage|p1a: Garchomp|25\/100 psn|[from] psn\n|upkeep\n|turn|33\n|\n|t:|1699874416\n|switch|p1a: Breloom|Breloom, F|83\/100\n|-curestatus|p2a: Cresselia|slp|[msg]\n|move|p2a: Cresselia|Thunder Wave|p1a: Breloom|[miss]\n|-miss|p2a: Cresselia|p1a: Breloom\n|\n|-heal|p1a: Breloom|89\/100|[from] Grassy Terrain\n|upkeep\n|turn|34\n|\n|t:|1699874426\n|move|p1a: Breloom|Spore|p2a: Cresselia\n|-status|p2a: Cresselia|slp|[from] move: Spore\n|cant|p2a: Cresselia|slp\n|\n|-heal|p1a: Breloom|96\/100|[from] Grassy Terrain\n|-fieldend|move: Grassy Terrain\n|upkeep\n|turn|35\n|\n|t:|1699874451\n|switch|p2a: Rillaboom|Rillaboom, F|54\/100\n|-fieldstart|move: Grassy Terrain|[from] ability: Grassy Surge|[of] p2a: Rillaboom\n|-terastallize|p1a: Breloom|Grass\n|move|p1a: Breloom|Bullet Seed|p2a: Rillaboom\n|-resisted|p2a: Rillaboom\n|-damage|p2a: Rillaboom|38\/100\n|-resisted|p2a: Rillaboom\n|-damage|p2a: Rillaboom|23\/100\n|-resisted|p2a: Rillaboom\n|-damage|p2a: Rillaboom|7\/100\n|-resisted|p2a: Rillaboom\n|-damage|p2a: Rillaboom|0 fnt\n|faint|p2a: Rillaboom\n|-hitcount|p2: Rillaboom|4\n|\n|-heal|p1a: Breloom|100\/100|[from] Grassy Terrain\n|upkeep\n|\n|t:|1699874462\n|switch|p2a: Okidogi|Okidogi, M|59\/100\n|-damage|p2a: Okidogi|47\/100|[from] Spikes\n|turn|36\n|\n|t:|1699874477\n|switch|p1a: Garchomp|Garchomp, F|25\/100 psn\n|move|p2a: Okidogi|Poison Jab|p1a: Garchomp\n|-resisted|p1a: Garchomp\n|-damage|p1a: Garchomp|7\/100 psn\n|-damage|p2a: Okidogi|35\/100|[from] ability: Rough Skin|[of] p1a: Garchomp\n|\n|-heal|p2a: Okidogi|41\/100|[from] Grassy Terrain\n|-heal|p1a: Garchomp|13\/100 psn|[from] Grassy Terrain\n|-damage|p1a: Garchomp|0 fnt|[from] psn\n|faint|p1a: Garchomp\n|upkeep\n|\n|t:|1699874488\n|switch|p1a: Dragapult|Dragapult, F|88\/100\n|turn|37\n|\n|t:|1699874499\n|move|p1a: Dragapult|Dragon Darts|p2a: Okidogi\n|-damage|p2a: Okidogi|6\/100\n|-anim|p1a: Dragapult|Dragon Darts|p2a: Okidogi\n|-damage|p2a: Okidogi|0 fnt\n|faint|p2a: Okidogi\n|\n|-heal|p1a: Dragapult|94\/100|[from] Grassy Terrain\n|upkeep\n|\n|t:|1699874504\n|switch|p2a: Cresselia|Cresselia, F|100\/100 slp\n|turn|38\n|\n|t:|1699874512\n|move|p1a: Dragapult|Dragon Darts|p2a: Cresselia\n|-damage|p2a: Cresselia|80\/100 slp\n|-anim|p1a: Dragapult|Dragon Darts|p2a: Cresselia\n|-damage|p2a: Cresselia|60\/100 slp\n|-curestatus|p2a: Cresselia|slp|[msg]\n|move|p2a: Cresselia|Thunder Wave|p1a: Dragapult\n|-status|p1a: Dragapult|par\n|\n|-heal|p1a: Dragapult|99\/100 par|[from] Grassy Terrain\n|-heal|p2a: Cresselia|66\/100|[from] item: Leftovers\n|upkeep\n|turn|39\n|\n|t:|1699874533\n|cant|p1a: Dragapult|par\n|move|p2a: Cresselia|Moonlight|p2a: Cresselia\n|-heal|p2a: Cresselia|100\/100\n|\n|-heal|p1a: Dragapult|100\/100 par|[from] Grassy Terrain\n|-fieldend|move: Grassy Terrain\n|upkeep\n|turn|40\n|\n|t:|1699874562\n|switch|p1a: Rillaboom|Rillaboom, F|59\/100\n|-fieldstart|move: Grassy Terrain|[from] ability: Grassy Surge|[of] p1a: Rillaboom\n|move|p2a: Cresselia|Thunder Wave|p1a: Rillaboom\n|-status|p1a: Rillaboom|par\n|\n|-heal|p1a: Rillaboom|65\/100 par|[from] Grassy Terrain\n|upkeep\n|turn|41\n|\n|t:|1699874572\n|switch|p2a: Mandibuzz|Mandibuzz, F|82\/100\n|move|p1a: Rillaboom|Knock Off|p2a: Mandibuzz\n|-resisted|p2a: Mandibuzz\n|-damage|p2a: Mandibuzz|70\/100\n|\n|-heal|p1a: Rillaboom|71\/100 par|[from] Grassy Terrain\n|upkeep\n|turn|42\n|\n|t:|1699874583\n|switch|p1a: Breloom|Breloom, F, tera:Grass|100\/100\n|move|p2a: Mandibuzz|Foul Play|p1a: Breloom\n|-damage|p1a: Breloom|17\/100\n|\n|-heal|p1a: Breloom|23\/100|[from] Grassy Terrain\n|upkeep\n|turn|43\n|\n|t:|1699874603\n|switch|p2a: Forretress|Forretress, F|7\/100 brn\n|-damage|p2a: Forretress|0 fnt|[from] Spikes\n|faint|p2a: Forretress\n|move|p1a: Breloom|Rock Tomb|p2: Forretress|[notarget]\n|-fail|p1a: Breloom\n|\n|-heal|p1a: Breloom|30\/100|[from] Grassy Terrain\n|upkeep\n|\n|t:|1699874608\n|switch|p2a: Jolteon|Jolteon, M, shiny|100\/100\n|turn|44\n|\n|t:|1699874622\n|switch|p1a: Dragapult|Dragapult, F|100\/100 par\n|move|p2a: Jolteon|Thunderbolt|p1a: Dragapult\n|-resisted|p1a: Dragapult\n|-crit|p1a: Dragapult\n|-damage|p1a: Dragapult|56\/100 par\n|\n|-heal|p1a: Dragapult|62\/100 par|[from] Grassy Terrain\n|-fieldend|move: Grassy Terrain\n|upkeep\n|turn|45\n|\n|t:|1699874631\n|move|p2a: Jolteon|Volt Switch|p1a: Dragapult\n|-resisted|p1a: Dragapult\n|-damage|p1a: Dragapult|37\/100 par\n|\n|t:|1699874640\n|switch|p2a: Mandibuzz|Mandibuzz, F|70\/100|[from] Volt Switch\n|move|p1a: Dragapult|U-turn|p2a: Mandibuzz\n|-damage|p2a: Mandibuzz|45\/100\n|\n|t:|1699874646\n|switch|p1a: Breloom|Breloom, F, tera:Grass|30\/100|[from] U-turn\n|\n|upkeep\n|turn|46\n|\n|t:|1699874652\n|switch|p2a: Cresselia|Cresselia, F|100\/100\n|move|p1a: Breloom|Rock Tomb|p2a: Cresselia\n|-damage|p2a: Cresselia|85\/100\n|-unboost|p2a: Cresselia|spe|1\n|\n|-heal|p2a: Cresselia|91\/100|[from] item: Leftovers\n|upkeep\n|turn|47\n|inactive|Battle timer is ON: inactive players will automatically lose when time's up. (requested by Julz0102)\n|\n|t:|1699874679\n|move|p1a: Breloom|Spore|p2a: Cresselia\n|-status|p2a: Cresselia|slp|[from] move: Spore\n|cant|p2a: Cresselia|slp\n|\n|-heal|p2a: Cresselia|98\/100 slp|[from] item: Leftovers\n|upkeep\n|turn|48\n|\n|t:|1699874686\n|switch|p1a: Alomomola|Alomomola, M|100\/100\n|switch|p2a: Jolteon|Jolteon, M, shiny|100\/100\n|\n|upkeep\n|turn|49\n|\n|t:|1699874702\n|move|p2a: Jolteon|Calm Mind|p2a: Jolteon\n|-boost|p2a: Jolteon|spa|1\n|-boost|p2a: Jolteon|spd|1\n|move|p1a: Alomomola|Wish|p1a: Alomomola\n|\n|upkeep\n|turn|50\n|\n|t:|1699874710\n|switch|p1a: Dragapult|Dragapult, F|37\/100 par\n|move|p2a: Jolteon|Thunderbolt|p1a: Dragapult\n|-resisted|p1a: Dragapult\n|-damage|p1a: Dragapult|0 fnt\n|faint|p1a: Dragapult\n|\n|upkeep\n|\n|t:|1699874716\n|switch|p1a: Breloom|Breloom, F, tera:Grass|30\/100\n|turn|51\n|\n|t:|1699874721\n|move|p2a: Jolteon|Thunderbolt|p1a: Breloom\n|-resisted|p1a: Breloom\n|-damage|p1a: Breloom|0 fnt\n|faint|p1a: Breloom\n|\n|upkeep\n|-message|Julz0102 forfeited.\n|\n|win|Gyan99\n|raw|Julz0102's rating: 1180 &rarr; <strong>1161<\/strong><br \/>(-19 for losing)\n|raw|Gyan99's rating: 1268 &rarr; <strong>1287<\/strong><br \/>(+19 for winning)\n|l|\u2606Julz0102\n","uploadtime":1699874764,"views":33,"p1id":"julz0102","p2id":"gyan99","formatid":"gen9ou","rating":1161,"private":0,"password":""}