{"id":"gen9ou-1997293567","p1":"rareold","p2":"Frankpherus","format":"[Gen 9] OU","log":"|j|\u2606rareold\n|j|\u2606Frankpherus\n|t:|1700785673\n|gametype|singles\n|player|p1|rareold|akari|1228\n|player|p2|Frankpherus|101|1242\n|teamsize|p1|6\n|teamsize|p2|6\n|gen|9\n|tier|[Gen 9] OU\n|rated|\n|rule|Sleep Clause Mod: Limit one foe put to sleep\n|rule|Species Clause: Limit one of each Pok\u00e9mon\n|rule|OHKO Clause: OHKO moves are banned\n|rule|Evasion Items Clause: Evasion items are banned\n|rule|Evasion Moves Clause: Evasion moves are banned\n|rule|Endless Battle Clause: Forcing endless battles is banned\n|rule|HP Percentage Mod: HP is shown in percentages\n|clearpoke\n|poke|p1|Dragapult, M|\n|poke|p1|Great Tusk|\n|poke|p1|Enamorus, F|\n|poke|p1|Samurott-Hisui, M|\n|poke|p1|Heatran, M|\n|poke|p1|Meowscarada, M|\n|poke|p2|Mandibuzz, F|\n|poke|p2|Slowking-Galar, F|\n|poke|p2|Kingambit, F|\n|poke|p2|Great Tusk|\n|poke|p2|Dragapult, F|\n|poke|p2|Thundurus-Therian, M|\n|teampreview\n|inactive|Battle timer is ON: inactive players will automatically lose when time's up. (requested by Frankpherus)\n|inactive|Frankpherus has 120 seconds left.\n|\n|t:|1700785723\n|start\n|switch|p1a: Larissa Manoela|Meowscarada, M|100\/100\n|switch|p2a: Thundurus|Thundurus-Therian, M|100\/100\n|turn|1\n|\n|t:|1700785728\n|-terastallize|p2a: Thundurus|Flying\n|move|p1a: Larissa Manoela|U-turn|p2a: Thundurus\n|-start|p1a: Larissa Manoela|typechange|Bug|[from] ability: Protean\n|-resisted|p2a: Thundurus\n|-damage|p2a: Thundurus|75\/100\n|\n|t:|1700785734\n|switch|p1a: Silvio Santos|Heatran, M, shiny|100\/100|[from] U-turn\n|move|p2a: Thundurus|Tera Blast|p1a: Silvio Santos|[anim] Tera Blast Flying\n|-resisted|p1a: Silvio Santos\n|-damage|p1a: Silvio Santos|68\/100\n|\n|-heal|p1a: Silvio Santos|74\/100|[from] item: Leftovers\n|upkeep\n|turn|2\n|\n|t:|1700785748\n|switch|p2a: Great Tusk|Great Tusk|100\/100\n|move|p1a: Silvio Santos|Stealth Rock|p2a: Great Tusk\n|-sidestart|p2: Frankpherus|move: Stealth Rock\n|\n|-heal|p1a: Silvio Santos|80\/100|[from] item: Leftovers\n|upkeep\n|turn|3\n|\n|t:|1700785753\n|move|p2a: Great Tusk|Rapid Spin|p1a: Silvio Santos\n|-resisted|p1a: Silvio Santos\n|-damage|p1a: Silvio Santos|71\/100\n|-boost|p2a: Great Tusk|spe|1\n|-sideend|p2: Frankpherus|Stealth Rock|[from] move: Rapid Spin|[of] p2a: Great Tusk\n|move|p1a: Silvio Santos|Magma Storm|p2a: Great Tusk\n|-damage|p2a: Great Tusk|20\/100\n|-activate|p2a: Great Tusk|move: Magma Storm|[of] p1a: Silvio Santos\n|\n|-heal|p1a: Silvio Santos|77\/100|[from] item: Leftovers\n|-damage|p2a: Great Tusk|8\/100|[from] move: Magma Storm|[partiallytrapped]\n|upkeep\n|turn|4\n|\n|t:|1700785758\n|-terastallize|p1a: Silvio Santos|Grass\n|move|p2a: Great Tusk|Headlong Rush|p1a: Silvio Santos\n|-resisted|p1a: Silvio Santos\n|-damage|p1a: Silvio Santos|43\/100\n|-unboost|p2a: Great Tusk|def|1\n|-unboost|p2a: Great Tusk|spd|1\n|move|p1a: Silvio Santos|Stealth Rock|p2a: Great Tusk\n|-sidestart|p2: Frankpherus|move: Stealth Rock\n|\n|-heal|p1a: Silvio Santos|49\/100|[from] item: Leftovers\n|-damage|p2a: Great Tusk|0 fnt|[from] move: Magma Storm|[partiallytrapped]\n|faint|p2a: Great Tusk\n|-end|p2a: Great Tusk|Protosynthesis|[silent]\n|upkeep\n|\n|t:|1700785780\n|switch|p2a: Slowking|Slowking-Galar, F|100\/100\n|turn|5\n|\n|t:|1700785790\n|move|p1a: Silvio Santos|Taunt|p2a: Slowking\n|-start|p2a: Slowking|move: Taunt\n|move|p2a: Slowking|Future Sight|p1a: Silvio Santos\n|-start|p2a: Slowking|move: Future Sight\n|\n|-heal|p1a: Silvio Santos|55\/100|[from] item: Leftovers\n|upkeep\n|turn|6\n|\n|t:|1700785796\n|move|p1a: Silvio Santos|Magma Storm|p2a: Slowking\n|-damage|p2a: Slowking|71\/100\n|-activate|p2a: Slowking|move: Magma Storm|[of] p1a: Silvio Santos\n|move|p2a: Slowking|Sludge Bomb|p1a: Silvio Santos\n|-supereffective|p1a: Silvio Santos\n|-damage|p1a: Silvio Santos|0 fnt\n|faint|p1a: Silvio Santos\n|\n|-end|p2a: Slowking|Magma Storm|[partiallytrapped]|[silent]\n|upkeep\n|\n|t:|1700785802\n|switch|p1a: Larissa Manoela|Meowscarada, M|100\/100\n|turn|7\n|\n|t:|1700785808\n|switch|p2a: Mandibuzz|Mandibuzz, F|100\/100\n|move|p1a: Larissa Manoela|Knock Off|p2a: Mandibuzz\n|-start|p1a: Larissa Manoela|typechange|Dark|[from] ability: Protean\n|-resisted|p2a: Mandibuzz\n|-damage|p2a: Mandibuzz|87\/100\n|-enditem|p2a: Mandibuzz|Heavy-Duty Boots|[from] move: Knock Off|[of] p1a: Larissa Manoela\n|\n|-end|p1a: Larissa Manoela|move: Future Sight\n|-immune|p1a: Larissa Manoela\n|upkeep\n|turn|8\n|\n|t:|1700785818\n|switch|p1a: Gloria Groove|Enamorus, F, shiny|100\/100\n|move|p2a: Mandibuzz|Defog|p1a: Gloria Groove\n|-boost|p1a: Gloria Groove|evasion|1\n|-sideend|p2: Frankpherus|Stealth Rock|[from] move: Defog|[of] p2a: Mandibuzz\n|\n|upkeep\n|turn|9\n|\n|t:|1700785825\n|move|p1a: Gloria Groove|Moonblast|p2a: Mandibuzz\n|-supereffective|p2a: Mandibuzz\n|-damage|p2a: Mandibuzz|0 fnt\n|faint|p2a: Mandibuzz\n|\n|upkeep\n|\n|t:|1700785832\n|switch|p2a: Thundurus|Thundurus-Therian, M, tera:Flying|75\/100\n|turn|10\n|\n|t:|1700785835\n|move|p2a: Thundurus|Volt Switch|p1a: Gloria Groove|[miss]\n|-miss|p2a: Thundurus|p1a: Gloria Groove\n|move|p1a: Gloria Groove|Moonblast|p2a: Thundurus\n|-damage|p2a: Thundurus|2\/100\n|-unboost|p2a: Thundurus|spa|1\n|\n|upkeep\n|turn|11\n|-message|Frankpherus forfeited.\n|\n|win|rareold\n|raw|rareold's rating: 1228 &rarr; <strong>1254<\/strong><br \/>(+26 for winning)\n|raw|Frankpherus's rating: 1242 &rarr; <strong>1216<\/strong><br \/>(-26 for losing)\n","uploadtime":1700785844,"views":4,"p1id":"rareold","p2id":"frankpherus","formatid":"gen9ou","rating":1216,"private":0,"password":""}