{"id":"gen9ou-1995446043","p1":"sorryforbeingfat","p2":"warsame123","format":"[Gen 9] OU","log":"|j|\u2606sorryforbeingfat\n|j|\u2606warsame123\n|t:|1700571716\n|gametype|singles\n|player|p1|sorryforbeingfat|raifort|1135\n|player|p2|warsame123|266|1062\n|teamsize|p1|6\n|teamsize|p2|6\n|gen|9\n|tier|[Gen 9] OU\n|rated|\n|rule|Sleep Clause Mod: Limit one foe put to sleep\n|rule|Species Clause: Limit one of each Pok\u00e9mon\n|rule|OHKO Clause: OHKO moves are banned\n|rule|Evasion Items Clause: Evasion items are banned\n|rule|Evasion Moves Clause: Evasion moves are banned\n|rule|Endless Battle Clause: Forcing endless battles is banned\n|rule|HP Percentage Mod: HP is shown in percentages\n|clearpoke\n|poke|p1|Mandibuzz, F|\n|poke|p1|Skeledirge, M|\n|poke|p1|Amoonguss, F|\n|poke|p1|Alomomola, M|\n|poke|p1|Clefable, F|\n|poke|p1|Ursaluna, M|\n|poke|p2|Garchomp, F|\n|poke|p2|Kommo-o, F|\n|poke|p2|Ribombee, F|\n|poke|p2|Infernape, F|\n|poke|p2|Goodra-Hisui, M|\n|poke|p2|Hydreigon, M|\n|teampreview\n|inactive|Battle timer is ON: inactive players will automatically lose when time's up. (requested by sorryforbeingfat)\n|inactive|sorryforbeingfat has 120 seconds left.\n|\n|t:|1700571768\n|start\n|switch|p1a: Ursa Major|Ursaluna, M, shiny|100\/100\n|switch|p2a: Ribombee|Ribombee, F|100\/100\n|turn|1\n|\n|t:|1700571775\n|switch|p1a: Shh\u2026|Amoonguss, F|100\/100\n|move|p2a: Ribombee|Sticky Web|p1a: Shh\u2026\n|-sidestart|p1: sorryforbeingfat|move: Sticky Web\n|\n|upkeep\n|turn|2\n|\n|t:|1700571779\n|move|p2a: Ribombee|U-turn|p1a: Shh\u2026\n|-damage|p1a: Shh\u2026|91\/100\n|\n|t:|1700571782\n|switch|p2a: Goodra|Goodra-Hisui, M|100\/100|[from] U-turn\n|move|p1a: Shh\u2026|Clear Smog|p2a: Goodra\n|-immune|p2a: Goodra\n|\n|upkeep\n|turn|3\n|\n|t:|1700571787\n|move|p2a: Goodra|Flamethrower|p1a: Shh\u2026\n|-supereffective|p1a: Shh\u2026\n|-damage|p1a: Shh\u2026|37\/100\n|move|p1a: Shh\u2026|Spore|p2a: Goodra\n|-status|p2a: Goodra|slp|[from] move: Spore\n|\n|upkeep\n|turn|4\n|inactive|sorryforbeingfat has 120 seconds left.\n|\n|t:|1700571834\n|switch|p1a: Ursa Major|Ursaluna, M, shiny|100\/100\n|-activate|p1a: Ursa Major|move: Sticky Web\n|-unboost|p1a: Ursa Major|spe|1\n|cant|p2a: Goodra|slp\n|\n|-status|p1a: Ursa Major|brn|[from] item: Flame Orb\n|upkeep\n|turn|5\n|\n|t:|1700571843\n|cant|p2a: Goodra|slp\n|move|p1a: Ursa Major|Earthquake|p2a: Goodra\n|-supereffective|p2a: Goodra\n|-damage|p2a: Goodra|0 fnt\n|faint|p2a: Goodra\n|\n|-damage|p1a: Ursa Major|94\/100 brn|[from] brn\n|upkeep\n|\n|t:|1700571847\n|switch|p2a: Kommo-o|Kommo-o, F|100\/100\n|turn|6\n|inactive|sorryforbeingfat has 120 seconds left.\n|inactive|sorryforbeingfat has 90 seconds left.\n|inactive|sorryforbeingfat has 60 seconds left.\n|\n|t:|1700571923\n|switch|p1a: Fishy|Alomomola, M|100\/100\n|move|p2a: Kommo-o|Clangorous Soul|p2a: Kommo-o\n|-boost|p2a: Kommo-o|atk|1\n|-boost|p2a: Kommo-o|def|1\n|-boost|p2a: Kommo-o|spa|1\n|-boost|p2a: Kommo-o|spd|1\n|-boost|p2a: Kommo-o|spe|1\n|-damage|p2a: Kommo-o|68\/100\n|-enditem|p2a: Kommo-o|Throat Spray\n|-boost|p2a: Kommo-o|spa|1|[from] item: Throat Spray\n|\n|upkeep\n|turn|7\n|\n|t:|1700571928\n|-terastallize|p2a: Kommo-o|Normal\n|move|p2a: Kommo-o|Boomburst|p1a: Fishy\n|-damage|p1a: Fishy|1\/100\n|move|p1a: Fishy|Scald|p2a: Kommo-o\n|-damage|p2a: Kommo-o|56\/100\n|-status|p2a: Kommo-o|brn\n|\n|-damage|p2a: Kommo-o|50\/100 brn|[from] brn\n|upkeep\n|turn|8\n|\n|t:|1700571937\n|switch|p1a: Enrique|Skeledirge, M|100\/100\n|move|p2a: Kommo-o|Flamethrower|p1a: Enrique\n|-resisted|p1a: Enrique\n|-damage|p1a: Enrique|90\/100\n|\n|-damage|p2a: Kommo-o|44\/100 brn|[from] brn\n|upkeep\n|turn|9\n|inactive|sorryforbeingfat has 60 seconds left.\n|\n|t:|1700571953\n|move|p2a: Kommo-o|Dragon Pulse|p1a: Enrique\n|-damage|p1a: Enrique|64\/100\n|move|p1a: Enrique|Torch Song|p2a: Kommo-o\n|-damage|p2a: Kommo-o|8\/100 brn\n|-boost|p1a: Enrique|spa|1\n|\n|-damage|p2a: Kommo-o|2\/100 brn|[from] brn\n|upkeep\n|turn|10\n|inactive|sorryforbeingfat has 60 seconds left.\n|\n|t:|1700571963\n|move|p2a: Kommo-o|Dragon Pulse|p1a: Enrique\n|-damage|p1a: Enrique|37\/100\n|move|p1a: Enrique|Slack Off|p1a: Enrique\n|-heal|p1a: Enrique|87\/100\n|\n|-damage|p2a: Kommo-o|0 fnt|[from] brn\n|faint|p2a: Kommo-o\n|upkeep\n|\n|t:|1700571966\n|switch|p2a: Garchomp|Garchomp, F|100\/100\n|turn|11\n|\n|t:|1700571976\n|switch|p1a: Vulture|Mandibuzz, F, shiny|100\/100\n|move|p2a: Garchomp|Scale Shot|p1a: Vulture\n|-damage|p1a: Vulture|90\/100\n|-damage|p1a: Vulture|81\/100\n|-damage|p1a: Vulture|70\/100\n|-damage|p1a: Vulture|60\/100\n|-damage|p1a: Vulture|50\/100\n|-hitcount|p1a: Vulture|5\n|-unboost|p2a: Garchomp|def|1\n|-boost|p2a: Garchomp|spe|1\n|\n|upkeep\n|turn|12\n|\n|t:|1700571985\n|switch|p1a: Treble|Clefable, F|100\/100\n|move|p2a: Garchomp|Scale Shot|p1a: Treble\n|-immune|p1a: Treble\n|\n|upkeep\n|turn|13\n|\n|t:|1700571988\n|move|p2a: Garchomp|Poison Jab|p1a: Treble\n|-supereffective|p1a: Treble\n|-damage|p1a: Treble|52\/100\n|move|p1a: Treble|Moonblast|p2a: Garchomp\n|-supereffective|p2a: Garchomp\n|-damage|p2a: Garchomp|28\/100\n|\n|upkeep\n|turn|14\n|inactive|sorryforbeingfat has 90 seconds left.\n|\n|t:|1700571996\n|move|p2a: Garchomp|Poison Jab|p1a: Treble\n|-supereffective|p1a: Treble\n|-damage|p1a: Treble|7\/100\n|move|p1a: Treble|Moonlight|p1a: Treble\n|-heal|p1a: Treble|57\/100\n|\n|upkeep\n|turn|15\n|\n|t:|1700572005\n|switch|p1a: Shh\u2026|Amoonguss, F|70\/100\n|move|p2a: Garchomp|Swords Dance|p2a: Garchomp\n|-boost|p2a: Garchomp|atk|2\n|\n|upkeep\n|turn|16\n|\n|t:|1700572018\n|move|p2a: Garchomp|Scale Shot|p1a: Shh\u2026\n|-damage|p1a: Shh\u2026|52\/100\n|-damage|p1a: Shh\u2026|33\/100\n|-damage|p1a: Shh\u2026|15\/100\n|-damage|p1a: Shh\u2026|0 fnt\n|faint|p1a: Shh\u2026\n|-hitcount|p1: Shh\u2026|4\n|-unboost|p2a: Garchomp|def|1\n|-boost|p2a: Garchomp|spe|1\n|\n|upkeep\n|inactive|sorryforbeingfat has 90 seconds left.\n|\n|t:|1700572049\n|switch|p1a: Treble|Clefable, F|57\/100\n|turn|17\n|\n|t:|1700572064\n|-terastallize|p1a: Treble|Water\n|move|p2a: Garchomp|Poison Jab|p1a: Treble\n|-damage|p1a: Treble|34\/100\n|-status|p1a: Treble|psn\n|move|p1a: Treble|Moonblast|p2a: Garchomp\n|-supereffective|p2a: Garchomp\n|-damage|p2a: Garchomp|0 fnt\n|faint|p2a: Garchomp\n|\n|-damage|p1a: Treble|22\/100 psn|[from] psn\n|upkeep\n|\n|t:|1700572071\n|switch|p2a: Hydreigon|Hydreigon, M|100\/100\n|turn|18\n|\n|t:|1700572082\n|move|p2a: Hydreigon|Dark Pulse|p1a: Treble\n|-damage|p1a: Treble|0 fnt\n|faint|p1a: Treble\n|\n|upkeep\n|\n|t:|1700572093\n|switch|p1a: Fishy|Alomomola, M|34\/100\n|turn|19\n|\n|t:|1700572096\n|move|p1a: Fishy|Protect|p1a: Fishy\n|-singleturn|p1a: Fishy|Protect\n|move|p2a: Hydreigon|Dragon Dance|p2a: Hydreigon\n|-boost|p2a: Hydreigon|atk|1\n|-boost|p2a: Hydreigon|spe|1\n|\n|upkeep\n|turn|20\n|\n|t:|1700572099\n|move|p2a: Hydreigon|Nasty Plot|p2a: Hydreigon\n|-boost|p2a: Hydreigon|spa|2\n|move|p1a: Fishy|Flip Turn|p2a: Hydreigon\n|-resisted|p2a: Hydreigon\n|-damage|p2a: Hydreigon|90\/100\n|inactive|sorryforbeingfat has 90 seconds left.\n|\n|t:|1700572111\n|switch|p1a: Ursa Major|Ursaluna, M, shiny|94\/100 brn|[from] Flip Turn\n|-activate|p1a: Ursa Major|move: Sticky Web\n|-unboost|p1a: Ursa Major|spe|1\n|\n|-damage|p1a: Ursa Major|88\/100 brn|[from] brn\n|upkeep\n|turn|21\n|inactive|sorryforbeingfat has 90 seconds left.\n|\n|t:|1700572123\n|move|p2a: Hydreigon|Dark Pulse|p1a: Ursa Major\n|-damage|p1a: Ursa Major|11\/100 brn\n|cant|p1a: Ursa Major|flinch\n|\n|-damage|p1a: Ursa Major|5\/100 brn|[from] brn\n|upkeep\n|turn|22\n|inactive|sorryforbeingfat has 90 seconds left.\n|c|\u2606sorryforbeingfat|Duck this game\n|\n|t:|1700572142\n|move|p2a: Hydreigon|Nasty Plot|p2a: Hydreigon\n|-boost|p2a: Hydreigon|spa|2\n|move|p1a: Ursa Major|Facade|p2a: Hydreigon\n|-damage|p2a: Hydreigon|0 fnt\n|faint|p2a: Hydreigon\n|\n|-damage|p1a: Ursa Major|0 fnt|[from] brn\n|faint|p1a: Ursa Major\n|upkeep\n|inactive|sorryforbeingfat has 90 seconds left.\n|c|\u2606sorryforbeingfat|You deserve that\n|c|\u2606sorryforbeingfat|Holy shir\n|\n|t:|1700572171\n|switch|p2a: Infernape|Infernape, F|100\/100\n|switch|p1a: Fishy|Alomomola, M|68\/100\n|turn|23\n|\n|t:|1700572179\n|move|p2a: Infernape|Swords Dance|p2a: Infernape\n|-boost|p2a: Infernape|atk|2\n|move|p1a: Fishy|Scald|p2a: Infernape\n|-supereffective|p2a: Infernape\n|-damage|p2a: Infernape|57\/100\n|\n|upkeep\n|turn|24\n|\n|t:|1700572183\n|move|p2a: Infernape|Drain Punch|p1a: Fishy\n|-damage|p1a: Fishy|18\/100\n|-heal|p2a: Infernape|97\/100|[from] drain|[of] p1a: Fishy\n|move|p1a: Fishy|Flip Turn|p2a: Infernape\n|-supereffective|p2a: Infernape\n|-damage|p2a: Infernape|46\/100\n|-enditem|p2a: Infernape|Sitrus Berry|[eat]\n|-heal|p2a: Infernape|71\/100|[from] item: Sitrus Berry\n|\n|t:|1700572186\n|switch|p1a: Enrique|Skeledirge, M|87\/100|[from] Flip Turn\n|\n|upkeep\n|turn|25\n|inactive|sorryforbeingfat has 90 seconds left.\n|\n|t:|1700572198\n|move|p2a: Infernape|Flare Blitz|p1a: Enrique\n|-resisted|p1a: Enrique\n|-damage|p1a: Enrique|66\/100\n|-damage|p2a: Infernape|61\/100|[from] Recoil\n|move|p1a: Enrique|Torch Song|p2a: Infernape\n|-resisted|p2a: Infernape\n|-damage|p2a: Infernape|39\/100\n|-boost|p1a: Enrique|spa|1\n|\n|upkeep\n|turn|26\n|l|\u2606warsame123\n|inactive|warsame123 disconnected and has a minute to reconnect!\n|player|p2|\n|c|\u2606sorryforbeingfat|I hate this genre of guy\n|inactive|warsame123 has 30 seconds to reconnect!\n|c|\u2606sorryforbeingfat|Holy shit\n|inactive|warsame123 has 20 seconds to reconnect!\n|inactive|warsame123 has 15 seconds to reconnect!\n|inactive|warsame123 has 10 seconds to reconnect!\n|inactive|warsame123 has 5 seconds to reconnect!\n|-message|warsame123 lost due to inactivity.\n|\n|win|sorryforbeingfat\n|raw|sorryforbeingfat's rating: 1135 &rarr; <strong>1155<\/strong><br \/>(+20 for winning)\n|raw|warsame123's rating: 1062 &rarr; <strong>1047<\/strong><br \/>(-15 for losing)\n|c|\u2606sorryforbeingfat|You vape and you skate\n|c|\u2606sorryforbeingfat|You deserve to suffer\n","uploadtime":1700572239,"views":2,"p1id":"sorryforbeingfat","p2id":"warsame123","formatid":"gen9ou","rating":1047,"private":0,"password":""}