{"id":"gen9ou-1991515830","p1":"AnvilPro","p2":"TurboKaiSM64","format":"[Gen 9] OU","log":"|j|\u2606AnvilPro\n|j|\u2606TurboKaiSM64\n|t:|1700084071\n|gametype|singles\n|player|p1|AnvilPro|backersf|1116\n|player|p2|TurboKaiSM64|170|1045\n|teamsize|p1|6\n|teamsize|p2|6\n|gen|9\n|tier|[Gen 9] OU\n|rated|\n|rule|Sleep Clause Mod: Limit one foe put to sleep\n|rule|Species Clause: Limit one of each Pok\u00e9mon\n|rule|OHKO Clause: OHKO moves are banned\n|rule|Evasion Items Clause: Evasion items are banned\n|rule|Evasion Moves Clause: Evasion moves are banned\n|rule|Endless Battle Clause: Forcing endless battles is banned\n|rule|HP Percentage Mod: HP is shown in percentages\n|clearpoke\n|poke|p1|Ogerpon-Cornerstone, F|\n|poke|p1|Clefable, M|\n|poke|p1|Dragonite, F|\n|poke|p1|Walking Wake|\n|poke|p1|Hatterene, F|\n|poke|p1|Great Tusk|\n|poke|p2|Ogerpon, F|\n|poke|p2|Gholdengo|\n|poke|p2|Glimmora, F|\n|poke|p2|Iron Moth|\n|poke|p2|Great Tusk|\n|poke|p2|Enamorus, F|\n|teampreview\n|\n|t:|1700084097\n|start\n|switch|p1a: Great Tusk|Great Tusk|100\/100\n|switch|p2a: Glimmora|Glimmora, F|100\/100\n|turn|1\n|\n|t:|1700084108\n|move|p2a: Glimmora|Stealth Rock|p1a: Great Tusk\n|-sidestart|p1: AnvilPro|move: Stealth Rock\n|move|p1a: Great Tusk|Earthquake|p2a: Glimmora\n|-supereffective|p2a: Glimmora\n|-damage|p2a: Glimmora|0 fnt\n|-activate|p2a: Glimmora|ability: Toxic Debris\n|-sidestart|p1: AnvilPro|move: Toxic Spikes\n|faint|p2a: Glimmora\n|\n|upkeep\n|\n|t:|1700084157\n|switch|p2a: Enamorus|Enamorus, F|100\/100\n|turn|2\n|inactive|Battle timer is ON: inactive players will automatically lose when time's up. (requested by AnvilPro)\n|\n|t:|1700084177\n|move|p2a: Enamorus|Moonblast|p1a: Great Tusk\n|-supereffective|p1a: Great Tusk\n|-crit|p1a: Great Tusk\n|-damage|p1a: Great Tusk|0 fnt\n|faint|p1a: Great Tusk\n|-end|p1a: Great Tusk|Protosynthesis|[silent]\n|\n|upkeep\n|\n|t:|1700084190\n|switch|p1a: Clefable|Clefable, M|100\/100\n|-status|p1a: Clefable|psn\n|turn|3\n|\n|t:|1700084197\n|move|p2a: Enamorus|Moonblast|p1a: Clefable\n|-damage|p1a: Clefable|52\/100 psn\n|move|p1a: Clefable|Trick|p2a: Enamorus\n|-activate|p1a: Clefable|move: Trick|[of] p2a: Enamorus\n|-item|p2a: Enamorus|Lagging Tail|[from] move: Trick\n|-item|p1a: Clefable|Choice Specs|[from] move: Trick\n|\n|upkeep\n|turn|4\n|\n|t:|1700084215\n|move|p1a: Clefable|Stealth Rock|p2a: Enamorus\n|-sidestart|p2: TurboKaiSM64|move: Stealth Rock\n|move|p2a: Enamorus|Moonblast|p1a: Clefable\n|-damage|p1a: Clefable|15\/100 psn\n|\n|upkeep\n|turn|5\n|\n|t:|1700084223\n|move|p1a: Clefable|Stealth Rock||[still]\n|-fail|p1a: Clefable\n|move|p2a: Enamorus|Moonblast|p1a: Clefable\n|-damage|p1a: Clefable|0 fnt\n|faint|p1a: Clefable\n|\n|upkeep\n|\n|t:|1700084227\n|switch|p1a: Ogerpon|Ogerpon-Cornerstone, F|100\/100\n|-damage|p1a: Ogerpon|88\/100|[from] Stealth Rock\n|-status|p1a: Ogerpon|psn\n|turn|6\n|\n|t:|1700084237\n|move|p1a: Ogerpon|Ivy Cudgel|p2a: Enamorus|[anim] Ivy Cudgel Rock\n|-supereffective|p2a: Enamorus\n|-damage|p2a: Enamorus|0 fnt\n|faint|p2a: Enamorus\n|\n|-damage|p1a: Ogerpon|76\/100 psn|[from] psn\n|upkeep\n|\n|t:|1700084249\n|switch|p2a: Great Tusk|Great Tusk|100\/100\n|-damage|p2a: Great Tusk|98\/100|[from] Stealth Rock\n|-enditem|p2a: Great Tusk|Booster Energy\n|-activate|p2a: Great Tusk|ability: Protosynthesis|[fromitem]\n|-start|p2a: Great Tusk|protosynthesisatk\n|turn|7\n|\n|t:|1700084253\n|move|p1a: Ogerpon|Spiky Shield|p1a: Ogerpon\n|-singleturn|p1a: Ogerpon|move: Protect\n|move|p2a: Great Tusk|Headlong Rush|p1a: Ogerpon\n|-activate|p1a: Ogerpon|move: Protect\n|-damage|p2a: Great Tusk|85\/100|[from] Spiky Shield|[of] p1a: Ogerpon\n|\n|-damage|p1a: Ogerpon|63\/100 psn|[from] psn\n|upkeep\n|turn|8\n|\n|t:|1700084258\n|move|p1a: Ogerpon|Leech Seed|p2a: Great Tusk\n|-start|p2a: Great Tusk|move: Leech Seed\n|move|p2a: Great Tusk|Ice Spinner|p1a: Ogerpon\n|-supereffective|p1a: Ogerpon\n|-damage|p1a: Ogerpon|0 fnt\n|faint|p1a: Ogerpon\n|\n|upkeep\n|\n|t:|1700084276\n|switch|p1a: Walking Wake|Walking Wake|100\/100\n|-damage|p1a: Walking Wake|88\/100|[from] Stealth Rock\n|-status|p1a: Walking Wake|psn\n|-enditem|p1a: Walking Wake|Booster Energy\n|-activate|p1a: Walking Wake|ability: Protosynthesis|[fromitem]\n|-start|p1a: Walking Wake|protosynthesisspa\n|turn|9\n|\n|t:|1700084283\n|move|p1a: Walking Wake|Surf|p2a: Great Tusk\n|-supereffective|p2a: Great Tusk\n|-damage|p2a: Great Tusk|0 fnt\n|faint|p2a: Great Tusk\n|-end|p2a: Great Tusk|Protosynthesis|[silent]\n|\n|-damage|p1a: Walking Wake|76\/100 psn|[from] psn\n|upkeep\n|\n|t:|1700084292\n|switch|p2a: Gholdengo|Gholdengo|100\/100\n|-damage|p2a: Gholdengo|94\/100|[from] Stealth Rock\n|turn|10\n|\n|t:|1700084301\n|move|p1a: Walking Wake|Flamethrower|p2a: Gholdengo\n|-supereffective|p2a: Gholdengo\n|-damage|p2a: Gholdengo|22\/100\n|-enditem|p2a: Gholdengo|Iapapa Berry|[eat]\n|-heal|p2a: Gholdengo|55\/100|[from] item: Iapapa Berry\n|move|p2a: Gholdengo|Thunderbolt|p1a: Walking Wake\n|-damage|p1a: Walking Wake|38\/100 psn\n|\n|-damage|p1a: Walking Wake|26\/100 psn|[from] psn\n|upkeep\n|turn|11\n|\n|t:|1700084308\n|-terastallize|p2a: Gholdengo|Dark\n|move|p1a: Walking Wake|Surf|p2a: Gholdengo\n|-damage|p2a: Gholdengo|0 fnt\n|faint|p2a: Gholdengo\n|\n|-damage|p1a: Walking Wake|13\/100 psn|[from] psn\n|upkeep\n|\n|t:|1700084318\n|switch|p2a: Iron Moth|Iron Moth|100\/100\n|-damage|p2a: Iron Moth|76\/100|[from] Stealth Rock\n|-enditem|p2a: Iron Moth|Booster Energy\n|-activate|p2a: Iron Moth|ability: Quark Drive|[fromitem]\n|-start|p2a: Iron Moth|quarkdrivespa\n|turn|12\n|\n|t:|1700084321\n|move|p2a: Iron Moth|Fiery Dance|p1a: Walking Wake\n|-resisted|p1a: Walking Wake\n|-damage|p1a: Walking Wake|0 fnt\n|-boost|p2a: Iron Moth|spa|1\n|faint|p1a: Walking Wake\n|-end|p1a: Walking Wake|Protosynthesis|[silent]\n|\n|upkeep\n|\n|t:|1700084328\n|switch|p1a: Hatterene|Hatterene, F|100\/100\n|-damage|p1a: Hatterene|88\/100|[from] Stealth Rock\n|-status|p1a: Hatterene|psn\n|turn|13\n|\n|t:|1700084335\n|move|p2a: Iron Moth|Substitute|p2a: Iron Moth\n|-start|p2a: Iron Moth|Substitute\n|-damage|p2a: Iron Moth|51\/100\n|move|p1a: Hatterene|Psyshock|p2a: Iron Moth\n|-supereffective|p2a: Iron Moth\n|-end|p2a: Iron Moth|Substitute\n|\n|-damage|p1a: Hatterene|76\/100 psn|[from] psn\n|upkeep\n|turn|14\n|\n|t:|1700084342\n|move|p2a: Iron Moth|Sludge Wave|p1a: Hatterene\n|-supereffective|p1a: Hatterene\n|-damage|p1a: Hatterene|0 fnt\n|faint|p1a: Hatterene\n|\n|upkeep\n|\n|t:|1700084344\n|switch|p1a: Dragonite|Dragonite, F|100\/100\n|-damage|p1a: Dragonite|76\/100|[from] Stealth Rock\n|turn|15\n|\n|t:|1700084364\n|move|p2a: Iron Moth|Sludge Wave|p1a: Dragonite\n|-damage|p1a: Dragonite|0 fnt\n|faint|p1a: Dragonite\n|\n|win|TurboKaiSM64\n|raw|AnvilPro's rating: 1116 &rarr; <strong>1086<\/strong><br \/>(-30 for losing)\n|raw|TurboKaiSM64's rating: 1045 &rarr; <strong>1085<\/strong><br \/>(+40 for winning)\n|l|\u2606AnvilPro\n","uploadtime":1700084375,"views":7,"p1id":"anvilpro","p2id":"turbokaism64","formatid":"gen9ou","rating":1085,"private":0,"password":""}