{"id":"gen9ou-1996272349","p1":"guijustme","p2":"ChronoShadowGx","format":"[Gen 9] OU","log":"|j|\u2606guijustme\n|j|\u2606ChronoShadowGx\n|t:|1700666239\n|gametype|singles\n|player|p1|guijustme|dawn|1140\n|player|p2|ChronoShadowGx|burglar|1223\n|teamsize|p1|6\n|teamsize|p2|6\n|gen|9\n|tier|[Gen 9] OU\n|rated|\n|rule|Sleep Clause Mod: Limit one foe put to sleep\n|rule|Species Clause: Limit one of each Pok\u00e9mon\n|rule|OHKO Clause: OHKO moves are banned\n|rule|Evasion Items Clause: Evasion items are banned\n|rule|Evasion Moves Clause: Evasion moves are banned\n|rule|Endless Battle Clause: Forcing endless battles is banned\n|rule|HP Percentage Mod: HP is shown in percentages\n|clearpoke\n|poke|p1|Great Tusk|\n|poke|p1|Gholdengo|\n|poke|p1|Empoleon, F|\n|poke|p1|Iron Hands|\n|poke|p1|Greninja-*, F|\n|poke|p1|Ogerpon-Cornerstone, F|\n|poke|p2|Clefable, F|\n|poke|p2|Great Tusk|\n|poke|p2|Heatran, F|\n|poke|p2|Ribombee, F|\n|poke|p2|Clodsire, F|\n|poke|p2|Kingambit, M|\n|teampreview\n|inactive|Battle timer is ON: inactive players will automatically lose when time's up. (requested by ChronoShadowGx)\n|inactive|guijustme also wants the timer to be on.\n|inactive|ChronoShadowGx has 120 seconds left.\n|\n|t:|1700666274\n|start\n|switch|p1a: Gholdengo|Gholdengo|100\/100\n|switch|p2a: Ribombee|Ribombee, F, shiny|100\/100\n|turn|1\n|\n|t:|1700666284\n|switch|p2a: Clodsire|Clodsire, F|100\/100\n|move|p1a: Gholdengo|Make It Rain|p2a: Clodsire\n|-damage|p2a: Clodsire|62\/100\n|-unboost|p1a: Gholdengo|spa|1\n|\n|-heal|p2a: Clodsire|68\/100|[from] item: Black Sludge\n|upkeep\n|turn|2\n|\n|t:|1700666302\n|switch|p1a: Empoleon|Empoleon, F, shiny|100\/100\n|move|p2a: Clodsire|Stone Edge|p1a: Empoleon\n|-resisted|p1a: Empoleon\n|-crit|p1a: Empoleon\n|-damage|p1a: Empoleon|87\/100\n|\n|-heal|p1a: Empoleon|93\/100|[from] item: Leftovers\n|-heal|p2a: Clodsire|74\/100|[from] item: Black Sludge\n|upkeep\n|turn|3\n|\n|t:|1700666310\n|move|p1a: Empoleon|Ice Beam|p2a: Clodsire\n|-supereffective|p2a: Clodsire\n|-damage|p2a: Clodsire|49\/100\n|move|p2a: Clodsire|Stealth Rock|p1a: Empoleon\n|-sidestart|p1: guijustme|move: Stealth Rock\n|\n|-heal|p1a: Empoleon|99\/100|[from] item: Leftovers\n|-heal|p2a: Clodsire|55\/100|[from] item: Black Sludge\n|upkeep\n|turn|4\n|\n|t:|1700666319\n|move|p1a: Empoleon|Ice Beam|p2a: Clodsire\n|-supereffective|p2a: Clodsire\n|-damage|p2a: Clodsire|27\/100\n|move|p2a: Clodsire|Stone Edge|p1a: Empoleon\n|-resisted|p1a: Empoleon\n|-damage|p1a: Empoleon|88\/100\n|\n|-heal|p1a: Empoleon|95\/100|[from] item: Leftovers\n|-heal|p2a: Clodsire|33\/100|[from] item: Black Sludge\n|upkeep\n|turn|5\n|\n|t:|1700666327\n|move|p1a: Empoleon|Ice Beam|p2a: Clodsire\n|-supereffective|p2a: Clodsire\n|-damage|p2a: Clodsire|5\/100\n|move|p2a: Clodsire|Recover|p2a: Clodsire\n|-heal|p2a: Clodsire|55\/100\n|\n|-heal|p1a: Empoleon|100\/100|[from] item: Leftovers\n|-heal|p2a: Clodsire|61\/100|[from] item: Black Sludge\n|upkeep\n|turn|6\n|\n|t:|1700666335\n|move|p1a: Empoleon|Ice Beam|p2a: Clodsire\n|-supereffective|p2a: Clodsire\n|-damage|p2a: Clodsire|35\/100\n|move|p2a: Clodsire|Recover|p2a: Clodsire\n|-heal|p2a: Clodsire|85\/100\n|\n|-heal|p2a: Clodsire|91\/100|[from] item: Black Sludge\n|upkeep\n|turn|7\n|\n|t:|1700666347\n|switch|p2a: Kingambit|Kingambit, M|100\/100\n|move|p1a: Empoleon|Ice Beam|p2a: Kingambit\n|-resisted|p2a: Kingambit\n|-damage|p2a: Kingambit|90\/100\n|\n|upkeep\n|turn|8\n|\n|t:|1700666354\n|move|p1a: Empoleon|Hydro Pump|p2a: Kingambit\n|-damage|p2a: Kingambit|52\/100\n|move|p2a: Kingambit|Swords Dance|p2a: Kingambit\n|-boost|p2a: Kingambit|atk|2\n|\n|upkeep\n|turn|9\n|\n|t:|1700666361\n|move|p2a: Kingambit|Sucker Punch||[still]\n|-fail|p2a: Kingambit\n|move|p1a: Empoleon|Haze|p1a: Empoleon\n|-clearallboost\n|\n|upkeep\n|turn|10\n|\n|t:|1700666370\n|-end|p2a: Kingambit|fallenundefined|[silent]\n|switch|p2a: Clodsire|Clodsire, F|91\/100\n|move|p1a: Empoleon|Hydro Pump|p2a: Clodsire\n|-heal|p2a: Clodsire|100\/100|[from] ability: Water Absorb|[of] p1a: Empoleon\n|\n|upkeep\n|turn|11\n|\n|t:|1700666381\n|switch|p1a: Great Tusk|Great Tusk|100\/100\n|switch|p2a: Kingambit|Kingambit, M|52\/100\n|\n|upkeep\n|turn|12\n|\n|t:|1700666395\n|move|p1a: Great Tusk|Earthquake|p2a: Kingambit\n|-supereffective|p2a: Kingambit\n|-damage|p2a: Kingambit|0 fnt\n|faint|p2a: Kingambit\n|-end|p2a: Kingambit|fallenundefined|[silent]\n|\n|upkeep\n|\n|t:|1700666399\n|switch|p2a: Great Tusk|Great Tusk|100\/100\n|turn|13\n|\n|t:|1700666405\n|move|p1a: Great Tusk|Rapid Spin|p2a: Great Tusk\n|-damage|p2a: Great Tusk|89\/100\n|-boost|p1a: Great Tusk|spe|1\n|-sideend|p1: guijustme|Stealth Rock|[from] move: Rapid Spin|[of] p1a: Great Tusk\n|move|p2a: Great Tusk|Rapid Spin|p1a: Great Tusk\n|-damage|p1a: Great Tusk|87\/100\n|-boost|p2a: Great Tusk|spe|1\n|\n|upkeep\n|turn|14\n|\n|t:|1700666417\n|move|p1a: Great Tusk|Knock Off|p2a: Great Tusk\n|-resisted|p2a: Great Tusk\n|-damage|p2a: Great Tusk|75\/100\n|-enditem|p2a: Great Tusk|Heavy-Duty Boots|[from] move: Knock Off|[of] p1a: Great Tusk\n|move|p2a: Great Tusk|Ice Spinner|p1a: Great Tusk\n|-supereffective|p1a: Great Tusk\n|-damage|p1a: Great Tusk|48\/100\n|\n|upkeep\n|turn|15\n|\n|t:|1700666431\n|-end|p1a: Great Tusk|Protosynthesis|[silent]\n|switch|p1a: Empoleon|Empoleon, F, shiny|100\/100\n|move|p2a: Great Tusk|Rapid Spin|p1a: Empoleon\n|-resisted|p1a: Empoleon\n|-damage|p1a: Empoleon|92\/100\n|-boost|p2a: Great Tusk|spe|1\n|\n|-heal|p1a: Empoleon|98\/100|[from] item: Leftovers\n|upkeep\n|turn|16\n|\n|t:|1700666445\n|-terastallize|p2a: Great Tusk|Ice\n|move|p2a: Great Tusk|Headlong Rush|p1a: Empoleon\n|-supereffective|p1a: Empoleon\n|-damage|p1a: Empoleon|0 fnt\n|-unboost|p2a: Great Tusk|def|1\n|-unboost|p2a: Great Tusk|spd|1\n|faint|p1a: Empoleon\n|\n|upkeep\n|\n|t:|1700666458\n|switch|p1a: Ogerpon|Ogerpon-Cornerstone, F|100\/100\n|turn|17\n|\n|t:|1700666464\n|move|p2a: Great Tusk|Ice Spinner|p1a: Ogerpon\n|-supereffective|p1a: Ogerpon\n|-ability|p1a: Ogerpon|Sturdy\n|-damage|p1a: Ogerpon|1\/100\n|move|p1a: Ogerpon|Ivy Cudgel|p2a: Great Tusk|[anim] Ivy Cudgel Rock\n|-supereffective|p2a: Great Tusk\n|-damage|p2a: Great Tusk|0 fnt\n|faint|p2a: Great Tusk\n|-end|p2a: Great Tusk|Protosynthesis|[silent]\n|\n|upkeep\n|\n|t:|1700666486\n|switch|p2a: Clodsire|Clodsire, F|100\/100\n|turn|18\n|\n|t:|1700666492\n|move|p1a: Ogerpon|U-turn|p2a: Clodsire\n|-resisted|p2a: Clodsire\n|-damage|p2a: Clodsire|87\/100\n|\n|t:|1700666502\n|switch|p1a: Gholdengo|Gholdengo|100\/100|[from] U-turn\n|move|p2a: Clodsire|Toxic|p1a: Gholdengo\n|-immune|p1a: Gholdengo|[from] ability: Good as Gold\n|\n|-heal|p2a: Clodsire|93\/100|[from] item: Black Sludge\n|upkeep\n|turn|19\n|\n|t:|1700666512\n|move|p1a: Gholdengo|Psychic|p2a: Clodsire\n|-supereffective|p2a: Clodsire\n|-damage|p2a: Clodsire|51\/100\n|move|p2a: Clodsire|Stealth Rock|p1a: Gholdengo\n|-sidestart|p1: guijustme|move: Stealth Rock\n|\n|-heal|p2a: Clodsire|58\/100|[from] item: Black Sludge\n|upkeep\n|turn|20\n|\n|t:|1700666519\n|move|p1a: Gholdengo|Psychic|p2a: Clodsire\n|-supereffective|p2a: Clodsire\n|-damage|p2a: Clodsire|20\/100\n|move|p2a: Clodsire|Recover|p2a: Clodsire\n|-heal|p2a: Clodsire|70\/100\n|\n|-heal|p2a: Clodsire|76\/100|[from] item: Black Sludge\n|upkeep\n|turn|21\n|\n|t:|1700666528\n|move|p1a: Gholdengo|Psychic|p2a: Clodsire\n|-supereffective|p2a: Clodsire\n|-damage|p2a: Clodsire|36\/100\n|move|p2a: Clodsire|Recover|p2a: Clodsire\n|-heal|p2a: Clodsire|86\/100\n|\n|-heal|p2a: Clodsire|93\/100|[from] item: Black Sludge\n|upkeep\n|turn|22\n|\n|t:|1700666538\n|move|p1a: Gholdengo|Psychic|p2a: Clodsire\n|-supereffective|p2a: Clodsire\n|-damage|p2a: Clodsire|51\/100\n|move|p2a: Clodsire|Stone Edge|p1a: Gholdengo\n|-resisted|p1a: Gholdengo\n|-damage|p1a: Gholdengo|89\/100\n|\n|-heal|p2a: Clodsire|58\/100|[from] item: Black Sludge\n|upkeep\n|turn|23\n|\n|t:|1700666547\n|switch|p2a: Clefable|Clefable, F|100\/100\n|move|p1a: Gholdengo|Psychic|p2a: Clefable\n|-damage|p2a: Clefable|69\/100\n|\n|-heal|p2a: Clefable|75\/100|[from] item: Leftovers\n|upkeep\n|turn|24\n|\n|t:|1700666562\n|switch|p1a: Iron Hands|Iron Hands|100\/100\n|-damage|p1a: Iron Hands|94\/100|[from] Stealth Rock\n|move|p2a: Clefable|Draining Kiss|p1a: Iron Hands\n|-supereffective|p1a: Iron Hands\n|-damage|p1a: Iron Hands|50\/100\n|-heal|p2a: Clefable|100\/100|[from] drain|[of] p1a: Iron Hands\n|\n|-heal|p1a: Iron Hands|57\/100|[from] item: Leftovers\n|upkeep\n|turn|25\n|\n|t:|1700666573\n|move|p1a: Iron Hands|Fake Out|p2a: Clefable\n|-damage|p2a: Clefable|82\/100\n|cant|p2a: Clefable|flinch\n|\n|-heal|p2a: Clefable|88\/100|[from] item: Leftovers\n|-heal|p1a: Iron Hands|63\/100|[from] item: Leftovers\n|upkeep\n|turn|26\n|\n|t:|1700666580\n|move|p2a: Clefable|Draining Kiss|p1a: Iron Hands\n|-supereffective|p1a: Iron Hands\n|-damage|p1a: Iron Hands|24\/100\n|-heal|p2a: Clefable|100\/100|[from] drain|[of] p1a: Iron Hands\n|move|p1a: Iron Hands|Wild Charge|p2a: Clefable\n|-damage|p2a: Clefable|41\/100\n|-damage|p1a: Iron Hands|12\/100|[from] Recoil\n|\n|-heal|p2a: Clefable|47\/100|[from] item: Leftovers\n|-heal|p1a: Iron Hands|19\/100|[from] item: Leftovers\n|upkeep\n|turn|27\n|\n|t:|1700666593\n|-end|p1a: Iron Hands|Quark Drive|[silent]\n|switch|p1a: Ogerpon|Ogerpon-Cornerstone, F|1\/100\n|-damage|p1a: Ogerpon|0 fnt|[from] Stealth Rock\n|faint|p1a: Ogerpon\n|move|p2a: Clefable|Draining Kiss|p1: Ogerpon|[notarget]\n|-fail|p2a: Clefable\n|\n|-heal|p2a: Clefable|53\/100|[from] item: Leftovers\n|upkeep\n|inactive|guijustme has 120 seconds left.\n|\n|t:|1700666618\n|switch|p1a: Gholdengo|Gholdengo|89\/100\n|-damage|p1a: Gholdengo|83\/100|[from] Stealth Rock\n|turn|28\n|\n|t:|1700666622\n|switch|p2a: Clodsire|Clodsire, F|58\/100\n|move|p1a: Gholdengo|Make It Rain|p2a: Clodsire\n|-damage|p2a: Clodsire|22\/100\n|-unboost|p1a: Gholdengo|spa|1\n|\n|-heal|p2a: Clodsire|28\/100|[from] item: Black Sludge\n|upkeep\n|turn|29\n|\n|t:|1700666641\n|switch|p1a: Iron Hands|Iron Hands|19\/100\n|-damage|p1a: Iron Hands|12\/100|[from] Stealth Rock\n|move|p2a: Clodsire|Toxic|p1a: Iron Hands\n|-status|p1a: Iron Hands|tox\n|\n|-heal|p1a: Iron Hands|19\/100 tox|[from] item: Leftovers\n|-heal|p2a: Clodsire|34\/100|[from] item: Black Sludge\n|-damage|p1a: Iron Hands|12\/100 tox|[from] psn\n|upkeep\n|turn|30\n|\n|t:|1700666653\n|move|p1a: Iron Hands|Fake Out|p2a: Clodsire\n|-damage|p2a: Clodsire|18\/100\n|cant|p2a: Clodsire|flinch\n|\n|-heal|p1a: Iron Hands|19\/100 tox|[from] item: Leftovers\n|-heal|p2a: Clodsire|24\/100|[from] item: Black Sludge\n|-damage|p1a: Iron Hands|6\/100 tox|[from] psn\n|upkeep\n|turn|31\n|\n|t:|1700666662\n|move|p1a: Iron Hands|Drain Punch|p2a: Clodsire\n|-resisted|p2a: Clodsire\n|-damage|p2a: Clodsire|2\/100\n|-heal|p1a: Iron Hands|16\/100 tox|[from] drain|[of] p2a: Clodsire\n|move|p2a: Clodsire|Recover|p2a: Clodsire\n|-heal|p2a: Clodsire|52\/100\n|\n|-heal|p1a: Iron Hands|22\/100 tox|[from] item: Leftovers\n|-heal|p2a: Clodsire|58\/100|[from] item: Black Sludge\n|-damage|p1a: Iron Hands|3\/100 tox|[from] psn\n|upkeep\n|turn|32\n|\n|t:|1700666672\n|move|p1a: Iron Hands|Drain Punch|p2a: Clodsire\n|-resisted|p2a: Clodsire\n|-damage|p2a: Clodsire|38\/100\n|-heal|p1a: Iron Hands|12\/100 tox|[from] drain|[of] p2a: Clodsire\n|move|p2a: Clodsire|Recover|p2a: Clodsire\n|-heal|p2a: Clodsire|88\/100\n|\n|-heal|p1a: Iron Hands|18\/100 tox|[from] item: Leftovers\n|-heal|p2a: Clodsire|95\/100|[from] item: Black Sludge\n|-damage|p1a: Iron Hands|0 fnt|[from] psn\n|faint|p1a: Iron Hands\n|-end|p1a: Iron Hands|Quark Drive|[silent]\n|upkeep\n|\n|t:|1700666688\n|switch|p1a: Gholdengo|Gholdengo|83\/100\n|-damage|p1a: Gholdengo|77\/100|[from] Stealth Rock\n|turn|33\n|\n|t:|1700666694\n|move|p1a: Gholdengo|Make It Rain|p2a: Clodsire\n|-damage|p2a: Clodsire|57\/100\n|-unboost|p1a: Gholdengo|spa|1\n|move|p2a: Clodsire|Stone Edge|p1a: Gholdengo|[miss]\n|-miss|p2a: Clodsire|p1a: Gholdengo\n|\n|-heal|p2a: Clodsire|64\/100|[from] item: Black Sludge\n|upkeep\n|turn|34\n|\n|t:|1700666709\n|switch|p1a: Great Tusk|Great Tusk|48\/100\n|switch|p2a: Ribombee|Ribombee, F, shiny|100\/100\n|\n|upkeep\n|turn|35\n|\n|t:|1700666724\n|-terastallize|p1a: Great Tusk|Water\n|move|p2a: Ribombee|Draining Kiss|p1a: Great Tusk\n|-damage|p1a: Great Tusk|12\/100\n|move|p1a: Great Tusk|Earthquake|p2a: Ribombee\n|-resisted|p2a: Ribombee\n|-damage|p2a: Ribombee|49\/100\n|\n|upkeep\n|turn|36\n|\n|t:|1700666736\n|move|p2a: Ribombee|Draining Kiss|p1a: Great Tusk\n|-crit|p1a: Great Tusk\n|-damage|p1a: Great Tusk|0 fnt\n|-heal|p2a: Ribombee|61\/100|[from] drain|[of] p1a: Great Tusk\n|faint|p1a: Great Tusk\n|-end|p1a: Great Tusk|Protosynthesis|[silent]\n|\n|upkeep\n|\n|t:|1700666739\n|switch|p1a: Gholdengo|Gholdengo|77\/100\n|-damage|p1a: Gholdengo|71\/100|[from] Stealth Rock\n|turn|37\n|\n|t:|1700666745\n|switch|p2a: Clodsire|Clodsire, F|64\/100\n|move|p1a: Gholdengo|Psychic|p2a: Clodsire\n|-supereffective|p2a: Clodsire\n|-damage|p2a: Clodsire|22\/100\n|\n|-heal|p2a: Clodsire|28\/100|[from] item: Black Sludge\n|upkeep\n|turn|38\n|\n|t:|1700666752\n|switch|p2a: Clefable|Clefable, F|53\/100\n|move|p1a: Gholdengo|Psychic|p2a: Clefable\n|-damage|p2a: Clefable|24\/100\n|\n|-heal|p2a: Clefable|30\/100|[from] item: Leftovers\n|upkeep\n|turn|39\n|\n|t:|1700666760\n|move|p1a: Gholdengo|Psychic|p2a: Clefable\n|-damage|p2a: Clefable|1\/100\n|-unboost|p2a: Clefable|spd|1\n|move|p2a: Clefable|Draining Kiss|p1a: Gholdengo\n|-resisted|p1a: Gholdengo\n|-damage|p1a: Gholdengo|57\/100\n|-heal|p2a: Clefable|9\/100|[from] drain|[of] p1a: Gholdengo\n|\n|-heal|p2a: Clefable|15\/100|[from] item: Leftovers\n|upkeep\n|turn|40\n|\n|t:|1700666770\n|move|p1a: Gholdengo|Psychic|p2a: Clefable\n|-damage|p2a: Clefable|0 fnt\n|faint|p2a: Clefable\n|\n|upkeep\n|\n|t:|1700666774\n|switch|p2a: Ribombee|Ribombee, F, shiny|61\/100\n|turn|41\n|\n|t:|1700666778\n|move|p1a: Gholdengo|Psychic|p2a: Ribombee\n|-damage|p2a: Ribombee|3\/100\n|move|p2a: Ribombee|Quiver Dance|p2a: Ribombee\n|-boost|p2a: Ribombee|spa|1\n|-boost|p2a: Ribombee|spd|1\n|-boost|p2a: Ribombee|spe|1\n|\n|upkeep\n|turn|42\n|\n|t:|1700666793\n|move|p2a: Ribombee|Sticky Web|p1a: Gholdengo\n|-sidestart|p1: guijustme|move: Sticky Web\n|move|p1a: Gholdengo|Psychic|p2a: Ribombee\n|-damage|p2a: Ribombee|0 fnt\n|faint|p2a: Ribombee\n|\n|upkeep\n|\n|t:|1700666800\n|switch|p2a: Heatran|Heatran, F|100\/100\n|-item|p2a: Heatran|Air Balloon\n|turn|43\n|\n|t:|1700666814\n|switch|p1a: Greninja|Greninja, F, shiny|100\/100\n|-damage|p1a: Greninja|88\/100|[from] Stealth Rock\n|-activate|p1a: Greninja|move: Sticky Web\n|-unboost|p1a: Greninja|spe|1\n|move|p2a: Heatran|Earth Power|p1a: Greninja\n|-damage|p1a: Greninja|34\/100\n|\n|upkeep\n|turn|44\n|\n|t:|1700666824\n|move|p2a: Heatran|Earth Power|p1a: Greninja\n|-damage|p1a: Greninja|0 fnt\n|faint|p1a: Greninja\n|\n|upkeep\n|\n|t:|1700666827\n|switch|p1a: Gholdengo|Gholdengo|57\/100\n|-damage|p1a: Gholdengo|51\/100|[from] Stealth Rock\n|-activate|p1a: Gholdengo|move: Sticky Web\n|-unboost|p1a: Gholdengo|spe|1\n|turn|45\n|\n|t:|1700666836\n|move|p1a: Gholdengo|Psychic|p2a: Heatran\n|-resisted|p2a: Heatran\n|-damage|p2a: Heatran|84\/100\n|-unboost|p2a: Heatran|spd|1\n|-enditem|p2a: Heatran|Air Balloon\n|move|p2a: Heatran|Earth Power|p1a: Gholdengo\n|-supereffective|p1a: Gholdengo\n|-damage|p1a: Gholdengo|0 fnt\n|faint|p1a: Gholdengo\n|\n|win|ChronoShadowGx\n|raw|guijustme's rating: 1140 &rarr; <strong>1121<\/strong><br \/>(-19 for losing)\n|raw|ChronoShadowGx's rating: 1223 &rarr; <strong>1242<\/strong><br \/>(+19 for winning)\n|c|\u2606guijustme|Ggs wp\n|c|\u2606ChronoShadowGx|gg!\n","uploadtime":1700666851,"views":0,"p1id":"guijustme","p2id":"chronoshadowgx","formatid":"gen9ou","rating":1121,"private":0,"password":""}