{"id":"gen9ou-1997381440","p1":"Aza Poison","p2":"ElFelikz","format":"[Gen 9] OU","log":"|j|\u2606Aza Poison\n|j|\u203dElFelikz\n|t:|1700796763\n|gametype|singles\n|player|p1|Aza Poison|102|1043\n|player|p2|ElFelikz|gambler|1132\n|teamsize|p1|6\n|teamsize|p2|6\n|gen|9\n|tier|[Gen 9] OU\n|rated|\n|rule|Sleep Clause Mod: Limit one foe put to sleep\n|rule|Species Clause: Limit one of each Pok\u00e9mon\n|rule|OHKO Clause: OHKO moves are banned\n|rule|Evasion Items Clause: Evasion items are banned\n|rule|Evasion Moves Clause: Evasion moves are banned\n|rule|Endless Battle Clause: Forcing endless battles is banned\n|rule|HP Percentage Mod: HP is shown in percentages\n|clearpoke\n|poke|p1|Samurott-Hisui, M|\n|poke|p1|Cryogonal|\n|poke|p1|Braviary-Hisui, M|\n|poke|p1|Lilligant-Hisui, F|\n|poke|p1|Chandelure, M|\n|poke|p1|Iron Moth|\n|poke|p2|Great Tusk|\n|poke|p2|Rillaboom, M|\n|poke|p2|Heatran, M|\n|poke|p2|Manaphy|\n|poke|p2|Zapdos|\n|poke|p2|Samurott-Hisui, M|\n|teampreview\n|\n|t:|1700796769\n|start\n|switch|p1a: Lilligant|Lilligant-Hisui, F, shiny|100\/100\n|switch|p2a: Zapdos|Zapdos|100\/100\n|turn|1\n|\n|t:|1700796777\n|move|p1a: Lilligant|Victory Dance|p1a: Lilligant\n|-boost|p1a: Lilligant|atk|1\n|-boost|p1a: Lilligant|def|1\n|-boost|p1a: Lilligant|spe|1\n|move|p2a: Zapdos|Thunder Wave|p1a: Lilligant\n|-status|p1a: Lilligant|par\n|\n|upkeep\n|turn|2\n|\n|t:|1700796784\n|move|p2a: Zapdos|Hurricane|p1a: Lilligant\n|-supereffective|p1a: Lilligant\n|-enditem|p1a: Lilligant|Focus Sash\n|-damage|p1a: Lilligant|1\/100 par\n|move|p1a: Lilligant|Victory Dance|p1a: Lilligant\n|-boost|p1a: Lilligant|atk|1\n|-boost|p1a: Lilligant|def|1\n|-boost|p1a: Lilligant|spe|1\n|\n|upkeep\n|turn|3\n|\n|t:|1700796794\n|-terastallize|p1a: Lilligant|Ice\n|move|p1a: Lilligant|Ice Spinner|p2a: Zapdos\n|-supereffective|p2a: Zapdos\n|-damage|p2a: Zapdos|0 fnt\n|faint|p2a: Zapdos\n|\n|upkeep\n|\n|t:|1700796800\n|switch|p2a: Samurott|Samurott-Hisui, M, shiny|100\/100\n|turn|4\n|\n|t:|1700796803\n|move|p2a: Samurott|Aqua Jet|p1a: Lilligant\n|-damage|p1a: Lilligant|0 fnt\n|faint|p1a: Lilligant\n|\n|upkeep\n|inactive|Battle timer is ON: inactive players will automatically lose when time's up. (requested by ElFelikz)\n|\n|t:|1700796821\n|switch|p1a: Iron Moth|Iron Moth|100\/100\n|-enditem|p1a: Iron Moth|Booster Energy\n|-activate|p1a: Iron Moth|ability: Quark Drive|[fromitem]\n|-start|p1a: Iron Moth|quarkdrivespa\n|turn|5\n|\n|t:|1700796839\n|switch|p2a: Heatran|Heatran, M|100\/100\n|move|p1a: Iron Moth|Bug Buzz|p2a: Heatran\n|-resisted|p2a: Heatran\n|-damage|p2a: Heatran|88\/100\n|\n|-heal|p2a: Heatran|95\/100|[from] item: Leftovers\n|upkeep\n|turn|6\n|\n|t:|1700796851\n|-end|p1a: Iron Moth|Quark Drive|[silent]\n|switch|p1a: Cryogonal|Cryogonal|100\/100\n|move|p2a: Heatran|Earth Power|p1a: Cryogonal\n|-immune|p1a: Cryogonal|[from] ability: Levitate\n|\n|-heal|p2a: Heatran|100\/100|[from] item: Leftovers\n|upkeep\n|turn|7\n|\n|t:|1700796863\n|switch|p1a: Chandelure|Chandelure, M|100\/100\n|move|p2a: Heatran|Magma Storm|p1a: Chandelure\n|-start|p1a: Chandelure|ability: Flash Fire\n|\n|upkeep\n|turn|8\n|\n|t:|1700796870\n|switch|p2a: Manaphy|Manaphy|100\/100\n|move|p1a: Chandelure|Trick|p2a: Manaphy\n|-activate|p1a: Chandelure|move: Trick|[of] p2a: Manaphy\n|-item|p2a: Manaphy|Choice Scarf|[from] move: Trick\n|-item|p1a: Chandelure|Sitrus Berry|[from] move: Trick\n|\n|upkeep\n|turn|9\n|\n|t:|1700796878\n|move|p2a: Manaphy|Surf|p1a: Chandelure\n|-supereffective|p1a: Chandelure\n|-damage|p1a: Chandelure|0 fnt\n|faint|p1a: Chandelure\n|\n|upkeep\n|\n|t:|1700796883\n|switch|p1a: Cryogonal|Cryogonal|100\/100\n|turn|10\n|\n|t:|1700796887\n|switch|p2a: Heatran|Heatran, M|100\/100\n|move|p1a: Cryogonal|Freeze-Dry|p2a: Heatran\n|-resisted|p2a: Heatran\n|-damage|p2a: Heatran|94\/100\n|\n|-heal|p2a: Heatran|99\/100|[from] item: Leftovers\n|upkeep\n|turn|11\n|\n|t:|1700796897\n|move|p2a: Heatran|Magma Storm|p1a: Cryogonal|[miss]\n|-miss|p2a: Heatran|p1a: Cryogonal\n|move|p1a: Cryogonal|Frost Breath|p2a: Heatran\n|-resisted|p2a: Heatran\n|-crit|p2a: Heatran\n|-damage|p2a: Heatran|91\/100\n|\n|-heal|p2a: Heatran|97\/100|[from] item: Leftovers\n|upkeep\n|turn|12\n|\n|t:|1700796906\n|switch|p1a: Iron Moth|Iron Moth|100\/100\n|move|p2a: Heatran|Magma Storm|p1a: Iron Moth\n|-resisted|p1a: Iron Moth\n|-damage|p1a: Iron Moth|73\/100\n|-activate|p1a: Iron Moth|move: Magma Storm|[of] p2a: Heatran\n|\n|-heal|p2a: Heatran|100\/100|[from] item: Leftovers\n|-damage|p1a: Iron Moth|60\/100|[from] move: Magma Storm|[partiallytrapped]\n|upkeep\n|turn|13\n|\n|t:|1700796914\n|move|p1a: Iron Moth|Electric Terrain|p1a: Iron Moth\n|-fieldstart|move: Electric Terrain\n|-activate|p1a: Iron Moth|ability: Quark Drive\n|-start|p1a: Iron Moth|quarkdrivespa\n|move|p2a: Heatran|Taunt|p1a: Iron Moth\n|-start|p1a: Iron Moth|move: Taunt\n|\n|-damage|p1a: Iron Moth|48\/100|[from] move: Magma Storm|[partiallytrapped]\n|upkeep\n|turn|14\n|\n|t:|1700796924\n|move|p1a: Iron Moth|Bug Buzz|p2a: Heatran\n|-resisted|p2a: Heatran\n|-damage|p2a: Heatran|88\/100\n|move|p2a: Heatran|Earth Power|p1a: Iron Moth\n|-supereffective|p1a: Iron Moth\n|-damage|p1a: Iron Moth|0 fnt\n|faint|p1a: Iron Moth\n|-end|p1a: Iron Moth|Quark Drive|[silent]\n|\n|-heal|p2a: Heatran|95\/100|[from] item: Leftovers\n|upkeep\n|\n|t:|1700796934\n|switch|p1a: Samurott|Samurott-Hisui, M, shiny|100\/100\n|turn|15\n|\n|t:|1700796945\n|switch|p2a: Rillaboom|Rillaboom, M|100\/100\n|-fieldstart|move: Grassy Terrain|[from] ability: Grassy Surge|[of] p2a: Rillaboom\n|move|p1a: Samurott|Swords Dance|p1a: Samurott\n|-boost|p1a: Samurott|atk|2\n|\n|upkeep\n|turn|16\n|\n|t:|1700796953\n|move|p2a: Rillaboom|Grassy Glide|p1a: Samurott\n|-supereffective|p1a: Samurott\n|-damage|p1a: Samurott|0 fnt\n|faint|p1a: Samurott\n|\n|upkeep\n|-message|Aza Poison forfeited.\n|\n|win|ElFelikz\n|raw|Aza Poison's rating: 1043 &rarr; <strong>1031<\/strong><br \/>(-12 for losing)\n|raw|ElFelikz's rating: 1132 &rarr; <strong>1151<\/strong><br \/>(+19 for winning)\n|l|\u2606Aza Poison\n","uploadtime":1700796959,"views":4,"p1id":"azapoison","p2id":"elfelikz","formatid":"gen9ou","rating":1031,"private":0,"password":""}