{"id":"gen9ou-1990864442","p1":"PEEPEEPOOPOO72","p2":"Aggron","format":"[Gen 9] OU","log":"|j|\u2606PEEPEEPOOPOO72\n|j|\u2606Aggron\n|t:|1700009003\n|gametype|singles\n|player|p1|PEEPEEPOOPOO72|266|1776\n|player|p2|Aggron|pokefan-gen4|1781\n|teamsize|p1|6\n|teamsize|p2|6\n|gen|9\n|tier|[Gen 9] OU\n|rated|\n|rule|Sleep Clause Mod: Limit one foe put to sleep\n|rule|Species Clause: Limit one of each Pok\u00e9mon\n|rule|OHKO Clause: OHKO moves are banned\n|rule|Evasion Items Clause: Evasion items are banned\n|rule|Evasion Moves Clause: Evasion moves are banned\n|rule|Endless Battle Clause: Forcing endless battles is banned\n|rule|HP Percentage Mod: HP is shown in percentages\n|clearpoke\n|poke|p1|Sneasler, M|\n|poke|p1|Gholdengo|\n|poke|p1|Heatran, F|\n|poke|p1|Weezing-Galar, M|\n|poke|p1|Kingambit, F|\n|poke|p1|Dondozo, M|\n|poke|p2|Sinistcha-Masterpiece|\n|poke|p2|Tyranitar, F|\n|poke|p2|Heatran, M|\n|poke|p2|Rillaboom, F|\n|poke|p2|Sneasler, F|\n|poke|p2|Samurott-Hisui, F|\n|teampreview\n|inactive|Battle timer is ON: inactive players will automatically lose when time's up. (requested by Aggron)\n|\n|t:|1700009018\n|start\n|switch|p1a: Excuse Me|Sneasler, M|100\/100\n|switch|p2a: Sneasler|Sneasler, F, shiny|100\/100\n|turn|1\n|j| Meelll0\n|\n|t:|1700009031\n|move|p2a: Sneasler|Fake Out|p1a: Excuse Me\n|-damage|p1a: Excuse Me|78\/100\n|cant|p1a: Excuse Me|flinch\n|\n|upkeep\n|turn|2\n|\n|t:|1700009034\n|switch|p2a: Heatran|Heatran, M|100\/100\n|-item|p2a: Heatran|Air Balloon\n|move|p1a: Excuse Me|U-turn|p2a: Heatran\n|-resisted|p2a: Heatran\n|-damage|p2a: Heatran|95\/100\n|-enditem|p2a: Heatran|Air Balloon\n|j| gfhsfgdfgsd\n|\n|t:|1700009041\n|switch|p1a: Thiccfish|Dondozo, M|100\/100|[from] U-turn\n|\n|upkeep\n|turn|3\n|\n|t:|1700009052\n|switch|p2a: Sinistcha|Sinistcha-Masterpiece|100\/100\n|switch|p1a: HeaterMakeEmFrzUp|Heatran, F|100\/100\n|\n|upkeep\n|turn|4\n|\n|t:|1700009056\n|switch|p2a: Samurott|Samurott-Hisui, F|100\/100\n|move|p1a: HeaterMakeEmFrzUp|Lava Plume|p2a: Samurott\n|-resisted|p2a: Samurott\n|-damage|p2a: Samurott|50\/100\n|\n|upkeep\n|turn|5\n|\n|t:|1700009068\n|switch|p2a: Tyranitar|Tyranitar, F, shiny|100\/100\n|-weather|Sandstorm|[from] ability: Sand Stream|[of] p2a: Tyranitar\n|move|p1a: HeaterMakeEmFrzUp|Lava Plume|p2a: Tyranitar\n|-resisted|p2a: Tyranitar\n|-damage|p2a: Tyranitar|83\/100\n|\n|-weather|Sandstorm|[upkeep]\n|upkeep\n|turn|6\n|\n|t:|1700009079\n|move|p1a: HeaterMakeEmFrzUp|Lava Plume|p2a: Tyranitar\n|-resisted|p2a: Tyranitar\n|-damage|p2a: Tyranitar|66\/100\n|-status|p2a: Tyranitar|brn\n|move|p2a: Tyranitar|Low Kick|p1a: HeaterMakeEmFrzUp\n|-supereffective|p1a: HeaterMakeEmFrzUp\n|-damage|p1a: HeaterMakeEmFrzUp|63\/100\n|\n|-weather|Sandstorm|[upkeep]\n|-damage|p2a: Tyranitar|60\/100 brn|[from] brn\n|upkeep\n|turn|7\n|j| Lt_alt1\n|\n|t:|1700009090\n|switch|p1a: Weezing|Weezing-Galar, M|100\/100\n|-ability|p1a: Weezing|Neutralizing Gas\n|move|p2a: Tyranitar|Knock Off|p1a: Weezing\n|-resisted|p1a: Weezing\n|-crit|p1a: Weezing\n|-damage|p1a: Weezing|83\/100\n|-enditem|p1a: Weezing|Leftovers|[from] move: Knock Off|[of] p2a: Tyranitar\n|\n|-weather|Sandstorm|[upkeep]\n|-damage|p1a: Weezing|77\/100|[from] Sandstorm\n|-damage|p2a: Tyranitar|54\/100 brn|[from] brn\n|upkeep\n|turn|8\n|\n|t:|1700009096\n|move|p2a: Tyranitar|Rest|p2a: Tyranitar\n|-status|p2a: Tyranitar|slp|[from] move: Rest\n|-heal|p2a: Tyranitar|100\/100 slp|[silent]\n|move|p1a: Weezing|Will-O-Wisp||[still]\n|-fail|p1a: Weezing\n|\n|-weather|Sandstorm|[upkeep]\n|-damage|p1a: Weezing|71\/100|[from] Sandstorm\n|upkeep\n|turn|9\n|\n|t:|1700009115\n|cant|p2a: Tyranitar|slp\n|move|p1a: Weezing|Pain Split|p2a: Tyranitar\n|-sethp|p2a: Tyranitar|80\/100 slp|[from] move: Pain Split|[silent]\n|-sethp|p1a: Weezing|96\/100|[from] move: Pain Split\n|\n|-weather|none\n|upkeep\n|turn|10\n|\n|t:|1700009123\n|switch|p2a: Heatran|Heatran, M|95\/100\n|move|p1a: Weezing|Will-O-Wisp|p2a: Heatran\n|-immune|p2a: Heatran\n|\n|upkeep\n|turn|11\n|\n|t:|1700009135\n|-end|p1a: Weezing|ability: Neutralizing Gas\n|switch|p1a: Thiccfish|Dondozo, M|100\/100\n|move|p2a: Heatran|Earth Power|p1a: Thiccfish\n|-damage|p1a: Thiccfish|68\/100\n|\n|-heal|p1a: Thiccfish|74\/100|[from] item: Leftovers\n|upkeep\n|turn|12\n|\n|t:|1700009148\n|switch|p2a: Sinistcha|Sinistcha-Masterpiece|100\/100\n|move|p1a: Thiccfish|Waterfall|p2a: Sinistcha\n|-resisted|p2a: Sinistcha\n|-damage|p2a: Sinistcha|91\/100\n|\n|-heal|p1a: Thiccfish|80\/100|[from] item: Leftovers\n|upkeep\n|turn|13\n|\n|t:|1700009156\n|switch|p1a: HeaterMakeEmFrzUp|Heatran, F|63\/100\n|move|p2a: Sinistcha|Shadow Ball|p1a: HeaterMakeEmFrzUp\n|-damage|p1a: HeaterMakeEmFrzUp|38\/100\n|\n|upkeep\n|turn|14\n|\n|t:|1700009161\n|switch|p2a: Tyranitar|Tyranitar, F, shiny|80\/100 slp\n|-weather|Sandstorm|[from] ability: Sand Stream|[of] p2a: Tyranitar\n|move|p1a: HeaterMakeEmFrzUp|Lava Plume|p2a: Tyranitar\n|-resisted|p2a: Tyranitar\n|-damage|p2a: Tyranitar|63\/100 slp\n|\n|-weather|Sandstorm|[upkeep]\n|upkeep\n|turn|15\n|\n|t:|1700009175\n|switch|p1a: Thiccfish|Dondozo, M|80\/100\n|cant|p2a: Tyranitar|slp\n|\n|-weather|Sandstorm|[upkeep]\n|-damage|p1a: Thiccfish|74\/100|[from] Sandstorm\n|-heal|p1a: Thiccfish|80\/100|[from] item: Leftovers\n|upkeep\n|turn|16\n|\n|t:|1700009191\n|switch|p2a: Rillaboom|Rillaboom, F, shiny|100\/100\n|-fieldstart|move: Grassy Terrain|[from] ability: Grassy Surge|[of] p2a: Rillaboom\n|move|p1a: Thiccfish|Waterfall|p2a: Rillaboom\n|-resisted|p2a: Rillaboom\n|-damage|p2a: Rillaboom|85\/100\n|\n|-weather|Sandstorm|[upkeep]\n|-damage|p2a: Rillaboom|79\/100|[from] Sandstorm\n|-damage|p1a: Thiccfish|74\/100|[from] Sandstorm\n|-heal|p2a: Rillaboom|85\/100|[from] Grassy Terrain\n|-heal|p1a: Thiccfish|80\/100|[from] Grassy Terrain\n|-heal|p1a: Thiccfish|87\/100|[from] item: Leftovers\n|upkeep\n|turn|17\n|\n|t:|1700009204\n|switch|p1a: Weezing|Weezing-Galar, M|96\/100\n|-ability|p1a: Weezing|Neutralizing Gas\n|move|p2a: Rillaboom|High Horsepower|p1a: Weezing\n|-supereffective|p1a: Weezing\n|-damage|p1a: Weezing|5\/100\n|\n|-weather|Sandstorm|[upkeep]\n|-damage|p2a: Rillaboom|79\/100|[from] Sandstorm\n|-damage|p1a: Weezing|0 fnt|[from] Sandstorm\n|faint|p1a: Weezing\n|-end|p1a: Weezing|ability: Neutralizing Gas\n|-heal|p2a: Rillaboom|85\/100|[from] Grassy Terrain\n|upkeep\n|\n|t:|1700009209\n|switch|p1a: Excuse Me|Sneasler, M|78\/100\n|turn|18\n|\n|t:|1700009214\n|switch|p2a: Heatran|Heatran, M|95\/100\n|move|p1a: Excuse Me|U-turn|p2a: Heatran\n|-resisted|p2a: Heatran\n|-damage|p2a: Heatran|88\/100\n|-status|p1a: Excuse Me|brn|[from] ability: Flame Body|[of] p2a: Heatran\n|\n|t:|1700009220\n|switch|p1a: Thiccfish|Dondozo, M|87\/100|[from] U-turn\n|\n|-weather|none\n|-heal|p2a: Heatran|95\/100|[from] Grassy Terrain\n|-heal|p1a: Thiccfish|93\/100|[from] Grassy Terrain\n|-heal|p1a: Thiccfish|99\/100|[from] item: Leftovers\n|upkeep\n|turn|19\n|\n|t:|1700009243\n|switch|p2a: Sinistcha|Sinistcha-Masterpiece|91\/100\n|switch|p1a: Gholdengo|Gholdengo|100\/100\n|-item|p1a: Gholdengo|Air Balloon\n|\n|-heal|p2a: Sinistcha|97\/100|[from] Grassy Terrain\n|upkeep\n|turn|20\n|\n|t:|1700009257\n|switch|p2a: Heatran|Heatran, M|95\/100\n|move|p1a: Gholdengo|Shadow Ball|p2a: Heatran\n|-damage|p2a: Heatran|44\/100\n|\n|-heal|p2a: Heatran|51\/100|[from] Grassy Terrain\n|-fieldend|move: Grassy Terrain\n|upkeep\n|turn|21\n|\n|t:|1700009268\n|move|p2a: Heatran|Stealth Rock|p1a: Gholdengo\n|-sidestart|p1: PEEPEEPOOPOO72|move: Stealth Rock\n|move|p1a: Gholdengo|Shadow Ball|p2a: Heatran\n|-damage|p2a: Heatran|3\/100\n|\n|upkeep\n|turn|22\n|\n|t:|1700009272\n|switch|p1a: Thiccfish|Dondozo, M|99\/100\n|-damage|p1a: Thiccfish|86\/100|[from] Stealth Rock\n|move|p2a: Heatran|Magma Storm|p1a: Thiccfish\n|-resisted|p1a: Thiccfish\n|-damage|p1a: Thiccfish|61\/100\n|-activate|p1a: Thiccfish|move: Magma Storm|[of] p2a: Heatran\n|\n|-heal|p1a: Thiccfish|67\/100|[from] item: Leftovers\n|-damage|p1a: Thiccfish|54\/100|[from] move: Magma Storm|[partiallytrapped]\n|upkeep\n|turn|23\n|\n|t:|1700009283\n|switch|p2a: Rillaboom|Rillaboom, F, shiny|85\/100\n|-fieldstart|move: Grassy Terrain|[from] ability: Grassy Surge|[of] p2a: Rillaboom\n|move|p1a: Thiccfish|Rest|p1a: Thiccfish\n|-status|p1a: Thiccfish|slp|[from] move: Rest\n|-heal|p1a: Thiccfish|100\/100 slp|[silent]\n|\n|-heal|p2a: Rillaboom|91\/100|[from] Grassy Terrain\n|-end|p1a: Thiccfish|Magma Storm|[partiallytrapped]|[silent]\n|upkeep\n|turn|24\n|\n|t:|1700009290\n|switch|p1a: Gholdengo|Gholdengo|100\/100\n|-damage|p1a: Gholdengo|94\/100|[from] Stealth Rock\n|-item|p1a: Gholdengo|Air Balloon\n|move|p2a: Rillaboom|Knock Off|p1a: Gholdengo\n|-supereffective|p1a: Gholdengo\n|-damage|p1a: Gholdengo|0 fnt\n|-enditem|p1a: Gholdengo|Air Balloon\n|faint|p1a: Gholdengo\n|\n|-heal|p2a: Rillaboom|97\/100|[from] Grassy Terrain\n|upkeep\n|\n|t:|1700009293\n|switch|p1a: HeaterMakeEmFrzUp|Heatran, F|38\/100\n|-damage|p1a: HeaterMakeEmFrzUp|26\/100|[from] Stealth Rock\n|turn|25\n|\n|t:|1700009298\n|switch|p2a: Tyranitar|Tyranitar, F, shiny|63\/100 slp\n|-weather|Sandstorm|[from] ability: Sand Stream|[of] p2a: Tyranitar\n|move|p1a: HeaterMakeEmFrzUp|Lava Plume|p2a: Tyranitar\n|-resisted|p2a: Tyranitar\n|-damage|p2a: Tyranitar|45\/100 slp\n|\n|-weather|Sandstorm|[upkeep]\n|-heal|p1a: HeaterMakeEmFrzUp|32\/100|[from] Grassy Terrain\n|-heal|p2a: Tyranitar|51\/100 slp|[from] Grassy Terrain\n|upkeep\n|turn|26\n|\n|t:|1700009308\n|switch|p1a: Excuse Me|Sneasler, M|78\/100 brn\n|-damage|p1a: Excuse Me|72\/100 brn|[from] Stealth Rock\n|-curestatus|p2a: Tyranitar|slp|[msg]\n|move|p2a: Tyranitar|Low Kick|p1a: Excuse Me\n|-resisted|p1a: Excuse Me\n|-damage|p1a: Excuse Me|53\/100 brn\n|\n|-weather|Sandstorm|[upkeep]\n|-damage|p1a: Excuse Me|47\/100 brn|[from] Sandstorm\n|-heal|p1a: Excuse Me|53\/100 brn|[from] Grassy Terrain\n|-heal|p2a: Tyranitar|57\/100|[from] Grassy Terrain\n|-damage|p1a: Excuse Me|47\/100 brn|[from] brn\n|upkeep\n|turn|27\n|\n|t:|1700009319\n|switch|p2a: Sneasler|Sneasler, F, shiny|100\/100\n|move|p1a: Excuse Me|Switcheroo|p2a: Sneasler\n|-activate|p1a: Excuse Me|move: Trick|[of] p2a: Sneasler\n|-item|p2a: Sneasler|Choice Scarf|[from] move: Switcheroo\n|-item|p1a: Excuse Me|Protective Pads|[from] move: Switcheroo\n|\n|-weather|Sandstorm|[upkeep]\n|-damage|p2a: Sneasler|95\/100|[from] Sandstorm\n|-damage|p1a: Excuse Me|41\/100 brn|[from] Sandstorm\n|-heal|p2a: Sneasler|100\/100|[from] Grassy Terrain\n|-heal|p1a: Excuse Me|47\/100 brn|[from] Grassy Terrain\n|-damage|p1a: Excuse Me|41\/100 brn|[from] brn\n|-fieldend|move: Grassy Terrain\n|upkeep\n|turn|28\n|j| Van Pyro\n|\n|t:|1700009339\n|switch|p1a: HeaterMakeEmFrzUp|Heatran, F|32\/100\n|-damage|p1a: HeaterMakeEmFrzUp|19\/100|[from] Stealth Rock\n|move|p2a: Sneasler|Close Combat|p1a: HeaterMakeEmFrzUp\n|-supereffective|p1a: HeaterMakeEmFrzUp\n|-damage|p1a: HeaterMakeEmFrzUp|0 fnt\n|-unboost|p2a: Sneasler|def|1\n|-unboost|p2a: Sneasler|spd|1\n|-status|p2a: Sneasler|brn|[from] ability: Flame Body|[of] p1a: HeaterMakeEmFrzUp\n|faint|p1a: HeaterMakeEmFrzUp\n|\n|-weather|Sandstorm|[upkeep]\n|-damage|p2a: Sneasler|95\/100 brn|[from] Sandstorm\n|-damage|p2a: Sneasler|89\/100 brn|[from] brn\n|upkeep\n|\n|t:|1700009351\n|switch|p1a: Thiccfish|Dondozo, M|100\/100 slp\n|-damage|p1a: Thiccfish|88\/100 slp|[from] Stealth Rock\n|turn|29\n|\n|t:|1700009355\n|switch|p2a: Sinistcha|Sinistcha-Masterpiece|97\/100\n|cant|p1a: Thiccfish|slp\n|\n|-weather|none\n|-heal|p1a: Thiccfish|94\/100 slp|[from] item: Leftovers\n|upkeep\n|turn|30\n|c|\u2606PEEPEEPOOPOO72|fug forgot i was sleep\n|\n|t:|1700009368\n|switch|p1a: Excuse Me|Sneasler, M|41\/100 brn\n|-damage|p1a: Excuse Me|35\/100 brn|[from] Stealth Rock\n|move|p2a: Sinistcha|Matcha Gotcha|p1a: Excuse Me\n|-resisted|p1a: Excuse Me\n|-damage|p1a: Excuse Me|14\/100 brn\n|-heal|p2a: Sinistcha|100\/100|[from] drain|[of] p1a: Excuse Me\n|\n|-damage|p1a: Excuse Me|8\/100 brn|[from] brn\n|upkeep\n|turn|31\n|\n|t:|1700009378\n|switch|p2a: Sneasler|Sneasler, F, shiny|89\/100 brn\n|move|p1a: Excuse Me|U-turn|p2a: Sneasler\n|-resisted|p2a: Sneasler\n|-damage|p2a: Sneasler|84\/100 brn\n|\n|t:|1700009380\n|switch|p1a: Thiccfish|Dondozo, M|94\/100 slp|[from] U-turn\n|-damage|p1a: Thiccfish|82\/100 slp|[from] Stealth Rock\n|\n|-heal|p1a: Thiccfish|88\/100 slp|[from] item: Leftovers\n|-damage|p2a: Sneasler|78\/100 brn|[from] brn\n|upkeep\n|turn|32\n|\n|t:|1700009383\n|move|p2a: Sneasler|U-turn|p1a: Thiccfish\n|-damage|p1a: Thiccfish|83\/100 slp\n|\n|t:|1700009384\n|switch|p2a: Sinistcha|Sinistcha-Masterpiece|100\/100|[from] U-turn\n|cant|p1a: Thiccfish|slp\n|move|p1a: Thiccfish|Sleep Talk|p1a: Thiccfish\n|move|p1a: Thiccfish|Curse|p1a: Thiccfish|[from]move: Sleep Talk\n|-unboost|p1a: Thiccfish|spe|1\n|-boost|p1a: Thiccfish|atk|1\n|-boost|p1a: Thiccfish|def|1\n|\n|-heal|p1a: Thiccfish|89\/100 slp|[from] item: Leftovers\n|upkeep\n|turn|33\n|\n|t:|1700009398\n|-terastallize|p1a: Thiccfish|Fairy\n|move|p2a: Sinistcha|Matcha Gotcha|p1a: Thiccfish\n|-damage|p1a: Thiccfish|59\/100 slp\n|-curestatus|p1a: Thiccfish|slp|[msg]\n|move|p1a: Thiccfish|Curse|p1a: Thiccfish\n|-unboost|p1a: Thiccfish|spe|1\n|-boost|p1a: Thiccfish|atk|1\n|-boost|p1a: Thiccfish|def|1\n|\n|-heal|p1a: Thiccfish|65\/100|[from] item: Leftovers\n|upkeep\n|turn|34\n|\n|t:|1700009419\n|switch|p2a: Rillaboom|Rillaboom, F, shiny|97\/100\n|-fieldstart|move: Grassy Terrain|[from] ability: Grassy Surge|[of] p2a: Rillaboom\n|move|p1a: Thiccfish|Curse|p1a: Thiccfish\n|-unboost|p1a: Thiccfish|spe|1\n|-boost|p1a: Thiccfish|atk|1\n|-boost|p1a: Thiccfish|def|1\n|\n|-heal|p2a: Rillaboom|100\/100|[from] Grassy Terrain\n|-heal|p1a: Thiccfish|71\/100|[from] Grassy Terrain\n|-heal|p1a: Thiccfish|77\/100|[from] item: Leftovers\n|upkeep\n|turn|35\n|\n|t:|1700009426\n|move|p2a: Rillaboom|Knock Off|p1a: Thiccfish\n|-resisted|p1a: Thiccfish\n|-damage|p1a: Thiccfish|73\/100\n|-enditem|p1a: Thiccfish|Leftovers|[from] move: Knock Off|[of] p2a: Rillaboom\n|move|p1a: Thiccfish|Curse|p1a: Thiccfish\n|-unboost|p1a: Thiccfish|spe|1\n|-boost|p1a: Thiccfish|atk|1\n|-boost|p1a: Thiccfish|def|1\n|\n|-heal|p1a: Thiccfish|79\/100|[from] Grassy Terrain\n|upkeep\n|turn|36\n|\n|t:|1700009435\n|switch|p2a: Sinistcha|Sinistcha-Masterpiece|100\/100\n|move|p1a: Thiccfish|Waterfall|p2a: Sinistcha\n|-resisted|p2a: Sinistcha\n|-damage|p2a: Sinistcha|70\/100\n|\n|-heal|p2a: Sinistcha|76\/100|[from] Grassy Terrain\n|-heal|p1a: Thiccfish|85\/100|[from] Grassy Terrain\n|upkeep\n|turn|37\n|\n|t:|1700009441\n|move|p2a: Sinistcha|Calm Mind|p2a: Sinistcha\n|-boost|p2a: Sinistcha|spa|1\n|-boost|p2a: Sinistcha|spd|1\n|move|p1a: Thiccfish|Curse|p1a: Thiccfish\n|-unboost|p1a: Thiccfish|spe|1\n|-boost|p1a: Thiccfish|atk|1\n|-boost|p1a: Thiccfish|def|1\n|\n|-heal|p2a: Sinistcha|82\/100|[from] Grassy Terrain\n|-heal|p1a: Thiccfish|91\/100|[from] Grassy Terrain\n|upkeep\n|turn|38\n|\n|t:|1700009445\n|move|p2a: Sinistcha|Calm Mind|p2a: Sinistcha\n|-boost|p2a: Sinistcha|spa|1\n|-boost|p2a: Sinistcha|spd|1\n|move|p1a: Thiccfish|Curse|p1a: Thiccfish\n|-unboost|p1a: Thiccfish|spe|1\n|-boost|p1a: Thiccfish|atk|1\n|-boost|p1a: Thiccfish|def|1\n|\n|-heal|p2a: Sinistcha|88\/100|[from] Grassy Terrain\n|-heal|p1a: Thiccfish|97\/100|[from] Grassy Terrain\n|-fieldend|move: Grassy Terrain\n|upkeep\n|turn|39\n|\n|t:|1700009449\n|move|p2a: Sinistcha|Matcha Gotcha|p1a: Thiccfish\n|-damage|p1a: Thiccfish|65\/100\n|-heal|p2a: Sinistcha|100\/100|[from] drain|[of] p1a: Thiccfish\n|move|p1a: Thiccfish|Waterfall|p2a: Sinistcha\n|-resisted|p2a: Sinistcha\n|-damage|p2a: Sinistcha|66\/100\n|\n|upkeep\n|turn|40\n|\n|t:|1700009456\n|move|p2a: Sinistcha|Matcha Gotcha|p1a: Thiccfish\n|-damage|p1a: Thiccfish|34\/100\n|-heal|p2a: Sinistcha|89\/100|[from] drain|[of] p1a: Thiccfish\n|move|p1a: Thiccfish|Waterfall|p2a: Sinistcha\n|-resisted|p2a: Sinistcha\n|-damage|p2a: Sinistcha|54\/100\n|\n|upkeep\n|turn|41\n|\n|t:|1700009461\n|move|p2a: Sinistcha|Matcha Gotcha|p1a: Thiccfish\n|-damage|p1a: Thiccfish|1\/100\n|-heal|p2a: Sinistcha|77\/100|[from] drain|[of] p1a: Thiccfish\n|move|p1a: Thiccfish|Rest|p1a: Thiccfish\n|-status|p1a: Thiccfish|slp|[from] move: Rest\n|-heal|p1a: Thiccfish|100\/100 slp|[silent]\n|\n|upkeep\n|turn|42\n|\n|t:|1700009466\n|move|p2a: Sinistcha|Shadow Ball|p1a: Thiccfish\n|-damage|p1a: Thiccfish|67\/100 slp\n|cant|p1a: Thiccfish|slp\n|move|p1a: Thiccfish|Sleep Talk|p1a: Thiccfish\n|move|p1a: Thiccfish|Rest||[from]move: Sleep Talk|[still]\n|-fail|p1a: Thiccfish\n|\n|upkeep\n|turn|43\n|j| OMG WEMBANYAMA\n|\n|t:|1700009469\n|move|p2a: Sinistcha|Shadow Ball|p1a: Thiccfish\n|-damage|p1a: Thiccfish|36\/100 slp\n|cant|p1a: Thiccfish|slp\n|move|p1a: Thiccfish|Sleep Talk|p1a: Thiccfish\n|move|p1a: Thiccfish|Rest||[from]move: Sleep Talk|[still]\n|-fail|p1a: Thiccfish\n|\n|upkeep\n|turn|44\n|\n|t:|1700009478\n|move|p2a: Sinistcha|Shadow Ball|p1a: Thiccfish\n|-damage|p1a: Thiccfish|7\/100 slp\n|-curestatus|p1a: Thiccfish|slp|[msg]\n|move|p1a: Thiccfish|Rest|p1a: Thiccfish\n|-status|p1a: Thiccfish|slp|[from] move: Rest\n|-heal|p1a: Thiccfish|100\/100 slp|[silent]\n|\n|upkeep\n|turn|45\n|\n|t:|1700009481\n|move|p2a: Sinistcha|Calm Mind|p2a: Sinistcha\n|-boost|p2a: Sinistcha|spa|1\n|-boost|p2a: Sinistcha|spd|1\n|cant|p1a: Thiccfish|slp\n|move|p1a: Thiccfish|Sleep Talk|p1a: Thiccfish\n|move|p1a: Thiccfish|Waterfall|p2a: Sinistcha|[from]move: Sleep Talk\n|-resisted|p2a: Sinistcha\n|-damage|p2a: Sinistcha|40\/100\n|\n|upkeep\n|turn|46\n|\n|t:|1700009489\n|move|p2a: Sinistcha|Strength Sap|p1a: Thiccfish\n|-unboost|p1a: Thiccfish|atk|1\n|-heal|p2a: Sinistcha|100\/100\n|cant|p1a: Thiccfish|slp\n|move|p1a: Thiccfish|Sleep Talk|p1a: Thiccfish\n|move|p1a: Thiccfish|Waterfall|p2a: Sinistcha|[from]move: Sleep Talk\n|-resisted|p2a: Sinistcha\n|-damage|p2a: Sinistcha|68\/100\n|\n|upkeep\n|turn|47\n|\n|t:|1700009504\n|move|p2a: Sinistcha|Matcha Gotcha|p1a: Thiccfish\n|-crit|p1a: Thiccfish\n|-damage|p1a: Thiccfish|50\/100 slp\n|-heal|p2a: Sinistcha|100\/100|[from] drain|[of] p1a: Thiccfish\n|-curestatus|p1a: Thiccfish|slp|[msg]\n|move|p1a: Thiccfish|Waterfall|p2a: Sinistcha\n|-resisted|p2a: Sinistcha\n|-damage|p2a: Sinistcha|70\/100\n|\n|upkeep\n|turn|48\n|\n|t:|1700009513\n|move|p2a: Sinistcha|Matcha Gotcha|p1a: Thiccfish\n|-damage|p1a: Thiccfish|18\/100\n|-heal|p2a: Sinistcha|93\/100|[from] drain|[of] p1a: Thiccfish\n|move|p1a: Thiccfish|Rest|p1a: Thiccfish\n|-status|p1a: Thiccfish|slp|[from] move: Rest\n|-heal|p1a: Thiccfish|100\/100 slp|[silent]\n|\n|upkeep\n|turn|49\n|\n|t:|1700009520\n|move|p2a: Sinistcha|Shadow Ball|p1a: Thiccfish\n|-damage|p1a: Thiccfish|68\/100 slp\n|cant|p1a: Thiccfish|slp\n|move|p1a: Thiccfish|Sleep Talk|p1a: Thiccfish\n|move|p1a: Thiccfish|Waterfall|p2a: Sinistcha|[from]move: Sleep Talk\n|-resisted|p2a: Sinistcha\n|-damage|p2a: Sinistcha|63\/100\n|\n|upkeep\n|turn|50\n|\n|t:|1700009523\n|move|p2a: Sinistcha|Shadow Ball|p1a: Thiccfish\n|-damage|p1a: Thiccfish|35\/100 slp\n|cant|p1a: Thiccfish|slp\n|move|p1a: Thiccfish|Sleep Talk|p1a: Thiccfish\n|move|p1a: Thiccfish|Curse|p1a: Thiccfish|[from]move: Sleep Talk\n|-boost|p1a: Thiccfish|atk|1\n|\n|upkeep\n|turn|51\n|\n|t:|1700009528\n|move|p2a: Sinistcha|Shadow Ball|p1a: Thiccfish\n|-damage|p1a: Thiccfish|5\/100 slp\n|-unboost|p1a: Thiccfish|spd|1\n|-curestatus|p1a: Thiccfish|slp|[msg]\n|move|p1a: Thiccfish|Rest|p1a: Thiccfish\n|-status|p1a: Thiccfish|slp|[from] move: Rest\n|-heal|p1a: Thiccfish|100\/100 slp|[silent]\n|\n|upkeep\n|turn|52\n|l| OMG WEMBANYAMA\n|\n|t:|1700009532\n|move|p2a: Sinistcha|Calm Mind|p2a: Sinistcha\n|-boost|p2a: Sinistcha|spa|1\n|-boost|p2a: Sinistcha|spd|1\n|cant|p1a: Thiccfish|slp\n|move|p1a: Thiccfish|Sleep Talk|p1a: Thiccfish\n|move|p1a: Thiccfish|Waterfall|p2a: Sinistcha|[from]move: Sleep Talk\n|-resisted|p2a: Sinistcha\n|-damage|p2a: Sinistcha|23\/100\n|\n|upkeep\n|turn|53\n|\n|t:|1700009542\n|move|p2a: Sinistcha|Strength Sap|p1a: Thiccfish\n|-unboost|p1a: Thiccfish|atk|1\n|-heal|p2a: Sinistcha|100\/100\n|cant|p1a: Thiccfish|slp\n|move|p1a: Thiccfish|Sleep Talk|p1a: Thiccfish\n|move|p1a: Thiccfish|Rest||[from]move: Sleep Talk|[still]\n|-fail|p1a: Thiccfish\n|\n|upkeep\n|turn|54\n|\n|t:|1700009546\n|move|p2a: Sinistcha|Shadow Ball|p1a: Thiccfish\n|-damage|p1a: Thiccfish|51\/100 slp\n|-curestatus|p1a: Thiccfish|slp|[msg]\n|move|p1a: Thiccfish|Waterfall|p2a: Sinistcha\n|-resisted|p2a: Sinistcha\n|-damage|p2a: Sinistcha|66\/100\n|\n|upkeep\n|turn|55\n|\n|t:|1700009558\n|move|p2a: Sinistcha|Matcha Gotcha|p1a: Thiccfish\n|-damage|p1a: Thiccfish|7\/100\n|-heal|p2a: Sinistcha|98\/100|[from] drain|[of] p1a: Thiccfish\n|-status|p1a: Thiccfish|brn\n|move|p1a: Thiccfish|Rest|p1a: Thiccfish\n|-status|p1a: Thiccfish|slp|[from] move: Rest\n|-heal|p1a: Thiccfish|100\/100 slp|[silent]\n|\n|upkeep\n|turn|56\n|\n|t:|1700009563\n|move|p2a: Sinistcha|Shadow Ball|p1a: Thiccfish\n|-damage|p1a: Thiccfish|57\/100 slp\n|cant|p1a: Thiccfish|slp\n|move|p1a: Thiccfish|Sleep Talk|p1a: Thiccfish\n|move|p1a: Thiccfish|Curse|p1a: Thiccfish|[from]move: Sleep Talk\n|-boost|p1a: Thiccfish|atk|1\n|\n|upkeep\n|turn|57\n|\n|t:|1700009570\n|move|p2a: Sinistcha|Shadow Ball|p1a: Thiccfish\n|-damage|p1a: Thiccfish|8\/100 slp\n|-unboost|p1a: Thiccfish|spd|1\n|cant|p1a: Thiccfish|slp\n|move|p1a: Thiccfish|Sleep Talk|p1a: Thiccfish\n|move|p1a: Thiccfish|Curse|p1a: Thiccfish|[from]move: Sleep Talk\n|\n|upkeep\n|turn|58\n|\n|t:|1700009576\n|move|p2a: Sinistcha|Shadow Ball|p1a: Thiccfish\n|-damage|p1a: Thiccfish|0 fnt\n|faint|p1a: Thiccfish\n|\n|upkeep\n|\n|t:|1700009578\n|switch|p1a: Excuse Me|Sneasler, M|8\/100 brn\n|-damage|p1a: Excuse Me|2\/100 brn|[from] Stealth Rock\n|turn|59\n|l|\u2606Aggron\n|inactive|Aggron disconnected and has a minute to reconnect!\n|player|p2|\n|j|\u2606Aggron\n|inactive|Aggron reconnected and has 145 seconds left.\n|player|p2|Aggron|pokefan-gen4\n|\n|t:|1700009588\n|-terastallize|p2a: Sinistcha|Poison\n|move|p1a: Excuse Me|Dire Claw|p2a: Sinistcha\n|-resisted|p2a: Sinistcha\n|-damage|p2a: Sinistcha|91\/100\n|-status|p2a: Sinistcha|par\n|move|p2a: Sinistcha|Strength Sap|p1a: Excuse Me\n|-unboost|p1a: Excuse Me|atk|1\n|-heal|p2a: Sinistcha|100\/100 par\n|\n|-damage|p1a: Excuse Me|0 fnt|[from] brn\n|faint|p1a: Excuse Me\n|upkeep\n|\n|t:|1700009594\n|switch|p1a: Still Might Win|Kingambit, F|100\/100\n|-damage|p1a: Still Might Win|94\/100|[from] Stealth Rock\n|-activate|p1a: Still Might Win|ability: Supreme Overlord\n|-start|p1a: Still Might Win|fallen5|[silent]\n|turn|60\n|\n|t:|1700009597\n|switch|p2a: Samurott|Samurott-Hisui, F|50\/100\n|move|p1a: Still Might Win|Swords Dance|p1a: Still Might Win\n|-boost|p1a: Still Might Win|atk|2\n|\n|-heal|p1a: Still Might Win|100\/100|[from] item: Leftovers\n|upkeep\n|turn|61\n|l| gfhsfgdfgsd\n|\n|t:|1700009604\n|move|p2a: Samurott|Encore|p1a: Still Might Win\n|-start|p1a: Still Might Win|Encore\n|move|p1a: Still Might Win|Swords Dance|p1a: Still Might Win\n|-boost|p1a: Still Might Win|atk|2\n|\n|upkeep\n|turn|62\n|\n|t:|1700009607\n|move|p2a: Samurott|Razor Shell|p1a: Still Might Win\n|-damage|p1a: Still Might Win|55\/100\n|-unboost|p1a: Still Might Win|def|1\n|move|p1a: Still Might Win|Swords Dance|p1a: Still Might Win\n|-boost|p1a: Still Might Win|atk|2\n|\n|-heal|p1a: Still Might Win|61\/100|[from] item: Leftovers\n|upkeep\n|turn|63\n|\n|t:|1700009610\n|move|p2a: Samurott|Razor Shell|p1a: Still Might Win\n|-damage|p1a: Still Might Win|0 fnt\n|faint|p1a: Still Might Win\n|-end|p1a: Still Might Win|fallen5|[silent]\n|\n|win|Aggron\n|raw|PEEPEEPOOPOO72's rating: 1776 &rarr; <strong>1756<\/strong><br \/>(-20 for losing)\n|raw|Aggron's rating: 1781 &rarr; <strong>1801<\/strong><br \/>(+20 for winning)\n|c|\u2606PEEPEEPOOPOO72|gg wp\n|c|\u2606Aggron|Gg\n","uploadtime":1700009620,"views":11,"p1id":"peepeepoopoo72","p2id":"aggron","formatid":"gen9ou","rating":1756,"private":0,"password":""}