{"id":"gen9ou-1994157097","p1":"Barbruh67","p2":"VanhominTesting","format":"[Gen 9] OU","log":"|j|\u2606Barbruh67\n|j|\u2606VanhominTesting\n|t:|1700413502\n|gametype|singles\n|player|p1|Barbruh67|harlequin|1151\n|player|p2|VanhominTesting|scientist-gen4|1131\n|teamsize|p1|6\n|teamsize|p2|6\n|gen|9\n|tier|[Gen 9] OU\n|rated|\n|rule|Sleep Clause Mod: Limit one foe put to sleep\n|rule|Species Clause: Limit one of each Pok\u00e9mon\n|rule|OHKO Clause: OHKO moves are banned\n|rule|Evasion Items Clause: Evasion items are banned\n|rule|Evasion Moves Clause: Evasion moves are banned\n|rule|Endless Battle Clause: Forcing endless battles is banned\n|rule|HP Percentage Mod: HP is shown in percentages\n|clearpoke\n|poke|p1|Breloom, M|\n|poke|p1|Great Tusk|\n|poke|p1|Gholdengo|\n|poke|p1|Kingambit, F|\n|poke|p1|Dondozo, M|\n|poke|p1|Skeledirge, M|\n|poke|p2|Zapdos|\n|poke|p2|Glimmora, M|\n|poke|p2|Garganacl, M|\n|poke|p2|Kommo-o, F|\n|poke|p2|Toxapex, F|\n|poke|p2|Ditto|\n|teampreview\n|inactive|Battle timer is ON: inactive players will automatically lose when time's up. (requested by Barbruh67)\n|inactive|VanhominTesting also wants the timer to be on.\n|\n|t:|1700413511\n|start\n|switch|p1a: Breloom|Breloom, M|100\/100\n|switch|p2a: Glimmora|Glimmora, M|100\/100\n|turn|1\n|\n|t:|1700413520\n|switch|p1a: Gholdengo|Gholdengo|100\/100\n|move|p2a: Glimmora|Reflect|p2a: Glimmora\n|-sidestart|p2: VanhominTesting|Reflect\n|\n|upkeep\n|turn|2\n|\n|t:|1700413525\n|move|p2a: Glimmora|Light Screen|p2a: Glimmora\n|-sidestart|p2: VanhominTesting|move: Light Screen\n|move|p1a: Gholdengo|Make It Rain|p2a: Glimmora\n|-supereffective|p2a: Glimmora\n|-damage|p2a: Glimmora|25\/100\n|-unboost|p1a: Gholdengo|spa|1\n|\n|upkeep\n|turn|3\n|inactive|VanhominTesting has 120 seconds left.\n|\n|t:|1700413566\n|switch|p2a: Anemki|Zapdos|100\/100\n|-ability|p2a: Anemki|Pressure\n|move|p1a: Gholdengo|Make It Rain|p2a: Anemki\n|-resisted|p2a: Anemki\n|-damage|p2a: Anemki|88\/100\n|-unboost|p1a: Gholdengo|spa|1\n|\n|-heal|p2a: Anemki|94\/100|[from] item: Leftovers\n|upkeep\n|turn|4\n|\n|t:|1700413578\n|switch|p2a: Kommo-o|Kommo-o, F|100\/100\n|switch|p1a: Great Tusk|Great Tusk|100\/100\n|-enditem|p1a: Great Tusk|Booster Energy\n|-activate|p1a: Great Tusk|ability: Protosynthesis|[fromitem]\n|-start|p1a: Great Tusk|protosynthesisatk\n|\n|upkeep\n|turn|5\n|inactive|VanhominTesting has 120 seconds left.\n|\n|t:|1700413589\n|move|p1a: Great Tusk|Close Combat|p2a: Kommo-o\n|-damage|p2a: Kommo-o|62\/100\n|-unboost|p1a: Great Tusk|def|1\n|-unboost|p1a: Great Tusk|spd|1\n|move|p2a: Kommo-o|Boomburst|p1a: Great Tusk\n|-damage|p1a: Great Tusk|14\/100\n|-enditem|p2a: Kommo-o|Throat Spray\n|-boost|p2a: Kommo-o|spa|1|[from] item: Throat Spray\n|\n|upkeep\n|turn|6\n|inactive|VanhominTesting has 120 seconds left.\n|\n|t:|1700413600\n|move|p1a: Great Tusk|Close Combat|p2a: Kommo-o\n|-damage|p2a: Kommo-o|21\/100\n|-unboost|p1a: Great Tusk|def|1\n|-unboost|p1a: Great Tusk|spd|1\n|move|p2a: Kommo-o|Boomburst|p1a: Great Tusk\n|-damage|p1a: Great Tusk|0 fnt\n|faint|p1a: Great Tusk\n|-end|p1a: Great Tusk|Protosynthesis|[silent]\n|\n|upkeep\n|\n|t:|1700413610\n|switch|p1a: Gholdengo|Gholdengo|100\/100\n|turn|7\n|\n|t:|1700413614\n|move|p2a: Kommo-o|Flamethrower|p1a: Gholdengo\n|-supereffective|p1a: Gholdengo\n|-damage|p1a: Gholdengo|21\/100\n|move|p1a: Gholdengo|Shadow Ball|p2a: Kommo-o\n|-immune|p2a: Kommo-o|[from] ability: Bulletproof\n|\n|upkeep\n|turn|8\n|\n|t:|1700413621\n|switch|p1a: Dondozo|Dondozo, M|100\/100\n|move|p2a: Kommo-o|Flamethrower|p1a: Dondozo\n|-resisted|p1a: Dondozo\n|-damage|p1a: Dondozo|88\/100\n|\n|-heal|p1a: Dondozo|95\/100|[from] item: Leftovers\n|-sideend|p2: VanhominTesting|Reflect\n|upkeep\n|turn|9\n|\n|t:|1700413631\n|switch|p2a: Anemki|Zapdos|94\/100\n|-ability|p2a: Anemki|Pressure\n|move|p1a: Dondozo|Curse|p1a: Dondozo\n|-unboost|p1a: Dondozo|spe|1\n|-boost|p1a: Dondozo|atk|1\n|-boost|p1a: Dondozo|def|1\n|\n|-heal|p2a: Anemki|100\/100|[from] item: Leftovers\n|-heal|p1a: Dondozo|100\/100|[from] item: Leftovers\n|-sideend|p2: VanhominTesting|move: Light Screen\n|upkeep\n|turn|10\n|\n|t:|1700413636\n|switch|p1a: Gholdengo|Gholdengo|21\/100\n|move|p2a: Anemki|Thunderbolt|p1a: Gholdengo\n|-damage|p1a: Gholdengo|0 fnt\n|faint|p1a: Gholdengo\n|\n|upkeep\n|\n|t:|1700413643\n|switch|p1a: Skeledirge|Skeledirge, M|100\/100\n|turn|11\n|\n|t:|1700413647\n|move|p2a: Anemki|Thunderbolt|p1a: Skeledirge\n|-damage|p1a: Skeledirge|55\/100\n|move|p1a: Skeledirge|Torch Song|p2a: Anemki\n|-damage|p2a: Anemki|55\/100\n|-boost|p1a: Skeledirge|spa|1\n|\n|-heal|p2a: Anemki|62\/100|[from] item: Leftovers\n|upkeep\n|turn|12\n|\n|t:|1700413650\n|move|p2a: Anemki|Thunderbolt|p1a: Skeledirge\n|-damage|p1a: Skeledirge|10\/100\n|move|p1a: Skeledirge|Torch Song|p2a: Anemki\n|-damage|p2a: Anemki|0 fnt\n|-boost|p1a: Skeledirge|spa|1\n|faint|p2a: Anemki\n|\n|upkeep\n|\n|t:|1700413653\n|switch|p2a: Recursion|Ditto|100\/100\n|-transform|p2a: Recursion|p1a: Skeledirge|[from] ability: Imposter\n|turn|13\n|\n|t:|1700413662\n|switch|p1a: Dondozo|Dondozo, M|100\/100\n|move|p2a: Recursion|Torch Song|p1a: Dondozo\n|-resisted|p1a: Dondozo\n|-damage|p1a: Dondozo|82\/100\n|-boost|p2a: Recursion|spa|1\n|\n|-heal|p1a: Dondozo|89\/100|[from] item: Leftovers\n|upkeep\n|turn|14\n|\n|t:|1700413671\n|switch|p2a: Aristotle|Toxapex, F|100\/100\n|move|p1a: Dondozo|Curse|p1a: Dondozo\n|-unboost|p1a: Dondozo|spe|1\n|-boost|p1a: Dondozo|atk|1\n|-boost|p1a: Dondozo|def|1\n|\n|-heal|p1a: Dondozo|95\/100|[from] item: Leftovers\n|upkeep\n|turn|15\n|\n|t:|1700413675\n|move|p2a: Aristotle|Toxic|p1a: Dondozo\n|-status|p1a: Dondozo|tox\n|move|p1a: Dondozo|Curse|p1a: Dondozo\n|-unboost|p1a: Dondozo|spe|1\n|-boost|p1a: Dondozo|atk|1\n|-boost|p1a: Dondozo|def|1\n|\n|-heal|p1a: Dondozo|100\/100 tox|[from] item: Leftovers\n|-damage|p1a: Dondozo|94\/100 tox|[from] psn\n|upkeep\n|turn|16\n|\n|t:|1700413679\n|switch|p2a: Catalyst|Garganacl, M, shiny|100\/100\n|move|p1a: Dondozo|Wave Crash|p2a: Catalyst\n|-supereffective|p2a: Catalyst\n|-damage|p2a: Catalyst|0 fnt\n|faint|p2a: Catalyst\n|-damage|p1a: Dondozo|68\/100 tox|[from] Recoil\n|\n|-heal|p1a: Dondozo|74\/100 tox|[from] item: Leftovers\n|-damage|p1a: Dondozo|62\/100 tox|[from] psn\n|upkeep\n|\n|t:|1700413684\n|switch|p2a: Glimmora|Glimmora, M|25\/100\n|turn|17\n|\n|t:|1700413689\n|move|p2a: Glimmora|Reflect|p2a: Glimmora\n|-sidestart|p2: VanhominTesting|Reflect\n|move|p1a: Dondozo|Rest|p1a: Dondozo\n|-status|p1a: Dondozo|slp|[from] move: Rest\n|-heal|p1a: Dondozo|100\/100 slp|[silent]\n|\n|upkeep\n|turn|18\n|\n|t:|1700413711\n|switch|p2a: Aristotle|Toxapex, F|100\/100\n|cant|p1a: Dondozo|slp\n|move|p1a: Dondozo|Sleep Talk|p1a: Dondozo\n|move|p1a: Dondozo|Wave Crash|p2a: Aristotle|[from]move: Sleep Talk\n|-resisted|p2a: Aristotle\n|-damage|p2a: Aristotle|89\/100\n|-damage|p1a: Dondozo|98\/100 slp|[from] Recoil\n|\n|-heal|p2a: Aristotle|95\/100|[from] item: Black Sludge\n|-heal|p1a: Dondozo|100\/100 slp|[from] item: Leftovers\n|upkeep\n|turn|19\n|\n|t:|1700413715\n|move|p2a: Aristotle|Chilling Water|p1a: Dondozo\n|-resisted|p1a: Dondozo\n|-damage|p1a: Dondozo|96\/100 slp\n|-unboost|p1a: Dondozo|atk|1\n|cant|p1a: Dondozo|slp\n|move|p1a: Dondozo|Sleep Talk|p1a: Dondozo\n|move|p1a: Dondozo|Wave Crash|p2a: Aristotle|[from]move: Sleep Talk\n|-resisted|p2a: Aristotle\n|-damage|p2a: Aristotle|85\/100\n|-damage|p1a: Dondozo|94\/100 slp|[from] Recoil\n|\n|-heal|p2a: Aristotle|92\/100|[from] item: Black Sludge\n|-heal|p1a: Dondozo|99\/100 slp|[from] item: Leftovers\n|upkeep\n|turn|20\n|\n|t:|1700413720\n|move|p2a: Aristotle|Chilling Water|p1a: Dondozo\n|-resisted|p1a: Dondozo\n|-damage|p1a: Dondozo|95\/100 slp\n|-unboost|p1a: Dondozo|atk|1\n|-curestatus|p1a: Dondozo|slp|[msg]\n|move|p1a: Dondozo|Curse|p1a: Dondozo\n|-unboost|p1a: Dondozo|spe|1\n|-boost|p1a: Dondozo|atk|1\n|-boost|p1a: Dondozo|def|1\n|\n|-heal|p2a: Aristotle|98\/100|[from] item: Black Sludge\n|-heal|p1a: Dondozo|100\/100|[from] item: Leftovers\n|upkeep\n|turn|21\n|\n|t:|1700413725\n|move|p2a: Aristotle|Toxic|p1a: Dondozo\n|-status|p1a: Dondozo|tox\n|move|p1a: Dondozo|Wave Crash|p2a: Aristotle\n|-resisted|p2a: Aristotle\n|-damage|p2a: Aristotle|89\/100\n|-damage|p1a: Dondozo|99\/100 tox|[from] Recoil\n|\n|-heal|p2a: Aristotle|95\/100|[from] item: Black Sludge\n|-heal|p1a: Dondozo|100\/100 tox|[from] item: Leftovers\n|-damage|p1a: Dondozo|94\/100 tox|[from] psn\n|upkeep\n|turn|22\n|\n|t:|1700413731\n|switch|p1a: Breloom|Breloom, M|100\/100\n|move|p2a: Aristotle|Chilling Water|p1a: Breloom\n|-resisted|p1a: Breloom\n|-damage|p1a: Breloom|90\/100\n|-unboost|p1a: Breloom|atk|1\n|\n|-heal|p2a: Aristotle|100\/100|[from] item: Black Sludge\n|upkeep\n|turn|23\n|\n|t:|1700413737\n|switch|p2a: Recursion|Ditto|100\/100\n|-transform|p2a: Recursion|p1a: Breloom|[from] ability: Imposter\n|move|p1a: Breloom|Spore|p2a: Recursion\n|-immune|p2a: Recursion\n|\n|upkeep\n|turn|24\n|\n|t:|1700413743\n|move|p2a: Recursion|Mach Punch|p1a: Breloom\n|-damage|p1a: Breloom|56\/100\n|move|p1a: Breloom|Mach Punch|p2a: Recursion\n|-damage|p2a: Recursion|87\/100\n|\n|-sideend|p2: VanhominTesting|Reflect\n|upkeep\n|turn|25\n|\n|t:|1700413748\n|switch|p1a: Skeledirge|Skeledirge, M|10\/100\n|move|p2a: Recursion|Mach Punch|p1a: Skeledirge\n|-immune|p1a: Skeledirge\n|\n|upkeep\n|turn|26\n|\n|t:|1700413755\n|switch|p2a: Aristotle|Toxapex, F|100\/100\n|move|p1a: Skeledirge|Slack Off|p1a: Skeledirge\n|-heal|p1a: Skeledirge|60\/100\n|\n|upkeep\n|turn|27\n|\n|t:|1700413761\n|move|p1a: Skeledirge|Shadow Ball|p2a: Aristotle\n|-damage|p2a: Aristotle|68\/100\n|move|p2a: Aristotle|Toxic|p1a: Skeledirge\n|-status|p1a: Skeledirge|tox\n|\n|-heal|p2a: Aristotle|74\/100|[from] item: Black Sludge\n|-damage|p1a: Skeledirge|54\/100 tox|[from] psn\n|upkeep\n|turn|28\n|\n|t:|1700413768\n|move|p2a: Aristotle|Protect|p2a: Aristotle\n|-singleturn|p2a: Aristotle|Protect\n|move|p1a: Skeledirge|Torch Song|p2a: Aristotle\n|-activate|p2a: Aristotle|move: Protect\n|\n|-heal|p2a: Aristotle|80\/100|[from] item: Black Sludge\n|-damage|p1a: Skeledirge|42\/100 tox|[from] psn\n|upkeep\n|turn|29\n|\n|t:|1700413773\n|move|p1a: Skeledirge|Torch Song|p2a: Aristotle\n|-resisted|p2a: Aristotle\n|-damage|p2a: Aristotle|64\/100\n|-boost|p1a: Skeledirge|spa|1\n|move|p2a: Aristotle|Recover|p2a: Aristotle\n|-heal|p2a: Aristotle|100\/100\n|\n|-damage|p1a: Skeledirge|23\/100 tox|[from] psn\n|upkeep\n|turn|30\n|\n|t:|1700413776\n|move|p1a: Skeledirge|Slack Off|p1a: Skeledirge\n|-heal|p1a: Skeledirge|73\/100 tox\n|move|p2a: Aristotle|Chilling Water|p1a: Skeledirge\n|-supereffective|p1a: Skeledirge\n|-damage|p1a: Skeledirge|53\/100 tox\n|-unboost|p1a: Skeledirge|atk|1\n|\n|-damage|p1a: Skeledirge|29\/100 tox|[from] psn\n|upkeep\n|turn|31\n|\n|t:|1700413782\n|move|p2a: Aristotle|Protect|p2a: Aristotle\n|-singleturn|p2a: Aristotle|Protect\n|move|p1a: Skeledirge|Shadow Ball|p2a: Aristotle\n|-activate|p2a: Aristotle|move: Protect\n|\n|-damage|p1a: Skeledirge|0 fnt|[from] psn\n|faint|p1a: Skeledirge\n|upkeep\n|\n|t:|1700413789\n|switch|p1a: Breloom|Breloom, M|56\/100\n|turn|32\n|\n|t:|1700413798\n|switch|p2a: Glimmora|Glimmora, M|25\/100\n|move|p1a: Breloom|Bullet Seed|p2a: Glimmora\n|-damage|p2a: Glimmora|6\/100\n|-activate|p2a: Glimmora|ability: Toxic Debris\n|-sidestart|p1: Barbruh67|move: Toxic Spikes\n|-damage|p2a: Glimmora|0 fnt\n|-activate|p2a: Glimmora|ability: Toxic Debris\n|-sidestart|p1: Barbruh67|move: Toxic Spikes\n|faint|p2a: Glimmora\n|-hitcount|p2: Glimmora|2\n|\n|upkeep\n|\n|t:|1700413812\n|switch|p2a: Recursion|Ditto|87\/100\n|-transform|p2a: Recursion|p1a: Breloom|[from] ability: Imposter\n|turn|33\n|\n|t:|1700413821\n|move|p2a: Recursion|Mach Punch|p1a: Breloom\n|-damage|p1a: Breloom|9\/100\n|move|p1a: Breloom|Rock Tomb|p2a: Recursion|[miss]\n|-miss|p1a: Breloom|p2a: Recursion\n|\n|upkeep\n|turn|34\n|\n|t:|1700413826\n|move|p2a: Recursion|Mach Punch|p1a: Breloom\n|-damage|p1a: Breloom|0 fnt\n|faint|p1a: Breloom\n|\n|upkeep\n|\n|t:|1700413829\n|switch|p1a: Dondozo|Dondozo, M|94\/100 tox\n|turn|35\n|\n|t:|1700413832\n|switch|p2a: Aristotle|Toxapex, F|100\/100\n|move|p1a: Dondozo|Curse|p1a: Dondozo\n|-unboost|p1a: Dondozo|spe|1\n|-boost|p1a: Dondozo|atk|1\n|-boost|p1a: Dondozo|def|1\n|\n|-heal|p1a: Dondozo|100\/100 tox|[from] item: Leftovers\n|-damage|p1a: Dondozo|94\/100 tox|[from] psn\n|upkeep\n|turn|36\n|\n|t:|1700413835\n|move|p2a: Aristotle|Chilling Water|p1a: Dondozo\n|-resisted|p1a: Dondozo\n|-damage|p1a: Dondozo|90\/100 tox\n|-unboost|p1a: Dondozo|atk|1\n|move|p1a: Dondozo|Curse|p1a: Dondozo\n|-unboost|p1a: Dondozo|spe|1\n|-boost|p1a: Dondozo|atk|1\n|-boost|p1a: Dondozo|def|1\n|\n|-heal|p1a: Dondozo|96\/100 tox|[from] item: Leftovers\n|-damage|p1a: Dondozo|83\/100 tox|[from] psn\n|upkeep\n|turn|37\n|-message|Barbruh67 forfeited.\n|\n|win|VanhominTesting\n|raw|Barbruh67's rating: 1151 &rarr; <strong>1125<\/strong><br \/>(-26 for losing)\n|raw|VanhominTesting's rating: 1131 &rarr; <strong>1157<\/strong><br \/>(+26 for winning)\n|l|\u2606Barbruh67\n","uploadtime":1700413884,"views":16,"p1id":"barbruh67","p2id":"vanhomintesting","formatid":"gen9ou","rating":1125,"private":0,"password":""}