{"id":"gen9ou-1988714998","p1":"razerblake","p2":"Martin80","format":"[Gen 9] OU","log":"|j|\u2606razerblake\n|j|\u2606Martin80\n|inactive|Battle timer is ON: inactive players will automatically lose when time's up.\n|t:|1699754026\n|gametype|singles\n|player|p1|razerblake|pokekid|\n|player|p2|Martin80|steven|\n|teamsize|p1|6\n|teamsize|p2|6\n|gen|9\n|tier|[Gen 9] OU\n|rated|Tournament battle\n|rule|Sleep Clause Mod: Limit one foe put to sleep\n|rule|Species Clause: Limit one of each Pok\u00e9mon\n|rule|OHKO Clause: OHKO moves are banned\n|rule|Evasion Items Clause: Evasion items are banned\n|rule|Evasion Moves Clause: Evasion moves are banned\n|rule|Endless Battle Clause: Forcing endless battles is banned\n|rule|HP Percentage Mod: HP is shown in percentages\n|clearpoke\n|poke|p1|Gholdengo|\n|poke|p1|Dragapult, M|\n|poke|p1|Rillaboom, F|\n|poke|p1|Sneasler, F|\n|poke|p1|Samurott-Hisui, M|\n|poke|p1|Landorus-Therian, M|\n|poke|p2|Cinderace, M|\n|poke|p2|Rillaboom, M|\n|poke|p2|Okidogi, M|\n|poke|p2|Gholdengo|\n|poke|p2|Quaquaval, F|\n|poke|p2|Houndstone, M|\n|teampreview\n|inactive|razerblake also wants the timer to be on.\n|c|\u2606Martin80|buena suerte\n|c|\u2606razerblake|tu tambien\n|c|\u2606razerblake|auqnue igual no se, estoy aqui de suerte me parece xD\n|c|\u2606Martin80|que sea lo que dios quiera para ti y para mi\n|inactive|Martin80 has 120 seconds left.\n|\n|t:|1699754058\n|start\n|switch|p1a: M.R.|Dragapult, M|100\/100\n|switch|p2a: Mario Hugo|Okidogi, M|100\/100\n|turn|1\n|\n|t:|1699754064\n|move|p1a: M.R.|Reflect|p1a: M.R.\n|-sidestart|p1: razerblake|Reflect\n|move|p2a: Mario Hugo|Knock Off|p1a: M.R.\n|-supereffective|p1a: M.R.\n|-damage|p1a: M.R.|46\/100\n|-enditem|p1a: M.R.|Light Clay|[from] move: Knock Off|[of] p2a: Mario Hugo\n|\n|upkeep\n|turn|2\n|j| pastorulipal\n|j| roromen007\n|\n|t:|1699754071\n|move|p1a: M.R.|Light Screen|p1a: M.R.\n|-sidestart|p1: razerblake|move: Light Screen\n|move|p2a: Mario Hugo|Knock Off|p1a: M.R.\n|-supereffective|p1a: M.R.\n|-damage|p1a: M.R.|7\/100\n|-status|p1a: M.R.|tox|[from] ability: Toxic Chain|[of] p2a: Mario Hugo\n|\n|-damage|p1a: M.R.|1\/100 tox|[from] psn\n|upkeep\n|turn|3\n|l| pastorulipal\n|\n|t:|1699754081\n|move|p1a: M.R.|Curse|p2a: Mario Hugo\n|-start|p2a: Mario Hugo|Curse|[of] p1a: M.R.\n|-damage|p1a: M.R.|0 fnt\n|faint|p1a: M.R.\n|move|p2a: Mario Hugo|Knock Off|p1: M.R.|[notarget]\n|-fail|p2a: Mario Hugo\n|\n|-damage|p2a: Mario Hugo|76\/100|[from] Curse\n|upkeep\n|c| roromen007|martin\n|\n|t:|1699754097\n|switch|p1a: FALLS DOWN|Landorus-Therian, M|100\/100\n|-ability|p1a: FALLS DOWN|Intimidate|boost\n|-unboost|p2a: Mario Hugo|atk|1\n|turn|4\n|j| Franko159\n|l| Franko159\n|\n|t:|1699754105\n|move|p2a: Mario Hugo|Knock Off|p1a: FALLS DOWN\n|-damage|p1a: FALLS DOWN|83\/100\n|-enditem|p1a: FALLS DOWN|Light Ball|[from] move: Knock Off|[of] p2a: Mario Hugo\n|move|p1a: FALLS DOWN|Stealth Rock|p2a: Mario Hugo\n|-sidestart|p2: Martin80|move: Stealth Rock\n|\n|-damage|p2a: Mario Hugo|51\/100|[from] Curse\n|upkeep\n|turn|5\n|\n|t:|1699754112\n|move|p2a: Mario Hugo|Knock Off|p1a: FALLS DOWN\n|-damage|p1a: FALLS DOWN|72\/100\n|move|p1a: FALLS DOWN|Stomping Tantrum|p2a: Mario Hugo\n|-supereffective|p2a: Mario Hugo\n|-damage|p2a: Mario Hugo|0 fnt\n|faint|p2a: Mario Hugo\n|\n|upkeep\n|\n|t:|1699754120\n|switch|p2a: Bodoque|Cinderace, M|100\/100\n|turn|6\n|\n|t:|1699754123\n|move|p2a: Bodoque|Court Change|p2a: Bodoque\n|-start|p2a: Bodoque|typechange|Normal|[from] ability: Libero\n|-swapsideconditions\n|-activate|p2a: Bodoque|move: Court Change\n|move|p1a: FALLS DOWN|Stealth Rock|p2a: Bodoque\n|-sidestart|p2: Martin80|move: Stealth Rock\n|\n|-sideend|p2: Martin80|move: Light Screen\n|upkeep\n|turn|7\n|j| leona misa\n|c|\u2606Martin80|doooooou\n|c|\u2606razerblake|para ser honesto no sabia que cambiaba pantallas\n|\n|t:|1699754147\n|move|p2a: Bodoque|U-turn|p1a: FALLS DOWN\n|-resisted|p1a: FALLS DOWN\n|-damage|p1a: FALLS DOWN|61\/100\n|\n|t:|1699754151\n|switch|p2a: Juanin|Houndstone, M, shiny|100\/100|[from] U-turn\n|-damage|p2a: Juanin|88\/100|[from] Stealth Rock\n|move|p1a: FALLS DOWN|Stone Edge|p2a: Juanin\n|-crit|p2a: Juanin\n|-damage|p2a: Juanin|25\/100\n|\n|-heal|p2a: Juanin|31\/100|[from] item: Leftovers\n|upkeep\n|turn|8\n|c| roromen007|martin solo me gano porque estaba ocupado\n|\n|t:|1699754165\n|move|p1a: FALLS DOWN|Stone Edge|p2a: Juanin|[miss]\n|-miss|p1a: FALLS DOWN|p2a: Juanin\n|move|p2a: Juanin|Play Rough|p1a: FALLS DOWN\n|-damage|p1a: FALLS DOWN|36\/100\n|\n|-heal|p2a: Juanin|37\/100|[from] item: Leftovers\n|-sideend|p2: Martin80|Reflect\n|upkeep\n|turn|9\n|c|\u2606Martin80|-_-\n|j| Dante2004\n|l| Dante2004\n|inactive|Martin80 has 120 seconds left.\n|c|\u2606razerblake|bueno si estabas ocupado pq jugabas\n|c|\u2606razerblake|sus meritos llegar aqui\n|c| roromen007|me llamaron\n|c| roromen007|de imprevisto\n|c| roromen007|estaba fuera de mi control\n|inactive|Martin80 has 90 seconds left.\n|\n|t:|1699754232\n|move|p1a: FALLS DOWN|Stone Edge|p2a: Juanin|[miss]\n|-miss|p1a: FALLS DOWN|p2a: Juanin\n|move|p2a: Juanin|Play Rough|p1a: FALLS DOWN\n|-damage|p1a: FALLS DOWN|12\/100\n|\n|-heal|p2a: Juanin|43\/100|[from] item: Leftovers\n|upkeep\n|turn|10\n|c|\u2606razerblake|cosas que pasan, ya sera el siguiente, buen merito que tuvo al llegar igual, no fuiste el unico combate\n|inactive|Martin80 has 90 seconds left.\n|\n|t:|1699754240\n|move|p1a: FALLS DOWN|Stone Edge|p2a: Juanin\n|-damage|p2a: Juanin|0 fnt\n|faint|p2a: Juanin\n|\n|upkeep\n|\n|t:|1699754244\n|switch|p2a: Patana|Quaquaval, F, shiny|100\/100\n|-damage|p2a: Patana|94\/100|[from] Stealth Rock\n|turn|11\n|\n|t:|1699754248\n|move|p2a: Patana|Rapid Spin|p1a: FALLS DOWN\n|-damage|p1a: FALLS DOWN|0 fnt\n|-boost|p2a: Patana|spe|1\n|-sideend|p2: Martin80|Stealth Rock|[from] move: Rapid Spin|[of] p2a: Patana\n|faint|p1a: FALLS DOWN\n|-ability|p2a: Patana|Moxie|boost\n|-boost|p2a: Patana|atk|1\n|\n|-heal|p2a: Patana|100\/100|[from] item: Leftovers\n|upkeep\n|\n|t:|1699754251\n|switch|p1a: CRACKING|Rillaboom, F|100\/100\n|-damage|p1a: CRACKING|88\/100|[from] Stealth Rock\n|-fieldstart|move: Grassy Terrain|[from] ability: Grassy Surge|[of] p1a: CRACKING\n|turn|12\n|c| roromen007|bueno, tenes razon xd\n|c| roromen007|solo es un juego\n|\n|t:|1699754264\n|switch|p2a: Policarpio|Gholdengo|100\/100\n|move|p1a: CRACKING|Wood Hammer|p2a: Policarpio\n|-resisted|p2a: Policarpio\n|-damage|p2a: Policarpio|29\/100\n|-damage|p1a: CRACKING|66\/100|[from] Recoil\n|\n|-heal|p1a: CRACKING|73\/100|[from] Grassy Terrain\n|-heal|p2a: Policarpio|35\/100|[from] Grassy Terrain\n|upkeep\n|turn|13\n|\n|t:|1699754273\n|move|p1a: CRACKING|Wood Hammer|p2a: Policarpio\n|-resisted|p2a: Policarpio\n|-damage|p2a: Policarpio|0 fnt\n|faint|p2a: Policarpio\n|-damage|p1a: CRACKING|62\/100|[from] Recoil\n|\n|-heal|p1a: CRACKING|68\/100|[from] Grassy Terrain\n|upkeep\n|c|\u2606razerblake|See, nomas es dejarlo jugar tranquilo uwu\n|inactive|Martin80 has 90 seconds left.\n|c|\u2606razerblake|ahora como que esta ocupado martin\n|inactive|Martin80 has 60 seconds left.\n|inactive|Martin80 has 30 seconds left.\n|\n|t:|1699754373\n|switch|p2a: Bodoque|Cinderace, M|100\/100\n|turn|14\n|\n|t:|1699754376\n|switch|p1a: AND IT NEVER ENDS|Samurott-Hisui, M|100\/100\n|-damage|p1a: AND IT NEVER ENDS|88\/100|[from] Stealth Rock\n|move|p2a: Bodoque|Pyro Ball|p1a: AND IT NEVER ENDS\n|-resisted|p1a: AND IT NEVER ENDS\n|-damage|p1a: AND IT NEVER ENDS|53\/100\n|\n|-heal|p1a: AND IT NEVER ENDS|60\/100|[from] Grassy Terrain\n|upkeep\n|turn|15\n|\n|t:|1699754385\n|move|p2a: Bodoque|U-turn|p1a: AND IT NEVER ENDS\n|-start|p2a: Bodoque|typechange|Bug|[from] ability: Libero\n|-supereffective|p1a: AND IT NEVER ENDS\n|-damage|p1a: AND IT NEVER ENDS|0 fnt\n|faint|p1a: AND IT NEVER ENDS\n|\n|t:|1699754392\n|switch|p2a: Patana|Quaquaval, F, shiny|100\/100|[from] U-turn\n|\n|upkeep\n|\n|t:|1699754398\n|switch|p1a: NINA|Sneasler, F|100\/100\n|-damage|p1a: NINA|94\/100|[from] Stealth Rock\n|-enditem|p1a: NINA|Grassy Seed\n|-boost|p1a: NINA|def|1|[from] item: Grassy Seed\n|turn|16\n|\n|t:|1699754421\n|-terastallize|p2a: Patana|Steel\n|move|p1a: NINA|Dire Claw|p2a: Patana\n|-immune|p2a: Patana\n|move|p2a: Patana|Swords Dance|p2a: Patana\n|-boost|p2a: Patana|atk|2\n|\n|-heal|p1a: NINA|100\/100|[from] Grassy Terrain\n|-fieldend|move: Grassy Terrain\n|upkeep\n|turn|17\n|c| roromen007|buena play\n|inactive|Martin80 has 30 seconds left.\n|c|\u2606Martin80|mi corazon esta a mi por hora\n|c| roromen007|no me esperaba tera metal\n|\n|t:|1699754439\n|move|p1a: NINA|Low Kick|p2a: Patana\n|-supereffective|p2a: Patana\n|-damage|p2a: Patana|0 fnt\n|faint|p2a: Patana\n|\n|upkeep\n|c|\u2606razerblake|f\n|c| roromen007|LOL\n|inactive|Martin80 has 30 seconds left.\n|\n|t:|1699754446\n|switch|p2a: Bodoque|Cinderace, M|100\/100\n|turn|18\n|c| roromen007|low kick?\n|\n|t:|1699754450\n|move|p1a: NINA|Dire Claw|p2a: Bodoque\n|-damage|p2a: Bodoque|40\/100\n|move|p2a: Bodoque|Pyro Ball|p1a: NINA|[miss]\n|-miss|p2a: Bodoque|p1a: NINA\n|\n|upkeep\n|turn|19\n|c|\u2606razerblake|Imprevisto no?\n|c|\u2606razerblake|xD\n|\n|t:|1699754456\n|move|p1a: NINA|Dire Claw|p2a: Bodoque\n|-damage|p2a: Bodoque|0 fnt\n|faint|p2a: Bodoque\n|\n|upkeep\n|c|\u2606Martin80|gg\n|\n|t:|1699754461\n|switch|p2a: Tulio|Rillaboom, M, shiny|100\/100\n|-fieldstart|move: Grassy Terrain|[from] ability: Grassy Surge|[of] p2a: Tulio\n|turn|20\n|c|\u2606razerblake|gg\n|c| roromen007|gg\n|\n|t:|1699754467\n|move|p1a: NINA|Dire Claw|p2a: Tulio\n|-supereffective|p2a: Tulio\n|-damage|p2a: Tulio|7\/100\n|-status|p2a: Tulio|slp\n|cant|p2a: Tulio|slp\n|\n|-heal|p2a: Tulio|13\/100 slp|[from] Grassy Terrain\n|upkeep\n|turn|21\n|c| roromen007|nah\n|c|\u2606razerblake|alargar el sufrimiento\n|c| roromen007|xd\n|c|\u2606Martin80|fue un gusto\n|\n|t:|1699754481\n|cant|p2a: Tulio|slp\n|move|p1a: NINA|Swords Dance|p1a: NINA\n|-boost|p1a: NINA|atk|2\n|\n|-heal|p2a: Tulio|20\/100 slp|[from] Grassy Terrain\n|upkeep\n|turn|22\n|c|\u2606razerblake|el tera metal fue muy apresurado\n|c| roromen007|sos cruel razer\n|\n|t:|1699754489\n|cant|p2a: Tulio|slp\n|move|p1a: NINA|Swords Dance|p1a: NINA\n|-boost|p1a: NINA|atk|2\n|\n|-heal|p2a: Tulio|26\/100 slp|[from] Grassy Terrain\n|upkeep\n|turn|23\n|inactive|Martin80 has 60 seconds left.\n|\n|t:|1699754494\n|-curestatus|p2a: Tulio|slp|[msg]\n|move|p2a: Tulio|Grassy Glide|p1a: NINA\n|-resisted|p1a: NINA\n|-damage|p1a: NINA|70\/100\n|move|p1a: NINA|Dire Claw|p2a: Tulio\n|-supereffective|p2a: Tulio\n|-damage|p2a: Tulio|0 fnt\n|faint|p2a: Tulio\n|\n|win|razerblake\n|n|\u2606razerblake|razerblake\n|n|\u2606Martin80|martin80\n|n| roromen007|roromen007\n|n| leona misa|leonamisa\n","uploadtime":1699754496,"views":9,"p1id":"razerblake","p2id":"martin80","formatid":"gen9ou","rating":0,"private":0,"password":""}