{"id":"gen9ou-1993933555","p1":"Prav33n","p2":"swumpy mumpus","format":"[Gen 9] OU","log":"|j|\u2606Prav33n\n|j|\u2606swumpy mumpus\n|t:|1700378005\n|gametype|singles\n|player|p1|Prav33n|unknown|1560\n|player|p2|swumpy mumpus|2|1713\n|teamsize|p1|6\n|teamsize|p2|6\n|gen|9\n|tier|[Gen 9] OU\n|rated|\n|rule|Sleep Clause Mod: Limit one foe put to sleep\n|rule|Species Clause: Limit one of each Pok\u00e9mon\n|rule|OHKO Clause: OHKO moves are banned\n|rule|Evasion Items Clause: Evasion items are banned\n|rule|Evasion Moves Clause: Evasion moves are banned\n|rule|Endless Battle Clause: Forcing endless battles is banned\n|rule|HP Percentage Mod: HP is shown in percentages\n|clearpoke\n|poke|p1|Zamazenta-*|\n|poke|p1|Dragonite, F|\n|poke|p1|Cinderace, F|\n|poke|p1|Rillaboom, M|\n|poke|p1|Glimmora, F|\n|poke|p1|Dragapult, M|\n|poke|p2|Great Tusk|\n|poke|p2|Rotom-Wash|\n|poke|p2|Rillaboom, M|\n|poke|p2|Dragapult, M|\n|poke|p2|Fezandipiti, M|\n|poke|p2|Iron Valiant|\n|teampreview\n|inactive|Battle timer is ON: inactive players will automatically lose when time's up. (requested by Prav33n)\n|\n|t:|1700378022\n|start\n|switch|p1a: Dragapult|Dragapult, M|100\/100\n|switch|p2a: Rotom|Rotom-Wash|100\/100\n|turn|1\n|\n|t:|1700378026\n|move|p2a: Rotom|Protect|p2a: Rotom\n|-singleturn|p2a: Rotom|Protect\n|move|p1a: Dragapult|Shadow Ball|p2a: Rotom\n|-activate|p2a: Rotom|move: Protect\n|\n|upkeep\n|turn|2\n|\n|t:|1700378028\n|move|p1a: Dragapult|Shadow Ball|p2a: Rotom\n|-damage|p2a: Rotom|61\/100\n|move|p2a: Rotom|Thunder Wave|p1a: Dragapult\n|-status|p1a: Dragapult|par\n|\n|-heal|p2a: Rotom|67\/100|[from] item: Leftovers\n|upkeep\n|turn|3\n|\n|t:|1700378032\n|move|p2a: Rotom|Protect|p2a: Rotom\n|-singleturn|p2a: Rotom|Protect\n|move|p1a: Dragapult|Shadow Ball|p2a: Rotom\n|-activate|p2a: Rotom|move: Protect\n|\n|-heal|p2a: Rotom|74\/100|[from] item: Leftovers\n|upkeep\n|turn|4\n|\n|t:|1700378034\n|move|p2a: Rotom|Volt Switch|p1a: Dragapult\n|-resisted|p1a: Dragapult\n|-damage|p1a: Dragapult|82\/100 par\n|\n|t:|1700378036\n|switch|p2a: Fezandipiti|Fezandipiti, M|100\/100|[from] Volt Switch\n|cant|p1a: Dragapult|par\n|\n|upkeep\n|turn|5\n|\n|t:|1700378043\n|switch|p1a: Glimmora|Glimmora, F|100\/100\n|move|p2a: Fezandipiti|Moonblast|p1a: Glimmora\n|-resisted|p1a: Glimmora\n|-damage|p1a: Glimmora|86\/100\n|-unboost|p1a: Glimmora|spa|1\n|\n|upkeep\n|turn|6\n|\n|t:|1700378059\n|switch|p2a: Rotom|Rotom-Wash|74\/100\n|move|p1a: Glimmora|Stealth Rock|p2a: Rotom\n|-sidestart|p2: swumpy mumpus|move: Stealth Rock\n|\n|-heal|p2a: Rotom|80\/100|[from] item: Leftovers\n|upkeep\n|turn|7\n|\n|t:|1700378064\n|switch|p1a: Dragapult|Dragapult, M|82\/100 par\n|move|p2a: Rotom|Hydro Pump|p1a: Dragapult\n|-resisted|p1a: Dragapult\n|-damage|p1a: Dragapult|54\/100 par\n|\n|-heal|p2a: Rotom|86\/100|[from] item: Leftovers\n|upkeep\n|turn|8\n|\n|t:|1700378066\n|move|p2a: Rotom|Protect|p2a: Rotom\n|-singleturn|p2a: Rotom|Protect\n|move|p1a: Dragapult|Shadow Ball|p2a: Rotom\n|-activate|p2a: Rotom|move: Protect\n|\n|-heal|p2a: Rotom|92\/100|[from] item: Leftovers\n|upkeep\n|turn|9\n|\n|t:|1700378070\n|move|p2a: Rotom|Hydro Pump|p1a: Dragapult\n|-resisted|p1a: Dragapult\n|-damage|p1a: Dragapult|27\/100 par\n|cant|p1a: Dragapult|par\n|\n|-heal|p2a: Rotom|99\/100|[from] item: Leftovers\n|upkeep\n|turn|10\n|\n|t:|1700378074\n|move|p2a: Rotom|Hydro Pump|p1a: Dragapult\n|-resisted|p1a: Dragapult\n|-damage|p1a: Dragapult|1\/100 par\n|move|p1a: Dragapult|Shadow Ball|p2a: Rotom\n|-damage|p2a: Rotom|55\/100\n|\n|-heal|p2a: Rotom|61\/100|[from] item: Leftovers\n|upkeep\n|turn|11\n|\n|t:|1700378077\n|move|p2a: Rotom|Protect|p2a: Rotom\n|-singleturn|p2a: Rotom|Protect\n|move|p1a: Dragapult|Shadow Ball|p2a: Rotom\n|-activate|p2a: Rotom|move: Protect\n|\n|-heal|p2a: Rotom|68\/100|[from] item: Leftovers\n|upkeep\n|turn|12\n|\n|t:|1700378079\n|move|p2a: Rotom|Volt Switch|p1a: Dragapult\n|-resisted|p1a: Dragapult\n|-damage|p1a: Dragapult|0 fnt\n|faint|p1a: Dragapult\n|\n|t:|1700378088\n|switch|p2a: Fezandipiti|Fezandipiti, M|100\/100|[from] Volt Switch\n|\n|upkeep\n|\n|t:|1700378091\n|switch|p1a: Glimmora|Glimmora, F|86\/100\n|turn|13\n|\n|t:|1700378097\n|move|p1a: Glimmora|Earth Power|p2a: Fezandipiti\n|-supereffective|p2a: Fezandipiti\n|-damage|p2a: Fezandipiti|54\/100\n|move|p2a: Fezandipiti|U-turn|p1a: Glimmora\n|-resisted|p1a: Glimmora\n|-damage|p1a: Glimmora|73\/100\n|-activate|p1a: Glimmora|ability: Toxic Debris\n|-sidestart|p2: swumpy mumpus|move: Toxic Spikes\n|\n|t:|1700378101\n|switch|p2a: Rotom|Rotom-Wash|68\/100|[from] U-turn\n|-damage|p2a: Rotom|55\/100|[from] Stealth Rock\n|\n|-heal|p2a: Rotom|61\/100|[from] item: Leftovers\n|upkeep\n|turn|14\n|\n|t:|1700378112\n|switch|p1a: Rillaboom|Rillaboom, M|100\/100\n|-fieldstart|move: Grassy Terrain|[from] ability: Grassy Surge|[of] p1a: Rillaboom\n|move|p2a: Rotom|Hydro Pump|p1a: Rillaboom\n|-resisted|p1a: Rillaboom\n|-damage|p1a: Rillaboom|75\/100\n|\n|-heal|p1a: Rillaboom|81\/100|[from] Grassy Terrain\n|-heal|p2a: Rotom|68\/100|[from] item: Leftovers\n|upkeep\n|turn|15\n|\n|t:|1700378118\n|move|p2a: Rotom|Protect|p2a: Rotom\n|-singleturn|p2a: Rotom|Protect\n|move|p1a: Rillaboom|Grassy Glide|p2a: Rotom\n|-activate|p2a: Rotom|move: Protect\n|\n|-heal|p1a: Rillaboom|87\/100|[from] Grassy Terrain\n|-heal|p2a: Rotom|74\/100|[from] item: Leftovers\n|upkeep\n|turn|16\n|\n|t:|1700378127\n|switch|p1a: Cinderace|Cinderace, F|100\/100\n|switch|p2a: Fezandipiti|Fezandipiti, M|54\/100\n|-sideend|p2: swumpy mumpus|move: Toxic Spikes|[of] p2a: Fezandipiti\n|\n|-heal|p2a: Fezandipiti|60\/100|[from] Grassy Terrain\n|upkeep\n|turn|17\n|\n|t:|1700378137\n|switch|p2a: Great Tusk|Great Tusk|100\/100\n|-damage|p2a: Great Tusk|98\/100|[from] Stealth Rock\n|move|p1a: Cinderace|Pyro Ball|p2a: Great Tusk\n|-damage|p2a: Great Tusk|71\/100\n|\n|-heal|p2a: Great Tusk|77\/100|[from] Grassy Terrain\n|upkeep\n|turn|18\n|\n|t:|1700378142\n|-end|p2a: Great Tusk|Protosynthesis|[silent]\n|switch|p2a: Rotom|Rotom-Wash|74\/100\n|-damage|p2a: Rotom|61\/100|[from] Stealth Rock\n|move|p1a: Cinderace|U-turn|p2a: Rotom\n|-start|p1a: Cinderace|typechange|Bug|[from] ability: Libero\n|-damage|p2a: Rotom|25\/100\n|\n|t:|1700378147\n|switch|p1a: Rillaboom|Rillaboom, M|87\/100|[from] U-turn\n|\n|-heal|p1a: Rillaboom|93\/100|[from] Grassy Terrain\n|-heal|p2a: Rotom|31\/100|[from] item: Leftovers\n|-fieldend|move: Grassy Terrain\n|upkeep\n|turn|19\n|\n|t:|1700378152\n|move|p2a: Rotom|Protect|p2a: Rotom\n|-singleturn|p2a: Rotom|Protect\n|move|p1a: Rillaboom|Grassy Glide|p2a: Rotom\n|-activate|p2a: Rotom|move: Protect\n|\n|-heal|p2a: Rotom|37\/100|[from] item: Leftovers\n|upkeep\n|turn|20\n|\n|t:|1700378165\n|switch|p1a: Cinderace|Cinderace, F|100\/100\n|switch|p2a: Dragapult|Dragapult, M|100\/100\n|-damage|p2a: Dragapult|88\/100|[from] Stealth Rock\n|\n|-heal|p2a: Dragapult|94\/100|[from] item: Leftovers\n|upkeep\n|turn|21\n|\n|t:|1700378169\n|move|p1a: Cinderace|Sucker Punch|p2a: Dragapult\n|-start|p1a: Cinderace|typechange|Dark|[from] ability: Libero\n|-supereffective|p2a: Dragapult\n|-damage|p2a: Dragapult|0 fnt\n|faint|p2a: Dragapult\n|\n|upkeep\n|\n|t:|1700378175\n|switch|p2a: Great Tusk|Great Tusk|77\/100\n|-damage|p2a: Great Tusk|74\/100|[from] Stealth Rock\n|turn|22\n|\n|t:|1700378184\n|move|p1a: Cinderace|U-turn|p2a: Great Tusk\n|-resisted|p2a: Great Tusk\n|-damage|p2a: Great Tusk|68\/100\n|-damage|p1a: Cinderace|84\/100|[from] item: Rocky Helmet|[of] p2a: Great Tusk\n|\n|t:|1700378193\n|switch|p1a: Rillaboom|Rillaboom, M|93\/100|[from] U-turn\n|-fieldstart|move: Grassy Terrain|[from] ability: Grassy Surge|[of] p1a: Rillaboom\n|move|p2a: Great Tusk|Rapid Spin|p1a: Rillaboom\n|-damage|p1a: Rillaboom|78\/100\n|-boost|p2a: Great Tusk|spe|1\n|-sideend|p2: swumpy mumpus|Stealth Rock|[from] move: Rapid Spin|[of] p2a: Great Tusk\n|\n|-heal|p2a: Great Tusk|74\/100|[from] Grassy Terrain\n|-heal|p1a: Rillaboom|84\/100|[from] Grassy Terrain\n|upkeep\n|turn|23\n|\n|t:|1700378201\n|move|p1a: Rillaboom|Grassy Glide|p2a: Great Tusk\n|-supereffective|p2a: Great Tusk\n|-damage|p2a: Great Tusk|19\/100\n|-damage|p1a: Rillaboom|68\/100|[from] item: Rocky Helmet|[of] p2a: Great Tusk\n|move|p2a: Great Tusk|Head Smash|p1a: Rillaboom\n|-damage|p1a: Rillaboom|20\/100\n|-damage|p2a: Great Tusk|0 fnt|[from] Recoil\n|faint|p2a: Great Tusk\n|-end|p2a: Great Tusk|Protosynthesis|[silent]\n|\n|-heal|p1a: Rillaboom|27\/100|[from] Grassy Terrain\n|upkeep\n|\n|t:|1700378205\n|switch|p2a: Fezandipiti|Fezandipiti, M|60\/100\n|turn|24\n|\n|t:|1700378209\n|switch|p1a: Cinderace|Cinderace, F|84\/100\n|move|p2a: Fezandipiti|U-turn|p1a: Cinderace\n|-resisted|p1a: Cinderace\n|-damage|p1a: Cinderace|72\/100\n|-status|p1a: Cinderace|tox|[from] ability: Toxic Chain|[of] p2a: Fezandipiti\n|\n|t:|1700378211\n|switch|p2a: Rotom|Rotom-Wash|37\/100|[from] U-turn\n|\n|-heal|p1a: Cinderace|78\/100 tox|[from] Grassy Terrain\n|-heal|p2a: Rotom|44\/100|[from] item: Leftovers\n|-damage|p1a: Cinderace|72\/100 tox|[from] psn\n|upkeep\n|turn|25\n|\n|t:|1700378215\n|move|p2a: Rotom|Protect|p2a: Rotom\n|-singleturn|p2a: Rotom|Protect\n|move|p1a: Cinderace|U-turn|p2a: Rotom\n|-start|p1a: Cinderace|typechange|Bug|[from] ability: Libero\n|-activate|p2a: Rotom|move: Protect\n|\n|-heal|p1a: Cinderace|78\/100 tox|[from] Grassy Terrain\n|-heal|p2a: Rotom|50\/100|[from] item: Leftovers\n|-damage|p1a: Cinderace|66\/100 tox|[from] psn\n|upkeep\n|turn|26\n|\n|t:|1700378219\n|switch|p2a: Fezandipiti|Fezandipiti, M|60\/100\n|move|p1a: Cinderace|U-turn|p2a: Fezandipiti\n|-resisted|p2a: Fezandipiti\n|-damage|p2a: Fezandipiti|52\/100\n|\n|t:|1700378225\n|switch|p1a: Glimmora|Glimmora, F|73\/100|[from] U-turn\n|\n|-heal|p1a: Glimmora|80\/100|[from] Grassy Terrain\n|-heal|p2a: Fezandipiti|58\/100|[from] Grassy Terrain\n|-fieldend|move: Grassy Terrain\n|upkeep\n|turn|27\n|\n|t:|1700378231\n|-terastallize|p2a: Fezandipiti|Ground\n|move|p1a: Glimmora|Earth Power|p2a: Fezandipiti\n|-damage|p2a: Fezandipiti|33\/100\n|move|p2a: Fezandipiti|Tera Blast|p1a: Glimmora|[anim] Tera Blast Ground\n|-supereffective|p1a: Glimmora\n|-damage|p1a: Glimmora|0 fnt\n|-activate|p1a: Glimmora|ability: Toxic Debris\n|-sidestart|p2: swumpy mumpus|move: Toxic Spikes\n|faint|p1a: Glimmora\n|\n|upkeep\n|inactive|Prav33n has 120 seconds left.\n|inactive|Prav33n has 90 seconds left.\n|\n|t:|1700378293\n|switch|p1a: Dragonite|Dragonite, F|100\/100\n|turn|28\n|\n|t:|1700378296\n|-terastallize|p1a: Dragonite|Normal\n|move|p1a: Dragonite|Dragon Dance|p1a: Dragonite\n|-boost|p1a: Dragonite|atk|1\n|-boost|p1a: Dragonite|spe|1\n|move|p2a: Fezandipiti|Moonblast|p1a: Dragonite\n|-damage|p1a: Dragonite|89\/100\n|\n|upkeep\n|turn|29\n|\n|t:|1700378299\n|move|p1a: Dragonite|Extreme Speed|p2a: Fezandipiti\n|-damage|p2a: Fezandipiti|0 fnt\n|faint|p2a: Fezandipiti\n|\n|upkeep\n|\n|t:|1700378305\n|switch|p2a: Rillaboom|Rillaboom, M|100\/100\n|-status|p2a: Rillaboom|psn\n|-fieldstart|move: Grassy Terrain|[from] ability: Grassy Surge|[of] p2a: Rillaboom\n|turn|30\n|inactive|Prav33n has 120 seconds left.\n|\n|t:|1700378332\n|move|p1a: Dragonite|Roost|p1a: Dragonite\n|-heal|p1a: Dragonite|100\/100\n|move|p2a: Rillaboom|Wood Hammer|p1a: Dragonite\n|-damage|p1a: Dragonite|39\/100\n|-damage|p2a: Rillaboom|79\/100 psn|[from] Recoil\n|\n|-heal|p1a: Dragonite|46\/100|[from] Grassy Terrain\n|-heal|p2a: Rillaboom|86\/100 psn|[from] Grassy Terrain\n|-damage|p2a: Rillaboom|73\/100 psn|[from] psn\n|upkeep\n|turn|31\n|inactive|Prav33n has 90 seconds left.\n|\n|t:|1700378353\n|move|p1a: Dragonite|Roost|p1a: Dragonite\n|-heal|p1a: Dragonite|96\/100\n|move|p2a: Rillaboom|Wood Hammer|p1a: Dragonite\n|-damage|p1a: Dragonite|0 fnt\n|faint|p1a: Dragonite\n|-damage|p2a: Rillaboom|40\/100 psn|[from] Recoil\n|\n|-heal|p2a: Rillaboom|46\/100 psn|[from] Grassy Terrain\n|-damage|p2a: Rillaboom|34\/100 psn|[from] psn\n|upkeep\n|inactive|Prav33n has 90 seconds left.\n|\n|t:|1700378359\n|switch|p1a: Cinderace|Cinderace, F|66\/100 tox\n|turn|32\n|inactive|Prav33n has 90 seconds left.\n|\n|t:|1700378375\n|switch|p2a: Rotom|Rotom-Wash|50\/100\n|move|p1a: Cinderace|U-turn|p2a: Rotom\n|-start|p1a: Cinderace|typechange|Bug|[from] ability: Libero\n|-damage|p2a: Rotom|11\/100\n|\n|t:|1700378378\n|switch|p1a: Rillaboom|Rillaboom, M|27\/100|[from] U-turn\n|\n|-heal|p1a: Rillaboom|33\/100|[from] Grassy Terrain\n|-heal|p2a: Rotom|17\/100|[from] item: Leftovers\n|upkeep\n|turn|33\n|\n|t:|1700378388\n|move|p2a: Rotom|Protect|p2a: Rotom\n|-singleturn|p2a: Rotom|Protect\n|move|p1a: Rillaboom|Grassy Glide|p2a: Rotom\n|-activate|p2a: Rotom|move: Protect\n|\n|-heal|p1a: Rillaboom|39\/100|[from] Grassy Terrain\n|-heal|p2a: Rotom|24\/100|[from] item: Leftovers\n|upkeep\n|turn|34\n|\n|t:|1700378397\n|move|p1a: Rillaboom|Grassy Glide|p2a: Rotom\n|-supereffective|p2a: Rotom\n|-damage|p2a: Rotom|0 fnt\n|faint|p2a: Rotom\n|\n|-heal|p1a: Rillaboom|45\/100|[from] Grassy Terrain\n|-fieldend|move: Grassy Terrain\n|upkeep\n|\n|t:|1700378401\n|switch|p2a: Rillaboom|Rillaboom, M|34\/100 psn\n|-fieldstart|move: Grassy Terrain|[from] ability: Grassy Surge|[of] p2a: Rillaboom\n|turn|35\n|inactive|Prav33n has 120 seconds left.\n|\n|t:|1700378411\n|switch|p1a: Zamazenta|Zamazenta, shiny|100\/100\n|-ability|p1a: Zamazenta|Dauntless Shield|boost\n|-boost|p1a: Zamazenta|def|1\n|move|p2a: Rillaboom|Grassy Glide|p1a: Zamazenta\n|-damage|p1a: Zamazenta|72\/100\n|\n|-heal|p1a: Zamazenta|78\/100|[from] Grassy Terrain\n|-heal|p1a: Zamazenta|84\/100|[from] item: Leftovers\n|-heal|p2a: Rillaboom|40\/100 psn|[from] Grassy Terrain\n|-damage|p2a: Rillaboom|28\/100 psn|[from] psn\n|upkeep\n|turn|36\n|inactive|Prav33n has 120 seconds left.\n|\n|t:|1700378419\n|switch|p2a: Iron Valiant|Iron Valiant|100\/100\n|-status|p2a: Iron Valiant|psn\n|-enditem|p2a: Iron Valiant|Booster Energy\n|-activate|p2a: Iron Valiant|ability: Quark Drive|[fromitem]\n|-start|p2a: Iron Valiant|quarkdrivespe\n|move|p1a: Zamazenta|Body Press|p2a: Iron Valiant\n|-resisted|p2a: Iron Valiant\n|-damage|p2a: Iron Valiant|68\/100 psn\n|\n|-heal|p2a: Iron Valiant|74\/100 psn|[from] Grassy Terrain\n|-heal|p1a: Zamazenta|90\/100|[from] Grassy Terrain\n|-heal|p1a: Zamazenta|97\/100|[from] item: Leftovers\n|-damage|p2a: Iron Valiant|62\/100 psn|[from] psn\n|upkeep\n|turn|37\n|\n|t:|1700378423\n|move|p2a: Iron Valiant|Moonblast|p1a: Zamazenta\n|-supereffective|p1a: Zamazenta\n|-damage|p1a: Zamazenta|22\/100\n|-unboost|p1a: Zamazenta|spa|1\n|move|p1a: Zamazenta|Body Press|p2a: Iron Valiant\n|-resisted|p2a: Iron Valiant\n|-damage|p2a: Iron Valiant|32\/100 psn\n|\n|-heal|p2a: Iron Valiant|38\/100 psn|[from] Grassy Terrain\n|-heal|p1a: Zamazenta|28\/100|[from] Grassy Terrain\n|-heal|p1a: Zamazenta|34\/100|[from] item: Leftovers\n|-damage|p2a: Iron Valiant|25\/100 psn|[from] psn\n|upkeep\n|turn|38\n|\n|t:|1700378426\n|move|p2a: Iron Valiant|Moonblast|p1a: Zamazenta\n|-supereffective|p1a: Zamazenta\n|-crit|p1a: Zamazenta\n|-damage|p1a: Zamazenta|0 fnt\n|faint|p1a: Zamazenta\n|\n|-heal|p2a: Iron Valiant|32\/100 psn|[from] Grassy Terrain\n|-damage|p2a: Iron Valiant|19\/100 psn|[from] psn\n|upkeep\n|\n|t:|1700378428\n|switch|p1a: Rillaboom|Rillaboom, M|45\/100\n|turn|39\n|j| dfghhhg\n|\n|t:|1700378448\n|-end|p2a: Iron Valiant|Quark Drive|[silent]\n|switch|p2a: Rillaboom|Rillaboom, M|28\/100 psn\n|move|p1a: Rillaboom|Grassy Glide|p2a: Rillaboom\n|-resisted|p2a: Rillaboom\n|-damage|p2a: Rillaboom|0 fnt\n|faint|p2a: Rillaboom\n|\n|-heal|p1a: Rillaboom|51\/100|[from] Grassy Terrain\n|-fieldend|move: Grassy Terrain\n|upkeep\n|\n|t:|1700378450\n|switch|p2a: Iron Valiant|Iron Valiant|19\/100 psn\n|turn|40\n|\n|t:|1700378456\n|switch|p1a: Cinderace|Cinderace, F|66\/100 tox\n|move|p2a: Iron Valiant|Moonblast|p1a: Cinderace\n|-resisted|p1a: Cinderace\n|-damage|p1a: Cinderace|32\/100 tox\n|\n|-damage|p1a: Cinderace|26\/100 tox|[from] psn\n|-damage|p2a: Iron Valiant|7\/100 psn|[from] psn\n|upkeep\n|turn|41\n|\n|t:|1700378459\n|move|p1a: Cinderace|U-turn|p2a: Iron Valiant\n|-start|p1a: Cinderace|typechange|Bug|[from] ability: Libero\n|-resisted|p2a: Iron Valiant\n|-damage|p2a: Iron Valiant|0 fnt\n|faint|p2a: Iron Valiant\n|-end|p2a: Iron Valiant|Quark Drive|[silent]\n|\n|win|Prav33n\n|raw|Prav33n's rating: 1560 &rarr; <strong>1588<\/strong><br \/>(+28 for winning)\n|raw|swumpy mumpus's rating: 1713 &rarr; <strong>1685<\/strong><br \/>(-28 for losing)\n|c|\u2606swumpy mumpus|gg\n|l|\u2606swumpy mumpus\n|c|\u2606Prav33n|gg\n","uploadtime":1700378467,"views":9,"p1id":"prav33n","p2id":"swumpymumpus","formatid":"gen9ou","rating":1588,"private":0,"password":""}