{"id":"gen9ou-1990130085","p1":"mr lats","p2":"Imsadallthetime","format":"[Gen 9] OU","log":"|j|\u2606mr lats\n|j|\u2606Imsadallthetime\n|t:|1699927789\n|gametype|singles\n|player|p1|mr lats|palmer|1195\n|player|p2|Imsadallthetime|swimmer-gen4dp|1157\n|teamsize|p1|6\n|teamsize|p2|6\n|gen|9\n|tier|[Gen 9] OU\n|rated|\n|rule|Sleep Clause Mod: Limit one foe put to sleep\n|rule|Species Clause: Limit one of each Pok\u00e9mon\n|rule|OHKO Clause: OHKO moves are banned\n|rule|Evasion Items Clause: Evasion items are banned\n|rule|Evasion Moves Clause: Evasion moves are banned\n|rule|Endless Battle Clause: Forcing endless battles is banned\n|rule|HP Percentage Mod: HP is shown in percentages\n|clearpoke\n|poke|p1|Dragapult, M|\n|poke|p1|Zapdos|\n|poke|p1|Meowscarada, M|\n|poke|p1|Muk-Alola, M|\n|poke|p1|Slowking, F|\n|poke|p1|Enamorus, F|\n|poke|p2|Dragonite, M|\n|poke|p2|Skeledirge, F|\n|poke|p2|Scizor, M|\n|poke|p2|Rotom-Wash|\n|poke|p2|Gholdengo|\n|poke|p2|Great Tusk|\n|teampreview\n|inactive|Battle timer is ON: inactive players will automatically lose when time's up. (requested by Imsadallthetime)\n|\n|t:|1699927810\n|start\n|switch|p1a: Meowscarada|Meowscarada, M|100\/100\n|switch|p2a: Scizor|Scizor, M|100\/100\n|turn|1\n|\n|t:|1699927819\n|move|p1a: Meowscarada|U-turn|p2a: Scizor\n|-start|p1a: Meowscarada|typechange|Bug|[from] ability: Protean\n|-resisted|p2a: Scizor\n|-damage|p2a: Scizor|76\/100\n|\n|t:|1699927823\n|switch|p1a: Zapdos|Zapdos|100\/100|[from] U-turn\n|move|p2a: Scizor|U-turn|p1a: Zapdos\n|-resisted|p1a: Zapdos\n|-damage|p1a: Zapdos|75\/100\n|-damage|p2a: Scizor|66\/100|[from] item: Life Orb\n|\n|t:|1699927846\n|switch|p2a: Rotom|Rotom-Wash|100\/100|[from] U-turn\n|\n|upkeep\n|turn|2\n|\n|t:|1699927866\n|move|p1a: Zapdos|Roost|p1a: Zapdos\n|-heal|p1a: Zapdos|100\/100\n|-singleturn|p1a: Zapdos|move: Roost\n|move|p2a: Rotom|Volt Switch|p1a: Zapdos\n|-resisted|p1a: Zapdos\n|-damage|p1a: Zapdos|81\/100\n|\n|t:|1699927877\n|switch|p2a: Skeledirge|Skeledirge, F|100\/100|[from] Volt Switch\n|\n|upkeep\n|turn|3\n|\n|t:|1699927887\n|move|p1a: Zapdos|Volt Switch|p2a: Skeledirge\n|-damage|p2a: Skeledirge|78\/100\n|\n|t:|1699927890\n|switch|p1a: Muk|Muk-Alola, M|100\/100|[from] Volt Switch\n|move|p2a: Skeledirge|Will-O-Wisp|p1a: Muk\n|-status|p1a: Muk|brn\n|\n|-heal|p2a: Skeledirge|84\/100|[from] item: Leftovers\n|-damage|p1a: Muk|94\/100 brn|[from] brn\n|upkeep\n|turn|4\n|\n|t:|1699927900\n|switch|p2a: Scizor|Scizor, M|66\/100\n|move|p1a: Muk|Knock Off|p2a: Scizor\n|-damage|p2a: Scizor|50\/100\n|-enditem|p2a: Scizor|Life Orb|[from] move: Knock Off|[of] p1a: Muk\n|\n|-damage|p1a: Muk|88\/100 brn|[from] brn\n|upkeep\n|turn|5\n|\n|t:|1699927914\n|switch|p1a: Zapdos|Zapdos|81\/100\n|move|p2a: Scizor|Dual Wingbeat|p1a: Zapdos\n|-resisted|p1a: Zapdos\n|-damage|p1a: Zapdos|70\/100\n|-resisted|p1a: Zapdos\n|-damage|p1a: Zapdos|59\/100\n|-hitcount|p1a: Zapdos|2\n|\n|upkeep\n|turn|6\n|\n|t:|1699927926\n|move|p1a: Zapdos|Roost|p1a: Zapdos\n|-heal|p1a: Zapdos|100\/100\n|-singleturn|p1a: Zapdos|move: Roost\n|move|p2a: Scizor|U-turn|p1a: Zapdos\n|-damage|p1a: Zapdos|63\/100\n|-status|p2a: Scizor|par|[from] ability: Static|[of] p1a: Zapdos\n|\n|t:|1699927945\n|switch|p2a: Rotom|Rotom-Wash|100\/100|[from] U-turn\n|\n|upkeep\n|turn|7\n|\n|t:|1699927957\n|move|p1a: Zapdos|Volt Switch|p2a: Rotom\n|-damage|p2a: Rotom|63\/100\n|\n|t:|1699927960\n|switch|p1a: Muk|Muk-Alola, M|88\/100 brn|[from] Volt Switch\n|move|p2a: Rotom|Trick|p1a: Muk\n|-activate|p2a: Rotom|move: Trick|[of] p1a: Muk\n|-item|p1a: Muk|Choice Specs|[from] move: Trick\n|-item|p2a: Rotom|Assault Vest|[from] move: Trick\n|\n|-damage|p1a: Muk|82\/100 brn|[from] brn\n|upkeep\n|turn|8\n|inactive|mr lats has 120 seconds left.\n|\n|t:|1699927998\n|switch|p1a: Zapdos|Zapdos|63\/100\n|move|p2a: Rotom|Volt Switch|p1a: Zapdos\n|-damage|p1a: Zapdos|33\/100\n|\n|t:|1699928014\n|switch|p2a: Scizor|Scizor, M|50\/100 par|[from] Volt Switch\n|\n|upkeep\n|turn|9\n|\n|t:|1699928020\n|move|p1a: Zapdos|Roost|p1a: Zapdos\n|-heal|p1a: Zapdos|83\/100\n|-singleturn|p1a: Zapdos|move: Roost\n|move|p2a: Scizor|U-turn|p1a: Zapdos\n|-damage|p1a: Zapdos|47\/100\n|inactive|Imsadallthetime has 120 seconds left.\n|\n|t:|1699928058\n|switch|p2a: Great Tusk|Great Tusk|100\/100|[from] U-turn\n|\n|upkeep\n|turn|10\n|\n|t:|1699928062\n|move|p1a: Zapdos|Hurricane|p2a: Great Tusk\n|-supereffective|p2a: Great Tusk\n|-damage|p2a: Great Tusk|46\/100\n|move|p2a: Great Tusk|Knock Off|p1a: Zapdos\n|-damage|p1a: Zapdos|20\/100\n|-status|p2a: Great Tusk|par|[from] ability: Static|[of] p1a: Zapdos\n|-enditem|p1a: Zapdos|Heavy-Duty Boots|[from] move: Knock Off|[of] p2a: Great Tusk\n|\n|upkeep\n|turn|11\n|\n|t:|1699928080\n|-end|p2a: Great Tusk|Protosynthesis|[silent]\n|switch|p2a: Scizor|Scizor, M|50\/100 par\n|move|p1a: Zapdos|Hurricane|p2a: Scizor|[miss]\n|-miss|p1a: Zapdos|p2a: Scizor\n|\n|upkeep\n|turn|12\n|\n|t:|1699928087\n|move|p1a: Zapdos|Roost|p1a: Zapdos\n|-heal|p1a: Zapdos|70\/100\n|-singleturn|p1a: Zapdos|move: Roost\n|cant|p2a: Scizor|par\n|\n|upkeep\n|turn|13\n|\n|t:|1699928109\n|move|p1a: Zapdos|Hurricane|p2a: Scizor\n|-damage|p2a: Scizor|0 fnt\n|faint|p2a: Scizor\n|\n|upkeep\n|\n|t:|1699928124\n|switch|p2a: Great Tusk|Great Tusk|46\/100 par\n|turn|14\n|\n|t:|1699928134\n|move|p1a: Zapdos|Hurricane|p2a: Great Tusk\n|-supereffective|p2a: Great Tusk\n|-damage|p2a: Great Tusk|0 fnt\n|faint|p2a: Great Tusk\n|-end|p2a: Great Tusk|Protosynthesis|[silent]\n|\n|upkeep\n|inactive|Imsadallthetime has 120 seconds left.\n|inactive|Imsadallthetime has 90 seconds left.\n|\n|t:|1699928186\n|switch|p2a: Rotom|Rotom-Wash|63\/100\n|turn|15\n|\n|t:|1699928198\n|move|p1a: Zapdos|Discharge|p2a: Rotom\n|-damage|p2a: Rotom|36\/100\n|move|p2a: Rotom|Volt Switch|p1a: Zapdos\n|-damage|p1a: Zapdos|42\/100\n|\n|t:|1699928210\n|switch|p2a: Skeledirge|Skeledirge, F|84\/100|[from] Volt Switch\n|\n|-heal|p2a: Skeledirge|90\/100|[from] item: Leftovers\n|upkeep\n|turn|16\n|\n|t:|1699928220\n|switch|p1a: Muk|Muk-Alola, M|82\/100 brn\n|move|p2a: Skeledirge|Will-O-Wisp|p1a: Muk\n|-fail|p1a: Muk|brn\n|\n|-heal|p2a: Skeledirge|96\/100|[from] item: Leftovers\n|-damage|p1a: Muk|76\/100 brn|[from] brn\n|upkeep\n|turn|17\n|\n|t:|1699928241\n|move|p2a: Skeledirge|Torch Song|p1a: Muk\n|-damage|p1a: Muk|60\/100 brn\n|-boost|p2a: Skeledirge|spa|1\n|move|p1a: Muk|Knock Off|p2a: Skeledirge\n|-supereffective|p2a: Skeledirge\n|-damage|p2a: Skeledirge|71\/100\n|-enditem|p2a: Skeledirge|Leftovers|[from] move: Knock Off|[of] p1a: Muk\n|\n|-damage|p1a: Muk|54\/100 brn|[from] brn\n|upkeep\n|turn|18\n|\n|t:|1699928258\n|move|p2a: Skeledirge|Torch Song|p1a: Muk\n|-damage|p1a: Muk|28\/100 brn\n|-boost|p2a: Skeledirge|spa|1\n|move|p1a: Muk|Knock Off|p2a: Skeledirge\n|-supereffective|p2a: Skeledirge\n|-damage|p2a: Skeledirge|52\/100\n|\n|-damage|p1a: Muk|22\/100 brn|[from] brn\n|upkeep\n|turn|19\n|inactive|mr lats has 120 seconds left.\n|\n|t:|1699928312\n|switch|p1a: Meowscarada|Meowscarada, M|100\/100\n|move|p2a: Skeledirge|Slack Off|p2a: Skeledirge\n|-heal|p2a: Skeledirge|100\/100\n|\n|upkeep\n|turn|20\n|inactive|mr lats has 90 seconds left.\n|\n|t:|1699928338\n|move|p1a: Meowscarada|Knock Off|p2a: Skeledirge\n|-start|p1a: Meowscarada|typechange|Dark|[from] ability: Protean\n|-supereffective|p2a: Skeledirge\n|-damage|p2a: Skeledirge|33\/100\n|move|p2a: Skeledirge|Will-O-Wisp|p1a: Meowscarada\n|-status|p1a: Meowscarada|brn\n|\n|-damage|p1a: Meowscarada|94\/100 brn|[from] brn\n|upkeep\n|turn|21\n|inactive|mr lats has 90 seconds left.\n|inactive|Imsadallthetime has 90 seconds left.\n|\n|t:|1699928361\n|move|p1a: Meowscarada|Knock Off|p2a: Skeledirge\n|-supereffective|p2a: Skeledirge\n|-damage|p2a: Skeledirge|0 fnt\n|faint|p2a: Skeledirge\n|\n|-damage|p1a: Meowscarada|88\/100 brn|[from] brn\n|upkeep\n|inactive|Imsadallthetime has 90 seconds left.\n|\n|t:|1699928392\n|switch|p2a: Rotom|Rotom-Wash|36\/100\n|turn|22\n|inactive|mr lats has 90 seconds left.\n|\n|t:|1699928400\n|move|p1a: Meowscarada|Knock Off|p2a: Rotom\n|-crit|p2a: Rotom\n|-damage|p2a: Rotom|0 fnt\n|-enditem|p2a: Rotom|Assault Vest|[from] move: Knock Off|[of] p1a: Meowscarada\n|faint|p2a: Rotom\n|\n|-damage|p1a: Meowscarada|82\/100 brn|[from] brn\n|upkeep\n|\n|t:|1699928419\n|switch|p2a: Dragonite|Dragonite, M|100\/100\n|turn|23\n|inactive|mr lats has 90 seconds left.\n|\n|t:|1699928437\n|move|p1a: Meowscarada|Knock Off|p2a: Dragonite\n|-damage|p2a: Dragonite|85\/100\n|-enditem|p2a: Dragonite|Lum Berry|[from] move: Knock Off|[of] p1a: Meowscarada\n|move|p2a: Dragonite|Dragon Dance|p2a: Dragonite\n|-boost|p2a: Dragonite|atk|1\n|-boost|p2a: Dragonite|spe|1\n|\n|-damage|p1a: Meowscarada|76\/100 brn|[from] brn\n|upkeep\n|turn|24\n|inactive|mr lats has 90 seconds left.\n|inactive|Imsadallthetime has 60 seconds left.\n|\n|t:|1699928472\n|switch|p1a: Zapdos|Zapdos|42\/100\n|move|p2a: Dragonite|Dragon Dance|p2a: Dragonite\n|-boost|p2a: Dragonite|atk|1\n|-boost|p2a: Dragonite|spe|1\n|\n|upkeep\n|turn|25\n|inactive|Imsadallthetime has 60 seconds left.\n|\n|t:|1699928484\n|move|p2a: Dragonite|Extreme Speed|p1a: Zapdos\n|-damage|p1a: Zapdos|0 fnt\n|faint|p1a: Zapdos\n|\n|upkeep\n|\n|t:|1699928491\n|switch|p1a: Slowking|Slowking, F|100\/100\n|turn|26\n|\n|t:|1699928496\n|move|p2a: Dragonite|Dragon Dance|p2a: Dragonite\n|-boost|p2a: Dragonite|atk|1\n|-boost|p2a: Dragonite|spe|1\n|move|p1a: Slowking|Thunder Wave|p2a: Dragonite\n|-status|p2a: Dragonite|par\n|\n|upkeep\n|turn|27\n|\n|t:|1699928502\n|cant|p2a: Dragonite|par\n|move|p1a: Slowking|Future Sight|p2a: Dragonite\n|-start|p1a: Slowking|move: Future Sight\n|\n|upkeep\n|turn|28\n|\n|t:|1699928512\n|switch|p1a: Muk|Muk-Alola, M|22\/100 brn\n|move|p2a: Dragonite|Dragon Dance|p2a: Dragonite\n|-boost|p2a: Dragonite|atk|1\n|-boost|p2a: Dragonite|spe|1\n|\n|-damage|p1a: Muk|16\/100 brn|[from] brn\n|upkeep\n|turn|29\n|\n|t:|1699928519\n|move|p2a: Dragonite|Earthquake|p1a: Muk\n|-supereffective|p1a: Muk\n|-damage|p1a: Muk|0 fnt\n|faint|p1a: Muk\n|\n|-end|p2a: Dragonite|move: Future Sight\n|-damage|p2a: Dragonite|49\/100 par\n|upkeep\n|\n|t:|1699928525\n|switch|p1a: Dragapult|Dragapult, M|100\/100\n|turn|30\n|\n|t:|1699928534\n|move|p1a: Dragapult|Dragon Darts|p2a: Dragonite\n|-supereffective|p2a: Dragonite\n|-damage|p2a: Dragonite|0 fnt\n|faint|p2a: Dragonite\n|\n|upkeep\n|\n|t:|1699928537\n|switch|p2a: Gholdengo|Gholdengo|100\/100\n|turn|31\n|inactive|mr lats has 120 seconds left.\n|-message|Imsadallthetime forfeited.\n|\n|win|mr lats\n|raw|mr lats's rating: 1195 &rarr; <strong>1217<\/strong><br \/>(+22 for winning)\n|raw|Imsadallthetime's rating: 1157 &rarr; <strong>1135<\/strong><br \/>(-22 for losing)\n|l|\u2606Imsadallthetime\n|l|\u2606mr lats\n|j|\u2606mr lats\n|player|p1|mr lats|palmer\n","uploadtime":1699928690,"views":14,"p1id":"mrlats","p2id":"imsadallthetime","formatid":"gen9ou","rating":1135,"private":0,"password":""}