{"id":"gen9ou-1998289128","p1":"LE_M0NK3Y","p2":"Lixeira Pistola","format":"[Gen 9] OU","log":"|j|\u2606LE_M0NK3Y\n|j|\u2606Lixeira Pistola\n|t:|1700925195\n|gametype|singles\n|player|p1|LE_M0NK3Y|265|1305\n|player|p2|Lixeira Pistola|giovanni|1391\n|teamsize|p1|6\n|teamsize|p2|6\n|gen|9\n|tier|[Gen 9] OU\n|rated|\n|rule|Sleep Clause Mod: Limit one foe put to sleep\n|rule|Species Clause: Limit one of each Pok\u00e9mon\n|rule|OHKO Clause: OHKO moves are banned\n|rule|Evasion Items Clause: Evasion items are banned\n|rule|Evasion Moves Clause: Evasion moves are banned\n|rule|Endless Battle Clause: Forcing endless battles is banned\n|rule|HP Percentage Mod: HP is shown in percentages\n|clearpoke\n|poke|p1|Mamoswine, F|\n|poke|p1|Rotom-Wash|\n|poke|p1|Zapdos-Galar|\n|poke|p1|Moltres|\n|poke|p1|Azumarill, M|\n|poke|p1|Iron Hands|\n|poke|p2|Charizard, M|\n|poke|p2|Torkoal, F|\n|poke|p2|Hatterene, F|\n|poke|p2|Great Tusk|\n|poke|p2|Brute Bonnet|\n|poke|p2|Walking Wake|\n|teampreview\n|inactive|Battle timer is ON: inactive players will automatically lose when time's up. (requested by Lixeira Pistola)\n|\n|t:|1700925206\n|start\n|switch|p1a: Mamoswine|Mamoswine, F|100\/100\n|switch|p2a: Torkoal|Torkoal, F|100\/100\n|-weather|SunnyDay|[from] ability: Drought|[of] p2a: Torkoal\n|turn|1\n|\n|t:|1700925214\n|switch|p2a: Hatterene|Hatterene, F|100\/100\n|move|p1a: Mamoswine|Earthquake|p2a: Hatterene\n|-damage|p2a: Hatterene|39\/100\n|-enditem|p2a: Hatterene|Eject Button\n|-damage|p1a: Mamoswine|91\/100|[from] item: Life Orb\n|\n|t:|1700925219\n|switch|p2a: Great Tusk|Great Tusk|100\/100\n|-activate|p2a: Great Tusk|ability: Protosynthesis\n|-start|p2a: Great Tusk|protosynthesisatk\n|\n|-weather|SunnyDay|[upkeep]\n|upkeep\n|turn|2\n|\n|t:|1700925233\n|switch|p1a: Rotom|Rotom-Wash|100\/100\n|move|p2a: Great Tusk|Close Combat|p1a: Rotom\n|-damage|p1a: Rotom|35\/100\n|-unboost|p2a: Great Tusk|def|1\n|-unboost|p2a: Great Tusk|spd|1\n|-enditem|p2a: Great Tusk|Eject Pack\n|\n|t:|1700925240\n|-end|p2a: Great Tusk|Protosynthesis|[silent]\n|switch|p2a: Brute Bonnet|Brute Bonnet|100\/100\n|-activate|p2a: Brute Bonnet|ability: Protosynthesis\n|-start|p2a: Brute Bonnet|protosynthesisatk\n|\n|-weather|SunnyDay|[upkeep]\n|-heal|p1a: Rotom|42\/100|[from] item: Leftovers\n|upkeep\n|turn|3\n|\n|t:|1700925249\n|move|p1a: Rotom|Will-O-Wisp|p2a: Brute Bonnet\n|-status|p2a: Brute Bonnet|brn\n|move|p2a: Brute Bonnet|Spore|p1a: Rotom\n|-status|p1a: Rotom|slp|[from] move: Spore\n|\n|-weather|SunnyDay|[upkeep]\n|-heal|p1a: Rotom|48\/100 slp|[from] item: Leftovers\n|-damage|p2a: Brute Bonnet|94\/100 brn|[from] brn\n|upkeep\n|turn|4\n|\n|t:|1700925255\n|-end|p2a: Brute Bonnet|Protosynthesis|[silent]\n|switch|p2a: Walking Wake|Walking Wake|100\/100\n|-activate|p2a: Walking Wake|ability: Protosynthesis\n|-start|p2a: Walking Wake|protosynthesisspe\n|cant|p1a: Rotom|slp\n|\n|-weather|SunnyDay|[upkeep]\n|-heal|p1a: Rotom|54\/100 slp|[from] item: Leftovers\n|upkeep\n|turn|5\n|\n|t:|1700925267\n|move|p2a: Walking Wake|Hydro Steam|p1a: Rotom\n|-resisted|p1a: Rotom\n|-damage|p1a: Rotom|2\/100 slp\n|-curestatus|p1a: Rotom|slp|[msg]\n|move|p1a: Rotom|Will-O-Wisp|p2a: Walking Wake\n|-status|p2a: Walking Wake|brn\n|\n|-weather|SunnyDay|[upkeep]\n|-heal|p1a: Rotom|8\/100|[from] item: Leftovers\n|-damage|p2a: Walking Wake|94\/100 brn|[from] brn\n|upkeep\n|turn|6\n|\n|t:|1700925278\n|move|p1a: Rotom|Protect|p1a: Rotom\n|-singleturn|p1a: Rotom|Protect\n|move|p2a: Walking Wake|Hydro Steam|p1a: Rotom\n|-activate|p1a: Rotom|move: Protect\n|\n|-weather|SunnyDay|[upkeep]\n|-heal|p1a: Rotom|15\/100|[from] item: Leftovers\n|-damage|p2a: Walking Wake|88\/100 brn|[from] brn\n|upkeep\n|turn|7\n|\n|t:|1700925286\n|move|p2a: Walking Wake|Hydro Steam|p1a: Rotom\n|-resisted|p1a: Rotom\n|-damage|p1a: Rotom|0 fnt\n|faint|p1a: Rotom\n|\n|-weather|SunnyDay|[upkeep]\n|-damage|p2a: Walking Wake|82\/100 brn|[from] brn\n|upkeep\n|\n|t:|1700925301\n|switch|p1a: Azumarill|Azumarill, M|100\/100\n|turn|8\n|\n|t:|1700925307\n|-end|p2a: Walking Wake|Protosynthesis|[silent]\n|switch|p2a: Hatterene|Hatterene, F|39\/100\n|move|p1a: Azumarill|Play Rough|p2a: Hatterene|[miss]\n|-miss|p1a: Azumarill|p2a: Hatterene\n|\n|-weather|none\n|upkeep\n|turn|9\n|\n|t:|1700925319\n|move|p1a: Azumarill|Liquidation|p2a: Hatterene\n|-damage|p2a: Hatterene|0 fnt\n|faint|p2a: Hatterene\n|\n|upkeep\n|\n|t:|1700925323\n|switch|p2a: Torkoal|Torkoal, F|100\/100\n|-weather|SunnyDay|[from] ability: Drought|[of] p2a: Torkoal\n|turn|10\n|\n|t:|1700925338\n|move|p1a: Azumarill|Belly Drum|p1a: Azumarill\n|-damage|p1a: Azumarill|50\/100\n|-setboost|p1a: Azumarill|atk|6|[from] move: Belly Drum\n|-enditem|p1a: Azumarill|Sitrus Berry|[eat]\n|-heal|p1a: Azumarill|75\/100|[from] item: Sitrus Berry\n|move|p2a: Torkoal|Yawn|p1a: Azumarill\n|-start|p1a: Azumarill|move: Yawn|[of] p2a: Torkoal\n|\n|-weather|SunnyDay|[upkeep]\n|upkeep\n|turn|11\n|\n|t:|1700925347\n|move|p1a: Azumarill|Liquidation|p2a: Torkoal\n|-supereffective|p2a: Torkoal\n|-damage|p2a: Torkoal|0 fnt\n|faint|p2a: Torkoal\n|\n|-weather|SunnyDay|[upkeep]\n|-end|p1a: Azumarill|move: Yawn|[silent]\n|-status|p1a: Azumarill|slp\n|upkeep\n|\n|t:|1700925352\n|switch|p2a: Walking Wake|Walking Wake|82\/100 brn\n|-activate|p2a: Walking Wake|ability: Protosynthesis\n|-start|p2a: Walking Wake|protosynthesisspe\n|turn|12\n|\n|t:|1700925359\n|move|p2a: Walking Wake|Hydro Steam|p1a: Azumarill\n|-resisted|p1a: Azumarill\n|-damage|p1a: Azumarill|28\/100 slp\n|cant|p1a: Azumarill|slp\n|\n|-weather|SunnyDay|[upkeep]\n|-damage|p2a: Walking Wake|76\/100 brn|[from] brn\n|upkeep\n|turn|13\n|\n|t:|1700925368\n|move|p2a: Walking Wake|Hydro Steam|p1a: Azumarill\n|-resisted|p1a: Azumarill\n|-damage|p1a: Azumarill|0 fnt\n|faint|p1a: Azumarill\n|\n|-weather|SunnyDay|[upkeep]\n|-damage|p2a: Walking Wake|70\/100 brn|[from] brn\n|upkeep\n|\n|t:|1700925383\n|switch|p1a: Iron Hands|Iron Hands|100\/100\n|turn|14\n|\n|t:|1700925388\n|move|p2a: Walking Wake|Hydro Steam|p1a: Iron Hands\n|-damage|p1a: Iron Hands|26\/100\n|move|p1a: Iron Hands|Drain Punch|p2a: Walking Wake\n|-damage|p2a: Walking Wake|27\/100 brn\n|-heal|p1a: Iron Hands|43\/100|[from] drain|[of] p2a: Walking Wake\n|\n|-weather|SunnyDay|[upkeep]\n|-heal|p1a: Iron Hands|49\/100|[from] item: Leftovers\n|-damage|p2a: Walking Wake|21\/100 brn|[from] brn\n|upkeep\n|turn|15\n|\n|t:|1700925409\n|move|p2a: Walking Wake|Hydro Steam|p1a: Iron Hands\n|-damage|p1a: Iron Hands|0 fnt\n|faint|p1a: Iron Hands\n|-end|p1a: Iron Hands|Quark Drive|[silent]\n|\n|-weather|SunnyDay|[upkeep]\n|-damage|p2a: Walking Wake|15\/100 brn|[from] brn\n|upkeep\n|\n|t:|1700925418\n|switch|p1a: Mamoswine|Mamoswine, F|91\/100\n|turn|16\n|\n|t:|1700925423\n|move|p1a: Mamoswine|Ice Shard|p2a: Walking Wake\n|-damage|p2a: Walking Wake|0 fnt\n|faint|p2a: Walking Wake\n|-end|p2a: Walking Wake|Protosynthesis|[silent]\n|-damage|p1a: Mamoswine|81\/100|[from] item: Life Orb\n|\n|-weather|SunnyDay|[upkeep]\n|upkeep\n|\n|t:|1700925424\n|switch|p2a: Charizard|Charizard, M|100\/100\n|turn|17\n|\n|t:|1700925433\n|-terastallize|p2a: Charizard|Fire\n|move|p2a: Charizard|Overheat|p1a: Mamoswine\n|-supereffective|p1a: Mamoswine\n|-damage|p1a: Mamoswine|0 fnt\n|-unboost|p2a: Charizard|spa|2\n|faint|p1a: Mamoswine\n|\n|-weather|none\n|upkeep\n|\n|t:|1700925444\n|switch|p1a: Zapdos|Zapdos-Galar|100\/100\n|turn|18\n|\n|t:|1700925449\n|switch|p2a: Brute Bonnet|Brute Bonnet|94\/100 brn\n|move|p1a: Zapdos|Brave Bird|p2a: Brute Bonnet\n|-supereffective|p2a: Brute Bonnet\n|-damage|p2a: Brute Bonnet|0 fnt\n|faint|p2a: Brute Bonnet\n|-end|p2a: Brute Bonnet|Protosynthesis|[silent]\n|-damage|p1a: Zapdos|65\/100|[from] Recoil\n|\n|upkeep\n|\n|t:|1700925451\n|switch|p2a: Charizard|Charizard, M, tera:Fire|100\/100\n|turn|19\n|\n|t:|1700925459\n|move|p2a: Charizard|Air Slash|p1a: Zapdos\n|-supereffective|p1a: Zapdos\n|-damage|p1a: Zapdos|0 fnt\n|faint|p1a: Zapdos\n|\n|upkeep\n|\n|t:|1700925464\n|switch|p1a: Moltres|Moltres|100\/100\n|turn|20\n|\n|t:|1700925470\n|move|p2a: Charizard|Air Slash|p1a: Moltres\n|-damage|p1a: Moltres|63\/100\n|move|p1a: Moltres|Flamethrower|p2a: Charizard\n|-resisted|p2a: Charizard\n|-damage|p2a: Charizard|78\/100\n|\n|upkeep\n|turn|21\n|\n|t:|1700925486\n|move|p2a: Charizard|Air Slash|p1a: Moltres\n|-crit|p1a: Moltres\n|-damage|p1a: Moltres|10\/100\n|move|p1a: Moltres|Flamethrower|p2a: Charizard\n|-resisted|p2a: Charizard\n|-damage|p2a: Charizard|52\/100\n|\n|upkeep\n|turn|22\n|\n|t:|1700925493\n|move|p2a: Charizard|Air Slash|p1a: Moltres\n|-damage|p1a: Moltres|0 fnt\n|faint|p1a: Moltres\n|\n|win|Lixeira Pistola\n|raw|LE_M0NK3Y's rating: 1305 &rarr; <strong>1290<\/strong><br \/>(-15 for losing)\n|raw|Lixeira Pistola's rating: 1391 &rarr; <strong>1406<\/strong><br \/>(+15 for winning)\n|l|\u2606LE_M0NK3Y\n","uploadtime":1700925498,"views":2,"p1id":"lem0nk3y","p2id":"lixeirapistola","formatid":"gen9ou","rating":1290,"private":0,"password":""}