{"id":"gen9ou-1997901020","p1":"zacianboi101","p2":"HEAVY-DUTY B0OTY","format":"[Gen 9] OU","log":"|j|\u2606zacianboi101\n|j|\u2606HEAVY-DUTY B0OTY\n|inactive|Battle timer is ON: inactive players will automatically lose when time's up.\n|t:|1700865367\n|gametype|singles\n|player|p1|zacianboi101|169|\n|player|p2|HEAVY-DUTY B0OTY|swimmerf-gen6|\n|teamsize|p1|6\n|teamsize|p2|6\n|gen|9\n|tier|[Gen 9] OU\n|rated|Tournament battle\n|rule|Sleep Clause Mod: Limit one foe put to sleep\n|rule|Species Clause: Limit one of each Pok\u00e9mon\n|rule|OHKO Clause: OHKO moves are banned\n|rule|Evasion Items Clause: Evasion items are banned\n|rule|Evasion Moves Clause: Evasion moves are banned\n|rule|Endless Battle Clause: Forcing endless battles is banned\n|rule|HP Percentage Mod: HP is shown in percentages\n|clearpoke\n|poke|p1|Cryogonal|\n|poke|p1|Klawf, F|\n|poke|p1|Carbink|\n|poke|p1|Hariyama, M|\n|poke|p1|Sinistcha-Masterpiece|\n|poke|p1|Toxicroak, M|\n|poke|p2|Cryogonal|\n|poke|p2|Klawf, M|\n|poke|p2|Hariyama, F|\n|poke|p2|Sinistcha|\n|poke|p2|Carbink|\n|poke|p2|Toxicroak, M|\n|teampreview\n|j|*Lady Monita \u2746\n|j| I E Tass\n|c|\u2606zacianboi101|gl hf\n|c|\u2606HEAVY-DUTY B0OTY|hf\n|\n|t:|1700865380\n|start\n|switch|p1a: Klawf|Klawf, F|100\/100\n|switch|p2a: Carbink|Carbink|100\/100\n|turn|1\n|c|\u2606zacianboi101|my first match\n|\n|t:|1700865393\n|move|p1a: Klawf|Crabhammer|p2a: Carbink\n|-supereffective|p2a: Carbink\n|-damage|p2a: Carbink|51\/100\n|-damage|p1a: Klawf|84\/100|[from] item: Rocky Helmet|[of] p2a: Carbink\n|move|p2a: Carbink|Stealth Rock|p1a: Klawf\n|-sidestart|p1: zacianboi101|move: Stealth Rock\n|\n|upkeep\n|turn|2\n|\n|t:|1700865400\n|move|p1a: Klawf|Stealth Rock|p2a: Carbink\n|-sidestart|p2: HEAVY-DUTY B0OTY|move: Stealth Rock\n|move|p2a: Carbink|Reflect|p2a: Carbink\n|-sidestart|p2: HEAVY-DUTY B0OTY|Reflect\n|\n|upkeep\n|turn|3\n|\n|t:|1700865407\n|move|p1a: Klawf|Crabhammer|p2a: Carbink\n|-supereffective|p2a: Carbink\n|-damage|p2a: Carbink|25\/100\n|-damage|p1a: Klawf|68\/100|[from] item: Rocky Helmet|[of] p2a: Carbink\n|move|p2a: Carbink|Iron Head|p1a: Klawf\n|-supereffective|p1a: Klawf\n|-damage|p1a: Klawf|42\/100\n|-enditem|p1a: Klawf|Weakness Policy\n|-boost|p1a: Klawf|atk|2|[from] item: Weakness Policy\n|-boost|p1a: Klawf|spa|2|[from] item: Weakness Policy\n|-ability|p1a: Klawf|Anger Shell|boost\n|-boost|p1a: Klawf|atk|1\n|-boost|p1a: Klawf|spa|1\n|-boost|p1a: Klawf|spe|1\n|-unboost|p1a: Klawf|def|1\n|-unboost|p1a: Klawf|spd|1\n|\n|upkeep\n|turn|4\n|\n|t:|1700865416\n|move|p1a: Klawf|Crabhammer|p2a: Carbink\n|-supereffective|p2a: Carbink\n|-damage|p2a: Carbink|0 fnt\n|-damage|p1a: Klawf|26\/100|[from] item: Rocky Helmet|[of] p2a: Carbink\n|faint|p2a: Carbink\n|\n|upkeep\n|\n|t:|1700865422\n|switch|p2a: Toxicroak|Toxicroak, M|100\/100\n|-damage|p2a: Toxicroak|94\/100|[from] Stealth Rock\n|turn|5\n|\n|t:|1700865431\n|move|p2a: Toxicroak|Bullet Punch|p1a: Klawf\n|-supereffective|p1a: Klawf\n|-damage|p1a: Klawf|0 fnt\n|faint|p1a: Klawf\n|\n|-heal|p2a: Toxicroak|100\/100|[from] item: Leftovers\n|upkeep\n|\n|t:|1700865444\n|switch|p1a: Carbink|Carbink|100\/100\n|-damage|p1a: Carbink|88\/100|[from] Stealth Rock\n|turn|6\n|\n|t:|1700865454\n|move|p2a: Toxicroak|Close Combat|p1a: Carbink\n|-damage|p1a: Carbink|45\/100\n|-unboost|p2a: Toxicroak|def|1\n|-unboost|p2a: Toxicroak|spd|1\n|move|p1a: Carbink|Reflect|p1a: Carbink\n|-sidestart|p1: zacianboi101|Reflect\n|\n|-sideend|p2: HEAVY-DUTY B0OTY|Reflect\n|upkeep\n|turn|7\n|\n|t:|1700865467\n|move|p2a: Toxicroak|Close Combat|p1a: Carbink\n|-damage|p1a: Carbink|24\/100\n|-unboost|p2a: Toxicroak|def|1\n|-unboost|p2a: Toxicroak|spd|1\n|move|p1a: Carbink|Moonblast|p2a: Toxicroak\n|-damage|p2a: Toxicroak|0 fnt\n|faint|p2a: Toxicroak\n|\n|upkeep\n|\n|t:|1700865481\n|switch|p2a: Cryogonal|Cryogonal|100\/100\n|turn|8\n|\n|t:|1700865485\n|move|p2a: Cryogonal|Rapid Spin|p1a: Carbink\n|-resisted|p1a: Carbink\n|-damage|p1a: Carbink|23\/100\n|-boost|p2a: Cryogonal|spe|1\n|-sideend|p2: HEAVY-DUTY B0OTY|Stealth Rock|[from] move: Rapid Spin|[of] p2a: Cryogonal\n|move|p1a: Carbink|Light Screen|p1a: Carbink\n|-sidestart|p1: zacianboi101|move: Light Screen\n|\n|upkeep\n|turn|9\n|\n|t:|1700865499\n|switch|p1a: Hariyama|Hariyama, M|100\/100\n|-damage|p1a: Hariyama|94\/100|[from] Stealth Rock\n|move|p2a: Cryogonal|Ice Beam|p1a: Hariyama\n|-damage|p1a: Hariyama|78\/100\n|\n|-status|p1a: Hariyama|brn|[from] item: Flame Orb\n|upkeep\n|turn|10\n|c| I E Tass|when that 50 SpA hits\n|c|\u2606HEAVY-DUTY B0OTY|lol\n|c|\u2606zacianboi101|lol\n|\n|t:|1700865521\n|move|p2a: Cryogonal|Ice Beam|p1a: Hariyama\n|-damage|p1a: Hariyama|62\/100 brn\n|move|p1a: Hariyama|Knock Off|p2a: Cryogonal\n|-damage|p2a: Cryogonal|16\/100\n|-enditem|p2a: Cryogonal|Heavy-Duty Boots|[from] move: Knock Off|[of] p1a: Hariyama\n|\n|-damage|p1a: Hariyama|56\/100 brn|[from] brn\n|upkeep\n|turn|11\n|c|\u2606zacianboi101|thoseies boot\n|c|\u2606zacianboi101|wtf\n|inactive|HEAVY-DUTY B0OTY has 120 seconds left.\n|\n|t:|1700865542\n|switch|p2a: Sinistcha|Sinistcha|100\/100\n|move|p1a: Hariyama|Bullet Punch|p2a: Sinistcha\n|-damage|p2a: Sinistcha|83\/100\n|\n|-heal|p2a: Sinistcha|89\/100|[from] item: Leftovers\n|-damage|p1a: Hariyama|50\/100 brn|[from] brn\n|upkeep\n|turn|12\n|c|\u2606zacianboi101|i meant to type\n|inactive|HEAVY-DUTY B0OTY has 120 seconds left.\n|c|\u2606zacianboi101|those booties\n|j| IcyJulien\n|\n|t:|1700865565\n|-terastallize|p1a: Hariyama|Dark\n|move|p2a: Sinistcha|Strength Sap|p1a: Hariyama\n|-unboost|p1a: Hariyama|atk|1\n|-heal|p2a: Sinistcha|100\/100\n|move|p1a: Hariyama|Knock Off|p2a: Sinistcha\n|-supereffective|p2a: Sinistcha\n|-damage|p2a: Sinistcha|29\/100\n|-enditem|p2a: Sinistcha|Leftovers|[from] move: Knock Off|[of] p1a: Hariyama\n|\n|-damage|p1a: Hariyama|44\/100 brn|[from] brn\n|upkeep\n|turn|13\n|c|\u2606HEAVY-DUTY B0OTY|heh\n|inactive|zacianboi101 has 120 seconds left.\n|inactive|zacianboi101 has 90 seconds left.\n|j| Oscarx90\n|inactive|zacianboi101 has 60 seconds left.\n|inactive|zacianboi101 has 30 seconds left.\n|\n|t:|1700865680\n|move|p2a: Sinistcha|Strength Sap|p1a: Hariyama\n|-unboost|p1a: Hariyama|atk|1\n|-heal|p2a: Sinistcha|100\/100\n|move|p1a: Hariyama|Knock Off|p2a: Sinistcha\n|-supereffective|p2a: Sinistcha\n|-damage|p2a: Sinistcha|64\/100\n|\n|-damage|p1a: Hariyama|38\/100 brn|[from] brn\n|-sideend|p1: zacianboi101|Reflect\n|upkeep\n|turn|14\n|inactive|zacianboi101 has 30 seconds left.\n|\n|t:|1700865689\n|switch|p1a: Toxicroak|Toxicroak, M, shiny|100\/100\n|-damage|p1a: Toxicroak|94\/100|[from] Stealth Rock\n|move|p2a: Sinistcha|Calm Mind|p2a: Sinistcha\n|-boost|p2a: Sinistcha|spa|1\n|-boost|p2a: Sinistcha|spd|1\n|\n|upkeep\n|turn|15\n|inactive|zacianboi101 has 30 seconds left.\n|\n|t:|1700865703\n|move|p1a: Toxicroak|Swords Dance|p1a: Toxicroak\n|-boost|p1a: Toxicroak|atk|2\n|move|p2a: Sinistcha|Strength Sap|p1a: Toxicroak\n|-unboost|p1a: Toxicroak|atk|1\n|-heal|p2a: Sinistcha|100\/100\n|\n|-sideend|p1: zacianboi101|move: Light Screen\n|upkeep\n|turn|16\n|\n|t:|1700865711\n|move|p1a: Toxicroak|Gunk Shot|p2a: Sinistcha\n|-damage|p2a: Sinistcha|32\/100\n|-status|p2a: Sinistcha|psn\n|move|p2a: Sinistcha|Shadow Ball|p1a: Toxicroak\n|-damage|p1a: Toxicroak|21\/100\n|\n|-damage|p2a: Sinistcha|20\/100 psn|[from] psn\n|upkeep\n|turn|17\n|inactive|zacianboi101 has 30 seconds left.\n|inactive|zacianboi101 has 20 seconds left.\n|inactive|zacianboi101 has 15 seconds left.\n|\n|t:|1700865744\n|move|p1a: Toxicroak|Knock Off|p2a: Sinistcha\n|-supereffective|p2a: Sinistcha\n|-damage|p2a: Sinistcha|0 fnt\n|faint|p2a: Sinistcha\n|\n|upkeep\n|inactive|zacianboi101 has 20 seconds left this turn.\n|\n|t:|1700865757\n|switch|p2a: Cryogonal|Cryogonal|16\/100\n|turn|18\n|inactive|zacianboi101 has 30 seconds left this turn.\n|inactive|zacianboi101 has 20 seconds left.\n|\n|t:|1700865768\n|move|p1a: Toxicroak|Sucker Punch||[still]\n|-fail|p1a: Toxicroak\n|move|p2a: Cryogonal|Recover|p2a: Cryogonal\n|-heal|p2a: Cryogonal|66\/100\n|\n|upkeep\n|turn|19\n|inactive|zacianboi101 has 30 seconds left this turn.\n|c|\u2606HEAVY-DUTY B0OTY|huh\n|\n|t:|1700865778\n|move|p1a: Toxicroak|Sucker Punch|p2a: Cryogonal\n|-damage|p2a: Cryogonal|13\/100\n|-status|p2a: Cryogonal|psn|[from] ability: Poison Touch|[of] p1a: Toxicroak\n|move|p2a: Cryogonal|Ice Beam|p1a: Toxicroak\n|-damage|p1a: Toxicroak|0 fnt\n|faint|p1a: Toxicroak\n|\n|-damage|p2a: Cryogonal|1\/100 psn|[from] psn\n|upkeep\n|inactive|zacianboi101 has 30 seconds left this turn.\n|\n|t:|1700865784\n|switch|p1a: Carbink|Carbink|23\/100\n|-damage|p1a: Carbink|10\/100|[from] Stealth Rock\n|turn|20\n|inactive|zacianboi101 has 30 seconds left.\n|\n|t:|1700865789\n|move|p2a: Cryogonal|Flash Cannon|p1a: Carbink\n|-supereffective|p1a: Carbink\n|-damage|p1a: Carbink|0 fnt\n|faint|p1a: Carbink\n|\n|-damage|p2a: Cryogonal|0 fnt|[from] psn\n|faint|p2a: Cryogonal\n|upkeep\n|inactive|zacianboi101 has 30 seconds left.\n|inactive|zacianboi101 has 20 seconds left.\n|inactive|zacianboi101 has 15 seconds left.\n|inactive|zacianboi101 has 10 seconds left.\n|\n|t:|1700865823\n|switch|p2a: Klawf|Klawf, M|100\/100\n|switch|p1a: Hariyama|Hariyama, M, tera:Dark|38\/100 brn\n|-damage|p1a: Hariyama|25\/100 brn|[from] Stealth Rock\n|turn|21\n|inactive|zacianboi101 has 20 seconds left this turn.\n|inactive|zacianboi101 has 15 seconds left.\n|\n|t:|1700865836\n|move|p2a: Klawf|Brick Break|p1a: Hariyama\n|-supereffective|p1a: Hariyama\n|-damage|p1a: Hariyama|0 fnt\n|faint|p1a: Hariyama\n|\n|upkeep\n|inactive|zacianboi101 has 20 seconds left this turn.\n|\n|t:|1700865841\n|switch|p1a: Cryogonal|Cryogonal|100\/100\n|-damage|p1a: Cryogonal|75\/100|[from] Stealth Rock\n|turn|22\n|inactive|zacianboi101 has 30 seconds left this turn.\n|j| Im dumb srly\n|\n|t:|1700865846\n|move|p1a: Cryogonal|Confuse Ray|p2a: Klawf\n|-start|p2a: Klawf|confusion\n|-activate|p2a: Klawf|confusion\n|move|p2a: Klawf|Swords Dance|p2a: Klawf\n|-boost|p2a: Klawf|atk|2\n|\n|upkeep\n|turn|23\n|\n|t:|1700865855\n|move|p1a: Cryogonal|Haze|p1a: Cryogonal\n|-clearallboost\n|-activate|p2a: Klawf|confusion\n|move|p2a: Klawf|Brick Break|p1a: Cryogonal\n|-supereffective|p1a: Cryogonal\n|-damage|p1a: Cryogonal|4\/100\n|-enditem|p1a: Cryogonal|Figy Berry|[eat]\n|-heal|p1a: Cryogonal|37\/100|[from] item: Figy Berry\n|-start|p1a: Cryogonal|confusion\n|\n|upkeep\n|turn|24\n|c|\u2606HEAVY-DUTY B0OTY|lol\n|c|\u2606zacianboi101|oops\n|inactive|zacianboi101 has 30 seconds left.\n|c| I E Tass|what on earth\n|\n|t:|1700865876\n|switch|p2a: Hariyama|Hariyama, F|100\/100\n|-activate|p1a: Cryogonal|confusion\n|-damage|p1a: Cryogonal|30\/100|[from] confusion\n|\n|upkeep\n|turn|25\n|inactive|zacianboi101 has 30 seconds left.\n|\n|t:|1700865892\n|-terastallize|p2a: Hariyama|Steel\n|move|p2a: Hariyama|Bullet Punch|p1a: Cryogonal\n|-supereffective|p1a: Cryogonal\n|-crit|p1a: Cryogonal\n|-damage|p1a: Cryogonal|0 fnt\n|faint|p1a: Cryogonal\n|\n|upkeep\n|inactive|zacianboi101 has 30 seconds left this turn.\n|\n|t:|1700865895\n|switch|p1a: Sinistcha|Sinistcha-Masterpiece|100\/100\n|-damage|p1a: Sinistcha|88\/100|[from] Stealth Rock\n|turn|26\n|\n|t:|1700865899\n|move|p1a: Sinistcha|Calm Mind|p1a: Sinistcha\n|-boost|p1a: Sinistcha|spa|1\n|-boost|p1a: Sinistcha|spd|1\n|move|p2a: Hariyama|Belly Drum|p2a: Hariyama\n|-damage|p2a: Hariyama|50\/100\n|-setboost|p2a: Hariyama|atk|6|[from] move: Belly Drum\n|-enditem|p2a: Hariyama|Sitrus Berry|[eat]\n|-heal|p2a: Hariyama|75\/100|[from] item: Sitrus Berry\n|\n|upkeep\n|turn|27\n|c|\u2606HEAVY-DUTY B0OTY|i be drummin\n|\n|t:|1700865906\n|move|p1a: Sinistcha|Shadow Ball|p2a: Hariyama\n|-damage|p2a: Hariyama|5\/100\n|-damage|p1a: Sinistcha|78\/100|[from] item: Life Orb\n|move|p2a: Hariyama|Knock Off|p1a: Sinistcha\n|-supereffective|p1a: Sinistcha\n|-damage|p1a: Sinistcha|0 fnt\n|-enditem|p1a: Sinistcha|Life Orb|[from] move: Knock Off|[of] p2a: Hariyama\n|faint|p1a: Sinistcha\n|\n|win|HEAVY-DUTY B0OTY\n|n|\u2606zacianboi101|zacianboi101\n|n|\u2606HEAVY-DUTY B0OTY|heavydutyb0oty\n|n|*Lady Monita \u2746|ladymonita\n|n| I E Tass|ietass\n|n| IcyJulien|icyjulien\n|n| Oscarx90|oscarx90\n|n| Im dumb srly|imdumbsrly\n","uploadtime":1700865908,"views":17,"p1id":"zacianboi101","p2id":"heavydutyb0oty","formatid":"gen9ou","rating":0,"private":0,"password":""}