{"id":"gen9ou-2000029567","p1":"Monkey D.Pedro AAA","p2":"Allissin2021","format":"[Gen 9] OU","log":"|j|\u2606Monkey D.Pedro AAA\n|j|\u2606Allissin2021\n|t:|1701143265\n|gametype|singles\n|player|p1|Monkey D.Pedro AAA|169|1068\n|player|p2|Allissin2021|169|1000\n|teamsize|p1|6\n|teamsize|p2|6\n|gen|9\n|tier|[Gen 9] OU\n|rated|\n|rule|Sleep Clause Mod: Limit one foe put to sleep\n|rule|Species Clause: Limit one of each Pok\u00e9mon\n|rule|OHKO Clause: OHKO moves are banned\n|rule|Evasion Items Clause: Evasion items are banned\n|rule|Evasion Moves Clause: Evasion moves are banned\n|rule|Endless Battle Clause: Forcing endless battles is banned\n|rule|HP Percentage Mod: HP is shown in percentages\n|clearpoke\n|poke|p1|Quaquaval, F|\n|poke|p1|Maushold|\n|poke|p1|Ninetales-Alola, F|\n|poke|p1|Goodra-Hisui, M|\n|poke|p1|Sinistcha|\n|poke|p1|Toxapex, F|\n|poke|p2|Ursaluna, F|\n|poke|p2|Garganacl, M|\n|poke|p2|Skeledirge, F|\n|poke|p2|Cresselia, F|\n|poke|p2|Grimmsnarl, M|\n|poke|p2|Sableye, M|\n|teampreview\n|\n|t:|1701143277\n|start\n|switch|p1a: Ninetales|Ninetales-Alola, F|100\/100\n|switch|p2a: Garganacl|Garganacl, M|100\/100\n|-weather|Snow|[from] ability: Snow Warning|[of] p1a: Ninetales\n|turn|1\n|j| Stbfyjbu\n|c| Stbfyjbu|Coward bitch\n|\n|t:|1701143286\n|move|p1a: Ninetales|Aurora Veil|p1a: Ninetales\n|-sidestart|p1: Monkey D.Pedro AAA|move: Aurora Veil\n|move|p2a: Garganacl|Salt Cure|p1a: Ninetales\n|-supereffective|p1a: Ninetales\n|-damage|p1a: Ninetales|89\/100\n|-start|p1a: Ninetales|Salt Cure\n|\n|-weather|Snow|[upkeep]\n|-damage|p1a: Ninetales|76\/100|[from] Salt Cure\n|upkeep\n|turn|2\n|\n|t:|1701143295\n|switch|p1a: Matcha|Sinistcha|100\/100\n|move|p2a: Garganacl|Salt Cure|p1a: Matcha\n|-damage|p1a: Matcha|94\/100\n|-start|p1a: Matcha|Salt Cure\n|\n|-weather|Snow|[upkeep]\n|-damage|p1a: Matcha|82\/100|[from] Salt Cure\n|upkeep\n|turn|3\n|c| Stbfyjbu|Pedro will quit if you don\u2019t let his noob mouse get a free sweep\n|\n|t:|1701143315\n|switch|p2a: Sableye|Sableye, M|100\/100\n|move|p1a: Matcha|Calm Mind|p1a: Matcha\n|-boost|p1a: Matcha|spa|1\n|-boost|p1a: Matcha|spd|1\n|\n|-weather|Snow|[upkeep]\n|-damage|p1a: Matcha|70\/100|[from] Salt Cure\n|upkeep\n|turn|4\n|\n|t:|1701143327\n|-terastallize|p1a: Matcha|Fire\n|move|p2a: Sableye|Encore|p1a: Matcha\n|-start|p1a: Matcha|Encore\n|move|p1a: Matcha|Calm Mind|p1a: Matcha\n|-boost|p1a: Matcha|spa|1\n|-boost|p1a: Matcha|spd|1\n|\n|-weather|Snow|[upkeep]\n|-damage|p1a: Matcha|57\/100|[from] Salt Cure\n|upkeep\n|turn|5\n|\n|t:|1701143342\n|switch|p1a: Toxapex|Toxapex, F|100\/100\n|move|p2a: Sableye|Knock Off|p1a: Toxapex\n|-damage|p1a: Toxapex|91\/100\n|-enditem|p1a: Toxapex|Black Sludge|[from] move: Knock Off|[of] p2a: Sableye\n|\n|-weather|none\n|upkeep\n|turn|6\n|\n|t:|1701143351\n|move|p2a: Sableye|Taunt|p1a: Toxapex\n|-start|p1a: Toxapex|move: Taunt\n|cant|p1a: Toxapex|move: Taunt|Toxic\n|\n|upkeep\n|turn|7\n|\n|t:|1701143362\n|switch|p2a: Garganacl|Garganacl, M|100\/100\n|move|p1a: Toxapex|Icy Wind|p2a: Garganacl\n|-damage|p2a: Garganacl|95\/100\n|-unboost|p2a: Garganacl|spe|1\n|\n|-heal|p2a: Garganacl|100\/100|[from] item: Leftovers\n|upkeep\n|turn|8\n|\n|t:|1701143374\n|switch|p1a: Matcha|Sinistcha, tera:Fire|57\/100\n|move|p2a: Garganacl|Salt Cure|p1a: Matcha\n|-supereffective|p1a: Matcha\n|-damage|p1a: Matcha|45\/100\n|-start|p1a: Matcha|Salt Cure\n|\n|-damage|p1a: Matcha|33\/100|[from] Salt Cure\n|-sideend|p1: Monkey D.Pedro AAA|move: Aurora Veil\n|upkeep\n|turn|9\n|\n|t:|1701143383\n|switch|p2a: Sableye|Sableye, M|100\/100\n|move|p1a: Matcha|Strength Sap|p2a: Sableye\n|-unboost|p2a: Sableye|atk|1\n|-heal|p1a: Matcha|87\/100\n|\n|-damage|p1a: Matcha|74\/100|[from] Salt Cure\n|upkeep\n|turn|10\n|\n|t:|1701143398\n|move|p2a: Sableye|Taunt|p1a: Matcha\n|-start|p1a: Matcha|move: Taunt\n|move|p1a: Matcha|Matcha Gotcha|p2a: Sableye\n|-damage|p2a: Sableye|29\/100\n|-heal|p1a: Matcha|100\/100|[from] drain|[of] p2a: Sableye\n|-damage|p1a: Matcha|91\/100|[from] item: Life Orb\n|\n|-damage|p1a: Matcha|78\/100|[from] Salt Cure\n|upkeep\n|turn|11\n|\n|t:|1701143421\n|switch|p2a: Cresselia|Cresselia, F|100\/100\n|move|p1a: Matcha|Matcha Gotcha|p2a: Cresselia\n|-damage|p2a: Cresselia|76\/100\n|-heal|p1a: Matcha|94\/100|[from] drain|[of] p2a: Cresselia\n|-damage|p1a: Matcha|84\/100|[from] item: Life Orb\n|\n|-damage|p1a: Matcha|72\/100|[from] Salt Cure\n|upkeep\n|turn|12\n|\n|t:|1701143441\n|move|p1a: Matcha|Shadow Ball|p2a: Cresselia\n|-supereffective|p2a: Cresselia\n|-damage|p2a: Cresselia|25\/100\n|-unboost|p2a: Cresselia|spd|1\n|-damage|p1a: Matcha|62\/100|[from] item: Life Orb\n|move|p2a: Cresselia|Trick Room|p2a: Cresselia\n|-fieldstart|move: Trick Room|[of] p2a: Cresselia\n|\n|-damage|p1a: Matcha|49\/100|[from] Salt Cure\n|-end|p1a: Matcha|move: Taunt\n|upkeep\n|turn|13\n|\n|t:|1701143459\n|switch|p2a: Ursaluna|Ursaluna, F|100\/100\n|move|p1a: Matcha|Shadow Ball|p2a: Ursaluna\n|-immune|p2a: Ursaluna\n|\n|-damage|p1a: Matcha|37\/100|[from] Salt Cure\n|-status|p2a: Ursaluna|brn|[from] item: Flame Orb\n|upkeep\n|turn|14\n|\n|t:|1701143474\n|move|p2a: Ursaluna|Headlong Rush|p1a: Matcha\n|-supereffective|p1a: Matcha\n|-damage|p1a: Matcha|0 fnt\n|-unboost|p2a: Ursaluna|def|1\n|-unboost|p2a: Ursaluna|spd|1\n|faint|p1a: Matcha\n|\n|-damage|p2a: Ursaluna|94\/100 brn|[from] brn\n|upkeep\n|\n|t:|1701143478\n|switch|p1a: Cuack|Quaquaval, F|100\/100\n|turn|15\n|\n|t:|1701143488\n|-terastallize|p2a: Ursaluna|Normal\n|move|p2a: Ursaluna|Facade|p1a: Cuack\n|-damage|p1a: Cuack|0 fnt\n|faint|p1a: Cuack\n|\n|-damage|p2a: Ursaluna|88\/100 brn|[from] brn\n|upkeep\n|\n|t:|1701143503\n|switch|p1a: Maushold|Maushold|100\/100\n|turn|16\n|\n|t:|1701143507\n|move|p2a: Ursaluna|Facade|p1a: Maushold\n|-damage|p1a: Maushold|0 fnt\n|faint|p1a: Maushold\n|\n|-damage|p2a: Ursaluna|82\/100 brn|[from] brn\n|-fieldend|move: Trick Room\n|upkeep\n|c| Stbfyjbu|Here\u2019s where he quits\n|c| Stbfyjbu|pu55y\n|\n|t:|1701143515\n|switch|p1a: Ninetales|Ninetales-Alola, F|76\/100\n|-weather|Snow|[from] ability: Snow Warning|[of] p1a: Ninetales\n|turn|17\n|\n|t:|1701143522\n|switch|p2a: Garganacl|Garganacl, M|100\/100\n|move|p1a: Ninetales|Aurora Veil|p1a: Ninetales\n|-sidestart|p1: Monkey D.Pedro AAA|move: Aurora Veil\n|\n|-weather|Snow|[upkeep]\n|upkeep\n|turn|18\n|\n|t:|1701143529\n|move|p1a: Ninetales|Blizzard|p2a: Garganacl\n|-damage|p2a: Garganacl|80\/100\n|move|p2a: Garganacl|Salt Cure|p1a: Ninetales\n|-supereffective|p1a: Ninetales\n|-damage|p1a: Ninetales|64\/100\n|-start|p1a: Ninetales|Salt Cure\n|\n|-weather|Snow|[upkeep]\n|-heal|p2a: Garganacl|86\/100|[from] item: Leftovers\n|-damage|p1a: Ninetales|52\/100|[from] Salt Cure\n|upkeep\n|turn|19\n|\n|t:|1701143540\n|move|p1a: Ninetales|Blizzard|p2a: Garganacl\n|-damage|p2a: Garganacl|64\/100\n|move|p2a: Garganacl|Salt Cure|p1a: Ninetales\n|-supereffective|p1a: Ninetales\n|-damage|p1a: Ninetales|40\/100\n|\n|-weather|Snow|[upkeep]\n|-heal|p2a: Garganacl|70\/100|[from] item: Leftovers\n|-damage|p1a: Ninetales|28\/100|[from] Salt Cure\n|upkeep\n|turn|20\n|-message|Monkey D.Pedro AAA forfeited.\n|\n|win|Allissin2021\n|raw|Monkey D.Pedro AAA's rating: 1068 &rarr; <strong>1044<\/strong><br \/>(-24 for losing)\n|raw|Allissin2021's rating: 1000 &rarr; <strong>1048<\/strong><br \/>(+48 for winning)\n","uploadtime":1701143287,"views":2,"p1id":"monkeydpedroaaa","p2id":"allissin2021","formatid":"gen9ou","rating":1044,"private":0,"password":""}