{"id":"gen9ou-1993051152","p1":"SnazzyLotus","p2":"HyperDood","format":"[Gen 9] OU","log":"|j|\u2606SnazzyLotus\n|j|\u2606HyperDood\n|t:|1700259340\n|gametype|singles\n|player|p1|SnazzyLotus|ghetsis|\n|player|p2|HyperDood|zinnia|\n|teamsize|p1|6\n|teamsize|p2|6\n|gen|9\n|tier|[Gen 9] OU\n|rule|Sleep Clause Mod: Limit one foe put to sleep\n|rule|Species Clause: Limit one of each Pok\u00e9mon\n|rule|OHKO Clause: OHKO moves are banned\n|rule|Evasion Items Clause: Evasion items are banned\n|rule|Evasion Moves Clause: Evasion moves are banned\n|rule|Endless Battle Clause: Forcing endless battles is banned\n|rule|HP Percentage Mod: HP is shown in percentages\n|clearpoke\n|poke|p1|Ogerpon-Wellspring, F|\n|poke|p1|Dragapult, M|\n|poke|p1|Iron Moth|\n|poke|p1|Great Tusk|\n|poke|p1|Kingambit, F|\n|poke|p1|Gholdengo|\n|poke|p2|Sneasler, F|\n|poke|p2|Ting-Lu|\n|poke|p2|Garganacl, F|\n|poke|p2|Salamence, F|\n|poke|p2|Slowking-Galar, F|\n|poke|p2|Corviknight, M|\n|teampreview\n|inactive|Battle timer is ON: inactive players will automatically lose when time's up. (requested by SnazzyLotus)\n|\n|t:|1700259351\n|start\n|switch|p1a: Ogerpon|Ogerpon-Wellspring, F|100\/100\n|switch|p2a: SAalamence|Salamence, F|100\/100\n|turn|1\n|\n|t:|1700259361\n|move|p1a: Ogerpon|Swords Dance|p1a: Ogerpon\n|-boost|p1a: Ogerpon|atk|2\n|move|p2a: SAalamence|Dragon Dance|p2a: SAalamence\n|-boost|p2a: SAalamence|atk|1\n|-boost|p2a: SAalamence|spe|1\n|\n|upkeep\n|turn|2\n|\n|t:|1700259368\n|move|p2a: SAalamence|Dual Wingbeat|p1a: Ogerpon\n|-supereffective|p1a: Ogerpon\n|-damage|p1a: Ogerpon|9\/100\n|-supereffective|p1a: Ogerpon\n|-damage|p1a: Ogerpon|0 fnt\n|faint|p1a: Ogerpon\n|-ability|p2a: SAalamence|Moxie|boost\n|-boost|p2a: SAalamence|atk|1\n|-hitcount|p1: Ogerpon|2\n|\n|upkeep\n|\n|t:|1700259377\n|switch|p1a: Dragapult|Dragapult, M, shiny|100\/100\n|turn|3\n|\n|t:|1700259381\n|move|p2a: SAalamence|Dragon Claw|p1a: Dragapult\n|-supereffective|p1a: Dragapult\n|-damage|p1a: Dragapult|0 fnt\n|faint|p1a: Dragapult\n|-ability|p2a: SAalamence|Moxie|boost\n|-boost|p2a: SAalamence|atk|1\n|\n|upkeep\n|c|\u2606HyperDood|Ok gga\n|c|\u2606HyperDood|Ggs\n|\n|t:|1700259393\n|switch|p1a: Gholdengo|Gholdengo|100\/100\n|turn|4\n|\n|t:|1700259397\n|move|p2a: SAalamence|Earthquake|p1a: Gholdengo\n|-supereffective|p1a: Gholdengo\n|-damage|p1a: Gholdengo|0 fnt\n|faint|p1a: Gholdengo\n|-ability|p2a: SAalamence|Moxie|boost\n|-boost|p2a: SAalamence|atk|1\n|\n|upkeep\n|c|\u2606SnazzyLotus|Run it on Duel Links\n|\n|t:|1700259409\n|switch|p1a: Great Tusk|Great Tusk|100\/100\n|turn|5\n|c|\u2606HyperDood|Dont got the app lmaoooo\n|\n|t:|1700259415\n|move|p2a: SAalamence|Dual Wingbeat|p1a: Great Tusk\n|-supereffective|p1a: Great Tusk\n|-damage|p1a: Great Tusk|22\/100\n|-supereffective|p1a: Great Tusk\n|-damage|p1a: Great Tusk|0 fnt\n|faint|p1a: Great Tusk\n|-end|p1a: Great Tusk|Protosynthesis|[silent]\n|-ability|p2a: SAalamence|Moxie|boost\n|-boost|p2a: SAalamence|atk|1\n|-hitcount|p1: Great Tusk|2\n|\n|upkeep\n|c|\u2606SnazzyLotus|Get it\n|c|\u2606HyperDood|Shouldof terad tusk\n|\n|t:|1700259423\n|switch|p1a: Iron Moth|Iron Moth|100\/100\n|turn|6\n|\n|t:|1700259427\n|move|p2a: SAalamence|Earthquake|p1a: Iron Moth\n|-supereffective|p1a: Iron Moth\n|-damage|p1a: Iron Moth|0 fnt\n|faint|p1a: Iron Moth\n|-end|p1a: Iron Moth|Quark Drive|[silent]\n|-ability|p2a: SAalamence|Moxie|boost\n|-boost|p2a: SAalamence|atk|1\n|\n|upkeep\n|\n|t:|1700259433\n|switch|p1a: Kingambit|Kingambit, F|100\/100\n|-activate|p1a: Kingambit|ability: Supreme Overlord\n|-start|p1a: Kingambit|fallen5|[silent]\n|turn|7\n|\n|t:|1700259440\n|-terastallize|p1a: Kingambit|Fairy\n|move|p1a: Kingambit|Sucker Punch|p2a: SAalamence\n|-damage|p2a: SAalamence|28\/100\n|move|p2a: SAalamence|Earthquake|p1a: Kingambit\n|-damage|p1a: Kingambit|0 fnt\n|faint|p1a: Kingambit\n|-end|p1a: Kingambit|fallen5|[silent]\n|\n|win|HyperDood\n|c|\u2606HyperDood|Worst game ever \ud83d\udcaf\n|c|\u2606SnazzyLotus|Get Duel Links and run it\n|l|\u2606SnazzyLotus\n|c|\u2606HyperDood|Not downloading app\n","uploadtime":1700259466,"views":11,"p1id":"snazzylotus","p2id":"hyperdood","formatid":"gen9ou","rating":0,"private":0,"password":""}