{"id":"gen9ou-1996979079","p1":"liaoya","p2":"stupid zazou","format":"[Gen 9] OU","log":"|j|\u2606liaoya\n|j|\u2606stupid zazou\n|t:|1700751981\n|gametype|singles\n|player|p1|liaoya|petrel|1591\n|player|p2|stupid zazou|policeman|1665\n|teamsize|p1|6\n|teamsize|p2|6\n|gen|9\n|tier|[Gen 9] OU\n|rated|\n|rule|Sleep Clause Mod: Limit one foe put to sleep\n|rule|Species Clause: Limit one of each Pok\u00e9mon\n|rule|OHKO Clause: OHKO moves are banned\n|rule|Evasion Items Clause: Evasion items are banned\n|rule|Evasion Moves Clause: Evasion moves are banned\n|rule|Endless Battle Clause: Forcing endless battles is banned\n|rule|HP Percentage Mod: HP is shown in percentages\n|clearpoke\n|poke|p1|Drifblim, M|\n|poke|p1|Garganacl, F|\n|poke|p1|Umbreon, M|\n|poke|p1|Rotom-Wash|\n|poke|p1|Glimmora, M|\n|poke|p1|Espeon, M|\n|poke|p2|Alomomola, F|\n|poke|p2|Slowking-Galar, F|\n|poke|p2|Kingambit, F|\n|poke|p2|Great Tusk|\n|poke|p2|Cinderace, F|\n|poke|p2|Thundurus-Therian, M|\n|teampreview\n|inactive|Battle timer is ON: inactive players will automatically lose when time's up. (requested by liaoya)\n|\n|t:|1700751996\n|start\n|switch|p1a: Rotom|Rotom-Wash|100\/100\n|switch|p2a: Thundurus|Thundurus-Therian, M|100\/100\n|turn|1\n|\n|t:|1700752003\n|move|p1a: Rotom|Hydro Pump|p2a: Thundurus\n|-damage|p2a: Thundurus|32\/100\n|move|p2a: Thundurus|Volt Switch|p1a: Rotom\n|-damage|p1a: Rotom|35\/100\n|\n|t:|1700752020\n|switch|p2a: Slowking|Slowking-Galar, F|100\/100|[from] Volt Switch\n|\n|upkeep\n|turn|2\n|\n|t:|1700752023\n|switch|p1a: Espeon|Espeon, M|100\/100\n|move|p2a: Slowking|Chilly Reception|p2a: Slowking\n|-weather|Snow\n|\n|t:|1700752037\n|switch|p2a: Kingambit|Kingambit, F|100\/100|[from] Chilly Reception\n|\n|-weather|Snow|[upkeep]\n|upkeep\n|turn|3\n|j| Outdated Ahh Team\n|\n|t:|1700752048\n|switch|p1a: Umbreon|Umbreon, M, shiny|100\/100\n|move|p2a: Kingambit|Iron Head|p1a: Umbreon\n|-damage|p1a: Umbreon|68\/100\n|\n|-weather|Snow|[upkeep]\n|-heal|p1a: Umbreon|74\/100|[from] item: Leftovers\n|upkeep\n|turn|4\n|l| Outdated Ahh Team\n|inactive|stupid zazou has 120 seconds left.\n|j| Outdated Ahh Team\n|\n|t:|1700752088\n|move|p1a: Umbreon|Yawn|p2a: Kingambit\n|-start|p2a: Kingambit|move: Yawn|[of] p1a: Umbreon\n|move|p2a: Kingambit|Iron Head|p1a: Umbreon\n|-damage|p1a: Umbreon|43\/100\n|\n|-weather|Snow|[upkeep]\n|-heal|p1a: Umbreon|49\/100|[from] item: Leftovers\n|upkeep\n|turn|5\n|inactive|stupid zazou has 120 seconds left.\n|\n|t:|1700752099\n|-end|p2a: Kingambit|fallenundefined|[silent]\n|switch|p2a: Thundurus|Thundurus-Therian, M|32\/100\n|move|p1a: Umbreon|Wish|p1a: Umbreon\n|\n|-weather|Snow|[upkeep]\n|-heal|p1a: Umbreon|56\/100|[from] item: Leftovers\n|upkeep\n|turn|6\n|\n|t:|1700752109\n|move|p2a: Thundurus|Volt Switch|p1a: Umbreon\n|-damage|p1a: Umbreon|18\/100\n|inactive|stupid zazou has 120 seconds left.\n|\n|t:|1700752121\n|switch|p2a: Slowking|Slowking-Galar, F|100\/100|[from] Volt Switch\n|move|p1a: Umbreon|Yawn|p2a: Slowking\n|-start|p2a: Slowking|move: Yawn|[of] p1a: Umbreon\n|\n|-weather|none\n|-heal|p1a: Umbreon|68\/100|[from] move: Wish|[wisher] Umbreon\n|-heal|p1a: Umbreon|74\/100|[from] item: Leftovers\n|upkeep\n|turn|7\n|\n|t:|1700752132\n|move|p1a: Umbreon|Wish|p1a: Umbreon\n|move|p2a: Slowking|Chilly Reception|p2a: Slowking\n|-weather|Snow\n|\n|t:|1700752146\n|switch|p2a: Thundurus|Thundurus-Therian, M|32\/100|[from] Chilly Reception\n|\n|-weather|Snow|[upkeep]\n|-heal|p1a: Umbreon|80\/100|[from] item: Leftovers\n|upkeep\n|turn|8\n|l| Outdated Ahh Team\n|\n|t:|1700752156\n|move|p2a: Thundurus|Volt Switch|p1a: Umbreon\n|-damage|p1a: Umbreon|44\/100\n|\n|t:|1700752163\n|switch|p2a: Slowking|Slowking-Galar, F|100\/100|[from] Volt Switch\n|move|p1a: Umbreon|Yawn|p2a: Slowking\n|-start|p2a: Slowking|move: Yawn|[of] p1a: Umbreon\n|\n|-weather|Snow|[upkeep]\n|-heal|p1a: Umbreon|94\/100|[from] move: Wish|[wisher] Umbreon\n|-heal|p1a: Umbreon|99\/100|[from] item: Leftovers\n|upkeep\n|turn|9\n|\n|t:|1700752173\n|switch|p1a: Rotom|Rotom-Wash|35\/100\n|move|p2a: Slowking|Chilly Reception|p2a: Slowking\n|\n|t:|1700752187\n|switch|p2a: Kingambit|Kingambit, F|100\/100|[from] Chilly Reception\n|\n|-weather|Snow|[upkeep]\n|upkeep\n|turn|10\n|\n|t:|1700752194\n|-end|p2a: Kingambit|fallenundefined|[silent]\n|switch|p2a: Slowking|Slowking-Galar, F|100\/100\n|move|p1a: Rotom|Will-O-Wisp|p2a: Slowking\n|-status|p2a: Slowking|brn\n|\n|-weather|Snow|[upkeep]\n|-damage|p2a: Slowking|94\/100 brn|[from] brn\n|upkeep\n|turn|11\n|\n|t:|1700752212\n|switch|p1a: Umbreon|Umbreon, M, shiny|99\/100\n|move|p2a: Slowking|Future Sight|p1a: Umbreon\n|-start|p2a: Slowking|move: Future Sight\n|\n|-weather|none\n|-heal|p1a: Umbreon|100\/100|[from] item: Leftovers\n|-damage|p2a: Slowking|88\/100 brn|[from] brn\n|upkeep\n|turn|12\n|\n|t:|1700752217\n|move|p1a: Umbreon|Wish|p1a: Umbreon\n|move|p2a: Slowking|Chilly Reception|p2a: Slowking\n|-weather|Snow\n|\n|t:|1700752231\n|switch|p2a: Cinderace|Cinderace, F|100\/100|[from] Chilly Reception\n|\n|-weather|Snow|[upkeep]\n|upkeep\n|turn|13\n|\n|t:|1700752240\n|move|p2a: Cinderace|U-turn|p1a: Umbreon\n|-start|p2a: Cinderace|typechange|Bug|[from] ability: Libero\n|-supereffective|p1a: Umbreon\n|-damage|p1a: Umbreon|56\/100\n|\n|t:|1700752255\n|switch|p2a: Slowking|Slowking-Galar, F|100\/100 brn|[from] U-turn\n|move|p1a: Umbreon|Yawn||[still]\n|-fail|p1a: Umbreon\n|\n|-weather|Snow|[upkeep]\n|-end|p1a: Umbreon|move: Future Sight\n|-immune|p1a: Umbreon\n|-heal|p1a: Umbreon|100\/100|[from] move: Wish|[wisher] Umbreon\n|-damage|p2a: Slowking|94\/100 brn|[from] brn\n|upkeep\n|turn|14\n|\n|t:|1700752269\n|switch|p1a: Rotom|Rotom-Wash|35\/100\n|move|p2a: Slowking|Sludge Bomb|p1a: Rotom\n|-damage|p1a: Rotom|0 fnt\n|faint|p1a: Rotom\n|\n|-weather|Snow|[upkeep]\n|-damage|p2a: Slowking|88\/100 brn|[from] brn\n|upkeep\n|\n|t:|1700752279\n|switch|p1a: Drifblim|Drifblim, M|100\/100\n|turn|15\n|\n|t:|1700752285\n|move|p1a: Drifblim|Trick|p2a: Slowking\n|-activate|p1a: Drifblim|move: Trick|[of] p2a: Slowking\n|-item|p2a: Slowking|Choice Scarf|[from] move: Trick\n|-item|p1a: Drifblim|Heavy-Duty Boots|[from] move: Trick\n|move|p2a: Slowking|Chilly Reception|p2a: Slowking\n|\n|t:|1700752311\n|switch|p2a: Thundurus|Thundurus-Therian, M|32\/100|[from] Chilly Reception\n|\n|-weather|Snow|[upkeep]\n|upkeep\n|turn|16\n|\n|t:|1700752327\n|switch|p1a: Garganacl|Garganacl, F, shiny|100\/100\n|move|p2a: Thundurus|Volt Switch|p1a: Garganacl\n|-damage|p1a: Garganacl|65\/100\n|inactive|stupid zazou has 120 seconds left.\n|\n|t:|1700752358\n|switch|p2a: Kingambit|Kingambit, F|100\/100|[from] Volt Switch\n|\n|-weather|none\n|-heal|p1a: Garganacl|71\/100|[from] item: Leftovers\n|upkeep\n|turn|17\n|\n|t:|1700752371\n|switch|p1a: Umbreon|Umbreon, M, shiny|100\/100\n|move|p2a: Kingambit|Iron Head|p1a: Umbreon\n|-damage|p1a: Umbreon|69\/100\n|\n|-heal|p1a: Umbreon|75\/100|[from] item: Leftovers\n|upkeep\n|turn|18\n|inactive|stupid zazou has 120 seconds left.\n|\n|t:|1700752381\n|move|p1a: Umbreon|Wish|p1a: Umbreon\n|move|p2a: Kingambit|Iron Head|p1a: Umbreon\n|-damage|p1a: Umbreon|42\/100\n|\n|-heal|p1a: Umbreon|48\/100|[from] item: Leftovers\n|upkeep\n|turn|19\n|\n|t:|1700752388\n|move|p1a: Umbreon|Yawn|p2a: Kingambit\n|-start|p2a: Kingambit|move: Yawn|[of] p1a: Umbreon\n|move|p2a: Kingambit|Iron Head|p1a: Umbreon\n|-damage|p1a: Umbreon|18\/100\n|\n|-heal|p1a: Umbreon|68\/100|[from] move: Wish|[wisher] Umbreon\n|-heal|p1a: Umbreon|74\/100|[from] item: Leftovers\n|upkeep\n|turn|20\n|inactive|stupid zazou has 120 seconds left.\n|\n|t:|1700752425\n|-end|p2a: Kingambit|fallenundefined|[silent]\n|switch|p2a: Cinderace|Cinderace, F|100\/100\n|move|p1a: Umbreon|Foul Play|p2a: Cinderace\n|-damage|p2a: Cinderace|38\/100\n|\n|-heal|p1a: Umbreon|80\/100|[from] item: Leftovers\n|upkeep\n|turn|21\n|\n|t:|1700752436\n|move|p1a: Umbreon|Protect|p1a: Umbreon\n|-singleturn|p1a: Umbreon|Protect\n|move|p2a: Cinderace|U-turn|p1a: Umbreon\n|-start|p2a: Cinderace|typechange|Bug|[from] ability: Libero\n|-activate|p1a: Umbreon|move: Protect\n|\n|-heal|p1a: Umbreon|86\/100|[from] item: Leftovers\n|upkeep\n|turn|22\n|\n|t:|1700752445\n|move|p2a: Cinderace|U-turn|p1a: Umbreon\n|-supereffective|p1a: Umbreon\n|-damage|p1a: Umbreon|41\/100\n|\n|t:|1700752457\n|switch|p2a: Kingambit|Kingambit, F|100\/100|[from] U-turn\n|move|p1a: Umbreon|Wish|p1a: Umbreon\n|\n|-heal|p1a: Umbreon|47\/100|[from] item: Leftovers\n|upkeep\n|turn|23\n|\n|t:|1700752467\n|move|p1a: Umbreon|Yawn|p2a: Kingambit\n|-start|p2a: Kingambit|move: Yawn|[of] p1a: Umbreon\n|move|p2a: Kingambit|Iron Head|p1a: Umbreon\n|-damage|p1a: Umbreon|16\/100\n|\n|-heal|p1a: Umbreon|66\/100|[from] move: Wish|[wisher] Umbreon\n|-heal|p1a: Umbreon|72\/100|[from] item: Leftovers\n|upkeep\n|turn|24\n|c|\u2606stupid zazou|You are cringe fr\n|\n|t:|1700752491\n|switch|p1a: Garganacl|Garganacl, F, shiny|71\/100\n|-end|p2a: Kingambit|fallenundefined|[silent]\n|switch|p2a: Slowking|Slowking-Galar, F|100\/100 brn\n|\n|-heal|p1a: Garganacl|77\/100|[from] item: Leftovers\n|-damage|p2a: Slowking|94\/100 brn|[from] brn\n|upkeep\n|turn|25\n|inactive|stupid zazou has 90 seconds left.\n|\n|t:|1700752516\n|move|p1a: Garganacl|Iron Defense|p1a: Garganacl\n|-boost|p1a: Garganacl|def|2\n|move|p2a: Slowking|Chilly Reception|p2a: Slowking\n|-weather|Snow\n|\n|t:|1700752523\n|switch|p2a: Thundurus|Thundurus-Therian, M|32\/100|[from] Chilly Reception\n|\n|-weather|Snow|[upkeep]\n|-heal|p1a: Garganacl|83\/100|[from] item: Leftovers\n|upkeep\n|turn|26\n|inactive|stupid zazou has 90 seconds left.\n|\n|t:|1700752531\n|move|p2a: Thundurus|Volt Switch|p1a: Garganacl\n|-damage|p1a: Garganacl|47\/100\n|inactive|stupid zazou has 90 seconds left.\n|\n|t:|1700752542\n|switch|p2a: Slowking|Slowking-Galar, F|100\/100 brn|[from] Volt Switch\n|move|p1a: Garganacl|Recover|p1a: Garganacl\n|-heal|p1a: Garganacl|97\/100\n|\n|-weather|Snow|[upkeep]\n|-heal|p1a: Garganacl|100\/100|[from] item: Leftovers\n|-damage|p2a: Slowking|94\/100 brn|[from] brn\n|upkeep\n|turn|27\n|\n|t:|1700752555\n|move|p1a: Garganacl|Salt Cure|p2a: Slowking\n|-damage|p2a: Slowking|80\/100 brn\n|-start|p2a: Slowking|Salt Cure\n|move|p2a: Slowking|Future Sight|p1a: Garganacl\n|-start|p2a: Slowking|move: Future Sight\n|\n|-weather|Snow|[upkeep]\n|-damage|p2a: Slowking|74\/100 brn|[from] brn\n|-damage|p2a: Slowking|61\/100 brn|[from] Salt Cure\n|upkeep\n|turn|28\n|inactive|stupid zazou has 90 seconds left.\n|\n|t:|1700752570\n|switch|p2a: Great Tusk|Great Tusk|100\/100\n|move|p1a: Garganacl|Salt Cure|p2a: Great Tusk\n|-resisted|p2a: Great Tusk\n|-damage|p2a: Great Tusk|98\/100\n|-start|p2a: Great Tusk|Salt Cure\n|\n|-weather|Snow|[upkeep]\n|-damage|p2a: Great Tusk|86\/100|[from] Salt Cure\n|upkeep\n|turn|29\n|inactive|stupid zazou has 90 seconds left.\n|\n|t:|1700752583\n|-terastallize|p1a: Garganacl|Ghost\n|move|p2a: Great Tusk|Stealth Rock|p1a: Garganacl\n|-sidestart|p1: liaoya|move: Stealth Rock\n|move|p1a: Garganacl|Iron Defense|p1a: Garganacl\n|-boost|p1a: Garganacl|def|2\n|\n|-weather|none\n|-end|p1a: Garganacl|move: Future Sight\n|-damage|p1a: Garganacl|72\/100\n|-heal|p1a: Garganacl|78\/100|[from] item: Leftovers\n|-damage|p2a: Great Tusk|73\/100|[from] Salt Cure\n|upkeep\n|turn|30\n|\n|t:|1700752590\n|-end|p2a: Great Tusk|Protosynthesis|[silent]\n|switch|p2a: Alomomola|Alomomola, F|100\/100\n|move|p1a: Garganacl|Salt Cure|p2a: Alomomola\n|-damage|p2a: Alomomola|92\/100\n|-start|p2a: Alomomola|Salt Cure\n|-enditem|p2a: Alomomola|Red Card|[of] p1a: Garganacl\n|drag|p1a: Umbreon|Umbreon, M, shiny|72\/100\n|-damage|p1a: Umbreon|60\/100|[from] Stealth Rock\n|\n|-heal|p1a: Umbreon|66\/100|[from] item: Leftovers\n|-damage|p2a: Alomomola|67\/100|[from] Salt Cure\n|upkeep\n|turn|31\n|\n|t:|1700752604\n|switch|p1a: Espeon|Espeon, M|100\/100\n|-damage|p1a: Espeon|88\/100|[from] Stealth Rock\n|move|p2a: Alomomola|Wish|p2a: Alomomola\n|\n|-damage|p2a: Alomomola|42\/100|[from] Salt Cure\n|upkeep\n|turn|32\n|\n|t:|1700752610\n|switch|p2a: Kingambit|Kingambit, F|100\/100\n|move|p1a: Espeon|Trick|p2a: Kingambit\n|-activate|p1a: Espeon|move: Trick|[of] p2a: Kingambit\n|-item|p2a: Kingambit|Choice Scarf|[from] move: Trick\n|-item|p1a: Espeon|Leftovers|[from] move: Trick\n|\n|-heal|p1a: Espeon|94\/100|[from] item: Leftovers\n|upkeep\n|turn|33\n|\n|t:|1700752625\n|move|p1a: Espeon|Detect|p1a: Espeon\n|-singleturn|p1a: Espeon|Protect\n|move|p2a: Kingambit|Iron Head|p1a: Espeon\n|-activate|p1a: Espeon|move: Protect\n|\n|-heal|p1a: Espeon|99\/100|[from] item: Leftovers\n|upkeep\n|turn|34\n|\n|t:|1700752631\n|switch|p1a: Umbreon|Umbreon, M, shiny|66\/100\n|-damage|p1a: Umbreon|54\/100|[from] Stealth Rock\n|move|p2a: Kingambit|Iron Head|p1a: Umbreon\n|-damage|p1a: Umbreon|23\/100\n|\n|-heal|p1a: Umbreon|29\/100|[from] item: Leftovers\n|upkeep\n|turn|35\n|\n|t:|1700752643\n|-end|p2a: Kingambit|fallenundefined|[silent]\n|switch|p2a: Thundurus|Thundurus-Therian, M|32\/100\n|move|p1a: Umbreon|Protect||[still]\n|-fail|p1a: Umbreon\n|\n|-heal|p1a: Umbreon|35\/100|[from] item: Leftovers\n|upkeep\n|turn|36\n|\n|t:|1700752646\n|move|p1a: Umbreon|Protect|p1a: Umbreon\n|-singleturn|p1a: Umbreon|Protect\n|move|p2a: Thundurus|Volt Switch|p1a: Umbreon\n|-activate|p1a: Umbreon|move: Protect\n|\n|-heal|p1a: Umbreon|41\/100|[from] item: Leftovers\n|upkeep\n|turn|37\n|\n|t:|1700752660\n|move|p2a: Thundurus|Volt Switch|p1a: Umbreon\n|-damage|p1a: Umbreon|1\/100\n|\n|t:|1700752664\n|switch|p2a: Cinderace|Cinderace, F|38\/100|[from] Volt Switch\n|move|p1a: Umbreon|Wish|p1a: Umbreon\n|\n|-heal|p1a: Umbreon|7\/100|[from] item: Leftovers\n|upkeep\n|turn|38\n|\n|t:|1700752667\n|move|p1a: Umbreon|Protect|p1a: Umbreon\n|-singleturn|p1a: Umbreon|Protect\n|move|p2a: Cinderace|U-turn|p1a: Umbreon\n|-start|p2a: Cinderace|typechange|Bug|[from] ability: Libero\n|-activate|p1a: Umbreon|move: Protect\n|\n|-heal|p1a: Umbreon|57\/100|[from] move: Wish|[wisher] Umbreon\n|-heal|p1a: Umbreon|63\/100|[from] item: Leftovers\n|upkeep\n|turn|39\n|\n|t:|1700752676\n|move|p2a: Cinderace|U-turn|p1a: Umbreon\n|-supereffective|p1a: Umbreon\n|-damage|p1a: Umbreon|19\/100\n|\n|t:|1700752688\n|switch|p2a: Kingambit|Kingambit, F|100\/100|[from] U-turn\n|move|p1a: Umbreon|Wish|p1a: Umbreon\n|\n|-heal|p1a: Umbreon|25\/100|[from] item: Leftovers\n|upkeep\n|turn|40\n|\n|t:|1700752691\n|move|p1a: Umbreon|Protect|p1a: Umbreon\n|-singleturn|p1a: Umbreon|Protect\n|move|p2a: Kingambit|Iron Head|p1a: Umbreon\n|-activate|p1a: Umbreon|move: Protect\n|\n|-heal|p1a: Umbreon|75\/100|[from] move: Wish|[wisher] Umbreon\n|-heal|p1a: Umbreon|81\/100|[from] item: Leftovers\n|upkeep\n|turn|41\n|\n|t:|1700752710\n|move|p2a: Kingambit|Iron Head|p1a: Umbreon\n|-damage|p1a: Umbreon|50\/100\n|move|p1a: Umbreon|Yawn|p2a: Kingambit\n|-start|p2a: Kingambit|move: Yawn|[of] p1a: Umbreon\n|\n|-heal|p1a: Umbreon|57\/100|[from] item: Leftovers\n|upkeep\n|turn|42\n|\n|t:|1700752723\n|-end|p2a: Kingambit|fallenundefined|[silent]\n|switch|p2a: Slowking|Slowking-Galar, F|95\/100 brn\n|move|p1a: Umbreon|Foul Play|p2a: Slowking\n|-supereffective|p2a: Slowking\n|-damage|p2a: Slowking|56\/100 brn\n|\n|-heal|p1a: Umbreon|63\/100|[from] item: Leftovers\n|-damage|p2a: Slowking|50\/100 brn|[from] brn\n|upkeep\n|turn|43\n|\n|t:|1700752733\n|move|p1a: Umbreon|Protect|p1a: Umbreon\n|-singleturn|p1a: Umbreon|Protect\n|move|p2a: Slowking|Chilly Reception|p2a: Slowking\n|-weather|Snow\n|\n|t:|1700752742\n|switch|p2a: Thundurus|Thundurus-Therian, M|32\/100|[from] Chilly Reception\n|\n|-weather|Snow|[upkeep]\n|-heal|p1a: Umbreon|69\/100|[from] item: Leftovers\n|upkeep\n|turn|44\n|\n|t:|1700752747\n|move|p2a: Thundurus|Volt Switch|p1a: Umbreon\n|-damage|p1a: Umbreon|34\/100\n|\n|t:|1700752772\n|switch|p2a: Kingambit|Kingambit, F|100\/100|[from] Volt Switch\n|move|p1a: Umbreon|Wish|p1a: Umbreon\n|\n|-weather|Snow|[upkeep]\n|-heal|p1a: Umbreon|40\/100|[from] item: Leftovers\n|upkeep\n|turn|45\n|\n|t:|1700752778\n|move|p2a: Kingambit|Iron Head|p1a: Umbreon\n|-damage|p1a: Umbreon|11\/100\n|move|p1a: Umbreon|Foul Play|p2a: Kingambit\n|-resisted|p2a: Kingambit\n|-damage|p2a: Kingambit|80\/100\n|\n|-weather|Snow|[upkeep]\n|-heal|p1a: Umbreon|61\/100|[from] move: Wish|[wisher] Umbreon\n|-heal|p1a: Umbreon|67\/100|[from] item: Leftovers\n|upkeep\n|turn|46\n|\n|t:|1700752784\n|move|p2a: Kingambit|Iron Head|p1a: Umbreon\n|-damage|p1a: Umbreon|36\/100\n|move|p1a: Umbreon|Wish|p1a: Umbreon\n|\n|-weather|Snow|[upkeep]\n|-heal|p1a: Umbreon|42\/100|[from] item: Leftovers\n|upkeep\n|turn|47\n|\n|t:|1700752789\n|move|p2a: Kingambit|Iron Head|p1a: Umbreon\n|-damage|p1a: Umbreon|10\/100\n|move|p1a: Umbreon|Yawn|p2a: Kingambit\n|-start|p2a: Kingambit|move: Yawn|[of] p1a: Umbreon\n|\n|-weather|none\n|-heal|p1a: Umbreon|60\/100|[from] move: Wish|[wisher] Umbreon\n|-heal|p1a: Umbreon|66\/100|[from] item: Leftovers\n|upkeep\n|turn|48\n|\n|t:|1700752800\n|-end|p2a: Kingambit|fallenundefined|[silent]\n|switch|p2a: Great Tusk|Great Tusk|73\/100\n|move|p1a: Umbreon|Foul Play|p2a: Great Tusk\n|-resisted|p2a: Great Tusk\n|-damage|p2a: Great Tusk|55\/100\n|-damage|p1a: Umbreon|49\/100|[from] item: Rocky Helmet|[of] p2a: Great Tusk\n|\n|-heal|p1a: Umbreon|56\/100|[from] item: Leftovers\n|upkeep\n|turn|49\n|\n|t:|1700752810\n|move|p1a: Umbreon|Protect|p1a: Umbreon\n|-singleturn|p1a: Umbreon|Protect\n|move|p2a: Great Tusk|Headlong Rush|p1a: Umbreon\n|-activate|p1a: Umbreon|move: Protect\n|\n|-heal|p1a: Umbreon|62\/100|[from] item: Leftovers\n|upkeep\n|turn|50\n|\n|t:|1700752815\n|move|p2a: Great Tusk|Headlong Rush|p1a: Umbreon\n|-damage|p1a: Umbreon|19\/100\n|-unboost|p2a: Great Tusk|def|1\n|-unboost|p2a: Great Tusk|spd|1\n|move|p1a: Umbreon|Wish|p1a: Umbreon\n|\n|-heal|p1a: Umbreon|25\/100|[from] item: Leftovers\n|upkeep\n|turn|51\n|\n|t:|1700752826\n|-end|p2a: Great Tusk|Protosynthesis|[silent]\n|switch|p2a: Thundurus|Thundurus-Therian, M|32\/100\n|move|p1a: Umbreon|Foul Play|p2a: Thundurus\n|-damage|p2a: Thundurus|0 fnt\n|faint|p2a: Thundurus\n|\n|-heal|p1a: Umbreon|75\/100|[from] move: Wish|[wisher] Umbreon\n|-heal|p1a: Umbreon|81\/100|[from] item: Leftovers\n|upkeep\n|j| Modachi\n|\n|t:|1700752843\n|switch|p2a: Cinderace|Cinderace, F|38\/100\n|turn|52\n|\n|t:|1700752851\n|move|p2a: Cinderace|U-turn|p1a: Umbreon\n|-start|p2a: Cinderace|typechange|Bug|[from] ability: Libero\n|-supereffective|p1a: Umbreon\n|-damage|p1a: Umbreon|36\/100\n|\n|t:|1700752860\n|switch|p2a: Kingambit|Kingambit, F|80\/100|[from] U-turn\n|-activate|p2a: Kingambit|ability: Supreme Overlord\n|-start|p2a: Kingambit|fallen1|[silent]\n|move|p1a: Umbreon|Wish|p1a: Umbreon\n|\n|-heal|p1a: Umbreon|42\/100|[from] item: Leftovers\n|upkeep\n|turn|53\n|\n|t:|1700752867\n|move|p1a: Umbreon|Protect|p1a: Umbreon\n|-singleturn|p1a: Umbreon|Protect\n|move|p2a: Kingambit|Iron Head|p1a: Umbreon\n|-activate|p1a: Umbreon|move: Protect\n|\n|-heal|p1a: Umbreon|92\/100|[from] move: Wish|[wisher] Umbreon\n|-heal|p1a: Umbreon|98\/100|[from] item: Leftovers\n|upkeep\n|turn|54\n|\n|t:|1700752875\n|switch|p1a: Glimmora|Glimmora, M|100\/100\n|-damage|p1a: Glimmora|88\/100|[from] Stealth Rock\n|move|p2a: Kingambit|Iron Head|p1a: Glimmora\n|-supereffective|p1a: Glimmora\n|-damage|p1a: Glimmora|2\/100\n|-activate|p1a: Glimmora|ability: Toxic Debris\n|-sidestart|p2: stupid zazou|move: Toxic Spikes\n|\n|upkeep\n|turn|55\n|\n|t:|1700752885\n|-end|p2a: Kingambit|fallen1|[silent]\n|switch|p2a: Slowking|Slowking-Galar, F|84\/100 brn\n|-sideend|p2: stupid zazou|move: Toxic Spikes|[of] p2a: Slowking\n|move|p1a: Glimmora|Stealth Rock|p2a: Slowking\n|-sidestart|p2: stupid zazou|move: Stealth Rock\n|\n|-damage|p2a: Slowking|78\/100 brn|[from] brn\n|upkeep\n|turn|56\n|\n|t:|1700752892\n|move|p1a: Glimmora|Mortal Spin|p2a: Slowking\n|-resisted|p2a: Slowking\n|-damage|p2a: Slowking|74\/100 brn\n|-sideend|p1: liaoya|Stealth Rock|[from] move: Mortal Spin|[of] p1a: Glimmora\n|move|p2a: Slowking|Chilly Reception|p2a: Slowking\n|-weather|Snow\n|\n|t:|1700752897\n|switch|p2a: Great Tusk|Great Tusk|55\/100|[from] Chilly Reception\n|-damage|p2a: Great Tusk|53\/100|[from] Stealth Rock\n|\n|-weather|Snow|[upkeep]\n|upkeep\n|turn|57\n|\n|t:|1700752902\n|switch|p1a: Garganacl|Garganacl, F, shiny, tera:Ghost|78\/100\n|move|p2a: Great Tusk|Ice Spinner|p1a: Garganacl\n|-damage|p1a: Garganacl|58\/100\n|\n|-weather|Snow|[upkeep]\n|-heal|p1a: Garganacl|65\/100|[from] item: Leftovers\n|upkeep\n|turn|58\n|j| RedSkyAtNight\n|\n|t:|1700752908\n|move|p2a: Great Tusk|Headlong Rush|p1a: Garganacl\n|-damage|p1a: Garganacl|20\/100\n|-unboost|p2a: Great Tusk|def|1\n|-unboost|p2a: Great Tusk|spd|1\n|move|p1a: Garganacl|Recover|p1a: Garganacl\n|-heal|p1a: Garganacl|70\/100\n|\n|-weather|Snow|[upkeep]\n|-heal|p1a: Garganacl|76\/100|[from] item: Leftovers\n|upkeep\n|turn|59\n|l| RedSkyAtNight\n|\n|t:|1700752919\n|move|p2a: Great Tusk|Headlong Rush|p1a: Garganacl\n|-damage|p1a: Garganacl|31\/100\n|-unboost|p2a: Great Tusk|def|1\n|-unboost|p2a: Great Tusk|spd|1\n|move|p1a: Garganacl|Iron Defense|p1a: Garganacl\n|-boost|p1a: Garganacl|def|2\n|\n|-weather|Snow|[upkeep]\n|-heal|p1a: Garganacl|38\/100|[from] item: Leftovers\n|upkeep\n|turn|60\n|\n|t:|1700752944\n|move|p2a: Great Tusk|Headlong Rush|p1a: Garganacl\n|-damage|p1a: Garganacl|15\/100\n|-unboost|p2a: Great Tusk|def|1\n|-unboost|p2a: Great Tusk|spd|1\n|move|p1a: Garganacl|Recover|p1a: Garganacl\n|-heal|p1a: Garganacl|65\/100\n|\n|-weather|none\n|-heal|p1a: Garganacl|72\/100|[from] item: Leftovers\n|upkeep\n|turn|61\n|\n|t:|1700752955\n|move|p2a: Great Tusk|Headlong Rush|p1a: Garganacl\n|-damage|p1a: Garganacl|51\/100\n|-unboost|p2a: Great Tusk|def|1\n|-unboost|p2a: Great Tusk|spd|1\n|move|p1a: Garganacl|Recover|p1a: Garganacl\n|-heal|p1a: Garganacl|100\/100\n|\n|upkeep\n|turn|62\n|\n|t:|1700752970\n|move|p2a: Great Tusk|Headlong Rush|p1a: Garganacl\n|-damage|p1a: Garganacl|80\/100\n|-unboost|p2a: Great Tusk|def|1\n|-unboost|p2a: Great Tusk|spd|1\n|move|p1a: Garganacl|Salt Cure|p2a: Great Tusk\n|-resisted|p2a: Great Tusk\n|-damage|p2a: Great Tusk|43\/100\n|-start|p2a: Great Tusk|Salt Cure\n|\n|-heal|p1a: Garganacl|86\/100|[from] item: Leftovers\n|-damage|p2a: Great Tusk|31\/100|[from] Salt Cure\n|upkeep\n|turn|63\n|\n|t:|1700752981\n|-end|p2a: Great Tusk|Protosynthesis|[silent]\n|switch|p2a: Slowking|Slowking-Galar, F|100\/100 brn\n|-damage|p2a: Slowking|88\/100 brn|[from] Stealth Rock\n|move|p1a: Garganacl|Iron Defense|p1a: Garganacl\n|-boost|p1a: Garganacl|def|2\n|\n|-heal|p1a: Garganacl|92\/100|[from] item: Leftovers\n|-damage|p2a: Slowking|82\/100 brn|[from] brn\n|upkeep\n|turn|64\n|\n|t:|1700752984\n|move|p1a: Garganacl|Salt Cure|p2a: Slowking\n|-damage|p2a: Slowking|68\/100 brn\n|-start|p2a: Slowking|Salt Cure\n|move|p2a: Slowking|Chilly Reception|p2a: Slowking\n|-weather|Snow\n|\n|t:|1700752986\n|switch|p2a: Kingambit|Kingambit, F|80\/100|[from] Chilly Reception\n|-damage|p2a: Kingambit|74\/100|[from] Stealth Rock\n|-activate|p2a: Kingambit|ability: Supreme Overlord\n|-start|p2a: Kingambit|fallen1|[silent]\n|\n|-weather|Snow|[upkeep]\n|-heal|p1a: Garganacl|98\/100|[from] item: Leftovers\n|upkeep\n|turn|65\n|\n|t:|1700752990\n|move|p2a: Kingambit|Kowtow Cleave|p1a: Garganacl\n|-supereffective|p1a: Garganacl\n|-damage|p1a: Garganacl|72\/100\n|move|p1a: Garganacl|Body Press|p2a: Kingambit\n|-supereffective|p2a: Kingambit\n|-damage|p2a: Kingambit|0 fnt\n|faint|p2a: Kingambit\n|-end|p2a: Kingambit|fallen1|[silent]\n|\n|-weather|Snow|[upkeep]\n|-heal|p1a: Garganacl|78\/100|[from] item: Leftovers\n|upkeep\n|inactive|stupid zazou has 120 seconds left.\n|c|\u2606stupid zazou|Shame of the society\n|c|\u2606stupid zazou|Fr\n|c|\u2606liaoya|gg\n|c|\u2606stupid zazou|K i l l yourself\n|inactive|stupid zazou has 90 seconds left.\n|\n|t:|1700753052\n|switch|p2a: Great Tusk|Great Tusk|31\/100\n|-damage|p2a: Great Tusk|28\/100|[from] Stealth Rock\n|turn|66\n|c|\u2606liaoya|Yuri's Revenge\n|c|\u2606liaoya|I am loyal to Yuri\n|c|\u2606liaoya|There's only one true Yuri\n|inactive|liaoya has 120 seconds left.\n|c|\u2606liaoya|Give me strength, Yuri!\n|\n|t:|1700753093\n|move|p2a: Great Tusk|Headlong Rush|p1a: Garganacl\n|-damage|p1a: Garganacl|63\/100\n|-unboost|p2a: Great Tusk|def|1\n|-unboost|p2a: Great Tusk|spd|1\n|move|p1a: Garganacl|Iron Defense|p1a: Garganacl\n|-boost|p1a: Garganacl|def|2\n|\n|-weather|Snow|[upkeep]\n|-heal|p1a: Garganacl|69\/100|[from] item: Leftovers\n|upkeep\n|turn|67\n|\n|t:|1700753099\n|move|p2a: Great Tusk|Ice Spinner|p1a: Garganacl\n|-damage|p1a: Garganacl|64\/100\n|move|p1a: Garganacl|Salt Cure|p2a: Great Tusk\n|-resisted|p2a: Great Tusk\n|-damage|p2a: Great Tusk|24\/100\n|-start|p2a: Great Tusk|Salt Cure\n|\n|-weather|Snow|[upkeep]\n|-heal|p1a: Garganacl|70\/100|[from] item: Leftovers\n|-damage|p2a: Great Tusk|12\/100|[from] Salt Cure\n|upkeep\n|turn|68\n|c|\u2606liaoya|Yuri is master\n|\n|t:|1700753108\n|move|p2a: Great Tusk|Ice Spinner|p1a: Garganacl\n|-damage|p1a: Garganacl|65\/100\n|move|p1a: Garganacl|Recover|p1a: Garganacl\n|-heal|p1a: Garganacl|100\/100\n|\n|-weather|none\n|-damage|p2a: Great Tusk|0 fnt|[from] Salt Cure\n|faint|p2a: Great Tusk\n|-end|p2a: Great Tusk|Protosynthesis|[silent]\n|upkeep\n|\n|t:|1700753111\n|switch|p2a: Cinderace|Cinderace, F|38\/100\n|turn|69\n|\n|t:|1700753118\n|move|p2a: Cinderace|Pyro Ball|p1a: Garganacl\n|-damage|p1a: Garganacl|91\/100\n|move|p1a: Garganacl|Salt Cure|p2a: Cinderace\n|-supereffective|p2a: Cinderace\n|-damage|p2a: Cinderace|0 fnt\n|faint|p2a: Cinderace\n|\n|-heal|p1a: Garganacl|97\/100|[from] item: Leftovers\n|upkeep\n|c|\u2606liaoya|Kirov rising!\n|inactive|stupid zazou has 120 seconds left.\n|c|\u2606liaoya|Kirov reporting!\n|c|\u2606liaoya|We are being attacked!\n|inactive|stupid zazou has 90 seconds left.\n|c|\u2606liaoya|Mommy!\n|c|\u2606liaoya|Crying~\n|inactive|stupid zazou has 60 seconds left.\n|c|\u2606liaoya|For Yuri's army\n|l| Modachi\n|c|\u2606liaoya|I hear and obey\n|inactive|stupid zazou has 30 seconds left.\n|c|\u2606liaoya|Look! No hands!\n|inactive|stupid zazou has 20 seconds left.\n|inactive|stupid zazou has 15 seconds left.\n|c|\u2606liaoya|Hail to the great Yuri\n|inactive|stupid zazou has 10 seconds left.\n|c|\u2606liaoya|Hail to the great Yuri\n|inactive|stupid zazou has 5 seconds left.\n|-message|stupid zazou lost due to inactivity.\n|\n|win|liaoya\n|raw|liaoya's rating: 1591 &rarr; <strong>1615<\/strong><br \/>(+24 for winning)\n|raw|stupid zazou's rating: 1665 &rarr; <strong>1641<\/strong><br \/>(-24 for losing)\n|c|\u2606liaoya|Enlighten me\n","uploadtime":1700753032,"views":3,"p1id":"liaoya","p2id":"stupidzazou","formatid":"gen9ou","rating":1615,"private":0,"password":""}