{"id":"gen9ou-1997330039","p1":"Rikonkon","p2":"papahue","format":"[Gen 9] OU","log":"|j|\u2606Rikonkon\n|j|\u2606papahue\n|t:|1700790213\n|gametype|singles\n|player|p1|Rikonkon|byron|1094\n|player|p2|papahue|266|1114\n|teamsize|p1|6\n|teamsize|p2|6\n|gen|9\n|tier|[Gen 9] OU\n|rated|\n|rule|Sleep Clause Mod: Limit one foe put to sleep\n|rule|Species Clause: Limit one of each Pok\u00e9mon\n|rule|OHKO Clause: OHKO moves are banned\n|rule|Evasion Items Clause: Evasion items are banned\n|rule|Evasion Moves Clause: Evasion moves are banned\n|rule|Endless Battle Clause: Forcing endless battles is banned\n|rule|HP Percentage Mod: HP is shown in percentages\n|clearpoke\n|poke|p1|Weavile, F|\n|poke|p1|Hatterene, F|\n|poke|p1|Zapdos|\n|poke|p1|Manaphy|\n|poke|p1|Clodsire, M|\n|poke|p1|Heatran, M|\n|poke|p2|Delphox, F|\n|poke|p2|Spidops, F|\n|poke|p2|Ninetales-Alola, F|\n|poke|p2|Meowscarada, F|\n|poke|p2|Vaporeon, F|\n|poke|p2|Tsareena, F|\n|teampreview\n|\n|t:|1700790218\n|start\n|switch|p1a: Weavile|Weavile, F|100\/100\n|switch|p2a: Meowscarada|Meowscarada, F|100\/100\n|-ability|p1a: Weavile|Pressure\n|turn|1\n|\n|t:|1700790224\n|-terastallize|p1a: Weavile|Ice\n|move|p1a: Weavile|Ice Shard|p2a: Meowscarada\n|-supereffective|p2a: Meowscarada\n|-damage|p2a: Meowscarada|22\/100\n|move|p2a: Meowscarada|Low Kick|p1a: Weavile\n|-start|p2a: Meowscarada|typechange|Fighting|[from] ability: Protean\n|-supereffective|p1a: Weavile\n|-damage|p1a: Weavile|0 fnt\n|faint|p1a: Weavile\n|-damage|p2a: Meowscarada|12\/100|[from] item: Life Orb\n|\n|upkeep\n|c|\u2606Rikonkon|well damn\n|c|\u2606papahue|Lol\n|\n|t:|1700790243\n|switch|p1a: Hatterene|Hatterene, F|100\/100\n|turn|2\n|\n|t:|1700790250\n|move|p2a: Meowscarada|Knock Off|p1a: Hatterene\n|-damage|p1a: Hatterene|68\/100\n|-damage|p2a: Meowscarada|0 fnt|[from] item: Rocky Helmet|[of] p1a: Hatterene\n|faint|p2a: Meowscarada\n|move|p1a: Hatterene|Nuzzle|p2: Meowscarada|[notarget]\n|-fail|p1a: Hatterene\n|\n|upkeep\n|\n|t:|1700790266\n|switch|p2a: Ninetales|Ninetales-Alola, F|100\/100\n|-weather|Snow|[from] ability: Snow Warning|[of] p2a: Ninetales\n|turn|3\n|\n|t:|1700790280\n|switch|p1a: Heatran|Heatran, M|100\/100\n|move|p2a: Ninetales|Aurora Veil|p2a: Ninetales\n|-sidestart|p2: papahue|move: Aurora Veil\n|\n|-weather|Snow|[upkeep]\n|upkeep\n|turn|4\n|\n|t:|1700790288\n|switch|p2a: Vaporeon|Vaporeon, F|100\/100\n|move|p1a: Heatran|Stealth Rock|p2a: Vaporeon\n|-sidestart|p2: papahue|move: Stealth Rock\n|\n|-weather|Snow|[upkeep]\n|upkeep\n|turn|5\n|\n|t:|1700790291\n|switch|p1a: Manaphy|Manaphy|100\/100\n|move|p2a: Vaporeon|Scald|p1a: Manaphy\n|-resisted|p1a: Manaphy\n|-damage|p1a: Manaphy|86\/100\n|\n|-weather|Snow|[upkeep]\n|-heal|p1a: Manaphy|93\/100|[from] item: Leftovers\n|upkeep\n|turn|6\n|\n|t:|1700790299\n|move|p1a: Manaphy|Take Heart|p1a: Manaphy\n|-boost|p1a: Manaphy|spa|1\n|-boost|p1a: Manaphy|spd|1\n|move|p2a: Vaporeon|Substitute|p2a: Vaporeon\n|-start|p2a: Vaporeon|Substitute\n|-damage|p2a: Vaporeon|75\/100\n|\n|-weather|Snow|[upkeep]\n|-heal|p1a: Manaphy|99\/100|[from] item: Leftovers\n|-heal|p2a: Vaporeon|82\/100|[from] item: Leftovers\n|upkeep\n|turn|7\n|\n|t:|1700790302\n|move|p1a: Manaphy|Take Heart|p1a: Manaphy\n|-boost|p1a: Manaphy|spa|1\n|-boost|p1a: Manaphy|spd|1\n|move|p2a: Vaporeon|Haze|p2a: Vaporeon\n|-clearallboost\n|\n|-weather|none\n|-heal|p1a: Manaphy|100\/100|[from] item: Leftovers\n|-heal|p2a: Vaporeon|88\/100|[from] item: Leftovers\n|upkeep\n|turn|8\n|\n|t:|1700790308\n|switch|p1a: Zapdos|Zapdos|100\/100\n|move|p2a: Vaporeon|Ice Beam|p1a: Zapdos\n|-supereffective|p1a: Zapdos\n|-damage|p1a: Zapdos|37\/100\n|\n|-heal|p2a: Vaporeon|94\/100|[from] item: Leftovers\n|upkeep\n|turn|9\n|\n|t:|1700790313\n|move|p1a: Zapdos|Volt Switch|p2a: Vaporeon\n|-supereffective|p2a: Vaporeon\n|-end|p2a: Vaporeon|Substitute\n|\n|t:|1700790316\n|switch|p1a: Heatran|Heatran, M|100\/100|[from] Volt Switch\n|move|p2a: Vaporeon|Ice Beam|p1a: Heatran\n|-resisted|p1a: Heatran\n|-damage|p1a: Heatran|94\/100\n|\n|-heal|p1a: Heatran|99\/100|[from] item: Leftovers\n|-heal|p2a: Vaporeon|100\/100|[from] item: Leftovers\n|upkeep\n|turn|10\n|\n|t:|1700790324\n|switch|p1a: Clodsire|Clodsire, M|100\/100\n|move|p2a: Vaporeon|Scald|p1a: Clodsire\n|-immune|p1a: Clodsire|[from] ability: Water Absorb\n|\n|-sideend|p2: papahue|move: Aurora Veil\n|upkeep\n|turn|11\n|\n|t:|1700790329\n|move|p2a: Vaporeon|Substitute|p2a: Vaporeon\n|-start|p2a: Vaporeon|Substitute\n|-damage|p2a: Vaporeon|75\/100\n|move|p1a: Clodsire|Toxic||[still]\n|-fail|p1a: Clodsire\n|\n|-heal|p2a: Vaporeon|82\/100|[from] item: Leftovers\n|upkeep\n|turn|12\n|\n|t:|1700790333\n|move|p2a: Vaporeon|Ice Beam|p1a: Clodsire\n|-supereffective|p1a: Clodsire\n|-damage|p1a: Clodsire|72\/100\n|move|p1a: Clodsire|Spikes|p2a: Vaporeon\n|-sidestart|p2: papahue|Spikes\n|\n|-heal|p2a: Vaporeon|88\/100|[from] item: Leftovers\n|-heal|p1a: Clodsire|79\/100|[from] item: Leftovers\n|upkeep\n|turn|13\n|\n|t:|1700790337\n|move|p2a: Vaporeon|Ice Beam|p1a: Clodsire\n|-supereffective|p1a: Clodsire\n|-damage|p1a: Clodsire|51\/100\n|move|p1a: Clodsire|Earth Power|p2a: Vaporeon\n|-activate|p2a: Vaporeon|move: Substitute|[damage]\n|\n|-heal|p2a: Vaporeon|94\/100|[from] item: Leftovers\n|-heal|p1a: Clodsire|57\/100|[from] item: Leftovers\n|upkeep\n|turn|14\n|\n|t:|1700790340\n|move|p2a: Vaporeon|Ice Beam|p1a: Clodsire\n|-supereffective|p1a: Clodsire\n|-damage|p1a: Clodsire|30\/100\n|move|p1a: Clodsire|Earth Power|p2a: Vaporeon\n|-activate|p2a: Vaporeon|move: Substitute|[damage]\n|\n|-heal|p2a: Vaporeon|100\/100|[from] item: Leftovers\n|-heal|p1a: Clodsire|36\/100|[from] item: Leftovers\n|upkeep\n|turn|15\n|\n|t:|1700790347\n|switch|p1a: Heatran|Heatran, M|99\/100\n|move|p2a: Vaporeon|Ice Beam|p1a: Heatran\n|-resisted|p1a: Heatran\n|-damage|p1a: Heatran|94\/100\n|\n|-heal|p1a: Heatran|99\/100|[from] item: Leftovers\n|upkeep\n|turn|16\n|\n|t:|1700790351\n|move|p1a: Heatran|Taunt|p2a: Vaporeon\n|-start|p2a: Vaporeon|move: Taunt\n|move|p2a: Vaporeon|Ice Beam|p1a: Heatran\n|-resisted|p1a: Heatran\n|-damage|p1a: Heatran|94\/100\n|\n|-heal|p1a: Heatran|99\/100|[from] item: Leftovers\n|upkeep\n|turn|17\n|\n|t:|1700790358\n|move|p1a: Heatran|Earth Power|p2a: Vaporeon\n|-end|p2a: Vaporeon|Substitute\n|move|p2a: Vaporeon|Ice Beam|p1a: Heatran\n|-resisted|p1a: Heatran\n|-damage|p1a: Heatran|94\/100\n|\n|-heal|p1a: Heatran|99\/100|[from] item: Leftovers\n|upkeep\n|turn|18\n|\n|t:|1700790363\n|switch|p1a: Clodsire|Clodsire, M|36\/100\n|move|p2a: Vaporeon|Ice Beam|p1a: Clodsire\n|-supereffective|p1a: Clodsire\n|-damage|p1a: Clodsire|8\/100\n|-status|p1a: Clodsire|frz\n|\n|-heal|p1a: Clodsire|14\/100 frz|[from] item: Leftovers\n|-end|p2a: Vaporeon|move: Taunt\n|upkeep\n|turn|19\n|c|\u2606Rikonkon|oh come on\n|\n|t:|1700790374\n|switch|p1a: Manaphy|Manaphy|100\/100\n|move|p2a: Vaporeon|Substitute|p2a: Vaporeon\n|-start|p2a: Vaporeon|Substitute\n|-damage|p2a: Vaporeon|75\/100\n|\n|-heal|p2a: Vaporeon|82\/100|[from] item: Leftovers\n|upkeep\n|turn|20\n|c|\u2606Rikonkon|gg\n|\n|t:|1700790381\n|switch|p1a: Clodsire|Clodsire, M|14\/100 frz\n|move|p2a: Vaporeon|Scald|p1a: Clodsire\n|-heal|p1a: Clodsire|39\/100 frz|[from] ability: Water Absorb|[of] p2a: Vaporeon\n|\n|-heal|p2a: Vaporeon|88\/100|[from] item: Leftovers\n|-heal|p1a: Clodsire|45\/100 frz|[from] item: Leftovers\n|upkeep\n|turn|21\n|\n|t:|1700790384\n|move|p2a: Vaporeon|Ice Beam|p1a: Clodsire\n|-supereffective|p1a: Clodsire\n|-damage|p1a: Clodsire|19\/100 frz\n|cant|p1a: Clodsire|frz\n|\n|-heal|p2a: Vaporeon|94\/100|[from] item: Leftovers\n|-heal|p1a: Clodsire|25\/100 frz|[from] item: Leftovers\n|upkeep\n|turn|22\n|\n|t:|1700790390\n|move|p2a: Vaporeon|Ice Beam|p1a: Clodsire\n|-supereffective|p1a: Clodsire\n|-damage|p1a: Clodsire|0 fnt\n|faint|p1a: Clodsire\n|\n|-heal|p2a: Vaporeon|100\/100|[from] item: Leftovers\n|upkeep\n|\n|t:|1700790392\n|switch|p1a: Zapdos|Zapdos|37\/100\n|turn|23\n|\n|t:|1700790395\n|-terastallize|p2a: Vaporeon|Ground\n|move|p1a: Zapdos|Thunderbolt|p2a: Vaporeon\n|-immune|p2a: Vaporeon\n|move|p2a: Vaporeon|Ice Beam|p1a: Zapdos\n|-supereffective|p1a: Zapdos\n|-damage|p1a: Zapdos|0 fnt\n|faint|p1a: Zapdos\n|\n|upkeep\n|\n|t:|1700790397\n|switch|p1a: Heatran|Heatran, M|99\/100\n|turn|24\n|\n|t:|1700790401\n|move|p1a: Heatran|Taunt|p2a: Vaporeon\n|-start|p2a: Vaporeon|move: Taunt\n|move|p2a: Vaporeon|Scald|p1a: Heatran\n|-supereffective|p1a: Heatran\n|-damage|p1a: Heatran|31\/100\n|\n|-heal|p1a: Heatran|37\/100|[from] item: Leftovers\n|upkeep\n|turn|25\n|\n|t:|1700790408\n|move|p1a: Heatran|Magma Storm|p2a: Vaporeon|[miss]\n|-miss|p1a: Heatran|p2a: Vaporeon\n|move|p2a: Vaporeon|Scald|p1a: Heatran\n|-supereffective|p1a: Heatran\n|-damage|p1a: Heatran|0 fnt\n|faint|p1a: Heatran\n|\n|upkeep\n|\n|t:|1700790412\n|switch|p1a: Hatterene|Hatterene, F|68\/100\n|turn|26\n|\n|t:|1700790414\n|move|p2a: Vaporeon|Scald|p1a: Hatterene\n|-damage|p1a: Hatterene|31\/100\n|-status|p1a: Hatterene|brn\n|move|p1a: Hatterene|Psychic|p2a: Vaporeon\n|-end|p2a: Vaporeon|Substitute\n|\n|-damage|p1a: Hatterene|25\/100 brn|[from] brn\n|-end|p2a: Vaporeon|move: Taunt\n|upkeep\n|turn|27\n|-message|Rikonkon forfeited.\n|\n|win|papahue\n|raw|Rikonkon's rating: 1094 &rarr; <strong>1071<\/strong><br \/>(-23 for losing)\n|raw|papahue's rating: 1114 &rarr; <strong>1138<\/strong><br \/>(+24 for winning)\n|l|\u2606Rikonkon\n|c|\u2606papahue|Gg\n","uploadtime":1700790595,"views":10,"p1id":"rikonkon","p2id":"papahue","formatid":"gen9ou","rating":1071,"private":0,"password":""}