{"id":"gen9ou-1997240004","p1":"Horrific17","p2":"Ruffbot","format":"[Gen 9] OU","log":"|j|\u2606Horrific17\n|j|\u2606Ruffbot\n|t:|1700779235\n|gametype|singles\n|player|p1|Horrific17|acetrainerf-gen4dp|\n|player|p2|Ruffbot|youngster-gen6xy|\n|teamsize|p1|6\n|teamsize|p2|6\n|gen|9\n|tier|[Gen 9] OU\n|rule|Sleep Clause Mod: Limit one foe put to sleep\n|rule|Species Clause: Limit one of each Pok\u00e9mon\n|rule|OHKO Clause: OHKO moves are banned\n|rule|Evasion Items Clause: Evasion items are banned\n|rule|Evasion Moves Clause: Evasion moves are banned\n|rule|Endless Battle Clause: Forcing endless battles is banned\n|rule|HP Percentage Mod: HP is shown in percentages\n|clearpoke\n|poke|p1|Samurott-Hisui, F|\n|poke|p1|Thundurus, M|\n|poke|p1|Hoopa-Unbound|\n|poke|p1|Zapdos-Galar|\n|poke|p1|Vikavolt, M|\n|poke|p1|Dragapult, M|\n|poke|p2|Arboliva, F|\n|poke|p2|Tornadus-Therian, M|\n|poke|p2|Weavile, F|\n|poke|p2|Weezing-Galar, F|\n|poke|p2|Zapdos|\n|poke|p2|Florges, F|\n|teampreview\n|c|\u2606Ruffbot|hf\n|inactive|Battle timer is ON: inactive players will automatically lose when time's up. (requested by Ruffbot)\n|j| Bot Coach\n|\n|t:|1700779252\n|start\n|switch|p1a: MARAUDER|Vikavolt, M, shiny|100\/100\n|switch|p2a: Florges|Florges, F|100\/100\n|turn|1\n|\n|t:|1700779257\n|move|p2a: Florges|Calm Mind|p2a: Florges\n|-boost|p2a: Florges|spa|1\n|-boost|p2a: Florges|spd|1\n|move|p1a: MARAUDER|Volt Switch|p2a: Florges\n|-damage|p2a: Florges|72\/100\n|inactive|Horrific17 has 270 seconds left.\n|\n|t:|1700779315\n|switch|p1a: \u0627\u0644\u0641 \u0644\u064a\u0644\u0629 \u0648 \u0644\u064a\u0644\u0629|Hoopa-Unbound|100\/100|[from] Volt Switch\n|\n|-heal|p2a: Florges|78\/100|[from] item: Leftovers\n|upkeep\n|turn|2\n|\n|t:|1700779320\n|move|p1a: \u0627\u0644\u0641 \u0644\u064a\u0644\u0629 \u0648 \u0644\u064a\u0644\u0629|Gunk Shot|p2a: Florges\n|-supereffective|p2a: Florges\n|-damage|p2a: Florges|8\/100\n|-status|p2a: Florges|psn\n|move|p2a: Florges|Moonblast|p1a: \u0627\u0644\u0641 \u0644\u064a\u0644\u0629 \u0648 \u0644\u064a\u0644\u0629\n|-supereffective|p1a: \u0627\u0644\u0641 \u0644\u064a\u0644\u0629 \u0648 \u0644\u064a\u0644\u0629\n|-damage|p1a: \u0627\u0644\u0641 \u0644\u064a\u0644\u0629 \u0648 \u0644\u064a\u0644\u0629|0 fnt\n|faint|p1a: \u0627\u0644\u0641 \u0644\u064a\u0644\u0629 \u0648 \u0644\u064a\u0644\u0629\n|\n|-heal|p2a: Florges|14\/100 psn|[from] item: Leftovers\n|-damage|p2a: Florges|2\/100 psn|[from] psn\n|upkeep\n|\n|t:|1700779331\n|switch|p1a: Storm Approaching|Thundurus, M|100\/100\n|turn|3\n|\n|t:|1700779335\n|switch|p2a: Zapdos|Zapdos|100\/100\n|move|p1a: Storm Approaching|Thunderbolt|p2a: Zapdos\n|-damage|p2a: Zapdos|57\/100\n|\n|upkeep\n|turn|4\n|\n|t:|1700779341\n|move|p1a: Storm Approaching|Knock Off|p2a: Zapdos\n|-damage|p2a: Zapdos|39\/100\n|-enditem|p2a: Zapdos|Heavy-Duty Boots|[from] move: Knock Off|[of] p1a: Storm Approaching\n|move|p2a: Zapdos|Roost|p2a: Zapdos\n|-heal|p2a: Zapdos|89\/100\n|-singleturn|p2a: Zapdos|move: Roost\n|\n|upkeep\n|turn|5\n|inactive|Horrific17 has 270 seconds left.\n|\n|t:|1700779354\n|move|p1a: Storm Approaching|Thunderbolt|p2a: Zapdos\n|-damage|p2a: Zapdos|48\/100\n|move|p2a: Zapdos|Discharge|p1a: Storm Approaching\n|-damage|p1a: Storm Approaching|57\/100\n|\n|upkeep\n|turn|6\n|inactive|Horrific17 has 270 seconds left.\n|\n|t:|1700779365\n|switch|p1a: MARAUDER|Vikavolt, M, shiny|100\/100\n|move|p2a: Zapdos|Roost|p2a: Zapdos\n|-heal|p2a: Zapdos|98\/100\n|-singleturn|p2a: Zapdos|move: Roost\n|\n|upkeep\n|turn|7\n|\n|t:|1700779368\n|move|p2a: Zapdos|Volt Switch|p1a: MARAUDER\n|-resisted|p1a: MARAUDER\n|-damage|p1a: MARAUDER|81\/100\n|\n|t:|1700779369\n|switch|p2a: Florges|Florges, F|2\/100 psn|[from] Volt Switch\n|move|p1a: MARAUDER|Thunderbolt|p2a: Florges\n|-damage|p2a: Florges|0 fnt\n|faint|p2a: Florges\n|\n|upkeep\n|\n|t:|1700779370\n|switch|p2a: Arboliva|Arboliva, F|100\/100\n|turn|8\n|\n|t:|1700779378\n|switch|p1a: Storm Approaching|Thundurus, M|57\/100\n|move|p2a: Arboliva|Dazzling Gleam|p1a: Storm Approaching\n|-damage|p1a: Storm Approaching|29\/100\n|\n|upkeep\n|turn|9\n|\n|t:|1700779385\n|switch|p2a: Zapdos|Zapdos|98\/100\n|move|p1a: Storm Approaching|Knock Off|p2a: Zapdos\n|-damage|p2a: Zapdos|86\/100\n|\n|upkeep\n|turn|10\n|\n|t:|1700779396\n|move|p1a: Storm Approaching|Thunderbolt|p2a: Zapdos\n|-damage|p2a: Zapdos|43\/100\n|move|p2a: Zapdos|Discharge|p1a: Storm Approaching\n|-damage|p1a: Storm Approaching|0 fnt\n|faint|p1a: Storm Approaching\n|\n|upkeep\n|\n|t:|1700779398\n|switch|p1a: MARAUDER|Vikavolt, M, shiny|81\/100\n|turn|11\n|\n|t:|1700779401\n|move|p2a: Zapdos|Volt Switch|p1a: MARAUDER\n|-resisted|p1a: MARAUDER\n|-damage|p1a: MARAUDER|62\/100\n|\n|t:|1700779403\n|switch|p2a: Weavile|Weavile, F|100\/100|[from] Volt Switch\n|move|p1a: MARAUDER|Volt Switch|p2a: Weavile\n|-damage|p2a: Weavile|9\/100\n|c| Bot Coach|insane\n|\n|t:|1700779419\n|switch|p1a: Otterheimer|Samurott-Hisui, F|100\/100|[from] Volt Switch\n|\n|upkeep\n|turn|12\n|\n|t:|1700779422\n|move|p2a: Weavile|Icicle Crash|p1a: Otterheimer\n|-resisted|p1a: Otterheimer\n|-damage|p1a: Otterheimer|70\/100\n|move|p1a: Otterheimer|Ceaseless Edge|p2a: Weavile\n|-resisted|p2a: Weavile\n|-damage|p2a: Weavile|0 fnt\n|-sidestart|p2: Ruffbot|Spikes\n|faint|p2a: Weavile\n|\n|upkeep\n|\n|t:|1700779422\n|switch|p2a: Zapdos|Zapdos|43\/100\n|turn|13\n|inactive|Horrific17 has 270 seconds left.\n|c|\u2606Horrific17|do we hit the range\n|c|\u2606Horrific17|kappa\n|c| Bot Coach|yes\n|\n|t:|1700779464\n|move|p1a: Otterheimer|Ceaseless Edge|p2a: Zapdos\n|-damage|p2a: Zapdos|0 fnt\n|-status|p1a: Otterheimer|par|[from] ability: Static|[of] p2a: Zapdos\n|-sidestart|p2: Ruffbot|Spikes\n|faint|p2a: Zapdos\n|\n|upkeep\n|\n|t:|1700779464\n|switch|p2a: tornadustherian|Tornadus-Therian, M|100\/100\n|turn|14\n|c|\u2606Horrific17|ez\n|inactive|Horrific17 has 270 seconds left.\n|\n|t:|1700779471\n|move|p2a: tornadustherian|Bleakwind Storm|p1a: Otterheimer\n|-damage|p1a: Otterheimer|0 fnt\n|faint|p1a: Otterheimer\n|\n|upkeep\n|inactive|Horrific17 has 270 seconds left.\n|\n|t:|1700779476\n|switch|p1a: Horton 229|Dragapult, M|100\/100\n|turn|15\n|\n|t:|1700779481\n|move|p1a: Horton 229|U-turn|p2a: tornadustherian\n|-resisted|p2a: tornadustherian\n|-damage|p2a: tornadustherian|75\/100\n|\n|t:|1700779483\n|switch|p1a: MARAUDER|Vikavolt, M, shiny|62\/100|[from] U-turn\n|move|p2a: tornadustherian|Bleakwind Storm|p1a: MARAUDER\n|-damage|p1a: MARAUDER|2\/100\n|-unboost|p1a: MARAUDER|spe|1\n|\n|upkeep\n|turn|16\n|\n|t:|1700779486\n|move|p2a: tornadustherian|Bleakwind Storm|p1a: MARAUDER\n|-damage|p1a: MARAUDER|0 fnt\n|faint|p1a: MARAUDER\n|\n|upkeep\n|\n|t:|1700779488\n|switch|p1a: Horton 229|Dragapult, M|100\/100\n|turn|17\n|\n|t:|1700779490\n|switch|p2a: weezinggalar|Weezing-Galar, F|100\/100\n|-ability|p2a: weezinggalar|Neutralizing Gas\n|-damage|p2a: weezinggalar|84\/100|[from] Spikes\n|move|p1a: Horton 229|Dragon Darts|p2a: weezinggalar\n|-immune|p2a: weezinggalar\n|\n|-heal|p2a: weezinggalar|90\/100|[from] item: Black Sludge\n|upkeep\n|turn|18\n|\n|t:|1700779494\n|switch|p1a: Geococcyx|Zapdos-Galar|100\/100\n|move|p2a: weezinggalar|Will-O-Wisp|p1a: Geococcyx\n|-status|p1a: Geococcyx|brn\n|\n|-heal|p2a: weezinggalar|96\/100|[from] item: Black Sludge\n|-damage|p1a: Geococcyx|94\/100 brn|[from] brn\n|upkeep\n|turn|19\n|\n|t:|1700779500\n|move|p1a: Geococcyx|Substitute|p1a: Geococcyx\n|-start|p1a: Geococcyx|Substitute\n|-damage|p1a: Geococcyx|69\/100 brn\n|move|p2a: weezinggalar|Sludge Bomb|p1a: Geococcyx\n|-end|p1a: Geococcyx|Substitute\n|\n|-heal|p2a: weezinggalar|100\/100|[from] item: Black Sludge\n|-damage|p1a: Geococcyx|63\/100 brn|[from] brn\n|upkeep\n|turn|20\n|\n|t:|1700779510\n|move|p1a: Geococcyx|Brave Bird|p2a: weezinggalar\n|-damage|p2a: weezinggalar|78\/100\n|-damage|p1a: Geococcyx|56\/100 brn|[from] Recoil\n|move|p2a: weezinggalar|Will-O-Wisp|p1a: Geococcyx\n|-fail|p1a: Geococcyx|brn\n|\n|-heal|p2a: weezinggalar|84\/100|[from] item: Black Sludge\n|-damage|p1a: Geococcyx|49\/100 brn|[from] brn\n|upkeep\n|turn|21\n|\n|t:|1700779515\n|move|p1a: Geococcyx|Brave Bird|p2a: weezinggalar\n|-damage|p2a: weezinggalar|62\/100\n|-damage|p1a: Geococcyx|41\/100 brn|[from] Recoil\n|move|p2a: weezinggalar|Defog|p1a: Geococcyx\n|-unboost|p1a: Geococcyx|evasion|1\n|-sideend|p2: Ruffbot|Spikes|[from] move: Defog|[of] p2a: weezinggalar\n|\n|-heal|p2a: weezinggalar|68\/100|[from] item: Black Sludge\n|-damage|p1a: Geococcyx|35\/100 brn|[from] brn\n|upkeep\n|turn|22\n|c| Bot Coach|do\n|c| Bot Coach|you have anything for the\n|c| Bot Coach|fairy normal flying core\n|c| Bot Coach|on pult\n|inactive|Horrific17 has 270 seconds left.\n|c| Bot Coach|Kappa\n|c|\u2606Horrific17|kappa\n|\n|t:|1700779559\n|switch|p1a: Horton 229|Dragapult, M|100\/100\n|move|p2a: weezinggalar|Defog|p1a: Horton 229\n|-unboost|p1a: Horton 229|evasion|1\n|\n|-heal|p2a: weezinggalar|74\/100|[from] item: Black Sludge\n|upkeep\n|turn|23\n|\n|t:|1700779563\n|move|p1a: Horton 229|Phantom Force||[still]\n|-prepare|p1a: Horton 229|Phantom Force\n|move|p2a: weezinggalar|Sludge Bomb|p1a: Horton 229|[miss]\n|-miss|p2a: weezinggalar|p1a: Horton 229\n|\n|-heal|p2a: weezinggalar|80\/100|[from] item: Black Sludge\n|upkeep\n|turn|24\n|\n|t:|1700779566\n|move|p1a: Horton 229|Phantom Force|p2a: weezinggalar|[from]lockedmove\n|-damage|p2a: weezinggalar|39\/100\n|move|p2a: weezinggalar|Pain Split|p1a: Horton 229\n|-sethp|p1a: Horton 229|69\/100|[from] move: Pain Split|[silent]\n|-sethp|p2a: weezinggalar|72\/100|[from] move: Pain Split\n|\n|-heal|p2a: weezinggalar|78\/100|[from] item: Black Sludge\n|upkeep\n|turn|25\n|\n|t:|1700779571\n|move|p1a: Horton 229|Phantom Force||[still]\n|-prepare|p1a: Horton 229|Phantom Force\n|move|p2a: weezinggalar|Sludge Bomb|p1a: Horton 229|[miss]\n|-miss|p2a: weezinggalar|p1a: Horton 229\n|\n|-heal|p2a: weezinggalar|84\/100|[from] item: Black Sludge\n|upkeep\n|turn|26\n|\n|t:|1700779574\n|move|p1a: Horton 229|Phantom Force|p2a: weezinggalar|[from]lockedmove\n|-damage|p2a: weezinggalar|42\/100\n|move|p2a: weezinggalar|Pain Split|p1a: Horton 229\n|-sethp|p1a: Horton 229|54\/100|[from] move: Pain Split|[silent]\n|-sethp|p2a: weezinggalar|57\/100|[from] move: Pain Split\n|\n|-heal|p2a: weezinggalar|63\/100|[from] item: Black Sludge\n|upkeep\n|turn|27\n|\n|t:|1700779580\n|move|p1a: Horton 229|Phantom Force||[still]\n|-prepare|p1a: Horton 229|Phantom Force\n|move|p2a: weezinggalar|Sludge Bomb|p1a: Horton 229|[miss]\n|-miss|p2a: weezinggalar|p1a: Horton 229\n|\n|-heal|p2a: weezinggalar|69\/100|[from] item: Black Sludge\n|upkeep\n|turn|28\n|\n|t:|1700779582\n|move|p1a: Horton 229|Phantom Force|p2a: weezinggalar|[from]lockedmove\n|-damage|p2a: weezinggalar|29\/100\n|move|p2a: weezinggalar|Pain Split|p1a: Horton 229\n|-sethp|p1a: Horton 229|41\/100|[from] move: Pain Split|[silent]\n|-sethp|p2a: weezinggalar|43\/100|[from] move: Pain Split\n|\n|-heal|p2a: weezinggalar|49\/100|[from] item: Black Sludge\n|upkeep\n|turn|29\n|\n|t:|1700779588\n|move|p1a: Horton 229|Phantom Force||[still]\n|-prepare|p1a: Horton 229|Phantom Force\n|move|p2a: weezinggalar|Sludge Bomb|p1a: Horton 229|[miss]\n|-miss|p2a: weezinggalar|p1a: Horton 229\n|\n|-heal|p2a: weezinggalar|55\/100|[from] item: Black Sludge\n|upkeep\n|turn|30\n|\n|t:|1700779590\n|move|p1a: Horton 229|Phantom Force|p2a: weezinggalar|[from]lockedmove\n|-damage|p2a: weezinggalar|15\/100\n|move|p2a: weezinggalar|Pain Split|p1a: Horton 229\n|-sethp|p1a: Horton 229|27\/100|[from] move: Pain Split|[silent]\n|-sethp|p2a: weezinggalar|29\/100|[from] move: Pain Split\n|\n|-heal|p2a: weezinggalar|35\/100|[from] item: Black Sludge\n|upkeep\n|turn|31\n|\n|t:|1700779594\n|move|p1a: Horton 229|Phantom Force||[still]\n|-prepare|p1a: Horton 229|Phantom Force\n|move|p2a: weezinggalar|Sludge Bomb|p1a: Horton 229|[miss]\n|-miss|p2a: weezinggalar|p1a: Horton 229\n|\n|-heal|p2a: weezinggalar|41\/100|[from] item: Black Sludge\n|upkeep\n|turn|32\n|\n|t:|1700779596\n|move|p1a: Horton 229|Phantom Force|p2a: weezinggalar|[from]lockedmove\n|-damage|p2a: weezinggalar|0 fnt\n|faint|p2a: weezinggalar\n|-end|p2a: weezinggalar|ability: Neutralizing Gas\n|\n|upkeep\n|\n|t:|1700779596\n|switch|p2a: tornadustherian|Tornadus-Therian, M|100\/100\n|turn|33\n|\n|t:|1700779598\n|switch|p1a: Geococcyx|Zapdos-Galar|35\/100 brn\n|move|p2a: tornadustherian|Heat Wave|p1a: Geococcyx\n|-damage|p1a: Geococcyx|1\/100 brn\n|\n|-damage|p1a: Geococcyx|0 fnt|[from] brn\n|faint|p1a: Geococcyx\n|upkeep\n|\n|t:|1700779600\n|switch|p1a: Horton 229|Dragapult, M|27\/100\n|turn|34\n|\n|t:|1700779601\n|move|p1a: Horton 229|Dragon Darts|p2a: tornadustherian\n|-damage|p2a: tornadustherian|51\/100\n|-anim|p1a: Horton 229|Dragon Darts|p2a: tornadustherian\n|-damage|p2a: tornadustherian|3\/100\n|move|p2a: tornadustherian|U-turn|p1a: Horton 229\n|-resisted|p1a: Horton 229\n|-damage|p1a: Horton 229|18\/100\n|\n|t:|1700779601\n|switch|p2a: Arboliva|Arboliva, F|100\/100|[from] U-turn\n|\n|upkeep\n|turn|35\n|\n|t:|1700779605\n|-terastallize|p1a: Horton 229|Steel\n|move|p1a: Horton 229|Dragon Darts|p2a: Arboliva\n|-damage|p2a: Arboliva|64\/100\n|-fieldstart|move: Grassy Terrain|[from] ability: Seed Sower|[of] p2a: Arboliva\n|-anim|p1a: Horton 229|Dragon Darts|p2a: Arboliva\n|-damage|p2a: Arboliva|24\/100\n|move|p2a: Arboliva|Giga Drain|p1a: Horton 229\n|-resisted|p1a: Horton 229\n|-damage|p1a: Horton 229|0 fnt\n|-heal|p2a: Arboliva|33\/100|[from] drain|[of] p1a: Horton 229\n|faint|p1a: Horton 229\n|\n|win|Ruffbot\n|c|\u2606Ruffbot|gg\n|l|\u2606Horrific17\n|c| Bot Coach|i respect it\n","uploadtime":1700779614,"views":14,"p1id":"horrific17","p2id":"ruffbot","formatid":"gen9ou","rating":0,"private":0,"password":""}