{"id":"gen9ou-1995238169","p1":"SpaceBear9","p2":"MINO12131","format":"[Gen 9] OU","log":"|j|\u2606SpaceBear9\n|j|\u2606MINO12131\n|t:|1700538480\n|gametype|singles\n|player|p1|SpaceBear9|170|\n|player|p2|MINO12131|2|\n|teamsize|p1|6\n|teamsize|p2|6\n|gen|9\n|tier|[Gen 9] OU\n|rule|Sleep Clause Mod: Limit one foe put to sleep\n|rule|Species Clause: Limit one of each Pok\u00e9mon\n|rule|OHKO Clause: OHKO moves are banned\n|rule|Evasion Items Clause: Evasion items are banned\n|rule|Evasion Moves Clause: Evasion moves are banned\n|rule|Endless Battle Clause: Forcing endless battles is banned\n|rule|HP Percentage Mod: HP is shown in percentages\n|clearpoke\n|poke|p1|Ribombee, M|\n|poke|p1|Samurott-Hisui, F|\n|poke|p1|Gholdengo|\n|poke|p1|Zapdos|\n|poke|p1|Great Tusk|\n|poke|p1|Iron Moth|\n|poke|p2|Glimmora, M|\n|poke|p2|Samurott-Hisui, M|\n|poke|p2|Gholdengo|\n|poke|p2|Zamazenta-*|\n|poke|p2|Garchomp, M|\n|poke|p2|Spidops, F|\n|teampreview\n|\n|t:|1700538510\n|start\n|switch|p1a: Samurott|Samurott-Hisui, F|100\/100\n|switch|p2a: Glimmora|Glimmora, M|100\/100\n|turn|1\n|\n|t:|1700538520\n|move|p2a: Glimmora|Stealth Rock|p1a: Samurott\n|-sidestart|p1: SpaceBear9|move: Stealth Rock\n|move|p1a: Samurott|Aqua Cutter|p2a: Glimmora\n|-supereffective|p2a: Glimmora\n|-damage|p2a: Glimmora|0 fnt\n|-activate|p2a: Glimmora|ability: Toxic Debris\n|-sidestart|p1: SpaceBear9|move: Toxic Spikes\n|faint|p2a: Glimmora\n|\n|upkeep\n|\n|t:|1700538538\n|switch|p2a: Spidops|Spidops, F|100\/100\n|turn|2\n|\n|t:|1700538549\n|move|p1a: Samurott|Ceaseless Edge|p2a: Spidops\n|-damage|p2a: Spidops|39\/100\n|-sidestart|p2: MINO12131|Spikes\n|move|p2a: Spidops|Sticky Web|p1a: Samurott\n|-sidestart|p1: SpaceBear9|move: Sticky Web\n|\n|upkeep\n|turn|3\n|\n|t:|1700538575\n|switch|p2a: Zamazenta|Zamazenta|100\/100\n|-ability|p2a: Zamazenta|Dauntless Shield|boost\n|-boost|p2a: Zamazenta|def|1\n|move|p1a: Samurott|Knock Off|p2a: Zamazenta\n|-resisted|p2a: Zamazenta\n|-damage|p2a: Zamazenta|86\/100\n|-enditem|p2a: Zamazenta|Heavy-Duty Boots|[from] move: Knock Off|[of] p1a: Samurott\n|\n|upkeep\n|turn|4\n|\n|t:|1700538599\n|move|p2a: Zamazenta|Iron Defense|p2a: Zamazenta\n|-boost|p2a: Zamazenta|def|2\n|move|p1a: Samurott|Ceaseless Edge|p2a: Zamazenta|[miss]\n|-miss|p1a: Samurott|p2a: Zamazenta\n|\n|upkeep\n|turn|5\n|\n|t:|1700538609\n|move|p2a: Zamazenta|Body Press|p1a: Samurott\n|-supereffective|p1a: Samurott\n|-damage|p1a: Samurott|0 fnt\n|faint|p1a: Samurott\n|\n|upkeep\n|\n|t:|1700538633\n|switch|p1a: Great Tusk|Great Tusk|100\/100\n|turn|6\n|\n|t:|1700538645\n|switch|p2a: Gholdengo|Gholdengo|100\/100\n|-item|p2a: Gholdengo|Air Balloon\n|move|p1a: Great Tusk|Rapid Spin|p2a: Gholdengo\n|-immune|p2a: Gholdengo\n|\n|upkeep\n|turn|7\n|\n|t:|1700538669\n|-terastallize|p2a: Gholdengo|Fairy\n|move|p1a: Great Tusk|Ice Spinner|p2a: Gholdengo\n|-damage|p2a: Gholdengo|72\/100\n|-enditem|p2a: Gholdengo|Air Balloon\n|move|p2a: Gholdengo|Dazzling Gleam|p1a: Great Tusk\n|-supereffective|p1a: Great Tusk\n|-damage|p1a: Great Tusk|0 fnt\n|faint|p1a: Great Tusk\n|-end|p1a: Great Tusk|Protosynthesis|[silent]\n|\n|upkeep\n|\n|t:|1700538690\n|switch|p1a: Iron Moth|Iron Moth|100\/100\n|-damage|p1a: Iron Moth|75\/100|[from] Stealth Rock\n|-sideend|p1: SpaceBear9|move: Toxic Spikes|[of] p1a: Iron Moth\n|-activate|p1a: Iron Moth|move: Sticky Web\n|-unboost|p1a: Iron Moth|spe|1\n|-enditem|p1a: Iron Moth|Booster Energy\n|-activate|p1a: Iron Moth|ability: Quark Drive|[fromitem]\n|-start|p1a: Iron Moth|quarkdrivespa\n|turn|8\n|\n|t:|1700538734\n|switch|p2a: Garchomp|Garchomp, M|100\/100\n|-damage|p2a: Garchomp|88\/100|[from] Spikes\n|move|p1a: Iron Moth|Sludge Wave|p2a: Garchomp\n|-resisted|p2a: Garchomp\n|-damage|p2a: Garchomp|53\/100\n|\n|upkeep\n|turn|9\n|\n|t:|1700538743\n|-end|p1a: Iron Moth|Quark Drive|[silent]\n|switch|p1a: Zapdos|Zapdos|100\/100\n|move|p2a: Garchomp|Earthquake|p1a: Zapdos\n|-immune|p1a: Zapdos\n|\n|upkeep\n|turn|10\n|\n|t:|1700538753\n|move|p1a: Zapdos|Hurricane|p2a: Garchomp|[miss]\n|-miss|p1a: Zapdos|p2a: Garchomp\n|move|p2a: Garchomp|Dragon Tail|p1a: Zapdos\n|-damage|p1a: Zapdos|60\/100\n|drag|p1a: Ribombee|Ribombee, M|100\/100\n|-damage|p1a: Ribombee|76\/100|[from] Stealth Rock\n|-activate|p1a: Ribombee|move: Sticky Web\n|-unboost|p1a: Ribombee|spe|1\n|\n|upkeep\n|turn|11\n|\n|t:|1700538781\n|move|p1a: Ribombee|Moonblast|p2a: Garchomp\n|-supereffective|p2a: Garchomp\n|-crit|p2a: Garchomp\n|-damage|p2a: Garchomp|0 fnt\n|faint|p2a: Garchomp\n|\n|upkeep\n|\n|t:|1700538801\n|switch|p2a: Zamazenta|Zamazenta|86\/100\n|-damage|p2a: Zamazenta|73\/100|[from] Spikes\n|turn|12\n|\n|t:|1700538821\n|-terastallize|p1a: Ribombee|Bug\n|move|p2a: Zamazenta|Heavy Slam|p1a: Ribombee\n|-damage|p1a: Ribombee|8\/100\n|move|p1a: Ribombee|Moonblast|p2a: Zamazenta\n|-supereffective|p2a: Zamazenta\n|-damage|p2a: Zamazenta|0 fnt\n|faint|p2a: Zamazenta\n|\n|upkeep\n|\n|t:|1700538831\n|switch|p2a: Samurott|Samurott-Hisui, M|100\/100\n|-damage|p2a: Samurott|88\/100|[from] Spikes\n|turn|13\n|\n|t:|1700538840\n|move|p2a: Samurott|Ceaseless Edge|p1a: Ribombee\n|-damage|p1a: Ribombee|0 fnt\n|-sidestart|p1: SpaceBear9|Spikes\n|faint|p1a: Ribombee\n|\n|upkeep\n|\n|t:|1700538847\n|switch|p1a: Zapdos|Zapdos|60\/100\n|turn|14\n|\n|t:|1700538863\n|move|p1a: Zapdos|Volt Switch|p2a: Samurott\n|-supereffective|p2a: Samurott\n|-damage|p2a: Samurott|13\/100\n|\n|t:|1700538869\n|switch|p1a: Gholdengo|Gholdengo|100\/100|[from] Volt Switch\n|-damage|p1a: Gholdengo|94\/100|[from] Stealth Rock\n|-item|p1a: Gholdengo|Air Balloon\n|move|p2a: Samurott|Ceaseless Edge|p1a: Gholdengo\n|-supereffective|p1a: Gholdengo\n|-damage|p1a: Gholdengo|0 fnt\n|-enditem|p1a: Gholdengo|Air Balloon\n|-sidestart|p1: SpaceBear9|Spikes\n|faint|p1a: Gholdengo\n|\n|upkeep\n|\n|t:|1700538874\n|switch|p1a: Iron Moth|Iron Moth|75\/100\n|-damage|p1a: Iron Moth|50\/100|[from] Stealth Rock\n|-activate|p1a: Iron Moth|move: Sticky Web\n|-unboost|p1a: Iron Moth|spe|1\n|-damage|p1a: Iron Moth|34\/100|[from] Spikes\n|turn|15\n|\n|t:|1700538890\n|move|p2a: Samurott|Liquidation|p1a: Iron Moth\n|-supereffective|p1a: Iron Moth\n|-damage|p1a: Iron Moth|0 fnt\n|faint|p1a: Iron Moth\n|-end|p1a: Iron Moth|Quark Drive|[silent]\n|\n|upkeep\n|\n|t:|1700538892\n|switch|p1a: Zapdos|Zapdos|60\/100\n|turn|16\n|\n|t:|1700538905\n|move|p1a: Zapdos|Thunderbolt|p2a: Samurott\n|-supereffective|p2a: Samurott\n|-damage|p2a: Samurott|0 fnt\n|faint|p2a: Samurott\n|\n|upkeep\n|\n|t:|1700538923\n|switch|p2a: Gholdengo|Gholdengo, tera:Fairy|72\/100\n|-damage|p2a: Gholdengo|60\/100|[from] Spikes\n|turn|17\n|\n|t:|1700538948\n|move|p1a: Zapdos|Thunderbolt|p2a: Gholdengo\n|-crit|p2a: Gholdengo\n|-damage|p2a: Gholdengo|0 fnt\n|faint|p2a: Gholdengo\n|\n|upkeep\n|\n|t:|1700538952\n|switch|p2a: Spidops|Spidops, F|39\/100\n|turn|18\n|c|\u2606MINO12131|gg\n|\n|t:|1700538957\n|move|p1a: Zapdos|Thunderbolt|p2a: Spidops\n|-damage|p2a: Spidops|0 fnt\n|faint|p2a: Spidops\n|\n|win|SpaceBear9\n|c|\u2606SpaceBear9|gg\n|l|\u2606MINO12131\n|l|\u2606SpaceBear9\n|j|\u2606MINO12131\n|player|p2|MINO12131|2\n|j|\u2606SpaceBear9\n|player|p1|SpaceBear9|170\n","uploadtime":1700539176,"views":17,"p1id":"spacebear9","p2id":"mino12131","formatid":"gen9ou","rating":0,"private":0,"password":""}