{"id":"gen9ou-1988813444","p1":"Shaymin423","p2":"ppev","format":"[Gen 9] OU","log":"|j|\u2606Shaymin423\n|j|\u2606ppev\n|t:|1699766950\n|gametype|singles\n|player|p1|Shaymin423|acetrainer-gen4dp|1335\n|player|p2|ppev|266|1456\n|teamsize|p1|6\n|teamsize|p2|6\n|gen|9\n|tier|[Gen 9] OU\n|rated|\n|rule|Sleep Clause Mod: Limit one foe put to sleep\n|rule|Species Clause: Limit one of each Pok\u00e9mon\n|rule|OHKO Clause: OHKO moves are banned\n|rule|Evasion Items Clause: Evasion items are banned\n|rule|Evasion Moves Clause: Evasion moves are banned\n|rule|Endless Battle Clause: Forcing endless battles is banned\n|rule|HP Percentage Mod: HP is shown in percentages\n|clearpoke\n|poke|p1|Alomomola, F|\n|poke|p1|Corviknight, M|\n|poke|p1|Hatterene, F|\n|poke|p1|Dragonite, F|\n|poke|p1|Weavile, F|\n|poke|p1|Goodra-Hisui, M|\n|poke|p2|Rillaboom, M|\n|poke|p2|Cinderace, M|\n|poke|p2|Ogerpon-Cornerstone, F|\n|poke|p2|Kingambit, M|\n|poke|p2|Great Tusk|\n|poke|p2|Iron Valiant|\n|teampreview\n|inactive|Battle timer is ON: inactive players will automatically lose when time's up. (requested by Shaymin423)\n|\n|t:|1699767008\n|start\n|switch|p1a: Alomomola|Alomomola, F|100\/100\n|switch|p2a: Cinderace|Cinderace, M|100\/100\n|turn|1\n|\n|t:|1699767016\n|move|p2a: Cinderace|U-turn|p1a: Alomomola\n|-damage|p1a: Alomomola|91\/100\n|inactive|ppev has 120 seconds left.\n|inactive|ppev has 90 seconds left.\n|\n|t:|1699767096\n|switch|p2a: Rillaboom|Rillaboom, M|100\/100|[from] U-turn\n|-fieldstart|move: Grassy Terrain|[from] ability: Grassy Surge|[of] p2a: Rillaboom\n|move|p1a: Alomomola|Flip Turn|p2a: Rillaboom\n|-resisted|p2a: Rillaboom\n|-damage|p2a: Rillaboom|92\/100\n|\n|t:|1699767101\n|switch|p1a: Corviknight|Corviknight, M|100\/100|[from] Flip Turn\n|-ability|p1a: Corviknight|Pressure\n|\n|-heal|p2a: Rillaboom|98\/100|[from] Grassy Terrain\n|upkeep\n|turn|2\n|\n|t:|1699767110\n|move|p2a: Rillaboom|Knock Off|p1a: Corviknight\n|-damage|p1a: Corviknight|70\/100\n|-enditem|p1a: Corviknight|Leftovers|[from] move: Knock Off|[of] p2a: Rillaboom\n|move|p1a: Corviknight|U-turn|p2a: Rillaboom\n|-supereffective|p2a: Rillaboom\n|-damage|p2a: Rillaboom|68\/100\n|\n|t:|1699767119\n|switch|p1a: Weavile|Weavile, F|100\/100|[from] U-turn\n|-ability|p1a: Weavile|Pressure\n|\n|-heal|p2a: Rillaboom|74\/100|[from] Grassy Terrain\n|upkeep\n|turn|3\n|inactive|ppev has 90 seconds left.\n|\n|t:|1699767148\n|switch|p1a: Corviknight|Corviknight, M|70\/100\n|-ability|p1a: Corviknight|Pressure\n|switch|p2a: Cinderace|Cinderace, M|100\/100\n|\n|upkeep\n|turn|4\n|\n|t:|1699767156\n|switch|p1a: Alomomola|Alomomola, F|100\/100\n|move|p2a: Cinderace|Will-O-Wisp|p1a: Alomomola\n|-status|p1a: Alomomola|brn\n|\n|-damage|p1a: Alomomola|94\/100 brn|[from] brn\n|upkeep\n|turn|5\n|\n|t:|1699767165\n|move|p2a: Cinderace|U-turn|p1a: Alomomola\n|-damage|p1a: Alomomola|84\/100 brn\n|\n|t:|1699767177\n|switch|p2a: Great Tusk|Great Tusk|100\/100|[from] U-turn\n|move|p1a: Alomomola|Flip Turn|p2a: Great Tusk\n|-supereffective|p2a: Great Tusk\n|-damage|p2a: Great Tusk|89\/100\n|-damage|p1a: Alomomola|67\/100 brn|[from] item: Rocky Helmet|[of] p2a: Great Tusk\n|\n|t:|1699767184\n|switch|p1a: Corviknight|Corviknight, M|70\/100|[from] Flip Turn\n|-ability|p1a: Corviknight|Pressure\n|\n|-heal|p2a: Great Tusk|96\/100|[from] Grassy Terrain\n|-fieldend|move: Grassy Terrain\n|upkeep\n|turn|6\n|inactive|ppev has 90 seconds left.\n|\n|t:|1699767199\n|move|p2a: Great Tusk|Stealth Rock|p1a: Corviknight\n|-sidestart|p1: Shaymin423|move: Stealth Rock\n|move|p1a: Corviknight|U-turn|p2a: Great Tusk\n|-resisted|p2a: Great Tusk\n|-damage|p2a: Great Tusk|91\/100\n|-damage|p1a: Corviknight|54\/100|[from] item: Rocky Helmet|[of] p2a: Great Tusk\n|\n|t:|1699767202\n|switch|p1a: Hatterene|Hatterene, F|100\/100|[from] U-turn\n|-damage|p1a: Hatterene|88\/100|[from] Stealth Rock\n|\n|-heal|p1a: Hatterene|94\/100|[from] item: Leftovers\n|upkeep\n|turn|7\n|inactive|ppev has 90 seconds left.\n|\n|t:|1699767218\n|-end|p2a: Great Tusk|Protosynthesis|[silent]\n|switch|p2a: Cinderace|Cinderace, M|100\/100\n|move|p1a: Hatterene|Calm Mind|p1a: Hatterene\n|-boost|p1a: Hatterene|spa|1\n|-boost|p1a: Hatterene|spd|1\n|\n|-heal|p1a: Hatterene|99\/100|[from] item: Leftovers\n|upkeep\n|turn|8\n|\n|t:|1699767225\n|move|p2a: Cinderace|Pyro Ball|p1a: Hatterene|[miss]\n|-miss|p2a: Cinderace|p1a: Hatterene\n|move|p1a: Hatterene|Psyshock|p2a: Cinderace\n|-damage|p2a: Cinderace|33\/100\n|\n|-heal|p1a: Hatterene|100\/100|[from] item: Leftovers\n|upkeep\n|turn|9\n|\n|t:|1699767236\n|move|p2a: Cinderace|Pyro Ball|p1a: Hatterene\n|-damage|p1a: Hatterene|39\/100\n|move|p1a: Hatterene|Psyshock|p2a: Cinderace\n|-damage|p2a: Cinderace|0 fnt\n|faint|p2a: Cinderace\n|\n|-heal|p1a: Hatterene|45\/100|[from] item: Leftovers\n|upkeep\n|\n|t:|1699767242\n|switch|p2a: Ogerpon|Ogerpon-Cornerstone, F|100\/100\n|turn|10\n|\n|t:|1699767251\n|switch|p1a: Corviknight|Corviknight, M|54\/100\n|-damage|p1a: Corviknight|42\/100|[from] Stealth Rock\n|-ability|p1a: Corviknight|Pressure\n|move|p2a: Ogerpon|Power Whip|p1a: Corviknight\n|-resisted|p1a: Corviknight\n|-damage|p1a: Corviknight|31\/100\n|\n|upkeep\n|turn|11\n|\n|t:|1699767257\n|move|p2a: Ogerpon|Swords Dance|p2a: Ogerpon\n|-boost|p2a: Ogerpon|atk|2\n|move|p1a: Corviknight|Roost|p1a: Corviknight\n|-heal|p1a: Corviknight|81\/100\n|-singleturn|p1a: Corviknight|move: Roost\n|\n|upkeep\n|turn|12\n|\n|t:|1699767263\n|-terastallize|p2a: Ogerpon|Rock\n|detailschange|p2a: Ogerpon|Ogerpon-Cornerstone-Tera, F, tera:Rock\n|-ability|p2a: Ogerpon|Embody Aspect (Cornerstone)|boost\n|-boost|p2a: Ogerpon|def|1\n|move|p2a: Ogerpon|Ivy Cudgel|p1a: Corviknight\n|-damage|p1a: Corviknight|0 fnt\n|faint|p1a: Corviknight\n|\n|upkeep\n|\n|t:|1699767274\n|switch|p1a: Dragonite|Dragonite, F|100\/100\n|turn|13\n|\n|t:|1699767278\n|-terastallize|p1a: Dragonite|Normal\n|move|p2a: Ogerpon|Ivy Cudgel|p1a: Dragonite\n|-crit|p1a: Dragonite\n|-damage|p1a: Dragonite|0 fnt\n|faint|p1a: Dragonite\n|\n|upkeep\n|-message|Shaymin423 forfeited.\n|\n|win|ppev\n|raw|Shaymin423's rating: 1335 &rarr; <strong>1322<\/strong><br \/>(-13 for losing)\n|raw|ppev's rating: 1453 &rarr; <strong>1466<\/strong><br \/>(+13 for winning)\n|l|\u2606Shaymin423\n","uploadtime":1699767286,"views":10,"p1id":"shaymin423","p2id":"ppev","formatid":"gen9ou","rating":1322,"private":0,"password":""}