{"id":"gen9ou-1989633051","p1":"Torkhar","p2":"HotSauce619","format":"[Gen 9] OU","log":"|j|\u2606Torkhar\n|j|\u2606HotSauce619\n|t:|1699881282\n|gametype|singles\n|player|p1|Torkhar|170|1219\n|player|p2|HotSauce619|266|1293\n|teamsize|p1|6\n|teamsize|p2|6\n|gen|9\n|tier|[Gen 9] OU\n|rated|\n|rule|Sleep Clause Mod: Limit one foe put to sleep\n|rule|Species Clause: Limit one of each Pok\u00e9mon\n|rule|OHKO Clause: OHKO moves are banned\n|rule|Evasion Items Clause: Evasion items are banned\n|rule|Evasion Moves Clause: Evasion moves are banned\n|rule|Endless Battle Clause: Forcing endless battles is banned\n|rule|HP Percentage Mod: HP is shown in percentages\n|clearpoke\n|poke|p1|Zapdos|\n|poke|p1|Kingambit, M|\n|poke|p1|Iron Moth|\n|poke|p1|Slowking-Galar, F|\n|poke|p1|Great Tusk|\n|poke|p1|Dragapult, M|\n|poke|p2|Samurott-Hisui, M|\n|poke|p2|Gholdengo|\n|poke|p2|Ting-Lu|\n|poke|p2|Hatterene, F|\n|poke|p2|Breloom, M|\n|poke|p2|Dragonite, M|\n|teampreview\n|inactive|Battle timer is ON: inactive players will automatically lose when time's up. (requested by HotSauce619)\n|\n|t:|1699881289\n|start\n|switch|p1a: Dragapult|Dragapult, M, shiny|100\/100\n|switch|p2a: Ting-Lu|Ting-Lu|100\/100\n|-ability|p2a: Ting-Lu|Vessel of Ruin\n|turn|1\n|\n|t:|1699881299\n|move|p1a: Dragapult|U-turn|p2a: Ting-Lu\n|-supereffective|p2a: Ting-Lu\n|-damage|p2a: Ting-Lu|81\/100\n|\n|t:|1699881313\n|switch|p1a: Great Tusk|Great Tusk|100\/100|[from] U-turn\n|move|p2a: Ting-Lu|Stealth Rock|p1a: Great Tusk\n|-sidestart|p1: Torkhar|move: Stealth Rock\n|\n|-heal|p2a: Ting-Lu|88\/100|[from] item: Leftovers\n|upkeep\n|turn|2\n|\n|t:|1699881326\n|switch|p2a: Breloom|Breloom, M, shiny|100\/100\n|move|p1a: Great Tusk|Knock Off|p2a: Breloom\n|-resisted|p2a: Breloom\n|-damage|p2a: Breloom|77\/100\n|-enditem|p2a: Breloom|Choice Band|[from] move: Knock Off|[of] p1a: Great Tusk\n|\n|upkeep\n|turn|3\n|\n|t:|1699881341\n|move|p2a: Breloom|Bullet Seed|p1a: Great Tusk\n|-supereffective|p1a: Great Tusk\n|-damage|p1a: Great Tusk|79\/100\n|-supereffective|p1a: Great Tusk\n|-damage|p1a: Great Tusk|59\/100\n|-supereffective|p1a: Great Tusk\n|-damage|p1a: Great Tusk|40\/100\n|-supereffective|p1a: Great Tusk\n|-damage|p1a: Great Tusk|22\/100\n|-supereffective|p1a: Great Tusk\n|-damage|p1a: Great Tusk|1\/100\n|-hitcount|p1a: Great Tusk|5\n|move|p1a: Great Tusk|Rapid Spin|p2a: Breloom\n|-damage|p2a: Breloom|52\/100\n|-boost|p1a: Great Tusk|spe|1\n|-sideend|p1: Torkhar|Stealth Rock|[from] move: Rapid Spin|[of] p1a: Great Tusk\n|\n|-heal|p1a: Great Tusk|7\/100|[from] item: Leftovers\n|upkeep\n|turn|4\n|\n|t:|1699881358\n|-end|p1a: Great Tusk|Protosynthesis|[silent]\n|switch|p1a: Zapdos|Zapdos, shiny|100\/100\n|move|p2a: Breloom|Mach Punch|p1a: Zapdos\n|-resisted|p1a: Zapdos\n|-damage|p1a: Zapdos|81\/100\n|\n|upkeep\n|turn|5\n|\n|t:|1699881367\n|move|p1a: Zapdos|Hurricane|p2a: Breloom|[miss]\n|-miss|p1a: Zapdos|p2a: Breloom\n|move|p2a: Breloom|Rock Tomb|p1a: Zapdos\n|-supereffective|p1a: Zapdos\n|-damage|p1a: Zapdos|1\/100\n|-unboost|p1a: Zapdos|spe|1\n|\n|upkeep\n|turn|6\n|\n|t:|1699881377\n|switch|p1a: Dragapult|Dragapult, M, shiny|100\/100\n|move|p2a: Breloom|Mach Punch|p1a: Dragapult\n|-immune|p1a: Dragapult\n|\n|upkeep\n|turn|7\n|\n|t:|1699881386\n|switch|p2a: Ting-Lu|Ting-Lu|88\/100\n|-ability|p2a: Ting-Lu|Vessel of Ruin\n|move|p1a: Dragapult|Will-O-Wisp|p2a: Ting-Lu\n|-status|p2a: Ting-Lu|brn\n|\n|-heal|p2a: Ting-Lu|94\/100 brn|[from] item: Leftovers\n|-damage|p2a: Ting-Lu|88\/100 brn|[from] brn\n|upkeep\n|turn|8\n|\n|t:|1699881396\n|move|p1a: Dragapult|U-turn|p2a: Ting-Lu\n|-supereffective|p2a: Ting-Lu\n|-crit|p2a: Ting-Lu\n|-damage|p2a: Ting-Lu|61\/100 brn\n|\n|t:|1699881401\n|switch|p1a: Slowking|Slowking-Galar, F|100\/100|[from] U-turn\n|move|p2a: Ting-Lu|Stealth Rock|p1a: Slowking\n|-sidestart|p1: Torkhar|move: Stealth Rock\n|\n|-heal|p2a: Ting-Lu|67\/100 brn|[from] item: Leftovers\n|-damage|p2a: Ting-Lu|61\/100 brn|[from] brn\n|upkeep\n|turn|9\n|\n|t:|1699881411\n|move|p2a: Ting-Lu|Ruination|p1a: Slowking|[miss]\n|-miss|p2a: Ting-Lu|p1a: Slowking\n|move|p1a: Slowking|Sludge Bomb|p2a: Ting-Lu\n|-resisted|p2a: Ting-Lu\n|-damage|p2a: Ting-Lu|54\/100 brn\n|\n|-heal|p2a: Ting-Lu|60\/100 brn|[from] item: Leftovers\n|-damage|p2a: Ting-Lu|54\/100 brn|[from] brn\n|upkeep\n|turn|10\n|\n|t:|1699881421\n|move|p2a: Ting-Lu|Ruination|p1a: Slowking\n|-damage|p1a: Slowking|50\/100\n|move|p1a: Slowking|Chilly Reception|p1a: Slowking\n|-weather|Snow\n|\n|t:|1699881434\n|switch|p1a: Iron Moth|Iron Moth|100\/100|[from] Chilly Reception\n|-damage|p1a: Iron Moth|76\/100|[from] Stealth Rock\n|-enditem|p1a: Iron Moth|Booster Energy\n|-activate|p1a: Iron Moth|ability: Quark Drive|[fromitem]\n|-start|p1a: Iron Moth|quarkdrivespe\n|\n|-weather|Snow|[upkeep]\n|-heal|p2a: Ting-Lu|60\/100 brn|[from] item: Leftovers\n|-damage|p2a: Ting-Lu|54\/100 brn|[from] brn\n|upkeep\n|turn|11\n|\n|t:|1699881447\n|move|p1a: Iron Moth|Dazzling Gleam|p2a: Ting-Lu\n|-supereffective|p2a: Ting-Lu\n|-damage|p2a: Ting-Lu|31\/100 brn\n|move|p2a: Ting-Lu|Earthquake|p1a: Iron Moth\n|-supereffective|p1a: Iron Moth\n|-damage|p1a: Iron Moth|0 fnt\n|faint|p1a: Iron Moth\n|-end|p1a: Iron Moth|Quark Drive|[silent]\n|\n|-weather|Snow|[upkeep]\n|-heal|p2a: Ting-Lu|38\/100 brn|[from] item: Leftovers\n|-damage|p2a: Ting-Lu|31\/100 brn|[from] brn\n|upkeep\n|\n|t:|1699881462\n|switch|p1a: Kingambit|Kingambit, M|100\/100\n|-damage|p1a: Kingambit|94\/100|[from] Stealth Rock\n|-activate|p1a: Kingambit|ability: Supreme Overlord\n|-start|p1a: Kingambit|fallen1|[silent]\n|turn|12\n|\n|t:|1699881488\n|-terastallize|p1a: Kingambit|Fairy\n|move|p1a: Kingambit|Tera Blast|p2a: Ting-Lu|[anim] Tera Blast Fairy\n|-supereffective|p2a: Ting-Lu\n|-damage|p2a: Ting-Lu|0 fnt\n|faint|p2a: Ting-Lu\n|\n|-weather|Snow|[upkeep]\n|-heal|p1a: Kingambit|100\/100|[from] item: Leftovers\n|upkeep\n|\n|t:|1699881496\n|switch|p2a: Gholdengo|Gholdengo|100\/100\n|turn|13\n|\n|t:|1699881504\n|-end|p1a: Kingambit|fallen1|[silent]\n|switch|p1a: Slowking|Slowking-Galar, F|84\/100\n|-terastallize|p2a: Gholdengo|Fairy\n|move|p2a: Gholdengo|Thunder Wave|p1a: Slowking\n|-status|p1a: Slowking|par\n|\n|-weather|Snow|[upkeep]\n|upkeep\n|turn|14\n|\n|t:|1699881513\n|move|p2a: Gholdengo|Shadow Ball|p1a: Slowking\n|-supereffective|p1a: Slowking\n|-damage|p1a: Slowking|32\/100 par\n|cant|p1a: Slowking|par\n|\n|-weather|none\n|upkeep\n|turn|15\n|\n|t:|1699881525\n|switch|p1a: Great Tusk|Great Tusk|7\/100\n|-damage|p1a: Great Tusk|4\/100|[from] Stealth Rock\n|move|p2a: Gholdengo|Shadow Ball|p1a: Great Tusk\n|-damage|p1a: Great Tusk|0 fnt\n|faint|p1a: Great Tusk\n|-end|p1a: Great Tusk|Protosynthesis|[silent]\n|\n|upkeep\n|\n|t:|1699881540\n|switch|p1a: Zapdos|Zapdos, shiny|1\/100\n|turn|16\n|\n|t:|1699881547\n|move|p1a: Zapdos|Roost|p1a: Zapdos\n|-heal|p1a: Zapdos|51\/100\n|-singleturn|p1a: Zapdos|move: Roost\n|move|p2a: Gholdengo|Shadow Ball|p1a: Zapdos\n|-damage|p1a: Zapdos|11\/100\n|\n|upkeep\n|turn|17\n|\n|t:|1699881554\n|move|p1a: Zapdos|Roost|p1a: Zapdos\n|-heal|p1a: Zapdos|61\/100\n|-singleturn|p1a: Zapdos|move: Roost\n|move|p2a: Gholdengo|Shadow Ball|p1a: Zapdos\n|-damage|p1a: Zapdos|17\/100\n|\n|upkeep\n|turn|18\n|\n|t:|1699881561\n|move|p1a: Zapdos|Roost|p1a: Zapdos\n|-heal|p1a: Zapdos|67\/100\n|-singleturn|p1a: Zapdos|move: Roost\n|move|p2a: Gholdengo|Shadow Ball|p1a: Zapdos\n|-damage|p1a: Zapdos|29\/100\n|\n|upkeep\n|turn|19\n|\n|t:|1699881575\n|move|p1a: Zapdos|Thunderbolt|p2a: Gholdengo\n|-damage|p2a: Gholdengo|59\/100\n|move|p2a: Gholdengo|Shadow Ball|p1a: Zapdos\n|-damage|p1a: Zapdos|0 fnt\n|faint|p1a: Zapdos\n|\n|-heal|p2a: Gholdengo|65\/100|[from] item: Leftovers\n|upkeep\n|\n|t:|1699881587\n|switch|p1a: Slowking|Slowking-Galar, F|65\/100 par\n|turn|20\n|\n|t:|1699881590\n|move|p2a: Gholdengo|Shadow Ball|p1a: Slowking\n|-supereffective|p1a: Slowking\n|-damage|p1a: Slowking|7\/100 par\n|move|p1a: Slowking|Sludge Bomb|p2a: Gholdengo\n|-supereffective|p2a: Gholdengo\n|-damage|p2a: Gholdengo|3\/100\n|\n|-heal|p2a: Gholdengo|9\/100|[from] item: Leftovers\n|upkeep\n|turn|21\n|\n|t:|1699881601\n|switch|p1a: Kingambit|Kingambit, M, tera:Fairy|100\/100\n|-damage|p1a: Kingambit|88\/100|[from] Stealth Rock\n|-activate|p1a: Kingambit|ability: Supreme Overlord\n|-start|p1a: Kingambit|fallen3|[silent]\n|move|p2a: Gholdengo|Shadow Ball|p1a: Kingambit\n|-damage|p1a: Kingambit|53\/100\n|\n|-heal|p2a: Gholdengo|16\/100|[from] item: Leftovers\n|-heal|p1a: Kingambit|60\/100|[from] item: Leftovers\n|upkeep\n|turn|22\n|\n|t:|1699881612\n|move|p2a: Gholdengo|Thunder Wave|p1a: Kingambit\n|-status|p1a: Kingambit|par\n|move|p1a: Kingambit|Tera Blast|p2a: Gholdengo|[anim] Tera Blast Fairy\n|-damage|p2a: Gholdengo|0 fnt\n|faint|p2a: Gholdengo\n|\n|-heal|p1a: Kingambit|66\/100 par|[from] item: Leftovers\n|upkeep\n|\n|t:|1699881621\n|switch|p2a: Hatterene|Hatterene, F, shiny|100\/100\n|turn|23\n|\n|t:|1699881627\n|move|p2a: Hatterene|Calm Mind|p2a: Hatterene\n|-boost|p2a: Hatterene|spa|1\n|-boost|p2a: Hatterene|spd|1\n|move|p1a: Kingambit|Tera Blast|p2a: Hatterene|[anim] Tera Blast Fairy\n|-damage|p2a: Hatterene|52\/100\n|\n|-heal|p2a: Hatterene|58\/100|[from] item: Leftovers\n|-heal|p1a: Kingambit|72\/100 par|[from] item: Leftovers\n|upkeep\n|turn|24\n|\n|t:|1699881640\n|move|p2a: Hatterene|Mystical Fire|p1a: Kingambit\n|-damage|p1a: Kingambit|40\/100 par\n|-unboost|p1a: Kingambit|spa|1\n|move|p1a: Kingambit|Tera Blast|p2a: Hatterene|[anim] Tera Blast Fairy\n|-damage|p2a: Hatterene|9\/100\n|\n|-heal|p2a: Hatterene|15\/100|[from] item: Leftovers\n|-heal|p1a: Kingambit|47\/100 par|[from] item: Leftovers\n|upkeep\n|turn|25\n|\n|t:|1699881649\n|move|p1a: Kingambit|Sucker Punch|p2a: Hatterene\n|-damage|p2a: Hatterene|0 fnt\n|faint|p2a: Hatterene\n|\n|-heal|p1a: Kingambit|53\/100 par|[from] item: Leftovers\n|upkeep\n|\n|t:|1699881653\n|switch|p2a: Breloom|Breloom, M, shiny|52\/100\n|turn|26\n|\n|t:|1699881659\n|-end|p1a: Kingambit|fallen3|[silent]\n|switch|p1a: Slowking|Slowking-Galar, F|40\/100 par\n|move|p2a: Breloom|Bullet Seed|p1a: Slowking\n|-resisted|p1a: Slowking\n|-damage|p1a: Slowking|32\/100 par\n|-resisted|p1a: Slowking\n|-damage|p1a: Slowking|25\/100 par\n|-resisted|p1a: Slowking\n|-damage|p1a: Slowking|17\/100 par\n|-hitcount|p1a: Slowking|3\n|\n|upkeep\n|turn|27\n|\n|t:|1699881672\n|move|p2a: Breloom|Rock Tomb|p1a: Slowking|[miss]\n|-miss|p2a: Breloom|p1a: Slowking\n|move|p1a: Slowking|Future Sight|p2a: Breloom\n|-start|p1a: Slowking|move: Future Sight\n|\n|upkeep\n|turn|28\n|\n|t:|1699881678\n|move|p2a: Breloom|Rock Tomb|p1a: Slowking\n|-damage|p1a: Slowking|0 fnt\n|faint|p1a: Slowking\n|\n|upkeep\n|\n|t:|1699881683\n|switch|p1a: Dragapult|Dragapult, M, shiny|100\/100\n|turn|29\n|\n|t:|1699881691\n|switch|p2a: Samurott|Samurott-Hisui, M|100\/100\n|move|p1a: Dragapult|Draco Meteor|p2a: Samurott\n|-damage|p2a: Samurott|49\/100\n|-unboost|p1a: Dragapult|spa|2\n|\n|-end|p2a: Samurott|move: Future Sight\n|-immune|p2a: Samurott\n|upkeep\n|turn|30\n|\n|t:|1699881700\n|move|p2a: Samurott|Sucker Punch|p1a: Dragapult\n|-supereffective|p1a: Dragapult\n|-damage|p1a: Dragapult|9\/100\n|move|p1a: Dragapult|U-turn|p2a: Samurott\n|-supereffective|p2a: Samurott\n|-damage|p2a: Samurott|6\/100\n|\n|t:|1699881705\n|switch|p1a: Kingambit|Kingambit, M, tera:Fairy|53\/100 par|[from] U-turn\n|-damage|p1a: Kingambit|40\/100 par|[from] Stealth Rock\n|-activate|p1a: Kingambit|ability: Supreme Overlord\n|-start|p1a: Kingambit|fallen4|[silent]\n|\n|-heal|p1a: Kingambit|47\/100 par|[from] item: Leftovers\n|upkeep\n|turn|31\n|\n|t:|1699881713\n|move|p1a: Kingambit|Sucker Punch|p2a: Samurott\n|-resisted|p2a: Samurott\n|-damage|p2a: Samurott|0 fnt\n|faint|p2a: Samurott\n|\n|-heal|p1a: Kingambit|53\/100 par|[from] item: Leftovers\n|upkeep\n|\n|t:|1699881716\n|switch|p2a: Dragonite|Dragonite, M, shiny|100\/100\n|turn|32\n|\n|t:|1699881722\n|move|p2a: Dragonite|Earthquake|p1a: Kingambit\n|-damage|p1a: Kingambit|24\/100 par\n|cant|p1a: Kingambit|par\n|\n|-heal|p1a: Kingambit|30\/100 par|[from] item: Leftovers\n|upkeep\n|turn|33\n|\n|t:|1699881728\n|move|p2a: Dragonite|Earthquake|p1a: Kingambit\n|-damage|p1a: Kingambit|0 fnt\n|faint|p1a: Kingambit\n|-end|p1a: Kingambit|fallen4|[silent]\n|\n|upkeep\n|\n|t:|1699881733\n|switch|p1a: Dragapult|Dragapult, M, shiny|9\/100\n|turn|34\n|\n|t:|1699881736\n|move|p1a: Dragapult|Draco Meteor|p2a: Dragonite\n|-supereffective|p2a: Dragonite\n|-damage|p2a: Dragonite|42\/100\n|-unboost|p1a: Dragapult|spa|2\n|move|p2a: Dragonite|Ice Spinner|p1a: Dragapult\n|-supereffective|p1a: Dragapult\n|-damage|p1a: Dragapult|0 fnt\n|faint|p1a: Dragapult\n|\n|win|HotSauce619\n|raw|Torkhar's rating: 1219 &rarr; <strong>1199<\/strong><br \/>(-20 for losing)\n|raw|HotSauce619's rating: 1293 &rarr; <strong>1313<\/strong><br \/>(+20 for winning)\n|l|\u2606Torkhar\n","uploadtime":1699881816,"views":18,"p1id":"torkhar","p2id":"hotsauce619","formatid":"gen9ou","rating":1199,"private":0,"password":""}