{"id":"gen9ou-1999366677","p1":"Julymornings","p2":"laosai","format":"[Gen 9] OU","log":"|j|\u2606Julymornings\n|j|\u203dlaosai\n|t:|1701067820\n|gametype|singles\n|player|p1|Julymornings|266|1482\n|player|p2|laosai|bellelba|1609\n|teamsize|p1|6\n|teamsize|p2|6\n|gen|9\n|tier|[Gen 9] OU\n|rated|\n|rule|Sleep Clause Mod: Limit one foe put to sleep\n|rule|Species Clause: Limit one of each Pok\u00e9mon\n|rule|OHKO Clause: OHKO moves are banned\n|rule|Evasion Items Clause: Evasion items are banned\n|rule|Evasion Moves Clause: Evasion moves are banned\n|rule|Endless Battle Clause: Forcing endless battles is banned\n|rule|HP Percentage Mod: HP is shown in percentages\n|clearpoke\n|poke|p1|Weavile, M|\n|poke|p1|Samurott-Hisui, F|\n|poke|p1|Slowking-Galar, M|\n|poke|p1|Zapdos|\n|poke|p1|Clefable, F|\n|poke|p1|Garchomp, F|\n|poke|p2|Tatsugiri-Droopy, M|\n|poke|p2|Alomomola, M|\n|poke|p2|Iron Valiant|\n|poke|p2|Landorus-Therian, M|\n|poke|p2|Dragapult, F|\n|poke|p2|Slowking-Galar, M|\n|teampreview\n|\n|t:|1701067832\n|start\n|switch|p1a: Clefable|Clefable, F|100\/100\n|switch|p2a: Dragapult|Dragapult, F|100\/100\n|turn|1\n|\n|t:|1701067839\n|move|p2a: Dragapult|Thunder Wave|p1a: Clefable\n|-status|p1a: Clefable|par\n|move|p1a: Clefable|Knock Off|p2a: Dragapult\n|-supereffective|p2a: Dragapult\n|-damage|p2a: Dragapult|60\/100\n|-enditem|p2a: Dragapult|Leftovers|[from] move: Knock Off|[of] p1a: Clefable\n|\n|upkeep\n|turn|2\n|\n|t:|1701067847\n|move|p2a: Dragapult|U-turn|p1a: Clefable\n|-resisted|p1a: Clefable\n|-damage|p1a: Clefable|94\/100 par\n|\n|t:|1701067849\n|switch|p2a: Slowking|Slowking-Galar, M|100\/100|[from] U-turn\n|move|p1a: Clefable|Moonblast|p2a: Slowking\n|-resisted|p2a: Slowking\n|-damage|p2a: Slowking|94\/100\n|\n|-heal|p1a: Clefable|100\/100 par|[from] item: Leftovers\n|upkeep\n|turn|3\n|\n|t:|1701067860\n|switch|p1a: Slowking|Slowking-Galar, M|100\/100\n|move|p2a: Slowking|Sludge Bomb|p1a: Slowking\n|-resisted|p1a: Slowking\n|-damage|p1a: Slowking|85\/100\n|\n|upkeep\n|turn|4\n|\n|t:|1701067866\n|move|p2a: Slowking|Future Sight|p1a: Slowking\n|-start|p2a: Slowking|move: Future Sight\n|move|p1a: Slowking|Future Sight|p2a: Slowking\n|-start|p1a: Slowking|move: Future Sight\n|\n|upkeep\n|turn|5\n|inactive|Battle timer is ON: inactive players will automatically lose when time's up. (requested by laosai)\n|\n|t:|1701067875\n|move|p2a: Slowking|Psyshock|p1a: Slowking\n|-damage|p1a: Slowking|51\/100\n|move|p1a: Slowking|Sludge Bomb|p2a: Slowking\n|-resisted|p2a: Slowking\n|-damage|p2a: Slowking|85\/100\n|\n|upkeep\n|turn|6\n|\n|t:|1701067879\n|move|p2a: Slowking|Sludge Bomb|p1a: Slowking\n|-resisted|p1a: Slowking\n|-damage|p1a: Slowking|36\/100\n|move|p1a: Slowking|Chilly Reception|p1a: Slowking\n|-weather|Snow\n|\n|t:|1701067883\n|switch|p1a: Samurott|Samurott-Hisui, F|100\/100|[from] Chilly Reception\n|\n|-weather|Snow|[upkeep]\n|-end|p2a: Slowking|move: Future Sight\n|-damage|p2a: Slowking|59\/100\n|-end|p1a: Samurott|move: Future Sight\n|-immune|p1a: Samurott\n|upkeep\n|turn|7\n|\n|t:|1701067892\n|switch|p2a: Alomomola|Alomomola, M|100\/100\n|move|p1a: Samurott|Ceaseless Edge|p2a: Alomomola\n|-damage|p2a: Alomomola|75\/100\n|-sidestart|p2: laosai|Spikes\n|-enditem|p2a: Alomomola|Red Card|[of] p1a: Samurott\n|drag|p1a: Slowking|Slowking-Galar, M|70\/100\n|\n|-weather|Snow|[upkeep]\n|upkeep\n|turn|8\n|\n|t:|1701067902\n|move|p2a: Alomomola|Scald|p1a: Slowking\n|-damage|p1a: Slowking|60\/100\n|move|p1a: Slowking|Sludge Bomb|p2a: Alomomola\n|-damage|p2a: Alomomola|31\/100\n|\n|-weather|Snow|[upkeep]\n|upkeep\n|turn|9\n|\n|t:|1701067910\n|move|p2a: Alomomola|Flip Turn|p1a: Slowking\n|-damage|p1a: Slowking|42\/100\n|\n|t:|1701067912\n|switch|p2a: Dragapult|Dragapult, F|60\/100|[from] Flip Turn\n|-damage|p2a: Dragapult|48\/100|[from] Spikes\n|move|p1a: Slowking|Sludge Bomb|p2a: Dragapult\n|-resisted|p2a: Dragapult\n|-damage|p2a: Dragapult|20\/100\n|\n|-weather|Snow|[upkeep]\n|upkeep\n|turn|10\n|\n|t:|1701067917\n|switch|p1a: Clefable|Clefable, F|100\/100 par\n|move|p2a: Dragapult|Hex|p1a: Clefable\n|-crit|p1a: Clefable\n|-damage|p1a: Clefable|30\/100 par\n|\n|-weather|none\n|-heal|p1a: Clefable|36\/100 par|[from] item: Leftovers\n|upkeep\n|turn|11\n|\n|t:|1701067928\n|move|p2a: Dragapult|Hex|p1a: Clefable\n|-damage|p1a: Clefable|0 fnt\n|faint|p1a: Clefable\n|\n|upkeep\n|\n|t:|1701067932\n|switch|p1a: Weavile|Weavile, M|100\/100\n|turn|12\n|\n|t:|1701067947\n|move|p1a: Weavile|Ice Shard|p2a: Dragapult\n|-supereffective|p2a: Dragapult\n|-damage|p2a: Dragapult|0 fnt\n|faint|p2a: Dragapult\n|\n|upkeep\n|\n|t:|1701067952\n|switch|p2a: Alomomola|Alomomola, M|64\/100\n|-damage|p2a: Alomomola|51\/100|[from] Spikes\n|turn|13\n|\n|t:|1701067975\n|switch|p1a: Slowking|Slowking-Galar, M|75\/100\n|move|p2a: Alomomola|Wish|p2a: Alomomola\n|\n|upkeep\n|turn|14\n|\n|t:|1701067980\n|move|p2a: Alomomola|Scald|p1a: Slowking\n|-damage|p1a: Slowking|65\/100\n|move|p1a: Slowking|Future Sight|p2a: Alomomola\n|-start|p1a: Slowking|move: Future Sight\n|\n|-heal|p2a: Alomomola|100\/100|[from] move: Wish|[wisher] Alomomola\n|upkeep\n|turn|15\n|\n|t:|1701067987\n|move|p2a: Alomomola|Flip Turn|p1a: Slowking\n|-damage|p1a: Slowking|46\/100\n|\n|t:|1701067991\n|switch|p2a: Landorus|Landorus-Therian, M|100\/100|[from] Flip Turn\n|-ability|p2a: Landorus|Intimidate|boost\n|-unboost|p1a: Slowking|atk|1\n|move|p1a: Slowking|Chilly Reception|p1a: Slowking\n|-weather|Snow\n|\n|t:|1701068004\n|switch|p1a: Weavile|Weavile, M|100\/100|[from] Chilly Reception\n|\n|-weather|Snow|[upkeep]\n|upkeep\n|turn|16\n|\n|t:|1701068011\n|switch|p2a: Alomomola|Alomomola, M|100\/100\n|-damage|p2a: Alomomola|88\/100|[from] Spikes\n|move|p1a: Weavile|Icicle Crash|p2a: Alomomola\n|-resisted|p2a: Alomomola\n|-damage|p2a: Alomomola|76\/100\n|\n|-weather|Snow|[upkeep]\n|-end|p2a: Alomomola|move: Future Sight\n|-crit|p2a: Alomomola\n|-damage|p2a: Alomomola|0 fnt\n|faint|p2a: Alomomola\n|upkeep\n|\n|t:|1701068025\n|switch|p2a: Iron Valiant|Iron Valiant|100\/100\n|-damage|p2a: Iron Valiant|88\/100|[from] Spikes\n|-enditem|p2a: Iron Valiant|Booster Energy\n|-activate|p2a: Iron Valiant|ability: Quark Drive|[fromitem]\n|-start|p2a: Iron Valiant|quarkdrivespe\n|turn|17\n|\n|t:|1701068033\n|switch|p1a: Slowking|Slowking-Galar, M|80\/100\n|move|p2a: Iron Valiant|Swords Dance|p2a: Iron Valiant\n|-boost|p2a: Iron Valiant|atk|2\n|\n|-weather|Snow|[upkeep]\n|upkeep\n|turn|18\n|\n|t:|1701068041\n|move|p2a: Iron Valiant|Knock Off|p1a: Slowking\n|-supereffective|p1a: Slowking\n|-damage|p1a: Slowking|0 fnt\n|-enditem|p1a: Slowking|Heavy-Duty Boots|[from] move: Knock Off|[of] p2a: Iron Valiant\n|faint|p1a: Slowking\n|\n|-weather|Snow|[upkeep]\n|upkeep\n|\n|t:|1701068048\n|switch|p1a: Garchomp|Garchomp, F|100\/100\n|turn|19\n|\n|t:|1701068052\n|move|p2a: Iron Valiant|Ice Punch|p1a: Garchomp\n|-supereffective|p1a: Garchomp\n|-damage|p1a: Garchomp|0 fnt\n|-damage|p2a: Iron Valiant|76\/100|[from] ability: Rough Skin|[of] p1a: Garchomp\n|-damage|p2a: Iron Valiant|59\/100|[from] item: Rocky Helmet|[of] p1a: Garchomp\n|faint|p1a: Garchomp\n|\n|-weather|none\n|upkeep\n|\n|t:|1701068079\n|switch|p1a: Samurott|Samurott-Hisui, F|100\/100\n|turn|20\n|\n|t:|1701068092\n|-terastallize|p1a: Samurott|Ghost\n|move|p2a: Iron Valiant|Close Combat|p1a: Samurott\n|-immune|p1a: Samurott\n|move|p1a: Samurott|Flip Turn|p2a: Iron Valiant\n|-damage|p2a: Iron Valiant|27\/100\n|\n|t:|1701068101\n|switch|p1a: Weavile|Weavile, M|100\/100|[from] Flip Turn\n|\n|upkeep\n|turn|21\n|\n|t:|1701068106\n|-terastallize|p2a: Iron Valiant|Steel\n|move|p1a: Weavile|Ice Shard|p2a: Iron Valiant\n|-resisted|p2a: Iron Valiant\n|-damage|p2a: Iron Valiant|14\/100\n|move|p2a: Iron Valiant|Close Combat|p1a: Weavile\n|-supereffective|p1a: Weavile\n|-damage|p1a: Weavile|0 fnt\n|-unboost|p2a: Iron Valiant|def|1\n|-unboost|p2a: Iron Valiant|spd|1\n|faint|p1a: Weavile\n|\n|upkeep\n|\n|t:|1701068115\n|switch|p1a: Samurott|Samurott-Hisui, F, tera:Ghost|100\/100\n|turn|22\n|\n|t:|1701068118\n|move|p1a: Samurott|Sucker Punch|p2a: Iron Valiant\n|-damage|p2a: Iron Valiant|0 fnt\n|faint|p2a: Iron Valiant\n|-end|p2a: Iron Valiant|Quark Drive|[silent]\n|\n|upkeep\n|\n|t:|1701068121\n|switch|p2a: Landorus|Landorus-Therian, M|100\/100\n|-ability|p2a: Landorus|Intimidate|boost\n|-unboost|p1a: Samurott|atk|1\n|turn|23\n|\n|t:|1701068128\n|move|p2a: Landorus|Stone Edge|p1a: Samurott\n|-damage|p1a: Samurott|52\/100\n|move|p1a: Samurott|Flip Turn|p2a: Landorus\n|-supereffective|p2a: Landorus\n|-damage|p2a: Landorus|60\/100\n|\n|t:|1701068134\n|switch|p1a: Zapdos|Zapdos|100\/100|[from] Flip Turn\n|\n|-heal|p2a: Landorus|67\/100|[from] item: Leftovers\n|upkeep\n|turn|24\n|\n|t:|1701068137\n|switch|p2a: Slowking|Slowking-Galar, M|92\/100\n|-damage|p2a: Slowking|80\/100|[from] Spikes\n|move|p1a: Zapdos|Hurricane|p2a: Slowking|[miss]\n|-miss|p1a: Zapdos|p2a: Slowking\n|\n|upkeep\n|turn|25\n|\n|t:|1701068141\n|move|p1a: Zapdos|U-turn|p2a: Slowking\n|-damage|p2a: Slowking|66\/100\n|\n|t:|1701068143\n|switch|p1a: Samurott|Samurott-Hisui, F, tera:Ghost|52\/100|[from] U-turn\n|move|p2a: Slowking|Future Sight|p1a: Samurott\n|-start|p2a: Slowking|move: Future Sight\n|\n|upkeep\n|turn|26\n|\n|t:|1701068149\n|switch|p2a: Tatsugiri|Tatsugiri-Droopy, M|100\/100\n|move|p1a: Samurott|Flip Turn|p2a: Tatsugiri\n|-ability|p2a: Tatsugiri|Storm Drain|boost\n|-boost|p2a: Tatsugiri|spa|1\n|\n|upkeep\n|turn|27\n|\n|t:|1701068156\n|move|p1a: Samurott|Ceaseless Edge|p2a: Tatsugiri\n|-damage|p2a: Tatsugiri|25\/100\n|-sidestart|p2: laosai|Spikes\n|move|p2a: Tatsugiri|Surf|p1a: Samurott\n|-damage|p1a: Samurott|0 fnt\n|faint|p1a: Samurott\n|\n|-hint|Future Sight did not hit because the target is fainted.\n|upkeep\n|\n|t:|1701068161\n|switch|p1a: Zapdos|Zapdos|100\/100\n|turn|28\n|\n|t:|1701068166\n|move|p1a: Zapdos|Thunderbolt|p2a: Tatsugiri\n|-damage|p2a: Tatsugiri|0 fnt\n|faint|p2a: Tatsugiri\n|\n|upkeep\n|\n|t:|1701068168\n|switch|p2a: Slowking|Slowking-Galar, M|99\/100\n|-damage|p2a: Slowking|83\/100|[from] Spikes\n|turn|29\n|\n|t:|1701068174\n|move|p1a: Zapdos|Hurricane|p2a: Slowking\n|-damage|p2a: Slowking|65\/100\n|move|p2a: Slowking|Sludge Bomb|p1a: Zapdos\n|-damage|p1a: Zapdos|63\/100\n|-status|p1a: Zapdos|psn\n|\n|-damage|p1a: Zapdos|50\/100 psn|[from] psn\n|upkeep\n|turn|30\n|-message|Julymornings forfeited.\n|\n|win|laosai\n|raw|Julymornings's rating: 1482 &rarr; <strong>1469<\/strong><br \/>(-13 for losing)\n|raw|laosai's rating: 1609 &rarr; <strong>1622<\/strong><br \/>(+13 for winning)\n|l|\u2606Julymornings\n","uploadtime":1701068185,"views":6,"p1id":"julymornings","p2id":"laosai","formatid":"gen9ou","rating":1469,"private":0,"password":""}