{"id":"gen9ou-1989335000","p1":"Petite Plume","p2":"Almighty Sa'","format":"[Gen 9] OU","log":"|j|\u2606Petite Plume\n|j|\u2606Almighty Sa'\n|t:|1699837672\n|gametype|singles\n|player|p1|Petite Plume|aaron|1566\n|player|p2|Almighty Sa'|morty-masters2|1567\n|teamsize|p1|6\n|teamsize|p2|6\n|gen|9\n|tier|[Gen 9] OU\n|rated|\n|rule|Sleep Clause Mod: Limit one foe put to sleep\n|rule|Species Clause: Limit one of each Pok\u00e9mon\n|rule|OHKO Clause: OHKO moves are banned\n|rule|Evasion Items Clause: Evasion items are banned\n|rule|Evasion Moves Clause: Evasion moves are banned\n|rule|Endless Battle Clause: Forcing endless battles is banned\n|rule|HP Percentage Mod: HP is shown in percentages\n|clearpoke\n|poke|p1|Torkoal, M|\n|poke|p1|Walking Wake|\n|poke|p1|Ceruledge, F|\n|poke|p1|Lilligant-Hisui, F|\n|poke|p1|Hatterene, F|\n|poke|p1|Kingambit, F|\n|poke|p2|Weavile, M|\n|poke|p2|Scizor, M|\n|poke|p2|Florges-White, F|\n|poke|p2|Chesnaught, M|\n|poke|p2|Haxorus, M|\n|poke|p2|Landorus-Therian, M|\n|teampreview\n|inactive|Battle timer is ON: inactive players will automatically lose when time's up. (requested by Almighty Sa')\n|\n|t:|1699837679\n|start\n|switch|p1a: Walking Wake|Walking Wake|100\/100\n|switch|p2a: Transponder Sneasl|Weavile, M|100\/100\n|-ability|p2a: Transponder Sneasl|Pressure\n|turn|1\n|\n|t:|1699837687\n|switch|p2a: St.J-Garcia Saturn|Florges-White, F, shiny|100\/100\n|move|p1a: Walking Wake|Flamethrower|p2a: St.J-Garcia Saturn\n|-damage|p2a: St.J-Garcia Saturn|81\/100\n|\n|upkeep\n|turn|2\n|\n|t:|1699837696\n|-end|p1a: Walking Wake|Protosynthesis|[silent]\n|switch|p1a: Ceruledge|Ceruledge, F|100\/100\n|move|p2a: St.J-Garcia Saturn|Chilling Water|p1a: Ceruledge\n|-supereffective|p1a: Ceruledge\n|-damage|p1a: Ceruledge|57\/100\n|-unboost|p1a: Ceruledge|atk|1\n|\n|upkeep\n|turn|3\n|\n|t:|1699837706\n|switch|p1a: Torkoal|Torkoal, M|100\/100\n|-weather|SunnyDay|[from] ability: Drought|[of] p1a: Torkoal\n|switch|p2a: Pirate Hunter|Landorus-Therian, M|100\/100\n|-ability|p2a: Pirate Hunter|Intimidate|boost\n|-unboost|p1a: Torkoal|atk|1\n|\n|-weather|SunnyDay|[upkeep]\n|upkeep\n|turn|4\n|\n|t:|1699837715\n|switch|p1a: Walking Wake|Walking Wake|100\/100\n|-activate|p1a: Walking Wake|ability: Protosynthesis\n|-start|p1a: Walking Wake|protosynthesisspe\n|move|p2a: Pirate Hunter|Earth Power|p1a: Walking Wake\n|-damage|p1a: Walking Wake|54\/100\n|\n|-weather|SunnyDay|[upkeep]\n|upkeep\n|turn|5\n|\n|t:|1699837724\n|switch|p2a: St.J-Garcia Saturn|Florges-White, F, shiny|81\/100\n|move|p1a: Walking Wake|Hydro Steam|p2a: St.J-Garcia Saturn\n|-damage|p2a: St.J-Garcia Saturn|42\/100\n|\n|-weather|SunnyDay|[upkeep]\n|upkeep\n|turn|6\n|\n|t:|1699837732\n|-terastallize|p1a: Walking Wake|Water\n|move|p1a: Walking Wake|Hydro Steam|p2a: St.J-Garcia Saturn\n|-damage|p2a: St.J-Garcia Saturn|0 fnt\n|faint|p2a: St.J-Garcia Saturn\n|\n|-weather|SunnyDay|[upkeep]\n|upkeep\n|inactive|Almighty Sa' has 120 seconds left.\n|\n|t:|1699837769\n|switch|p2a: Stealth Black|Haxorus, M, shiny|100\/100\n|-ability|p2a: Stealth Black|Mold Breaker\n|turn|7\n|\n|t:|1699837778\n|-end|p1a: Walking Wake|Protosynthesis|[silent]\n|switch|p1a: Hatterene|Hatterene, F|100\/100\n|move|p2a: Stealth Black|First Impression|p1a: Hatterene\n|-damage|p1a: Hatterene|63\/100\n|\n|-weather|SunnyDay|[upkeep]\n|-heal|p1a: Hatterene|69\/100|[from] item: Leftovers\n|upkeep\n|turn|8\n|\n|t:|1699837788\n|switch|p2a: Sparking Red|Scizor, M|100\/100\n|move|p1a: Hatterene|Draining Kiss|p2a: Sparking Red\n|-resisted|p2a: Sparking Red\n|-damage|p2a: Sparking Red|88\/100\n|-heal|p1a: Hatterene|79\/100|[from] drain|[of] p2a: Sparking Red\n|\n|-weather|SunnyDay|[upkeep]\n|-heal|p1a: Hatterene|85\/100|[from] item: Leftovers\n|upkeep\n|turn|9\n|\n|t:|1699837798\n|switch|p1a: Torkoal|Torkoal, M|100\/100\n|move|p2a: Sparking Red|U-turn|p1a: Torkoal\n|-resisted|p1a: Torkoal\n|-damage|p1a: Torkoal|88\/100\n|\n|t:|1699837805\n|switch|p2a: Pirate Hunter|Landorus-Therian, M|100\/100|[from] U-turn\n|-ability|p2a: Pirate Hunter|Intimidate|boost\n|-unboost|p1a: Torkoal|atk|1\n|\n|-weather|SunnyDay|[upkeep]\n|upkeep\n|turn|10\n|\n|t:|1699837813\n|switch|p1a: Lilligant|Lilligant-Hisui, F|100\/100\n|move|p2a: Pirate Hunter|Earth Power|p1a: Lilligant\n|-resisted|p1a: Lilligant\n|-damage|p1a: Lilligant|71\/100\n|\n|-weather|none\n|upkeep\n|turn|11\n|\n|t:|1699837821\n|switch|p1a: Torkoal|Torkoal, M|88\/100\n|-weather|SunnyDay|[from] ability: Drought|[of] p1a: Torkoal\n|move|p2a: Pirate Hunter|Stealth Rock|p1a: Torkoal\n|-sidestart|p1: Petite Plume|move: Stealth Rock\n|\n|-weather|SunnyDay|[upkeep]\n|upkeep\n|turn|12\n|\n|t:|1699837832\n|move|p2a: Pirate Hunter|U-turn|p1a: Torkoal\n|-resisted|p1a: Torkoal\n|-damage|p1a: Torkoal|83\/100\n|\n|t:|1699837836\n|switch|p2a: Stealth Black|Haxorus, M, shiny|100\/100|[from] U-turn\n|-ability|p2a: Stealth Black|Mold Breaker\n|move|p1a: Torkoal|Rapid Spin|p2a: Stealth Black\n|-damage|p2a: Stealth Black|90\/100\n|-boost|p1a: Torkoal|spe|1\n|-sideend|p1: Petite Plume|Stealth Rock|[from] move: Rapid Spin|[of] p1a: Torkoal\n|\n|-weather|SunnyDay|[upkeep]\n|upkeep\n|turn|13\n|\n|t:|1699837847\n|switch|p1a: Hatterene|Hatterene, F|85\/100\n|move|p2a: Stealth Black|Earthquake|p1a: Hatterene\n|-damage|p1a: Hatterene|38\/100\n|\n|-weather|SunnyDay|[upkeep]\n|-heal|p1a: Hatterene|44\/100|[from] item: Leftovers\n|upkeep\n|turn|14\n|\n|t:|1699837854\n|move|p2a: Stealth Black|Earthquake|p1a: Hatterene\n|-damage|p1a: Hatterene|0 fnt\n|faint|p1a: Hatterene\n|\n|-weather|SunnyDay|[upkeep]\n|upkeep\n|\n|t:|1699837860\n|switch|p1a: Walking Wake|Walking Wake, tera:Water|54\/100\n|-activate|p1a: Walking Wake|ability: Protosynthesis\n|-start|p1a: Walking Wake|protosynthesisspe\n|turn|15\n|\n|t:|1699837869\n|switch|p2a: Sparking Red|Scizor, M|88\/100\n|move|p1a: Walking Wake|Draco Meteor|p2a: Sparking Red\n|-resisted|p2a: Sparking Red\n|-crit|p2a: Sparking Red\n|-damage|p2a: Sparking Red|0 fnt\n|-unboost|p1a: Walking Wake|spa|2\n|faint|p2a: Sparking Red\n|\n|-weather|SunnyDay|[upkeep]\n|upkeep\n|\n|t:|1699837896\n|switch|p2a: Transponder Sneasl|Weavile, M|100\/100\n|-ability|p2a: Transponder Sneasl|Pressure\n|turn|16\n|\n|t:|1699837907\n|-end|p1a: Walking Wake|Protosynthesis|[silent]\n|switch|p1a: Torkoal|Torkoal, M|83\/100\n|move|p2a: Transponder Sneasl|Swords Dance|p2a: Transponder Sneasl\n|-boost|p2a: Transponder Sneasl|atk|2\n|\n|-weather|SunnyDay|[upkeep]\n|upkeep\n|turn|17\n|\n|t:|1699837915\n|-terastallize|p2a: Transponder Sneasl|Dark\n|move|p2a: Transponder Sneasl|Knock Off|p1a: Torkoal\n|-damage|p1a: Torkoal|0 fnt\n|-enditem|p1a: Torkoal|Heat Rock|[from] move: Knock Off|[of] p2a: Transponder Sneasl\n|faint|p1a: Torkoal\n|-damage|p2a: Transponder Sneasl|91\/100|[from] item: Life Orb\n|\n|-weather|SunnyDay|[upkeep]\n|upkeep\n|\n|t:|1699837925\n|switch|p1a: Walking Wake|Walking Wake, tera:Water|54\/100\n|-activate|p1a: Walking Wake|ability: Protosynthesis\n|-start|p1a: Walking Wake|protosynthesisspe\n|turn|18\n|\n|t:|1699837935\n|switch|p2a: Stealth Black|Haxorus, M, shiny|90\/100\n|-ability|p2a: Stealth Black|Mold Breaker\n|move|p1a: Walking Wake|Dragon Pulse|p2a: Stealth Black\n|-supereffective|p2a: Stealth Black\n|-damage|p2a: Stealth Black|0 fnt\n|faint|p2a: Stealth Black\n|\n|-weather|none\n|-end|p1a: Walking Wake|Protosynthesis\n|upkeep\n|\n|t:|1699837944\n|switch|p2a: Transponder Sneasl|Weavile, M, tera:Dark|91\/100\n|-ability|p2a: Transponder Sneasl|Pressure\n|turn|19\n|\n|t:|1699837952\n|move|p2a: Transponder Sneasl|Knock Off|p1a: Walking Wake\n|-damage|p1a: Walking Wake|0 fnt\n|-enditem|p1a: Walking Wake|Choice Specs|[from] move: Knock Off|[of] p2a: Transponder Sneasl\n|faint|p1a: Walking Wake\n|-end|p1a: Walking Wake|Protosynthesis|[silent]\n|-damage|p2a: Transponder Sneasl|81\/100|[from] item: Life Orb\n|\n|upkeep\n|\n|t:|1699837958\n|switch|p1a: Kingambit|Kingambit, F|100\/100\n|-activate|p1a: Kingambit|ability: Supreme Overlord\n|-start|p1a: Kingambit|fallen3|[silent]\n|turn|20\n|\n|t:|1699837962\n|switch|p2a: Winch Green|Chesnaught, M, shiny|100\/100\n|move|p1a: Kingambit|Iron Head|p2a: Winch Green\n|-damage|p2a: Winch Green|69\/100\n|-damage|p1a: Kingambit|84\/100|[from] item: Rocky Helmet|[of] p2a: Winch Green\n|\n|upkeep\n|turn|21\n|\n|t:|1699837970\n|-end|p1a: Kingambit|fallen3|[silent]\n|switch|p1a: Ceruledge|Ceruledge, F|57\/100\n|move|p2a: Winch Green|Leech Seed|p1a: Ceruledge\n|-start|p1a: Ceruledge|move: Leech Seed\n|\n|-damage|p1a: Ceruledge|45\/100|[from] Leech Seed|[of] p2a: Winch Green\n|-heal|p2a: Winch Green|78\/100|[silent]\n|upkeep\n|turn|22\n|\n|t:|1699837980\n|move|p1a: Ceruledge|Bitter Blade|p2a: Winch Green\n|-supereffective|p2a: Winch Green\n|-damage|p2a: Winch Green|26\/100\n|-heal|p1a: Ceruledge|79\/100|[from] drain|[of] p2a: Winch Green\n|-damage|p1a: Ceruledge|62\/100|[from] item: Rocky Helmet|[of] p2a: Winch Green\n|move|p2a: Winch Green|Spikes|p1a: Ceruledge\n|-sidestart|p1: Petite Plume|Spikes\n|\n|-damage|p1a: Ceruledge|50\/100|[from] Leech Seed|[of] p2a: Winch Green\n|-heal|p2a: Winch Green|36\/100|[silent]\n|upkeep\n|turn|23\n|\n|t:|1699837991\n|move|p2a: Winch Green|Spiky Shield|p2a: Winch Green\n|-singleturn|p2a: Winch Green|move: Protect\n|move|p1a: Ceruledge|Bitter Blade|p2a: Winch Green\n|-activate|p2a: Winch Green|move: Protect\n|-damage|p1a: Ceruledge|38\/100|[from] Spiky Shield|[of] p2a: Winch Green\n|\n|-damage|p1a: Ceruledge|25\/100|[from] Leech Seed|[of] p2a: Winch Green\n|-heal|p2a: Winch Green|45\/100|[silent]\n|upkeep\n|turn|24\n|\n|t:|1699837999\n|switch|p2a: Pirate Hunter|Landorus-Therian, M|100\/100\n|-ability|p2a: Pirate Hunter|Intimidate|boost\n|-unboost|p1a: Ceruledge|atk|1\n|move|p1a: Ceruledge|Bitter Blade|p2a: Pirate Hunter\n|-damage|p2a: Pirate Hunter|67\/100\n|-heal|p1a: Ceruledge|44\/100|[from] drain|[of] p2a: Pirate Hunter\n|\n|-damage|p1a: Ceruledge|31\/100|[from] Leech Seed|[of] p2a: Pirate Hunter\n|-heal|p2a: Pirate Hunter|78\/100|[silent]\n|upkeep\n|turn|25\n|\n|t:|1699838018\n|switch|p1a: Lilligant|Lilligant-Hisui, F|71\/100\n|-damage|p1a: Lilligant|59\/100|[from] Spikes\n|move|p2a: Pirate Hunter|U-turn|p1a: Lilligant\n|-damage|p1a: Lilligant|29\/100\n|\n|t:|1699838027\n|switch|p2a: Transponder Sneasl|Weavile, M, tera:Dark|81\/100|[from] U-turn\n|-ability|p2a: Transponder Sneasl|Pressure\n|\n|upkeep\n|turn|26\n|\n|t:|1699838032\n|move|p2a: Transponder Sneasl|Ice Shard|p1a: Lilligant\n|-supereffective|p1a: Lilligant\n|-damage|p1a: Lilligant|0 fnt\n|faint|p1a: Lilligant\n|-damage|p2a: Transponder Sneasl|71\/100|[from] item: Life Orb\n|\n|upkeep\n|\n|t:|1699838038\n|switch|p1a: Kingambit|Kingambit, F|84\/100\n|-activate|p1a: Kingambit|ability: Supreme Overlord\n|-start|p1a: Kingambit|fallen4|[silent]\n|turn|27\n|\n|t:|1699838046\n|switch|p2a: Pirate Hunter|Landorus-Therian, M|78\/100\n|-ability|p2a: Pirate Hunter|Intimidate|boost\n|-unboost|p1a: Kingambit|atk|1\n|move|p1a: Kingambit|Swords Dance|p1a: Kingambit\n|-boost|p1a: Kingambit|atk|2\n|\n|upkeep\n|turn|28\n|\n|t:|1699838055\n|switch|p2a: Winch Green|Chesnaught, M, shiny|45\/100\n|move|p1a: Kingambit|Sucker Punch||[still]\n|-fail|p1a: Kingambit\n|\n|upkeep\n|turn|29\n|\n|t:|1699838063\n|switch|p2a: Pirate Hunter|Landorus-Therian, M|78\/100\n|-ability|p2a: Pirate Hunter|Intimidate|boost\n|-unboost|p1a: Kingambit|atk|1\n|move|p1a: Kingambit|Sucker Punch||[still]\n|-fail|p1a: Kingambit\n|\n|upkeep\n|turn|30\n|\n|t:|1699838069\n|move|p2a: Pirate Hunter|Earth Power|p1a: Kingambit\n|-supereffective|p1a: Kingambit\n|-damage|p1a: Kingambit|0 fnt\n|faint|p1a: Kingambit\n|-end|p1a: Kingambit|fallen4|[silent]\n|\n|upkeep\n|-message|Petite Plume forfeited.\n|\n|win|Almighty Sa'\n|raw|Petite Plume's rating: 1566 &rarr; <strong>1546<\/strong><br \/>(-20 for losing)\n|raw|Almighty Sa&apos;'s rating: 1567 &rarr; <strong>1587<\/strong><br \/>(+20 for winning)\n|l|\u2606Petite Plume\n","uploadtime":1699838094,"views":6,"p1id":"petiteplume","p2id":"almightysa","formatid":"gen9ou","rating":1546,"private":0,"password":""}