{"id":"gen9ou-1997204818","p1":"radiant_reploid","p2":"nyx_mix","format":"[Gen 9] OU","log":"|j|\u2606radiant_reploid\n|j|\u2606nyx_mix\n|t:|1700775337\n|gametype|singles\n|player|p1|radiant_reploid|cheren-gen5bw2|1421\n|player|p2|nyx_mix|iris-gen5bw2|1385\n|teamsize|p1|6\n|teamsize|p2|6\n|gen|9\n|tier|[Gen 9] OU\n|rated|\n|rule|Sleep Clause Mod: Limit one foe put to sleep\n|rule|Species Clause: Limit one of each Pok\u00e9mon\n|rule|OHKO Clause: OHKO moves are banned\n|rule|Evasion Items Clause: Evasion items are banned\n|rule|Evasion Moves Clause: Evasion moves are banned\n|rule|Endless Battle Clause: Forcing endless battles is banned\n|rule|HP Percentage Mod: HP is shown in percentages\n|clearpoke\n|poke|p1|Samurott-Hisui, M|\n|poke|p1|Iron Valiant|\n|poke|p1|Slowking-Galar, M|\n|poke|p1|Ceruledge, M|\n|poke|p1|Kingambit, F|\n|poke|p1|Mandibuzz, F|\n|poke|p2|Landorus-Therian, M|\n|poke|p2|Zapdos|\n|poke|p2|Glimmora, F|\n|poke|p2|Rillaboom, F|\n|poke|p2|Hawlucha, F|\n|poke|p2|Ninetales-Alola, M|\n|teampreview\n|inactive|Battle timer is ON: inactive players will automatically lose when time's up. (requested by nyx_mix)\n|\n|t:|1700775360\n|start\n|switch|p1a: Sephirott|Samurott-Hisui, M|100\/100\n|switch|p2a: Zapdos|Zapdos|100\/100\n|turn|1\n|inactive|radiant_reploid has 120 seconds left.\n|\n|t:|1700775403\n|switch|p1a: NyQuil|Slowking-Galar, M|100\/100\n|move|p2a: Zapdos|Volt Switch|p1a: NyQuil\n|-damage|p1a: NyQuil|66\/100\n|\n|t:|1700775413\n|switch|p2a: Glimmora|Glimmora, F|100\/100|[from] Volt Switch\n|\n|upkeep\n|turn|2\n|inactive|radiant_reploid has 120 seconds left.\n|\n|t:|1700775437\n|move|p2a: Glimmora|Stealth Rock|p1a: NyQuil\n|-sidestart|p1: radiant_reploid|move: Stealth Rock\n|move|p1a: NyQuil|Chilly Reception|p1a: NyQuil\n|-weather|Snow\n|inactive|radiant_reploid has 120 seconds left.\n|\n|t:|1700775443\n|switch|p1a: Sephirott|Samurott-Hisui, M|100\/100|[from] Chilly Reception\n|-damage|p1a: Sephirott|88\/100|[from] Stealth Rock\n|\n|-weather|Snow|[upkeep]\n|upkeep\n|turn|3\n|\n|t:|1700775457\n|move|p1a: Sephirott|Ceaseless Edge|p2a: Glimmora\n|-damage|p2a: Glimmora|50\/100\n|-activate|p2a: Glimmora|ability: Toxic Debris\n|-sidestart|p1: radiant_reploid|move: Toxic Spikes\n|-sidestart|p2: nyx_mix|Spikes\n|move|p2a: Glimmora|Earth Power|p1a: Sephirott\n|-damage|p1a: Sephirott|40\/100\n|\n|-weather|Snow|[upkeep]\n|upkeep\n|turn|4\n|\n|t:|1700775469\n|move|p1a: Sephirott|Ceaseless Edge|p2a: Glimmora\n|-damage|p2a: Glimmora|0 fnt\n|-activate|p2a: Glimmora|ability: Toxic Debris\n|-sidestart|p1: radiant_reploid|move: Toxic Spikes\n|-sidestart|p2: nyx_mix|Spikes\n|faint|p2a: Glimmora\n|\n|-weather|Snow|[upkeep]\n|upkeep\n|\n|t:|1700775486\n|switch|p2a: Zapdos|Zapdos|100\/100\n|turn|5\n|inactive|nyx_mix has 120 seconds left.\n|\n|t:|1700775505\n|switch|p1a: NyQuil|Slowking-Galar, M|99\/100\n|-sideend|p1: radiant_reploid|move: Toxic Spikes|[of] p1a: NyQuil\n|move|p2a: Zapdos|Volt Switch|p1a: NyQuil\n|-damage|p1a: NyQuil|66\/100\n|inactive|nyx_mix has 120 seconds left.\n|\n|t:|1700775510\n|switch|p2a: Landorus|Landorus-Therian, M|100\/100|[from] Volt Switch\n|-ability|p2a: Landorus|Intimidate|boost\n|-unboost|p1a: NyQuil|atk|1\n|\n|-weather|Snow|[upkeep]\n|upkeep\n|turn|6\n|inactive|radiant_reploid has 120 seconds left.\n|inactive|nyx_mix has 120 seconds left.\n|\n|t:|1700775554\n|switch|p1a: Monkey D. Fog|Mandibuzz, F|100\/100\n|move|p2a: Landorus|U-turn|p1a: Monkey D. Fog\n|-damage|p1a: Monkey D. Fog|88\/100\n|\n|t:|1700775569\n|switch|p2a: Zapdos|Zapdos|100\/100|[from] U-turn\n|\n|-weather|none\n|upkeep\n|turn|7\n|inactive|radiant_reploid has 120 seconds left.\n|inactive|nyx_mix has 90 seconds left.\n|\n|t:|1700775607\n|switch|p1a: NyQuil|Slowking-Galar, M|99\/100\n|move|p2a: Zapdos|Volt Switch|p1a: NyQuil\n|-damage|p1a: NyQuil|63\/100\n|\n|t:|1700775616\n|switch|p2a: Landorus|Landorus-Therian, M|100\/100|[from] Volt Switch\n|-ability|p2a: Landorus|Intimidate|boost\n|-unboost|p1a: NyQuil|atk|1\n|\n|upkeep\n|turn|8\n|inactive|nyx_mix has 90 seconds left.\n|\n|t:|1700775624\n|move|p2a: Landorus|Earthquake|p1a: NyQuil\n|-supereffective|p1a: NyQuil\n|-damage|p1a: NyQuil|0 fnt\n|faint|p1a: NyQuil\n|\n|upkeep\n|\n|t:|1700775631\n|switch|p1a: Sephirott|Samurott-Hisui, M|40\/100\n|-damage|p1a: Sephirott|28\/100|[from] Stealth Rock\n|turn|9\n|inactive|nyx_mix has 90 seconds left.\n|\n|t:|1700775652\n|switch|p2a: Rillaboom|Rillaboom, F|100\/100\n|-fieldstart|move: Grassy Terrain|[from] ability: Grassy Surge|[of] p2a: Rillaboom\n|move|p1a: Sephirott|Razor Shell|p2a: Rillaboom\n|-resisted|p2a: Rillaboom\n|-damage|p2a: Rillaboom|77\/100\n|-unboost|p2a: Rillaboom|def|1\n|\n|-heal|p1a: Sephirott|34\/100|[from] Grassy Terrain\n|-heal|p2a: Rillaboom|83\/100|[from] Grassy Terrain\n|upkeep\n|turn|10\n|inactive|radiant_reploid has 120 seconds left.\n|inactive|nyx_mix has 90 seconds left.\n|\n|t:|1700775682\n|switch|p1a: Childish Gambito|Kingambit, F|100\/100\n|-damage|p1a: Childish Gambito|94\/100|[from] Stealth Rock\n|-activate|p1a: Childish Gambito|ability: Supreme Overlord\n|-start|p1a: Childish Gambito|fallen1|[silent]\n|switch|p2a: Zapdos|Zapdos|100\/100\n|\n|-heal|p1a: Childish Gambito|100\/100|[from] Grassy Terrain\n|upkeep\n|turn|11\n|\n|t:|1700775689\n|-terastallize|p2a: Zapdos|Fighting\n|move|p2a: Zapdos|Tera Blast|p1a: Childish Gambito|[anim] Tera Blast Fighting\n|-supereffective|p1a: Childish Gambito\n|-damage|p1a: Childish Gambito|0 fnt\n|faint|p1a: Childish Gambito\n|-end|p1a: Childish Gambito|fallen1|[silent]\n|\n|upkeep\n|\n|t:|1700775707\n|switch|p1a: Gallade Runner|Iron Valiant|100\/100\n|-damage|p1a: Gallade Runner|94\/100|[from] Stealth Rock\n|-enditem|p1a: Gallade Runner|Booster Energy\n|-activate|p1a: Gallade Runner|ability: Quark Drive|[fromitem]\n|-start|p1a: Gallade Runner|quarkdrivespe\n|turn|12\n|inactive|nyx_mix has 60 seconds left.\n|\n|t:|1700775767\n|switch|p2a: Ninetales|Ninetales-Alola, M|100\/100\n|-damage|p2a: Ninetales|84\/100|[from] Spikes\n|-weather|Snow|[from] ability: Snow Warning|[of] p2a: Ninetales\n|move|p1a: Gallade Runner|Moonblast|p2a: Ninetales\n|-damage|p2a: Ninetales|36\/100\n|\n|-weather|Snow|[upkeep]\n|-heal|p1a: Gallade Runner|100\/100|[from] Grassy Terrain\n|-heal|p2a: Ninetales|42\/100|[from] Grassy Terrain\n|upkeep\n|turn|13\n|\n|t:|1700775787\n|move|p1a: Gallade Runner|Moonblast|p2a: Ninetales\n|-damage|p2a: Ninetales|0 fnt\n|faint|p2a: Ninetales\n|\n|-weather|Snow|[upkeep]\n|-fieldend|move: Grassy Terrain\n|upkeep\n|inactive|nyx_mix has 30 seconds left.\n|\n|t:|1700775800\n|switch|p2a: Rillaboom|Rillaboom, F|83\/100\n|-fieldstart|move: Grassy Terrain|[from] ability: Grassy Surge|[of] p2a: Rillaboom\n|turn|14\n|inactive|radiant_reploid has 90 seconds left.\n|\n|t:|1700775835\n|move|p1a: Gallade Runner|Moonblast|p2a: Rillaboom\n|-damage|p2a: Rillaboom|25\/100\n|move|p2a: Rillaboom|Drum Beating|p1a: Gallade Runner\n|-damage|p1a: Gallade Runner|29\/100\n|-unboost|p1a: Gallade Runner|spe|1\n|\n|-weather|Snow|[upkeep]\n|-heal|p1a: Gallade Runner|35\/100|[from] Grassy Terrain\n|-heal|p2a: Rillaboom|32\/100|[from] Grassy Terrain\n|upkeep\n|turn|15\n|inactive|radiant_reploid has 90 seconds left.\n|\n|t:|1700775863\n|move|p2a: Rillaboom|Grassy Glide|p1a: Gallade Runner\n|-damage|p1a: Gallade Runner|0 fnt\n|faint|p1a: Gallade Runner\n|-end|p1a: Gallade Runner|Quark Drive|[silent]\n|\n|-weather|Snow|[upkeep]\n|-heal|p2a: Rillaboom|38\/100|[from] Grassy Terrain\n|upkeep\n|\n|t:|1700775868\n|switch|p1a: Monkey D. Fog|Mandibuzz, F|88\/100\n|turn|16\n|\n|t:|1700775877\n|switch|p2a: Zapdos|Zapdos, tera:Fighting|100\/100\n|-damage|p2a: Zapdos|84\/100|[from] Spikes\n|move|p1a: Monkey D. Fog|Defog|p2a: Zapdos\n|-unboost|p2a: Zapdos|evasion|1\n|-sideend|p2: nyx_mix|Spikes|[from] move: Defog|[of] p1a: Monkey D. Fog\n|-sideend|p1: radiant_reploid|Stealth Rock|[from] move: Defog|[of] p1a: Monkey D. Fog\n|-fieldend|move: Grassy Terrain\n|\n|-weather|none\n|upkeep\n|turn|17\n|\n|t:|1700775888\n|switch|p1a: Sephirott|Samurott-Hisui, M|34\/100\n|move|p2a: Zapdos|Thunderbolt|p1a: Sephirott\n|-supereffective|p1a: Sephirott\n|-damage|p1a: Sephirott|0 fnt\n|faint|p1a: Sephirott\n|\n|upkeep\n|\n|t:|1700775891\n|switch|p1a: Blues.EXE|Ceruledge, M|100\/100\n|turn|18\n|inactive|radiant_reploid has 90 seconds left.\n|\n|t:|1700775905\n|move|p1a: Blues.EXE|Poltergeist|p2a: Zapdos\n|-activate|p2a: Zapdos|move: Poltergeist|Choice Specs\n|-crit|p2a: Zapdos\n|-damage|p2a: Zapdos|0 fnt\n|faint|p2a: Zapdos\n|\n|upkeep\n|\n|t:|1700775914\n|switch|p2a: Landorus|Landorus-Therian, M|100\/100\n|-ability|p2a: Landorus|Intimidate|boost\n|-unboost|p1a: Blues.EXE|atk|1\n|turn|19\n|inactive|nyx_mix has 60 seconds left.\n|\n|t:|1700775923\n|move|p1a: Blues.EXE|Swords Dance|p1a: Blues.EXE\n|-boost|p1a: Blues.EXE|atk|2\n|move|p2a: Landorus|Stone Edge|p1a: Blues.EXE|[miss]\n|-miss|p2a: Landorus|p1a: Blues.EXE\n|\n|upkeep\n|turn|20\n|\n|t:|1700775936\n|move|p1a: Blues.EXE|Poltergeist|p2a: Landorus\n|-activate|p2a: Landorus|move: Poltergeist|Rocky Helmet\n|-damage|p2a: Landorus|46\/100\n|move|p2a: Landorus|Earthquake|p1a: Blues.EXE\n|-supereffective|p1a: Blues.EXE\n|-enditem|p1a: Blues.EXE|Focus Sash\n|-damage|p1a: Blues.EXE|1\/100\n|-ability|p1a: Blues.EXE|Weak Armor|boost\n|-unboost|p1a: Blues.EXE|def|1\n|-boost|p1a: Blues.EXE|spe|2\n|\n|upkeep\n|turn|21\n|\n|t:|1700775950\n|move|p1a: Blues.EXE|Bitter Blade|p2a: Landorus\n|-damage|p2a: Landorus|0 fnt\n|-heal|p1a: Blues.EXE|31\/100|[from] drain|[of] p2a: Landorus\n|-damage|p1a: Blues.EXE|14\/100|[from] item: Rocky Helmet|[of] p2a: Landorus\n|faint|p2a: Landorus\n|\n|upkeep\n|\n|t:|1700775954\n|switch|p2a: Rillaboom|Rillaboom, F|38\/100\n|-fieldstart|move: Grassy Terrain|[from] ability: Grassy Surge|[of] p2a: Rillaboom\n|turn|22\n|\n|t:|1700775958\n|move|p1a: Blues.EXE|Shadow Sneak|p2a: Rillaboom\n|-damage|p2a: Rillaboom|8\/100\n|move|p2a: Rillaboom|Grassy Glide|p1a: Blues.EXE\n|-resisted|p1a: Blues.EXE\n|-crit|p1a: Blues.EXE\n|-damage|p1a: Blues.EXE|0 fnt\n|faint|p1a: Blues.EXE\n|\n|-heal|p2a: Rillaboom|15\/100|[from] Grassy Terrain\n|upkeep\n|\n|t:|1700775961\n|switch|p1a: Monkey D. Fog|Mandibuzz, F|88\/100\n|turn|23\n|inactive|nyx_mix has 90 seconds left.\n|\n|t:|1700775971\n|move|p2a: Rillaboom|Drain Punch|p1a: Monkey D. Fog\n|-crit|p1a: Monkey D. Fog\n|-damage|p1a: Monkey D. Fog|64\/100\n|-heal|p2a: Rillaboom|28\/100|[from] drain|[of] p1a: Monkey D. Fog\n|move|p1a: Monkey D. Fog|Iron Defense|p1a: Monkey D. Fog\n|-boost|p1a: Monkey D. Fog|def|2\n|\n|-heal|p2a: Rillaboom|34\/100|[from] Grassy Terrain\n|upkeep\n|turn|24\n|\n|t:|1700775978\n|switch|p2a: Hawlucha|Hawlucha, F|100\/100\n|-enditem|p2a: Hawlucha|Grassy Seed\n|-boost|p2a: Hawlucha|def|1|[from] item: Grassy Seed\n|move|p1a: Monkey D. Fog|Roost|p1a: Monkey D. Fog\n|-heal|p1a: Monkey D. Fog|100\/100\n|-singleturn|p1a: Monkey D. Fog|move: Roost\n|\n|upkeep\n|turn|25\n|\n|t:|1700775985\n|move|p2a: Hawlucha|Swords Dance|p2a: Hawlucha\n|-boost|p2a: Hawlucha|atk|2\n|move|p1a: Monkey D. Fog|Foul Play|p2a: Hawlucha\n|-resisted|p2a: Hawlucha\n|-damage|p2a: Hawlucha|56\/100\n|\n|upkeep\n|turn|26\n|\n|t:|1700775990\n|move|p2a: Hawlucha|High Jump Kick|p1a: Monkey D. Fog\n|-damage|p1a: Monkey D. Fog|65\/100\n|move|p1a: Monkey D. Fog|Iron Defense|p1a: Monkey D. Fog\n|-boost|p1a: Monkey D. Fog|def|2\n|\n|-fieldend|move: Grassy Terrain\n|upkeep\n|turn|27\n|\n|t:|1700775997\n|move|p2a: Hawlucha|High Jump Kick|p1a: Monkey D. Fog\n|-damage|p1a: Monkey D. Fog|43\/100\n|move|p1a: Monkey D. Fog|Roost|p1a: Monkey D. Fog\n|-heal|p1a: Monkey D. Fog|93\/100\n|-singleturn|p1a: Monkey D. Fog|move: Roost\n|\n|upkeep\n|turn|28\n|\n|t:|1700776001\n|move|p2a: Hawlucha|High Jump Kick|p1a: Monkey D. Fog\n|-damage|p1a: Monkey D. Fog|71\/100\n|move|p1a: Monkey D. Fog|Foul Play|p2a: Hawlucha\n|-resisted|p2a: Hawlucha\n|-damage|p2a: Hawlucha|13\/100\n|\n|upkeep\n|turn|29\n|\n|t:|1700776007\n|move|p2a: Hawlucha|High Jump Kick|p1a: Monkey D. Fog\n|-damage|p1a: Monkey D. Fog|48\/100\n|move|p1a: Monkey D. Fog|Foul Play|p2a: Hawlucha\n|-resisted|p2a: Hawlucha\n|-damage|p2a: Hawlucha|0 fnt\n|faint|p2a: Hawlucha\n|\n|upkeep\n|c|\u2606nyx_mix|gg\n|\n|t:|1700776015\n|switch|p2a: Rillaboom|Rillaboom, F|34\/100\n|-fieldstart|move: Grassy Terrain|[from] ability: Grassy Surge|[of] p2a: Rillaboom\n|turn|30\n|c|\u2606radiant_reploid|Gg\n|\n|t:|1700776020\n|move|p2a: Rillaboom|Drain Punch|p1a: Monkey D. Fog\n|-damage|p1a: Monkey D. Fog|43\/100\n|-heal|p2a: Rillaboom|36\/100|[from] drain|[of] p1a: Monkey D. Fog\n|move|p1a: Monkey D. Fog|Foul Play|p2a: Rillaboom\n|-damage|p2a: Rillaboom|0 fnt\n|faint|p2a: Rillaboom\n|\n|win|radiant_reploid\n|raw|radiant_reploid's rating: 1421 &rarr; <strong>1439<\/strong><br \/>(+18 for winning)\n|raw|nyx_mix's rating: 1385 &rarr; <strong>1367<\/strong><br \/>(-18 for losing)\n","uploadtime":1700776027,"views":16,"p1id":"radiantreploid","p2id":"nyxmix","formatid":"gen9ou","rating":1367,"private":0,"password":""}