{"id":"gen9ou-1999711622","p1":"askanner","p2":"NyanKevin499","format":"[Gen 9] OU","log":"|j|\u2606askanner\n|j|\u2606NyanKevin499\n|t:|1701109986\n|gametype|singles\n|player|p1|askanner|266|1090\n|player|p2|NyanKevin499|youngcouple-gen6|1000\n|teamsize|p1|6\n|teamsize|p2|6\n|gen|9\n|tier|[Gen 9] OU\n|rated|\n|rule|Sleep Clause Mod: Limit one foe put to sleep\n|rule|Species Clause: Limit one of each Pok\u00e9mon\n|rule|OHKO Clause: OHKO moves are banned\n|rule|Evasion Items Clause: Evasion items are banned\n|rule|Evasion Moves Clause: Evasion moves are banned\n|rule|Endless Battle Clause: Forcing endless battles is banned\n|rule|HP Percentage Mod: HP is shown in percentages\n|clearpoke\n|poke|p1|Clefable, F|\n|poke|p1|Umbreon, M|\n|poke|p1|Quaquaval, M|\n|poke|p1|Ogerpon-Cornerstone, F|\n|poke|p1|Ceruledge, F|\n|poke|p1|Zamazenta-*|\n|poke|p2|Rillaboom, M|\n|poke|p2|Sylveon, F|\n|poke|p2|Dragapult, F|\n|poke|p2|Slowbro, F|\n|poke|p2|Hatterene, F|\n|poke|p2|Ceruledge, F|\n|teampreview\n|\n|t:|1701110005\n|start\n|switch|p1a: Ceruledge|Ceruledge, F|100\/100\n|switch|p2a: Hatterene|Hatterene, F, shiny|100\/100\n|turn|1\n|\n|t:|1701110023\n|move|p1a: Ceruledge|Shadow Sneak|p2a: Hatterene\n|-supereffective|p2a: Hatterene\n|-damage|p2a: Hatterene|37\/100\n|-damage|p1a: Ceruledge|91\/100|[from] item: Life Orb\n|move|p2a: Hatterene|Thunder Wave|p1a: Ceruledge\n|-status|p1a: Ceruledge|par\n|\n|-heal|p2a: Hatterene|43\/100|[from] item: Leftovers\n|upkeep\n|turn|2\n|\n|t:|1701110033\n|move|p1a: Ceruledge|Shadow Sneak|p2a: Hatterene\n|-supereffective|p2a: Hatterene\n|-damage|p2a: Hatterene|0 fnt\n|faint|p2a: Hatterene\n|-damage|p1a: Ceruledge|81\/100 par|[from] item: Life Orb\n|\n|upkeep\n|\n|t:|1701110042\n|switch|p2a: Sylveon|Sylveon, F, shiny|100\/100\n|turn|3\n|\n|t:|1701110055\n|switch|p1a: Ogerpon|Ogerpon-Cornerstone, F|100\/100\n|move|p2a: Sylveon|Hyper Voice|p1a: Ogerpon\n|-damage|p1a: Ogerpon|33\/100\n|\n|upkeep\n|turn|4\n|\n|t:|1701110068\n|move|p2a: Sylveon|Protect|p2a: Sylveon\n|-singleturn|p2a: Sylveon|Protect\n|move|p1a: Ogerpon|Swords Dance|p1a: Ogerpon\n|-boost|p1a: Ogerpon|atk|2\n|\n|upkeep\n|turn|5\n|\n|t:|1701110075\n|move|p1a: Ogerpon|Ivy Cudgel|p2a: Sylveon|[anim] Ivy Cudgel Rock\n|-damage|p2a: Sylveon|0 fnt\n|faint|p2a: Sylveon\n|\n|upkeep\n|\n|t:|1701110088\n|switch|p2a: Rillaboom|Rillaboom, M, shiny|100\/100\n|-fieldstart|move: Grassy Terrain|[from] ability: Grassy Surge|[of] p2a: Rillaboom\n|turn|6\n|inactive|Battle timer is ON: inactive players will automatically lose when time's up. (requested by NyanKevin499)\n|\n|t:|1701110141\n|switch|p1a: Ceruledge|Ceruledge, F|81\/100 par\n|move|p2a: Rillaboom|Grassy Glide|p1a: Ceruledge\n|-resisted|p1a: Ceruledge\n|-damage|p1a: Ceruledge|41\/100 par\n|-ability|p1a: Ceruledge|Weak Armor|boost\n|-unboost|p1a: Ceruledge|def|1\n|-boost|p1a: Ceruledge|spe|2\n|\n|-heal|p1a: Ceruledge|48\/100 par|[from] Grassy Terrain\n|upkeep\n|turn|7\n|\n|t:|1701110158\n|-terastallize|p2a: Rillaboom|Grass\n|move|p2a: Rillaboom|Grassy Glide|p1a: Ceruledge\n|-resisted|p1a: Ceruledge\n|-damage|p1a: Ceruledge|0 fnt\n|faint|p1a: Ceruledge\n|\n|upkeep\n|\n|t:|1701110171\n|switch|p1a: Zamazenta|Zamazenta|100\/100\n|-ability|p1a: Zamazenta|Dauntless Shield|boost\n|-boost|p1a: Zamazenta|def|1\n|turn|8\n|\n|t:|1701110177\n|switch|p2a: Slowbro|Slowbro, F, shiny|100\/100\n|-terastallize|p1a: Zamazenta|Fighting\n|move|p1a: Zamazenta|Iron Defense|p1a: Zamazenta\n|-boost|p1a: Zamazenta|def|2\n|\n|upkeep\n|turn|9\n|\n|t:|1701110185\n|move|p1a: Zamazenta|Agility|p1a: Zamazenta\n|-boost|p1a: Zamazenta|spe|2\n|move|p2a: Slowbro|Scald|p1a: Zamazenta\n|-damage|p1a: Zamazenta|68\/100\n|\n|-heal|p1a: Zamazenta|74\/100|[from] Grassy Terrain\n|upkeep\n|turn|10\n|inactive|askanner has 120 seconds left.\n|inactive|askanner has 90 seconds left.\n|\n|t:|1701110248\n|move|p1a: Zamazenta|Body Press|p2a: Slowbro\n|-resisted|p2a: Slowbro\n|-damage|p2a: Slowbro|37\/100\n|-damage|p1a: Zamazenta|64\/100|[from] item: Life Orb\n|move|p2a: Slowbro|Scald|p1a: Zamazenta\n|-damage|p1a: Zamazenta|36\/100\n|-status|p1a: Zamazenta|brn\n|\n|-heal|p1a: Zamazenta|42\/100 brn|[from] Grassy Terrain\n|-heal|p2a: Slowbro|43\/100|[from] Grassy Terrain\n|-heal|p2a: Slowbro|50\/100|[from] item: Leftovers\n|-damage|p1a: Zamazenta|36\/100 brn|[from] brn\n|-fieldend|move: Grassy Terrain\n|upkeep\n|turn|11\n|inactive|askanner has 90 seconds left.\n|\n|t:|1701110264\n|move|p1a: Zamazenta|Body Press|p2a: Slowbro\n|-resisted|p2a: Slowbro\n|-damage|p2a: Slowbro|17\/100\n|-damage|p1a: Zamazenta|26\/100 brn|[from] item: Life Orb\n|move|p2a: Slowbro|Slack Off|p2a: Slowbro\n|-heal|p2a: Slowbro|67\/100\n|\n|-heal|p2a: Slowbro|73\/100|[from] item: Leftovers\n|-damage|p1a: Zamazenta|20\/100 brn|[from] brn\n|upkeep\n|turn|12\n|\n|t:|1701110274\n|move|p1a: Zamazenta|Body Press|p2a: Slowbro\n|-resisted|p2a: Slowbro\n|-damage|p2a: Slowbro|44\/100\n|-damage|p1a: Zamazenta|10\/100 brn|[from] item: Life Orb\n|move|p2a: Slowbro|Slack Off|p2a: Slowbro\n|-heal|p2a: Slowbro|94\/100\n|\n|-heal|p2a: Slowbro|99\/100|[from] item: Leftovers\n|-damage|p1a: Zamazenta|4\/100 brn|[from] brn\n|upkeep\n|turn|13\n|\n|t:|1701110284\n|move|p1a: Zamazenta|Moonblast|p2a: Slowbro\n|-damage|p2a: Slowbro|73\/100\n|-damage|p1a: Zamazenta|0 fnt|[from] item: Life Orb\n|faint|p1a: Zamazenta\n|move|p2a: Slowbro|Calm Mind|p2a: Slowbro\n|-boost|p2a: Slowbro|spa|1\n|-boost|p2a: Slowbro|spd|1\n|\n|-heal|p2a: Slowbro|80\/100|[from] item: Leftovers\n|upkeep\n|\n|t:|1701110299\n|switch|p1a: Ogerpon|Ogerpon-Cornerstone, F|33\/100\n|turn|14\n|\n|t:|1701110303\n|move|p1a: Ogerpon|Swords Dance|p1a: Ogerpon\n|-boost|p1a: Ogerpon|atk|2\n|move|p2a: Slowbro|Ice Beam|p1a: Ogerpon\n|-supereffective|p1a: Ogerpon\n|-damage|p1a: Ogerpon|0 fnt\n|faint|p1a: Ogerpon\n|\n|-heal|p2a: Slowbro|86\/100|[from] item: Leftovers\n|upkeep\n|\n|t:|1701110306\n|switch|p1a: Clefable|Clefable, F|100\/100\n|turn|15\n|\n|t:|1701110315\n|move|p1a: Clefable|Cosmic Power|p1a: Clefable\n|-boost|p1a: Clefable|def|1\n|-boost|p1a: Clefable|spd|1\n|move|p2a: Slowbro|Scald|p1a: Clefable\n|-damage|p1a: Clefable|71\/100\n|-status|p1a: Clefable|brn\n|\n|-heal|p1a: Clefable|77\/100 brn|[from] item: Leftovers\n|-heal|p2a: Slowbro|92\/100|[from] item: Leftovers\n|upkeep\n|turn|16\n|\n|t:|1701110329\n|move|p1a: Clefable|Cosmic Power|p1a: Clefable\n|-boost|p1a: Clefable|def|1\n|-boost|p1a: Clefable|spd|1\n|move|p2a: Slowbro|Scald|p1a: Clefable\n|-damage|p1a: Clefable|53\/100 brn\n|\n|-heal|p1a: Clefable|59\/100 brn|[from] item: Leftovers\n|-heal|p2a: Slowbro|98\/100|[from] item: Leftovers\n|upkeep\n|turn|17\n|\n|t:|1701110339\n|move|p1a: Clefable|Cosmic Power|p1a: Clefable\n|-boost|p1a: Clefable|def|1\n|-boost|p1a: Clefable|spd|1\n|move|p2a: Slowbro|Calm Mind|p2a: Slowbro\n|-boost|p2a: Slowbro|spa|1\n|-boost|p2a: Slowbro|spd|1\n|\n|-heal|p1a: Clefable|65\/100 brn|[from] item: Leftovers\n|-heal|p2a: Slowbro|100\/100|[from] item: Leftovers\n|upkeep\n|turn|18\n|inactive|askanner has 120 seconds left.\n|\n|t:|1701110382\n|move|p1a: Clefable|Moonblast|p2a: Slowbro\n|-damage|p2a: Slowbro|82\/100\n|move|p2a: Slowbro|Calm Mind|p2a: Slowbro\n|-boost|p2a: Slowbro|spa|1\n|-boost|p2a: Slowbro|spd|1\n|\n|-heal|p1a: Clefable|71\/100 brn|[from] item: Leftovers\n|-heal|p2a: Slowbro|88\/100|[from] item: Leftovers\n|upkeep\n|turn|19\n|\n|t:|1701110392\n|move|p1a: Clefable|Cosmic Power|p1a: Clefable\n|-boost|p1a: Clefable|def|1\n|-boost|p1a: Clefable|spd|1\n|move|p2a: Slowbro|Scald|p1a: Clefable\n|-damage|p1a: Clefable|46\/100 brn\n|\n|-heal|p1a: Clefable|52\/100 brn|[from] item: Leftovers\n|-heal|p2a: Slowbro|94\/100|[from] item: Leftovers\n|upkeep\n|turn|20\n|\n|t:|1701110402\n|move|p1a: Clefable|Stored Power|p2a: Slowbro\n|-resisted|p2a: Slowbro\n|-damage|p2a: Slowbro|85\/100\n|move|p2a: Slowbro|Calm Mind|p2a: Slowbro\n|-boost|p2a: Slowbro|spa|1\n|-boost|p2a: Slowbro|spd|1\n|\n|-heal|p1a: Clefable|58\/100 brn|[from] item: Leftovers\n|-heal|p2a: Slowbro|92\/100|[from] item: Leftovers\n|upkeep\n|turn|21\n|\n|t:|1701110410\n|switch|p1a: Umbreon|Umbreon, M|100\/100\n|move|p2a: Slowbro|Calm Mind|p2a: Slowbro\n|-boost|p2a: Slowbro|spa|1\n|-boost|p2a: Slowbro|spd|1\n|\n|-heal|p2a: Slowbro|98\/100|[from] item: Leftovers\n|upkeep\n|turn|22\n|\n|t:|1701110418\n|move|p1a: Umbreon|Toxic|p2a: Slowbro\n|-status|p2a: Slowbro|tox\n|move|p2a: Slowbro|Ice Beam|p1a: Umbreon\n|-damage|p1a: Umbreon|56\/100\n|\n|-heal|p1a: Umbreon|62\/100|[from] item: Leftovers\n|-heal|p2a: Slowbro|100\/100 tox|[from] item: Leftovers\n|-damage|p2a: Slowbro|94\/100 tox|[from] psn\n|upkeep\n|turn|23\n|\n|t:|1701110437\n|move|p1a: Umbreon|Substitute|p1a: Umbreon\n|-start|p1a: Umbreon|Substitute\n|-damage|p1a: Umbreon|38\/100\n|move|p2a: Slowbro|Scald|p1a: Umbreon\n|-end|p1a: Umbreon|Substitute\n|\n|-heal|p1a: Umbreon|44\/100|[from] item: Leftovers\n|-heal|p2a: Slowbro|100\/100 tox|[from] item: Leftovers\n|-damage|p2a: Slowbro|88\/100 tox|[from] psn\n|upkeep\n|turn|24\n|\n|t:|1701110447\n|move|p1a: Umbreon|Moonlight|p1a: Umbreon\n|-heal|p1a: Umbreon|94\/100\n|move|p2a: Slowbro|Scald|p1a: Umbreon\n|-damage|p1a: Umbreon|38\/100\n|\n|-heal|p1a: Umbreon|44\/100|[from] item: Leftovers\n|-heal|p2a: Slowbro|94\/100 tox|[from] item: Leftovers\n|-damage|p2a: Slowbro|76\/100 tox|[from] psn\n|upkeep\n|turn|25\n|\n|t:|1701110459\n|move|p1a: Umbreon|Moonlight|p1a: Umbreon\n|-heal|p1a: Umbreon|94\/100\n|move|p2a: Slowbro|Scald|p1a: Umbreon\n|-damage|p1a: Umbreon|33\/100\n|\n|-heal|p1a: Umbreon|40\/100|[from] item: Leftovers\n|-heal|p2a: Slowbro|82\/100 tox|[from] item: Leftovers\n|-damage|p2a: Slowbro|57\/100 tox|[from] psn\n|upkeep\n|turn|26\n|\n|t:|1701110469\n|move|p1a: Umbreon|Moonlight|p1a: Umbreon\n|-heal|p1a: Umbreon|90\/100\n|move|p2a: Slowbro|Scald||[still]\n|-damage|p1a: Umbreon|29\/100\n|-status|p1a: Umbreon|brn\n|-activate|p1a: Umbreon|ability: Synchronize\n|-fail|p1a: Umbreon\n|\n|-heal|p1a: Umbreon|35\/100 brn|[from] item: Leftovers\n|-heal|p2a: Slowbro|63\/100 tox|[from] item: Leftovers\n|-damage|p2a: Slowbro|32\/100 tox|[from] psn\n|-damage|p1a: Umbreon|29\/100 brn|[from] brn\n|upkeep\n|turn|27\n|\n|t:|1701110484\n|switch|p2a: Rillaboom|Rillaboom, M, shiny, tera:Grass|100\/100\n|-fieldstart|move: Grassy Terrain|[from] ability: Grassy Surge|[of] p2a: Rillaboom\n|move|p1a: Umbreon|Foul Play|p2a: Rillaboom\n|-damage|p2a: Rillaboom|76\/100\n|\n|-heal|p2a: Rillaboom|82\/100|[from] Grassy Terrain\n|-heal|p1a: Umbreon|35\/100 brn|[from] Grassy Terrain\n|-heal|p1a: Umbreon|41\/100 brn|[from] item: Leftovers\n|-damage|p1a: Umbreon|35\/100 brn|[from] brn\n|upkeep\n|turn|28\n|\n|t:|1701110496\n|switch|p1a: Clefable|Clefable, F|58\/100 brn\n|move|p2a: Rillaboom|Grassy Glide|p1a: Clefable\n|-crit|p1a: Clefable\n|-damage|p1a: Clefable|0 fnt\n|faint|p1a: Clefable\n|\n|-heal|p2a: Rillaboom|88\/100|[from] Grassy Terrain\n|upkeep\n|\n|t:|1701110498\n|switch|p1a: Umbreon|Umbreon, M|35\/100 brn\n|turn|29\n|\n|t:|1701110506\n|move|p2a: Rillaboom|Grassy Glide|p1a: Umbreon\n|-damage|p1a: Umbreon|0 fnt\n|faint|p1a: Umbreon\n|\n|-heal|p2a: Rillaboom|95\/100|[from] Grassy Terrain\n|upkeep\n|\n|t:|1701110514\n|switch|p1a: Quaquaval|Quaquaval, M|100\/100\n|turn|30\n|\n|t:|1701110517\n|move|p2a: Rillaboom|Grassy Glide|p1a: Quaquaval\n|-supereffective|p1a: Quaquaval\n|-damage|p1a: Quaquaval|0 fnt\n|faint|p1a: Quaquaval\n|\n|win|NyanKevin499\n|raw|askanner's rating: 1090 &rarr; <strong>1061<\/strong><br \/>(-29 for losing)\n|raw|NyanKevin499's rating: 1000 &rarr; <strong>1050<\/strong><br \/>(+50 for winning)\n|l|\u2606askanner\n","uploadtime":1701110526,"views":7,"p1id":"askanner","p2id":"nyankevin499","formatid":"gen9ou","rating":1050,"private":0,"password":""}