{"id":"gen9ou-1995096257","p1":"z9958","p2":"PERIKO0729","format":"[Gen 9] OU","log":"|j|\u2606z9958\n|j|\u2606PERIKO0729\n|t:|1700522111\n|gametype|singles\n|player|p1|z9958|caitlin|1210\n|player|p2|PERIKO0729|lucas|1236\n|teamsize|p1|6\n|teamsize|p2|6\n|gen|9\n|tier|[Gen 9] OU\n|rated|\n|rule|Sleep Clause Mod: Limit one foe put to sleep\n|rule|Species Clause: Limit one of each Pok\u00e9mon\n|rule|OHKO Clause: OHKO moves are banned\n|rule|Evasion Items Clause: Evasion items are banned\n|rule|Evasion Moves Clause: Evasion moves are banned\n|rule|Endless Battle Clause: Forcing endless battles is banned\n|rule|HP Percentage Mod: HP is shown in percentages\n|clearpoke\n|poke|p1|Great Tusk|\n|poke|p1|Iron Moth|\n|poke|p1|Iron Valiant|\n|poke|p1|Kingambit, F|\n|poke|p1|Ogerpon-Wellspring, F|\n|poke|p1|Ribombee, F|\n|poke|p2|Poliwrath, F|\n|poke|p2|Pelipper, M|\n|poke|p2|Overqwil, M|\n|poke|p2|Rillaboom, M|\n|poke|p2|Iron Treads|\n|poke|p2|Zapdos|\n|teampreview\n|inactive|Battle timer is ON: inactive players will automatically lose when time's up. (requested by PERIKO0729)\n|inactive|z9958 also wants the timer to be on.\n|\n|t:|1700522126\n|start\n|switch|p1a: Ribombee|Ribombee, F|100\/100\n|switch|p2a: Pelipper|Pelipper, M|100\/100\n|-weather|RainDance|[from] ability: Drizzle|[of] p2a: Pelipper\n|turn|1\n|\n|t:|1700522134\n|move|p1a: Ribombee|Sticky Web|p2a: Pelipper\n|-sidestart|p2: PERIKO0729|move: Sticky Web\n|move|p2a: Pelipper|U-turn|p1a: Ribombee\n|-resisted|p1a: Ribombee\n|-damage|p1a: Ribombee|93\/100\n|\n|t:|1700522142\n|switch|p2a: Iron Treads|Iron Treads|100\/100|[from] U-turn\n|-activate|p2a: Iron Treads|move: Sticky Web\n|-unboost|p2a: Iron Treads|spe|1\n|\n|-weather|RainDance|[upkeep]\n|upkeep\n|turn|2\n|\n|t:|1700522167\n|switch|p1a: Great Tusk|Great Tusk|100\/100\n|move|p2a: Iron Treads|Rapid Spin|p1a: Great Tusk\n|-damage|p1a: Great Tusk|91\/100\n|-boost|p2a: Iron Treads|spe|1\n|-sideend|p2: PERIKO0729|Sticky Web|[from] move: Rapid Spin|[of] p2a: Iron Treads\n|\n|-weather|RainDance|[upkeep]\n|upkeep\n|turn|3\n|\n|t:|1700522180\n|move|p1a: Great Tusk|Knock Off|p2a: Iron Treads\n|-crit|p2a: Iron Treads\n|-damage|p2a: Iron Treads|58\/100\n|-enditem|p2a: Iron Treads|Assault Vest|[from] move: Knock Off|[of] p1a: Great Tusk\n|move|p2a: Iron Treads|Ice Spinner|p1a: Great Tusk\n|-supereffective|p1a: Great Tusk\n|-damage|p1a: Great Tusk|57\/100\n|\n|-weather|RainDance|[upkeep]\n|upkeep\n|turn|4\n|\n|t:|1700522197\n|-end|p2a: Iron Treads|Quark Drive|[silent]\n|switch|p2a: Zapdos|Zapdos|100\/100\n|move|p1a: Great Tusk|Headlong Rush|p2a: Zapdos\n|-immune|p2a: Zapdos\n|\n|-weather|RainDance|[upkeep]\n|upkeep\n|turn|5\n|\n|t:|1700522206\n|-end|p1a: Great Tusk|Protosynthesis|[silent]\n|switch|p1a: Ribombee|Ribombee, F|93\/100\n|move|p2a: Zapdos|Weather Ball|p1a: Ribombee\n|-damage|p1a: Ribombee|0 fnt\n|faint|p1a: Ribombee\n|\n|-weather|RainDance|[upkeep]\n|upkeep\n|\n|t:|1700522215\n|switch|p1a: Ogerpon|Ogerpon-Wellspring, F|100\/100\n|turn|6\n|\n|t:|1700522219\n|move|p1a: Ogerpon|Encore|p2a: Zapdos\n|-start|p2a: Zapdos|Encore\n|move|p2a: Zapdos|Weather Ball|p1a: Ogerpon\n|-immune|p1a: Ogerpon|[from] ability: Water Absorb\n|\n|-weather|RainDance|[upkeep]\n|upkeep\n|turn|7\n|\n|t:|1700522228\n|switch|p2a: Overqwil|Overqwil, M|100\/100\n|move|p1a: Ogerpon|Ivy Cudgel|p2a: Overqwil|[anim] Ivy Cudgel Water\n|-damage|p2a: Overqwil|3\/100\n|\n|-weather|RainDance|[upkeep]\n|upkeep\n|turn|8\n|\n|t:|1700522241\n|switch|p1a: Kingambit|Kingambit, F|100\/100\n|-activate|p1a: Kingambit|ability: Supreme Overlord\n|-start|p1a: Kingambit|fallen1|[silent]\n|move|p2a: Overqwil|Gunk Shot|p1a: Kingambit\n|-immune|p1a: Kingambit\n|\n|-weather|none\n|upkeep\n|turn|9\n|\n|t:|1700522251\n|move|p2a: Overqwil|Liquidation|p1a: Kingambit\n|-crit|p1a: Kingambit\n|-damage|p1a: Kingambit|55\/100\n|-damage|p2a: Overqwil|0 fnt|[from] item: Life Orb\n|faint|p2a: Overqwil\n|move|p1a: Kingambit|Kowtow Cleave|p2: Overqwil|[notarget]\n|-fail|p1a: Kingambit\n|\n|-heal|p1a: Kingambit|61\/100|[from] item: Leftovers\n|upkeep\n|\n|t:|1700522264\n|switch|p2a: Iron Treads|Iron Treads|58\/100\n|turn|10\n|\n|t:|1700522270\n|-end|p1a: Kingambit|fallen1|[silent]\n|switch|p1a: Great Tusk|Great Tusk|57\/100\n|move|p2a: Iron Treads|Earth Power|p1a: Great Tusk\n|-damage|p1a: Great Tusk|0 fnt\n|faint|p1a: Great Tusk\n|-end|p1a: Great Tusk|Protosynthesis|[silent]\n|\n|upkeep\n|\n|t:|1700522276\n|switch|p1a: Ogerpon|Ogerpon-Wellspring, F|100\/100\n|turn|11\n|\n|t:|1700522288\n|move|p1a: Ogerpon|Ivy Cudgel|p2a: Iron Treads|[anim] Ivy Cudgel Water\n|-supereffective|p2a: Iron Treads\n|-crit|p2a: Iron Treads\n|-damage|p2a: Iron Treads|0 fnt\n|faint|p2a: Iron Treads\n|-end|p2a: Iron Treads|Quark Drive|[silent]\n|\n|upkeep\n|\n|t:|1700522294\n|switch|p2a: Pelipper|Pelipper, M|100\/100\n|-weather|RainDance|[from] ability: Drizzle|[of] p2a: Pelipper\n|turn|12\n|\n|t:|1700522305\n|move|p1a: Ogerpon|Power Whip|p2a: Pelipper\n|-damage|p2a: Pelipper|30\/100\n|move|p2a: Pelipper|U-turn|p1a: Ogerpon\n|-supereffective|p1a: Ogerpon\n|-damage|p1a: Ogerpon|78\/100\n|\n|t:|1700522319\n|switch|p2a: Zapdos|Zapdos|100\/100|[from] U-turn\n|\n|-weather|RainDance|[upkeep]\n|upkeep\n|turn|13\n|\n|t:|1700522330\n|move|p1a: Ogerpon|Ivy Cudgel|p2a: Zapdos|[anim] Ivy Cudgel Water\n|-damage|p2a: Zapdos|1\/100\n|move|p2a: Zapdos|Hurricane|p1a: Ogerpon\n|-supereffective|p1a: Ogerpon\n|-damage|p1a: Ogerpon|0 fnt\n|faint|p1a: Ogerpon\n|\n|-weather|RainDance|[upkeep]\n|upkeep\n|\n|t:|1700522343\n|switch|p1a: Iron Valiant|Iron Valiant|100\/100\n|-enditem|p1a: Iron Valiant|Booster Energy\n|-activate|p1a: Iron Valiant|ability: Quark Drive|[fromitem]\n|-start|p1a: Iron Valiant|quarkdrivespe\n|turn|14\n|\n|t:|1700522349\n|move|p1a: Iron Valiant|Moonblast|p2a: Zapdos\n|-damage|p2a: Zapdos|0 fnt\n|faint|p2a: Zapdos\n|\n|-weather|RainDance|[upkeep]\n|upkeep\n|\n|t:|1700522356\n|switch|p2a: Poliwrath|Poliwrath, F|100\/100\n|turn|15\n|\n|t:|1700522364\n|-terastallize|p1a: Iron Valiant|Fairy\n|-terastallize|p2a: Poliwrath|Poison\n|move|p1a: Iron Valiant|Moonblast|p2a: Poliwrath\n|-resisted|p2a: Poliwrath\n|-damage|p2a: Poliwrath|66\/100\n|-unboost|p2a: Poliwrath|spa|1\n|move|p2a: Poliwrath|Tera Blast|p1a: Iron Valiant|[anim] Tera Blast Poison\n|-supereffective|p1a: Iron Valiant\n|-damage|p1a: Iron Valiant|20\/100\n|\n|-weather|RainDance|[upkeep]\n|upkeep\n|turn|16\n|\n|t:|1700522387\n|-end|p1a: Iron Valiant|Quark Drive|[silent]\n|switch|p1a: Kingambit|Kingambit, F|61\/100\n|-activate|p1a: Kingambit|ability: Supreme Overlord\n|-start|p1a: Kingambit|fallen3|[silent]\n|move|p2a: Poliwrath|Tera Blast|p1a: Kingambit|[anim] Tera Blast Poison\n|-immune|p1a: Kingambit\n|\n|-weather|RainDance|[upkeep]\n|-heal|p1a: Kingambit|67\/100|[from] item: Leftovers\n|upkeep\n|turn|17\n|\n|t:|1700522397\n|move|p2a: Poliwrath|Drain Punch|p1a: Kingambit\n|-supereffective|p1a: Kingambit\n|-damage|p1a: Kingambit|0 fnt\n|-heal|p2a: Poliwrath|100\/100|[from] drain|[of] p1a: Kingambit\n|faint|p1a: Kingambit\n|-end|p1a: Kingambit|fallen3|[silent]\n|\n|-weather|RainDance|[upkeep]\n|upkeep\n|\n|t:|1700522403\n|switch|p1a: Iron Moth|Iron Moth|100\/100\n|-enditem|p1a: Iron Moth|Booster Energy\n|-activate|p1a: Iron Moth|ability: Quark Drive|[fromitem]\n|-start|p1a: Iron Moth|quarkdrivespa\n|turn|18\n|\n|t:|1700522411\n|move|p2a: Poliwrath|Liquidation|p1a: Iron Moth\n|-supereffective|p1a: Iron Moth\n|-damage|p1a: Iron Moth|0 fnt\n|faint|p1a: Iron Moth\n|-end|p1a: Iron Moth|Quark Drive|[silent]\n|\n|-weather|RainDance|[upkeep]\n|upkeep\n|\n|t:|1700522416\n|switch|p1a: Iron Valiant|Iron Valiant, tera:Fairy|20\/100\n|turn|19\n|\n|t:|1700522425\n|move|p2a: Poliwrath|Tera Blast|p1a: Iron Valiant|[anim] Tera Blast Poison\n|-supereffective|p1a: Iron Valiant\n|-damage|p1a: Iron Valiant|0 fnt\n|faint|p1a: Iron Valiant\n|-end|p1a: Iron Valiant|Quark Drive|[silent]\n|\n|win|PERIKO0729\n|raw|z9958's rating: 1210 &rarr; <strong>1187<\/strong><br \/>(-23 for losing)\n|raw|PERIKO0729's rating: 1236 &rarr; <strong>1259<\/strong><br \/>(+23 for winning)\n|l|\u2606z9958\n","uploadtime":1700522434,"views":8,"p1id":"z9958","p2id":"periko0729","formatid":"gen9ou","rating":1187,"private":0,"password":""}