{"id":"gen9ou-1991563381","p1":"dylanmorgan2217","p2":"tacodog 123412","format":"[Gen 9] OU","log":"|j|\u203ddylanmorgan2217\n|j|\u2606tacodog 123412\n|t:|1700088741\n|gametype|singles\n|player|p1|dylanmorgan2217|1|1478\n|player|p2|tacodog 123412|kieran-festival|1572\n|teamsize|p1|6\n|teamsize|p2|6\n|gen|9\n|tier|[Gen 9] OU\n|rated|\n|rule|Sleep Clause Mod: Limit one foe put to sleep\n|rule|Species Clause: Limit one of each Pok\u00e9mon\n|rule|OHKO Clause: OHKO moves are banned\n|rule|Evasion Items Clause: Evasion items are banned\n|rule|Evasion Moves Clause: Evasion moves are banned\n|rule|Endless Battle Clause: Forcing endless battles is banned\n|rule|HP Percentage Mod: HP is shown in percentages\n|clearpoke\n|poke|p1|Rillaboom, M|\n|poke|p1|Sneasler, M|\n|poke|p1|Great Tusk|\n|poke|p1|Heatran, F|\n|poke|p1|Zapdos|\n|poke|p1|Alomomola, M|\n|poke|p2|Weavile, F|\n|poke|p2|Amoonguss, M|\n|poke|p2|Garganacl, F|\n|poke|p2|Maushold|\n|poke|p2|Kingambit, F|\n|poke|p2|Samurott-Hisui, M|\n|teampreview\n|inactive|Battle timer is ON: inactive players will automatically lose when time's up. (requested by dylanmorgan2217)\n|\n|t:|1700088758\n|start\n|switch|p1a: Zapdos|Zapdos|100\/100\n|switch|p2a: Garganacl|Garganacl, F|100\/100\n|turn|1\n|\n|t:|1700088763\n|move|p1a: Zapdos|Volt Switch|p2a: Garganacl\n|-damage|p2a: Garganacl|78\/100\n|\n|t:|1700088767\n|switch|p1a: Rillaboom|Rillaboom, M|100\/100|[from] Volt Switch\n|-fieldstart|move: Grassy Terrain|[from] ability: Grassy Surge|[of] p1a: Rillaboom\n|move|p2a: Garganacl|Salt Cure|p1a: Rillaboom\n|-damage|p1a: Rillaboom|86\/100\n|-start|p1a: Rillaboom|Salt Cure\n|\n|-heal|p1a: Rillaboom|92\/100|[from] Grassy Terrain\n|-heal|p2a: Garganacl|84\/100|[from] Grassy Terrain\n|-heal|p2a: Garganacl|90\/100|[from] item: Leftovers\n|-damage|p1a: Rillaboom|79\/100|[from] Salt Cure\n|upkeep\n|turn|2\n|\n|t:|1700088776\n|-terastallize|p2a: Garganacl|Fairy\n|move|p1a: Rillaboom|Knock Off|p2a: Garganacl\n|-resisted|p2a: Garganacl\n|-crit|p2a: Garganacl\n|-damage|p2a: Garganacl|69\/100\n|-enditem|p2a: Garganacl|Leftovers|[from] move: Knock Off|[of] p1a: Rillaboom\n|-damage|p1a: Rillaboom|69\/100|[from] item: Life Orb\n|move|p2a: Garganacl|Iron Defense|p2a: Garganacl\n|-boost|p2a: Garganacl|def|2\n|\n|-heal|p1a: Rillaboom|76\/100|[from] Grassy Terrain\n|-heal|p2a: Garganacl|75\/100|[from] Grassy Terrain\n|-damage|p1a: Rillaboom|63\/100|[from] Salt Cure\n|upkeep\n|turn|3\n|\n|t:|1700088783\n|switch|p1a: Zapdos|Zapdos|100\/100\n|move|p2a: Garganacl|Salt Cure|p1a: Zapdos\n|-supereffective|p1a: Zapdos\n|-damage|p1a: Zapdos|67\/100\n|-start|p1a: Zapdos|Salt Cure\n|\n|-heal|p2a: Garganacl|81\/100|[from] Grassy Terrain\n|-damage|p1a: Zapdos|54\/100|[from] Salt Cure\n|upkeep\n|turn|4\n|\n|t:|1700088787\n|move|p1a: Zapdos|Volt Switch|p2a: Garganacl\n|-damage|p2a: Garganacl|56\/100\n|\n|t:|1700088793\n|switch|p1a: Heatran|Heatran, F|100\/100|[from] Volt Switch\n|move|p2a: Garganacl|Iron Defense|p2a: Garganacl\n|-boost|p2a: Garganacl|def|2\n|\n|-heal|p2a: Garganacl|63\/100|[from] Grassy Terrain\n|upkeep\n|turn|5\n|\n|t:|1700088797\n|move|p1a: Heatran|Flamethrower|p2a: Garganacl\n|-damage|p2a: Garganacl|34\/100\n|move|p2a: Garganacl|Recover|p2a: Garganacl\n|-heal|p2a: Garganacl|84\/100\n|\n|-heal|p2a: Garganacl|91\/100|[from] Grassy Terrain\n|-fieldend|move: Grassy Terrain\n|upkeep\n|turn|6\n|\n|t:|1700088801\n|move|p1a: Heatran|Flamethrower|p2a: Garganacl\n|-damage|p2a: Garganacl|64\/100\n|move|p2a: Garganacl|Salt Cure|p1a: Heatran\n|-damage|p1a: Heatran|89\/100\n|-start|p1a: Heatran|Salt Cure\n|\n|-heal|p1a: Heatran|96\/100|[from] item: Leftovers\n|-damage|p1a: Heatran|71\/100|[from] Salt Cure\n|upkeep\n|turn|7\n|\n|t:|1700088805\n|move|p1a: Heatran|Flamethrower|p2a: Garganacl\n|-damage|p2a: Garganacl|38\/100\n|move|p2a: Garganacl|Recover|p2a: Garganacl\n|-heal|p2a: Garganacl|88\/100\n|\n|-heal|p1a: Heatran|77\/100|[from] item: Leftovers\n|-damage|p1a: Heatran|52\/100|[from] Salt Cure\n|upkeep\n|turn|8\n|\n|t:|1700088809\n|switch|p1a: Alomomola|Alomomola, M|100\/100\n|move|p2a: Garganacl|Body Press|p1a: Alomomola\n|-damage|p1a: Alomomola|56\/100\n|-damage|p2a: Garganacl|72\/100|[from] item: Rocky Helmet|[of] p1a: Alomomola\n|\n|upkeep\n|turn|9\n|\n|t:|1700088812\n|move|p1a: Alomomola|Scald|p2a: Garganacl\n|-damage|p2a: Garganacl|63\/100\n|move|p2a: Garganacl|Iron Defense|p2a: Garganacl\n|-boost|p2a: Garganacl|def|2\n|\n|upkeep\n|turn|10\n|\n|t:|1700088816\n|move|p1a: Alomomola|Scald|p2a: Garganacl\n|-damage|p2a: Garganacl|54\/100\n|move|p2a: Garganacl|Body Press|p1a: Alomomola\n|-damage|p1a: Alomomola|0 fnt\n|-damage|p2a: Garganacl|38\/100|[from] item: Rocky Helmet|[of] p1a: Alomomola\n|faint|p1a: Alomomola\n|\n|upkeep\n|\n|t:|1700088821\n|switch|p1a: Sneasler|Sneasler, M|100\/100\n|turn|11\n|\n|t:|1700088823\n|move|p1a: Sneasler|Dire Claw|p2a: Garganacl\n|-supereffective|p2a: Garganacl\n|-damage|p2a: Garganacl|22\/100\n|move|p2a: Garganacl|Recover|p2a: Garganacl\n|-heal|p2a: Garganacl|72\/100\n|\n|upkeep\n|turn|12\n|\n|t:|1700088827\n|move|p1a: Sneasler|Swords Dance|p1a: Sneasler\n|-boost|p1a: Sneasler|atk|2\n|move|p2a: Garganacl|Recover|p2a: Garganacl\n|-heal|p2a: Garganacl|100\/100\n|\n|upkeep\n|turn|13\n|\n|t:|1700088830\n|move|p1a: Sneasler|Swords Dance|p1a: Sneasler\n|-boost|p1a: Sneasler|atk|2\n|move|p2a: Garganacl|Body Press|p1a: Sneasler\n|-resisted|p1a: Sneasler\n|-damage|p1a: Sneasler|26\/100\n|\n|upkeep\n|turn|14\n|\n|t:|1700088834\n|move|p1a: Sneasler|Dire Claw|p2a: Garganacl\n|-supereffective|p2a: Garganacl\n|-damage|p2a: Garganacl|54\/100\n|move|p2a: Garganacl|Body Press|p1a: Sneasler\n|-resisted|p1a: Sneasler\n|-damage|p1a: Sneasler|0 fnt\n|faint|p1a: Sneasler\n|\n|upkeep\n|\n|t:|1700088840\n|switch|p1a: Heatran|Heatran, F|52\/100\n|turn|15\n|\n|t:|1700088844\n|move|p1a: Heatran|Flamethrower|p2a: Garganacl\n|-damage|p2a: Garganacl|26\/100\n|move|p2a: Garganacl|Recover|p2a: Garganacl\n|-heal|p2a: Garganacl|76\/100\n|\n|-heal|p1a: Heatran|58\/100|[from] item: Leftovers\n|upkeep\n|turn|16\n|\n|t:|1700088851\n|move|p1a: Heatran|Flamethrower|p2a: Garganacl\n|-damage|p2a: Garganacl|47\/100\n|move|p2a: Garganacl|Body Press|p1a: Heatran\n|-supereffective|p1a: Heatran\n|-damage|p1a: Heatran|0 fnt\n|faint|p1a: Heatran\n|\n|upkeep\n|\n|t:|1700088855\n|switch|p1a: Great Tusk|Great Tusk|100\/100\n|turn|17\n|-message|dylanmorgan2217 forfeited.\n|\n|win|tacodog 123412\n|raw|dylanmorgan2217's rating: 1478 &rarr; <strong>1463<\/strong><br \/>(-15 for losing)\n|raw|tacodog 123412's rating: 1572 &rarr; <strong>1587<\/strong><br \/>(+15 for winning)\n|l|\u203ddylanmorgan2217\n","uploadtime":1700088862,"views":15,"p1id":"dylanmorgan2217","p2id":"tacodog123412","formatid":"gen9ou","rating":1463,"private":0,"password":""}