{"id":"gen9ou-1991388426","p1":"Froge0222","p2":"grasstyperuler","format":"[Gen 9] OU","log":"|j|\u2606Froge0222\n|j|\u2606grasstyperuler\n|t:|1700072962\n|gametype|singles\n|player|p1|Froge0222|volkner|1138\n|player|p2|grasstyperuler|102|1203\n|teamsize|p1|6\n|teamsize|p2|6\n|gen|9\n|tier|[Gen 9] OU\n|rated|\n|rule|Sleep Clause Mod: Limit one foe put to sleep\n|rule|Species Clause: Limit one of each Pok\u00e9mon\n|rule|OHKO Clause: OHKO moves are banned\n|rule|Evasion Items Clause: Evasion items are banned\n|rule|Evasion Moves Clause: Evasion moves are banned\n|rule|Endless Battle Clause: Forcing endless battles is banned\n|rule|HP Percentage Mod: HP is shown in percentages\n|clearpoke\n|poke|p1|Rillaboom, F|\n|poke|p1|Ogerpon-Wellspring, F|\n|poke|p1|Sneasler, M|\n|poke|p1|Cinderace, M|\n|poke|p1|Kingambit, F|\n|poke|p1|Great Tusk|\n|poke|p2|Ribombee, F|\n|poke|p2|Manaphy|\n|poke|p2|Breloom, F|\n|poke|p2|Arcanine-Hisui, F|\n|poke|p2|Jirachi|\n|poke|p2|Great Tusk|\n|teampreview\n|inactive|Battle timer is ON: inactive players will automatically lose when time's up. (requested by Froge0222)\n|\n|t:|1700072984\n|start\n|switch|p1a: Cinderace|Cinderace, M|100\/100\n|switch|p2a: Ribombee|Ribombee, F|100\/100\n|turn|1\n|\n|t:|1700072993\n|move|p2a: Ribombee|Moonblast|p1a: Cinderace\n|-resisted|p1a: Cinderace\n|-damage|p1a: Cinderace|75\/100\n|move|p1a: Cinderace|U-turn|p2a: Ribombee\n|-resisted|p2a: Ribombee\n|-damage|p2a: Ribombee|81\/100\n|\n|t:|1700072999\n|switch|p1a: Great Tusk|Great Tusk|100\/100|[from] U-turn\n|-enditem|p1a: Great Tusk|Booster Energy\n|-activate|p1a: Great Tusk|ability: Protosynthesis|[fromitem]\n|-start|p1a: Great Tusk|protosynthesisdef\n|\n|upkeep\n|turn|2\n|\n|t:|1700073009\n|move|p2a: Ribombee|Moonblast|p1a: Great Tusk\n|-supereffective|p1a: Great Tusk\n|-damage|p1a: Great Tusk|0 fnt\n|faint|p1a: Great Tusk\n|-end|p1a: Great Tusk|Protosynthesis|[silent]\n|\n|upkeep\n|\n|t:|1700073019\n|switch|p1a: Rillaboom|Rillaboom, F|100\/100\n|-fieldstart|move: Grassy Terrain|[from] ability: Grassy Surge|[of] p1a: Rillaboom\n|turn|3\n|\n|t:|1700073026\n|-terastallize|p2a: Ribombee|Bug\n|move|p1a: Rillaboom|Grassy Glide|p2a: Ribombee\n|-resisted|p2a: Ribombee\n|-damage|p2a: Ribombee|41\/100\n|move|p2a: Ribombee|Bug Buzz|p1a: Rillaboom\n|-supereffective|p1a: Rillaboom\n|-damage|p1a: Rillaboom|0 fnt\n|faint|p1a: Rillaboom\n|\n|-heal|p2a: Ribombee|47\/100|[from] Grassy Terrain\n|upkeep\n|\n|t:|1700073034\n|switch|p1a: Sneasler|Sneasler, M|100\/100\n|-enditem|p1a: Sneasler|Grassy Seed\n|-boost|p1a: Sneasler|def|1|[from] item: Grassy Seed\n|turn|4\n|\n|t:|1700073043\n|move|p1a: Sneasler|Dire Claw|p2a: Ribombee\n|-damage|p2a: Ribombee|0 fnt\n|faint|p2a: Ribombee\n|\n|upkeep\n|\n|t:|1700073053\n|switch|p2a: Jirachi|Jirachi|100\/100\n|turn|5\n|\n|t:|1700073064\n|-terastallize|p1a: Sneasler|Ghost\n|move|p1a: Sneasler|Swords Dance|p1a: Sneasler\n|-boost|p1a: Sneasler|atk|2\n|move|p2a: Jirachi|Thunder Wave|p1a: Sneasler\n|-status|p1a: Sneasler|par\n|\n|upkeep\n|turn|6\n|\n|t:|1700073073\n|move|p1a: Sneasler|Shadow Claw|p2a: Jirachi\n|-supereffective|p2a: Jirachi\n|-damage|p2a: Jirachi|0 fnt\n|faint|p2a: Jirachi\n|\n|upkeep\n|\n|t:|1700073081\n|switch|p2a: Manaphy|Manaphy|100\/100\n|turn|7\n|\n|t:|1700073088\n|move|p1a: Sneasler|Dire Claw|p2a: Manaphy\n|-damage|p2a: Manaphy|12\/100\n|move|p2a: Manaphy|Surf|p1a: Sneasler\n|-damage|p1a: Sneasler|48\/100 par\n|\n|-heal|p1a: Sneasler|54\/100 par|[from] Grassy Terrain\n|-heal|p2a: Manaphy|18\/100|[from] Grassy Terrain\n|-heal|p2a: Manaphy|25\/100|[from] item: Leftovers\n|upkeep\n|turn|8\n|\n|t:|1700073098\n|cant|p1a: Sneasler|par\n|move|p2a: Manaphy|Surf|p1a: Sneasler\n|-damage|p1a: Sneasler|0 fnt\n|faint|p1a: Sneasler\n|\n|-heal|p2a: Manaphy|31\/100|[from] Grassy Terrain\n|-heal|p2a: Manaphy|37\/100|[from] item: Leftovers\n|upkeep\n|\n|t:|1700073103\n|switch|p1a: Ogerpon|Ogerpon-Wellspring, F|100\/100\n|turn|9\n|\n|t:|1700073110\n|move|p1a: Ogerpon|Swords Dance|p1a: Ogerpon\n|-boost|p1a: Ogerpon|atk|2\n|move|p2a: Manaphy|Ice Beam|p1a: Ogerpon\n|-damage|p1a: Ogerpon|69\/100\n|\n|-heal|p1a: Ogerpon|75\/100|[from] Grassy Terrain\n|-heal|p2a: Manaphy|43\/100|[from] Grassy Terrain\n|-heal|p2a: Manaphy|49\/100|[from] item: Leftovers\n|upkeep\n|turn|10\n|\n|t:|1700073121\n|move|p1a: Ogerpon|Horn Leech|p2a: Manaphy\n|-supereffective|p2a: Manaphy\n|-damage|p2a: Manaphy|0 fnt\n|-heal|p1a: Ogerpon|100\/100|[from] drain|[of] p2a: Manaphy\n|faint|p2a: Manaphy\n|\n|-fieldend|move: Grassy Terrain\n|upkeep\n|\n|t:|1700073130\n|switch|p2a: Breloom|Breloom, F|100\/100\n|turn|11\n|\n|t:|1700073134\n|move|p2a: Breloom|Mach Punch|p1a: Ogerpon\n|-damage|p1a: Ogerpon|61\/100\n|move|p1a: Ogerpon|Ivy Cudgel|p2a: Breloom|[anim] Ivy Cudgel Water\n|-resisted|p2a: Breloom\n|-damage|p2a: Breloom|14\/100\n|\n|upkeep\n|turn|12\n|\n|t:|1700073141\n|move|p2a: Breloom|Mach Punch|p1a: Ogerpon\n|-damage|p1a: Ogerpon|19\/100\n|move|p1a: Ogerpon|Ivy Cudgel|p2a: Breloom|[anim] Ivy Cudgel Water\n|-resisted|p2a: Breloom\n|-damage|p2a: Breloom|0 fnt\n|faint|p2a: Breloom\n|\n|upkeep\n|\n|t:|1700073147\n|switch|p2a: Arcanine|Arcanine-Hisui, F|100\/100\n|turn|13\n|\n|t:|1700073152\n|move|p2a: Arcanine|Extreme Speed|p1a: Ogerpon\n|-damage|p1a: Ogerpon|0 fnt\n|faint|p1a: Ogerpon\n|\n|upkeep\n|\n|t:|1700073161\n|switch|p1a: Kingambit|Kingambit, F|100\/100\n|-activate|p1a: Kingambit|ability: Supreme Overlord\n|-start|p1a: Kingambit|fallen4|[silent]\n|turn|14\n|\n|t:|1700073166\n|move|p1a: Kingambit|Sucker Punch|p2a: Arcanine\n|-damage|p2a: Arcanine|33\/100\n|move|p2a: Arcanine|Close Combat|p1a: Kingambit\n|-supereffective|p1a: Kingambit\n|-damage|p1a: Kingambit|0 fnt\n|-unboost|p2a: Arcanine|def|1\n|-unboost|p2a: Arcanine|spd|1\n|faint|p1a: Kingambit\n|-end|p1a: Kingambit|fallen4|[silent]\n|\n|upkeep\n|\n|t:|1700073169\n|switch|p1a: Cinderace|Cinderace, M|75\/100\n|turn|15\n|\n|t:|1700073176\n|move|p2a: Arcanine|Extreme Speed|p1a: Cinderace\n|-damage|p1a: Cinderace|45\/100\n|move|p1a: Cinderace|Pyro Ball|p2a: Arcanine|[miss]\n|-miss|p1a: Cinderace|p2a: Arcanine\n|\n|upkeep\n|turn|16\n|-message|Froge0222 forfeited.\n|\n|win|grasstyperuler\n|raw|Froge0222's rating: 1138 &rarr; <strong>1118<\/strong><br \/>(-20 for losing)\n|raw|grasstyperuler's rating: 1203 &rarr; <strong>1223<\/strong><br \/>(+20 for winning)\n|l|\u2606Froge0222\n","uploadtime":1700073192,"views":7,"p1id":"froge0222","p2id":"grasstyperuler","formatid":"gen9ou","rating":1118,"private":0,"password":""}