{"id":"gen9ou-1999991083","p1":"Kaiserdestroyer","p2":"D.Black_0","format":"[Gen 9] OU","log":"|j|\u2606Kaiserdestroyer\n|j|\u2606D.Black_0\n|t:|1701138475\n|gametype|singles\n|player|p1|Kaiserdestroyer|steven|\n|player|p2|D.Black_0|102|\n|teamsize|p1|6\n|teamsize|p2|6\n|gen|9\n|tier|[Gen 9] OU\n|rule|Sleep Clause Mod: Limit one foe put to sleep\n|rule|Species Clause: Limit one of each Pok\u00e9mon\n|rule|OHKO Clause: OHKO moves are banned\n|rule|Evasion Items Clause: Evasion items are banned\n|rule|Evasion Moves Clause: Evasion moves are banned\n|rule|Endless Battle Clause: Forcing endless battles is banned\n|rule|HP Percentage Mod: HP is shown in percentages\n|clearpoke\n|poke|p1|Glimmora, M|\n|poke|p1|Iron Moth|\n|poke|p1|Garganacl, F|\n|poke|p1|Vaporeon, F|\n|poke|p1|Heracross, M|\n|poke|p1|Iron Thorns|\n|poke|p2|Garchomp, M|\n|poke|p2|Conkeldurr, M|\n|poke|p2|Ogerpon-Wellspring, F|\n|poke|p2|Slowbro, F|\n|poke|p2|Zapdos|\n|poke|p2|Goodra-Hisui, M|\n|teampreview\n|\n|t:|1701138487\n|start\n|switch|p1a: Garganacl|Garganacl, F|100\/100\n|switch|p2a: Conkeldurr|Conkeldurr, M|100\/100\n|turn|1\n|\n|t:|1701138495\n|-terastallize|p1a: Garganacl|Water\n|move|p2a: Conkeldurr|Earthquake|p1a: Garganacl\n|-damage|p1a: Garganacl|72\/100\n|move|p1a: Garganacl|Iron Defense|p1a: Garganacl\n|-boost|p1a: Garganacl|def|2\n|\n|-heal|p1a: Garganacl|78\/100|[from] item: Leftovers\n|-status|p2a: Conkeldurr|brn|[from] item: Flame Orb\n|upkeep\n|turn|2\n|\n|t:|1701138507\n|move|p2a: Conkeldurr|Thunder Punch|p1a: Garganacl\n|-supereffective|p1a: Garganacl\n|-damage|p1a: Garganacl|47\/100\n|move|p1a: Garganacl|Salt Cure|p2a: Conkeldurr\n|-resisted|p2a: Conkeldurr\n|-damage|p2a: Conkeldurr|94\/100 brn\n|-start|p2a: Conkeldurr|Salt Cure\n|\n|-heal|p1a: Garganacl|53\/100|[from] item: Leftovers\n|-damage|p2a: Conkeldurr|88\/100 brn|[from] brn\n|-damage|p2a: Conkeldurr|76\/100 brn|[from] Salt Cure\n|upkeep\n|turn|3\n|\n|t:|1701138542\n|switch|p2a: Zapdos|Zapdos|100\/100\n|move|p1a: Garganacl|Recover|p1a: Garganacl\n|-heal|p1a: Garganacl|100\/100\n|\n|upkeep\n|turn|4\n|l|\u2606Kaiserdestroyer\n|player|p1|\n|j|\u2606Kaiserdestroyer\n|player|p1|Kaiserdestroyer|steven\n|\n|t:|1701138556\n|move|p2a: Zapdos|Thunderbolt|p1a: Garganacl\n|-supereffective|p1a: Garganacl\n|-damage|p1a: Garganacl|38\/100\n|move|p1a: Garganacl|Salt Cure|p2a: Zapdos\n|-supereffective|p2a: Zapdos\n|-damage|p2a: Zapdos|65\/100\n|-start|p2a: Zapdos|Salt Cure\n|\n|-heal|p1a: Garganacl|44\/100|[from] item: Leftovers\n|-damage|p2a: Zapdos|53\/100|[from] Salt Cure\n|upkeep\n|turn|5\n|\n|t:|1701138568\n|switch|p1a: Iron Moth|Iron Moth|100\/100\n|-enditem|p1a: Iron Moth|Booster Energy\n|-activate|p1a: Iron Moth|ability: Quark Drive|[fromitem]\n|-start|p1a: Iron Moth|quarkdrivespe\n|move|p2a: Zapdos|Thunderbolt|p1a: Iron Moth\n|-damage|p1a: Iron Moth|56\/100\n|\n|-damage|p2a: Zapdos|40\/100|[from] Salt Cure\n|upkeep\n|turn|6\n|\n|t:|1701138580\n|move|p1a: Iron Moth|Fiery Dance|p2a: Zapdos\n|-damage|p2a: Zapdos|0 fnt\n|-boost|p1a: Iron Moth|spa|1\n|faint|p2a: Zapdos\n|\n|upkeep\n|\n|t:|1701138666\n|switch|p2a: Slowbro|Slowbro, F|100\/100\n|turn|7\n|\n|t:|1701138674\n|move|p1a: Iron Moth|Energy Ball|p2a: Slowbro\n|-supereffective|p2a: Slowbro\n|-damage|p2a: Slowbro|1\/100\n|move|p2a: Slowbro|Psychic|p1a: Iron Moth\n|-supereffective|p1a: Iron Moth\n|-damage|p1a: Iron Moth|0 fnt\n|faint|p1a: Iron Moth\n|-end|p1a: Iron Moth|Quark Drive|[silent]\n|\n|upkeep\n|\n|t:|1701138681\n|switch|p1a: Heracross|Heracross, M|100\/100\n|turn|8\n|\n|t:|1701138694\n|move|p1a: Heracross|Trailblaze|p2a: Slowbro\n|-supereffective|p2a: Slowbro\n|-damage|p2a: Slowbro|0 fnt\n|-boost|p1a: Heracross|spe|1\n|-damage|p1a: Heracross|84\/100|[from] item: Rocky Helmet|[of] p2a: Slowbro\n|faint|p2a: Slowbro\n|\n|-status|p1a: Heracross|brn|[from] item: Flame Orb\n|upkeep\n|\n|t:|1701138739\n|switch|p2a: Ogerpon|Ogerpon-Wellspring, F|100\/100\n|turn|9\n|\n|t:|1701138753\n|move|p1a: Heracross|Close Combat|p2a: Ogerpon\n|-crit|p2a: Ogerpon\n|-damage|p2a: Ogerpon|0 fnt\n|-unboost|p1a: Heracross|def|1\n|-unboost|p1a: Heracross|spd|1\n|faint|p2a: Ogerpon\n|\n|-damage|p1a: Heracross|78\/100 brn|[from] brn\n|upkeep\n|\n|t:|1701138802\n|switch|p2a: Garchomp|Garchomp, M|100\/100\n|turn|10\n|\n|t:|1701138823\n|switch|p1a: Vaporeon|Vaporeon, F|100\/100\n|-terastallize|p2a: Garchomp|Water\n|move|p2a: Garchomp|Fire Fang|p1a: Vaporeon\n|-resisted|p1a: Vaporeon\n|-damage|p1a: Vaporeon|94\/100\n|\n|-heal|p1a: Vaporeon|100\/100|[from] item: Leftovers\n|upkeep\n|turn|11\n|\n|t:|1701138845\n|switch|p2a: Conkeldurr|Conkeldurr, M|76\/100 brn\n|move|p1a: Vaporeon|Scald|p2a: Conkeldurr\n|-damage|p2a: Conkeldurr|40\/100 brn\n|\n|-damage|p2a: Conkeldurr|34\/100 brn|[from] brn\n|upkeep\n|turn|12\n|\n|t:|1701138855\n|move|p1a: Vaporeon|Scald|p2a: Conkeldurr\n|-damage|p2a: Conkeldurr|0 fnt\n|faint|p2a: Conkeldurr\n|\n|upkeep\n|\n|t:|1701138866\n|switch|p2a: Goodra|Goodra-Hisui, M|100\/100\n|turn|13\n|\n|t:|1701138913\n|switch|p1a: Garganacl|Garganacl, F, tera:Water|44\/100\n|move|p2a: Goodra|Ice Beam|p1a: Garganacl\n|-resisted|p1a: Garganacl\n|-damage|p1a: Garganacl|37\/100\n|\n|-heal|p1a: Garganacl|43\/100|[from] item: Leftovers\n|upkeep\n|turn|14\n|\n|t:|1701138938\n|move|p2a: Goodra|Surf|p1a: Garganacl\n|-resisted|p1a: Garganacl\n|-damage|p1a: Garganacl|36\/100\n|move|p1a: Garganacl|Salt Cure|p2a: Goodra\n|-resisted|p2a: Goodra\n|-damage|p2a: Goodra|95\/100\n|-start|p2a: Goodra|Salt Cure\n|\n|-heal|p1a: Garganacl|42\/100|[from] item: Leftovers\n|-damage|p2a: Goodra|70\/100|[from] Salt Cure\n|upkeep\n|turn|15\n|\n|t:|1701138950\n|move|p2a: Goodra|Flash Cannon|p1a: Garganacl\n|-resisted|p1a: Garganacl\n|-damage|p1a: Garganacl|32\/100\n|move|p1a: Garganacl|Recover|p1a: Garganacl\n|-heal|p1a: Garganacl|82\/100\n|\n|-heal|p1a: Garganacl|88\/100|[from] item: Leftovers\n|-damage|p2a: Goodra|45\/100|[from] Salt Cure\n|upkeep\n|turn|16\n|\n|t:|1701138966\n|move|p2a: Goodra|Surf|p1a: Garganacl\n|-resisted|p1a: Garganacl\n|-damage|p1a: Garganacl|81\/100\n|move|p1a: Garganacl|Earthquake|p2a: Goodra\n|-supereffective|p2a: Goodra\n|-damage|p2a: Goodra|11\/100\n|\n|-heal|p1a: Garganacl|87\/100|[from] item: Leftovers\n|-damage|p2a: Goodra|0 fnt|[from] Salt Cure\n|faint|p2a: Goodra\n|upkeep\n|c|\u2606Kaiserdestroyer|Gg bro\n|\n|t:|1701138979\n|switch|p2a: Garchomp|Garchomp, M, tera:Water|100\/100\n|turn|17\n|\n|t:|1701138986\n|move|p2a: Garchomp|Earthquake|p1a: Garganacl\n|-damage|p1a: Garganacl|59\/100\n|move|p1a: Garganacl|Salt Cure|p2a: Garchomp\n|-damage|p2a: Garchomp|88\/100\n|-start|p2a: Garchomp|Salt Cure\n|\n|-heal|p1a: Garganacl|65\/100|[from] item: Leftovers\n|-damage|p2a: Garchomp|63\/100|[from] Salt Cure\n|upkeep\n|turn|18\n|\n|t:|1701138995\n|move|p2a: Garchomp|Earthquake|p1a: Garganacl\n|-damage|p1a: Garganacl|38\/100\n|move|p1a: Garganacl|Recover|p1a: Garganacl\n|-heal|p1a: Garganacl|88\/100\n|\n|-heal|p1a: Garganacl|94\/100|[from] item: Leftovers\n|-damage|p2a: Garchomp|38\/100|[from] Salt Cure\n|upkeep\n|turn|19\n|\n|t:|1701139005\n|move|p2a: Garchomp|Earthquake|p1a: Garganacl\n|-damage|p1a: Garganacl|65\/100\n|move|p1a: Garganacl|Recover|p1a: Garganacl\n|-heal|p1a: Garganacl|100\/100\n|\n|-damage|p2a: Garchomp|13\/100|[from] Salt Cure\n|upkeep\n|turn|20\n|\n|t:|1701139013\n|move|p2a: Garchomp|Earthquake|p1a: Garganacl\n|-damage|p1a: Garganacl|74\/100\n|move|p1a: Garganacl|Recover|p1a: Garganacl\n|-heal|p1a: Garganacl|100\/100\n|\n|-damage|p2a: Garchomp|0 fnt|[from] Salt Cure\n|faint|p2a: Garchomp\n|\n|win|Kaiserdestroyer\n|upkeep\n","uploadtime":1701139019,"views":12,"p1id":"kaiserdestroyer","p2id":"dblack0","formatid":"gen9ou","rating":0,"private":0,"password":""}