{"id":"gen9ou-1991629423","p1":"xiselo157","p2":"GabiruDelicia","format":"[Gen 9] OU","log":"|j|\u2606xiselo157\n|j|\u2606GabiruDelicia\n|t:|1700096083\n|gametype|singles\n|player|p1|xiselo157|parasollady|\n|player|p2|GabiruDelicia|101|\n|teamsize|p1|6\n|teamsize|p2|6\n|gen|9\n|tier|[Gen 9] OU\n|rule|Sleep Clause Mod: Limit one foe put to sleep\n|rule|Species Clause: Limit one of each Pok\u00e9mon\n|rule|OHKO Clause: OHKO moves are banned\n|rule|Evasion Items Clause: Evasion items are banned\n|rule|Evasion Moves Clause: Evasion moves are banned\n|rule|Endless Battle Clause: Forcing endless battles is banned\n|rule|HP Percentage Mod: HP is shown in percentages\n|clearpoke\n|poke|p1|Glimmora, M|\n|poke|p1|Dragonite, F|\n|poke|p1|Kingambit, M|\n|poke|p1|Iron Moth|\n|poke|p1|Gholdengo|\n|poke|p1|Samurott-Hisui, F|\n|poke|p2|Ogerpon-Wellspring, F|\n|poke|p2|Samurott-Hisui, M|\n|poke|p2|Gholdengo|\n|poke|p2|Great Tusk|\n|poke|p2|Iron Valiant|\n|poke|p2|Kingambit, F|\n|teampreview\n|inactive|Battle timer is ON: inactive players will automatically lose when time's up. (requested by GabiruDelicia)\n|\n|t:|1700096096\n|start\n|switch|p1a: Samurott|Samurott-Hisui, F|100\/100\n|switch|p2a: Samurott|Samurott-Hisui, M|100\/100\n|turn|1\n|c|\u2606xiselo157|gSa\n|\n|t:|1700096103\n|move|p1a: Samurott|Ceaseless Edge|p2a: Samurott\n|-resisted|p2a: Samurott\n|-damage|p2a: Samurott|71\/100\n|-sidestart|p2: GabiruDelicia|Spikes\n|move|p2a: Samurott|Sacred Sword|p1a: Samurott\n|-supereffective|p1a: Samurott\n|-enditem|p1a: Samurott|Focus Sash\n|-damage|p1a: Samurott|1\/100\n|\n|upkeep\n|turn|2\n|\n|t:|1700096109\n|move|p2a: Samurott|Aqua Jet|p1a: Samurott\n|-resisted|p1a: Samurott\n|-damage|p1a: Samurott|0 fnt\n|faint|p1a: Samurott\n|\n|upkeep\n|\n|t:|1700096124\n|switch|p1a: Iron Moth|Iron Moth|100\/100\n|-enditem|p1a: Iron Moth|Booster Energy\n|-activate|p1a: Iron Moth|ability: Quark Drive|[fromitem]\n|-start|p1a: Iron Moth|quarkdrivespe\n|turn|3\n|\n|t:|1700096137\n|-terastallize|p1a: Iron Moth|Fairy\n|move|p1a: Iron Moth|Fiery Dance|p2a: Samurott\n|-resisted|p2a: Samurott\n|-damage|p2a: Samurott|42\/100\n|-boost|p1a: Iron Moth|spa|1\n|move|p2a: Samurott|Ceaseless Edge|p1a: Iron Moth\n|-resisted|p1a: Iron Moth\n|-damage|p1a: Iron Moth|71\/100\n|-sidestart|p1: xiselo157|Spikes\n|\n|upkeep\n|turn|4\n|c|\u2606xiselo157|bjru, eu te mato?\n|\n|t:|1700096157\n|move|p2a: Samurott|Aqua Jet|p1a: Iron Moth\n|-damage|p1a: Iron Moth|45\/100\n|move|p1a: Iron Moth|Fiery Dance|p2a: Samurott\n|-resisted|p2a: Samurott\n|-crit|p2a: Samurott\n|-damage|p2a: Samurott|0 fnt\n|-boost|p1a: Iron Moth|spa|1\n|faint|p2a: Samurott\n|\n|upkeep\n|\n|t:|1700096169\n|switch|p2a: Iron Valiant|Iron Valiant|100\/100\n|-damage|p2a: Iron Valiant|88\/100|[from] Spikes\n|-enditem|p2a: Iron Valiant|Booster Energy\n|-activate|p2a: Iron Valiant|ability: Quark Drive|[fromitem]\n|-start|p2a: Iron Valiant|quarkdrivespe\n|turn|5\n|\n|t:|1700096178\n|move|p2a: Iron Valiant|Moonblast|p1a: Iron Moth\n|-damage|p1a: Iron Moth|0 fnt\n|faint|p1a: Iron Moth\n|-end|p1a: Iron Moth|Quark Drive|[silent]\n|\n|upkeep\n|\n|t:|1700096186\n|switch|p1a: Gholdengo|Gholdengo|100\/100\n|-item|p1a: Gholdengo|Air Balloon\n|turn|6\n|\n|t:|1700096193\n|move|p2a: Iron Valiant|Shadow Ball|p1a: Gholdengo\n|-supereffective|p1a: Gholdengo\n|-damage|p1a: Gholdengo|42\/100\n|-unboost|p1a: Gholdengo|spd|1\n|-enditem|p1a: Gholdengo|Air Balloon\n|move|p1a: Gholdengo|Dazzling Gleam|p2a: Iron Valiant\n|-supereffective|p2a: Iron Valiant\n|-damage|p2a: Iron Valiant|0 fnt\n|faint|p2a: Iron Valiant\n|-end|p2a: Iron Valiant|Quark Drive|[silent]\n|\n|upkeep\n|\n|t:|1700096207\n|switch|p2a: Ogerpon|Ogerpon-Wellspring, F|100\/100\n|-damage|p2a: Ogerpon|88\/100|[from] Spikes\n|turn|7\n|\n|t:|1700096212\n|move|p2a: Ogerpon|Ivy Cudgel|p1a: Gholdengo|[anim] Ivy Cudgel Water\n|-damage|p1a: Gholdengo|0 fnt\n|faint|p1a: Gholdengo\n|\n|upkeep\n|\n|t:|1700096219\n|switch|p1a: Dragonite|Dragonite, F|100\/100\n|turn|8\n|\n|t:|1700096224\n|move|p2a: Ogerpon|Knock Off|p1a: Dragonite\n|-damage|p1a: Dragonite|80\/100\n|-enditem|p1a: Dragonite|Heavy-Duty Boots|[from] move: Knock Off|[of] p2a: Ogerpon\n|move|p1a: Dragonite|Dragon Dance|p1a: Dragonite\n|-boost|p1a: Dragonite|atk|1\n|-boost|p1a: Dragonite|spe|1\n|\n|upkeep\n|turn|9\n|\n|t:|1700096244\n|move|p1a: Dragonite|Dragon Dance|p1a: Dragonite\n|-boost|p1a: Dragonite|atk|1\n|-boost|p1a: Dragonite|spe|1\n|move|p2a: Ogerpon|Ivy Cudgel|p1a: Dragonite|[anim] Ivy Cudgel Water\n|-resisted|p1a: Dragonite\n|-damage|p1a: Dragonite|50\/100\n|\n|upkeep\n|turn|10\n|\n|t:|1700096247\n|move|p1a: Dragonite|Extreme Speed|p2a: Ogerpon\n|-damage|p2a: Ogerpon|0 fnt\n|faint|p2a: Ogerpon\n|\n|upkeep\n|\n|t:|1700096253\n|switch|p2a: Gholdengo|Gholdengo|100\/100\n|-item|p2a: Gholdengo|Air Balloon\n|turn|11\n|\n|t:|1700096263\n|move|p1a: Dragonite|Fire Punch|p2a: Gholdengo\n|-supereffective|p2a: Gholdengo\n|-damage|p2a: Gholdengo|0 fnt\n|-enditem|p2a: Gholdengo|Air Balloon\n|faint|p2a: Gholdengo\n|\n|upkeep\n|\n|t:|1700096266\n|switch|p2a: Kingambit|Kingambit, F|100\/100\n|-damage|p2a: Kingambit|88\/100|[from] Spikes\n|-activate|p2a: Kingambit|ability: Supreme Overlord\n|-start|p2a: Kingambit|fallen4|[silent]\n|turn|12\n|\n|t:|1700096276\n|move|p2a: Kingambit|Sucker Punch|p1a: Dragonite\n|-damage|p1a: Dragonite|0 fnt\n|faint|p1a: Dragonite\n|\n|upkeep\n|\n|t:|1700096280\n|switch|p1a: Glimmora|Glimmora, M|100\/100\n|-damage|p1a: Glimmora|88\/100|[from] Spikes\n|turn|13\n|c|\u2606GabiruDelicia|Eu sou lindo\n|\n|t:|1700096305\n|move|p2a: Kingambit|Sucker Punch|p1a: Glimmora\n|-crit|p1a: Glimmora\n|-damage|p1a: Glimmora|0 fnt\n|-activate|p1a: Glimmora|ability: Toxic Debris\n|-sidestart|p2: GabiruDelicia|move: Toxic Spikes\n|faint|p1a: Glimmora\n|\n|upkeep\n|c|\u2606GabiruDelicia|Matou pq critou claramente\n|c|\u2606xiselo157|filho da puta,te odeio\n|\n|t:|1700096318\n|switch|p1a: Kingambit|Kingambit, M|100\/100\n|-damage|p1a: Kingambit|88\/100|[from] Spikes\n|-activate|p1a: Kingambit|ability: Supreme Overlord\n|-start|p1a: Kingambit|fallen5|[silent]\n|turn|14\n|\n|t:|1700096321\n|move|p2a: Kingambit|Low Kick|p1a: Kingambit\n|-supereffective|p1a: Kingambit\n|-damage|p1a: Kingambit|0 fnt\n|faint|p1a: Kingambit\n|-end|p1a: Kingambit|fallen5|[silent]\n|\n|win|GabiruDelicia\n","uploadtime":1700096328,"views":7,"p1id":"xiselo157","p2id":"gabirudelicia","formatid":"gen9ou","rating":0,"private":0,"password":""}