{"id":"gen9ou-1990173376","p1":"Jsthilaire","p2":"Blaine1111","format":"[Gen 9] OU","log":"|j|\u2606Jsthilaire\n|j|\u2606Blaine1111\n|t:|1699932805\n|gametype|singles\n|player|p1|Jsthilaire|266|1472\n|player|p2|Blaine1111|1|1391\n|teamsize|p1|6\n|teamsize|p2|6\n|gen|9\n|tier|[Gen 9] OU\n|rated|\n|rule|Sleep Clause Mod: Limit one foe put to sleep\n|rule|Species Clause: Limit one of each Pok\u00e9mon\n|rule|OHKO Clause: OHKO moves are banned\n|rule|Evasion Items Clause: Evasion items are banned\n|rule|Evasion Moves Clause: Evasion moves are banned\n|rule|Endless Battle Clause: Forcing endless battles is banned\n|rule|HP Percentage Mod: HP is shown in percentages\n|clearpoke\n|poke|p1|Hydreigon, F|\n|poke|p1|Ninetales-Alola, F|\n|poke|p1|Cetitan, M|\n|poke|p1|Great Tusk|\n|poke|p1|Weezing-Galar, F|\n|poke|p1|Landorus-Therian, M|\n|poke|p2|Torkoal, F|\n|poke|p2|Walking Wake|\n|poke|p2|Great Tusk|\n|poke|p2|Kingambit, F|\n|poke|p2|Maushold-Four|\n|poke|p2|Moltres|\n|teampreview\n|inactive|Battle timer is ON: inactive players will automatically lose when time's up. (requested by Blaine1111)\n|\n|t:|1699932822\n|start\n|switch|p1a: Weezing|Weezing-Galar, F|100\/100\n|switch|p2a: Maushold|Maushold-Four, shiny|100\/100\n|turn|1\n|\n|t:|1699932830\n|switch|p2a: Moltres|Moltres|100\/100\n|move|p1a: Weezing|Sludge Bomb|p2a: Moltres\n|-damage|p2a: Moltres|61\/100\n|\n|upkeep\n|turn|2\n|\n|t:|1699932841\n|switch|p2a: Kingambit|Kingambit, F|100\/100\n|move|p1a: Weezing|Sludge Bomb|p2a: Kingambit\n|-immune|p2a: Kingambit\n|\n|upkeep\n|turn|3\n|\n|t:|1699932846\n|switch|p1a: Great Tusk|Great Tusk|100\/100\n|-enditem|p1a: Great Tusk|Booster Energy\n|-activate|p1a: Great Tusk|ability: Protosynthesis|[fromitem]\n|-start|p1a: Great Tusk|protosynthesisspe\n|move|p2a: Kingambit|Iron Head|p1a: Great Tusk\n|-damage|p1a: Great Tusk|68\/100\n|\n|upkeep\n|turn|4\n|\n|t:|1699932860\n|-end|p2a: Kingambit|fallenundefined|[silent]\n|switch|p2a: Moltres|Moltres|61\/100\n|move|p1a: Great Tusk|Stealth Rock|p2a: Moltres\n|-sidestart|p2: Blaine1111|move: Stealth Rock\n|\n|upkeep\n|turn|5\n|\n|t:|1699932865\n|move|p1a: Great Tusk|Knock Off|p2a: Moltres\n|-damage|p2a: Moltres|36\/100\n|-status|p1a: Great Tusk|brn|[from] ability: Flame Body|[of] p2a: Moltres\n|-enditem|p2a: Moltres|Heavy-Duty Boots|[from] move: Knock Off|[of] p1a: Great Tusk\n|move|p2a: Moltres|Roost|p2a: Moltres\n|-heal|p2a: Moltres|86\/100\n|-singleturn|p2a: Moltres|move: Roost\n|\n|-damage|p1a: Great Tusk|62\/100 brn|[from] brn\n|upkeep\n|turn|6\n|\n|t:|1699932880\n|-end|p1a: Great Tusk|Protosynthesis|[silent]\n|switch|p1a: Hydreigon|Hydreigon, F|100\/100\n|move|p2a: Moltres|U-turn|p1a: Hydreigon\n|-supereffective|p1a: Hydreigon\n|-damage|p1a: Hydreigon|73\/100\n|\n|t:|1699932894\n|switch|p2a: Maushold|Maushold-Four, shiny|100\/100|[from] U-turn\n|-damage|p2a: Maushold|88\/100|[from] Stealth Rock\n|\n|upkeep\n|turn|7\n|\n|t:|1699932901\n|switch|p1a: Great Tusk|Great Tusk|62\/100 brn\n|move|p2a: Maushold|Population Bomb|p1a: Great Tusk\n|-damage|p1a: Great Tusk|56\/100 brn\n|-damage|p1a: Great Tusk|49\/100 brn\n|-damage|p1a: Great Tusk|42\/100 brn\n|-damage|p1a: Great Tusk|35\/100 brn\n|-damage|p1a: Great Tusk|27\/100 brn\n|-damage|p1a: Great Tusk|21\/100 brn\n|-damage|p1a: Great Tusk|13\/100 brn\n|-damage|p1a: Great Tusk|6\/100 brn\n|-damage|p1a: Great Tusk|0 fnt\n|faint|p1a: Great Tusk\n|-end|p1a: Great Tusk|Protosynthesis|[silent]\n|-hitcount|p1: Great Tusk|9\n|\n|upkeep\n|\n|t:|1699932903\n|switch|p1a: Landorus|Landorus-Therian, M|100\/100\n|-ability|p1a: Landorus|Intimidate|boost\n|-unboost|p2a: Maushold|atk|1\n|turn|8\n|\n|t:|1699932927\n|switch|p2a: Great Tusk|Great Tusk|100\/100\n|-damage|p2a: Great Tusk|98\/100|[from] Stealth Rock\n|switch|p1a: Weezing|Weezing-Galar, F|100\/100\n|\n|-heal|p2a: Great Tusk|100\/100|[from] item: Leftovers\n|upkeep\n|turn|9\n|\n|t:|1699932942\n|move|p2a: Great Tusk|Rapid Spin|p1a: Weezing\n|-damage|p1a: Weezing|85\/100\n|-boost|p2a: Great Tusk|spe|1\n|-sideend|p2: Blaine1111|Stealth Rock|[from] move: Rapid Spin|[of] p2a: Great Tusk\n|move|p1a: Weezing|Strange Steam|p2a: Great Tusk\n|-supereffective|p2a: Great Tusk\n|-damage|p2a: Great Tusk|0 fnt\n|faint|p2a: Great Tusk\n|-end|p2a: Great Tusk|Protosynthesis|[silent]\n|\n|upkeep\n|inactive|Blaine1111 has 120 seconds left.\n|\n|t:|1699932954\n|switch|p2a: Maushold|Maushold-Four, shiny|88\/100\n|turn|10\n|\n|t:|1699932959\n|switch|p1a: Landorus|Landorus-Therian, M|100\/100\n|-ability|p1a: Landorus|Intimidate|boost\n|-unboost|p2a: Maushold|atk|1\n|-terastallize|p2a: Maushold|Normal\n|move|p2a: Maushold|Population Bomb|p1a: Landorus\n|-damage|p1a: Landorus|89\/100\n|-damage|p1a: Landorus|78\/100\n|-damage|p1a: Landorus|65\/100\n|-damage|p1a: Landorus|53\/100\n|-damage|p1a: Landorus|42\/100\n|-damage|p1a: Landorus|30\/100\n|-damage|p1a: Landorus|18\/100\n|-damage|p1a: Landorus|6\/100\n|-damage|p1a: Landorus|0 fnt\n|faint|p1a: Landorus\n|-hitcount|p1: Landorus|9\n|\n|upkeep\n|\n|t:|1699932962\n|switch|p1a: Weezing|Weezing-Galar, F|85\/100\n|turn|11\n|inactive|Blaine1111 has 120 seconds left.\n|\n|t:|1699933008\n|switch|p2a: Torkoal|Torkoal, F|100\/100\n|-weather|SunnyDay|[from] ability: Drought|[of] p2a: Torkoal\n|move|p1a: Weezing|Strange Steam|p2a: Torkoal\n|-resisted|p2a: Torkoal\n|-damage|p2a: Torkoal|65\/100\n|\n|-weather|SunnyDay|[upkeep]\n|upkeep\n|turn|12\n|inactive|Blaine1111 has 90 seconds left.\n|\n|t:|1699933052\n|move|p1a: Weezing|Strange Steam|p2a: Torkoal\n|-resisted|p2a: Torkoal\n|-damage|p2a: Torkoal|27\/100\n|move|p2a: Torkoal|Stealth Rock|p1a: Weezing\n|-sidestart|p1: Jsthilaire|move: Stealth Rock\n|\n|-weather|SunnyDay|[upkeep]\n|upkeep\n|turn|13\n|\n|t:|1699933061\n|move|p1a: Weezing|Strange Steam|p2a: Torkoal\n|-resisted|p2a: Torkoal\n|-damage|p2a: Torkoal|0 fnt\n|faint|p2a: Torkoal\n|\n|-weather|SunnyDay|[upkeep]\n|upkeep\n|\n|t:|1699933066\n|switch|p2a: Maushold|Maushold-Four, shiny, tera:Normal|88\/100\n|turn|14\n|\n|t:|1699933070\n|move|p2a: Maushold|Population Bomb|p1a: Weezing|[miss]\n|-miss|p2a: Maushold|p1a: Weezing\n|move|p1a: Weezing|Strange Steam|p2a: Maushold\n|-damage|p2a: Maushold|0 fnt\n|faint|p2a: Maushold\n|\n|-weather|SunnyDay|[upkeep]\n|upkeep\n|c|\u2606Blaine1111|1% chance lmaoooo\n|\n|t:|1699933092\n|switch|p2a: Walking Wake|Walking Wake|100\/100\n|-activate|p2a: Walking Wake|ability: Protosynthesis\n|-start|p2a: Walking Wake|protosynthesisspa\n|turn|15\n|inactive|Jsthilaire has 120 seconds left.\n|\n|t:|1699933140\n|switch|p1a: Hydreigon|Hydreigon, F|73\/100\n|-damage|p1a: Hydreigon|61\/100|[from] Stealth Rock\n|move|p2a: Walking Wake|Hydro Steam|p1a: Hydreigon\n|-resisted|p1a: Hydreigon\n|-damage|p1a: Hydreigon|0 fnt\n|faint|p1a: Hydreigon\n|\n|-weather|SunnyDay|[upkeep]\n|upkeep\n|\n|t:|1699933143\n|switch|p1a: Ninetales|Ninetales-Alola, F|100\/100\n|-damage|p1a: Ninetales|75\/100|[from] Stealth Rock\n|-weather|Snow|[from] ability: Snow Warning|[of] p1a: Ninetales\n|-end|p2a: Walking Wake|Protosynthesis\n|turn|16\n|\n|t:|1699933153\n|move|p1a: Ninetales|Hypnosis|p2a: Walking Wake|[miss]\n|-miss|p1a: Ninetales|p2a: Walking Wake\n|move|p2a: Walking Wake|Hydro Steam|p1a: Ninetales\n|-damage|p1a: Ninetales|0 fnt\n|faint|p1a: Ninetales\n|\n|-weather|Snow|[upkeep]\n|upkeep\n|\n|t:|1699933156\n|switch|p1a: Cetitan|Cetitan, M|100\/100\n|-damage|p1a: Cetitan|76\/100|[from] Stealth Rock\n|turn|17\n|\n|t:|1699933163\n|-terastallize|p1a: Cetitan|Ice\n|move|p1a: Cetitan|Ice Spinner|p2a: Walking Wake\n|-damage|p2a: Walking Wake|17\/100\n|-damage|p1a: Cetitan|66\/100|[from] item: Life Orb\n|move|p2a: Walking Wake|Hydro Steam|p1a: Cetitan\n|-damage|p1a: Cetitan|0 fnt\n|faint|p1a: Cetitan\n|\n|-weather|Snow|[upkeep]\n|upkeep\n|-message|Jsthilaire forfeited.\n|\n|win|Blaine1111\n|raw|Jsthilaire's rating: 1472 &rarr; <strong>1447<\/strong><br \/>(-25 for losing)\n|raw|Blaine1111's rating: 1391 &rarr; <strong>1416<\/strong><br \/>(+25 for winning)\n|l|\u2606Jsthilaire\n","uploadtime":1699933175,"views":12,"p1id":"jsthilaire","p2id":"blaine1111","formatid":"gen9ou","rating":1416,"private":0,"password":""}