{"id":"gen9ou-2000580926","p1":"alakazamguru","p2":"goomyluv9000","format":"[Gen 9] OU","log":"|j|\u2606alakazamguru\n|j|\u2606goomyluv9000\n|t:|1701207322\n|gametype|singles\n|player|p1|alakazamguru|steven|1338\n|player|p2|goomyluv9000|169|1389\n|teamsize|p1|6\n|teamsize|p2|6\n|gen|9\n|tier|[Gen 9] OU\n|rated|\n|rule|Sleep Clause Mod: Limit one foe put to sleep\n|rule|Species Clause: Limit one of each Pok\u00e9mon\n|rule|OHKO Clause: OHKO moves are banned\n|rule|Evasion Items Clause: Evasion items are banned\n|rule|Evasion Moves Clause: Evasion moves are banned\n|rule|Endless Battle Clause: Forcing endless battles is banned\n|rule|HP Percentage Mod: HP is shown in percentages\n|clearpoke\n|poke|p1|Manaphy|\n|poke|p1|Kingambit, M|\n|poke|p1|Ribombee, F|\n|poke|p1|Gholdengo|\n|poke|p1|Iron Moth|\n|poke|p1|Ogerpon-Wellspring, F|\n|poke|p2|Zapdos|\n|poke|p2|Mamoswine, M|\n|poke|p2|Slowking-Galar, F|\n|poke|p2|Glimmora, F|\n|poke|p2|Ogerpon-Wellspring, F|\n|poke|p2|Ninetales-Alola, F|\n|teampreview\n|\n|t:|1701207333\n|start\n|switch|p1a: wildfiree|Ribombee, F, shiny|100\/100\n|switch|p2a: Glimmora|Glimmora, F|100\/100\n|turn|1\n|\n|t:|1701207336\n|move|p1a: wildfiree|Sticky Web|p2a: Glimmora\n|-sidestart|p2: goomyluv9000|move: Sticky Web\n|move|p2a: Glimmora|Mortal Spin|p1a: wildfiree\n|-supereffective|p1a: wildfiree\n|-damage|p1a: wildfiree|74\/100\n|-sideend|p2: goomyluv9000|Sticky Web|[from] move: Mortal Spin|[of] p2a: Glimmora\n|\n|upkeep\n|turn|2\n|\n|t:|1701207343\n|move|p1a: wildfiree|Psychic|p2a: Glimmora\n|-supereffective|p2a: Glimmora\n|-damage|p2a: Glimmora|39\/100\n|move|p2a: Glimmora|Stealth Rock|p1a: wildfiree\n|-sidestart|p1: alakazamguru|move: Stealth Rock\n|\n|upkeep\n|turn|3\n|l|\u2606goomyluv9000\n|player|p2|\n|j|\u2606goomyluv9000\n|player|p2|goomyluv9000|169\n|inactive|Battle timer is ON: inactive players will automatically lose when time's up. (requested by alakazamguru)\n|\n|t:|1701207379\n|move|p1a: wildfiree|Sticky Web|p2a: Glimmora\n|-sidestart|p2: goomyluv9000|move: Sticky Web\n|move|p2a: Glimmora|Mortal Spin|p1a: wildfiree\n|-supereffective|p1a: wildfiree\n|-damage|p1a: wildfiree|49\/100\n|-sideend|p2: goomyluv9000|Sticky Web|[from] move: Mortal Spin|[of] p2a: Glimmora\n|\n|upkeep\n|turn|4\n|\n|t:|1701207383\n|move|p1a: wildfiree|Psychic|p2a: Glimmora\n|-supereffective|p2a: Glimmora\n|-damage|p2a: Glimmora|0 fnt\n|faint|p2a: Glimmora\n|\n|upkeep\n|\n|t:|1701207394\n|switch|p2a: Mamoswine|Mamoswine, M|100\/100\n|turn|5\n|\n|t:|1701207424\n|move|p2a: Mamoswine|Ice Shard|p1a: wildfiree\n|-damage|p1a: wildfiree|8\/100\n|move|p1a: wildfiree|Stun Spore|p2a: Mamoswine\n|-status|p2a: Mamoswine|par\n|\n|upkeep\n|turn|6\n|\n|t:|1701207436\n|move|p2a: Mamoswine|Ice Shard|p1a: wildfiree\n|-damage|p1a: wildfiree|0 fnt\n|faint|p1a: wildfiree\n|\n|upkeep\n|\n|t:|1701207444\n|switch|p1a: faya|Ogerpon-Wellspring, F|100\/100\n|-damage|p1a: faya|88\/100|[from] Stealth Rock\n|turn|7\n|\n|t:|1701207464\n|move|p1a: faya|Encore|p2a: Mamoswine\n|-start|p2a: Mamoswine|Encore\n|move|p2a: Mamoswine|Ice Shard|p1a: faya\n|-damage|p1a: faya|62\/100\n|\n|upkeep\n|turn|8\n|\n|t:|1701207476\n|switch|p2a: Zapdos|Zapdos|100\/100\n|move|p1a: faya|Swords Dance|p1a: faya\n|-boost|p1a: faya|atk|2\n|\n|upkeep\n|turn|9\n|\n|t:|1701207480\n|switch|p2a: Ogerpon|Ogerpon-Wellspring, F|100\/100\n|move|p1a: faya|Ivy Cudgel|p2a: Ogerpon|[anim] Ivy Cudgel Water\n|-immune|p2a: Ogerpon|[from] ability: Water Absorb\n|\n|upkeep\n|turn|10\n|\n|t:|1701207491\n|move|p1a: faya|Power Whip|p2a: Ogerpon|[miss]\n|-miss|p1a: faya|p2a: Ogerpon\n|move|p2a: Ogerpon|Encore|p1a: faya\n|-start|p1a: faya|Encore\n|\n|upkeep\n|turn|11\n|inactive|alakazamguru has 120 seconds left.\n|\n|t:|1701207544\n|switch|p2a: Zapdos|Zapdos|100\/100\n|move|p1a: faya|Power Whip|p2a: Zapdos\n|-resisted|p2a: Zapdos\n|-damage|p2a: Zapdos|13\/100\n|\n|upkeep\n|turn|12\n|\n|t:|1701207556\n|move|p1a: faya|Power Whip|p2a: Zapdos\n|-resisted|p2a: Zapdos\n|-crit|p2a: Zapdos\n|-damage|p2a: Zapdos|0 fnt\n|-status|p1a: faya|par|[from] ability: Static|[of] p2a: Zapdos\n|faint|p2a: Zapdos\n|\n|upkeep\n|\n|t:|1701207557\n|switch|p2a: Slowking|Slowking-Galar, F|100\/100\n|turn|13\n|inactive|alakazamguru has 120 seconds left.\n|\n|t:|1701207570\n|move|p1a: faya|Power Whip|p2a: Slowking\n|-resisted|p2a: Slowking\n|-damage|p2a: Slowking|30\/100\n|move|p2a: Slowking|Sludge Bomb|p1a: faya\n|-supereffective|p1a: faya\n|-damage|p1a: faya|0 fnt\n|faint|p1a: faya\n|\n|upkeep\n|\n|t:|1701207578\n|switch|p1a: awyp|Kingambit, M|100\/100\n|-damage|p1a: awyp|94\/100|[from] Stealth Rock\n|-activate|p1a: awyp|ability: Supreme Overlord\n|-start|p1a: awyp|fallen2|[silent]\n|turn|14\n|inactive|alakazamguru has 120 seconds left.\n|\n|t:|1701207584\n|move|p1a: awyp|Kowtow Cleave|p2a: Slowking\n|-supereffective|p2a: Slowking\n|-damage|p2a: Slowking|0 fnt\n|faint|p2a: Slowking\n|\n|upkeep\n|\n|t:|1701207592\n|switch|p2a: Ninetales|Ninetales-Alola, F|100\/100\n|-weather|Snow|[from] ability: Snow Warning|[of] p2a: Ninetales\n|turn|15\n|inactive|alakazamguru has 120 seconds left.\n|\n|t:|1701207611\n|-end|p1a: awyp|fallen2|[silent]\n|switch|p1a: scarlet|Iron Moth|100\/100\n|-damage|p1a: scarlet|76\/100|[from] Stealth Rock\n|-enditem|p1a: scarlet|Booster Energy\n|-activate|p1a: scarlet|ability: Quark Drive|[fromitem]\n|-start|p1a: scarlet|quarkdrivespe\n|move|p2a: Ninetales|Aurora Veil|p2a: Ninetales\n|-sidestart|p2: goomyluv9000|move: Aurora Veil\n|\n|-weather|Snow|[upkeep]\n|upkeep\n|turn|16\n|\n|t:|1701207619\n|move|p1a: scarlet|Substitute|p1a: scarlet\n|-start|p1a: scarlet|Substitute\n|-damage|p1a: scarlet|51\/100\n|move|p2a: Ninetales|Encore|p1a: scarlet\n|-start|p1a: scarlet|Encore\n|\n|-weather|Snow|[upkeep]\n|upkeep\n|turn|17\n|\n|t:|1701207624\n|switch|p2a: Ogerpon|Ogerpon-Wellspring, F|100\/100\n|move|p1a: scarlet|Substitute|p1a: scarlet\n|-fail|p1a: scarlet|move: Substitute\n|\n|-weather|Snow|[upkeep]\n|upkeep\n|turn|18\n|\n|t:|1701207627\n|move|p1a: scarlet|Substitute|p1a: scarlet\n|-fail|p1a: scarlet|move: Substitute\n|move|p2a: Ogerpon|Ivy Cudgel|p1a: scarlet|[anim] Ivy Cudgel Water\n|-supereffective|p1a: scarlet\n|-end|p1a: scarlet|Substitute\n|\n|-weather|Snow|[upkeep]\n|upkeep\n|turn|19\n|\n|t:|1701207631\n|move|p1a: scarlet|Substitute|p1a: scarlet\n|-start|p1a: scarlet|Substitute\n|-damage|p1a: scarlet|26\/100\n|move|p2a: Ogerpon|Ivy Cudgel|p1a: scarlet|[anim] Ivy Cudgel Water\n|-supereffective|p1a: scarlet\n|-end|p1a: scarlet|Substitute\n|\n|-weather|none\n|-end|p1a: scarlet|Encore\n|upkeep\n|turn|20\n|\n|t:|1701207638\n|move|p1a: scarlet|Substitute|p1a: scarlet\n|-start|p1a: scarlet|Substitute\n|-damage|p1a: scarlet|1\/100\n|move|p2a: Ogerpon|Ivy Cudgel|p1a: scarlet|[anim] Ivy Cudgel Water\n|-supereffective|p1a: scarlet\n|-end|p1a: scarlet|Substitute\n|\n|upkeep\n|turn|21\n|\n|t:|1701207642\n|move|p1a: scarlet|Fiery Dance|p2a: Ogerpon\n|-damage|p2a: Ogerpon|77\/100\n|move|p2a: Ogerpon|Ivy Cudgel|p1a: scarlet|[anim] Ivy Cudgel Water\n|-supereffective|p1a: scarlet\n|-damage|p1a: scarlet|0 fnt\n|faint|p1a: scarlet\n|-end|p1a: scarlet|Quark Drive|[silent]\n|\n|upkeep\n|\n|t:|1701207647\n|switch|p1a: HPDARKEAGLE|Manaphy|100\/100\n|-damage|p1a: HPDARKEAGLE|88\/100|[from] Stealth Rock\n|turn|22\n|\n|t:|1701207651\n|-terastallize|p1a: HPDARKEAGLE|Poison\n|move|p2a: Ogerpon|Power Whip|p1a: HPDARKEAGLE\n|-resisted|p1a: HPDARKEAGLE\n|-crit|p1a: HPDARKEAGLE\n|-damage|p1a: HPDARKEAGLE|35\/100\n|move|p1a: HPDARKEAGLE|Acid Armor|p1a: HPDARKEAGLE\n|-boost|p1a: HPDARKEAGLE|def|2\n|\n|-heal|p1a: HPDARKEAGLE|41\/100|[from] item: Leftovers\n|-sideend|p2: goomyluv9000|move: Aurora Veil\n|upkeep\n|turn|23\n|\n|t:|1701207659\n|move|p2a: Ogerpon|Encore|p1a: HPDARKEAGLE\n|-start|p1a: HPDARKEAGLE|Encore\n|move|p1a: HPDARKEAGLE|Acid Armor|p1a: HPDARKEAGLE\n|-boost|p1a: HPDARKEAGLE|def|2\n|\n|-heal|p1a: HPDARKEAGLE|47\/100|[from] item: Leftovers\n|upkeep\n|turn|24\n|-message|alakazamguru forfeited.\n|\n|win|goomyluv9000\n|raw|alakazamguru's rating: 1303 &rarr; <strong>1288<\/strong><br \/>(-15 for losing)\n|raw|goomyluv9000's rating: 1389 &rarr; <strong>1404<\/strong><br \/>(+15 for winning)\n|l|\u2606alakazamguru\n","uploadtime":1701207673,"views":1,"p1id":"alakazamguru","p2id":"goomyluv9000","formatid":"gen9ou","rating":1288,"private":0,"password":""}