{"id":"gen9ou-1996384995","p1":"jayIsALiteralGod","p2":"Flufferide","format":"[Gen 9] OU","log":"|j|\u2606jayIsALiteralGod\n|j|\u2606Flufferide\n|t:|1700676979\n|gametype|singles\n|player|p1|jayIsALiteralGod|102|1117\n|player|p2|Flufferide|bede-masters|1224\n|teamsize|p1|6\n|teamsize|p2|6\n|gen|9\n|tier|[Gen 9] OU\n|rated|\n|rule|Sleep Clause Mod: Limit one foe put to sleep\n|rule|Species Clause: Limit one of each Pok\u00e9mon\n|rule|OHKO Clause: OHKO moves are banned\n|rule|Evasion Items Clause: Evasion items are banned\n|rule|Evasion Moves Clause: Evasion moves are banned\n|rule|Endless Battle Clause: Forcing endless battles is banned\n|rule|HP Percentage Mod: HP is shown in percentages\n|clearpoke\n|poke|p1|Corviknight, F|\n|poke|p1|Toxapex, M|\n|poke|p1|Zamazenta-*|\n|poke|p1|Amoonguss, M|\n|poke|p1|Gholdengo|\n|poke|p1|Ting-Lu|\n|poke|p2|Zapdos|\n|poke|p2|Walking Wake|\n|poke|p2|Ogerpon-Cornerstone, F|\n|poke|p2|Gholdengo|\n|poke|p2|Kingambit, M|\n|poke|p2|Great Tusk|\n|teampreview\n|\n|t:|1700676990\n|start\n|switch|p1a: Toxapex|Toxapex, M, shiny|100\/100\n|switch|p2a: Zapdos|Zapdos|100\/100\n|turn|1\n|\n|t:|1700676995\n|move|p2a: Zapdos|Volt Switch|p1a: Toxapex\n|-supereffective|p1a: Toxapex\n|-damage|p1a: Toxapex|43\/100\n|\n|t:|1700676999\n|switch|p2a: Great Tusk|Great Tusk|100\/100|[from] Volt Switch\n|move|p1a: Toxapex|Toxic|p2a: Great Tusk\n|-status|p2a: Great Tusk|tox\n|\n|-heal|p1a: Toxapex|49\/100|[from] item: Leftovers\n|-damage|p2a: Great Tusk|94\/100 tox|[from] psn\n|upkeep\n|turn|2\n|\n|t:|1700677007\n|switch|p1a: Corviknight|Corviknight, F|100\/100\n|-ability|p1a: Corviknight|Pressure\n|move|p2a: Great Tusk|Earthquake|p1a: Corviknight\n|-immune|p1a: Corviknight\n|\n|-damage|p2a: Great Tusk|82\/100 tox|[from] psn\n|upkeep\n|turn|3\n|\n|t:|1700677016\n|move|p2a: Great Tusk|Knock Off|p1a: Corviknight\n|-damage|p1a: Corviknight|77\/100\n|-enditem|p1a: Corviknight|Leftovers|[from] move: Knock Off|[of] p2a: Great Tusk\n|move|p1a: Corviknight|Body Press|p2a: Great Tusk\n|-damage|p2a: Great Tusk|63\/100 tox\n|\n|-damage|p2a: Great Tusk|44\/100 tox|[from] psn\n|upkeep\n|turn|4\n|\n|t:|1700677024\n|-end|p2a: Great Tusk|Protosynthesis|[silent]\n|switch|p2a: Gholdengo|Gholdengo|100\/100\n|move|p1a: Corviknight|Roost|p1a: Corviknight\n|-heal|p1a: Corviknight|100\/100\n|-singleturn|p1a: Corviknight|move: Roost\n|\n|upkeep\n|turn|5\n|\n|t:|1700677032\n|move|p2a: Gholdengo|Nasty Plot|p2a: Gholdengo\n|-boost|p2a: Gholdengo|spa|2\n|move|p1a: Corviknight|Brave Bird|p2a: Gholdengo\n|-resisted|p2a: Gholdengo\n|-damage|p2a: Gholdengo|79\/100\n|-damage|p1a: Corviknight|94\/100|[from] Recoil\n|\n|-heal|p2a: Gholdengo|85\/100|[from] item: Leftovers\n|upkeep\n|turn|6\n|\n|t:|1700677041\n|switch|p1a: Toxapex|Toxapex, M, shiny|82\/100\n|move|p2a: Gholdengo|Nasty Plot|p2a: Gholdengo\n|-boost|p2a: Gholdengo|spa|2\n|\n|-heal|p2a: Gholdengo|91\/100|[from] item: Leftovers\n|-heal|p1a: Toxapex|88\/100|[from] item: Leftovers\n|upkeep\n|turn|7\n|\n|t:|1700677049\n|move|p2a: Gholdengo|Shadow Ball|p1a: Toxapex\n|-damage|p1a: Toxapex|0 fnt\n|faint|p1a: Toxapex\n|\n|-heal|p2a: Gholdengo|97\/100|[from] item: Leftovers\n|upkeep\n|\n|t:|1700677054\n|switch|p1a: Ting-Lu|Ting-Lu|100\/100\n|-ability|p1a: Ting-Lu|Vessel of Ruin\n|turn|8\n|\n|t:|1700677069\n|move|p2a: Gholdengo|Focus Blast|p1a: Ting-Lu|[miss]\n|-miss|p2a: Gholdengo|p1a: Ting-Lu\n|move|p1a: Ting-Lu|Whirlwind|p2a: Gholdengo\n|-immune|p2a: Gholdengo|[from] ability: Good as Gold\n|\n|-heal|p2a: Gholdengo|100\/100|[from] item: Leftovers\n|upkeep\n|turn|9\n|\n|t:|1700677083\n|move|p2a: Gholdengo|Focus Blast|p1a: Ting-Lu|[miss]\n|-miss|p2a: Gholdengo|p1a: Ting-Lu\n|move|p1a: Ting-Lu|Earthquake|p2a: Gholdengo\n|-supereffective|p2a: Gholdengo\n|-damage|p2a: Gholdengo|8\/100\n|\n|-heal|p2a: Gholdengo|14\/100|[from] item: Leftovers\n|upkeep\n|turn|10\n|\n|t:|1700677093\n|-terastallize|p2a: Gholdengo|Steel\n|move|p2a: Gholdengo|Make It Rain|p1a: Ting-Lu\n|-damage|p1a: Ting-Lu|0 fnt\n|-unboost|p2a: Gholdengo|spa|1\n|faint|p1a: Ting-Lu\n|\n|-heal|p2a: Gholdengo|20\/100|[from] item: Leftovers\n|upkeep\n|\n|t:|1700677103\n|switch|p1a: Corviknight|Corviknight, F|94\/100\n|-ability|p1a: Corviknight|Pressure\n|turn|11\n|\n|t:|1700677107\n|move|p2a: Gholdengo|Shadow Ball|p1a: Corviknight\n|-damage|p1a: Corviknight|6\/100\n|move|p1a: Corviknight|Body Press|p2a: Gholdengo\n|-supereffective|p2a: Gholdengo\n|-damage|p2a: Gholdengo|0 fnt\n|faint|p2a: Gholdengo\n|\n|upkeep\n|\n|t:|1700677114\n|switch|p2a: Zapdos|Zapdos|100\/100\n|turn|12\n|\n|t:|1700677120\n|switch|p1a: Amoonguss|Amoonguss, M, shiny|100\/100\n|move|p2a: Zapdos|Heat Wave|p1a: Amoonguss\n|-supereffective|p1a: Amoonguss\n|-damage|p1a: Amoonguss|45\/100\n|\n|upkeep\n|turn|13\n|\n|t:|1700677130\n|switch|p1a: Corviknight|Corviknight, F|6\/100\n|-ability|p1a: Corviknight|Pressure\n|move|p2a: Zapdos|Heat Wave|p1a: Corviknight\n|-supereffective|p1a: Corviknight\n|-damage|p1a: Corviknight|0 fnt\n|faint|p1a: Corviknight\n|\n|upkeep\n|\n|t:|1700677141\n|switch|p1a: Zamazenta|Zamazenta|100\/100\n|-ability|p1a: Zamazenta|Dauntless Shield|boost\n|-boost|p1a: Zamazenta|def|1\n|turn|14\n|\n|t:|1700677151\n|switch|p2a: Walking Wake|Walking Wake|100\/100\n|-terastallize|p1a: Zamazenta|Steel\n|move|p1a: Zamazenta|Play Rough|p2a: Walking Wake\n|-supereffective|p2a: Walking Wake\n|-damage|p2a: Walking Wake|50\/100\n|\n|upkeep\n|turn|15\n|\n|t:|1700677158\n|move|p1a: Zamazenta|Play Rough|p2a: Walking Wake\n|-supereffective|p2a: Walking Wake\n|-damage|p2a: Walking Wake|0 fnt\n|faint|p2a: Walking Wake\n|-end|p2a: Walking Wake|Protosynthesis|[silent]\n|\n|upkeep\n|\n|t:|1700677161\n|switch|p2a: Zapdos|Zapdos|100\/100\n|turn|16\n|inactive|Battle timer is ON: inactive players will automatically lose when time's up. (requested by Flufferide)\n|\n|t:|1700677191\n|switch|p1a: Amoonguss|Amoonguss, M, shiny|78\/100\n|move|p2a: Zapdos|Heat Wave|p1a: Amoonguss\n|-supereffective|p1a: Amoonguss\n|-damage|p1a: Amoonguss|22\/100\n|-status|p1a: Amoonguss|brn\n|\n|-damage|p1a: Amoonguss|16\/100 brn|[from] brn\n|upkeep\n|turn|17\n|\n|t:|1700677211\n|move|p2a: Zapdos|Heat Wave|p1a: Amoonguss|[miss]\n|-miss|p2a: Zapdos|p1a: Amoonguss\n|move|p1a: Amoonguss|Spore|p2a: Zapdos\n|-status|p2a: Zapdos|slp|[from] move: Spore\n|\n|-damage|p1a: Amoonguss|9\/100 brn|[from] brn\n|upkeep\n|turn|18\n|\n|t:|1700677218\n|switch|p2a: Ogerpon|Ogerpon-Cornerstone, F|100\/100\n|switch|p1a: Gholdengo|Gholdengo|100\/100\n|\n|upkeep\n|turn|19\n|\n|t:|1700677226\n|move|p2a: Ogerpon|Knock Off|p1a: Gholdengo\n|-supereffective|p1a: Gholdengo\n|-damage|p1a: Gholdengo|43\/100\n|-enditem|p1a: Gholdengo|Leftovers|[from] move: Knock Off|[of] p2a: Ogerpon\n|move|p1a: Gholdengo|Nasty Plot|p1a: Gholdengo\n|-boost|p1a: Gholdengo|spa|2\n|\n|upkeep\n|turn|20\n|\n|t:|1700677235\n|move|p2a: Ogerpon|Knock Off|p1a: Gholdengo\n|-supereffective|p1a: Gholdengo\n|-damage|p1a: Gholdengo|5\/100\n|move|p1a: Gholdengo|Make It Rain|p2a: Ogerpon\n|-supereffective|p2a: Ogerpon\n|-ability|p2a: Ogerpon|Sturdy\n|-damage|p2a: Ogerpon|1\/100\n|-unboost|p1a: Gholdengo|spa|1\n|\n|upkeep\n|turn|21\n|\n|t:|1700677256\n|move|p2a: Ogerpon|Knock Off|p1a: Gholdengo\n|-supereffective|p1a: Gholdengo\n|-damage|p1a: Gholdengo|0 fnt\n|faint|p1a: Gholdengo\n|\n|upkeep\n|\n|t:|1700677260\n|switch|p1a: Zamazenta|Zamazenta, tera:Steel|100\/100\n|turn|22\n|\n|t:|1700677272\n|move|p1a: Zamazenta|Iron Defense|p1a: Zamazenta\n|-boost|p1a: Zamazenta|def|2\n|move|p2a: Ogerpon|Knock Off|p1a: Zamazenta\n|-damage|p1a: Zamazenta|87\/100\n|-enditem|p1a: Zamazenta|Leftovers|[from] move: Knock Off|[of] p2a: Ogerpon\n|\n|upkeep\n|turn|23\n|\n|t:|1700677279\n|move|p1a: Zamazenta|Body Press|p2a: Ogerpon\n|-supereffective|p2a: Ogerpon\n|-damage|p2a: Ogerpon|0 fnt\n|faint|p2a: Ogerpon\n|\n|upkeep\n|\n|t:|1700677283\n|switch|p2a: Great Tusk|Great Tusk|44\/100 tox\n|turn|24\n|\n|t:|1700677288\n|move|p1a: Zamazenta|Body Press|p2a: Great Tusk\n|-damage|p2a: Great Tusk|0 fnt\n|faint|p2a: Great Tusk\n|-end|p2a: Great Tusk|Protosynthesis|[silent]\n|\n|upkeep\n|\n|t:|1700677294\n|switch|p2a: Zapdos|Zapdos|100\/100 slp\n|turn|25\n|\n|t:|1700677298\n|cant|p2a: Zapdos|slp\n|move|p1a: Zamazenta|Crunch|p2a: Zapdos\n|-damage|p2a: Zapdos|75\/100 slp\n|-unboost|p2a: Zapdos|def|1\n|\n|upkeep\n|turn|26\n|\n|t:|1700677305\n|cant|p2a: Zapdos|slp\n|move|p1a: Zamazenta|Play Rough|p2a: Zapdos\n|-damage|p2a: Zapdos|29\/100 slp\n|\n|upkeep\n|turn|27\n|\n|t:|1700677310\n|-curestatus|p2a: Zapdos|slp|[msg]\n|move|p2a: Zapdos|Heat Wave|p1a: Zamazenta\n|-supereffective|p1a: Zamazenta\n|-damage|p1a: Zamazenta|36\/100\n|-status|p1a: Zamazenta|brn\n|move|p1a: Zamazenta|Play Rough|p2a: Zapdos\n|-damage|p2a: Zapdos|8\/100\n|\n|-damage|p1a: Zamazenta|30\/100 brn|[from] brn\n|upkeep\n|turn|28\n|\n|t:|1700677321\n|move|p2a: Zapdos|Heat Wave|p1a: Zamazenta\n|-supereffective|p1a: Zamazenta\n|-damage|p1a: Zamazenta|0 fnt\n|faint|p1a: Zamazenta\n|\n|upkeep\n|\n|t:|1700677325\n|switch|p1a: Amoonguss|Amoonguss, M, shiny|43\/100 brn\n|turn|29\n|\n|t:|1700677328\n|move|p2a: Zapdos|Heat Wave|p1a: Amoonguss\n|-supereffective|p1a: Amoonguss\n|-damage|p1a: Amoonguss|0 fnt\n|faint|p1a: Amoonguss\n|\n|win|Flufferide\n|raw|jayIsALiteralGod's rating: 1117 &rarr; <strong>1099<\/strong><br \/>(-18 for losing)\n|raw|Flufferide's rating: 1224 &rarr; <strong>1242<\/strong><br \/>(+18 for winning)\n|c|\u2606Flufferide|gg\n|c|\u2606jayIsALiteralGod|gg\n|l|\u2606jayIsALiteralGod\n","uploadtime":1700677343,"views":1,"p1id":"jayisaliteralgod","p2id":"flufferide","formatid":"gen9ou","rating":1099,"private":0,"password":""}