{"id":"gen9ou-1995286374","p1":"OU noooob 1","p2":"MrMimingtonII","format":"[Gen 9] OU","log":"|j|\u2606OU noooob 1\n|j|\u2606MrMimingtonII\n|t:|1700547059\n|gametype|singles\n|player|p1|OU noooob 1|preschooler|1083\n|player|p2|MrMimingtonII|elesa-masters|1205\n|teamsize|p1|6\n|teamsize|p2|6\n|gen|9\n|tier|[Gen 9] OU\n|rated|\n|rule|Sleep Clause Mod: Limit one foe put to sleep\n|rule|Species Clause: Limit one of each Pok\u00e9mon\n|rule|OHKO Clause: OHKO moves are banned\n|rule|Evasion Items Clause: Evasion items are banned\n|rule|Evasion Moves Clause: Evasion moves are banned\n|rule|Endless Battle Clause: Forcing endless battles is banned\n|rule|HP Percentage Mod: HP is shown in percentages\n|clearpoke\n|poke|p1|Iron Moth|\n|poke|p1|Iron Valiant|\n|poke|p1|Kingambit, F|\n|poke|p1|Great Tusk|\n|poke|p1|Samurott-Hisui, F|\n|poke|p1|Enamorus, F|\n|poke|p2|Flamigo, M|\n|poke|p2|Torterra, F|\n|poke|p2|Rillaboom, M|\n|poke|p2|Scizor, F|\n|poke|p2|Thundurus, M|\n|poke|p2|Dragapult, F|\n|teampreview\n|\n|t:|1700547092\n|start\n|switch|p1a: Samurott|Samurott-Hisui, F|100\/100\n|switch|p2a: Thundurus|Thundurus, M|100\/100\n|turn|1\n|c|\u2606OU noooob 1|glhf\n|j| Coffee&whiskey\n|\n|t:|1700547137\n|move|p2a: Thundurus|Rain Dance|p2a: Thundurus\n|-weather|RainDance\n|move|p1a: Samurott|Ceaseless Edge|p2a: Thundurus\n|-damage|p2a: Thundurus|37\/100\n|-sidestart|p2: MrMimingtonII|Spikes\n|\n|-weather|RainDance|[upkeep]\n|upkeep\n|turn|2\n|\n|t:|1700547146\n|move|p2a: Thundurus|Thunder Wave|p1a: Samurott\n|-hint|Since gen 7, Dark is immune to Prankster moves.\n|-immune|p1a: Samurott\n|move|p1a: Samurott|Ceaseless Edge|p2a: Thundurus|[miss]\n|-miss|p1a: Samurott|p2a: Thundurus\n|\n|-weather|RainDance|[upkeep]\n|upkeep\n|turn|3\n|\n|t:|1700547155\n|move|p1a: Samurott|Sucker Punch|p2a: Thundurus\n|-damage|p2a: Thundurus|0 fnt\n|faint|p2a: Thundurus\n|\n|-weather|RainDance|[upkeep]\n|upkeep\n|\n|t:|1700547158\n|switch|p2a: Dragapult|Dragapult, F|100\/100\n|-damage|p2a: Dragapult|88\/100|[from] Spikes\n|turn|4\n|\n|t:|1700547162\n|-terastallize|p2a: Dragapult|Electric\n|move|p2a: Dragapult|Thunder|p1a: Samurott\n|-supereffective|p1a: Samurott\n|-enditem|p1a: Samurott|Focus Sash\n|-damage|p1a: Samurott|1\/100\n|-status|p1a: Samurott|par\n|move|p1a: Samurott|Ceaseless Edge|p2a: Dragapult\n|-damage|p2a: Dragapult|26\/100\n|-sidestart|p2: MrMimingtonII|Spikes\n|\n|-weather|RainDance|[upkeep]\n|upkeep\n|turn|5\n|\n|t:|1700547173\n|move|p1a: Samurott|Sucker Punch|p2a: Dragapult\n|-damage|p2a: Dragapult|0 fnt\n|faint|p2a: Dragapult\n|\n|-weather|RainDance|[upkeep]\n|upkeep\n|\n|t:|1700547177\n|switch|p2a: Rillaboom|Rillaboom, M|100\/100\n|-damage|p2a: Rillaboom|84\/100|[from] Spikes\n|-fieldstart|move: Grassy Terrain|[from] ability: Grassy Surge|[of] p2a: Rillaboom\n|turn|6\n|\n|t:|1700547192\n|move|p2a: Rillaboom|Grassy Glide|p1a: Samurott\n|-supereffective|p1a: Samurott\n|-damage|p1a: Samurott|0 fnt\n|faint|p1a: Samurott\n|\n|-weather|RainDance|[upkeep]\n|-heal|p2a: Rillaboom|90\/100|[from] Grassy Terrain\n|upkeep\n|\n|t:|1700547215\n|switch|p1a: Iron Moth|Iron Moth|100\/100\n|-enditem|p1a: Iron Moth|Booster Energy\n|-activate|p1a: Iron Moth|ability: Quark Drive|[fromitem]\n|-start|p1a: Iron Moth|quarkdrivespe\n|turn|7\n|\n|t:|1700547228\n|switch|p2a: Flamigo|Flamigo, M|100\/100\n|move|p1a: Iron Moth|Substitute|p1a: Iron Moth\n|-start|p1a: Iron Moth|Substitute\n|-damage|p1a: Iron Moth|76\/100\n|\n|-weather|RainDance|[upkeep]\n|-heal|p1a: Iron Moth|82\/100|[from] Grassy Terrain\n|upkeep\n|turn|8\n|\n|t:|1700547237\n|move|p1a: Iron Moth|Sludge Wave|p2a: Flamigo\n|-damage|p2a: Flamigo|24\/100\n|move|p2a: Flamigo|Throat Chop|p1a: Iron Moth\n|-end|p1a: Iron Moth|Substitute\n|\n|-weather|none\n|-heal|p1a: Iron Moth|88\/100|[from] Grassy Terrain\n|upkeep\n|turn|9\n|\n|t:|1700547250\n|move|p1a: Iron Moth|Fiery Dance|p2a: Flamigo\n|-damage|p2a: Flamigo|0 fnt\n|faint|p2a: Flamigo\n|\n|-heal|p1a: Iron Moth|94\/100|[from] Grassy Terrain\n|upkeep\n|\n|t:|1700547255\n|switch|p2a: Torterra|Torterra, F|100\/100\n|-damage|p2a: Torterra|84\/100|[from] Spikes\n|turn|10\n|\n|t:|1700547264\n|-terastallize|p1a: Iron Moth|Water\n|move|p1a: Iron Moth|Fiery Dance|p2a: Torterra\n|-supereffective|p2a: Torterra\n|-damage|p2a: Torterra|0 fnt\n|-boost|p1a: Iron Moth|spa|1\n|faint|p2a: Torterra\n|\n|-heal|p1a: Iron Moth|99\/100|[from] Grassy Terrain\n|-fieldend|move: Grassy Terrain\n|upkeep\n|\n|t:|1700547269\n|switch|p2a: Rillaboom|Rillaboom, M|90\/100\n|-damage|p2a: Rillaboom|74\/100|[from] Spikes\n|-fieldstart|move: Grassy Terrain|[from] ability: Grassy Surge|[of] p2a: Rillaboom\n|turn|11\n|\n|t:|1700547275\n|-end|p1a: Iron Moth|Quark Drive|[silent]\n|switch|p1a: Enamorus|Enamorus, F|100\/100\n|move|p2a: Rillaboom|Grassy Glide|p1a: Enamorus\n|-resisted|p1a: Enamorus\n|-damage|p1a: Enamorus|65\/100\n|\n|-heal|p1a: Enamorus|71\/100|[from] item: Leftovers\n|-heal|p2a: Rillaboom|80\/100|[from] Grassy Terrain\n|upkeep\n|turn|12\n|\n|t:|1700547280\n|switch|p1a: Iron Moth|Iron Moth, tera:Water|99\/100\n|switch|p2a: Scizor|Scizor, F|100\/100\n|-damage|p2a: Scizor|84\/100|[from] Spikes\n|\n|-heal|p1a: Iron Moth|100\/100|[from] Grassy Terrain\n|-heal|p2a: Scizor|90\/100|[from] Grassy Terrain\n|upkeep\n|turn|13\n|\n|t:|1700547285\n|move|p1a: Iron Moth|Fiery Dance|p2a: Scizor\n|-supereffective|p2a: Scizor\n|-damage|p2a: Scizor|0 fnt\n|faint|p2a: Scizor\n|\n|upkeep\n|-message|MrMimingtonII forfeited.\n|\n|win|OU noooob 1\n|raw|OU noooob 1's rating: 1083 &rarr; <strong>1120<\/strong><br \/>(+37 for winning)\n|raw|MrMimingtonII's rating: 1205 &rarr; <strong>1172<\/strong><br \/>(-33 for losing)\n|l|\u2606MrMimingtonII\n|c|\u2606OU noooob 1|gg\n","uploadtime":1700547294,"views":11,"p1id":"ounoooob1","p2id":"mrmimingtonii","formatid":"gen9ou","rating":1120,"private":0,"password":""}