{"id":"gen9ou-1991744553","p1":"Blurred Ace","p2":"Hanchzha","format":"[Gen 9] OU","log":"|j|\u2606Blurred Ace\n|j|\u2606Hanchzha\n|t:|1700110003\n|gametype|singles\n|player|p1|Blurred Ace|gambler|1490\n|player|p2|Hanchzha|fisherman-gen4|1501\n|teamsize|p1|6\n|teamsize|p2|6\n|gen|9\n|tier|[Gen 9] OU\n|rated|\n|rule|Sleep Clause Mod: Limit one foe put to sleep\n|rule|Species Clause: Limit one of each Pok\u00e9mon\n|rule|OHKO Clause: OHKO moves are banned\n|rule|Evasion Items Clause: Evasion items are banned\n|rule|Evasion Moves Clause: Evasion moves are banned\n|rule|Endless Battle Clause: Forcing endless battles is banned\n|rule|HP Percentage Mod: HP is shown in percentages\n|clearpoke\n|poke|p1|Dragapult, M|\n|poke|p1|Scizor, M|\n|poke|p1|Samurott-Hisui, M|\n|poke|p1|Garchomp, M|\n|poke|p1|Great Tusk|\n|poke|p1|Slowking, M|\n|poke|p2|Clefable, F|\n|poke|p2|Alomomola, F|\n|poke|p2|Blissey, F|\n|poke|p2|Clodsire, M|\n|poke|p2|Dondozo, M|\n|poke|p2|Amoonguss, F|\n|teampreview\n|inactive|Battle timer is ON: inactive players will automatically lose when time's up. (requested by Hanchzha)\n|\n|t:|1700110010\n|start\n|switch|p1a: Scizor|Scizor, M|100\/100\n|switch|p2a: Amoonguss|Amoonguss, F|100\/100\n|turn|1\n|\n|t:|1700110017\n|move|p1a: Scizor|Knock Off|p2a: Amoonguss\n|-damage|p2a: Amoonguss|63\/100\n|-enditem|p2a: Amoonguss|Heavy-Duty Boots|[from] move: Knock Off|[of] p1a: Scizor\n|move|p2a: Amoonguss|Spore|p1a: Scizor\n|-status|p1a: Scizor|slp|[from] move: Spore\n|\n|upkeep\n|turn|2\n|\n|t:|1700110023\n|cant|p1a: Scizor|slp\n|move|p2a: Amoonguss|Giga Drain|p1a: Scizor\n|-resisted|p1a: Scizor\n|-damage|p1a: Scizor|94\/100 slp\n|-heal|p2a: Amoonguss|66\/100|[from] drain|[of] p1a: Scizor\n|\n|upkeep\n|turn|3\n|\n|t:|1700110026\n|cant|p1a: Scizor|slp\n|move|p2a: Amoonguss|Foul Play|p1a: Scizor\n|-damage|p1a: Scizor|60\/100 slp\n|\n|upkeep\n|turn|4\n|\n|t:|1700110037\n|switch|p1a: Garchomp|Garchomp, M|100\/100\n|switch|p2a: Alomomola|Alomomola, F|100\/100\n|\n|upkeep\n|turn|5\n|\n|t:|1700110043\n|move|p1a: Garchomp|Stealth Rock|p2a: Alomomola\n|-sidestart|p2: Hanchzha|move: Stealth Rock\n|move|p2a: Alomomola|Flip Turn|p1a: Garchomp\n|-damage|p1a: Garchomp|85\/100\n|-damage|p2a: Alomomola|88\/100|[from] ability: Rough Skin|[of] p1a: Garchomp\n|-damage|p2a: Alomomola|72\/100|[from] item: Rocky Helmet|[of] p1a: Garchomp\n|\n|t:|1700110050\n|switch|p2a: Amoonguss|Amoonguss, F|99\/100|[from] Flip Turn\n|-damage|p2a: Amoonguss|87\/100|[from] Stealth Rock\n|\n|upkeep\n|turn|6\n|\n|t:|1700110058\n|move|p1a: Garchomp|Spikes|p2a: Amoonguss\n|-sidestart|p2: Hanchzha|Spikes\n|move|p2a: Amoonguss|Giga Drain|p1a: Garchomp\n|-damage|p1a: Garchomp|61\/100\n|-heal|p2a: Amoonguss|97\/100|[from] drain|[of] p1a: Garchomp\n|\n|upkeep\n|turn|7\n|\n|t:|1700110065\n|move|p1a: Garchomp|Spikes|p2a: Amoonguss\n|-sidestart|p2: Hanchzha|Spikes\n|move|p2a: Amoonguss|Giga Drain|p1a: Garchomp\n|-damage|p1a: Garchomp|38\/100\n|-heal|p2a: Amoonguss|100\/100|[from] drain|[of] p1a: Garchomp\n|\n|upkeep\n|turn|8\n|\n|t:|1700110070\n|move|p1a: Garchomp|Spikes|p2a: Amoonguss\n|-sidestart|p2: Hanchzha|Spikes\n|move|p2a: Amoonguss|Giga Drain|p1a: Garchomp\n|-damage|p1a: Garchomp|13\/100\n|\n|upkeep\n|turn|9\n|\n|t:|1700110077\n|switch|p1a: Dragapult|Dragapult, M|100\/100\n|move|p2a: Amoonguss|Giga Drain|p1a: Dragapult\n|-resisted|p1a: Dragapult\n|-damage|p1a: Dragapult|84\/100\n|\n|upkeep\n|turn|10\n|\n|t:|1700110083\n|switch|p2a: Alomomola|Alomomola, F|100\/100\n|move|p1a: Dragapult|Will-O-Wisp|p2a: Alomomola\n|-status|p2a: Alomomola|brn\n|\n|-damage|p2a: Alomomola|94\/100 brn|[from] brn\n|upkeep\n|turn|11\n|\n|t:|1700110089\n|move|p1a: Dragapult|Hex|p2a: Alomomola\n|-damage|p2a: Alomomola|32\/100 brn\n|move|p2a: Alomomola|Mirror Coat|p1a: Dragapult\n|-damage|p1a: Dragapult|0 fnt\n|faint|p1a: Dragapult\n|\n|-damage|p2a: Alomomola|25\/100 brn|[from] brn\n|upkeep\n|\n|t:|1700110100\n|switch|p1a: Scizor|Scizor, M|60\/100 slp\n|turn|12\n|\n|t:|1700110110\n|switch|p2a: Amoonguss|Amoonguss, F|100\/100\n|-damage|p2a: Amoonguss|88\/100|[from] Stealth Rock\n|-damage|p2a: Amoonguss|63\/100|[from] Spikes\n|cant|p1a: Scizor|slp\n|\n|upkeep\n|turn|13\n|\n|t:|1700110121\n|-terastallize|p2a: Amoonguss|Flying\n|-curestatus|p1a: Scizor|slp|[msg]\n|move|p1a: Scizor|U-turn|p2a: Amoonguss\n|-resisted|p2a: Amoonguss\n|-damage|p2a: Amoonguss|40\/100\n|\n|t:|1700110128\n|switch|p1a: Garchomp|Garchomp, M|13\/100|[from] U-turn\n|move|p2a: Amoonguss|Foul Play|p1a: Garchomp\n|-damage|p1a: Garchomp|0 fnt\n|-damage|p2a: Amoonguss|28\/100|[from] ability: Rough Skin|[of] p1a: Garchomp\n|-damage|p2a: Amoonguss|11\/100|[from] item: Rocky Helmet|[of] p1a: Garchomp\n|faint|p1a: Garchomp\n|\n|upkeep\n|\n|t:|1700110137\n|switch|p1a: Scizor|Scizor, M|60\/100\n|turn|14\n|\n|t:|1700110149\n|switch|p2a: Alomomola|Alomomola, F|59\/100 brn\n|move|p1a: Scizor|U-turn|p2a: Alomomola\n|-damage|p2a: Alomomola|27\/100 brn\n|l|\u2606Blurred Ace\n|inactive|Blurred Ace disconnected and has a minute to reconnect!\n|player|p1|\n|j|\u2606Blurred Ace\n|inactive|Blurred Ace reconnected and has 125 seconds left.\n|player|p1|Blurred Ace|gambler\n|\n|t:|1700110178\n|switch|p1a: Samurott|Samurott-Hisui, M|100\/100|[from] U-turn\n|\n|-damage|p2a: Alomomola|21\/100 brn|[from] brn\n|upkeep\n|turn|15\n|\n|t:|1700110183\n|switch|p2a: Clefable|Clefable, F|100\/100\n|move|p1a: Samurott|Knock Off|p2a: Clefable\n|-resisted|p2a: Clefable\n|-damage|p2a: Clefable|84\/100\n|-enditem|p2a: Clefable|Leftovers|[from] move: Knock Off|[of] p1a: Samurott\n|\n|upkeep\n|turn|16\n|\n|t:|1700110190\n|switch|p1a: Slowking|Slowking, M|100\/100\n|move|p2a: Clefable|Wish|p2a: Clefable\n|\n|upkeep\n|turn|17\n|\n|t:|1700110213\n|switch|p2a: Alomomola|Alomomola, F|54\/100 brn\n|move|p1a: Slowking|Future Sight|p2a: Alomomola\n|-start|p1a: Slowking|move: Future Sight\n|\n|-heal|p2a: Alomomola|91\/100 brn|[from] move: Wish|[wisher] Clefable\n|-damage|p2a: Alomomola|85\/100 brn|[from] brn\n|upkeep\n|turn|18\n|\n|t:|1700110219\n|move|p2a: Alomomola|Flip Turn|p1a: Slowking\n|-resisted|p1a: Slowking\n|-damage|p1a: Slowking|96\/100\n|\n|t:|1700110223\n|switch|p2a: Blissey|Blissey, F|100\/100|[from] Flip Turn\n|move|p1a: Slowking|Chilly Reception|p1a: Slowking\n|-weather|Snow\n|\n|t:|1700110230\n|switch|p1a: Scizor|Scizor, M|60\/100|[from] Chilly Reception\n|\n|-weather|Snow|[upkeep]\n|upkeep\n|turn|19\n|\n|t:|1700110233\n|move|p2a: Blissey|Protect|p2a: Blissey\n|-singleturn|p2a: Blissey|Protect\n|move|p1a: Scizor|Close Combat|p2a: Blissey\n|-activate|p2a: Blissey|move: Protect\n|\n|-weather|Snow|[upkeep]\n|-end|p2a: Blissey|move: Future Sight\n|-damage|p2a: Blissey|88\/100\n|upkeep\n|turn|20\n|\n|t:|1700110249\n|switch|p1a: Slowking|Slowking, M|100\/100\n|switch|p2a: Clefable|Clefable, F|84\/100\n|\n|-weather|Snow|[upkeep]\n|upkeep\n|turn|21\n|\n|t:|1700110257\n|move|p2a: Clefable|Knock Off|p1a: Slowking\n|-supereffective|p1a: Slowking\n|-damage|p1a: Slowking|69\/100\n|-enditem|p1a: Slowking|Leftovers|[from] move: Knock Off|[of] p2a: Clefable\n|move|p1a: Slowking|Blizzard|p2a: Clefable\n|-damage|p2a: Clefable|62\/100\n|\n|-weather|Snow|[upkeep]\n|upkeep\n|turn|22\n|\n|t:|1700110265\n|move|p2a: Clefable|Wish|p2a: Clefable\n|move|p1a: Slowking|Future Sight|p2a: Clefable\n|-start|p1a: Slowking|move: Future Sight\n|\n|-weather|none\n|upkeep\n|turn|23\n|\n|t:|1700110274\n|switch|p2a: Blissey|Blissey, F|88\/100\n|move|p1a: Slowking|Chilly Reception|p1a: Slowking\n|-weather|Snow\n|\n|t:|1700110284\n|switch|p1a: Great Tusk|Great Tusk|100\/100|[from] Chilly Reception\n|\n|-weather|Snow|[upkeep]\n|-heal|p2a: Blissey|100\/100|[from] move: Wish|[wisher] Clefable\n|upkeep\n|turn|24\n|\n|t:|1700110291\n|move|p2a: Blissey|Protect|p2a: Blissey\n|-singleturn|p2a: Blissey|Protect\n|move|p1a: Great Tusk|Bulk Up|p1a: Great Tusk\n|-boost|p1a: Great Tusk|atk|1\n|-boost|p1a: Great Tusk|def|1\n|\n|-weather|Snow|[upkeep]\n|-end|p2a: Blissey|move: Future Sight\n|-damage|p2a: Blissey|89\/100\n|upkeep\n|turn|25\n|\n|t:|1700110296\n|switch|p2a: Dondozo|Dondozo, M|100\/100\n|move|p1a: Great Tusk|Knock Off|p2a: Dondozo\n|-damage|p2a: Dondozo|85\/100\n|-enditem|p2a: Dondozo|Heavy-Duty Boots|[from] move: Knock Off|[of] p1a: Great Tusk\n|\n|-weather|Snow|[upkeep]\n|upkeep\n|turn|26\n|\n|t:|1700110309\n|move|p1a: Great Tusk|Earthquake|p2a: Dondozo\n|-damage|p2a: Dondozo|57\/100\n|move|p2a: Dondozo|Waterfall|p1a: Great Tusk\n|-supereffective|p1a: Great Tusk\n|-damage|p1a: Great Tusk|63\/100\n|\n|-weather|Snow|[upkeep]\n|-heal|p1a: Great Tusk|69\/100|[from] item: Leftovers\n|upkeep\n|turn|27\n|\n|t:|1700110314\n|-end|p1a: Great Tusk|Protosynthesis|[silent]\n|switch|p1a: Slowking|Slowking, M|100\/100\n|move|p2a: Dondozo|Rest|p2a: Dondozo\n|-status|p2a: Dondozo|slp|[from] move: Rest\n|-heal|p2a: Dondozo|100\/100 slp|[silent]\n|\n|-weather|none\n|upkeep\n|turn|28\n|\n|t:|1700110321\n|move|p1a: Slowking|Future Sight|p2a: Dondozo\n|-start|p1a: Slowking|move: Future Sight\n|cant|p2a: Dondozo|slp\n|move|p2a: Dondozo|Sleep Talk|p2a: Dondozo\n|move|p2a: Dondozo|Waterfall|p1a: Slowking|[from]move: Sleep Talk\n|-resisted|p1a: Slowking\n|-damage|p1a: Slowking|87\/100\n|\n|upkeep\n|turn|29\n|\n|t:|1700110330\n|switch|p2a: Blissey|Blissey, F|89\/100\n|move|p1a: Slowking|Chilly Reception|p1a: Slowking\n|-weather|Snow\n|\n|t:|1700110336\n|switch|p1a: Samurott|Samurott-Hisui, M|100\/100|[from] Chilly Reception\n|\n|-weather|Snow|[upkeep]\n|upkeep\n|turn|30\n|\n|t:|1700110341\n|move|p2a: Blissey|Protect|p2a: Blissey\n|-singleturn|p2a: Blissey|Protect\n|move|p1a: Samurott|Knock Off|p2a: Blissey\n|-activate|p2a: Blissey|move: Protect\n|\n|-weather|Snow|[upkeep]\n|-end|p2a: Blissey|move: Future Sight\n|-damage|p2a: Blissey|77\/100\n|upkeep\n|turn|31\n|\n|t:|1700110346\n|switch|p2a: Clefable|Clefable, F|62\/100\n|move|p1a: Samurott|Knock Off|p2a: Clefable\n|-resisted|p2a: Clefable\n|-damage|p2a: Clefable|51\/100\n|\n|-weather|Snow|[upkeep]\n|upkeep\n|turn|32\n|\n|t:|1700110352\n|switch|p1a: Slowking|Slowking, M|100\/100\n|move|p2a: Clefable|Wish|p2a: Clefable\n|\n|-weather|Snow|[upkeep]\n|upkeep\n|turn|33\n|\n|t:|1700110357\n|move|p2a: Clefable|Protect|p2a: Clefable\n|-singleturn|p2a: Clefable|Protect\n|move|p1a: Slowking|Future Sight|p2a: Clefable\n|-start|p1a: Slowking|move: Future Sight\n|\n|-weather|none\n|-heal|p2a: Clefable|100\/100|[from] move: Wish|[wisher] Clefable\n|upkeep\n|turn|34\n|\n|t:|1700110366\n|switch|p2a: Blissey|Blissey, F|77\/100\n|move|p1a: Slowking|Chilly Reception|p1a: Slowking\n|-weather|Snow\n|\n|t:|1700110371\n|switch|p1a: Scizor|Scizor, M|60\/100|[from] Chilly Reception\n|\n|-weather|Snow|[upkeep]\n|upkeep\n|turn|35\n|\n|t:|1700110383\n|move|p2a: Blissey|Protect|p2a: Blissey\n|-singleturn|p2a: Blissey|Protect\n|move|p1a: Scizor|U-turn|p2a: Blissey\n|-activate|p2a: Blissey|move: Protect\n|\n|-weather|Snow|[upkeep]\n|-end|p2a: Blissey|move: Future Sight\n|-damage|p2a: Blissey|65\/100\n|upkeep\n|turn|36\n|\n|t:|1700110395\n|switch|p2a: Alomomola|Alomomola, F|100\/100 brn\n|move|p1a: Scizor|U-turn|p2a: Alomomola\n|-damage|p2a: Alomomola|67\/100 brn\n|\n|t:|1700110399\n|switch|p1a: Samurott|Samurott-Hisui, M|100\/100|[from] U-turn\n|\n|-weather|Snow|[upkeep]\n|-damage|p2a: Alomomola|61\/100 brn|[from] brn\n|upkeep\n|turn|37\n|\n|t:|1700110406\n|switch|p2a: Clefable|Clefable, F|100\/100\n|move|p1a: Samurott|Knock Off|p2a: Clefable\n|-resisted|p2a: Clefable\n|-damage|p2a: Clefable|90\/100\n|\n|-weather|Snow|[upkeep]\n|upkeep\n|turn|38\n|\n|t:|1700110413\n|switch|p1a: Slowking|Slowking, M|100\/100\n|move|p2a: Clefable|Wish|p2a: Clefable\n|\n|-weather|none\n|upkeep\n|turn|39\n|\n|t:|1700110419\n|switch|p2a: Blissey|Blissey, F|65\/100\n|move|p1a: Slowking|Scald|p2a: Blissey\n|-damage|p2a: Blissey|58\/100\n|\n|-heal|p2a: Blissey|85\/100|[from] move: Wish|[wisher] Clefable\n|upkeep\n|turn|40\n|\n|t:|1700110426\n|move|p2a: Blissey|Stealth Rock|p1a: Slowking\n|-sidestart|p1: Blurred Ace|move: Stealth Rock\n|move|p1a: Slowking|Future Sight|p2a: Blissey\n|-start|p1a: Slowking|move: Future Sight\n|\n|upkeep\n|turn|41\n|\n|t:|1700110433\n|move|p2a: Blissey|Seismic Toss|p1a: Slowking\n|-damage|p1a: Slowking|75\/100\n|move|p1a: Slowking|Chilly Reception|p1a: Slowking\n|-weather|Snow\n|\n|t:|1700110435\n|switch|p1a: Great Tusk|Great Tusk|69\/100|[from] Chilly Reception\n|-damage|p1a: Great Tusk|66\/100|[from] Stealth Rock\n|\n|-weather|Snow|[upkeep]\n|-heal|p1a: Great Tusk|73\/100|[from] item: Leftovers\n|upkeep\n|turn|42\n|\n|t:|1700110456\n|move|p2a: Blissey|Protect|p2a: Blissey\n|-singleturn|p2a: Blissey|Protect\n|move|p1a: Great Tusk|Rapid Spin|p2a: Blissey\n|-activate|p2a: Blissey|move: Protect\n|\n|-weather|Snow|[upkeep]\n|-end|p2a: Blissey|move: Future Sight\n|-damage|p2a: Blissey|74\/100\n|-heal|p1a: Great Tusk|79\/100|[from] item: Leftovers\n|upkeep\n|turn|43\n|\n|t:|1700110464\n|switch|p2a: Amoonguss|Amoonguss, F, tera:Flying|45\/100\n|-damage|p2a: Amoonguss|20\/100|[from] Stealth Rock\n|move|p1a: Great Tusk|Rapid Spin|p2a: Amoonguss\n|-damage|p2a: Amoonguss|5\/100\n|-boost|p1a: Great Tusk|spe|1\n|-sideend|p1: Blurred Ace|Stealth Rock|[from] move: Rapid Spin|[of] p1a: Great Tusk\n|\n|-weather|Snow|[upkeep]\n|-heal|p1a: Great Tusk|85\/100|[from] item: Leftovers\n|upkeep\n|turn|44\n|\n|t:|1700110477\n|switch|p2a: Clefable|Clefable, F|90\/100\n|move|p1a: Great Tusk|Knock Off|p2a: Clefable\n|-resisted|p2a: Clefable\n|-damage|p2a: Clefable|80\/100\n|\n|-weather|Snow|[upkeep]\n|-heal|p1a: Great Tusk|91\/100|[from] item: Leftovers\n|upkeep\n|turn|45\n|\n|t:|1700110484\n|-end|p1a: Great Tusk|Protosynthesis|[silent]\n|switch|p1a: Slowking|Slowking, M|100\/100\n|move|p2a: Clefable|Moonblast|p1a: Slowking\n|-damage|p1a: Slowking|83\/100\n|\n|-weather|none\n|upkeep\n|turn|46\n|\n|t:|1700110490\n|move|p2a: Clefable|Wish|p2a: Clefable\n|move|p1a: Slowking|Future Sight|p2a: Clefable\n|-start|p1a: Slowking|move: Future Sight\n|\n|upkeep\n|turn|47\n|\n|t:|1700110495\n|switch|p2a: Blissey|Blissey, F|74\/100\n|move|p1a: Slowking|Chilly Reception|p1a: Slowking\n|-weather|Snow\n|\n|t:|1700110498\n|switch|p1a: Scizor|Scizor, M|60\/100|[from] Chilly Reception\n|\n|-weather|Snow|[upkeep]\n|-heal|p2a: Blissey|100\/100|[from] move: Wish|[wisher] Clefable\n|upkeep\n|turn|48\n|\n|t:|1700110505\n|move|p2a: Blissey|Protect|p2a: Blissey\n|-singleturn|p2a: Blissey|Protect\n|move|p1a: Scizor|Close Combat|p2a: Blissey\n|-activate|p2a: Blissey|move: Protect\n|\n|-weather|Snow|[upkeep]\n|-end|p2a: Blissey|move: Future Sight\n|-damage|p2a: Blissey|88\/100\n|upkeep\n|turn|49\n|\n|t:|1700110515\n|switch|p2a: Clefable|Clefable, F|80\/100\n|move|p1a: Scizor|Close Combat|p2a: Clefable\n|-resisted|p2a: Clefable\n|-crit|p2a: Clefable\n|-damage|p2a: Clefable|39\/100\n|-unboost|p1a: Scizor|def|1\n|-unboost|p1a: Scizor|spd|1\n|\n|-weather|Snow|[upkeep]\n|upkeep\n|turn|50\n|\n|t:|1700110534\n|switch|p1a: Slowking|Slowking, M|100\/100\n|move|p2a: Clefable|Wish|p2a: Clefable\n|\n|-weather|Snow|[upkeep]\n|upkeep\n|turn|51\n|\n|t:|1700110542\n|move|p2a: Clefable|Moonblast|p1a: Slowking\n|-damage|p1a: Slowking|83\/100\n|-unboost|p1a: Slowking|spa|1\n|move|p1a: Slowking|Future Sight|p2a: Clefable\n|-start|p1a: Slowking|move: Future Sight\n|\n|-weather|none\n|-heal|p2a: Clefable|89\/100|[from] move: Wish|[wisher] Clefable\n|upkeep\n|turn|52\n|\n|t:|1700110561\n|switch|p2a: Alomomola|Alomomola, F|94\/100 brn\n|switch|p1a: Samurott|Samurott-Hisui, M|100\/100\n|\n|-damage|p2a: Alomomola|88\/100 brn|[from] brn\n|upkeep\n|turn|53\n|\n|t:|1700110566\n|move|p1a: Samurott|Knock Off|p2a: Alomomola\n|-damage|p2a: Alomomola|63\/100 brn\n|-enditem|p2a: Alomomola|Heavy-Duty Boots|[from] move: Knock Off|[of] p1a: Samurott\n|move|p2a: Alomomola|Mirror Coat||[still]\n|-fail|p2a: Alomomola\n|\n|-end|p2a: Alomomola|move: Future Sight\n|-damage|p2a: Alomomola|10\/100 brn\n|-damage|p2a: Alomomola|4\/100 brn|[from] brn\n|upkeep\n|turn|54\n|\n|t:|1700110578\n|switch|p2a: Clefable|Clefable, F|89\/100\n|move|p1a: Samurott|Aqua Cutter|p2a: Clefable\n|-crit|p2a: Clefable\n|-damage|p2a: Clefable|36\/100\n|\n|upkeep\n|turn|55\n|\n|t:|1700110589\n|move|p1a: Samurott|Aqua Cutter|p2a: Clefable\n|-crit|p2a: Clefable\n|-damage|p2a: Clefable|0 fnt\n|faint|p2a: Clefable\n|\n|upkeep\n|-message|Hanchzha forfeited.\n|\n|win|Blurred Ace\n|raw|Blurred Ace's rating: 1490 &rarr; <strong>1511<\/strong><br \/>(+21 for winning)\n|raw|Hanchzha's rating: 1501 &rarr; <strong>1480<\/strong><br \/>(-21 for losing)\n|l|\u2606Hanchzha\n","uploadtime":1700110612,"views":8,"p1id":"blurredace","p2id":"hanchzha","formatid":"gen9ou","rating":1480,"private":0,"password":""}