{"id":"gen9ou-1991380662","p1":"tenderman69","p2":"fropop","format":"[Gen 9] OU","log":"|j|\u2606tenderman69\n|j|\u2606fropop\n|t:|1700072329\n|gametype|singles\n|player|p1|tenderman69|clay|1374\n|player|p2|fropop|n|1354\n|teamsize|p1|6\n|teamsize|p2|6\n|gen|9\n|tier|[Gen 9] OU\n|rated|\n|rule|Sleep Clause Mod: Limit one foe put to sleep\n|rule|Species Clause: Limit one of each Pok\u00e9mon\n|rule|OHKO Clause: OHKO moves are banned\n|rule|Evasion Items Clause: Evasion items are banned\n|rule|Evasion Moves Clause: Evasion moves are banned\n|rule|Endless Battle Clause: Forcing endless battles is banned\n|rule|HP Percentage Mod: HP is shown in percentages\n|clearpoke\n|poke|p1|Kingambit, M|\n|poke|p1|Greninja-*, M|\n|poke|p1|Enamorus, F|\n|poke|p1|Great Tusk|\n|poke|p1|Heatran, M|\n|poke|p1|Iron Moth|\n|poke|p2|Goodra-Hisui, F|\n|poke|p2|Alomomola, M|\n|poke|p2|Rillaboom, M|\n|poke|p2|Zapdos|\n|poke|p2|Cinderace, F|\n|poke|p2|Volcanion|\n|teampreview\n|inactive|Battle timer is ON: inactive players will automatically lose when time's up. (requested by fropop)\n|\n|t:|1700072352\n|start\n|switch|p1a: Heatran|Heatran, M|100\/100\n|switch|p2a: Goodra|Goodra-Hisui, F|100\/100\n|-item|p1a: Heatran|Air Balloon\n|turn|1\n|\n|t:|1700072365\n|move|p1a: Heatran|Stealth Rock|p2a: Goodra\n|-sidestart|p2: fropop|move: Stealth Rock\n|move|p2a: Goodra|Ice Beam|p1a: Heatran\n|-resisted|p1a: Heatran\n|-damage|p1a: Heatran|96\/100\n|-enditem|p1a: Heatran|Air Balloon\n|\n|upkeep\n|turn|2\n|inactive|tenderman69 has 120 seconds left.\n|\n|t:|1700072415\n|switch|p1a: Enamorus|Enamorus, F|100\/100\n|move|p2a: Goodra|Flash Cannon|p1a: Enamorus\n|-supereffective|p1a: Enamorus\n|-damage|p1a: Enamorus|0 fnt\n|faint|p1a: Enamorus\n|\n|upkeep\n|inactive|tenderman69 has 90 seconds left.\n|\n|t:|1700072431\n|switch|p1a: Great Tusk|Great Tusk|100\/100\n|-enditem|p1a: Great Tusk|Booster Energy\n|-activate|p1a: Great Tusk|ability: Protosynthesis|[fromitem]\n|-start|p1a: Great Tusk|protosynthesisspe\n|turn|3\n|inactive|tenderman69 has 90 seconds left.\n|inactive|fropop has 120 seconds left.\n|\n|t:|1700072467\n|-end|p1a: Great Tusk|Protosynthesis|[silent]\n|switch|p1a: Heatran|Heatran, M|96\/100\n|switch|p2a: Zapdos|Zapdos|100\/100\n|\n|upkeep\n|turn|4\n|inactive|tenderman69 has 90 seconds left.\n|inactive|fropop has 120 seconds left.\n|\n|t:|1700072479\n|move|p2a: Zapdos|Volt Switch|p1a: Heatran\n|-damage|p1a: Heatran|77\/100\n|\n|t:|1700072484\n|switch|p2a: Alomomola|Alomomola, M|100\/100|[from] Volt Switch\n|move|p1a: Heatran|Magma Storm|p2a: Alomomola\n|-resisted|p2a: Alomomola\n|-damage|p2a: Alomomola|79\/100\n|-activate|p2a: Alomomola|move: Magma Storm|[of] p1a: Heatran\n|\n|-damage|p2a: Alomomola|66\/100|[from] move: Magma Storm|[partiallytrapped]\n|upkeep\n|turn|5\n|inactive|fropop has 120 seconds left.\n|inactive|tenderman69 has 90 seconds left.\n|\n|t:|1700072507\n|move|p1a: Heatran|Magma Storm|p2a: Alomomola\n|-resisted|p2a: Alomomola\n|-damage|p2a: Alomomola|44\/100\n|move|p2a: Alomomola|Wish|p2a: Alomomola\n|\n|-damage|p2a: Alomomola|32\/100|[from] move: Magma Storm|[partiallytrapped]\n|upkeep\n|turn|6\n|inactive|tenderman69 has 90 seconds left.\n|inactive|fropop has 120 seconds left.\n|\n|t:|1700072520\n|move|p2a: Alomomola|Protect|p2a: Alomomola\n|-singleturn|p2a: Alomomola|Protect\n|move|p1a: Heatran|Magma Storm|p2a: Alomomola\n|-activate|p2a: Alomomola|move: Protect\n|\n|-heal|p2a: Alomomola|82\/100|[from] move: Wish|[wisher] Alomomola\n|-damage|p2a: Alomomola|70\/100|[from] move: Magma Storm|[partiallytrapped]\n|upkeep\n|turn|7\n|inactive|tenderman69 has 90 seconds left.\n|inactive|fropop has 120 seconds left.\n|\n|t:|1700072532\n|move|p1a: Heatran|Magma Storm|p2a: Alomomola|[miss]\n|-miss|p1a: Heatran|p2a: Alomomola\n|move|p2a: Alomomola|Wish|p2a: Alomomola\n|\n|-damage|p2a: Alomomola|57\/100|[from] move: Magma Storm|[partiallytrapped]\n|upkeep\n|turn|8\n|inactive|tenderman69 has 90 seconds left.\n|inactive|fropop has 120 seconds left.\n|\n|t:|1700072545\n|move|p1a: Heatran|Will-O-Wisp|p2a: Alomomola|[miss]\n|-miss|p1a: Heatran|p2a: Alomomola\n|move|p2a: Alomomola|Flip Turn|p1a: Heatran\n|-supereffective|p1a: Heatran\n|-damage|p1a: Heatran|50\/100\n|inactive|fropop has 120 seconds left.\n|\n|t:|1700072556\n|switch|p2a: Volcanion|Volcanion|100\/100|[from] Flip Turn\n|\n|upkeep\n|turn|9\n|inactive|fropop has 120 seconds left.\n|\n|t:|1700072570\n|move|p1a: Heatran|Magma Storm|p2a: Volcanion\n|-resisted|p2a: Volcanion\n|-crit|p2a: Volcanion\n|-damage|p2a: Volcanion|88\/100\n|-activate|p2a: Volcanion|move: Magma Storm|[of] p1a: Heatran\n|move|p2a: Volcanion|Earth Power|p1a: Heatran\n|-supereffective|p1a: Heatran\n|-damage|p1a: Heatran|0 fnt\n|faint|p1a: Heatran\n|\n|-end|p2a: Volcanion|Magma Storm|[partiallytrapped]|[silent]\n|upkeep\n|\n|t:|1700072578\n|switch|p1a: Greninja|Greninja, M|100\/100\n|turn|10\n|inactive|fropop has 120 seconds left.\n|\n|t:|1700072589\n|move|p1a: Greninja|Dark Pulse|p2a: Volcanion\n|-damage|p2a: Volcanion|57\/100\n|move|p2a: Volcanion|Earth Power|p1a: Greninja\n|-damage|p1a: Greninja|53\/100\n|\n|upkeep\n|turn|11\n|inactive|fropop has 120 seconds left.\n|\n|t:|1700072610\n|switch|p2a: Goodra|Goodra-Hisui, F|100\/100\n|-damage|p2a: Goodra|94\/100|[from] Stealth Rock\n|move|p1a: Greninja|Dark Pulse|p2a: Goodra\n|-damage|p2a: Goodra|79\/100\n|\n|upkeep\n|turn|12\n|\n|t:|1700072620\n|move|p1a: Greninja|Dark Pulse|p2a: Goodra\n|-damage|p2a: Goodra|64\/100\n|cant|p2a: Goodra|flinch\n|\n|upkeep\n|turn|13\n|\n|t:|1700072637\n|move|p1a: Greninja|Dark Pulse|p2a: Goodra\n|-damage|p2a: Goodra|49\/100\n|cant|p2a: Goodra|flinch\n|\n|upkeep\n|turn|14\n|\n|t:|1700072644\n|move|p1a: Greninja|Dark Pulse|p2a: Goodra\n|-damage|p2a: Goodra|32\/100\n|move|p2a: Goodra|Draco Meteor|p1a: Greninja\n|-damage|p1a: Greninja|0 fnt\n|-unboost|p2a: Goodra|spa|2\n|faint|p1a: Greninja\n|\n|upkeep\n|inactive|tenderman69 has 120 seconds left.\n|\n|t:|1700072655\n|switch|p1a: Iron Moth|Iron Moth|100\/100\n|-enditem|p1a: Iron Moth|Booster Energy\n|-activate|p1a: Iron Moth|ability: Quark Drive|[fromitem]\n|-start|p1a: Iron Moth|quarkdrivespe\n|turn|15\n|inactive|fropop has 120 seconds left.\n|\n|t:|1700072663\n|move|p1a: Iron Moth|Fiery Dance|p2a: Goodra\n|-damage|p2a: Goodra|13\/100\n|move|p2a: Goodra|Earthquake|p1a: Iron Moth\n|-supereffective|p1a: Iron Moth\n|-crit|p1a: Iron Moth\n|-damage|p1a: Iron Moth|0 fnt\n|faint|p1a: Iron Moth\n|-end|p1a: Iron Moth|Quark Drive|[silent]\n|\n|upkeep\n|\n|t:|1700072671\n|switch|p1a: Great Tusk|Great Tusk|100\/100\n|turn|16\n|\n|t:|1700072678\n|switch|p2a: Alomomola|Alomomola, M|91\/100\n|move|p1a: Great Tusk|Bulk Up|p1a: Great Tusk\n|-boost|p1a: Great Tusk|atk|1\n|-boost|p1a: Great Tusk|def|1\n|\n|upkeep\n|turn|17\n|\n|t:|1700072689\n|move|p1a: Great Tusk|Earthquake|p2a: Alomomola\n|-damage|p2a: Alomomola|52\/100\n|move|p2a: Alomomola|Wish|p2a: Alomomola\n|\n|upkeep\n|turn|18\n|\n|t:|1700072695\n|move|p1a: Great Tusk|Bulk Up|p1a: Great Tusk\n|-boost|p1a: Great Tusk|atk|1\n|-boost|p1a: Great Tusk|def|1\n|move|p2a: Alomomola|Flip Turn|p1a: Great Tusk\n|-supereffective|p1a: Great Tusk\n|-damage|p1a: Great Tusk|89\/100\n|\n|t:|1700072708\n|switch|p2a: Goodra|Goodra-Hisui, F|13\/100|[from] Flip Turn\n|-damage|p2a: Goodra|7\/100|[from] Stealth Rock\n|\n|-heal|p2a: Goodra|81\/100|[from] move: Wish|[wisher] Alomomola\n|upkeep\n|turn|19\n|\n|t:|1700072726\n|-terastallize|p2a: Goodra|Flying\n|move|p1a: Great Tusk|Bulk Up|p1a: Great Tusk\n|-boost|p1a: Great Tusk|atk|1\n|-boost|p1a: Great Tusk|def|1\n|move|p2a: Goodra|Ice Beam|p1a: Great Tusk\n|-supereffective|p1a: Great Tusk\n|-damage|p1a: Great Tusk|14\/100\n|\n|upkeep\n|turn|20\n|\n|t:|1700072745\n|move|p1a: Great Tusk|Ice Spinner|p2a: Goodra\n|-supereffective|p2a: Goodra\n|-damage|p2a: Goodra|0 fnt\n|faint|p2a: Goodra\n|\n|upkeep\n|inactive|fropop has 120 seconds left.\n|\n|t:|1700072758\n|switch|p2a: Rillaboom|Rillaboom, M|100\/100\n|-damage|p2a: Rillaboom|88\/100|[from] Stealth Rock\n|-fieldstart|move: Grassy Terrain|[from] ability: Grassy Surge|[of] p2a: Rillaboom\n|turn|21\n|\n|t:|1700072766\n|-terastallize|p1a: Great Tusk|Poison\n|move|p2a: Rillaboom|Grassy Glide|p1a: Great Tusk\n|-resisted|p1a: Great Tusk\n|-damage|p1a: Great Tusk|7\/100\n|move|p1a: Great Tusk|Ice Spinner|p2a: Rillaboom\n|-supereffective|p2a: Rillaboom\n|-damage|p2a: Rillaboom|0 fnt\n|-fieldend|move: Grassy Terrain\n|faint|p2a: Rillaboom\n|\n|upkeep\n|inactive|fropop has 120 seconds left.\n|\n|t:|1700072781\n|switch|p2a: Cinderace|Cinderace, F|100\/100\n|turn|22\n|inactive|fropop has 120 seconds left.\n|\n|t:|1700072788\n|move|p2a: Cinderace|Pyro Ball|p1a: Great Tusk\n|-damage|p1a: Great Tusk|0 fnt\n|faint|p1a: Great Tusk\n|-end|p1a: Great Tusk|Protosynthesis|[silent]\n|\n|upkeep\n|\n|t:|1700072790\n|switch|p1a: Kingambit|Kingambit, M|100\/100\n|turn|23\n|\n|t:|1700072804\n|move|p2a: Cinderace|Will-O-Wisp|p1a: Kingambit\n|-status|p1a: Kingambit|brn\n|move|p1a: Kingambit|Swords Dance|p1a: Kingambit\n|-boost|p1a: Kingambit|atk|2\n|\n|-damage|p1a: Kingambit|94\/100 brn|[from] brn\n|upkeep\n|turn|24\n|\n|t:|1700072815\n|move|p1a: Kingambit|Sucker Punch|p2a: Cinderace\n|-damage|p2a: Cinderace|38\/100\n|move|p2a: Cinderace|Pyro Ball|p1a: Kingambit\n|-supereffective|p1a: Kingambit\n|-damage|p1a: Kingambit|23\/100 brn\n|\n|-damage|p1a: Kingambit|16\/100 brn|[from] brn\n|upkeep\n|turn|25\n|\n|t:|1700072824\n|switch|p2a: Alomomola|Alomomola, M|86\/100\n|move|p1a: Kingambit|Kowtow Cleave|p2a: Alomomola\n|-damage|p2a: Alomomola|54\/100\n|\n|-damage|p1a: Kingambit|10\/100 brn|[from] brn\n|upkeep\n|turn|26\n|\n|t:|1700072833\n|move|p2a: Alomomola|Protect|p2a: Alomomola\n|-singleturn|p2a: Alomomola|Protect\n|move|p1a: Kingambit|Kowtow Cleave|p2a: Alomomola\n|-activate|p2a: Alomomola|move: Protect\n|\n|-damage|p1a: Kingambit|4\/100 brn|[from] brn\n|upkeep\n|turn|27\n|c|\u2606tenderman69|Gg\n|\n|t:|1700072841\n|move|p1a: Kingambit|Kowtow Cleave|p2a: Alomomola\n|-damage|p2a: Alomomola|23\/100\n|move|p2a: Alomomola|Wish|p2a: Alomomola\n|\n|-damage|p1a: Kingambit|0 fnt|[from] brn\n|faint|p1a: Kingambit\n|\n|win|fropop\n|upkeep\n|raw|tenderman69's rating: 1374 &rarr; <strong>1353<\/strong><br \/>(-21 for losing)\n|raw|fropop's rating: 1354 &rarr; <strong>1375<\/strong><br \/>(+21 for winning)\n","uploadtime":1700072851,"views":26,"p1id":"tenderman69","p2id":"fropop","formatid":"gen9ou","rating":1353,"private":0,"password":""}