{"id":"gen9ou-1989614334","p1":"pablo_le_pablo","p2":"Kurisu41","format":"[Gen 9] OU","log":"|j|\u2606pablo_le_pablo\n|j|\u2606Kurisu41\n|t:|1699879030\n|gametype|singles\n|player|p1|pablo_le_pablo|169|1132\n|player|p2|Kurisu41|170|1168\n|teamsize|p1|6\n|teamsize|p2|6\n|gen|9\n|tier|[Gen 9] OU\n|rated|\n|rule|Sleep Clause Mod: Limit one foe put to sleep\n|rule|Species Clause: Limit one of each Pok\u00e9mon\n|rule|OHKO Clause: OHKO moves are banned\n|rule|Evasion Items Clause: Evasion items are banned\n|rule|Evasion Moves Clause: Evasion moves are banned\n|rule|Endless Battle Clause: Forcing endless battles is banned\n|rule|HP Percentage Mod: HP is shown in percentages\n|clearpoke\n|poke|p1|Kingambit, F|\n|poke|p1|Zamazenta-*|\n|poke|p1|Iron Moth|\n|poke|p1|Great Tusk|\n|poke|p1|Dragonite, F|\n|poke|p1|Alomomola, F|\n|poke|p2|Samurott-Hisui, M|\n|poke|p2|Sandy Shocks|\n|poke|p2|Toedscruel, M|\n|poke|p2|Ogerpon-Cornerstone, F|\n|poke|p2|Corviknight, F|\n|poke|p2|Zoroark-Hisui, F|\n|teampreview\n|\n|t:|1699879038\n|start\n|switch|p1a: Great Tusk|Great Tusk|100\/100\n|switch|p2a: Samurott|Samurott-Hisui, M|100\/100\n|turn|1\n|\n|t:|1699879053\n|-end|p1a: Great Tusk|Protosynthesis|[silent]\n|switch|p1a: Dragonite|Dragonite, F|100\/100\n|move|p2a: Samurott|Hyper Voice|p1a: Dragonite\n|-damage|p1a: Dragonite|79\/100\n|\n|upkeep\n|turn|2\n|\n|t:|1699879059\n|move|p2a: Samurott|Nasty Plot|p2a: Samurott\n|-boost|p2a: Samurott|spa|2\n|move|p1a: Dragonite|Dragon Dance|p1a: Dragonite\n|-boost|p1a: Dragonite|atk|1\n|-boost|p1a: Dragonite|spe|1\n|\n|upkeep\n|turn|3\n|\n|t:|1699879067\n|move|p1a: Dragonite|Extreme Speed|p2a: Samurott\n|-immune|p2a: Samurott\n|move|p2a: Samurott|Hyper Voice|p1a: Dragonite\n|-damage|p1a: Dragonite|0 fnt\n|faint|p1a: Dragonite\n|\n|upkeep\n|\n|t:|1699879078\n|switch|p1a: Zamazenta|Zamazenta|100\/100\n|-ability|p1a: Zamazenta|Dauntless Shield|boost\n|-boost|p1a: Zamazenta|def|1\n|turn|4\n|\n|t:|1699879087\n|move|p1a: Zamazenta|Close Combat|p2a: Samurott\n|-immune|p2a: Samurott\n|move|p2a: Samurott|Hyper Voice|p1a: Zamazenta\n|-damage|p1a: Zamazenta|15\/100\n|\n|upkeep\n|turn|5\n|c|\u2606Kurisu41|GG\n|c|\u2606Kurisu41|lmao\n|inactive|Battle timer is ON: inactive players will automatically lose when time's up. (requested by Kurisu41)\n|c|\u2606pablo_le_pablo|i just understand lol\n|\n|t:|1699879114\n|switch|p1a: Alomomola|Alomomola, F|100\/100\n|move|p2a: Samurott|Hyper Voice|p1a: Alomomola\n|-damage|p1a: Alomomola|0 fnt\n|faint|p1a: Alomomola\n|\n|upkeep\n|\n|t:|1699879123\n|switch|p1a: Zamazenta|Zamazenta|15\/100\n|turn|6\n|\n|t:|1699879127\n|move|p1a: Zamazenta|Crunch|p2a: Samurott\n|-supereffective|p2a: Samurott\n|-enditem|p2a: Samurott|Focus Sash\n|-damage|p2a: Samurott|1\/100\n|replace|p2a: Zoroark|Zoroark-Hisui, F\n|-end|p2a: Zoroark|Illusion\n|move|p2a: Zoroark|Hyper Voice|p1a: Zamazenta\n|-damage|p1a: Zamazenta|0 fnt\n|faint|p1a: Zamazenta\n|\n|upkeep\n|\n|t:|1699879135\n|switch|p1a: Kingambit|Kingambit, F|100\/100\n|-activate|p1a: Kingambit|ability: Supreme Overlord\n|-start|p1a: Kingambit|fallen3|[silent]\n|turn|7\n|\n|t:|1699879140\n|move|p1a: Kingambit|Sucker Punch|p2a: Zoroark\n|-supereffective|p2a: Zoroark\n|-damage|p2a: Zoroark|0 fnt\n|faint|p2a: Zoroark\n|\n|upkeep\n|\n|t:|1699879147\n|switch|p2a: Toedscruel|Toedscruel, M, shiny|100\/100\n|turn|8\n|\n|t:|1699879156\n|-end|p1a: Kingambit|fallen3|[silent]\n|switch|p1a: Great Tusk|Great Tusk|100\/100\n|move|p2a: Toedscruel|Spore|p1a: Great Tusk\n|-status|p1a: Great Tusk|slp|[from] move: Spore\n|\n|upkeep\n|turn|9\n|\n|t:|1699879163\n|-end|p1a: Great Tusk|Protosynthesis|[silent]\n|switch|p1a: Iron Moth|Iron Moth|100\/100\n|-enditem|p1a: Iron Moth|Booster Energy\n|-activate|p1a: Iron Moth|ability: Quark Drive|[fromitem]\n|-start|p1a: Iron Moth|quarkdrivespe\n|move|p2a: Toedscruel|Knock Off|p1a: Iron Moth\n|-damage|p1a: Iron Moth|86\/100\n|\n|upkeep\n|turn|10\n|\n|t:|1699879176\n|switch|p2a: Samurott|Samurott-Hisui, M|100\/100\n|move|p1a: Iron Moth|Substitute|p1a: Iron Moth\n|-start|p1a: Iron Moth|Substitute\n|-damage|p1a: Iron Moth|61\/100\n|\n|upkeep\n|turn|11\n|\n|t:|1699879183\n|move|p1a: Iron Moth|Energy Ball|p2a: Samurott\n|-supereffective|p2a: Samurott\n|-damage|p2a: Samurott|9\/100\n|move|p2a: Samurott|Ceaseless Edge|p1a: Iron Moth\n|-end|p1a: Iron Moth|Substitute\n|-sidestart|p1: pablo_le_pablo|Spikes\n|-damage|p2a: Samurott|0 fnt|[from] item: Life Orb\n|faint|p2a: Samurott\n|\n|upkeep\n|\n|t:|1699879198\n|switch|p2a: Sandy Shocks|Sandy Shocks, shiny|100\/100\n|-enditem|p2a: Sandy Shocks|Booster Energy\n|-activate|p2a: Sandy Shocks|ability: Protosynthesis|[fromitem]\n|-start|p2a: Sandy Shocks|protosynthesisspa\n|turn|12\n|\n|t:|1699879222\n|-terastallize|p2a: Sandy Shocks|Electric\n|move|p1a: Iron Moth|Substitute|p1a: Iron Moth\n|-start|p1a: Iron Moth|Substitute\n|-damage|p1a: Iron Moth|36\/100\n|move|p2a: Sandy Shocks|Volt Switch|p1a: Iron Moth\n|-end|p1a: Iron Moth|Substitute\n|\n|t:|1699879232\n|-end|p2a: Sandy Shocks|Protosynthesis|[silent]\n|switch|p2a: Ogerpon|Ogerpon-Cornerstone, F|100\/100|[from] Volt Switch\n|\n|upkeep\n|turn|13\n|\n|t:|1699879249\n|-terastallize|p1a: Iron Moth|Grass\n|move|p2a: Ogerpon|Quick Attack|p1a: Iron Moth\n|-damage|p1a: Iron Moth|12\/100\n|move|p1a: Iron Moth|Sludge Wave|p2a: Ogerpon\n|-damage|p2a: Ogerpon|39\/100\n|\n|upkeep\n|turn|14\n|\n|t:|1699879260\n|move|p2a: Ogerpon|Quick Attack|p1a: Iron Moth\n|-damage|p1a: Iron Moth|0 fnt\n|faint|p1a: Iron Moth\n|-end|p1a: Iron Moth|Quark Drive|[silent]\n|\n|upkeep\n|\n|t:|1699879263\n|switch|p1a: Kingambit|Kingambit, F|100\/100\n|-damage|p1a: Kingambit|88\/100|[from] Spikes\n|-activate|p1a: Kingambit|ability: Supreme Overlord\n|-start|p1a: Kingambit|fallen4|[silent]\n|turn|15\n|\n|t:|1699879275\n|move|p2a: Ogerpon|Horn Leech|p1a: Kingambit\n|-resisted|p1a: Kingambit\n|-damage|p1a: Kingambit|73\/100\n|-heal|p2a: Ogerpon|49\/100|[from] drain|[of] p1a: Kingambit\n|move|p1a: Kingambit|Swords Dance|p1a: Kingambit\n|-boost|p1a: Kingambit|atk|2\n|\n|-heal|p1a: Kingambit|79\/100|[from] item: Leftovers\n|upkeep\n|turn|16\n|\n|t:|1699879285\n|move|p2a: Ogerpon|Knock Off|p1a: Kingambit\n|-resisted|p1a: Kingambit\n|-crit|p1a: Kingambit\n|-damage|p1a: Kingambit|59\/100\n|-enditem|p1a: Kingambit|Leftovers|[from] move: Knock Off|[of] p2a: Ogerpon\n|move|p1a: Kingambit|Kowtow Cleave|p2a: Ogerpon\n|-damage|p2a: Ogerpon|0 fnt\n|faint|p2a: Ogerpon\n|\n|upkeep\n|\n|t:|1699879298\n|switch|p2a: Sandy Shocks|Sandy Shocks, shiny, tera:Electric|100\/100\n|turn|17\n|\n|t:|1699879307\n|move|p1a: Kingambit|Sucker Punch|p2a: Sandy Shocks\n|-damage|p2a: Sandy Shocks|0 fnt\n|faint|p2a: Sandy Shocks\n|-end|p2a: Sandy Shocks|Protosynthesis|[silent]\n|\n|upkeep\n|\n|t:|1699879312\n|switch|p2a: Toedscruel|Toedscruel, M, shiny|100\/100\n|turn|18\n|\n|t:|1699879320\n|move|p1a: Kingambit|Kowtow Cleave|p2a: Toedscruel\n|-damage|p2a: Toedscruel|0 fnt\n|faint|p2a: Toedscruel\n|\n|upkeep\n|\n|t:|1699879324\n|switch|p2a: Corviknight|Corviknight, F, shiny|100\/100\n|-ability|p2a: Corviknight|Pressure\n|turn|19\n|\n|t:|1699879332\n|move|p2a: Corviknight|Brave Bird|p1a: Kingambit\n|-resisted|p1a: Kingambit\n|-damage|p1a: Kingambit|45\/100\n|-damage|p2a: Corviknight|96\/100|[from] Recoil\n|move|p1a: Kingambit|Kowtow Cleave|p2a: Corviknight\n|-damage|p2a: Corviknight|19\/100\n|-damage|p1a: Kingambit|29\/100|[from] item: Rocky Helmet|[of] p2a: Corviknight\n|\n|upkeep\n|turn|20\n|c|\u2606pablo_le_pablo|oh fuck gg man\n|\n|t:|1699879346\n|move|p2a: Corviknight|Roost|p2a: Corviknight\n|-heal|p2a: Corviknight|69\/100\n|-singleturn|p2a: Corviknight|move: Roost\n|move|p1a: Kingambit|Kowtow Cleave|p2a: Corviknight\n|-damage|p2a: Corviknight|0 fnt\n|-damage|p1a: Kingambit|12\/100|[from] item: Rocky Helmet|[of] p2a: Corviknight\n|faint|p2a: Corviknight\n|\n|win|pablo_le_pablo\n|raw|pablo_le_pablo's rating: 1132 &rarr; <strong>1160<\/strong><br \/>(+28 for winning)\n|raw|Kurisu41's rating: 1168 &rarr; <strong>1140<\/strong><br \/>(-28 for losing)\n|c|\u2606Kurisu41|damn i suck\n|l|\u2606Kurisu41\n","uploadtime":1699879507,"views":8,"p1id":"pablolepablo","p2id":"kurisu41","formatid":"gen9ou","rating":1140,"private":0,"password":""}