{"id":"gen9ou-1989418494","p1":"S3PP1","p2":"CRIPPYwitdaGRIPPY","format":"[Gen 9] OU","log":"|j|\u2606S3PP1\n|j|\u2606CRIPPYwitdaGRIPPY\n|t:|1699847728\n|gametype|singles\n|player|p1|S3PP1|chuck|\n|player|p2|CRIPPYwitdaGRIPPY|caitlin|\n|teamsize|p1|6\n|teamsize|p2|6\n|gen|9\n|tier|[Gen 9] OU\n|rule|Sleep Clause Mod: Limit one foe put to sleep\n|rule|Species Clause: Limit one of each Pok\u00e9mon\n|rule|OHKO Clause: OHKO moves are banned\n|rule|Evasion Items Clause: Evasion items are banned\n|rule|Evasion Moves Clause: Evasion moves are banned\n|rule|Endless Battle Clause: Forcing endless battles is banned\n|rule|HP Percentage Mod: HP is shown in percentages\n|clearpoke\n|poke|p1|Rillaboom, M|\n|poke|p1|Sneasler, M|\n|poke|p1|Chandelure, F|\n|poke|p1|Crawdaunt, M|\n|poke|p1|Donphan, F|\n|poke|p1|Rotom-Frost|\n|poke|p2|Slowking-Galar, F|\n|poke|p2|Corviknight, F|\n|poke|p2|Empoleon, M|\n|poke|p2|Mew|\n|poke|p2|Talonflame, F|\n|poke|p2|Tsareena, F|\n|teampreview\n|inactive|Battle timer is ON: inactive players will automatically lose when time's up. (requested by S3PP1)\n|j| BeardoftheRed\n|\n|t:|1699847742\n|start\n|switch|p1a: FreezRbuRn|Rotom-Frost, shiny|100\/100\n|switch|p2a: god|Slowking-Galar, F, shiny|100\/100\n|turn|1\n|\n|t:|1699847770\n|move|p1a: FreezRbuRn|Blizzard|p2a: god\n|-damage|p2a: god|78\/100\n|move|p2a: god|Future Sight|p1a: FreezRbuRn\n|-start|p2a: god|move: Future Sight\n|\n|upkeep\n|turn|2\n|\n|t:|1699847778\n|move|p1a: FreezRbuRn|Blizzard|p2a: god\n|-damage|p2a: god|55\/100\n|move|p2a: god|Sludge Bomb|p1a: FreezRbuRn\n|-damage|p1a: FreezRbuRn|51\/100\n|\n|upkeep\n|turn|3\n|\n|t:|1699847787\n|move|p1a: FreezRbuRn|Volt Switch|p2a: god\n|-damage|p2a: god|41\/100\n|\n|t:|1699847790\n|switch|p1a: ON TOP|Crawdaunt, M|100\/100|[from] Volt Switch\n|move|p2a: god|Sludge Bomb|p1a: ON TOP\n|-damage|p1a: ON TOP|38\/100\n|\n|-end|p1a: ON TOP|move: Future Sight\n|-immune|p1a: ON TOP\n|upkeep\n|turn|4\n|\n|t:|1699847802\n|move|p1a: ON TOP|Knock Off|p2a: god\n|-supereffective|p2a: god\n|-damage|p2a: god|0 fnt\n|-enditem|p2a: god|Assault Vest|[from] move: Knock Off|[of] p1a: ON TOP\n|faint|p2a: god\n|-damage|p1a: ON TOP|28\/100|[from] item: Life Orb\n|\n|upkeep\n|\n|t:|1699847812\n|switch|p2a: pengu king|Empoleon, M, shiny|100\/100\n|turn|5\n|\n|t:|1699847820\n|move|p1a: ON TOP|Knock Off|p2a: pengu king\n|-damage|p2a: pengu king|15\/100\n|-enditem|p2a: pengu king|Leftovers|[from] move: Knock Off|[of] p1a: ON TOP\n|-damage|p1a: ON TOP|18\/100|[from] item: Life Orb\n|move|p2a: pengu king|Stealth Rock|p1a: ON TOP\n|-sidestart|p1: S3PP1|move: Stealth Rock\n|\n|upkeep\n|turn|6\n|\n|t:|1699847830\n|move|p1a: ON TOP|Knock Off|p2a: pengu king\n|-damage|p2a: pengu king|0 fnt\n|faint|p2a: pengu king\n|-damage|p1a: ON TOP|8\/100|[from] item: Life Orb\n|\n|upkeep\n|\n|t:|1699847837\n|switch|p2a: 6\/10|Tsareena, F|100\/100\n|turn|7\n|\n|t:|1699847843\n|move|p2a: 6\/10|Leaf Storm|p1a: ON TOP\n|-supereffective|p1a: ON TOP\n|-damage|p1a: ON TOP|0 fnt\n|-unboost|p2a: 6\/10|spa|2\n|faint|p1a: ON TOP\n|\n|upkeep\n|\n|t:|1699847850\n|switch|p1a: FreezRbuRn|Rotom-Frost, shiny|51\/100\n|turn|8\n|\n|t:|1699847856\n|move|p1a: FreezRbuRn|Blizzard|p2a: 6\/10\n|-supereffective|p2a: 6\/10\n|-damage|p2a: 6\/10|0 fnt\n|faint|p2a: 6\/10\n|\n|upkeep\n|\n|t:|1699847863\n|switch|p2a: shiny birb|Corviknight, F, shiny|100\/100\n|-ability|p2a: shiny birb|Pressure\n|turn|9\n|\n|t:|1699847871\n|move|p1a: FreezRbuRn|Will-O-Wisp|p2a: shiny birb\n|-status|p2a: shiny birb|brn\n|move|p2a: shiny birb|Brave Bird|p1a: FreezRbuRn\n|-resisted|p1a: FreezRbuRn\n|-damage|p1a: FreezRbuRn|39\/100\n|-damage|p2a: shiny birb|98\/100 brn|[from] Recoil\n|\n|-heal|p2a: shiny birb|100\/100 brn|[from] item: Leftovers\n|-damage|p2a: shiny birb|94\/100 brn|[from] brn\n|upkeep\n|turn|10\n|\n|t:|1699847892\n|move|p1a: FreezRbuRn|Volt Switch|p2a: shiny birb\n|-supereffective|p2a: shiny birb\n|-crit|p2a: shiny birb\n|-damage|p2a: shiny birb|6\/100 brn\n|\n|t:|1699847896\n|switch|p1a: Gen 1???|Donphan, F|100\/100|[from] Volt Switch\n|-damage|p1a: Gen 1???|94\/100|[from] Stealth Rock\n|move|p2a: shiny birb|Brave Bird|p1a: Gen 1???\n|-damage|p1a: Gen 1???|79\/100\n|-damage|p2a: shiny birb|1\/100 brn|[from] Recoil\n|\n|-heal|p2a: shiny birb|7\/100 brn|[from] item: Leftovers\n|-damage|p2a: shiny birb|1\/100 brn|[from] brn\n|upkeep\n|turn|11\n|\n|t:|1699847918\n|move|p2a: shiny birb|Roost|p2a: shiny birb\n|-heal|p2a: shiny birb|51\/100 brn\n|-singleturn|p2a: shiny birb|move: Roost\n|move|p1a: Gen 1???|Rapid Spin|p2a: shiny birb\n|-resisted|p2a: shiny birb\n|-damage|p2a: shiny birb|45\/100 brn\n|-boost|p1a: Gen 1???|spe|1\n|-sideend|p1: S3PP1|Stealth Rock|[from] move: Rapid Spin|[of] p1a: Gen 1???\n|\n|-heal|p2a: shiny birb|51\/100 brn|[from] item: Leftovers\n|-damage|p2a: shiny birb|45\/100 brn|[from] brn\n|upkeep\n|turn|12\n|\n|t:|1699847935\n|move|p1a: Gen 1???|Knock Off|p2a: shiny birb\n|-damage|p2a: shiny birb|25\/100 brn\n|-enditem|p2a: shiny birb|Leftovers|[from] move: Knock Off|[of] p1a: Gen 1???\n|move|p2a: shiny birb|Roost|p2a: shiny birb\n|-heal|p2a: shiny birb|75\/100 brn\n|-singleturn|p2a: shiny birb|move: Roost\n|\n|-damage|p2a: shiny birb|69\/100 brn|[from] brn\n|upkeep\n|turn|13\n|\n|t:|1699847946\n|switch|p2a: wishMoltres|Talonflame, F|100\/100\n|move|p1a: Gen 1???|Ice Spinner|p2a: wishMoltres\n|-damage|p2a: wishMoltres|71\/100\n|\n|upkeep\n|turn|14\n|\n|t:|1699847955\n|move|p2a: wishMoltres|Flare Blitz|p1a: Gen 1???\n|-damage|p1a: Gen 1???|53\/100\n|-damage|p2a: wishMoltres|62\/100|[from] Recoil\n|move|p1a: Gen 1???|Knock Off|p2a: wishMoltres\n|-damage|p2a: wishMoltres|27\/100\n|-enditem|p2a: wishMoltres|Heavy-Duty Boots|[from] move: Knock Off|[of] p1a: Gen 1???\n|\n|upkeep\n|turn|15\n|\n|t:|1699847969\n|move|p2a: wishMoltres|Roost|p2a: wishMoltres\n|-heal|p2a: wishMoltres|77\/100\n|-singleturn|p2a: wishMoltres|move: Roost\n|move|p1a: Gen 1???|Earthquake|p2a: wishMoltres\n|-supereffective|p2a: wishMoltres\n|-damage|p2a: wishMoltres|0 fnt\n|faint|p2a: wishMoltres\n|\n|upkeep\n|\n|t:|1699847978\n|switch|p2a: fetus|Mew, shiny|100\/100\n|turn|16\n|inactive|CRIPPYwitdaGRIPPY has 270 seconds left.\n|\n|t:|1699848005\n|move|p2a: fetus|Draining Kiss|p1a: Gen 1???\n|-damage|p1a: Gen 1???|42\/100\n|move|p1a: Gen 1???|Knock Off|p2a: fetus\n|-supereffective|p2a: fetus\n|-damage|p2a: fetus|40\/100\n|-enditem|p2a: fetus|Leftovers|[from] move: Knock Off|[of] p1a: Gen 1???\n|\n|upkeep\n|turn|17\n|inactive|CRIPPYwitdaGRIPPY has 270 seconds left.\n|inactive|S3PP1 has 270 seconds left.\n|\n|t:|1699848037\n|-terastallize|p2a: fetus|Fairy\n|move|p2a: fetus|Draining Kiss|p1a: Gen 1???\n|-damage|p1a: Gen 1???|23\/100\n|-heal|p2a: fetus|53\/100|[from] drain|[of] p1a: Gen 1???\n|move|p1a: Gen 1???|Earthquake|p2a: fetus\n|-damage|p2a: fetus|11\/100\n|\n|upkeep\n|turn|18\n|inactive|CRIPPYwitdaGRIPPY has 270 seconds left.\n|\n|t:|1699848046\n|move|p2a: fetus|Draining Kiss|p1a: Gen 1???\n|-damage|p1a: Gen 1???|4\/100\n|-heal|p2a: fetus|25\/100|[from] drain|[of] p1a: Gen 1???\n|move|p1a: Gen 1???|Ice Spinner|p2a: fetus\n|-damage|p2a: fetus|2\/100\n|\n|upkeep\n|turn|19\n|\n|t:|1699848053\n|move|p2a: fetus|Draining Kiss|p1a: Gen 1???\n|-damage|p1a: Gen 1???|0 fnt\n|-heal|p2a: fetus|5\/100|[from] drain|[of] p1a: Gen 1???\n|faint|p1a: Gen 1???\n|\n|upkeep\n|\n|t:|1699848060\n|switch|p1a: FreezRbuRn|Rotom-Frost, shiny|39\/100\n|turn|20\n|inactive|CRIPPYwitdaGRIPPY has 270 seconds left.\n|\n|t:|1699848104\n|move|p2a: fetus|Draining Kiss|p1a: FreezRbuRn\n|-damage|p1a: FreezRbuRn|11\/100\n|-heal|p2a: fetus|17\/100|[from] drain|[of] p1a: FreezRbuRn\n|move|p1a: FreezRbuRn|Volt Switch|p2a: fetus\n|-damage|p2a: fetus|0 fnt\n|faint|p2a: fetus\n|\n|t:|1699848111\n|switch|p1a: monke|Rillaboom, M|100\/100|[from] Volt Switch\n|\n|upkeep\n|\n|t:|1699848115\n|switch|p2a: shiny birb|Corviknight, F, shiny|69\/100 brn\n|-ability|p2a: shiny birb|Pressure\n|turn|21\n|\n|t:|1699848127\n|move|p1a: monke|Drain Punch|p2a: shiny birb\n|-damage|p2a: shiny birb|52\/100 brn\n|move|p2a: shiny birb|Body Press|p1a: monke\n|-damage|p1a: monke|89\/100\n|\n|-damage|p2a: shiny birb|46\/100 brn|[from] brn\n|upkeep\n|turn|22\n|\n|t:|1699848139\n|move|p1a: monke|Drain Punch|p2a: shiny birb\n|-damage|p2a: shiny birb|29\/100 brn\n|-heal|p1a: monke|97\/100|[from] drain|[of] p2a: shiny birb\n|move|p2a: shiny birb|Brave Bird|p1a: monke\n|-supereffective|p1a: monke\n|-damage|p1a: monke|63\/100\n|-damage|p2a: shiny birb|17\/100 brn|[from] Recoil\n|\n|-damage|p2a: shiny birb|11\/100 brn|[from] brn\n|upkeep\n|turn|23\n|\n|t:|1699848151\n|switch|p1a: FreezRbuRn|Rotom-Frost, shiny|11\/100\n|move|p2a: shiny birb|Body Press|p1a: FreezRbuRn\n|-supereffective|p1a: FreezRbuRn\n|-damage|p1a: FreezRbuRn|0 fnt\n|faint|p1a: FreezRbuRn\n|\n|-damage|p2a: shiny birb|5\/100 brn|[from] brn\n|upkeep\n|\n|t:|1699848163\n|switch|p1a: Lumiere|Chandelure, F, shiny|100\/100\n|turn|24\n|inactive|CRIPPYwitdaGRIPPY has 270 seconds left.\n|\n|t:|1699848180\n|move|p1a: Lumiere|Trick|p2a: shiny birb\n|-activate|p1a: Lumiere|move: Trick|[of] p2a: shiny birb\n|-item|p2a: shiny birb|Choice Scarf|[from] move: Trick\n|-enditem|p1a: Lumiere|Choice Scarf|[silent]|[from] move: Trick\n|move|p2a: shiny birb|Body Press|p1a: Lumiere\n|-immune|p1a: Lumiere\n|\n|-damage|p2a: shiny birb|0 fnt|[from] brn\n|faint|p2a: shiny birb\n|\n|win|S3PP1\n|upkeep\n|l| BeardoftheRed\n|l|\u2606CRIPPYwitdaGRIPPY\n|l|\u2606S3PP1\n|j|\u2606S3PP1\n|player|p1|S3PP1|chuck\n","uploadtime":1699848207,"views":18,"p1id":"s3pp1","p2id":"crippywitdagrippy","formatid":"gen9ou","rating":0,"private":0,"password":""}