{"id":"gen9ou-1989678873","p1":"lajt","p2":"summrs sws","format":"[Gen 9] OU","log":"|j|\u2606lajt\n|j|\u2606summrs sws\n|t:|1699886108\n|gametype|singles\n|player|p1|lajt|sightseerf|1696\n|player|p2|summrs sws|rosa|1677\n|teamsize|p1|6\n|teamsize|p2|6\n|gen|9\n|tier|[Gen 9] OU\n|rated|\n|rule|Sleep Clause Mod: Limit one foe put to sleep\n|rule|Species Clause: Limit one of each Pok\u00e9mon\n|rule|OHKO Clause: OHKO moves are banned\n|rule|Evasion Items Clause: Evasion items are banned\n|rule|Evasion Moves Clause: Evasion moves are banned\n|rule|Endless Battle Clause: Forcing endless battles is banned\n|rule|HP Percentage Mod: HP is shown in percentages\n|clearpoke\n|poke|p1|Glimmora, F|\n|poke|p1|Ceruledge, F|\n|poke|p1|Dragonite, M|\n|poke|p1|Iron Valiant|\n|poke|p1|Kingambit, F|\n|poke|p1|Ogerpon-Wellspring, F|\n|poke|p2|Samurott-Hisui, F|\n|poke|p2|Ceruledge, F|\n|poke|p2|Thundurus-Therian, M|\n|poke|p2|Amoonguss, M|\n|poke|p2|Great Tusk|\n|poke|p2|Gholdengo|\n|teampreview\n|inactive|Battle timer is ON: inactive players will automatically lose when time's up. (requested by summrs sws)\n|inactive|lajt also wants the timer to be on.\n|j| ThatJebshuckle\n|j| NaokiS2\n|\n|t:|1699886138\n|start\n|switch|p1a: Ogerpon|Ogerpon-Wellspring, F|100\/100\n|switch|p2a: Thundurus|Thundurus-Therian, M, shiny|100\/100\n|turn|1\n|j| ido1234567890\n|\n|t:|1699886155\n|switch|p2a: Amoonguss|Amoonguss, M|100\/100\n|-terastallize|p1a: Ogerpon|Water\n|detailschange|p1a: Ogerpon|Ogerpon-Wellspring-Tera, F, tera:Water\n|-ability|p1a: Ogerpon|Embody Aspect (Wellspring)|boost\n|-boost|p1a: Ogerpon|spd|1\n|move|p1a: Ogerpon|Ivy Cudgel|p2a: Amoonguss\n|-resisted|p2a: Amoonguss\n|-damage|p2a: Amoonguss|65\/100\n|-enditem|p2a: Amoonguss|Red Card|[of] p1a: Ogerpon\n|drag|p1a: Ceruledge|Ceruledge, F|100\/100\n|\n|upkeep\n|turn|2\n|\n|t:|1699886165\n|switch|p2a: Great Tusk|Great Tusk, shiny|100\/100\n|move|p1a: Ceruledge|Swords Dance|p1a: Ceruledge\n|-boost|p1a: Ceruledge|atk|2\n|\n|upkeep\n|turn|3\n|j| Romano RPPLF\n|\n|t:|1699886176\n|move|p1a: Ceruledge|Poltergeist|p2a: Great Tusk\n|-activate|p2a: Great Tusk|move: Poltergeist|Leftovers\n|-damage|p2a: Great Tusk|41\/100\n|move|p2a: Great Tusk|Earthquake|p1a: Ceruledge\n|-supereffective|p1a: Ceruledge\n|-enditem|p1a: Ceruledge|Focus Sash\n|-damage|p1a: Ceruledge|1\/100\n|-ability|p1a: Ceruledge|Weak Armor|boost\n|-unboost|p1a: Ceruledge|def|1\n|-boost|p1a: Ceruledge|spe|2\n|\n|-heal|p2a: Great Tusk|48\/100|[from] item: Leftovers\n|upkeep\n|turn|4\n|l| Romano RPPLF\n|j| Romano RPPLF\n|l| Romano RPPLF\n|inactive|summrs sws has 120 seconds left.\n|l| ido1234567890\n|\n|t:|1699886218\n|move|p1a: Ceruledge|Bitter Blade|p2a: Great Tusk\n|-damage|p2a: Great Tusk|0 fnt\n|-heal|p1a: Ceruledge|36\/100|[from] drain|[of] p2a: Great Tusk\n|faint|p2a: Great Tusk\n|-end|p2a: Great Tusk|Protosynthesis|[silent]\n|\n|upkeep\n|\n|t:|1699886222\n|switch|p2a: Samurott|Samurott-Hisui, F, shiny|100\/100\n|turn|5\n|\n|t:|1699886227\n|move|p1a: Ceruledge|Shadow Sneak|p2a: Samurott\n|-resisted|p2a: Samurott\n|-damage|p2a: Samurott|73\/100\n|move|p2a: Samurott|Flip Turn|p1a: Ceruledge\n|-supereffective|p1a: Ceruledge\n|-damage|p1a: Ceruledge|0 fnt\n|faint|p1a: Ceruledge\n|j| Tiranito\n|j| Neutralist\n|\n|t:|1699886236\n|switch|p2a: Thundurus|Thundurus-Therian, M, shiny|100\/100|[from] Flip Turn\n|\n|upkeep\n|l| Tiranito\n|\n|t:|1699886243\n|switch|p1a: Ogerpon|Ogerpon-Wellspring-Tera, F, tera:Water|100\/100\n|-ability|p1a: Ogerpon|Embody Aspect (Wellspring)|boost\n|-boost|p1a: Ogerpon|spd|1\n|turn|6\n|\n|t:|1699886248\n|switch|p2a: Amoonguss|Amoonguss, M|99\/100\n|move|p1a: Ogerpon|Ivy Cudgel|p2a: Amoonguss\n|-resisted|p2a: Amoonguss\n|-damage|p2a: Amoonguss|59\/100\n|\n|upkeep\n|turn|7\n|j| Jontrendline\n|\n|t:|1699886253\n|switch|p1a: Glimmora|Glimmora, F|100\/100\n|move|p2a: Amoonguss|Spore|p1a: Glimmora\n|-status|p1a: Glimmora|slp|[from] move: Spore\n|\n|upkeep\n|turn|8\n|\n|t:|1699886269\n|switch|p1a: Ogerpon|Ogerpon-Wellspring-Tera, F, tera:Water|100\/100\n|-ability|p1a: Ogerpon|Embody Aspect (Wellspring)|boost\n|-boost|p1a: Ogerpon|spd|1\n|switch|p2a: Thundurus|Thundurus-Therian, M, shiny|100\/100\n|\n|upkeep\n|turn|9\n|\n|t:|1699886273\n|move|p1a: Ogerpon|Ivy Cudgel|p2a: Thundurus\n|-damage|p2a: Thundurus|0 fnt\n|faint|p2a: Thundurus\n|\n|upkeep\n|\n|t:|1699886278\n|switch|p2a: Amoonguss|Amoonguss, M|92\/100\n|turn|10\n|\n|t:|1699886285\n|move|p1a: Ogerpon|Ivy Cudgel|p2a: Amoonguss\n|-resisted|p2a: Amoonguss\n|-damage|p2a: Amoonguss|58\/100\n|move|p2a: Amoonguss|Giga Drain|p1a: Ogerpon\n|-supereffective|p1a: Ogerpon\n|-damage|p1a: Ogerpon|68\/100\n|-heal|p2a: Amoonguss|69\/100|[from] drain|[of] p1a: Ogerpon\n|\n|upkeep\n|turn|11\n|\n|t:|1699886292\n|move|p1a: Ogerpon|Ivy Cudgel|p2a: Amoonguss\n|-resisted|p2a: Amoonguss\n|-damage|p2a: Amoonguss|34\/100\n|move|p2a: Amoonguss|Giga Drain|p1a: Ogerpon\n|-supereffective|p1a: Ogerpon\n|-damage|p1a: Ogerpon|35\/100\n|-heal|p2a: Amoonguss|45\/100|[from] drain|[of] p1a: Ogerpon\n|\n|upkeep\n|turn|12\n|\n|t:|1699886298\n|move|p1a: Ogerpon|Ivy Cudgel|p2a: Amoonguss\n|-resisted|p2a: Amoonguss\n|-damage|p2a: Amoonguss|6\/100\n|move|p2a: Amoonguss|Foul Play|p1a: Ogerpon\n|-damage|p1a: Ogerpon|0 fnt\n|faint|p1a: Ogerpon\n|\n|upkeep\n|\n|t:|1699886305\n|switch|p1a: Dragonite|Dragonite, M|100\/100\n|turn|13\n|\n|t:|1699886310\n|move|p1a: Dragonite|Ice Spinner|p2a: Amoonguss\n|-supereffective|p2a: Amoonguss\n|-damage|p2a: Amoonguss|0 fnt\n|faint|p2a: Amoonguss\n|\n|upkeep\n|j| Sviqma\n|l| Sviqma\n|\n|t:|1699886315\n|switch|p2a: Gholdengo|Gholdengo, shiny|100\/100\n|turn|14\n|j| yentil\n|\n|t:|1699886321\n|move|p1a: Dragonite|Dragon Dance|p1a: Dragonite\n|-boost|p1a: Dragonite|atk|1\n|-boost|p1a: Dragonite|spe|1\n|move|p2a: Gholdengo|Nasty Plot|p2a: Gholdengo\n|-boost|p2a: Gholdengo|spa|2\n|\n|upkeep\n|turn|15\n|\n|t:|1699886325\n|move|p1a: Dragonite|Earthquake|p2a: Gholdengo\n|-supereffective|p2a: Gholdengo\n|-damage|p2a: Gholdengo|16\/100\n|move|p2a: Gholdengo|Make It Rain|p1a: Dragonite\n|-damage|p1a: Dragonite|50\/100\n|-unboost|p2a: Gholdengo|spa|1\n|\n|-heal|p2a: Gholdengo|22\/100|[from] item: Leftovers\n|upkeep\n|turn|16\n|j| HellaNa5ty\n|j| ido1234567890\n|l| ido1234567890\n|\n|t:|1699886338\n|move|p1a: Dragonite|Ice Spinner|p2a: Gholdengo\n|-resisted|p2a: Gholdengo\n|-damage|p2a: Gholdengo|5\/100\n|move|p2a: Gholdengo|Shadow Ball|p1a: Dragonite\n|-damage|p1a: Dragonite|0 fnt\n|faint|p1a: Dragonite\n|\n|-heal|p2a: Gholdengo|11\/100|[from] item: Leftovers\n|upkeep\n|\n|t:|1699886342\n|switch|p1a: Iron Valiant|Iron Valiant|100\/100\n|-enditem|p1a: Iron Valiant|Booster Energy\n|-activate|p1a: Iron Valiant|ability: Quark Drive|[fromitem]\n|-start|p1a: Iron Valiant|quarkdrivespe\n|turn|17\n|\n|t:|1699886347\n|move|p1a: Iron Valiant|Knock Off|p2a: Gholdengo\n|-supereffective|p2a: Gholdengo\n|-damage|p2a: Gholdengo|0 fnt\n|-enditem|p2a: Gholdengo|Leftovers|[from] move: Knock Off|[of] p1a: Iron Valiant\n|faint|p2a: Gholdengo\n|\n|upkeep\n|\n|t:|1699886352\n|switch|p2a: Ceruledge|Ceruledge, F, shiny|100\/100\n|turn|18\n|\n|t:|1699886360\n|-terastallize|p2a: Ceruledge|Fairy\n|move|p1a: Iron Valiant|Moonblast|p2a: Ceruledge\n|-damage|p2a: Ceruledge|47\/100\n|move|p2a: Ceruledge|Swords Dance|p2a: Ceruledge\n|-boost|p2a: Ceruledge|atk|2\n|\n|upkeep\n|turn|19\n|l| Jontrendline\n|\n|t:|1699886375\n|move|p1a: Iron Valiant|Moonblast|p2a: Ceruledge\n|-damage|p2a: Ceruledge|0 fnt\n|faint|p2a: Ceruledge\n|\n|upkeep\n|-message|summrs sws forfeited.\n|\n|win|lajt\n|raw|lajt's rating: 1696 &rarr; <strong>1715<\/strong><br \/>(+19 for winning)\n|raw|summrs sws's rating: 1677 &rarr; <strong>1658<\/strong><br \/>(-19 for losing)\n|l|\u2606summrs sws\n|l| Neutralist\n","uploadtime":1699886395,"views":6,"p1id":"lajt","p2id":"summrssws","formatid":"gen9ou","rating":1658,"private":0,"password":""}