{"id":"gen9ou-1994495094","p1":"Poison Ivy Thorns","p2":"xpoke94","format":"[Gen 9] OU","log":"|j|\u2606Poison Ivy Thorns\n|j|\u2606xpoke94\n|t:|1700450611\n|gametype|singles\n|player|p1|Poison Ivy Thorns|ethan-gen2|1379\n|player|p2|xpoke94|102|1488\n|teamsize|p1|6\n|teamsize|p2|6\n|gen|9\n|tier|[Gen 9] OU\n|rated|\n|rule|Sleep Clause Mod: Limit one foe put to sleep\n|rule|Species Clause: Limit one of each Pok\u00e9mon\n|rule|OHKO Clause: OHKO moves are banned\n|rule|Evasion Items Clause: Evasion items are banned\n|rule|Evasion Moves Clause: Evasion moves are banned\n|rule|Endless Battle Clause: Forcing endless battles is banned\n|rule|HP Percentage Mod: HP is shown in percentages\n|clearpoke\n|poke|p1|Mew|\n|poke|p1|Enamorus, F|\n|poke|p1|Heatran, F|\n|poke|p1|Mandibuzz, F|\n|poke|p1|Dragapult, F|\n|poke|p1|Great Tusk|\n|poke|p2|Rillaboom, M|\n|poke|p2|Clodsire, F|\n|poke|p2|Mandibuzz, F|\n|poke|p2|Moltres|\n|poke|p2|Hatterene, F|\n|poke|p2|Kingambit, F|\n|teampreview\n|inactive|Battle timer is ON: inactive players will automatically lose when time's up. (requested by Poison Ivy Thorns)\n|l|\u2606xpoke94\n|inactive|xpoke94 disconnected and has a minute to reconnect!\n|player|p2|\n|j|\u2606xpoke94\n|inactive|xpoke94 reconnected and has 120 seconds left.\n|player|p2|xpoke94|102\n|\n|t:|1700450651\n|start\n|switch|p1a: Mew|Mew|100\/100\n|switch|p2a: Rillaboom|Rillaboom, M|100\/100\n|-fieldstart|move: Grassy Terrain|[from] ability: Grassy Surge|[of] p2a: Rillaboom\n|turn|1\n|\n|t:|1700450661\n|switch|p2a: Hatterene|Hatterene, F|100\/100\n|-enditem|p2a: Hatterene|Grassy Seed\n|-boost|p2a: Hatterene|def|1|[from] item: Grassy Seed\n|move|p1a: Mew|Fire Blast|p2a: Hatterene\n|-damage|p2a: Hatterene|57\/100\n|-status|p2a: Hatterene|brn\n|\n|-heal|p2a: Hatterene|63\/100 brn|[from] Grassy Terrain\n|-damage|p2a: Hatterene|57\/100 brn|[from] brn\n|upkeep\n|turn|2\n|\n|t:|1700450673\n|switch|p1a: Heatran|Heatran, F|100\/100\n|move|p2a: Hatterene|Calm Mind|p2a: Hatterene\n|-boost|p2a: Hatterene|spa|1\n|-boost|p2a: Hatterene|spd|1\n|\n|-heal|p2a: Hatterene|63\/100 brn|[from] Grassy Terrain\n|-damage|p2a: Hatterene|57\/100 brn|[from] brn\n|upkeep\n|turn|3\n|\n|t:|1700450683\n|move|p1a: Heatran|Magma Storm|p2a: Hatterene|[miss]\n|-miss|p1a: Heatran|p2a: Hatterene\n|move|p2a: Hatterene|Psyshock|p1a: Heatran\n|-resisted|p1a: Heatran\n|-damage|p1a: Heatran|76\/100\n|\n|-heal|p1a: Heatran|82\/100|[from] Grassy Terrain\n|-heal|p1a: Heatran|88\/100|[from] item: Leftovers\n|-heal|p2a: Hatterene|63\/100 brn|[from] Grassy Terrain\n|-damage|p2a: Hatterene|57\/100 brn|[from] brn\n|upkeep\n|turn|4\n|\n|t:|1700450696\n|switch|p2a: Moltres|Moltres|100\/100\n|move|p1a: Heatran|Magma Storm|p2a: Moltres\n|-resisted|p2a: Moltres\n|-damage|p2a: Moltres|78\/100\n|-activate|p2a: Moltres|move: Magma Storm|[of] p1a: Heatran\n|\n|-heal|p1a: Heatran|94\/100|[from] Grassy Terrain\n|-heal|p1a: Heatran|100\/100|[from] item: Leftovers\n|-damage|p2a: Moltres|66\/100|[from] move: Magma Storm|[partiallytrapped]\n|upkeep\n|turn|5\n|\n|t:|1700450707\n|-terastallize|p2a: Moltres|Water\n|move|p2a: Moltres|Tera Blast|p1a: Heatran|[anim] Tera Blast Water\n|-supereffective|p1a: Heatran\n|-damage|p1a: Heatran|43\/100\n|move|p1a: Heatran|Taunt|p2a: Moltres\n|-start|p2a: Moltres|move: Taunt\n|\n|-heal|p2a: Moltres|72\/100|[from] Grassy Terrain\n|-heal|p1a: Heatran|49\/100|[from] Grassy Terrain\n|-heal|p1a: Heatran|55\/100|[from] item: Leftovers\n|-damage|p2a: Moltres|60\/100|[from] move: Magma Storm|[partiallytrapped]\n|-fieldend|move: Grassy Terrain\n|upkeep\n|turn|6\n|\n|t:|1700450722\n|move|p1a: Heatran|Protect|p1a: Heatran\n|-singleturn|p1a: Heatran|Protect\n|move|p2a: Moltres|Air Slash|p1a: Heatran\n|-activate|p1a: Heatran|move: Protect\n|\n|-heal|p1a: Heatran|62\/100|[from] item: Leftovers\n|-damage|p2a: Moltres|47\/100|[from] move: Magma Storm|[partiallytrapped]\n|upkeep\n|turn|7\n|\n|t:|1700450731\n|switch|p1a: Mandibuzz|Mandibuzz, F|100\/100\n|move|p2a: Moltres|Tera Blast|p1a: Mandibuzz|[anim] Tera Blast Water\n|-damage|p1a: Mandibuzz|61\/100\n|\n|-end|p2a: Moltres|Magma Storm|[partiallytrapped]|[silent]\n|upkeep\n|turn|8\n|\n|t:|1700450738\n|move|p2a: Moltres|Air Slash|p1a: Mandibuzz\n|-damage|p1a: Mandibuzz|28\/100\n|cant|p1a: Mandibuzz|flinch\n|\n|-end|p2a: Moltres|move: Taunt\n|upkeep\n|turn|9\n|\n|t:|1700450746\n|switch|p1a: Mew|Mew|100\/100\n|move|p2a: Moltres|Flamethrower|p1a: Mew\n|-damage|p1a: Mew|46\/100\n|\n|upkeep\n|turn|10\n|\n|t:|1700450754\n|move|p1a: Mew|Psychic|p2a: Moltres\n|-damage|p2a: Moltres|0 fnt\n|faint|p2a: Moltres\n|\n|upkeep\n|\n|t:|1700450758\n|switch|p2a: Kingambit|Kingambit, F|100\/100\n|turn|11\n|\n|t:|1700450762\n|switch|p1a: Mandibuzz|Mandibuzz, F|28\/100\n|move|p2a: Kingambit|Swords Dance|p2a: Kingambit\n|-boost|p2a: Kingambit|atk|2\n|\n|upkeep\n|turn|12\n|\n|t:|1700450768\n|move|p1a: Mandibuzz|Foul Play|p2a: Kingambit\n|-resisted|p2a: Kingambit\n|-damage|p2a: Kingambit|63\/100\n|move|p2a: Kingambit|Low Kick|p1a: Mandibuzz\n|-damage|p1a: Mandibuzz|4\/100\n|\n|upkeep\n|turn|13\n|\n|t:|1700450776\n|move|p1a: Mandibuzz|Roost|p1a: Mandibuzz\n|-heal|p1a: Mandibuzz|54\/100\n|-singleturn|p1a: Mandibuzz|move: Roost\n|move|p2a: Kingambit|Low Kick|p1a: Mandibuzz\n|-supereffective|p1a: Mandibuzz\n|-damage|p1a: Mandibuzz|1\/100\n|\n|upkeep\n|turn|14\n|\n|t:|1700450784\n|move|p1a: Mandibuzz|Roost|p1a: Mandibuzz\n|-heal|p1a: Mandibuzz|52\/100\n|-singleturn|p1a: Mandibuzz|move: Roost\n|move|p2a: Kingambit|Low Kick|p1a: Mandibuzz\n|-supereffective|p1a: Mandibuzz\n|-damage|p1a: Mandibuzz|3\/100\n|\n|upkeep\n|turn|15\n|\n|t:|1700450792\n|move|p1a: Mandibuzz|Foul Play|p2a: Kingambit\n|-resisted|p2a: Kingambit\n|-crit|p2a: Kingambit\n|-damage|p2a: Kingambit|10\/100\n|move|p2a: Kingambit|Iron Head|p1a: Mandibuzz\n|-damage|p1a: Mandibuzz|0 fnt\n|faint|p1a: Mandibuzz\n|\n|upkeep\n|\n|t:|1700450798\n|switch|p1a: Great Tusk|Great Tusk|100\/100\n|turn|16\n|\n|t:|1700450802\n|move|p2a: Kingambit|Sucker Punch||[still]\n|-fail|p2a: Kingambit\n|move|p1a: Great Tusk|Stealth Rock|p2a: Kingambit\n|-sidestart|p2: xpoke94|move: Stealth Rock\n|\n|upkeep\n|turn|17\n|\n|t:|1700450807\n|move|p2a: Kingambit|Sucker Punch|p1a: Great Tusk\n|-resisted|p1a: Great Tusk\n|-damage|p1a: Great Tusk|72\/100\n|move|p1a: Great Tusk|Earthquake|p2a: Kingambit\n|-supereffective|p2a: Kingambit\n|-damage|p2a: Kingambit|0 fnt\n|faint|p2a: Kingambit\n|\n|-heal|p1a: Great Tusk|78\/100|[from] item: Leftovers\n|upkeep\n|\n|t:|1700450817\n|switch|p2a: Mandibuzz|Mandibuzz, F|100\/100\n|turn|18\n|\n|t:|1700450826\n|-end|p1a: Great Tusk|Protosynthesis|[silent]\n|switch|p1a: Enamorus|Enamorus, F|100\/100\n|move|p2a: Mandibuzz|Defog|p1a: Enamorus\n|-boost|p1a: Enamorus|evasion|1\n|-sideend|p2: xpoke94|Stealth Rock|[from] move: Defog|[of] p2a: Mandibuzz\n|\n|upkeep\n|turn|19\n|\n|t:|1700450837\n|move|p1a: Enamorus|Moonblast|p2a: Mandibuzz\n|-supereffective|p2a: Mandibuzz\n|-damage|p2a: Mandibuzz|11\/100\n|move|p2a: Mandibuzz|Whirlwind|p1a: Enamorus\n|drag|p1a: Dragapult|Dragapult, F|100\/100\n|\n|upkeep\n|turn|20\n|\n|t:|1700450845\n|move|p1a: Dragapult|Dragon Darts|p2a: Mandibuzz\n|-damage|p2a: Mandibuzz|0 fnt\n|faint|p2a: Mandibuzz\n|\n|upkeep\n|\n|t:|1700450849\n|switch|p2a: Rillaboom|Rillaboom, M|100\/100\n|-fieldstart|move: Grassy Terrain|[from] ability: Grassy Surge|[of] p2a: Rillaboom\n|turn|21\n|\n|t:|1700450858\n|switch|p1a: Heatran|Heatran, F|62\/100\n|move|p2a: Rillaboom|Swords Dance|p2a: Rillaboom\n|-boost|p2a: Rillaboom|atk|2\n|\n|-heal|p1a: Heatran|68\/100|[from] Grassy Terrain\n|-heal|p1a: Heatran|74\/100|[from] item: Leftovers\n|upkeep\n|turn|22\n|\n|t:|1700450868\n|move|p2a: Rillaboom|Drain Punch|p1a: Heatran\n|-supereffective|p1a: Heatran\n|-damage|p1a: Heatran|0 fnt\n|faint|p1a: Heatran\n|\n|upkeep\n|\n|t:|1700450874\n|switch|p1a: Dragapult|Dragapult, F|100\/100\n|turn|23\n|\n|t:|1700450898\n|switch|p1a: Mew|Mew|46\/100\n|move|p2a: Rillaboom|Knock Off|p1a: Mew\n|-supereffective|p1a: Mew\n|-damage|p1a: Mew|0 fnt\n|-enditem|p1a: Mew|Choice Specs|[from] move: Knock Off|[of] p2a: Rillaboom\n|faint|p1a: Mew\n|\n|upkeep\n|\n|t:|1700450901\n|switch|p1a: Enamorus|Enamorus, F|100\/100\n|turn|24\n|\n|t:|1700450911\n|-terastallize|p1a: Enamorus|Steel\n|move|p1a: Enamorus|Mystical Fire|p2a: Rillaboom\n|-supereffective|p2a: Rillaboom\n|-damage|p2a: Rillaboom|48\/100\n|-unboost|p2a: Rillaboom|spa|1\n|move|p2a: Rillaboom|Knock Off|p1a: Enamorus\n|-damage|p1a: Enamorus|0 fnt\n|-enditem|p1a: Enamorus|Choice Scarf|[from] move: Knock Off|[of] p2a: Rillaboom\n|faint|p1a: Enamorus\n|\n|-heal|p2a: Rillaboom|54\/100|[from] Grassy Terrain\n|upkeep\n|\n|t:|1700450922\n|switch|p1a: Dragapult|Dragapult, F|100\/100\n|turn|25\n|\n|t:|1700450928\n|switch|p2a: Hatterene|Hatterene, F|57\/100 brn\n|move|p1a: Dragapult|Dragon Darts|p2a: Hatterene\n|-immune|p2a: Hatterene\n|\n|-heal|p2a: Hatterene|63\/100 brn|[from] Grassy Terrain\n|-damage|p2a: Hatterene|57\/100 brn|[from] brn\n|-fieldend|move: Grassy Terrain\n|upkeep\n|turn|26\n|\n|t:|1700450938\n|move|p1a: Dragapult|Phantom Force||[still]\n|-prepare|p1a: Dragapult|Phantom Force\n|-enditem|p1a: Dragapult|Power Herb\n|-anim|p1a: Dragapult|Phantom Force|p2a: Hatterene\n|-supereffective|p2a: Hatterene\n|-damage|p2a: Hatterene|0 fnt\n|faint|p2a: Hatterene\n|\n|upkeep\n|\n|t:|1700450945\n|switch|p2a: Clodsire|Clodsire, F|100\/100\n|turn|27\n|\n|t:|1700450948\n|switch|p1a: Great Tusk|Great Tusk|78\/100\n|move|p2a: Clodsire|Toxic|p1a: Great Tusk\n|-status|p1a: Great Tusk|tox\n|\n|-heal|p1a: Great Tusk|84\/100 tox|[from] item: Leftovers\n|-damage|p1a: Great Tusk|78\/100 tox|[from] psn\n|upkeep\n|turn|28\n|\n|t:|1700450957\n|move|p1a: Great Tusk|Ice Spinner|p2a: Clodsire\n|-supereffective|p2a: Clodsire\n|-damage|p2a: Clodsire|36\/100\n|move|p2a: Clodsire|Stealth Rock|p1a: Great Tusk\n|-sidestart|p1: Poison Ivy Thorns|move: Stealth Rock\n|\n|-heal|p1a: Great Tusk|84\/100 tox|[from] item: Leftovers\n|-heal|p2a: Clodsire|42\/100|[from] item: Leftovers\n|-damage|p1a: Great Tusk|72\/100 tox|[from] psn\n|upkeep\n|turn|29\n|\n|t:|1700450967\n|move|p1a: Great Tusk|Ice Spinner|p2a: Clodsire\n|-supereffective|p2a: Clodsire\n|-damage|p2a: Clodsire|0 fnt\n|faint|p2a: Clodsire\n|\n|-heal|p1a: Great Tusk|78\/100 tox|[from] item: Leftovers\n|-damage|p1a: Great Tusk|60\/100 tox|[from] psn\n|upkeep\n|\n|t:|1700450975\n|switch|p2a: Rillaboom|Rillaboom, M|54\/100\n|-fieldstart|move: Grassy Terrain|[from] ability: Grassy Surge|[of] p2a: Rillaboom\n|turn|30\n|\n|t:|1700450980\n|move|p2a: Rillaboom|Grassy Glide|p1a: Great Tusk\n|-supereffective|p1a: Great Tusk\n|-damage|p1a: Great Tusk|4\/100 tox\n|move|p1a: Great Tusk|Ice Spinner|p2a: Rillaboom\n|-supereffective|p2a: Rillaboom\n|-damage|p2a: Rillaboom|0 fnt\n|-fieldend|move: Grassy Terrain\n|faint|p2a: Rillaboom\n|\n|win|Poison Ivy Thorns\n|raw|Poison Ivy Thorns's rating: 1379 &rarr; <strong>1405<\/strong><br \/>(+26 for winning)\n|raw|xpoke94's rating: 1488 &rarr; <strong>1462<\/strong><br \/>(-26 for losing)\n|c|\u2606Poison Ivy Thorns|gg\n|l|\u2606xpoke94\n","uploadtime":1700450987,"views":11,"p1id":"poisonivythorns","p2id":"xpoke94","formatid":"gen9ou","rating":1405,"private":0,"password":""}