{"id":"gen9ou-1992619650","p1":"AikonZ_Test","p2":"KyokySP","format":"[Gen 9] OU","log":"|j|\u2606AikonZ_Test\n|j|\u203dKyokySP\n|t:|1700215816\n|gametype|singles\n|player|p1|AikonZ_Test|veteran|1803\n|player|p2|KyokySP|gentleman-gen4|1561\n|teamsize|p1|6\n|teamsize|p2|6\n|gen|9\n|tier|[Gen 9] OU\n|rated|\n|rule|Sleep Clause Mod: Limit one foe put to sleep\n|rule|Species Clause: Limit one of each Pok\u00e9mon\n|rule|OHKO Clause: OHKO moves are banned\n|rule|Evasion Items Clause: Evasion items are banned\n|rule|Evasion Moves Clause: Evasion moves are banned\n|rule|Endless Battle Clause: Forcing endless battles is banned\n|rule|HP Percentage Mod: HP is shown in percentages\n|clearpoke\n|poke|p1|Slowking-Galar, F|\n|poke|p1|Clefable, M|\n|poke|p1|Zamazenta-*|\n|poke|p1|Cinderace, M|\n|poke|p1|Greninja-*, M|\n|poke|p1|Great Tusk|\n|poke|p2|Garchomp, M|\n|poke|p2|Greninja-*, M|\n|poke|p2|Dragonite, M|\n|poke|p2|Sandy Shocks|\n|poke|p2|Iron Valiant|\n|poke|p2|Kingambit, F|\n|teampreview\n|\n|t:|1700215823\n|start\n|switch|p1a: Greninja|Greninja, M|100\/100\n|switch|p2a: Garchomp|Garchomp, M|100\/100\n|turn|1\n|\n|t:|1700215829\n|switch|p2a: Iron Valiant|Iron Valiant|100\/100\n|-enditem|p2a: Iron Valiant|Booster Energy\n|-activate|p2a: Iron Valiant|ability: Quark Drive|[fromitem]\n|-start|p2a: Iron Valiant|quarkdrivespe\n|move|p1a: Greninja|Ice Beam|p2a: Iron Valiant\n|-start|p1a: Greninja|typechange|Ice|[from] ability: Protean\n|-crit|p2a: Iron Valiant\n|-damage|p2a: Iron Valiant|0 fnt\n|faint|p2a: Iron Valiant\n|-end|p2a: Iron Valiant|Quark Drive|[silent]\n|\n|upkeep\n|\n|t:|1700215841\n|switch|p2a: Dragonite|Dragonite, M|100\/100\n|turn|2\n|\n|t:|1700215854\n|switch|p1a: Great Tusk|Great Tusk|100\/100\n|move|p2a: Dragonite|Dragon Dance|p2a: Dragonite\n|-boost|p2a: Dragonite|atk|1\n|-boost|p2a: Dragonite|spe|1\n|\n|upkeep\n|turn|3\n|\n|t:|1700215857\n|-end|p1a: Great Tusk|Protosynthesis|[silent]\n|switch|p1a: Clefable|Clefable, M|100\/100\n|move|p2a: Dragonite|Dragon Claw|p1a: Clefable\n|-immune|p1a: Clefable\n|\n|upkeep\n|turn|4\n|\n|t:|1700215861\n|move|p2a: Dragonite|Extreme Speed|p1a: Clefable\n|-damage|p1a: Clefable|75\/100\n|move|p1a: Clefable|Moonblast|p2a: Dragonite\n|-supereffective|p2a: Dragonite\n|-damage|p2a: Dragonite|69\/100\n|-unboost|p2a: Dragonite|spa|1\n|\n|-heal|p1a: Clefable|81\/100|[from] item: Leftovers\n|upkeep\n|turn|5\n|\n|t:|1700215866\n|move|p2a: Dragonite|Extreme Speed|p1a: Clefable\n|-damage|p1a: Clefable|57\/100\n|move|p1a: Clefable|Moonblast|p2a: Dragonite\n|-supereffective|p2a: Dragonite\n|-damage|p2a: Dragonite|5\/100\n|\n|-heal|p1a: Clefable|63\/100|[from] item: Leftovers\n|upkeep\n|turn|6\n|\n|t:|1700215871\n|move|p1a: Clefable|Protect|p1a: Clefable\n|-singleturn|p1a: Clefable|Protect\n|move|p2a: Dragonite|Extreme Speed|p1a: Clefable\n|-activate|p1a: Clefable|move: Protect\n|\n|-heal|p1a: Clefable|69\/100|[from] item: Leftovers\n|upkeep\n|turn|7\n|\n|t:|1700215877\n|move|p2a: Dragonite|Extreme Speed|p1a: Clefable\n|-damage|p1a: Clefable|44\/100\n|move|p1a: Clefable|Wish|p1a: Clefable\n|\n|-heal|p1a: Clefable|50\/100|[from] item: Leftovers\n|upkeep\n|turn|8\n|\n|t:|1700215882\n|move|p2a: Dragonite|Earthquake|p1a: Clefable\n|-damage|p1a: Clefable|20\/100\n|move|p1a: Clefable|Moonblast|p2a: Dragonite\n|-supereffective|p2a: Dragonite\n|-damage|p2a: Dragonite|0 fnt\n|faint|p2a: Dragonite\n|\n|-heal|p1a: Clefable|70\/100|[from] move: Wish|[wisher] Clefable\n|-heal|p1a: Clefable|76\/100|[from] item: Leftovers\n|upkeep\n|\n|t:|1700215887\n|switch|p2a: Kingambit|Kingambit, F|100\/100\n|-activate|p2a: Kingambit|ability: Supreme Overlord\n|-start|p2a: Kingambit|fallen2|[silent]\n|turn|9\n|\n|t:|1700215891\n|switch|p1a: Great Tusk|Great Tusk|100\/100\n|move|p2a: Kingambit|Iron Head|p1a: Great Tusk\n|-damage|p1a: Great Tusk|73\/100\n|\n|-heal|p1a: Great Tusk|80\/100|[from] item: Leftovers\n|upkeep\n|turn|10\n|\n|t:|1700215896\n|-end|p2a: Kingambit|fallen2|[silent]\n|switch|p2a: Greninja|Greninja, M|100\/100\n|move|p1a: Great Tusk|Earthquake|p2a: Greninja\n|-damage|p2a: Greninja|32\/100\n|\n|-heal|p1a: Great Tusk|86\/100|[from] item: Leftovers\n|upkeep\n|turn|11\n|\n|t:|1700215901\n|-end|p1a: Great Tusk|Protosynthesis|[silent]\n|switch|p1a: Slowking|Slowking-Galar, F|100\/100\n|move|p2a: Greninja|Surf|p1a: Slowking\n|-damage|p1a: Slowking|73\/100\n|-damage|p2a: Greninja|22\/100|[from] item: Life Orb\n|\n|upkeep\n|turn|12\n|\n|t:|1700215904\n|move|p2a: Greninja|Dark Pulse|p1a: Slowking\n|-supereffective|p1a: Slowking\n|-damage|p1a: Slowking|27\/100\n|-damage|p2a: Greninja|12\/100|[from] item: Life Orb\n|move|p1a: Slowking|Sludge Bomb|p2a: Greninja\n|-damage|p2a: Greninja|0 fnt\n|faint|p2a: Greninja\n|\n|upkeep\n|\n|t:|1700215910\n|switch|p2a: Sandy Shocks|Sandy Shocks|100\/100\n|-enditem|p2a: Sandy Shocks|Booster Energy\n|-activate|p2a: Sandy Shocks|ability: Protosynthesis|[fromitem]\n|-start|p2a: Sandy Shocks|protosynthesisspe\n|turn|13\n|\n|t:|1700215929\n|switch|p1a: Great Tusk|Great Tusk|86\/100\n|move|p2a: Sandy Shocks|Substitute|p2a: Sandy Shocks\n|-start|p2a: Sandy Shocks|Substitute\n|-damage|p2a: Sandy Shocks|76\/100\n|\n|-heal|p1a: Great Tusk|92\/100|[from] item: Leftovers\n|upkeep\n|turn|14\n|\n|t:|1700215934\n|-terastallize|p2a: Sandy Shocks|Ice\n|move|p2a: Sandy Shocks|Tera Blast|p1a: Great Tusk|[anim] Tera Blast Ice\n|-supereffective|p1a: Great Tusk\n|-damage|p1a: Great Tusk|0 fnt\n|faint|p1a: Great Tusk\n|-end|p1a: Great Tusk|Protosynthesis|[silent]\n|\n|upkeep\n|\n|t:|1700215951\n|switch|p1a: Greninja|Greninja, M|100\/100\n|turn|15\n|\n|t:|1700215955\n|move|p1a: Greninja|Surf|p2a: Sandy Shocks\n|-start|p1a: Greninja|typechange|Water|[from] ability: Protean\n|-end|p2a: Sandy Shocks|Substitute\n|move|p2a: Sandy Shocks|Thunderbolt|p1a: Greninja\n|-supereffective|p1a: Greninja\n|-damage|p1a: Greninja|0 fnt\n|faint|p1a: Greninja\n|\n|upkeep\n|\n|t:|1700215964\n|switch|p1a: Zamazenta|Zamazenta|100\/100\n|-ability|p1a: Zamazenta|Dauntless Shield|boost\n|-boost|p1a: Zamazenta|def|1\n|turn|16\n|\n|t:|1700215971\n|move|p2a: Sandy Shocks|Earth Power|p1a: Zamazenta\n|-damage|p1a: Zamazenta|65\/100\n|move|p1a: Zamazenta|Body Press|p2a: Sandy Shocks\n|-supereffective|p2a: Sandy Shocks\n|-damage|p2a: Sandy Shocks|0 fnt\n|faint|p2a: Sandy Shocks\n|-end|p2a: Sandy Shocks|Protosynthesis|[silent]\n|\n|-heal|p1a: Zamazenta|72\/100|[from] item: Leftovers\n|upkeep\n|\n|t:|1700215976\n|switch|p2a: Garchomp|Garchomp, M|100\/100\n|turn|17\n|\n|t:|1700215981\n|move|p1a: Zamazenta|Iron Defense|p1a: Zamazenta\n|-boost|p1a: Zamazenta|def|2\n|move|p2a: Garchomp|Stealth Rock|p1a: Zamazenta\n|-sidestart|p1: AikonZ_Test|move: Stealth Rock\n|\n|-heal|p1a: Zamazenta|78\/100|[from] item: Leftovers\n|upkeep\n|turn|18\n|\n|t:|1700215986\n|move|p1a: Zamazenta|Substitute|p1a: Zamazenta\n|-start|p1a: Zamazenta|Substitute\n|-damage|p1a: Zamazenta|53\/100\n|move|p2a: Garchomp|Dragon Tail|p1a: Zamazenta\n|-activate|p1a: Zamazenta|move: Substitute|[damage]\n|\n|-heal|p1a: Zamazenta|59\/100|[from] item: Leftovers\n|upkeep\n|turn|19\n|\n|t:|1700215991\n|move|p1a: Zamazenta|Body Press|p2a: Garchomp\n|-damage|p2a: Garchomp|40\/100\n|-damage|p1a: Zamazenta|47\/100|[from] ability: Rough Skin|[of] p2a: Garchomp\n|-damage|p1a: Zamazenta|30\/100|[from] item: Rocky Helmet|[of] p2a: Garchomp\n|move|p2a: Garchomp|Earthquake|p1a: Zamazenta\n|-activate|p1a: Zamazenta|move: Substitute|[damage]\n|\n|-heal|p1a: Zamazenta|36\/100|[from] item: Leftovers\n|upkeep\n|turn|20\n|\n|t:|1700216009\n|move|p1a: Zamazenta|Body Press|p2a: Garchomp\n|-crit|p2a: Garchomp\n|-damage|p2a: Garchomp|0 fnt\n|-damage|p1a: Zamazenta|24\/100|[from] ability: Rough Skin|[of] p2a: Garchomp\n|-damage|p1a: Zamazenta|7\/100|[from] item: Rocky Helmet|[of] p2a: Garchomp\n|faint|p2a: Garchomp\n|\n|-heal|p1a: Zamazenta|14\/100|[from] item: Leftovers\n|upkeep\n|\n|t:|1700216015\n|switch|p2a: Kingambit|Kingambit, F|100\/100\n|-activate|p2a: Kingambit|ability: Supreme Overlord\n|-start|p2a: Kingambit|fallen5|[silent]\n|turn|21\n|c|\u2606AikonZ_Test|gg\n|\n|t:|1700216019\n|move|p2a: Kingambit|Sucker Punch|p1a: Zamazenta\n|-resisted|p1a: Zamazenta\n|-end|p1a: Zamazenta|Substitute\n|move|p1a: Zamazenta|Body Press|p2a: Kingambit\n|-supereffective|p2a: Kingambit\n|-damage|p2a: Kingambit|0 fnt\n|faint|p2a: Kingambit\n|-end|p2a: Kingambit|fallen5|[silent]\n|\n|win|AikonZ_Test\n|raw|AikonZ_Test's rating: 1803 &rarr; <strong>1811<\/strong><br \/>(+8 for winning)\n|raw|KyokySP's rating: 1561 &rarr; <strong>1553<\/strong><br \/>(-8 for losing)\n|l|\u2606AikonZ_Test\n|l|\u203dKyokySP\n","uploadtime":1700216386,"views":13,"p1id":"aikonztest","p2id":"kyokysp","formatid":"gen9ou","rating":1553,"private":0,"password":""}