{"id":"gen9ou-1994781580","p1":"bruc3wi11is","p2":"Angel_Oceanpart","format":"[Gen 9] OU","log":"|j|\u2606bruc3wi11is\n|j|\u2606Angel_Oceanpart\n|t:|1700492174\n|gametype|singles\n|player|p1|bruc3wi11is|102|1302\n|player|p2|Angel_Oceanpart|preschoolerf|1379\n|teamsize|p1|6\n|teamsize|p2|6\n|gen|9\n|tier|[Gen 9] OU\n|rated|\n|rule|Sleep Clause Mod: Limit one foe put to sleep\n|rule|Species Clause: Limit one of each Pok\u00e9mon\n|rule|OHKO Clause: OHKO moves are banned\n|rule|Evasion Items Clause: Evasion items are banned\n|rule|Evasion Moves Clause: Evasion moves are banned\n|rule|Endless Battle Clause: Forcing endless battles is banned\n|rule|HP Percentage Mod: HP is shown in percentages\n|clearpoke\n|poke|p1|Kingambit, M|\n|poke|p1|Thundurus-Therian, M|\n|poke|p1|Goodra-Hisui, F|\n|poke|p1|Great Tusk|\n|poke|p1|Ursaluna, M|\n|poke|p1|Enamorus, F|\n|poke|p2|Ditto|\n|poke|p2|Alomomola, M|\n|poke|p2|Corviknight, M|\n|poke|p2|Heatran, M|\n|poke|p2|Pawmot, F|\n|poke|p2|Zoroark, M|\n|teampreview\n|inactive|Battle timer is ON: inactive players will automatically lose when time's up. (requested by bruc3wi11is)\n|inactive|Angel_Oceanpart also wants the timer to be on.\n|\n|t:|1700492199\n|start\n|switch|p1a: Goodra|Goodra-Hisui, F|100\/100\n|switch|p2a: Retry|Pawmot, F|100\/100\n|turn|1\n|\n|t:|1700492203\n|move|p2a: Retry|U-turn|p1a: Goodra\n|-resisted|p1a: Goodra\n|-damage|p1a: Goodra|91\/100\n|\n|t:|1700492209\n|switch|p2a: Tora|Alomomola, M|100\/100|[from] U-turn\n|move|p1a: Goodra|Flash Cannon|p2a: Tora\n|-resisted|p2a: Tora\n|-damage|p2a: Tora|89\/100\n|-unboost|p2a: Tora|spd|1\n|-enditem|p2a: Tora|Red Card|[of] p1a: Goodra\n|drag|p1a: Ursaluna|Ursaluna, M|100\/100\n|\n|-status|p1a: Ursaluna|brn|[from] item: Flame Orb\n|upkeep\n|turn|2\n|\n|t:|1700492227\n|switch|p1a: Goodra|Goodra-Hisui, F|91\/100\n|move|p2a: Tora|Flip Turn|p1a: Goodra\n|-resisted|p1a: Goodra\n|-damage|p1a: Goodra|85\/100\n|\n|t:|1700492232\n|switch|p2a: Tori|Ditto|100\/100|[from] Flip Turn\n|-transform|p2a: Tori|p1a: Goodra|[from] ability: Imposter\n|\n|-heal|p1a: Goodra|91\/100|[from] item: Leftovers\n|upkeep\n|turn|3\n|\n|t:|1700492239\n|switch|p2a: Betrayal|Heatran, M|100\/100\n|move|p1a: Goodra|Acid Spray|p2a: Betrayal\n|-immune|p2a: Betrayal\n|\n|-heal|p1a: Goodra|97\/100|[from] item: Leftovers\n|upkeep\n|turn|4\n|\n|t:|1700492250\n|switch|p1a: Great Tusk|Great Tusk|100\/100\n|move|p2a: Betrayal|Overheat|p1a: Great Tusk\n|-damage|p1a: Great Tusk|0 fnt\n|-unboost|p2a: Betrayal|spa|2\n|faint|p1a: Great Tusk\n|-end|p1a: Great Tusk|Protosynthesis|[silent]\n|\n|upkeep\n|\n|t:|1700492252\n|switch|p1a: Ursaluna|Ursaluna, M|100\/100 brn\n|turn|5\n|\n|t:|1700492260\n|switch|p2a: Tora|Alomomola, M|100\/100\n|move|p1a: Ursaluna|Swords Dance|p1a: Ursaluna\n|-boost|p1a: Ursaluna|atk|2\n|\n|-damage|p1a: Ursaluna|94\/100 brn|[from] brn\n|upkeep\n|turn|6\n|\n|t:|1700492263\n|move|p1a: Ursaluna|Facade|p2a: Tora\n|-damage|p2a: Tora|0 fnt\n|faint|p2a: Tora\n|\n|-damage|p1a: Ursaluna|88\/100 brn|[from] brn\n|upkeep\n|\n|t:|1700492273\n|switch|p2a: Retry|Pawmot, F|100\/100\n|turn|7\n|\n|t:|1700492279\n|-terastallize|p1a: Ursaluna|Ghost\n|move|p2a: Retry|Close Combat|p1a: Ursaluna\n|-immune|p1a: Ursaluna\n|move|p1a: Ursaluna|Facade|p2a: Retry\n|-damage|p2a: Retry|0 fnt\n|faint|p2a: Retry\n|\n|-damage|p1a: Ursaluna|82\/100 brn|[from] brn\n|upkeep\n|\n|t:|1700492283\n|switch|p2a: Tori|Ditto|100\/100\n|turn|8\n|\n|t:|1700492313\n|move|p2a: Tori|Knock Off|p1a: Ursaluna\n|-supereffective|p1a: Ursaluna\n|-damage|p1a: Ursaluna|12\/100 brn\n|-enditem|p1a: Ursaluna|Flame Orb|[from] move: Knock Off|[of] p2a: Tori\n|move|p1a: Ursaluna|Headlong Rush|p2a: Tori\n|-damage|p2a: Tori|0 fnt\n|-unboost|p1a: Ursaluna|def|1\n|-unboost|p1a: Ursaluna|spd|1\n|replace|p2a: Forget|Zoroark, M\n|-end|p2a: Forget|Illusion\n|faint|p2a: Forget\n|\n|-damage|p1a: Ursaluna|6\/100 brn|[from] brn\n|upkeep\n|\n|t:|1700492329\n|switch|p2a: Tori|Ditto|100\/100\n|-transform|p2a: Tori|p1a: Ursaluna|[from] ability: Imposter\n|-start|p2a: Tori|typechange|Ground\/Normal|[silent]\n|turn|9\n|inactive|bruc3wi11is has 120 seconds left.\n|\n|t:|1700492354\n|move|p2a: Tori|Fire Punch|p1a: Ursaluna\n|-damage|p1a: Ursaluna|0 fnt\n|faint|p1a: Ursaluna\n|\n|upkeep\n|inactive|bruc3wi11is has 120 seconds left.\n|\n|t:|1700492369\n|switch|p1a: Thundurus|Thundurus-Therian, M|100\/100\n|turn|10\n|\n|t:|1700492384\n|-terastallize|p2a: Tori|Fairy\n|move|p1a: Thundurus|Focus Blast|p2a: Tori\n|-resisted|p2a: Tori\n|-damage|p2a: Tori|51\/100\n|-enditem|p2a: Tori|Red Card|[of] p1a: Thundurus\n|drag|p1a: Goodra|Goodra-Hisui, F|97\/100\n|move|p2a: Tori|Facade|p1a: Goodra\n|-resisted|p1a: Goodra\n|-damage|p1a: Goodra|62\/100\n|\n|-heal|p1a: Goodra|68\/100|[from] item: Leftovers\n|upkeep\n|turn|11\n|\n|t:|1700492395\n|move|p2a: Tori|Facade|p1a: Goodra\n|-resisted|p1a: Goodra\n|-damage|p1a: Goodra|36\/100\n|move|p1a: Goodra|Flash Cannon|p2a: Tori\n|-supereffective|p2a: Tori\n|-damage|p2a: Tori|0 fnt\n|faint|p2a: Tori\n|\n|-heal|p1a: Goodra|42\/100|[from] item: Leftovers\n|upkeep\n|\n|t:|1700492398\n|switch|p2a: Betrayal|Heatran, M|100\/100\n|turn|12\n|\n|t:|1700492403\n|move|p2a: Betrayal|Overheat|p1a: Goodra\n|-damage|p1a: Goodra|0 fnt\n|-unboost|p2a: Betrayal|spa|2\n|faint|p1a: Goodra\n|\n|upkeep\n|inactive|bruc3wi11is has 120 seconds left.\n|\n|t:|1700492434\n|switch|p1a: Thundurus|Thundurus-Therian, M|100\/100\n|turn|13\n|\n|t:|1700492441\n|switch|p2a: Forgive|Corviknight, M|100\/100\n|-ability|p2a: Forgive|Pressure\n|move|p1a: Thundurus|Thunderbolt|p2a: Forgive\n|-supereffective|p2a: Forgive\n|-damage|p2a: Forgive|0 fnt\n|faint|p2a: Forgive\n|\n|upkeep\n|\n|t:|1700492443\n|switch|p2a: Betrayal|Heatran, M|100\/100\n|turn|14\n|\n|t:|1700492450\n|move|p1a: Thundurus|Focus Blast|p2a: Betrayal|[miss]\n|-miss|p1a: Thundurus|p2a: Betrayal\n|move|p2a: Betrayal|Overheat|p1a: Thundurus\n|-damage|p1a: Thundurus|0 fnt\n|-unboost|p2a: Betrayal|spa|2\n|faint|p1a: Thundurus\n|\n|upkeep\n|\n|t:|1700492453\n|switch|p1a: Enamorus|Enamorus, F|100\/100\n|turn|15\n|\n|t:|1700492454\n|move|p1a: Enamorus|Earth Power|p2a: Betrayal\n|-supereffective|p2a: Betrayal\n|-damage|p2a: Betrayal|0 fnt\n|faint|p2a: Betrayal\n|\n|win|bruc3wi11is\n|raw|bruc3wi11is's rating: 1302 &rarr; <strong>1326<\/strong><br \/>(+24 for winning)\n|raw|Angel_Oceanpart's rating: 1379 &rarr; <strong>1355<\/strong><br \/>(-24 for losing)\n|l|\u2606Angel_Oceanpart\n","uploadtime":1700492465,"views":9,"p1id":"bruc3wi11is","p2id":"angeloceanpart","formatid":"gen9ou","rating":1326,"private":0,"password":""}