{"id":"gen9ou-1991065397","p1":"Bluespellmaster8","p2":"Diereta","format":"[Gen 9] OU","log":"|j|\u2606Bluespellmaster8\n|j|\u2606Diereta\n|t:|1700037282\n|gametype|singles\n|player|p1|Bluespellmaster8|266|1721\n|player|p2|Diereta|gambler|1814\n|teamsize|p1|6\n|teamsize|p2|6\n|gen|9\n|tier|[Gen 9] OU\n|rated|\n|rule|Sleep Clause Mod: Limit one foe put to sleep\n|rule|Species Clause: Limit one of each Pok\u00e9mon\n|rule|OHKO Clause: OHKO moves are banned\n|rule|Evasion Items Clause: Evasion items are banned\n|rule|Evasion Moves Clause: Evasion moves are banned\n|rule|Endless Battle Clause: Forcing endless battles is banned\n|rule|HP Percentage Mod: HP is shown in percentages\n|clearpoke\n|poke|p1|Thundurus-Therian, M|\n|poke|p1|Goodra-Hisui, F|\n|poke|p1|Cinderace, F|\n|poke|p1|Landorus-Therian, M|\n|poke|p1|Iron Valiant|\n|poke|p1|Kingambit, F|\n|poke|p2|Goodra-Hisui, F|\n|poke|p2|Ogerpon-Wellspring, F|\n|poke|p2|Donphan, M|\n|poke|p2|Zamazenta-*|\n|poke|p2|Cinderace, M|\n|poke|p2|Zapdos|\n|teampreview\n|inactive|Battle timer is ON: inactive players will automatically lose when time's up. (requested by Bluespellmaster8)\n|\n|t:|1700037300\n|start\n|switch|p1a: Thundurus|Thundurus-Therian, M|100\/100\n|switch|p2a: Zip-Zap-Dos|Zapdos|100\/100\n|turn|1\n|\n|t:|1700037306\n|switch|p2a: Rhaenyra|Goodra-Hisui, F|100\/100\n|move|p1a: Thundurus|Volt Switch|p2a: Rhaenyra\n|-resisted|p2a: Rhaenyra\n|-damage|p2a: Rhaenyra|86\/100\n|\n|t:|1700037312\n|switch|p1a: Landorus|Landorus-Therian, M|100\/100|[from] Volt Switch\n|-ability|p1a: Landorus|Intimidate|boost\n|-unboost|p2a: Rhaenyra|atk|1\n|\n|upkeep\n|turn|2\n|\n|t:|1700037315\n|-terastallize|p2a: Rhaenyra|Fairy\n|move|p1a: Landorus|Earthquake|p2a: Rhaenyra\n|-damage|p2a: Rhaenyra|40\/100\n|move|p2a: Rhaenyra|Flash Cannon|p1a: Landorus\n|-crit|p1a: Landorus\n|-damage|p1a: Landorus|37\/100\n|\n|upkeep\n|turn|3\n|\n|t:|1700037324\n|switch|p2a: Zip-Zap-Dos|Zapdos|100\/100\n|move|p1a: Landorus|Earthquake|p2a: Zip-Zap-Dos\n|-immune|p2a: Zip-Zap-Dos\n|\n|upkeep\n|turn|4\n|\n|t:|1700037331\n|switch|p1a: Goodra|Goodra-Hisui, F|100\/100\n|move|p2a: Zip-Zap-Dos|Hurricane|p1a: Goodra|[miss]\n|-miss|p2a: Zip-Zap-Dos|p1a: Goodra\n|\n|upkeep\n|turn|5\n|\n|t:|1700037339\n|move|p2a: Zip-Zap-Dos|Substitute|p2a: Zip-Zap-Dos\n|-start|p2a: Zip-Zap-Dos|Substitute\n|-damage|p2a: Zip-Zap-Dos|76\/100\n|move|p1a: Goodra|Draco Meteor|p2a: Zip-Zap-Dos\n|-end|p2a: Zip-Zap-Dos|Substitute\n|-unboost|p1a: Goodra|spa|2\n|\n|upkeep\n|turn|6\n|\n|t:|1700037345\n|switch|p1a: Thundurus|Thundurus-Therian, M|100\/100\n|move|p2a: Zip-Zap-Dos|Volt Switch|p1a: Thundurus\n|-immune|p1a: Thundurus|[from] ability: Volt Absorb\n|\n|upkeep\n|turn|7\n|\n|t:|1700037350\n|switch|p2a: Kandula|Donphan, M|100\/100\n|move|p1a: Thundurus|Volt Switch|p2a: Kandula\n|-immune|p2a: Kandula\n|\n|upkeep\n|turn|8\n|\n|t:|1700037357\n|switch|p1a: Landorus|Landorus-Therian, M|37\/100\n|-ability|p1a: Landorus|Intimidate|boost\n|-unboost|p2a: Kandula|atk|1\n|move|p2a: Kandula|Endeavor|p1a: Landorus\n|-immune|p1a: Landorus\n|\n|upkeep\n|turn|9\n|j| teamtester48\n|\n|t:|1700037363\n|move|p2a: Kandula|Ice Shard|p1a: Landorus\n|-supereffective|p1a: Landorus\n|-damage|p1a: Landorus|9\/100\n|move|p1a: Landorus|Grass Knot|p2a: Kandula\n|-supereffective|p2a: Kandula\n|-damage|p2a: Kandula|31\/100\n|\n|upkeep\n|turn|10\n|\n|t:|1700037367\n|move|p2a: Kandula|Ice Shard|p1a: Landorus\n|-supereffective|p1a: Landorus\n|-damage|p1a: Landorus|0 fnt\n|faint|p1a: Landorus\n|\n|upkeep\n|j| Ultramanball1\n|\n|t:|1700037374\n|switch|p1a: Cinderace|Cinderace, F|100\/100\n|turn|11\n|j| all hips no lies\n|\n|t:|1700037384\n|switch|p2a: Rammot|Cinderace, M|100\/100\n|move|p1a: Cinderace|Pyro Ball|p2a: Rammot\n|-resisted|p2a: Rammot\n|-damage|p2a: Rammot|73\/100\n|\n|upkeep\n|turn|12\n|l| Ultramanball1\n|\n|t:|1700037388\n|move|p2a: Rammot|Pyro Ball|p1a: Cinderace\n|-resisted|p1a: Cinderace\n|-damage|p1a: Cinderace|73\/100\n|move|p1a: Cinderace|U-turn|p2a: Rammot\n|-resisted|p2a: Rammot\n|-damage|p2a: Rammot|62\/100\n|j| Wiimicks\n|\n|t:|1700037407\n|switch|p1a: Iron Valiant|Iron Valiant|100\/100|[from] U-turn\n|-enditem|p1a: Iron Valiant|Booster Energy\n|-activate|p1a: Iron Valiant|ability: Quark Drive|[fromitem]\n|-start|p1a: Iron Valiant|quarkdrivespe\n|\n|upkeep\n|turn|13\n|\n|t:|1700037414\n|move|p1a: Iron Valiant|Close Combat|p2a: Rammot\n|-damage|p2a: Rammot|0 fnt\n|-unboost|p1a: Iron Valiant|def|1\n|-unboost|p1a: Iron Valiant|spd|1\n|faint|p2a: Rammot\n|\n|upkeep\n|\n|t:|1700037417\n|switch|p2a: WhatTheDogDoing?|Zamazenta|100\/100\n|-ability|p2a: WhatTheDogDoing?|Dauntless Shield|boost\n|-boost|p2a: WhatTheDogDoing?|def|1\n|turn|14\n|\n|t:|1700037421\n|move|p2a: WhatTheDogDoing?|Heavy Slam|p1a: Iron Valiant\n|-supereffective|p1a: Iron Valiant\n|-damage|p1a: Iron Valiant|0 fnt\n|faint|p1a: Iron Valiant\n|-end|p1a: Iron Valiant|Quark Drive|[silent]\n|\n|upkeep\n|\n|t:|1700037428\n|switch|p1a: Cinderace|Cinderace, F|73\/100\n|turn|15\n|\n|t:|1700037434\n|switch|p2a: Rhaenyra|Goodra-Hisui, F, tera:Fairy|40\/100\n|move|p1a: Cinderace|Will-O-Wisp|p2a: Rhaenyra\n|-status|p2a: Rhaenyra|brn\n|\n|-damage|p2a: Rhaenyra|34\/100 brn|[from] brn\n|upkeep\n|turn|16\n|\n|t:|1700037439\n|move|p1a: Cinderace|Pyro Ball|p2a: Rhaenyra\n|-damage|p2a: Rhaenyra|0 fnt\n|faint|p2a: Rhaenyra\n|\n|upkeep\n|\n|t:|1700037441\n|switch|p2a: WhatTheDogDoing?|Zamazenta|100\/100\n|turn|17\n|\n|t:|1700037445\n|switch|p1a: Thundurus|Thundurus-Therian, M|100\/100\n|move|p2a: WhatTheDogDoing?|Stone Edge|p1a: Thundurus\n|-supereffective|p1a: Thundurus\n|-crit|p1a: Thundurus\n|-damage|p1a: Thundurus|0 fnt\n|faint|p1a: Thundurus\n|\n|upkeep\n|\n|t:|1700037452\n|switch|p1a: Goodra|Goodra-Hisui, F|100\/100\n|turn|18\n|\n|t:|1700037465\n|switch|p2a: Zip-Zap-Dos|Zapdos|76\/100\n|move|p1a: Goodra|Flash Cannon|p2a: Zip-Zap-Dos\n|-resisted|p2a: Zip-Zap-Dos\n|-damage|p2a: Zip-Zap-Dos|56\/100\n|\n|upkeep\n|turn|19\n|\n|t:|1700037468\n|move|p2a: Zip-Zap-Dos|Roost|p2a: Zip-Zap-Dos\n|-heal|p2a: Zip-Zap-Dos|100\/100\n|-singleturn|p2a: Zip-Zap-Dos|move: Roost\n|move|p1a: Goodra|Flamethrower|p2a: Zip-Zap-Dos\n|-damage|p2a: Zip-Zap-Dos|71\/100\n|-status|p2a: Zip-Zap-Dos|brn\n|\n|-damage|p2a: Zip-Zap-Dos|65\/100 brn|[from] brn\n|upkeep\n|turn|20\n|\n|t:|1700037474\n|move|p2a: Zip-Zap-Dos|Roost|p2a: Zip-Zap-Dos\n|-heal|p2a: Zip-Zap-Dos|100\/100 brn\n|-singleturn|p2a: Zip-Zap-Dos|move: Roost\n|move|p1a: Goodra|Flamethrower|p2a: Zip-Zap-Dos\n|-damage|p2a: Zip-Zap-Dos|66\/100 brn\n|\n|-damage|p2a: Zip-Zap-Dos|60\/100 brn|[from] brn\n|upkeep\n|turn|21\n|\n|t:|1700037479\n|move|p2a: Zip-Zap-Dos|Roost|p2a: Zip-Zap-Dos\n|-heal|p2a: Zip-Zap-Dos|100\/100 brn\n|-singleturn|p2a: Zip-Zap-Dos|move: Roost\n|move|p1a: Goodra|Earthquake|p2a: Zip-Zap-Dos\n|-supereffective|p2a: Zip-Zap-Dos\n|-damage|p2a: Zip-Zap-Dos|57\/100 brn\n|\n|-damage|p2a: Zip-Zap-Dos|51\/100 brn|[from] brn\n|upkeep\n|turn|22\n|\n|t:|1700037483\n|move|p2a: Zip-Zap-Dos|Roost|p2a: Zip-Zap-Dos\n|-heal|p2a: Zip-Zap-Dos|100\/100 brn\n|-singleturn|p2a: Zip-Zap-Dos|move: Roost\n|move|p1a: Goodra|Flamethrower|p2a: Zip-Zap-Dos\n|-damage|p2a: Zip-Zap-Dos|66\/100 brn\n|\n|-damage|p2a: Zip-Zap-Dos|60\/100 brn|[from] brn\n|upkeep\n|turn|23\n|\n|t:|1700037487\n|move|p2a: Zip-Zap-Dos|Roost|p2a: Zip-Zap-Dos\n|-heal|p2a: Zip-Zap-Dos|100\/100 brn\n|-singleturn|p2a: Zip-Zap-Dos|move: Roost\n|move|p1a: Goodra|Flamethrower|p2a: Zip-Zap-Dos\n|-damage|p2a: Zip-Zap-Dos|67\/100 brn\n|\n|-damage|p2a: Zip-Zap-Dos|61\/100 brn|[from] brn\n|upkeep\n|turn|24\n|\n|t:|1700037493\n|move|p2a: Zip-Zap-Dos|Volt Switch|p1a: Goodra\n|-resisted|p1a: Goodra\n|-damage|p1a: Goodra|92\/100\n|\n|t:|1700037495\n|switch|p2a: Ogo|Ogerpon-Wellspring, F|100\/100|[from] Volt Switch\n|move|p1a: Goodra|Flamethrower|p2a: Ogo\n|-damage|p2a: Ogo|66\/100\n|\n|upkeep\n|turn|25\n|\n|t:|1700037503\n|move|p2a: Ogo|Substitute|p2a: Ogo\n|-start|p2a: Ogo|Substitute\n|-damage|p2a: Ogo|41\/100\n|move|p1a: Goodra|Draco Meteor|p2a: Ogo\n|-end|p2a: Ogo|Substitute\n|-unboost|p1a: Goodra|spa|2\n|\n|upkeep\n|turn|26\n|\n|t:|1700037527\n|switch|p2a: WhatTheDogDoing?|Zamazenta|100\/100\n|switch|p1a: Cinderace|Cinderace, F|73\/100\n|\n|upkeep\n|turn|27\n|\n|t:|1700037534\n|move|p2a: WhatTheDogDoing?|Close Combat|p1a: Cinderace\n|-damage|p1a: Cinderace|3\/100\n|-unboost|p2a: WhatTheDogDoing?|def|1\n|-unboost|p2a: WhatTheDogDoing?|spd|1\n|move|p1a: Cinderace|Will-O-Wisp|p2a: WhatTheDogDoing?|[miss]\n|-miss|p1a: Cinderace|p2a: WhatTheDogDoing?\n|\n|upkeep\n|turn|28\n|\n|t:|1700037539\n|move|p2a: WhatTheDogDoing?|Close Combat|p1a: Cinderace\n|-damage|p1a: Cinderace|0 fnt\n|-unboost|p2a: WhatTheDogDoing?|def|1\n|-unboost|p2a: WhatTheDogDoing?|spd|1\n|faint|p1a: Cinderace\n|\n|upkeep\n|\n|t:|1700037542\n|switch|p1a: Goodra|Goodra-Hisui, F|92\/100\n|turn|29\n|j| emlaconvoi\n|\n|t:|1700037558\n|switch|p2a: Ogo|Ogerpon-Wellspring, F|41\/100\n|-terastallize|p1a: Goodra|Fairy\n|move|p1a: Goodra|Flash Cannon|p2a: Ogo\n|-resisted|p2a: Ogo\n|-damage|p2a: Ogo|16\/100\n|\n|upkeep\n|turn|30\n|\n|t:|1700037563\n|move|p2a: Ogo|Ivy Cudgel|p1a: Goodra|[anim] Ivy Cudgel Water\n|-damage|p1a: Goodra|34\/100\n|move|p1a: Goodra|Flash Cannon|p2a: Ogo\n|-resisted|p2a: Ogo\n|-damage|p2a: Ogo|0 fnt\n|faint|p2a: Ogo\n|\n|upkeep\n|\n|t:|1700037566\n|switch|p2a: Kandula|Donphan, M|31\/100\n|turn|31\n|\n|t:|1700037569\n|move|p2a: Kandula|Earthquake|p1a: Goodra\n|-damage|p1a: Goodra|0 fnt\n|faint|p1a: Goodra\n|\n|upkeep\n|\n|t:|1700037570\n|switch|p1a: Kingambit|Kingambit, F|100\/100\n|-activate|p1a: Kingambit|ability: Supreme Overlord\n|-start|p1a: Kingambit|fallen5|[silent]\n|-item|p1a: Kingambit|Air Balloon\n|turn|32\n|\n|t:|1700037575\n|move|p2a: Kandula|Ice Shard|p1a: Kingambit\n|-resisted|p1a: Kingambit\n|-damage|p1a: Kingambit|95\/100\n|-enditem|p1a: Kingambit|Air Balloon\n|move|p1a: Kingambit|Swords Dance|p1a: Kingambit\n|-boost|p1a: Kingambit|atk|2\n|\n|upkeep\n|turn|33\n|\n|t:|1700037580\n|move|p1a: Kingambit|Swords Dance|p1a: Kingambit\n|-boost|p1a: Kingambit|atk|2\n|move|p2a: Kandula|Encore|p1a: Kingambit\n|-start|p1a: Kingambit|Encore\n|\n|upkeep\n|turn|34\n|\n|t:|1700037583\n|move|p2a: Kandula|Earthquake|p1a: Kingambit\n|-supereffective|p1a: Kingambit\n|-damage|p1a: Kingambit|14\/100\n|move|p1a: Kingambit|Swords Dance|p1a: Kingambit\n|-boost|p1a: Kingambit|atk|2\n|\n|upkeep\n|turn|35\n|\n|t:|1700037585\n|move|p2a: Kandula|Earthquake|p1a: Kingambit\n|-supereffective|p1a: Kingambit\n|-damage|p1a: Kingambit|0 fnt\n|faint|p1a: Kingambit\n|-end|p1a: Kingambit|fallen5|[silent]\n|\n|win|Diereta\n|raw|Bluespellmaster8's rating: 1721 &rarr; <strong>1706<\/strong><br \/>(-15 for losing)\n|raw|Diereta's rating: 1814 &rarr; <strong>1829<\/strong><br \/>(+15 for winning)\n|l|\u2606Bluespellmaster8\n|l| teamtester48\n|l| all hips no lies\n|l| emlaconvoi\n","uploadtime":1700037790,"views":52,"p1id":"bluespellmaster8","p2id":"diereta","formatid":"gen9ou","rating":1706,"private":0,"password":""}