{"id":"gen9ou-1989710324","p1":"Saimasseuh v10","p2":"OUFC Zam","format":"[Gen 9] OU","log":"|j|\u2606Saimasseuh v10\n|j|\u2606OUFC Zam\n|t:|1699889042\n|gametype|singles\n|player|p1|Saimasseuh v10|102|1912\n|player|p2|OUFC Zam|palmer|1958\n|teamsize|p1|6\n|teamsize|p2|6\n|gen|9\n|tier|[Gen 9] OU\n|rated|\n|rule|Sleep Clause Mod: Limit one foe put to sleep\n|rule|Species Clause: Limit one of each Pok\u00e9mon\n|rule|OHKO Clause: OHKO moves are banned\n|rule|Evasion Items Clause: Evasion items are banned\n|rule|Evasion Moves Clause: Evasion moves are banned\n|rule|Endless Battle Clause: Forcing endless battles is banned\n|rule|HP Percentage Mod: HP is shown in percentages\n|clearpoke\n|poke|p1|Ting-Lu|\n|poke|p1|Iron Valiant|\n|poke|p1|Clodsire, M|\n|poke|p1|Dragonite, M|\n|poke|p1|Gholdengo|\n|poke|p1|Great Tusk|\n|poke|p2|Zamazenta-*|\n|poke|p2|Ting-Lu|\n|poke|p2|Moltres|\n|poke|p2|Gholdengo|\n|poke|p2|Clefable, M|\n|poke|p2|Ogerpon-Wellspring, F|\n|teampreview\n|inactive|Battle timer is ON: inactive players will automatically lose when time's up. (requested by OUFC Zam)\n|inactive|Saimasseuh v10 also wants the timer to be on.\n|\n|t:|1699889058\n|start\n|switch|p1a: Clodsire|Clodsire, M|100\/100\n|switch|p2a: Ogerpon|Ogerpon-Wellspring, F|100\/100\n|turn|1\n|\n|t:|1699889079\n|move|p2a: Ogerpon|U-turn|p1a: Clodsire\n|-resisted|p1a: Clodsire\n|-damage|p1a: Clodsire|91\/100\n|\n|t:|1699889082\n|switch|p2a: Ting-Lu|Ting-Lu|100\/100|[from] U-turn\n|-ability|p2a: Ting-Lu|Vessel of Ruin\n|move|p1a: Clodsire|Poison Jab|p2a: Ting-Lu\n|-resisted|p2a: Ting-Lu\n|-damage|p2a: Ting-Lu|94\/100\n|\n|-heal|p2a: Ting-Lu|100\/100|[from] item: Leftovers\n|-heal|p1a: Clodsire|97\/100|[from] item: Black Sludge\n|upkeep\n|turn|2\n|\n|t:|1699889100\n|move|p2a: Ting-Lu|Ruination|p1a: Clodsire\n|-damage|p1a: Clodsire|49\/100\n|move|p1a: Clodsire|Toxic Spikes|p2a: Ting-Lu\n|-sidestart|p2: OUFC Zam|move: Toxic Spikes\n|\n|-heal|p1a: Clodsire|55\/100|[from] item: Black Sludge\n|upkeep\n|turn|3\n|\n|t:|1699889115\n|switch|p1a: Great Tusk|Great Tusk|100\/100\n|move|p2a: Ting-Lu|Ruination|p1a: Great Tusk|[miss]\n|-miss|p2a: Ting-Lu|p1a: Great Tusk\n|\n|upkeep\n|turn|4\n|\n|t:|1699889125\n|move|p1a: Great Tusk|Knock Off|p2a: Ting-Lu\n|-resisted|p2a: Ting-Lu\n|-damage|p2a: Ting-Lu|93\/100\n|-enditem|p2a: Ting-Lu|Leftovers|[from] move: Knock Off|[of] p1a: Great Tusk\n|move|p2a: Ting-Lu|Ruination|p1a: Great Tusk\n|-damage|p1a: Great Tusk|50\/100\n|\n|-heal|p1a: Great Tusk|57\/100|[from] item: Leftovers\n|upkeep\n|turn|5\n|\n|t:|1699889135\n|switch|p2a: Ogerpon|Ogerpon-Wellspring, F|100\/100\n|-status|p2a: Ogerpon|psn\n|move|p1a: Great Tusk|Earthquake|p2a: Ogerpon\n|-resisted|p2a: Ogerpon\n|-damage|p2a: Ogerpon|72\/100 psn\n|\n|-heal|p1a: Great Tusk|63\/100|[from] item: Leftovers\n|-damage|p2a: Ogerpon|59\/100 psn|[from] psn\n|upkeep\n|turn|6\n|\n|t:|1699889152\n|-end|p1a: Great Tusk|Protosynthesis|[silent]\n|switch|p1a: Gholdengo|Gholdengo|100\/100\n|move|p2a: Ogerpon|Horn Leech|p1a: Gholdengo\n|-resisted|p1a: Gholdengo\n|-damage|p1a: Gholdengo|79\/100\n|-heal|p2a: Ogerpon|73\/100 psn|[from] drain|[of] p1a: Gholdengo\n|\n|-damage|p2a: Ogerpon|61\/100 psn|[from] psn\n|upkeep\n|turn|7\n|j| That Boy Bad\n|inactive|OUFC Zam has 120 seconds left.\n|\n|t:|1699889179\n|-terastallize|p2a: Ogerpon|Water\n|detailschange|p2a: Ogerpon|Ogerpon-Wellspring-Tera, F, tera:Water\n|-ability|p2a: Ogerpon|Embody Aspect (Wellspring)|boost\n|-boost|p2a: Ogerpon|spd|1\n|move|p1a: Gholdengo|Shadow Ball|p2a: Ogerpon\n|-damage|p2a: Ogerpon|34\/100 psn\n|-unboost|p2a: Ogerpon|spd|1\n|move|p2a: Ogerpon|Ivy Cudgel|p1a: Gholdengo\n|-damage|p1a: Gholdengo|4\/100\n|\n|-damage|p2a: Ogerpon|21\/100 psn|[from] psn\n|upkeep\n|turn|8\n|\n|t:|1699889191\n|switch|p2a: Ting-Lu|Ting-Lu|93\/100\n|-status|p2a: Ting-Lu|psn\n|-ability|p2a: Ting-Lu|Vessel of Ruin\n|move|p1a: Gholdengo|Shadow Ball|p2a: Ting-Lu\n|-resisted|p2a: Ting-Lu\n|-damage|p2a: Ting-Lu|86\/100 psn\n|\n|-damage|p2a: Ting-Lu|74\/100 psn|[from] psn\n|upkeep\n|turn|9\n|\n|t:|1699889205\n|switch|p1a: Great Tusk|Great Tusk|63\/100\n|switch|p2a: Ogerpon|Ogerpon-Wellspring-Tera, F, tera:Water|21\/100 psn\n|-ability|p2a: Ogerpon|Embody Aspect (Wellspring)|boost\n|-boost|p2a: Ogerpon|spd|1\n|\n|-heal|p1a: Great Tusk|69\/100|[from] item: Leftovers\n|-damage|p2a: Ogerpon|9\/100 psn|[from] psn\n|upkeep\n|turn|10\n|inactive|OUFC Zam has 90 seconds left.\n|\n|t:|1699889238\n|-end|p1a: Great Tusk|Protosynthesis|[silent]\n|switch|p1a: Dragonite|Dragonite, M|100\/100\n|move|p2a: Ogerpon|Horn Leech|p1a: Dragonite\n|-resisted|p1a: Dragonite\n|-damage|p1a: Dragonite|95\/100\n|-heal|p2a: Ogerpon|12\/100 psn|[from] drain|[of] p1a: Dragonite\n|\n|-damage|p2a: Ogerpon|0 fnt|[from] psn\n|faint|p2a: Ogerpon\n|upkeep\n|inactive|OUFC Zam has 90 seconds left.\n|\n|t:|1699889253\n|switch|p2a: Clefable|Clefable, M|100\/100\n|-status|p2a: Clefable|psn\n|turn|11\n|j| Plplk\n|\n|t:|1699889260\n|switch|p1a: Clodsire|Clodsire, M|55\/100\n|move|p2a: Clefable|Stealth Rock|p1a: Clodsire\n|-sidestart|p1: Saimasseuh v10|move: Stealth Rock\n|\n|-heal|p1a: Clodsire|61\/100|[from] item: Black Sludge\n|upkeep\n|turn|12\n|j| Romano RPPLF\n|inactive|OUFC Zam has 90 seconds left.\n|\n|t:|1699889268\n|move|p2a: Clefable|Knock Off|p1a: Clodsire\n|-damage|p1a: Clodsire|50\/100\n|-enditem|p1a: Clodsire|Black Sludge|[from] move: Knock Off|[of] p2a: Clefable\n|move|p1a: Clodsire|Toxic Spikes|p2a: Clefable\n|-sidestart|p2: OUFC Zam|move: Toxic Spikes\n|\n|upkeep\n|turn|13\n|inactive|OUFC Zam has 90 seconds left.\n|\n|t:|1699889282\n|switch|p2a: Gholdengo|Gholdengo|100\/100\n|move|p1a: Clodsire|Recover|p1a: Clodsire\n|-heal|p1a: Clodsire|99\/100\n|\n|upkeep\n|turn|14\n|inactive|OUFC Zam has 90 seconds left.\n|j| Sviqma\n|\n|t:|1699889310\n|move|p2a: Gholdengo|Make It Rain|p1a: Clodsire\n|-damage|p1a: Clodsire|24\/100\n|-unboost|p2a: Gholdengo|spa|1\n|move|p1a: Clodsire|Earthquake|p2a: Gholdengo\n|-supereffective|p2a: Gholdengo\n|-damage|p2a: Gholdengo|41\/100\n|\n|upkeep\n|turn|15\n|\n|t:|1699889319\n|switch|p1a: Ting-Lu|Ting-Lu|100\/100\n|-damage|p1a: Ting-Lu|94\/100|[from] Stealth Rock\n|-ability|p1a: Ting-Lu|Vessel of Ruin\n|move|p2a: Gholdengo|Make It Rain|p1a: Ting-Lu\n|-damage|p1a: Ting-Lu|67\/100\n|-unboost|p2a: Gholdengo|spa|1\n|\n|-heal|p1a: Ting-Lu|73\/100|[from] item: Leftovers\n|upkeep\n|turn|16\n|inactive|OUFC Zam has 90 seconds left.\n|\n|t:|1699889324\n|switch|p2a: Clefable|Clefable, M|100\/100 psn\n|move|p1a: Ting-Lu|Stealth Rock|p2a: Clefable\n|-sidestart|p2: OUFC Zam|move: Stealth Rock\n|\n|-heal|p1a: Ting-Lu|80\/100|[from] item: Leftovers\n|upkeep\n|turn|17\n|\n|t:|1699889329\n|move|p2a: Clefable|Moonblast|p1a: Ting-Lu\n|-supereffective|p1a: Ting-Lu\n|-damage|p1a: Ting-Lu|54\/100\n|move|p1a: Ting-Lu|Spikes|p2a: Clefable\n|-sidestart|p2: OUFC Zam|Spikes\n|\n|-heal|p1a: Ting-Lu|60\/100|[from] item: Leftovers\n|upkeep\n|turn|18\n|\n|t:|1699889332\n|move|p2a: Clefable|Knock Off|p1a: Ting-Lu\n|-resisted|p1a: Ting-Lu\n|-damage|p1a: Ting-Lu|56\/100\n|-enditem|p1a: Ting-Lu|Leftovers|[from] move: Knock Off|[of] p2a: Clefable\n|move|p1a: Ting-Lu|Heavy Slam|p2a: Clefable\n|-supereffective|p2a: Clefable\n|-damage|p2a: Clefable|59\/100 psn\n|\n|-heal|p2a: Clefable|65\/100 psn|[from] item: Leftovers\n|upkeep\n|turn|19\n|l| Plplk\n|\n|t:|1699889338\n|switch|p1a: Clodsire|Clodsire, M|24\/100\n|-damage|p1a: Clodsire|18\/100|[from] Stealth Rock\n|move|p2a: Clefable|Moonblast|p1a: Clodsire\n|-resisted|p1a: Clodsire\n|-damage|p1a: Clodsire|7\/100\n|\n|-heal|p2a: Clefable|71\/100 psn|[from] item: Leftovers\n|upkeep\n|turn|20\n|\n|t:|1699889343\n|move|p2a: Clefable|Moonblast|p1a: Clodsire\n|-resisted|p1a: Clodsire\n|-damage|p1a: Clodsire|0 fnt\n|faint|p1a: Clodsire\n|\n|-heal|p2a: Clefable|77\/100 psn|[from] item: Leftovers\n|upkeep\n|\n|t:|1699889345\n|switch|p1a: Iron Valiant|Iron Valiant|100\/100\n|-damage|p1a: Iron Valiant|94\/100|[from] Stealth Rock\n|turn|21\n|inactive|OUFC Zam has 120 seconds left.\n|j| RedSkyAtNight\n|\n|t:|1699889397\n|switch|p2a: Gholdengo|Gholdengo|41\/100\n|-damage|p2a: Gholdengo|35\/100|[from] Stealth Rock\n|-damage|p2a: Gholdengo|22\/100|[from] Spikes\n|-terastallize|p1a: Iron Valiant|Fairy\n|move|p1a: Iron Valiant|Moonblast|p2a: Gholdengo\n|-resisted|p2a: Gholdengo\n|-damage|p2a: Gholdengo|0 fnt\n|faint|p2a: Gholdengo\n|\n|upkeep\n|inactive|OUFC Zam has 90 seconds left.\n|\n|t:|1699889412\n|switch|p2a: Zamazenta|Zamazenta|100\/100\n|-ability|p2a: Zamazenta|Dauntless Shield|boost\n|-boost|p2a: Zamazenta|def|1\n|turn|22\n|inactive|OUFC Zam has 90 seconds left.\n|\n|t:|1699889438\n|-end|p1a: Iron Valiant|Quark Drive|[silent]\n|switch|p1a: Great Tusk|Great Tusk|69\/100\n|-damage|p1a: Great Tusk|66\/100|[from] Stealth Rock\n|move|p2a: Zamazenta|Heavy Slam|p1a: Great Tusk\n|-damage|p1a: Great Tusk|59\/100\n|\n|-heal|p1a: Great Tusk|66\/100|[from] item: Leftovers\n|upkeep\n|turn|23\n|\n|t:|1699889453\n|switch|p2a: Moltres|Moltres|100\/100\n|move|p1a: Great Tusk|Rapid Spin|p2a: Moltres\n|-crit|p2a: Moltres\n|-damage|p2a: Moltres|84\/100\n|-boost|p1a: Great Tusk|spe|1\n|-sideend|p1: Saimasseuh v10|Stealth Rock|[from] move: Rapid Spin|[of] p1a: Great Tusk\n|\n|-heal|p1a: Great Tusk|72\/100|[from] item: Leftovers\n|upkeep\n|turn|24\n|j| iampsykick\n|\n|t:|1699889466\n|-end|p1a: Great Tusk|Protosynthesis|[silent]\n|switch|p1a: Dragonite|Dragonite, M|95\/100\n|move|p2a: Moltres|Flamethrower|p1a: Dragonite\n|-resisted|p1a: Dragonite\n|-damage|p1a: Dragonite|73\/100\n|\n|upkeep\n|turn|25\n|\n|t:|1699889470\n|switch|p1a: Ting-Lu|Ting-Lu|56\/100\n|-ability|p1a: Ting-Lu|Vessel of Ruin\n|move|p2a: Moltres|Will-O-Wisp|p1a: Ting-Lu\n|-status|p1a: Ting-Lu|brn\n|\n|-damage|p1a: Ting-Lu|50\/100 brn|[from] brn\n|upkeep\n|turn|26\n|\n|t:|1699889479\n|move|p2a: Moltres|U-turn|p1a: Ting-Lu\n|-supereffective|p1a: Ting-Lu\n|-crit|p1a: Ting-Lu\n|-damage|p1a: Ting-Lu|27\/100 brn\n|\n|t:|1699889480\n|switch|p2a: Clefable|Clefable, M|77\/100 psn|[from] U-turn\n|move|p1a: Ting-Lu|Spikes|p2a: Clefable\n|-sidestart|p2: OUFC Zam|Spikes\n|\n|-heal|p2a: Clefable|83\/100 psn|[from] item: Leftovers\n|-damage|p1a: Ting-Lu|21\/100 brn|[from] brn\n|upkeep\n|turn|27\n|j| Plplk\n|\n|t:|1699889490\n|switch|p1a: Iron Valiant|Iron Valiant, tera:Fairy|94\/100\n|move|p2a: Clefable|Stealth Rock|p1a: Iron Valiant\n|-sidestart|p1: Saimasseuh v10|move: Stealth Rock\n|\n|-heal|p2a: Clefable|89\/100 psn|[from] item: Leftovers\n|upkeep\n|turn|28\n|j| ratiogod64\n|inactive|OUFC Zam has 90 seconds left.\n|\n|t:|1699889530\n|switch|p2a: Ting-Lu|Ting-Lu|74\/100 psn\n|-damage|p2a: Ting-Lu|67\/100 psn|[from] Stealth Rock\n|-damage|p2a: Ting-Lu|51\/100 psn|[from] Spikes\n|-ability|p2a: Ting-Lu|Vessel of Ruin\n|move|p1a: Iron Valiant|Moonblast|p2a: Ting-Lu\n|-supereffective|p2a: Ting-Lu\n|-damage|p2a: Ting-Lu|0 fnt\n|faint|p2a: Ting-Lu\n|\n|upkeep\n|\n|t:|1699889531\n|switch|p2a: Zamazenta|Zamazenta|100\/100\n|turn|29\n|\n|t:|1699889536\n|-end|p1a: Iron Valiant|Quark Drive|[silent]\n|switch|p1a: Great Tusk|Great Tusk|72\/100\n|-damage|p1a: Great Tusk|69\/100|[from] Stealth Rock\n|move|p2a: Zamazenta|Close Combat|p1a: Great Tusk\n|-crit|p1a: Great Tusk\n|-damage|p1a: Great Tusk|28\/100\n|-unboost|p2a: Zamazenta|def|1\n|-unboost|p2a: Zamazenta|spd|1\n|\n|-heal|p1a: Great Tusk|34\/100|[from] item: Leftovers\n|upkeep\n|turn|30\n|inactive|OUFC Zam has 90 seconds left.\n|\n|t:|1699889559\n|move|p2a: Zamazenta|Close Combat|p1a: Great Tusk\n|-damage|p1a: Great Tusk|7\/100\n|-unboost|p2a: Zamazenta|def|1\n|-unboost|p2a: Zamazenta|spd|1\n|move|p1a: Great Tusk|Rapid Spin|p2a: Zamazenta\n|-damage|p2a: Zamazenta|73\/100\n|-boost|p1a: Great Tusk|spe|1\n|-sideend|p1: Saimasseuh v10|Stealth Rock|[from] move: Rapid Spin|[of] p1a: Great Tusk\n|\n|-heal|p1a: Great Tusk|13\/100|[from] item: Leftovers\n|upkeep\n|turn|31\n|inactive|OUFC Zam has 90 seconds left.\n|\n|t:|1699889583\n|move|p2a: Zamazenta|Close Combat|p1a: Great Tusk\n|-damage|p1a: Great Tusk|0 fnt\n|-unboost|p2a: Zamazenta|def|1\n|-unboost|p2a: Zamazenta|spd|1\n|faint|p1a: Great Tusk\n|-end|p1a: Great Tusk|Protosynthesis|[silent]\n|\n|upkeep\n|\n|t:|1699889586\n|switch|p1a: Gholdengo|Gholdengo|4\/100\n|turn|32\n|inactive|OUFC Zam has 60 seconds left.\n|\n|t:|1699889622\n|switch|p2a: Clefable|Clefable, M|89\/100 psn\n|move|p1a: Gholdengo|Trick|p2a: Clefable\n|-activate|p1a: Gholdengo|move: Trick|[of] p2a: Clefable\n|-item|p2a: Clefable|Choice Scarf|[from] move: Trick\n|-item|p1a: Gholdengo|Leftovers|[from] move: Trick\n|\n|-heal|p1a: Gholdengo|11\/100|[from] item: Leftovers\n|upkeep\n|turn|33\n|inactive|OUFC Zam has 60 seconds left.\n|\n|t:|1699889639\n|move|p1a: Gholdengo|Make It Rain|p2a: Clefable\n|-supereffective|p2a: Clefable\n|-damage|p2a: Clefable|0 fnt\n|-unboost|p1a: Gholdengo|spa|1\n|faint|p2a: Clefable\n|\n|-heal|p1a: Gholdengo|17\/100|[from] item: Leftovers\n|upkeep\n|c| ratiogod64|personally would not let that slide\n|\n|t:|1699889650\n|switch|p2a: Zamazenta|Zamazenta|73\/100\n|turn|34\n|\n|t:|1699889655\n|switch|p1a: Ting-Lu|Ting-Lu|21\/100 brn\n|-ability|p1a: Ting-Lu|Vessel of Ruin\n|move|p2a: Zamazenta|Crunch|p1a: Ting-Lu\n|-resisted|p1a: Ting-Lu\n|-damage|p1a: Ting-Lu|14\/100 brn\n|\n|-damage|p1a: Ting-Lu|8\/100 brn|[from] brn\n|upkeep\n|turn|35\n|inactive|OUFC Zam has 60 seconds left.\n|\n|t:|1699889675\n|move|p2a: Zamazenta|Stone Edge|p1a: Ting-Lu\n|-resisted|p1a: Ting-Lu\n|-damage|p1a: Ting-Lu|0 fnt\n|faint|p1a: Ting-Lu\n|\n|upkeep\n|l| RedSkyAtNight\n|inactive|Saimasseuh v10 has 120 seconds left.\n|inactive|Saimasseuh v10 has 90 seconds left.\n|\n|t:|1699889738\n|switch|p1a: Dragonite|Dragonite, M|73\/100\n|turn|36\n|inactive|OUFC Zam has 60 seconds left.\n|l| iampsykick\n|\n|t:|1699889746\n|move|p2a: Zamazenta|Stone Edge|p1a: Dragonite|[miss]\n|-miss|p2a: Zamazenta|p1a: Dragonite\n|move|p1a: Dragonite|Hurricane|p2a: Zamazenta\n|-supereffective|p2a: Zamazenta\n|-damage|p2a: Zamazenta|8\/100\n|\n|upkeep\n|turn|37\n|j| Cielau Top Player\n|inactive|OUFC Zam has 60 seconds left.\n|\n|t:|1699889773\n|switch|p2a: Moltres|Moltres|84\/100\n|move|p1a: Dragonite|Extreme Speed|p2a: Moltres\n|-damage|p2a: Moltres|64\/100\n|-status|p1a: Dragonite|brn|[from] ability: Flame Body|[of] p2a: Moltres\n|\n|-damage|p1a: Dragonite|67\/100 brn|[from] brn\n|upkeep\n|turn|38\n|\n|t:|1699889783\n|move|p1a: Dragonite|Hurricane|p2a: Moltres|[miss]\n|-miss|p1a: Dragonite|p2a: Moltres\n|move|p2a: Moltres|Roost|p2a: Moltres\n|-heal|p2a: Moltres|100\/100\n|-singleturn|p2a: Moltres|move: Roost\n|\n|-damage|p1a: Dragonite|61\/100 brn|[from] brn\n|upkeep\n|turn|39\n|\n|t:|1699889804\n|move|p1a: Dragonite|Hurricane|p2a: Moltres\n|-damage|p2a: Moltres|59\/100\n|move|p2a: Moltres|Flamethrower|p1a: Dragonite\n|-resisted|p1a: Dragonite\n|-damage|p1a: Dragonite|40\/100 brn\n|\n|-damage|p1a: Dragonite|33\/100 brn|[from] brn\n|upkeep\n|turn|40\n|j| iampsykick\n|j| TGsvdQWQ\n|\n|t:|1699889822\n|switch|p1a: Gholdengo|Gholdengo|17\/100\n|move|p2a: Moltres|U-turn|p1a: Gholdengo\n|-resisted|p1a: Gholdengo\n|-damage|p1a: Gholdengo|13\/100\n|\n|t:|1699889827\n|switch|p2a: Zamazenta|Zamazenta|8\/100|[from] U-turn\n|\n|-heal|p1a: Gholdengo|19\/100|[from] item: Leftovers\n|upkeep\n|turn|41\n|\n|t:|1699889847\n|move|p2a: Zamazenta|Crunch|p1a: Gholdengo\n|-supereffective|p1a: Gholdengo\n|-damage|p1a: Gholdengo|0 fnt\n|faint|p1a: Gholdengo\n|\n|upkeep\n|\n|t:|1699889848\n|switch|p1a: Dragonite|Dragonite, M|33\/100 brn\n|turn|42\n|j| Domain Expan$ion\n|l| Domain Expan$ion\n|l| TGsvdQWQ\n|inactive|OUFC Zam has 30 seconds left.\n|inactive|OUFC Zam has 20 seconds left.\n|j| illuzionist test\n|\n|t:|1699889885\n|switch|p1a: Iron Valiant|Iron Valiant, tera:Fairy|94\/100\n|move|p2a: Zamazenta|Heavy Slam|p1a: Iron Valiant\n|-supereffective|p1a: Iron Valiant\n|-damage|p1a: Iron Valiant|0 fnt\n|faint|p1a: Iron Valiant\n|-end|p1a: Iron Valiant|Quark Drive|[silent]\n|\n|upkeep\n|inactive|OUFC Zam has 25 seconds left this turn.\n|\n|t:|1699889890\n|switch|p1a: Dragonite|Dragonite, M|33\/100 brn\n|turn|43\n|inactive|OUFC Zam has 30 seconds left.\n|\n|t:|1699889898\n|move|p1a: Dragonite|Extreme Speed|p2a: Zamazenta\n|-damage|p2a: Zamazenta|0 fnt\n|faint|p2a: Zamazenta\n|\n|-damage|p1a: Dragonite|27\/100 brn|[from] brn\n|upkeep\n|j| tapu moxo\n|\n|t:|1699889900\n|switch|p2a: Moltres|Moltres|59\/100\n|turn|44\n|\n|t:|1699889910\n|move|p1a: Dragonite|Hurricane|p2a: Moltres|[miss]\n|-miss|p1a: Dragonite|p2a: Moltres\n|move|p2a: Moltres|Roost|p2a: Moltres\n|-heal|p2a: Moltres|100\/100\n|-singleturn|p2a: Moltres|move: Roost\n|\n|-damage|p1a: Dragonite|21\/100 brn|[from] brn\n|upkeep\n|turn|45\n|\n|t:|1699889912\n|move|p1a: Dragonite|Hurricane|p2a: Moltres\n|-damage|p2a: Moltres|59\/100\n|-start|p2a: Moltres|confusion\n|-activate|p2a: Moltres|confusion\n|-damage|p2a: Moltres|53\/100|[from] confusion\n|\n|-damage|p1a: Dragonite|15\/100 brn|[from] brn\n|upkeep\n|turn|46\n|c|\u2606OUFC Zam|oh no\n|\n|t:|1699889921\n|move|p1a: Dragonite|Hurricane|p2a: Moltres\n|-damage|p2a: Moltres|11\/100\n|-activate|p2a: Moltres|confusion\n|-damage|p2a: Moltres|4\/100|[from] confusion\n|\n|-damage|p1a: Dragonite|9\/100 brn|[from] brn\n|upkeep\n|turn|47\n|c|\u2606OUFC Zam|fuck\n|inactive|OUFC Zam has 60 seconds left.\n|j| RedSkyAtNight\n|\n|t:|1699889937\n|move|p1a: Dragonite|Extreme Speed|p2a: Moltres\n|-damage|p2a: Moltres|0 fnt\n|faint|p2a: Moltres\n|\n|win|Saimasseuh v10\n|raw|Saimasseuh v10's rating: 1912 &rarr; <strong>1935<\/strong><br \/>(+23 for winning)\n|raw|OUFC Zam's rating: 1958 &rarr; <strong>1935<\/strong><br \/>(-23 for losing)\n|l|\u2606Saimasseuh v10\n|l| RedSkyAtNight\n|l| Romano RPPLF\n|l| Plplk\n|j| TGsvdQWQ\n|l| TGsvdQWQ\n|j| MyBALLstiff\n","uploadtime":1699889965,"views":25,"p1id":"saimasseuhv10","p2id":"oufczam","formatid":"gen9ou","rating":1935,"private":0,"password":""}