{"id":"gen9ou-1994392848","p1":"TeaBooker","p2":"spookydepot","format":"[Gen 9] OU","log":"|j|\u2606TeaBooker\n|j|\u2606spookydepot\n|t:|1700438743\n|gametype|singles\n|player|p1|TeaBooker|ash-kalos|\n|player|p2|spookydepot|rocketgruntf|\n|teamsize|p1|6\n|teamsize|p2|6\n|gen|9\n|tier|[Gen 9] OU\n|rule|Sleep Clause Mod: Limit one foe put to sleep\n|rule|Species Clause: Limit one of each Pok\u00e9mon\n|rule|OHKO Clause: OHKO moves are banned\n|rule|Evasion Items Clause: Evasion items are banned\n|rule|Evasion Moves Clause: Evasion moves are banned\n|rule|Endless Battle Clause: Forcing endless battles is banned\n|rule|HP Percentage Mod: HP is shown in percentages\n|clearpoke\n|poke|p1|Walking Wake|\n|poke|p1|Gastrodon, M|\n|poke|p1|Electrode-Hisui|\n|poke|p1|Delibird, F|\n|poke|p1|Weavile, F|\n|poke|p1|Overqwil, F|\n|poke|p2|Corviknight, M|\n|poke|p2|Salamence, M|\n|poke|p2|Tinkatuff, F|\n|poke|p2|Tyranitar, M|\n|poke|p2|Slowbro, F|\n|poke|p2|Arcanine, M|\n|teampreview\n|inactive|Battle timer is ON: inactive players will automatically lose when time's up. (requested by TeaBooker)\n|j| Underrated Battler\n|j| RujandoruX\n|j| Damien Leruss\n|j| schmoepesci\n|c| RujandoruX|glhf\n|j| screencheaters\n|c|\u2606TeaBooker|Glhf\n|inactiveoff|Battle timer is now OFF.\n|c|\u2606spookydepot|glhf\n|c|\u2606spookydepot|the way i forgot everything jeff told me\n|\n|t:|1700438792\n|start\n|switch|p1a: Electrode|Electrode-Hisui|100\/100\n|switch|p2a: Carl|Corviknight, M|100\/100\n|turn|1\n|\n|t:|1700438812\n|move|p1a: Electrode|Volt Switch|p2a: Carl\n|-supereffective|p2a: Carl\n|-damage|p2a: Carl|51\/100\n|-damage|p1a: Electrode|91\/100|[from] item: Life Orb\n|\n|t:|1700438817\n|switch|p1a: Overqwil|Overqwil, F|100\/100|[from] Volt Switch\n|-ability|p1a: Overqwil|Intimidate|boost\n|-ability|p2a: Carl|Mirror Armor\n|-unboost|p1a: Overqwil|atk|1\n|move|p2a: Carl|U-turn|p1a: Overqwil\n|-damage|p1a: Overqwil|87\/100\n|-damage|p2a: Carl|34\/100|[from] item: Rocky Helmet|[of] p1a: Overqwil\n|\n|t:|1700438855\n|switch|p2a: Paul|Tyranitar, M|100\/100|[from] U-turn\n|-weather|Sandstorm|[from] ability: Sand Stream|[of] p2a: Paul\n|\n|-weather|Sandstorm|[upkeep]\n|-damage|p1a: Overqwil|81\/100|[from] Sandstorm\n|upkeep\n|turn|2\n|\n|t:|1700438901\n|move|p1a: Overqwil|Taunt|p2a: Paul\n|-start|p2a: Paul|move: Taunt\n|move|p2a: Paul|Knock Off|p1a: Overqwil\n|-resisted|p1a: Overqwil\n|-damage|p1a: Overqwil|52\/100\n|-damage|p2a: Paul|84\/100|[from] item: Rocky Helmet|[of] p1a: Overqwil\n|-enditem|p1a: Overqwil|Rocky Helmet|[from] move: Knock Off|[of] p2a: Paul\n|\n|-weather|Sandstorm|[upkeep]\n|-damage|p1a: Overqwil|46\/100|[from] Sandstorm\n|upkeep\n|turn|3\n|c|\u2606spookydepot|damn wtf does taunt do\n|c| Underrated Battler|it dont matter rn\n|\n|t:|1700438947\n|move|p1a: Overqwil|Destiny Bond|p1a: Overqwil\n|-singlemove|p1a: Overqwil|Destiny Bond\n|move|p2a: Paul|Earthquake|p1a: Overqwil\n|-supereffective|p1a: Overqwil\n|-damage|p1a: Overqwil|0 fnt\n|faint|p1a: Overqwil\n|-activate|p1a: Overqwil|move: Destiny Bond\n|faint|p2a: Paul\n|\n|-weather|Sandstorm|[upkeep]\n|upkeep\n|c| Underrated Battler|data taunt micol\n|c| RujandoruX|wow\n|c|\u2606spookydepot|wow\n|c| Damien Leruss|wow\n|c|\u2606spookydepot|fuck\n|c| Underrated Battler|do forward slash data for anything you dont know\n|\n|t:|1700438977\n|switch|p1a: Electrode|Electrode-Hisui|91\/100\n|switch|p2a: Tinkatuff|Tinkatuff, F|100\/100\n|turn|4\n|\n|t:|1700438984\n|move|p1a: Electrode|Taunt|p2a: Tinkatuff\n|-start|p2a: Tinkatuff|move: Taunt\n|move|p2a: Tinkatuff|Knock Off|p1a: Electrode\n|-damage|p1a: Electrode|58\/100\n|-enditem|p1a: Electrode|Life Orb|[from] move: Knock Off|[of] p2a: Tinkatuff\n|\n|-weather|Sandstorm|[upkeep]\n|-damage|p1a: Electrode|52\/100|[from] Sandstorm\n|upkeep\n|turn|5\n|\n|t:|1700439029\n|switch|p2a: Toby|Arcanine, M|100\/100\n|-ability|p2a: Toby|Intimidate|boost\n|-unboost|p1a: Electrode|atk|1\n|move|p1a: Electrode|Leech Seed|p2a: Toby|[miss]\n|-miss|p1a: Electrode|p2a: Toby\n|\n|-weather|none\n|upkeep\n|turn|6\n|\n|t:|1700439060\n|move|p1a: Electrode|Volt Switch|p2a: Toby\n|-damage|p2a: Toby|76\/100\n|\n|t:|1700439063\n|switch|p1a: Gastrodon|Gastrodon, M|100\/100|[from] Volt Switch\n|move|p2a: Toby|Flare Blitz|p1a: Gastrodon\n|-resisted|p1a: Gastrodon\n|-damage|p1a: Gastrodon|75\/100\n|-damage|p2a: Toby|59\/100|[from] item: Rocky Helmet|[of] p1a: Gastrodon\n|-damage|p2a: Toby|50\/100|[from] Recoil\n|\n|upkeep\n|turn|7\n|c|\u2606spookydepot|i shoulda checked bros speed man wow\n|\n|t:|1700439104\n|move|p1a: Gastrodon|Earth Power|p2a: Toby\n|-supereffective|p2a: Toby\n|-damage|p2a: Toby|0 fnt\n|faint|p2a: Toby\n|\n|upkeep\n|c|\u2606spookydepot|:o\n|c|\u2606TeaBooker|Why did I move first\n|c| Underrated Battler|:0\n|c|\u2606TeaBooker|Roar? Don't tell me\n|c|\u2606TeaBooker|But that had to be it\n|c| Underrated Battler|franklin is baffled\n|c|\u2606spookydepot|tbh im just gonna click things\n|\n|t:|1700439175\n|switch|p2a: Gen|Salamence, M, shiny|100\/100\n|turn|8\n|\n|t:|1700439184\n|move|p2a: Gen|Dragon Claw|p1a: Gastrodon\n|-damage|p1a: Gastrodon|33\/100\n|-damage|p2a: Gen|84\/100|[from] item: Rocky Helmet|[of] p1a: Gastrodon\n|move|p1a: Gastrodon|Yawn|p2a: Gen\n|-start|p2a: Gen|move: Yawn|[of] p1a: Gastrodon\n|\n|upkeep\n|turn|9\n|\n|t:|1700439196\n|move|p2a: Gen|Dragon Claw|p1a: Gastrodon\n|-damage|p1a: Gastrodon|0 fnt\n|-damage|p2a: Gen|67\/100|[from] item: Rocky Helmet|[of] p1a: Gastrodon\n|faint|p1a: Gastrodon\n|-ability|p2a: Gen|Moxie|boost\n|-boost|p2a: Gen|atk|1\n|\n|-end|p2a: Gen|move: Yawn|[silent]\n|-status|p2a: Gen|slp\n|upkeep\n|\n|t:|1700439212\n|switch|p1a: Weavile|Weavile, F|100\/100\n|-ability|p1a: Weavile|Pressure\n|turn|10\n|c|\u2606spookydepot|he slept the old man\n|\n|t:|1700439237\n|switch|p2a: Carl|Corviknight, M|34\/100\n|move|p1a: Weavile|Knock Off|p2a: Carl\n|-damage|p2a: Carl|0 fnt\n|-enditem|p2a: Carl|Heavy-Duty Boots|[from] move: Knock Off|[of] p1a: Weavile\n|faint|p2a: Carl\n|\n|upkeep\n|c|\u2606TeaBooker|You're doing pretty good\n|\n|t:|1700439276\n|switch|p2a: Tinkatuff|Tinkatuff, F|100\/100\n|turn|11\n|\n|t:|1700439324\n|switch|p1a: Electrode|Electrode-Hisui|52\/100\n|move|p2a: Tinkatuff|Brick Break|p1a: Electrode\n|-damage|p1a: Electrode|30\/100\n|\n|upkeep\n|turn|12\n|\n|t:|1700439336\n|move|p1a: Electrode|Leech Seed|p2a: Tinkatuff|[miss]\n|-miss|p1a: Electrode|p2a: Tinkatuff\n|move|p2a: Tinkatuff|Stealth Rock|p1a: Electrode\n|-sidestart|p1: TeaBooker|move: Stealth Rock\n|\n|upkeep\n|turn|13\n|c| RujandoruX|THE ROCKS\n|c| Underrated Battler|THE ROCKS\n|c| schmoepesci|stealthy\n|c|\u2606TeaBooker|Mm\n|c|\u2606TeaBooker|Good shit\n|c|\u2606spookydepot|my fault my dad just walked in\n|c|\u2606spookydepot|whats going on?\n|c| screencheaters|lol\n|c| RujandoruX|continue to cook bro\n|c| Underrated Battler|bro is an idiot\n|c| screencheaters|whos playing rn\n|c| Underrated Battler|Micol and Franklin\n|c| RujandoruX|Be proud. You are strong.\n|c| screencheaters|dirty diana nooo\n|c| RujandoruX|they in deep thought\n|l| schmoepesci\n|c| Underrated Battler|these guys are silly\n|c| Underrated Battler|close ur eyes and click\n|\n|t:|1700439484\n|switch|p2a: Gen|Salamence, M, shiny|67\/100 slp\n|move|p1a: Electrode|Leech Seed|p2a: Gen\n|-start|p2a: Gen|move: Leech Seed\n|\n|-damage|p2a: Gen|55\/100 slp|[from] Leech Seed|[of] p1a: Electrode\n|-heal|p1a: Electrode|42\/100|[silent]\n|upkeep\n|turn|14\n|c| screencheaters|aint sh to think about. start sluggin\n|j| schmoepesci\n|\n|t:|1700439526\n|cant|p2a: Gen|slp\n|move|p1a: Electrode|Reflect|p1a: Electrode\n|-sidestart|p1: TeaBooker|Reflect\n|\n|-damage|p2a: Gen|42\/100 slp|[from] Leech Seed|[of] p1a: Electrode\n|-heal|p1a: Electrode|55\/100|[silent]\n|upkeep\n|turn|15\n|c|\u2606TeaBooker|Oh it's scarfed\n|c|\u2606TeaBooker|Good to know\n|c|\u2606spookydepot|i forgot this man was asleep\n|c|\u2606spookydepot|does that shit last forever\n|c|\u2606TeaBooker|No\n|c| RujandoruX|HAAHAHAHAAAA\n|c|\u2606TeaBooker|Three turns is the max and you can wake up any time before that\n|\n|t:|1700439583\n|switch|p2a: Tinkatuff|Tinkatuff, F|100\/100\n|move|p1a: Electrode|Leech Seed|p2a: Tinkatuff|[miss]\n|-miss|p1a: Electrode|p2a: Tinkatuff\n|\n|upkeep\n|turn|16\n|n| Underrated Battler|underratedbattler\n|c|\u2606TeaBooker|Holy shit\n|c| schmoepesci|tinkatuff is neo\n|c|\u2606TeaBooker|Stop missing\n|n| Underrated Battler|underratedbattler\n|c|\u2606spookydepot|im genuinely fried rn\n|\n|t:|1700439633\n|move|p1a: Electrode|Leech Seed|p2a: Tinkatuff\n|-start|p2a: Tinkatuff|move: Leech Seed\n|move|p2a: Tinkatuff|Thunder Wave|p1a: Electrode\n|-immune|p1a: Electrode\n|\n|-damage|p2a: Tinkatuff|88\/100|[from] Leech Seed|[of] p1a: Electrode\n|-heal|p1a: Electrode|67\/100|[silent]\n|upkeep\n|turn|17\n|c| RujandoruX|you are fried\n|c|\u2606spookydepot|wow i read that wrong\n|c|\u2606spookydepot|ignore that i just did\n|j| elseworlda\n|\n|t:|1700439658\n|move|p1a: Electrode|Taunt|p2a: Tinkatuff\n|-start|p2a: Tinkatuff|move: Taunt\n|move|p2a: Tinkatuff|Brick Break|p1a: Electrode\n|-sideend|p1: TeaBooker|Reflect\n|-damage|p1a: Electrode|44\/100\n|\n|-damage|p2a: Tinkatuff|76\/100|[from] Leech Seed|[of] p1a: Electrode\n|-heal|p1a: Electrode|57\/100|[silent]\n|upkeep\n|turn|18\n|\n|t:|1700439674\n|switch|p1a: Walking Wake|Walking Wake|100\/100\n|-damage|p1a: Walking Wake|88\/100|[from] Stealth Rock\n|-enditem|p1a: Walking Wake|Booster Energy\n|-activate|p1a: Walking Wake|ability: Protosynthesis|[fromitem]\n|-start|p1a: Walking Wake|protosynthesisspa\n|move|p2a: Tinkatuff|Brick Break|p1a: Walking Wake\n|-damage|p1a: Walking Wake|69\/100\n|\n|-damage|p2a: Tinkatuff|64\/100|[from] Leech Seed|[of] p1a: Walking Wake\n|-heal|p1a: Walking Wake|81\/100|[silent]\n|upkeep\n|turn|19\n|\n|t:|1700439708\n|switch|p2a: Gen|Salamence, M, shiny|42\/100 slp\n|move|p1a: Walking Wake|Agility|p1a: Walking Wake\n|-boost|p1a: Walking Wake|spe|2\n|\n|upkeep\n|turn|20\n|c| elseworlda|this match sure has been something\n|c| elseworlda|peep this revelation dance\n|c| Underrated Battler|:(\n|\n|t:|1700439762\n|move|p1a: Walking Wake|Dragon Pulse|p2a: Gen\n|-supereffective|p2a: Gen\n|-damage|p2a: Gen|0 fnt\n|faint|p2a: Gen\n|\n|upkeep\n|\n|t:|1700439775\n|switch|p2a: Nicky|Slowbro, F|100\/100\n|turn|21\n|\n|t:|1700439780\n|move|p1a: Walking Wake|Dragon Pulse|p2a: Nicky\n|-damage|p2a: Nicky|57\/100\n|move|p2a: Nicky|Thunder Wave|p1a: Walking Wake\n|-status|p1a: Walking Wake|par\n|\n|-heal|p2a: Nicky|63\/100|[from] item: Leftovers\n|upkeep\n|turn|22\n|\n|t:|1700439818\n|cant|p1a: Walking Wake|par\n|move|p2a: Nicky|Scald|p1a: Walking Wake\n|-resisted|p1a: Walking Wake\n|-damage|p1a: Walking Wake|73\/100 par\n|\n|-heal|p2a: Nicky|69\/100|[from] item: Leftovers\n|upkeep\n|turn|23\n|c|\u2606TeaBooker|Didn't know that thing even got t wave\n|c|\u2606spookydepot|i wish that burned\n|c| RujandoruX|cant have two statuses\n|c| Underrated Battler|you cant have 2-\n|c| RujandoruX|cant burn\n|c| Underrated Battler|yeah\n|c|\u2606spookydepot|oh fr\n|c| elseworlda|69%\n|c| elseworlda|nice\n|c|\u2606spookydepot|oops\n|\n|t:|1700439858\n|switch|p2a: Tinkatuff|Tinkatuff, F|64\/100\n|cant|p1a: Walking Wake|par\n|\n|upkeep\n|turn|24\n|c| RujandoruX|rm the last thing u learned bro\n|c| elseworlda|t wave it again\n|c| schmoepesci|dont do that\n|c| elseworlda|do it for the lolz\n|c| Underrated Battler|do exactly that\n|c|\u2606spookydepot|i do not rm the last thing i learned man\n|c| screencheaters|stealth rock again to add more rocks\n|c|\u2606spookydepot|are you fuckers lying to me\n|c| RujandoruX|they are\n|c|\u2606spookydepot|dont take advantage of my ignorance\n|c| elseworlda|yes\n|c|\u2606TeaBooker|Y'all suck\n|c| screencheaters|i was messing w you mic\n|c| screencheaters|sorry\n|c|\u2606TeaBooker|Micol just attack\n|c| Underrated Battler|in any case micol, remember what we said before the battle\n|c| elseworlda|don't t wave again. that would be TERAble\n|c| screencheaters|mid set coaching!!!\n|\n|t:|1700439969\n|-terastallize|p2a: Tinkatuff|Fairy\n|move|p1a: Walking Wake|Flamethrower|p2a: Tinkatuff\n|-damage|p2a: Tinkatuff|26\/100\n|move|p2a: Tinkatuff|Brick Break|p1a: Walking Wake\n|-damage|p1a: Walking Wake|54\/100 par\n|\n|upkeep\n|turn|25\n|c| elseworlda|idk what you talking about. I'm just commenting on the situation\n|c| screencheaters|LMAO\n|c| schmoepesci|my head is in my hands rn\n|c| RujandoruX|wow\n|c| RujandoruX|GG\n|c| RujandoruX|roy sold\n|c| Underrated Battler|ROY SOLD\n|c| schmoepesci|beat roy ass rn\n|c|\u2606TeaBooker|Roy sold\n|c| RujandoruX|told bro to tera as tinkatuff\n|c|\u2606spookydepot|oh thats not why i did that\n|c| elseworlda|see? not my fault fuckers\n|c|\u2606spookydepot|i couldnt rm what the last thing i learned was bruh\n|c| screencheaters|x\n|c| Underrated Battler|how convinient\n|\n|t:|1700440046\n|switch|p2a: Nicky|Slowbro, F|100\/100\n|cant|p1a: Walking Wake|par\n|\n|upkeep\n|turn|26\n|c| RujandoruX|go win bro\n|\n|t:|1700440073\n|move|p1a: Walking Wake|Dragon Pulse|p2a: Nicky\n|-damage|p2a: Nicky|53\/100\n|move|p2a: Nicky|Ice Beam|p1a: Walking Wake\n|-damage|p1a: Walking Wake|29\/100 par\n|\n|-heal|p2a: Nicky|59\/100|[from] item: Leftovers\n|upkeep\n|turn|27\n|\n|t:|1700440082\n|move|p1a: Walking Wake|Hydro Steam|p2a: Nicky\n|-resisted|p2a: Nicky\n|-damage|p2a: Nicky|38\/100\n|move|p2a: Nicky|Slack Off|p2a: Nicky\n|-heal|p2a: Nicky|88\/100\n|\n|-heal|p2a: Nicky|94\/100|[from] item: Leftovers\n|upkeep\n|turn|28\n|c| elseworlda|YESSIR\n|\n|t:|1700440091\n|move|p1a: Walking Wake|Dragon Pulse|p2a: Nicky\n|-damage|p2a: Nicky|53\/100\n|move|p2a: Nicky|Ice Beam|p1a: Walking Wake\n|-damage|p1a: Walking Wake|6\/100 par\n|\n|-heal|p2a: Nicky|59\/100|[from] item: Leftovers\n|upkeep\n|turn|29\n|\n|t:|1700440099\n|cant|p1a: Walking Wake|par\n|move|p2a: Nicky|Slack Off|p2a: Nicky\n|-heal|p2a: Nicky|100\/100\n|\n|upkeep\n|turn|30\n|\n|t:|1700440104\n|move|p1a: Walking Wake|Dragon Pulse|p2a: Nicky\n|-damage|p2a: Nicky|54\/100\n|move|p2a: Nicky|Ice Beam|p1a: Walking Wake\n|-damage|p1a: Walking Wake|0 fnt\n|faint|p1a: Walking Wake\n|-end|p1a: Walking Wake|Protosynthesis|[silent]\n|\n|-heal|p2a: Nicky|60\/100|[from] item: Leftovers\n|upkeep\n|c| schmoepesci|send out delibird\n|\n|t:|1700440116\n|switch|p1a: Weavile|Weavile, F|100\/100\n|-damage|p1a: Weavile|76\/100|[from] Stealth Rock\n|-ability|p1a: Weavile|Pressure\n|turn|31\n|c| RujandoruX|bro learned how to play defense\n|c|\u2606TeaBooker|That was really good\n|\n|t:|1700440133\n|move|p1a: Weavile|Knock Off|p2a: Nicky\n|-supereffective|p2a: Nicky\n|-damage|p2a: Nicky|0 fnt\n|-enditem|p2a: Nicky|Leftovers|[from] move: Knock Off|[of] p1a: Weavile\n|faint|p2a: Nicky\n|\n|upkeep\n|\n|t:|1700440138\n|switch|p2a: Tinkatuff|Tinkatuff, F, tera:Fairy|26\/100\n|turn|32\n|c| RujandoruX|gg\n|\n|t:|1700440143\n|move|p1a: Weavile|Knock Off|p2a: Tinkatuff\n|-resisted|p2a: Tinkatuff\n|-damage|p2a: Tinkatuff|0 fnt\n|-enditem|p2a: Tinkatuff|Eviolite|[from] move: Knock Off|[of] p1a: Weavile\n|faint|p2a: Tinkatuff\n|\n|win|TeaBooker\n|c|\u2606TeaBooker|Gg\n|c| screencheaters|good job mix\n|c| screencheaters|mic\n|c|\u2606spookydepot|gg\n|c|\u2606spookydepot|none of yall talk to me\n|l|\u2606spookydepot\n|c| schmoepesci|truly beautiful\n","uploadtime":1700440167,"views":13,"p1id":"teabooker","p2id":"spookydepot","formatid":"gen9ou","rating":0,"private":0,"password":""}