{"id":"gen9ou-1997151359","p1":"SeniaKC","p2":"ranvir2106","format":"[Gen 9] OU","log":"|j|\u2606SeniaKC\n|j|\u2606ranvir2106\n|t:|1700769721\n|gametype|singles\n|player|p1|SeniaKC|bianca-pwt|1486\n|player|p2|ranvir2106|benga|1434\n|teamsize|p1|6\n|teamsize|p2|6\n|gen|9\n|tier|[Gen 9] OU\n|rated|\n|rule|Sleep Clause Mod: Limit one foe put to sleep\n|rule|Species Clause: Limit one of each Pok\u00e9mon\n|rule|OHKO Clause: OHKO moves are banned\n|rule|Evasion Items Clause: Evasion items are banned\n|rule|Evasion Moves Clause: Evasion moves are banned\n|rule|Endless Battle Clause: Forcing endless battles is banned\n|rule|HP Percentage Mod: HP is shown in percentages\n|clearpoke\n|poke|p1|Ribombee, F|\n|poke|p1|Cinderace, F|\n|poke|p1|Clefable, M|\n|poke|p1|Clodsire, F|\n|poke|p1|Zapdos|\n|poke|p1|Ogerpon-Wellspring, F|\n|poke|p2|Lilligant-Hisui, F|\n|poke|p2|Ninetales-Alola, F|\n|poke|p2|Ting-Lu|\n|poke|p2|Iron Valiant|\n|poke|p2|Gholdengo|\n|poke|p2|Quaquaval, F|\n|teampreview\n|inactive|Battle timer is ON: inactive players will automatically lose when time's up. (requested by ranvir2106)\n|inactive|SeniaKC also wants the timer to be on.\n|j| BobbyTheFool\n|inactive|SeniaKC has 120 seconds left.\n|\n|t:|1700769752\n|start\n|switch|p1a: Cinderace|Cinderace, F|100\/100\n|switch|p2a: lui - 13|Ting-Lu|100\/100\n|-ability|p2a: lui - 13|Vessel of Ruin\n|turn|1\n|\n|t:|1700769763\n|move|p1a: Cinderace|Low Kick|p2a: lui - 13\n|-start|p1a: Cinderace|typechange|Fighting|[from] ability: Libero\n|-supereffective|p2a: lui - 13\n|-damage|p2a: lui - 13|53\/100\n|move|p2a: lui - 13|Stealth Rock|p1a: Cinderace\n|-sidestart|p1: SeniaKC|move: Stealth Rock\n|\n|-heal|p2a: lui - 13|59\/100|[from] item: Leftovers\n|upkeep\n|turn|2\n|\n|t:|1700769771\n|move|p1a: Cinderace|Low Kick|p2a: lui - 13\n|-supereffective|p2a: lui - 13\n|-crit|p2a: lui - 13\n|-damage|p2a: lui - 13|0 fnt\n|faint|p2a: lui - 13\n|\n|upkeep\n|\n|t:|1700769788\n|switch|p2a: duck|Quaquaval, F|100\/100\n|turn|3\n|\n|t:|1700769794\n|move|p1a: Cinderace|U-turn|p2a: duck\n|-resisted|p2a: duck\n|-damage|p2a: duck|86\/100\n|\n|t:|1700769797\n|switch|p1a: Ogerpon|Ogerpon-Wellspring, F|100\/100|[from] U-turn\n|-damage|p1a: Ogerpon|88\/100|[from] Stealth Rock\n|move|p2a: duck|Aqua Step|p1a: Ogerpon\n|-heal|p1a: Ogerpon|100\/100|[from] ability: Water Absorb|[of] p2a: duck\n|\n|upkeep\n|turn|4\n|\n|t:|1700769805\n|switch|p2a: MISS Hisui|Lilligant-Hisui, F|100\/100\n|move|p1a: Ogerpon|U-turn|p2a: MISS Hisui\n|-damage|p2a: MISS Hisui|54\/100\n|\n|t:|1700769828\n|switch|p1a: Cinderace|Cinderace, F|100\/100|[from] U-turn\n|\n|upkeep\n|turn|5\n|\n|t:|1700769840\n|move|p1a: Cinderace|Pyro Ball|p2a: MISS Hisui\n|-supereffective|p2a: MISS Hisui\n|-damage|p2a: MISS Hisui|0 fnt\n|faint|p2a: MISS Hisui\n|\n|upkeep\n|\n|t:|1700769846\n|switch|p2a: duck|Quaquaval, F|86\/100\n|turn|6\n|\n|t:|1700769849\n|move|p1a: Cinderace|U-turn|p2a: duck\n|-start|p1a: Cinderace|typechange|Bug|[from] ability: Libero\n|-resisted|p2a: duck\n|-damage|p2a: duck|65\/100\n|\n|t:|1700769864\n|switch|p1a: Ogerpon|Ogerpon-Wellspring, F|100\/100|[from] U-turn\n|-damage|p1a: Ogerpon|88\/100|[from] Stealth Rock\n|move|p2a: duck|Rapid Spin|p1a: Ogerpon\n|-damage|p1a: Ogerpon|66\/100\n|-boost|p2a: duck|spe|1\n|\n|upkeep\n|turn|7\n|l| BobbyTheFool\n|\n|t:|1700769877\n|move|p2a: duck|Close Combat|p1a: Ogerpon\n|-damage|p1a: Ogerpon|0 fnt\n|-unboost|p2a: duck|def|1\n|-unboost|p2a: duck|spd|1\n|faint|p1a: Ogerpon\n|-ability|p2a: duck|Moxie|boost\n|-boost|p2a: duck|atk|1\n|\n|upkeep\n|\n|t:|1700769886\n|switch|p1a: Zapdos|Zapdos|100\/100\n|-ability|p1a: Zapdos|Pressure\n|turn|8\n|\n|t:|1700769892\n|switch|p2a: furrybait|Ninetales-Alola, F|100\/100\n|-weather|Snow|[from] ability: Snow Warning|[of] p2a: furrybait\n|move|p1a: Zapdos|Volt Switch|p2a: furrybait\n|-damage|p2a: furrybait|64\/100\n|\n|t:|1700769899\n|switch|p1a: Cinderace|Cinderace, F|100\/100|[from] Volt Switch\n|\n|-weather|Snow|[upkeep]\n|upkeep\n|turn|9\n|\n|t:|1700769904\n|switch|p2a: duck|Quaquaval, F|65\/100\n|move|p1a: Cinderace|Pyro Ball|p2a: duck\n|-resisted|p2a: duck\n|-damage|p2a: duck|28\/100\n|-status|p2a: duck|brn\n|\n|-weather|Snow|[upkeep]\n|-damage|p2a: duck|22\/100 brn|[from] brn\n|upkeep\n|turn|10\n|\n|t:|1700769915\n|move|p1a: Cinderace|Pyro Ball|p2a: duck\n|-resisted|p2a: duck\n|-damage|p2a: duck|0 fnt\n|faint|p2a: duck\n|\n|-weather|Snow|[upkeep]\n|upkeep\n|\n|t:|1700769920\n|switch|p2a: furrybait|Ninetales-Alola, F|64\/100\n|turn|11\n|\n|t:|1700769934\n|-terastallize|p2a: furrybait|Water\n|move|p1a: Cinderace|Pyro Ball|p2a: furrybait\n|-resisted|p2a: furrybait\n|-damage|p2a: furrybait|30\/100\n|move|p2a: furrybait|Aurora Veil|p2a: furrybait\n|-sidestart|p2: ranvir2106|move: Aurora Veil\n|\n|-weather|Snow|[upkeep]\n|upkeep\n|turn|12\n|\n|t:|1700769942\n|move|p1a: Cinderace|Pyro Ball|p2a: furrybait\n|-resisted|p2a: furrybait\n|-damage|p2a: furrybait|11\/100\n|move|p2a: furrybait|Aurora Veil||[still]\n|-fail|p2a: furrybait\n|\n|-weather|none\n|upkeep\n|turn|13\n|\n|t:|1700769954\n|switch|p2a: blade|Iron Valiant|100\/100\n|-enditem|p2a: blade|Booster Energy\n|-activate|p2a: blade|ability: Quark Drive|[fromitem]\n|-start|p2a: blade|quarkdrivespe\n|move|p1a: Cinderace|U-turn|p2a: blade\n|-start|p1a: Cinderace|typechange|Bug|[from] ability: Libero\n|-resisted|p2a: blade\n|-damage|p2a: blade|95\/100\n|\n|t:|1700769967\n|switch|p1a: Zapdos|Zapdos|100\/100|[from] U-turn\n|-ability|p1a: Zapdos|Pressure\n|\n|upkeep\n|turn|14\n|\n|t:|1700769974\n|move|p2a: blade|Moonblast|p1a: Zapdos\n|-damage|p1a: Zapdos|47\/100\n|-unboost|p1a: Zapdos|spa|1\n|move|p1a: Zapdos|Hurricane|p2a: blade\n|-supereffective|p2a: blade\n|-damage|p2a: blade|33\/100\n|\n|upkeep\n|turn|15\n|\n|t:|1700769987\n|move|p2a: blade|Moonblast|p1a: Zapdos\n|-damage|p1a: Zapdos|0 fnt\n|faint|p1a: Zapdos\n|\n|upkeep\n|inactive|SeniaKC has 120 seconds left.\n|\n|t:|1700770020\n|switch|p1a: Ribombee|Ribombee, F|100\/100\n|-damage|p1a: Ribombee|76\/100|[from] Stealth Rock\n|turn|16\n|inactive|SeniaKC has 120 seconds left.\n|\n|t:|1700770028\n|move|p2a: blade|Moonblast|p1a: Ribombee\n|-damage|p1a: Ribombee|3\/100\n|move|p1a: Ribombee|Sticky Web|p2a: blade\n|-sidestart|p2: ranvir2106|move: Sticky Web\n|\n|upkeep\n|turn|17\n|\n|t:|1700770037\n|move|p2a: blade|Moonblast|p1a: Ribombee\n|-damage|p1a: Ribombee|0 fnt\n|faint|p1a: Ribombee\n|\n|upkeep\n|\n|t:|1700770045\n|switch|p1a: Clodsire|Clodsire, F|100\/100\n|-damage|p1a: Clodsire|94\/100|[from] Stealth Rock\n|turn|18\n|\n|t:|1700770058\n|-terastallize|p1a: Clodsire|Water\n|move|p2a: blade|Psyshock|p1a: Clodsire\n|-damage|p1a: Clodsire|67\/100\n|move|p1a: Clodsire|Earthquake|p2a: blade\n|-damage|p2a: blade|14\/100\n|\n|-heal|p1a: Clodsire|73\/100|[from] item: Leftovers\n|-sideend|p2: ranvir2106|move: Aurora Veil\n|upkeep\n|turn|19\n|\n|t:|1700770067\n|move|p2a: blade|Thunderbolt|p1a: Clodsire\n|-supereffective|p1a: Clodsire\n|-damage|p1a: Clodsire|40\/100\n|move|p1a: Clodsire|Earthquake|p2a: blade\n|-damage|p2a: blade|0 fnt\n|faint|p2a: blade\n|-end|p2a: blade|Quark Drive|[silent]\n|\n|-heal|p1a: Clodsire|47\/100|[from] item: Leftovers\n|upkeep\n|\n|t:|1700770074\n|switch|p2a: furrybait|Ninetales-Alola, F, tera:Water|11\/100\n|-activate|p2a: furrybait|move: Sticky Web\n|-unboost|p2a: furrybait|spe|1\n|-weather|Snow|[from] ability: Snow Warning|[of] p2a: furrybait\n|turn|20\n|\n|t:|1700770081\n|move|p2a: furrybait|Aurora Veil|p2a: furrybait\n|-sidestart|p2: ranvir2106|move: Aurora Veil\n|move|p1a: Clodsire|Recover|p1a: Clodsire\n|-heal|p1a: Clodsire|97\/100\n|\n|-weather|Snow|[upkeep]\n|-heal|p1a: Clodsire|100\/100|[from] item: Leftovers\n|upkeep\n|turn|21\n|\n|t:|1700770087\n|move|p2a: furrybait|Nasty Plot|p2a: furrybait\n|-boost|p2a: furrybait|spa|2\n|move|p1a: Clodsire|Stealth Rock|p2a: furrybait\n|-sidestart|p2: ranvir2106|move: Stealth Rock\n|\n|-weather|Snow|[upkeep]\n|upkeep\n|turn|22\n|\n|t:|1700770102\n|move|p2a: furrybait|Freeze-Dry|p1a: Clodsire\n|-supereffective|p1a: Clodsire\n|-damage|p1a: Clodsire|81\/100\n|move|p1a: Clodsire|Earthquake|p2a: furrybait\n|-damage|p2a: furrybait|0 fnt\n|faint|p2a: furrybait\n|\n|-weather|Snow|[upkeep]\n|-heal|p1a: Clodsire|87\/100|[from] item: Leftovers\n|upkeep\n|\n|t:|1700770110\n|switch|p2a: coins|Gholdengo|100\/100\n|-damage|p2a: coins|94\/100|[from] Stealth Rock\n|-item|p2a: coins|Air Balloon\n|turn|23\n|\n|t:|1700770126\n|switch|p1a: Clefable|Clefable, M|100\/100\n|move|p2a: coins|Shadow Ball|p1a: Clefable\n|-crit|p1a: Clefable\n|-damage|p1a: Clefable|34\/100\n|\n|-weather|Snow|[upkeep]\n|-heal|p1a: Clefable|40\/100|[from] item: Leftovers\n|upkeep\n|turn|24\n|\n|t:|1700770139\n|move|p2a: coins|Nasty Plot|p2a: coins\n|-boost|p2a: coins|spa|2\n|move|p1a: Clefable|Moonblast|p2a: coins\n|-resisted|p2a: coins\n|-damage|p2a: coins|87\/100\n|-unboost|p2a: coins|spa|1\n|-enditem|p2a: coins|Air Balloon\n|\n|-weather|none\n|-heal|p1a: Clefable|46\/100|[from] item: Leftovers\n|upkeep\n|turn|25\n|\n|t:|1700770149\n|move|p2a: coins|Make It Rain|p1a: Clefable\n|-supereffective|p1a: Clefable\n|-damage|p1a: Clefable|0 fnt\n|-unboost|p2a: coins|spa|1\n|faint|p1a: Clefable\n|\n|upkeep\n|\n|t:|1700770152\n|switch|p1a: Clodsire|Clodsire, F, tera:Water|87\/100\n|-damage|p1a: Clodsire|74\/100|[from] Stealth Rock\n|turn|26\n|\n|t:|1700770158\n|move|p2a: coins|Nasty Plot|p2a: coins\n|-boost|p2a: coins|spa|2\n|move|p1a: Clodsire|Recover|p1a: Clodsire\n|-heal|p1a: Clodsire|100\/100\n|\n|upkeep\n|turn|27\n|\n|t:|1700770164\n|move|p2a: coins|Shadow Ball|p1a: Clodsire\n|-damage|p1a: Clodsire|75\/100\n|move|p1a: Clodsire|Earthquake|p2a: coins\n|-supereffective|p2a: coins\n|-damage|p2a: coins|59\/100\n|\n|-heal|p1a: Clodsire|81\/100|[from] item: Leftovers\n|-sideend|p2: ranvir2106|move: Aurora Veil\n|upkeep\n|turn|28\n|-message|ranvir2106 forfeited.\n|\n|win|SeniaKC\n|raw|SeniaKC's rating: 1486 &rarr; <strong>1503<\/strong><br \/>(+17 for winning)\n|raw|ranvir2106's rating: 1434 &rarr; <strong>1417<\/strong><br \/>(-17 for losing)\n|l|\u2606ranvir2106\n","uploadtime":1700770174,"views":5,"p1id":"seniakc","p2id":"ranvir2106","formatid":"gen9ou","rating":1417,"private":0,"password":""}