{"id":"gen9ou-1997234765","p1":"3WishAndLandoT","p2":"AW64","format":"[Gen 9] OU","log":"|j|\u26063WishAndLandoT\n|j|\u2606AW64\n|t:|1700778637\n|gametype|singles\n|player|p1|3WishAndLandoT|169|1355\n|player|p2|AW64|2|1357\n|teamsize|p1|6\n|teamsize|p2|6\n|gen|9\n|tier|[Gen 9] OU\n|rated|\n|rule|Sleep Clause Mod: Limit one foe put to sleep\n|rule|Species Clause: Limit one of each Pok\u00e9mon\n|rule|OHKO Clause: OHKO moves are banned\n|rule|Evasion Items Clause: Evasion items are banned\n|rule|Evasion Moves Clause: Evasion moves are banned\n|rule|Endless Battle Clause: Forcing endless battles is banned\n|rule|HP Percentage Mod: HP is shown in percentages\n|clearpoke\n|poke|p1|Cinderace, M|\n|poke|p1|Empoleon, M|\n|poke|p1|Clodsire, F|\n|poke|p1|Pelipper, M|\n|poke|p1|Barraskewda, M|\n|poke|p1|Rillaboom, M|\n|poke|p2|Ninetales-Alola, F|\n|poke|p2|Rillaboom, M|\n|poke|p2|Dragapult, M|\n|poke|p2|Kingambit, M|\n|poke|p2|Heatran, F|\n|poke|p2|Alomomola, M|\n|teampreview\n|inactive|Battle timer is ON: inactive players will automatically lose when time's up. (requested by AW64)\n|\n|t:|1700778646\n|start\n|switch|p1a: Ballin|Cinderace, M|100\/100\n|switch|p2a: Alomomola|Alomomola, M|100\/100\n|turn|1\n|\n|t:|1700778650\n|move|p1a: Ballin|Electro Ball|p2a: Alomomola\n|-start|p1a: Ballin|typechange|Electric|[from] ability: Libero\n|-supereffective|p2a: Alomomola\n|-damage|p2a: Alomomola|0 fnt\n|faint|p2a: Alomomola\n|\n|upkeep\n|c|\u2606AW64|LMAO\n|\n|t:|1700778659\n|switch|p2a: Ninetales|Ninetales-Alola, F|100\/100\n|-weather|Snow|[from] ability: Snow Warning|[of] p2a: Ninetales\n|turn|2\n|c|\u26063WishAndLandoT|Shock and ball torture\n|\n|t:|1700778681\n|switch|p1a: Britney Spears|Clodsire, F|100\/100\n|move|p2a: Ninetales|Aurora Veil|p2a: Ninetales\n|-sidestart|p2: AW64|move: Aurora Veil\n|\n|-weather|Snow|[upkeep]\n|upkeep\n|turn|3\n|c|\u2606AW64|interesting\n|\n|t:|1700778688\n|move|p2a: Ninetales|Freeze-Dry|p1a: Britney Spears\n|-supereffective|p1a: Britney Spears\n|-damage|p1a: Britney Spears|79\/100\n|move|p1a: Britney Spears|High Horsepower|p2a: Ninetales\n|-damage|p2a: Ninetales|90\/100\n|\n|-weather|Snow|[upkeep]\n|-heal|p1a: Britney Spears|86\/100|[from] item: Leftovers\n|upkeep\n|turn|4\n|\n|t:|1700778694\n|switch|p2a: Heatran|Heatran, F|100\/100\n|move|p1a: Britney Spears|Toxic|p2a: Heatran\n|-immune|p2a: Heatran\n|\n|-weather|Snow|[upkeep]\n|-heal|p1a: Britney Spears|92\/100|[from] item: Leftovers\n|upkeep\n|turn|5\n|\n|t:|1700778701\n|move|p2a: Heatran|Magma Storm|p1a: Britney Spears\n|-damage|p1a: Britney Spears|66\/100\n|-activate|p1a: Britney Spears|move: Magma Storm|[of] p2a: Heatran\n|move|p1a: Britney Spears|High Horsepower|p2a: Heatran\n|-supereffective|p2a: Heatran\n|-damage|p2a: Heatran|50\/100\n|\n|-weather|Snow|[upkeep]\n|-heal|p2a: Heatran|56\/100|[from] item: Leftovers\n|-heal|p1a: Britney Spears|73\/100|[from] item: Leftovers\n|-damage|p1a: Britney Spears|60\/100|[from] move: Magma Storm|[partiallytrapped]\n|upkeep\n|turn|6\n|\n|t:|1700778720\n|-terastallize|p2a: Heatran|Grass\n|move|p2a: Heatran|Earth Power|p1a: Britney Spears\n|-supereffective|p1a: Britney Spears\n|-damage|p1a: Britney Spears|27\/100\n|move|p1a: Britney Spears|High Horsepower|p2a: Heatran\n|-resisted|p2a: Heatran\n|-damage|p2a: Heatran|49\/100\n|\n|-weather|none\n|-heal|p2a: Heatran|55\/100|[from] item: Leftovers\n|-heal|p1a: Britney Spears|33\/100|[from] item: Leftovers\n|-damage|p1a: Britney Spears|20\/100|[from] move: Magma Storm|[partiallytrapped]\n|upkeep\n|turn|7\n|\n|t:|1700778729\n|move|p2a: Heatran|Stealth Rock|p1a: Britney Spears\n|-sidestart|p1: 3WishAndLandoT|move: Stealth Rock\n|move|p1a: Britney Spears|Toxic|p2a: Heatran\n|-status|p2a: Heatran|tox\n|\n|-heal|p2a: Heatran|61\/100 tox|[from] item: Leftovers\n|-heal|p1a: Britney Spears|27\/100|[from] item: Leftovers\n|-damage|p2a: Heatran|55\/100 tox|[from] psn\n|-damage|p1a: Britney Spears|14\/100|[from] move: Magma Storm|[partiallytrapped]\n|upkeep\n|turn|8\n|\n|t:|1700778733\n|move|p2a: Heatran|Earth Power|p1a: Britney Spears\n|-supereffective|p1a: Britney Spears\n|-damage|p1a: Britney Spears|0 fnt\n|faint|p1a: Britney Spears\n|\n|-heal|p2a: Heatran|61\/100 tox|[from] item: Leftovers\n|-damage|p2a: Heatran|49\/100 tox|[from] psn\n|upkeep\n|\n|t:|1700778740\n|switch|p1a: Ballin|Cinderace, M|100\/100\n|-damage|p1a: Ballin|76\/100|[from] Stealth Rock\n|turn|9\n|\n|t:|1700778750\n|move|p1a: Ballin|U-turn|p2a: Heatran\n|-start|p1a: Ballin|typechange|Bug|[from] ability: Libero\n|-supereffective|p2a: Heatran\n|-damage|p2a: Heatran|22\/100 tox\n|\n|t:|1700778762\n|switch|p1a: Panic Aquack|Pelipper, M|100\/100|[from] U-turn\n|-damage|p1a: Panic Aquack|76\/100|[from] Stealth Rock\n|-weather|RainDance|[from] ability: Drizzle|[of] p1a: Panic Aquack\n|move|p2a: Heatran|Magma Storm|p1a: Panic Aquack\n|-resisted|p1a: Panic Aquack\n|-damage|p1a: Panic Aquack|58\/100\n|-activate|p1a: Panic Aquack|move: Magma Storm|[of] p2a: Heatran\n|\n|-weather|RainDance|[upkeep]\n|-heal|p2a: Heatran|28\/100 tox|[from] item: Leftovers\n|-damage|p2a: Heatran|9\/100 tox|[from] psn\n|-damage|p1a: Panic Aquack|45\/100|[from] move: Magma Storm|[partiallytrapped]\n|-sideend|p2: AW64|move: Aurora Veil\n|upkeep\n|turn|10\n|\n|t:|1700778778\n|switch|p2a: Ninetales|Ninetales-Alola, F|90\/100\n|-weather|Snow|[from] ability: Snow Warning|[of] p2a: Ninetales\n|move|p1a: Panic Aquack|U-turn|p2a: Ninetales\n|-resisted|p2a: Ninetales\n|-damage|p2a: Ninetales|87\/100\n|\n|t:|1700778787\n|switch|p1a: Fishe|Barraskewda, M|100\/100|[from] U-turn\n|-damage|p1a: Fishe|88\/100|[from] Stealth Rock\n|\n|-weather|Snow|[upkeep]\n|upkeep\n|turn|11\n|\n|t:|1700778791\n|move|p1a: Fishe|Flip Turn|p2a: Ninetales\n|-damage|p2a: Ninetales|45\/100\n|\n|t:|1700778797\n|switch|p1a: Ballin|Cinderace, M|76\/100|[from] Flip Turn\n|-damage|p1a: Ballin|51\/100|[from] Stealth Rock\n|move|p2a: Ninetales|Aurora Veil|p2a: Ninetales\n|-sidestart|p2: AW64|move: Aurora Veil\n|\n|-weather|Snow|[upkeep]\n|upkeep\n|turn|12\n|\n|t:|1700778805\n|move|p1a: Ballin|Court Change|p1a: Ballin\n|-start|p1a: Ballin|typechange|Normal|[from] ability: Libero\n|-swapsideconditions\n|-activate|p1a: Ballin|move: Court Change\n|move|p2a: Ninetales|Aurora Veil|p2a: Ninetales\n|-sidestart|p2: AW64|move: Aurora Veil\n|\n|-weather|Snow|[upkeep]\n|upkeep\n|turn|13\n|\n|t:|1700778818\n|switch|p1a: Nimrod|Empoleon, M|100\/100\n|move|p2a: Ninetales|Moonblast|p1a: Nimrod\n|-resisted|p1a: Nimrod\n|-damage|p1a: Nimrod|96\/100\n|-unboost|p1a: Nimrod|spa|1\n|-ability|p1a: Nimrod|Competitive|boost\n|-boost|p1a: Nimrod|spa|2\n|\n|-weather|Snow|[upkeep]\n|-heal|p1a: Nimrod|100\/100|[from] item: Leftovers\n|upkeep\n|turn|14\n|\n|t:|1700778827\n|move|p2a: Ninetales|Freeze-Dry|p1a: Nimrod\n|-damage|p1a: Nimrod|92\/100\n|move|p1a: Nimrod|Surf|p2a: Ninetales\n|-damage|p2a: Ninetales|15\/100\n|\n|-weather|none\n|-heal|p1a: Nimrod|99\/100|[from] item: Leftovers\n|upkeep\n|turn|15\n|\n|t:|1700778836\n|move|p2a: Ninetales|Aurora Veil||[still]\n|-fail|p2a: Ninetales\n|move|p1a: Nimrod|Surf|p2a: Ninetales\n|-damage|p2a: Ninetales|0 fnt\n|faint|p2a: Ninetales\n|\n|-heal|p1a: Nimrod|100\/100|[from] item: Leftovers\n|upkeep\n|\n|t:|1700778838\n|switch|p2a: Heatran|Heatran, F, tera:Grass|9\/100 tox\n|-damage|p2a: Heatran|0 fnt|[from] Stealth Rock\n|faint|p2a: Heatran\n|\n|t:|1700778845\n|switch|p2a: Rillaboom|Rillaboom, M|100\/100\n|-damage|p2a: Rillaboom|88\/100|[from] Stealth Rock\n|-fieldstart|move: Grassy Terrain|[from] ability: Grassy Surge|[of] p2a: Rillaboom\n|turn|16\n|\n|t:|1700778852\n|move|p2a: Rillaboom|Knock Off|p1a: Nimrod\n|-damage|p1a: Nimrod|82\/100\n|-enditem|p1a: Nimrod|Leftovers|[from] move: Knock Off|[of] p2a: Rillaboom\n|move|p1a: Nimrod|Ice Beam|p2a: Rillaboom\n|-supereffective|p2a: Rillaboom\n|-damage|p2a: Rillaboom|42\/100\n|\n|-heal|p2a: Rillaboom|48\/100|[from] Grassy Terrain\n|-heal|p1a: Nimrod|89\/100|[from] Grassy Terrain\n|upkeep\n|turn|17\n|\n|t:|1700778862\n|move|p2a: Rillaboom|Drain Punch|p1a: Nimrod\n|-supereffective|p1a: Nimrod\n|-damage|p1a: Nimrod|61\/100\n|-heal|p2a: Rillaboom|61\/100|[from] drain|[of] p1a: Nimrod\n|move|p1a: Nimrod|Ice Beam|p2a: Rillaboom\n|-supereffective|p2a: Rillaboom\n|-damage|p2a: Rillaboom|9\/100\n|\n|-heal|p2a: Rillaboom|16\/100|[from] Grassy Terrain\n|-heal|p1a: Nimrod|67\/100|[from] Grassy Terrain\n|upkeep\n|turn|18\n|\n|t:|1700778871\n|move|p2a: Rillaboom|Drain Punch|p1a: Nimrod\n|-supereffective|p1a: Nimrod\n|-damage|p1a: Nimrod|39\/100\n|-heal|p2a: Rillaboom|29\/100|[from] drain|[of] p1a: Nimrod\n|move|p1a: Nimrod|Ice Beam|p2a: Rillaboom\n|-supereffective|p2a: Rillaboom\n|-damage|p2a: Rillaboom|0 fnt\n|faint|p2a: Rillaboom\n|\n|-heal|p1a: Nimrod|45\/100|[from] Grassy Terrain\n|-sideend|p1: 3WishAndLandoT|move: Aurora Veil\n|upkeep\n|\n|t:|1700778877\n|switch|p2a: Kingambit|Kingambit, M|100\/100\n|-damage|p2a: Kingambit|94\/100|[from] Stealth Rock\n|-activate|p2a: Kingambit|ability: Supreme Overlord\n|-start|p2a: Kingambit|fallen4|[silent]\n|turn|19\n|\n|t:|1700778879\n|-terastallize|p1a: Nimrod|Fighting\n|move|p1a: Nimrod|Vacuum Wave|p2a: Kingambit\n|-supereffective|p2a: Kingambit\n|-damage|p2a: Kingambit|45\/100\n|move|p2a: Kingambit|Swords Dance|p2a: Kingambit\n|-boost|p2a: Kingambit|atk|2\n|\n|-heal|p1a: Nimrod|51\/100|[from] Grassy Terrain\n|-heal|p2a: Kingambit|51\/100|[from] Grassy Terrain\n|-heal|p2a: Kingambit|57\/100|[from] item: Leftovers\n|-sideend|p2: AW64|move: Aurora Veil\n|upkeep\n|turn|20\n|\n|t:|1700778889\n|move|p1a: Nimrod|Vacuum Wave|p2a: Kingambit\n|-supereffective|p2a: Kingambit\n|-damage|p2a: Kingambit|0 fnt\n|faint|p2a: Kingambit\n|-end|p2a: Kingambit|fallen4|[silent]\n|\n|-heal|p1a: Nimrod|57\/100|[from] Grassy Terrain\n|upkeep\n|\n|t:|1700778891\n|switch|p2a: Dragapult|Dragapult, M|100\/100\n|-damage|p2a: Dragapult|88\/100|[from] Stealth Rock\n|turn|21\n|\n|t:|1700778895\n|move|p2a: Dragapult|Draco Meteor|p1a: Nimrod|[miss]\n|-miss|p2a: Dragapult|p1a: Nimrod\n|move|p1a: Nimrod|Ice Beam|p2a: Dragapult\n|-supereffective|p2a: Dragapult\n|-damage|p2a: Dragapult|0 fnt\n|faint|p2a: Dragapult\n|\n|win|3WishAndLandoT\n|raw|3WishAndLandoT's rating: 1355 &rarr; <strong>1375<\/strong><br \/>(+20 for winning)\n|raw|AW64's rating: 1357 &rarr; <strong>1337<\/strong><br \/>(-20 for losing)\n|c|\u26063WishAndLandoT|gg\n|l|\u2606AW64\n","uploadtime":1700778913,"views":36,"p1id":"3wishandlandot","p2id":"aw64","formatid":"gen9ou","rating":1337,"private":0,"password":""}