{"id":"gen9ou-2000644675","p1":"nikfang","p2":"Leocain","format":"[Gen 9] OU","log":"|j|\u2606nikfang\n|j|\u2606Leocain\n|t:|1701213933\n|gametype|singles\n|player|p1|nikfang|li|1103\n|player|p2|Leocain|li|1211\n|teamsize|p1|6\n|teamsize|p2|6\n|gen|9\n|tier|[Gen 9] OU\n|rated|\n|rule|Sleep Clause Mod: Limit one foe put to sleep\n|rule|Species Clause: Limit one of each Pok\u00e9mon\n|rule|OHKO Clause: OHKO moves are banned\n|rule|Evasion Items Clause: Evasion items are banned\n|rule|Evasion Moves Clause: Evasion moves are banned\n|rule|Endless Battle Clause: Forcing endless battles is banned\n|rule|HP Percentage Mod: HP is shown in percentages\n|clearpoke\n|poke|p1|Garganacl, F|\n|poke|p1|Slowbro, F|\n|poke|p1|Sinistcha-Masterpiece|\n|poke|p1|Sylveon, F|\n|poke|p1|Hawlucha, F|\n|poke|p1|Heatran, M|\n|poke|p2|Ribombee, F|\n|poke|p2|Gholdengo|\n|poke|p2|Dondozo, M|\n|poke|p2|Great Tusk|\n|poke|p2|Iron Valiant|\n|poke|p2|Kingambit, M|\n|teampreview\n|inactive|Battle timer is ON: inactive players will automatically lose when time's up. (requested by nikfang)\n|\n|t:|1701213939\n|start\n|switch|p1a: Garganacl|Garganacl, F|100\/100\n|switch|p2a: Ribombee|Ribombee, F|100\/100\n|turn|1\n|\n|t:|1701213946\n|move|p2a: Ribombee|Sticky Web|p1a: Garganacl\n|-sidestart|p1: nikfang|move: Sticky Web\n|move|p1a: Garganacl|Salt Cure|p2a: Ribombee\n|-supereffective|p2a: Ribombee\n|-damage|p2a: Ribombee|40\/100\n|\n|upkeep\n|turn|2\n|\n|t:|1701213952\n|move|p2a: Ribombee|Moonblast|p1a: Garganacl\n|-damage|p1a: Garganacl|63\/100\n|-unboost|p1a: Garganacl|spa|1\n|move|p1a: Garganacl|Salt Cure|p2a: Ribombee\n|-supereffective|p2a: Ribombee\n|-damage|p2a: Ribombee|0 fnt\n|faint|p2a: Ribombee\n|\n|-heal|p1a: Garganacl|69\/100|[from] item: Leftovers\n|upkeep\n|\n|t:|1701213966\n|switch|p2a: Great Tusk|Great Tusk|100\/100\n|-enditem|p2a: Great Tusk|Booster Energy\n|-activate|p2a: Great Tusk|ability: Protosynthesis|[fromitem]\n|-start|p2a: Great Tusk|protosynthesisspe\n|turn|3\n|\n|t:|1701213975\n|switch|p1a: Hawlucha|Hawlucha, F|100\/100\n|move|p2a: Great Tusk|Knock Off|p1a: Hawlucha\n|-resisted|p1a: Hawlucha\n|-damage|p1a: Hawlucha|80\/100\n|-enditem|p1a: Hawlucha|White Herb|[from] move: Knock Off|[of] p2a: Great Tusk\n|\n|upkeep\n|turn|4\n|\n|t:|1701213992\n|-terastallize|p2a: Great Tusk|Ice\n|move|p1a: Hawlucha|Acrobatics|p2a: Great Tusk\n|-damage|p2a: Great Tusk|67\/100\n|move|p2a: Great Tusk|Ice Spinner|p1a: Hawlucha\n|-supereffective|p1a: Hawlucha\n|-damage|p1a: Hawlucha|0 fnt\n|faint|p1a: Hawlucha\n|\n|upkeep\n|\n|t:|1701214002\n|switch|p1a: Slowbro|Slowbro, F|100\/100\n|-activate|p1a: Slowbro|move: Sticky Web\n|-unboost|p1a: Slowbro|spe|1\n|turn|5\n|\n|t:|1701214012\n|move|p2a: Great Tusk|Knock Off|p1a: Slowbro\n|-supereffective|p1a: Slowbro\n|-damage|p1a: Slowbro|60\/100\n|-enditem|p1a: Slowbro|Weakness Policy\n|-boost|p1a: Slowbro|atk|2|[from] item: Weakness Policy\n|-boost|p1a: Slowbro|spa|2|[from] item: Weakness Policy\n|move|p1a: Slowbro|Surf|p2a: Great Tusk\n|-damage|p2a: Great Tusk|0 fnt\n|faint|p2a: Great Tusk\n|-end|p2a: Great Tusk|Protosynthesis|[silent]\n|\n|upkeep\n|\n|t:|1701214021\n|switch|p2a: Dondozo|Dondozo, M|100\/100\n|turn|6\n|\n|t:|1701214027\n|move|p2a: Dondozo|Yawn|p1a: Slowbro\n|-start|p1a: Slowbro|move: Yawn|[of] p2a: Dondozo\n|move|p1a: Slowbro|Skill Swap|p2a: Dondozo\n|-activate|p1a: Slowbro|move: Skill Swap|Unaware|Oblivious|[of] p2a: Dondozo\n|\n|upkeep\n|turn|7\n|\n|t:|1701214037\n|move|p2a: Dondozo|Curse|p2a: Dondozo\n|-unboost|p2a: Dondozo|spe|1\n|-boost|p2a: Dondozo|atk|1\n|-boost|p2a: Dondozo|def|1\n|move|p1a: Slowbro|Psychic|p2a: Dondozo\n|-damage|p2a: Dondozo|25\/100\n|\n|-heal|p2a: Dondozo|31\/100|[from] item: Leftovers\n|-end|p1a: Slowbro|move: Yawn|[silent]\n|-status|p1a: Slowbro|slp\n|upkeep\n|turn|8\n|\n|t:|1701214050\n|move|p2a: Dondozo|Liquidation|p1a: Slowbro\n|-resisted|p1a: Slowbro\n|-damage|p1a: Slowbro|48\/100 slp\n|cant|p1a: Slowbro|slp\n|\n|-heal|p2a: Dondozo|38\/100|[from] item: Leftovers\n|upkeep\n|turn|9\n|\n|t:|1701214063\n|switch|p2a: Iron Valiant|Iron Valiant|100\/100\n|-enditem|p2a: Iron Valiant|Booster Energy\n|-activate|p2a: Iron Valiant|ability: Quark Drive|[fromitem]\n|-start|p2a: Iron Valiant|quarkdrivespe\n|-curestatus|p1a: Slowbro|slp|[msg]\n|move|p1a: Slowbro|Psychic|p2a: Iron Valiant\n|-supereffective|p2a: Iron Valiant\n|-damage|p2a: Iron Valiant|0 fnt\n|faint|p2a: Iron Valiant\n|-end|p2a: Iron Valiant|Quark Drive|[silent]\n|\n|upkeep\n|\n|t:|1701214079\n|switch|p2a: Kingambit|Kingambit, M|100\/100\n|-activate|p2a: Kingambit|ability: Supreme Overlord\n|-start|p2a: Kingambit|fallen3|[silent]\n|turn|10\n|\n|t:|1701214087\n|-terastallize|p1a: Slowbro|Fighting\n|move|p2a: Kingambit|Kowtow Cleave|p1a: Slowbro\n|-resisted|p1a: Slowbro\n|-damage|p1a: Slowbro|18\/100\n|-damage|p2a: Kingambit|91\/100|[from] item: Life Orb\n|move|p1a: Slowbro|Surf|p2a: Kingambit\n|-damage|p2a: Kingambit|17\/100\n|\n|upkeep\n|turn|11\n|\n|t:|1701214101\n|move|p2a: Kingambit|Kowtow Cleave|p1a: Slowbro\n|-resisted|p1a: Slowbro\n|-damage|p1a: Slowbro|0 fnt\n|faint|p1a: Slowbro\n|-damage|p2a: Kingambit|7\/100|[from] item: Life Orb\n|\n|upkeep\n|\n|t:|1701214116\n|switch|p1a: Garganacl|Garganacl, F|69\/100\n|-activate|p1a: Garganacl|move: Sticky Web\n|-unboost|p1a: Garganacl|spe|1\n|turn|12\n|\n|t:|1701214124\n|move|p2a: Kingambit|Iron Head|p1a: Garganacl\n|-supereffective|p1a: Garganacl\n|-damage|p1a: Garganacl|0 fnt\n|faint|p1a: Garganacl\n|-damage|p2a: Kingambit|0 fnt|[from] item: Life Orb\n|faint|p2a: Kingambit\n|-end|p2a: Kingambit|fallen3|[silent]\n|\n|upkeep\n|\n|t:|1701214136\n|switch|p2a: Dondozo|Dondozo, M|38\/100\n|switch|p1a: Sinistcha|Sinistcha-Masterpiece|100\/100\n|-activate|p1a: Sinistcha|move: Sticky Web\n|-unboost|p1a: Sinistcha|spe|1\n|turn|13\n|\n|t:|1701214142\n|move|p1a: Sinistcha|Matcha Gotcha|p2a: Dondozo\n|-supereffective|p2a: Dondozo\n|-damage|p2a: Dondozo|0 fnt\n|faint|p2a: Dondozo\n|\n|upkeep\n|\n|t:|1701214148\n|switch|p2a: Gholdengo|Gholdengo|100\/100\n|-item|p2a: Gholdengo|Air Balloon\n|turn|14\n|\n|t:|1701214156\n|move|p2a: Gholdengo|Flash Cannon|p1a: Sinistcha\n|-damage|p1a: Sinistcha|38\/100\n|move|p1a: Sinistcha|Hex|p2a: Gholdengo\n|-supereffective|p2a: Gholdengo\n|-crit|p2a: Gholdengo\n|-damage|p2a: Gholdengo|0 fnt\n|-enditem|p2a: Gholdengo|Air Balloon\n|faint|p2a: Gholdengo\n|\n|win|nikfang\n|raw|nikfang's rating: 1103 &rarr; <strong>1136<\/strong><br \/>(+33 for winning)\n|raw|Leocain's rating: 1211 &rarr; <strong>1178<\/strong><br \/>(-33 for losing)\n|l|\u2606Leocain\n","uploadtime":1701214171,"views":7,"p1id":"nikfang","p2id":"leocain","formatid":"gen9ou","rating":1136,"private":0,"password":""}