{"id":"gen9ou-1996908979","p1":"jzhuc1841","p2":"Flamer blaze","format":"[Gen 9] OU","log":"|j|\u2606jzhuc1841\n|j|\u2606Flamer blaze\n|inactive|Battle timer is ON: inactive players will automatically lose when time's up.\n|t:|1700743478\n|gametype|singles\n|player|p1|jzhuc1841|hilbert-wonderlauncher|\n|player|p2|Flamer blaze|steven-masters2|\n|teamsize|p1|6\n|teamsize|p2|6\n|gen|9\n|tier|[Gen 9] OU\n|rated|Tournament battle\n|rule|Sleep Clause Mod: Limit one foe put to sleep\n|rule|Species Clause: Limit one of each Pok\u00e9mon\n|rule|OHKO Clause: OHKO moves are banned\n|rule|Evasion Items Clause: Evasion items are banned\n|rule|Evasion Moves Clause: Evasion moves are banned\n|rule|Endless Battle Clause: Forcing endless battles is banned\n|rule|HP Percentage Mod: HP is shown in percentages\n|clearpoke\n|poke|p1|Ogerpon-Wellspring, F|\n|poke|p1|Kingambit, F|\n|poke|p1|Iron Moth|\n|poke|p1|Iron Valiant|\n|poke|p1|Zamazenta-*|\n|poke|p1|Glimmora, F|\n|poke|p2|Toxapex, M|\n|poke|p2|Rotom-Wash|\n|poke|p2|Scizor, M|\n|poke|p2|Great Tusk|\n|poke|p2|Iron Moth|\n|poke|p2|Iron Valiant|\n|teampreview\n|\n|t:|1700743496\n|start\n|switch|p1a: Glimmora|Glimmora, F|100\/100\n|switch|p2a: Rotom|Rotom-Wash, shiny|100\/100\n|-item|p1a: Glimmora|Air Balloon\n|turn|1\n|j| Yoink 0\n|inactive|Flamer blaze has 120 seconds left.\n|inactive|Flamer blaze has 90 seconds left.\n|inactive|Flamer blaze has 60 seconds left.\n|\n|t:|1700743587\n|move|p1a: Glimmora|Stealth Rock|p2a: Rotom\n|-sidestart|p2: Flamer blaze|move: Stealth Rock\n|move|p2a: Rotom|Hydro Pump|p1a: Glimmora\n|-supereffective|p1a: Glimmora\n|-damage|p1a: Glimmora|0 fnt\n|-enditem|p1a: Glimmora|Air Balloon\n|faint|p1a: Glimmora\n|\n|upkeep\n|\n|t:|1700743594\n|switch|p1a: Ogerpon|Ogerpon-Wellspring, F|100\/100\n|turn|2\n|\n|t:|1700743597\n|move|p1a: Ogerpon|Trailblaze|p2a: Rotom\n|-supereffective|p2a: Rotom\n|-damage|p2a: Rotom|33\/100\n|-boost|p1a: Ogerpon|spe|1\n|move|p2a: Rotom|Will-O-Wisp|p1a: Ogerpon\n|-status|p1a: Ogerpon|brn\n|\n|-heal|p2a: Rotom|39\/100|[from] item: Leftovers\n|-damage|p1a: Ogerpon|95\/100 brn|[from] brn\n|upkeep\n|turn|3\n|\n|t:|1700743604\n|move|p1a: Ogerpon|Swords Dance|p1a: Ogerpon\n|-boost|p1a: Ogerpon|atk|2\n|move|p2a: Rotom|Volt Switch|p1a: Ogerpon\n|-damage|p1a: Ogerpon|65\/100 brn\n|\n|t:|1700743606\n|switch|p2a: Scizor|Scizor, M, shiny|100\/100|[from] Volt Switch\n|-damage|p2a: Scizor|88\/100|[from] Stealth Rock\n|\n|-damage|p1a: Ogerpon|59\/100 brn|[from] brn\n|upkeep\n|turn|4\n|j| Psyonara\n|\n|t:|1700743612\n|move|p1a: Ogerpon|Ivy Cudgel|p2a: Scizor|[anim] Ivy Cudgel Water\n|-damage|p2a: Scizor|27\/100\n|move|p2a: Scizor|U-turn|p1a: Ogerpon\n|-supereffective|p1a: Ogerpon\n|-damage|p1a: Ogerpon|0 fnt\n|faint|p1a: Ogerpon\n|\n|t:|1700743616\n|switch|p2a: Great Tusk|Great Tusk|100\/100|[from] U-turn\n|-damage|p2a: Great Tusk|98\/100|[from] Stealth Rock\n|\n|upkeep\n|j| kthhh\n|\n|t:|1700743629\n|switch|p1a: Iron Valiant|Iron Valiant|100\/100\n|-enditem|p1a: Iron Valiant|Booster Energy\n|-activate|p1a: Iron Valiant|ability: Quark Drive|[fromitem]\n|-start|p1a: Iron Valiant|quarkdrivespe\n|turn|5\n|j| Pologod2614\n|\n|t:|1700743633\n|-end|p2a: Great Tusk|Protosynthesis|[silent]\n|switch|p2a: Rotom|Rotom-Wash, shiny|39\/100\n|-damage|p2a: Rotom|26\/100|[from] Stealth Rock\n|move|p1a: Iron Valiant|Moonblast|p2a: Rotom\n|-damage|p2a: Rotom|0 fnt\n|faint|p2a: Rotom\n|\n|upkeep\n|\n|t:|1700743635\n|switch|p2a: Great Tusk|Great Tusk|98\/100\n|-damage|p2a: Great Tusk|95\/100|[from] Stealth Rock\n|turn|6\n|l| kthhh\n|\n|t:|1700743643\n|-end|p2a: Great Tusk|Protosynthesis|[silent]\n|switch|p2a: Toxapex|Toxapex, M, shiny|100\/100\n|-damage|p2a: Toxapex|88\/100|[from] Stealth Rock\n|move|p1a: Iron Valiant|Moonblast|p2a: Toxapex\n|-resisted|p2a: Toxapex\n|-damage|p2a: Toxapex|70\/100\n|\n|-heal|p2a: Toxapex|76\/100|[from] item: Black Sludge\n|upkeep\n|turn|7\n|\n|t:|1700743649\n|-terastallize|p1a: Iron Valiant|Steel\n|move|p1a: Iron Valiant|Calm Mind|p1a: Iron Valiant\n|-boost|p1a: Iron Valiant|spa|1\n|-boost|p1a: Iron Valiant|spd|1\n|move|p2a: Toxapex|Toxic|p1a: Iron Valiant\n|-immune|p1a: Iron Valiant\n|\n|-heal|p2a: Toxapex|82\/100|[from] item: Black Sludge\n|upkeep\n|turn|8\n|\n|t:|1700743658\n|switch|p2a: Scizor|Scizor, M, shiny|27\/100\n|-damage|p2a: Scizor|14\/100|[from] Stealth Rock\n|move|p1a: Iron Valiant|Psyshock|p2a: Scizor\n|-resisted|p2a: Scizor\n|-damage|p2a: Scizor|0 fnt\n|faint|p2a: Scizor\n|\n|upkeep\n|\n|t:|1700743660\n|switch|p2a: Iron Moth|Iron Moth|100\/100\n|-damage|p2a: Iron Moth|76\/100|[from] Stealth Rock\n|turn|9\n|\n|t:|1700743668\n|move|p1a: Iron Valiant|Psyshock|p2a: Iron Moth\n|-supereffective|p2a: Iron Moth\n|-damage|p2a: Iron Moth|0 fnt\n|faint|p2a: Iron Moth\n|-end|p2a: Iron Moth|Quark Drive|[silent]\n|\n|upkeep\n|\n|t:|1700743671\n|switch|p2a: Great Tusk|Great Tusk|95\/100\n|-damage|p2a: Great Tusk|92\/100|[from] Stealth Rock\n|turn|10\n|\n|t:|1700743675\n|-terastallize|p2a: Great Tusk|Ground\n|move|p1a: Iron Valiant|Moonblast|p2a: Great Tusk\n|-damage|p2a: Great Tusk|0 fnt\n|faint|p2a: Great Tusk\n|-end|p2a: Great Tusk|Protosynthesis|[silent]\n|\n|upkeep\n|-message|Flamer blaze forfeited.\n|\n|win|jzhuc1841\n|n|\u2606jzhuc1841|jzhuc1841\n|n|\u2606Flamer blaze|flamerblaze\n|n| Yoink 0|yoink0\n|n| Psyonara|psyonara\n|n| Pologod2614|pologod2614\n|l|\u2606Flamer blaze\n|l| Pologod2614\n|c|\u2606jzhuc1841|gg\n","uploadtime":1700743691,"views":1,"p1id":"jzhuc1841","p2id":"flamerblaze","formatid":"gen9ou","rating":0,"private":0,"password":""}