{"id":"gen9ou-1991700496","p1":"ludabama","p2":"daazai","format":"[Gen 9] OU","log":"|j|\u2606ludabama\n|j|\u2606daazai\n|t:|1700104258\n|gametype|singles\n|player|p1|ludabama|cyclist-gen4|1114\n|player|p2|daazai|petrel|1126\n|teamsize|p1|6\n|teamsize|p2|6\n|gen|9\n|tier|[Gen 9] OU\n|rated|\n|rule|Sleep Clause Mod: Limit one foe put to sleep\n|rule|Species Clause: Limit one of each Pok\u00e9mon\n|rule|OHKO Clause: OHKO moves are banned\n|rule|Evasion Items Clause: Evasion items are banned\n|rule|Evasion Moves Clause: Evasion moves are banned\n|rule|Endless Battle Clause: Forcing endless battles is banned\n|rule|HP Percentage Mod: HP is shown in percentages\n|clearpoke\n|poke|p1|Kingambit, F|\n|poke|p1|Iron Moth|\n|poke|p1|Azumarill, F|\n|poke|p1|Garchomp, M|\n|poke|p1|Corviknight, F|\n|poke|p1|Rillaboom, F|\n|poke|p2|Landorus-Therian, M|\n|poke|p2|Iron Jugulis|\n|poke|p2|Infernape, M|\n|poke|p2|Slowking-Galar, F|\n|poke|p2|Ogerpon-Wellspring, F|\n|poke|p2|Kleavor, M|\n|teampreview\n|inactive|Battle timer is ON: inactive players will automatically lose when time's up. (requested by ludabama)\n|inactive|daazai also wants the timer to be on.\n|\n|t:|1700104275\n|start\n|switch|p1a: Garchomp|Garchomp, M|100\/100\n|switch|p2a: Landorus|Landorus-Therian, M|100\/100\n|-ability|p2a: Landorus|Intimidate|boost\n|-unboost|p1a: Garchomp|atk|1\n|turn|1\n|\n|t:|1700104289\n|move|p1a: Garchomp|Stealth Rock|p2a: Landorus\n|-sidestart|p2: daazai|move: Stealth Rock\n|move|p2a: Landorus|U-turn|p1a: Garchomp\n|-damage|p1a: Garchomp|76\/100\n|-damage|p2a: Landorus|88\/100|[from] ability: Rough Skin|[of] p1a: Garchomp\n|-damage|p2a: Landorus|72\/100|[from] item: Rocky Helmet|[of] p1a: Garchomp\n|\n|t:|1700104310\n|switch|p2a: Kleavor|Kleavor, M|100\/100|[from] U-turn\n|-damage|p2a: Kleavor|76\/100|[from] Stealth Rock\n|\n|upkeep\n|turn|2\n|\n|t:|1700104326\n|move|p2a: Kleavor|Stone Axe|p1a: Garchomp\n|-resisted|p1a: Garchomp\n|-damage|p1a: Garchomp|55\/100\n|-damage|p2a: Kleavor|63\/100|[from] ability: Rough Skin|[of] p1a: Garchomp\n|-damage|p2a: Kleavor|47\/100|[from] item: Rocky Helmet|[of] p1a: Garchomp\n|-sidestart|p1: ludabama|move: Stealth Rock\n|move|p1a: Garchomp|Spikes|p2a: Kleavor\n|-sidestart|p2: daazai|Spikes\n|\n|upkeep\n|turn|3\n|\n|t:|1700104335\n|switch|p2a: Landorus|Landorus-Therian, M|72\/100\n|-damage|p2a: Landorus|59\/100|[from] Stealth Rock\n|-ability|p2a: Landorus|Intimidate|boost\n|-unboost|p1a: Garchomp|atk|1\n|move|p1a: Garchomp|Spikes|p2a: Landorus\n|-sidestart|p2: daazai|Spikes\n|\n|upkeep\n|turn|4\n|\n|t:|1700104341\n|switch|p2a: Kleavor|Kleavor, M|47\/100\n|-damage|p2a: Kleavor|22\/100|[from] Stealth Rock\n|-damage|p2a: Kleavor|5\/100|[from] Spikes\n|move|p1a: Garchomp|Spikes|p2a: Kleavor\n|-sidestart|p2: daazai|Spikes\n|\n|upkeep\n|turn|5\n|\n|t:|1700104348\n|move|p2a: Kleavor|Defog|p1a: Garchomp\n|-unboost|p1a: Garchomp|evasion|1\n|-sideend|p1: ludabama|Stealth Rock|[from] move: Defog|[of] p2a: Kleavor\n|-sideend|p2: daazai|Spikes|[from] move: Defog|[of] p2a: Kleavor\n|-sideend|p2: daazai|Stealth Rock|[from] move: Defog|[of] p2a: Kleavor\n|move|p1a: Garchomp|Dragon Tail|p2a: Kleavor\n|-damage|p2a: Kleavor|0 fnt\n|faint|p2a: Kleavor\n|\n|upkeep\n|\n|t:|1700104354\n|switch|p2a: Iron Jugulis|Iron Jugulis|100\/100\n|-enditem|p2a: Iron Jugulis|Booster Energy\n|-activate|p2a: Iron Jugulis|ability: Quark Drive|[fromitem]\n|-start|p2a: Iron Jugulis|quarkdrivespe\n|turn|6\n|\n|t:|1700104360\n|move|p2a: Iron Jugulis|Dragon Pulse|p1a: Garchomp\n|-supereffective|p1a: Garchomp\n|-damage|p1a: Garchomp|6\/100\n|move|p1a: Garchomp|Dragon Tail|p2a: Iron Jugulis\n|-damage|p2a: Iron Jugulis|85\/100\n|-end|p2a: Iron Jugulis|Quark Drive|[silent]\n|drag|p2a: Landorus|Landorus-Therian, M|59\/100\n|-ability|p2a: Landorus|Intimidate|boost\n|-unboost|p1a: Garchomp|atk|1\n|\n|upkeep\n|turn|7\n|\n|t:|1700104385\n|move|p1a: Garchomp|Stealth Rock|p2a: Landorus\n|-sidestart|p2: daazai|move: Stealth Rock\n|move|p2a: Landorus|U-turn|p1a: Garchomp\n|-damage|p1a: Garchomp|0 fnt\n|-damage|p2a: Landorus|47\/100|[from] ability: Rough Skin|[of] p1a: Garchomp\n|-damage|p2a: Landorus|31\/100|[from] item: Rocky Helmet|[of] p1a: Garchomp\n|faint|p1a: Garchomp\n|\n|t:|1700104397\n|switch|p2a: Infernape|Infernape, M|100\/100|[from] U-turn\n|-damage|p2a: Infernape|88\/100|[from] Stealth Rock\n|\n|upkeep\n|\n|t:|1700104400\n|switch|p1a: Azumarill|Azumarill, F|100\/100\n|turn|8\n|\n|t:|1700104409\n|move|p2a: Infernape|Fake Out|p1a: Azumarill\n|-damage|p1a: Azumarill|88\/100\n|cant|p1a: Azumarill|flinch\n|\n|upkeep\n|turn|9\n|\n|t:|1700104413\n|move|p2a: Infernape|Poison Jab|p1a: Azumarill\n|-supereffective|p1a: Azumarill\n|-damage|p1a: Azumarill|37\/100\n|-enditem|p1a: Azumarill|Sitrus Berry|[eat]\n|-heal|p1a: Azumarill|62\/100|[from] item: Sitrus Berry\n|move|p1a: Azumarill|Belly Drum|p1a: Azumarill\n|-damage|p1a: Azumarill|12\/100\n|-setboost|p1a: Azumarill|atk|6|[from] move: Belly Drum\n|\n|upkeep\n|turn|10\n|\n|t:|1700104422\n|switch|p2a: Ogerpon|Ogerpon-Wellspring, F|100\/100\n|-damage|p2a: Ogerpon|88\/100|[from] Stealth Rock\n|move|p1a: Azumarill|Aqua Jet|p2a: Ogerpon\n|-heal|p2a: Ogerpon|100\/100|[from] ability: Water Absorb|[of] p1a: Azumarill\n|\n|upkeep\n|turn|11\n|\n|t:|1700104447\n|move|p2a: Ogerpon|Horn Leech|p1a: Azumarill\n|-supereffective|p1a: Azumarill\n|-damage|p1a: Azumarill|0 fnt\n|faint|p1a: Azumarill\n|\n|upkeep\n|\n|t:|1700104453\n|switch|p1a: Corviknight|Corviknight, F|100\/100\n|-ability|p1a: Corviknight|Pressure\n|turn|12\n|\n|t:|1700104459\n|switch|p2a: Landorus|Landorus-Therian, M|31\/100\n|-damage|p2a: Landorus|18\/100|[from] Stealth Rock\n|-ability|p2a: Landorus|Intimidate|boost\n|-unboost|p1a: Corviknight|atk|1\n|move|p1a: Corviknight|Brave Bird|p2a: Landorus\n|-damage|p2a: Landorus|0 fnt\n|faint|p2a: Landorus\n|-damage|p1a: Corviknight|96\/100|[from] Recoil\n|\n|upkeep\n|\n|t:|1700104461\n|switch|p2a: Infernape|Infernape, M|88\/100\n|-damage|p2a: Infernape|76\/100|[from] Stealth Rock\n|turn|13\n|\n|t:|1700104464\n|move|p2a: Infernape|Fake Out|p1a: Corviknight\n|-resisted|p1a: Corviknight\n|-damage|p1a: Corviknight|92\/100\n|-damage|p2a: Infernape|60\/100|[from] item: Rocky Helmet|[of] p1a: Corviknight\n|cant|p1a: Corviknight|flinch\n|\n|upkeep\n|turn|14\n|\n|t:|1700104471\n|move|p2a: Infernape|Flame Charge|p1a: Corviknight\n|-supereffective|p1a: Corviknight\n|-damage|p1a: Corviknight|66\/100\n|-boost|p2a: Infernape|spe|1\n|-damage|p2a: Infernape|43\/100|[from] item: Rocky Helmet|[of] p1a: Corviknight\n|move|p1a: Corviknight|Brave Bird|p2a: Infernape\n|-supereffective|p2a: Infernape\n|-damage|p2a: Infernape|0 fnt\n|faint|p2a: Infernape\n|-damage|p1a: Corviknight|56\/100|[from] Recoil\n|\n|upkeep\n|\n|t:|1700104483\n|switch|p2a: Iron Jugulis|Iron Jugulis|85\/100\n|-damage|p2a: Iron Jugulis|60\/100|[from] Stealth Rock\n|turn|15\n|\n|t:|1700104488\n|move|p2a: Iron Jugulis|Flamethrower|p1a: Corviknight\n|-supereffective|p1a: Corviknight\n|-damage|p1a: Corviknight|0 fnt\n|faint|p1a: Corviknight\n|\n|upkeep\n|\n|t:|1700104500\n|switch|p1a: Iron Moth|Iron Moth|100\/100\n|-enditem|p1a: Iron Moth|Booster Energy\n|-activate|p1a: Iron Moth|ability: Quark Drive|[fromitem]\n|-start|p1a: Iron Moth|quarkdrivespe\n|turn|16\n|\n|t:|1700104508\n|-terastallize|p2a: Iron Jugulis|Steel\n|move|p1a: Iron Moth|Sludge Wave|p2a: Iron Jugulis\n|-immune|p2a: Iron Jugulis\n|move|p2a: Iron Jugulis|Earth Power|p1a: Iron Moth\n|-supereffective|p1a: Iron Moth\n|-damage|p1a: Iron Moth|0 fnt\n|faint|p1a: Iron Moth\n|-end|p1a: Iron Moth|Quark Drive|[silent]\n|\n|upkeep\n|\n|t:|1700104516\n|switch|p1a: Rillaboom|Rillaboom, F|100\/100\n|-fieldstart|move: Grassy Terrain|[from] ability: Grassy Surge|[of] p1a: Rillaboom\n|turn|17\n|\n|t:|1700104525\n|move|p2a: Iron Jugulis|Flamethrower|p1a: Rillaboom\n|-supereffective|p1a: Rillaboom\n|-damage|p1a: Rillaboom|24\/100\n|-status|p1a: Rillaboom|brn\n|move|p1a: Rillaboom|Knock Off|p2a: Iron Jugulis\n|-damage|p2a: Iron Jugulis|38\/100\n|\n|-heal|p2a: Iron Jugulis|45\/100|[from] Grassy Terrain\n|-heal|p1a: Rillaboom|30\/100 brn|[from] Grassy Terrain\n|-damage|p1a: Rillaboom|24\/100 brn|[from] brn\n|upkeep\n|turn|18\n|\n|t:|1700104533\n|move|p2a: Iron Jugulis|Flamethrower|p1a: Rillaboom\n|-supereffective|p1a: Rillaboom\n|-damage|p1a: Rillaboom|0 fnt\n|faint|p1a: Rillaboom\n|\n|-heal|p2a: Iron Jugulis|51\/100|[from] Grassy Terrain\n|upkeep\n|\n|t:|1700104535\n|switch|p1a: Kingambit|Kingambit, F|100\/100\n|-activate|p1a: Kingambit|ability: Supreme Overlord\n|-start|p1a: Kingambit|fallen5|[silent]\n|turn|19\n|\n|t:|1700104542\n|-terastallize|p1a: Kingambit|Dark\n|move|p2a: Iron Jugulis|Flamethrower|p1a: Kingambit\n|-damage|p1a: Kingambit|66\/100\n|-status|p1a: Kingambit|brn\n|-enditem|p1a: Kingambit|Lum Berry|[eat]\n|-curestatus|p1a: Kingambit|brn|[msg]\n|move|p1a: Kingambit|Kowtow Cleave|p2a: Iron Jugulis\n|-damage|p2a: Iron Jugulis|0 fnt\n|faint|p2a: Iron Jugulis\n|-end|p2a: Iron Jugulis|Quark Drive|[silent]\n|\n|-heal|p1a: Kingambit|72\/100|[from] Grassy Terrain\n|upkeep\n|\n|t:|1700104557\n|switch|p2a: Ogerpon|Ogerpon-Wellspring, F|100\/100\n|-damage|p2a: Ogerpon|88\/100|[from] Stealth Rock\n|turn|20\n|inactive|ludabama has 120 seconds left.\n|\n|t:|1700104596\n|move|p2a: Ogerpon|Ivy Cudgel|p1a: Kingambit|[anim] Ivy Cudgel Water\n|-damage|p1a: Kingambit|22\/100\n|move|p1a: Kingambit|Kowtow Cleave|p2a: Ogerpon\n|-damage|p2a: Ogerpon|0 fnt\n|faint|p2a: Ogerpon\n|\n|-heal|p1a: Kingambit|28\/100|[from] Grassy Terrain\n|upkeep\n|\n|t:|1700104601\n|switch|p2a: Slowking|Slowking-Galar, F|100\/100\n|-damage|p2a: Slowking|88\/100|[from] Stealth Rock\n|turn|21\n|\n|t:|1700104610\n|move|p1a: Kingambit|Kowtow Cleave|p2a: Slowking\n|-supereffective|p2a: Slowking\n|-damage|p2a: Slowking|0 fnt\n|-damage|p1a: Kingambit|11\/100|[from] item: Rocky Helmet|[of] p2a: Slowking\n|faint|p2a: Slowking\n|\n|win|ludabama\n|raw|ludabama's rating: 1114 &rarr; <strong>1140<\/strong><br \/>(+26 for winning)\n|raw|daazai's rating: 1126 &rarr; <strong>1100<\/strong><br \/>(-26 for losing)\n|l|\u2606daazai\n|c|\u2606ludabama|gg\n","uploadtime":1700104621,"views":15,"p1id":"ludabama","p2id":"daazai","formatid":"gen9ou","rating":1100,"private":0,"password":""}