{"id":"gen9ou-1993829749","p1":"draco9746","p2":"ceaje4","format":"[Gen 9] OU","log":"|j|\u2606draco9746\n|j|\u2606ceaje4\n|t:|1700362490\n|gametype|singles\n|player|p1|draco9746|cynthia|1331\n|player|p2|ceaje4|cynthia-gen4|1372\n|teamsize|p1|6\n|teamsize|p2|6\n|gen|9\n|tier|[Gen 9] OU\n|rated|\n|rule|Sleep Clause Mod: Limit one foe put to sleep\n|rule|Species Clause: Limit one of each Pok\u00e9mon\n|rule|OHKO Clause: OHKO moves are banned\n|rule|Evasion Items Clause: Evasion items are banned\n|rule|Evasion Moves Clause: Evasion moves are banned\n|rule|Endless Battle Clause: Forcing endless battles is banned\n|rule|HP Percentage Mod: HP is shown in percentages\n|clearpoke\n|poke|p1|Sneasler, M|\n|poke|p1|Kingambit, M|\n|poke|p1|Hatterene, F|\n|poke|p1|Zapdos|\n|poke|p1|Great Tusk|\n|poke|p1|Ninetales-Alola, M|\n|poke|p2|Sneasler, F|\n|poke|p2|Skeledirge, F|\n|poke|p2|Rillaboom, F|\n|poke|p2|Kingambit, F|\n|poke|p2|Dragapult, M|\n|poke|p2|Ogerpon-Cornerstone, F|\n|teampreview\n|inactive|Battle timer is ON: inactive players will automatically lose when time's up. (requested by draco9746)\n|\n|t:|1700362513\n|start\n|switch|p1a: Hatterene|Hatterene, F|100\/100\n|switch|p2a: Ogerpon|Ogerpon-Cornerstone, F|100\/100\n|turn|1\n|\n|t:|1700362522\n|move|p2a: Ogerpon|Ivy Cudgel|p1a: Hatterene|[anim] Ivy Cudgel Rock\n|-damage|p1a: Hatterene|52\/100\n|move|p1a: Hatterene|Draining Kiss|p2a: Ogerpon\n|-damage|p2a: Ogerpon|74\/100\n|-heal|p1a: Hatterene|72\/100|[from] drain|[of] p2a: Ogerpon\n|\n|-heal|p1a: Hatterene|78\/100|[from] item: Leftovers\n|upkeep\n|turn|2\n|\n|t:|1700362534\n|move|p2a: Ogerpon|Ivy Cudgel|p1a: Hatterene|[anim] Ivy Cudgel Rock\n|-damage|p1a: Hatterene|28\/100\n|move|p1a: Hatterene|Draining Kiss|p2a: Ogerpon\n|-damage|p2a: Ogerpon|48\/100\n|-heal|p1a: Hatterene|45\/100|[from] drain|[of] p2a: Ogerpon\n|\n|-heal|p1a: Hatterene|51\/100|[from] item: Leftovers\n|upkeep\n|turn|3\n|\n|t:|1700362551\n|switch|p1a: Great Tusk|Great Tusk|100\/100\n|-enditem|p1a: Great Tusk|Booster Energy\n|-activate|p1a: Great Tusk|ability: Protosynthesis|[fromitem]\n|-start|p1a: Great Tusk|protosynthesisspe\n|move|p2a: Ogerpon|Ivy Cudgel|p1a: Great Tusk|[anim] Ivy Cudgel Rock\n|-resisted|p1a: Great Tusk\n|-damage|p1a: Great Tusk|91\/100\n|\n|upkeep\n|turn|4\n|\n|t:|1700362561\n|switch|p2a: Rillaboom|Rillaboom, F|100\/100\n|-fieldstart|move: Grassy Terrain|[from] ability: Grassy Surge|[of] p2a: Rillaboom\n|move|p1a: Great Tusk|Bulk Up|p1a: Great Tusk\n|-boost|p1a: Great Tusk|atk|1\n|-boost|p1a: Great Tusk|def|1\n|\n|-heal|p1a: Great Tusk|98\/100|[from] Grassy Terrain\n|upkeep\n|turn|5\n|\n|t:|1700362571\n|switch|p2a: Skeledirge|Skeledirge, F|100\/100\n|move|p1a: Great Tusk|Ice Spinner|p2a: Skeledirge\n|-resisted|p2a: Skeledirge\n|-damage|p2a: Skeledirge|92\/100\n|-fieldend|move: Grassy Terrain\n|\n|upkeep\n|turn|6\n|\n|t:|1700362577\n|move|p1a: Great Tusk|Headlong Rush|p2a: Skeledirge\n|-supereffective|p2a: Skeledirge\n|-damage|p2a: Skeledirge|13\/100\n|-unboost|p1a: Great Tusk|def|1\n|-unboost|p1a: Great Tusk|spd|1\n|move|p2a: Skeledirge|Will-O-Wisp|p1a: Great Tusk\n|-status|p1a: Great Tusk|brn\n|\n|-damage|p1a: Great Tusk|91\/100 brn|[from] brn\n|upkeep\n|turn|7\n|\n|t:|1700362589\n|move|p1a: Great Tusk|Headlong Rush|p2a: Skeledirge\n|-supereffective|p2a: Skeledirge\n|-damage|p2a: Skeledirge|0 fnt\n|-unboost|p1a: Great Tusk|def|1\n|-unboost|p1a: Great Tusk|spd|1\n|faint|p2a: Skeledirge\n|\n|-damage|p1a: Great Tusk|85\/100 brn|[from] brn\n|upkeep\n|\n|t:|1700362592\n|switch|p2a: Rillaboom|Rillaboom, F|100\/100\n|-fieldstart|move: Grassy Terrain|[from] ability: Grassy Surge|[of] p2a: Rillaboom\n|turn|8\n|\n|t:|1700362599\n|move|p2a: Rillaboom|Grassy Glide|p1a: Great Tusk\n|-supereffective|p1a: Great Tusk\n|-damage|p1a: Great Tusk|5\/100 brn\n|move|p1a: Great Tusk|Ice Spinner|p2a: Rillaboom\n|-supereffective|p2a: Rillaboom\n|-damage|p2a: Rillaboom|65\/100\n|-fieldend|move: Grassy Terrain\n|\n|-damage|p1a: Great Tusk|0 fnt|[from] brn\n|faint|p1a: Great Tusk\n|-end|p1a: Great Tusk|Protosynthesis|[silent]\n|upkeep\n|\n|t:|1700362616\n|switch|p1a: Ninetales|Ninetales-Alola, M|100\/100\n|-weather|Snow|[from] ability: Snow Warning|[of] p1a: Ninetales\n|turn|9\n|\n|t:|1700362621\n|move|p1a: Ninetales|Aurora Veil|p1a: Ninetales\n|-sidestart|p1: draco9746|move: Aurora Veil\n|move|p2a: Rillaboom|Knock Off|p1a: Ninetales\n|-resisted|p1a: Ninetales\n|-damage|p1a: Ninetales|94\/100\n|-enditem|p1a: Ninetales|Light Clay|[from] move: Knock Off|[of] p2a: Rillaboom\n|\n|-weather|Snow|[upkeep]\n|upkeep\n|turn|10\n|\n|t:|1700362629\n|switch|p2a: Kingambit|Kingambit, F|100\/100\n|-activate|p2a: Kingambit|ability: Supreme Overlord\n|-start|p2a: Kingambit|fallen1|[silent]\n|move|p1a: Ninetales|Freeze-Dry|p2a: Kingambit\n|-resisted|p2a: Kingambit\n|-damage|p2a: Kingambit|88\/100\n|\n|-weather|Snow|[upkeep]\n|upkeep\n|turn|11\n|\n|t:|1700362638\n|switch|p1a: Zapdos|Zapdos|100\/100\n|move|p2a: Kingambit|Iron Head|p1a: Zapdos\n|-resisted|p1a: Zapdos\n|-damage|p1a: Zapdos|89\/100\n|\n|-weather|Snow|[upkeep]\n|upkeep\n|turn|12\n|\n|t:|1700362648\n|-end|p2a: Kingambit|fallen1|[silent]\n|switch|p2a: Ogerpon|Ogerpon-Cornerstone, F|48\/100\n|move|p1a: Zapdos|Heat Wave|p2a: Ogerpon\n|-damage|p2a: Ogerpon|20\/100\n|\n|-weather|Snow|[upkeep]\n|upkeep\n|turn|13\n|\n|t:|1700362674\n|move|p2a: Ogerpon|Ivy Cudgel|p1a: Zapdos|[anim] Ivy Cudgel Rock\n|-supereffective|p1a: Zapdos\n|-damage|p1a: Zapdos|40\/100\n|move|p1a: Zapdos|Heat Wave|p2a: Ogerpon|[miss]\n|-miss|p1a: Zapdos|p2a: Ogerpon\n|\n|-weather|none\n|upkeep\n|turn|14\n|\n|t:|1700362682\n|move|p2a: Ogerpon|Spikes|p1a: Zapdos\n|-sidestart|p1: draco9746|Spikes\n|move|p1a: Zapdos|Roost|p1a: Zapdos\n|-heal|p1a: Zapdos|90\/100\n|-singleturn|p1a: Zapdos|move: Roost\n|\n|upkeep\n|turn|15\n|\n|t:|1700362688\n|move|p2a: Ogerpon|Encore|p1a: Zapdos\n|-start|p1a: Zapdos|Encore\n|move|p1a: Zapdos|Roost|p1a: Zapdos\n|-heal|p1a: Zapdos|100\/100\n|-singleturn|p1a: Zapdos|move: Roost\n|\n|upkeep\n|turn|16\n|\n|t:|1700362694\n|switch|p1a: Hatterene|Hatterene, F|51\/100\n|-damage|p1a: Hatterene|39\/100|[from] Spikes\n|move|p2a: Ogerpon|Ivy Cudgel|p1a: Hatterene|[anim] Ivy Cudgel Rock\n|-damage|p1a: Hatterene|15\/100\n|\n|-heal|p1a: Hatterene|21\/100|[from] item: Leftovers\n|-sideend|p1: draco9746|move: Aurora Veil\n|upkeep\n|turn|17\n|\n|t:|1700362705\n|move|p2a: Ogerpon|Horn Leech|p1a: Hatterene\n|-damage|p1a: Hatterene|0 fnt\n|-heal|p2a: Ogerpon|31\/100|[from] drain|[of] p1a: Hatterene\n|faint|p1a: Hatterene\n|\n|upkeep\n|\n|t:|1700362711\n|switch|p1a: Ninetales|Ninetales-Alola, M|94\/100\n|-damage|p1a: Ninetales|81\/100|[from] Spikes\n|-weather|Snow|[from] ability: Snow Warning|[of] p1a: Ninetales\n|turn|18\n|\n|t:|1700362716\n|move|p2a: Ogerpon|Ivy Cudgel|p1a: Ninetales|[anim] Ivy Cudgel Rock\n|-supereffective|p1a: Ninetales\n|-damage|p1a: Ninetales|0 fnt\n|faint|p1a: Ninetales\n|\n|-weather|Snow|[upkeep]\n|upkeep\n|\n|t:|1700362727\n|switch|p1a: Zapdos|Zapdos|100\/100\n|turn|19\n|\n|t:|1700362732\n|move|p2a: Ogerpon|Ivy Cudgel|p1a: Zapdos|[anim] Ivy Cudgel Rock\n|-supereffective|p1a: Zapdos\n|-damage|p1a: Zapdos|0 fnt\n|faint|p1a: Zapdos\n|\n|-weather|Snow|[upkeep]\n|upkeep\n|\n|t:|1700362740\n|switch|p1a: Kingambit|Kingambit, M|100\/100\n|-damage|p1a: Kingambit|88\/100|[from] Spikes\n|-activate|p1a: Kingambit|ability: Supreme Overlord\n|-start|p1a: Kingambit|fallen4|[silent]\n|turn|20\n|\n|t:|1700362745\n|move|p1a: Kingambit|Sucker Punch||[still]\n|-fail|p1a: Kingambit\n|move|p2a: Ogerpon|Spikes|p1a: Kingambit\n|-sidestart|p1: draco9746|Spikes\n|\n|-weather|Snow|[upkeep]\n|upkeep\n|turn|21\n|\n|t:|1700362752\n|move|p2a: Ogerpon|Encore|p1a: Kingambit\n|-start|p1a: Kingambit|Encore\n|move|p1a: Kingambit|Sucker Punch||[still]\n|-fail|p1a: Kingambit\n|\n|-weather|Snow|[upkeep]\n|upkeep\n|turn|22\n|\n|t:|1700362762\n|-end|p1a: Kingambit|fallen4|[silent]\n|switch|p1a: Sneasler|Sneasler, M|100\/100\n|-damage|p1a: Sneasler|84\/100|[from] Spikes\n|move|p2a: Ogerpon|Spikes|p1a: Sneasler\n|-sidestart|p1: draco9746|Spikes\n|\n|-weather|none\n|upkeep\n|turn|23\n|\n|t:|1700362768\n|move|p1a: Sneasler|Fake Out|p2a: Ogerpon\n|-enditem|p1a: Sneasler|Normal Gem|[from] gem\n|-resisted|p2a: Ogerpon\n|-damage|p2a: Ogerpon|18\/100\n|cant|p2a: Ogerpon|flinch\n|\n|upkeep\n|turn|24\n|\n|t:|1700362775\n|move|p1a: Sneasler|Acrobatics|p2a: Ogerpon\n|-damage|p2a: Ogerpon|0 fnt\n|faint|p2a: Ogerpon\n|\n|upkeep\n|\n|t:|1700362785\n|switch|p2a: Rillaboom|Rillaboom, F|65\/100\n|-fieldstart|move: Grassy Terrain|[from] ability: Grassy Surge|[of] p2a: Rillaboom\n|turn|25\n|\n|t:|1700362796\n|move|p2a: Rillaboom|Grassy Glide|p1a: Sneasler\n|-resisted|p1a: Sneasler\n|-damage|p1a: Sneasler|51\/100\n|move|p1a: Sneasler|Acrobatics|p2a: Rillaboom\n|-supereffective|p2a: Rillaboom\n|-damage|p2a: Rillaboom|0 fnt\n|faint|p2a: Rillaboom\n|\n|-heal|p1a: Sneasler|57\/100|[from] Grassy Terrain\n|upkeep\n|\n|t:|1700362802\n|switch|p2a: Sneasler|Sneasler, F|100\/100\n|-enditem|p2a: Sneasler|Grassy Seed\n|-boost|p2a: Sneasler|def|1|[from] item: Grassy Seed\n|turn|26\n|\n|t:|1700362813\n|move|p1a: Sneasler|Acrobatics|p2a: Sneasler\n|-supereffective|p2a: Sneasler\n|-damage|p2a: Sneasler|24\/100\n|move|p2a: Sneasler|Dire Claw|p1a: Sneasler\n|-resisted|p1a: Sneasler\n|-damage|p1a: Sneasler|19\/100\n|\n|-heal|p1a: Sneasler|25\/100|[from] Grassy Terrain\n|-heal|p2a: Sneasler|30\/100|[from] Grassy Terrain\n|upkeep\n|turn|27\n|\n|t:|1700362822\n|move|p1a: Sneasler|Acrobatics|p2a: Sneasler\n|-supereffective|p2a: Sneasler\n|-damage|p2a: Sneasler|0 fnt\n|faint|p2a: Sneasler\n|\n|-heal|p1a: Sneasler|31\/100|[from] Grassy Terrain\n|upkeep\n|\n|t:|1700362823\n|switch|p2a: Dragapult|Dragapult, M|100\/100\n|turn|28\n|\n|t:|1700362831\n|move|p1a: Sneasler|Acrobatics|p2a: Dragapult\n|-damage|p2a: Dragapult|47\/100\n|move|p2a: Dragapult|Hex|p1a: Sneasler\n|-damage|p1a: Sneasler|0 fnt\n|faint|p1a: Sneasler\n|\n|-heal|p2a: Dragapult|53\/100|[from] Grassy Terrain\n|upkeep\n|\n|t:|1700362838\n|switch|p1a: Kingambit|Kingambit, M|88\/100\n|-damage|p1a: Kingambit|63\/100|[from] Spikes\n|-activate|p1a: Kingambit|ability: Supreme Overlord\n|-start|p1a: Kingambit|fallen5|[silent]\n|turn|29\n|\n|t:|1700362846\n|move|p1a: Kingambit|Sucker Punch||[still]\n|-fail|p1a: Kingambit\n|move|p2a: Dragapult|Thunder Wave|p1a: Kingambit\n|-status|p1a: Kingambit|par\n|-enditem|p1a: Kingambit|Lum Berry|[eat]\n|-curestatus|p1a: Kingambit|par|[msg]\n|\n|-heal|p2a: Dragapult|59\/100|[from] Grassy Terrain\n|-heal|p1a: Kingambit|69\/100|[from] Grassy Terrain\n|-fieldend|move: Grassy Terrain\n|upkeep\n|turn|30\n|\n|t:|1700362857\n|move|p1a: Kingambit|Sucker Punch||[still]\n|-fail|p1a: Kingambit\n|move|p2a: Dragapult|Thunder Wave|p1a: Kingambit\n|-status|p1a: Kingambit|par\n|\n|upkeep\n|turn|31\n|\n|t:|1700362862\n|move|p1a: Kingambit|Sucker Punch|p2a: Dragapult\n|-supereffective|p2a: Dragapult\n|-crit|p2a: Dragapult\n|-damage|p2a: Dragapult|0 fnt\n|faint|p2a: Dragapult\n|\n|upkeep\n|\n|t:|1700362863\n|switch|p2a: Kingambit|Kingambit, F|88\/100\n|-activate|p2a: Kingambit|ability: Supreme Overlord\n|-start|p2a: Kingambit|fallen5|[silent]\n|turn|32\n|\n|t:|1700362875\n|-terastallize|p2a: Kingambit|Fighting\n|-terastallize|p1a: Kingambit|Flying\n|move|p2a: Kingambit|Low Kick|p1a: Kingambit\n|-resisted|p1a: Kingambit\n|-damage|p1a: Kingambit|35\/100 par\n|move|p1a: Kingambit|Low Kick|p2a: Kingambit\n|-damage|p2a: Kingambit|35\/100\n|\n|upkeep\n|turn|33\n|\n|t:|1700362885\n|move|p2a: Kingambit|Sucker Punch|p1a: Kingambit\n|-damage|p1a: Kingambit|0 fnt\n|faint|p1a: Kingambit\n|-end|p1a: Kingambit|fallen5|[silent]\n|\n|win|ceaje4\n|raw|draco9746's rating: 1331 &rarr; <strong>1313<\/strong><br \/>(-18 for losing)\n|raw|ceaje4's rating: 1372 &rarr; <strong>1390<\/strong><br \/>(+18 for winning)\n","uploadtime":1700362891,"views":7,"p1id":"draco9746","p2id":"ceaje4","formatid":"gen9ou","rating":1313,"private":0,"password":""}