{"id":"gen9ou-1993400012","p1":"Avg_Godot_fan","p2":"halaman95","format":"[Gen 9] OU","log":"|j|\u2606Avg_Godot_fan\n|j|\u2606halaman95\n|t:|1700312583\n|gametype|singles\n|player|p1|Avg_Godot_fan|clerk|1538\n|player|p2|halaman95|170|1593\n|teamsize|p1|6\n|teamsize|p2|6\n|gen|9\n|tier|[Gen 9] OU\n|rated|\n|rule|Sleep Clause Mod: Limit one foe put to sleep\n|rule|Species Clause: Limit one of each Pok\u00e9mon\n|rule|OHKO Clause: OHKO moves are banned\n|rule|Evasion Items Clause: Evasion items are banned\n|rule|Evasion Moves Clause: Evasion moves are banned\n|rule|Endless Battle Clause: Forcing endless battles is banned\n|rule|HP Percentage Mod: HP is shown in percentages\n|clearpoke\n|poke|p1|Glimmora, M|\n|poke|p1|Gholdengo|\n|poke|p1|Kingambit, F|\n|poke|p1|Ogerpon-Wellspring, F|\n|poke|p1|Iron Moth|\n|poke|p1|Enamorus, F|\n|poke|p2|Samurott-Hisui, M|\n|poke|p2|Gholdengo|\n|poke|p2|Ceruledge, M|\n|poke|p2|Rillaboom, F|\n|poke|p2|Zamazenta-*|\n|poke|p2|Great Tusk|\n|teampreview\n|inactive|Battle timer is ON: inactive players will automatically lose when time's up. (requested by halaman95)\n|\n|t:|1700312598\n|start\n|switch|p1a: Glimmora|Glimmora, M|100\/100\n|switch|p2a: Rillaboom|Rillaboom, F|100\/100\n|-fieldstart|move: Grassy Terrain|[from] ability: Grassy Surge|[of] p2a: Rillaboom\n|turn|1\n|inactive|Avg_Godot_fan has 120 seconds left.\n|\n|t:|1700312649\n|switch|p2a: Gholdengo|Gholdengo|100\/100\n|move|p1a: Glimmora|Stealth Rock|p2a: Gholdengo\n|-sidestart|p2: halaman95|move: Stealth Rock\n|\n|upkeep\n|turn|2\n|inactive|Avg_Godot_fan has 90 seconds left.\n|\n|t:|1700312672\n|move|p2a: Gholdengo|Make It Rain|p1a: Glimmora\n|-supereffective|p1a: Glimmora\n|-enditem|p1a: Glimmora|Focus Sash\n|-damage|p1a: Glimmora|1\/100\n|-unboost|p2a: Gholdengo|spa|1\n|move|p1a: Glimmora|Earth Power|p2a: Gholdengo\n|-supereffective|p2a: Gholdengo\n|-damage|p2a: Gholdengo|26\/100\n|\n|-heal|p2a: Gholdengo|32\/100|[from] Grassy Terrain\n|-heal|p1a: Glimmora|7\/100|[from] Grassy Terrain\n|upkeep\n|turn|3\n|inactive|Avg_Godot_fan has 90 seconds left.\n|\n|t:|1700312697\n|switch|p1a: Kingambit|Kingambit, F|100\/100\n|move|p2a: Gholdengo|Make It Rain|p1a: Kingambit\n|-resisted|p1a: Kingambit\n|-damage|p1a: Kingambit|79\/100\n|-unboost|p2a: Gholdengo|spa|1\n|\n|-heal|p2a: Gholdengo|38\/100|[from] Grassy Terrain\n|-heal|p1a: Kingambit|85\/100|[from] Grassy Terrain\n|upkeep\n|turn|4\n|inactive|Avg_Godot_fan has 90 seconds left.\n|\n|t:|1700312713\n|switch|p2a: Great Tusk|Great Tusk|100\/100\n|-damage|p2a: Great Tusk|98\/100|[from] Stealth Rock\n|-enditem|p2a: Great Tusk|Booster Energy\n|-activate|p2a: Great Tusk|ability: Protosynthesis|[fromitem]\n|-start|p2a: Great Tusk|protosynthesisspe\n|move|p1a: Kingambit|Kowtow Cleave|p2a: Great Tusk\n|-resisted|p2a: Great Tusk\n|-damage|p2a: Great Tusk|80\/100\n|\n|-heal|p2a: Great Tusk|86\/100|[from] Grassy Terrain\n|-heal|p1a: Kingambit|91\/100|[from] Grassy Terrain\n|upkeep\n|turn|5\n|inactive|Avg_Godot_fan has 90 seconds left.\n|\n|t:|1700312724\n|-end|p1a: Kingambit|fallenundefined|[silent]\n|switch|p1a: Gholdengo|Gholdengo|100\/100\n|-item|p1a: Gholdengo|Air Balloon\n|move|p2a: Great Tusk|Bulk Up|p2a: Great Tusk\n|-boost|p2a: Great Tusk|atk|1\n|-boost|p2a: Great Tusk|def|1\n|\n|-heal|p2a: Great Tusk|92\/100|[from] Grassy Terrain\n|upkeep\n|turn|6\n|inactive|Avg_Godot_fan has 90 seconds left.\n|\n|t:|1700312738\n|move|p2a: Great Tusk|Ice Spinner|p1a: Gholdengo\n|-resisted|p1a: Gholdengo\n|-damage|p1a: Gholdengo|81\/100\n|-enditem|p1a: Gholdengo|Air Balloon\n|-fieldend|move: Grassy Terrain\n|move|p1a: Gholdengo|Shadow Ball|p2a: Great Tusk\n|-damage|p2a: Great Tusk|35\/100\n|\n|upkeep\n|turn|7\n|inactive|Avg_Godot_fan has 90 seconds left.\n|\n|t:|1700312747\n|switch|p1a: Glimmora|Glimmora, M|7\/100\n|move|p2a: Great Tusk|High Horsepower|p1a: Glimmora\n|-supereffective|p1a: Glimmora\n|-damage|p1a: Glimmora|0 fnt\n|-activate|p1a: Glimmora|ability: Toxic Debris\n|-sidestart|p2: halaman95|move: Toxic Spikes\n|faint|p1a: Glimmora\n|\n|upkeep\n|inactive|Avg_Godot_fan has 90 seconds left.\n|\n|t:|1700312761\n|switch|p1a: Enamorus|Enamorus, F|100\/100\n|turn|8\n|\n|t:|1700312765\n|move|p1a: Enamorus|Moonblast|p2a: Great Tusk\n|-supereffective|p2a: Great Tusk\n|-damage|p2a: Great Tusk|0 fnt\n|faint|p2a: Great Tusk\n|-end|p2a: Great Tusk|Protosynthesis|[silent]\n|\n|upkeep\n|\n|t:|1700312774\n|switch|p2a: Gholdengo|Gholdengo|38\/100\n|-damage|p2a: Gholdengo|32\/100|[from] Stealth Rock\n|turn|9\n|\n|t:|1700312781\n|-terastallize|p1a: Enamorus|Fairy\n|move|p1a: Enamorus|Moonblast|p2a: Gholdengo\n|-resisted|p2a: Gholdengo\n|-damage|p2a: Gholdengo|0 fnt\n|faint|p2a: Gholdengo\n|\n|upkeep\n|\n|t:|1700312795\n|switch|p2a: Rillaboom|Rillaboom, F|100\/100\n|-damage|p2a: Rillaboom|88\/100|[from] Stealth Rock\n|-status|p2a: Rillaboom|psn\n|-fieldstart|move: Grassy Terrain|[from] ability: Grassy Surge|[of] p2a: Rillaboom\n|turn|10\n|\n|t:|1700312803\n|switch|p1a: Gholdengo|Gholdengo|81\/100\n|move|p2a: Rillaboom|Grassy Glide|p1a: Gholdengo\n|-resisted|p1a: Gholdengo\n|-damage|p1a: Gholdengo|60\/100\n|\n|-heal|p2a: Rillaboom|94\/100 psn|[from] Grassy Terrain\n|-heal|p1a: Gholdengo|66\/100|[from] Grassy Terrain\n|-damage|p2a: Rillaboom|82\/100 psn|[from] psn\n|upkeep\n|turn|11\n|inactive|Avg_Godot_fan has 120 seconds left.\n|\n|t:|1700312818\n|move|p2a: Rillaboom|Swords Dance|p2a: Rillaboom\n|-boost|p2a: Rillaboom|atk|2\n|move|p1a: Gholdengo|Shadow Ball|p2a: Rillaboom\n|-damage|p2a: Rillaboom|23\/100 psn\n|\n|-heal|p2a: Rillaboom|29\/100 psn|[from] Grassy Terrain\n|-heal|p1a: Gholdengo|72\/100|[from] Grassy Terrain\n|-damage|p2a: Rillaboom|17\/100 psn|[from] psn\n|upkeep\n|turn|12\n|inactive|Avg_Godot_fan has 120 seconds left.\n|\n|t:|1700312832\n|switch|p1a: Kingambit|Kingambit, F|91\/100\n|-activate|p1a: Kingambit|ability: Supreme Overlord\n|-start|p1a: Kingambit|fallen1|[silent]\n|move|p2a: Rillaboom|Knock Off|p1a: Kingambit\n|-resisted|p1a: Kingambit\n|-damage|p1a: Kingambit|69\/100\n|-enditem|p1a: Kingambit|Black Glasses|[from] move: Knock Off|[of] p2a: Rillaboom\n|\n|-heal|p2a: Rillaboom|23\/100 psn|[from] Grassy Terrain\n|-heal|p1a: Kingambit|75\/100|[from] Grassy Terrain\n|-damage|p2a: Rillaboom|11\/100 psn|[from] psn\n|upkeep\n|turn|13\n|inactive|Avg_Godot_fan has 120 seconds left.\n|\n|t:|1700312849\n|move|p2a: Rillaboom|Drain Punch|p1a: Kingambit\n|-supereffective|p1a: Kingambit\n|-damage|p1a: Kingambit|0 fnt\n|-heal|p2a: Rillaboom|55\/100 psn|[from] drain|[of] p1a: Kingambit\n|faint|p1a: Kingambit\n|-end|p1a: Kingambit|fallen1|[silent]\n|\n|-heal|p2a: Rillaboom|61\/100 psn|[from] Grassy Terrain\n|-damage|p2a: Rillaboom|49\/100 psn|[from] psn\n|upkeep\n|\n|t:|1700312857\n|switch|p1a: Iron Moth|Iron Moth|100\/100\n|-enditem|p1a: Iron Moth|Booster Energy\n|-activate|p1a: Iron Moth|ability: Quark Drive|[fromitem]\n|-start|p1a: Iron Moth|quarkdrivespe\n|turn|14\n|inactive|Avg_Godot_fan has 120 seconds left.\n|\n|t:|1700312868\n|move|p2a: Rillaboom|Grassy Glide|p1a: Iron Moth\n|-resisted|p1a: Iron Moth\n|-damage|p1a: Iron Moth|70\/100\n|move|p1a: Iron Moth|Fiery Dance|p2a: Rillaboom\n|-supereffective|p2a: Rillaboom\n|-damage|p2a: Rillaboom|0 fnt\n|faint|p2a: Rillaboom\n|\n|-heal|p1a: Iron Moth|76\/100|[from] Grassy Terrain\n|upkeep\n|\n|t:|1700312875\n|switch|p2a: Samurott|Samurott-Hisui, M, shiny|100\/100\n|-damage|p2a: Samurott|88\/100|[from] Stealth Rock\n|-status|p2a: Samurott|psn\n|turn|15\n|\n|t:|1700312880\n|-end|p1a: Iron Moth|Quark Drive|[silent]\n|switch|p1a: Ogerpon|Ogerpon-Wellspring, F|100\/100\n|move|p2a: Samurott|Ceaseless Edge|p1a: Ogerpon\n|-damage|p1a: Ogerpon|20\/100\n|-sidestart|p1: Avg_Godot_fan|Spikes\n|\n|-heal|p1a: Ogerpon|26\/100|[from] Grassy Terrain\n|-heal|p2a: Samurott|94\/100 psn|[from] Grassy Terrain\n|-damage|p2a: Samurott|82\/100 psn|[from] psn\n|upkeep\n|turn|16\n|\n|t:|1700312890\n|move|p2a: Samurott|Sucker Punch|p1a: Ogerpon\n|-damage|p1a: Ogerpon|0 fnt\n|faint|p1a: Ogerpon\n|\n|-heal|p2a: Samurott|88\/100 psn|[from] Grassy Terrain\n|-damage|p2a: Samurott|76\/100 psn|[from] psn\n|upkeep\n|\n|t:|1700312898\n|switch|p1a: Enamorus|Enamorus, F, tera:Fairy|100\/100\n|-damage|p1a: Enamorus|88\/100|[from] Spikes\n|turn|17\n|\n|t:|1700312903\n|move|p2a: Samurott|Sucker Punch|p1a: Enamorus\n|-resisted|p1a: Enamorus\n|-damage|p1a: Enamorus|57\/100\n|move|p1a: Enamorus|Moonblast|p2a: Samurott\n|-supereffective|p2a: Samurott\n|-crit|p2a: Samurott\n|-damage|p2a: Samurott|0 fnt\n|faint|p2a: Samurott\n|\n|-heal|p1a: Enamorus|63\/100|[from] Grassy Terrain\n|-fieldend|move: Grassy Terrain\n|upkeep\n|\n|t:|1700312916\n|switch|p2a: Ceruledge|Ceruledge, M|100\/100\n|-damage|p2a: Ceruledge|76\/100|[from] Stealth Rock\n|-status|p2a: Ceruledge|psn\n|turn|18\n|\n|t:|1700312925\n|switch|p1a: Iron Moth|Iron Moth|76\/100\n|-damage|p1a: Iron Moth|64\/100|[from] Spikes\n|move|p2a: Ceruledge|Bitter Blade|p1a: Iron Moth\n|-resisted|p1a: Iron Moth\n|-damage|p1a: Iron Moth|26\/100\n|-heal|p2a: Ceruledge|97\/100 psn|[from] drain|[of] p1a: Iron Moth\n|\n|-damage|p2a: Ceruledge|85\/100 psn|[from] psn\n|upkeep\n|turn|19\n|\n|t:|1700312936\n|move|p2a: Ceruledge|Shadow Sneak|p1a: Iron Moth\n|-damage|p1a: Iron Moth|0 fnt\n|faint|p1a: Iron Moth\n|-end|p1a: Iron Moth|Quark Drive|[silent]\n|\n|-damage|p2a: Ceruledge|73\/100 psn|[from] psn\n|upkeep\n|\n|t:|1700312941\n|switch|p1a: Enamorus|Enamorus, F, tera:Fairy|63\/100\n|-damage|p1a: Enamorus|51\/100|[from] Spikes\n|turn|20\n|\n|t:|1700312954\n|move|p2a: Ceruledge|Shadow Sneak|p1a: Enamorus\n|-damage|p1a: Enamorus|21\/100\n|move|p1a: Enamorus|Earth Power|p2a: Ceruledge\n|-supereffective|p2a: Ceruledge\n|-damage|p2a: Ceruledge|0 fnt\n|faint|p2a: Ceruledge\n|\n|upkeep\n|\n|t:|1700312958\n|switch|p2a: Zamazenta|Zamazenta|100\/100\n|-damage|p2a: Zamazenta|94\/100|[from] Stealth Rock\n|-status|p2a: Zamazenta|psn\n|-ability|p2a: Zamazenta|Dauntless Shield|boost\n|-boost|p2a: Zamazenta|def|1\n|turn|21\n|\n|t:|1700312966\n|switch|p1a: Gholdengo|Gholdengo|72\/100\n|-damage|p1a: Gholdengo|60\/100|[from] Spikes\n|move|p2a: Zamazenta|Heavy Slam|p1a: Gholdengo\n|-resisted|p1a: Gholdengo\n|-damage|p1a: Gholdengo|43\/100\n|\n|-heal|p2a: Zamazenta|100\/100 psn|[from] item: Leftovers\n|-damage|p2a: Zamazenta|88\/100 psn|[from] psn\n|upkeep\n|turn|22\n|\n|t:|1700312976\n|move|p2a: Zamazenta|Crunch|p1a: Gholdengo\n|-supereffective|p1a: Gholdengo\n|-damage|p1a: Gholdengo|0 fnt\n|faint|p1a: Gholdengo\n|\n|-heal|p2a: Zamazenta|94\/100 psn|[from] item: Leftovers\n|-damage|p2a: Zamazenta|82\/100 psn|[from] psn\n|upkeep\n|\n|t:|1700312983\n|switch|p1a: Enamorus|Enamorus, F, tera:Fairy|21\/100\n|-damage|p1a: Enamorus|8\/100|[from] Spikes\n|turn|23\n|\n|t:|1700312989\n|-terastallize|p2a: Zamazenta|Fire\n|move|p1a: Enamorus|Moonblast|p2a: Zamazenta\n|-resisted|p2a: Zamazenta\n|-damage|p2a: Zamazenta|49\/100 psn\n|move|p2a: Zamazenta|Heavy Slam|p1a: Enamorus\n|-supereffective|p1a: Enamorus\n|-damage|p1a: Enamorus|0 fnt\n|faint|p1a: Enamorus\n|\n|win|halaman95\n|raw|Avg_Godot_fan's rating: 1538 &rarr; <strong>1521<\/strong><br \/>(-17 for losing)\n|raw|halaman95's rating: 1593 &rarr; <strong>1610<\/strong><br \/>(+17 for winning)\n|l|\u2606Avg_Godot_fan\n","uploadtime":1700313001,"views":13,"p1id":"avggodotfan","p2id":"halaman95","formatid":"gen9ou","rating":1521,"private":0,"password":""}