{"id":"gen9ou-1996610554","p1":"KannaKiae","p2":"Agnine","format":"[Gen 9] OU","log":"|j|\u2606KannaKiae\n|j|\u2606Agnine\n|t:|1700700334\n|gametype|singles\n|player|p1|KannaKiae|pokemaniac|1388\n|player|p2|Agnine|flannery|1300\n|teamsize|p1|6\n|teamsize|p2|6\n|gen|9\n|tier|[Gen 9] OU\n|rated|\n|rule|Sleep Clause Mod: Limit one foe put to sleep\n|rule|Species Clause: Limit one of each Pok\u00e9mon\n|rule|OHKO Clause: OHKO moves are banned\n|rule|Evasion Items Clause: Evasion items are banned\n|rule|Evasion Moves Clause: Evasion moves are banned\n|rule|Endless Battle Clause: Forcing endless battles is banned\n|rule|HP Percentage Mod: HP is shown in percentages\n|clearpoke\n|poke|p1|Glimmora, F|\n|poke|p1|Gholdengo|\n|poke|p1|Ogerpon-Wellspring, F|\n|poke|p1|Kingambit, M|\n|poke|p1|Iron Moth|\n|poke|p1|Enamorus, F|\n|poke|p2|Ting-Lu|\n|poke|p2|Ogerpon-Wellspring, F|\n|poke|p2|Corviknight, F|\n|poke|p2|Zapdos|\n|poke|p2|Cinderace, M|\n|poke|p2|Gholdengo|\n|teampreview\n|inactive|Battle timer is ON: inactive players will automatically lose when time's up. (requested by Agnine)\n|\n|t:|1700700355\n|start\n|switch|p1a: Glimmora|Glimmora, F|100\/100\n|switch|p2a: Ogerpon|Ogerpon-Wellspring, F|100\/100\n|turn|1\n|\n|t:|1700700366\n|move|p2a: Ogerpon|Zen Headbutt|p1a: Glimmora\n|-supereffective|p1a: Glimmora\n|-damage|p1a: Glimmora|11\/100\n|-activate|p1a: Glimmora|ability: Toxic Debris\n|-sidestart|p2: Agnine|move: Toxic Spikes\n|move|p1a: Glimmora|Stealth Rock|p2a: Ogerpon\n|-sidestart|p2: Agnine|move: Stealth Rock\n|\n|upkeep\n|turn|2\n|\n|t:|1700700381\n|move|p2a: Ogerpon|Ivy Cudgel|p1a: Glimmora|[anim] Ivy Cudgel Water\n|-supereffective|p1a: Glimmora\n|-damage|p1a: Glimmora|0 fnt\n|-activate|p1a: Glimmora|ability: Toxic Debris\n|-sidestart|p2: Agnine|move: Toxic Spikes\n|faint|p1a: Glimmora\n|\n|upkeep\n|inactive|KannaKiae has 120 seconds left.\n|inactive|KannaKiae has 90 seconds left.\n|\n|t:|1700700438\n|switch|p1a: Iron Moth|Iron Moth|100\/100\n|-enditem|p1a: Iron Moth|Booster Energy\n|-activate|p1a: Iron Moth|ability: Quark Drive|[fromitem]\n|-start|p1a: Iron Moth|quarkdrivespe\n|turn|3\n|\n|t:|1700700444\n|-terastallize|p2a: Ogerpon|Water\n|detailschange|p2a: Ogerpon|Ogerpon-Wellspring-Tera, F, tera:Water\n|-ability|p2a: Ogerpon|Embody Aspect (Wellspring)|boost\n|-boost|p2a: Ogerpon|spd|1\n|move|p1a: Iron Moth|Substitute|p1a: Iron Moth\n|-start|p1a: Iron Moth|Substitute\n|-damage|p1a: Iron Moth|76\/100\n|move|p2a: Ogerpon|Ivy Cudgel|p1a: Iron Moth|[anim] Ivy Cudgel Water\n|-supereffective|p1a: Iron Moth\n|-end|p1a: Iron Moth|Substitute\n|\n|upkeep\n|turn|4\n|\n|t:|1700700455\n|-end|p1a: Iron Moth|Quark Drive|[silent]\n|switch|p1a: Ogerpon|Ogerpon-Wellspring, F|100\/100\n|move|p2a: Ogerpon|Ivy Cudgel|p1a: Ogerpon|[anim] Ivy Cudgel Water\n|-immune|p1a: Ogerpon|[from] ability: Water Absorb\n|\n|upkeep\n|turn|5\n|\n|t:|1700700468\n|switch|p2a: Corviknight|Corviknight, F|100\/100\n|-damage|p2a: Corviknight|88\/100|[from] Stealth Rock\n|-ability|p2a: Corviknight|Pressure\n|move|p1a: Ogerpon|Power Whip|p2a: Corviknight\n|-resisted|p2a: Corviknight\n|-damage|p2a: Corviknight|78\/100\n|-damage|p1a: Ogerpon|84\/100|[from] item: Rocky Helmet|[of] p2a: Corviknight\n|\n|upkeep\n|turn|6\n|inactive|KannaKiae has 90 seconds left.\n|\n|t:|1700700489\n|switch|p1a: Iron Moth|Iron Moth|76\/100\n|move|p2a: Corviknight|U-turn|p1a: Iron Moth\n|-resisted|p1a: Iron Moth\n|-damage|p1a: Iron Moth|70\/100\n|\n|t:|1700700498\n|switch|p2a: Ogerpon|Ogerpon-Wellspring-Tera, F, tera:Water|100\/100|[from] U-turn\n|-status|p2a: Ogerpon|tox\n|-damage|p2a: Ogerpon|88\/100 tox|[from] Stealth Rock\n|-ability|p2a: Ogerpon|Embody Aspect (Wellspring)|boost\n|-boost|p2a: Ogerpon|spd|1\n|\n|-damage|p2a: Ogerpon|82\/100 tox|[from] psn\n|upkeep\n|turn|7\n|inactive|KannaKiae has 90 seconds left.\n|\n|t:|1700700519\n|-end|p1a: Iron Moth|Quark Drive|[silent]\n|switch|p1a: Kingambit|Kingambit, M|100\/100\n|-activate|p1a: Kingambit|ability: Supreme Overlord\n|-start|p1a: Kingambit|fallen1|[silent]\n|move|p2a: Ogerpon|Zen Headbutt|p1a: Kingambit\n|-immune|p1a: Kingambit\n|\n|-damage|p2a: Ogerpon|70\/100 tox|[from] psn\n|upkeep\n|turn|8\n|\n|t:|1700700534\n|move|p2a: Ogerpon|Ivy Cudgel|p1a: Kingambit|[anim] Ivy Cudgel Water\n|-damage|p1a: Kingambit|30\/100\n|move|p1a: Kingambit|Kowtow Cleave|p2a: Ogerpon\n|-damage|p2a: Ogerpon|0 fnt\n|faint|p2a: Ogerpon\n|\n|upkeep\n|\n|t:|1700700541\n|switch|p2a: Corviknight|Corviknight, F|78\/100\n|-damage|p2a: Corviknight|66\/100|[from] Stealth Rock\n|-ability|p2a: Corviknight|Pressure\n|turn|9\n|\n|t:|1700700556\n|-end|p1a: Kingambit|fallen1|[silent]\n|switch|p1a: Gholdengo|Gholdengo|100\/100\n|-item|p1a: Gholdengo|Air Balloon\n|move|p2a: Corviknight|U-turn|p1a: Gholdengo\n|-resisted|p1a: Gholdengo\n|-damage|p1a: Gholdengo|96\/100\n|-enditem|p1a: Gholdengo|Air Balloon\n|\n|t:|1700700560\n|switch|p2a: Cinderace|Cinderace, M|100\/100|[from] U-turn\n|\n|upkeep\n|turn|10\n|inactive|KannaKiae has 90 seconds left.\n|\n|t:|1700700574\n|-terastallize|p1a: Gholdengo|Fairy\n|move|p2a: Cinderace|Court Change|p2a: Cinderace\n|-start|p2a: Cinderace|typechange|Normal|[from] ability: Libero\n|-swapsideconditions\n|-activate|p2a: Cinderace|move: Court Change\n|move|p1a: Gholdengo|Shadow Ball|p2a: Cinderace\n|-immune|p2a: Cinderace\n|\n|upkeep\n|turn|11\n|inactive|KannaKiae has 90 seconds left.\n|\n|t:|1700700586\n|move|p2a: Cinderace|U-turn|p1a: Gholdengo\n|-resisted|p1a: Gholdengo\n|-damage|p1a: Gholdengo|84\/100\n|\n|t:|1700700588\n|switch|p2a: Ting-Lu|Ting-Lu|100\/100|[from] U-turn\n|-ability|p2a: Ting-Lu|Vessel of Ruin\n|move|p1a: Gholdengo|Make It Rain|p2a: Ting-Lu\n|-damage|p2a: Ting-Lu|70\/100\n|-unboost|p1a: Gholdengo|spa|1\n|\n|-heal|p2a: Ting-Lu|76\/100|[from] item: Leftovers\n|upkeep\n|turn|12\n|inactive|KannaKiae has 90 seconds left.\n|\n|t:|1700700604\n|switch|p1a: Iron Moth|Iron Moth|70\/100\n|-sideend|p1: KannaKiae|move: Toxic Spikes|[of] p1a: Iron Moth\n|-damage|p1a: Iron Moth|45\/100|[from] Stealth Rock\n|move|p2a: Ting-Lu|Ruination|p1a: Iron Moth\n|-damage|p1a: Iron Moth|23\/100\n|\n|-heal|p2a: Ting-Lu|82\/100|[from] item: Leftovers\n|upkeep\n|turn|13\n|inactive|KannaKiae has 90 seconds left.\n|\n|t:|1700700618\n|-end|p1a: Iron Moth|Quark Drive|[silent]\n|switch|p1a: Enamorus|Enamorus, F|100\/100\n|-damage|p1a: Enamorus|76\/100|[from] Stealth Rock\n|move|p2a: Ting-Lu|Earthquake|p1a: Enamorus\n|-immune|p1a: Enamorus\n|\n|-heal|p2a: Ting-Lu|88\/100|[from] item: Leftovers\n|upkeep\n|turn|14\n|inactive|KannaKiae has 90 seconds left.\n|\n|t:|1700700629\n|move|p1a: Enamorus|Moonblast|p2a: Ting-Lu\n|-supereffective|p2a: Ting-Lu\n|-crit|p2a: Ting-Lu\n|-damage|p2a: Ting-Lu|14\/100\n|move|p2a: Ting-Lu|Stone Edge|p1a: Enamorus|[miss]\n|-miss|p2a: Ting-Lu|p1a: Enamorus\n|\n|-heal|p2a: Ting-Lu|20\/100|[from] item: Leftovers\n|upkeep\n|turn|15\n|inactive|KannaKiae has 90 seconds left.\n|\n|t:|1700700639\n|move|p1a: Enamorus|Moonblast|p2a: Ting-Lu\n|-supereffective|p2a: Ting-Lu\n|-damage|p2a: Ting-Lu|0 fnt\n|faint|p2a: Ting-Lu\n|\n|upkeep\n|\n|t:|1700700642\n|switch|p2a: Zapdos|Zapdos|100\/100\n|turn|16\n|\n|t:|1700700652\n|move|p1a: Enamorus|Moonblast|p2a: Zapdos\n|-damage|p2a: Zapdos|41\/100\n|-unboost|p2a: Zapdos|spa|1\n|move|p2a: Zapdos|Thunderbolt|p1a: Enamorus\n|-supereffective|p1a: Enamorus\n|-damage|p1a: Enamorus|0 fnt\n|faint|p1a: Enamorus\n|\n|upkeep\n|\n|t:|1700700664\n|switch|p1a: Ogerpon|Ogerpon-Wellspring, F|84\/100\n|-damage|p1a: Ogerpon|72\/100|[from] Stealth Rock\n|turn|17\n|\n|t:|1700700670\n|move|p1a: Ogerpon|Swords Dance|p1a: Ogerpon\n|-boost|p1a: Ogerpon|atk|2\n|move|p2a: Zapdos|Thunderbolt|p1a: Ogerpon\n|-crit|p1a: Ogerpon\n|-damage|p1a: Ogerpon|0 fnt\n|faint|p1a: Ogerpon\n|\n|upkeep\n|\n|t:|1700700682\n|switch|p1a: Gholdengo|Gholdengo, tera:Fairy|84\/100\n|-damage|p1a: Gholdengo|71\/100|[from] Stealth Rock\n|turn|18\n|c|\u2606Agnine|Needed that\n|\n|t:|1700700694\n|move|p2a: Zapdos|Thunderbolt|p1a: Gholdengo\n|-damage|p1a: Gholdengo|37\/100\n|move|p1a: Gholdengo|Shadow Ball|p2a: Zapdos\n|-damage|p2a: Zapdos|0 fnt\n|faint|p2a: Zapdos\n|\n|upkeep\n|\n|t:|1700700707\n|switch|p2a: Gholdengo|Gholdengo|100\/100\n|turn|19\n|\n|t:|1700700716\n|move|p1a: Gholdengo|Shadow Ball|p2a: Gholdengo\n|-supereffective|p2a: Gholdengo\n|-damage|p2a: Gholdengo|15\/100\n|move|p2a: Gholdengo|Make It Rain|p1a: Gholdengo\n|-supereffective|p1a: Gholdengo\n|-damage|p1a: Gholdengo|0 fnt\n|-unboost|p2a: Gholdengo|spa|1\n|faint|p1a: Gholdengo\n|\n|-heal|p2a: Gholdengo|21\/100|[from] item: Leftovers\n|upkeep\n|\n|t:|1700700728\n|switch|p1a: Iron Moth|Iron Moth|23\/100\n|-damage|p1a: Iron Moth|0 fnt|[from] Stealth Rock\n|faint|p1a: Iron Moth\n|-end|p1a: Iron Moth|Quark Drive|[silent]\n|\n|t:|1700700732\n|switch|p1a: Kingambit|Kingambit, M|30\/100\n|-damage|p1a: Kingambit|24\/100|[from] Stealth Rock\n|-activate|p1a: Kingambit|ability: Supreme Overlord\n|-start|p1a: Kingambit|fallen5|[silent]\n|turn|20\n|inactive|KannaKiae has 120 seconds left.\n|\n|t:|1700700741\n|move|p1a: Kingambit|Sucker Punch|p2a: Gholdengo\n|-supereffective|p2a: Gholdengo\n|-damage|p2a: Gholdengo|0 fnt\n|faint|p2a: Gholdengo\n|\n|upkeep\n|\n|t:|1700700744\n|switch|p2a: Corviknight|Corviknight, F|66\/100\n|-ability|p2a: Corviknight|Pressure\n|turn|21\n|\n|t:|1700700754\n|move|p2a: Corviknight|Iron Defense|p2a: Corviknight\n|-boost|p2a: Corviknight|def|2\n|move|p1a: Kingambit|Kowtow Cleave|p2a: Corviknight\n|-damage|p2a: Corviknight|41\/100\n|-damage|p1a: Kingambit|8\/100|[from] item: Rocky Helmet|[of] p2a: Corviknight\n|\n|upkeep\n|turn|22\n|\n|t:|1700700761\n|move|p2a: Corviknight|Roost|p2a: Corviknight\n|-heal|p2a: Corviknight|91\/100\n|-singleturn|p2a: Corviknight|move: Roost\n|move|p1a: Kingambit|Kowtow Cleave|p2a: Corviknight\n|-crit|p2a: Corviknight\n|-damage|p2a: Corviknight|13\/100\n|-damage|p1a: Kingambit|0 fnt|[from] item: Rocky Helmet|[of] p2a: Corviknight\n|faint|p1a: Kingambit\n|-end|p1a: Kingambit|fallen5|[silent]\n|\n|win|Agnine\n|raw|KannaKiae's rating: 1388 &rarr; <strong>1363<\/strong><br \/>(-25 for losing)\n|raw|Agnine's rating: 1300 &rarr; <strong>1331<\/strong><br \/>(+31 for winning)\n|l|\u2606KannaKiae\n","uploadtime":1700700801,"views":7,"p1id":"kannakiae","p2id":"agnine","formatid":"gen9ou","rating":1331,"private":0,"password":""}