{"id":"gen9ou-1988564217","p1":"MetalMetalCharz","p2":"Testitify","format":"[Gen 9] OU","log":"|j|\u2606MetalMetalCharz\n|j|\u2606Testitify\n|t:|1699736596\n|gametype|singles\n|player|p1|MetalMetalCharz|1|1215\n|player|p2|Testitify|ltsurge|1235\n|teamsize|p1|6\n|teamsize|p2|6\n|gen|9\n|tier|[Gen 9] OU\n|rated|\n|rule|Sleep Clause Mod: Limit one foe put to sleep\n|rule|Species Clause: Limit one of each Pok\u00e9mon\n|rule|OHKO Clause: OHKO moves are banned\n|rule|Evasion Items Clause: Evasion items are banned\n|rule|Evasion Moves Clause: Evasion moves are banned\n|rule|Endless Battle Clause: Forcing endless battles is banned\n|rule|HP Percentage Mod: HP is shown in percentages\n|clearpoke\n|poke|p1|Dragonite, M|\n|poke|p1|Mamoswine, M|\n|poke|p1|Gardevoir, M|\n|poke|p1|Rotom-Wash|\n|poke|p1|Garganacl, M|\n|poke|p1|Scizor, F|\n|poke|p2|Ribombee, F|\n|poke|p2|Zapdos|\n|poke|p2|Iron Valiant|\n|poke|p2|Quaquaval, M|\n|poke|p2|Mamoswine, M|\n|poke|p2|Grafaiai, F|\n|teampreview\n|inactive|Battle timer is ON: inactive players will automatically lose when time's up. (requested by Testitify)\n|\n|t:|1699736599\n|start\n|switch|p1a: Scizor|Scizor, F|100\/100\n|switch|p2a: Ribombee|Ribombee, F|100\/100\n|turn|1\n|\n|t:|1699736606\n|move|p1a: Scizor|Bullet Punch|p2a: Ribombee\n|-supereffective|p2a: Ribombee\n|-enditem|p2a: Ribombee|Focus Sash\n|-damage|p2a: Ribombee|1\/100\n|move|p2a: Ribombee|Sticky Web|p1a: Scizor\n|-sidestart|p1: MetalMetalCharz|move: Sticky Web\n|\n|upkeep\n|turn|2\n|\n|t:|1699736610\n|switch|p2a: Quaquaval|Quaquaval, M|100\/100\n|move|p1a: Scizor|Defog|p2a: Quaquaval\n|-unboost|p2a: Quaquaval|evasion|1\n|-sideend|p1: MetalMetalCharz|Sticky Web|[from] move: Defog|[of] p1a: Scizor\n|-enditem|p2a: Quaquaval|White Herb\n|-clearnegativeboost|p2a: Quaquaval|[silent]\n|\n|upkeep\n|turn|3\n|\n|t:|1699736615\n|move|p2a: Quaquaval|Aqua Step|p1a: Scizor\n|-damage|p1a: Scizor|63\/100\n|-boost|p2a: Quaquaval|spe|1\n|move|p1a: Scizor|U-turn|p2a: Quaquaval\n|-resisted|p2a: Quaquaval\n|-damage|p2a: Quaquaval|75\/100\n|\n|t:|1699736620\n|switch|p1a: Rotom|Rotom-Wash|100\/100|[from] U-turn\n|\n|upkeep\n|turn|4\n|\n|t:|1699736627\n|switch|p2a: Zapdos|Zapdos|100\/100\n|move|p1a: Rotom|Will-O-Wisp|p2a: Zapdos\n|-status|p2a: Zapdos|brn\n|\n|-damage|p2a: Zapdos|94\/100 brn|[from] brn\n|upkeep\n|turn|5\n|\n|t:|1699736632\n|move|p2a: Zapdos|Discharge|p1a: Rotom\n|-damage|p1a: Rotom|51\/100\n|move|p1a: Rotom|Volt Switch|p2a: Zapdos\n|-damage|p2a: Zapdos|66\/100 brn\n|\n|t:|1699736636\n|switch|p1a: Mamoswine|Mamoswine, M|100\/100|[from] Volt Switch\n|\n|-damage|p2a: Zapdos|59\/100 brn|[from] brn\n|upkeep\n|turn|6\n|\n|t:|1699736640\n|switch|p2a: Quaquaval|Quaquaval, M|75\/100\n|move|p1a: Mamoswine|Icicle Spear|p2a: Quaquaval\n|-resisted|p2a: Quaquaval\n|-damage|p2a: Quaquaval|66\/100\n|-resisted|p2a: Quaquaval\n|-damage|p2a: Quaquaval|57\/100\n|-resisted|p2a: Quaquaval\n|-damage|p2a: Quaquaval|49\/100\n|-resisted|p2a: Quaquaval\n|-damage|p2a: Quaquaval|40\/100\n|-resisted|p2a: Quaquaval\n|-damage|p2a: Quaquaval|32\/100\n|-hitcount|p2a: Quaquaval|5\n|\n|upkeep\n|turn|7\n|\n|t:|1699736649\n|switch|p1a: Rotom|Rotom-Wash|51\/100\n|move|p2a: Quaquaval|Aqua Step|p1a: Rotom\n|-resisted|p1a: Rotom\n|-damage|p1a: Rotom|35\/100\n|-boost|p2a: Quaquaval|spe|1\n|\n|upkeep\n|turn|8\n|\n|t:|1699736652\n|move|p2a: Quaquaval|Acrobatics|p1a: Rotom\n|-resisted|p1a: Rotom\n|-damage|p1a: Rotom|20\/100\n|move|p1a: Rotom|Volt Switch|p2a: Quaquaval\n|-supereffective|p2a: Quaquaval\n|-damage|p2a: Quaquaval|0 fnt\n|faint|p2a: Quaquaval\n|\n|t:|1699736656\n|switch|p1a: Scizor|Scizor, F|63\/100|[from] Volt Switch\n|\n|-heal|p1a: Scizor|69\/100|[from] item: Leftovers\n|upkeep\n|\n|t:|1699736661\n|switch|p2a: Grafaiai|Grafaiai, F|100\/100\n|turn|9\n|\n|t:|1699736666\n|move|p2a: Grafaiai|Parting Shot|p1a: Scizor\n|-unboost|p1a: Scizor|atk|1\n|-unboost|p1a: Scizor|spa|1\n|\n|t:|1699736669\n|switch|p2a: Zapdos|Zapdos|59\/100 brn|[from] Parting Shot\n|move|p1a: Scizor|Knock Off|p2a: Zapdos\n|-damage|p2a: Zapdos|38\/100 brn\n|-damage|p1a: Scizor|53\/100|[from] item: Rocky Helmet|[of] p2a: Zapdos\n|-enditem|p2a: Zapdos|Rocky Helmet|[from] move: Knock Off|[of] p1a: Scizor\n|\n|-heal|p1a: Scizor|59\/100|[from] item: Leftovers\n|-damage|p2a: Zapdos|31\/100 brn|[from] brn\n|upkeep\n|turn|10\n|\n|t:|1699736676\n|move|p2a: Zapdos|Roost|p2a: Zapdos\n|-heal|p2a: Zapdos|82\/100 brn\n|-singleturn|p2a: Zapdos|move: Roost\n|move|p1a: Scizor|U-turn|p2a: Zapdos\n|-damage|p2a: Zapdos|56\/100 brn\n|\n|t:|1699736678\n|switch|p1a: Mamoswine|Mamoswine, M|100\/100|[from] U-turn\n|\n|-damage|p2a: Zapdos|49\/100 brn|[from] brn\n|upkeep\n|turn|11\n|\n|t:|1699736683\n|switch|p2a: Grafaiai|Grafaiai, F|100\/100\n|move|p1a: Mamoswine|Icicle Spear|p2a: Grafaiai\n|-crit|p2a: Grafaiai\n|-damage|p2a: Grafaiai|63\/100\n|-crit|p2a: Grafaiai\n|-damage|p2a: Grafaiai|29\/100\n|-damage|p2a: Grafaiai|5\/100\n|-damage|p2a: Grafaiai|0 fnt\n|faint|p2a: Grafaiai\n|-hitcount|p2: Grafaiai|4\n|\n|upkeep\n|\n|t:|1699736685\n|switch|p2a: Iron Valiant|Iron Valiant|100\/100\n|-enditem|p2a: Iron Valiant|Booster Energy\n|-activate|p2a: Iron Valiant|ability: Quark Drive|[fromitem]\n|-start|p2a: Iron Valiant|quarkdrivespe\n|turn|12\n|\n|t:|1699736695\n|switch|p1a: Rotom|Rotom-Wash|20\/100\n|move|p2a: Iron Valiant|Moonblast|p1a: Rotom\n|-damage|p1a: Rotom|0 fnt\n|faint|p1a: Rotom\n|\n|upkeep\n|\n|t:|1699736699\n|switch|p1a: Dragonite|Dragonite, M|100\/100\n|turn|13\n|\n|t:|1699736703\n|move|p2a: Iron Valiant|Moonblast|p1a: Dragonite\n|-supereffective|p1a: Dragonite\n|-crit|p1a: Dragonite\n|-damage|p1a: Dragonite|24\/100\n|move|p1a: Dragonite|Dragon Dance|p1a: Dragonite\n|-boost|p1a: Dragonite|atk|1\n|-boost|p1a: Dragonite|spe|1\n|\n|upkeep\n|turn|14\n|\n|t:|1699736710\n|move|p1a: Dragonite|Extreme Speed|p2a: Iron Valiant\n|-damage|p2a: Iron Valiant|44\/100\n|move|p2a: Iron Valiant|Moonblast|p1a: Dragonite\n|-supereffective|p1a: Dragonite\n|-damage|p1a: Dragonite|0 fnt\n|faint|p1a: Dragonite\n|\n|upkeep\n|\n|t:|1699736713\n|switch|p1a: Scizor|Scizor, F|59\/100\n|turn|15\n|\n|t:|1699736718\n|-terastallize|p2a: Iron Valiant|Electric\n|move|p1a: Scizor|Bullet Punch|p2a: Iron Valiant\n|-resisted|p2a: Iron Valiant\n|-damage|p2a: Iron Valiant|22\/100\n|move|p2a: Iron Valiant|Thunderbolt|p1a: Scizor\n|-damage|p1a: Scizor|9\/100\n|\n|-heal|p1a: Scizor|15\/100|[from] item: Leftovers\n|upkeep\n|turn|16\n|\n|t:|1699736729\n|move|p1a: Scizor|Bullet Punch|p2a: Iron Valiant\n|-resisted|p2a: Iron Valiant\n|-crit|p2a: Iron Valiant\n|-damage|p2a: Iron Valiant|0 fnt\n|faint|p2a: Iron Valiant\n|-end|p2a: Iron Valiant|Quark Drive|[silent]\n|\n|-heal|p1a: Scizor|21\/100|[from] item: Leftovers\n|upkeep\n|\n|t:|1699736732\n|switch|p2a: Mamoswine|Mamoswine, M|100\/100\n|turn|17\n|\n|t:|1699736736\n|move|p1a: Scizor|Bullet Punch|p2a: Mamoswine\n|-supereffective|p2a: Mamoswine\n|-damage|p2a: Mamoswine|37\/100\n|move|p2a: Mamoswine|Avalanche|p1a: Scizor\n|-resisted|p1a: Scizor\n|-damage|p1a: Scizor|0 fnt\n|faint|p1a: Scizor\n|\n|upkeep\n|\n|t:|1699736739\n|switch|p1a: Mamoswine|Mamoswine, M|100\/100\n|turn|18\n|\n|t:|1699736743\n|move|p1a: Mamoswine|Icicle Spear|p2a: Mamoswine\n|-damage|p2a: Mamoswine|29\/100\n|-damage|p2a: Mamoswine|23\/100\n|-crit|p2a: Mamoswine\n|-damage|p2a: Mamoswine|12\/100\n|-damage|p2a: Mamoswine|5\/100\n|-hitcount|p2a: Mamoswine|4\n|move|p2a: Mamoswine|Avalanche|p1a: Mamoswine\n|-damage|p1a: Mamoswine|66\/100\n|\n|upkeep\n|turn|19\n|\n|t:|1699736745\n|move|p1a: Mamoswine|Ice Shard|p2a: Mamoswine\n|-damage|p2a: Mamoswine|0 fnt\n|faint|p2a: Mamoswine\n|\n|upkeep\n|\n|t:|1699736748\n|switch|p2a: Zapdos|Zapdos|49\/100 brn\n|turn|20\n|\n|t:|1699736750\n|move|p1a: Mamoswine|Ice Shard|p2a: Zapdos\n|-supereffective|p2a: Zapdos\n|-damage|p2a: Zapdos|9\/100 brn\n|move|p2a: Zapdos|Hurricane|p1a: Mamoswine\n|-damage|p1a: Mamoswine|0 fnt\n|faint|p1a: Mamoswine\n|\n|-damage|p2a: Zapdos|3\/100 brn|[from] brn\n|upkeep\n|\n|t:|1699736753\n|switch|p1a: Gardevoir|Gardevoir, M|100\/100\n|-ability|p1a: Gardevoir|Static|[from] ability: Trace|[of] p2a: Zapdos\n|turn|21\n|\n|t:|1699736755\n|move|p1a: Gardevoir|Moonblast|p2a: Zapdos\n|-damage|p2a: Zapdos|0 fnt\n|faint|p2a: Zapdos\n|\n|upkeep\n|\n|t:|1699736756\n|switch|p2a: Ribombee|Ribombee, F|1\/100\n|turn|22\n|\n|t:|1699736757\n|move|p1a: Gardevoir|Moonblast|p2a: Ribombee\n|-damage|p2a: Ribombee|0 fnt\n|faint|p2a: Ribombee\n|\n|win|MetalMetalCharz\n|raw|MetalMetalCharz's rating: 1215 &rarr; <strong>1241<\/strong><br \/>(+26 for winning)\n|raw|Testitify's rating: 1235 &rarr; <strong>1209<\/strong><br \/>(-26 for losing)\n|l|\u2606Testitify\n","uploadtime":1699736774,"views":14,"p1id":"metalmetalcharz","p2id":"testitify","formatid":"gen9ou","rating":1209,"private":0,"password":""}