{"id":"gen9ou-1996569456","p1":"pelukas","p2":"d8nny","format":"[Gen 9] OU","log":"|j|\u2606pelukas\n|j|\u2606d8nny\n|t:|1700695414\n|gametype|singles\n|player|p1|pelukas|grimsley|1094\n|player|p2|d8nny|1|1239\n|teamsize|p1|6\n|teamsize|p2|6\n|gen|9\n|tier|[Gen 9] OU\n|rated|\n|rule|Sleep Clause Mod: Limit one foe put to sleep\n|rule|Species Clause: Limit one of each Pok\u00e9mon\n|rule|OHKO Clause: OHKO moves are banned\n|rule|Evasion Items Clause: Evasion items are banned\n|rule|Evasion Moves Clause: Evasion moves are banned\n|rule|Endless Battle Clause: Forcing endless battles is banned\n|rule|HP Percentage Mod: HP is shown in percentages\n|clearpoke\n|poke|p1|Zapdos|\n|poke|p1|Mienshao, F|\n|poke|p1|Ogerpon-Wellspring, F|\n|poke|p1|Hoopa-Unbound|\n|poke|p1|Goodra-Hisui, F|\n|poke|p1|Diancie|\n|poke|p2|Muk-Alola, M|\n|poke|p2|Rotom-Wash|\n|poke|p2|Chandelure, F|\n|poke|p2|Chesnaught, F|\n|poke|p2|Decidueye, F|\n|poke|p2|Gholdengo|\n|teampreview\n|inactive|Battle timer is ON: inactive players will automatically lose when time's up. (requested by pelukas)\n|\n|t:|1700695427\n|start\n|switch|p1a: Mienshao|Mienshao, F, shiny|100\/100\n|switch|p2a: Decidueye|Decidueye, F|100\/100\n|turn|1\n|\n|t:|1700695434\n|move|p1a: Mienshao|U-turn|p2a: Decidueye\n|-damage|p2a: Decidueye|74\/100\n|\n|t:|1700695438\n|switch|p1a: Zapdos|Zapdos|100\/100|[from] U-turn\n|move|p2a: Decidueye|Leaf Blade|p1a: Zapdos\n|-resisted|p1a: Zapdos\n|-damage|p1a: Zapdos|78\/100\n|\n|upkeep\n|turn|2\n|\n|t:|1700695450\n|switch|p2a: Rotom|Rotom-Wash|100\/100\n|move|p1a: Zapdos|Hurricane|p2a: Rotom\n|-resisted|p2a: Rotom\n|-damage|p2a: Rotom|74\/100\n|\n|upkeep\n|turn|3\n|\n|t:|1700695456\n|move|p1a: Zapdos|Volt Switch|p2a: Rotom\n|-damage|p2a: Rotom|33\/100\n|\n|t:|1700695461\n|switch|p1a: Goodra|Goodra-Hisui, F|100\/100|[from] Volt Switch\n|move|p2a: Rotom|Will-O-Wisp|p1a: Goodra\n|-status|p1a: Goodra|brn\n|\n|-damage|p1a: Goodra|94\/100 brn|[from] brn\n|upkeep\n|turn|4\n|\n|t:|1700695474\n|move|p2a: Rotom|Nasty Plot|p2a: Rotom\n|-boost|p2a: Rotom|spa|2\n|move|p1a: Goodra|Draco Meteor|p2a: Rotom\n|-damage|p2a: Rotom|0 fnt\n|-unboost|p1a: Goodra|spa|2\n|faint|p2a: Rotom\n|\n|-damage|p1a: Goodra|88\/100 brn|[from] brn\n|upkeep\n|\n|t:|1700695481\n|switch|p2a: Decidueye|Decidueye, F|74\/100\n|turn|5\n|\n|t:|1700695485\n|move|p2a: Decidueye|Spirit Shackle|p1a: Goodra\n|-damage|p1a: Goodra|48\/100 brn\n|-activate|p1a: Goodra|trapped\n|move|p1a: Goodra|Fire Blast|p2a: Decidueye|[miss]\n|-miss|p1a: Goodra|p2a: Decidueye\n|\n|-damage|p1a: Goodra|42\/100 brn|[from] brn\n|upkeep\n|turn|6\n|\n|t:|1700695495\n|move|p2a: Decidueye|Spirit Shackle|p1a: Goodra\n|-damage|p1a: Goodra|1\/100 brn\n|move|p1a: Goodra|Fire Blast|p2a: Decidueye\n|-supereffective|p2a: Decidueye\n|-damage|p2a: Decidueye|36\/100\n|\n|-damage|p1a: Goodra|0 fnt|[from] brn\n|faint|p1a: Goodra\n|upkeep\n|\n|t:|1700695502\n|switch|p1a: Mienshao|Mienshao, F, shiny|100\/100\n|turn|7\n|\n|t:|1700695506\n|move|p1a: Mienshao|Knock Off|p2a: Decidueye\n|-supereffective|p2a: Decidueye\n|-damage|p2a: Decidueye|0 fnt\n|-enditem|p2a: Decidueye|Lum Berry|[from] move: Knock Off|[of] p1a: Mienshao\n|faint|p2a: Decidueye\n|\n|upkeep\n|\n|t:|1700695511\n|switch|p2a: Muk|Muk-Alola, M|100\/100\n|turn|8\n|\n|t:|1700695514\n|move|p1a: Mienshao|U-turn|p2a: Muk\n|-damage|p2a: Muk|74\/100\n|\n|t:|1700695518\n|switch|p1a: Zapdos|Zapdos|78\/100|[from] U-turn\n|move|p2a: Muk|Poison Jab|p1a: Zapdos\n|-damage|p1a: Zapdos|43\/100\n|\n|upkeep\n|turn|9\n|\n|t:|1700695524\n|move|p1a: Zapdos|Roost|p1a: Zapdos\n|-heal|p1a: Zapdos|93\/100\n|-singleturn|p1a: Zapdos|move: Roost\n|move|p2a: Muk|Knock Off|p1a: Zapdos\n|-damage|p1a: Zapdos|48\/100\n|-status|p1a: Zapdos|psn|[from] ability: Poison Touch|[of] p2a: Muk\n|-enditem|p1a: Zapdos|Heavy-Duty Boots|[from] move: Knock Off|[of] p2a: Muk\n|\n|-damage|p1a: Zapdos|35\/100 psn|[from] psn\n|upkeep\n|turn|10\n|\n|t:|1700695535\n|switch|p2a: Chandelure|Chandelure, F|100\/100\n|move|p1a: Zapdos|Volt Switch|p2a: Chandelure\n|-damage|p2a: Chandelure|60\/100\n|\n|t:|1700695541\n|switch|p1a: Mienshao|Mienshao, F, shiny|100\/100|[from] Volt Switch\n|\n|-heal|p2a: Chandelure|66\/100|[from] item: Leftovers\n|upkeep\n|turn|11\n|\n|t:|1700695546\n|switch|p2a: Muk|Muk-Alola, M|74\/100\n|move|p1a: Mienshao|Knock Off|p2a: Muk\n|-resisted|p2a: Muk\n|-damage|p2a: Muk|57\/100\n|-enditem|p2a: Muk|Expert Belt|[from] move: Knock Off|[of] p1a: Mienshao\n|\n|upkeep\n|turn|12\n|\n|t:|1700695551\n|move|p1a: Mienshao|U-turn|p2a: Muk\n|-damage|p2a: Muk|34\/100\n|\n|t:|1700695555\n|switch|p1a: Hoopa|Hoopa-Unbound|100\/100|[from] U-turn\n|move|p2a: Muk|Poison Jab|p1a: Hoopa\n|-damage|p1a: Hoopa|27\/100\n|\n|upkeep\n|turn|13\n|\n|t:|1700695560\n|move|p1a: Hoopa|Drain Punch|p2a: Muk\n|-damage|p2a: Muk|0 fnt\n|-heal|p1a: Hoopa|50\/100|[from] drain|[of] p2a: Muk\n|faint|p2a: Muk\n|\n|upkeep\n|\n|t:|1700695566\n|switch|p2a: Chesnaught|Chesnaught, F|100\/100\n|turn|14\n|\n|t:|1700695569\n|switch|p1a: Zapdos|Zapdos|35\/100 psn\n|move|p2a: Chesnaught|Leech Seed|p1a: Zapdos|[miss]\n|-miss|p2a: Chesnaught|p1a: Zapdos\n|\n|-damage|p1a: Zapdos|23\/100 psn|[from] psn\n|upkeep\n|turn|15\n|\n|t:|1700695576\n|switch|p2a: Gholdengo|Gholdengo|100\/100\n|move|p1a: Zapdos|Roost|p1a: Zapdos\n|-heal|p1a: Zapdos|73\/100 psn\n|-singleturn|p1a: Zapdos|move: Roost\n|\n|-damage|p1a: Zapdos|60\/100 psn|[from] psn\n|upkeep\n|turn|16\n|\n|t:|1700695581\n|move|p1a: Zapdos|Heat Wave|p2a: Gholdengo\n|-supereffective|p2a: Gholdengo\n|-damage|p2a: Gholdengo|42\/100\n|-status|p2a: Gholdengo|brn\n|move|p2a: Gholdengo|Shadow Ball|p1a: Zapdos\n|-damage|p1a: Zapdos|16\/100 psn\n|\n|-damage|p1a: Zapdos|3\/100 psn|[from] psn\n|-damage|p2a: Gholdengo|36\/100 brn|[from] brn\n|upkeep\n|turn|17\n|\n|t:|1700695590\n|switch|p2a: Chandelure|Chandelure, F|66\/100\n|move|p1a: Zapdos|Volt Switch|p2a: Chandelure\n|-damage|p2a: Chandelure|28\/100\n|\n|t:|1700695596\n|switch|p1a: Ogerpon|Ogerpon-Wellspring, F|100\/100|[from] Volt Switch\n|\n|-heal|p2a: Chandelure|34\/100|[from] item: Leftovers\n|upkeep\n|turn|18\n|\n|t:|1700695602\n|move|p1a: Ogerpon|Ivy Cudgel|p2a: Chandelure|[anim] Ivy Cudgel Water\n|-supereffective|p2a: Chandelure\n|-crit|p2a: Chandelure\n|-damage|p2a: Chandelure|0 fnt\n|faint|p2a: Chandelure\n|\n|upkeep\n|\n|t:|1700695604\n|switch|p2a: Chesnaught|Chesnaught, F|100\/100\n|turn|19\n|\n|t:|1700695612\n|switch|p1a: Diancie|Diancie|100\/100\n|move|p2a: Chesnaught|Drain Punch|p1a: Diancie\n|-crit|p1a: Diancie\n|-damage|p1a: Diancie|70\/100\n|\n|-heal|p1a: Diancie|76\/100|[from] item: Leftovers\n|upkeep\n|turn|20\n|\n|t:|1700695620\n|-terastallize|p2a: Chesnaught|Steel\n|move|p2a: Chesnaught|Leech Seed|p1a: Diancie\n|-start|p1a: Diancie|move: Leech Seed\n|move|p1a: Diancie|Draining Kiss|p2a: Chesnaught\n|-resisted|p2a: Chesnaught\n|-damage|p2a: Chesnaught|92\/100\n|-heal|p1a: Diancie|85\/100|[from] drain|[of] p2a: Chesnaught\n|\n|-heal|p1a: Diancie|91\/100|[from] item: Leftovers\n|-damage|p1a: Diancie|79\/100|[from] Leech Seed|[of] p2a: Chesnaught\n|-heal|p2a: Chesnaught|100\/100|[silent]\n|upkeep\n|turn|21\n|\n|t:|1700695625\n|switch|p1a: Mienshao|Mienshao, F, shiny|100\/100\n|move|p2a: Chesnaught|Substitute|p2a: Chesnaught\n|-start|p2a: Chesnaught|Substitute\n|-damage|p2a: Chesnaught|75\/100\n|\n|upkeep\n|turn|22\n|\n|t:|1700695632\n|move|p2a: Chesnaught|Spiky Shield|p2a: Chesnaught\n|-singleturn|p2a: Chesnaught|move: Protect\n|move|p1a: Mienshao|Knock Off|p2a: Chesnaught\n|-activate|p2a: Chesnaught|move: Protect\n|-damage|p1a: Mienshao|88\/100|[from] Spiky Shield|[of] p2a: Chesnaught\n|\n|upkeep\n|turn|23\n|\n|t:|1700695638\n|move|p1a: Mienshao|Knock Off|p2a: Chesnaught\n|-end|p2a: Chesnaught|Substitute\n|move|p2a: Chesnaught|Leech Seed|p1a: Mienshao\n|-start|p1a: Mienshao|move: Leech Seed\n|\n|-damage|p1a: Mienshao|76\/100|[from] Leech Seed|[of] p2a: Chesnaught\n|-heal|p2a: Chesnaught|87\/100|[silent]\n|upkeep\n|turn|24\n|\n|t:|1700695644\n|-terastallize|p1a: Mienshao|Fighting\n|move|p2a: Chesnaught|Spiky Shield|p2a: Chesnaught\n|-singleturn|p2a: Chesnaught|move: Protect\n|move|p1a: Mienshao|Close Combat|p2a: Chesnaught\n|-activate|p2a: Chesnaught|move: Protect\n|-damage|p1a: Mienshao|64\/100|[from] Spiky Shield|[of] p2a: Chesnaught\n|\n|-damage|p1a: Mienshao|52\/100|[from] Leech Seed|[of] p2a: Chesnaught\n|-heal|p2a: Chesnaught|98\/100|[silent]\n|upkeep\n|turn|25\n|\n|t:|1700695652\n|switch|p2a: Gholdengo|Gholdengo|36\/100 brn\n|move|p1a: Mienshao|Knock Off|p2a: Gholdengo\n|-supereffective|p2a: Gholdengo\n|-crit|p2a: Gholdengo\n|-damage|p2a: Gholdengo|0 fnt\n|-enditem|p2a: Gholdengo|Salac Berry|[from] move: Knock Off|[of] p1a: Mienshao\n|faint|p2a: Gholdengo\n|\n|upkeep\n|\n|t:|1700695658\n|switch|p2a: Chesnaught|Chesnaught, F, tera:Steel|98\/100\n|turn|26\n|\n|t:|1700695662\n|switch|p1a: Diancie|Diancie|79\/100\n|move|p2a: Chesnaught|Drain Punch|p1a: Diancie\n|-damage|p1a: Diancie|60\/100\n|-heal|p2a: Chesnaught|100\/100|[from] drain|[of] p1a: Diancie\n|\n|-heal|p1a: Diancie|66\/100|[from] item: Leftovers\n|upkeep\n|turn|27\n|\n|t:|1700695666\n|move|p2a: Chesnaught|Substitute|p2a: Chesnaught\n|-start|p2a: Chesnaught|Substitute\n|-damage|p2a: Chesnaught|75\/100\n|move|p1a: Diancie|Body Press|p2a: Chesnaught\n|-supereffective|p2a: Chesnaught\n|-end|p2a: Chesnaught|Substitute\n|\n|-heal|p1a: Diancie|72\/100|[from] item: Leftovers\n|upkeep\n|turn|28\n|\n|t:|1700695670\n|move|p2a: Chesnaught|Leech Seed|p1a: Diancie\n|-start|p1a: Diancie|move: Leech Seed\n|move|p1a: Diancie|Diamond Storm|p2a: Chesnaught\n|-resisted|p2a: Chesnaught\n|-damage|p2a: Chesnaught|63\/100\n|-boost|p1a: Diancie|def|2\n|\n|-heal|p1a: Diancie|79\/100|[from] item: Leftovers\n|-damage|p1a: Diancie|66\/100|[from] Leech Seed|[of] p2a: Chesnaught\n|-heal|p2a: Chesnaught|74\/100|[silent]\n|upkeep\n|turn|29\n|\n|t:|1700695689\n|switch|p1a: Mienshao|Mienshao, F, shiny, tera:Fighting|85\/100\n|move|p2a: Chesnaught|Substitute|p2a: Chesnaught\n|-start|p2a: Chesnaught|Substitute\n|-damage|p2a: Chesnaught|49\/100\n|\n|upkeep\n|turn|30\n|\n|t:|1700695695\n|move|p1a: Mienshao|Knock Off|p2a: Chesnaught\n|-activate|p2a: Chesnaught|move: Substitute|[damage]\n|move|p2a: Chesnaught|Leech Seed|p1a: Mienshao\n|-start|p1a: Mienshao|move: Leech Seed\n|\n|-damage|p1a: Mienshao|73\/100|[from] Leech Seed|[of] p2a: Chesnaught\n|-heal|p2a: Chesnaught|61\/100|[silent]\n|upkeep\n|turn|31\n|\n|t:|1700695702\n|move|p2a: Chesnaught|Spiky Shield|p2a: Chesnaught\n|-singleturn|p2a: Chesnaught|move: Protect\n|move|p1a: Mienshao|U-turn|p2a: Chesnaught\n|-activate|p2a: Chesnaught|move: Protect\n|-damage|p1a: Mienshao|61\/100|[from] Spiky Shield|[of] p2a: Chesnaught\n|\n|-damage|p1a: Mienshao|48\/100|[from] Leech Seed|[of] p2a: Chesnaught\n|-heal|p2a: Chesnaught|72\/100|[silent]\n|upkeep\n|turn|32\n|\n|t:|1700695709\n|switch|p1a: Zapdos|Zapdos|3\/100 psn\n|move|p2a: Chesnaught|Substitute|p2a: Chesnaught\n|-fail|p2a: Chesnaught|move: Substitute\n|\n|-damage|p1a: Zapdos|0 fnt|[from] psn\n|faint|p1a: Zapdos\n|upkeep\n|\n|t:|1700695711\n|switch|p1a: Hoopa|Hoopa-Unbound|50\/100\n|turn|33\n|\n|t:|1700695713\n|move|p1a: Hoopa|Hyperspace Fury|p2a: Chesnaught\n|-damage|p2a: Chesnaught|7\/100\n|-unboost|p1a: Hoopa|def|1\n|move|p2a: Chesnaught|Leech Seed|p1a: Hoopa\n|-start|p1a: Hoopa|move: Leech Seed\n|\n|-damage|p1a: Hoopa|38\/100|[from] Leech Seed|[of] p2a: Chesnaught\n|-heal|p2a: Chesnaught|20\/100|[silent]\n|upkeep\n|turn|34\n|\n|t:|1700695719\n|move|p1a: Hoopa|Hyperspace Fury|p2a: Chesnaught\n|-damage|p2a: Chesnaught|0 fnt\n|-unboost|p1a: Hoopa|def|1\n|faint|p2a: Chesnaught\n|\n|win|pelukas\n|raw|pelukas's rating: 1094 &rarr; <strong>1130<\/strong><br \/>(+36 for winning)\n|raw|d8nny's rating: 1239 &rarr; <strong>1204<\/strong><br \/>(-35 for losing)\n|l|\u2606d8nny\n|l|\u2606pelukas\n|j|\u2606pelukas\n|player|p1|pelukas|grimsley\n","uploadtime":1700695730,"views":21,"p1id":"pelukas","p2id":"d8nny","formatid":"gen9ou","rating":1130,"private":0,"password":""}