{"id":"gen9ou-1996836912","p1":"power-trip7","p2":"stupid zazou","format":"[Gen 9] OU","log":"|j|\u2606power-trip7\n|j|\u2606stupid zazou\n|t:|1700733179\n|gametype|singles\n|player|p1|power-trip7|102|1673\n|player|p2|stupid zazou|policeman|1618\n|teamsize|p1|6\n|teamsize|p2|6\n|gen|9\n|tier|[Gen 9] OU\n|rated|\n|rule|Sleep Clause Mod: Limit one foe put to sleep\n|rule|Species Clause: Limit one of each Pok\u00e9mon\n|rule|OHKO Clause: OHKO moves are banned\n|rule|Evasion Items Clause: Evasion items are banned\n|rule|Evasion Moves Clause: Evasion moves are banned\n|rule|Endless Battle Clause: Forcing endless battles is banned\n|rule|HP Percentage Mod: HP is shown in percentages\n|clearpoke\n|poke|p1|Heatran, F|\n|poke|p1|Tornadus-Therian, M|\n|poke|p1|Ogerpon-Cornerstone, F|\n|poke|p1|Great Tusk|\n|poke|p1|Hatterene, F|\n|poke|p1|Toxapex, F|\n|poke|p2|Alomomola, F|\n|poke|p2|Slowking-Galar, F|\n|poke|p2|Kingambit, F|\n|poke|p2|Great Tusk|\n|poke|p2|Cinderace, F|\n|poke|p2|Thundurus-Therian, M|\n|teampreview\n|l|\u2606power-trip7\n|player|p1|\n|j|\u2606power-trip7\n|player|p1|power-trip7|102\n|l|\u2606power-trip7\n|player|p1|\n|j|\u2606power-trip7\n|player|p1|power-trip7|102\n|inactive|Battle timer is ON: inactive players will automatically lose when time's up. (requested by stupid zazou)\n|\n|t:|1700733237\n|start\n|switch|p1a: He Ran|Heatran, F|100\/100\n|switch|p2a: Cinderace|Cinderace, F|100\/100\n|turn|1\n|\n|t:|1700733240\n|move|p1a: He Ran|Protect|p1a: He Ran\n|-singleturn|p1a: He Ran|Protect\n|move|p2a: Cinderace|U-turn|p1a: He Ran\n|-start|p2a: Cinderace|typechange|Bug|[from] ability: Libero\n|-activate|p1a: He Ran|move: Protect\n|\n|upkeep\n|turn|2\n|\n|t:|1700733258\n|move|p2a: Cinderace|U-turn|p1a: He Ran\n|-resisted|p1a: He Ran\n|-damage|p1a: He Ran|94\/100\n|\n|t:|1700733266\n|switch|p2a: Alomomola|Alomomola, F|100\/100|[from] U-turn\n|move|p1a: He Ran|Magma Storm|p2a: Alomomola\n|-resisted|p2a: Alomomola\n|-damage|p2a: Alomomola|82\/100\n|-activate|p2a: Alomomola|move: Magma Storm|[of] p1a: He Ran\n|-enditem|p2a: Alomomola|Red Card|[of] p1a: He Ran\n|drag|p1a: Trisha|Toxapex, F|100\/100\n|\n|-end|p2a: Alomomola|Magma Storm|[partiallytrapped]|[silent]\n|upkeep\n|turn|3\n|\n|t:|1700733287\n|move|p2a: Alomomola|Flip Turn|p1a: Trisha\n|-resisted|p1a: Trisha\n|-damage|p1a: Trisha|94\/100\n|\n|t:|1700733291\n|switch|p2a: Slowking|Slowking-Galar, F|100\/100|[from] Flip Turn\n|move|p1a: Trisha|Toxic Spikes|p2a: Slowking\n|-sidestart|p2: stupid zazou|move: Toxic Spikes\n|\n|-heal|p1a: Trisha|99\/100|[from] item: Leftovers\n|upkeep\n|turn|4\n|\n|t:|1700733302\n|switch|p1a: Gold|Tornadus-Therian, M|100\/100\n|move|p2a: Slowking|Future Sight|p1a: Gold\n|-start|p2a: Slowking|move: Future Sight\n|\n|upkeep\n|turn|5\n|\n|t:|1700733330\n|move|p1a: Gold|Knock Off|p2a: Slowking\n|-supereffective|p2a: Slowking\n|-damage|p2a: Slowking|56\/100\n|-enditem|p2a: Slowking|Heavy-Duty Boots|[from] move: Knock Off|[of] p1a: Gold\n|move|p2a: Slowking|Chilly Reception|p2a: Slowking\n|-weather|Snow\n|inactive|stupid zazou has 120 seconds left.\n|\n|t:|1700733350\n|switch|p2a: Thundurus|Thundurus-Therian, M|100\/100|[from] Chilly Reception\n|\n|-weather|Snow|[upkeep]\n|upkeep\n|turn|6\n|j| deneme12\n|\n|t:|1700733364\n|switch|p1a: He Ran|Heatran, F|94\/100\n|move|p2a: Thundurus|Volt Switch|p1a: He Ran\n|-damage|p1a: He Ran|57\/100\n|j| t-modesty\n|\n|t:|1700733374\n|switch|p2a: Slowking|Slowking-Galar, F|89\/100|[from] Volt Switch\n|-sideend|p2: stupid zazou|move: Toxic Spikes|[of] p2a: Slowking\n|\n|-weather|Snow|[upkeep]\n|-end|p1a: He Ran|move: Future Sight\n|-resisted|p1a: He Ran\n|-damage|p1a: He Ran|44\/100\n|-heal|p1a: He Ran|50\/100|[from] item: Leftovers\n|upkeep\n|turn|7\n|\n|t:|1700733382\n|move|p1a: He Ran|Magma Storm|p2a: Slowking\n|-damage|p2a: Slowking|65\/100\n|-activate|p2a: Slowking|move: Magma Storm|[of] p1a: He Ran\n|move|p2a: Slowking|Chilly Reception|p2a: Slowking\n|inactive|stupid zazou has 120 seconds left.\n|\n|t:|1700733401\n|switch|p2a: Great Tusk|Great Tusk|100\/100|[from] Chilly Reception\n|\n|-weather|Snow|[upkeep]\n|-heal|p1a: He Ran|56\/100|[from] item: Leftovers\n|upkeep\n|turn|8\n|\n|t:|1700733408\n|move|p1a: He Ran|Protect|p1a: He Ran\n|-singleturn|p1a: He Ran|Protect\n|move|p2a: Great Tusk|Headlong Rush|p1a: He Ran\n|-activate|p1a: He Ran|move: Protect\n|\n|-weather|Snow|[upkeep]\n|-heal|p1a: He Ran|62\/100|[from] item: Leftovers\n|upkeep\n|turn|9\n|\n|t:|1700733413\n|switch|p1a: Trish|Hatterene, F|100\/100\n|move|p2a: Great Tusk|Ice Spinner|p1a: Trish\n|-damage|p1a: Trish|77\/100\n|\n|-weather|none\n|-heal|p1a: Trish|83\/100|[from] item: Leftovers\n|upkeep\n|turn|10\n|\n|t:|1700733422\n|-end|p2a: Great Tusk|Protosynthesis|[silent]\n|switch|p2a: Slowking|Slowking-Galar, F|98\/100\n|move|p1a: Trish|Nuzzle|p2a: Slowking\n|-damage|p2a: Slowking|94\/100\n|-status|p2a: Slowking|par\n|\n|-heal|p1a: Trish|89\/100|[from] item: Leftovers\n|upkeep\n|turn|11\n|\n|t:|1700733428\n|switch|p1a: He Ran|Heatran, F|62\/100\n|move|p2a: Slowking|Future Sight|p1a: He Ran\n|-start|p2a: Slowking|move: Future Sight\n|\n|-heal|p1a: He Ran|68\/100|[from] item: Leftovers\n|upkeep\n|turn|12\n|\n|t:|1700733435\n|move|p1a: He Ran|Taunt|p2a: Slowking\n|-start|p2a: Slowking|move: Taunt\n|cant|p2a: Slowking|move: Taunt|Chilly Reception\n|\n|-heal|p1a: He Ran|75\/100|[from] item: Leftovers\n|upkeep\n|turn|13\n|\n|t:|1700733438\n|switch|p2a: Alomomola|Alomomola, F|100\/100\n|move|p1a: He Ran|Magma Storm|p2a: Alomomola|[miss]\n|-miss|p1a: He Ran|p2a: Alomomola\n|\n|-end|p1a: He Ran|move: Future Sight\n|-resisted|p1a: He Ran\n|-damage|p1a: He Ran|61\/100\n|-heal|p1a: He Ran|67\/100|[from] item: Leftovers\n|upkeep\n|turn|14\n|\n|t:|1700733445\n|move|p1a: He Ran|Protect|p1a: He Ran\n|-singleturn|p1a: He Ran|Protect\n|move|p2a: Alomomola|Flip Turn|p1a: He Ran\n|-activate|p1a: He Ran|move: Protect\n|\n|-heal|p1a: He Ran|73\/100|[from] item: Leftovers\n|upkeep\n|turn|15\n|\n|t:|1700733464\n|move|p1a: He Ran|Taunt|p2a: Alomomola\n|-start|p2a: Alomomola|move: Taunt\n|move|p2a: Alomomola|Flip Turn|p1a: He Ran\n|-supereffective|p1a: He Ran\n|-damage|p1a: He Ran|48\/100\n|\n|t:|1700733470\n|switch|p2a: Great Tusk|Great Tusk|100\/100|[from] Flip Turn\n|\n|-heal|p1a: He Ran|54\/100|[from] item: Leftovers\n|upkeep\n|turn|16\n|\n|t:|1700733476\n|switch|p1a: Trish|Hatterene, F|89\/100\n|move|p2a: Great Tusk|Headlong Rush|p1a: Trish\n|-damage|p1a: Trish|40\/100\n|-unboost|p2a: Great Tusk|def|1\n|-unboost|p2a: Great Tusk|spd|1\n|\n|-heal|p1a: Trish|46\/100|[from] item: Leftovers\n|upkeep\n|turn|17\n|\n|t:|1700733493\n|-terastallize|p1a: Trish|Flying\n|move|p2a: Great Tusk|Headlong Rush|p1a: Trish\n|-immune|p1a: Trish\n|move|p1a: Trish|Draining Kiss|p2a: Great Tusk\n|-supereffective|p2a: Great Tusk\n|-damage|p2a: Great Tusk|0 fnt\n|-heal|p1a: Trish|100\/100|[from] drain|[of] p2a: Great Tusk\n|-damage|p1a: Trish|84\/100|[from] item: Rocky Helmet|[of] p2a: Great Tusk\n|faint|p2a: Great Tusk\n|-end|p2a: Great Tusk|Protosynthesis|[silent]\n|\n|-heal|p1a: Trish|90\/100|[from] item: Leftovers\n|upkeep\n|j| mew852\n|c|\u2606stupid zazou|tera is balanced\n|\n|t:|1700733511\n|switch|p2a: Thundurus|Thundurus-Therian, M|100\/100\n|turn|18\n|j| Sergemi\n|inactive|stupid zazou has 120 seconds left.\n|j| No Nice Names Left\n|inactive|power-trip7 has 120 seconds left.\n|\n|t:|1700733554\n|switch|p1a: Ben|Great Tusk, shiny|100\/100\n|move|p2a: Thundurus|Volt Switch|p1a: Ben\n|-immune|p1a: Ben\n|\n|upkeep\n|turn|19\n|j| Yuriaa\n|\n|t:|1700733560\n|switch|p2a: Alomomola|Alomomola, F|100\/100\n|-end|p1a: Ben|Protosynthesis|[silent]\n|switch|p1a: He Ran|Heatran, F|54\/100\n|\n|-heal|p1a: He Ran|60\/100|[from] item: Leftovers\n|upkeep\n|turn|20\n|\n|t:|1700733566\n|move|p1a: He Ran|Protect|p1a: He Ran\n|-singleturn|p1a: He Ran|Protect\n|move|p2a: Alomomola|Wish|p2a: Alomomola\n|\n|-heal|p1a: He Ran|66\/100|[from] item: Leftovers\n|upkeep\n|turn|21\n|j| ayayaphone\n|inactive|power-trip7 has 120 seconds left.\n|inactive|power-trip7 has 90 seconds left.\n|\n|t:|1700733616\n|move|p1a: He Ran|Magma Storm|p2a: Alomomola\n|-resisted|p2a: Alomomola\n|-damage|p2a: Alomomola|81\/100\n|-activate|p2a: Alomomola|move: Magma Storm|[of] p1a: He Ran\n|move|p2a: Alomomola|Flip Turn|p1a: He Ran\n|-supereffective|p1a: He Ran\n|-damage|p1a: He Ran|38\/100\n|\n|t:|1700733636\n|switch|p2a: Kingambit|Kingambit, F|100\/100|[from] Flip Turn\n|-activate|p2a: Kingambit|ability: Supreme Overlord\n|-start|p2a: Kingambit|fallen1|[silent]\n|\n|-heal|p1a: He Ran|44\/100|[from] item: Leftovers\n|upkeep\n|turn|22\n|\n|t:|1700733644\n|switch|p1a: Ben|Great Tusk, shiny|100\/100\n|move|p2a: Kingambit|Kowtow Cleave|p1a: Ben\n|-resisted|p1a: Ben\n|-damage|p1a: Ben|88\/100\n|\n|-heal|p1a: Ben|94\/100|[from] item: Leftovers\n|upkeep\n|turn|23\n|\n|t:|1700733651\n|-end|p1a: Ben|Protosynthesis|[silent]\n|switch|p1a: He Ran|Heatran, F|44\/100\n|-end|p2a: Kingambit|fallen1|[silent]\n|switch|p2a: Alomomola|Alomomola, F|100\/100\n|\n|-heal|p1a: He Ran|50\/100|[from] item: Leftovers\n|upkeep\n|turn|24\n|\n|t:|1700733660\n|move|p1a: He Ran|Taunt|p2a: Alomomola\n|-start|p2a: Alomomola|move: Taunt\n|move|p2a: Alomomola|Flip Turn|p1a: He Ran\n|-supereffective|p1a: He Ran\n|-damage|p1a: He Ran|24\/100\n|c| No Nice Names Left|\u2606stupid zazou: tera is balanced => Indeed! Only bad players could not read that obvious next move!\n|\n|t:|1700733686\n|switch|p2a: Thundurus|Thundurus-Therian, M|100\/100|[from] Flip Turn\n|\n|-heal|p1a: He Ran|30\/100|[from] item: Leftovers\n|upkeep\n|turn|25\n|inactive|stupid zazou has 120 seconds left.\n|l| t-modesty\n|\n|t:|1700733708\n|switch|p2a: Alomomola|Alomomola, F|100\/100\n|move|p1a: He Ran|Protect||[still]\n|-fail|p1a: He Ran\n|\n|-heal|p1a: He Ran|36\/100|[from] item: Leftovers\n|upkeep\n|turn|26\n|inactive|power-trip7 has 120 seconds left.\n|\n|t:|1700733713\n|switch|p1a: Trisha|Toxapex, F|100\/100\n|move|p2a: Alomomola|Flip Turn|p1a: Trisha\n|-resisted|p1a: Trisha\n|-damage|p1a: Trisha|95\/100\n|\n|t:|1700733720\n|switch|p2a: Thundurus|Thundurus-Therian, M|100\/100|[from] Flip Turn\n|\n|-heal|p1a: Trisha|100\/100|[from] item: Leftovers\n|upkeep\n|turn|27\n|\n|t:|1700733731\n|move|p2a: Thundurus|Volt Switch|p1a: Trisha\n|-supereffective|p1a: Trisha\n|-damage|p1a: Trisha|21\/100\n|\n|t:|1700733741\n|switch|p2a: Slowking|Slowking-Galar, F|100\/100 par|[from] Volt Switch\n|move|p1a: Trisha|Recover|p1a: Trisha\n|-heal|p1a: Trisha|71\/100\n|\n|-heal|p1a: Trisha|77\/100|[from] item: Leftovers\n|upkeep\n|turn|28\n|\n|t:|1700733750\n|switch|p1a: He Ran|Heatran, F|36\/100\n|move|p2a: Slowking|Future Sight|p1a: He Ran\n|-start|p2a: Slowking|move: Future Sight\n|\n|-heal|p1a: He Ran|42\/100|[from] item: Leftovers\n|upkeep\n|turn|29\n|\n|t:|1700733757\n|switch|p2a: Alomomola|Alomomola, F|100\/100\n|move|p1a: He Ran|Magma Storm|p2a: Alomomola\n|-resisted|p2a: Alomomola\n|-damage|p2a: Alomomola|81\/100\n|-activate|p2a: Alomomola|move: Magma Storm|[of] p1a: He Ran\n|\n|-heal|p1a: He Ran|49\/100|[from] item: Leftovers\n|-damage|p2a: Alomomola|69\/100|[from] move: Magma Storm|[partiallytrapped]\n|upkeep\n|turn|30\n|\n|t:|1700733764\n|move|p1a: He Ran|Earth Power|p2a: Alomomola\n|-damage|p2a: Alomomola|46\/100\n|-unboost|p2a: Alomomola|spd|1\n|move|p2a: Alomomola|Wish|p2a: Alomomola\n|\n|-end|p1a: He Ran|move: Future Sight\n|-resisted|p1a: He Ran\n|-damage|p1a: He Ran|34\/100\n|-heal|p1a: He Ran|40\/100|[from] item: Leftovers\n|-damage|p2a: Alomomola|34\/100|[from] move: Magma Storm|[partiallytrapped]\n|upkeep\n|turn|31\n|\n|t:|1700733772\n|move|p1a: He Ran|Earth Power|p2a: Alomomola\n|-damage|p2a: Alomomola|1\/100\n|move|p2a: Alomomola|Flip Turn|p1a: He Ran\n|-supereffective|p1a: He Ran\n|-damage|p1a: He Ran|14\/100\n|\n|t:|1700733781\n|switch|p2a: Kingambit|Kingambit, F|100\/100|[from] Flip Turn\n|-activate|p2a: Kingambit|ability: Supreme Overlord\n|-start|p2a: Kingambit|fallen1|[silent]\n|\n|-heal|p1a: He Ran|21\/100|[from] item: Leftovers\n|upkeep\n|turn|32\n|\n|t:|1700733788\n|switch|p1a: Ben|Great Tusk, shiny|94\/100\n|move|p2a: Kingambit|Kowtow Cleave|p1a: Ben\n|-resisted|p1a: Ben\n|-damage|p1a: Ben|80\/100\n|\n|-heal|p1a: Ben|86\/100|[from] item: Leftovers\n|upkeep\n|turn|33\n|\n|t:|1700733817\n|-end|p2a: Kingambit|fallen1|[silent]\n|switch|p2a: Thundurus|Thundurus-Therian, M|100\/100\n|move|p1a: Ben|Earthquake|p2a: Thundurus\n|-immune|p2a: Thundurus\n|\n|-heal|p1a: Ben|92\/100|[from] item: Leftovers\n|upkeep\n|turn|34\n|\n|t:|1700733827\n|-end|p1a: Ben|Protosynthesis|[silent]\n|switch|p1a: Trisha|Toxapex, F|100\/100\n|-terastallize|p2a: Thundurus|Flying\n|move|p2a: Thundurus|Tera Blast|p1a: Trisha|[anim] Tera Blast Flying\n|-damage|p1a: Trisha|43\/100\n|\n|-heal|p1a: Trisha|49\/100|[from] item: Leftovers\n|upkeep\n|turn|35\n|\n|t:|1700733833\n|switch|p1a: Gold|Tornadus-Therian, M|100\/100\n|move|p2a: Thundurus|Tera Blast|p1a: Gold|[anim] Tera Blast Flying\n|-damage|p1a: Gold|45\/100\n|\n|upkeep\n|turn|36\n|\n|t:|1700733839\n|move|p1a: Gold|Knock Off|p2a: Thundurus\n|-damage|p2a: Thundurus|68\/100\n|-enditem|p2a: Thundurus|Choice Specs|[from] move: Knock Off|[of] p1a: Gold\n|move|p2a: Thundurus|Tera Blast|p1a: Gold|[anim] Tera Blast Flying\n|-damage|p1a: Gold|5\/100\n|\n|upkeep\n|turn|37\n|\n|t:|1700733854\n|move|p1a: Gold|U-turn|p2a: Thundurus\n|-resisted|p2a: Thundurus\n|-damage|p2a: Thundurus|58\/100\n|\n|t:|1700733857\n|switch|p1a: Trisha|Toxapex, F|82\/100|[from] U-turn\n|move|p2a: Thundurus|Volt Switch|p1a: Trisha\n|-supereffective|p1a: Trisha\n|-damage|p1a: Trisha|30\/100\n|j| d00m5\n|\n|t:|1700733867\n|switch|p2a: Kingambit|Kingambit, F|100\/100|[from] Volt Switch\n|-activate|p2a: Kingambit|ability: Supreme Overlord\n|-start|p2a: Kingambit|fallen1|[silent]\n|\n|-heal|p1a: Trisha|36\/100|[from] item: Leftovers\n|upkeep\n|turn|38\n|\n|t:|1700733878\n|switch|p1a: Ben|Great Tusk, shiny|92\/100\n|move|p2a: Kingambit|Iron Head|p1a: Ben\n|-damage|p1a: Ben|69\/100\n|\n|-heal|p1a: Ben|75\/100|[from] item: Leftovers\n|upkeep\n|turn|39\n|\n|t:|1700733886\n|-end|p2a: Kingambit|fallen1|[silent]\n|switch|p2a: Alomomola|Alomomola, F|35\/100\n|move|p1a: Ben|Rapid Spin|p2a: Alomomola\n|-damage|p2a: Alomomola|25\/100\n|-boost|p1a: Ben|spe|1\n|\n|-heal|p1a: Ben|81\/100|[from] item: Leftovers\n|upkeep\n|turn|40\n|\n|t:|1700733896\n|switch|p2a: Thundurus|Thundurus-Therian, M, tera:Flying|58\/100\n|move|p1a: Ben|Stealth Rock|p2a: Thundurus\n|-sidestart|p2: stupid zazou|move: Stealth Rock\n|\n|-heal|p1a: Ben|87\/100|[from] item: Leftovers\n|upkeep\n|turn|41\n|\n|t:|1700733908\n|-end|p1a: Ben|Protosynthesis|[silent]\n|switch|p1a: He Ran|Heatran, F|21\/100\n|move|p2a: Thundurus|Tera Blast|p1a: He Ran|[anim] Tera Blast Flying\n|-resisted|p1a: He Ran\n|-damage|p1a: He Ran|3\/100\n|\n|-heal|p1a: He Ran|9\/100|[from] item: Leftovers\n|upkeep\n|turn|42\n|\n|t:|1700733913\n|move|p1a: He Ran|Protect|p1a: He Ran\n|-singleturn|p1a: He Ran|Protect\n|move|p2a: Thundurus|Tera Blast|p1a: He Ran|[anim] Tera Blast Flying\n|-activate|p1a: He Ran|move: Protect\n|\n|-heal|p1a: He Ran|16\/100|[from] item: Leftovers\n|upkeep\n|turn|43\n|\n|t:|1700733918\n|move|p2a: Thundurus|Tera Blast|p1a: He Ran|[anim] Tera Blast Flying\n|-resisted|p1a: He Ran\n|-damage|p1a: He Ran|0 fnt\n|faint|p1a: He Ran\n|\n|upkeep\n|\n|t:|1700733927\n|switch|p1a: Joeverpon|Ogerpon-Cornerstone, F|100\/100\n|turn|44\n|\n|t:|1700733935\n|switch|p2a: Kingambit|Kingambit, F|100\/100\n|-damage|p2a: Kingambit|94\/100|[from] Stealth Rock\n|-activate|p2a: Kingambit|ability: Supreme Overlord\n|-start|p2a: Kingambit|fallen1|[silent]\n|move|p1a: Joeverpon|Ivy Cudgel|p2a: Kingambit|[anim] Ivy Cudgel Rock\n|-resisted|p2a: Kingambit\n|-damage|p2a: Kingambit|72\/100\n|\n|-heal|p2a: Kingambit|79\/100|[from] item: Leftovers\n|upkeep\n|turn|45\n|\n|t:|1700733949\n|switch|p1a: Ben|Great Tusk, shiny|87\/100\n|move|p2a: Kingambit|Iron Head|p1a: Ben\n|-damage|p1a: Ben|64\/100\n|\n|-heal|p1a: Ben|70\/100|[from] item: Leftovers\n|-heal|p2a: Kingambit|85\/100|[from] item: Leftovers\n|upkeep\n|turn|46\n|\n|t:|1700733962\n|-end|p1a: Ben|Protosynthesis|[silent]\n|switch|p1a: Gold|Tornadus-Therian, M|38\/100\n|-end|p2a: Kingambit|fallen1|[silent]\n|switch|p2a: Alomomola|Alomomola, F|59\/100\n|-damage|p2a: Alomomola|46\/100|[from] Stealth Rock\n|\n|upkeep\n|turn|47\n|\n|t:|1700733968\n|move|p1a: Gold|Bleakwind Storm|p2a: Alomomola\n|-damage|p2a: Alomomola|16\/100\n|-unboost|p2a: Alomomola|spe|1\n|move|p2a: Alomomola|Flip Turn|p1a: Gold\n|-damage|p1a: Gold|20\/100\n|\n|t:|1700733982\n|switch|p2a: Cinderace|Cinderace, F|100\/100|[from] Flip Turn\n|\n|upkeep\n|turn|48\n|\n|t:|1700733985\n|switch|p1a: Ben|Great Tusk, shiny|70\/100\n|move|p2a: Cinderace|Court Change|p2a: Cinderace\n|-start|p2a: Cinderace|typechange|Normal|[from] ability: Libero\n|-swapsideconditions\n|-activate|p2a: Cinderace|move: Court Change\n|\n|-heal|p1a: Ben|77\/100|[from] item: Leftovers\n|upkeep\n|turn|49\n|\n|t:|1700733993\n|move|p2a: Cinderace|U-turn|p1a: Ben\n|-resisted|p1a: Ben\n|-crit|p1a: Ben\n|-damage|p1a: Ben|69\/100\n|\n|t:|1700734005\n|switch|p2a: Alomomola|Alomomola, F|49\/100|[from] U-turn\n|move|p1a: Ben|Rapid Spin|p2a: Alomomola\n|-damage|p2a: Alomomola|40\/100\n|-boost|p1a: Ben|spe|1\n|-sideend|p1: power-trip7|Stealth Rock|[from] move: Rapid Spin|[of] p1a: Ben\n|\n|-heal|p1a: Ben|76\/100|[from] item: Leftovers\n|upkeep\n|turn|50\n|\n|t:|1700734012\n|move|p1a: Ben|Stealth Rock|p2a: Alomomola\n|-sidestart|p2: stupid zazou|move: Stealth Rock\n|move|p2a: Alomomola|Flip Turn|p1a: Ben\n|-supereffective|p1a: Ben\n|-damage|p1a: Ben|61\/100\n|l|\u2606power-trip7\n|inactive|power-trip7 disconnected and has a minute to reconnect!\n|player|p1|\n|inactive|stupid zazou has 120 seconds left.\n|\n|t:|1700734048\n|switch|p2a: Slowking|Slowking-Galar, F|100\/100 par|[from] Flip Turn\n|-damage|p2a: Slowking|88\/100 par|[from] Stealth Rock\n|\n|-heal|p1a: Ben|67\/100|[from] item: Leftovers\n|upkeep\n|turn|51\n|j|\u2606power-trip7\n|inactive|power-trip7 reconnected and has 150 seconds left.\n|player|p1|power-trip7|102\n|inactive|stupid zazou has 120 seconds left.\n|\n|t:|1700734058\n|move|p1a: Ben|Earthquake|p2a: Slowking\n|-supereffective|p2a: Slowking\n|-damage|p2a: Slowking|0 fnt\n|faint|p2a: Slowking\n|\n|-heal|p1a: Ben|74\/100|[from] item: Leftovers\n|upkeep\n|inactive|stupid zazou has 120 seconds left.\n|\n|t:|1700734064\n|switch|p2a: Alomomola|Alomomola, F|73\/100\n|-damage|p2a: Alomomola|61\/100|[from] Stealth Rock\n|turn|52\n|\n|t:|1700734070\n|-end|p1a: Ben|Protosynthesis|[silent]\n|switch|p1a: Trisha|Toxapex, F|69\/100\n|move|p2a: Alomomola|Scald|p1a: Trisha\n|-resisted|p1a: Trisha\n|-damage|p1a: Trisha|65\/100\n|\n|-heal|p1a: Trisha|70\/100|[from] item: Leftovers\n|upkeep\n|turn|53\n|\n|t:|1700734078\n|switch|p1a: Gold|Tornadus-Therian, M|53\/100\n|move|p2a: Alomomola|Flip Turn|p1a: Gold\n|-damage|p1a: Gold|34\/100\n|\n|t:|1700734083\n|switch|p2a: Cinderace|Cinderace, F|100\/100|[from] Flip Turn\n|\n|upkeep\n|turn|54\n|inactive|power-trip7 has 120 seconds left.\n|\n|t:|1700734117\n|move|p2a: Cinderace|Court Change|p2a: Cinderace\n|-start|p2a: Cinderace|typechange|Normal|[from] ability: Libero\n|-swapsideconditions\n|-activate|p2a: Cinderace|move: Court Change\n|move|p1a: Gold|Knock Off|p2a: Cinderace\n|-damage|p2a: Cinderace|72\/100\n|-enditem|p2a: Cinderace|Heavy-Duty Boots|[from] move: Knock Off|[of] p1a: Gold\n|\n|upkeep\n|turn|55\n|inactive|power-trip7 has 120 seconds left.\n|\n|t:|1700734127\n|switch|p1a: Ben|Great Tusk, shiny|74\/100\n|-damage|p1a: Ben|71\/100|[from] Stealth Rock\n|move|p2a: Cinderace|Pyro Ball|p1a: Ben\n|-damage|p1a: Ben|51\/100\n|\n|-heal|p1a: Ben|57\/100|[from] item: Leftovers\n|upkeep\n|turn|56\n|\n|t:|1700734133\n|move|p2a: Cinderace|Will-O-Wisp|p1a: Ben\n|-status|p1a: Ben|brn\n|move|p1a: Ben|Rapid Spin|p2a: Cinderace\n|-damage|p2a: Cinderace|61\/100\n|-boost|p1a: Ben|spe|1\n|-sideend|p1: power-trip7|Stealth Rock|[from] move: Rapid Spin|[of] p1a: Ben\n|\n|-heal|p1a: Ben|64\/100 brn|[from] item: Leftovers\n|-damage|p1a: Ben|57\/100 brn|[from] brn\n|upkeep\n|turn|57\n|\n|t:|1700734144\n|switch|p2a: Thundurus|Thundurus-Therian, M, tera:Flying|58\/100\n|move|p1a: Ben|Stealth Rock|p2a: Thundurus\n|-sidestart|p2: stupid zazou|move: Stealth Rock\n|\n|-heal|p1a: Ben|64\/100 brn|[from] item: Leftovers\n|-damage|p1a: Ben|57\/100 brn|[from] brn\n|upkeep\n|turn|58\n|\n|t:|1700734152\n|-end|p1a: Ben|Protosynthesis|[silent]\n|switch|p1a: Gold|Tornadus-Therian, M|67\/100\n|move|p2a: Thundurus|Tera Blast|p1a: Gold|[anim] Tera Blast Flying\n|-damage|p1a: Gold|29\/100\n|\n|upkeep\n|turn|59\n|l| d00m5\n|\n|t:|1700734180\n|move|p1a: Gold|Bleakwind Storm|p2a: Thundurus\n|-damage|p2a: Thundurus|9\/100\n|move|p2a: Thundurus|Volt Switch|p1a: Gold\n|-supereffective|p1a: Gold\n|-damage|p1a: Gold|0 fnt\n|faint|p1a: Gold\n|\n|t:|1700734193\n|switch|p2a: Cinderace|Cinderace, F|61\/100|[from] Volt Switch\n|-damage|p2a: Cinderace|36\/100|[from] Stealth Rock\n|\n|upkeep\n|inactive|power-trip7 has 120 seconds left.\n|\n|t:|1700734210\n|switch|p1a: Ben|Great Tusk, shiny|57\/100 brn\n|turn|60\n|\n|t:|1700734231\n|move|p2a: Cinderace|Court Change|p2a: Cinderace\n|-start|p2a: Cinderace|typechange|Normal|[from] ability: Libero\n|-swapsideconditions\n|-activate|p2a: Cinderace|move: Court Change\n|move|p1a: Ben|Earthquake|p2a: Cinderace\n|-damage|p2a: Cinderace|3\/100\n|\n|-heal|p1a: Ben|64\/100 brn|[from] item: Leftovers\n|-damage|p1a: Ben|57\/100 brn|[from] brn\n|upkeep\n|turn|61\n|\n|t:|1700734242\n|move|p2a: Cinderace|Pyro Ball|p1a: Ben|[miss]\n|-miss|p2a: Cinderace|p1a: Ben\n|move|p1a: Ben|Rapid Spin|p2a: Cinderace\n|-damage|p2a: Cinderace|0 fnt\n|-boost|p1a: Ben|spe|1\n|-sideend|p1: power-trip7|Stealth Rock|[from] move: Rapid Spin|[of] p1a: Ben\n|faint|p2a: Cinderace\n|\n|-heal|p1a: Ben|64\/100 brn|[from] item: Leftovers\n|-damage|p1a: Ben|57\/100 brn|[from] brn\n|upkeep\n|\n|t:|1700734249\n|switch|p2a: Alomomola|Alomomola, F|94\/100\n|turn|62\n|\n|t:|1700734255\n|move|p1a: Ben|Stealth Rock|p2a: Alomomola\n|-sidestart|p2: stupid zazou|move: Stealth Rock\n|move|p2a: Alomomola|Scald|p1a: Ben\n|-supereffective|p1a: Ben\n|-damage|p1a: Ben|19\/100 brn\n|\n|-heal|p1a: Ben|25\/100 brn|[from] item: Leftovers\n|-damage|p1a: Ben|19\/100 brn|[from] brn\n|upkeep\n|turn|63\n|\n|t:|1700734263\n|-end|p1a: Ben|Protosynthesis|[silent]\n|switch|p1a: Trisha|Toxapex, F|100\/100\n|move|p2a: Alomomola|Flip Turn|p1a: Trisha\n|-resisted|p1a: Trisha\n|-damage|p1a: Trisha|94\/100\n|j| Kingston9629\n|\n|t:|1700734268\n|switch|p2a: Kingambit|Kingambit, F|85\/100|[from] Flip Turn\n|-damage|p2a: Kingambit|79\/100|[from] Stealth Rock\n|-activate|p2a: Kingambit|ability: Supreme Overlord\n|-start|p2a: Kingambit|fallen3|[silent]\n|\n|-heal|p2a: Kingambit|85\/100|[from] item: Leftovers\n|-heal|p1a: Trisha|99\/100|[from] item: Leftovers\n|upkeep\n|turn|64\n|\n|t:|1700734272\n|move|p2a: Kingambit|Swords Dance|p2a: Kingambit\n|-boost|p2a: Kingambit|atk|2\n|move|p1a: Trisha|Surf|p2a: Kingambit\n|-damage|p2a: Kingambit|66\/100\n|\n|-heal|p2a: Kingambit|72\/100|[from] item: Leftovers\n|-heal|p1a: Trisha|100\/100|[from] item: Leftovers\n|upkeep\n|turn|65\n|\n|t:|1700734284\n|move|p2a: Kingambit|Swords Dance|p2a: Kingambit\n|-boost|p2a: Kingambit|atk|2\n|move|p1a: Trisha|Haze|p1a: Trisha\n|-clearallboost\n|\n|-heal|p2a: Kingambit|79\/100|[from] item: Leftovers\n|upkeep\n|turn|66\n|\n|t:|1700734290\n|switch|p1a: Ben|Great Tusk, shiny|19\/100 brn\n|move|p2a: Kingambit|Swords Dance|p2a: Kingambit\n|-boost|p2a: Kingambit|atk|2\n|\n|-heal|p1a: Ben|25\/100 brn|[from] item: Leftovers\n|-heal|p2a: Kingambit|85\/100|[from] item: Leftovers\n|-damage|p1a: Ben|19\/100 brn|[from] brn\n|upkeep\n|turn|67\n|\n|t:|1700734295\n|move|p2a: Kingambit|Sucker Punch||[still]\n|-fail|p2a: Kingambit\n|move|p1a: Ben|Stealth Rock||[still]\n|-fail|p1a: Ben\n|\n|-heal|p1a: Ben|25\/100 brn|[from] item: Leftovers\n|-heal|p2a: Kingambit|91\/100|[from] item: Leftovers\n|-damage|p1a: Ben|19\/100 brn|[from] brn\n|upkeep\n|turn|68\n|\n|t:|1700734300\n|move|p2a: Kingambit|Sucker Punch|p1a: Ben\n|-resisted|p1a: Ben\n|-damage|p1a: Ben|0 fnt\n|faint|p1a: Ben\n|-end|p1a: Ben|Protosynthesis|[silent]\n|\n|-heal|p2a: Kingambit|97\/100|[from] item: Leftovers\n|upkeep\n|\n|t:|1700734309\n|switch|p1a: Trisha|Toxapex, F|100\/100\n|turn|69\n|c|\u2606stupid zazou|sad game\n|\n|t:|1700734319\n|move|p2a: Kingambit|Kowtow Cleave|p1a: Trisha\n|-damage|p1a: Trisha|6\/100\n|move|p1a: Trisha|Surf|p2a: Kingambit\n|-damage|p2a: Kingambit|81\/100\n|\n|-heal|p2a: Kingambit|87\/100|[from] item: Leftovers\n|-heal|p1a: Trisha|12\/100|[from] item: Leftovers\n|upkeep\n|turn|70\n|\n|t:|1700734333\n|move|p2a: Kingambit|Kowtow Cleave|p1a: Trisha\n|-damage|p1a: Trisha|0 fnt\n|faint|p1a: Trisha\n|\n|-heal|p2a: Kingambit|93\/100|[from] item: Leftovers\n|upkeep\n|\n|t:|1700734340\n|switch|p1a: Joeverpon|Ogerpon-Cornerstone, F|100\/100\n|turn|71\n|l| deneme12\n|j| deneme12\n|-message|power-trip7 forfeited.\n|\n|win|stupid zazou\n|raw|power-trip7's rating: 1673 &rarr; <strong>1650<\/strong><br \/>(-23 for losing)\n|raw|stupid zazou's rating: 1618 &rarr; <strong>1641<\/strong><br \/>(+23 for winning)\n|l|\u2606power-trip7\n|l| ayayaphone\n|c| No Nice Names Left|yeah because kingambit is so balanced\n|l| No Nice Names Left\n|l| deneme12\n|l| Yuriaa\n|l| Sergemi\n","uploadtime":1700734556,"views":8,"p1id":"powertrip7","p2id":"stupidzazou","formatid":"gen9ou","rating":1641,"private":0,"password":""}