{"id":"gen9ou-1994688759","p1":"6APA","p2":"Joker040921","format":"[Gen 9] OU","log":"|j|\u26066APA\n|j|\u2606Joker040921\n|t:|1700481304\n|gametype|singles\n|player|p1|6APA|hiker-gen4|1145\n|player|p2|Joker040921|cynthia-gen7|1168\n|teamsize|p1|6\n|teamsize|p2|6\n|gen|9\n|tier|[Gen 9] OU\n|rated|\n|rule|Sleep Clause Mod: Limit one foe put to sleep\n|rule|Species Clause: Limit one of each Pok\u00e9mon\n|rule|OHKO Clause: OHKO moves are banned\n|rule|Evasion Items Clause: Evasion items are banned\n|rule|Evasion Moves Clause: Evasion moves are banned\n|rule|Endless Battle Clause: Forcing endless battles is banned\n|rule|HP Percentage Mod: HP is shown in percentages\n|clearpoke\n|poke|p1|Iron Moth|\n|poke|p1|Cinderace, F|\n|poke|p1|Alomomola, M|\n|poke|p1|Zapdos|\n|poke|p1|Gholdengo|\n|poke|p1|Great Tusk|\n|poke|p2|Great Tusk|\n|poke|p2|Iron Valiant|\n|poke|p2|Glimmora, M|\n|poke|p2|Gholdengo|\n|poke|p2|Moltres|\n|poke|p2|Sandy Shocks|\n|teampreview\n|inactive|Battle timer is ON: inactive players will automatically lose when time's up. (requested by Joker040921)\n|\n|t:|1700481322\n|start\n|switch|p1a: Gholdengo|Gholdengo|100\/100\n|switch|p2a: Glimmora|Glimmora, M|100\/100\n|turn|1\n|\n|t:|1700481341\n|switch|p2a: Sandy Shocks|Sandy Shocks|100\/100\n|-enditem|p2a: Sandy Shocks|Booster Energy\n|-activate|p2a: Sandy Shocks|ability: Protosynthesis|[fromitem]\n|-start|p2a: Sandy Shocks|protosynthesisspe\n|move|p1a: Gholdengo|Psychic|p2a: Sandy Shocks\n|-damage|p2a: Sandy Shocks|62\/100\n|\n|upkeep\n|turn|2\n|\n|t:|1700481362\n|-terastallize|p1a: Gholdengo|Grass\n|move|p2a: Sandy Shocks|Substitute|p2a: Sandy Shocks\n|-start|p2a: Sandy Shocks|Substitute\n|-damage|p2a: Sandy Shocks|37\/100\n|move|p1a: Gholdengo|Psychic|p2a: Sandy Shocks\n|-end|p2a: Sandy Shocks|Substitute\n|\n|upkeep\n|turn|3\n|\n|t:|1700481369\n|move|p2a: Sandy Shocks|Sunny Day|p2a: Sandy Shocks\n|-weather|SunnyDay\n|move|p1a: Gholdengo|Psychic|p2a: Sandy Shocks\n|-damage|p2a: Sandy Shocks|0 fnt\n|faint|p2a: Sandy Shocks\n|-end|p2a: Sandy Shocks|Protosynthesis|[silent]\n|\n|-weather|SunnyDay|[upkeep]\n|upkeep\n|\n|t:|1700481373\n|switch|p2a: Great Tusk|Great Tusk|100\/100\n|-activate|p2a: Great Tusk|ability: Protosynthesis\n|-start|p2a: Great Tusk|protosynthesisatk\n|turn|4\n|inactive|Joker040921 has 120 seconds left.\n|\n|t:|1700481406\n|-end|p2a: Great Tusk|Protosynthesis|[silent]\n|switch|p2a: Gholdengo|Gholdengo|100\/100\n|move|p1a: Gholdengo|Psychic|p2a: Gholdengo\n|-resisted|p2a: Gholdengo\n|-damage|p2a: Gholdengo|82\/100\n|-enditem|p2a: Gholdengo|Red Card|[of] p1a: Gholdengo\n|drag|p1a: Great Tusk|Great Tusk|100\/100\n|-activate|p1a: Great Tusk|ability: Protosynthesis\n|-start|p1a: Great Tusk|protosynthesisatk\n|\n|-weather|SunnyDay|[upkeep]\n|upkeep\n|turn|5\n|inactive|Joker040921 has 120 seconds left.\n|\n|t:|1700481425\n|switch|p2a: Moltres|Moltres|100\/100\n|move|p1a: Great Tusk|Headlong Rush|p2a: Moltres\n|-immune|p2a: Moltres\n|\n|-weather|SunnyDay|[upkeep]\n|upkeep\n|turn|6\n|inactive|Joker040921 has 120 seconds left.\n|\n|t:|1700481437\n|-end|p1a: Great Tusk|Protosynthesis|[silent]\n|switch|p1a: Zapdos|Zapdos|100\/100\n|move|p2a: Moltres|Fire Blast|p1a: Zapdos\n|-damage|p1a: Zapdos|3\/100\n|\n|-weather|SunnyDay|[upkeep]\n|upkeep\n|turn|7\n|inactive|Joker040921 has 120 seconds left.\n|\n|t:|1700481455\n|switch|p2a: Great Tusk|Great Tusk|100\/100\n|-activate|p2a: Great Tusk|ability: Protosynthesis\n|-start|p2a: Great Tusk|protosynthesisatk\n|move|p1a: Zapdos|U-turn|p2a: Great Tusk\n|-resisted|p2a: Great Tusk\n|-damage|p2a: Great Tusk|96\/100\n|\n|t:|1700481466\n|switch|p1a: Great Tusk|Great Tusk|100\/100|[from] U-turn\n|-activate|p1a: Great Tusk|ability: Protosynthesis\n|-start|p1a: Great Tusk|protosynthesisatk\n|\n|-weather|none\n|-end|p1a: Great Tusk|Protosynthesis\n|-end|p2a: Great Tusk|Protosynthesis\n|upkeep\n|turn|8\n|\n|t:|1700481474\n|move|p1a: Great Tusk|Ice Spinner|p2a: Great Tusk\n|-supereffective|p2a: Great Tusk\n|-damage|p2a: Great Tusk|59\/100\n|move|p2a: Great Tusk|Earthquake|p1a: Great Tusk\n|-damage|p1a: Great Tusk|65\/100\n|\n|-heal|p1a: Great Tusk|71\/100|[from] item: Leftovers\n|upkeep\n|turn|9\n|\n|t:|1700481486\n|-end|p2a: Great Tusk|Protosynthesis|[silent]\n|switch|p2a: Glimmora|Glimmora, M|100\/100\n|move|p1a: Great Tusk|Ice Spinner|p2a: Glimmora\n|-damage|p2a: Glimmora|64\/100\n|-activate|p2a: Glimmora|ability: Toxic Debris\n|-sidestart|p1: 6APA|move: Toxic Spikes\n|\n|-heal|p1a: Great Tusk|78\/100|[from] item: Leftovers\n|upkeep\n|turn|10\n|\n|t:|1700481492\n|move|p2a: Glimmora|Stealth Rock|p1a: Great Tusk\n|-sidestart|p1: 6APA|move: Stealth Rock\n|move|p1a: Great Tusk|Headlong Rush|p2a: Glimmora\n|-supereffective|p2a: Glimmora\n|-damage|p2a: Glimmora|0 fnt\n|-unboost|p1a: Great Tusk|def|1\n|-unboost|p1a: Great Tusk|spd|1\n|-activate|p2a: Glimmora|ability: Toxic Debris\n|-sidestart|p1: 6APA|move: Toxic Spikes\n|faint|p2a: Glimmora\n|\n|-heal|p1a: Great Tusk|84\/100|[from] item: Leftovers\n|upkeep\n|inactive|Joker040921 has 120 seconds left.\n|\n|t:|1700481514\n|switch|p2a: Great Tusk|Great Tusk|59\/100\n|turn|11\n|\n|t:|1700481521\n|-end|p1a: Great Tusk|Protosynthesis|[silent]\n|switch|p1a: Zapdos|Zapdos|3\/100\n|move|p2a: Great Tusk|Earthquake|p1a: Zapdos\n|-immune|p1a: Zapdos\n|\n|upkeep\n|turn|12\n|\n|t:|1700481526\n|-end|p2a: Great Tusk|Protosynthesis|[silent]\n|switch|p2a: Gholdengo|Gholdengo|82\/100\n|move|p1a: Zapdos|Hurricane|p2a: Gholdengo|[miss]\n|-miss|p1a: Zapdos|p2a: Gholdengo\n|\n|upkeep\n|turn|13\n|\n|t:|1700481533\n|move|p1a: Zapdos|Heat Wave|p2a: Gholdengo\n|-supereffective|p2a: Gholdengo\n|-damage|p2a: Gholdengo|5\/100\n|move|p2a: Gholdengo|Shadow Ball|p1a: Zapdos\n|-damage|p1a: Zapdos|0 fnt\n|faint|p1a: Zapdos\n|\n|upkeep\n|\n|t:|1700481537\n|switch|p1a: Cinderace|Cinderace, F|100\/100\n|turn|14\n|\n|t:|1700481553\n|switch|p2a: Moltres|Moltres|100\/100\n|move|p1a: Cinderace|Court Change|p1a: Cinderace\n|-start|p1a: Cinderace|typechange|Normal|[from] ability: Libero\n|-swapsideconditions\n|-activate|p1a: Cinderace|move: Court Change\n|\n|upkeep\n|turn|15\n|\n|t:|1700481564\n|switch|p1a: Alomomola|Alomomola, M|100\/100\n|move|p2a: Moltres|Hurricane|p1a: Alomomola\n|-damage|p1a: Alomomola|35\/100\n|\n|-heal|p1a: Alomomola|41\/100|[from] item: Leftovers\n|upkeep\n|turn|16\n|\n|t:|1700481572\n|move|p1a: Alomomola|Protect|p1a: Alomomola\n|-singleturn|p1a: Alomomola|Protect\n|move|p2a: Moltres|Hurricane|p1a: Alomomola\n|-activate|p1a: Alomomola|move: Protect\n|\n|-heal|p1a: Alomomola|47\/100|[from] item: Leftovers\n|upkeep\n|turn|17\n|\n|t:|1700481586\n|move|p2a: Moltres|Hurricane|p1a: Alomomola\n|-damage|p1a: Alomomola|0 fnt\n|faint|p1a: Alomomola\n|\n|upkeep\n|\n|t:|1700481589\n|switch|p1a: Iron Moth|Iron Moth|100\/100\n|turn|18\n|\n|t:|1700481604\n|switch|p2a: Gholdengo|Gholdengo|5\/100\n|-damage|p2a: Gholdengo|0 fnt|[from] Stealth Rock\n|faint|p2a: Gholdengo\n|move|p1a: Iron Moth|Psychic|p2: Gholdengo|[notarget]\n|-fail|p1a: Iron Moth\n|\n|upkeep\n|\n|t:|1700481610\n|switch|p2a: Great Tusk|Great Tusk|59\/100\n|-status|p2a: Great Tusk|tox\n|-damage|p2a: Great Tusk|56\/100 tox|[from] Stealth Rock\n|turn|19\n|\n|t:|1700481615\n|-terastallize|p2a: Great Tusk|Water\n|move|p1a: Iron Moth|Psychic|p2a: Great Tusk\n|-damage|p2a: Great Tusk|25\/100 tox\n|move|p2a: Great Tusk|Earthquake|p1a: Iron Moth\n|-supereffective|p1a: Iron Moth\n|-damage|p1a: Iron Moth|0 fnt\n|faint|p1a: Iron Moth\n|-end|p1a: Iron Moth|Quark Drive|[silent]\n|\n|-damage|p2a: Great Tusk|19\/100 tox|[from] psn\n|upkeep\n|\n|t:|1700481620\n|switch|p1a: Great Tusk|Great Tusk|84\/100\n|turn|20\n|\n|t:|1700481625\n|move|p1a: Great Tusk|Rapid Spin|p2a: Great Tusk\n|-damage|p2a: Great Tusk|8\/100 tox\n|-boost|p1a: Great Tusk|spe|1\n|move|p2a: Great Tusk|Earthquake|p1a: Great Tusk\n|-damage|p1a: Great Tusk|51\/100\n|\n|-heal|p1a: Great Tusk|57\/100|[from] item: Leftovers\n|-damage|p2a: Great Tusk|0 fnt|[from] psn\n|faint|p2a: Great Tusk\n|-end|p2a: Great Tusk|Protosynthesis|[silent]\n|upkeep\n|\n|t:|1700481639\n|switch|p2a: Iron Valiant|Iron Valiant|100\/100\n|-status|p2a: Iron Valiant|tox\n|-damage|p2a: Iron Valiant|94\/100 tox|[from] Stealth Rock\n|turn|21\n|\n|t:|1700481645\n|-end|p1a: Great Tusk|Protosynthesis|[silent]\n|switch|p1a: Cinderace|Cinderace, F|100\/100\n|move|p2a: Iron Valiant|Moonblast|p1a: Cinderace\n|-resisted|p1a: Cinderace\n|-damage|p1a: Cinderace|65\/100\n|\n|-damage|p2a: Iron Valiant|88\/100 tox|[from] psn\n|upkeep\n|turn|22\n|\n|t:|1700481656\n|move|p2a: Iron Valiant|Moonblast|p1a: Cinderace\n|-resisted|p1a: Cinderace\n|-damage|p1a: Cinderace|34\/100\n|move|p1a: Cinderace|Pyro Ball|p2a: Iron Valiant\n|-damage|p2a: Iron Valiant|8\/100 tox\n|\n|-damage|p2a: Iron Valiant|0 fnt|[from] psn\n|faint|p2a: Iron Valiant\n|-end|p2a: Iron Valiant|Quark Drive|[silent]\n|upkeep\n|\n|t:|1700481661\n|switch|p2a: Moltres|Moltres|100\/100\n|-damage|p2a: Moltres|50\/100|[from] Stealth Rock\n|turn|23\n|\n|t:|1700481666\n|move|p1a: Cinderace|Pyro Ball|p2a: Moltres\n|-resisted|p2a: Moltres\n|-damage|p2a: Moltres|19\/100\n|move|p2a: Moltres|Roost|p2a: Moltres\n|-heal|p2a: Moltres|69\/100\n|-singleturn|p2a: Moltres|move: Roost\n|\n|-heal|p2a: Moltres|76\/100|[from] item: Leftovers\n|upkeep\n|turn|24\n|\n|t:|1700481684\n|move|p1a: Cinderace|Pyro Ball|p2a: Moltres\n|-resisted|p2a: Moltres\n|-damage|p2a: Moltres|43\/100\n|move|p2a: Moltres|Roost|p2a: Moltres\n|-heal|p2a: Moltres|93\/100\n|-singleturn|p2a: Moltres|move: Roost\n|\n|-heal|p2a: Moltres|99\/100|[from] item: Leftovers\n|upkeep\n|turn|25\n|\n|t:|1700481687\n|move|p1a: Cinderace|Pyro Ball|p2a: Moltres\n|-resisted|p2a: Moltres\n|-crit|p2a: Moltres\n|-damage|p2a: Moltres|53\/100\n|move|p2a: Moltres|Hurricane|p1a: Cinderace\n|-damage|p1a: Cinderace|0 fnt\n|faint|p1a: Cinderace\n|\n|-heal|p2a: Moltres|59\/100|[from] item: Leftovers\n|upkeep\n|\n|t:|1700481689\n|switch|p1a: Gholdengo|Gholdengo, tera:Grass|100\/100\n|turn|26\n|\n|t:|1700481702\n|move|p1a: Gholdengo|Psychic|p2a: Moltres\n|-damage|p2a: Moltres|17\/100\n|move|p2a: Moltres|Hurricane|p1a: Gholdengo\n|-supereffective|p1a: Gholdengo\n|-damage|p1a: Gholdengo|0 fnt\n|faint|p1a: Gholdengo\n|\n|-heal|p2a: Moltres|23\/100|[from] item: Leftovers\n|upkeep\n|\n|t:|1700481705\n|switch|p1a: Great Tusk|Great Tusk|57\/100\n|turn|27\n|\n|t:|1700481708\n|move|p2a: Moltres|Hurricane|p1a: Great Tusk|[miss]\n|-miss|p2a: Moltres|p1a: Great Tusk\n|move|p1a: Great Tusk|Ice Spinner|p2a: Moltres\n|-damage|p2a: Moltres|0 fnt\n|faint|p2a: Moltres\n|\n|win|6APA\n|raw|6APA's rating: 1145 &rarr; <strong>1172<\/strong><br \/>(+27 for winning)\n|raw|Joker040921's rating: 1168 &rarr; <strong>1141<\/strong><br \/>(-27 for losing)\n|l|\u26066APA\n","uploadtime":1700481716,"views":8,"p1id":"6apa","p2id":"joker040921","formatid":"gen9ou","rating":1141,"private":0,"password":""}