{"id":"gen9ou-1989711188","p1":"trialteam98","p2":"SmallSnakeGames","format":"[Gen 9] OU","log":"|j|\u2606trialteam98\n|j|\u2606SmallSnakeGames\n|t:|1699889117\n|gametype|singles\n|player|p1|trialteam98|lady-gen4|1192\n|player|p2|SmallSnakeGames|1|1102\n|teamsize|p1|6\n|teamsize|p2|6\n|gen|9\n|tier|[Gen 9] OU\n|rated|\n|rule|Sleep Clause Mod: Limit one foe put to sleep\n|rule|Species Clause: Limit one of each Pok\u00e9mon\n|rule|OHKO Clause: OHKO moves are banned\n|rule|Evasion Items Clause: Evasion items are banned\n|rule|Evasion Moves Clause: Evasion moves are banned\n|rule|Endless Battle Clause: Forcing endless battles is banned\n|rule|HP Percentage Mod: HP is shown in percentages\n|clearpoke\n|poke|p1|Inteleon, M|\n|poke|p1|Greninja-*, M|\n|poke|p1|Dragonite, F|\n|poke|p1|Iron Valiant|\n|poke|p1|Garchomp, F|\n|poke|p1|Magnezone|\n|poke|p2|Greninja-*, M|\n|poke|p2|Glimmora, M|\n|poke|p2|Iron Moth|\n|poke|p2|Ninetales-Alola, M|\n|poke|p2|Walking Wake|\n|poke|p2|Dondozo, F|\n|teampreview\n|\n|t:|1699889123\n|start\n|switch|p1a: Cynthia|Garchomp, F|100\/100\n|switch|p2a: Glimmora|Glimmora, M|100\/100\n|turn|1\n|inactive|Battle timer is ON: inactive players will automatically lose when time's up. (requested by SmallSnakeGames)\n|\n|t:|1699889140\n|move|p1a: Cynthia|Stealth Rock|p2a: Glimmora\n|-sidestart|p2: SmallSnakeGames|move: Stealth Rock\n|move|p2a: Glimmora|Stealth Rock|p1a: Cynthia\n|-sidestart|p1: trialteam98|move: Stealth Rock\n|\n|upkeep\n|turn|2\n|\n|t:|1699889151\n|switch|p1a: Leon|Inteleon, M|100\/100\n|-damage|p1a: Leon|88\/100|[from] Stealth Rock\n|move|p2a: Glimmora|Mortal Spin|p1a: Leon\n|-damage|p1a: Leon|77\/100\n|-status|p1a: Leon|psn\n|-sideend|p2: SmallSnakeGames|Stealth Rock|[from] move: Mortal Spin|[of] p2a: Glimmora\n|\n|-damage|p1a: Leon|65\/100 psn|[from] psn\n|upkeep\n|turn|3\n|\n|t:|1699889163\n|switch|p2a: Ninetales|Ninetales-Alola, M, shiny|100\/100\n|-weather|Snow|[from] ability: Snow Warning|[of] p2a: Ninetales\n|move|p1a: Leon|Dark Pulse|p2a: Ninetales\n|-resisted|p2a: Ninetales\n|-crit|p2a: Ninetales\n|-damage|p2a: Ninetales|69\/100\n|\n|-weather|Snow|[upkeep]\n|-damage|p1a: Leon|52\/100 psn|[from] psn\n|upkeep\n|turn|4\n|\n|t:|1699889173\n|move|p1a: Leon|Air Slash|p2a: Ninetales\n|-damage|p2a: Ninetales|43\/100\n|cant|p2a: Ninetales|flinch\n|\n|-weather|Snow|[upkeep]\n|-damage|p1a: Leon|40\/100 psn|[from] psn\n|upkeep\n|turn|5\n|\n|t:|1699889179\n|move|p1a: Leon|Snipe Shot|p2a: Ninetales\n|-damage|p2a: Ninetales|3\/100\n|move|p2a: Ninetales|Aurora Veil|p2a: Ninetales\n|-sidestart|p2: SmallSnakeGames|move: Aurora Veil\n|\n|-weather|Snow|[upkeep]\n|-damage|p1a: Leon|28\/100 psn|[from] psn\n|upkeep\n|turn|6\n|\n|t:|1699889188\n|move|p1a: Leon|Air Slash|p2a: Ninetales\n|-damage|p2a: Ninetales|0 fnt\n|faint|p2a: Ninetales\n|\n|-weather|Snow|[upkeep]\n|-damage|p1a: Leon|15\/100 psn|[from] psn\n|upkeep\n|\n|t:|1699889194\n|switch|p2a: Greninja|Greninja, M|100\/100\n|turn|7\n|\n|t:|1699889199\n|move|p2a: Greninja|Dark Pulse|p1a: Leon\n|-damage|p1a: Leon|0 fnt\n|faint|p1a: Leon\n|-ability|p2a: Greninja|Battle Bond|boost\n|-boost|p2a: Greninja|atk|1\n|-boost|p2a: Greninja|spa|1\n|-boost|p2a: Greninja|spe|1\n|-activate|p2a: Greninja|ability: Battle Bond\n|-damage|p2a: Greninja|91\/100|[from] item: Life Orb\n|\n|-weather|none\n|upkeep\n|\n|t:|1699889228\n|switch|p1a: Ash|Greninja, M|100\/100\n|-damage|p1a: Ash|88\/100|[from] Stealth Rock\n|turn|8\n|\n|t:|1699889233\n|move|p2a: Greninja|Grass Knot|p1a: Ash\n|-supereffective|p1a: Ash\n|-damage|p1a: Ash|0 fnt\n|faint|p1a: Ash\n|-damage|p2a: Greninja|81\/100|[from] item: Life Orb\n|\n|upkeep\n|\n|t:|1699889244\n|switch|p1a: Ash-Iris-Lance|Dragonite, F|100\/100\n|turn|9\n|\n|t:|1699889249\n|-terastallize|p1a: Ash-Iris-Lance|Normal\n|move|p2a: Greninja|Dark Pulse|p1a: Ash-Iris-Lance\n|-damage|p1a: Ash-Iris-Lance|66\/100\n|-damage|p2a: Greninja|71\/100|[from] item: Life Orb\n|move|p1a: Ash-Iris-Lance|Dragon Dance|p1a: Ash-Iris-Lance\n|-boost|p1a: Ash-Iris-Lance|atk|1\n|-boost|p1a: Ash-Iris-Lance|spe|1\n|\n|upkeep\n|turn|10\n|\n|t:|1699889263\n|switch|p2a: Dondozo|Dondozo, F|100\/100\n|move|p1a: Ash-Iris-Lance|Extreme Speed|p2a: Dondozo\n|-damage|p2a: Dondozo|87\/100\n|\n|-heal|p2a: Dondozo|94\/100|[from] item: Leftovers\n|upkeep\n|turn|11\n|\n|t:|1699889274\n|switch|p1a: Steven|Magnezone|100\/100\n|-damage|p1a: Steven|94\/100|[from] Stealth Rock\n|move|p2a: Dondozo|Liquidation|p1a: Steven\n|-damage|p1a: Steven|59\/100\n|\n|-heal|p2a: Dondozo|99\/100|[from] item: Leftovers\n|upkeep\n|turn|12\n|\n|t:|1699889282\n|move|p1a: Steven|Discharge|p2a: Dondozo\n|-supereffective|p2a: Dondozo\n|-damage|p2a: Dondozo|55\/100\n|move|p2a: Dondozo|Earthquake|p1a: Steven\n|-supereffective|p1a: Steven\n|-damage|p1a: Steven|0 fnt\n|faint|p1a: Steven\n|\n|-heal|p2a: Dondozo|61\/100|[from] item: Leftovers\n|-sideend|p2: SmallSnakeGames|move: Aurora Veil\n|upkeep\n|\n|t:|1699889295\n|switch|p1a: Cynthia|Garchomp, F|100\/100\n|-damage|p1a: Cynthia|94\/100|[from] Stealth Rock\n|turn|13\n|\n|t:|1699889303\n|move|p1a: Cynthia|Stealth Rock|p2a: Dondozo\n|-sidestart|p2: SmallSnakeGames|move: Stealth Rock\n|move|p2a: Dondozo|Earthquake|p1a: Cynthia\n|-damage|p1a: Cynthia|60\/100\n|\n|-heal|p2a: Dondozo|67\/100|[from] item: Leftovers\n|upkeep\n|turn|14\n|\n|t:|1699889315\n|move|p1a: Cynthia|Poison Jab|p2a: Dondozo\n|-damage|p2a: Dondozo|51\/100\n|-status|p2a: Dondozo|psn\n|move|p2a: Dondozo|Liquidation|p1a: Cynthia\n|-damage|p1a: Cynthia|21\/100\n|-damage|p2a: Dondozo|38\/100 psn|[from] ability: Rough Skin|[of] p1a: Cynthia\n|-damage|p2a: Dondozo|22\/100 psn|[from] item: Rocky Helmet|[of] p1a: Cynthia\n|\n|-heal|p2a: Dondozo|28\/100 psn|[from] item: Leftovers\n|-damage|p2a: Dondozo|15\/100 psn|[from] psn\n|upkeep\n|turn|15\n|\n|t:|1699889328\n|move|p1a: Cynthia|Earthquake|p2a: Dondozo\n|-damage|p2a: Dondozo|0 fnt\n|faint|p2a: Dondozo\n|\n|upkeep\n|\n|t:|1699889333\n|switch|p2a: Glimmora|Glimmora, M|100\/100\n|-damage|p2a: Glimmora|88\/100|[from] Stealth Rock\n|turn|16\n|\n|t:|1699889337\n|move|p1a: Cynthia|Earthquake|p2a: Glimmora\n|-supereffective|p2a: Glimmora\n|-crit|p2a: Glimmora\n|-damage|p2a: Glimmora|0 fnt\n|-activate|p2a: Glimmora|ability: Toxic Debris\n|-sidestart|p1: trialteam98|move: Toxic Spikes\n|faint|p2a: Glimmora\n|\n|upkeep\n|\n|t:|1699889352\n|switch|p2a: Walking Wake|Walking Wake|100\/100\n|-damage|p2a: Walking Wake|88\/100|[from] Stealth Rock\n|turn|17\n|\n|t:|1699889358\n|move|p2a: Walking Wake|Hydro Steam|p1a: Cynthia\n|-damage|p1a: Cynthia|0 fnt\n|faint|p1a: Cynthia\n|\n|upkeep\n|\n|t:|1699889371\n|switch|p1a: Diantha|Iron Valiant|100\/100\n|-damage|p1a: Diantha|94\/100|[from] Stealth Rock\n|-status|p1a: Diantha|psn\n|-enditem|p1a: Diantha|Booster Energy\n|-activate|p1a: Diantha|ability: Quark Drive|[fromitem]\n|-start|p1a: Diantha|quarkdrivespe\n|turn|18\n|\n|t:|1699889381\n|-terastallize|p2a: Walking Wake|Water\n|move|p1a: Diantha|Drain Punch|p2a: Walking Wake\n|-damage|p2a: Walking Wake|45\/100\n|-heal|p1a: Diantha|100\/100 psn|[from] drain|[of] p2a: Walking Wake\n|move|p2a: Walking Wake|Hydro Steam|p1a: Diantha\n|-damage|p1a: Diantha|0 fnt\n|faint|p1a: Diantha\n|-end|p1a: Diantha|Quark Drive|[silent]\n|\n|upkeep\n|\n|t:|1699889391\n|switch|p1a: Ash-Iris-Lance|Dragonite, F, tera:Normal|66\/100\n|turn|19\n|\n|t:|1699889395\n|move|p1a: Ash-Iris-Lance|Extreme Speed|p2a: Walking Wake\n|-damage|p2a: Walking Wake|0 fnt\n|faint|p2a: Walking Wake\n|-end|p2a: Walking Wake|Protosynthesis|[silent]\n|\n|upkeep\n|\n|t:|1699889400\n|switch|p2a: Iron Moth|Iron Moth|100\/100\n|-damage|p2a: Iron Moth|76\/100|[from] Stealth Rock\n|-enditem|p2a: Iron Moth|Booster Energy\n|-activate|p2a: Iron Moth|ability: Quark Drive|[fromitem]\n|-start|p2a: Iron Moth|quarkdrivespe\n|turn|20\n|\n|t:|1699889410\n|move|p1a: Ash-Iris-Lance|Extreme Speed|p2a: Iron Moth\n|-damage|p2a: Iron Moth|9\/100\n|move|p2a: Iron Moth|Sludge Wave|p1a: Ash-Iris-Lance\n|-damage|p1a: Ash-Iris-Lance|17\/100\n|\n|upkeep\n|turn|21\n|\n|t:|1699889416\n|move|p1a: Ash-Iris-Lance|Extreme Speed|p2a: Iron Moth\n|-damage|p2a: Iron Moth|0 fnt\n|faint|p2a: Iron Moth\n|-end|p2a: Iron Moth|Quark Drive|[silent]\n|\n|upkeep\n|c|\u2606SmallSnakeGames|gg\n|\n|t:|1699889422\n|switch|p2a: Greninja|Greninja, M|71\/100\n|-damage|p2a: Greninja|59\/100|[from] Stealth Rock\n|turn|22\n|\n|t:|1699889427\n|move|p1a: Ash-Iris-Lance|Extreme Speed|p2a: Greninja\n|-damage|p2a: Greninja|0 fnt\n|faint|p2a: Greninja\n|\n|win|trialteam98\n|raw|trialteam98's rating: 1192 &rarr; <strong>1211<\/strong><br \/>(+19 for winning)\n|raw|SmallSnakeGames's rating: 1102 &rarr; <strong>1083<\/strong><br \/>(-19 for losing)\n","uploadtime":1699889434,"views":15,"p1id":"trialteam98","p2id":"smallsnakegames","formatid":"gen9ou","rating":1083,"private":0,"password":""}