{"id":"gen9ou-1989469340","p1":"halaman95","p2":"Zicofool","format":"[Gen 9] OU","log":"|j|\u203dhalaman95\n|j|\u2606Zicofool\n|t:|1699855465\n|gametype|singles\n|player|p1|halaman95|1|1514\n|player|p2|Zicofool|may-masters|1644\n|teamsize|p1|6\n|teamsize|p2|6\n|gen|9\n|tier|[Gen 9] OU\n|rated|\n|rule|Sleep Clause Mod: Limit one foe put to sleep\n|rule|Species Clause: Limit one of each Pok\u00e9mon\n|rule|OHKO Clause: OHKO moves are banned\n|rule|Evasion Items Clause: Evasion items are banned\n|rule|Evasion Moves Clause: Evasion moves are banned\n|rule|Endless Battle Clause: Forcing endless battles is banned\n|rule|HP Percentage Mod: HP is shown in percentages\n|clearpoke\n|poke|p1|Torkoal, M|\n|poke|p1|Walking Wake|\n|poke|p1|Great Tusk|\n|poke|p1|Garganacl, M|\n|poke|p1|Iron Moth|\n|poke|p1|Clefable, F|\n|poke|p2|Ogerpon, F|\n|poke|p2|Sneasler, M|\n|poke|p2|Maushold-Four|\n|poke|p2|Volcanion|\n|poke|p2|Corviknight, F|\n|poke|p2|Palossand, F|\n|teampreview\n|inactive|Battle timer is ON: inactive players will automatically lose when time's up. (requested by halaman95)\n|\n|t:|1699855485\n|start\n|switch|p1a: Torkoal|Torkoal, M|100\/100\n|switch|p2a: Palossand|Palossand, F|100\/100\n|-weather|SunnyDay|[from] ability: Drought|[of] p1a: Torkoal\n|turn|1\n|\n|t:|1699855501\n|switch|p1a: Garganacl|Garganacl, M|100\/100\n|move|p2a: Palossand|Mud-Slap|p1a: Garganacl\n|-supereffective|p1a: Garganacl\n|-damage|p1a: Garganacl|87\/100\n|-unboost|p1a: Garganacl|accuracy|1\n|\n|-weather|SunnyDay|[upkeep]\n|-heal|p1a: Garganacl|93\/100|[from] item: Leftovers\n|upkeep\n|turn|2\n|\n|t:|1699855507\n|move|p2a: Palossand|Earth Power|p1a: Garganacl\n|-supereffective|p1a: Garganacl\n|-damage|p1a: Garganacl|38\/100\n|-unboost|p1a: Garganacl|spd|1\n|move|p1a: Garganacl|Salt Cure|p2a: Palossand\n|-resisted|p2a: Palossand\n|-damage|p2a: Palossand|95\/100\n|-start|p2a: Palossand|Salt Cure\n|\n|-weather|SunnyDay|[upkeep]\n|-heal|p2a: Palossand|100\/100|[from] item: Leftovers\n|-heal|p1a: Garganacl|45\/100|[from] item: Leftovers\n|-damage|p2a: Palossand|88\/100|[from] Salt Cure\n|upkeep\n|turn|3\n|\n|t:|1699855521\n|switch|p1a: Walking Wake|Walking Wake|100\/100\n|-activate|p1a: Walking Wake|ability: Protosynthesis\n|-start|p1a: Walking Wake|protosynthesisspe\n|move|p2a: Palossand|Earth Power|p1a: Walking Wake\n|-damage|p1a: Walking Wake|48\/100\n|\n|-weather|SunnyDay|[upkeep]\n|-heal|p2a: Palossand|94\/100|[from] item: Leftovers\n|-damage|p2a: Palossand|82\/100|[from] Salt Cure\n|upkeep\n|turn|4\n|\n|t:|1699855529\n|switch|p2a: Corviknight|Corviknight, F|100\/100\n|-ability|p2a: Corviknight|Pressure\n|move|p1a: Walking Wake|Hydro Steam|p2a: Corviknight\n|-damage|p2a: Corviknight|38\/100\n|\n|-weather|SunnyDay|[upkeep]\n|-heal|p2a: Corviknight|44\/100|[from] item: Leftovers\n|upkeep\n|turn|5\n|\n|t:|1699855540\n|move|p1a: Walking Wake|Hydro Steam|p2a: Corviknight\n|-damage|p2a: Corviknight|0 fnt\n|faint|p2a: Corviknight\n|\n|-weather|SunnyDay|[upkeep]\n|upkeep\n|\n|t:|1699855544\n|switch|p2a: Sneasler|Sneasler, M|100\/100\n|turn|6\n|\n|t:|1699855552\n|move|p2a: Sneasler|Dire Claw|p1a: Walking Wake\n|-damage|p1a: Walking Wake|5\/100\n|-status|p1a: Walking Wake|slp\n|cant|p1a: Walking Wake|slp\n|\n|-weather|SunnyDay|[upkeep]\n|upkeep\n|turn|7\n|\n|t:|1699855564\n|move|p2a: Sneasler|Dire Claw|p1a: Walking Wake\n|-damage|p1a: Walking Wake|0 fnt\n|faint|p1a: Walking Wake\n|-end|p1a: Walking Wake|Protosynthesis|[silent]\n|\n|-weather|SunnyDay|[upkeep]\n|upkeep\n|\n|t:|1699855567\n|switch|p1a: Garganacl|Garganacl, M|45\/100\n|turn|8\n|\n|t:|1699855572\n|switch|p2a: Ogerpon|Ogerpon, F|100\/100\n|move|p1a: Garganacl|Recover|p1a: Garganacl\n|-heal|p1a: Garganacl|95\/100\n|\n|-weather|none\n|-heal|p1a: Garganacl|100\/100|[from] item: Leftovers\n|upkeep\n|turn|9\n|\n|t:|1699855584\n|switch|p1a: Torkoal|Torkoal, M|100\/100\n|-weather|SunnyDay|[from] ability: Drought|[of] p1a: Torkoal\n|move|p2a: Ogerpon|Ivy Cudgel|p1a: Torkoal\n|-resisted|p1a: Torkoal\n|-damage|p1a: Torkoal|80\/100\n|\n|-weather|SunnyDay|[upkeep]\n|upkeep\n|turn|10\n|\n|t:|1699855591\n|switch|p2a: Volcanion|Volcanion|100\/100\n|move|p1a: Torkoal|Stealth Rock|p2a: Volcanion\n|-sidestart|p2: Zicofool|move: Stealth Rock\n|\n|-weather|SunnyDay|[upkeep]\n|upkeep\n|turn|11\n|\n|t:|1699855610\n|switch|p1a: Garganacl|Garganacl, M|100\/100\n|move|p2a: Volcanion|Earth Power|p1a: Garganacl\n|-supereffective|p1a: Garganacl\n|-damage|p1a: Garganacl|30\/100\n|\n|-weather|SunnyDay|[upkeep]\n|-heal|p1a: Garganacl|36\/100|[from] item: Leftovers\n|upkeep\n|turn|12\n|\n|t:|1699855623\n|switch|p1a: Clefable|Clefable, F|100\/100\n|move|p2a: Volcanion|Earth Power|p1a: Clefable\n|-damage|p1a: Clefable|53\/100\n|\n|-weather|SunnyDay|[upkeep]\n|-heal|p1a: Clefable|59\/100|[from] item: Leftovers\n|upkeep\n|turn|13\n|\n|t:|1699855627\n|-terastallize|p2a: Volcanion|Ground\n|move|p2a: Volcanion|Earth Power|p1a: Clefable\n|-crit|p1a: Clefable\n|-damage|p1a: Clefable|0 fnt\n|faint|p1a: Clefable\n|\n|-weather|SunnyDay|[upkeep]\n|upkeep\n|\n|t:|1699855635\n|switch|p1a: Great Tusk|Great Tusk|100\/100\n|-activate|p1a: Great Tusk|ability: Protosynthesis\n|-start|p1a: Great Tusk|protosynthesisatk\n|turn|14\n|\n|t:|1699855643\n|move|p1a: Great Tusk|Headlong Rush|p2a: Volcanion\n|-damage|p2a: Volcanion|8\/100\n|-unboost|p1a: Great Tusk|def|1\n|-unboost|p1a: Great Tusk|spd|1\n|move|p2a: Volcanion|Earth Power|p1a: Great Tusk\n|-damage|p1a: Great Tusk|0 fnt\n|faint|p1a: Great Tusk\n|-end|p1a: Great Tusk|Protosynthesis|[silent]\n|\n|-weather|SunnyDay|[upkeep]\n|upkeep\n|\n|t:|1699855651\n|switch|p1a: Iron Moth|Iron Moth|100\/100\n|-enditem|p1a: Iron Moth|Booster Energy\n|-activate|p1a: Iron Moth|ability: Quark Drive|[fromitem]\n|-start|p1a: Iron Moth|quarkdrivespe\n|turn|15\n|\n|t:|1699855657\n|move|p1a: Iron Moth|Fiery Dance|p2a: Volcanion\n|-damage|p2a: Volcanion|0 fnt\n|faint|p2a: Volcanion\n|\n|-weather|SunnyDay|[upkeep]\n|upkeep\n|\n|t:|1699855661\n|switch|p2a: Palossand|Palossand, F|82\/100\n|-damage|p2a: Palossand|76\/100|[from] Stealth Rock\n|turn|16\n|\n|t:|1699855668\n|move|p1a: Iron Moth|Fiery Dance|p2a: Palossand\n|-damage|p2a: Palossand|9\/100\n|-boost|p1a: Iron Moth|spa|1\n|move|p2a: Palossand|Earth Power|p1a: Iron Moth\n|-supereffective|p1a: Iron Moth\n|-damage|p1a: Iron Moth|0 fnt\n|faint|p1a: Iron Moth\n|-end|p1a: Iron Moth|Quark Drive|[silent]\n|\n|-weather|none\n|-heal|p2a: Palossand|15\/100|[from] item: Leftovers\n|upkeep\n|\n|t:|1699855678\n|switch|p1a: Torkoal|Torkoal, M|80\/100\n|-weather|SunnyDay|[from] ability: Drought|[of] p1a: Torkoal\n|turn|17\n|\n|t:|1699855680\n|move|p2a: Palossand|Earth Power|p1a: Torkoal\n|-supereffective|p1a: Torkoal\n|-damage|p1a: Torkoal|0 fnt\n|faint|p1a: Torkoal\n|\n|-weather|SunnyDay|[upkeep]\n|-heal|p2a: Palossand|21\/100|[from] item: Leftovers\n|upkeep\n|\n|t:|1699855684\n|switch|p1a: Garganacl|Garganacl, M|36\/100\n|turn|18\n|c|\u2606Zicofool|gg\n|\n|t:|1699855691\n|-terastallize|p1a: Garganacl|Water\n|move|p1a: Garganacl|Recover|p1a: Garganacl\n|-heal|p1a: Garganacl|86\/100\n|move|p2a: Palossand|Earth Power|p1a: Garganacl\n|-damage|p1a: Garganacl|58\/100\n|\n|-weather|SunnyDay|[upkeep]\n|-heal|p2a: Palossand|28\/100|[from] item: Leftovers\n|-heal|p1a: Garganacl|64\/100|[from] item: Leftovers\n|upkeep\n|turn|19\n|\n|t:|1699855704\n|move|p2a: Palossand|Mud-Slap|p1a: Garganacl\n|-damage|p1a: Garganacl|57\/100\n|-unboost|p1a: Garganacl|accuracy|1\n|move|p1a: Garganacl|Iron Defense|p1a: Garganacl\n|-boost|p1a: Garganacl|def|2\n|\n|-weather|SunnyDay|[upkeep]\n|-heal|p1a: Garganacl|64\/100|[from] item: Leftovers\n|-heal|p2a: Palossand|34\/100|[from] item: Leftovers\n|upkeep\n|turn|20\n|\n|t:|1699855712\n|switch|p2a: Maushold|Maushold-Four|100\/100\n|-damage|p2a: Maushold|88\/100|[from] Stealth Rock\n|move|p1a: Garganacl|Salt Cure|p2a: Maushold|[miss]\n|-miss|p1a: Garganacl|p2a: Maushold\n|\n|-weather|SunnyDay|[upkeep]\n|-heal|p1a: Garganacl|70\/100|[from] item: Leftovers\n|upkeep\n|turn|21\n|\n|t:|1699855724\n|move|p2a: Maushold|Encore|p1a: Garganacl\n|-start|p1a: Garganacl|Encore\n|move|p1a: Garganacl|Salt Cure|p2a: Maushold\n|-damage|p2a: Maushold|65\/100\n|-start|p2a: Maushold|Salt Cure\n|\n|-weather|SunnyDay|[upkeep]\n|-heal|p1a: Garganacl|76\/100|[from] item: Leftovers\n|-damage|p2a: Maushold|53\/100|[from] Salt Cure\n|upkeep\n|turn|22\n|\n|t:|1699855732\n|move|p2a: Maushold|Population Bomb|p1a: Garganacl\n|-damage|p1a: Garganacl|72\/100\n|-damage|p1a: Garganacl|68\/100\n|-crit|p1a: Garganacl\n|-damage|p1a: Garganacl|55\/100\n|-damage|p1a: Garganacl|51\/100\n|-damage|p1a: Garganacl|47\/100\n|-damage|p1a: Garganacl|42\/100\n|-damage|p1a: Garganacl|38\/100\n|-damage|p1a: Garganacl|34\/100\n|-damage|p1a: Garganacl|30\/100\n|-damage|p1a: Garganacl|26\/100\n|-hitcount|p1a: Garganacl|10\n|move|p1a: Garganacl|Salt Cure|p2a: Maushold\n|-damage|p2a: Maushold|31\/100\n|\n|-weather|SunnyDay|[upkeep]\n|-heal|p1a: Garganacl|32\/100|[from] item: Leftovers\n|-damage|p2a: Maushold|18\/100|[from] Salt Cure\n|upkeep\n|turn|23\n|\n|t:|1699855738\n|move|p2a: Maushold|Population Bomb|p1a: Garganacl\n|-damage|p1a: Garganacl|28\/100\n|-damage|p1a: Garganacl|24\/100\n|-damage|p1a: Garganacl|19\/100\n|-damage|p1a: Garganacl|15\/100\n|-damage|p1a: Garganacl|11\/100\n|-damage|p1a: Garganacl|7\/100\n|-damage|p1a: Garganacl|2\/100\n|-damage|p1a: Garganacl|0 fnt\n|faint|p1a: Garganacl\n|-hitcount|p1: Garganacl|8\n|\n|win|Zicofool\n|raw|halaman95's rating: 1514 &rarr; <strong>1501<\/strong><br \/>(-13 for losing)\n|raw|Zicofool's rating: 1644 &rarr; <strong>1657<\/strong><br \/>(+13 for winning)\n|c|\u2606Zicofool|gg\n|l|\u203dhalaman95\n","uploadtime":1699855743,"views":11,"p1id":"halaman95","p2id":"zicofool","formatid":"gen9ou","rating":1501,"private":0,"password":""}