{"id":"gen9ou-1989727497","p1":"MayZzay","p2":"ianlazerbeem","format":"[Gen 9] OU","log":"|j|\u2606MayZzay\n|j|\u2606ianlazerbeem\n|t:|1699890570\n|gametype|singles\n|player|p1|MayZzay|hugh|1344\n|player|p2|ianlazerbeem|rosa|1419\n|teamsize|p1|6\n|teamsize|p2|6\n|gen|9\n|tier|[Gen 9] OU\n|rated|\n|rule|Sleep Clause Mod: Limit one foe put to sleep\n|rule|Species Clause: Limit one of each Pok\u00e9mon\n|rule|OHKO Clause: OHKO moves are banned\n|rule|Evasion Items Clause: Evasion items are banned\n|rule|Evasion Moves Clause: Evasion moves are banned\n|rule|Endless Battle Clause: Forcing endless battles is banned\n|rule|HP Percentage Mod: HP is shown in percentages\n|clearpoke\n|poke|p1|Kingambit, M|\n|poke|p1|Torkoal, F|\n|poke|p1|Great Tusk|\n|poke|p1|Walking Wake|\n|poke|p1|Brute Bonnet|\n|poke|p1|Iron Moth|\n|poke|p2|Clefable, F|\n|poke|p2|Alomomola, F|\n|poke|p2|Blissey, F|\n|poke|p2|Clodsire, M|\n|poke|p2|Dondozo, F|\n|poke|p2|Amoonguss, M|\n|teampreview\n|\n|t:|1699890584\n|start\n|switch|p1a: Torkoal|Torkoal, F|100\/100\n|switch|p2a: Clodsire|Clodsire, M|100\/100\n|-weather|SunnyDay|[from] ability: Drought|[of] p1a: Torkoal\n|turn|1\n|c|\u2606MayZzay|omg team of psychopath gg\n|\n|t:|1699890595\n|move|p1a: Torkoal|Stealth Rock|p2a: Clodsire\n|-sidestart|p2: ianlazerbeem|move: Stealth Rock\n|move|p2a: Clodsire|Spikes|p1a: Torkoal\n|-sidestart|p1: MayZzay|Spikes\n|\n|-weather|SunnyDay|[upkeep]\n|upkeep\n|turn|2\n|\n|t:|1699890614\n|switch|p1a: Brute Bonnet|Brute Bonnet|100\/100\n|-damage|p1a: Brute Bonnet|88\/100|[from] Spikes\n|-activate|p1a: Brute Bonnet|ability: Protosynthesis\n|-start|p1a: Brute Bonnet|protosynthesisatk\n|move|p2a: Clodsire|Spikes|p1a: Brute Bonnet\n|-sidestart|p1: MayZzay|Spikes\n|\n|-weather|SunnyDay|[upkeep]\n|upkeep\n|turn|3\n|\n|t:|1699890624\n|switch|p2a: Amoonguss|Amoonguss, M|100\/100\n|move|p1a: Brute Bonnet|Spore|p2a: Amoonguss\n|-immune|p2a: Amoonguss\n|\n|-weather|SunnyDay|[upkeep]\n|upkeep\n|turn|4\n|\n|t:|1699890635\n|move|p1a: Brute Bonnet|Crunch|p2a: Amoonguss\n|-damage|p2a: Amoonguss|59\/100\n|move|p2a: Amoonguss|Toxic|p1a: Brute Bonnet\n|-status|p1a: Brute Bonnet|tox\n|\n|-weather|SunnyDay|[upkeep]\n|-damage|p1a: Brute Bonnet|82\/100 tox|[from] psn\n|upkeep\n|turn|5\n|\n|t:|1699890645\n|move|p1a: Brute Bonnet|Crunch|p2a: Amoonguss\n|-damage|p2a: Amoonguss|17\/100\n|move|p2a: Amoonguss|Synthesis|p2a: Amoonguss\n|-heal|p2a: Amoonguss|83\/100\n|\n|-weather|SunnyDay|[upkeep]\n|-damage|p1a: Brute Bonnet|70\/100 tox|[from] psn\n|upkeep\n|turn|6\n|\n|t:|1699890660\n|-end|p1a: Brute Bonnet|Protosynthesis|[silent]\n|switch|p1a: Iron Moth|Iron Moth|100\/100\n|-damage|p1a: Iron Moth|84\/100|[from] Spikes\n|-enditem|p1a: Iron Moth|Booster Energy\n|-activate|p1a: Iron Moth|ability: Quark Drive|[fromitem]\n|-start|p1a: Iron Moth|quarkdrivespe\n|move|p2a: Amoonguss|Toxic|p1a: Iron Moth\n|-immune|p1a: Iron Moth\n|\n|-weather|SunnyDay|[upkeep]\n|upkeep\n|turn|7\n|\n|t:|1699890669\n|switch|p2a: Blissey|Blissey, F|100\/100\n|move|p1a: Iron Moth|Fiery Dance|p2a: Blissey\n|-damage|p2a: Blissey|83\/100\n|-boost|p1a: Iron Moth|spa|1\n|\n|-weather|SunnyDay|[upkeep]\n|upkeep\n|turn|8\n|\n|t:|1699890678\n|move|p1a: Iron Moth|Substitute|p1a: Iron Moth\n|-start|p1a: Iron Moth|Substitute\n|-damage|p1a: Iron Moth|59\/100\n|move|p2a: Blissey|Seismic Toss|p1a: Iron Moth\n|-end|p1a: Iron Moth|Substitute\n|\n|-weather|none\n|upkeep\n|turn|9\n|inactive|Battle timer is ON: inactive players will automatically lose when time's up. (requested by ianlazerbeem)\n|\n|t:|1699890689\n|move|p1a: Iron Moth|Fiery Dance|p2a: Blissey\n|-damage|p2a: Blissey|65\/100\n|-boost|p1a: Iron Moth|spa|1\n|move|p2a: Blissey|Stealth Rock|p1a: Iron Moth\n|-sidestart|p1: MayZzay|move: Stealth Rock\n|\n|upkeep\n|turn|10\n|\n|t:|1699890697\n|switch|p2a: Clodsire|Clodsire, M|100\/100\n|move|p1a: Iron Moth|Sludge Wave|p2a: Clodsire\n|-resisted|p2a: Clodsire\n|-damage|p2a: Clodsire|95\/100\n|\n|upkeep\n|turn|11\n|\n|t:|1699890704\n|move|p1a: Iron Moth|Substitute|p1a: Iron Moth\n|-start|p1a: Iron Moth|Substitute\n|-damage|p1a: Iron Moth|34\/100\n|move|p2a: Clodsire|Spikes|p1a: Iron Moth\n|-sidestart|p1: MayZzay|Spikes\n|\n|upkeep\n|turn|12\n|\n|t:|1699890711\n|move|p1a: Iron Moth|Energy Ball|p2a: Clodsire\n|-damage|p2a: Clodsire|78\/100\n|move|p2a: Clodsire|Poison Jab|p1a: Iron Moth\n|-resisted|p1a: Iron Moth\n|-activate|p1a: Iron Moth|move: Substitute|[damage]\n|\n|upkeep\n|turn|13\n|\n|t:|1699890718\n|move|p1a: Iron Moth|Fiery Dance|p2a: Clodsire\n|-damage|p2a: Clodsire|56\/100\n|move|p2a: Clodsire|Poison Jab|p1a: Iron Moth\n|-resisted|p1a: Iron Moth\n|-end|p1a: Iron Moth|Substitute\n|\n|upkeep\n|turn|14\n|\n|t:|1699890724\n|move|p1a: Iron Moth|Fiery Dance|p2a: Clodsire\n|-damage|p2a: Clodsire|34\/100\n|move|p2a: Clodsire|Poison Jab|p1a: Iron Moth\n|-resisted|p1a: Iron Moth\n|-damage|p1a: Iron Moth|18\/100\n|\n|upkeep\n|turn|15\n|\n|t:|1699890731\n|move|p1a: Iron Moth|Fiery Dance|p2a: Clodsire\n|-damage|p2a: Clodsire|14\/100\n|-boost|p1a: Iron Moth|spa|1\n|move|p2a: Clodsire|Recover|p2a: Clodsire\n|-heal|p2a: Clodsire|64\/100\n|\n|upkeep\n|turn|16\n|\n|t:|1699890737\n|move|p1a: Iron Moth|Fiery Dance|p2a: Clodsire\n|-damage|p2a: Clodsire|44\/100\n|-boost|p1a: Iron Moth|spa|1\n|move|p2a: Clodsire|Poison Jab|p1a: Iron Moth\n|-resisted|p1a: Iron Moth\n|-crit|p1a: Iron Moth\n|-damage|p1a: Iron Moth|0 fnt\n|faint|p1a: Iron Moth\n|-end|p1a: Iron Moth|Quark Drive|[silent]\n|\n|upkeep\n|\n|t:|1699890753\n|switch|p1a: Torkoal|Torkoal, F|100\/100\n|-damage|p1a: Torkoal|76\/100|[from] Spikes\n|-damage|p1a: Torkoal|51\/100|[from] Stealth Rock\n|-weather|SunnyDay|[from] ability: Drought|[of] p1a: Torkoal\n|turn|17\n|\n|t:|1699890760\n|move|p1a: Torkoal|Rapid Spin|p2a: Clodsire\n|-damage|p2a: Clodsire|34\/100\n|-boost|p1a: Torkoal|spe|1\n|-sideend|p1: MayZzay|Spikes|[from] move: Rapid Spin|[of] p1a: Torkoal\n|-sideend|p1: MayZzay|Stealth Rock|[from] move: Rapid Spin|[of] p1a: Torkoal\n|move|p2a: Clodsire|Recover|p2a: Clodsire\n|-heal|p2a: Clodsire|85\/100\n|\n|-weather|SunnyDay|[upkeep]\n|upkeep\n|turn|18\n|\n|t:|1699890768\n|move|p1a: Torkoal|Yawn|p2a: Clodsire\n|-start|p2a: Clodsire|move: Yawn|[of] p1a: Torkoal\n|move|p2a: Clodsire|Spikes|p1a: Torkoal\n|-sidestart|p1: MayZzay|Spikes\n|\n|-weather|SunnyDay|[upkeep]\n|upkeep\n|turn|19\n|\n|t:|1699890780\n|switch|p2a: Alomomola|Alomomola, F|100\/100\n|move|p1a: Torkoal|Rapid Spin|p2a: Alomomola\n|-damage|p2a: Alomomola|95\/100\n|-boost|p1a: Torkoal|spe|1\n|-sideend|p1: MayZzay|Spikes|[from] move: Rapid Spin|[of] p1a: Torkoal\n|\n|-weather|SunnyDay|[upkeep]\n|upkeep\n|turn|20\n|\n|t:|1699890789\n|switch|p1a: Brute Bonnet|Brute Bonnet|70\/100 tox\n|-activate|p1a: Brute Bonnet|ability: Protosynthesis\n|-start|p1a: Brute Bonnet|protosynthesisatk\n|move|p2a: Alomomola|Wish|p2a: Alomomola\n|\n|-weather|SunnyDay|[upkeep]\n|-damage|p1a: Brute Bonnet|64\/100 tox|[from] psn\n|upkeep\n|turn|21\n|\n|t:|1699890797\n|switch|p2a: Amoonguss|Amoonguss, M|100\/100\n|move|p1a: Brute Bonnet|Crunch|p2a: Amoonguss\n|-damage|p2a: Amoonguss|57\/100\n|\n|-weather|SunnyDay|[upkeep]\n|-heal|p2a: Amoonguss|100\/100|[from] move: Wish|[wisher] Alomomola\n|-damage|p1a: Brute Bonnet|52\/100 tox|[from] psn\n|upkeep\n|turn|22\n|\n|t:|1699890808\n|move|p1a: Brute Bonnet|Crunch|p2a: Amoonguss\n|-damage|p2a: Amoonguss|56\/100\n|-unboost|p2a: Amoonguss|def|1\n|move|p2a: Amoonguss|Foul Play|p1a: Brute Bonnet\n|-resisted|p1a: Brute Bonnet\n|-damage|p1a: Brute Bonnet|36\/100 tox\n|\n|-weather|SunnyDay|[upkeep]\n|-damage|p1a: Brute Bonnet|18\/100 tox|[from] psn\n|upkeep\n|turn|23\n|\n|t:|1699890817\n|switch|p2a: Clefable|Clefable, F|100\/100\n|move|p1a: Brute Bonnet|Crunch|p2a: Clefable\n|-resisted|p2a: Clefable\n|-damage|p2a: Clefable|77\/100\n|\n|-weather|SunnyDay|[upkeep]\n|-heal|p2a: Clefable|83\/100|[from] item: Leftovers\n|-damage|p1a: Brute Bonnet|0 fnt|[from] psn\n|faint|p1a: Brute Bonnet\n|-end|p1a: Brute Bonnet|Protosynthesis|[silent]\n|upkeep\n|\n|t:|1699890830\n|switch|p1a: Kingambit|Kingambit, M|100\/100\n|-activate|p1a: Kingambit|ability: Supreme Overlord\n|-start|p1a: Kingambit|fallen2|[silent]\n|turn|24\n|\n|t:|1699890835\n|switch|p2a: Dondozo|Dondozo, F|100\/100\n|move|p1a: Kingambit|Swords Dance|p1a: Kingambit\n|-boost|p1a: Kingambit|atk|2\n|\n|-weather|none\n|upkeep\n|turn|25\n|\n|t:|1699890843\n|-terastallize|p1a: Kingambit|Fairy\n|move|p1a: Kingambit|Swords Dance|p1a: Kingambit\n|-boost|p1a: Kingambit|atk|2\n|move|p2a: Dondozo|Body Press|p1a: Kingambit\n|-resisted|p1a: Kingambit\n|-damage|p1a: Kingambit|90\/100\n|\n|-heal|p1a: Kingambit|97\/100|[from] item: Leftovers\n|upkeep\n|turn|26\n|\n|t:|1699890854\n|move|p1a: Kingambit|Swords Dance|p1a: Kingambit\n|-boost|p1a: Kingambit|atk|2\n|move|p2a: Dondozo|Waterfall|p1a: Kingambit\n|-crit|p1a: Kingambit\n|-damage|p1a: Kingambit|66\/100\n|\n|-heal|p1a: Kingambit|72\/100|[from] item: Leftovers\n|upkeep\n|turn|27\n|\n|t:|1699890862\n|move|p1a: Kingambit|Tera Blast|p2a: Dondozo|[anim] Tera Blast Fairy\n|-damage|p2a: Dondozo|77\/100\n|move|p2a: Dondozo|Waterfall|p1a: Kingambit\n|-damage|p1a: Kingambit|51\/100\n|\n|-heal|p1a: Kingambit|57\/100|[from] item: Leftovers\n|upkeep\n|turn|28\n|\n|t:|1699890874\n|move|p1a: Kingambit|Tera Blast|p2a: Dondozo|[anim] Tera Blast Fairy\n|-damage|p2a: Dondozo|51\/100\n|move|p2a: Dondozo|Waterfall|p1a: Kingambit\n|-damage|p1a: Kingambit|36\/100\n|\n|-heal|p1a: Kingambit|42\/100|[from] item: Leftovers\n|upkeep\n|turn|29\n|\n|t:|1699890881\n|move|p1a: Kingambit|Tera Blast|p2a: Dondozo|[anim] Tera Blast Fairy\n|-damage|p2a: Dondozo|28\/100\n|move|p2a: Dondozo|Rest|p2a: Dondozo\n|-status|p2a: Dondozo|slp|[from] move: Rest\n|-heal|p2a: Dondozo|100\/100 slp|[silent]\n|\n|-heal|p1a: Kingambit|48\/100|[from] item: Leftovers\n|upkeep\n|turn|30\n|\n|t:|1699890888\n|move|p1a: Kingambit|Kowtow Cleave|p2a: Dondozo\n|-damage|p2a: Dondozo|75\/100 slp\n|cant|p2a: Dondozo|slp\n|move|p2a: Dondozo|Sleep Talk|p2a: Dondozo\n|move|p2a: Dondozo|Body Press|p1a: Kingambit|[from]move: Sleep Talk\n|-resisted|p1a: Kingambit\n|-damage|p1a: Kingambit|38\/100\n|\n|-heal|p1a: Kingambit|44\/100|[from] item: Leftovers\n|upkeep\n|turn|31\n|l|\u2606ianlazerbeem\n|inactive|ianlazerbeem disconnected and has a minute to reconnect!\n|player|p2|\n|j|\u2606ianlazerbeem\n|inactive|ianlazerbeem reconnected and has 140 seconds left.\n|player|p2|ianlazerbeem|rosa\n|\n|t:|1699890917\n|move|p1a: Kingambit|Tera Blast|p2a: Dondozo|[anim] Tera Blast Fairy\n|-damage|p2a: Dondozo|52\/100 slp\n|cant|p2a: Dondozo|slp\n|move|p2a: Dondozo|Sleep Talk|p2a: Dondozo\n|move|p2a: Dondozo|Body Press|p1a: Kingambit|[from]move: Sleep Talk\n|-resisted|p1a: Kingambit\n|-damage|p1a: Kingambit|34\/100\n|\n|-heal|p1a: Kingambit|41\/100|[from] item: Leftovers\n|upkeep\n|turn|32\n|inactive|ianlazerbeem has 120 seconds left.\n|\n|t:|1699890936\n|move|p1a: Kingambit|Kowtow Cleave|p2a: Dondozo\n|-damage|p2a: Dondozo|24\/100 slp\n|-curestatus|p2a: Dondozo|slp|[msg]\n|move|p2a: Dondozo|Rest|p2a: Dondozo\n|-status|p2a: Dondozo|slp|[from] move: Rest\n|-heal|p2a: Dondozo|100\/100 slp|[silent]\n|\n|-heal|p1a: Kingambit|47\/100|[from] item: Leftovers\n|upkeep\n|turn|33\n|\n|t:|1699890945\n|move|p1a: Kingambit|Kowtow Cleave|p2a: Dondozo\n|-damage|p2a: Dondozo|75\/100 slp\n|cant|p2a: Dondozo|slp\n|move|p2a: Dondozo|Sleep Talk|p2a: Dondozo\n|move|p2a: Dondozo|Body Press|p1a: Kingambit|[from]move: Sleep Talk\n|-resisted|p1a: Kingambit\n|-damage|p1a: Kingambit|37\/100\n|\n|-heal|p1a: Kingambit|44\/100|[from] item: Leftovers\n|upkeep\n|turn|34\n|\n|t:|1699890955\n|move|p1a: Kingambit|Kowtow Cleave|p2a: Dondozo\n|-damage|p2a: Dondozo|47\/100 slp\n|cant|p2a: Dondozo|slp\n|move|p2a: Dondozo|Sleep Talk|p2a: Dondozo\n|move|p2a: Dondozo|Body Press|p1a: Kingambit|[from]move: Sleep Talk\n|-resisted|p1a: Kingambit\n|-damage|p1a: Kingambit|33\/100\n|\n|-heal|p1a: Kingambit|40\/100|[from] item: Leftovers\n|upkeep\n|turn|35\n|\n|t:|1699890966\n|move|p1a: Kingambit|Kowtow Cleave|p2a: Dondozo\n|-damage|p2a: Dondozo|21\/100 slp\n|-curestatus|p2a: Dondozo|slp|[msg]\n|move|p2a: Dondozo|Rest|p2a: Dondozo\n|-status|p2a: Dondozo|slp|[from] move: Rest\n|-heal|p2a: Dondozo|100\/100 slp|[silent]\n|\n|-heal|p1a: Kingambit|46\/100|[from] item: Leftovers\n|upkeep\n|turn|36\n|\n|t:|1699890975\n|move|p1a: Kingambit|Kowtow Cleave|p2a: Dondozo\n|-damage|p2a: Dondozo|75\/100 slp\n|cant|p2a: Dondozo|slp\n|move|p2a: Dondozo|Sleep Talk|p2a: Dondozo\n|move|p2a: Dondozo|Body Press|p1a: Kingambit|[from]move: Sleep Talk\n|-resisted|p1a: Kingambit\n|-damage|p1a: Kingambit|35\/100\n|\n|-heal|p1a: Kingambit|41\/100|[from] item: Leftovers\n|upkeep\n|turn|37\n|\n|t:|1699890984\n|move|p1a: Kingambit|Kowtow Cleave|p2a: Dondozo\n|-damage|p2a: Dondozo|49\/100 slp\n|cant|p2a: Dondozo|slp\n|move|p2a: Dondozo|Sleep Talk|p2a: Dondozo\n|move|p2a: Dondozo|Body Press|p1a: Kingambit|[from]move: Sleep Talk\n|-resisted|p1a: Kingambit\n|-damage|p1a: Kingambit|31\/100\n|\n|-heal|p1a: Kingambit|38\/100|[from] item: Leftovers\n|upkeep\n|turn|38\n|\n|t:|1699890994\n|move|p1a: Kingambit|Kowtow Cleave|p2a: Dondozo\n|-damage|p2a: Dondozo|23\/100 slp\n|-curestatus|p2a: Dondozo|slp|[msg]\n|move|p2a: Dondozo|Rest|p2a: Dondozo\n|-status|p2a: Dondozo|slp|[from] move: Rest\n|-heal|p2a: Dondozo|100\/100 slp|[silent]\n|\n|-heal|p1a: Kingambit|44\/100|[from] item: Leftovers\n|upkeep\n|turn|39\n|\n|t:|1699891006\n|move|p1a: Kingambit|Tera Blast|p2a: Dondozo|[anim] Tera Blast Fairy\n|-damage|p2a: Dondozo|76\/100 slp\n|cant|p2a: Dondozo|slp\n|move|p2a: Dondozo|Sleep Talk|p2a: Dondozo\n|move|p2a: Dondozo|Waterfall|p1a: Kingambit|[from]move: Sleep Talk\n|-damage|p1a: Kingambit|25\/100\n|\n|-heal|p1a: Kingambit|31\/100|[from] item: Leftovers\n|upkeep\n|turn|40\n|\n|t:|1699891023\n|move|p1a: Kingambit|Kowtow Cleave|p2a: Dondozo\n|-damage|p2a: Dondozo|49\/100 slp\n|cant|p2a: Dondozo|slp\n|move|p2a: Dondozo|Sleep Talk|p2a: Dondozo\n|move|p2a: Dondozo|Waterfall|p1a: Kingambit|[from]move: Sleep Talk\n|-damage|p1a: Kingambit|12\/100\n|\n|-heal|p1a: Kingambit|18\/100|[from] item: Leftovers\n|upkeep\n|turn|41\n|\n|t:|1699891034\n|move|p1a: Kingambit|Kowtow Cleave|p2a: Dondozo\n|-damage|p2a: Dondozo|22\/100 slp\n|-curestatus|p2a: Dondozo|slp|[msg]\n|move|p2a: Dondozo|Rest|p2a: Dondozo\n|-status|p2a: Dondozo|slp|[from] move: Rest\n|-heal|p2a: Dondozo|100\/100 slp|[silent]\n|\n|-heal|p1a: Kingambit|24\/100|[from] item: Leftovers\n|upkeep\n|turn|42\n|\n|t:|1699891045\n|move|p1a: Kingambit|Tera Blast|p2a: Dondozo|[anim] Tera Blast Fairy\n|-damage|p2a: Dondozo|76\/100 slp\n|cant|p2a: Dondozo|slp\n|move|p2a: Dondozo|Sleep Talk|p2a: Dondozo\n|move|p2a: Dondozo|Body Press|p1a: Kingambit|[from]move: Sleep Talk\n|-resisted|p1a: Kingambit\n|-damage|p1a: Kingambit|15\/100\n|\n|-heal|p1a: Kingambit|21\/100|[from] item: Leftovers\n|upkeep\n|turn|43\n|\n|t:|1699891058\n|move|p1a: Kingambit|Tera Blast|p2a: Dondozo|[anim] Tera Blast Fairy\n|-damage|p2a: Dondozo|50\/100 slp\n|cant|p2a: Dondozo|slp\n|move|p2a: Dondozo|Sleep Talk|p2a: Dondozo\n|move|p2a: Dondozo|Rest||[from]move: Sleep Talk|[still]\n|-fail|p2a: Dondozo\n|\n|-heal|p1a: Kingambit|27\/100|[from] item: Leftovers\n|upkeep\n|turn|44\n|\n|t:|1699891067\n|move|p1a: Kingambit|Tera Blast|p2a: Dondozo|[anim] Tera Blast Fairy\n|-damage|p2a: Dondozo|23\/100 slp\n|-curestatus|p2a: Dondozo|slp|[msg]\n|move|p2a: Dondozo|Rest|p2a: Dondozo\n|-status|p2a: Dondozo|slp|[from] move: Rest\n|-heal|p2a: Dondozo|100\/100 slp|[silent]\n|\n|-heal|p1a: Kingambit|33\/100|[from] item: Leftovers\n|upkeep\n|turn|45\n|\n|t:|1699891076\n|move|p1a: Kingambit|Tera Blast|p2a: Dondozo|[anim] Tera Blast Fairy\n|-damage|p2a: Dondozo|76\/100 slp\n|cant|p2a: Dondozo|slp\n|move|p2a: Dondozo|Sleep Talk|p2a: Dondozo\n|move|p2a: Dondozo|Body Press|p1a: Kingambit|[from]move: Sleep Talk\n|-resisted|p1a: Kingambit\n|-damage|p1a: Kingambit|24\/100\n|\n|-heal|p1a: Kingambit|30\/100|[from] item: Leftovers\n|upkeep\n|turn|46\n|\n|t:|1699891094\n|move|p1a: Kingambit|Tera Blast|p2a: Dondozo|[anim] Tera Blast Fairy\n|-damage|p2a: Dondozo|53\/100 slp\n|cant|p2a: Dondozo|slp\n|move|p2a: Dondozo|Sleep Talk|p2a: Dondozo\n|move|p2a: Dondozo|Waterfall|p1a: Kingambit|[from]move: Sleep Talk\n|-damage|p1a: Kingambit|9\/100\n|\n|-heal|p1a: Kingambit|15\/100|[from] item: Leftovers\n|upkeep\n|turn|47\n|\n|t:|1699891106\n|move|p1a: Kingambit|Tera Blast|p2a: Dondozo|[anim] Tera Blast Fairy\n|-damage|p2a: Dondozo|26\/100 slp\n|-curestatus|p2a: Dondozo|slp|[msg]\n|move|p2a: Dondozo|Rest|p2a: Dondozo\n|-status|p2a: Dondozo|slp|[from] move: Rest\n|-heal|p2a: Dondozo|100\/100 slp|[silent]\n|\n|-heal|p1a: Kingambit|21\/100|[from] item: Leftovers\n|upkeep\n|turn|48\n|\n|t:|1699891115\n|move|p1a: Kingambit|Kowtow Cleave|p2a: Dondozo\n|-damage|p2a: Dondozo|73\/100 slp\n|cant|p2a: Dondozo|slp\n|move|p2a: Dondozo|Sleep Talk|p2a: Dondozo\n|move|p2a: Dondozo|Rest||[from]move: Sleep Talk|[still]\n|-fail|p2a: Dondozo\n|\n|-heal|p1a: Kingambit|27\/100|[from] item: Leftovers\n|upkeep\n|turn|49\n|\n|t:|1699891124\n|move|p1a: Kingambit|Kowtow Cleave|p2a: Dondozo\n|-damage|p2a: Dondozo|46\/100 slp\n|cant|p2a: Dondozo|slp\n|move|p2a: Dondozo|Sleep Talk|p2a: Dondozo\n|move|p2a: Dondozo|Body Press|p1a: Kingambit|[from]move: Sleep Talk\n|-resisted|p1a: Kingambit\n|-damage|p1a: Kingambit|17\/100\n|\n|-heal|p1a: Kingambit|23\/100|[from] item: Leftovers\n|upkeep\n|turn|50\n|\n|t:|1699891134\n|move|p1a: Kingambit|Kowtow Cleave|p2a: Dondozo\n|-damage|p2a: Dondozo|18\/100 slp\n|-curestatus|p2a: Dondozo|slp|[msg]\n|move|p2a: Dondozo|Rest|p2a: Dondozo\n|-status|p2a: Dondozo|slp|[from] move: Rest\n|-heal|p2a: Dondozo|100\/100 slp|[silent]\n|\n|-heal|p1a: Kingambit|29\/100|[from] item: Leftovers\n|upkeep\n|turn|51\n|\n|t:|1699891144\n|move|p1a: Kingambit|Tera Blast|p2a: Dondozo|[anim] Tera Blast Fairy\n|-damage|p2a: Dondozo|74\/100 slp\n|cant|p2a: Dondozo|slp\n|move|p2a: Dondozo|Sleep Talk|p2a: Dondozo\n|move|p2a: Dondozo|Body Press|p1a: Kingambit|[from]move: Sleep Talk\n|-resisted|p1a: Kingambit\n|-damage|p1a: Kingambit|20\/100\n|\n|-heal|p1a: Kingambit|26\/100|[from] item: Leftovers\n|upkeep\n|turn|52\n|\n|t:|1699891155\n|move|p1a: Kingambit|Tera Blast|p2a: Dondozo|[anim] Tera Blast Fairy\n|-damage|p2a: Dondozo|49\/100 slp\n|cant|p2a: Dondozo|slp\n|move|p2a: Dondozo|Sleep Talk|p2a: Dondozo\n|move|p2a: Dondozo|Rest||[from]move: Sleep Talk|[still]\n|-fail|p2a: Dondozo\n|\n|-heal|p1a: Kingambit|32\/100|[from] item: Leftovers\n|upkeep\n|turn|53\n|\n|t:|1699891163\n|move|p1a: Kingambit|Sucker Punch|p2a: Dondozo\n|-damage|p2a: Dondozo|26\/100 slp\n|-curestatus|p2a: Dondozo|slp|[msg]\n|move|p2a: Dondozo|Waterfall|p1a: Kingambit\n|-damage|p1a: Kingambit|13\/100\n|\n|-heal|p1a: Kingambit|19\/100|[from] item: Leftovers\n|upkeep\n|turn|54\n|\n|t:|1699891181\n|switch|p2a: Clodsire|Clodsire, M|85\/100\n|move|p1a: Kingambit|Kowtow Cleave|p2a: Clodsire\n|-damage|p2a: Clodsire|22\/100\n|\n|-heal|p1a: Kingambit|25\/100|[from] item: Leftovers\n|upkeep\n|turn|55\n|\n|t:|1699891193\n|switch|p2a: Amoonguss|Amoonguss, M|89\/100\n|move|p1a: Kingambit|Kowtow Cleave|p2a: Amoonguss\n|-damage|p2a: Amoonguss|0 fnt\n|faint|p2a: Amoonguss\n|\n|-heal|p1a: Kingambit|31\/100|[from] item: Leftovers\n|upkeep\n|-message|ianlazerbeem forfeited.\n|\n|win|MayZzay\n|raw|MayZzay's rating: 1344 &rarr; <strong>1368<\/strong><br \/>(+24 for winning)\n|raw|ianlazerbeem's rating: 1419 &rarr; <strong>1395<\/strong><br \/>(-24 for losing)\n","uploadtime":1699891202,"views":68,"p1id":"mayzzay","p2id":"ianlazerbeem","formatid":"gen9ou","rating":1368,"private":0,"password":""}