{"id":"gen9ou-1995108073","p1":"el_racoon_man","p2":"PretendNoteTaker","format":"[Gen 9] OU","log":"|j|\u2606el_racoon_man\n|j|\u2606PretendNoteTaker\n|t:|1700523427\n|gametype|singles\n|player|p1|el_racoon_man|red|1378\n|player|p2|PretendNoteTaker|preschooler|1301\n|teamsize|p1|6\n|teamsize|p2|6\n|gen|9\n|tier|[Gen 9] OU\n|rated|\n|rule|Sleep Clause Mod: Limit one foe put to sleep\n|rule|Species Clause: Limit one of each Pok\u00e9mon\n|rule|OHKO Clause: OHKO moves are banned\n|rule|Evasion Items Clause: Evasion items are banned\n|rule|Evasion Moves Clause: Evasion moves are banned\n|rule|Endless Battle Clause: Forcing endless battles is banned\n|rule|HP Percentage Mod: HP is shown in percentages\n|clearpoke\n|poke|p1|Iron Hands|\n|poke|p1|Ogerpon-Wellspring, F|\n|poke|p1|Zapdos|\n|poke|p1|Great Tusk|\n|poke|p1|Gholdengo|\n|poke|p1|Heatran, M|\n|poke|p2|Ribombee, M|\n|poke|p2|Ogerpon-Wellspring, F|\n|poke|p2|Iron Treads|\n|poke|p2|Ceruledge, F|\n|poke|p2|Rillaboom, F|\n|poke|p2|Iron Valiant|\n|teampreview\n|inactive|Battle timer is ON: inactive players will automatically lose when time's up. (requested by el_racoon_man)\n|\n|t:|1700523440\n|start\n|switch|p1a: Heatran|Heatran, M|100\/100\n|switch|p2a: Ribombee|Ribombee, M|100\/100\n|turn|1\n|\n|t:|1700523444\n|move|p2a: Ribombee|Sticky Web|p1a: Heatran\n|-sidestart|p1: el_racoon_man|move: Sticky Web\n|move|p1a: Heatran|Magma Storm|p2a: Ribombee\n|-supereffective|p2a: Ribombee\n|-enditem|p2a: Ribombee|Focus Sash\n|-damage|p2a: Ribombee|1\/100\n|-activate|p2a: Ribombee|move: Magma Storm|[of] p1a: Heatran\n|\n|-damage|p2a: Ribombee|0 fnt|[from] move: Magma Storm|[partiallytrapped]\n|faint|p2a: Ribombee\n|upkeep\n|\n|t:|1700523454\n|switch|p2a: Iron Valiant|Iron Valiant|100\/100\n|turn|2\n|\n|t:|1700523457\n|move|p2a: Iron Valiant|Close Combat|p1a: Heatran\n|-supereffective|p1a: Heatran\n|-crit|p1a: Heatran\n|-damage|p1a: Heatran|0 fnt\n|-unboost|p2a: Iron Valiant|def|1\n|-unboost|p2a: Iron Valiant|spd|1\n|faint|p1a: Heatran\n|\n|upkeep\n|\n|t:|1700523465\n|switch|p1a: Iron Hands|Iron Hands|100\/100\n|-activate|p1a: Iron Hands|move: Sticky Web\n|-unboost|p1a: Iron Hands|spe|1\n|turn|3\n|\n|t:|1700523488\n|-end|p2a: Iron Valiant|Quark Drive|[silent]\n|switch|p2a: Rillaboom|Rillaboom, F|100\/100\n|-fieldstart|move: Grassy Terrain|[from] ability: Grassy Surge|[of] p2a: Rillaboom\n|move|p1a: Iron Hands|Ice Punch|p2a: Rillaboom\n|-supereffective|p2a: Rillaboom\n|-damage|p2a: Rillaboom|45\/100\n|\n|-heal|p2a: Rillaboom|52\/100|[from] Grassy Terrain\n|upkeep\n|turn|4\n|\n|t:|1700523508\n|move|p2a: Rillaboom|U-turn|p1a: Iron Hands\n|-resisted|p1a: Iron Hands\n|-damage|p1a: Iron Hands|92\/100\n|\n|t:|1700523511\n|switch|p2a: Ceruledge|Ceruledge, F|100\/100|[from] U-turn\n|move|p1a: Iron Hands|Ice Punch|p2a: Ceruledge\n|-resisted|p2a: Ceruledge\n|-damage|p2a: Ceruledge|84\/100\n|-ability|p2a: Ceruledge|Weak Armor|boost\n|-unboost|p2a: Ceruledge|def|1\n|-boost|p2a: Ceruledge|spe|2\n|\n|-heal|p2a: Ceruledge|91\/100|[from] Grassy Terrain\n|-heal|p1a: Iron Hands|98\/100|[from] Grassy Terrain\n|upkeep\n|turn|5\n|\n|t:|1700523518\n|move|p2a: Ceruledge|Swords Dance|p2a: Ceruledge\n|-boost|p2a: Ceruledge|atk|2\n|move|p1a: Iron Hands|Thunder Punch|p2a: Ceruledge\n|-crit|p2a: Ceruledge\n|-damage|p2a: Ceruledge|0 fnt\n|faint|p2a: Ceruledge\n|\n|-heal|p1a: Iron Hands|100\/100|[from] Grassy Terrain\n|upkeep\n|inactive|PretendNoteTaker has 120 seconds left.\n|l|\u2606el_racoon_man\n|inactive|el_racoon_man disconnected and has a minute to reconnect!\n|player|p1|\n|j|\u2606el_racoon_man\n|inactive|el_racoon_man reconnected.\n|player|p1|el_racoon_man|red\n|inactive|PretendNoteTaker has 90 seconds left.\n|inactive|PretendNoteTaker has 60 seconds left.\n|\n|t:|1700523621\n|switch|p2a: Iron Treads|Iron Treads|100\/100\n|-enditem|p2a: Iron Treads|Booster Energy\n|-activate|p2a: Iron Treads|ability: Quark Drive|[fromitem]\n|-start|p2a: Iron Treads|quarkdrivespe\n|turn|6\n|\n|t:|1700523628\n|move|p2a: Iron Treads|Stealth Rock|p1a: Iron Hands\n|-sidestart|p1: el_racoon_man|move: Stealth Rock\n|move|p1a: Iron Hands|Drain Punch|p2a: Iron Treads\n|-supereffective|p2a: Iron Treads\n|-damage|p2a: Iron Treads|28\/100\n|\n|-heal|p2a: Iron Treads|34\/100|[from] Grassy Terrain\n|upkeep\n|turn|7\n|\n|t:|1700523634\n|move|p2a: Iron Treads|Earth Power|p1a: Iron Hands\n|-supereffective|p1a: Iron Hands\n|-damage|p1a: Iron Hands|60\/100\n|move|p1a: Iron Hands|Drain Punch|p2a: Iron Treads\n|-supereffective|p2a: Iron Treads\n|-damage|p2a: Iron Treads|0 fnt\n|-heal|p1a: Iron Hands|71\/100|[from] drain|[of] p2a: Iron Treads\n|faint|p2a: Iron Treads\n|-end|p2a: Iron Treads|Quark Drive|[silent]\n|\n|-heal|p1a: Iron Hands|77\/100|[from] Grassy Terrain\n|-fieldend|move: Grassy Terrain\n|upkeep\n|inactive|PretendNoteTaker has 60 seconds left.\n|\n|t:|1700523660\n|switch|p2a: Rillaboom|Rillaboom, F|52\/100\n|-fieldstart|move: Grassy Terrain|[from] ability: Grassy Surge|[of] p2a: Rillaboom\n|turn|8\n|\n|t:|1700523671\n|move|p2a: Rillaboom|Knock Off|p1a: Iron Hands\n|-resisted|p1a: Iron Hands\n|-damage|p1a: Iron Hands|64\/100\n|-enditem|p1a: Iron Hands|Assault Vest|[from] move: Knock Off|[of] p2a: Rillaboom\n|move|p1a: Iron Hands|Ice Punch|p2a: Rillaboom\n|-supereffective|p2a: Rillaboom\n|-damage|p2a: Rillaboom|0 fnt\n|faint|p2a: Rillaboom\n|\n|-heal|p1a: Iron Hands|71\/100|[from] Grassy Terrain\n|upkeep\n|\n|t:|1700523685\n|switch|p2a: Ogerpon|Ogerpon-Wellspring, F|100\/100\n|turn|9\n|\n|t:|1700523692\n|move|p2a: Ogerpon|Swords Dance|p2a: Ogerpon\n|-boost|p2a: Ogerpon|atk|2\n|move|p1a: Iron Hands|Drain Punch|p2a: Ogerpon\n|-damage|p2a: Ogerpon|51\/100\n|-heal|p1a: Iron Hands|86\/100|[from] drain|[of] p2a: Ogerpon\n|\n|-heal|p2a: Ogerpon|57\/100|[from] Grassy Terrain\n|-heal|p1a: Iron Hands|92\/100|[from] Grassy Terrain\n|upkeep\n|turn|10\n|\n|t:|1700523698\n|move|p2a: Ogerpon|Trailblaze|p1a: Iron Hands\n|-damage|p1a: Iron Hands|49\/100\n|-boost|p2a: Ogerpon|spe|1\n|move|p1a: Iron Hands|Drain Punch|p2a: Ogerpon\n|-crit|p2a: Ogerpon\n|-damage|p2a: Ogerpon|0 fnt\n|-heal|p1a: Iron Hands|67\/100|[from] drain|[of] p2a: Ogerpon\n|faint|p2a: Ogerpon\n|\n|-heal|p1a: Iron Hands|73\/100|[from] Grassy Terrain\n|upkeep\n|\n|t:|1700523710\n|switch|p2a: Iron Valiant|Iron Valiant|100\/100\n|turn|11\n|c|\u2606PretendNoteTaker|lol\n|-message|PretendNoteTaker forfeited.\n|\n|win|el_racoon_man\n|raw|el_racoon_man's rating: 1378 &rarr; <strong>1394<\/strong><br \/>(+16 for winning)\n|raw|PretendNoteTaker's rating: 1301 &rarr; <strong>1285<\/strong><br \/>(-16 for losing)\n|l|\u2606PretendNoteTaker\n|c|\u2606el_racoon_man|lol\n","uploadtime":1700523738,"views":6,"p1id":"elracoonman","p2id":"pretendnotetaker","formatid":"gen9ou","rating":1285,"private":0,"password":""}