{"id":"gen9ou-1997029723","p1":"frantoons","p2":"GoldDeagle50","format":"[Gen 9] OU","log":"|j|\u2606frantoons\n|j|\u2606GoldDeagle50\n|t:|1700757391\n|gametype|singles\n|player|p1|frantoons|blue-masters|1273\n|player|p2|GoldDeagle50|clair|1176\n|teamsize|p1|6\n|teamsize|p2|6\n|gen|9\n|tier|[Gen 9] OU\n|rated|\n|rule|Sleep Clause Mod: Limit one foe put to sleep\n|rule|Species Clause: Limit one of each Pok\u00e9mon\n|rule|OHKO Clause: OHKO moves are banned\n|rule|Evasion Items Clause: Evasion items are banned\n|rule|Evasion Moves Clause: Evasion moves are banned\n|rule|Endless Battle Clause: Forcing endless battles is banned\n|rule|HP Percentage Mod: HP is shown in percentages\n|clearpoke\n|poke|p1|Typhlosion-Hisui, F|\n|poke|p1|Greninja-*, M|\n|poke|p1|Skeledirge, F|\n|poke|p1|Ogerpon-Wellspring, F|\n|poke|p1|Enamorus, F|\n|poke|p1|Kingambit, M|\n|poke|p2|Slowking-Galar, M|\n|poke|p2|Dragapult, F|\n|poke|p2|Great Tusk|\n|poke|p2|Kingambit, M|\n|poke|p2|Iron Moth|\n|poke|p2|Garchomp, F|\n|teampreview\n|inactive|Battle timer is ON: inactive players will automatically lose when time's up. (requested by frantoons)\n|\n|t:|1700757405\n|start\n|switch|p1a: Greninja|Greninja, M|100\/100\n|switch|p2a: Garchomp|Garchomp, F|100\/100\n|turn|1\n|\n|t:|1700757411\n|switch|p2a: Iron Moth|Iron Moth|100\/100\n|-enditem|p2a: Iron Moth|Booster Energy\n|-activate|p2a: Iron Moth|ability: Quark Drive|[fromitem]\n|-start|p2a: Iron Moth|quarkdrivespa\n|move|p1a: Greninja|Ice Beam|p2a: Iron Moth\n|-resisted|p2a: Iron Moth\n|-damage|p2a: Iron Moth|83\/100\n|-damage|p1a: Greninja|91\/100|[from] item: Life Orb\n|\n|upkeep\n|turn|2\n|\n|t:|1700757422\n|-terastallize|p2a: Iron Moth|Fairy\n|move|p1a: Greninja|Surf|p2a: Iron Moth\n|-damage|p2a: Iron Moth|26\/100\n|-damage|p1a: Greninja|81\/100|[from] item: Life Orb\n|move|p2a: Iron Moth|Dazzling Gleam|p1a: Greninja\n|-supereffective|p1a: Greninja\n|-damage|p1a: Greninja|0 fnt\n|faint|p1a: Greninja\n|\n|upkeep\n|\n|t:|1700757427\n|switch|p1a: Skeledirge|Skeledirge, F|100\/100\n|turn|3\n|\n|t:|1700757436\n|move|p2a: Iron Moth|Discharge|p1a: Skeledirge\n|-damage|p1a: Skeledirge|72\/100\n|move|p1a: Skeledirge|Torch Song|p2a: Iron Moth\n|-damage|p2a: Iron Moth|0 fnt\n|-boost|p1a: Skeledirge|spa|1\n|faint|p2a: Iron Moth\n|-end|p2a: Iron Moth|Quark Drive|[silent]\n|\n|upkeep\n|\n|t:|1700757444\n|switch|p2a: Garchomp|Garchomp, F|100\/100\n|turn|4\n|\n|t:|1700757451\n|-terastallize|p1a: Skeledirge|Fairy\n|move|p2a: Garchomp|Stealth Rock|p1a: Skeledirge\n|-sidestart|p1: frantoons|move: Stealth Rock\n|move|p1a: Skeledirge|Will-O-Wisp|p2a: Garchomp\n|-status|p2a: Garchomp|brn\n|\n|-damage|p2a: Garchomp|94\/100 brn|[from] brn\n|upkeep\n|turn|5\n|\n|t:|1700757463\n|move|p2a: Garchomp|Swords Dance|p2a: Garchomp\n|-boost|p2a: Garchomp|atk|2\n|move|p1a: Skeledirge|Hex|p2a: Garchomp\n|-damage|p2a: Garchomp|10\/100 brn\n|\n|-damage|p2a: Garchomp|4\/100 brn|[from] brn\n|upkeep\n|turn|6\n|\n|t:|1700757471\n|move|p2a: Garchomp|Earthquake|p1a: Skeledirge\n|-damage|p1a: Skeledirge|51\/100\n|move|p1a: Skeledirge|Slack Off|p1a: Skeledirge\n|-heal|p1a: Skeledirge|100\/100\n|\n|-damage|p2a: Garchomp|0 fnt|[from] brn\n|faint|p2a: Garchomp\n|upkeep\n|\n|t:|1700757481\n|switch|p2a: Slowking|Slowking-Galar, M|100\/100\n|turn|7\n|\n|t:|1700757487\n|move|p1a: Skeledirge|Will-O-Wisp|p2a: Slowking\n|-status|p2a: Slowking|brn\n|move|p2a: Slowking|Calm Mind|p2a: Slowking\n|-boost|p2a: Slowking|spa|1\n|-boost|p2a: Slowking|spd|1\n|\n|-damage|p2a: Slowking|94\/100 brn|[from] brn\n|upkeep\n|turn|8\n|\n|t:|1700757497\n|move|p1a: Skeledirge|Hex|p2a: Slowking\n|-supereffective|p2a: Slowking\n|-damage|p2a: Slowking|15\/100 brn\n|move|p2a: Slowking|Eerie Spell|p1a: Skeledirge\n|-damage|p1a: Skeledirge|76\/100\n|-activate|p1a: Skeledirge|move: Eerie Spell|Hex|3\n|\n|-heal|p2a: Slowking|21\/100 brn|[from] item: Black Sludge\n|-damage|p2a: Slowking|15\/100 brn|[from] brn\n|upkeep\n|turn|9\n|\n|t:|1700757506\n|move|p1a: Skeledirge|Hex|p2a: Slowking\n|-supereffective|p2a: Slowking\n|-crit|p2a: Slowking\n|-damage|p2a: Slowking|0 fnt\n|faint|p2a: Slowking\n|\n|upkeep\n|\n|t:|1700757513\n|switch|p2a: Great Tusk|Great Tusk|100\/100\n|turn|10\n|\n|t:|1700757542\n|move|p2a: Great Tusk|Headlong Rush|p1a: Skeledirge\n|-damage|p1a: Skeledirge|35\/100\n|-unboost|p2a: Great Tusk|def|1\n|-unboost|p2a: Great Tusk|spd|1\n|move|p1a: Skeledirge|Slack Off|p1a: Skeledirge\n|-heal|p1a: Skeledirge|85\/100\n|\n|upkeep\n|turn|11\n|-message|GoldDeagle50 forfeited.\n|\n|win|frantoons\n|raw|frantoons's rating: 1273 &rarr; <strong>1291<\/strong><br \/>(+18 for winning)\n|raw|GoldDeagle50's rating: 1176 &rarr; <strong>1158<\/strong><br \/>(-18 for losing)\n|l|\u2606GoldDeagle50\n","uploadtime":1700757563,"views":11,"p1id":"frantoons","p2id":"golddeagle50","formatid":"gen9ou","rating":1158,"private":0,"password":""}