{"id":"gen9ou-1992535238","p1":"CaterpieSenpai6","p2":"Nier115!","format":"[Gen 9] OU","log":"|j|\u2606CaterpieSenpai6\n|j|\u2606Nier115!\n|t:|1700201291\n|gametype|singles\n|player|p1|CaterpieSenpai6|cheryl|1136\n|player|p2|Nier115!|shadowtriad|1039\n|teamsize|p1|6\n|teamsize|p2|6\n|gen|9\n|tier|[Gen 9] OU\n|rated|\n|rule|Sleep Clause Mod: Limit one foe put to sleep\n|rule|Species Clause: Limit one of each Pok\u00e9mon\n|rule|OHKO Clause: OHKO moves are banned\n|rule|Evasion Items Clause: Evasion items are banned\n|rule|Evasion Moves Clause: Evasion moves are banned\n|rule|Endless Battle Clause: Forcing endless battles is banned\n|rule|HP Percentage Mod: HP is shown in percentages\n|clearpoke\n|poke|p1|Samurott-Hisui, M|\n|poke|p1|Gholdengo|\n|poke|p1|Ceruledge, M|\n|poke|p1|Rillaboom, M|\n|poke|p1|Zamazenta-*|\n|poke|p1|Great Tusk|\n|poke|p2|Mimikyu, M|\n|poke|p2|Snorlax, F|\n|poke|p2|Magnezone|\n|poke|p2|Swalot, F|\n|poke|p2|Conkeldurr, F|\n|poke|p2|Cresselia, F|\n|teampreview\n|\n|t:|1700201340\n|start\n|switch|p1a: Gholdengo|Gholdengo|100\/100\n|switch|p2a: Mimikyu|Mimikyu, M|100\/100\n|turn|1\n|\n|t:|1700201351\n|move|p1a: Gholdengo|Shadow Ball|p2a: Mimikyu\n|-activate|p2a: Mimikyu|ability: Disguise\n|-damage|p2a: Mimikyu|100\/100\n|-unboost|p2a: Mimikyu|spd|1\n|detailschange|p2a: Mimikyu|Mimikyu-Busted, M\n|-damage|p2a: Mimikyu|88\/100|[from] pokemon: Mimikyu-Busted\n|move|p2a: Mimikyu|Swords Dance|p2a: Mimikyu\n|-boost|p2a: Mimikyu|atk|2\n|\n|upkeep\n|turn|2\n|\n|t:|1700201364\n|switch|p2a: Conkeldurr|Conkeldurr, F|100\/100\n|move|p1a: Gholdengo|Shadow Ball|p2a: Conkeldurr\n|-damage|p2a: Conkeldurr|54\/100\n|\n|-status|p2a: Conkeldurr|brn|[from] item: Flame Orb\n|upkeep\n|turn|3\n|\n|t:|1700201382\n|switch|p2a: Snorlax|Snorlax, F|100\/100\n|move|p1a: Gholdengo|Shadow Ball|p2a: Snorlax\n|-immune|p2a: Snorlax\n|\n|upkeep\n|turn|4\n|\n|t:|1700201392\n|switch|p1a: Rillaboom|Rillaboom, M, shiny|100\/100\n|-fieldstart|move: Grassy Terrain|[from] ability: Grassy Surge|[of] p1a: Rillaboom\n|move|p2a: Snorlax|Earthquake|p1a: Rillaboom\n|-resisted|p1a: Rillaboom\n|-damage|p1a: Rillaboom|91\/100\n|\n|-heal|p1a: Rillaboom|97\/100|[from] Grassy Terrain\n|upkeep\n|turn|5\n|\n|t:|1700201404\n|switch|p2a: Magnezone|Magnezone|100\/100\n|-item|p2a: Magnezone|Air Balloon\n|move|p1a: Rillaboom|Swords Dance|p1a: Rillaboom\n|-boost|p1a: Rillaboom|atk|2\n|\n|-heal|p1a: Rillaboom|100\/100|[from] Grassy Terrain\n|upkeep\n|turn|6\n|\n|t:|1700201414\n|move|p1a: Rillaboom|Drain Punch|p2a: Magnezone\n|-supereffective|p2a: Magnezone\n|-ability|p2a: Magnezone|Sturdy\n|-damage|p2a: Magnezone|1\/100\n|-enditem|p2a: Magnezone|Air Balloon\n|-damage|p1a: Rillaboom|91\/100|[from] item: Life Orb\n|move|p2a: Magnezone|Thunder Wave|p1a: Rillaboom\n|-status|p1a: Rillaboom|par\n|\n|-heal|p2a: Magnezone|7\/100|[from] Grassy Terrain\n|-heal|p1a: Rillaboom|97\/100 par|[from] Grassy Terrain\n|upkeep\n|turn|7\n|\n|t:|1700201429\n|move|p1a: Rillaboom|Grassy Glide|p2a: Magnezone\n|-resisted|p2a: Magnezone\n|-damage|p2a: Magnezone|0 fnt\n|faint|p2a: Magnezone\n|-damage|p1a: Rillaboom|87\/100 par|[from] item: Life Orb\n|\n|-heal|p1a: Rillaboom|93\/100 par|[from] Grassy Terrain\n|upkeep\n|\n|t:|1700201438\n|switch|p2a: Cresselia|Cresselia, F|100\/100\n|turn|8\n|\n|t:|1700201442\n|move|p1a: Rillaboom|Knock Off|p2a: Cresselia\n|-supereffective|p2a: Cresselia\n|-damage|p2a: Cresselia|0 fnt\n|-enditem|p2a: Cresselia|Leftovers|[from] move: Knock Off|[of] p1a: Rillaboom\n|faint|p2a: Cresselia\n|-damage|p1a: Rillaboom|83\/100 par|[from] item: Life Orb\n|\n|-heal|p1a: Rillaboom|89\/100 par|[from] Grassy Terrain\n|-fieldend|move: Grassy Terrain\n|upkeep\n|\n|t:|1700201452\n|switch|p2a: Mimikyu|Mimikyu-Busted, M|88\/100\n|turn|9\n|\n|t:|1700201456\n|move|p1a: Rillaboom|Knock Off|p2a: Mimikyu\n|-damage|p2a: Mimikyu|0 fnt\n|-enditem|p2a: Mimikyu|Focus Sash|[from] move: Knock Off|[of] p1a: Rillaboom\n|faint|p2a: Mimikyu\n|-damage|p1a: Rillaboom|79\/100 par|[from] item: Life Orb\n|\n|upkeep\n|\n|t:|1700201463\n|switch|p2a: Swalot|Swalot, F|100\/100\n|turn|10\n|\n|t:|1700201469\n|cant|p1a: Rillaboom|par\n|move|p2a: Swalot|Toxic Spikes|p1a: Rillaboom\n|-sidestart|p1: CaterpieSenpai6|move: Toxic Spikes\n|\n|upkeep\n|turn|11\n|\n|t:|1700201474\n|move|p1a: Rillaboom|Drain Punch|p2a: Swalot\n|-resisted|p2a: Swalot\n|-damage|p2a: Swalot|70\/100\n|-damage|p1a: Rillaboom|61\/100 par|[from] ability: Liquid Ooze|[of] p2a: Swalot\n|-damage|p1a: Rillaboom|51\/100 par|[from] item: Life Orb\n|move|p2a: Swalot|Toxic Spikes|p1a: Rillaboom\n|-sidestart|p1: CaterpieSenpai6|move: Toxic Spikes\n|\n|-heal|p2a: Swalot|76\/100|[from] item: Black Sludge\n|upkeep\n|turn|12\n|\n|t:|1700201499\n|switch|p2a: Conkeldurr|Conkeldurr, F|54\/100 brn\n|move|p1a: Rillaboom|Knock Off|p2a: Conkeldurr\n|-resisted|p2a: Conkeldurr\n|-damage|p2a: Conkeldurr|16\/100 brn\n|-enditem|p2a: Conkeldurr|Flame Orb|[from] move: Knock Off|[of] p1a: Rillaboom\n|-damage|p1a: Rillaboom|41\/100 par|[from] item: Life Orb\n|\n|-damage|p2a: Conkeldurr|10\/100 brn|[from] brn\n|upkeep\n|turn|13\n|-message|Nier115! forfeited.\n|\n|win|CaterpieSenpai6\n|raw|CaterpieSenpai6's rating: 1136 &rarr; <strong>1154<\/strong><br \/>(+18 for winning)\n|raw|Nier115!'s rating: 1039 &rarr; <strong>1027<\/strong><br \/>(-12 for losing)\n|l|\u2606Nier115!\n","uploadtime":1700201511,"views":8,"p1id":"caterpiesenpai6","p2id":"nier115","formatid":"gen9ou","rating":1027,"private":0,"password":""}