{"id":"gen9ou-1990617647","p1":"AngelRafaelToro","p2":"PLAYB0I R0BBIE B","format":"[Gen 9] OU","log":"|j|\u2606AngelRafaelToro\n|j|\u2606PLAYB0I R0BBIE B\n|t:|1699986103\n|gametype|singles\n|player|p1|AngelRafaelToro|crasherwake|1370\n|player|p2|PLAYB0I R0BBIE B|eusine|1359\n|teamsize|p1|6\n|teamsize|p2|6\n|gen|9\n|tier|[Gen 9] OU\n|rated|\n|rule|Sleep Clause Mod: Limit one foe put to sleep\n|rule|Species Clause: Limit one of each Pok\u00e9mon\n|rule|OHKO Clause: OHKO moves are banned\n|rule|Evasion Items Clause: Evasion items are banned\n|rule|Evasion Moves Clause: Evasion moves are banned\n|rule|Endless Battle Clause: Forcing endless battles is banned\n|rule|HP Percentage Mod: HP is shown in percentages\n|clearpoke\n|poke|p1|Azelf|\n|poke|p1|Dragapult, F|\n|poke|p1|Dragonite, M|\n|poke|p1|Munkidori, M|\n|poke|p1|Quaquaval, F|\n|poke|p1|Mamoswine, F|\n|poke|p2|Meowscarada, F|\n|poke|p2|Thundurus-Therian, M|\n|poke|p2|Dragapult, F|\n|poke|p2|Heatran, F|\n|poke|p2|Great Tusk|\n|poke|p2|Iron Valiant|\n|teampreview\n|\n|t:|1699986115\n|start\n|switch|p1a: Arnold|Azelf|100\/100\n|switch|p2a: SICKO MODE|Meowscarada, F|100\/100\n|turn|1\n|\n|t:|1699986120\n|switch|p2a: NO BYSTANDERS|Dragapult, F|100\/100\n|move|p1a: Arnold|Stealth Rock|p2a: NO BYSTANDERS\n|-sidestart|p2: PLAYB0I R0BBIE B|move: Stealth Rock\n|\n|upkeep\n|turn|2\n|\n|t:|1699986124\n|move|p2a: NO BYSTANDERS|U-turn|p1a: Arnold\n|-supereffective|p1a: Arnold\n|-damage|p1a: Arnold|40\/100\n|\n|t:|1699986127\n|switch|p2a: YOSEMITE|Great Tusk|100\/100|[from] U-turn\n|-damage|p2a: YOSEMITE|98\/100|[from] Stealth Rock\n|move|p1a: Arnold|Knock Off|p2a: YOSEMITE\n|-resisted|p2a: YOSEMITE\n|-damage|p2a: YOSEMITE|91\/100\n|-enditem|p2a: YOSEMITE|Leftovers|[from] move: Knock Off|[of] p1a: Arnold\n|\n|upkeep\n|turn|3\n|\n|t:|1699986143\n|move|p1a: Arnold|Psychic|p2a: YOSEMITE\n|-supereffective|p2a: YOSEMITE\n|-crit|p2a: YOSEMITE\n|-damage|p2a: YOSEMITE|0 fnt\n|faint|p2a: YOSEMITE\n|-end|p2a: YOSEMITE|Protosynthesis|[silent]\n|\n|upkeep\n|\n|t:|1699986160\n|switch|p2a: SICKO MODE|Meowscarada, F|100\/100\n|-damage|p2a: SICKO MODE|88\/100|[from] Stealth Rock\n|turn|4\n|inactive|Battle timer is ON: inactive players will automatically lose when time's up. (requested by PLAYB0I R0BBIE B)\n|\n|t:|1699986169\n|move|p2a: SICKO MODE|U-turn|p1a: Arnold\n|-start|p2a: SICKO MODE|typechange|Bug|[from] ability: Protean\n|-supereffective|p1a: Arnold\n|-damage|p1a: Arnold|0 fnt\n|faint|p1a: Arnold\n|\n|t:|1699986174\n|switch|p2a: ASTROTHUNDER|Thundurus-Therian, M|100\/100|[from] U-turn\n|-damage|p2a: ASTROTHUNDER|75\/100|[from] Stealth Rock\n|\n|upkeep\n|\n|t:|1699986188\n|switch|p1a: Appoo|Dragapult, F|100\/100\n|turn|5\n|\n|t:|1699986196\n|move|p1a: Appoo|Light Screen|p1a: Appoo\n|-sidestart|p1: AngelRafaelToro|move: Light Screen\n|move|p2a: ASTROTHUNDER|Knock Off|p1a: Appoo\n|-supereffective|p1a: Appoo\n|-damage|p1a: Appoo|39\/100\n|-enditem|p1a: Appoo|Light Clay|[from] move: Knock Off|[of] p2a: ASTROTHUNDER\n|\n|upkeep\n|turn|6\n|\n|t:|1699986201\n|move|p1a: Appoo|Reflect|p1a: Appoo\n|-sidestart|p1: AngelRafaelToro|Reflect\n|move|p2a: ASTROTHUNDER|Knock Off|p1a: Appoo\n|-supereffective|p1a: Appoo\n|-damage|p1a: Appoo|21\/100\n|\n|upkeep\n|turn|7\n|\n|t:|1699986206\n|move|p1a: Appoo|Shadow Ball|p2a: ASTROTHUNDER\n|-damage|p2a: ASTROTHUNDER|31\/100\n|-unboost|p2a: ASTROTHUNDER|spd|1\n|move|p2a: ASTROTHUNDER|Knock Off|p1a: Appoo\n|-supereffective|p1a: Appoo\n|-damage|p1a: Appoo|3\/100\n|\n|upkeep\n|turn|8\n|\n|t:|1699986215\n|switch|p2a: SICKO MODE|Meowscarada, F|88\/100\n|-damage|p2a: SICKO MODE|76\/100|[from] Stealth Rock\n|move|p1a: Appoo|Shadow Ball|p2a: SICKO MODE\n|-resisted|p2a: SICKO MODE\n|-damage|p2a: SICKO MODE|50\/100\n|\n|upkeep\n|turn|9\n|\n|t:|1699986225\n|move|p1a: Appoo|U-turn|p2a: SICKO MODE\n|-supereffective|p2a: SICKO MODE\n|-damage|p2a: SICKO MODE|0 fnt\n|faint|p2a: SICKO MODE\n|\n|t:|1699986231\n|switch|p1a: Juan|Quaquaval, F|100\/100|[from] U-turn\n|\n|upkeep\n|\n|t:|1699986236\n|switch|p2a: NC-17|Iron Valiant|100\/100\n|-damage|p2a: NC-17|94\/100|[from] Stealth Rock\n|-enditem|p2a: NC-17|Booster Energy\n|-activate|p2a: NC-17|ability: Quark Drive|[fromitem]\n|-start|p2a: NC-17|quarkdrivespe\n|turn|10\n|\n|t:|1699986242\n|move|p2a: NC-17|Calm Mind|p2a: NC-17\n|-boost|p2a: NC-17|spa|1\n|-boost|p2a: NC-17|spd|1\n|move|p1a: Juan|Aqua Step|p2a: NC-17\n|-damage|p2a: NC-17|41\/100\n|-boost|p1a: Juan|spe|1\n|\n|-sideend|p1: AngelRafaelToro|Reflect\n|upkeep\n|turn|11\n|\n|t:|1699986248\n|move|p2a: NC-17|Moonblast|p1a: Juan\n|-supereffective|p1a: Juan\n|-damage|p1a: Juan|0 fnt\n|faint|p1a: Juan\n|\n|upkeep\n|\n|t:|1699986253\n|switch|p1a: Jamal|Dragonite, M|100\/100\n|turn|12\n|\n|t:|1699986257\n|move|p2a: NC-17|Moonblast|p1a: Jamal\n|-supereffective|p1a: Jamal\n|-damage|p1a: Jamal|62\/100\n|move|p1a: Jamal|Dragon Dance|p1a: Jamal\n|-boost|p1a: Jamal|atk|1\n|-boost|p1a: Jamal|spe|1\n|\n|-sideend|p1: AngelRafaelToro|move: Light Screen\n|upkeep\n|turn|13\n|\n|t:|1699986271\n|-terastallize|p2a: NC-17|Steel\n|move|p1a: Jamal|Extreme Speed|p2a: NC-17\n|-resisted|p2a: NC-17\n|-damage|p2a: NC-17|12\/100\n|move|p2a: NC-17|Moonblast|p1a: Jamal\n|-supereffective|p1a: Jamal\n|-damage|p1a: Jamal|0 fnt\n|faint|p1a: Jamal\n|\n|upkeep\n|\n|t:|1699986278\n|switch|p1a: Melinda|Mamoswine, F|100\/100\n|turn|14\n|\n|t:|1699986291\n|-terastallize|p1a: Melinda|Grass\n|move|p2a: NC-17|Moonblast|p1a: Melinda\n|-damage|p1a: Melinda|2\/100\n|-unboost|p1a: Melinda|spa|1\n|move|p1a: Melinda|Earthquake|p2a: NC-17\n|-supereffective|p2a: NC-17\n|-damage|p2a: NC-17|0 fnt\n|faint|p2a: NC-17\n|-end|p2a: NC-17|Quark Drive|[silent]\n|\n|upkeep\n|\n|t:|1699986300\n|switch|p2a: 5% TINT|Heatran, F|100\/100\n|-damage|p2a: 5% TINT|88\/100|[from] Stealth Rock\n|-item|p2a: 5% TINT|Air Balloon\n|turn|15\n|\n|t:|1699986306\n|move|p1a: Melinda|Trailblaze|p2a: 5% TINT\n|-resisted|p2a: 5% TINT\n|-damage|p2a: 5% TINT|81\/100\n|-boost|p1a: Melinda|spe|1\n|-enditem|p2a: 5% TINT|Air Balloon\n|move|p2a: 5% TINT|Earth Power|p1a: Melinda\n|-resisted|p1a: Melinda\n|-damage|p1a: Melinda|0 fnt\n|faint|p1a: Melinda\n|\n|upkeep\n|\n|t:|1699986313\n|switch|p1a: Appoo|Dragapult, F|3\/100\n|turn|16\n|\n|t:|1699986318\n|move|p1a: Appoo|Light Screen|p1a: Appoo\n|-sidestart|p1: AngelRafaelToro|move: Light Screen\n|move|p2a: 5% TINT|Earth Power|p1a: Appoo\n|-damage|p1a: Appoo|0 fnt\n|faint|p1a: Appoo\n|\n|upkeep\n|\n|t:|1699986321\n|switch|p1a: Jorje|Munkidori, M|100\/100\n|turn|17\n|\n|t:|1699986336\n|move|p1a: Jorje|Psychic|p2a: 5% TINT\n|-resisted|p2a: 5% TINT\n|-damage|p2a: 5% TINT|59\/100\n|move|p2a: 5% TINT|Earth Power|p1a: Jorje\n|-supereffective|p1a: Jorje\n|-damage|p1a: Jorje|59\/100\n|\n|upkeep\n|turn|18\n|\n|t:|1699986341\n|move|p1a: Jorje|Nasty Plot|p1a: Jorje\n|-boost|p1a: Jorje|spa|2\n|move|p2a: 5% TINT|Earth Power|p1a: Jorje\n|-supereffective|p1a: Jorje\n|-damage|p1a: Jorje|24\/100\n|\n|upkeep\n|turn|19\n|\n|t:|1699986343\n|move|p1a: Jorje|Psychic|p2a: 5% TINT\n|-resisted|p2a: 5% TINT\n|-damage|p2a: 5% TINT|21\/100\n|move|p2a: 5% TINT|Earth Power|p1a: Jorje\n|-supereffective|p1a: Jorje\n|-damage|p1a: Jorje|0 fnt\n|faint|p1a: Jorje\n|\n|win|PLAYB0I R0BBIE B\n|raw|AngelRafaelToro's rating: 1370 &rarr; <strong>1349<\/strong><br \/>(-21 for losing)\n|raw|PLAYB0I R0BBIE B's rating: 1359 &rarr; <strong>1380<\/strong><br \/>(+21 for winning)\n|l|\u2606AngelRafaelToro\n","uploadtime":1699986347,"views":7,"p1id":"angelrafaeltoro","p2id":"playb0ir0bbieb","formatid":"gen9ou","rating":1349,"private":0,"password":""}