{"id":"gen9ou-1994271681","p1":"OUHF Zam Zam","p2":"1owercase","format":"[Gen 9] OU","log":"|j|\u2606OUHF Zam Zam\n|j|\u26061owercase\n|t:|1700425666\n|gametype|singles\n|player|p1|OUHF Zam Zam|palmer|1786\n|player|p2|1owercase|flannery|1755\n|teamsize|p1|6\n|teamsize|p2|6\n|gen|9\n|tier|[Gen 9] OU\n|rated|\n|rule|Sleep Clause Mod: Limit one foe put to sleep\n|rule|Species Clause: Limit one of each Pok\u00e9mon\n|rule|OHKO Clause: OHKO moves are banned\n|rule|Evasion Items Clause: Evasion items are banned\n|rule|Evasion Moves Clause: Evasion moves are banned\n|rule|Endless Battle Clause: Forcing endless battles is banned\n|rule|HP Percentage Mod: HP is shown in percentages\n|clearpoke\n|poke|p1|Ogerpon-Wellspring, F|\n|poke|p1|Gholdengo|\n|poke|p1|Landorus-Therian, M|\n|poke|p1|Cinderace, M|\n|poke|p1|Muk-Alola, F|\n|poke|p1|Grimmsnarl, M|\n|poke|p2|Weavile, F|\n|poke|p2|Amoonguss, M|\n|poke|p2|Garganacl, M|\n|poke|p2|Maushold|\n|poke|p2|Kingambit, F|\n|poke|p2|Samurott-Hisui, M|\n|teampreview\n|inactive|Battle timer is ON: inactive players will automatically lose when time's up. (requested by OUHF Zam Zam)\n|j| rickzkk8\n|\n|t:|1700425684\n|start\n|switch|p1a: Ogerpon|Ogerpon-Wellspring, F|100\/100\n|switch|p2a: Garganacl|Garganacl, M|100\/100\n|turn|1\n|\n|t:|1700425695\n|switch|p2a: Amoonguss|Amoonguss, M, shiny|100\/100\n|move|p1a: Ogerpon|Ivy Cudgel|p2a: Amoonguss|[anim] Ivy Cudgel Water\n|-resisted|p2a: Amoonguss\n|-damage|p2a: Amoonguss|80\/100\n|-enditem|p2a: Amoonguss|Red Card|[of] p1a: Ogerpon\n|drag|p1a: Gholdengo|Gholdengo|100\/100\n|\n|upkeep\n|turn|2\n|\n|t:|1700425711\n|switch|p2a: Kingambit|Kingambit, F|100\/100\n|move|p1a: Gholdengo|Make It Rain|p2a: Kingambit\n|-resisted|p2a: Kingambit\n|-damage|p2a: Kingambit|42\/100\n|-unboost|p1a: Gholdengo|spa|1\n|\n|-heal|p2a: Kingambit|48\/100|[from] item: Leftovers\n|upkeep\n|turn|3\n|\n|t:|1700425723\n|switch|p1a: Landorus|Landorus-Therian, M|100\/100\n|-ability|p1a: Landorus|Intimidate|boost\n|-unboost|p2a: Kingambit|atk|1\n|-end|p2a: Kingambit|fallenundefined|[silent]\n|switch|p2a: Samurott|Samurott-Hisui, M, shiny|100\/100\n|\n|upkeep\n|turn|4\n|\n|t:|1700425734\n|switch|p1a: Grimmsnarl|Grimmsnarl, M|100\/100\n|move|p2a: Samurott|Ceaseless Edge|p1a: Grimmsnarl|[miss]\n|-miss|p2a: Samurott|p1a: Grimmsnarl\n|\n|upkeep\n|turn|5\n|j| HaxxIsPain\n|\n|t:|1700425754\n|move|p1a: Grimmsnarl|Sucker Punch|p2a: Samurott\n|-resisted|p2a: Samurott\n|-damage|p2a: Samurott|80\/100\n|move|p2a: Samurott|Ceaseless Edge|p1a: Grimmsnarl\n|-resisted|p1a: Grimmsnarl\n|-damage|p1a: Grimmsnarl|84\/100\n|-sidestart|p1: OUHF Zam Zam|Spikes\n|-enditem|p1a: Grimmsnarl|Eject Button\n|\n|t:|1700425761\n|switch|p1a: Ogerpon|Ogerpon-Wellspring, F|100\/100\n|-damage|p1a: Ogerpon|88\/100|[from] Spikes\n|\n|upkeep\n|turn|6\n|\n|t:|1700425770\n|switch|p2a: Amoonguss|Amoonguss, M, shiny|100\/100\n|move|p1a: Ogerpon|U-turn|p2a: Amoonguss\n|-damage|p2a: Amoonguss|82\/100\n|\n|t:|1700425773\n|switch|p1a: Gholdengo|Gholdengo|100\/100|[from] U-turn\n|-damage|p1a: Gholdengo|88\/100|[from] Spikes\n|\n|upkeep\n|turn|7\n|\n|t:|1700425786\n|switch|p2a: Samurott|Samurott-Hisui, M, shiny|80\/100\n|move|p1a: Gholdengo|Make It Rain|p2a: Samurott\n|-resisted|p2a: Samurott\n|-damage|p2a: Samurott|3\/100\n|-unboost|p1a: Gholdengo|spa|1\n|\n|upkeep\n|turn|8\n|\n|t:|1700425808\n|switch|p1a: Ogerpon|Ogerpon-Wellspring, F|88\/100\n|-damage|p1a: Ogerpon|76\/100|[from] Spikes\n|switch|p2a: Amoonguss|Amoonguss, M, shiny|100\/100\n|\n|upkeep\n|turn|9\n|\n|t:|1700425817\n|move|p1a: Ogerpon|U-turn|p2a: Amoonguss\n|-damage|p2a: Amoonguss|82\/100\n|\n|t:|1700425819\n|switch|p1a: Gholdengo|Gholdengo|88\/100|[from] U-turn\n|-damage|p1a: Gholdengo|76\/100|[from] Spikes\n|move|p2a: Amoonguss|Foul Play|p1a: Gholdengo\n|-supereffective|p1a: Gholdengo\n|-damage|p1a: Gholdengo|53\/100\n|\n|upkeep\n|turn|10\n|\n|t:|1700425824\n|switch|p2a: Samurott|Samurott-Hisui, M, shiny|3\/100\n|move|p1a: Gholdengo|Make It Rain|p2a: Samurott\n|-resisted|p2a: Samurott\n|-damage|p2a: Samurott|0 fnt\n|-unboost|p1a: Gholdengo|spa|1\n|faint|p2a: Samurott\n|\n|upkeep\n|\n|t:|1700425831\n|switch|p2a: Weavile|Weavile, F|100\/100\n|-ability|p2a: Weavile|Pressure\n|turn|11\n|\n|t:|1700425844\n|switch|p1a: Grimmsnarl|Grimmsnarl, M|84\/100\n|-damage|p1a: Grimmsnarl|71\/100|[from] Spikes\n|move|p2a: Weavile|Knock Off|p1a: Grimmsnarl\n|-resisted|p1a: Grimmsnarl\n|-damage|p1a: Grimmsnarl|60\/100\n|-enditem|p2a: Weavile|Heavy-Duty Boots|[silent]|[from] ability: Pickpocket|[of] p2a: Weavile\n|-item|p1a: Grimmsnarl|Heavy-Duty Boots|[from] ability: Pickpocket|[of] p2a: Weavile\n|\n|upkeep\n|turn|12\n|\n|t:|1700425857\n|switch|p2a: Amoonguss|Amoonguss, M, shiny|100\/100\n|move|p1a: Grimmsnarl|Spirit Break|p2a: Amoonguss\n|-resisted|p2a: Amoonguss\n|-damage|p2a: Amoonguss|85\/100\n|-unboost|p2a: Amoonguss|spa|1\n|\n|upkeep\n|turn|13\n|j| SwabbyYabby\n|\n|t:|1700425864\n|switch|p2a: Weavile|Weavile, F|100\/100\n|-ability|p2a: Weavile|Pressure\n|move|p1a: Grimmsnarl|Parting Shot|p2a: Weavile\n|-unboost|p2a: Weavile|atk|1\n|-unboost|p2a: Weavile|spa|1\n|\n|t:|1700425874\n|switch|p1a: Cinderace|Cinderace, M|100\/100|[from] Parting Shot\n|\n|upkeep\n|turn|14\n|\n|t:|1700425882\n|switch|p2a: Garganacl|Garganacl, M|100\/100\n|move|p1a: Cinderace|Court Change|p1a: Cinderace\n|-swapsideconditions\n|-activate|p1a: Cinderace|move: Court Change\n|\n|upkeep\n|turn|15\n|\n|t:|1700425886\n|move|p1a: Cinderace|U-turn|p2a: Garganacl\n|-damage|p2a: Garganacl|88\/100\n|\n|t:|1700425901\n|switch|p1a: Landorus|Landorus-Therian, M|100\/100|[from] U-turn\n|-ability|p1a: Landorus|Intimidate|boost\n|-unboost|p2a: Garganacl|atk|1\n|move|p2a: Garganacl|Salt Cure|p1a: Landorus\n|-damage|p1a: Landorus|93\/100\n|-start|p1a: Landorus|Salt Cure\n|\n|-heal|p2a: Garganacl|94\/100|[from] item: Leftovers\n|-damage|p1a: Landorus|81\/100|[from] Salt Cure\n|upkeep\n|turn|16\n|\n|t:|1700425913\n|move|p1a: Landorus|U-turn|p2a: Garganacl\n|-damage|p2a: Garganacl|81\/100\n|\n|t:|1700425916\n|switch|p1a: Ogerpon|Ogerpon-Wellspring, F|76\/100|[from] U-turn\n|move|p2a: Garganacl|Iron Defense|p2a: Garganacl\n|-boost|p2a: Garganacl|def|2\n|\n|-heal|p2a: Garganacl|87\/100|[from] item: Leftovers\n|upkeep\n|turn|17\n|\n|t:|1700425922\n|switch|p2a: Amoonguss|Amoonguss, M, shiny|100\/100\n|-damage|p2a: Amoonguss|88\/100|[from] Spikes\n|move|p1a: Ogerpon|Encore||[still]\n|-fail|p1a: Ogerpon\n|\n|upkeep\n|turn|18\n|\n|t:|1700425933\n|move|p1a: Ogerpon|U-turn|p2a: Amoonguss\n|-damage|p2a: Amoonguss|68\/100\n|\n|t:|1700425936\n|switch|p1a: Gholdengo|Gholdengo|53\/100|[from] U-turn\n|move|p2a: Amoonguss|Foul Play|p1a: Gholdengo\n|-supereffective|p1a: Gholdengo\n|-damage|p1a: Gholdengo|29\/100\n|\n|upkeep\n|turn|19\n|\n|t:|1700425945\n|switch|p2a: Kingambit|Kingambit, F|48\/100\n|-damage|p2a: Kingambit|36\/100|[from] Spikes\n|-activate|p2a: Kingambit|ability: Supreme Overlord\n|-start|p2a: Kingambit|fallen1|[silent]\n|move|p1a: Gholdengo|Make It Rain|p2a: Kingambit\n|-resisted|p2a: Kingambit\n|-damage|p2a: Kingambit|0 fnt\n|-unboost|p1a: Gholdengo|spa|1\n|faint|p2a: Kingambit\n|-end|p2a: Kingambit|fallen1|[silent]\n|\n|upkeep\n|\n|t:|1700425959\n|switch|p2a: Weavile|Weavile, F|100\/100\n|-damage|p2a: Weavile|88\/100|[from] Spikes\n|-ability|p2a: Weavile|Pressure\n|turn|20\n|\n|t:|1700425984\n|switch|p1a: Grimmsnarl|Grimmsnarl, M|60\/100\n|move|p2a: Weavile|Knock Off|p1a: Grimmsnarl\n|-resisted|p1a: Grimmsnarl\n|-damage|p1a: Grimmsnarl|45\/100\n|-enditem|p1a: Grimmsnarl|Heavy-Duty Boots|[from] move: Knock Off|[of] p2a: Weavile\n|\n|upkeep\n|turn|21\n|inactive|OUHF Zam Zam has 120 seconds left.\n|\n|t:|1700426016\n|move|p1a: Grimmsnarl|Sucker Punch|p2a: Weavile\n|-resisted|p2a: Weavile\n|-damage|p2a: Weavile|57\/100\n|move|p2a: Weavile|Ice Spinner|p1a: Grimmsnarl\n|-damage|p1a: Grimmsnarl|0 fnt\n|faint|p1a: Grimmsnarl\n|\n|upkeep\n|\n|t:|1700426033\n|switch|p1a: Ogerpon|Ogerpon-Wellspring, F|76\/100\n|turn|22\n|inactive|1owercase has 120 seconds left.\n|\n|t:|1700426063\n|switch|p2a: Amoonguss|Amoonguss, M, shiny|100\/100\n|-damage|p2a: Amoonguss|88\/100|[from] Spikes\n|move|p1a: Ogerpon|U-turn|p2a: Amoonguss\n|-damage|p2a: Amoonguss|66\/100\n|\n|t:|1700426073\n|switch|p1a: Gholdengo|Gholdengo|29\/100|[from] U-turn\n|\n|upkeep\n|turn|23\n|\n|t:|1700426080\n|move|p1a: Gholdengo|Make It Rain|p2a: Amoonguss\n|-damage|p2a: Amoonguss|0 fnt\n|-unboost|p1a: Gholdengo|spa|1\n|faint|p2a: Amoonguss\n|\n|upkeep\n|inactive|1owercase has 120 seconds left.\n|\n|t:|1700426103\n|switch|p2a: Weavile|Weavile, F|57\/100\n|-damage|p2a: Weavile|45\/100|[from] Spikes\n|-ability|p2a: Weavile|Pressure\n|turn|24\n|inactive|OUHF Zam Zam has 120 seconds left.\n|\n|t:|1700426120\n|switch|p1a: Cinderace|Cinderace, M|100\/100\n|move|p2a: Weavile|Knock Off|p1a: Cinderace\n|-damage|p1a: Cinderace|43\/100\n|-enditem|p1a: Cinderace|Heavy-Duty Boots|[from] move: Knock Off|[of] p2a: Weavile\n|\n|upkeep\n|turn|25\n|\n|t:|1700426128\n|move|p2a: Weavile|Knock Off|p1a: Cinderace\n|-damage|p1a: Cinderace|1\/100\n|move|p1a: Cinderace|U-turn|p2a: Weavile\n|-supereffective|p2a: Weavile\n|-damage|p2a: Weavile|0 fnt\n|faint|p2a: Weavile\n|inactive|OUHF Zam Zam has 120 seconds left.\n|\n|t:|1700426145\n|switch|p1a: Landorus|Landorus-Therian, M|81\/100|[from] U-turn\n|\n|upkeep\n|\n|t:|1700426157\n|switch|p2a: Maushold|Maushold|100\/100\n|-damage|p2a: Maushold|88\/100|[from] Spikes\n|turn|26\n|\n|t:|1700426164\n|move|p2a: Maushold|Population Bomb|p1a: Landorus\n|-damage|p1a: Landorus|72\/100\n|-damage|p2a: Maushold|71\/100|[from] item: Rocky Helmet|[of] p1a: Landorus\n|-damage|p1a: Landorus|65\/100\n|-damage|p2a: Maushold|55\/100|[from] item: Rocky Helmet|[of] p1a: Landorus\n|-damage|p1a: Landorus|57\/100\n|-damage|p2a: Maushold|38\/100|[from] item: Rocky Helmet|[of] p1a: Landorus\n|-damage|p1a: Landorus|49\/100\n|-damage|p2a: Maushold|22\/100|[from] item: Rocky Helmet|[of] p1a: Landorus\n|-damage|p1a: Landorus|41\/100\n|-damage|p2a: Maushold|5\/100|[from] item: Rocky Helmet|[of] p1a: Landorus\n|-damage|p1a: Landorus|33\/100\n|-damage|p2a: Maushold|0 fnt|[from] item: Rocky Helmet|[of] p1a: Landorus\n|faint|p2a: Maushold\n|-hitcount|p1a: Landorus|6\n|move|p1a: Landorus|Earthquake|p2: Maushold|[notarget]\n|-fail|p1a: Landorus\n|\n|upkeep\n|-message|1owercase forfeited.\n|\n|win|OUHF Zam Zam\n|raw|OUHF Zam Zam's rating: 1786 &rarr; <strong>1804<\/strong><br \/>(+18 for winning)\n|raw|1owercase's rating: 1755 &rarr; <strong>1737<\/strong><br \/>(-18 for losing)\n|j| srtyjj\n|l|\u26061owercase\n|l| srtyjj\n|c|\u2606OUHF Zam Zam|gg\n|l| rickzkk8\n","uploadtime":1700426173,"views":28,"p1id":"ouhfzamzam","p2id":"1owercase","formatid":"gen9ou","rating":1737,"private":0,"password":""}