{"id":"gen9ou-1989447844","p1":"superiax","p2":"Braised Leeks","format":"[Gen 9] OU","log":"|j|\u2606superiax\n|j|\u2606Braised Leeks\n|t:|1699851922\n|gametype|singles\n|player|p1|superiax|whitney|1341\n|player|p2|Braised Leeks|101|1243\n|teamsize|p1|6\n|teamsize|p2|6\n|gen|9\n|tier|[Gen 9] OU\n|rated|\n|rule|Sleep Clause Mod: Limit one foe put to sleep\n|rule|Species Clause: Limit one of each Pok\u00e9mon\n|rule|OHKO Clause: OHKO moves are banned\n|rule|Evasion Items Clause: Evasion items are banned\n|rule|Evasion Moves Clause: Evasion moves are banned\n|rule|Endless Battle Clause: Forcing endless battles is banned\n|rule|HP Percentage Mod: HP is shown in percentages\n|clearpoke\n|poke|p1|Ribombee, F|\n|poke|p1|Ninetales-Alola, F|\n|poke|p1|Kingambit, M|\n|poke|p1|Iron Moth|\n|poke|p1|Gholdengo|\n|poke|p1|Ogerpon-Wellspring, F|\n|poke|p2|Azumarill, M|\n|poke|p2|Sneasler, M|\n|poke|p2|Skeledirge, M|\n|poke|p2|Rillaboom, F|\n|poke|p2|Kommo-o, F|\n|poke|p2|Corviknight, M|\n|teampreview\n|inactive|Battle timer is ON: inactive players will automatically lose when time's up. (requested by Braised Leeks)\n|\n|t:|1699851938\n|start\n|switch|p1a: Mirror Master|Ribombee, F, shiny|100\/100\n|switch|p2a: Azumarill|Azumarill, M|100\/100\n|turn|1\n|\n|t:|1699851943\n|move|p1a: Mirror Master|Stun Spore|p2a: Azumarill\n|-status|p2a: Azumarill|par\n|move|p2a: Azumarill|Belly Drum|p2a: Azumarill\n|-damage|p2a: Azumarill|50\/100 par\n|-setboost|p2a: Azumarill|atk|6|[from] move: Belly Drum\n|-enditem|p2a: Azumarill|Sitrus Berry|[eat]\n|-heal|p2a: Azumarill|75\/100 par|[from] item: Sitrus Berry\n|\n|upkeep\n|turn|2\n|\n|t:|1699851952\n|move|p2a: Azumarill|Aqua Jet|p1a: Mirror Master\n|-enditem|p1a: Mirror Master|Focus Sash\n|-damage|p1a: Mirror Master|1\/100\n|move|p1a: Mirror Master|Sticky Web|p2a: Azumarill\n|-sidestart|p2: Braised Leeks|move: Sticky Web\n|\n|upkeep\n|turn|3\n|\n|t:|1699851960\n|move|p2a: Azumarill|Aqua Jet|p1a: Mirror Master\n|-damage|p1a: Mirror Master|0 fnt\n|faint|p1a: Mirror Master\n|\n|upkeep\n|\n|t:|1699851964\n|switch|p1a: Weather Wizard|Ogerpon-Wellspring, F|100\/100\n|turn|4\n|\n|t:|1699851970\n|switch|p2a: Corviknight|Corviknight, M|100\/100\n|-ability|p2a: Corviknight|Pressure\n|move|p1a: Weather Wizard|Horn Leech|p2a: Corviknight\n|-resisted|p2a: Corviknight\n|-damage|p2a: Corviknight|94\/100\n|-damage|p1a: Weather Wizard|84\/100|[from] item: Rocky Helmet|[of] p2a: Corviknight\n|\n|upkeep\n|turn|5\n|\n|t:|1699851979\n|switch|p1a: Golden Glider|Gholdengo|100\/100\n|move|p2a: Corviknight|Defog|p1a: Golden Glider\n|-immune|p1a: Golden Glider|[from] ability: Good as Gold\n|\n|upkeep\n|turn|6\n|\n|t:|1699851999\n|switch|p1a: Captain Cold|Ninetales-Alola, F, shiny|100\/100\n|-weather|Snow|[from] ability: Snow Warning|[of] p1a: Captain Cold\n|move|p2a: Corviknight|U-turn|p1a: Captain Cold\n|-resisted|p1a: Captain Cold\n|-damage|p1a: Captain Cold|95\/100\n|\n|t:|1699852011\n|switch|p2a: Azumarill|Azumarill, M|75\/100 par|[from] U-turn\n|-activate|p2a: Azumarill|move: Sticky Web\n|-unboost|p2a: Azumarill|spe|1\n|\n|-weather|Snow|[upkeep]\n|upkeep\n|turn|7\n|\n|t:|1699852024\n|switch|p2a: Corviknight|Corviknight, M|94\/100\n|-ability|p2a: Corviknight|Pressure\n|move|p1a: Captain Cold|Aurora Veil|p1a: Captain Cold\n|-sidestart|p1: superiax|move: Aurora Veil\n|\n|-weather|Snow|[upkeep]\n|upkeep\n|turn|8\n|\n|t:|1699852031\n|switch|p1a: Golden Glider|Gholdengo|100\/100\n|move|p2a: Corviknight|Defog|p1a: Golden Glider\n|-immune|p1a: Golden Glider|[from] ability: Good as Gold\n|\n|-weather|Snow|[upkeep]\n|upkeep\n|turn|9\n|\n|t:|1699852040\n|move|p1a: Golden Glider|Nasty Plot|p1a: Golden Glider\n|-boost|p1a: Golden Glider|spa|2\n|move|p2a: Corviknight|Defog|p1a: Golden Glider\n|-immune|p1a: Golden Glider|[from] ability: Good as Gold\n|\n|-weather|Snow|[upkeep]\n|upkeep\n|turn|10\n|inactive|superiax has 120 seconds left.\n|\n|t:|1699852076\n|switch|p2a: Skeledirge|Skeledirge, M|100\/100\n|move|p1a: Golden Glider|Nasty Plot|p1a: Golden Glider\n|-boost|p1a: Golden Glider|spa|2\n|\n|-weather|none\n|upkeep\n|turn|11\n|inactive|superiax has 120 seconds left.\n|\n|t:|1699852104\n|move|p1a: Golden Glider|Shadow Ball|p2a: Skeledirge\n|-supereffective|p2a: Skeledirge\n|-damage|p2a: Skeledirge|41\/100\n|move|p2a: Skeledirge|Torch Song|p1a: Golden Glider\n|-supereffective|p1a: Golden Glider\n|-damage|p1a: Golden Glider|72\/100\n|-boost|p2a: Skeledirge|spa|1\n|\n|upkeep\n|turn|12\n|\n|t:|1699852114\n|-terastallize|p2a: Skeledirge|Fairy\n|move|p1a: Golden Glider|Shadow Ball|p2a: Skeledirge\n|-damage|p2a: Skeledirge|14\/100\n|move|p2a: Skeledirge|Slack Off|p2a: Skeledirge\n|-heal|p2a: Skeledirge|64\/100\n|\n|upkeep\n|turn|13\n|\n|t:|1699852125\n|move|p1a: Golden Glider|Make It Rain|p2a: Skeledirge\n|-supereffective|p2a: Skeledirge\n|-damage|p2a: Skeledirge|0 fnt\n|-unboost|p1a: Golden Glider|spa|1\n|faint|p2a: Skeledirge\n|\n|upkeep\n|-message|Braised Leeks forfeited.\n|\n|win|superiax\n|raw|superiax's rating: 1341 &rarr; <strong>1356<\/strong><br \/>(+15 for winning)\n|raw|Braised Leeks's rating: 1243 &rarr; <strong>1225<\/strong><br \/>(-18 for losing)\n|l|\u2606Braised Leeks\n","uploadtime":1699852135,"views":8,"p1id":"superiax","p2id":"braisedleeks","formatid":"gen9ou","rating":1225,"private":0,"password":""}