{"id":"gen9ou-1999576421","p1":"Magiky04","p2":"Slo Overdose","format":"[Gen 9] OU","log":"|j|\u2606Magiky04\n|j|\u2606Slo Overdose\n|t:|1701097798\n|gametype|singles\n|player|p1|Magiky04|nurse|1399\n|player|p2|Slo Overdose|anabel|1425\n|teamsize|p1|6\n|teamsize|p2|6\n|gen|9\n|tier|[Gen 9] OU\n|rated|\n|rule|Sleep Clause Mod: Limit one foe put to sleep\n|rule|Species Clause: Limit one of each Pok\u00e9mon\n|rule|OHKO Clause: OHKO moves are banned\n|rule|Evasion Items Clause: Evasion items are banned\n|rule|Evasion Moves Clause: Evasion moves are banned\n|rule|Endless Battle Clause: Forcing endless battles is banned\n|rule|HP Percentage Mod: HP is shown in percentages\n|clearpoke\n|poke|p1|Gholdengo|\n|poke|p1|Glimmora, F|\n|poke|p1|Ribombee, M|\n|poke|p1|Samurott-Hisui, M|\n|poke|p1|Ogerpon-Wellspring, F|\n|poke|p1|Breloom, F|\n|poke|p2|Clefable, M|\n|poke|p2|Heatran, M|\n|poke|p2|Conkeldurr, F|\n|poke|p2|Azelf|\n|poke|p2|Rillaboom, F|\n|poke|p2|Dragapult, F|\n|teampreview\n|inactive|Battle timer is ON: inactive players will automatically lose when time's up. (requested by Slo Overdose)\n|inactive|Magiky04 also wants the timer to be on.\n|\n|t:|1701097803\n|start\n|switch|p1a: Bee|Ribombee, M|100\/100\n|switch|p2a: Dragapult|Dragapult, F|100\/100\n|turn|1\n|\n|t:|1701097819\n|move|p2a: Dragapult|Flamethrower|p1a: Bee\n|-supereffective|p1a: Bee\n|-enditem|p1a: Bee|Focus Sash\n|-damage|p1a: Bee|1\/100\n|move|p1a: Bee|Sticky Web|p2a: Dragapult\n|-sidestart|p2: Slo Overdose|move: Sticky Web\n|\n|upkeep\n|turn|2\n|\n|t:|1701097823\n|switch|p2a: Azelf|Azelf|100\/100\n|move|p1a: Bee|Stun Spore|p2a: Azelf|[miss]\n|-miss|p1a: Bee|p2a: Azelf\n|\n|upkeep\n|turn|3\n|\n|t:|1701097832\n|move|p1a: Bee|Moonblast|p2a: Azelf\n|-damage|p2a: Azelf|48\/100\n|move|p2a: Azelf|Psychic|p1a: Bee\n|-damage|p1a: Bee|0 fnt\n|faint|p1a: Bee\n|\n|upkeep\n|\n|t:|1701097844\n|switch|p1a: Edgy Samurott|Samurott-Hisui, M|100\/100\n|turn|4\n|\n|t:|1701097846\n|move|p2a: Azelf|Explosion|p1a: Edgy Samurott\n|-damage|p1a: Edgy Samurott|16\/100\n|faint|p2a: Azelf\n|move|p1a: Edgy Samurott|Ceaseless Edge|p2: Azelf|[notarget]\n|-fail|p1a: Edgy Samurott\n|\n|upkeep\n|inactive|Slo Overdose has 120 seconds left.\n|\n|t:|1701097878\n|switch|p2a: Rillaboom|Rillaboom, F|100\/100\n|-activate|p2a: Rillaboom|move: Sticky Web\n|-unboost|p2a: Rillaboom|spe|1\n|-fieldstart|move: Grassy Terrain|[from] ability: Grassy Surge|[of] p2a: Rillaboom\n|turn|5\n|\n|t:|1701097888\n|switch|p2a: Dragapult|Dragapult, F|100\/100\n|-activate|p2a: Dragapult|move: Sticky Web\n|-unboost|p2a: Dragapult|spe|1\n|move|p1a: Edgy Samurott|Ceaseless Edge|p2a: Dragapult\n|-supereffective|p2a: Dragapult\n|-damage|p2a: Dragapult|0 fnt\n|-sidestart|p2: Slo Overdose|Spikes\n|faint|p2a: Dragapult\n|\n|-heal|p1a: Edgy Samurott|22\/100|[from] Grassy Terrain\n|upkeep\n|\n|t:|1701097892\n|switch|p2a: Clefable|Clefable, M|100\/100\n|-activate|p2a: Clefable|move: Sticky Web\n|-unboost|p2a: Clefable|spe|1\n|turn|6\n|\n|t:|1701097896\n|move|p1a: Edgy Samurott|Knock Off|p2a: Clefable\n|-resisted|p2a: Clefable\n|-damage|p2a: Clefable|83\/100\n|-enditem|p2a: Clefable|Leftovers|[from] move: Knock Off|[of] p1a: Edgy Samurott\n|move|p2a: Clefable|Cosmic Power|p2a: Clefable\n|-boost|p2a: Clefable|def|1\n|-boost|p2a: Clefable|spd|1\n|\n|-heal|p1a: Edgy Samurott|29\/100|[from] Grassy Terrain\n|-heal|p2a: Clefable|89\/100|[from] Grassy Terrain\n|upkeep\n|turn|7\n|\n|t:|1701097903\n|move|p1a: Edgy Samurott|Aqua Cutter|p2a: Clefable\n|-damage|p2a: Clefable|62\/100\n|move|p2a: Clefable|Cosmic Power|p2a: Clefable\n|-boost|p2a: Clefable|def|1\n|-boost|p2a: Clefable|spd|1\n|\n|-heal|p1a: Edgy Samurott|35\/100|[from] Grassy Terrain\n|-heal|p2a: Clefable|69\/100|[from] Grassy Terrain\n|upkeep\n|turn|8\n|\n|t:|1701097906\n|move|p1a: Edgy Samurott|Aqua Cutter|p2a: Clefable\n|-damage|p2a: Clefable|49\/100\n|move|p2a: Clefable|Cosmic Power|p2a: Clefable\n|-boost|p2a: Clefable|def|1\n|-boost|p2a: Clefable|spd|1\n|\n|-heal|p1a: Edgy Samurott|41\/100|[from] Grassy Terrain\n|-heal|p2a: Clefable|56\/100|[from] Grassy Terrain\n|upkeep\n|turn|9\n|\n|t:|1701097909\n|move|p1a: Edgy Samurott|Aqua Cutter|p2a: Clefable\n|-damage|p2a: Clefable|40\/100\n|move|p2a: Clefable|Wish|p2a: Clefable\n|\n|-heal|p1a: Edgy Samurott|47\/100|[from] Grassy Terrain\n|-heal|p2a: Clefable|46\/100|[from] Grassy Terrain\n|-fieldend|move: Grassy Terrain\n|upkeep\n|turn|10\n|\n|t:|1701097914\n|move|p1a: Edgy Samurott|Aqua Cutter|p2a: Clefable\n|-damage|p2a: Clefable|30\/100\n|move|p2a: Clefable|Cosmic Power|p2a: Clefable\n|-boost|p2a: Clefable|def|1\n|-boost|p2a: Clefable|spd|1\n|\n|-heal|p2a: Clefable|80\/100|[from] move: Wish|[wisher] Clefable\n|upkeep\n|turn|11\n|\n|t:|1701097917\n|move|p1a: Edgy Samurott|Aqua Cutter|p2a: Clefable\n|-damage|p2a: Clefable|67\/100\n|move|p2a: Clefable|Wish|p2a: Clefable\n|\n|upkeep\n|turn|12\n|\n|t:|1701097921\n|move|p1a: Edgy Samurott|Aqua Cutter|p2a: Clefable\n|-damage|p2a: Clefable|55\/100\n|move|p2a: Clefable|Cosmic Power|p2a: Clefable\n|-boost|p2a: Clefable|def|1\n|-boost|p2a: Clefable|spd|1\n|\n|-heal|p2a: Clefable|100\/100|[from] move: Wish|[wisher] Clefable\n|upkeep\n|turn|13\n|\n|t:|1701097924\n|move|p1a: Edgy Samurott|Aqua Cutter|p2a: Clefable\n|-damage|p2a: Clefable|89\/100\n|move|p2a: Clefable|Cosmic Power|p2a: Clefable\n|-boost|p2a: Clefable|def|1\n|-boost|p2a: Clefable|spd|1\n|\n|upkeep\n|turn|14\n|\n|t:|1701097928\n|move|p1a: Edgy Samurott|Aqua Cutter|p2a: Clefable\n|-damage|p2a: Clefable|80\/100\n|move|p2a: Clefable|Charge Beam|p1a: Edgy Samurott\n|-supereffective|p1a: Edgy Samurott\n|-damage|p1a: Edgy Samurott|24\/100\n|\n|upkeep\n|turn|15\n|\n|t:|1701097932\n|move|p1a: Edgy Samurott|Aqua Cutter|p2a: Clefable\n|-damage|p2a: Clefable|71\/100\n|move|p2a: Clefable|Charge Beam|p1a: Edgy Samurott\n|-supereffective|p1a: Edgy Samurott\n|-damage|p1a: Edgy Samurott|2\/100\n|-boost|p2a: Clefable|spa|1\n|\n|upkeep\n|turn|16\n|\n|t:|1701097936\n|move|p1a: Edgy Samurott|Aqua Cutter|p2a: Clefable\n|-damage|p2a: Clefable|61\/100\n|move|p2a: Clefable|Wish|p2a: Clefable\n|\n|upkeep\n|turn|17\n|\n|t:|1701097939\n|move|p1a: Edgy Samurott|Aqua Cutter|p2a: Clefable\n|-damage|p2a: Clefable|52\/100\n|move|p2a: Clefable|Charge Beam|p1a: Edgy Samurott\n|-supereffective|p1a: Edgy Samurott\n|-damage|p1a: Edgy Samurott|0 fnt\n|-boost|p2a: Clefable|spa|1\n|faint|p1a: Edgy Samurott\n|\n|-heal|p2a: Clefable|100\/100|[from] move: Wish|[wisher] Clefable\n|upkeep\n|\n|t:|1701097943\n|switch|p1a: Brian|Breloom, F|100\/100\n|turn|18\n|\n|t:|1701097948\n|move|p1a: Brian|Spore|p2a: Clefable\n|-status|p2a: Clefable|slp|[from] move: Spore\n|cant|p2a: Clefable|slp\n|\n|upkeep\n|turn|19\n|\n|t:|1701097951\n|move|p1a: Brian|Bullet Seed|p2a: Clefable\n|-damage|p2a: Clefable|96\/100 slp\n|-damage|p2a: Clefable|92\/100 slp\n|-damage|p2a: Clefable|88\/100 slp\n|-damage|p2a: Clefable|84\/100 slp\n|-damage|p2a: Clefable|80\/100 slp\n|-hitcount|p2a: Clefable|5\n|cant|p2a: Clefable|slp\n|\n|upkeep\n|turn|20\n|\n|t:|1701097957\n|move|p1a: Brian|Bullet Seed|p2a: Clefable\n|-damage|p2a: Clefable|75\/100 slp\n|-damage|p2a: Clefable|70\/100 slp\n|-damage|p2a: Clefable|66\/100 slp\n|-damage|p2a: Clefable|61\/100 slp\n|-damage|p2a: Clefable|57\/100 slp\n|-hitcount|p2a: Clefable|5\n|-curestatus|p2a: Clefable|slp|[msg]\n|move|p2a: Clefable|Stored Power|p1a: Brian\n|-supereffective|p1a: Brian\n|-damage|p1a: Brian|0 fnt\n|faint|p1a: Brian\n|\n|upkeep\n|\n|t:|1701097964\n|switch|p1a: Ogerbonk|Ogerpon-Wellspring, F|100\/100\n|turn|21\n|\n|t:|1701097971\n|-terastallize|p1a: Ogerbonk|Water\n|detailschange|p1a: Ogerbonk|Ogerpon-Wellspring-Tera, F, tera:Water\n|-ability|p1a: Ogerbonk|Embody Aspect (Wellspring)|boost\n|-boost|p1a: Ogerbonk|spd|1\n|move|p1a: Ogerbonk|Ivy Cudgel|p2a: Clefable|[anim] Ivy Cudgel Water\n|-damage|p2a: Clefable|41\/100\n|move|p2a: Clefable|Wish|p2a: Clefable\n|\n|upkeep\n|turn|22\n|\n|t:|1701097979\n|move|p1a: Ogerbonk|Ivy Cudgel|p2a: Clefable|[anim] Ivy Cudgel Water\n|-damage|p2a: Clefable|25\/100\n|move|p2a: Clefable|Stored Power|p1a: Ogerbonk\n|-damage|p1a: Ogerbonk|0 fnt\n|faint|p1a: Ogerbonk\n|\n|-heal|p2a: Clefable|75\/100|[from] move: Wish|[wisher] Clefable\n|upkeep\n|\n|t:|1701097984\n|switch|p1a: Peepers|Glimmora, F|100\/100\n|turn|23\n|\n|t:|1701097987\n|move|p1a: Peepers|Sludge Wave|p2a: Clefable\n|-supereffective|p2a: Clefable\n|-damage|p2a: Clefable|52\/100\n|move|p2a: Clefable|Stored Power|p1a: Peepers\n|-supereffective|p1a: Peepers\n|-damage|p1a: Peepers|0 fnt\n|faint|p1a: Peepers\n|\n|upkeep\n|\n|t:|1701097990\n|switch|p1a: Gholdover?|Gholdengo|100\/100\n|turn|24\n|\n|t:|1701097997\n|-terastallize|p2a: Clefable|Water\n|move|p1a: Gholdover?|Shadow Ball|p2a: Clefable\n|-damage|p2a: Clefable|40\/100\n|move|p2a: Clefable|Wish|p2a: Clefable\n|\n|upkeep\n|turn|25\n|\n|t:|1701098001\n|move|p1a: Gholdover?|Shadow Ball|p2a: Clefable\n|-damage|p2a: Clefable|28\/100\n|move|p2a: Clefable|Stored Power|p1a: Gholdover?\n|-resisted|p1a: Gholdover?\n|-damage|p1a: Gholdover?|32\/100\n|\n|-heal|p2a: Clefable|78\/100|[from] move: Wish|[wisher] Clefable\n|-heal|p1a: Gholdover?|38\/100|[from] item: Leftovers\n|upkeep\n|turn|26\n|\n|t:|1701098005\n|move|p1a: Gholdover?|Shadow Ball|p2a: Clefable\n|-damage|p2a: Clefable|68\/100\n|move|p2a: Clefable|Charge Beam|p1a: Gholdover?\n|-damage|p1a: Gholdover?|16\/100\n|\n|-heal|p1a: Gholdover?|22\/100|[from] item: Leftovers\n|upkeep\n|turn|27\n|\n|t:|1701098009\n|move|p1a: Gholdover?|Shadow Ball|p2a: Clefable\n|-damage|p2a: Clefable|55\/100\n|move|p2a: Clefable|Charge Beam|p1a: Gholdover?\n|-damage|p1a: Gholdover?|0 fnt\n|-boost|p2a: Clefable|spa|1\n|faint|p1a: Gholdover?\n|\n|win|Slo Overdose\n|raw|Magiky04's rating: 1399 &rarr; <strong>1380<\/strong><br \/>(-19 for losing)\n|raw|Slo Overdose's rating: 1425 &rarr; <strong>1444<\/strong><br \/>(+19 for winning)\n|l|\u2606Magiky04\n","uploadtime":1701098013,"views":2,"p1id":"magiky04","p2id":"slooverdose","formatid":"gen9ou","rating":1380,"private":0,"password":""}