{"id":"gen9ou-1989328417","p1":"TheFIFA2.0","p2":"ratatta17","format":"[Gen 9] OU","log":"|j|\u2606TheFIFA2.0\n|j|\u2606ratatta17\n|t:|1699836919\n|gametype|singles\n|player|p1|TheFIFA2.0|gentleman-gen4|1405\n|player|p2|ratatta17|2|1425\n|teamsize|p1|6\n|teamsize|p2|6\n|gen|9\n|tier|[Gen 9] OU\n|rated|\n|rule|Sleep Clause Mod: Limit one foe put to sleep\n|rule|Species Clause: Limit one of each Pok\u00e9mon\n|rule|OHKO Clause: OHKO moves are banned\n|rule|Evasion Items Clause: Evasion items are banned\n|rule|Evasion Moves Clause: Evasion moves are banned\n|rule|Endless Battle Clause: Forcing endless battles is banned\n|rule|HP Percentage Mod: HP is shown in percentages\n|clearpoke\n|poke|p1|Torkoal, M|\n|poke|p1|Walking Wake|\n|poke|p1|Great Tusk|\n|poke|p1|Cinderace, F|\n|poke|p1|Sandy Shocks|\n|poke|p1|Zamazenta-*|\n|poke|p2|Azumarill, M|\n|poke|p2|Staraptor, F|\n|poke|p2|Toedscruel, M|\n|poke|p2|Skeledirge, F|\n|poke|p2|Ninetales-Alola, M|\n|poke|p2|Iron Valiant|\n|teampreview\n|\n|t:|1699836937\n|start\n|switch|p1a: Sandy Shocks|Sandy Shocks|100\/100\n|switch|p2a: Staraptor|Staraptor, F|100\/100\n|-ability|p2a: Staraptor|Intimidate|boost\n|-unboost|p1a: Sandy Shocks|atk|1\n|turn|1\n|\n|t:|1699836955\n|switch|p2a: Toedscruel|Toedscruel, M|100\/100\n|move|p1a: Sandy Shocks|Volt Switch|p2a: Toedscruel\n|-immune|p2a: Toedscruel\n|\n|upkeep\n|turn|2\n|inactive|Battle timer is ON: inactive players will automatically lose when time's up. (requested by ratatta17)\n|\n|t:|1699836995\n|-end|p1a: Sandy Shocks|Protosynthesis|[silent]\n|switch|p1a: Torkoal|Torkoal, M|100\/100\n|-weather|SunnyDay|[from] ability: Drought|[of] p1a: Torkoal\n|move|p2a: Toedscruel|Spore|p1a: Torkoal\n|-status|p1a: Torkoal|slp|[from] move: Spore\n|\n|-weather|SunnyDay|[upkeep]\n|upkeep\n|turn|3\n|\n|t:|1699837008\n|switch|p2a: Staraptor|Staraptor, F|100\/100\n|-ability|p2a: Staraptor|Intimidate|boost\n|-unboost|p1a: Torkoal|atk|1\n|switch|p1a: Sandy Shocks|Sandy Shocks|100\/100\n|-activate|p1a: Sandy Shocks|ability: Protosynthesis\n|-start|p1a: Sandy Shocks|protosynthesisspa\n|\n|-weather|SunnyDay|[upkeep]\n|upkeep\n|turn|4\n|\n|t:|1699837022\n|move|p2a: Staraptor|Final Gambit|p1a: Sandy Shocks\n|-damage|p1a: Sandy Shocks|0 fnt\n|faint|p2a: Staraptor\n|faint|p1a: Sandy Shocks\n|-end|p1a: Sandy Shocks|Protosynthesis|[silent]\n|\n|-weather|SunnyDay|[upkeep]\n|upkeep\n|\n|t:|1699837033\n|switch|p2a: Ninetales|Ninetales-Alola, M|100\/100\n|switch|p1a: Cinderace|Cinderace, F|100\/100\n|-weather|Snow|[from] ability: Snow Warning|[of] p2a: Ninetales\n|turn|5\n|\n|t:|1699837045\n|switch|p2a: Skeledirge|Skeledirge, F|100\/100\n|move|p1a: Cinderace|Pyro Ball|p2a: Skeledirge\n|-resisted|p2a: Skeledirge\n|-damage|p2a: Skeledirge|77\/100\n|\n|-weather|Snow|[upkeep]\n|-heal|p2a: Skeledirge|83\/100|[from] item: Leftovers\n|upkeep\n|turn|6\n|\n|t:|1699837057\n|switch|p1a: Torkoal|Torkoal, M|100\/100 slp\n|-weather|SunnyDay|[from] ability: Drought|[of] p1a: Torkoal\n|move|p2a: Skeledirge|Will-O-Wisp||[still]\n|-fail|p2a: Skeledirge\n|\n|-weather|SunnyDay|[upkeep]\n|-heal|p2a: Skeledirge|89\/100|[from] item: Leftovers\n|upkeep\n|turn|7\n|\n|t:|1699837069\n|switch|p2a: Ninetales|Ninetales-Alola, M|100\/100\n|-weather|Snow|[from] ability: Snow Warning|[of] p2a: Ninetales\n|switch|p1a: Walking Wake|Walking Wake|100\/100\n|\n|-weather|Snow|[upkeep]\n|upkeep\n|turn|8\n|\n|t:|1699837080\n|move|p1a: Walking Wake|Flamethrower|p2a: Ninetales\n|-supereffective|p2a: Ninetales\n|-crit|p2a: Ninetales\n|-damage|p2a: Ninetales|21\/100\n|move|p2a: Ninetales|Freeze-Dry|p1a: Walking Wake\n|-supereffective|p1a: Walking Wake\n|-damage|p1a: Walking Wake|2\/100\n|\n|-weather|Snow|[upkeep]\n|upkeep\n|turn|9\n|\n|t:|1699837089\n|move|p2a: Ninetales|Ice Shard|p1a: Walking Wake\n|-damage|p1a: Walking Wake|0 fnt\n|faint|p1a: Walking Wake\n|-end|p1a: Walking Wake|Protosynthesis|[silent]\n|\n|-weather|Snow|[upkeep]\n|upkeep\n|\n|t:|1699837096\n|switch|p1a: Cinderace|Cinderace, F|100\/100\n|turn|10\n|\n|t:|1699837101\n|switch|p2a: Skeledirge|Skeledirge, F|89\/100\n|move|p1a: Cinderace|Pyro Ball|p2a: Skeledirge\n|-resisted|p2a: Skeledirge\n|-damage|p2a: Skeledirge|64\/100\n|\n|-weather|Snow|[upkeep]\n|-heal|p2a: Skeledirge|70\/100|[from] item: Leftovers\n|upkeep\n|turn|11\n|\n|t:|1699837110\n|switch|p1a: Torkoal|Torkoal, M|100\/100 slp\n|-weather|SunnyDay|[from] ability: Drought|[of] p1a: Torkoal\n|move|p2a: Skeledirge|Torch Song|p1a: Torkoal\n|-resisted|p1a: Torkoal\n|-damage|p1a: Torkoal|69\/100 slp\n|-boost|p2a: Skeledirge|spa|1\n|\n|-weather|SunnyDay|[upkeep]\n|-heal|p2a: Skeledirge|76\/100|[from] item: Leftovers\n|upkeep\n|turn|12\n|\n|t:|1699837121\n|switch|p1a: Zamazenta|Zamazenta|100\/100\n|-ability|p1a: Zamazenta|Dauntless Shield|boost\n|-boost|p1a: Zamazenta|def|1\n|move|p2a: Skeledirge|Hex|p1a: Zamazenta\n|-damage|p1a: Zamazenta|77\/100\n|\n|-weather|SunnyDay|[upkeep]\n|-heal|p2a: Skeledirge|83\/100|[from] item: Leftovers\n|upkeep\n|turn|13\n|\n|t:|1699837132\n|move|p1a: Zamazenta|Crunch|p2a: Skeledirge\n|-supereffective|p2a: Skeledirge\n|-damage|p2a: Skeledirge|39\/100\n|-unboost|p2a: Skeledirge|def|1\n|move|p2a: Skeledirge|Will-O-Wisp|p1a: Zamazenta\n|-status|p1a: Zamazenta|brn\n|\n|-weather|SunnyDay|[upkeep]\n|-heal|p2a: Skeledirge|45\/100|[from] item: Leftovers\n|-damage|p1a: Zamazenta|71\/100 brn|[from] brn\n|upkeep\n|turn|14\n|\n|t:|1699837148\n|switch|p1a: Cinderace|Cinderace, F|100\/100\n|switch|p2a: Toedscruel|Toedscruel, M|100\/100\n|\n|-weather|SunnyDay|[upkeep]\n|upkeep\n|turn|15\n|\n|t:|1699837157\n|move|p1a: Cinderace|Pyro Ball|p2a: Toedscruel|[miss]\n|-miss|p1a: Cinderace|p2a: Toedscruel\n|move|p2a: Toedscruel|Knock Off|p1a: Cinderace\n|-damage|p1a: Cinderace|75\/100\n|-enditem|p1a: Cinderace|Heavy-Duty Boots|[from] move: Knock Off|[of] p2a: Toedscruel\n|\n|-weather|SunnyDay|[upkeep]\n|upkeep\n|turn|16\n|\n|t:|1699837176\n|move|p1a: Cinderace|Pyro Ball|p2a: Toedscruel\n|-supereffective|p2a: Toedscruel\n|-damage|p2a: Toedscruel|0 fnt\n|faint|p2a: Toedscruel\n|\n|-weather|SunnyDay|[upkeep]\n|upkeep\n|\n|t:|1699837187\n|switch|p2a: Iron Valiant|Iron Valiant|100\/100\n|turn|17\n|\n|t:|1699837195\n|switch|p1a: Zamazenta|Zamazenta|71\/100 brn\n|move|p2a: Iron Valiant|Aura Sphere|p1a: Zamazenta\n|-damage|p1a: Zamazenta|37\/100 brn\n|-damage|p2a: Iron Valiant|91\/100|[from] item: Life Orb\n|\n|-weather|SunnyDay|[upkeep]\n|-damage|p1a: Zamazenta|31\/100 brn|[from] brn\n|upkeep\n|turn|18\n|\n|t:|1699837206\n|move|p1a: Zamazenta|Heavy Slam|p2a: Iron Valiant\n|-supereffective|p2a: Iron Valiant\n|-damage|p2a: Iron Valiant|43\/100\n|move|p2a: Iron Valiant|Moonblast|p1a: Zamazenta\n|-supereffective|p1a: Zamazenta\n|-damage|p1a: Zamazenta|0 fnt\n|faint|p1a: Zamazenta\n|-damage|p2a: Iron Valiant|33\/100|[from] item: Life Orb\n|\n|-weather|none\n|upkeep\n|\n|t:|1699837220\n|switch|p1a: Torkoal|Torkoal, M|69\/100 slp\n|-weather|SunnyDay|[from] ability: Drought|[of] p1a: Torkoal\n|turn|19\n|\n|t:|1699837226\n|-end|p2a: Iron Valiant|Quark Drive|[silent]\n|switch|p2a: Ninetales|Ninetales-Alola, M|21\/100\n|-weather|Snow|[from] ability: Snow Warning|[of] p2a: Ninetales\n|cant|p1a: Torkoal|slp\n|\n|-weather|Snow|[upkeep]\n|upkeep\n|turn|20\n|\n|t:|1699837234\n|switch|p1a: Cinderace|Cinderace, F|75\/100\n|move|p2a: Ninetales|Aurora Veil|p2a: Ninetales\n|-sidestart|p2: ratatta17|move: Aurora Veil\n|\n|-weather|Snow|[upkeep]\n|upkeep\n|turn|21\n|\n|t:|1699837241\n|move|p1a: Cinderace|Court Change|p1a: Cinderace\n|-start|p1a: Cinderace|typechange|Normal|[from] ability: Libero\n|-swapsideconditions\n|-activate|p1a: Cinderace|move: Court Change\n|move|p2a: Ninetales|Encore|p1a: Cinderace\n|-start|p1a: Cinderace|Encore\n|\n|-weather|Snow|[upkeep]\n|upkeep\n|turn|22\n|\n|t:|1699837250\n|switch|p1a: Great Tusk|Great Tusk|100\/100\n|-enditem|p1a: Great Tusk|Booster Energy\n|-activate|p1a: Great Tusk|ability: Protosynthesis|[fromitem]\n|-start|p1a: Great Tusk|protosynthesisatk\n|move|p2a: Ninetales|Aurora Veil|p2a: Ninetales\n|-sidestart|p2: ratatta17|move: Aurora Veil\n|\n|-weather|Snow|[upkeep]\n|upkeep\n|turn|23\n|\n|t:|1699837263\n|move|p1a: Great Tusk|Rapid Spin|p2a: Ninetales\n|-damage|p2a: Ninetales|12\/100\n|-boost|p1a: Great Tusk|spe|1\n|move|p2a: Ninetales|Freeze-Dry|p1a: Great Tusk\n|-supereffective|p1a: Great Tusk\n|-damage|p1a: Great Tusk|67\/100\n|\n|-weather|none\n|upkeep\n|turn|24\n|\n|t:|1699837286\n|move|p1a: Great Tusk|Headlong Rush|p2a: Ninetales\n|-damage|p2a: Ninetales|0 fnt\n|-unboost|p1a: Great Tusk|def|1\n|-unboost|p1a: Great Tusk|spd|1\n|faint|p2a: Ninetales\n|\n|upkeep\n|\n|t:|1699837306\n|switch|p2a: Azumarill|Azumarill, M|100\/100\n|turn|25\n|\n|t:|1699837312\n|-end|p1a: Great Tusk|Protosynthesis|[silent]\n|switch|p1a: Torkoal|Torkoal, M|69\/100 slp\n|-weather|SunnyDay|[from] ability: Drought|[of] p1a: Torkoal\n|move|p2a: Azumarill|Play Rough|p1a: Torkoal\n|-resisted|p1a: Torkoal\n|-damage|p1a: Torkoal|61\/100 slp\n|\n|-weather|SunnyDay|[upkeep]\n|upkeep\n|turn|26\n|\n|t:|1699837324\n|move|p2a: Azumarill|Belly Drum|p2a: Azumarill\n|-damage|p2a: Azumarill|50\/100\n|-setboost|p2a: Azumarill|atk|6|[from] move: Belly Drum\n|-enditem|p2a: Azumarill|Sitrus Berry|[eat]\n|-heal|p2a: Azumarill|75\/100|[from] item: Sitrus Berry\n|-curestatus|p1a: Torkoal|slp|[msg]\n|move|p1a: Torkoal|Yawn|p2a: Azumarill\n|-start|p2a: Azumarill|move: Yawn|[of] p1a: Torkoal\n|\n|-weather|SunnyDay|[upkeep]\n|upkeep\n|turn|27\n|\n|t:|1699837341\n|-terastallize|p1a: Torkoal|Water\n|move|p2a: Azumarill|Bulldoze|p1a: Torkoal\n|-damage|p1a: Torkoal|31\/100\n|-unboost|p1a: Torkoal|spe|1\n|move|p1a: Torkoal|Lava Plume|p2a: Azumarill\n|-resisted|p2a: Azumarill\n|-damage|p2a: Azumarill|67\/100\n|-status|p2a: Azumarill|brn\n|\n|-weather|SunnyDay|[upkeep]\n|-damage|p2a: Azumarill|61\/100 brn|[from] brn\n|-end|p2a: Azumarill|move: Yawn|[silent]\n|-sideend|p1: TheFIFA2.0|move: Aurora Veil\n|upkeep\n|turn|28\n|\n|t:|1699837357\n|move|p2a: Azumarill|Bulldoze|p1a: Torkoal\n|-damage|p1a: Torkoal|1\/100\n|-unboost|p1a: Torkoal|spe|1\n|move|p1a: Torkoal|Stealth Rock|p2a: Azumarill\n|-sidestart|p2: ratatta17|move: Stealth Rock\n|\n|-weather|SunnyDay|[upkeep]\n|-damage|p2a: Azumarill|55\/100 brn|[from] brn\n|upkeep\n|turn|29\n|\n|t:|1699837372\n|move|p2a: Azumarill|Bulldoze|p1a: Torkoal\n|-damage|p1a: Torkoal|0 fnt\n|faint|p1a: Torkoal\n|\n|-weather|SunnyDay|[upkeep]\n|-damage|p2a: Azumarill|49\/100 brn|[from] brn\n|-sideend|p2: ratatta17|move: Aurora Veil\n|upkeep\n|inactive|TheFIFA2.0 has 120 seconds left.\n|\n|t:|1699837388\n|switch|p1a: Great Tusk|Great Tusk|67\/100\n|-activate|p1a: Great Tusk|ability: Protosynthesis\n|-start|p1a: Great Tusk|protosynthesisatk\n|turn|30\n|inactive|TheFIFA2.0 has 120 seconds left.\n|\n|t:|1699837394\n|move|p2a: Azumarill|Aqua Jet|p1a: Great Tusk\n|-supereffective|p1a: Great Tusk\n|-damage|p1a: Great Tusk|28\/100\n|move|p1a: Great Tusk|Headlong Rush|p2a: Azumarill\n|-damage|p2a: Azumarill|0 fnt\n|-unboost|p1a: Great Tusk|def|1\n|-unboost|p1a: Great Tusk|spd|1\n|faint|p2a: Azumarill\n|\n|-weather|SunnyDay|[upkeep]\n|upkeep\n|\n|t:|1699837402\n|switch|p2a: Iron Valiant|Iron Valiant|33\/100\n|-damage|p2a: Iron Valiant|27\/100|[from] Stealth Rock\n|turn|31\n|\n|t:|1699837417\n|move|p2a: Iron Valiant|Aura Sphere|p1a: Great Tusk\n|-damage|p1a: Great Tusk|0 fnt\n|faint|p1a: Great Tusk\n|-end|p1a: Great Tusk|Protosynthesis|[silent]\n|-damage|p2a: Iron Valiant|17\/100|[from] item: Life Orb\n|\n|-weather|SunnyDay|[upkeep]\n|upkeep\n|\n|t:|1699837424\n|switch|p1a: Cinderace|Cinderace, F|75\/100\n|turn|32\n|\n|t:|1699837429\n|move|p1a: Cinderace|Pyro Ball|p2a: Iron Valiant\n|-damage|p2a: Iron Valiant|0 fnt\n|faint|p2a: Iron Valiant\n|-end|p2a: Iron Valiant|Quark Drive|[silent]\n|\n|-weather|none\n|upkeep\n|\n|t:|1699837431\n|switch|p2a: Skeledirge|Skeledirge, F|45\/100\n|-damage|p2a: Skeledirge|20\/100|[from] Stealth Rock\n|turn|33\n|\n|t:|1699837443\n|move|p1a: Cinderace|Sucker Punch||[still]\n|-fail|p1a: Cinderace\n|move|p2a: Skeledirge|Slack Off|p2a: Skeledirge\n|-heal|p2a: Skeledirge|70\/100\n|\n|-heal|p2a: Skeledirge|76\/100|[from] item: Leftovers\n|upkeep\n|turn|34\n|\n|t:|1699837451\n|move|p1a: Cinderace|Pyro Ball|p2a: Skeledirge\n|-resisted|p2a: Skeledirge\n|-damage|p2a: Skeledirge|53\/100\n|move|p2a: Skeledirge|Slack Off|p2a: Skeledirge\n|-heal|p2a: Skeledirge|100\/100\n|\n|upkeep\n|turn|35\n|\n|t:|1699837460\n|move|p1a: Cinderace|Pyro Ball|p2a: Skeledirge\n|-resisted|p2a: Skeledirge\n|-crit|p2a: Skeledirge\n|-damage|p2a: Skeledirge|63\/100\n|move|p2a: Skeledirge|Will-O-Wisp|p1a: Cinderace\n|-immune|p1a: Cinderace\n|\n|-heal|p2a: Skeledirge|69\/100|[from] item: Leftovers\n|upkeep\n|turn|36\n|\n|t:|1699837471\n|move|p1a: Cinderace|Sucker Punch||[still]\n|-fail|p1a: Cinderace\n|move|p2a: Skeledirge|Slack Off|p2a: Skeledirge\n|-heal|p2a: Skeledirge|100\/100\n|\n|upkeep\n|turn|37\n|\n|t:|1699837478\n|move|p1a: Cinderace|Pyro Ball|p2a: Skeledirge\n|-resisted|p2a: Skeledirge\n|-damage|p2a: Skeledirge|78\/100\n|move|p2a: Skeledirge|Will-O-Wisp|p1a: Cinderace\n|-immune|p1a: Cinderace\n|\n|-heal|p2a: Skeledirge|84\/100|[from] item: Leftovers\n|upkeep\n|turn|38\n|\n|t:|1699837487\n|move|p1a: Cinderace|U-turn|p2a: Skeledirge\n|-start|p1a: Cinderace|typechange|Bug|[from] ability: Libero\n|-resisted|p2a: Skeledirge\n|-damage|p2a: Skeledirge|77\/100\n|move|p2a: Skeledirge|Slack Off|p2a: Skeledirge\n|-heal|p2a: Skeledirge|100\/100\n|\n|upkeep\n|turn|39\n|\n|t:|1699837498\n|move|p1a: Cinderace|Sucker Punch||[still]\n|-fail|p1a: Cinderace\n|move|p2a: Skeledirge|Will-O-Wisp|p1a: Cinderace\n|-status|p1a: Cinderace|brn\n|\n|-damage|p1a: Cinderace|69\/100 brn|[from] brn\n|upkeep\n|turn|40\n|-message|TheFIFA2.0 forfeited.\n|\n|win|ratatta17\n|raw|TheFIFA2.0's rating: 1405 &rarr; <strong>1386<\/strong><br \/>(-19 for losing)\n|raw|ratatta17's rating: 1425 &rarr; <strong>1444<\/strong><br \/>(+19 for winning)\n|l|\u2606TheFIFA2.0\n","uploadtime":1699837516,"views":10,"p1id":"thefifa20","p2id":"ratatta17","formatid":"gen9ou","rating":1386,"private":0,"password":""}