{"id":"gen9ou-1998387438","p1":"mixtoplu","p2":"Alexander90281","format":"[Gen 9] OU","log":"|j|\u2606mixtoplu\n|j|\u2606Alexander90281\n|inactive|Battle timer is ON: inactive players will automatically lose when time's up.\n|t:|1700936634\n|gametype|singles\n|player|p1|mixtoplu|lance|\n|player|p2|Alexander90281|tateandliza-gen6|\n|teamsize|p1|6\n|teamsize|p2|6\n|gen|9\n|tier|[Gen 9] OU\n|rated|Tournament battle\n|rule|Sleep Clause Mod: Limit one foe put to sleep\n|rule|Species Clause: Limit one of each Pok\u00e9mon\n|rule|OHKO Clause: OHKO moves are banned\n|rule|Evasion Items Clause: Evasion items are banned\n|rule|Evasion Moves Clause: Evasion moves are banned\n|rule|Endless Battle Clause: Forcing endless battles is banned\n|rule|HP Percentage Mod: HP is shown in percentages\n|clearpoke\n|poke|p1|Grimmsnarl, M|\n|poke|p1|Cinderace, F|\n|poke|p1|Landorus-Therian, M|\n|poke|p1|Jolteon, F|\n|poke|p1|Dragapult, M|\n|poke|p1|Grafaiai, F|\n|poke|p2|Hatterene, F|\n|poke|p2|Ursaluna, F|\n|poke|p2|Kingambit, F|\n|poke|p2|Staraptor, F|\n|poke|p2|Iron Valiant|\n|poke|p2|Mimikyu, M|\n|teampreview\n|\n|t:|1700936642\n|start\n|switch|p1a: Grimmsnarl|Grimmsnarl, M, shiny|100\/100\n|switch|p2a: Staraptor|Staraptor, F|100\/100\n|turn|1\n|j| SmeargleOnAcid\n|\n|t:|1700936646\n|move|p1a: Grimmsnarl|Reflect|p1a: Grimmsnarl\n|-sidestart|p1: mixtoplu|Reflect\n|move|p2a: Staraptor|Final Gambit|p1a: Grimmsnarl\n|-damage|p1a: Grimmsnarl|21\/100\n|faint|p2a: Staraptor\n|\n|upkeep\n|l| SmeargleOnAcid\n|j| edulol89\n|\n|t:|1700936662\n|switch|p2a: Kingambit|Kingambit, F|100\/100\n|-activate|p2a: Kingambit|ability: Supreme Overlord\n|-start|p2a: Kingambit|fallen1|[silent]\n|turn|2\n|l| edulol89\n|\n|t:|1700936675\n|move|p1a: Grimmsnarl|Crunch|p2a: Kingambit\n|-resisted|p2a: Kingambit\n|-damage|p2a: Kingambit|89\/100\n|move|p2a: Kingambit|Iron Head|p1a: Grimmsnarl\n|-supereffective|p1a: Grimmsnarl\n|-damage|p1a: Grimmsnarl|0 fnt\n|faint|p1a: Grimmsnarl\n|\n|upkeep\n|\n|t:|1700936682\n|switch|p1a: Cinderace|Cinderace, F, shiny|100\/100\n|turn|3\n|\n|t:|1700936688\n|-end|p2a: Kingambit|fallen1|[silent]\n|switch|p2a: Mimikyu|Mimikyu, M|100\/100\n|move|p1a: Cinderace|High Jump Kick|p2a: Mimikyu\n|-start|p1a: Cinderace|typechange|Fighting|[from] ability: Libero\n|-immune|p2a: Mimikyu\n|-damage|p1a: Cinderace|51\/100|[from] highjumpkick\n|\n|upkeep\n|turn|4\n|c|\u2606Alexander90281|se te quebro la pierna\n|c|\u2606mixtoplu|XD\n|\n|t:|1700936707\n|move|p1a: Cinderace|U-turn|p2a: Mimikyu\n|-activate|p2a: Mimikyu|ability: Disguise\n|-damage|p2a: Mimikyu|100\/100\n|detailschange|p2a: Mimikyu|Mimikyu-Busted, M\n|-damage|p2a: Mimikyu|88\/100|[from] pokemon: Mimikyu-Busted\n|c|\u2606Alexander90281|XD\n|\n|t:|1700936717\n|switch|p1a: Dragapult|Dragapult, M, shiny|100\/100|[from] U-turn\n|move|p2a: Mimikyu|Night Shade|p1a: Dragapult\n|-damage|p1a: Dragapult|69\/100\n|\n|upkeep\n|turn|5\n|\n|t:|1700936728\n|move|p2a: Mimikyu|Protect|p2a: Mimikyu\n|-singleturn|p2a: Mimikyu|Protect\n|move|p1a: Dragapult|Phantom Force||[still]\n|-prepare|p1a: Dragapult|Phantom Force\n|\n|upkeep\n|turn|6\n|\n|t:|1700936733\n|switch|p2a: Ursaluna|Ursaluna, F|100\/100\n|move|p1a: Dragapult|Phantom Force|p2a: Ursaluna|[from]lockedmove\n|-immune|p2a: Ursaluna\n|\n|-status|p2a: Ursaluna|brn|[from] item: Flame Orb\n|upkeep\n|turn|7\n|\n|t:|1700936744\n|switch|p1a: mason 33|Landorus-Therian, M, shiny|100\/100\n|-ability|p1a: mason 33|Intimidate|boost\n|-unboost|p2a: Ursaluna|atk|1\n|move|p2a: Ursaluna|Ice Punch|p1a: mason 33\n|-supereffective|p1a: mason 33\n|-damage|p1a: mason 33|57\/100\n|-damage|p2a: Ursaluna|84\/100 brn|[from] item: Rocky Helmet|[of] p1a: mason 33\n|\n|-damage|p2a: Ursaluna|78\/100 brn|[from] brn\n|upkeep\n|turn|8\n|\n|t:|1700936764\n|switch|p2a: Iron Valiant|Iron Valiant|100\/100\n|-enditem|p2a: Iron Valiant|Booster Energy\n|-activate|p2a: Iron Valiant|ability: Quark Drive|[fromitem]\n|-start|p2a: Iron Valiant|quarkdrivespe\n|move|p1a: mason 33|Grass Knot|p2a: Iron Valiant\n|-damage|p2a: Iron Valiant|77\/100\n|\n|-sideend|p1: mixtoplu|Reflect\n|upkeep\n|turn|9\n|\n|t:|1700936778\n|move|p2a: Iron Valiant|Moonblast|p1a: mason 33\n|-damage|p1a: mason 33|9\/100\n|-unboost|p1a: mason 33|spa|1\n|move|p1a: mason 33|U-turn|p2a: Iron Valiant\n|-resisted|p2a: Iron Valiant\n|-damage|p2a: Iron Valiant|70\/100\n|\n|t:|1700936791\n|switch|p1a: Jolteon|Jolteon, F, shiny|100\/100|[from] U-turn\n|\n|upkeep\n|turn|10\n|\n|t:|1700936799\n|move|p2a: Iron Valiant|Moonblast|p1a: Jolteon\n|-damage|p1a: Jolteon|34\/100\n|move|p1a: Jolteon|Shadow Ball|p2a: Iron Valiant\n|-damage|p2a: Iron Valiant|10\/100\n|\n|upkeep\n|turn|11\n|\n|t:|1700936809\n|switch|p1a: Grafaiai|Grafaiai, F, shiny|100\/100\n|move|p2a: Iron Valiant|Moonblast|p1a: Grafaiai\n|-resisted|p1a: Grafaiai\n|-damage|p1a: Grafaiai|63\/100\n|\n|-heal|p1a: Grafaiai|69\/100|[from] item: Leftovers\n|upkeep\n|turn|12\n|\n|t:|1700936818\n|move|p2a: Iron Valiant|Aura Sphere|p1a: Grafaiai\n|-damage|p1a: Grafaiai|8\/100\n|move|p1a: Grafaiai|Poison Jab|p2a: Iron Valiant\n|-supereffective|p2a: Iron Valiant\n|-damage|p2a: Iron Valiant|0 fnt\n|faint|p2a: Iron Valiant\n|-end|p2a: Iron Valiant|Quark Drive|[silent]\n|\n|-heal|p1a: Grafaiai|14\/100|[from] item: Leftovers\n|upkeep\n|\n|t:|1700936826\n|switch|p2a: Hatterene|Hatterene, F|100\/100\n|turn|13\n|\n|t:|1700936834\n|switch|p1a: mason 33|Landorus-Therian, M, shiny|9\/100\n|-ability|p1a: mason 33|Intimidate|boost\n|-unboost|p2a: Hatterene|atk|1\n|-terastallize|p2a: Hatterene|Steel\n|move|p2a: Hatterene|Psychic|p1a: mason 33\n|-damage|p1a: mason 33|0 fnt\n|faint|p1a: mason 33\n|\n|upkeep\n|\n|t:|1700936845\n|switch|p1a: Cinderace|Cinderace, F, shiny|51\/100\n|turn|14\n|\n|t:|1700936849\n|move|p1a: Cinderace|Pyro Ball|p2a: Hatterene\n|-supereffective|p2a: Hatterene\n|-enditem|p2a: Hatterene|Focus Sash\n|-damage|p2a: Hatterene|1\/100\n|move|p2a: Hatterene|Trick Room|p2a: Hatterene\n|-fieldstart|move: Trick Room|[of] p2a: Hatterene\n|\n|upkeep\n|turn|15\n|\n|t:|1700936867\n|switch|p1a: Dragapult|Dragapult, M, shiny|69\/100\n|move|p2a: Hatterene|Healing Wish|p2a: Hatterene\n|faint|p2a: Hatterene\n|\n|upkeep\n|\n|t:|1700936872\n|switch|p2a: Ursaluna|Ursaluna, F|78\/100 brn\n|-heal|p2a: Ursaluna|100\/100|[from] move: Healing Wish\n|turn|16\n|\n|t:|1700936884\n|move|p2a: Ursaluna|Earthquake|p1a: Dragapult\n|-crit|p1a: Dragapult\n|-damage|p1a: Dragapult|0 fnt\n|faint|p1a: Dragapult\n|\n|-status|p2a: Ursaluna|brn|[from] item: Flame Orb\n|upkeep\n|\n|t:|1700936896\n|switch|p1a: Grafaiai|Grafaiai, F, shiny|14\/100\n|turn|17\n|\n|t:|1700936911\n|move|p1a: Grafaiai|Parting Shot|p2a: Ursaluna\n|-unboost|p2a: Ursaluna|atk|1\n|-unboost|p2a: Ursaluna|spa|1\n|\n|t:|1700936918\n|switch|p1a: Jolteon|Jolteon, F, shiny|34\/100|[from] Parting Shot\n|move|p2a: Ursaluna|Facade|p1a: Jolteon\n|-damage|p1a: Jolteon|0 fnt\n|faint|p1a: Jolteon\n|\n|-damage|p2a: Ursaluna|94\/100 brn|[from] brn\n|upkeep\n|\n|t:|1700936928\n|switch|p1a: Grafaiai|Grafaiai, F, shiny|14\/100\n|turn|18\n|\n|t:|1700936934\n|move|p1a: Grafaiai|Parting Shot|p2a: Ursaluna\n|-unboost|p2a: Ursaluna|atk|1\n|-unboost|p2a: Ursaluna|spa|1\n|\n|t:|1700936937\n|switch|p1a: Cinderace|Cinderace, F, shiny|51\/100|[from] Parting Shot\n|move|p2a: Ursaluna|Earthquake|p1a: Cinderace\n|-supereffective|p1a: Cinderace\n|-damage|p1a: Cinderace|0 fnt\n|faint|p1a: Cinderace\n|\n|-damage|p2a: Ursaluna|88\/100 brn|[from] brn\n|-fieldend|move: Trick Room\n|upkeep\n|\n|t:|1700936946\n|switch|p1a: Grafaiai|Grafaiai, F, shiny|14\/100\n|turn|19\n|\n|t:|1700936963\n|switch|p2a: Mimikyu|Mimikyu-Busted, M|88\/100\n|move|p1a: Grafaiai|Poison Jab|p2a: Mimikyu\n|-damage|p2a: Mimikyu|52\/100\n|\n|-heal|p1a: Grafaiai|20\/100|[from] item: Leftovers\n|upkeep\n|turn|20\n|\n|t:|1700936972\n|-terastallize|p1a: Grafaiai|Bug\n|move|p1a: Grafaiai|Poison Jab|p2a: Mimikyu\n|-damage|p2a: Mimikyu|16\/100\n|-enditem|p2a: Mimikyu|Sitrus Berry|[eat]\n|-heal|p2a: Mimikyu|41\/100|[from] item: Sitrus Berry\n|move|p2a: Mimikyu|Curse|p1a: Grafaiai\n|-start|p1a: Grafaiai|Curse|[of] p2a: Mimikyu\n|-damage|p2a: Mimikyu|0 fnt\n|faint|p2a: Mimikyu\n|\n|-heal|p1a: Grafaiai|26\/100|[from] item: Leftovers\n|-damage|p1a: Grafaiai|1\/100|[from] Curse\n|upkeep\n|\n|t:|1700936985\n|switch|p2a: Kingambit|Kingambit, F|89\/100\n|-activate|p2a: Kingambit|ability: Supreme Overlord\n|-start|p2a: Kingambit|fallen4|[silent]\n|turn|21\n|c|\u2606mixtoplu|GG\n|c|\u2606Alexander90281|una bailadita\n|c|\u2606Alexander90281|antes de morir\n|c|\u2606mixtoplu|no lo puedo tocar literalmente\n|\n|t:|1700937014\n|move|p1a: Grafaiai|Copycat|p1a: Grafaiai\n|move|p1a: Grafaiai|Curse|p1a: Grafaiai|[from]move: Copycat\n|-unboost|p1a: Grafaiai|spe|1\n|-boost|p1a: Grafaiai|atk|1\n|-boost|p1a: Grafaiai|def|1\n|move|p2a: Kingambit|Swords Dance|p2a: Kingambit\n|-boost|p2a: Kingambit|atk|2\n|\n|-heal|p1a: Grafaiai|7\/100|[from] item: Leftovers\n|-damage|p1a: Grafaiai|0 fnt|[from] Curse\n|faint|p1a: Grafaiai\n|\n|win|Alexander90281\n|upkeep\n|n|\u2606mixtoplu|mixtoplu\n|n|\u2606Alexander90281|alexander90281\n","uploadtime":1700937016,"views":0,"p1id":"mixtoplu","p2id":"alexander90281","formatid":"gen9ou","rating":0,"private":0,"password":""}