{"id":"gen9ou-1994441699","p1":"CapnTophat","p2":"Po\u2019 Boi","format":"[Gen 9] OU","log":"|j|\u2606CapnTophat\n|j|\u2606Po\u2019 Boi\n|t:|1700444346\n|gametype|singles\n|player|p1|CapnTophat|wallace|1667\n|player|p2|Po\u2019 Boi|policeman-gen4|1641\n|teamsize|p1|6\n|teamsize|p2|6\n|gen|9\n|tier|[Gen 9] OU\n|rated|\n|rule|Sleep Clause Mod: Limit one foe put to sleep\n|rule|Species Clause: Limit one of each Pok\u00e9mon\n|rule|OHKO Clause: OHKO moves are banned\n|rule|Evasion Items Clause: Evasion items are banned\n|rule|Evasion Moves Clause: Evasion moves are banned\n|rule|Endless Battle Clause: Forcing endless battles is banned\n|rule|HP Percentage Mod: HP is shown in percentages\n|clearpoke\n|poke|p1|Maushold|\n|poke|p1|Enamorus-Therian, F|\n|poke|p1|Slowking-Galar, M|\n|poke|p1|Samurott-Hisui, M|\n|poke|p1|Landorus-Therian, M|\n|poke|p1|Gholdengo|\n|poke|p2|Slowking-Galar, F|\n|poke|p2|Manaphy|\n|poke|p2|Corviknight, F|\n|poke|p2|Cetitan, F|\n|poke|p2|Dragapult, F|\n|poke|p2|Zamazenta-*|\n|teampreview\n|inactive|Battle timer is ON: inactive players will automatically lose when time's up. (requested by Po\u2019 Boi)\n|inactive|CapnTophat also wants the timer to be on.\n|\n|t:|1700444357\n|start\n|switch|p1a: Samurott|Samurott-Hisui, M|100\/100\n|switch|p2a: Dragapult|Dragapult, F, shiny|100\/100\n|turn|1\n|\n|t:|1700444364\n|move|p2a: Dragapult|U-turn|p1a: Samurott\n|-supereffective|p1a: Samurott\n|-damage|p1a: Samurott|56\/100\n|\n|t:|1700444367\n|switch|p2a: Corviknight|Corviknight, F, shiny|100\/100|[from] U-turn\n|-ability|p2a: Corviknight|Pressure\n|move|p1a: Samurott|Ceaseless Edge|p2a: Corviknight\n|-damage|p2a: Corviknight|75\/100\n|-damage|p1a: Samurott|40\/100|[from] item: Rocky Helmet|[of] p2a: Corviknight\n|-sidestart|p2: Po\u2019 Boi|Spikes\n|\n|upkeep\n|turn|2\n|\n|t:|1700444377\n|move|p1a: Samurott|Knock Off|p2a: Corviknight\n|-damage|p2a: Corviknight|47\/100\n|-damage|p1a: Samurott|23\/100|[from] item: Rocky Helmet|[of] p2a: Corviknight\n|-enditem|p2a: Corviknight|Rocky Helmet|[from] move: Knock Off|[of] p1a: Samurott\n|move|p2a: Corviknight|U-turn|p1a: Samurott\n|-supereffective|p1a: Samurott\n|-damage|p1a: Samurott|0 fnt\n|faint|p1a: Samurott\n|\n|t:|1700444387\n|switch|p2a: Zamazenta|Zamazenta, shiny|100\/100|[from] U-turn\n|-damage|p2a: Zamazenta|88\/100|[from] Spikes\n|-ability|p2a: Zamazenta|Dauntless Shield|boost\n|-boost|p2a: Zamazenta|def|1\n|\n|upkeep\n|\n|t:|1700444390\n|switch|p1a: Enamorus|Enamorus-Therian, F|100\/100\n|turn|3\n|\n|t:|1700444396\n|move|p2a: Zamazenta|Heavy Slam|p1a: Enamorus\n|-supereffective|p1a: Enamorus\n|-damage|p1a: Enamorus|3\/100\n|move|p1a: Enamorus|Earth Power|p2a: Zamazenta\n|-damage|p2a: Zamazenta|36\/100\n|\n|upkeep\n|turn|4\n|\n|t:|1700444404\n|switch|p1a: Landorus|Landorus-Therian, M|100\/100\n|-ability|p1a: Landorus|Intimidate|boost\n|-unboost|p2a: Zamazenta|atk|1\n|move|p2a: Zamazenta|Heavy Slam|p1a: Landorus\n|-damage|p1a: Landorus|82\/100\n|-damage|p2a: Zamazenta|20\/100|[from] item: Rocky Helmet|[of] p1a: Landorus\n|\n|upkeep\n|turn|5\n|\n|t:|1700444414\n|switch|p2a: Corviknight|Corviknight, F, shiny|47\/100\n|-ability|p2a: Corviknight|Pressure\n|move|p1a: Landorus|Smack Down|p2a: Corviknight\n|-damage|p2a: Corviknight|38\/100\n|-start|p2a: Corviknight|Smack Down\n|\n|upkeep\n|turn|6\n|\n|t:|1700444424\n|move|p1a: Landorus|Earthquake|p2a: Corviknight\n|-supereffective|p2a: Corviknight\n|-damage|p2a: Corviknight|0 fnt\n|faint|p2a: Corviknight\n|\n|upkeep\n|\n|t:|1700444433\n|switch|p2a: Manaphy|Manaphy|100\/100\n|-damage|p2a: Manaphy|88\/100|[from] Spikes\n|turn|7\n|\n|t:|1700444439\n|move|p2a: Manaphy|Scald|p1a: Landorus\n|-supereffective|p1a: Landorus\n|-damage|p1a: Landorus|19\/100\n|move|p1a: Landorus|U-turn|p2a: Manaphy\n|-damage|p2a: Manaphy|74\/100\n|\n|t:|1700444442\n|switch|p1a: Maushold|Maushold|100\/100|[from] U-turn\n|\n|-heal|p2a: Manaphy|80\/100|[from] item: Leftovers\n|upkeep\n|turn|8\n|\n|t:|1700444451\n|move|p1a: Maushold|Population Bomb|p2a: Manaphy\n|-damage|p2a: Manaphy|73\/100\n|-damage|p2a: Manaphy|66\/100\n|-damage|p2a: Manaphy|59\/100\n|-damage|p2a: Manaphy|51\/100\n|-damage|p2a: Manaphy|45\/100\n|-damage|p2a: Manaphy|37\/100\n|-damage|p2a: Manaphy|30\/100\n|-damage|p2a: Manaphy|23\/100\n|-damage|p2a: Manaphy|15\/100\n|-damage|p2a: Manaphy|8\/100\n|-hitcount|p2a: Manaphy|10\n|move|p2a: Manaphy|Scald|p1a: Maushold\n|-damage|p1a: Maushold|58\/100\n|\n|-heal|p2a: Manaphy|15\/100|[from] item: Leftovers\n|upkeep\n|turn|9\n|\n|t:|1700444472\n|move|p1a: Maushold|Population Bomb|p2a: Manaphy\n|-damage|p2a: Manaphy|7\/100\n|-damage|p2a: Manaphy|0 fnt\n|faint|p2a: Manaphy\n|-hitcount|p2: Manaphy|2\n|\n|upkeep\n|\n|t:|1700444484\n|switch|p2a: Zamazenta|Zamazenta, shiny|20\/100\n|-damage|p2a: Zamazenta|7\/100|[from] Spikes\n|turn|10\n|\n|t:|1700444496\n|switch|p1a: Landorus|Landorus-Therian, M|19\/100\n|-ability|p1a: Landorus|Intimidate|boost\n|-unboost|p2a: Zamazenta|atk|1\n|move|p2a: Zamazenta|Crunch|p1a: Landorus\n|-damage|p1a: Landorus|1\/100\n|-damage|p2a: Zamazenta|0 fnt|[from] item: Rocky Helmet|[of] p1a: Landorus\n|faint|p2a: Zamazenta\n|\n|upkeep\n|\n|t:|1700444509\n|switch|p2a: Dragapult|Dragapult, F, shiny|100\/100\n|-damage|p2a: Dragapult|88\/100|[from] Spikes\n|turn|11\n|\n|t:|1700444517\n|move|p2a: Dragapult|U-turn|p1a: Landorus\n|-resisted|p1a: Landorus\n|-damage|p1a: Landorus|0 fnt\n|-damage|p2a: Dragapult|72\/100|[from] item: Rocky Helmet|[of] p1a: Landorus\n|faint|p1a: Landorus\n|\n|t:|1700444523\n|switch|p2a: Slowking|Slowking-Galar, F, shiny|100\/100|[from] U-turn\n|-damage|p2a: Slowking|88\/100|[from] Spikes\n|\n|upkeep\n|\n|t:|1700444528\n|switch|p1a: Maushold|Maushold|58\/100\n|turn|12\n|\n|t:|1700444532\n|move|p1a: Maushold|Population Bomb|p2a: Slowking\n|-damage|p2a: Slowking|80\/100\n|-damage|p2a: Slowking|70\/100\n|-damage|p2a: Slowking|62\/100\n|-damage|p2a: Slowking|52\/100\n|-crit|p2a: Slowking\n|-damage|p2a: Slowking|38\/100\n|-damage|p2a: Slowking|29\/100\n|-damage|p2a: Slowking|21\/100\n|-damage|p2a: Slowking|12\/100\n|-damage|p2a: Slowking|4\/100\n|-damage|p2a: Slowking|0 fnt\n|faint|p2a: Slowking\n|-hitcount|p2: Slowking|10\n|\n|upkeep\n|\n|t:|1700444551\n|switch|p2a: Dragapult|Dragapult, F, shiny|72\/100\n|-damage|p2a: Dragapult|59\/100|[from] Spikes\n|turn|13\n|\n|t:|1700444559\n|switch|p1a: Slowking|Slowking-Galar, M|100\/100\n|move|p2a: Dragapult|Draco Meteor|p1a: Slowking\n|-damage|p1a: Slowking|29\/100\n|-unboost|p2a: Dragapult|spa|2\n|\n|upkeep\n|turn|14\n|\n|t:|1700444567\n|switch|p2a: Cetitan|Cetitan, F, shiny|100\/100\n|-damage|p2a: Cetitan|88\/100|[from] Spikes\n|switch|p1a: Enamorus|Enamorus-Therian, F|3\/100\n|\n|upkeep\n|turn|15\n|\n|t:|1700444584\n|move|p2a: Cetitan|Belly Drum|p2a: Cetitan\n|-damage|p2a: Cetitan|38\/100\n|-setboost|p2a: Cetitan|atk|6|[from] move: Belly Drum\n|-enditem|p2a: Cetitan|Sitrus Berry|[eat]\n|-heal|p2a: Cetitan|63\/100|[from] item: Sitrus Berry\n|move|p1a: Enamorus|Moonblast|p2a: Cetitan\n|-damage|p2a: Cetitan|0 fnt\n|faint|p2a: Cetitan\n|\n|upkeep\n|-message|Po\u2019 Boi forfeited.\n|\n|win|CapnTophat\n|raw|CapnTophat's rating: 1667 &rarr; <strong>1686<\/strong><br \/>(+19 for winning)\n|raw|Po\u2019 Boi's rating: 1641 &rarr; <strong>1622<\/strong><br \/>(-19 for losing)\n|l|\u2606Po\u2019 Boi\n","uploadtime":1700444605,"views":8,"p1id":"capntophat","p2id":"poboi","formatid":"gen9ou","rating":1622,"private":0,"password":""}