{"id":"gen9ou-1997826471","p1":"SkySkys","p2":"Jeusu","format":"[Gen 9] OU","log":"|j|\u2606SkySkys\n|j|\u2606Jeusu\n|t:|1700856898\n|gametype|singles\n|player|p1|SkySkys|zinnia|\n|player|p2|Jeusu|plasmagruntf|\n|teamsize|p1|6\n|teamsize|p2|6\n|gen|9\n|tier|[Gen 9] OU\n|rule|Sleep Clause Mod: Limit one foe put to sleep\n|rule|Species Clause: Limit one of each Pok\u00e9mon\n|rule|OHKO Clause: OHKO moves are banned\n|rule|Evasion Items Clause: Evasion items are banned\n|rule|Evasion Moves Clause: Evasion moves are banned\n|rule|Endless Battle Clause: Forcing endless battles is banned\n|rule|HP Percentage Mod: HP is shown in percentages\n|clearpoke\n|poke|p1|Oricorio-Pom-Pom, F|\n|poke|p1|Glimmora, M|\n|poke|p1|Iron Valiant|\n|poke|p1|Dragapult, M|\n|poke|p1|Grimmsnarl, M|\n|poke|p1|Clefable, M|\n|poke|p2|Rillaboom, M|\n|poke|p2|Iron Moth|\n|poke|p2|Dondozo, M|\n|poke|p2|Clodsire, F|\n|poke|p2|Haxorus, F|\n|poke|p2|Enamorus, F|\n|teampreview\n|c|\u2606Jeusu|gl hf\n|c|\u2606SkySkys|gl and hf\n|\n|t:|1700856951\n|start\n|switch|p1a: Grimmsnarl|Grimmsnarl, M|100\/100\n|switch|p2a: Baby Girl|Haxorus, F|100\/100\n|-ability|p2a: Baby Girl|Mold Breaker\n|turn|1\n|\n|t:|1700857035\n|switch|p2a: Iron Moth|Iron Moth|100\/100\n|move|p1a: Grimmsnarl|Reflect|p1a: Grimmsnarl\n|-sidestart|p1: SkySkys|Reflect\n|\n|upkeep\n|turn|2\n|\n|t:|1700857045\n|move|p1a: Grimmsnarl|Light Screen|p1a: Grimmsnarl\n|-sidestart|p1: SkySkys|move: Light Screen\n|move|p2a: Iron Moth|U-turn|p1a: Grimmsnarl\n|-damage|p1a: Grimmsnarl|94\/100\n|\n|t:|1700857053\n|-end|p2a: Iron Moth|Quark Drive|[silent]\n|switch|p2a: Enamorus|Enamorus, F|100\/100|[from] U-turn\n|\n|upkeep\n|turn|3\n|\n|t:|1700857063\n|switch|p1a: Dragapult|Dragapult, M|100\/100\n|move|p2a: Enamorus|Moonblast|p1a: Dragapult\n|-supereffective|p1a: Dragapult\n|-damage|p1a: Dragapult|34\/100\n|\n|-heal|p1a: Dragapult|40\/100|[from] item: Leftovers\n|upkeep\n|turn|4\n|\n|t:|1700857095\n|switch|p1a: Glimmora|Glimmora, M|100\/100\n|switch|p2a: Clodsire|Clodsire, F|100\/100\n|\n|upkeep\n|turn|5\n|\n|t:|1700857103\n|move|p1a: Glimmora|Stealth Rock|p2a: Clodsire\n|-sidestart|p2: Jeusu|move: Stealth Rock\n|move|p2a: Clodsire|Stealth Rock|p1a: Glimmora\n|-sidestart|p1: SkySkys|move: Stealth Rock\n|\n|upkeep\n|turn|6\n|\n|t:|1700857110\n|move|p1a: Glimmora|Mortal Spin|p2a: Clodsire\n|-resisted|p2a: Clodsire\n|-crit|p2a: Clodsire\n|-damage|p2a: Clodsire|98\/100\n|-sideend|p1: SkySkys|Stealth Rock|[from] move: Mortal Spin|[of] p1a: Glimmora\n|move|p2a: Clodsire|Poison Jab|p1a: Glimmora\n|-resisted|p1a: Glimmora\n|-damage|p1a: Glimmora|98\/100\n|-activate|p1a: Glimmora|ability: Toxic Debris\n|-sidestart|p2: Jeusu|move: Toxic Spikes\n|\n|-heal|p2a: Clodsire|100\/100|[from] item: Black Sludge\n|upkeep\n|turn|7\n|\n|t:|1700857120\n|switch|p1a: Oricorio|Oricorio-Pom-Pom, F|100\/100\n|move|p2a: Clodsire|Stealth Rock|p1a: Oricorio\n|-sidestart|p1: SkySkys|move: Stealth Rock\n|\n|upkeep\n|turn|8\n|\n|t:|1700857126\n|move|p1a: Oricorio|Substitute|p1a: Oricorio\n|-start|p1a: Oricorio|Substitute\n|-damage|p1a: Oricorio|76\/100\n|move|p2a: Clodsire|Toxic||[still]\n|-fail|p2a: Clodsire\n|\n|-sideend|p1: SkySkys|Reflect\n|upkeep\n|turn|9\n|\n|t:|1700857132\n|move|p1a: Oricorio|Quiver Dance|p1a: Oricorio\n|-boost|p1a: Oricorio|spa|1\n|-boost|p1a: Oricorio|spd|1\n|-boost|p1a: Oricorio|spe|1\n|move|p2a: Clodsire|Poison Jab|p1a: Oricorio\n|-crit|p1a: Oricorio\n|-end|p1a: Oricorio|Substitute\n|\n|-sideend|p1: SkySkys|move: Light Screen\n|upkeep\n|turn|10\n|\n|t:|1700857143\n|move|p1a: Oricorio|Substitute|p1a: Oricorio\n|-start|p1a: Oricorio|Substitute\n|-damage|p1a: Oricorio|51\/100\n|move|p2a: Clodsire|Poison Jab|p1a: Oricorio\n|-crit|p1a: Oricorio\n|-end|p1a: Oricorio|Substitute\n|\n|upkeep\n|turn|11\n|\n|t:|1700857150\n|move|p1a: Oricorio|Substitute|p1a: Oricorio\n|-start|p1a: Oricorio|Substitute\n|-damage|p1a: Oricorio|26\/100\n|move|p2a: Clodsire|Poison Jab|p1a: Oricorio\n|-end|p1a: Oricorio|Substitute\n|\n|upkeep\n|turn|12\n|\n|t:|1700857157\n|move|p1a: Oricorio|Air Slash|p2a: Clodsire\n|-damage|p2a: Clodsire|82\/100\n|cant|p2a: Clodsire|flinch\n|\n|-heal|p2a: Clodsire|88\/100|[from] item: Black Sludge\n|upkeep\n|turn|13\n|\n|t:|1700857167\n|move|p1a: Oricorio|Quiver Dance|p1a: Oricorio\n|-boost|p1a: Oricorio|spa|1\n|-boost|p1a: Oricorio|spd|1\n|-boost|p1a: Oricorio|spe|1\n|move|p2a: Clodsire|Poison Jab|p1a: Oricorio\n|-damage|p1a: Oricorio|0 fnt\n|faint|p1a: Oricorio\n|\n|-heal|p2a: Clodsire|94\/100|[from] item: Black Sludge\n|upkeep\n|\n|t:|1700857179\n|switch|p1a: Dragapult|Dragapult, M|40\/100\n|-damage|p1a: Dragapult|28\/100|[from] Stealth Rock\n|turn|14\n|\n|t:|1700857188\n|switch|p2a: Enamorus|Enamorus, F|100\/100\n|move|p1a: Dragapult|Phantom Force||[still]\n|-prepare|p1a: Dragapult|Phantom Force\n|\n|-heal|p1a: Dragapult|34\/100|[from] item: Leftovers\n|upkeep\n|turn|15\n|\n|t:|1700857196\n|move|p1a: Dragapult|Phantom Force|p2a: Enamorus|[from]lockedmove\n|-damage|p2a: Enamorus|28\/100\n|move|p2a: Enamorus|Moonblast|p1a: Dragapult\n|-supereffective|p1a: Dragapult\n|-damage|p1a: Dragapult|0 fnt\n|faint|p1a: Dragapult\n|\n|upkeep\n|\n|t:|1700857203\n|switch|p1a: Glimmora|Glimmora, M|98\/100\n|-damage|p1a: Glimmora|85\/100|[from] Stealth Rock\n|turn|16\n|\n|t:|1700857207\n|move|p2a: Enamorus|Earth Power|p1a: Glimmora\n|-supereffective|p1a: Glimmora\n|-damage|p1a: Glimmora|0 fnt\n|faint|p1a: Glimmora\n|\n|upkeep\n|\n|t:|1700857212\n|switch|p1a: Grimmsnarl|Grimmsnarl, M|94\/100\n|-damage|p1a: Grimmsnarl|81\/100|[from] Stealth Rock\n|turn|17\n|\n|t:|1700857219\n|switch|p2a: Clodsire|Clodsire, F|94\/100\n|-damage|p2a: Clodsire|88\/100|[from] Stealth Rock\n|-sideend|p2: Jeusu|move: Toxic Spikes|[of] p2a: Clodsire\n|move|p1a: Grimmsnarl|Light Screen|p1a: Grimmsnarl\n|-sidestart|p1: SkySkys|move: Light Screen\n|\n|-heal|p2a: Clodsire|94\/100|[from] item: Black Sludge\n|upkeep\n|turn|18\n|\n|t:|1700857230\n|move|p1a: Grimmsnarl|Reflect|p1a: Grimmsnarl\n|-sidestart|p1: SkySkys|Reflect\n|move|p2a: Clodsire|Poison Jab|p1a: Grimmsnarl\n|-supereffective|p1a: Grimmsnarl\n|-damage|p1a: Grimmsnarl|54\/100\n|-status|p1a: Grimmsnarl|psn\n|\n|-heal|p2a: Clodsire|100\/100|[from] item: Black Sludge\n|-damage|p1a: Grimmsnarl|42\/100 psn|[from] psn\n|upkeep\n|turn|19\n|\n|t:|1700857241\n|switch|p1a: Iron Valiant|Iron Valiant|100\/100\n|-damage|p1a: Iron Valiant|94\/100|[from] Stealth Rock\n|-enditem|p1a: Iron Valiant|Booster Energy\n|-activate|p1a: Iron Valiant|ability: Quark Drive|[fromitem]\n|-start|p1a: Iron Valiant|quarkdrivespe\n|move|p2a: Clodsire|Poison Jab|p1a: Iron Valiant\n|-supereffective|p1a: Iron Valiant\n|-damage|p1a: Iron Valiant|64\/100\n|\n|upkeep\n|turn|20\n|\n|t:|1700857254\n|move|p1a: Iron Valiant|Calm Mind|p1a: Iron Valiant\n|-boost|p1a: Iron Valiant|spa|1\n|-boost|p1a: Iron Valiant|spd|1\n|move|p2a: Clodsire|Poison Jab|p1a: Iron Valiant\n|-supereffective|p1a: Iron Valiant\n|-damage|p1a: Iron Valiant|37\/100\n|\n|upkeep\n|turn|21\n|\n|t:|1700857260\n|move|p1a: Iron Valiant|Calm Mind|p1a: Iron Valiant\n|-boost|p1a: Iron Valiant|spa|1\n|-boost|p1a: Iron Valiant|spd|1\n|move|p2a: Clodsire|Poison Jab|p1a: Iron Valiant\n|-supereffective|p1a: Iron Valiant\n|-damage|p1a: Iron Valiant|9\/100\n|\n|upkeep\n|turn|22\n|\n|t:|1700857268\n|move|p1a: Iron Valiant|Shadow Ball|p2a: Clodsire\n|-damage|p2a: Clodsire|87\/100\n|move|p2a: Clodsire|Poison Jab|p1a: Iron Valiant\n|-supereffective|p1a: Iron Valiant\n|-damage|p1a: Iron Valiant|0 fnt\n|faint|p1a: Iron Valiant\n|-end|p1a: Iron Valiant|Quark Drive|[silent]\n|\n|-heal|p2a: Clodsire|94\/100|[from] item: Black Sludge\n|upkeep\n|\n|t:|1700857284\n|switch|p1a: Grimmsnarl|Grimmsnarl, M|42\/100 psn\n|-damage|p1a: Grimmsnarl|29\/100 psn|[from] Stealth Rock\n|turn|23\n|\n|t:|1700857299\n|move|p1a: Grimmsnarl|Parting Shot|p2a: Clodsire\n|-unboost|p2a: Clodsire|atk|1\n|-unboost|p2a: Clodsire|spa|1\n|\n|t:|1700857303\n|switch|p1a: Clefable|Clefable, M|100\/100|[from] Parting Shot\n|move|p2a: Clodsire|Poison Jab|p1a: Clefable\n|-supereffective|p1a: Clefable\n|-damage|p1a: Clefable|89\/100\n|-status|p1a: Clefable|psn\n|\n|-heal|p1a: Clefable|95\/100 psn|[from] item: Leftovers\n|-heal|p2a: Clodsire|99\/100|[from] item: Black Sludge\n|upkeep\n|turn|24\n|\n|t:|1700857324\n|switch|p2a: Rillaboom|Rillaboom, M|100\/100\n|-damage|p2a: Rillaboom|88\/100|[from] Stealth Rock\n|-fieldstart|move: Grassy Terrain|[from] ability: Grassy Surge|[of] p2a: Rillaboom\n|move|p1a: Clefable|Cosmic Power|p1a: Clefable\n|-boost|p1a: Clefable|def|1\n|-boost|p1a: Clefable|spd|1\n|\n|-heal|p2a: Rillaboom|94\/100|[from] Grassy Terrain\n|-heal|p1a: Clefable|100\/100 psn|[from] Grassy Terrain\n|-sideend|p1: SkySkys|move: Light Screen\n|upkeep\n|turn|25\n|\n|t:|1700857343\n|move|p2a: Rillaboom|Wood Hammer|p1a: Clefable\n|-damage|p1a: Clefable|69\/100 psn\n|-damage|p2a: Rillaboom|82\/100|[from] Recoil\n|move|p1a: Clefable|Cosmic Power|p1a: Clefable\n|-boost|p1a: Clefable|def|1\n|-boost|p1a: Clefable|spd|1\n|\n|-heal|p2a: Rillaboom|88\/100|[from] Grassy Terrain\n|-heal|p1a: Clefable|75\/100 psn|[from] Grassy Terrain\n|-heal|p1a: Clefable|81\/100 psn|[from] item: Leftovers\n|-sideend|p1: SkySkys|Reflect\n|upkeep\n|turn|26\n|\n|t:|1700857354\n|move|p2a: Rillaboom|Wood Hammer|p1a: Clefable\n|-damage|p1a: Clefable|33\/100 psn\n|-damage|p2a: Rillaboom|70\/100|[from] Recoil\n|move|p1a: Clefable|Cosmic Power|p1a: Clefable\n|-boost|p1a: Clefable|def|1\n|-boost|p1a: Clefable|spd|1\n|\n|-heal|p2a: Rillaboom|76\/100|[from] Grassy Terrain\n|-heal|p1a: Clefable|40\/100 psn|[from] Grassy Terrain\n|-heal|p1a: Clefable|46\/100 psn|[from] item: Leftovers\n|upkeep\n|turn|27\n|\n|t:|1700857369\n|-terastallize|p2a: Rillaboom|Grass\n|move|p2a: Rillaboom|Wood Hammer|p1a: Clefable\n|-damage|p1a: Clefable|0 fnt\n|faint|p1a: Clefable\n|-damage|p2a: Rillaboom|59\/100|[from] Recoil\n|\n|-heal|p2a: Rillaboom|65\/100|[from] Grassy Terrain\n|upkeep\n|\n|t:|1700857380\n|switch|p1a: Grimmsnarl|Grimmsnarl, M|29\/100 psn\n|-damage|p1a: Grimmsnarl|17\/100 psn|[from] Stealth Rock\n|turn|28\n|\n|t:|1700857385\n|switch|p2a: Clodsire|Clodsire, F|99\/100\n|-damage|p2a: Clodsire|94\/100|[from] Stealth Rock\n|move|p1a: Grimmsnarl|Spirit Break|p2a: Clodsire\n|-resisted|p2a: Clodsire\n|-damage|p2a: Clodsire|76\/100\n|-unboost|p2a: Clodsire|spa|1\n|\n|-heal|p1a: Grimmsnarl|23\/100 psn|[from] Grassy Terrain\n|-heal|p2a: Clodsire|82\/100|[from] Grassy Terrain\n|-heal|p2a: Clodsire|88\/100|[from] item: Black Sludge\n|-damage|p1a: Grimmsnarl|11\/100 psn|[from] psn\n|-fieldend|move: Grassy Terrain\n|upkeep\n|turn|29\n|\n|t:|1700857397\n|move|p1a: Grimmsnarl|Spirit Break|p2a: Clodsire\n|-resisted|p2a: Clodsire\n|-damage|p2a: Clodsire|73\/100\n|-unboost|p2a: Clodsire|spa|1\n|move|p2a: Clodsire|Poison Jab|p1a: Grimmsnarl\n|-supereffective|p1a: Grimmsnarl\n|-damage|p1a: Grimmsnarl|0 fnt\n|faint|p1a: Grimmsnarl\n|\n|win|Jeusu\n","uploadtime":1700857678,"views":2,"p1id":"skyskys","p2id":"jeusu","formatid":"gen9ou","rating":0,"private":0,"password":""}