{"id":"gen9ou-1997749414","p1":"AlphacuremomX10","p2":"VikontAlu","format":"[Gen 9] OU","log":"|j|\u2606AlphacuremomX10\n|j|\u2606VikontAlu\n|t:|1700848600\n|gametype|singles\n|player|p1|AlphacuremomX10|volkner|1111\n|player|p2|VikontAlu|2|1165\n|teamsize|p1|6\n|teamsize|p2|6\n|gen|9\n|tier|[Gen 9] OU\n|rated|\n|rule|Sleep Clause Mod: Limit one foe put to sleep\n|rule|Species Clause: Limit one of each Pok\u00e9mon\n|rule|OHKO Clause: OHKO moves are banned\n|rule|Evasion Items Clause: Evasion items are banned\n|rule|Evasion Moves Clause: Evasion moves are banned\n|rule|Endless Battle Clause: Forcing endless battles is banned\n|rule|HP Percentage Mod: HP is shown in percentages\n|clearpoke\n|poke|p1|Kingambit, M|\n|poke|p1|Armarouge, F|\n|poke|p1|Greninja-*, M|\n|poke|p1|Glimmora, F|\n|poke|p1|Iron Moth|\n|poke|p1|Great Tusk|\n|poke|p2|Garganacl, F|\n|poke|p2|Great Tusk|\n|poke|p2|Gholdengo|\n|poke|p2|Iron Valiant|\n|poke|p2|Dragonite, F|\n|poke|p2|Zapdos|\n|teampreview\n|\n|t:|1700848610\n|start\n|switch|p1a: Iron Moth|Iron Moth, shiny|100\/100\n|switch|p2a: HE IS HIM|Garganacl, F|100\/100\n|-enditem|p1a: Iron Moth|Booster Energy\n|-activate|p1a: Iron Moth|ability: Quark Drive|[fromitem]\n|-start|p1a: Iron Moth|quarkdrivespe\n|turn|1\n|\n|t:|1700848627\n|move|p1a: Iron Moth|Substitute|p1a: Iron Moth\n|-start|p1a: Iron Moth|Substitute\n|-damage|p1a: Iron Moth|76\/100\n|move|p2a: HE IS HIM|Salt Cure|p1a: Iron Moth\n|-supereffective|p1a: Iron Moth\n|-end|p1a: Iron Moth|Substitute\n|\n|upkeep\n|turn|2\n|\n|t:|1700848637\n|-end|p1a: Iron Moth|Quark Drive|[silent]\n|switch|p1a: Great Tusk|Great Tusk|100\/100\n|-enditem|p1a: Great Tusk|Booster Energy\n|-activate|p1a: Great Tusk|ability: Protosynthesis|[fromitem]\n|-start|p1a: Great Tusk|protosynthesisspe\n|move|p2a: HE IS HIM|Salt Cure|p1a: Great Tusk\n|-resisted|p1a: Great Tusk\n|-damage|p1a: Great Tusk|98\/100\n|-start|p1a: Great Tusk|Salt Cure\n|\n|-damage|p1a: Great Tusk|86\/100|[from] Salt Cure\n|upkeep\n|turn|3\n|inactive|Battle timer is ON: inactive players will automatically lose when time's up. (requested by AlphacuremomX10)\n|\n|t:|1700848648\n|-terastallize|p2a: HE IS HIM|Water\n|move|p1a: Great Tusk|Bulk Up|p1a: Great Tusk\n|-boost|p1a: Great Tusk|atk|1\n|-boost|p1a: Great Tusk|def|1\n|move|p2a: HE IS HIM|Curse|p2a: HE IS HIM\n|-unboost|p2a: HE IS HIM|spe|1\n|-boost|p2a: HE IS HIM|atk|1\n|-boost|p2a: HE IS HIM|def|1\n|\n|-damage|p1a: Great Tusk|74\/100|[from] Salt Cure\n|upkeep\n|turn|4\n|\n|t:|1700848666\n|-end|p1a: Great Tusk|Protosynthesis|[silent]\n|switch|p1a: Iron Moth|Iron Moth, shiny|76\/100\n|move|p2a: HE IS HIM|Curse|p2a: HE IS HIM\n|-unboost|p2a: HE IS HIM|spe|1\n|-boost|p2a: HE IS HIM|atk|1\n|-boost|p2a: HE IS HIM|def|1\n|\n|upkeep\n|turn|5\n|\n|t:|1700848670\n|move|p1a: Iron Moth|Energy Ball|p2a: HE IS HIM\n|-supereffective|p2a: HE IS HIM\n|-damage|p2a: HE IS HIM|50\/100\n|-unboost|p2a: HE IS HIM|spd|1\n|move|p2a: HE IS HIM|Salt Cure|p1a: Iron Moth\n|-supereffective|p1a: Iron Moth\n|-damage|p1a: Iron Moth|0 fnt\n|faint|p1a: Iron Moth\n|-end|p1a: Iron Moth|Quark Drive|[silent]\n|\n|-heal|p2a: HE IS HIM|57\/100|[from] item: Leftovers\n|upkeep\n|\n|t:|1700848674\n|switch|p1a: Greninja|Greninja, M|100\/100\n|turn|6\n|\n|t:|1700848677\n|switch|p2a: Zapppiii!!|Zapdos|100\/100\n|move|p1a: Greninja|Grass Knot|p2a: Zapppiii!!\n|-resisted|p2a: Zapppiii!!\n|-damage|p2a: Zapppiii!!|90\/100\n|-damage|p1a: Greninja|91\/100|[from] item: Life Orb\n|\n|upkeep\n|turn|7\n|\n|t:|1700848680\n|move|p1a: Greninja|Ice Beam|p2a: Zapppiii!!\n|-supereffective|p2a: Zapppiii!!\n|-damage|p2a: Zapppiii!!|35\/100\n|-damage|p1a: Greninja|81\/100|[from] item: Life Orb\n|move|p2a: Zapppiii!!|Discharge|p1a: Greninja\n|-supereffective|p1a: Greninja\n|-damage|p1a: Greninja|0 fnt\n|faint|p1a: Greninja\n|\n|upkeep\n|\n|t:|1700848683\n|switch|p1a: Glimmora|Glimmora, F|100\/100\n|turn|8\n|\n|t:|1700848697\n|switch|p2a: Great Tusk|Great Tusk|100\/100\n|move|p1a: Glimmora|Stealth Rock|p2a: Great Tusk\n|-sidestart|p2: VikontAlu|move: Stealth Rock\n|\n|upkeep\n|turn|9\n|\n|t:|1700848704\n|move|p2a: Great Tusk|Headlong Rush|p1a: Glimmora\n|-supereffective|p1a: Glimmora\n|-enditem|p1a: Glimmora|Focus Sash\n|-damage|p1a: Glimmora|1\/100\n|-unboost|p2a: Great Tusk|def|1\n|-unboost|p2a: Great Tusk|spd|1\n|-activate|p1a: Glimmora|ability: Toxic Debris\n|-sidestart|p2: VikontAlu|move: Toxic Spikes\n|move|p1a: Glimmora|Mortal Spin|p2a: Great Tusk\n|-resisted|p2a: Great Tusk\n|-damage|p2a: Great Tusk|97\/100\n|-status|p2a: Great Tusk|psn\n|\n|-damage|p2a: Great Tusk|85\/100 psn|[from] psn\n|upkeep\n|turn|10\n|\n|t:|1700848709\n|move|p2a: Great Tusk|Headlong Rush|p1a: Glimmora\n|-supereffective|p1a: Glimmora\n|-damage|p1a: Glimmora|0 fnt\n|-unboost|p2a: Great Tusk|def|1\n|-unboost|p2a: Great Tusk|spd|1\n|-activate|p1a: Glimmora|ability: Toxic Debris\n|-sidestart|p2: VikontAlu|move: Toxic Spikes\n|faint|p1a: Glimmora\n|\n|-damage|p2a: Great Tusk|72\/100 psn|[from] psn\n|upkeep\n|\n|t:|1700848717\n|switch|p1a: Armarouge|Armarouge, F, shiny|100\/100\n|turn|11\n|\n|t:|1700848732\n|move|p1a: Armarouge|Endure|p1a: Armarouge\n|-singleturn|p1a: Armarouge|move: Endure\n|move|p2a: Great Tusk|Headlong Rush|p1a: Armarouge\n|-supereffective|p1a: Armarouge\n|-activate|p1a: Armarouge|move: Endure\n|-damage|p1a: Armarouge|1\/100\n|-unboost|p2a: Great Tusk|def|1\n|-unboost|p2a: Great Tusk|spd|1\n|-ability|p1a: Armarouge|Weak Armor|boost\n|-unboost|p1a: Armarouge|def|1\n|-boost|p1a: Armarouge|spe|2\n|-enditem|p1a: Armarouge|Weakness Policy\n|-boost|p1a: Armarouge|atk|2|[from] item: Weakness Policy\n|-boost|p1a: Armarouge|spa|2|[from] item: Weakness Policy\n|\n|-damage|p2a: Great Tusk|60\/100 psn|[from] psn\n|upkeep\n|turn|12\n|\n|t:|1700848740\n|move|p1a: Armarouge|Stored Power|p2a: Great Tusk\n|-supereffective|p2a: Great Tusk\n|-damage|p2a: Great Tusk|0 fnt\n|faint|p2a: Great Tusk\n|-end|p2a: Great Tusk|Protosynthesis|[silent]\n|\n|upkeep\n|\n|t:|1700848746\n|switch|p2a: Dragonite|Dragonite, F|100\/100\n|turn|13\n|\n|t:|1700848749\n|-terastallize|p1a: Armarouge|Ghost\n|move|p2a: Dragonite|Extreme Speed|p1a: Armarouge\n|-immune|p1a: Armarouge\n|move|p1a: Armarouge|Stored Power|p2a: Dragonite\n|-damage|p2a: Dragonite|32\/100\n|\n|upkeep\n|turn|14\n|\n|t:|1700848764\n|move|p1a: Armarouge|Stored Power|p2a: Dragonite\n|-damage|p2a: Dragonite|0 fnt\n|faint|p2a: Dragonite\n|\n|upkeep\n|\n|t:|1700848772\n|switch|p2a: Zapppiii!!|Zapdos|35\/100\n|turn|15\n|\n|t:|1700848774\n|move|p1a: Armarouge|Stored Power|p2a: Zapppiii!!\n|-damage|p2a: Zapppiii!!|0 fnt\n|faint|p2a: Zapppiii!!\n|\n|upkeep\n|\n|t:|1700848777\n|switch|p2a: Iron Valiant|Iron Valiant|100\/100\n|turn|16\n|\n|t:|1700848782\n|move|p1a: Armarouge|Stored Power|p2a: Iron Valiant\n|-supereffective|p2a: Iron Valiant\n|-damage|p2a: Iron Valiant|0 fnt\n|faint|p2a: Iron Valiant\n|-end|p2a: Iron Valiant|Quark Drive|[silent]\n|\n|upkeep\n|\n|t:|1700848784\n|switch|p2a: HE IS HIM|Garganacl, F, tera:Water|57\/100\n|-damage|p2a: HE IS HIM|44\/100|[from] Stealth Rock\n|turn|17\n|\n|t:|1700848787\n|move|p1a: Armarouge|Energy Ball|p2a: HE IS HIM\n|-supereffective|p2a: HE IS HIM\n|-damage|p2a: HE IS HIM|0 fnt\n|faint|p2a: HE IS HIM\n|\n|upkeep\n|\n|t:|1700848794\n|switch|p2a: GOLDENGO|Gholdengo|100\/100\n|-damage|p2a: GOLDENGO|94\/100|[from] Stealth Rock\n|-item|p2a: GOLDENGO|Air Balloon\n|turn|18\n|inactive|VikontAlu has 120 seconds left.\n|\n|t:|1700848844\n|move|p1a: Armarouge|Armor Cannon|p2a: GOLDENGO\n|-supereffective|p2a: GOLDENGO\n|-damage|p2a: GOLDENGO|0 fnt\n|-unboost|p1a: Armarouge|def|1\n|-unboost|p1a: Armarouge|spd|1\n|-enditem|p2a: GOLDENGO|Air Balloon\n|faint|p2a: GOLDENGO\n|\n|win|AlphacuremomX10\n|raw|AlphacuremomX10's rating: 1111 &rarr; <strong>1140<\/strong><br \/>(+29 for winning)\n|raw|VikontAlu's rating: 1165 &rarr; <strong>1136<\/strong><br \/>(-29 for losing)\n|l|\u2606AlphacuremomX10\n","uploadtime":1700848874,"views":1,"p1id":"alphacuremomx10","p2id":"vikontalu","formatid":"gen9ou","rating":1136,"private":0,"password":""}