{"id":"gen9ou-1989918126","p1":"Platypuzzled","p2":"HiddenChaos","format":"[Gen 9] OU","log":"|j|\u2606Platypuzzled\n|j|\u2606HiddenChaos\n|t:|1699906635\n|gametype|singles\n|player|p1|Platypuzzled|pokemaniac|1368\n|player|p2|HiddenChaos|266|1268\n|teamsize|p1|6\n|teamsize|p2|6\n|gen|9\n|tier|[Gen 9] OU\n|rated|\n|rule|Sleep Clause Mod: Limit one foe put to sleep\n|rule|Species Clause: Limit one of each Pok\u00e9mon\n|rule|OHKO Clause: OHKO moves are banned\n|rule|Evasion Items Clause: Evasion items are banned\n|rule|Evasion Moves Clause: Evasion moves are banned\n|rule|Endless Battle Clause: Forcing endless battles is banned\n|rule|HP Percentage Mod: HP is shown in percentages\n|clearpoke\n|poke|p1|Samurott-Hisui, M|\n|poke|p1|Sandy Shocks|\n|poke|p1|Kommo-o, F|\n|poke|p1|Corviknight, F|\n|poke|p1|Muk-Alola, M|\n|poke|p1|Cramorant, M|\n|poke|p2|Ribombee, M|\n|poke|p2|Ogerpon-Wellspring, F|\n|poke|p2|Iron Moth|\n|poke|p2|Kingambit, F|\n|poke|p2|Gholdengo|\n|poke|p2|Iron Valiant|\n|teampreview\n|inactive|Battle timer is ON: inactive players will automatically lose when time's up. (requested by HiddenChaos)\n|c|\u2606Platypuzzled|glhf\n|c|\u2606HiddenChaos|u too\n|\n|t:|1699906649\n|start\n|switch|p1a: Bzzzt|Sandy Shocks|100\/100\n|switch|p2a: Ribombee|Ribombee, M|100\/100\n|-enditem|p1a: Bzzzt|Booster Energy\n|-activate|p1a: Bzzzt|ability: Protosynthesis|[fromitem]\n|-start|p1a: Bzzzt|protosynthesisspe\n|turn|1\n|\n|t:|1699906657\n|move|p1a: Bzzzt|Earth Power|p2a: Ribombee\n|-resisted|p2a: Ribombee\n|-damage|p2a: Ribombee|65\/100\n|move|p2a: Ribombee|Sticky Web|p1a: Bzzzt\n|-sidestart|p1: Platypuzzled|move: Sticky Web\n|\n|upkeep\n|turn|2\n|\n|t:|1699906664\n|move|p1a: Bzzzt|Power Gem|p2a: Ribombee\n|-supereffective|p2a: Ribombee\n|-damage|p2a: Ribombee|0 fnt\n|faint|p2a: Ribombee\n|\n|upkeep\n|\n|t:|1699906675\n|switch|p2a: Ogerpon|Ogerpon-Wellspring, F|100\/100\n|turn|3\n|\n|t:|1699906686\n|move|p1a: Bzzzt|Thunderbolt|p2a: Ogerpon\n|-crit|p2a: Ogerpon\n|-damage|p2a: Ogerpon|26\/100\n|move|p2a: Ogerpon|Swords Dance|p2a: Ogerpon\n|-boost|p2a: Ogerpon|atk|2\n|\n|upkeep\n|turn|4\n|\n|t:|1699906693\n|move|p1a: Bzzzt|Thunderbolt|p2a: Ogerpon\n|-damage|p2a: Ogerpon|0 fnt\n|faint|p2a: Ogerpon\n|\n|upkeep\n|\n|t:|1699906716\n|switch|p2a: Iron Valiant|Iron Valiant|100\/100\n|-enditem|p2a: Iron Valiant|Booster Energy\n|-activate|p2a: Iron Valiant|ability: Quark Drive|[fromitem]\n|-start|p2a: Iron Valiant|quarkdrivespe\n|turn|5\n|\n|t:|1699906725\n|-terastallize|p1a: Bzzzt|Fairy\n|move|p2a: Iron Valiant|Moonblast|p1a: Bzzzt\n|-damage|p1a: Bzzzt|48\/100\n|move|p1a: Bzzzt|Tera Blast|p2a: Iron Valiant|[anim] Tera Blast Fairy\n|-supereffective|p2a: Iron Valiant\n|-damage|p2a: Iron Valiant|0 fnt\n|faint|p2a: Iron Valiant\n|-end|p2a: Iron Valiant|Quark Drive|[silent]\n|\n|upkeep\n|\n|t:|1699906735\n|switch|p2a: Kingambit|Kingambit, F|100\/100\n|-activate|p2a: Kingambit|ability: Supreme Overlord\n|-start|p2a: Kingambit|fallen3|[silent]\n|turn|6\n|\n|t:|1699906740\n|move|p1a: Bzzzt|Earth Power|p2a: Kingambit\n|-supereffective|p2a: Kingambit\n|-damage|p2a: Kingambit|0 fnt\n|faint|p2a: Kingambit\n|-end|p2a: Kingambit|fallen3|[silent]\n|\n|upkeep\n|-message|HiddenChaos forfeited.\n|\n|win|Platypuzzled\n|raw|Platypuzzled's rating: 1368 &rarr; <strong>1382<\/strong><br \/>(+14 for winning)\n|raw|HiddenChaos's rating: 1268 &rarr; <strong>1250<\/strong><br \/>(-18 for losing)\n|l|\u2606HiddenChaos\n|c|\u2606Platypuzzled|hh\n|c|\u2606Platypuzzled|gg\n","uploadtime":1699906753,"views":10,"p1id":"platypuzzled","p2id":"hiddenchaos","formatid":"gen9ou","rating":1250,"private":0,"password":""}