{"id":"gen9ou-2000583186","p1":"imfimite","p2":"HEAVY-DUTY B0OTY","format":"[Gen 9] OU","log":"|j|\u2606imfimite\n|j|\u2606HEAVY-DUTY B0OTY\n|inactive|Battle timer is ON: inactive players will automatically lose when time's up.\n|t:|1701207537\n|gametype|singles\n|player|p1|imfimite|pokemonranger-gen4|\n|player|p2|HEAVY-DUTY B0OTY|swimmerf-gen6|\n|teamsize|p1|5\n|teamsize|p2|5\n|gen|9\n|tier|[Gen 9] OU\n|rated|Tournament battle\n|rule|Sleep Clause Mod: Limit one foe put to sleep\n|rule|Species Clause: Limit one of each Pok\u00e9mon\n|rule|OHKO Clause: OHKO moves are banned\n|rule|Evasion Items Clause: Evasion items are banned\n|rule|Evasion Moves Clause: Evasion moves are banned\n|rule|Endless Battle Clause: Forcing endless battles is banned\n|rule|HP Percentage Mod: HP is shown in percentages\n|clearpoke\n|poke|p1|Skeledirge, F|\n|poke|p1|Snom, F|\n|poke|p1|Makuhita, M|\n|poke|p1|Lampent, F|\n|poke|p1|Thwackey, M|\n|poke|p2|Phantump, F|\n|poke|p2|Barraskewda, M|\n|poke|p2|Wingull, M|\n|poke|p2|Turtwig, M|\n|poke|p2|Magnemite|\n|teampreview\n|j|*Lady Monita \u2746\n|j| Agent T 37\n|c|\u2606imfimite|hey\n|c|\u2606HEAVY-DUTY B0OTY|hf\n|\n|t:|1701207564\n|start\n|switch|p1a: Makuhita|Makuhita, M|100\/100\n|switch|p2a: Wingull|Wingull, M|100\/100\n|turn|1\n|\n|t:|1701207569\n|move|p1a: Makuhita|Fake Out|p2a: Wingull\n|-damage|p2a: Wingull|59\/100\n|cant|p2a: Wingull|flinch\n|\n|-status|p1a: Makuhita|brn|[from] item: Flame Orb\n|upkeep\n|turn|2\n|\n|t:|1701207576\n|move|p2a: Wingull|Air Slash|p1a: Makuhita\n|-supereffective|p1a: Makuhita\n|-damage|p1a: Makuhita|0 fnt\n|faint|p1a: Makuhita\n|\n|upkeep\n|\n|t:|1701207586\n|switch|p1a: Lampent|Lampent, F|100\/100\n|turn|3\n|l| Agent T 37\n|\n|t:|1701207591\n|move|p2a: Wingull|Surf|p1a: Lampent\n|-supereffective|p1a: Lampent\n|-damage|p1a: Lampent|13\/100\n|move|p1a: Lampent|Psychic|p2a: Wingull\n|-damage|p2a: Wingull|0 fnt\n|faint|p2a: Wingull\n|\n|-heal|p1a: Lampent|19\/100|[from] item: Leftovers\n|upkeep\n|\n|t:|1701207597\n|switch|p2a: Barraskewda|Barraskewda, M|100\/100\n|turn|4\n|\n|t:|1701207601\n|move|p2a: Barraskewda|Flip Turn|p1a: Lampent\n|-supereffective|p1a: Lampent\n|-damage|p1a: Lampent|0 fnt\n|faint|p1a: Lampent\n|\n|t:|1701207606\n|switch|p2a: Magnemite|Magnemite|100\/100|[from] Flip Turn\n|\n|upkeep\n|\n|t:|1701207609\n|switch|p1a: Skeledirge|Skeledirge, F|100\/100\n|turn|5\n|\n|t:|1701207618\n|move|p2a: Magnemite|Volt Switch|p1a: Skeledirge\n|-damage|p1a: Skeledirge|68\/100\n|\n|t:|1701207621\n|switch|p2a: Barraskewda|Barraskewda, M|100\/100|[from] Volt Switch\n|move|p1a: Skeledirge|Torch Song|p2a: Barraskewda\n|-resisted|p2a: Barraskewda\n|-damage|p2a: Barraskewda|53\/100\n|-boost|p1a: Skeledirge|spa|1\n|\n|upkeep\n|turn|6\n|\n|t:|1701207627\n|-terastallize|p1a: Skeledirge|Grass\n|move|p2a: Barraskewda|Flip Turn|p1a: Skeledirge\n|-resisted|p1a: Skeledirge\n|-damage|p1a: Skeledirge|46\/100\n|\n|t:|1701207637\n|switch|p2a: Phantump|Phantump, F|100\/100|[from] Flip Turn\n|-item|p1a: Skeledirge|Aguav Berry|[from] ability: Frisk|[of] p2a: Phantump|[identify]\n|move|p1a: Skeledirge|Shadow Ball|p2a: Phantump\n|-supereffective|p2a: Phantump\n|-enditem|p2a: Phantump|Focus Sash\n|-damage|p2a: Phantump|1\/100\n|\n|upkeep\n|turn|7\n|\n|t:|1701207644\n|move|p2a: Phantump|Destiny Bond|p2a: Phantump\n|-singlemove|p2a: Phantump|Destiny Bond\n|move|p1a: Skeledirge|Torch Song|p2a: Phantump\n|-supereffective|p2a: Phantump\n|-damage|p2a: Phantump|0 fnt\n|-boost|p1a: Skeledirge|spa|1\n|faint|p2a: Phantump\n|-activate|p2a: Phantump|move: Destiny Bond\n|faint|p1a: Skeledirge\n|\n|upkeep\n|\n|t:|1701207653\n|switch|p2a: Magnemite|Magnemite|100\/100\n|switch|p1a: Oscarx90|Thwackey, M|100\/100\n|-fieldstart|move: Grassy Terrain|[from] ability: Grassy Surge|[of] p1a: Oscarx90\n|turn|8\n|\n|t:|1701207664\n|move|p1a: Oscarx90|Grassy Glide|p2a: Magnemite\n|-resisted|p2a: Magnemite\n|-damage|p2a: Magnemite|67\/100\n|move|p2a: Magnemite|Flash Cannon|p1a: Oscarx90\n|-damage|p1a: Oscarx90|54\/100\n|\n|-heal|p1a: Oscarx90|60\/100|[from] Grassy Terrain\n|-heal|p2a: Magnemite|73\/100|[from] Grassy Terrain\n|upkeep\n|turn|9\n|\n|t:|1701207667\n|move|p1a: Oscarx90|Drain Punch|p2a: Magnemite\n|-supereffective|p2a: Magnemite\n|-damage|p2a: Magnemite|0 fnt\n|-heal|p1a: Oscarx90|84\/100|[from] drain|[of] p2a: Magnemite\n|faint|p2a: Magnemite\n|\n|-heal|p1a: Oscarx90|90\/100|[from] Grassy Terrain\n|upkeep\n|\n|t:|1701207674\n|switch|p2a: Turtwig|Turtwig, M|100\/100\n|turn|10\n|\n|t:|1701207678\n|move|p1a: Oscarx90|Acrobatics|p2a: Turtwig\n|-supereffective|p2a: Turtwig\n|-damage|p2a: Turtwig|47\/100\n|move|p2a: Turtwig|Shell Smash|p2a: Turtwig\n|-unboost|p2a: Turtwig|def|1\n|-unboost|p2a: Turtwig|spd|1\n|-boost|p2a: Turtwig|atk|2\n|-boost|p2a: Turtwig|spa|2\n|-boost|p2a: Turtwig|spe|2\n|\n|-heal|p2a: Turtwig|53\/100|[from] Grassy Terrain\n|-heal|p1a: Oscarx90|96\/100|[from] Grassy Terrain\n|upkeep\n|turn|11\n|\n|t:|1701207686\n|-terastallize|p2a: Turtwig|Dark\n|move|p2a: Turtwig|Crunch|p1a: Oscarx90\n|-damage|p1a: Oscarx90|0 fnt\n|faint|p1a: Oscarx90\n|\n|-heal|p2a: Turtwig|59\/100|[from] Grassy Terrain\n|upkeep\n|\n|t:|1701207690\n|switch|p1a: Snom|Snom, F|100\/100\n|turn|12\n|\n|t:|1701207692\n|move|p2a: Turtwig|Seed Bomb|p1a: Snom\n|-resisted|p1a: Snom\n|-enditem|p1a: Snom|Focus Sash\n|-damage|p1a: Snom|1\/100\n|move|p1a: Snom|Icy Wind|p2a: Turtwig\n|-damage|p2a: Turtwig|0 fnt\n|faint|p2a: Turtwig\n|\n|-heal|p1a: Snom|7\/100|[from] Grassy Terrain\n|-fieldend|move: Grassy Terrain\n|upkeep\n|\n|t:|1701207695\n|switch|p2a: Barraskewda|Barraskewda, M|53\/100\n|turn|13\n|c|\u2606HEAVY-DUTY B0OTY|gg\n|c|\u2606imfimite|gg\n|\n|t:|1701207704\n|move|p1a: Snom|Protect|p1a: Snom\n|-singleturn|p1a: Snom|Protect\n|move|p2a: Barraskewda|Liquidation|p1a: Snom\n|-activate|p1a: Snom|move: Protect\n|\n|upkeep\n|turn|14\n|\n|t:|1701207709\n|move|p2a: Barraskewda|Liquidation|p1a: Snom\n|-damage|p1a: Snom|0 fnt\n|faint|p1a: Snom\n|\n|win|HEAVY-DUTY B0OTY\n|n|\u2606imfimite|imfimite\n|n|\u2606HEAVY-DUTY B0OTY|heavydutyb0oty\n|n|*Lady Monita \u2746|ladymonita\n","uploadtime":1701207710,"views":8,"p1id":"imfimite","p2id":"heavydutyb0oty","formatid":"gen9ou","rating":0,"private":0,"password":""}