{"id":"gen9ou-1990011940","p1":"Greatdaysbestintro","p2":"Ninetails is Uber","format":"[Gen 9] OU","log":"|j|\u2606Greatdaysbestintro\n|j|\u2606Ninetails is Uber\n|t:|1699915238\n|gametype|singles\n|player|p1|Greatdaysbestintro|1|1551\n|player|p2|Ninetails is Uber|winona|1586\n|teamsize|p1|6\n|teamsize|p2|6\n|gen|9\n|tier|[Gen 9] OU\n|rated|\n|rule|Sleep Clause Mod: Limit one foe put to sleep\n|rule|Species Clause: Limit one of each Pok\u00e9mon\n|rule|OHKO Clause: OHKO moves are banned\n|rule|Evasion Items Clause: Evasion items are banned\n|rule|Evasion Moves Clause: Evasion moves are banned\n|rule|Endless Battle Clause: Forcing endless battles is banned\n|rule|HP Percentage Mod: HP is shown in percentages\n|clearpoke\n|poke|p1|Pelipper, M|\n|poke|p1|Goodra-Hisui, M|\n|poke|p1|Kilowattrel, M|\n|poke|p1|Basculegion, M|\n|poke|p1|Maushold|\n|poke|p1|Great Tusk|\n|poke|p2|Ninetales-Alola, F|\n|poke|p2|Klefki, M|\n|poke|p2|Sneasler, M|\n|poke|p2|Manaphy|\n|poke|p2|Articuno-Galar|\n|poke|p2|Ogerpon-Wellspring, F|\n|teampreview\n|inactive|Battle timer is ON: inactive players will automatically lose when time's up. (requested by Ninetails is Uber)\n|\n|t:|1699915254\n|start\n|switch|p1a: Maushold|Maushold|100\/100\n|switch|p2a: Klefki|Klefki, M|100\/100\n|turn|1\n|inactive|Greatdaysbestintro has 120 seconds left.\n|l|\u2606Greatdaysbestintro\n|inactive|Greatdaysbestintro disconnected and has a minute to reconnect!\n|player|p1|\n|j|\u2606Greatdaysbestintro\n|inactive|Greatdaysbestintro reconnected and has 85 seconds left.\n|player|p1|Greatdaysbestintro|1\n|\n|t:|1699915325\n|move|p2a: Klefki|Reflect|p2a: Klefki\n|-sidestart|p2: Ninetails is Uber|Reflect\n|move|p1a: Maushold|Tidy Up|p1a: Maushold\n|-boost|p1a: Maushold|atk|1\n|-boost|p1a: Maushold|spe|1\n|\n|upkeep\n|turn|2\n|\n|t:|1699915330\n|move|p2a: Klefki|Thunder Wave|p1a: Maushold\n|-status|p1a: Maushold|par\n|cant|p1a: Maushold|par\n|\n|upkeep\n|turn|3\n|\n|t:|1699915344\n|switch|p2a: Ninetales|Ninetales-Alola, F|100\/100\n|-weather|Snow|[from] ability: Snow Warning|[of] p2a: Ninetales\n|move|p1a: Maushold|Encore||[still]\n|-fail|p1a: Maushold\n|\n|-weather|Snow|[upkeep]\n|upkeep\n|turn|4\n|\n|t:|1699915358\n|move|p2a: Ninetales|Encore||[still]\n|-fail|p2a: Ninetales\n|move|p1a: Maushold|Encore||[still]\n|-fail|p1a: Maushold\n|\n|-weather|Snow|[upkeep]\n|upkeep\n|turn|5\n|\n|t:|1699915365\n|move|p2a: Ninetales|Freeze-Dry|p1a: Maushold\n|-damage|p1a: Maushold|68\/100 par\n|cant|p1a: Maushold|par\n|\n|-weather|Snow|[upkeep]\n|upkeep\n|turn|6\n|\n|t:|1699915370\n|move|p2a: Ninetales|Freeze-Dry|p1a: Maushold\n|-damage|p1a: Maushold|37\/100 par\n|cant|p1a: Maushold|par\n|\n|-weather|Snow|[upkeep]\n|upkeep\n|turn|7\n|c|\u2606Greatdaysbestintro|Bro\n|\n|t:|1699915392\n|move|p2a: Ninetales|Freeze-Dry|p1a: Maushold\n|-damage|p1a: Maushold|6\/100 par\n|move|p1a: Maushold|Tidy Up|p1a: Maushold\n|-boost|p1a: Maushold|atk|1\n|-boost|p1a: Maushold|spe|1\n|\n|-weather|none\n|upkeep\n|turn|8\n|\n|t:|1699915402\n|move|p1a: Maushold|Population Bomb|p2a: Ninetales\n|-damage|p2a: Ninetales|89\/100\n|-damage|p2a: Ninetales|75\/100\n|-damage|p2a: Ninetales|64\/100\n|-damage|p2a: Ninetales|52\/100\n|-damage|p2a: Ninetales|40\/100\n|-damage|p2a: Ninetales|27\/100\n|-damage|p2a: Ninetales|15\/100\n|-damage|p2a: Ninetales|3\/100\n|-damage|p2a: Ninetales|0 fnt\n|faint|p2a: Ninetales\n|-hitcount|p2: Ninetales|9\n|\n|-sideend|p2: Ninetails is Uber|Reflect\n|upkeep\n|\n|t:|1699915416\n|switch|p2a: Klefki|Klefki, M|100\/100\n|turn|9\n|\n|t:|1699915421\n|move|p2a: Klefki|Reflect|p2a: Klefki\n|-sidestart|p2: Ninetails is Uber|Reflect\n|move|p1a: Maushold|Population Bomb|p2a: Klefki\n|-resisted|p2a: Klefki\n|-damage|p2a: Klefki|95\/100\n|-resisted|p2a: Klefki\n|-damage|p2a: Klefki|90\/100\n|-resisted|p2a: Klefki\n|-damage|p2a: Klefki|84\/100\n|-resisted|p2a: Klefki\n|-damage|p2a: Klefki|79\/100\n|-resisted|p2a: Klefki\n|-damage|p2a: Klefki|73\/100\n|-resisted|p2a: Klefki\n|-damage|p2a: Klefki|67\/100\n|-resisted|p2a: Klefki\n|-crit|p2a: Klefki\n|-damage|p2a: Klefki|52\/100\n|-resisted|p2a: Klefki\n|-damage|p2a: Klefki|46\/100\n|-resisted|p2a: Klefki\n|-damage|p2a: Klefki|41\/100\n|-resisted|p2a: Klefki\n|-damage|p2a: Klefki|35\/100\n|-hitcount|p2a: Klefki|10\n|\n|upkeep\n|turn|10\n|inactive|Greatdaysbestintro has 120 seconds left.\n|\n|t:|1699915439\n|move|p2a: Klefki|Light Screen|p2a: Klefki\n|-sidestart|p2: Ninetails is Uber|move: Light Screen\n|cant|p1a: Maushold|par\n|\n|upkeep\n|turn|11\n|\n|t:|1699915448\n|switch|p2a: Ogerpon|Ogerpon-Wellspring, F|100\/100\n|move|p1a: Maushold|Tidy Up|p1a: Maushold\n|-boost|p1a: Maushold|atk|1\n|-boost|p1a: Maushold|spe|1\n|\n|upkeep\n|turn|12\n|\n|t:|1699915454\n|move|p1a: Maushold|Population Bomb|p2a: Ogerpon\n|-damage|p2a: Ogerpon|86\/100\n|-damage|p2a: Ogerpon|71\/100\n|-damage|p2a: Ogerpon|57\/100\n|-damage|p2a: Ogerpon|42\/100\n|-damage|p2a: Ogerpon|26\/100\n|-damage|p2a: Ogerpon|12\/100\n|-damage|p2a: Ogerpon|0 fnt\n|faint|p2a: Ogerpon\n|-hitcount|p2: Ogerpon|7\n|\n|upkeep\n|\n|t:|1699915465\n|switch|p2a: Manaphy|Manaphy, shiny|100\/100\n|turn|13\n|\n|t:|1699915469\n|move|p1a: Maushold|Population Bomb|p2a: Manaphy\n|-damage|p2a: Manaphy|89\/100\n|-damage|p2a: Manaphy|78\/100\n|-damage|p2a: Manaphy|67\/100\n|-damage|p2a: Manaphy|54\/100\n|-damage|p2a: Manaphy|42\/100\n|-damage|p2a: Manaphy|31\/100\n|-damage|p2a: Manaphy|20\/100\n|-damage|p2a: Manaphy|8\/100\n|-damage|p2a: Manaphy|0 fnt\n|faint|p2a: Manaphy\n|-hitcount|p2: Manaphy|9\n|\n|upkeep\n|\n|t:|1699915482\n|switch|p2a: Sneasler|Sneasler, M|100\/100\n|-item|p2a: Sneasler|Air Balloon\n|turn|14\n|\n|t:|1699915486\n|move|p1a: Maushold|Population Bomb|p2a: Sneasler\n|-damage|p2a: Sneasler|83\/100\n|-enditem|p2a: Sneasler|Air Balloon\n|-damage|p2a: Sneasler|65\/100\n|-damage|p2a: Sneasler|49\/100\n|-damage|p2a: Sneasler|32\/100\n|-crit|p2a: Sneasler\n|-damage|p2a: Sneasler|0 fnt\n|faint|p2a: Sneasler\n|-hitcount|p2: Sneasler|5\n|\n|upkeep\n|\n|t:|1699915496\n|switch|p2a: Articuno|Articuno-Galar, shiny|100\/100\n|turn|15\n|\n|t:|1699915499\n|move|p1a: Maushold|Population Bomb|p2a: Articuno\n|-damage|p2a: Articuno|87\/100\n|-damage|p2a: Articuno|75\/100\n|-damage|p2a: Articuno|62\/100\n|-damage|p2a: Articuno|49\/100\n|-damage|p2a: Articuno|36\/100\n|-damage|p2a: Articuno|23\/100\n|-damage|p2a: Articuno|10\/100\n|-damage|p2a: Articuno|0 fnt\n|faint|p2a: Articuno\n|-hitcount|p2: Articuno|8\n|\n|upkeep\n|inactive|Ninetails is Uber has 120 seconds left.\n|inactive|Ninetails is Uber has 90 seconds left.\n|inactive|Ninetails is Uber has 60 seconds left.\n|inactive|Ninetails is Uber has 30 seconds left.\n|inactive|Ninetails is Uber has 20 seconds left.\n|inactive|Ninetails is Uber has 15 seconds left.\n|inactive|Ninetails is Uber has 10 seconds left.\n|inactive|Ninetails is Uber has 5 seconds left.\n|-message|Ninetails is Uber lost due to inactivity.\n|\n|win|Greatdaysbestintro\n|raw|Greatdaysbestintro's rating: 1551 &rarr; <strong>1573<\/strong><br \/>(+22 for winning)\n|raw|Ninetails is Uber's rating: 1586 &rarr; <strong>1564<\/strong><br \/>(-22 for losing)\n","uploadtime":1699915655,"views":9,"p1id":"greatdaysbestintro","p2id":"ninetailsisuber","formatid":"gen9ou","rating":1564,"private":0,"password":""}