{"id":"gen9ou-1995077619","p1":"PLAYB0I R0BBIE B","p2":"SteamSkull9137","format":"[Gen 9] OU","log":"|j|\u2606PLAYB0I R0BBIE B\n|j|\u2606SteamSkull9137\n|t:|1700520091\n|gametype|singles\n|player|p1|PLAYB0I R0BBIE B|eusine|1354\n|player|p2|SteamSkull9137|gentleman-gen4|1391\n|teamsize|p1|6\n|teamsize|p2|6\n|gen|9\n|tier|[Gen 9] OU\n|rated|\n|rule|Sleep Clause Mod: Limit one foe put to sleep\n|rule|Species Clause: Limit one of each Pok\u00e9mon\n|rule|OHKO Clause: OHKO moves are banned\n|rule|Evasion Items Clause: Evasion items are banned\n|rule|Evasion Moves Clause: Evasion moves are banned\n|rule|Endless Battle Clause: Forcing endless battles is banned\n|rule|HP Percentage Mod: HP is shown in percentages\n|clearpoke\n|poke|p1|Meowscarada, F|\n|poke|p1|Heatran, F|\n|poke|p1|Thundurus-Therian, M|\n|poke|p1|Dragapult, F|\n|poke|p1|Great Tusk|\n|poke|p1|Azumarill, F|\n|poke|p2|Clodsire, M|\n|poke|p2|Great Tusk|\n|poke|p2|Gholdengo|\n|poke|p2|Clefable, F|\n|poke|p2|Ogerpon-Wellspring, F|\n|poke|p2|Iron Moth|\n|teampreview\n|inactive|Battle timer is ON: inactive players will automatically lose when time's up. (requested by SteamSkull9137)\n|\n|t:|1700520101\n|start\n|switch|p1a: SICKO MODE|Meowscarada, F|100\/100\n|switch|p2a: Clefable|Clefable, F|100\/100\n|turn|1\n|\n|t:|1700520107\n|move|p2a: Clefable|Protect|p2a: Clefable\n|-singleturn|p2a: Clefable|Protect\n|move|p1a: SICKO MODE|Flower Trick|p2a: Clefable\n|-start|p1a: SICKO MODE|typechange|Grass|[from] ability: Protean\n|-activate|p2a: Clefable|move: Protect\n|\n|upkeep\n|turn|2\n|\n|t:|1700520117\n|switch|p1a: 5% TINT|Heatran, F|100\/100\n|-item|p1a: 5% TINT|Air Balloon\n|move|p2a: Clefable|Stealth Rock|p1a: 5% TINT\n|-sidestart|p1: PLAYB0I R0BBIE B|move: Stealth Rock\n|\n|upkeep\n|turn|3\n|\n|t:|1700520122\n|move|p1a: 5% TINT|Magma Storm|p2a: Clefable\n|-damage|p2a: Clefable|53\/100\n|-activate|p2a: Clefable|move: Magma Storm|[of] p1a: 5% TINT\n|move|p2a: Clefable|Moonblast|p1a: 5% TINT\n|-resisted|p1a: 5% TINT\n|-damage|p1a: 5% TINT|93\/100\n|-enditem|p1a: 5% TINT|Air Balloon\n|\n|-heal|p2a: Clefable|59\/100|[from] item: Leftovers\n|upkeep\n|turn|4\n|\n|t:|1700520126\n|move|p1a: 5% TINT|Taunt|p2a: Clefable\n|-start|p2a: Clefable|move: Taunt\n|cant|p2a: Clefable|move: Taunt|Wish\n|\n|-heal|p2a: Clefable|65\/100|[from] item: Leftovers\n|upkeep\n|turn|5\n|\n|t:|1700520133\n|move|p1a: 5% TINT|Magma Storm|p2a: Clefable\n|-damage|p2a: Clefable|11\/100\n|move|p2a: Clefable|Moonblast|p1a: 5% TINT\n|-resisted|p1a: 5% TINT\n|-damage|p1a: 5% TINT|87\/100\n|-unboost|p1a: 5% TINT|spa|1\n|\n|-heal|p2a: Clefable|17\/100|[from] item: Leftovers\n|upkeep\n|turn|6\n|\n|t:|1700520137\n|move|p1a: 5% TINT|Earth Power|p2a: Clefable\n|-crit|p2a: Clefable\n|-damage|p2a: Clefable|0 fnt\n|faint|p2a: Clefable\n|\n|upkeep\n|\n|t:|1700520146\n|switch|p2a: Ogerpon|Ogerpon-Wellspring, F|100\/100\n|turn|7\n|\n|t:|1700520150\n|switch|p1a: NO BYSTANDERS|Dragapult, F|100\/100\n|move|p2a: Ogerpon|Play Rough|p1a: NO BYSTANDERS\n|-supereffective|p1a: NO BYSTANDERS\n|-damage|p1a: NO BYSTANDERS|0 fnt\n|faint|p1a: NO BYSTANDERS\n|\n|upkeep\n|\n|t:|1700520155\n|switch|p1a: SICKO MODE|Meowscarada, F|100\/100\n|-damage|p1a: SICKO MODE|88\/100|[from] Stealth Rock\n|turn|8\n|\n|t:|1700520166\n|switch|p2a: Great Tusk|Great Tusk|100\/100\n|move|p1a: SICKO MODE|U-turn|p2a: Great Tusk\n|-start|p1a: SICKO MODE|typechange|Bug|[from] ability: Protean\n|-resisted|p2a: Great Tusk\n|-damage|p2a: Great Tusk|88\/100\n|\n|t:|1700520170\n|switch|p1a: CAN'T SAY|Azumarill, F|100\/100|[from] U-turn\n|-damage|p1a: CAN'T SAY|88\/100|[from] Stealth Rock\n|\n|-heal|p2a: Great Tusk|95\/100|[from] item: Leftovers\n|upkeep\n|turn|9\n|\n|t:|1700520181\n|-end|p2a: Great Tusk|Protosynthesis|[silent]\n|switch|p2a: Clodsire|Clodsire, M|100\/100\n|move|p1a: CAN'T SAY|Play Rough|p2a: Clodsire|[miss]\n|-miss|p1a: CAN'T SAY|p2a: Clodsire\n|\n|upkeep\n|turn|10\n|\n|t:|1700520188\n|move|p1a: CAN'T SAY|Ice Spinner|p2a: Clodsire\n|-supereffective|p2a: Clodsire\n|-damage|p2a: Clodsire|23\/100\n|move|p2a: Clodsire|Toxic|p1a: CAN'T SAY\n|-status|p1a: CAN'T SAY|tox\n|\n|-heal|p2a: Clodsire|29\/100|[from] item: Leftovers\n|-damage|p1a: CAN'T SAY|82\/100 tox|[from] psn\n|upkeep\n|turn|11\n|\n|t:|1700520197\n|switch|p2a: Gholdengo|Gholdengo|100\/100\n|move|p1a: CAN'T SAY|Ice Spinner|p2a: Gholdengo\n|-resisted|p2a: Gholdengo\n|-damage|p2a: Gholdengo|84\/100\n|\n|-damage|p1a: CAN'T SAY|70\/100 tox|[from] psn\n|upkeep\n|turn|12\n|\n|t:|1700520203\n|move|p2a: Gholdengo|Make It Rain|p1a: CAN'T SAY\n|-damage|p1a: CAN'T SAY|34\/100 tox\n|-unboost|p2a: Gholdengo|spa|1\n|move|p1a: CAN'T SAY|Liquidation|p2a: Gholdengo\n|-damage|p2a: Gholdengo|34\/100\n|\n|-damage|p1a: CAN'T SAY|15\/100 tox|[from] psn\n|upkeep\n|turn|13\n|\n|t:|1700520215\n|move|p1a: CAN'T SAY|Aqua Jet|p2a: Gholdengo\n|-damage|p2a: Gholdengo|9\/100\n|move|p2a: Gholdengo|Recover|p2a: Gholdengo\n|-heal|p2a: Gholdengo|59\/100\n|\n|-damage|p1a: CAN'T SAY|0 fnt|[from] psn\n|faint|p1a: CAN'T SAY\n|upkeep\n|\n|t:|1700520219\n|switch|p1a: SICKO MODE|Meowscarada, F|88\/100\n|-damage|p1a: SICKO MODE|76\/100|[from] Stealth Rock\n|turn|14\n|\n|t:|1700520228\n|switch|p2a: Clodsire|Clodsire, M|29\/100\n|move|p1a: SICKO MODE|Knock Off|p2a: Clodsire\n|-start|p1a: SICKO MODE|typechange|Dark|[from] ability: Protean\n|-damage|p2a: Clodsire|0 fnt\n|-enditem|p2a: Clodsire|Leftovers|[from] move: Knock Off|[of] p1a: SICKO MODE\n|faint|p2a: Clodsire\n|\n|upkeep\n|\n|t:|1700520234\n|switch|p2a: Great Tusk|Great Tusk|95\/100\n|turn|15\n|\n|t:|1700520241\n|switch|p1a: YOSEMITE|Great Tusk|100\/100\n|move|p2a: Great Tusk|Ice Spinner|p1a: YOSEMITE\n|-supereffective|p1a: YOSEMITE\n|-damage|p1a: YOSEMITE|69\/100\n|\n|-heal|p2a: Great Tusk|100\/100|[from] item: Leftovers\n|upkeep\n|turn|16\n|\n|t:|1700520247\n|move|p1a: YOSEMITE|Rapid Spin|p2a: Great Tusk\n|-damage|p2a: Great Tusk|93\/100\n|-boost|p1a: YOSEMITE|spe|1\n|-sideend|p1: PLAYB0I R0BBIE B|Stealth Rock|[from] move: Rapid Spin|[of] p1a: YOSEMITE\n|move|p2a: Great Tusk|Rapid Spin|p1a: YOSEMITE\n|-crit|p1a: YOSEMITE\n|-damage|p1a: YOSEMITE|54\/100\n|-boost|p2a: Great Tusk|spe|1\n|\n|-heal|p2a: Great Tusk|99\/100|[from] item: Leftovers\n|upkeep\n|turn|17\n|\n|t:|1700520252\n|move|p1a: YOSEMITE|Ice Spinner|p2a: Great Tusk\n|-supereffective|p2a: Great Tusk\n|-damage|p2a: Great Tusk|71\/100\n|move|p2a: Great Tusk|Rapid Spin|p1a: YOSEMITE\n|-damage|p1a: YOSEMITE|43\/100\n|-boost|p2a: Great Tusk|spe|1\n|\n|-heal|p2a: Great Tusk|77\/100|[from] item: Leftovers\n|upkeep\n|turn|18\n|\n|t:|1700520255\n|move|p1a: YOSEMITE|Ice Spinner|p2a: Great Tusk\n|-supereffective|p2a: Great Tusk\n|-damage|p2a: Great Tusk|53\/100\n|move|p2a: Great Tusk|Ice Spinner|p1a: YOSEMITE\n|-supereffective|p1a: YOSEMITE\n|-damage|p1a: YOSEMITE|12\/100\n|\n|-heal|p2a: Great Tusk|59\/100|[from] item: Leftovers\n|upkeep\n|turn|19\n|\n|t:|1700520261\n|move|p1a: YOSEMITE|Ice Spinner|p2a: Great Tusk\n|-supereffective|p2a: Great Tusk\n|-damage|p2a: Great Tusk|33\/100\n|move|p2a: Great Tusk|Ice Spinner|p1a: YOSEMITE\n|-supereffective|p1a: YOSEMITE\n|-damage|p1a: YOSEMITE|0 fnt\n|faint|p1a: YOSEMITE\n|-end|p1a: YOSEMITE|Protosynthesis|[silent]\n|\n|-heal|p2a: Great Tusk|39\/100|[from] item: Leftovers\n|upkeep\n|-message|PLAYB0I R0BBIE B forfeited.\n|\n|win|SteamSkull9137\n|raw|PLAYB0I R0BBIE B's rating: 1354 &rarr; <strong>1336<\/strong><br \/>(-18 for losing)\n|raw|SteamSkull9137's rating: 1391 &rarr; <strong>1409<\/strong><br \/>(+18 for winning)\n|l|\u2606PLAYB0I R0BBIE B\n","uploadtime":1700520280,"views":13,"p1id":"playb0ir0bbieb","p2id":"steamskull9137","formatid":"gen9ou","rating":1336,"private":0,"password":""}