{"id":"gen9ou-1995362072","p1":"zxyuiop","p2":"xaminn","format":"[Gen 9] OU","log":"|j|\u2606zxyuiop\n|j|\u2606xaminn\n|t:|1700560016\n|gametype|singles\n|player|p1|zxyuiop|picnicker|1114\n|player|p2|xaminn|1|1118\n|teamsize|p1|6\n|teamsize|p2|6\n|gen|9\n|tier|[Gen 9] OU\n|rated|\n|rule|Sleep Clause Mod: Limit one foe put to sleep\n|rule|Species Clause: Limit one of each Pok\u00e9mon\n|rule|OHKO Clause: OHKO moves are banned\n|rule|Evasion Items Clause: Evasion items are banned\n|rule|Evasion Moves Clause: Evasion moves are banned\n|rule|Endless Battle Clause: Forcing endless battles is banned\n|rule|HP Percentage Mod: HP is shown in percentages\n|clearpoke\n|poke|p1|Tyranitar, F|\n|poke|p1|Gastrodon, M|\n|poke|p1|Scizor, M|\n|poke|p1|Chandelure, M|\n|poke|p1|Corviknight, F|\n|poke|p1|Landorus-Therian, M|\n|poke|p2|Kingambit, F|\n|poke|p2|Great Tusk|\n|poke|p2|Dragapult, M|\n|poke|p2|Ogerpon-Wellspring, F|\n|poke|p2|Blissey, F|\n|poke|p2|Zapdos|\n|teampreview\n|\n|t:|1700560032\n|start\n|switch|p1a: Landorus|Landorus-Therian, M, shiny|100\/100\n|switch|p2a: Ogerpon|Ogerpon-Wellspring, F|100\/100\n|-ability|p1a: Landorus|Intimidate|boost\n|-unboost|p2a: Ogerpon|atk|1\n|turn|1\n|\n|t:|1700560045\n|move|p2a: Ogerpon|U-turn|p1a: Landorus\n|-resisted|p1a: Landorus\n|-damage|p1a: Landorus|90\/100\n|\n|t:|1700560063\n|switch|p2a: Great Tusk|Great Tusk|100\/100|[from] U-turn\n|move|p1a: Landorus|Stealth Rock|p2a: Great Tusk\n|-sidestart|p2: xaminn|move: Stealth Rock\n|\n|upkeep\n|turn|2\n|\n|t:|1700560080\n|switch|p1a: Scizor|Scizor, M, shiny|100\/100\n|move|p2a: Great Tusk|Knock Off|p1a: Scizor\n|-damage|p1a: Scizor|75\/100\n|-enditem|p1a: Scizor|Choice Band|[from] move: Knock Off|[of] p2a: Great Tusk\n|\n|upkeep\n|turn|3\n|\n|t:|1700560094\n|move|p2a: Great Tusk|Rapid Spin|p1a: Scizor\n|-resisted|p1a: Scizor\n|-damage|p1a: Scizor|67\/100\n|-boost|p2a: Great Tusk|spe|1\n|-sideend|p2: xaminn|Stealth Rock|[from] move: Rapid Spin|[of] p2a: Great Tusk\n|move|p1a: Scizor|Close Combat|p2a: Great Tusk\n|-damage|p2a: Great Tusk|72\/100\n|-unboost|p1a: Scizor|def|1\n|-unboost|p1a: Scizor|spd|1\n|\n|-heal|p2a: Great Tusk|78\/100|[from] item: Leftovers\n|upkeep\n|turn|4\n|\n|t:|1700560110\n|switch|p1a: Corviknight|Corviknight, F, shiny|100\/100\n|move|p2a: Great Tusk|Bulk Up|p2a: Great Tusk\n|-boost|p2a: Great Tusk|atk|1\n|-boost|p2a: Great Tusk|def|1\n|\n|-heal|p2a: Great Tusk|84\/100|[from] item: Leftovers\n|upkeep\n|turn|5\n|\n|t:|1700560124\n|-end|p2a: Great Tusk|Protosynthesis|[silent]\n|switch|p2a: Zapdos|Zapdos|100\/100\n|move|p1a: Corviknight|U-turn|p2a: Zapdos\n|-resisted|p2a: Zapdos\n|-damage|p2a: Zapdos|94\/100\n|-status|p1a: Corviknight|par|[from] ability: Static|[of] p2a: Zapdos\n|\n|t:|1700560131\n|switch|p1a: Tyranitar|Tyranitar, F, shiny|100\/100|[from] U-turn\n|-weather|Sandstorm|[from] ability: Sand Stream|[of] p1a: Tyranitar\n|\n|-weather|Sandstorm|[upkeep]\n|-damage|p2a: Zapdos|88\/100|[from] Sandstorm\n|upkeep\n|turn|6\n|\n|t:|1700560141\n|move|p2a: Zapdos|Volt Switch|p1a: Tyranitar\n|-damage|p1a: Tyranitar|85\/100\n|\n|t:|1700560156\n|switch|p2a: Great Tusk|Great Tusk|84\/100|[from] Volt Switch\n|move|p1a: Tyranitar|Knock Off|p2a: Great Tusk\n|-resisted|p2a: Great Tusk\n|-damage|p2a: Great Tusk|56\/100\n|-enditem|p2a: Great Tusk|Leftovers|[from] move: Knock Off|[of] p1a: Tyranitar\n|\n|-weather|Sandstorm|[upkeep]\n|upkeep\n|turn|7\n|\n|t:|1700560168\n|switch|p1a: Landorus|Landorus-Therian, M, shiny|90\/100\n|-ability|p1a: Landorus|Intimidate|boost\n|-unboost|p2a: Great Tusk|atk|1\n|move|p2a: Great Tusk|Earthquake|p1a: Landorus\n|-immune|p1a: Landorus\n|\n|-weather|Sandstorm|[upkeep]\n|upkeep\n|turn|8\n|\n|t:|1700560177\n|move|p1a: Landorus|Grass Knot|p2a: Great Tusk\n|-supereffective|p2a: Great Tusk\n|-damage|p2a: Great Tusk|0 fnt\n|faint|p2a: Great Tusk\n|-end|p2a: Great Tusk|Protosynthesis|[silent]\n|\n|-weather|Sandstorm|[upkeep]\n|upkeep\n|\n|t:|1700560183\n|switch|p2a: Ogerpon|Ogerpon-Wellspring, F|100\/100\n|turn|9\n|\n|t:|1700560188\n|move|p2a: Ogerpon|Ivy Cudgel|p1a: Landorus|[anim] Ivy Cudgel Water\n|-supereffective|p1a: Landorus\n|-damage|p1a: Landorus|0 fnt\n|faint|p1a: Landorus\n|\n|-weather|none\n|upkeep\n|\n|t:|1700560199\n|switch|p1a: Chandelure|Chandelure, M, shiny|100\/100\n|turn|10\n|\n|t:|1700560207\n|switch|p2a: Blissey|Blissey, F|100\/100\n|-terastallize|p1a: Chandelure|Grass\n|move|p1a: Chandelure|Energy Ball|p2a: Blissey\n|-damage|p2a: Blissey|82\/100\n|\n|upkeep\n|turn|11\n|\n|t:|1700560226\n|switch|p1a: Tyranitar|Tyranitar, F, shiny|85\/100\n|-weather|Sandstorm|[from] ability: Sand Stream|[of] p1a: Tyranitar\n|move|p2a: Blissey|Stealth Rock|p1a: Tyranitar\n|-sidestart|p1: zxyuiop|move: Stealth Rock\n|\n|-weather|Sandstorm|[upkeep]\n|-damage|p2a: Blissey|76\/100|[from] Sandstorm\n|upkeep\n|turn|12\n|\n|t:|1700560252\n|move|p1a: Tyranitar|Knock Off|p2a: Blissey\n|-damage|p2a: Blissey|0 fnt\n|-enditem|p2a: Blissey|Heavy-Duty Boots|[from] move: Knock Off|[of] p1a: Tyranitar\n|faint|p2a: Blissey\n|\n|-weather|Sandstorm|[upkeep]\n|upkeep\n|\n|t:|1700560257\n|switch|p2a: Ogerpon|Ogerpon-Wellspring, F|100\/100\n|turn|13\n|\n|t:|1700560276\n|switch|p1a: Gastrodon|Gastrodon, M, shiny|100\/100\n|-damage|p1a: Gastrodon|94\/100|[from] Stealth Rock\n|move|p2a: Ogerpon|Power Whip|p1a: Gastrodon|[miss]\n|-miss|p2a: Ogerpon|p1a: Gastrodon\n|\n|-weather|Sandstorm|[upkeep]\n|-damage|p2a: Ogerpon|95\/100|[from] Sandstorm\n|-heal|p1a: Gastrodon|100\/100|[from] item: Leftovers\n|upkeep\n|turn|14\n|\n|t:|1700560294\n|switch|p1a: Corviknight|Corviknight, F, shiny|100\/100 par\n|-damage|p1a: Corviknight|88\/100 par|[from] Stealth Rock\n|move|p2a: Ogerpon|Power Whip|p1a: Corviknight\n|-resisted|p1a: Corviknight\n|-crit|p1a: Corviknight\n|-damage|p1a: Corviknight|73\/100 par\n|\n|-weather|Sandstorm|[upkeep]\n|-damage|p2a: Ogerpon|89\/100|[from] Sandstorm\n|-heal|p1a: Corviknight|80\/100 par|[from] item: Leftovers\n|upkeep\n|turn|15\n|\n|t:|1700560371\n|move|p2a: Ogerpon|U-turn|p1a: Corviknight\n|-resisted|p1a: Corviknight\n|-damage|p1a: Corviknight|76\/100 par\n|\n|t:|1700560374\n|switch|p2a: Zapdos|Zapdos|88\/100|[from] U-turn\n|move|p1a: Corviknight|Defog|p2a: Zapdos\n|-unboost|p2a: Zapdos|evasion|1\n|-sideend|p1: zxyuiop|Stealth Rock|[from] move: Defog|[of] p1a: Corviknight\n|\n|-weather|none\n|-heal|p1a: Corviknight|82\/100 par|[from] item: Leftovers\n|upkeep\n|turn|16\n|\n|t:|1700560396\n|switch|p1a: Tyranitar|Tyranitar, F, shiny|85\/100\n|-weather|Sandstorm|[from] ability: Sand Stream|[of] p1a: Tyranitar\n|move|p2a: Zapdos|Heat Wave|p1a: Tyranitar\n|-resisted|p1a: Tyranitar\n|-damage|p1a: Tyranitar|78\/100\n|\n|-weather|Sandstorm|[upkeep]\n|-damage|p2a: Zapdos|82\/100|[from] Sandstorm\n|upkeep\n|turn|17\n|\n|t:|1700560416\n|switch|p2a: Dragapult|Dragapult, M|100\/100\n|move|p1a: Tyranitar|Knock Off|p2a: Dragapult\n|-supereffective|p2a: Dragapult\n|-damage|p2a: Dragapult|0 fnt\n|-enditem|p2a: Dragapult|Choice Specs|[from] move: Knock Off|[of] p1a: Tyranitar\n|faint|p2a: Dragapult\n|\n|-weather|Sandstorm|[upkeep]\n|upkeep\n|\n|t:|1700560425\n|switch|p2a: Ogerpon|Ogerpon-Wellspring, F|89\/100\n|turn|18\n|\n|t:|1700560434\n|switch|p1a: Corviknight|Corviknight, F, shiny|82\/100 par\n|move|p2a: Ogerpon|Power Whip|p1a: Corviknight\n|-resisted|p1a: Corviknight\n|-damage|p1a: Corviknight|71\/100 par\n|\n|-weather|Sandstorm|[upkeep]\n|-damage|p2a: Ogerpon|83\/100|[from] Sandstorm\n|-heal|p1a: Corviknight|78\/100 par|[from] item: Leftovers\n|upkeep\n|turn|19\n|\n|t:|1700560446\n|move|p2a: Ogerpon|Ivy Cudgel|p1a: Corviknight|[anim] Ivy Cudgel Water\n|-damage|p1a: Corviknight|41\/100 par\n|move|p1a: Corviknight|Body Press|p2a: Ogerpon\n|-damage|p2a: Ogerpon|49\/100\n|\n|-weather|Sandstorm|[upkeep]\n|-damage|p2a: Ogerpon|43\/100|[from] Sandstorm\n|-heal|p1a: Corviknight|47\/100 par|[from] item: Leftovers\n|upkeep\n|turn|20\n|\n|t:|1700560459\n|-terastallize|p2a: Ogerpon|Water\n|detailschange|p2a: Ogerpon|Ogerpon-Wellspring-Tera, F, tera:Water\n|-ability|p2a: Ogerpon|Embody Aspect (Wellspring)|boost\n|-boost|p2a: Ogerpon|spd|1\n|move|p2a: Ogerpon|Ivy Cudgel|p1a: Corviknight|[anim] Ivy Cudgel Water\n|-damage|p1a: Corviknight|2\/100 par\n|move|p1a: Corviknight|Roost|p1a: Corviknight\n|-heal|p1a: Corviknight|52\/100 par\n|-singleturn|p1a: Corviknight|move: Roost\n|\n|-weather|none\n|-heal|p1a: Corviknight|59\/100 par|[from] item: Leftovers\n|upkeep\n|turn|21\n|\n|t:|1700560532\n|move|p2a: Ogerpon|Encore|p1a: Corviknight\n|-start|p1a: Corviknight|Encore\n|move|p1a: Corviknight|Roost|p1a: Corviknight\n|-heal|p1a: Corviknight|100\/100 par\n|-singleturn|p1a: Corviknight|move: Roost\n|\n|upkeep\n|turn|22\n|\n|t:|1700560544\n|switch|p1a: Gastrodon|Gastrodon, M, shiny|100\/100\n|move|p2a: Ogerpon|Power Whip|p1a: Gastrodon\n|-supereffective|p1a: Gastrodon\n|-damage|p1a: Gastrodon|0 fnt\n|faint|p1a: Gastrodon\n|\n|upkeep\n|\n|t:|1700560554\n|switch|p1a: Chandelure|Chandelure, M, shiny, tera:Grass|100\/100\n|turn|23\n|\n|t:|1700560589\n|move|p1a: Chandelure|Energy Ball|p2a: Ogerpon\n|-supereffective|p2a: Ogerpon\n|-damage|p2a: Ogerpon|0 fnt\n|faint|p2a: Ogerpon\n|\n|upkeep\n|\n|t:|1700560595\n|switch|p2a: Zapdos|Zapdos|82\/100\n|turn|24\n|\n|t:|1700560602\n|switch|p1a: Tyranitar|Tyranitar, F, shiny|78\/100\n|-weather|Sandstorm|[from] ability: Sand Stream|[of] p1a: Tyranitar\n|move|p2a: Zapdos|Hurricane|p1a: Tyranitar|[miss]\n|-miss|p2a: Zapdos|p1a: Tyranitar\n|\n|-weather|Sandstorm|[upkeep]\n|-damage|p2a: Zapdos|75\/100|[from] Sandstorm\n|upkeep\n|turn|25\n|\n|t:|1700560612\n|move|p2a: Zapdos|Roost|p2a: Zapdos\n|-heal|p2a: Zapdos|100\/100\n|-singleturn|p2a: Zapdos|move: Roost\n|move|p1a: Tyranitar|Knock Off|p2a: Zapdos\n|-damage|p2a: Zapdos|34\/100\n|-enditem|p2a: Zapdos|Heavy-Duty Boots|[from] move: Knock Off|[of] p1a: Tyranitar\n|\n|-weather|Sandstorm|[upkeep]\n|-damage|p2a: Zapdos|28\/100|[from] Sandstorm\n|upkeep\n|turn|26\n|\n|t:|1700560623\n|move|p2a: Zapdos|Roost|p2a: Zapdos\n|-heal|p2a: Zapdos|78\/100\n|-singleturn|p2a: Zapdos|move: Roost\n|move|p1a: Tyranitar|Knock Off|p2a: Zapdos\n|-damage|p2a: Zapdos|31\/100\n|\n|-weather|Sandstorm|[upkeep]\n|-damage|p2a: Zapdos|25\/100|[from] Sandstorm\n|upkeep\n|turn|27\n|\n|t:|1700560633\n|move|p2a: Zapdos|Roost|p2a: Zapdos\n|-heal|p2a: Zapdos|75\/100\n|-singleturn|p2a: Zapdos|move: Roost\n|move|p1a: Tyranitar|Knock Off|p2a: Zapdos\n|-crit|p2a: Zapdos\n|-damage|p2a: Zapdos|11\/100\n|-status|p1a: Tyranitar|par|[from] ability: Static|[of] p2a: Zapdos\n|\n|-weather|Sandstorm|[upkeep]\n|-damage|p2a: Zapdos|5\/100|[from] Sandstorm\n|upkeep\n|turn|28\n|\n|t:|1700560645\n|move|p2a: Zapdos|Roost|p2a: Zapdos\n|-heal|p2a: Zapdos|55\/100\n|-singleturn|p2a: Zapdos|move: Roost\n|move|p1a: Tyranitar|Knock Off|p2a: Zapdos\n|-damage|p2a: Zapdos|5\/100\n|\n|-weather|none\n|upkeep\n|turn|29\n|\n|t:|1700560662\n|move|p2a: Zapdos|Roost|p2a: Zapdos\n|-heal|p2a: Zapdos|55\/100\n|-singleturn|p2a: Zapdos|move: Roost\n|cant|p1a: Tyranitar|par\n|\n|upkeep\n|turn|30\n|\n|t:|1700560705\n|move|p2a: Zapdos|Roost|p2a: Zapdos\n|-heal|p2a: Zapdos|100\/100\n|-singleturn|p2a: Zapdos|move: Roost\n|move|p1a: Tyranitar|Knock Off|p2a: Zapdos\n|-damage|p2a: Zapdos|58\/100\n|\n|upkeep\n|turn|31\n|\n|t:|1700560715\n|switch|p1a: Scizor|Scizor, M, shiny|67\/100\n|move|p2a: Zapdos|Roost|p2a: Zapdos\n|-heal|p2a: Zapdos|100\/100\n|-singleturn|p2a: Zapdos|move: Roost\n|\n|upkeep\n|turn|32\n|\n|t:|1700560724\n|move|p2a: Zapdos|Heat Wave|p1a: Scizor\n|-supereffective|p1a: Scizor\n|-damage|p1a: Scizor|0 fnt\n|faint|p1a: Scizor\n|\n|upkeep\n|\n|t:|1700560732\n|switch|p1a: Tyranitar|Tyranitar, F, shiny|78\/100 par\n|-weather|Sandstorm|[from] ability: Sand Stream|[of] p1a: Tyranitar\n|turn|33\n|\n|t:|1700560769\n|move|p2a: Zapdos|Hurricane|p1a: Tyranitar\n|-resisted|p1a: Tyranitar\n|-crit|p1a: Tyranitar\n|-damage|p1a: Tyranitar|58\/100 par\n|move|p1a: Tyranitar|Stone Edge|p2a: Zapdos\n|-supereffective|p2a: Zapdos\n|-damage|p2a: Zapdos|0 fnt\n|faint|p2a: Zapdos\n|\n|-weather|Sandstorm|[upkeep]\n|upkeep\n|\n|t:|1700560776\n|switch|p2a: Kingambit|Kingambit, F|100\/100\n|-activate|p2a: Kingambit|ability: Supreme Overlord\n|-start|p2a: Kingambit|fallen5|[silent]\n|turn|34\n|\n|t:|1700560786\n|switch|p1a: Corviknight|Corviknight, F, shiny|100\/100 par\n|move|p2a: Kingambit|Swords Dance|p2a: Kingambit\n|-boost|p2a: Kingambit|atk|2\n|\n|-weather|Sandstorm|[upkeep]\n|upkeep\n|turn|35\n|\n|t:|1700560799\n|move|p2a: Kingambit|Kowtow Cleave|p1a: Corviknight\n|-crit|p1a: Corviknight\n|-damage|p1a: Corviknight|0 fnt\n|faint|p1a: Corviknight\n|\n|-weather|Sandstorm|[upkeep]\n|upkeep\n|\n|t:|1700560810\n|switch|p1a: Chandelure|Chandelure, M, shiny, tera:Grass|100\/100\n|turn|36\n|\n|t:|1700560821\n|move|p2a: Kingambit|Sucker Punch|p1a: Chandelure\n|-damage|p1a: Chandelure|0 fnt\n|faint|p1a: Chandelure\n|\n|-weather|Sandstorm|[upkeep]\n|upkeep\n|\n|t:|1700560827\n|switch|p1a: Tyranitar|Tyranitar, F, shiny|58\/100 par\n|turn|37\n|c|\u2606xaminn|suck my d1ck little poussie\n|n|\u203dxaminn|xaminn\n|c|&|\/log xaminn was locked from talking by Artemis. (\u2606xaminn: suck my d1ck little poussie)\n|c|&|\/raw <small>This action was done automatically. Want to learn more about the AI? <a href=\"https:\/\/www.smogon.com\/forums\/threads\/3570628\/#post-9056769\">Visit the information thread<\/a>.<\/small>\n|\n|t:|1700560853\n|move|p2a: Kingambit|Iron Head|p1a: Tyranitar\n|-supereffective|p1a: Tyranitar\n|-damage|p1a: Tyranitar|0 fnt\n|faint|p1a: Tyranitar\n|\n|win|xaminn\n|raw|zxyuiop's rating: 1114 &rarr; <strong>1089<\/strong><br \/>(-25 for losing)\n|raw|xaminn's rating: 1118 &rarr; <strong>1143<\/strong><br \/>(+25 for winning)\n","uploadtime":1700560847,"views":2,"p1id":"zxyuiop","p2id":"xaminn","formatid":"gen9ou","rating":1089,"private":0,"password":""}