{"id":"gen9ou-1996194772","p1":"soccersniper","p2":"SaucySlinky8010","format":"[Gen 9] OU","log":"|j|\u2606soccersniper\n|j|\u2606SaucySlinky8010\n|t:|1700657663\n|gametype|singles\n|player|p1|soccersniper|169|1479\n|player|p2|SaucySlinky8010|266|1576\n|teamsize|p1|6\n|teamsize|p2|6\n|gen|9\n|tier|[Gen 9] OU\n|rated|\n|rule|Sleep Clause Mod: Limit one foe put to sleep\n|rule|Species Clause: Limit one of each Pok\u00e9mon\n|rule|OHKO Clause: OHKO moves are banned\n|rule|Evasion Items Clause: Evasion items are banned\n|rule|Evasion Moves Clause: Evasion moves are banned\n|rule|Endless Battle Clause: Forcing endless battles is banned\n|rule|HP Percentage Mod: HP is shown in percentages\n|clearpoke\n|poke|p1|Zapdos|\n|poke|p1|Scizor, F|\n|poke|p1|Dragapult, F|\n|poke|p1|Empoleon, F|\n|poke|p1|Skeledirge, F|\n|poke|p1|Great Tusk|\n|poke|p2|Weavile, F|\n|poke|p2|Amoonguss, M|\n|poke|p2|Garganacl, M|\n|poke|p2|Maushold|\n|poke|p2|Kingambit, M|\n|poke|p2|Samurott-Hisui, M|\n|teampreview\n|inactive|Battle timer is ON: inactive players will automatically lose when time's up. (requested by SaucySlinky8010)\n|\n|t:|1700657692\n|start\n|switch|p1a: Scizor|Scizor, F|100\/100\n|switch|p2a: Samurott|Samurott-Hisui, M|100\/100\n|turn|1\n|inactive|SaucySlinky8010 has 120 seconds left.\n|inactive|SaucySlinky8010 has 90 seconds left.\n|\n|t:|1700657755\n|move|p2a: Samurott|Ceaseless Edge|p1a: Scizor\n|-damage|p1a: Scizor|42\/100\n|-sidestart|p1: soccersniper|Spikes\n|move|p1a: Scizor|U-turn|p2a: Samurott\n|-supereffective|p2a: Samurott\n|-damage|p2a: Samurott|0 fnt\n|faint|p2a: Samurott\n|\n|t:|1700657766\n|switch|p1a: Great Tusk|Great Tusk|100\/100|[from] U-turn\n|-damage|p1a: Great Tusk|88\/100|[from] Spikes\n|-enditem|p1a: Great Tusk|Booster Energy\n|-activate|p1a: Great Tusk|ability: Protosynthesis|[fromitem]\n|-start|p1a: Great Tusk|protosynthesisspe\n|\n|upkeep\n|inactive|SaucySlinky8010 has 90 seconds left.\n|\n|t:|1700657799\n|switch|p2a: Amoonguss|Amoonguss, M|100\/100\n|turn|2\n|\n|t:|1700657819\n|move|p1a: Great Tusk|Rapid Spin|p2a: Amoonguss\n|-damage|p2a: Amoonguss|90\/100\n|-boost|p1a: Great Tusk|spe|1\n|-sideend|p1: soccersniper|Spikes|[from] move: Rapid Spin|[of] p1a: Great Tusk\n|-enditem|p2a: Amoonguss|Red Card|[of] p1a: Great Tusk\n|-end|p1a: Great Tusk|Protosynthesis|[silent]\n|drag|p1a: Dragapult|Dragapult, F|100\/100\n|move|p2a: Amoonguss|Spore|p1a: Dragapult\n|-status|p1a: Dragapult|slp|[from] move: Spore\n|\n|upkeep\n|turn|3\n|\n|t:|1700657836\n|cant|p1a: Dragapult|slp\n|move|p2a: Amoonguss|Foul Play|p1a: Dragapult\n|-supereffective|p1a: Dragapult\n|-damage|p1a: Dragapult|40\/100 slp\n|\n|upkeep\n|turn|4\n|\n|t:|1700657845\n|switch|p1a: Zapdos|Zapdos|100\/100\n|move|p2a: Amoonguss|Foul Play|p1a: Zapdos\n|-damage|p1a: Zapdos|87\/100\n|\n|upkeep\n|turn|5\n|inactive|SaucySlinky8010 has 90 seconds left.\n|inactive|SaucySlinky8010 has 60 seconds left.\n|\n|t:|1700657888\n|switch|p2a: Garganacl|Garganacl, M|100\/100\n|move|p1a: Zapdos|Hurricane|p2a: Garganacl|[miss]\n|-miss|p1a: Zapdos|p2a: Garganacl\n|\n|upkeep\n|turn|6\n|\n|t:|1700657893\n|move|p1a: Zapdos|Volt Switch|p2a: Garganacl\n|-damage|p2a: Garganacl|83\/100\n|\n|t:|1700657895\n|switch|p1a: Great Tusk|Great Tusk|88\/100|[from] Volt Switch\n|move|p2a: Garganacl|Salt Cure|p1a: Great Tusk\n|-resisted|p1a: Great Tusk\n|-damage|p1a: Great Tusk|86\/100\n|-start|p1a: Great Tusk|Salt Cure\n|\n|-heal|p2a: Garganacl|89\/100|[from] item: Leftovers\n|-damage|p1a: Great Tusk|74\/100|[from] Salt Cure\n|upkeep\n|turn|7\n|\n|t:|1700657914\n|switch|p2a: Amoonguss|Amoonguss, M|100\/100\n|move|p1a: Great Tusk|Headlong Rush|p2a: Amoonguss\n|-damage|p2a: Amoonguss|61\/100\n|-unboost|p1a: Great Tusk|def|1\n|-unboost|p1a: Great Tusk|spd|1\n|\n|-damage|p1a: Great Tusk|61\/100|[from] Salt Cure\n|upkeep\n|turn|8\n|\n|t:|1700657928\n|-end|p1a: Great Tusk|Protosynthesis|[silent]\n|switch|p1a: Zapdos|Zapdos|87\/100\n|move|p2a: Amoonguss|Grass Knot|p1a: Zapdos\n|-resisted|p1a: Zapdos\n|-damage|p1a: Zapdos|75\/100\n|-status|p2a: Amoonguss|par|[from] ability: Static|[of] p1a: Zapdos\n|\n|upkeep\n|turn|9\n|\n|t:|1700657933\n|switch|p2a: Garganacl|Garganacl, M|89\/100\n|move|p1a: Zapdos|Volt Switch|p2a: Garganacl\n|-damage|p2a: Garganacl|71\/100\n|\n|t:|1700657935\n|switch|p1a: Great Tusk|Great Tusk|61\/100|[from] Volt Switch\n|\n|-heal|p2a: Garganacl|77\/100|[from] item: Leftovers\n|upkeep\n|turn|10\n|\n|t:|1700657947\n|switch|p2a: Amoonguss|Amoonguss, M|94\/100 par\n|move|p1a: Great Tusk|Headlong Rush|p2a: Amoonguss\n|-damage|p2a: Amoonguss|57\/100 par\n|-unboost|p1a: Great Tusk|def|1\n|-unboost|p1a: Great Tusk|spd|1\n|\n|upkeep\n|turn|11\n|\n|t:|1700657968\n|-end|p1a: Great Tusk|Protosynthesis|[silent]\n|switch|p1a: Empoleon|Empoleon, F|100\/100\n|cant|p2a: Amoonguss|par\n|\n|upkeep\n|turn|12\n|\n|t:|1700657973\n|switch|p2a: Garganacl|Garganacl, M|77\/100\n|move|p1a: Empoleon|Stealth Rock|p2a: Garganacl\n|-sidestart|p2: SaucySlinky8010|move: Stealth Rock\n|\n|-heal|p2a: Garganacl|83\/100|[from] item: Leftovers\n|upkeep\n|turn|13\n|\n|t:|1700657977\n|move|p1a: Empoleon|Flip Turn|p2a: Garganacl\n|-supereffective|p2a: Garganacl\n|-damage|p2a: Garganacl|58\/100\n|\n|t:|1700657980\n|switch|p1a: Great Tusk|Great Tusk|61\/100|[from] Flip Turn\n|move|p2a: Garganacl|Salt Cure|p1a: Great Tusk\n|-resisted|p1a: Great Tusk\n|-damage|p1a: Great Tusk|59\/100\n|-start|p1a: Great Tusk|Salt Cure\n|\n|-heal|p2a: Garganacl|64\/100|[from] item: Leftovers\n|-damage|p1a: Great Tusk|46\/100|[from] Salt Cure\n|upkeep\n|turn|14\n|inactive|SaucySlinky8010 has 90 seconds left.\n|\n|t:|1700657997\n|switch|p2a: Amoonguss|Amoonguss, M|90\/100 par\n|-damage|p2a: Amoonguss|78\/100 par|[from] Stealth Rock\n|move|p1a: Great Tusk|Headlong Rush|p2a: Amoonguss\n|-damage|p2a: Amoonguss|38\/100 par\n|-unboost|p1a: Great Tusk|def|1\n|-unboost|p1a: Great Tusk|spd|1\n|\n|-damage|p1a: Great Tusk|34\/100|[from] Salt Cure\n|upkeep\n|turn|15\n|\n|t:|1700658004\n|move|p1a: Great Tusk|Headlong Rush|p2a: Amoonguss\n|-damage|p2a: Amoonguss|2\/100 par\n|-unboost|p1a: Great Tusk|def|1\n|-unboost|p1a: Great Tusk|spd|1\n|move|p2a: Amoonguss|Grass Knot|p1a: Great Tusk\n|-supereffective|p1a: Great Tusk\n|-damage|p1a: Great Tusk|0 fnt\n|faint|p1a: Great Tusk\n|-end|p1a: Great Tusk|Protosynthesis|[silent]\n|\n|upkeep\n|\n|t:|1700658009\n|switch|p1a: Zapdos|Zapdos|75\/100\n|turn|16\n|inactive|SaucySlinky8010 has 90 seconds left.\n|\n|t:|1700658032\n|switch|p2a: Garganacl|Garganacl, M|64\/100\n|-damage|p2a: Garganacl|52\/100|[from] Stealth Rock\n|move|p1a: Zapdos|Volt Switch|p2a: Garganacl\n|-damage|p2a: Garganacl|32\/100\n|\n|t:|1700658048\n|switch|p1a: Empoleon|Empoleon, F|100\/100|[from] Volt Switch\n|\n|-heal|p2a: Garganacl|38\/100|[from] item: Leftovers\n|upkeep\n|turn|17\n|\n|t:|1700658053\n|move|p1a: Empoleon|Surf|p2a: Garganacl\n|-supereffective|p2a: Garganacl\n|-damage|p2a: Garganacl|0 fnt\n|faint|p2a: Garganacl\n|\n|upkeep\n|\n|t:|1700658060\n|switch|p2a: Maushold|Maushold|100\/100\n|-damage|p2a: Maushold|88\/100|[from] Stealth Rock\n|turn|18\n|\n|t:|1700658067\n|switch|p1a: Skeledirge|Skeledirge, F|100\/100\n|move|p2a: Maushold|Tidy Up|p2a: Maushold\n|-sideend|p2: SaucySlinky8010|Stealth Rock\n|-activate|p2a: Maushold|move: Tidy Up\n|-boost|p2a: Maushold|atk|1\n|-boost|p2a: Maushold|spe|1\n|\n|upkeep\n|turn|19\n|\n|t:|1700658074\n|switch|p2a: Kingambit|Kingambit, M|100\/100\n|-activate|p2a: Kingambit|ability: Supreme Overlord\n|-start|p2a: Kingambit|fallen2|[silent]\n|move|p1a: Skeledirge|Torch Song|p2a: Kingambit\n|-supereffective|p2a: Kingambit\n|-damage|p2a: Kingambit|37\/100\n|-boost|p1a: Skeledirge|spa|1\n|\n|-heal|p2a: Kingambit|43\/100|[from] item: Leftovers\n|upkeep\n|turn|20\n|\n|t:|1700658098\n|switch|p1a: Zapdos|Zapdos|75\/100\n|move|p2a: Kingambit|Kowtow Cleave|p1a: Zapdos\n|-damage|p1a: Zapdos|19\/100\n|\n|-heal|p2a: Kingambit|49\/100|[from] item: Leftovers\n|upkeep\n|turn|21\n|\n|t:|1700658106\n|move|p1a: Zapdos|Roost|p1a: Zapdos\n|-heal|p1a: Zapdos|69\/100\n|-singleturn|p1a: Zapdos|move: Roost\n|move|p2a: Kingambit|Kowtow Cleave|p1a: Zapdos\n|-damage|p1a: Zapdos|14\/100\n|\n|-heal|p2a: Kingambit|55\/100|[from] item: Leftovers\n|upkeep\n|turn|22\n|\n|t:|1700658110\n|move|p2a: Kingambit|Sucker Punch|p1a: Zapdos\n|-damage|p1a: Zapdos|0 fnt\n|-status|p2a: Kingambit|par|[from] ability: Static|[of] p1a: Zapdos\n|faint|p1a: Zapdos\n|\n|-heal|p2a: Kingambit|61\/100 par|[from] item: Leftovers\n|upkeep\n|\n|t:|1700658128\n|switch|p1a: Empoleon|Empoleon, F|100\/100\n|turn|23\n|inactive|SaucySlinky8010 has 120 seconds left.\n|\n|t:|1700658140\n|-end|p2a: Kingambit|fallen2|[silent]\n|switch|p2a: Amoonguss|Amoonguss, M|35\/100 par\n|move|p1a: Empoleon|Surf|p2a: Amoonguss\n|-resisted|p2a: Amoonguss\n|-damage|p2a: Amoonguss|18\/100 par\n|\n|upkeep\n|turn|24\n|\n|t:|1700658149\n|move|p1a: Empoleon|Flip Turn|p2a: Amoonguss\n|-resisted|p2a: Amoonguss\n|-damage|p2a: Amoonguss|11\/100 par\n|\n|t:|1700658154\n|switch|p1a: Skeledirge|Skeledirge, F|100\/100|[from] Flip Turn\n|move|p2a: Amoonguss|Foul Play|p1a: Skeledirge\n|-supereffective|p1a: Skeledirge\n|-damage|p1a: Skeledirge|79\/100\n|\n|upkeep\n|turn|25\n|\n|t:|1700658160\n|move|p1a: Skeledirge|Torch Song|p2a: Amoonguss\n|-supereffective|p2a: Amoonguss\n|-damage|p2a: Amoonguss|0 fnt\n|-boost|p1a: Skeledirge|spa|1\n|faint|p2a: Amoonguss\n|\n|upkeep\n|\n|t:|1700658166\n|switch|p2a: Weavile|Weavile, F|100\/100\n|-ability|p2a: Weavile|Pressure\n|turn|26\n|\n|t:|1700658172\n|switch|p1a: Dragapult|Dragapult, F|40\/100 slp\n|move|p2a: Weavile|Knock Off|p1a: Dragapult\n|-supereffective|p1a: Dragapult\n|-crit|p1a: Dragapult\n|-damage|p1a: Dragapult|0 fnt\n|-enditem|p1a: Dragapult|Choice Specs|[from] move: Knock Off|[of] p2a: Weavile\n|faint|p1a: Dragapult\n|\n|upkeep\n|\n|t:|1700658180\n|switch|p1a: Scizor|Scizor, F|42\/100\n|turn|27\n|\n|t:|1700658194\n|move|p1a: Scizor|Bullet Punch|p2a: Weavile\n|-supereffective|p2a: Weavile\n|-damage|p2a: Weavile|0 fnt\n|faint|p2a: Weavile\n|\n|upkeep\n|\n|t:|1700658196\n|switch|p2a: Kingambit|Kingambit, M|61\/100 par\n|-activate|p2a: Kingambit|ability: Supreme Overlord\n|-start|p2a: Kingambit|fallen4|[silent]\n|turn|28\n|\n|t:|1700658217\n|move|p1a: Scizor|Bullet Punch|p2a: Kingambit\n|-resisted|p2a: Kingambit\n|-damage|p2a: Kingambit|39\/100 par\n|cant|p2a: Kingambit|par\n|\n|-heal|p2a: Kingambit|45\/100 par|[from] item: Leftovers\n|upkeep\n|turn|29\n|\n|t:|1700658221\n|-terastallize|p2a: Kingambit|Fighting\n|move|p1a: Scizor|Bullet Punch|p2a: Kingambit\n|-damage|p2a: Kingambit|4\/100 par\n|move|p2a: Kingambit|Kowtow Cleave|p1a: Scizor\n|-damage|p1a: Scizor|0 fnt\n|faint|p1a: Scizor\n|\n|-heal|p2a: Kingambit|10\/100 par|[from] item: Leftovers\n|upkeep\n|\n|t:|1700658226\n|switch|p1a: Empoleon|Empoleon, F|100\/100\n|turn|30\n|\n|t:|1700658243\n|-end|p2a: Kingambit|fallen4|[silent]\n|switch|p2a: Maushold|Maushold|88\/100\n|move|p1a: Empoleon|Surf|p2a: Maushold\n|-damage|p2a: Maushold|38\/100\n|\n|upkeep\n|turn|31\n|\n|t:|1700658248\n|switch|p1a: Skeledirge|Skeledirge, F|79\/100\n|move|p2a: Maushold|Population Bomb|p1a: Skeledirge\n|-immune|p1a: Skeledirge\n|\n|upkeep\n|turn|32\n|\n|t:|1700658251\n|move|p2a: Maushold|Bite|p1a: Skeledirge\n|-supereffective|p1a: Skeledirge\n|-damage|p1a: Skeledirge|41\/100\n|move|p1a: Skeledirge|Torch Song|p2a: Maushold\n|-damage|p2a: Maushold|0 fnt\n|-boost|p1a: Skeledirge|spa|1\n|faint|p2a: Maushold\n|\n|upkeep\n|\n|t:|1700658256\n|switch|p2a: Kingambit|Kingambit, M, tera:Fighting|10\/100 par\n|-activate|p2a: Kingambit|ability: Supreme Overlord\n|-start|p2a: Kingambit|fallen5|[silent]\n|turn|33\n|\n|t:|1700658261\n|move|p2a: Kingambit|Sucker Punch|p1a: Skeledirge\n|-supereffective|p1a: Skeledirge\n|-damage|p1a: Skeledirge|0 fnt\n|faint|p1a: Skeledirge\n|\n|-heal|p2a: Kingambit|17\/100 par|[from] item: Leftovers\n|upkeep\n|\n|t:|1700658262\n|switch|p1a: Empoleon|Empoleon, F|100\/100\n|turn|34\n|\n|t:|1700658267\n|-terastallize|p1a: Empoleon|Fairy\n|move|p1a: Empoleon|Surf|p2a: Kingambit\n|-damage|p2a: Kingambit|0 fnt\n|faint|p2a: Kingambit\n|-end|p2a: Kingambit|fallen5|[silent]\n|\n|win|soccersniper\n|raw|soccersniper's rating: 1479 &rarr; <strong>1504<\/strong><br \/>(+25 for winning)\n|raw|SaucySlinky8010's rating: 1576 &rarr; <strong>1551<\/strong><br \/>(-25 for losing)\n|c|\u2606soccersniper|gg\n|l|\u2606SaucySlinky8010\n","uploadtime":1700658281,"views":0,"p1id":"soccersniper","p2id":"saucyslinky8010","formatid":"gen9ou","rating":1504,"private":0,"password":""}