{"id":"gen9ou-1996760935","p1":"zafhn","p2":"freeswat","format":"[Gen 9] OU","log":"|j|\u2606zafhn\n|j|\u2606freeswat\n|t:|1700720716\n|gametype|singles\n|player|p1|zafhn|acetrainerf|1120\n|player|p2|freeswat|erika-gen2|1139\n|teamsize|p1|6\n|teamsize|p2|6\n|gen|9\n|tier|[Gen 9] OU\n|rated|\n|rule|Sleep Clause Mod: Limit one foe put to sleep\n|rule|Species Clause: Limit one of each Pok\u00e9mon\n|rule|OHKO Clause: OHKO moves are banned\n|rule|Evasion Items Clause: Evasion items are banned\n|rule|Evasion Moves Clause: Evasion moves are banned\n|rule|Endless Battle Clause: Forcing endless battles is banned\n|rule|HP Percentage Mod: HP is shown in percentages\n|clearpoke\n|poke|p1|Manaphy|\n|poke|p1|Dragonite, F|\n|poke|p1|Rillaboom, M|\n|poke|p1|Great Tusk|\n|poke|p1|Corviknight, M|\n|poke|p1|Hatterene, F|\n|poke|p2|Cinderace, M|\n|poke|p2|Breloom, M|\n|poke|p2|Zangoose, M|\n|poke|p2|Glimmora, M|\n|poke|p2|Gholdengo|\n|poke|p2|Jolteon, F|\n|teampreview\n|inactive|Battle timer is ON: inactive players will automatically lose when time's up. (requested by freeswat)\n|\n|t:|1700720741\n|start\n|switch|p1a: Great Tusk|Great Tusk|100\/100\n|switch|p2a: GlimmeTheLoot|Glimmora, M|100\/100\n|turn|1\n|\n|t:|1700720745\n|move|p2a: GlimmeTheLoot|Energy Ball|p1a: Great Tusk\n|-supereffective|p1a: Great Tusk\n|-damage|p1a: Great Tusk|15\/100\n|move|p1a: Great Tusk|Earthquake|p2a: GlimmeTheLoot\n|-supereffective|p2a: GlimmeTheLoot\n|-enditem|p2a: GlimmeTheLoot|Focus Sash\n|-damage|p2a: GlimmeTheLoot|1\/100\n|-activate|p2a: GlimmeTheLoot|ability: Toxic Debris\n|-sidestart|p1: zafhn|move: Toxic Spikes\n|\n|-heal|p1a: Great Tusk|21\/100|[from] item: Leftovers\n|upkeep\n|turn|2\n|\n|t:|1700720757\n|-end|p1a: Great Tusk|Protosynthesis|[silent]\n|switch|p1a: Corviknight|Corviknight, M|100\/100\n|-ability|p1a: Corviknight|Pressure\n|move|p2a: GlimmeTheLoot|Power Gem|p1a: Corviknight\n|-damage|p1a: Corviknight|59\/100\n|\n|upkeep\n|turn|3\n|\n|t:|1700720769\n|switch|p2a: joever|Gholdengo|100\/100\n|-item|p2a: joever|Air Balloon\n|move|p1a: Corviknight|Roost|p1a: Corviknight\n|-heal|p1a: Corviknight|100\/100\n|-singleturn|p1a: Corviknight|move: Roost\n|\n|upkeep\n|turn|4\n|\n|t:|1700720774\n|move|p2a: joever|Nasty Plot|p2a: joever\n|-boost|p2a: joever|spa|2\n|move|p1a: Corviknight|U-turn|p2a: joever\n|-resisted|p2a: joever\n|-damage|p2a: joever|96\/100\n|-enditem|p2a: joever|Air Balloon\n|\n|t:|1700720787\n|switch|p1a: Dragonite|Dragonite, F|100\/100|[from] U-turn\n|\n|upkeep\n|turn|5\n|\n|t:|1700720792\n|move|p2a: joever|Make It Rain|p1a: Dragonite\n|-damage|p1a: Dragonite|30\/100\n|-unboost|p2a: joever|spa|1\n|move|p1a: Dragonite|Earthquake|p2a: joever\n|-supereffective|p2a: joever\n|-damage|p2a: joever|0 fnt\n|faint|p2a: joever\n|\n|upkeep\n|\n|t:|1700720799\n|switch|p2a: funnybunny|Cinderace, M|100\/100\n|turn|6\n|\n|t:|1700720804\n|switch|p1a: Great Tusk|Great Tusk|21\/100\n|-status|p1a: Great Tusk|psn\n|move|p2a: funnybunny|Court Change|p2a: funnybunny\n|-swapsideconditions\n|-activate|p2a: funnybunny|move: Court Change\n|\n|-heal|p1a: Great Tusk|28\/100 psn|[from] item: Leftovers\n|-damage|p1a: Great Tusk|15\/100 psn|[from] psn\n|upkeep\n|turn|7\n|\n|t:|1700720810\n|move|p2a: funnybunny|Pyro Ball|p1a: Great Tusk\n|-damage|p1a: Great Tusk|0 fnt\n|faint|p1a: Great Tusk\n|-end|p1a: Great Tusk|Protosynthesis|[silent]\n|\n|upkeep\n|\n|t:|1700720823\n|switch|p1a: Hatterene|Hatterene, F|100\/100\n|turn|8\n|\n|t:|1700720831\n|move|p2a: funnybunny|Pyro Ball|p1a: Hatterene\n|-damage|p1a: Hatterene|38\/100\n|move|p1a: Hatterene|Healing Wish|p1a: Hatterene\n|faint|p1a: Hatterene\n|\n|upkeep\n|\n|t:|1700720836\n|switch|p1a: Dragonite|Dragonite, F|30\/100\n|-heal|p1a: Dragonite|100\/100|[from] move: Healing Wish\n|turn|9\n|\n|t:|1700720841\n|move|p2a: funnybunny|Will-O-Wisp|p1a: Dragonite\n|-status|p1a: Dragonite|brn\n|move|p1a: Dragonite|Earthquake|p2a: funnybunny\n|-supereffective|p2a: funnybunny\n|-damage|p2a: funnybunny|18\/100\n|\n|-damage|p1a: Dragonite|94\/100 brn|[from] brn\n|upkeep\n|turn|10\n|\n|t:|1700720847\n|move|p2a: funnybunny|Pyro Ball|p1a: Dragonite|[miss]\n|-miss|p2a: funnybunny|p1a: Dragonite\n|move|p1a: Dragonite|Earthquake|p2a: funnybunny\n|-supereffective|p2a: funnybunny\n|-damage|p2a: funnybunny|0 fnt\n|faint|p2a: funnybunny\n|\n|-damage|p1a: Dragonite|88\/100 brn|[from] brn\n|upkeep\n|inactive|freeswat has 120 seconds left.\n|\n|t:|1700720884\n|switch|p2a: bazanga|Zangoose, M, shiny|100\/100\n|-status|p2a: bazanga|psn\n|turn|11\n|inactive|freeswat has 120 seconds left.\n|\n|t:|1700720900\n|switch|p1a: Corviknight|Corviknight, M|100\/100\n|-ability|p1a: Corviknight|Pressure\n|-terastallize|p2a: bazanga|Normal\n|move|p2a: bazanga|Facade|p1a: Corviknight\n|-resisted|p1a: Corviknight\n|-damage|p1a: Corviknight|52\/100\n|-damage|p2a: bazanga|84\/100 psn|[from] item: Rocky Helmet|[of] p1a: Corviknight\n|-damage|p2a: bazanga|74\/100 psn|[from] item: Life Orb\n|\n|-damage|p2a: bazanga|62\/100 psn|[from] psn\n|upkeep\n|turn|12\n|\n|t:|1700720915\n|move|p2a: bazanga|Knock Off|p1a: Corviknight\n|-damage|p1a: Corviknight|17\/100\n|-damage|p2a: bazanga|46\/100 psn|[from] item: Rocky Helmet|[of] p1a: Corviknight\n|-enditem|p1a: Corviknight|Rocky Helmet|[from] move: Knock Off|[of] p2a: bazanga\n|-damage|p2a: bazanga|36\/100 psn|[from] item: Life Orb\n|move|p1a: Corviknight|Roost|p1a: Corviknight\n|-heal|p1a: Corviknight|67\/100\n|-singleturn|p1a: Corviknight|move: Roost\n|\n|-damage|p2a: bazanga|24\/100 psn|[from] psn\n|upkeep\n|turn|13\n|\n|t:|1700720920\n|move|p2a: bazanga|Facade|p1a: Corviknight\n|-resisted|p1a: Corviknight\n|-damage|p1a: Corviknight|19\/100\n|-damage|p2a: bazanga|14\/100 psn|[from] item: Life Orb\n|move|p1a: Corviknight|Roost|p1a: Corviknight\n|-heal|p1a: Corviknight|69\/100\n|-singleturn|p1a: Corviknight|move: Roost\n|\n|-damage|p2a: bazanga|2\/100 psn|[from] psn\n|upkeep\n|turn|14\n|\n|t:|1700720923\n|move|p2a: bazanga|Facade|p1a: Corviknight\n|-resisted|p1a: Corviknight\n|-damage|p1a: Corviknight|15\/100\n|-damage|p2a: bazanga|0 fnt|[from] item: Life Orb\n|faint|p2a: bazanga\n|move|p1a: Corviknight|Roost|p1a: Corviknight\n|-heal|p1a: Corviknight|65\/100\n|-singleturn|p1a: Corviknight|move: Roost\n|\n|upkeep\n|\n|t:|1700720929\n|switch|p2a: Thunders|Jolteon, F|100\/100\n|-status|p2a: Thunders|psn\n|turn|15\n|\n|t:|1700720946\n|switch|p1a: Rillaboom|Rillaboom, M|100\/100\n|-fieldstart|move: Grassy Terrain|[from] ability: Grassy Surge|[of] p1a: Rillaboom\n|move|p2a: Thunders|Thunderbolt|p1a: Rillaboom\n|-resisted|p1a: Rillaboom\n|-damage|p1a: Rillaboom|59\/100\n|\n|-heal|p1a: Rillaboom|66\/100|[from] Grassy Terrain\n|-heal|p1a: Rillaboom|72\/100|[from] item: Leftovers\n|-damage|p2a: Thunders|88\/100 psn|[from] psn\n|upkeep\n|turn|16\n|\n|t:|1700720952\n|switch|p2a: Shreloom|Breloom, M|100\/100\n|-status|p2a: Shreloom|psn\n|move|p1a: Rillaboom|Swords Dance|p1a: Rillaboom\n|-boost|p1a: Rillaboom|atk|2\n|\n|-heal|p1a: Rillaboom|78\/100|[from] Grassy Terrain\n|-heal|p1a: Rillaboom|84\/100|[from] item: Leftovers\n|upkeep\n|turn|17\n|\n|t:|1700720960\n|move|p1a: Rillaboom|U-turn|p2a: Shreloom\n|-damage|p2a: Shreloom|59\/100 psn\n|\n|t:|1700720963\n|switch|p1a: Corviknight|Corviknight, M|65\/100|[from] U-turn\n|-ability|p1a: Corviknight|Pressure\n|move|p2a: Shreloom|Substitute|p2a: Shreloom\n|-start|p2a: Shreloom|Substitute\n|-damage|p2a: Shreloom|34\/100 psn\n|\n|-heal|p2a: Shreloom|40\/100 psn|[from] Grassy Terrain\n|-heal|p2a: Shreloom|46\/100 psn|[from] item: Leftovers\n|-heal|p2a: Shreloom|59\/100 psn|[from] ability: Poison Heal\n|upkeep\n|turn|18\n|\n|t:|1700720975\n|move|p2a: Shreloom|Spore|p1a: Corviknight\n|-status|p1a: Corviknight|slp|[from] move: Spore\n|cant|p1a: Corviknight|slp\n|\n|-heal|p2a: Shreloom|65\/100 psn|[from] Grassy Terrain\n|-heal|p2a: Shreloom|71\/100 psn|[from] item: Leftovers\n|-heal|p2a: Shreloom|83\/100 psn|[from] ability: Poison Heal\n|upkeep\n|turn|19\n|\n|t:|1700720979\n|switch|p1a: Manaphy|Manaphy|100\/100\n|move|p2a: Shreloom|Leech Seed|p1a: Manaphy\n|-start|p1a: Manaphy|move: Leech Seed\n|\n|-heal|p2a: Shreloom|90\/100 psn|[from] Grassy Terrain\n|-heal|p2a: Shreloom|96\/100 psn|[from] item: Leftovers\n|-damage|p1a: Manaphy|88\/100|[from] Leech Seed|[of] p2a: Shreloom\n|-heal|p2a: Shreloom|100\/100 psn|[silent]\n|-fieldend|move: Grassy Terrain\n|upkeep\n|turn|20\n|\n|t:|1700720985\n|-singleturn|p2a: Shreloom|move: Focus Punch\n|move|p1a: Manaphy|Tail Glow|p1a: Manaphy\n|-boost|p1a: Manaphy|spa|3\n|move|p2a: Shreloom|Focus Punch|p1a: Manaphy\n|-damage|p1a: Manaphy|25\/100\n|\n|-damage|p1a: Manaphy|13\/100|[from] Leech Seed|[of] p2a: Shreloom\n|upkeep\n|turn|21\n|\n|t:|1700720994\n|move|p1a: Manaphy|Ice Beam|p2a: Shreloom\n|-supereffective|p2a: Shreloom\n|-end|p2a: Shreloom|Substitute\n|move|p2a: Shreloom|Substitute|p2a: Shreloom\n|-start|p2a: Shreloom|Substitute\n|-damage|p2a: Shreloom|76\/100 psn\n|\n|-heal|p2a: Shreloom|82\/100 psn|[from] item: Leftovers\n|-damage|p1a: Manaphy|1\/100|[from] Leech Seed|[of] p2a: Shreloom\n|-heal|p2a: Shreloom|95\/100 psn|[silent]\n|-heal|p2a: Shreloom|100\/100 psn|[from] ability: Poison Heal\n|upkeep\n|turn|22\n|\n|t:|1700721005\n|move|p1a: Manaphy|Ice Beam|p2a: Shreloom\n|-supereffective|p2a: Shreloom\n|-end|p2a: Shreloom|Substitute\n|move|p2a: Shreloom|Substitute|p2a: Shreloom\n|-start|p2a: Shreloom|Substitute\n|-damage|p2a: Shreloom|76\/100 psn\n|\n|-heal|p2a: Shreloom|82\/100 psn|[from] item: Leftovers\n|-damage|p1a: Manaphy|0 fnt|[from] Leech Seed|[of] p2a: Shreloom\n|-heal|p2a: Shreloom|82\/100 psn|[silent]\n|faint|p1a: Manaphy\n|-heal|p2a: Shreloom|95\/100 psn|[from] ability: Poison Heal\n|upkeep\n|\n|t:|1700721014\n|switch|p1a: Rillaboom|Rillaboom, M|84\/100\n|-fieldstart|move: Grassy Terrain|[from] ability: Grassy Surge|[of] p1a: Rillaboom\n|turn|23\n|\n|t:|1700721017\n|-singleturn|p2a: Shreloom|move: Focus Punch\n|move|p1a: Rillaboom|Swords Dance|p1a: Rillaboom\n|-boost|p1a: Rillaboom|atk|2\n|move|p2a: Shreloom|Focus Punch|p1a: Rillaboom\n|-damage|p1a: Rillaboom|13\/100\n|\n|-heal|p1a: Rillaboom|20\/100|[from] Grassy Terrain\n|-heal|p1a: Rillaboom|26\/100|[from] item: Leftovers\n|-heal|p2a: Shreloom|100\/100 psn|[from] Grassy Terrain\n|upkeep\n|turn|24\n|\n|t:|1700721021\n|-singleturn|p2a: Shreloom|move: Focus Punch\n|move|p1a: Rillaboom|Grassy Glide|p2a: Shreloom\n|-resisted|p2a: Shreloom\n|-end|p2a: Shreloom|Substitute\n|move|p2a: Shreloom|Focus Punch|p1a: Rillaboom\n|-damage|p1a: Rillaboom|0 fnt\n|faint|p1a: Rillaboom\n|\n|upkeep\n|\n|t:|1700721024\n|switch|p1a: Dragonite|Dragonite, F|88\/100 brn\n|turn|25\n|\n|t:|1700721029\n|-terastallize|p1a: Dragonite|Normal\n|move|p1a: Dragonite|Extreme Speed|p2a: Shreloom\n|-damage|p2a: Shreloom|72\/100 psn\n|move|p2a: Shreloom|Leech Seed|p1a: Dragonite\n|-start|p1a: Dragonite|move: Leech Seed\n|\n|-heal|p1a: Dragonite|94\/100 brn|[from] Grassy Terrain\n|-heal|p2a: Shreloom|79\/100 psn|[from] Grassy Terrain\n|-heal|p2a: Shreloom|85\/100 psn|[from] item: Leftovers\n|-damage|p1a: Dragonite|82\/100 brn|[from] Leech Seed|[of] p2a: Shreloom\n|-heal|p2a: Shreloom|97\/100 psn|[silent]\n|-heal|p2a: Shreloom|100\/100 psn|[from] ability: Poison Heal\n|-damage|p1a: Dragonite|76\/100 brn|[from] brn\n|upkeep\n|turn|26\n|\n|t:|1700721035\n|move|p1a: Dragonite|Extreme Speed|p2a: Shreloom\n|-damage|p2a: Shreloom|67\/100 psn\n|move|p2a: Shreloom|Substitute|p2a: Shreloom\n|-start|p2a: Shreloom|Substitute\n|-damage|p2a: Shreloom|42\/100 psn\n|\n|-heal|p1a: Dragonite|82\/100 brn|[from] Grassy Terrain\n|-heal|p2a: Shreloom|48\/100 psn|[from] Grassy Terrain\n|-heal|p2a: Shreloom|55\/100 psn|[from] item: Leftovers\n|-damage|p1a: Dragonite|70\/100 brn|[from] Leech Seed|[of] p2a: Shreloom\n|-heal|p2a: Shreloom|67\/100 psn|[silent]\n|-heal|p2a: Shreloom|79\/100 psn|[from] ability: Poison Heal\n|-damage|p1a: Dragonite|63\/100 brn|[from] brn\n|upkeep\n|turn|27\n|\n|t:|1700721038\n|-singleturn|p2a: Shreloom|move: Focus Punch\n|move|p1a: Dragonite|Extreme Speed|p2a: Shreloom\n|-end|p2a: Shreloom|Substitute\n|move|p2a: Shreloom|Focus Punch|p1a: Dragonite\n|-supereffective|p1a: Dragonite\n|-damage|p1a: Dragonite|0 fnt\n|faint|p1a: Dragonite\n|\n|-heal|p2a: Shreloom|86\/100 psn|[from] Grassy Terrain\n|-heal|p2a: Shreloom|92\/100 psn|[from] item: Leftovers\n|-heal|p2a: Shreloom|100\/100 psn|[from] ability: Poison Heal\n|-fieldend|move: Grassy Terrain\n|upkeep\n|\n|t:|1700721040\n|switch|p1a: Corviknight|Corviknight, M|65\/100 slp\n|-ability|p1a: Corviknight|Pressure\n|turn|28\n|-message|zafhn forfeited.\n|\n|win|freeswat\n|raw|zafhn's rating: 1120 &rarr; <strong>1096<\/strong><br \/>(-24 for losing)\n|raw|freeswat's rating: 1139 &rarr; <strong>1163<\/strong><br \/>(+24 for winning)\n|l|\u2606zafhn\n","uploadtime":1700721049,"views":4,"p1id":"zafhn","p2id":"freeswat","formatid":"gen9ou","rating":1096,"private":0,"password":""}