{"id":"gen9ou-1989391521","p1":"uraniumtitan","p2":"RepeatUntilTired3","format":"[Gen 9] OU","log":"|j|\u2606uraniumtitan\n|j|\u2606RepeatUntilTired3\n|t:|1699844328\n|gametype|singles\n|player|p1|uraniumtitan|gambler|1339\n|player|p2|RepeatUntilTired3|marlon|1297\n|teamsize|p1|6\n|teamsize|p2|6\n|gen|9\n|tier|[Gen 9] OU\n|rated|\n|rule|Sleep Clause Mod: Limit one foe put to sleep\n|rule|Species Clause: Limit one of each Pok\u00e9mon\n|rule|OHKO Clause: OHKO moves are banned\n|rule|Evasion Items Clause: Evasion items are banned\n|rule|Evasion Moves Clause: Evasion moves are banned\n|rule|Endless Battle Clause: Forcing endless battles is banned\n|rule|HP Percentage Mod: HP is shown in percentages\n|clearpoke\n|poke|p1|Thundurus-Therian, M|\n|poke|p1|Kingambit, F|\n|poke|p1|Dragapult, F|\n|poke|p1|Garchomp, M|\n|poke|p1|Zamazenta-*|\n|poke|p1|Ogerpon-Wellspring, F|\n|poke|p2|Basculegion-F, F|\n|poke|p2|Thundurus-Therian, M|\n|poke|p2|Zapdos|\n|poke|p2|Pelipper, M|\n|poke|p2|Iron Treads|\n|poke|p2|Samurott-Hisui, M|\n|teampreview\n|inactive|Battle timer is ON: inactive players will automatically lose when time's up. (requested by RepeatUntilTired3)\n|c|\u2606uraniumtitan|heyy\n|c|\u2606uraniumtitan|we just had a battle\n|\n|t:|1699844354\n|start\n|switch|p1a: Dragapult|Dragapult, F|100\/100\n|switch|p2a: BigDaddyPel|Pelipper, M|100\/100\n|-weather|RainDance|[from] ability: Drizzle|[of] p2a: BigDaddyPel\n|turn|1\n|\n|t:|1699844368\n|move|p1a: Dragapult|Light Screen|p1a: Dragapult\n|-sidestart|p1: uraniumtitan|move: Light Screen\n|move|p2a: BigDaddyPel|Knock Off|p1a: Dragapult\n|-supereffective|p1a: Dragapult\n|-damage|p1a: Dragapult|70\/100\n|-enditem|p1a: Dragapult|Light Clay|[from] move: Knock Off|[of] p2a: BigDaddyPel\n|\n|-weather|RainDance|[upkeep]\n|upkeep\n|turn|2\n|\n|t:|1699844375\n|move|p1a: Dragapult|Dragon Darts|p2a: BigDaddyPel\n|-damage|p2a: BigDaddyPel|78\/100\n|-anim|p1a: Dragapult|Dragon Darts|p2a: BigDaddyPel\n|-damage|p2a: BigDaddyPel|57\/100\n|move|p2a: BigDaddyPel|U-turn|p1a: Dragapult\n|-resisted|p1a: Dragapult\n|-damage|p1a: Dragapult|65\/100\n|\n|t:|1699844382\n|switch|p2a: Him|Samurott-Hisui, M|100\/100|[from] U-turn\n|\n|-weather|RainDance|[upkeep]\n|upkeep\n|turn|3\n|\n|t:|1699844389\n|move|p1a: Dragapult|Reflect|p1a: Dragapult\n|-sidestart|p1: uraniumtitan|Reflect\n|move|p2a: Him|Ceaseless Edge|p1a: Dragapult\n|-supereffective|p1a: Dragapult\n|-damage|p1a: Dragapult|0 fnt\n|-sidestart|p1: uraniumtitan|Spikes\n|faint|p1a: Dragapult\n|\n|-weather|RainDance|[upkeep]\n|upkeep\n|\n|t:|1699844398\n|switch|p1a: Thundurus|Thundurus-Therian, M|100\/100\n|turn|4\n|\n|t:|1699844403\n|switch|p1a: Garchomp|Garchomp, M|100\/100\n|-damage|p1a: Garchomp|88\/100|[from] Spikes\n|switch|p2a: Droideka|Iron Treads|100\/100\n|\n|-weather|RainDance|[upkeep]\n|upkeep\n|turn|5\n|\n|t:|1699844413\n|-end|p2a: Droideka|Quark Drive|[silent]\n|switch|p2a: BigBird|Zapdos|100\/100\n|move|p1a: Garchomp|Swords Dance|p1a: Garchomp\n|-boost|p1a: Garchomp|atk|2\n|\n|-weather|RainDance|[upkeep]\n|upkeep\n|turn|6\n|\n|t:|1699844423\n|move|p1a: Garchomp|Outrage|p2a: BigBird\n|-damage|p2a: BigBird|11\/100\n|-status|p1a: Garchomp|par|[from] ability: Static|[of] p2a: BigBird\n|-enditem|p1a: Garchomp|Lum Berry|[eat]\n|-curestatus|p1a: Garchomp|par|[msg]\n|move|p2a: BigBird|Hurricane|p1a: Garchomp\n|-damage|p1a: Garchomp|61\/100\n|\n|-weather|RainDance|[upkeep]\n|upkeep\n|turn|7\n|\n|t:|1699844433\n|switch|p2a: Droideka|Iron Treads|100\/100\n|move|p1a: Garchomp|Outrage|p2a: Droideka|[from]lockedmove\n|-resisted|p2a: Droideka\n|-damage|p2a: Droideka|55\/100\n|-start|p1a: Garchomp|confusion|[fatigue]\n|\n|-weather|RainDance|[upkeep]\n|-heal|p2a: Droideka|62\/100|[from] item: Leftovers\n|-sideend|p1: uraniumtitan|Reflect\n|upkeep\n|turn|8\n|\n|t:|1699844443\n|-activate|p1a: Garchomp|confusion\n|move|p1a: Garchomp|Earthquake|p2a: Droideka\n|-supereffective|p2a: Droideka\n|-damage|p2a: Droideka|0 fnt\n|faint|p2a: Droideka\n|-end|p2a: Droideka|Quark Drive|[silent]\n|\n|-weather|none\n|-sideend|p1: uraniumtitan|move: Light Screen\n|upkeep\n|\n|t:|1699844451\n|switch|p2a: BigDaddyPel|Pelipper, M|57\/100\n|-weather|RainDance|[from] ability: Drizzle|[of] p2a: BigDaddyPel\n|turn|9\n|\n|t:|1699844458\n|-activate|p1a: Garchomp|confusion\n|-damage|p1a: Garchomp|33\/100|[from] confusion\n|move|p2a: BigDaddyPel|U-turn|p1a: Garchomp\n|-crit|p1a: Garchomp\n|-damage|p1a: Garchomp|19\/100\n|-damage|p2a: BigDaddyPel|44\/100|[from] ability: Rough Skin|[of] p1a: Garchomp\n|\n|t:|1699844467\n|switch|p2a: Her|Basculegion-F, F|100\/100|[from] U-turn\n|\n|-weather|RainDance|[upkeep]\n|upkeep\n|turn|10\n|\n|t:|1699844479\n|move|p2a: Her|Shadow Ball|p1a: Garchomp\n|-damage|p1a: Garchomp|0 fnt\n|faint|p1a: Garchomp\n|\n|-weather|RainDance|[upkeep]\n|upkeep\n|\n|t:|1699844489\n|switch|p1a: Ogerpon|Ogerpon-Wellspring, F|100\/100\n|-damage|p1a: Ogerpon|88\/100|[from] Spikes\n|turn|11\n|\n|t:|1699844507\n|switch|p2a: BigBird|Zapdos|11\/100\n|-terastallize|p1a: Ogerpon|Water\n|detailschange|p1a: Ogerpon|Ogerpon-Wellspring-Tera, F, tera:Water\n|-ability|p1a: Ogerpon|Embody Aspect (Wellspring)|boost\n|-boost|p1a: Ogerpon|spd|1\n|move|p1a: Ogerpon|Ivy Cudgel|p2a: BigBird\n|-damage|p2a: BigBird|0 fnt\n|faint|p2a: BigBird\n|\n|-weather|RainDance|[upkeep]\n|upkeep\n|\n|t:|1699844518\n|switch|p2a: FatThor|Thundurus-Therian, M|100\/100\n|turn|12\n|\n|t:|1699844530\n|-terastallize|p2a: FatThor|Water\n|move|p1a: Ogerpon|Taunt|p2a: FatThor\n|-start|p2a: FatThor|move: Taunt\n|move|p2a: FatThor|Thunder|p1a: Ogerpon\n|-supereffective|p1a: Ogerpon\n|-damage|p1a: Ogerpon|0 fnt\n|faint|p1a: Ogerpon\n|\n|-weather|RainDance|[upkeep]\n|upkeep\n|\n|t:|1699844543\n|switch|p1a: Kingambit|Kingambit, F|100\/100\n|-damage|p1a: Kingambit|88\/100|[from] Spikes\n|-activate|p1a: Kingambit|ability: Supreme Overlord\n|-start|p1a: Kingambit|fallen3|[silent]\n|turn|13\n|\n|t:|1699844550\n|move|p1a: Kingambit|Sucker Punch|p2a: FatThor\n|-damage|p2a: FatThor|25\/100\n|move|p2a: FatThor|Thunder|p1a: Kingambit\n|-damage|p1a: Kingambit|20\/100\n|-status|p1a: Kingambit|par\n|\n|-weather|RainDance|[upkeep]\n|-heal|p1a: Kingambit|26\/100 par|[from] item: Leftovers\n|upkeep\n|turn|14\n|\n|t:|1699844560\n|switch|p2a: Him|Samurott-Hisui, M|100\/100\n|move|p1a: Kingambit|Sucker Punch||[still]\n|-fail|p1a: Kingambit\n|\n|-weather|RainDance|[upkeep]\n|-heal|p1a: Kingambit|32\/100 par|[from] item: Leftovers\n|upkeep\n|turn|15\n|\n|t:|1699844576\n|move|p1a: Kingambit|Sucker Punch|p2a: Him\n|-resisted|p2a: Him\n|-damage|p2a: Him|70\/100\n|move|p2a: Him|Aqua Cutter|p1a: Kingambit\n|-damage|p1a: Kingambit|0 fnt\n|faint|p1a: Kingambit\n|-end|p1a: Kingambit|fallen3|[silent]\n|\n|-weather|RainDance|[upkeep]\n|upkeep\n|\n|t:|1699844584\n|switch|p1a: Thundurus|Thundurus-Therian, M|100\/100\n|turn|16\n|\n|t:|1699844588\n|move|p1a: Thundurus|Nasty Plot|p1a: Thundurus\n|-boost|p1a: Thundurus|spa|2\n|move|p2a: Him|Aqua Cutter|p1a: Thundurus\n|-crit|p1a: Thundurus\n|-damage|p1a: Thundurus|0 fnt\n|faint|p1a: Thundurus\n|\n|-weather|none\n|upkeep\n|\n|t:|1699844597\n|switch|p1a: Zamazenta|Zamazenta|100\/100\n|-damage|p1a: Zamazenta|88\/100|[from] Spikes\n|-ability|p1a: Zamazenta|Dauntless Shield|boost\n|-boost|p1a: Zamazenta|def|1\n|turn|17\n|\n|t:|1699844604\n|switch|p2a: BigDaddyPel|Pelipper, M|44\/100\n|-weather|RainDance|[from] ability: Drizzle|[of] p2a: BigDaddyPel\n|move|p1a: Zamazenta|Body Press|p2a: BigDaddyPel\n|-resisted|p2a: BigDaddyPel\n|-damage|p2a: BigDaddyPel|17\/100\n|\n|-weather|RainDance|[upkeep]\n|-heal|p1a: Zamazenta|94\/100|[from] item: Leftovers\n|upkeep\n|turn|18\n|\n|t:|1699844613\n|move|p1a: Zamazenta|Body Press|p2a: BigDaddyPel\n|-resisted|p2a: BigDaddyPel\n|-damage|p2a: BigDaddyPel|0 fnt\n|faint|p2a: BigDaddyPel\n|\n|-weather|RainDance|[upkeep]\n|-heal|p1a: Zamazenta|100\/100|[from] item: Leftovers\n|upkeep\n|\n|t:|1699844619\n|switch|p2a: Her|Basculegion-F, F|100\/100\n|turn|19\n|\n|t:|1699844623\n|move|p2a: Her|Surf|p1a: Zamazenta\n|-damage|p1a: Zamazenta|29\/100\n|move|p1a: Zamazenta|Crunch|p2a: Her\n|-supereffective|p2a: Her\n|-damage|p2a: Her|42\/100\n|\n|-weather|RainDance|[upkeep]\n|-heal|p1a: Zamazenta|35\/100|[from] item: Leftovers\n|upkeep\n|turn|20\n|\n|t:|1699844630\n|move|p2a: Her|Surf|p1a: Zamazenta\n|-damage|p1a: Zamazenta|0 fnt\n|faint|p1a: Zamazenta\n|\n|win|RepeatUntilTired3\n|raw|uraniumtitan's rating: 1339 &rarr; <strong>1317<\/strong><br \/>(-22 for losing)\n|raw|RepeatUntilTired3's rating: 1297 &rarr; <strong>1325<\/strong><br \/>(+28 for winning)\n|l|\u2606uraniumtitan\n","uploadtime":1699844637,"views":51,"p1id":"uraniumtitan","p2id":"repeatuntiltired3","formatid":"gen9ou","rating":1317,"private":0,"password":""}