{"id":"gen9ou-1991740854","p1":"notgg115","p2":"AubreyOmori1","format":"[Gen 9] OU","log":"|j|\u203dnotgg115\n|j|\u2606AubreyOmori1\n|t:|1700109459\n|gametype|singles\n|player|p1|notgg115|blaine|1421\n|player|p2|AubreyOmori1|roxie|1338\n|teamsize|p1|6\n|teamsize|p2|6\n|gen|9\n|tier|[Gen 9] OU\n|rated|\n|rule|Sleep Clause Mod: Limit one foe put to sleep\n|rule|Species Clause: Limit one of each Pok\u00e9mon\n|rule|OHKO Clause: OHKO moves are banned\n|rule|Evasion Items Clause: Evasion items are banned\n|rule|Evasion Moves Clause: Evasion moves are banned\n|rule|Endless Battle Clause: Forcing endless battles is banned\n|rule|HP Percentage Mod: HP is shown in percentages\n|clearpoke\n|poke|p1|Weezing-Galar, F|\n|poke|p1|Milotic, F|\n|poke|p1|Iron Valiant|\n|poke|p1|Heatran, F|\n|poke|p1|Meowscarada, M|\n|poke|p1|Great Tusk|\n|poke|p2|Rillaboom, M|\n|poke|p2|Ogerpon-Wellspring, F|\n|poke|p2|Sneasler, F|\n|poke|p2|Manaphy|\n|poke|p2|Kingambit, M|\n|poke|p2|Heatran, M|\n|teampreview\n|inactive|Battle timer is ON: inactive players will automatically lose when time's up. (requested by AubreyOmori1)\n|\n|t:|1700109479\n|start\n|switch|p1a: Meowscarada|Meowscarada, M|100\/100\n|switch|p2a: Donkey Kong|Rillaboom, M, shiny|100\/100\n|-fieldstart|move: Grassy Terrain|[from] ability: Grassy Surge|[of] p2a: Donkey Kong\n|turn|1\n|\n|t:|1700109487\n|move|p1a: Meowscarada|U-turn|p2a: Donkey Kong\n|-supereffective|p2a: Donkey Kong\n|-damage|p2a: Donkey Kong|56\/100\n|\n|t:|1700109491\n|switch|p1a: Heatran|Heatran, F|100\/100|[from] U-turn\n|move|p2a: Donkey Kong|Knock Off|p1a: Heatran\n|-damage|p1a: Heatran|55\/100\n|-enditem|p1a: Heatran|Leftovers|[from] move: Knock Off|[of] p2a: Donkey Kong\n|\n|-heal|p2a: Donkey Kong|62\/100|[from] Grassy Terrain\n|-heal|p1a: Heatran|62\/100|[from] Grassy Terrain\n|upkeep\n|turn|2\n|\n|t:|1700109504\n|switch|p2a: Firey|Heatran, M, shiny|100\/100\n|-item|p2a: Firey|Air Balloon\n|move|p1a: Heatran|Stealth Rock|p2a: Firey\n|-sidestart|p2: AubreyOmori1|move: Stealth Rock\n|\n|-heal|p1a: Heatran|68\/100|[from] Grassy Terrain\n|upkeep\n|turn|3\n|\n|t:|1700109511\n|switch|p1a: Milotic|Milotic, F|100\/100\n|move|p2a: Firey|Stealth Rock|p1a: Milotic\n|-sidestart|p1: notgg115|move: Stealth Rock\n|\n|upkeep\n|turn|4\n|\n|t:|1700109522\n|switch|p1a: Weezing|Weezing-Galar, F|100\/100\n|-ability|p1a: Weezing|Neutralizing Gas\n|switch|p2a: Manaphy|Manaphy|100\/100\n|-damage|p2a: Manaphy|88\/100|[from] Stealth Rock\n|\n|-heal|p2a: Manaphy|94\/100|[from] Grassy Terrain\n|upkeep\n|turn|5\n|\n|t:|1700109527\n|move|p2a: Manaphy|Tail Glow|p2a: Manaphy\n|-boost|p2a: Manaphy|spa|3\n|move|p1a: Weezing|Taunt|p2a: Manaphy\n|-start|p2a: Manaphy|move: Taunt\n|\n|-heal|p2a: Manaphy|100\/100|[from] Grassy Terrain\n|-fieldend|move: Grassy Terrain\n|upkeep\n|turn|6\n|\n|t:|1700109531\n|-end|p1a: Weezing|ability: Neutralizing Gas\n|switch|p1a: Milotic|Milotic, F|100\/100\n|move|p2a: Manaphy|Surf|p1a: Milotic\n|-resisted|p1a: Milotic\n|-damage|p1a: Milotic|78\/100\n|\n|upkeep\n|turn|7\n|\n|t:|1700109535\n|move|p2a: Manaphy|Energy Ball|p1a: Milotic\n|-supereffective|p1a: Milotic\n|-damage|p1a: Milotic|20\/100\n|-unboost|p1a: Milotic|spd|1\n|move|p1a: Milotic|Mirror Coat|p2a: Manaphy\n|-damage|p2a: Manaphy|0 fnt\n|faint|p2a: Manaphy\n|\n|upkeep\n|\n|t:|1700109544\n|switch|p2a: Donkey Kong|Rillaboom, M, shiny|62\/100\n|-damage|p2a: Donkey Kong|50\/100|[from] Stealth Rock\n|-fieldstart|move: Grassy Terrain|[from] ability: Grassy Surge|[of] p2a: Donkey Kong\n|turn|8\n|\n|t:|1700109548\n|switch|p1a: Weezing|Weezing-Galar, F|100\/100\n|-ability|p1a: Weezing|Neutralizing Gas\n|move|p2a: Donkey Kong|U-turn|p1a: Weezing\n|-resisted|p1a: Weezing\n|-damage|p1a: Weezing|94\/100\n|\n|t:|1700109553\n|switch|p2a: Firey|Heatran, M, shiny|100\/100|[from] U-turn\n|-damage|p2a: Firey|88\/100|[from] Stealth Rock\n|-item|p2a: Firey|Air Balloon\n|\n|-heal|p1a: Weezing|99\/100|[from] Grassy Terrain\n|upkeep\n|turn|9\n|\n|t:|1700109571\n|-end|p1a: Weezing|ability: Neutralizing Gas\n|switch|p1a: Meowscarada|Meowscarada, M|100\/100\n|move|p2a: Firey|Magma Storm|p1a: Meowscarada\n|-supereffective|p1a: Meowscarada\n|-damage|p1a: Meowscarada|0 fnt\n|faint|p1a: Meowscarada\n|\n|upkeep\n|\n|t:|1700109584\n|switch|p1a: Milotic|Milotic, F|20\/100\n|turn|10\n|\n|t:|1700109591\n|switch|p2a: Gangle|Ogerpon-Wellspring, F|100\/100\n|-damage|p2a: Gangle|88\/100|[from] Stealth Rock\n|move|p1a: Milotic|Recover|p1a: Milotic\n|-heal|p1a: Milotic|70\/100\n|\n|-heal|p2a: Gangle|94\/100|[from] Grassy Terrain\n|-heal|p1a: Milotic|76\/100|[from] Grassy Terrain\n|upkeep\n|turn|11\n|\n|t:|1700109599\n|switch|p1a: Weezing|Weezing-Galar, F|99\/100\n|-ability|p1a: Weezing|Neutralizing Gas\n|move|p2a: Gangle|Swords Dance|p2a: Gangle\n|-boost|p2a: Gangle|atk|2\n|\n|-heal|p2a: Gangle|99\/100|[from] Grassy Terrain\n|-heal|p1a: Weezing|100\/100|[from] Grassy Terrain\n|upkeep\n|turn|12\n|\n|t:|1700109604\n|-terastallize|p2a: Gangle|Water\n|detailschange|p2a: Gangle|Ogerpon-Wellspring-Tera, F, tera:Water\n|move|p2a: Gangle|Ivy Cudgel|p1a: Weezing|[anim] Ivy Cudgel Water\n|-damage|p1a: Weezing|0 fnt\n|faint|p1a: Weezing\n|-end|p1a: Weezing|ability: Neutralizing Gas\n|-ability|p2a: Gangle|Embody Aspect (Wellspring)|boost\n|-boost|p2a: Gangle|spd|1\n|\n|-heal|p2a: Gangle|100\/100|[from] Grassy Terrain\n|-fieldend|move: Grassy Terrain\n|upkeep\n|-message|notgg115 forfeited.\n|\n|win|AubreyOmori1\n|raw|notgg115's rating: 1421 &rarr; <strong>1396<\/strong><br \/>(-25 for losing)\n|raw|AubreyOmori1's rating: 1338 &rarr; <strong>1363<\/strong><br \/>(+25 for winning)\n|l|\u203dnotgg115\n","uploadtime":1700109622,"views":7,"p1id":"notgg115","p2id":"aubreyomori1","formatid":"gen9ou","rating":1363,"private":0,"password":""}