{"id":"gen9ou-1994122684","p1":"Am I leeroy?","p2":"malk tyme","format":"[Gen 9] OU","log":"|j|\u2606Am I leeroy?\n|j|\u2606malk tyme\n|t:|1700409558\n|gametype|singles\n|player|p1|Am I leeroy?|pokemaniac|1418\n|player|p2|malk tyme|169|1455\n|teamsize|p1|6\n|teamsize|p2|6\n|gen|9\n|tier|[Gen 9] OU\n|rated|\n|rule|Sleep Clause Mod: Limit one foe put to sleep\n|rule|Species Clause: Limit one of each Pok\u00e9mon\n|rule|OHKO Clause: OHKO moves are banned\n|rule|Evasion Items Clause: Evasion items are banned\n|rule|Evasion Moves Clause: Evasion moves are banned\n|rule|Endless Battle Clause: Forcing endless battles is banned\n|rule|HP Percentage Mod: HP is shown in percentages\n|clearpoke\n|poke|p1|Iron Hands|\n|poke|p1|Toxapex, F|\n|poke|p1|Weezing-Galar, M|\n|poke|p1|Kingambit, F|\n|poke|p1|Sandy Shocks|\n|poke|p1|Iron Valiant|\n|poke|p2|Grimmsnarl, M|\n|poke|p2|Mew|\n|poke|p2|Corviknight, F|\n|poke|p2|Cinderace, F|\n|poke|p2|Skeledirge, F|\n|poke|p2|Garchomp, F|\n|teampreview\n|\n|t:|1700409573\n|start\n|switch|p1a: Weezing|Weezing-Galar, M|100\/100\n|switch|p2a: Grimmsnarl|Grimmsnarl, M|100\/100\n|turn|1\n|\n|t:|1700409579\n|move|p2a: Grimmsnarl|Thunder Wave|p1a: Weezing\n|-status|p1a: Weezing|par\n|move|p1a: Weezing|Strange Steam|p2a: Grimmsnarl\n|-supereffective|p2a: Grimmsnarl\n|-damage|p2a: Grimmsnarl|62\/100\n|\n|upkeep\n|turn|2\n|\n|t:|1700409584\n|move|p2a: Grimmsnarl|Light Screen|p2a: Grimmsnarl\n|-sidestart|p2: malk tyme|move: Light Screen\n|move|p1a: Weezing|Strange Steam|p2a: Grimmsnarl\n|-supereffective|p2a: Grimmsnarl\n|-damage|p2a: Grimmsnarl|43\/100\n|\n|upkeep\n|turn|3\n|\n|t:|1700409588\n|switch|p2a: Skeledirge|Skeledirge, F|100\/100\n|move|p1a: Weezing|Defog|p2a: Skeledirge\n|-unboost|p2a: Skeledirge|evasion|1\n|-sideend|p2: malk tyme|move: Light Screen\n|\n|upkeep\n|turn|4\n|\n|t:|1700409593\n|switch|p1a: Sandy Shocks|Sandy Shocks|100\/100\n|-enditem|p1a: Sandy Shocks|Booster Energy\n|-activate|p1a: Sandy Shocks|ability: Protosynthesis|[fromitem]\n|-start|p1a: Sandy Shocks|protosynthesisspe\n|move|p2a: Skeledirge|Torch Song|p1a: Sandy Shocks\n|-damage|p1a: Sandy Shocks|64\/100\n|-boost|p2a: Skeledirge|spa|1\n|\n|upkeep\n|turn|5\n|\n|t:|1700409599\n|switch|p2a: Corviknight|Corviknight, F|100\/100\n|-ability|p2a: Corviknight|Pressure\n|move|p1a: Sandy Shocks|Earth Power|p2a: Corviknight\n|-immune|p2a: Corviknight\n|\n|upkeep\n|turn|6\n|\n|t:|1700409604\n|switch|p2a: Garchomp|Garchomp, F|100\/100\n|move|p1a: Sandy Shocks|Stealth Rock|p2a: Garchomp\n|-sidestart|p2: malk tyme|move: Stealth Rock\n|\n|upkeep\n|turn|7\n|inactive|Battle timer is ON: inactive players will automatically lose when time's up. (requested by Am I leeroy?)\n|\n|t:|1700409612\n|-end|p1a: Sandy Shocks|Protosynthesis|[silent]\n|switch|p1a: Weezing|Weezing-Galar, M|100\/100 par\n|switch|p2a: Corviknight|Corviknight, F|100\/100\n|-damage|p2a: Corviknight|88\/100|[from] Stealth Rock\n|-ability|p2a: Corviknight|Pressure\n|\n|upkeep\n|turn|8\n|\n|t:|1700409619\n|switch|p2a: Skeledirge|Skeledirge, F|100\/100\n|move|p1a: Weezing|Will-O-Wisp|p2a: Skeledirge\n|-immune|p2a: Skeledirge\n|\n|upkeep\n|turn|9\n|\n|t:|1700409629\n|switch|p1a: Toxapex|Toxapex, F|100\/100\n|move|p2a: Skeledirge|Torch Song|p1a: Toxapex\n|-resisted|p1a: Toxapex\n|-damage|p1a: Toxapex|91\/100\n|-boost|p2a: Skeledirge|spa|1\n|\n|-heal|p1a: Toxapex|98\/100|[from] item: Leftovers\n|upkeep\n|turn|10\n|\n|t:|1700409633\n|switch|p2a: Corviknight|Corviknight, F|88\/100\n|-damage|p2a: Corviknight|75\/100|[from] Stealth Rock\n|-ability|p2a: Corviknight|Pressure\n|move|p1a: Toxapex|Chilling Water|p2a: Corviknight\n|-damage|p2a: Corviknight|66\/100\n|-unboost|p2a: Corviknight|atk|1\n|\n|-heal|p1a: Toxapex|100\/100|[from] item: Leftovers\n|upkeep\n|turn|11\n|\n|t:|1700409638\n|move|p2a: Corviknight|Roost|p2a: Corviknight\n|-heal|p2a: Corviknight|100\/100\n|-singleturn|p2a: Corviknight|move: Roost\n|move|p1a: Toxapex|Chilling Water|p2a: Corviknight\n|-damage|p2a: Corviknight|92\/100\n|-unboost|p2a: Corviknight|atk|1\n|\n|upkeep\n|turn|12\n|\n|t:|1700409645\n|switch|p2a: Grimmsnarl|Grimmsnarl, M|43\/100\n|-damage|p2a: Grimmsnarl|30\/100|[from] Stealth Rock\n|move|p1a: Toxapex|Chilling Water|p2a: Grimmsnarl\n|-damage|p2a: Grimmsnarl|21\/100\n|-unboost|p2a: Grimmsnarl|atk|1\n|\n|upkeep\n|turn|13\n|\n|t:|1700409654\n|switch|p1a: Kingambit|Kingambit, F|100\/100\n|move|p2a: Grimmsnarl|Light Screen|p2a: Grimmsnarl\n|-sidestart|p2: malk tyme|move: Light Screen\n|\n|upkeep\n|turn|14\n|\n|t:|1700409661\n|move|p2a: Grimmsnarl|Reflect|p2a: Grimmsnarl\n|-sidestart|p2: malk tyme|Reflect\n|move|p1a: Kingambit|Iron Head|p2a: Grimmsnarl\n|-supereffective|p2a: Grimmsnarl\n|-damage|p2a: Grimmsnarl|0 fnt\n|faint|p2a: Grimmsnarl\n|\n|upkeep\n|\n|t:|1700409665\n|switch|p2a: Skeledirge|Skeledirge, F|100\/100\n|turn|15\n|\n|t:|1700409681\n|-end|p1a: Kingambit|fallenundefined|[silent]\n|switch|p1a: Weezing|Weezing-Galar, M|100\/100 par\n|move|p2a: Skeledirge|Torch Song|p1a: Weezing\n|-damage|p1a: Weezing|61\/100 par\n|-boost|p2a: Skeledirge|spa|1\n|\n|-heal|p1a: Weezing|67\/100 par|[from] item: Leftovers\n|upkeep\n|turn|16\n|\n|t:|1700409685\n|move|p2a: Skeledirge|Torch Song|p1a: Weezing\n|-damage|p1a: Weezing|9\/100 par\n|-boost|p2a: Skeledirge|spa|1\n|move|p1a: Weezing|Defog|p2a: Skeledirge\n|-unboost|p2a: Skeledirge|evasion|1\n|-sideend|p2: malk tyme|Reflect\n|-sideend|p2: malk tyme|move: Light Screen\n|-sideend|p2: malk tyme|Stealth Rock|[from] move: Defog|[of] p1a: Weezing\n|\n|-heal|p1a: Weezing|15\/100 par|[from] item: Leftovers\n|upkeep\n|turn|17\n|\n|t:|1700409688\n|switch|p1a: Toxapex|Toxapex, F|100\/100\n|move|p2a: Skeledirge|Torch Song|p1a: Toxapex\n|-resisted|p1a: Toxapex\n|-damage|p1a: Toxapex|81\/100\n|-boost|p2a: Skeledirge|spa|1\n|\n|-heal|p1a: Toxapex|87\/100|[from] item: Leftovers\n|upkeep\n|turn|18\n|\n|t:|1700409692\n|move|p2a: Skeledirge|Earth Power|p1a: Toxapex\n|-supereffective|p1a: Toxapex\n|-damage|p1a: Toxapex|18\/100\n|move|p1a: Toxapex|Haze|p1a: Toxapex\n|-clearallboost\n|\n|-heal|p1a: Toxapex|24\/100|[from] item: Leftovers\n|upkeep\n|turn|19\n|\n|t:|1700409695\n|switch|p1a: Weezing|Weezing-Galar, M|15\/100 par\n|move|p2a: Skeledirge|Torch Song|p1a: Weezing\n|-damage|p1a: Weezing|0 fnt\n|-boost|p2a: Skeledirge|spa|1\n|faint|p1a: Weezing\n|\n|upkeep\n|\n|t:|1700409698\n|switch|p1a: Toxapex|Toxapex, F|57\/100\n|turn|20\n|\n|t:|1700409700\n|move|p2a: Skeledirge|Earth Power|p1a: Toxapex\n|-supereffective|p1a: Toxapex\n|-damage|p1a: Toxapex|14\/100\n|move|p1a: Toxapex|Recover|p1a: Toxapex\n|-heal|p1a: Toxapex|64\/100\n|\n|-heal|p1a: Toxapex|70\/100|[from] item: Leftovers\n|upkeep\n|turn|21\n|\n|t:|1700409706\n|move|p2a: Skeledirge|Earth Power|p1a: Toxapex\n|-supereffective|p1a: Toxapex\n|-crit|p1a: Toxapex\n|-damage|p1a: Toxapex|2\/100\n|-unboost|p1a: Toxapex|spd|1\n|move|p1a: Toxapex|Haze|p1a: Toxapex\n|-clearallboost\n|\n|-heal|p1a: Toxapex|8\/100|[from] item: Leftovers\n|upkeep\n|turn|22\n|\n|t:|1700409709\n|switch|p1a: Iron Hands|Iron Hands|100\/100\n|move|p2a: Skeledirge|Torch Song|p1a: Iron Hands\n|-damage|p1a: Iron Hands|82\/100\n|-boost|p2a: Skeledirge|spa|1\n|\n|upkeep\n|turn|23\n|\n|t:|1700409714\n|move|p2a: Skeledirge|Torch Song|p1a: Iron Hands\n|-damage|p1a: Iron Hands|54\/100\n|-boost|p2a: Skeledirge|spa|1\n|move|p1a: Iron Hands|Earthquake|p2a: Skeledirge\n|-supereffective|p2a: Skeledirge\n|-damage|p2a: Skeledirge|45\/100\n|\n|upkeep\n|turn|24\n|\n|t:|1700409733\n|-terastallize|p1a: Iron Hands|Fighting\n|move|p2a: Skeledirge|Slack Off|p2a: Skeledirge\n|-heal|p2a: Skeledirge|95\/100\n|move|p1a: Iron Hands|Earthquake|p2a: Skeledirge\n|-supereffective|p2a: Skeledirge\n|-damage|p2a: Skeledirge|43\/100\n|\n|upkeep\n|turn|25\n|\n|t:|1700409738\n|move|p2a: Skeledirge|Will-O-Wisp|p1a: Iron Hands\n|-status|p1a: Iron Hands|brn\n|move|p1a: Iron Hands|Earthquake|p2a: Skeledirge\n|-supereffective|p2a: Skeledirge\n|-damage|p2a: Skeledirge|17\/100\n|\n|-damage|p1a: Iron Hands|48\/100 brn|[from] brn\n|upkeep\n|turn|26\n|c|\u2606Am I leeroy?|gay ass croc\n|\n|t:|1700409751\n|move|p2a: Skeledirge|Slack Off|p2a: Skeledirge\n|-heal|p2a: Skeledirge|67\/100\n|move|p1a: Iron Hands|Earthquake|p2a: Skeledirge\n|-supereffective|p2a: Skeledirge\n|-damage|p2a: Skeledirge|40\/100\n|\n|-damage|p1a: Iron Hands|42\/100 brn|[from] brn\n|upkeep\n|turn|27\n|c|\u2606malk tyme|lol\n|\n|t:|1700409756\n|-end|p1a: Iron Hands|Quark Drive|[silent]\n|switch|p1a: Sandy Shocks|Sandy Shocks|64\/100\n|move|p2a: Skeledirge|Slack Off|p2a: Skeledirge\n|-heal|p2a: Skeledirge|90\/100\n|\n|upkeep\n|turn|28\n|c|\u2606malk tyme|u run gambit, shut up\n|\n|t:|1700409773\n|switch|p2a: Corviknight|Corviknight, F|92\/100\n|-ability|p2a: Corviknight|Pressure\n|move|p1a: Sandy Shocks|Earth Power|p2a: Corviknight\n|-immune|p2a: Corviknight\n|\n|upkeep\n|turn|29\n|c|\u2606Am I leeroy?|cry\n|c|\u2606malk tyme|im winning no need\n|c|\u2606Am I leeroy?|then why do you complain\n|c|\u2606malk tyme|u complaining\n|inactive|Am I leeroy? has 120 seconds left.\n|c|\u2606malk tyme|im tellin u to shut up, u use gambit\n|c|\u2606Am I leeroy?|idc\n|\n|t:|1700409819\n|switch|p2a: Garchomp|Garchomp, F|100\/100\n|move|p1a: Sandy Shocks|Spikes|p2a: Garchomp\n|-sidestart|p2: malk tyme|Spikes\n|\n|upkeep\n|turn|30\n|\n|t:|1700409829\n|move|p2a: Garchomp|Earthquake|p1a: Sandy Shocks\n|-supereffective|p1a: Sandy Shocks\n|-damage|p1a: Sandy Shocks|0 fnt\n|faint|p1a: Sandy Shocks\n|-end|p1a: Sandy Shocks|Protosynthesis|[silent]\n|\n|upkeep\n|\n|t:|1700409848\n|switch|p1a: Iron Valiant|Iron Valiant|100\/100\n|-enditem|p1a: Iron Valiant|Booster Energy\n|-activate|p1a: Iron Valiant|ability: Quark Drive|[fromitem]\n|-start|p1a: Iron Valiant|quarkdrivespe\n|turn|31\n|\n|t:|1700409851\n|-terastallize|p2a: Garchomp|Steel\n|move|p1a: Iron Valiant|Calm Mind|p1a: Iron Valiant\n|-boost|p1a: Iron Valiant|spa|1\n|-boost|p1a: Iron Valiant|spd|1\n|move|p2a: Garchomp|Iron Head|p1a: Iron Valiant\n|-supereffective|p1a: Iron Valiant\n|-damage|p1a: Iron Valiant|0 fnt\n|faint|p1a: Iron Valiant\n|-end|p1a: Iron Valiant|Quark Drive|[silent]\n|\n|upkeep\n|\n|t:|1700409862\n|switch|p1a: Kingambit|Kingambit, F|100\/100\n|-activate|p1a: Kingambit|ability: Supreme Overlord\n|-start|p1a: Kingambit|fallen3|[silent]\n|turn|32\n|\n|t:|1700409866\n|move|p2a: Garchomp|Earthquake|p1a: Kingambit\n|-supereffective|p1a: Kingambit\n|-damage|p1a: Kingambit|23\/100\n|move|p1a: Kingambit|Low Kick|p2a: Garchomp\n|-supereffective|p2a: Garchomp\n|-damage|p2a: Garchomp|20\/100\n|-damage|p1a: Kingambit|10\/100|[from] ability: Rough Skin|[of] p2a: Garchomp\n|\n|-heal|p1a: Kingambit|16\/100|[from] item: Leftovers\n|upkeep\n|turn|33\n|c|\u2606Am I leeroy?|gg\n|\n|t:|1700409872\n|switch|p2a: Skeledirge|Skeledirge, F|90\/100\n|move|p1a: Kingambit|Low Kick|p2a: Skeledirge\n|-immune|p2a: Skeledirge\n|\n|-heal|p1a: Kingambit|23\/100|[from] item: Leftovers\n|upkeep\n|turn|34\n|c|\u2606malk tyme|gg\n|\n|t:|1700409876\n|move|p1a: Kingambit|Sucker Punch|p2a: Skeledirge\n|-supereffective|p2a: Skeledirge\n|-damage|p2a: Skeledirge|15\/100\n|move|p2a: Skeledirge|Torch Song|p1a: Kingambit\n|-supereffective|p1a: Kingambit\n|-damage|p1a: Kingambit|0 fnt\n|-boost|p2a: Skeledirge|spa|1\n|faint|p1a: Kingambit\n|-end|p1a: Kingambit|fallen3|[silent]\n|\n|upkeep\n|\n|t:|1700409884\n|switch|p1a: Iron Hands|Iron Hands, tera:Fighting|42\/100 brn\n|turn|35\n|\n|t:|1700409887\n|move|p2a: Skeledirge|Slack Off|p2a: Skeledirge\n|-heal|p2a: Skeledirge|65\/100\n|move|p1a: Iron Hands|Earthquake|p2a: Skeledirge\n|-supereffective|p2a: Skeledirge\n|-damage|p2a: Skeledirge|40\/100\n|\n|-damage|p1a: Iron Hands|36\/100 brn|[from] brn\n|upkeep\n|turn|36\n|-message|Am I leeroy? forfeited.\n|\n|win|malk tyme\n|raw|Am I leeroy?'s rating: 1418 &rarr; <strong>1400<\/strong><br \/>(-18 for losing)\n|raw|malk tyme's rating: 1455 &rarr; <strong>1473<\/strong><br \/>(+18 for winning)\n","uploadtime":1700409748,"views":6,"p1id":"amileeroy","p2id":"malktyme","formatid":"gen9ou","rating":1400,"private":0,"password":""}