{"id":"gen9ou-1996449837","p1":"ratatta17","p2":"Durbarod","format":"[Gen 9] OU","log":"|j|\u2606ratatta17\n|j|\u2606Durbarod\n|t:|1700683130\n|gametype|singles\n|player|p1|ratatta17|102|1532\n|player|p2|Durbarod|alder|1543\n|teamsize|p1|6\n|teamsize|p2|6\n|gen|9\n|tier|[Gen 9] OU\n|rated|\n|rule|Sleep Clause Mod: Limit one foe put to sleep\n|rule|Species Clause: Limit one of each Pok\u00e9mon\n|rule|OHKO Clause: OHKO moves are banned\n|rule|Evasion Items Clause: Evasion items are banned\n|rule|Evasion Moves Clause: Evasion moves are banned\n|rule|Endless Battle Clause: Forcing endless battles is banned\n|rule|HP Percentage Mod: HP is shown in percentages\n|clearpoke\n|poke|p1|Azumarill, M|\n|poke|p1|Staraptor, M|\n|poke|p1|Toedscruel, F|\n|poke|p1|Skeledirge, M|\n|poke|p1|Ninetales-Alola, F|\n|poke|p1|Iron Valiant|\n|poke|p2|Ribombee, M|\n|poke|p2|Greninja-*, M|\n|poke|p2|Kingambit, M|\n|poke|p2|Rillaboom, F|\n|poke|p2|Hawlucha, F|\n|poke|p2|Iron Moth|\n|teampreview\n|inactive|Battle timer is ON: inactive players will automatically lose when time's up. (requested by ratatta17)\n|j| King_Joe23\n|\n|t:|1700683146\n|start\n|switch|p1a: Toedscruel|Toedscruel, F|100\/100\n|switch|p2a: Ribombee|Ribombee, M|100\/100\n|turn|1\n|\n|t:|1700683152\n|move|p2a: Ribombee|Sticky Web|p1a: Toedscruel\n|-sidestart|p1: ratatta17|move: Sticky Web\n|move|p1a: Toedscruel|Rapid Spin|p2a: Ribombee\n|-damage|p2a: Ribombee|85\/100\n|-boost|p1a: Toedscruel|spe|1\n|-sideend|p1: ratatta17|Sticky Web|[from] move: Rapid Spin|[of] p1a: Toedscruel\n|\n|upkeep\n|turn|2\n|\n|t:|1700683160\n|move|p2a: Ribombee|Sticky Web|p1a: Toedscruel\n|-sidestart|p1: ratatta17|move: Sticky Web\n|move|p1a: Toedscruel|Spore|p2a: Ribombee\n|-status|p2a: Ribombee|slp|[from] move: Spore\n|\n|upkeep\n|turn|3\n|\n|t:|1700683164\n|cant|p2a: Ribombee|slp\n|move|p1a: Toedscruel|Knock Off|p2a: Ribombee\n|-resisted|p2a: Ribombee\n|-damage|p2a: Ribombee|67\/100 slp\n|-enditem|p2a: Ribombee|Focus Sash|[from] move: Knock Off|[of] p1a: Toedscruel\n|\n|upkeep\n|turn|4\n|\n|t:|1700683171\n|cant|p2a: Ribombee|slp\n|move|p1a: Toedscruel|Rapid Spin|p2a: Ribombee\n|-damage|p2a: Ribombee|51\/100 slp\n|-boost|p1a: Toedscruel|spe|1\n|-sideend|p1: ratatta17|Sticky Web|[from] move: Rapid Spin|[of] p1a: Toedscruel\n|\n|upkeep\n|turn|5\n|\n|t:|1700683179\n|cant|p2a: Ribombee|slp\n|move|p1a: Toedscruel|Spore|p2a: Ribombee\n|-fail|p2a: Ribombee|slp\n|\n|upkeep\n|turn|6\n|\n|t:|1700683184\n|-curestatus|p2a: Ribombee|slp|[msg]\n|move|p2a: Ribombee|Moonblast|p1a: Toedscruel\n|-damage|p1a: Toedscruel|67\/100\n|move|p1a: Toedscruel|Spore|p2a: Ribombee\n|-status|p2a: Ribombee|slp|[from] move: Spore\n|\n|-heal|p1a: Toedscruel|73\/100|[from] item: Leftovers\n|upkeep\n|turn|7\n|\n|t:|1700683193\n|cant|p2a: Ribombee|slp\n|move|p1a: Toedscruel|Leech Seed|p2a: Ribombee\n|-start|p2a: Ribombee|move: Leech Seed\n|\n|-heal|p1a: Toedscruel|79\/100|[from] item: Leftovers\n|-damage|p2a: Ribombee|39\/100 slp|[from] Leech Seed|[of] p1a: Toedscruel\n|-heal|p1a: Toedscruel|88\/100|[silent]\n|upkeep\n|turn|8\n|\n|t:|1700683200\n|move|p1a: Toedscruel|Rapid Spin|p2a: Ribombee\n|-damage|p2a: Ribombee|21\/100 slp\n|-boost|p1a: Toedscruel|spe|1\n|cant|p2a: Ribombee|slp\n|\n|-heal|p1a: Toedscruel|94\/100|[from] item: Leftovers\n|-damage|p2a: Ribombee|9\/100 slp|[from] Leech Seed|[of] p1a: Toedscruel\n|-heal|p1a: Toedscruel|100\/100|[silent]\n|upkeep\n|turn|9\n|\n|t:|1700683208\n|move|p1a: Toedscruel|Knock Off|p2a: Ribombee\n|-resisted|p2a: Ribombee\n|-damage|p2a: Ribombee|0 fnt\n|faint|p2a: Ribombee\n|\n|upkeep\n|\n|t:|1700683213\n|switch|p2a: Greninja|Greninja, M|100\/100\n|turn|10\n|\n|t:|1700683219\n|switch|p1a: Ninetales|Ninetales-Alola, F|100\/100\n|-weather|Snow|[from] ability: Snow Warning|[of] p1a: Ninetales\n|move|p2a: Greninja|Ice Beam|p1a: Ninetales\n|-resisted|p1a: Ninetales\n|-damage|p1a: Ninetales|88\/100\n|-damage|p2a: Greninja|91\/100|[from] item: Life Orb\n|\n|-weather|Snow|[upkeep]\n|upkeep\n|turn|11\n|\n|t:|1700683229\n|move|p2a: Greninja|Hydro Pump|p1a: Ninetales\n|-damage|p1a: Ninetales|41\/100\n|-damage|p2a: Greninja|81\/100|[from] item: Life Orb\n|move|p1a: Ninetales|Aurora Veil|p1a: Ninetales\n|-sidestart|p1: ratatta17|move: Aurora Veil\n|\n|-weather|Snow|[upkeep]\n|upkeep\n|turn|12\n|\n|t:|1700683243\n|switch|p2a: Iron Moth|Iron Moth|100\/100\n|-enditem|p2a: Iron Moth|Booster Energy\n|-activate|p2a: Iron Moth|ability: Quark Drive|[fromitem]\n|-start|p2a: Iron Moth|quarkdrivespe\n|move|p1a: Ninetales|Freeze-Dry|p2a: Iron Moth\n|-resisted|p2a: Iron Moth\n|-damage|p2a: Iron Moth|91\/100\n|\n|-weather|Snow|[upkeep]\n|upkeep\n|turn|13\n|\n|t:|1700683251\n|switch|p1a: Skeledirge|Skeledirge, M|100\/100\n|move|p2a: Iron Moth|Fiery Dance|p1a: Skeledirge\n|-resisted|p1a: Skeledirge\n|-damage|p1a: Skeledirge|93\/100\n|-boost|p2a: Iron Moth|spa|1\n|\n|-weather|Snow|[upkeep]\n|-heal|p1a: Skeledirge|99\/100|[from] item: Leftovers\n|upkeep\n|turn|14\n|\n|t:|1700683265\n|move|p2a: Iron Moth|Psychic|p1a: Skeledirge\n|-damage|p1a: Skeledirge|88\/100\n|move|p1a: Skeledirge|Torch Song|p2a: Iron Moth\n|-resisted|p2a: Iron Moth\n|-damage|p2a: Iron Moth|74\/100\n|-boost|p1a: Skeledirge|spa|1\n|\n|-weather|none\n|-heal|p1a: Skeledirge|94\/100|[from] item: Leftovers\n|upkeep\n|turn|15\n|l| King_Joe23\n|\n|t:|1700683273\n|move|p2a: Iron Moth|Psychic|p1a: Skeledirge\n|-damage|p1a: Skeledirge|83\/100\n|-unboost|p1a: Skeledirge|spd|1\n|move|p1a: Skeledirge|Torch Song|p2a: Iron Moth\n|-resisted|p2a: Iron Moth\n|-damage|p2a: Iron Moth|49\/100\n|-boost|p1a: Skeledirge|spa|1\n|\n|-heal|p1a: Skeledirge|89\/100|[from] item: Leftovers\n|upkeep\n|turn|16\n|\n|t:|1700683282\n|move|p2a: Iron Moth|Psychic|p1a: Skeledirge\n|-damage|p1a: Skeledirge|74\/100\n|move|p1a: Skeledirge|Hex|p2a: Iron Moth\n|-damage|p2a: Iron Moth|0 fnt\n|faint|p2a: Iron Moth\n|-end|p2a: Iron Moth|Quark Drive|[silent]\n|\n|-heal|p1a: Skeledirge|80\/100|[from] item: Leftovers\n|upkeep\n|\n|t:|1700683294\n|switch|p2a: Rillaboom|Rillaboom, F|100\/100\n|-fieldstart|move: Grassy Terrain|[from] ability: Grassy Surge|[of] p2a: Rillaboom\n|turn|17\n|\n|t:|1700683299\n|move|p2a: Rillaboom|Knock Off|p1a: Skeledirge\n|-supereffective|p1a: Skeledirge\n|-damage|p1a: Skeledirge|32\/100\n|-enditem|p1a: Skeledirge|Leftovers|[from] move: Knock Off|[of] p2a: Rillaboom\n|move|p1a: Skeledirge|Will-O-Wisp|p2a: Rillaboom\n|-status|p2a: Rillaboom|brn\n|\n|-heal|p1a: Skeledirge|38\/100|[from] Grassy Terrain\n|-damage|p2a: Rillaboom|94\/100 brn|[from] brn\n|upkeep\n|turn|18\n|\n|t:|1700683309\n|switch|p2a: Greninja|Greninja, M|81\/100\n|move|p1a: Skeledirge|Slack Off|p1a: Skeledirge\n|-heal|p1a: Skeledirge|88\/100\n|\n|-heal|p2a: Greninja|87\/100|[from] Grassy Terrain\n|-heal|p1a: Skeledirge|94\/100|[from] Grassy Terrain\n|-sideend|p1: ratatta17|move: Aurora Veil\n|upkeep\n|turn|19\n|\n|t:|1700683317\n|switch|p1a: Azumarill|Azumarill, M|100\/100\n|move|p2a: Greninja|Dark Pulse|p1a: Azumarill\n|-resisted|p1a: Azumarill\n|-damage|p1a: Azumarill|77\/100\n|-damage|p2a: Greninja|77\/100|[from] item: Life Orb\n|\n|-heal|p2a: Greninja|83\/100|[from] Grassy Terrain\n|-heal|p1a: Azumarill|83\/100|[from] Grassy Terrain\n|upkeep\n|turn|20\n|\n|t:|1700683329\n|move|p2a: Greninja|Extrasensory|p1a: Azumarill\n|-damage|p1a: Azumarill|49\/100\n|-enditem|p1a: Azumarill|Sitrus Berry|[eat]\n|-heal|p1a: Azumarill|74\/100|[from] item: Sitrus Berry\n|-damage|p2a: Greninja|73\/100|[from] item: Life Orb\n|move|p1a: Azumarill|Play Rough|p2a: Greninja\n|-supereffective|p2a: Greninja\n|-damage|p2a: Greninja|0 fnt\n|faint|p2a: Greninja\n|\n|-heal|p1a: Azumarill|80\/100|[from] Grassy Terrain\n|upkeep\n|\n|t:|1700683346\n|switch|p2a: Hawlucha|Hawlucha, F|100\/100\n|-enditem|p2a: Hawlucha|Grassy Seed\n|-boost|p2a: Hawlucha|def|1|[from] item: Grassy Seed\n|turn|21\n|\n|t:|1700683358\n|move|p2a: Hawlucha|Swords Dance|p2a: Hawlucha\n|-boost|p2a: Hawlucha|atk|2\n|move|p1a: Azumarill|Play Rough|p2a: Hawlucha\n|-supereffective|p2a: Hawlucha\n|-damage|p2a: Hawlucha|0 fnt\n|faint|p2a: Hawlucha\n|\n|-heal|p1a: Azumarill|87\/100|[from] Grassy Terrain\n|-fieldend|move: Grassy Terrain\n|upkeep\n|-message|Durbarod forfeited.\n|\n|win|ratatta17\n|raw|ratatta17's rating: 1532 &rarr; <strong>1553<\/strong><br \/>(+21 for winning)\n|raw|Durbarod's rating: 1543 &rarr; <strong>1522<\/strong><br \/>(-21 for losing)\n|l|\u2606Durbarod\n","uploadtime":1700683367,"views":1,"p1id":"ratatta17","p2id":"durbarod","formatid":"gen9ou","rating":1522,"private":0,"password":""}