{"id":"gen9ou-2000476450","p1":"Yggdragon","p2":"Jack0lantern89","format":"[Gen 9] OU","log":"|j|\u2606Yggdragon\n|j|\u203dJack0lantern89\n|t:|1701198013\n|gametype|singles\n|player|p1|Yggdragon|2|1462\n|player|p2|Jack0lantern89|steven|1382\n|teamsize|p1|6\n|teamsize|p2|6\n|gen|9\n|tier|[Gen 9] OU\n|rated|\n|rule|Sleep Clause Mod: Limit one foe put to sleep\n|rule|Species Clause: Limit one of each Pok\u00e9mon\n|rule|OHKO Clause: OHKO moves are banned\n|rule|Evasion Items Clause: Evasion items are banned\n|rule|Evasion Moves Clause: Evasion moves are banned\n|rule|Endless Battle Clause: Forcing endless battles is banned\n|rule|HP Percentage Mod: HP is shown in percentages\n|clearpoke\n|poke|p1|Dragapult, F|\n|poke|p1|Meowscarada, F|\n|poke|p1|Greninja-*, M|\n|poke|p1|Cinderace, F|\n|poke|p1|Landorus-Therian, M|\n|poke|p1|Zamazenta-*|\n|poke|p2|Ceruledge, M|\n|poke|p2|Heatran, M|\n|poke|p2|Alomomola, F|\n|poke|p2|Rillaboom, M|\n|poke|p2|Clefable, M|\n|poke|p2|Great Tusk|\n|teampreview\n|inactive|Battle timer is ON: inactive players will automatically lose when time's up. (requested by Jack0lantern89)\n|\n|t:|1701198032\n|start\n|switch|p1a: Meowscarada|Meowscarada, F|100\/100\n|switch|p2a: Clefable|Clefable, M|100\/100\n|turn|1\n|\n|t:|1701198040\n|move|p1a: Meowscarada|Flower Trick|p2a: Clefable\n|-start|p1a: Meowscarada|typechange|Grass|[from] ability: Protean\n|-crit|p2a: Clefable\n|-damage|p2a: Clefable|49\/100\n|move|p2a: Clefable|Moonblast|p1a: Meowscarada\n|-damage|p1a: Meowscarada|48\/100\n|\n|-heal|p2a: Clefable|55\/100|[from] item: Leftovers\n|upkeep\n|turn|2\n|\n|t:|1701198047\n|move|p1a: Meowscarada|Flower Trick|p2a: Clefable\n|-crit|p2a: Clefable\n|-damage|p2a: Clefable|0 fnt\n|faint|p2a: Clefable\n|\n|upkeep\n|\n|t:|1701198050\n|switch|p2a: Ceruledge|Ceruledge, M|100\/100\n|turn|3\n|\n|t:|1701198056\n|switch|p1a: Landorus|Landorus-Therian, M|100\/100\n|-ability|p1a: Landorus|Intimidate|boost\n|-unboost|p2a: Ceruledge|atk|1\n|move|p2a: Ceruledge|Bulk Up|p2a: Ceruledge\n|-boost|p2a: Ceruledge|atk|1\n|-boost|p2a: Ceruledge|def|1\n|\n|upkeep\n|turn|4\n|\n|t:|1701198072\n|-terastallize|p2a: Ceruledge|Bug\n|move|p1a: Landorus|Earthquake|p2a: Ceruledge\n|-resisted|p2a: Ceruledge\n|-damage|p2a: Ceruledge|77\/100\n|move|p2a: Ceruledge|Bulk Up|p2a: Ceruledge\n|-boost|p2a: Ceruledge|atk|1\n|-boost|p2a: Ceruledge|def|1\n|\n|upkeep\n|turn|5\n|\n|t:|1701198084\n|move|p1a: Landorus|U-turn|p2a: Ceruledge\n|-damage|p2a: Ceruledge|63\/100\n|\n|t:|1701198088\n|switch|p1a: Cinderace|Cinderace, F|100\/100|[from] U-turn\n|move|p2a: Ceruledge|Bulk Up|p2a: Ceruledge\n|-boost|p2a: Ceruledge|atk|1\n|-boost|p2a: Ceruledge|def|1\n|\n|upkeep\n|turn|6\n|\n|t:|1701198093\n|move|p1a: Cinderace|Pyro Ball|p2a: Ceruledge\n|-start|p2a: Ceruledge|ability: Flash Fire\n|move|p2a: Ceruledge|Bitter Blade|p1a: Cinderace\n|-resisted|p1a: Cinderace\n|-damage|p1a: Cinderace|16\/100\n|-heal|p2a: Ceruledge|99\/100|[from] drain|[of] p1a: Cinderace\n|\n|upkeep\n|turn|7\n|-message|Yggdragon forfeited.\n|\n|win|Jack0lantern89\n|raw|Yggdragon's rating: 1462 &rarr; <strong>1437<\/strong><br \/>(-25 for losing)\n|raw|Jack0lantern89's rating: 1382 &rarr; <strong>1407<\/strong><br \/>(+25 for winning)\n|l|\u2606Yggdragon\n","uploadtime":1701198111,"views":17,"p1id":"yggdragon","p2id":"jack0lantern89","formatid":"gen9ou","rating":1407,"private":0,"password":""}