{"id":"gen9ou-1993271309","p1":"munchkinp","p2":"Italyatemymain","format":"[Gen 9] OU","log":"|j|\u2606munchkinp\n|j|\u2606Italyatemymain\n|inactive|Battle timer is ON: inactive players will automatically lose when time's up.\n|t:|1700287767\n|gametype|singles\n|player|p1|munchkinp|101|\n|player|p2|Italyatemymain|2|\n|teamsize|p1|3\n|teamsize|p2|3\n|gen|9\n|tier|[Gen 9] OU\n|rated|Tournament battle\n|rule|Sleep Clause Mod: Limit one foe put to sleep\n|rule|Species Clause: Limit one of each Pok\u00e9mon\n|rule|OHKO Clause: OHKO moves are banned\n|rule|Evasion Items Clause: Evasion items are banned\n|rule|Evasion Moves Clause: Evasion moves are banned\n|rule|Endless Battle Clause: Forcing endless battles is banned\n|rule|HP Percentage Mod: HP is shown in percentages\n|clearpoke\n|poke|p1|Donphan, M|\n|poke|p1|Cufant, M|\n|poke|p1|Shellder, F|\n|poke|p2|Krookodile, M|\n|poke|p2|Corphish, M|\n|poke|p2|Hoppip, F|\n|teampreview\n|j|*Lady Monita \u2746\n|c|\u2606Italyatemymain|glhf\n|c|\u2606Italyatemymain|man's got the\n|c|\u2606munchkinp|u2 !\n|c|\u2606Italyatemymain|elephant squad\n|\n|t:|1700287793\n|start\n|switch|p1a: Donphan|Donphan, M|100\/100\n|switch|p2a: Corphish|Corphish, M|100\/100\n|turn|1\n|\n|t:|1700287804\n|switch|p1a: Cufant|Cufant, M|100\/100\n|move|p2a: Corphish|Swords Dance|p2a: Corphish\n|-boost|p2a: Corphish|atk|2\n|\n|upkeep\n|turn|2\n|\n|t:|1700287810\n|move|p1a: Cufant|Stealth Rock|p2a: Corphish\n|-sidestart|p2: Italyatemymain|move: Stealth Rock\n|move|p2a: Corphish|Crabhammer|p1a: Cufant\n|-enditem|p1a: Cufant|Focus Sash\n|-damage|p1a: Cufant|1\/100\n|\n|upkeep\n|turn|3\n|\n|t:|1700287817\n|move|p1a: Cufant|Earthquake|p2a: Corphish\n|-damage|p2a: Corphish|54\/100\n|move|p2a: Corphish|Crabhammer|p1a: Cufant\n|-damage|p1a: Cufant|0 fnt\n|faint|p1a: Cufant\n|\n|upkeep\n|\n|t:|1700287823\n|switch|p1a: Donphan|Donphan, M|100\/100\n|turn|4\n|\n|t:|1700287825\n|move|p2a: Corphish|Aqua Jet|p1a: Donphan\n|-supereffective|p1a: Donphan\n|-damage|p1a: Donphan|14\/100\n|move|p1a: Donphan|Earthquake|p2a: Corphish\n|-crit|p2a: Corphish\n|-damage|p2a: Corphish|0 fnt\n|faint|p2a: Corphish\n|\n|upkeep\n|\n|t:|1700287833\n|switch|p2a: Hoppip|Hoppip, F|100\/100\n|-damage|p2a: Hoppip|76\/100|[from] Stealth Rock\n|turn|5\n|\n|t:|1700287840\n|move|p1a: Donphan|Ice Shard|p2a: Hoppip\n|-supereffective|p2a: Hoppip\n|-crit|p2a: Hoppip\n|-damage|p2a: Hoppip|0 fnt\n|faint|p2a: Hoppip\n|\n|upkeep\n|\n|t:|1700287843\n|switch|p2a: Krookodile|Krookodile, M|100\/100\n|-damage|p2a: Krookodile|94\/100|[from] Stealth Rock\n|turn|6\n|\n|t:|1700287852\n|-terastallize|p2a: Krookodile|Fairy\n|move|p1a: Donphan|Ice Shard|p2a: Krookodile\n|-damage|p2a: Krookodile|75\/100\n|move|p2a: Krookodile|Knock Off|p1a: Donphan\n|-damage|p1a: Donphan|0 fnt\n|-enditem|p1a: Donphan|Muscle Band|[from] move: Knock Off|[of] p2a: Krookodile\n|faint|p1a: Donphan\n|-ability|p2a: Krookodile|Moxie|boost\n|-boost|p2a: Krookodile|atk|1\n|\n|upkeep\n|c|\u2606Italyatemymain|gg\n|\n|t:|1700287857\n|switch|p1a: Shellder|Shellder, F|100\/100\n|turn|7\n|\n|t:|1700287872\n|move|p2a: Krookodile|Knock Off|p1a: Shellder\n|-enditem|p1a: Shellder|Focus Sash\n|-damage|p1a: Shellder|1\/100\n|move|p1a: Shellder|Shell Smash|p1a: Shellder\n|-unboost|p1a: Shellder|def|1\n|-unboost|p1a: Shellder|spd|1\n|-boost|p1a: Shellder|atk|2\n|-boost|p1a: Shellder|spa|2\n|-boost|p1a: Shellder|spe|2\n|\n|upkeep\n|turn|8\n|\n|t:|1700287876\n|-terastallize|p1a: Shellder|Ice\n|move|p1a: Shellder|Icicle Spear|p2a: Krookodile\n|-damage|p2a: Krookodile|55\/100\n|-damage|p2a: Krookodile|35\/100\n|-damage|p2a: Krookodile|13\/100\n|-damage|p2a: Krookodile|0 fnt\n|faint|p2a: Krookodile\n|-hitcount|p2: Krookodile|4\n|\n|win|munchkinp\n|n|\u2606munchkinp|munchkinp\n|n|\u2606Italyatemymain|italyatemymain\n|n|*Lady Monita \u2746|ladymonita\n|l|*Lady Monita \u2746\n|c|\u2606munchkinp|gg\n|l|\u2606Italyatemymain\n","uploadtime":1700287889,"views":10,"p1id":"munchkinp","p2id":"italyatemymain","formatid":"gen9ou","rating":0,"private":0,"password":""}