{"id":"gen9ou-1995557832","p1":"grathins","p2":"frotntie","format":"[Gen 9] OU","log":"|j|\u2606grathins\n|j|\u2606frotntie\n|t:|1700582709\n|gametype|singles\n|player|p1|grathins|pokemonbreeder-gen4|1055\n|player|p2|frotntie|265|1104\n|teamsize|p1|6\n|teamsize|p2|6\n|gen|9\n|tier|[Gen 9] OU\n|rated|\n|rule|Sleep Clause Mod: Limit one foe put to sleep\n|rule|Species Clause: Limit one of each Pok\u00e9mon\n|rule|OHKO Clause: OHKO moves are banned\n|rule|Evasion Items Clause: Evasion items are banned\n|rule|Evasion Moves Clause: Evasion moves are banned\n|rule|Endless Battle Clause: Forcing endless battles is banned\n|rule|HP Percentage Mod: HP is shown in percentages\n|clearpoke\n|poke|p1|Brambleghast, M|\n|poke|p1|Ludicolo, F|\n|poke|p1|Skeledirge, F|\n|poke|p1|Torterra, F|\n|poke|p1|Breloom, F|\n|poke|p1|Trevenant, M|\n|poke|p2|Breloom, M|\n|poke|p2|Dondozo, F|\n|poke|p2|Delphox, M|\n|poke|p2|Garganacl, F|\n|poke|p2|Garchomp, M|\n|poke|p2|Kingambit, M|\n|teampreview\n|c|\u2606frotntie|hllo\n|c|\u2606grathins|hii\n|\n|t:|1700582743\n|start\n|switch|p1a: Brambleghast|Brambleghast, M|100\/100\n|switch|p2a: Delphox|Delphox, M, shiny|100\/100\n|turn|1\n|c|\u2606grathins|well\n|c|\u2606grathins|this is awkward\n|c|\u2606frotntie|yeah\n|\n|t:|1700582763\n|-terastallize|p2a: Delphox|Fire\n|move|p1a: Brambleghast|Shadow Sneak|p2a: Delphox\n|-damage|p2a: Delphox|68\/100\n|move|p2a: Delphox|Fire Blast|p1a: Brambleghast\n|-supereffective|p1a: Brambleghast\n|-enditem|p1a: Brambleghast|Focus Sash\n|-damage|p1a: Brambleghast|1\/100\n|\n|upkeep\n|turn|2\n|\n|t:|1700582782\n|move|p1a: Brambleghast|Shadow Sneak|p2a: Delphox\n|-damage|p2a: Delphox|40\/100\n|move|p2a: Delphox|Fire Blast|p1a: Brambleghast\n|-supereffective|p1a: Brambleghast\n|-damage|p1a: Brambleghast|0 fnt\n|faint|p1a: Brambleghast\n|\n|upkeep\n|c|\u2606grathins|I'll do it again\n|\n|t:|1700582790\n|switch|p1a: Breloom|Breloom, F|100\/100\n|turn|3\n|\n|t:|1700582798\n|move|p2a: Delphox|Fire Blast|p1a: Breloom\n|-supereffective|p1a: Breloom\n|-damage|p1a: Breloom|0 fnt\n|faint|p1a: Breloom\n|\n|upkeep\n|c|\u2606frotntie|searulsey\n|c|\u2606grathins|what\n|c|\u2606grathins|what if I mach punched..\n|\n|t:|1700582813\n|switch|p1a: Skeledirge|Skeledirge, F|100\/100\n|turn|4\n|c|\u2606frotntie|dosnt matter\n|c|\u2606frotntie|if you did\n|c|\u2606frotntie|oh well\n|c|\u2606frotntie|i suriave\n|c|\u2606frotntie|i read ya like a book\n|\n|t:|1700582837\n|move|p1a: Skeledirge|Earthquake|p2a: Delphox\n|-supereffective|p2a: Delphox\n|-damage|p2a: Delphox|0 fnt\n|faint|p2a: Delphox\n|\n|upkeep\n|c|\u2606grathins|it would've killed u :<\n|c|\u2606grathins|I see that\n|\n|t:|1700582859\n|switch|p2a: Kingambit|Kingambit, M|100\/100\n|-activate|p2a: Kingambit|ability: Supreme Overlord\n|-start|p2a: Kingambit|fallen1|[silent]\n|turn|5\n|c|\u2606grathins|no u wouldn't have survived\n|\n|t:|1700582884\n|switch|p1a: Torterra|Torterra, F|100\/100\n|move|p2a: Kingambit|Swords Dance|p2a: Kingambit\n|-boost|p2a: Kingambit|atk|2\n|\n|upkeep\n|turn|6\n|\n|t:|1700582907\n|move|p2a: Kingambit|Sucker Punch|p1a: Torterra\n|-damage|p1a: Torterra|11\/100\n|-damage|p2a: Kingambit|91\/100|[from] item: Life Orb\n|move|p1a: Torterra|Body Press|p2a: Kingambit\n|-supereffective|p2a: Kingambit\n|-damage|p2a: Kingambit|40\/100\n|\n|-heal|p1a: Torterra|18\/100|[from] item: Leftovers\n|upkeep\n|turn|7\n|c|\u2606frotntie|man\n|\n|t:|1700582918\n|move|p2a: Kingambit|Sucker Punch||[still]\n|-fail|p2a: Kingambit\n|move|p1a: Torterra|Light Screen|p1a: Torterra\n|-sidestart|p1: grathins|move: Light Screen\n|\n|-heal|p1a: Torterra|24\/100|[from] item: Leftovers\n|upkeep\n|turn|8\n|c|\u2606frotntie|you need better pokemon\n|\n|t:|1700582942\n|switch|p1a: Ludicolo|Ludicolo, F|100\/100\n|move|p2a: Kingambit|Sucker Punch||[still]\n|-fail|p2a: Kingambit\n|\n|upkeep\n|turn|9\n|\n|t:|1700582948\n|move|p2a: Kingambit|Sucker Punch|p1a: Ludicolo\n|-damage|p1a: Ludicolo|0 fnt\n|faint|p1a: Ludicolo\n|-damage|p2a: Kingambit|30\/100|[from] item: Life Orb\n|\n|upkeep\n|c|\u2606frotntie|lol\n|\n|t:|1700582954\n|switch|p1a: Torterra|Torterra, F|24\/100\n|turn|10\n|c|\u2606frotntie|dark spical\n|c|\u2606frotntie|not physical\n|\n|t:|1700582959\n|move|p2a: Kingambit|Sucker Punch||[still]\n|-fail|p2a: Kingambit\n|move|p1a: Torterra|Leech Seed|p2a: Kingambit\n|-start|p2a: Kingambit|move: Leech Seed\n|\n|-heal|p1a: Torterra|30\/100|[from] item: Leftovers\n|-damage|p2a: Kingambit|18\/100|[from] Leech Seed|[of] p1a: Torterra\n|-heal|p1a: Torterra|40\/100|[silent]\n|upkeep\n|turn|11\n|c|\u2606grathins|fuck it sucker punch\n|\n|t:|1700582971\n|move|p1a: Torterra|Light Screen||[still]\n|-fail|p1a: Torterra\n|move|p2a: Kingambit|Kowtow Cleave|p1a: Torterra\n|-damage|p1a: Torterra|0 fnt\n|faint|p1a: Torterra\n|-damage|p2a: Kingambit|8\/100|[from] item: Life Orb\n|\n|-sideend|p1: grathins|move: Light Screen\n|upkeep\n|\n|t:|1700582981\n|switch|p1a: Trevenant|Trevenant, M|100\/100\n|turn|12\n|\n|t:|1700582986\n|move|p2a: Kingambit|Kowtow Cleave|p1a: Trevenant\n|-supereffective|p1a: Trevenant\n|-damage|p1a: Trevenant|0 fnt\n|faint|p1a: Trevenant\n|-damage|p2a: Kingambit|0 fnt|[from] item: Life Orb\n|faint|p2a: Kingambit\n|-end|p2a: Kingambit|fallen1|[silent]\n|\n|upkeep\n|\n|t:|1700582993\n|switch|p2a: Garchomp|Garchomp, M|100\/100\n|switch|p1a: Skeledirge|Skeledirge, F|100\/100\n|turn|13\n|c|\u2606frotntie|gg\n|c|\u2606frotntie|press f in cat\n|c|\u2606frotntie|chat\n|c|\u2606frotntie|to pay respects\n|c|\u2606grathins|you will be boiled\n|c|\u2606frotntie|please press f in the chat\n|\n|t:|1700583021\n|move|p1a: Skeledirge|Flare Blitz|p2a: Garchomp\n|-resisted|p2a: Garchomp\n|-damage|p2a: Garchomp|80\/100\n|-status|p2a: Garchomp|brn\n|-damage|p1a: Skeledirge|88\/100|[from] ability: Rough Skin|[of] p2a: Garchomp\n|-damage|p1a: Skeledirge|81\/100|[from] Recoil\n|move|p2a: Garchomp|Earthquake|p1a: Skeledirge\n|-supereffective|p1a: Skeledirge\n|-damage|p1a: Skeledirge|33\/100\n|\n|-damage|p2a: Garchomp|74\/100 brn|[from] brn\n|upkeep\n|turn|14\n|c|\u2606grathins|I broke my F button\n|c|\u2606frotntie|Now press f in the chat\n|\n|t:|1700583046\n|move|p1a: Skeledirge|Flare Blitz|p2a: Garchomp\n|-resisted|p2a: Garchomp\n|-damage|p2a: Garchomp|54\/100 brn\n|-damage|p1a: Skeledirge|20\/100|[from] ability: Rough Skin|[of] p2a: Garchomp\n|-damage|p1a: Skeledirge|13\/100|[from] Recoil\n|move|p2a: Garchomp|Outrage|p1a: Skeledirge\n|-damage|p1a: Skeledirge|0 fnt\n|faint|p1a: Skeledirge\n|\n|win|frotntie\n|raw|grathins's rating: 1055 &rarr; <strong>1039<\/strong><br \/>(-16 for losing)\n|raw|frotntie's rating: 1104 &rarr; <strong>1125<\/strong><br \/>(+21 for winning)\n","uploadtime":1700582969,"views":1,"p1id":"grathins","p2id":"frotntie","formatid":"gen9ou","rating":1039,"private":0,"password":""}