{"id":"gen9ou-1989113362","p1":"Samglizzyslapper","p2":"coolestcod123","format":"[Gen 9] OU","log":"|j|\u2606Samglizzyslapper\n|j|\u2606coolestcod123\n|t:|1699813643\n|gametype|singles\n|player|p1|Samglizzyslapper|infielder|1209\n|player|p2|coolestcod123|li|1255\n|teamsize|p1|6\n|teamsize|p2|6\n|gen|9\n|tier|[Gen 9] OU\n|rated|\n|rule|Sleep Clause Mod: Limit one foe put to sleep\n|rule|Species Clause: Limit one of each Pok\u00e9mon\n|rule|OHKO Clause: OHKO moves are banned\n|rule|Evasion Items Clause: Evasion items are banned\n|rule|Evasion Moves Clause: Evasion moves are banned\n|rule|Endless Battle Clause: Forcing endless battles is banned\n|rule|HP Percentage Mod: HP is shown in percentages\n|clearpoke\n|poke|p1|Weavile, F|\n|poke|p1|Corviknight, M|\n|poke|p1|Heatran, M|\n|poke|p1|Great Tusk|\n|poke|p1|Thundurus-Therian, M|\n|poke|p1|Hatterene, F|\n|poke|p2|Walking Wake|\n|poke|p2|Maushold-Four|\n|poke|p2|Dragonite, M|\n|poke|p2|Weezing-Galar, M|\n|poke|p2|Great Tusk|\n|poke|p2|Muk-Alola, F|\n|teampreview\n|inactive|Battle timer is ON: inactive players will automatically lose when time's up. (requested by coolestcod123)\n|\n|t:|1699813656\n|start\n|switch|p1a: Thundurus|Thundurus-Therian, M|100\/100\n|switch|p2a: Walking Wake|Walking Wake|100\/100\n|turn|1\n|\n|t:|1699813664\n|move|p2a: Walking Wake|Flip Turn|p1a: Thundurus\n|-damage|p1a: Thundurus|77\/100\n|\n|t:|1699813666\n|-end|p2a: Walking Wake|Protosynthesis|[silent]\n|switch|p2a: Muk|Muk-Alola, F|100\/100|[from] Flip Turn\n|move|p1a: Thundurus|Volt Switch|p2a: Muk\n|-damage|p2a: Muk|78\/100\n|\n|t:|1699813677\n|switch|p1a: Heatran|Heatran, M|100\/100|[from] Volt Switch\n|-item|p1a: Heatran|Air Balloon\n|\n|-heal|p2a: Muk|84\/100|[from] item: Black Sludge\n|upkeep\n|turn|2\n|\n|t:|1699813683\n|move|p1a: Heatran|Earth Power|p2a: Muk\n|-supereffective|p2a: Muk\n|-damage|p2a: Muk|53\/100\n|-unboost|p2a: Muk|spd|1\n|move|p2a: Muk|Drain Punch|p1a: Heatran\n|-supereffective|p1a: Heatran\n|-damage|p1a: Heatran|70\/100\n|-heal|p2a: Muk|67\/100|[from] drain|[of] p1a: Heatran\n|-enditem|p1a: Heatran|Air Balloon\n|\n|-heal|p2a: Muk|73\/100|[from] item: Black Sludge\n|upkeep\n|turn|3\n|\n|t:|1699813699\n|switch|p2a: Walking Wake|Walking Wake|100\/100\n|move|p1a: Heatran|Will-O-Wisp|p2a: Walking Wake\n|-status|p2a: Walking Wake|brn\n|\n|-damage|p2a: Walking Wake|94\/100 brn|[from] brn\n|upkeep\n|turn|4\n|\n|t:|1699813712\n|move|p2a: Walking Wake|Hydro Steam|p1a: Heatran\n|-supereffective|p1a: Heatran\n|-damage|p1a: Heatran|14\/100\n|move|p1a: Heatran|Stealth Rock|p2a: Walking Wake\n|-sidestart|p2: coolestcod123|move: Stealth Rock\n|\n|-damage|p2a: Walking Wake|88\/100 brn|[from] brn\n|upkeep\n|turn|5\n|\n|t:|1699813720\n|move|p2a: Walking Wake|Hydro Steam|p1a: Heatran\n|-supereffective|p1a: Heatran\n|-damage|p1a: Heatran|0 fnt\n|faint|p1a: Heatran\n|\n|-damage|p2a: Walking Wake|82\/100 brn|[from] brn\n|upkeep\n|\n|t:|1699813723\n|switch|p1a: Hatterene|Hatterene, F|100\/100\n|turn|6\n|\n|t:|1699813728\n|-end|p2a: Walking Wake|Protosynthesis|[silent]\n|switch|p2a: Muk|Muk-Alola, F|73\/100\n|-damage|p2a: Muk|61\/100|[from] Stealth Rock\n|move|p1a: Hatterene|Calm Mind|p1a: Hatterene\n|-boost|p1a: Hatterene|spa|1\n|-boost|p1a: Hatterene|spd|1\n|\n|-heal|p2a: Muk|67\/100|[from] item: Black Sludge\n|upkeep\n|turn|7\n|\n|t:|1699813733\n|move|p2a: Muk|Poison Jab|p1a: Hatterene\n|-supereffective|p1a: Hatterene\n|-damage|p1a: Hatterene|52\/100\n|move|p1a: Hatterene|Calm Mind|p1a: Hatterene\n|-boost|p1a: Hatterene|spa|1\n|-boost|p1a: Hatterene|spd|1\n|\n|-heal|p2a: Muk|73\/100|[from] item: Black Sludge\n|-heal|p1a: Hatterene|58\/100|[from] item: Leftovers\n|upkeep\n|turn|8\n|\n|t:|1699813740\n|move|p2a: Muk|Poison Jab|p1a: Hatterene\n|-supereffective|p1a: Hatterene\n|-damage|p1a: Hatterene|11\/100\n|move|p1a: Hatterene|Draining Kiss|p2a: Muk\n|-damage|p2a: Muk|47\/100\n|-heal|p1a: Hatterene|37\/100|[from] drain|[of] p2a: Muk\n|\n|-heal|p2a: Muk|53\/100|[from] item: Black Sludge\n|-heal|p1a: Hatterene|43\/100|[from] item: Leftovers\n|upkeep\n|turn|9\n|\n|t:|1699813745\n|move|p2a: Muk|Poison Jab|p1a: Hatterene\n|-supereffective|p1a: Hatterene\n|-damage|p1a: Hatterene|0 fnt\n|faint|p1a: Hatterene\n|\n|-heal|p2a: Muk|59\/100|[from] item: Black Sludge\n|upkeep\n|\n|t:|1699813751\n|switch|p1a: Great Tusk|Great Tusk|100\/100\n|-enditem|p1a: Great Tusk|Booster Energy\n|-activate|p1a: Great Tusk|ability: Protosynthesis|[fromitem]\n|-start|p1a: Great Tusk|protosynthesisatk\n|turn|10\n|\n|t:|1699813760\n|switch|p2a: Weezing|Weezing-Galar, M|100\/100\n|-damage|p2a: Weezing|88\/100|[from] Stealth Rock\n|move|p1a: Great Tusk|Headlong Rush|p2a: Weezing\n|-immune|p2a: Weezing|[from] ability: Levitate\n|\n|upkeep\n|turn|11\n|\n|t:|1699813776\n|-end|p1a: Great Tusk|Protosynthesis|[silent]\n|switch|p1a: Thundurus|Thundurus-Therian, M|77\/100\n|move|p2a: Weezing|Strange Steam|p1a: Thundurus\n|-damage|p1a: Thundurus|0 fnt\n|faint|p1a: Thundurus\n|\n|upkeep\n|\n|t:|1699813792\n|switch|p1a: Weavile|Weavile, F|100\/100\n|-ability|p1a: Weavile|Pressure\n|turn|12\n|\n|t:|1699813796\n|move|p1a: Weavile|Icicle Crash|p2a: Weezing\n|-crit|p2a: Weezing\n|-damage|p2a: Weezing|23\/100\n|move|p2a: Weezing|Strange Steam|p1a: Weavile\n|-supereffective|p1a: Weavile\n|-damage|p1a: Weavile|0 fnt\n|faint|p1a: Weavile\n|\n|upkeep\n|\n|t:|1699813801\n|switch|p1a: Great Tusk|Great Tusk|100\/100\n|turn|13\n|\n|t:|1699813806\n|move|p1a: Great Tusk|Rapid Spin|p2a: Weezing\n|-damage|p2a: Weezing|2\/100\n|-boost|p1a: Great Tusk|spe|1\n|move|p2a: Weezing|Strange Steam|p1a: Great Tusk\n|-supereffective|p1a: Great Tusk\n|-damage|p1a: Great Tusk|0 fnt\n|faint|p1a: Great Tusk\n|-end|p1a: Great Tusk|Protosynthesis|[silent]\n|\n|upkeep\n|\n|t:|1699813809\n|switch|p1a: Corviknight|Corviknight, M|100\/100\n|turn|14\n|\n|t:|1699813815\n|move|p2a: Weezing|Strange Steam|p1a: Corviknight\n|-resisted|p1a: Corviknight\n|-damage|p1a: Corviknight|76\/100\n|move|p1a: Corviknight|U-turn|p2a: Weezing\n|-resisted|p2a: Weezing\n|-damage|p2a: Weezing|0 fnt\n|faint|p2a: Weezing\n|\n|-heal|p1a: Corviknight|82\/100|[from] item: Leftovers\n|upkeep\n|\n|t:|1699813824\n|switch|p2a: Walking Wake|Walking Wake|82\/100 brn\n|-damage|p2a: Walking Wake|70\/100 brn|[from] Stealth Rock\n|turn|15\n|\n|t:|1699813847\n|move|p2a: Walking Wake|Flamethrower|p1a: Corviknight\n|-supereffective|p1a: Corviknight\n|-damage|p1a: Corviknight|30\/100\n|move|p1a: Corviknight|Brave Bird|p2a: Walking Wake\n|-damage|p2a: Walking Wake|29\/100 brn\n|-damage|p1a: Corviknight|18\/100|[from] Recoil\n|\n|-heal|p1a: Corviknight|25\/100|[from] item: Leftovers\n|-damage|p2a: Walking Wake|22\/100 brn|[from] brn\n|upkeep\n|turn|16\n|\n|t:|1699813853\n|-terastallize|p1a: Corviknight|Water\n|move|p2a: Walking Wake|Flamethrower|p1a: Corviknight\n|-resisted|p1a: Corviknight\n|-damage|p1a: Corviknight|12\/100\n|move|p1a: Corviknight|Roost|p1a: Corviknight\n|-heal|p1a: Corviknight|62\/100\n|\n|-heal|p1a: Corviknight|69\/100|[from] item: Leftovers\n|-damage|p2a: Walking Wake|16\/100 brn|[from] brn\n|upkeep\n|turn|17\n|\n|t:|1699813863\n|-end|p2a: Walking Wake|Protosynthesis|[silent]\n|switch|p2a: Muk|Muk-Alola, F|59\/100\n|-damage|p2a: Muk|47\/100|[from] Stealth Rock\n|move|p1a: Corviknight|Roost|p1a: Corviknight\n|-heal|p1a: Corviknight|100\/100\n|\n|-heal|p2a: Muk|53\/100|[from] item: Black Sludge\n|upkeep\n|turn|18\n|\n|t:|1699813867\n|move|p1a: Corviknight|U-turn|p2a: Muk\n|-damage|p2a: Muk|38\/100\n|move|p2a: Muk|Knock Off|p1a: Corviknight\n|-damage|p1a: Corviknight|77\/100\n|-enditem|p1a: Corviknight|Leftovers|[from] move: Knock Off|[of] p2a: Muk\n|\n|-heal|p2a: Muk|44\/100|[from] item: Black Sludge\n|upkeep\n|turn|19\n|\n|t:|1699813874\n|move|p1a: Corviknight|Brave Bird|p2a: Muk\n|-damage|p2a: Muk|8\/100\n|-damage|p1a: Corviknight|65\/100|[from] Recoil\n|move|p2a: Muk|Poison Jab|p1a: Corviknight\n|-damage|p1a: Corviknight|46\/100\n|-status|p1a: Corviknight|psn\n|\n|-heal|p2a: Muk|14\/100|[from] item: Black Sludge\n|-damage|p1a: Corviknight|33\/100 psn|[from] psn\n|upkeep\n|turn|20\n|\n|t:|1699813878\n|move|p1a: Corviknight|U-turn|p2a: Muk\n|-damage|p2a: Muk|0 fnt\n|faint|p2a: Muk\n|\n|-damage|p1a: Corviknight|21\/100 psn|[from] psn\n|upkeep\n|\n|t:|1699813880\n|switch|p2a: Dragonite|Dragonite, M|100\/100\n|-damage|p2a: Dragonite|76\/100|[from] Stealth Rock\n|turn|21\n|\n|t:|1699813883\n|-terastallize|p2a: Dragonite|Normal\n|move|p2a: Dragonite|Extreme Speed|p1a: Corviknight\n|-damage|p1a: Corviknight|0 fnt\n|faint|p1a: Corviknight\n|\n|win|coolestcod123\n|raw|Samglizzyslapper's rating: 1209 &rarr; <strong>1187<\/strong><br \/>(-22 for losing)\n|raw|coolestcod123's rating: 1255 &rarr; <strong>1277<\/strong><br \/>(+22 for winning)\n|l|\u2606Samglizzyslapper\n","uploadtime":1699813904,"views":19,"p1id":"samglizzyslapper","p2id":"coolestcod123","formatid":"gen9ou","rating":1187,"private":0,"password":""}