{"id":"gen9ou-1988527150","p1":"OkJuice100","p2":"poquise","format":"[Gen 9] OU","log":"|j|\u2606OkJuice100\n|j|\u2606poquise\n|t:|1699732486\n|gametype|singles\n|player|p1|OkJuice100|266|1248\n|player|p2|poquise|doubleteam|1165\n|teamsize|p1|6\n|teamsize|p2|6\n|gen|9\n|tier|[Gen 9] OU\n|rated|\n|rule|Sleep Clause Mod: Limit one foe put to sleep\n|rule|Species Clause: Limit one of each Pok\u00e9mon\n|rule|OHKO Clause: OHKO moves are banned\n|rule|Evasion Items Clause: Evasion items are banned\n|rule|Evasion Moves Clause: Evasion moves are banned\n|rule|Endless Battle Clause: Forcing endless battles is banned\n|rule|HP Percentage Mod: HP is shown in percentages\n|clearpoke\n|poke|p1|Cinderace, M|\n|poke|p1|Greninja-*, F|\n|poke|p1|Slowking-Galar, F|\n|poke|p1|Pelipper, F|\n|poke|p1|Barraskewda, M|\n|poke|p1|Rillaboom, M|\n|poke|p2|Jirachi|\n|poke|p2|Lucario, F|\n|poke|p2|Blissey, F|\n|poke|p2|Ribombee, F|\n|poke|p2|Cinderace, M|\n|poke|p2|Corviknight, F|\n|teampreview\n|\n|t:|1699732492\n|start\n|switch|p1a: Cinderace|Cinderace, M|100\/100\n|switch|p2a: Ribombee|Ribombee, F|100\/100\n|turn|1\n|\n|t:|1699732500\n|move|p2a: Ribombee|Sticky Web|p1a: Cinderace\n|-sidestart|p1: OkJuice100|move: Sticky Web\n|move|p1a: Cinderace|U-turn|p2a: Ribombee\n|-start|p1a: Cinderace|typechange|Bug|[from] ability: Libero\n|-resisted|p2a: Ribombee\n|-damage|p2a: Ribombee|78\/100\n|c|\u2606poquise|gl hf\n|\n|t:|1699732506\n|switch|p1a: Pelipper|Pelipper, F|100\/100|[from] U-turn\n|-weather|RainDance|[from] ability: Drizzle|[of] p1a: Pelipper\n|\n|-weather|RainDance|[upkeep]\n|upkeep\n|turn|2\n|\n|t:|1699732515\n|move|p2a: Ribombee|U-turn|p1a: Pelipper\n|-resisted|p1a: Pelipper\n|-damage|p1a: Pelipper|95\/100\n|\n|t:|1699732518\n|switch|p2a: Blissey|Blissey, F|100\/100|[from] U-turn\n|move|p1a: Pelipper|U-turn|p2a: Blissey\n|-damage|p2a: Blissey|82\/100\n|\n|t:|1699732522\n|switch|p1a: Cinderace|Cinderace, M|100\/100|[from] U-turn\n|-activate|p1a: Cinderace|move: Sticky Web\n|-unboost|p1a: Cinderace|spe|1\n|\n|-weather|RainDance|[upkeep]\n|-heal|p2a: Blissey|89\/100|[from] item: Leftovers\n|upkeep\n|turn|3\n|\n|t:|1699732533\n|move|p1a: Cinderace|Court Change|p1a: Cinderace\n|-start|p1a: Cinderace|typechange|Normal|[from] ability: Libero\n|-swapsideconditions\n|-activate|p1a: Cinderace|move: Court Change\n|move|p2a: Blissey|Thunder Wave|p1a: Cinderace\n|-status|p1a: Cinderace|par\n|\n|-weather|RainDance|[upkeep]\n|-heal|p2a: Blissey|95\/100|[from] item: Leftovers\n|upkeep\n|turn|4\n|\n|t:|1699732543\n|switch|p2a: Corviknight|Corviknight, F|100\/100\n|-ability|p2a: Corviknight|Pressure\n|switch|p1a: Rillaboom|Rillaboom, M|100\/100\n|-fieldstart|move: Grassy Terrain|[from] ability: Grassy Surge|[of] p1a: Rillaboom\n|\n|-weather|RainDance|[upkeep]\n|upkeep\n|turn|5\n|\n|t:|1699732552\n|move|p1a: Rillaboom|Protect|p1a: Rillaboom\n|-singleturn|p1a: Rillaboom|Protect\n|move|p2a: Corviknight|Defog|p1a: Rillaboom\n|-activate|p1a: Rillaboom|move: Protect\n|\n|-weather|RainDance|[upkeep]\n|upkeep\n|turn|6\n|\n|t:|1699732562\n|move|p1a: Rillaboom|U-turn|p2a: Corviknight\n|-resisted|p2a: Corviknight\n|-damage|p2a: Corviknight|97\/100\n|-damage|p1a: Rillaboom|84\/100|[from] item: Rocky Helmet|[of] p2a: Corviknight\n|\n|t:|1699732566\n|switch|p1a: Slowking|Slowking-Galar, F|100\/100|[from] U-turn\n|move|p2a: Corviknight|Defog|p1a: Slowking\n|-unboost|p1a: Slowking|evasion|1\n|-sideend|p2: poquise|Sticky Web|[from] move: Defog|[of] p2a: Corviknight\n|-fieldend|move: Grassy Terrain\n|\n|-weather|RainDance|[upkeep]\n|upkeep\n|turn|7\n|\n|t:|1699732573\n|switch|p2a: Blissey|Blissey, F|95\/100\n|move|p1a: Slowking|Future Sight|p2a: Blissey\n|-start|p1a: Slowking|move: Future Sight\n|\n|-weather|RainDance|[upkeep]\n|-heal|p2a: Blissey|100\/100|[from] item: Leftovers\n|upkeep\n|turn|8\n|\n|t:|1699732582\n|switch|p1a: Cinderace|Cinderace, M|100\/100 par\n|move|p2a: Blissey|Thunder Wave|p1a: Cinderace\n|-fail|p1a: Cinderace|par\n|\n|-weather|none\n|upkeep\n|turn|9\n|\n|t:|1699732597\n|switch|p2a: Ribombee|Ribombee, F|78\/100\n|move|p1a: Cinderace|U-turn|p2a: Ribombee\n|-start|p1a: Cinderace|typechange|Bug|[from] ability: Libero\n|-resisted|p2a: Ribombee\n|-damage|p2a: Ribombee|52\/100\n|\n|t:|1699732605\n|switch|p1a: Barraskewda|Barraskewda, M|100\/100|[from] U-turn\n|\n|-end|p2a: Ribombee|move: Future Sight\n|-damage|p2a: Ribombee|0 fnt\n|faint|p2a: Ribombee\n|upkeep\n|\n|t:|1699732614\n|switch|p2a: Corviknight|Corviknight, F|97\/100\n|-ability|p2a: Corviknight|Pressure\n|turn|10\n|\n|t:|1699732619\n|move|p1a: Barraskewda|Flip Turn|p2a: Corviknight\n|-crit|p2a: Corviknight\n|-damage|p2a: Corviknight|50\/100\n|-damage|p1a: Barraskewda|84\/100|[from] item: Rocky Helmet|[of] p2a: Corviknight\n|\n|t:|1699732625\n|switch|p1a: Pelipper|Pelipper, F|95\/100|[from] Flip Turn\n|-weather|RainDance|[from] ability: Drizzle|[of] p1a: Pelipper\n|move|p2a: Corviknight|Body Press|p1a: Pelipper\n|-resisted|p1a: Pelipper\n|-damage|p1a: Pelipper|85\/100\n|\n|-weather|RainDance|[upkeep]\n|upkeep\n|turn|11\n|\n|t:|1699732635\n|switch|p2a: Blissey|Blissey, F|100\/100\n|move|p1a: Pelipper|Knock Off|p2a: Blissey\n|-damage|p2a: Blissey|75\/100\n|-enditem|p2a: Blissey|Leftovers|[from] move: Knock Off|[of] p1a: Pelipper\n|\n|-weather|RainDance|[upkeep]\n|upkeep\n|turn|12\n|\n|t:|1699732642\n|move|p1a: Pelipper|U-turn|p2a: Blissey\n|-damage|p2a: Blissey|55\/100\n|\n|t:|1699732646\n|switch|p1a: Cinderace|Cinderace, M|100\/100 par|[from] U-turn\n|move|p2a: Blissey|Seismic Toss|p1a: Cinderace\n|-damage|p1a: Cinderace|67\/100 par\n|\n|-weather|RainDance|[upkeep]\n|upkeep\n|turn|13\n|\n|t:|1699732653\n|switch|p2a: Jirachi|Jirachi|100\/100\n|move|p1a: Cinderace|U-turn|p2a: Jirachi\n|-start|p1a: Cinderace|typechange|Bug|[from] ability: Libero\n|-damage|p2a: Jirachi|73\/100\n|\n|t:|1699732657\n|switch|p1a: Barraskewda|Barraskewda, M|84\/100|[from] U-turn\n|\n|-weather|RainDance|[upkeep]\n|upkeep\n|turn|14\n|\n|t:|1699732665\n|move|p1a: Barraskewda|Flip Turn|p2a: Jirachi\n|-damage|p2a: Jirachi|0 fnt\n|faint|p2a: Jirachi\n|\n|t:|1699732672\n|switch|p1a: Cinderace|Cinderace, M|67\/100 par|[from] Flip Turn\n|\n|-weather|RainDance|[upkeep]\n|upkeep\n|-message|poquise forfeited.\n|\n|win|OkJuice100\n|raw|OkJuice100's rating: 1248 &rarr; <strong>1267<\/strong><br \/>(+19 for winning)\n|raw|poquise's rating: 1165 &rarr; <strong>1146<\/strong><br \/>(-19 for losing)\n|l|\u2606poquise\n","uploadtime":1699732679,"views":32,"p1id":"okjuice100","p2id":"poquise","formatid":"gen9ou","rating":1146,"private":0,"password":""}