{"id":"gen9ou-1997705288","p1":"KulerCorn","p2":"nephilimuscat","format":"[Gen 9] OU","log":"|j|\u2606KulerCorn\n|j|\u2606nephilimuscat\n|t:|1700843822\n|gametype|singles\n|player|p1|KulerCorn|rood|1179\n|player|p2|nephilimuscat|policeman-gen4|1115\n|teamsize|p1|6\n|teamsize|p2|6\n|gen|9\n|tier|[Gen 9] OU\n|rated|\n|rule|Sleep Clause Mod: Limit one foe put to sleep\n|rule|Species Clause: Limit one of each Pok\u00e9mon\n|rule|OHKO Clause: OHKO moves are banned\n|rule|Evasion Items Clause: Evasion items are banned\n|rule|Evasion Moves Clause: Evasion moves are banned\n|rule|Endless Battle Clause: Forcing endless battles is banned\n|rule|HP Percentage Mod: HP is shown in percentages\n|clearpoke\n|poke|p1|Magnezone|\n|poke|p1|Polteageist|\n|poke|p1|Inteleon, M|\n|poke|p1|Ribombee, F|\n|poke|p1|Iron Moth|\n|poke|p1|Scizor, F|\n|poke|p2|Ribombee, F|\n|poke|p2|Dragonite, M|\n|poke|p2|Great Tusk|\n|poke|p2|Iron Moth|\n|poke|p2|Kingambit, M|\n|poke|p2|Gholdengo|\n|teampreview\n|\n|t:|1700843859\n|start\n|switch|p1a: Scizor|Scizor, F|100\/100\n|switch|p2a: Abaille ou ...|Ribombee, F, shiny|100\/100\n|turn|1\n|\n|t:|1700843875\n|move|p1a: Scizor|Bullet Punch|p2a: Abaille ou ...\n|-supereffective|p2a: Abaille ou ...\n|-enditem|p2a: Abaille ou ...|Focus Sash\n|-damage|p2a: Abaille ou ...|1\/100\n|move|p2a: Abaille ou ...|Sticky Web|p1a: Scizor\n|-sidestart|p1: KulerCorn|move: Sticky Web\n|\n|upkeep\n|turn|2\n|l|\u2606KulerCorn\n|player|p1|\n|\n|t:|1700843907\n|switch|p2a: Scalpe l'empereur|Kingambit, M, shiny|100\/100\n|move|p1a: Scizor|Bullet Punch|p2a: Scalpe l'empereur\n|-resisted|p2a: Scalpe l'empereur\n|-damage|p2a: Scalpe l'empereur|86\/100\n|\n|upkeep\n|turn|3\n|j|\u2606KulerCorn\n|player|p1|KulerCorn|rood\n|\n|t:|1700843927\n|-end|p2a: Scalpe l'empereur|fallenundefined|[silent]\n|switch|p2a: Gros mago|Gholdengo, shiny|100\/100\n|move|p1a: Scizor|Pounce|p2a: Gros mago\n|-resisted|p2a: Gros mago\n|-damage|p2a: Gros mago|89\/100\n|-unboost|p2a: Gros mago|spe|1\n|\n|upkeep\n|turn|4\n|\n|t:|1700843956\n|move|p2a: Gros mago|Shadow Ball|p1a: Scizor\n|-damage|p1a: Scizor|44\/100\n|-unboost|p1a: Scizor|spd|1\n|move|p1a: Scizor|Swords Dance|p1a: Scizor\n|-boost|p1a: Scizor|atk|2\n|\n|upkeep\n|turn|5\n|\n|t:|1700843969\n|move|p1a: Scizor|Bullet Punch|p2a: Gros mago\n|-resisted|p2a: Gros mago\n|-damage|p2a: Gros mago|49\/100\n|move|p2a: Gros mago|Shadow Ball|p1a: Scizor\n|-damage|p1a: Scizor|0 fnt\n|faint|p1a: Scizor\n|\n|upkeep\n|\n|t:|1700843979\n|switch|p1a: Magnezone|Magnezone|100\/100\n|-activate|p1a: Magnezone|move: Sticky Web\n|-unboost|p1a: Magnezone|spe|1\n|turn|6\n|\n|t:|1700843993\n|move|p2a: Gros mago|Shadow Ball|p1a: Magnezone\n|-damage|p1a: Magnezone|46\/100\n|move|p1a: Magnezone|Charge|p1a: Magnezone\n|-boost|p1a: Magnezone|spd|1\n|-start|p1a: Magnezone|Charge\n|\n|-heal|p1a: Magnezone|52\/100|[from] item: Leftovers\n|upkeep\n|turn|7\n|\n|t:|1700844003\n|move|p2a: Gros mago|Shadow Ball|p1a: Magnezone\n|-damage|p1a: Magnezone|18\/100\n|move|p1a: Magnezone|Charge Beam|p2a: Gros mago\n|-damage|p2a: Gros mago|0 fnt\n|-boost|p1a: Magnezone|spa|1\n|faint|p2a: Gros mago\n|-end|p1a: Magnezone|Charge|[silent]\n|\n|-heal|p1a: Magnezone|24\/100|[from] item: Leftovers\n|upkeep\n|\n|t:|1700844018\n|switch|p2a: Iron Moth|Iron Moth, shiny|100\/100\n|-enditem|p2a: Iron Moth|Booster Energy\n|-activate|p2a: Iron Moth|ability: Quark Drive|[fromitem]\n|-start|p2a: Iron Moth|quarkdrivespe\n|turn|8\n|\n|t:|1700844025\n|move|p2a: Iron Moth|Fiery Dance|p1a: Magnezone\n|-supereffective|p1a: Magnezone\n|-damage|p1a: Magnezone|0 fnt\n|faint|p1a: Magnezone\n|\n|upkeep\n|\n|t:|1700844033\n|switch|p1a: Polteageist|Polteageist|100\/100\n|-activate|p1a: Polteageist|move: Sticky Web\n|-unboost|p1a: Polteageist|spe|1\n|turn|9\n|\n|t:|1700844060\n|move|p2a: Iron Moth|Fiery Dance|p1a: Polteageist\n|-damage|p1a: Polteageist|53\/100\n|-boost|p2a: Iron Moth|spa|1\n|move|p1a: Polteageist|Shell Smash|p1a: Polteageist\n|-unboost|p1a: Polteageist|def|1\n|-unboost|p1a: Polteageist|spd|1\n|-boost|p1a: Polteageist|atk|2\n|-boost|p1a: Polteageist|spa|2\n|-boost|p1a: Polteageist|spe|2\n|\n|upkeep\n|turn|10\n|\n|t:|1700844077\n|move|p2a: Iron Moth|Fiery Dance|p1a: Polteageist\n|-damage|p1a: Polteageist|0 fnt\n|-boost|p2a: Iron Moth|spa|1\n|faint|p1a: Polteageist\n|\n|upkeep\n|\n|t:|1700844083\n|switch|p1a: Ribombee|Ribombee, F|100\/100\n|-activate|p1a: Ribombee|move: Sticky Web\n|-unboost|p1a: Ribombee|spe|1\n|turn|11\n|-message|KulerCorn forfeited.\n|\n|win|nephilimuscat\n|raw|KulerCorn's rating: 1179 &rarr; <strong>1149<\/strong><br \/>(-30 for losing)\n|raw|nephilimuscat's rating: 1115 &rarr; <strong>1145<\/strong><br \/>(+30 for winning)\n|l|\u2606KulerCorn\n","uploadtime":1700844098,"views":2,"p1id":"kulercorn","p2id":"nephilimuscat","formatid":"gen9ou","rating":1145,"private":0,"password":""}