{"id":"gen9ou-1989616132","p1":"Wiseblood2707","p2":"thelocalhoodrat","format":"[Gen 9] OU","log":"|j|\u2606Wiseblood2707\n|j|\u2606thelocalhoodrat\n|t:|1699879261\n|gametype|singles\n|player|p1|Wiseblood2707|giovanni|1182\n|player|p2|thelocalhoodrat|170|1207\n|teamsize|p1|6\n|teamsize|p2|6\n|gen|9\n|tier|[Gen 9] OU\n|rated|\n|rule|Sleep Clause Mod: Limit one foe put to sleep\n|rule|Species Clause: Limit one of each Pok\u00e9mon\n|rule|OHKO Clause: OHKO moves are banned\n|rule|Evasion Items Clause: Evasion items are banned\n|rule|Evasion Moves Clause: Evasion moves are banned\n|rule|Endless Battle Clause: Forcing endless battles is banned\n|rule|HP Percentage Mod: HP is shown in percentages\n|clearpoke\n|poke|p1|Kommo-o, F|\n|poke|p1|Ninetales-Alola, F|\n|poke|p1|Great Tusk|\n|poke|p1|Samurott-Hisui, F|\n|poke|p1|Iron Moth|\n|poke|p1|Corviknight, M|\n|poke|p2|Tauros-Paldea-Blaze, M|\n|poke|p2|Kingambit, M|\n|poke|p2|Enamorus, F|\n|poke|p2|Dragapult, F|\n|poke|p2|Corviknight, F|\n|poke|p2|Clefable, F|\n|teampreview\n|\n|t:|1699879271\n|start\n|switch|p1a: Ninetales|Ninetales-Alola, F|100\/100\n|switch|p2a: Tauros|Tauros-Paldea-Blaze, M|100\/100\n|-weather|Snow|[from] ability: Snow Warning|[of] p1a: Ninetales\n|-ability|p2a: Tauros|Intimidate|boost\n|-unboost|p1a: Ninetales|atk|1\n|turn|1\n|\n|t:|1699879302\n|move|p1a: Ninetales|Hypnosis|p2a: Tauros\n|-status|p2a: Tauros|slp|[from] move: Hypnosis\n|cant|p2a: Tauros|slp\n|\n|-weather|Snow|[upkeep]\n|upkeep\n|turn|2\n|\n|t:|1699879332\n|switch|p1a: Vergil|Samurott-Hisui, F|100\/100\n|switch|p2a: Enamorus|Enamorus, F|100\/100\n|\n|-weather|Snow|[upkeep]\n|upkeep\n|turn|3\n|\n|t:|1699879345\n|switch|p1a: KillerMoth|Iron Moth|100\/100\n|-enditem|p1a: KillerMoth|Booster Energy\n|-activate|p1a: KillerMoth|ability: Quark Drive|[fromitem]\n|-start|p1a: KillerMoth|quarkdrivespe\n|move|p2a: Enamorus|Superpower|p1a: KillerMoth\n|-resisted|p1a: KillerMoth\n|-damage|p1a: KillerMoth|80\/100\n|-boost|p2a: Enamorus|atk|1\n|-boost|p2a: Enamorus|def|1\n|\n|-weather|Snow|[upkeep]\n|upkeep\n|turn|4\n|\n|t:|1699879355\n|-terastallize|p2a: Enamorus|Ground\n|move|p1a: KillerMoth|Sludge Wave|p2a: Enamorus\n|-resisted|p2a: Enamorus\n|-damage|p2a: Enamorus|62\/100\n|move|p2a: Enamorus|Earth Power|p1a: KillerMoth\n|-supereffective|p1a: KillerMoth\n|-damage|p1a: KillerMoth|0 fnt\n|faint|p1a: KillerMoth\n|-end|p1a: KillerMoth|Quark Drive|[silent]\n|\n|-weather|Snow|[upkeep]\n|upkeep\n|\n|t:|1699879367\n|switch|p1a: Vergil|Samurott-Hisui, F|100\/100\n|turn|5\n|\n|t:|1699879374\n|-terastallize|p1a: Vergil|Ghost\n|move|p2a: Enamorus|Superpower|p1a: Vergil\n|-immune|p1a: Vergil\n|move|p1a: Vergil|Razor Shell|p2a: Enamorus\n|-supereffective|p2a: Enamorus\n|-damage|p2a: Enamorus|0 fnt\n|faint|p2a: Enamorus\n|\n|-weather|none\n|upkeep\n|\n|t:|1699879389\n|switch|p2a: Kingambit|Kingambit, M, shiny|100\/100\n|-activate|p2a: Kingambit|ability: Supreme Overlord\n|-start|p2a: Kingambit|fallen1|[silent]\n|turn|6\n|\n|t:|1699879402\n|switch|p1a: Gran Tosko|Great Tusk|100\/100\n|-enditem|p1a: Gran Tosko|Booster Energy\n|-activate|p1a: Gran Tosko|ability: Protosynthesis|[fromitem]\n|-start|p1a: Gran Tosko|protosynthesisatk\n|-end|p2a: Kingambit|fallen1|[silent]\n|switch|p2a: Tauros|Tauros-Paldea-Blaze, M|100\/100 slp\n|-ability|p2a: Tauros|Intimidate|boost\n|-unboost|p1a: Gran Tosko|atk|1\n|\n|upkeep\n|turn|7\n|\n|t:|1699879412\n|cant|p2a: Tauros|slp\n|move|p1a: Gran Tosko|Headlong Rush|p2a: Tauros\n|-supereffective|p2a: Tauros\n|-damage|p2a: Tauros|0 fnt\n|-unboost|p1a: Gran Tosko|def|1\n|-unboost|p1a: Gran Tosko|spd|1\n|faint|p2a: Tauros\n|\n|upkeep\n|\n|t:|1699879430\n|switch|p2a: Dragapult|Dragapult, F|100\/100\n|turn|8\n|\n|t:|1699879437\n|-end|p1a: Gran Tosko|Protosynthesis|[silent]\n|switch|p1a: Ninetales|Ninetales-Alola, F|100\/100\n|-weather|Snow|[from] ability: Snow Warning|[of] p1a: Ninetales\n|move|p2a: Dragapult|Shadow Ball|p1a: Ninetales\n|-damage|p1a: Ninetales|50\/100\n|\n|-weather|Snow|[upkeep]\n|upkeep\n|turn|9\n|\n|t:|1699879446\n|switch|p1a: Goku|Kommo-o, F|100\/100\n|move|p2a: Dragapult|Shadow Ball|p1a: Goku\n|-immune|p1a: Goku|[from] ability: Bulletproof\n|\n|-weather|Snow|[upkeep]\n|upkeep\n|turn|10\n|\n|t:|1699879457\n|switch|p2a: Clefable|Clefable, F|100\/100\n|move|p1a: Goku|Clangorous Soul|p1a: Goku\n|-boost|p1a: Goku|atk|1\n|-boost|p1a: Goku|def|1\n|-boost|p1a: Goku|spa|1\n|-boost|p1a: Goku|spd|1\n|-boost|p1a: Goku|spe|1\n|-damage|p1a: Goku|68\/100\n|-enditem|p1a: Goku|Throat Spray\n|-boost|p1a: Goku|spa|1|[from] item: Throat Spray\n|\n|-weather|Snow|[upkeep]\n|upkeep\n|turn|11\n|\n|t:|1699879469\n|move|p1a: Goku|Boomburst|p2a: Clefable\n|-damage|p2a: Clefable|72\/100\n|move|p2a: Clefable|Calm Mind|p2a: Clefable\n|-boost|p2a: Clefable|spa|1\n|-boost|p2a: Clefable|spd|1\n|\n|-weather|Snow|[upkeep]\n|upkeep\n|turn|12\n|\n|t:|1699879484\n|switch|p1a: Corviknight|Corviknight, M|100\/100\n|-ability|p1a: Corviknight|Pressure\n|move|p2a: Clefable|Wish|p2a: Clefable\n|\n|-weather|none\n|upkeep\n|turn|13\n|\n|t:|1699879495\n|move|p1a: Corviknight|Iron Head|p2a: Clefable\n|-supereffective|p2a: Clefable\n|-damage|p2a: Clefable|17\/100\n|move|p2a: Clefable|Calm Mind|p2a: Clefable\n|-boost|p2a: Clefable|spa|1\n|-boost|p2a: Clefable|spd|1\n|\n|-heal|p2a: Clefable|67\/100|[from] move: Wish|[wisher] Clefable\n|upkeep\n|turn|14\n|\n|t:|1699879504\n|move|p1a: Corviknight|Roost||[still]\n|-fail|p1a: Corviknight|heal\n|move|p2a: Clefable|Wish|p2a: Clefable\n|\n|upkeep\n|turn|15\n|\n|t:|1699879517\n|switch|p2a: Dragapult|Dragapult, F|100\/100\n|move|p1a: Corviknight|Iron Head|p2a: Dragapult\n|-damage|p2a: Dragapult|66\/100\n|\n|-heal|p2a: Dragapult|100\/100|[from] move: Wish|[wisher] Clefable\n|upkeep\n|turn|16\n|\n|t:|1699879536\n|move|p2a: Dragapult|Flamethrower|p1a: Corviknight\n|-supereffective|p1a: Corviknight\n|-damage|p1a: Corviknight|28\/100\n|-status|p1a: Corviknight|brn\n|move|p1a: Corviknight|U-turn|p2a: Dragapult\n|-resisted|p2a: Dragapult\n|-damage|p2a: Dragapult|96\/100\n|\n|t:|1699879546\n|switch|p1a: Gran Tosko|Great Tusk|100\/100|[from] U-turn\n|\n|upkeep\n|turn|17\n|\n|t:|1699879557\n|switch|p2a: Corviknight|Corviknight, F, shiny|100\/100\n|-ability|p2a: Corviknight|Pressure\n|move|p1a: Gran Tosko|Ice Spinner|p2a: Corviknight\n|-crit|p2a: Corviknight\n|-damage|p2a: Corviknight|74\/100\n|-damage|p1a: Gran Tosko|84\/100|[from] item: Rocky Helmet|[of] p2a: Corviknight\n|\n|upkeep\n|turn|18\n|\n|t:|1699879583\n|-end|p1a: Gran Tosko|Protosynthesis|[silent]\n|switch|p1a: Corviknight|Corviknight, M|28\/100 brn\n|-ability|p1a: Corviknight|Pressure\n|move|p2a: Corviknight|Brave Bird|p1a: Corviknight\n|-resisted|p1a: Corviknight\n|-damage|p1a: Corviknight|17\/100 brn\n|-damage|p2a: Corviknight|57\/100|[from] item: Rocky Helmet|[of] p1a: Corviknight\n|-damage|p2a: Corviknight|54\/100|[from] Recoil\n|\n|-damage|p1a: Corviknight|11\/100 brn|[from] brn\n|upkeep\n|turn|19\n|\n|t:|1699879596\n|move|p1a: Corviknight|Roost|p1a: Corviknight\n|-heal|p1a: Corviknight|61\/100 brn\n|-singleturn|p1a: Corviknight|move: Roost\n|move|p2a: Corviknight|Brave Bird|p1a: Corviknight\n|-resisted|p1a: Corviknight\n|-damage|p1a: Corviknight|49\/100 brn\n|-damage|p2a: Corviknight|37\/100|[from] item: Rocky Helmet|[of] p1a: Corviknight\n|-damage|p2a: Corviknight|33\/100|[from] Recoil\n|\n|-damage|p1a: Corviknight|43\/100 brn|[from] brn\n|upkeep\n|turn|20\n|\n|t:|1699879607\n|move|p2a: Corviknight|Roost|p2a: Corviknight\n|-heal|p2a: Corviknight|83\/100\n|-singleturn|p2a: Corviknight|move: Roost\n|move|p1a: Corviknight|Roost|p1a: Corviknight\n|-heal|p1a: Corviknight|93\/100 brn\n|-singleturn|p1a: Corviknight|move: Roost\n|\n|-damage|p1a: Corviknight|87\/100 brn|[from] brn\n|upkeep\n|turn|21\n|\n|t:|1699879628\n|move|p2a: Corviknight|U-turn|p1a: Corviknight\n|-resisted|p1a: Corviknight\n|-damage|p1a: Corviknight|85\/100 brn\n|-damage|p2a: Corviknight|67\/100|[from] item: Rocky Helmet|[of] p1a: Corviknight\n|\n|t:|1699879640\n|switch|p2a: Clefable|Clefable, F|67\/100|[from] U-turn\n|move|p1a: Corviknight|Body Press|p2a: Clefable\n|-resisted|p2a: Clefable\n|-damage|p2a: Clefable|60\/100\n|\n|-damage|p1a: Corviknight|79\/100 brn|[from] brn\n|upkeep\n|turn|22\n|\n|t:|1699879658\n|move|p1a: Corviknight|Iron Head|p2a: Clefable\n|-supereffective|p2a: Clefable\n|-damage|p2a: Clefable|31\/100\n|move|p2a: Clefable|Wish|p2a: Clefable\n|\n|-damage|p1a: Corviknight|73\/100 brn|[from] brn\n|upkeep\n|turn|23\n|\n|t:|1699879666\n|switch|p1a: Ninetales|Ninetales-Alola, F|50\/100\n|-weather|Snow|[from] ability: Snow Warning|[of] p1a: Ninetales\n|move|p2a: Clefable|Protect||[still]\n|-fail|p2a: Clefable\n|\n|-weather|Snow|[upkeep]\n|-heal|p2a: Clefable|81\/100|[from] move: Wish|[wisher] Clefable\n|upkeep\n|turn|24\n|\n|t:|1699879678\n|switch|p2a: Corviknight|Corviknight, F, shiny|67\/100\n|-ability|p2a: Corviknight|Pressure\n|move|p1a: Ninetales|Aurora Veil|p1a: Ninetales\n|-sidestart|p1: Wiseblood2707|move: Aurora Veil\n|\n|-weather|Snow|[upkeep]\n|upkeep\n|turn|25\n|\n|t:|1699879696\n|switch|p1a: Vergil|Samurott-Hisui, F, tera:Ghost|100\/100\n|move|p2a: Corviknight|Roost|p2a: Corviknight\n|-heal|p2a: Corviknight|100\/100\n|-singleturn|p2a: Corviknight|move: Roost\n|\n|-weather|Snow|[upkeep]\n|upkeep\n|turn|26\n|inactive|Battle timer is ON: inactive players will automatically lose when time's up. (requested by thelocalhoodrat)\n|\n|t:|1699879747\n|move|p1a: Vergil|Knock Off|p2a: Corviknight\n|-damage|p2a: Corviknight|74\/100\n|-damage|p1a: Vergil|84\/100|[from] item: Rocky Helmet|[of] p2a: Corviknight\n|-enditem|p2a: Corviknight|Rocky Helmet|[from] move: Knock Off|[of] p1a: Vergil\n|move|p2a: Corviknight|Defog|p1a: Vergil\n|-unboost|p1a: Vergil|evasion|1\n|-sideend|p1: Wiseblood2707|move: Aurora Veil\n|\n|-weather|Snow|[upkeep]\n|upkeep\n|turn|27\n|\n|t:|1699879762\n|move|p1a: Vergil|Ceaseless Edge|p2a: Corviknight|[miss]\n|-miss|p1a: Vergil|p2a: Corviknight\n|move|p2a: Corviknight|Roost|p2a: Corviknight\n|-heal|p2a: Corviknight|100\/100\n|-singleturn|p2a: Corviknight|move: Roost\n|\n|-weather|none\n|upkeep\n|turn|28\n|inactive|Wiseblood2707 has 120 seconds left.\n|\n|t:|1699879799\n|switch|p1a: Corviknight|Corviknight, M|73\/100 brn\n|-ability|p1a: Corviknight|Pressure\n|move|p2a: Corviknight|Brave Bird|p1a: Corviknight\n|-resisted|p1a: Corviknight\n|-damage|p1a: Corviknight|63\/100 brn\n|-damage|p2a: Corviknight|84\/100|[from] item: Rocky Helmet|[of] p1a: Corviknight\n|-damage|p2a: Corviknight|81\/100|[from] Recoil\n|\n|-damage|p1a: Corviknight|57\/100 brn|[from] brn\n|upkeep\n|turn|29\n|inactive|Wiseblood2707 has 120 seconds left.\n|\n|t:|1699879810\n|move|p2a: Corviknight|U-turn|p1a: Corviknight\n|-resisted|p1a: Corviknight\n|-damage|p1a: Corviknight|55\/100 brn\n|-damage|p2a: Corviknight|64\/100|[from] item: Rocky Helmet|[of] p1a: Corviknight\n|\n|t:|1699879816\n|switch|p2a: Clefable|Clefable, F|81\/100|[from] U-turn\n|move|p1a: Corviknight|Roost|p1a: Corviknight\n|-heal|p1a: Corviknight|100\/100 brn\n|-singleturn|p1a: Corviknight|move: Roost\n|\n|-damage|p1a: Corviknight|94\/100 brn|[from] brn\n|upkeep\n|turn|30\n|inactive|Wiseblood2707 has 120 seconds left.\n|\n|t:|1699879836\n|move|p1a: Corviknight|Iron Head|p2a: Clefable\n|-supereffective|p2a: Clefable\n|-damage|p2a: Clefable|55\/100\n|cant|p2a: Clefable|flinch\n|\n|-damage|p1a: Corviknight|88\/100 brn|[from] brn\n|upkeep\n|turn|31\n|inactive|Wiseblood2707 has 120 seconds left.\n|\n|t:|1699879843\n|move|p1a: Corviknight|Iron Head|p2a: Clefable\n|-supereffective|p2a: Clefable\n|-damage|p2a: Clefable|27\/100\n|move|p2a: Clefable|Wish|p2a: Clefable\n|\n|-damage|p1a: Corviknight|82\/100 brn|[from] brn\n|upkeep\n|turn|32\n|\n|t:|1699879851\n|move|p2a: Clefable|Protect|p2a: Clefable\n|-singleturn|p2a: Clefable|Protect\n|move|p1a: Corviknight|Iron Head|p2a: Clefable\n|-activate|p2a: Clefable|move: Protect\n|\n|-heal|p2a: Clefable|77\/100|[from] move: Wish|[wisher] Clefable\n|-damage|p1a: Corviknight|76\/100 brn|[from] brn\n|upkeep\n|turn|33\n|\n|t:|1699879859\n|move|p1a: Corviknight|Iron Head|p2a: Clefable\n|-supereffective|p2a: Clefable\n|-damage|p2a: Clefable|50\/100\n|move|p2a: Clefable|Wish|p2a: Clefable\n|\n|-damage|p1a: Corviknight|70\/100 brn|[from] brn\n|upkeep\n|turn|34\n|\n|t:|1699879864\n|move|p1a: Corviknight|Iron Head|p2a: Clefable\n|-supereffective|p2a: Clefable\n|-damage|p2a: Clefable|24\/100\n|move|p2a: Clefable|Calm Mind|p2a: Clefable\n|-boost|p2a: Clefable|spa|1\n|-boost|p2a: Clefable|spd|1\n|\n|-heal|p2a: Clefable|74\/100|[from] move: Wish|[wisher] Clefable\n|-damage|p1a: Corviknight|64\/100 brn|[from] brn\n|upkeep\n|turn|35\n|\n|t:|1699879873\n|move|p1a: Corviknight|Iron Head|p2a: Clefable\n|-supereffective|p2a: Clefable\n|-damage|p2a: Clefable|49\/100\n|cant|p2a: Clefable|flinch\n|\n|-damage|p1a: Corviknight|58\/100 brn|[from] brn\n|upkeep\n|turn|36\n|\n|t:|1699879879\n|move|p1a: Corviknight|Iron Head|p2a: Clefable\n|-supereffective|p2a: Clefable\n|-damage|p2a: Clefable|24\/100\n|move|p2a: Clefable|Wish|p2a: Clefable\n|\n|-damage|p1a: Corviknight|52\/100 brn|[from] brn\n|upkeep\n|turn|37\n|\n|t:|1699879886\n|move|p2a: Clefable|Protect|p2a: Clefable\n|-singleturn|p2a: Clefable|Protect\n|move|p1a: Corviknight|Roost|p1a: Corviknight\n|-heal|p1a: Corviknight|100\/100 brn\n|-singleturn|p1a: Corviknight|move: Roost\n|\n|-heal|p2a: Clefable|74\/100|[from] move: Wish|[wisher] Clefable\n|-damage|p1a: Corviknight|94\/100 brn|[from] brn\n|upkeep\n|turn|38\n|\n|t:|1699879895\n|move|p1a: Corviknight|Iron Head|p2a: Clefable\n|-supereffective|p2a: Clefable\n|-damage|p2a: Clefable|45\/100\n|move|p2a: Clefable|Wish|p2a: Clefable\n|\n|-damage|p1a: Corviknight|88\/100 brn|[from] brn\n|upkeep\n|turn|39\n|\n|t:|1699879901\n|move|p2a: Clefable|Protect|p2a: Clefable\n|-singleturn|p2a: Clefable|Protect\n|move|p1a: Corviknight|Iron Head|p2a: Clefable\n|-activate|p2a: Clefable|move: Protect\n|\n|-heal|p2a: Clefable|95\/100|[from] move: Wish|[wisher] Clefable\n|-damage|p1a: Corviknight|82\/100 brn|[from] brn\n|upkeep\n|turn|40\n|\n|t:|1699879909\n|move|p1a: Corviknight|Iron Head|p2a: Clefable\n|-supereffective|p2a: Clefable\n|-damage|p2a: Clefable|65\/100\n|cant|p2a: Clefable|flinch\n|\n|-damage|p1a: Corviknight|76\/100 brn|[from] brn\n|upkeep\n|turn|41\n|\n|t:|1699879915\n|move|p1a: Corviknight|Iron Head|p2a: Clefable\n|-supereffective|p2a: Clefable\n|-damage|p2a: Clefable|40\/100\n|move|p2a: Clefable|Wish|p2a: Clefable\n|\n|-damage|p1a: Corviknight|70\/100 brn|[from] brn\n|upkeep\n|turn|42\n|\n|t:|1699879925\n|switch|p1a: Ninetales|Ninetales-Alola, F|50\/100\n|-weather|Snow|[from] ability: Snow Warning|[of] p1a: Ninetales\n|move|p2a: Clefable|Protect||[still]\n|-fail|p2a: Clefable\n|\n|-weather|Snow|[upkeep]\n|-heal|p2a: Clefable|90\/100|[from] move: Wish|[wisher] Clefable\n|upkeep\n|turn|43\n|inactive|thelocalhoodrat has 120 seconds left.\n|\n|t:|1699879961\n|move|p1a: Ninetales|Hypnosis|p2a: Clefable\n|-status|p2a: Clefable|slp|[from] move: Hypnosis\n|cant|p2a: Clefable|slp\n|\n|-weather|Snow|[upkeep]\n|upkeep\n|turn|44\n|inactive|Wiseblood2707 has 120 seconds left.\n|\n|t:|1699879993\n|switch|p1a: Corviknight|Corviknight, M|70\/100 brn\n|-ability|p1a: Corviknight|Pressure\n|-curestatus|p2a: Clefable|slp|[msg]\n|move|p2a: Clefable|Moonblast|p1a: Corviknight\n|-resisted|p1a: Corviknight\n|-damage|p1a: Corviknight|48\/100 brn\n|\n|-weather|Snow|[upkeep]\n|-damage|p1a: Corviknight|42\/100 brn|[from] brn\n|upkeep\n|turn|45\n|inactive|Wiseblood2707 has 120 seconds left.\n|\n|t:|1699880003\n|move|p1a: Corviknight|Roost|p1a: Corviknight\n|-heal|p1a: Corviknight|92\/100 brn\n|-singleturn|p1a: Corviknight|move: Roost\n|move|p2a: Clefable|Calm Mind|p2a: Clefable\n|-boost|p2a: Clefable|spa|1\n|-boost|p2a: Clefable|spd|1\n|\n|-weather|Snow|[upkeep]\n|-damage|p1a: Corviknight|86\/100 brn|[from] brn\n|upkeep\n|turn|46\n|\n|t:|1699880011\n|move|p1a: Corviknight|Body Press|p2a: Clefable\n|-resisted|p2a: Clefable\n|-damage|p2a: Clefable|83\/100\n|move|p2a: Clefable|Calm Mind|p2a: Clefable\n|-boost|p2a: Clefable|spa|1\n|-boost|p2a: Clefable|spd|1\n|\n|-weather|none\n|-damage|p1a: Corviknight|80\/100 brn|[from] brn\n|upkeep\n|turn|47\n|\n|t:|1699880019\n|move|p1a: Corviknight|Iron Head|p2a: Clefable\n|-supereffective|p2a: Clefable\n|-damage|p2a: Clefable|57\/100\n|cant|p2a: Clefable|flinch\n|\n|-damage|p1a: Corviknight|74\/100 brn|[from] brn\n|upkeep\n|turn|48\n|\n|t:|1699880026\n|move|p1a: Corviknight|Iron Head|p2a: Clefable\n|-supereffective|p2a: Clefable\n|-damage|p2a: Clefable|29\/100\n|move|p2a: Clefable|Wish|p2a: Clefable\n|\n|-damage|p1a: Corviknight|68\/100 brn|[from] brn\n|upkeep\n|turn|49\n|\n|t:|1699880033\n|switch|p1a: Ninetales|Ninetales-Alola, F|50\/100\n|-weather|Snow|[from] ability: Snow Warning|[of] p1a: Ninetales\n|move|p2a: Clefable|Moonblast|p1a: Ninetales\n|-damage|p1a: Ninetales|0 fnt\n|faint|p1a: Ninetales\n|\n|-weather|Snow|[upkeep]\n|-heal|p2a: Clefable|79\/100|[from] move: Wish|[wisher] Clefable\n|upkeep\n|\n|t:|1699880043\n|switch|p1a: Goku|Kommo-o, F|68\/100\n|turn|50\n|\n|t:|1699880049\n|switch|p1a: Corviknight|Corviknight, M|68\/100 brn\n|-ability|p1a: Corviknight|Pressure\n|move|p2a: Clefable|Moonblast|p1a: Corviknight\n|-resisted|p1a: Corviknight\n|-damage|p1a: Corviknight|30\/100 brn\n|\n|-weather|Snow|[upkeep]\n|-damage|p1a: Corviknight|24\/100 brn|[from] brn\n|upkeep\n|turn|51\n|\n|t:|1699880058\n|move|p1a: Corviknight|Roost|p1a: Corviknight\n|-heal|p1a: Corviknight|74\/100 brn\n|-singleturn|p1a: Corviknight|move: Roost\n|move|p2a: Clefable|Moonblast|p1a: Corviknight\n|-resisted|p1a: Corviknight\n|-damage|p1a: Corviknight|39\/100 brn\n|\n|-weather|Snow|[upkeep]\n|-damage|p1a: Corviknight|33\/100 brn|[from] brn\n|upkeep\n|turn|52\n|-message|Wiseblood2707 forfeited.\n|\n|win|thelocalhoodrat\n|raw|Wiseblood2707's rating: 1182 &rarr; <strong>1159<\/strong><br \/>(-23 for losing)\n|raw|thelocalhoodrat's rating: 1207 &rarr; <strong>1230<\/strong><br \/>(+23 for winning)\n|l|\u2606Wiseblood2707\n","uploadtime":1699880089,"views":7,"p1id":"wiseblood2707","p2id":"thelocalhoodrat","formatid":"gen9ou","rating":1159,"private":0,"password":""}