{"id":"gen9ou-1993807506","p1":"Bskasvs","p2":"vekpoc","format":"[Gen 9] OU","log":"|j|\u2606Bskasvs\n|j|\u2606vekpoc\n|t:|1700359711\n|gametype|singles\n|player|p1|Bskasvs|101|1195\n|player|p2|vekpoc|youngster-gen1rb|1283\n|teamsize|p1|6\n|teamsize|p2|6\n|gen|9\n|tier|[Gen 9] OU\n|rated|\n|rule|Sleep Clause Mod: Limit one foe put to sleep\n|rule|Species Clause: Limit one of each Pok\u00e9mon\n|rule|OHKO Clause: OHKO moves are banned\n|rule|Evasion Items Clause: Evasion items are banned\n|rule|Evasion Moves Clause: Evasion moves are banned\n|rule|Endless Battle Clause: Forcing endless battles is banned\n|rule|HP Percentage Mod: HP is shown in percentages\n|clearpoke\n|poke|p1|Walking Wake|\n|poke|p1|Torkoal, F|\n|poke|p1|Espeon, F|\n|poke|p1|Iron Valiant|\n|poke|p1|Clodsire, M|\n|poke|p1|Bisharp, M|\n|poke|p2|Pelipper, F|\n|poke|p2|Salamence, F|\n|poke|p2|Basculegion-F, F|\n|poke|p2|Gyarados, F|\n|poke|p2|Ogerpon-Cornerstone, F|\n|poke|p2|Amoonguss, M|\n|teampreview\n|inactive|Battle timer is ON: inactive players will automatically lose when time's up. (requested by vekpoc)\n|\n|t:|1700359716\n|start\n|switch|p1a: Torkoal|Torkoal, F|100\/100\n|switch|p2a: Pelipper|Pelipper, F|100\/100\n|-weather|RainDance|[from] ability: Drizzle|[of] p2a: Pelipper\n|-weather|SunnyDay|[from] ability: Drought|[of] p1a: Torkoal\n|turn|1\n|\n|t:|1700359723\n|move|p2a: Pelipper|U-turn|p1a: Torkoal\n|-resisted|p1a: Torkoal\n|-damage|p1a: Torkoal|98\/100\n|\n|t:|1700359727\n|switch|p2a: Salamence|Salamence, F|100\/100|[from] U-turn\n|-ability|p2a: Salamence|Intimidate|boost\n|-unboost|p1a: Torkoal|atk|1\n|move|p1a: Torkoal|Stealth Rock|p2a: Salamence\n|-sidestart|p2: vekpoc|move: Stealth Rock\n|\n|-weather|SunnyDay|[upkeep]\n|upkeep\n|turn|2\n|\n|t:|1700359738\n|switch|p1a: Espeon|Espeon, F|100\/100\n|move|p2a: Salamence|Draco Meteor|p1a: Espeon\n|-damage|p1a: Espeon|27\/100\n|-unboost|p2a: Salamence|spa|2\n|\n|-weather|SunnyDay|[upkeep]\n|upkeep\n|turn|3\n|\n|t:|1700359749\n|move|p2a: Salamence|Draco Meteor|p1a: Espeon|[miss]\n|-miss|p2a: Salamence|p1a: Espeon\n|move|p1a: Espeon|Dazzling Gleam|p2a: Salamence\n|-supereffective|p2a: Salamence\n|-damage|p2a: Salamence|0 fnt\n|faint|p2a: Salamence\n|\n|-weather|SunnyDay|[upkeep]\n|upkeep\n|\n|t:|1700359752\n|switch|p2a: Pelipper|Pelipper, F|100\/100\n|-damage|p2a: Pelipper|76\/100|[from] Stealth Rock\n|-weather|RainDance|[from] ability: Drizzle|[of] p2a: Pelipper\n|turn|4\n|\n|t:|1700359763\n|switch|p1a: Torkoal|Torkoal, F|98\/100\n|-weather|SunnyDay|[from] ability: Drought|[of] p1a: Torkoal\n|move|p2a: Pelipper|Surf|p1a: Torkoal\n|-supereffective|p1a: Torkoal\n|-damage|p1a: Torkoal|55\/100\n|\n|-weather|SunnyDay|[upkeep]\n|upkeep\n|turn|5\n|\n|t:|1700359789\n|switch|p1a: Espeon|Espeon, F|27\/100\n|move|p2a: Pelipper|Surf|p1a: Espeon\n|-damage|p1a: Espeon|8\/100\n|\n|-weather|SunnyDay|[upkeep]\n|upkeep\n|turn|6\n|\n|t:|1700359795\n|move|p1a: Espeon|Psyshock|p2a: Pelipper\n|-damage|p2a: Pelipper|25\/100\n|move|p2a: Pelipper|U-turn|p1a: Espeon\n|-supereffective|p1a: Espeon\n|-crit|p1a: Espeon\n|-damage|p1a: Espeon|0 fnt\n|faint|p1a: Espeon\n|\n|t:|1700359803\n|switch|p2a: Ogerpon|Ogerpon-Cornerstone, F|100\/100|[from] U-turn\n|-damage|p2a: Ogerpon|88\/100|[from] Stealth Rock\n|\n|-weather|SunnyDay|[upkeep]\n|upkeep\n|inactive|Bskasvs has 120 seconds left.\n|\n|t:|1700359846\n|switch|p1a: Iron Valiant|Iron Valiant|100\/100\n|turn|7\n|\n|t:|1700359851\n|move|p1a: Iron Valiant|Close Combat|p2a: Ogerpon\n|-supereffective|p2a: Ogerpon\n|-damage|p2a: Ogerpon|0 fnt\n|-unboost|p1a: Iron Valiant|def|1\n|-unboost|p1a: Iron Valiant|spd|1\n|faint|p2a: Ogerpon\n|\n|-weather|SunnyDay|[upkeep]\n|upkeep\n|\n|t:|1700359854\n|switch|p2a: Pelipper|Pelipper, F|25\/100\n|-damage|p2a: Pelipper|0 fnt|[from] Stealth Rock\n|faint|p2a: Pelipper\n|\n|t:|1700359861\n|switch|p2a: Basculegion|Basculegion-F, F, shiny|100\/100\n|-damage|p2a: Basculegion|88\/100|[from] Stealth Rock\n|turn|8\n|inactive|Bskasvs has 120 seconds left.\n|inactive|Bskasvs has 90 seconds left.\n|inactive|Bskasvs has 60 seconds left.\n|\n|t:|1700359949\n|-end|p1a: Iron Valiant|Quark Drive|[silent]\n|switch|p1a: Clodsire|Clodsire, M|100\/100\n|move|p2a: Basculegion|Shadow Ball|p1a: Clodsire\n|-damage|p1a: Clodsire|72\/100\n|\n|-weather|SunnyDay|[upkeep]\n|-heal|p1a: Clodsire|78\/100|[from] item: Black Sludge\n|upkeep\n|turn|9\n|\n|t:|1700359964\n|move|p2a: Basculegion|Shadow Ball|p1a: Clodsire\n|-damage|p1a: Clodsire|48\/100\n|move|p1a: Clodsire|Curse|p1a: Clodsire\n|-unboost|p1a: Clodsire|spe|1\n|-boost|p1a: Clodsire|atk|1\n|-boost|p1a: Clodsire|def|1\n|\n|-weather|SunnyDay|[upkeep]\n|-heal|p1a: Clodsire|54\/100|[from] item: Black Sludge\n|upkeep\n|turn|10\n|\n|t:|1700359969\n|move|p2a: Basculegion|Shadow Ball|p1a: Clodsire\n|-damage|p1a: Clodsire|26\/100\n|move|p1a: Clodsire|Recover|p1a: Clodsire\n|-heal|p1a: Clodsire|76\/100\n|\n|-weather|SunnyDay|[upkeep]\n|-heal|p1a: Clodsire|82\/100|[from] item: Black Sludge\n|upkeep\n|turn|11\n|inactive|Bskasvs has 60 seconds left.\n|\n|t:|1700359982\n|move|p2a: Basculegion|Shadow Ball|p1a: Clodsire\n|-damage|p1a: Clodsire|51\/100\n|move|p1a: Clodsire|Earthquake|p2a: Basculegion\n|-damage|p2a: Basculegion|36\/100\n|\n|-weather|none\n|-heal|p1a: Clodsire|57\/100|[from] item: Black Sludge\n|upkeep\n|turn|12\n|inactive|Bskasvs has 60 seconds left.\n|\n|t:|1700359990\n|move|p2a: Basculegion|Shadow Ball|p1a: Clodsire\n|-damage|p1a: Clodsire|25\/100\n|-unboost|p1a: Clodsire|spd|1\n|move|p1a: Clodsire|Earthquake|p2a: Basculegion\n|-damage|p2a: Basculegion|0 fnt\n|faint|p2a: Basculegion\n|\n|-heal|p1a: Clodsire|32\/100|[from] item: Black Sludge\n|upkeep\n|\n|t:|1700359994\n|switch|p2a: Gyarados|Gyarados, F|100\/100\n|-damage|p2a: Gyarados|76\/100|[from] Stealth Rock\n|turn|13\n|inactive|Bskasvs has 60 seconds left.\n|\n|t:|1700360033\n|move|p2a: Gyarados|Substitute|p2a: Gyarados\n|-start|p2a: Gyarados|Substitute\n|-damage|p2a: Gyarados|51\/100\n|move|p1a: Clodsire|Toxic||[still]\n|-fail|p1a: Clodsire\n|\n|-heal|p2a: Gyarados|57\/100|[from] item: Leftovers\n|-heal|p1a: Clodsire|38\/100|[from] item: Black Sludge\n|upkeep\n|turn|14\n|\n|t:|1700360039\n|move|p2a: Gyarados|Dragon Dance|p2a: Gyarados\n|-boost|p2a: Gyarados|atk|1\n|-boost|p2a: Gyarados|spe|1\n|move|p1a: Clodsire|Recover|p1a: Clodsire\n|-heal|p1a: Clodsire|88\/100\n|\n|-heal|p2a: Gyarados|63\/100|[from] item: Leftovers\n|-heal|p1a: Clodsire|94\/100|[from] item: Black Sludge\n|upkeep\n|turn|15\n|\n|t:|1700360048\n|switch|p1a: Torkoal|Torkoal, F|55\/100\n|-weather|SunnyDay|[from] ability: Drought|[of] p1a: Torkoal\n|move|p2a: Gyarados|Dragon Dance|p2a: Gyarados\n|-boost|p2a: Gyarados|atk|1\n|-boost|p2a: Gyarados|spe|1\n|\n|-weather|SunnyDay|[upkeep]\n|-heal|p2a: Gyarados|69\/100|[from] item: Leftovers\n|upkeep\n|turn|16\n|\n|t:|1700360060\n|move|p2a: Gyarados|Dragon Dance|p2a: Gyarados\n|-boost|p2a: Gyarados|atk|1\n|-boost|p2a: Gyarados|spe|1\n|move|p1a: Torkoal|Lava Plume|p2a: Gyarados\n|-resisted|p2a: Gyarados\n|-activate|p2a: Gyarados|move: Substitute|[damage]\n|\n|-weather|SunnyDay|[upkeep]\n|-heal|p2a: Gyarados|75\/100|[from] item: Leftovers\n|upkeep\n|turn|17\n|\n|t:|1700360076\n|move|p2a: Gyarados|Waterfall|p1a: Torkoal\n|-supereffective|p1a: Torkoal\n|-damage|p1a: Torkoal|0 fnt\n|faint|p1a: Torkoal\n|-ability|p2a: Gyarados|Moxie|boost\n|-boost|p2a: Gyarados|atk|1\n|\n|-weather|SunnyDay|[upkeep]\n|-heal|p2a: Gyarados|81\/100|[from] item: Leftovers\n|upkeep\n|inactive|Bskasvs has 60 seconds left.\n|\n|t:|1700360090\n|switch|p1a: Walking Wake|Walking Wake|100\/100\n|-activate|p1a: Walking Wake|ability: Protosynthesis\n|-start|p1a: Walking Wake|protosynthesisspa\n|turn|18\n|c|\u2606vekpoc|gg\n|inactive|Bskasvs has 60 seconds left.\n|\n|t:|1700360098\n|-terastallize|p2a: Gyarados|Flying\n|move|p2a: Gyarados|Tera Blast|p1a: Walking Wake|[anim] Tera Blast Flying\n|-damage|p1a: Walking Wake|0 fnt\n|faint|p1a: Walking Wake\n|-end|p1a: Walking Wake|Protosynthesis|[silent]\n|-ability|p2a: Gyarados|Moxie|boost\n|-boost|p2a: Gyarados|atk|1\n|\n|-weather|SunnyDay|[upkeep]\n|-heal|p2a: Gyarados|87\/100|[from] item: Leftovers\n|upkeep\n|inactive|Bskasvs has 60 seconds left.\n|\n|t:|1700360110\n|switch|p1a: Bisharp|Bisharp, M|100\/100\n|turn|19\n|inactive|Bskasvs has 60 seconds left.\n|\n|t:|1700360115\n|move|p2a: Gyarados|Tera Blast|p1a: Bisharp|[anim] Tera Blast Flying\n|-resisted|p1a: Bisharp\n|-damage|p1a: Bisharp|35\/100\n|move|p1a: Bisharp|Iron Head|p2a: Gyarados\n|-end|p2a: Gyarados|Substitute\n|\n|-weather|SunnyDay|[upkeep]\n|-heal|p2a: Gyarados|93\/100|[from] item: Leftovers\n|upkeep\n|turn|20\n|\n|t:|1700360125\n|move|p1a: Bisharp|Sucker Punch||[still]\n|-fail|p1a: Bisharp\n|move|p2a: Gyarados|Substitute|p2a: Gyarados\n|-start|p2a: Gyarados|Substitute\n|-damage|p2a: Gyarados|68\/100\n|\n|-weather|SunnyDay|[upkeep]\n|-heal|p2a: Gyarados|75\/100|[from] item: Leftovers\n|upkeep\n|turn|21\n|-message|Bskasvs forfeited.\n|\n|win|vekpoc\n|raw|Bskasvs's rating: 1195 &rarr; <strong>1176<\/strong><br \/>(-19 for losing)\n|raw|vekpoc's rating: 1283 &rarr; <strong>1302<\/strong><br \/>(+19 for winning)\n|l|\u2606Bskasvs\n","uploadtime":1700360135,"views":10,"p1id":"bskasvs","p2id":"vekpoc","formatid":"gen9ou","rating":1176,"private":0,"password":""}