{"id":"gen9ou-1991692249","p1":"Aftermonkey","p2":"mystori_","format":"[Gen 9] OU","log":"|j|\u2606Aftermonkey\n|j|\u2606mystori_\n|t:|1700103285\n|gametype|singles\n|player|p1|Aftermonkey|colress|1079\n|player|p2|mystori_|shauntal|1063\n|teamsize|p1|6\n|teamsize|p2|6\n|gen|9\n|tier|[Gen 9] OU\n|rated|\n|rule|Sleep Clause Mod: Limit one foe put to sleep\n|rule|Species Clause: Limit one of each Pok\u00e9mon\n|rule|OHKO Clause: OHKO moves are banned\n|rule|Evasion Items Clause: Evasion items are banned\n|rule|Evasion Moves Clause: Evasion moves are banned\n|rule|Endless Battle Clause: Forcing endless battles is banned\n|rule|HP Percentage Mod: HP is shown in percentages\n|clearpoke\n|poke|p1|Magcargo, F|\n|poke|p1|Vaporeon, F|\n|poke|p1|Sneasler, M|\n|poke|p1|Jolteon, F|\n|poke|p1|Polteageist-Antique|\n|poke|p1|Ditto|\n|poke|p2|Sliggoo, M|\n|poke|p2|Ditto|\n|poke|p2|Pawniard, M|\n|poke|p2|Kirlia, F|\n|poke|p2|Ralts, M|\n|poke|p2|Empoleon, M|\n|teampreview\n|inactive|Battle timer is ON: inactive players will automatically lose when time's up. (requested by mystori_)\n|c|\u2606mystori_|you thinking what i'm thinking?\n|c|\u2606Aftermonkey|Hmm\n|c|\u2606Aftermonkey|verily\n|inactive|Aftermonkey has 120 seconds left.\n|\n|t:|1700103315\n|start\n|switch|p1a: Ditto|Ditto|100\/100\n|switch|p2a: Kirby|Ditto|100\/100\n|-transform|p2a: Kirby|p1a: Ditto|[from] ability: Imposter\n|turn|1\n|c|\u2606mystori_|HAH\n|\n|t:|1700103326\n|move|p2a: Kirby|Transform||[still]\n|-fail|p2a: Kirby\n|move|p1a: Ditto|Transform||[still]\n|-fail|p1a: Ditto\n|\n|upkeep\n|turn|2\n|c|\u2606Aftermonkey|Transform\n|c|\u2606mystori_|ye\n|\n|t:|1700103352\n|switch|p2a: Tiff|Kirlia, F|100\/100\n|move|p1a: Ditto|Transform|p2a: Tiff\n|-transform|p1a: Ditto|p2a: Tiff\n|\n|upkeep\n|turn|3\n|inactive|Aftermonkey has 120 seconds left.\n|\n|t:|1700103379\n|switch|p1a: Magcargo|Magcargo, F|100\/100\n|-ability|p2a: Tiff|Flame Body|[from] ability: Trace|[of] p1a: Magcargo\n|switch|p2a: Escargoon|Sliggoo, M|100\/100\n|\n|upkeep\n|turn|4\n|inactive|Aftermonkey has 120 seconds left.\n|\n|t:|1700103394\n|move|p2a: Escargoon|Acid Armor|p2a: Escargoon\n|-boost|p2a: Escargoon|def|2\n|move|p1a: Magcargo|Shell Smash|p1a: Magcargo\n|-unboost|p1a: Magcargo|def|1\n|-unboost|p1a: Magcargo|spd|1\n|-boost|p1a: Magcargo|atk|2\n|-boost|p1a: Magcargo|spa|2\n|-boost|p1a: Magcargo|spe|2\n|\n|upkeep\n|turn|5\n|\n|t:|1700103401\n|move|p1a: Magcargo|Power Gem|p2a: Escargoon\n|-damage|p2a: Escargoon|68\/100\n|move|p2a: Escargoon|Acid Armor|p2a: Escargoon\n|-boost|p2a: Escargoon|def|2\n|\n|upkeep\n|turn|6\n|\n|t:|1700103409\n|switch|p1a: Ditto|Ditto|100\/100\n|-transform|p1a: Ditto|p2a: Escargoon|[from] ability: Imposter\n|move|p2a: Escargoon|Body Slam|p1a: Ditto\n|-crit|p1a: Ditto\n|-damage|p1a: Ditto|59\/100\n|-status|p1a: Ditto|par\n|\n|upkeep\n|turn|7\n|\n|t:|1700103421\n|move|p2a: Escargoon|Body Slam|p1a: Ditto\n|-damage|p1a: Ditto|49\/100 par\n|move|p1a: Ditto|Toxic|p2a: Escargoon\n|-status|p2a: Escargoon|tox\n|\n|-damage|p2a: Escargoon|61\/100 tox|[from] psn\n|upkeep\n|turn|8\n|\n|t:|1700103431\n|move|p2a: Escargoon|Body Slam|p1a: Ditto\n|-damage|p1a: Ditto|39\/100 par\n|cant|p1a: Ditto|par\n|\n|-damage|p2a: Escargoon|49\/100 tox|[from] psn\n|upkeep\n|turn|9\n|\n|t:|1700103438\n|move|p2a: Escargoon|Rest|p2a: Escargoon\n|-status|p2a: Escargoon|slp|[from] move: Rest\n|-heal|p2a: Escargoon|100\/100 slp|[silent]\n|move|p1a: Ditto|Rest|p1a: Ditto\n|-status|p1a: Ditto|slp|[from] move: Rest\n|-heal|p1a: Ditto|100\/100 slp|[silent]\n|\n|upkeep\n|turn|10\n|c|\u2606mystori_|slep\n|\n|t:|1700103449\n|switch|p1a: Magcargo|Magcargo, F|100\/100\n|cant|p2a: Escargoon|slp\n|\n|upkeep\n|turn|11\n|\n|t:|1700103460\n|cant|p2a: Escargoon|slp\n|move|p1a: Magcargo|Shell Smash|p1a: Magcargo\n|-unboost|p1a: Magcargo|def|1\n|-unboost|p1a: Magcargo|spd|1\n|-boost|p1a: Magcargo|atk|2\n|-boost|p1a: Magcargo|spa|2\n|-boost|p1a: Magcargo|spe|2\n|\n|upkeep\n|turn|12\n|\n|t:|1700103468\n|move|p1a: Magcargo|Shell Smash|p1a: Magcargo\n|-unboost|p1a: Magcargo|def|1\n|-unboost|p1a: Magcargo|spd|1\n|-boost|p1a: Magcargo|atk|2\n|-boost|p1a: Magcargo|spa|2\n|-boost|p1a: Magcargo|spe|2\n|-curestatus|p2a: Escargoon|slp|[msg]\n|move|p2a: Escargoon|Toxic|p1a: Magcargo\n|-status|p1a: Magcargo|tox\n|\n|-damage|p1a: Magcargo|94\/100 tox|[from] psn\n|upkeep\n|turn|13\n|\n|t:|1700103480\n|switch|p2a: King Dedede|Empoleon, M, shiny|100\/100\n|move|p1a: Magcargo|Power Gem|p2a: King Dedede\n|-resisted|p2a: King Dedede\n|-damage|p2a: King Dedede|50\/100\n|\n|-heal|p2a: King Dedede|56\/100|[from] item: Leftovers\n|-damage|p1a: Magcargo|82\/100 tox|[from] psn\n|upkeep\n|turn|14\n|\n|t:|1700103493\n|move|p2a: King Dedede|Aqua Jet|p1a: Magcargo\n|-supereffective|p1a: Magcargo\n|-damage|p1a: Magcargo|0 fnt\n|faint|p1a: Magcargo\n|\n|-heal|p2a: King Dedede|62\/100|[from] item: Leftovers\n|upkeep\n|\n|t:|1700103502\n|switch|p1a: Sneasler|Sneasler, M|100\/100\n|turn|15\n|\n|t:|1700103516\n|switch|p2a: Kirby|Ditto|100\/100\n|-transform|p2a: Kirby|p1a: Sneasler|[from] ability: Imposter\n|move|p1a: Sneasler|Swords Dance|p1a: Sneasler\n|-boost|p1a: Sneasler|atk|2\n|\n|upkeep\n|turn|16\n|\n|t:|1700103530\n|switch|p2a: King Dedede|Empoleon, M, shiny|62\/100\n|move|p1a: Sneasler|Close Combat|p2a: King Dedede\n|-supereffective|p2a: King Dedede\n|-damage|p2a: King Dedede|0 fnt\n|-unboost|p1a: Sneasler|def|1\n|-unboost|p1a: Sneasler|spd|1\n|-enditem|p1a: Sneasler|White Herb\n|-clearnegativeboost|p1a: Sneasler|[silent]\n|faint|p2a: King Dedede\n|\n|upkeep\n|\n|t:|1700103541\n|switch|p2a: Kirby|Ditto|100\/100\n|-transform|p2a: Kirby|p1a: Sneasler|[from] ability: Imposter\n|turn|17\n|\n|t:|1700103548\n|move|p1a: Sneasler|Acrobatics|p2a: Kirby\n|-supereffective|p2a: Kirby\n|-damage|p2a: Kirby|0 fnt\n|faint|p2a: Kirby\n|\n|upkeep\n|\n|t:|1700103555\n|switch|p2a: Tuff|Ralts, M|100\/100\n|turn|18\n|c|\u2606Aftermonkey|Limber\n|c|\u2606mystori_|unburden you mean\n|\n|t:|1700103566\n|move|p1a: Sneasler|Gunk Shot|p2a: Tuff|[miss]\n|-miss|p1a: Sneasler|p2a: Tuff\n|move|p2a: Tuff|Trick Room|p2a: Tuff\n|-fieldstart|move: Trick Room|[of] p2a: Tuff\n|\n|upkeep\n|turn|19\n|\n|t:|1700103577\n|move|p2a: Tuff|Encore|p1a: Sneasler\n|-start|p1a: Sneasler|Encore\n|move|p1a: Sneasler|Gunk Shot|p2a: Tuff\n|-supereffective|p2a: Tuff\n|-enditem|p2a: Tuff|Focus Sash\n|-damage|p2a: Tuff|1\/100\n|\n|upkeep\n|turn|20\n|\n|t:|1700103583\n|move|p2a: Tuff|Dazzling Gleam|p1a: Sneasler\n|-damage|p1a: Sneasler|65\/100\n|move|p1a: Sneasler|Gunk Shot|p2a: Tuff\n|-supereffective|p2a: Tuff\n|-damage|p2a: Tuff|0 fnt\n|faint|p2a: Tuff\n|\n|upkeep\n|\n|t:|1700103590\n|switch|p2a: Meta Knight|Pawniard, M, shiny|100\/100\n|turn|21\n|\n|t:|1700103594\n|switch|p1a: Ditto|Ditto|100\/100 slp\n|-transform|p1a: Ditto|p2a: Meta Knight|[from] ability: Imposter\n|move|p2a: Meta Knight|Swords Dance|p2a: Meta Knight\n|-boost|p2a: Meta Knight|atk|2\n|\n|upkeep\n|turn|22\n|\n|t:|1700103602\n|cant|p1a: Ditto|slp\n|move|p2a: Meta Knight|Brick Break|p1a: Ditto\n|-supereffective|p1a: Ditto\n|-damage|p1a: Ditto|0 fnt\n|faint|p1a: Ditto\n|\n|-fieldend|move: Trick Room\n|upkeep\n|\n|t:|1700103608\n|switch|p1a: Sneasler|Sneasler, M|65\/100\n|turn|23\n|\n|t:|1700103616\n|-terastallize|p2a: Meta Knight|Flying\n|move|p1a: Sneasler|Close Combat|p2a: Meta Knight\n|-resisted|p2a: Meta Knight\n|-damage|p2a: Meta Knight|48\/100\n|-unboost|p1a: Sneasler|def|1\n|-unboost|p1a: Sneasler|spd|1\n|move|p2a: Meta Knight|Iron Head|p1a: Sneasler\n|-damage|p1a: Sneasler|0 fnt\n|faint|p1a: Sneasler\n|\n|upkeep\n|c|\u2606Aftermonkey|Unburden*\n|c|\u2606Aftermonkey|right lol\n|c|\u2606mystori_|lol\n|\n|t:|1700103645\n|switch|p1a: Vaporeon|Vaporeon, F|100\/100\n|turn|24\n|\n|t:|1700103651\n|-terastallize|p1a: Vaporeon|Ice\n|move|p2a: Meta Knight|Sucker Punch|p1a: Vaporeon\n|-damage|p1a: Vaporeon|20\/100\n|move|p1a: Vaporeon|Tera Blast|p2a: Meta Knight|[anim] Tera Blast Ice\n|-supereffective|p2a: Meta Knight\n|-damage|p2a: Meta Knight|0 fnt\n|faint|p2a: Meta Knight\n|\n|upkeep\n|\n|t:|1700103662\n|switch|p2a: Tiff|Kirlia, F|100\/100\n|-ability|p2a: Tiff|Water Absorb|[from] ability: Trace|[of] p1a: Vaporeon\n|turn|25\n|\n|t:|1700103670\n|move|p1a: Vaporeon|Shadow Ball|p2a: Tiff\n|-supereffective|p2a: Tiff\n|-damage|p2a: Tiff|0 fnt\n|faint|p2a: Tiff\n|\n|upkeep\n|\n|t:|1700103674\n|switch|p2a: Escargoon|Sliggoo, M|100\/100\n|turn|26\n|\n|t:|1700103681\n|move|p1a: Vaporeon|Tera Blast|p2a: Escargoon|[anim] Tera Blast Ice\n|-supereffective|p2a: Escargoon\n|-damage|p2a: Escargoon|63\/100\n|move|p2a: Escargoon|Body Slam|p1a: Vaporeon\n|-damage|p1a: Vaporeon|1\/100\n|-status|p1a: Vaporeon|par\n|\n|upkeep\n|turn|27\n|\n|t:|1700103690\n|move|p2a: Escargoon|Acid Armor|p2a: Escargoon\n|-boost|p2a: Escargoon|def|2\n|cant|p1a: Vaporeon|par\n|\n|upkeep\n|turn|28\n|\n|t:|1700103696\n|move|p2a: Escargoon|Body Slam|p1a: Vaporeon\n|-damage|p1a: Vaporeon|0 fnt\n|faint|p1a: Vaporeon\n|\n|upkeep\n|\n|t:|1700103703\n|switch|p1a: Polteageist|Polteageist-Antique|100\/100\n|turn|29\n|\n|t:|1700103708\n|move|p1a: Polteageist|Shell Smash|p1a: Polteageist\n|-unboost|p1a: Polteageist|def|1\n|-unboost|p1a: Polteageist|spd|1\n|-boost|p1a: Polteageist|atk|2\n|-boost|p1a: Polteageist|spa|2\n|-boost|p1a: Polteageist|spe|2\n|move|p2a: Escargoon|Toxic|p1a: Polteageist\n|-status|p1a: Polteageist|tox\n|\n|-damage|p1a: Polteageist|94\/100 tox|[from] psn\n|upkeep\n|turn|30\n|\n|t:|1700103718\n|move|p1a: Polteageist|Dark Pulse|p2a: Escargoon\n|-damage|p2a: Escargoon|36\/100\n|move|p2a: Escargoon|Acid Armor|p2a: Escargoon\n|-boost|p2a: Escargoon|def|2\n|\n|-damage|p1a: Polteageist|82\/100 tox|[from] psn\n|upkeep\n|turn|31\n|c|\u2606Aftermonkey|Nice team ngl\n|\n|t:|1700103733\n|move|p1a: Polteageist|Dark Pulse|p2a: Escargoon\n|-damage|p2a: Escargoon|12\/100\n|move|p2a: Escargoon|Rest|p2a: Escargoon\n|-status|p2a: Escargoon|slp|[from] move: Rest\n|-heal|p2a: Escargoon|100\/100 slp|[silent]\n|\n|-damage|p1a: Polteageist|64\/100 tox|[from] psn\n|upkeep\n|turn|32\n|c|\u2606mystori_|ty, kirby character team\n|\n|t:|1700103741\n|move|p1a: Polteageist|Shell Smash|p1a: Polteageist\n|-unboost|p1a: Polteageist|def|1\n|-unboost|p1a: Polteageist|spd|1\n|-boost|p1a: Polteageist|atk|2\n|-boost|p1a: Polteageist|spa|2\n|-boost|p1a: Polteageist|spe|2\n|cant|p2a: Escargoon|slp\n|\n|-damage|p1a: Polteageist|39\/100 tox|[from] psn\n|upkeep\n|turn|33\n|c|\u2606Aftermonkey|Lol\n|c|\u2606Aftermonkey|mine is supposed to be a shell smash copycat team\n|inactive|Aftermonkey has 120 seconds left.\n|c|\u2606Aftermonkey|...it's failing tho\n|\n|t:|1700103782\n|move|p1a: Polteageist|Strength Sap|p2a: Escargoon\n|-unboost|p2a: Escargoon|atk|1\n|-heal|p1a: Polteageist|100\/100 tox\n|cant|p2a: Escargoon|slp\n|\n|-damage|p1a: Polteageist|70\/100 tox|[from] psn\n|upkeep\n|turn|34\n|c|\u2606mystori_|ohh . still showed it off though\n|\n|t:|1700103793\n|move|p1a: Polteageist|Dark Pulse|p2a: Escargoon\n|-crit|p2a: Escargoon\n|-damage|p2a: Escargoon|42\/100 slp\n|-curestatus|p2a: Escargoon|slp|[msg]\n|move|p2a: Escargoon|Body Slam|p1a: Polteageist\n|-immune|p1a: Polteageist\n|\n|-damage|p1a: Polteageist|33\/100 tox|[from] psn\n|upkeep\n|turn|35\n|inactive|Aftermonkey has 120 seconds left.\n|\n|t:|1700103804\n|move|p1a: Polteageist|Dark Pulse|p2a: Escargoon\n|-damage|p2a: Escargoon|5\/100\n|move|p2a: Escargoon|Rest|p2a: Escargoon\n|-status|p2a: Escargoon|slp|[from] move: Rest\n|-heal|p2a: Escargoon|100\/100 slp|[silent]\n|\n|-damage|p1a: Polteageist|0 fnt|[from] psn\n|faint|p1a: Polteageist\n|upkeep\n|\n|t:|1700103807\n|switch|p1a: Jolteon|Jolteon, F|100\/100\n|turn|36\n|c|\u2606mystori_|omggg\n|\n|t:|1700103818\n|move|p1a: Jolteon|Shadow Ball|p2a: Escargoon\n|-damage|p2a: Escargoon|89\/100 slp\n|cant|p2a: Escargoon|slp\n|\n|upkeep\n|turn|37\n|c|\u2606mystori_|TANK\n|\n|t:|1700103827\n|move|p1a: Jolteon|Shadow Ball|p2a: Escargoon\n|-damage|p2a: Escargoon|78\/100 slp\n|cant|p2a: Escargoon|slp\n|\n|upkeep\n|turn|38\n|c|\u2606Aftermonkey|Ur gonna win i think\n|\n|t:|1700103836\n|move|p1a: Jolteon|Shadow Ball|p2a: Escargoon\n|-damage|p2a: Escargoon|65\/100 slp\n|-unboost|p2a: Escargoon|spd|1\n|-curestatus|p2a: Escargoon|slp|[msg]\n|move|p2a: Escargoon|Toxic|p1a: Jolteon\n|-status|p1a: Jolteon|tox\n|\n|-damage|p1a: Jolteon|94\/100 tox|[from] psn\n|upkeep\n|turn|39\n|\n|t:|1700103849\n|move|p1a: Jolteon|Shadow Ball|p2a: Escargoon\n|-damage|p2a: Escargoon|47\/100\n|move|p2a: Escargoon|Body Slam|p1a: Jolteon\n|-damage|p1a: Jolteon|73\/100 tox\n|\n|-heal|p1a: Jolteon|79\/100 tox|[from] item: Leftovers\n|-damage|p1a: Jolteon|67\/100 tox|[from] psn\n|upkeep\n|turn|40\n|\n|t:|1700103858\n|move|p1a: Jolteon|Shadow Ball|p2a: Escargoon\n|-damage|p2a: Escargoon|28\/100\n|move|p2a: Escargoon|Rest|p2a: Escargoon\n|-status|p2a: Escargoon|slp|[from] move: Rest\n|-heal|p2a: Escargoon|100\/100 slp|[silent]\n|\n|-heal|p1a: Jolteon|73\/100 tox|[from] item: Leftovers\n|-damage|p1a: Jolteon|54\/100 tox|[from] psn\n|upkeep\n|turn|41\n|c|\u2606mystori_|gg\n|\n|t:|1700103867\n|move|p1a: Jolteon|Shadow Ball|p2a: Escargoon\n|-damage|p2a: Escargoon|83\/100 slp\n|cant|p2a: Escargoon|slp\n|\n|-heal|p1a: Jolteon|60\/100 tox|[from] item: Leftovers\n|-damage|p1a: Jolteon|35\/100 tox|[from] psn\n|upkeep\n|turn|42\n|\n|t:|1700103874\n|move|p1a: Jolteon|Shadow Ball|p2a: Escargoon\n|-damage|p2a: Escargoon|66\/100 slp\n|cant|p2a: Escargoon|slp\n|\n|-heal|p1a: Jolteon|42\/100 tox|[from] item: Leftovers\n|-damage|p1a: Jolteon|10\/100 tox|[from] psn\n|upkeep\n|turn|43\n|c|\u2606Aftermonkey|Gg\n|\n|t:|1700103889\n|move|p1a: Jolteon|Copycat|p1a: Jolteon\n|move|p1a: Jolteon|Shadow Ball|p2a: Escargoon|[from]move: Copycat\n|-damage|p2a: Escargoon|49\/100 slp\n|-curestatus|p2a: Escargoon|slp|[msg]\n|move|p2a: Escargoon|Body Slam|p1a: Jolteon\n|-damage|p1a: Jolteon|0 fnt\n|faint|p1a: Jolteon\n|\n|win|mystori_\n|raw|Aftermonkey's rating: 1079 &rarr; <strong>1056<\/strong><br \/>(-23 for losing)\n|raw|mystori_'s rating: 1063 &rarr; <strong>1095<\/strong><br \/>(+32 for winning)\n","uploadtime":1700103900,"views":7,"p1id":"aftermonkey","p2id":"mystori","formatid":"gen9ou","rating":1056,"private":0,"password":""}