{"id":"gen9ou-1990004198","p1":"Electric Goons","p2":"general mud","format":"[Gen 9] OU","log":"|j|\u2606Electric Goons\n|j|\u2606general mud\n|t:|1699914478\n|gametype|singles\n|player|p1|Electric Goons|265|\n|player|p2|general mud|youngster-gen4dp|\n|teamsize|p1|6\n|teamsize|p2|6\n|gen|9\n|tier|[Gen 9] OU\n|rule|Sleep Clause Mod: Limit one foe put to sleep\n|rule|Species Clause: Limit one of each Pok\u00e9mon\n|rule|OHKO Clause: OHKO moves are banned\n|rule|Evasion Items Clause: Evasion items are banned\n|rule|Evasion Moves Clause: Evasion moves are banned\n|rule|Endless Battle Clause: Forcing endless battles is banned\n|rule|HP Percentage Mod: HP is shown in percentages\n|clearpoke\n|poke|p1|Manaphy|\n|poke|p1|Ting-Lu|\n|poke|p1|Kingambit, M|\n|poke|p1|Iron Valiant|\n|poke|p1|Alomomola, F|\n|poke|p1|Corviknight, M|\n|poke|p2|Skeledirge, M|\n|poke|p2|Tatsugiri-Droopy, M|\n|poke|p2|Arboliva, F|\n|poke|p2|Garganacl, M|\n|poke|p2|Maushold-Four|\n|poke|p2|Starly, L1, M|\n|teampreview\n|inactive|Battle timer is ON: inactive players will automatically lose when time's up. (requested by general mud)\n|\n|t:|1699914516\n|start\n|switch|p1a: Alomomola|Alomomola, F|100\/100\n|switch|p2a: Maniac ka-boom|Tatsugiri-Droopy, M|100\/100\n|turn|1\n|\n|t:|1699914529\n|move|p2a: Maniac ka-boom|Rapid Spin|p1a: Alomomola\n|-damage|p1a: Alomomola|97\/100\n|-boost|p2a: Maniac ka-boom|spe|1\n|move|p1a: Alomomola|Flip Turn|p2a: Maniac ka-boom\n|-resisted|p2a: Maniac ka-boom\n|-damage|p2a: Maniac ka-boom|94\/100\n|\n|t:|1699914540\n|switch|p1a: Manaphy|Manaphy|100\/100|[from] Flip Turn\n|\n|upkeep\n|turn|2\n|\n|t:|1699914545\n|move|p2a: Maniac ka-boom|Nasty Plot|p2a: Maniac ka-boom\n|-boost|p2a: Maniac ka-boom|spa|2\n|move|p1a: Manaphy|Take Heart|p1a: Manaphy\n|-boost|p1a: Manaphy|spa|1\n|-boost|p1a: Manaphy|spd|1\n|\n|upkeep\n|turn|3\n|\n|t:|1699914550\n|move|p2a: Maniac ka-boom|Nasty Plot|p2a: Maniac ka-boom\n|-boost|p2a: Maniac ka-boom|spa|2\n|move|p1a: Manaphy|Take Heart|p1a: Manaphy\n|-boost|p1a: Manaphy|spa|1\n|-boost|p1a: Manaphy|spd|1\n|\n|upkeep\n|turn|4\n|\n|t:|1699914556\n|move|p2a: Maniac ka-boom|Draco Meteor|p1a: Manaphy\n|-damage|p1a: Manaphy|25\/100\n|-unboost|p2a: Maniac ka-boom|spa|2\n|move|p1a: Manaphy|Take Heart|p1a: Manaphy\n|-boost|p1a: Manaphy|spa|1\n|-boost|p1a: Manaphy|spd|1\n|\n|-heal|p1a: Manaphy|31\/100|[from] item: Leftovers\n|upkeep\n|turn|5\n|\n|t:|1699914562\n|move|p2a: Maniac ka-boom|Draco Meteor|p1a: Manaphy\n|-damage|p1a: Manaphy|0 fnt\n|-unboost|p2a: Maniac ka-boom|spa|2\n|faint|p1a: Manaphy\n|\n|upkeep\n|\n|t:|1699914569\n|switch|p1a: Iron Valiant|Iron Valiant|100\/100\n|-enditem|p1a: Iron Valiant|Booster Energy\n|-activate|p1a: Iron Valiant|ability: Quark Drive|[fromitem]\n|-start|p1a: Iron Valiant|quarkdrivespe\n|turn|6\n|\n|t:|1699914572\n|-terastallize|p2a: Maniac ka-boom|Electric\n|move|p1a: Iron Valiant|Moonblast|p2a: Maniac ka-boom\n|-damage|p2a: Maniac ka-boom|34\/100\n|move|p2a: Maniac ka-boom|Nasty Plot|p2a: Maniac ka-boom\n|-boost|p2a: Maniac ka-boom|spa|2\n|\n|upkeep\n|turn|7\n|c|\u2606Electric Goons|MANIC KABOOM\n|inactive|general mud has 270 seconds left.\n|c|\u2606general mud|Yep he loves sweeping\n|c|\u2606Electric Goons|he love schweeping\n|c|\u2606Electric Goons|becuase he schmelly\n|\n|t:|1699914616\n|move|p1a: Iron Valiant|Moonblast|p2a: Maniac ka-boom\n|-damage|p2a: Maniac ka-boom|0 fnt\n|faint|p2a: Maniac ka-boom\n|\n|upkeep\n|c|\u2606general mud|Yes\n|\n|t:|1699914631\n|switch|p2a: Scurvy|Skeledirge, M|100\/100\n|turn|8\n|\n|t:|1699914640\n|-end|p1a: Iron Valiant|Quark Drive|[silent]\n|switch|p1a: Ting-Lu|Ting-Lu|100\/100\n|-ability|p1a: Ting-Lu|Vessel of Ruin\n|move|p2a: Scurvy|Torch Song|p1a: Ting-Lu\n|-damage|p1a: Ting-Lu|84\/100\n|-boost|p2a: Scurvy|spa|1\n|\n|upkeep\n|turn|9\n|\n|t:|1699914645\n|move|p1a: Ting-Lu|Earthquake|p2a: Scurvy\n|-supereffective|p2a: Scurvy\n|-damage|p2a: Scurvy|34\/100\n|move|p2a: Scurvy|Roar|p1a: Ting-Lu\n|drag|p1a: Alomomola|Alomomola, F|100\/100\n|\n|-heal|p2a: Scurvy|41\/100|[from] item: Leftovers\n|upkeep\n|turn|10\n|\n|t:|1699914653\n|switch|p2a: Agatha|Arboliva, F|100\/100\n|move|p1a: Alomomola|Scald|p2a: Agatha\n|-resisted|p2a: Agatha\n|-damage|p2a: Agatha|96\/100\n|-status|p2a: Agatha|brn\n|-fieldstart|move: Grassy Terrain|[from] ability: Seed Sower|[of] p2a: Agatha\n|\n|-heal|p2a: Agatha|100\/100 brn|[from] Grassy Terrain\n|-damage|p2a: Agatha|94\/100 brn|[from] brn\n|upkeep\n|turn|11\n|\n|t:|1699914659\n|move|p1a: Alomomola|Protect|p1a: Alomomola\n|-singleturn|p1a: Alomomola|Protect\n|move|p2a: Agatha|Giga Drain|p1a: Alomomola\n|-activate|p1a: Alomomola|move: Protect\n|\n|-heal|p2a: Agatha|100\/100 brn|[from] Grassy Terrain\n|-damage|p2a: Agatha|94\/100 brn|[from] brn\n|upkeep\n|turn|12\n|\n|t:|1699914660\n|switch|p1a: Corviknight|Corviknight, M|100\/100\n|-ability|p1a: Corviknight|Pressure\n|move|p2a: Agatha|Giga Drain|p1a: Corviknight\n|-resisted|p1a: Corviknight\n|-damage|p1a: Corviknight|91\/100\n|-heal|p2a: Agatha|99\/100 brn|[from] drain|[of] p1a: Corviknight\n|\n|-heal|p1a: Corviknight|97\/100|[from] item: Leftovers\n|-heal|p2a: Agatha|100\/100 brn|[from] Grassy Terrain\n|-damage|p2a: Agatha|94\/100 brn|[from] brn\n|upkeep\n|turn|13\n|\n|t:|1699914671\n|move|p1a: Corviknight|Body Press|p2a: Agatha\n|-supereffective|p2a: Agatha\n|-damage|p2a: Agatha|40\/100 brn\n|move|p2a: Agatha|Leech Seed|p1a: Corviknight\n|-start|p1a: Corviknight|move: Leech Seed\n|\n|-heal|p1a: Corviknight|100\/100|[from] item: Leftovers\n|-heal|p2a: Agatha|47\/100 brn|[from] Grassy Terrain\n|-damage|p1a: Corviknight|88\/100|[from] Leech Seed|[of] p2a: Agatha\n|-heal|p2a: Agatha|60\/100 brn|[silent]\n|-damage|p2a: Agatha|54\/100 brn|[from] brn\n|upkeep\n|turn|14\n|\n|t:|1699914682\n|switch|p2a: Scurvy|Skeledirge, M|41\/100\n|move|p1a: Corviknight|Iron Defense|p1a: Corviknight\n|-boost|p1a: Corviknight|def|2\n|\n|-heal|p1a: Corviknight|94\/100|[from] item: Leftovers\n|-heal|p2a: Scurvy|47\/100|[from] Grassy Terrain\n|-heal|p2a: Scurvy|53\/100|[from] item: Leftovers\n|-damage|p1a: Corviknight|82\/100|[from] Leech Seed|[of] p2a: Scurvy\n|-heal|p2a: Scurvy|65\/100|[silent]\n|-fieldend|move: Grassy Terrain\n|upkeep\n|turn|15\n|\n|t:|1699914688\n|switch|p1a: Ting-Lu|Ting-Lu|84\/100\n|-ability|p1a: Ting-Lu|Vessel of Ruin\n|move|p2a: Scurvy|Torch Song|p1a: Ting-Lu\n|-damage|p1a: Ting-Lu|66\/100\n|-boost|p2a: Scurvy|spa|1\n|\n|-heal|p2a: Scurvy|71\/100|[from] item: Leftovers\n|upkeep\n|turn|16\n|\n|t:|1699914698\n|move|p2a: Scurvy|Torch Song|p1a: Ting-Lu\n|-damage|p1a: Ting-Lu|42\/100\n|-boost|p2a: Scurvy|spa|1\n|move|p1a: Ting-Lu|Ruination|p2a: Scurvy\n|-damage|p2a: Scurvy|36\/100\n|\n|-heal|p2a: Scurvy|42\/100|[from] item: Leftovers\n|upkeep\n|turn|17\n|\n|t:|1699914705\n|move|p2a: Scurvy|Torch Song|p1a: Ting-Lu\n|-damage|p1a: Ting-Lu|8\/100\n|-boost|p2a: Scurvy|spa|1\n|move|p1a: Ting-Lu|Earthquake|p2a: Scurvy\n|-supereffective|p2a: Scurvy\n|-damage|p2a: Scurvy|0 fnt\n|faint|p2a: Scurvy\n|\n|upkeep\n|\n|t:|1699914714\n|switch|p2a: The Adams|Maushold-Four|100\/100\n|turn|18\n|c|\u2606Electric Goons|maniac kaboom is a super cool name\n|\n|t:|1699914722\n|move|p2a: The Adams|Population Bomb|p1a: Ting-Lu\n|-damage|p1a: Ting-Lu|4\/100\n|-crit|p1a: Ting-Lu\n|-damage|p1a: Ting-Lu|0 fnt\n|faint|p1a: Ting-Lu\n|-hitcount|p1: Ting-Lu|2\n|\n|upkeep\n|\n|t:|1699914723\n|switch|p1a: Corviknight|Corviknight, M|82\/100\n|-ability|p1a: Corviknight|Pressure\n|turn|19\n|c|\u2606general mud|Thank you\n|\n|t:|1699914737\n|move|p2a: The Adams|Shadow Claw|p1a: Corviknight\n|-damage|p1a: Corviknight|74\/100\n|move|p1a: Corviknight|Iron Defense|p1a: Corviknight\n|-boost|p1a: Corviknight|def|2\n|\n|-heal|p1a: Corviknight|80\/100|[from] item: Leftovers\n|upkeep\n|turn|20\n|c|\u2606Electric Goons|i like you general mud\n|c|\u2606Electric Goons|can i send you my teams\n|\n|t:|1699914755\n|switch|p2a: Heavy|Garganacl, M|100\/100\n|move|p1a: Corviknight|Body Press|p2a: Heavy\n|-supereffective|p2a: Heavy\n|-damage|p2a: Heavy|30\/100\n|\n|-heal|p1a: Corviknight|86\/100|[from] item: Leftovers\n|upkeep\n|turn|21\n|\n|t:|1699914761\n|move|p1a: Corviknight|Body Press|p2a: Heavy\n|-supereffective|p2a: Heavy\n|-damage|p2a: Heavy|0 fnt\n|faint|p2a: Heavy\n|\n|-heal|p1a: Corviknight|92\/100|[from] item: Leftovers\n|upkeep\n|\n|t:|1699914764\n|switch|p2a: Sullivan|Starly, L1, M, shiny|100\/100\n|turn|22\n|\n|t:|1699914771\n|move|p1a: Corviknight|Body Press|p2a: Sullivan\n|-enditem|p2a: Sullivan|Focus Sash\n|-damage|p2a: Sullivan|9\/100\n|move|p2a: Sullivan|Endeavor|p1a: Corviknight\n|-damage|p1a: Corviknight|1\/100\n|\n|-heal|p1a: Corviknight|7\/100|[from] item: Leftovers\n|upkeep\n|turn|23\n|c|\u2606general mud|Um ok\n|\n|t:|1699914787\n|move|p2a: Sullivan|Quick Attack|p1a: Corviknight\n|-resisted|p1a: Corviknight\n|-crit|p1a: Corviknight\n|-damage|p1a: Corviknight|7\/100\n|move|p1a: Corviknight|Roost|p1a: Corviknight\n|-heal|p1a: Corviknight|57\/100\n|-singleturn|p1a: Corviknight|move: Roost\n|\n|-heal|p1a: Corviknight|63\/100|[from] item: Leftovers\n|upkeep\n|turn|24\n|\n|t:|1699914792\n|move|p1a: Corviknight|Roost|p1a: Corviknight\n|-heal|p1a: Corviknight|100\/100\n|-singleturn|p1a: Corviknight|move: Roost\n|move|p2a: Sullivan|Endeavor|p1a: Corviknight\n|-damage|p1a: Corviknight|1\/100\n|\n|-heal|p1a: Corviknight|7\/100|[from] item: Leftovers\n|upkeep\n|turn|25\n|\n|t:|1699914801\n|move|p1a: Corviknight|Roost|p1a: Corviknight\n|-heal|p1a: Corviknight|57\/100\n|-singleturn|p1a: Corviknight|move: Roost\n|move|p2a: Sullivan|Endeavor|p1a: Corviknight\n|-damage|p1a: Corviknight|1\/100\n|\n|-heal|p1a: Corviknight|7\/100|[from] item: Leftovers\n|upkeep\n|turn|26\n|\n|t:|1699914826\n|switch|p2a: The Adams|Maushold-Four|100\/100\n|move|p1a: Corviknight|Roost|p1a: Corviknight\n|-heal|p1a: Corviknight|57\/100\n|-singleturn|p1a: Corviknight|move: Roost\n|\n|-heal|p1a: Corviknight|63\/100|[from] item: Leftovers\n|upkeep\n|turn|27\n|\n|t:|1699914831\n|move|p2a: The Adams|Population Bomb|p1a: Corviknight\n|-resisted|p1a: Corviknight\n|-damage|p1a: Corviknight|62\/100\n|-resisted|p1a: Corviknight\n|-damage|p1a: Corviknight|61\/100\n|-resisted|p1a: Corviknight\n|-damage|p1a: Corviknight|60\/100\n|-resisted|p1a: Corviknight\n|-damage|p1a: Corviknight|59\/100\n|-resisted|p1a: Corviknight\n|-damage|p1a: Corviknight|58\/100\n|-resisted|p1a: Corviknight\n|-damage|p1a: Corviknight|57\/100\n|-resisted|p1a: Corviknight\n|-damage|p1a: Corviknight|56\/100\n|-resisted|p1a: Corviknight\n|-damage|p1a: Corviknight|55\/100\n|-resisted|p1a: Corviknight\n|-damage|p1a: Corviknight|54\/100\n|-hitcount|p1a: Corviknight|9\n|move|p1a: Corviknight|Roost|p1a: Corviknight\n|-heal|p1a: Corviknight|100\/100\n|-singleturn|p1a: Corviknight|move: Roost\n|\n|upkeep\n|turn|28\n|c|\u2606Electric Goons|wait ic ant send it\n|c|\u2606Electric Goons|i need to be autoconfirmed\n|c|\u2606Electric Goons|NOOO\n|c|\u2606Electric Goons|it's okay\n|c|\u2606Electric Goons|youre cool enough general mud\n|inactive|Electric Goons has 270 seconds left.\n|\n|t:|1699914857\n|move|p2a: The Adams|Tidy Up|p2a: The Adams\n|-boost|p2a: The Adams|atk|1\n|-boost|p2a: The Adams|spe|1\n|move|p1a: Corviknight|Body Press|p2a: The Adams\n|-supereffective|p2a: The Adams\n|-damage|p2a: The Adams|0 fnt\n|faint|p2a: The Adams\n|\n|upkeep\n|inactive|general mud has 270 seconds left.\n|c|\u2606general mud|You got swap too Electric goons\n|\n|t:|1699914891\n|switch|p2a: Agatha|Arboliva, F|54\/100 brn\n|turn|29\n|\n|t:|1699914894\n|move|p1a: Corviknight|Body Press|p2a: Agatha\n|-supereffective|p2a: Agatha\n|-damage|p2a: Agatha|0 fnt\n|-fieldstart|move: Grassy Terrain|[from] ability: Seed Sower|[of] p2a: Agatha\n|faint|p2a: Agatha\n|\n|upkeep\n|\n|t:|1699914899\n|switch|p2a: Sullivan|Starly, L1, M, shiny|9\/100\n|turn|30\n|c|\u2606Electric Goons|tysm general mud\n|c|\u2606Electric Goons|im glad i got to meet private mud too\n|\n|t:|1699914908\n|move|p1a: Corviknight|Body Press|p2a: Sullivan\n|-damage|p2a: Sullivan|0 fnt\n|faint|p2a: Sullivan\n|\n|win|Electric Goons\n","uploadtime":1699914929,"views":10,"p1id":"electricgoons","p2id":"generalmud","formatid":"gen9ou","rating":0,"private":0,"password":""}