{"id":"gen9ou-1991084535","p1":"Oofy hh","p2":"Big-Wx","format":"[Gen 9] OU","log":"|j|\u2606Oofy hh\n|j|\u2606Big-Wx\n|inactive|Battle timer is ON: inactive players will automatically lose when time's up.\n|t:|1700040395\n|gametype|singles\n|player|p1|Oofy hh|swimmerf-gen4|\n|player|p2|Big-Wx|169|\n|teamsize|p1|3\n|teamsize|p2|3\n|gen|9\n|tier|[Gen 9] OU\n|rated|Tournament battle\n|rule|Sleep Clause Mod: Limit one foe put to sleep\n|rule|Species Clause: Limit one of each Pok\u00e9mon\n|rule|OHKO Clause: OHKO moves are banned\n|rule|Evasion Items Clause: Evasion items are banned\n|rule|Evasion Moves Clause: Evasion moves are banned\n|rule|Endless Battle Clause: Forcing endless battles is banned\n|rule|HP Percentage Mod: HP is shown in percentages\n|clearpoke\n|poke|p1|Sinistcha-Masterpiece|\n|poke|p1|Altaria, F|\n|poke|p1|Maushold-Four|\n|poke|p2|Lycanroc-Dusk, M|\n|poke|p2|Farigiraf, F|\n|poke|p2|Grafaiai, F|\n|teampreview\n|j|*Lady Monita \u2746\n|j| ranis_elh\n|c|\u2606Oofy hh|Glhf\n|\n|t:|1700040403\n|start\n|switch|p1a: Altaria|Altaria, F, shiny|100\/100\n|switch|p2a: Farigiraf|Farigiraf, F|100\/100\n|turn|1\n|\n|t:|1700040409\n|move|p1a: Altaria|Flamethrower|p2a: Farigiraf\n|-damage|p2a: Farigiraf|83\/100\n|move|p2a: Farigiraf|Light Screen|p2a: Farigiraf\n|-sidestart|p2: Big-Wx|move: Light Screen\n|\n|upkeep\n|turn|2\n|c| ranis_elh|hello\n|\n|t:|1700040415\n|move|p1a: Altaria|Moonblast|p2a: Farigiraf\n|-damage|p2a: Farigiraf|75\/100\n|move|p2a: Farigiraf|Hyper Voice|p1a: Altaria\n|-damage|p1a: Altaria|61\/100\n|\n|-heal|p1a: Altaria|67\/100|[from] item: Leftovers\n|upkeep\n|turn|3\n|j| sinisterresolute\n|\n|t:|1700040422\n|switch|p1a: Maushold|Maushold-Four, shiny|100\/100\n|move|p2a: Farigiraf|Hyper Voice|p1a: Maushold\n|-damage|p1a: Maushold|37\/100\n|\n|-heal|p1a: Maushold|44\/100|[from] item: Leftovers\n|upkeep\n|turn|4\n|\n|t:|1700040427\n|switch|p1a: Sinistcha|Sinistcha-Masterpiece, shiny|100\/100\n|move|p2a: Farigiraf|Hyper Voice|p1a: Sinistcha\n|-immune|p1a: Sinistcha\n|\n|upkeep\n|turn|5\n|\n|t:|1700040432\n|switch|p2a: Grafaiai|Grafaiai, F|100\/100\n|move|p1a: Sinistcha|Matcha Gotcha|p2a: Grafaiai\n|-resisted|p2a: Grafaiai\n|-damage|p2a: Grafaiai|88\/100\n|-status|p2a: Grafaiai|brn\n|\n|-damage|p2a: Grafaiai|82\/100 brn|[from] brn\n|upkeep\n|turn|6\n|\n|t:|1700040440\n|switch|p1a: Maushold|Maushold-Four, shiny|44\/100\n|move|p2a: Grafaiai|Toxic|p1a: Maushold\n|-status|p1a: Maushold|tox\n|\n|-heal|p1a: Maushold|50\/100 tox|[from] item: Leftovers\n|-damage|p1a: Maushold|44\/100 tox|[from] psn\n|-damage|p2a: Grafaiai|76\/100 brn|[from] brn\n|upkeep\n|turn|7\n|\n|t:|1700040446\n|switch|p2a: Farigiraf|Farigiraf, F|75\/100\n|move|p1a: Maushold|Population Bomb|p2a: Farigiraf|[miss]\n|-miss|p1a: Maushold|p2a: Farigiraf\n|\n|-heal|p1a: Maushold|50\/100 tox|[from] item: Leftovers\n|-damage|p1a: Maushold|37\/100 tox|[from] psn\n|upkeep\n|turn|8\n|\n|t:|1700040451\n|move|p1a: Maushold|Population Bomb|p2a: Farigiraf\n|-damage|p2a: Farigiraf|64\/100\n|-damage|p2a: Farigiraf|53\/100\n|-damage|p2a: Farigiraf|42\/100\n|-damage|p2a: Farigiraf|30\/100\n|-damage|p2a: Farigiraf|18\/100\n|-hitcount|p2a: Farigiraf|5\n|move|p2a: Farigiraf|Reflect|p2a: Farigiraf\n|-sidestart|p2: Big-Wx|Reflect\n|\n|-heal|p1a: Maushold|44\/100 tox|[from] item: Leftovers\n|-damage|p1a: Maushold|25\/100 tox|[from] psn\n|-sideend|p2: Big-Wx|move: Light Screen\n|upkeep\n|turn|9\n|\n|t:|1700040459\n|move|p1a: Maushold|Population Bomb|p2a: Farigiraf\n|-damage|p2a: Farigiraf|12\/100\n|-damage|p2a: Farigiraf|6\/100\n|-damage|p2a: Farigiraf|1\/100\n|-damage|p2a: Farigiraf|0 fnt\n|faint|p2a: Farigiraf\n|-hitcount|p2: Farigiraf|4\n|\n|-heal|p1a: Maushold|31\/100 tox|[from] item: Leftovers\n|-damage|p1a: Maushold|6\/100 tox|[from] psn\n|upkeep\n|\n|t:|1700040461\n|switch|p2a: Lycanroc|Lycanroc-Dusk, M|100\/100\n|turn|10\n|\n|t:|1700040464\n|move|p2a: Lycanroc|Accelerock|p1a: Maushold\n|-damage|p1a: Maushold|0 fnt\n|faint|p1a: Maushold\n|\n|upkeep\n|\n|t:|1700040466\n|switch|p1a: Sinistcha|Sinistcha-Masterpiece, shiny|100\/100\n|turn|11\n|\n|t:|1700040470\n|switch|p2a: Grafaiai|Grafaiai, F|76\/100 brn\n|move|p1a: Sinistcha|Iron Defense|p1a: Sinistcha\n|-boost|p1a: Sinistcha|def|2\n|\n|-damage|p2a: Grafaiai|70\/100 brn|[from] brn\n|upkeep\n|turn|12\n|\n|t:|1700040473\n|move|p2a: Grafaiai|Toxic|p1a: Sinistcha\n|-status|p1a: Sinistcha|tox\n|move|p1a: Sinistcha|Scald|p2a: Grafaiai\n|-damage|p2a: Grafaiai|38\/100 brn\n|\n|-damage|p1a: Sinistcha|94\/100 tox|[from] psn\n|-damage|p2a: Grafaiai|32\/100 brn|[from] brn\n|upkeep\n|turn|13\n|\n|t:|1700040482\n|move|p2a: Grafaiai|Dig||[still]\n|-prepare|p2a: Grafaiai|Dig\n|move|p1a: Sinistcha|Scald|p2a: Grafaiai|[miss]\n|-miss|p1a: Sinistcha|p2a: Grafaiai\n|\n|-heal|p1a: Sinistcha|100\/100 tox|[from] item: Leftovers\n|-damage|p1a: Sinistcha|88\/100 tox|[from] psn\n|-damage|p2a: Grafaiai|26\/100 brn|[from] brn\n|upkeep\n|turn|14\n|\n|t:|1700040485\n|switch|p1a: Altaria|Altaria, F, shiny|67\/100\n|move|p2a: Grafaiai|Dig|p1a: Altaria|[from]lockedmove\n|-immune|p1a: Altaria\n|\n|-heal|p1a: Altaria|73\/100|[from] item: Leftovers\n|-damage|p2a: Grafaiai|20\/100 brn|[from] brn\n|upkeep\n|turn|15\n|\n|t:|1700040490\n|switch|p1a: Sinistcha|Sinistcha-Masterpiece, shiny|88\/100 tox\n|move|p2a: Grafaiai|Toxic|p1a: Sinistcha\n|-fail|p1a: Sinistcha|tox\n|\n|-heal|p1a: Sinistcha|94\/100 tox|[from] item: Leftovers\n|-damage|p1a: Sinistcha|88\/100 tox|[from] psn\n|-damage|p2a: Grafaiai|14\/100 brn|[from] brn\n|-sideend|p2: Big-Wx|Reflect\n|upkeep\n|turn|16\n|\n|t:|1700040501\n|move|p2a: Grafaiai|Dig||[still]\n|-prepare|p2a: Grafaiai|Dig\n|move|p1a: Sinistcha|Strength Sap|p2a: Grafaiai|[miss]\n|-miss|p1a: Sinistcha|p2a: Grafaiai\n|\n|-heal|p1a: Sinistcha|94\/100 tox|[from] item: Leftovers\n|-damage|p1a: Sinistcha|82\/100 tox|[from] psn\n|-damage|p2a: Grafaiai|8\/100 brn|[from] brn\n|upkeep\n|turn|17\n|\n|t:|1700040503\n|switch|p1a: Altaria|Altaria, F, shiny|73\/100\n|move|p2a: Grafaiai|Dig|p1a: Altaria|[from]lockedmove\n|-immune|p1a: Altaria\n|\n|-heal|p1a: Altaria|80\/100|[from] item: Leftovers\n|-damage|p2a: Grafaiai|2\/100 brn|[from] brn\n|upkeep\n|turn|18\n|\n|t:|1700040509\n|switch|p1a: Sinistcha|Sinistcha-Masterpiece, shiny|82\/100 tox\n|switch|p2a: Lycanroc|Lycanroc-Dusk, M|100\/100\n|\n|-heal|p1a: Sinistcha|88\/100 tox|[from] item: Leftovers\n|-damage|p1a: Sinistcha|82\/100 tox|[from] psn\n|upkeep\n|turn|19\n|\n|t:|1700040512\n|-terastallize|p2a: Lycanroc|Rock\n|move|p2a: Lycanroc|Accelerock|p1a: Sinistcha\n|-damage|p1a: Sinistcha|49\/100 tox\n|move|p1a: Sinistcha|Iron Defense|p1a: Sinistcha\n|-boost|p1a: Sinistcha|def|2\n|\n|-heal|p1a: Sinistcha|55\/100 tox|[from] item: Leftovers\n|-damage|p1a: Sinistcha|42\/100 tox|[from] psn\n|upkeep\n|turn|20\n|\n|t:|1700040521\n|move|p2a: Lycanroc|Endure|p2a: Lycanroc\n|-singleturn|p2a: Lycanroc|move: Endure\n|move|p1a: Sinistcha|Strength Sap|p2a: Lycanroc\n|-unboost|p2a: Lycanroc|atk|1\n|-heal|p1a: Sinistcha|100\/100 tox\n|\n|-damage|p1a: Sinistcha|82\/100 tox|[from] psn\n|upkeep\n|turn|21\n|\n|t:|1700040524\n|move|p2a: Lycanroc|Accelerock|p1a: Sinistcha\n|-damage|p1a: Sinistcha|70\/100 tox\n|move|p1a: Sinistcha|Matcha Gotcha|p2a: Lycanroc\n|-supereffective|p2a: Lycanroc\n|-damage|p2a: Lycanroc|0 fnt\n|-heal|p1a: Sinistcha|100\/100 tox|[from] drain|[of] p2a: Lycanroc\n|faint|p2a: Lycanroc\n|\n|-damage|p1a: Sinistcha|76\/100 tox|[from] psn\n|upkeep\n|\n|t:|1700040526\n|switch|p2a: Grafaiai|Grafaiai, F|2\/100 brn\n|turn|22\n|\n|t:|1700040531\n|move|p2a: Grafaiai|Encore|p1a: Sinistcha\n|-start|p1a: Sinistcha|Encore\n|move|p1a: Sinistcha|Matcha Gotcha|p2a: Grafaiai\n|-resisted|p2a: Grafaiai\n|-damage|p2a: Grafaiai|0 fnt\n|-heal|p1a: Sinistcha|77\/100 tox|[from] drain|[of] p2a: Grafaiai\n|faint|p2a: Grafaiai\n|\n|win|Oofy hh\n|n|\u2606Oofy hh|oofyhh\n|n|\u2606Big-Wx|bigwx\n|n|*Lady Monita \u2746|ladymonita\n|n| ranis_elh|raniselh\n|n| sinisterresolute|sinisterresolute\n","uploadtime":1700040532,"views":7,"p1id":"oofyhh","p2id":"bigwx","formatid":"gen9ou","rating":0,"private":0,"password":""}