{"id":"gen9ou-1999405769","p1":"xxCOALLAxx","p2":"shamoned32","format":"[Gen 9] OU","log":"|j|\u2606xxCOALLAxx\n|j|\u2606shamoned32\n|t:|1701075017\n|gametype|singles\n|player|p1|xxCOALLAxx|benga|1599\n|player|p2|shamoned32|blue-gen2|1635\n|teamsize|p1|6\n|teamsize|p2|6\n|gen|9\n|tier|[Gen 9] OU\n|rated|\n|rule|Sleep Clause Mod: Limit one foe put to sleep\n|rule|Species Clause: Limit one of each Pok\u00e9mon\n|rule|OHKO Clause: OHKO moves are banned\n|rule|Evasion Items Clause: Evasion items are banned\n|rule|Evasion Moves Clause: Evasion moves are banned\n|rule|Endless Battle Clause: Forcing endless battles is banned\n|rule|HP Percentage Mod: HP is shown in percentages\n|clearpoke\n|poke|p1|Indeedee, M|\n|poke|p1|Polteageist|\n|poke|p1|Maushold|\n|poke|p1|Hatterene, F|\n|poke|p1|Armarouge, F|\n|poke|p1|Zamazenta-*|\n|poke|p2|Samurott-Hisui, F|\n|poke|p2|Scizor, F|\n|poke|p2|Zapdos|\n|poke|p2|Dragapult, M|\n|poke|p2|Quaquaval, F|\n|poke|p2|Sandy Shocks|\n|teampreview\n|inactive|Battle timer is ON: inactive players will automatically lose when time's up. (requested by shamoned32)\n|inactive|xxCOALLAxx also wants the timer to be on.\n|\n|t:|1701075031\n|start\n|switch|p1a: Maushold|Maushold|100\/100\n|switch|p2a: snoop dogg|Dragapult, M, shiny|100\/100\n|turn|1\n|\n|t:|1701075039\n|switch|p1a: Hatterene|Hatterene, F, shiny|100\/100\n|move|p2a: snoop dogg|Substitute|p2a: snoop dogg\n|-start|p2a: snoop dogg|Substitute\n|-damage|p2a: snoop dogg|76\/100\n|\n|-heal|p2a: snoop dogg|82\/100|[from] item: Leftovers\n|upkeep\n|turn|2\n|\n|t:|1701075046\n|move|p2a: snoop dogg|Hex|p1a: Hatterene\n|-supereffective|p1a: Hatterene\n|-damage|p1a: Hatterene|45\/100\n|-enditem|p1a: Hatterene|Eject Button\n|\n|t:|1701075052\n|switch|p1a: Indeedee|Indeedee, M, shiny|100\/100\n|-fieldstart|move: Psychic Terrain|[from] ability: Psychic Surge|[of] p1a: Indeedee\n|\n|-heal|p2a: snoop dogg|88\/100|[from] item: Leftovers\n|upkeep\n|turn|3\n|\n|t:|1701075064\n|-terastallize|p1a: Indeedee|Fairy\n|move|p2a: snoop dogg|Dragon Darts|p1a: Indeedee\n|-immune|p1a: Indeedee\n|move|p1a: Indeedee|Dazzling Gleam|p2a: snoop dogg\n|-supereffective|p2a: snoop dogg\n|-end|p2a: snoop dogg|Substitute\n|\n|-heal|p2a: snoop dogg|94\/100|[from] item: Leftovers\n|upkeep\n|turn|4\n|\n|t:|1701075079\n|switch|p2a: blitzzz|Scizor, F, shiny|100\/100\n|move|p1a: Indeedee|Dazzling Gleam|p2a: blitzzz\n|-resisted|p2a: blitzzz\n|-crit|p2a: blitzzz\n|-damage|p2a: blitzzz|64\/100\n|\n|upkeep\n|turn|5\n|\n|t:|1701075086\n|switch|p1a: Armarouge|Armarouge, F, shiny|100\/100\n|move|p2a: blitzzz|Knock Off|p1a: Armarouge\n|-supereffective|p1a: Armarouge\n|-damage|p1a: Armarouge|23\/100\n|-ability|p1a: Armarouge|Weak Armor|boost\n|-unboost|p1a: Armarouge|def|1\n|-boost|p1a: Armarouge|spe|2\n|-enditem|p1a: Armarouge|Focus Sash|[from] move: Knock Off|[of] p2a: blitzzz\n|\n|upkeep\n|turn|6\n|\n|t:|1701075097\n|move|p1a: Armarouge|Armor Cannon|p2a: blitzzz\n|-supereffective|p2a: blitzzz\n|-damage|p2a: blitzzz|0 fnt\n|-unboost|p1a: Armarouge|def|1\n|-unboost|p1a: Armarouge|spd|1\n|faint|p2a: blitzzz\n|\n|upkeep\n|inactive|shamoned32 has 120 seconds left.\n|\n|t:|1701075129\n|switch|p2a: -samus-|Samurott-Hisui, F, shiny|100\/100\n|turn|7\n|\n|t:|1701075132\n|move|p1a: Armarouge|Destiny Bond|p1a: Armarouge\n|-singlemove|p1a: Armarouge|Destiny Bond\n|move|p2a: -samus-|Ceaseless Edge|p1a: Armarouge\n|-supereffective|p1a: Armarouge\n|-damage|p1a: Armarouge|0 fnt\n|-sidestart|p1: xxCOALLAxx|Spikes\n|faint|p1a: Armarouge\n|-activate|p1a: Armarouge|move: Destiny Bond\n|faint|p2a: -samus-\n|\n|upkeep\n|\n|t:|1701075144\n|switch|p2a: snoop dogg|Dragapult, M, shiny|94\/100\n|switch|p1a: Hatterene|Hatterene, F, shiny|45\/100\n|-damage|p1a: Hatterene|33\/100|[from] Spikes\n|turn|8\n|\n|t:|1701075150\n|move|p2a: snoop dogg|Hex|p1a: Hatterene\n|-supereffective|p1a: Hatterene\n|-crit|p1a: Hatterene\n|-damage|p1a: Hatterene|0 fnt\n|faint|p1a: Hatterene\n|\n|-heal|p2a: snoop dogg|99\/100|[from] item: Leftovers\n|upkeep\n|\n|t:|1701075169\n|switch|p1a: Maushold|Maushold|100\/100\n|-damage|p1a: Maushold|88\/100|[from] Spikes\n|turn|9\n|\n|t:|1701075181\n|move|p2a: snoop dogg|Will-O-Wisp|p1a: Maushold\n|-status|p1a: Maushold|brn\n|move|p1a: Maushold|Tidy Up|p1a: Maushold\n|-sideend|p1: xxCOALLAxx|Spikes\n|-activate|p1a: Maushold|move: Tidy Up\n|-boost|p1a: Maushold|atk|1\n|-boost|p1a: Maushold|spe|1\n|\n|-heal|p2a: snoop dogg|100\/100|[from] item: Leftovers\n|-damage|p1a: Maushold|82\/100 brn|[from] brn\n|-fieldend|move: Psychic Terrain\n|upkeep\n|turn|10\n|\n|t:|1701075201\n|switch|p2a: daisy|Quaquaval, F, shiny|100\/100\n|move|p1a: Maushold|Encore||[still]\n|-fail|p1a: Maushold\n|\n|-damage|p1a: Maushold|76\/100 brn|[from] brn\n|upkeep\n|turn|11\n|\n|t:|1701075208\n|move|p1a: Maushold|Population Bomb|p2a: daisy\n|-damage|p2a: daisy|90\/100\n|-damage|p2a: daisy|80\/100\n|-damage|p2a: daisy|70\/100\n|-damage|p2a: daisy|59\/100\n|-damage|p2a: daisy|48\/100\n|-damage|p2a: daisy|39\/100\n|-damage|p2a: daisy|28\/100\n|-damage|p2a: daisy|17\/100\n|-damage|p2a: daisy|7\/100\n|-damage|p2a: daisy|0 fnt\n|faint|p2a: daisy\n|-hitcount|p2: daisy|10\n|\n|-damage|p1a: Maushold|69\/100 brn|[from] brn\n|upkeep\n|\n|t:|1701075228\n|switch|p2a: snoop dogg|Dragapult, M, shiny|100\/100\n|turn|12\n|\n|t:|1701075233\n|move|p1a: Maushold|Bite|p2a: snoop dogg\n|-supereffective|p2a: snoop dogg\n|-damage|p2a: snoop dogg|48\/100\n|move|p2a: snoop dogg|Dragon Darts|p1a: Maushold\n|-crit|p1a: Maushold\n|-damage|p1a: Maushold|16\/100 brn\n|-anim|p2a: snoop dogg|Dragon Darts|p1a: Maushold\n|-damage|p1a: Maushold|0 fnt\n|faint|p1a: Maushold\n|\n|-heal|p2a: snoop dogg|53\/100|[from] item: Leftovers\n|upkeep\n|\n|t:|1701075239\n|switch|p1a: Indeedee|Indeedee, M, shiny, tera:Fairy|100\/100\n|-fieldstart|move: Psychic Terrain|[from] ability: Psychic Surge|[of] p1a: Indeedee\n|turn|13\n|j| LeNabotVert\n|\n|t:|1701075253\n|move|p2a: snoop dogg|Hex|p1a: Indeedee\n|-damage|p1a: Indeedee|64\/100\n|move|p1a: Indeedee|Psychic|p2a: snoop dogg\n|-damage|p2a: snoop dogg|0 fnt\n|faint|p2a: snoop dogg\n|\n|upkeep\n|l| LeNabotVert\n|\n|t:|1701075260\n|switch|p2a: tres amigos|Sandy Shocks, shiny|100\/100\n|-enditem|p2a: tres amigos|Booster Energy\n|-activate|p2a: tres amigos|ability: Protosynthesis|[fromitem]\n|-start|p2a: tres amigos|protosynthesisspe\n|turn|14\n|\n|t:|1701075284\n|move|p2a: tres amigos|Stealth Rock|p1a: Indeedee\n|-sidestart|p1: xxCOALLAxx|move: Stealth Rock\n|move|p1a: Indeedee|Encore|p2a: tres amigos\n|-start|p2a: tres amigos|Encore\n|\n|upkeep\n|turn|15\n|\n|t:|1701075289\n|-end|p2a: tres amigos|Protosynthesis|[silent]\n|switch|p2a: stadick|Zapdos, shiny|100\/100\n|move|p1a: Indeedee|Psychic|p2a: stadick\n|-damage|p2a: stadick|40\/100\n|-unboost|p2a: stadick|spd|1\n|\n|upkeep\n|turn|16\n|\n|t:|1701075296\n|move|p1a: Indeedee|Psychic|p2a: stadick\n|-damage|p2a: stadick|0 fnt\n|faint|p2a: stadick\n|\n|upkeep\n|\n|t:|1701075300\n|switch|p2a: tres amigos|Sandy Shocks, shiny|100\/100\n|turn|17\n|\n|t:|1701075305\n|move|p2a: tres amigos|Thunderbolt|p1a: Indeedee\n|-damage|p1a: Indeedee|4\/100\n|move|p1a: Indeedee|Psychic|p2a: tres amigos\n|-damage|p2a: tres amigos|40\/100\n|\n|upkeep\n|turn|18\n|\n|t:|1701075310\n|move|p2a: tres amigos|Thunderbolt|p1a: Indeedee\n|-damage|p1a: Indeedee|0 fnt\n|faint|p1a: Indeedee\n|\n|upkeep\n|\n|t:|1701075314\n|switch|p1a: Zamazenta|Zamazenta|100\/100\n|-damage|p1a: Zamazenta|95\/100|[from] Stealth Rock\n|-ability|p1a: Zamazenta|Dauntless Shield|boost\n|-boost|p1a: Zamazenta|def|1\n|-enditem|p1a: Zamazenta|Psychic Seed\n|-boost|p1a: Zamazenta|spd|1|[from] item: Psychic Seed\n|turn|19\n|\n|t:|1701075321\n|move|p1a: Zamazenta|Body Press|p2a: tres amigos\n|-damage|p2a: tres amigos|0 fnt\n|faint|p2a: tres amigos\n|-end|p2a: tres amigos|Protosynthesis|[silent]\n|\n|win|xxCOALLAxx\n|raw|xxCOALLAxx's rating: 1599 &rarr; <strong>1621<\/strong><br \/>(+22 for winning)\n|raw|shamoned32's rating: 1635 &rarr; <strong>1613<\/strong><br \/>(-22 for losing)\n|c|\u2606xxCOALLAxx|gg\n|c|\u2606shamoned32|gg\n|l|\u2606shamoned32\n","uploadtime":1701075355,"views":3,"p1id":"xxcoallaxx","p2id":"shamoned32","formatid":"gen9ou","rating":1613,"private":0,"password":""}