{"id":"gen9ou-1993285345","p1":"mikejohns","p2":"Sick Fiesta","format":"[Gen 9] OU","log":"|j|\u2606mikejohns\n|j|\u2606Sick Fiesta\n|t:|1700290361\n|gametype|singles\n|player|p1|mikejohns|volkner|1560\n|player|p2|Sick Fiesta|266|1556\n|teamsize|p1|6\n|teamsize|p2|6\n|gen|9\n|tier|[Gen 9] OU\n|rated|\n|rule|Sleep Clause Mod: Limit one foe put to sleep\n|rule|Species Clause: Limit one of each Pok\u00e9mon\n|rule|OHKO Clause: OHKO moves are banned\n|rule|Evasion Items Clause: Evasion items are banned\n|rule|Evasion Moves Clause: Evasion moves are banned\n|rule|Endless Battle Clause: Forcing endless battles is banned\n|rule|HP Percentage Mod: HP is shown in percentages\n|clearpoke\n|poke|p1|Zamazenta-*|\n|poke|p1|Rillaboom, F|\n|poke|p1|Muk-Alola, M|\n|poke|p1|Iron Jugulis|\n|poke|p1|Cinderace, M|\n|poke|p1|Ogerpon-Wellspring, F|\n|poke|p2|Meowscarada, M|\n|poke|p2|Iron Treads|\n|poke|p2|Zapdos|\n|poke|p2|Dragapult, M|\n|poke|p2|Garganacl, F|\n|poke|p2|Iron Valiant|\n|teampreview\n|inactive|Battle timer is ON: inactive players will automatically lose when time's up. (requested by mikejohns)\n|\n|t:|1700290381\n|start\n|switch|p1a: Ogerpon|Ogerpon-Wellspring, F|100\/100\n|switch|p2a: Meowscarada|Meowscarada, M|100\/100\n|turn|1\n|\n|t:|1700290388\n|switch|p1a: Zamazenta|Zamazenta|100\/100\n|-ability|p1a: Zamazenta|Dauntless Shield|boost\n|-boost|p1a: Zamazenta|def|1\n|move|p2a: Meowscarada|U-turn|p1a: Zamazenta\n|-start|p2a: Meowscarada|typechange|Bug|[from] ability: Protean\n|-resisted|p1a: Zamazenta\n|-damage|p1a: Zamazenta|90\/100\n|\n|t:|1700290408\n|switch|p2a: Iron Treads|Iron Treads|100\/100|[from] U-turn\n|-enditem|p2a: Iron Treads|Booster Energy\n|-activate|p2a: Iron Treads|ability: Quark Drive|[fromitem]\n|-start|p2a: Iron Treads|quarkdrivespe\n|\n|-heal|p1a: Zamazenta|96\/100|[from] item: Leftovers\n|upkeep\n|turn|2\n|\n|t:|1700290414\n|move|p2a: Iron Treads|Earth Power|p1a: Zamazenta\n|-damage|p1a: Zamazenta|68\/100\n|move|p1a: Zamazenta|Body Press|p2a: Iron Treads\n|-supereffective|p2a: Iron Treads\n|-damage|p2a: Iron Treads|12\/100\n|\n|-heal|p1a: Zamazenta|74\/100|[from] item: Leftovers\n|upkeep\n|turn|3\n|\n|t:|1700290421\n|move|p2a: Iron Treads|Steel Beam|p1a: Zamazenta\n|-damage|p1a: Zamazenta|31\/100\n|-damage|p2a: Iron Treads|0 fnt|[from] steelbeam\n|faint|p2a: Iron Treads\n|-end|p2a: Iron Treads|Quark Drive|[silent]\n|move|p1a: Zamazenta|Body Press|p2: Iron Treads|[notarget]\n|-fail|p1a: Zamazenta\n|\n|-heal|p1a: Zamazenta|37\/100|[from] item: Leftovers\n|upkeep\n|inactive|Sick Fiesta has 120 seconds left.\n|\n|t:|1700290452\n|switch|p2a: Dragapult|Dragapult, M|100\/100\n|turn|4\n|\n|t:|1700290460\n|switch|p1a: Muk|Muk-Alola, M|100\/100\n|move|p2a: Dragapult|Will-O-Wisp|p1a: Muk\n|-status|p1a: Muk|brn\n|\n|-damage|p1a: Muk|94\/100 brn|[from] brn\n|upkeep\n|turn|5\n|\n|t:|1700290476\n|switch|p2a: Garganacl|Garganacl, F|100\/100\n|move|p1a: Muk|Knock Off|p2a: Garganacl\n|-damage|p2a: Garganacl|89\/100\n|-enditem|p2a: Garganacl|Leftovers|[from] move: Knock Off|[of] p1a: Muk\n|\n|-heal|p1a: Muk|100\/100 brn|[from] item: Leftovers\n|-damage|p1a: Muk|94\/100 brn|[from] brn\n|upkeep\n|turn|6\n|\n|t:|1700290485\n|switch|p1a: Ogerpon|Ogerpon-Wellspring, F|100\/100\n|move|p2a: Garganacl|Iron Defense|p2a: Garganacl\n|-boost|p2a: Garganacl|def|2\n|\n|upkeep\n|turn|7\n|\n|t:|1700290496\n|switch|p2a: Meowscarada|Meowscarada, M|100\/100\n|move|p1a: Ogerpon|Encore||[still]\n|-fail|p1a: Ogerpon\n|\n|upkeep\n|turn|8\n|\n|t:|1700290502\n|switch|p1a: Cinderace|Cinderace, M|100\/100\n|move|p2a: Meowscarada|U-turn|p1a: Cinderace\n|-start|p2a: Meowscarada|typechange|Bug|[from] ability: Protean\n|-resisted|p1a: Cinderace\n|-damage|p1a: Cinderace|79\/100\n|\n|t:|1700290511\n|switch|p2a: Garganacl|Garganacl, F|89\/100|[from] U-turn\n|\n|upkeep\n|turn|9\n|\n|t:|1700290518\n|move|p1a: Cinderace|U-turn|p2a: Garganacl\n|-start|p1a: Cinderace|typechange|Bug|[from] ability: Libero\n|-damage|p2a: Garganacl|68\/100\n|\n|t:|1700290521\n|switch|p1a: Ogerpon|Ogerpon-Wellspring, F|100\/100|[from] U-turn\n|move|p2a: Garganacl|Salt Cure|p1a: Ogerpon\n|-damage|p1a: Ogerpon|82\/100\n|-start|p1a: Ogerpon|Salt Cure\n|\n|-damage|p1a: Ogerpon|57\/100|[from] Salt Cure\n|upkeep\n|turn|10\n|\n|t:|1700290534\n|switch|p2a: Meowscarada|Meowscarada, M|100\/100\n|move|p1a: Ogerpon|Power Whip|p2a: Meowscarada\n|-resisted|p2a: Meowscarada\n|-damage|p2a: Meowscarada|47\/100\n|\n|-damage|p1a: Ogerpon|32\/100|[from] Salt Cure\n|upkeep\n|turn|11\n|\n|t:|1700290547\n|switch|p1a: Cinderace|Cinderace, M|79\/100\n|move|p2a: Meowscarada|U-turn|p1a: Cinderace\n|-start|p2a: Meowscarada|typechange|Bug|[from] ability: Protean\n|-resisted|p1a: Cinderace\n|-damage|p1a: Cinderace|54\/100\n|\n|t:|1700290557\n|switch|p2a: Garganacl|Garganacl, F|68\/100|[from] U-turn\n|\n|upkeep\n|turn|12\n|\n|t:|1700290564\n|move|p1a: Cinderace|U-turn|p2a: Garganacl\n|-start|p1a: Cinderace|typechange|Bug|[from] ability: Libero\n|-damage|p2a: Garganacl|46\/100\n|inactive|mikejohns has 120 seconds left.\n|\n|t:|1700290607\n|switch|p1a: Ogerpon|Ogerpon-Wellspring, F|32\/100|[from] U-turn\n|move|p2a: Garganacl|Recover|p2a: Garganacl\n|-heal|p2a: Garganacl|96\/100\n|\n|upkeep\n|turn|13\n|\n|t:|1700290613\n|switch|p2a: Meowscarada|Meowscarada, M|47\/100\n|move|p1a: Ogerpon|Power Whip|p2a: Meowscarada|[miss]\n|-miss|p1a: Ogerpon|p2a: Meowscarada\n|\n|upkeep\n|turn|14\n|\n|t:|1700290620\n|switch|p1a: Zamazenta|Zamazenta|37\/100\n|move|p2a: Meowscarada|U-turn|p1a: Zamazenta\n|-start|p2a: Meowscarada|typechange|Bug|[from] ability: Protean\n|-resisted|p1a: Zamazenta\n|-damage|p1a: Zamazenta|24\/100\n|\n|t:|1700290645\n|switch|p2a: Zapdos|Zapdos|100\/100|[from] U-turn\n|\n|-heal|p1a: Zamazenta|30\/100|[from] item: Leftovers\n|upkeep\n|turn|15\n|\n|t:|1700290653\n|switch|p1a: Muk|Muk-Alola, M|94\/100 brn\n|move|p2a: Zapdos|Discharge|p1a: Muk\n|-damage|p1a: Muk|75\/100 brn\n|\n|-heal|p1a: Muk|81\/100 brn|[from] item: Leftovers\n|-damage|p1a: Muk|75\/100 brn|[from] brn\n|upkeep\n|turn|16\n|\n|t:|1700290663\n|move|p2a: Zapdos|U-turn|p1a: Muk\n|-damage|p1a: Muk|62\/100 brn\n|\n|t:|1700290667\n|switch|p2a: Garganacl|Garganacl, F|96\/100|[from] U-turn\n|move|p1a: Muk|Knock Off|p2a: Garganacl\n|-damage|p2a: Garganacl|88\/100\n|\n|-heal|p1a: Muk|68\/100 brn|[from] item: Leftovers\n|-damage|p1a: Muk|62\/100 brn|[from] brn\n|upkeep\n|turn|17\n|\n|t:|1700290677\n|switch|p1a: Zamazenta|Zamazenta|30\/100\n|move|p2a: Garganacl|Salt Cure|p1a: Zamazenta\n|-resisted|p1a: Zamazenta\n|-damage|p1a: Zamazenta|24\/100\n|-start|p1a: Zamazenta|Salt Cure\n|\n|-heal|p1a: Zamazenta|30\/100|[from] item: Leftovers\n|-damage|p1a: Zamazenta|18\/100|[from] Salt Cure\n|upkeep\n|turn|18\n|\n|t:|1700290692\n|switch|p1a: Rillaboom|Rillaboom, F|100\/100\n|-fieldstart|move: Grassy Terrain|[from] ability: Grassy Surge|[of] p1a: Rillaboom\n|-terastallize|p2a: Garganacl|Poison\n|move|p2a: Garganacl|Iron Defense|p2a: Garganacl\n|-boost|p2a: Garganacl|def|2\n|\n|-heal|p2a: Garganacl|94\/100|[from] Grassy Terrain\n|upkeep\n|turn|19\n|\n|t:|1700290701\n|move|p1a: Rillaboom|U-turn|p2a: Garganacl\n|-resisted|p2a: Garganacl\n|-damage|p2a: Garganacl|90\/100\n|\n|t:|1700290704\n|switch|p1a: Ogerpon|Ogerpon-Wellspring, F|32\/100|[from] U-turn\n|move|p2a: Garganacl|Salt Cure|p1a: Ogerpon\n|-damage|p1a: Ogerpon|12\/100\n|-start|p1a: Ogerpon|Salt Cure\n|\n|-heal|p1a: Ogerpon|18\/100|[from] Grassy Terrain\n|-heal|p2a: Garganacl|96\/100|[from] Grassy Terrain\n|-damage|p1a: Ogerpon|0 fnt|[from] Salt Cure\n|faint|p1a: Ogerpon\n|upkeep\n|\n|t:|1700290708\n|switch|p1a: Iron Jugulis|Iron Jugulis|100\/100\n|-enditem|p1a: Iron Jugulis|Booster Energy\n|-activate|p1a: Iron Jugulis|ability: Quark Drive|[fromitem]\n|-start|p1a: Iron Jugulis|quarkdrivespe\n|turn|20\n|\n|t:|1700290721\n|move|p1a: Iron Jugulis|Taunt|p2a: Garganacl\n|-start|p2a: Garganacl|move: Taunt\n|move|p2a: Garganacl|Salt Cure|p1a: Iron Jugulis\n|-supereffective|p1a: Iron Jugulis\n|-damage|p1a: Iron Jugulis|66\/100\n|-start|p1a: Iron Jugulis|Salt Cure\n|\n|-heal|p2a: Garganacl|100\/100|[from] Grassy Terrain\n|-damage|p1a: Iron Jugulis|53\/100|[from] Salt Cure\n|upkeep\n|turn|21\n|\n|t:|1700290730\n|move|p1a: Iron Jugulis|Hurricane|p2a: Garganacl\n|-damage|p2a: Garganacl|62\/100\n|move|p2a: Garganacl|Body Press|p1a: Iron Jugulis\n|-damage|p1a: Iron Jugulis|3\/100\n|\n|-heal|p2a: Garganacl|69\/100|[from] Grassy Terrain\n|-damage|p1a: Iron Jugulis|0 fnt|[from] Salt Cure\n|faint|p1a: Iron Jugulis\n|-end|p1a: Iron Jugulis|Quark Drive|[silent]\n|upkeep\n|-message|mikejohns forfeited.\n|\n|win|Sick Fiesta\n|raw|mikejohns's rating: 1560 &rarr; <strong>1540<\/strong><br \/>(-20 for losing)\n|raw|Sick Fiesta's rating: 1556 &rarr; <strong>1576<\/strong><br \/>(+20 for winning)\n|l|\u2606mikejohns\n","uploadtime":1700290745,"views":10,"p1id":"mikejohns","p2id":"sickfiesta","formatid":"gen9ou","rating":1540,"private":0,"password":""}