{"id":"gen9ou-1995242280","p1":"Phoenix2405","p2":"ThePixelV1","format":"[Gen 9] OU","log":"|j|\u2606Phoenix2405\n|j|\u2606ThePixelV1\n|t:|1700539028\n|gametype|singles\n|player|p1|Phoenix2405|may-contest|1124\n|player|p2|ThePixelV1|101|1037\n|teamsize|p1|6\n|teamsize|p2|6\n|gen|9\n|tier|[Gen 9] OU\n|rated|\n|rule|Sleep Clause Mod: Limit one foe put to sleep\n|rule|Species Clause: Limit one of each Pok\u00e9mon\n|rule|OHKO Clause: OHKO moves are banned\n|rule|Evasion Items Clause: Evasion items are banned\n|rule|Evasion Moves Clause: Evasion moves are banned\n|rule|Endless Battle Clause: Forcing endless battles is banned\n|rule|HP Percentage Mod: HP is shown in percentages\n|clearpoke\n|poke|p1|Dragapult, F|\n|poke|p1|Maushold|\n|poke|p1|Iron Valiant|\n|poke|p1|Ceruledge, M|\n|poke|p1|Ninetales-Alola, F|\n|poke|p1|Kingambit, F|\n|poke|p2|Conkeldurr, M|\n|poke|p2|Grafaiai, M|\n|poke|p2|Golem-Alola, M|\n|poke|p2|Raichu-Alola, M|\n|poke|p2|Pincurchin, M|\n|poke|p2|Corviknight, M|\n|teampreview\n|\n|t:|1700539037\n|start\n|switch|p1a: TransRights|Ninetales-Alola, F, shiny|100\/100\n|switch|p2a: G**** Boi|Conkeldurr, M, shiny|100\/100\n|-weather|Snow|[from] ability: Snow Warning|[of] p1a: TransRights\n|turn|1\n|\n|t:|1700539047\n|move|p1a: TransRights|Aurora Veil|p1a: TransRights\n|-sidestart|p1: Phoenix2405|move: Aurora Veil\n|move|p2a: G**** Boi|Knock Off|p1a: TransRights\n|-resisted|p1a: TransRights\n|-damage|p1a: TransRights|93\/100\n|-enditem|p1a: TransRights|Light Clay|[from] move: Knock Off|[of] p2a: G**** Boi\n|\n|-weather|Snow|[upkeep]\n|-status|p2a: G**** Boi|brn|[from] item: Flame Orb\n|upkeep\n|turn|2\n|inactive|Battle timer is ON: inactive players will automatically lose when time's up. (requested by ThePixelV1)\n|\n|t:|1700539076\n|switch|p1a: Siren|Dragapult, F, shiny|100\/100\n|move|p2a: G**** Boi|Facade|p1a: Siren\n|-immune|p1a: Siren\n|\n|-weather|Snow|[upkeep]\n|-damage|p2a: G**** Boi|94\/100 brn|[from] brn\n|upkeep\n|turn|3\n|\n|t:|1700539089\n|move|p1a: Siren|Draco Meteor|p2a: G**** Boi\n|-damage|p2a: G**** Boi|3\/100 brn\n|-unboost|p1a: Siren|spa|2\n|move|p2a: G**** Boi|Knock Off|p1a: Siren\n|-supereffective|p1a: Siren\n|-damage|p1a: Siren|26\/100\n|-enditem|p1a: Siren|Choice Specs|[from] move: Knock Off|[of] p2a: G**** Boi\n|\n|-weather|Snow|[upkeep]\n|-damage|p2a: G**** Boi|0 fnt|[from] brn\n|faint|p2a: G**** Boi\n|upkeep\n|\n|t:|1700539101\n|switch|p2a: Boomboom rock|Golem-Alola, M, shiny|100\/100\n|turn|4\n|\n|t:|1700539107\n|move|p1a: Siren|Hydro Pump|p2a: Boomboom rock|[miss]\n|-miss|p1a: Siren|p2a: Boomboom rock\n|move|p2a: Boomboom rock|Thunder Wave|p1a: Siren\n|-status|p1a: Siren|par\n|\n|-weather|Snow|[upkeep]\n|upkeep\n|turn|5\n|\n|t:|1700539119\n|switch|p1a: Rex|Ceruledge, M|100\/100\n|switch|p2a: Grafifiti|Grafaiai, M|100\/100\n|\n|-weather|none\n|upkeep\n|turn|6\n|\n|t:|1700539133\n|move|p2a: Grafifiti|Swagger|p1a: Rex|[miss]\n|-miss|p2a: Grafifiti|p1a: Rex\n|move|p1a: Rex|Bulk Up|p1a: Rex\n|-boost|p1a: Rex|atk|1\n|-boost|p1a: Rex|def|1\n|-enditem|p2a: Grafifiti|Mirror Herb\n|-boost|p2a: Grafifiti|atk|1|[from] item: Mirror Herb\n|-boost|p2a: Grafifiti|def|1|[from] item: Mirror Herb\n|\n|upkeep\n|turn|7\n|\n|t:|1700539151\n|move|p2a: Grafifiti|Acrobatics|p1a: Rex\n|-damage|p1a: Rex|79\/100\n|move|p1a: Rex|Bitter Blade|p2a: Grafifiti\n|-damage|p2a: Grafifiti|10\/100\n|-heal|p1a: Rex|100\/100|[from] drain|[of] p2a: Grafifiti\n|\n|upkeep\n|turn|8\n|\n|t:|1700539172\n|move|p2a: Grafifiti|Acrobatics|p1a: Rex\n|-damage|p1a: Rex|82\/100\n|move|p1a: Rex|Bitter Blade|p2a: Grafifiti\n|-damage|p2a: Grafifiti|0 fnt\n|-heal|p1a: Rex|85\/100|[from] drain|[of] p2a: Grafifiti\n|faint|p2a: Grafifiti\n|\n|-sideend|p1: Phoenix2405|move: Aurora Veil\n|upkeep\n|\n|t:|1700539181\n|switch|p2a: Boomboom rock|Golem-Alola, M, shiny|100\/100\n|turn|9\n|\n|t:|1700539189\n|move|p1a: Rex|Close Combat|p2a: Boomboom rock\n|-supereffective|p2a: Boomboom rock\n|-damage|p2a: Boomboom rock|26\/100\n|-unboost|p1a: Rex|def|1\n|-unboost|p1a: Rex|spd|1\n|move|p2a: Boomboom rock|Counter|p1a: Rex\n|-immune|p1a: Rex\n|\n|upkeep\n|turn|10\n|\n|t:|1700539203\n|switch|p1a: TransRights|Ninetales-Alola, F, shiny|93\/100\n|-weather|Snow|[from] ability: Snow Warning|[of] p1a: TransRights\n|move|p2a: Boomboom rock|Protect||[still]\n|-fail|p2a: Boomboom rock\n|\n|-weather|Snow|[upkeep]\n|upkeep\n|turn|11\n|\n|t:|1700539211\n|move|p1a: TransRights|Aurora Veil|p1a: TransRights\n|-sidestart|p1: Phoenix2405|move: Aurora Veil\n|move|p2a: Boomboom rock|Explosion|p1a: TransRights\n|-damage|p1a: TransRights|64\/100\n|faint|p2a: Boomboom rock\n|\n|-weather|Snow|[upkeep]\n|upkeep\n|\n|t:|1700539217\n|switch|p2a: Armor|Corviknight, M, shiny|100\/100\n|turn|12\n|\n|t:|1700539235\n|switch|p1a: A|Iron Valiant|100\/100\n|-enditem|p1a: A|Booster Energy\n|-activate|p1a: A|ability: Quark Drive|[fromitem]\n|-start|p1a: A|quarkdrivespe\n|move|p2a: Armor|Flash Cannon|p1a: A\n|-supereffective|p1a: A\n|-damage|p1a: A|69\/100\n|\n|-weather|Snow|[upkeep]\n|upkeep\n|turn|13\n|\n|t:|1700539250\n|-terastallize|p1a: A|Electric\n|move|p1a: A|Thunderbolt|p2a: Armor\n|-supereffective|p2a: Armor\n|-damage|p2a: Armor|40\/100\n|move|p2a: Armor|Flash Cannon|p1a: A\n|-resisted|p1a: A\n|-damage|p1a: A|62\/100\n|\n|-weather|Snow|[upkeep]\n|-heal|p2a: Armor|46\/100|[from] item: Leftovers\n|upkeep\n|turn|14\n|\n|t:|1700539267\n|move|p1a: A|Calm Mind|p1a: A\n|-boost|p1a: A|spa|1\n|-boost|p1a: A|spd|1\n|move|p2a: Armor|Roost|p2a: Armor\n|-heal|p2a: Armor|96\/100\n|-singleturn|p2a: Armor|move: Roost\n|\n|-weather|none\n|-heal|p2a: Armor|100\/100|[from] item: Leftovers\n|upkeep\n|turn|15\n|\n|t:|1700539278\n|move|p1a: A|Thunderbolt|p2a: Armor\n|-supereffective|p2a: Armor\n|-damage|p2a: Armor|4\/100\n|move|p2a: Armor|Taunt|p1a: A\n|-start|p1a: A|move: Taunt\n|\n|-heal|p2a: Armor|10\/100|[from] item: Leftovers\n|-sideend|p1: Phoenix2405|move: Aurora Veil\n|upkeep\n|turn|16\n|\n|t:|1700539293\n|move|p1a: A|Moonblast|p2a: Armor\n|-resisted|p2a: Armor\n|-damage|p2a: Armor|0 fnt\n|faint|p2a: Armor\n|\n|upkeep\n|\n|t:|1700539298\n|switch|p2a: Spikey|Pincurchin, M, shiny|100\/100\n|-fieldstart|move: Electric Terrain|[from] ability: Electric Surge|[of] p2a: Spikey\n|turn|17\n|\n|t:|1700539308\n|move|p1a: A|Moonblast|p2a: Spikey\n|-damage|p2a: Spikey|2\/100\n|-unboost|p2a: Spikey|spa|1\n|move|p2a: Spikey|Memento|p1a: A\n|-unboost|p1a: A|atk|2\n|-unboost|p1a: A|spa|2\n|faint|p2a: Spikey\n|\n|upkeep\n|\n|t:|1700539316\n|switch|p2a: Cakey|Raichu-Alola, M, shiny|100\/100\n|turn|18\n|\n|t:|1700539324\n|-terastallize|p2a: Cakey|Electric\n|move|p2a: Cakey|Psychic|p1a: A\n|-damage|p1a: A|8\/100\n|-damage|p2a: Cakey|91\/100|[from] item: Life Orb\n|move|p1a: A|Moonblast|p2a: Cakey\n|-damage|p2a: Cakey|46\/100\n|\n|-end|p1a: A|move: Taunt\n|upkeep\n|turn|19\n|\n|t:|1700539340\n|-end|p1a: A|Quark Drive|[silent]\n|switch|p1a: Dunban|Kingambit, F|100\/100\n|move|p2a: Cakey|Psychic|p1a: Dunban\n|-immune|p1a: Dunban\n|\n|upkeep\n|turn|20\n|\n|t:|1700539351\n|move|p2a: Cakey|Thunderbolt|p1a: Dunban\n|-damage|p1a: Dunban|8\/100\n|-damage|p2a: Cakey|36\/100|[from] item: Life Orb\n|move|p1a: Dunban|Kowtow Cleave|p2a: Cakey\n|-crit|p2a: Cakey\n|-damage|p2a: Cakey|0 fnt\n|faint|p2a: Cakey\n|\n|win|Phoenix2405\n|raw|Phoenix2405's rating: 1124 &rarr; <strong>1143<\/strong><br \/>(+19 for winning)\n|raw|ThePixelV1's rating: 1037 &rarr; <strong>1025<\/strong><br \/>(-12 for losing)\n|l|\u2606ThePixelV1\n","uploadtime":1700539366,"views":18,"p1id":"phoenix2405","p2id":"thepixelv1","formatid":"gen9ou","rating":1025,"private":0,"password":""}