{"id":"gen9ou-1997216320","p1":"Pokemh","p2":"localdealerr","format":"[Gen 9] OU","log":"|j|\u203dPokemh\n|j|\u2606localdealerr\n|t:|1700776580\n|gametype|singles\n|player|p1|Pokemh|acetrainerf-gen4dp|1687\n|player|p2|localdealerr|169|1756\n|teamsize|p1|6\n|teamsize|p2|6\n|gen|9\n|tier|[Gen 9] OU\n|rated|\n|rule|Sleep Clause Mod: Limit one foe put to sleep\n|rule|Species Clause: Limit one of each Pok\u00e9mon\n|rule|OHKO Clause: OHKO moves are banned\n|rule|Evasion Items Clause: Evasion items are banned\n|rule|Evasion Moves Clause: Evasion moves are banned\n|rule|Endless Battle Clause: Forcing endless battles is banned\n|rule|HP Percentage Mod: HP is shown in percentages\n|clearpoke\n|poke|p1|Dragapult, F|\n|poke|p1|Cinderace, F|\n|poke|p1|Iron Valiant|\n|poke|p1|Great Tusk|\n|poke|p1|Zapdos|\n|poke|p1|Kingambit, F|\n|poke|p2|Glimmora, M|\n|poke|p2|Ogerpon-Wellspring, F|\n|poke|p2|Great Tusk|\n|poke|p2|Gholdengo|\n|poke|p2|Kingambit, M|\n|poke|p2|Zapdos|\n|teampreview\n|\n|t:|1700776611\n|start\n|switch|p1a: Dragapult|Dragapult, F|100\/100\n|switch|p2a: big bird.|Zapdos|100\/100\n|turn|1\n|\n|t:|1700776635\n|move|p1a: Dragapult|Draco Meteor|p2a: big bird.\n|-damage|p2a: big bird.|22\/100\n|-unboost|p1a: Dragapult|spa|2\n|move|p2a: big bird.|Discharge|p1a: Dragapult\n|-resisted|p1a: Dragapult\n|-damage|p1a: Dragapult|78\/100\n|\n|upkeep\n|turn|2\n|\n|t:|1700776645\n|move|p1a: Dragapult|Draco Meteor|p2a: big bird.\n|-damage|p2a: big bird.|0 fnt\n|-unboost|p1a: Dragapult|spa|2\n|faint|p2a: big bird.\n|\n|upkeep\n|\n|t:|1700776651\n|switch|p2a: woogerpon.|Ogerpon-Wellspring, F|100\/100\n|turn|3\n|\n|t:|1700776657\n|switch|p1a: Zapdos|Zapdos|100\/100\n|move|p2a: woogerpon.|Swords Dance|p2a: woogerpon.\n|-boost|p2a: woogerpon.|atk|2\n|\n|upkeep\n|turn|4\n|\n|t:|1700776661\n|move|p2a: woogerpon.|Ivy Cudgel|p1a: Zapdos|[anim] Ivy Cudgel Water\n|-damage|p1a: Zapdos|0 fnt\n|faint|p1a: Zapdos\n|\n|upkeep\n|\n|t:|1700776665\n|switch|p1a: Cinderace|Cinderace, F|100\/100\n|turn|5\n|j| dfghhhg\n|j| Jontrendline\n|\n|t:|1700776677\n|move|p1a: Cinderace|Will-O-Wisp|p2a: woogerpon.\n|-status|p2a: woogerpon.|brn\n|move|p2a: woogerpon.|Ivy Cudgel|p1a: Cinderace|[anim] Ivy Cudgel Water\n|-supereffective|p1a: Cinderace\n|-damage|p1a: Cinderace|0 fnt\n|faint|p1a: Cinderace\n|\n|-damage|p2a: woogerpon.|95\/100 brn|[from] brn\n|upkeep\n|\n|t:|1700776684\n|switch|p1a: Dragapult|Dragapult, F|78\/100\n|turn|6\n|\n|t:|1700776690\n|move|p1a: Dragapult|Draco Meteor|p2a: woogerpon.\n|-damage|p2a: woogerpon.|1\/100 brn\n|-unboost|p1a: Dragapult|spa|2\n|move|p2a: woogerpon.|Ivy Cudgel|p1a: Dragapult|[anim] Ivy Cudgel Water\n|-resisted|p1a: Dragapult\n|-damage|p1a: Dragapult|36\/100\n|\n|-damage|p2a: woogerpon.|0 fnt|[from] brn\n|faint|p2a: woogerpon.\n|upkeep\n|\n|t:|1700776705\n|switch|p2a: 2 twin tusks.|Great Tusk|100\/100\n|-enditem|p2a: 2 twin tusks.|Booster Energy\n|-activate|p2a: 2 twin tusks.|ability: Protosynthesis|[fromitem]\n|-start|p2a: 2 twin tusks.|protosynthesisspe\n|turn|7\n|\n|t:|1700776715\n|switch|p1a: Iron Valiant|Iron Valiant|100\/100\n|move|p2a: 2 twin tusks.|Earthquake|p1a: Iron Valiant\n|-damage|p1a: Iron Valiant|45\/100\n|\n|upkeep\n|turn|8\n|\n|t:|1700776723\n|-end|p2a: 2 twin tusks.|Protosynthesis|[silent]\n|switch|p2a: freebandgang.|Gholdengo|100\/100\n|move|p1a: Iron Valiant|Moonblast|p2a: freebandgang.\n|-resisted|p2a: freebandgang.\n|-damage|p2a: freebandgang.|76\/100\n|\n|-heal|p2a: freebandgang.|82\/100|[from] item: Leftovers\n|upkeep\n|turn|9\n|\n|t:|1700776727\n|move|p1a: Iron Valiant|Knock Off|p2a: freebandgang.\n|-supereffective|p2a: freebandgang.\n|-damage|p2a: freebandgang.|41\/100\n|-enditem|p2a: freebandgang.|Leftovers|[from] move: Knock Off|[of] p1a: Iron Valiant\n|move|p2a: freebandgang.|Thunder Wave|p1a: Iron Valiant\n|-status|p1a: Iron Valiant|par\n|\n|upkeep\n|turn|10\n|\n|t:|1700776731\n|move|p2a: freebandgang.|Recover|p2a: freebandgang.\n|-heal|p2a: freebandgang.|91\/100\n|move|p1a: Iron Valiant|Knock Off|p2a: freebandgang.\n|-supereffective|p2a: freebandgang.\n|-damage|p2a: freebandgang.|64\/100\n|\n|upkeep\n|turn|11\n|\n|t:|1700776734\n|move|p2a: freebandgang.|Recover|p2a: freebandgang.\n|-heal|p2a: freebandgang.|100\/100\n|move|p1a: Iron Valiant|Knock Off|p2a: freebandgang.\n|-supereffective|p2a: freebandgang.\n|-damage|p2a: freebandgang.|75\/100\n|\n|upkeep\n|turn|12\n|\n|t:|1700776736\n|move|p2a: freebandgang.|Hex|p1a: Iron Valiant\n|-damage|p1a: Iron Valiant|0 fnt\n|faint|p1a: Iron Valiant\n|-end|p1a: Iron Valiant|Quark Drive|[silent]\n|\n|upkeep\n|\n|t:|1700776740\n|switch|p1a: Dragapult|Dragapult, F|36\/100\n|turn|13\n|\n|t:|1700776745\n|-terastallize|p2a: freebandgang.|Flying\n|move|p1a: Dragapult|Shadow Ball|p2a: freebandgang.\n|-damage|p2a: freebandgang.|20\/100\n|move|p2a: freebandgang.|Hex|p1a: Dragapult\n|-supereffective|p1a: Dragapult\n|-damage|p1a: Dragapult|0 fnt\n|faint|p1a: Dragapult\n|\n|upkeep\n|\n|t:|1700776749\n|switch|p1a: Great Tusk|Great Tusk|100\/100\n|-enditem|p1a: Great Tusk|Booster Energy\n|-activate|p1a: Great Tusk|ability: Protosynthesis|[fromitem]\n|-start|p1a: Great Tusk|protosynthesisspe\n|turn|14\n|\n|t:|1700776775\n|switch|p2a: ocky rocky.|Glimmora, M|100\/100\n|move|p1a: Great Tusk|Ice Spinner|p2a: ocky rocky.\n|-damage|p2a: ocky rocky.|70\/100\n|-activate|p2a: ocky rocky.|ability: Toxic Debris\n|-sidestart|p1: Pokemh|move: Toxic Spikes\n|\n|upkeep\n|turn|15\n|\n|t:|1700776788\n|switch|p2a: freebandgang.|Gholdengo, tera:Flying|20\/100\n|move|p1a: Great Tusk|Headlong Rush|p2a: freebandgang.\n|-immune|p2a: freebandgang.\n|\n|upkeep\n|turn|16\n|\n|t:|1700776791\n|move|p1a: Great Tusk|Ice Spinner|p2a: freebandgang.\n|-supereffective|p2a: freebandgang.\n|-damage|p2a: freebandgang.|0 fnt\n|faint|p2a: freebandgang.\n|\n|upkeep\n|\n|t:|1700776795\n|switch|p2a: 2 twin tusks.|Great Tusk|100\/100\n|turn|17\n|\n|t:|1700776798\n|move|p1a: Great Tusk|Bulk Up|p1a: Great Tusk\n|-boost|p1a: Great Tusk|atk|1\n|-boost|p1a: Great Tusk|def|1\n|move|p2a: 2 twin tusks.|Bulk Up|p2a: 2 twin tusks.\n|-boost|p2a: 2 twin tusks.|atk|1\n|-boost|p2a: 2 twin tusks.|def|1\n|\n|upkeep\n|turn|18\n|\n|t:|1700776800\n|move|p1a: Great Tusk|Bulk Up|p1a: Great Tusk\n|-boost|p1a: Great Tusk|atk|1\n|-boost|p1a: Great Tusk|def|1\n|move|p2a: 2 twin tusks.|Bulk Up|p2a: 2 twin tusks.\n|-boost|p2a: 2 twin tusks.|atk|1\n|-boost|p2a: 2 twin tusks.|def|1\n|\n|upkeep\n|turn|19\n|\n|t:|1700776802\n|move|p1a: Great Tusk|Bulk Up|p1a: Great Tusk\n|-boost|p1a: Great Tusk|atk|1\n|-boost|p1a: Great Tusk|def|1\n|move|p2a: 2 twin tusks.|Bulk Up|p2a: 2 twin tusks.\n|-boost|p2a: 2 twin tusks.|atk|1\n|-boost|p2a: 2 twin tusks.|def|1\n|\n|upkeep\n|turn|20\n|\n|t:|1700776804\n|move|p1a: Great Tusk|Bulk Up|p1a: Great Tusk\n|-boost|p1a: Great Tusk|atk|1\n|-boost|p1a: Great Tusk|def|1\n|move|p2a: 2 twin tusks.|Bulk Up|p2a: 2 twin tusks.\n|-boost|p2a: 2 twin tusks.|atk|1\n|-boost|p2a: 2 twin tusks.|def|1\n|\n|upkeep\n|turn|21\n|\n|t:|1700776806\n|move|p1a: Great Tusk|Bulk Up|p1a: Great Tusk\n|-boost|p1a: Great Tusk|atk|1\n|-boost|p1a: Great Tusk|def|1\n|move|p2a: 2 twin tusks.|Bulk Up|p2a: 2 twin tusks.\n|-boost|p2a: 2 twin tusks.|atk|1\n|-boost|p2a: 2 twin tusks.|def|1\n|\n|upkeep\n|turn|22\n|\n|t:|1700776807\n|move|p1a: Great Tusk|Bulk Up|p1a: Great Tusk\n|-boost|p1a: Great Tusk|atk|1\n|-boost|p1a: Great Tusk|def|1\n|move|p2a: 2 twin tusks.|Bulk Up|p2a: 2 twin tusks.\n|-boost|p2a: 2 twin tusks.|atk|1\n|-boost|p2a: 2 twin tusks.|def|1\n|\n|upkeep\n|turn|23\n|\n|t:|1700776809\n|move|p1a: Great Tusk|Ice Spinner|p2a: 2 twin tusks.\n|-supereffective|p2a: 2 twin tusks.\n|-damage|p2a: 2 twin tusks.|71\/100\n|move|p2a: 2 twin tusks.|Ice Spinner|p1a: Great Tusk\n|-supereffective|p1a: Great Tusk\n|-damage|p1a: Great Tusk|72\/100\n|\n|upkeep\n|turn|24\n|\n|t:|1700776812\n|move|p1a: Great Tusk|Ice Spinner|p2a: 2 twin tusks.\n|-supereffective|p2a: 2 twin tusks.\n|-damage|p2a: 2 twin tusks.|44\/100\n|move|p2a: 2 twin tusks.|Ice Spinner|p1a: Great Tusk\n|-supereffective|p1a: Great Tusk\n|-damage|p1a: Great Tusk|45\/100\n|\n|upkeep\n|turn|25\n|\n|t:|1700776815\n|move|p1a: Great Tusk|Ice Spinner|p2a: 2 twin tusks.\n|-supereffective|p2a: 2 twin tusks.\n|-damage|p2a: 2 twin tusks.|15\/100\n|move|p2a: 2 twin tusks.|Ice Spinner|p1a: Great Tusk\n|-supereffective|p1a: Great Tusk\n|-damage|p1a: Great Tusk|18\/100\n|\n|upkeep\n|turn|26\n|\n|t:|1700776818\n|move|p1a: Great Tusk|Ice Spinner|p2a: 2 twin tusks.\n|-supereffective|p2a: 2 twin tusks.\n|-damage|p2a: 2 twin tusks.|0 fnt\n|faint|p2a: 2 twin tusks.\n|-end|p2a: 2 twin tusks.|Protosynthesis|[silent]\n|\n|upkeep\n|\n|t:|1700776822\n|switch|p2a: skillgambit.|Kingambit, M|100\/100\n|-activate|p2a: skillgambit.|ability: Supreme Overlord\n|-start|p2a: skillgambit.|fallen4|[silent]\n|turn|27\n|\n|t:|1700776829\n|move|p2a: skillgambit.|Sucker Punch|p1a: Great Tusk\n|-resisted|p1a: Great Tusk\n|-damage|p1a: Great Tusk|14\/100\n|move|p1a: Great Tusk|Headlong Rush|p2a: skillgambit.\n|-supereffective|p2a: skillgambit.\n|-damage|p2a: skillgambit.|0 fnt\n|-unboost|p1a: Great Tusk|def|1\n|-unboost|p1a: Great Tusk|spd|1\n|faint|p2a: skillgambit.\n|-end|p2a: skillgambit.|fallen4|[silent]\n|\n|upkeep\n|c|\u2606localdealerr|gg\n|\n|t:|1700776834\n|switch|p2a: ocky rocky.|Glimmora, M|70\/100\n|turn|28\n|\n|t:|1700776842\n|-terastallize|p1a: Great Tusk|Poison\n|move|p1a: Great Tusk|Headlong Rush|p2a: ocky rocky.\n|-supereffective|p2a: ocky rocky.\n|-damage|p2a: ocky rocky.|0 fnt\n|-unboost|p1a: Great Tusk|def|1\n|-unboost|p1a: Great Tusk|spd|1\n|-activate|p2a: ocky rocky.|ability: Toxic Debris\n|-sidestart|p1: Pokemh|move: Toxic Spikes\n|faint|p2a: ocky rocky.\n|\n|win|Pokemh\n|raw|Pokemh's rating: 1687 &rarr; <strong>1711<\/strong><br \/>(+24 for winning)\n|raw|localdealerr's rating: 1756 &rarr; <strong>1732<\/strong><br \/>(-24 for losing)\n|l|\u2606localdealerr\n","uploadtime":1700776864,"views":2,"p1id":"pokemh","p2id":"localdealerr","formatid":"gen9ou","rating":1711,"private":0,"password":""}