{"id":"gen9ou-1995354314","p1":"angrymuku","p2":"manaphymoments","format":"[Gen 9] OU","log":"|j|\u2606angrymuku\n|j|\u2606manaphymoments\n|t:|1700558795\n|gametype|singles\n|player|p1|angrymuku|265|1165\n|player|p2|manaphymoments|riley|1294\n|teamsize|p1|6\n|teamsize|p2|6\n|gen|9\n|tier|[Gen 9] OU\n|rated|\n|rule|Sleep Clause Mod: Limit one foe put to sleep\n|rule|Species Clause: Limit one of each Pok\u00e9mon\n|rule|OHKO Clause: OHKO moves are banned\n|rule|Evasion Items Clause: Evasion items are banned\n|rule|Evasion Moves Clause: Evasion moves are banned\n|rule|Endless Battle Clause: Forcing endless battles is banned\n|rule|HP Percentage Mod: HP is shown in percentages\n|clearpoke\n|poke|p1|Grafaiai, F|\n|poke|p1|Basculin-Blue-Striped, F|\n|poke|p1|Polteageist-Antique|\n|poke|p1|Mimikyu, M|\n|poke|p1|Qwilfish-Hisui, F|\n|poke|p1|Mew|\n|poke|p2|Cresselia, F|\n|poke|p2|Garganacl, M|\n|poke|p2|Great Tusk|\n|poke|p2|Zamazenta-*|\n|poke|p2|Iron Moth|\n|poke|p2|Kingambit, F|\n|teampreview\n|c|\u2606manaphymoments|hf\n|\n|t:|1700558829\n|start\n|switch|p1a: Mew|Mew|100\/100\n|switch|p2a: Great Tusk|Great Tusk|100\/100\n|turn|1\n|\n|t:|1700558839\n|-end|p2a: Great Tusk|Protosynthesis|[silent]\n|switch|p2a: Kingambit|Kingambit, F, shiny|100\/100\n|move|p1a: Mew|Imprison|p1a: Mew\n|-start|p1a: Mew|move: Imprison\n|\n|upkeep\n|turn|2\n|\n|t:|1700558849\n|move|p1a: Mew|Transform|p2a: Kingambit\n|-transform|p1a: Mew|p2a: Kingambit\n|cant|p2a: Kingambit|move: Imprison|Swords Dance\n|\n|upkeep\n|turn|3\n|\n|t:|1700558858\n|-end|p2a: Kingambit|fallenundefined|[silent]\n|switch|p2a: Great Tusk|Great Tusk|100\/100\n|move|p1a: Mew|Swords Dance|p1a: Mew\n|-boost|p1a: Mew|atk|2\n|\n|upkeep\n|turn|4\n|\n|t:|1700558870\n|-terastallize|p1a: Mew|Bug\n|move|p2a: Great Tusk|Stealth Rock|p1a: Mew\n|-sidestart|p1: angrymuku|move: Stealth Rock\n|move|p1a: Mew|Swords Dance|p1a: Mew\n|-boost|p1a: Mew|atk|2\n|\n|upkeep\n|turn|5\n|\n|t:|1700558878\n|move|p2a: Great Tusk|Ice Spinner|p1a: Mew\n|-damage|p1a: Mew|80\/100\n|move|p1a: Mew|Iron Head|p2a: Great Tusk\n|-damage|p2a: Great Tusk|31\/100\n|\n|-heal|p1a: Mew|86\/100|[from] item: Leftovers\n|upkeep\n|turn|6\n|\n|t:|1700558887\n|move|p2a: Great Tusk|Ice Spinner|p1a: Mew\n|-damage|p1a: Mew|65\/100\n|move|p1a: Mew|Iron Head|p2a: Great Tusk\n|-crit|p2a: Great Tusk\n|-damage|p2a: Great Tusk|0 fnt\n|faint|p2a: Great Tusk\n|-end|p2a: Great Tusk|Protosynthesis|[silent]\n|\n|-heal|p1a: Mew|71\/100|[from] item: Leftovers\n|upkeep\n|\n|t:|1700558893\n|switch|p2a: Iron Moth|Iron Moth|100\/100\n|-enditem|p2a: Iron Moth|Booster Energy\n|-activate|p2a: Iron Moth|ability: Quark Drive|[fromitem]\n|-start|p2a: Iron Moth|quarkdrivespe\n|turn|7\n|\n|t:|1700558898\n|move|p1a: Mew|Sucker Punch||[still]\n|-fail|p1a: Mew\n|move|p2a: Iron Moth|Substitute|p2a: Iron Moth\n|-start|p2a: Iron Moth|Substitute\n|-damage|p2a: Iron Moth|76\/100\n|\n|-heal|p1a: Mew|78\/100|[from] item: Leftovers\n|upkeep\n|turn|8\n|\n|t:|1700558906\n|move|p2a: Iron Moth|Fiery Dance|p1a: Mew\n|-supereffective|p1a: Mew\n|-damage|p1a: Mew|0 fnt\n|faint|p1a: Mew\n|-end|p1a: Mew|fallenundefined|[silent]\n|\n|upkeep\n|\n|t:|1700558919\n|switch|p1a: Basculin|Basculin-Blue-Striped, F, shiny|100\/100\n|-damage|p1a: Basculin|88\/100|[from] Stealth Rock\n|turn|9\n|\n|t:|1700558929\n|move|p1a: Basculin|Aqua Jet|p2a: Iron Moth\n|-supereffective|p2a: Iron Moth\n|-end|p2a: Iron Moth|Substitute\n|move|p2a: Iron Moth|Energy Ball|p1a: Basculin\n|-supereffective|p1a: Basculin\n|-damage|p1a: Basculin|0 fnt\n|faint|p1a: Basculin\n|\n|upkeep\n|\n|t:|1700558946\n|switch|p1a: Mimikyu|Mimikyu, M|100\/100\n|-damage|p1a: Mimikyu|88\/100|[from] Stealth Rock\n|turn|10\n|\n|t:|1700558952\n|move|p2a: Iron Moth|Sludge Wave|p1a: Mimikyu\n|-activate|p1a: Mimikyu|ability: Disguise\n|-damage|p1a: Mimikyu|88\/100\n|detailschange|p1a: Mimikyu|Mimikyu-Busted, M\n|-damage|p1a: Mimikyu|76\/100|[from] pokemon: Mimikyu-Busted\n|move|p1a: Mimikyu|Curse|p2a: Iron Moth\n|-start|p2a: Iron Moth|Curse|[of] p1a: Mimikyu\n|-damage|p1a: Mimikyu|26\/100\n|\n|-heal|p1a: Mimikyu|32\/100|[from] item: Leftovers\n|-damage|p2a: Iron Moth|51\/100|[from] Curse\n|upkeep\n|turn|11\n|\n|t:|1700558963\n|switch|p1a: Grafaiai|Grafaiai, F|100\/100\n|-damage|p1a: Grafaiai|88\/100|[from] Stealth Rock\n|move|p2a: Iron Moth|Fiery Dance|p1a: Grafaiai\n|-damage|p1a: Grafaiai|53\/100\n|-boost|p2a: Iron Moth|spa|1\n|\n|-heal|p1a: Grafaiai|59\/100|[from] item: Black Sludge\n|-damage|p2a: Iron Moth|26\/100|[from] Curse\n|upkeep\n|turn|12\n|\n|t:|1700558974\n|move|p1a: Grafaiai|Parting Shot|p2a: Iron Moth\n|-unboost|p2a: Iron Moth|atk|1\n|-unboost|p2a: Iron Moth|spa|1\n|\n|t:|1700558978\n|switch|p1a: Polteageist|Polteageist-Antique, shiny|100\/100|[from] Parting Shot\n|-damage|p1a: Polteageist|88\/100|[from] Stealth Rock\n|move|p2a: Iron Moth|Fiery Dance|p1a: Polteageist\n|-damage|p1a: Polteageist|41\/100\n|-boost|p2a: Iron Moth|spa|1\n|\n|-damage|p2a: Iron Moth|1\/100|[from] Curse\n|upkeep\n|turn|13\n|\n|t:|1700558988\n|switch|p1a: Qwilfish|Qwilfish-Hisui, F|100\/100\n|-damage|p1a: Qwilfish|88\/100|[from] Stealth Rock\n|-ability|p1a: Qwilfish|Intimidate|boost\n|-unboost|p2a: Iron Moth|atk|1\n|move|p2a: Iron Moth|Fiery Dance|p1a: Qwilfish\n|-damage|p1a: Qwilfish|32\/100\n|\n|-damage|p2a: Iron Moth|0 fnt|[from] Curse\n|faint|p2a: Iron Moth\n|-end|p2a: Iron Moth|Quark Drive|[silent]\n|upkeep\n|\n|t:|1700559004\n|switch|p2a: Kingambit|Kingambit, F, shiny|100\/100\n|-activate|p2a: Kingambit|ability: Supreme Overlord\n|-start|p2a: Kingambit|fallen2|[silent]\n|turn|14\n|c|\u2606angrymuku|yea jump off a cliff with that iron moth\n|-message|angrymuku forfeited.\n|\n|win|manaphymoments\n|raw|angrymuku's rating: 1165 &rarr; <strong>1149<\/strong><br \/>(-16 for losing)\n|raw|manaphymoments's rating: 1294 &rarr; <strong>1310<\/strong><br \/>(+16 for winning)\n|l|\u2606angrymuku\n","uploadtime":1700559023,"views":1,"p1id":"angrymuku","p2id":"manaphymoments","formatid":"gen9ou","rating":1149,"private":0,"password":""}