{"id":"gen9ou-1992321485","p1":"S3PP1","p2":"MasterUrShifu29","format":"[Gen 9] OU","log":"|j|\u2606S3PP1\n|j|\u2606MasterUrShifu29\n|t:|1700174478\n|gametype|singles\n|player|p1|S3PP1|chuck|1106\n|player|p2|MasterUrShifu29|265|1112\n|teamsize|p1|6\n|teamsize|p2|6\n|gen|9\n|tier|[Gen 9] OU\n|rated|\n|rule|Sleep Clause Mod: Limit one foe put to sleep\n|rule|Species Clause: Limit one of each Pok\u00e9mon\n|rule|OHKO Clause: OHKO moves are banned\n|rule|Evasion Items Clause: Evasion items are banned\n|rule|Evasion Moves Clause: Evasion moves are banned\n|rule|Endless Battle Clause: Forcing endless battles is banned\n|rule|HP Percentage Mod: HP is shown in percentages\n|clearpoke\n|poke|p1|Samurott-Hisui, M|\n|poke|p1|Rillaboom, M|\n|poke|p1|Brambleghast, M|\n|poke|p1|Zamazenta-*|\n|poke|p1|Sneasler, M|\n|poke|p1|Great Tusk|\n|poke|p2|Clodsire, F|\n|poke|p2|Dondozo, M|\n|poke|p2|Alomomola, F|\n|poke|p2|Talonflame, M|\n|poke|p2|Toxapex, M|\n|poke|p2|Blissey, F|\n|teampreview\n|inactive|Battle timer is ON: inactive players will automatically lose when time's up. (requested by S3PP1)\n|\n|t:|1700174483\n|start\n|switch|p1a: Rillaboom|Rillaboom, M|100\/100\n|switch|p2a: Toxapex|Toxapex, M|100\/100\n|-fieldstart|move: Grassy Terrain|[from] ability: Grassy Surge|[of] p1a: Rillaboom\n|turn|1\n|\n|t:|1700174490\n|-terastallize|p2a: Toxapex|Fairy\n|move|p1a: Rillaboom|U-turn|p2a: Toxapex\n|-resisted|p2a: Toxapex\n|-damage|p2a: Toxapex|93\/100\n|\n|t:|1700174495\n|switch|p1a: Zamazenta|Zamazenta|100\/100|[from] U-turn\n|-ability|p1a: Zamazenta|Dauntless Shield|boost\n|-boost|p1a: Zamazenta|def|1\n|-enditem|p1a: Zamazenta|Grassy Seed\n|-boost|p1a: Zamazenta|def|1|[from] item: Grassy Seed\n|move|p2a: Toxapex|Infestation|p1a: Zamazenta\n|-resisted|p1a: Zamazenta\n|-damage|p1a: Zamazenta|99\/100\n|-activate|p1a: Zamazenta|move: Infestation|[of] p2a: Toxapex\n|\n|-heal|p1a: Zamazenta|100\/100|[from] Grassy Terrain\n|-heal|p2a: Toxapex|99\/100|[from] Grassy Terrain\n|-damage|p1a: Zamazenta|88\/100|[from] move: Infestation|[partiallytrapped]\n|upkeep\n|turn|2\n|\n|t:|1700174507\n|-terastallize|p1a: Zamazenta|Steel\n|move|p1a: Zamazenta|Trailblaze|p2a: Toxapex\n|-damage|p2a: Toxapex|85\/100\n|-boost|p1a: Zamazenta|spe|1\n|move|p2a: Toxapex|Toxic|p1a: Zamazenta|[miss]\n|-miss|p2a: Toxapex|p1a: Zamazenta\n|\n|-heal|p1a: Zamazenta|94\/100|[from] Grassy Terrain\n|-heal|p2a: Toxapex|91\/100|[from] Grassy Terrain\n|-damage|p1a: Zamazenta|82\/100|[from] move: Infestation|[partiallytrapped]\n|upkeep\n|turn|3\n|\n|t:|1700174519\n|move|p1a: Zamazenta|Heavy Slam|p2a: Toxapex\n|-supereffective|p2a: Toxapex\n|-damage|p2a: Toxapex|17\/100\n|move|p2a: Toxapex|Haze|p2a: Toxapex\n|-clearallboost\n|\n|-heal|p1a: Zamazenta|88\/100|[from] Grassy Terrain\n|-heal|p2a: Toxapex|24\/100|[from] Grassy Terrain\n|-damage|p1a: Zamazenta|76\/100|[from] move: Infestation|[partiallytrapped]\n|upkeep\n|turn|4\n|\n|t:|1700174529\n|switch|p2a: Talonflame|Talonflame, M|100\/100\n|move|p1a: Zamazenta|Heavy Slam|p2a: Talonflame\n|-resisted|p2a: Talonflame\n|-damage|p2a: Talonflame|71\/100\n|\n|-heal|p1a: Zamazenta|82\/100|[from] Grassy Terrain\n|-end|p1a: Zamazenta|Infestation|[partiallytrapped]|[silent]\n|upkeep\n|turn|5\n|\n|t:|1700174541\n|switch|p1a: Samurott|Samurott-Hisui, M, shiny|100\/100\n|move|p2a: Talonflame|Will-O-Wisp|p1a: Samurott\n|-status|p1a: Samurott|brn\n|\n|-damage|p1a: Samurott|94\/100 brn|[from] brn\n|-fieldend|move: Grassy Terrain\n|upkeep\n|turn|6\n|\n|t:|1700174557\n|switch|p2a: Dondozo|Dondozo, M|100\/100\n|move|p1a: Samurott|Razor Shell|p2a: Dondozo\n|-resisted|p2a: Dondozo\n|-damage|p2a: Dondozo|95\/100\n|\n|-damage|p1a: Samurott|88\/100 brn|[from] brn\n|upkeep\n|turn|7\n|\n|t:|1700174564\n|move|p1a: Samurott|Knock Off|p2a: Dondozo\n|-damage|p2a: Dondozo|84\/100\n|-enditem|p2a: Dondozo|Heavy-Duty Boots|[from] move: Knock Off|[of] p1a: Samurott\n|move|p2a: Dondozo|Body Press|p1a: Samurott\n|-supereffective|p1a: Samurott\n|-damage|p1a: Samurott|12\/100 brn\n|\n|-damage|p1a: Samurott|5\/100 brn|[from] brn\n|upkeep\n|turn|8\n|\n|t:|1700174581\n|move|p1a: Samurott|Ceaseless Edge|p2a: Dondozo\n|-damage|p2a: Dondozo|75\/100\n|-sidestart|p2: MasterUrShifu29|Spikes\n|move|p2a: Dondozo|Liquidation|p1a: Samurott\n|-resisted|p1a: Samurott\n|-damage|p1a: Samurott|0 fnt\n|faint|p1a: Samurott\n|\n|upkeep\n|\n|t:|1700174586\n|switch|p1a: Brambleghast|Brambleghast, M|100\/100\n|turn|9\n|\n|t:|1700174595\n|switch|p2a: Toxapex|Toxapex, M, tera:Fairy|57\/100\n|move|p1a: Brambleghast|Bullet Seed|p2a: Toxapex\n|-damage|p2a: Toxapex|49\/100\n|-damage|p2a: Toxapex|41\/100\n|-damage|p2a: Toxapex|32\/100\n|-crit|p2a: Toxapex\n|-damage|p2a: Toxapex|19\/100\n|-hitcount|p2a: Toxapex|4\n|\n|upkeep\n|turn|10\n|\n|t:|1700174611\n|switch|p2a: Talonflame|Talonflame, M|71\/100\n|move|p1a: Brambleghast|Bullet Seed|p2a: Talonflame\n|-resisted|p2a: Talonflame\n|-damage|p2a: Talonflame|68\/100\n|-resisted|p2a: Talonflame\n|-damage|p2a: Talonflame|65\/100\n|-resisted|p2a: Talonflame\n|-damage|p2a: Talonflame|62\/100\n|-resisted|p2a: Talonflame\n|-damage|p2a: Talonflame|59\/100\n|-hitcount|p2a: Talonflame|4\n|\n|upkeep\n|turn|11\n|\n|t:|1700174621\n|move|p2a: Talonflame|Roost|p2a: Talonflame\n|-heal|p2a: Talonflame|100\/100\n|-singleturn|p2a: Talonflame|move: Roost\n|move|p1a: Brambleghast|Poltergeist|p2a: Talonflame\n|-activate|p2a: Talonflame|move: Poltergeist|Heavy-Duty Boots\n|-damage|p2a: Talonflame|39\/100\n|\n|upkeep\n|turn|12\n|\n|t:|1700174631\n|move|p2a: Talonflame|Flamethrower|p1a: Brambleghast\n|-supereffective|p1a: Brambleghast\n|-damage|p1a: Brambleghast|7\/100\n|move|p1a: Brambleghast|Poltergeist|p2a: Talonflame\n|-activate|p2a: Talonflame|move: Poltergeist|Heavy-Duty Boots\n|-damage|p2a: Talonflame|0 fnt\n|faint|p2a: Talonflame\n|\n|upkeep\n|\n|t:|1700174646\n|switch|p2a: Toxapex|Toxapex, M, tera:Fairy|52\/100\n|turn|13\n|\n|t:|1700174649\n|switch|p2a: Blissey|Blissey, F|100\/100\n|move|p1a: Brambleghast|Poltergeist|p2a: Blissey\n|-immune|p2a: Blissey\n|\n|upkeep\n|turn|14\n|\n|t:|1700174660\n|move|p1a: Brambleghast|Bullet Seed|p2a: Blissey\n|-crit|p2a: Blissey\n|-damage|p2a: Blissey|63\/100\n|-damage|p2a: Blissey|37\/100\n|-damage|p2a: Blissey|11\/100\n|-crit|p2a: Blissey\n|-damage|p2a: Blissey|0 fnt\n|faint|p2a: Blissey\n|-hitcount|p2: Blissey|4\n|\n|upkeep\n|\n|t:|1700174669\n|switch|p2a: Toxapex|Toxapex, M, tera:Fairy|85\/100\n|turn|15\n|\n|t:|1700174673\n|move|p1a: Brambleghast|Strength Sap|p2a: Toxapex\n|-unboost|p2a: Toxapex|atk|1\n|-heal|p1a: Brambleghast|53\/100\n|move|p2a: Toxapex|Infestation|p1a: Brambleghast\n|-damage|p1a: Brambleghast|48\/100\n|-activate|p1a: Brambleghast|move: Infestation|[of] p2a: Toxapex\n|\n|-damage|p1a: Brambleghast|35\/100|[from] move: Infestation|[partiallytrapped]\n|upkeep\n|turn|16\n|\n|t:|1700174684\n|move|p1a: Brambleghast|Bullet Seed|p2a: Toxapex\n|-damage|p2a: Toxapex|77\/100\n|-damage|p2a: Toxapex|68\/100\n|-damage|p2a: Toxapex|59\/100\n|-damage|p2a: Toxapex|51\/100\n|-damage|p2a: Toxapex|43\/100\n|-hitcount|p2a: Toxapex|5\n|move|p2a: Toxapex|Recover|p2a: Toxapex\n|-heal|p2a: Toxapex|93\/100\n|\n|-damage|p1a: Brambleghast|23\/100|[from] move: Infestation|[partiallytrapped]\n|upkeep\n|turn|17\n|\n|t:|1700174700\n|move|p1a: Brambleghast|Poltergeist|p2a: Toxapex\n|-activate|p2a: Toxapex|move: Poltergeist|Heavy-Duty Boots\n|-damage|p2a: Toxapex|56\/100\n|move|p2a: Toxapex|Toxic|p1a: Brambleghast\n|-status|p1a: Brambleghast|tox\n|\n|-damage|p1a: Brambleghast|17\/100 tox|[from] psn\n|-damage|p1a: Brambleghast|5\/100 tox|[from] move: Infestation|[partiallytrapped]\n|upkeep\n|turn|18\n|\n|t:|1700174711\n|move|p1a: Brambleghast|Bullet Seed|p2a: Toxapex\n|-crit|p2a: Toxapex\n|-damage|p2a: Toxapex|44\/100\n|-damage|p2a: Toxapex|36\/100\n|-damage|p2a: Toxapex|28\/100\n|-damage|p2a: Toxapex|20\/100\n|-damage|p2a: Toxapex|12\/100\n|-hitcount|p2a: Toxapex|5\n|move|p2a: Toxapex|Recover|p2a: Toxapex\n|-heal|p2a: Toxapex|62\/100\n|\n|-damage|p1a: Brambleghast|0 fnt|[from] psn\n|faint|p1a: Brambleghast\n|upkeep\n|\n|t:|1700174723\n|switch|p1a: Rillaboom|Rillaboom, M|100\/100\n|-fieldstart|move: Grassy Terrain|[from] ability: Grassy Surge|[of] p1a: Rillaboom\n|turn|19\n|\n|t:|1700174728\n|move|p1a: Rillaboom|U-turn|p2a: Toxapex\n|-resisted|p2a: Toxapex\n|-damage|p2a: Toxapex|55\/100\n|\n|t:|1700174731\n|switch|p1a: Zamazenta|Zamazenta, tera:Steel|82\/100|[from] U-turn\n|move|p2a: Toxapex|Infestation|p1a: Zamazenta\n|-resisted|p1a: Zamazenta\n|-damage|p1a: Zamazenta|81\/100\n|-activate|p1a: Zamazenta|move: Infestation|[of] p2a: Toxapex\n|\n|-heal|p1a: Zamazenta|87\/100|[from] Grassy Terrain\n|-heal|p2a: Toxapex|61\/100|[from] Grassy Terrain\n|-damage|p1a: Zamazenta|75\/100|[from] move: Infestation|[partiallytrapped]\n|upkeep\n|turn|20\n|\n|t:|1700174753\n|switch|p2a: Clodsire|Clodsire, F|100\/100\n|move|p1a: Zamazenta|Heavy Slam|p2a: Clodsire\n|-damage|p2a: Clodsire|78\/100\n|\n|-heal|p1a: Zamazenta|81\/100|[from] Grassy Terrain\n|-heal|p2a: Clodsire|85\/100|[from] Grassy Terrain\n|-end|p1a: Zamazenta|Infestation|[partiallytrapped]|[silent]\n|upkeep\n|turn|21\n|\n|t:|1700174763\n|switch|p1a: Great Tusk|Great Tusk|100\/100\n|-enditem|p1a: Great Tusk|Booster Energy\n|-activate|p1a: Great Tusk|ability: Protosynthesis|[fromitem]\n|-start|p1a: Great Tusk|protosynthesisatk\n|move|p2a: Clodsire|Earthquake|p1a: Great Tusk\n|-damage|p1a: Great Tusk|91\/100\n|\n|-heal|p1a: Great Tusk|98\/100|[from] Grassy Terrain\n|-heal|p2a: Clodsire|91\/100|[from] Grassy Terrain\n|upkeep\n|turn|22\n|\n|t:|1700174774\n|move|p1a: Great Tusk|Headlong Rush|p2a: Clodsire\n|-supereffective|p2a: Clodsire\n|-damage|p2a: Clodsire|0 fnt\n|-unboost|p1a: Great Tusk|def|1\n|-unboost|p1a: Great Tusk|spd|1\n|faint|p2a: Clodsire\n|\n|-heal|p1a: Great Tusk|100\/100|[from] Grassy Terrain\n|upkeep\n|\n|t:|1700174781\n|switch|p2a: Alomomola|Alomomola, F|100\/100\n|turn|23\n|\n|t:|1700174784\n|move|p1a: Great Tusk|Rapid Spin|p2a: Alomomola\n|-damage|p2a: Alomomola|86\/100\n|-boost|p1a: Great Tusk|spe|1\n|move|p2a: Alomomola|Whirlpool|p1a: Great Tusk\n|-supereffective|p1a: Great Tusk\n|-damage|p1a: Great Tusk|75\/100\n|-activate|p1a: Great Tusk|move: Whirlpool|[of] p2a: Alomomola\n|\n|-heal|p1a: Great Tusk|81\/100|[from] Grassy Terrain\n|-heal|p2a: Alomomola|92\/100|[from] Grassy Terrain\n|-damage|p1a: Great Tusk|69\/100|[from] move: Whirlpool|[partiallytrapped]\n|-fieldend|move: Grassy Terrain\n|upkeep\n|turn|24\n|\n|t:|1700174797\n|move|p1a: Great Tusk|Close Combat|p2a: Alomomola\n|-damage|p2a: Alomomola|46\/100\n|-unboost|p1a: Great Tusk|def|1\n|-unboost|p1a: Great Tusk|spd|1\n|move|p2a: Alomomola|Chilling Water|p1a: Great Tusk\n|-supereffective|p1a: Great Tusk\n|-damage|p1a: Great Tusk|23\/100\n|-unboost|p1a: Great Tusk|atk|1\n|\n|-damage|p1a: Great Tusk|11\/100|[from] move: Whirlpool|[partiallytrapped]\n|upkeep\n|turn|25\n|\n|t:|1700174811\n|move|p2a: Alomomola|Protect|p2a: Alomomola\n|-singleturn|p2a: Alomomola|Protect\n|move|p1a: Great Tusk|Close Combat|p2a: Alomomola\n|-activate|p2a: Alomomola|move: Protect\n|\n|-damage|p1a: Great Tusk|0 fnt|[from] move: Whirlpool|[partiallytrapped]\n|faint|p1a: Great Tusk\n|-end|p1a: Great Tusk|Protosynthesis|[silent]\n|upkeep\n|\n|t:|1700174816\n|switch|p1a: Rillaboom|Rillaboom, M|100\/100\n|-fieldstart|move: Grassy Terrain|[from] ability: Grassy Surge|[of] p1a: Rillaboom\n|turn|26\n|\n|t:|1700174827\n|move|p1a: Rillaboom|Drum Beating|p2a: Alomomola\n|-supereffective|p2a: Alomomola\n|-crit|p2a: Alomomola\n|-damage|p2a: Alomomola|0 fnt\n|faint|p2a: Alomomola\n|\n|upkeep\n|\n|t:|1700174832\n|switch|p2a: Toxapex|Toxapex, M, tera:Fairy|94\/100\n|turn|27\n|\n|t:|1700174836\n|move|p1a: Rillaboom|U-turn|p2a: Toxapex\n|-resisted|p2a: Toxapex\n|-damage|p2a: Toxapex|87\/100\n|\n|t:|1700174844\n|switch|p1a: Sneasler|Sneasler, M|100\/100|[from] U-turn\n|-enditem|p1a: Sneasler|Grassy Seed\n|-boost|p1a: Sneasler|def|1|[from] item: Grassy Seed\n|move|p2a: Toxapex|Infestation|p1a: Sneasler\n|-resisted|p1a: Sneasler\n|-damage|p1a: Sneasler|99\/100\n|-activate|p1a: Sneasler|move: Infestation|[of] p2a: Toxapex\n|\n|-heal|p1a: Sneasler|100\/100|[from] Grassy Terrain\n|-heal|p2a: Toxapex|93\/100|[from] Grassy Terrain\n|-damage|p1a: Sneasler|88\/100|[from] move: Infestation|[partiallytrapped]\n|upkeep\n|turn|28\n|\n|t:|1700174860\n|move|p1a: Sneasler|Swords Dance|p1a: Sneasler\n|-boost|p1a: Sneasler|atk|2\n|move|p2a: Toxapex|Recover|p2a: Toxapex\n|-heal|p2a: Toxapex|100\/100\n|\n|-heal|p1a: Sneasler|94\/100|[from] Grassy Terrain\n|-damage|p1a: Sneasler|82\/100|[from] move: Infestation|[partiallytrapped]\n|upkeep\n|turn|29\n|\n|t:|1700174867\n|move|p1a: Sneasler|Dire Claw|p2a: Toxapex\n|-supereffective|p2a: Toxapex\n|-damage|p2a: Toxapex|0 fnt\n|faint|p2a: Toxapex\n|\n|-heal|p1a: Sneasler|88\/100|[from] Grassy Terrain\n|-end|p1a: Sneasler|Infestation|[partiallytrapped]|[silent]\n|upkeep\n|\n|t:|1700174874\n|switch|p2a: Dondozo|Dondozo, M|75\/100\n|-damage|p2a: Dondozo|63\/100|[from] Spikes\n|turn|30\n|c|\u2606MasterUrShifu29|gg\n|\n|t:|1700174879\n|move|p1a: Sneasler|Dire Claw|p2a: Dondozo\n|-crit|p2a: Dondozo\n|-damage|p2a: Dondozo|32\/100\n|move|p2a: Dondozo|Body Press|p1a: Sneasler\n|-resisted|p1a: Sneasler\n|-damage|p1a: Sneasler|64\/100\n|\n|-heal|p1a: Sneasler|70\/100|[from] Grassy Terrain\n|-heal|p2a: Dondozo|38\/100|[from] Grassy Terrain\n|-fieldend|move: Grassy Terrain\n|upkeep\n|turn|31\n|c|\u2606S3PP1|gg\n|\n|t:|1700174889\n|move|p1a: Sneasler|Dire Claw|p2a: Dondozo\n|-damage|p2a: Dondozo|17\/100\n|move|p2a: Dondozo|Liquidation|p1a: Sneasler\n|-damage|p1a: Sneasler|16\/100\n|\n|upkeep\n|turn|32\n|\n|t:|1700174895\n|move|p1a: Sneasler|Dire Claw|p2a: Dondozo\n|-damage|p2a: Dondozo|0 fnt\n|faint|p2a: Dondozo\n|\n|win|S3PP1\n|raw|S3PP1's rating: 1106 &rarr; <strong>1131<\/strong><br \/>(+25 for winning)\n|raw|MasterUrShifu29's rating: 1112 &rarr; <strong>1087<\/strong><br \/>(-25 for losing)\n","uploadtime":1700174900,"views":28,"p1id":"s3pp1","p2id":"masterurshifu29","formatid":"gen9ou","rating":1087,"private":0,"password":""}