{"id":"gen9ou-2000526914","p1":"hightopfade69","p2":"Wafflesthe3rd","format":"[Gen 9] OU","log":"|j|\u2606hightopfade69\n|j|\u2606Wafflesthe3rd\n|t:|1701202350\n|gametype|singles\n|player|p1|hightopfade69|169|1052\n|player|p2|Wafflesthe3rd|blue|1082\n|teamsize|p1|6\n|teamsize|p2|6\n|gen|9\n|tier|[Gen 9] OU\n|rated|\n|rule|Sleep Clause Mod: Limit one foe put to sleep\n|rule|Species Clause: Limit one of each Pok\u00e9mon\n|rule|OHKO Clause: OHKO moves are banned\n|rule|Evasion Items Clause: Evasion items are banned\n|rule|Evasion Moves Clause: Evasion moves are banned\n|rule|Endless Battle Clause: Forcing endless battles is banned\n|rule|HP Percentage Mod: HP is shown in percentages\n|clearpoke\n|poke|p1|Dragapult, M|\n|poke|p1|Ceruledge, M|\n|poke|p1|Chandelure, F|\n|poke|p1|Gholdengo|\n|poke|p1|Zoroark-Hisui, M|\n|poke|p1|Sinistcha|\n|poke|p2|Rillaboom, M|\n|poke|p2|Torkoal, M|\n|poke|p2|Scovillain, F|\n|poke|p2|Walking Wake|\n|poke|p2|Iron Moth|\n|poke|p2|Kommo-o, F|\n|teampreview\n|inactive|Battle timer is ON: inactive players will automatically lose when time's up. (requested by Wafflesthe3rd)\n|\n|t:|1701202374\n|start\n|switch|p1a: Chandelure|Chandelure, F|100\/100\n|switch|p2a: Rillaboom|Rillaboom, M|100\/100\n|-fieldstart|move: Grassy Terrain|[from] ability: Grassy Surge|[of] p2a: Rillaboom\n|turn|1\n|\n|t:|1701202381\n|move|p1a: Chandelure|Flamethrower|p2a: Rillaboom\n|-supereffective|p2a: Rillaboom\n|-damage|p2a: Rillaboom|0 fnt\n|faint|p2a: Rillaboom\n|\n|upkeep\n|\n|t:|1701202385\n|switch|p2a: Torkoal|Torkoal, M|100\/100\n|-weather|SunnyDay|[from] ability: Drought|[of] p2a: Torkoal\n|turn|2\n|\n|t:|1701202390\n|move|p1a: Chandelure|Flamethrower|p2a: Torkoal\n|-resisted|p2a: Torkoal\n|-damage|p2a: Torkoal|47\/100\n|move|p2a: Torkoal|Stealth Rock|p1a: Chandelure\n|-sidestart|p1: hightopfade69|move: Stealth Rock\n|\n|-weather|SunnyDay|[upkeep]\n|-heal|p2a: Torkoal|53\/100|[from] Grassy Terrain\n|upkeep\n|turn|3\n|\n|t:|1701202397\n|move|p1a: Chandelure|Flamethrower|p2a: Torkoal\n|-resisted|p2a: Torkoal\n|-damage|p2a: Torkoal|0 fnt\n|faint|p2a: Torkoal\n|\n|-weather|SunnyDay|[upkeep]\n|upkeep\n|\n|t:|1701202404\n|switch|p2a: Walking Wake|Walking Wake|100\/100\n|-activate|p2a: Walking Wake|ability: Protosynthesis\n|-start|p2a: Walking Wake|protosynthesisspa\n|turn|4\n|\n|t:|1701202414\n|switch|p1a: Gholdengo|Gholdengo|100\/100\n|-damage|p1a: Gholdengo|94\/100|[from] Stealth Rock\n|move|p2a: Walking Wake|Hydro Steam|p1a: Gholdengo\n|-damage|p1a: Gholdengo|0 fnt\n|faint|p1a: Gholdengo\n|\n|-weather|SunnyDay|[upkeep]\n|upkeep\n|\n|t:|1701202425\n|switch|p1a: Dragapult|Dragapult, M|100\/100\n|-damage|p1a: Dragapult|88\/100|[from] Stealth Rock\n|turn|5\n|\n|t:|1701202431\n|move|p1a: Dragapult|Dragon Darts|p2a: Walking Wake\n|-supereffective|p2a: Walking Wake\n|-damage|p2a: Walking Wake|42\/100\n|-anim|p1a: Dragapult|Dragon Darts|p2a: Walking Wake\n|-supereffective|p2a: Walking Wake\n|-damage|p2a: Walking Wake|0 fnt\n|faint|p2a: Walking Wake\n|-end|p2a: Walking Wake|Protosynthesis|[silent]\n|\n|-weather|SunnyDay|[upkeep]\n|-heal|p1a: Dragapult|94\/100|[from] Grassy Terrain\n|upkeep\n|\n|t:|1701202436\n|switch|p2a: Scovillain|Scovillain, F|100\/100\n|turn|6\n|\n|t:|1701202443\n|switch|p1a: Ceruledge|Ceruledge, M|100\/100\n|-damage|p1a: Ceruledge|76\/100|[from] Stealth Rock\n|move|p2a: Scovillain|Flamethrower|p1a: Ceruledge\n|-resisted|p1a: Ceruledge\n|-crit|p1a: Ceruledge\n|-damage|p1a: Ceruledge|24\/100\n|\n|-weather|SunnyDay|[upkeep]\n|-heal|p1a: Ceruledge|30\/100|[from] Grassy Terrain\n|upkeep\n|turn|7\n|\n|t:|1701202455\n|move|p2a: Scovillain|Flamethrower|p1a: Ceruledge\n|-resisted|p1a: Ceruledge\n|-damage|p1a: Ceruledge|0 fnt\n|faint|p1a: Ceruledge\n|\n|-weather|SunnyDay|[upkeep]\n|upkeep\n|\n|t:|1701202461\n|switch|p1a: Chandelure|Chandelure, F|100\/100\n|-damage|p1a: Chandelure|76\/100|[from] Stealth Rock\n|turn|8\n|\n|t:|1701202470\n|move|p2a: Scovillain|Flamethrower|p1a: Chandelure\n|-start|p1a: Chandelure|ability: Flash Fire\n|move|p1a: Chandelure|Flamethrower|p2a: Scovillain\n|-damage|p2a: Scovillain|0 fnt\n|faint|p2a: Scovillain\n|\n|-weather|SunnyDay|[upkeep]\n|-heal|p1a: Chandelure|82\/100|[from] Grassy Terrain\n|-fieldend|move: Grassy Terrain\n|upkeep\n|\n|t:|1701202475\n|switch|p2a: Iron Moth|Iron Moth|100\/100\n|-enditem|p2a: Iron Moth|Booster Energy\n|-activate|p2a: Iron Moth|ability: Quark Drive|[fromitem]\n|-start|p2a: Iron Moth|quarkdrivespa\n|turn|9\n|\n|t:|1701202479\n|move|p1a: Chandelure|Flamethrower|p2a: Iron Moth\n|-resisted|p2a: Iron Moth\n|-damage|p2a: Iron Moth|45\/100\n|move|p2a: Iron Moth|Sludge Wave|p1a: Chandelure\n|-resisted|p1a: Chandelure\n|-crit|p1a: Chandelure\n|-damage|p1a: Chandelure|13\/100\n|\n|-weather|none\n|upkeep\n|turn|10\n|\n|t:|1701202489\n|move|p1a: Chandelure|Flamethrower|p2a: Iron Moth\n|-resisted|p2a: Iron Moth\n|-damage|p2a: Iron Moth|4\/100\n|move|p2a: Iron Moth|Sludge Wave|p1a: Chandelure\n|-resisted|p1a: Chandelure\n|-damage|p1a: Chandelure|0 fnt\n|faint|p1a: Chandelure\n|\n|upkeep\n|\n|t:|1701202498\n|switch|p1a: Dragapult|Dragapult, M|94\/100\n|-damage|p1a: Dragapult|82\/100|[from] Stealth Rock\n|turn|11\n|\n|t:|1701202507\n|move|p1a: Dragapult|Dragon Darts|p2a: Iron Moth\n|-damage|p2a: Iron Moth|0 fnt\n|faint|p2a: Iron Moth\n|-end|p2a: Iron Moth|Quark Drive|[silent]\n|\n|upkeep\n|\n|t:|1701202510\n|switch|p2a: Kommo-o|Kommo-o, F|100\/100\n|turn|12\n|\n|t:|1701202517\n|-terastallize|p2a: Kommo-o|Dragon\n|move|p1a: Dragapult|Dragon Dance|p1a: Dragapult\n|-boost|p1a: Dragapult|atk|1\n|-boost|p1a: Dragapult|spe|1\n|move|p2a: Kommo-o|Clanging Scales|p1a: Dragapult\n|-supereffective|p1a: Dragapult\n|-damage|p1a: Dragapult|0 fnt\n|faint|p1a: Dragapult\n|-unboost|p2a: Kommo-o|def|1\n|-enditem|p2a: Kommo-o|Throat Spray\n|-boost|p2a: Kommo-o|spa|1|[from] item: Throat Spray\n|\n|upkeep\n|\n|t:|1701202526\n|switch|p1a: Sinistcha|Sinistcha|100\/100\n|-damage|p1a: Sinistcha|88\/100|[from] Stealth Rock\n|turn|13\n|\n|t:|1701202534\n|move|p2a: Kommo-o|Clanging Scales|p1a: Sinistcha\n|-damage|p1a: Sinistcha|0 fnt\n|faint|p1a: Sinistcha\n|-unboost|p2a: Kommo-o|def|1\n|\n|upkeep\n|\n|t:|1701202537\n|switch|p1a: Zoroark|Zoroark-Hisui, M|100\/100\n|-damage|p1a: Zoroark|88\/100|[from] Stealth Rock\n|turn|14\n|\n|t:|1701202543\n|move|p1a: Zoroark|Bitter Malice|p2a: Kommo-o\n|-damage|p2a: Kommo-o|31\/100\n|-unboost|p2a: Kommo-o|atk|1\n|move|p2a: Kommo-o|Clanging Scales|p1a: Zoroark\n|-damage|p1a: Zoroark|0 fnt\n|faint|p1a: Zoroark\n|\n|win|Wafflesthe3rd\n|raw|hightopfade69's rating: 1052 &rarr; <strong>1036<\/strong><br \/>(-16 for losing)\n|raw|Wafflesthe3rd's rating: 1082 &rarr; <strong>1107<\/strong><br \/>(+25 for winning)\n|c|\u2606Wafflesthe3rd|ggwp\n","uploadtime":1701202554,"views":0,"p1id":"hightopfade69","p2id":"wafflesthe3rd","formatid":"gen9ou","rating":1036,"private":0,"password":""}