{"id":"gen9ou-1992857285","p1":"Imanjoneser","p2":"I live downstairs","format":"[Gen 9] OU","log":"|j|\u2606Imanjoneser\n|j|\u2606I live downstairs\n|t:|1700241462\n|gametype|singles\n|player|p1|Imanjoneser|bugcatcher-gen4dp|1079\n|player|p2|I live downstairs|cilan|1108\n|teamsize|p1|6\n|teamsize|p2|6\n|gen|9\n|tier|[Gen 9] OU\n|rated|\n|rule|Sleep Clause Mod: Limit one foe put to sleep\n|rule|Species Clause: Limit one of each Pok\u00e9mon\n|rule|OHKO Clause: OHKO moves are banned\n|rule|Evasion Items Clause: Evasion items are banned\n|rule|Evasion Moves Clause: Evasion moves are banned\n|rule|Endless Battle Clause: Forcing endless battles is banned\n|rule|HP Percentage Mod: HP is shown in percentages\n|clearpoke\n|poke|p1|Shaymin|\n|poke|p1|Meowscarada, M|\n|poke|p1|Iron Leaves|\n|poke|p1|Chesnaught, F|\n|poke|p1|Amoonguss, F|\n|poke|p1|Torterra, M|\n|poke|p2|Meowscarada, F|\n|poke|p2|Hoopa-Unbound|\n|poke|p2|Great Tusk|\n|poke|p2|Glimmora, M|\n|poke|p2|Walking Wake|\n|poke|p2|Cinderace, M|\n|teampreview\n|\n|t:|1700241492\n|start\n|switch|p1a: Torterra|Torterra, M, shiny|100\/100\n|switch|p2a: Cinderace|Cinderace, M|100\/100\n|turn|1\n|inactive|Battle timer is ON: inactive players will automatically lose when time's up. (requested by I live downstairs)\n|\n|t:|1700241508\n|-terastallize|p1a: Torterra|Ground\n|move|p2a: Cinderace|U-turn|p1a: Torterra\n|-start|p2a: Cinderace|typechange|Bug|[from] ability: Libero\n|-damage|p1a: Torterra|68\/100\n|\n|t:|1700241516\n|switch|p2a: Great Tusk|Great Tusk|100\/100|[from] U-turn\n|move|p1a: Torterra|Shell Smash|p1a: Torterra\n|-unboost|p1a: Torterra|def|1\n|-unboost|p1a: Torterra|spd|1\n|-boost|p1a: Torterra|atk|2\n|-boost|p1a: Torterra|spa|2\n|-boost|p1a: Torterra|spe|2\n|-enditem|p1a: Torterra|White Herb\n|-clearnegativeboost|p1a: Torterra|[silent]\n|\n|upkeep\n|turn|2\n|\n|t:|1700241526\n|move|p1a: Torterra|Seed Bomb|p2a: Great Tusk\n|-supereffective|p2a: Great Tusk\n|-damage|p2a: Great Tusk|0 fnt\n|faint|p2a: Great Tusk\n|-end|p2a: Great Tusk|Protosynthesis|[silent]\n|\n|upkeep\n|\n|t:|1700241532\n|switch|p2a: Hoopa|Hoopa-Unbound|100\/100\n|turn|3\n|\n|t:|1700241536\n|move|p2a: Hoopa|Psychic|p1a: Torterra\n|-damage|p1a: Torterra|1\/100\n|move|p1a: Torterra|Earthquake|p2a: Hoopa\n|-damage|p2a: Hoopa|0 fnt\n|faint|p2a: Hoopa\n|\n|upkeep\n|\n|t:|1700241541\n|switch|p2a: Glimmora|Glimmora, M|100\/100\n|turn|4\n|\n|t:|1700241546\n|move|p2a: Glimmora|Sludge Wave|p1a: Torterra\n|-resisted|p1a: Torterra\n|-damage|p1a: Torterra|0 fnt\n|faint|p1a: Torterra\n|\n|upkeep\n|\n|t:|1700241554\n|switch|p1a: Amoonguss|Amoonguss, F, shiny|100\/100\n|turn|5\n|\n|t:|1700241564\n|switch|p2a: Cinderace|Cinderace, M|100\/100\n|move|p1a: Amoonguss|Spore|p2a: Cinderace\n|-status|p2a: Cinderace|slp|[from] move: Spore\n|\n|upkeep\n|turn|6\n|\n|t:|1700241579\n|switch|p1a: Chesnaught|Chesnaught, F, shiny|100\/100\n|cant|p2a: Cinderace|slp\n|\n|upkeep\n|turn|7\n|\n|t:|1700241584\n|cant|p2a: Cinderace|slp\n|move|p1a: Chesnaught|Knock Off|p2a: Cinderace\n|-damage|p2a: Cinderace|55\/100 slp\n|-enditem|p2a: Cinderace|Heavy-Duty Boots|[from] move: Knock Off|[of] p1a: Chesnaught\n|\n|upkeep\n|turn|8\n|\n|t:|1700241593\n|move|p1a: Chesnaught|Spiky Shield|p1a: Chesnaught\n|-singleturn|p1a: Chesnaught|move: Protect\n|cant|p2a: Cinderace|slp\n|\n|upkeep\n|turn|9\n|\n|t:|1700241597\n|-curestatus|p2a: Cinderace|slp|[msg]\n|move|p2a: Cinderace|Pyro Ball|p1a: Chesnaught\n|-supereffective|p1a: Chesnaught\n|-damage|p1a: Chesnaught|8\/100\n|move|p1a: Chesnaught|Drain Punch|p2a: Cinderace\n|-damage|p2a: Cinderace|2\/100\n|-heal|p1a: Chesnaught|33\/100|[from] drain|[of] p2a: Cinderace\n|\n|upkeep\n|turn|10\n|\n|t:|1700241607\n|move|p1a: Chesnaught|Spiky Shield|p1a: Chesnaught\n|-singleturn|p1a: Chesnaught|move: Protect\n|move|p2a: Cinderace|Sucker Punch||[still]\n|-fail|p2a: Cinderace\n|\n|upkeep\n|turn|11\n|\n|t:|1700241613\n|move|p1a: Chesnaught|Spiky Shield|p1a: Chesnaught\n|-singleturn|p1a: Chesnaught|move: Protect\n|move|p2a: Cinderace|Pyro Ball|p1a: Chesnaught\n|-activate|p1a: Chesnaught|move: Protect\n|\n|upkeep\n|turn|12\n|c|\u2606Imanjoneser|lol\n|\n|t:|1700241626\n|move|p2a: Cinderace|Pyro Ball|p1a: Chesnaught\n|-supereffective|p1a: Chesnaught\n|-damage|p1a: Chesnaught|0 fnt\n|faint|p1a: Chesnaught\n|\n|upkeep\n|\n|t:|1700241638\n|switch|p1a: Meowscarada|Meowscarada, M, shiny|100\/100\n|turn|13\n|\n|t:|1700241657\n|switch|p2a: Meowscarada|Meowscarada, F|100\/100\n|move|p1a: Meowscarada|Copycat|p1a: Meowscarada\n|-start|p1a: Meowscarada|typechange|Normal|[from] ability: Protean\n|move|p1a: Meowscarada|Pyro Ball|p2a: Meowscarada|[from]move: Copycat\n|-supereffective|p2a: Meowscarada\n|-damage|p2a: Meowscarada|0 fnt\n|faint|p2a: Meowscarada\n|\n|upkeep\n|c|\u2606Imanjoneser|:0\n|c|\u2606I live downstairs|Nicee playyy\n|c|\u2606Imanjoneser|Thanks!\n|\n|t:|1700241686\n|switch|p2a: Walking Wake|Walking Wake|100\/100\n|turn|14\n|\n|t:|1700241694\n|move|p1a: Meowscarada|Taunt|p2a: Walking Wake\n|-start|p2a: Walking Wake|move: Taunt\n|move|p2a: Walking Wake|Flamethrower|p1a: Meowscarada\n|-damage|p1a: Meowscarada|32\/100\n|\n|upkeep\n|turn|15\n|\n|t:|1700241701\n|move|p1a: Meowscarada|Flower Trick|p2a: Walking Wake\n|-crit|p2a: Walking Wake\n|-damage|p2a: Walking Wake|68\/100\n|move|p2a: Walking Wake|Flamethrower|p1a: Meowscarada\n|-damage|p1a: Meowscarada|0 fnt\n|faint|p1a: Meowscarada\n|\n|upkeep\n|\n|t:|1700241712\n|switch|p1a: Iron Leaves|Iron Leaves|100\/100\n|-enditem|p1a: Iron Leaves|Booster Energy\n|-activate|p1a: Iron Leaves|ability: Quark Drive|[fromitem]\n|-start|p1a: Iron Leaves|quarkdrivespe\n|turn|16\n|\n|t:|1700241718\n|move|p1a: Iron Leaves|Swords Dance|p1a: Iron Leaves\n|-boost|p1a: Iron Leaves|atk|2\n|move|p2a: Walking Wake|Flamethrower|p1a: Iron Leaves\n|-supereffective|p1a: Iron Leaves\n|-damage|p1a: Iron Leaves|16\/100\n|\n|-end|p2a: Walking Wake|move: Taunt\n|upkeep\n|turn|17\n|\n|t:|1700241729\n|move|p1a: Iron Leaves|Psyblade|p2a: Walking Wake\n|-damage|p2a: Walking Wake|0 fnt\n|faint|p2a: Walking Wake\n|-end|p2a: Walking Wake|Protosynthesis|[silent]\n|\n|upkeep\n|\n|t:|1700241731\n|switch|p2a: Glimmora|Glimmora, M|100\/100\n|turn|18\n|\n|t:|1700241738\n|move|p1a: Iron Leaves|Psyblade|p2a: Glimmora\n|-supereffective|p2a: Glimmora\n|-damage|p2a: Glimmora|0 fnt\n|-activate|p2a: Glimmora|ability: Toxic Debris\n|-sidestart|p1: Imanjoneser|move: Toxic Spikes\n|faint|p2a: Glimmora\n|\n|upkeep\n|\n|t:|1700241741\n|switch|p2a: Cinderace|Cinderace, M|2\/100\n|turn|19\n|\n|t:|1700241748\n|move|p1a: Iron Leaves|Swords Dance|p1a: Iron Leaves\n|-boost|p1a: Iron Leaves|atk|2\n|move|p2a: Cinderace|Pyro Ball|p1a: Iron Leaves\n|-supereffective|p1a: Iron Leaves\n|-damage|p1a: Iron Leaves|0 fnt\n|faint|p1a: Iron Leaves\n|-end|p1a: Iron Leaves|Quark Drive|[silent]\n|\n|upkeep\n|c|\u2606I live downstairs|gg\n|\n|t:|1700241754\n|switch|p1a: Amoonguss|Amoonguss, F, shiny|100\/100\n|-sideend|p1: Imanjoneser|move: Toxic Spikes|[of] p1a: Amoonguss\n|turn|20\n|\n|t:|1700241760\n|-terastallize|p2a: Cinderace|Fire\n|move|p2a: Cinderace|Pyro Ball|p1a: Amoonguss|[miss]\n|-miss|p2a: Cinderace|p1a: Amoonguss\n|move|p1a: Amoonguss|Sludge Bomb|p2a: Cinderace\n|-damage|p2a: Cinderace|0 fnt\n|faint|p2a: Cinderace\n|\n|win|Imanjoneser\n|raw|Imanjoneser's rating: 1079 &rarr; <strong>1109<\/strong><br \/>(+30 for winning)\n|raw|I live downstairs's rating: 1108 &rarr; <strong>1081<\/strong><br \/>(-27 for losing)\n|c|\u2606Imanjoneser|GG!\n|l|\u2606I live downstairs\n","uploadtime":1700241774,"views":12,"p1id":"imanjoneser","p2id":"ilivedownstairs","formatid":"gen9ou","rating":1081,"private":0,"password":""}