{"id":"gen9ou-1993717252","p1":"Sick Fiesta","p2":"N-Zoroark stan","format":"[Gen 9] OU","log":"|j|\u2606Sick Fiesta\n|j|\u2606N-Zoroark stan\n|t:|1700348961\n|gametype|singles\n|player|p1|Sick Fiesta|265|1704\n|player|p2|N-Zoroark stan|riley|1658\n|teamsize|p1|6\n|teamsize|p2|6\n|gen|9\n|tier|[Gen 9] OU\n|rated|\n|rule|Sleep Clause Mod: Limit one foe put to sleep\n|rule|Species Clause: Limit one of each Pok\u00e9mon\n|rule|OHKO Clause: OHKO moves are banned\n|rule|Evasion Items Clause: Evasion items are banned\n|rule|Evasion Moves Clause: Evasion moves are banned\n|rule|Endless Battle Clause: Forcing endless battles is banned\n|rule|HP Percentage Mod: HP is shown in percentages\n|clearpoke\n|poke|p1|Meowscarada, M|\n|poke|p1|Iron Treads|\n|poke|p1|Zapdos|\n|poke|p1|Dragapult, F|\n|poke|p1|Garganacl, M|\n|poke|p1|Iron Valiant|\n|poke|p2|Alomomola, F|\n|poke|p2|Slowking-Galar, M|\n|poke|p2|Zoroark-Hisui, F|\n|poke|p2|Corviknight, M|\n|poke|p2|Ting-Lu|\n|poke|p2|Dragonite, F|\n|teampreview\n|inactive|Battle timer is ON: inactive players will automatically lose when time's up. (requested by N-Zoroark stan)\n|c|\u2606N-Zoroark stan|glhf\n|inactive|N-Zoroark stan has 120 seconds left.\n|\n|t:|1700348998\n|start\n|switch|p1a: Meowscarada|Meowscarada, M|100\/100\n|switch|p2a: Corviknight|Corviknight, M|100\/100\n|-ability|p2a: Corviknight|Pressure\n|turn|1\n|\n|t:|1700349005\n|move|p1a: Meowscarada|U-turn|p2a: Corviknight\n|-start|p1a: Meowscarada|typechange|Bug|[from] ability: Protean\n|-resisted|p2a: Corviknight\n|-damage|p2a: Corviknight|95\/100\n|-damage|p1a: Meowscarada|84\/100|[from] item: Rocky Helmet|[of] p2a: Corviknight\n|\n|t:|1700349014\n|switch|p1a: Zapdos|Zapdos|100\/100|[from] U-turn\n|move|p2a: Corviknight|U-turn|p1a: Zapdos\n|-resisted|p1a: Zapdos\n|-damage|p1a: Zapdos|94\/100\n|-status|p2a: Corviknight|par|[from] ability: Static|[of] p1a: Zapdos\n|\n|t:|1700349023\n|switch|p2a: Ting-Lu|Ting-Lu|100\/100|[from] U-turn\n|-ability|p2a: Ting-Lu|Vessel of Ruin\n|\n|upkeep\n|turn|2\n|\n|t:|1700349029\n|move|p1a: Zapdos|U-turn|p2a: Ting-Lu\n|-supereffective|p2a: Ting-Lu\n|-damage|p2a: Ting-Lu|87\/100\n|\n|t:|1700349038\n|switch|p1a: Iron Valiant|Iron Valiant|100\/100|[from] U-turn\n|-enditem|p1a: Iron Valiant|Booster Energy\n|-activate|p1a: Iron Valiant|ability: Quark Drive|[fromitem]\n|-start|p1a: Iron Valiant|quarkdrivespa\n|move|p2a: Ting-Lu|Ruination|p1a: Iron Valiant\n|-damage|p1a: Iron Valiant|51\/100\n|\n|-heal|p2a: Ting-Lu|93\/100|[from] item: Leftovers\n|upkeep\n|turn|3\n|\n|t:|1700349046\n|switch|p2a: Slowking|Slowking-Galar, M|100\/100\n|move|p1a: Iron Valiant|Moonblast|p2a: Slowking\n|-resisted|p2a: Slowking\n|-damage|p2a: Slowking|76\/100\n|\n|-heal|p2a: Slowking|82\/100|[from] item: Leftovers\n|upkeep\n|turn|4\n|\n|t:|1700349059\n|-end|p1a: Iron Valiant|Quark Drive|[silent]\n|switch|p1a: Iron Treads|Iron Treads|100\/100\n|-enditem|p1a: Iron Treads|Booster Energy\n|-activate|p1a: Iron Treads|ability: Quark Drive|[fromitem]\n|-start|p1a: Iron Treads|quarkdrivespe\n|move|p2a: Slowking|Sludge Bomb|p1a: Iron Treads\n|-immune|p1a: Iron Treads\n|\n|-heal|p2a: Slowking|88\/100|[from] item: Leftovers\n|upkeep\n|turn|5\n|\n|t:|1700349068\n|move|p1a: Iron Treads|Stealth Rock|p2a: Slowking\n|-sidestart|p2: N-Zoroark stan|move: Stealth Rock\n|move|p2a: Slowking|Future Sight|p1a: Iron Treads\n|-start|p2a: Slowking|move: Future Sight\n|\n|-heal|p2a: Slowking|94\/100|[from] item: Leftovers\n|upkeep\n|turn|6\n|\n|t:|1700349082\n|move|p1a: Iron Treads|Earth Power|p2a: Slowking\n|-supereffective|p2a: Slowking\n|-damage|p2a: Slowking|47\/100\n|move|p2a: Slowking|Chilly Reception|p2a: Slowking\n|-weather|Snow\n|\n|t:|1700349086\n|switch|p2a: Corviknight|Corviknight, M|95\/100 par|[from] Chilly Reception\n|-damage|p2a: Corviknight|83\/100 par|[from] Stealth Rock\n|-ability|p2a: Corviknight|Pressure\n|\n|-weather|Snow|[upkeep]\n|upkeep\n|turn|7\n|\n|t:|1700349099\n|move|p1a: Iron Treads|Earth Power|p2a: Corviknight\n|-immune|p2a: Corviknight\n|move|p2a: Corviknight|Body Press|p1a: Iron Treads\n|-supereffective|p1a: Iron Treads\n|-damage|p1a: Iron Treads|54\/100\n|\n|-weather|Snow|[upkeep]\n|-end|p1a: Iron Treads|move: Future Sight\n|-resisted|p1a: Iron Treads\n|-crit|p1a: Iron Treads\n|-damage|p1a: Iron Treads|8\/100\n|upkeep\n|turn|8\n|\n|t:|1700349114\n|-end|p1a: Iron Treads|Quark Drive|[silent]\n|switch|p1a: Zapdos|Zapdos|94\/100\n|move|p2a: Corviknight|Roost|p2a: Corviknight\n|-heal|p2a: Corviknight|100\/100 par\n|-singleturn|p2a: Corviknight|move: Roost\n|\n|-weather|Snow|[upkeep]\n|upkeep\n|turn|9\n|\n|t:|1700349121\n|move|p1a: Zapdos|U-turn|p2a: Corviknight\n|-resisted|p2a: Corviknight\n|-damage|p2a: Corviknight|98\/100 par\n|-damage|p1a: Zapdos|78\/100|[from] item: Rocky Helmet|[of] p2a: Corviknight\n|\n|t:|1700349127\n|switch|p1a: Garganacl|Garganacl, M|100\/100|[from] U-turn\n|move|p2a: Corviknight|Defog|p1a: Garganacl\n|-unboost|p1a: Garganacl|evasion|1\n|-sideend|p2: N-Zoroark stan|Stealth Rock|[from] move: Defog|[of] p2a: Corviknight\n|\n|-weather|Snow|[upkeep]\n|upkeep\n|turn|10\n|\n|t:|1700349136\n|switch|p2a: Slowking|Slowking-Galar, M|80\/100\n|move|p1a: Garganacl|Iron Defense|p1a: Garganacl\n|-boost|p1a: Garganacl|def|2\n|\n|-weather|none\n|-heal|p2a: Slowking|86\/100|[from] item: Leftovers\n|upkeep\n|turn|11\n|\n|t:|1700349141\n|move|p1a: Garganacl|Salt Cure|p2a: Slowking\n|-damage|p2a: Slowking|75\/100\n|-start|p2a: Slowking|Salt Cure\n|move|p2a: Slowking|Future Sight|p1a: Garganacl\n|-start|p2a: Slowking|move: Future Sight\n|\n|-heal|p2a: Slowking|81\/100|[from] item: Leftovers\n|-damage|p2a: Slowking|68\/100|[from] Salt Cure\n|upkeep\n|turn|12\n|\n|t:|1700349146\n|move|p1a: Garganacl|Iron Defense|p1a: Garganacl\n|-boost|p1a: Garganacl|def|2\n|move|p2a: Slowking|Chilly Reception|p2a: Slowking\n|-weather|Snow\n|\n|t:|1700349150\n|switch|p2a: Dragonite|Dragonite, F|100\/100|[from] Chilly Reception\n|\n|-weather|Snow|[upkeep]\n|upkeep\n|turn|13\n|\n|t:|1700349155\n|move|p2a: Dragonite|Grass Knot|p1a: Garganacl\n|-supereffective|p1a: Garganacl\n|-damage|p1a: Garganacl|48\/100\n|move|p1a: Garganacl|Salt Cure|p2a: Dragonite\n|-damage|p2a: Dragonite|71\/100\n|-start|p2a: Dragonite|Salt Cure\n|replace|p2a: Zoroark|Zoroark-Hisui, F, shiny\n|-end|p2a: Zoroark|Illusion\n|\n|-weather|Snow|[upkeep]\n|-end|p1a: Garganacl|move: Future Sight\n|-damage|p1a: Garganacl|19\/100\n|-heal|p1a: Garganacl|25\/100|[from] item: Leftovers\n|-damage|p2a: Zoroark|59\/100|[from] Salt Cure\n|upkeep\n|turn|14\n|\n|t:|1700349167\n|-terastallize|p1a: Garganacl|Poison\n|move|p2a: Zoroark|Shadow Ball|p1a: Garganacl\n|-damage|p1a: Garganacl|12\/100\n|move|p1a: Garganacl|Recover|p1a: Garganacl\n|-heal|p1a: Garganacl|62\/100\n|\n|-weather|Snow|[upkeep]\n|-heal|p1a: Garganacl|68\/100|[from] item: Leftovers\n|-damage|p2a: Zoroark|47\/100|[from] Salt Cure\n|upkeep\n|turn|15\n|\n|t:|1700349180\n|move|p2a: Zoroark|U-turn|p1a: Garganacl\n|-resisted|p1a: Garganacl\n|-damage|p1a: Garganacl|66\/100\n|\n|t:|1700349182\n|switch|p2a: Slowking|Slowking-Galar, M|100\/100|[from] U-turn\n|move|p1a: Garganacl|Salt Cure|p2a: Slowking\n|-damage|p2a: Slowking|90\/100\n|-start|p2a: Slowking|Salt Cure\n|\n|-weather|Snow|[upkeep]\n|-heal|p1a: Garganacl|72\/100|[from] item: Leftovers\n|-heal|p2a: Slowking|96\/100|[from] item: Leftovers\n|-damage|p2a: Slowking|84\/100|[from] Salt Cure\n|upkeep\n|turn|16\n|\n|t:|1700349193\n|move|p1a: Garganacl|Body Press|p2a: Slowking\n|-resisted|p2a: Slowking\n|-damage|p2a: Slowking|72\/100\n|move|p2a: Slowking|Future Sight|p1a: Garganacl\n|-start|p2a: Slowking|move: Future Sight\n|\n|-weather|none\n|-heal|p1a: Garganacl|78\/100|[from] item: Leftovers\n|-heal|p2a: Slowking|78\/100|[from] item: Leftovers\n|-damage|p2a: Slowking|65\/100|[from] Salt Cure\n|upkeep\n|turn|17\n|\n|t:|1700349199\n|move|p1a: Garganacl|Salt Cure|p2a: Slowking\n|-damage|p2a: Slowking|55\/100\n|move|p2a: Slowking|Chilly Reception|p2a: Slowking\n|-weather|Snow\n|\n|t:|1700349205\n|switch|p2a: Dragonite|Dragonite, F|100\/100|[from] Chilly Reception\n|\n|-weather|Snow|[upkeep]\n|-heal|p1a: Garganacl|85\/100|[from] item: Leftovers\n|upkeep\n|turn|18\n|\n|t:|1700349211\n|switch|p1a: Iron Treads|Iron Treads|8\/100\n|move|p2a: Dragonite|Earthquake|p1a: Iron Treads\n|-supereffective|p1a: Iron Treads\n|-damage|p1a: Iron Treads|0 fnt\n|faint|p1a: Iron Treads\n|-end|p1a: Iron Treads|Quark Drive|[silent]\n|\n|-weather|Snow|[upkeep]\n|-hint|Future Sight did not hit because the target is fainted.\n|upkeep\n|\n|t:|1700349224\n|switch|p1a: Dragapult|Dragapult, F|100\/100\n|turn|19\n|\n|t:|1700349230\n|switch|p2a: Corviknight|Corviknight, M|98\/100 par\n|-ability|p2a: Corviknight|Pressure\n|move|p1a: Dragapult|Will-O-Wisp||[still]\n|-fail|p1a: Dragapult\n|\n|-weather|Snow|[upkeep]\n|upkeep\n|turn|20\n|\n|t:|1700349234\n|switch|p2a: Ting-Lu|Ting-Lu|93\/100\n|-ability|p2a: Ting-Lu|Vessel of Ruin\n|move|p1a: Dragapult|Hex|p2a: Ting-Lu\n|-resisted|p2a: Ting-Lu\n|-damage|p2a: Ting-Lu|88\/100\n|\n|-weather|Snow|[upkeep]\n|-heal|p2a: Ting-Lu|94\/100|[from] item: Leftovers\n|upkeep\n|turn|21\n|\n|t:|1700349248\n|move|p1a: Dragapult|Will-O-Wisp|p2a: Ting-Lu\n|-status|p2a: Ting-Lu|brn\n|move|p2a: Ting-Lu|Ruination|p1a: Dragapult\n|-damage|p1a: Dragapult|51\/100\n|\n|-weather|none\n|-heal|p1a: Dragapult|57\/100|[from] item: Leftovers\n|-heal|p2a: Ting-Lu|100\/100 brn|[from] item: Leftovers\n|-damage|p2a: Ting-Lu|94\/100 brn|[from] brn\n|upkeep\n|turn|22\n|\n|t:|1700349263\n|switch|p1a: Iron Valiant|Iron Valiant|51\/100\n|move|p2a: Ting-Lu|Ruination|p1a: Iron Valiant|[miss]\n|-miss|p2a: Ting-Lu|p1a: Iron Valiant\n|\n|-heal|p2a: Ting-Lu|100\/100 brn|[from] item: Leftovers\n|-damage|p2a: Ting-Lu|94\/100 brn|[from] brn\n|upkeep\n|turn|23\n|\n|t:|1700349267\n|switch|p2a: Slowking|Slowking-Galar, M|88\/100\n|move|p1a: Iron Valiant|Calm Mind|p1a: Iron Valiant\n|-boost|p1a: Iron Valiant|spa|1\n|-boost|p1a: Iron Valiant|spd|1\n|\n|-heal|p2a: Slowking|94\/100|[from] item: Leftovers\n|upkeep\n|turn|24\n|\n|t:|1700349271\n|move|p1a: Iron Valiant|Psyshock|p2a: Slowking\n|-damage|p2a: Slowking|62\/100\n|move|p2a: Slowking|Sludge Bomb|p1a: Iron Valiant\n|-supereffective|p1a: Iron Valiant\n|-damage|p1a: Iron Valiant|0 fnt\n|faint|p1a: Iron Valiant\n|-end|p1a: Iron Valiant|Quark Drive|[silent]\n|\n|-heal|p2a: Slowking|68\/100|[from] item: Leftovers\n|upkeep\n|\n|t:|1700349286\n|switch|p1a: Meowscarada|Meowscarada, M|84\/100\n|turn|25\n|\n|t:|1700349291\n|switch|p2a: Alomomola|Alomomola, F|100\/100\n|move|p1a: Meowscarada|Knock Off|p2a: Alomomola\n|-start|p1a: Meowscarada|typechange|Dark|[from] ability: Protean\n|-damage|p2a: Alomomola|77\/100\n|-enditem|p2a: Alomomola|Red Card|[from] move: Knock Off|[of] p1a: Meowscarada\n|\n|upkeep\n|turn|26\n|\n|t:|1700349302\n|switch|p1a: Dragapult|Dragapult, F|57\/100\n|move|p2a: Alomomola|Flip Turn|p1a: Dragapult\n|-resisted|p1a: Dragapult\n|-damage|p1a: Dragapult|47\/100\n|\n|t:|1700349309\n|switch|p2a: Ting-Lu|Ting-Lu|94\/100 brn|[from] Flip Turn\n|-ability|p2a: Ting-Lu|Vessel of Ruin\n|\n|-heal|p1a: Dragapult|53\/100|[from] item: Leftovers\n|-heal|p2a: Ting-Lu|100\/100 brn|[from] item: Leftovers\n|-damage|p2a: Ting-Lu|94\/100 brn|[from] brn\n|upkeep\n|turn|27\n|\n|t:|1700349324\n|switch|p1a: Zapdos|Zapdos|78\/100\n|move|p2a: Ting-Lu|Ruination|p1a: Zapdos\n|-damage|p1a: Zapdos|39\/100\n|\n|-heal|p2a: Ting-Lu|100\/100 brn|[from] item: Leftovers\n|-damage|p2a: Ting-Lu|94\/100 brn|[from] brn\n|upkeep\n|turn|28\n|\n|t:|1700349334\n|move|p1a: Zapdos|Hurricane|p2a: Ting-Lu|[miss]\n|-miss|p1a: Zapdos|p2a: Ting-Lu\n|move|p2a: Ting-Lu|Ruination|p1a: Zapdos\n|-damage|p1a: Zapdos|20\/100\n|\n|-heal|p2a: Ting-Lu|100\/100 brn|[from] item: Leftovers\n|-damage|p2a: Ting-Lu|94\/100 brn|[from] brn\n|upkeep\n|turn|29\n|\n|t:|1700349338\n|move|p1a: Zapdos|Hurricane|p2a: Ting-Lu|[miss]\n|-miss|p1a: Zapdos|p2a: Ting-Lu\n|move|p2a: Ting-Lu|Ruination|p1a: Zapdos\n|-damage|p1a: Zapdos|10\/100\n|\n|-heal|p2a: Ting-Lu|100\/100 brn|[from] item: Leftovers\n|-damage|p2a: Ting-Lu|94\/100 brn|[from] brn\n|upkeep\n|turn|30\n|\n|t:|1700349341\n|move|p1a: Zapdos|Roost|p1a: Zapdos\n|-heal|p1a: Zapdos|60\/100\n|-singleturn|p1a: Zapdos|move: Roost\n|move|p2a: Ting-Lu|Ruination|p1a: Zapdos\n|-damage|p1a: Zapdos|30\/100\n|\n|-heal|p2a: Ting-Lu|100\/100 brn|[from] item: Leftovers\n|-damage|p2a: Ting-Lu|94\/100 brn|[from] brn\n|upkeep\n|turn|31\n|\n|t:|1700349347\n|move|p1a: Zapdos|Roost|p1a: Zapdos\n|-heal|p1a: Zapdos|80\/100\n|-singleturn|p1a: Zapdos|move: Roost\n|move|p2a: Ting-Lu|Stealth Rock|p1a: Zapdos\n|-sidestart|p1: Sick Fiesta|move: Stealth Rock\n|\n|-heal|p2a: Ting-Lu|100\/100 brn|[from] item: Leftovers\n|-damage|p2a: Ting-Lu|94\/100 brn|[from] brn\n|upkeep\n|turn|32\n|\n|t:|1700349353\n|move|p1a: Zapdos|Hurricane|p2a: Ting-Lu\n|-damage|p2a: Ting-Lu|75\/100 brn\n|-start|p2a: Ting-Lu|confusion\n|-activate|p2a: Ting-Lu|confusion\n|move|p2a: Ting-Lu|Ruination|p1a: Zapdos|[miss]\n|-miss|p2a: Ting-Lu|p1a: Zapdos\n|\n|-heal|p2a: Ting-Lu|82\/100 brn|[from] item: Leftovers\n|-damage|p2a: Ting-Lu|75\/100 brn|[from] brn\n|upkeep\n|turn|33\n|\n|t:|1700349360\n|move|p1a: Zapdos|Hurricane|p2a: Ting-Lu\n|-damage|p2a: Ting-Lu|58\/100 brn\n|-activate|p2a: Ting-Lu|confusion\n|-damage|p2a: Ting-Lu|52\/100 brn|[from] confusion\n|\n|-heal|p2a: Ting-Lu|59\/100 brn|[from] item: Leftovers\n|-damage|p2a: Ting-Lu|52\/100 brn|[from] brn\n|upkeep\n|turn|34\n|\n|t:|1700349369\n|move|p1a: Zapdos|Hurricane|p2a: Ting-Lu\n|-damage|p2a: Ting-Lu|34\/100 brn\n|-end|p2a: Ting-Lu|confusion\n|move|p2a: Ting-Lu|Ruination|p1a: Zapdos\n|-damage|p1a: Zapdos|41\/100\n|\n|-heal|p2a: Ting-Lu|41\/100 brn|[from] item: Leftovers\n|-damage|p2a: Ting-Lu|34\/100 brn|[from] brn\n|upkeep\n|turn|35\n|\n|t:|1700349378\n|switch|p2a: Slowking|Slowking-Galar, M|100\/100\n|move|p1a: Zapdos|Roost|p1a: Zapdos\n|-heal|p1a: Zapdos|91\/100\n|-singleturn|p1a: Zapdos|move: Roost\n|\n|upkeep\n|turn|36\n|\n|t:|1700349384\n|move|p1a: Zapdos|Discharge|p2a: Slowking\n|-damage|p2a: Slowking|77\/100\n|-status|p2a: Slowking|par\n|move|p2a: Slowking|Future Sight|p1a: Zapdos\n|-start|p2a: Slowking|move: Future Sight\n|\n|-heal|p2a: Slowking|83\/100 par|[from] item: Leftovers\n|upkeep\n|turn|37\n|\n|t:|1700349393\n|move|p1a: Zapdos|Hurricane|p2a: Slowking\n|-damage|p2a: Slowking|50\/100 par\n|-start|p2a: Slowking|confusion\n|-activate|p2a: Slowking|confusion\n|-damage|p2a: Slowking|46\/100 par|[from] confusion\n|\n|-heal|p2a: Slowking|52\/100 par|[from] item: Leftovers\n|upkeep\n|turn|38\n|\n|t:|1700349405\n|move|p1a: Zapdos|Hurricane|p2a: Slowking\n|-crit|p2a: Slowking\n|-damage|p2a: Slowking|0 fnt\n|faint|p2a: Slowking\n|\n|-end|p1a: Zapdos|move: Future Sight\n|-damage|p1a: Zapdos|44\/100\n|upkeep\n|\n|t:|1700349418\n|switch|p2a: Alomomola|Alomomola, F|47\/100\n|turn|39\n|\n|t:|1700349421\n|move|p2a: Alomomola|Shadow Ball|p1a: Zapdos\n|-damage|p1a: Zapdos|6\/100\n|move|p1a: Zapdos|Discharge|p2a: Alomomola\n|-damage|p2a: Alomomola|0 fnt\n|replace|p2a: Zoroark|Zoroark-Hisui, F, shiny\n|-end|p2a: Zoroark|Illusion\n|faint|p2a: Zoroark\n|\n|upkeep\n|\n|t:|1700349431\n|switch|p2a: Dragonite|Dragonite, F|100\/100\n|turn|40\n|\n|t:|1700349448\n|move|p2a: Dragonite|Extreme Speed|p1a: Zapdos\n|-damage|p1a: Zapdos|0 fnt\n|faint|p1a: Zapdos\n|\n|upkeep\n|\n|t:|1700349462\n|switch|p1a: Garganacl|Garganacl, M, tera:Poison|85\/100\n|-damage|p1a: Garganacl|72\/100|[from] Stealth Rock\n|turn|41\n|\n|t:|1700349486\n|-terastallize|p2a: Dragonite|Normal\n|move|p2a: Dragonite|Extreme Speed|p1a: Garganacl\n|-damage|p1a: Garganacl|27\/100\n|move|p1a: Garganacl|Iron Defense|p1a: Garganacl\n|-boost|p1a: Garganacl|def|2\n|\n|-heal|p1a: Garganacl|33\/100|[from] item: Leftovers\n|upkeep\n|turn|42\n|\n|t:|1700349493\n|move|p2a: Dragonite|Extreme Speed|p1a: Garganacl\n|-damage|p1a: Garganacl|8\/100\n|move|p1a: Garganacl|Recover|p1a: Garganacl\n|-heal|p1a: Garganacl|58\/100\n|\n|-heal|p1a: Garganacl|65\/100|[from] item: Leftovers\n|upkeep\n|turn|43\n|\n|t:|1700349499\n|switch|p2a: Alomomola|Alomomola, F|100\/100\n|move|p1a: Garganacl|Recover|p1a: Garganacl\n|-heal|p1a: Garganacl|100\/100\n|\n|upkeep\n|turn|44\n|\n|t:|1700349506\n|move|p2a: Alomomola|Wish|p2a: Alomomola\n|move|p1a: Garganacl|Iron Defense|p1a: Garganacl\n|-boost|p1a: Garganacl|def|2\n|\n|upkeep\n|turn|45\n|\n|t:|1700349515\n|move|p2a: Alomomola|Scald|p1a: Garganacl\n|-damage|p1a: Garganacl|93\/100\n|move|p1a: Garganacl|Salt Cure|p2a: Alomomola\n|-damage|p2a: Alomomola|93\/100\n|-start|p2a: Alomomola|Salt Cure\n|\n|-heal|p2a: Alomomola|100\/100|[from] move: Wish|[wisher] Alomomola\n|-heal|p1a: Garganacl|99\/100|[from] item: Leftovers\n|-damage|p2a: Alomomola|76\/100|[from] Salt Cure\n|upkeep\n|turn|46\n|j| srtyjj\n|\n|t:|1700349526\n|move|p2a: Alomomola|Wish|p2a: Alomomola\n|move|p1a: Garganacl|Iron Defense|p1a: Garganacl\n|-boost|p1a: Garganacl|def|2\n|\n|-heal|p1a: Garganacl|100\/100|[from] item: Leftovers\n|-damage|p2a: Alomomola|51\/100|[from] Salt Cure\n|upkeep\n|turn|47\n|\n|t:|1700349536\n|move|p2a: Alomomola|Scald|p1a: Garganacl\n|-damage|p1a: Garganacl|93\/100\n|move|p1a: Garganacl|Salt Cure|p2a: Alomomola\n|-damage|p2a: Alomomola|43\/100\n|\n|-heal|p2a: Alomomola|93\/100|[from] move: Wish|[wisher] Alomomola\n|-heal|p1a: Garganacl|99\/100|[from] item: Leftovers\n|-damage|p2a: Alomomola|68\/100|[from] Salt Cure\n|upkeep\n|turn|48\n|\n|t:|1700349544\n|move|p2a: Alomomola|Wish|p2a: Alomomola\n|move|p1a: Garganacl|Body Press|p2a: Alomomola\n|-damage|p2a: Alomomola|20\/100\n|\n|-heal|p1a: Garganacl|100\/100|[from] item: Leftovers\n|-damage|p2a: Alomomola|0 fnt|[from] Salt Cure\n|faint|p2a: Alomomola\n|upkeep\n|\n|t:|1700349550\n|switch|p2a: Ting-Lu|Ting-Lu|34\/100 brn\n|-ability|p2a: Ting-Lu|Vessel of Ruin\n|turn|49\n|\n|t:|1700349556\n|move|p1a: Garganacl|Body Press|p2a: Ting-Lu\n|-supereffective|p2a: Ting-Lu\n|-damage|p2a: Ting-Lu|0 fnt\n|faint|p2a: Ting-Lu\n|\n|upkeep\n|\n|t:|1700349558\n|switch|p2a: Dragonite|Dragonite, F, tera:Normal|100\/100\n|turn|50\n|j| Flanagan7\n|\n|t:|1700349563\n|move|p2a: Dragonite|Earthquake|p1a: Garganacl\n|-supereffective|p1a: Garganacl\n|-damage|p1a: Garganacl|79\/100\n|move|p1a: Garganacl|Body Press|p2a: Dragonite\n|-supereffective|p2a: Dragonite\n|-damage|p2a: Dragonite|0 fnt\n|faint|p2a: Dragonite\n|\n|-heal|p1a: Garganacl|85\/100|[from] item: Leftovers\n|upkeep\n|-message|N-Zoroark stan forfeited.\n|\n|win|Sick Fiesta\n|raw|Sick Fiesta's rating: 1704 &rarr; <strong>1721<\/strong><br \/>(+17 for winning)\n|raw|N-Zoroark stan's rating: 1658 &rarr; <strong>1641<\/strong><br \/>(-17 for losing)\n|l|\u2606N-Zoroark stan\n|l| srtyjj\n|l| Flanagan7\n","uploadtime":1700349577,"views":8,"p1id":"sickfiesta","p2id":"nzoroarkstan","formatid":"gen9ou","rating":1641,"private":0,"password":""}