{"id":"gen9ou-1990672304","p1":"Pwaite","p2":"BillyBoBaggins","format":"[Gen 9] OU","log":"|j|\u2606Pwaite\n|j|\u2606BillyBoBaggins\n|t:|1699990557\n|gametype|singles\n|player|p1|Pwaite|102|1380\n|player|p2|BillyBoBaggins|lance|1409\n|teamsize|p1|6\n|teamsize|p2|6\n|gen|9\n|tier|[Gen 9] OU\n|rated|\n|rule|Sleep Clause Mod: Limit one foe put to sleep\n|rule|Species Clause: Limit one of each Pok\u00e9mon\n|rule|OHKO Clause: OHKO moves are banned\n|rule|Evasion Items Clause: Evasion items are banned\n|rule|Evasion Moves Clause: Evasion moves are banned\n|rule|Endless Battle Clause: Forcing endless battles is banned\n|rule|HP Percentage Mod: HP is shown in percentages\n|clearpoke\n|poke|p1|Ribombee, F|\n|poke|p1|Great Tusk|\n|poke|p1|Gholdengo|\n|poke|p1|Manaphy|\n|poke|p1|Kingambit, F|\n|poke|p1|Iron Moth|\n|poke|p2|Zamazenta-*|\n|poke|p2|Zapdos|\n|poke|p2|Glimmora, F|\n|poke|p2|Sneasler, F|\n|poke|p2|Dragonite, F|\n|poke|p2|Dragapult, F|\n|teampreview\n|inactive|Battle timer is ON: inactive players will automatically lose when time's up. (requested by BillyBoBaggins)\n|\n|t:|1699990577\n|start\n|switch|p1a: Great Tusk|Great Tusk|100\/100\n|switch|p2a: Sneasler|Sneasler, F|100\/100\n|turn|1\n|\n|t:|1699990583\n|move|p2a: Sneasler|Fake Out|p1a: Great Tusk\n|-damage|p1a: Great Tusk|91\/100\n|-status|p1a: Great Tusk|psn|[from] ability: Poison Touch|[of] p2a: Sneasler\n|cant|p1a: Great Tusk|flinch\n|\n|-heal|p1a: Great Tusk|97\/100 psn|[from] item: Leftovers\n|-damage|p1a: Great Tusk|85\/100 psn|[from] psn\n|upkeep\n|turn|2\n|inactive|BillyBoBaggins has 120 seconds left.\n|\n|t:|1699990616\n|switch|p2a: Glimmora|Glimmora, F|100\/100\n|move|p1a: Great Tusk|Ice Spinner|p2a: Glimmora\n|-damage|p2a: Glimmora|74\/100\n|-activate|p2a: Glimmora|ability: Toxic Debris\n|-sidestart|p1: Pwaite|move: Toxic Spikes\n|-enditem|p2a: Glimmora|Red Card|[of] p1a: Great Tusk\n|-end|p1a: Great Tusk|Protosynthesis|[silent]\n|drag|p1a: Kingambit|Kingambit, F|100\/100\n|\n|upkeep\n|turn|3\n|inactive|BillyBoBaggins has 120 seconds left.\n|inactive|Pwaite has 120 seconds left.\n|\n|t:|1699990649\n|switch|p2a: Zamazenta|Zamazenta, shiny|100\/100\n|-ability|p2a: Zamazenta|Dauntless Shield|boost\n|-boost|p2a: Zamazenta|def|1\n|-end|p1a: Kingambit|fallenundefined|[silent]\n|switch|p1a: Ribombee|Ribombee, F|100\/100\n|-status|p1a: Ribombee|psn\n|\n|-damage|p1a: Ribombee|88\/100 psn|[from] psn\n|upkeep\n|turn|4\n|\n|t:|1699990658\n|move|p1a: Ribombee|Sticky Web|p2a: Zamazenta\n|-sidestart|p2: BillyBoBaggins|move: Sticky Web\n|move|p2a: Zamazenta|Heavy Slam|p1a: Ribombee\n|-supereffective|p1a: Ribombee\n|-damage|p1a: Ribombee|0 fnt\n|faint|p1a: Ribombee\n|\n|upkeep\n|inactive|Pwaite has 120 seconds left.\n|\n|t:|1699990678\n|switch|p1a: Iron Moth|Iron Moth|100\/100\n|-sideend|p1: Pwaite|move: Toxic Spikes|[of] p1a: Iron Moth\n|-enditem|p1a: Iron Moth|Booster Energy\n|-activate|p1a: Iron Moth|ability: Quark Drive|[fromitem]\n|-start|p1a: Iron Moth|quarkdrivespe\n|turn|5\n|\n|t:|1699990695\n|switch|p2a: Dragapult|Dragapult, F|100\/100\n|-activate|p2a: Dragapult|move: Sticky Web\n|-unboost|p2a: Dragapult|spe|1\n|move|p1a: Iron Moth|Fiery Dance|p2a: Dragapult\n|-resisted|p2a: Dragapult\n|-damage|p2a: Dragapult|70\/100\n|-boost|p1a: Iron Moth|spa|1\n|-start|p1a: Iron Moth|Disable|Fiery Dance|[from] ability: Cursed Body|[of] p2a: Dragapult\n|\n|-heal|p2a: Dragapult|76\/100|[from] item: Leftovers\n|upkeep\n|turn|6\n|inactive|Pwaite has 120 seconds left.\n|\n|t:|1699990714\n|move|p1a: Iron Moth|Sludge Wave|p2a: Dragapult\n|-resisted|p2a: Dragapult\n|-damage|p2a: Dragapult|25\/100\n|move|p2a: Dragapult|Pounce|p1a: Iron Moth\n|-resisted|p1a: Iron Moth\n|-damage|p1a: Iron Moth|95\/100\n|-unboost|p1a: Iron Moth|spe|1\n|\n|-heal|p2a: Dragapult|31\/100|[from] item: Leftovers\n|upkeep\n|turn|7\n|inactive|Pwaite has 120 seconds left.\n|\n|t:|1699990732\n|move|p1a: Iron Moth|Sludge Wave|p2a: Dragapult\n|-resisted|p2a: Dragapult\n|-damage|p2a: Dragapult|0 fnt\n|faint|p2a: Dragapult\n|\n|upkeep\n|\n|t:|1699990743\n|switch|p2a: Glimmora|Glimmora, F|74\/100\n|-activate|p2a: Glimmora|move: Sticky Web\n|-unboost|p2a: Glimmora|spe|1\n|turn|8\n|inactive|Pwaite has 120 seconds left.\n|\n|t:|1699990754\n|-end|p1a: Iron Moth|Quark Drive|[silent]\n|switch|p1a: Gholdengo|Gholdengo|100\/100\n|-item|p1a: Gholdengo|Air Balloon\n|move|p2a: Glimmora|Mortal Spin|p1a: Gholdengo\n|-immune|p1a: Gholdengo\n|\n|upkeep\n|turn|9\n|\n|t:|1699990774\n|switch|p2a: Zamazenta|Zamazenta, shiny|100\/100\n|-activate|p2a: Zamazenta|move: Sticky Web\n|-unboost|p2a: Zamazenta|spe|1\n|move|p1a: Gholdengo|Make It Rain|p2a: Zamazenta\n|-damage|p2a: Zamazenta|57\/100\n|-unboost|p1a: Gholdengo|spa|1\n|\n|upkeep\n|turn|10\n|\n|t:|1699990788\n|switch|p1a: Great Tusk|Great Tusk|85\/100 psn\n|move|p2a: Zamazenta|Crunch|p1a: Great Tusk\n|-resisted|p1a: Great Tusk\n|-damage|p1a: Great Tusk|74\/100 psn\n|\n|-heal|p1a: Great Tusk|81\/100 psn|[from] item: Leftovers\n|-damage|p1a: Great Tusk|68\/100 psn|[from] psn\n|upkeep\n|turn|11\n|\n|t:|1699990796\n|move|p1a: Great Tusk|Earthquake|p2a: Zamazenta\n|-damage|p2a: Zamazenta|12\/100\n|move|p2a: Zamazenta|Play Rough|p1a: Great Tusk\n|-supereffective|p1a: Great Tusk\n|-damage|p1a: Great Tusk|19\/100 psn\n|-unboost|p1a: Great Tusk|atk|1\n|\n|-heal|p1a: Great Tusk|25\/100 psn|[from] item: Leftovers\n|-damage|p1a: Great Tusk|13\/100 psn|[from] psn\n|upkeep\n|turn|12\n|\n|t:|1699990813\n|switch|p2a: Glimmora|Glimmora, F|74\/100\n|-activate|p2a: Glimmora|move: Sticky Web\n|-unboost|p2a: Glimmora|spe|1\n|move|p1a: Great Tusk|Ice Spinner|p2a: Glimmora\n|-damage|p2a: Glimmora|57\/100\n|-activate|p2a: Glimmora|ability: Toxic Debris\n|-sidestart|p1: Pwaite|move: Toxic Spikes\n|\n|-heal|p1a: Great Tusk|19\/100 psn|[from] item: Leftovers\n|-damage|p1a: Great Tusk|7\/100 psn|[from] psn\n|upkeep\n|turn|13\n|\n|t:|1699990832\n|switch|p2a: Zamazenta|Zamazenta, shiny|12\/100\n|-activate|p2a: Zamazenta|move: Sticky Web\n|-unboost|p2a: Zamazenta|spe|1\n|move|p1a: Great Tusk|Earthquake|p2a: Zamazenta\n|-damage|p2a: Zamazenta|0 fnt\n|faint|p2a: Zamazenta\n|\n|-heal|p1a: Great Tusk|13\/100 psn|[from] item: Leftovers\n|-damage|p1a: Great Tusk|0 fnt|[from] psn\n|faint|p1a: Great Tusk\n|-end|p1a: Great Tusk|Protosynthesis|[silent]\n|upkeep\n|\n|t:|1699990851\n|switch|p2a: Dragonite|Dragonite, F|100\/100\n|switch|p1a: Iron Moth|Iron Moth|95\/100\n|-sideend|p1: Pwaite|move: Toxic Spikes|[of] p1a: Iron Moth\n|turn|14\n|\n|t:|1699990861\n|move|p1a: Iron Moth|Sludge Wave|p2a: Dragonite\n|-damage|p2a: Dragonite|77\/100\n|move|p2a: Dragonite|Dragon Dance|p2a: Dragonite\n|-boost|p2a: Dragonite|atk|1\n|-boost|p2a: Dragonite|spe|1\n|\n|-heal|p2a: Dragonite|83\/100|[from] item: Leftovers\n|upkeep\n|turn|15\n|\n|t:|1699990872\n|-end|p1a: Iron Moth|Quark Drive|[silent]\n|switch|p1a: Gholdengo|Gholdengo|100\/100\n|-item|p1a: Gholdengo|Air Balloon\n|move|p2a: Dragonite|Dragon Dance|p2a: Dragonite\n|-boost|p2a: Dragonite|atk|1\n|-boost|p2a: Dragonite|spe|1\n|\n|-heal|p2a: Dragonite|89\/100|[from] item: Leftovers\n|upkeep\n|turn|16\n|inactive|BillyBoBaggins has 90 seconds left.\n|\n|t:|1699990893\n|-terastallize|p2a: Dragonite|Poison\n|move|p2a: Dragonite|Ice Spinner|p1a: Gholdengo\n|-resisted|p1a: Gholdengo\n|-damage|p1a: Gholdengo|71\/100\n|-enditem|p1a: Gholdengo|Air Balloon\n|move|p1a: Gholdengo|Shadow Ball|p2a: Dragonite\n|-damage|p2a: Dragonite|43\/100\n|-unboost|p2a: Dragonite|spd|1\n|\n|-heal|p2a: Dragonite|49\/100|[from] item: Leftovers\n|upkeep\n|turn|17\n|inactive|BillyBoBaggins has 90 seconds left.\n|\n|t:|1699990913\n|move|p2a: Dragonite|Roost|p2a: Dragonite\n|-heal|p2a: Dragonite|99\/100\n|move|p1a: Gholdengo|Shadow Ball|p2a: Dragonite\n|-damage|p2a: Dragonite|37\/100\n|-unboost|p2a: Dragonite|spd|1\n|\n|-heal|p2a: Dragonite|43\/100|[from] item: Leftovers\n|upkeep\n|turn|18\n|\n|t:|1699990918\n|move|p2a: Dragonite|Earthquake|p1a: Gholdengo\n|-supereffective|p1a: Gholdengo\n|-damage|p1a: Gholdengo|0 fnt\n|faint|p1a: Gholdengo\n|\n|-heal|p2a: Dragonite|49\/100|[from] item: Leftovers\n|upkeep\n|\n|t:|1699990923\n|switch|p1a: Kingambit|Kingambit, F|100\/100\n|-activate|p1a: Kingambit|ability: Supreme Overlord\n|-start|p1a: Kingambit|fallen3|[silent]\n|turn|19\n|\n|t:|1699990931\n|move|p2a: Dragonite|Roost|p2a: Dragonite\n|-heal|p2a: Dragonite|99\/100\n|move|p1a: Kingambit|Kowtow Cleave|p2a: Dragonite\n|-damage|p2a: Dragonite|24\/100\n|\n|-heal|p2a: Dragonite|31\/100|[from] item: Leftovers\n|upkeep\n|turn|20\n|\n|t:|1699990941\n|move|p1a: Kingambit|Sucker Punch|p2a: Dragonite\n|-damage|p2a: Dragonite|0 fnt\n|faint|p2a: Dragonite\n|\n|upkeep\n|\n|t:|1699990957\n|switch|p2a: Zapdos|Zapdos|100\/100\n|turn|21\n|\n|t:|1699990966\n|-end|p1a: Kingambit|fallen3|[silent]\n|switch|p1a: Iron Moth|Iron Moth|95\/100\n|move|p2a: Zapdos|Discharge|p1a: Iron Moth\n|-damage|p1a: Iron Moth|50\/100\n|\n|upkeep\n|turn|22\n|\n|t:|1699990978\n|move|p1a: Iron Moth|Fiery Dance|p2a: Zapdos\n|-damage|p2a: Zapdos|53\/100\n|-boost|p1a: Iron Moth|spa|1\n|move|p2a: Zapdos|Discharge|p1a: Iron Moth\n|-damage|p1a: Iron Moth|11\/100\n|\n|upkeep\n|turn|23\n|\n|t:|1699990985\n|switch|p2a: Glimmora|Glimmora, F|57\/100\n|-activate|p2a: Glimmora|move: Sticky Web\n|-unboost|p2a: Glimmora|spe|1\n|move|p1a: Iron Moth|Fiery Dance|p2a: Glimmora\n|-resisted|p2a: Glimmora\n|-damage|p2a: Glimmora|30\/100\n|\n|upkeep\n|turn|24\n|\n|t:|1699990996\n|move|p1a: Iron Moth|Energy Ball|p2a: Glimmora\n|-damage|p2a: Glimmora|0 fnt\n|faint|p2a: Glimmora\n|\n|upkeep\n|\n|t:|1699991001\n|switch|p2a: Sneasler|Sneasler, F|100\/100\n|-activate|p2a: Sneasler|move: Sticky Web\n|-unboost|p2a: Sneasler|spe|1\n|turn|25\n|\n|t:|1699991010\n|-terastallize|p1a: Iron Moth|Ghost\n|move|p2a: Sneasler|Fake Out|p1a: Iron Moth\n|-immune|p1a: Iron Moth\n|move|p1a: Iron Moth|Fiery Dance|p2a: Sneasler\n|-damage|p2a: Sneasler|24\/100\n|\n|upkeep\n|turn|26\n|\n|t:|1699991016\n|move|p1a: Iron Moth|Fiery Dance|p2a: Sneasler\n|-damage|p2a: Sneasler|0 fnt\n|faint|p2a: Sneasler\n|\n|upkeep\n|\n|t:|1699991019\n|switch|p2a: Zapdos|Zapdos|53\/100\n|turn|27\n|\n|t:|1699991033\n|move|p1a: Iron Moth|Sludge Wave|p2a: Zapdos\n|-crit|p2a: Zapdos\n|-damage|p2a: Zapdos|0 fnt\n|faint|p2a: Zapdos\n|\n|win|Pwaite\n|raw|Pwaite's rating: 1380 &rarr; <strong>1402<\/strong><br \/>(+22 for winning)\n|raw|BillyBoBaggins's rating: 1409 &rarr; <strong>1387<\/strong><br \/>(-22 for losing)\n|l|\u2606BillyBoBaggins\n","uploadtime":1699991191,"views":7,"p1id":"pwaite","p2id":"billybobaggins","formatid":"gen9ou","rating":1387,"private":0,"password":""}