{"id":"gen9ou-1991758721","p1":"sjdude12","p2":"magicwombat7778","format":"[Gen 9] OU","log":"|j|\u2606sjdude12\n|j|\u2606magicwombat7778\n|t:|1700112222\n|gametype|singles\n|player|p1|sjdude12|266|1303\n|player|p2|magicwombat7778|dawn|1348\n|teamsize|p1|6\n|teamsize|p2|6\n|gen|9\n|tier|[Gen 9] OU\n|rated|\n|rule|Sleep Clause Mod: Limit one foe put to sleep\n|rule|Species Clause: Limit one of each Pok\u00e9mon\n|rule|OHKO Clause: OHKO moves are banned\n|rule|Evasion Items Clause: Evasion items are banned\n|rule|Evasion Moves Clause: Evasion moves are banned\n|rule|Endless Battle Clause: Forcing endless battles is banned\n|rule|HP Percentage Mod: HP is shown in percentages\n|clearpoke\n|poke|p1|Azelf|\n|poke|p1|Samurott-Hisui, M|\n|poke|p1|Ceruledge, F|\n|poke|p1|Muk-Alola, M|\n|poke|p1|Great Tusk|\n|poke|p1|Gholdengo|\n|poke|p2|Gholdengo|\n|poke|p2|Iron Valiant|\n|poke|p2|Great Tusk|\n|poke|p2|Kingambit, M|\n|poke|p2|Samurott-Hisui, F|\n|poke|p2|Ogerpon-Wellspring, F|\n|teampreview\n|c|\u2606magicwombat7778|glhf\n|\n|t:|1700112237\n|start\n|switch|p1a: Samurott|Samurott-Hisui, M|100\/100\n|switch|p2a: Samurott|Samurott-Hisui, F|100\/100\n|turn|1\n|\n|t:|1700112242\n|move|p1a: Samurott|Sacred Sword|p2a: Samurott\n|-supereffective|p2a: Samurott\n|-enditem|p2a: Samurott|Focus Sash\n|-damage|p2a: Samurott|1\/100\n|move|p2a: Samurott|Sacred Sword|p1a: Samurott\n|-supereffective|p1a: Samurott\n|-damage|p1a: Samurott|1\/100\n|\n|upkeep\n|turn|2\n|\n|t:|1700112254\n|switch|p2a: Ogerpon|Ogerpon-Wellspring, F|100\/100\n|move|p1a: Samurott|Sacred Sword|p2a: Ogerpon\n|-damage|p2a: Ogerpon|47\/100\n|\n|upkeep\n|turn|3\n|\n|t:|1700112262\n|switch|p2a: Gholdengo|Gholdengo|100\/100\n|move|p1a: Samurott|Sacred Sword|p2a: Gholdengo\n|-immune|p2a: Gholdengo\n|\n|upkeep\n|turn|4\n|\n|t:|1700112270\n|switch|p1a: Muk|Muk-Alola, M|100\/100\n|move|p2a: Gholdengo|Shadow Ball|p1a: Muk\n|-resisted|p1a: Muk\n|-damage|p1a: Muk|88\/100\n|-unboost|p1a: Muk|spd|1\n|\n|upkeep\n|turn|5\n|\n|t:|1700112281\n|move|p2a: Gholdengo|Nasty Plot|p2a: Gholdengo\n|-boost|p2a: Gholdengo|spa|2\n|move|p1a: Muk|Knock Off|p2a: Gholdengo\n|-supereffective|p2a: Gholdengo\n|-damage|p2a: Gholdengo|0 fnt\n|-enditem|p2a: Gholdengo|Covert Cloak|[from] move: Knock Off|[of] p1a: Muk\n|faint|p2a: Gholdengo\n|\n|upkeep\n|\n|t:|1700112289\n|switch|p2a: Great Tusk|Great Tusk|100\/100\n|turn|6\n|\n|t:|1700112295\n|switch|p1a: Azelf|Azelf|100\/100\n|move|p2a: Great Tusk|Knock Off|p1a: Azelf\n|-supereffective|p1a: Azelf\n|-damage|p1a: Azelf|1\/100\n|-enditem|p1a: Azelf|Choice Specs|[from] move: Knock Off|[of] p2a: Great Tusk\n|\n|upkeep\n|turn|7\n|\n|t:|1700112305\n|-end|p2a: Great Tusk|Protosynthesis|[silent]\n|switch|p2a: Kingambit|Kingambit, M|100\/100\n|-activate|p2a: Kingambit|ability: Supreme Overlord\n|-start|p2a: Kingambit|fallen1|[silent]\n|move|p1a: Azelf|Dazzling Gleam|p2a: Kingambit\n|-damage|p2a: Kingambit|73\/100\n|\n|upkeep\n|turn|8\n|\n|t:|1700112322\n|switch|p1a: Great Tusk|Great Tusk|100\/100\n|move|p2a: Kingambit|Sucker Punch||[still]\n|-fail|p2a: Kingambit\n|\n|upkeep\n|turn|9\n|\n|t:|1700112331\n|-end|p2a: Kingambit|fallen1|[silent]\n|switch|p2a: Ogerpon|Ogerpon-Wellspring, F|47\/100\n|move|p1a: Great Tusk|Stealth Rock|p2a: Ogerpon\n|-sidestart|p2: magicwombat7778|move: Stealth Rock\n|\n|upkeep\n|turn|10\n|\n|t:|1700112338\n|move|p2a: Ogerpon|Horn Leech|p1a: Great Tusk\n|-supereffective|p1a: Great Tusk\n|-damage|p1a: Great Tusk|60\/100\n|-heal|p2a: Ogerpon|76\/100|[from] drain|[of] p1a: Great Tusk\n|move|p1a: Great Tusk|Close Combat|p2a: Ogerpon\n|-damage|p2a: Ogerpon|2\/100\n|-unboost|p1a: Great Tusk|def|1\n|-unboost|p1a: Great Tusk|spd|1\n|\n|-heal|p1a: Great Tusk|67\/100|[from] item: Leftovers\n|upkeep\n|turn|11\n|\n|t:|1700112362\n|-end|p1a: Great Tusk|Protosynthesis|[silent]\n|switch|p1a: Muk|Muk-Alola, M|88\/100\n|move|p2a: Ogerpon|Ivy Cudgel|p1a: Muk|[anim] Ivy Cudgel Water\n|-damage|p1a: Muk|22\/100\n|\n|upkeep\n|turn|12\n|\n|t:|1700112371\n|move|p1a: Muk|Shadow Sneak|p2a: Ogerpon\n|-damage|p2a: Ogerpon|0 fnt\n|faint|p2a: Ogerpon\n|\n|upkeep\n|\n|t:|1700112377\n|switch|p2a: Great Tusk|Great Tusk|100\/100\n|turn|13\n|\n|t:|1700112385\n|move|p1a: Muk|Shadow Sneak|p2a: Great Tusk\n|-damage|p2a: Great Tusk|91\/100\n|move|p2a: Great Tusk|Knock Off|p1a: Muk\n|-resisted|p1a: Muk\n|-damage|p1a: Muk|4\/100\n|-enditem|p1a: Muk|Assault Vest|[from] move: Knock Off|[of] p2a: Great Tusk\n|\n|upkeep\n|turn|14\n|\n|t:|1700112391\n|move|p1a: Muk|Shadow Sneak|p2a: Great Tusk\n|-damage|p2a: Great Tusk|80\/100\n|move|p2a: Great Tusk|Rapid Spin|p1a: Muk\n|-damage|p1a: Muk|0 fnt\n|-boost|p2a: Great Tusk|spe|1\n|-sideend|p2: magicwombat7778|Stealth Rock|[from] move: Rapid Spin|[of] p2a: Great Tusk\n|faint|p1a: Muk\n|\n|upkeep\n|\n|t:|1700112398\n|switch|p1a: Ceruledge|Ceruledge, F|100\/100\n|turn|15\n|\n|t:|1700112404\n|move|p2a: Great Tusk|Knock Off|p1a: Ceruledge\n|-supereffective|p1a: Ceruledge\n|-damage|p1a: Ceruledge|11\/100\n|-ability|p1a: Ceruledge|Weak Armor|boost\n|-unboost|p1a: Ceruledge|def|1\n|-boost|p1a: Ceruledge|spe|2\n|-enditem|p1a: Ceruledge|Focus Sash|[from] move: Knock Off|[of] p2a: Great Tusk\n|move|p1a: Ceruledge|Swords Dance|p1a: Ceruledge\n|-boost|p1a: Ceruledge|atk|2\n|\n|upkeep\n|turn|16\n|\n|t:|1700112414\n|move|p1a: Ceruledge|Close Combat|p2a: Great Tusk\n|-damage|p2a: Great Tusk|23\/100\n|-unboost|p1a: Ceruledge|def|1\n|-unboost|p1a: Ceruledge|spd|1\n|move|p2a: Great Tusk|Knock Off|p1a: Ceruledge\n|-supereffective|p1a: Ceruledge\n|-damage|p1a: Ceruledge|0 fnt\n|faint|p1a: Ceruledge\n|\n|upkeep\n|\n|t:|1700112427\n|switch|p1a: Samurott|Samurott-Hisui, M|1\/100\n|turn|17\n|\n|t:|1700112433\n|move|p2a: Great Tusk|Knock Off|p1a: Samurott\n|-resisted|p1a: Samurott\n|-damage|p1a: Samurott|0 fnt\n|-enditem|p1a: Samurott|Choice Scarf|[from] move: Knock Off|[of] p2a: Great Tusk\n|faint|p1a: Samurott\n|\n|upkeep\n|\n|t:|1700112440\n|switch|p1a: Great Tusk|Great Tusk|67\/100\n|turn|18\n|\n|t:|1700112447\n|move|p2a: Great Tusk|Close Combat|p1a: Great Tusk\n|-damage|p1a: Great Tusk|39\/100\n|-unboost|p2a: Great Tusk|def|1\n|-unboost|p2a: Great Tusk|spd|1\n|move|p1a: Great Tusk|Close Combat|p2a: Great Tusk\n|-damage|p2a: Great Tusk|0 fnt\n|-unboost|p1a: Great Tusk|def|1\n|-unboost|p1a: Great Tusk|spd|1\n|faint|p2a: Great Tusk\n|-end|p2a: Great Tusk|Protosynthesis|[silent]\n|\n|-heal|p1a: Great Tusk|45\/100|[from] item: Leftovers\n|upkeep\n|\n|t:|1700112466\n|switch|p2a: Samurott|Samurott-Hisui, F|1\/100\n|turn|19\n|\n|t:|1700112473\n|move|p2a: Samurott|Aqua Jet|p1a: Great Tusk\n|-supereffective|p1a: Great Tusk\n|-damage|p1a: Great Tusk|17\/100\n|move|p1a: Great Tusk|Close Combat|p2a: Samurott\n|-supereffective|p2a: Samurott\n|-damage|p2a: Samurott|0 fnt\n|-unboost|p1a: Great Tusk|def|1\n|-unboost|p1a: Great Tusk|spd|1\n|faint|p2a: Samurott\n|\n|-heal|p1a: Great Tusk|23\/100|[from] item: Leftovers\n|upkeep\n|\n|t:|1700112483\n|switch|p2a: Iron Valiant|Iron Valiant|100\/100\n|-enditem|p2a: Iron Valiant|Booster Energy\n|-activate|p2a: Iron Valiant|ability: Quark Drive|[fromitem]\n|-start|p2a: Iron Valiant|quarkdrivespe\n|turn|20\n|\n|t:|1700112489\n|move|p2a: Iron Valiant|Shadow Ball|p1a: Great Tusk\n|-damage|p1a: Great Tusk|0 fnt\n|faint|p1a: Great Tusk\n|-end|p1a: Great Tusk|Protosynthesis|[silent]\n|\n|upkeep\n|\n|t:|1700112493\n|switch|p1a: Gholdengo|Gholdengo|100\/100\n|turn|21\n|\n|t:|1700112496\n|-terastallize|p1a: Gholdengo|Steel\n|move|p2a: Iron Valiant|Destiny Bond|p2a: Iron Valiant\n|-singlemove|p2a: Iron Valiant|Destiny Bond\n|move|p1a: Gholdengo|Make It Rain|p2a: Iron Valiant\n|-supereffective|p2a: Iron Valiant\n|-damage|p2a: Iron Valiant|0 fnt\n|-unboost|p1a: Gholdengo|spa|1\n|faint|p2a: Iron Valiant\n|-activate|p2a: Iron Valiant|move: Destiny Bond\n|-end|p2a: Iron Valiant|Quark Drive|[silent]\n|faint|p1a: Gholdengo\n|\n|upkeep\n|\n|t:|1700112507\n|switch|p2a: Kingambit|Kingambit, M|73\/100\n|switch|p1a: Azelf|Azelf|1\/100\n|-activate|p2a: Kingambit|ability: Supreme Overlord\n|-start|p2a: Kingambit|fallen5|[silent]\n|turn|22\n|\n|t:|1700112515\n|move|p1a: Azelf|Flamethrower|p2a: Kingambit\n|-supereffective|p2a: Kingambit\n|-damage|p2a: Kingambit|12\/100\n|move|p2a: Kingambit|Kowtow Cleave|p1a: Azelf\n|-supereffective|p1a: Azelf\n|-damage|p1a: Azelf|0 fnt\n|faint|p1a: Azelf\n|-damage|p2a: Kingambit|2\/100|[from] item: Life Orb\n|\n|win|magicwombat7778\n|raw|sjdude12's rating: 1303 &rarr; <strong>1286<\/strong><br \/>(-17 for losing)\n|raw|magicwombat7778's rating: 1348 &rarr; <strong>1365<\/strong><br \/>(+17 for winning)\n|l|\u2606sjdude12\n|c|\u2606magicwombat7778|gg\n","uploadtime":1700112551,"views":13,"p1id":"sjdude12","p2id":"magicwombat7778","formatid":"gen9ou","rating":1286,"private":0,"password":""}