{"id":"gen9ou-1994042591","p1":"xcxcxxcxc","p2":"yoyolord","format":"[Gen 9] OU","log":"|j|\u2606xcxcxxcxc\n|j|\u2606yoyolord\n|t:|1700398713\n|gametype|singles\n|player|p1|xcxcxxcxc|lucas|1589\n|player|p2|yoyolord|266|1492\n|teamsize|p1|6\n|teamsize|p2|6\n|gen|9\n|tier|[Gen 9] OU\n|rated|\n|rule|Sleep Clause Mod: Limit one foe put to sleep\n|rule|Species Clause: Limit one of each Pok\u00e9mon\n|rule|OHKO Clause: OHKO moves are banned\n|rule|Evasion Items Clause: Evasion items are banned\n|rule|Evasion Moves Clause: Evasion moves are banned\n|rule|Endless Battle Clause: Forcing endless battles is banned\n|rule|HP Percentage Mod: HP is shown in percentages\n|clearpoke\n|poke|p1|Torkoal, M|\n|poke|p1|Lilligant-Hisui, F|\n|poke|p1|Walking Wake|\n|poke|p1|Garganacl, M|\n|poke|p1|Great Tusk|\n|poke|p1|Corviknight, M|\n|poke|p2|Cinderace, F|\n|poke|p2|Zapdos|\n|poke|p2|Ogerpon-Wellspring, F|\n|poke|p2|Slowking-Galar, F|\n|poke|p2|Ting-Lu|\n|poke|p2|Dondozo, M|\n|teampreview\n|\n|t:|1700398724\n|start\n|switch|p1a: No Talkin 2 Jakes|Walking Wake|100\/100\n|switch|p2a: Ting-Lu|Ting-Lu|100\/100\n|-ability|p2a: Ting-Lu|Vessel of Ruin\n|turn|1\n|\n|t:|1700398729\n|switch|p2a: Slowking|Slowking-Galar, F|100\/100\n|move|p1a: No Talkin 2 Jakes|Draco Meteor|p2a: Slowking\n|-damage|p2a: Slowking|23\/100\n|-unboost|p1a: No Talkin 2 Jakes|spa|2\n|\n|upkeep\n|turn|2\n|\n|t:|1700398735\n|switch|p2a: Ogerpon|Ogerpon-Wellspring, F|100\/100\n|move|p1a: No Talkin 2 Jakes|Draco Meteor|p2a: Ogerpon|[miss]\n|-miss|p1a: No Talkin 2 Jakes|p2a: Ogerpon\n|\n|upkeep\n|turn|3\n|\n|t:|1700398740\n|-end|p1a: No Talkin 2 Jakes|Protosynthesis|[silent]\n|switch|p1a: T=r*F*sin(theta)|Torkoal, M|100\/100\n|-weather|SunnyDay|[from] ability: Drought|[of] p1a: T=r*F*sin(theta)\n|move|p2a: Ogerpon|Power Whip|p1a: T=r*F*sin(theta)\n|-resisted|p1a: T=r*F*sin(theta)\n|-damage|p1a: T=r*F*sin(theta)|74\/100\n|\n|-weather|SunnyDay|[upkeep]\n|upkeep\n|turn|4\n|\n|t:|1700398747\n|switch|p2a: Cinderace|Cinderace, F|100\/100\n|switch|p1a: Bruce Vane|Corviknight, M|100\/100\n|\n|-weather|SunnyDay|[upkeep]\n|upkeep\n|turn|5\n|\n|t:|1700398763\n|switch|p1a: No Talkin 2 Jakes|Walking Wake|100\/100\n|-activate|p1a: No Talkin 2 Jakes|ability: Protosynthesis\n|-start|p1a: No Talkin 2 Jakes|protosynthesisspa\n|move|p2a: Cinderace|U-turn|p1a: No Talkin 2 Jakes\n|-damage|p1a: No Talkin 2 Jakes|78\/100\n|\n|t:|1700398765\n|switch|p2a: Ogerpon|Ogerpon-Wellspring, F|100\/100|[from] U-turn\n|\n|-weather|SunnyDay|[upkeep]\n|upkeep\n|turn|6\n|\n|t:|1700398779\n|switch|p2a: Ting-Lu|Ting-Lu|100\/100\n|-ability|p2a: Ting-Lu|Vessel of Ruin\n|-end|p1a: No Talkin 2 Jakes|Protosynthesis|[silent]\n|switch|p1a: Bruce Vane|Corviknight, M|100\/100\n|\n|-weather|SunnyDay|[upkeep]\n|upkeep\n|turn|7\n|\n|t:|1700398785\n|move|p1a: Bruce Vane|U-turn|p2a: Ting-Lu\n|-supereffective|p2a: Ting-Lu\n|-damage|p2a: Ting-Lu|85\/100\n|\n|t:|1700398787\n|switch|p1a: Teeter Pan|Lilligant-Hisui, F|100\/100|[from] U-turn\n|move|p2a: Ting-Lu|Stealth Rock|p1a: Teeter Pan\n|-sidestart|p1: xcxcxxcxc|move: Stealth Rock\n|\n|-weather|SunnyDay|[upkeep]\n|-heal|p2a: Ting-Lu|92\/100|[from] item: Leftovers\n|upkeep\n|turn|8\n|\n|t:|1700398797\n|switch|p2a: Cinderace|Cinderace, F|100\/100\n|move|p1a: Teeter Pan|Solar Blade||[still]\n|-prepare|p1a: Teeter Pan|Solar Blade\n|-anim|p1a: Teeter Pan|Solar Blade|p2a: Cinderace\n|-resisted|p2a: Cinderace\n|-damage|p2a: Cinderace|42\/100\n|\n|-weather|SunnyDay|[upkeep]\n|upkeep\n|turn|9\n|\n|t:|1700398806\n|move|p1a: Teeter Pan|Solar Blade||[still]\n|-prepare|p1a: Teeter Pan|Solar Blade\n|-anim|p1a: Teeter Pan|Solar Blade|p2a: Cinderace\n|-resisted|p2a: Cinderace\n|-damage|p2a: Cinderace|0 fnt\n|faint|p2a: Cinderace\n|\n|-weather|SunnyDay|[upkeep]\n|upkeep\n|\n|t:|1700398807\n|switch|p2a: Zapdos|Zapdos|100\/100\n|turn|10\n|\n|t:|1700398811\n|switch|p1a: Brick Ross|Garganacl, M|100\/100\n|-damage|p1a: Brick Ross|88\/100|[from] Stealth Rock\n|move|p2a: Zapdos|Volt Switch|p1a: Brick Ross\n|-damage|p1a: Brick Ross|67\/100\n|\n|t:|1700398814\n|switch|p2a: Ogerpon|Ogerpon-Wellspring, F|100\/100|[from] Volt Switch\n|\n|-weather|none\n|-heal|p1a: Brick Ross|74\/100|[from] item: Leftovers\n|upkeep\n|turn|11\n|\n|t:|1700398829\n|switch|p1a: T=r*F*sin(theta)|Torkoal, M|74\/100\n|-damage|p1a: T=r*F*sin(theta)|49\/100|[from] Stealth Rock\n|-weather|SunnyDay|[from] ability: Drought|[of] p1a: T=r*F*sin(theta)\n|-terastallize|p2a: Ogerpon|Water\n|detailschange|p2a: Ogerpon|Ogerpon-Wellspring-Tera, F, tera:Water\n|-ability|p2a: Ogerpon|Embody Aspect (Wellspring)|boost\n|-boost|p2a: Ogerpon|spd|1\n|move|p2a: Ogerpon|Ivy Cudgel|p1a: T=r*F*sin(theta)|[anim] Ivy Cudgel Water\n|-supereffective|p1a: T=r*F*sin(theta)\n|-damage|p1a: T=r*F*sin(theta)|0 fnt\n|faint|p1a: T=r*F*sin(theta)\n|\n|-weather|SunnyDay|[upkeep]\n|upkeep\n|\n|t:|1700398831\n|switch|p1a: Teeter Pan|Lilligant-Hisui, F|100\/100\n|-damage|p1a: Teeter Pan|94\/100|[from] Stealth Rock\n|turn|12\n|\n|t:|1700398836\n|switch|p2a: Slowking|Slowking-Galar, F|56\/100\n|move|p1a: Teeter Pan|Solar Blade||[still]\n|-prepare|p1a: Teeter Pan|Solar Blade\n|-anim|p1a: Teeter Pan|Solar Blade|p2a: Slowking\n|-resisted|p2a: Slowking\n|-damage|p2a: Slowking|22\/100\n|\n|-weather|SunnyDay|[upkeep]\n|upkeep\n|turn|13\n|\n|t:|1700398849\n|switch|p2a: Zapdos|Zapdos|100\/100\n|move|p1a: Teeter Pan|Solar Blade||[still]\n|-prepare|p1a: Teeter Pan|Solar Blade\n|-anim|p1a: Teeter Pan|Solar Blade|p2a: Zapdos\n|-resisted|p2a: Zapdos\n|-damage|p2a: Zapdos|59\/100\n|\n|-weather|SunnyDay|[upkeep]\n|upkeep\n|turn|14\n|\n|t:|1700398855\n|switch|p1a: Bruce Vane|Corviknight, M|100\/100\n|-damage|p1a: Bruce Vane|88\/100|[from] Stealth Rock\n|move|p2a: Zapdos|Roost|p2a: Zapdos\n|-heal|p2a: Zapdos|100\/100\n|-singleturn|p2a: Zapdos|move: Roost\n|\n|-weather|SunnyDay|[upkeep]\n|upkeep\n|turn|15\n|\n|t:|1700398861\n|switch|p1a: Tusco Salamanca|Great Tusk|100\/100\n|-damage|p1a: Tusco Salamanca|98\/100|[from] Stealth Rock\n|-activate|p1a: Tusco Salamanca|ability: Protosynthesis\n|-start|p1a: Tusco Salamanca|protosynthesisatk\n|move|p2a: Zapdos|Volt Switch|p1a: Tusco Salamanca\n|-immune|p1a: Tusco Salamanca\n|\n|-weather|SunnyDay|[upkeep]\n|upkeep\n|turn|16\n|\n|t:|1700398864\n|move|p1a: Tusco Salamanca|Rapid Spin|p2a: Zapdos\n|-damage|p2a: Zapdos|80\/100\n|-boost|p1a: Tusco Salamanca|spe|1\n|-status|p1a: Tusco Salamanca|par|[from] ability: Static|[of] p2a: Zapdos\n|-sideend|p1: xcxcxxcxc|Stealth Rock|[from] move: Rapid Spin|[of] p1a: Tusco Salamanca\n|move|p2a: Zapdos|Hurricane|p1a: Tusco Salamanca\n|-supereffective|p1a: Tusco Salamanca\n|-damage|p1a: Tusco Salamanca|9\/100 par\n|\n|-weather|SunnyDay|[upkeep]\n|upkeep\n|turn|17\n|\n|t:|1700398868\n|move|p2a: Zapdos|Hurricane|p1a: Tusco Salamanca\n|-supereffective|p1a: Tusco Salamanca\n|-damage|p1a: Tusco Salamanca|0 fnt\n|faint|p1a: Tusco Salamanca\n|-end|p1a: Tusco Salamanca|Protosynthesis|[silent]\n|\n|-weather|SunnyDay|[upkeep]\n|upkeep\n|\n|t:|1700398869\n|switch|p1a: No Talkin 2 Jakes|Walking Wake|78\/100\n|-activate|p1a: No Talkin 2 Jakes|ability: Protosynthesis\n|-start|p1a: No Talkin 2 Jakes|protosynthesisspa\n|turn|18\n|\n|t:|1700398876\n|switch|p2a: Slowking|Slowking-Galar, F|55\/100\n|move|p1a: No Talkin 2 Jakes|Dragon Pulse|p2a: Slowking\n|-damage|p2a: Slowking|0 fnt\n|faint|p2a: Slowking\n|\n|-weather|none\n|-end|p1a: No Talkin 2 Jakes|Protosynthesis\n|upkeep\n|\n|t:|1700398880\n|switch|p2a: Ogerpon|Ogerpon-Wellspring-Tera, F, tera:Water|100\/100\n|-ability|p2a: Ogerpon|Embody Aspect (Wellspring)|boost\n|-boost|p2a: Ogerpon|spd|1\n|turn|19\n|\n|t:|1700398882\n|move|p2a: Ogerpon|Power Whip|p1a: No Talkin 2 Jakes|[miss]\n|-miss|p2a: Ogerpon|p1a: No Talkin 2 Jakes\n|move|p1a: No Talkin 2 Jakes|Dragon Pulse|p2a: Ogerpon\n|-damage|p2a: Ogerpon|47\/100\n|\n|upkeep\n|turn|20\n|\n|t:|1700398886\n|move|p2a: Ogerpon|Ivy Cudgel|p1a: No Talkin 2 Jakes|[anim] Ivy Cudgel Water\n|-resisted|p1a: No Talkin 2 Jakes\n|-damage|p1a: No Talkin 2 Jakes|55\/100\n|move|p1a: No Talkin 2 Jakes|Dragon Pulse|p2a: Ogerpon\n|-damage|p2a: Ogerpon|0 fnt\n|faint|p2a: Ogerpon\n|\n|upkeep\n|\n|t:|1700398889\n|switch|p2a: Ting-Lu|Ting-Lu|92\/100\n|-ability|p2a: Ting-Lu|Vessel of Ruin\n|turn|21\n|\n|t:|1700398892\n|-end|p1a: No Talkin 2 Jakes|Protosynthesis|[silent]\n|switch|p1a: Teeter Pan|Lilligant-Hisui, F|94\/100\n|move|p2a: Ting-Lu|Earthquake|p1a: Teeter Pan\n|-resisted|p1a: Teeter Pan\n|-damage|p1a: Teeter Pan|65\/100\n|\n|-heal|p2a: Ting-Lu|98\/100|[from] item: Leftovers\n|upkeep\n|turn|22\n|\n|t:|1700398895\n|switch|p2a: Zapdos|Zapdos|80\/100\n|move|p1a: Teeter Pan|Sleep Powder|p2a: Zapdos\n|-status|p2a: Zapdos|slp|[from] move: Sleep Powder\n|\n|upkeep\n|turn|23\n|\n|t:|1700398900\n|switch|p1a: No Talkin 2 Jakes|Walking Wake|55\/100\n|switch|p2a: Ting-Lu|Ting-Lu|98\/100\n|-ability|p2a: Ting-Lu|Vessel of Ruin\n|\n|-heal|p2a: Ting-Lu|100\/100|[from] item: Leftovers\n|upkeep\n|turn|24\n|\n|t:|1700398905\n|-end|p1a: No Talkin 2 Jakes|Protosynthesis|[silent]\n|switch|p1a: Teeter Pan|Lilligant-Hisui, F|65\/100\n|move|p2a: Ting-Lu|Earthquake|p1a: Teeter Pan\n|-resisted|p1a: Teeter Pan\n|-damage|p1a: Teeter Pan|39\/100\n|\n|upkeep\n|turn|25\n|\n|t:|1700398906\n|switch|p2a: Zapdos|Zapdos|80\/100 slp\n|move|p1a: Teeter Pan|Close Combat|p2a: Zapdos\n|-resisted|p2a: Zapdos\n|-damage|p2a: Zapdos|43\/100 slp\n|-unboost|p1a: Teeter Pan|def|1\n|-unboost|p1a: Teeter Pan|spd|1\n|-status|p1a: Teeter Pan|par|[from] ability: Static|[of] p2a: Zapdos\n|\n|upkeep\n|turn|26\n|\n|t:|1700398909\n|cant|p2a: Zapdos|slp\n|cant|p1a: Teeter Pan|par\n|\n|upkeep\n|turn|27\n|\n|t:|1700398912\n|cant|p2a: Zapdos|slp\n|cant|p1a: Teeter Pan|par\n|\n|upkeep\n|turn|28\n|\n|t:|1700398914\n|switch|p1a: No Talkin 2 Jakes|Walking Wake|55\/100\n|-curestatus|p2a: Zapdos|slp|[msg]\n|move|p2a: Zapdos|Hurricane|p1a: No Talkin 2 Jakes|[miss]\n|-miss|p2a: Zapdos|p1a: No Talkin 2 Jakes\n|\n|upkeep\n|turn|29\n|\n|t:|1700398917\n|switch|p2a: Dondozo|Dondozo, M|100\/100\n|move|p1a: No Talkin 2 Jakes|Dragon Pulse|p2a: Dondozo\n|-damage|p2a: Dondozo|40\/100\n|\n|upkeep\n|turn|30\n|\n|t:|1700398920\n|switch|p2a: Ting-Lu|Ting-Lu|100\/100\n|-ability|p2a: Ting-Lu|Vessel of Ruin\n|move|p1a: No Talkin 2 Jakes|Dragon Pulse|p2a: Ting-Lu\n|-damage|p2a: Ting-Lu|76\/100\n|\n|-heal|p2a: Ting-Lu|82\/100|[from] item: Leftovers\n|upkeep\n|turn|31\n|\n|t:|1700398923\n|-end|p1a: No Talkin 2 Jakes|Protosynthesis|[silent]\n|switch|p1a: Teeter Pan|Lilligant-Hisui, F|39\/100 par\n|move|p2a: Ting-Lu|Stealth Rock|p1a: Teeter Pan\n|-sidestart|p1: xcxcxxcxc|move: Stealth Rock\n|\n|-heal|p2a: Ting-Lu|88\/100|[from] item: Leftovers\n|upkeep\n|turn|32\n|\n|t:|1700398925\n|switch|p2a: Dondozo|Dondozo, M|40\/100\n|move|p1a: Teeter Pan|Close Combat|p2a: Dondozo\n|-damage|p2a: Dondozo|3\/100\n|-unboost|p1a: Teeter Pan|def|1\n|-unboost|p1a: Teeter Pan|spd|1\n|\n|upkeep\n|turn|33\n|\n|t:|1700398928\n|move|p1a: Teeter Pan|Close Combat|p2a: Dondozo\n|-damage|p2a: Dondozo|0 fnt\n|-unboost|p1a: Teeter Pan|def|1\n|-unboost|p1a: Teeter Pan|spd|1\n|faint|p2a: Dondozo\n|\n|upkeep\n|\n|t:|1700398929\n|switch|p2a: Zapdos|Zapdos|43\/100\n|turn|34\n|\n|t:|1700398933\n|switch|p1a: Brick Ross|Garganacl, M|74\/100\n|-damage|p1a: Brick Ross|61\/100|[from] Stealth Rock\n|move|p2a: Zapdos|Roost|p2a: Zapdos\n|-heal|p2a: Zapdos|93\/100\n|-singleturn|p2a: Zapdos|move: Roost\n|\n|-heal|p1a: Brick Ross|67\/100|[from] item: Leftovers\n|upkeep\n|turn|35\n|\n|t:|1700398935\n|move|p2a: Zapdos|Volt Switch|p1a: Brick Ross\n|-damage|p1a: Brick Ross|44\/100\n|\n|t:|1700398936\n|switch|p2a: Ting-Lu|Ting-Lu|88\/100|[from] Volt Switch\n|-ability|p2a: Ting-Lu|Vessel of Ruin\n|move|p1a: Brick Ross|Recover|p1a: Brick Ross\n|-heal|p1a: Brick Ross|94\/100\n|\n|-heal|p2a: Ting-Lu|94\/100|[from] item: Leftovers\n|-heal|p1a: Brick Ross|100\/100|[from] item: Leftovers\n|upkeep\n|turn|36\n|\n|t:|1700398937\n|move|p2a: Ting-Lu|Earthquake|p1a: Brick Ross\n|-supereffective|p1a: Brick Ross\n|-damage|p1a: Brick Ross|55\/100\n|move|p1a: Brick Ross|Salt Cure|p2a: Ting-Lu\n|-resisted|p2a: Ting-Lu\n|-damage|p2a: Ting-Lu|91\/100\n|-start|p2a: Ting-Lu|Salt Cure\n|\n|-heal|p2a: Ting-Lu|97\/100|[from] item: Leftovers\n|-heal|p1a: Brick Ross|62\/100|[from] item: Leftovers\n|-damage|p2a: Ting-Lu|85\/100|[from] Salt Cure\n|upkeep\n|turn|37\n|\n|t:|1700398939\n|switch|p1a: Bruce Vane|Corviknight, M|88\/100\n|-damage|p1a: Bruce Vane|76\/100|[from] Stealth Rock\n|move|p2a: Ting-Lu|Earthquake|p1a: Bruce Vane\n|-immune|p1a: Bruce Vane\n|\n|-heal|p2a: Ting-Lu|91\/100|[from] item: Leftovers\n|-damage|p2a: Ting-Lu|79\/100|[from] Salt Cure\n|upkeep\n|turn|38\n|\n|t:|1700398942\n|switch|p2a: Zapdos|Zapdos|93\/100\n|move|p1a: Bruce Vane|U-turn|p2a: Zapdos\n|-resisted|p2a: Zapdos\n|-damage|p2a: Zapdos|87\/100\n|-status|p1a: Bruce Vane|par|[from] ability: Static|[of] p2a: Zapdos\n|\n|t:|1700398944\n|switch|p1a: No Talkin 2 Jakes|Walking Wake|55\/100|[from] U-turn\n|-damage|p1a: No Talkin 2 Jakes|43\/100|[from] Stealth Rock\n|\n|upkeep\n|turn|39\n|\n|t:|1700398947\n|move|p1a: No Talkin 2 Jakes|Draco Meteor|p2a: Zapdos\n|-damage|p2a: Zapdos|0 fnt\n|-unboost|p1a: No Talkin 2 Jakes|spa|2\n|faint|p2a: Zapdos\n|\n|upkeep\n|-message|yoyolord forfeited.\n|\n|win|xcxcxxcxc\n|raw|xcxcxxcxc's rating: 1589 &rarr; <strong>1604<\/strong><br \/>(+15 for winning)\n|raw|yoyolord's rating: 1492 &rarr; <strong>1477<\/strong><br \/>(-15 for losing)\n|l|\u2606yoyolord\n","uploadtime":1700399039,"views":6,"p1id":"xcxcxxcxc","p2id":"yoyolord","formatid":"gen9ou","rating":1477,"private":0,"password":""}