{"id":"gen9ou-2000361392","p1":"Bub Testing","p2":"El Stefano","format":"[Gen 9] OU","log":"|j|\u2606Bub Testing\n|j|\u2606El Stefano\n|t:|1701188313\n|gametype|singles\n|player|p1|Bub Testing|n|1709\n|player|p2|El Stefano|101|1853\n|teamsize|p1|6\n|teamsize|p2|6\n|gen|9\n|tier|[Gen 9] OU\n|rated|\n|rule|Sleep Clause Mod: Limit one foe put to sleep\n|rule|Species Clause: Limit one of each Pok\u00e9mon\n|rule|OHKO Clause: OHKO moves are banned\n|rule|Evasion Items Clause: Evasion items are banned\n|rule|Evasion Moves Clause: Evasion moves are banned\n|rule|Endless Battle Clause: Forcing endless battles is banned\n|rule|HP Percentage Mod: HP is shown in percentages\n|clearpoke\n|poke|p1|Hatterene, F|\n|poke|p1|Gholdengo|\n|poke|p1|Ogerpon-Wellspring, F|\n|poke|p1|Moltres|\n|poke|p1|Zamazenta-*|\n|poke|p1|Ting-Lu|\n|poke|p2|Slowking, M|\n|poke|p2|Chesnaught, M|\n|poke|p2|Talonflame, F|\n|poke|p2|Clodsire, F|\n|poke|p2|Dondozo, M|\n|poke|p2|Clefable, F|\n|teampreview\n|inactive|Battle timer is ON: inactive players will automatically lose when time's up. (requested by El Stefano)\n|\n|t:|1701188334\n|start\n|switch|p1a: Gholdengo|Gholdengo|100\/100\n|switch|p2a: Clodsire|Clodsire, F|100\/100\n|turn|1\n|\n|t:|1701188341\n|switch|p2a: Slowking|Slowking, M, shiny|100\/100\n|move|p1a: Gholdengo|Make It Rain|p2a: Slowking\n|-resisted|p2a: Slowking\n|-damage|p2a: Slowking|85\/100\n|-unboost|p1a: Gholdengo|spa|1\n|-enditem|p1a: Gholdengo|Eject Pack\n|\n|t:|1701188353\n|switch|p1a: Ting-Lu|Ting-Lu|100\/100\n|-ability|p1a: Ting-Lu|Vessel of Ruin\n|\n|upkeep\n|turn|2\n|\n|t:|1701188360\n|switch|p2a: Clefable|Clefable, F|100\/100\n|move|p1a: Ting-Lu|Spikes|p2a: Clefable\n|-sidestart|p2: El Stefano|Spikes\n|\n|upkeep\n|turn|3\n|\n|t:|1701188364\n|switch|p1a: Gholdengo|Gholdengo|100\/100\n|move|p2a: Clefable|Knock Off|p1a: Gholdengo\n|-supereffective|p1a: Gholdengo\n|-damage|p1a: Gholdengo|86\/100\n|\n|upkeep\n|turn|4\n|\n|t:|1701188372\n|switch|p2a: Slowking|Slowking, M, shiny|100\/100\n|move|p1a: Gholdengo|Shadow Ball|p2a: Slowking\n|-supereffective|p2a: Slowking\n|-damage|p2a: Slowking|59\/100\n|-unboost|p2a: Slowking|spd|1\n|\n|upkeep\n|turn|5\n|\n|t:|1701188382\n|switch|p1a: Hatterene|Hatterene, F|100\/100\n|switch|p2a: Clodsire|Clodsire, F|100\/100\n|\n|upkeep\n|turn|6\n|\n|t:|1701188396\n|switch|p2a: Slowking|Slowking, M, shiny|93\/100\n|move|p1a: Hatterene|Calm Mind|p1a: Hatterene\n|-boost|p1a: Hatterene|spa|1\n|-boost|p1a: Hatterene|spd|1\n|\n|upkeep\n|turn|7\n|\n|t:|1701188402\n|switch|p2a: Clodsire|Clodsire, F|100\/100\n|move|p1a: Hatterene|Calm Mind|p1a: Hatterene\n|-boost|p1a: Hatterene|spa|1\n|-boost|p1a: Hatterene|spd|1\n|\n|upkeep\n|turn|8\n|\n|t:|1701188405\n|-terastallize|p2a: Clodsire|Steel\n|move|p1a: Hatterene|Psychic|p2a: Clodsire\n|-resisted|p2a: Clodsire\n|-damage|p2a: Clodsire|89\/100\n|-unboost|p2a: Clodsire|spd|1\n|move|p2a: Clodsire|Amnesia|p2a: Clodsire\n|-boost|p2a: Clodsire|spd|2\n|\n|upkeep\n|turn|9\n|\n|t:|1701188413\n|move|p1a: Hatterene|Nuzzle|p2a: Clodsire\n|-damage|p2a: Clodsire|86\/100\n|-status|p2a: Clodsire|par\n|move|p2a: Clodsire|Earthquake|p1a: Hatterene\n|-damage|p1a: Hatterene|79\/100\n|\n|upkeep\n|turn|10\n|\n|t:|1701188425\n|switch|p1a: Ting-Lu|Ting-Lu|100\/100\n|-ability|p1a: Ting-Lu|Vessel of Ruin\n|move|p2a: Clodsire|Poison Jab|p1a: Ting-Lu\n|-resisted|p1a: Ting-Lu\n|-damage|p1a: Ting-Lu|96\/100\n|\n|-heal|p1a: Ting-Lu|100\/100|[from] item: Leftovers\n|upkeep\n|turn|11\n|\n|t:|1701188431\n|switch|p2a: Clefable|Clefable, F|100\/100\n|move|p1a: Ting-Lu|Whirlwind|p2a: Clefable\n|drag|p2a: Slowking|Slowking, M, shiny|100\/100\n|\n|upkeep\n|turn|12\n|\n|t:|1701188441\n|switch|p1a: Ogerpon|Ogerpon-Wellspring, F|100\/100\n|move|p2a: Slowking|Scald|p1a: Ogerpon\n|-immune|p1a: Ogerpon|[from] ability: Water Absorb\n|\n|upkeep\n|turn|13\n|\n|t:|1701188450\n|switch|p2a: Chesnaught|Chesnaught, M|100\/100\n|move|p1a: Ogerpon|Swords Dance|p1a: Ogerpon\n|-boost|p1a: Ogerpon|atk|2\n|\n|upkeep\n|turn|14\n|\n|t:|1701188454\n|move|p1a: Ogerpon|Zen Headbutt|p2a: Chesnaught\n|-supereffective|p2a: Chesnaught\n|-damage|p2a: Chesnaught|24\/100\n|move|p2a: Chesnaught|Body Press|p1a: Ogerpon\n|-damage|p1a: Ogerpon|39\/100\n|\n|upkeep\n|turn|15\n|\n|t:|1701188462\n|switch|p2a: Talonflame|Talonflame, F|100\/100\n|move|p1a: Ogerpon|Ivy Cudgel|p2a: Talonflame|[anim] Ivy Cudgel Water\n|-supereffective|p2a: Talonflame\n|-damage|p2a: Talonflame|0 fnt\n|faint|p2a: Talonflame\n|\n|upkeep\n|\n|t:|1701188468\n|switch|p2a: Dondozo|Dondozo, M|100\/100\n|turn|16\n|\n|t:|1701188473\n|switch|p2a: Chesnaught|Chesnaught, M|24\/100\n|move|p1a: Ogerpon|Horn Leech|p2a: Chesnaught\n|-resisted|p2a: Chesnaught\n|-damage|p2a: Chesnaught|0 fnt\n|-heal|p1a: Ogerpon|54\/100|[from] drain|[of] p2a: Chesnaught\n|faint|p2a: Chesnaught\n|\n|upkeep\n|\n|t:|1701188475\n|switch|p2a: Clefable|Clefable, F|100\/100\n|turn|17\n|\n|t:|1701188481\n|switch|p1a: Gholdengo|Gholdengo|86\/100\n|move|p2a: Clefable|Moonblast|p1a: Gholdengo\n|-resisted|p1a: Gholdengo\n|-damage|p1a: Gholdengo|70\/100\n|\n|upkeep\n|turn|18\n|\n|t:|1701188489\n|switch|p2a: Slowking|Slowking, M, shiny|100\/100\n|move|p1a: Gholdengo|Shadow Ball|p2a: Slowking\n|-supereffective|p2a: Slowking\n|-damage|p2a: Slowking|57\/100\n|\n|upkeep\n|turn|19\n|\n|t:|1701188493\n|move|p1a: Gholdengo|Shadow Ball|p2a: Slowking\n|-supereffective|p2a: Slowking\n|-damage|p2a: Slowking|16\/100\n|move|p2a: Slowking|Scald|p1a: Gholdengo\n|-damage|p1a: Gholdengo|41\/100\n|-status|p1a: Gholdengo|brn\n|\n|-damage|p1a: Gholdengo|35\/100 brn|[from] brn\n|upkeep\n|turn|20\n|\n|t:|1701188500\n|switch|p2a: Clodsire|Clodsire, F, tera:Steel|86\/100 par\n|move|p1a: Gholdengo|Recover|p1a: Gholdengo\n|-heal|p1a: Gholdengo|85\/100 brn\n|\n|-damage|p1a: Gholdengo|79\/100 brn|[from] brn\n|upkeep\n|turn|21\n|\n|t:|1701188504\n|switch|p1a: Ting-Lu|Ting-Lu|100\/100\n|-ability|p1a: Ting-Lu|Vessel of Ruin\n|switch|p2a: Slowking|Slowking, M, shiny|49\/100\n|\n|upkeep\n|turn|22\n|\n|t:|1701188515\n|switch|p1a: Ogerpon|Ogerpon-Wellspring, F|54\/100\n|switch|p2a: Clefable|Clefable, F|100\/100\n|\n|upkeep\n|turn|23\n|\n|t:|1701188520\n|switch|p1a: Gholdengo|Gholdengo|79\/100 brn\n|move|p2a: Clefable|Stealth Rock|p1a: Gholdengo\n|-sidestart|p1: Bub Testing|move: Stealth Rock\n|\n|-damage|p1a: Gholdengo|73\/100 brn|[from] brn\n|upkeep\n|turn|24\n|\n|t:|1701188528\n|switch|p1a: Zamazenta|Zamazenta|100\/100\n|-damage|p1a: Zamazenta|95\/100|[from] Stealth Rock\n|-ability|p1a: Zamazenta|Dauntless Shield|boost\n|-boost|p1a: Zamazenta|def|1\n|switch|p2a: Slowking|Slowking, M, shiny|83\/100\n|\n|upkeep\n|turn|25\n|\n|t:|1701188535\n|switch|p2a: Dondozo|Dondozo, M|100\/100\n|move|p1a: Zamazenta|Crunch|p2a: Dondozo\n|-damage|p2a: Dondozo|88\/100\n|\n|upkeep\n|turn|26\n|\n|t:|1701188539\n|move|p1a: Zamazenta|Close Combat|p2a: Dondozo\n|-damage|p2a: Dondozo|60\/100\n|-unboost|p1a: Zamazenta|def|1\n|-unboost|p1a: Zamazenta|spd|1\n|-enditem|p1a: Zamazenta|Eject Pack\n|\n|t:|1701188546\n|switch|p1a: Moltres|Moltres|100\/100\n|move|p2a: Dondozo|Curse|p2a: Dondozo\n|-unboost|p2a: Dondozo|spe|1\n|-boost|p2a: Dondozo|atk|1\n|-boost|p2a: Dondozo|def|1\n|\n|upkeep\n|turn|27\n|\n|t:|1701188550\n|move|p1a: Moltres|Will-O-Wisp|p2a: Dondozo\n|-status|p2a: Dondozo|brn\n|move|p2a: Dondozo|Rest|p2a: Dondozo\n|-status|p2a: Dondozo|slp|[from] move: Rest\n|-heal|p2a: Dondozo|100\/100 slp|[silent]\n|\n|upkeep\n|turn|28\n|\n|t:|1701188557\n|move|p1a: Moltres|U-turn|p2a: Dondozo\n|-damage|p2a: Dondozo|96\/100 slp\n|\n|t:|1701188563\n|switch|p1a: Hatterene|Hatterene, F|79\/100|[from] U-turn\n|-damage|p1a: Hatterene|67\/100|[from] Stealth Rock\n|cant|p2a: Dondozo|slp\n|move|p2a: Dondozo|Sleep Talk|p2a: Dondozo\n|move|p2a: Dondozo|Curse|p2a: Dondozo|[from]move: Sleep Talk\n|-unboost|p2a: Dondozo|spe|1\n|-boost|p2a: Dondozo|atk|1\n|-boost|p2a: Dondozo|def|1\n|\n|upkeep\n|turn|29\n|j| diyuenji\n|\n|t:|1701188571\n|switch|p2a: Clodsire|Clodsire, F, tera:Steel|86\/100 par\n|move|p1a: Hatterene|Calm Mind|p1a: Hatterene\n|-boost|p1a: Hatterene|spa|1\n|-boost|p1a: Hatterene|spd|1\n|\n|upkeep\n|turn|30\n|\n|t:|1701188577\n|switch|p1a: Ting-Lu|Ting-Lu|100\/100\n|-damage|p1a: Ting-Lu|94\/100|[from] Stealth Rock\n|-ability|p1a: Ting-Lu|Vessel of Ruin\n|move|p2a: Clodsire|Poison Jab|p1a: Ting-Lu\n|-resisted|p1a: Ting-Lu\n|-damage|p1a: Ting-Lu|89\/100\n|\n|-heal|p1a: Ting-Lu|96\/100|[from] item: Leftovers\n|upkeep\n|turn|31\n|\n|t:|1701188585\n|switch|p2a: Clefable|Clefable, F|100\/100\n|move|p1a: Ting-Lu|Ruination|p2a: Clefable\n|-damage|p2a: Clefable|50\/100\n|\n|-heal|p2a: Clefable|57\/100|[from] item: Leftovers\n|-heal|p1a: Ting-Lu|100\/100|[from] item: Leftovers\n|upkeep\n|turn|32\n|\n|t:|1701188592\n|switch|p1a: Gholdengo|Gholdengo|73\/100 brn\n|-damage|p1a: Gholdengo|67\/100 brn|[from] Stealth Rock\n|move|p2a: Clefable|Moonlight|p2a: Clefable\n|-heal|p2a: Clefable|100\/100\n|\n|-damage|p1a: Gholdengo|61\/100 brn|[from] brn\n|upkeep\n|turn|33\n|\n|t:|1701188597\n|switch|p2a: Slowking|Slowking, M, shiny|100\/100\n|move|p1a: Gholdengo|Shadow Ball|p2a: Slowking\n|-supereffective|p2a: Slowking\n|-damage|p2a: Slowking|57\/100\n|\n|-damage|p1a: Gholdengo|55\/100 brn|[from] brn\n|upkeep\n|turn|34\n|\n|t:|1701188603\n|move|p1a: Gholdengo|Shadow Ball|p2a: Slowking\n|-supereffective|p2a: Slowking\n|-damage|p2a: Slowking|16\/100\n|-unboost|p2a: Slowking|spd|1\n|move|p2a: Slowking|Earthquake|p1a: Gholdengo\n|-supereffective|p1a: Gholdengo\n|-damage|p1a: Gholdengo|30\/100 brn\n|\n|-damage|p1a: Gholdengo|24\/100 brn|[from] brn\n|upkeep\n|turn|35\n|\n|t:|1701188609\n|move|p2a: Slowking|Protect|p2a: Slowking\n|-singleturn|p2a: Slowking|Protect\n|move|p1a: Gholdengo|Recover|p1a: Gholdengo\n|-heal|p1a: Gholdengo|74\/100 brn\n|\n|-damage|p1a: Gholdengo|68\/100 brn|[from] brn\n|upkeep\n|turn|36\n|\n|t:|1701188612\n|switch|p2a: Clodsire|Clodsire, F, tera:Steel|86\/100 par\n|move|p1a: Gholdengo|Shadow Ball|p2a: Clodsire\n|-damage|p2a: Clodsire|67\/100 par\n|\n|-damage|p1a: Gholdengo|62\/100 brn|[from] brn\n|upkeep\n|turn|37\n|\n|t:|1701188619\n|switch|p1a: Ting-Lu|Ting-Lu|100\/100\n|-damage|p1a: Ting-Lu|94\/100|[from] Stealth Rock\n|-ability|p1a: Ting-Lu|Vessel of Ruin\n|cant|p2a: Clodsire|par\n|\n|-heal|p1a: Ting-Lu|100\/100|[from] item: Leftovers\n|upkeep\n|turn|38\n|\n|t:|1701188628\n|switch|p2a: Slowking|Slowking, M, shiny|49\/100\n|move|p1a: Ting-Lu|Ruination|p2a: Slowking\n|-damage|p2a: Slowking|25\/100\n|\n|upkeep\n|turn|39\n|\n|t:|1701188634\n|switch|p2a: Clefable|Clefable, F|100\/100\n|move|p1a: Ting-Lu|Earth Power|p2a: Clefable\n|-damage|p2a: Clefable|82\/100\n|\n|-heal|p2a: Clefable|88\/100|[from] item: Leftovers\n|upkeep\n|turn|40\n|\n|t:|1701188641\n|switch|p2a: Slowking|Slowking, M, shiny|58\/100\n|switch|p1a: Gholdengo|Gholdengo|62\/100 brn\n|-damage|p1a: Gholdengo|56\/100 brn|[from] Stealth Rock\n|\n|-damage|p1a: Gholdengo|50\/100 brn|[from] brn\n|upkeep\n|turn|41\n|\n|t:|1701188648\n|move|p1a: Gholdengo|Shadow Ball|p2a: Slowking\n|-supereffective|p2a: Slowking\n|-damage|p2a: Slowking|16\/100\n|move|p2a: Slowking|Slack Off|p2a: Slowking\n|-heal|p2a: Slowking|66\/100\n|\n|-damage|p1a: Gholdengo|44\/100 brn|[from] brn\n|upkeep\n|turn|42\n|\n|t:|1701188653\n|move|p1a: Gholdengo|Recover|p1a: Gholdengo\n|-heal|p1a: Gholdengo|94\/100 brn\n|move|p2a: Slowking|Slack Off|p2a: Slowking\n|-heal|p2a: Slowking|100\/100\n|\n|-damage|p1a: Gholdengo|88\/100 brn|[from] brn\n|upkeep\n|turn|43\n|\n|t:|1701188659\n|move|p1a: Gholdengo|Shadow Ball|p2a: Slowking\n|-supereffective|p2a: Slowking\n|-damage|p2a: Slowking|58\/100\n|move|p2a: Slowking|Earthquake|p1a: Gholdengo\n|-supereffective|p1a: Gholdengo\n|-damage|p1a: Gholdengo|62\/100 brn\n|\n|-damage|p1a: Gholdengo|56\/100 brn|[from] brn\n|upkeep\n|turn|44\n|\n|t:|1701188665\n|move|p1a: Gholdengo|Shadow Ball|p2a: Slowking\n|-supereffective|p2a: Slowking\n|-damage|p2a: Slowking|18\/100\n|move|p2a: Slowking|Earthquake|p1a: Gholdengo\n|-supereffective|p1a: Gholdengo\n|-damage|p1a: Gholdengo|33\/100 brn\n|\n|-damage|p1a: Gholdengo|26\/100 brn|[from] brn\n|upkeep\n|turn|45\n|\n|t:|1701188670\n|switch|p2a: Clodsire|Clodsire, F, tera:Steel|67\/100 par\n|move|p1a: Gholdengo|Recover|p1a: Gholdengo\n|-heal|p1a: Gholdengo|76\/100 brn\n|\n|-damage|p1a: Gholdengo|70\/100 brn|[from] brn\n|upkeep\n|turn|46\n|\n|t:|1701188676\n|switch|p1a: Ting-Lu|Ting-Lu|100\/100\n|-damage|p1a: Ting-Lu|94\/100|[from] Stealth Rock\n|-ability|p1a: Ting-Lu|Vessel of Ruin\n|move|p2a: Clodsire|Recover|p2a: Clodsire\n|-heal|p2a: Clodsire|100\/100 par\n|\n|-heal|p1a: Ting-Lu|100\/100|[from] item: Leftovers\n|upkeep\n|turn|47\n|\n|t:|1701188686\n|switch|p2a: Slowking|Slowking, M, shiny|51\/100\n|move|p1a: Ting-Lu|Ruination|p2a: Slowking\n|-damage|p2a: Slowking|26\/100\n|\n|upkeep\n|turn|48\n|\n|t:|1701188693\n|move|p1a: Ting-Lu|Ruination|p2a: Slowking\n|-damage|p2a: Slowking|13\/100\n|move|p2a: Slowking|Scald|p1a: Ting-Lu\n|-supereffective|p1a: Ting-Lu\n|-damage|p1a: Ting-Lu|74\/100\n|\n|-heal|p1a: Ting-Lu|80\/100|[from] item: Leftovers\n|upkeep\n|turn|49\n|\n|t:|1701188705\n|switch|p2a: Clefable|Clefable, F|88\/100\n|move|p1a: Ting-Lu|Ruination|p2a: Clefable\n|-damage|p2a: Clefable|44\/100\n|\n|-heal|p2a: Clefable|50\/100|[from] item: Leftovers\n|-heal|p1a: Ting-Lu|86\/100|[from] item: Leftovers\n|upkeep\n|turn|50\n|\n|t:|1701188714\n|switch|p1a: Zamazenta|Zamazenta|95\/100\n|-damage|p1a: Zamazenta|89\/100|[from] Stealth Rock\n|move|p2a: Clefable|Moonlight|p2a: Clefable\n|-heal|p2a: Clefable|100\/100\n|\n|upkeep\n|turn|51\n|\n|t:|1701188720\n|switch|p2a: Dondozo|Dondozo, M|96\/100 slp\n|move|p1a: Zamazenta|Heavy Slam|p2a: Dondozo\n|-resisted|p2a: Dondozo\n|-damage|p2a: Dondozo|93\/100 slp\n|\n|upkeep\n|turn|52\n|\n|t:|1701188728\n|switch|p1a: Hatterene|Hatterene, F|67\/100\n|-damage|p1a: Hatterene|55\/100|[from] Stealth Rock\n|cant|p2a: Dondozo|slp\n|move|p2a: Dondozo|Sleep Talk|p2a: Dondozo\n|move|p2a: Dondozo|Rest||[from]move: Sleep Talk|[still]\n|-fail|p2a: Dondozo\n|\n|upkeep\n|turn|53\n|\n|t:|1701188735\n|switch|p2a: Clodsire|Clodsire, F, tera:Steel|100\/100 par\n|move|p1a: Hatterene|Draining Kiss|p2a: Clodsire\n|-resisted|p2a: Clodsire\n|-damage|p2a: Clodsire|94\/100 par\n|-heal|p1a: Hatterene|62\/100|[from] drain|[of] p2a: Clodsire\n|\n|upkeep\n|turn|54\n|\n|t:|1701188741\n|switch|p1a: Ting-Lu|Ting-Lu|86\/100\n|-damage|p1a: Ting-Lu|80\/100|[from] Stealth Rock\n|-ability|p1a: Ting-Lu|Vessel of Ruin\n|switch|p2a: Slowking|Slowking, M, shiny|46\/100\n|\n|-heal|p1a: Ting-Lu|86\/100|[from] item: Leftovers\n|upkeep\n|turn|55\n|\n|t:|1701188748\n|switch|p1a: Ogerpon|Ogerpon-Wellspring, F|54\/100\n|-damage|p1a: Ogerpon|42\/100|[from] Stealth Rock\n|move|p2a: Slowking|Scald|p1a: Ogerpon\n|-heal|p1a: Ogerpon|67\/100|[from] ability: Water Absorb|[of] p2a: Slowking\n|\n|upkeep\n|turn|56\n|\n|t:|1701188756\n|switch|p2a: Clefable|Clefable, F|100\/100\n|move|p1a: Ogerpon|Horn Leech|p2a: Clefable\n|-damage|p2a: Clefable|64\/100\n|-heal|p1a: Ogerpon|91\/100|[from] drain|[of] p2a: Clefable\n|\n|-heal|p2a: Clefable|71\/100|[from] item: Leftovers\n|upkeep\n|turn|57\n|\n|t:|1701188762\n|move|p1a: Ogerpon|Swords Dance|p1a: Ogerpon\n|-boost|p1a: Ogerpon|atk|2\n|move|p2a: Clefable|Knock Off|p1a: Ogerpon\n|-damage|p1a: Ogerpon|77\/100\n|\n|-heal|p2a: Clefable|77\/100|[from] item: Leftovers\n|upkeep\n|turn|58\n|\n|t:|1701188768\n|move|p1a: Ogerpon|Ivy Cudgel|p2a: Clefable|[anim] Ivy Cudgel Water\n|-crit|p2a: Clefable\n|-damage|p2a: Clefable|0 fnt\n|faint|p2a: Clefable\n|\n|upkeep\n|\n|t:|1701188772\n|switch|p2a: Dondozo|Dondozo, M|93\/100 slp\n|turn|59\n|\n|t:|1701188775\n|move|p1a: Ogerpon|Horn Leech|p2a: Dondozo\n|-supereffective|p2a: Dondozo\n|-damage|p2a: Dondozo|54\/100 slp\n|-heal|p1a: Ogerpon|100\/100|[from] drain|[of] p2a: Dondozo\n|-curestatus|p2a: Dondozo|slp|[msg]\n|move|p2a: Dondozo|Curse|p2a: Dondozo\n|-unboost|p2a: Dondozo|spe|1\n|-boost|p2a: Dondozo|atk|1\n|-boost|p2a: Dondozo|def|1\n|\n|upkeep\n|turn|60\n|\n|t:|1701188787\n|move|p1a: Ogerpon|Horn Leech|p2a: Dondozo\n|-supereffective|p2a: Dondozo\n|-damage|p2a: Dondozo|28\/100\n|move|p2a: Dondozo|Rest|p2a: Dondozo\n|-status|p2a: Dondozo|slp|[from] move: Rest\n|-heal|p2a: Dondozo|100\/100 slp|[silent]\n|\n|upkeep\n|turn|61\n|\n|t:|1701188798\n|move|p1a: Ogerpon|Horn Leech|p2a: Dondozo\n|-supereffective|p2a: Dondozo\n|-damage|p2a: Dondozo|73\/100 slp\n|cant|p2a: Dondozo|slp\n|\n|upkeep\n|turn|62\n|\n|t:|1701188805\n|move|p1a: Ogerpon|Horn Leech|p2a: Dondozo\n|-supereffective|p2a: Dondozo\n|-damage|p2a: Dondozo|48\/100 slp\n|cant|p2a: Dondozo|slp\n|move|p2a: Dondozo|Sleep Talk|p2a: Dondozo\n|move|p2a: Dondozo|Curse|p2a: Dondozo|[from]move: Sleep Talk\n|-unboost|p2a: Dondozo|spe|1\n|-boost|p2a: Dondozo|atk|1\n|-boost|p2a: Dondozo|def|1\n|\n|upkeep\n|turn|63\n|\n|t:|1701188821\n|switch|p1a: Hatterene|Hatterene, F|62\/100\n|-damage|p1a: Hatterene|49\/100|[from] Stealth Rock\n|-curestatus|p2a: Dondozo|slp|[msg]\n|move|p2a: Dondozo|Rest|p2a: Dondozo\n|-status|p2a: Dondozo|slp|[from] move: Rest\n|-heal|p2a: Dondozo|100\/100 slp|[silent]\n|\n|upkeep\n|turn|64\n|\n|t:|1701188828\n|move|p1a: Hatterene|Calm Mind|p1a: Hatterene\n|-boost|p1a: Hatterene|spa|1\n|-boost|p1a: Hatterene|spd|1\n|cant|p2a: Dondozo|slp\n|move|p2a: Dondozo|Sleep Talk|p2a: Dondozo\n|move|p2a: Dondozo|Curse|p2a: Dondozo|[from]move: Sleep Talk\n|-unboost|p2a: Dondozo|spe|1\n|-boost|p2a: Dondozo|atk|1\n|-boost|p2a: Dondozo|def|1\n|\n|upkeep\n|turn|65\n|\n|t:|1701188835\n|move|p1a: Hatterene|Draining Kiss|p2a: Dondozo\n|-damage|p2a: Dondozo|77\/100 slp\n|-heal|p1a: Hatterene|77\/100|[from] drain|[of] p2a: Dondozo\n|cant|p2a: Dondozo|slp\n|move|p2a: Dondozo|Sleep Talk|p2a: Dondozo\n|move|p2a: Dondozo|Waterfall|p1a: Hatterene|[from]move: Sleep Talk\n|-damage|p1a: Hatterene|22\/100\n|\n|upkeep\n|turn|66\n|\n|t:|1701188843\n|switch|p1a: Ogerpon|Ogerpon-Wellspring, F|100\/100\n|-damage|p1a: Ogerpon|88\/100|[from] Stealth Rock\n|-curestatus|p2a: Dondozo|slp|[msg]\n|move|p2a: Dondozo|Waterfall|p1a: Ogerpon\n|-heal|p1a: Ogerpon|100\/100|[from] ability: Water Absorb|[of] p2a: Dondozo\n|\n|upkeep\n|turn|67\n|\n|t:|1701188848\n|move|p1a: Ogerpon|Swords Dance|p1a: Ogerpon\n|-boost|p1a: Ogerpon|atk|2\n|move|p2a: Dondozo|Curse|p2a: Dondozo\n|-unboost|p2a: Dondozo|spe|1\n|-boost|p2a: Dondozo|atk|1\n|-boost|p2a: Dondozo|def|1\n|\n|upkeep\n|turn|68\n|\n|t:|1701188856\n|move|p1a: Ogerpon|Swords Dance|p1a: Ogerpon\n|-boost|p1a: Ogerpon|atk|2\n|move|p2a: Dondozo|Curse|p2a: Dondozo\n|-unboost|p2a: Dondozo|spe|1\n|-boost|p2a: Dondozo|atk|1\n|-boost|p2a: Dondozo|def|1\n|\n|upkeep\n|turn|69\n|\n|t:|1701188860\n|move|p1a: Ogerpon|Zen Headbutt|p2a: Dondozo\n|-damage|p2a: Dondozo|73\/100\n|move|p2a: Dondozo|Curse|p2a: Dondozo\n|-unboost|p2a: Dondozo|spe|1\n|-boost|p2a: Dondozo|atk|1\n|-boost|p2a: Dondozo|def|1\n|\n|upkeep\n|turn|70\n|\n|t:|1701188869\n|move|p1a: Ogerpon|Swords Dance|p1a: Ogerpon\n|-boost|p1a: Ogerpon|atk|2\n|move|p2a: Dondozo|Curse|p2a: Dondozo\n|\n|upkeep\n|turn|71\n|-message|El Stefano forfeited.\n|\n|win|Bub Testing\n|raw|Bub Testing's rating: 1709 &rarr; <strong>1737<\/strong><br \/>(+28 for winning)\n|raw|El Stefano's rating: 1853 &rarr; <strong>1825<\/strong><br \/>(-28 for losing)\n|l|\u2606El Stefano\n|l|\u2606Bub Testing\n","uploadtime":1701189241,"views":2,"p1id":"bubtesting","p2id":"elstefano","formatid":"gen9ou","rating":1737,"private":0,"password":""}