{"id":"gen9ou-1992081215","p1":"1_SilverTongue_1","p2":"Alb1n","format":"[Gen 9] OU","log":"|j|\u26061_SilverTongue_1\n|j|\u2606Alb1n\n|t:|1700153490\n|gametype|singles\n|player|p1|1_SilverTongue_1|1|1050\n|player|p2|Alb1n|1|1148\n|teamsize|p1|6\n|teamsize|p2|6\n|gen|9\n|tier|[Gen 9] OU\n|rated|\n|rule|Sleep Clause Mod: Limit one foe put to sleep\n|rule|Species Clause: Limit one of each Pok\u00e9mon\n|rule|OHKO Clause: OHKO moves are banned\n|rule|Evasion Items Clause: Evasion items are banned\n|rule|Evasion Moves Clause: Evasion moves are banned\n|rule|Endless Battle Clause: Forcing endless battles is banned\n|rule|HP Percentage Mod: HP is shown in percentages\n|clearpoke\n|poke|p1|Jolteon, M|\n|poke|p1|Hydreigon, F|\n|poke|p1|Moltres|\n|poke|p1|Greninja-*, M|\n|poke|p1|Amoonguss, F|\n|poke|p1|Gallade, M|\n|poke|p2|Garganacl, M|\n|poke|p2|Dragapult, F|\n|poke|p2|Tyranitar, F|\n|poke|p2|Blissey, F|\n|poke|p2|Greninja-*, M|\n|poke|p2|Great Tusk|\n|teampreview\n|\n|t:|1700153500\n|start\n|switch|p1a: Greninja|Greninja, M|100\/100\n|switch|p2a: Dragapult|Dragapult, F|100\/100\n|turn|1\n|\n|t:|1700153520\n|move|p2a: Dragapult|U-turn|p1a: Greninja\n|-supereffective|p1a: Greninja\n|-damage|p1a: Greninja|2\/100\n|\n|t:|1700153523\n|switch|p2a: Greninja|Greninja, M|100\/100|[from] U-turn\n|move|p1a: Greninja|Dark Pulse|p2a: Greninja\n|-resisted|p2a: Greninja\n|-damage|p2a: Greninja|70\/100\n|\n|upkeep\n|turn|2\n|\n|t:|1700153547\n|move|p1a: Greninja|Protect|p1a: Greninja\n|-singleturn|p1a: Greninja|Protect\n|move|p2a: Greninja|Water Shuriken|p1a: Greninja\n|-activate|p1a: Greninja|move: Protect\n|\n|upkeep\n|turn|3\n|\n|t:|1700153556\n|move|p1a: Greninja|Protect|p1a: Greninja\n|-singleturn|p1a: Greninja|Protect\n|move|p2a: Greninja|Water Shuriken|p1a: Greninja\n|-activate|p1a: Greninja|move: Protect\n|\n|upkeep\n|turn|4\n|\n|t:|1700153574\n|switch|p1a: Amoonguss|Amoonguss, F|100\/100\n|move|p2a: Greninja|Water Shuriken|p1a: Amoonguss\n|-resisted|p1a: Amoonguss\n|-damage|p1a: Amoonguss|96\/100\n|-resisted|p1a: Amoonguss\n|-damage|p1a: Amoonguss|92\/100\n|-resisted|p1a: Amoonguss\n|-damage|p1a: Amoonguss|87\/100\n|-resisted|p1a: Amoonguss\n|-damage|p1a: Amoonguss|82\/100\n|-hitcount|p1a: Amoonguss|4\n|\n|-heal|p1a: Amoonguss|88\/100|[from] item: Leftovers\n|upkeep\n|turn|5\n|\n|t:|1700153607\n|switch|p2a: Dragapult|Dragapult, F|100\/100\n|move|p1a: Amoonguss|Energy Ball|p2a: Dragapult\n|-resisted|p2a: Dragapult\n|-damage|p2a: Dragapult|76\/100\n|\n|-heal|p1a: Amoonguss|94\/100|[from] item: Leftovers\n|upkeep\n|turn|6\n|\n|t:|1700153627\n|-terastallize|p2a: Dragapult|Dragon\n|move|p2a: Dragapult|Dragon Darts|p1a: Amoonguss\n|-damage|p1a: Amoonguss|46\/100\n|-anim|p2a: Dragapult|Dragon Darts|p1a: Amoonguss\n|-damage|p1a: Amoonguss|1\/100\n|move|p1a: Amoonguss|Sludge Bomb|p2a: Dragapult\n|-damage|p2a: Dragapult|26\/100\n|\n|-heal|p1a: Amoonguss|7\/100|[from] item: Leftovers\n|upkeep\n|turn|7\n|\n|t:|1700153661\n|switch|p1a: Gallade|Gallade, M|100\/100\n|move|p2a: Dragapult|Dragon Darts|p1a: Gallade\n|-damage|p1a: Gallade|12\/100\n|-enditem|p1a: Gallade|Aguav Berry|[eat]\n|-heal|p1a: Gallade|46\/100|[from] item: Aguav Berry\n|-anim|p2a: Dragapult|Dragon Darts|p1a: Gallade\n|-damage|p1a: Gallade|0 fnt\n|faint|p1a: Gallade\n|\n|upkeep\n|\n|t:|1700153671\n|switch|p1a: Greninja|Greninja, M|2\/100\n|turn|8\n|\n|t:|1700153678\n|switch|p2a: Greninja|Greninja, M|70\/100\n|-terastallize|p1a: Greninja|Fairy\n|move|p1a: Greninja|Ice Beam|p2a: Greninja\n|-resisted|p2a: Greninja\n|-damage|p2a: Greninja|45\/100\n|\n|upkeep\n|turn|9\n|\n|t:|1700153709\n|switch|p1a: Jolteon|Jolteon, M|100\/100\n|move|p2a: Greninja|Water Shuriken|p1a: Jolteon\n|-damage|p1a: Jolteon|87\/100\n|-damage|p1a: Jolteon|72\/100\n|-damage|p1a: Jolteon|59\/100\n|-damage|p1a: Jolteon|44\/100\n|-damage|p1a: Jolteon|32\/100\n|-hitcount|p1a: Jolteon|5\n|\n|upkeep\n|turn|10\n|\n|t:|1700153719\n|move|p2a: Greninja|Water Shuriken|p1a: Jolteon\n|-damage|p1a: Jolteon|19\/100\n|-damage|p1a: Jolteon|5\/100\n|-damage|p1a: Jolteon|0 fnt\n|faint|p1a: Jolteon\n|-ability|p2a: Greninja|Battle Bond|boost\n|-boost|p2a: Greninja|atk|1\n|-boost|p2a: Greninja|spa|1\n|-boost|p2a: Greninja|spe|1\n|-activate|p2a: Greninja|ability: Battle Bond\n|-hitcount|p1: Jolteon|3\n|\n|upkeep\n|\n|t:|1700153730\n|switch|p1a: Amoonguss|Amoonguss, F|40\/100\n|turn|11\n|\n|t:|1700153745\n|move|p2a: Greninja|Water Shuriken|p1a: Amoonguss\n|-resisted|p1a: Amoonguss\n|-damage|p1a: Amoonguss|34\/100\n|-resisted|p1a: Amoonguss\n|-damage|p1a: Amoonguss|27\/100\n|-hitcount|p1a: Amoonguss|2\n|move|p1a: Amoonguss|Energy Ball|p2a: Greninja\n|-supereffective|p2a: Greninja\n|-damage|p2a: Greninja|0 fnt\n|faint|p2a: Greninja\n|\n|-heal|p1a: Amoonguss|33\/100|[from] item: Leftovers\n|upkeep\n|\n|t:|1700153756\n|switch|p2a: Dragapult|Dragapult, F, tera:Dragon|26\/100\n|turn|12\n|\n|t:|1700153764\n|move|p2a: Dragapult|Dragon Darts|p1a: Amoonguss\n|-damage|p1a: Amoonguss|0 fnt\n|faint|p1a: Amoonguss\n|\n|upkeep\n|\n|t:|1700153769\n|switch|p1a: Greninja|Greninja, M, tera:Fairy|2\/100\n|turn|13\n|\n|t:|1700153774\n|switch|p2a: Blissey|Blissey, F|100\/100\n|move|p1a: Greninja|Water Shuriken|p2a: Blissey\n|-damage|p2a: Blissey|98\/100\n|-damage|p2a: Blissey|95\/100\n|-damage|p2a: Blissey|92\/100\n|-damage|p2a: Blissey|90\/100\n|-hitcount|p2a: Blissey|4\n|\n|-heal|p2a: Blissey|96\/100|[from] item: Leftovers\n|upkeep\n|turn|14\n|\n|t:|1700153787\n|switch|p1a: Hydreigon|Hydreigon, F, shiny|100\/100\n|move|p2a: Blissey|Calm Mind|p2a: Blissey\n|-boost|p2a: Blissey|spa|1\n|-boost|p2a: Blissey|spd|1\n|\n|-heal|p2a: Blissey|100\/100|[from] item: Leftovers\n|upkeep\n|turn|15\n|\n|t:|1700153799\n|move|p1a: Hydreigon|Flash Cannon|p2a: Blissey\n|-damage|p2a: Blissey|95\/100\n|move|p2a: Blissey|Thunder Wave|p1a: Hydreigon\n|-status|p1a: Hydreigon|par\n|\n|-heal|p2a: Blissey|100\/100|[from] item: Leftovers\n|upkeep\n|turn|16\n|\n|t:|1700153806\n|move|p2a: Blissey|Seismic Toss|p1a: Hydreigon\n|-damage|p1a: Hydreigon|70\/100 par\n|cant|p1a: Hydreigon|par\n|\n|-heal|p1a: Hydreigon|76\/100 par|[from] item: Leftovers\n|upkeep\n|turn|17\n|\n|t:|1700153812\n|move|p2a: Blissey|Seismic Toss|p1a: Hydreigon\n|-damage|p1a: Hydreigon|45\/100 par\n|move|p1a: Hydreigon|Crunch|p2a: Blissey\n|-damage|p2a: Blissey|72\/100\n|\n|-heal|p2a: Blissey|78\/100|[from] item: Leftovers\n|-heal|p1a: Hydreigon|51\/100 par|[from] item: Leftovers\n|upkeep\n|turn|18\n|\n|t:|1700153820\n|move|p2a: Blissey|Seismic Toss|p1a: Hydreigon\n|-damage|p1a: Hydreigon|20\/100 par\n|move|p1a: Hydreigon|Crunch|p2a: Blissey\n|-damage|p2a: Blissey|45\/100\n|\n|-heal|p2a: Blissey|51\/100|[from] item: Leftovers\n|-heal|p1a: Hydreigon|27\/100 par|[from] item: Leftovers\n|upkeep\n|turn|19\n|\n|t:|1700153828\n|move|p2a: Blissey|Seismic Toss|p1a: Hydreigon\n|-damage|p1a: Hydreigon|0 fnt\n|faint|p1a: Hydreigon\n|\n|-heal|p2a: Blissey|57\/100|[from] item: Leftovers\n|upkeep\n|\n|t:|1700153833\n|switch|p1a: Moltres|Moltres|100\/100\n|turn|20\n|\n|t:|1700153841\n|move|p1a: Moltres|Flamethrower|p2a: Blissey\n|-damage|p2a: Blissey|44\/100\n|move|p2a: Blissey|Thunder Wave|p1a: Moltres\n|-status|p1a: Moltres|par\n|\n|-heal|p2a: Blissey|51\/100|[from] item: Leftovers\n|upkeep\n|turn|21\n|\n|t:|1700153848\n|cant|p1a: Moltres|par\n|move|p2a: Blissey|Soft-Boiled|p2a: Blissey\n|-heal|p2a: Blissey|100\/100\n|\n|upkeep\n|turn|22\n|l|\u26061_SilverTongue_1\n|player|p1|\n|inactive|Battle timer is ON: inactive players will automatically lose when time's up. (requested by Alb1n)\n|inactive|1_SilverTongue_1 has 30 seconds to reconnect!\n|inactive|1_SilverTongue_1 has 20 seconds to reconnect!\n|inactive|1_SilverTongue_1 has 15 seconds to reconnect!\n|inactive|1_SilverTongue_1 has 10 seconds to reconnect!\n|inactive|1_SilverTongue_1 has 5 seconds to reconnect!\n|-message|1_SilverTongue_1 lost due to inactivity.\n|\n|win|Alb1n\n|raw|1_SilverTongue_1's rating: 1050 &rarr; <strong>1037<\/strong><br \/>(-13 for losing)\n|raw|Alb1n's rating: 1148 &rarr; <strong>1166<\/strong><br \/>(+18 for winning)\n","uploadtime":1700153960,"views":25,"p1id":"1silvertongue1","p2id":"alb1n","formatid":"gen9ou","rating":1037,"private":0,"password":""}