{"id":"gen9ou-2000140221","p1":"Final Goodbye","p2":"Teobusa","format":"[Gen 9] OU","log":"|j|\u2606Final Goodbye\n|j|\u2606Teobusa\n|t:|1701161879\n|gametype|singles\n|player|p1|Final Goodbye|pryce-gen2|1174\n|player|p2|Teobusa|nessa|1194\n|teamsize|p1|6\n|teamsize|p2|6\n|gen|9\n|tier|[Gen 9] OU\n|rated|\n|rule|Sleep Clause Mod: Limit one foe put to sleep\n|rule|Species Clause: Limit one of each Pok\u00e9mon\n|rule|OHKO Clause: OHKO moves are banned\n|rule|Evasion Items Clause: Evasion items are banned\n|rule|Evasion Moves Clause: Evasion moves are banned\n|rule|Endless Battle Clause: Forcing endless battles is banned\n|rule|HP Percentage Mod: HP is shown in percentages\n|clearpoke\n|poke|p1|Landorus-Therian, M|\n|poke|p1|Cinderace, M|\n|poke|p1|Sinistcha-Masterpiece|\n|poke|p1|Iron Valiant|\n|poke|p1|Alomomola, F|\n|poke|p1|Clefable, M|\n|poke|p2|Manaphy|\n|poke|p2|Iron Thorns|\n|poke|p2|Ninetales-Alola, M|\n|poke|p2|Great Tusk|\n|poke|p2|Kingambit, M|\n|poke|p2|Dragapult, F|\n|teampreview\n|inactive|Battle timer is ON: inactive players will automatically lose when time's up. (requested by Teobusa)\n|inactive|Final Goodbye also wants the timer to be on.\n|inactive|Final Goodbye has 120 seconds left.\n|l|\u2606Teobusa\n|inactive|Teobusa disconnected and has a minute to reconnect!\n|player|p2|\n|\n|t:|1701161937\n|start\n|switch|p1a: Funny bunny|Cinderace, M|100\/100\n|switch|p2a: Dragapult|Dragapult, F|100\/100\n|turn|1\n|j|\u2606Teobusa\n|inactive|Teobusa reconnected and has 140 seconds left.\n|player|p2|Teobusa|nessa\n|\n|t:|1701161957\n|switch|p1a: Nightmare|Clefable, M|100\/100\n|move|p2a: Dragapult|Surf|p1a: Nightmare\n|-damage|p1a: Nightmare|72\/100\n|-damage|p2a: Dragapult|91\/100|[from] item: Life Orb\n|\n|upkeep\n|turn|2\n|\n|t:|1701161967\n|switch|p2a: Ninetales|Ninetales-Alola, M|100\/100\n|-weather|Snow|[from] ability: Snow Warning|[of] p2a: Ninetales\n|move|p1a: Nightmare|Draining Kiss|p2a: Ninetales\n|-damage|p2a: Ninetales|71\/100\n|-heal|p1a: Nightmare|93\/100|[from] drain|[of] p2a: Ninetales\n|\n|-weather|Snow|[upkeep]\n|upkeep\n|turn|3\n|\n|t:|1701161976\n|move|p2a: Ninetales|Hypnosis|p1a: Nightmare|[miss]\n|-miss|p2a: Ninetales|p1a: Nightmare\n|move|p1a: Nightmare|Flamethrower|p2a: Ninetales\n|-supereffective|p2a: Ninetales\n|-crit|p2a: Ninetales\n|-damage|p2a: Ninetales|0 fnt\n|faint|p2a: Ninetales\n|\n|-weather|Snow|[upkeep]\n|upkeep\n|\n|t:|1701161989\n|switch|p2a: Manaphy|Manaphy|100\/100\n|turn|4\n|\n|t:|1701161993\n|move|p2a: Manaphy|Acid Armor|p2a: Manaphy\n|-boost|p2a: Manaphy|def|2\n|move|p1a: Nightmare|Thunderbolt|p2a: Manaphy\n|-supereffective|p2a: Manaphy\n|-crit|p2a: Manaphy\n|-damage|p2a: Manaphy|5\/100\n|\n|-weather|Snow|[upkeep]\n|-heal|p2a: Manaphy|11\/100|[from] item: Leftovers\n|upkeep\n|turn|5\n|\n|t:|1701162000\n|move|p2a: Manaphy|Stored Power|p1a: Nightmare\n|-crit|p1a: Nightmare\n|-damage|p1a: Nightmare|73\/100\n|move|p1a: Nightmare|Draining Kiss|p2a: Manaphy\n|-damage|p2a: Manaphy|0 fnt\n|-heal|p1a: Nightmare|82\/100|[from] drain|[of] p2a: Manaphy\n|faint|p2a: Manaphy\n|\n|-weather|Snow|[upkeep]\n|upkeep\n|\n|t:|1701162006\n|switch|p2a: Great Tusk|Great Tusk|100\/100\n|-enditem|p2a: Great Tusk|Booster Energy\n|-activate|p2a: Great Tusk|ability: Protosynthesis|[fromitem]\n|-start|p2a: Great Tusk|protosynthesisatk\n|turn|6\n|\n|t:|1701162012\n|-terastallize|p2a: Great Tusk|Steel\n|move|p2a: Great Tusk|Headlong Rush|p1a: Nightmare\n|-damage|p1a: Nightmare|0 fnt\n|-unboost|p2a: Great Tusk|def|1\n|-unboost|p2a: Great Tusk|spd|1\n|faint|p1a: Nightmare\n|\n|-weather|none\n|upkeep\n|-message|Teobusa forfeited.\n|\n|win|Final Goodbye\n|raw|Final Goodbye's rating: 1174 &rarr; <strong>1200<\/strong><br \/>(+26 for winning)\n|raw|Teobusa's rating: 1194 &rarr; <strong>1168<\/strong><br \/>(-26 for losing)\n|l|\u2606Teobusa\n|c|\u2606Final Goodbye|LOL\n","uploadtime":1701162029,"views":2,"p1id":"finalgoodbye","p2id":"teobusa","formatid":"gen9ou","rating":1168,"private":0,"password":""}