{"id":"gen9ou-2000561211","p1":"cash999","p2":"FlorenceIris","format":"[Gen 9] OU","log":"|j|\u2606cash999\n|j|\u2606FlorenceIris\n|t:|1701205461\n|gametype|singles\n|player|p1|cash999|cynthia-masters|\n|player|p2|FlorenceIris|sonia-professor|\n|teamsize|p1|6\n|teamsize|p2|6\n|gen|9\n|tier|[Gen 9] OU\n|rule|Sleep Clause Mod: Limit one foe put to sleep\n|rule|Species Clause: Limit one of each Pok\u00e9mon\n|rule|OHKO Clause: OHKO moves are banned\n|rule|Evasion Items Clause: Evasion items are banned\n|rule|Evasion Moves Clause: Evasion moves are banned\n|rule|Endless Battle Clause: Forcing endless battles is banned\n|rule|HP Percentage Mod: HP is shown in percentages\n|clearpoke\n|poke|p1|Kingambit, F|\n|poke|p1|Clodsire, F|\n|poke|p1|Ogerpon-Wellspring, F|\n|poke|p1|Gholdengo|\n|poke|p1|Zapdos|\n|poke|p1|Zamazenta-*|\n|poke|p2|Enamorus, F|\n|poke|p2|Landorus-Therian, M|\n|poke|p2|Dragonite, M|\n|poke|p2|Thundurus-Therian, M|\n|poke|p2|Moltres|\n|poke|p2|Corviknight, F|\n|teampreview\n|c|\u2606FlorenceIris|gl hf :))\n|c|\u2606cash999|u2!\n|c|\u2606cash999|oo mono fly\n|c|\u2606FlorenceIris|yeee\n|\n|t:|1701205562\n|start\n|switch|p1a: Zapdos|Zapdos|100\/100\n|switch|p2a: Thundurus|Thundurus-Therian, M|100\/100\n|turn|1\n|\n|t:|1701205582\n|switch|p1a: Clodsire|Clodsire, F|100\/100\n|move|p2a: Thundurus|Volt Switch|p1a: Clodsire\n|-immune|p1a: Clodsire\n|\n|upkeep\n|turn|2\n|\n|t:|1701205589\n|switch|p2a: Corviknight|Corviknight, F|100\/100\n|-ability|p2a: Corviknight|Pressure\n|move|p1a: Clodsire|Stealth Rock|p2a: Corviknight\n|-sidestart|p2: FlorenceIris|move: Stealth Rock\n|\n|upkeep\n|turn|3\n|\n|t:|1701205624\n|switch|p1a: Gholdengo|Gholdengo|100\/100\n|move|p2a: Corviknight|U-turn|p1a: Gholdengo\n|-resisted|p1a: Gholdengo\n|-damage|p1a: Gholdengo|96\/100\n|\n|t:|1701205644\n|switch|p2a: Landorus|Landorus-Therian, M|100\/100|[from] U-turn\n|-damage|p2a: Landorus|88\/100|[from] Stealth Rock\n|-ability|p2a: Landorus|Intimidate|boost\n|-unboost|p1a: Gholdengo|atk|1\n|\n|upkeep\n|turn|4\n|j| empoleon9000\n|\n|t:|1701205673\n|switch|p1a: Zapdos|Zapdos|100\/100\n|move|p2a: Landorus|Stealth Rock|p1a: Zapdos\n|-sidestart|p1: cash999|move: Stealth Rock\n|\n|upkeep\n|turn|5\n|\n|t:|1701205688\n|move|p1a: Zapdos|U-turn|p2a: Landorus\n|-resisted|p2a: Landorus\n|-damage|p2a: Landorus|84\/100\n|-damage|p1a: Zapdos|84\/100|[from] item: Rocky Helmet|[of] p2a: Landorus\n|\n|t:|1701205715\n|switch|p1a: Gholdengo|Gholdengo|96\/100|[from] U-turn\n|-damage|p1a: Gholdengo|90\/100|[from] Stealth Rock\n|move|p2a: Landorus|U-turn|p1a: Gholdengo\n|-resisted|p1a: Gholdengo\n|-damage|p1a: Gholdengo|84\/100\n|\n|t:|1701205740\n|switch|p2a: Moltres|Moltres|100\/100|[from] U-turn\n|\n|upkeep\n|turn|6\n|\n|t:|1701205753\n|switch|p1a: Clodsire|Clodsire, F|100\/100\n|-damage|p1a: Clodsire|94\/100|[from] Stealth Rock\n|move|p2a: Moltres|Flamethrower|p1a: Clodsire\n|-damage|p1a: Clodsire|74\/100\n|\n|-heal|p1a: Clodsire|80\/100|[from] item: Leftovers\n|upkeep\n|turn|7\n|\n|t:|1701205784\n|move|p2a: Moltres|U-turn|p1a: Clodsire\n|-resisted|p1a: Clodsire\n|-damage|p1a: Clodsire|72\/100\n|\n|t:|1701205786\n|switch|p2a: Corviknight|Corviknight, F|100\/100|[from] U-turn\n|-damage|p2a: Corviknight|88\/100|[from] Stealth Rock\n|-ability|p2a: Corviknight|Pressure\n|move|p1a: Clodsire|Poison Jab|p2a: Corviknight\n|-immune|p2a: Corviknight\n|\n|-heal|p2a: Corviknight|94\/100|[from] item: Leftovers\n|-heal|p1a: Clodsire|78\/100|[from] item: Leftovers\n|upkeep\n|turn|8\n|\n|t:|1701205801\n|switch|p1a: Zapdos|Zapdos|84\/100\n|move|p2a: Corviknight|Defog|p1a: Zapdos\n|-unboost|p1a: Zapdos|evasion|1\n|-sideend|p1: cash999|Stealth Rock|[from] move: Defog|[of] p2a: Corviknight\n|-sideend|p2: FlorenceIris|Stealth Rock|[from] move: Defog|[of] p2a: Corviknight\n|\n|-heal|p2a: Corviknight|99\/100|[from] item: Leftovers\n|upkeep\n|turn|9\n|\n|t:|1701205814\n|switch|p2a: Thundurus|Thundurus-Therian, M|100\/100\n|move|p1a: Zapdos|Hurricane|p2a: Thundurus\n|-resisted|p2a: Thundurus\n|-damage|p2a: Thundurus|68\/100\n|-start|p2a: Thundurus|confusion\n|\n|upkeep\n|turn|10\n|\n|t:|1701205855\n|switch|p2a: Landorus|Landorus-Therian, M|84\/100\n|-ability|p2a: Landorus|Intimidate|boost\n|-unboost|p1a: Zapdos|atk|1\n|move|p1a: Zapdos|U-turn|p2a: Landorus\n|-resisted|p2a: Landorus\n|-damage|p2a: Landorus|81\/100\n|-damage|p1a: Zapdos|67\/100|[from] item: Rocky Helmet|[of] p2a: Landorus\n|\n|t:|1701205864\n|switch|p1a: Ogerpon|Ogerpon-Wellspring, F|100\/100|[from] U-turn\n|\n|upkeep\n|turn|11\n|\n|t:|1701205898\n|move|p1a: Ogerpon|Swords Dance|p1a: Ogerpon\n|-boost|p1a: Ogerpon|atk|2\n|move|p2a: Landorus|U-turn|p1a: Ogerpon\n|-supereffective|p1a: Ogerpon\n|-damage|p1a: Ogerpon|44\/100\n|\n|t:|1701205901\n|switch|p2a: Dragonite|Dragonite, M|100\/100|[from] U-turn\n|\n|upkeep\n|turn|12\n|\n|t:|1701205928\n|switch|p1a: Zapdos|Zapdos|67\/100\n|move|p2a: Dragonite|Extreme Speed|p1a: Zapdos\n|-damage|p1a: Zapdos|45\/100\n|\n|upkeep\n|turn|13\n|\n|t:|1701205948\n|move|p1a: Zapdos|Roost|p1a: Zapdos\n|-heal|p1a: Zapdos|95\/100\n|-singleturn|p1a: Zapdos|move: Roost\n|move|p2a: Dragonite|Dragon Dance|p2a: Dragonite\n|-boost|p2a: Dragonite|atk|1\n|-boost|p2a: Dragonite|spe|1\n|\n|upkeep\n|turn|14\n|\n|t:|1701205961\n|move|p2a: Dragonite|Dragon Dance|p2a: Dragonite\n|-boost|p2a: Dragonite|atk|1\n|-boost|p2a: Dragonite|spe|1\n|move|p1a: Zapdos|U-turn|p2a: Dragonite\n|-resisted|p2a: Dragonite\n|-damage|p2a: Dragonite|97\/100\n|\n|t:|1701205978\n|switch|p1a: Kingambit|Kingambit, F|100\/100|[from] U-turn\n|\n|upkeep\n|turn|15\n|\n|t:|1701206005\n|-terastallize|p1a: Kingambit|Dark\n|move|p1a: Kingambit|Sucker Punch||[still]\n|-fail|p1a: Kingambit\n|move|p2a: Dragonite|Dragon Dance|p2a: Dragonite\n|-boost|p2a: Dragonite|atk|1\n|-boost|p2a: Dragonite|spe|1\n|\n|upkeep\n|turn|16\n|c|\u2606cash999|oh god\n|\n|t:|1701206127\n|-end|p1a: Kingambit|fallenundefined|[silent]\n|switch|p1a: Zapdos|Zapdos|95\/100\n|move|p2a: Dragonite|Dragon Dance|p2a: Dragonite\n|-boost|p2a: Dragonite|atk|1\n|-boost|p2a: Dragonite|spe|1\n|\n|upkeep\n|turn|17\n|\n|t:|1701206152\n|-terastallize|p2a: Dragonite|Normal\n|move|p2a: Dragonite|Extreme Speed|p1a: Zapdos\n|-damage|p1a: Zapdos|0 fnt\n|faint|p1a: Zapdos\n|\n|upkeep\n|\n|t:|1701206160\n|switch|p1a: Zamazenta|Zamazenta|100\/100\n|-ability|p1a: Zamazenta|Dauntless Shield|boost\n|-boost|p1a: Zamazenta|def|1\n|turn|18\n|c|\u2606FlorenceIris|so no para?\n|c|\u2606cash999|:(\n|\n|t:|1701206176\n|move|p2a: Dragonite|Roost|p2a: Dragonite\n|-heal|p2a: Dragonite|100\/100\n|move|p1a: Zamazenta|Body Press|p2a: Dragonite\n|-supereffective|p2a: Dragonite\n|-damage|p2a: Dragonite|48\/100\n|\n|upkeep\n|turn|19\n|c| empoleon9000|must be pads\n|\n|t:|1701206223\n|switch|p2a: Moltres|Moltres|100\/100\n|move|p1a: Zamazenta|Body Press|p2a: Moltres\n|-resisted|p2a: Moltres\n|-damage|p2a: Moltres|84\/100\n|\n|upkeep\n|turn|20\n|c|\u2606cash999|no burn is insane\n|c|\u2606FlorenceIris|cancels the para ig\n|\n|t:|1701206286\n|switch|p1a: Clodsire|Clodsire, F|78\/100\n|move|p2a: Moltres|U-turn|p1a: Clodsire\n|-resisted|p1a: Clodsire\n|-damage|p1a: Clodsire|70\/100\n|\n|t:|1701206293\n|switch|p2a: Landorus|Landorus-Therian, M|81\/100|[from] U-turn\n|-ability|p2a: Landorus|Intimidate|boost\n|-unboost|p1a: Clodsire|atk|1\n|\n|-heal|p1a: Clodsire|76\/100|[from] item: Leftovers\n|upkeep\n|turn|21\n|\n|t:|1701206317\n|move|p2a: Landorus|Earthquake|p1a: Clodsire\n|-supereffective|p1a: Clodsire\n|-damage|p1a: Clodsire|0 fnt\n|faint|p1a: Clodsire\n|\n|upkeep\n|\n|t:|1701206320\n|switch|p1a: Ogerpon|Ogerpon-Wellspring, F|44\/100\n|turn|22\n|\n|t:|1701206360\n|switch|p1a: Gholdengo|Gholdengo|84\/100\n|switch|p2a: Corviknight|Corviknight, F|99\/100\n|-ability|p2a: Corviknight|Pressure\n|\n|-heal|p2a: Corviknight|100\/100|[from] item: Leftovers\n|upkeep\n|turn|23\n|\n|t:|1701206373\n|move|p1a: Gholdengo|Substitute|p1a: Gholdengo\n|-start|p1a: Gholdengo|Substitute\n|-damage|p1a: Gholdengo|59\/100\n|move|p2a: Corviknight|U-turn|p1a: Gholdengo\n|-resisted|p1a: Gholdengo\n|-activate|p1a: Gholdengo|move: Substitute|[damage]\n|\n|t:|1701206377\n|switch|p2a: Thundurus|Thundurus-Therian, M|68\/100|[from] U-turn\n|\n|upkeep\n|turn|24\n|\n|t:|1701206384\n|move|p2a: Thundurus|Volt Switch|p1a: Gholdengo\n|-end|p1a: Gholdengo|Substitute\n|\n|t:|1701206392\n|switch|p2a: Corviknight|Corviknight, F|100\/100|[from] Volt Switch\n|-ability|p2a: Corviknight|Pressure\n|move|p1a: Gholdengo|Shadow Ball|p2a: Corviknight\n|-damage|p2a: Corviknight|71\/100\n|\n|-heal|p2a: Corviknight|77\/100|[from] item: Leftovers\n|upkeep\n|turn|25\n|\n|t:|1701206395\n|move|p1a: Gholdengo|Substitute|p1a: Gholdengo\n|-start|p1a: Gholdengo|Substitute\n|-damage|p1a: Gholdengo|34\/100\n|move|p2a: Corviknight|U-turn|p1a: Gholdengo\n|-resisted|p1a: Gholdengo\n|-activate|p1a: Gholdengo|move: Substitute|[damage]\n|\n|t:|1701206398\n|switch|p2a: Thundurus|Thundurus-Therian, M|68\/100|[from] U-turn\n|\n|upkeep\n|turn|26\n|\n|t:|1701206415\n|move|p2a: Thundurus|Volt Switch|p1a: Gholdengo\n|-end|p1a: Gholdengo|Substitute\n|\n|t:|1701206427\n|switch|p2a: Moltres|Moltres|84\/100|[from] Volt Switch\n|move|p1a: Gholdengo|Substitute|p1a: Gholdengo\n|-start|p1a: Gholdengo|Substitute\n|-damage|p1a: Gholdengo|9\/100\n|-enditem|p1a: Gholdengo|Salac Berry|[eat]\n|-boost|p1a: Gholdengo|spe|1|[from] item: Salac Berry\n|\n|upkeep\n|turn|27\n|\n|t:|1701206469\n|move|p1a: Gholdengo|Shadow Ball|p2a: Moltres\n|-damage|p2a: Moltres|38\/100\n|-unboost|p2a: Moltres|spd|1\n|move|p2a: Moltres|Flamethrower|p1a: Gholdengo\n|-supereffective|p1a: Gholdengo\n|-end|p1a: Gholdengo|Substitute\n|\n|upkeep\n|turn|28\n|\n|t:|1701206488\n|switch|p2a: Corviknight|Corviknight, F|77\/100\n|-ability|p2a: Corviknight|Pressure\n|move|p1a: Gholdengo|Shadow Ball|p2a: Corviknight\n|-damage|p2a: Corviknight|46\/100\n|-unboost|p2a: Corviknight|spd|1\n|\n|-heal|p2a: Corviknight|52\/100|[from] item: Leftovers\n|upkeep\n|turn|29\n|\n|t:|1701206496\n|move|p1a: Gholdengo|Shadow Ball|p2a: Corviknight\n|-damage|p2a: Corviknight|5\/100\n|move|p2a: Corviknight|U-turn|p1a: Gholdengo\n|-resisted|p1a: Gholdengo\n|-damage|p1a: Gholdengo|5\/100\n|\n|t:|1701206500\n|switch|p2a: Thundurus|Thundurus-Therian, M|68\/100|[from] U-turn\n|\n|upkeep\n|turn|30\n|\n|t:|1701206511\n|move|p2a: Thundurus|Volt Switch|p1a: Gholdengo\n|-damage|p1a: Gholdengo|0 fnt\n|faint|p1a: Gholdengo\n|\n|t:|1701206562\n|switch|p2a: Enamorus|Enamorus, F|100\/100|[from] Volt Switch\n|\n|upkeep\n|\n|t:|1701206587\n|switch|p1a: Ogerpon|Ogerpon-Wellspring, F|44\/100\n|turn|31\n|\n|t:|1701206598\n|move|p2a: Enamorus|Moonblast|p1a: Ogerpon\n|-damage|p1a: Ogerpon|0 fnt\n|faint|p1a: Ogerpon\n|\n|upkeep\n|\n|t:|1701206607\n|switch|p1a: Zamazenta|Zamazenta|100\/100\n|turn|32\n|\n|t:|1701206636\n|move|p2a: Enamorus|Moonblast|p1a: Zamazenta\n|-supereffective|p1a: Zamazenta\n|-damage|p1a: Zamazenta|12\/100\n|move|p1a: Zamazenta|Heavy Slam|p2a: Enamorus\n|-supereffective|p2a: Enamorus\n|-damage|p2a: Enamorus|12\/100\n|\n|-heal|p1a: Zamazenta|18\/100|[from] item: Leftovers\n|upkeep\n|turn|33\n|\n|t:|1701206642\n|move|p2a: Enamorus|Moonblast|p1a: Zamazenta\n|-supereffective|p1a: Zamazenta\n|-damage|p1a: Zamazenta|0 fnt\n|faint|p1a: Zamazenta\n|\n|upkeep\n|\n|t:|1701206643\n|switch|p1a: Kingambit|Kingambit, F, tera:Dark|100\/100\n|-activate|p1a: Kingambit|ability: Supreme Overlord\n|-start|p1a: Kingambit|fallen5|[silent]\n|turn|34\n|\n|t:|1701206698\n|move|p1a: Kingambit|Sucker Punch|p2a: Enamorus\n|-resisted|p2a: Enamorus\n|-damage|p2a: Enamorus|0 fnt\n|faint|p2a: Enamorus\n|\n|upkeep\n|\n|t:|1701206701\n|switch|p2a: Moltres|Moltres|38\/100\n|turn|35\n|\n|t:|1701206708\n|move|p2a: Moltres|Will-O-Wisp|p1a: Kingambit\n|-status|p1a: Kingambit|brn\n|move|p1a: Kingambit|Swords Dance|p1a: Kingambit\n|-boost|p1a: Kingambit|atk|2\n|\n|-damage|p1a: Kingambit|94\/100 brn|[from] brn\n|upkeep\n|turn|36\n|\n|t:|1701206746\n|switch|p2a: Landorus|Landorus-Therian, M|81\/100\n|-ability|p2a: Landorus|Intimidate|boost\n|-unboost|p1a: Kingambit|atk|1\n|move|p1a: Kingambit|Swords Dance|p1a: Kingambit\n|-boost|p1a: Kingambit|atk|2\n|\n|-damage|p1a: Kingambit|88\/100 brn|[from] brn\n|upkeep\n|turn|37\n|\n|t:|1701206797\n|move|p1a: Kingambit|Sucker Punch|p2a: Landorus\n|-damage|p2a: Landorus|27\/100\n|-damage|p1a: Kingambit|72\/100 brn|[from] item: Rocky Helmet|[of] p2a: Landorus\n|move|p2a: Landorus|U-turn|p1a: Kingambit\n|-supereffective|p1a: Kingambit\n|-damage|p1a: Kingambit|37\/100 brn\n|\n|t:|1701206809\n|switch|p2a: Dragonite|Dragonite, M, tera:Normal|48\/100|[from] U-turn\n|\n|-damage|p1a: Kingambit|31\/100 brn|[from] brn\n|upkeep\n|turn|38\n|c|\u2606cash999|ggs\\\n|\n|t:|1701206816\n|move|p2a: Dragonite|Extreme Speed|p1a: Kingambit\n|-damage|p1a: Kingambit|0 fnt\n|faint|p1a: Kingambit\n|-end|p1a: Kingambit|fallen5|[silent]\n|\n|win|FlorenceIris\n|c|\u2606FlorenceIris|gg\n|c|\u2606cash999|ill chal for game 2?\n|c|\u2606FlorenceIris|nice nice\n|l|\u2606cash999\n","uploadtime":1701206832,"views":11,"p1id":"cash999","p2id":"florenceiris","formatid":"gen9ou","rating":0,"private":0,"password":""}