{"id":"gen9ou-1989917271","p1":"airwave15","p2":"jayfromscatch","format":"[Gen 9] OU","log":"|j|\u2606airwave15\n|j|\u2606jayfromscatch\n|t:|1699906562\n|gametype|singles\n|player|p1|airwave15|sabrina|1066\n|player|p2|jayfromscatch|will|1000\n|teamsize|p1|6\n|teamsize|p2|6\n|gen|9\n|tier|[Gen 9] OU\n|rated|\n|rule|Sleep Clause Mod: Limit one foe put to sleep\n|rule|Species Clause: Limit one of each Pok\u00e9mon\n|rule|OHKO Clause: OHKO moves are banned\n|rule|Evasion Items Clause: Evasion items are banned\n|rule|Evasion Moves Clause: Evasion moves are banned\n|rule|Endless Battle Clause: Forcing endless battles is banned\n|rule|HP Percentage Mod: HP is shown in percentages\n|clearpoke\n|poke|p1|Tinkaton, F|\n|poke|p1|Walking Wake|\n|poke|p1|Clefable, F|\n|poke|p1|Meowscarada, F|\n|poke|p1|Ceruledge, M|\n|poke|p1|Dondozo, F|\n|poke|p2|Decidueye-Hisui, F|\n|poke|p2|Cinderace, F|\n|poke|p2|Lycanroc, M|\n|poke|p2|Greninja-*, M|\n|poke|p2|Dachsbun, M|\n|poke|p2|Dondozo, F|\n|teampreview\n|c|\u2606jayfromscatch|hi\n|\n|t:|1699906572\n|start\n|switch|p1a: Meowscarada|Meowscarada, F|100\/100\n|switch|p2a: Cinderace|Cinderace, F|100\/100\n|turn|1\n|\n|t:|1699906581\n|switch|p1a: Ceruledge|Ceruledge, M|100\/100\n|move|p2a: Cinderace|Pyro Ball|p1a: Ceruledge\n|-start|p1a: Ceruledge|ability: Flash Fire\n|\n|upkeep\n|turn|2\n|\n|t:|1699906590\n|move|p2a: Cinderace|Low Kick|p1a: Ceruledge\n|-immune|p1a: Ceruledge\n|move|p1a: Ceruledge|Bulk Up|p1a: Ceruledge\n|-boost|p1a: Ceruledge|atk|1\n|-boost|p1a: Ceruledge|def|1\n|\n|upkeep\n|turn|3\n|\n|t:|1699906598\n|switch|p2a: Greninja|Greninja, M|100\/100\n|move|p1a: Ceruledge|Bulk Up|p1a: Ceruledge\n|-boost|p1a: Ceruledge|atk|1\n|-boost|p1a: Ceruledge|def|1\n|\n|upkeep\n|turn|4\n|\n|t:|1699906619\n|move|p1a: Ceruledge|Shadow Sneak|p2a: Greninja\n|-resisted|p2a: Greninja\n|-damage|p2a: Greninja|76\/100\n|move|p2a: Greninja|Smokescreen|p1a: Ceruledge\n|-unboost|p1a: Ceruledge|accuracy|1\n|\n|upkeep\n|turn|5\n|\n|t:|1699906629\n|switch|p2a: Lycanroc|Lycanroc, M|100\/100\n|move|p1a: Ceruledge|Close Combat|p2a: Lycanroc\n|-supereffective|p2a: Lycanroc\n|-enditem|p2a: Lycanroc|Focus Sash\n|-damage|p2a: Lycanroc|1\/100\n|-unboost|p1a: Ceruledge|def|1\n|-unboost|p1a: Ceruledge|spd|1\n|\n|upkeep\n|turn|6\n|\n|t:|1699906644\n|move|p1a: Ceruledge|Shadow Sneak|p2a: Lycanroc\n|-damage|p2a: Lycanroc|0 fnt\n|faint|p2a: Lycanroc\n|\n|upkeep\n|\n|t:|1699906648\n|switch|p2a: Dachsbun|Dachsbun, M|100\/100\n|turn|7\n|\n|t:|1699906657\n|move|p2a: Dachsbun|Dazzling Gleam|p1a: Ceruledge\n|-resisted|p1a: Ceruledge\n|-damage|p1a: Ceruledge|92\/100\n|move|p1a: Ceruledge|Close Combat|p2a: Dachsbun\n|-resisted|p2a: Dachsbun\n|-damage|p2a: Dachsbun|68\/100\n|-unboost|p1a: Ceruledge|def|1\n|-unboost|p1a: Ceruledge|spd|1\n|\n|-heal|p2a: Dachsbun|74\/100|[from] item: Leftovers\n|upkeep\n|turn|8\n|\n|t:|1699906673\n|-end|p1a: Ceruledge|ability: Flash Fire|[silent]\n|switch|p1a: Clefable|Clefable, F|100\/100\n|move|p2a: Dachsbun|Draining Kiss|p1a: Clefable\n|-damage|p1a: Clefable|92\/100\n|-heal|p2a: Dachsbun|84\/100|[from] drain|[of] p1a: Clefable\n|\n|-heal|p2a: Dachsbun|90\/100|[from] item: Leftovers\n|-heal|p1a: Clefable|98\/100|[from] item: Leftovers\n|upkeep\n|turn|9\n|\n|t:|1699906685\n|move|p2a: Dachsbun|Psychic Fangs|p1a: Clefable\n|-damage|p1a: Clefable|84\/100\n|move|p1a: Clefable|Stealth Rock|p2a: Dachsbun\n|-sidestart|p2: jayfromscatch|move: Stealth Rock\n|\n|-heal|p2a: Dachsbun|97\/100|[from] item: Leftovers\n|-heal|p1a: Clefable|90\/100|[from] item: Leftovers\n|upkeep\n|turn|10\n|\n|t:|1699906699\n|switch|p2a: Dondozo|Dondozo, F|100\/100\n|-damage|p2a: Dondozo|88\/100|[from] Stealth Rock\n|move|p1a: Clefable|Knock Off|p2a: Dondozo\n|-damage|p2a: Dondozo|80\/100\n|-enditem|p2a: Dondozo|Leftovers|[from] move: Knock Off|[of] p1a: Clefable\n|\n|-heal|p1a: Clefable|96\/100|[from] item: Leftovers\n|upkeep\n|turn|11\n|\n|t:|1699906711\n|move|p1a: Clefable|Moonblast|p2a: Dondozo\n|-damage|p2a: Dondozo|47\/100\n|move|p2a: Dondozo|Heavy Slam|p1a: Clefable\n|-supereffective|p1a: Clefable\n|-damage|p1a: Clefable|42\/100\n|\n|-heal|p1a: Clefable|48\/100|[from] item: Leftovers\n|upkeep\n|turn|12\n|\n|t:|1699906728\n|switch|p1a: Dondozo|Dondozo, F|100\/100\n|move|p2a: Dondozo|Body Slam|p1a: Dondozo\n|-damage|p1a: Dondozo|89\/100\n|-status|p1a: Dondozo|par\n|-damage|p2a: Dondozo|31\/100|[from] item: Rocky Helmet|[of] p1a: Dondozo\n|\n|upkeep\n|turn|13\n|\n|t:|1699906745\n|switch|p2a: Greninja|Greninja, M|76\/100\n|-damage|p2a: Greninja|63\/100|[from] Stealth Rock\n|cant|p1a: Dondozo|par\n|\n|upkeep\n|turn|14\n|\n|t:|1699906754\n|switch|p1a: Meowscarada|Meowscarada, F|100\/100\n|move|p2a: Greninja|Low Kick|p1a: Meowscarada\n|-supereffective|p1a: Meowscarada\n|-damage|p1a: Meowscarada|49\/100\n|\n|upkeep\n|turn|15\n|\n|t:|1699906764\n|move|p1a: Meowscarada|Leaf Storm|p2a: Greninja\n|-supereffective|p2a: Greninja\n|-crit|p2a: Greninja\n|-damage|p2a: Greninja|0 fnt\n|-unboost|p1a: Meowscarada|spa|2\n|faint|p2a: Greninja\n|\n|upkeep\n|\n|t:|1699906770\n|switch|p2a: Cinderace|Cinderace, F|100\/100\n|-damage|p2a: Cinderace|76\/100|[from] Stealth Rock\n|turn|16\n|\n|t:|1699906775\n|switch|p1a: Ceruledge|Ceruledge, M|92\/100\n|move|p2a: Cinderace|Pyro Ball|p1a: Ceruledge\n|-start|p1a: Ceruledge|ability: Flash Fire\n|\n|upkeep\n|turn|17\n|\n|t:|1699906790\n|switch|p2a: Decidueye|Decidueye-Hisui, F|100\/100\n|-damage|p2a: Decidueye|94\/100|[from] Stealth Rock\n|move|p1a: Ceruledge|Bulk Up|p1a: Ceruledge\n|-boost|p1a: Ceruledge|atk|1\n|-boost|p1a: Ceruledge|def|1\n|\n|-heal|p2a: Decidueye|100\/100|[from] item: Leftovers\n|upkeep\n|turn|18\n|\n|t:|1699906800\n|move|p1a: Ceruledge|Bitter Blade|p2a: Decidueye\n|-supereffective|p2a: Decidueye\n|-damage|p2a: Decidueye|0 fnt\n|-heal|p1a: Ceruledge|100\/100|[from] drain|[of] p2a: Decidueye\n|faint|p2a: Decidueye\n|\n|upkeep\n|\n|t:|1699906806\n|switch|p2a: Dachsbun|Dachsbun, M|97\/100\n|-damage|p2a: Dachsbun|84\/100|[from] Stealth Rock\n|turn|19\n|\n|t:|1699906834\n|-end|p1a: Ceruledge|ability: Flash Fire|[silent]\n|switch|p1a: Tinkaton|Tinkaton, F|100\/100\n|-ability|p1a: Tinkaton|Mold Breaker\n|move|p2a: Dachsbun|Draining Kiss|p1a: Tinkaton\n|-resisted|p1a: Tinkaton\n|-damage|p1a: Tinkaton|95\/100\n|-heal|p2a: Dachsbun|89\/100|[from] drain|[of] p1a: Tinkaton\n|\n|-heal|p2a: Dachsbun|95\/100|[from] item: Leftovers\n|upkeep\n|turn|20\n|\n|t:|1699906854\n|move|p1a: Tinkaton|Swords Dance|p1a: Tinkaton\n|-boost|p1a: Tinkaton|atk|2\n|move|p2a: Dachsbun|Dazzling Gleam|p1a: Tinkaton\n|-resisted|p1a: Tinkaton\n|-damage|p1a: Tinkaton|87\/100\n|\n|-heal|p2a: Dachsbun|100\/100|[from] item: Leftovers\n|upkeep\n|turn|21\n|\n|t:|1699906867\n|switch|p2a: Cinderace|Cinderace, F|76\/100\n|-damage|p2a: Cinderace|51\/100|[from] Stealth Rock\n|move|p1a: Tinkaton|Gigaton Hammer|p2a: Cinderace\n|-resisted|p2a: Cinderace\n|-damage|p2a: Cinderace|0 fnt\n|faint|p2a: Cinderace\n|-damage|p1a: Tinkaton|77\/100|[from] item: Life Orb\n|\n|upkeep\n|\n|t:|1699906882\n|switch|p2a: Dondozo|Dondozo, F|31\/100\n|-damage|p2a: Dondozo|18\/100|[from] Stealth Rock\n|turn|22\n|\n|t:|1699906887\n|-terastallize|p1a: Tinkaton|Electric\n|move|p1a: Tinkaton|Tera Blast|p2a: Dondozo|[anim] Tera Blast Electric\n|-supereffective|p2a: Dondozo\n|-damage|p2a: Dondozo|0 fnt\n|faint|p2a: Dondozo\n|-damage|p1a: Tinkaton|67\/100|[from] item: Life Orb\n|\n|upkeep\n|c|\u2606jayfromscatch|gg\n|\n|t:|1699906896\n|switch|p2a: Dachsbun|Dachsbun, M|100\/100\n|-damage|p2a: Dachsbun|88\/100|[from] Stealth Rock\n|turn|23\n|\n|t:|1699906903\n|move|p1a: Tinkaton|Gigaton Hammer|p2a: Dachsbun\n|-supereffective|p2a: Dachsbun\n|-damage|p2a: Dachsbun|0 fnt\n|faint|p2a: Dachsbun\n|-damage|p1a: Tinkaton|57\/100|[from] item: Life Orb\n|\n|win|airwave15\n|raw|airwave15's rating: 1066 &rarr; <strong>1090<\/strong><br \/>(+24 for winning)\n|raw|jayfromscatch's rating: 1000 &rarr; <strong>1000<\/strong><br \/>(+0 for losing)\n","uploadtime":1699906911,"views":27,"p1id":"airwave15","p2id":"jayfromscatch","formatid":"gen9ou","rating":1000,"private":0,"password":""}