{"id":"gen9ou-1988236443","p1":"BUGG1N","p2":"toTHEtop vgc","format":"[Gen 9] OU","log":"|j|\u2606BUGG1N\n|j|\u2606toTHEtop vgc\n|t:|1699691395\n|gametype|singles\n|player|p1|BUGG1N|bugmaniac-gen3|1464\n|player|p2|toTHEtop vgc|lance|1464\n|teamsize|p1|6\n|teamsize|p2|6\n|gen|9\n|tier|[Gen 9] OU\n|rated|\n|rule|Sleep Clause Mod: Limit one foe put to sleep\n|rule|Species Clause: Limit one of each Pok\u00e9mon\n|rule|OHKO Clause: OHKO moves are banned\n|rule|Evasion Items Clause: Evasion items are banned\n|rule|Evasion Moves Clause: Evasion moves are banned\n|rule|Endless Battle Clause: Forcing endless battles is banned\n|rule|HP Percentage Mod: HP is shown in percentages\n|clearpoke\n|poke|p1|Rillaboom, F|\n|poke|p1|Garganacl, F|\n|poke|p1|Great Tusk|\n|poke|p1|Heatran, F|\n|poke|p1|Zapdos|\n|poke|p1|Walking Wake|\n|poke|p2|Gholdengo|\n|poke|p2|Dragapult, F|\n|poke|p2|Ting-Lu|\n|poke|p2|Alomomola, M|\n|poke|p2|Moltres|\n|poke|p2|Ogerpon-Wellspring, F|\n|teampreview\n|\n|t:|1699691432\n|start\n|switch|p1a: Carpet Burn|Heatran, F|100\/100\n|switch|p2a: Alomomola|Alomomola, M|100\/100\n|turn|1\n|\n|t:|1699691440\n|move|p1a: Carpet Burn|Stealth Rock|p2a: Alomomola\n|-sidestart|p2: toTHEtop vgc|move: Stealth Rock\n|move|p2a: Alomomola|Flip Turn|p1a: Carpet Burn\n|-supereffective|p1a: Carpet Burn\n|-damage|p1a: Carpet Burn|71\/100\n|\n|t:|1699691443\n|switch|p2a: Ting-Lu|Ting-Lu|100\/100|[from] Flip Turn\n|-damage|p2a: Ting-Lu|94\/100|[from] Stealth Rock\n|-ability|p2a: Ting-Lu|Vessel of Ruin\n|\n|-heal|p1a: Carpet Burn|77\/100|[from] item: Leftovers\n|-heal|p2a: Ting-Lu|100\/100|[from] item: Leftovers\n|upkeep\n|turn|2\n|\n|t:|1699691474\n|switch|p1a: Baby Sitter|Rillaboom, F|100\/100\n|-fieldstart|move: Grassy Terrain|[from] ability: Grassy Surge|[of] p1a: Baby Sitter\n|move|p2a: Ting-Lu|Stealth Rock|p1a: Baby Sitter\n|-sidestart|p1: BUGG1N|move: Stealth Rock\n|\n|upkeep\n|turn|3\n|\n|t:|1699691487\n|switch|p2a: Moltres|Moltres|100\/100\n|move|p1a: Baby Sitter|Knock Off|p2a: Moltres\n|-damage|p2a: Moltres|52\/100\n|-status|p1a: Baby Sitter|brn|[from] ability: Flame Body|[of] p2a: Moltres\n|-enditem|p2a: Moltres|Heavy-Duty Boots|[from] move: Knock Off|[of] p1a: Baby Sitter\n|\n|-damage|p1a: Baby Sitter|94\/100 brn|[from] brn\n|upkeep\n|turn|4\n|\n|t:|1699691503\n|switch|p1a: Pony|Walking Wake|100\/100\n|move|p2a: Moltres|Roost|p2a: Moltres\n|-heal|p2a: Moltres|100\/100\n|-singleturn|p2a: Moltres|move: Roost\n|\n|upkeep\n|turn|5\n|inactive|Battle timer is ON: inactive players will automatically lose when time's up. (requested by toTHEtop vgc)\n|inactive|toTHEtop vgc has 120 seconds left.\n|inactive|toTHEtop vgc has 90 seconds left.\n|\n|t:|1699691582\n|move|p1a: Pony|Scald|p2a: Moltres\n|-supereffective|p2a: Moltres\n|-damage|p2a: Moltres|41\/100\n|move|p2a: Moltres|Hurricane|p1a: Pony\n|-damage|p1a: Pony|48\/100\n|\n|-heal|p1a: Pony|54\/100|[from] Grassy Terrain\n|upkeep\n|turn|6\n|\n|t:|1699691589\n|switch|p2a: Ogerpon|Ogerpon-Wellspring, F|100\/100\n|-damage|p2a: Ogerpon|88\/100|[from] Stealth Rock\n|move|p1a: Pony|Draco Meteor|p2a: Ogerpon\n|-damage|p2a: Ogerpon|13\/100\n|-unboost|p1a: Pony|spa|2\n|\n|-heal|p2a: Ogerpon|19\/100|[from] Grassy Terrain\n|-heal|p1a: Pony|60\/100|[from] Grassy Terrain\n|-fieldend|move: Grassy Terrain\n|upkeep\n|turn|7\n|\n|t:|1699691601\n|move|p2a: Ogerpon|Ivy Cudgel|p1a: Pony\n|-resisted|p1a: Pony\n|-damage|p1a: Pony|44\/100\n|move|p1a: Pony|Draco Meteor|p2a: Ogerpon\n|-damage|p2a: Ogerpon|0 fnt\n|-unboost|p1a: Pony|spa|2\n|faint|p2a: Ogerpon\n|\n|upkeep\n|\n|t:|1699691605\n|switch|p2a: Alomomola|Alomomola, M|100\/100\n|turn|8\n|\n|t:|1699691613\n|move|p1a: Pony|Knock Off|p2a: Alomomola\n|-damage|p2a: Alomomola|92\/100\n|-enditem|p2a: Alomomola|Heavy-Duty Boots|[from] move: Knock Off|[of] p1a: Pony\n|move|p2a: Alomomola|Wish|p2a: Alomomola\n|\n|upkeep\n|turn|9\n|\n|t:|1699691622\n|move|p1a: Pony|Flip Turn|p2a: Alomomola\n|-resisted|p2a: Alomomola\n|-damage|p2a: Alomomola|87\/100\n|\n|t:|1699691634\n|-end|p1a: Pony|Protosynthesis|[silent]\n|switch|p1a: Baby Sitter|Rillaboom, F|94\/100 brn|[from] Flip Turn\n|-damage|p1a: Baby Sitter|82\/100 brn|[from] Stealth Rock\n|-fieldstart|move: Grassy Terrain|[from] ability: Grassy Surge|[of] p1a: Baby Sitter\n|move|p2a: Alomomola|Scald|p1a: Baby Sitter\n|-resisted|p1a: Baby Sitter\n|-damage|p1a: Baby Sitter|72\/100 brn\n|\n|-heal|p2a: Alomomola|100\/100|[from] move: Wish|[wisher] Alomomola\n|-heal|p1a: Baby Sitter|79\/100 brn|[from] Grassy Terrain\n|-damage|p1a: Baby Sitter|72\/100 brn|[from] brn\n|upkeep\n|turn|10\n|\n|t:|1699691646\n|move|p2a: Alomomola|Protect|p2a: Alomomola\n|-singleturn|p2a: Alomomola|Protect\n|move|p1a: Baby Sitter|Wood Hammer|p2a: Alomomola\n|-activate|p2a: Alomomola|move: Protect\n|\n|-heal|p1a: Baby Sitter|79\/100 brn|[from] Grassy Terrain\n|-damage|p1a: Baby Sitter|72\/100 brn|[from] brn\n|upkeep\n|turn|11\n|\n|t:|1699691660\n|switch|p2a: Gholdengo|Gholdengo|100\/100\n|-damage|p2a: Gholdengo|94\/100|[from] Stealth Rock\n|move|p1a: Baby Sitter|Wood Hammer|p2a: Gholdengo\n|-resisted|p2a: Gholdengo\n|-damage|p2a: Gholdengo|74\/100\n|-damage|p1a: Baby Sitter|65\/100 brn|[from] Recoil\n|\n|-heal|p1a: Baby Sitter|71\/100 brn|[from] Grassy Terrain\n|-heal|p2a: Gholdengo|80\/100|[from] Grassy Terrain\n|-heal|p2a: Gholdengo|86\/100|[from] item: Leftovers\n|-damage|p1a: Baby Sitter|65\/100 brn|[from] brn\n|upkeep\n|turn|12\n|\n|t:|1699691675\n|switch|p1a: Carpet Burn|Heatran, F|77\/100\n|-damage|p1a: Carpet Burn|65\/100|[from] Stealth Rock\n|move|p2a: Gholdengo|Hex|p1a: Carpet Burn\n|-damage|p1a: Carpet Burn|46\/100\n|\n|-heal|p2a: Gholdengo|93\/100|[from] Grassy Terrain\n|-heal|p2a: Gholdengo|99\/100|[from] item: Leftovers\n|-heal|p1a: Carpet Burn|53\/100|[from] Grassy Terrain\n|-heal|p1a: Carpet Burn|59\/100|[from] item: Leftovers\n|upkeep\n|turn|13\n|\n|t:|1699691680\n|switch|p2a: Ting-Lu|Ting-Lu|100\/100\n|-damage|p2a: Ting-Lu|94\/100|[from] Stealth Rock\n|-ability|p2a: Ting-Lu|Vessel of Ruin\n|move|p1a: Carpet Burn|Magma Storm|p2a: Ting-Lu\n|-damage|p2a: Ting-Lu|78\/100\n|-activate|p2a: Ting-Lu|move: Magma Storm|[of] p1a: Carpet Burn\n|\n|-heal|p1a: Carpet Burn|65\/100|[from] Grassy Terrain\n|-heal|p1a: Carpet Burn|71\/100|[from] item: Leftovers\n|-heal|p2a: Ting-Lu|84\/100|[from] Grassy Terrain\n|-heal|p2a: Ting-Lu|90\/100|[from] item: Leftovers\n|-damage|p2a: Ting-Lu|78\/100|[from] move: Magma Storm|[partiallytrapped]\n|-fieldend|move: Grassy Terrain\n|upkeep\n|turn|14\n|\n|t:|1699691704\n|switch|p1a: Tupac|Great Tusk|100\/100\n|-damage|p1a: Tupac|97\/100|[from] Stealth Rock\n|move|p2a: Ting-Lu|Ruination|p1a: Tupac\n|-damage|p1a: Tupac|49\/100\n|\n|-heal|p1a: Tupac|55\/100|[from] item: Leftovers\n|-heal|p2a: Ting-Lu|84\/100|[from] item: Leftovers\n|-end|p2a: Ting-Lu|Magma Storm|[partiallytrapped]|[silent]\n|upkeep\n|turn|15\n|\n|t:|1699691711\n|switch|p2a: Dragapult|Dragapult, F|100\/100\n|-damage|p2a: Dragapult|88\/100|[from] Stealth Rock\n|move|p1a: Tupac|Ice Spinner|p2a: Dragapult\n|-supereffective|p2a: Dragapult\n|-damage|p2a: Dragapult|20\/100\n|\n|-heal|p1a: Tupac|62\/100|[from] item: Leftovers\n|upkeep\n|turn|16\n|inactive|BUGG1N has 120 seconds left.\n|inactive|BUGG1N has 90 seconds left.\n|\n|t:|1699691774\n|-end|p1a: Tupac|Protosynthesis|[silent]\n|switch|p1a: Carpet Burn|Heatran, F|71\/100\n|-damage|p1a: Carpet Burn|59\/100|[from] Stealth Rock\n|move|p2a: Dragapult|Draco Meteor|p1a: Carpet Burn\n|-resisted|p1a: Carpet Burn\n|-crit|p1a: Carpet Burn\n|-damage|p1a: Carpet Burn|19\/100\n|-unboost|p2a: Dragapult|spa|2\n|\n|-heal|p1a: Carpet Burn|25\/100|[from] item: Leftovers\n|upkeep\n|turn|17\n|inactive|BUGG1N has 90 seconds left.\n|\n|t:|1699691798\n|switch|p2a: Moltres|Moltres|41\/100\n|-damage|p2a: Moltres|0 fnt|[from] Stealth Rock\n|faint|p2a: Moltres\n|move|p1a: Carpet Burn|Magma Storm|p2: Moltres|[notarget]\n|-fail|p1a: Carpet Burn\n|\n|-heal|p1a: Carpet Burn|31\/100|[from] item: Leftovers\n|upkeep\n|\n|t:|1699691801\n|switch|p2a: Alomomola|Alomomola, M|100\/100\n|-damage|p2a: Alomomola|88\/100|[from] Stealth Rock\n|turn|18\n|\n|t:|1699691812\n|move|p1a: Carpet Burn|Taunt|p2a: Alomomola\n|-start|p2a: Alomomola|move: Taunt\n|cant|p2a: Alomomola|move: Taunt|Wish\n|\n|-heal|p1a: Carpet Burn|38\/100|[from] item: Leftovers\n|upkeep\n|turn|19\n|\n|t:|1699691823\n|switch|p1a: Baby Sitter|Rillaboom, F|65\/100 brn\n|-damage|p1a: Baby Sitter|53\/100 brn|[from] Stealth Rock\n|-fieldstart|move: Grassy Terrain|[from] ability: Grassy Surge|[of] p1a: Baby Sitter\n|move|p2a: Alomomola|Flip Turn|p1a: Baby Sitter\n|-resisted|p1a: Baby Sitter\n|-damage|p1a: Baby Sitter|44\/100 brn\n|\n|t:|1699691833\n|switch|p2a: Gholdengo|Gholdengo|99\/100|[from] Flip Turn\n|-damage|p2a: Gholdengo|93\/100|[from] Stealth Rock\n|\n|-heal|p1a: Baby Sitter|50\/100 brn|[from] Grassy Terrain\n|-heal|p2a: Gholdengo|99\/100|[from] Grassy Terrain\n|-heal|p2a: Gholdengo|100\/100|[from] item: Leftovers\n|-damage|p1a: Baby Sitter|44\/100 brn|[from] brn\n|upkeep\n|turn|20\n|\n|t:|1699691844\n|move|p1a: Baby Sitter|Knock Off|p2a: Gholdengo\n|-supereffective|p2a: Gholdengo\n|-damage|p2a: Gholdengo|67\/100\n|-enditem|p2a: Gholdengo|Leftovers|[from] move: Knock Off|[of] p1a: Baby Sitter\n|move|p2a: Gholdengo|Hex|p1a: Baby Sitter\n|-damage|p1a: Baby Sitter|0 fnt\n|faint|p1a: Baby Sitter\n|\n|-heal|p2a: Gholdengo|73\/100|[from] Grassy Terrain\n|upkeep\n|\n|t:|1699691859\n|switch|p1a: Tupac|Great Tusk|62\/100\n|-damage|p1a: Tupac|59\/100|[from] Stealth Rock\n|turn|21\n|\n|t:|1699691867\n|move|p1a: Tupac|Headlong Rush|p2a: Gholdengo\n|-supereffective|p2a: Gholdengo\n|-damage|p2a: Gholdengo|8\/100\n|-unboost|p1a: Tupac|def|1\n|-unboost|p1a: Tupac|spd|1\n|move|p2a: Gholdengo|Hex|p1a: Tupac\n|-damage|p1a: Tupac|0 fnt\n|faint|p1a: Tupac\n|-end|p1a: Tupac|Protosynthesis|[silent]\n|\n|-heal|p2a: Gholdengo|14\/100|[from] Grassy Terrain\n|upkeep\n|\n|t:|1699691884\n|switch|p1a: Pony|Walking Wake|44\/100\n|turn|22\n|\n|t:|1699691894\n|move|p1a: Pony|Knock Off|p2a: Gholdengo\n|-supereffective|p2a: Gholdengo\n|-damage|p2a: Gholdengo|0 fnt\n|faint|p2a: Gholdengo\n|\n|-heal|p1a: Pony|50\/100|[from] Grassy Terrain\n|upkeep\n|\n|t:|1699691898\n|switch|p2a: Dragapult|Dragapult, F|20\/100\n|-damage|p2a: Dragapult|8\/100|[from] Stealth Rock\n|turn|23\n|\n|t:|1699691914\n|-end|p1a: Pony|Protosynthesis|[silent]\n|switch|p1a: Carpet Burn|Heatran, F|38\/100\n|-damage|p1a: Carpet Burn|25\/100|[from] Stealth Rock\n|move|p2a: Dragapult|Shadow Ball|p1a: Carpet Burn\n|-damage|p1a: Carpet Burn|0 fnt\n|faint|p1a: Carpet Burn\n|\n|-heal|p2a: Dragapult|14\/100|[from] Grassy Terrain\n|-fieldend|move: Grassy Terrain\n|upkeep\n|\n|t:|1699691925\n|switch|p1a: Goin Baby|Garganacl, F|100\/100\n|-damage|p1a: Goin Baby|88\/100|[from] Stealth Rock\n|turn|24\n|\n|t:|1699691930\n|switch|p2a: Alomomola|Alomomola, M|100\/100\n|-damage|p2a: Alomomola|88\/100|[from] Stealth Rock\n|move|p1a: Goin Baby|Iron Defense|p1a: Goin Baby\n|-boost|p1a: Goin Baby|def|2\n|\n|-heal|p1a: Goin Baby|94\/100|[from] item: Leftovers\n|upkeep\n|turn|25\n|\n|t:|1699691937\n|move|p2a: Alomomola|Wish|p2a: Alomomola\n|move|p1a: Goin Baby|Salt Cure|p2a: Alomomola\n|-damage|p2a: Alomomola|81\/100\n|-start|p2a: Alomomola|Salt Cure\n|\n|-heal|p1a: Goin Baby|100\/100|[from] item: Leftovers\n|-damage|p2a: Alomomola|56\/100|[from] Salt Cure\n|upkeep\n|turn|26\n|\n|t:|1699691944\n|move|p2a: Alomomola|Flip Turn|p1a: Goin Baby\n|-supereffective|p1a: Goin Baby\n|-damage|p1a: Goin Baby|89\/100\n|\n|t:|1699691948\n|switch|p2a: Ting-Lu|Ting-Lu|84\/100|[from] Flip Turn\n|-damage|p2a: Ting-Lu|78\/100|[from] Stealth Rock\n|-ability|p2a: Ting-Lu|Vessel of Ruin\n|move|p1a: Goin Baby|Salt Cure|p2a: Ting-Lu\n|-resisted|p2a: Ting-Lu\n|-damage|p2a: Ting-Lu|74\/100\n|-start|p2a: Ting-Lu|Salt Cure\n|\n|-heal|p2a: Ting-Lu|100\/100|[from] move: Wish|[wisher] Alomomola\n|-heal|p1a: Goin Baby|96\/100|[from] item: Leftovers\n|-damage|p2a: Ting-Lu|88\/100|[from] Salt Cure\n|upkeep\n|turn|27\n|inactive|BUGG1N has 120 seconds left.\n|\n|t:|1699691961\n|move|p2a: Ting-Lu|Ruination|p1a: Goin Baby\n|-damage|p1a: Goin Baby|48\/100\n|move|p1a: Goin Baby|Body Press|p2a: Ting-Lu\n|-supereffective|p2a: Ting-Lu\n|-crit|p2a: Ting-Lu\n|-damage|p2a: Ting-Lu|17\/100\n|\n|-heal|p2a: Ting-Lu|23\/100|[from] item: Leftovers\n|-heal|p1a: Goin Baby|54\/100|[from] item: Leftovers\n|-damage|p2a: Ting-Lu|11\/100|[from] Salt Cure\n|upkeep\n|turn|28\n|\n|t:|1699691969\n|switch|p2a: Alomomola|Alomomola, M|89\/100\n|-damage|p2a: Alomomola|77\/100|[from] Stealth Rock\n|move|p1a: Goin Baby|Recover|p1a: Goin Baby\n|-heal|p1a: Goin Baby|100\/100\n|\n|upkeep\n|turn|29\n|\n|t:|1699691980\n|move|p2a: Alomomola|Wish|p2a: Alomomola\n|move|p1a: Goin Baby|Iron Defense|p1a: Goin Baby\n|-boost|p1a: Goin Baby|def|2\n|\n|upkeep\n|turn|30\n|\n|t:|1699691993\n|move|p2a: Alomomola|Scald|p1a: Goin Baby\n|-supereffective|p1a: Goin Baby\n|-damage|p1a: Goin Baby|82\/100\n|move|p1a: Goin Baby|Salt Cure|p2a: Alomomola\n|-damage|p2a: Alomomola|70\/100\n|-start|p2a: Alomomola|Salt Cure\n|\n|-heal|p2a: Alomomola|100\/100|[from] move: Wish|[wisher] Alomomola\n|-heal|p1a: Goin Baby|88\/100|[from] item: Leftovers\n|-damage|p2a: Alomomola|76\/100|[from] Salt Cure\n|upkeep\n|turn|31\n|\n|t:|1699692005\n|move|p2a: Alomomola|Flip Turn|p1a: Goin Baby\n|-supereffective|p1a: Goin Baby\n|-damage|p1a: Goin Baby|81\/100\n|\n|t:|1699692007\n|switch|p2a: Dragapult|Dragapult, F|14\/100|[from] Flip Turn\n|-damage|p2a: Dragapult|1\/100|[from] Stealth Rock\n|move|p1a: Goin Baby|Body Press|p2a: Dragapult\n|-immune|p2a: Dragapult\n|\n|-heal|p1a: Goin Baby|87\/100|[from] item: Leftovers\n|upkeep\n|turn|32\n|\n|t:|1699692017\n|-terastallize|p1a: Goin Baby|Fairy\n|move|p2a: Dragapult|Draco Meteor|p1a: Goin Baby\n|-immune|p1a: Goin Baby\n|move|p1a: Goin Baby|Salt Cure|p2a: Dragapult\n|-damage|p2a: Dragapult|0 fnt\n|faint|p2a: Dragapult\n|\n|-heal|p1a: Goin Baby|93\/100|[from] item: Leftovers\n|upkeep\n|\n|t:|1699692021\n|switch|p2a: Alomomola|Alomomola, M|100\/100\n|-damage|p2a: Alomomola|88\/100|[from] Stealth Rock\n|turn|33\n|\n|t:|1699692025\n|move|p2a: Alomomola|Wish|p2a: Alomomola\n|move|p1a: Goin Baby|Salt Cure|p2a: Alomomola\n|-damage|p2a: Alomomola|81\/100\n|-start|p2a: Alomomola|Salt Cure\n|\n|-heal|p1a: Goin Baby|99\/100|[from] item: Leftovers\n|-damage|p2a: Alomomola|56\/100|[from] Salt Cure\n|upkeep\n|turn|34\n|\n|t:|1699692029\n|switch|p2a: Ting-Lu|Ting-Lu|11\/100\n|-damage|p2a: Ting-Lu|4\/100|[from] Stealth Rock\n|-ability|p2a: Ting-Lu|Vessel of Ruin\n|move|p1a: Goin Baby|Body Press|p2a: Ting-Lu\n|-supereffective|p2a: Ting-Lu\n|-damage|p2a: Ting-Lu|0 fnt\n|faint|p2a: Ting-Lu\n|\n|-heal|p1a: Goin Baby|100\/100|[from] item: Leftovers\n|upkeep\n|\n|t:|1699692040\n|switch|p2a: Alomomola|Alomomola, M|90\/100\n|-damage|p2a: Alomomola|77\/100|[from] Stealth Rock\n|turn|35\n|-message|toTHEtop vgc forfeited.\n|\n|win|BUGG1N\n|raw|BUGG1N's rating: 1464 &rarr; <strong>1484<\/strong><br \/>(+20 for winning)\n|raw|toTHEtop vgc's rating: 1464 &rarr; <strong>1444<\/strong><br \/>(-20 for losing)\n|l|\u2606toTHEtop vgc\n","uploadtime":1699692051,"views":19,"p1id":"bugg1n","p2id":"tothetopvgc","formatid":"gen9ou","rating":1444,"private":0,"password":""}