{"id":"gen9ou-1993678577","p1":"Midorinomee","p2":"Winterbub","format":"[Gen 9] OU","log":"|j|\u2606Midorinomee\n|j|\u2606Winterbub\n|t:|1700344647\n|gametype|singles\n|player|p1|Midorinomee|170|1493\n|player|p2|Winterbub|cynthia|1582\n|teamsize|p1|6\n|teamsize|p2|6\n|gen|9\n|tier|[Gen 9] OU\n|rated|\n|rule|Sleep Clause Mod: Limit one foe put to sleep\n|rule|Species Clause: Limit one of each Pok\u00e9mon\n|rule|OHKO Clause: OHKO moves are banned\n|rule|Evasion Items Clause: Evasion items are banned\n|rule|Evasion Moves Clause: Evasion moves are banned\n|rule|Endless Battle Clause: Forcing endless battles is banned\n|rule|HP Percentage Mod: HP is shown in percentages\n|clearpoke\n|poke|p1|Avalugg, M|\n|poke|p1|Salamence, F|\n|poke|p1|Greninja-*, M|\n|poke|p1|Tyranitar, F|\n|poke|p1|Umbreon, M|\n|poke|p1|Gengar, M|\n|poke|p2|Glimmora, F|\n|poke|p2|Greninja-*, M|\n|poke|p2|Iron Valiant|\n|poke|p2|Dragonite, F|\n|poke|p2|Kingambit, F|\n|poke|p2|Iron Moth|\n|teampreview\n|inactive|Battle timer is ON: inactive players will automatically lose when time's up. (requested by Winterbub)\n|\n|t:|1700344659\n|start\n|switch|p1a: Greninja|Greninja, M|100\/100\n|switch|p2a: Glimmora|Glimmora, F|100\/100\n|turn|1\n|\n|t:|1700344667\n|move|p1a: Greninja|Surf|p2a: Glimmora\n|-supereffective|p2a: Glimmora\n|-enditem|p2a: Glimmora|Focus Sash\n|-damage|p2a: Glimmora|1\/100\n|move|p2a: Glimmora|Power Gem|p1a: Greninja\n|-damage|p1a: Greninja|33\/100\n|\n|upkeep\n|turn|2\n|\n|t:|1700344684\n|switch|p2a: Dragonite|Dragonite, F|100\/100\n|move|p1a: Greninja|Tera Blast|p2a: Dragonite\n|-damage|p2a: Dragonite|88\/100\n|\n|upkeep\n|turn|3\n|\n|t:|1700344689\n|switch|p1a: Avalugg|Avalugg, M|100\/100\n|move|p2a: Dragonite|Extreme Speed|p1a: Avalugg\n|-damage|p1a: Avalugg|89\/100\n|\n|upkeep\n|turn|4\n|\n|t:|1700344693\n|switch|p2a: Glimmora|Glimmora, F|1\/100\n|move|p1a: Avalugg|Rapid Spin|p2a: Glimmora\n|-resisted|p2a: Glimmora\n|-damage|p2a: Glimmora|0 fnt\n|-boost|p1a: Avalugg|spe|1\n|-activate|p2a: Glimmora|ability: Toxic Debris\n|-sidestart|p1: Midorinomee|move: Toxic Spikes\n|-sideend|p1: Midorinomee|Toxic Spikes|[from] move: Rapid Spin|[of] p1a: Avalugg\n|faint|p2a: Glimmora\n|\n|upkeep\n|\n|t:|1700344697\n|switch|p2a: Iron Moth|Iron Moth|100\/100\n|-enditem|p2a: Iron Moth|Booster Energy\n|-activate|p2a: Iron Moth|ability: Quark Drive|[fromitem]\n|-start|p2a: Iron Moth|quarkdrivespa\n|turn|5\n|\n|t:|1700344703\n|switch|p1a: Tyranitar|Tyranitar, F|100\/100\n|-weather|Sandstorm|[from] ability: Sand Stream|[of] p1a: Tyranitar\n|move|p2a: Iron Moth|Fiery Dance|p1a: Tyranitar\n|-resisted|p1a: Tyranitar\n|-damage|p1a: Tyranitar|89\/100\n|\n|-weather|Sandstorm|[upkeep]\n|-damage|p2a: Iron Moth|95\/100|[from] Sandstorm\n|upkeep\n|turn|6\n|\n|t:|1700344708\n|move|p2a: Iron Moth|Dazzling Gleam|p1a: Tyranitar\n|-supereffective|p1a: Tyranitar\n|-damage|p1a: Tyranitar|62\/100\n|move|p1a: Tyranitar|Stone Edge|p2a: Iron Moth\n|-supereffective|p2a: Iron Moth\n|-damage|p2a: Iron Moth|0 fnt\n|faint|p2a: Iron Moth\n|-end|p2a: Iron Moth|Quark Drive|[silent]\n|\n|-weather|Sandstorm|[upkeep]\n|upkeep\n|\n|t:|1700344715\n|switch|p2a: Iron Valiant|Iron Valiant|100\/100\n|-enditem|p2a: Iron Valiant|Booster Energy\n|-activate|p2a: Iron Valiant|ability: Quark Drive|[fromitem]\n|-start|p2a: Iron Valiant|quarkdrivespe\n|turn|7\n|\n|t:|1700344724\n|move|p2a: Iron Valiant|Close Combat|p1a: Tyranitar\n|-supereffective|p1a: Tyranitar\n|-damage|p1a: Tyranitar|0 fnt\n|-unboost|p2a: Iron Valiant|def|1\n|-unboost|p2a: Iron Valiant|spd|1\n|faint|p1a: Tyranitar\n|\n|-weather|Sandstorm|[upkeep]\n|-damage|p2a: Iron Valiant|94\/100|[from] Sandstorm\n|upkeep\n|\n|t:|1700344736\n|switch|p1a: Umbreon|Umbreon, M, shiny|100\/100\n|turn|8\n|\n|t:|1700344740\n|-terastallize|p1a: Umbreon|Fairy\n|move|p2a: Iron Valiant|Moonblast|p1a: Umbreon\n|-damage|p1a: Umbreon|73\/100\n|move|p1a: Umbreon|Tera Blast|p2a: Iron Valiant|[anim] Tera Blast Fairy\n|-supereffective|p2a: Iron Valiant\n|-crit|p2a: Iron Valiant\n|-damage|p2a: Iron Valiant|0 fnt\n|faint|p2a: Iron Valiant\n|-end|p2a: Iron Valiant|Quark Drive|[silent]\n|\n|-weather|Sandstorm|[upkeep]\n|-damage|p1a: Umbreon|66\/100|[from] Sandstorm\n|upkeep\n|\n|t:|1700344751\n|switch|p2a: Kingambit|Kingambit, F|100\/100\n|-activate|p2a: Kingambit|ability: Supreme Overlord\n|-start|p2a: Kingambit|fallen3|[silent]\n|-item|p2a: Kingambit|Air Balloon\n|turn|9\n|\n|t:|1700344756\n|switch|p1a: Salamence|Salamence, F|100\/100\n|-ability|p1a: Salamence|Intimidate|boost\n|-unboost|p2a: Kingambit|atk|1\n|move|p2a: Kingambit|Iron Head|p1a: Salamence\n|-damage|p1a: Salamence|53\/100\n|\n|-weather|none\n|upkeep\n|turn|10\n|\n|t:|1700344761\n|-end|p2a: Kingambit|fallen3|[silent]\n|switch|p2a: Dragonite|Dragonite, F|88\/100\n|move|p1a: Salamence|Fire Blast|p2a: Dragonite\n|-resisted|p2a: Dragonite\n|-damage|p2a: Dragonite|69\/100\n|\n|upkeep\n|turn|11\n|\n|t:|1700344764\n|switch|p1a: Avalugg|Avalugg, M|89\/100\n|move|p2a: Dragonite|Dragon Dance|p2a: Dragonite\n|-boost|p2a: Dragonite|atk|1\n|-boost|p2a: Dragonite|spe|1\n|\n|upkeep\n|turn|12\n|\n|t:|1700344767\n|move|p2a: Dragonite|Fire Punch|p1a: Avalugg\n|-supereffective|p1a: Avalugg\n|-damage|p1a: Avalugg|56\/100\n|move|p1a: Avalugg|Body Press|p2a: Dragonite\n|-resisted|p2a: Dragonite\n|-damage|p2a: Dragonite|46\/100\n|\n|upkeep\n|turn|13\n|\n|t:|1700344772\n|move|p2a: Dragonite|Fire Punch|p1a: Avalugg\n|-supereffective|p1a: Avalugg\n|-damage|p1a: Avalugg|21\/100\n|move|p1a: Avalugg|Recover|p1a: Avalugg\n|-heal|p1a: Avalugg|71\/100\n|\n|upkeep\n|turn|14\n|\n|t:|1700344794\n|switch|p1a: Salamence|Salamence, F|53\/100\n|-ability|p1a: Salamence|Intimidate|boost\n|-unboost|p2a: Dragonite|atk|1\n|move|p2a: Dragonite|Dragon Dance|p2a: Dragonite\n|-boost|p2a: Dragonite|atk|1\n|-boost|p2a: Dragonite|spe|1\n|\n|upkeep\n|turn|15\n|\n|t:|1700344803\n|switch|p1a: Umbreon|Umbreon, M, shiny, tera:Fairy|66\/100\n|move|p2a: Dragonite|Extreme Speed|p1a: Umbreon\n|-damage|p1a: Umbreon|25\/100\n|\n|upkeep\n|turn|16\n|\n|t:|1700344810\n|switch|p1a: Salamence|Salamence, F|53\/100\n|-ability|p1a: Salamence|Intimidate|boost\n|-unboost|p2a: Dragonite|atk|1\n|move|p2a: Dragonite|Extreme Speed|p1a: Salamence\n|-damage|p1a: Salamence|20\/100\n|\n|upkeep\n|turn|17\n|\n|t:|1700344813\n|move|p2a: Dragonite|Extreme Speed|p1a: Salamence\n|-damage|p1a: Salamence|0 fnt\n|faint|p1a: Salamence\n|\n|upkeep\n|\n|t:|1700344818\n|switch|p1a: Avalugg|Avalugg, M|71\/100\n|turn|18\n|\n|t:|1700344820\n|move|p2a: Dragonite|Dragon Dance|p2a: Dragonite\n|-boost|p2a: Dragonite|atk|1\n|-boost|p2a: Dragonite|spe|1\n|move|p1a: Avalugg|Body Press|p2a: Dragonite\n|-resisted|p2a: Dragonite\n|-damage|p2a: Dragonite|23\/100\n|\n|upkeep\n|turn|19\n|\n|t:|1700344823\n|move|p2a: Dragonite|Fire Punch|p1a: Avalugg\n|-supereffective|p1a: Avalugg\n|-damage|p1a: Avalugg|32\/100\n|move|p1a: Avalugg|Body Press|p2a: Dragonite\n|-resisted|p2a: Dragonite\n|-damage|p2a: Dragonite|0 fnt\n|faint|p2a: Dragonite\n|\n|upkeep\n|\n|t:|1700344830\n|switch|p2a: Greninja|Greninja, M|100\/100\n|turn|20\n|\n|t:|1700344841\n|switch|p1a: Gengar|Gengar, M|100\/100\n|move|p2a: Greninja|Surf|p1a: Gengar\n|-damage|p1a: Gengar|11\/100\n|-damage|p2a: Greninja|91\/100|[from] item: Life Orb\n|\n|upkeep\n|turn|21\n|\n|t:|1700344845\n|move|p2a: Greninja|Water Shuriken|p1a: Gengar\n|-damage|p1a: Gengar|0 fnt\n|faint|p1a: Gengar\n|-ability|p2a: Greninja|Battle Bond|boost\n|-boost|p2a: Greninja|atk|1\n|-boost|p2a: Greninja|spa|1\n|-boost|p2a: Greninja|spe|1\n|-activate|p2a: Greninja|ability: Battle Bond\n|-hitcount|p1: Gengar|1\n|-damage|p2a: Greninja|81\/100|[from] item: Life Orb\n|\n|upkeep\n|-message|Midorinomee forfeited.\n|\n|win|Winterbub\n|raw|Midorinomee's rating: 1493 &rarr; <strong>1478<\/strong><br \/>(-15 for losing)\n|raw|Winterbub's rating: 1582 &rarr; <strong>1597<\/strong><br \/>(+15 for winning)\n|l|\u2606Midorinomee\n","uploadtime":1700344851,"views":18,"p1id":"midorinomee","p2id":"winterbub","formatid":"gen9ou","rating":1478,"private":0,"password":""}