{"id":"gen9ou-1988643697","p1":"kobr21","p2":"Thefatguinea","format":"[Gen 9] OU","log":"|j|\u2606kobr21\n|j|\u203dThefatguinea\n|t:|1699745485\n|gametype|singles\n|player|p1|kobr21|maid|1239\n|player|p2|Thefatguinea|linebacker|1198\n|teamsize|p1|6\n|teamsize|p2|6\n|gen|9\n|tier|[Gen 9] OU\n|rated|\n|rule|Sleep Clause Mod: Limit one foe put to sleep\n|rule|Species Clause: Limit one of each Pok\u00e9mon\n|rule|OHKO Clause: OHKO moves are banned\n|rule|Evasion Items Clause: Evasion items are banned\n|rule|Evasion Moves Clause: Evasion moves are banned\n|rule|Endless Battle Clause: Forcing endless battles is banned\n|rule|HP Percentage Mod: HP is shown in percentages\n|clearpoke\n|poke|p1|Gliscor, M|\n|poke|p1|Cinderace, F|\n|poke|p1|Ogerpon-Wellspring, F|\n|poke|p1|Rillaboom, F|\n|poke|p1|Walking Wake|\n|poke|p1|Ting-Lu|\n|poke|p2|Zapdos-Galar|\n|poke|p2|Ceruledge, F|\n|poke|p2|Manaphy|\n|poke|p2|Lokix, M|\n|poke|p2|Weezing-Galar, F|\n|poke|p2|Clodsire, F|\n|teampreview\n|inactive|Battle timer is ON: inactive players will automatically lose when time's up. (requested by kobr21)\n|\n|t:|1699745492\n|start\n|switch|p1a: Ting-Lu|Ting-Lu|100\/100\n|switch|p2a: Lokix|Lokix, M|100\/100\n|-ability|p1a: Ting-Lu|Vessel of Ruin\n|turn|1\n|\n|t:|1699745497\n|move|p2a: Lokix|Swords Dance|p2a: Lokix\n|-boost|p2a: Lokix|atk|2\n|move|p1a: Ting-Lu|Stealth Rock|p2a: Lokix\n|-sidestart|p2: Thefatguinea|move: Stealth Rock\n|\n|upkeep\n|turn|2\n|\n|t:|1699745504\n|move|p2a: Lokix|Swords Dance|p2a: Lokix\n|-boost|p2a: Lokix|atk|2\n|move|p1a: Ting-Lu|Heavy Slam|p2a: Lokix\n|-damage|p2a: Lokix|40\/100\n|\n|upkeep\n|turn|3\n|\n|t:|1699745507\n|move|p2a: Lokix|Leech Life|p1a: Ting-Lu\n|-supereffective|p1a: Ting-Lu\n|-damage|p1a: Ting-Lu|0 fnt\n|-heal|p2a: Lokix|100\/100|[from] drain|[of] p1a: Ting-Lu\n|faint|p1a: Ting-Lu\n|\n|upkeep\n|\n|t:|1699745515\n|switch|p1a: Cinderace|Cinderace, F|100\/100\n|turn|4\n|\n|t:|1699745518\n|move|p2a: Lokix|Sucker Punch|p1a: Cinderace\n|-damage|p1a: Cinderace|0 fnt\n|faint|p1a: Cinderace\n|\n|upkeep\n|\n|t:|1699745526\n|switch|p1a: Gliscor|Gliscor, M|100\/100\n|turn|5\n|\n|t:|1699745528\n|move|p2a: Lokix|Knock Off|p1a: Gliscor\n|-damage|p1a: Gliscor|23\/100\n|-enditem|p1a: Gliscor|Toxic Orb|[from] move: Knock Off|[of] p2a: Lokix\n|move|p1a: Gliscor|Toxic|p2a: Lokix\n|-status|p2a: Lokix|tox\n|\n|-damage|p2a: Lokix|94\/100 tox|[from] psn\n|upkeep\n|turn|6\n|\n|t:|1699745532\n|move|p1a: Gliscor|Protect|p1a: Gliscor\n|-singleturn|p1a: Gliscor|Protect\n|move|p2a: Lokix|Leech Life|p1a: Gliscor\n|-activate|p1a: Gliscor|move: Protect\n|\n|-damage|p2a: Lokix|82\/100 tox|[from] psn\n|upkeep\n|turn|7\n|\n|t:|1699745545\n|move|p2a: Lokix|Leech Life|p1a: Gliscor\n|-resisted|p1a: Gliscor\n|-damage|p1a: Gliscor|0 fnt\n|-heal|p2a: Lokix|97\/100 tox|[from] drain|[of] p1a: Gliscor\n|faint|p1a: Gliscor\n|\n|-damage|p2a: Lokix|79\/100 tox|[from] psn\n|upkeep\n|\n|t:|1699745550\n|switch|p1a: Ogerpon|Ogerpon-Wellspring, F|100\/100\n|turn|8\n|\n|t:|1699745552\n|move|p1a: Ogerpon|Swords Dance|p1a: Ogerpon\n|-boost|p1a: Ogerpon|atk|2\n|move|p2a: Lokix|Leech Life|p1a: Ogerpon\n|-supereffective|p1a: Ogerpon\n|-damage|p1a: Ogerpon|0 fnt\n|-heal|p2a: Lokix|100\/100 tox|[from] drain|[of] p1a: Ogerpon\n|faint|p1a: Ogerpon\n|\n|-damage|p2a: Lokix|76\/100 tox|[from] psn\n|upkeep\n|-message|kobr21 forfeited.\n|\n|win|Thefatguinea\n|raw|kobr21's rating: 1239 &rarr; <strong>1211<\/strong><br \/>(-28 for losing)\n|raw|Thefatguinea's rating: 1198 &rarr; <strong>1226<\/strong><br \/>(+28 for winning)\n|l|\u2606kobr21\n","uploadtime":1699745561,"views":11,"p1id":"kobr21","p2id":"thefatguinea","formatid":"gen9ou","rating":1211,"private":0,"password":""}