{"id":"gen9ou-1995334366","p1":"HooliganHarryYT","p2":"Wiseblood2707","format":"[Gen 9] OU","log":"|j|\u2606HooliganHarryYT\n|j|\u2606Wiseblood2707\n|t:|1700555492\n|gametype|singles\n|player|p1|HooliganHarryYT|102|1422\n|player|p2|Wiseblood2707|giovanni|1375\n|teamsize|p1|6\n|teamsize|p2|6\n|gen|9\n|tier|[Gen 9] OU\n|rated|\n|rule|Sleep Clause Mod: Limit one foe put to sleep\n|rule|Species Clause: Limit one of each Pok\u00e9mon\n|rule|OHKO Clause: OHKO moves are banned\n|rule|Evasion Items Clause: Evasion items are banned\n|rule|Evasion Moves Clause: Evasion moves are banned\n|rule|Endless Battle Clause: Forcing endless battles is banned\n|rule|HP Percentage Mod: HP is shown in percentages\n|clearpoke\n|poke|p1|Dragapult, F|\n|poke|p1|Skeledirge, M|\n|poke|p1|Mandibuzz, F|\n|poke|p1|Weezing-Galar, M|\n|poke|p1|Milotic, F|\n|poke|p1|Torterra, M|\n|poke|p2|Kommo-o, F|\n|poke|p2|Ninetales-Alola, F|\n|poke|p2|Great Tusk|\n|poke|p2|Samurott-Hisui, F|\n|poke|p2|Iron Moth|\n|poke|p2|Enamorus, F|\n|teampreview\n|\n|t:|1700555517\n|start\n|switch|p1a: Weezing|Weezing-Galar, M|100\/100\n|switch|p2a: Let it go|Ninetales-Alola, F|100\/100\n|-ability|p1a: Weezing|Neutralizing Gas\n|turn|1\n|\n|t:|1700555536\n|switch|p2a: KillerMoth|Iron Moth|100\/100\n|-enditem|p2a: KillerMoth|Booster Energy\n|-activate|p2a: KillerMoth|ability: Quark Drive|[fromitem]\n|-start|p2a: KillerMoth|quarkdrivespe\n|move|p1a: Weezing|Sludge Bomb|p2a: KillerMoth\n|-resisted|p2a: KillerMoth\n|-damage|p2a: KillerMoth|87\/100\n|\n|upkeep\n|turn|2\n|\n|t:|1700555549\n|move|p2a: KillerMoth|Sludge Wave|p1a: Weezing\n|-damage|p1a: Weezing|28\/100\n|move|p1a: Weezing|Pain Split|p2a: KillerMoth\n|-sethp|p2a: KillerMoth|59\/100|[from] move: Pain Split|[silent]\n|-sethp|p1a: Weezing|53\/100|[from] move: Pain Split\n|\n|-heal|p1a: Weezing|59\/100|[from] item: Leftovers\n|upkeep\n|turn|3\n|\n|t:|1700555560\n|-end|p1a: Weezing|ability: Neutralizing Gas\n|switch|p1a: Milotic|Milotic, F|100\/100\n|move|p2a: KillerMoth|Sludge Wave|p1a: Milotic\n|-damage|p1a: Milotic|71\/100\n|\n|upkeep\n|turn|4\n|\n|t:|1700555574\n|-end|p2a: KillerMoth|Quark Drive|[silent]\n|switch|p2a: Vergil|Samurott-Hisui, F|100\/100\n|move|p1a: Milotic|Scald|p2a: Vergil\n|-resisted|p2a: Vergil\n|-damage|p2a: Vergil|81\/100\n|-status|p2a: Vergil|brn\n|\n|-damage|p2a: Vergil|75\/100 brn|[from] brn\n|upkeep\n|turn|5\n|\n|t:|1700555583\n|switch|p1a: Weezing|Weezing-Galar, M|59\/100\n|-ability|p1a: Weezing|Neutralizing Gas\n|move|p2a: Vergil|Swords Dance|p2a: Vergil\n|-boost|p2a: Vergil|atk|2\n|\n|-heal|p1a: Weezing|65\/100|[from] item: Leftovers\n|-damage|p2a: Vergil|68\/100 brn|[from] brn\n|upkeep\n|turn|6\n|\n|t:|1700555597\n|switch|p2a: KillerMoth|Iron Moth|59\/100\n|move|p1a: Weezing|Sludge Bomb|p2a: KillerMoth\n|-resisted|p2a: KillerMoth\n|-crit|p2a: KillerMoth\n|-damage|p2a: KillerMoth|39\/100\n|\n|-heal|p1a: Weezing|71\/100|[from] item: Leftovers\n|upkeep\n|turn|7\n|\n|t:|1700555604\n|-end|p1a: Weezing|ability: Neutralizing Gas\n|switch|p1a: Milotic|Milotic, F|71\/100\n|move|p2a: KillerMoth|Sludge Wave|p1a: Milotic\n|-damage|p1a: Milotic|43\/100\n|\n|upkeep\n|turn|8\n|\n|t:|1700555613\n|-end|p2a: KillerMoth|Quark Drive|[silent]\n|switch|p2a: Vergil|Samurott-Hisui, F|68\/100 brn\n|move|p1a: Milotic|Recover|p1a: Milotic\n|-heal|p1a: Milotic|93\/100\n|\n|-damage|p2a: Vergil|62\/100 brn|[from] brn\n|upkeep\n|turn|9\n|\n|t:|1700555621\n|switch|p1a: Weezing|Weezing-Galar, M|71\/100\n|-ability|p1a: Weezing|Neutralizing Gas\n|move|p2a: Vergil|Ceaseless Edge|p1a: Weezing\n|-resisted|p1a: Weezing\n|-damage|p1a: Weezing|67\/100\n|-sidestart|p1: HooliganHarryYT|Spikes\n|\n|-heal|p1a: Weezing|73\/100|[from] item: Leftovers\n|-damage|p2a: Vergil|56\/100 brn|[from] brn\n|upkeep\n|turn|10\n|\n|t:|1700555631\n|switch|p2a: KillerMoth|Iron Moth|39\/100\n|move|p1a: Weezing|Defog|p2a: KillerMoth\n|-unboost|p2a: KillerMoth|evasion|1\n|-sideend|p1: HooliganHarryYT|Spikes|[from] move: Defog|[of] p1a: Weezing\n|\n|-heal|p1a: Weezing|79\/100|[from] item: Leftovers\n|upkeep\n|turn|11\n|\n|t:|1700555640\n|-end|p1a: Weezing|ability: Neutralizing Gas\n|switch|p1a: Milotic|Milotic, F|93\/100\n|move|p2a: KillerMoth|Sludge Wave|p1a: Milotic\n|-damage|p1a: Milotic|65\/100\n|\n|upkeep\n|turn|12\n|\n|t:|1700555654\n|-end|p2a: KillerMoth|Quark Drive|[silent]\n|switch|p2a: Let it go|Ninetales-Alola, F|100\/100\n|-weather|Snow|[from] ability: Snow Warning|[of] p2a: Let it go\n|move|p1a: Milotic|Scald|p2a: Let it go\n|-crit|p2a: Let it go\n|-damage|p2a: Let it go|58\/100\n|\n|-weather|Snow|[upkeep]\n|upkeep\n|turn|13\n|\n|t:|1700555669\n|move|p2a: Let it go|Moonblast|p1a: Milotic\n|-damage|p1a: Milotic|50\/100\n|-unboost|p1a: Milotic|spa|1\n|move|p1a: Milotic|Scald|p2a: Let it go\n|-damage|p2a: Let it go|39\/100\n|\n|-weather|Snow|[upkeep]\n|upkeep\n|turn|14\n|\n|t:|1700555679\n|move|p2a: Let it go|Aurora Veil|p2a: Let it go\n|-sidestart|p2: Wiseblood2707|move: Aurora Veil\n|move|p1a: Milotic|Recover|p1a: Milotic\n|-heal|p1a: Milotic|99\/100\n|\n|-weather|Snow|[upkeep]\n|upkeep\n|turn|15\n|\n|t:|1700555684\n|switch|p2a: Goku|Kommo-o, F|100\/100\n|switch|p1a: Weezing|Weezing-Galar, M|79\/100\n|-ability|p1a: Weezing|Neutralizing Gas\n|\n|-weather|Snow|[upkeep]\n|-heal|p1a: Weezing|85\/100|[from] item: Leftovers\n|upkeep\n|turn|16\n|\n|t:|1700555704\n|-terastallize|p2a: Goku|Normal\n|move|p2a: Goku|Boomburst|p1a: Weezing\n|-damage|p1a: Weezing|0 fnt\n|faint|p1a: Weezing\n|-end|p1a: Weezing|ability: Neutralizing Gas\n|-enditem|p2a: Goku|Throat Spray\n|-boost|p2a: Goku|spa|1|[from] item: Throat Spray\n|\n|-weather|none\n|upkeep\n|\n|t:|1700555737\n|switch|p1a: Skeledirge|Skeledirge, M|100\/100\n|turn|17\n|\n|t:|1700555754\n|move|p2a: Goku|Clanging Scales|p1a: Skeledirge\n|-damage|p1a: Skeledirge|59\/100\n|-unboost|p2a: Goku|def|1\n|move|p1a: Skeledirge|Torch Song|p2a: Goku\n|-damage|p2a: Goku|85\/100\n|-boost|p1a: Skeledirge|spa|1\n|\n|upkeep\n|turn|18\n|\n|t:|1700555772\n|move|p2a: Goku|Clanging Scales|p1a: Skeledirge\n|-damage|p1a: Skeledirge|21\/100\n|-unboost|p2a: Goku|def|1\n|move|p1a: Skeledirge|Slack Off|p1a: Skeledirge\n|-heal|p1a: Skeledirge|71\/100\n|\n|upkeep\n|turn|19\n|\n|t:|1700555782\n|move|p2a: Goku|Clanging Scales|p1a: Skeledirge\n|-damage|p1a: Skeledirge|31\/100\n|-unboost|p2a: Goku|def|1\n|move|p1a: Skeledirge|Slack Off|p1a: Skeledirge\n|-heal|p1a: Skeledirge|81\/100\n|\n|upkeep\n|turn|20\n|\n|t:|1700555790\n|switch|p2a: Gran Tosko|Great Tusk|100\/100\n|-enditem|p2a: Gran Tosko|Booster Energy\n|-activate|p2a: Gran Tosko|ability: Protosynthesis|[fromitem]\n|-start|p2a: Gran Tosko|protosynthesisatk\n|move|p1a: Skeledirge|Torch Song|p2a: Gran Tosko\n|-damage|p2a: Gran Tosko|68\/100\n|-boost|p1a: Skeledirge|spa|1\n|\n|upkeep\n|turn|21\n|\n|t:|1700555800\n|-terastallize|p1a: Skeledirge|Water\n|move|p2a: Gran Tosko|Headlong Rush|p1a: Skeledirge\n|-damage|p1a: Skeledirge|8\/100\n|-unboost|p2a: Gran Tosko|def|1\n|-unboost|p2a: Gran Tosko|spd|1\n|move|p1a: Skeledirge|Will-O-Wisp|p2a: Gran Tosko|[miss]\n|-miss|p1a: Skeledirge|p2a: Gran Tosko\n|\n|-sideend|p2: Wiseblood2707|move: Aurora Veil\n|upkeep\n|turn|22\n|c|\u2606HooliganHarryYT|F\n|\n|t:|1700555813\n|switch|p1a: Mandibuzz|Mandibuzz, F|100\/100\n|move|p2a: Gran Tosko|Ice Spinner|p1a: Mandibuzz\n|-supereffective|p1a: Mandibuzz\n|-damage|p1a: Mandibuzz|56\/100\n|\n|upkeep\n|turn|23\n|\n|t:|1700555840\n|-end|p2a: Gran Tosko|Protosynthesis|[silent]\n|switch|p2a: Vergil|Samurott-Hisui, F|56\/100 brn\n|move|p1a: Mandibuzz|Toxic||[still]\n|-fail|p1a: Mandibuzz\n|\n|-damage|p2a: Vergil|50\/100 brn|[from] brn\n|upkeep\n|turn|24\n|\n|t:|1700555847\n|move|p2a: Vergil|Ceaseless Edge|p1a: Mandibuzz\n|-resisted|p1a: Mandibuzz\n|-damage|p1a: Mandibuzz|50\/100\n|-sidestart|p1: HooliganHarryYT|Spikes\n|move|p1a: Mandibuzz|Iron Defense|p1a: Mandibuzz\n|-boost|p1a: Mandibuzz|def|2\n|\n|-damage|p2a: Vergil|43\/100 brn|[from] brn\n|upkeep\n|turn|25\n|\n|t:|1700555855\n|move|p2a: Vergil|Ceaseless Edge|p1a: Mandibuzz\n|-resisted|p1a: Mandibuzz\n|-damage|p1a: Mandibuzz|47\/100\n|-sidestart|p1: HooliganHarryYT|Spikes\n|move|p1a: Mandibuzz|Roost|p1a: Mandibuzz\n|-heal|p1a: Mandibuzz|97\/100\n|-singleturn|p1a: Mandibuzz|move: Roost\n|\n|-damage|p2a: Vergil|37\/100 brn|[from] brn\n|upkeep\n|turn|26\n|\n|t:|1700555863\n|move|p2a: Vergil|Ceaseless Edge|p1a: Mandibuzz\n|-resisted|p1a: Mandibuzz\n|-damage|p1a: Mandibuzz|94\/100\n|-sidestart|p1: HooliganHarryYT|Spikes\n|move|p1a: Mandibuzz|Foul Play|p2a: Vergil\n|-resisted|p2a: Vergil\n|-damage|p2a: Vergil|10\/100 brn\n|\n|-damage|p2a: Vergil|4\/100 brn|[from] brn\n|upkeep\n|turn|27\n|\n|t:|1700555906\n|switch|p2a: Isa TKM|Enamorus, F|100\/100\n|move|p1a: Mandibuzz|Iron Defense|p1a: Mandibuzz\n|-boost|p1a: Mandibuzz|def|2\n|\n|upkeep\n|turn|28\n|\n|t:|1700555911\n|move|p2a: Isa TKM|Moonblast|p1a: Mandibuzz\n|-supereffective|p1a: Mandibuzz\n|-damage|p1a: Mandibuzz|0 fnt\n|faint|p1a: Mandibuzz\n|\n|upkeep\n|\n|t:|1700555921\n|switch|p1a: Torterra|Torterra, M|100\/100\n|-damage|p1a: Torterra|76\/100|[from] Spikes\n|turn|29\n|\n|t:|1700555926\n|move|p2a: Isa TKM|Moonblast|p1a: Torterra\n|-damage|p1a: Torterra|0 fnt\n|faint|p1a: Torterra\n|\n|upkeep\n|\n|t:|1700555932\n|switch|p1a: Milotic|Milotic, F|99\/100\n|turn|30\n|\n|t:|1700555943\n|switch|p2a: Vergil|Samurott-Hisui, F|4\/100 brn\n|move|p1a: Milotic|Mirror Coat||[still]\n|-fail|p1a: Milotic\n|\n|-damage|p2a: Vergil|0 fnt|[from] brn\n|faint|p2a: Vergil\n|upkeep\n|\n|t:|1700555950\n|switch|p2a: Let it go|Ninetales-Alola, F|39\/100\n|-weather|Snow|[from] ability: Snow Warning|[of] p2a: Let it go\n|turn|31\n|\n|t:|1700555962\n|move|p2a: Let it go|Aurora Veil|p2a: Let it go\n|-sidestart|p2: Wiseblood2707|move: Aurora Veil\n|move|p1a: Milotic|Scald|p2a: Let it go\n|-damage|p2a: Let it go|26\/100\n|\n|-weather|Snow|[upkeep]\n|upkeep\n|turn|32\n|\n|t:|1700555970\n|switch|p2a: Goku|Kommo-o, F, tera:Normal|85\/100\n|move|p1a: Milotic|Scald|p2a: Goku\n|-damage|p2a: Goku|70\/100\n|\n|-weather|Snow|[upkeep]\n|upkeep\n|turn|33\n|\n|t:|1700555978\n|move|p2a: Goku|Clangorous Soul|p2a: Goku\n|-boost|p2a: Goku|atk|1\n|-boost|p2a: Goku|def|1\n|-boost|p2a: Goku|spa|1\n|-boost|p2a: Goku|spd|1\n|-boost|p2a: Goku|spe|1\n|-damage|p2a: Goku|37\/100\n|move|p1a: Milotic|Mirror Coat||[still]\n|-fail|p1a: Milotic\n|\n|-weather|Snow|[upkeep]\n|upkeep\n|turn|34\n|\n|t:|1700555992\n|move|p2a: Goku|Drain Punch|p1a: Milotic\n|-damage|p1a: Milotic|58\/100\n|-heal|p2a: Goku|66\/100|[from] drain|[of] p1a: Milotic\n|move|p1a: Milotic|Haze|p1a: Milotic\n|-clearallboost\n|\n|-weather|Snow|[upkeep]\n|upkeep\n|turn|35\n|\n|t:|1700556027\n|move|p2a: Goku|Drain Punch|p1a: Milotic\n|-crit|p1a: Milotic\n|-damage|p1a: Milotic|19\/100\n|-heal|p2a: Goku|92\/100|[from] drain|[of] p1a: Milotic\n|move|p1a: Milotic|Recover|p1a: Milotic\n|-heal|p1a: Milotic|69\/100\n|\n|-weather|none\n|upkeep\n|turn|36\n|\n|t:|1700556037\n|move|p2a: Goku|Drain Punch|p1a: Milotic\n|-damage|p1a: Milotic|43\/100\n|-heal|p2a: Goku|100\/100|[from] drain|[of] p1a: Milotic\n|move|p1a: Milotic|Scald|p2a: Goku\n|-damage|p2a: Goku|84\/100\n|-status|p2a: Goku|brn\n|\n|-damage|p2a: Goku|78\/100 brn|[from] brn\n|upkeep\n|turn|37\n|\n|t:|1700556050\n|move|p2a: Goku|Clangorous Soul|p2a: Goku\n|-boost|p2a: Goku|atk|1\n|-boost|p2a: Goku|def|1\n|-boost|p2a: Goku|spa|1\n|-boost|p2a: Goku|spd|1\n|-boost|p2a: Goku|spe|1\n|-damage|p2a: Goku|45\/100 brn\n|move|p1a: Milotic|Recover|p1a: Milotic\n|-heal|p1a: Milotic|93\/100\n|\n|-damage|p2a: Goku|39\/100 brn|[from] brn\n|upkeep\n|turn|38\n|\n|t:|1700556060\n|move|p2a: Goku|Boomburst|p1a: Milotic\n|-damage|p1a: Milotic|44\/100\n|move|p1a: Milotic|Mirror Coat|p2a: Goku\n|-damage|p2a: Goku|0 fnt\n|faint|p2a: Goku\n|\n|-sideend|p2: Wiseblood2707|move: Aurora Veil\n|upkeep\n|\n|t:|1700556067\n|switch|p2a: Let it go|Ninetales-Alola, F|26\/100\n|-weather|Snow|[from] ability: Snow Warning|[of] p2a: Let it go\n|turn|39\n|\n|t:|1700556073\n|move|p2a: Let it go|Aurora Veil|p2a: Let it go\n|-sidestart|p2: Wiseblood2707|move: Aurora Veil\n|move|p1a: Milotic|Recover|p1a: Milotic\n|-heal|p1a: Milotic|94\/100\n|\n|-weather|Snow|[upkeep]\n|upkeep\n|turn|40\n|\n|t:|1700556079\n|switch|p2a: Gran Tosko|Great Tusk|68\/100\n|move|p1a: Milotic|Mirror Coat||[still]\n|-fail|p1a: Milotic\n|\n|-weather|Snow|[upkeep]\n|upkeep\n|turn|41\n|\n|t:|1700556090\n|move|p2a: Gran Tosko|Rapid Spin|p1a: Milotic\n|-damage|p1a: Milotic|74\/100\n|-boost|p2a: Gran Tosko|spe|1\n|move|p1a: Milotic|Scald|p2a: Gran Tosko\n|-supereffective|p2a: Gran Tosko\n|-damage|p2a: Gran Tosko|28\/100\n|-status|p2a: Gran Tosko|brn\n|\n|-weather|Snow|[upkeep]\n|-damage|p2a: Gran Tosko|22\/100 brn|[from] brn\n|upkeep\n|turn|42\n|\n|t:|1700556104\n|move|p2a: Gran Tosko|Headlong Rush|p1a: Milotic\n|-damage|p1a: Milotic|38\/100\n|-unboost|p2a: Gran Tosko|def|1\n|-unboost|p2a: Gran Tosko|spd|1\n|move|p1a: Milotic|Recover|p1a: Milotic\n|-heal|p1a: Milotic|88\/100\n|\n|-weather|Snow|[upkeep]\n|-damage|p2a: Gran Tosko|16\/100 brn|[from] brn\n|upkeep\n|turn|43\n|\n|t:|1700556116\n|move|p2a: Gran Tosko|Headlong Rush|p1a: Milotic\n|-damage|p1a: Milotic|53\/100\n|-unboost|p2a: Gran Tosko|def|1\n|-unboost|p2a: Gran Tosko|spd|1\n|move|p1a: Milotic|Scald|p2a: Gran Tosko\n|-supereffective|p2a: Gran Tosko\n|-damage|p2a: Gran Tosko|0 fnt\n|faint|p2a: Gran Tosko\n|-end|p2a: Gran Tosko|Protosynthesis|[silent]\n|\n|-weather|none\n|upkeep\n|\n|t:|1700556125\n|switch|p2a: KillerMoth|Iron Moth|39\/100\n|turn|44\n|\n|t:|1700556131\n|move|p2a: KillerMoth|Substitute|p2a: KillerMoth\n|-start|p2a: KillerMoth|Substitute\n|-damage|p2a: KillerMoth|14\/100\n|move|p1a: Milotic|Recover|p1a: Milotic\n|-heal|p1a: Milotic|100\/100\n|\n|upkeep\n|turn|45\n|\n|t:|1700556151\n|move|p2a: KillerMoth|Sludge Wave|p1a: Milotic\n|-damage|p1a: Milotic|75\/100\n|move|p1a: Milotic|Scald|p2a: KillerMoth\n|-supereffective|p2a: KillerMoth\n|-end|p2a: KillerMoth|Substitute\n|\n|upkeep\n|turn|46\n|\n|t:|1700556158\n|move|p2a: KillerMoth|Sludge Wave|p1a: Milotic\n|-damage|p1a: Milotic|48\/100\n|move|p1a: Milotic|Scald|p2a: KillerMoth\n|-supereffective|p2a: KillerMoth\n|-damage|p2a: KillerMoth|0 fnt\n|faint|p2a: KillerMoth\n|-end|p2a: KillerMoth|Quark Drive|[silent]\n|\n|-sideend|p2: Wiseblood2707|move: Aurora Veil\n|upkeep\n|\n|t:|1700556165\n|switch|p2a: Let it go|Ninetales-Alola, F|26\/100\n|-weather|Snow|[from] ability: Snow Warning|[of] p2a: Let it go\n|turn|47\n|\n|t:|1700556173\n|move|p2a: Let it go|Aurora Veil|p2a: Let it go\n|-sidestart|p2: Wiseblood2707|move: Aurora Veil\n|move|p1a: Milotic|Recover|p1a: Milotic\n|-heal|p1a: Milotic|98\/100\n|\n|-weather|Snow|[upkeep]\n|upkeep\n|turn|48\n|\n|t:|1700556179\n|move|p2a: Let it go|Encore||[still]\n|-fail|p2a: Let it go\n|move|p1a: Milotic|Scald|p2a: Let it go\n|-damage|p2a: Let it go|13\/100\n|\n|-weather|Snow|[upkeep]\n|upkeep\n|turn|49\n|\n|t:|1700556209\n|move|p2a: Let it go|Freeze-Dry|p1a: Milotic\n|-supereffective|p1a: Milotic\n|-damage|p1a: Milotic|76\/100\n|move|p1a: Milotic|Scald|p2a: Let it go\n|-damage|p2a: Let it go|0 fnt\n|faint|p2a: Let it go\n|\n|-weather|Snow|[upkeep]\n|upkeep\n|\n|t:|1700556216\n|switch|p2a: Isa TKM|Enamorus, F|100\/100\n|turn|50\n|\n|t:|1700556220\n|move|p2a: Isa TKM|Moonblast|p1a: Milotic\n|-damage|p1a: Milotic|31\/100\n|move|p1a: Milotic|Mirror Coat|p2a: Isa TKM\n|-damage|p2a: Isa TKM|0 fnt\n|faint|p2a: Isa TKM\n|\n|win|HooliganHarryYT\n|raw|HooliganHarryYT's rating: 1422 &rarr; <strong>1439<\/strong><br \/>(+17 for winning)\n|raw|Wiseblood2707's rating: 1375 &rarr; <strong>1358<\/strong><br \/>(-17 for losing)\n|c|\u2606HooliganHarryYT|gg\n|l|\u2606Wiseblood2707\n","uploadtime":1700556245,"views":39,"p1id":"hooliganharryyt","p2id":"wiseblood2707","formatid":"gen9ou","rating":1358,"private":0,"password":""}