{"id":"gen9ou-1997400280","p1":"Artemis is garbo","p2":"RepeatUntilTired3","format":"[Gen 9] OU","log":"|j|\u2606Artemis is garbo\n|j|\u2606RepeatUntilTired3\n|t:|1700799323\n|gametype|singles\n|player|p1|Artemis is garbo|maylene|1667\n|player|p2|RepeatUntilTired3|marlon|1641\n|teamsize|p1|6\n|teamsize|p2|6\n|gen|9\n|tier|[Gen 9] OU\n|rated|\n|rule|Sleep Clause Mod: Limit one foe put to sleep\n|rule|Species Clause: Limit one of each Pok\u00e9mon\n|rule|OHKO Clause: OHKO moves are banned\n|rule|Evasion Items Clause: Evasion items are banned\n|rule|Evasion Moves Clause: Evasion moves are banned\n|rule|Endless Battle Clause: Forcing endless battles is banned\n|rule|HP Percentage Mod: HP is shown in percentages\n|clearpoke\n|poke|p1|Ninetales-Alola, F|\n|poke|p1|Klefki, F|\n|poke|p1|Manaphy|\n|poke|p1|Articuno-Galar|\n|poke|p1|Maushold-Four|\n|poke|p1|Landorus-Therian, M|\n|poke|p2|Basculegion, M|\n|poke|p2|Thundurus-Therian, M|\n|poke|p2|Tornadus-Therian, M|\n|poke|p2|Pelipper, M|\n|poke|p2|Iron Treads|\n|poke|p2|Samurott-Hisui, M|\n|teampreview\n|inactive|Battle timer is ON: inactive players will automatically lose when time's up. (requested by RepeatUntilTired3)\n|inactive|Artemis is garbo also wants the timer to be on.\n|\n|t:|1700799331\n|start\n|switch|p1a: Klefki|Klefki, F|100\/100\n|switch|p2a: BidDaddyPel|Pelipper, M|100\/100\n|-weather|RainDance|[from] ability: Drizzle|[of] p2a: BidDaddyPel\n|turn|1\n|\n|t:|1700799337\n|-terastallize|p2a: BidDaddyPel|Steel\n|move|p1a: Klefki|Light Screen|p1a: Klefki\n|-sidestart|p1: Artemis is garbo|move: Light Screen\n|move|p2a: BidDaddyPel|U-turn|p1a: Klefki\n|-resisted|p1a: Klefki\n|-damage|p1a: Klefki|98\/100\n|\n|t:|1700799346\n|switch|p2a: Dauntless|Samurott-Hisui, M|100\/100|[from] U-turn\n|\n|-weather|RainDance|[upkeep]\n|upkeep\n|turn|2\n|\n|t:|1700799351\n|switch|p1a: Ninetales|Ninetales-Alola, F|100\/100\n|-weather|Snow|[from] ability: Snow Warning|[of] p1a: Ninetales\n|move|p2a: Dauntless|Swords Dance|p2a: Dauntless\n|-boost|p2a: Dauntless|atk|2\n|\n|-weather|Snow|[upkeep]\n|upkeep\n|turn|3\n|\n|t:|1700799360\n|move|p1a: Ninetales|Encore|p2a: Dauntless\n|-start|p2a: Dauntless|Encore\n|move|p2a: Dauntless|Swords Dance|p2a: Dauntless\n|-boost|p2a: Dauntless|atk|2\n|\n|-weather|Snow|[upkeep]\n|upkeep\n|turn|4\n|\n|t:|1700799366\n|switch|p2a: BidDaddyPel|Pelipper, M, tera:Steel|100\/100\n|-weather|RainDance|[from] ability: Drizzle|[of] p2a: BidDaddyPel\n|move|p1a: Ninetales|Hypnosis|p2a: BidDaddyPel|[miss]\n|-miss|p1a: Ninetales|p2a: BidDaddyPel\n|\n|-weather|RainDance|[upkeep]\n|upkeep\n|turn|5\n|\n|t:|1700799373\n|switch|p1a: Klefki|Klefki, F|98\/100\n|switch|p2a: Droideka|Iron Treads|100\/100\n|\n|-weather|RainDance|[upkeep]\n|upkeep\n|turn|6\n|\n|t:|1700799381\n|move|p1a: Klefki|Reflect|p1a: Klefki\n|-sidestart|p1: Artemis is garbo|Reflect\n|move|p2a: Droideka|Knock Off|p1a: Klefki\n|-resisted|p1a: Klefki\n|-damage|p1a: Klefki|92\/100\n|-enditem|p1a: Klefki|Light Clay|[from] move: Knock Off|[of] p2a: Droideka\n|\n|-weather|RainDance|[upkeep]\n|upkeep\n|turn|7\n|\n|t:|1700799387\n|switch|p1a: Manaphy|Manaphy, shiny|100\/100\n|move|p2a: Droideka|Volt Switch|p1a: Manaphy\n|-supereffective|p1a: Manaphy\n|-damage|p1a: Manaphy|91\/100\n|\n|t:|1700799396\n|-end|p2a: Droideka|Quark Drive|[silent]\n|switch|p2a: FatThor|Thundurus-Therian, M|100\/100|[from] Volt Switch\n|\n|-weather|RainDance|[upkeep]\n|-heal|p1a: Manaphy|97\/100|[from] item: Leftovers\n|upkeep\n|turn|8\n|\n|t:|1700799401\n|switch|p1a: Landorus|Landorus-Therian, M|100\/100\n|-ability|p1a: Landorus|Intimidate|boost\n|-unboost|p2a: FatThor|atk|1\n|move|p2a: FatThor|Nasty Plot|p2a: FatThor\n|-boost|p2a: FatThor|spa|2\n|\n|-weather|RainDance|[upkeep]\n|-sideend|p1: Artemis is garbo|move: Light Screen\n|upkeep\n|turn|9\n|\n|t:|1700799409\n|switch|p1a: Ninetales|Ninetales-Alola, F|100\/100\n|-weather|Snow|[from] ability: Snow Warning|[of] p1a: Ninetales\n|move|p2a: FatThor|Weather Ball|p1a: Ninetales\n|-resisted|p1a: Ninetales\n|-damage|p1a: Ninetales|57\/100\n|\n|-weather|Snow|[upkeep]\n|upkeep\n|turn|10\n|\n|t:|1700799421\n|switch|p1a: Klefki|Klefki, F|92\/100\n|move|p2a: FatThor|Psychic|p1a: Klefki\n|-resisted|p1a: Klefki\n|-damage|p1a: Klefki|54\/100\n|\n|-weather|Snow|[upkeep]\n|upkeep\n|turn|11\n|\n|t:|1700799431\n|move|p1a: Klefki|Light Screen|p1a: Klefki\n|-sidestart|p1: Artemis is garbo|move: Light Screen\n|move|p2a: FatThor|Nasty Plot|p2a: FatThor\n|-boost|p2a: FatThor|spa|2\n|\n|-weather|Snow|[upkeep]\n|upkeep\n|turn|12\n|\n|t:|1700799436\n|move|p1a: Klefki|Spikes|p2a: FatThor\n|-sidestart|p2: RepeatUntilTired3|Spikes\n|move|p2a: FatThor|Weather Ball|p1a: Klefki\n|-resisted|p1a: Klefki\n|-damage|p1a: Klefki|24\/100\n|\n|-weather|Snow|[upkeep]\n|upkeep\n|turn|13\n|\n|t:|1700799444\n|move|p1a: Klefki|Spikes|p2a: FatThor\n|-sidestart|p2: RepeatUntilTired3|Spikes\n|move|p2a: FatThor|Weather Ball|p1a: Klefki\n|-resisted|p1a: Klefki\n|-damage|p1a: Klefki|0 fnt\n|faint|p1a: Klefki\n|\n|-weather|none\n|-sideend|p1: Artemis is garbo|Reflect\n|upkeep\n|\n|t:|1700799451\n|switch|p1a: Ninetales|Ninetales-Alola, F|57\/100\n|-weather|Snow|[from] ability: Snow Warning|[of] p1a: Ninetales\n|turn|14\n|j| Frankiep06\n|\n|t:|1700799457\n|move|p1a: Ninetales|Freeze-Dry|p2a: FatThor\n|-supereffective|p2a: FatThor\n|-damage|p2a: FatThor|44\/100\n|move|p2a: FatThor|Psychic|p1a: Ninetales\n|-damage|p1a: Ninetales|0 fnt\n|faint|p1a: Ninetales\n|\n|-weather|Snow|[upkeep]\n|upkeep\n|c| Frankiep06|Dont lose like the last game mate\n|n|\u203dArtemis is garbo|artemisisgarbo\n|l| Frankiep06\n|inactive|Artemis is garbo has 120 seconds left.\n|j| Frankiep06\n|l| Frankiep06\n|inactive|Artemis is garbo has 90 seconds left.\n|\n|t:|1700799520\n|switch|p1a: Manaphy|Manaphy, shiny|97\/100\n|turn|15\n|\n|t:|1700799532\n|-terastallize|p1a: Manaphy|Psychic\n|move|p2a: FatThor|Psychic|p1a: Manaphy\n|-resisted|p1a: Manaphy\n|-damage|p1a: Manaphy|75\/100\n|move|p1a: Manaphy|Scald|p2a: FatThor\n|-damage|p2a: FatThor|0 fnt\n|faint|p2a: FatThor\n|\n|-weather|Snow|[upkeep]\n|-heal|p1a: Manaphy|82\/100|[from] item: Leftovers\n|-sideend|p1: Artemis is garbo|move: Light Screen\n|upkeep\n|\n|t:|1700799544\n|switch|p2a: Dauntless|Samurott-Hisui, M|100\/100\n|turn|16\n|\n|t:|1700799555\n|move|p2a: Dauntless|Swords Dance|p2a: Dauntless\n|-boost|p2a: Dauntless|atk|2\n|move|p1a: Manaphy|Scald|p2a: Dauntless\n|-resisted|p2a: Dauntless\n|-damage|p2a: Dauntless|73\/100\n|\n|-weather|Snow|[upkeep]\n|-heal|p1a: Manaphy|88\/100|[from] item: Leftovers\n|upkeep\n|turn|17\n|\n|t:|1700799563\n|switch|p1a: Landorus|Landorus-Therian, M|100\/100\n|-ability|p1a: Landorus|Intimidate|boost\n|-unboost|p2a: Dauntless|atk|1\n|move|p2a: Dauntless|Ceaseless Edge|p1a: Landorus\n|-damage|p1a: Landorus|22\/100\n|-sidestart|p1: Artemis is garbo|Spikes\n|\n|-weather|Snow|[upkeep]\n|-heal|p1a: Landorus|29\/100|[from] item: Leftovers\n|upkeep\n|turn|18\n|inactive|Artemis is garbo has 120 seconds left.\n|\n|t:|1700799576\n|move|p2a: Dauntless|Aqua Jet|p1a: Landorus\n|-supereffective|p1a: Landorus\n|-damage|p1a: Landorus|0 fnt\n|faint|p1a: Landorus\n|\n|-weather|none\n|upkeep\n|\n|t:|1700799581\n|switch|p1a: Maushold|Maushold-Four|100\/100\n|-damage|p1a: Maushold|88\/100|[from] Spikes\n|turn|19\n|\n|t:|1700799585\n|switch|p2a: BidDaddyPel|Pelipper, M, tera:Steel|100\/100\n|-damage|p2a: BidDaddyPel|84\/100|[from] Spikes\n|-weather|RainDance|[from] ability: Drizzle|[of] p2a: BidDaddyPel\n|move|p1a: Maushold|Population Bomb|p2a: BidDaddyPel\n|-resisted|p2a: BidDaddyPel\n|-damage|p2a: BidDaddyPel|78\/100\n|-resisted|p2a: BidDaddyPel\n|-damage|p2a: BidDaddyPel|72\/100\n|-resisted|p2a: BidDaddyPel\n|-damage|p2a: BidDaddyPel|66\/100\n|-resisted|p2a: BidDaddyPel\n|-damage|p2a: BidDaddyPel|59\/100\n|-resisted|p2a: BidDaddyPel\n|-damage|p2a: BidDaddyPel|53\/100\n|-resisted|p2a: BidDaddyPel\n|-crit|p2a: BidDaddyPel\n|-damage|p2a: BidDaddyPel|44\/100\n|-resisted|p2a: BidDaddyPel\n|-damage|p2a: BidDaddyPel|37\/100\n|-resisted|p2a: BidDaddyPel\n|-damage|p2a: BidDaddyPel|31\/100\n|-resisted|p2a: BidDaddyPel\n|-damage|p2a: BidDaddyPel|25\/100\n|-resisted|p2a: BidDaddyPel\n|-crit|p2a: BidDaddyPel\n|-damage|p2a: BidDaddyPel|15\/100\n|-hitcount|p2a: BidDaddyPel|10\n|\n|-weather|RainDance|[upkeep]\n|upkeep\n|turn|20\n|\n|t:|1700799610\n|move|p1a: Maushold|Bite|p2a: BidDaddyPel\n|-damage|p2a: BidDaddyPel|0 fnt\n|faint|p2a: BidDaddyPel\n|\n|-weather|RainDance|[upkeep]\n|upkeep\n|\n|t:|1700799615\n|switch|p2a: KingSalmon|Basculegion, M|100\/100\n|-damage|p2a: KingSalmon|84\/100|[from] Spikes\n|turn|21\n|\n|t:|1700799630\n|switch|p1a: Manaphy|Manaphy, shiny, tera:Psychic|88\/100\n|-damage|p1a: Manaphy|75\/100|[from] Spikes\n|move|p2a: KingSalmon|Wave Crash|p1a: Manaphy\n|-damage|p1a: Manaphy|0 fnt\n|faint|p1a: Manaphy\n|-damage|p2a: KingSalmon|58\/100|[from] Recoil\n|\n|-weather|RainDance|[upkeep]\n|upkeep\n|\n|t:|1700799638\n|switch|p1a: Articuno|Articuno-Galar, shiny|100\/100\n|turn|22\n|\n|t:|1700799643\n|move|p2a: KingSalmon|Wave Crash|p1a: Articuno\n|-damage|p1a: Articuno|0 fnt\n|faint|p1a: Articuno\n|-damage|p2a: KingSalmon|30\/100|[from] Recoil\n|\n|-weather|RainDance|[upkeep]\n|upkeep\n|-message|Artemis is garbo forfeited.\n|\n|win|RepeatUntilTired3\n|raw|Artemis is garbo's rating: 1667 &rarr; <strong>1646<\/strong><br \/>(-21 for losing)\n|raw|RepeatUntilTired3's rating: 1641 &rarr; <strong>1662<\/strong><br \/>(+21 for winning)\n|l|\u203dArtemis is garbo\n","uploadtime":1700799653,"views":37,"p1id":"artemisisgarbo","p2id":"repeatuntiltired3","formatid":"gen9ou","rating":1646,"private":0,"password":""}