{"id":"gen9ou-1991601348","p1":"Ticklemenemo","p2":"NekroDono","format":"[Gen 9] OU","log":"|j|\u2606Ticklemenemo\n|j|\u2606NekroDono\n|t:|1700092912\n|gametype|singles\n|player|p1|Ticklemenemo|169|1123\n|player|p2|NekroDono|ingo-masters|1122\n|teamsize|p1|6\n|teamsize|p2|6\n|gen|9\n|tier|[Gen 9] OU\n|rated|\n|rule|Sleep Clause Mod: Limit one foe put to sleep\n|rule|Species Clause: Limit one of each Pok\u00e9mon\n|rule|OHKO Clause: OHKO moves are banned\n|rule|Evasion Items Clause: Evasion items are banned\n|rule|Evasion Moves Clause: Evasion moves are banned\n|rule|Endless Battle Clause: Forcing endless battles is banned\n|rule|HP Percentage Mod: HP is shown in percentages\n|clearpoke\n|poke|p1|Sneasler, F|\n|poke|p1|Jolteon, F|\n|poke|p1|Hawlucha, M|\n|poke|p1|Samurott-Hisui, F|\n|poke|p1|Cyclizar, M|\n|poke|p1|Scizor, F|\n|poke|p2|Meowscarada, F|\n|poke|p2|Skeledirge, F|\n|poke|p2|Kingambit, M|\n|poke|p2|Corviknight, M|\n|poke|p2|Goodra, M|\n|poke|p2|Chansey, F|\n|teampreview\n|\n|t:|1700092921\n|start\n|switch|p1a: Scizor|Scizor, F|100\/100\n|switch|p2a: Meowscarada|Meowscarada, F, shiny|100\/100\n|turn|1\n|\n|t:|1700092926\n|move|p2a: Meowscarada|U-turn|p1a: Scizor\n|-start|p2a: Meowscarada|typechange|Bug|[from] ability: Protean\n|-resisted|p1a: Scizor\n|-damage|p1a: Scizor|72\/100\n|\n|t:|1700092932\n|switch|p2a: Skeledirge|Skeledirge, F|100\/100|[from] U-turn\n|move|p1a: Scizor|Swords Dance|p1a: Scizor\n|-boost|p1a: Scizor|atk|2\n|\n|upkeep\n|turn|2\n|\n|t:|1700092944\n|move|p1a: Scizor|Bullet Punch|p2a: Skeledirge\n|-resisted|p2a: Skeledirge\n|-damage|p2a: Skeledirge|86\/100\n|move|p2a: Skeledirge|Torch Song|p1a: Scizor\n|-supereffective|p1a: Scizor\n|-damage|p1a: Scizor|0 fnt\n|-boost|p2a: Skeledirge|spa|1\n|faint|p1a: Scizor\n|\n|upkeep\n|\n|t:|1700092952\n|switch|p1a: TheGuy|Samurott-Hisui, F|100\/100\n|turn|3\n|\n|t:|1700092975\n|switch|p2a: Corviknight|Corviknight, M|100\/100\n|-ability|p2a: Corviknight|Pressure\n|move|p1a: TheGuy|Sacred Sword|p2a: Corviknight\n|-damage|p2a: Corviknight|75\/100\n|\n|upkeep\n|turn|4\n|\n|t:|1700092982\n|move|p1a: TheGuy|Knock Off|p2a: Corviknight\n|-damage|p2a: Corviknight|49\/100\n|-enditem|p2a: Corviknight|Heavy-Duty Boots|[from] move: Knock Off|[of] p1a: TheGuy\n|move|p2a: Corviknight|Body Press|p1a: TheGuy\n|-supereffective|p1a: TheGuy\n|-damage|p1a: TheGuy|36\/100\n|\n|upkeep\n|turn|5\n|\n|t:|1700092995\n|switch|p1a: TheBoy|Hawlucha, M|100\/100\n|move|p2a: Corviknight|Roost|p2a: Corviknight\n|-heal|p2a: Corviknight|99\/100\n|-singleturn|p2a: Corviknight|move: Roost\n|\n|upkeep\n|turn|6\n|\n|t:|1700093005\n|move|p1a: TheBoy|Endure|p1a: TheBoy\n|-singleturn|p1a: TheBoy|move: Endure\n|move|p2a: Corviknight|Body Press|p1a: TheBoy\n|-resisted|p1a: TheBoy\n|-damage|p1a: TheBoy|80\/100\n|\n|upkeep\n|turn|7\n|\n|t:|1700093014\n|move|p1a: TheBoy|Zen Headbutt|p2a: Corviknight\n|-resisted|p2a: Corviknight\n|-damage|p2a: Corviknight|92\/100\n|move|p2a: Corviknight|Body Press|p1a: TheBoy\n|-resisted|p1a: TheBoy\n|-damage|p1a: TheBoy|62\/100\n|\n|upkeep\n|turn|8\n|\n|t:|1700093026\n|switch|p1a: TheGuy|Samurott-Hisui, F|36\/100\n|move|p2a: Corviknight|Body Press|p1a: TheGuy\n|-supereffective|p1a: TheGuy\n|-damage|p1a: TheGuy|0 fnt\n|faint|p1a: TheGuy\n|\n|upkeep\n|\n|t:|1700093033\n|switch|p1a: TheWhat|Jolteon, F|100\/100\n|turn|9\n|\n|t:|1700093040\n|switch|p2a: Goodra|Goodra, M|100\/100\n|move|p1a: TheWhat|Thunderbolt|p2a: Goodra\n|-resisted|p2a: Goodra\n|-damage|p2a: Goodra|92\/100\n|\n|upkeep\n|turn|10\n|\n|t:|1700093050\n|move|p1a: TheWhat|Calm Mind|p1a: TheWhat\n|-boost|p1a: TheWhat|spa|1\n|-boost|p1a: TheWhat|spd|1\n|move|p2a: Goodra|Sludge Bomb|p1a: TheWhat\n|-damage|p1a: TheWhat|74\/100\n|-status|p1a: TheWhat|psn\n|\n|-damage|p1a: TheWhat|61\/100 psn|[from] psn\n|upkeep\n|turn|11\n|\n|t:|1700093070\n|move|p1a: TheWhat|Calm Mind|p1a: TheWhat\n|-boost|p1a: TheWhat|spa|1\n|-boost|p1a: TheWhat|spd|1\n|move|p2a: Goodra|Knock Off|p1a: TheWhat\n|-damage|p1a: TheWhat|20\/100 psn\n|-enditem|p1a: TheWhat|Occa Berry|[from] move: Knock Off|[of] p2a: Goodra\n|\n|-damage|p1a: TheWhat|8\/100 psn|[from] psn\n|upkeep\n|turn|12\n|\n|t:|1700093078\n|switch|p2a: Chansey|Chansey, F|100\/100\n|-terastallize|p1a: TheWhat|Ice\n|move|p1a: TheWhat|Tera Blast|p2a: Chansey|[anim] Tera Blast Ice\n|-damage|p2a: Chansey|85\/100\n|\n|-damage|p1a: TheWhat|0 fnt|[from] psn\n|faint|p1a: TheWhat\n|upkeep\n|\n|t:|1700093088\n|switch|p1a: TheHeyNow|Sneasler, F, shiny|100\/100\n|-item|p1a: TheHeyNow|Air Balloon\n|turn|13\n|\n|t:|1700093094\n|switch|p2a: Skeledirge|Skeledirge, F|86\/100\n|move|p1a: TheHeyNow|Swords Dance|p1a: TheHeyNow\n|-boost|p1a: TheHeyNow|atk|2\n|\n|upkeep\n|turn|14\n|\n|t:|1700093106\n|move|p1a: TheHeyNow|Night Slash|p2a: Skeledirge\n|-supereffective|p2a: Skeledirge\n|-damage|p2a: Skeledirge|44\/100\n|move|p2a: Skeledirge|Torch Song|p1a: TheHeyNow\n|-damage|p1a: TheHeyNow|60\/100\n|-boost|p2a: Skeledirge|spa|1\n|-enditem|p1a: TheHeyNow|Air Balloon\n|\n|upkeep\n|turn|15\n|\n|t:|1700093117\n|move|p1a: TheHeyNow|Dire Claw|p2a: Skeledirge\n|-resisted|p2a: Skeledirge\n|-damage|p2a: Skeledirge|27\/100\n|move|p2a: Skeledirge|Slack Off|p2a: Skeledirge\n|-heal|p2a: Skeledirge|77\/100\n|\n|upkeep\n|turn|16\n|\n|t:|1700093125\n|move|p1a: TheHeyNow|Night Slash|p2a: Skeledirge\n|-supereffective|p2a: Skeledirge\n|-damage|p2a: Skeledirge|31\/100\n|move|p2a: Skeledirge|Torch Song|p1a: TheHeyNow\n|-damage|p1a: TheHeyNow|0 fnt\n|-boost|p2a: Skeledirge|spa|1\n|faint|p1a: TheHeyNow\n|\n|upkeep\n|\n|t:|1700093134\n|switch|p1a: TheHammer|Cyclizar, M|100\/100\n|turn|17\n|\n|t:|1700093138\n|switch|p2a: Corviknight|Corviknight, M|92\/100\n|-ability|p2a: Corviknight|Pressure\n|move|p1a: TheHammer|Draco Meteor|p2a: Corviknight\n|-resisted|p2a: Corviknight\n|-damage|p2a: Corviknight|73\/100\n|-unboost|p1a: TheHammer|spa|2\n|\n|upkeep\n|turn|18\n|-message|Ticklemenemo forfeited.\n|\n|win|NekroDono\n|raw|Ticklemenemo's rating: 1123 &rarr; <strong>1098<\/strong><br \/>(-25 for losing)\n|raw|NekroDono's rating: 1122 &rarr; <strong>1147<\/strong><br \/>(+25 for winning)\n|l|\u2606Ticklemenemo\n","uploadtime":1700093160,"views":10,"p1id":"ticklemenemo","p2id":"nekrodono","formatid":"gen9ou","rating":1098,"private":0,"password":""}