{"id":"gen9ou-1994039994","p1":"DivineGabriel","p2":"SweatyRon","format":"[Gen 9] OU","log":"|j|\u2606DivineGabriel\n|j|\u2606SweatyRon\n|t:|1700398286\n|gametype|singles\n|player|p1|DivineGabriel|rye|1805\n|player|p2|SweatyRon|pokefan-gen4|1823\n|teamsize|p1|6\n|teamsize|p2|6\n|gen|9\n|tier|[Gen 9] OU\n|rated|\n|rule|Sleep Clause Mod: Limit one foe put to sleep\n|rule|Species Clause: Limit one of each Pok\u00e9mon\n|rule|OHKO Clause: OHKO moves are banned\n|rule|Evasion Items Clause: Evasion items are banned\n|rule|Evasion Moves Clause: Evasion moves are banned\n|rule|Endless Battle Clause: Forcing endless battles is banned\n|rule|HP Percentage Mod: HP is shown in percentages\n|clearpoke\n|poke|p1|Typhlosion-Hisui, M|\n|poke|p1|Great Tusk|\n|poke|p1|Torkoal, M|\n|poke|p1|Walking Wake|\n|poke|p1|Hatterene, F|\n|poke|p1|Meowscarada, F|\n|poke|p2|Dragapult, F|\n|poke|p2|Meowscarada, F|\n|poke|p2|Dondozo, F|\n|poke|p2|Heatran, F|\n|poke|p2|Zapdos|\n|poke|p2|Great Tusk|\n|teampreview\n|inactive|Battle timer is ON: inactive players will automatically lose when time's up. (requested by SweatyRon)\n|\n|t:|1700398291\n|start\n|switch|p1a: Torkoal|Torkoal, M|100\/100\n|switch|p2a: Great Tusk|Great Tusk|100\/100\n|-weather|SunnyDay|[from] ability: Drought|[of] p1a: Torkoal\n|-activate|p2a: Great Tusk|ability: Protosynthesis\n|-start|p2a: Great Tusk|protosynthesisspe\n|turn|1\n|\n|t:|1700398299\n|switch|p1a: Hatterene|Hatterene, F|100\/100\n|move|p2a: Great Tusk|Earthquake|p1a: Hatterene\n|-damage|p1a: Hatterene|61\/100\n|-enditem|p1a: Hatterene|Eject Button\n|\n|t:|1700398302\n|switch|p1a: Walking Wake|Walking Wake|100\/100\n|-activate|p1a: Walking Wake|ability: Protosynthesis\n|-start|p1a: Walking Wake|protosynthesisspe\n|\n|-weather|SunnyDay|[upkeep]\n|upkeep\n|turn|2\n|j| Ruinous Tusk\n|j| MarburgCOVEbola\n|j| Meelll0\n|inactive|SweatyRon has 120 seconds left.\n|inactive|SweatyRon has 90 seconds left.\n|\n|t:|1700398373\n|-end|p2a: Great Tusk|Protosynthesis|[silent]\n|switch|p2a: Meowscarada|Meowscarada, F|100\/100\n|-terastallize|p1a: Walking Wake|Water\n|move|p1a: Walking Wake|Hydro Steam|p2a: Meowscarada\n|-resisted|p2a: Meowscarada\n|-crit|p2a: Meowscarada\n|-damage|p2a: Meowscarada|0 fnt\n|faint|p2a: Meowscarada\n|\n|-weather|SunnyDay|[upkeep]\n|upkeep\n|\n|t:|1700398383\n|switch|p2a: Zapdos|Zapdos|100\/100\n|turn|3\n|\n|t:|1700398389\n|-end|p1a: Walking Wake|Protosynthesis|[silent]\n|switch|p1a: Great Tusk|Great Tusk|100\/100\n|-activate|p1a: Great Tusk|ability: Protosynthesis\n|-start|p1a: Great Tusk|protosynthesisatk\n|move|p2a: Zapdos|Volt Switch|p1a: Great Tusk\n|-immune|p1a: Great Tusk\n|\n|-weather|SunnyDay|[upkeep]\n|upkeep\n|turn|4\n|\n|t:|1700398393\n|move|p2a: Zapdos|Hurricane|p1a: Great Tusk|[miss]\n|-miss|p2a: Zapdos|p1a: Great Tusk\n|move|p1a: Great Tusk|Ice Spinner|p2a: Zapdos\n|-supereffective|p2a: Zapdos\n|-damage|p2a: Zapdos|8\/100\n|-damage|p1a: Great Tusk|84\/100|[from] item: Rocky Helmet|[of] p2a: Zapdos\n|-status|p1a: Great Tusk|par|[from] ability: Static|[of] p2a: Zapdos\n|\n|-weather|SunnyDay|[upkeep]\n|upkeep\n|turn|5\n|\n|t:|1700398403\n|-end|p1a: Great Tusk|Protosynthesis|[silent]\n|switch|p1a: Typhlosion|Typhlosion-Hisui, M|100\/100\n|move|p2a: Zapdos|Roost|p2a: Zapdos\n|-heal|p2a: Zapdos|58\/100\n|-singleturn|p2a: Zapdos|move: Roost\n|\n|-weather|SunnyDay|[upkeep]\n|upkeep\n|turn|6\n|\n|t:|1700398408\n|switch|p2a: Heatran|Heatran, F|100\/100\n|move|p1a: Typhlosion|Shadow Ball|p2a: Heatran\n|-damage|p2a: Heatran|65\/100\n|\n|-weather|SunnyDay|[upkeep]\n|-heal|p2a: Heatran|71\/100|[from] item: Leftovers\n|upkeep\n|turn|7\n|\n|t:|1700398410\n|move|p1a: Typhlosion|Shadow Ball|p2a: Heatran\n|-damage|p2a: Heatran|33\/100\n|move|p2a: Heatran|Magma Storm|p1a: Typhlosion|[miss]\n|-miss|p2a: Heatran|p1a: Typhlosion\n|\n|-weather|SunnyDay|[upkeep]\n|-heal|p2a: Heatran|39\/100|[from] item: Leftovers\n|upkeep\n|turn|8\n|\n|t:|1700398415\n|move|p1a: Typhlosion|Shadow Ball|p2a: Heatran\n|-damage|p2a: Heatran|0 fnt\n|faint|p2a: Heatran\n|\n|-weather|none\n|upkeep\n|\n|t:|1700398429\n|switch|p2a: Great Tusk|Great Tusk|100\/100\n|turn|9\n|\n|t:|1700398436\n|move|p1a: Typhlosion|Shadow Ball|p2a: Great Tusk\n|-damage|p2a: Great Tusk|60\/100\n|move|p2a: Great Tusk|Earthquake|p1a: Typhlosion\n|-supereffective|p1a: Typhlosion\n|-damage|p1a: Typhlosion|0 fnt\n|faint|p1a: Typhlosion\n|\n|upkeep\n|\n|t:|1700398439\n|switch|p1a: Walking Wake|Walking Wake, tera:Water|100\/100\n|turn|10\n|j| Kingston9629\n|\n|t:|1700398446\n|move|p1a: Walking Wake|Draco Meteor|p2a: Great Tusk|[miss]\n|-miss|p1a: Walking Wake|p2a: Great Tusk\n|move|p2a: Great Tusk|Earthquake|p1a: Walking Wake\n|-damage|p1a: Walking Wake|54\/100\n|\n|upkeep\n|turn|11\n|inactive|SweatyRon has 120 seconds left.\n|\n|t:|1700398484\n|-terastallize|p2a: Great Tusk|Steel\n|move|p1a: Walking Wake|Draco Meteor|p2a: Great Tusk\n|-resisted|p2a: Great Tusk\n|-damage|p2a: Great Tusk|25\/100\n|-unboost|p1a: Walking Wake|spa|2\n|move|p2a: Great Tusk|Rapid Spin|p1a: Walking Wake\n|-damage|p1a: Walking Wake|38\/100\n|-boost|p2a: Great Tusk|spe|1\n|\n|upkeep\n|turn|12\n|inactive|SweatyRon has 120 seconds left.\n|\n|t:|1700398495\n|-end|p1a: Walking Wake|Protosynthesis|[silent]\n|switch|p1a: Torkoal|Torkoal, M|100\/100\n|-weather|SunnyDay|[from] ability: Drought|[of] p1a: Torkoal\n|-activate|p2a: Great Tusk|ability: Protosynthesis\n|-start|p2a: Great Tusk|protosynthesisspe\n|move|p2a: Great Tusk|Knock Off|p1a: Torkoal\n|-damage|p1a: Torkoal|84\/100\n|-enditem|p1a: Torkoal|Heat Rock|[from] move: Knock Off|[of] p2a: Great Tusk\n|\n|-weather|SunnyDay|[upkeep]\n|upkeep\n|turn|13\n|\n|t:|1700398497\n|move|p2a: Great Tusk|Earthquake|p1a: Torkoal\n|-supereffective|p1a: Torkoal\n|-damage|p1a: Torkoal|31\/100\n|move|p1a: Torkoal|Lava Plume|p2a: Great Tusk\n|-supereffective|p2a: Great Tusk\n|-damage|p2a: Great Tusk|0 fnt\n|faint|p2a: Great Tusk\n|-end|p2a: Great Tusk|Protosynthesis|[silent]\n|\n|-weather|SunnyDay|[upkeep]\n|upkeep\n|\n|t:|1700398502\n|switch|p2a: Zapdos|Zapdos|58\/100\n|turn|14\n|\n|t:|1700398507\n|switch|p1a: Hatterene|Hatterene, F|61\/100\n|move|p2a: Zapdos|Roost|p2a: Zapdos\n|-heal|p2a: Zapdos|100\/100\n|-singleturn|p2a: Zapdos|move: Roost\n|\n|-weather|SunnyDay|[upkeep]\n|upkeep\n|turn|15\n|\n|t:|1700398509\n|move|p2a: Zapdos|Hurricane|p1a: Hatterene|[miss]\n|-miss|p2a: Zapdos|p1a: Hatterene\n|move|p1a: Hatterene|Healing Wish|p1a: Hatterene\n|faint|p1a: Hatterene\n|\n|-weather|SunnyDay|[upkeep]\n|upkeep\n|\n|t:|1700398512\n|switch|p1a: Walking Wake|Walking Wake, tera:Water|38\/100\n|-heal|p1a: Walking Wake|100\/100|[from] move: Healing Wish\n|-activate|p1a: Walking Wake|ability: Protosynthesis\n|-start|p1a: Walking Wake|protosynthesisspe\n|turn|16\n|\n|t:|1700398516\n|move|p1a: Walking Wake|Hydro Steam|p2a: Zapdos\n|-damage|p2a: Zapdos|0 fnt\n|faint|p2a: Zapdos\n|\n|-weather|SunnyDay|[upkeep]\n|upkeep\n|\n|t:|1700398518\n|switch|p2a: Dondozo|Dondozo, F|100\/100\n|turn|17\n|\n|t:|1700398543\n|move|p1a: Walking Wake|Hydro Steam|p2a: Dondozo\n|-resisted|p2a: Dondozo\n|-damage|p2a: Dondozo|53\/100\n|move|p2a: Dondozo|Rest|p2a: Dondozo\n|-status|p2a: Dondozo|slp|[from] move: Rest\n|-heal|p2a: Dondozo|100\/100 slp|[silent]\n|\n|-weather|SunnyDay|[upkeep]\n|upkeep\n|turn|18\n|\n|t:|1700398551\n|move|p1a: Walking Wake|Hydro Steam|p2a: Dondozo\n|-resisted|p2a: Dondozo\n|-damage|p2a: Dondozo|54\/100 slp\n|cant|p2a: Dondozo|slp\n|move|p2a: Dondozo|Sleep Talk|p2a: Dondozo\n|move|p2a: Dondozo|Curse|p2a: Dondozo|[from]move: Sleep Talk\n|-unboost|p2a: Dondozo|spe|1\n|-boost|p2a: Dondozo|atk|1\n|-boost|p2a: Dondozo|def|1\n|\n|-weather|SunnyDay|[upkeep]\n|-heal|p2a: Dondozo|60\/100 slp|[from] item: Leftovers\n|upkeep\n|turn|19\n|\n|t:|1700398572\n|move|p1a: Walking Wake|Hydro Steam|p2a: Dondozo\n|-resisted|p2a: Dondozo\n|-damage|p2a: Dondozo|13\/100 slp\n|cant|p2a: Dondozo|slp\n|move|p2a: Dondozo|Sleep Talk|p2a: Dondozo\n|move|p2a: Dondozo|Curse|p2a: Dondozo|[from]move: Sleep Talk\n|-unboost|p2a: Dondozo|spe|1\n|-boost|p2a: Dondozo|atk|1\n|-boost|p2a: Dondozo|def|1\n|\n|-weather|none\n|-end|p1a: Walking Wake|Protosynthesis\n|-heal|p2a: Dondozo|19\/100 slp|[from] item: Leftovers\n|upkeep\n|turn|20\n|inactive|SweatyRon has 120 seconds left.\n|\n|t:|1700398609\n|move|p1a: Walking Wake|Hydro Steam|p2a: Dondozo\n|-resisted|p2a: Dondozo\n|-crit|p2a: Dondozo\n|-damage|p2a: Dondozo|0 fnt\n|faint|p2a: Dondozo\n|\n|upkeep\n|\n|t:|1700398610\n|switch|p2a: Dragapult|Dragapult, F|100\/100\n|turn|21\n|\n|t:|1700398614\n|move|p2a: Dragapult|Dragon Darts|p1a: Walking Wake\n|-damage|p1a: Walking Wake|58\/100\n|-anim|p2a: Dragapult|Dragon Darts|p1a: Walking Wake\n|-damage|p1a: Walking Wake|15\/100\n|move|p1a: Walking Wake|Hydro Steam|p2a: Dragapult\n|-resisted|p2a: Dragapult\n|-damage|p2a: Dragapult|46\/100\n|\n|upkeep\n|turn|22\n|\n|t:|1700398617\n|move|p2a: Dragapult|Dragon Darts|p1a: Walking Wake\n|-damage|p1a: Walking Wake|0 fnt\n|faint|p1a: Walking Wake\n|-end|p1a: Walking Wake|Protosynthesis|[silent]\n|\n|upkeep\n|\n|t:|1700398618\n|switch|p1a: Meowscarada|Meowscarada, F|100\/100\n|turn|23\n|\n|t:|1700398620\n|move|p1a: Meowscarada|Knock Off|p2a: Dragapult\n|-start|p1a: Meowscarada|typechange|Dark|[from] ability: Protean\n|-supereffective|p2a: Dragapult\n|-damage|p2a: Dragapult|0 fnt\n|-enditem|p2a: Dragapult|Choice Band|[from] move: Knock Off|[of] p1a: Meowscarada\n|faint|p2a: Dragapult\n|\n|win|DivineGabriel\n|raw|DivineGabriel's rating: 1784 &rarr; <strong>1806<\/strong><br \/>(+22 for winning)\n|raw|SweatyRon's rating: 1823 &rarr; <strong>1801<\/strong><br \/>(-22 for losing)\n|l|\u2606SweatyRon\n","uploadtime":1700398627,"views":13,"p1id":"divinegabriel","p2id":"sweatyron","formatid":"gen9ou","rating":1801,"private":0,"password":""}