{"id":"gen9ou-1996798490","p1":"plutoniumdragon","p2":"shitking","format":"[Gen 9] OU","log":"|j|\u2606plutoniumdragon\n|j|\u2606shitking\n|t:|1700727105\n|gametype|singles\n|player|p1|plutoniumdragon|169|1119\n|player|p2|shitking|fantina|1174\n|teamsize|p1|6\n|teamsize|p2|6\n|gen|9\n|tier|[Gen 9] OU\n|rated|\n|rule|Sleep Clause Mod: Limit one foe put to sleep\n|rule|Species Clause: Limit one of each Pok\u00e9mon\n|rule|OHKO Clause: OHKO moves are banned\n|rule|Evasion Items Clause: Evasion items are banned\n|rule|Evasion Moves Clause: Evasion moves are banned\n|rule|Endless Battle Clause: Forcing endless battles is banned\n|rule|HP Percentage Mod: HP is shown in percentages\n|clearpoke\n|poke|p1|Ting-Lu|\n|poke|p1|Gholdengo|\n|poke|p1|Glimmora, F|\n|poke|p1|Zapdos|\n|poke|p1|Alomomola, M|\n|poke|p1|Blissey, F|\n|poke|p2|Blissey, F|\n|poke|p2|Manaphy|\n|poke|p2|Corviknight, F|\n|poke|p2|Iron Hands|\n|poke|p2|Hatterene, F|\n|poke|p2|Great Tusk|\n|teampreview\n|\n|t:|1700727143\n|start\n|switch|p1a: Glimmora|Glimmora, F|100\/100\n|switch|p2a: Manaphy|Manaphy|100\/100\n|turn|1\n|\n|t:|1700727158\n|move|p2a: Manaphy|Surf|p1a: Glimmora\n|-supereffective|p1a: Glimmora\n|-enditem|p1a: Glimmora|Focus Sash\n|-damage|p1a: Glimmora|1\/100\n|move|p1a: Glimmora|Energy Ball|p2a: Manaphy\n|-supereffective|p2a: Manaphy\n|-damage|p2a: Manaphy|33\/100\n|\n|-heal|p2a: Manaphy|39\/100|[from] item: Leftovers\n|upkeep\n|turn|2\n|\n|t:|1700727169\n|switch|p1a: Alomomola|Alomomola, M|100\/100\n|-terastallize|p2a: Manaphy|Fairy\n|move|p2a: Manaphy|Surf|p1a: Alomomola\n|-resisted|p1a: Alomomola\n|-damage|p1a: Alomomola|78\/100\n|\n|-heal|p2a: Manaphy|45\/100|[from] item: Leftovers\n|upkeep\n|turn|3\n|\n|t:|1700727180\n|move|p2a: Manaphy|Energy Ball|p1a: Alomomola\n|-supereffective|p1a: Alomomola\n|-damage|p1a: Alomomola|14\/100\n|move|p1a: Alomomola|Flip Turn|p2a: Manaphy\n|-damage|p2a: Manaphy|29\/100\n|\n|t:|1700727187\n|switch|p1a: Zapdos|Zapdos|100\/100|[from] Flip Turn\n|\n|-heal|p2a: Manaphy|35\/100|[from] item: Leftovers\n|upkeep\n|turn|4\n|\n|t:|1700727199\n|move|p2a: Manaphy|Surf|p1a: Zapdos\n|-damage|p1a: Zapdos|58\/100\n|move|p1a: Zapdos|Thunderbolt|p2a: Manaphy\n|-damage|p2a: Manaphy|0 fnt\n|faint|p2a: Manaphy\n|\n|upkeep\n|\n|t:|1700727206\n|switch|p2a: Great Tusk|Great Tusk|100\/100\n|turn|5\n|\n|t:|1700727213\n|move|p1a: Zapdos|Roost|p1a: Zapdos\n|-heal|p1a: Zapdos|100\/100\n|-singleturn|p1a: Zapdos|move: Roost\n|move|p2a: Great Tusk|Ice Spinner|p1a: Zapdos\n|-damage|p1a: Zapdos|71\/100\n|\n|upkeep\n|turn|6\n|\n|t:|1700727227\n|switch|p1a: Alomomola|Alomomola, M|47\/100\n|move|p2a: Great Tusk|Ice Spinner|p1a: Alomomola\n|-resisted|p1a: Alomomola\n|-damage|p1a: Alomomola|41\/100\n|\n|upkeep\n|turn|7\n|\n|t:|1700727236\n|-end|p2a: Great Tusk|Protosynthesis|[silent]\n|switch|p2a: Corviknight|Corviknight, F|100\/100\n|-ability|p2a: Corviknight|Pressure\n|move|p1a: Alomomola|Wish|p1a: Alomomola\n|\n|upkeep\n|turn|8\n|\n|t:|1700727248\n|move|p2a: Corviknight|Brave Bird|p1a: Alomomola\n|-damage|p1a: Alomomola|23\/100\n|-damage|p2a: Corviknight|92\/100|[from] Recoil\n|move|p1a: Alomomola|Flip Turn|p2a: Corviknight\n|-damage|p2a: Corviknight|82\/100\n|\n|t:|1700727250\n|switch|p1a: Glimmora|Glimmora, F|1\/100|[from] Flip Turn\n|\n|-heal|p1a: Glimmora|88\/100|[from] move: Wish|[wisher] Alomomola\n|-heal|p2a: Corviknight|88\/100|[from] item: Leftovers\n|upkeep\n|turn|9\n|\n|t:|1700727261\n|switch|p2a: Hatterene|Hatterene, F|100\/100\n|move|p1a: Glimmora|Stealth Rock|p2a: Hatterene\n|move|p2a: Hatterene|Stealth Rock|p1a: Glimmora|[from]ability: Magic Bounce\n|-sidestart|p1: plutoniumdragon|move: Stealth Rock\n|\n|upkeep\n|turn|10\n|\n|t:|1700727270\n|move|p1a: Glimmora|Mortal Spin|p2a: Hatterene\n|-supereffective|p2a: Hatterene\n|-damage|p2a: Hatterene|92\/100\n|-status|p2a: Hatterene|psn\n|-sideend|p1: plutoniumdragon|Stealth Rock|[from] move: Mortal Spin|[of] p1a: Glimmora\n|move|p2a: Hatterene|Calm Mind|p2a: Hatterene\n|-boost|p2a: Hatterene|spa|1\n|-boost|p2a: Hatterene|spd|1\n|\n|-heal|p2a: Hatterene|98\/100 psn|[from] item: Leftovers\n|-damage|p2a: Hatterene|86\/100 psn|[from] psn\n|upkeep\n|turn|11\n|\n|t:|1700727284\n|switch|p1a: Blissey|Blissey, F|100\/100\n|move|p2a: Hatterene|Psyshock|p1a: Blissey\n|-damage|p1a: Blissey|43\/100\n|\n|-heal|p2a: Hatterene|92\/100 psn|[from] item: Leftovers\n|-damage|p2a: Hatterene|80\/100 psn|[from] psn\n|upkeep\n|turn|12\n|\n|t:|1700727302\n|switch|p1a: Alomomola|Alomomola, M|56\/100\n|move|p2a: Hatterene|Draining Kiss|p1a: Alomomola\n|-damage|p1a: Alomomola|15\/100\n|-heal|p2a: Hatterene|100\/100 psn|[from] drain|[of] p1a: Alomomola\n|\n|-damage|p2a: Hatterene|88\/100 psn|[from] psn\n|upkeep\n|turn|13\n|\n|t:|1700727323\n|move|p1a: Alomomola|Wish|p1a: Alomomola\n|move|p2a: Hatterene|Calm Mind|p2a: Hatterene\n|-boost|p2a: Hatterene|spa|1\n|-boost|p2a: Hatterene|spd|1\n|\n|-heal|p2a: Hatterene|94\/100 psn|[from] item: Leftovers\n|-damage|p2a: Hatterene|82\/100 psn|[from] psn\n|upkeep\n|turn|14\n|\n|t:|1700727339\n|move|p1a: Alomomola|Flip Turn|p2a: Hatterene\n|-damage|p2a: Hatterene|67\/100 psn\n|\n|t:|1700727346\n|switch|p1a: Blissey|Blissey, F|43\/100|[from] Flip Turn\n|move|p2a: Hatterene|Draining Kiss|p1a: Blissey\n|-damage|p1a: Blissey|29\/100\n|-heal|p2a: Hatterene|88\/100 psn|[from] drain|[of] p1a: Blissey\n|\n|-heal|p1a: Blissey|70\/100|[from] move: Wish|[wisher] Alomomola\n|-heal|p2a: Hatterene|94\/100 psn|[from] item: Leftovers\n|-damage|p2a: Hatterene|82\/100 psn|[from] psn\n|upkeep\n|turn|15\n|\n|t:|1700727364\n|switch|p1a: Ting-Lu|Ting-Lu|100\/100\n|-ability|p1a: Ting-Lu|Vessel of Ruin\n|move|p2a: Hatterene|Draining Kiss|p1a: Ting-Lu\n|-supereffective|p1a: Ting-Lu\n|-damage|p1a: Ting-Lu|64\/100\n|-heal|p2a: Hatterene|100\/100 psn|[from] drain|[of] p1a: Ting-Lu\n|\n|-heal|p1a: Ting-Lu|71\/100|[from] item: Leftovers\n|-damage|p2a: Hatterene|88\/100 psn|[from] psn\n|upkeep\n|turn|16\n|\n|t:|1700727381\n|move|p2a: Hatterene|Psyshock|p1a: Ting-Lu\n|-immune|p1a: Ting-Lu\n|move|p1a: Ting-Lu|Whirlwind|p2a: Hatterene\n|move|p2a: Hatterene|Whirlwind|p1a: Ting-Lu|[from]ability: Magic Bounce\n|drag|p1a: Gholdengo|Gholdengo|100\/100\n|\n|-heal|p2a: Hatterene|94\/100 psn|[from] item: Leftovers\n|-damage|p2a: Hatterene|82\/100 psn|[from] psn\n|upkeep\n|turn|17\n|\n|t:|1700727395\n|move|p1a: Gholdengo|Hex|p2a: Hatterene\n|-supereffective|p2a: Hatterene\n|-damage|p2a: Hatterene|27\/100 psn\n|move|p2a: Hatterene|Mystical Fire|p1a: Gholdengo\n|-supereffective|p1a: Gholdengo\n|-damage|p1a: Gholdengo|6\/100\n|-unboost|p1a: Gholdengo|spa|1\n|\n|-heal|p1a: Gholdengo|12\/100|[from] item: Leftovers\n|-heal|p2a: Hatterene|33\/100 psn|[from] item: Leftovers\n|-damage|p2a: Hatterene|20\/100 psn|[from] psn\n|upkeep\n|turn|18\n|\n|t:|1700727410\n|switch|p2a: Blissey|Blissey, F|100\/100\n|move|p1a: Gholdengo|Hex|p2a: Blissey\n|-immune|p2a: Blissey\n|\n|-heal|p1a: Gholdengo|18\/100|[from] item: Leftovers\n|upkeep\n|turn|19\n|\n|t:|1700727416\n|move|p1a: Gholdengo|Thunder Wave|p2a: Blissey\n|-status|p2a: Blissey|par\n|move|p2a: Blissey|Heal Bell|p2a: Blissey\n|-activate|p2a: Blissey|move: Heal Bell\n|-curestatus|p2a: Blissey|par|[msg]\n|-curestatus|p2: Hatterene|psn|[msg]\n|\n|-heal|p1a: Gholdengo|24\/100|[from] item: Leftovers\n|upkeep\n|turn|20\n|\n|t:|1700727425\n|move|p1a: Gholdengo|Recover|p1a: Gholdengo\n|-heal|p1a: Gholdengo|74\/100\n|move|p2a: Blissey|Ice Beam|p1a: Gholdengo\n|-resisted|p1a: Gholdengo\n|-damage|p1a: Gholdengo|64\/100\n|\n|-heal|p1a: Gholdengo|70\/100|[from] item: Leftovers\n|upkeep\n|turn|21\n|\n|t:|1700727432\n|move|p1a: Gholdengo|Thunder Wave|p2a: Blissey|[miss]\n|-miss|p1a: Gholdengo|p2a: Blissey\n|move|p2a: Blissey|Ice Beam|p1a: Gholdengo\n|-resisted|p1a: Gholdengo\n|-damage|p1a: Gholdengo|59\/100\n|\n|-heal|p1a: Gholdengo|66\/100|[from] item: Leftovers\n|upkeep\n|turn|22\n|\n|t:|1700727439\n|move|p1a: Gholdengo|Recover|p1a: Gholdengo\n|-heal|p1a: Gholdengo|100\/100\n|move|p2a: Blissey|Ice Beam|p1a: Gholdengo\n|-resisted|p1a: Gholdengo\n|-damage|p1a: Gholdengo|90\/100\n|-status|p1a: Gholdengo|frz\n|\n|-heal|p1a: Gholdengo|96\/100 frz|[from] item: Leftovers\n|upkeep\n|turn|23\n|\n|t:|1700727451\n|switch|p1a: Blissey|Blissey, F|70\/100\n|switch|p2a: Hatterene|Hatterene, F|20\/100\n|\n|-heal|p2a: Hatterene|26\/100|[from] item: Leftovers\n|upkeep\n|turn|24\n|\n|t:|1700727458\n|move|p1a: Blissey|Seismic Toss|p2a: Hatterene\n|-damage|p2a: Hatterene|0 fnt\n|faint|p2a: Hatterene\n|\n|upkeep\n|\n|t:|1700727468\n|switch|p2a: Great Tusk|Great Tusk|100\/100\n|turn|25\n|\n|t:|1700727475\n|switch|p1a: Alomomola|Alomomola, M|49\/100\n|move|p2a: Great Tusk|Ice Spinner|p1a: Alomomola\n|-resisted|p1a: Alomomola\n|-crit|p1a: Alomomola\n|-damage|p1a: Alomomola|39\/100\n|\n|upkeep\n|turn|26\n|\n|t:|1700727484\n|-end|p2a: Great Tusk|Protosynthesis|[silent]\n|switch|p2a: Iron Hands|Iron Hands|100\/100\n|move|p1a: Alomomola|Wish|p1a: Alomomola\n|\n|upkeep\n|turn|27\n|\n|t:|1700727488\n|move|p2a: Iron Hands|Swords Dance|p2a: Iron Hands\n|-boost|p2a: Iron Hands|atk|2\n|move|p1a: Alomomola|Scald|p2a: Iron Hands\n|-damage|p2a: Iron Hands|90\/100\n|\n|-heal|p1a: Alomomola|89\/100|[from] move: Wish|[wisher] Alomomola\n|-heal|p2a: Iron Hands|96\/100|[from] item: Leftovers\n|upkeep\n|turn|28\n|\n|t:|1700727503\n|move|p2a: Iron Hands|Drain Punch|p1a: Alomomola\n|-damage|p1a: Alomomola|47\/100\n|-heal|p2a: Iron Hands|100\/100|[from] drain|[of] p1a: Alomomola\n|move|p1a: Alomomola|Scald|p2a: Iron Hands\n|-damage|p2a: Iron Hands|91\/100\n|-status|p2a: Iron Hands|brn\n|\n|-heal|p2a: Iron Hands|97\/100 brn|[from] item: Leftovers\n|-damage|p2a: Iron Hands|91\/100 brn|[from] brn\n|upkeep\n|turn|29\n|\n|t:|1700727519\n|-end|p2a: Iron Hands|Quark Drive|[silent]\n|switch|p2a: Corviknight|Corviknight, F|88\/100\n|-ability|p2a: Corviknight|Pressure\n|move|p1a: Alomomola|Wish|p1a: Alomomola\n|\n|-heal|p2a: Corviknight|94\/100|[from] item: Leftovers\n|upkeep\n|turn|30\n|\n|t:|1700727527\n|move|p2a: Corviknight|Brave Bird|p1a: Alomomola\n|-damage|p1a: Alomomola|26\/100\n|-damage|p2a: Corviknight|85\/100|[from] Recoil\n|move|p1a: Alomomola|Flip Turn|p2a: Corviknight\n|-damage|p2a: Corviknight|75\/100\n|\n|t:|1700727532\n|switch|p1a: Zapdos|Zapdos|71\/100|[from] Flip Turn\n|\n|-heal|p1a: Zapdos|100\/100|[from] move: Wish|[wisher] Alomomola\n|-heal|p2a: Corviknight|81\/100|[from] item: Leftovers\n|upkeep\n|turn|31\n|\n|t:|1700727541\n|switch|p2a: Blissey|Blissey, F|100\/100\n|move|p1a: Zapdos|Hurricane|p2a: Blissey\n|-damage|p2a: Blissey|85\/100\n|\n|-heal|p2a: Blissey|91\/100|[from] item: Leftovers\n|upkeep\n|turn|32\n|\n|t:|1700727549\n|move|p1a: Zapdos|Volt Switch|p2a: Blissey\n|-damage|p2a: Blissey|81\/100\n|\n|t:|1700727552\n|switch|p1a: Gholdengo|Gholdengo|96\/100 frz|[from] Volt Switch\n|move|p2a: Blissey|Heal Bell|p2a: Blissey\n|-activate|p2a: Blissey|move: Heal Bell\n|-curestatus|p2: Iron Hands|brn|[msg]\n|\n|-heal|p1a: Gholdengo|100\/100 frz|[from] item: Leftovers\n|-heal|p2a: Blissey|87\/100|[from] item: Leftovers\n|upkeep\n|turn|33\n|\n|t:|1700727564\n|switch|p2a: Great Tusk|Great Tusk|100\/100\n|-curestatus|p1a: Gholdengo|frz|[msg]\n|move|p1a: Gholdengo|Thunder Wave|p2a: Great Tusk\n|-immune|p2a: Great Tusk\n|\n|upkeep\n|turn|34\n|\n|t:|1700727573\n|switch|p1a: Zapdos|Zapdos|100\/100\n|move|p2a: Great Tusk|Ice Spinner|p1a: Zapdos\n|-supereffective|p1a: Zapdos\n|-damage|p1a: Zapdos|44\/100\n|\n|upkeep\n|turn|35\n|\n|t:|1700727581\n|move|p1a: Zapdos|Roost|p1a: Zapdos\n|-heal|p1a: Zapdos|95\/100\n|-singleturn|p1a: Zapdos|move: Roost\n|move|p2a: Great Tusk|Ice Spinner|p1a: Zapdos\n|-damage|p1a: Zapdos|65\/100\n|\n|upkeep\n|turn|36\n|\n|t:|1700727589\n|switch|p1a: Alomomola|Alomomola, M|59\/100\n|move|p2a: Great Tusk|Ice Spinner|p1a: Alomomola\n|-resisted|p1a: Alomomola\n|-damage|p1a: Alomomola|53\/100\n|\n|upkeep\n|turn|37\n|\n|t:|1700727599\n|-end|p2a: Great Tusk|Protosynthesis|[silent]\n|switch|p2a: Iron Hands|Iron Hands|91\/100\n|move|p1a: Alomomola|Flip Turn|p2a: Iron Hands\n|-damage|p2a: Iron Hands|81\/100\n|\n|t:|1700727611\n|switch|p1a: Glimmora|Glimmora, F|88\/100|[from] Flip Turn\n|\n|-heal|p2a: Iron Hands|87\/100|[from] item: Leftovers\n|upkeep\n|turn|38\n|\n|t:|1700727621\n|move|p1a: Glimmora|Stealth Rock|p2a: Iron Hands\n|-sidestart|p2: shitking|move: Stealth Rock\n|move|p2a: Iron Hands|Swords Dance|p2a: Iron Hands\n|-boost|p2a: Iron Hands|atk|2\n|\n|-heal|p2a: Iron Hands|93\/100|[from] item: Leftovers\n|upkeep\n|turn|39\n|\n|t:|1700727630\n|move|p1a: Glimmora|Earth Power|p2a: Iron Hands\n|-supereffective|p2a: Iron Hands\n|-damage|p2a: Iron Hands|48\/100\n|move|p2a: Iron Hands|Swords Dance|p2a: Iron Hands\n|-boost|p2a: Iron Hands|atk|2\n|\n|-heal|p2a: Iron Hands|55\/100|[from] item: Leftovers\n|upkeep\n|turn|40\n|\n|t:|1700727646\n|move|p1a: Glimmora|Earth Power|p2a: Iron Hands\n|-supereffective|p2a: Iron Hands\n|-damage|p2a: Iron Hands|5\/100\n|move|p2a: Iron Hands|Drain Punch|p1a: Glimmora\n|-damage|p1a: Glimmora|0 fnt\n|-heal|p2a: Iron Hands|34\/100|[from] drain|[of] p1a: Glimmora\n|-activate|p1a: Glimmora|ability: Toxic Debris\n|-sidestart|p2: shitking|move: Toxic Spikes\n|faint|p1a: Glimmora\n|\n|-heal|p2a: Iron Hands|41\/100|[from] item: Leftovers\n|upkeep\n|\n|t:|1700727661\n|switch|p1a: Ting-Lu|Ting-Lu|71\/100\n|-ability|p1a: Ting-Lu|Vessel of Ruin\n|turn|41\n|\n|t:|1700727667\n|-terastallize|p1a: Ting-Lu|Poison\n|move|p2a: Iron Hands|Drain Punch|p1a: Ting-Lu\n|-resisted|p1a: Ting-Lu\n|-damage|p1a: Ting-Lu|38\/100\n|-heal|p2a: Iron Hands|59\/100|[from] drain|[of] p1a: Ting-Lu\n|move|p1a: Ting-Lu|Earthquake|p2a: Iron Hands\n|-supereffective|p2a: Iron Hands\n|-damage|p2a: Iron Hands|5\/100\n|\n|-heal|p2a: Iron Hands|11\/100|[from] item: Leftovers\n|-heal|p1a: Ting-Lu|44\/100|[from] item: Leftovers\n|upkeep\n|turn|42\n|\n|t:|1700727681\n|move|p2a: Iron Hands|Thunder Punch|p1a: Ting-Lu\n|-damage|p1a: Ting-Lu|0 fnt\n|faint|p1a: Ting-Lu\n|\n|-heal|p2a: Iron Hands|17\/100|[from] item: Leftovers\n|upkeep\n|\n|t:|1700727695\n|switch|p1a: Zapdos|Zapdos|65\/100\n|turn|43\n|\n|t:|1700727706\n|-end|p2a: Iron Hands|Quark Drive|[silent]\n|switch|p2a: Blissey|Blissey, F|87\/100\n|-damage|p2a: Blissey|74\/100|[from] Stealth Rock\n|-status|p2a: Blissey|psn\n|move|p1a: Zapdos|Thunderbolt|p2a: Blissey\n|-damage|p2a: Blissey|61\/100 psn\n|\n|-heal|p2a: Blissey|67\/100 psn|[from] item: Leftovers\n|-damage|p2a: Blissey|55\/100 psn|[from] psn\n|upkeep\n|turn|44\n|\n|t:|1700727716\n|move|p1a: Zapdos|Volt Switch|p2a: Blissey\n|-damage|p2a: Blissey|43\/100 psn\n|\n|t:|1700727725\n|switch|p1a: Blissey|Blissey, F|70\/100|[from] Volt Switch\n|move|p2a: Blissey|Soft-Boiled|p2a: Blissey\n|-heal|p2a: Blissey|93\/100 psn\n|\n|-heal|p2a: Blissey|99\/100 psn|[from] item: Leftovers\n|-damage|p2a: Blissey|87\/100 psn|[from] psn\n|upkeep\n|turn|45\n|\n|t:|1700727734\n|move|p1a: Blissey|Seismic Toss|p2a: Blissey\n|-damage|p2a: Blissey|71\/100 psn\n|move|p2a: Blissey|Seismic Toss|p1a: Blissey\n|-damage|p1a: Blissey|55\/100\n|\n|-heal|p2a: Blissey|77\/100 psn|[from] item: Leftovers\n|-damage|p2a: Blissey|65\/100 psn|[from] psn\n|upkeep\n|turn|46\n|\n|t:|1700727748\n|switch|p1a: Gholdengo|Gholdengo|100\/100\n|move|p2a: Blissey|Heal Bell|p2a: Blissey\n|-activate|p2a: Blissey|move: Heal Bell\n|-curestatus|p2a: Blissey|psn|[msg]\n|\n|-heal|p2a: Blissey|71\/100|[from] item: Leftovers\n|upkeep\n|turn|47\n|\n|t:|1700727756\n|move|p1a: Gholdengo|Thunder Wave|p2a: Blissey\n|-status|p2a: Blissey|par\n|cant|p2a: Blissey|par\n|\n|-heal|p2a: Blissey|77\/100 par|[from] item: Leftovers\n|upkeep\n|turn|48\n|\n|t:|1700727765\n|switch|p1a: Blissey|Blissey, F|55\/100\n|move|p2a: Blissey|Ice Beam|p1a: Blissey\n|-damage|p1a: Blissey|48\/100\n|\n|-heal|p2a: Blissey|83\/100 par|[from] item: Leftovers\n|upkeep\n|turn|49\n|\n|t:|1700727773\n|move|p1a: Blissey|Soft-Boiled|p1a: Blissey\n|-heal|p1a: Blissey|98\/100\n|cant|p2a: Blissey|par\n|\n|-heal|p2a: Blissey|89\/100 par|[from] item: Leftovers\n|upkeep\n|turn|50\n|\n|t:|1700727780\n|-curestatus|p2a: Blissey|par|[from] ability: Natural Cure\n|switch|p2a: Corviknight|Corviknight, F|81\/100\n|-damage|p2a: Corviknight|69\/100|[from] Stealth Rock\n|-ability|p2a: Corviknight|Pressure\n|move|p1a: Blissey|Seismic Toss|p2a: Corviknight\n|-damage|p2a: Corviknight|44\/100\n|\n|-heal|p2a: Corviknight|50\/100|[from] item: Leftovers\n|upkeep\n|turn|51\n|\n|t:|1700727791\n|switch|p1a: Zapdos|Zapdos|65\/100\n|move|p2a: Corviknight|Roost|p2a: Corviknight\n|-heal|p2a: Corviknight|99\/100\n|-singleturn|p2a: Corviknight|move: Roost\n|\n|-heal|p2a: Corviknight|100\/100|[from] item: Leftovers\n|upkeep\n|turn|52\n|\n|t:|1700727801\n|move|p1a: Zapdos|Thunderbolt|p2a: Corviknight\n|-supereffective|p2a: Corviknight\n|-damage|p2a: Corviknight|11\/100\n|move|p2a: Corviknight|Defog|p1a: Zapdos\n|-unboost|p1a: Zapdos|evasion|1\n|-sideend|p2: shitking|Toxic Spikes|[from] move: Defog|[of] p2a: Corviknight\n|-sideend|p2: shitking|Stealth Rock|[from] move: Defog|[of] p2a: Corviknight\n|\n|-heal|p2a: Corviknight|17\/100|[from] item: Leftovers\n|upkeep\n|turn|53\n|\n|t:|1700727816\n|switch|p2a: Blissey|Blissey, F|89\/100\n|move|p1a: Zapdos|Hurricane|p2a: Blissey|[miss]\n|-miss|p1a: Zapdos|p2a: Blissey\n|\n|-heal|p2a: Blissey|96\/100|[from] item: Leftovers\n|upkeep\n|turn|54\n|\n|t:|1700727824\n|switch|p1a: Alomomola|Alomomola, M|86\/100\n|move|p2a: Blissey|Ice Beam|p1a: Alomomola\n|-resisted|p1a: Alomomola\n|-damage|p1a: Alomomola|72\/100\n|\n|-heal|p2a: Blissey|100\/100|[from] item: Leftovers\n|upkeep\n|turn|55\n|\n|t:|1700727835\n|switch|p2a: Corviknight|Corviknight, F|17\/100\n|-ability|p2a: Corviknight|Pressure\n|move|p1a: Alomomola|Wish|p1a: Alomomola\n|\n|-heal|p2a: Corviknight|23\/100|[from] item: Leftovers\n|upkeep\n|turn|56\n|\n|t:|1700727843\n|move|p2a: Corviknight|Roost|p2a: Corviknight\n|-heal|p2a: Corviknight|73\/100\n|-singleturn|p2a: Corviknight|move: Roost\n|move|p1a: Alomomola|Scald|p2a: Corviknight\n|-damage|p2a: Corviknight|60\/100\n|\n|-heal|p1a: Alomomola|100\/100|[from] move: Wish|[wisher] Alomomola\n|-heal|p2a: Corviknight|66\/100|[from] item: Leftovers\n|upkeep\n|turn|57\n|\n|t:|1700727855\n|move|p2a: Corviknight|Roost|p2a: Corviknight\n|-heal|p2a: Corviknight|100\/100\n|-singleturn|p2a: Corviknight|move: Roost\n|move|p1a: Alomomola|Scald|p2a: Corviknight\n|-crit|p2a: Corviknight\n|-damage|p2a: Corviknight|81\/100\n|\n|-heal|p2a: Corviknight|87\/100|[from] item: Leftovers\n|upkeep\n|turn|58\n|\n|t:|1700727865\n|move|p2a: Corviknight|Body Press|p1a: Alomomola\n|-damage|p1a: Alomomola|89\/100\n|move|p1a: Alomomola|Scald|p2a: Corviknight\n|-damage|p2a: Corviknight|74\/100\n|\n|-heal|p2a: Corviknight|80\/100|[from] item: Leftovers\n|upkeep\n|turn|59\n|\n|t:|1700727874\n|move|p2a: Corviknight|Brave Bird|p1a: Alomomola\n|-damage|p1a: Alomomola|69\/100\n|-damage|p2a: Corviknight|72\/100|[from] Recoil\n|move|p1a: Alomomola|Scald|p2a: Corviknight\n|-damage|p2a: Corviknight|59\/100\n|\n|-heal|p2a: Corviknight|65\/100|[from] item: Leftovers\n|upkeep\n|turn|60\n|\n|t:|1700727888\n|move|p2a: Corviknight|Roost|p2a: Corviknight\n|-heal|p2a: Corviknight|100\/100\n|-singleturn|p2a: Corviknight|move: Roost\n|move|p1a: Alomomola|Scald|p2a: Corviknight\n|-damage|p2a: Corviknight|88\/100\n|\n|-heal|p2a: Corviknight|94\/100|[from] item: Leftovers\n|upkeep\n|turn|61\n|\n|t:|1700727899\n|switch|p2a: Blissey|Blissey, F|100\/100\n|move|p1a: Alomomola|Scald|p2a: Blissey\n|-damage|p2a: Blissey|96\/100\n|-status|p2a: Blissey|brn\n|\n|-heal|p2a: Blissey|100\/100 brn|[from] item: Leftovers\n|-damage|p2a: Blissey|94\/100 brn|[from] brn\n|upkeep\n|turn|62\n|\n|t:|1700727912\n|move|p2a: Blissey|Ice Beam|p1a: Alomomola\n|-resisted|p1a: Alomomola\n|-damage|p1a: Alomomola|56\/100\n|move|p1a: Alomomola|Flip Turn|p2a: Blissey\n|-damage|p2a: Blissey|56\/100 brn\n|\n|t:|1700727916\n|switch|p1a: Blissey|Blissey, F|98\/100|[from] Flip Turn\n|\n|-heal|p2a: Blissey|62\/100 brn|[from] item: Leftovers\n|-damage|p2a: Blissey|56\/100 brn|[from] brn\n|upkeep\n|turn|63\n|\n|t:|1700727925\n|move|p1a: Blissey|Seismic Toss|p2a: Blissey\n|-damage|p2a: Blissey|40\/100 brn\n|move|p2a: Blissey|Soft-Boiled|p2a: Blissey\n|-heal|p2a: Blissey|90\/100 brn\n|\n|-heal|p2a: Blissey|96\/100 brn|[from] item: Leftovers\n|-damage|p2a: Blissey|90\/100 brn|[from] brn\n|upkeep\n|turn|64\n|inactive|Battle timer is ON: inactive players will automatically lose when time's up. (requested by plutoniumdragon)\n|\n|t:|1700727933\n|move|p2a: Blissey|Heal Bell|p2a: Blissey\n|-activate|p2a: Blissey|move: Heal Bell\n|-curestatus|p2a: Blissey|brn|[msg]\n|move|p1a: Blissey|Seismic Toss|p2a: Blissey\n|-damage|p2a: Blissey|75\/100\n|\n|-heal|p2a: Blissey|81\/100|[from] item: Leftovers\n|upkeep\n|turn|65\n|\n|t:|1700727941\n|move|p1a: Blissey|Seismic Toss|p2a: Blissey\n|-damage|p2a: Blissey|66\/100\n|move|p2a: Blissey|Ice Beam|p1a: Blissey\n|-damage|p1a: Blissey|91\/100\n|\n|-heal|p2a: Blissey|72\/100|[from] item: Leftovers\n|upkeep\n|turn|66\n|\n|t:|1700727948\n|move|p2a: Blissey|Ice Beam|p1a: Blissey\n|-damage|p1a: Blissey|84\/100\n|-status|p1a: Blissey|frz\n|-curestatus|p1a: Blissey|frz|[msg]\n|move|p1a: Blissey|Seismic Toss|p2a: Blissey\n|-damage|p2a: Blissey|56\/100\n|\n|-heal|p2a: Blissey|63\/100|[from] item: Leftovers\n|upkeep\n|turn|67\n|\n|t:|1700727960\n|move|p1a: Blissey|Seismic Toss|p2a: Blissey\n|-damage|p2a: Blissey|47\/100\n|move|p2a: Blissey|Ice Beam|p1a: Blissey\n|-damage|p1a: Blissey|77\/100\n|\n|-heal|p2a: Blissey|53\/100|[from] item: Leftovers\n|upkeep\n|turn|68\n|\n|t:|1700727971\n|move|p2a: Blissey|Soft-Boiled|p2a: Blissey\n|-heal|p2a: Blissey|100\/100\n|move|p1a: Blissey|Stealth Rock|p2a: Blissey\n|-sidestart|p2: shitking|move: Stealth Rock\n|\n|upkeep\n|turn|69\n|\n|t:|1700727977\n|move|p1a: Blissey|Seismic Toss|p2a: Blissey\n|-damage|p2a: Blissey|85\/100\n|move|p2a: Blissey|Ice Beam|p1a: Blissey\n|-crit|p1a: Blissey\n|-damage|p1a: Blissey|66\/100\n|\n|-heal|p2a: Blissey|91\/100|[from] item: Leftovers\n|upkeep\n|turn|70\n|\n|t:|1700727984\n|move|p1a: Blissey|Seismic Toss|p2a: Blissey\n|-damage|p2a: Blissey|76\/100\n|move|p2a: Blissey|Ice Beam|p1a: Blissey\n|-damage|p1a: Blissey|60\/100\n|\n|-heal|p2a: Blissey|82\/100|[from] item: Leftovers\n|upkeep\n|turn|71\n|\n|t:|1700727992\n|move|p1a: Blissey|Seismic Toss|p2a: Blissey\n|-damage|p2a: Blissey|67\/100\n|move|p2a: Blissey|Ice Beam|p1a: Blissey\n|-damage|p1a: Blissey|53\/100\n|\n|-heal|p2a: Blissey|73\/100|[from] item: Leftovers\n|upkeep\n|turn|72\n|\n|t:|1700728001\n|switch|p1a: Gholdengo|Gholdengo|100\/100\n|move|p2a: Blissey|Seismic Toss|p1a: Gholdengo\n|-immune|p1a: Gholdengo\n|\n|-heal|p2a: Blissey|79\/100|[from] item: Leftovers\n|upkeep\n|turn|73\n|\n|t:|1700728009\n|move|p1a: Gholdengo|Thunder Wave|p2a: Blissey\n|-status|p2a: Blissey|par\n|move|p2a: Blissey|Ice Beam|p1a: Gholdengo\n|-resisted|p1a: Gholdengo\n|-damage|p1a: Gholdengo|89\/100\n|\n|-heal|p1a: Gholdengo|95\/100|[from] item: Leftovers\n|-heal|p2a: Blissey|85\/100 par|[from] item: Leftovers\n|upkeep\n|turn|74\n|\n|t:|1700728023\n|switch|p1a: Zapdos|Zapdos|65\/100\n|-curestatus|p2a: Blissey|par|[from] ability: Natural Cure\n|switch|p2a: Great Tusk|Great Tusk|100\/100\n|-damage|p2a: Great Tusk|98\/100|[from] Stealth Rock\n|\n|-heal|p2a: Great Tusk|100\/100|[from] item: Leftovers\n|upkeep\n|turn|75\n|\n|t:|1700728039\n|switch|p1a: Alomomola|Alomomola, M|89\/100\n|move|p2a: Great Tusk|Rapid Spin|p1a: Alomomola\n|-damage|p1a: Alomomola|81\/100\n|-boost|p2a: Great Tusk|spe|1\n|-sideend|p2: shitking|Stealth Rock|[from] move: Rapid Spin|[of] p2a: Great Tusk\n|\n|upkeep\n|turn|76\n|\n|t:|1700728050\n|-end|p2a: Great Tusk|Protosynthesis|[silent]\n|switch|p2a: Corviknight|Corviknight, F|94\/100\n|-ability|p2a: Corviknight|Pressure\n|move|p1a: Alomomola|Scald|p2a: Corviknight\n|-damage|p2a: Corviknight|80\/100\n|\n|-heal|p2a: Corviknight|86\/100|[from] item: Leftovers\n|upkeep\n|turn|77\n|\n|t:|1700728058\n|move|p2a: Corviknight|Brave Bird|p1a: Alomomola\n|-damage|p1a: Alomomola|61\/100\n|-damage|p2a: Corviknight|77\/100|[from] Recoil\n|move|p1a: Alomomola|Scald|p2a: Corviknight\n|-crit|p2a: Corviknight\n|-damage|p2a: Corviknight|57\/100\n|-status|p2a: Corviknight|brn\n|\n|-heal|p2a: Corviknight|63\/100 brn|[from] item: Leftovers\n|-damage|p2a: Corviknight|57\/100 brn|[from] brn\n|upkeep\n|turn|78\n|\n|t:|1700728070\n|move|p2a: Corviknight|Roost|p2a: Corviknight\n|-heal|p2a: Corviknight|100\/100 brn\n|-singleturn|p2a: Corviknight|move: Roost\n|move|p1a: Alomomola|Wish|p1a: Alomomola\n|\n|-damage|p2a: Corviknight|94\/100 brn|[from] brn\n|upkeep\n|turn|79\n|\n|t:|1700728078\n|switch|p2a: Blissey|Blissey, F|85\/100\n|switch|p1a: Zapdos|Zapdos|65\/100\n|\n|-heal|p1a: Zapdos|100\/100|[from] move: Wish|[wisher] Alomomola\n|-heal|p2a: Blissey|91\/100|[from] item: Leftovers\n|upkeep\n|turn|80\n|\n|t:|1700728086\n|move|p1a: Zapdos|Volt Switch|p2a: Blissey\n|-damage|p2a: Blissey|81\/100\n|\n|t:|1700728089\n|switch|p1a: Blissey|Blissey, F|53\/100|[from] Volt Switch\n|move|p2a: Blissey|Heal Bell|p2a: Blissey\n|-activate|p2a: Blissey|move: Heal Bell\n|-curestatus|p2: Corviknight|brn|[msg]\n|\n|-heal|p2a: Blissey|87\/100|[from] item: Leftovers\n|upkeep\n|turn|81\n|\n|t:|1700728100\n|move|p2a: Blissey|Ice Beam|p1a: Blissey\n|-damage|p1a: Blissey|46\/100\n|move|p1a: Blissey|Stealth Rock|p2a: Blissey\n|-sidestart|p2: shitking|move: Stealth Rock\n|\n|-heal|p2a: Blissey|93\/100|[from] item: Leftovers\n|upkeep\n|turn|82\n|\n|t:|1700728107\n|move|p1a: Blissey|Soft-Boiled|p1a: Blissey\n|-heal|p1a: Blissey|96\/100\n|move|p2a: Blissey|Ice Beam|p1a: Blissey\n|-damage|p1a: Blissey|89\/100\n|\n|-heal|p2a: Blissey|99\/100|[from] item: Leftovers\n|upkeep\n|turn|83\n|\n|t:|1700728131\n|switch|p1a: Gholdengo|Gholdengo|95\/100\n|move|p2a: Blissey|Ice Beam|p1a: Gholdengo\n|-resisted|p1a: Gholdengo\n|-damage|p1a: Gholdengo|85\/100\n|-status|p1a: Gholdengo|frz\n|\n|-heal|p1a: Gholdengo|91\/100 frz|[from] item: Leftovers\n|-heal|p2a: Blissey|100\/100|[from] item: Leftovers\n|upkeep\n|turn|84\n|\n|t:|1700728142\n|switch|p2a: Great Tusk|Great Tusk|100\/100\n|-damage|p2a: Great Tusk|98\/100|[from] Stealth Rock\n|cant|p1a: Gholdengo|frz\n|\n|-heal|p2a: Great Tusk|100\/100|[from] item: Leftovers\n|-heal|p1a: Gholdengo|97\/100 frz|[from] item: Leftovers\n|upkeep\n|turn|85\n|\n|t:|1700728152\n|switch|p1a: Alomomola|Alomomola, M|94\/100\n|move|p2a: Great Tusk|Earthquake|p1a: Alomomola\n|-damage|p1a: Alomomola|73\/100\n|\n|upkeep\n|turn|86\n|\n|t:|1700728162\n|-end|p2a: Great Tusk|Protosynthesis|[silent]\n|switch|p2a: Corviknight|Corviknight, F|94\/100\n|-damage|p2a: Corviknight|82\/100|[from] Stealth Rock\n|-ability|p2a: Corviknight|Pressure\n|move|p1a: Alomomola|Scald|p2a: Corviknight\n|-damage|p2a: Corviknight|70\/100\n|\n|-heal|p2a: Corviknight|76\/100|[from] item: Leftovers\n|upkeep\n|turn|87\n|\n|t:|1700728174\n|switch|p1a: Gholdengo|Gholdengo|97\/100 frz\n|move|p2a: Corviknight|Brave Bird|p1a: Gholdengo\n|-resisted|p1a: Gholdengo\n|-damage|p1a: Gholdengo|86\/100 frz\n|-damage|p2a: Corviknight|72\/100|[from] Recoil\n|\n|-heal|p1a: Gholdengo|92\/100 frz|[from] item: Leftovers\n|-heal|p2a: Corviknight|78\/100|[from] item: Leftovers\n|upkeep\n|turn|88\n|\n|t:|1700728190\n|switch|p2a: Great Tusk|Great Tusk|100\/100\n|-damage|p2a: Great Tusk|98\/100|[from] Stealth Rock\n|cant|p1a: Gholdengo|frz\n|\n|-heal|p2a: Great Tusk|100\/100|[from] item: Leftovers\n|-heal|p1a: Gholdengo|98\/100 frz|[from] item: Leftovers\n|upkeep\n|turn|89\n|\n|t:|1700728200\n|switch|p1a: Alomomola|Alomomola, M|100\/100\n|move|p2a: Great Tusk|Earthquake|p1a: Alomomola\n|-damage|p1a: Alomomola|78\/100\n|\n|upkeep\n|turn|90\n|\n|t:|1700728207\n|-end|p2a: Great Tusk|Protosynthesis|[silent]\n|switch|p2a: Corviknight|Corviknight, F|78\/100\n|-damage|p2a: Corviknight|66\/100|[from] Stealth Rock\n|-ability|p2a: Corviknight|Pressure\n|move|p1a: Alomomola|Scald|p2a: Corviknight\n|-damage|p2a: Corviknight|53\/100\n|\n|-heal|p2a: Corviknight|59\/100|[from] item: Leftovers\n|upkeep\n|turn|91\n|\n|t:|1700728221\n|switch|p1a: Gholdengo|Gholdengo|98\/100 frz\n|move|p2a: Corviknight|Brave Bird|p1a: Gholdengo\n|-resisted|p1a: Gholdengo\n|-damage|p1a: Gholdengo|85\/100 frz\n|-damage|p2a: Corviknight|55\/100|[from] Recoil\n|\n|-heal|p1a: Gholdengo|92\/100 frz|[from] item: Leftovers\n|-heal|p2a: Corviknight|61\/100|[from] item: Leftovers\n|upkeep\n|turn|92\n|\n|t:|1700728233\n|cant|p1a: Gholdengo|frz\n|move|p2a: Corviknight|Brave Bird|p1a: Gholdengo\n|-resisted|p1a: Gholdengo\n|-damage|p1a: Gholdengo|80\/100 frz\n|-damage|p2a: Corviknight|57\/100|[from] Recoil\n|\n|-heal|p1a: Gholdengo|86\/100 frz|[from] item: Leftovers\n|-heal|p2a: Corviknight|63\/100|[from] item: Leftovers\n|upkeep\n|turn|93\n|\n|t:|1700728242\n|cant|p1a: Gholdengo|frz\n|move|p2a: Corviknight|Roost|p2a: Corviknight\n|-heal|p2a: Corviknight|100\/100\n|-singleturn|p2a: Corviknight|move: Roost\n|\n|-heal|p1a: Gholdengo|92\/100 frz|[from] item: Leftovers\n|upkeep\n|turn|94\n|\n|t:|1700728251\n|switch|p2a: Great Tusk|Great Tusk|100\/100\n|-damage|p2a: Great Tusk|98\/100|[from] Stealth Rock\n|cant|p1a: Gholdengo|frz\n|\n|-heal|p2a: Great Tusk|100\/100|[from] item: Leftovers\n|-heal|p1a: Gholdengo|98\/100 frz|[from] item: Leftovers\n|upkeep\n|turn|95\n|inactive|shitking has 120 seconds left.\n|\n|t:|1700728262\n|switch|p1a: Alomomola|Alomomola, M|100\/100\n|move|p2a: Great Tusk|Body Press|p1a: Alomomola\n|-damage|p1a: Alomomola|78\/100\n|\n|upkeep\n|turn|96\n|inactive|shitking has 120 seconds left.\n|\n|t:|1700728271\n|-end|p2a: Great Tusk|Protosynthesis|[silent]\n|switch|p2a: Corviknight|Corviknight, F|100\/100\n|-damage|p2a: Corviknight|88\/100|[from] Stealth Rock\n|-ability|p2a: Corviknight|Pressure\n|move|p1a: Alomomola|Flip Turn|p2a: Corviknight\n|-damage|p2a: Corviknight|77\/100\n|\n|t:|1700728273\n|switch|p1a: Gholdengo|Gholdengo|98\/100 frz|[from] Flip Turn\n|\n|-heal|p1a: Gholdengo|100\/100 frz|[from] item: Leftovers\n|-heal|p2a: Corviknight|83\/100|[from] item: Leftovers\n|upkeep\n|turn|97\n|\n|t:|1700728283\n|switch|p2a: Iron Hands|Iron Hands|17\/100\n|-damage|p2a: Iron Hands|11\/100|[from] Stealth Rock\n|cant|p1a: Gholdengo|frz\n|\n|-heal|p2a: Iron Hands|17\/100|[from] item: Leftovers\n|upkeep\n|turn|98\n|inactive|shitking has 120 seconds left.\n|\n|t:|1700728294\n|switch|p1a: Zapdos|Zapdos|100\/100\n|move|p2a: Iron Hands|Thunder Punch|p1a: Zapdos\n|-damage|p1a: Zapdos|51\/100\n|\n|-heal|p2a: Iron Hands|23\/100|[from] item: Leftovers\n|upkeep\n|turn|99\n|inactive|shitking has 120 seconds left.\n|\n|t:|1700728303\n|-end|p2a: Iron Hands|Quark Drive|[silent]\n|switch|p2a: Blissey|Blissey, F|100\/100\n|-damage|p2a: Blissey|88\/100|[from] Stealth Rock\n|move|p1a: Zapdos|Hurricane|p2a: Blissey\n|-damage|p2a: Blissey|70\/100\n|-start|p2a: Blissey|confusion\n|\n|-heal|p2a: Blissey|77\/100|[from] item: Leftovers\n|upkeep\n|turn|100\n|inactive|shitking has 120 seconds left.\n|\n|t:|1700728315\n|move|p1a: Zapdos|Roost|p1a: Zapdos\n|-heal|p1a: Zapdos|100\/100\n|-singleturn|p1a: Zapdos|move: Roost\n|-activate|p2a: Blissey|confusion\n|-damage|p2a: Blissey|75\/100|[from] confusion\n|\n|-heal|p2a: Blissey|81\/100|[from] item: Leftovers\n|upkeep\n|turn|101\n|\n|t:|1700728322\n|move|p1a: Zapdos|Volt Switch|p2a: Blissey\n|-damage|p2a: Blissey|70\/100\n|\n|t:|1700728327\n|switch|p1a: Gholdengo|Gholdengo|100\/100 frz|[from] Volt Switch\n|-end|p2a: Blissey|confusion\n|move|p2a: Blissey|Seismic Toss|p1a: Gholdengo\n|-immune|p1a: Gholdengo\n|\n|-heal|p2a: Blissey|76\/100|[from] item: Leftovers\n|upkeep\n|turn|102\n|inactive|shitking has 120 seconds left.\n|c|\u2606plutoniumdragon|Holy shit can I unfreeze\n|\n|t:|1700728338\n|switch|p2a: Iron Hands|Iron Hands|23\/100\n|-damage|p2a: Iron Hands|17\/100|[from] Stealth Rock\n|cant|p1a: Gholdengo|frz\n|\n|-heal|p2a: Iron Hands|23\/100|[from] item: Leftovers\n|upkeep\n|turn|103\n|\n|t:|1700728352\n|switch|p1a: Zapdos|Zapdos|100\/100\n|move|p2a: Iron Hands|Thunder Punch|p1a: Zapdos\n|-damage|p1a: Zapdos|52\/100\n|\n|-heal|p2a: Iron Hands|30\/100|[from] item: Leftovers\n|upkeep\n|turn|104\n|\n|t:|1700728372\n|move|p1a: Zapdos|Hurricane|p2a: Iron Hands|[miss]\n|-miss|p1a: Zapdos|p2a: Iron Hands\n|move|p2a: Iron Hands|Thunder Punch|p1a: Zapdos\n|-damage|p1a: Zapdos|5\/100\n|\n|-heal|p2a: Iron Hands|36\/100|[from] item: Leftovers\n|upkeep\n|turn|105\n|\n|t:|1700728383\n|move|p1a: Zapdos|Hurricane|p2a: Iron Hands\n|-damage|p2a: Iron Hands|0 fnt\n|faint|p2a: Iron Hands\n|-end|p2a: Iron Hands|Quark Drive|[silent]\n|\n|upkeep\n|\n|t:|1700728389\n|switch|p2a: Great Tusk|Great Tusk|100\/100\n|-damage|p2a: Great Tusk|98\/100|[from] Stealth Rock\n|turn|106\n|\n|t:|1700728396\n|switch|p1a: Alomomola|Alomomola, M|100\/100\n|move|p2a: Great Tusk|Earthquake|p1a: Alomomola\n|-damage|p1a: Alomomola|77\/100\n|\n|-heal|p2a: Great Tusk|100\/100|[from] item: Leftovers\n|upkeep\n|turn|107\n|\n|t:|1700728405\n|-end|p2a: Great Tusk|Protosynthesis|[silent]\n|switch|p2a: Corviknight|Corviknight, F|83\/100\n|-damage|p2a: Corviknight|70\/100|[from] Stealth Rock\n|-ability|p2a: Corviknight|Pressure\n|move|p1a: Alomomola|Wish|p1a: Alomomola\n|\n|-heal|p2a: Corviknight|76\/100|[from] item: Leftovers\n|upkeep\n|turn|108\n|inactive|shitking has 90 seconds left.\n|\n|t:|1700728420\n|move|p2a: Corviknight|Brave Bird|p1a: Alomomola\n|-damage|p1a: Alomomola|58\/100\n|-damage|p2a: Corviknight|68\/100|[from] Recoil\n|move|p1a: Alomomola|Flip Turn|p2a: Corviknight\n|-damage|p2a: Corviknight|56\/100\n|\n|t:|1700728422\n|switch|p1a: Zapdos|Zapdos|5\/100|[from] Flip Turn\n|\n|-heal|p1a: Zapdos|89\/100|[from] move: Wish|[wisher] Alomomola\n|-heal|p2a: Corviknight|62\/100|[from] item: Leftovers\n|upkeep\n|turn|109\n|inactive|shitking has 90 seconds left.\n|\n|t:|1700728439\n|switch|p2a: Great Tusk|Great Tusk|100\/100\n|-damage|p2a: Great Tusk|98\/100|[from] Stealth Rock\n|move|p1a: Zapdos|Hurricane|p2a: Great Tusk\n|-supereffective|p2a: Great Tusk\n|-damage|p2a: Great Tusk|0 fnt\n|faint|p2a: Great Tusk\n|-end|p2a: Great Tusk|Protosynthesis|[silent]\n|\n|upkeep\n|\n|t:|1700728446\n|switch|p2a: Blissey|Blissey, F|76\/100\n|-damage|p2a: Blissey|63\/100|[from] Stealth Rock\n|turn|110\n|\n|t:|1700728454\n|move|p1a: Zapdos|Thunderbolt|p2a: Blissey\n|-damage|p2a: Blissey|49\/100\n|move|p2a: Blissey|Soft-Boiled|p2a: Blissey\n|-heal|p2a: Blissey|99\/100\n|\n|-heal|p2a: Blissey|100\/100|[from] item: Leftovers\n|upkeep\n|turn|111\n|\n|t:|1700728466\n|move|p1a: Zapdos|Volt Switch|p2a: Blissey\n|-damage|p2a: Blissey|89\/100\n|\n|t:|1700728467\n|switch|p1a: Blissey|Blissey, F|89\/100|[from] Volt Switch\n|move|p2a: Blissey|Seismic Toss|p1a: Blissey\n|-damage|p1a: Blissey|74\/100\n|\n|-heal|p2a: Blissey|95\/100|[from] item: Leftovers\n|upkeep\n|turn|112\n|\n|t:|1700728475\n|move|p1a: Blissey|Seismic Toss|p2a: Blissey\n|-damage|p2a: Blissey|80\/100\n|move|p2a: Blissey|Seismic Toss|p1a: Blissey\n|-damage|p1a: Blissey|59\/100\n|\n|-heal|p2a: Blissey|86\/100|[from] item: Leftovers\n|upkeep\n|turn|113\n|\n|t:|1700728483\n|switch|p1a: Gholdengo|Gholdengo|100\/100 frz\n|move|p2a: Blissey|Seismic Toss|p1a: Gholdengo\n|-immune|p1a: Gholdengo\n|\n|-heal|p2a: Blissey|92\/100|[from] item: Leftovers\n|upkeep\n|turn|114\n|\n|t:|1700728493\n|switch|p2a: Corviknight|Corviknight, F|62\/100\n|-damage|p2a: Corviknight|50\/100|[from] Stealth Rock\n|-ability|p2a: Corviknight|Pressure\n|cant|p1a: Gholdengo|frz\n|\n|-heal|p2a: Corviknight|56\/100|[from] item: Leftovers\n|upkeep\n|turn|115\n|\n|t:|1700728503\n|cant|p1a: Gholdengo|frz\n|move|p2a: Corviknight|Roost|p2a: Corviknight\n|-heal|p2a: Corviknight|100\/100\n|-singleturn|p2a: Corviknight|move: Roost\n|\n|upkeep\n|turn|116\n|\n|t:|1700728511\n|-curestatus|p1a: Gholdengo|frz|[msg]\n|move|p1a: Gholdengo|Thunder Wave|p2a: Corviknight\n|-status|p2a: Corviknight|par\n|move|p2a: Corviknight|Defog|p1a: Gholdengo\n|-immune|p1a: Gholdengo|[from] ability: Good as Gold\n|\n|upkeep\n|turn|117\n|\n|t:|1700728519\n|switch|p2a: Blissey|Blissey, F|92\/100\n|-damage|p2a: Blissey|79\/100|[from] Stealth Rock\n|move|p1a: Gholdengo|Hex|p2a: Blissey\n|-immune|p2a: Blissey\n|\n|-heal|p2a: Blissey|86\/100|[from] item: Leftovers\n|upkeep\n|turn|118\n|\n|t:|1700728527\n|move|p1a: Gholdengo|Thunder Wave|p2a: Blissey\n|-status|p2a: Blissey|par\n|move|p2a: Blissey|Heal Bell|p2a: Blissey\n|-activate|p2a: Blissey|move: Heal Bell\n|-curestatus|p2a: Blissey|par|[msg]\n|-curestatus|p2: Corviknight|par|[msg]\n|\n|-heal|p2a: Blissey|92\/100|[from] item: Leftovers\n|upkeep\n|turn|119\n|-message|shitking forfeited.\n|\n|win|plutoniumdragon\n|raw|plutoniumdragon's rating: 1119 &rarr; <strong>1148<\/strong><br \/>(+29 for winning)\n|raw|shitking's rating: 1174 &rarr; <strong>1145<\/strong><br \/>(-29 for losing)\n|l|\u2606shitking\n","uploadtime":1700728555,"views":20,"p1id":"plutoniumdragon","p2id":"shitking","formatid":"gen9ou","rating":1145,"private":0,"password":""}