{"id":"gen9ou-1996464007","p1":"punkmag","p2":"EL Tim Tim","format":"[Gen 9] OU","log":"|j|\u2606punkmag\n|j|\u2606EL Tim Tim\n|t:|1700684519\n|gametype|singles\n|player|p1|punkmag|waitress-gen4|1234\n|player|p2|EL Tim Tim|hiker-gen4|1298\n|teamsize|p1|6\n|teamsize|p2|6\n|gen|9\n|tier|[Gen 9] OU\n|rated|\n|rule|Sleep Clause Mod: Limit one foe put to sleep\n|rule|Species Clause: Limit one of each Pok\u00e9mon\n|rule|OHKO Clause: OHKO moves are banned\n|rule|Evasion Items Clause: Evasion items are banned\n|rule|Evasion Moves Clause: Evasion moves are banned\n|rule|Endless Battle Clause: Forcing endless battles is banned\n|rule|HP Percentage Mod: HP is shown in percentages\n|clearpoke\n|poke|p1|Ogerpon-Wellspring, F|\n|poke|p1|Rillaboom, F|\n|poke|p1|Iron Moth|\n|poke|p1|Iron Valiant|\n|poke|p1|Dragonite, M|\n|poke|p1|Mandibuzz, F|\n|poke|p2|Maushold-Four|\n|poke|p2|Weavile, M|\n|poke|p2|Garganacl, M|\n|poke|p2|Samurott-Hisui, F|\n|poke|p2|Kingambit, M|\n|poke|p2|Amoonguss, M|\n|teampreview\n|inactive|Battle timer is ON: inactive players will automatically lose when time's up. (requested by punkmag)\n|\n|t:|1700684544\n|start\n|switch|p1a: Iron Takes Off|Iron Valiant|100\/100\n|switch|p2a: Amoonguss|Amoonguss, M|100\/100\n|turn|1\n|\n|t:|1700684550\n|move|p1a: Iron Takes Off|Psyshock|p2a: Amoonguss\n|-supereffective|p2a: Amoonguss\n|-damage|p2a: Amoonguss|62\/100\n|-enditem|p2a: Amoonguss|Red Card|[of] p1a: Iron Takes Off\n|-end|p1a: Iron Takes Off|Quark Drive|[silent]\n|drag|p1a: Mandibuzz|Mandibuzz, F|100\/100\n|move|p2a: Amoonguss|Spore|p1a: Mandibuzz\n|-immune|p1a: Mandibuzz|[from] ability: Overcoat\n|\n|upkeep\n|turn|2\n|\n|t:|1700684564\n|switch|p2a: Garganacl|Garganacl, M|100\/100\n|move|p1a: Mandibuzz|U-turn|p2a: Garganacl\n|-damage|p2a: Garganacl|93\/100\n|\n|t:|1700684578\n|switch|p1a: Orge Flowers|Ogerpon-Wellspring, F|100\/100|[from] U-turn\n|\n|-heal|p2a: Garganacl|99\/100|[from] item: Leftovers\n|upkeep\n|turn|3\n|\n|t:|1700684589\n|-terastallize|p2a: Garganacl|Fairy\n|move|p1a: Orge Flowers|Ivy Cudgel|p2a: Garganacl|[anim] Ivy Cudgel Water\n|-damage|p2a: Garganacl|58\/100\n|move|p2a: Garganacl|Salt Cure|p1a: Orge Flowers\n|-damage|p1a: Orge Flowers|83\/100\n|-start|p1a: Orge Flowers|Salt Cure\n|\n|-heal|p2a: Garganacl|65\/100|[from] item: Leftovers\n|-damage|p1a: Orge Flowers|58\/100|[from] Salt Cure\n|upkeep\n|turn|4\n|\n|t:|1700684607\n|move|p1a: Orge Flowers|Encore|p2a: Garganacl\n|-start|p2a: Garganacl|Encore\n|move|p2a: Garganacl|Salt Cure|p1a: Orge Flowers\n|-damage|p1a: Orge Flowers|40\/100\n|\n|-heal|p2a: Garganacl|71\/100|[from] item: Leftovers\n|-damage|p1a: Orge Flowers|15\/100|[from] Salt Cure\n|upkeep\n|turn|5\n|\n|t:|1700684615\n|switch|p2a: Amoonguss|Amoonguss, M|95\/100\n|move|p1a: Orge Flowers|Ivy Cudgel|p2a: Amoonguss|[anim] Ivy Cudgel Water\n|-resisted|p2a: Amoonguss\n|-damage|p2a: Amoonguss|74\/100\n|\n|-damage|p1a: Orge Flowers|0 fnt|[from] Salt Cure\n|faint|p1a: Orge Flowers\n|upkeep\n|\n|t:|1700684624\n|switch|p1a: Clash at Iron Head|Iron Moth|100\/100\n|-enditem|p1a: Clash at Iron Head|Booster Energy\n|-activate|p1a: Clash at Iron Head|ability: Quark Drive|[fromitem]\n|-start|p1a: Clash at Iron Head|quarkdrivespa\n|turn|6\n|inactive|EL Tim Tim has 120 seconds left.\n|\n|t:|1700684664\n|move|p1a: Clash at Iron Head|Substitute|p1a: Clash at Iron Head\n|-start|p1a: Clash at Iron Head|Substitute\n|-damage|p1a: Clash at Iron Head|76\/100\n|move|p2a: Amoonguss|Spore||[still]\n|-fail|p2a: Amoonguss\n|\n|upkeep\n|turn|7\n|\n|t:|1700684670\n|move|p1a: Clash at Iron Head|Fiery Dance|p2a: Amoonguss\n|-supereffective|p2a: Amoonguss\n|-damage|p2a: Amoonguss|0 fnt\n|-boost|p1a: Clash at Iron Head|spa|1\n|faint|p2a: Amoonguss\n|\n|upkeep\n|inactive|EL Tim Tim has 120 seconds left.\n|\n|t:|1700684682\n|switch|p2a: Maushold|Maushold-Four|100\/100\n|turn|8\n|inactive|EL Tim Tim has 120 seconds left.\n|\n|t:|1700684689\n|-end|p1a: Clash at Iron Head|Quark Drive|[silent]\n|switch|p1a: Mandibuzz|Mandibuzz, F|100\/100\n|move|p2a: Maushold|Population Bomb|p1a: Mandibuzz\n|-damage|p1a: Mandibuzz|94\/100\n|-damage|p2a: Maushold|84\/100|[from] item: Rocky Helmet|[of] p1a: Mandibuzz\n|-crit|p1a: Mandibuzz\n|-damage|p1a: Mandibuzz|84\/100\n|-damage|p2a: Maushold|67\/100|[from] item: Rocky Helmet|[of] p1a: Mandibuzz\n|-damage|p1a: Mandibuzz|79\/100\n|-damage|p2a: Maushold|51\/100|[from] item: Rocky Helmet|[of] p1a: Mandibuzz\n|-damage|p1a: Mandibuzz|72\/100\n|-damage|p2a: Maushold|34\/100|[from] item: Rocky Helmet|[of] p1a: Mandibuzz\n|-damage|p1a: Mandibuzz|66\/100\n|-damage|p2a: Maushold|17\/100|[from] item: Rocky Helmet|[of] p1a: Mandibuzz\n|-damage|p1a: Mandibuzz|60\/100\n|-damage|p2a: Maushold|1\/100|[from] item: Rocky Helmet|[of] p1a: Mandibuzz\n|-damage|p1a: Mandibuzz|53\/100\n|-damage|p2a: Maushold|0 fnt|[from] item: Rocky Helmet|[of] p1a: Mandibuzz\n|faint|p2a: Maushold\n|-hitcount|p1a: Mandibuzz|7\n|\n|upkeep\n|inactive|EL Tim Tim has 120 seconds left.\n|\n|t:|1700684696\n|switch|p2a: Weavile|Weavile, M|100\/100\n|-ability|p2a: Weavile|Pressure\n|turn|9\n|\n|t:|1700684715\n|move|p2a: Weavile|Swords Dance|p2a: Weavile\n|-boost|p2a: Weavile|atk|2\n|move|p1a: Mandibuzz|Roost|p1a: Mandibuzz\n|-heal|p1a: Mandibuzz|100\/100\n|-singleturn|p1a: Mandibuzz|move: Roost\n|\n|upkeep\n|turn|10\n|\n|t:|1700684726\n|move|p2a: Weavile|Ice Spinner|p1a: Mandibuzz\n|-supereffective|p1a: Mandibuzz\n|-damage|p1a: Mandibuzz|15\/100\n|-damage|p2a: Weavile|84\/100|[from] item: Rocky Helmet|[of] p1a: Mandibuzz\n|move|p1a: Mandibuzz|Foul Play|p2a: Weavile\n|-resisted|p2a: Weavile\n|-damage|p2a: Weavile|0 fnt\n|faint|p2a: Weavile\n|\n|upkeep\n|\n|t:|1700684740\n|switch|p2a: Samurott|Samurott-Hisui, F, shiny|100\/100\n|turn|11\n|\n|t:|1700684745\n|move|p2a: Samurott|Ceaseless Edge|p1a: Mandibuzz|[miss]\n|-miss|p2a: Samurott|p1a: Mandibuzz\n|move|p1a: Mandibuzz|Toxic|p2a: Samurott\n|-status|p2a: Samurott|tox\n|\n|-damage|p2a: Samurott|95\/100 tox|[from] psn\n|upkeep\n|turn|12\n|\n|t:|1700684756\n|move|p2a: Samurott|Ceaseless Edge|p1a: Mandibuzz|[miss]\n|-miss|p2a: Samurott|p1a: Mandibuzz\n|move|p1a: Mandibuzz|Roost|p1a: Mandibuzz\n|-heal|p1a: Mandibuzz|65\/100\n|-singleturn|p1a: Mandibuzz|move: Roost\n|\n|-damage|p2a: Samurott|83\/100 tox|[from] psn\n|upkeep\n|turn|13\n|c|\u2606EL Tim Tim|1\/100\n|\n|t:|1700684767\n|move|p2a: Samurott|Swords Dance|p2a: Samurott\n|-boost|p2a: Samurott|atk|2\n|move|p1a: Mandibuzz|U-turn|p2a: Samurott\n|-supereffective|p2a: Samurott\n|-damage|p2a: Samurott|55\/100 tox\n|\n|t:|1700684772\n|switch|p1a: Pinecones|Rillaboom, F|100\/100|[from] U-turn\n|-fieldstart|move: Grassy Terrain|[from] ability: Grassy Surge|[of] p1a: Pinecones\n|\n|-heal|p2a: Samurott|61\/100 tox|[from] Grassy Terrain\n|-damage|p2a: Samurott|43\/100 tox|[from] psn\n|upkeep\n|turn|14\n|\n|t:|1700684781\n|move|p1a: Pinecones|Grassy Glide|p2a: Samurott\n|-supereffective|p2a: Samurott\n|-damage|p2a: Samurott|0 fnt\n|faint|p2a: Samurott\n|\n|upkeep\n|\n|t:|1700684782\n|switch|p2a: Garganacl|Garganacl, M, tera:Fairy|71\/100\n|turn|15\n|\n|t:|1700684791\n|move|p1a: Pinecones|Knock Off|p2a: Garganacl\n|-resisted|p2a: Garganacl\n|-damage|p2a: Garganacl|60\/100\n|-enditem|p2a: Garganacl|Leftovers|[from] move: Knock Off|[of] p1a: Pinecones\n|move|p2a: Garganacl|Recover|p2a: Garganacl\n|-heal|p2a: Garganacl|100\/100\n|\n|upkeep\n|turn|16\n|\n|t:|1700684804\n|move|p1a: Pinecones|Swords Dance|p1a: Pinecones\n|-boost|p1a: Pinecones|atk|2\n|move|p2a: Garganacl|Salt Cure|p1a: Pinecones\n|-damage|p1a: Pinecones|86\/100\n|-start|p1a: Pinecones|Salt Cure\n|\n|-heal|p1a: Pinecones|92\/100|[from] Grassy Terrain\n|-damage|p1a: Pinecones|80\/100|[from] Salt Cure\n|upkeep\n|turn|17\n|\n|t:|1700684812\n|move|p1a: Pinecones|Grassy Glide|p2a: Garganacl\n|-damage|p2a: Garganacl|53\/100\n|move|p2a: Garganacl|Iron Defense|p2a: Garganacl\n|-boost|p2a: Garganacl|def|2\n|\n|-heal|p1a: Pinecones|86\/100|[from] Grassy Terrain\n|-heal|p2a: Garganacl|59\/100|[from] Grassy Terrain\n|-damage|p1a: Pinecones|74\/100|[from] Salt Cure\n|-fieldend|move: Grassy Terrain\n|upkeep\n|turn|18\n|\n|t:|1700684822\n|move|p1a: Pinecones|U-turn|p2a: Garganacl\n|-resisted|p2a: Garganacl\n|-damage|p2a: Garganacl|51\/100\n|\n|t:|1700684826\n|switch|p1a: Clash at Iron Head|Iron Moth|76\/100|[from] U-turn\n|move|p2a: Garganacl|Iron Defense|p2a: Garganacl\n|-boost|p2a: Garganacl|def|2\n|\n|upkeep\n|turn|19\n|\n|t:|1700684834\n|move|p1a: Clash at Iron Head|Sludge Wave|p2a: Garganacl\n|-supereffective|p2a: Garganacl\n|-damage|p2a: Garganacl|0 fnt\n|faint|p2a: Garganacl\n|\n|upkeep\n|\n|t:|1700684836\n|switch|p2a: Kingambit|Kingambit, M|100\/100\n|-activate|p2a: Kingambit|ability: Supreme Overlord\n|-start|p2a: Kingambit|fallen5|[silent]\n|turn|20\n|\n|t:|1700684843\n|move|p1a: Clash at Iron Head|Substitute|p1a: Clash at Iron Head\n|-start|p1a: Clash at Iron Head|Substitute\n|-damage|p1a: Clash at Iron Head|51\/100\n|move|p2a: Kingambit|Kowtow Cleave|p1a: Clash at Iron Head\n|-end|p1a: Clash at Iron Head|Substitute\n|\n|upkeep\n|turn|21\n|\n|t:|1700684849\n|move|p2a: Kingambit|Sucker Punch|p1a: Clash at Iron Head\n|-damage|p1a: Clash at Iron Head|0 fnt\n|faint|p1a: Clash at Iron Head\n|-end|p1a: Clash at Iron Head|Quark Drive|[silent]\n|\n|upkeep\n|\n|t:|1700684859\n|switch|p1a: Niltelace|Dragonite, M|100\/100\n|turn|22\n|\n|t:|1700684864\n|move|p2a: Kingambit|Sucker Punch||[still]\n|-fail|p2a: Kingambit\n|move|p1a: Niltelace|Encore|p2a: Kingambit\n|-start|p2a: Kingambit|Encore\n|\n|upkeep\n|turn|23\n|\n|t:|1700684869\n|move|p2a: Kingambit|Sucker Punch||[still]\n|-fail|p2a: Kingambit\n|move|p1a: Niltelace|Dragon Dance|p1a: Niltelace\n|-boost|p1a: Niltelace|atk|1\n|-boost|p1a: Niltelace|spe|1\n|\n|upkeep\n|turn|24\n|-message|EL Tim Tim forfeited.\n|\n|win|punkmag\n|raw|punkmag's rating: 1234 &rarr; <strong>1264<\/strong><br \/>(+30 for winning)\n|raw|EL Tim Tim's rating: 1298 &rarr; <strong>1268<\/strong><br \/>(-30 for losing)\n|l|\u2606EL Tim Tim\n|c|\u2606punkmag|its pokemon\n|c|\u2606punkmag|1\/100 happens every game\n|c|\u2606punkmag|gg\n","uploadtime":1700684908,"views":0,"p1id":"punkmag","p2id":"eltimtim","formatid":"gen9ou","rating":1264,"private":0,"password":""}