{"id":"gen9ou-1991762602","p1":"Gambit_Gamin","p2":"Silviotsa","format":"[Gen 9] OU","log":"|j|\u2606Gambit_Gamin\n|j|\u2606Silviotsa\n|t:|1700112852\n|gametype|singles\n|player|p1|Gambit_Gamin|ingo|1498\n|player|p2|Silviotsa|101|1441\n|teamsize|p1|6\n|teamsize|p2|6\n|gen|9\n|tier|[Gen 9] OU\n|rated|\n|rule|Sleep Clause Mod: Limit one foe put to sleep\n|rule|Species Clause: Limit one of each Pok\u00e9mon\n|rule|OHKO Clause: OHKO moves are banned\n|rule|Evasion Items Clause: Evasion items are banned\n|rule|Evasion Moves Clause: Evasion moves are banned\n|rule|Endless Battle Clause: Forcing endless battles is banned\n|rule|HP Percentage Mod: HP is shown in percentages\n|clearpoke\n|poke|p1|Heatran, M|\n|poke|p1|Dragapult, F|\n|poke|p1|Kingambit, F|\n|poke|p1|Great Tusk|\n|poke|p1|Iron Valiant|\n|poke|p1|Ogerpon-Wellspring, F|\n|poke|p2|Rillaboom, F|\n|poke|p2|Sneasler, F|\n|poke|p2|Glimmora, F|\n|poke|p2|Iron Valiant|\n|poke|p2|Dragapult, M|\n|poke|p2|Ogerpon-Wellspring, F|\n|teampreview\n|inactive|Battle timer is ON: inactive players will automatically lose when time's up. (requested by Silviotsa)\n|j| supremejohnson\n|\n|t:|1700112866\n|start\n|switch|p1a: Heatran|Heatran, M, shiny|100\/100\n|switch|p2a: Glimmora|Glimmora, F|100\/100\n|-item|p1a: Heatran|Air Balloon\n|turn|1\n|j| llamajestic\n|\n|t:|1700112880\n|move|p2a: Glimmora|Energy Ball|p1a: Heatran\n|-resisted|p1a: Heatran\n|-damage|p1a: Heatran|95\/100\n|-unboost|p1a: Heatran|spd|1\n|-enditem|p1a: Heatran|Air Balloon\n|move|p1a: Heatran|Magma Storm|p2a: Glimmora\n|-resisted|p2a: Glimmora\n|-damage|p2a: Glimmora|71\/100\n|-activate|p2a: Glimmora|move: Magma Storm|[of] p1a: Heatran\n|\n|-damage|p2a: Glimmora|58\/100|[from] move: Magma Storm|[partiallytrapped]\n|upkeep\n|turn|2\n|inactive|Gambit_Gamin has 120 seconds left.\n|\n|t:|1700112922\n|switch|p1a: Ogerpon|Ogerpon-Wellspring, F|100\/100\n|move|p2a: Glimmora|Earth Power|p1a: Ogerpon\n|-resisted|p1a: Ogerpon\n|-damage|p1a: Ogerpon|86\/100\n|\n|-end|p2a: Glimmora|Magma Storm|[partiallytrapped]|[silent]\n|upkeep\n|turn|3\n|\n|t:|1700112937\n|move|p2a: Glimmora|Stealth Rock|p1a: Ogerpon\n|-sidestart|p1: Gambit_Gamin|move: Stealth Rock\n|move|p1a: Ogerpon|Ivy Cudgel|p2a: Glimmora|[anim] Ivy Cudgel Water\n|-supereffective|p2a: Glimmora\n|-damage|p2a: Glimmora|0 fnt\n|-activate|p2a: Glimmora|ability: Toxic Debris\n|-sidestart|p1: Gambit_Gamin|move: Toxic Spikes\n|faint|p2a: Glimmora\n|\n|upkeep\n|\n|t:|1700112950\n|switch|p2a: Sneasler|Sneasler, F|100\/100\n|turn|4\n|inactive|Gambit_Gamin has 120 seconds left.\n|\n|t:|1700112966\n|switch|p1a: Great Tusk|Great Tusk, shiny|100\/100\n|-damage|p1a: Great Tusk|98\/100|[from] Stealth Rock\n|-status|p1a: Great Tusk|psn\n|move|p2a: Sneasler|Close Combat|p1a: Great Tusk\n|-damage|p1a: Great Tusk|46\/100 psn\n|-unboost|p2a: Sneasler|def|1\n|-unboost|p2a: Sneasler|spd|1\n|\n|-heal|p1a: Great Tusk|52\/100 psn|[from] item: Leftovers\n|-damage|p1a: Great Tusk|39\/100 psn|[from] psn\n|upkeep\n|turn|5\n|\n|t:|1700112980\n|move|p2a: Sneasler|Close Combat|p1a: Great Tusk\n|-damage|p1a: Great Tusk|0 fnt\n|-unboost|p2a: Sneasler|def|1\n|-unboost|p2a: Sneasler|spd|1\n|faint|p1a: Great Tusk\n|-end|p1a: Great Tusk|Protosynthesis|[silent]\n|\n|upkeep\n|\n|t:|1700112998\n|switch|p1a: Dragapult|Dragapult, F, shiny|100\/100\n|turn|6\n|\n|t:|1700113008\n|switch|p2a: Rillaboom|Rillaboom, F|100\/100\n|-fieldstart|move: Grassy Terrain|[from] ability: Grassy Surge|[of] p2a: Rillaboom\n|move|p1a: Dragapult|Will-O-Wisp|p2a: Rillaboom\n|-status|p2a: Rillaboom|brn\n|\n|-damage|p2a: Rillaboom|94\/100 brn|[from] brn\n|upkeep\n|turn|7\n|\n|t:|1700113016\n|move|p1a: Dragapult|Hex|p2a: Rillaboom\n|-damage|p2a: Rillaboom|32\/100 brn\n|move|p2a: Rillaboom|Knock Off|p1a: Dragapult\n|-supereffective|p1a: Dragapult\n|-damage|p1a: Dragapult|53\/100\n|-enditem|p1a: Dragapult|Heavy-Duty Boots|[from] move: Knock Off|[of] p2a: Rillaboom\n|-damage|p2a: Rillaboom|22\/100 brn|[from] item: Life Orb\n|\n|-heal|p1a: Dragapult|59\/100|[from] Grassy Terrain\n|-heal|p2a: Rillaboom|28\/100 brn|[from] Grassy Terrain\n|-damage|p2a: Rillaboom|22\/100 brn|[from] brn\n|upkeep\n|turn|8\n|inactive|Gambit_Gamin has 120 seconds left.\n|\n|t:|1700113025\n|move|p1a: Dragapult|Hex|p2a: Rillaboom\n|-damage|p2a: Rillaboom|0 fnt\n|faint|p2a: Rillaboom\n|\n|-heal|p1a: Dragapult|65\/100|[from] Grassy Terrain\n|upkeep\n|\n|t:|1700113033\n|switch|p2a: Sneasler|Sneasler, F|100\/100\n|-enditem|p2a: Sneasler|Grassy Seed\n|-boost|p2a: Sneasler|def|1|[from] item: Grassy Seed\n|turn|9\n|\n|t:|1700113045\n|move|p2a: Sneasler|Lash Out|p1a: Dragapult\n|-supereffective|p1a: Dragapult\n|-damage|p1a: Dragapult|0 fnt\n|faint|p1a: Dragapult\n|\n|upkeep\n|\n|t:|1700113050\n|switch|p1a: Kingambit|Kingambit, F, shiny|100\/100\n|-damage|p1a: Kingambit|94\/100|[from] Stealth Rock\n|-activate|p1a: Kingambit|ability: Supreme Overlord\n|-start|p1a: Kingambit|fallen2|[silent]\n|turn|10\n|\n|t:|1700113073\n|-terastallize|p1a: Kingambit|Fairy\n|move|p2a: Sneasler|Dire Claw|p1a: Kingambit\n|-supereffective|p1a: Kingambit\n|-damage|p1a: Kingambit|31\/100\n|-status|p1a: Kingambit|slp\n|cant|p1a: Kingambit|slp\n|\n|-heal|p1a: Kingambit|38\/100 slp|[from] Grassy Terrain\n|-heal|p1a: Kingambit|44\/100 slp|[from] item: Leftovers\n|-fieldend|move: Grassy Terrain\n|upkeep\n|turn|11\n|inactive|Gambit_Gamin has 120 seconds left.\n|c|\u2606Gambit_Gamin|i am still and forever will request the ban of dire claw\n|inactive|Gambit_Gamin has 90 seconds left.\n|\n|t:|1700113124\n|-curestatus|p1a: Kingambit|slp|[msg]\n|move|p1a: Kingambit|Sucker Punch|p2a: Sneasler\n|-resisted|p2a: Sneasler\n|-damage|p2a: Sneasler|72\/100\n|move|p2a: Sneasler|Dire Claw|p1a: Kingambit\n|-supereffective|p1a: Kingambit\n|-damage|p1a: Kingambit|0 fnt\n|faint|p1a: Kingambit\n|-end|p1a: Kingambit|fallen2|[silent]\n|\n|upkeep\n|inactive|Gambit_Gamin has 90 seconds left.\n|\n|t:|1700113136\n|switch|p1a: Ogerpon|Ogerpon-Wellspring, F|86\/100\n|-damage|p1a: Ogerpon|74\/100|[from] Stealth Rock\n|-status|p1a: Ogerpon|psn\n|turn|12\n|l| llamajestic\n|inactive|Silviotsa has 120 seconds left.\n|\n|t:|1700113188\n|move|p2a: Sneasler|Dire Claw|p1a: Ogerpon\n|-supereffective|p1a: Ogerpon\n|-damage|p1a: Ogerpon|1\/100 psn\n|move|p1a: Ogerpon|Ivy Cudgel|p2a: Sneasler|[anim] Ivy Cudgel Water\n|-damage|p2a: Sneasler|19\/100\n|\n|-damage|p1a: Ogerpon|0 fnt|[from] psn\n|faint|p1a: Ogerpon\n|upkeep\n|\n|t:|1700113196\n|switch|p1a: Heatran|Heatran, M, shiny|95\/100\n|-damage|p1a: Heatran|82\/100|[from] Stealth Rock\n|turn|13\n|\n|t:|1700113210\n|move|p2a: Sneasler|Close Combat|p1a: Heatran\n|-supereffective|p1a: Heatran\n|-damage|p1a: Heatran|0 fnt\n|-unboost|p2a: Sneasler|def|1\n|-unboost|p2a: Sneasler|spd|1\n|faint|p1a: Heatran\n|\n|upkeep\n|\n|t:|1700113214\n|switch|p1a: Iron Valiant|Iron Valiant, shiny|100\/100\n|-damage|p1a: Iron Valiant|94\/100|[from] Stealth Rock\n|-status|p1a: Iron Valiant|psn\n|-enditem|p1a: Iron Valiant|Booster Energy\n|-activate|p1a: Iron Valiant|ability: Quark Drive|[fromitem]\n|-start|p1a: Iron Valiant|quarkdrivespe\n|turn|14\n|inactive|Silviotsa has 120 seconds left.\n|c|\u2606Gambit_Gamin|gg\n|c|\u2606Gambit_Gamin|ban dire claw\n|\n|t:|1700113237\n|move|p2a: Sneasler|Dire Claw|p1a: Iron Valiant\n|-supereffective|p1a: Iron Valiant\n|-damage|p1a: Iron Valiant|0 fnt\n|faint|p1a: Iron Valiant\n|-end|p1a: Iron Valiant|Quark Drive|[silent]\n|\n|win|Silviotsa\n|raw|Gambit_Gamin's rating: 1498 &rarr; <strong>1475<\/strong><br \/>(-23 for losing)\n|raw|Silviotsa's rating: 1441 &rarr; <strong>1464<\/strong><br \/>(+23 for winning)\n|l|\u2606Gambit_Gamin\n","uploadtime":1700113256,"views":12,"p1id":"gambitgamin","p2id":"silviotsa","formatid":"gen9ou","rating":1464,"private":0,"password":""}