{"id":"gen9ou-1994393864","p1":"Saffronic","p2":"SirSpanklez","format":"[Gen 9] OU","log":"|j|\u2606Saffronic\n|j|\u2606SirSpanklez\n|t:|1700438861\n|gametype|singles\n|player|p1|Saffronic|blue|1291\n|player|p2|SirSpanklez|pokemonrangerf|1198\n|teamsize|p1|6\n|teamsize|p2|6\n|gen|9\n|tier|[Gen 9] OU\n|rated|\n|rule|Sleep Clause Mod: Limit one foe put to sleep\n|rule|Species Clause: Limit one of each Pok\u00e9mon\n|rule|OHKO Clause: OHKO moves are banned\n|rule|Evasion Items Clause: Evasion items are banned\n|rule|Evasion Moves Clause: Evasion moves are banned\n|rule|Endless Battle Clause: Forcing endless battles is banned\n|rule|HP Percentage Mod: HP is shown in percentages\n|clearpoke\n|poke|p1|Vikavolt, F|\n|poke|p1|Enamorus, F|\n|poke|p1|Great Tusk|\n|poke|p1|Gholdengo|\n|poke|p1|Kommo-o, F|\n|poke|p1|Iron Moth|\n|poke|p2|Garganacl, M|\n|poke|p2|Zapdos|\n|poke|p2|Typhlosion-Hisui, M|\n|poke|p2|Ogerpon-Cornerstone, F|\n|poke|p2|Tyranitar, M|\n|poke|p2|Corviknight, F|\n|teampreview\n|\n|t:|1700438888\n|start\n|switch|p1a: Vikavolt|Vikavolt, F|100\/100\n|switch|p2a: Big Guy|Tyranitar, M, shiny|100\/100\n|-weather|Sandstorm|[from] ability: Sand Stream|[of] p2a: Big Guy\n|turn|1\n|\n|t:|1700438908\n|move|p2a: Big Guy|Stealth Rock|p1a: Vikavolt\n|-sidestart|p1: Saffronic|move: Stealth Rock\n|move|p1a: Vikavolt|Volt Switch|p2a: Big Guy\n|-damage|p2a: Big Guy|76\/100\n|\n|t:|1700438923\n|switch|p1a: Great Tusk|Great Tusk|100\/100|[from] Volt Switch\n|-damage|p1a: Great Tusk|98\/100|[from] Stealth Rock\n|-enditem|p1a: Great Tusk|Booster Energy\n|-activate|p1a: Great Tusk|ability: Protosynthesis|[fromitem]\n|-start|p1a: Great Tusk|protosynthesisatk\n|\n|-weather|Sandstorm|[upkeep]\n|-heal|p2a: Big Guy|83\/100|[from] item: Leftovers\n|upkeep\n|turn|2\n|\n|t:|1700438934\n|move|p1a: Great Tusk|Stealth Rock|p2a: Big Guy\n|-sidestart|p2: SirSpanklez|move: Stealth Rock\n|move|p2a: Big Guy|Dragon Tail|p1a: Great Tusk\n|-damage|p1a: Great Tusk|81\/100\n|-end|p1a: Great Tusk|Protosynthesis|[silent]\n|drag|p1a: Kommo-o|Kommo-o, F|100\/100\n|-damage|p1a: Kommo-o|94\/100|[from] Stealth Rock\n|\n|-weather|Sandstorm|[upkeep]\n|-damage|p1a: Kommo-o|88\/100|[from] Sandstorm\n|-heal|p1a: Kommo-o|94\/100|[from] item: Leftovers\n|-heal|p2a: Big Guy|89\/100|[from] item: Leftovers\n|upkeep\n|turn|3\n|\n|t:|1700438947\n|switch|p2a: Mr. Miss|Zapdos, shiny|100\/100\n|-damage|p2a: Mr. Miss|75\/100|[from] Stealth Rock\n|-ability|p2a: Mr. Miss|Pressure\n|move|p1a: Kommo-o|Clangorous Soul|p1a: Kommo-o\n|-boost|p1a: Kommo-o|atk|1\n|-boost|p1a: Kommo-o|def|1\n|-boost|p1a: Kommo-o|spa|1\n|-boost|p1a: Kommo-o|spd|1\n|-boost|p1a: Kommo-o|spe|1\n|-damage|p1a: Kommo-o|61\/100\n|\n|-weather|Sandstorm|[upkeep]\n|-damage|p1a: Kommo-o|55\/100|[from] Sandstorm\n|-damage|p2a: Mr. Miss|69\/100|[from] Sandstorm\n|-heal|p1a: Kommo-o|61\/100|[from] item: Leftovers\n|-heal|p2a: Mr. Miss|75\/100|[from] item: Leftovers\n|upkeep\n|turn|4\n|\n|t:|1700438957\n|move|p1a: Kommo-o|Clanging Scales|p2a: Mr. Miss\n|-damage|p2a: Mr. Miss|4\/100\n|-unboost|p1a: Kommo-o|def|1\n|move|p2a: Mr. Miss|Hurricane|p1a: Kommo-o\n|-supereffective|p1a: Kommo-o\n|-damage|p1a: Kommo-o|0 fnt\n|faint|p1a: Kommo-o\n|\n|-weather|Sandstorm|[upkeep]\n|-damage|p2a: Mr. Miss|0 fnt|[from] Sandstorm\n|faint|p2a: Mr. Miss\n|upkeep\n|\n|t:|1700438998\n|switch|p1a: Great Tusk|Great Tusk|81\/100\n|switch|p2a: The Holy Monument|Garganacl, M, shiny|100\/100\n|-damage|p1a: Great Tusk|78\/100|[from] Stealth Rock\n|-damage|p2a: The Holy Monument|88\/100|[from] Stealth Rock\n|turn|5\n|\n|t:|1700439026\n|switch|p2a: Corviknight|Corviknight, F|100\/100\n|-damage|p2a: Corviknight|88\/100|[from] Stealth Rock\n|move|p1a: Great Tusk|Rapid Spin|p2a: Corviknight\n|-resisted|p2a: Corviknight\n|-damage|p2a: Corviknight|83\/100\n|-boost|p1a: Great Tusk|spe|1\n|-damage|p1a: Great Tusk|61\/100|[from] item: Rocky Helmet|[of] p2a: Corviknight\n|-sideend|p1: Saffronic|Stealth Rock|[from] move: Rapid Spin|[of] p1a: Great Tusk\n|\n|-weather|none\n|upkeep\n|turn|6\n|\n|t:|1700439034\n|-end|p1a: Great Tusk|Protosynthesis|[silent]\n|switch|p1a: Gholdengo|Gholdengo|100\/100\n|-item|p1a: Gholdengo|Air Balloon\n|move|p2a: Corviknight|Brave Bird|p1a: Gholdengo\n|-resisted|p1a: Gholdengo\n|-damage|p1a: Gholdengo|81\/100\n|-enditem|p1a: Gholdengo|Air Balloon\n|-damage|p2a: Corviknight|78\/100|[from] Recoil\n|\n|upkeep\n|turn|7\n|\n|t:|1700439042\n|move|p1a: Gholdengo|Nasty Plot|p1a: Gholdengo\n|-boost|p1a: Gholdengo|spa|2\n|move|p2a: Corviknight|U-turn|p1a: Gholdengo\n|-resisted|p1a: Gholdengo\n|-damage|p1a: Gholdengo|77\/100\n|\n|t:|1700439048\n|switch|p2a: KRAKATOA|Typhlosion-Hisui, M|100\/100|[from] U-turn\n|-damage|p2a: KRAKATOA|76\/100|[from] Stealth Rock\n|\n|upkeep\n|turn|8\n|c|\u2606Saffronic|!dt typhlosion-hisui\n|raw|<div class=\"message\"><ul class=\"utilichart\"><li class=\"result\"><span class=\"col numcol\">RU<\/span> <span class=\"col iconcol\"><psicon pokemon=\"typhlosionhisui\"\/><\/span> <span class=\"col pokemonnamecol\" style=\"white-space:nowrap\"><a href=\"https:\/\/dex.pokemonshowdown.com\/pokemon\/typhlosionhisui\" target=\"_blank\">Typhlosion-Hisui<\/a><\/span> <span class=\"col typecol\"><img src=\"https:\/\/play.pokemonshowdown.com\/sprites\/types\/Fire.png\" alt=\"Fire\" height=\"14\" width=\"32\"><img src=\"https:\/\/play.pokemonshowdown.com\/sprites\/types\/Ghost.png\" alt=\"Ghost\" height=\"14\" width=\"32\"><\/span> <span style=\"float:left;min-height:26px\"><span class=\"col abilitycol\">Blaze<\/span><span class=\"col abilitycol\"><em>Frisk<\/em><\/span><\/span><span style=\"float:left;min-height:26px\"><span class=\"col statcol\"><em>HP<\/em><br \/>73<\/span> <span class=\"col statcol\"><em>Atk<\/em><br \/>84<\/span> <span class=\"col statcol\"><em>Def<\/em><br \/>78<\/span> <span class=\"col statcol\"><em>SpA<\/em><br \/>119<\/span> <span class=\"col statcol\"><em>SpD<\/em><br \/>85<\/span> <span class=\"col statcol\"><em>Spe<\/em><br \/>95<\/span> <span class=\"col bstcol\"><em>BST<br \/>534<\/em><\/span> <\/span><\/li><li style=\"clear:both\"><\/li><\/ul><\/div>\n|raw|<font size=\"1\"><font color=\"#686868\">Dex#:<\/font> 157&nbsp;|&ThickSpace;<font color=\"#686868\">Gen:<\/font> 8&nbsp;|&ThickSpace;<font color=\"#686868\">Height:<\/font> 1.6 m&nbsp;|&ThickSpace;<font color=\"#686868\">Weight:<\/font> 69.8 kg <em>(80 BP)<\/em>&nbsp;|&ThickSpace;<font color=\"#686868\">Dex Colour:<\/font> Yellow&nbsp;|&ThickSpace;<font color=\"#686868\">Egg Group(s):<\/font> Field&nbsp;|&ThickSpace;<font color=\"#686868\">Pre-Evolution:<\/font> Quilava&nbsp;|&ThickSpace;<font color=\"#686868\">Does Not Evolve<\/font><\/font>\n\n|\n|t:|1700439094\n|-terastallize|p1a: Gholdengo|Dark\n|move|p2a: KRAKATOA|Overheat|p1a: Gholdengo\n|-damage|p1a: Gholdengo|1\/100\n|-unboost|p2a: KRAKATOA|spa|2\n|move|p1a: Gholdengo|Psyshock|p2a: KRAKATOA\n|-damage|p2a: KRAKATOA|0 fnt\n|faint|p2a: KRAKATOA\n|\n|upkeep\n|\n|t:|1700439105\n|switch|p2a: Big Guy|Tyranitar, M, shiny|89\/100\n|-damage|p2a: Big Guy|76\/100|[from] Stealth Rock\n|-weather|Sandstorm|[from] ability: Sand Stream|[of] p2a: Big Guy\n|turn|9\n|\n|t:|1700439113\n|switch|p2a: Corviknight|Corviknight, F|78\/100\n|-damage|p2a: Corviknight|65\/100|[from] Stealth Rock\n|move|p1a: Gholdengo|Make It Rain|p2a: Corviknight\n|-resisted|p2a: Corviknight\n|-damage|p2a: Corviknight|2\/100\n|-unboost|p1a: Gholdengo|spa|1\n|\n|-weather|Sandstorm|[upkeep]\n|-damage|p1a: Gholdengo|0 fnt|[from] Sandstorm\n|faint|p1a: Gholdengo\n|upkeep\n|\n|t:|1700439134\n|switch|p1a: Great Tusk|Great Tusk|61\/100\n|turn|10\n|\n|t:|1700439139\n|move|p1a: Great Tusk|Rapid Spin|p2a: Corviknight\n|-resisted|p2a: Corviknight\n|-crit|p2a: Corviknight\n|-damage|p2a: Corviknight|0 fnt\n|-boost|p1a: Great Tusk|spe|1\n|-damage|p1a: Great Tusk|45\/100|[from] item: Rocky Helmet|[of] p2a: Corviknight\n|faint|p2a: Corviknight\n|\n|-weather|Sandstorm|[upkeep]\n|upkeep\n|\n|t:|1700439158\n|switch|p2a: The Holy Monument|Garganacl, M, shiny|88\/100\n|-damage|p2a: The Holy Monument|76\/100|[from] Stealth Rock\n|turn|11\n|\n|t:|1700439167\n|-terastallize|p2a: The Holy Monument|Ghost\n|move|p1a: Great Tusk|Headlong Rush|p2a: The Holy Monument\n|-damage|p2a: The Holy Monument|36\/100\n|-unboost|p1a: Great Tusk|def|1\n|-unboost|p1a: Great Tusk|spd|1\n|move|p2a: The Holy Monument|Iron Defense|p2a: The Holy Monument\n|-boost|p2a: The Holy Monument|def|2\n|\n|-weather|Sandstorm|[upkeep]\n|-damage|p2a: The Holy Monument|30\/100|[from] Sandstorm\n|-heal|p2a: The Holy Monument|36\/100|[from] item: Leftovers\n|upkeep\n|turn|12\n|\n|t:|1700439177\n|move|p1a: Great Tusk|Headlong Rush|p2a: The Holy Monument\n|-damage|p2a: The Holy Monument|15\/100\n|-unboost|p1a: Great Tusk|def|1\n|-unboost|p1a: Great Tusk|spd|1\n|move|p2a: The Holy Monument|Recover|p2a: The Holy Monument\n|-heal|p2a: The Holy Monument|65\/100\n|\n|-weather|Sandstorm|[upkeep]\n|-damage|p2a: The Holy Monument|58\/100|[from] Sandstorm\n|-heal|p2a: The Holy Monument|65\/100|[from] item: Leftovers\n|upkeep\n|turn|13\n|\n|t:|1700439189\n|move|p1a: Great Tusk|Headlong Rush|p2a: The Holy Monument\n|-damage|p2a: The Holy Monument|43\/100\n|-unboost|p1a: Great Tusk|def|1\n|-unboost|p1a: Great Tusk|spd|1\n|move|p2a: The Holy Monument|Recover|p2a: The Holy Monument\n|-heal|p2a: The Holy Monument|93\/100\n|\n|-weather|none\n|-heal|p2a: The Holy Monument|99\/100|[from] item: Leftovers\n|upkeep\n|turn|14\n|\n|t:|1700439201\n|move|p1a: Great Tusk|Headlong Rush|p2a: The Holy Monument\n|-crit|p2a: The Holy Monument\n|-damage|p2a: The Holy Monument|32\/100\n|-unboost|p1a: Great Tusk|def|1\n|-unboost|p1a: Great Tusk|spd|1\n|move|p2a: The Holy Monument|Body Press|p1a: Great Tusk\n|-damage|p1a: Great Tusk|0 fnt\n|faint|p1a: Great Tusk\n|-end|p1a: Great Tusk|Protosynthesis|[silent]\n|\n|-heal|p2a: The Holy Monument|38\/100|[from] item: Leftovers\n|upkeep\n|\n|t:|1700439234\n|switch|p1a: Enamorus|Enamorus, F, shiny|100\/100\n|turn|15\n|\n|t:|1700439281\n|move|p1a: Enamorus|Moonblast|p2a: The Holy Monument\n|-damage|p2a: The Holy Monument|0 fnt\n|faint|p2a: The Holy Monument\n|-damage|p1a: Enamorus|91\/100|[from] item: Life Orb\n|\n|upkeep\n|\n|t:|1700439287\n|switch|p2a: Big Guy|Tyranitar, M, shiny|76\/100\n|-damage|p2a: Big Guy|64\/100|[from] Stealth Rock\n|-weather|Sandstorm|[from] ability: Sand Stream|[of] p2a: Big Guy\n|turn|16\n|\n|t:|1700439293\n|move|p1a: Enamorus|Moonblast|p2a: Big Guy\n|-supereffective|p2a: Big Guy\n|-crit|p2a: Big Guy\n|-damage|p2a: Big Guy|0 fnt\n|faint|p2a: Big Guy\n|-damage|p1a: Enamorus|81\/100|[from] item: Life Orb\n|\n|-weather|Sandstorm|[upkeep]\n|-damage|p1a: Enamorus|75\/100|[from] Sandstorm\n|upkeep\n|\n|t:|1700439300\n|switch|p2a: OogaBooga|Ogerpon-Cornerstone, F|100\/100\n|-damage|p2a: OogaBooga|88\/100|[from] Stealth Rock\n|turn|17\n|\n|t:|1700439312\n|move|p2a: OogaBooga|Trailblaze|p1a: Enamorus\n|-resisted|p1a: Enamorus\n|-damage|p1a: Enamorus|52\/100\n|-boost|p2a: OogaBooga|spe|1\n|move|p1a: Enamorus|Moonblast|p2a: OogaBooga\n|-damage|p2a: OogaBooga|37\/100\n|-damage|p1a: Enamorus|43\/100|[from] item: Life Orb\n|\n|-weather|Sandstorm|[upkeep]\n|-damage|p1a: Enamorus|36\/100|[from] Sandstorm\n|upkeep\n|turn|18\n|\n|t:|1700439323\n|move|p2a: OogaBooga|Ivy Cudgel|p1a: Enamorus|[anim] Ivy Cudgel Rock\n|-supereffective|p1a: Enamorus\n|-damage|p1a: Enamorus|0 fnt\n|faint|p1a: Enamorus\n|\n|-weather|Sandstorm|[upkeep]\n|upkeep\n|\n|t:|1700439334\n|switch|p1a: Iron Moth|Iron Moth|100\/100\n|-enditem|p1a: Iron Moth|Booster Energy\n|-activate|p1a: Iron Moth|ability: Quark Drive|[fromitem]\n|-start|p1a: Iron Moth|quarkdrivespe\n|turn|19\n|\n|t:|1700439342\n|move|p2a: OogaBooga|Ivy Cudgel|p1a: Iron Moth|[anim] Ivy Cudgel Rock\n|-supereffective|p1a: Iron Moth\n|-damage|p1a: Iron Moth|0 fnt\n|faint|p1a: Iron Moth\n|-end|p1a: Iron Moth|Quark Drive|[silent]\n|\n|-weather|Sandstorm|[upkeep]\n|upkeep\n|\n|t:|1700439345\n|switch|p1a: Vikavolt|Vikavolt, F|100\/100\n|turn|20\n|\n|t:|1700439349\n|move|p2a: OogaBooga|Ivy Cudgel|p1a: Vikavolt|[anim] Ivy Cudgel Rock\n|-supereffective|p1a: Vikavolt\n|-crit|p1a: Vikavolt\n|-damage|p1a: Vikavolt|0 fnt\n|faint|p1a: Vikavolt\n|\n|win|SirSpanklez\n|raw|Saffronic's rating: 1291 &rarr; <strong>1259<\/strong><br \/>(-32 for losing)\n|raw|SirSpanklez's rating: 1198 &rarr; <strong>1230<\/strong><br \/>(+32 for winning)\n|l|\u2606Saffronic\n","uploadtime":1700439357,"views":26,"p1id":"saffronic","p2id":"sirspanklez","formatid":"gen9ou","rating":1230,"private":0,"password":""}