{"id":"gen9ou-1996616262","p1":"YourAverageTRGrunt","p2":"CaptainBocki","format":"[Gen 9] OU","log":"|j|\u2606YourAverageTRGrunt\n|j|\u2606CaptainBocki\n|t:|1700701008\n|gametype|singles\n|player|p1|YourAverageTRGrunt|rocketgrunt|1183\n|player|p2|CaptainBocki|giovanni|1178\n|teamsize|p1|6\n|teamsize|p2|6\n|gen|9\n|tier|[Gen 9] OU\n|rated|\n|rule|Sleep Clause Mod: Limit one foe put to sleep\n|rule|Species Clause: Limit one of each Pok\u00e9mon\n|rule|OHKO Clause: OHKO moves are banned\n|rule|Evasion Items Clause: Evasion items are banned\n|rule|Evasion Moves Clause: Evasion moves are banned\n|rule|Endless Battle Clause: Forcing endless battles is banned\n|rule|HP Percentage Mod: HP is shown in percentages\n|clearpoke\n|poke|p1|Ceruledge, M|\n|poke|p1|Gholdengo|\n|poke|p1|Kingambit, M|\n|poke|p1|Masquerain, M|\n|poke|p1|Grimmsnarl, M|\n|poke|p1|Tinkaton, F|\n|poke|p2|Dragapult, M|\n|poke|p2|Garganacl, F|\n|poke|p2|Zapdos|\n|poke|p2|Iron Valiant|\n|poke|p2|Weezing-Galar, M|\n|poke|p2|Landorus-Therian, M|\n|teampreview\n|\n|t:|1700701014\n|start\n|switch|p1a: Grimmsnarl|Grimmsnarl, M|100\/100\n|switch|p2a: Landorus|Landorus-Therian, M|100\/100\n|-ability|p2a: Landorus|Intimidate|boost\n|-unboost|p1a: Grimmsnarl|atk|1\n|turn|1\n|inactive|Battle timer is ON: inactive players will automatically lose when time's up. (requested by CaptainBocki)\n|\n|t:|1700701027\n|move|p1a: Grimmsnarl|Reflect|p1a: Grimmsnarl\n|-sidestart|p1: YourAverageTRGrunt|Reflect\n|move|p2a: Landorus|Stealth Rock|p1a: Grimmsnarl\n|-sidestart|p1: YourAverageTRGrunt|move: Stealth Rock\n|\n|upkeep\n|turn|2\n|\n|t:|1700701034\n|move|p1a: Grimmsnarl|Parting Shot|p2a: Landorus\n|-unboost|p2a: Landorus|atk|1\n|-unboost|p2a: Landorus|spa|1\n|\n|t:|1700701046\n|switch|p1a: Tinkaton|Tinkaton, F|100\/100|[from] Parting Shot\n|-damage|p1a: Tinkaton|94\/100|[from] Stealth Rock\n|-ability|p1a: Tinkaton|Mold Breaker\n|move|p2a: Landorus|U-turn|p1a: Tinkaton\n|-resisted|p1a: Tinkaton\n|-damage|p1a: Tinkaton|92\/100\n|\n|t:|1700701065\n|switch|p2a: Dragapult|Dragapult, M, shiny|100\/100|[from] U-turn\n|\n|-heal|p1a: Tinkaton|99\/100|[from] item: Leftovers\n|upkeep\n|turn|3\n|\n|t:|1700701079\n|move|p2a: Dragapult|Flamethrower|p1a: Tinkaton\n|-supereffective|p1a: Tinkaton\n|-damage|p1a: Tinkaton|25\/100\n|move|p1a: Tinkaton|Knock Off|p2a: Dragapult\n|-supereffective|p2a: Dragapult\n|-damage|p2a: Dragapult|55\/100\n|-enditem|p2a: Dragapult|Choice Specs|[from] move: Knock Off|[of] p1a: Tinkaton\n|\n|-heal|p1a: Tinkaton|31\/100|[from] item: Leftovers\n|upkeep\n|turn|4\n|\n|t:|1700701094\n|move|p2a: Dragapult|Flamethrower|p1a: Tinkaton\n|-supereffective|p1a: Tinkaton\n|-damage|p1a: Tinkaton|0 fnt\n|faint|p1a: Tinkaton\n|\n|upkeep\n|\n|t:|1700701112\n|switch|p1a: Grimmsnarl|Grimmsnarl, M|100\/100\n|-damage|p1a: Grimmsnarl|88\/100|[from] Stealth Rock\n|turn|5\n|\n|t:|1700701121\n|switch|p2a: Weezing|Weezing-Galar, M|100\/100\n|-ability|p2a: Weezing|Neutralizing Gas\n|move|p1a: Grimmsnarl|Thunder Wave|p2a: Weezing\n|-status|p2a: Weezing|par\n|\n|upkeep\n|turn|6\n|\n|t:|1700701131\n|move|p1a: Grimmsnarl|Light Screen|p1a: Grimmsnarl\n|-sidestart|p1: YourAverageTRGrunt|move: Light Screen\n|move|p2a: Weezing|Will-O-Wisp|p1a: Grimmsnarl\n|-status|p1a: Grimmsnarl|brn\n|\n|-damage|p1a: Grimmsnarl|82\/100 brn|[from] brn\n|upkeep\n|turn|7\n|\n|t:|1700701139\n|move|p1a: Grimmsnarl|Parting Shot|p2a: Weezing\n|-unboost|p2a: Weezing|atk|1\n|-unboost|p2a: Weezing|spa|1\n|\n|t:|1700701162\n|switch|p1a: Ceruledge|Ceruledge, M|100\/100|[from] Parting Shot\n|-damage|p1a: Ceruledge|76\/100|[from] Stealth Rock\n|cant|p2a: Weezing|par\n|\n|upkeep\n|turn|8\n|\n|t:|1700701173\n|move|p1a: Ceruledge|Swords Dance|p1a: Ceruledge\n|-boost|p1a: Ceruledge|atk|2\n|move|p2a: Weezing|Sludge Bomb|p1a: Ceruledge\n|-resisted|p1a: Ceruledge\n|-damage|p1a: Ceruledge|71\/100\n|\n|-sideend|p1: YourAverageTRGrunt|Reflect\n|upkeep\n|turn|9\n|\n|t:|1700701184\n|-end|p2a: Weezing|ability: Neutralizing Gas\n|switch|p2a: Landorus|Landorus-Therian, M|100\/100\n|-ability|p2a: Landorus|Intimidate|boost\n|-unboost|p1a: Ceruledge|atk|1\n|move|p1a: Ceruledge|Swords Dance|p1a: Ceruledge\n|-boost|p1a: Ceruledge|atk|2\n|\n|upkeep\n|turn|10\n|\n|t:|1700701193\n|move|p1a: Ceruledge|Shadow Sneak|p2a: Landorus\n|-damage|p2a: Landorus|60\/100\n|move|p2a: Landorus|Earthquake|p1a: Ceruledge\n|-supereffective|p1a: Ceruledge\n|-damage|p1a: Ceruledge|0 fnt\n|faint|p1a: Ceruledge\n|\n|-heal|p2a: Landorus|66\/100|[from] item: Leftovers\n|upkeep\n|\n|t:|1700701199\n|switch|p1a: Grimmsnarl|Grimmsnarl, M|82\/100 brn\n|-damage|p1a: Grimmsnarl|70\/100 brn|[from] Stealth Rock\n|turn|11\n|\n|t:|1700701205\n|move|p1a: Grimmsnarl|Parting Shot|p2a: Landorus\n|-unboost|p2a: Landorus|atk|1\n|-unboost|p2a: Landorus|spa|1\n|\n|t:|1700701210\n|switch|p1a: Masquerain|Masquerain, M|100\/100|[from] Parting Shot\n|-damage|p1a: Masquerain|51\/100|[from] Stealth Rock\n|-ability|p1a: Masquerain|Intimidate|boost\n|-unboost|p2a: Landorus|atk|1\n|move|p2a: Landorus|U-turn|p1a: Masquerain\n|-resisted|p1a: Masquerain\n|-damage|p1a: Masquerain|41\/100\n|\n|t:|1700701220\n|switch|p2a: Zapdos|Zapdos, shiny|100\/100|[from] U-turn\n|\n|upkeep\n|turn|12\n|\n|t:|1700701226\n|move|p1a: Masquerain|Sticky Web|p2a: Zapdos\n|-sidestart|p2: CaptainBocki|move: Sticky Web\n|move|p2a: Zapdos|Discharge|p1a: Masquerain\n|-supereffective|p1a: Masquerain\n|-damage|p1a: Masquerain|0 fnt\n|faint|p1a: Masquerain\n|\n|upkeep\n|\n|t:|1700701231\n|switch|p1a: Gholdengo|Gholdengo|100\/100\n|-damage|p1a: Gholdengo|94\/100|[from] Stealth Rock\n|turn|13\n|\n|t:|1700701238\n|move|p1a: Gholdengo|Power Gem|p2a: Zapdos\n|-supereffective|p2a: Zapdos\n|-damage|p2a: Zapdos|37\/100\n|move|p2a: Zapdos|Discharge|p1a: Gholdengo\n|-damage|p1a: Gholdengo|77\/100\n|-status|p1a: Gholdengo|par\n|\n|-heal|p2a: Zapdos|44\/100|[from] item: Leftovers\n|-sideend|p1: YourAverageTRGrunt|move: Light Screen\n|upkeep\n|turn|14\n|\n|t:|1700701248\n|move|p2a: Zapdos|Heat Wave|p1a: Gholdengo\n|-supereffective|p1a: Gholdengo\n|-damage|p1a: Gholdengo|21\/100 par\n|cant|p1a: Gholdengo|par\n|\n|-heal|p2a: Zapdos|50\/100|[from] item: Leftovers\n|upkeep\n|turn|15\n|\n|t:|1700701256\n|move|p2a: Zapdos|Discharge|p1a: Gholdengo\n|-damage|p1a: Gholdengo|0 fnt\n|faint|p1a: Gholdengo\n|\n|-heal|p2a: Zapdos|56\/100|[from] item: Leftovers\n|upkeep\n|\n|t:|1700701259\n|switch|p1a: Grimmsnarl|Grimmsnarl, M|70\/100 brn\n|-damage|p1a: Grimmsnarl|57\/100 brn|[from] Stealth Rock\n|turn|16\n|\n|t:|1700701267\n|move|p1a: Grimmsnarl|Light Screen|p1a: Grimmsnarl\n|-sidestart|p1: YourAverageTRGrunt|move: Light Screen\n|move|p2a: Zapdos|Discharge|p1a: Grimmsnarl\n|-damage|p1a: Grimmsnarl|44\/100 brn\n|\n|-heal|p2a: Zapdos|62\/100|[from] item: Leftovers\n|-damage|p1a: Grimmsnarl|38\/100 brn|[from] brn\n|upkeep\n|turn|17\n|\n|t:|1700701276\n|move|p1a: Grimmsnarl|Reflect|p1a: Grimmsnarl\n|-sidestart|p1: YourAverageTRGrunt|Reflect\n|move|p2a: Zapdos|Discharge|p1a: Grimmsnarl\n|-damage|p1a: Grimmsnarl|24\/100 brn\n|\n|-heal|p2a: Zapdos|69\/100|[from] item: Leftovers\n|-damage|p1a: Grimmsnarl|18\/100 brn|[from] brn\n|upkeep\n|turn|18\n|\n|t:|1700701284\n|move|p1a: Grimmsnarl|Parting Shot|p2a: Zapdos\n|-unboost|p2a: Zapdos|atk|1\n|-unboost|p2a: Zapdos|spa|1\n|\n|t:|1700701287\n|switch|p1a: Kingambit|Kingambit, M|100\/100|[from] Parting Shot\n|-damage|p1a: Kingambit|94\/100|[from] Stealth Rock\n|-activate|p1a: Kingambit|ability: Supreme Overlord\n|-start|p1a: Kingambit|fallen4|[silent]\n|move|p2a: Zapdos|Heat Wave|p1a: Kingambit\n|-supereffective|p1a: Kingambit\n|-damage|p1a: Kingambit|78\/100\n|\n|-heal|p2a: Zapdos|75\/100|[from] item: Leftovers\n|-heal|p1a: Kingambit|84\/100|[from] item: Leftovers\n|upkeep\n|turn|19\n|\n|t:|1700701300\n|-terastallize|p1a: Kingambit|Fairy\n|move|p2a: Zapdos|Discharge|p1a: Kingambit\n|-damage|p1a: Kingambit|74\/100\n|move|p1a: Kingambit|Swords Dance|p1a: Kingambit\n|-boost|p1a: Kingambit|atk|2\n|\n|-heal|p2a: Zapdos|81\/100|[from] item: Leftovers\n|-heal|p1a: Kingambit|80\/100|[from] item: Leftovers\n|upkeep\n|turn|20\n|\n|t:|1700701311\n|move|p1a: Kingambit|Sucker Punch|p2a: Zapdos\n|-damage|p2a: Zapdos|0 fnt\n|-status|p1a: Kingambit|par|[from] ability: Static|[of] p2a: Zapdos\n|faint|p2a: Zapdos\n|\n|-heal|p1a: Kingambit|86\/100 par|[from] item: Leftovers\n|upkeep\n|\n|t:|1700701319\n|switch|p2a: Landorus|Landorus-Therian, M|66\/100\n|-ability|p2a: Landorus|Intimidate|boost\n|-unboost|p1a: Kingambit|atk|1\n|turn|21\n|\n|t:|1700701324\n|move|p1a: Kingambit|Sucker Punch|p2a: Landorus\n|-damage|p2a: Landorus|0 fnt\n|faint|p2a: Landorus\n|\n|-heal|p1a: Kingambit|93\/100 par|[from] item: Leftovers\n|upkeep\n|\n|t:|1700701333\n|switch|p2a: Weezing|Weezing-Galar, M|100\/100 par\n|-ability|p2a: Weezing|Neutralizing Gas\n|-activate|p2a: Weezing|move: Sticky Web\n|-unboost|p2a: Weezing|spe|1\n|turn|22\n|\n|t:|1700701342\n|move|p1a: Kingambit|Iron Head|p2a: Weezing\n|-supereffective|p2a: Weezing\n|-damage|p2a: Weezing|8\/100 par\n|cant|p2a: Weezing|flinch\n|\n|-heal|p1a: Kingambit|99\/100 par|[from] item: Leftovers\n|-heal|p2a: Weezing|14\/100 par|[from] item: Black Sludge\n|upkeep\n|turn|23\n|\n|t:|1700701352\n|move|p1a: Kingambit|Iron Head|p2a: Weezing\n|-supereffective|p2a: Weezing\n|-damage|p2a: Weezing|0 fnt\n|faint|p2a: Weezing\n|-end|p2a: Weezing|ability: Neutralizing Gas\n|-activate|p1a: Kingambit|ability: Supreme Overlord\n|-start|p1a: Kingambit|fallen4|[silent]\n|\n|-heal|p1a: Kingambit|100\/100 par|[from] item: Leftovers\n|-sideend|p1: YourAverageTRGrunt|move: Light Screen\n|upkeep\n|\n|t:|1700701366\n|switch|p2a: Garganacl|Garganacl, F, shiny|100\/100\n|-activate|p2a: Garganacl|move: Sticky Web\n|-unboost|p2a: Garganacl|spe|1\n|turn|24\n|\n|t:|1700701386\n|move|p2a: Garganacl|Salt Cure|p1a: Kingambit\n|-damage|p1a: Kingambit|95\/100 par\n|-start|p1a: Kingambit|Salt Cure\n|move|p1a: Kingambit|Iron Head|p2a: Garganacl\n|-supereffective|p2a: Garganacl\n|-damage|p2a: Garganacl|0 fnt\n|faint|p2a: Garganacl\n|\n|-heal|p1a: Kingambit|100\/100 par|[from] item: Leftovers\n|-damage|p1a: Kingambit|88\/100 par|[from] Salt Cure\n|-sideend|p1: YourAverageTRGrunt|Reflect\n|upkeep\n|\n|t:|1700701398\n|switch|p2a: Dragapult|Dragapult, M, shiny|55\/100\n|-activate|p2a: Dragapult|move: Sticky Web\n|-unboost|p2a: Dragapult|spe|1\n|turn|25\n|\n|t:|1700701408\n|-terastallize|p2a: Dragapult|Fairy\n|move|p1a: Kingambit|Sucker Punch|p2a: Dragapult\n|-resisted|p2a: Dragapult\n|-damage|p2a: Dragapult|0 fnt\n|faint|p2a: Dragapult\n|\n|-heal|p1a: Kingambit|94\/100 par|[from] item: Leftovers\n|-damage|p1a: Kingambit|82\/100 par|[from] Salt Cure\n|upkeep\n|\n|t:|1700701418\n|switch|p2a: Iron Valiant|Iron Valiant, shiny|100\/100\n|-activate|p2a: Iron Valiant|move: Sticky Web\n|-unboost|p2a: Iron Valiant|spe|1\n|-enditem|p2a: Iron Valiant|Booster Energy\n|-activate|p2a: Iron Valiant|ability: Quark Drive|[fromitem]\n|-start|p2a: Iron Valiant|quarkdrivespa\n|turn|26\n|\n|t:|1700701430\n|move|p2a: Iron Valiant|Moonblast|p1a: Kingambit\n|-damage|p1a: Kingambit|18\/100 par\n|move|p1a: Kingambit|Iron Head|p2a: Iron Valiant\n|-supereffective|p2a: Iron Valiant\n|-damage|p2a: Iron Valiant|0 fnt\n|faint|p2a: Iron Valiant\n|-end|p2a: Iron Valiant|Quark Drive|[silent]\n|\n|win|YourAverageTRGrunt\n|raw|YourAverageTRGrunt's rating: 1183 &rarr; <strong>1208<\/strong><br \/>(+25 for winning)\n|raw|CaptainBocki's rating: 1178 &rarr; <strong>1153<\/strong><br \/>(-25 for losing)\n|l|\u2606CaptainBocki\n","uploadtime":1700701447,"views":12,"p1id":"youraveragetrgrunt","p2id":"captainbocki","formatid":"gen9ou","rating":1153,"private":0,"password":""}