{"id":"gen9ou-1994596114","p1":"taoe","p2":"aectrosilly","format":"[Gen 9] OU","log":"|j|\u2606taoe\n|j|\u2606aectrosilly\n|t:|1700466480\n|gametype|singles\n|player|p1|taoe|pokemonrangerf-gen4|\n|player|p2|aectrosilly|roxanne|\n|teamsize|p1|6\n|teamsize|p2|6\n|gen|9\n|tier|[Gen 9] OU\n|rule|Sleep Clause Mod: Limit one foe put to sleep\n|rule|Species Clause: Limit one of each Pok\u00e9mon\n|rule|OHKO Clause: OHKO moves are banned\n|rule|Evasion Items Clause: Evasion items are banned\n|rule|Evasion Moves Clause: Evasion moves are banned\n|rule|Endless Battle Clause: Forcing endless battles is banned\n|rule|HP Percentage Mod: HP is shown in percentages\n|clearpoke\n|poke|p1|Maushold|\n|poke|p1|Weavile, F|\n|poke|p1|Jirachi|\n|poke|p1|Ninetales-Alola, M|\n|poke|p1|Ribombee, F|\n|poke|p1|Raichu, F|\n|poke|p2|Ninetales-Alola, F|\n|poke|p2|Maushold|\n|poke|p2|Leavanny, F|\n|poke|p2|Mamoswine, F|\n|poke|p2|Rotom-Wash|\n|poke|p2|Kommo-o, M|\n|teampreview\n|c|\u2606aectrosilly|sticky web and auroveil??\n|c|\u2606taoe|no\n|c|\u2606taoe|why\n|\n|t:|1700466537\n|start\n|switch|p1a: Weavile|Weavile, F|100\/100\n|switch|p2a: Ninetales|Ninetales-Alola, F|100\/100\n|-ability|p1a: Weavile|Pressure\n|-weather|Snow|[from] ability: Snow Warning|[of] p2a: Ninetales\n|turn|1\n|\n|t:|1700466558\n|move|p1a: Weavile|Knock Off|p2a: Ninetales\n|-resisted|p2a: Ninetales\n|-damage|p2a: Ninetales|75\/100\n|-enditem|p2a: Ninetales|Light Clay|[from] move: Knock Off|[of] p1a: Weavile\n|move|p2a: Ninetales|Aurora Veil|p2a: Ninetales\n|-sidestart|p2: aectrosilly|move: Aurora Veil\n|\n|-weather|Snow|[upkeep]\n|upkeep\n|turn|2\n|\n|t:|1700466568\n|switch|p1a: Jirachi|Jirachi|100\/100\n|move|p2a: Ninetales|Moonblast|p1a: Jirachi\n|-resisted|p1a: Jirachi\n|-damage|p1a: Jirachi|86\/100\n|\n|-weather|Snow|[upkeep]\n|-heal|p1a: Jirachi|93\/100|[from] item: Leftovers\n|upkeep\n|turn|3\n|\n|t:|1700466574\n|switch|p2a: Leavanny|Leavanny, F|100\/100\n|move|p1a: Jirachi|Doom Desire|p2a: Leavanny\n|-start|p1a: Jirachi|Doom Desire\n|\n|-weather|Snow|[upkeep]\n|-heal|p1a: Jirachi|99\/100|[from] item: Leftovers\n|upkeep\n|turn|4\n|\n|t:|1700466581\n|move|p1a: Jirachi|Protect|p1a: Jirachi\n|-singleturn|p1a: Jirachi|Protect\n|move|p2a: Leavanny|Swords Dance|p2a: Leavanny\n|-boost|p2a: Leavanny|atk|2\n|\n|-weather|Snow|[upkeep]\n|-heal|p1a: Jirachi|100\/100|[from] item: Leftovers\n|upkeep\n|turn|5\n|\n|t:|1700466593\n|move|p2a: Leavanny|Lunge|p1a: Jirachi\n|-damage|p1a: Jirachi|59\/100\n|-unboost|p1a: Jirachi|atk|1\n|move|p1a: Jirachi|Psychic|p2a: Leavanny\n|-damage|p2a: Leavanny|79\/100\n|\n|-weather|none\n|-end|p2a: Leavanny|move: Doom Desire\n|-damage|p2a: Leavanny|44\/100\n|-heal|p1a: Jirachi|65\/100|[from] item: Leftovers\n|-sideend|p2: aectrosilly|move: Aurora Veil\n|upkeep\n|turn|6\n|\n|t:|1700466607\n|move|p2a: Leavanny|Lunge|p1a: Jirachi\n|-damage|p1a: Jirachi|21\/100\n|-unboost|p1a: Jirachi|atk|1\n|move|p1a: Jirachi|Wish|p1a: Jirachi\n|\n|-heal|p1a: Jirachi|27\/100|[from] item: Leftovers\n|upkeep\n|turn|7\n|\n|t:|1700466614\n|move|p1a: Jirachi|Protect|p1a: Jirachi\n|-singleturn|p1a: Jirachi|Protect\n|move|p2a: Leavanny|Lunge|p1a: Jirachi\n|-activate|p1a: Jirachi|move: Protect\n|\n|-heal|p1a: Jirachi|77\/100|[from] move: Wish|[wisher] Jirachi\n|-heal|p1a: Jirachi|83\/100|[from] item: Leftovers\n|upkeep\n|turn|8\n|\n|t:|1700466624\n|move|p2a: Leavanny|Lunge|p1a: Jirachi\n|-damage|p1a: Jirachi|36\/100\n|-unboost|p1a: Jirachi|atk|1\n|move|p1a: Jirachi|Doom Desire|p2a: Leavanny\n|-start|p1a: Jirachi|Doom Desire\n|\n|-heal|p1a: Jirachi|42\/100|[from] item: Leftovers\n|upkeep\n|turn|9\n|\n|t:|1700466631\n|move|p1a: Jirachi|Protect|p1a: Jirachi\n|-singleturn|p1a: Jirachi|Protect\n|move|p2a: Leavanny|Swords Dance|p2a: Leavanny\n|-boost|p2a: Leavanny|atk|2\n|\n|-heal|p1a: Jirachi|48\/100|[from] item: Leftovers\n|upkeep\n|turn|10\n|\n|t:|1700466646\n|move|p2a: Leavanny|Lunge|p1a: Jirachi\n|-damage|p1a: Jirachi|0 fnt\n|faint|p1a: Jirachi\n|\n|-end|p2a: Leavanny|move: Doom Desire\n|-damage|p2a: Leavanny|0 fnt\n|faint|p2a: Leavanny\n|upkeep\n|\n|t:|1700466667\n|switch|p2a: Mamoswine|Mamoswine, F|100\/100\n|switch|p1a: Raichu|Raichu, F, shiny|100\/100\n|turn|11\n|\n|t:|1700466680\n|-terastallize|p1a: Raichu|Grass\n|move|p1a: Raichu|Grass Knot|p2a: Mamoswine\n|-supereffective|p2a: Mamoswine\n|-damage|p2a: Mamoswine|20\/100\n|move|p2a: Mamoswine|Trailblaze|p1a: Raichu\n|-resisted|p1a: Raichu\n|-damage|p1a: Raichu|79\/100\n|-boost|p2a: Mamoswine|spe|1\n|\n|-heal|p1a: Raichu|85\/100|[from] item: Leftovers\n|upkeep\n|turn|12\n|\n|t:|1700466689\n|move|p1a: Raichu|Grass Knot|p2a: Mamoswine\n|-supereffective|p2a: Mamoswine\n|-damage|p2a: Mamoswine|0 fnt\n|faint|p2a: Mamoswine\n|\n|-heal|p1a: Raichu|91\/100|[from] item: Leftovers\n|upkeep\n|\n|t:|1700466706\n|switch|p2a: Ninetales|Ninetales-Alola, F|75\/100\n|-weather|Snow|[from] ability: Snow Warning|[of] p2a: Ninetales\n|turn|13\n|\n|t:|1700466709\n|move|p1a: Raichu|Nuzzle|p2a: Ninetales\n|-damage|p2a: Ninetales|68\/100\n|-status|p2a: Ninetales|par\n|cant|p2a: Ninetales|par\n|\n|-weather|Snow|[upkeep]\n|-heal|p1a: Raichu|97\/100|[from] item: Leftovers\n|upkeep\n|turn|14\n|\n|t:|1700466715\n|move|p1a: Raichu|Volt Switch|p2a: Ninetales\n|-damage|p2a: Ninetales|32\/100 par\n|\n|t:|1700466719\n|switch|p1a: Maushold|Maushold|100\/100|[from] Volt Switch\n|move|p2a: Ninetales|Aurora Veil|p2a: Ninetales\n|-sidestart|p2: aectrosilly|move: Aurora Veil\n|\n|-weather|Snow|[upkeep]\n|upkeep\n|turn|15\n|\n|t:|1700466725\n|switch|p2a: Kommo-o|Kommo-o, M|100\/100\n|move|p1a: Maushold|Tidy Up|p1a: Maushold\n|-boost|p1a: Maushold|atk|1\n|-boost|p1a: Maushold|spe|1\n|\n|-weather|Snow|[upkeep]\n|upkeep\n|turn|16\n|\n|t:|1700466742\n|move|p1a: Maushold|Population Bomb|p2a: Kommo-o\n|-damage|p2a: Kommo-o|93\/100\n|-damage|p2a: Kommo-o|86\/100\n|-damage|p2a: Kommo-o|77\/100\n|-damage|p2a: Kommo-o|70\/100\n|-damage|p2a: Kommo-o|62\/100\n|-damage|p2a: Kommo-o|54\/100\n|-damage|p2a: Kommo-o|46\/100\n|-damage|p2a: Kommo-o|38\/100\n|-damage|p2a: Kommo-o|31\/100\n|-damage|p2a: Kommo-o|23\/100\n|-hitcount|p2a: Kommo-o|10\n|move|p2a: Kommo-o|Drain Punch|p1a: Maushold\n|-supereffective|p1a: Maushold\n|-damage|p1a: Maushold|26\/100\n|-heal|p2a: Kommo-o|60\/100|[from] drain|[of] p1a: Maushold\n|\n|-weather|Snow|[upkeep]\n|upkeep\n|turn|17\n|\n|t:|1700466769\n|move|p1a: Maushold|Population Bomb|p2a: Kommo-o\n|-damage|p2a: Kommo-o|52\/100\n|-damage|p2a: Kommo-o|44\/100\n|-damage|p2a: Kommo-o|37\/100\n|-damage|p2a: Kommo-o|29\/100\n|-damage|p2a: Kommo-o|21\/100\n|-damage|p2a: Kommo-o|13\/100\n|-damage|p2a: Kommo-o|5\/100\n|-damage|p2a: Kommo-o|0 fnt\n|faint|p2a: Kommo-o\n|-hitcount|p2: Kommo-o|8\n|\n|-weather|none\n|upkeep\n|\n|t:|1700466789\n|switch|p2a: Maushold|Maushold|100\/100\n|turn|18\n|\n|t:|1700466792\n|move|p1a: Maushold|Population Bomb|p2a: Maushold\n|-damage|p2a: Maushold|87\/100\n|-damage|p2a: Maushold|74\/100\n|-damage|p2a: Maushold|60\/100\n|-damage|p2a: Maushold|47\/100\n|-damage|p2a: Maushold|35\/100\n|-damage|p2a: Maushold|22\/100\n|-damage|p2a: Maushold|9\/100\n|-damage|p2a: Maushold|0 fnt\n|faint|p2a: Maushold\n|-hitcount|p2: Maushold|8\n|\n|-sideend|p2: aectrosilly|move: Aurora Veil\n|upkeep\n|\n|t:|1700466807\n|switch|p2a: Rotom|Rotom-Wash, shiny|100\/100\n|turn|19\n|\n|t:|1700466813\n|move|p1a: Maushold|Population Bomb|p2a: Rotom\n|-damage|p2a: Rotom|80\/100\n|-crit|p2a: Rotom\n|-damage|p2a: Rotom|52\/100\n|-damage|p2a: Rotom|32\/100\n|-damage|p2a: Rotom|12\/100\n|-damage|p2a: Rotom|0 fnt\n|faint|p2a: Rotom\n|-hitcount|p2: Rotom|5\n|\n|upkeep\n|\n|t:|1700466816\n|switch|p2a: Ninetales|Ninetales-Alola, F|32\/100 par\n|-weather|Snow|[from] ability: Snow Warning|[of] p2a: Ninetales\n|turn|20\n|\n|t:|1700466819\n|move|p1a: Maushold|Population Bomb|p2a: Ninetales\n|-damage|p2a: Ninetales|17\/100 par\n|-damage|p2a: Ninetales|2\/100 par\n|-damage|p2a: Ninetales|0 fnt\n|faint|p2a: Ninetales\n|-hitcount|p2: Ninetales|3\n|\n|win|taoe\n","uploadtime":1700466825,"views":15,"p1id":"taoe","p2id":"aectrosilly","formatid":"gen9ou","rating":0,"private":0,"password":""}