{"id":"gen9ou-1998150157","p1":"etet4","p2":"PK~Hunter\u2606","format":"[Gen 9] OU","log":"|j|\u2606etet4\n|j|\u2606PK~Hunter\u2606\n|t:|1700901108\n|gametype|singles\n|player|p1|etet4|170|1027\n|player|p2|PK~Hunter\u2606|steven|1034\n|teamsize|p1|6\n|teamsize|p2|6\n|gen|9\n|tier|[Gen 9] OU\n|rated|\n|rule|Sleep Clause Mod: Limit one foe put to sleep\n|rule|Species Clause: Limit one of each Pok\u00e9mon\n|rule|OHKO Clause: OHKO moves are banned\n|rule|Evasion Items Clause: Evasion items are banned\n|rule|Evasion Moves Clause: Evasion moves are banned\n|rule|Endless Battle Clause: Forcing endless battles is banned\n|rule|HP Percentage Mod: HP is shown in percentages\n|clearpoke\n|poke|p1|Great Tusk|\n|poke|p1|Dragapult, M|\n|poke|p1|Iron Moth|\n|poke|p1|Kingambit, F|\n|poke|p1|Greninja-*, M|\n|poke|p1|Cresselia, F|\n|poke|p2|Cinderace, M|\n|poke|p2|Klefki, M|\n|poke|p2|Zapdos|\n|poke|p2|Crawdaunt, F|\n|poke|p2|Amoonguss, M|\n|poke|p2|Ambipom, F|\n|teampreview\n|\n|t:|1700901113\n|start\n|switch|p1a: Greninja|Greninja, M|100\/100\n|switch|p2a: Klefki|Klefki, M|100\/100\n|turn|1\n|\n|t:|1700901128\n|switch|p1a: Iron Moth|Iron Moth|100\/100\n|move|p2a: Klefki|Spikes|p1a: Iron Moth\n|-sidestart|p1: etet4|Spikes\n|\n|upkeep\n|turn|2\n|\n|t:|1700901134\n|move|p2a: Klefki|Spikes|p1a: Iron Moth\n|-sidestart|p1: etet4|Spikes\n|move|p1a: Iron Moth|Flamethrower|p2a: Klefki\n|-supereffective|p2a: Klefki\n|-damage|p2a: Klefki|0 fnt\n|faint|p2a: Klefki\n|\n|upkeep\n|\n|t:|1700901139\n|switch|p2a: Ambipom|Ambipom, F|100\/100\n|turn|3\n|\n|t:|1700901143\n|-terastallize|p2a: Ambipom|Normal\n|move|p2a: Ambipom|Fake Out|p1a: Iron Moth\n|-damage|p1a: Iron Moth|47\/100\n|cant|p1a: Iron Moth|flinch\n|\n|upkeep\n|turn|4\n|\n|t:|1700901150\n|move|p2a: Ambipom|Last Resort|p1a: Iron Moth\n|-damage|p1a: Iron Moth|0 fnt\n|faint|p1a: Iron Moth\n|-end|p1a: Iron Moth|Quark Drive|[silent]\n|\n|upkeep\n|\n|t:|1700901155\n|switch|p1a: Great Tusk|Great Tusk|100\/100\n|-damage|p1a: Great Tusk|84\/100|[from] Spikes\n|turn|5\n|\n|t:|1700901159\n|move|p2a: Ambipom|Last Resort|p1a: Great Tusk\n|-damage|p1a: Great Tusk|22\/100\n|move|p1a: Great Tusk|Close Combat|p2a: Ambipom\n|-supereffective|p2a: Ambipom\n|-damage|p2a: Ambipom|0 fnt\n|-unboost|p1a: Great Tusk|def|1\n|-unboost|p1a: Great Tusk|spd|1\n|faint|p2a: Ambipom\n|\n|-heal|p1a: Great Tusk|28\/100|[from] item: Leftovers\n|upkeep\n|\n|t:|1700901164\n|switch|p2a: Crawdaunt|Crawdaunt, F|100\/100\n|turn|6\n|\n|t:|1700901172\n|move|p1a: Great Tusk|Ice Spinner|p2a: Crawdaunt\n|-resisted|p2a: Crawdaunt\n|-damage|p2a: Crawdaunt|76\/100\n|move|p2a: Crawdaunt|Dragon Dance|p2a: Crawdaunt\n|-boost|p2a: Crawdaunt|atk|1\n|-boost|p2a: Crawdaunt|spe|1\n|\n|-heal|p1a: Great Tusk|34\/100|[from] item: Leftovers\n|upkeep\n|turn|7\n|\n|t:|1700901182\n|move|p2a: Crawdaunt|Aqua Jet|p1a: Great Tusk\n|-supereffective|p1a: Great Tusk\n|-damage|p1a: Great Tusk|0 fnt\n|faint|p1a: Great Tusk\n|-end|p1a: Great Tusk|Protosynthesis|[silent]\n|-damage|p2a: Crawdaunt|66\/100|[from] item: Life Orb\n|\n|upkeep\n|\n|t:|1700901192\n|switch|p1a: Dragapult|Dragapult, M|100\/100\n|-item|p1a: Dragapult|Air Balloon\n|turn|8\n|\n|t:|1700901202\n|move|p1a: Dragapult|Dragon Darts|p2a: Crawdaunt\n|-damage|p2a: Crawdaunt|33\/100\n|-anim|p1a: Dragapult|Dragon Darts|p2a: Crawdaunt\n|-damage|p2a: Crawdaunt|1\/100\n|move|p2a: Crawdaunt|Knock Off|p1a: Dragapult\n|-supereffective|p1a: Dragapult\n|-damage|p1a: Dragapult|0 fnt\n|-enditem|p1a: Dragapult|Air Balloon\n|faint|p1a: Dragapult\n|-damage|p2a: Crawdaunt|0 fnt|[from] item: Life Orb\n|faint|p2a: Crawdaunt\n|\n|upkeep\n|\n|t:|1700901215\n|switch|p1a: Cresselia|Cresselia, F|100\/100\n|switch|p2a: Amoonguss|Amoonguss, M|100\/100\n|turn|9\n|\n|t:|1700901229\n|switch|p1a: Greninja|Greninja, M|100\/100\n|-damage|p1a: Greninja|84\/100|[from] Spikes\n|move|p2a: Amoonguss|Spore|p1a: Greninja\n|-status|p1a: Greninja|slp|[from] move: Spore\n|\n|upkeep\n|turn|10\n|\n|t:|1700901238\n|cant|p1a: Greninja|slp\n|move|p2a: Amoonguss|Giga Drain|p1a: Greninja\n|-supereffective|p1a: Greninja\n|-damage|p1a: Greninja|9\/100 slp\n|\n|upkeep\n|turn|11\n|\n|t:|1700901250\n|switch|p1a: Kingambit|Kingambit, F|100\/100\n|-damage|p1a: Kingambit|84\/100|[from] Spikes\n|move|p2a: Amoonguss|Giga Drain|p1a: Kingambit\n|-resisted|p1a: Kingambit\n|-damage|p1a: Kingambit|70\/100\n|\n|upkeep\n|turn|12\n|\n|t:|1700901257\n|move|p1a: Kingambit|Air Slash|p2a: Amoonguss\n|-supereffective|p2a: Amoonguss\n|-damage|p2a: Amoonguss|80\/100\n|move|p2a: Amoonguss|Spore|p1a: Kingambit\n|-message|Sleep Clause Mod activated.\n|-hint|Sleep Clause Mod prevents players from putting more than one of their opponent's Pok\u00e9mon to sleep at a time\n|\n|upkeep\n|turn|13\n|\n|t:|1700901263\n|move|p1a: Kingambit|Air Slash|p2a: Amoonguss\n|-supereffective|p2a: Amoonguss\n|-damage|p2a: Amoonguss|58\/100\n|cant|p2a: Amoonguss|flinch\n|\n|upkeep\n|turn|14\n|\n|t:|1700901268\n|move|p1a: Kingambit|Air Slash|p2a: Amoonguss\n|-supereffective|p2a: Amoonguss\n|-damage|p2a: Amoonguss|37\/100\n|move|p2a: Amoonguss|Giga Drain|p1a: Kingambit\n|-resisted|p1a: Kingambit\n|-crit|p1a: Kingambit\n|-damage|p1a: Kingambit|47\/100\n|-heal|p2a: Amoonguss|46\/100|[from] drain|[of] p1a: Kingambit\n|\n|upkeep\n|turn|15\n|\n|t:|1700901275\n|move|p1a: Kingambit|Air Slash|p2a: Amoonguss\n|-supereffective|p2a: Amoonguss\n|-damage|p2a: Amoonguss|26\/100\n|move|p2a: Amoonguss|Giga Drain|p1a: Kingambit\n|-resisted|p1a: Kingambit\n|-damage|p1a: Kingambit|32\/100\n|-heal|p2a: Amoonguss|32\/100|[from] drain|[of] p1a: Kingambit\n|\n|upkeep\n|turn|16\n|\n|t:|1700901283\n|move|p1a: Kingambit|Air Slash|p2a: Amoonguss\n|-supereffective|p2a: Amoonguss\n|-damage|p2a: Amoonguss|9\/100\n|move|p2a: Amoonguss|Giga Drain|p1a: Kingambit\n|-resisted|p1a: Kingambit\n|-damage|p1a: Kingambit|16\/100\n|-heal|p2a: Amoonguss|16\/100|[from] drain|[of] p1a: Kingambit\n|\n|upkeep\n|turn|17\n|\n|t:|1700901289\n|move|p1a: Kingambit|Air Slash|p2a: Amoonguss\n|-supereffective|p2a: Amoonguss\n|-damage|p2a: Amoonguss|0 fnt\n|faint|p2a: Amoonguss\n|\n|upkeep\n|\n|t:|1700901292\n|switch|p2a: Cinderace|Cinderace, M|100\/100\n|turn|18\n|\n|t:|1700901301\n|move|p2a: Cinderace|Pyro Ball|p1a: Kingambit|[miss]\n|-miss|p2a: Cinderace|p1a: Kingambit\n|move|p1a: Kingambit|Dark Pulse|p2a: Cinderace\n|-damage|p2a: Cinderace|78\/100\n|\n|upkeep\n|turn|19\n|\n|t:|1700901312\n|move|p2a: Cinderace|Pyro Ball|p1a: Kingambit|[miss]\n|-miss|p2a: Cinderace|p1a: Kingambit\n|move|p1a: Kingambit|Dark Pulse|p2a: Cinderace\n|-damage|p2a: Cinderace|54\/100\n|\n|upkeep\n|turn|20\n|\n|t:|1700901318\n|move|p2a: Cinderace|Pyro Ball|p1a: Kingambit\n|-supereffective|p1a: Kingambit\n|-damage|p1a: Kingambit|0 fnt\n|faint|p1a: Kingambit\n|\n|upkeep\n|\n|t:|1700901323\n|switch|p1a: Greninja|Greninja, M|9\/100 slp\n|-damage|p1a: Greninja|0 fnt|[from] Spikes\n|faint|p1a: Greninja\n|\n|t:|1700901327\n|switch|p1a: Cresselia|Cresselia, F|100\/100\n|turn|21\n|\n|t:|1700901334\n|move|p2a: Cinderace|Pyro Ball|p1a: Cresselia\n|-damage|p1a: Cresselia|64\/100\n|move|p1a: Cresselia|Calm Mind|p1a: Cresselia\n|-boost|p1a: Cresselia|spa|1\n|-boost|p1a: Cresselia|spd|1\n|\n|upkeep\n|turn|22\n|\n|t:|1700901340\n|move|p2a: Cinderace|Pyro Ball|p1a: Cresselia|[miss]\n|-miss|p2a: Cinderace|p1a: Cresselia\n|move|p1a: Cresselia|Moonblast|p2a: Cinderace\n|-resisted|p2a: Cinderace\n|-damage|p2a: Cinderace|39\/100\n|\n|upkeep\n|turn|23\n|\n|t:|1700901350\n|move|p2a: Cinderace|Will-O-Wisp|p1a: Cresselia\n|-status|p1a: Cresselia|brn\n|move|p1a: Cresselia|Calm Mind|p1a: Cresselia\n|-boost|p1a: Cresselia|spa|1\n|-boost|p1a: Cresselia|spd|1\n|\n|-damage|p1a: Cresselia|58\/100 brn|[from] brn\n|upkeep\n|turn|24\n|\n|t:|1700901358\n|move|p2a: Cinderace|Pyro Ball|p1a: Cresselia\n|-damage|p1a: Cresselia|25\/100 brn\n|move|p1a: Cresselia|Lunar Blessing|p1a: Cresselia\n|-heal|p1a: Cresselia|50\/100 brn\n|-curestatus|p1a: Cresselia|brn|[msg]\n|\n|upkeep\n|turn|25\n|\n|t:|1700901364\n|move|p2a: Cinderace|Pyro Ball|p1a: Cresselia\n|-damage|p1a: Cresselia|16\/100\n|move|p1a: Cresselia|Moonblast|p2a: Cinderace\n|-resisted|p2a: Cinderace\n|-damage|p2a: Cinderace|15\/100\n|\n|upkeep\n|turn|26\n|\n|t:|1700901373\n|-terastallize|p1a: Cresselia|Psychic\n|move|p2a: Cinderace|Pyro Ball|p1a: Cresselia\n|-damage|p1a: Cresselia|0 fnt\n|faint|p1a: Cresselia\n|\n|win|PK~Hunter\u2606\n|raw|etet4's rating: 1027 &rarr; <strong>1013<\/strong><br \/>(-14 for losing)\n|raw|PK~Hunter\u2606's rating: 1034 &rarr; <strong>1068<\/strong><br \/>(+34 for winning)\n|l|\u2606etet4\n","uploadtime":1700901383,"views":3,"p1id":"etet4","p2id":"pkhunter","formatid":"gen9ou","rating":1013,"private":0,"password":""}