{"id":"gen9ou-1991203652","p1":"Pakiko2","p2":"Jupiterav","format":"[Gen 9] OU","log":"|j|\u2606Pakiko2\n|j|\u2606Jupiterav\n|t:|1700056793\n|gametype|singles\n|player|p1|Pakiko2|cynthia|1609\n|player|p2|Jupiterav|iris-gen5bw2|1532\n|teamsize|p1|6\n|teamsize|p2|6\n|gen|9\n|tier|[Gen 9] OU\n|rated|\n|rule|Sleep Clause Mod: Limit one foe put to sleep\n|rule|Species Clause: Limit one of each Pok\u00e9mon\n|rule|OHKO Clause: OHKO moves are banned\n|rule|Evasion Items Clause: Evasion items are banned\n|rule|Evasion Moves Clause: Evasion moves are banned\n|rule|Endless Battle Clause: Forcing endless battles is banned\n|rule|HP Percentage Mod: HP is shown in percentages\n|clearpoke\n|poke|p1|Arcanine-Hisui, M|\n|poke|p1|Iron Valiant|\n|poke|p1|Mandibuzz, F|\n|poke|p1|Clodsire, F|\n|poke|p1|Dragapult, M|\n|poke|p1|Manaphy|\n|poke|p2|Gholdengo|\n|poke|p2|Ogerpon-Wellspring, F|\n|poke|p2|Corviknight, M|\n|poke|p2|Iron Valiant|\n|poke|p2|Kingambit, M|\n|poke|p2|Ting-Lu|\n|teampreview\n|\n|t:|1700056816\n|start\n|switch|p1a: Dragapult|Dragapult, M|100\/100\n|switch|p2a: Ogerpon|Ogerpon-Wellspring, F|100\/100\n|turn|1\n|inactive|Battle timer is ON: inactive players will automatically lose when time's up. (requested by Pakiko2)\n|\n|t:|1700056825\n|switch|p2a: Corviknight|Corviknight, M|100\/100\n|-ability|p2a: Corviknight|Pressure\n|move|p1a: Dragapult|Substitute|p1a: Dragapult\n|-start|p1a: Dragapult|Substitute\n|-damage|p1a: Dragapult|76\/100\n|\n|-heal|p1a: Dragapult|82\/100|[from] item: Leftovers\n|upkeep\n|turn|2\n|\n|t:|1700056835\n|move|p1a: Dragapult|Dragon Dance|p1a: Dragapult\n|-boost|p1a: Dragapult|atk|1\n|-boost|p1a: Dragapult|spe|1\n|move|p2a: Corviknight|Brave Bird|p1a: Dragapult\n|-end|p1a: Dragapult|Substitute\n|-damage|p2a: Corviknight|94\/100|[from] Recoil|[of] p1a: Dragapult\n|\n|-heal|p1a: Dragapult|88\/100|[from] item: Leftovers\n|upkeep\n|turn|3\n|\n|t:|1700056840\n|move|p1a: Dragapult|Phantom Force||[still]\n|-prepare|p1a: Dragapult|Phantom Force\n|move|p2a: Corviknight|Brave Bird|p1a: Dragapult|[miss]\n|-miss|p2a: Corviknight|p1a: Dragapult\n|\n|-heal|p1a: Dragapult|94\/100|[from] item: Leftovers\n|upkeep\n|turn|4\n|\n|t:|1700056842\n|move|p1a: Dragapult|Phantom Force|p2a: Corviknight|[from]lockedmove\n|-damage|p2a: Corviknight|51\/100\n|-damage|p1a: Dragapult|77\/100|[from] item: Rocky Helmet|[of] p2a: Corviknight\n|move|p2a: Corviknight|Brave Bird|p1a: Dragapult\n|-damage|p1a: Dragapult|30\/100\n|-damage|p2a: Corviknight|39\/100|[from] Recoil\n|\n|-heal|p1a: Dragapult|36\/100|[from] item: Leftovers\n|upkeep\n|turn|5\n|\n|t:|1700056864\n|switch|p1a: Manaphy|Manaphy|100\/100\n|move|p2a: Corviknight|Roost|p2a: Corviknight\n|-heal|p2a: Corviknight|89\/100\n|-singleturn|p2a: Corviknight|move: Roost\n|\n|upkeep\n|turn|6\n|\n|t:|1700056868\n|move|p1a: Manaphy|Acid Armor|p1a: Manaphy\n|-boost|p1a: Manaphy|def|2\n|move|p2a: Corviknight|U-turn|p1a: Manaphy\n|-damage|p1a: Manaphy|96\/100\n|\n|t:|1700056878\n|switch|p2a: Ogerpon|Ogerpon-Wellspring, F|100\/100|[from] U-turn\n|\n|-heal|p1a: Manaphy|100\/100|[from] item: Leftovers\n|upkeep\n|turn|7\n|\n|t:|1700056883\n|move|p2a: Ogerpon|Taunt|p1a: Manaphy\n|-start|p1a: Manaphy|move: Taunt\n|move|p1a: Manaphy|Scald|p2a: Ogerpon\n|-immune|p2a: Ogerpon|[from] ability: Water Absorb\n|\n|upkeep\n|turn|8\n|\n|t:|1700056891\n|switch|p1a: Mandibuzz|Mandibuzz, F|100\/100\n|move|p2a: Ogerpon|Horn Leech|p1a: Mandibuzz\n|-resisted|p1a: Mandibuzz\n|-damage|p1a: Mandibuzz|88\/100\n|\n|upkeep\n|turn|9\n|\n|t:|1700056894\n|move|p2a: Ogerpon|U-turn|p1a: Mandibuzz\n|-damage|p1a: Mandibuzz|72\/100\n|\n|t:|1700056901\n|switch|p2a: Kingambit|Kingambit, M|100\/100|[from] U-turn\n|move|p1a: Mandibuzz|Foul Play|p2a: Kingambit\n|-resisted|p2a: Kingambit\n|-damage|p2a: Kingambit|77\/100\n|\n|upkeep\n|turn|10\n|\n|t:|1700056909\n|move|p2a: Kingambit|Swords Dance|p2a: Kingambit\n|-boost|p2a: Kingambit|atk|2\n|move|p1a: Mandibuzz|Whirlwind|p2a: Kingambit\n|-end|p2a: Kingambit|fallenundefined|[silent]\n|drag|p2a: Ogerpon|Ogerpon-Wellspring, F|100\/100\n|\n|upkeep\n|turn|11\n|\n|t:|1700056915\n|move|p2a: Ogerpon|Taunt|p1a: Mandibuzz\n|-start|p1a: Mandibuzz|move: Taunt\n|cant|p1a: Mandibuzz|move: Taunt|Whirlwind\n|\n|upkeep\n|turn|12\n|\n|t:|1700056920\n|move|p2a: Ogerpon|U-turn|p1a: Mandibuzz\n|-damage|p1a: Mandibuzz|56\/100\n|\n|t:|1700056923\n|switch|p2a: Iron Valiant|Iron Valiant|100\/100|[from] U-turn\n|-enditem|p2a: Iron Valiant|Booster Energy\n|-activate|p2a: Iron Valiant|ability: Quark Drive|[fromitem]\n|-start|p2a: Iron Valiant|quarkdrivespe\n|move|p1a: Mandibuzz|Foul Play|p2a: Iron Valiant\n|-resisted|p2a: Iron Valiant\n|-damage|p2a: Iron Valiant|89\/100\n|\n|upkeep\n|turn|13\n|\n|t:|1700056935\n|switch|p1a: Arcanine|Arcanine-Hisui, M|100\/100\n|move|p2a: Iron Valiant|Calm Mind|p2a: Iron Valiant\n|-boost|p2a: Iron Valiant|spa|1\n|-boost|p2a: Iron Valiant|spd|1\n|\n|upkeep\n|turn|14\n|inactive|Jupiterav has 120 seconds left.\n|\n|t:|1700056968\n|move|p2a: Iron Valiant|Psyshock|p1a: Arcanine\n|-damage|p1a: Arcanine|52\/100\n|move|p1a: Arcanine|Flare Blitz|p2a: Iron Valiant\n|-damage|p2a: Iron Valiant|0 fnt\n|faint|p2a: Iron Valiant\n|-end|p2a: Iron Valiant|Quark Drive|[silent]\n|\n|upkeep\n|inactive|Jupiterav has 120 seconds left.\n|\n|t:|1700056979\n|switch|p2a: Ogerpon|Ogerpon-Wellspring, F|100\/100\n|turn|15\n|inactive|Jupiterav has 120 seconds left.\n|\n|t:|1700056995\n|switch|p1a: Manaphy|Manaphy|100\/100\n|-terastallize|p2a: Ogerpon|Water\n|detailschange|p2a: Ogerpon|Ogerpon-Wellspring-Tera, F, tera:Water\n|-ability|p2a: Ogerpon|Embody Aspect (Wellspring)|boost\n|-boost|p2a: Ogerpon|spd|1\n|move|p2a: Ogerpon|Ivy Cudgel|p1a: Manaphy|[anim] Ivy Cudgel Water\n|-resisted|p1a: Manaphy\n|-damage|p1a: Manaphy|75\/100\n|\n|-heal|p1a: Manaphy|81\/100|[from] item: Leftovers\n|upkeep\n|turn|16\n|inactive|Pakiko2 has 120 seconds left.\n|\n|t:|1700057026\n|move|p2a: Ogerpon|Horn Leech|p1a: Manaphy\n|-supereffective|p1a: Manaphy\n|-damage|p1a: Manaphy|23\/100\n|move|p1a: Manaphy|Stored Power|p2a: Ogerpon\n|-damage|p2a: Ogerpon|97\/100\n|\n|-heal|p1a: Manaphy|29\/100|[from] item: Leftovers\n|upkeep\n|turn|17\n|\n|t:|1700057032\n|move|p2a: Ogerpon|Horn Leech|p1a: Manaphy\n|-supereffective|p1a: Manaphy\n|-damage|p1a: Manaphy|0 fnt\n|-heal|p2a: Ogerpon|100\/100|[from] drain|[of] p1a: Manaphy\n|faint|p1a: Manaphy\n|\n|upkeep\n|j| No Nice Names Left\n|inactive|Pakiko2 has 120 seconds left.\n|\n|t:|1700057043\n|switch|p1a: Dragapult|Dragapult, M|36\/100\n|turn|18\n|inactive|Pakiko2 has 120 seconds left.\n|l|\u2606Pakiko2\n|inactive|Pakiko2 disconnected and has a minute to reconnect!\n|player|p1|\n|j|\u2606Pakiko2\n|inactive|Pakiko2 reconnected and has 95 seconds left.\n|player|p1|Pakiko2|cynthia\n|inactive|Pakiko2 has 90 seconds left.\n|\n|t:|1700057087\n|switch|p2a: Corviknight|Corviknight, M|89\/100\n|-ability|p2a: Corviknight|Pressure\n|-terastallize|p1a: Dragapult|Dragon\n|move|p1a: Dragapult|Dragon Darts|p2a: Corviknight\n|-resisted|p2a: Corviknight\n|-damage|p2a: Corviknight|77\/100\n|-anim|p1a: Dragapult|Dragon Darts|p2a: Corviknight\n|-resisted|p2a: Corviknight\n|-damage|p2a: Corviknight|66\/100\n|\n|-heal|p1a: Dragapult|42\/100|[from] item: Leftovers\n|upkeep\n|turn|19\n|\n|t:|1700057095\n|switch|p1a: Arcanine|Arcanine-Hisui, M|52\/100\n|move|p2a: Corviknight|Brave Bird|p1a: Arcanine\n|-resisted|p1a: Arcanine\n|-damage|p1a: Arcanine|31\/100\n|-damage|p2a: Corviknight|60\/100|[from] Recoil\n|\n|upkeep\n|turn|20\n|\n|t:|1700057103\n|switch|p2a: Ting-Lu|Ting-Lu|100\/100\n|-ability|p2a: Ting-Lu|Vessel of Ruin\n|move|p1a: Arcanine|Head Smash|p2a: Ting-Lu\n|-resisted|p2a: Ting-Lu\n|-damage|p2a: Ting-Lu|73\/100\n|\n|-heal|p2a: Ting-Lu|79\/100|[from] item: Leftovers\n|upkeep\n|turn|21\n|\n|t:|1700057113\n|switch|p1a: Iron Valiant|Iron Valiant|100\/100\n|move|p2a: Ting-Lu|Spikes|p1a: Iron Valiant\n|-sidestart|p1: Pakiko2|Spikes\n|\n|-heal|p2a: Ting-Lu|85\/100|[from] item: Leftovers\n|upkeep\n|turn|22\n|\n|t:|1700057119\n|move|p1a: Iron Valiant|Trick|p2a: Ting-Lu\n|-activate|p1a: Iron Valiant|move: Trick|[of] p2a: Ting-Lu\n|-item|p2a: Ting-Lu|Choice Scarf|[from] move: Trick\n|-item|p1a: Iron Valiant|Leftovers|[from] move: Trick\n|move|p2a: Ting-Lu|Whirlwind|p1a: Iron Valiant\n|-end|p1a: Iron Valiant|Quark Drive|[silent]\n|drag|p1a: Arcanine|Arcanine-Hisui, M|31\/100\n|-damage|p1a: Arcanine|18\/100|[from] Spikes\n|\n|upkeep\n|turn|23\n|\n|t:|1700057127\n|move|p1a: Arcanine|Close Combat|p2a: Ting-Lu\n|-supereffective|p2a: Ting-Lu\n|-damage|p2a: Ting-Lu|24\/100\n|-unboost|p1a: Arcanine|def|1\n|-unboost|p1a: Arcanine|spd|1\n|move|p2a: Ting-Lu|Whirlwind|p1a: Arcanine\n|drag|p1a: Dragapult|Dragapult, M, tera:Dragon|42\/100\n|-damage|p1a: Dragapult|29\/100|[from] Spikes\n|\n|-heal|p1a: Dragapult|35\/100|[from] item: Leftovers\n|upkeep\n|turn|24\n|\n|t:|1700057136\n|move|p1a: Dragapult|Dragon Darts|p2a: Ting-Lu\n|-damage|p2a: Ting-Lu|3\/100\n|-anim|p1a: Dragapult|Dragon Darts|p2a: Ting-Lu\n|-damage|p2a: Ting-Lu|0 fnt\n|faint|p2a: Ting-Lu\n|\n|-heal|p1a: Dragapult|41\/100|[from] item: Leftovers\n|upkeep\n|\n|t:|1700057139\n|switch|p2a: Corviknight|Corviknight, M|60\/100\n|-ability|p2a: Corviknight|Pressure\n|turn|25\n|\n|t:|1700057150\n|move|p1a: Dragapult|Dragon Dance|p1a: Dragapult\n|-boost|p1a: Dragapult|atk|1\n|-boost|p1a: Dragapult|spe|1\n|move|p2a: Corviknight|Brave Bird|p1a: Dragapult\n|-damage|p1a: Dragapult|0 fnt\n|faint|p1a: Dragapult\n|-damage|p2a: Corviknight|49\/100|[from] Recoil\n|\n|upkeep\n|\n|t:|1700057160\n|switch|p1a: Arcanine|Arcanine-Hisui, M|18\/100\n|-damage|p1a: Arcanine|6\/100|[from] Spikes\n|turn|26\n|\n|t:|1700057171\n|move|p1a: Arcanine|Head Smash|p2a: Corviknight|[miss]\n|-miss|p1a: Arcanine|p2a: Corviknight\n|move|p2a: Corviknight|Roost|p2a: Corviknight\n|-heal|p2a: Corviknight|99\/100\n|-singleturn|p2a: Corviknight|move: Roost\n|\n|upkeep\n|turn|27\n|\n|t:|1700057176\n|move|p1a: Arcanine|Head Smash|p2a: Corviknight\n|-damage|p2a: Corviknight|39\/100\n|-damage|p1a: Arcanine|0 fnt|[from] item: Rocky Helmet|[of] p2a: Corviknight\n|faint|p1a: Arcanine\n|move|p2a: Corviknight|U-turn|p1: Arcanine|[notarget]\n|-fail|p2a: Corviknight\n|\n|upkeep\n|\n|t:|1700057183\n|switch|p1a: Clodsire|Clodsire, F|100\/100\n|-damage|p1a: Clodsire|88\/100|[from] Spikes\n|turn|28\n|\n|t:|1700057189\n|move|p2a: Corviknight|Roost|p2a: Corviknight\n|-heal|p2a: Corviknight|89\/100\n|-singleturn|p2a: Corviknight|move: Roost\n|move|p1a: Clodsire|Stealth Rock|p2a: Corviknight\n|-sidestart|p2: Jupiterav|move: Stealth Rock\n|\n|-heal|p1a: Clodsire|94\/100|[from] item: Leftovers\n|upkeep\n|turn|29\n|\n|t:|1700057199\n|switch|p1a: Mandibuzz|Mandibuzz, F|56\/100\n|move|p2a: Corviknight|U-turn|p1a: Mandibuzz\n|-damage|p1a: Mandibuzz|48\/100\n|\n|t:|1700057204\n|switch|p2a: Ogerpon|Ogerpon-Wellspring-Tera, F, tera:Water|100\/100|[from] U-turn\n|-damage|p2a: Ogerpon|88\/100|[from] Stealth Rock\n|-ability|p2a: Ogerpon|Embody Aspect (Wellspring)|boost\n|-boost|p2a: Ogerpon|spd|1\n|\n|upkeep\n|turn|30\n|\n|t:|1700057209\n|move|p2a: Ogerpon|Ivy Cudgel|p1a: Mandibuzz|[anim] Ivy Cudgel Water\n|-damage|p1a: Mandibuzz|5\/100\n|move|p1a: Mandibuzz|Foul Play|p2a: Ogerpon\n|-damage|p2a: Ogerpon|31\/100\n|\n|upkeep\n|turn|31\n|\n|t:|1700057214\n|move|p2a: Ogerpon|Horn Leech|p1a: Mandibuzz\n|-resisted|p1a: Mandibuzz\n|-damage|p1a: Mandibuzz|0 fnt\n|-heal|p2a: Ogerpon|34\/100|[from] drain|[of] p1a: Mandibuzz\n|faint|p1a: Mandibuzz\n|\n|upkeep\n|\n|t:|1700057217\n|switch|p1a: Iron Valiant|Iron Valiant|100\/100\n|-damage|p1a: Iron Valiant|88\/100|[from] Spikes\n|turn|32\n|\n|t:|1700057228\n|move|p1a: Iron Valiant|Moonblast|p2a: Ogerpon\n|-damage|p2a: Ogerpon|0 fnt\n|faint|p2a: Ogerpon\n|\n|-heal|p1a: Iron Valiant|94\/100|[from] item: Leftovers\n|upkeep\n|\n|t:|1700057231\n|switch|p2a: Kingambit|Kingambit, M|77\/100\n|-damage|p2a: Kingambit|71\/100|[from] Stealth Rock\n|-activate|p2a: Kingambit|ability: Supreme Overlord\n|-start|p2a: Kingambit|fallen3|[silent]\n|turn|33\n|\n|t:|1700057234\n|move|p1a: Iron Valiant|Focus Blast|p2a: Kingambit\n|-supereffective|p2a: Kingambit\n|-damage|p2a: Kingambit|0 fnt\n|faint|p2a: Kingambit\n|-end|p2a: Kingambit|fallen3|[silent]\n|\n|-heal|p1a: Iron Valiant|100\/100|[from] item: Leftovers\n|upkeep\n|\n|t:|1700057239\n|switch|p2a: Gholdengo|Gholdengo|100\/100\n|-damage|p2a: Gholdengo|94\/100|[from] Stealth Rock\n|-item|p2a: Gholdengo|Air Balloon\n|turn|34\n|\n|t:|1700057245\n|move|p1a: Iron Valiant|Moonblast|p2a: Gholdengo\n|-resisted|p2a: Gholdengo\n|-damage|p2a: Gholdengo|65\/100\n|-enditem|p2a: Gholdengo|Air Balloon\n|move|p2a: Gholdengo|Psyshock|p1a: Iron Valiant\n|-supereffective|p1a: Iron Valiant\n|-damage|p1a: Iron Valiant|24\/100\n|\n|-heal|p1a: Iron Valiant|31\/100|[from] item: Leftovers\n|upkeep\n|turn|35\n|\n|t:|1700057269\n|move|p1a: Iron Valiant|Moonblast|p2a: Gholdengo\n|-resisted|p2a: Gholdengo\n|-damage|p2a: Gholdengo|40\/100\n|move|p2a: Gholdengo|Psyshock|p1a: Iron Valiant\n|-supereffective|p1a: Iron Valiant\n|-damage|p1a: Iron Valiant|0 fnt\n|faint|p1a: Iron Valiant\n|-end|p1a: Iron Valiant|Quark Drive|[silent]\n|\n|upkeep\n|\n|t:|1700057271\n|switch|p1a: Clodsire|Clodsire, F|94\/100\n|-damage|p1a: Clodsire|82\/100|[from] Spikes\n|turn|36\n|c|\u2606Jupiterav|Gg\n|inactive|Pakiko2 has 120 seconds left.\n|c| No Nice Names Left|gg\n|c| No Nice Names Left|a nice match <3\n|c|\u2606Jupiterav|Your not playing lol\n|c| No Nice Names Left|I hope he ends it in a decent way\n|inactive|Pakiko2 has 90 seconds left.\n|c|\u2606Jupiterav|True i also hope so\n|inactive|Pakiko2 has 60 seconds left.\n|c|\u2606Jupiterav|Probably not tho\n|inactive|Pakiko2 has 30 seconds left.\n|inactive|Pakiko2 has 20 seconds left.\n|c| No Nice Names Left|well, it is what it is <3\n|inactive|Pakiko2 has 15 seconds left.\n|l| No Nice Names Left\n|inactive|Pakiko2 has 10 seconds left.\n|inactive|Pakiko2 has 5 seconds left.\n|-message|Pakiko2 lost due to inactivity.\n|\n|win|Jupiterav\n|raw|Pakiko2's rating: 1609 &rarr; <strong>1585<\/strong><br \/>(-24 for losing)\n|raw|Jupiterav's rating: 1532 &rarr; <strong>1556<\/strong><br \/>(+24 for winning)\n","uploadtime":1700057427,"views":9,"p1id":"pakiko2","p2id":"jupiterav","formatid":"gen9ou","rating":1556,"private":0,"password":""}