{"id":"gen9ou-1993166917","p1":"not that good bro","p2":"SirBoogerBrain","format":"[Gen 9] OU","log":"|j|\u2606not that good bro\n|j|\u2606SirBoogerBrain\n|t:|1700272924\n|gametype|singles\n|player|p1|not that good bro|2|1062\n|player|p2|SirBoogerBrain|burglar-gen2|1128\n|teamsize|p1|6\n|teamsize|p2|6\n|gen|9\n|tier|[Gen 9] OU\n|rated|\n|rule|Sleep Clause Mod: Limit one foe put to sleep\n|rule|Species Clause: Limit one of each Pok\u00e9mon\n|rule|OHKO Clause: OHKO moves are banned\n|rule|Evasion Items Clause: Evasion items are banned\n|rule|Evasion Moves Clause: Evasion moves are banned\n|rule|Endless Battle Clause: Forcing endless battles is banned\n|rule|HP Percentage Mod: HP is shown in percentages\n|clearpoke\n|poke|p1|Mew|\n|poke|p1|Coalossal, F|\n|poke|p1|Sandslash-Alola, F|\n|poke|p1|Torkoal, F|\n|poke|p1|Jumpluff, M|\n|poke|p1|Zapdos|\n|poke|p2|Iron Valiant|\n|poke|p2|Kingambit, F|\n|poke|p2|Great Tusk|\n|poke|p2|Garchomp, M|\n|poke|p2|Moltres|\n|poke|p2|Amoonguss, M|\n|teampreview\n|inactive|Battle timer is ON: inactive players will automatically lose when time's up. (requested by SirBoogerBrain)\n|inactive|SirBoogerBrain has 120 seconds left.\n|\n|t:|1700272964\n|start\n|switch|p1a: Torkoal|Torkoal, F, shiny|100\/100\n|switch|p2a: Pyre Raptor|Moltres|100\/100\n|-weather|SunnyDay|[from] ability: Drought|[of] p1a: Torkoal\n|turn|1\n|inactive|SirBoogerBrain has 120 seconds left.\n|\n|t:|1700272998\n|move|p2a: Pyre Raptor|U-turn|p1a: Torkoal\n|-resisted|p1a: Torkoal\n|-damage|p1a: Torkoal|95\/100\n|inactive|SirBoogerBrain has 120 seconds left.\n|\n|t:|1700273011\n|switch|p2a: Abyssal Fin|Garchomp, M|100\/100|[from] U-turn\n|move|p1a: Torkoal|Stealth Rock|p2a: Abyssal Fin\n|-sidestart|p2: SirBoogerBrain|move: Stealth Rock\n|\n|-weather|SunnyDay|[upkeep]\n|upkeep\n|turn|2\n|inactive|SirBoogerBrain has 120 seconds left.\n|\n|t:|1700273028\n|-terastallize|p1a: Torkoal|Ground\n|move|p2a: Abyssal Fin|Stealth Rock|p1a: Torkoal\n|-sidestart|p1: not that good bro|move: Stealth Rock\n|move|p1a: Torkoal|Yawn|p2a: Abyssal Fin\n|-start|p2a: Abyssal Fin|move: Yawn|[of] p1a: Torkoal\n|\n|-weather|SunnyDay|[upkeep]\n|upkeep\n|turn|3\n|inactive|SirBoogerBrain has 120 seconds left.\n|\n|t:|1700273037\n|switch|p2a: Stonebreaker|Great Tusk|100\/100\n|-damage|p2a: Stonebreaker|97\/100|[from] Stealth Rock\n|-activate|p2a: Stonebreaker|ability: Protosynthesis\n|-start|p2a: Stonebreaker|protosynthesisdef\n|move|p1a: Torkoal|Rapid Spin|p2a: Stonebreaker\n|-damage|p2a: Stonebreaker|93\/100\n|-boost|p1a: Torkoal|spe|1\n|-sideend|p1: not that good bro|Stealth Rock|[from] move: Rapid Spin|[of] p1a: Torkoal\n|\n|-weather|SunnyDay|[upkeep]\n|-heal|p2a: Stonebreaker|99\/100|[from] item: Leftovers\n|upkeep\n|turn|4\n|inactive|SirBoogerBrain has 120 seconds left.\n|\n|t:|1700273060\n|switch|p1a: Sandslash|Sandslash-Alola, F|100\/100\n|move|p2a: Stonebreaker|Knock Off|p1a: Sandslash\n|-damage|p1a: Sandslash|79\/100\n|-enditem|p1a: Sandslash|Assault Vest|[from] move: Knock Off|[of] p2a: Stonebreaker\n|\n|-weather|SunnyDay|[upkeep]\n|-heal|p2a: Stonebreaker|100\/100|[from] item: Leftovers\n|upkeep\n|turn|5\n|inactive|SirBoogerBrain has 120 seconds left.\n|\n|t:|1700273073\n|move|p2a: Stonebreaker|Body Press|p1a: Sandslash\n|-supereffective|p1a: Sandslash\n|-damage|p1a: Sandslash|0 fnt\n|faint|p1a: Sandslash\n|\n|-weather|SunnyDay|[upkeep]\n|upkeep\n|\n|t:|1700273084\n|switch|p1a: Coalossal|Coalossal, F, shiny|100\/100\n|turn|6\n|\n|t:|1700273092\n|move|p2a: Stonebreaker|Rapid Spin|p1a: Coalossal\n|-resisted|p1a: Coalossal\n|-damage|p1a: Coalossal|96\/100\n|-boost|p2a: Stonebreaker|spe|1\n|-sideend|p2: SirBoogerBrain|Stealth Rock|[from] move: Rapid Spin|[of] p2a: Stonebreaker\n|move|p1a: Coalossal|Reflect|p1a: Coalossal\n|-sidestart|p1: not that good bro|Reflect\n|\n|-weather|SunnyDay|[upkeep]\n|upkeep\n|turn|7\n|\n|t:|1700273096\n|move|p2a: Stonebreaker|Knock Off|p1a: Coalossal\n|-damage|p1a: Coalossal|87\/100\n|-status|p2a: Stonebreaker|brn|[from] ability: Flame Body|[of] p1a: Coalossal\n|-enditem|p1a: Coalossal|Binding Band|[from] move: Knock Off|[of] p2a: Stonebreaker\n|move|p1a: Coalossal|Sand Tomb|p2a: Stonebreaker\n|-damage|p2a: Stonebreaker|98\/100 brn\n|-activate|p2a: Stonebreaker|move: Sand Tomb|[of] p1a: Coalossal\n|\n|-weather|SunnyDay|[upkeep]\n|-heal|p2a: Stonebreaker|100\/100 brn|[from] item: Leftovers\n|-damage|p2a: Stonebreaker|94\/100 brn|[from] brn\n|-damage|p2a: Stonebreaker|82\/100 brn|[from] move: Sand Tomb|[partiallytrapped]\n|upkeep\n|turn|8\n|\n|t:|1700273110\n|move|p2a: Stonebreaker|Earthquake|p1a: Coalossal\n|-supereffective|p1a: Coalossal\n|-damage|p1a: Coalossal|61\/100\n|move|p1a: Coalossal|Reflect||[still]\n|-fail|p1a: Coalossal\n|\n|-weather|none\n|-end|p2a: Stonebreaker|Protosynthesis\n|-heal|p2a: Stonebreaker|88\/100 brn|[from] item: Leftovers\n|-damage|p2a: Stonebreaker|82\/100 brn|[from] brn\n|-damage|p2a: Stonebreaker|70\/100 brn|[from] move: Sand Tomb|[partiallytrapped]\n|upkeep\n|turn|9\n|\n|t:|1700273130\n|switch|p1a: Jumpluff|Jumpluff, M, shiny|100\/100\n|move|p2a: Stonebreaker|Earthquake|p1a: Jumpluff\n|-immune|p1a: Jumpluff\n|\n|-heal|p2a: Stonebreaker|76\/100 brn|[from] item: Leftovers\n|-damage|p2a: Stonebreaker|70\/100 brn|[from] brn\n|-end|p2a: Stonebreaker|Sand Tomb|[partiallytrapped]|[silent]\n|upkeep\n|turn|10\n|\n|t:|1700273140\n|-end|p2a: Stonebreaker|Protosynthesis|[silent]\n|switch|p2a: Pyre Raptor|Moltres|100\/100\n|move|p1a: Jumpluff|Leech Seed|p2a: Pyre Raptor\n|-start|p2a: Pyre Raptor|move: Leech Seed\n|\n|-damage|p2a: Pyre Raptor|88\/100|[from] Leech Seed|[of] p1a: Jumpluff\n|-sideend|p1: not that good bro|Reflect\n|upkeep\n|turn|11\n|\n|t:|1700273151\n|switch|p1a: Torkoal|Torkoal, F, shiny, tera:Ground|95\/100\n|-weather|SunnyDay|[from] ability: Drought|[of] p1a: Torkoal\n|move|p2a: Pyre Raptor|Will-O-Wisp|p1a: Torkoal\n|-status|p1a: Torkoal|brn\n|\n|-weather|SunnyDay|[upkeep]\n|-damage|p2a: Pyre Raptor|75\/100|[from] Leech Seed|[of] p1a: Torkoal\n|-heal|p1a: Torkoal|100\/100 brn|[silent]\n|-damage|p1a: Torkoal|95\/100 brn|[from] brn\n|upkeep\n|turn|12\n|inactive|SirBoogerBrain has 120 seconds left.\n|\n|t:|1700273188\n|switch|p2a: Abyssal Fin|Garchomp, M|100\/100\n|move|p1a: Torkoal|Stealth Rock|p2a: Abyssal Fin\n|-sidestart|p2: SirBoogerBrain|move: Stealth Rock\n|\n|-weather|SunnyDay|[upkeep]\n|-damage|p1a: Torkoal|89\/100 brn|[from] brn\n|upkeep\n|turn|13\n|\n|t:|1700273211\n|move|p2a: Abyssal Fin|Stealth Rock|p1a: Torkoal\n|-sidestart|p1: not that good bro|move: Stealth Rock\n|move|p1a: Torkoal|Stealth Rock||[still]\n|-fail|p1a: Torkoal\n|\n|-weather|SunnyDay|[upkeep]\n|-damage|p1a: Torkoal|83\/100 brn|[from] brn\n|upkeep\n|turn|14\n|\n|t:|1700273223\n|move|p2a: Abyssal Fin|Earthquake|p1a: Torkoal\n|-damage|p1a: Torkoal|47\/100 brn\n|move|p1a: Torkoal|Yawn|p2a: Abyssal Fin\n|-start|p2a: Abyssal Fin|move: Yawn|[of] p1a: Torkoal\n|\n|-weather|SunnyDay|[upkeep]\n|-damage|p1a: Torkoal|41\/100 brn|[from] brn\n|upkeep\n|turn|15\n|\n|t:|1700273234\n|switch|p2a: Pyre Raptor|Moltres|75\/100\n|switch|p1a: Jumpluff|Jumpluff, M, shiny|100\/100\n|-damage|p1a: Jumpluff|76\/100|[from] Stealth Rock\n|\n|-weather|SunnyDay|[upkeep]\n|upkeep\n|turn|16\n|\n|t:|1700273247\n|switch|p1a: Torkoal|Torkoal, F, shiny, tera:Ground|41\/100 brn\n|-damage|p1a: Torkoal|35\/100 brn|[from] Stealth Rock\n|move|p2a: Pyre Raptor|Will-O-Wisp|p1a: Torkoal|[miss]\n|-miss|p2a: Pyre Raptor|p1a: Torkoal\n|\n|-weather|SunnyDay|[upkeep]\n|-damage|p1a: Torkoal|29\/100 brn|[from] brn\n|upkeep\n|turn|17\n|\n|t:|1700273262\n|move|p2a: Pyre Raptor|U-turn|p1a: Torkoal\n|-damage|p1a: Torkoal|18\/100 brn\n|\n|t:|1700273265\n|switch|p2a: Abyssal Fin|Garchomp, M|100\/100|[from] U-turn\n|-damage|p2a: Abyssal Fin|94\/100|[from] Stealth Rock\n|move|p1a: Torkoal|Rapid Spin|p2a: Abyssal Fin\n|-damage|p2a: Abyssal Fin|90\/100\n|-boost|p1a: Torkoal|spe|1\n|-damage|p1a: Torkoal|6\/100 brn|[from] ability: Rough Skin|[of] p2a: Abyssal Fin\n|-sideend|p1: not that good bro|Stealth Rock|[from] move: Rapid Spin|[of] p1a: Torkoal\n|\n|-weather|SunnyDay|[upkeep]\n|-heal|p2a: Abyssal Fin|96\/100|[from] item: Leftovers\n|-damage|p1a: Torkoal|0 fnt|[from] brn\n|faint|p1a: Torkoal\n|upkeep\n|\n|t:|1700273281\n|switch|p1a: Jumpluff|Jumpluff, M, shiny|76\/100\n|turn|18\n|\n|t:|1700273288\n|move|p1a: Jumpluff|Cotton Guard|p1a: Jumpluff\n|-boost|p1a: Jumpluff|def|3\n|move|p2a: Abyssal Fin|Stone Edge|p1a: Jumpluff|[miss]\n|-miss|p2a: Abyssal Fin|p1a: Jumpluff\n|\n|-weather|none\n|-heal|p2a: Abyssal Fin|100\/100|[from] item: Leftovers\n|upkeep\n|turn|19\n|\n|t:|1700273300\n|move|p2a: Abyssal Fin|Stealth Rock|p1a: Jumpluff\n|-sidestart|p1: not that good bro|move: Stealth Rock\n|move|p1a: Jumpluff|Leech Seed|p2a: Abyssal Fin\n|-start|p2a: Abyssal Fin|move: Leech Seed\n|\n|-damage|p2a: Abyssal Fin|88\/100|[from] Leech Seed|[of] p1a: Jumpluff\n|-heal|p1a: Jumpluff|95\/100|[silent]\n|upkeep\n|turn|20\n|\n|t:|1700273307\n|switch|p2a: Pyre Raptor|Moltres|75\/100\n|move|p1a: Jumpluff|Cotton Guard|p1a: Jumpluff\n|-boost|p1a: Jumpluff|def|3\n|\n|upkeep\n|turn|21\n|\n|t:|1700273316\n|switch|p1a: Coalossal|Coalossal, F, shiny|61\/100\n|-damage|p1a: Coalossal|36\/100|[from] Stealth Rock\n|move|p2a: Pyre Raptor|Will-O-Wisp|p1a: Coalossal\n|-immune|p1a: Coalossal\n|\n|upkeep\n|turn|22\n|\n|t:|1700273335\n|switch|p1a: Zapdos|Zapdos|100\/100\n|-damage|p1a: Zapdos|75\/100|[from] Stealth Rock\n|move|p2a: Pyre Raptor|Roost|p2a: Pyre Raptor\n|-heal|p2a: Pyre Raptor|100\/100\n|-singleturn|p2a: Pyre Raptor|move: Roost\n|\n|upkeep\n|turn|23\n|\n|t:|1700273352\n|switch|p2a: Abyssal Fin|Garchomp, M|88\/100\n|-damage|p2a: Abyssal Fin|82\/100|[from] Stealth Rock\n|move|p1a: Zapdos|Ancient Power|p2a: Abyssal Fin\n|-resisted|p2a: Abyssal Fin\n|-damage|p2a: Abyssal Fin|74\/100\n|-boost|p1a: Zapdos|atk|1\n|-boost|p1a: Zapdos|def|1\n|-boost|p1a: Zapdos|spa|1\n|-boost|p1a: Zapdos|spd|1\n|-boost|p1a: Zapdos|spe|1\n|\n|-heal|p2a: Abyssal Fin|80\/100|[from] item: Leftovers\n|upkeep\n|turn|24\n|\n|t:|1700273373\n|move|p1a: Zapdos|Heat Wave|p2a: Abyssal Fin\n|-resisted|p2a: Abyssal Fin\n|-damage|p2a: Abyssal Fin|61\/100\n|move|p2a: Abyssal Fin|Stone Edge|p1a: Zapdos\n|-supereffective|p1a: Zapdos\n|-crit|p1a: Zapdos\n|-damage|p1a: Zapdos|0 fnt\n|faint|p1a: Zapdos\n|\n|-heal|p2a: Abyssal Fin|67\/100|[from] item: Leftovers\n|upkeep\n|inactive|not that good bro has 120 seconds left.\n|\n|t:|1700273386\n|switch|p1a: Mew|Mew, shiny|100\/100\n|-damage|p1a: Mew|88\/100|[from] Stealth Rock\n|turn|25\n|inactive|not that good bro has 120 seconds left.\n|\n|t:|1700273404\n|move|p1a: Mew|Swords Dance|p1a: Mew\n|-boost|p1a: Mew|atk|2\n|move|p2a: Abyssal Fin|Earthquake|p1a: Mew\n|-damage|p1a: Mew|43\/100\n|\n|-heal|p2a: Abyssal Fin|73\/100|[from] item: Leftovers\n|upkeep\n|turn|26\n|inactive|not that good bro has 120 seconds left.\n|\n|t:|1700273413\n|move|p1a: Mew|Icicle Spear|p2a: Abyssal Fin\n|-supereffective|p2a: Abyssal Fin\n|-damage|p2a: Abyssal Fin|29\/100\n|-supereffective|p2a: Abyssal Fin\n|-crit|p2a: Abyssal Fin\n|-damage|p2a: Abyssal Fin|0 fnt\n|faint|p2a: Abyssal Fin\n|-hitcount|p2: Abyssal Fin|2\n|\n|upkeep\n|\n|t:|1700273428\n|switch|p2a: Pyre Raptor|Moltres|100\/100\n|turn|27\n|\n|t:|1700273433\n|move|p1a: Mew|Rock Blast|p2a: Pyre Raptor\n|-supereffective|p2a: Pyre Raptor\n|-damage|p2a: Pyre Raptor|50\/100\n|-supereffective|p2a: Pyre Raptor\n|-damage|p2a: Pyre Raptor|0 fnt\n|faint|p2a: Pyre Raptor\n|-hitcount|p2: Pyre Raptor|2\n|\n|upkeep\n|\n|t:|1700273447\n|switch|p2a: Star Lance|Iron Valiant|100\/100\n|-damage|p2a: Star Lance|94\/100|[from] Stealth Rock\n|turn|28\n|\n|t:|1700273460\n|move|p2a: Star Lance|Knock Off|p1a: Mew\n|-supereffective|p1a: Mew\n|-damage|p1a: Mew|0 fnt\n|-enditem|p1a: Mew|Loaded Dice|[from] move: Knock Off|[of] p2a: Star Lance\n|faint|p1a: Mew\n|\n|upkeep\n|\n|t:|1700273468\n|switch|p1a: Coalossal|Coalossal, F, shiny|36\/100\n|-damage|p1a: Coalossal|11\/100|[from] Stealth Rock\n|turn|29\n|c|\u2606SirBoogerBrain|cool set. what was the 4th move slot?\n|\n|t:|1700273487\n|move|p2a: Star Lance|Knock Off|p1a: Coalossal\n|-damage|p1a: Coalossal|0 fnt\n|faint|p1a: Coalossal\n|\n|upkeep\n|\n|t:|1700273492\n|switch|p1a: Jumpluff|Jumpluff, M, shiny|95\/100\n|-damage|p1a: Jumpluff|70\/100|[from] Stealth Rock\n|turn|30\n|\n|t:|1700273502\n|-end|p2a: Star Lance|Quark Drive|[silent]\n|switch|p2a: Bloom Warden|Amoonguss, M|100\/100\n|-damage|p2a: Bloom Warden|88\/100|[from] Stealth Rock\n|move|p1a: Jumpluff|Strength Sap|p2a: Bloom Warden\n|-unboost|p2a: Bloom Warden|atk|1\n|-heal|p1a: Jumpluff|100\/100\n|\n|upkeep\n|turn|31\n|\n|t:|1700273512\n|move|p1a: Jumpluff|Cotton Guard|p1a: Jumpluff\n|-boost|p1a: Jumpluff|def|3\n|move|p2a: Bloom Warden|Sludge Bomb|p1a: Jumpluff\n|-supereffective|p1a: Jumpluff\n|-damage|p1a: Jumpluff|63\/100\n|\n|upkeep\n|turn|32\n|\n|t:|1700273524\n|move|p1a: Jumpluff|Leech Seed|p2a: Bloom Warden\n|-immune|p2a: Bloom Warden\n|move|p2a: Bloom Warden|Sludge Bomb|p1a: Jumpluff\n|-supereffective|p1a: Jumpluff\n|-damage|p1a: Jumpluff|20\/100\n|-status|p1a: Jumpluff|psn\n|\n|-damage|p1a: Jumpluff|8\/100 psn|[from] psn\n|upkeep\n|turn|33\n|-message|not that good bro forfeited.\n|\n|win|SirBoogerBrain\n|raw|not that good bro's rating: 1062 &rarr; <strong>1046<\/strong><br \/>(-16 for losing)\n|raw|SirBoogerBrain's rating: 1128 &rarr; <strong>1148<\/strong><br \/>(+20 for winning)\n|l|\u2606not that good bro\n","uploadtime":1700273538,"views":17,"p1id":"notthatgoodbro","p2id":"sirboogerbrain","formatid":"gen9ou","rating":1046,"private":0,"password":""}