{"id":"gen9ou-1996238444","p1":"Mte99","p2":"Zulneily","format":"[Gen 9] OU","log":"|j|\u2606Mte99\n|j|\u2606Zulneily\n|t:|1700662748\n|gametype|singles\n|player|p1|Mte99|n|1361\n|player|p2|Zulneily|hilda-wonderlauncher|1331\n|teamsize|p1|6\n|teamsize|p2|6\n|gen|9\n|tier|[Gen 9] OU\n|rated|\n|rule|Sleep Clause Mod: Limit one foe put to sleep\n|rule|Species Clause: Limit one of each Pok\u00e9mon\n|rule|OHKO Clause: OHKO moves are banned\n|rule|Evasion Items Clause: Evasion items are banned\n|rule|Evasion Moves Clause: Evasion moves are banned\n|rule|Endless Battle Clause: Forcing endless battles is banned\n|rule|HP Percentage Mod: HP is shown in percentages\n|clearpoke\n|poke|p1|Iron Valiant|\n|poke|p1|Gholdengo|\n|poke|p1|Glimmora, F|\n|poke|p1|Ogerpon-Wellspring, F|\n|poke|p1|Kommo-o, M|\n|poke|p1|Grimmsnarl, M|\n|poke|p2|Great Tusk|\n|poke|p2|Dragapult, F|\n|poke|p2|Ogerpon, F|\n|poke|p2|Iron Moth|\n|poke|p2|Toxapex, F|\n|poke|p2|Enamorus, F|\n|teampreview\n|inactive|Battle timer is ON: inactive players will automatically lose when time's up. (requested by Mte99)\n|\n|t:|1700662764\n|start\n|switch|p1a: Glimmora|Glimmora, F|100\/100\n|switch|p2a: Enamorus|Enamorus, F|100\/100\n|turn|1\n|\n|t:|1700662773\n|-terastallize|p2a: Enamorus|Steel\n|move|p2a: Enamorus|Earth Power|p1a: Glimmora\n|-supereffective|p1a: Glimmora\n|-crit|p1a: Glimmora\n|-enditem|p1a: Glimmora|Focus Sash\n|-damage|p1a: Glimmora|1\/100\n|move|p1a: Glimmora|Power Gem|p2a: Enamorus\n|-resisted|p2a: Enamorus\n|-damage|p2a: Enamorus|72\/100\n|\n|upkeep\n|turn|2\n|\n|t:|1700662797\n|move|p2a: Enamorus|Earth Power|p1a: Glimmora\n|-supereffective|p1a: Glimmora\n|-damage|p1a: Glimmora|0 fnt\n|faint|p1a: Glimmora\n|\n|upkeep\n|inactive|Mte99 has 120 seconds left.\n|\n|t:|1700662816\n|switch|p1a: Kommo-o|Kommo-o, M|100\/100\n|turn|3\n|\n|t:|1700662822\n|switch|p2a: Toxapex|Toxapex, F|100\/100\n|move|p1a: Kommo-o|Clangorous Soul|p1a: Kommo-o\n|-boost|p1a: Kommo-o|atk|1\n|-boost|p1a: Kommo-o|def|1\n|-boost|p1a: Kommo-o|spa|1\n|-boost|p1a: Kommo-o|spd|1\n|-boost|p1a: Kommo-o|spe|1\n|-damage|p1a: Kommo-o|68\/100\n|\n|upkeep\n|turn|4\n|\n|t:|1700662833\n|move|p1a: Kommo-o|Clangorous Soul|p1a: Kommo-o\n|-boost|p1a: Kommo-o|atk|1\n|-boost|p1a: Kommo-o|def|1\n|-boost|p1a: Kommo-o|spa|1\n|-boost|p1a: Kommo-o|spd|1\n|-boost|p1a: Kommo-o|spe|1\n|-damage|p1a: Kommo-o|35\/100\n|-enditem|p1a: Kommo-o|Sitrus Berry|[eat]\n|-heal|p1a: Kommo-o|60\/100|[from] item: Sitrus Berry\n|move|p2a: Toxapex|Toxic|p1a: Kommo-o\n|-status|p1a: Kommo-o|tox\n|\n|-damage|p1a: Kommo-o|54\/100 tox|[from] psn\n|upkeep\n|turn|5\n|\n|t:|1700662846\n|move|p1a: Kommo-o|Dragon Claw|p2a: Toxapex\n|-damage|p2a: Toxapex|35\/100\n|move|p2a: Toxapex|Liquidation|p1a: Kommo-o\n|-resisted|p1a: Kommo-o\n|-damage|p1a: Kommo-o|50\/100 tox\n|\n|-heal|p2a: Toxapex|41\/100|[from] item: Leftovers\n|-damage|p1a: Kommo-o|38\/100 tox|[from] psn\n|upkeep\n|turn|6\n|\n|t:|1700662853\n|move|p2a: Toxapex|Baneful Bunker|p2a: Toxapex\n|-singleturn|p2a: Toxapex|move: Protect\n|move|p1a: Kommo-o|Dragon Claw|p2a: Toxapex\n|-activate|p2a: Toxapex|move: Protect\n|\n|-heal|p2a: Toxapex|48\/100|[from] item: Leftovers\n|-damage|p1a: Kommo-o|19\/100 tox|[from] psn\n|upkeep\n|turn|7\n|\n|t:|1700662863\n|switch|p2a: Great Tusk|Great Tusk|100\/100\n|move|p1a: Kommo-o|Dragon Claw|p2a: Great Tusk\n|-damage|p2a: Great Tusk|63\/100\n|\n|-heal|p2a: Great Tusk|69\/100|[from] item: Leftovers\n|-damage|p1a: Kommo-o|0 fnt|[from] psn\n|faint|p1a: Kommo-o\n|upkeep\n|\n|t:|1700662870\n|switch|p1a: Iron Valiant|Iron Valiant|100\/100\n|-enditem|p1a: Iron Valiant|Booster Energy\n|-activate|p1a: Iron Valiant|ability: Quark Drive|[fromitem]\n|-start|p1a: Iron Valiant|quarkdrivespe\n|turn|8\n|inactive|Zulneily has 120 seconds left.\n|\n|t:|1700662907\n|move|p1a: Iron Valiant|Calm Mind|p1a: Iron Valiant\n|-boost|p1a: Iron Valiant|spa|1\n|-boost|p1a: Iron Valiant|spd|1\n|move|p2a: Great Tusk|Stealth Rock|p1a: Iron Valiant\n|-sidestart|p1: Mte99|move: Stealth Rock\n|\n|-heal|p2a: Great Tusk|75\/100|[from] item: Leftovers\n|upkeep\n|turn|9\n|inactive|Zulneily has 120 seconds left.\n|\n|t:|1700662921\n|-end|p2a: Great Tusk|Protosynthesis|[silent]\n|switch|p2a: Enamorus|Enamorus, F, tera:Steel|72\/100\n|move|p1a: Iron Valiant|Moonblast|p2a: Enamorus\n|-resisted|p2a: Enamorus\n|-damage|p2a: Enamorus|25\/100\n|-boost|p2a: Enamorus|spa|1\n|\n|upkeep\n|turn|10\n|inactive|Zulneily has 120 seconds left.\n|\n|t:|1700662930\n|switch|p2a: Dragapult|Dragapult, F|100\/100\n|move|p1a: Iron Valiant|Moonblast|p2a: Dragapult\n|-supereffective|p2a: Dragapult\n|-damage|p2a: Dragapult|0 fnt\n|faint|p2a: Dragapult\n|\n|upkeep\n|inactive|Zulneily has 120 seconds left.\n|\n|t:|1700662937\n|switch|p2a: Toxapex|Toxapex, F|81\/100\n|turn|11\n|\n|t:|1700662941\n|move|p1a: Iron Valiant|Calm Mind|p1a: Iron Valiant\n|-boost|p1a: Iron Valiant|spa|1\n|-boost|p1a: Iron Valiant|spd|1\n|move|p2a: Toxapex|Toxic|p1a: Iron Valiant\n|-status|p1a: Iron Valiant|tox\n|\n|-heal|p2a: Toxapex|87\/100|[from] item: Leftovers\n|-damage|p1a: Iron Valiant|94\/100 tox|[from] psn\n|upkeep\n|turn|12\n|\n|t:|1700662948\n|move|p2a: Toxapex|Baneful Bunker|p2a: Toxapex\n|-singleturn|p2a: Toxapex|move: Protect\n|move|p1a: Iron Valiant|Shadow Ball|p2a: Toxapex\n|-activate|p2a: Toxapex|move: Protect\n|\n|-heal|p2a: Toxapex|93\/100|[from] item: Leftovers\n|-damage|p1a: Iron Valiant|82\/100 tox|[from] psn\n|upkeep\n|turn|13\n|\n|t:|1700662958\n|move|p1a: Iron Valiant|Shadow Ball|p2a: Toxapex\n|-damage|p2a: Toxapex|59\/100\n|move|p2a: Toxapex|Recover|p2a: Toxapex\n|-heal|p2a: Toxapex|100\/100\n|\n|-damage|p1a: Iron Valiant|63\/100 tox|[from] psn\n|upkeep\n|turn|14\n|-message|Mte99 forfeited.\n|\n|win|Zulneily\n|raw|Mte99's rating: 1361 &rarr; <strong>1339<\/strong><br \/>(-22 for losing)\n|raw|Zulneily's rating: 1331 &rarr; <strong>1353<\/strong><br \/>(+22 for winning)\n|l|\u2606Mte99\n","uploadtime":1700662972,"views":0,"p1id":"mte99","p2id":"zulneily","formatid":"gen9ou","rating":1339,"private":0,"password":""}