{"id":"gen9ou-1990118400","p1":"The Russian","p2":"TheCricketLord","format":"[Gen 9] OU","log":"|j|\u2606The Russian\n|j|\u2606TheCricketLord\n|t:|1699926506\n|gametype|singles\n|player|p1|The Russian|alec-anime|1304\n|player|p2|TheCricketLord|2|1391\n|teamsize|p1|6\n|teamsize|p2|6\n|gen|9\n|tier|[Gen 9] OU\n|rated|\n|rule|Sleep Clause Mod: Limit one foe put to sleep\n|rule|Species Clause: Limit one of each Pok\u00e9mon\n|rule|OHKO Clause: OHKO moves are banned\n|rule|Evasion Items Clause: Evasion items are banned\n|rule|Evasion Moves Clause: Evasion moves are banned\n|rule|Endless Battle Clause: Forcing endless battles is banned\n|rule|HP Percentage Mod: HP is shown in percentages\n|clearpoke\n|poke|p1|Glimmora, M|\n|poke|p1|Milotic, M|\n|poke|p1|Zapdos-Galar|\n|poke|p1|Garchomp, M|\n|poke|p1|Tinkaton, F|\n|poke|p1|Chandelure, F|\n|poke|p2|Alomomola, F|\n|poke|p2|Ceruledge, M|\n|poke|p2|Slowking-Galar, F|\n|poke|p2|Kingambit, M|\n|poke|p2|Ting-Lu|\n|poke|p2|Enamorus, F|\n|teampreview\n|\n|t:|1699926518\n|start\n|switch|p1a: Zapdos|Zapdos-Galar|100\/100\n|switch|p2a: Alomomola|Alomomola, F|100\/100\n|turn|1\n|\n|t:|1699926533\n|move|p1a: Zapdos|Thunderous Kick|p2a: Alomomola\n|-damage|p2a: Alomomola|76\/100\n|-unboost|p2a: Alomomola|def|1\n|-enditem|p2a: Alomomola|Red Card|[of] p1a: Zapdos\n|drag|p1a: Garchomp|Garchomp, M|100\/100\n|move|p2a: Alomomola|Scald|p1a: Garchomp\n|-damage|p1a: Garchomp|87\/100\n|-status|p1a: Garchomp|brn\n|\n|-damage|p1a: Garchomp|81\/100 brn|[from] brn\n|upkeep\n|turn|2\n|\n|t:|1699926550\n|switch|p2a: Enamorus|Enamorus, F|100\/100\n|move|p1a: Garchomp|Spikes|p2a: Enamorus\n|-sidestart|p2: TheCricketLord|Spikes\n|\n|-damage|p1a: Garchomp|75\/100 brn|[from] brn\n|upkeep\n|turn|3\n|\n|t:|1699926574\n|switch|p1a: Tinkaton|Tinkaton, F|100\/100\n|-ability|p1a: Tinkaton|Mold Breaker\n|move|p2a: Enamorus|Earth Power|p1a: Tinkaton\n|-supereffective|p1a: Tinkaton\n|-damage|p1a: Tinkaton|45\/100\n|\n|upkeep\n|turn|4\n|\n|t:|1699926583\n|move|p2a: Enamorus|Earth Power|p1a: Tinkaton\n|-supereffective|p1a: Tinkaton\n|-damage|p1a: Tinkaton|0 fnt\n|faint|p1a: Tinkaton\n|\n|upkeep\n|\n|t:|1699926586\n|switch|p1a: Milotic|Milotic, M|100\/100\n|turn|5\n|\n|t:|1699926593\n|move|p2a: Enamorus|Substitute|p2a: Enamorus\n|-start|p2a: Enamorus|Substitute\n|-damage|p2a: Enamorus|76\/100\n|move|p1a: Milotic|Light Screen|p1a: Milotic\n|-sidestart|p1: The Russian|move: Light Screen\n|\n|-status|p1a: Milotic|brn|[from] item: Flame Orb\n|upkeep\n|turn|6\n|\n|t:|1699926602\n|move|p2a: Enamorus|Calm Mind|p2a: Enamorus\n|-boost|p2a: Enamorus|spa|1\n|-boost|p2a: Enamorus|spd|1\n|move|p1a: Milotic|Scald|p2a: Enamorus\n|-end|p2a: Enamorus|Substitute\n|\n|-damage|p1a: Milotic|94\/100 brn|[from] brn\n|upkeep\n|turn|7\n|\n|t:|1699926615\n|move|p2a: Enamorus|Calm Mind|p2a: Enamorus\n|-boost|p2a: Enamorus|spa|1\n|-boost|p2a: Enamorus|spd|1\n|move|p1a: Milotic|Ice Beam|p2a: Enamorus\n|-supereffective|p2a: Enamorus\n|-damage|p2a: Enamorus|47\/100\n|\n|-damage|p1a: Milotic|88\/100 brn|[from] brn\n|upkeep\n|turn|8\n|\n|t:|1699926633\n|move|p2a: Enamorus|Moonblast|p1a: Milotic\n|-damage|p1a: Milotic|53\/100 brn\n|move|p1a: Milotic|Ice Beam|p2a: Enamorus\n|-supereffective|p2a: Enamorus\n|-damage|p2a: Enamorus|17\/100\n|\n|-damage|p1a: Milotic|47\/100 brn|[from] brn\n|upkeep\n|turn|9\n|\n|t:|1699926641\n|move|p2a: Enamorus|Moonblast|p1a: Milotic\n|-damage|p1a: Milotic|10\/100 brn\n|-unboost|p1a: Milotic|spa|1\n|move|p1a: Milotic|Ice Beam|p2a: Enamorus\n|-supereffective|p2a: Enamorus\n|-damage|p2a: Enamorus|0 fnt\n|faint|p2a: Enamorus\n|\n|-damage|p1a: Milotic|4\/100 brn|[from] brn\n|-sideend|p1: The Russian|move: Light Screen\n|upkeep\n|\n|t:|1699926653\n|switch|p2a: Ceruledge|Ceruledge, M|100\/100\n|turn|10\n|\n|t:|1699926660\n|switch|p1a: Garchomp|Garchomp, M|75\/100 brn\n|move|p2a: Ceruledge|Bitter Blade|p1a: Garchomp\n|-resisted|p1a: Garchomp\n|-damage|p1a: Garchomp|61\/100 brn\n|-damage|p2a: Ceruledge|88\/100|[from] ability: Rough Skin|[of] p1a: Garchomp\n|\n|-damage|p1a: Garchomp|55\/100 brn|[from] brn\n|upkeep\n|turn|11\n|\n|t:|1699926667\n|switch|p2a: Alomomola|Alomomola, F|100\/100\n|-damage|p2a: Alomomola|88\/100|[from] Spikes\n|move|p1a: Garchomp|Dragon Tail|p2a: Alomomola\n|-crit|p2a: Alomomola\n|-damage|p2a: Alomomola|78\/100\n|drag|p2a: Ting-Lu|Ting-Lu|100\/100\n|-ability|p2a: Ting-Lu|Vessel of Ruin\n|\n|-damage|p1a: Garchomp|49\/100 brn|[from] brn\n|upkeep\n|-enditem|p1a: Garchomp|Sitrus Berry|[eat]\n|-heal|p1a: Garchomp|74\/100 brn|[from] item: Sitrus Berry\n|turn|12\n|\n|t:|1699926682\n|move|p1a: Garchomp|Spikes|p2a: Ting-Lu\n|-sidestart|p2: TheCricketLord|Spikes\n|move|p2a: Ting-Lu|Spikes|p1a: Garchomp\n|-sidestart|p1: The Russian|Spikes\n|\n|-damage|p1a: Garchomp|68\/100 brn|[from] brn\n|upkeep\n|turn|13\n|\n|t:|1699926685\n|move|p1a: Garchomp|Spikes|p2a: Ting-Lu\n|-sidestart|p2: TheCricketLord|Spikes\n|move|p2a: Ting-Lu|Spikes|p1a: Garchomp\n|-sidestart|p1: The Russian|Spikes\n|\n|-damage|p1a: Garchomp|62\/100 brn|[from] brn\n|upkeep\n|turn|14\n|\n|t:|1699926687\n|move|p2a: Ting-Lu|Spikes|p1a: Garchomp\n|-sidestart|p1: The Russian|Spikes\n|move|p1a: Garchomp|Dragon Tail|p2a: Ting-Lu\n|-damage|p2a: Ting-Lu|95\/100\n|drag|p2a: Kingambit|Kingambit, M|100\/100\n|-activate|p2a: Kingambit|ability: Supreme Overlord\n|-start|p2a: Kingambit|fallen1|[silent]\n|\n|-damage|p1a: Garchomp|56\/100 brn|[from] brn\n|upkeep\n|turn|15\n|\n|t:|1699926700\n|move|p2a: Kingambit|Kowtow Cleave|p1a: Garchomp\n|-damage|p1a: Garchomp|19\/100 brn\n|-damage|p2a: Kingambit|88\/100|[from] ability: Rough Skin|[of] p1a: Garchomp\n|move|p1a: Garchomp|Dragon Tail|p2a: Kingambit\n|-resisted|p2a: Kingambit\n|-damage|p2a: Kingambit|84\/100\n|-end|p2a: Kingambit|fallen1|[silent]\n|drag|p2a: Slowking|Slowking-Galar, F|100\/100\n|\n|-damage|p1a: Garchomp|13\/100 brn|[from] brn\n|upkeep\n|turn|16\n|\n|t:|1699926713\n|move|p1a: Garchomp|Earthquake|p2a: Slowking\n|-supereffective|p2a: Slowking\n|-damage|p2a: Slowking|46\/100\n|move|p2a: Slowking|Future Sight|p1a: Garchomp\n|-start|p2a: Slowking|move: Future Sight\n|\n|-damage|p1a: Garchomp|6\/100 brn|[from] brn\n|upkeep\n|turn|17\n|\n|t:|1699926722\n|switch|p2a: Alomomola|Alomomola, F|100\/100\n|-damage|p2a: Alomomola|76\/100|[from] Spikes\n|move|p1a: Garchomp|Earthquake|p2a: Alomomola\n|-damage|p2a: Alomomola|63\/100\n|\n|-damage|p1a: Garchomp|0 fnt|[from] brn\n|faint|p1a: Garchomp\n|upkeep\n|\n|t:|1699926742\n|switch|p1a: Glimmora|Glimmora, M|100\/100\n|-damage|p1a: Glimmora|76\/100|[from] Spikes\n|turn|18\n|\n|t:|1699926749\n|switch|p2a: Ting-Lu|Ting-Lu|95\/100\n|-ability|p2a: Ting-Lu|Vessel of Ruin\n|move|p1a: Glimmora|Mortal Spin|p2a: Ting-Lu\n|-resisted|p2a: Ting-Lu\n|-damage|p2a: Ting-Lu|94\/100\n|-status|p2a: Ting-Lu|psn\n|-sideend|p1: The Russian|Spikes|[from] move: Mortal Spin|[of] p1a: Glimmora\n|\n|-end|p1a: Glimmora|move: Future Sight\n|-supereffective|p1a: Glimmora\n|-damage|p1a: Glimmora|13\/100\n|-damage|p2a: Ting-Lu|82\/100 psn|[from] psn\n|upkeep\n|turn|19\n|\n|t:|1699926764\n|move|p1a: Glimmora|Dazzling Gleam|p2a: Ting-Lu\n|-supereffective|p2a: Ting-Lu\n|-damage|p2a: Ting-Lu|48\/100 psn\n|move|p2a: Ting-Lu|Earthquake|p1a: Glimmora\n|-supereffective|p1a: Glimmora\n|-damage|p1a: Glimmora|0 fnt\n|-activate|p1a: Glimmora|ability: Toxic Debris\n|-sidestart|p2: TheCricketLord|move: Toxic Spikes\n|faint|p1a: Glimmora\n|\n|-damage|p2a: Ting-Lu|36\/100 psn|[from] psn\n|upkeep\n|\n|t:|1699926771\n|switch|p1a: Milotic|Milotic, M|4\/100 brn\n|turn|20\n|\n|t:|1699926777\n|move|p1a: Milotic|Recover|p1a: Milotic\n|-heal|p1a: Milotic|54\/100 brn\n|move|p2a: Ting-Lu|Spikes|p1a: Milotic\n|-sidestart|p1: The Russian|Spikes\n|\n|-damage|p2a: Ting-Lu|23\/100 psn|[from] psn\n|-damage|p1a: Milotic|48\/100 brn|[from] brn\n|upkeep\n|turn|21\n|\n|t:|1699926790\n|move|p1a: Milotic|Scald|p2a: Ting-Lu\n|-supereffective|p2a: Ting-Lu\n|-damage|p2a: Ting-Lu|0 fnt\n|faint|p2a: Ting-Lu\n|\n|-damage|p1a: Milotic|42\/100 brn|[from] brn\n|upkeep\n|\n|t:|1699926800\n|switch|p2a: Ceruledge|Ceruledge, M|88\/100\n|turn|22\n|\n|t:|1699926811\n|move|p2a: Ceruledge|Swords Dance|p2a: Ceruledge\n|-boost|p2a: Ceruledge|atk|2\n|move|p1a: Milotic|Recover|p1a: Milotic\n|-heal|p1a: Milotic|92\/100 brn\n|\n|-damage|p1a: Milotic|86\/100 brn|[from] brn\n|upkeep\n|turn|23\n|\n|t:|1699926814\n|move|p2a: Ceruledge|Poltergeist|p1a: Milotic\n|-activate|p1a: Milotic|move: Poltergeist|Flame Orb\n|-damage|p1a: Milotic|30\/100 brn\n|move|p1a: Milotic|Scald|p2a: Ceruledge\n|-supereffective|p2a: Ceruledge\n|-damage|p2a: Ceruledge|18\/100\n|\n|-damage|p1a: Milotic|24\/100 brn|[from] brn\n|upkeep\n|turn|24\n|\n|t:|1699926826\n|move|p2a: Ceruledge|Poltergeist|p1a: Milotic\n|-activate|p1a: Milotic|move: Poltergeist|Flame Orb\n|-damage|p1a: Milotic|0 fnt\n|faint|p1a: Milotic\n|\n|upkeep\n|\n|t:|1699926829\n|switch|p1a: Zapdos|Zapdos-Galar|100\/100\n|turn|25\n|\n|t:|1699926839\n|move|p2a: Ceruledge|Shadow Sneak|p1a: Zapdos\n|-damage|p1a: Zapdos|53\/100\n|move|p1a: Zapdos|Thunderous Kick|p2a: Ceruledge\n|-immune|p2a: Ceruledge\n|\n|upkeep\n|turn|26\n|\n|t:|1699926846\n|move|p2a: Ceruledge|Shadow Sneak|p1a: Zapdos\n|-damage|p1a: Zapdos|9\/100\n|move|p1a: Zapdos|Brave Bird|p2a: Ceruledge\n|-damage|p2a: Ceruledge|0 fnt\n|faint|p2a: Ceruledge\n|-damage|p1a: Zapdos|4\/100|[from] Recoil\n|\n|upkeep\n|\n|t:|1699926856\n|switch|p2a: Kingambit|Kingambit, M|84\/100\n|-activate|p2a: Kingambit|ability: Supreme Overlord\n|-start|p2a: Kingambit|fallen3|[silent]\n|turn|27\n|\n|t:|1699926873\n|move|p2a: Kingambit|Sucker Punch|p1a: Zapdos\n|-resisted|p1a: Zapdos\n|-damage|p1a: Zapdos|0 fnt\n|faint|p1a: Zapdos\n|\n|upkeep\n|\n|t:|1699926875\n|switch|p1a: Chandelure|Chandelure, F, shiny|100\/100\n|turn|28\n|\n|t:|1699926885\n|-terastallize|p1a: Chandelure|Fairy\n|-terastallize|p2a: Kingambit|Flying\n|move|p1a: Chandelure|Will-O-Wisp|p2a: Kingambit|[miss]\n|-miss|p1a: Chandelure|p2a: Kingambit\n|move|p2a: Kingambit|Kowtow Cleave|p1a: Chandelure\n|-resisted|p1a: Chandelure\n|-damage|p1a: Chandelure|58\/100\n|\n|upkeep\n|turn|29\n|\n|t:|1699926891\n|move|p1a: Chandelure|Will-O-Wisp|p2a: Kingambit\n|-status|p2a: Kingambit|brn\n|move|p2a: Kingambit|Iron Head|p1a: Chandelure\n|-supereffective|p1a: Chandelure\n|-damage|p1a: Chandelure|0 fnt\n|faint|p1a: Chandelure\n|\n|win|TheCricketLord\n|raw|The Russian's rating: 1304 &rarr; <strong>1289<\/strong><br \/>(-15 for losing)\n|raw|TheCricketLord's rating: 1391 &rarr; <strong>1406<\/strong><br \/>(+15 for winning)\n|l|\u2606The Russian\n","uploadtime":1699926913,"views":19,"p1id":"therussian","p2id":"thecricketlord","formatid":"gen9ou","rating":1289,"private":0,"password":""}