{"id":"gen9ou-1988450218","p1":"Neon83","p2":"themegastoner","format":"[Gen 9] OU","log":"|j|\u2606Neon83\n|j|\u2606themegastoner\n|t:|1699724237\n|gametype|singles\n|player|p1|Neon83|acetrainerf-gen4dp|1429\n|player|p2|themegastoner|101|1346\n|teamsize|p1|6\n|teamsize|p2|6\n|gen|9\n|tier|[Gen 9] OU\n|rated|\n|rule|Sleep Clause Mod: Limit one foe put to sleep\n|rule|Species Clause: Limit one of each Pok\u00e9mon\n|rule|OHKO Clause: OHKO moves are banned\n|rule|Evasion Items Clause: Evasion items are banned\n|rule|Evasion Moves Clause: Evasion moves are banned\n|rule|Endless Battle Clause: Forcing endless battles is banned\n|rule|HP Percentage Mod: HP is shown in percentages\n|clearpoke\n|poke|p1|Rillaboom, M|\n|poke|p1|Amoonguss, F|\n|poke|p1|Sneasler, F|\n|poke|p1|Heatran, F|\n|poke|p1|Great Tusk|\n|poke|p1|Iron Valiant|\n|poke|p2|Great Tusk|\n|poke|p2|Samurott-Hisui, F|\n|poke|p2|Corviknight, F|\n|poke|p2|Gholdengo|\n|poke|p2|Garganacl, F|\n|poke|p2|Dragonite, F|\n|teampreview\n|inactive|Battle timer is ON: inactive players will automatically lose when time's up. (requested by Neon83)\n|\n|t:|1699724256\n|start\n|switch|p1a: Rillaboom|Rillaboom, M|100\/100\n|switch|p2a: Corviknight|Corviknight, F|100\/100\n|-fieldstart|move: Grassy Terrain|[from] ability: Grassy Surge|[of] p1a: Rillaboom\n|-ability|p2a: Corviknight|Pressure\n|turn|1\n|\n|t:|1699724266\n|move|p1a: Rillaboom|U-turn|p2a: Corviknight\n|-resisted|p2a: Corviknight\n|-crit|p2a: Corviknight\n|-damage|p2a: Corviknight|92\/100\n|l|\u2606Neon83\n|inactive|Neon83 disconnected and has a minute to reconnect!\n|player|p1|\n|j|\u2606Neon83\n|inactive|Neon83 reconnected and has 145 seconds left.\n|player|p1|Neon83|acetrainerf-gen4dp\n|\n|t:|1699724277\n|switch|p1a: Heatran|Heatran, F|100\/100|[from] U-turn\n|move|p2a: Corviknight|Brave Bird|p1a: Heatran\n|-resisted|p1a: Heatran\n|-damage|p1a: Heatran|84\/100\n|-damage|p2a: Corviknight|87\/100|[from] Recoil\n|\n|-heal|p1a: Heatran|90\/100|[from] Grassy Terrain\n|-heal|p1a: Heatran|96\/100|[from] item: Leftovers\n|-heal|p2a: Corviknight|93\/100|[from] item: Leftovers\n|upkeep\n|turn|2\n|\n|t:|1699724297\n|switch|p2a: Samurott|Samurott-Hisui, F|100\/100\n|move|p1a: Heatran|Magma Storm|p2a: Samurott\n|-resisted|p2a: Samurott\n|-damage|p2a: Samurott|79\/100\n|-activate|p2a: Samurott|move: Magma Storm|[of] p1a: Heatran\n|\n|-heal|p2a: Samurott|86\/100|[from] Grassy Terrain\n|-heal|p1a: Heatran|100\/100|[from] Grassy Terrain\n|-damage|p2a: Samurott|73\/100|[from] move: Magma Storm|[partiallytrapped]\n|upkeep\n|turn|3\n|\n|t:|1699724311\n|move|p1a: Heatran|Protect|p1a: Heatran\n|-singleturn|p1a: Heatran|Protect\n|move|p2a: Samurott|Ceaseless Edge|p1a: Heatran\n|-activate|p1a: Heatran|move: Protect\n|\n|-heal|p2a: Samurott|79\/100|[from] Grassy Terrain\n|-damage|p2a: Samurott|67\/100|[from] move: Magma Storm|[partiallytrapped]\n|upkeep\n|turn|4\n|\n|t:|1699724325\n|move|p2a: Samurott|Knock Off|p1a: Heatran\n|-damage|p1a: Heatran|64\/100\n|-enditem|p1a: Heatran|Leftovers|[from] move: Knock Off|[of] p2a: Samurott\n|move|p1a: Heatran|Earth Power|p2a: Samurott\n|-damage|p2a: Samurott|43\/100\n|\n|-heal|p2a: Samurott|49\/100|[from] Grassy Terrain\n|-heal|p1a: Heatran|71\/100|[from] Grassy Terrain\n|-damage|p2a: Samurott|36\/100|[from] move: Magma Storm|[partiallytrapped]\n|upkeep\n|turn|5\n|\n|t:|1699724335\n|move|p1a: Heatran|Protect|p1a: Heatran\n|-singleturn|p1a: Heatran|Protect\n|move|p2a: Samurott|Razor Shell|p1a: Heatran\n|-activate|p1a: Heatran|move: Protect\n|\n|-heal|p2a: Samurott|43\/100|[from] Grassy Terrain\n|-heal|p1a: Heatran|77\/100|[from] Grassy Terrain\n|-damage|p2a: Samurott|30\/100|[from] move: Magma Storm|[partiallytrapped]\n|upkeep\n|turn|6\n|\n|t:|1699724344\n|switch|p1a: Amoonguss|Amoonguss, F|100\/100\n|move|p2a: Samurott|Ceaseless Edge|p1a: Amoonguss\n|-damage|p1a: Amoonguss|69\/100\n|-damage|p2a: Samurott|14\/100|[from] item: Rocky Helmet|[of] p1a: Amoonguss\n|-sidestart|p1: Neon83|Spikes\n|\n|-heal|p2a: Samurott|20\/100|[from] Grassy Terrain\n|-heal|p1a: Amoonguss|75\/100|[from] Grassy Terrain\n|-end|p2a: Samurott|Magma Storm|[partiallytrapped]\n|upkeep\n|turn|7\n|\n|t:|1699724357\n|move|p2a: Samurott|Knock Off|p1a: Amoonguss\n|-damage|p1a: Amoonguss|43\/100\n|-damage|p2a: Samurott|3\/100|[from] item: Rocky Helmet|[of] p1a: Amoonguss\n|-enditem|p1a: Amoonguss|Rocky Helmet|[from] move: Knock Off|[of] p2a: Samurott\n|move|p1a: Amoonguss|Foul Play|p2a: Samurott\n|-resisted|p2a: Samurott\n|-damage|p2a: Samurott|0 fnt\n|faint|p2a: Samurott\n|\n|-heal|p1a: Amoonguss|50\/100|[from] Grassy Terrain\n|upkeep\n|\n|t:|1699724368\n|switch|p2a: Gholdengo|Gholdengo|100\/100\n|turn|8\n|\n|t:|1699724381\n|switch|p1a: Heatran|Heatran, F|77\/100\n|-damage|p1a: Heatran|64\/100|[from] Spikes\n|move|p2a: Gholdengo|Shadow Ball|p1a: Heatran\n|-damage|p1a: Heatran|39\/100\n|\n|-heal|p1a: Heatran|45\/100|[from] Grassy Terrain\n|-fieldend|move: Grassy Terrain\n|upkeep\n|turn|9\n|\n|t:|1699724389\n|switch|p2a: Garganacl|Garganacl, F|100\/100\n|move|p1a: Heatran|Magma Storm|p2a: Garganacl\n|-resisted|p2a: Garganacl\n|-damage|p2a: Garganacl|82\/100\n|-activate|p2a: Garganacl|move: Magma Storm|[of] p1a: Heatran\n|\n|-heal|p2a: Garganacl|88\/100|[from] item: Leftovers\n|-damage|p2a: Garganacl|75\/100|[from] move: Magma Storm|[partiallytrapped]\n|upkeep\n|turn|10\n|\n|t:|1699724400\n|-terastallize|p2a: Garganacl|Water\n|move|p1a: Heatran|Protect|p1a: Heatran\n|-singleturn|p1a: Heatran|Protect\n|move|p2a: Garganacl|Recover|p2a: Garganacl\n|-heal|p2a: Garganacl|100\/100\n|\n|-damage|p2a: Garganacl|88\/100|[from] move: Magma Storm|[partiallytrapped]\n|upkeep\n|turn|11\n|\n|t:|1699724414\n|switch|p1a: Rillaboom|Rillaboom, M|100\/100\n|-damage|p1a: Rillaboom|88\/100|[from] Spikes\n|-fieldstart|move: Grassy Terrain|[from] ability: Grassy Surge|[of] p1a: Rillaboom\n|move|p2a: Garganacl|Salt Cure|p1a: Rillaboom\n|-damage|p1a: Rillaboom|75\/100\n|-start|p1a: Rillaboom|Salt Cure\n|\n|-heal|p1a: Rillaboom|81\/100|[from] Grassy Terrain\n|-heal|p2a: Garganacl|94\/100|[from] Grassy Terrain\n|-heal|p2a: Garganacl|100\/100|[from] item: Leftovers\n|-damage|p1a: Rillaboom|69\/100|[from] Salt Cure\n|-end|p2a: Garganacl|Magma Storm|[partiallytrapped]|[silent]\n|upkeep\n|turn|12\n|\n|t:|1699724421\n|switch|p2a: Corviknight|Corviknight, F|93\/100\n|-ability|p2a: Corviknight|Pressure\n|move|p1a: Rillaboom|Grassy Glide|p2a: Corviknight\n|-resisted|p2a: Corviknight\n|-damage|p2a: Corviknight|85\/100\n|\n|-heal|p1a: Rillaboom|75\/100|[from] Grassy Terrain\n|-heal|p2a: Corviknight|91\/100|[from] item: Leftovers\n|-damage|p1a: Rillaboom|63\/100|[from] Salt Cure\n|upkeep\n|turn|13\n|\n|t:|1699724428\n|switch|p1a: Heatran|Heatran, F|45\/100\n|-damage|p1a: Heatran|32\/100|[from] Spikes\n|move|p2a: Corviknight|U-turn|p1a: Heatran\n|-resisted|p1a: Heatran\n|-damage|p1a: Heatran|29\/100\n|\n|t:|1699724434\n|switch|p2a: Garganacl|Garganacl, F, tera:Water|100\/100|[from] U-turn\n|\n|-heal|p1a: Heatran|35\/100|[from] Grassy Terrain\n|upkeep\n|turn|14\n|\n|t:|1699724440\n|move|p1a: Heatran|Protect|p1a: Heatran\n|-singleturn|p1a: Heatran|Protect\n|move|p2a: Garganacl|Stealth Rock|p1a: Heatran\n|-sidestart|p1: Neon83|move: Stealth Rock\n|\n|-heal|p1a: Heatran|42\/100|[from] Grassy Terrain\n|upkeep\n|turn|15\n|\n|t:|1699724451\n|switch|p1a: Great Tusk|Great Tusk|100\/100\n|-damage|p1a: Great Tusk|88\/100|[from] Spikes\n|-damage|p1a: Great Tusk|85\/100|[from] Stealth Rock\n|move|p2a: Garganacl|Salt Cure|p1a: Great Tusk\n|-resisted|p1a: Great Tusk\n|-damage|p1a: Great Tusk|82\/100\n|-start|p1a: Great Tusk|Salt Cure\n|\n|-heal|p1a: Great Tusk|89\/100|[from] Grassy Terrain\n|-heal|p1a: Great Tusk|95\/100|[from] item: Leftovers\n|-damage|p1a: Great Tusk|82\/100|[from] Salt Cure\n|upkeep\n|turn|16\n|\n|t:|1699724461\n|move|p1a: Great Tusk|Rapid Spin|p2a: Garganacl\n|-damage|p2a: Garganacl|91\/100\n|-boost|p1a: Great Tusk|spe|1\n|-sideend|p1: Neon83|Spikes|[from] move: Rapid Spin|[of] p1a: Great Tusk\n|-sideend|p1: Neon83|Stealth Rock|[from] move: Rapid Spin|[of] p1a: Great Tusk\n|move|p2a: Garganacl|Curse|p2a: Garganacl\n|-unboost|p2a: Garganacl|spe|1\n|-boost|p2a: Garganacl|atk|1\n|-boost|p2a: Garganacl|def|1\n|\n|-heal|p1a: Great Tusk|89\/100|[from] Grassy Terrain\n|-heal|p1a: Great Tusk|95\/100|[from] item: Leftovers\n|-heal|p2a: Garganacl|97\/100|[from] Grassy Terrain\n|-heal|p2a: Garganacl|100\/100|[from] item: Leftovers\n|-damage|p1a: Great Tusk|82\/100|[from] Salt Cure\n|upkeep\n|turn|17\n|\n|t:|1699724470\n|-end|p1a: Great Tusk|Protosynthesis|[silent]\n|switch|p1a: Iron Valiant|Iron Valiant|100\/100\n|move|p2a: Garganacl|Curse|p2a: Garganacl\n|-unboost|p2a: Garganacl|spe|1\n|-boost|p2a: Garganacl|atk|1\n|-boost|p2a: Garganacl|def|1\n|\n|upkeep\n|turn|18\n|\n|t:|1699724479\n|move|p1a: Iron Valiant|Trick|p2a: Garganacl\n|-activate|p1a: Iron Valiant|move: Trick|[of] p2a: Garganacl\n|-item|p2a: Garganacl|Choice Scarf|[from] move: Trick\n|-item|p1a: Iron Valiant|Leftovers|[from] move: Trick\n|move|p2a: Garganacl|Recover||[still]\n|-fail|p2a: Garganacl|heal\n|\n|-fieldend|move: Grassy Terrain\n|upkeep\n|turn|19\n|\n|t:|1699724490\n|-end|p1a: Iron Valiant|Quark Drive|[silent]\n|switch|p1a: Rillaboom|Rillaboom, M|63\/100\n|-fieldstart|move: Grassy Terrain|[from] ability: Grassy Surge|[of] p1a: Rillaboom\n|switch|p2a: Corviknight|Corviknight, F|91\/100\n|-ability|p2a: Corviknight|Pressure\n|\n|-heal|p1a: Rillaboom|69\/100|[from] Grassy Terrain\n|-heal|p2a: Corviknight|97\/100|[from] item: Leftovers\n|upkeep\n|turn|20\n|\n|t:|1699724497\n|switch|p1a: Heatran|Heatran, F|42\/100\n|move|p2a: Corviknight|Body Press|p1a: Heatran\n|-supereffective|p1a: Heatran\n|-damage|p1a: Heatran|8\/100\n|\n|-heal|p1a: Heatran|14\/100|[from] Grassy Terrain\n|-heal|p2a: Corviknight|100\/100|[from] item: Leftovers\n|upkeep\n|turn|21\n|\n|t:|1699724506\n|switch|p2a: Garganacl|Garganacl, F, tera:Water|100\/100\n|move|p1a: Heatran|Magma Storm|p2a: Garganacl|[miss]\n|-miss|p1a: Heatran|p2a: Garganacl\n|\n|-heal|p1a: Heatran|20\/100|[from] Grassy Terrain\n|upkeep\n|turn|22\n|\n|t:|1699724513\n|switch|p1a: Great Tusk|Great Tusk|82\/100\n|move|p2a: Garganacl|Salt Cure|p1a: Great Tusk\n|-resisted|p1a: Great Tusk\n|-damage|p1a: Great Tusk|80\/100\n|-start|p1a: Great Tusk|Salt Cure\n|\n|-heal|p1a: Great Tusk|86\/100|[from] Grassy Terrain\n|-heal|p1a: Great Tusk|92\/100|[from] item: Leftovers\n|-damage|p1a: Great Tusk|80\/100|[from] Salt Cure\n|upkeep\n|turn|23\n|\n|t:|1699724519\n|move|p1a: Great Tusk|Stealth Rock|p2a: Garganacl\n|-sidestart|p2: themegastoner|move: Stealth Rock\n|move|p2a: Garganacl|Salt Cure|p1a: Great Tusk\n|-resisted|p1a: Great Tusk\n|-damage|p1a: Great Tusk|77\/100\n|\n|-heal|p1a: Great Tusk|84\/100|[from] Grassy Terrain\n|-heal|p1a: Great Tusk|90\/100|[from] item: Leftovers\n|-damage|p1a: Great Tusk|77\/100|[from] Salt Cure\n|upkeep\n|turn|24\n|\n|t:|1699724535\n|-end|p1a: Great Tusk|Protosynthesis|[silent]\n|switch|p1a: Sneasler|Sneasler, F|100\/100\n|-enditem|p1a: Sneasler|Grassy Seed\n|-boost|p1a: Sneasler|def|1|[from] item: Grassy Seed\n|move|p2a: Garganacl|Salt Cure|p1a: Sneasler\n|-resisted|p1a: Sneasler\n|-damage|p1a: Sneasler|93\/100\n|-start|p1a: Sneasler|Salt Cure\n|\n|-heal|p1a: Sneasler|99\/100|[from] Grassy Terrain\n|-damage|p1a: Sneasler|86\/100|[from] Salt Cure\n|upkeep\n|turn|25\n|\n|t:|1699724546\n|switch|p2a: Gholdengo|Gholdengo|100\/100\n|-damage|p2a: Gholdengo|94\/100|[from] Stealth Rock\n|move|p1a: Sneasler|Swords Dance|p1a: Sneasler\n|-boost|p1a: Sneasler|atk|2\n|\n|-heal|p1a: Sneasler|92\/100|[from] Grassy Terrain\n|-heal|p2a: Gholdengo|100\/100|[from] Grassy Terrain\n|-damage|p1a: Sneasler|80\/100|[from] Salt Cure\n|upkeep\n|turn|26\n|\n|t:|1699724555\n|move|p1a: Sneasler|Shadow Claw|p2a: Gholdengo\n|-supereffective|p2a: Gholdengo\n|-damage|p2a: Gholdengo|0 fnt\n|faint|p2a: Gholdengo\n|\n|-heal|p1a: Sneasler|86\/100|[from] Grassy Terrain\n|-damage|p1a: Sneasler|74\/100|[from] Salt Cure\n|-fieldend|move: Grassy Terrain\n|upkeep\n|\n|t:|1699724571\n|switch|p2a: Dragonite|Dragonite, F|100\/100\n|turn|27\n|\n|t:|1699724594\n|move|p1a: Sneasler|Acrobatics|p2a: Dragonite\n|-damage|p2a: Dragonite|55\/100\n|move|p2a: Dragonite|Dragon Dance|p2a: Dragonite\n|-boost|p2a: Dragonite|atk|1\n|-boost|p2a: Dragonite|spe|1\n|\n|-damage|p1a: Sneasler|61\/100|[from] Salt Cure\n|upkeep\n|turn|28\n|\n|t:|1699724601\n|move|p2a: Dragonite|Extreme Speed|p1a: Sneasler\n|-damage|p1a: Sneasler|12\/100\n|move|p1a: Sneasler|Acrobatics|p2a: Dragonite\n|-damage|p2a: Dragonite|0 fnt\n|faint|p2a: Dragonite\n|\n|-damage|p1a: Sneasler|0 fnt|[from] Salt Cure\n|faint|p1a: Sneasler\n|upkeep\n|\n|t:|1699724612\n|switch|p1a: Heatran|Heatran, F|20\/100\n|switch|p2a: Garganacl|Garganacl, F, tera:Water|100\/100\n|-damage|p2a: Garganacl|88\/100|[from] Stealth Rock\n|turn|29\n|\n|t:|1699724621\n|move|p1a: Heatran|Protect|p1a: Heatran\n|-singleturn|p1a: Heatran|Protect\n|move|p2a: Garganacl|Stealth Rock|p1a: Heatran\n|-sidestart|p1: Neon83|move: Stealth Rock\n|\n|upkeep\n|turn|30\n|\n|t:|1699724627\n|switch|p1a: Great Tusk|Great Tusk|77\/100\n|-damage|p1a: Great Tusk|74\/100|[from] Stealth Rock\n|move|p2a: Garganacl|Stealth Rock||[still]\n|-fail|p2a: Garganacl\n|\n|-heal|p1a: Great Tusk|81\/100|[from] item: Leftovers\n|upkeep\n|turn|31\n|\n|t:|1699724630\n|switch|p2a: Corviknight|Corviknight, F|100\/100\n|-damage|p2a: Corviknight|88\/100|[from] Stealth Rock\n|-ability|p2a: Corviknight|Pressure\n|move|p1a: Great Tusk|Rapid Spin|p2a: Corviknight\n|-resisted|p2a: Corviknight\n|-damage|p2a: Corviknight|81\/100\n|-boost|p1a: Great Tusk|spe|1\n|-sideend|p1: Neon83|Stealth Rock|[from] move: Rapid Spin|[of] p1a: Great Tusk\n|\n|-heal|p1a: Great Tusk|87\/100|[from] item: Leftovers\n|-heal|p2a: Corviknight|87\/100|[from] item: Leftovers\n|upkeep\n|turn|32\n|\n|t:|1699724640\n|-end|p1a: Great Tusk|Protosynthesis|[silent]\n|switch|p1a: Heatran|Heatran, F|20\/100\n|move|p2a: Corviknight|Body Press|p1a: Heatran\n|-supereffective|p1a: Heatran\n|-damage|p1a: Heatran|0 fnt\n|faint|p1a: Heatran\n|\n|-heal|p2a: Corviknight|93\/100|[from] item: Leftovers\n|upkeep\n|\n|t:|1699724645\n|switch|p1a: Amoonguss|Amoonguss, F|83\/100\n|turn|33\n|\n|t:|1699724652\n|move|p2a: Corviknight|U-turn|p1a: Amoonguss\n|-damage|p1a: Amoonguss|72\/100\n|\n|t:|1699724654\n|switch|p2a: Garganacl|Garganacl, F, tera:Water|88\/100|[from] U-turn\n|-damage|p2a: Garganacl|76\/100|[from] Stealth Rock\n|move|p1a: Amoonguss|Spore|p2a: Garganacl\n|-immune|p2a: Garganacl|[from] ability: Purifying Salt\n|\n|upkeep\n|turn|34\n|\n|t:|1699724660\n|move|p2a: Garganacl|Salt Cure|p1a: Amoonguss\n|-damage|p1a: Amoonguss|62\/100\n|-start|p1a: Amoonguss|Salt Cure\n|move|p1a: Amoonguss|Giga Drain|p2a: Garganacl\n|-supereffective|p2a: Garganacl\n|-damage|p2a: Garganacl|37\/100\n|-heal|p1a: Amoonguss|80\/100|[from] drain|[of] p2a: Garganacl\n|\n|-damage|p1a: Amoonguss|68\/100|[from] Salt Cure\n|upkeep\n|turn|35\n|\n|t:|1699724673\n|move|p2a: Garganacl|Salt Cure|p1a: Amoonguss\n|-damage|p1a: Amoonguss|58\/100\n|move|p1a: Amoonguss|Giga Drain|p2a: Garganacl\n|-supereffective|p2a: Garganacl\n|-damage|p2a: Garganacl|0 fnt\n|-heal|p1a: Amoonguss|75\/100|[from] drain|[of] p2a: Garganacl\n|faint|p2a: Garganacl\n|\n|-damage|p1a: Amoonguss|63\/100|[from] Salt Cure\n|upkeep\n|\n|t:|1699724690\n|switch|p2a: Great Tusk|Great Tusk|100\/100\n|-damage|p2a: Great Tusk|98\/100|[from] Stealth Rock\n|-enditem|p2a: Great Tusk|Booster Energy\n|-activate|p2a: Great Tusk|ability: Protosynthesis|[fromitem]\n|-start|p2a: Great Tusk|protosynthesisspe\n|turn|36\n|\n|t:|1699724699\n|move|p2a: Great Tusk|Ice Spinner|p1a: Amoonguss\n|-supereffective|p1a: Amoonguss\n|-crit|p1a: Amoonguss\n|-damage|p1a: Amoonguss|17\/100\n|move|p1a: Amoonguss|Giga Drain|p2a: Great Tusk\n|-supereffective|p2a: Great Tusk\n|-damage|p2a: Great Tusk|33\/100\n|-heal|p1a: Amoonguss|49\/100|[from] drain|[of] p2a: Great Tusk\n|\n|-damage|p1a: Amoonguss|37\/100|[from] Salt Cure\n|upkeep\n|turn|37\n|\n|t:|1699724708\n|move|p2a: Great Tusk|Headlong Rush|p1a: Amoonguss\n|-damage|p1a: Amoonguss|0 fnt\n|-unboost|p2a: Great Tusk|def|1\n|-unboost|p2a: Great Tusk|spd|1\n|faint|p1a: Amoonguss\n|\n|upkeep\n|\n|t:|1699724715\n|switch|p1a: Iron Valiant|Iron Valiant|100\/100\n|turn|38\n|\n|t:|1699724719\n|move|p2a: Great Tusk|Headlong Rush|p1a: Iron Valiant\n|-damage|p1a: Iron Valiant|34\/100\n|-unboost|p2a: Great Tusk|def|1\n|-unboost|p2a: Great Tusk|spd|1\n|move|p1a: Iron Valiant|Moonblast|p2a: Great Tusk\n|-supereffective|p2a: Great Tusk\n|-damage|p2a: Great Tusk|0 fnt\n|faint|p2a: Great Tusk\n|-end|p2a: Great Tusk|Protosynthesis|[silent]\n|\n|-heal|p1a: Iron Valiant|40\/100|[from] item: Leftovers\n|upkeep\n|\n|t:|1699724726\n|switch|p2a: Corviknight|Corviknight, F|93\/100\n|-damage|p2a: Corviknight|81\/100|[from] Stealth Rock\n|-ability|p2a: Corviknight|Pressure\n|turn|39\n|\n|t:|1699724732\n|move|p1a: Iron Valiant|Moonblast|p2a: Corviknight\n|-resisted|p2a: Corviknight\n|-damage|p2a: Corviknight|64\/100\n|move|p2a: Corviknight|Brave Bird|p1a: Iron Valiant\n|-supereffective|p1a: Iron Valiant\n|-damage|p1a: Iron Valiant|0 fnt\n|faint|p1a: Iron Valiant\n|-end|p1a: Iron Valiant|Quark Drive|[silent]\n|-damage|p2a: Corviknight|54\/100|[from] Recoil\n|\n|-heal|p2a: Corviknight|61\/100|[from] item: Leftovers\n|upkeep\n|\n|t:|1699724738\n|switch|p1a: Rillaboom|Rillaboom, M|69\/100\n|-fieldstart|move: Grassy Terrain|[from] ability: Grassy Surge|[of] p1a: Rillaboom\n|turn|40\n|\n|t:|1699724742\n|move|p1a: Rillaboom|Knock Off|p2a: Corviknight\n|-damage|p2a: Corviknight|30\/100\n|-enditem|p2a: Corviknight|Leftovers|[from] move: Knock Off|[of] p1a: Rillaboom\n|move|p2a: Corviknight|Roost|p2a: Corviknight\n|-heal|p2a: Corviknight|80\/100\n|-singleturn|p2a: Corviknight|move: Roost\n|\n|-heal|p1a: Rillaboom|75\/100|[from] Grassy Terrain\n|-heal|p2a: Corviknight|86\/100|[from] Grassy Terrain\n|upkeep\n|turn|41\n|\n|t:|1699724752\n|-terastallize|p1a: Rillaboom|Poison\n|move|p1a: Rillaboom|Drain Punch|p2a: Corviknight\n|-damage|p2a: Corviknight|62\/100\n|-heal|p1a: Rillaboom|88\/100|[from] drain|[of] p2a: Corviknight\n|move|p2a: Corviknight|Roost|p2a: Corviknight\n|-heal|p2a: Corviknight|100\/100\n|-singleturn|p2a: Corviknight|move: Roost\n|\n|-heal|p1a: Rillaboom|94\/100|[from] Grassy Terrain\n|upkeep\n|turn|42\n|\n|t:|1699724760\n|move|p1a: Rillaboom|Drain Punch|p2a: Corviknight\n|-damage|p2a: Corviknight|76\/100\n|-heal|p1a: Rillaboom|100\/100|[from] drain|[of] p2a: Corviknight\n|move|p2a: Corviknight|Brave Bird|p1a: Rillaboom\n|-damage|p1a: Rillaboom|68\/100\n|-damage|p2a: Corviknight|65\/100|[from] Recoil\n|\n|-heal|p1a: Rillaboom|74\/100|[from] Grassy Terrain\n|upkeep\n|turn|43\n|\n|t:|1699724764\n|move|p1a: Rillaboom|Drain Punch|p2a: Corviknight\n|-damage|p2a: Corviknight|43\/100\n|-heal|p1a: Rillaboom|85\/100|[from] drain|[of] p2a: Corviknight\n|move|p2a: Corviknight|Brave Bird|p1a: Rillaboom\n|-damage|p1a: Rillaboom|49\/100\n|-damage|p2a: Corviknight|31\/100|[from] Recoil\n|\n|-heal|p1a: Rillaboom|55\/100|[from] Grassy Terrain\n|upkeep\n|turn|44\n|\n|t:|1699724766\n|move|p1a: Rillaboom|Drain Punch|p2a: Corviknight\n|-damage|p2a: Corviknight|8\/100\n|-heal|p1a: Rillaboom|66\/100|[from] drain|[of] p2a: Corviknight\n|move|p2a: Corviknight|Roost|p2a: Corviknight\n|-heal|p2a: Corviknight|58\/100\n|-singleturn|p2a: Corviknight|move: Roost\n|\n|-heal|p1a: Rillaboom|73\/100|[from] Grassy Terrain\n|-heal|p2a: Corviknight|64\/100|[from] Grassy Terrain\n|upkeep\n|turn|45\n|\n|t:|1699724770\n|move|p1a: Rillaboom|Drain Punch|p2a: Corviknight\n|-damage|p2a: Corviknight|42\/100\n|-heal|p1a: Rillaboom|83\/100|[from] drain|[of] p2a: Corviknight\n|move|p2a: Corviknight|Brave Bird|p1a: Rillaboom\n|-damage|p1a: Rillaboom|48\/100\n|-damage|p2a: Corviknight|30\/100|[from] Recoil\n|\n|-heal|p1a: Rillaboom|54\/100|[from] Grassy Terrain\n|upkeep\n|turn|46\n|\n|t:|1699724787\n|move|p1a: Rillaboom|Drain Punch|p2a: Corviknight\n|-damage|p2a: Corviknight|8\/100\n|-heal|p1a: Rillaboom|65\/100|[from] drain|[of] p2a: Corviknight\n|move|p2a: Corviknight|Roost|p2a: Corviknight\n|-heal|p2a: Corviknight|57\/100\n|-singleturn|p2a: Corviknight|move: Roost\n|\n|-heal|p1a: Rillaboom|71\/100|[from] Grassy Terrain\n|-heal|p2a: Corviknight|64\/100|[from] Grassy Terrain\n|upkeep\n|turn|47\n|\n|t:|1699724800\n|move|p1a: Rillaboom|Drain Punch|p2a: Corviknight\n|-damage|p2a: Corviknight|40\/100\n|-heal|p1a: Rillaboom|83\/100|[from] drain|[of] p2a: Corviknight\n|move|p2a: Corviknight|Brave Bird|p1a: Rillaboom\n|-damage|p1a: Rillaboom|47\/100\n|-damage|p2a: Corviknight|28\/100|[from] Recoil\n|\n|-heal|p1a: Rillaboom|53\/100|[from] Grassy Terrain\n|-fieldend|move: Grassy Terrain\n|upkeep\n|turn|48\n|\n|t:|1699724807\n|move|p1a: Rillaboom|Drain Punch|p2a: Corviknight\n|-damage|p2a: Corviknight|4\/100\n|-heal|p1a: Rillaboom|65\/100|[from] drain|[of] p2a: Corviknight\n|move|p2a: Corviknight|Roost|p2a: Corviknight\n|-heal|p2a: Corviknight|54\/100\n|-singleturn|p2a: Corviknight|move: Roost\n|\n|upkeep\n|turn|49\n|\n|t:|1699724820\n|move|p1a: Rillaboom|Knock Off|p2a: Corviknight\n|-damage|p2a: Corviknight|33\/100\n|move|p2a: Corviknight|Roost|p2a: Corviknight\n|-heal|p2a: Corviknight|83\/100\n|-singleturn|p2a: Corviknight|move: Roost\n|\n|upkeep\n|turn|50\n|\n|t:|1699724826\n|move|p1a: Rillaboom|Knock Off|p2a: Corviknight\n|-damage|p2a: Corviknight|64\/100\n|move|p2a: Corviknight|Brave Bird|p1a: Rillaboom\n|-damage|p1a: Rillaboom|31\/100\n|-damage|p2a: Corviknight|52\/100|[from] Recoil\n|\n|upkeep\n|turn|51\n|\n|t:|1699724832\n|move|p1a: Rillaboom|Knock Off|p2a: Corviknight\n|-crit|p2a: Corviknight\n|-damage|p2a: Corviknight|21\/100\n|move|p2a: Corviknight|Roost|p2a: Corviknight\n|-heal|p2a: Corviknight|71\/100\n|-singleturn|p2a: Corviknight|move: Roost\n|\n|upkeep\n|turn|52\n|\n|t:|1699724836\n|move|p1a: Rillaboom|Knock Off|p2a: Corviknight\n|-damage|p2a: Corviknight|53\/100\n|move|p2a: Corviknight|Roost|p2a: Corviknight\n|-heal|p2a: Corviknight|100\/100\n|-singleturn|p2a: Corviknight|move: Roost\n|\n|upkeep\n|turn|53\n|\n|t:|1699724838\n|move|p1a: Rillaboom|Knock Off|p2a: Corviknight\n|-damage|p2a: Corviknight|82\/100\n|move|p2a: Corviknight|Brave Bird|p1a: Rillaboom\n|-damage|p1a: Rillaboom|0 fnt\n|faint|p1a: Rillaboom\n|-damage|p2a: Corviknight|72\/100|[from] Recoil\n|\n|upkeep\n|\n|t:|1699724841\n|switch|p1a: Great Tusk|Great Tusk|87\/100\n|turn|54\n|\n|t:|1699724848\n|move|p1a: Great Tusk|Ice Spinner|p2a: Corviknight\n|-damage|p2a: Corviknight|48\/100\n|move|p2a: Corviknight|Brave Bird|p1a: Great Tusk\n|-supereffective|p1a: Great Tusk\n|-damage|p1a: Great Tusk|37\/100\n|-damage|p2a: Corviknight|33\/100|[from] Recoil\n|\n|-heal|p1a: Great Tusk|43\/100|[from] item: Leftovers\n|upkeep\n|turn|55\n|\n|t:|1699724857\n|move|p1a: Great Tusk|Ice Spinner|p2a: Corviknight\n|-damage|p2a: Corviknight|9\/100\n|move|p2a: Corviknight|Brave Bird|p1a: Great Tusk\n|-supereffective|p1a: Great Tusk\n|-damage|p1a: Great Tusk|0 fnt\n|faint|p1a: Great Tusk\n|-end|p1a: Great Tusk|Protosynthesis|[silent]\n|-damage|p2a: Corviknight|0 fnt|[from] Recoil\n|faint|p2a: Corviknight\n|\n|win|themegastoner\n|raw|Neon83's rating: 1429 &rarr; <strong>1404<\/strong><br \/>(-25 for losing)\n|raw|themegastoner's rating: 1346 &rarr; <strong>1371<\/strong><br \/>(+25 for winning)\n|l|\u2606Neon83\n","uploadtime":1699724889,"views":17,"p1id":"neon83","p2id":"themegastoner","formatid":"gen9ou","rating":1371,"private":0,"password":""}