{"id":"gen9ou-1989453443","p1":"iloveanthony","p2":"Onte bad","format":"[Gen 9] OU","log":"|j|\u2606iloveanthony\n|j|\u2606Onte bad\n|t:|1699852803\n|gametype|singles\n|player|p1|iloveanthony|waiter-gen4|1222\n|player|p2|Onte bad|2|1146\n|teamsize|p1|6\n|teamsize|p2|6\n|gen|9\n|tier|[Gen 9] OU\n|rated|\n|rule|Sleep Clause Mod: Limit one foe put to sleep\n|rule|Species Clause: Limit one of each Pok\u00e9mon\n|rule|OHKO Clause: OHKO moves are banned\n|rule|Evasion Items Clause: Evasion items are banned\n|rule|Evasion Moves Clause: Evasion moves are banned\n|rule|Endless Battle Clause: Forcing endless battles is banned\n|rule|HP Percentage Mod: HP is shown in percentages\n|clearpoke\n|poke|p1|Iron Valiant|\n|poke|p1|Slowking-Galar, F|\n|poke|p1|Gholdengo|\n|poke|p1|Volcanion|\n|poke|p1|Grafaiai, F|\n|poke|p1|Ogerpon-Cornerstone, F|\n|poke|p2|Gholdengo|\n|poke|p2|Glimmora, M|\n|poke|p2|Ribombee, M|\n|poke|p2|Cinderace, F|\n|poke|p2|Dragonite, M|\n|poke|p2|Thundurus-Therian, M|\n|teampreview\n|\n|t:|1699852815\n|start\n|switch|p1a: Ogerpon|Ogerpon-Cornerstone, F|100\/100\n|switch|p2a: Thundurus|Thundurus-Therian, M|100\/100\n|turn|1\n|\n|t:|1699852828\n|switch|p2a: Glimmora|Glimmora, M|100\/100\n|move|p1a: Ogerpon|Ivy Cudgel|p2a: Glimmora\n|-damage|p2a: Glimmora|40\/100\n|-activate|p2a: Glimmora|ability: Toxic Debris\n|-sidestart|p1: iloveanthony|move: Toxic Spikes\n|\n|upkeep\n|turn|2\n|\n|t:|1699852835\n|switch|p2a: Gholdengo|Gholdengo|100\/100\n|move|p1a: Ogerpon|Horn Leech|p2a: Gholdengo\n|-resisted|p2a: Gholdengo\n|-damage|p2a: Gholdengo|80\/100\n|\n|-heal|p2a: Gholdengo|86\/100|[from] item: Leftovers\n|upkeep\n|turn|3\n|\n|t:|1699852840\n|move|p1a: Ogerpon|Ivy Cudgel|p2a: Gholdengo\n|-resisted|p2a: Gholdengo\n|-damage|p2a: Gholdengo|58\/100\n|move|p2a: Gholdengo|Make It Rain|p1a: Ogerpon\n|-supereffective|p1a: Ogerpon\n|-ability|p1a: Ogerpon|Sturdy\n|-damage|p1a: Ogerpon|1\/100\n|-unboost|p2a: Gholdengo|spa|1\n|\n|-heal|p2a: Gholdengo|64\/100|[from] item: Leftovers\n|upkeep\n|turn|4\n|\n|t:|1699852844\n|move|p1a: Ogerpon|U-turn|p2a: Gholdengo\n|-resisted|p2a: Gholdengo\n|-damage|p2a: Gholdengo|57\/100\n|\n|t:|1699852847\n|switch|p1a: Slowking|Slowking-Galar, F|100\/100|[from] U-turn\n|-sideend|p1: iloveanthony|move: Toxic Spikes|[of] p1a: Slowking\n|move|p2a: Gholdengo|Recover|p2a: Gholdengo\n|-heal|p2a: Gholdengo|100\/100\n|\n|upkeep\n|turn|5\n|\n|t:|1699852851\n|switch|p2a: Glimmora|Glimmora, M|40\/100\n|move|p1a: Slowking|Flamethrower|p2a: Glimmora\n|-resisted|p2a: Glimmora\n|-damage|p2a: Glimmora|27\/100\n|\n|upkeep\n|turn|6\n|\n|t:|1699852854\n|move|p2a: Glimmora|Stealth Rock|p1a: Slowking\n|-sidestart|p1: iloveanthony|move: Stealth Rock\n|move|p1a: Slowking|Eerie Spell|p2a: Glimmora\n|-supereffective|p2a: Glimmora\n|-damage|p2a: Glimmora|0 fnt\n|faint|p2a: Glimmora\n|\n|upkeep\n|\n|t:|1699852872\n|switch|p2a: Dragonite|Dragonite, M|100\/100\n|turn|7\n|\n|t:|1699852876\n|move|p2a: Dragonite|Dragon Dance|p2a: Dragonite\n|-boost|p2a: Dragonite|atk|1\n|-boost|p2a: Dragonite|spe|1\n|move|p1a: Slowking|Chilly Reception|p1a: Slowking\n|-weather|Snow\n|\n|t:|1699852883\n|switch|p1a: Iron Valiant|Iron Valiant|100\/100|[from] Chilly Reception\n|-damage|p1a: Iron Valiant|94\/100|[from] Stealth Rock\n|\n|-weather|Snow|[upkeep]\n|upkeep\n|turn|8\n|\n|t:|1699852890\n|-terastallize|p2a: Dragonite|Normal\n|-terastallize|p1a: Iron Valiant|Steel\n|move|p2a: Dragonite|Extreme Speed|p1a: Iron Valiant\n|-resisted|p1a: Iron Valiant\n|-damage|p1a: Iron Valiant|48\/100\n|move|p1a: Iron Valiant|Moonblast|p2a: Dragonite\n|-damage|p2a: Dragonite|78\/100\n|-unboost|p2a: Dragonite|spa|1\n|\n|-weather|Snow|[upkeep]\n|upkeep\n|turn|9\n|\n|t:|1699852897\n|move|p2a: Dragonite|Earthquake|p1a: Iron Valiant\n|-supereffective|p1a: Iron Valiant\n|-damage|p1a: Iron Valiant|0 fnt\n|faint|p1a: Iron Valiant\n|-end|p1a: Iron Valiant|Quark Drive|[silent]\n|\n|-weather|Snow|[upkeep]\n|upkeep\n|-message|iloveanthony forfeited.\n|\n|win|Onte bad\n|raw|iloveanthony's rating: 1222 &rarr; <strong>1192<\/strong><br \/>(-30 for losing)\n|raw|Onte bad's rating: 1146 &rarr; <strong>1176<\/strong><br \/>(+30 for winning)\n|l|\u2606iloveanthony\n","uploadtime":1699852910,"views":8,"p1id":"iloveanthony","p2id":"ontebad","formatid":"gen9ou","rating":1176,"private":0,"password":""}