{"id":"gen9ou-1996242759","p1":"Thehombre","p2":"cookerpressure","format":"[Gen 9] OU","log":"|j|\u2606Thehombre\n|j|\u2606cookerpressure\n|t:|1700663197\n|gametype|singles\n|player|p1|Thehombre|102|1104\n|player|p2|cookerpressure|red|1161\n|teamsize|p1|6\n|teamsize|p2|6\n|gen|9\n|tier|[Gen 9] OU\n|rated|\n|rule|Sleep Clause Mod: Limit one foe put to sleep\n|rule|Species Clause: Limit one of each Pok\u00e9mon\n|rule|OHKO Clause: OHKO moves are banned\n|rule|Evasion Items Clause: Evasion items are banned\n|rule|Evasion Moves Clause: Evasion moves are banned\n|rule|Endless Battle Clause: Forcing endless battles is banned\n|rule|HP Percentage Mod: HP is shown in percentages\n|clearpoke\n|poke|p1|Kingambit, M|\n|poke|p1|Ninetales-Alola, M|\n|poke|p1|Samurott-Hisui, F|\n|poke|p1|Masquerain, M|\n|poke|p1|Manaphy|\n|poke|p1|Maushold-Four|\n|poke|p2|Great Tusk|\n|poke|p2|Ceruledge, M|\n|poke|p2|Samurott-Hisui, M|\n|poke|p2|Amoonguss, M|\n|poke|p2|Tornadus-Therian, M|\n|poke|p2|Sandy Shocks|\n|teampreview\n|inactive|Battle timer is ON: inactive players will automatically lose when time's up. (requested by Thehombre)\n|\n|t:|1700663215\n|start\n|switch|p1a: Manaphy|Manaphy|100\/100\n|switch|p2a: Amoonguss|Amoonguss, M|100\/100\n|turn|1\n|\n|t:|1700663223\n|move|p1a: Manaphy|Tail Glow|p1a: Manaphy\n|-boost|p1a: Manaphy|spa|3\n|move|p2a: Amoonguss|Giga Drain|p1a: Manaphy\n|-supereffective|p1a: Manaphy\n|-damage|p1a: Manaphy|58\/100\n|\n|-heal|p1a: Manaphy|64\/100|[from] item: Leftovers\n|upkeep\n|turn|2\n|\n|t:|1700663230\n|move|p1a: Manaphy|Ice Beam|p2a: Amoonguss\n|-supereffective|p2a: Amoonguss\n|-damage|p2a: Amoonguss|0 fnt\n|faint|p2a: Amoonguss\n|\n|-heal|p1a: Manaphy|70\/100|[from] item: Leftovers\n|upkeep\n|\n|t:|1700663240\n|switch|p2a: Sandy Shocks|Sandy Shocks|100\/100\n|turn|3\n|\n|t:|1700663250\n|switch|p1a: Ninetales|Ninetales-Alola, M|100\/100\n|-weather|Snow|[from] ability: Snow Warning|[of] p1a: Ninetales\n|move|p2a: Sandy Shocks|Thunderbolt|p1a: Ninetales\n|-damage|p1a: Ninetales|17\/100\n|\n|-weather|Snow|[upkeep]\n|upkeep\n|turn|4\n|\n|t:|1700663257\n|move|p1a: Ninetales|Aurora Veil|p1a: Ninetales\n|-sidestart|p1: Thehombre|move: Aurora Veil\n|move|p2a: Sandy Shocks|Thunderbolt|p1a: Ninetales\n|-damage|p1a: Ninetales|0 fnt\n|faint|p1a: Ninetales\n|\n|-weather|Snow|[upkeep]\n|upkeep\n|\n|t:|1700663261\n|switch|p1a: Masquerain|Masquerain, M|100\/100\n|-ability|p1a: Masquerain|Intimidate|boost\n|-unboost|p2a: Sandy Shocks|atk|1\n|turn|5\n|\n|t:|1700663266\n|move|p2a: Sandy Shocks|Thunderbolt|p1a: Masquerain\n|-supereffective|p1a: Masquerain\n|-damage|p1a: Masquerain|13\/100\n|move|p1a: Masquerain|Sticky Web|p2a: Sandy Shocks\n|-sidestart|p2: cookerpressure|move: Sticky Web\n|\n|-weather|Snow|[upkeep]\n|upkeep\n|turn|6\n|\n|t:|1700663271\n|move|p2a: Sandy Shocks|Thunderbolt|p1a: Masquerain\n|-supereffective|p1a: Masquerain\n|-damage|p1a: Masquerain|0 fnt\n|faint|p1a: Masquerain\n|\n|-weather|Snow|[upkeep]\n|upkeep\n|\n|t:|1700663273\n|switch|p1a: Maushold|Maushold-Four|100\/100\n|turn|7\n|\n|t:|1700663281\n|-end|p2a: Sandy Shocks|Protosynthesis|[silent]\n|switch|p2a: Ceruledge|Ceruledge, M|100\/100\n|-activate|p2a: Ceruledge|move: Sticky Web\n|-unboost|p2a: Ceruledge|spe|1\n|move|p1a: Maushold|Population Bomb|p2a: Ceruledge\n|-immune|p2a: Ceruledge\n|\n|-weather|none\n|upkeep\n|turn|8\n|\n|t:|1700663289\n|move|p1a: Maushold|Bite|p2a: Ceruledge\n|-supereffective|p2a: Ceruledge\n|-damage|p2a: Ceruledge|35\/100\n|-ability|p2a: Ceruledge|Weak Armor|boost\n|-unboost|p2a: Ceruledge|def|1\n|-boost|p2a: Ceruledge|spe|2\n|cant|p2a: Ceruledge|flinch\n|\n|upkeep\n|turn|9\n|\n|t:|1700663300\n|move|p2a: Ceruledge|Close Combat|p1a: Maushold\n|-supereffective|p1a: Maushold\n|-crit|p1a: Maushold\n|-damage|p1a: Maushold|0 fnt\n|-unboost|p2a: Ceruledge|def|1\n|-unboost|p2a: Ceruledge|spd|1\n|faint|p1a: Maushold\n|\n|upkeep\n|\n|t:|1700663307\n|switch|p1a: Manaphy|Manaphy|70\/100\n|turn|10\n|\n|t:|1700663314\n|move|p2a: Ceruledge|Poltergeist|p1a: Manaphy\n|-activate|p1a: Manaphy|move: Poltergeist|Leftovers\n|-damage|p1a: Manaphy|41\/100\n|move|p1a: Manaphy|Scald|p2a: Ceruledge\n|-supereffective|p2a: Ceruledge\n|-damage|p2a: Ceruledge|0 fnt\n|faint|p2a: Ceruledge\n|\n|-heal|p1a: Manaphy|47\/100|[from] item: Leftovers\n|upkeep\n|\n|t:|1700663324\n|switch|p2a: Great Tusk|Great Tusk|100\/100\n|-activate|p2a: Great Tusk|move: Sticky Web\n|-unboost|p2a: Great Tusk|spe|1\n|turn|11\n|\n|t:|1700663336\n|move|p1a: Manaphy|Scald|p2a: Great Tusk\n|-supereffective|p2a: Great Tusk\n|-damage|p2a: Great Tusk|15\/100\n|-status|p2a: Great Tusk|brn\n|move|p2a: Great Tusk|Rapid Spin|p1a: Manaphy\n|-damage|p1a: Manaphy|44\/100\n|-boost|p2a: Great Tusk|spe|1\n|-sideend|p2: cookerpressure|Sticky Web|[from] move: Rapid Spin|[of] p2a: Great Tusk\n|\n|-heal|p1a: Manaphy|50\/100|[from] item: Leftovers\n|-heal|p2a: Great Tusk|21\/100 brn|[from] item: Leftovers\n|-damage|p2a: Great Tusk|15\/100 brn|[from] brn\n|-sideend|p1: Thehombre|move: Aurora Veil\n|upkeep\n|turn|12\n|\n|t:|1700663349\n|move|p1a: Manaphy|Scald|p2a: Great Tusk\n|-supereffective|p2a: Great Tusk\n|-damage|p2a: Great Tusk|0 fnt\n|faint|p2a: Great Tusk\n|-end|p2a: Great Tusk|Protosynthesis|[silent]\n|\n|-heal|p1a: Manaphy|57\/100|[from] item: Leftovers\n|upkeep\n|\n|t:|1700663356\n|switch|p2a: Sandy Shocks|Sandy Shocks|100\/100\n|turn|13\n|\n|t:|1700663359\n|move|p2a: Sandy Shocks|Thunderbolt|p1a: Manaphy\n|-supereffective|p1a: Manaphy\n|-damage|p1a: Manaphy|0 fnt\n|faint|p1a: Manaphy\n|\n|upkeep\n|\n|t:|1700663361\n|switch|p1a: Kingambit|Kingambit, M|100\/100\n|-activate|p1a: Kingambit|ability: Supreme Overlord\n|-start|p1a: Kingambit|fallen4|[silent]\n|turn|14\n|\n|t:|1700663367\n|move|p2a: Sandy Shocks|Thunderbolt|p1a: Kingambit\n|-damage|p1a: Kingambit|31\/100\n|move|p1a: Kingambit|Swords Dance|p1a: Kingambit\n|-boost|p1a: Kingambit|atk|2\n|\n|upkeep\n|turn|15\n|\n|t:|1700663372\n|move|p1a: Kingambit|Sucker Punch|p2a: Sandy Shocks\n|-damage|p2a: Sandy Shocks|0 fnt\n|faint|p2a: Sandy Shocks\n|-end|p2a: Sandy Shocks|Protosynthesis|[silent]\n|\n|upkeep\n|\n|t:|1700663376\n|switch|p2a: Samurott|Samurott-Hisui, M|100\/100\n|turn|16\n|\n|t:|1700663380\n|move|p1a: Kingambit|Sucker Punch|p2a: Samurott\n|-resisted|p2a: Samurott\n|-damage|p2a: Samurott|15\/100\n|move|p2a: Samurott|Sacred Sword|p1a: Kingambit\n|-supereffective|p1a: Kingambit\n|-damage|p1a: Kingambit|0 fnt\n|faint|p1a: Kingambit\n|-end|p1a: Kingambit|fallen4|[silent]\n|\n|upkeep\n|\n|t:|1700663383\n|switch|p1a: Samurott|Samurott-Hisui, F|100\/100\n|turn|17\n|\n|t:|1700663389\n|move|p2a: Samurott|Sacred Sword|p1a: Samurott\n|-supereffective|p1a: Samurott\n|-damage|p1a: Samurott|0 fnt\n|faint|p1a: Samurott\n|\n|win|cookerpressure\n|raw|Thehombre's rating: 1104 &rarr; <strong>1083<\/strong><br \/>(-21 for losing)\n|raw|cookerpressure's rating: 1161 &rarr; <strong>1182<\/strong><br \/>(+21 for winning)\n","uploadtime":1700663393,"views":0,"p1id":"thehombre","p2id":"cookerpressure","formatid":"gen9ou","rating":1083,"private":0,"password":""}