{"id":"gen9ou-1993663445","p1":"kuhihuihihhuhi","p2":"Novice by Nature","format":"[Gen 9] OU","log":"|j|\u2606kuhihuihihhuhi\n|j|\u2606Novice by Nature\n|inactive|Battle timer is ON: inactive players will automatically lose when time's up.\n|t:|1700342998\n|gametype|singles\n|player|p1|kuhihuihihhuhi|bugcatcher-gen4dp|\n|player|p2|Novice by Nature|yellow|\n|teamsize|p1|6\n|teamsize|p2|6\n|gen|9\n|tier|[Gen 9] OU\n|rated|Tournament battle\n|rule|Sleep Clause Mod: Limit one foe put to sleep\n|rule|Species Clause: Limit one of each Pok\u00e9mon\n|rule|OHKO Clause: OHKO moves are banned\n|rule|Evasion Items Clause: Evasion items are banned\n|rule|Evasion Moves Clause: Evasion moves are banned\n|rule|Endless Battle Clause: Forcing endless battles is banned\n|rule|HP Percentage Mod: HP is shown in percentages\n|clearpoke\n|poke|p1|Hawlucha, F|\n|poke|p1|Great Tusk|\n|poke|p1|Rillaboom, F|\n|poke|p1|Heatran, F|\n|poke|p1|Dragapult, F|\n|poke|p1|Toxapex, F|\n|poke|p2|Ninetales-Alola, M|\n|poke|p2|Garchomp, F|\n|poke|p2|Kingambit, M|\n|poke|p2|Torterra, M|\n|poke|p2|Ting-Lu|\n|poke|p2|Weezing-Galar, M|\n|teampreview\n|j|*Lady Monita \u2746\n|j| BB-8-NU\n|j| Yuri134\n|j| Van Pyro\n|j| SweatyRon\n|j| nodogsaleystay\n|inactive|kuhihuihihhuhi has 120 seconds left.\n|\n|t:|1700343030\n|start\n|switch|p1a: Heiz Guderitran|Heatran, F|100\/100\n|switch|p2a: Ting-Lu|Ting-Lu|100\/100\n|-ability|p2a: Ting-Lu|Vessel of Ruin\n|turn|1\n|\n|t:|1700343041\n|move|p1a: Heiz Guderitran|Will-O-Wisp|p2a: Ting-Lu\n|-status|p2a: Ting-Lu|brn\n|move|p2a: Ting-Lu|Earthquake|p1a: Heiz Guderitran\n|-supereffective|p1a: Heiz Guderitran\n|-damage|p1a: Heiz Guderitran|41\/100\n|\n|-heal|p1a: Heiz Guderitran|47\/100|[from] item: Leftovers\n|-damage|p2a: Ting-Lu|94\/100 brn|[from] brn\n|upkeep\n|turn|2\n|\n|t:|1700343046\n|switch|p1a: Op. Weser\u00fcbung|Hawlucha, F|100\/100\n|-ability|p1a: Op. Weser\u00fcbung|Mold Breaker\n|move|p2a: Ting-Lu|Spikes|p1a: Op. Weser\u00fcbung\n|-sidestart|p1: kuhihuihihhuhi|Spikes\n|\n|-heal|p2a: Ting-Lu|100\/100 brn|[from] item: Leftovers\n|-damage|p2a: Ting-Lu|94\/100 brn|[from] brn\n|upkeep\n|turn|3\n|\n|t:|1700343050\n|move|p1a: Op. Weser\u00fcbung|Defog|p2a: Ting-Lu\n|-unboost|p2a: Ting-Lu|evasion|1\n|-sideend|p1: kuhihuihihhuhi|Spikes|[from] move: Defog|[of] p1a: Op. Weser\u00fcbung\n|move|p2a: Ting-Lu|Whirlwind|p1a: Op. Weser\u00fcbung\n|drag|p1a: Horton Ho 229|Dragapult, F|100\/100\n|\n|-heal|p2a: Ting-Lu|100\/100 brn|[from] item: Leftovers\n|-damage|p2a: Ting-Lu|94\/100 brn|[from] brn\n|upkeep\n|turn|4\n|\n|t:|1700343053\n|move|p1a: Horton Ho 229|U-turn|p2a: Ting-Lu\n|-supereffective|p2a: Ting-Lu\n|-damage|p2a: Ting-Lu|76\/100 brn\n|j| Mepe Murp\n|\n|t:|1700343059\n|switch|p1a: Op. Weser\u00fcbung|Hawlucha, F|100\/100|[from] U-turn\n|-ability|p1a: Op. Weser\u00fcbung|Mold Breaker\n|move|p2a: Ting-Lu|Spikes|p1a: Op. Weser\u00fcbung\n|-sidestart|p1: kuhihuihihhuhi|Spikes\n|\n|-heal|p2a: Ting-Lu|82\/100 brn|[from] item: Leftovers\n|-damage|p2a: Ting-Lu|76\/100 brn|[from] brn\n|upkeep\n|turn|5\n|\n|t:|1700343061\n|move|p1a: Op. Weser\u00fcbung|Defog|p2a: Ting-Lu\n|-unboost|p2a: Ting-Lu|evasion|1\n|-sideend|p1: kuhihuihihhuhi|Spikes|[from] move: Defog|[of] p1a: Op. Weser\u00fcbung\n|move|p2a: Ting-Lu|Ruination|p1a: Op. Weser\u00fcbung\n|-damage|p1a: Op. Weser\u00fcbung|51\/100\n|\n|-heal|p2a: Ting-Lu|82\/100 brn|[from] item: Leftovers\n|-damage|p2a: Ting-Lu|76\/100 brn|[from] brn\n|upkeep\n|turn|6\n|\n|t:|1700343064\n|move|p1a: Op. Weser\u00fcbung|Roost|p1a: Op. Weser\u00fcbung\n|-heal|p1a: Op. Weser\u00fcbung|100\/100\n|-singleturn|p1a: Op. Weser\u00fcbung|move: Roost\n|move|p2a: Ting-Lu|Whirlwind|p1a: Op. Weser\u00fcbung\n|drag|p1a: Erwin Trommel|Rillaboom, F|100\/100\n|-fieldstart|move: Grassy Terrain|[from] ability: Grassy Surge|[of] p1a: Erwin Trommel\n|\n|-heal|p2a: Ting-Lu|82\/100 brn|[from] Grassy Terrain\n|-heal|p2a: Ting-Lu|88\/100 brn|[from] item: Leftovers\n|-damage|p2a: Ting-Lu|82\/100 brn|[from] brn\n|upkeep\n|turn|7\n|\n|t:|1700343085\n|move|p1a: Erwin Trommel|U-turn|p2a: Ting-Lu\n|-supereffective|p2a: Ting-Lu\n|-damage|p2a: Ting-Lu|43\/100 brn\n|\n|t:|1700343088\n|switch|p1a: Op. Weser\u00fcbung|Hawlucha, F|100\/100|[from] U-turn\n|-ability|p1a: Op. Weser\u00fcbung|Mold Breaker\n|move|p2a: Ting-Lu|Whirlwind|p1a: Op. Weser\u00fcbung\n|drag|p1a: Heiz Guderitran|Heatran, F|47\/100\n|\n|-heal|p1a: Heiz Guderitran|53\/100|[from] Grassy Terrain\n|-heal|p1a: Heiz Guderitran|59\/100|[from] item: Leftovers\n|-heal|p2a: Ting-Lu|50\/100 brn|[from] Grassy Terrain\n|-heal|p2a: Ting-Lu|56\/100 brn|[from] item: Leftovers\n|-damage|p2a: Ting-Lu|50\/100 brn|[from] brn\n|upkeep\n|turn|8\n|\n|t:|1700343094\n|move|p1a: Heiz Guderitran|Stealth Rock|p2a: Ting-Lu\n|-sidestart|p2: Novice by Nature|move: Stealth Rock\n|move|p2a: Ting-Lu|Spikes|p1a: Heiz Guderitran\n|-sidestart|p1: kuhihuihihhuhi|Spikes\n|\n|-heal|p1a: Heiz Guderitran|66\/100|[from] Grassy Terrain\n|-heal|p1a: Heiz Guderitran|72\/100|[from] item: Leftovers\n|-heal|p2a: Ting-Lu|56\/100 brn|[from] Grassy Terrain\n|-heal|p2a: Ting-Lu|62\/100 brn|[from] item: Leftovers\n|-damage|p2a: Ting-Lu|56\/100 brn|[from] brn\n|upkeep\n|turn|9\n|\n|t:|1700343107\n|switch|p1a: Op. Weser\u00fcbung|Hawlucha, F|100\/100\n|-ability|p1a: Op. Weser\u00fcbung|Mold Breaker\n|move|p2a: Ting-Lu|Ruination|p1a: Op. Weser\u00fcbung\n|-damage|p1a: Op. Weser\u00fcbung|51\/100\n|\n|-heal|p2a: Ting-Lu|62\/100 brn|[from] Grassy Terrain\n|-heal|p2a: Ting-Lu|68\/100 brn|[from] item: Leftovers\n|-damage|p2a: Ting-Lu|62\/100 brn|[from] brn\n|upkeep\n|turn|10\n|\n|t:|1700343110\n|move|p1a: Op. Weser\u00fcbung|Roost|p1a: Op. Weser\u00fcbung\n|-heal|p1a: Op. Weser\u00fcbung|100\/100\n|-singleturn|p1a: Op. Weser\u00fcbung|move: Roost\n|move|p2a: Ting-Lu|Ruination|p1a: Op. Weser\u00fcbung\n|-damage|p1a: Op. Weser\u00fcbung|51\/100\n|\n|-heal|p1a: Op. Weser\u00fcbung|57\/100|[from] Grassy Terrain\n|-heal|p2a: Ting-Lu|68\/100 brn|[from] Grassy Terrain\n|-heal|p2a: Ting-Lu|74\/100 brn|[from] item: Leftovers\n|-damage|p2a: Ting-Lu|68\/100 brn|[from] brn\n|-fieldend|move: Grassy Terrain\n|upkeep\n|turn|11\n|\n|t:|1700343114\n|move|p1a: Op. Weser\u00fcbung|Roost|p1a: Op. Weser\u00fcbung\n|-heal|p1a: Op. Weser\u00fcbung|100\/100\n|-singleturn|p1a: Op. Weser\u00fcbung|move: Roost\n|move|p2a: Ting-Lu|Whirlwind|p1a: Op. Weser\u00fcbung\n|drag|p1a: Horton Ho 229|Dragapult, F|100\/100\n|-damage|p1a: Horton Ho 229|88\/100|[from] Spikes\n|\n|-heal|p2a: Ting-Lu|74\/100 brn|[from] item: Leftovers\n|-damage|p2a: Ting-Lu|68\/100 brn|[from] brn\n|upkeep\n|turn|12\n|\n|t:|1700343117\n|move|p1a: Horton Ho 229|U-turn|p2a: Ting-Lu\n|-supereffective|p2a: Ting-Lu\n|-damage|p2a: Ting-Lu|50\/100 brn\n|\n|t:|1700343119\n|switch|p1a: Op. Weser\u00fcbung|Hawlucha, F|100\/100|[from] U-turn\n|-ability|p1a: Op. Weser\u00fcbung|Mold Breaker\n|move|p2a: Ting-Lu|Ruination|p1a: Op. Weser\u00fcbung\n|-damage|p1a: Op. Weser\u00fcbung|51\/100\n|\n|-heal|p2a: Ting-Lu|56\/100 brn|[from] item: Leftovers\n|-damage|p2a: Ting-Lu|50\/100 brn|[from] brn\n|upkeep\n|turn|13\n|\n|t:|1700343123\n|move|p1a: Op. Weser\u00fcbung|Roost|p1a: Op. Weser\u00fcbung\n|-heal|p1a: Op. Weser\u00fcbung|100\/100\n|-singleturn|p1a: Op. Weser\u00fcbung|move: Roost\n|move|p2a: Ting-Lu|Ruination|p1a: Op. Weser\u00fcbung\n|-damage|p1a: Op. Weser\u00fcbung|51\/100\n|\n|-heal|p2a: Ting-Lu|56\/100 brn|[from] item: Leftovers\n|-damage|p2a: Ting-Lu|50\/100 brn|[from] brn\n|upkeep\n|turn|14\n|\n|t:|1700343127\n|move|p1a: Op. Weser\u00fcbung|Roost|p1a: Op. Weser\u00fcbung\n|-heal|p1a: Op. Weser\u00fcbung|100\/100\n|-singleturn|p1a: Op. Weser\u00fcbung|move: Roost\n|move|p2a: Ting-Lu|Ruination|p1a: Op. Weser\u00fcbung\n|-damage|p1a: Op. Weser\u00fcbung|51\/100\n|\n|-heal|p2a: Ting-Lu|56\/100 brn|[from] item: Leftovers\n|-damage|p2a: Ting-Lu|50\/100 brn|[from] brn\n|upkeep\n|turn|15\n|j|+cjw405\n|\n|t:|1700343134\n|move|p1a: Op. Weser\u00fcbung|Roost|p1a: Op. Weser\u00fcbung\n|-heal|p1a: Op. Weser\u00fcbung|100\/100\n|-singleturn|p1a: Op. Weser\u00fcbung|move: Roost\n|move|p2a: Ting-Lu|Whirlwind|p1a: Op. Weser\u00fcbung\n|drag|p1a: Schwerer Gustav|Great Tusk|100\/100\n|-damage|p1a: Schwerer Gustav|88\/100|[from] Spikes\n|\n|-heal|p2a: Ting-Lu|56\/100 brn|[from] item: Leftovers\n|-damage|p2a: Ting-Lu|50\/100 brn|[from] brn\n|upkeep\n|turn|16\n|\n|t:|1700343147\n|move|p1a: Schwerer Gustav|Close Combat|p2a: Ting-Lu\n|-supereffective|p2a: Ting-Lu\n|-damage|p2a: Ting-Lu|0 fnt\n|-unboost|p1a: Schwerer Gustav|def|1\n|-unboost|p1a: Schwerer Gustav|spd|1\n|faint|p2a: Ting-Lu\n|\n|upkeep\n|j| Blitz0\n|\n|t:|1700343154\n|switch|p2a: Weezing|Weezing-Galar, M|100\/100\n|-damage|p2a: Weezing|88\/100|[from] Stealth Rock\n|turn|17\n|\n|t:|1700343158\n|-end|p1a: Schwerer Gustav|Protosynthesis|[silent]\n|switch|p1a: Heiz Guderitran|Heatran, F|72\/100\n|-damage|p1a: Heiz Guderitran|59\/100|[from] Spikes\n|move|p2a: Weezing|Toxic|p1a: Heiz Guderitran\n|-immune|p1a: Heiz Guderitran\n|\n|-heal|p1a: Heiz Guderitran|66\/100|[from] item: Leftovers\n|-heal|p2a: Weezing|94\/100|[from] item: Leftovers\n|upkeep\n|turn|18\n|\n|t:|1700343168\n|move|p1a: Heiz Guderitran|Will-O-Wisp|p2a: Weezing\n|-status|p2a: Weezing|brn\n|move|p2a: Weezing|Defog|p1a: Heiz Guderitran\n|-unboost|p1a: Heiz Guderitran|evasion|1\n|-sideend|p1: kuhihuihihhuhi|Spikes|[from] move: Defog|[of] p2a: Weezing\n|-sideend|p2: Novice by Nature|Stealth Rock|[from] move: Defog|[of] p2a: Weezing\n|\n|-heal|p1a: Heiz Guderitran|72\/100|[from] item: Leftovers\n|-heal|p2a: Weezing|99\/100 brn|[from] item: Leftovers\n|-damage|p2a: Weezing|94\/100 brn|[from] brn\n|upkeep\n|turn|19\n|j| mimkiug\n|\n|t:|1700343172\n|switch|p2a: Garchomp|Garchomp, F|100\/100\n|move|p1a: Heiz Guderitran|Stealth Rock|p2a: Garchomp\n|-sidestart|p2: Novice by Nature|move: Stealth Rock\n|\n|-heal|p1a: Heiz Guderitran|78\/100|[from] item: Leftovers\n|upkeep\n|turn|20\n|l| mimkiug\n|\n|t:|1700343180\n|switch|p2a: Weezing|Weezing-Galar, M|94\/100 brn\n|-damage|p2a: Weezing|82\/100 brn|[from] Stealth Rock\n|switch|p1a: Op. Weser\u00fcbung|Hawlucha, F|100\/100\n|-ability|p1a: Op. Weser\u00fcbung|Mold Breaker\n|\n|-heal|p2a: Weezing|88\/100 brn|[from] item: Leftovers\n|-damage|p2a: Weezing|82\/100 brn|[from] brn\n|upkeep\n|turn|21\n|\n|t:|1700343185\n|switch|p1a: Heiz Guderitran|Heatran, F|78\/100\n|move|p2a: Weezing|Strange Steam|p1a: Heiz Guderitran\n|-resisted|p1a: Heiz Guderitran\n|-damage|p1a: Heiz Guderitran|74\/100\n|\n|-heal|p1a: Heiz Guderitran|80\/100|[from] item: Leftovers\n|-heal|p2a: Weezing|88\/100 brn|[from] item: Leftovers\n|-damage|p2a: Weezing|82\/100 brn|[from] brn\n|upkeep\n|turn|22\n|\n|t:|1700343194\n|move|p1a: Heiz Guderitran|Magma Storm|p2a: Weezing\n|-crit|p2a: Weezing\n|-damage|p2a: Weezing|0 fnt\n|faint|p2a: Weezing\n|\n|-heal|p1a: Heiz Guderitran|87\/100|[from] item: Leftovers\n|upkeep\n|\n|t:|1700343198\n|switch|p2a: Garchomp|Garchomp, F|100\/100\n|-damage|p2a: Garchomp|94\/100|[from] Stealth Rock\n|turn|23\n|\n|t:|1700343209\n|switch|p1a: Op. Weser\u00fcbung|Hawlucha, F|100\/100\n|-ability|p1a: Op. Weser\u00fcbung|Mold Breaker\n|move|p2a: Garchomp|Scale Shot|p1a: Op. Weser\u00fcbung\n|-damage|p1a: Op. Weser\u00fcbung|86\/100\n|-damage|p1a: Op. Weser\u00fcbung|71\/100\n|-damage|p1a: Op. Weser\u00fcbung|56\/100\n|-damage|p1a: Op. Weser\u00fcbung|42\/100\n|-damage|p1a: Op. Weser\u00fcbung|27\/100\n|-hitcount|p1a: Op. Weser\u00fcbung|5\n|-unboost|p2a: Garchomp|def|1\n|-boost|p2a: Garchomp|spe|1\n|\n|upkeep\n|turn|24\n|\n|t:|1700343226\n|switch|p1a: Erwin Trommel|Rillaboom, F|100\/100\n|-fieldstart|move: Grassy Terrain|[from] ability: Grassy Surge|[of] p1a: Erwin Trommel\n|move|p2a: Garchomp|Iron Head|p1a: Erwin Trommel\n|-damage|p1a: Erwin Trommel|75\/100\n|\n|-heal|p2a: Garchomp|100\/100|[from] Grassy Terrain\n|-heal|p1a: Erwin Trommel|81\/100|[from] Grassy Terrain\n|upkeep\n|turn|25\n|\n|t:|1700343237\n|switch|p2a: Ninetales|Ninetales-Alola, M|100\/100\n|-damage|p2a: Ninetales|76\/100|[from] Stealth Rock\n|-weather|Snow|[from] ability: Snow Warning|[of] p2a: Ninetales\n|-terastallize|p1a: Erwin Trommel|Grass\n|move|p1a: Erwin Trommel|Grassy Glide|p2a: Ninetales\n|-damage|p2a: Ninetales|10\/100\n|\n|-weather|Snow|[upkeep]\n|-heal|p2a: Ninetales|16\/100|[from] Grassy Terrain\n|-heal|p1a: Erwin Trommel|88\/100|[from] Grassy Terrain\n|upkeep\n|turn|26\n|\n|t:|1700343242\n|move|p1a: Erwin Trommel|Grassy Glide|p2a: Ninetales\n|-damage|p2a: Ninetales|0 fnt\n|faint|p2a: Ninetales\n|\n|-weather|Snow|[upkeep]\n|-heal|p1a: Erwin Trommel|94\/100|[from] Grassy Terrain\n|upkeep\n|l| Yuri134\n|\n|t:|1700343246\n|switch|p2a: Garchomp|Garchomp, F|100\/100\n|-damage|p2a: Garchomp|94\/100|[from] Stealth Rock\n|turn|27\n|j| mimkiug\n|l| Blitz0\n|l| mimkiug\n|\n|t:|1700343274\n|switch|p1a: Op. Weser\u00fcbung|Hawlucha, F|27\/100\n|-ability|p1a: Op. Weser\u00fcbung|Mold Breaker\n|-terastallize|p2a: Garchomp|Steel\n|move|p2a: Garchomp|Scale Shot|p1a: Op. Weser\u00fcbung\n|-damage|p1a: Op. Weser\u00fcbung|13\/100\n|-damage|p1a: Op. Weser\u00fcbung|0 fnt\n|faint|p1a: Op. Weser\u00fcbung\n|-hitcount|p1: Op. Weser\u00fcbung|2\n|-unboost|p2a: Garchomp|def|1\n|-boost|p2a: Garchomp|spe|1\n|\n|-weather|Snow|[upkeep]\n|-heal|p2a: Garchomp|100\/100|[from] Grassy Terrain\n|upkeep\n|inactive|kuhihuihihhuhi has 120 seconds left.\n|\n|t:|1700343307\n|switch|p1a: Schwerer Gustav|Great Tusk|88\/100\n|turn|28\n|\n|t:|1700343311\n|move|p2a: Garchomp|Scale Shot|p1a: Schwerer Gustav\n|-damage|p1a: Schwerer Gustav|78\/100\n|-damage|p1a: Schwerer Gustav|68\/100\n|-damage|p1a: Schwerer Gustav|57\/100\n|-damage|p1a: Schwerer Gustav|47\/100\n|-damage|p1a: Schwerer Gustav|37\/100\n|-hitcount|p1a: Schwerer Gustav|5\n|-unboost|p2a: Garchomp|def|1\n|-boost|p2a: Garchomp|spe|1\n|move|p1a: Schwerer Gustav|Close Combat|p2a: Garchomp\n|-supereffective|p2a: Garchomp\n|-damage|p2a: Garchomp|0 fnt\n|-unboost|p1a: Schwerer Gustav|def|1\n|-unboost|p1a: Schwerer Gustav|spd|1\n|-damage|p1a: Schwerer Gustav|25\/100|[from] ability: Rough Skin|[of] p2a: Garchomp\n|faint|p2a: Garchomp\n|\n|-weather|Snow|[upkeep]\n|-heal|p1a: Schwerer Gustav|31\/100|[from] Grassy Terrain\n|-fieldend|move: Grassy Terrain\n|upkeep\n|\n|t:|1700343318\n|switch|p2a: Torterra|Torterra, M|100\/100\n|-damage|p2a: Torterra|94\/100|[from] Stealth Rock\n|turn|29\n|inactive|kuhihuihihhuhi has 120 seconds left.\n|j| Vlarcheops\n|\n|t:|1700343348\n|move|p1a: Schwerer Gustav|Close Combat|p2a: Torterra\n|-damage|p2a: Torterra|0 fnt\n|-unboost|p1a: Schwerer Gustav|def|1\n|-unboost|p1a: Schwerer Gustav|spd|1\n|faint|p2a: Torterra\n|\n|-weather|none\n|upkeep\n|\n|t:|1700343350\n|switch|p2a: Kingambit|Kingambit, M|100\/100\n|-damage|p2a: Kingambit|94\/100|[from] Stealth Rock\n|-activate|p2a: Kingambit|ability: Supreme Overlord\n|-start|p2a: Kingambit|fallen5|[silent]\n|turn|30\n|l| Vlarcheops\n|\n|t:|1700343364\n|move|p2a: Kingambit|Sucker Punch|p1a: Schwerer Gustav\n|-resisted|p1a: Schwerer Gustav\n|-damage|p1a: Schwerer Gustav|0 fnt\n|faint|p1a: Schwerer Gustav\n|-end|p1a: Schwerer Gustav|Protosynthesis|[silent]\n|\n|-heal|p2a: Kingambit|100\/100|[from] item: Leftovers\n|upkeep\n|\n|t:|1700343385\n|switch|p1a: Erwin Trommel|Rillaboom, F, tera:Grass|94\/100\n|-fieldstart|move: Grassy Terrain|[from] ability: Grassy Surge|[of] p1a: Erwin Trommel\n|turn|31\n|\n|t:|1700343391\n|move|p1a: Erwin Trommel|High Horsepower|p2a: Kingambit\n|-supereffective|p2a: Kingambit\n|-damage|p2a: Kingambit|23\/100\n|move|p2a: Kingambit|Kowtow Cleave|p1a: Erwin Trommel\n|-damage|p1a: Erwin Trommel|22\/100\n|\n|-heal|p1a: Erwin Trommel|28\/100|[from] Grassy Terrain\n|-heal|p2a: Kingambit|29\/100|[from] Grassy Terrain\n|-heal|p2a: Kingambit|36\/100|[from] item: Leftovers\n|upkeep\n|turn|32\n|\n|t:|1700343401\n|move|p2a: Kingambit|Sucker Punch|p1a: Erwin Trommel\n|-damage|p1a: Erwin Trommel|0 fnt\n|faint|p1a: Erwin Trommel\n|\n|-heal|p2a: Kingambit|42\/100|[from] Grassy Terrain\n|-heal|p2a: Kingambit|48\/100|[from] item: Leftovers\n|upkeep\n|\n|t:|1700343409\n|switch|p1a: Heiz Guderitran|Heatran, F|87\/100\n|turn|33\n|\n|t:|1700343416\n|move|p1a: Heiz Guderitran|Earth Power|p2a: Kingambit\n|-supereffective|p2a: Kingambit\n|-damage|p2a: Kingambit|1\/100\n|move|p2a: Kingambit|Kowtow Cleave|p1a: Heiz Guderitran\n|-damage|p1a: Heiz Guderitran|22\/100\n|\n|-heal|p1a: Heiz Guderitran|28\/100|[from] Grassy Terrain\n|-heal|p1a: Heiz Guderitran|34\/100|[from] item: Leftovers\n|-heal|p2a: Kingambit|8\/100|[from] Grassy Terrain\n|-heal|p2a: Kingambit|14\/100|[from] item: Leftovers\n|upkeep\n|turn|34\n|\n|t:|1700343419\n|move|p2a: Kingambit|Sucker Punch||[still]\n|-fail|p2a: Kingambit\n|move|p1a: Heiz Guderitran|Will-O-Wisp|p2a: Kingambit\n|-status|p2a: Kingambit|brn\n|\n|-heal|p1a: Heiz Guderitran|40\/100|[from] Grassy Terrain\n|-heal|p1a: Heiz Guderitran|47\/100|[from] item: Leftovers\n|-heal|p2a: Kingambit|20\/100 brn|[from] Grassy Terrain\n|-heal|p2a: Kingambit|26\/100 brn|[from] item: Leftovers\n|-damage|p2a: Kingambit|20\/100 brn|[from] brn\n|upkeep\n|turn|35\n|\n|t:|1700343423\n|move|p2a: Kingambit|Sucker Punch|p1a: Heiz Guderitran\n|-damage|p1a: Heiz Guderitran|19\/100\n|move|p1a: Heiz Guderitran|Earth Power|p2a: Kingambit\n|-supereffective|p2a: Kingambit\n|-damage|p2a: Kingambit|0 fnt\n|faint|p2a: Kingambit\n|-end|p2a: Kingambit|fallen5|[silent]\n|\n|win|kuhihuihihhuhi\n|n|\u2606kuhihuihihhuhi|kuhihuihihhuhi\n|n|\u2606Novice by Nature|novicebynature\n|n|*Lady Monita \u2746|ladymonita\n|n| BB-8-NU|bb8nu\n|n| Van Pyro|vanpyro\n|n| SweatyRon|sweatyron\n|n| nodogsaleystay|nodogsaleystay\n|n| Mepe Murp|mepemurp\n|n| cjw405|cjw405\n|l|*Lady Monita \u2746\n|l| BB-8-NU\n|c| SweatyRon|gg\n","uploadtime":1700343427,"views":12,"p1id":"kuhihuihihhuhi","p2id":"novicebynature","formatid":"gen9ou","rating":0,"private":0,"password":""}