{"id":"gen9ou-1992129977","p1":"Sebas99sevilla","p2":"PekPicPek","format":"[Gen 9] OU","log":"|j|\u203dSebas99sevilla\n|j|\u2606PekPicPek\n|t:|1700157522\n|gametype|singles\n|player|p1|Sebas99sevilla|2|1707\n|player|p2|PekPicPek|chuck|1759\n|teamsize|p1|6\n|teamsize|p2|6\n|gen|9\n|tier|[Gen 9] OU\n|rated|\n|rule|Sleep Clause Mod: Limit one foe put to sleep\n|rule|Species Clause: Limit one of each Pok\u00e9mon\n|rule|OHKO Clause: OHKO moves are banned\n|rule|Evasion Items Clause: Evasion items are banned\n|rule|Evasion Moves Clause: Evasion moves are banned\n|rule|Endless Battle Clause: Forcing endless battles is banned\n|rule|HP Percentage Mod: HP is shown in percentages\n|clearpoke\n|poke|p1|Scovillain, F|\n|poke|p1|Torkoal, M|\n|poke|p1|Great Tusk|\n|poke|p1|Cinderace, M|\n|poke|p1|Brute Bonnet|\n|poke|p1|Walking Wake|\n|poke|p2|Great Tusk|\n|poke|p2|Dragapult, F|\n|poke|p2|Kingambit, M|\n|poke|p2|Klawf, M|\n|poke|p2|Azumarill, M|\n|poke|p2|Moltres|\n|teampreview\n|j| FLASHPOINT98\n|j| djsxhnsksksjdjjdh\n|inactive|Battle timer is ON: inactive players will automatically lose when time's up. (requested by Sebas99sevilla)\n|\n|t:|1700157550\n|start\n|switch|p1a: Torkoal|Torkoal, M|100\/100\n|switch|p2a: Dragapult|Dragapult, F|100\/100\n|-weather|SunnyDay|[from] ability: Drought|[of] p1a: Torkoal\n|turn|1\n|\n|t:|1700157559\n|move|p2a: Dragapult|Draco Meteor|p1a: Torkoal\n|-damage|p1a: Torkoal|20\/100\n|-unboost|p2a: Dragapult|spa|2\n|move|p1a: Torkoal|Yawn|p2a: Dragapult\n|-start|p2a: Dragapult|move: Yawn|[of] p1a: Torkoal\n|\n|-weather|SunnyDay|[upkeep]\n|upkeep\n|turn|2\n|j| FatherSuperior7\n|\n|t:|1700157565\n|switch|p2a: Great Tusk|Great Tusk|100\/100\n|-activate|p2a: Great Tusk|ability: Protosynthesis\n|-start|p2a: Great Tusk|protosynthesisatk\n|switch|p1a: Scovillain|Scovillain, F|100\/100\n|\n|-weather|SunnyDay|[upkeep]\n|upkeep\n|turn|3\n|\n|t:|1700157569\n|-end|p2a: Great Tusk|Protosynthesis|[silent]\n|switch|p2a: Moltres|Moltres|100\/100\n|move|p1a: Scovillain|Growth|p1a: Scovillain\n|-boost|p1a: Scovillain|atk|2\n|-boost|p1a: Scovillain|spa|2\n|\n|-weather|SunnyDay|[upkeep]\n|upkeep\n|turn|4\n|j| Jimmy Powka\n|j| Valt10\n|\n|t:|1700157584\n|-terastallize|p1a: Scovillain|Fire\n|move|p1a: Scovillain|Flamethrower|p2a: Moltres\n|-resisted|p2a: Moltres\n|-damage|p2a: Moltres|0 fnt\n|faint|p2a: Moltres\n|-damage|p1a: Scovillain|91\/100|[from] item: Life Orb\n|\n|-weather|SunnyDay|[upkeep]\n|upkeep\n|\n|t:|1700157589\n|switch|p2a: Klawf|Klawf, M|100\/100\n|turn|5\n|\n|t:|1700157593\n|move|p1a: Scovillain|Giga Drain|p2a: Klawf\n|-supereffective|p2a: Klawf\n|-enditem|p2a: Klawf|Focus Sash\n|-damage|p2a: Klawf|1\/100\n|-heal|p1a: Scovillain|100\/100|[from] drain|[of] p2a: Klawf\n|-ability|p2a: Klawf|Anger Shell|boost\n|-boost|p2a: Klawf|atk|1\n|-boost|p2a: Klawf|spa|1\n|-boost|p2a: Klawf|spe|1\n|-unboost|p2a: Klawf|def|1\n|-unboost|p2a: Klawf|spd|1\n|-damage|p1a: Scovillain|91\/100|[from] item: Life Orb\n|move|p2a: Klawf|Rock Blast|p1a: Scovillain\n|-supereffective|p1a: Scovillain\n|-damage|p1a: Scovillain|37\/100\n|-supereffective|p1a: Scovillain\n|-damage|p1a: Scovillain|0 fnt\n|faint|p1a: Scovillain\n|-hitcount|p1: Scovillain|2\n|\n|-weather|SunnyDay|[upkeep]\n|upkeep\n|\n|t:|1700157602\n|switch|p1a: Walking Wake|Walking Wake|100\/100\n|-activate|p1a: Walking Wake|ability: Protosynthesis\n|-start|p1a: Walking Wake|protosynthesisspe\n|turn|6\n|\n|t:|1700157612\n|move|p1a: Walking Wake|Flip Turn|p2a: Klawf\n|-supereffective|p2a: Klawf\n|-damage|p2a: Klawf|0 fnt\n|faint|p2a: Klawf\n|\n|t:|1700157615\n|-end|p1a: Walking Wake|Protosynthesis|[silent]\n|switch|p1a: Cinderace|Cinderace, M|100\/100|[from] Flip Turn\n|\n|-weather|SunnyDay|[upkeep]\n|upkeep\n|l| Valt10\n|\n|t:|1700157625\n|switch|p2a: Great Tusk|Great Tusk|100\/100\n|-activate|p2a: Great Tusk|ability: Protosynthesis\n|-start|p2a: Great Tusk|protosynthesisatk\n|turn|7\n|\n|t:|1700157628\n|move|p1a: Cinderace|U-turn|p2a: Great Tusk\n|-start|p1a: Cinderace|typechange|Bug|[from] ability: Libero\n|-resisted|p2a: Great Tusk\n|-damage|p2a: Great Tusk|89\/100\n|\n|t:|1700157639\n|switch|p1a: Brute Bonnet|Brute Bonnet|100\/100|[from] U-turn\n|-activate|p1a: Brute Bonnet|ability: Protosynthesis\n|-start|p1a: Brute Bonnet|protosynthesisatk\n|move|p2a: Great Tusk|Rapid Spin|p1a: Brute Bonnet\n|-damage|p1a: Brute Bonnet|79\/100\n|-boost|p2a: Great Tusk|spe|1\n|\n|-weather|SunnyDay|[upkeep]\n|upkeep\n|turn|8\n|\n|t:|1700157644\n|move|p2a: Great Tusk|Close Combat|p1a: Brute Bonnet\n|-supereffective|p1a: Brute Bonnet\n|-damage|p1a: Brute Bonnet|0 fnt\n|-unboost|p2a: Great Tusk|def|1\n|-unboost|p2a: Great Tusk|spd|1\n|faint|p1a: Brute Bonnet\n|-end|p1a: Brute Bonnet|Protosynthesis|[silent]\n|\n|-weather|none\n|-end|p2a: Great Tusk|Protosynthesis\n|upkeep\n|-enditem|p2a: Great Tusk|Booster Energy\n|-activate|p2a: Great Tusk|ability: Protosynthesis|[fromitem]\n|-start|p2a: Great Tusk|protosynthesisspe\n|\n|t:|1700157652\n|switch|p1a: Great Tusk|Great Tusk|100\/100\n|turn|9\n|j| Ghosty187\n|\n|t:|1700157663\n|-end|p2a: Great Tusk|Protosynthesis|[silent]\n|switch|p2a: Dragapult|Dragapult, F|100\/100\n|move|p1a: Great Tusk|Headlong Rush|p2a: Dragapult\n|-damage|p2a: Dragapult|35\/100\n|-unboost|p1a: Great Tusk|def|1\n|-unboost|p1a: Great Tusk|spd|1\n|\n|upkeep\n|turn|10\n|\n|t:|1700157668\n|-end|p1a: Great Tusk|Protosynthesis|[silent]\n|switch|p1a: Torkoal|Torkoal, M|20\/100\n|-weather|SunnyDay|[from] ability: Drought|[of] p1a: Torkoal\n|move|p2a: Dragapult|Shadow Ball|p1a: Torkoal\n|-damage|p1a: Torkoal|0 fnt\n|faint|p1a: Torkoal\n|\n|-weather|SunnyDay|[upkeep]\n|upkeep\n|l| Ghosty187\n|\n|t:|1700157675\n|switch|p1a: Walking Wake|Walking Wake|100\/100\n|-activate|p1a: Walking Wake|ability: Protosynthesis\n|-start|p1a: Walking Wake|protosynthesisspe\n|turn|11\n|\n|t:|1700157678\n|switch|p2a: Azumarill|Azumarill, M|100\/100\n|move|p1a: Walking Wake|Hydro Steam|p2a: Azumarill\n|-resisted|p2a: Azumarill\n|-damage|p2a: Azumarill|69\/100\n|\n|-weather|SunnyDay|[upkeep]\n|upkeep\n|turn|12\n|\n|t:|1700157687\n|-end|p1a: Walking Wake|Protosynthesis|[silent]\n|switch|p1a: Cinderace|Cinderace, M|100\/100\n|move|p2a: Azumarill|Play Rough|p1a: Cinderace\n|-resisted|p1a: Cinderace\n|-damage|p1a: Cinderace|59\/100\n|\n|-weather|SunnyDay|[upkeep]\n|upkeep\n|turn|13\n|\n|t:|1700157697\n|move|p1a: Cinderace|Pyro Ball|p2a: Azumarill\n|-resisted|p2a: Azumarill\n|-damage|p2a: Azumarill|25\/100\n|move|p2a: Azumarill|Play Rough|p1a: Cinderace|[miss]\n|-miss|p2a: Azumarill|p1a: Cinderace\n|\n|-weather|SunnyDay|[upkeep]\n|upkeep\n|turn|14\n|\n|t:|1700157701\n|move|p2a: Azumarill|Aqua Jet|p1a: Cinderace\n|-supereffective|p1a: Cinderace\n|-damage|p1a: Cinderace|23\/100\n|move|p1a: Cinderace|Pyro Ball|p2a: Azumarill|[miss]\n|-miss|p1a: Cinderace|p2a: Azumarill\n|\n|-weather|SunnyDay|[upkeep]\n|upkeep\n|turn|15\n|j| TestAccountNo.123\n|\n|t:|1700157707\n|switch|p1a: Walking Wake|Walking Wake|100\/100\n|-activate|p1a: Walking Wake|ability: Protosynthesis\n|-start|p1a: Walking Wake|protosynthesisspe\n|move|p2a: Azumarill|Play Rough|p1a: Walking Wake|[miss]\n|-miss|p2a: Azumarill|p1a: Walking Wake\n|\n|-weather|SunnyDay|[upkeep]\n|upkeep\n|turn|16\n|\n|t:|1700157716\n|move|p1a: Walking Wake|Hydro Steam|p2a: Azumarill\n|-resisted|p2a: Azumarill\n|-damage|p2a: Azumarill|0 fnt\n|faint|p2a: Azumarill\n|\n|-weather|SunnyDay|[upkeep]\n|upkeep\n|\n|t:|1700157722\n|switch|p2a: Kingambit|Kingambit, M|100\/100\n|-activate|p2a: Kingambit|ability: Supreme Overlord\n|-start|p2a: Kingambit|fallen3|[silent]\n|turn|17\n|\n|t:|1700157725\n|-terastallize|p2a: Kingambit|Dark\n|move|p2a: Kingambit|Sucker Punch|p1a: Walking Wake\n|-damage|p1a: Walking Wake|12\/100\n|move|p1a: Walking Wake|Hydro Steam|p2a: Kingambit\n|-damage|p2a: Kingambit|21\/100\n|\n|-weather|none\n|-end|p1a: Walking Wake|Protosynthesis\n|upkeep\n|turn|18\n|\n|t:|1700157733\n|-end|p1a: Walking Wake|Protosynthesis|[silent]\n|switch|p1a: Great Tusk|Great Tusk|100\/100\n|move|p2a: Kingambit|Iron Head|p1a: Great Tusk\n|-damage|p1a: Great Tusk|60\/100\n|\n|-heal|p1a: Great Tusk|67\/100|[from] item: Leftovers\n|upkeep\n|turn|19\n|\n|t:|1700157739\n|move|p1a: Great Tusk|Headlong Rush|p2a: Kingambit\n|-damage|p2a: Kingambit|0 fnt\n|-unboost|p1a: Great Tusk|def|1\n|-unboost|p1a: Great Tusk|spd|1\n|faint|p2a: Kingambit\n|-end|p2a: Kingambit|fallen3|[silent]\n|\n|-heal|p1a: Great Tusk|73\/100|[from] item: Leftovers\n|upkeep\n|\n|t:|1700157742\n|switch|p2a: Great Tusk|Great Tusk|89\/100\n|turn|20\n|\n|t:|1700157747\n|-end|p1a: Great Tusk|Protosynthesis|[silent]\n|switch|p1a: Walking Wake|Walking Wake|12\/100\n|move|p2a: Great Tusk|Rapid Spin|p1a: Walking Wake\n|-damage|p1a: Walking Wake|0 fnt\n|-boost|p2a: Great Tusk|spe|1\n|faint|p1a: Walking Wake\n|-end|p1a: Walking Wake|Protosynthesis|[silent]\n|\n|upkeep\n|\n|t:|1700157749\n|switch|p1a: Great Tusk|Great Tusk|73\/100\n|turn|21\n|\n|t:|1700157751\n|move|p2a: Great Tusk|Ice Spinner|p1a: Great Tusk\n|-supereffective|p1a: Great Tusk\n|-damage|p1a: Great Tusk|37\/100\n|move|p1a: Great Tusk|Bulk Up|p1a: Great Tusk\n|-boost|p1a: Great Tusk|atk|1\n|-boost|p1a: Great Tusk|def|1\n|\n|-heal|p1a: Great Tusk|43\/100|[from] item: Leftovers\n|upkeep\n|turn|22\n|j| sampl_txt\n|\n|t:|1700157755\n|move|p2a: Great Tusk|Ice Spinner|p1a: Great Tusk\n|-supereffective|p1a: Great Tusk\n|-damage|p1a: Great Tusk|21\/100\n|move|p1a: Great Tusk|Rapid Spin|p2a: Great Tusk\n|-damage|p2a: Great Tusk|74\/100\n|-boost|p1a: Great Tusk|spe|1\n|\n|-heal|p1a: Great Tusk|27\/100|[from] item: Leftovers\n|upkeep\n|turn|23\n|\n|t:|1700157763\n|move|p1a: Great Tusk|Bulk Up|p1a: Great Tusk\n|-boost|p1a: Great Tusk|atk|1\n|-boost|p1a: Great Tusk|def|1\n|move|p2a: Great Tusk|Ice Spinner|p1a: Great Tusk\n|-supereffective|p1a: Great Tusk\n|-damage|p1a: Great Tusk|9\/100\n|\n|-heal|p1a: Great Tusk|15\/100|[from] item: Leftovers\n|upkeep\n|turn|24\n|\n|t:|1700157768\n|move|p2a: Great Tusk|Ice Spinner|p1a: Great Tusk\n|-supereffective|p1a: Great Tusk\n|-damage|p1a: Great Tusk|0 fnt\n|faint|p1a: Great Tusk\n|-end|p1a: Great Tusk|Protosynthesis|[silent]\n|\n|upkeep\n|l| sampl_txt\n|-message|Sebas99sevilla forfeited.\n|\n|win|PekPicPek\n|raw|Sebas99sevilla's rating: 1707 &rarr; <strong>1690<\/strong><br \/>(-17 for losing)\n|raw|PekPicPek's rating: 1759 &rarr; <strong>1776<\/strong><br \/>(+17 for winning)\n|l|\u203dSebas99sevilla\n|c|\u2606PekPicPek|gg\n|l| FatherSuperior7\n|j| Valt10\n","uploadtime":1700157791,"views":8,"p1id":"sebas99sevilla","p2id":"pekpicpek","formatid":"gen9ou","rating":1690,"private":0,"password":""}