{"id":"gen9ou-1992809090","p1":"curtisthecacnea","p2":"48seed","format":"[Gen 9] OU","log":"|j|\u2606curtisthecacnea\n|j|\u260648seed\n|t:|1700237320\n|gametype|singles\n|player|p1|curtisthecacnea|veteran|1250\n|player|p2|48seed|aromalady|1331\n|teamsize|p1|6\n|teamsize|p2|6\n|gen|9\n|tier|[Gen 9] OU\n|rated|\n|rule|Sleep Clause Mod: Limit one foe put to sleep\n|rule|Species Clause: Limit one of each Pok\u00e9mon\n|rule|OHKO Clause: OHKO moves are banned\n|rule|Evasion Items Clause: Evasion items are banned\n|rule|Evasion Moves Clause: Evasion moves are banned\n|rule|Endless Battle Clause: Forcing endless battles is banned\n|rule|HP Percentage Mod: HP is shown in percentages\n|clearpoke\n|poke|p1|Samurott-Hisui, M|\n|poke|p1|Glimmora, F|\n|poke|p1|Dragonite, M|\n|poke|p1|Iron Moth|\n|poke|p1|Gholdengo|\n|poke|p1|Kingambit, M|\n|poke|p2|Garganacl, M|\n|poke|p2|Alomomola, M|\n|poke|p2|Clefable, F|\n|poke|p2|Mandibuzz, F|\n|poke|p2|Slowking-Galar, F|\n|poke|p2|Clodsire, M|\n|teampreview\n|\n|t:|1700237331\n|start\n|switch|p1a: Samurott|Samurott-Hisui, M|100\/100\n|switch|p2a: Mandibuzz|Mandibuzz, F|100\/100\n|turn|1\n|\n|t:|1700237339\n|move|p1a: Samurott|Ceaseless Edge|p2a: Mandibuzz|[miss]\n|-miss|p1a: Samurott|p2a: Mandibuzz\n|move|p2a: Mandibuzz|U-turn|p1a: Samurott\n|-supereffective|p1a: Samurott\n|-damage|p1a: Samurott|71\/100\n|\n|t:|1700237344\n|switch|p2a: Clefable|Clefable, F|100\/100|[from] U-turn\n|\n|upkeep\n|turn|2\n|\n|t:|1700237351\n|switch|p1a: Glimmora|Glimmora, F|100\/100\n|move|p2a: Clefable|Moonblast|p1a: Glimmora\n|-resisted|p1a: Glimmora\n|-damage|p1a: Glimmora|78\/100\n|-enditem|p1a: Glimmora|Red Card|[of] p2a: Clefable\n|drag|p2a: Alomomola|Alomomola, M|100\/100\n|\n|upkeep\n|turn|3\n|\n|t:|1700237358\n|move|p1a: Glimmora|Stealth Rock|p2a: Alomomola\n|-sidestart|p2: 48seed|move: Stealth Rock\n|move|p2a: Alomomola|Scald|p1a: Glimmora\n|-supereffective|p1a: Glimmora\n|-damage|p1a: Glimmora|45\/100\n|\n|upkeep\n|turn|4\n|\n|t:|1700237373\n|switch|p1a: Gholdengo|Gholdengo|100\/100\n|-item|p1a: Gholdengo|Air Balloon\n|move|p2a: Alomomola|Flip Turn|p1a: Gholdengo\n|-damage|p1a: Gholdengo|84\/100\n|-enditem|p1a: Gholdengo|Air Balloon\n|\n|t:|1700237380\n|switch|p2a: Clodsire|Clodsire, M|100\/100|[from] Flip Turn\n|-damage|p2a: Clodsire|94\/100|[from] Stealth Rock\n|\n|-heal|p2a: Clodsire|100\/100|[from] item: Leftovers\n|upkeep\n|turn|5\n|\n|t:|1700237387\n|switch|p1a: Dragonite|Dragonite, M|100\/100\n|move|p2a: Clodsire|Spikes|p1a: Dragonite\n|-sidestart|p1: curtisthecacnea|Spikes\n|\n|upkeep\n|turn|6\n|\n|t:|1700237391\n|move|p1a: Dragonite|Extreme Speed|p2a: Clodsire\n|-damage|p2a: Clodsire|69\/100\n|move|p2a: Clodsire|Toxic|p1a: Dragonite\n|-status|p1a: Dragonite|tox\n|\n|-heal|p2a: Clodsire|75\/100|[from] item: Leftovers\n|-damage|p1a: Dragonite|94\/100 tox|[from] psn\n|upkeep\n|turn|7\n|\n|t:|1700237402\n|switch|p2a: Clefable|Clefable, F|100\/100\n|move|p1a: Dragonite|Earthquake|p2a: Clefable\n|-damage|p2a: Clefable|65\/100\n|\n|-heal|p2a: Clefable|72\/100|[from] item: Leftovers\n|-damage|p1a: Dragonite|82\/100 tox|[from] psn\n|upkeep\n|turn|8\n|\n|t:|1700237410\n|switch|p1a: Gholdengo|Gholdengo|84\/100\n|-damage|p1a: Gholdengo|72\/100|[from] Spikes\n|move|p2a: Clefable|Stealth Rock|p1a: Gholdengo\n|-sidestart|p1: curtisthecacnea|move: Stealth Rock\n|\n|-heal|p2a: Clefable|78\/100|[from] item: Leftovers\n|upkeep\n|turn|9\n|\n|t:|1700237425\n|move|p1a: Gholdengo|Nasty Plot|p1a: Gholdengo\n|-boost|p1a: Gholdengo|spa|2\n|move|p2a: Clefable|Knock Off|p1a: Gholdengo\n|-supereffective|p1a: Gholdengo\n|-crit|p1a: Gholdengo\n|-damage|p1a: Gholdengo|39\/100\n|\n|-heal|p2a: Clefable|84\/100|[from] item: Leftovers\n|upkeep\n|turn|10\n|\n|t:|1700237434\n|switch|p2a: Clodsire|Clodsire, M|75\/100\n|-damage|p2a: Clodsire|69\/100|[from] Stealth Rock\n|move|p1a: Gholdengo|Shadow Ball|p2a: Clodsire\n|-damage|p2a: Clodsire|44\/100\n|\n|-heal|p2a: Clodsire|50\/100|[from] item: Leftovers\n|upkeep\n|turn|11\n|\n|t:|1700237442\n|move|p1a: Gholdengo|Psyshock|p2a: Clodsire\n|-supereffective|p2a: Clodsire\n|-damage|p2a: Clodsire|0 fnt\n|faint|p2a: Clodsire\n|\n|upkeep\n|\n|t:|1700237447\n|switch|p2a: Slowking|Slowking-Galar, F|100\/100\n|-damage|p2a: Slowking|88\/100|[from] Stealth Rock\n|turn|12\n|\n|t:|1700237455\n|-terastallize|p1a: Gholdengo|Fairy\n|move|p1a: Gholdengo|Shadow Ball|p2a: Slowking\n|-supereffective|p2a: Slowking\n|-damage|p2a: Slowking|0 fnt\n|faint|p2a: Slowking\n|\n|upkeep\n|\n|t:|1700237462\n|switch|p2a: Mandibuzz|Mandibuzz, F|100\/100\n|turn|13\n|\n|t:|1700237467\n|move|p1a: Gholdengo|Dazzling Gleam|p2a: Mandibuzz\n|-supereffective|p2a: Mandibuzz\n|-damage|p2a: Mandibuzz|0 fnt\n|faint|p2a: Mandibuzz\n|\n|upkeep\n|\n|t:|1700237475\n|switch|p2a: Clefable|Clefable, F|84\/100\n|turn|14\n|\n|t:|1700237479\n|move|p1a: Gholdengo|Shadow Ball|p2a: Clefable\n|-crit|p2a: Clefable\n|-damage|p2a: Clefable|0 fnt\n|faint|p2a: Clefable\n|\n|upkeep\n|\n|t:|1700237484\n|switch|p2a: Garganacl|Garganacl, M|100\/100\n|-damage|p2a: Garganacl|88\/100|[from] Stealth Rock\n|turn|15\n|\n|t:|1700237489\n|-terastallize|p2a: Garganacl|Fairy\n|move|p1a: Gholdengo|Dazzling Gleam|p2a: Garganacl\n|-crit|p2a: Garganacl\n|-damage|p2a: Garganacl|0 fnt\n|faint|p2a: Garganacl\n|\n|upkeep\n|\n|t:|1700237495\n|switch|p2a: Alomomola|Alomomola, M|100\/100\n|-damage|p2a: Alomomola|88\/100|[from] Stealth Rock\n|turn|16\n|\n|t:|1700237499\n|move|p1a: Gholdengo|Shadow Ball|p2a: Alomomola\n|-damage|p2a: Alomomola|0 fnt\n|faint|p2a: Alomomola\n|\n|win|curtisthecacnea\n|raw|curtisthecacnea's rating: 1250 &rarr; <strong>1281<\/strong><br \/>(+31 for winning)\n|raw|48seed's rating: 1331 &rarr; <strong>1306<\/strong><br \/>(-25 for losing)\n","uploadtime":1700237503,"views":18,"p1id":"curtisthecacnea","p2id":"48seed","formatid":"gen9ou","rating":1281,"private":0,"password":""}