{"id":"gen9ou-1992390570","p1":"lieb330","p2":"edicts","format":"[Gen 9] OU","log":"|j|\u2606lieb330\n|j|\u2606edicts\n|t:|1700182058\n|gametype|singles\n|player|p1|lieb330|1|\n|player|p2|edicts|kimonogirl|\n|teamsize|p1|6\n|teamsize|p2|6\n|gen|9\n|tier|[Gen 9] OU\n|rule|Sleep Clause Mod: Limit one foe put to sleep\n|rule|Species Clause: Limit one of each Pok\u00e9mon\n|rule|OHKO Clause: OHKO moves are banned\n|rule|Evasion Items Clause: Evasion items are banned\n|rule|Evasion Moves Clause: Evasion moves are banned\n|rule|Endless Battle Clause: Forcing endless battles is banned\n|rule|HP Percentage Mod: HP is shown in percentages\n|clearpoke\n|poke|p1|Garganacl, M|\n|poke|p1|Alomomola, F|\n|poke|p1|Volcanion|\n|poke|p1|Torkoal, M|\n|poke|p1|Lilligant-Hisui, F|\n|poke|p1|Dragalge, F|\n|poke|p2|Skeledirge, F|\n|poke|p2|Drednaw, F|\n|poke|p2|Ogerpon, F|\n|poke|p2|Pelipper, F|\n|poke|p2|Hatterene, F|\n|poke|p2|Whiscash, F|\n|teampreview\n|inactive|Battle timer is ON: inactive players will automatically lose when time's up. (requested by lieb330)\n|j| napg0d\n|j| poggerwog\n|inactiveoff|Battle timer is now OFF.\n|j| lumpfren\n|\n|t:|1700182085\n|start\n|switch|p1a: RICH FLEX|Volcanion|100\/100\n|switch|p2a: \u5730\u7403\u6226\u968a|Ogerpon, F|100\/100\n|turn|1\n|\n|t:|1700182102\n|move|p2a: \u5730\u7403\u6226\u968a|U-turn|p1a: RICH FLEX\n|-resisted|p1a: RICH FLEX\n|-damage|p1a: RICH FLEX|85\/100\n|-damage|p2a: \u5730\u7403\u6226\u968a|91\/100|[from] item: Life Orb\n|\n|t:|1700182106\n|switch|p2a: \u53f0\u98a8\u6226\u968a|Pelipper, F, shiny|100\/100|[from] U-turn\n|-weather|RainDance|[from] ability: Drizzle|[of] p2a: \u53f0\u98a8\u6226\u968a\n|move|p1a: RICH FLEX|Sludge Bomb|p2a: \u53f0\u98a8\u6226\u968a\n|-damage|p2a: \u53f0\u98a8\u6226\u968a|65\/100\n|-status|p2a: \u53f0\u98a8\u6226\u968a|psn\n|\n|-weather|RainDance|[upkeep]\n|-heal|p1a: RICH FLEX|91\/100|[from] item: Leftovers\n|-damage|p2a: \u53f0\u98a8\u6226\u968a|53\/100 psn|[from] psn\n|upkeep\n|turn|2\n|\n|t:|1700182122\n|move|p1a: RICH FLEX|Steam Eruption|p2a: \u53f0\u98a8\u6226\u968a\n|-resisted|p2a: \u53f0\u98a8\u6226\u968a\n|-damage|p2a: \u53f0\u98a8\u6226\u968a|0 fnt\n|faint|p2a: \u53f0\u98a8\u6226\u968a\n|\n|-weather|RainDance|[upkeep]\n|-heal|p1a: RICH FLEX|97\/100|[from] item: Leftovers\n|upkeep\n|\n|t:|1700182131\n|switch|p2a: OH NO!|Whiscash, F, shiny|100\/100\n|turn|3\n|\n|t:|1700182141\n|-terastallize|p2a: OH NO!|Dragon\n|move|p1a: RICH FLEX|Earth Power|p2a: OH NO!\n|-damage|p2a: OH NO!|74\/100\n|move|p2a: OH NO!|Dragon Dance|p2a: OH NO!\n|-boost|p2a: OH NO!|atk|1\n|-boost|p2a: OH NO!|spe|1\n|\n|-weather|RainDance|[upkeep]\n|-heal|p1a: RICH FLEX|100\/100|[from] item: Leftovers\n|-heal|p2a: OH NO!|80\/100|[from] item: Leftovers\n|upkeep\n|turn|4\n|\n|t:|1700182154\n|switch|p1a: NICE FOR WHAT|Dragalge, F|100\/100\n|move|p2a: OH NO!|Dragon Dance|p2a: OH NO!\n|-boost|p2a: OH NO!|atk|1\n|-boost|p2a: OH NO!|spe|1\n|\n|-weather|RainDance|[upkeep]\n|-heal|p2a: OH NO!|86\/100|[from] item: Leftovers\n|upkeep\n|turn|5\n|\n|t:|1700182175\n|move|p2a: OH NO!|Earthquake|p1a: NICE FOR WHAT\n|-supereffective|p1a: NICE FOR WHAT\n|-damage|p1a: NICE FOR WHAT|0 fnt\n|faint|p1a: NICE FOR WHAT\n|\n|-weather|RainDance|[upkeep]\n|-heal|p2a: OH NO!|92\/100|[from] item: Leftovers\n|upkeep\n|\n|t:|1700182190\n|switch|p1a: MELTDOWN|Torkoal, M|100\/100\n|-weather|SunnyDay|[from] ability: Drought|[of] p1a: MELTDOWN\n|turn|6\n|\n|t:|1700182208\n|-terastallize|p1a: MELTDOWN|Flying\n|move|p2a: OH NO!|Earthquake|p1a: MELTDOWN\n|-immune|p1a: MELTDOWN\n|move|p1a: MELTDOWN|Stealth Rock|p2a: OH NO!\n|-sidestart|p2: edicts|move: Stealth Rock\n|\n|-weather|SunnyDay|[upkeep]\n|-heal|p2a: OH NO!|99\/100|[from] item: Leftovers\n|upkeep\n|turn|7\n|\n|t:|1700182223\n|switch|p1a: ONE DANCE|Lilligant-Hisui, F|100\/100\n|move|p2a: OH NO!|Dragon Dance|p2a: OH NO!\n|-boost|p2a: OH NO!|atk|1\n|-boost|p2a: OH NO!|spe|1\n|\n|-weather|SunnyDay|[upkeep]\n|-heal|p2a: OH NO!|100\/100|[from] item: Leftovers\n|upkeep\n|turn|8\n|\n|t:|1700182232\n|move|p1a: ONE DANCE|Ice Spinner|p2a: OH NO!\n|-supereffective|p2a: OH NO!\n|-damage|p2a: OH NO!|50\/100\n|move|p2a: OH NO!|Outrage|p1a: ONE DANCE\n|-damage|p1a: ONE DANCE|0 fnt\n|faint|p1a: ONE DANCE\n|\n|-weather|SunnyDay|[upkeep]\n|-heal|p2a: OH NO!|56\/100|[from] item: Leftovers\n|upkeep\n|c| lumpfren|outrage?!\n|\n|t:|1700182245\n|switch|p1a: RICH FLEX|Volcanion|100\/100\n|turn|9\n|\n|t:|1700182256\n|move|p2a: OH NO!|Outrage|p1a: RICH FLEX|[from]lockedmove\n|-damage|p1a: RICH FLEX|12\/100\n|move|p1a: RICH FLEX|Flamethrower|p2a: OH NO!\n|-resisted|p2a: OH NO!\n|-damage|p2a: OH NO!|24\/100\n|\n|-weather|SunnyDay|[upkeep]\n|-heal|p2a: OH NO!|30\/100|[from] item: Leftovers\n|-heal|p1a: RICH FLEX|18\/100|[from] item: Leftovers\n|upkeep\n|turn|10\n|\n|t:|1700182267\n|switch|p1a: LOOK ALIVE|Alomomola, F|100\/100\n|move|p2a: OH NO!|Outrage|p1a: LOOK ALIVE|[from]lockedmove\n|-crit|p1a: LOOK ALIVE\n|-damage|p1a: LOOK ALIVE|27\/100\n|-start|p2a: OH NO!|confusion|[fatigue]\n|\n|-weather|SunnyDay|[upkeep]\n|-heal|p2a: OH NO!|36\/100|[from] item: Leftovers\n|-heal|p1a: LOOK ALIVE|33\/100|[from] item: Leftovers\n|upkeep\n|turn|11\n|\n|t:|1700182285\n|-activate|p2a: OH NO!|confusion\n|move|p2a: OH NO!|Rest|p2a: OH NO!\n|-status|p2a: OH NO!|slp|[from] move: Rest\n|-heal|p2a: OH NO!|100\/100 slp|[silent]\n|move|p1a: LOOK ALIVE|Wish|p1a: LOOK ALIVE\n|\n|-weather|SunnyDay|[upkeep]\n|-heal|p1a: LOOK ALIVE|39\/100|[from] item: Leftovers\n|upkeep\n|turn|12\n|\n|t:|1700182308\n|cant|p2a: OH NO!|slp\n|move|p1a: LOOK ALIVE|Scald|p2a: OH NO!\n|-resisted|p2a: OH NO!\n|-damage|p2a: OH NO!|98\/100 slp\n|\n|-weather|SunnyDay|[upkeep]\n|-heal|p1a: LOOK ALIVE|89\/100|[from] move: Wish|[wisher] LOOK ALIVE\n|-heal|p2a: OH NO!|100\/100 slp|[from] item: Leftovers\n|-heal|p1a: LOOK ALIVE|95\/100|[from] item: Leftovers\n|upkeep\n|turn|13\n|\n|t:|1700182319\n|cant|p2a: OH NO!|slp\n|move|p1a: LOOK ALIVE|Wish|p1a: LOOK ALIVE\n|\n|-weather|none\n|-heal|p1a: LOOK ALIVE|100\/100|[from] item: Leftovers\n|upkeep\n|turn|14\n|\n|t:|1700182330\n|-curestatus|p2a: OH NO!|slp|[msg]\n|-activate|p2a: OH NO!|confusion\n|move|p2a: OH NO!|Earthquake|p1a: LOOK ALIVE\n|-damage|p1a: LOOK ALIVE|61\/100\n|move|p1a: LOOK ALIVE|Flip Turn|p2a: OH NO!\n|-resisted|p2a: OH NO!\n|-damage|p2a: OH NO!|92\/100\n|\n|t:|1700182336\n|switch|p1a: RICH FLEX|Volcanion|18\/100|[from] Flip Turn\n|\n|-heal|p1a: RICH FLEX|100\/100|[from] move: Wish|[wisher] LOOK ALIVE\n|-heal|p2a: OH NO!|98\/100|[from] item: Leftovers\n|upkeep\n|turn|15\n|\n|t:|1700182350\n|-activate|p2a: OH NO!|confusion\n|move|p2a: OH NO!|Earthquake|p1a: RICH FLEX\n|-supereffective|p1a: RICH FLEX\n|-damage|p1a: RICH FLEX|0 fnt\n|faint|p1a: RICH FLEX\n|\n|-heal|p2a: OH NO!|100\/100|[from] item: Leftovers\n|upkeep\n|\n|t:|1700182363\n|switch|p1a: GODS PLAN|Garganacl, M, shiny|100\/100\n|turn|16\n|\n|t:|1700182370\n|-activate|p2a: OH NO!|confusion\n|move|p2a: OH NO!|Earthquake|p1a: GODS PLAN\n|-supereffective|p1a: GODS PLAN\n|-damage|p1a: GODS PLAN|0 fnt\n|faint|p1a: GODS PLAN\n|\n|upkeep\n|\n|t:|1700182375\n|switch|p1a: MELTDOWN|Torkoal, M, tera:Flying|100\/100\n|-weather|SunnyDay|[from] ability: Drought|[of] p1a: MELTDOWN\n|turn|17\n|c|\u2606edicts|THIS WHISCASH IS GOATED\n|\n|t:|1700182386\n|-end|p2a: OH NO!|confusion\n|move|p2a: OH NO!|Outrage|p1a: MELTDOWN\n|-damage|p1a: MELTDOWN|49\/100\n|move|p1a: MELTDOWN|Lava Plume|p2a: OH NO!\n|-resisted|p2a: OH NO!\n|-damage|p2a: OH NO!|86\/100\n|-status|p2a: OH NO!|brn\n|\n|-weather|SunnyDay|[upkeep]\n|-heal|p2a: OH NO!|92\/100 brn|[from] item: Leftovers\n|-damage|p2a: OH NO!|86\/100 brn|[from] brn\n|upkeep\n|turn|18\n|\n|t:|1700182404\n|move|p2a: OH NO!|Outrage|p1a: MELTDOWN|[from]lockedmove\n|-damage|p1a: MELTDOWN|22\/100\n|move|p1a: MELTDOWN|Yawn||[still]\n|-fail|p1a: MELTDOWN\n|\n|-weather|SunnyDay|[upkeep]\n|-heal|p2a: OH NO!|92\/100 brn|[from] item: Leftovers\n|-damage|p2a: OH NO!|86\/100 brn|[from] brn\n|upkeep\n|turn|19\n|\n|t:|1700182414\n|switch|p1a: LOOK ALIVE|Alomomola, F|94\/100\n|move|p2a: OH NO!|Outrage|p1a: LOOK ALIVE|[from]lockedmove\n|-damage|p1a: LOOK ALIVE|68\/100\n|-start|p2a: OH NO!|confusion|[fatigue]\n|\n|-weather|SunnyDay|[upkeep]\n|-heal|p2a: OH NO!|92\/100 brn|[from] item: Leftovers\n|-heal|p1a: LOOK ALIVE|74\/100|[from] item: Leftovers\n|-damage|p2a: OH NO!|86\/100 brn|[from] brn\n|upkeep\n|turn|20\n|c| lumpfren|IT HAD YAWN THE WHOLE TIME??\n|\n|t:|1700182426\n|-activate|p2a: OH NO!|confusion\n|-damage|p2a: OH NO!|66\/100 brn|[from] confusion\n|move|p1a: LOOK ALIVE|Acrobatics|p2a: OH NO!\n|-damage|p2a: OH NO!|55\/100 brn\n|\n|-weather|SunnyDay|[upkeep]\n|-heal|p2a: OH NO!|61\/100 brn|[from] item: Leftovers\n|-heal|p1a: LOOK ALIVE|80\/100|[from] item: Leftovers\n|-damage|p2a: OH NO!|55\/100 brn|[from] brn\n|upkeep\n|turn|21\n|c|\u2606edicts|I BELIEVE IN WHISCASH!\n|\n|t:|1700182443\n|-end|p2a: OH NO!|confusion\n|move|p2a: OH NO!|Rest|p2a: OH NO!\n|-status|p2a: OH NO!|slp|[from] move: Rest\n|-heal|p2a: OH NO!|100\/100 slp|[silent]\n|move|p1a: LOOK ALIVE|Scald|p2a: OH NO!\n|-resisted|p2a: OH NO!\n|-damage|p2a: OH NO!|98\/100 slp\n|\n|-weather|SunnyDay|[upkeep]\n|-heal|p2a: OH NO!|100\/100 slp|[from] item: Leftovers\n|-heal|p1a: LOOK ALIVE|87\/100|[from] item: Leftovers\n|upkeep\n|turn|22\n|c|\u2606edicts|BELIEVE IT!\n|-message|lieb330 forfeited.\n|\n|win|edicts\n|l|\u2606lieb330\n","uploadtime":1700182467,"views":9,"p1id":"lieb330","p2id":"edicts","formatid":"gen9ou","rating":0,"private":0,"password":""}