{"id":"gen9ou-1988924436","p1":"Durbarod","p2":"Mukyaup","format":"[Gen 9] OU","log":"|j|\u2606Durbarod\n|j|\u2606Mukyaup\n|t:|1699788751\n|gametype|singles\n|player|p1|Durbarod|alder|1425\n|player|p2|Mukyaup|koga|1378\n|teamsize|p1|6\n|teamsize|p2|6\n|gen|9\n|tier|[Gen 9] OU\n|rated|\n|rule|Sleep Clause Mod: Limit one foe put to sleep\n|rule|Species Clause: Limit one of each Pok\u00e9mon\n|rule|OHKO Clause: OHKO moves are banned\n|rule|Evasion Items Clause: Evasion items are banned\n|rule|Evasion Moves Clause: Evasion moves are banned\n|rule|Endless Battle Clause: Forcing endless battles is banned\n|rule|HP Percentage Mod: HP is shown in percentages\n|clearpoke\n|poke|p1|Manaphy|\n|poke|p1|Cinderace, F|\n|poke|p1|Gholdengo|\n|poke|p1|Enamorus, F|\n|poke|p1|Iron Moth|\n|poke|p1|Rillaboom, M|\n|poke|p2|Maushold-Four|\n|poke|p2|Weezing-Galar, F|\n|poke|p2|Dragonite, M|\n|poke|p2|Walking Wake|\n|poke|p2|Muk-Alola, F|\n|poke|p2|Great Tusk|\n|teampreview\n|\n|t:|1699788767\n|start\n|switch|p1a: Rillaboom|Rillaboom, M|100\/100\n|switch|p2a: WalkingMid|Walking Wake|100\/100\n|-fieldstart|move: Grassy Terrain|[from] ability: Grassy Surge|[of] p1a: Rillaboom\n|turn|1\n|inactive|Battle timer is ON: inactive players will automatically lose when time's up. (requested by Durbarod)\n|\n|t:|1699788775\n|move|p1a: Rillaboom|Grassy Glide|p2a: WalkingMid\n|-damage|p2a: WalkingMid|40\/100\n|move|p2a: WalkingMid|Flamethrower|p1a: Rillaboom\n|-supereffective|p1a: Rillaboom\n|-damage|p1a: Rillaboom|20\/100\n|\n|-heal|p2a: WalkingMid|47\/100|[from] Grassy Terrain\n|-heal|p1a: Rillaboom|26\/100|[from] Grassy Terrain\n|upkeep\n|turn|2\n|\n|t:|1699788787\n|-end|p2a: WalkingMid|Protosynthesis|[silent]\n|switch|p2a: Mr.TopHats|Weezing-Galar, F, shiny|100\/100\n|move|p1a: Rillaboom|Grassy Glide|p2a: Mr.TopHats\n|-resisted|p2a: Mr.TopHats\n|-damage|p2a: Mr.TopHats|70\/100\n|\n|-heal|p1a: Rillaboom|32\/100|[from] Grassy Terrain\n|upkeep\n|turn|3\n|\n|t:|1699788795\n|switch|p1a: Gholdengo|Gholdengo|100\/100\n|-item|p1a: Gholdengo|Air Balloon\n|move|p2a: Mr.TopHats|Shadow Ball|p1a: Gholdengo\n|-supereffective|p1a: Gholdengo\n|-damage|p1a: Gholdengo|26\/100\n|-enditem|p1a: Gholdengo|Air Balloon\n|\n|-heal|p1a: Gholdengo|32\/100|[from] Grassy Terrain\n|upkeep\n|turn|4\n|\n|t:|1699788806\n|move|p1a: Gholdengo|Make It Rain|p2a: Mr.TopHats\n|-supereffective|p2a: Mr.TopHats\n|-crit|p2a: Mr.TopHats\n|-damage|p2a: Mr.TopHats|0 fnt\n|-unboost|p1a: Gholdengo|spa|1\n|faint|p2a: Mr.TopHats\n|\n|-heal|p1a: Gholdengo|38\/100|[from] Grassy Terrain\n|upkeep\n|\n|t:|1699788813\n|switch|p2a: Pride \ud83c\udf08|Muk-Alola, F|100\/100\n|turn|5\n|\n|t:|1699788819\n|move|p1a: Gholdengo|Nasty Plot|p1a: Gholdengo\n|-boost|p1a: Gholdengo|spa|2\n|move|p2a: Pride \ud83c\udf08|Knock Off|p1a: Gholdengo\n|-supereffective|p1a: Gholdengo\n|-damage|p1a: Gholdengo|0 fnt\n|faint|p1a: Gholdengo\n|\n|-fieldend|move: Grassy Terrain\n|upkeep\n|\n|t:|1699788833\n|switch|p1a: Enamorus|Enamorus, F|100\/100\n|turn|6\n|\n|t:|1699788839\n|move|p1a: Enamorus|Earth Power|p2a: Pride \ud83c\udf08\n|-supereffective|p2a: Pride \ud83c\udf08\n|-damage|p2a: Pride \ud83c\udf08|60\/100\n|move|p2a: Pride \ud83c\udf08|Poison Jab|p1a: Enamorus\n|-supereffective|p1a: Enamorus\n|-damage|p1a: Enamorus|4\/100\n|\n|-heal|p2a: Pride \ud83c\udf08|66\/100|[from] item: Black Sludge\n|upkeep\n|turn|7\n|\n|t:|1699788849\n|move|p2a: Pride \ud83c\udf08|Protect|p2a: Pride \ud83c\udf08\n|-singleturn|p2a: Pride \ud83c\udf08|Protect\n|move|p1a: Enamorus|Earth Power|p2a: Pride \ud83c\udf08\n|-activate|p2a: Pride \ud83c\udf08|move: Protect\n|\n|-heal|p2a: Pride \ud83c\udf08|72\/100|[from] item: Black Sludge\n|upkeep\n|turn|8\n|\n|t:|1699788858\n|switch|p1a: Iron Moth|Iron Moth|100\/100\n|-enditem|p1a: Iron Moth|Booster Energy\n|-activate|p1a: Iron Moth|ability: Quark Drive|[fromitem]\n|-start|p1a: Iron Moth|quarkdrivespe\n|move|p2a: Pride \ud83c\udf08|Knock Off|p1a: Iron Moth\n|-damage|p1a: Iron Moth|69\/100\n|\n|-heal|p2a: Pride \ud83c\udf08|78\/100|[from] item: Black Sludge\n|upkeep\n|turn|9\n|\n|t:|1699788867\n|move|p1a: Iron Moth|Fiery Dance|p2a: Pride \ud83c\udf08\n|-damage|p2a: Pride \ud83c\udf08|52\/100\n|move|p2a: Pride \ud83c\udf08|Knock Off|p1a: Iron Moth\n|-damage|p1a: Iron Moth|38\/100\n|\n|-heal|p2a: Pride \ud83c\udf08|58\/100|[from] item: Black Sludge\n|upkeep\n|turn|10\n|\n|t:|1699788873\n|move|p2a: Pride \ud83c\udf08|Protect|p2a: Pride \ud83c\udf08\n|-singleturn|p2a: Pride \ud83c\udf08|Protect\n|move|p1a: Iron Moth|Dazzling Gleam|p2a: Pride \ud83c\udf08\n|-activate|p2a: Pride \ud83c\udf08|move: Protect\n|\n|-heal|p2a: Pride \ud83c\udf08|64\/100|[from] item: Black Sludge\n|upkeep\n|turn|11\n|\n|t:|1699788881\n|move|p1a: Iron Moth|Fiery Dance|p2a: Pride \ud83c\udf08\n|-damage|p2a: Pride \ud83c\udf08|39\/100\n|move|p2a: Pride \ud83c\udf08|Knock Off|p1a: Iron Moth\n|-crit|p1a: Iron Moth\n|-damage|p1a: Iron Moth|0 fnt\n|faint|p1a: Iron Moth\n|-end|p1a: Iron Moth|Quark Drive|[silent]\n|\n|-heal|p2a: Pride \ud83c\udf08|46\/100|[from] item: Black Sludge\n|upkeep\n|\n|t:|1699788894\n|switch|p1a: Cinderace|Cinderace, F|100\/100\n|turn|12\n|\n|t:|1699788905\n|move|p2a: Pride \ud83c\udf08|Protect|p2a: Pride \ud83c\udf08\n|-singleturn|p2a: Pride \ud83c\udf08|Protect\n|move|p1a: Cinderace|Pyro Ball|p2a: Pride \ud83c\udf08\n|-activate|p2a: Pride \ud83c\udf08|move: Protect\n|\n|-heal|p2a: Pride \ud83c\udf08|52\/100|[from] item: Black Sludge\n|upkeep\n|turn|13\n|\n|t:|1699788919\n|move|p1a: Cinderace|Pyro Ball|p2a: Pride \ud83c\udf08\n|-damage|p2a: Pride \ud83c\udf08|0 fnt\n|faint|p2a: Pride \ud83c\udf08\n|\n|upkeep\n|\n|t:|1699788924\n|switch|p2a: WalkingMid|Walking Wake|47\/100\n|turn|14\n|\n|t:|1699788932\n|move|p1a: Cinderace|Sucker Punch|p2a: WalkingMid\n|-start|p1a: Cinderace|typechange|Dark|[from] ability: Libero\n|-damage|p2a: WalkingMid|11\/100\n|move|p2a: WalkingMid|Flip Turn|p1a: Cinderace\n|-damage|p1a: Cinderace|78\/100\n|\n|t:|1699788937\n|-end|p2a: WalkingMid|Protosynthesis|[silent]\n|switch|p2a: Beyblade|Great Tusk|100\/100|[from] Flip Turn\n|\n|upkeep\n|turn|15\n|\n|t:|1699788941\n|move|p1a: Cinderace|U-turn|p2a: Beyblade\n|-resisted|p2a: Beyblade\n|-damage|p2a: Beyblade|96\/100\n|-damage|p1a: Cinderace|62\/100|[from] item: Rocky Helmet|[of] p2a: Beyblade\n|\n|t:|1699788946\n|switch|p1a: Manaphy|Manaphy|100\/100|[from] U-turn\n|move|p2a: Beyblade|Stealth Rock|p1a: Manaphy\n|-sidestart|p1: Durbarod|move: Stealth Rock\n|\n|upkeep\n|turn|16\n|\n|t:|1699788955\n|move|p1a: Manaphy|Scald|p2a: Beyblade\n|-supereffective|p2a: Beyblade\n|-crit|p2a: Beyblade\n|-damage|p2a: Beyblade|0 fnt\n|faint|p2a: Beyblade\n|-end|p2a: Beyblade|Protosynthesis|[silent]\n|\n|upkeep\n|\n|t:|1699788959\n|switch|p2a: ChinaAttacks|Maushold-Four|100\/100\n|turn|17\n|\n|t:|1699788971\n|move|p2a: ChinaAttacks|Population Bomb|p1a: Manaphy\n|-damage|p1a: Manaphy|89\/100\n|-damage|p1a: Manaphy|79\/100\n|-damage|p1a: Manaphy|66\/100\n|-crit|p1a: Manaphy\n|-damage|p1a: Manaphy|50\/100\n|-damage|p1a: Manaphy|39\/100\n|-damage|p1a: Manaphy|27\/100\n|-damage|p1a: Manaphy|15\/100\n|-damage|p1a: Manaphy|3\/100\n|-damage|p1a: Manaphy|0 fnt\n|faint|p1a: Manaphy\n|-hitcount|p1: Manaphy|9\n|\n|upkeep\n|inactive|Durbarod has 120 seconds left.\n|\n|t:|1699788997\n|switch|p1a: Cinderace|Cinderace, F|62\/100\n|turn|18\n|\n|t:|1699789002\n|move|p1a: Cinderace|Pyro Ball|p2a: ChinaAttacks\n|-damage|p2a: ChinaAttacks|7\/100\n|move|p2a: ChinaAttacks|Population Bomb|p1a: Cinderace\n|-damage|p1a: Cinderace|45\/100\n|-damage|p1a: Cinderace|27\/100\n|-damage|p1a: Cinderace|11\/100\n|-damage|p1a: Cinderace|0 fnt\n|faint|p1a: Cinderace\n|-hitcount|p1: Cinderace|4\n|\n|upkeep\n|c|\u2606Mukyaup|GG\n|inactive|Durbarod has 120 seconds left.\n|\n|t:|1699789027\n|switch|p1a: Rillaboom|Rillaboom, M|32\/100\n|-damage|p1a: Rillaboom|20\/100|[from] Stealth Rock\n|-fieldstart|move: Grassy Terrain|[from] ability: Grassy Surge|[of] p1a: Rillaboom\n|turn|19\n|\n|t:|1699789033\n|move|p1a: Rillaboom|Grassy Glide|p2a: ChinaAttacks\n|-damage|p2a: ChinaAttacks|0 fnt\n|faint|p2a: ChinaAttacks\n|\n|-heal|p1a: Rillaboom|26\/100|[from] Grassy Terrain\n|upkeep\n|\n|t:|1699789035\n|switch|p2a: Barney|Dragonite, M, shiny|100\/100\n|turn|20\n|\n|t:|1699789043\n|-terastallize|p2a: Barney|Normal\n|move|p2a: Barney|Extreme Speed|p1a: Rillaboom\n|-damage|p1a: Rillaboom|0 fnt\n|faint|p1a: Rillaboom\n|\n|upkeep\n|-message|Durbarod forfeited.\n|\n|win|Mukyaup\n|raw|Durbarod's rating: 1425 &rarr; <strong>1402<\/strong><br \/>(-23 for losing)\n|raw|Mukyaup's rating: 1378 &rarr; <strong>1401<\/strong><br \/>(+23 for winning)\n|l|\u2606Durbarod\n","uploadtime":1699789052,"views":10,"p1id":"durbarod","p2id":"mukyaup","formatid":"gen9ou","rating":1401,"private":0,"password":""}