{"id":"gen9ou-1995703603","p1":"pok3monjake","p2":"The Alternate GOAT","format":"[Gen 9] OU","log":"|j|\u2606pok3monjake\n|j|\u2606The Alternate GOAT\n|t:|1700595418\n|gametype|singles\n|player|p1|pok3monjake|unknown|1500\n|player|p2|The Alternate GOAT|benga|1492\n|teamsize|p1|6\n|teamsize|p2|6\n|gen|9\n|tier|[Gen 9] OU\n|rated|\n|rule|Sleep Clause Mod: Limit one foe put to sleep\n|rule|Species Clause: Limit one of each Pok\u00e9mon\n|rule|OHKO Clause: OHKO moves are banned\n|rule|Evasion Items Clause: Evasion items are banned\n|rule|Evasion Moves Clause: Evasion moves are banned\n|rule|Endless Battle Clause: Forcing endless battles is banned\n|rule|HP Percentage Mod: HP is shown in percentages\n|clearpoke\n|poke|p1|Hatterene, F|\n|poke|p1|Rillaboom, F|\n|poke|p1|Hawlucha, F|\n|poke|p1|Great Tusk|\n|poke|p1|Dragapult, M|\n|poke|p1|Kingambit, M|\n|poke|p2|Hatterene, F|\n|poke|p2|Cresselia, F|\n|poke|p2|Ursaluna, F|\n|poke|p2|Enamorus-Therian, F|\n|poke|p2|Samurott-Hisui, F|\n|poke|p2|Slowking-Galar, F|\n|teampreview\n|inactive|Battle timer is ON: inactive players will automatically lose when time's up. (requested by The Alternate GOAT)\n|inactive|pok3monjake has 120 seconds left.\n|inactive|The Alternate GOAT has 120 seconds left.\n|c|\u2606The Alternate GOAT|Who needs sneasler when we got the OG amirite??\n|\n|t:|1700595464\n|start\n|switch|p1a: Rillaboom|Rillaboom, F|100\/100\n|switch|p2a: Samurott|Samurott-Hisui, F|100\/100\n|-fieldstart|move: Grassy Terrain|[from] ability: Grassy Surge|[of] p1a: Rillaboom\n|turn|1\n|\n|t:|1700595489\n|move|p2a: Samurott|Ceaseless Edge|p1a: Rillaboom\n|-damage|p1a: Rillaboom|56\/100\n|-sidestart|p1: pok3monjake|Spikes\n|move|p1a: Rillaboom|Knock Off|p2a: Samurott\n|-resisted|p2a: Samurott\n|-damage|p2a: Samurott|76\/100\n|-enditem|p2a: Samurott|Focus Sash|[from] move: Knock Off|[of] p1a: Rillaboom\n|\n|-heal|p2a: Samurott|82\/100|[from] Grassy Terrain\n|-heal|p1a: Rillaboom|62\/100|[from] Grassy Terrain\n|upkeep\n|turn|2\n|\n|t:|1700595495\n|move|p1a: Rillaboom|Grassy Glide|p2a: Samurott\n|-supereffective|p2a: Samurott\n|-damage|p2a: Samurott|0 fnt\n|faint|p2a: Samurott\n|\n|-heal|p1a: Rillaboom|68\/100|[from] Grassy Terrain\n|upkeep\n|\n|t:|1700595507\n|switch|p2a: Hatterene|Hatterene, F|100\/100\n|turn|3\n|\n|t:|1700595526\n|move|p1a: Rillaboom|Knock Off|p2a: Hatterene\n|-damage|p2a: Hatterene|71\/100\n|-enditem|p2a: Hatterene|Leftovers|[from] move: Knock Off|[of] p1a: Rillaboom\n|move|p2a: Hatterene|Trick Room|p2a: Hatterene\n|-fieldstart|move: Trick Room|[of] p2a: Hatterene\n|\n|-heal|p2a: Hatterene|77\/100|[from] Grassy Terrain\n|-heal|p1a: Rillaboom|74\/100|[from] Grassy Terrain\n|upkeep\n|turn|4\n|inactive|pok3monjake has 120 seconds left.\n|\n|t:|1700595574\n|switch|p1a: Kingambit|Kingambit, M|100\/100\n|-damage|p1a: Kingambit|88\/100|[from] Spikes\n|move|p2a: Hatterene|Healing Wish|p2a: Hatterene\n|faint|p2a: Hatterene\n|\n|-heal|p1a: Kingambit|94\/100|[from] Grassy Terrain\n|-heal|p1a: Kingambit|100\/100|[from] item: Leftovers\n|upkeep\n|\n|t:|1700595580\n|switch|p2a: Ursaluna|Ursaluna, F|100\/100\n|turn|5\n|inactive|pok3monjake has 90 seconds left.\n|\n|t:|1700595617\n|-end|p1a: Kingambit|fallenundefined|[silent]\n|switch|p1a: Great Tusk|Great Tusk|100\/100\n|move|p2a: Ursaluna|Fire Punch|p1a: Great Tusk\n|-damage|p1a: Great Tusk|79\/100\n|\n|-heal|p1a: Great Tusk|85\/100|[from] Grassy Terrain\n|-status|p2a: Ursaluna|brn|[from] item: Flame Orb\n|upkeep\n|turn|6\n|\n|t:|1700595628\n|move|p2a: Ursaluna|Facade|p1a: Great Tusk\n|-damage|p1a: Great Tusk|0 fnt\n|faint|p1a: Great Tusk\n|-end|p1a: Great Tusk|Protosynthesis|[silent]\n|\n|-damage|p2a: Ursaluna|94\/100 brn|[from] brn\n|upkeep\n|inactive|pok3monjake has 60 seconds left.\n|\n|t:|1700595655\n|switch|p1a: Hawlucha|Hawlucha, F|100\/100\n|-enditem|p1a: Hawlucha|Grassy Seed\n|-boost|p1a: Hawlucha|def|1|[from] item: Grassy Seed\n|turn|7\n|\n|t:|1700595665\n|-terastallize|p1a: Hawlucha|Ghost\n|move|p2a: Ursaluna|Facade|p1a: Hawlucha\n|-immune|p1a: Hawlucha\n|move|p1a: Hawlucha|Swords Dance|p1a: Hawlucha\n|-boost|p1a: Hawlucha|atk|2\n|\n|-heal|p2a: Ursaluna|100\/100 brn|[from] Grassy Terrain\n|-damage|p2a: Ursaluna|94\/100 brn|[from] brn\n|-fieldend|move: Trick Room\n|upkeep\n|turn|8\n|inactive|pok3monjake has 60 seconds left.\n|c|\u2606The Alternate GOAT|yeah wp good sir\n|\n|t:|1700595694\n|-terastallize|p2a: Ursaluna|Ghost\n|move|p1a: Hawlucha|Close Combat|p2a: Ursaluna\n|-immune|p2a: Ursaluna\n|move|p2a: Ursaluna|Fire Punch|p1a: Hawlucha\n|-damage|p1a: Hawlucha|65\/100\n|\n|-heal|p1a: Hawlucha|71\/100|[from] Grassy Terrain\n|-heal|p2a: Ursaluna|100\/100 brn|[from] Grassy Terrain\n|-damage|p2a: Ursaluna|94\/100 brn|[from] brn\n|-fieldend|move: Grassy Terrain\n|upkeep\n|turn|9\n|c|\u2606The Alternate GOAT|haven't seen Tera Ghost on that yet\n|inactive|pok3monjake has 60 seconds left.\n|\n|t:|1700595714\n|switch|p2a: Slowking|Slowking-Galar, F|100\/100\n|move|p1a: Hawlucha|Tera Blast|p2a: Slowking|[anim] Tera Blast Ghost\n|-supereffective|p2a: Slowking\n|-damage|p2a: Slowking|0 fnt\n|faint|p2a: Slowking\n|\n|upkeep\n|\n|t:|1700595716\n|switch|p2a: Cresselia|Cresselia, F|100\/100\n|turn|10\n|\n|t:|1700595721\n|move|p1a: Hawlucha|Tera Blast|p2a: Cresselia|[anim] Tera Blast Ghost\n|-supereffective|p2a: Cresselia\n|-damage|p2a: Cresselia|7\/100\n|move|p2a: Cresselia|Reflect|p2a: Cresselia\n|-sidestart|p2: The Alternate GOAT|Reflect\n|\n|upkeep\n|turn|11\n|\n|t:|1700595726\n|move|p1a: Hawlucha|Tera Blast|p2a: Cresselia|[anim] Tera Blast Ghost\n|-supereffective|p2a: Cresselia\n|-damage|p2a: Cresselia|0 fnt\n|faint|p2a: Cresselia\n|\n|upkeep\n|\n|t:|1700595731\n|switch|p2a: Enamorus|Enamorus-Therian, F|100\/100\n|turn|12\n|inactive|pok3monjake has 60 seconds left.\n|\n|t:|1700595779\n|switch|p1a: Dragapult|Dragapult, M|100\/100\n|-damage|p1a: Dragapult|88\/100|[from] Spikes\n|move|p2a: Enamorus|Iron Defense|p2a: Enamorus\n|-boost|p2a: Enamorus|def|2\n|\n|upkeep\n|turn|13\n|\n|t:|1700595784\n|move|p1a: Dragapult|Shadow Ball|p2a: Enamorus\n|-damage|p2a: Enamorus|61\/100\n|move|p2a: Enamorus|Draining Kiss|p1a: Dragapult\n|-supereffective|p1a: Dragapult\n|-damage|p1a: Dragapult|29\/100\n|-heal|p2a: Enamorus|100\/100|[from] drain|[of] p1a: Dragapult\n|\n|upkeep\n|turn|14\n|\n|t:|1700595787\n|move|p1a: Dragapult|Shadow Ball|p2a: Enamorus\n|-damage|p2a: Enamorus|57\/100\n|-unboost|p2a: Enamorus|spd|1\n|move|p2a: Enamorus|Calm Mind|p2a: Enamorus\n|-boost|p2a: Enamorus|spa|1\n|-boost|p2a: Enamorus|spd|1\n|\n|-heal|p2a: Enamorus|63\/100|[from] item: Leftovers\n|upkeep\n|turn|15\n|\n|t:|1700595791\n|move|p1a: Dragapult|Shadow Ball|p2a: Enamorus\n|-damage|p2a: Enamorus|20\/100\n|move|p2a: Enamorus|Draining Kiss|p1a: Dragapult\n|-supereffective|p1a: Dragapult\n|-damage|p1a: Dragapult|0 fnt\n|-heal|p2a: Enamorus|40\/100|[from] drain|[of] p1a: Dragapult\n|faint|p1a: Dragapult\n|\n|-heal|p2a: Enamorus|46\/100|[from] item: Leftovers\n|upkeep\n|inactive|pok3monjake has 60 seconds left.\n|\n|t:|1700595817\n|switch|p1a: Hatterene|Hatterene, F|100\/100\n|-damage|p1a: Hatterene|88\/100|[from] Spikes\n|turn|16\n|\n|t:|1700595828\n|move|p1a: Hatterene|Calm Mind|p1a: Hatterene\n|-boost|p1a: Hatterene|spa|1\n|-boost|p1a: Hatterene|spd|1\n|move|p2a: Enamorus|Calm Mind|p2a: Enamorus\n|-boost|p2a: Enamorus|spa|1\n|-boost|p2a: Enamorus|spd|1\n|\n|-heal|p2a: Enamorus|52\/100|[from] item: Leftovers\n|upkeep\n|turn|17\n|\n|t:|1700595834\n|move|p1a: Hatterene|Calm Mind|p1a: Hatterene\n|-boost|p1a: Hatterene|spa|1\n|-boost|p1a: Hatterene|spd|1\n|move|p2a: Enamorus|Calm Mind|p2a: Enamorus\n|-boost|p2a: Enamorus|spa|1\n|-boost|p2a: Enamorus|spd|1\n|\n|-heal|p2a: Enamorus|58\/100|[from] item: Leftovers\n|-sideend|p2: The Alternate GOAT|Reflect\n|upkeep\n|turn|18\n|\n|t:|1700595841\n|move|p1a: Hatterene|Agility|p1a: Hatterene\n|-boost|p1a: Hatterene|spe|2\n|move|p2a: Enamorus|Calm Mind|p2a: Enamorus\n|-boost|p2a: Enamorus|spa|1\n|-boost|p2a: Enamorus|spd|1\n|\n|-heal|p2a: Enamorus|64\/100|[from] item: Leftovers\n|upkeep\n|turn|19\n|inactive|pok3monjake has 60 seconds left.\n|inactive|pok3monjake has 30 seconds left.\n|\n|t:|1700595895\n|move|p1a: Hatterene|Stored Power|p2a: Enamorus\n|-damage|p2a: Enamorus|20\/100\n|move|p2a: Enamorus|Draining Kiss|p1a: Hatterene\n|-damage|p1a: Hatterene|54\/100\n|-heal|p2a: Enamorus|44\/100|[from] drain|[of] p1a: Hatterene\n|\n|-heal|p2a: Enamorus|50\/100|[from] item: Leftovers\n|upkeep\n|turn|20\n|inactive|pok3monjake has 30 seconds left.\n|\n|t:|1700595906\n|move|p1a: Hatterene|Stored Power|p2a: Enamorus\n|-damage|p2a: Enamorus|6\/100\n|move|p2a: Enamorus|Draining Kiss|p1a: Hatterene\n|-damage|p1a: Hatterene|16\/100\n|-heal|p2a: Enamorus|32\/100|[from] drain|[of] p1a: Hatterene\n|\n|-heal|p2a: Enamorus|38\/100|[from] item: Leftovers\n|upkeep\n|turn|21\n|\n|t:|1700595911\n|move|p1a: Hatterene|Stored Power|p2a: Enamorus\n|-damage|p2a: Enamorus|0 fnt\n|faint|p2a: Enamorus\n|\n|upkeep\n|-message|The Alternate GOAT forfeited.\n|\n|win|pok3monjake\n|raw|pok3monjake's rating: 1500 &rarr; <strong>1520<\/strong><br \/>(+20 for winning)\n|raw|The Alternate GOAT's rating: 1492 &rarr; <strong>1472<\/strong><br \/>(-20 for losing)\n|l|\u2606The Alternate GOAT\n","uploadtime":1700595920,"views":2,"p1id":"pok3monjake","p2id":"thealternategoat","formatid":"gen9ou","rating":1472,"private":0,"password":""}