{"id":"gen9ou-1995423948","p1":"Jang Saxophone","p2":"iniyama","format":"[Gen 9] OU","log":"|j|\u2606Jang Saxophone\n|j|\u2606iniyama\n|t:|1700568966\n|gametype|singles\n|player|p1|Jang Saxophone|blackbelt|1082\n|player|p2|iniyama|interviewers|1072\n|teamsize|p1|6\n|teamsize|p2|6\n|gen|9\n|tier|[Gen 9] OU\n|rated|\n|rule|Sleep Clause Mod: Limit one foe put to sleep\n|rule|Species Clause: Limit one of each Pok\u00e9mon\n|rule|OHKO Clause: OHKO moves are banned\n|rule|Evasion Items Clause: Evasion items are banned\n|rule|Evasion Moves Clause: Evasion moves are banned\n|rule|Endless Battle Clause: Forcing endless battles is banned\n|rule|HP Percentage Mod: HP is shown in percentages\n|clearpoke\n|poke|p1|Manaphy|\n|poke|p1|Iron Moth|\n|poke|p1|Torkoal, M|\n|poke|p1|Hatterene, F|\n|poke|p1|Ogerpon-Cornerstone, F|\n|poke|p1|Rillaboom, F|\n|poke|p2|Rillaboom, F|\n|poke|p2|Garganacl, F|\n|poke|p2|Landorus-Therian, M|\n|poke|p2|Mandibuzz, F|\n|poke|p2|Ogerpon-Wellspring, F|\n|poke|p2|Iron Moth|\n|teampreview\n|inactive|Battle timer is ON: inactive players will automatically lose when time's up. (requested by Jang Saxophone)\n|\n|t:|1700568982\n|start\n|switch|p1a: \u314b\u314b\u314b\u314b\u314b\u314bugly|Manaphy|100\/100\n|switch|p2a: Land|Landorus-Therian, M, shiny|100\/100\n|-ability|p2a: Land|Intimidate|boost\n|-unboost|p1a: \u314b\u314b\u314b\u314b\u314b\u314bugly|atk|1\n|turn|1\n|\n|t:|1700568989\n|move|p1a: \u314b\u314b\u314b\u314b\u314b\u314bugly|Tail Glow|p1a: \u314b\u314b\u314b\u314b\u314b\u314bugly\n|-boost|p1a: \u314b\u314b\u314b\u314b\u314b\u314bugly|spa|3\n|move|p2a: Land|Taunt|p1a: \u314b\u314b\u314b\u314b\u314b\u314bugly\n|-start|p1a: \u314b\u314b\u314b\u314b\u314b\u314bugly|move: Taunt\n|\n|upkeep\n|turn|2\n|\n|t:|1700568997\n|move|p1a: \u314b\u314b\u314b\u314b\u314b\u314bugly|Ice Beam|p2a: Land\n|-supereffective|p2a: Land\n|-damage|p2a: Land|0 fnt\n|faint|p2a: Land\n|\n|upkeep\n|\n|t:|1700569002\n|switch|p2a: Mandibuzz|Mandibuzz, F, shiny|100\/100\n|turn|3\n|\n|t:|1700569007\n|move|p1a: \u314b\u314b\u314b\u314b\u314b\u314bugly|Ice Beam|p2a: Mandibuzz\n|-supereffective|p2a: Mandibuzz\n|-damage|p2a: Mandibuzz|0 fnt\n|faint|p2a: Mandibuzz\n|\n|upkeep\n|\n|t:|1700569012\n|switch|p2a: Drums|Rillaboom, F, shiny|100\/100\n|-fieldstart|move: Grassy Terrain|[from] ability: Grassy Surge|[of] p2a: Drums\n|turn|4\n|\n|t:|1700569018\n|-terastallize|p1a: \u314b\u314b\u314b\u314b\u314b\u314bugly|Psychic\n|move|p1a: \u314b\u314b\u314b\u314b\u314b\u314bugly|Ice Beam|p2a: Drums\n|-supereffective|p2a: Drums\n|-damage|p2a: Drums|0 fnt\n|faint|p2a: Drums\n|\n|-end|p1a: \u314b\u314b\u314b\u314b\u314b\u314bugly|move: Taunt\n|upkeep\n|\n|t:|1700569026\n|switch|p2a: Ogerpon|Ogerpon-Wellspring, F|100\/100\n|turn|5\n|\n|t:|1700569035\n|move|p2a: Ogerpon|Ivy Cudgel|p1a: \u314b\u314b\u314b\u314b\u314b\u314bugly|[anim] Ivy Cudgel Water\n|-damage|p1a: \u314b\u314b\u314b\u314b\u314b\u314bugly|38\/100\n|move|p1a: \u314b\u314b\u314b\u314b\u314b\u314bugly|Tail Glow|p1a: \u314b\u314b\u314b\u314b\u314b\u314bugly\n|-boost|p1a: \u314b\u314b\u314b\u314b\u314b\u314bugly|spa|3\n|\n|-heal|p1a: \u314b\u314b\u314b\u314b\u314b\u314bugly|44\/100|[from] Grassy Terrain\n|upkeep\n|turn|6\n|\n|t:|1700569045\n|move|p2a: Ogerpon|Ivy Cudgel|p1a: \u314b\u314b\u314b\u314b\u314b\u314bugly|[anim] Ivy Cudgel Water\n|-damage|p1a: \u314b\u314b\u314b\u314b\u314b\u314bugly|0 fnt\n|faint|p1a: \u314b\u314b\u314b\u314b\u314b\u314bugly\n|\n|upkeep\n|\n|t:|1700569051\n|switch|p1a: Meth|Iron Moth|100\/100\n|-enditem|p1a: Meth|Booster Energy\n|-activate|p1a: Meth|ability: Quark Drive|[fromitem]\n|-start|p1a: Meth|quarkdrivespe\n|turn|7\n|\n|t:|1700569058\n|move|p1a: Meth|Sludge Wave|p2a: Ogerpon\n|-supereffective|p2a: Ogerpon\n|-damage|p2a: Ogerpon|0 fnt\n|faint|p2a: Ogerpon\n|\n|upkeep\n|\n|t:|1700569063\n|switch|p2a: Garganacl|Garganacl, F, shiny|100\/100\n|turn|8\n|\n|t:|1700569068\n|move|p1a: Meth|Fiery Dance|p2a: Garganacl\n|-resisted|p2a: Garganacl\n|-damage|p2a: Garganacl|87\/100\n|move|p2a: Garganacl|Salt Cure|p1a: Meth\n|-supereffective|p1a: Meth\n|-damage|p1a: Meth|56\/100\n|-start|p1a: Meth|Salt Cure\n|\n|-heal|p1a: Meth|62\/100|[from] Grassy Terrain\n|-heal|p2a: Garganacl|93\/100|[from] Grassy Terrain\n|-damage|p1a: Meth|50\/100|[from] Salt Cure\n|-fieldend|move: Grassy Terrain\n|upkeep\n|turn|9\n|\n|t:|1700569086\n|move|p1a: Meth|Sludge Wave|p2a: Garganacl\n|-resisted|p2a: Garganacl\n|-damage|p2a: Garganacl|77\/100\n|move|p2a: Garganacl|Iron Defense|p2a: Garganacl\n|-boost|p2a: Garganacl|def|2\n|\n|-damage|p1a: Meth|38\/100|[from] Salt Cure\n|upkeep\n|turn|10\n|\n|t:|1700569093\n|-end|p1a: Meth|Quark Drive|[silent]\n|switch|p1a: monke|Rillaboom, F|100\/100\n|-fieldstart|move: Grassy Terrain|[from] ability: Grassy Surge|[of] p1a: monke\n|-enditem|p1a: monke|Grassy Seed\n|-boost|p1a: monke|def|1|[from] item: Grassy Seed\n|move|p2a: Garganacl|Iron Defense|p2a: Garganacl\n|-boost|p2a: Garganacl|def|2\n|\n|-heal|p2a: Garganacl|84\/100|[from] Grassy Terrain\n|upkeep\n|turn|11\n|\n|t:|1700569109\n|move|p1a: monke|Wood Hammer|p2a: Garganacl\n|-supereffective|p2a: Garganacl\n|-damage|p2a: Garganacl|43\/100\n|-damage|p1a: monke|85\/100|[from] Recoil\n|move|p2a: Garganacl|Body Press|p1a: monke\n|-damage|p1a: monke|43\/100\n|\n|-heal|p1a: monke|49\/100|[from] Grassy Terrain\n|-heal|p2a: Garganacl|49\/100|[from] Grassy Terrain\n|upkeep\n|turn|12\n|\n|t:|1700569119\n|move|p1a: monke|Wood Hammer|p2a: Garganacl\n|-supereffective|p2a: Garganacl\n|-damage|p2a: Garganacl|12\/100\n|-damage|p1a: monke|35\/100|[from] Recoil\n|move|p2a: Garganacl|Recover|p2a: Garganacl\n|-heal|p2a: Garganacl|62\/100\n|\n|-heal|p1a: monke|41\/100|[from] Grassy Terrain\n|-heal|p2a: Garganacl|68\/100|[from] Grassy Terrain\n|upkeep\n|turn|13\n|\n|t:|1700569129\n|move|p1a: monke|Wood Hammer|p2a: Garganacl\n|-supereffective|p2a: Garganacl\n|-damage|p2a: Garganacl|31\/100\n|-damage|p1a: monke|26\/100|[from] Recoil\n|move|p2a: Garganacl|Recover|p2a: Garganacl\n|-heal|p2a: Garganacl|81\/100\n|\n|-heal|p1a: monke|32\/100|[from] Grassy Terrain\n|-heal|p2a: Garganacl|87\/100|[from] Grassy Terrain\n|upkeep\n|turn|14\n|\n|t:|1700569143\n|move|p1a: monke|Wood Hammer|p2a: Garganacl\n|-supereffective|p2a: Garganacl\n|-damage|p2a: Garganacl|46\/100\n|-damage|p1a: monke|17\/100|[from] Recoil\n|move|p2a: Garganacl|Iron Defense|p2a: Garganacl\n|-boost|p2a: Garganacl|def|2\n|\n|-heal|p1a: monke|23\/100|[from] Grassy Terrain\n|-heal|p2a: Garganacl|53\/100|[from] Grassy Terrain\n|-fieldend|move: Grassy Terrain\n|upkeep\n|turn|15\n|\n|t:|1700569158\n|move|p1a: monke|Wood Hammer|p2a: Garganacl\n|-supereffective|p2a: Garganacl\n|-damage|p2a: Garganacl|32\/100\n|-damage|p1a: monke|15\/100|[from] Recoil\n|move|p2a: Garganacl|Recover|p2a: Garganacl\n|-heal|p2a: Garganacl|82\/100\n|\n|upkeep\n|turn|16\n|\n|t:|1700569168\n|move|p1a: monke|Wood Hammer|p2a: Garganacl\n|-supereffective|p2a: Garganacl\n|-damage|p2a: Garganacl|61\/100\n|-damage|p1a: monke|7\/100|[from] Recoil\n|move|p2a: Garganacl|Recover|p2a: Garganacl\n|-heal|p2a: Garganacl|100\/100\n|\n|upkeep\n|turn|17\n|\n|t:|1700569178\n|move|p1a: monke|Wood Hammer|p2a: Garganacl\n|-supereffective|p2a: Garganacl\n|-crit|p2a: Garganacl\n|-damage|p2a: Garganacl|0 fnt\n|faint|p2a: Garganacl\n|-damage|p1a: monke|0 fnt|[from] Recoil\n|faint|p1a: monke\n|\n|upkeep\n|-message|iniyama forfeited.\n|\n|win|Jang Saxophone\n|raw|Jang Saxophone's rating: 1082 &rarr; <strong>1109<\/strong><br \/>(+27 for winning)\n|raw|iniyama's rating: 1072 &rarr; <strong>1052<\/strong><br \/>(-20 for losing)\n|l|\u2606iniyama\n","uploadtime":1700569192,"views":3,"p1id":"jangsaxophone","p2id":"iniyama","formatid":"gen9ou","rating":1052,"private":0,"password":""}