{"id":"gen9ou-1990818127","p1":"VectorAMV","p2":"ChillLanturnYT","format":"[Gen 9] OU","log":"|j|\u2606VectorAMV\n|j|\u2606ChillLanturnYT\n|t:|1700003962\n|gametype|singles\n|player|p1|VectorAMV|nate|1054\n|player|p2|ChillLanturnYT|palmer|1037\n|teamsize|p1|6\n|teamsize|p2|6\n|gen|9\n|tier|[Gen 9] OU\n|rated|\n|rule|Sleep Clause Mod: Limit one foe put to sleep\n|rule|Species Clause: Limit one of each Pok\u00e9mon\n|rule|OHKO Clause: OHKO moves are banned\n|rule|Evasion Items Clause: Evasion items are banned\n|rule|Evasion Moves Clause: Evasion moves are banned\n|rule|Endless Battle Clause: Forcing endless battles is banned\n|rule|HP Percentage Mod: HP is shown in percentages\n|clearpoke\n|poke|p1|Tinkatuff, F|\n|poke|p1|Ceruledge, M|\n|poke|p1|Great Tusk|\n|poke|p1|Glimmora, F|\n|poke|p1|Greninja-*, M|\n|poke|p1|Rillaboom, M|\n|poke|p2|Grafaiai, M|\n|poke|p2|Mandibuzz, F|\n|poke|p2|Pawmot, F|\n|poke|p2|Enamorus, F|\n|poke|p2|Blissey, F|\n|poke|p2|Dragapult, M|\n|teampreview\n|inactive|Battle timer is ON: inactive players will automatically lose when time's up. (requested by VectorAMV)\n|\n|t:|1700003986\n|start\n|switch|p1a: Teeah|Tinkatuff, F, shiny|100\/100\n|switch|p2a: Pawmot|Pawmot, F|100\/100\n|turn|1\n|\n|t:|1700003996\n|move|p2a: Pawmot|Volt Switch|p1a: Teeah\n|-damage|p1a: Teeah|84\/100\n|\n|t:|1700004002\n|switch|p2a: Grafaiai|Grafaiai, M|100\/100|[from] Volt Switch\n|move|p1a: Teeah|Draining Kiss|p2a: Grafaiai\n|-resisted|p2a: Grafaiai\n|-damage|p2a: Grafaiai|88\/100\n|-heal|p1a: Teeah|93\/100|[from] drain|[of] p2a: Grafaiai\n|\n|upkeep\n|turn|2\n|\n|t:|1700004016\n|move|p2a: Grafaiai|Swagger|p1a: Teeah\n|-boost|p1a: Teeah|atk|2\n|-enditem|p2a: Grafaiai|Mirror Herb\n|-boost|p2a: Grafaiai|atk|2|[from] item: Mirror Herb\n|-immune|p1a: Teeah|confusion|[from] ability: Own Tempo\n|move|p1a: Teeah|Flash Cannon|p2a: Grafaiai\n|-damage|p2a: Grafaiai|47\/100\n|\n|upkeep\n|turn|3\n|\n|t:|1700004027\n|-terastallize|p2a: Grafaiai|Ground\n|move|p2a: Grafaiai|Tera Blast|p1a: Teeah|[anim] Tera Blast Ground\n|-supereffective|p1a: Teeah\n|-damage|p1a: Teeah|0 fnt\n|faint|p1a: Teeah\n|\n|upkeep\n|\n|t:|1700004034\n|switch|p1a: Gloria|Glimmora, F|100\/100\n|turn|4\n|\n|t:|1700004056\n|move|p2a: Grafaiai|Tera Blast|p1a: Gloria|[anim] Tera Blast Ground\n|-supereffective|p1a: Gloria\n|-enditem|p1a: Gloria|Focus Sash\n|-damage|p1a: Gloria|1\/100\n|-activate|p1a: Gloria|ability: Toxic Debris\n|-sidestart|p2: ChillLanturnYT|move: Toxic Spikes\n|move|p1a: Gloria|Mortal Spin|p2a: Grafaiai\n|-resisted|p2a: Grafaiai\n|-damage|p2a: Grafaiai|41\/100\n|-status|p2a: Grafaiai|psn\n|\n|-damage|p2a: Grafaiai|29\/100 psn|[from] psn\n|upkeep\n|turn|5\n|\n|t:|1700004084\n|switch|p1a: Rick|Rillaboom, M|100\/100\n|-fieldstart|move: Grassy Terrain|[from] ability: Grassy Surge|[of] p1a: Rick\n|move|p2a: Grafaiai|Poison Jab|p1a: Rick\n|-supereffective|p1a: Rick\n|-damage|p1a: Rick|0 fnt\n|faint|p1a: Rick\n|\n|-heal|p2a: Grafaiai|35\/100 psn|[from] Grassy Terrain\n|-damage|p2a: Grafaiai|22\/100 psn|[from] psn\n|upkeep\n|inactive|VectorAMV has 120 seconds left.\n|\n|t:|1700004103\n|switch|p1a: Carl|Ceruledge, M|100\/100\n|turn|6\n|inactive|VectorAMV has 120 seconds left.\n|\n|t:|1700004110\n|move|p1a: Carl|Shadow Sneak|p2a: Grafaiai\n|-damage|p2a: Grafaiai|0 fnt\n|faint|p2a: Grafaiai\n|\n|upkeep\n|\n|t:|1700004115\n|switch|p2a: Mandibuzz|Mandibuzz, F|100\/100\n|turn|7\n|\n|t:|1700004119\n|move|p1a: Carl|Swords Dance|p1a: Carl\n|-boost|p1a: Carl|atk|2\n|move|p2a: Mandibuzz|Toxic|p1a: Carl\n|-status|p1a: Carl|tox\n|\n|-damage|p1a: Carl|95\/100 tox|[from] psn\n|upkeep\n|turn|8\n|\n|t:|1700004128\n|move|p1a: Carl|Swords Dance|p1a: Carl\n|-boost|p1a: Carl|atk|2\n|move|p2a: Mandibuzz|Foul Play|p1a: Carl\n|-supereffective|p1a: Carl\n|-damage|p1a: Carl|0 fnt\n|faint|p1a: Carl\n|\n|upkeep\n|\n|t:|1700004133\n|switch|p1a: Gloria|Glimmora, F|1\/100\n|turn|9\n|\n|t:|1700004140\n|move|p1a: Gloria|Explosion|p2a: Mandibuzz\n|-damage|p2a: Mandibuzz|80\/100\n|faint|p1a: Gloria\n|move|p2a: Mandibuzz|Foul Play|p1: Gloria|[notarget]\n|-fail|p2a: Mandibuzz\n|\n|-fieldend|move: Grassy Terrain\n|upkeep\n|\n|t:|1700004149\n|switch|p1a: Gerry|Great Tusk|100\/100\n|turn|10\n|\n|t:|1700004155\n|move|p1a: Gerry|Knock Off|p2a: Mandibuzz\n|-resisted|p2a: Mandibuzz\n|-damage|p2a: Mandibuzz|72\/100\n|-enditem|p2a: Mandibuzz|Heavy-Duty Boots|[from] move: Knock Off|[of] p1a: Gerry\n|move|p2a: Mandibuzz|Defog|p1a: Gerry\n|-unboost|p1a: Gerry|evasion|1\n|-sideend|p2: ChillLanturnYT|Toxic Spikes|[from] move: Defog|[of] p2a: Mandibuzz\n|\n|upkeep\n|turn|11\n|\n|t:|1700004163\n|move|p1a: Gerry|Ice Spinner|p2a: Mandibuzz\n|-supereffective|p2a: Mandibuzz\n|-damage|p2a: Mandibuzz|42\/100\n|move|p2a: Mandibuzz|Roost|p2a: Mandibuzz\n|-heal|p2a: Mandibuzz|92\/100\n|-singleturn|p2a: Mandibuzz|move: Roost\n|\n|upkeep\n|turn|12\n|\n|t:|1700004169\n|move|p1a: Gerry|Ice Spinner|p2a: Mandibuzz\n|-supereffective|p2a: Mandibuzz\n|-damage|p2a: Mandibuzz|66\/100\n|move|p2a: Mandibuzz|Toxic|p1a: Gerry\n|-status|p1a: Gerry|tox\n|\n|-damage|p1a: Gerry|94\/100 tox|[from] psn\n|upkeep\n|turn|13\n|\n|t:|1700004174\n|move|p1a: Gerry|Ice Spinner|p2a: Mandibuzz\n|-supereffective|p2a: Mandibuzz\n|-damage|p2a: Mandibuzz|41\/100\n|move|p2a: Mandibuzz|Roost|p2a: Mandibuzz\n|-heal|p2a: Mandibuzz|91\/100\n|-singleturn|p2a: Mandibuzz|move: Roost\n|\n|-damage|p1a: Gerry|82\/100 tox|[from] psn\n|upkeep\n|turn|14\n|\n|t:|1700004181\n|switch|p2a: Pawmot|Pawmot, F|100\/100\n|move|p1a: Gerry|Ice Spinner|p2a: Pawmot\n|-damage|p2a: Pawmot|59\/100\n|\n|-damage|p1a: Gerry|64\/100 tox|[from] psn\n|upkeep\n|turn|15\n|\n|t:|1700004184\n|move|p2a: Pawmot|Revival Blessing|p2a: Pawmot\n|-enditem|p2a: Pawmot|Leppa Berry|[eat]\n|-activate|p2a: Pawmot|item: Leppa Berry|Revival Blessing|[consumed]\n|\n|t:|1700004187\n|-heal|p2: Grafaiai|50\/100|[from] move: Revival Blessing\n|move|p1a: Gerry|Headlong Rush|p2a: Pawmot\n|-supereffective|p2a: Pawmot\n|-damage|p2a: Pawmot|0 fnt\n|-unboost|p1a: Gerry|def|1\n|-unboost|p1a: Gerry|spd|1\n|faint|p2a: Pawmot\n|\n|-damage|p1a: Gerry|40\/100 tox|[from] psn\n|upkeep\n|\n|t:|1700004192\n|switch|p2a: Mandibuzz|Mandibuzz, F|91\/100\n|turn|16\n|\n|t:|1700004206\n|move|p1a: Gerry|Ice Spinner|p2a: Mandibuzz\n|-supereffective|p2a: Mandibuzz\n|-damage|p2a: Mandibuzz|61\/100\n|move|p2a: Mandibuzz|Roost|p2a: Mandibuzz\n|-heal|p2a: Mandibuzz|100\/100\n|-singleturn|p2a: Mandibuzz|move: Roost\n|\n|-damage|p1a: Gerry|10\/100 tox|[from] psn\n|upkeep\n|turn|17\n|\n|t:|1700004211\n|move|p1a: Gerry|Ice Spinner|p2a: Mandibuzz\n|-supereffective|p2a: Mandibuzz\n|-damage|p2a: Mandibuzz|72\/100\n|move|p2a: Mandibuzz|Roost|p2a: Mandibuzz\n|-heal|p2a: Mandibuzz|100\/100\n|-singleturn|p2a: Mandibuzz|move: Roost\n|\n|-damage|p1a: Gerry|0 fnt|[from] psn\n|faint|p1a: Gerry\n|-end|p1a: Gerry|Protosynthesis|[silent]\n|upkeep\n|\n|t:|1700004214\n|switch|p1a: Gen|Greninja, M|100\/100\n|turn|18\n|\n|t:|1700004222\n|move|p1a: Gen|Ice Beam|p2a: Mandibuzz\n|-supereffective|p2a: Mandibuzz\n|-damage|p2a: Mandibuzz|48\/100\n|-damage|p1a: Gen|91\/100|[from] item: Life Orb\n|move|p2a: Mandibuzz|Toxic|p1a: Gen\n|-status|p1a: Gen|tox\n|\n|-damage|p1a: Gen|85\/100 tox|[from] psn\n|upkeep\n|turn|19\n|\n|t:|1700004227\n|move|p1a: Gen|Ice Beam|p2a: Mandibuzz\n|-supereffective|p2a: Mandibuzz\n|-damage|p2a: Mandibuzz|1\/100\n|-damage|p1a: Gen|75\/100 tox|[from] item: Life Orb\n|move|p2a: Mandibuzz|Foul Play|p1a: Gen\n|-resisted|p1a: Gen\n|-damage|p1a: Gen|51\/100 tox\n|\n|-damage|p1a: Gen|39\/100 tox|[from] psn\n|upkeep\n|turn|20\n|\n|t:|1700004233\n|move|p1a: Gen|Dark Pulse|p2a: Mandibuzz\n|-resisted|p2a: Mandibuzz\n|-damage|p2a: Mandibuzz|0 fnt\n|faint|p2a: Mandibuzz\n|-ability|p1a: Gen|Battle Bond|boost\n|-boost|p1a: Gen|atk|1\n|-boost|p1a: Gen|spa|1\n|-boost|p1a: Gen|spe|1\n|-activate|p1a: Gen|ability: Battle Bond\n|-damage|p1a: Gen|29\/100 tox|[from] item: Life Orb\n|\n|-damage|p1a: Gen|11\/100 tox|[from] psn\n|upkeep\n|\n|t:|1700004236\n|switch|p2a: Blissey|Blissey, F|100\/100\n|turn|21\n|\n|t:|1700004252\n|-terastallize|p1a: Gen|Ground\n|move|p1a: Gen|Tera Blast|p2a: Blissey|[anim] Tera Blast Ground\n|-damage|p2a: Blissey|85\/100\n|-damage|p1a: Gen|1\/100 tox|[from] item: Life Orb\n|move|p2a: Blissey|Stealth Rock|p1a: Gen\n|-sidestart|p1: VectorAMV|move: Stealth Rock\n|\n|-heal|p2a: Blissey|91\/100|[from] item: Leftovers\n|-damage|p1a: Gen|0 fnt|[from] psn\n|faint|p1a: Gen\n|\n|win|ChillLanturnYT\n|upkeep\n|raw|VectorAMV's rating: 1054 &rarr; <strong>1035<\/strong><br \/>(-19 for losing)\n|raw|ChillLanturnYT's rating: 1037 &rarr; <strong>1073<\/strong><br \/>(+36 for winning)\n|c|\u2606VectorAMV|You're a jerk you know that? -_-\n|l|\u2606VectorAMV\n|c|\u2606ChillLanturnYT|yep\n","uploadtime":1700004264,"views":12,"p1id":"vectoramv","p2id":"chilllanturnyt","formatid":"gen9ou","rating":1035,"private":0,"password":""}