{"id":"gen9ou-1997290484","p1":"Mrcaffeine","p2":"quarters_ou","format":"[Gen 9] OU","log":"|j|\u2606Mrcaffeine\n|j|\u2606quarters_ou\n|t:|1700785296\n|gametype|singles\n|player|p1|Mrcaffeine|169|\n|player|p2|quarters_ou|1|\n|teamsize|p1|6\n|teamsize|p2|6\n|gen|9\n|tier|[Gen 9] OU\n|rule|Sleep Clause Mod: Limit one foe put to sleep\n|rule|Species Clause: Limit one of each Pok\u00e9mon\n|rule|OHKO Clause: OHKO moves are banned\n|rule|Evasion Items Clause: Evasion items are banned\n|rule|Evasion Moves Clause: Evasion moves are banned\n|rule|Endless Battle Clause: Forcing endless battles is banned\n|rule|HP Percentage Mod: HP is shown in percentages\n|clearpoke\n|poke|p1|Rillaboom, M|\n|poke|p1|Ribombee, F|\n|poke|p1|Gholdengo|\n|poke|p1|Samurott-Hisui, F|\n|poke|p1|Ursaluna, M|\n|poke|p1|Iron Moth|\n|poke|p2|Landorus-Therian, M|\n|poke|p2|Dragapult, M|\n|poke|p2|Mandibuzz, F|\n|poke|p2|Thundurus-Therian, M|\n|poke|p2|Heatran, M|\n|poke|p2|Toxapex, M|\n|teampreview\n|\n|t:|1700785307\n|start\n|switch|p1a: Ribombee|Ribombee, F|100\/100\n|switch|p2a: Landorus|Landorus-Therian, M|100\/100\n|-ability|p2a: Landorus|Intimidate|boost\n|-unboost|p1a: Ribombee|atk|1\n|turn|1\n|\n|t:|1700785327\n|move|p2a: Landorus|U-turn|p1a: Ribombee\n|-resisted|p1a: Ribombee\n|-damage|p1a: Ribombee|76\/100\n|\n|t:|1700785330\n|switch|p2a: Heatran|Heatran, M|100\/100|[from] U-turn\n|move|p1a: Ribombee|Sticky Web|p2a: Heatran\n|-sidestart|p2: quarters_ou|move: Sticky Web\n|\n|upkeep\n|turn|2\n|\n|t:|1700785345\n|move|p1a: Ribombee|Stun Spore|p2a: Heatran|[miss]\n|-miss|p1a: Ribombee|p2a: Heatran\n|move|p2a: Heatran|Magma Storm|p1a: Ribombee\n|-supereffective|p1a: Ribombee\n|-damage|p1a: Ribombee|0 fnt\n|faint|p1a: Ribombee\n|\n|upkeep\n|\n|t:|1700785365\n|switch|p1a: Ursaluna|Ursaluna, M|100\/100\n|turn|3\n|\n|t:|1700785386\n|switch|p2a: Landorus|Landorus-Therian, M|100\/100\n|-ability|p2a: Landorus|Intimidate|boost\n|-unboost|p1a: Ursaluna|atk|1\n|move|p1a: Ursaluna|Trailblaze|p2a: Landorus\n|-damage|p2a: Landorus|87\/100\n|-boost|p1a: Ursaluna|spe|1\n|\n|-status|p1a: Ursaluna|brn|[from] item: Flame Orb\n|upkeep\n|turn|4\n|\n|t:|1700785410\n|move|p2a: Landorus|U-turn|p1a: Ursaluna\n|-damage|p1a: Ursaluna|80\/100 brn\n|\n|t:|1700785417\n|switch|p2a: Mandibuzz|Mandibuzz, F|100\/100|[from] U-turn\n|move|p1a: Ursaluna|Facade|p2a: Mandibuzz\n|-damage|p2a: Mandibuzz|55\/100\n|\n|-damage|p1a: Ursaluna|74\/100 brn|[from] brn\n|upkeep\n|turn|5\n|\n|t:|1700785433\n|move|p1a: Ursaluna|Facade|p2a: Mandibuzz\n|-damage|p2a: Mandibuzz|9\/100\n|move|p2a: Mandibuzz|Defog|p1a: Ursaluna\n|-unboost|p1a: Ursaluna|evasion|1\n|-sideend|p2: quarters_ou|Sticky Web|[from] move: Defog|[of] p2a: Mandibuzz\n|\n|-damage|p1a: Ursaluna|67\/100 brn|[from] brn\n|upkeep\n|turn|6\n|\n|t:|1700785439\n|move|p1a: Ursaluna|Facade|p2a: Mandibuzz\n|-damage|p2a: Mandibuzz|0 fnt\n|faint|p2a: Mandibuzz\n|\n|-damage|p1a: Ursaluna|61\/100 brn|[from] brn\n|upkeep\n|\n|t:|1700785446\n|switch|p2a: Landorus|Landorus-Therian, M|87\/100\n|-ability|p2a: Landorus|Intimidate|boost\n|-unboost|p1a: Ursaluna|atk|1\n|turn|7\n|\n|t:|1700785463\n|move|p2a: Landorus|Earthquake|p1a: Ursaluna\n|-damage|p1a: Ursaluna|17\/100 brn\n|move|p1a: Ursaluna|Facade|p2a: Landorus\n|-damage|p2a: Landorus|25\/100\n|\n|-damage|p1a: Ursaluna|10\/100 brn|[from] brn\n|upkeep\n|turn|8\n|\n|t:|1700785472\n|switch|p2a: Dragapult|Dragapult, M|100\/100\n|move|p1a: Ursaluna|Facade|p2a: Dragapult\n|-immune|p2a: Dragapult\n|\n|-damage|p1a: Ursaluna|4\/100 brn|[from] brn\n|upkeep\n|turn|9\n|\n|t:|1700785487\n|-terastallize|p2a: Dragapult|Dragon\n|move|p2a: Dragapult|Sucker Punch|p1a: Ursaluna\n|-damage|p1a: Ursaluna|0 fnt\n|faint|p1a: Ursaluna\n|\n|upkeep\n|\n|t:|1700785558\n|switch|p1a: Gholdengo|Gholdengo|100\/100\n|-item|p1a: Gholdengo|Air Balloon\n|turn|10\n|\n|t:|1700785585\n|switch|p2a: Thundurus|Thundurus-Therian, M|100\/100\n|-terastallize|p1a: Gholdengo|Fighting\n|move|p1a: Gholdengo|Nasty Plot|p1a: Gholdengo\n|-boost|p1a: Gholdengo|spa|2\n|\n|upkeep\n|turn|11\n|\n|t:|1700785602\n|move|p2a: Thundurus|Psychic|p1a: Gholdengo\n|-supereffective|p1a: Gholdengo\n|-crit|p1a: Gholdengo\n|-damage|p1a: Gholdengo|0 fnt\n|-enditem|p1a: Gholdengo|Air Balloon\n|faint|p1a: Gholdengo\n|\n|upkeep\n|\n|t:|1700785615\n|switch|p1a: Iron Moth|Iron Moth|100\/100\n|-enditem|p1a: Iron Moth|Booster Energy\n|-activate|p1a: Iron Moth|ability: Quark Drive|[fromitem]\n|-start|p1a: Iron Moth|quarkdrivespe\n|turn|12\n|\n|t:|1700785628\n|switch|p2a: Heatran|Heatran, M|100\/100\n|move|p1a: Iron Moth|Fiery Dance|p2a: Heatran\n|-start|p2a: Heatran|ability: Flash Fire\n|\n|upkeep\n|turn|13\n|\n|t:|1700785633\n|-end|p1a: Iron Moth|Quark Drive|[silent]\n|switch|p1a: Samurott|Samurott-Hisui, F|100\/100\n|move|p2a: Heatran|Magma Storm|p1a: Samurott\n|-resisted|p1a: Samurott\n|-damage|p1a: Samurott|53\/100\n|-activate|p1a: Samurott|move: Magma Storm|[of] p2a: Heatran\n|\n|-damage|p1a: Samurott|40\/100|[from] move: Magma Storm|[partiallytrapped]\n|upkeep\n|turn|14\n|\n|t:|1700785639\n|move|p2a: Heatran|Protect|p2a: Heatran\n|-singleturn|p2a: Heatran|Protect\n|move|p1a: Samurott|Razor Shell|p2a: Heatran\n|-activate|p2a: Heatran|move: Protect\n|\n|-damage|p1a: Samurott|28\/100|[from] move: Magma Storm|[partiallytrapped]\n|upkeep\n|turn|15\n|\n|t:|1700785650\n|-end|p2a: Heatran|ability: Flash Fire|[silent]\n|switch|p2a: Toxapex|Toxapex, M|100\/100\n|move|p1a: Samurott|Swords Dance|p1a: Samurott\n|-boost|p1a: Samurott|atk|2\n|\n|-end|p1a: Samurott|Magma Storm|[partiallytrapped]|[silent]\n|upkeep\n|turn|16\n|\n|t:|1700785663\n|move|p2a: Toxapex|Baneful Bunker|p2a: Toxapex\n|-singleturn|p2a: Toxapex|move: Protect\n|move|p1a: Samurott|Ceaseless Edge|p2a: Toxapex\n|-activate|p2a: Toxapex|move: Protect\n|-status|p1a: Samurott|psn\n|\n|-damage|p1a: Samurott|15\/100 psn|[from] psn\n|upkeep\n|turn|17\n|\n|t:|1700785672\n|move|p1a: Samurott|Ceaseless Edge|p2a: Toxapex\n|-damage|p2a: Toxapex|11\/100\n|-sidestart|p2: quarters_ou|Spikes\n|move|p2a: Toxapex|Recover|p2a: Toxapex\n|-heal|p2a: Toxapex|61\/100\n|\n|-heal|p2a: Toxapex|68\/100|[from] item: Leftovers\n|-damage|p1a: Samurott|3\/100 psn|[from] psn\n|upkeep\n|turn|18\n|\n|t:|1700785679\n|move|p2a: Toxapex|Baneful Bunker|p2a: Toxapex\n|-singleturn|p2a: Toxapex|move: Protect\n|move|p1a: Samurott|Ceaseless Edge|p2a: Toxapex\n|-activate|p2a: Toxapex|move: Protect\n|\n|-heal|p2a: Toxapex|74\/100|[from] item: Leftovers\n|-damage|p1a: Samurott|0 fnt|[from] psn\n|faint|p1a: Samurott\n|upkeep\n|\n|t:|1700785683\n|switch|p1a: Rillaboom|Rillaboom, M|100\/100\n|-fieldstart|move: Grassy Terrain|[from] ability: Grassy Surge|[of] p1a: Rillaboom\n|turn|19\n|\n|t:|1700785701\n|move|p1a: Rillaboom|Wood Hammer|p2a: Toxapex\n|-damage|p2a: Toxapex|0 fnt\n|faint|p2a: Toxapex\n|-damage|p1a: Rillaboom|79\/100|[from] Recoil\n|\n|-heal|p1a: Rillaboom|85\/100|[from] Grassy Terrain\n|upkeep\n|\n|t:|1700785708\n|switch|p2a: Thundurus|Thundurus-Therian, M|100\/100\n|turn|20\n|\n|t:|1700785711\n|switch|p1a: Iron Moth|Iron Moth|100\/100\n|move|p2a: Thundurus|Sludge Bomb|p1a: Iron Moth\n|-resisted|p1a: Iron Moth\n|-damage|p1a: Iron Moth|75\/100\n|\n|-heal|p1a: Iron Moth|81\/100|[from] Grassy Terrain\n|upkeep\n|turn|21\n|\n|t:|1700785721\n|switch|p2a: Heatran|Heatran, M|100\/100\n|-damage|p2a: Heatran|88\/100|[from] Spikes\n|move|p1a: Iron Moth|Fiery Dance|p2a: Heatran\n|-start|p2a: Heatran|ability: Flash Fire\n|\n|-heal|p1a: Iron Moth|87\/100|[from] Grassy Terrain\n|-heal|p2a: Heatran|94\/100|[from] Grassy Terrain\n|-heal|p2a: Heatran|100\/100|[from] item: Leftovers\n|upkeep\n|turn|22\n|\n|t:|1700785729\n|move|p1a: Iron Moth|Energy Ball|p2a: Heatran\n|-resisted|p2a: Heatran\n|-damage|p2a: Heatran|95\/100\n|move|p2a: Heatran|Magma Storm|p1a: Iron Moth|[miss]\n|-miss|p2a: Heatran|p1a: Iron Moth\n|\n|-heal|p1a: Iron Moth|93\/100|[from] Grassy Terrain\n|-heal|p2a: Heatran|100\/100|[from] Grassy Terrain\n|upkeep\n|turn|23\n|\n|t:|1700785752\n|move|p1a: Iron Moth|Psychic|p2a: Heatran\n|-resisted|p2a: Heatran\n|-damage|p2a: Heatran|91\/100\n|move|p2a: Heatran|Stealth Rock|p1a: Iron Moth\n|-sidestart|p1: Mrcaffeine|move: Stealth Rock\n|\n|-heal|p1a: Iron Moth|99\/100|[from] Grassy Terrain\n|-heal|p2a: Heatran|97\/100|[from] Grassy Terrain\n|-heal|p2a: Heatran|100\/100|[from] item: Leftovers\n|-fieldend|move: Grassy Terrain\n|upkeep\n|turn|24\n|\n|t:|1700785759\n|-end|p1a: Iron Moth|Quark Drive|[silent]\n|switch|p1a: Rillaboom|Rillaboom, M|85\/100\n|-damage|p1a: Rillaboom|73\/100|[from] Stealth Rock\n|-fieldstart|move: Grassy Terrain|[from] ability: Grassy Surge|[of] p1a: Rillaboom\n|move|p2a: Heatran|Magma Storm|p1a: Rillaboom\n|-supereffective|p1a: Rillaboom\n|-damage|p1a: Rillaboom|0 fnt\n|faint|p1a: Rillaboom\n|\n|upkeep\n|\n|t:|1700785761\n|switch|p1a: Iron Moth|Iron Moth|99\/100\n|-damage|p1a: Iron Moth|74\/100|[from] Stealth Rock\n|turn|25\n|\n|t:|1700785769\n|-end|p2a: Heatran|ability: Flash Fire|[silent]\n|switch|p2a: Landorus|Landorus-Therian, M|25\/100\n|-ability|p2a: Landorus|Intimidate|boost\n|-unboost|p1a: Iron Moth|atk|1\n|move|p1a: Iron Moth|Energy Ball|p2a: Landorus\n|-damage|p2a: Landorus|0 fnt\n|faint|p2a: Landorus\n|\n|-heal|p1a: Iron Moth|80\/100|[from] Grassy Terrain\n|upkeep\n|\n|t:|1700785771\n|switch|p2a: Dragapult|Dragapult, M, tera:Dragon|100\/100\n|-damage|p2a: Dragapult|88\/100|[from] Spikes\n|turn|26\n|\n|t:|1700785776\n|move|p2a: Dragapult|Dragon Darts|p1a: Iron Moth\n|-damage|p1a: Iron Moth|4\/100\n|-anim|p2a: Dragapult|Dragon Darts|p1a: Iron Moth\n|-damage|p1a: Iron Moth|0 fnt\n|faint|p1a: Iron Moth\n|-end|p1a: Iron Moth|Quark Drive|[silent]\n|\n|win|quarters_ou\n","uploadtime":1700787716,"views":4,"p1id":"mrcaffeine","p2id":"quartersou","formatid":"gen9ou","rating":0,"private":0,"password":""}