{"id":"gen9ou-1994575704","p1":"Bec_Bunny","p2":"KITSUMOX","format":"[Gen 9] OU","log":"|j|\u2606Bec_Bunny\n|j|\u2606KITSUMOX\n|t:|1700462692\n|gametype|singles\n|player|p1|Bec_Bunny|2|1108\n|player|p2|KITSUMOX|harlequin|1064\n|teamsize|p1|6\n|teamsize|p2|5\n|gen|9\n|tier|[Gen 9] OU\n|rated|\n|rule|Sleep Clause Mod: Limit one foe put to sleep\n|rule|Species Clause: Limit one of each Pok\u00e9mon\n|rule|OHKO Clause: OHKO moves are banned\n|rule|Evasion Items Clause: Evasion items are banned\n|rule|Evasion Moves Clause: Evasion moves are banned\n|rule|Endless Battle Clause: Forcing endless battles is banned\n|rule|HP Percentage Mod: HP is shown in percentages\n|clearpoke\n|poke|p1|Quaquaval, F|\n|poke|p1|Mandibuzz, F|\n|poke|p1|Slowking-Galar, M|\n|poke|p1|Avalugg, M|\n|poke|p1|Gholdengo|\n|poke|p1|Arcanine, F|\n|poke|p2|Heracross, M|\n|poke|p2|Lokix, F|\n|poke|p2|Rabsca, M|\n|poke|p2|Kleavor, F|\n|poke|p2|Ribombee, F|\n|teampreview\n|inactive|Battle timer is ON: inactive players will automatically lose when time's up. (requested by Bec_Bunny)\n|c|\u2606KITSUMOX|glhf\n|\n|t:|1700462707\n|start\n|switch|p1a: Quaquaval|Quaquaval, F|100\/100\n|switch|p2a: Ribombee|Ribombee, F|100\/100\n|turn|1\n|\n|t:|1700462714\n|move|p2a: Ribombee|Sticky Web|p1a: Quaquaval\n|-sidestart|p1: Bec_Bunny|move: Sticky Web\n|move|p1a: Quaquaval|Rapid Spin|p2a: Ribombee\n|-damage|p2a: Ribombee|73\/100\n|-boost|p1a: Quaquaval|spe|1\n|-sideend|p1: Bec_Bunny|Sticky Web|[from] move: Rapid Spin|[of] p1a: Quaquaval\n|\n|upkeep\n|turn|2\n|\n|t:|1700462721\n|move|p1a: Quaquaval|Aqua Step|p2a: Ribombee\n|-damage|p2a: Ribombee|8\/100\n|-boost|p1a: Quaquaval|spe|1\n|move|p2a: Ribombee|Tailwind|p2a: Ribombee\n|-sidestart|p2: KITSUMOX|move: Tailwind\n|\n|upkeep\n|turn|3\n|\n|t:|1700462730\n|move|p2a: Ribombee|Reflect|p2a: Ribombee\n|-sidestart|p2: KITSUMOX|Reflect\n|move|p1a: Quaquaval|Rapid Spin|p2a: Ribombee\n|-damage|p2a: Ribombee|0 fnt\n|-boost|p1a: Quaquaval|spe|1\n|faint|p2a: Ribombee\n|-ability|p1a: Quaquaval|Moxie|boost\n|-boost|p1a: Quaquaval|atk|1\n|\n|upkeep\n|\n|t:|1700462737\n|switch|p2a: Heracross|Heracross, M, shiny|100\/100\n|turn|4\n|\n|t:|1700462741\n|move|p1a: Quaquaval|Aqua Step|p2a: Heracross\n|-damage|p2a: Heracross|65\/100\n|-boost|p1a: Quaquaval|spe|1\n|move|p2a: Heracross|Lunge|p1a: Quaquaval\n|-resisted|p1a: Quaquaval\n|-damage|p1a: Quaquaval|74\/100\n|-unboost|p1a: Quaquaval|atk|1\n|\n|-status|p2a: Heracross|brn|[from] item: Flame Orb\n|upkeep\n|turn|5\n|\n|t:|1700462753\n|move|p1a: Quaquaval|Close Combat|p2a: Heracross\n|-resisted|p2a: Heracross\n|-damage|p2a: Heracross|48\/100 brn\n|-unboost|p1a: Quaquaval|def|1\n|-unboost|p1a: Quaquaval|spd|1\n|move|p2a: Heracross|Facade|p1a: Quaquaval\n|-damage|p1a: Quaquaval|0 fnt\n|faint|p1a: Quaquaval\n|\n|-damage|p2a: Heracross|42\/100 brn|[from] brn\n|-sideend|p2: KITSUMOX|move: Tailwind\n|upkeep\n|\n|t:|1700462763\n|switch|p1a: Gholdengo|Gholdengo|100\/100\n|turn|6\n|\n|t:|1700462768\n|move|p1a: Gholdengo|Make It Rain|p2a: Heracross\n|-damage|p2a: Heracross|0 fnt\n|-unboost|p1a: Gholdengo|spa|1\n|faint|p2a: Heracross\n|\n|upkeep\n|\n|t:|1700462775\n|switch|p2a: Lokix|Lokix, F|100\/100\n|turn|7\n|\n|t:|1700462781\n|move|p1a: Gholdengo|Thunder Wave|p2a: Lokix|[miss]\n|-miss|p1a: Gholdengo|p2a: Lokix\n|move|p2a: Lokix|Swords Dance|p2a: Lokix\n|-boost|p2a: Lokix|atk|2\n|\n|-sideend|p2: KITSUMOX|Reflect\n|upkeep\n|turn|8\n|\n|t:|1700462791\n|move|p2a: Lokix|Sucker Punch||[still]\n|-fail|p2a: Lokix\n|move|p1a: Gholdengo|Thunder Wave|p2a: Lokix\n|-status|p2a: Lokix|par\n|\n|upkeep\n|turn|9\n|\n|t:|1700462796\n|cant|p2a: Lokix|par\n|move|p1a: Gholdengo|Nasty Plot|p1a: Gholdengo\n|-boost|p1a: Gholdengo|spa|2\n|\n|upkeep\n|turn|10\n|\n|t:|1700462803\n|cant|p2a: Lokix|par\n|move|p1a: Gholdengo|Nasty Plot|p1a: Gholdengo\n|-boost|p1a: Gholdengo|spa|2\n|\n|upkeep\n|turn|11\n|\n|t:|1700462808\n|move|p2a: Lokix|Sucker Punch||[still]\n|-fail|p2a: Lokix\n|move|p1a: Gholdengo|Nasty Plot|p1a: Gholdengo\n|-boost|p1a: Gholdengo|spa|2\n|\n|upkeep\n|turn|12\n|\n|t:|1700462814\n|move|p2a: Lokix|Sucker Punch||[still]\n|-fail|p2a: Lokix\n|move|p1a: Gholdengo|Nasty Plot|p1a: Gholdengo\n|-boost|p1a: Gholdengo|spa|1\n|\n|upkeep\n|turn|13\n|\n|t:|1700462819\n|move|p2a: Lokix|Sucker Punch||[still]\n|-fail|p2a: Lokix\n|move|p1a: Gholdengo|Nasty Plot|p1a: Gholdengo\n|-boost|p1a: Gholdengo|spa|0\n|\n|upkeep\n|turn|14\n|\n|t:|1700462825\n|cant|p2a: Lokix|par\n|move|p1a: Gholdengo|Nasty Plot|p1a: Gholdengo\n|-boost|p1a: Gholdengo|spa|0\n|\n|upkeep\n|turn|15\n|\n|t:|1700462832\n|move|p2a: Lokix|Sucker Punch||[still]\n|-fail|p2a: Lokix\n|move|p1a: Gholdengo|Nasty Plot|p1a: Gholdengo\n|-boost|p1a: Gholdengo|spa|0\n|\n|upkeep\n|turn|16\n|\n|t:|1700462837\n|move|p1a: Gholdengo|Nasty Plot|p1a: Gholdengo\n|-boost|p1a: Gholdengo|spa|0\n|move|p2a: Lokix|Swords Dance|p2a: Lokix\n|-boost|p2a: Lokix|atk|2\n|\n|upkeep\n|turn|17\n|\n|t:|1700462843\n|move|p2a: Lokix|Sucker Punch||[still]\n|-fail|p2a: Lokix\n|move|p1a: Gholdengo|Nasty Plot|p1a: Gholdengo\n|-boost|p1a: Gholdengo|spa|0\n|\n|upkeep\n|turn|18\n|\n|t:|1700462849\n|move|p1a: Gholdengo|Nasty Plot|p1a: Gholdengo\n|-boost|p1a: Gholdengo|spa|0\n|move|p2a: Lokix|Swords Dance|p2a: Lokix\n|-boost|p2a: Lokix|atk|2\n|\n|upkeep\n|turn|19\n|\n|t:|1700462855\n|move|p2a: Lokix|Sucker Punch||[still]\n|-fail|p2a: Lokix\n|move|p1a: Gholdengo|Nasty Plot|p1a: Gholdengo\n|-boost|p1a: Gholdengo|spa|0\n|\n|upkeep\n|turn|20\n|\n|t:|1700462864\n|move|p1a: Gholdengo|Nasty Plot|p1a: Gholdengo\n|-boost|p1a: Gholdengo|spa|0\n|cant|p2a: Lokix|par\n|\n|upkeep\n|turn|21\n|\n|t:|1700462871\n|cant|p2a: Lokix|par\n|move|p1a: Gholdengo|Nasty Plot|p1a: Gholdengo\n|-boost|p1a: Gholdengo|spa|0\n|\n|upkeep\n|turn|22\n|\n|t:|1700462875\n|move|p1a: Gholdengo|Nasty Plot|p1a: Gholdengo\n|-boost|p1a: Gholdengo|spa|0\n|move|p2a: Lokix|Axe Kick|p1a: Gholdengo\n|-immune|p1a: Gholdengo\n|-damage|p2a: Lokix|50\/100 par|[from] highjumpkick\n|\n|upkeep\n|turn|23\n|\n|t:|1700462883\n|move|p2a: Lokix|Sucker Punch||[still]\n|-fail|p2a: Lokix\n|move|p1a: Gholdengo|Nasty Plot|p1a: Gholdengo\n|-boost|p1a: Gholdengo|spa|0\n|\n|upkeep\n|turn|24\n|\n|t:|1700462888\n|move|p1a: Gholdengo|Shadow Ball|p2a: Lokix\n|-resisted|p2a: Lokix\n|-damage|p2a: Lokix|0 fnt\n|faint|p2a: Lokix\n|\n|upkeep\n|\n|t:|1700462898\n|switch|p2a: Kleavor|Kleavor, F|100\/100\n|turn|25\n|\n|t:|1700462903\n|move|p1a: Gholdengo|Shadow Ball|p2a: Kleavor\n|-damage|p2a: Kleavor|0 fnt\n|faint|p2a: Kleavor\n|\n|upkeep\n|c|\u2606KITSUMOX|gg\n|c|\u2606KITSUMOX|what a dance with nasty plot lmao\n|\n|t:|1700462913\n|switch|p2a: Rabsca|Rabsca, M|100\/100\n|turn|26\n|\n|t:|1700462921\n|move|p1a: Gholdengo|Shadow Ball|p2a: Rabsca\n|-supereffective|p2a: Rabsca\n|-enditem|p2a: Rabsca|Focus Sash\n|-damage|p2a: Rabsca|1\/100\n|move|p2a: Rabsca|Gunk Shot|p1a: Gholdengo\n|-immune|p1a: Gholdengo\n|\n|upkeep\n|turn|27\n|\n|t:|1700462928\n|move|p1a: Gholdengo|Shadow Ball|p2a: Rabsca\n|-supereffective|p2a: Rabsca\n|-damage|p2a: Rabsca|0 fnt\n|faint|p2a: Rabsca\n|\n|win|Bec_Bunny\n|raw|Bec_Bunny's rating: 1108 &rarr; <strong>1130<\/strong><br \/>(+22 for winning)\n|raw|KITSUMOX's rating: 1064 &rarr; <strong>1047<\/strong><br \/>(-17 for losing)\n|l|\u2606Bec_Bunny\n","uploadtime":1700462934,"views":10,"p1id":"becbunny","p2id":"kitsumox","formatid":"gen9ou","rating":1047,"private":0,"password":""}