{"id":"gen9ou-2000648173","p1":"KawaiiCultLeader","p2":"Lord Fu3coco","format":"[Gen 9] OU","log":"|j|\u2606KawaiiCultLeader\n|j|\u2606Lord Fu3coco\n|t:|1701214337\n|gametype|singles\n|player|p1|KawaiiCultLeader|caitlin|1124\n|player|p2|Lord Fu3coco|volo-ginkgo|1209\n|teamsize|p1|6\n|teamsize|p2|6\n|gen|9\n|tier|[Gen 9] OU\n|rated|\n|rule|Sleep Clause Mod: Limit one foe put to sleep\n|rule|Species Clause: Limit one of each Pok\u00e9mon\n|rule|OHKO Clause: OHKO moves are banned\n|rule|Evasion Items Clause: Evasion items are banned\n|rule|Evasion Moves Clause: Evasion moves are banned\n|rule|Endless Battle Clause: Forcing endless battles is banned\n|rule|HP Percentage Mod: HP is shown in percentages\n|clearpoke\n|poke|p1|Glimmora, F|\n|poke|p1|Gholdengo|\n|poke|p1|Iron Valiant|\n|poke|p1|Ogerpon-Wellspring, F|\n|poke|p1|Alomomola, F|\n|poke|p1|Dragapult, F|\n|poke|p2|Goodra, F|\n|poke|p2|Dragapult, M|\n|poke|p2|Kingambit, M|\n|poke|p2|Samurott-Hisui, F|\n|poke|p2|Great Tusk|\n|poke|p2|Iron Valiant|\n|teampreview\n|inactive|Battle timer is ON: inactive players will automatically lose when time's up. (requested by Lord Fu3coco)\n|j| ZenDOii!\n|\n|t:|1701214346\n|start\n|switch|p1a: Glimmora|Glimmora, F|100\/100\n|switch|p2a: Samurott|Samurott-Hisui, F|100\/100\n|turn|1\n|c|\u2606Lord Fu3coco|cutecuteleader?\n|\n|t:|1701214356\n|move|p1a: Glimmora|Mortal Spin|p2a: Samurott\n|-damage|p2a: Samurott|94\/100\n|-status|p2a: Samurott|psn\n|move|p2a: Samurott|Razor Shell|p1a: Glimmora\n|-supereffective|p1a: Glimmora\n|-enditem|p1a: Glimmora|Focus Sash\n|-damage|p1a: Glimmora|1\/100\n|-unboost|p1a: Glimmora|def|1\n|-activate|p1a: Glimmora|ability: Toxic Debris\n|-sidestart|p2: Lord Fu3coco|move: Toxic Spikes\n|\n|-damage|p2a: Samurott|81\/100 psn|[from] psn\n|upkeep\n|turn|2\n|c| ZenDOii!|woah\n|c|\u2606Lord Fu3coco|what?\n|\n|t:|1701214371\n|move|p2a: Samurott|Aqua Jet|p1a: Glimmora\n|-supereffective|p1a: Glimmora\n|-damage|p1a: Glimmora|0 fnt\n|-activate|p1a: Glimmora|ability: Toxic Debris\n|-sidestart|p2: Lord Fu3coco|move: Toxic Spikes\n|faint|p1a: Glimmora\n|\n|-damage|p2a: Samurott|69\/100 psn|[from] psn\n|upkeep\n|c|\u2606Lord Fu3coco|Thats their name\n|\n|t:|1701214383\n|switch|p1a: Ogerpon|Ogerpon-Wellspring, F|100\/100\n|turn|3\n|c|\u2606Lord Fu3coco|cutecultleader\n|\n|t:|1701214390\n|move|p1a: Ogerpon|Horn Leech|p2a: Samurott\n|-supereffective|p2a: Samurott\n|-damage|p2a: Samurott|0 fnt\n|faint|p2a: Samurott\n|\n|upkeep\n|\n|t:|1701214392\n|switch|p2a: Great Tusk|Great Tusk|100\/100\n|-status|p2a: Great Tusk|tox\n|turn|4\n|\n|t:|1701214403\n|switch|p1a: Gholdengo|Gholdengo|100\/100\n|move|p2a: Great Tusk|Rapid Spin|p1a: Gholdengo\n|-immune|p1a: Gholdengo\n|\n|-damage|p2a: Great Tusk|94\/100 tox|[from] psn\n|upkeep\n|turn|5\n|\n|t:|1701214415\n|-terastallize|p1a: Gholdengo|Flying\n|move|p2a: Great Tusk|Earthquake|p1a: Gholdengo\n|-immune|p1a: Gholdengo\n|move|p1a: Gholdengo|Shadow Ball|p2a: Great Tusk\n|-damage|p2a: Great Tusk|44\/100 tox\n|\n|-heal|p2a: Great Tusk|50\/100 tox|[from] item: Leftovers\n|-damage|p2a: Great Tusk|38\/100 tox|[from] psn\n|upkeep\n|turn|6\n|l| ZenDOii!\n|\n|t:|1701214428\n|switch|p1a: Dragapult|Dragapult, F|100\/100\n|move|p2a: Great Tusk|Rapid Spin|p1a: Dragapult\n|-immune|p1a: Dragapult\n|\n|-heal|p2a: Great Tusk|44\/100 tox|[from] item: Leftovers\n|-damage|p2a: Great Tusk|25\/100 tox|[from] psn\n|upkeep\n|turn|7\n|-message|Lord Fu3coco forfeited.\n|\n|win|KawaiiCultLeader\n|raw|KawaiiCultLeader's rating: 1124 &rarr; <strong>1155<\/strong><br \/>(+31 for winning)\n|raw|Lord Fu3coco's rating: 1209 &rarr; <strong>1178<\/strong><br \/>(-31 for losing)\n|l|\u2606Lord Fu3coco\n","uploadtime":1701214450,"views":3,"p1id":"kawaiicultleader","p2id":"lordfu3coco","formatid":"gen9ou","rating":1155,"private":0,"password":""}