{"id":"gen9ou-1993483014","p1":"Tory vs Raven IX S","p2":"blue destruction","format":"[Gen 9] OU","log":"|j|\u203dTory vs Raven IX S\n|j|\u2606blue destruction\n|t:|1700323299\n|gametype|singles\n|player|p1|Tory vs Raven IX S|steven|1210\n|player|p2|blue destruction|ltsurge|1163\n|teamsize|p1|6\n|teamsize|p2|6\n|gen|9\n|tier|[Gen 9] OU\n|rated|\n|rule|Sleep Clause Mod: Limit one foe put to sleep\n|rule|Species Clause: Limit one of each Pok\u00e9mon\n|rule|OHKO Clause: OHKO moves are banned\n|rule|Evasion Items Clause: Evasion items are banned\n|rule|Evasion Moves Clause: Evasion moves are banned\n|rule|Endless Battle Clause: Forcing endless battles is banned\n|rule|HP Percentage Mod: HP is shown in percentages\n|clearpoke\n|poke|p1|Pelipper, F|\n|poke|p1|Basculegion, M|\n|poke|p1|Overqwil, F|\n|poke|p1|Jirachi|\n|poke|p1|Thundurus-Therian, M|\n|poke|p1|Tornadus-Therian, M|\n|poke|p2|Dragonite, M|\n|poke|p2|Tinkaton, F|\n|poke|p2|Rillaboom, F|\n|poke|p2|Glimmora, M|\n|poke|p2|Ribombee, F|\n|poke|p2|Ninetales-Alola, M|\n|teampreview\n|inactive|Battle timer is ON: inactive players will automatically lose when time's up. (requested by blue destruction)\n|\n|t:|1700323316\n|start\n|switch|p1a: Pelipper|Pelipper, F, shiny|100\/100\n|switch|p2a: Ribombee|Ribombee, F|100\/100\n|-weather|RainDance|[from] ability: Drizzle|[of] p1a: Pelipper\n|turn|1\n|\n|t:|1700323322\n|move|p2a: Ribombee|Sticky Web|p1a: Pelipper\n|-sidestart|p1: Tory vs Raven IX S|move: Sticky Web\n|move|p1a: Pelipper|Hurricane|p2a: Ribombee\n|-supereffective|p2a: Ribombee\n|-enditem|p2a: Ribombee|Focus Sash\n|-damage|p2a: Ribombee|1\/100\n|\n|-weather|RainDance|[upkeep]\n|upkeep\n|turn|2\n|\n|t:|1700323332\n|move|p2a: Ribombee|U-turn|p1a: Pelipper\n|-resisted|p1a: Pelipper\n|-damage|p1a: Pelipper|96\/100\n|\n|t:|1700323336\n|switch|p2a: Ninetales|Ninetales-Alola, M|100\/100|[from] U-turn\n|-weather|Snow|[from] ability: Snow Warning|[of] p2a: Ninetales\n|move|p1a: Pelipper|Ice Beam|p2a: Ninetales\n|-resisted|p2a: Ninetales\n|-damage|p2a: Ninetales|88\/100\n|\n|-weather|Snow|[upkeep]\n|upkeep\n|turn|3\n|\n|t:|1700323347\n|switch|p1a: Overqwil|Overqwil, F, shiny|100\/100\n|-activate|p1a: Overqwil|move: Sticky Web\n|-unboost|p1a: Overqwil|spe|1\n|move|p2a: Ninetales|Nasty Plot|p2a: Ninetales\n|-boost|p2a: Ninetales|spa|2\n|\n|-weather|Snow|[upkeep]\n|upkeep\n|turn|4\n|\n|t:|1700323356\n|move|p2a: Ninetales|Ice Beam|p1a: Overqwil\n|-damage|p1a: Overqwil|0 fnt\n|faint|p1a: Overqwil\n|\n|-weather|Snow|[upkeep]\n|upkeep\n|\n|t:|1700323366\n|switch|p1a: Pelipper|Pelipper, F, shiny|96\/100\n|-weather|RainDance|[from] ability: Drizzle|[of] p1a: Pelipper\n|turn|5\n|\n|t:|1700323375\n|switch|p2a: Ribombee|Ribombee, F|1\/100\n|move|p1a: Pelipper|Surf|p2a: Ribombee\n|-damage|p2a: Ribombee|0 fnt\n|faint|p2a: Ribombee\n|\n|-weather|RainDance|[upkeep]\n|upkeep\n|\n|t:|1700323384\n|switch|p2a: Ninetales|Ninetales-Alola, M|88\/100\n|-weather|Snow|[from] ability: Snow Warning|[of] p2a: Ninetales\n|turn|6\n|\n|t:|1700323389\n|switch|p1a: Jirachi|Jirachi|100\/100\n|-activate|p1a: Jirachi|move: Sticky Web\n|-unboost|p1a: Jirachi|spe|1\n|move|p2a: Ninetales|Nasty Plot|p2a: Ninetales\n|-boost|p2a: Ninetales|spa|2\n|\n|-weather|Snow|[upkeep]\n|upkeep\n|turn|7\n|\n|t:|1700323398\n|-terastallize|p2a: Ninetales|Fighting\n|move|p2a: Ninetales|Tera Blast|p1a: Jirachi|[anim] Tera Blast Fighting\n|-damage|p1a: Jirachi|43\/100\n|move|p1a: Jirachi|Calm Mind|p1a: Jirachi\n|-boost|p1a: Jirachi|spa|1\n|-boost|p1a: Jirachi|spd|1\n|\n|-weather|Snow|[upkeep]\n|-heal|p1a: Jirachi|49\/100|[from] item: Leftovers\n|upkeep\n|turn|8\n|\n|t:|1700323408\n|move|p2a: Ninetales|Tera Blast|p1a: Jirachi|[anim] Tera Blast Fighting\n|-damage|p1a: Jirachi|8\/100\n|move|p1a: Jirachi|Psyshock|p2a: Ninetales\n|-supereffective|p2a: Ninetales\n|-damage|p2a: Ninetales|0 fnt\n|faint|p2a: Ninetales\n|\n|-weather|Snow|[upkeep]\n|-heal|p1a: Jirachi|14\/100|[from] item: Leftovers\n|upkeep\n|\n|t:|1700323436\n|switch|p2a: Glimmora|Glimmora, M|100\/100\n|turn|9\n|\n|t:|1700323440\n|move|p2a: Glimmora|Earth Power|p1a: Jirachi\n|-supereffective|p1a: Jirachi\n|-damage|p1a: Jirachi|0 fnt\n|faint|p1a: Jirachi\n|\n|-weather|Snow|[upkeep]\n|upkeep\n|\n|t:|1700323456\n|switch|p1a: Tornadus|Tornadus-Therian, M, shiny|100\/100\n|turn|10\n|\n|t:|1700323462\n|move|p2a: Glimmora|Spiky Shield|p2a: Glimmora\n|-singleturn|p2a: Glimmora|move: Protect\n|move|p1a: Tornadus|Grass Knot|p2a: Glimmora\n|-activate|p2a: Glimmora|move: Protect\n|-damage|p1a: Tornadus|88\/100|[from] Spiky Shield|[of] p2a: Glimmora\n|\n|-weather|none\n|upkeep\n|turn|11\n|\n|t:|1700323474\n|switch|p1a: Pelipper|Pelipper, F, shiny|96\/100\n|-weather|RainDance|[from] ability: Drizzle|[of] p1a: Pelipper\n|move|p2a: Glimmora|Mortal Spin|p1a: Pelipper\n|-damage|p1a: Pelipper|91\/100\n|-status|p1a: Pelipper|psn\n|\n|-weather|RainDance|[upkeep]\n|-damage|p1a: Pelipper|79\/100 psn|[from] psn\n|upkeep\n|turn|12\n|\n|t:|1700323484\n|move|p2a: Glimmora|Spiky Shield|p2a: Glimmora\n|-singleturn|p2a: Glimmora|move: Protect\n|move|p1a: Pelipper|Surf|p2a: Glimmora\n|-activate|p2a: Glimmora|move: Protect\n|\n|-weather|RainDance|[upkeep]\n|-damage|p1a: Pelipper|66\/100 psn|[from] psn\n|upkeep\n|turn|13\n|\n|t:|1700323495\n|switch|p2a: Tinkaton|Tinkaton, F|100\/100\n|-ability|p2a: Tinkaton|Mold Breaker\n|move|p1a: Pelipper|Hurricane|p2a: Tinkaton\n|-resisted|p2a: Tinkaton\n|-damage|p2a: Tinkaton|82\/100\n|-start|p2a: Tinkaton|confusion\n|\n|-weather|RainDance|[upkeep]\n|-heal|p2a: Tinkaton|88\/100|[from] item: Leftovers\n|-damage|p1a: Pelipper|54\/100 psn|[from] psn\n|upkeep\n|turn|14\n|\n|t:|1700323506\n|-activate|p2a: Tinkaton|confusion\n|move|p2a: Tinkaton|Protect|p2a: Tinkaton\n|-singleturn|p2a: Tinkaton|Protect\n|move|p1a: Pelipper|Roost|p1a: Pelipper\n|-heal|p1a: Pelipper|100\/100 psn\n|-singleturn|p1a: Pelipper|move: Roost\n|\n|-weather|RainDance|[upkeep]\n|-heal|p2a: Tinkaton|94\/100|[from] item: Leftovers\n|-damage|p1a: Pelipper|88\/100 psn|[from] psn\n|upkeep\n|turn|15\n|\n|t:|1700323517\n|switch|p1a: Basculegion|Basculegion, M, shiny|100\/100\n|-activate|p1a: Basculegion|move: Sticky Web\n|-unboost|p1a: Basculegion|spe|1\n|-activate|p2a: Tinkaton|confusion\n|move|p2a: Tinkaton|Substitute|p2a: Tinkaton\n|-start|p2a: Tinkaton|Substitute\n|-damage|p2a: Tinkaton|70\/100\n|\n|-weather|RainDance|[upkeep]\n|-heal|p2a: Tinkaton|76\/100|[from] item: Leftovers\n|upkeep\n|turn|16\n|\n|t:|1700323528\n|move|p1a: Basculegion|Wave Crash|p2a: Tinkaton\n|-end|p2a: Tinkaton|Substitute\n|-damage|p1a: Basculegion|94\/100|[from] Recoil|[of] p2a: Tinkaton\n|-end|p2a: Tinkaton|confusion\n|move|p2a: Tinkaton|Gigaton Hammer|p1a: Basculegion\n|-resisted|p1a: Basculegion\n|-damage|p1a: Basculegion|55\/100\n|\n|-weather|RainDance|[upkeep]\n|-heal|p2a: Tinkaton|82\/100|[from] item: Leftovers\n|upkeep\n|turn|17\n|\n|t:|1700323542\n|move|p2a: Tinkaton|Protect|p2a: Tinkaton\n|-singleturn|p2a: Tinkaton|Protect\n|move|p1a: Basculegion|Wave Crash|p2a: Tinkaton\n|-activate|p2a: Tinkaton|move: Protect\n|\n|-weather|RainDance|[upkeep]\n|-heal|p2a: Tinkaton|88\/100|[from] item: Leftovers\n|upkeep\n|turn|18\n|\n|t:|1700323557\n|switch|p2a: Glimmora|Glimmora, M|100\/100\n|move|p1a: Basculegion|Wave Crash|p2a: Glimmora\n|-supereffective|p2a: Glimmora\n|-enditem|p2a: Glimmora|Focus Sash\n|-damage|p2a: Glimmora|1\/100\n|-activate|p2a: Glimmora|ability: Toxic Debris\n|-sidestart|p1: Tory vs Raven IX S|move: Toxic Spikes\n|-damage|p1a: Basculegion|29\/100|[from] Recoil\n|\n|-weather|none\n|upkeep\n|turn|19\n|\n|t:|1700323571\n|switch|p1a: Pelipper|Pelipper, F, shiny|88\/100 psn\n|-weather|RainDance|[from] ability: Drizzle|[of] p1a: Pelipper\n|move|p2a: Glimmora|Energy Ball|p1a: Pelipper\n|-damage|p1a: Pelipper|41\/100 psn\n|-unboost|p1a: Pelipper|spd|1\n|\n|-weather|RainDance|[upkeep]\n|-damage|p1a: Pelipper|28\/100 psn|[from] psn\n|upkeep\n|turn|20\n|\n|t:|1700323582\n|move|p2a: Glimmora|Energy Ball|p1a: Pelipper\n|-damage|p1a: Pelipper|0 fnt\n|faint|p1a: Pelipper\n|\n|-weather|RainDance|[upkeep]\n|upkeep\n|\n|t:|1700323588\n|switch|p1a: Thundurus|Thundurus-Therian, M, shiny|100\/100\n|turn|21\n|\n|t:|1700323592\n|move|p2a: Glimmora|Spiky Shield|p2a: Glimmora\n|-singleturn|p2a: Glimmora|move: Protect\n|move|p1a: Thundurus|Agility|p1a: Thundurus\n|-boost|p1a: Thundurus|spe|2\n|\n|-weather|RainDance|[upkeep]\n|upkeep\n|turn|22\n|\n|t:|1700323601\n|move|p1a: Thundurus|Grass Knot|p2a: Glimmora\n|-damage|p2a: Glimmora|0 fnt\n|faint|p2a: Glimmora\n|-damage|p1a: Thundurus|91\/100|[from] item: Life Orb\n|\n|-weather|RainDance|[upkeep]\n|upkeep\n|\n|t:|1700323619\n|switch|p2a: Tinkaton|Tinkaton, F|88\/100\n|-ability|p2a: Tinkaton|Mold Breaker\n|turn|23\n|\n|t:|1700323626\n|move|p1a: Thundurus|Thunder|p2a: Tinkaton\n|-damage|p2a: Tinkaton|0 fnt\n|faint|p2a: Tinkaton\n|-damage|p1a: Thundurus|81\/100|[from] item: Life Orb\n|\n|-weather|RainDance|[upkeep]\n|upkeep\n|\n|t:|1700323632\n|switch|p2a: Dragonite|Dragonite, M|100\/100\n|turn|24\n|\n|t:|1700323637\n|move|p1a: Thundurus|Thunder|p2a: Dragonite\n|-damage|p2a: Dragonite|57\/100\n|-status|p2a: Dragonite|par\n|-damage|p1a: Thundurus|71\/100|[from] item: Life Orb\n|move|p2a: Dragonite|Dragon Dance|p2a: Dragonite\n|-boost|p2a: Dragonite|atk|1\n|-boost|p2a: Dragonite|spe|1\n|\n|-weather|RainDance|[upkeep]\n|upkeep\n|turn|25\n|\n|t:|1700323648\n|move|p1a: Thundurus|Thunder|p2a: Dragonite\n|-damage|p2a: Dragonite|0 fnt\n|faint|p2a: Dragonite\n|-damage|p1a: Thundurus|62\/100|[from] item: Life Orb\n|\n|-weather|RainDance|[upkeep]\n|upkeep\n|-message|blue destruction forfeited.\n|\n|win|Tory vs Raven IX S\n|raw|Tory vs Raven IX S's rating: 1210 &rarr; <strong>1232<\/strong><br \/>(+22 for winning)\n|raw|blue destruction's rating: 1163 &rarr; <strong>1141<\/strong><br \/>(-22 for losing)\n|l|\u2606blue destruction\n","uploadtime":1700323656,"views":11,"p1id":"toryvsravenixs","p2id":"bluedestruction","formatid":"gen9ou","rating":1141,"private":0,"password":""}