{"id":"gen9ou-1992122168","p1":"HWID","p2":"itsE","format":"[Gen 9] OU","log":"|j|\u203dHWID\n|j|\u203ditsE\n|t:|1700156895\n|gametype|singles\n|player|p1|HWID|turo-ai|1349\n|player|p2|itsE|carmine|1412\n|teamsize|p1|6\n|teamsize|p2|6\n|gen|9\n|tier|[Gen 9] OU\n|rated|\n|rule|Sleep Clause Mod: Limit one foe put to sleep\n|rule|Species Clause: Limit one of each Pok\u00e9mon\n|rule|OHKO Clause: OHKO moves are banned\n|rule|Evasion Items Clause: Evasion items are banned\n|rule|Evasion Moves Clause: Evasion moves are banned\n|rule|Endless Battle Clause: Forcing endless battles is banned\n|rule|HP Percentage Mod: HP is shown in percentages\n|clearpoke\n|poke|p1|Walking Wake|\n|poke|p1|Alomomola, M|\n|poke|p1|Conkeldurr, F|\n|poke|p1|Kingambit, F|\n|poke|p1|Hatterene, F|\n|poke|p1|Amoonguss, M|\n|poke|p2|Ogerpon-Cornerstone, F|\n|poke|p2|Iron Moth|\n|poke|p2|Great Tusk|\n|poke|p2|Kingambit, M|\n|poke|p2|Greninja-*, M|\n|poke|p2|Gholdengo|\n|teampreview\n|inactive|Battle timer is ON: inactive players will automatically lose when time's up. (requested by itsE)\n|\n|t:|1700156906\n|start\n|switch|p1a: Walking Wake|Walking Wake|100\/100\n|switch|p2a: Gholdengo|Gholdengo|100\/100\n|turn|1\n|\n|t:|1700156910\n|move|p2a: Gholdengo|Shadow Ball|p1a: Walking Wake\n|-damage|p1a: Walking Wake|68\/100\n|move|p1a: Walking Wake|Hydro Pump|p2a: Gholdengo\n|-damage|p2a: Gholdengo|35\/100\n|\n|upkeep\n|turn|2\n|\n|t:|1700156929\n|move|p2a: Gholdengo|Shadow Ball|p1a: Walking Wake\n|-damage|p1a: Walking Wake|36\/100\n|move|p1a: Walking Wake|Flip Turn|p2a: Gholdengo\n|-damage|p2a: Gholdengo|18\/100\n|\n|t:|1700156933\n|-end|p1a: Walking Wake|Protosynthesis|[silent]\n|switch|p1a: Kingambit|Kingambit, F|100\/100|[from] Flip Turn\n|\n|upkeep\n|turn|3\n|\n|t:|1700156939\n|switch|p2a: Great Tusk|Great Tusk|100\/100\n|-end|p1a: Kingambit|fallenundefined|[silent]\n|switch|p1a: Walking Wake|Walking Wake|36\/100\n|\n|upkeep\n|turn|4\n|\n|t:|1700156946\n|-end|p2a: Great Tusk|Protosynthesis|[silent]\n|switch|p2a: Greninja|Greninja, M|100\/100\n|move|p1a: Walking Wake|Flip Turn|p2a: Greninja\n|-resisted|p2a: Greninja\n|-damage|p2a: Greninja|86\/100\n|\n|t:|1700156951\n|-end|p1a: Walking Wake|Protosynthesis|[silent]\n|switch|p1a: Conkeldurr|Conkeldurr, F|100\/100|[from] Flip Turn\n|\n|upkeep\n|turn|5\n|\n|t:|1700156956\n|-terastallize|p2a: Greninja|Water\n|move|p2a: Greninja|Hydro Pump|p1a: Conkeldurr|[miss]\n|-miss|p2a: Greninja|p1a: Conkeldurr\n|move|p1a: Conkeldurr|Knock Off|p2a: Greninja\n|-damage|p2a: Greninja|25\/100\n|-enditem|p2a: Greninja|Life Orb|[from] move: Knock Off|[of] p1a: Conkeldurr\n|\n|upkeep\n|turn|6\n|\n|t:|1700156962\n|move|p1a: Conkeldurr|Mach Punch|p2a: Greninja\n|-damage|p2a: Greninja|0 fnt\n|faint|p2a: Greninja\n|\n|upkeep\n|\n|t:|1700156967\n|switch|p2a: Gholdengo|Gholdengo|18\/100\n|turn|7\n|\n|t:|1700156977\n|switch|p1a: Amoonguss|Amoonguss, M|100\/100\n|move|p2a: Gholdengo|Make It Rain|p1a: Amoonguss\n|-damage|p1a: Amoonguss|41\/100\n|-unboost|p2a: Gholdengo|spa|1\n|\n|upkeep\n|turn|8\n|\n|t:|1700156984\n|switch|p2a: Iron Moth|Iron Moth|100\/100\n|-enditem|p2a: Iron Moth|Booster Energy\n|-activate|p2a: Iron Moth|ability: Quark Drive|[fromitem]\n|-start|p2a: Iron Moth|quarkdrivespe\n|switch|p1a: Alomomola|Alomomola, M|100\/100\n|\n|upkeep\n|turn|9\n|\n|t:|1700156987\n|move|p2a: Iron Moth|Sludge Wave|p1a: Alomomola\n|-damage|p1a: Alomomola|42\/100\n|-enditem|p1a: Alomomola|Sitrus Berry|[eat]\n|-heal|p1a: Alomomola|67\/100|[from] item: Sitrus Berry\n|move|p1a: Alomomola|Flip Turn|p2a: Iron Moth\n|-supereffective|p2a: Iron Moth\n|-damage|p2a: Iron Moth|44\/100\n|\n|t:|1700156995\n|switch|p1a: Kingambit|Kingambit, F|100\/100|[from] Flip Turn\n|\n|upkeep\n|turn|10\n|\n|t:|1700156997\n|move|p1a: Kingambit|Sucker Punch||[still]\n|-fail|p1a: Kingambit\n|move|p2a: Iron Moth|Substitute|p2a: Iron Moth\n|-start|p2a: Iron Moth|Substitute\n|-damage|p2a: Iron Moth|19\/100\n|\n|upkeep\n|turn|11\n|\n|t:|1700157000\n|-end|p1a: Kingambit|fallenundefined|[silent]\n|switch|p1a: Alomomola|Alomomola, M|99\/100\n|move|p2a: Iron Moth|Fiery Dance|p1a: Alomomola\n|-resisted|p1a: Alomomola\n|-damage|p1a: Alomomola|77\/100\n|\n|upkeep\n|turn|12\n|\n|t:|1700157004\n|move|p2a: Iron Moth|Fiery Dance|p1a: Alomomola\n|-resisted|p1a: Alomomola\n|-damage|p1a: Alomomola|51\/100\n|-boost|p2a: Iron Moth|spa|1\n|move|p1a: Alomomola|Flip Turn|p2a: Iron Moth\n|-supereffective|p2a: Iron Moth\n|-end|p2a: Iron Moth|Substitute\n|\n|t:|1700157007\n|switch|p1a: Conkeldurr|Conkeldurr, F|100\/100|[from] Flip Turn\n|\n|upkeep\n|turn|13\n|\n|t:|1700157011\n|move|p1a: Conkeldurr|Mach Punch|p2a: Iron Moth\n|-resisted|p2a: Iron Moth\n|-damage|p2a: Iron Moth|0 fnt\n|faint|p2a: Iron Moth\n|-end|p2a: Iron Moth|Quark Drive|[silent]\n|\n|upkeep\n|\n|t:|1700157018\n|switch|p2a: Gholdengo|Gholdengo|18\/100\n|turn|14\n|\n|t:|1700157022\n|switch|p1a: Amoonguss|Amoonguss, M|75\/100\n|move|p2a: Gholdengo|Make It Rain|p1a: Amoonguss\n|-damage|p1a: Amoonguss|20\/100\n|-unboost|p2a: Gholdengo|spa|1\n|\n|upkeep\n|turn|15\n|\n|t:|1700157025\n|switch|p1a: Alomomola|Alomomola, M|84\/100\n|move|p2a: Gholdengo|Make It Rain|p1a: Alomomola\n|-resisted|p1a: Alomomola\n|-damage|p1a: Alomomola|59\/100\n|-unboost|p2a: Gholdengo|spa|1\n|\n|upkeep\n|turn|16\n|\n|t:|1700157028\n|switch|p2a: Ogerpon|Ogerpon-Cornerstone, F|100\/100\n|move|p1a: Alomomola|Flip Turn|p2a: Ogerpon\n|-damage|p2a: Ogerpon|77\/100\n|\n|t:|1700157032\n|switch|p1a: Conkeldurr|Conkeldurr, F|100\/100|[from] Flip Turn\n|\n|upkeep\n|turn|17\n|\n|t:|1700157042\n|switch|p2a: Great Tusk|Great Tusk|100\/100\n|move|p1a: Conkeldurr|Drain Punch|p2a: Great Tusk\n|-damage|p2a: Great Tusk|64\/100\n|\n|-heal|p2a: Great Tusk|70\/100|[from] item: Leftovers\n|upkeep\n|turn|18\n|\n|t:|1700157048\n|switch|p1a: Alomomola|Alomomola, M|93\/100\n|move|p2a: Great Tusk|Earthquake|p1a: Alomomola\n|-damage|p1a: Alomomola|69\/100\n|\n|-heal|p2a: Great Tusk|76\/100|[from] item: Leftovers\n|upkeep\n|turn|19\n|\n|t:|1700157052\n|move|p2a: Great Tusk|Stealth Rock|p1a: Alomomola\n|-sidestart|p1: HWID|move: Stealth Rock\n|move|p1a: Alomomola|Flip Turn|p2a: Great Tusk\n|-supereffective|p2a: Great Tusk\n|-damage|p2a: Great Tusk|54\/100\n|\n|t:|1700157054\n|switch|p1a: Amoonguss|Amoonguss, M|53\/100|[from] Flip Turn\n|-damage|p1a: Amoonguss|41\/100|[from] Stealth Rock\n|\n|-heal|p2a: Great Tusk|60\/100|[from] item: Leftovers\n|upkeep\n|turn|20\n|\n|t:|1700157057\n|switch|p1a: Alomomola|Alomomola, M|100\/100\n|-damage|p1a: Alomomola|88\/100|[from] Stealth Rock\n|move|p2a: Great Tusk|Ice Spinner|p1a: Alomomola\n|-resisted|p1a: Alomomola\n|-damage|p1a: Alomomola|82\/100\n|\n|-heal|p2a: Great Tusk|66\/100|[from] item: Leftovers\n|upkeep\n|turn|21\n|\n|t:|1700157063\n|move|p2a: Great Tusk|Earthquake|p1a: Alomomola\n|-damage|p1a: Alomomola|60\/100\n|move|p1a: Alomomola|Wish|p1a: Alomomola\n|\n|-heal|p2a: Great Tusk|72\/100|[from] item: Leftovers\n|upkeep\n|turn|22\n|\n|t:|1700157068\n|move|p2a: Great Tusk|Earthquake|p1a: Alomomola\n|-damage|p1a: Alomomola|37\/100\n|move|p1a: Alomomola|Flip Turn|p2a: Great Tusk\n|-supereffective|p2a: Great Tusk\n|-damage|p2a: Great Tusk|52\/100\n|\n|t:|1700157070\n|switch|p1a: Walking Wake|Walking Wake|36\/100|[from] Flip Turn\n|-damage|p1a: Walking Wake|24\/100|[from] Stealth Rock\n|\n|-heal|p1a: Walking Wake|100\/100|[from] move: Wish|[wisher] Alomomola\n|-heal|p2a: Great Tusk|58\/100|[from] item: Leftovers\n|upkeep\n|turn|23\n|\n|t:|1700157074\n|move|p1a: Walking Wake|Flip Turn|p2a: Great Tusk\n|-supereffective|p2a: Great Tusk\n|-damage|p2a: Great Tusk|39\/100\n|\n|t:|1700157077\n|-end|p1a: Walking Wake|Protosynthesis|[silent]\n|switch|p1a: Alomomola|Alomomola, M|70\/100|[from] Flip Turn\n|-damage|p1a: Alomomola|58\/100|[from] Stealth Rock\n|move|p2a: Great Tusk|Earthquake|p1a: Alomomola\n|-damage|p1a: Alomomola|33\/100\n|\n|-heal|p2a: Great Tusk|45\/100|[from] item: Leftovers\n|upkeep\n|turn|24\n|\n|t:|1700157082\n|move|p2a: Great Tusk|Earthquake|p1a: Alomomola\n|-damage|p1a: Alomomola|9\/100\n|move|p1a: Alomomola|Wish|p1a: Alomomola\n|\n|-heal|p2a: Great Tusk|51\/100|[from] item: Leftovers\n|upkeep\n|turn|25\n|\n|t:|1700157086\n|switch|p1a: Amoonguss|Amoonguss, M|74\/100\n|-damage|p1a: Amoonguss|61\/100|[from] Stealth Rock\n|move|p2a: Great Tusk|Earthquake|p1a: Amoonguss\n|-damage|p1a: Amoonguss|30\/100\n|\n|-heal|p1a: Amoonguss|92\/100|[from] move: Wish|[wisher] Alomomola\n|-heal|p2a: Great Tusk|57\/100|[from] item: Leftovers\n|upkeep\n|turn|26\n|\n|t:|1700157091\n|-end|p2a: Great Tusk|Protosynthesis|[silent]\n|switch|p2a: Kingambit|Kingambit, M|100\/100\n|-activate|p2a: Kingambit|ability: Supreme Overlord\n|-start|p2a: Kingambit|fallen2|[silent]\n|move|p1a: Amoonguss|Giga Drain|p2a: Kingambit\n|-resisted|p2a: Kingambit\n|-damage|p2a: Kingambit|87\/100\n|-heal|p1a: Amoonguss|97\/100|[from] drain|[of] p2a: Kingambit\n|\n|-heal|p2a: Kingambit|93\/100|[from] item: Leftovers\n|upkeep\n|turn|27\n|\n|t:|1700157094\n|move|p2a: Kingambit|Kowtow Cleave|p1a: Amoonguss\n|-damage|p1a: Amoonguss|50\/100\n|-damage|p2a: Kingambit|77\/100|[from] item: Rocky Helmet|[of] p1a: Amoonguss\n|move|p1a: Amoonguss|Spore|p2a: Kingambit\n|-status|p2a: Kingambit|slp|[from] move: Spore\n|\n|-heal|p2a: Kingambit|83\/100 slp|[from] item: Leftovers\n|upkeep\n|turn|28\n|\n|t:|1700157099\n|-end|p2a: Kingambit|fallen2|[silent]\n|switch|p2a: Ogerpon|Ogerpon-Cornerstone, F|77\/100\n|switch|p1a: Alomomola|Alomomola, M|42\/100\n|-damage|p1a: Alomomola|30\/100|[from] Stealth Rock\n|\n|upkeep\n|turn|29\n|\n|t:|1700157105\n|switch|p1a: Conkeldurr|Conkeldurr, F|100\/100\n|-damage|p1a: Conkeldurr|94\/100|[from] Stealth Rock\n|move|p2a: Ogerpon|Ivy Cudgel|p1a: Conkeldurr|[anim] Ivy Cudgel Rock\n|-resisted|p1a: Conkeldurr\n|-damage|p1a: Conkeldurr|71\/100\n|\n|-heal|p1a: Conkeldurr|77\/100|[from] item: Leftovers\n|upkeep\n|turn|30\n|\n|t:|1700157109\n|switch|p2a: Gholdengo|Gholdengo|18\/100\n|move|p1a: Conkeldurr|Knock Off|p2a: Gholdengo\n|-supereffective|p2a: Gholdengo\n|-damage|p2a: Gholdengo|0 fnt\n|-enditem|p2a: Gholdengo|Choice Scarf|[from] move: Knock Off|[of] p1a: Conkeldurr\n|faint|p2a: Gholdengo\n|\n|-heal|p1a: Conkeldurr|83\/100|[from] item: Leftovers\n|upkeep\n|\n|t:|1700157113\n|switch|p2a: Great Tusk|Great Tusk|57\/100\n|turn|31\n|\n|t:|1700157117\n|move|p2a: Great Tusk|Earthquake|p1a: Conkeldurr\n|-damage|p1a: Conkeldurr|44\/100\n|move|p1a: Conkeldurr|Defog|p2a: Great Tusk\n|-unboost|p2a: Great Tusk|evasion|1\n|-sideend|p1: HWID|Stealth Rock|[from] move: Defog|[of] p1a: Conkeldurr\n|\n|-heal|p2a: Great Tusk|64\/100|[from] item: Leftovers\n|-heal|p1a: Conkeldurr|50\/100|[from] item: Leftovers\n|upkeep\n|turn|32\n|\n|t:|1700157121\n|switch|p1a: Hatterene|Hatterene, F|100\/100\n|move|p2a: Great Tusk|Earthquake|p1a: Hatterene\n|-damage|p1a: Hatterene|58\/100\n|\n|-heal|p2a: Great Tusk|70\/100|[from] item: Leftovers\n|-heal|p1a: Hatterene|64\/100|[from] item: Leftovers\n|upkeep\n|turn|33\n|\n|t:|1700157127\n|-end|p2a: Great Tusk|Protosynthesis|[silent]\n|switch|p2a: Ogerpon|Ogerpon-Cornerstone, F|77\/100\n|move|p1a: Hatterene|Draining Kiss|p2a: Ogerpon\n|-damage|p2a: Ogerpon|52\/100\n|-heal|p1a: Hatterene|84\/100|[from] drain|[of] p2a: Ogerpon\n|\n|-heal|p1a: Hatterene|90\/100|[from] item: Leftovers\n|upkeep\n|turn|34\n|\n|t:|1700157134\n|move|p2a: Ogerpon|Power Whip|p1a: Hatterene\n|-damage|p1a: Hatterene|30\/100\n|move|p1a: Hatterene|Psyshock|p2a: Ogerpon\n|-damage|p2a: Ogerpon|5\/100\n|\n|-heal|p1a: Hatterene|36\/100|[from] item: Leftovers\n|upkeep\n|turn|35\n|\n|t:|1700157140\n|switch|p1a: Amoonguss|Amoonguss, M|83\/100\n|move|p2a: Ogerpon|Ivy Cudgel|p1a: Amoonguss|[anim] Ivy Cudgel Rock\n|-damage|p1a: Amoonguss|35\/100\n|\n|upkeep\n|turn|36\n|\n|t:|1700157145\n|switch|p1a: Kingambit|Kingambit, F|100\/100\n|move|p2a: Ogerpon|Power Whip|p1a: Kingambit\n|-resisted|p1a: Kingambit\n|-damage|p1a: Kingambit|73\/100\n|\n|upkeep\n|turn|37\n|\n|t:|1700157153\n|-end|p1a: Kingambit|fallenundefined|[silent]\n|switch|p1a: Amoonguss|Amoonguss, M|69\/100\n|move|p2a: Ogerpon|Spikes|p1a: Amoonguss\n|-sidestart|p1: HWID|Spikes\n|\n|upkeep\n|turn|38\n|\n|t:|1700157156\n|move|p2a: Ogerpon|Ivy Cudgel|p1a: Amoonguss|[anim] Ivy Cudgel Rock\n|-damage|p1a: Amoonguss|22\/100\n|move|p1a: Amoonguss|Sludge Bomb|p2a: Ogerpon\n|-damage|p2a: Ogerpon|0 fnt\n|faint|p2a: Ogerpon\n|\n|upkeep\n|\n|t:|1700157162\n|switch|p2a: Great Tusk|Great Tusk|70\/100\n|turn|39\n|\n|t:|1700157165\n|switch|p1a: Alomomola|Alomomola, M|63\/100\n|-damage|p1a: Alomomola|51\/100|[from] Spikes\n|move|p2a: Great Tusk|Rapid Spin|p1a: Alomomola\n|-damage|p1a: Alomomola|42\/100\n|-boost|p2a: Great Tusk|spe|1\n|\n|-heal|p2a: Great Tusk|76\/100|[from] item: Leftovers\n|upkeep\n|turn|40\n|\n|t:|1700157168\n|move|p2a: Great Tusk|Earthquake|p1a: Alomomola\n|-damage|p1a: Alomomola|21\/100\n|move|p1a: Alomomola|Wish|p1a: Alomomola\n|\n|-heal|p2a: Great Tusk|82\/100|[from] item: Leftovers\n|upkeep\n|turn|41\n|\n|t:|1700157173\n|move|p1a: Alomomola|Protect|p1a: Alomomola\n|-singleturn|p1a: Alomomola|Protect\n|move|p2a: Great Tusk|Earthquake|p1a: Alomomola\n|-activate|p1a: Alomomola|move: Protect\n|\n|-heal|p1a: Alomomola|71\/100|[from] move: Wish|[wisher] Alomomola\n|-heal|p2a: Great Tusk|88\/100|[from] item: Leftovers\n|upkeep\n|turn|42\n|\n|t:|1700157175\n|move|p2a: Great Tusk|Stealth Rock|p1a: Alomomola\n|-sidestart|p1: HWID|move: Stealth Rock\n|move|p1a: Alomomola|Wish|p1a: Alomomola\n|\n|-heal|p2a: Great Tusk|94\/100|[from] item: Leftovers\n|upkeep\n|turn|43\n|\n|t:|1700157179\n|move|p2a: Great Tusk|Earthquake|p1a: Alomomola\n|-damage|p1a: Alomomola|49\/100\n|move|p1a: Alomomola|Flip Turn|p2a: Great Tusk\n|-supereffective|p2a: Great Tusk\n|-damage|p2a: Great Tusk|72\/100\n|\n|t:|1700157181\n|switch|p1a: Conkeldurr|Conkeldurr, F|50\/100|[from] Flip Turn\n|-damage|p1a: Conkeldurr|38\/100|[from] Spikes\n|-damage|p1a: Conkeldurr|32\/100|[from] Stealth Rock\n|\n|-heal|p1a: Conkeldurr|96\/100|[from] move: Wish|[wisher] Alomomola\n|-heal|p2a: Great Tusk|78\/100|[from] item: Leftovers\n|-heal|p1a: Conkeldurr|100\/100|[from] item: Leftovers\n|upkeep\n|turn|44\n|\n|t:|1700157184\n|move|p2a: Great Tusk|Earthquake|p1a: Conkeldurr\n|-damage|p1a: Conkeldurr|63\/100\n|move|p1a: Conkeldurr|Defog|p2a: Great Tusk\n|-unboost|p2a: Great Tusk|evasion|1\n|-sideend|p1: HWID|Spikes|[from] move: Defog|[of] p1a: Conkeldurr\n|-sideend|p1: HWID|Stealth Rock|[from] move: Defog|[of] p1a: Conkeldurr\n|\n|-heal|p2a: Great Tusk|84\/100|[from] item: Leftovers\n|-heal|p1a: Conkeldurr|69\/100|[from] item: Leftovers\n|upkeep\n|turn|45\n|\n|t:|1700157188\n|move|p2a: Great Tusk|Earthquake|p1a: Conkeldurr\n|-damage|p1a: Conkeldurr|29\/100\n|move|p1a: Conkeldurr|Drain Punch|p2a: Great Tusk\n|-damage|p2a: Great Tusk|53\/100\n|-heal|p1a: Conkeldurr|46\/100|[from] drain|[of] p2a: Great Tusk\n|\n|-heal|p2a: Great Tusk|59\/100|[from] item: Leftovers\n|-heal|p1a: Conkeldurr|52\/100|[from] item: Leftovers\n|upkeep\n|turn|46\n|\n|t:|1700157191\n|move|p2a: Great Tusk|Earthquake|p1a: Conkeldurr\n|-damage|p1a: Conkeldurr|16\/100\n|move|p1a: Conkeldurr|Drain Punch|p2a: Great Tusk\n|-damage|p2a: Great Tusk|22\/100\n|-heal|p1a: Conkeldurr|35\/100|[from] drain|[of] p2a: Great Tusk\n|\n|-heal|p2a: Great Tusk|28\/100|[from] item: Leftovers\n|-heal|p1a: Conkeldurr|41\/100|[from] item: Leftovers\n|upkeep\n|turn|47\n|\n|t:|1700157195\n|-end|p2a: Great Tusk|Protosynthesis|[silent]\n|switch|p2a: Kingambit|Kingambit, M|83\/100 slp\n|-activate|p2a: Kingambit|ability: Supreme Overlord\n|-start|p2a: Kingambit|fallen4|[silent]\n|move|p1a: Conkeldurr|Drain Punch|p2a: Kingambit\n|-supereffective|p2a: Kingambit\n|-damage|p2a: Kingambit|0 fnt\n|-heal|p1a: Conkeldurr|75\/100|[from] drain|[of] p2a: Kingambit\n|faint|p2a: Kingambit\n|-end|p2a: Kingambit|fallen4|[silent]\n|\n|-heal|p1a: Conkeldurr|81\/100|[from] item: Leftovers\n|upkeep\n|-message|itsE forfeited.\n|\n|win|HWID\n|raw|HWID's rating: 1349 &rarr; <strong>1373<\/strong><br \/>(+24 for winning)\n|raw|itsE's rating: 1412 &rarr; <strong>1388<\/strong><br \/>(-24 for losing)\n|l|\u203ditsE\n","uploadtime":1700157204,"views":7,"p1id":"hwid","p2id":"itse","formatid":"gen9ou","rating":1373,"private":0,"password":""}