{"id":"gen9ou-1991636908","p1":"Malv de Coolio","p2":"Zovafire","format":"[Gen 9] OU","log":"|j|\u2606Malv de Coolio\n|j|\u2606Zovafire\n|t:|1700096936\n|gametype|singles\n|player|p1|Malv de Coolio|waitress-gen4|\n|player|p2|Zovafire|roxie|\n|teamsize|p1|6\n|teamsize|p2|6\n|gen|9\n|tier|[Gen 9] OU\n|rule|Sleep Clause Mod: Limit one foe put to sleep\n|rule|Species Clause: Limit one of each Pok\u00e9mon\n|rule|OHKO Clause: OHKO moves are banned\n|rule|Evasion Items Clause: Evasion items are banned\n|rule|Evasion Moves Clause: Evasion moves are banned\n|rule|Endless Battle Clause: Forcing endless battles is banned\n|rule|HP Percentage Mod: HP is shown in percentages\n|clearpoke\n|poke|p1|Tornadus, M|\n|poke|p1|Armarouge, M|\n|poke|p1|Noivern, F|\n|poke|p1|Pawmot, F|\n|poke|p1|Zapdos-Galar|\n|poke|p1|Kingambit, F|\n|poke|p2|Great Tusk|\n|poke|p2|Ogerpon-Wellspring, F|\n|poke|p2|Hatterene, F|\n|poke|p2|Kingambit, M|\n|poke|p2|Meowscarada, F|\n|poke|p2|Ninetales-Alola, F|\n|teampreview\n|inactive|Battle timer is ON: inactive players will automatically lose when time's up. (requested by Zovafire)\n|c|\u2606Malv de Coolio|gtg after this\n|c|\u2606Zovafire|k\n|\n|t:|1700096950\n|start\n|switch|p1a: Gains|Pawmot, F|100\/100\n|switch|p2a: Shiver Tails|Ninetales-Alola, F|100\/100\n|-weather|Snow|[from] ability: Snow Warning|[of] p2a: Shiver Tails\n|turn|1\n|\n|t:|1700096958\n|-terastallize|p1a: Gains|Electric\n|move|p2a: Shiver Tails|Aurora Veil|p2a: Shiver Tails\n|-sidestart|p2: Zovafire|move: Aurora Veil\n|move|p1a: Gains|Double Shock|p2a: Shiver Tails\n|-damage|p2a: Shiver Tails|53\/100\n|-start|p1a: Gains|typechange|Electric|[from] move: Double Shock\n|\n|-weather|Snow|[upkeep]\n|upkeep\n|turn|2\n|c|\u2606Malv de Coolio|boring\n|\n|t:|1700096965\n|move|p2a: Shiver Tails|Encore|p1a: Gains\n|-start|p1a: Gains|Encore\n|move|p1a: Gains|Double Shock|p2a: Shiver Tails\n|-damage|p2a: Shiver Tails|8\/100\n|-start|p1a: Gains|typechange|Electric|[from] move: Double Shock\n|\n|-weather|Snow|[upkeep]\n|upkeep\n|turn|3\n|\n|t:|1700096968\n|switch|p2a: Great Tusk|Great Tusk|100\/100\n|-enditem|p2a: Great Tusk|Booster Energy\n|-activate|p2a: Great Tusk|ability: Protosynthesis|[fromitem]\n|-start|p2a: Great Tusk|protosynthesisspe\n|move|p1a: Gains|Double Shock|p2a: Great Tusk\n|-immune|p2a: Great Tusk\n|\n|-weather|Snow|[upkeep]\n|upkeep\n|turn|4\n|c|\u2606Malv de Coolio|ermmmmmm\n|c|\u2606Malv de Coolio|switching is for pussies\n|\n|t:|1700096979\n|move|p2a: Great Tusk|Bulk Up|p2a: Great Tusk\n|-boost|p2a: Great Tusk|atk|1\n|-boost|p2a: Great Tusk|def|1\n|move|p1a: Gains|Double Shock|p2a: Great Tusk\n|-immune|p2a: Great Tusk\n|\n|-weather|Snow|[upkeep]\n|-end|p1a: Gains|Encore\n|upkeep\n|turn|5\n|\n|t:|1700096980\n|move|p2a: Great Tusk|Bulk Up|p2a: Great Tusk\n|-boost|p2a: Great Tusk|atk|1\n|-boost|p2a: Great Tusk|def|1\n|move|p1a: Gains|Double Shock|p2a: Great Tusk\n|-immune|p2a: Great Tusk\n|\n|-weather|none\n|upkeep\n|turn|6\n|\n|t:|1700096983\n|move|p2a: Great Tusk|Bulk Up|p2a: Great Tusk\n|-boost|p2a: Great Tusk|atk|1\n|-boost|p2a: Great Tusk|def|1\n|move|p1a: Gains|Double Shock|p2a: Great Tusk\n|-immune|p2a: Great Tusk\n|\n|upkeep\n|turn|7\n|\n|t:|1700096986\n|move|p2a: Great Tusk|Bulk Up|p2a: Great Tusk\n|-boost|p2a: Great Tusk|atk|1\n|-boost|p2a: Great Tusk|def|1\n|move|p1a: Gains|Double Shock|p2a: Great Tusk\n|-immune|p2a: Great Tusk\n|\n|upkeep\n|turn|8\n|\n|t:|1700096994\n|move|p2a: Great Tusk|Bulk Up|p2a: Great Tusk\n|-boost|p2a: Great Tusk|atk|1\n|-boost|p2a: Great Tusk|def|1\n|move|p1a: Gains|Double Shock|p2a: Great Tusk\n|-immune|p2a: Great Tusk\n|\n|-sideend|p2: Zovafire|move: Aurora Veil\n|upkeep\n|turn|9\n|c|\u2606Zovafire|mal wtf are you doing\n|\n|t:|1700097002\n|move|p2a: Great Tusk|Knock Off|p1a: Gains\n|-damage|p1a: Gains|0 fnt\n|-enditem|p1a: Gains|Choice Band|[from] move: Knock Off|[of] p2a: Great Tusk\n|faint|p1a: Gains\n|\n|upkeep\n|c|\u2606Malv de Coolio|haviing fun\n|c|\u2606Zovafire|are you high\n|c|\u2606Malv de Coolio|pwning you\n|c|\u2606Malv de Coolio|idc about winning son\n|inactive|Malv de Coolio has 270 seconds left.\n|c|\u2606Malv de Coolio|i play bad because\n|c|\u2606Malv de Coolio|idk\n|c|\u2606Malv de Coolio|why play good\n|c|\u2606Malv de Coolio|my brain is too small for that\n|c|\u2606Zovafire|l a d d e r\n|inactive|Malv de Coolio has 240 seconds left.\n|c|\u2606Malv de Coolio|nah\n|\n|t:|1700097065\n|switch|p1a: Gork|Tornadus, M|100\/100\n|turn|10\n|\n|t:|1700097068\n|move|p1a: Gork|Tailwind|p1a: Gork\n|-sidestart|p1: Malv de Coolio|move: Tailwind\n|move|p2a: Great Tusk|Ice Spinner|p1a: Gork\n|-supereffective|p1a: Gork\n|-damage|p1a: Gork|0 fnt\n|faint|p1a: Gork\n|\n|upkeep\n|\n|t:|1700097076\n|switch|p1a: Otto|Noivern, F|100\/100\n|turn|11\n|\n|t:|1700097078\n|move|p1a: Otto|Hurricane|p2a: Great Tusk\n|-supereffective|p2a: Great Tusk\n|-damage|p2a: Great Tusk|0 fnt\n|faint|p2a: Great Tusk\n|-end|p2a: Great Tusk|Protosynthesis|[silent]\n|\n|upkeep\n|\n|t:|1700097099\n|switch|p2a: Fungal Witch|Hatterene, F|100\/100\n|turn|12\n|inactive|Malv de Coolio has 270 seconds left.\n|\n|t:|1700097111\n|move|p1a: Otto|Boomburst|p2a: Fungal Witch\n|-damage|p2a: Fungal Witch|61\/100\n|-enditem|p1a: Otto|Throat Spray\n|-boost|p1a: Otto|spa|1|[from] item: Throat Spray\n|move|p2a: Fungal Witch|Nuzzle|p1a: Otto\n|-damage|p1a: Otto|96\/100\n|-status|p1a: Otto|par\n|\n|-heal|p2a: Fungal Witch|67\/100|[from] item: Leftovers\n|upkeep\n|turn|13\n|inactive|Malv de Coolio has 270 seconds left.\n|\n|t:|1700097123\n|move|p1a: Otto|Hurricane|p2a: Fungal Witch\n|-damage|p2a: Fungal Witch|0 fnt\n|faint|p2a: Fungal Witch\n|\n|-sideend|p1: Malv de Coolio|move: Tailwind\n|upkeep\n|\n|t:|1700097126\n|switch|p2a: Shiver Tails|Ninetales-Alola, F|8\/100\n|-weather|Snow|[from] ability: Snow Warning|[of] p2a: Shiver Tails\n|turn|14\n|\n|t:|1700097132\n|move|p2a: Shiver Tails|Aurora Veil|p2a: Shiver Tails\n|-sidestart|p2: Zovafire|move: Aurora Veil\n|move|p1a: Otto|Flamethrower|p2a: Shiver Tails\n|-supereffective|p2a: Shiver Tails\n|-damage|p2a: Shiver Tails|0 fnt\n|faint|p2a: Shiver Tails\n|\n|-weather|Snow|[upkeep]\n|upkeep\n|\n|t:|1700097138\n|switch|p2a: Wellspring Cudgel|Ogerpon-Wellspring, F|100\/100\n|turn|15\n|\n|t:|1700097146\n|-terastallize|p2a: Wellspring Cudgel|Water\n|detailschange|p2a: Wellspring Cudgel|Ogerpon-Wellspring-Tera, F, tera:Water\n|-ability|p2a: Wellspring Cudgel|Embody Aspect (Wellspring)|boost\n|-boost|p2a: Wellspring Cudgel|spd|1\n|move|p2a: Wellspring Cudgel|Swords Dance|p2a: Wellspring Cudgel\n|-boost|p2a: Wellspring Cudgel|atk|2\n|cant|p1a: Otto|par\n|\n|-weather|Snow|[upkeep]\n|upkeep\n|turn|16\n|\n|t:|1700097156\n|move|p2a: Wellspring Cudgel|Ivy Cudgel|p1a: Otto|[anim] Ivy Cudgel Water\n|-resisted|p1a: Otto\n|-damage|p1a: Otto|0 fnt\n|faint|p1a: Otto\n|\n|-weather|Snow|[upkeep]\n|upkeep\n|\n|t:|1700097164\n|switch|p1a: Storming Volt|Zapdos-Galar|100\/100\n|turn|17\n|\n|t:|1700097174\n|move|p2a: Wellspring Cudgel|Ivy Cudgel|p1a: Storming Volt|[anim] Ivy Cudgel Water\n|-damage|p1a: Storming Volt|0 fnt\n|faint|p1a: Storming Volt\n|\n|-weather|Snow|[upkeep]\n|upkeep\n|\n|t:|1700097183\n|switch|p1a: You got in.|Kingambit, F|100\/100\n|-activate|p1a: You got in.|ability: Supreme Overlord\n|-start|p1a: You got in.|fallen4|[silent]\n|turn|18\n|\n|t:|1700097201\n|move|p2a: Wellspring Cudgel|Ivy Cudgel|p1a: You got in.|[anim] Ivy Cudgel Water\n|-enditem|p1a: You got in.|Focus Sash\n|-damage|p1a: You got in.|1\/100\n|move|p1a: You got in.|Brick Break|p2a: Wellspring Cudgel\n|-sideend|p2: Zovafire|move: Aurora Veil\n|-damage|p2a: Wellspring Cudgel|43\/100\n|\n|-weather|none\n|upkeep\n|turn|19\n|\n|t:|1700097209\n|move|p1a: You got in.|Sucker Punch||[still]\n|-fail|p1a: You got in.\n|move|p2a: Wellspring Cudgel|Encore|p1a: You got in.\n|-start|p1a: You got in.|Encore\n|\n|upkeep\n|turn|20\n|\n|t:|1700097212\n|move|p1a: You got in.|Sucker Punch|p2a: Wellspring Cudgel\n|-damage|p2a: Wellspring Cudgel|0 fnt\n|faint|p2a: Wellspring Cudgel\n|\n|upkeep\n|\n|t:|1700097214\n|switch|p2a: Purring Mask|Meowscarada, F, shiny|100\/100\n|turn|21\n|\n|t:|1700097220\n|-end|p1a: You got in.|fallen4|[silent]\n|switch|p1a: Mega|Armarouge, M|100\/100\n|move|p2a: Purring Mask|Low Kick|p1a: Mega\n|-start|p2a: Purring Mask|typechange|Fighting|[from] ability: Protean\n|-resisted|p1a: Mega\n|-damage|p1a: Mega|82\/100\n|\n|upkeep\n|turn|22\n|\n|t:|1700097234\n|switch|p2a: Iron Overlord|Kingambit, M|100\/100\n|-activate|p2a: Iron Overlord|ability: Supreme Overlord\n|-start|p2a: Iron Overlord|fallen4|[silent]\n|move|p1a: Mega|Aura Sphere|p2a: Iron Overlord\n|-supereffective|p2a: Iron Overlord\n|-damage|p2a: Iron Overlord|0 fnt\n|faint|p2a: Iron Overlord\n|-end|p2a: Iron Overlord|fallen4|[silent]\n|\n|upkeep\n|\n|t:|1700097237\n|switch|p2a: Purring Mask|Meowscarada, F, shiny|100\/100\n|turn|23\n|\n|t:|1700097242\n|move|p2a: Purring Mask|Knock Off|p1a: Mega\n|-start|p2a: Purring Mask|typechange|Dark|[from] ability: Protean\n|-supereffective|p1a: Mega\n|-damage|p1a: Mega|0 fnt\n|-enditem|p1a: Mega|Choice Specs|[from] move: Knock Off|[of] p2a: Purring Mask\n|faint|p1a: Mega\n|\n|upkeep\n|\n|t:|1700097245\n|switch|p1a: You got in.|Kingambit, F|1\/100\n|-activate|p1a: You got in.|ability: Supreme Overlord\n|-start|p1a: You got in.|fallen5|[silent]\n|turn|24\n|c|\u2606Malv de Coolio|gg nerd\n|\n|t:|1700097253\n|move|p1a: You got in.|Sucker Punch|p2a: Purring Mask\n|-resisted|p2a: Purring Mask\n|-damage|p2a: Purring Mask|55\/100\n|move|p2a: Purring Mask|Knock Off|p1a: You got in.\n|-resisted|p1a: You got in.\n|-damage|p1a: You got in.|0 fnt\n|faint|p1a: You got in.\n|-end|p1a: You got in.|fallen5|[silent]\n|\n|win|Zovafire\n","uploadtime":1700097262,"views":10,"p1id":"malvdecoolio","p2id":"zovafire","formatid":"gen9ou","rating":0,"private":0,"password":""}