{"id":"gen9ou-1997125695","p1":"TacobellBathroom24","p2":"dentalpharynx","format":"[Gen 9] OU","log":"|j|\u2606TacobellBathroom24\n|j|\u2606dentalpharynx\n|t:|1700767092\n|gametype|singles\n|player|p1|TacobellBathroom24|2|1038\n|player|p2|dentalpharynx|lucas|1023\n|teamsize|p1|6\n|teamsize|p2|6\n|gen|9\n|tier|[Gen 9] OU\n|rated|\n|rule|Sleep Clause Mod: Limit one foe put to sleep\n|rule|Species Clause: Limit one of each Pok\u00e9mon\n|rule|OHKO Clause: OHKO moves are banned\n|rule|Evasion Items Clause: Evasion items are banned\n|rule|Evasion Moves Clause: Evasion moves are banned\n|rule|Endless Battle Clause: Forcing endless battles is banned\n|rule|HP Percentage Mod: HP is shown in percentages\n|clearpoke\n|poke|p1|Rotom-Heat|\n|poke|p1|Jirachi|\n|poke|p1|Rillaboom, M|\n|poke|p1|Kommo-o, M|\n|poke|p1|Dondozo, M|\n|poke|p1|Grimmsnarl, M|\n|poke|p2|Basculegion-F, F|\n|poke|p2|Pelipper, M|\n|poke|p2|Ting-Lu|\n|poke|p2|Breloom, M|\n|poke|p2|Heatran, M|\n|poke|p2|Hatterene, F|\n|teampreview\n|inactive|Battle timer is ON: inactive players will automatically lose when time's up. (requested by dentalpharynx)\n|\n|t:|1700767097\n|start\n|switch|p1a: Kommo-o|Kommo-o, M|100\/100\n|switch|p2a: Pelipper|Pelipper, M|100\/100\n|-weather|RainDance|[from] ability: Drizzle|[of] p2a: Pelipper\n|turn|1\n|\n|t:|1700767112\n|switch|p2a: Hatterene|Hatterene, F|100\/100\n|move|p1a: Kommo-o|Clangorous Soul|p1a: Kommo-o\n|-boost|p1a: Kommo-o|atk|1\n|-boost|p1a: Kommo-o|def|1\n|-boost|p1a: Kommo-o|spa|1\n|-boost|p1a: Kommo-o|spd|1\n|-boost|p1a: Kommo-o|spe|1\n|-damage|p1a: Kommo-o|68\/100\n|\n|-weather|RainDance|[upkeep]\n|-heal|p1a: Kommo-o|74\/100|[from] item: Leftovers\n|upkeep\n|turn|2\n|\n|t:|1700767126\n|-terastallize|p1a: Kommo-o|Steel\n|move|p1a: Kommo-o|Boomburst|p2a: Hatterene\n|-damage|p2a: Hatterene|49\/100\n|move|p2a: Hatterene|Draining Kiss|p1a: Kommo-o\n|-resisted|p1a: Kommo-o\n|-damage|p1a: Kommo-o|64\/100\n|-heal|p2a: Hatterene|56\/100|[from] drain|[of] p1a: Kommo-o\n|\n|-weather|RainDance|[upkeep]\n|-heal|p1a: Kommo-o|70\/100|[from] item: Leftovers\n|-heal|p2a: Hatterene|62\/100|[from] item: Leftovers\n|upkeep\n|turn|3\n|\n|t:|1700767139\n|move|p1a: Kommo-o|Boomburst|p2a: Hatterene\n|-damage|p2a: Hatterene|8\/100\n|move|p2a: Hatterene|Mystical Fire|p1a: Kommo-o\n|-supereffective|p1a: Kommo-o\n|-damage|p1a: Kommo-o|50\/100\n|-unboost|p1a: Kommo-o|spa|1\n|\n|-weather|RainDance|[upkeep]\n|-heal|p1a: Kommo-o|56\/100|[from] item: Leftovers\n|-heal|p2a: Hatterene|14\/100|[from] item: Leftovers\n|upkeep\n|turn|4\n|\n|t:|1700767154\n|switch|p2a: Heatran|Heatran, M|100\/100\n|move|p1a: Kommo-o|Boomburst|p2a: Heatran\n|-resisted|p2a: Heatran\n|-damage|p2a: Heatran|87\/100\n|\n|-weather|RainDance|[upkeep]\n|-heal|p1a: Kommo-o|62\/100|[from] item: Leftovers\n|-heal|p2a: Heatran|93\/100|[from] item: Leftovers\n|upkeep\n|turn|5\n|\n|t:|1700767167\n|move|p1a: Kommo-o|Drain Punch|p2a: Heatran\n|-supereffective|p2a: Heatran\n|-damage|p2a: Heatran|0 fnt\n|-heal|p1a: Kommo-o|100\/100|[from] drain|[of] p2a: Heatran\n|faint|p2a: Heatran\n|\n|-weather|RainDance|[upkeep]\n|upkeep\n|\n|t:|1700767175\n|switch|p2a: Ting-Lu|Ting-Lu|100\/100\n|-ability|p2a: Ting-Lu|Vessel of Ruin\n|turn|6\n|\n|t:|1700767186\n|switch|p1a: Rillaboom|Rillaboom, M|100\/100\n|-fieldstart|move: Grassy Terrain|[from] ability: Grassy Surge|[of] p1a: Rillaboom\n|-enditem|p1a: Rillaboom|Grassy Seed\n|-boost|p1a: Rillaboom|def|1|[from] item: Grassy Seed\n|move|p2a: Ting-Lu|Earthquake|p1a: Rillaboom\n|-resisted|p1a: Rillaboom\n|-damage|p1a: Rillaboom|94\/100\n|\n|-weather|RainDance|[upkeep]\n|-heal|p1a: Rillaboom|99\/100|[from] Grassy Terrain\n|upkeep\n|turn|7\n|\n|t:|1700767200\n|move|p1a: Rillaboom|Swords Dance|p1a: Rillaboom\n|-boost|p1a: Rillaboom|atk|2\n|move|p2a: Ting-Lu|Whirlwind|p1a: Rillaboom\n|drag|p1a: Jirachi|Jirachi, shiny|100\/100\n|\n|-weather|RainDance|[upkeep]\n|upkeep\n|turn|8\n|\n|t:|1700767212\n|move|p1a: Jirachi|U-turn|p2a: Ting-Lu\n|-supereffective|p2a: Ting-Lu\n|-damage|p2a: Ting-Lu|81\/100\n|\n|t:|1700767215\n|switch|p1a: Dondozo|Dondozo, M, shiny|100\/100|[from] U-turn\n|move|p2a: Ting-Lu|Ruination|p1a: Dondozo\n|-damage|p1a: Dondozo|50\/100\n|\n|-weather|none\n|-heal|p2a: Ting-Lu|87\/100|[from] Grassy Terrain\n|-heal|p2a: Ting-Lu|93\/100|[from] item: Leftovers\n|-heal|p1a: Dondozo|57\/100|[from] Grassy Terrain\n|-heal|p1a: Dondozo|63\/100|[from] item: Leftovers\n|upkeep\n|turn|9\n|\n|t:|1700767230\n|switch|p2a: Breloom|Breloom, M|100\/100\n|move|p1a: Dondozo|Wave Crash|p2a: Breloom\n|-resisted|p2a: Breloom\n|-damage|p2a: Breloom|70\/100\n|-damage|p1a: Dondozo|58\/100|[from] Recoil\n|\n|-heal|p2a: Breloom|76\/100|[from] Grassy Terrain\n|-heal|p1a: Dondozo|64\/100|[from] Grassy Terrain\n|-heal|p1a: Dondozo|70\/100|[from] item: Leftovers\n|upkeep\n|turn|10\n|\n|t:|1700767252\n|switch|p1a: Rotom|Rotom-Heat, shiny|100\/100\n|move|p2a: Breloom|Bullet Seed|p1a: Rotom\n|-resisted|p1a: Rotom\n|-damage|p1a: Rotom|87\/100\n|-resisted|p1a: Rotom\n|-damage|p1a: Rotom|73\/100\n|-resisted|p1a: Rotom\n|-damage|p1a: Rotom|59\/100\n|-hitcount|p1a: Rotom|3\n|\n|-heal|p2a: Breloom|82\/100|[from] Grassy Terrain\n|-fieldend|move: Grassy Terrain\n|upkeep\n|turn|11\n|\n|t:|1700767273\n|switch|p2a: Ting-Lu|Ting-Lu|93\/100\n|-ability|p2a: Ting-Lu|Vessel of Ruin\n|move|p1a: Rotom|Overheat|p2a: Ting-Lu|[miss]\n|-miss|p1a: Rotom|p2a: Ting-Lu\n|\n|-heal|p2a: Ting-Lu|99\/100|[from] item: Leftovers\n|upkeep\n|turn|12\n|\n|t:|1700767297\n|switch|p1a: Rillaboom|Rillaboom, M|99\/100\n|-fieldstart|move: Grassy Terrain|[from] ability: Grassy Surge|[of] p1a: Rillaboom\n|move|p2a: Ting-Lu|Whirlwind|p1a: Rillaboom\n|drag|p1a: Dondozo|Dondozo, M, shiny|70\/100\n|\n|-heal|p2a: Ting-Lu|100\/100|[from] Grassy Terrain\n|-heal|p1a: Dondozo|76\/100|[from] Grassy Terrain\n|-heal|p1a: Dondozo|82\/100|[from] item: Leftovers\n|upkeep\n|turn|13\n|\n|t:|1700767311\n|switch|p2a: Breloom|Breloom, M|82\/100\n|move|p1a: Dondozo|Wave Crash|p2a: Breloom\n|-resisted|p2a: Breloom\n|-damage|p2a: Breloom|51\/100\n|-damage|p1a: Dondozo|77\/100|[from] Recoil\n|\n|-heal|p2a: Breloom|57\/100|[from] Grassy Terrain\n|-heal|p1a: Dondozo|83\/100|[from] Grassy Terrain\n|-heal|p1a: Dondozo|89\/100|[from] item: Leftovers\n|upkeep\n|turn|14\n|\n|t:|1700767324\n|move|p2a: Breloom|Bullet Seed|p1a: Dondozo\n|-supereffective|p1a: Dondozo\n|-damage|p1a: Dondozo|64\/100\n|-supereffective|p1a: Dondozo\n|-damage|p1a: Dondozo|40\/100\n|-supereffective|p1a: Dondozo\n|-damage|p1a: Dondozo|16\/100\n|-hitcount|p1a: Dondozo|3\n|move|p1a: Dondozo|Wave Crash|p2a: Breloom\n|-resisted|p2a: Breloom\n|-damage|p2a: Breloom|26\/100\n|-damage|p1a: Dondozo|11\/100|[from] Recoil\n|\n|-heal|p2a: Breloom|32\/100|[from] Grassy Terrain\n|-heal|p1a: Dondozo|17\/100|[from] Grassy Terrain\n|-heal|p1a: Dondozo|23\/100|[from] item: Leftovers\n|upkeep\n|turn|15\n|inactive|dentalpharynx has 120 seconds left.\n|\n|t:|1700767340\n|switch|p1a: Rillaboom|Rillaboom, M|99\/100\n|move|p2a: Breloom|Mach Punch|p1a: Rillaboom\n|-damage|p1a: Rillaboom|67\/100\n|\n|-heal|p2a: Breloom|38\/100|[from] Grassy Terrain\n|-heal|p1a: Rillaboom|73\/100|[from] Grassy Terrain\n|upkeep\n|turn|16\n|inactive|dentalpharynx has 120 seconds left.\n|\n|t:|1700767350\n|-terastallize|p2a: Breloom|Fire\n|move|p2a: Breloom|Tera Blast|p1a: Rillaboom|[anim] Tera Blast Fire\n|-supereffective|p1a: Rillaboom\n|-damage|p1a: Rillaboom|0 fnt\n|faint|p1a: Rillaboom\n|\n|-heal|p2a: Breloom|44\/100|[from] Grassy Terrain\n|-fieldend|move: Grassy Terrain\n|upkeep\n|\n|t:|1700767358\n|switch|p1a: Kommo-o|Kommo-o, M, tera:Steel|100\/100\n|turn|17\n|\n|t:|1700767370\n|move|p2a: Breloom|Mach Punch|p1a: Kommo-o\n|-supereffective|p1a: Kommo-o\n|-crit|p1a: Kommo-o\n|-damage|p1a: Kommo-o|6\/100\n|move|p1a: Kommo-o|Boomburst|p2a: Breloom\n|-crit|p2a: Breloom\n|-damage|p2a: Breloom|0 fnt\n|faint|p2a: Breloom\n|\n|-heal|p1a: Kommo-o|12\/100|[from] item: Leftovers\n|upkeep\n|\n|t:|1700767382\n|switch|p2a: Ting-Lu|Ting-Lu|100\/100\n|-ability|p2a: Ting-Lu|Vessel of Ruin\n|turn|18\n|\n|t:|1700767391\n|move|p1a: Kommo-o|Drain Punch|p2a: Ting-Lu\n|-supereffective|p2a: Ting-Lu\n|-crit|p2a: Ting-Lu\n|-damage|p2a: Ting-Lu|50\/100\n|-heal|p1a: Kommo-o|56\/100|[from] drain|[of] p2a: Ting-Lu\n|move|p2a: Ting-Lu|Earthquake|p1a: Kommo-o\n|-supereffective|p1a: Kommo-o\n|-damage|p1a: Kommo-o|0 fnt\n|faint|p1a: Kommo-o\n|\n|-heal|p2a: Ting-Lu|57\/100|[from] item: Leftovers\n|upkeep\n|\n|t:|1700767405\n|switch|p1a: Dondozo|Dondozo, M, shiny|23\/100\n|turn|19\n|\n|t:|1700767411\n|move|p2a: Ting-Lu|Earthquake|p1a: Dondozo\n|-damage|p1a: Dondozo|6\/100\n|move|p1a: Dondozo|Wave Crash|p2a: Ting-Lu\n|-supereffective|p2a: Ting-Lu\n|-damage|p2a: Ting-Lu|22\/100\n|-damage|p1a: Dondozo|0 fnt|[from] Recoil\n|faint|p1a: Dondozo\n|\n|-heal|p2a: Ting-Lu|28\/100|[from] item: Leftovers\n|upkeep\n|\n|t:|1700767420\n|switch|p1a: Grimmsnarl|Grimmsnarl, M|100\/100\n|turn|20\n|\n|t:|1700767430\n|switch|p2a: Hatterene|Hatterene, F|14\/100\n|move|p1a: Grimmsnarl|Play Rough|p2a: Hatterene\n|-damage|p2a: Hatterene|0 fnt\n|faint|p2a: Hatterene\n|\n|upkeep\n|\n|t:|1700767439\n|switch|p2a: Ting-Lu|Ting-Lu|28\/100\n|-ability|p2a: Ting-Lu|Vessel of Ruin\n|turn|21\n|\n|t:|1700767446\n|move|p1a: Grimmsnarl|Play Rough|p2a: Ting-Lu\n|-supereffective|p2a: Ting-Lu\n|-damage|p2a: Ting-Lu|0 fnt\n|faint|p2a: Ting-Lu\n|\n|upkeep\n|\n|t:|1700767454\n|switch|p2a: Pelipper|Pelipper, M|100\/100\n|-weather|RainDance|[from] ability: Drizzle|[of] p2a: Pelipper\n|turn|22\n|\n|t:|1700767461\n|move|p1a: Grimmsnarl|Taunt|p2a: Pelipper\n|-start|p2a: Pelipper|move: Taunt\n|move|p2a: Pelipper|Surf|p1a: Grimmsnarl\n|-damage|p1a: Grimmsnarl|57\/100\n|\n|-weather|RainDance|[upkeep]\n|-heal|p1a: Grimmsnarl|63\/100|[from] item: Leftovers\n|upkeep\n|turn|23\n|\n|t:|1700767480\n|move|p1a: Grimmsnarl|Foul Play|p2a: Pelipper\n|-damage|p2a: Pelipper|85\/100\n|move|p2a: Pelipper|Surf|p1a: Grimmsnarl\n|-damage|p1a: Grimmsnarl|22\/100\n|\n|-weather|RainDance|[upkeep]\n|-heal|p1a: Grimmsnarl|28\/100|[from] item: Leftovers\n|upkeep\n|turn|24\n|\n|t:|1700767492\n|switch|p1a: Jirachi|Jirachi, shiny|100\/100\n|move|p2a: Pelipper|Surf|p1a: Jirachi\n|-damage|p1a: Jirachi|54\/100\n|\n|-weather|RainDance|[upkeep]\n|-heal|p1a: Jirachi|61\/100|[from] item: Leftovers\n|-end|p2a: Pelipper|move: Taunt\n|upkeep\n|turn|25\n|\n|t:|1700767504\n|move|p1a: Jirachi|Iron Head|p2a: Pelipper\n|-resisted|p2a: Pelipper\n|-damage|p2a: Pelipper|70\/100\n|cant|p2a: Pelipper|flinch\n|\n|-weather|RainDance|[upkeep]\n|-heal|p1a: Jirachi|67\/100|[from] item: Leftovers\n|upkeep\n|turn|26\n|\n|t:|1700767512\n|move|p1a: Jirachi|Iron Head|p2a: Pelipper\n|-resisted|p2a: Pelipper\n|-damage|p2a: Pelipper|57\/100\n|move|p2a: Pelipper|U-turn|p1a: Jirachi\n|-damage|p1a: Jirachi|58\/100\n|\n|t:|1700767518\n|switch|p2a: Basculegion|Basculegion-F, F|100\/100|[from] U-turn\n|\n|-weather|RainDance|[upkeep]\n|-heal|p1a: Jirachi|64\/100|[from] item: Leftovers\n|upkeep\n|turn|27\n|\n|t:|1700767528\n|move|p2a: Basculegion|Wave Crash|p1a: Jirachi\n|-damage|p1a: Jirachi|0 fnt\n|faint|p1a: Jirachi\n|-damage|p2a: Basculegion|82\/100|[from] Recoil\n|\n|-weather|RainDance|[upkeep]\n|upkeep\n|\n|t:|1700767535\n|switch|p1a: Rotom|Rotom-Heat, shiny|59\/100\n|turn|28\n|\n|t:|1700767539\n|move|p2a: Basculegion|Wave Crash|p1a: Rotom\n|-supereffective|p1a: Rotom\n|-damage|p1a: Rotom|0 fnt\n|faint|p1a: Rotom\n|-damage|p2a: Basculegion|67\/100|[from] Recoil\n|\n|-weather|RainDance|[upkeep]\n|upkeep\n|\n|t:|1700767546\n|switch|p1a: Grimmsnarl|Grimmsnarl, M|28\/100\n|turn|29\n|\n|t:|1700767550\n|move|p2a: Basculegion|Wave Crash|p1a: Grimmsnarl\n|-damage|p1a: Grimmsnarl|0 fnt\n|faint|p1a: Grimmsnarl\n|-damage|p2a: Basculegion|59\/100|[from] Recoil\n|\n|win|dentalpharynx\n|raw|TacobellBathroom24's rating: 1038 &rarr; <strong>1022<\/strong><br \/>(-16 for losing)\n|raw|dentalpharynx's rating: 1023 &rarr; <strong>1061<\/strong><br \/>(+38 for winning)\n|l|\u2606TacobellBathroom24\n","uploadtime":1700767564,"views":4,"p1id":"tacobellbathroom24","p2id":"dentalpharynx","formatid":"gen9ou","rating":1022,"private":0,"password":""}