{"id":"gen9ou-1994302300","p1":"BudewBoy","p2":"Kauezinnnnn","format":"[Gen 9] OU","log":"|j|\u2606BudewBoy\n|j|\u2606Kauezinnnnn\n|t:|1700428839\n|gametype|singles\n|player|p1|BudewBoy|koga|1059\n|player|p2|Kauezinnnnn|102|1142\n|teamsize|p1|6\n|teamsize|p2|6\n|gen|9\n|tier|[Gen 9] OU\n|rated|\n|rule|Sleep Clause Mod: Limit one foe put to sleep\n|rule|Species Clause: Limit one of each Pok\u00e9mon\n|rule|OHKO Clause: OHKO moves are banned\n|rule|Evasion Items Clause: Evasion items are banned\n|rule|Evasion Moves Clause: Evasion moves are banned\n|rule|Endless Battle Clause: Forcing endless battles is banned\n|rule|HP Percentage Mod: HP is shown in percentages\n|clearpoke\n|poke|p1|Dragonite, F|\n|poke|p1|Hatterene, F|\n|poke|p1|Kleavor, F|\n|poke|p1|Quagsire, F|\n|poke|p1|Fezandipiti, M|\n|poke|p1|Brute Bonnet|\n|poke|p2|Typhlosion-Hisui, M|\n|poke|p2|Sneasler, F|\n|poke|p2|Rotom-Wash|\n|poke|p2|Great Tusk|\n|poke|p2|Hatterene, F|\n|poke|p2|Heatran, M|\n|teampreview\n|\n|t:|1700428848\n|start\n|switch|p1a: Kleavor|Kleavor, F|100\/100\n|switch|p2a: Great Tusk|Great Tusk|100\/100\n|turn|1\n|\n|t:|1700428857\n|move|p1a: Kleavor|Stone Axe|p2a: Great Tusk\n|-resisted|p2a: Great Tusk\n|-damage|p2a: Great Tusk|94\/100\n|-sidestart|p2: Kauezinnnnn|move: Stealth Rock\n|move|p2a: Great Tusk|Body Press|p1a: Kleavor\n|-damage|p1a: Kleavor|42\/100\n|\n|-heal|p2a: Great Tusk|100\/100|[from] item: Leftovers\n|upkeep\n|turn|2\n|\n|t:|1700428864\n|switch|p1a: Fezandipiti|Fezandipiti, M|100\/100\n|move|p2a: Great Tusk|Body Press|p1a: Fezandipiti\n|-resisted|p1a: Fezandipiti\n|-damage|p1a: Fezandipiti|88\/100\n|\n|upkeep\n|turn|3\n|\n|t:|1700428871\n|move|p1a: Fezandipiti|Moonblast|p2a: Great Tusk\n|-supereffective|p2a: Great Tusk\n|-damage|p2a: Great Tusk|8\/100\n|move|p2a: Great Tusk|Knock Off|p1a: Fezandipiti\n|-resisted|p1a: Fezandipiti\n|-damage|p1a: Fezandipiti|73\/100\n|-enditem|p1a: Fezandipiti|Assault Vest|[from] move: Knock Off|[of] p2a: Great Tusk\n|\n|-heal|p2a: Great Tusk|14\/100|[from] item: Leftovers\n|upkeep\n|turn|4\n|\n|t:|1700428885\n|-end|p2a: Great Tusk|Protosynthesis|[silent]\n|switch|p2a: Hatterene|Hatterene, F, shiny|100\/100\n|-damage|p2a: Hatterene|88\/100|[from] Stealth Rock\n|move|p1a: Fezandipiti|Icy Wind|p2a: Hatterene\n|-damage|p2a: Hatterene|73\/100\n|-unboost|p2a: Hatterene|spe|1\n|\n|-heal|p2a: Hatterene|79\/100|[from] item: Leftovers\n|upkeep\n|turn|5\n|\n|t:|1700428894\n|move|p1a: Fezandipiti|Acid Spray|p2a: Hatterene\n|-supereffective|p2a: Hatterene\n|-damage|p2a: Hatterene|47\/100\n|-unboost|p2a: Hatterene|spd|2\n|move|p2a: Hatterene|Nuzzle|p1a: Fezandipiti\n|-damage|p1a: Fezandipiti|69\/100\n|-status|p1a: Fezandipiti|par\n|\n|-heal|p2a: Hatterene|53\/100|[from] item: Leftovers\n|upkeep\n|turn|6\n|\n|t:|1700428906\n|move|p1a: Fezandipiti|Acid Spray|p2a: Hatterene\n|-supereffective|p2a: Hatterene\n|-damage|p2a: Hatterene|0 fnt\n|faint|p2a: Hatterene\n|\n|upkeep\n|\n|t:|1700428913\n|switch|p2a: Heatran|Heatran, M, shiny|100\/100\n|-damage|p2a: Heatran|88\/100|[from] Stealth Rock\n|turn|7\n|\n|t:|1700428921\n|switch|p1a: Quagsire|Quagsire, F|100\/100\n|move|p2a: Heatran|Stealth Rock|p1a: Quagsire\n|-sidestart|p1: BudewBoy|move: Stealth Rock\n|\n|-heal|p2a: Heatran|94\/100|[from] item: Leftovers\n|upkeep\n|turn|8\n|\n|t:|1700428928\n|move|p2a: Heatran|Protect|p2a: Heatran\n|-singleturn|p2a: Heatran|Protect\n|move|p1a: Quagsire|Earthquake|p2a: Heatran\n|-activate|p2a: Heatran|move: Protect\n|\n|-heal|p2a: Heatran|100\/100|[from] item: Leftovers\n|upkeep\n|turn|9\n|\n|t:|1700428935\n|move|p2a: Heatran|Lava Plume|p1a: Quagsire\n|-resisted|p1a: Quagsire\n|-damage|p1a: Quagsire|81\/100\n|-status|p1a: Quagsire|brn\n|move|p1a: Quagsire|Earthquake|p2a: Heatran\n|-supereffective|p2a: Heatran\n|-damage|p2a: Heatran|65\/100\n|\n|-heal|p2a: Heatran|71\/100|[from] item: Leftovers\n|-heal|p1a: Quagsire|87\/100 brn|[from] item: Leftovers\n|-damage|p1a: Quagsire|81\/100 brn|[from] brn\n|upkeep\n|turn|10\n|\n|t:|1700428949\n|move|p2a: Heatran|Protect|p2a: Heatran\n|-singleturn|p2a: Heatran|Protect\n|move|p1a: Quagsire|Toxic Spikes|p2a: Heatran\n|-sidestart|p2: Kauezinnnnn|move: Toxic Spikes\n|\n|-heal|p2a: Heatran|77\/100|[from] item: Leftovers\n|-heal|p1a: Quagsire|87\/100 brn|[from] item: Leftovers\n|-damage|p1a: Quagsire|81\/100 brn|[from] brn\n|upkeep\n|turn|11\n|\n|t:|1700428963\n|move|p2a: Heatran|Earth Power|p1a: Quagsire\n|-damage|p1a: Quagsire|52\/100 brn\n|move|p1a: Quagsire|Earthquake|p2a: Heatran\n|-supereffective|p2a: Heatran\n|-damage|p2a: Heatran|38\/100\n|\n|-heal|p2a: Heatran|44\/100|[from] item: Leftovers\n|-heal|p1a: Quagsire|59\/100 brn|[from] item: Leftovers\n|-damage|p1a: Quagsire|52\/100 brn|[from] brn\n|upkeep\n|turn|12\n|\n|t:|1700428968\n|move|p2a: Heatran|Lava Plume|p1a: Quagsire\n|-resisted|p1a: Quagsire\n|-damage|p1a: Quagsire|33\/100 brn\n|move|p1a: Quagsire|Recover|p1a: Quagsire\n|-heal|p1a: Quagsire|83\/100 brn\n|\n|-heal|p2a: Heatran|50\/100|[from] item: Leftovers\n|-heal|p1a: Quagsire|89\/100 brn|[from] item: Leftovers\n|-damage|p1a: Quagsire|83\/100 brn|[from] brn\n|upkeep\n|turn|13\n|\n|t:|1700428972\n|move|p2a: Heatran|Earth Power|p1a: Quagsire\n|-damage|p1a: Quagsire|57\/100 brn\n|move|p1a: Quagsire|Earthquake|p2a: Heatran\n|-supereffective|p2a: Heatran\n|-damage|p2a: Heatran|11\/100\n|\n|-heal|p2a: Heatran|17\/100|[from] item: Leftovers\n|-heal|p1a: Quagsire|63\/100 brn|[from] item: Leftovers\n|-damage|p1a: Quagsire|57\/100 brn|[from] brn\n|upkeep\n|turn|14\n|\n|t:|1700428975\n|move|p2a: Heatran|Earth Power|p1a: Quagsire\n|-damage|p1a: Quagsire|31\/100 brn\n|move|p1a: Quagsire|Recover|p1a: Quagsire\n|-heal|p1a: Quagsire|81\/100 brn\n|\n|-heal|p2a: Heatran|23\/100|[from] item: Leftovers\n|-heal|p1a: Quagsire|87\/100 brn|[from] item: Leftovers\n|-damage|p1a: Quagsire|81\/100 brn|[from] brn\n|upkeep\n|turn|15\n|\n|t:|1700428978\n|move|p2a: Heatran|Earth Power|p1a: Quagsire\n|-damage|p1a: Quagsire|55\/100 brn\n|move|p1a: Quagsire|Earthquake|p2a: Heatran\n|-supereffective|p2a: Heatran\n|-damage|p2a: Heatran|0 fnt\n|faint|p2a: Heatran\n|\n|-heal|p1a: Quagsire|62\/100 brn|[from] item: Leftovers\n|-damage|p1a: Quagsire|55\/100 brn|[from] brn\n|upkeep\n|\n|t:|1700428982\n|switch|p2a: Great Tusk|Great Tusk|14\/100\n|-damage|p2a: Great Tusk|11\/100|[from] Stealth Rock\n|-status|p2a: Great Tusk|psn\n|turn|16\n|\n|t:|1700428987\n|move|p2a: Great Tusk|Rapid Spin|p1a: Quagsire\n|-crit|p1a: Quagsire\n|-damage|p1a: Quagsire|36\/100 brn\n|-boost|p2a: Great Tusk|spe|1\n|-sideend|p2: Kauezinnnnn|Toxic Spikes|[from] move: Rapid Spin|[of] p2a: Great Tusk\n|-sideend|p2: Kauezinnnnn|Stealth Rock|[from] move: Rapid Spin|[of] p2a: Great Tusk\n|move|p1a: Quagsire|Avalanche|p2a: Great Tusk\n|-supereffective|p2a: Great Tusk\n|-damage|p2a: Great Tusk|0 fnt\n|faint|p2a: Great Tusk\n|-end|p2a: Great Tusk|Protosynthesis|[silent]\n|\n|-heal|p1a: Quagsire|42\/100 brn|[from] item: Leftovers\n|-damage|p1a: Quagsire|36\/100 brn|[from] brn\n|upkeep\n|\n|t:|1700428997\n|switch|p2a: Sneasler|Sneasler, F, shiny|100\/100\n|turn|17\n|\n|t:|1700429001\n|move|p2a: Sneasler|Dire Claw|p1a: Quagsire\n|-resisted|p1a: Quagsire\n|-damage|p1a: Quagsire|18\/100 brn\n|move|p1a: Quagsire|Recover|p1a: Quagsire\n|-heal|p1a: Quagsire|68\/100 brn\n|\n|-heal|p1a: Quagsire|74\/100 brn|[from] item: Leftovers\n|-damage|p1a: Quagsire|68\/100 brn|[from] brn\n|upkeep\n|turn|18\n|\n|t:|1700429007\n|switch|p2a: Typhlosion|Typhlosion-Hisui, M, shiny|100\/100\n|-item|p1a: Quagsire|Leftovers|[from] ability: Frisk|[of] p2a: Typhlosion|[identify]\n|move|p1a: Quagsire|Toxic Spikes|p2a: Typhlosion\n|-sidestart|p2: Kauezinnnnn|move: Toxic Spikes\n|\n|-heal|p1a: Quagsire|74\/100 brn|[from] item: Leftovers\n|-damage|p1a: Quagsire|68\/100 brn|[from] brn\n|upkeep\n|turn|19\n|\n|t:|1700429017\n|-terastallize|p2a: Typhlosion|Ghost\n|move|p2a: Typhlosion|Infernal Parade|p1a: Quagsire\n|-damage|p1a: Quagsire|0 fnt\n|faint|p1a: Quagsire\n|\n|upkeep\n|\n|t:|1700429029\n|switch|p1a: Kleavor|Kleavor, F|42\/100\n|-damage|p1a: Kleavor|18\/100|[from] Stealth Rock\n|turn|20\n|\n|t:|1700429032\n|move|p1a: Kleavor|Stone Axe|p2a: Typhlosion\n|-damage|p2a: Typhlosion|26\/100\n|-sidestart|p2: Kauezinnnnn|move: Stealth Rock\n|move|p2a: Typhlosion|Infernal Parade|p1a: Kleavor\n|-damage|p1a: Kleavor|0 fnt\n|faint|p1a: Kleavor\n|\n|upkeep\n|\n|t:|1700429041\n|switch|p1a: Brute Bonnet|Brute Bonnet|100\/100\n|-damage|p1a: Brute Bonnet|88\/100|[from] Stealth Rock\n|-enditem|p1a: Brute Bonnet|Booster Energy\n|-activate|p1a: Brute Bonnet|ability: Protosynthesis|[fromitem]\n|-start|p1a: Brute Bonnet|protosynthesisatk\n|turn|21\n|\n|t:|1700429044\n|move|p1a: Brute Bonnet|Sucker Punch|p2a: Typhlosion\n|-supereffective|p2a: Typhlosion\n|-damage|p2a: Typhlosion|0 fnt\n|faint|p2a: Typhlosion\n|\n|upkeep\n|\n|t:|1700429052\n|switch|p2a: Rotom|Rotom-Wash, shiny|100\/100\n|-damage|p2a: Rotom|88\/100|[from] Stealth Rock\n|turn|22\n|\n|t:|1700429059\n|move|p2a: Rotom|Thunder Wave|p1a: Brute Bonnet\n|-status|p1a: Brute Bonnet|par\n|move|p1a: Brute Bonnet|Spore|p2a: Rotom\n|-status|p2a: Rotom|slp|[from] move: Spore\n|\n|-heal|p2a: Rotom|94\/100 slp|[from] item: Leftovers\n|upkeep\n|turn|23\n|\n|t:|1700429065\n|switch|p2a: Sneasler|Sneasler, F, shiny|100\/100\n|-sideend|p2: Kauezinnnnn|move: Toxic Spikes|[of] p2a: Sneasler\n|-damage|p2a: Sneasler|95\/100|[from] Stealth Rock\n|move|p1a: Brute Bonnet|Trailblaze|p2a: Sneasler\n|-resisted|p2a: Sneasler\n|-damage|p2a: Sneasler|64\/100\n|-boost|p1a: Brute Bonnet|spe|1\n|\n|upkeep\n|turn|24\n|\n|t:|1700429075\n|move|p2a: Sneasler|Switcheroo|p1a: Brute Bonnet\n|-activate|p2a: Sneasler|move: Trick|[of] p1a: Brute Bonnet\n|-item|p1a: Brute Bonnet|Choice Scarf|[from] move: Switcheroo\n|-enditem|p2a: Sneasler|Choice Scarf|[silent]|[from] move: Switcheroo\n|move|p1a: Brute Bonnet|Crunch|p2a: Sneasler\n|-resisted|p2a: Sneasler\n|-damage|p2a: Sneasler|10\/100\n|-unboost|p2a: Sneasler|def|1\n|\n|upkeep\n|turn|25\n|-message|Kauezinnnnn forfeited.\n|\n|win|BudewBoy\n|raw|BudewBoy's rating: 1059 &rarr; <strong>1097<\/strong><br \/>(+38 for winning)\n|raw|Kauezinnnnn's rating: 1142 &rarr; <strong>1111<\/strong><br \/>(-31 for losing)\n|l|\u2606Kauezinnnnn\n|c|\u2606BudewBoy|lol\n","uploadtime":1700429092,"views":26,"p1id":"budewboy","p2id":"kauezinnnnn","formatid":"gen9ou","rating":1097,"private":0,"password":""}