{"id":"gen9ou-1998141334","p1":"Flanagan7","p2":"liaoya","format":"[Gen 9] OU","log":"|j|\u2606Flanagan7\n|j|\u2606liaoya\n|t:|1700899205\n|gametype|singles\n|player|p1|Flanagan7|lucas-gen4pt|1475\n|player|p2|liaoya|petrel|1563\n|teamsize|p1|6\n|teamsize|p2|6\n|gen|9\n|tier|[Gen 9] OU\n|rated|\n|rule|Sleep Clause Mod: Limit one foe put to sleep\n|rule|Species Clause: Limit one of each Pok\u00e9mon\n|rule|OHKO Clause: OHKO moves are banned\n|rule|Evasion Items Clause: Evasion items are banned\n|rule|Evasion Moves Clause: Evasion moves are banned\n|rule|Endless Battle Clause: Forcing endless battles is banned\n|rule|HP Percentage Mod: HP is shown in percentages\n|clearpoke\n|poke|p1|Garganacl, F|\n|poke|p1|Toxapex, F|\n|poke|p1|Great Tusk|\n|poke|p1|Zapdos|\n|poke|p1|Gholdengo|\n|poke|p1|Greninja-*, M|\n|poke|p2|Drifblim, F|\n|poke|p2|Garganacl, M|\n|poke|p2|Umbreon, M|\n|poke|p2|Rotom-Wash|\n|poke|p2|Glimmora, F|\n|poke|p2|Espeon, M|\n|teampreview\n|inactive|Battle timer is ON: inactive players will automatically lose when time's up. (requested by Flanagan7)\n|\n|t:|1700899208\n|start\n|switch|p1a: Zapdos|Zapdos|100\/100\n|switch|p2a: Rotom|Rotom-Wash|100\/100\n|turn|1\n|\n|t:|1700899215\n|move|p2a: Rotom|Trick|p1a: Zapdos\n|-activate|p2a: Rotom|move: Trick|[of] p1a: Zapdos\n|-item|p1a: Zapdos|Choice Scarf|[from] move: Trick\n|-item|p2a: Rotom|Heavy-Duty Boots|[from] move: Trick\n|move|p1a: Zapdos|Volt Switch|p2a: Rotom\n|-damage|p2a: Rotom|60\/100\n|\n|t:|1700899221\n|switch|p1a: Garganacl|Garganacl, F|100\/100|[from] Volt Switch\n|\n|upkeep\n|turn|2\n|\n|t:|1700899228\n|-terastallize|p1a: Garganacl|Fairy\n|move|p2a: Rotom|Volt Switch|p1a: Garganacl\n|-damage|p1a: Garganacl|75\/100\n|\n|t:|1700899231\n|switch|p2a: Espeon|Espeon, M|100\/100|[from] Volt Switch\n|move|p1a: Garganacl|Salt Cure|p2a: Espeon\n|-damage|p2a: Espeon|84\/100\n|-start|p2a: Espeon|Salt Cure\n|\n|-heal|p1a: Garganacl|81\/100|[from] item: Leftovers\n|-damage|p2a: Espeon|72\/100|[from] Salt Cure\n|upkeep\n|turn|3\n|\n|t:|1700899238\n|move|p2a: Espeon|Trick|p1a: Garganacl\n|-activate|p2a: Espeon|move: Trick|[of] p1a: Garganacl\n|-item|p1a: Garganacl|Choice Scarf|[from] move: Trick\n|-item|p2a: Espeon|Leftovers|[from] move: Trick\n|move|p1a: Garganacl|Salt Cure|p2a: Espeon\n|-damage|p2a: Espeon|57\/100\n|\n|-heal|p2a: Espeon|63\/100|[from] item: Leftovers\n|-damage|p2a: Espeon|50\/100|[from] Salt Cure\n|upkeep\n|turn|4\n|\n|t:|1700899249\n|switch|p2a: Garganacl|Garganacl, M, shiny|100\/100\n|move|p1a: Garganacl|Salt Cure|p2a: Garganacl\n|-damage|p2a: Garganacl|91\/100\n|-start|p2a: Garganacl|Salt Cure\n|\n|-heal|p2a: Garganacl|97\/100|[from] item: Leftovers\n|-damage|p2a: Garganacl|84\/100|[from] Salt Cure\n|upkeep\n|turn|5\n|\n|t:|1700899252\n|switch|p1a: Zapdos|Zapdos|100\/100\n|move|p2a: Garganacl|Salt Cure|p1a: Zapdos\n|-supereffective|p1a: Zapdos\n|-damage|p1a: Zapdos|64\/100\n|-start|p1a: Zapdos|Salt Cure\n|\n|-heal|p2a: Garganacl|91\/100|[from] item: Leftovers\n|-damage|p1a: Zapdos|52\/100|[from] Salt Cure\n|-damage|p2a: Garganacl|78\/100|[from] Salt Cure\n|upkeep\n|turn|6\n|\n|t:|1700899260\n|switch|p2a: Umbreon|Umbreon, M, shiny|100\/100\n|move|p1a: Zapdos|Volt Switch|p2a: Umbreon\n|-damage|p2a: Umbreon|77\/100\n|\n|t:|1700899266\n|switch|p1a: Toxapex|Toxapex, F|100\/100|[from] Volt Switch\n|\n|-heal|p2a: Umbreon|83\/100|[from] item: Leftovers\n|upkeep\n|turn|7\n|\n|t:|1700899274\n|move|p2a: Umbreon|Protect|p2a: Umbreon\n|-singleturn|p2a: Umbreon|Protect\n|move|p1a: Toxapex|Infestation|p2a: Umbreon\n|-activate|p2a: Umbreon|move: Protect\n|\n|-heal|p2a: Umbreon|89\/100|[from] item: Leftovers\n|upkeep\n|turn|8\n|\n|t:|1700899293\n|switch|p2a: Garganacl|Garganacl, M, shiny|78\/100\n|move|p1a: Toxapex|Toxic|p2a: Garganacl\n|-immune|p2a: Garganacl|[from] ability: Purifying Salt\n|\n|-heal|p2a: Garganacl|84\/100|[from] item: Leftovers\n|upkeep\n|turn|9\n|\n|t:|1700899298\n|switch|p1a: Gholdengo|Gholdengo|100\/100\n|move|p2a: Garganacl|Salt Cure|p1a: Gholdengo\n|-resisted|p1a: Gholdengo\n|-damage|p1a: Gholdengo|93\/100\n|-start|p1a: Gholdengo|Salt Cure\n|\n|-heal|p2a: Garganacl|91\/100|[from] item: Leftovers\n|-damage|p1a: Gholdengo|68\/100|[from] Salt Cure\n|upkeep\n|turn|10\n|\n|t:|1700899311\n|switch|p1a: Zapdos|Zapdos|52\/100\n|switch|p2a: Rotom|Rotom-Wash|60\/100\n|\n|upkeep\n|turn|11\n|\n|t:|1700899321\n|move|p1a: Zapdos|Volt Switch|p2a: Rotom\n|-damage|p2a: Rotom|22\/100\n|\n|t:|1700899323\n|switch|p1a: Garganacl|Garganacl, F, tera:Fairy|81\/100|[from] Volt Switch\n|move|p2a: Rotom|Volt Switch|p1a: Garganacl\n|-damage|p1a: Garganacl|56\/100\n|-message|Flanagan7 forfeited.\n|\n|win|liaoya\n|raw|Flanagan7's rating: 1475 &rarr; <strong>1460<\/strong><br \/>(-15 for losing)\n|raw|liaoya's rating: 1563 &rarr; <strong>1578<\/strong><br \/>(+15 for winning)\n|l|\u2606Flanagan7\n","uploadtime":1700899337,"views":1,"p1id":"flanagan7","p2id":"liaoya","formatid":"gen9ou","rating":1460,"private":0,"password":""}