{"id":"gen9ou-1996921638","p1":"NurioGiorno","p2":"Umbrella_Day","format":"[Gen 9] OU","log":"|j|\u2606NurioGiorno\n|j|\u2606Umbrella_Day\n|t:|1700745131\n|gametype|singles\n|player|p1|NurioGiorno|riley|1220\n|player|p2|Umbrella_Day|lady-gen4|1310\n|teamsize|p1|6\n|teamsize|p2|6\n|gen|9\n|tier|[Gen 9] OU\n|rated|\n|rule|Sleep Clause Mod: Limit one foe put to sleep\n|rule|Species Clause: Limit one of each Pok\u00e9mon\n|rule|OHKO Clause: OHKO moves are banned\n|rule|Evasion Items Clause: Evasion items are banned\n|rule|Evasion Moves Clause: Evasion moves are banned\n|rule|Endless Battle Clause: Forcing endless battles is banned\n|rule|HP Percentage Mod: HP is shown in percentages\n|clearpoke\n|poke|p1|Leafeon, M|\n|poke|p1|Torkoal, M|\n|poke|p1|Walking Wake|\n|poke|p1|Great Tusk|\n|poke|p1|Blissey, F|\n|poke|p1|Slowking-Galar, F|\n|poke|p2|Garganacl, M|\n|poke|p2|Goodra-Hisui, F|\n|poke|p2|Rillaboom, F|\n|poke|p2|Manaphy|\n|poke|p2|Scream Tail|\n|poke|p2|Great Tusk|\n|teampreview\n|inactive|Battle timer is ON: inactive players will automatically lose when time's up. (requested by NurioGiorno)\n|\n|t:|1700745151\n|start\n|switch|p1a: Great Tusk|Great Tusk|100\/100\n|switch|p2a: Goodra|Goodra-Hisui, F|100\/100\n|turn|1\n|\n|t:|1700745161\n|switch|p2a: Scream Tail|Scream Tail, shiny|100\/100\n|move|p1a: Great Tusk|Headlong Rush|p2a: Scream Tail\n|-damage|p2a: Scream Tail|48\/100\n|-unboost|p1a: Great Tusk|def|1\n|-unboost|p1a: Great Tusk|spd|1\n|\n|-heal|p2a: Scream Tail|54\/100|[from] item: Leftovers\n|upkeep\n|turn|2\n|\n|t:|1700745174\n|-end|p1a: Great Tusk|Protosynthesis|[silent]\n|switch|p1a: Torkoal|Torkoal, M|100\/100\n|-weather|SunnyDay|[from] ability: Drought|[of] p1a: Torkoal\n|-activate|p2a: Scream Tail|ability: Protosynthesis\n|-start|p2a: Scream Tail|protosynthesisspe\n|move|p2a: Scream Tail|Dazzling Gleam|p1a: Torkoal\n|-resisted|p1a: Torkoal\n|-damage|p1a: Torkoal|88\/100\n|\n|-weather|SunnyDay|[upkeep]\n|-heal|p2a: Scream Tail|60\/100|[from] item: Leftovers\n|upkeep\n|turn|3\n|\n|t:|1700745179\n|move|p2a: Scream Tail|Protect|p2a: Scream Tail\n|-singleturn|p2a: Scream Tail|Protect\n|move|p1a: Torkoal|Stealth Rock|p2a: Scream Tail\n|-sidestart|p2: Umbrella_Day|move: Stealth Rock\n|\n|-weather|SunnyDay|[upkeep]\n|-heal|p2a: Scream Tail|67\/100|[from] item: Leftovers\n|upkeep\n|turn|4\n|\n|t:|1700745182\n|move|p2a: Scream Tail|Encore|p1a: Torkoal\n|-start|p1a: Torkoal|Encore\n|move|p1a: Torkoal|Stealth Rock||[still]\n|-fail|p1a: Torkoal\n|\n|-weather|SunnyDay|[upkeep]\n|-heal|p2a: Scream Tail|73\/100|[from] item: Leftovers\n|upkeep\n|turn|5\n|\n|t:|1700745188\n|-end|p2a: Scream Tail|Protosynthesis|[silent]\n|switch|p2a: Great Tusk|Great Tusk|100\/100\n|-activate|p2a: Great Tusk|ability: Protosynthesis\n|-start|p2a: Great Tusk|protosynthesisatk\n|switch|p1a: Slowking|Slowking-Galar, F, shiny|100\/100\n|\n|-weather|SunnyDay|[upkeep]\n|upkeep\n|turn|6\n|\n|t:|1700745194\n|switch|p1a: Great Tusk|Great Tusk|100\/100\n|-activate|p1a: Great Tusk|ability: Protosynthesis\n|-start|p1a: Great Tusk|protosynthesisatk\n|move|p2a: Great Tusk|Rapid Spin|p1a: Great Tusk\n|-damage|p1a: Great Tusk|84\/100\n|-boost|p2a: Great Tusk|spe|1\n|-sideend|p2: Umbrella_Day|Stealth Rock|[from] move: Rapid Spin|[of] p2a: Great Tusk\n|\n|-weather|SunnyDay|[upkeep]\n|upkeep\n|turn|7\n|\n|t:|1700745201\n|move|p2a: Great Tusk|Knock Off|p1a: Great Tusk\n|-resisted|p1a: Great Tusk\n|-damage|p1a: Great Tusk|69\/100\n|-enditem|p1a: Great Tusk|Heavy-Duty Boots|[from] move: Knock Off|[of] p2a: Great Tusk\n|move|p1a: Great Tusk|Rapid Spin|p2a: Great Tusk\n|-damage|p2a: Great Tusk|84\/100\n|-boost|p1a: Great Tusk|spe|1\n|\n|-weather|SunnyDay|[upkeep]\n|upkeep\n|turn|8\n|\n|t:|1700745209\n|move|p1a: Great Tusk|Rapid Spin|p2a: Great Tusk\n|-damage|p2a: Great Tusk|69\/100\n|-boost|p1a: Great Tusk|spe|1\n|move|p2a: Great Tusk|Close Combat|p1a: Great Tusk\n|-damage|p1a: Great Tusk|14\/100\n|-unboost|p2a: Great Tusk|def|1\n|-unboost|p2a: Great Tusk|spd|1\n|\n|-weather|SunnyDay|[upkeep]\n|upkeep\n|turn|9\n|\n|t:|1700745225\n|-end|p2a: Great Tusk|Protosynthesis|[silent]\n|switch|p2a: Rillaboom|Rillaboom, F|100\/100\n|-fieldstart|move: Grassy Terrain|[from] ability: Grassy Surge|[of] p2a: Rillaboom\n|move|p1a: Great Tusk|Headlong Rush|p2a: Rillaboom\n|-resisted|p2a: Rillaboom\n|-damage|p2a: Rillaboom|56\/100\n|-unboost|p1a: Great Tusk|def|1\n|-unboost|p1a: Great Tusk|spd|1\n|\n|-weather|none\n|-end|p1a: Great Tusk|Protosynthesis\n|-heal|p1a: Great Tusk|20\/100|[from] Grassy Terrain\n|-heal|p2a: Rillaboom|62\/100|[from] Grassy Terrain\n|upkeep\n|turn|10\n|\n|t:|1700745238\n|-end|p1a: Great Tusk|Protosynthesis|[silent]\n|switch|p1a: Torkoal|Torkoal, M|88\/100\n|-weather|SunnyDay|[from] ability: Drought|[of] p1a: Torkoal\n|move|p2a: Rillaboom|Grassy Glide|p1a: Torkoal\n|-resisted|p1a: Torkoal\n|-damage|p1a: Torkoal|70\/100\n|\n|-weather|SunnyDay|[upkeep]\n|-heal|p2a: Rillaboom|68\/100|[from] Grassy Terrain\n|-heal|p1a: Torkoal|76\/100|[from] Grassy Terrain\n|upkeep\n|turn|11\n|\n|t:|1700745245\n|switch|p2a: Scream Tail|Scream Tail, shiny|73\/100\n|-activate|p2a: Scream Tail|ability: Protosynthesis\n|-start|p2a: Scream Tail|protosynthesisspe\n|move|p1a: Torkoal|Lava Plume|p2a: Scream Tail\n|-crit|p2a: Scream Tail\n|-damage|p2a: Scream Tail|33\/100\n|\n|-weather|SunnyDay|[upkeep]\n|-heal|p2a: Scream Tail|40\/100|[from] Grassy Terrain\n|-heal|p2a: Scream Tail|46\/100|[from] item: Leftovers\n|-heal|p1a: Torkoal|82\/100|[from] Grassy Terrain\n|upkeep\n|turn|12\n|\n|t:|1700745255\n|move|p2a: Scream Tail|Wish|p2a: Scream Tail\n|move|p1a: Torkoal|Yawn|p2a: Scream Tail\n|-start|p2a: Scream Tail|move: Yawn|[of] p1a: Torkoal\n|\n|-weather|SunnyDay|[upkeep]\n|-heal|p2a: Scream Tail|52\/100|[from] Grassy Terrain\n|-heal|p2a: Scream Tail|58\/100|[from] item: Leftovers\n|-heal|p1a: Torkoal|89\/100|[from] Grassy Terrain\n|upkeep\n|turn|13\n|\n|t:|1700745265\n|-end|p2a: Scream Tail|Protosynthesis|[silent]\n|switch|p2a: Garganacl|Garganacl, M|100\/100\n|move|p1a: Torkoal|Lava Plume|p2a: Garganacl\n|-resisted|p2a: Garganacl\n|-damage|p2a: Garganacl|88\/100\n|\n|-weather|SunnyDay|[upkeep]\n|-heal|p2a: Garganacl|100\/100|[from] move: Wish|[wisher] Scream Tail\n|-heal|p1a: Torkoal|95\/100|[from] Grassy Terrain\n|-fieldend|move: Grassy Terrain\n|upkeep\n|turn|14\n|\n|t:|1700745274\n|switch|p1a: Walking Wake|Walking Wake|100\/100\n|-activate|p1a: Walking Wake|ability: Protosynthesis\n|-start|p1a: Walking Wake|protosynthesisspe\n|move|p2a: Garganacl|Salt Cure|p1a: Walking Wake\n|-damage|p1a: Walking Wake|86\/100\n|-start|p1a: Walking Wake|Salt Cure\n|\n|-weather|SunnyDay|[upkeep]\n|-damage|p1a: Walking Wake|61\/100|[from] Salt Cure\n|upkeep\n|turn|15\n|\n|t:|1700745284\n|switch|p2a: Goodra|Goodra-Hisui, F|100\/100\n|move|p1a: Walking Wake|Hydro Steam|p2a: Goodra\n|-resisted|p2a: Goodra\n|-damage|p2a: Goodra|81\/100\n|\n|-weather|SunnyDay|[upkeep]\n|-damage|p1a: Walking Wake|36\/100|[from] Salt Cure\n|upkeep\n|turn|16\n|\n|t:|1700745303\n|-end|p1a: Walking Wake|Protosynthesis|[silent]\n|switch|p1a: Slowking|Slowking-Galar, F, shiny|100\/100\n|move|p2a: Goodra|Draco Meteor|p1a: Slowking\n|-damage|p1a: Slowking|71\/100\n|-unboost|p2a: Goodra|spa|2\n|\n|-weather|SunnyDay|[upkeep]\n|upkeep\n|turn|17\n|\n|t:|1700745312\n|switch|p2a: Garganacl|Garganacl, M|100\/100\n|move|p1a: Slowking|Flamethrower|p2a: Garganacl\n|-resisted|p2a: Garganacl\n|-damage|p2a: Garganacl|89\/100\n|\n|-weather|none\n|-heal|p2a: Garganacl|95\/100|[from] item: Leftovers\n|upkeep\n|turn|18\n|\n|t:|1700745317\n|move|p2a: Garganacl|Salt Cure|p1a: Slowking\n|-damage|p1a: Slowking|56\/100\n|-start|p1a: Slowking|Salt Cure\n|move|p1a: Slowking|Future Sight|p2a: Garganacl\n|-start|p1a: Slowking|move: Future Sight\n|\n|-heal|p2a: Garganacl|100\/100|[from] item: Leftovers\n|-damage|p1a: Slowking|44\/100|[from] Salt Cure\n|upkeep\n|turn|19\n|\n|t:|1700745325\n|switch|p1a: Torkoal|Torkoal, M|95\/100\n|-weather|SunnyDay|[from] ability: Drought|[of] p1a: Torkoal\n|move|p2a: Garganacl|Iron Defense|p2a: Garganacl\n|-boost|p2a: Garganacl|def|2\n|\n|-weather|SunnyDay|[upkeep]\n|upkeep\n|turn|20\n|\n|t:|1700745339\n|switch|p1a: Great Tusk|Great Tusk|20\/100\n|-activate|p1a: Great Tusk|ability: Protosynthesis\n|-start|p1a: Great Tusk|protosynthesisatk\n|move|p2a: Garganacl|Salt Cure|p1a: Great Tusk\n|-resisted|p1a: Great Tusk\n|-damage|p1a: Great Tusk|18\/100\n|-start|p1a: Great Tusk|Salt Cure\n|\n|-weather|SunnyDay|[upkeep]\n|-end|p2a: Garganacl|move: Future Sight\n|-damage|p2a: Garganacl|66\/100\n|-heal|p2a: Garganacl|72\/100|[from] item: Leftovers\n|-damage|p1a: Great Tusk|6\/100|[from] Salt Cure\n|upkeep\n|turn|21\n|\n|t:|1700745351\n|move|p1a: Great Tusk|Close Combat|p2a: Garganacl\n|-supereffective|p2a: Garganacl\n|-damage|p2a: Garganacl|13\/100\n|-unboost|p1a: Great Tusk|def|1\n|-unboost|p1a: Great Tusk|spd|1\n|move|p2a: Garganacl|Recover|p2a: Garganacl\n|-heal|p2a: Garganacl|63\/100\n|\n|-weather|SunnyDay|[upkeep]\n|-heal|p2a: Garganacl|70\/100|[from] item: Leftovers\n|-damage|p1a: Great Tusk|0 fnt|[from] Salt Cure\n|faint|p1a: Great Tusk\n|-end|p1a: Great Tusk|Protosynthesis|[silent]\n|upkeep\n|\n|t:|1700745356\n|switch|p1a: Leafeon|Leafeon, M|100\/100\n|turn|22\n|\n|t:|1700745362\n|-terastallize|p2a: Garganacl|Dragon\n|move|p1a: Leafeon|Swords Dance|p1a: Leafeon\n|-boost|p1a: Leafeon|atk|2\n|move|p2a: Garganacl|Iron Defense|p2a: Garganacl\n|-boost|p2a: Garganacl|def|2\n|\n|-weather|SunnyDay|[upkeep]\n|-heal|p2a: Garganacl|76\/100|[from] item: Leftovers\n|upkeep\n|turn|23\n|\n|t:|1700745370\n|move|p1a: Leafeon|Swords Dance|p1a: Leafeon\n|-boost|p1a: Leafeon|atk|2\n|move|p2a: Garganacl|Salt Cure|p1a: Leafeon\n|-damage|p1a: Leafeon|87\/100\n|-start|p1a: Leafeon|Salt Cure\n|\n|-weather|SunnyDay|[upkeep]\n|-heal|p2a: Garganacl|82\/100|[from] item: Leftovers\n|-damage|p1a: Leafeon|75\/100|[from] Salt Cure\n|upkeep\n|turn|24\n|\n|t:|1700745374\n|move|p1a: Leafeon|Swords Dance|p1a: Leafeon\n|-boost|p1a: Leafeon|atk|2\n|move|p2a: Garganacl|Iron Defense|p2a: Garganacl\n|-boost|p2a: Garganacl|def|2\n|\n|-weather|SunnyDay|[upkeep]\n|-heal|p2a: Garganacl|88\/100|[from] item: Leftovers\n|-damage|p1a: Leafeon|62\/100|[from] Salt Cure\n|upkeep\n|turn|25\n|\n|t:|1700745377\n|move|p1a: Leafeon|Dig||[still]\n|-prepare|p1a: Leafeon|Dig\n|-enditem|p1a: Leafeon|Power Herb\n|-anim|p1a: Leafeon|Dig|p2a: Garganacl\n|-damage|p2a: Garganacl|70\/100\n|move|p2a: Garganacl|Recover|p2a: Garganacl\n|-heal|p2a: Garganacl|100\/100\n|\n|-weather|SunnyDay|[upkeep]\n|-damage|p1a: Leafeon|50\/100|[from] Salt Cure\n|upkeep\n|turn|26\n|\n|t:|1700745382\n|switch|p1a: Walking Wake|Walking Wake|36\/100\n|-activate|p1a: Walking Wake|ability: Protosynthesis\n|-start|p1a: Walking Wake|protosynthesisspe\n|move|p2a: Garganacl|Body Press|p1a: Walking Wake\n|-damage|p1a: Walking Wake|0 fnt\n|faint|p1a: Walking Wake\n|-end|p1a: Walking Wake|Protosynthesis|[silent]\n|\n|-weather|none\n|upkeep\n|c|\u2606NurioGiorno|gg\n|-message|NurioGiorno forfeited.\n|\n|win|Umbrella_Day\n|raw|NurioGiorno's rating: 1220 &rarr; <strong>1201<\/strong><br \/>(-19 for losing)\n|raw|Umbrella_Day's rating: 1310 &rarr; <strong>1325<\/strong><br \/>(+15 for winning)\n|l|\u2606NurioGiorno\n","uploadtime":1700745396,"views":2,"p1id":"nuriogiorno","p2id":"umbrelladay","formatid":"gen9ou","rating":1201,"private":0,"password":""}