{"id":"gen9ou-1989003862","p1":"al-my69","p2":"yellow motorola","format":"[Gen 9] OU","log":"|j|\u2606al-my69\n|j|\u2606yellow motorola\n|t:|1699800996\n|gametype|singles\n|player|p1|al-my69|yellow|1439\n|player|p2|yellow motorola|will-gen2|1554\n|teamsize|p1|6\n|teamsize|p2|6\n|gen|9\n|tier|[Gen 9] OU\n|rated|\n|rule|Sleep Clause Mod: Limit one foe put to sleep\n|rule|Species Clause: Limit one of each Pok\u00e9mon\n|rule|OHKO Clause: OHKO moves are banned\n|rule|Evasion Items Clause: Evasion items are banned\n|rule|Evasion Moves Clause: Evasion moves are banned\n|rule|Endless Battle Clause: Forcing endless battles is banned\n|rule|HP Percentage Mod: HP is shown in percentages\n|clearpoke\n|poke|p1|Rillaboom, F|\n|poke|p1|Sneasler, M|\n|poke|p1|Heatran, M|\n|poke|p1|Kingambit, M|\n|poke|p1|Great Tusk|\n|poke|p1|Gholdengo|\n|poke|p2|Sinistcha|\n|poke|p2|Rillaboom, F|\n|poke|p2|Ursaluna, F|\n|poke|p2|Cinderace, M|\n|poke|p2|Sneasler, F|\n|poke|p2|Manaphy|\n|teampreview\n|inactive|Battle timer is ON: inactive players will automatically lose when time's up. (requested by yellow motorola)\n|inactive|al-my69 also wants the timer to be on.\n|j| lukadeska\n|\n|t:|1699801004\n|start\n|switch|p1a: heatransgender|Heatran, M|100\/100\n|switch|p2a: Portgas D. Ace \ud83d\udd25|Cinderace, M, shiny|100\/100\n|turn|1\n|\n|t:|1699801010\n|move|p2a: Portgas D. Ace \ud83d\udd25|U-turn|p1a: heatransgender\n|-resisted|p1a: heatransgender\n|-damage|p1a: heatransgender|96\/100\n|\n|t:|1699801014\n|switch|p2a: Leo|Manaphy|100\/100|[from] U-turn\n|move|p1a: heatransgender|Earth Power|p2a: Leo\n|-damage|p2a: Leo|75\/100\n|\n|-heal|p1a: heatransgender|100\/100|[from] item: Leftovers\n|-heal|p2a: Leo|81\/100|[from] item: Leftovers\n|upkeep\n|turn|2\n|\n|t:|1699801030\n|switch|p1a: high way to|Rillaboom, F|100\/100\n|-fieldstart|move: Grassy Terrain|[from] ability: Grassy Surge|[of] p1a: high way to\n|move|p2a: Leo|Scald|p1a: high way to\n|-resisted|p1a: high way to\n|-damage|p1a: high way to|83\/100\n|\n|-heal|p1a: high way to|89\/100|[from] Grassy Terrain\n|-heal|p2a: Leo|87\/100|[from] Grassy Terrain\n|-heal|p2a: Leo|93\/100|[from] item: Leftovers\n|upkeep\n|turn|3\n|\n|t:|1699801049\n|move|p1a: high way to|U-turn|p2a: Leo\n|-damage|p2a: Leo|68\/100\n|\n|t:|1699801052\n|switch|p1a: the danger zone|Sneasler, M|100\/100|[from] U-turn\n|-enditem|p1a: the danger zone|Grassy Seed\n|-boost|p1a: the danger zone|def|1|[from] item: Grassy Seed\n|move|p2a: Leo|Scald|p1a: the danger zone\n|-damage|p1a: the danger zone|65\/100\n|\n|-heal|p1a: the danger zone|71\/100|[from] Grassy Terrain\n|-heal|p2a: Leo|75\/100|[from] Grassy Terrain\n|-heal|p2a: Leo|81\/100|[from] item: Leftovers\n|upkeep\n|turn|4\n|\n|t:|1699801061\n|move|p1a: the danger zone|Swords Dance|p1a: the danger zone\n|-boost|p1a: the danger zone|atk|2\n|move|p2a: Leo|Scald|p1a: the danger zone\n|-damage|p1a: the danger zone|32\/100\n|\n|-heal|p1a: the danger zone|38\/100|[from] Grassy Terrain\n|-heal|p2a: Leo|87\/100|[from] Grassy Terrain\n|-heal|p2a: Leo|93\/100|[from] item: Leftovers\n|upkeep\n|turn|5\n|\n|t:|1699801065\n|move|p1a: the danger zone|Close Combat|p2a: Leo\n|-damage|p2a: Leo|0 fnt\n|-unboost|p1a: the danger zone|def|1\n|-unboost|p1a: the danger zone|spd|1\n|faint|p2a: Leo\n|\n|-heal|p1a: the danger zone|44\/100|[from] Grassy Terrain\n|upkeep\n|\n|t:|1699801076\n|switch|p2a: Winston \ud83e\udd8d|Rillaboom, F|100\/100\n|turn|6\n|\n|t:|1699801080\n|move|p2a: Winston \ud83e\udd8d|Grassy Glide|p1a: the danger zone\n|-resisted|p1a: the danger zone\n|-damage|p1a: the danger zone|0 fnt\n|faint|p1a: the danger zone\n|\n|-fieldend|move: Grassy Terrain\n|upkeep\n|\n|t:|1699801086\n|switch|p1a: heatransgender|Heatran, M|100\/100\n|turn|7\n|\n|t:|1699801106\n|switch|p2a: Dimple \ud83c\udf75|Sinistcha|100\/100\n|move|p1a: heatransgender|Magma Storm|p2a: Dimple \ud83c\udf75|[miss]\n|-miss|p1a: heatransgender|p2a: Dimple \ud83c\udf75\n|\n|upkeep\n|turn|8\n|\n|t:|1699801115\n|move|p1a: heatransgender|Taunt|p2a: Dimple \ud83c\udf75\n|-start|p2a: Dimple \ud83c\udf75|move: Taunt\n|move|p2a: Dimple \ud83c\udf75|Hex|p1a: heatransgender\n|-damage|p1a: heatransgender|73\/100\n|\n|-heal|p1a: heatransgender|79\/100|[from] item: Leftovers\n|upkeep\n|turn|9\n|\n|t:|1699801118\n|move|p1a: heatransgender|Magma Storm|p2a: Dimple \ud83c\udf75\n|-supereffective|p2a: Dimple \ud83c\udf75\n|-damage|p2a: Dimple \ud83c\udf75|43\/100\n|-activate|p2a: Dimple \ud83c\udf75|move: Magma Storm|[of] p1a: heatransgender\n|move|p2a: Dimple \ud83c\udf75|Hex|p1a: heatransgender\n|-damage|p1a: heatransgender|53\/100\n|\n|-heal|p1a: heatransgender|59\/100|[from] item: Leftovers\n|-damage|p2a: Dimple \ud83c\udf75|31\/100|[from] move: Magma Storm|[partiallytrapped]\n|upkeep\n|turn|10\n|\n|t:|1699801121\n|move|p1a: heatransgender|Stealth Rock|p2a: Dimple \ud83c\udf75\n|-sidestart|p2: yellow motorola|move: Stealth Rock\n|move|p2a: Dimple \ud83c\udf75|Hex|p1a: heatransgender\n|-damage|p1a: heatransgender|35\/100\n|\n|-heal|p1a: heatransgender|41\/100|[from] item: Leftovers\n|-damage|p2a: Dimple \ud83c\udf75|18\/100|[from] move: Magma Storm|[partiallytrapped]\n|-end|p2a: Dimple \ud83c\udf75|move: Taunt\n|upkeep\n|turn|11\n|\n|t:|1699801126\n|move|p1a: heatransgender|Magma Storm|p2a: Dimple \ud83c\udf75\n|-supereffective|p2a: Dimple \ud83c\udf75\n|-damage|p2a: Dimple \ud83c\udf75|0 fnt\n|faint|p2a: Dimple \ud83c\udf75\n|\n|-heal|p1a: heatransgender|47\/100|[from] item: Leftovers\n|upkeep\n|\n|t:|1699801132\n|switch|p2a: Freddy Fazbear|Ursaluna, F, shiny|100\/100\n|-damage|p2a: Freddy Fazbear|94\/100|[from] Stealth Rock\n|turn|12\n|\n|t:|1699801145\n|move|p1a: heatransgender|Magma Storm|p2a: Freddy Fazbear\n|-damage|p2a: Freddy Fazbear|45\/100\n|-activate|p2a: Freddy Fazbear|move: Magma Storm|[of] p1a: heatransgender\n|move|p2a: Freddy Fazbear|Trailblaze|p1a: heatransgender\n|-resisted|p1a: heatransgender\n|-damage|p1a: heatransgender|42\/100\n|-boost|p2a: Freddy Fazbear|spe|1\n|\n|-heal|p1a: heatransgender|48\/100|[from] item: Leftovers\n|-damage|p2a: Freddy Fazbear|33\/100|[from] move: Magma Storm|[partiallytrapped]\n|-status|p2a: Freddy Fazbear|brn|[from] item: Flame Orb\n|upkeep\n|turn|13\n|\n|t:|1699801154\n|move|p2a: Freddy Fazbear|Drain Punch|p1a: heatransgender\n|-supereffective|p1a: heatransgender\n|-damage|p1a: heatransgender|0 fnt\n|-heal|p2a: Freddy Fazbear|52\/100 brn|[from] drain|[of] p1a: heatransgender\n|faint|p1a: heatransgender\n|\n|-damage|p2a: Freddy Fazbear|46\/100 brn|[from] brn\n|-end|p2a: Freddy Fazbear|Magma Storm|[partiallytrapped]|[silent]\n|upkeep\n|\n|t:|1699801156\n|switch|p1a: high way to|Rillaboom, F|89\/100\n|-fieldstart|move: Grassy Terrain|[from] ability: Grassy Surge|[of] p1a: high way to\n|turn|14\n|\n|t:|1699801167\n|move|p1a: high way to|Grassy Glide|p2a: Freddy Fazbear\n|-supereffective|p2a: Freddy Fazbear\n|-damage|p2a: Freddy Fazbear|0 fnt\n|faint|p2a: Freddy Fazbear\n|\n|-heal|p1a: high way to|96\/100|[from] Grassy Terrain\n|upkeep\n|\n|t:|1699801171\n|switch|p2a: Portgas D. Ace \ud83d\udd25|Cinderace, M, shiny|100\/100\n|turn|15\n|l| lukadeska\n|\n|t:|1699801177\n|switch|p1a: Great Tusk|Great Tusk|100\/100\n|move|p2a: Portgas D. Ace \ud83d\udd25|Will-O-Wisp|p1a: Great Tusk\n|-status|p1a: Great Tusk|brn\n|\n|-damage|p1a: Great Tusk|94\/100 brn|[from] brn\n|upkeep\n|turn|16\n|\n|t:|1699801182\n|move|p2a: Portgas D. Ace \ud83d\udd25|Court Change|p2a: Portgas D. Ace \ud83d\udd25\n|-swapsideconditions\n|-activate|p2a: Portgas D. Ace \ud83d\udd25|move: Court Change\n|move|p1a: Great Tusk|Headlong Rush|p2a: Portgas D. Ace \ud83d\udd25\n|-supereffective|p2a: Portgas D. Ace \ud83d\udd25\n|-damage|p2a: Portgas D. Ace \ud83d\udd25|26\/100\n|-unboost|p1a: Great Tusk|def|1\n|-unboost|p1a: Great Tusk|spd|1\n|\n|-heal|p2a: Portgas D. Ace \ud83d\udd25|32\/100|[from] Grassy Terrain\n|-heal|p1a: Great Tusk|100\/100 brn|[from] Grassy Terrain\n|-damage|p1a: Great Tusk|94\/100 brn|[from] brn\n|upkeep\n|turn|17\n|\n|t:|1699801186\n|move|p2a: Portgas D. Ace \ud83d\udd25|Pyro Ball|p1a: Great Tusk\n|-damage|p1a: Great Tusk|12\/100 brn\n|move|p1a: Great Tusk|Rapid Spin|p2a: Portgas D. Ace \ud83d\udd25\n|-damage|p2a: Portgas D. Ace \ud83d\udd25|21\/100\n|-boost|p1a: Great Tusk|spe|1\n|-sideend|p1: al-my69|Stealth Rock|[from] move: Rapid Spin|[of] p1a: Great Tusk\n|\n|-heal|p1a: Great Tusk|18\/100 brn|[from] Grassy Terrain\n|-heal|p2a: Portgas D. Ace \ud83d\udd25|27\/100|[from] Grassy Terrain\n|-damage|p1a: Great Tusk|12\/100 brn|[from] brn\n|upkeep\n|turn|18\n|\n|t:|1699801194\n|switch|p2a: Winston \ud83e\udd8d|Rillaboom, F|100\/100\n|move|p1a: Great Tusk|Headlong Rush|p2a: Winston \ud83e\udd8d\n|-resisted|p2a: Winston \ud83e\udd8d\n|-damage|p2a: Winston \ud83e\udd8d|85\/100\n|-unboost|p1a: Great Tusk|def|1\n|-unboost|p1a: Great Tusk|spd|1\n|\n|-heal|p1a: Great Tusk|18\/100 brn|[from] Grassy Terrain\n|-heal|p2a: Winston \ud83e\udd8d|91\/100|[from] Grassy Terrain\n|-damage|p1a: Great Tusk|12\/100 brn|[from] brn\n|-fieldend|move: Grassy Terrain\n|upkeep\n|turn|19\n|\n|t:|1699801199\n|move|p1a: Great Tusk|Knock Off|p2a: Winston \ud83e\udd8d\n|-damage|p2a: Winston \ud83e\udd8d|73\/100\n|-enditem|p2a: Winston \ud83e\udd8d|Choice Band|[from] move: Knock Off|[of] p1a: Great Tusk\n|move|p2a: Winston \ud83e\udd8d|Grassy Glide|p1a: Great Tusk\n|-supereffective|p1a: Great Tusk\n|-damage|p1a: Great Tusk|0 fnt\n|faint|p1a: Great Tusk\n|-end|p1a: Great Tusk|Protosynthesis|[silent]\n|\n|upkeep\n|\n|t:|1699801204\n|switch|p1a: Mr. Beast|Gholdengo|100\/100\n|turn|20\n|\n|t:|1699801210\n|move|p1a: Mr. Beast|Make It Rain|p2a: Winston \ud83e\udd8d\n|-damage|p2a: Winston \ud83e\udd8d|0 fnt\n|-unboost|p1a: Mr. Beast|spa|1\n|faint|p2a: Winston \ud83e\udd8d\n|\n|upkeep\n|\n|t:|1699801212\n|switch|p2a: Portgas D. Ace \ud83d\udd25|Cinderace, M, shiny|27\/100\n|turn|21\n|\n|t:|1699801221\n|switch|p1a: true king|Kingambit, M, shiny|100\/100\n|-activate|p1a: true king|ability: Supreme Overlord\n|-start|p1a: true king|fallen3|[silent]\n|move|p2a: Portgas D. Ace \ud83d\udd25|Pyro Ball|p1a: true king\n|-supereffective|p1a: true king\n|-damage|p1a: true king|0 fnt\n|faint|p1a: true king\n|-end|p1a: true king|fallen3|[silent]\n|\n|upkeep\n|\n|t:|1699801225\n|switch|p1a: high way to|Rillaboom, F|96\/100\n|-fieldstart|move: Grassy Terrain|[from] ability: Grassy Surge|[of] p1a: high way to\n|turn|22\n|\n|t:|1699801229\n|move|p1a: high way to|Grassy Glide|p2a: Portgas D. Ace \ud83d\udd25\n|-resisted|p2a: Portgas D. Ace \ud83d\udd25\n|-damage|p2a: Portgas D. Ace \ud83d\udd25|0 fnt\n|faint|p2a: Portgas D. Ace \ud83d\udd25\n|\n|-heal|p1a: high way to|100\/100|[from] Grassy Terrain\n|upkeep\n|\n|t:|1699801232\n|switch|p2a: Tengu Snowfoux|Sneasler, F|100\/100\n|-enditem|p2a: Tengu Snowfoux|Grassy Seed\n|-boost|p2a: Tengu Snowfoux|def|1|[from] item: Grassy Seed\n|turn|23\n|\n|t:|1699801235\n|switch|p1a: Mr. Beast|Gholdengo|100\/100\n|move|p2a: Tengu Snowfoux|Swords Dance|p2a: Tengu Snowfoux\n|-boost|p2a: Tengu Snowfoux|atk|2\n|\n|upkeep\n|turn|24\n|\n|t:|1699801240\n|move|p2a: Tengu Snowfoux|Lash Out|p1a: Mr. Beast\n|-supereffective|p1a: Mr. Beast\n|-damage|p1a: Mr. Beast|0 fnt\n|faint|p1a: Mr. Beast\n|\n|upkeep\n|\n|t:|1699801253\n|switch|p1a: high way to|Rillaboom, F|100\/100\n|turn|25\n|\n|t:|1699801259\n|-terastallize|p1a: high way to|Grass\n|move|p1a: high way to|Grassy Glide|p2a: Tengu Snowfoux\n|-resisted|p2a: Tengu Snowfoux\n|-damage|p2a: Tengu Snowfoux|55\/100\n|move|p2a: Tengu Snowfoux|Close Combat|p1a: high way to\n|-damage|p1a: high way to|0 fnt\n|-unboost|p2a: Tengu Snowfoux|def|1\n|-unboost|p2a: Tengu Snowfoux|spd|1\n|faint|p1a: high way to\n|\n|win|yellow motorola\n|raw|al-my69's rating: 1439 &rarr; <strong>1425<\/strong><br \/>(-14 for losing)\n|raw|yellow motorola's rating: 1554 &rarr; <strong>1568<\/strong><br \/>(+14 for winning)\n|l|\u2606al-my69\n","uploadtime":1699801278,"views":8,"p1id":"almy69","p2id":"yellowmotorola","formatid":"gen9ou","rating":1425,"private":0,"password":""}