{"id":"gen9ou-1997171667","p1":"AminitraboTTT","p2":"TheBubylemur","format":"[Gen 9] OU","log":"|j|\u2606AminitraboTTT\n|j|\u2606TheBubylemur\n|inactive|Battle timer is ON: inactive players will automatically lose when time's up.\n|t:|1700771852\n|gametype|singles\n|player|p1|AminitraboTTT|supernerd|\n|player|p2|TheBubylemur|biker|\n|teamsize|p1|6\n|teamsize|p2|6\n|gen|9\n|tier|[Gen 9] OU\n|rated|Tournament battle\n|rule|Sleep Clause Mod: Limit one foe put to sleep\n|rule|Species Clause: Limit one of each Pok\u00e9mon\n|rule|OHKO Clause: OHKO moves are banned\n|rule|Evasion Items Clause: Evasion items are banned\n|rule|Evasion Moves Clause: Evasion moves are banned\n|rule|Endless Battle Clause: Forcing endless battles is banned\n|rule|HP Percentage Mod: HP is shown in percentages\n|clearpoke\n|poke|p1|Zapdos|\n|poke|p1|Slowking-Galar, F|\n|poke|p1|Volcanion|\n|poke|p1|Kingambit, F|\n|poke|p1|Great Tusk|\n|poke|p1|Iron Valiant|\n|poke|p2|Garchomp, M|\n|poke|p2|Ribombee, F|\n|poke|p2|Cinderace, F|\n|poke|p2|Rotom-Wash|\n|poke|p2|Kingambit, M|\n|poke|p2|Slowking-Galar, M|\n|teampreview\n|c|\u2606AminitraboTTT|Hola, soy AminitraboTTT, el bot de la sala Espa\u00f1ol. gl hf\n|c|\u2606TheBubylemur|eres unbot?\n|\n|t:|1700771866\n|start\n|switch|p1a: Great Tusk|Great Tusk|100\/100\n|switch|p2a: Rotom|Rotom-Wash|100\/100\n|turn|1\n|\n|t:|1700771872\n|-end|p1a: Great Tusk|Protosynthesis|[silent]\n|switch|p1a: Iron Valiant|Iron Valiant|100\/100\n|move|p2a: Rotom|Hydro Pump|p1a: Iron Valiant\n|-damage|p1a: Iron Valiant|23\/100\n|\n|upkeep\n|turn|2\n|\n|t:|1700771879\n|-terastallize|p1a: Iron Valiant|Fairy\n|move|p1a: Iron Valiant|Moonblast|p2a: Rotom\n|-damage|p2a: Rotom|56\/100\n|move|p2a: Rotom|Hydro Pump|p1a: Iron Valiant\n|-damage|p1a: Iron Valiant|0 fnt\n|faint|p1a: Iron Valiant\n|-end|p1a: Iron Valiant|Quark Drive|[silent]\n|\n|upkeep\n|\n|t:|1700771880\n|switch|p1a: Zapdos|Zapdos|100\/100\n|turn|3\n|j| nodogsaleystay\n|\n|t:|1700771894\n|switch|p2a: Garchomp|Garchomp, M|100\/100\n|move|p1a: Zapdos|Volt Switch|p2a: Garchomp\n|-immune|p2a: Garchomp\n|\n|upkeep\n|turn|4\n|\n|t:|1700771898\n|move|p1a: Zapdos|Hurricane|p2a: Garchomp\n|-damage|p2a: Garchomp|49\/100\n|move|p2a: Garchomp|Stealth Rock|p1a: Zapdos\n|-sidestart|p1: AminitraboTTT|move: Stealth Rock\n|\n|upkeep\n|turn|5\n|\n|t:|1700771909\n|switch|p2a: Rotom|Rotom-Wash|56\/100\n|move|p1a: Zapdos|Hurricane|p2a: Rotom\n|-resisted|p2a: Rotom\n|-damage|p2a: Rotom|32\/100\n|-start|p2a: Rotom|confusion\n|\n|upkeep\n|turn|6\n|\n|t:|1700771916\n|-activate|p2a: Rotom|confusion\n|-damage|p2a: Rotom|27\/100|[from] confusion\n|move|p1a: Zapdos|Thunderbolt|p2a: Rotom\n|-damage|p2a: Rotom|0 fnt\n|faint|p2a: Rotom\n|\n|upkeep\n|\n|t:|1700771930\n|switch|p2a: Cinderace|Cinderace, F|100\/100\n|turn|7\n|\n|t:|1700771933\n|move|p2a: Cinderace|Pyro Ball|p1a: Zapdos\n|-damage|p1a: Zapdos|8\/100\n|-damage|p2a: Cinderace|91\/100|[from] item: Life Orb\n|move|p1a: Zapdos|Thunderbolt|p2a: Cinderace\n|-damage|p2a: Cinderace|17\/100\n|\n|upkeep\n|turn|8\n|\n|t:|1700771938\n|move|p2a: Cinderace|U-turn|p1a: Zapdos\n|-start|p2a: Cinderace|typechange|Bug|[from] ability: Libero\n|-resisted|p1a: Zapdos\n|-damage|p1a: Zapdos|0 fnt\n|faint|p1a: Zapdos\n|-damage|p2a: Cinderace|7\/100|[from] item: Life Orb\n|\n|t:|1700771949\n|switch|p2a: Ribombee|Ribombee, F|100\/100|[from] U-turn\n|\n|upkeep\n|\n|t:|1700771949\n|switch|p1a: Volcanion|Volcanion|100\/100\n|turn|9\n|j| ina fable\n|l| ina fable\n|\n|t:|1700771960\n|switch|p2a: Slowking|Slowking-Galar, M|100\/100\n|move|p1a: Volcanion|Flamethrower|p2a: Slowking\n|-damage|p2a: Slowking|58\/100\n|\n|-heal|p2a: Slowking|64\/100|[from] item: Black Sludge\n|upkeep\n|turn|10\n|\n|t:|1700771966\n|move|p1a: Volcanion|Steam Eruption|p2a: Slowking\n|-damage|p2a: Slowking|13\/100\n|move|p2a: Slowking|Future Sight|p1a: Volcanion\n|-start|p2a: Slowking|move: Future Sight\n|\n|-heal|p2a: Slowking|20\/100|[from] item: Black Sludge\n|upkeep\n|turn|11\n|\n|t:|1700771974\n|switch|p2a: Cinderace|Cinderace, F|7\/100\n|move|p1a: Volcanion|Earth Power|p2a: Cinderace\n|-supereffective|p2a: Cinderace\n|-damage|p2a: Cinderace|0 fnt\n|faint|p2a: Cinderace\n|\n|upkeep\n|\n|t:|1700771981\n|switch|p2a: Kingambit|Kingambit, M|100\/100\n|-activate|p2a: Kingambit|ability: Supreme Overlord\n|-start|p2a: Kingambit|fallen2|[silent]\n|turn|12\n|\n|t:|1700771984\n|move|p1a: Volcanion|Flamethrower|p2a: Kingambit\n|-supereffective|p2a: Kingambit\n|-crit|p2a: Kingambit\n|-damage|p2a: Kingambit|0 fnt\n|faint|p2a: Kingambit\n|-end|p2a: Kingambit|fallen2|[silent]\n|\n|-end|p1a: Volcanion|move: Future Sight\n|-damage|p1a: Volcanion|29\/100\n|upkeep\n|\n|t:|1700771993\n|switch|p2a: Slowking|Slowking-Galar, M|53\/100\n|turn|13\n|\n|t:|1700771996\n|move|p1a: Volcanion|Earth Power|p2a: Slowking\n|-supereffective|p2a: Slowking\n|-crit|p2a: Slowking\n|-damage|p2a: Slowking|0 fnt\n|faint|p2a: Slowking\n|\n|upkeep\n|\n|t:|1700772000\n|switch|p2a: Garchomp|Garchomp, M|49\/100\n|turn|14\n|\n|t:|1700772004\n|move|p2a: Garchomp|Earthquake|p1a: Volcanion\n|-supereffective|p1a: Volcanion\n|-crit|p1a: Volcanion\n|-damage|p1a: Volcanion|0 fnt\n|faint|p1a: Volcanion\n|\n|upkeep\n|\n|t:|1700772004\n|switch|p1a: Great Tusk|Great Tusk|100\/100\n|-damage|p1a: Great Tusk|98\/100|[from] Stealth Rock\n|turn|15\n|\n|t:|1700772014\n|-terastallize|p2a: Garchomp|Steel\n|move|p2a: Garchomp|Rest|p2a: Garchomp\n|-status|p2a: Garchomp|slp|[from] move: Rest\n|-heal|p2a: Garchomp|100\/100 slp|[silent]\n|move|p1a: Great Tusk|Stealth Rock|p2a: Garchomp\n|-sidestart|p2: TheBubylemur|move: Stealth Rock\n|\n|-heal|p1a: Great Tusk|100\/100|[from] item: Leftovers\n|upkeep\n|turn|16\n|\n|t:|1700772022\n|move|p1a: Great Tusk|Rapid Spin|p2a: Garchomp\n|-resisted|p2a: Garchomp\n|-damage|p2a: Garchomp|96\/100 slp\n|-boost|p1a: Great Tusk|spe|1\n|-damage|p1a: Great Tusk|88\/100|[from] ability: Rough Skin|[of] p2a: Garchomp\n|-damage|p1a: Great Tusk|71\/100|[from] item: Rocky Helmet|[of] p2a: Garchomp\n|-sideend|p1: AminitraboTTT|Stealth Rock|[from] move: Rapid Spin|[of] p1a: Great Tusk\n|cant|p2a: Garchomp|slp\n|\n|-heal|p1a: Great Tusk|78\/100|[from] item: Leftovers\n|upkeep\n|turn|17\n|\n|t:|1700772026\n|move|p1a: Great Tusk|Earthquake|p2a: Garchomp\n|-supereffective|p2a: Garchomp\n|-damage|p2a: Garchomp|38\/100 slp\n|cant|p2a: Garchomp|slp\n|\n|-heal|p1a: Great Tusk|84\/100|[from] item: Leftovers\n|upkeep\n|turn|18\n|\n|t:|1700772030\n|move|p1a: Great Tusk|Earthquake|p2a: Garchomp\n|-supereffective|p2a: Garchomp\n|-damage|p2a: Garchomp|0 fnt\n|faint|p2a: Garchomp\n|\n|-heal|p1a: Great Tusk|90\/100|[from] item: Leftovers\n|upkeep\n|\n|t:|1700772033\n|switch|p2a: Ribombee|Ribombee, F|100\/100\n|turn|19\n|\n|t:|1700772037\n|-end|p1a: Great Tusk|Protosynthesis|[silent]\n|switch|p1a: Slowking|Slowking-Galar, F|100\/100\n|move|p2a: Ribombee|Quiver Dance|p2a: Ribombee\n|-boost|p2a: Ribombee|spa|1\n|-boost|p2a: Ribombee|spd|1\n|-boost|p2a: Ribombee|spe|1\n|\n|upkeep\n|turn|20\n|\n|t:|1700772045\n|move|p2a: Ribombee|Bug Buzz|p1a: Slowking\n|-damage|p1a: Slowking|62\/100\n|move|p1a: Slowking|Future Sight|p2a: Ribombee\n|-start|p1a: Slowking|move: Future Sight\n|\n|upkeep\n|turn|21\n|\n|t:|1700772051\n|move|p2a: Ribombee|Bug Buzz|p1a: Slowking\n|-damage|p1a: Slowking|24\/100\n|-unboost|p1a: Slowking|spd|1\n|move|p1a: Slowking|Chilly Reception|p1a: Slowking\n|-weather|Snow\n|\n|t:|1700772051\n|switch|p1a: Kingambit|Kingambit, F|100\/100|[from] Chilly Reception\n|-activate|p1a: Kingambit|ability: Supreme Overlord\n|-start|p1a: Kingambit|fallen3|[silent]\n|\n|-weather|Snow|[upkeep]\n|upkeep\n|turn|22\n|\n|t:|1700772057\n|move|p2a: Ribombee|Moonblast|p1a: Kingambit\n|-damage|p1a: Kingambit|35\/100\n|move|p1a: Kingambit|Iron Head|p2a: Ribombee\n|-supereffective|p2a: Ribombee\n|-damage|p2a: Ribombee|0 fnt\n|faint|p2a: Ribombee\n|\n|win|AminitraboTTT\n|n|\u2606AminitraboTTT|aminitrabottt\n|n|\u2606TheBubylemur|thebubylemur\n|n| nodogsaleystay|nodogsaleystay\n|c|\u2606AminitraboTTT|:)\n|l|\u2606AminitraboTTT\n|j| Kiramager\n","uploadtime":1700772061,"views":4,"p1id":"aminitrabottt","p2id":"thebubylemur","formatid":"gen9ou","rating":0,"private":0,"password":""}