{"id":"gen9ou-1988751965","p1":"pochaccokun","p2":"CaciqueTubens","format":"[Gen 9] OU","log":"|j|\u2606pochaccokun\n|j|\u2606CaciqueTubens\n|t:|1699758557\n|gametype|singles\n|player|p1|pochaccokun|caitlin|1040\n|player|p2|CaciqueTubens|170|1000\n|teamsize|p1|6\n|teamsize|p2|6\n|gen|9\n|tier|[Gen 9] OU\n|rated|\n|rule|Sleep Clause Mod: Limit one foe put to sleep\n|rule|Species Clause: Limit one of each Pok\u00e9mon\n|rule|OHKO Clause: OHKO moves are banned\n|rule|Evasion Items Clause: Evasion items are banned\n|rule|Evasion Moves Clause: Evasion moves are banned\n|rule|Endless Battle Clause: Forcing endless battles is banned\n|rule|HP Percentage Mod: HP is shown in percentages\n|clearpoke\n|poke|p1|Ribombee, M|\n|poke|p1|Gliscor, M|\n|poke|p1|Gholdengo|\n|poke|p1|Garganacl, M|\n|poke|p1|Weavile, M|\n|poke|p1|Kingambit, M|\n|poke|p2|Toxapex, M|\n|poke|p2|Great Tusk|\n|poke|p2|Zapdos|\n|poke|p2|Dragapult, M|\n|poke|p2|Gholdengo|\n|poke|p2|Enamorus, F|\n|teampreview\n|\n|t:|1699758563\n|start\n|switch|p1a: Ribombee|Ribombee, M, shiny|100\/100\n|switch|p2a: Toxapex|Toxapex, M, shiny|100\/100\n|turn|1\n|\n|t:|1699758586\n|move|p1a: Ribombee|Sticky Web|p2a: Toxapex\n|-sidestart|p2: CaciqueTubens|move: Sticky Web\n|move|p2a: Toxapex|Toxic Spikes|p1a: Ribombee\n|-sidestart|p1: pochaccokun|move: Toxic Spikes\n|\n|upkeep\n|turn|2\n|\n|t:|1699758613\n|switch|p1a: Gholdengo|Gholdengo|100\/100\n|move|p2a: Toxapex|Venoshock|p1a: Gholdengo\n|-immune|p1a: Gholdengo\n|\n|upkeep\n|turn|3\n|\n|t:|1699758633\n|switch|p2a: Great Tusk|Great Tusk, shiny|100\/100\n|move|p1a: Gholdengo|Nasty Plot|p1a: Gholdengo\n|-boost|p1a: Gholdengo|spa|2\n|\n|upkeep\n|turn|4\n|\n|t:|1699758645\n|switch|p1a: Ribombee|Ribombee, M, shiny|100\/100\n|move|p2a: Great Tusk|Knock Off|p1a: Ribombee\n|-resisted|p1a: Ribombee\n|-damage|p1a: Ribombee|69\/100\n|-enditem|p1a: Ribombee|Heavy-Duty Boots|[from] move: Knock Off|[of] p2a: Great Tusk\n|\n|upkeep\n|turn|5\n|\n|t:|1699758654\n|move|p1a: Ribombee|Moonblast|p2a: Great Tusk\n|-supereffective|p2a: Great Tusk\n|-damage|p2a: Great Tusk|0 fnt\n|faint|p2a: Great Tusk\n|-end|p2a: Great Tusk|Protosynthesis|[silent]\n|\n|upkeep\n|\n|t:|1699758661\n|switch|p2a: Zapdos|Zapdos|100\/100\n|turn|6\n|\n|t:|1699758666\n|move|p1a: Ribombee|Stun Spore|p2a: Zapdos\n|-immune|p2a: Zapdos\n|move|p2a: Zapdos|Heat Wave|p1a: Ribombee\n|-supereffective|p1a: Ribombee\n|-damage|p1a: Ribombee|0 fnt\n|faint|p1a: Ribombee\n|\n|upkeep\n|\n|t:|1699758695\n|switch|p1a: Garganacl|Garganacl, M|100\/100\n|turn|7\n|\n|t:|1699758704\n|move|p2a: Zapdos|Volt Switch|p1a: Garganacl\n|-damage|p1a: Garganacl|74\/100\n|\n|t:|1699758708\n|switch|p2a: Toxapex|Toxapex, M, shiny|100\/100|[from] Volt Switch\n|-activate|p2a: Toxapex|move: Sticky Web\n|-unboost|p2a: Toxapex|spe|1\n|move|p1a: Garganacl|Salt Cure|p2a: Toxapex\n|-damage|p2a: Toxapex|92\/100\n|-start|p2a: Toxapex|Salt Cure\n|\n|-heal|p1a: Garganacl|80\/100|[from] item: Leftovers\n|-heal|p2a: Toxapex|98\/100|[from] item: Black Sludge\n|-damage|p2a: Toxapex|73\/100|[from] Salt Cure\n|upkeep\n|turn|8\n|\n|t:|1699758723\n|move|p1a: Garganacl|Stealth Rock|p2a: Toxapex\n|-sidestart|p2: CaciqueTubens|move: Stealth Rock\n|move|p2a: Toxapex|Surf|p1a: Garganacl\n|-supereffective|p1a: Garganacl\n|-damage|p1a: Garganacl|50\/100\n|\n|-heal|p1a: Garganacl|56\/100|[from] item: Leftovers\n|-heal|p2a: Toxapex|79\/100|[from] item: Black Sludge\n|-damage|p2a: Toxapex|54\/100|[from] Salt Cure\n|upkeep\n|turn|9\n|\n|t:|1699758737\n|move|p1a: Garganacl|Recover|p1a: Garganacl\n|-heal|p1a: Garganacl|100\/100\n|move|p2a: Toxapex|Surf|p1a: Garganacl\n|-supereffective|p1a: Garganacl\n|-damage|p1a: Garganacl|70\/100\n|\n|-heal|p1a: Garganacl|76\/100|[from] item: Leftovers\n|-heal|p2a: Toxapex|60\/100|[from] item: Black Sludge\n|-damage|p2a: Toxapex|35\/100|[from] Salt Cure\n|upkeep\n|turn|10\n|\n|t:|1699758750\n|move|p1a: Garganacl|Salt Cure|p2a: Toxapex\n|-damage|p2a: Toxapex|26\/100\n|move|p2a: Toxapex|Surf|p1a: Garganacl\n|-supereffective|p1a: Garganacl\n|-damage|p1a: Garganacl|46\/100\n|\n|-heal|p1a: Garganacl|52\/100|[from] item: Leftovers\n|-heal|p2a: Toxapex|33\/100|[from] item: Black Sludge\n|-damage|p2a: Toxapex|8\/100|[from] Salt Cure\n|upkeep\n|turn|11\n|\n|t:|1699758762\n|move|p1a: Garganacl|Salt Cure|p2a: Toxapex\n|-damage|p2a: Toxapex|0 fnt\n|faint|p2a: Toxapex\n|\n|-heal|p1a: Garganacl|59\/100|[from] item: Leftovers\n|upkeep\n|\n|t:|1699758771\n|switch|p2a: Dragapult|Dragapult, M, shiny|100\/100\n|-activate|p2a: Dragapult|move: Sticky Web\n|-unboost|p2a: Dragapult|spe|1\n|-damage|p2a: Dragapult|88\/100|[from] Stealth Rock\n|turn|12\n|\n|t:|1699758779\n|move|p2a: Dragapult|Dragon Dance|p2a: Dragapult\n|-boost|p2a: Dragapult|atk|1\n|-boost|p2a: Dragapult|spe|1\n|move|p1a: Garganacl|Salt Cure|p2a: Dragapult\n|-damage|p2a: Dragapult|69\/100\n|-start|p2a: Dragapult|Salt Cure\n|\n|-heal|p2a: Dragapult|75\/100|[from] item: Leftovers\n|-heal|p1a: Garganacl|65\/100|[from] item: Leftovers\n|-damage|p2a: Dragapult|63\/100|[from] Salt Cure\n|upkeep\n|turn|13\n|\n|t:|1699758792\n|move|p2a: Dragapult|Dragon Dance|p2a: Dragapult\n|-boost|p2a: Dragapult|atk|1\n|-boost|p2a: Dragapult|spe|1\n|move|p1a: Garganacl|Salt Cure|p2a: Dragapult\n|-damage|p2a: Dragapult|45\/100\n|\n|-heal|p2a: Dragapult|51\/100|[from] item: Leftovers\n|-heal|p1a: Garganacl|71\/100|[from] item: Leftovers\n|-damage|p2a: Dragapult|39\/100|[from] Salt Cure\n|upkeep\n|turn|14\n|\n|t:|1699758801\n|move|p2a: Dragapult|Phantom Force||[still]\n|-prepare|p2a: Dragapult|Phantom Force\n|move|p1a: Garganacl|Recover|p1a: Garganacl\n|-heal|p1a: Garganacl|100\/100\n|\n|-heal|p2a: Dragapult|45\/100|[from] item: Leftovers\n|-damage|p2a: Dragapult|33\/100|[from] Salt Cure\n|upkeep\n|turn|15\n|\n|t:|1699758810\n|move|p2a: Dragapult|Phantom Force|p1a: Garganacl|[from]lockedmove\n|-damage|p1a: Garganacl|73\/100\n|move|p1a: Garganacl|Salt Cure|p2a: Dragapult\n|-damage|p2a: Dragapult|12\/100\n|\n|-heal|p2a: Dragapult|18\/100|[from] item: Leftovers\n|-heal|p1a: Garganacl|79\/100|[from] item: Leftovers\n|-damage|p2a: Dragapult|6\/100|[from] Salt Cure\n|upkeep\n|turn|16\n|\n|t:|1699758819\n|move|p2a: Dragapult|Dragon Darts|p1a: Garganacl\n|-damage|p1a: Garganacl|51\/100\n|-anim|p2a: Dragapult|Dragon Darts|p1a: Garganacl\n|-damage|p1a: Garganacl|21\/100\n|move|p1a: Garganacl|Salt Cure|p2a: Dragapult\n|-damage|p2a: Dragapult|0 fnt\n|faint|p2a: Dragapult\n|\n|-heal|p1a: Garganacl|27\/100|[from] item: Leftovers\n|upkeep\n|\n|t:|1699758829\n|switch|p2a: Enamorus|Enamorus, F|100\/100\n|-damage|p2a: Enamorus|76\/100|[from] Stealth Rock\n|turn|17\n|\n|t:|1699758837\n|move|p2a: Enamorus|Calm Mind|p2a: Enamorus\n|-boost|p2a: Enamorus|spa|1\n|-boost|p2a: Enamorus|spd|1\n|move|p1a: Garganacl|Salt Cure|p2a: Enamorus\n|-supereffective|p2a: Enamorus\n|-damage|p2a: Enamorus|30\/100\n|-start|p2a: Enamorus|Salt Cure\n|\n|-heal|p2a: Enamorus|36\/100|[from] item: Leftovers\n|-heal|p1a: Garganacl|33\/100|[from] item: Leftovers\n|-damage|p2a: Enamorus|24\/100|[from] Salt Cure\n|upkeep\n|turn|18\n|\n|t:|1699758847\n|move|p2a: Enamorus|Earth Power|p1a: Garganacl\n|-supereffective|p1a: Garganacl\n|-damage|p1a: Garganacl|0 fnt\n|faint|p1a: Garganacl\n|\n|-heal|p2a: Enamorus|30\/100|[from] item: Leftovers\n|-damage|p2a: Enamorus|17\/100|[from] Salt Cure\n|upkeep\n|\n|t:|1699758857\n|switch|p1a: Papaya|Weavile, M, shiny|100\/100\n|-ability|p1a: Papaya|Pressure\n|turn|19\n|\n|t:|1699758868\n|move|p1a: Papaya|Knock Off|p2a: Enamorus\n|-resisted|p2a: Enamorus\n|-damage|p2a: Enamorus|0 fnt\n|-enditem|p2a: Enamorus|Leftovers|[from] move: Knock Off|[of] p1a: Papaya\n|faint|p2a: Enamorus\n|\n|upkeep\n|\n|t:|1699758874\n|switch|p2a: Gholdengo|Gholdengo, shiny|100\/100\n|-activate|p2a: Gholdengo|move: Sticky Web\n|-unboost|p2a: Gholdengo|spe|1\n|-damage|p2a: Gholdengo|94\/100|[from] Stealth Rock\n|turn|20\n|\n|t:|1699758879\n|move|p1a: Papaya|Knock Off|p2a: Gholdengo\n|-supereffective|p2a: Gholdengo\n|-damage|p2a: Gholdengo|0 fnt\n|-enditem|p2a: Gholdengo|Covert Cloak|[from] move: Knock Off|[of] p1a: Papaya\n|faint|p2a: Gholdengo\n|\n|upkeep\n|\n|t:|1699758884\n|switch|p2a: Zapdos|Zapdos|100\/100\n|turn|21\n|\n|t:|1699758890\n|move|p1a: Papaya|Icicle Crash|p2a: Zapdos\n|-supereffective|p2a: Zapdos\n|-damage|p2a: Zapdos|0 fnt\n|faint|p2a: Zapdos\n|\n|win|pochaccokun\n|raw|pochaccokun's rating: 1040 &rarr; <strong>1070<\/strong><br \/>(+30 for winning)\n|raw|CaciqueTubens's rating: 1000 &rarr; <strong>1000<\/strong><br \/>(+0 for losing)\n","uploadtime":1699758897,"views":29,"p1id":"pochaccokun","p2id":"caciquetubens","formatid":"gen9ou","rating":1000,"private":0,"password":""}