{"id":"gen9ou-1992111572","p1":"thetidleypeeps","p2":"new hole city","format":"[Gen 9] OU","log":"|j|\u2606thetidleypeeps\n|j|\u2606new hole city\n|t:|1700156045\n|gametype|singles\n|player|p1|thetidleypeeps|170|1425\n|player|p2|new hole city|flannery|1430\n|teamsize|p1|6\n|teamsize|p2|6\n|gen|9\n|tier|[Gen 9] OU\n|rated|\n|rule|Sleep Clause Mod: Limit one foe put to sleep\n|rule|Species Clause: Limit one of each Pok\u00e9mon\n|rule|OHKO Clause: OHKO moves are banned\n|rule|Evasion Items Clause: Evasion items are banned\n|rule|Evasion Moves Clause: Evasion moves are banned\n|rule|Endless Battle Clause: Forcing endless battles is banned\n|rule|HP Percentage Mod: HP is shown in percentages\n|clearpoke\n|poke|p1|Kingambit, F|\n|poke|p1|Cresselia, F|\n|poke|p1|Dragapult, F|\n|poke|p1|Walking Wake|\n|poke|p1|Torkoal, F|\n|poke|p1|Iron Valiant|\n|poke|p2|Rillaboom, F|\n|poke|p2|Garganacl, F|\n|poke|p2|Great Tusk|\n|poke|p2|Heatran, M|\n|poke|p2|Zapdos|\n|poke|p2|Walking Wake|\n|teampreview\n|inactive|Battle timer is ON: inactive players will automatically lose when time's up. (requested by new hole city)\n|\n|t:|1700156054\n|start\n|switch|p1a: Torkoal|Torkoal, F|100\/100\n|switch|p2a: look dont touch :)|Zapdos|100\/100\n|-weather|SunnyDay|[from] ability: Drought|[of] p1a: Torkoal\n|turn|1\n|\n|t:|1700156060\n|move|p2a: look dont touch :)|Volt Switch|p1a: Torkoal\n|-damage|p1a: Torkoal|64\/100\n|\n|t:|1700156063\n|switch|p2a: :$|Heatran, M|100\/100|[from] Volt Switch\n|move|p1a: Torkoal|Stealth Rock|p2a: :$\n|-sidestart|p2: new hole city|move: Stealth Rock\n|\n|-weather|SunnyDay|[upkeep]\n|upkeep\n|turn|2\n|\n|t:|1700156067\n|move|p2a: :$|Taunt|p1a: Torkoal\n|-start|p1a: Torkoal|move: Taunt\n|cant|p1a: Torkoal|move: Taunt|Yawn\n|\n|-weather|SunnyDay|[upkeep]\n|upkeep\n|turn|3\n|inactive|thetidleypeeps has 120 seconds left.\n|\n|t:|1700156100\n|switch|p1a: Walking Wake|Walking Wake|100\/100\n|-activate|p1a: Walking Wake|ability: Protosynthesis\n|-start|p1a: Walking Wake|protosynthesisspa\n|move|p2a: :$|Stealth Rock|p1a: Walking Wake\n|-sidestart|p1: thetidleypeeps|move: Stealth Rock\n|\n|-weather|SunnyDay|[upkeep]\n|upkeep\n|turn|4\n|\n|t:|1700156116\n|switch|p2a: night is short|Walking Wake|100\/100\n|-activate|p2a: night is short|ability: Protosynthesis\n|-start|p2a: night is short|protosynthesisspe\n|move|p1a: Walking Wake|Hydro Steam|p2a: night is short\n|-resisted|p2a: night is short\n|-damage|p2a: night is short|65\/100\n|\n|-weather|SunnyDay|[upkeep]\n|upkeep\n|turn|5\n|\n|t:|1700156124\n|-end|p1a: Walking Wake|Protosynthesis|[silent]\n|switch|p1a: Torkoal|Torkoal, F|64\/100\n|-damage|p1a: Torkoal|39\/100|[from] Stealth Rock\n|move|p2a: night is short|Draco Meteor|p1a: Torkoal\n|-damage|p1a: Torkoal|0 fnt\n|-unboost|p2a: night is short|spa|2\n|faint|p1a: Torkoal\n|\n|-weather|SunnyDay|[upkeep]\n|upkeep\n|\n|t:|1700156129\n|switch|p1a: Walking Wake|Walking Wake|100\/100\n|-damage|p1a: Walking Wake|88\/100|[from] Stealth Rock\n|-activate|p1a: Walking Wake|ability: Protosynthesis\n|-start|p1a: Walking Wake|protosynthesisspa\n|turn|6\n|\n|t:|1700156136\n|-end|p2a: night is short|Protosynthesis|[silent]\n|switch|p2a: :$|Heatran, M|100\/100\n|-damage|p2a: :$|88\/100|[from] Stealth Rock\n|move|p1a: Walking Wake|Draco Meteor|p2a: :$\n|-resisted|p2a: :$\n|-damage|p2a: :$|47\/100\n|-unboost|p1a: Walking Wake|spa|2\n|\n|-weather|SunnyDay|[upkeep]\n|-heal|p2a: :$|53\/100|[from] item: Leftovers\n|upkeep\n|turn|7\n|\n|t:|1700156150\n|-end|p1a: Walking Wake|Protosynthesis|[silent]\n|switch|p1a: Dragapult|Dragapult, F|100\/100\n|-damage|p1a: Dragapult|88\/100|[from] Stealth Rock\n|move|p2a: :$|Earth Power|p1a: Dragapult\n|-damage|p1a: Dragapult|51\/100\n|\n|-weather|SunnyDay|[upkeep]\n|-heal|p2a: :$|60\/100|[from] item: Leftovers\n|upkeep\n|turn|8\n|\n|t:|1700156159\n|move|p1a: Dragapult|Shadow Ball|p2a: :$\n|-damage|p2a: :$|25\/100\n|-unboost|p2a: :$|spd|1\n|move|p2a: :$|Magma Storm|p1a: Dragapult\n|-resisted|p1a: Dragapult\n|-damage|p1a: Dragapult|7\/100\n|-activate|p1a: Dragapult|move: Magma Storm|[of] p2a: :$\n|\n|-weather|none\n|-heal|p2a: :$|31\/100|[from] item: Leftovers\n|-damage|p1a: Dragapult|0 fnt|[from] move: Magma Storm|[partiallytrapped]\n|faint|p1a: Dragapult\n|upkeep\n|\n|t:|1700156186\n|switch|p1a: Walking Wake|Walking Wake|88\/100\n|-damage|p1a: Walking Wake|76\/100|[from] Stealth Rock\n|turn|9\n|\n|t:|1700156191\n|move|p1a: Walking Wake|Hydro Steam|p2a: :$\n|-supereffective|p2a: :$\n|-damage|p2a: :$|0 fnt\n|faint|p2a: :$\n|\n|upkeep\n|\n|t:|1700156210\n|switch|p2a: night is short|Walking Wake|65\/100\n|turn|10\n|\n|t:|1700156213\n|-end|p1a: Walking Wake|Protosynthesis|[silent]\n|switch|p1a: Cresselia|Cresselia, F|100\/100\n|-damage|p1a: Cresselia|88\/100|[from] Stealth Rock\n|move|p2a: night is short|Scald|p1a: Cresselia\n|-damage|p1a: Cresselia|62\/100\n|-status|p1a: Cresselia|brn\n|\n|-heal|p1a: Cresselia|69\/100 brn|[from] item: Leftovers\n|-damage|p1a: Cresselia|62\/100 brn|[from] brn\n|upkeep\n|turn|11\n|\n|t:|1700156217\n|move|p2a: night is short|Knock Off|p1a: Cresselia\n|-supereffective|p1a: Cresselia\n|-damage|p1a: Cresselia|41\/100 brn\n|-enditem|p1a: Cresselia|Leftovers|[from] move: Knock Off|[of] p2a: night is short\n|move|p1a: Cresselia|Moonblast|p2a: night is short\n|-supereffective|p2a: night is short\n|-damage|p2a: night is short|18\/100\n|\n|-damage|p1a: Cresselia|35\/100 brn|[from] brn\n|upkeep\n|turn|12\n|\n|t:|1700156221\n|move|p2a: night is short|Flip Turn|p1a: Cresselia\n|-damage|p1a: Cresselia|25\/100 brn\n|\n|t:|1700156227\n|-end|p2a: night is short|Protosynthesis|[silent]\n|switch|p2a: wretched ape|Rillaboom, F|100\/100|[from] Flip Turn\n|-damage|p2a: wretched ape|88\/100|[from] Stealth Rock\n|-fieldstart|move: Grassy Terrain|[from] ability: Grassy Surge|[of] p2a: wretched ape\n|move|p1a: Cresselia|Moonblast|p2a: wretched ape\n|-damage|p2a: wretched ape|64\/100\n|\n|-heal|p2a: wretched ape|70\/100|[from] Grassy Terrain\n|-damage|p1a: Cresselia|19\/100 brn|[from] brn\n|upkeep\n|turn|13\n|\n|t:|1700156235\n|move|p2a: wretched ape|Grassy Glide|p1a: Cresselia\n|-damage|p1a: Cresselia|0 fnt\n|faint|p1a: Cresselia\n|\n|-heal|p2a: wretched ape|76\/100|[from] Grassy Terrain\n|upkeep\n|\n|t:|1700156242\n|switch|p1a: Walking Wake|Walking Wake|76\/100\n|-damage|p1a: Walking Wake|63\/100|[from] Stealth Rock\n|turn|14\n|\n|t:|1700156246\n|-terastallize|p2a: wretched ape|Grass\n|move|p2a: wretched ape|Grassy Glide|p1a: Walking Wake\n|-damage|p1a: Walking Wake|0 fnt\n|faint|p1a: Walking Wake\n|-end|p1a: Walking Wake|Protosynthesis|[silent]\n|\n|-heal|p2a: wretched ape|82\/100|[from] Grassy Terrain\n|upkeep\n|\n|t:|1700156250\n|switch|p1a: Iron Valiant|Iron Valiant|100\/100\n|-damage|p1a: Iron Valiant|94\/100|[from] Stealth Rock\n|-enditem|p1a: Iron Valiant|Booster Energy\n|-activate|p1a: Iron Valiant|ability: Quark Drive|[fromitem]\n|-start|p1a: Iron Valiant|quarkdrivespe\n|turn|15\n|\n|t:|1700156256\n|move|p2a: wretched ape|Grassy Glide|p1a: Iron Valiant\n|-damage|p1a: Iron Valiant|0 fnt\n|faint|p1a: Iron Valiant\n|-end|p1a: Iron Valiant|Quark Drive|[silent]\n|\n|-heal|p2a: wretched ape|89\/100|[from] Grassy Terrain\n|upkeep\n|\n|t:|1700156258\n|switch|p1a: Kingambit|Kingambit, F|100\/100\n|-damage|p1a: Kingambit|94\/100|[from] Stealth Rock\n|-activate|p1a: Kingambit|ability: Supreme Overlord\n|-start|p1a: Kingambit|fallen5|[silent]\n|turn|16\n|\n|t:|1700156264\n|move|p2a: wretched ape|Grassy Glide|p1a: Kingambit\n|-resisted|p1a: Kingambit\n|-damage|p1a: Kingambit|66\/100\n|move|p1a: Kingambit|Swords Dance|p1a: Kingambit\n|-boost|p1a: Kingambit|atk|2\n|\n|-heal|p2a: wretched ape|95\/100|[from] Grassy Terrain\n|-heal|p1a: Kingambit|73\/100|[from] Grassy Terrain\n|-fieldend|move: Grassy Terrain\n|upkeep\n|turn|17\n|\n|t:|1700156273\n|-terastallize|p1a: Kingambit|Dark\n|move|p1a: Kingambit|Sucker Punch|p2a: wretched ape\n|-damage|p2a: wretched ape|0 fnt\n|faint|p2a: wretched ape\n|\n|upkeep\n|\n|t:|1700156284\n|switch|p2a: the cooler daniel|Great Tusk|100\/100\n|-damage|p2a: the cooler daniel|97\/100|[from] Stealth Rock\n|turn|18\n|\n|t:|1700156292\n|move|p1a: Kingambit|Sucker Punch|p2a: the cooler daniel\n|-resisted|p2a: the cooler daniel\n|-damage|p2a: the cooler daniel|39\/100\n|move|p2a: the cooler daniel|Headlong Rush|p1a: Kingambit\n|-crit|p1a: Kingambit\n|-damage|p1a: Kingambit|13\/100\n|-unboost|p2a: the cooler daniel|def|1\n|-unboost|p2a: the cooler daniel|spd|1\n|\n|-heal|p2a: the cooler daniel|45\/100|[from] item: Leftovers\n|upkeep\n|turn|19\n|\n|t:|1700156307\n|-end|p2a: the cooler daniel|Protosynthesis|[silent]\n|switch|p2a: look dont touch :)|Zapdos|100\/100\n|move|p1a: Kingambit|Sucker Punch||[still]\n|-fail|p1a: Kingambit\n|\n|upkeep\n|turn|20\n|\n|t:|1700156317\n|move|p2a: look dont touch :)|Thunder Wave|p1a: Kingambit|[miss]\n|-miss|p2a: look dont touch :)|p1a: Kingambit\n|move|p1a: Kingambit|Kowtow Cleave|p2a: look dont touch :)\n|-damage|p2a: look dont touch :)|0 fnt\n|faint|p2a: look dont touch :)\n|\n|upkeep\n|\n|t:|1700156329\n|switch|p2a: the cooler daniel|Great Tusk|45\/100\n|-damage|p2a: the cooler daniel|42\/100|[from] Stealth Rock\n|turn|21\n|\n|t:|1700156335\n|move|p1a: Kingambit|Sucker Punch|p2a: the cooler daniel\n|-resisted|p2a: the cooler daniel\n|-damage|p2a: the cooler daniel|0 fnt\n|faint|p2a: the cooler daniel\n|-end|p2a: the cooler daniel|Protosynthesis|[silent]\n|\n|upkeep\n|\n|t:|1700156341\n|switch|p2a: Bonneville UT|Garganacl, F|100\/100\n|-damage|p2a: Bonneville UT|88\/100|[from] Stealth Rock\n|turn|22\n|\n|t:|1700156345\n|move|p1a: Kingambit|Sucker Punch|p2a: Bonneville UT\n|-damage|p2a: Bonneville UT|0 fnt\n|faint|p2a: Bonneville UT\n|\n|upkeep\n|\n|t:|1700156349\n|switch|p2a: night is short|Walking Wake|18\/100\n|turn|23\n|\n|t:|1700156353\n|move|p1a: Kingambit|Sucker Punch|p2a: night is short\n|-damage|p2a: night is short|0 fnt\n|faint|p2a: night is short\n|-end|p2a: night is short|Protosynthesis|[silent]\n|\n|win|thetidleypeeps\n|raw|thetidleypeeps's rating: 1425 &rarr; <strong>1445<\/strong><br \/>(+20 for winning)\n|raw|new hole city's rating: 1430 &rarr; <strong>1410<\/strong><br \/>(-20 for losing)\n|c|\u2606thetidleypeeps|gg\n|c|\u2606new hole city|christ\n|c|\u2606new hole city|gg\n","uploadtime":1700156360,"views":8,"p1id":"thetidleypeeps","p2id":"newholecity","formatid":"gen9ou","rating":1410,"private":0,"password":""}