{"id":"gen9ou-1991137292","p1":"mer1oetta","p2":"Gooaah","format":"[Gen 9] OU","log":"|j|\u2606mer1oetta\n|j|\u2606Gooaah\n|t:|1700048580\n|gametype|singles\n|player|p1|mer1oetta|1|1155\n|player|p2|Gooaah|veteranf|1130\n|teamsize|p1|6\n|teamsize|p2|6\n|gen|9\n|tier|[Gen 9] OU\n|rated|\n|rule|Sleep Clause Mod: Limit one foe put to sleep\n|rule|Species Clause: Limit one of each Pok\u00e9mon\n|rule|OHKO Clause: OHKO moves are banned\n|rule|Evasion Items Clause: Evasion items are banned\n|rule|Evasion Moves Clause: Evasion moves are banned\n|rule|Endless Battle Clause: Forcing endless battles is banned\n|rule|HP Percentage Mod: HP is shown in percentages\n|clearpoke\n|poke|p1|Rillaboom, M|\n|poke|p1|Sneasler, F|\n|poke|p1|Hatterene, F|\n|poke|p1|Ursaluna, F|\n|poke|p1|Heatran, M|\n|poke|p1|Iron Valiant|\n|poke|p2|Ninetales, F|\n|poke|p2|Walking Wake|\n|poke|p2|Ceruledge, F|\n|poke|p2|Skeledirge, F|\n|poke|p2|Great Tusk|\n|poke|p2|Torkoal, F|\n|teampreview\n|\n|t:|1700048608\n|start\n|switch|p1a: Heatran|Heatran, M|100\/100\n|switch|p2a: Ninetales|Ninetales, F|100\/100\n|-weather|SunnyDay|[from] ability: Drought|[of] p2a: Ninetales\n|-item|p1a: Heatran|Air Balloon\n|turn|1\n|\n|t:|1700048616\n|switch|p2a: Great Tusk|Great Tusk|100\/100\n|-activate|p2a: Great Tusk|ability: Protosynthesis\n|-start|p2a: Great Tusk|protosynthesisatk\n|move|p1a: Heatran|Stealth Rock|p2a: Great Tusk\n|-sidestart|p2: Gooaah|move: Stealth Rock\n|\n|-weather|SunnyDay|[upkeep]\n|upkeep\n|turn|2\n|inactive|Battle timer is ON: inactive players will automatically lose when time's up. (requested by Gooaah)\n|\n|t:|1700048661\n|-terastallize|p1a: Heatran|Fairy\n|move|p2a: Great Tusk|Rapid Spin|p1a: Heatran\n|-damage|p1a: Heatran|82\/100\n|-boost|p2a: Great Tusk|spe|1\n|-enditem|p1a: Heatran|Air Balloon\n|-sideend|p2: Gooaah|Stealth Rock|[from] move: Rapid Spin|[of] p2a: Great Tusk\n|move|p1a: Heatran|Tera Blast|p2a: Great Tusk|[anim] Tera Blast Fairy\n|-supereffective|p2a: Great Tusk\n|-damage|p2a: Great Tusk|0 fnt\n|faint|p2a: Great Tusk\n|-end|p2a: Great Tusk|Protosynthesis|[silent]\n|\n|-weather|SunnyDay|[upkeep]\n|upkeep\n|\n|t:|1700048682\n|switch|p2a: Ceruledge|Ceruledge, F|100\/100\n|turn|3\n|inactive|mer1oetta has 120 seconds left.\n|\n|t:|1700048712\n|move|p2a: Ceruledge|Swords Dance|p2a: Ceruledge\n|-boost|p2a: Ceruledge|atk|2\n|move|p1a: Heatran|Earth Power|p2a: Ceruledge\n|-supereffective|p2a: Ceruledge\n|-damage|p2a: Ceruledge|21\/100\n|\n|-weather|SunnyDay|[upkeep]\n|upkeep\n|turn|4\n|\n|t:|1700048724\n|move|p2a: Ceruledge|Phantom Force||[still]\n|-prepare|p2a: Ceruledge|Phantom Force\n|move|p1a: Heatran|Earth Power|p2a: Ceruledge|[miss]\n|-miss|p1a: Heatran|p2a: Ceruledge\n|\n|-weather|SunnyDay|[upkeep]\n|upkeep\n|turn|5\n|\n|t:|1700048737\n|switch|p1a: Ursaluna|Ursaluna, F|100\/100\n|move|p2a: Ceruledge|Phantom Force|p1a: Ursaluna|[from]lockedmove\n|-immune|p1a: Ursaluna\n|\n|-weather|SunnyDay|[upkeep]\n|-status|p1a: Ursaluna|brn|[from] item: Flame Orb\n|upkeep\n|turn|6\n|\n|t:|1700048758\n|move|p2a: Ceruledge|Bitter Blade|p1a: Ursaluna\n|-damage|p1a: Ursaluna|10\/100 brn\n|-heal|p2a: Ceruledge|93\/100|[from] drain|[of] p1a: Ursaluna\n|move|p1a: Ursaluna|Fire Punch|p2a: Ceruledge\n|-resisted|p2a: Ceruledge\n|-damage|p2a: Ceruledge|44\/100\n|-ability|p2a: Ceruledge|Weak Armor|boost\n|-unboost|p2a: Ceruledge|def|1\n|-boost|p2a: Ceruledge|spe|2\n|\n|-weather|SunnyDay|[upkeep]\n|-damage|p1a: Ursaluna|4\/100 brn|[from] brn\n|upkeep\n|turn|7\n|\n|t:|1700048772\n|move|p2a: Ceruledge|Bitter Blade|p1a: Ursaluna\n|-damage|p1a: Ursaluna|0 fnt\n|-heal|p2a: Ceruledge|47\/100|[from] drain|[of] p1a: Ursaluna\n|faint|p1a: Ursaluna\n|\n|-weather|SunnyDay|[upkeep]\n|upkeep\n|inactive|mer1oetta has 120 seconds left.\n|\n|t:|1700048794\n|switch|p1a: Rillaboom|Rillaboom, M|100\/100\n|-fieldstart|move: Grassy Terrain|[from] ability: Grassy Surge|[of] p1a: Rillaboom\n|turn|8\n|\n|t:|1700048799\n|switch|p1a: Heatran|Heatran, M, tera:Fairy|82\/100\n|move|p2a: Ceruledge|Bitter Blade|p1a: Heatran\n|-start|p1a: Heatran|ability: Flash Fire\n|\n|-weather|none\n|-heal|p2a: Ceruledge|53\/100|[from] Grassy Terrain\n|-heal|p1a: Heatran|88\/100|[from] Grassy Terrain\n|upkeep\n|turn|9\n|inactive|mer1oetta has 120 seconds left.\n|\n|t:|1700048812\n|move|p2a: Ceruledge|Phantom Force||[still]\n|-prepare|p2a: Ceruledge|Phantom Force\n|move|p1a: Heatran|Earth Power|p2a: Ceruledge|[miss]\n|-miss|p1a: Heatran|p2a: Ceruledge\n|\n|-heal|p1a: Heatran|94\/100|[from] Grassy Terrain\n|upkeep\n|turn|10\n|inactive|mer1oetta has 120 seconds left.\n|\n|t:|1700048824\n|move|p2a: Ceruledge|Phantom Force|p1a: Heatran|[from]lockedmove\n|-damage|p1a: Heatran|9\/100\n|move|p1a: Heatran|Earth Power|p2a: Ceruledge\n|-supereffective|p2a: Ceruledge\n|-damage|p2a: Ceruledge|0 fnt\n|faint|p2a: Ceruledge\n|\n|-heal|p1a: Heatran|15\/100|[from] Grassy Terrain\n|upkeep\n|\n|t:|1700048836\n|switch|p2a: Torkoal|Torkoal, F|100\/100\n|-weather|SunnyDay|[from] ability: Drought|[of] p2a: Torkoal\n|turn|11\n|inactive|mer1oetta has 120 seconds left.\n|\n|t:|1700048861\n|-end|p1a: Heatran|ability: Flash Fire|[silent]\n|switch|p1a: Sneasler|Sneasler, F, shiny|100\/100\n|-enditem|p1a: Sneasler|Grassy Seed\n|-boost|p1a: Sneasler|def|1|[from] item: Grassy Seed\n|move|p2a: Torkoal|Stealth Rock|p1a: Sneasler\n|-sidestart|p1: mer1oetta|move: Stealth Rock\n|\n|-weather|SunnyDay|[upkeep]\n|upkeep\n|turn|12\n|\n|t:|1700048875\n|move|p1a: Sneasler|Swords Dance|p1a: Sneasler\n|-boost|p1a: Sneasler|atk|2\n|move|p2a: Torkoal|Yawn|p1a: Sneasler\n|-start|p1a: Sneasler|move: Yawn|[of] p2a: Torkoal\n|\n|-weather|SunnyDay|[upkeep]\n|-fieldend|move: Grassy Terrain\n|upkeep\n|turn|13\n|\n|t:|1700048892\n|move|p1a: Sneasler|Close Combat|p2a: Torkoal\n|-damage|p2a: Torkoal|28\/100\n|-unboost|p1a: Sneasler|def|1\n|-unboost|p1a: Sneasler|spd|1\n|move|p2a: Torkoal|Lava Plume|p1a: Sneasler\n|-damage|p1a: Sneasler|29\/100\n|\n|-weather|SunnyDay|[upkeep]\n|-end|p1a: Sneasler|move: Yawn|[silent]\n|-status|p1a: Sneasler|slp\n|upkeep\n|turn|14\n|\n|t:|1700048913\n|switch|p1a: Hatterene|Hatterene, F|100\/100\n|-damage|p1a: Hatterene|88\/100|[from] Stealth Rock\n|switch|p2a: Walking Wake|Walking Wake|100\/100\n|-activate|p2a: Walking Wake|ability: Protosynthesis\n|-start|p2a: Walking Wake|protosynthesisspa\n|\n|-weather|SunnyDay|[upkeep]\n|upkeep\n|turn|15\n|\n|t:|1700048922\n|move|p2a: Walking Wake|Hydro Steam|p1a: Hatterene\n|-damage|p1a: Hatterene|0 fnt\n|faint|p1a: Hatterene\n|\n|-weather|SunnyDay|[upkeep]\n|upkeep\n|\n|t:|1700048929\n|switch|p1a: Iron Valiant|Iron Valiant|100\/100\n|-damage|p1a: Iron Valiant|94\/100|[from] Stealth Rock\n|-enditem|p1a: Iron Valiant|Booster Energy\n|-activate|p1a: Iron Valiant|ability: Quark Drive|[fromitem]\n|-start|p1a: Iron Valiant|quarkdrivespe\n|turn|16\n|\n|t:|1700048942\n|move|p1a: Iron Valiant|Thunderbolt|p2a: Walking Wake\n|-damage|p2a: Walking Wake|67\/100\n|move|p2a: Walking Wake|Hydro Steam|p1a: Iron Valiant\n|-damage|p1a: Iron Valiant|0 fnt\n|faint|p1a: Iron Valiant\n|-end|p1a: Iron Valiant|Quark Drive|[silent]\n|\n|-weather|SunnyDay|[upkeep]\n|upkeep\n|\n|t:|1700048951\n|switch|p1a: Rillaboom|Rillaboom, M|100\/100\n|-damage|p1a: Rillaboom|88\/100|[from] Stealth Rock\n|-fieldstart|move: Grassy Terrain|[from] ability: Grassy Surge|[of] p1a: Rillaboom\n|turn|17\n|\n|t:|1700048958\n|-end|p2a: Walking Wake|Protosynthesis|[silent]\n|switch|p2a: Torkoal|Torkoal, F|28\/100\n|move|p1a: Rillaboom|U-turn|p2a: Torkoal\n|-resisted|p2a: Torkoal\n|-damage|p2a: Torkoal|17\/100\n|\n|t:|1700048964\n|switch|p1a: Heatran|Heatran, M, tera:Fairy|15\/100|[from] U-turn\n|-damage|p1a: Heatran|3\/100|[from] Stealth Rock\n|\n|-weather|SunnyDay|[upkeep]\n|-heal|p1a: Heatran|9\/100|[from] Grassy Terrain\n|-heal|p2a: Torkoal|23\/100|[from] Grassy Terrain\n|upkeep\n|turn|18\n|\n|t:|1700048972\n|move|p1a: Heatran|Earth Power|p2a: Torkoal\n|-supereffective|p2a: Torkoal\n|-damage|p2a: Torkoal|0 fnt\n|faint|p2a: Torkoal\n|\n|-weather|none\n|-heal|p1a: Heatran|15\/100|[from] Grassy Terrain\n|upkeep\n|\n|t:|1700048975\n|switch|p2a: Ninetales|Ninetales, F|100\/100\n|-weather|SunnyDay|[from] ability: Drought|[of] p2a: Ninetales\n|turn|19\n|inactive|mer1oetta has 120 seconds left.\n|\n|t:|1700048990\n|move|p2a: Ninetales|Solar Beam||[still]\n|-prepare|p2a: Ninetales|Solar Beam\n|-anim|p2a: Ninetales|Solar Beam|p1a: Heatran\n|-damage|p1a: Heatran|0 fnt\n|faint|p1a: Heatran\n|\n|-weather|SunnyDay|[upkeep]\n|upkeep\n|\n|t:|1700048996\n|switch|p1a: Rillaboom|Rillaboom, M|88\/100\n|-damage|p1a: Rillaboom|76\/100|[from] Stealth Rock\n|turn|20\n|inactive|mer1oetta has 120 seconds left.\n|\n|t:|1700049001\n|move|p2a: Ninetales|Will-O-Wisp|p1a: Rillaboom\n|-status|p1a: Rillaboom|brn\n|move|p1a: Rillaboom|Knock Off|p2a: Ninetales\n|-damage|p2a: Ninetales|61\/100\n|-enditem|p2a: Ninetales|Heat Rock|[from] move: Knock Off|[of] p1a: Rillaboom\n|\n|-weather|SunnyDay|[upkeep]\n|-heal|p2a: Ninetales|67\/100|[from] Grassy Terrain\n|-heal|p1a: Rillaboom|82\/100 brn|[from] Grassy Terrain\n|-damage|p1a: Rillaboom|76\/100 brn|[from] brn\n|upkeep\n|turn|21\n|-message|mer1oetta forfeited.\n|\n|win|Gooaah\n|raw|mer1oetta's rating: 1155 &rarr; <strong>1130<\/strong><br \/>(-25 for losing)\n|raw|Gooaah's rating: 1154 &rarr; <strong>1179<\/strong><br \/>(+25 for winning)\n|l|\u2606mer1oetta\n","uploadtime":1700049011,"views":7,"p1id":"mer1oetta","p2id":"gooaah","formatid":"gen9ou","rating":1130,"private":0,"password":""}