{"id":"gen9ou-1996306394","p1":"Mouspi le goat","p2":"U91","format":"[Gen 9] OU","log":"|j|\u2606Mouspi le goat\n|j|\u2606U91\n|t:|1700669545\n|gametype|singles\n|player|p1|Mouspi le goat|red|1083\n|player|p2|U91|1|1105\n|teamsize|p1|6\n|teamsize|p2|6\n|gen|9\n|tier|[Gen 9] OU\n|rated|\n|rule|Sleep Clause Mod: Limit one foe put to sleep\n|rule|Species Clause: Limit one of each Pok\u00e9mon\n|rule|OHKO Clause: OHKO moves are banned\n|rule|Evasion Items Clause: Evasion items are banned\n|rule|Evasion Moves Clause: Evasion moves are banned\n|rule|Endless Battle Clause: Forcing endless battles is banned\n|rule|HP Percentage Mod: HP is shown in percentages\n|clearpoke\n|poke|p1|Ribombee, F|\n|poke|p1|Gholdengo|\n|poke|p1|Samurott-Hisui, M|\n|poke|p1|Ceruledge, M|\n|poke|p1|Great Tusk|\n|poke|p1|Hatterene, F|\n|poke|p2|Iron Moth|\n|poke|p2|Iron Valiant|\n|poke|p2|Great Tusk|\n|poke|p2|Ting-Lu|\n|poke|p2|Weavile, F|\n|poke|p2|Gholdengo|\n|teampreview\n|inactive|Battle timer is ON: inactive players will automatically lose when time's up. (requested by Mouspi le goat)\n|\n|t:|1700669556\n|start\n|switch|p1a: Ribombee|Ribombee, F, shiny|100\/100\n|switch|p2a: Ting-Lu|Ting-Lu|100\/100\n|-ability|p2a: Ting-Lu|Vessel of Ruin\n|turn|1\n|\n|t:|1700669564\n|switch|p1a: Hatterene|Hatterene, F|100\/100\n|move|p2a: Ting-Lu|Stealth Rock|p1a: Hatterene\n|move|p1a: Hatterene|Stealth Rock|p2a: Ting-Lu|[from]ability: Magic Bounce\n|-sidestart|p2: U91|move: Stealth Rock\n|\n|upkeep\n|turn|2\n|\n|t:|1700669573\n|move|p1a: Hatterene|Calm Mind|p1a: Hatterene\n|-boost|p1a: Hatterene|spa|1\n|-boost|p1a: Hatterene|spd|1\n|move|p2a: Ting-Lu|Whirlwind|p1a: Hatterene\n|move|p1a: Hatterene|Whirlwind|p2a: Ting-Lu|[from]ability: Magic Bounce\n|drag|p2a: Gholdengo|Gholdengo|100\/100\n|\n|upkeep\n|turn|3\n|\n|t:|1700669584\n|move|p2a: Gholdengo|Shadow Ball|p1a: Hatterene\n|-supereffective|p1a: Hatterene\n|-damage|p1a: Hatterene|42\/100\n|-unboost|p1a: Hatterene|spd|1\n|move|p1a: Hatterene|Nuzzle|p2a: Gholdengo\n|-damage|p2a: Gholdengo|95\/100\n|-status|p2a: Gholdengo|par\n|\n|-heal|p1a: Hatterene|48\/100|[from] item: Leftovers\n|upkeep\n|turn|4\n|\n|t:|1700669607\n|move|p2a: Gholdengo|Shadow Ball|p1a: Hatterene\n|-supereffective|p1a: Hatterene\n|-damage|p1a: Hatterene|0 fnt\n|faint|p1a: Hatterene\n|\n|upkeep\n|\n|t:|1700669614\n|switch|p1a: Ribombee|Ribombee, F, shiny|100\/100\n|turn|5\n|\n|t:|1700669618\n|move|p1a: Ribombee|Sticky Web|p2a: Gholdengo\n|-sidestart|p2: U91|move: Sticky Web\n|move|p2a: Gholdengo|Make It Rain|p1a: Ribombee\n|-supereffective|p1a: Ribombee\n|-enditem|p1a: Ribombee|Focus Sash\n|-damage|p1a: Ribombee|1\/100\n|-unboost|p2a: Gholdengo|spa|1\n|\n|upkeep\n|turn|6\n|\n|t:|1700669628\n|move|p1a: Ribombee|Psychic|p2a: Gholdengo\n|-resisted|p2a: Gholdengo\n|-damage|p2a: Gholdengo|80\/100 par\n|move|p2a: Gholdengo|Shadow Ball|p1a: Ribombee\n|-damage|p1a: Ribombee|0 fnt\n|faint|p1a: Ribombee\n|\n|upkeep\n|\n|t:|1700669635\n|switch|p1a: Samurott|Samurott-Hisui, M, shiny|100\/100\n|turn|7\n|\n|t:|1700669649\n|move|p1a: Samurott|Swords Dance|p1a: Samurott\n|-boost|p1a: Samurott|atk|2\n|move|p2a: Gholdengo|Make It Rain|p1a: Samurott\n|-resisted|p1a: Samurott\n|-damage|p1a: Samurott|69\/100\n|-unboost|p2a: Gholdengo|spa|1\n|\n|upkeep\n|turn|8\n|\n|t:|1700669660\n|move|p1a: Samurott|Ceaseless Edge|p2a: Gholdengo\n|-supereffective|p2a: Gholdengo\n|-damage|p2a: Gholdengo|0 fnt\n|-sidestart|p2: U91|Spikes\n|faint|p2a: Gholdengo\n|\n|upkeep\n|\n|t:|1700669667\n|switch|p2a: Ting-Lu|Ting-Lu|100\/100\n|-damage|p2a: Ting-Lu|94\/100|[from] Stealth Rock\n|-activate|p2a: Ting-Lu|move: Sticky Web\n|-unboost|p2a: Ting-Lu|spe|1\n|-damage|p2a: Ting-Lu|82\/100|[from] Spikes\n|-ability|p2a: Ting-Lu|Vessel of Ruin\n|turn|9\n|\n|t:|1700669675\n|-terastallize|p1a: Samurott|Water\n|move|p1a: Samurott|Razor Shell|p2a: Ting-Lu\n|-supereffective|p2a: Ting-Lu\n|-damage|p2a: Ting-Lu|0 fnt\n|faint|p2a: Ting-Lu\n|\n|upkeep\n|\n|t:|1700669683\n|switch|p2a: Great Tusk|Great Tusk|100\/100\n|-damage|p2a: Great Tusk|98\/100|[from] Stealth Rock\n|-activate|p2a: Great Tusk|move: Sticky Web\n|-unboost|p2a: Great Tusk|spe|1\n|-damage|p2a: Great Tusk|85\/100|[from] Spikes\n|-enditem|p2a: Great Tusk|Booster Energy\n|-activate|p2a: Great Tusk|ability: Protosynthesis|[fromitem]\n|-start|p2a: Great Tusk|protosynthesisatk\n|turn|10\n|\n|t:|1700669691\n|move|p1a: Samurott|Razor Shell|p2a: Great Tusk\n|-supereffective|p2a: Great Tusk\n|-damage|p2a: Great Tusk|0 fnt\n|faint|p2a: Great Tusk\n|-end|p2a: Great Tusk|Protosynthesis|[silent]\n|\n|upkeep\n|\n|t:|1700669707\n|switch|p2a: Weavile|Weavile, F, shiny|100\/100\n|-damage|p2a: Weavile|76\/100|[from] Stealth Rock\n|-activate|p2a: Weavile|move: Sticky Web\n|-unboost|p2a: Weavile|spe|1\n|-damage|p2a: Weavile|63\/100|[from] Spikes\n|-ability|p2a: Weavile|Pressure\n|turn|11\n|\n|t:|1700669721\n|move|p1a: Samurott|Razor Shell|p2a: Weavile\n|-damage|p2a: Weavile|0 fnt\n|faint|p2a: Weavile\n|\n|upkeep\n|c|\u2606U91|ggs im dead\n|\n|t:|1700669728\n|switch|p2a: Iron Moth|Iron Moth|100\/100\n|-damage|p2a: Iron Moth|76\/100|[from] Stealth Rock\n|-activate|p2a: Iron Moth|move: Sticky Web\n|-unboost|p2a: Iron Moth|spe|1\n|-damage|p2a: Iron Moth|63\/100|[from] Spikes\n|-enditem|p2a: Iron Moth|Booster Energy\n|-activate|p2a: Iron Moth|ability: Quark Drive|[fromitem]\n|-start|p2a: Iron Moth|quarkdrivespa\n|turn|12\n|\n|t:|1700669740\n|-terastallize|p2a: Iron Moth|Grass\n|move|p1a: Samurott|Razor Shell|p2a: Iron Moth\n|-resisted|p2a: Iron Moth\n|-damage|p2a: Iron Moth|0 fnt\n|faint|p2a: Iron Moth\n|-end|p2a: Iron Moth|Quark Drive|[silent]\n|\n|upkeep\n|\n|t:|1700669746\n|switch|p2a: Iron Valiant|Iron Valiant|100\/100\n|-damage|p2a: Iron Valiant|94\/100|[from] Stealth Rock\n|-activate|p2a: Iron Valiant|move: Sticky Web\n|-unboost|p2a: Iron Valiant|spe|1\n|-damage|p2a: Iron Valiant|82\/100|[from] Spikes\n|-enditem|p2a: Iron Valiant|Booster Energy\n|-activate|p2a: Iron Valiant|ability: Quark Drive|[fromitem]\n|-start|p2a: Iron Valiant|quarkdriveatk\n|turn|13\n|c|\u2606Mouspi le goat|gg\n|\n|t:|1700669758\n|move|p1a: Samurott|Razor Shell|p2a: Iron Valiant\n|-damage|p2a: Iron Valiant|0 fnt\n|faint|p2a: Iron Valiant\n|-end|p2a: Iron Valiant|Quark Drive|[silent]\n|\n|win|Mouspi le goat\n|raw|Mouspi le goat's rating: 1083 &rarr; <strong>1112<\/strong><br \/>(+29 for winning)\n|raw|U91's rating: 1105 &rarr; <strong>1078<\/strong><br \/>(-27 for losing)\n|l|\u2606U91\n","uploadtime":1700669769,"views":2,"p1id":"mouspilegoat","p2id":"u91","formatid":"gen9ou","rating":1078,"private":0,"password":""}