{"id":"gen9ou-1994170162","p1":"littensalt","p2":"LowkeyClean","format":"[Gen 9] OU","log":"|j|\u2606littensalt\n|j|\u2606LowkeyClean\n|t:|1700414948\n|gametype|singles\n|player|p1|littensalt|calem-masters|1322\n|player|p2|LowkeyClean|gentleman-gen4|1331\n|teamsize|p1|6\n|teamsize|p2|6\n|gen|9\n|tier|[Gen 9] OU\n|rated|\n|rule|Sleep Clause Mod: Limit one foe put to sleep\n|rule|Species Clause: Limit one of each Pok\u00e9mon\n|rule|OHKO Clause: OHKO moves are banned\n|rule|Evasion Items Clause: Evasion items are banned\n|rule|Evasion Moves Clause: Evasion moves are banned\n|rule|Endless Battle Clause: Forcing endless battles is banned\n|rule|HP Percentage Mod: HP is shown in percentages\n|clearpoke\n|poke|p1|Thundurus-Therian, M|\n|poke|p1|Weezing-Galar, M|\n|poke|p1|Cinderace, M|\n|poke|p1|Dragapult, F|\n|poke|p1|Ting-Lu|\n|poke|p1|Zamazenta-*|\n|poke|p2|Amoonguss, F|\n|poke|p2|Gholdengo|\n|poke|p2|Zamazenta-*|\n|poke|p2|Ting-Lu|\n|poke|p2|Zapdos|\n|poke|p2|Slowking, F|\n|teampreview\n|\n|t:|1700414960\n|start\n|switch|p1a: KIDS SEE GHOST|Dragapult, F, shiny|100\/100\n|switch|p2a: Slowking|Slowking, F|100\/100\n|turn|1\n|\n|t:|1700414966\n|move|p1a: KIDS SEE GHOST|U-turn|p2a: Slowking\n|-supereffective|p2a: Slowking\n|-damage|p2a: Slowking|67\/100\n|\n|t:|1700414970\n|switch|p1a: Ting-Lu|Ting-Lu|100\/100|[from] U-turn\n|-ability|p1a: Ting-Lu|Vessel of Ruin\n|move|p2a: Slowking|Chilly Reception|p2a: Slowking\n|-weather|Snow\n|\n|t:|1700414978\n|switch|p2a: Amoonguss|Amoonguss, F|100\/100|[from] Chilly Reception\n|\n|-weather|Snow|[upkeep]\n|upkeep\n|turn|2\n|\n|t:|1700414998\n|switch|p1a: wheezy outta here|Weezing-Galar, M, shiny|100\/100\n|-ability|p1a: wheezy outta here|Neutralizing Gas\n|move|p2a: Amoonguss|Worry Seed|p1a: wheezy outta here\n|-end|p1a: wheezy outta here|ability: Neutralizing Gas\n|-endability|p1a: wheezy outta here|Neutralizing Gas|[from] move: Worry Seed\n|-ability|p1a: wheezy outta here|Insomnia|[from] move: Worry Seed\n|\n|-weather|Snow|[upkeep]\n|upkeep\n|turn|3\n|\n|t:|1700415010\n|move|p1a: wheezy outta here|Will-O-Wisp|p2a: Amoonguss\n|-status|p2a: Amoonguss|brn\n|move|p2a: Amoonguss|Spore|p1a: wheezy outta here\n|-immune|p1a: wheezy outta here|[from] ability: Insomnia\n|\n|-weather|Snow|[upkeep]\n|-damage|p2a: Amoonguss|94\/100 brn|[from] brn\n|upkeep\n|turn|4\n|\n|t:|1700415021\n|move|p1a: wheezy outta here|Strange Steam|p2a: Amoonguss\n|-resisted|p2a: Amoonguss\n|-damage|p2a: Amoonguss|83\/100 brn\n|move|p2a: Amoonguss|Sludge Bomb|p1a: wheezy outta here\n|-damage|p1a: wheezy outta here|65\/100\n|\n|-weather|Snow|[upkeep]\n|-damage|p2a: Amoonguss|77\/100 brn|[from] brn\n|upkeep\n|turn|5\n|\n|t:|1700415027\n|move|p1a: wheezy outta here|Pain Split|p2a: Amoonguss\n|-sethp|p2a: Amoonguss|63\/100 brn|[from] move: Pain Split|[silent]\n|-sethp|p1a: wheezy outta here|82\/100|[from] move: Pain Split\n|move|p2a: Amoonguss|Sludge Bomb|p1a: wheezy outta here\n|-damage|p1a: wheezy outta here|49\/100\n|\n|-weather|none\n|-damage|p2a: Amoonguss|57\/100 brn|[from] brn\n|upkeep\n|turn|6\n|\n|t:|1700415032\n|move|p1a: wheezy outta here|Pain Split|p2a: Amoonguss\n|-sethp|p2a: Amoonguss|47\/100 brn|[from] move: Pain Split|[silent]\n|-sethp|p1a: wheezy outta here|61\/100|[from] move: Pain Split\n|move|p2a: Amoonguss|Sludge Bomb|p1a: wheezy outta here\n|-damage|p1a: wheezy outta here|26\/100\n|\n|-damage|p2a: Amoonguss|41\/100 brn|[from] brn\n|upkeep\n|turn|7\n|\n|t:|1700415038\n|move|p1a: wheezy outta here|Pain Split|p2a: Amoonguss\n|-sethp|p2a: Amoonguss|31\/100 brn|[from] move: Pain Split|[silent]\n|-sethp|p1a: wheezy outta here|40\/100|[from] move: Pain Split\n|move|p2a: Amoonguss|Sludge Bomb|p1a: wheezy outta here\n|-damage|p1a: wheezy outta here|4\/100\n|\n|-damage|p2a: Amoonguss|24\/100 brn|[from] brn\n|upkeep\n|turn|8\n|\n|t:|1700415045\n|switch|p1a: Ting-Lu|Ting-Lu|100\/100\n|-ability|p1a: Ting-Lu|Vessel of Ruin\n|move|p2a: Amoonguss|Giga Drain|p1a: Ting-Lu\n|-supereffective|p1a: Ting-Lu\n|-damage|p1a: Ting-Lu|81\/100\n|-heal|p2a: Amoonguss|36\/100 brn|[from] drain|[of] p1a: Ting-Lu\n|\n|-heal|p1a: Ting-Lu|87\/100|[from] item: Leftovers\n|-damage|p2a: Amoonguss|30\/100 brn|[from] brn\n|upkeep\n|turn|9\n|\n|t:|1700415052\n|switch|p2a: Zapdos|Zapdos|100\/100\n|move|p1a: Ting-Lu|Earthquake|p2a: Zapdos\n|-immune|p2a: Zapdos\n|\n|-heal|p1a: Ting-Lu|93\/100|[from] item: Leftovers\n|upkeep\n|turn|10\n|\n|t:|1700415057\n|switch|p2a: Slowking|Slowking, F|99\/100\n|switch|p1a: 5g|Thundurus-Therian, M, shiny|100\/100\n|\n|upkeep\n|turn|11\n|\n|t:|1700415063\n|move|p1a: 5g|Knock Off|p2a: Slowking\n|-supereffective|p2a: Slowking\n|-damage|p2a: Slowking|60\/100\n|-enditem|p2a: Slowking|Heavy-Duty Boots|[from] move: Knock Off|[of] p1a: 5g\n|move|p2a: Slowking|Chilly Reception|p2a: Slowking\n|-weather|Snow\n|\n|t:|1700415072\n|switch|p2a: Gholdengo|Gholdengo|100\/100|[from] Chilly Reception\n|\n|-weather|Snow|[upkeep]\n|upkeep\n|turn|12\n|\n|t:|1700415076\n|move|p1a: 5g|Knock Off|p2a: Gholdengo\n|-supereffective|p2a: Gholdengo\n|-damage|p2a: Gholdengo|52\/100\n|-enditem|p2a: Gholdengo|Choice Specs|[from] move: Knock Off|[of] p1a: 5g\n|move|p2a: Gholdengo|Shadow Ball|p1a: 5g\n|-damage|p1a: 5g|44\/100\n|\n|-weather|Snow|[upkeep]\n|upkeep\n|turn|13\n|\n|t:|1700415084\n|switch|p1a: Ting-Lu|Ting-Lu|93\/100\n|-ability|p1a: Ting-Lu|Vessel of Ruin\n|move|p2a: Gholdengo|Shadow Ball|p1a: Ting-Lu\n|-resisted|p1a: Ting-Lu\n|-damage|p1a: Ting-Lu|84\/100\n|-unboost|p1a: Ting-Lu|spd|1\n|\n|-weather|Snow|[upkeep]\n|-heal|p1a: Ting-Lu|91\/100|[from] item: Leftovers\n|upkeep\n|turn|14\n|\n|t:|1700415097\n|switch|p1a: FRANCHISE|Cinderace, M|100\/100\n|move|p2a: Gholdengo|Make It Rain|p1a: FRANCHISE\n|-resisted|p1a: FRANCHISE\n|-damage|p1a: FRANCHISE|58\/100\n|-unboost|p2a: Gholdengo|spa|1\n|\n|-weather|Snow|[upkeep]\n|upkeep\n|turn|15\n|\n|t:|1700415106\n|switch|p2a: Slowking|Slowking, F|93\/100\n|move|p1a: FRANCHISE|U-turn|p2a: Slowking\n|-start|p1a: FRANCHISE|typechange|Bug|[from] ability: Libero\n|-supereffective|p2a: Slowking\n|-damage|p2a: Slowking|17\/100\n|\n|t:|1700415109\n|switch|p1a: 5g|Thundurus-Therian, M, shiny|44\/100|[from] U-turn\n|\n|-weather|none\n|upkeep\n|turn|16\n|\n|t:|1700415114\n|switch|p2a: Amoonguss|Amoonguss, F|63\/100 brn\n|move|p1a: 5g|Tera Blast|p2a: Amoonguss\n|-damage|p2a: Amoonguss|23\/100 brn\n|\n|-damage|p2a: Amoonguss|17\/100 brn|[from] brn\n|upkeep\n|turn|17\n|\n|t:|1700415120\n|switch|p2a: Ting-Lu|Ting-Lu|100\/100\n|-ability|p2a: Ting-Lu|Vessel of Ruin\n|move|p1a: 5g|Tera Blast|p2a: Ting-Lu\n|-damage|p2a: Ting-Lu|81\/100\n|\n|upkeep\n|turn|18\n|\n|t:|1700415129\n|switch|p1a: wheezy outta here|Weezing-Galar, M, shiny|4\/100\n|-ability|p1a: wheezy outta here|Neutralizing Gas\n|move|p2a: Ting-Lu|Stealth Rock|p1a: wheezy outta here\n|-sidestart|p1: littensalt|move: Stealth Rock\n|\n|upkeep\n|turn|19\n|\n|t:|1700415137\n|move|p1a: wheezy outta here|Will-O-Wisp|p2a: Ting-Lu\n|-status|p2a: Ting-Lu|brn\n|move|p2a: Ting-Lu|Earthquake|p1a: wheezy outta here\n|-supereffective|p1a: wheezy outta here\n|-damage|p1a: wheezy outta here|0 fnt\n|faint|p1a: wheezy outta here\n|-end|p1a: wheezy outta here|ability: Neutralizing Gas\n|-ability|p2a: Ting-Lu|Vessel of Ruin\n|\n|-damage|p2a: Ting-Lu|75\/100 brn|[from] brn\n|upkeep\n|\n|t:|1700415157\n|switch|p1a: FRANCHISE|Cinderace, M|58\/100\n|turn|20\n|\n|t:|1700415162\n|move|p1a: FRANCHISE|Court Change|p1a: FRANCHISE\n|-start|p1a: FRANCHISE|typechange|Normal|[from] ability: Libero\n|-swapsideconditions\n|-activate|p1a: FRANCHISE|move: Court Change\n|move|p2a: Ting-Lu|Earthquake|p1a: FRANCHISE\n|-damage|p1a: FRANCHISE|30\/100\n|\n|-damage|p2a: Ting-Lu|68\/100 brn|[from] brn\n|upkeep\n|turn|21\n|\n|t:|1700415170\n|move|p1a: FRANCHISE|U-turn|p2a: Ting-Lu\n|-supereffective|p2a: Ting-Lu\n|-damage|p2a: Ting-Lu|44\/100 brn\n|\n|t:|1700415180\n|switch|p1a: 5g|Thundurus-Therian, M, shiny|44\/100|[from] U-turn\n|move|p2a: Ting-Lu|Earthquake|p1a: 5g\n|-immune|p1a: 5g\n|\n|-damage|p2a: Ting-Lu|38\/100 brn|[from] brn\n|upkeep\n|turn|22\n|\n|t:|1700415192\n|move|p1a: 5g|Grass Knot|p2a: Ting-Lu\n|-supereffective|p2a: Ting-Lu\n|-damage|p2a: Ting-Lu|0 fnt\n|faint|p2a: Ting-Lu\n|\n|upkeep\n|\n|t:|1700415202\n|switch|p2a: Zapdos|Zapdos|100\/100\n|turn|23\n|inactive|Battle timer is ON: inactive players will automatically lose when time's up. (requested by LowkeyClean)\n|\n|t:|1700415214\n|switch|p1a: Ting-Lu|Ting-Lu|91\/100\n|-ability|p1a: Ting-Lu|Vessel of Ruin\n|move|p2a: Zapdos|Weather Ball|p1a: Ting-Lu\n|-damage|p1a: Ting-Lu|83\/100\n|\n|-heal|p1a: Ting-Lu|89\/100|[from] item: Leftovers\n|upkeep\n|turn|24\n|\n|t:|1700415223\n|move|p2a: Zapdos|Hurricane|p1a: Ting-Lu\n|-damage|p1a: Ting-Lu|65\/100\n|move|p1a: Ting-Lu|Spikes|p2a: Zapdos\n|-sidestart|p2: LowkeyClean|Spikes\n|\n|-heal|p1a: Ting-Lu|71\/100|[from] item: Leftovers\n|upkeep\n|turn|25\n|\n|t:|1700415230\n|move|p2a: Zapdos|Hurricane|p1a: Ting-Lu\n|-damage|p1a: Ting-Lu|47\/100\n|move|p1a: Ting-Lu|Spikes|p2a: Zapdos\n|-sidestart|p2: LowkeyClean|Spikes\n|\n|-heal|p1a: Ting-Lu|53\/100|[from] item: Leftovers\n|upkeep\n|turn|26\n|\n|t:|1700415233\n|move|p2a: Zapdos|Hurricane|p1a: Ting-Lu\n|-damage|p1a: Ting-Lu|31\/100\n|-start|p1a: Ting-Lu|confusion\n|-activate|p1a: Ting-Lu|confusion\n|-damage|p1a: Ting-Lu|25\/100|[from] confusion\n|\n|-heal|p1a: Ting-Lu|32\/100|[from] item: Leftovers\n|upkeep\n|turn|27\n|\n|t:|1700415242\n|switch|p1a: 5g|Thundurus-Therian, M, shiny|44\/100\n|move|p2a: Zapdos|Hurricane|p1a: 5g\n|-resisted|p1a: 5g\n|-damage|p1a: 5g|4\/100\n|\n|upkeep\n|turn|28\n|\n|t:|1700415252\n|move|p2a: Zapdos|Weather Ball|p1a: 5g\n|-damage|p1a: 5g|0 fnt\n|faint|p1a: 5g\n|\n|upkeep\n|\n|t:|1700415255\n|switch|p1a: Ting-Lu|Ting-Lu|32\/100\n|-ability|p1a: Ting-Lu|Vessel of Ruin\n|turn|29\n|\n|t:|1700415272\n|move|p2a: Zapdos|Hurricane|p1a: Ting-Lu|[miss]\n|-miss|p2a: Zapdos|p1a: Ting-Lu\n|move|p1a: Ting-Lu|Spikes|p2a: Zapdos\n|-sidestart|p2: LowkeyClean|Spikes\n|\n|-heal|p1a: Ting-Lu|38\/100|[from] item: Leftovers\n|upkeep\n|turn|30\n|\n|t:|1700415277\n|move|p2a: Zapdos|Hurricane|p1a: Ting-Lu\n|-damage|p1a: Ting-Lu|16\/100\n|move|p1a: Ting-Lu|Ruination|p2a: Zapdos\n|-damage|p2a: Zapdos|51\/100\n|\n|-heal|p1a: Ting-Lu|22\/100|[from] item: Leftovers\n|upkeep\n|turn|31\n|\n|t:|1700415282\n|move|p2a: Zapdos|Hurricane|p1a: Ting-Lu|[miss]\n|-miss|p2a: Zapdos|p1a: Ting-Lu\n|move|p1a: Ting-Lu|Whirlwind|p2a: Zapdos\n|drag|p2a: Gholdengo|Gholdengo|52\/100\n|-damage|p2a: Gholdengo|46\/100|[from] Stealth Rock\n|-damage|p2a: Gholdengo|21\/100|[from] Spikes\n|\n|-heal|p1a: Ting-Lu|29\/100|[from] item: Leftovers\n|upkeep\n|turn|32\n|\n|t:|1700415293\n|move|p2a: Gholdengo|Make It Rain|p1a: Ting-Lu\n|-damage|p1a: Ting-Lu|4\/100\n|-unboost|p2a: Gholdengo|spa|1\n|move|p1a: Ting-Lu|Earthquake|p2a: Gholdengo\n|-supereffective|p2a: Gholdengo\n|-damage|p2a: Gholdengo|0 fnt\n|faint|p2a: Gholdengo\n|\n|-heal|p1a: Ting-Lu|10\/100|[from] item: Leftovers\n|upkeep\n|\n|t:|1700415296\n|switch|p2a: Slowking|Slowking, F|50\/100\n|-damage|p2a: Slowking|37\/100|[from] Stealth Rock\n|-damage|p2a: Slowking|12\/100|[from] Spikes\n|turn|33\n|\n|t:|1700415299\n|move|p1a: Ting-Lu|Earthquake|p2a: Slowking\n|-damage|p2a: Slowking|0 fnt\n|faint|p2a: Slowking\n|\n|-heal|p1a: Ting-Lu|16\/100|[from] item: Leftovers\n|upkeep\n|\n|t:|1700415301\n|switch|p2a: Zamazenta|Zamazenta|100\/100\n|-ability|p2a: Zamazenta|Dauntless Shield|boost\n|-boost|p2a: Zamazenta|def|1\n|turn|34\n|\n|t:|1700415312\n|switch|p1a: KIDS SEE GHOST|Dragapult, F, shiny|100\/100\n|move|p2a: Zamazenta|Crunch|p1a: KIDS SEE GHOST\n|-supereffective|p1a: KIDS SEE GHOST\n|-damage|p1a: KIDS SEE GHOST|24\/100\n|\n|upkeep\n|turn|35\n|\n|t:|1700415319\n|move|p1a: KIDS SEE GHOST|Draco Meteor|p2a: Zamazenta\n|-damage|p2a: Zamazenta|32\/100\n|-unboost|p1a: KIDS SEE GHOST|spa|2\n|move|p2a: Zamazenta|Crunch|p1a: KIDS SEE GHOST\n|-supereffective|p1a: KIDS SEE GHOST\n|-damage|p1a: KIDS SEE GHOST|0 fnt\n|faint|p1a: KIDS SEE GHOST\n|\n|upkeep\n|\n|t:|1700415332\n|switch|p1a: Ting-Lu|Ting-Lu|16\/100\n|-ability|p1a: Ting-Lu|Vessel of Ruin\n|turn|36\n|\n|t:|1700415339\n|move|p2a: Zamazenta|Close Combat|p1a: Ting-Lu\n|-supereffective|p1a: Ting-Lu\n|-crit|p1a: Ting-Lu\n|-damage|p1a: Ting-Lu|0 fnt\n|-unboost|p2a: Zamazenta|def|1\n|-unboost|p2a: Zamazenta|spd|1\n|faint|p1a: Ting-Lu\n|\n|upkeep\n|\n|t:|1700415345\n|switch|p1a: FRANCHISE|Cinderace, M|30\/100\n|turn|37\n|\n|t:|1700415347\n|move|p1a: FRANCHISE|Sucker Punch|p2a: Zamazenta\n|-start|p1a: FRANCHISE|typechange|Dark|[from] ability: Libero\n|-resisted|p2a: Zamazenta\n|-damage|p2a: Zamazenta|18\/100\n|move|p2a: Zamazenta|Close Combat|p1a: FRANCHISE\n|-supereffective|p1a: FRANCHISE\n|-damage|p1a: FRANCHISE|0 fnt\n|-unboost|p2a: Zamazenta|def|1\n|-unboost|p2a: Zamazenta|spd|1\n|faint|p1a: FRANCHISE\n|\n|upkeep\n|\n|t:|1700415351\n|switch|p1a: november|Zamazenta|100\/100\n|-ability|p1a: november|Dauntless Shield|boost\n|-boost|p1a: november|def|1\n|turn|38\n|\n|t:|1700415354\n|move|p1a: november|Substitute|p1a: november\n|-start|p1a: november|Substitute\n|-damage|p1a: november|75\/100\n|move|p2a: Zamazenta|Close Combat|p1a: november\n|-end|p1a: november|Substitute\n|-unboost|p2a: Zamazenta|def|1\n|-unboost|p2a: Zamazenta|spd|1\n|\n|-heal|p1a: november|82\/100|[from] item: Leftovers\n|upkeep\n|turn|39\n|\n|t:|1700415359\n|move|p1a: november|Iron Defense|p1a: november\n|-boost|p1a: november|def|2\n|move|p2a: Zamazenta|Close Combat|p1a: november\n|-damage|p1a: november|65\/100\n|-unboost|p2a: Zamazenta|def|1\n|-unboost|p2a: Zamazenta|spd|1\n|\n|-heal|p1a: november|71\/100|[from] item: Leftovers\n|upkeep\n|turn|40\n|\n|t:|1700415367\n|switch|p2a: Amoonguss|Amoonguss, F|50\/100 brn\n|move|p1a: november|Substitute|p1a: november\n|-start|p1a: november|Substitute\n|-damage|p1a: november|46\/100\n|\n|-heal|p1a: november|53\/100|[from] item: Leftovers\n|-damage|p2a: Amoonguss|44\/100 brn|[from] brn\n|upkeep\n|turn|41\n|\n|t:|1700415369\n|move|p1a: november|Iron Defense|p1a: november\n|-boost|p1a: november|def|2\n|move|p2a: Amoonguss|Sludge Bomb|p1a: november\n|-activate|p1a: november|move: Substitute|[damage]\n|\n|-heal|p1a: november|59\/100|[from] item: Leftovers\n|-damage|p2a: Amoonguss|38\/100 brn|[from] brn\n|upkeep\n|turn|42\n|\n|t:|1700415371\n|move|p1a: november|Iron Defense|p1a: november\n|-boost|p1a: november|def|1\n|move|p2a: Amoonguss|Sludge Bomb|p1a: november\n|-end|p1a: november|Substitute\n|\n|-heal|p1a: november|65\/100|[from] item: Leftovers\n|-damage|p2a: Amoonguss|32\/100 brn|[from] brn\n|upkeep\n|turn|43\n|\n|t:|1700415374\n|move|p1a: november|Substitute|p1a: november\n|-start|p1a: november|Substitute\n|-damage|p1a: november|40\/100\n|move|p2a: Amoonguss|Sludge Bomb|p1a: november\n|-activate|p1a: november|move: Substitute|[damage]\n|\n|-heal|p1a: november|46\/100|[from] item: Leftovers\n|-damage|p2a: Amoonguss|25\/100 brn|[from] brn\n|upkeep\n|turn|44\n|\n|t:|1700415375\n|move|p1a: november|Body Press|p2a: Amoonguss\n|-resisted|p2a: Amoonguss\n|-damage|p2a: Amoonguss|0 fnt\n|faint|p2a: Amoonguss\n|\n|-heal|p1a: november|52\/100|[from] item: Leftovers\n|upkeep\n|\n|t:|1700415378\n|switch|p2a: Zamazenta|Zamazenta|18\/100\n|turn|45\n|\n|t:|1700415382\n|move|p1a: november|Body Press|p2a: Zamazenta\n|-damage|p2a: Zamazenta|0 fnt\n|faint|p2a: Zamazenta\n|\n|-heal|p1a: november|58\/100|[from] item: Leftovers\n|upkeep\n|\n|t:|1700415383\n|switch|p2a: Zapdos|Zapdos|51\/100\n|turn|46\n|\n|t:|1700415389\n|move|p1a: november|Body Press|p2a: Zapdos\n|-resisted|p2a: Zapdos\n|-damage|p2a: Zapdos|0 fnt\n|faint|p2a: Zapdos\n|\n|win|littensalt\n|raw|littensalt's rating: 1322 &rarr; <strong>1343<\/strong><br \/>(+21 for winning)\n|raw|LowkeyClean's rating: 1331 &rarr; <strong>1310<\/strong><br \/>(-21 for losing)\n|l|\u2606LowkeyClean\n|c|\u2606littensalt|ggwl\n","uploadtime":1700415399,"views":6,"p1id":"littensalt","p2id":"lowkeyclean","formatid":"gen9ou","rating":1310,"private":0,"password":""}