{"id":"gen9ou-1988958512","p1":"pelukas","p2":"ShowdownSaga","format":"[Gen 9] OU","log":"|j|\u2606pelukas\n|j|\u2606ShowdownSaga\n|t:|1699794588\n|gametype|singles\n|player|p1|pelukas|grimsley|1124\n|player|p2|ShowdownSaga|volo|1139\n|teamsize|p1|6\n|teamsize|p2|6\n|gen|9\n|tier|[Gen 9] OU\n|rated|\n|rule|Sleep Clause Mod: Limit one foe put to sleep\n|rule|Species Clause: Limit one of each Pok\u00e9mon\n|rule|OHKO Clause: OHKO moves are banned\n|rule|Evasion Items Clause: Evasion items are banned\n|rule|Evasion Moves Clause: Evasion moves are banned\n|rule|Endless Battle Clause: Forcing endless battles is banned\n|rule|HP Percentage Mod: HP is shown in percentages\n|clearpoke\n|poke|p1|Iron Valiant|\n|poke|p1|Cinderace, M|\n|poke|p1|Goodra-Hisui, F|\n|poke|p1|Weezing-Galar, M|\n|poke|p1|Ursaluna, M|\n|poke|p1|Dondozo, M|\n|poke|p2|Ogerpon-Cornerstone, F|\n|poke|p2|Skeledirge, M|\n|poke|p2|Toedscruel, F|\n|poke|p2|Kommo-o, F|\n|poke|p2|Great Tusk|\n|poke|p2|Okidogi, M|\n|teampreview\n|inactive|Battle timer is ON: inactive players will automatically lose when time's up. (requested by ShowdownSaga)\n|inactive|pelukas also wants the timer to be on.\n|\n|t:|1699794600\n|start\n|switch|p1a: juan mesi|Cinderace, M|100\/100\n|switch|p2a: \ud83e\udd2d\u2b06\ufe0f\ud83e\udd3d\u200d\u2640\ufe0f\ud83d\ude36\ud83e\udd18\ud83d\udc19\ud83e\udd91|Toedscruel, F, shiny|100\/100\n|turn|1\n|\n|t:|1699794607\n|move|p1a: juan mesi|U-turn|p2a: \ud83e\udd2d\u2b06\ufe0f\ud83e\udd3d\u200d\u2640\ufe0f\ud83d\ude36\ud83e\udd18\ud83d\udc19\ud83e\udd91\n|-start|p1a: juan mesi|typechange|Bug|[from] ability: Libero\n|-supereffective|p2a: \ud83e\udd2d\u2b06\ufe0f\ud83e\udd3d\u200d\u2640\ufe0f\ud83d\ude36\ud83e\udd18\ud83d\udc19\ud83e\udd91\n|-damage|p2a: \ud83e\udd2d\u2b06\ufe0f\ud83e\udd3d\u200d\u2640\ufe0f\ud83d\ude36\ud83e\udd18\ud83d\udc19\ud83e\udd91|11\/100\n|-damage|p1a: juan mesi|84\/100|[from] item: Rocky Helmet|[of] p2a: \ud83e\udd2d\u2b06\ufe0f\ud83e\udd3d\u200d\u2640\ufe0f\ud83d\ude36\ud83e\udd18\ud83d\udc19\ud83e\udd91\n|\n|t:|1699794617\n|switch|p1a: juan lento|Goodra-Hisui, F|100\/100|[from] U-turn\n|move|p2a: \ud83e\udd2d\u2b06\ufe0f\ud83e\udd3d\u200d\u2640\ufe0f\ud83d\ude36\ud83e\udd18\ud83d\udc19\ud83e\udd91|Knock Off|p1a: juan lento\n|-damage|p1a: juan lento|86\/100\n|-enditem|p1a: juan lento|Assault Vest|[from] move: Knock Off|[of] p2a: \ud83e\udd2d\u2b06\ufe0f\ud83e\udd3d\u200d\u2640\ufe0f\ud83d\ude36\ud83e\udd18\ud83d\udc19\ud83e\udd91\n|\n|upkeep\n|turn|2\n|\n|t:|1699794631\n|move|p1a: juan lento|Earthquake|p2a: \ud83e\udd2d\u2b06\ufe0f\ud83e\udd3d\u200d\u2640\ufe0f\ud83d\ude36\ud83e\udd18\ud83d\udc19\ud83e\udd91\n|-resisted|p2a: \ud83e\udd2d\u2b06\ufe0f\ud83e\udd3d\u200d\u2640\ufe0f\ud83d\ude36\ud83e\udd18\ud83d\udc19\ud83e\udd91\n|-damage|p2a: \ud83e\udd2d\u2b06\ufe0f\ud83e\udd3d\u200d\u2640\ufe0f\ud83d\ude36\ud83e\udd18\ud83d\udc19\ud83e\udd91|0 fnt\n|faint|p2a: \ud83e\udd2d\u2b06\ufe0f\ud83e\udd3d\u200d\u2640\ufe0f\ud83d\ude36\ud83e\udd18\ud83d\udc19\ud83e\udd91\n|\n|upkeep\n|\n|t:|1699794649\n|switch|p2a: \ud83d\uddff\ud83d\uddff\ud83d\uddff\ud83d\uddff|Ogerpon-Cornerstone, F|100\/100\n|turn|3\n|\n|t:|1699794655\n|move|p2a: \ud83d\uddff\ud83d\uddff\ud83d\uddff\ud83d\uddff|Low Kick|p1a: juan lento\n|-supereffective|p1a: juan lento\n|-damage|p1a: juan lento|2\/100\n|move|p1a: juan lento|Flash Cannon|p2a: \ud83d\uddff\ud83d\uddff\ud83d\uddff\ud83d\uddff\n|-supereffective|p2a: \ud83d\uddff\ud83d\uddff\ud83d\uddff\ud83d\uddff\n|-damage|p2a: \ud83d\uddff\ud83d\uddff\ud83d\uddff\ud83d\uddff|5\/100\n|\n|upkeep\n|turn|4\n|\n|t:|1699794663\n|switch|p1a: juan que fuma|Weezing-Galar, M|100\/100\n|move|p2a: \ud83d\uddff\ud83d\uddff\ud83d\uddff\ud83d\uddff|Horn Leech|p1a: juan que fuma\n|-resisted|p1a: juan que fuma\n|-damage|p1a: juan que fuma|82\/100\n|-heal|p2a: \ud83d\uddff\ud83d\uddff\ud83d\uddff\ud83d\uddff|15\/100|[from] drain|[of] p1a: juan que fuma\n|\n|-heal|p1a: juan que fuma|88\/100|[from] item: Leftovers\n|upkeep\n|turn|5\n|\n|t:|1699794683\n|switch|p2a: Ubers Threat|Skeledirge, M, shiny|100\/100\n|move|p1a: juan que fuma|Sludge Bomb|p2a: Ubers Threat\n|-resisted|p2a: Ubers Threat\n|-damage|p2a: Ubers Threat|90\/100\n|\n|-heal|p2a: Ubers Threat|96\/100|[from] item: Leftovers\n|-heal|p1a: juan que fuma|94\/100|[from] item: Leftovers\n|upkeep\n|turn|6\n|\n|t:|1699794692\n|switch|p1a: Ursaluna|Ursaluna, M|100\/100\n|move|p2a: Ubers Threat|Torch Song|p1a: Ursaluna\n|-damage|p1a: Ursaluna|73\/100\n|-boost|p2a: Ubers Threat|spa|1\n|\n|-heal|p2a: Ubers Threat|100\/100|[from] item: Leftovers\n|-status|p1a: Ursaluna|brn|[from] item: Flame Orb\n|upkeep\n|turn|7\n|\n|t:|1699794698\n|move|p2a: Ubers Threat|Torch Song|p1a: Ursaluna\n|-damage|p1a: Ursaluna|27\/100 brn\n|-boost|p2a: Ubers Threat|spa|1\n|move|p1a: Ursaluna|Headlong Rush|p2a: Ubers Threat\n|-supereffective|p2a: Ubers Threat\n|-damage|p2a: Ubers Threat|0 fnt\n|-unboost|p1a: Ursaluna|def|1\n|-unboost|p1a: Ursaluna|spd|1\n|faint|p2a: Ubers Threat\n|\n|-damage|p1a: Ursaluna|21\/100 brn|[from] brn\n|upkeep\n|\n|t:|1699794705\n|switch|p2a: \ud83d\uddff\ud83d\uddff\ud83d\uddff\ud83d\uddff|Ogerpon-Cornerstone, F|15\/100\n|turn|8\n|\n|t:|1699794711\n|move|p1a: Ursaluna|Protect|p1a: Ursaluna\n|-singleturn|p1a: Ursaluna|Protect\n|move|p2a: \ud83d\uddff\ud83d\uddff\ud83d\uddff\ud83d\uddff|Horn Leech|p1a: Ursaluna\n|-activate|p1a: Ursaluna|move: Protect\n|\n|-damage|p1a: Ursaluna|15\/100 brn|[from] brn\n|upkeep\n|turn|9\n|\n|t:|1699794715\n|switch|p1a: juan lento|Goodra-Hisui, F|2\/100\n|move|p2a: \ud83d\uddff\ud83d\uddff\ud83d\uddff\ud83d\uddff|Horn Leech|p1a: juan lento\n|-ability|p1a: juan lento|Sap Sipper|boost\n|-boost|p1a: juan lento|atk|1\n|\n|upkeep\n|turn|10\n|\n|t:|1699794725\n|switch|p1a: juan que fuma|Weezing-Galar, M|94\/100\n|move|p2a: \ud83d\uddff\ud83d\uddff\ud83d\uddff\ud83d\uddff|Ivy Cudgel|p1a: juan que fuma\n|-damage|p1a: juan que fuma|43\/100\n|\n|-heal|p1a: juan que fuma|49\/100|[from] item: Leftovers\n|upkeep\n|turn|11\n|\n|t:|1699794733\n|move|p2a: \ud83d\uddff\ud83d\uddff\ud83d\uddff\ud83d\uddff|Ivy Cudgel|p1a: juan que fuma\n|-damage|p1a: juan que fuma|0 fnt\n|faint|p1a: juan que fuma\n|\n|upkeep\n|\n|t:|1699794735\n|switch|p1a: juan mesi|Cinderace, M|84\/100\n|turn|12\n|\n|t:|1699794742\n|switch|p2a: dog|Great Tusk, shiny|100\/100\n|move|p1a: juan mesi|Pyro Ball|p2a: dog\n|-damage|p2a: dog|64\/100\n|\n|upkeep\n|turn|13\n|\n|t:|1699794749\n|move|p1a: juan mesi|U-turn|p2a: dog\n|-start|p1a: juan mesi|typechange|Bug|[from] ability: Libero\n|-resisted|p2a: dog\n|-damage|p2a: dog|52\/100\n|\n|t:|1699794753\n|switch|p1a: Juan gordo|Dondozo, M|100\/100|[from] U-turn\n|move|p2a: dog|Earthquake|p1a: Juan gordo\n|-damage|p1a: Juan gordo|81\/100\n|\n|-heal|p1a: Juan gordo|87\/100|[from] item: Leftovers\n|upkeep\n|turn|14\n|\n|t:|1699794766\n|move|p2a: dog|Knock Off|p1a: Juan gordo\n|-damage|p1a: Juan gordo|73\/100\n|-enditem|p1a: Juan gordo|Leftovers|[from] move: Knock Off|[of] p2a: dog\n|move|p1a: Juan gordo|Liquidation|p2a: dog\n|-supereffective|p2a: dog\n|-damage|p2a: dog|12\/100\n|-unboost|p2a: dog|def|1\n|\n|upkeep\n|turn|15\n|\n|t:|1699794772\n|move|p2a: dog|Stealth Rock|p1a: Juan gordo\n|-sidestart|p1: pelukas|move: Stealth Rock\n|move|p1a: Juan gordo|Body Press|p2a: dog\n|-damage|p2a: dog|0 fnt\n|faint|p2a: dog\n|-end|p2a: dog|Protosynthesis|[silent]\n|\n|upkeep\n|\n|t:|1699794794\n|switch|p2a: \ud83d\uddff\ud83d\uddff\ud83d\uddff\ud83d\uddff|Ogerpon-Cornerstone, F|15\/100\n|turn|16\n|\n|t:|1699794800\n|switch|p1a: juan lento|Goodra-Hisui, F|2\/100\n|-damage|p1a: juan lento|0 fnt|[from] Stealth Rock\n|faint|p1a: juan lento\n|move|p2a: \ud83d\uddff\ud83d\uddff\ud83d\uddff\ud83d\uddff|Horn Leech|p1: juan lento|[notarget]\n|-fail|p2a: \ud83d\uddff\ud83d\uddff\ud83d\uddff\ud83d\uddff\n|\n|upkeep\n|\n|t:|1699794804\n|switch|p1a: juan mesi|Cinderace, M|84\/100\n|turn|17\n|\n|t:|1699794816\n|switch|p2a: Grrrific|Okidogi, M|100\/100\n|move|p1a: juan mesi|Pyro Ball|p2a: Grrrific\n|-damage|p2a: Grrrific|52\/100\n|\n|-heal|p2a: Grrrific|58\/100|[from] item: Leftovers\n|upkeep\n|turn|18\n|\n|t:|1699794823\n|-terastallize|p1a: juan mesi|Fire\n|move|p1a: juan mesi|Pyro Ball|p2a: Grrrific\n|-damage|p2a: Grrrific|0 fnt\n|faint|p2a: Grrrific\n|\n|upkeep\n|\n|t:|1699794826\n|switch|p2a: JoJo's|Kommo-o, F, shiny|100\/100\n|turn|19\n|\n|t:|1699794831\n|move|p1a: juan mesi|Pyro Ball|p2a: JoJo's\n|-immune|p2a: JoJo's|[from] ability: Bulletproof\n|move|p2a: JoJo's|Clanging Scales|p1a: juan mesi\n|-damage|p1a: juan mesi|10\/100\n|-unboost|p2a: JoJo's|def|1\n|-enditem|p2a: JoJo's|Throat Spray\n|-boost|p2a: JoJo's|spa|1|[from] item: Throat Spray\n|\n|upkeep\n|turn|20\n|\n|t:|1699794835\n|move|p1a: juan mesi|Court Change|p1a: juan mesi\n|-swapsideconditions\n|-activate|p1a: juan mesi|move: Court Change\n|move|p2a: JoJo's|Clangorous Soul|p2a: JoJo's\n|-boost|p2a: JoJo's|atk|1\n|-boost|p2a: JoJo's|def|1\n|-boost|p2a: JoJo's|spa|1\n|-boost|p2a: JoJo's|spd|1\n|-boost|p2a: JoJo's|spe|1\n|-damage|p2a: JoJo's|68\/100\n|\n|upkeep\n|turn|21\n|\n|t:|1699794855\n|-terastallize|p2a: JoJo's|Steel\n|move|p1a: juan mesi|Sucker Punch|p2a: JoJo's\n|-damage|p2a: JoJo's|41\/100\n|move|p2a: JoJo's|Flash Cannon|p1a: juan mesi\n|-resisted|p1a: juan mesi\n|-crit|p1a: juan mesi\n|-damage|p1a: juan mesi|0 fnt\n|faint|p1a: juan mesi\n|\n|upkeep\n|\n|t:|1699794861\n|switch|p1a: juan moderno|Iron Valiant|100\/100\n|turn|22\n|\n|t:|1699794882\n|move|p2a: JoJo's|Flash Cannon|p1a: juan moderno\n|-supereffective|p1a: juan moderno\n|-damage|p1a: juan moderno|0 fnt\n|faint|p1a: juan moderno\n|-end|p1a: juan moderno|Quark Drive|[silent]\n|\n|upkeep\n|\n|t:|1699794884\n|switch|p1a: Juan gordo|Dondozo, M|73\/100\n|turn|23\n|\n|t:|1699794888\n|move|p2a: JoJo's|Clanging Scales|p1a: Juan gordo\n|-damage|p1a: Juan gordo|22\/100\n|-unboost|p2a: JoJo's|def|1\n|move|p1a: Juan gordo|Liquidation|p2a: JoJo's\n|-damage|p2a: JoJo's|6\/100\n|-unboost|p2a: JoJo's|def|1\n|\n|upkeep\n|turn|24\n|\n|t:|1699794894\n|move|p2a: JoJo's|Clanging Scales|p1a: Juan gordo\n|-damage|p1a: Juan gordo|0 fnt\n|faint|p1a: Juan gordo\n|-unboost|p2a: JoJo's|def|1\n|\n|upkeep\n|\n|t:|1699794898\n|switch|p1a: Ursaluna|Ursaluna, M|15\/100 brn\n|turn|25\n|\n|t:|1699794903\n|move|p2a: JoJo's|Drain Punch|p1a: Ursaluna\n|-supereffective|p1a: Ursaluna\n|-damage|p1a: Ursaluna|0 fnt\n|-heal|p2a: JoJo's|17\/100|[from] drain|[of] p1a: Ursaluna\n|faint|p1a: Ursaluna\n|\n|win|ShowdownSaga\n|raw|pelukas's rating: 1124 &rarr; <strong>1100<\/strong><br \/>(-24 for losing)\n|raw|ShowdownSaga's rating: 1139 &rarr; <strong>1163<\/strong><br \/>(+24 for winning)\n","uploadtime":1699794907,"views":10,"p1id":"pelukas","p2id":"showdownsaga","formatid":"gen9ou","rating":1100,"private":0,"password":""}