{"id":"gen9ou-1989954967","p1":"Bi11 Russell","p2":"Clouzot","format":"[Gen 9] OU","log":"|j|\u2606Bi11 Russell\n|j|\u2606Clouzot\n|t:|1699909883\n|gametype|singles\n|player|p1|Bi11 Russell|hoopster|1132\n|player|p2|Clouzot|birdkeeper|1101\n|teamsize|p1|6\n|teamsize|p2|6\n|gen|9\n|tier|[Gen 9] OU\n|rated|\n|rule|Sleep Clause Mod: Limit one foe put to sleep\n|rule|Species Clause: Limit one of each Pok\u00e9mon\n|rule|OHKO Clause: OHKO moves are banned\n|rule|Evasion Items Clause: Evasion items are banned\n|rule|Evasion Moves Clause: Evasion moves are banned\n|rule|Endless Battle Clause: Forcing endless battles is banned\n|rule|HP Percentage Mod: HP is shown in percentages\n|clearpoke\n|poke|p1|Gholdengo|\n|poke|p1|Kingambit, F|\n|poke|p1|Sneasler, F|\n|poke|p1|Rillaboom, F|\n|poke|p1|Ribombee, F|\n|poke|p1|Enamorus, F|\n|poke|p2|Samurott-Hisui, M|\n|poke|p2|Dragapult, F|\n|poke|p2|Ogerpon-Wellspring, F|\n|poke|p2|Great Tusk|\n|poke|p2|Iron Moth|\n|poke|p2|Scizor, F|\n|teampreview\n|\n|t:|1699909895\n|start\n|switch|p1a: Ribombee|Ribombee, F|100\/100\n|switch|p2a: Samurott|Samurott-Hisui, M|100\/100\n|turn|1\n|\n|t:|1699909923\n|switch|p2a: Scizor|Scizor, F|100\/100\n|move|p1a: Ribombee|Moonblast|p2a: Scizor\n|-resisted|p2a: Scizor\n|-damage|p2a: Scizor|75\/100\n|-unboost|p2a: Scizor|spa|1\n|\n|upkeep\n|turn|2\n|\n|t:|1699909930\n|move|p2a: Scizor|Bullet Punch|p1a: Ribombee\n|-supereffective|p1a: Ribombee\n|-enditem|p1a: Ribombee|Focus Sash\n|-damage|p1a: Ribombee|1\/100\n|move|p1a: Ribombee|Sticky Web|p2a: Scizor\n|-sidestart|p2: Clouzot|move: Sticky Web\n|\n|upkeep\n|turn|3\n|\n|t:|1699909942\n|move|p2a: Scizor|Bullet Punch|p1a: Ribombee\n|-supereffective|p1a: Ribombee\n|-damage|p1a: Ribombee|0 fnt\n|faint|p1a: Ribombee\n|\n|upkeep\n|\n|t:|1699909947\n|switch|p1a: Rillaboom|Rillaboom, F|100\/100\n|-fieldstart|move: Grassy Terrain|[from] ability: Grassy Surge|[of] p1a: Rillaboom\n|turn|4\n|\n|t:|1699909963\n|switch|p1a: Gholdengo|Gholdengo|100\/100\n|move|p2a: Scizor|Bullet Punch|p1a: Gholdengo\n|-resisted|p1a: Gholdengo\n|-damage|p1a: Gholdengo|70\/100\n|\n|-heal|p1a: Gholdengo|76\/100|[from] Grassy Terrain\n|-heal|p2a: Scizor|82\/100|[from] Grassy Terrain\n|upkeep\n|turn|5\n|\n|t:|1699909977\n|move|p2a: Scizor|Bullet Punch|p1a: Gholdengo\n|-resisted|p1a: Gholdengo\n|-damage|p1a: Gholdengo|45\/100\n|move|p1a: Gholdengo|Nasty Plot|p1a: Gholdengo\n|-boost|p1a: Gholdengo|spa|2\n|\n|-heal|p1a: Gholdengo|51\/100|[from] Grassy Terrain\n|-heal|p2a: Scizor|88\/100|[from] Grassy Terrain\n|upkeep\n|turn|6\n|\n|t:|1699909985\n|move|p2a: Scizor|Bullet Punch|p1a: Gholdengo\n|-resisted|p1a: Gholdengo\n|-damage|p1a: Gholdengo|20\/100\n|move|p1a: Gholdengo|Shadow Ball|p2a: Scizor\n|-damage|p2a: Scizor|0 fnt\n|faint|p2a: Scizor\n|\n|-heal|p1a: Gholdengo|27\/100|[from] Grassy Terrain\n|upkeep\n|\n|t:|1699910018\n|switch|p2a: Samurott|Samurott-Hisui, M|100\/100\n|-activate|p2a: Samurott|move: Sticky Web\n|-unboost|p2a: Samurott|spe|1\n|turn|7\n|\n|t:|1699910022\n|move|p1a: Gholdengo|Thunderbolt|p2a: Samurott\n|-supereffective|p2a: Samurott\n|-enditem|p2a: Samurott|Focus Sash\n|-damage|p2a: Samurott|1\/100\n|move|p2a: Samurott|Ceaseless Edge|p1a: Gholdengo\n|-supereffective|p1a: Gholdengo\n|-damage|p1a: Gholdengo|0 fnt\n|-sidestart|p1: Bi11 Russell|Spikes\n|faint|p1a: Gholdengo\n|\n|-heal|p2a: Samurott|7\/100|[from] Grassy Terrain\n|upkeep\n|\n|t:|1699910034\n|switch|p1a: Sneasler|Sneasler, F|100\/100\n|-damage|p1a: Sneasler|88\/100|[from] Spikes\n|-enditem|p1a: Sneasler|Grassy Seed\n|-boost|p1a: Sneasler|def|1|[from] item: Grassy Seed\n|turn|8\n|\n|t:|1699910043\n|move|p1a: Sneasler|Swords Dance|p1a: Sneasler\n|-boost|p1a: Sneasler|atk|2\n|move|p2a: Samurott|Ceaseless Edge|p1a: Sneasler\n|-resisted|p1a: Sneasler\n|-damage|p1a: Sneasler|62\/100\n|-sidestart|p1: Bi11 Russell|Spikes\n|\n|-heal|p1a: Sneasler|68\/100|[from] Grassy Terrain\n|-heal|p2a: Samurott|13\/100|[from] Grassy Terrain\n|upkeep\n|turn|9\n|\n|t:|1699910053\n|move|p1a: Sneasler|Dire Claw|p2a: Samurott\n|-damage|p2a: Samurott|0 fnt\n|faint|p2a: Samurott\n|\n|-heal|p1a: Sneasler|74\/100|[from] Grassy Terrain\n|upkeep\n|\n|t:|1699910063\n|switch|p2a: Great Tusk|Great Tusk|100\/100\n|-activate|p2a: Great Tusk|move: Sticky Web\n|-unboost|p2a: Great Tusk|spe|1\n|turn|10\n|\n|t:|1699910071\n|-terastallize|p1a: Sneasler|Flying\n|move|p1a: Sneasler|Acrobatics|p2a: Great Tusk\n|-supereffective|p2a: Great Tusk\n|-damage|p2a: Great Tusk|0 fnt\n|faint|p2a: Great Tusk\n|-end|p2a: Great Tusk|Protosynthesis|[silent]\n|\n|upkeep\n|\n|t:|1699910078\n|switch|p2a: Dragapult|Dragapult, F|100\/100\n|-activate|p2a: Dragapult|move: Sticky Web\n|-unboost|p2a: Dragapult|spe|1\n|turn|11\n|\n|t:|1699910082\n|move|p1a: Sneasler|Acrobatics|p2a: Dragapult\n|-damage|p2a: Dragapult|0 fnt\n|faint|p2a: Dragapult\n|\n|-fieldend|move: Grassy Terrain\n|upkeep\n|-message|Clouzot forfeited.\n|\n|win|Bi11 Russell\n|raw|Bi11 Russell's rating: 1132 &rarr; <strong>1155<\/strong><br \/>(+23 for winning)\n|raw|Clouzot's rating: 1101 &rarr; <strong>1078<\/strong><br \/>(-23 for losing)\n|l|\u2606Clouzot\n","uploadtime":1699910089,"views":15,"p1id":"bi11russell","p2id":"clouzot","formatid":"gen9ou","rating":1078,"private":0,"password":""}