{"id":"gen9ou-1989263749","p1":"lukci","p2":"MakoSharkBites","format":"[Gen 9] OU","log":"|j|\u2606lukci\n|j|\u2606MakoSharkBites\n|t:|1699829463\n|gametype|singles\n|player|p1|lukci|102|1197\n|player|p2|MakoSharkBites|102|1179\n|teamsize|p1|6\n|teamsize|p2|6\n|gen|9\n|tier|[Gen 9] OU\n|rated|\n|rule|Sleep Clause Mod: Limit one foe put to sleep\n|rule|Species Clause: Limit one of each Pok\u00e9mon\n|rule|OHKO Clause: OHKO moves are banned\n|rule|Evasion Items Clause: Evasion items are banned\n|rule|Evasion Moves Clause: Evasion moves are banned\n|rule|Endless Battle Clause: Forcing endless battles is banned\n|rule|HP Percentage Mod: HP is shown in percentages\n|clearpoke\n|poke|p1|Alomomola, F|\n|poke|p1|Blissey, F|\n|poke|p1|Clodsire, F|\n|poke|p1|Toxapex, F|\n|poke|p1|Dondozo, M|\n|poke|p1|Gholdengo|\n|poke|p2|Great Tusk|\n|poke|p2|Garchomp, F|\n|poke|p2|Landorus-Therian, M|\n|poke|p2|Conkeldurr, M|\n|poke|p2|Mamoswine, M|\n|poke|p2|Clodsire, F|\n|teampreview\n|c|\u2606MakoSharkBites|oh stall\n|\n|t:|1699829491\n|start\n|switch|p1a: Toxapex|Toxapex, F|100\/100\n|switch|p2a: Conkeldurr|Conkeldurr, M|100\/100\n|turn|1\n|c|\u2606lukci|semistall, i have ghol as a breaker\n|\n|t:|1699829505\n|move|p2a: Conkeldurr|Knock Off|p1a: Toxapex\n|-damage|p1a: Toxapex|75\/100\n|-enditem|p1a: Toxapex|Leftovers|[from] move: Knock Off|[of] p2a: Conkeldurr\n|move|p1a: Toxapex|Toxic Spikes|p2a: Conkeldurr\n|-sidestart|p2: MakoSharkBites|move: Toxic Spikes\n|\n|-status|p2a: Conkeldurr|brn|[from] item: Flame Orb\n|upkeep\n|turn|2\n|\n|t:|1699829516\n|move|p2a: Conkeldurr|Drain Punch|p1a: Toxapex\n|-resisted|p1a: Toxapex\n|-damage|p1a: Toxapex|55\/100\n|move|p1a: Toxapex|Toxic Spikes|p2a: Conkeldurr\n|-sidestart|p2: MakoSharkBites|move: Toxic Spikes\n|\n|-damage|p2a: Conkeldurr|94\/100 brn|[from] brn\n|upkeep\n|turn|3\n|\n|t:|1699829522\n|move|p2a: Conkeldurr|Defog|p1a: Toxapex\n|-unboost|p1a: Toxapex|evasion|1\n|-sideend|p2: MakoSharkBites|Toxic Spikes|[from] move: Defog|[of] p2a: Conkeldurr\n|move|p1a: Toxapex|Recover|p1a: Toxapex\n|-heal|p1a: Toxapex|100\/100\n|\n|-damage|p2a: Conkeldurr|88\/100 brn|[from] brn\n|upkeep\n|turn|4\n|\n|t:|1699829531\n|move|p2a: Conkeldurr|Drain Punch|p1a: Toxapex\n|-resisted|p1a: Toxapex\n|-damage|p1a: Toxapex|79\/100\n|-heal|p2a: Conkeldurr|96\/100 brn|[from] drain|[of] p1a: Toxapex\n|move|p1a: Toxapex|Surf|p2a: Conkeldurr\n|-damage|p2a: Conkeldurr|76\/100 brn\n|\n|-damage|p2a: Conkeldurr|70\/100 brn|[from] brn\n|upkeep\n|turn|5\n|\n|t:|1699829542\n|move|p2a: Conkeldurr|Drain Punch|p1a: Toxapex\n|-resisted|p1a: Toxapex\n|-damage|p1a: Toxapex|58\/100\n|-heal|p2a: Conkeldurr|78\/100 brn|[from] drain|[of] p1a: Toxapex\n|move|p1a: Toxapex|Surf|p2a: Conkeldurr\n|-damage|p2a: Conkeldurr|54\/100 brn\n|\n|-damage|p2a: Conkeldurr|48\/100 brn|[from] brn\n|upkeep\n|turn|6\n|\n|t:|1699829552\n|move|p2a: Conkeldurr|Drain Punch|p1a: Toxapex\n|-resisted|p1a: Toxapex\n|-damage|p1a: Toxapex|37\/100\n|-heal|p2a: Conkeldurr|56\/100 brn|[from] drain|[of] p1a: Toxapex\n|move|p1a: Toxapex|Recover|p1a: Toxapex\n|-heal|p1a: Toxapex|87\/100\n|\n|-damage|p2a: Conkeldurr|50\/100 brn|[from] brn\n|upkeep\n|turn|7\n|\n|t:|1699829561\n|move|p2a: Conkeldurr|Drain Punch|p1a: Toxapex\n|-resisted|p1a: Toxapex\n|-damage|p1a: Toxapex|64\/100\n|-heal|p2a: Conkeldurr|58\/100 brn|[from] drain|[of] p1a: Toxapex\n|move|p1a: Toxapex|Surf|p2a: Conkeldurr\n|-damage|p2a: Conkeldurr|36\/100 brn\n|\n|-damage|p2a: Conkeldurr|29\/100 brn|[from] brn\n|upkeep\n|turn|8\n|\n|t:|1699829570\n|move|p2a: Conkeldurr|Drain Punch|p1a: Toxapex\n|-resisted|p1a: Toxapex\n|-damage|p1a: Toxapex|42\/100\n|-heal|p2a: Conkeldurr|38\/100 brn|[from] drain|[of] p1a: Toxapex\n|move|p1a: Toxapex|Recover|p1a: Toxapex\n|-heal|p1a: Toxapex|92\/100\n|\n|-damage|p2a: Conkeldurr|32\/100 brn|[from] brn\n|upkeep\n|turn|9\n|\n|t:|1699829578\n|move|p2a: Conkeldurr|Drain Punch|p1a: Toxapex\n|-resisted|p1a: Toxapex\n|-damage|p1a: Toxapex|69\/100\n|-heal|p2a: Conkeldurr|40\/100 brn|[from] drain|[of] p1a: Toxapex\n|move|p1a: Toxapex|Surf|p2a: Conkeldurr\n|-damage|p2a: Conkeldurr|18\/100 brn\n|\n|-damage|p2a: Conkeldurr|12\/100 brn|[from] brn\n|upkeep\n|turn|10\n|\n|t:|1699829588\n|move|p2a: Conkeldurr|Drain Punch|p1a: Toxapex\n|-resisted|p1a: Toxapex\n|-damage|p1a: Toxapex|48\/100\n|-heal|p2a: Conkeldurr|20\/100 brn|[from] drain|[of] p1a: Toxapex\n|move|p1a: Toxapex|Recover|p1a: Toxapex\n|-heal|p1a: Toxapex|98\/100\n|\n|-damage|p2a: Conkeldurr|14\/100 brn|[from] brn\n|upkeep\n|turn|11\n|\n|t:|1699829596\n|move|p2a: Conkeldurr|Drain Punch|p1a: Toxapex\n|-resisted|p1a: Toxapex\n|-damage|p1a: Toxapex|75\/100\n|-heal|p2a: Conkeldurr|23\/100 brn|[from] drain|[of] p1a: Toxapex\n|move|p1a: Toxapex|Surf|p2a: Conkeldurr\n|-damage|p2a: Conkeldurr|0 fnt\n|faint|p2a: Conkeldurr\n|\n|upkeep\n|\n|t:|1699829607\n|switch|p2a: Mamoswine|Mamoswine, M|100\/100\n|turn|12\n|\n|t:|1699829610\n|move|p2a: Mamoswine|Earthquake|p1a: Toxapex\n|-supereffective|p1a: Toxapex\n|-damage|p1a: Toxapex|0 fnt\n|faint|p1a: Toxapex\n|\n|upkeep\n|\n|t:|1699829622\n|switch|p1a: Dondozo|Dondozo, M|100\/100\n|turn|13\n|\n|t:|1699829627\n|switch|p2a: Clodsire|Clodsire, F|100\/100\n|move|p1a: Dondozo|Liquidation|p2a: Clodsire\n|-immune|p2a: Clodsire|[from] ability: Water Absorb\n|\n|upkeep\n|turn|14\n|\n|t:|1699829643\n|switch|p1a: Clodsire|Clodsire, F|100\/100\n|move|p2a: Clodsire|Stealth Rock|p1a: Clodsire\n|-sidestart|p1: lukci|move: Stealth Rock\n|\n|upkeep\n|turn|15\n|\n|t:|1699829649\n|move|p1a: Clodsire|Earthquake|p2a: Clodsire\n|-supereffective|p2a: Clodsire\n|-damage|p2a: Clodsire|40\/100\n|move|p2a: Clodsire|High Horsepower|p1a: Clodsire\n|-supereffective|p1a: Clodsire\n|-damage|p1a: Clodsire|48\/100\n|\n|-heal|p1a: Clodsire|54\/100|[from] item: Leftovers\n|-heal|p2a: Clodsire|46\/100|[from] item: Leftovers\n|upkeep\n|turn|16\n|\n|t:|1699829659\n|switch|p2a: Landorus|Landorus-Therian, M|100\/100\n|-ability|p2a: Landorus|Intimidate|boost\n|-unboost|p1a: Clodsire|atk|1\n|move|p1a: Clodsire|Earthquake|p2a: Landorus\n|-immune|p2a: Landorus\n|\n|-heal|p1a: Clodsire|60\/100|[from] item: Leftovers\n|upkeep\n|turn|17\n|\n|t:|1699829672\n|switch|p1a: Alomomola|Alomomola, F|100\/100\n|move|p2a: Landorus|Earthquake|p1a: Alomomola\n|-damage|p1a: Alomomola|68\/100\n|\n|upkeep\n|turn|18\n|\n|t:|1699829680\n|-terastallize|p1a: Alomomola|Flying\n|move|p2a: Landorus|Earthquake|p1a: Alomomola\n|-immune|p1a: Alomomola\n|move|p1a: Alomomola|Wish|p1a: Alomomola\n|\n|upkeep\n|turn|19\n|\n|t:|1699829688\n|move|p2a: Landorus|U-turn|p1a: Alomomola\n|-resisted|p1a: Alomomola\n|-damage|p1a: Alomomola|61\/100\n|\n|t:|1699829692\n|switch|p2a: Mamoswine|Mamoswine, M|100\/100|[from] U-turn\n|move|p1a: Alomomola|Flip Turn|p2a: Mamoswine\n|-supereffective|p2a: Mamoswine\n|-damage|p2a: Mamoswine|63\/100\n|\n|t:|1699829707\n|switch|p1a: Gholdengo|Gholdengo|100\/100|[from] Flip Turn\n|-damage|p1a: Gholdengo|94\/100|[from] Stealth Rock\n|-item|p1a: Gholdengo|Air Balloon\n|\n|-heal|p1a: Gholdengo|100\/100|[from] move: Wish|[wisher] Alomomola\n|upkeep\n|turn|20\n|\n|t:|1699829724\n|move|p1a: Gholdengo|Nasty Plot|p1a: Gholdengo\n|-boost|p1a: Gholdengo|spa|2\n|move|p2a: Mamoswine|Knock Off|p1a: Gholdengo\n|-supereffective|p1a: Gholdengo\n|-damage|p1a: Gholdengo|0 fnt\n|-enditem|p1a: Gholdengo|Air Balloon\n|faint|p1a: Gholdengo\n|\n|upkeep\n|\n|t:|1699829734\n|switch|p1a: Dondozo|Dondozo, M|100\/100\n|turn|21\n|\n|t:|1699829741\n|switch|p2a: Landorus|Landorus-Therian, M|100\/100\n|-ability|p2a: Landorus|Intimidate|boost\n|-unboost|p1a: Dondozo|atk|1\n|move|p1a: Dondozo|Body Press|p2a: Landorus\n|-resisted|p2a: Landorus\n|-damage|p2a: Landorus|83\/100\n|\n|-heal|p2a: Landorus|89\/100|[from] item: Leftovers\n|upkeep\n|turn|22\n|\n|t:|1699829752\n|switch|p1a: Alomomola|Alomomola, F, tera:Flying|95\/100\n|move|p2a: Landorus|U-turn|p1a: Alomomola\n|-resisted|p1a: Alomomola\n|-damage|p1a: Alomomola|87\/100\n|\n|t:|1699829758\n|switch|p2a: Mamoswine|Mamoswine, M|63\/100|[from] U-turn\n|\n|upkeep\n|turn|23\n|\n|t:|1699829768\n|switch|p1a: Dondozo|Dondozo, M|100\/100\n|move|p2a: Mamoswine|Icicle Crash|p1a: Dondozo\n|-resisted|p1a: Dondozo\n|-damage|p1a: Dondozo|85\/100\n|\n|upkeep\n|turn|24\n|\n|t:|1699829781\n|switch|p2a: Clodsire|Clodsire, F|46\/100\n|move|p1a: Dondozo|Body Press|p2a: Clodsire\n|-resisted|p2a: Clodsire\n|-crit|p2a: Clodsire\n|-damage|p2a: Clodsire|21\/100\n|\n|-heal|p2a: Clodsire|27\/100|[from] item: Leftovers\n|upkeep\n|turn|25\n|\n|t:|1699829792\n|move|p1a: Dondozo|Body Press|p2a: Clodsire\n|-resisted|p2a: Clodsire\n|-damage|p2a: Clodsire|11\/100\n|move|p2a: Clodsire|Gunk Shot|p1a: Dondozo\n|-damage|p1a: Dondozo|70\/100\n|\n|-heal|p2a: Clodsire|18\/100|[from] item: Leftovers\n|upkeep\n|turn|26\n|\n|t:|1699829801\n|switch|p2a: Landorus|Landorus-Therian, M|89\/100\n|-ability|p2a: Landorus|Intimidate|boost\n|-unboost|p1a: Dondozo|atk|1\n|move|p1a: Dondozo|Body Press|p2a: Landorus\n|-resisted|p2a: Landorus\n|-damage|p2a: Landorus|72\/100\n|\n|-heal|p2a: Landorus|78\/100|[from] item: Leftovers\n|upkeep\n|turn|27\n|\n|t:|1699829812\n|switch|p1a: Alomomola|Alomomola, F, tera:Flying|100\/100\n|move|p2a: Landorus|Fly||[still]\n|-prepare|p2a: Landorus|Fly\n|\n|-heal|p2a: Landorus|84\/100|[from] item: Leftovers\n|upkeep\n|turn|28\n|\n|t:|1699829817\n|move|p2a: Landorus|Fly|p1a: Alomomola|[from]lockedmove\n|-damage|p1a: Alomomola|73\/100\n|move|p1a: Alomomola|Scald|p2a: Landorus\n|-supereffective|p2a: Landorus\n|-damage|p2a: Landorus|49\/100\n|\n|-heal|p2a: Landorus|55\/100|[from] item: Leftovers\n|upkeep\n|turn|29\n|\n|t:|1699829828\n|move|p2a: Landorus|Fly||[still]\n|-prepare|p2a: Landorus|Fly\n|move|p1a: Alomomola|Wish|p1a: Alomomola\n|\n|-heal|p2a: Landorus|61\/100|[from] item: Leftovers\n|upkeep\n|turn|30\n|\n|t:|1699829879\n|move|p1a: Alomomola|Protect|p1a: Alomomola\n|-singleturn|p1a: Alomomola|Protect\n|move|p2a: Landorus|Fly|p1a: Alomomola|[from]lockedmove\n|-activate|p1a: Alomomola|move: Protect\n|\n|-heal|p1a: Alomomola|100\/100|[from] move: Wish|[wisher] Alomomola\n|-heal|p2a: Landorus|67\/100|[from] item: Leftovers\n|upkeep\n|turn|31\n|inactive|Battle timer is ON: inactive players will automatically lose when time's up. (requested by MakoSharkBites)\n|\n|t:|1699829888\n|switch|p2a: Clodsire|Clodsire, F|18\/100\n|move|p1a: Alomomola|Scald|p2a: Clodsire\n|-heal|p2a: Clodsire|43\/100|[from] ability: Water Absorb|[of] p1a: Alomomola\n|\n|-heal|p2a: Clodsire|49\/100|[from] item: Leftovers\n|upkeep\n|turn|32\n|\n|t:|1699829897\n|move|p1a: Alomomola|Wish|p1a: Alomomola\n|move|p2a: Clodsire|Gunk Shot|p1a: Alomomola\n|-damage|p1a: Alomomola|84\/100\n|\n|-heal|p2a: Clodsire|55\/100|[from] item: Leftovers\n|upkeep\n|turn|33\n|\n|t:|1699829910\n|switch|p1a: Clodsire|Clodsire, F|60\/100\n|-damage|p1a: Clodsire|54\/100|[from] Stealth Rock\n|move|p2a: Clodsire|Gunk Shot|p1a: Clodsire\n|-resisted|p1a: Clodsire\n|-damage|p1a: Clodsire|45\/100\n|\n|-heal|p1a: Clodsire|100\/100|[from] move: Wish|[wisher] Alomomola\n|-heal|p2a: Clodsire|61\/100|[from] item: Leftovers\n|upkeep\n|turn|34\n|\n|t:|1699829924\n|switch|p2a: Landorus|Landorus-Therian, M|67\/100\n|-ability|p2a: Landorus|Intimidate|boost\n|-unboost|p1a: Clodsire|atk|1\n|move|p1a: Clodsire|Earthquake|p2a: Landorus\n|-immune|p2a: Landorus\n|\n|-heal|p2a: Landorus|73\/100|[from] item: Leftovers\n|upkeep\n|turn|35\n|\n|t:|1699829934\n|switch|p1a: Alomomola|Alomomola, F, tera:Flying|100\/100\n|move|p2a: Landorus|U-turn|p1a: Alomomola\n|-resisted|p1a: Alomomola\n|-damage|p1a: Alomomola|93\/100\n|\n|t:|1699829939\n|switch|p2a: Clodsire|Clodsire, F|61\/100|[from] U-turn\n|\n|-heal|p2a: Clodsire|68\/100|[from] item: Leftovers\n|upkeep\n|turn|36\n|\n|t:|1699829946\n|move|p1a: Alomomola|Wish|p1a: Alomomola\n|move|p2a: Clodsire|High Horsepower|p1a: Alomomola\n|-immune|p1a: Alomomola\n|\n|-heal|p2a: Clodsire|74\/100|[from] item: Leftovers\n|upkeep\n|turn|37\n|\n|t:|1699829953\n|switch|p1a: Clodsire|Clodsire, F|100\/100\n|-damage|p1a: Clodsire|94\/100|[from] Stealth Rock\n|move|p2a: Clodsire|High Horsepower|p1a: Clodsire\n|-supereffective|p1a: Clodsire\n|-damage|p1a: Clodsire|40\/100\n|\n|-heal|p1a: Clodsire|97\/100|[from] move: Wish|[wisher] Alomomola\n|-heal|p1a: Clodsire|100\/100|[from] item: Leftovers\n|-heal|p2a: Clodsire|80\/100|[from] item: Leftovers\n|upkeep\n|turn|38\n|\n|t:|1699829967\n|switch|p2a: Landorus|Landorus-Therian, M|73\/100\n|-ability|p2a: Landorus|Intimidate|boost\n|-unboost|p1a: Clodsire|atk|1\n|move|p1a: Clodsire|Spikes|p2a: Landorus\n|-sidestart|p2: MakoSharkBites|Spikes\n|\n|-heal|p2a: Landorus|79\/100|[from] item: Leftovers\n|upkeep\n|turn|39\n|\n|t:|1699829976\n|switch|p1a: Alomomola|Alomomola, F, tera:Flying|100\/100\n|move|p2a: Landorus|Earthquake|p1a: Alomomola\n|-immune|p1a: Alomomola\n|\n|-heal|p2a: Landorus|85\/100|[from] item: Leftovers\n|upkeep\n|turn|40\n|\n|t:|1699829986\n|switch|p2a: Clodsire|Clodsire, F|80\/100\n|-damage|p2a: Clodsire|68\/100|[from] Spikes\n|move|p1a: Alomomola|Wish|p1a: Alomomola\n|\n|-heal|p2a: Clodsire|74\/100|[from] item: Leftovers\n|upkeep\n|turn|41\n|\n|t:|1699829997\n|switch|p1a: Clodsire|Clodsire, F|100\/100\n|-damage|p1a: Clodsire|94\/100|[from] Stealth Rock\n|move|p2a: Clodsire|High Horsepower|p1a: Clodsire\n|-supereffective|p1a: Clodsire\n|-damage|p1a: Clodsire|34\/100\n|\n|-heal|p1a: Clodsire|92\/100|[from] move: Wish|[wisher] Alomomola\n|-heal|p1a: Clodsire|98\/100|[from] item: Leftovers\n|-heal|p2a: Clodsire|80\/100|[from] item: Leftovers\n|upkeep\n|turn|42\n|\n|t:|1699830007\n|move|p1a: Clodsire|Earthquake|p2a: Clodsire\n|-supereffective|p2a: Clodsire\n|-crit|p2a: Clodsire\n|-damage|p2a: Clodsire|0 fnt\n|faint|p2a: Clodsire\n|\n|-heal|p1a: Clodsire|100\/100|[from] item: Leftovers\n|upkeep\n|\n|t:|1699830022\n|switch|p2a: Garchomp|Garchomp, F|100\/100\n|-damage|p2a: Garchomp|88\/100|[from] Spikes\n|turn|43\n|\n|t:|1699830029\n|switch|p1a: Dondozo|Dondozo, M|70\/100\n|move|p2a: Garchomp|Swords Dance|p2a: Garchomp\n|-boost|p2a: Garchomp|atk|2\n|\n|-heal|p2a: Garchomp|94\/100|[from] item: Leftovers\n|upkeep\n|turn|44\n|\n|t:|1699830041\n|-terastallize|p2a: Garchomp|Fairy\n|move|p2a: Garchomp|Earthquake|p1a: Dondozo\n|-damage|p1a: Dondozo|49\/100\n|move|p1a: Dondozo|Liquidation|p2a: Garchomp\n|-damage|p2a: Garchomp|67\/100\n|-damage|p1a: Dondozo|36\/100|[from] ability: Rough Skin|[of] p2a: Garchomp\n|\n|-heal|p2a: Garchomp|73\/100|[from] item: Leftovers\n|upkeep\n|turn|45\n|\n|t:|1699830052\n|move|p2a: Garchomp|Dragon Claw|p1a: Dondozo\n|-damage|p1a: Dondozo|17\/100\n|move|p1a: Dondozo|Rest|p1a: Dondozo\n|-status|p1a: Dondozo|slp|[from] move: Rest\n|-heal|p1a: Dondozo|100\/100 slp|[silent]\n|\n|-heal|p2a: Garchomp|79\/100|[from] item: Leftovers\n|upkeep\n|turn|46\n|c|\u2606MakoSharkBites|heavens\n|\n|t:|1699830077\n|move|p2a: Garchomp|Dragon Claw|p1a: Dondozo\n|-damage|p1a: Dondozo|81\/100 slp\n|cant|p1a: Dondozo|slp\n|move|p1a: Dondozo|Sleep Talk|p1a: Dondozo\n|move|p1a: Dondozo|Rest||[from]move: Sleep Talk|[still]\n|-fail|p1a: Dondozo\n|\n|-heal|p2a: Garchomp|86\/100|[from] item: Leftovers\n|upkeep\n|turn|47\n|inactive|MakoSharkBites has 120 seconds left.\n|\n|t:|1699830097\n|move|p2a: Garchomp|Dragon Claw|p1a: Dondozo\n|-damage|p1a: Dondozo|64\/100 slp\n|cant|p1a: Dondozo|slp\n|move|p1a: Dondozo|Sleep Talk|p1a: Dondozo\n|move|p1a: Dondozo|Rest||[from]move: Sleep Talk|[still]\n|-fail|p1a: Dondozo\n|\n|-heal|p2a: Garchomp|92\/100|[from] item: Leftovers\n|upkeep\n|turn|48\n|inactive|MakoSharkBites has 120 seconds left.\n|\n|t:|1699830115\n|switch|p2a: Landorus|Landorus-Therian, M|85\/100\n|-ability|p2a: Landorus|Intimidate|boost\n|-unboost|p1a: Dondozo|atk|1\n|-curestatus|p1a: Dondozo|slp|[msg]\n|move|p1a: Dondozo|Sleep Talk||[still]\n|-fail|p1a: Dondozo\n|\n|-heal|p2a: Landorus|91\/100|[from] item: Leftovers\n|upkeep\n|turn|49\n|inactive|MakoSharkBites has 120 seconds left.\n|\n|t:|1699830131\n|move|p2a: Landorus|U-turn|p1a: Dondozo\n|-damage|p1a: Dondozo|52\/100\n|\n|t:|1699830135\n|switch|p2a: Garchomp|Garchomp, F, tera:Fairy|92\/100|[from] U-turn\n|-damage|p2a: Garchomp|79\/100|[from] Spikes\n|move|p1a: Dondozo|Liquidation|p2a: Garchomp\n|-damage|p2a: Garchomp|59\/100\n|-damage|p1a: Dondozo|40\/100|[from] ability: Rough Skin|[of] p2a: Garchomp\n|\n|-heal|p2a: Garchomp|65\/100|[from] item: Leftovers\n|upkeep\n|turn|50\n|\n|t:|1699830145\n|move|p2a: Garchomp|Earthquake|p1a: Dondozo\n|-crit|p1a: Dondozo\n|-damage|p1a: Dondozo|4\/100\n|move|p1a: Dondozo|Rest|p1a: Dondozo\n|-status|p1a: Dondozo|slp|[from] move: Rest\n|-heal|p1a: Dondozo|100\/100 slp|[silent]\n|\n|-heal|p2a: Garchomp|72\/100|[from] item: Leftovers\n|upkeep\n|turn|51\n|\n|t:|1699830155\n|switch|p2a: Landorus|Landorus-Therian, M|91\/100\n|-ability|p2a: Landorus|Intimidate|boost\n|-unboost|p1a: Dondozo|atk|1\n|switch|p1a: Alomomola|Alomomola, F, tera:Flying|100\/100\n|\n|-heal|p2a: Landorus|97\/100|[from] item: Leftovers\n|upkeep\n|turn|52\n|\n|t:|1699830167\n|move|p2a: Landorus|U-turn|p1a: Alomomola\n|-resisted|p1a: Alomomola\n|-damage|p1a: Alomomola|94\/100\n|\n|t:|1699830174\n|switch|p2a: Mamoswine|Mamoswine, M|63\/100|[from] U-turn\n|-damage|p2a: Mamoswine|51\/100|[from] Spikes\n|move|p1a: Alomomola|Wish|p1a: Alomomola\n|\n|upkeep\n|turn|53\n|\n|t:|1699830188\n|switch|p1a: Blissey|Blissey, F|100\/100\n|move|p2a: Mamoswine|Knock Off|p1a: Blissey\n|-damage|p1a: Blissey|49\/100\n|-enditem|p1a: Blissey|Heavy-Duty Boots|[from] move: Knock Off|[of] p2a: Mamoswine\n|\n|-heal|p1a: Blissey|90\/100|[from] move: Wish|[wisher] Alomomola\n|upkeep\n|turn|54\n|\n|t:|1699830197\n|switch|p2a: Landorus|Landorus-Therian, M|97\/100\n|-ability|p2a: Landorus|Intimidate|boost\n|-unboost|p1a: Blissey|atk|1\n|move|p1a: Blissey|Stealth Rock|p2a: Landorus\n|-sidestart|p2: MakoSharkBites|move: Stealth Rock\n|\n|-heal|p2a: Landorus|100\/100|[from] item: Leftovers\n|upkeep\n|turn|55\n|\n|t:|1699830206\n|switch|p1a: Alomomola|Alomomola, F, tera:Flying|100\/100\n|move|p2a: Landorus|Earthquake|p1a: Alomomola\n|-immune|p1a: Alomomola\n|\n|upkeep\n|turn|56\n|\n|t:|1699830214\n|move|p2a: Landorus|Fly||[still]\n|-prepare|p2a: Landorus|Fly\n|move|p1a: Alomomola|Scald|p2a: Landorus|[miss]\n|-miss|p1a: Alomomola|p2a: Landorus\n|\n|upkeep\n|turn|57\n|\n|t:|1699830221\n|move|p1a: Alomomola|Protect|p1a: Alomomola\n|-singleturn|p1a: Alomomola|Protect\n|move|p2a: Landorus|Fly|p1a: Alomomola|[from]lockedmove\n|-activate|p1a: Alomomola|move: Protect\n|\n|upkeep\n|turn|58\n|\n|t:|1699830230\n|move|p2a: Landorus|U-turn|p1a: Alomomola\n|-resisted|p1a: Alomomola\n|-damage|p1a: Alomomola|93\/100\n|\n|t:|1699830239\n|switch|p2a: Mamoswine|Mamoswine, M|51\/100|[from] U-turn\n|-damage|p2a: Mamoswine|38\/100|[from] Spikes\n|-damage|p2a: Mamoswine|26\/100|[from] Stealth Rock\n|move|p1a: Alomomola|Wish|p1a: Alomomola\n|\n|upkeep\n|turn|59\n|\n|t:|1699830255\n|switch|p1a: Clodsire|Clodsire, F|100\/100\n|-damage|p1a: Clodsire|94\/100|[from] Stealth Rock\n|move|p2a: Mamoswine|Knock Off|p1a: Clodsire\n|-damage|p1a: Clodsire|34\/100\n|-enditem|p1a: Clodsire|Leftovers|[from] move: Knock Off|[of] p2a: Mamoswine\n|\n|-heal|p1a: Clodsire|92\/100|[from] move: Wish|[wisher] Alomomola\n|upkeep\n|turn|60\n|\n|t:|1699830266\n|move|p2a: Mamoswine|Knock Off|p1a: Clodsire\n|-damage|p1a: Clodsire|56\/100\n|move|p1a: Clodsire|Spikes|p2a: Mamoswine\n|-sidestart|p2: MakoSharkBites|Spikes\n|\n|upkeep\n|turn|61\n|\n|t:|1699830273\n|move|p2a: Mamoswine|Knock Off|p1a: Clodsire\n|-damage|p1a: Clodsire|17\/100\n|move|p1a: Clodsire|Spikes|p2a: Mamoswine\n|-sidestart|p2: MakoSharkBites|Spikes\n|\n|upkeep\n|turn|62\n|\n|t:|1699830296\n|switch|p1a: Blissey|Blissey, F|90\/100\n|-damage|p1a: Blissey|78\/100|[from] Stealth Rock\n|move|p2a: Mamoswine|Knock Off|p1a: Blissey\n|-damage|p1a: Blissey|40\/100\n|\n|upkeep\n|turn|63\n|\n|t:|1699830302\n|move|p2a: Mamoswine|Knock Off|p1a: Blissey\n|-damage|p1a: Blissey|6\/100\n|move|p1a: Blissey|Soft-Boiled|p1a: Blissey\n|-heal|p1a: Blissey|56\/100\n|\n|upkeep\n|turn|64\n|\n|t:|1699830308\n|move|p2a: Mamoswine|Knock Off|p1a: Blissey\n|-damage|p1a: Blissey|20\/100\n|move|p1a: Blissey|Soft-Boiled|p1a: Blissey\n|-heal|p1a: Blissey|70\/100\n|\n|upkeep\n|turn|65\n|inactive|MakoSharkBites has 120 seconds left.\n|\n|t:|1699830363\n|move|p2a: Mamoswine|Knock Off|p1a: Blissey\n|-damage|p1a: Blissey|34\/100\n|move|p1a: Blissey|Soft-Boiled|p1a: Blissey\n|-heal|p1a: Blissey|84\/100\n|\n|upkeep\n|turn|66\n|\n|t:|1699830371\n|move|p2a: Mamoswine|Knock Off|p1a: Blissey\n|-damage|p1a: Blissey|49\/100\n|move|p1a: Blissey|Seismic Toss|p2a: Mamoswine\n|-damage|p2a: Mamoswine|0 fnt\n|faint|p2a: Mamoswine\n|\n|upkeep\n|\n|t:|1699830383\n|switch|p2a: Great Tusk|Great Tusk, shiny|100\/100\n|-damage|p2a: Great Tusk|76\/100|[from] Spikes\n|-damage|p2a: Great Tusk|73\/100|[from] Stealth Rock\n|-enditem|p2a: Great Tusk|Booster Energy\n|-activate|p2a: Great Tusk|ability: Protosynthesis|[fromitem]\n|-start|p2a: Great Tusk|protosynthesisspe\n|turn|67\n|\n|t:|1699830402\n|switch|p1a: Dondozo|Dondozo, M|100\/100 slp\n|move|p2a: Great Tusk|Bulk Up|p2a: Great Tusk\n|-boost|p2a: Great Tusk|atk|1\n|-boost|p2a: Great Tusk|def|1\n|\n|upkeep\n|turn|68\n|\n|t:|1699830410\n|move|p2a: Great Tusk|Knock Off|p1a: Dondozo\n|-damage|p1a: Dondozo|89\/100 slp\n|-enditem|p1a: Dondozo|Heavy-Duty Boots|[from] move: Knock Off|[of] p2a: Great Tusk\n|cant|p1a: Dondozo|slp\n|move|p1a: Dondozo|Sleep Talk|p1a: Dondozo\n|move|p1a: Dondozo|Liquidation|p2a: Great Tusk|[from]move: Sleep Talk\n|-supereffective|p2a: Great Tusk\n|-crit|p2a: Great Tusk\n|-damage|p2a: Great Tusk|19\/100\n|-unboost|p2a: Great Tusk|def|1\n|\n|upkeep\n|turn|69\n|\n|t:|1699830422\n|move|p2a: Great Tusk|Earthquake|p1a: Dondozo\n|-damage|p1a: Dondozo|70\/100 slp\n|cant|p1a: Dondozo|slp\n|move|p1a: Dondozo|Sleep Talk|p1a: Dondozo\n|move|p1a: Dondozo|Body Press|p2a: Great Tusk|[from]move: Sleep Talk\n|-damage|p2a: Great Tusk|0 fnt\n|faint|p2a: Great Tusk\n|-end|p2a: Great Tusk|Protosynthesis|[silent]\n|\n|upkeep\n|\n|t:|1699830431\n|switch|p2a: Landorus|Landorus-Therian, M|100\/100\n|-damage|p2a: Landorus|88\/100|[from] Stealth Rock\n|-ability|p2a: Landorus|Intimidate|boost\n|-unboost|p1a: Dondozo|atk|1\n|turn|70\n|\n|t:|1699830441\n|move|p2a: Landorus|Earthquake|p1a: Dondozo\n|-damage|p1a: Dondozo|45\/100 slp\n|-curestatus|p1a: Dondozo|slp|[msg]\n|move|p1a: Dondozo|Liquidation|p2a: Landorus\n|-supereffective|p2a: Landorus\n|-damage|p2a: Landorus|46\/100\n|-unboost|p2a: Landorus|def|1\n|\n|-heal|p2a: Landorus|52\/100|[from] item: Leftovers\n|upkeep\n|turn|71\n|c|\u2606lukci|frick it we wall\n|inactive|MakoSharkBites has 90 seconds left.\n|c|\u2606MakoSharkBites|i guess\n|inactive|MakoSharkBites has 60 seconds left.\n|c|\u2606MakoSharkBites|long drawn out unnecessary battles\n|\n|t:|1699830518\n|move|p2a: Landorus|Fly||[still]\n|-prepare|p2a: Landorus|Fly\n|move|p1a: Dondozo|Rest|p1a: Dondozo\n|-status|p1a: Dondozo|slp|[from] move: Rest\n|-heal|p1a: Dondozo|100\/100 slp|[silent]\n|\n|-heal|p2a: Landorus|58\/100|[from] item: Leftovers\n|upkeep\n|turn|72\n|inactive|MakoSharkBites has 30 seconds left.\n|c|\u2606lukci|hey, if you're that upset about stall you can just forfeit lol\n|inactive|MakoSharkBites has 20 seconds left.\n|inactive|MakoSharkBites has 15 seconds left.\n|inactive|MakoSharkBites has 10 seconds left.\n|\n|t:|1699830563\n|move|p2a: Landorus|Fly|p1a: Dondozo|[from]lockedmove\n|-damage|p1a: Dondozo|78\/100 slp\n|cant|p1a: Dondozo|slp\n|move|p1a: Dondozo|Sleep Talk|p1a: Dondozo\n|move|p1a: Dondozo|Body Press|p2a: Landorus|[from]move: Sleep Talk\n|-resisted|p2a: Landorus\n|-damage|p2a: Landorus|42\/100\n|\n|-heal|p2a: Landorus|48\/100|[from] item: Leftovers\n|upkeep\n|turn|73\n|inactive|MakoSharkBites has 20 seconds left this turn.\n|inactive|MakoSharkBites has 15 seconds left.\n|inactive|MakoSharkBites has 10 seconds left.\n|\n|t:|1699830573\n|move|p2a: Landorus|Fly||[still]\n|-prepare|p2a: Landorus|Fly\n|cant|p1a: Dondozo|slp\n|move|p1a: Dondozo|Sleep Talk|p1a: Dondozo\n|move|p1a: Dondozo|Body Press|p2a: Landorus|[from]move: Sleep Talk|[miss]\n|-miss|p1a: Dondozo|p2a: Landorus\n|\n|-heal|p2a: Landorus|54\/100|[from] item: Leftovers\n|upkeep\n|turn|74\n|inactive|MakoSharkBites has 20 seconds left this turn.\n|inactive|MakoSharkBites has 15 seconds left.\n|inactive|MakoSharkBites has 10 seconds left.\n|\n|t:|1699830584\n|move|p2a: Landorus|Fly|p1a: Dondozo|[from]lockedmove\n|-damage|p1a: Dondozo|56\/100 slp\n|-curestatus|p1a: Dondozo|slp|[msg]\n|move|p1a: Dondozo|Sleep Talk||[still]\n|-fail|p1a: Dondozo\n|\n|-heal|p2a: Landorus|60\/100|[from] item: Leftovers\n|upkeep\n|turn|75\n|inactive|MakoSharkBites has 20 seconds left this turn.\n|inactive|MakoSharkBites has 15 seconds left.\n|\n|t:|1699830591\n|move|p2a: Landorus|Fly||[still]\n|-prepare|p2a: Landorus|Fly\n|move|p1a: Dondozo|Rest|p1a: Dondozo\n|-status|p1a: Dondozo|slp|[from] move: Rest\n|-heal|p1a: Dondozo|100\/100 slp|[silent]\n|\n|-heal|p2a: Landorus|66\/100|[from] item: Leftovers\n|upkeep\n|turn|76\n|inactive|MakoSharkBites has 25 seconds left this turn.\n|inactive|MakoSharkBites has 20 seconds left.\n|inactive|MakoSharkBites has 15 seconds left.\n|c|\u2606MakoSharkBites|no one gets upset of useless players lol\n|inactive|MakoSharkBites has 10 seconds left.\n|\n|t:|1699830609\n|move|p2a: Landorus|Fly|p1a: Dondozo|[from]lockedmove\n|-damage|p1a: Dondozo|78\/100 slp\n|cant|p1a: Dondozo|slp\n|move|p1a: Dondozo|Sleep Talk|p1a: Dondozo\n|move|p1a: Dondozo|Body Press|p2a: Landorus|[from]move: Sleep Talk\n|-resisted|p2a: Landorus\n|-damage|p2a: Landorus|49\/100\n|\n|-heal|p2a: Landorus|55\/100|[from] item: Leftovers\n|upkeep\n|turn|77\n|inactive|MakoSharkBites has 20 seconds left this turn.\n|inactive|MakoSharkBites has 15 seconds left.\n|\n|t:|1699830622\n|move|p2a: Landorus|Fly||[still]\n|-prepare|p2a: Landorus|Fly\n|cant|p1a: Dondozo|slp\n|move|p1a: Dondozo|Sleep Talk|p1a: Dondozo\n|move|p1a: Dondozo|Rest||[from]move: Sleep Talk|[still]\n|-fail|p1a: Dondozo\n|\n|-heal|p2a: Landorus|61\/100|[from] item: Leftovers\n|upkeep\n|turn|78\n|inactive|MakoSharkBites has 25 seconds left this turn.\n|inactive|MakoSharkBites has 20 seconds left.\n|inactive|lukci has 120 seconds left.\n|c|\u2606lukci|bro you brought a mono ground team to an ou match, you cant be talking bout useless\n|\n|t:|1699830657\n|move|p2a: Landorus|Fly|p1a: Dondozo|[from]lockedmove\n|-damage|p1a: Dondozo|57\/100 slp\n|-curestatus|p1a: Dondozo|slp|[msg]\n|move|p1a: Dondozo|Sleep Talk||[still]\n|-fail|p1a: Dondozo\n|\n|-heal|p2a: Landorus|67\/100|[from] item: Leftovers\n|upkeep\n|turn|79\n|inactive|MakoSharkBites has 30 seconds left this turn.\n|inactive|lukci has 120 seconds left.\n|inactive|MakoSharkBites has 20 seconds left.\n|c|\u2606MakoSharkBites|you shoulve been won\n|inactive|MakoSharkBites has 15 seconds left.\n|\n|t:|1699830674\n|move|p2a: Landorus|Fly||[still]\n|-prepare|p2a: Landorus|Fly\n|move|p1a: Dondozo|Liquidation|p2a: Landorus|[miss]\n|-miss|p1a: Dondozo|p2a: Landorus\n|\n|-heal|p2a: Landorus|73\/100|[from] item: Leftovers\n|upkeep\n|turn|80\n|inactive|MakoSharkBites has 25 seconds left this turn.\n|inactive|MakoSharkBites has 20 seconds left.\n|inactive|MakoSharkBites has 15 seconds left.\n|c|\u2606MakoSharkBites|not my fault you dont know how to play the game\n|inactive|MakoSharkBites has 10 seconds left.\n|\n|t:|1699830690\n|move|p2a: Landorus|Fly|p1a: Dondozo|[from]lockedmove\n|-damage|p1a: Dondozo|35\/100\n|move|p1a: Dondozo|Rest|p1a: Dondozo\n|-status|p1a: Dondozo|slp|[from] move: Rest\n|-heal|p1a: Dondozo|100\/100 slp|[silent]\n|\n|-heal|p2a: Landorus|79\/100|[from] item: Leftovers\n|upkeep\n|turn|81\n|inactive|MakoSharkBites has 20 seconds left this turn.\n|inactive|MakoSharkBites has 15 seconds left.\n|c|\u2606lukci|that's why i'm beating you then? lmao\n|inactive|lukci has 120 seconds left.\n|\n|t:|1699830711\n|move|p2a: Landorus|Fly||[still]\n|-prepare|p2a: Landorus|Fly\n|cant|p1a: Dondozo|slp\n|move|p1a: Dondozo|Sleep Talk|p1a: Dondozo\n|move|p1a: Dondozo|Body Press|p2a: Landorus|[from]move: Sleep Talk|[miss]\n|-miss|p1a: Dondozo|p2a: Landorus\n|\n|-heal|p2a: Landorus|85\/100|[from] item: Leftovers\n|upkeep\n|turn|82\n|inactive|MakoSharkBites has 25 seconds left this turn.\n|inactive|MakoSharkBites has 20 seconds left.\n|inactive|MakoSharkBites has 15 seconds left.\n|inactive|MakoSharkBites has 10 seconds left.\n|c|\u2606MakoSharkBites|yeah youre trying im having fun\n|\n|t:|1699830731\n|move|p2a: Landorus|Fly|p1a: Dondozo|[from]lockedmove\n|-damage|p1a: Dondozo|78\/100 slp\n|cant|p1a: Dondozo|slp\n|move|p1a: Dondozo|Sleep Talk|p1a: Dondozo\n|move|p1a: Dondozo|Body Press|p2a: Landorus|[from]move: Sleep Talk\n|-resisted|p2a: Landorus\n|-damage|p2a: Landorus|68\/100\n|\n|-heal|p2a: Landorus|74\/100|[from] item: Leftovers\n|upkeep\n|turn|83\n|inactive|MakoSharkBites has 20 seconds left this turn.\n|inactive|MakoSharkBites has 15 seconds left.\n|c|\u2606MakoSharkBites|and this isnt mono\n|inactive|MakoSharkBites has 10 seconds left.\n|c|\u2606MakoSharkBites|someone doesnt know pokemon\n|inactive|MakoSharkBites has 5 seconds left.\n|inactive|lukci has 120 seconds left.\n|c|\u2606lukci|yeah, thats why you lost bro, you don't know pkmn\n|\n|t:|1699830763\n|move|p2a: Landorus|Fly||[still]\n|-prepare|p2a: Landorus|Fly\n|-curestatus|p1a: Dondozo|slp|[msg]\n|move|p1a: Dondozo|Sleep Talk||[still]\n|-fail|p1a: Dondozo\n|\n|-heal|p2a: Landorus|79\/100|[from] item: Leftovers\n|upkeep\n|turn|84\n|inactive|MakoSharkBites has 15 seconds left this turn.\n|inactive|MakoSharkBites has 10 seconds left.\n|inactive|MakoSharkBites has 5 seconds left.\n|c|\u2606MakoSharkBites|when did conceldurr become ground?\n|\n|t:|1699830777\n|move|p2a: Landorus|Fly|p1a: Dondozo|[from]lockedmove\n|-damage|p1a: Dondozo|55\/100\n|move|p1a: Dondozo|Liquidation|p2a: Landorus\n|-supereffective|p2a: Landorus\n|-damage|p2a: Landorus|37\/100\n|\n|-heal|p2a: Landorus|43\/100|[from] item: Leftovers\n|upkeep\n|turn|85\n|inactive|MakoSharkBites has 15 seconds left this turn.\n|inactive|MakoSharkBites has 10 seconds left.\n|\n|t:|1699830786\n|move|p2a: Landorus|Fly||[still]\n|-prepare|p2a: Landorus|Fly\n|move|p1a: Dondozo|Rest|p1a: Dondozo\n|-status|p1a: Dondozo|slp|[from] move: Rest\n|-heal|p1a: Dondozo|100\/100 slp|[silent]\n|\n|-heal|p2a: Landorus|49\/100|[from] item: Leftovers\n|upkeep\n|turn|86\n|inactive|MakoSharkBites has 20 seconds left this turn.\n|inactive|MakoSharkBites has 15 seconds left.\n|\n|t:|1699830794\n|switch|p1a: Alomomola|Alomomola, F, tera:Flying|100\/100\n|move|p2a: Landorus|Fly|p1a: Alomomola|[from]lockedmove\n|-damage|p1a: Alomomola|74\/100\n|\n|-heal|p2a: Landorus|55\/100|[from] item: Leftovers\n|upkeep\n|turn|87\n|inactive|MakoSharkBites has 20 seconds left this turn.\n|inactive|MakoSharkBites has 15 seconds left.\n|inactive|MakoSharkBites has 10 seconds left.\n|\n|t:|1699830804\n|move|p2a: Landorus|Fly||[still]\n|-prepare|p2a: Landorus|Fly\n|move|p1a: Alomomola|Wish|p1a: Alomomola\n|\n|-heal|p2a: Landorus|61\/100|[from] item: Leftovers\n|upkeep\n|turn|88\n|inactive|MakoSharkBites has 15 seconds left this turn.\n|\n|t:|1699830808\n|move|p1a: Alomomola|Protect|p1a: Alomomola\n|-singleturn|p1a: Alomomola|Protect\n|move|p2a: Landorus|Fly|p1a: Alomomola|[from]lockedmove\n|-activate|p1a: Alomomola|move: Protect\n|\n|-heal|p1a: Alomomola|100\/100|[from] move: Wish|[wisher] Alomomola\n|-heal|p2a: Landorus|67\/100|[from] item: Leftovers\n|upkeep\n|turn|89\n|inactive|MakoSharkBites has 20 seconds left this turn.\n|inactive|MakoSharkBites has 15 seconds left.\n|\n|t:|1699830817\n|move|p2a: Landorus|Fly||[still]\n|-prepare|p2a: Landorus|Fly\n|move|p1a: Alomomola|Scald|p2a: Landorus|[miss]\n|-miss|p1a: Alomomola|p2a: Landorus\n|\n|-heal|p2a: Landorus|73\/100|[from] item: Leftovers\n|upkeep\n|turn|90\n|inactive|MakoSharkBites has 20 seconds left this turn.\n|inactive|MakoSharkBites has 15 seconds left.\n|\n|t:|1699830824\n|move|p2a: Landorus|Fly|p1a: Alomomola|[from]lockedmove\n|-damage|p1a: Alomomola|73\/100\n|move|p1a: Alomomola|Scald|p2a: Landorus\n|-supereffective|p2a: Landorus\n|-damage|p2a: Landorus|41\/100\n|\n|-heal|p2a: Landorus|47\/100|[from] item: Leftovers\n|upkeep\n|turn|91\n|inactive|MakoSharkBites has 20 seconds left this turn.\n|inactive|MakoSharkBites has 15 seconds left.\n|c|\u2606MakoSharkBites|oh ok\n|\n|t:|1699830832\n|move|p2a: Landorus|Fly||[still]\n|-prepare|p2a: Landorus|Fly\n|move|p1a: Alomomola|Wish|p1a: Alomomola\n|\n|-heal|p2a: Landorus|53\/100|[from] item: Leftovers\n|upkeep\n|turn|92\n|inactive|MakoSharkBites has 20 seconds left this turn.\n|\n|t:|1699830842\n|move|p2a: Landorus|Fly|p1a: Alomomola|[from]lockedmove\n|-damage|p1a: Alomomola|47\/100\n|move|p1a: Alomomola|Scald|p2a: Landorus\n|-supereffective|p2a: Landorus\n|-damage|p2a: Landorus|21\/100\n|-status|p2a: Landorus|brn\n|\n|-heal|p1a: Alomomola|97\/100|[from] move: Wish|[wisher] Alomomola\n|-heal|p2a: Landorus|27\/100 brn|[from] item: Leftovers\n|-damage|p2a: Landorus|21\/100 brn|[from] brn\n|upkeep\n|turn|93\n|inactive|MakoSharkBites has 25 seconds left this turn.\n|inactive|MakoSharkBites has 20 seconds left.\n|inactive|MakoSharkBites has 15 seconds left.\n|\n|t:|1699830853\n|move|p2a: Landorus|Fly||[still]\n|-prepare|p2a: Landorus|Fly\n|move|p1a: Alomomola|Wish|p1a: Alomomola\n|\n|-heal|p2a: Landorus|27\/100 brn|[from] item: Leftovers\n|-damage|p2a: Landorus|21\/100 brn|[from] brn\n|upkeep\n|turn|94\n|inactive|MakoSharkBites has 20 seconds left this turn.\n|inactive|MakoSharkBites has 15 seconds left.\n|\n|t:|1699830859\n|move|p2a: Landorus|Fly|p1a: Alomomola|[from]lockedmove\n|-damage|p1a: Alomomola|85\/100\n|move|p1a: Alomomola|Scald|p2a: Landorus\n|-supereffective|p2a: Landorus\n|-damage|p2a: Landorus|0 fnt\n|faint|p2a: Landorus\n|\n|-heal|p1a: Alomomola|100\/100|[from] move: Wish|[wisher] Alomomola\n|upkeep\n|inactive|MakoSharkBites has 20 seconds left this turn.\n|inactive|MakoSharkBites has 15 seconds left.\n|\n|t:|1699830868\n|switch|p2a: Garchomp|Garchomp, F, tera:Fairy|72\/100\n|-damage|p2a: Garchomp|47\/100|[from] Spikes\n|-damage|p2a: Garchomp|34\/100|[from] Stealth Rock\n|turn|95\n|inactive|MakoSharkBites has 20 seconds left this turn.\n|inactive|MakoSharkBites has 15 seconds left.\n|\n|t:|1699830877\n|move|p2a: Garchomp|Iron Head|p1a: Alomomola\n|-damage|p1a: Alomomola|85\/100\n|move|p1a: Alomomola|Scald|p2a: Garchomp\n|-damage|p2a: Garchomp|20\/100\n|-status|p2a: Garchomp|brn\n|\n|-heal|p2a: Garchomp|26\/100 brn|[from] item: Leftovers\n|-damage|p2a: Garchomp|20\/100 brn|[from] brn\n|upkeep\n|turn|96\n|inactive|MakoSharkBites has 20 seconds left this turn.\n|inactive|MakoSharkBites has 15 seconds left.\n|\n|t:|1699830886\n|move|p2a: Garchomp|Iron Head|p1a: Alomomola\n|-damage|p1a: Alomomola|77\/100\n|move|p1a: Alomomola|Scald|p2a: Garchomp\n|-damage|p2a: Garchomp|6\/100 brn\n|\n|-heal|p2a: Garchomp|12\/100 brn|[from] item: Leftovers\n|-damage|p2a: Garchomp|6\/100 brn|[from] brn\n|upkeep\n|turn|97\n|inactive|MakoSharkBites has 20 seconds left this turn.\n|c|\u2606lukci|gg very very ez\n|inactive|MakoSharkBites has 15 seconds left.\n|inactive|MakoSharkBites has 10 seconds left.\n|inactive|MakoSharkBites has 5 seconds left.\n|c|\u2606MakoSharkBites|huh?\n|\n|t:|1699830905\n|move|p2a: Garchomp|Dragon Claw|p1a: Alomomola\n|-damage|p1a: Alomomola|66\/100\n|move|p1a: Alomomola|Scald|p2a: Garchomp\n|-damage|p2a: Garchomp|0 fnt\n|faint|p2a: Garchomp\n|\n|win|lukci\n|inactive|MakoSharkBites has 10 seconds left this turn.\n|raw|lukci's rating: 1197 &rarr; <strong>1221<\/strong><br \/>(+24 for winning)\n|raw|MakoSharkBites's rating: 1179 &rarr; <strong>1155<\/strong><br \/>(-24 for losing)\n","uploadtime":1699830914,"views":16,"p1id":"lukci","p2id":"makosharkbites","formatid":"gen9ou","rating":1155,"private":0,"password":""}