{"id":"gen9ou-2000226912","p1":"jzhuc1841","p2":"chaewonlover","format":"[Gen 9] OU","log":"|j|\u2606jzhuc1841\n|j|\u2606chaewonlover\n|t:|1701174737\n|gametype|singles\n|player|p1|jzhuc1841|hilbert-wonderlauncher|1612\n|player|p2|chaewonlover|alder|1519\n|teamsize|p1|6\n|teamsize|p2|6\n|gen|9\n|tier|[Gen 9] OU\n|rated|\n|rule|Sleep Clause Mod: Limit one foe put to sleep\n|rule|Species Clause: Limit one of each Pok\u00e9mon\n|rule|OHKO Clause: OHKO moves are banned\n|rule|Evasion Items Clause: Evasion items are banned\n|rule|Evasion Moves Clause: Evasion moves are banned\n|rule|Endless Battle Clause: Forcing endless battles is banned\n|rule|HP Percentage Mod: HP is shown in percentages\n|clearpoke\n|poke|p1|Ogerpon-Wellspring, F|\n|poke|p1|Kingambit, M|\n|poke|p1|Iron Moth|\n|poke|p1|Iron Valiant|\n|poke|p1|Zamazenta-*|\n|poke|p1|Glimmora, F|\n|poke|p2|Maushold-Four|\n|poke|p2|Ninetales-Alola, M|\n|poke|p2|Dragapult, F|\n|poke|p2|Gholdengo|\n|poke|p2|Iron Valiant|\n|poke|p2|Glimmora, M|\n|teampreview\n|\n|t:|1701174744\n|start\n|switch|p1a: Glimmora|Glimmora, F|100\/100\n|switch|p2a: hi|Glimmora, M|100\/100\n|-item|p1a: Glimmora|Air Balloon\n|turn|1\n|\n|t:|1701174748\n|move|p2a: hi|Earth Power|p1a: Glimmora\n|-immune|p1a: Glimmora\n|move|p1a: Glimmora|Earth Power|p2a: hi\n|-supereffective|p2a: hi\n|-enditem|p2a: hi|Focus Sash\n|-damage|p2a: hi|1\/100\n|\n|upkeep\n|turn|2\n|\n|t:|1701174756\n|move|p1a: Glimmora|Mortal Spin|p2a: hi\n|-resisted|p2a: hi\n|-damage|p2a: hi|0 fnt\n|-activate|p2a: hi|ability: Toxic Debris\n|-sidestart|p1: jzhuc1841|move: Toxic Spikes\n|-sideend|p1: jzhuc1841|Toxic Spikes|[from] move: Mortal Spin|[of] p1a: Glimmora\n|faint|p2a: hi\n|\n|upkeep\n|\n|t:|1701174762\n|switch|p2a: gholdengyatt|Gholdengo|100\/100\n|-item|p2a: gholdengyatt|Air Balloon\n|turn|3\n|\n|t:|1701174766\n|switch|p1a: Iron Moth|Iron Moth|100\/100\n|-enditem|p1a: Iron Moth|Booster Energy\n|-activate|p1a: Iron Moth|ability: Quark Drive|[fromitem]\n|-start|p1a: Iron Moth|quarkdrivespe\n|move|p2a: gholdengyatt|Shadow Ball|p1a: Iron Moth\n|-damage|p1a: Iron Moth|48\/100\n|-unboost|p1a: Iron Moth|spd|1\n|\n|upkeep\n|turn|4\n|\n|t:|1701174774\n|move|p1a: Iron Moth|Fiery Dance|p2a: gholdengyatt\n|-supereffective|p2a: gholdengyatt\n|-damage|p2a: gholdengyatt|27\/100\n|-boost|p1a: Iron Moth|spa|1\n|-enditem|p2a: gholdengyatt|Air Balloon\n|move|p2a: gholdengyatt|Shadow Ball|p1a: Iron Moth\n|-damage|p1a: Iron Moth|0 fnt\n|faint|p1a: Iron Moth\n|-end|p1a: Iron Moth|Quark Drive|[silent]\n|\n|upkeep\n|\n|t:|1701174781\n|switch|p1a: Glimmora|Glimmora, F|100\/100\n|-item|p1a: Glimmora|Air Balloon\n|turn|5\n|\n|t:|1701174784\n|move|p1a: Glimmora|Earth Power|p2a: gholdengyatt\n|-supereffective|p2a: gholdengyatt\n|-damage|p2a: gholdengyatt|0 fnt\n|faint|p2a: gholdengyatt\n|\n|upkeep\n|\n|t:|1701174790\n|switch|p2a: pew pew|Dragapult, F|100\/100\n|turn|6\n|\n|t:|1701174794\n|move|p2a: pew pew|Substitute|p2a: pew pew\n|-start|p2a: pew pew|Substitute\n|-damage|p2a: pew pew|76\/100\n|move|p1a: Glimmora|Mortal Spin|p2a: pew pew\n|-resisted|p2a: pew pew\n|-activate|p2a: pew pew|move: Substitute|[damage]\n|\n|-heal|p2a: pew pew|82\/100|[from] item: Leftovers\n|upkeep\n|turn|7\n|\n|t:|1701174799\n|move|p2a: pew pew|Dragon Dance|p2a: pew pew\n|-boost|p2a: pew pew|atk|1\n|-boost|p2a: pew pew|spe|1\n|move|p1a: Glimmora|Earth Power|p2a: pew pew\n|-end|p2a: pew pew|Substitute\n|\n|-heal|p2a: pew pew|88\/100|[from] item: Leftovers\n|upkeep\n|turn|8\n|\n|t:|1701174805\n|move|p2a: pew pew|Substitute|p2a: pew pew\n|-start|p2a: pew pew|Substitute\n|-damage|p2a: pew pew|63\/100\n|move|p1a: Glimmora|Earth Power|p2a: pew pew\n|-end|p2a: pew pew|Substitute\n|\n|-heal|p2a: pew pew|69\/100|[from] item: Leftovers\n|upkeep\n|turn|9\n|\n|t:|1701174810\n|move|p2a: pew pew|Dragon Darts|p1a: Glimmora\n|-damage|p1a: Glimmora|50\/100\n|-activate|p1a: Glimmora|ability: Toxic Debris\n|-sidestart|p2: chaewonlover|move: Toxic Spikes\n|-enditem|p1a: Glimmora|Air Balloon\n|-anim|p2a: pew pew|Dragon Darts|p1a: Glimmora\n|-damage|p1a: Glimmora|2\/100\n|-activate|p1a: Glimmora|ability: Toxic Debris\n|-sidestart|p2: chaewonlover|move: Toxic Spikes\n|move|p1a: Glimmora|Earth Power|p2a: pew pew\n|-damage|p2a: pew pew|26\/100\n|\n|-heal|p2a: pew pew|32\/100|[from] item: Leftovers\n|upkeep\n|turn|10\n|inactive|Battle timer is ON: inactive players will automatically lose when time's up. (requested by chaewonlover)\n|\n|t:|1701174825\n|move|p2a: pew pew|Dragon Darts|p1a: Glimmora\n|-damage|p1a: Glimmora|0 fnt\n|faint|p1a: Glimmora\n|\n|-heal|p2a: pew pew|38\/100|[from] item: Leftovers\n|upkeep\n|\n|t:|1701174829\n|switch|p1a: Kingambit|Kingambit, M|100\/100\n|-activate|p1a: Kingambit|ability: Supreme Overlord\n|-start|p1a: Kingambit|fallen2|[silent]\n|turn|11\n|\n|t:|1701174833\n|switch|p2a: 9blud|Ninetales-Alola, M|100\/100\n|-status|p2a: 9blud|tox\n|-weather|Snow|[from] ability: Snow Warning|[of] p2a: 9blud\n|move|p1a: Kingambit|Iron Head|p2a: 9blud\n|-supereffective|p2a: 9blud\n|-damage|p2a: 9blud|0 fnt\n|faint|p2a: 9blud\n|\n|-weather|Snow|[upkeep]\n|upkeep\n|\n|t:|1701174836\n|switch|p2a: it's mouver|Maushold-Four|100\/100\n|-status|p2a: it's mouver|tox\n|turn|12\n|\n|t:|1701174845\n|move|p2a: it's mouver|Low Kick|p1a: Kingambit\n|-supereffective|p1a: Kingambit\n|-damage|p1a: Kingambit|31\/100\n|move|p1a: Kingambit|Iron Head|p2a: it's mouver\n|-damage|p2a: it's mouver|23\/100 tox\n|\n|-weather|Snow|[upkeep]\n|-damage|p2a: it's mouver|16\/100 tox|[from] psn\n|upkeep\n|turn|13\n|\n|t:|1701174851\n|move|p1a: Kingambit|Sucker Punch||[still]\n|-fail|p1a: Kingambit\n|move|p2a: it's mouver|Tidy Up|p2a: it's mouver\n|-sideend|p2: chaewonlover|Toxic Spikes\n|-activate|p2a: it's mouver|move: Tidy Up\n|-boost|p2a: it's mouver|atk|1\n|-boost|p2a: it's mouver|spe|1\n|\n|-weather|Snow|[upkeep]\n|-damage|p2a: it's mouver|4\/100 tox|[from] psn\n|upkeep\n|turn|14\n|\n|t:|1701174857\n|switch|p2a: pew pew|Dragapult, F|38\/100\n|move|p1a: Kingambit|Sucker Punch||[still]\n|-fail|p1a: Kingambit\n|\n|-weather|Snow|[upkeep]\n|-heal|p2a: pew pew|44\/100|[from] item: Leftovers\n|upkeep\n|turn|15\n|\n|t:|1701174862\n|move|p2a: pew pew|Dragon Darts|p1a: Kingambit\n|-resisted|p1a: Kingambit\n|-damage|p1a: Kingambit|21\/100\n|-anim|p2a: pew pew|Dragon Darts|p1a: Kingambit\n|-resisted|p1a: Kingambit\n|-damage|p1a: Kingambit|11\/100\n|move|p1a: Kingambit|Kowtow Cleave|p2a: pew pew\n|-supereffective|p2a: pew pew\n|-damage|p2a: pew pew|0 fnt\n|faint|p2a: pew pew\n|\n|-weather|none\n|upkeep\n|\n|t:|1701174866\n|switch|p2a: moonblaster|Iron Valiant|100\/100\n|-enditem|p2a: moonblaster|Booster Energy\n|-activate|p2a: moonblaster|ability: Quark Drive|[fromitem]\n|-start|p2a: moonblaster|quarkdrivespe\n|turn|16\n|\n|t:|1701174870\n|move|p2a: moonblaster|Swords Dance|p2a: moonblaster\n|-boost|p2a: moonblaster|atk|2\n|move|p1a: Kingambit|Iron Head|p2a: moonblaster\n|-supereffective|p2a: moonblaster\n|-damage|p2a: moonblaster|0 fnt\n|faint|p2a: moonblaster\n|-end|p2a: moonblaster|Quark Drive|[silent]\n|\n|upkeep\n|-message|chaewonlover forfeited.\n|\n|win|jzhuc1841\n|raw|jzhuc1841's rating: 1612 &rarr; <strong>1627<\/strong><br \/>(+15 for winning)\n|raw|chaewonlover's rating: 1519 &rarr; <strong>1504<\/strong><br \/>(-15 for losing)\n|l|\u2606chaewonlover\n","uploadtime":1701174881,"views":4,"p1id":"jzhuc1841","p2id":"chaewonlover","formatid":"gen9ou","rating":1504,"private":0,"password":""}