{"id":"gen9ou-1993373666","p1":"F8S","p2":"tomisginger","format":"[Gen 9] OU","log":"|j|\u2606F8S\n|j|\u2606tomisginger\n|t:|1700308173\n|gametype|singles\n|player|p1|F8S|blue|\n|player|p2|tomisginger|alder|\n|teamsize|p1|6\n|teamsize|p2|6\n|gen|9\n|tier|[Gen 9] OU\n|rule|Sleep Clause Mod: Limit one foe put to sleep\n|rule|Species Clause: Limit one of each Pok\u00e9mon\n|rule|OHKO Clause: OHKO moves are banned\n|rule|Evasion Items Clause: Evasion items are banned\n|rule|Evasion Moves Clause: Evasion moves are banned\n|rule|Endless Battle Clause: Forcing endless battles is banned\n|rule|HP Percentage Mod: HP is shown in percentages\n|clearpoke\n|poke|p1|Greninja-*, F|\n|poke|p1|Clodsire, M|\n|poke|p1|Slowking, M|\n|poke|p1|Zoroark-Hisui, M|\n|poke|p1|Frosmoth, M|\n|poke|p1|Hariyama, M|\n|poke|p2|Ting-Lu|\n|poke|p2|Cresselia, F|\n|poke|p2|Fezandipiti, M|\n|poke|p2|Qwilfish-Hisui, F|\n|poke|p2|Breloom, M|\n|poke|p2|Floatzel, F|\n|teampreview\n|inactive|Battle timer is ON: inactive players will automatically lose when time's up. (requested by F8S)\n|j| Corbinc\n|inactive|F8S has 270 seconds left.\n|inactive|tomisginger has 270 seconds left.\n|\n|t:|1700308211\n|start\n|switch|p1a: Clodsire|Clodsire, M|100\/100\n|switch|p2a: Floatzel|Floatzel, F|100\/100\n|turn|1\n|j| Nikolobstar\n|\n|t:|1700308233\n|switch|p1a: Slowking|Slowking, M|100\/100\n|move|p2a: Floatzel|Flip Turn|p1a: Slowking\n|-resisted|p1a: Slowking\n|-damage|p1a: Slowking|90\/100\n|\n|t:|1700308248\n|switch|p2a: Qwilfish|Qwilfish-Hisui, F|100\/100|[from] Flip Turn\n|-ability|p2a: Qwilfish|Intimidate|boost\n|-unboost|p1a: Slowking|atk|1\n|\n|upkeep\n|turn|2\n|inactive|F8S has 270 seconds left.\n|\n|t:|1700308278\n|move|p2a: Qwilfish|Taunt|p1a: Slowking\n|-start|p1a: Slowking|move: Taunt\n|move|p1a: Slowking|Scald|p2a: Qwilfish\n|-damage|p2a: Qwilfish|73\/100\n|\n|upkeep\n|turn|3\n|inactive|F8S has 270 seconds left.\n|\n|t:|1700308289\n|switch|p1a: Clodsire|Clodsire, M|100\/100\n|move|p2a: Qwilfish|Spikes|p1a: Clodsire\n|-sidestart|p1: F8S|Spikes\n|\n|upkeep\n|turn|4\n|inactive|tomisginger has 270 seconds left.\n|\n|t:|1700308313\n|switch|p2a: Floatzel|Floatzel, F|100\/100\n|move|p1a: Clodsire|Earthquake|p2a: Floatzel\n|-damage|p2a: Floatzel|55\/100\n|\n|upkeep\n|turn|5\n|inactive|tomisginger has 270 seconds left.\n|l| Nikolobstar\n|\n|t:|1700308338\n|switch|p1a: Slowking|Slowking, M|100\/100\n|move|p2a: Floatzel|Flip Turn|p1a: Slowking\n|-resisted|p1a: Slowking\n|-damage|p1a: Slowking|88\/100\n|l|\u2606F8S\n|inactive|F8S disconnected and has 300 seconds to reconnect!\n|player|p1|\n|\n|t:|1700308349\n|switch|p2a: Breloom|Breloom, M|100\/100|[from] Flip Turn\n|\n|upkeep\n|turn|6\n|inactive|F8S has 270 seconds to reconnect!\n|inactive|F8S has 240 seconds to reconnect!\n|inactive|F8S has 210 seconds to reconnect!\n|inactive|F8S has 180 seconds to reconnect!\n|j|\u2606F8S\n|inactive|F8S reconnected and has 295 seconds left.\n|player|p1|F8S|blue\n|inactive|F8S has 270 seconds left.\n|\n|t:|1700308531\n|move|p2a: Breloom|Bullet Seed|p1a: Slowking\n|-supereffective|p1a: Slowking\n|-damage|p1a: Slowking|57\/100\n|-supereffective|p1a: Slowking\n|-damage|p1a: Slowking|25\/100\n|-supereffective|p1a: Slowking\n|-damage|p1a: Slowking|0 fnt\n|faint|p1a: Slowking\n|-hitcount|p1: Slowking|3\n|\n|upkeep\n|j| Nikolobstar\n|inactive|F8S has 240 seconds left.\n|inactiveoff|Battle timer is now OFF.\n|\n|t:|1700308553\n|switch|p1a: Clodsire|Clodsire, M|100\/100\n|-damage|p1a: Clodsire|88\/100|[from] Spikes\n|turn|7\n|\n|t:|1700308572\n|move|p1a: Clodsire|Flamethrower|p2a: Breloom\n|-supereffective|p2a: Breloom\n|-damage|p2a: Breloom|0 fnt\n|faint|p2a: Breloom\n|\n|upkeep\n|inactive|Battle timer is ON: inactive players will automatically lose when time's up. (requested by F8S)\n|\n|t:|1700308606\n|switch|p2a: Floatzel|Floatzel, F|55\/100\n|turn|8\n|inactive|F8S has 240 seconds left.\n|inactive|F8S has 210 seconds left.\n|\n|t:|1700308653\n|switch|p1a: Frosmoth|Frosmoth, M|100\/100\n|move|p2a: Floatzel|Flip Turn|p1a: Frosmoth\n|-crit|p1a: Frosmoth\n|-damage|p1a: Frosmoth|5\/100\n|\n|t:|1700308667\n|switch|p2a: Fezandipiti|Fezandipiti, M|100\/100|[from] Flip Turn\n|\n|upkeep\n|turn|9\n|inactive|F8S has 210 seconds left.\n|inactive|tomisginger has 240 seconds left.\n|inactive|F8S has 180 seconds left.\n|\n|t:|1700308728\n|move|p1a: Frosmoth|Ice Beam|p2a: Fezandipiti\n|-damage|p2a: Fezandipiti|76\/100\n|-status|p2a: Fezandipiti|frz\n|cant|p2a: Fezandipiti|frz\n|\n|-heal|p2a: Fezandipiti|82\/100 frz|[from] item: Leftovers\n|upkeep\n|turn|10\n|inactive|tomisginger has 240 seconds left.\n|\n|t:|1700308751\n|move|p1a: Frosmoth|Quiver Dance|p1a: Frosmoth\n|-boost|p1a: Frosmoth|spa|1\n|-boost|p1a: Frosmoth|spd|1\n|-boost|p1a: Frosmoth|spe|1\n|cant|p2a: Fezandipiti|frz\n|\n|-heal|p2a: Fezandipiti|88\/100 frz|[from] item: Leftovers\n|upkeep\n|turn|11\n|inactive|tomisginger has 240 seconds left.\n|\n|t:|1700308759\n|move|p1a: Frosmoth|Quiver Dance|p1a: Frosmoth\n|-boost|p1a: Frosmoth|spa|1\n|-boost|p1a: Frosmoth|spd|1\n|-boost|p1a: Frosmoth|spe|1\n|cant|p2a: Fezandipiti|frz\n|\n|-heal|p2a: Fezandipiti|94\/100 frz|[from] item: Leftovers\n|upkeep\n|turn|12\n|inactive|tomisginger has 240 seconds left.\n|\n|t:|1700308781\n|move|p1a: Frosmoth|Ice Beam|p2a: Fezandipiti\n|-damage|p2a: Fezandipiti|47\/100 frz\n|cant|p2a: Fezandipiti|frz\n|\n|-heal|p2a: Fezandipiti|53\/100 frz|[from] item: Leftovers\n|upkeep\n|turn|13\n|inactive|tomisginger has 240 seconds left.\n|\n|t:|1700308792\n|move|p1a: Frosmoth|Ice Beam|p2a: Fezandipiti\n|-damage|p2a: Fezandipiti|6\/100 frz\n|-curestatus|p2a: Fezandipiti|frz|[msg]\n|move|p2a: Fezandipiti|U-turn|p1a: Frosmoth\n|-damage|p1a: Frosmoth|0 fnt\n|faint|p1a: Frosmoth\n|inactive|tomisginger has 240 seconds left.\n|\n|t:|1700308801\n|switch|p2a: Qwilfish|Qwilfish-Hisui, F|73\/100|[from] U-turn\n|\n|upkeep\n|\n|t:|1700308816\n|switch|p1a: Greninja|Greninja, F|100\/100\n|-damage|p1a: Greninja|88\/100|[from] Spikes\n|turn|14\n|inactive|tomisginger has 240 seconds left.\n|\n|t:|1700308844\n|move|p1a: Greninja|U-turn|p2a: Qwilfish\n|-start|p1a: Greninja|typechange|Bug|[from] ability: Protean\n|-damage|p2a: Qwilfish|60\/100\n|\n|t:|1700308851\n|switch|p1a: Clodsire|Clodsire, M|100\/100|[from] U-turn\n|-damage|p1a: Clodsire|88\/100|[from] Spikes\n|move|p2a: Qwilfish|Barb Barrage|p1a: Clodsire\n|-resisted|p1a: Clodsire\n|-damage|p1a: Clodsire|85\/100\n|\n|-heal|p1a: Clodsire|91\/100|[from] item: Leftovers\n|upkeep\n|turn|15\n|inactive|tomisginger has 240 seconds left.\n|\n|t:|1700308873\n|move|p2a: Qwilfish|Taunt|p1a: Clodsire\n|-start|p1a: Clodsire|move: Taunt\n|move|p1a: Clodsire|Earthquake|p2a: Qwilfish\n|-supereffective|p2a: Qwilfish\n|-damage|p2a: Qwilfish|31\/100\n|\n|-heal|p1a: Clodsire|97\/100|[from] item: Leftovers\n|upkeep\n|turn|16\n|\n|t:|1700308879\n|move|p2a: Qwilfish|Spikes|p1a: Clodsire\n|-sidestart|p1: F8S|Spikes\n|move|p1a: Clodsire|Earthquake|p2a: Qwilfish\n|-supereffective|p2a: Qwilfish\n|-damage|p2a: Qwilfish|0 fnt\n|faint|p2a: Qwilfish\n|\n|-heal|p1a: Clodsire|100\/100|[from] item: Leftovers\n|upkeep\n|\n|t:|1700308891\n|switch|p2a: Cresselia|Cresselia, F|100\/100\n|turn|17\n|\n|t:|1700308914\n|move|p2a: Cresselia|Moonblast|p1a: Clodsire\n|-resisted|p1a: Clodsire\n|-damage|p1a: Clodsire|95\/100\n|move|p1a: Clodsire|Earthquake|p2a: Cresselia\n|-immune|p2a: Cresselia|[from] ability: Levitate\n|\n|-heal|p1a: Clodsire|100\/100|[from] item: Leftovers\n|-end|p1a: Clodsire|move: Taunt\n|upkeep\n|turn|18\n|\n|t:|1700308921\n|-terastallize|p2a: Cresselia|Poison\n|move|p2a: Cresselia|Calm Mind|p2a: Cresselia\n|-boost|p2a: Cresselia|spa|1\n|-boost|p2a: Cresselia|spd|1\n|move|p1a: Clodsire|Toxic|p2a: Cresselia\n|-immune|p2a: Cresselia\n|\n|upkeep\n|turn|19\n|inactive|tomisginger has 210 seconds left.\n|\n|t:|1700308951\n|switch|p1a: Greninja|Greninja, F|88\/100\n|-damage|p1a: Greninja|72\/100|[from] Spikes\n|move|p2a: Cresselia|Calm Mind|p2a: Cresselia\n|-boost|p2a: Cresselia|spa|1\n|-boost|p2a: Cresselia|spd|1\n|\n|upkeep\n|turn|20\n|\n|t:|1700308956\n|move|p1a: Greninja|Trick|p2a: Cresselia\n|-activate|p1a: Greninja|move: Trick|[of] p2a: Cresselia\n|-item|p2a: Cresselia|Choice Scarf|[from] move: Trick\n|-item|p1a: Greninja|Leftovers|[from] move: Trick\n|move|p2a: Cresselia|Moonblast|p1a: Greninja\n|-damage|p1a: Greninja|5\/100\n|replace|p1a: Zoroark|Zoroark-Hisui, M\n|-end|p1a: Zoroark|Illusion\n|\n|-heal|p1a: Zoroark|11\/100|[from] item: Leftovers\n|upkeep\n|turn|21\n|\n|t:|1700308980\n|move|p1a: Zoroark|Shadow Ball|p2a: Cresselia\n|-damage|p2a: Cresselia|86\/100\n|move|p2a: Cresselia|Moonblast|p1a: Zoroark\n|-damage|p1a: Zoroark|0 fnt\n|faint|p1a: Zoroark\n|\n|upkeep\n|\n|t:|1700308983\n|switch|p1a: Clodsire|Clodsire, M|100\/100\n|-damage|p1a: Clodsire|84\/100|[from] Spikes\n|turn|22\n|\n|t:|1700308998\n|switch|p2a: Ting-Lu|Ting-Lu|100\/100\n|-ability|p2a: Ting-Lu|Vessel of Ruin\n|move|p1a: Clodsire|Stealth Rock|p2a: Ting-Lu\n|-sidestart|p2: tomisginger|move: Stealth Rock\n|\n|-heal|p1a: Clodsire|90\/100|[from] item: Leftovers\n|upkeep\n|turn|23\n|\n|t:|1700309005\n|move|p2a: Ting-Lu|Ruination|p1a: Clodsire\n|-damage|p1a: Clodsire|45\/100\n|move|p1a: Clodsire|Toxic|p2a: Ting-Lu\n|-status|p2a: Ting-Lu|tox\n|\n|-heal|p1a: Clodsire|52\/100|[from] item: Leftovers\n|-damage|p2a: Ting-Lu|94\/100 tox|[from] psn\n|upkeep\n|turn|24\n|inactive|F8S has 210 seconds left.\n|\n|t:|1700309015\n|move|p2a: Ting-Lu|Earthquake|p1a: Clodsire\n|-supereffective|p1a: Clodsire\n|-damage|p1a: Clodsire|0 fnt\n|faint|p1a: Clodsire\n|\n|-heal|p2a: Ting-Lu|100\/100 tox|[from] item: Leftovers\n|-damage|p2a: Ting-Lu|88\/100 tox|[from] psn\n|upkeep\n|inactive|F8S has 210 seconds left.\n|inactive|F8S has 180 seconds left.\n|\n|t:|1700309071\n|switch|p1a: Greninja|Greninja, F|88\/100\n|-damage|p1a: Greninja|72\/100|[from] Spikes\n|turn|25\n|inactive|tomisginger has 240 seconds left.\n|\n|t:|1700309089\n|switch|p2a: Fezandipiti|Fezandipiti, M|6\/100\n|-damage|p2a: Fezandipiti|0 fnt|[from] Stealth Rock\n|faint|p2a: Fezandipiti\n|move|p1a: Greninja|Hydro Pump|p2: Fezandipiti|[notarget]\n|-fail|p1a: Greninja\n|\n|upkeep\n|\n|t:|1700309102\n|switch|p2a: Cresselia|Cresselia, F, tera:Poison|86\/100\n|-damage|p2a: Cresselia|74\/100|[from] Stealth Rock\n|turn|26\n|\n|t:|1700309108\n|-terastallize|p1a: Greninja|Water\n|move|p1a: Greninja|Hydro Pump|p2a: Cresselia|[miss]\n|-miss|p1a: Greninja|p2a: Cresselia\n|move|p2a: Cresselia|Moonlight|p2a: Cresselia\n|-heal|p2a: Cresselia|100\/100\n|\n|upkeep\n|turn|27\n|inactive|tomisginger has 240 seconds left.\n|\n|t:|1700309138\n|switch|p2a: Ting-Lu|Ting-Lu|88\/100 tox\n|-damage|p2a: Ting-Lu|82\/100 tox|[from] Stealth Rock\n|-ability|p2a: Ting-Lu|Vessel of Ruin\n|move|p1a: Greninja|Hydro Pump|p2a: Ting-Lu\n|-supereffective|p2a: Ting-Lu\n|-crit|p2a: Ting-Lu\n|-damage|p2a: Ting-Lu|0 fnt\n|faint|p2a: Ting-Lu\n|\n|upkeep\n|\n|t:|1700309145\n|switch|p2a: Cresselia|Cresselia, F, tera:Poison|100\/100\n|-damage|p2a: Cresselia|88\/100|[from] Stealth Rock\n|turn|28\n|\n|t:|1700309151\n|move|p1a: Greninja|Hydro Pump|p2a: Cresselia\n|-damage|p2a: Cresselia|29\/100\n|move|p2a: Cresselia|Moonblast|p1a: Greninja\n|-damage|p1a: Greninja|41\/100\n|-unboost|p1a: Greninja|spa|1\n|\n|upkeep\n|turn|29\n|\n|t:|1700309158\n|move|p1a: Greninja|Hydro Pump|p2a: Cresselia\n|-damage|p2a: Cresselia|0 fnt\n|faint|p2a: Cresselia\n|\n|upkeep\n|\n|t:|1700309163\n|switch|p2a: Floatzel|Floatzel, F|55\/100\n|-damage|p2a: Floatzel|43\/100|[from] Stealth Rock\n|turn|30\n|\n|t:|1700309180\n|move|p1a: Greninja|Hydro Pump|p2a: Floatzel\n|-resisted|p2a: Floatzel\n|-damage|p2a: Floatzel|0 fnt\n|faint|p2a: Floatzel\n|\n|win|F8S\n","uploadtime":1700309186,"views":9,"p1id":"f8s","p2id":"tomisginger","formatid":"gen9ou","rating":0,"private":0,"password":""}