{"id":"gen9ou-1991042706","p1":"ratatta17","p2":"twinklover254","format":"[Gen 9] OU","log":"|j|\u2606ratatta17\n|j|\u2606twinklover254\n|t:|1700033339\n|gametype|singles\n|player|p1|ratatta17|2|1396\n|player|p2|twinklover254|1|1539\n|teamsize|p1|6\n|teamsize|p2|6\n|gen|9\n|tier|[Gen 9] OU\n|rated|\n|rule|Sleep Clause Mod: Limit one foe put to sleep\n|rule|Species Clause: Limit one of each Pok\u00e9mon\n|rule|OHKO Clause: OHKO moves are banned\n|rule|Evasion Items Clause: Evasion items are banned\n|rule|Evasion Moves Clause: Evasion moves are banned\n|rule|Endless Battle Clause: Forcing endless battles is banned\n|rule|HP Percentage Mod: HP is shown in percentages\n|clearpoke\n|poke|p1|Azumarill, F|\n|poke|p1|Staraptor, M|\n|poke|p1|Toedscruel, F|\n|poke|p1|Skeledirge, F|\n|poke|p1|Ninetales-Alola, F|\n|poke|p1|Iron Valiant|\n|poke|p2|Rillaboom, F|\n|poke|p2|Sneasler, F|\n|poke|p2|Zamazenta-*|\n|poke|p2|Heatran, M|\n|poke|p2|Manaphy|\n|poke|p2|Ninetales-Alola, F|\n|teampreview\n|inactive|Battle timer is ON: inactive players will automatically lose when time's up. (requested by ratatta17)\n|\n|t:|1700033361\n|start\n|switch|p1a: Staraptor|Staraptor, M|100\/100\n|switch|p2a: Ninetales|Ninetales-Alola, F|100\/100\n|-ability|p1a: Staraptor|Intimidate|boost\n|-unboost|p2a: Ninetales|atk|1\n|-weather|Snow|[from] ability: Snow Warning|[of] p2a: Ninetales\n|turn|1\n|\n|t:|1700033372\n|move|p1a: Staraptor|Final Gambit|p2a: Ninetales\n|-damage|p2a: Ninetales|0 fnt\n|faint|p1a: Staraptor\n|faint|p2a: Ninetales\n|\n|-weather|Snow|[upkeep]\n|upkeep\n|\n|t:|1700033380\n|switch|p2a: Chosen|Manaphy|100\/100\n|switch|p1a: Toedscruel|Toedscruel, F|100\/100\n|turn|2\n|\n|t:|1700033387\n|move|p2a: Chosen|Take Heart|p2a: Chosen\n|-boost|p2a: Chosen|spa|1\n|-boost|p2a: Chosen|spd|1\n|move|p1a: Toedscruel|Knock Off|p2a: Chosen\n|-damage|p2a: Chosen|88\/100\n|-enditem|p2a: Chosen|Leftovers|[from] move: Knock Off|[of] p1a: Toedscruel\n|\n|-weather|Snow|[upkeep]\n|upkeep\n|turn|3\n|\n|t:|1700033394\n|move|p2a: Chosen|Take Heart|p2a: Chosen\n|-boost|p2a: Chosen|spa|1\n|-boost|p2a: Chosen|spd|1\n|move|p1a: Toedscruel|Spore|p2a: Chosen\n|-status|p2a: Chosen|slp|[from] move: Spore\n|\n|-weather|Snow|[upkeep]\n|upkeep\n|turn|4\n|\n|t:|1700033417\n|switch|p1a: Ninetales|Ninetales-Alola, F|100\/100\n|cant|p2a: Chosen|slp\n|\n|-weather|Snow|[upkeep]\n|upkeep\n|turn|5\n|\n|t:|1700033421\n|-curestatus|p2a: Chosen|slp|[msg]\n|move|p2a: Chosen|Take Heart|p2a: Chosen\n|-boost|p2a: Chosen|spa|1\n|-boost|p2a: Chosen|spd|1\n|move|p1a: Ninetales|Encore|p2a: Chosen\n|-start|p2a: Chosen|Encore\n|\n|-weather|none\n|upkeep\n|turn|6\n|\n|t:|1700033429\n|switch|p1a: Azumarill|Azumarill, F|100\/100\n|move|p2a: Chosen|Take Heart|p2a: Chosen\n|-boost|p2a: Chosen|spa|1\n|-boost|p2a: Chosen|spd|1\n|\n|upkeep\n|turn|7\n|\n|t:|1700033438\n|switch|p2a: Effie|Rillaboom, F|100\/100\n|-fieldstart|move: Grassy Terrain|[from] ability: Grassy Surge|[of] p2a: Effie\n|move|p1a: Azumarill|Belly Drum|p1a: Azumarill\n|-damage|p1a: Azumarill|50\/100\n|-setboost|p1a: Azumarill|atk|6|[from] move: Belly Drum\n|-enditem|p1a: Azumarill|Sitrus Berry|[eat]\n|-heal|p1a: Azumarill|75\/100|[from] item: Sitrus Berry\n|\n|-heal|p1a: Azumarill|82\/100|[from] Grassy Terrain\n|upkeep\n|turn|8\n|\n|t:|1700033444\n|-terastallize|p1a: Azumarill|Steel\n|move|p2a: Effie|Grassy Glide|p1a: Azumarill\n|-resisted|p1a: Azumarill\n|-crit|p1a: Azumarill\n|-damage|p1a: Azumarill|38\/100\n|move|p1a: Azumarill|Play Rough|p2a: Effie|[miss]\n|-miss|p1a: Azumarill|p2a: Effie\n|\n|-heal|p1a: Azumarill|44\/100|[from] Grassy Terrain\n|upkeep\n|turn|9\n|\n|t:|1700033453\n|move|p2a: Effie|Grassy Glide|p1a: Azumarill\n|-resisted|p1a: Azumarill\n|-damage|p1a: Azumarill|15\/100\n|move|p1a: Azumarill|Play Rough|p2a: Effie\n|-damage|p2a: Effie|0 fnt\n|faint|p2a: Effie\n|\n|-heal|p1a: Azumarill|21\/100|[from] Grassy Terrain\n|upkeep\n|\n|t:|1700033458\n|switch|p2a: Violeta|Sneasler, F|100\/100\n|-enditem|p2a: Violeta|Grassy Seed\n|-boost|p2a: Violeta|def|1|[from] item: Grassy Seed\n|turn|10\n|\n|t:|1700033461\n|move|p1a: Azumarill|Aqua Jet|p2a: Violeta\n|-damage|p2a: Violeta|0 fnt\n|faint|p2a: Violeta\n|\n|-heal|p1a: Azumarill|27\/100|[from] Grassy Terrain\n|upkeep\n|\n|t:|1700033464\n|switch|p2a: Vanguard|Zamazenta|100\/100\n|-ability|p2a: Vanguard|Dauntless Shield|boost\n|-boost|p2a: Vanguard|def|1\n|turn|11\n|\n|t:|1700033471\n|switch|p1a: Skeledirge|Skeledirge, F|100\/100\n|move|p2a: Vanguard|Body Press|p1a: Skeledirge\n|-immune|p1a: Skeledirge\n|\n|-fieldend|move: Grassy Terrain\n|upkeep\n|turn|12\n|\n|t:|1700033476\n|switch|p2a: Isagi|Heatran, M|100\/100\n|-item|p2a: Isagi|Air Balloon\n|move|p1a: Skeledirge|Will-O-Wisp|p2a: Isagi\n|-start|p2a: Isagi|ability: Flash Fire\n|\n|upkeep\n|turn|13\n|\n|t:|1700033486\n|switch|p1a: Azumarill|Azumarill, F, tera:Steel|27\/100\n|move|p2a: Isagi|Magma Storm|p1a: Azumarill|[miss]\n|-miss|p2a: Isagi|p1a: Azumarill\n|\n|upkeep\n|turn|14\n|\n|t:|1700033491\n|move|p1a: Azumarill|Aqua Jet|p2a: Isagi\n|-supereffective|p2a: Isagi\n|-damage|p2a: Isagi|60\/100\n|-enditem|p2a: Isagi|Air Balloon\n|move|p2a: Isagi|Earth Power|p1a: Azumarill\n|-supereffective|p1a: Azumarill\n|-damage|p1a: Azumarill|0 fnt\n|faint|p1a: Azumarill\n|\n|upkeep\n|\n|t:|1700033497\n|switch|p1a: Iron Valiant|Iron Valiant|100\/100\n|turn|15\n|\n|t:|1700033502\n|-terastallize|p2a: Isagi|Ghost\n|move|p1a: Iron Valiant|Aura Sphere|p2a: Isagi\n|-immune|p2a: Isagi\n|move|p2a: Isagi|Will-O-Wisp|p1a: Iron Valiant\n|-status|p1a: Iron Valiant|brn\n|\n|-damage|p1a: Iron Valiant|94\/100 brn|[from] brn\n|upkeep\n|turn|16\n|\n|t:|1700033510\n|move|p1a: Iron Valiant|Moonblast|p2a: Isagi\n|-damage|p2a: Isagi|22\/100\n|-damage|p1a: Iron Valiant|85\/100 brn|[from] item: Life Orb\n|move|p2a: Isagi|Magma Storm|p1a: Iron Valiant|[miss]\n|-miss|p2a: Isagi|p1a: Iron Valiant\n|\n|-damage|p1a: Iron Valiant|78\/100 brn|[from] brn\n|upkeep\n|turn|17\n|\n|t:|1700033518\n|move|p1a: Iron Valiant|Moonblast|p2a: Isagi\n|-damage|p2a: Isagi|0 fnt\n|faint|p2a: Isagi\n|-damage|p1a: Iron Valiant|69\/100 brn|[from] item: Life Orb\n|\n|-damage|p1a: Iron Valiant|62\/100 brn|[from] brn\n|upkeep\n|\n|t:|1700033520\n|switch|p2a: Chosen|Manaphy|88\/100\n|turn|18\n|\n|t:|1700033535\n|-end|p1a: Iron Valiant|Quark Drive|[silent]\n|switch|p1a: Ninetales|Ninetales-Alola, F|100\/100\n|-weather|Snow|[from] ability: Snow Warning|[of] p1a: Ninetales\n|move|p2a: Chosen|Take Heart|p2a: Chosen\n|-boost|p2a: Chosen|spa|1\n|-boost|p2a: Chosen|spd|1\n|\n|-weather|Snow|[upkeep]\n|upkeep\n|turn|19\n|\n|t:|1700033542\n|move|p2a: Chosen|Scald|p1a: Ninetales\n|-damage|p1a: Ninetales|71\/100\n|move|p1a: Ninetales|Aurora Veil|p1a: Ninetales\n|-sidestart|p1: ratatta17|move: Aurora Veil\n|\n|-weather|Snow|[upkeep]\n|upkeep\n|turn|20\n|\n|t:|1700033552\n|move|p2a: Chosen|Scald|p1a: Ninetales\n|-damage|p1a: Ninetales|58\/100\n|move|p1a: Ninetales|Encore|p2a: Chosen\n|-start|p2a: Chosen|Encore\n|\n|-weather|Snow|[upkeep]\n|upkeep\n|turn|21\n|\n|t:|1700033556\n|switch|p1a: Toedscruel|Toedscruel, F|100\/100\n|move|p2a: Chosen|Scald|p1a: Toedscruel\n|-damage|p1a: Toedscruel|83\/100\n|\n|-weather|Snow|[upkeep]\n|-heal|p1a: Toedscruel|89\/100|[from] item: Leftovers\n|upkeep\n|turn|22\n|\n|t:|1700033559\n|move|p2a: Chosen|Scald|p1a: Toedscruel\n|-damage|p1a: Toedscruel|74\/100\n|move|p1a: Toedscruel|Spore|p2a: Chosen\n|-status|p2a: Chosen|slp|[from] move: Spore\n|\n|-weather|none\n|-heal|p1a: Toedscruel|80\/100|[from] item: Leftovers\n|upkeep\n|turn|23\n|\n|t:|1700033564\n|cant|p2a: Chosen|slp\n|move|p1a: Toedscruel|Leech Seed|p2a: Chosen\n|-start|p2a: Chosen|move: Leech Seed\n|\n|-heal|p1a: Toedscruel|86\/100|[from] item: Leftovers\n|-damage|p2a: Chosen|75\/100 slp|[from] Leech Seed|[of] p1a: Toedscruel\n|-heal|p1a: Toedscruel|99\/100|[silent]\n|-end|p2a: Chosen|Encore\n|upkeep\n|turn|24\n|\n|t:|1700033574\n|switch|p1a: Skeledirge|Skeledirge, F|100\/100\n|cant|p2a: Chosen|slp\n|\n|-damage|p2a: Chosen|63\/100 slp|[from] Leech Seed|[of] p1a: Skeledirge\n|upkeep\n|turn|25\n|\n|t:|1700033578\n|cant|p2a: Chosen|slp\n|move|p1a: Skeledirge|Hex|p2a: Chosen\n|-damage|p2a: Chosen|19\/100 slp\n|\n|-damage|p2a: Chosen|6\/100 slp|[from] Leech Seed|[of] p1a: Skeledirge\n|upkeep\n|turn|26\n|\n|t:|1700033581\n|-curestatus|p2a: Chosen|slp|[msg]\n|move|p2a: Chosen|Take Heart|p2a: Chosen\n|-boost|p2a: Chosen|spa|1\n|-boost|p2a: Chosen|spd|1\n|move|p1a: Skeledirge|Torch Song|p2a: Chosen\n|-resisted|p2a: Chosen\n|-damage|p2a: Chosen|0 fnt\n|-boost|p1a: Skeledirge|spa|1\n|faint|p2a: Chosen\n|\n|-sideend|p1: ratatta17|move: Aurora Veil\n|upkeep\n|\n|t:|1700033584\n|switch|p2a: Vanguard|Zamazenta|100\/100\n|turn|27\n|\n|t:|1700033587\n|move|p2a: Vanguard|Crunch|p1a: Skeledirge\n|-supereffective|p1a: Skeledirge\n|-damage|p1a: Skeledirge|64\/100\n|-unboost|p1a: Skeledirge|def|1\n|move|p1a: Skeledirge|Torch Song|p2a: Vanguard\n|-damage|p2a: Vanguard|61\/100\n|-boost|p1a: Skeledirge|spa|1\n|\n|-heal|p2a: Vanguard|67\/100|[from] item: Leftovers\n|-heal|p1a: Skeledirge|70\/100|[from] item: Leftovers\n|upkeep\n|turn|28\n|\n|t:|1700033593\n|switch|p1a: Iron Valiant|Iron Valiant|62\/100 brn\n|move|p2a: Vanguard|Crunch|p1a: Iron Valiant\n|-resisted|p1a: Iron Valiant\n|-damage|p1a: Iron Valiant|56\/100 brn\n|-unboost|p1a: Iron Valiant|def|1\n|\n|-heal|p2a: Vanguard|74\/100|[from] item: Leftovers\n|-damage|p1a: Iron Valiant|50\/100 brn|[from] brn\n|upkeep\n|turn|29\n|\n|t:|1700033598\n|move|p2a: Vanguard|Heavy Slam|p1a: Iron Valiant\n|-supereffective|p1a: Iron Valiant\n|-damage|p1a: Iron Valiant|0 fnt\n|faint|p1a: Iron Valiant\n|-end|p1a: Iron Valiant|Quark Drive|[silent]\n|\n|-heal|p2a: Vanguard|80\/100|[from] item: Leftovers\n|upkeep\n|\n|t:|1700033602\n|switch|p1a: Toedscruel|Toedscruel, F|99\/100\n|turn|30\n|\n|t:|1700033605\n|move|p2a: Vanguard|Iron Defense|p2a: Vanguard\n|-boost|p2a: Vanguard|def|2\n|move|p1a: Toedscruel|Spore|p2a: Vanguard\n|-status|p2a: Vanguard|slp|[from] move: Spore\n|\n|-heal|p2a: Vanguard|86\/100 slp|[from] item: Leftovers\n|-heal|p1a: Toedscruel|100\/100|[from] item: Leftovers\n|upkeep\n|turn|31\n|\n|t:|1700033608\n|switch|p1a: Ninetales|Ninetales-Alola, F|58\/100\n|-weather|Snow|[from] ability: Snow Warning|[of] p1a: Ninetales\n|cant|p2a: Vanguard|slp\n|\n|-weather|Snow|[upkeep]\n|-heal|p2a: Vanguard|92\/100 slp|[from] item: Leftovers\n|upkeep\n|turn|32\n|\n|t:|1700033610\n|cant|p2a: Vanguard|slp\n|move|p1a: Ninetales|Encore|p2a: Vanguard\n|-start|p2a: Vanguard|Encore\n|\n|-weather|Snow|[upkeep]\n|-heal|p2a: Vanguard|99\/100 slp|[from] item: Leftovers\n|upkeep\n|turn|33\n|\n|t:|1700033614\n|cant|p2a: Vanguard|slp\n|move|p1a: Ninetales|Aurora Veil|p1a: Ninetales\n|-sidestart|p1: ratatta17|move: Aurora Veil\n|\n|-weather|Snow|[upkeep]\n|-heal|p2a: Vanguard|100\/100 slp|[from] item: Leftovers\n|upkeep\n|turn|34\n|\n|t:|1700033620\n|switch|p1a: Skeledirge|Skeledirge, F|70\/100\n|-curestatus|p2a: Vanguard|slp|[msg]\n|move|p2a: Vanguard|Iron Defense|p2a: Vanguard\n|-boost|p2a: Vanguard|def|2\n|\n|-weather|Snow|[upkeep]\n|-heal|p1a: Skeledirge|76\/100|[from] item: Leftovers\n|upkeep\n|turn|35\n|\n|t:|1700033623\n|move|p2a: Vanguard|Iron Defense|p2a: Vanguard\n|-boost|p2a: Vanguard|def|2\n|move|p1a: Skeledirge|Will-O-Wisp|p2a: Vanguard\n|-status|p2a: Vanguard|brn\n|\n|-weather|none\n|-heal|p1a: Skeledirge|82\/100|[from] item: Leftovers\n|-damage|p2a: Vanguard|94\/100 brn|[from] brn\n|-end|p2a: Vanguard|Encore\n|upkeep\n|turn|36\n|\n|t:|1700033629\n|move|p2a: Vanguard|Crunch|p1a: Skeledirge\n|-supereffective|p1a: Skeledirge\n|-damage|p1a: Skeledirge|74\/100\n|move|p1a: Skeledirge|Torch Song|p2a: Vanguard\n|-damage|p2a: Vanguard|67\/100 brn\n|-boost|p1a: Skeledirge|spa|1\n|\n|-heal|p2a: Vanguard|73\/100 brn|[from] item: Leftovers\n|-heal|p1a: Skeledirge|80\/100|[from] item: Leftovers\n|-damage|p2a: Vanguard|67\/100 brn|[from] brn\n|upkeep\n|turn|37\n|\n|t:|1700033632\n|move|p2a: Vanguard|Crunch|p1a: Skeledirge\n|-supereffective|p1a: Skeledirge\n|-damage|p1a: Skeledirge|71\/100\n|move|p1a: Skeledirge|Torch Song|p2a: Vanguard\n|-damage|p2a: Vanguard|25\/100 brn\n|-boost|p1a: Skeledirge|spa|1\n|\n|-heal|p2a: Vanguard|32\/100 brn|[from] item: Leftovers\n|-heal|p1a: Skeledirge|77\/100|[from] item: Leftovers\n|-damage|p2a: Vanguard|25\/100 brn|[from] brn\n|upkeep\n|turn|38\n|-message|twinklover254 forfeited.\n|\n|win|ratatta17\n|raw|ratatta17's rating: 1396 &rarr; <strong>1424<\/strong><br \/>(+28 for winning)\n|raw|twinklover254's rating: 1539 &rarr; <strong>1511<\/strong><br \/>(-28 for losing)\n|l|\u2606twinklover254\n","uploadtime":1700033702,"views":7,"p1id":"ratatta17","p2id":"twinklover254","formatid":"gen9ou","rating":1424,"private":0,"password":""}