{"id":"gen9ou-1995910766","p1":"Eucalipto69!","p2":"Froste17","format":"[Gen 9] OU","log":"|j|\u2606Eucalipto69!\n|j|\u2606Froste17\n|t:|1700616447\n|gametype|singles\n|player|p1|Eucalipto69!|alder|1536\n|player|p2|Froste17|shadowtriad|1660\n|teamsize|p1|6\n|teamsize|p2|6\n|gen|9\n|tier|[Gen 9] OU\n|rated|\n|rule|Sleep Clause Mod: Limit one foe put to sleep\n|rule|Species Clause: Limit one of each Pok\u00e9mon\n|rule|OHKO Clause: OHKO moves are banned\n|rule|Evasion Items Clause: Evasion items are banned\n|rule|Evasion Moves Clause: Evasion moves are banned\n|rule|Endless Battle Clause: Forcing endless battles is banned\n|rule|HP Percentage Mod: HP is shown in percentages\n|clearpoke\n|poke|p1|Scizor, M|\n|poke|p1|Dragapult, F|\n|poke|p1|Kilowattrel, F|\n|poke|p1|Samurott-Hisui, M|\n|poke|p1|Great Tusk|\n|poke|p1|Ogerpon-Cornerstone, F|\n|poke|p2|Rillaboom, M|\n|poke|p2|Dragapult, M|\n|poke|p2|Clefable, M|\n|poke|p2|Great Tusk|\n|poke|p2|Heatran, M|\n|poke|p2|Dondozo, F|\n|teampreview\n|j| Porycomingback\n|l| Porycomingback\n|inactive|Battle timer is ON: inactive players will automatically lose when time's up. (requested by Eucalipto69!)\n|\n|t:|1700616474\n|start\n|switch|p1a: Kilowattrel|Kilowattrel, F|100\/100\n|switch|p2a: Heatran|Heatran, M|100\/100\n|turn|1\n|\n|t:|1700616484\n|move|p1a: Kilowattrel|U-turn|p2a: Heatran\n|-resisted|p2a: Heatran\n|-crit|p2a: Heatran\n|-damage|p2a: Heatran|97\/100\n|\n|t:|1700616486\n|switch|p1a: Samurott|Samurott-Hisui, M, shiny|100\/100|[from] U-turn\n|move|p2a: Heatran|Magma Storm|p1a: Samurott\n|-resisted|p1a: Samurott\n|-damage|p1a: Samurott|78\/100\n|-activate|p1a: Samurott|move: Magma Storm|[of] p2a: Heatran\n|\n|-damage|p1a: Samurott|65\/100|[from] move: Magma Storm|[partiallytrapped]\n|upkeep\n|turn|2\n|\n|t:|1700616493\n|switch|p2a: Rillaboom|Rillaboom, M|100\/100\n|-fieldstart|move: Grassy Terrain|[from] ability: Grassy Surge|[of] p2a: Rillaboom\n|move|p1a: Samurott|Ceaseless Edge|p2a: Rillaboom\n|-crit|p2a: Rillaboom\n|-damage|p2a: Rillaboom|27\/100\n|-sidestart|p2: Froste17|Spikes\n|\n|-heal|p2a: Rillaboom|33\/100|[from] Grassy Terrain\n|-heal|p1a: Samurott|72\/100|[from] Grassy Terrain\n|-end|p1a: Samurott|Magma Storm|[partiallytrapped]|[silent]\n|upkeep\n|turn|3\n|\n|t:|1700616512\n|switch|p1a: Scizor|Scizor, M|100\/100\n|move|p2a: Rillaboom|U-turn|p1a: Scizor\n|-resisted|p1a: Scizor\n|-damage|p1a: Scizor|80\/100\n|\n|t:|1700616515\n|switch|p2a: Heatran|Heatran, M|97\/100|[from] U-turn\n|-damage|p2a: Heatran|85\/100|[from] Spikes\n|\n|-heal|p2a: Heatran|91\/100|[from] Grassy Terrain\n|-heal|p1a: Scizor|87\/100|[from] Grassy Terrain\n|upkeep\n|turn|4\n|\n|t:|1700616530\n|switch|p1a: Samurott|Samurott-Hisui, M, shiny|72\/100\n|move|p2a: Heatran|Magma Storm|p1a: Samurott\n|-resisted|p1a: Samurott\n|-damage|p1a: Samurott|48\/100\n|-activate|p1a: Samurott|move: Magma Storm|[of] p2a: Heatran\n|\n|-heal|p1a: Samurott|55\/100|[from] Grassy Terrain\n|-heal|p2a: Heatran|97\/100|[from] Grassy Terrain\n|-damage|p1a: Samurott|42\/100|[from] move: Magma Storm|[partiallytrapped]\n|upkeep\n|turn|5\n|\n|t:|1700616535\n|switch|p2a: Clefable|Clefable, M|100\/100\n|-damage|p2a: Clefable|88\/100|[from] Spikes\n|move|p1a: Samurott|Aqua Cutter|p2a: Clefable\n|-damage|p2a: Clefable|47\/100\n|\n|-heal|p1a: Samurott|48\/100|[from] Grassy Terrain\n|-heal|p2a: Clefable|53\/100|[from] Grassy Terrain\n|-end|p1a: Samurott|Magma Storm|[partiallytrapped]|[silent]\n|upkeep\n|turn|6\n|\n|t:|1700616541\n|move|p1a: Samurott|Aqua Cutter|p2a: Clefable\n|-damage|p2a: Clefable|12\/100\n|move|p2a: Clefable|Moonblast|p1a: Samurott\n|-supereffective|p1a: Samurott\n|-damage|p1a: Samurott|0 fnt\n|faint|p1a: Samurott\n|\n|-heal|p2a: Clefable|18\/100|[from] Grassy Terrain\n|-fieldend|move: Grassy Terrain\n|upkeep\n|\n|t:|1700616551\n|switch|p1a: Ogerpon|Ogerpon-Cornerstone, F|100\/100\n|turn|7\n|\n|t:|1700616554\n|move|p1a: Ogerpon|Ivy Cudgel|p2a: Clefable|[anim] Ivy Cudgel Rock\n|-damage|p2a: Clefable|0 fnt\n|faint|p2a: Clefable\n|\n|upkeep\n|\n|t:|1700616562\n|switch|p2a: Heatran|Heatran, M|97\/100\n|-damage|p2a: Heatran|85\/100|[from] Spikes\n|turn|8\n|\n|t:|1700616575\n|switch|p1a: Dragapult|Dragapult, F|100\/100\n|move|p2a: Heatran|Magma Storm|p1a: Dragapult\n|-resisted|p1a: Dragapult\n|-damage|p1a: Dragapult|54\/100\n|-activate|p1a: Dragapult|move: Magma Storm|[of] p2a: Heatran\n|\n|-heal|p1a: Dragapult|61\/100|[from] item: Leftovers\n|-damage|p1a: Dragapult|48\/100|[from] move: Magma Storm|[partiallytrapped]\n|upkeep\n|turn|9\n|\n|t:|1700616581\n|move|p1a: Dragapult|Hydro Pump|p2a: Heatran\n|-supereffective|p2a: Heatran\n|-damage|p2a: Heatran|47\/100\n|move|p2a: Heatran|Flash Cannon|p1a: Dragapult\n|-damage|p1a: Dragapult|0 fnt\n|faint|p1a: Dragapult\n|\n|upkeep\n|\n|t:|1700616588\n|switch|p1a: Great Tusk|Great Tusk|100\/100\n|turn|10\n|\n|t:|1700616596\n|switch|p2a: Great Tusk|Great Tusk|100\/100\n|move|p1a: Great Tusk|Ice Spinner|p2a: Great Tusk\n|-supereffective|p2a: Great Tusk\n|-damage|p2a: Great Tusk|69\/100\n|\n|upkeep\n|turn|11\n|\n|t:|1700616602\n|move|p2a: Great Tusk|Rapid Spin|p1a: Great Tusk\n|-damage|p1a: Great Tusk|92\/100\n|-boost|p2a: Great Tusk|spe|1\n|-damage|p2a: Great Tusk|52\/100|[from] item: Rocky Helmet|[of] p1a: Great Tusk\n|-sideend|p2: Froste17|Spikes|[from] move: Rapid Spin|[of] p2a: Great Tusk\n|move|p1a: Great Tusk|Stealth Rock|p2a: Great Tusk\n|-sidestart|p2: Froste17|move: Stealth Rock\n|\n|upkeep\n|turn|12\n|\n|t:|1700616605\n|move|p2a: Great Tusk|Rapid Spin|p1a: Great Tusk\n|-damage|p1a: Great Tusk|84\/100\n|-boost|p2a: Great Tusk|spe|1\n|-damage|p2a: Great Tusk|36\/100|[from] item: Rocky Helmet|[of] p1a: Great Tusk\n|-sideend|p2: Froste17|Stealth Rock|[from] move: Rapid Spin|[of] p2a: Great Tusk\n|move|p1a: Great Tusk|Ice Spinner|p2a: Great Tusk\n|-supereffective|p2a: Great Tusk\n|-damage|p2a: Great Tusk|5\/100\n|\n|upkeep\n|turn|13\n|\n|t:|1700616611\n|move|p2a: Great Tusk|Knock Off|p1a: Great Tusk\n|-resisted|p1a: Great Tusk\n|-damage|p1a: Great Tusk|76\/100\n|-damage|p2a: Great Tusk|0 fnt|[from] item: Rocky Helmet|[of] p1a: Great Tusk\n|faint|p2a: Great Tusk\n|-end|p2a: Great Tusk|Protosynthesis|[silent]\n|move|p1a: Great Tusk|Stealth Rock|p2: Great Tusk\n|-sidestart|p2: Froste17|move: Stealth Rock\n|\n|upkeep\n|\n|t:|1700616623\n|switch|p2a: Dragapult|Dragapult, M|100\/100\n|-damage|p2a: Dragapult|88\/100|[from] Stealth Rock\n|turn|14\n|\n|t:|1700616637\n|-end|p1a: Great Tusk|Protosynthesis|[silent]\n|switch|p1a: Scizor|Scizor, M|87\/100\n|-terastallize|p2a: Dragapult|Dragon\n|move|p2a: Dragapult|Draco Meteor|p1a: Scizor\n|-resisted|p1a: Scizor\n|-damage|p1a: Scizor|19\/100\n|-unboost|p2a: Dragapult|spa|2\n|\n|upkeep\n|turn|15\n|\n|t:|1700616645\n|switch|p2a: Heatran|Heatran, M|47\/100\n|-damage|p2a: Heatran|35\/100|[from] Stealth Rock\n|move|p1a: Scizor|Knock Off|p2a: Heatran\n|-damage|p2a: Heatran|6\/100\n|-enditem|p2a: Heatran|Assault Vest|[from] move: Knock Off|[of] p1a: Scizor\n|\n|upkeep\n|turn|16\n|\n|t:|1700616659\n|move|p1a: Scizor|Bullet Punch|p2a: Heatran\n|-resisted|p2a: Heatran\n|-damage|p2a: Heatran|0 fnt\n|faint|p2a: Heatran\n|\n|upkeep\n|\n|t:|1700616664\n|switch|p2a: Dondozo|Dondozo, F|100\/100\n|-damage|p2a: Dondozo|88\/100|[from] Stealth Rock\n|turn|17\n|\n|t:|1700616668\n|move|p1a: Scizor|Knock Off|p2a: Dondozo\n|-damage|p2a: Dondozo|70\/100\n|-enditem|p2a: Dondozo|Leftovers|[from] move: Knock Off|[of] p1a: Scizor\n|move|p2a: Dondozo|Liquidation|p1a: Scizor\n|-damage|p1a: Scizor|0 fnt\n|faint|p1a: Scizor\n|\n|upkeep\n|\n|t:|1700616688\n|switch|p1a: Kilowattrel|Kilowattrel, F|100\/100\n|turn|18\n|\n|t:|1700616692\n|move|p1a: Kilowattrel|Thunderbolt|p2a: Dondozo\n|-supereffective|p2a: Dondozo\n|-damage|p2a: Dondozo|0 fnt\n|faint|p2a: Dondozo\n|\n|upkeep\n|\n|t:|1700616695\n|switch|p2a: Dragapult|Dragapult, M, tera:Dragon|88\/100\n|-damage|p2a: Dragapult|76\/100|[from] Stealth Rock\n|turn|19\n|\n|t:|1700616702\n|switch|p1a: Great Tusk|Great Tusk|76\/100\n|move|p2a: Dragapult|Draco Meteor|p1a: Great Tusk\n|-damage|p1a: Great Tusk|0 fnt\n|-unboost|p2a: Dragapult|spa|2\n|faint|p1a: Great Tusk\n|-end|p1a: Great Tusk|Protosynthesis|[silent]\n|\n|upkeep\n|\n|t:|1700616709\n|switch|p1a: Kilowattrel|Kilowattrel, F|100\/100\n|turn|20\n|\n|t:|1700616711\n|-terastallize|p1a: Kilowattrel|Ice\n|move|p1a: Kilowattrel|Tera Blast|p2a: Dragapult|[anim] Tera Blast Ice\n|-supereffective|p2a: Dragapult\n|-damage|p2a: Dragapult|0 fnt\n|faint|p2a: Dragapult\n|\n|upkeep\n|\n|t:|1700616715\n|switch|p2a: Rillaboom|Rillaboom, M|33\/100\n|-damage|p2a: Rillaboom|21\/100|[from] Stealth Rock\n|-fieldstart|move: Grassy Terrain|[from] ability: Grassy Surge|[of] p2a: Rillaboom\n|turn|21\n|\n|t:|1700616718\n|move|p2a: Rillaboom|Grassy Glide|p1a: Kilowattrel\n|-damage|p1a: Kilowattrel|0 fnt\n|faint|p1a: Kilowattrel\n|\n|-heal|p2a: Rillaboom|27\/100|[from] Grassy Terrain\n|upkeep\n|\n|t:|1700616721\n|switch|p1a: Ogerpon|Ogerpon-Cornerstone, F|100\/100\n|turn|22\n|\n|t:|1700616723\n|move|p2a: Rillaboom|Grassy Glide|p1a: Ogerpon\n|-damage|p1a: Ogerpon|22\/100\n|move|p1a: Ogerpon|Ivy Cudgel|p2a: Rillaboom|[anim] Ivy Cudgel Rock\n|-damage|p2a: Rillaboom|0 fnt\n|faint|p2a: Rillaboom\n|\n|win|Eucalipto69!\n|raw|Eucalipto69!'s rating: 1536 &rarr; <strong>1563<\/strong><br \/>(+27 for winning)\n|raw|Froste17's rating: 1660 &rarr; <strong>1633<\/strong><br \/>(-27 for losing)\n|l|\u2606Froste17\n","uploadtime":1700616738,"views":7,"p1id":"eucalipto69","p2id":"froste17","formatid":"gen9ou","rating":1563,"private":0,"password":""}