{"id":"gen9ou-1996506706","p1":"Winterchillz","p2":"dresden_9","format":"[Gen 9] OU","log":"|j|\u2606Winterchillz\n|j|\u2606dresden_9\n|t:|1700688716\n|gametype|singles\n|player|p1|Winterchillz|teacher|1563\n|player|p2|dresden_9|harlequin|1526\n|teamsize|p1|6\n|teamsize|p2|6\n|gen|9\n|tier|[Gen 9] OU\n|rated|\n|rule|Sleep Clause Mod: Limit one foe put to sleep\n|rule|Species Clause: Limit one of each Pok\u00e9mon\n|rule|OHKO Clause: OHKO moves are banned\n|rule|Evasion Items Clause: Evasion items are banned\n|rule|Evasion Moves Clause: Evasion moves are banned\n|rule|Endless Battle Clause: Forcing endless battles is banned\n|rule|HP Percentage Mod: HP is shown in percentages\n|clearpoke\n|poke|p1|Garganacl, M|\n|poke|p1|Great Tusk|\n|poke|p1|Gholdengo|\n|poke|p1|Iron Valiant|\n|poke|p1|Dragonite, F|\n|poke|p1|Zapdos|\n|poke|p2|Greninja-*, M|\n|poke|p2|Gholdengo|\n|poke|p2|Rillaboom, F|\n|poke|p2|Great Tusk|\n|poke|p2|Iron Moth|\n|poke|p2|Hawlucha, F|\n|teampreview\n|inactive|Battle timer is ON: inactive players will automatically lose when time's up. (requested by dresden_9)\n|\n|t:|1700688748\n|start\n|switch|p1a: Zapdos|Zapdos|100\/100\n|switch|p2a: Greninja|Greninja, M|100\/100\n|turn|1\n|\n|t:|1700688754\n|switch|p2a: Great Tusk|Great Tusk|100\/100\n|-enditem|p2a: Great Tusk|Booster Energy\n|-activate|p2a: Great Tusk|ability: Protosynthesis|[fromitem]\n|-start|p2a: Great Tusk|protosynthesisatk\n|move|p1a: Zapdos|Discharge|p2a: Great Tusk\n|-immune|p2a: Great Tusk\n|\n|upkeep\n|turn|2\n|\n|t:|1700688759\n|-end|p2a: Great Tusk|Protosynthesis|[silent]\n|switch|p2a: Gholdengo|Gholdengo|100\/100\n|move|p1a: Zapdos|Hurricane|p2a: Gholdengo\n|-resisted|p2a: Gholdengo\n|-damage|p2a: Gholdengo|78\/100\n|\n|upkeep\n|turn|3\n|\n|t:|1700688765\n|move|p1a: Zapdos|Heat Wave|p2a: Gholdengo\n|-supereffective|p2a: Gholdengo\n|-damage|p2a: Gholdengo|27\/100\n|move|p2a: Gholdengo|Nasty Plot|p2a: Gholdengo\n|-boost|p2a: Gholdengo|spa|2\n|\n|upkeep\n|turn|4\n|\n|t:|1700688774\n|-terastallize|p2a: Gholdengo|Flying\n|move|p1a: Zapdos|Discharge|p2a: Gholdengo\n|-supereffective|p2a: Gholdengo\n|-damage|p2a: Gholdengo|0 fnt\n|faint|p2a: Gholdengo\n|\n|upkeep\n|\n|t:|1700688783\n|switch|p2a: Iron Moth|Iron Moth|100\/100\n|-enditem|p2a: Iron Moth|Booster Energy\n|-activate|p2a: Iron Moth|ability: Quark Drive|[fromitem]\n|-start|p2a: Iron Moth|quarkdrivespe\n|turn|5\n|\n|t:|1700688787\n|move|p2a: Iron Moth|Fiery Dance|p1a: Zapdos\n|-damage|p1a: Zapdos|72\/100\n|-boost|p2a: Iron Moth|spa|1\n|move|p1a: Zapdos|Discharge|p2a: Iron Moth\n|-damage|p2a: Iron Moth|69\/100\n|-status|p2a: Iron Moth|par\n|\n|upkeep\n|turn|6\n|\n|t:|1700688799\n|move|p2a: Iron Moth|Sludge Wave|p1a: Zapdos\n|-damage|p1a: Zapdos|25\/100\n|move|p1a: Zapdos|Hurricane|p2a: Iron Moth\n|-damage|p2a: Iron Moth|28\/100 par\n|\n|upkeep\n|turn|7\n|\n|t:|1700688808\n|move|p2a: Iron Moth|Sludge Wave|p1a: Zapdos\n|-damage|p1a: Zapdos|0 fnt\n|faint|p1a: Zapdos\n|\n|upkeep\n|\n|t:|1700688814\n|switch|p1a: Garganacl|Garganacl, M|100\/100\n|turn|8\n|\n|t:|1700688822\n|move|p2a: Iron Moth|Sludge Wave|p1a: Garganacl\n|-resisted|p1a: Garganacl\n|-crit|p1a: Garganacl\n|-damage|p1a: Garganacl|58\/100\n|move|p1a: Garganacl|Curse|p1a: Garganacl\n|-unboost|p1a: Garganacl|spe|1\n|-boost|p1a: Garganacl|atk|1\n|-boost|p1a: Garganacl|def|1\n|\n|-heal|p1a: Garganacl|65\/100|[from] item: Leftovers\n|upkeep\n|turn|9\n|\n|t:|1700688829\n|-end|p2a: Iron Moth|Quark Drive|[silent]\n|switch|p2a: Rillaboom|Rillaboom, F|100\/100\n|-fieldstart|move: Grassy Terrain|[from] ability: Grassy Surge|[of] p2a: Rillaboom\n|move|p1a: Garganacl|Recover|p1a: Garganacl\n|-heal|p1a: Garganacl|100\/100\n|\n|upkeep\n|turn|10\n|\n|t:|1700688843\n|switch|p1a: Gholdengo|Gholdengo|100\/100\n|-item|p1a: Gholdengo|Air Balloon\n|move|p2a: Rillaboom|Wood Hammer|p1a: Gholdengo\n|-resisted|p1a: Gholdengo\n|-damage|p1a: Gholdengo|61\/100\n|-enditem|p1a: Gholdengo|Air Balloon\n|-damage|p2a: Rillaboom|86\/100|[from] Recoil\n|\n|-heal|p2a: Rillaboom|93\/100|[from] Grassy Terrain\n|-heal|p1a: Gholdengo|68\/100|[from] Grassy Terrain\n|upkeep\n|turn|11\n|\n|t:|1700688852\n|switch|p2a: Iron Moth|Iron Moth|28\/100 par\n|move|p1a: Gholdengo|Recover|p1a: Gholdengo\n|-heal|p1a: Gholdengo|100\/100\n|\n|-heal|p2a: Iron Moth|34\/100 par|[from] Grassy Terrain\n|upkeep\n|turn|12\n|\n|t:|1700688870\n|move|p1a: Gholdengo|Shadow Ball|p2a: Iron Moth\n|-damage|p2a: Iron Moth|1\/100 par\n|move|p2a: Iron Moth|Fiery Dance|p1a: Gholdengo\n|-supereffective|p1a: Gholdengo\n|-damage|p1a: Gholdengo|19\/100\n|\n|-heal|p1a: Gholdengo|25\/100|[from] Grassy Terrain\n|-heal|p2a: Iron Moth|7\/100 par|[from] Grassy Terrain\n|upkeep\n|turn|13\n|\n|t:|1700688877\n|move|p1a: Gholdengo|Recover|p1a: Gholdengo\n|-heal|p1a: Gholdengo|75\/100\n|move|p2a: Iron Moth|Fiery Dance|p1a: Gholdengo\n|-supereffective|p1a: Gholdengo\n|-damage|p1a: Gholdengo|0 fnt\n|-boost|p2a: Iron Moth|spa|1\n|faint|p1a: Gholdengo\n|\n|-heal|p2a: Iron Moth|13\/100 par|[from] Grassy Terrain\n|-fieldend|move: Grassy Terrain\n|upkeep\n|\n|t:|1700688884\n|switch|p1a: Dragonite|Dragonite, F|100\/100\n|turn|14\n|\n|t:|1700688889\n|move|p1a: Dragonite|Dragon Dance|p1a: Dragonite\n|-boost|p1a: Dragonite|atk|1\n|-boost|p1a: Dragonite|spe|1\n|move|p2a: Iron Moth|Sludge Wave|p1a: Dragonite\n|-damage|p1a: Dragonite|61\/100\n|-status|p1a: Dragonite|psn\n|\n|-damage|p1a: Dragonite|49\/100 psn|[from] psn\n|upkeep\n|turn|15\n|\n|t:|1700688898\n|move|p1a: Dragonite|Extreme Speed|p2a: Iron Moth\n|-damage|p2a: Iron Moth|0 fnt\n|faint|p2a: Iron Moth\n|-end|p2a: Iron Moth|Quark Drive|[silent]\n|\n|-damage|p1a: Dragonite|37\/100 psn|[from] psn\n|upkeep\n|\n|t:|1700688906\n|switch|p2a: Great Tusk|Great Tusk|100\/100\n|turn|16\n|\n|t:|1700688910\n|move|p1a: Dragonite|Ice Spinner|p2a: Great Tusk\n|-supereffective|p2a: Great Tusk\n|-damage|p2a: Great Tusk|40\/100\n|move|p2a: Great Tusk|Ice Spinner|p1a: Dragonite\n|-supereffective|p1a: Dragonite\n|-damage|p1a: Dragonite|0 fnt\n|faint|p1a: Dragonite\n|\n|upkeep\n|\n|t:|1700688916\n|switch|p1a: Iron Valiant|Iron Valiant|100\/100\n|turn|17\n|\n|t:|1700688927\n|move|p1a: Iron Valiant|Moonblast|p2a: Great Tusk\n|-supereffective|p2a: Great Tusk\n|-damage|p2a: Great Tusk|0 fnt\n|faint|p2a: Great Tusk\n|-end|p2a: Great Tusk|Protosynthesis|[silent]\n|\n|upkeep\n|\n|t:|1700688938\n|switch|p2a: Rillaboom|Rillaboom, F|93\/100\n|-fieldstart|move: Grassy Terrain|[from] ability: Grassy Surge|[of] p2a: Rillaboom\n|turn|18\n|\n|t:|1700688964\n|move|p1a: Iron Valiant|Moonblast|p2a: Rillaboom\n|-damage|p2a: Rillaboom|35\/100\n|move|p2a: Rillaboom|Wood Hammer|p1a: Iron Valiant\n|-damage|p1a: Iron Valiant|0 fnt\n|faint|p1a: Iron Valiant\n|-end|p1a: Iron Valiant|Quark Drive|[silent]\n|-damage|p2a: Rillaboom|8\/100|[from] Recoil\n|\n|-heal|p2a: Rillaboom|14\/100|[from] Grassy Terrain\n|upkeep\n|\n|t:|1700688969\n|switch|p1a: Great Tusk|Great Tusk|100\/100\n|turn|19\n|\n|t:|1700688976\n|move|p1a: Great Tusk|Stealth Rock|p2a: Rillaboom\n|-sidestart|p2: dresden_9|move: Stealth Rock\n|move|p2a: Rillaboom|Wood Hammer|p1a: Great Tusk\n|-supereffective|p1a: Great Tusk\n|-damage|p1a: Great Tusk|0 fnt\n|faint|p1a: Great Tusk\n|-end|p1a: Great Tusk|Protosynthesis|[silent]\n|-damage|p2a: Rillaboom|0 fnt|[from] Recoil\n|faint|p2a: Rillaboom\n|\n|upkeep\n|\n|t:|1700688988\n|switch|p1a: Garganacl|Garganacl, M|100\/100\n|switch|p2a: Greninja|Greninja, M|100\/100\n|-damage|p2a: Greninja|88\/100|[from] Stealth Rock\n|turn|20\n|\n|t:|1700688995\n|-terastallize|p1a: Garganacl|Water\n|move|p2a: Greninja|Hydro Pump|p1a: Garganacl\n|-resisted|p1a: Garganacl\n|-damage|p1a: Garganacl|75\/100\n|-damage|p2a: Greninja|78\/100|[from] item: Life Orb\n|move|p1a: Garganacl|Curse|p1a: Garganacl\n|-unboost|p1a: Garganacl|spe|1\n|-boost|p1a: Garganacl|atk|1\n|-boost|p1a: Garganacl|def|1\n|\n|-heal|p2a: Greninja|84\/100|[from] Grassy Terrain\n|-heal|p1a: Garganacl|81\/100|[from] Grassy Terrain\n|-heal|p1a: Garganacl|87\/100|[from] item: Leftovers\n|upkeep\n|turn|21\n|\n|t:|1700689004\n|move|p2a: Greninja|Dark Pulse|p1a: Garganacl\n|-crit|p1a: Garganacl\n|-damage|p1a: Garganacl|28\/100\n|-damage|p2a: Greninja|75\/100|[from] item: Life Orb\n|move|p1a: Garganacl|Curse|p1a: Garganacl\n|-unboost|p1a: Garganacl|spe|1\n|-boost|p1a: Garganacl|atk|1\n|-boost|p1a: Garganacl|def|1\n|\n|-heal|p2a: Greninja|80\/100|[from] Grassy Terrain\n|-heal|p1a: Garganacl|34\/100|[from] Grassy Terrain\n|-heal|p1a: Garganacl|40\/100|[from] item: Leftovers\n|upkeep\n|turn|22\n|\n|t:|1700689017\n|move|p2a: Greninja|Dark Pulse|p1a: Garganacl\n|-damage|p1a: Garganacl|4\/100\n|-damage|p2a: Greninja|71\/100|[from] item: Life Orb\n|move|p1a: Garganacl|Recover|p1a: Garganacl\n|-heal|p1a: Garganacl|54\/100\n|\n|-heal|p2a: Greninja|77\/100|[from] Grassy Terrain\n|-heal|p1a: Garganacl|60\/100|[from] Grassy Terrain\n|-heal|p1a: Garganacl|67\/100|[from] item: Leftovers\n|-fieldend|move: Grassy Terrain\n|upkeep\n|turn|23\n|\n|t:|1700689026\n|move|p2a: Greninja|Dark Pulse|p1a: Garganacl\n|-damage|p1a: Garganacl|25\/100\n|-damage|p2a: Greninja|67\/100|[from] item: Life Orb\n|move|p1a: Garganacl|Recover|p1a: Garganacl\n|-heal|p1a: Garganacl|75\/100\n|\n|-heal|p1a: Garganacl|81\/100|[from] item: Leftovers\n|upkeep\n|turn|24\n|\n|t:|1700689036\n|move|p2a: Greninja|Dark Pulse|p1a: Garganacl\n|-damage|p1a: Garganacl|42\/100\n|-damage|p2a: Greninja|57\/100|[from] item: Life Orb\n|move|p1a: Garganacl|Salt Cure|p2a: Greninja\n|-damage|p2a: Greninja|12\/100\n|-start|p2a: Greninja|Salt Cure\n|\n|-heal|p1a: Garganacl|48\/100|[from] item: Leftovers\n|-damage|p2a: Greninja|0 fnt|[from] Salt Cure\n|faint|p2a: Greninja\n|upkeep\n|\n|t:|1700689042\n|switch|p2a: Hawlucha|Hawlucha, F|100\/100\n|-damage|p2a: Hawlucha|88\/100|[from] Stealth Rock\n|turn|25\n|\n|t:|1700689048\n|move|p2a: Hawlucha|Swords Dance|p2a: Hawlucha\n|-boost|p2a: Hawlucha|atk|2\n|move|p1a: Garganacl|Salt Cure|p2a: Hawlucha\n|-damage|p2a: Hawlucha|46\/100\n|-start|p2a: Hawlucha|Salt Cure\n|\n|-heal|p1a: Garganacl|54\/100|[from] item: Leftovers\n|-damage|p2a: Hawlucha|34\/100|[from] Salt Cure\n|upkeep\n|turn|26\n|\n|t:|1700689052\n|move|p2a: Hawlucha|Close Combat|p1a: Garganacl\n|-damage|p1a: Garganacl|27\/100\n|-unboost|p2a: Hawlucha|def|1\n|-unboost|p2a: Hawlucha|spd|1\n|move|p1a: Garganacl|Salt Cure|p2a: Hawlucha\n|-damage|p2a: Hawlucha|0 fnt\n|faint|p2a: Hawlucha\n|\n|win|Winterchillz\n|raw|Winterchillz's rating: 1563 &rarr; <strong>1581<\/strong><br \/>(+18 for winning)\n|raw|dresden_9's rating: 1526 &rarr; <strong>1508<\/strong><br \/>(-18 for losing)\n","uploadtime":1700689059,"views":2,"p1id":"winterchillz","p2id":"dresden9","formatid":"gen9ou","rating":1508,"private":0,"password":""}