{"id":"gen9ou-1997809447","p1":"kookies&kilik","p2":"barakudalouka123","format":"[Gen 9] OU","log":"|j|\u2606kookies&kilik\n|j|\u2606barakudalouka123\n|t:|1700855048\n|gametype|singles\n|player|p1|kookies&kilik|iris-gen5bw2|1125\n|player|p2|barakudalouka123|1|1086\n|teamsize|p1|6\n|teamsize|p2|6\n|gen|9\n|tier|[Gen 9] OU\n|rated|\n|rule|Sleep Clause Mod: Limit one foe put to sleep\n|rule|Species Clause: Limit one of each Pok\u00e9mon\n|rule|OHKO Clause: OHKO moves are banned\n|rule|Evasion Items Clause: Evasion items are banned\n|rule|Evasion Moves Clause: Evasion moves are banned\n|rule|Endless Battle Clause: Forcing endless battles is banned\n|rule|HP Percentage Mod: HP is shown in percentages\n|clearpoke\n|poke|p1|Krookodile, F|\n|poke|p1|Tinkaton, F|\n|poke|p1|Rotom-Wash|\n|poke|p1|Arcanine-Hisui, F|\n|poke|p1|Frosmoth, M|\n|poke|p1|Lurantis, F|\n|poke|p2|Mimikyu, M|\n|poke|p2|Heatran, M|\n|poke|p2|Landorus-Therian, M|\n|poke|p2|Amoonguss, M|\n|poke|p2|Pawmot, M|\n|poke|p2|Umbreon, M|\n|teampreview\n|inactive|Battle timer is ON: inactive players will automatically lose when time's up. (requested by kookies&kilik)\n|inactive|barakudalouka123 also wants the timer to be on.\n|\n|t:|1700855066\n|start\n|switch|p1a: Rotom|Rotom-Wash|100\/100\n|switch|p2a: Umbreon|Umbreon, M|100\/100\n|turn|1\n|\n|t:|1700855071\n|move|p1a: Rotom|Trick|p2a: Umbreon\n|-activate|p1a: Rotom|move: Trick|[of] p2a: Umbreon\n|-item|p2a: Umbreon|Choice Scarf|[from] move: Trick\n|-item|p1a: Rotom|Leftovers|[from] move: Trick\n|move|p2a: Umbreon|Toxic|p1a: Rotom\n|-status|p1a: Rotom|tox\n|\n|-damage|p1a: Rotom|94\/100 tox|[from] psn\n|upkeep\n|turn|2\n|\n|t:|1700855082\n|switch|p2a: Amoonguss|Amoonguss, M|100\/100\n|move|p1a: Rotom|Thunder Wave|p2a: Amoonguss\n|-status|p2a: Amoonguss|par\n|\n|-heal|p1a: Rotom|100\/100 tox|[from] item: Leftovers\n|-damage|p1a: Rotom|88\/100 tox|[from] psn\n|upkeep\n|turn|3\n|\n|t:|1700855093\n|move|p1a: Rotom|Volt Switch|p2a: Amoonguss\n|-resisted|p2a: Amoonguss\n|-damage|p2a: Amoonguss|83\/100 par\n|-enditem|p2a: Amoonguss|Eject Button\n|\n|t:|1700855099\n|switch|p2a: Landorus|Landorus-Therian, M|100\/100\n|-ability|p2a: Landorus|Intimidate|boost\n|-unboost|p1a: Rotom|atk|1\n|\n|-heal|p1a: Rotom|94\/100 tox|[from] item: Leftovers\n|-damage|p1a: Rotom|76\/100 tox|[from] psn\n|upkeep\n|turn|4\n|\n|t:|1700855116\n|switch|p2a: Amoonguss|Amoonguss, M|100\/100 par\n|move|p1a: Rotom|Hydro Pump|p2a: Amoonguss\n|-resisted|p2a: Amoonguss\n|-damage|p2a: Amoonguss|74\/100 par\n|\n|-heal|p1a: Rotom|82\/100 tox|[from] item: Leftovers\n|-damage|p1a: Rotom|57\/100 tox|[from] psn\n|upkeep\n|turn|5\n|\n|t:|1700855126\n|switch|p1a: Tinkaton|Tinkaton, F|100\/100\n|move|p2a: Amoonguss|Giga Drain|p1a: Tinkaton\n|-resisted|p1a: Tinkaton\n|-damage|p1a: Tinkaton|84\/100\n|-heal|p2a: Amoonguss|80\/100 par|[from] drain|[of] p1a: Tinkaton\n|\n|-heal|p1a: Tinkaton|91\/100|[from] item: Leftovers\n|upkeep\n|turn|6\n|\n|t:|1700855134\n|move|p1a: Tinkaton|Fake Out|p2a: Amoonguss\n|-damage|p2a: Amoonguss|69\/100 par\n|cant|p2a: Amoonguss|flinch\n|\n|-heal|p1a: Tinkaton|97\/100|[from] item: Leftovers\n|upkeep\n|turn|7\n|\n|t:|1700855140\n|move|p1a: Tinkaton|Gigaton Hammer|p2a: Amoonguss\n|-damage|p2a: Amoonguss|0 fnt\n|faint|p2a: Amoonguss\n|\n|-heal|p1a: Tinkaton|100\/100|[from] item: Leftovers\n|upkeep\n|\n|t:|1700855147\n|switch|p2a: Heatran|Heatran, M|100\/100\n|-item|p2a: Heatran|Air Balloon\n|turn|8\n|\n|t:|1700855153\n|switch|p1a: Arcanine|Arcanine-Hisui, F|100\/100\n|move|p2a: Heatran|Magma Storm|p1a: Arcanine\n|-resisted|p1a: Arcanine\n|-damage|p1a: Arcanine|84\/100\n|-activate|p1a: Arcanine|move: Magma Storm|[of] p2a: Heatran\n|\n|-damage|p1a: Arcanine|71\/100|[from] move: Magma Storm|[partiallytrapped]\n|upkeep\n|turn|9\n|\n|t:|1700855162\n|move|p1a: Arcanine|Head Smash|p2a: Heatran\n|-damage|p2a: Heatran|9\/100\n|-enditem|p2a: Heatran|Air Balloon\n|-damage|p1a: Arcanine|61\/100|[from] item: Life Orb\n|move|p2a: Heatran|Substitute|p2a: Heatran\n|-fail|p2a: Heatran|move: Substitute|[weak]\n|\n|-damage|p1a: Arcanine|49\/100|[from] move: Magma Storm|[partiallytrapped]\n|upkeep\n|turn|10\n|\n|t:|1700855175\n|switch|p2a: Pawmot|Pawmot, M|100\/100\n|move|p1a: Arcanine|Extreme Speed|p2a: Pawmot\n|-damage|p2a: Pawmot|46\/100\n|-damage|p1a: Arcanine|39\/100|[from] item: Life Orb\n|\n|-heal|p2a: Pawmot|52\/100|[from] item: Leftovers\n|-end|p1a: Arcanine|Magma Storm|[partiallytrapped]|[silent]\n|upkeep\n|turn|11\n|\n|t:|1700855186\n|switch|p1a: Rotom|Rotom-Wash|57\/100 tox\n|move|p2a: Pawmot|Mach Punch|p1a: Rotom\n|-damage|p1a: Rotom|32\/100 tox\n|\n|-heal|p1a: Rotom|38\/100 tox|[from] item: Leftovers\n|-heal|p2a: Pawmot|58\/100|[from] item: Leftovers\n|-damage|p1a: Rotom|32\/100 tox|[from] psn\n|upkeep\n|turn|12\n|\n|t:|1700855199\n|move|p1a: Rotom|Trick|p2a: Pawmot\n|-activate|p1a: Rotom|move: Trick|[of] p2a: Pawmot\n|-item|p2a: Pawmot|Leftovers|[from] move: Trick\n|-item|p1a: Rotom|Leftovers|[from] move: Trick\n|move|p2a: Pawmot|Bulk Up|p2a: Pawmot\n|-boost|p2a: Pawmot|atk|1\n|-boost|p2a: Pawmot|def|1\n|\n|-heal|p1a: Rotom|38\/100 tox|[from] item: Leftovers\n|-heal|p2a: Pawmot|64\/100|[from] item: Leftovers\n|-damage|p1a: Rotom|25\/100 tox|[from] psn\n|upkeep\n|turn|13\n|\n|t:|1700855214\n|move|p1a: Rotom|Hydro Pump|p2a: Pawmot\n|-damage|p2a: Pawmot|2\/100\n|move|p2a: Pawmot|Ice Punch|p1a: Rotom\n|-resisted|p1a: Rotom\n|-damage|p1a: Rotom|2\/100 tox\n|\n|-heal|p1a: Rotom|8\/100 tox|[from] item: Leftovers\n|-heal|p2a: Pawmot|8\/100|[from] item: Leftovers\n|-damage|p1a: Rotom|0 fnt|[from] psn\n|faint|p1a: Rotom\n|upkeep\n|\n|t:|1700855221\n|switch|p1a: Krookodile|Krookodile, F|100\/100\n|-ability|p1a: Krookodile|Intimidate|boost\n|-unboost|p2a: Pawmot|atk|1\n|turn|14\n|\n|t:|1700855227\n|move|p2a: Pawmot|Mach Punch|p1a: Krookodile\n|-supereffective|p1a: Krookodile\n|-crit|p1a: Krookodile\n|-damage|p1a: Krookodile|29\/100\n|move|p1a: Krookodile|Knock Off|p2a: Pawmot\n|-resisted|p2a: Pawmot\n|-damage|p2a: Pawmot|0 fnt\n|-enditem|p2a: Pawmot|Leftovers|[from] move: Knock Off|[of] p1a: Krookodile\n|faint|p2a: Pawmot\n|\n|upkeep\n|\n|t:|1700855235\n|switch|p2a: Heatran|Heatran, M|9\/100\n|turn|15\n|\n|t:|1700855238\n|move|p1a: Krookodile|Knock Off|p2a: Heatran\n|-damage|p2a: Heatran|0 fnt\n|faint|p2a: Heatran\n|\n|upkeep\n|\n|t:|1700855245\n|switch|p2a: Landorus|Landorus-Therian, M|100\/100\n|-ability|p2a: Landorus|Intimidate|boost\n|-unboost|p1a: Krookodile|atk|1\n|turn|16\n|\n|t:|1700855254\n|switch|p1a: Lurantis|Lurantis, F|100\/100\n|move|p2a: Landorus|Sandsear Storm|p1a: Lurantis\n|-resisted|p1a: Lurantis\n|-damage|p1a: Lurantis|85\/100\n|\n|upkeep\n|turn|17\n|\n|t:|1700855264\n|move|p2a: Landorus|U-turn|p1a: Lurantis\n|-supereffective|p1a: Lurantis\n|-damage|p1a: Lurantis|40\/100\n|\n|t:|1700855268\n|switch|p2a: Umbreon|Umbreon, M|100\/100|[from] U-turn\n|move|p1a: Lurantis|Superpower|p2a: Umbreon\n|-supereffective|p2a: Umbreon\n|-damage|p2a: Umbreon|41\/100\n|-boost|p1a: Lurantis|atk|1\n|-boost|p1a: Lurantis|def|1\n|\n|upkeep\n|turn|18\n|\n|t:|1700855283\n|switch|p2a: Mimikyu|Mimikyu, M|100\/100\n|move|p1a: Lurantis|Superpower|p2a: Mimikyu\n|-immune|p2a: Mimikyu\n|\n|upkeep\n|turn|19\n|\n|t:|1700855290\n|move|p2a: Mimikyu|Swords Dance|p2a: Mimikyu\n|-boost|p2a: Mimikyu|atk|2\n|move|p1a: Lurantis|Leech Life|p2a: Mimikyu\n|-activate|p2a: Mimikyu|ability: Disguise\n|-damage|p2a: Mimikyu|100\/100\n|detailschange|p2a: Mimikyu|Mimikyu-Busted, M\n|-damage|p2a: Mimikyu|88\/100|[from] pokemon: Mimikyu-Busted\n|\n|upkeep\n|turn|20\n|\n|t:|1700855302\n|move|p2a: Mimikyu|Play Rough|p1a: Lurantis|[miss]\n|-miss|p2a: Mimikyu|p1a: Lurantis\n|move|p1a: Lurantis|Poison Jab|p2a: Mimikyu\n|-damage|p2a: Mimikyu|29\/100\n|\n|upkeep\n|turn|21\n|\n|t:|1700855311\n|move|p2a: Mimikyu|Play Rough|p1a: Lurantis\n|-damage|p1a: Lurantis|0 fnt\n|faint|p1a: Lurantis\n|-damage|p2a: Mimikyu|19\/100|[from] item: Life Orb\n|\n|upkeep\n|\n|t:|1700855318\n|switch|p1a: Krookodile|Krookodile, F|29\/100\n|-ability|p1a: Krookodile|Intimidate|boost\n|-unboost|p2a: Mimikyu|atk|1\n|turn|22\n|\n|t:|1700855325\n|move|p1a: Krookodile|Knock Off|p2a: Mimikyu\n|-damage|p2a: Mimikyu|0 fnt\n|-enditem|p2a: Mimikyu|Life Orb|[from] move: Knock Off|[of] p1a: Krookodile\n|faint|p2a: Mimikyu\n|\n|upkeep\n|\n|t:|1700855333\n|switch|p2a: Landorus|Landorus-Therian, M|100\/100\n|-ability|p2a: Landorus|Intimidate|boost\n|-unboost|p1a: Krookodile|atk|1\n|turn|23\n|\n|t:|1700855338\n|switch|p1a: Tinkaton|Tinkaton, F|100\/100\n|move|p2a: Landorus|Sandsear Storm|p1a: Tinkaton\n|-supereffective|p1a: Tinkaton\n|-damage|p1a: Tinkaton|12\/100\n|\n|-heal|p1a: Tinkaton|18\/100|[from] item: Leftovers\n|upkeep\n|turn|24\n|\n|t:|1700855345\n|move|p1a: Tinkaton|Fake Out|p2a: Landorus\n|-damage|p2a: Landorus|89\/100\n|cant|p2a: Landorus|flinch\n|\n|-heal|p1a: Tinkaton|24\/100|[from] item: Leftovers\n|-heal|p2a: Landorus|95\/100|[from] item: Leftovers\n|upkeep\n|turn|25\n|\n|t:|1700855352\n|move|p1a: Tinkaton|Ice Hammer|p2a: Landorus\n|-supereffective|p2a: Landorus\n|-damage|p2a: Landorus|0 fnt\n|-unboost|p1a: Tinkaton|spe|1\n|faint|p2a: Landorus\n|\n|-heal|p1a: Tinkaton|30\/100|[from] item: Leftovers\n|upkeep\n|-message|barakudalouka123 forfeited.\n|\n|win|kookies&kilik\n|raw|kookies&amp;kilik's rating: 1125 &rarr; <strong>1147<\/strong><br \/>(+22 for winning)\n|raw|barakudalouka123's rating: 1086 &rarr; <strong>1066<\/strong><br \/>(-20 for losing)\n|l|\u2606barakudalouka123\n","uploadtime":1700855362,"views":8,"p1id":"kookieskilik","p2id":"barakudalouka123","formatid":"gen9ou","rating":1066,"private":0,"password":""}