{"id":"gen9ou-1993348552","p1":"Hynah","p2":"Zezroy5","format":"[Gen 9] OU","log":"|j|\u2606Hynah\n|j|\u2606Zezroy5\n|t:|1700303466\n|gametype|singles\n|player|p1|Hynah|170|1177\n|player|p2|Zezroy5|rocket-gen1rb|1173\n|teamsize|p1|6\n|teamsize|p2|6\n|gen|9\n|tier|[Gen 9] OU\n|rated|\n|rule|Sleep Clause Mod: Limit one foe put to sleep\n|rule|Species Clause: Limit one of each Pok\u00e9mon\n|rule|OHKO Clause: OHKO moves are banned\n|rule|Evasion Items Clause: Evasion items are banned\n|rule|Evasion Moves Clause: Evasion moves are banned\n|rule|Endless Battle Clause: Forcing endless battles is banned\n|rule|HP Percentage Mod: HP is shown in percentages\n|clearpoke\n|poke|p1|Ninetales, M|\n|poke|p1|Sneasler, F|\n|poke|p1|Rillaboom, M|\n|poke|p1|Cinderace, F|\n|poke|p1|Walking Wake|\n|poke|p1|Sandy Shocks|\n|poke|p2|Haxorus, M|\n|poke|p2|Dusclops, M|\n|poke|p2|Bisharp, M|\n|poke|p2|Quaquaval, M|\n|poke|p2|Klefki, M|\n|poke|p2|Amoonguss, M|\n|teampreview\n|c|\u2606Zezroy5|gl hf\n|c|\u2606Hynah|hf\n|\n|t:|1700303476\n|start\n|switch|p1a: Rillaboom|Rillaboom, M|100\/100\n|switch|p2a: Ragnarok|Haxorus, M, shiny|100\/100\n|-ability|p2a: Ragnarok|Mold Breaker\n|-fieldstart|move: Grassy Terrain|[from] ability: Grassy Surge|[of] p1a: Rillaboom\n|turn|1\n|\n|t:|1700303484\n|move|p2a: Ragnarok|Scale Shot|p1a: Rillaboom\n|-damage|p1a: Rillaboom|83\/100\n|-damage|p1a: Rillaboom|68\/100\n|-damage|p1a: Rillaboom|51\/100\n|-damage|p1a: Rillaboom|35\/100\n|-hitcount|p1a: Rillaboom|4\n|-unboost|p2a: Ragnarok|def|1\n|-boost|p2a: Ragnarok|spe|1\n|move|p1a: Rillaboom|Knock Off|p2a: Ragnarok\n|-damage|p2a: Ragnarok|33\/100\n|-enditem|p2a: Ragnarok|Loaded Dice|[from] move: Knock Off|[of] p1a: Rillaboom\n|\n|-heal|p2a: Ragnarok|39\/100|[from] Grassy Terrain\n|-heal|p1a: Rillaboom|41\/100|[from] Grassy Terrain\n|upkeep\n|turn|2\n|\n|t:|1700303505\n|switch|p1a: Sneasler|Sneasler, F|100\/100\n|-enditem|p1a: Sneasler|Grassy Seed\n|-boost|p1a: Sneasler|def|1|[from] item: Grassy Seed\n|move|p2a: Ragnarok|Scale Shot|p1a: Sneasler\n|-damage|p1a: Sneasler|87\/100\n|-damage|p1a: Sneasler|75\/100\n|-damage|p1a: Sneasler|62\/100\n|-hitcount|p1a: Sneasler|3\n|-unboost|p2a: Ragnarok|def|1\n|-boost|p2a: Ragnarok|spe|1\n|\n|-heal|p2a: Ragnarok|45\/100|[from] Grassy Terrain\n|-heal|p1a: Sneasler|68\/100|[from] Grassy Terrain\n|upkeep\n|turn|3\n|\n|t:|1700303522\n|switch|p2a: Halloweener|Dusclops, M, shiny|100\/100\n|move|p1a: Sneasler|Dire Claw|p2a: Halloweener\n|-resisted|p2a: Halloweener\n|-damage|p2a: Halloweener|90\/100\n|-status|p2a: Halloweener|psn\n|\n|-heal|p1a: Sneasler|74\/100|[from] Grassy Terrain\n|-heal|p2a: Halloweener|96\/100 psn|[from] Grassy Terrain\n|-damage|p2a: Halloweener|84\/100 psn|[from] psn\n|upkeep\n|turn|4\n|\n|t:|1700303536\n|switch|p1a: Cinderace|Cinderace, F|100\/100\n|move|p2a: Halloweener|Will-O-Wisp|p1a: Cinderace\n|-immune|p1a: Cinderace\n|\n|-heal|p2a: Halloweener|90\/100 psn|[from] Grassy Terrain\n|-damage|p2a: Halloweener|77\/100 psn|[from] psn\n|upkeep\n|turn|5\n|\n|t:|1700303544\n|move|p1a: Cinderace|U-turn|p2a: Halloweener\n|-start|p1a: Cinderace|typechange|Bug|[from] ability: Libero\n|-resisted|p2a: Halloweener\n|-damage|p2a: Halloweener|66\/100 psn\n|\n|t:|1700303550\n|switch|p1a: Ninetales|Ninetales, M|100\/100|[from] U-turn\n|-weather|SunnyDay|[from] ability: Drought|[of] p1a: Ninetales\n|move|p2a: Halloweener|Night Shade|p1a: Ninetales\n|-damage|p1a: Ninetales|66\/100\n|\n|-weather|SunnyDay|[upkeep]\n|-heal|p1a: Ninetales|72\/100|[from] Grassy Terrain\n|-heal|p2a: Halloweener|72\/100 psn|[from] Grassy Terrain\n|-damage|p2a: Halloweener|60\/100 psn|[from] psn\n|-fieldend|move: Grassy Terrain\n|upkeep\n|turn|6\n|\n|t:|1700303563\n|switch|p2a: Fabulous|Quaquaval, M|100\/100\n|move|p1a: Ninetales|Weather Ball|p2a: Fabulous\n|-resisted|p2a: Fabulous\n|-damage|p2a: Fabulous|66\/100\n|\n|-weather|SunnyDay|[upkeep]\n|upkeep\n|turn|7\n|\n|t:|1700303570\n|move|p2a: Fabulous|Flip Turn|p1a: Ninetales\n|-supereffective|p1a: Ninetales\n|-damage|p1a: Ninetales|19\/100\n|\n|t:|1700303581\n|switch|p2a: Key2Ur<3|Klefki, M|100\/100|[from] Flip Turn\n|move|p1a: Ninetales|Will-O-Wisp|p2a: Key2Ur<3\n|-status|p2a: Key2Ur<3|brn\n|\n|-weather|SunnyDay|[upkeep]\n|-damage|p2a: Key2Ur<3|95\/100 brn|[from] brn\n|upkeep\n|turn|8\n|\n|t:|1700303593\n|switch|p2a: Fabulous|Quaquaval, M|66\/100\n|move|p1a: Ninetales|Weather Ball|p2a: Fabulous\n|-resisted|p2a: Fabulous\n|-damage|p2a: Fabulous|27\/100\n|\n|-weather|SunnyDay|[upkeep]\n|upkeep\n|turn|9\n|\n|t:|1700303605\n|switch|p1a: Walking Wake|Walking Wake|100\/100\n|-activate|p1a: Walking Wake|ability: Protosynthesis\n|-start|p1a: Walking Wake|protosynthesisspe\n|move|p2a: Fabulous|Flip Turn|p1a: Walking Wake\n|-resisted|p1a: Walking Wake\n|-damage|p1a: Walking Wake|97\/100\n|\n|t:|1700303612\n|switch|p2a: Whistleblower|Amoonguss, M|100\/100|[from] Flip Turn\n|\n|-weather|SunnyDay|[upkeep]\n|upkeep\n|turn|10\n|\n|t:|1700303626\n|move|p1a: Walking Wake|Weather Ball|p2a: Whistleblower\n|-supereffective|p2a: Whistleblower\n|-damage|p2a: Whistleblower|39\/100\n|move|p2a: Whistleblower|Spore|p1a: Walking Wake\n|-status|p1a: Walking Wake|slp|[from] move: Spore\n|\n|-weather|SunnyDay|[upkeep]\n|-heal|p2a: Whistleblower|46\/100|[from] item: Leftovers\n|upkeep\n|turn|11\n|\n|t:|1700303639\n|switch|p2a: Ragnarok|Haxorus, M, shiny|45\/100\n|-ability|p2a: Ragnarok|Mold Breaker\n|cant|p1a: Walking Wake|slp\n|\n|-weather|SunnyDay|[upkeep]\n|upkeep\n|turn|12\n|\n|t:|1700303658\n|cant|p1a: Walking Wake|slp\n|move|p2a: Ragnarok|Scale Shot|p1a: Walking Wake\n|-supereffective|p1a: Walking Wake\n|-damage|p1a: Walking Wake|65\/100 slp\n|-supereffective|p1a: Walking Wake\n|-damage|p1a: Walking Wake|35\/100 slp\n|-hitcount|p1a: Walking Wake|2\n|-unboost|p2a: Ragnarok|def|1\n|-boost|p2a: Ragnarok|spe|1\n|\n|-weather|none\n|-end|p1a: Walking Wake|Protosynthesis\n|upkeep\n|turn|13\n|\n|t:|1700303673\n|-end|p1a: Walking Wake|Protosynthesis|[silent]\n|switch|p1a: Ninetales|Ninetales, M|19\/100\n|-weather|SunnyDay|[from] ability: Drought|[of] p1a: Ninetales\n|move|p2a: Ragnarok|Scale Shot|p1a: Ninetales\n|-damage|p1a: Ninetales|0 fnt\n|faint|p1a: Ninetales\n|-hitcount|p1: Ninetales|1\n|-unboost|p2a: Ragnarok|def|1\n|-boost|p2a: Ragnarok|spe|1\n|\n|-weather|SunnyDay|[upkeep]\n|upkeep\n|\n|t:|1700303690\n|switch|p1a: Cinderace|Cinderace, F|100\/100\n|turn|14\n|\n|t:|1700303705\n|switch|p2a: Key2Ur<3|Klefki, M|95\/100 brn\n|move|p1a: Cinderace|Sucker Punch||[still]\n|-fail|p1a: Cinderace\n|\n|-weather|SunnyDay|[upkeep]\n|-damage|p2a: Key2Ur<3|89\/100 brn|[from] brn\n|upkeep\n|turn|15\n|\n|t:|1700303716\n|switch|p1a: Sandy Shocks|Sandy Shocks|100\/100\n|-activate|p1a: Sandy Shocks|ability: Protosynthesis\n|-start|p1a: Sandy Shocks|protosynthesisspa\n|move|p2a: Key2Ur<3|Spikes|p1a: Sandy Shocks\n|-sidestart|p1: Hynah|Spikes\n|\n|-weather|SunnyDay|[upkeep]\n|-damage|p2a: Key2Ur<3|83\/100 brn|[from] brn\n|upkeep\n|turn|16\n|\n|t:|1700303728\n|move|p2a: Key2Ur<3|Spikes|p1a: Sandy Shocks\n|-sidestart|p1: Hynah|Spikes\n|move|p1a: Sandy Shocks|Earth Power|p2a: Key2Ur<3\n|-supereffective|p2a: Key2Ur<3\n|-damage|p2a: Key2Ur<3|0 fnt\n|faint|p2a: Key2Ur<3\n|\n|-weather|SunnyDay|[upkeep]\n|upkeep\n|\n|t:|1700303742\n|switch|p2a: Fabulous|Quaquaval, M|27\/100\n|turn|17\n|\n|t:|1700303746\n|move|p2a: Fabulous|Flip Turn|p1a: Sandy Shocks\n|-supereffective|p1a: Sandy Shocks\n|-damage|p1a: Sandy Shocks|66\/100\n|\n|t:|1700303748\n|switch|p2a: Whistleblower|Amoonguss, M|79\/100|[from] Flip Turn\n|move|p1a: Sandy Shocks|Earth Power|p2a: Whistleblower\n|-damage|p2a: Whistleblower|18\/100\n|\n|-weather|SunnyDay|[upkeep]\n|-heal|p2a: Whistleblower|24\/100|[from] item: Leftovers\n|upkeep\n|turn|18\n|\n|t:|1700303766\n|move|p1a: Sandy Shocks|Earth Power|p2a: Whistleblower\n|-damage|p2a: Whistleblower|0 fnt\n|faint|p2a: Whistleblower\n|\n|-weather|SunnyDay|[upkeep]\n|upkeep\n|\n|t:|1700303803\n|switch|p2a: Fabulous|Quaquaval, M|27\/100\n|turn|19\n|\n|t:|1700303829\n|-end|p1a: Sandy Shocks|Protosynthesis|[silent]\n|switch|p1a: Walking Wake|Walking Wake|35\/100 slp\n|-damage|p1a: Walking Wake|18\/100 slp|[from] Spikes\n|-activate|p1a: Walking Wake|ability: Protosynthesis\n|-start|p1a: Walking Wake|protosynthesisspe\n|move|p2a: Fabulous|Close Combat|p1a: Walking Wake\n|-damage|p1a: Walking Wake|0 fnt\n|-unboost|p2a: Fabulous|def|1\n|-unboost|p2a: Fabulous|spd|1\n|faint|p1a: Walking Wake\n|-end|p1a: Walking Wake|Protosynthesis|[silent]\n|-ability|p2a: Fabulous|Moxie|boost\n|-boost|p2a: Fabulous|atk|1\n|\n|-weather|SunnyDay|[upkeep]\n|upkeep\n|\n|t:|1700303842\n|switch|p1a: Rillaboom|Rillaboom, M|41\/100\n|-damage|p1a: Rillaboom|24\/100|[from] Spikes\n|-fieldstart|move: Grassy Terrain|[from] ability: Grassy Surge|[of] p1a: Rillaboom\n|turn|20\n|\n|t:|1700303850\n|switch|p2a: Halloweener|Dusclops, M, shiny|60\/100 psn\n|-item|p1a: Rillaboom|Meadow Plate|[from] ability: Frisk|[of] p2a: Halloweener|[identify]\n|move|p1a: Rillaboom|Grassy Glide|p2a: Halloweener\n|-damage|p2a: Halloweener|38\/100 psn\n|\n|-weather|none\n|-heal|p1a: Rillaboom|30\/100|[from] Grassy Terrain\n|-heal|p2a: Halloweener|44\/100 psn|[from] Grassy Terrain\n|-damage|p2a: Halloweener|32\/100 psn|[from] psn\n|upkeep\n|turn|21\n|\n|t:|1700303862\n|move|p1a: Rillaboom|Knock Off|p2a: Halloweener\n|-supereffective|p2a: Halloweener\n|-damage|p2a: Halloweener|0 fnt\n|-enditem|p2a: Halloweener|Eviolite|[from] move: Knock Off|[of] p1a: Rillaboom\n|faint|p2a: Halloweener\n|\n|-heal|p1a: Rillaboom|37\/100|[from] Grassy Terrain\n|upkeep\n|\n|t:|1700303866\n|switch|p2a: Ragnarok|Haxorus, M, shiny|45\/100\n|-ability|p2a: Ragnarok|Mold Breaker\n|turn|22\n|\n|t:|1700303877\n|move|p2a: Ragnarok|Close Combat|p1a: Rillaboom\n|-crit|p1a: Rillaboom\n|-damage|p1a: Rillaboom|0 fnt\n|-unboost|p2a: Ragnarok|def|1\n|-unboost|p2a: Ragnarok|spd|1\n|faint|p1a: Rillaboom\n|\n|-heal|p2a: Ragnarok|51\/100|[from] Grassy Terrain\n|upkeep\n|\n|t:|1700303885\n|switch|p1a: Sneasler|Sneasler, F|74\/100\n|-damage|p1a: Sneasler|58\/100|[from] Spikes\n|turn|23\n|\n|t:|1700303895\n|move|p2a: Ragnarok|Scale Shot|p1a: Sneasler\n|-damage|p1a: Sneasler|41\/100\n|-damage|p1a: Sneasler|22\/100\n|-damage|p1a: Sneasler|4\/100\n|-hitcount|p1a: Sneasler|3\n|-unboost|p2a: Ragnarok|def|1\n|-boost|p2a: Ragnarok|spe|1\n|move|p1a: Sneasler|Acrobatics|p2a: Ragnarok\n|-damage|p2a: Ragnarok|0 fnt\n|faint|p2a: Ragnarok\n|\n|-heal|p1a: Sneasler|10\/100|[from] Grassy Terrain\n|upkeep\n|\n|t:|1700303902\n|switch|p2a: Fabulous|Quaquaval, M|27\/100\n|turn|24\n|\n|t:|1700303912\n|move|p2a: Fabulous|Aqua Step|p1a: Sneasler\n|-damage|p1a: Sneasler|0 fnt\n|-boost|p2a: Fabulous|spe|1\n|faint|p1a: Sneasler\n|-ability|p2a: Fabulous|Moxie|boost\n|-boost|p2a: Fabulous|atk|1\n|\n|-heal|p2a: Fabulous|33\/100|[from] Grassy Terrain\n|-fieldend|move: Grassy Terrain\n|upkeep\n|\n|t:|1700303923\n|switch|p1a: Cinderace|Cinderace, F|100\/100\n|-damage|p1a: Cinderace|84\/100|[from] Spikes\n|turn|25\n|\n|t:|1700303928\n|move|p1a: Cinderace|Sucker Punch|p2a: Fabulous\n|-start|p1a: Cinderace|typechange|Dark|[from] ability: Libero\n|-resisted|p2a: Fabulous\n|-damage|p2a: Fabulous|0 fnt\n|faint|p2a: Fabulous\n|\n|upkeep\n|\n|t:|1700303932\n|switch|p2a: Turncoat|Bisharp, M, shiny|100\/100\n|turn|26\n|\n|t:|1700303937\n|switch|p1a: Sandy Shocks|Sandy Shocks|66\/100\n|-damage|p1a: Sandy Shocks|49\/100|[from] Spikes\n|-terastallize|p2a: Turncoat|Fairy\n|move|p2a: Turncoat|Swords Dance|p2a: Turncoat\n|-boost|p2a: Turncoat|atk|2\n|\n|upkeep\n|turn|27\n|\n|t:|1700303954\n|move|p2a: Turncoat|Sucker Punch|p1a: Sandy Shocks\n|-damage|p1a: Sandy Shocks|0 fnt\n|faint|p1a: Sandy Shocks\n|-end|p1a: Sandy Shocks|Protosynthesis|[silent]\n|\n|upkeep\n|\n|t:|1700303958\n|switch|p1a: Cinderace|Cinderace, F|84\/100\n|-damage|p1a: Cinderace|67\/100|[from] Spikes\n|turn|28\n|-message|Hynah forfeited.\n|\n|win|Zezroy5\n|raw|Hynah's rating: 1177 &rarr; <strong>1152<\/strong><br \/>(-25 for losing)\n|raw|Zezroy5's rating: 1173 &rarr; <strong>1198<\/strong><br \/>(+25 for winning)\n|l|\u2606Hynah\n","uploadtime":1700303969,"views":9,"p1id":"hynah","p2id":"zezroy5","formatid":"gen9ou","rating":1152,"private":0,"password":""}