{"id":"gen9ou-1988337493","p1":"Big Test These","p2":"dumbdumbgum","format":"[Gen 9] OU","log":"|j|\u2606Big Test These\n|j|\u2606dumbdumbgum\n|t:|1699710603\n|gametype|singles\n|player|p1|Big Test These|unknown|1390\n|player|p2|dumbdumbgum|firebreather|1390\n|teamsize|p1|6\n|teamsize|p2|6\n|gen|9\n|tier|[Gen 9] OU\n|rated|\n|rule|Sleep Clause Mod: Limit one foe put to sleep\n|rule|Species Clause: Limit one of each Pok\u00e9mon\n|rule|OHKO Clause: OHKO moves are banned\n|rule|Evasion Items Clause: Evasion items are banned\n|rule|Evasion Moves Clause: Evasion moves are banned\n|rule|Endless Battle Clause: Forcing endless battles is banned\n|rule|HP Percentage Mod: HP is shown in percentages\n|clearpoke\n|poke|p1|Hatterene, F|\n|poke|p1|Greninja-*, M|\n|poke|p1|Alomomola, F|\n|poke|p1|Slowking-Galar, M|\n|poke|p1|Great Tusk|\n|poke|p1|Kilowattrel, F|\n|poke|p2|Ogerpon-Wellspring, F|\n|poke|p2|Zapdos|\n|poke|p2|Kingambit, M|\n|poke|p2|Gliscor, F|\n|poke|p2|Hatterene, F|\n|poke|p2|Dragapult, F|\n|teampreview\n|\n|t:|1699710616\n|start\n|switch|p1a: Greninja|Greninja, M, shiny|100\/100\n|switch|p2a: Dragapult|Dragapult, F|100\/100\n|turn|1\n|\n|t:|1699710630\n|switch|p1a: Slowking|Slowking-Galar, M|100\/100\n|move|p2a: Dragapult|U-turn|p1a: Slowking\n|-damage|p1a: Slowking|83\/100\n|\n|t:|1699710638\n|switch|p2a: Ogerpon|Ogerpon-Wellspring, F|100\/100|[from] U-turn\n|\n|upkeep\n|turn|2\n|\n|t:|1699710652\n|move|p2a: Ogerpon|Swords Dance|p2a: Ogerpon\n|-boost|p2a: Ogerpon|atk|2\n|move|p1a: Slowking|Sludge Bomb|p2a: Ogerpon\n|-supereffective|p2a: Ogerpon\n|-damage|p2a: Ogerpon|22\/100\n|\n|upkeep\n|turn|3\n|\n|t:|1699710664\n|switch|p1a: Alomomola|Alomomola, F|100\/100\n|-terastallize|p2a: Ogerpon|Water\n|detailschange|p2a: Ogerpon|Ogerpon-Wellspring-Tera, F, tera:Water\n|-ability|p2a: Ogerpon|Embody Aspect (Wellspring)|boost\n|-boost|p2a: Ogerpon|spd|1\n|move|p2a: Ogerpon|Horn Leech|p1a: Alomomola\n|-supereffective|p1a: Alomomola\n|-crit|p1a: Alomomola\n|-damage|p1a: Alomomola|0 fnt\n|-heal|p2a: Ogerpon|100\/100|[from] drain|[of] p1a: Alomomola\n|faint|p1a: Alomomola\n|\n|upkeep\n|\n|t:|1699710681\n|switch|p1a: Kilowattrel|Kilowattrel, F|100\/100\n|turn|4\n|\n|t:|1699710685\n|move|p1a: Kilowattrel|Thunderbolt|p2a: Ogerpon\n|-supereffective|p2a: Ogerpon\n|-damage|p2a: Ogerpon|42\/100\n|move|p2a: Ogerpon|Trailblaze|p1a: Kilowattrel\n|-resisted|p1a: Kilowattrel\n|-damage|p1a: Kilowattrel|45\/100\n|-boost|p2a: Ogerpon|spe|1\n|\n|upkeep\n|turn|5\n|\n|t:|1699710693\n|move|p1a: Kilowattrel|Thunderbolt|p2a: Ogerpon\n|-supereffective|p2a: Ogerpon\n|-damage|p2a: Ogerpon|0 fnt\n|faint|p2a: Ogerpon\n|\n|upkeep\n|\n|t:|1699710698\n|switch|p2a: Gliscor|Gliscor, F|100\/100\n|turn|6\n|\n|t:|1699710707\n|switch|p1a: Hatterene|Hatterene, F|100\/100\n|switch|p2a: Dragapult|Dragapult, F|100\/100\n|\n|upkeep\n|turn|7\n|\n|t:|1699710713\n|move|p2a: Dragapult|Shadow Ball|p1a: Hatterene\n|-supereffective|p1a: Hatterene\n|-damage|p1a: Hatterene|0 fnt\n|faint|p1a: Hatterene\n|\n|upkeep\n|\n|t:|1699710716\n|switch|p1a: Greninja|Greninja, M, shiny|100\/100\n|turn|8\n|\n|t:|1699710726\n|switch|p2a: Kingambit|Kingambit, M|100\/100\n|-activate|p2a: Kingambit|ability: Supreme Overlord\n|-start|p2a: Kingambit|fallen1|[silent]\n|move|p1a: Greninja|Hydro Pump|p2a: Kingambit\n|-start|p1a: Greninja|typechange|Water|[from] ability: Protean\n|-damage|p2a: Kingambit|28\/100\n|\n|upkeep\n|turn|9\n|\n|t:|1699710744\n|switch|p1a: Great Tusk|Great Tusk|100\/100\n|-enditem|p1a: Great Tusk|Booster Energy\n|-activate|p1a: Great Tusk|ability: Protosynthesis|[fromitem]\n|-start|p1a: Great Tusk|protosynthesisatk\n|-end|p2a: Kingambit|fallen1|[silent]\n|switch|p2a: Dragapult|Dragapult, F|100\/100\n|\n|upkeep\n|turn|10\n|\n|t:|1699710757\n|switch|p2a: Zapdos|Zapdos|100\/100\n|-terastallize|p1a: Great Tusk|Dark\n|move|p1a: Great Tusk|Knock Off|p2a: Zapdos\n|-damage|p2a: Zapdos|55\/100\n|-enditem|p2a: Zapdos|Heavy-Duty Boots|[from] move: Knock Off|[of] p1a: Great Tusk\n|\n|upkeep\n|turn|11\n|\n|t:|1699710767\n|-end|p1a: Great Tusk|Protosynthesis|[silent]\n|switch|p1a: Kilowattrel|Kilowattrel, F|45\/100\n|move|p2a: Zapdos|Roost|p2a: Zapdos\n|-heal|p2a: Zapdos|100\/100\n|-singleturn|p2a: Zapdos|move: Roost\n|\n|upkeep\n|turn|12\n|\n|t:|1699710774\n|switch|p2a: Gliscor|Gliscor, F|100\/100\n|move|p1a: Kilowattrel|Thunderbolt|p2a: Gliscor\n|-immune|p2a: Gliscor\n|\n|-status|p2a: Gliscor|tox|[from] item: Toxic Orb\n|upkeep\n|turn|13\n|\n|t:|1699710782\n|switch|p1a: Greninja|Greninja, M, shiny|100\/100\n|move|p2a: Gliscor|Earthquake|p1a: Greninja\n|-damage|p1a: Greninja|46\/100\n|\n|upkeep\n|turn|14\n|\n|t:|1699710789\n|move|p2a: Gliscor|Protect|p2a: Gliscor\n|-singleturn|p2a: Gliscor|Protect\n|move|p1a: Greninja|Ice Beam|p2a: Gliscor\n|-start|p1a: Greninja|typechange|Ice|[from] ability: Protean\n|-activate|p2a: Gliscor|move: Protect\n|\n|upkeep\n|turn|15\n|\n|t:|1699710799\n|switch|p2a: Hatterene|Hatterene, F|100\/100\n|move|p1a: Greninja|Ice Beam|p2a: Hatterene\n|-damage|p2a: Hatterene|40\/100\n|\n|-heal|p2a: Hatterene|46\/100|[from] item: Leftovers\n|upkeep\n|turn|16\n|\n|t:|1699710807\n|move|p1a: Greninja|Ice Beam|p2a: Hatterene\n|-damage|p2a: Hatterene|0 fnt\n|faint|p2a: Hatterene\n|\n|upkeep\n|\n|t:|1699710813\n|switch|p2a: Kingambit|Kingambit, M|28\/100\n|-activate|p2a: Kingambit|ability: Supreme Overlord\n|-start|p2a: Kingambit|fallen2|[silent]\n|turn|17\n|\n|t:|1699710819\n|switch|p1a: Great Tusk|Great Tusk, tera:Dark|100\/100\n|-end|p2a: Kingambit|fallen2|[silent]\n|switch|p2a: Dragapult|Dragapult, F|100\/100\n|\n|upkeep\n|turn|18\n|\n|t:|1699710827\n|-end|p1a: Great Tusk|Protosynthesis|[silent]\n|switch|p1a: Kilowattrel|Kilowattrel, F|45\/100\n|move|p2a: Dragapult|U-turn|p1a: Kilowattrel\n|-resisted|p1a: Kilowattrel\n|-damage|p1a: Kilowattrel|29\/100\n|\n|t:|1699710833\n|switch|p2a: Gliscor|Gliscor, F|100\/100 tox|[from] U-turn\n|\n|upkeep\n|turn|19\n|\n|t:|1699710839\n|move|p1a: Kilowattrel|Hurricane|p2a: Gliscor\n|-damage|p2a: Gliscor|45\/100 tox\n|move|p2a: Gliscor|Spikes|p1a: Kilowattrel\n|-sidestart|p1: Big Test These|Spikes\n|\n|-heal|p2a: Gliscor|58\/100 tox|[from] ability: Poison Heal\n|upkeep\n|turn|20\n|\n|t:|1699710846\n|switch|p1a: Greninja|Greninja, M, shiny|46\/100\n|-damage|p1a: Greninja|34\/100|[from] Spikes\n|move|p2a: Gliscor|Protect||[still]\n|-fail|p2a: Gliscor\n|\n|-heal|p2a: Gliscor|70\/100 tox|[from] ability: Poison Heal\n|upkeep\n|turn|21\n|\n|t:|1699710856\n|move|p2a: Gliscor|Protect|p2a: Gliscor\n|-singleturn|p2a: Gliscor|Protect\n|move|p1a: Greninja|Ice Beam|p2a: Gliscor\n|-start|p1a: Greninja|typechange|Ice|[from] ability: Protean\n|-activate|p2a: Gliscor|move: Protect\n|\n|-heal|p2a: Gliscor|82\/100 tox|[from] ability: Poison Heal\n|upkeep\n|turn|22\n|\n|t:|1699710867\n|switch|p2a: Zapdos|Zapdos|100\/100\n|move|p1a: Greninja|Ice Beam|p2a: Zapdos\n|-supereffective|p2a: Zapdos\n|-damage|p2a: Zapdos|0 fnt\n|faint|p2a: Zapdos\n|\n|upkeep\n|\n|t:|1699710874\n|switch|p2a: Kingambit|Kingambit, M|28\/100\n|-activate|p2a: Kingambit|ability: Supreme Overlord\n|-start|p2a: Kingambit|fallen3|[silent]\n|turn|23\n|\n|t:|1699710880\n|switch|p1a: Great Tusk|Great Tusk, tera:Dark|100\/100\n|-damage|p1a: Great Tusk|88\/100|[from] Spikes\n|move|p2a: Kingambit|Sucker Punch||[still]\n|-fail|p2a: Kingambit\n|\n|upkeep\n|turn|24\n|\n|t:|1699710891\n|-end|p1a: Great Tusk|Protosynthesis|[silent]\n|switch|p1a: Greninja|Greninja, M, shiny|34\/100\n|-damage|p1a: Greninja|22\/100|[from] Spikes\n|-end|p2a: Kingambit|fallen3|[silent]\n|switch|p2a: Gliscor|Gliscor, F|82\/100 tox\n|\n|-heal|p2a: Gliscor|95\/100 tox|[from] ability: Poison Heal\n|upkeep\n|turn|25\n|\n|t:|1699710907\n|switch|p2a: Dragapult|Dragapult, F|100\/100\n|move|p1a: Greninja|Ice Beam|p2a: Dragapult\n|-start|p1a: Greninja|typechange|Ice|[from] ability: Protean\n|-supereffective|p2a: Dragapult\n|-damage|p2a: Dragapult|0 fnt\n|faint|p2a: Dragapult\n|\n|upkeep\n|\n|t:|1699710914\n|switch|p2a: Kingambit|Kingambit, M|28\/100\n|-activate|p2a: Kingambit|ability: Supreme Overlord\n|-start|p2a: Kingambit|fallen4|[silent]\n|turn|26\n|\n|t:|1699710922\n|switch|p1a: Kilowattrel|Kilowattrel, F|29\/100\n|move|p2a: Kingambit|Iron Head|p1a: Kilowattrel\n|-resisted|p1a: Kilowattrel\n|-damage|p1a: Kilowattrel|0 fnt\n|faint|p1a: Kilowattrel\n|-damage|p2a: Kingambit|19\/100|[from] item: Life Orb\n|\n|upkeep\n|\n|t:|1699710935\n|switch|p1a: Great Tusk|Great Tusk, tera:Dark|88\/100\n|-damage|p1a: Great Tusk|76\/100|[from] Spikes\n|turn|27\n|\n|t:|1699710944\n|-end|p2a: Kingambit|fallen4|[silent]\n|switch|p2a: Gliscor|Gliscor, F|95\/100 tox\n|move|p1a: Great Tusk|Knock Off|p2a: Gliscor\n|-damage|p2a: Gliscor|63\/100 tox\n|-enditem|p2a: Gliscor|Toxic Orb|[from] move: Knock Off|[of] p1a: Great Tusk\n|\n|-heal|p2a: Gliscor|76\/100 tox|[from] ability: Poison Heal\n|upkeep\n|turn|28\n|\n|t:|1699710953\n|-end|p1a: Great Tusk|Protosynthesis|[silent]\n|switch|p1a: Slowking|Slowking-Galar, M|100\/100\n|move|p2a: Gliscor|Spikes|p1a: Slowking\n|-sidestart|p1: Big Test These|Spikes\n|\n|-heal|p2a: Gliscor|88\/100 tox|[from] ability: Poison Heal\n|upkeep\n|turn|29\n|\n|t:|1699710961\n|move|p2a: Gliscor|Earthquake|p1a: Slowking\n|-supereffective|p1a: Slowking\n|-damage|p1a: Slowking|27\/100\n|move|p1a: Slowking|Future Sight|p2a: Gliscor\n|-start|p1a: Slowking|move: Future Sight\n|\n|-heal|p2a: Gliscor|100\/100 tox|[from] ability: Poison Heal\n|upkeep\n|turn|30\n|\n|t:|1699710969\n|move|p2a: Gliscor|Spikes|p1a: Slowking\n|-sidestart|p1: Big Test These|Spikes\n|move|p1a: Slowking|Chilly Reception|p1a: Slowking\n|-weather|Snow\n|\n|t:|1699710972\n|switch|p1a: Great Tusk|Great Tusk, tera:Dark|76\/100|[from] Chilly Reception\n|-damage|p1a: Great Tusk|51\/100|[from] Spikes\n|\n|-weather|Snow|[upkeep]\n|upkeep\n|turn|31\n|\n|t:|1699710979\n|move|p2a: Gliscor|Protect|p2a: Gliscor\n|-singleturn|p2a: Gliscor|Protect\n|move|p1a: Great Tusk|Rapid Spin|p2a: Gliscor\n|-activate|p2a: Gliscor|move: Protect\n|\n|-weather|Snow|[upkeep]\n|-end|p2a: Gliscor|move: Future Sight\n|-damage|p2a: Gliscor|44\/100 tox\n|-heal|p2a: Gliscor|57\/100 tox|[from] ability: Poison Heal\n|upkeep\n|turn|32\n|\n|t:|1699710989\n|move|p1a: Great Tusk|Rapid Spin|p2a: Gliscor\n|-damage|p2a: Gliscor|45\/100 tox\n|-boost|p1a: Great Tusk|spe|1\n|-sideend|p1: Big Test These|Spikes|[from] move: Rapid Spin|[of] p1a: Great Tusk\n|move|p2a: Gliscor|Spikes|p1a: Great Tusk\n|-sidestart|p1: Big Test These|Spikes\n|\n|-weather|Snow|[upkeep]\n|-heal|p2a: Gliscor|58\/100 tox|[from] ability: Poison Heal\n|upkeep\n|turn|33\n|\n|t:|1699711012\n|move|p1a: Great Tusk|Rapid Spin|p2a: Gliscor\n|-damage|p2a: Gliscor|46\/100 tox\n|-boost|p1a: Great Tusk|spe|1\n|-sideend|p1: Big Test These|Spikes|[from] move: Rapid Spin|[of] p1a: Great Tusk\n|move|p2a: Gliscor|Spikes|p1a: Great Tusk\n|-sidestart|p1: Big Test These|Spikes\n|\n|-weather|Snow|[upkeep]\n|-heal|p2a: Gliscor|58\/100 tox|[from] ability: Poison Heal\n|upkeep\n|turn|34\n|\n|t:|1699711020\n|move|p1a: Great Tusk|Rapid Spin|p2a: Gliscor\n|-damage|p2a: Gliscor|47\/100 tox\n|-boost|p1a: Great Tusk|spe|1\n|-sideend|p1: Big Test These|Spikes|[from] move: Rapid Spin|[of] p1a: Great Tusk\n|move|p2a: Gliscor|Toxic|p1a: Great Tusk|[miss]\n|-miss|p2a: Gliscor|p1a: Great Tusk\n|\n|-weather|none\n|-heal|p2a: Gliscor|59\/100 tox|[from] ability: Poison Heal\n|upkeep\n|turn|35\n|\n|t:|1699711031\n|-end|p1a: Great Tusk|Protosynthesis|[silent]\n|switch|p1a: Slowking|Slowking-Galar, M|60\/100\n|move|p2a: Gliscor|Earthquake|p1a: Slowking\n|-supereffective|p1a: Slowking\n|-damage|p1a: Slowking|0 fnt\n|faint|p1a: Slowking\n|\n|-heal|p2a: Gliscor|71\/100 tox|[from] ability: Poison Heal\n|upkeep\n|\n|t:|1699711035\n|switch|p1a: Greninja|Greninja, M, shiny|22\/100\n|turn|36\n|\n|t:|1699711044\n|move|p1a: Greninja|Ice Beam|p2a: Gliscor\n|-start|p1a: Greninja|typechange|Ice|[from] ability: Protean\n|-supereffective|p2a: Gliscor\n|-crit|p2a: Gliscor\n|-damage|p2a: Gliscor|0 fnt\n|faint|p2a: Gliscor\n|\n|upkeep\n|\n|t:|1699711051\n|switch|p2a: Kingambit|Kingambit, M|19\/100\n|-activate|p2a: Kingambit|ability: Supreme Overlord\n|-start|p2a: Kingambit|fallen5|[silent]\n|turn|37\n|c|\u2606Big Test These|gg\n|\n|t:|1699711061\n|move|p1a: Greninja|Ice Beam|p2a: Kingambit\n|-resisted|p2a: Kingambit\n|-damage|p2a: Kingambit|0 fnt\n|faint|p2a: Kingambit\n|-end|p2a: Kingambit|fallen5|[silent]\n|\n|win|Big Test These\n|raw|Big Test These's rating: 1390 &rarr; <strong>1410<\/strong><br \/>(+20 for winning)\n|raw|dumbdumbgum's rating: 1390 &rarr; <strong>1370<\/strong><br \/>(-20 for losing)\n|c|\u2606Big Test These|bro?\n|c|\u2606Big Test These|you had it\n|l|\u2606dumbdumbgum\n","uploadtime":1699711115,"views":22,"p1id":"bigtestthese","p2id":"dumbdumbgum","formatid":"gen9ou","rating":1370,"private":0,"password":""}