{"id":"gen9ou-1992651418","p1":"zhangdinglong","p2":"ampharosluz","format":"[Gen 9] OU","log":"|j|\u2606zhangdinglong\n|j|\u2606ampharosluz\n|t:|1700220560\n|gametype|singles\n|player|p1|zhangdinglong|elesa-masters|1158\n|player|p2|ampharosluz|265|1162\n|teamsize|p1|6\n|teamsize|p2|6\n|gen|9\n|tier|[Gen 9] OU\n|rated|\n|rule|Sleep Clause Mod: Limit one foe put to sleep\n|rule|Species Clause: Limit one of each Pok\u00e9mon\n|rule|OHKO Clause: OHKO moves are banned\n|rule|Evasion Items Clause: Evasion items are banned\n|rule|Evasion Moves Clause: Evasion moves are banned\n|rule|Endless Battle Clause: Forcing endless battles is banned\n|rule|HP Percentage Mod: HP is shown in percentages\n|clearpoke\n|poke|p1|Ursaluna, F|\n|poke|p1|Hatterene, F|\n|poke|p1|Cresselia, F|\n|poke|p1|Walking Wake|\n|poke|p1|Torkoal, F|\n|poke|p1|Kingambit, M|\n|poke|p2|Sableye, F|\n|poke|p2|Gholdengo|\n|poke|p2|Weezing-Galar, M|\n|poke|p2|Clodsire, M|\n|poke|p2|Slowking, F|\n|poke|p2|Garganacl, F|\n|teampreview\n|\n|t:|1700220571\n|start\n|switch|p1a: Hatterene|Hatterene, F|100\/100\n|switch|p2a: Sableye|Sableye, F|100\/100\n|turn|1\n|\n|t:|1700220590\n|move|p2a: Sableye|Trick|p1a: Hatterene\n|-activate|p2a: Sableye|move: Trick|[of] p1a: Hatterene\n|-item|p1a: Hatterene|Choice Scarf|[from] move: Trick\n|-item|p2a: Sableye|Focus Sash|[from] move: Trick\n|move|p1a: Hatterene|Trick Room|p1a: Hatterene\n|-fieldstart|move: Trick Room|[of] p1a: Hatterene\n|\n|upkeep\n|turn|2\n|\n|t:|1700220602\n|switch|p1a: Ursaluna|Ursaluna, F|100\/100\n|move|p2a: Sableye|Trick|p1a: Ursaluna\n|-activate|p2a: Sableye|move: Trick|[of] p1a: Ursaluna\n|-item|p1a: Ursaluna|Focus Sash|[from] move: Trick\n|-item|p2a: Sableye|Flame Orb|[from] move: Trick\n|\n|-status|p2a: Sableye|brn|[from] item: Flame Orb\n|upkeep\n|turn|3\n|\n|t:|1700220616\n|switch|p2a: Slowking|Slowking, F|100\/100\n|move|p1a: Ursaluna|Headlong Rush|p2a: Slowking\n|-damage|p2a: Slowking|44\/100\n|-unboost|p1a: Ursaluna|def|1\n|-unboost|p1a: Ursaluna|spd|1\n|\n|upkeep\n|turn|4\n|\n|t:|1700220626\n|move|p2a: Slowking|Chilly Reception|p2a: Slowking\n|-weather|Snow\n|\n|t:|1700220631\n|switch|p2a: Weezing|Weezing-Galar, M|100\/100|[from] Chilly Reception\n|move|p1a: Ursaluna|Headlong Rush|p2a: Weezing\n|-immune|p2a: Weezing|[from] ability: Levitate\n|\n|-weather|Snow|[upkeep]\n|upkeep\n|turn|5\n|\n|t:|1700220640\n|switch|p1a: Hatterene|Hatterene, F|100\/100\n|move|p2a: Weezing|Strange Steam|p1a: Hatterene\n|-damage|p1a: Hatterene|73\/100\n|\n|-weather|Snow|[upkeep]\n|-fieldend|move: Trick Room\n|upkeep\n|turn|6\n|\n|t:|1700220659\n|move|p2a: Weezing|Strange Steam|p1a: Hatterene\n|-damage|p1a: Hatterene|46\/100\n|move|p1a: Hatterene|Misty Explosion|p2a: Weezing\n|-resisted|p2a: Weezing\n|-crit|p2a: Weezing\n|-damage|p2a: Weezing|59\/100\n|faint|p1a: Hatterene\n|\n|-weather|Snow|[upkeep]\n|-heal|p2a: Weezing|65\/100|[from] item: Leftovers\n|upkeep\n|\n|t:|1700220668\n|switch|p1a: Kingambit|Kingambit, M|100\/100\n|turn|7\n|\n|t:|1700220674\n|move|p2a: Weezing|Will-O-Wisp|p1a: Kingambit\n|-status|p1a: Kingambit|brn\n|move|p1a: Kingambit|Iron Head|p2a: Weezing\n|-supereffective|p2a: Weezing\n|-damage|p2a: Weezing|9\/100\n|-damage|p1a: Kingambit|91\/100 brn|[from] item: Life Orb\n|\n|-weather|Snow|[upkeep]\n|-heal|p2a: Weezing|15\/100|[from] item: Leftovers\n|-damage|p1a: Kingambit|84\/100 brn|[from] brn\n|upkeep\n|turn|8\n|\n|t:|1700220689\n|switch|p2a: Clodsire|Clodsire, M|100\/100\n|move|p1a: Kingambit|Iron Head|p2a: Clodsire\n|-damage|p2a: Clodsire|65\/100\n|-damage|p1a: Kingambit|75\/100 brn|[from] item: Life Orb\n|\n|-weather|none\n|-damage|p1a: Kingambit|68\/100 brn|[from] brn\n|upkeep\n|turn|9\n|\n|t:|1700220699\n|move|p1a: Kingambit|Swords Dance|p1a: Kingambit\n|-boost|p1a: Kingambit|atk|2\n|move|p2a: Clodsire|Earthquake|p1a: Kingambit\n|-supereffective|p1a: Kingambit\n|-damage|p1a: Kingambit|28\/100 brn\n|\n|-damage|p1a: Kingambit|22\/100 brn|[from] brn\n|upkeep\n|turn|10\n|\n|t:|1700220711\n|move|p1a: Kingambit|Iron Head|p2a: Clodsire\n|-damage|p2a: Clodsire|0 fnt\n|faint|p2a: Clodsire\n|-damage|p1a: Kingambit|12\/100 brn|[from] item: Life Orb\n|\n|-damage|p1a: Kingambit|5\/100 brn|[from] brn\n|upkeep\n|\n|t:|1700220725\n|switch|p2a: Weezing|Weezing-Galar, M|15\/100\n|turn|11\n|\n|t:|1700220728\n|switch|p1a: Ursaluna|Ursaluna, F|100\/100\n|move|p2a: Weezing|Strange Steam|p1a: Ursaluna\n|-damage|p1a: Ursaluna|76\/100\n|\n|-heal|p2a: Weezing|21\/100|[from] item: Leftovers\n|upkeep\n|turn|12\n|\n|t:|1700220737\n|move|p2a: Weezing|Strange Steam|p1a: Ursaluna\n|-damage|p1a: Ursaluna|51\/100\n|move|p1a: Ursaluna|Facade|p2a: Weezing\n|-damage|p2a: Weezing|0 fnt\n|faint|p2a: Weezing\n|\n|upkeep\n|\n|t:|1700220751\n|switch|p2a: Sableye|Sableye, F|100\/100 brn\n|turn|13\n|\n|t:|1700220775\n|move|p2a: Sableye|Foul Play|p1a: Ursaluna\n|-damage|p1a: Ursaluna|31\/100\n|move|p1a: Ursaluna|Headlong Rush|p2a: Sableye\n|-damage|p2a: Sableye|32\/100 brn\n|-unboost|p1a: Ursaluna|def|1\n|-unboost|p1a: Ursaluna|spd|1\n|\n|-damage|p2a: Sableye|26\/100 brn|[from] brn\n|upkeep\n|turn|14\n|\n|t:|1700220786\n|switch|p2a: Slowking|Slowking, F|77\/100\n|move|p1a: Ursaluna|Headlong Rush|p2a: Slowking\n|-damage|p2a: Slowking|24\/100\n|-unboost|p1a: Ursaluna|def|1\n|-unboost|p1a: Ursaluna|spd|1\n|\n|upkeep\n|turn|15\n|-message|ampharosluz forfeited.\n|\n|win|zhangdinglong\n|raw|zhangdinglong's rating: 1158 &rarr; <strong>1183<\/strong><br \/>(+25 for winning)\n|raw|ampharosluz's rating: 1162 &rarr; <strong>1137<\/strong><br \/>(-25 for losing)\n|l|\u2606ampharosluz\n","uploadtime":1700220800,"views":11,"p1id":"zhangdinglong","p2id":"ampharosluz","formatid":"gen9ou","rating":1137,"private":0,"password":""}