{"id":"gen9ou-1993533526","p1":"Thehombre","p2":"Amberinkblaze","format":"[Gen 9] OU","log":"|j|\u2606Thehombre\n|j|\u2606Amberinkblaze\n|t:|1700328903\n|gametype|singles\n|player|p1|Thehombre|169|1037\n|player|p2|Amberinkblaze|cynthia-gen4|1023\n|teamsize|p1|6\n|teamsize|p2|6\n|gen|9\n|tier|[Gen 9] OU\n|rated|\n|rule|Sleep Clause Mod: Limit one foe put to sleep\n|rule|Species Clause: Limit one of each Pok\u00e9mon\n|rule|OHKO Clause: OHKO moves are banned\n|rule|Evasion Items Clause: Evasion items are banned\n|rule|Evasion Moves Clause: Evasion moves are banned\n|rule|Endless Battle Clause: Forcing endless battles is banned\n|rule|HP Percentage Mod: HP is shown in percentages\n|clearpoke\n|poke|p1|Munkidori, M|\n|poke|p1|Dragapult, M|\n|poke|p1|Corviknight, F|\n|poke|p1|Ninetales-Alola, M|\n|poke|p1|Clefable, F|\n|poke|p1|Ogerpon-Cornerstone, F|\n|poke|p2|Meowscarada, F|\n|poke|p2|Zoroark, F|\n|poke|p2|Milotic, F|\n|poke|p2|Ditto|\n|poke|p2|Garganacl, M|\n|poke|p2|Iron Valiant|\n|teampreview\n|\n|t:|1700328911\n|start\n|switch|p1a: Munkidori|Munkidori, M|100\/100\n|switch|p2a: Meowscarada|Meowscarada, F, shiny|100\/100\n|turn|1\n|\n|t:|1700328926\n|move|p2a: Meowscarada|Protect|p2a: Meowscarada\n|-singleturn|p2a: Meowscarada|Protect\n|move|p1a: Munkidori|Calm Mind|p1a: Munkidori\n|-boost|p1a: Munkidori|spa|1\n|-boost|p1a: Munkidori|spd|1\n|\n|upkeep\n|turn|2\n|\n|t:|1700328933\n|move|p1a: Munkidori|Sludge Bomb|p2a: Meowscarada\n|-enditem|p2a: Meowscarada|Focus Sash\n|-damage|p2a: Meowscarada|1\/100\n|replace|p2a: Zoroark|Zoroark, F\n|-end|p2a: Zoroark|Illusion\n|move|p2a: Zoroark|Roar|p1a: Munkidori\n|drag|p1a: Ninetales|Ninetales-Alola, M|100\/100\n|-weather|Snow|[from] ability: Snow Warning|[of] p1a: Ninetales\n|\n|-weather|Snow|[upkeep]\n|upkeep\n|turn|3\n|\n|t:|1700328943\n|move|p1a: Ninetales|Aurora Veil|p1a: Ninetales\n|-sidestart|p1: Thehombre|move: Aurora Veil\n|move|p2a: Zoroark|U-turn|p1a: Ninetales\n|-resisted|p1a: Ninetales\n|-damage|p1a: Ninetales|97\/100\n|\n|t:|1700328950\n|switch|p2a: Ditto|Ditto|100\/100|[from] U-turn\n|-transform|p2a: Ditto|p1a: Ninetales|[from] ability: Imposter\n|\n|-weather|Snow|[upkeep]\n|upkeep\n|turn|4\n|inactive|Battle timer is ON: inactive players will automatically lose when time's up. (requested by Thehombre)\n|\n|t:|1700328958\n|move|p2a: Ditto|Aurora Veil|p2a: Ditto\n|-sidestart|p2: Amberinkblaze|move: Aurora Veil\n|move|p1a: Ninetales|Moonblast|p2a: Ditto\n|-damage|p2a: Ditto|80\/100\n|-enditem|p2a: Ditto|Red Card|[of] p1a: Ninetales\n|drag|p1a: Munkidori|Munkidori, M|100\/100\n|\n|-weather|Snow|[upkeep]\n|upkeep\n|turn|5\n|\n|t:|1700328967\n|move|p2a: Ditto|Blizzard|p1a: Munkidori\n|-damage|p1a: Munkidori|77\/100\n|move|p1a: Munkidori|Calm Mind|p1a: Munkidori\n|-boost|p1a: Munkidori|spa|1\n|-boost|p1a: Munkidori|spd|1\n|\n|-weather|Snow|[upkeep]\n|-heal|p1a: Munkidori|83\/100|[from] item: Leftovers\n|upkeep\n|turn|6\n|\n|t:|1700328978\n|move|p2a: Ditto|Moonblast|p1a: Munkidori\n|-resisted|p1a: Munkidori\n|-damage|p1a: Munkidori|76\/100\n|move|p1a: Munkidori|Sludge Bomb|p2a: Ditto\n|-supereffective|p2a: Ditto\n|-damage|p2a: Ditto|0 fnt\n|faint|p2a: Ditto\n|\n|-weather|none\n|-heal|p1a: Munkidori|82\/100|[from] item: Leftovers\n|upkeep\n|\n|t:|1700328982\n|switch|p2a: Meowscarada|Meowscarada, F, shiny|1\/100\n|turn|7\n|\n|t:|1700328988\n|switch|p2a: Garganacl|Garganacl, M|100\/100\n|move|p1a: Munkidori|Sludge Bomb|p2a: Garganacl\n|-resisted|p2a: Garganacl\n|-damage|p2a: Garganacl|83\/100\n|-status|p2a: Garganacl|psn\n|\n|-heal|p1a: Munkidori|88\/100|[from] item: Leftovers\n|-heal|p2a: Garganacl|90\/100 psn|[from] item: Leftovers\n|-damage|p2a: Garganacl|77\/100 psn|[from] psn\n|upkeep\n|turn|8\n|\n|t:|1700328995\n|move|p1a: Munkidori|Calm Mind|p1a: Munkidori\n|-boost|p1a: Munkidori|spa|1\n|-boost|p1a: Munkidori|spd|1\n|move|p2a: Garganacl|Salt Cure|p1a: Munkidori\n|-damage|p1a: Munkidori|77\/100\n|-start|p1a: Munkidori|Salt Cure\n|\n|-heal|p1a: Munkidori|83\/100|[from] item: Leftovers\n|-heal|p2a: Garganacl|83\/100 psn|[from] item: Leftovers\n|-damage|p2a: Garganacl|71\/100 psn|[from] psn\n|-damage|p1a: Munkidori|70\/100|[from] Salt Cure\n|-sideend|p2: Amberinkblaze|move: Aurora Veil\n|upkeep\n|turn|9\n|\n|t:|1700328999\n|move|p1a: Munkidori|Stored Power|p2a: Garganacl\n|-damage|p2a: Garganacl|0 fnt\n|faint|p2a: Garganacl\n|\n|-heal|p1a: Munkidori|76\/100|[from] item: Leftovers\n|-damage|p1a: Munkidori|64\/100|[from] Salt Cure\n|upkeep\n|\n|t:|1700329004\n|switch|p2a: Meowscarada|Meowscarada, F, shiny|1\/100\n|turn|10\n|\n|t:|1700329009\n|move|p2a: Meowscarada|Protect|p2a: Meowscarada\n|-singleturn|p2a: Meowscarada|Protect\n|move|p1a: Munkidori|Sludge Bomb|p2a: Meowscarada\n|-activate|p2a: Meowscarada|move: Protect\n|\n|-heal|p1a: Munkidori|70\/100|[from] item: Leftovers\n|-damage|p1a: Munkidori|58\/100|[from] Salt Cure\n|-sideend|p1: Thehombre|move: Aurora Veil\n|upkeep\n|turn|11\n|\n|t:|1700329016\n|move|p1a: Munkidori|Sludge Bomb|p2a: Meowscarada\n|-damage|p2a: Meowscarada|0 fnt\n|replace|p2a: Zoroark|Zoroark, F\n|-end|p2a: Zoroark|Illusion\n|faint|p2a: Zoroark\n|\n|-heal|p1a: Munkidori|64\/100|[from] item: Leftovers\n|-damage|p1a: Munkidori|51\/100|[from] Salt Cure\n|upkeep\n|\n|t:|1700329020\n|switch|p2a: Meowscarada|Meowscarada, F, shiny|100\/100\n|turn|12\n|\n|t:|1700329024\n|move|p2a: Meowscarada|Nasty Plot|p2a: Meowscarada\n|-start|p2a: Meowscarada|typechange|Dark|[from] ability: Protean\n|-boost|p2a: Meowscarada|spa|2\n|move|p1a: Munkidori|Sludge Bomb|p2a: Meowscarada\n|-damage|p2a: Meowscarada|0 fnt\n|faint|p2a: Meowscarada\n|\n|-heal|p1a: Munkidori|57\/100|[from] item: Leftovers\n|-damage|p1a: Munkidori|45\/100|[from] Salt Cure\n|upkeep\n|\n|t:|1700329031\n|switch|p2a: Iron Valiant|Iron Valiant|100\/100\n|-enditem|p2a: Iron Valiant|Booster Energy\n|-activate|p2a: Iron Valiant|ability: Quark Drive|[fromitem]\n|-start|p2a: Iron Valiant|quarkdrivespe\n|turn|13\n|\n|t:|1700329036\n|move|p2a: Iron Valiant|Knock Off|p1a: Munkidori\n|-supereffective|p1a: Munkidori\n|-damage|p1a: Munkidori|0 fnt\n|-enditem|p1a: Munkidori|Leftovers|[from] move: Knock Off|[of] p2a: Iron Valiant\n|faint|p1a: Munkidori\n|\n|upkeep\n|\n|t:|1700329039\n|switch|p1a: Ninetales|Ninetales-Alola, M|97\/100\n|-weather|Snow|[from] ability: Snow Warning|[of] p1a: Ninetales\n|turn|14\n|\n|t:|1700329045\n|move|p2a: Iron Valiant|Knock Off|p1a: Ninetales\n|-resisted|p1a: Ninetales\n|-damage|p1a: Ninetales|81\/100\n|-enditem|p1a: Ninetales|Light Clay|[from] move: Knock Off|[of] p2a: Iron Valiant\n|move|p1a: Ninetales|Aurora Veil|p1a: Ninetales\n|-sidestart|p1: Thehombre|move: Aurora Veil\n|\n|-weather|Snow|[upkeep]\n|upkeep\n|turn|15\n|\n|t:|1700329047\n|move|p2a: Iron Valiant|Close Combat|p1a: Ninetales\n|-damage|p1a: Ninetales|50\/100\n|-unboost|p2a: Iron Valiant|def|1\n|-unboost|p2a: Iron Valiant|spd|1\n|move|p1a: Ninetales|Moonblast|p2a: Iron Valiant\n|-supereffective|p2a: Iron Valiant\n|-damage|p2a: Iron Valiant|0 fnt\n|faint|p2a: Iron Valiant\n|-end|p2a: Iron Valiant|Quark Drive|[silent]\n|\n|-weather|Snow|[upkeep]\n|upkeep\n|\n|t:|1700329050\n|switch|p2a: Milotic|Milotic, F|100\/100\n|turn|16\n|\n|t:|1700329054\n|-terastallize|p2a: Milotic|Fire\n|move|p1a: Ninetales|Misty Terrain|p1a: Ninetales\n|-fieldstart|move: Misty Terrain\n|move|p2a: Milotic|Substitute|p2a: Milotic\n|-start|p2a: Milotic|Substitute\n|-damage|p2a: Milotic|76\/100\n|\n|-weather|Snow|[upkeep]\n|upkeep\n|turn|17\n|\n|t:|1700329065\n|switch|p1a: Ogerpon|Ogerpon-Cornerstone, F|100\/100\n|move|p2a: Milotic|Scald|p1a: Ogerpon\n|-damage|p1a: Ogerpon|83\/100\n|\n|-weather|Snow|[upkeep]\n|upkeep\n|turn|18\n|\n|t:|1700329071\n|move|p1a: Ogerpon|Ivy Cudgel|p2a: Milotic|[anim] Ivy Cudgel Rock\n|-supereffective|p2a: Milotic\n|-end|p2a: Milotic|Substitute\n|move|p2a: Milotic|Blizzard|p1a: Ogerpon\n|-supereffective|p1a: Ogerpon\n|-damage|p1a: Ogerpon|51\/100\n|\n|-weather|none\n|-sideend|p1: Thehombre|move: Aurora Veil\n|upkeep\n|turn|19\n|\n|t:|1700329078\n|move|p1a: Ogerpon|Ivy Cudgel|p2a: Milotic|[anim] Ivy Cudgel Rock\n|-supereffective|p2a: Milotic\n|-damage|p2a: Milotic|0 fnt\n|faint|p2a: Milotic\n|\n|win|Thehombre\n|raw|Thehombre's rating: 1037 &rarr; <strong>1070<\/strong><br \/>(+33 for winning)\n|raw|Amberinkblaze's rating: 1023 &rarr; <strong>1010<\/strong><br \/>(-13 for losing)\n","uploadtime":1700329081,"views":10,"p1id":"thehombre","p2id":"amberinkblaze","formatid":"gen9ou","rating":1010,"private":0,"password":""}