{"id":"gen9ou-1989529291","p1":"Michaellonz","p2":"Jmoneyzzz","format":"[Gen 9] OU","log":"|j|\u2606Michaellonz\n|j|\u2606Jmoneyzzz\n|t:|1699866329\n|gametype|singles\n|player|p1|Michaellonz|102|1000\n|player|p2|Jmoneyzzz|266|1071\n|teamsize|p1|6\n|teamsize|p2|6\n|gen|9\n|tier|[Gen 9] OU\n|rated|\n|rule|Sleep Clause Mod: Limit one foe put to sleep\n|rule|Species Clause: Limit one of each Pok\u00e9mon\n|rule|OHKO Clause: OHKO moves are banned\n|rule|Evasion Items Clause: Evasion items are banned\n|rule|Evasion Moves Clause: Evasion moves are banned\n|rule|Endless Battle Clause: Forcing endless battles is banned\n|rule|HP Percentage Mod: HP is shown in percentages\n|clearpoke\n|poke|p1|Gholdengo|\n|poke|p1|Greninja-*, F|\n|poke|p1|Dragonite, M|\n|poke|p1|Iron Moth|\n|poke|p1|Snorlax, F|\n|poke|p1|Tyranitar, M|\n|poke|p2|Glimmora, M|\n|poke|p2|Gholdengo|\n|poke|p2|Rotom-Wash|\n|poke|p2|Enamorus, F|\n|poke|p2|Toxapex, F|\n|poke|p2|Garchomp, M|\n|teampreview\n|\n|t:|1699866361\n|start\n|switch|p1a: Greninja|Greninja, F, shiny|100\/100\n|switch|p2a: Glimmora|Glimmora, M|100\/100\n|turn|1\n|\n|t:|1699866378\n|move|p1a: Greninja|Spikes|p2a: Glimmora\n|-start|p1a: Greninja|typechange|Ground|[from] ability: Protean\n|-sidestart|p2: Jmoneyzzz|Spikes\n|move|p2a: Glimmora|Stealth Rock|p1a: Greninja\n|-sidestart|p1: Michaellonz|move: Stealth Rock\n|\n|upkeep\n|turn|2\n|\n|t:|1699866397\n|move|p1a: Greninja|Spikes|p2a: Glimmora\n|-sidestart|p2: Jmoneyzzz|Spikes\n|move|p2a: Glimmora|Mortal Spin|p1a: Greninja\n|-resisted|p1a: Greninja\n|-damage|p1a: Greninja|96\/100\n|-status|p1a: Greninja|psn\n|-damage|p2a: Glimmora|84\/100|[from] item: Rocky Helmet|[of] p1a: Greninja\n|-sideend|p2: Jmoneyzzz|Spikes|[from] move: Mortal Spin|[of] p2a: Glimmora\n|\n|-damage|p1a: Greninja|84\/100 psn|[from] psn\n|upkeep\n|turn|3\n|\n|t:|1699866413\n|move|p1a: Greninja|Water Shuriken|p2a: Glimmora\n|-supereffective|p2a: Glimmora\n|-damage|p2a: Glimmora|72\/100\n|-supereffective|p2a: Glimmora\n|-damage|p2a: Glimmora|60\/100\n|-supereffective|p2a: Glimmora\n|-damage|p2a: Glimmora|47\/100\n|-hitcount|p2a: Glimmora|3\n|move|p2a: Glimmora|Energy Ball|p1a: Greninja\n|-supereffective|p1a: Greninja\n|-damage|p1a: Greninja|0 fnt\n|faint|p1a: Greninja\n|\n|upkeep\n|\n|t:|1699866425\n|switch|p1a: Dragonite|Dragonite, M, shiny|100\/100\n|-damage|p1a: Dragonite|76\/100|[from] Stealth Rock\n|turn|4\n|\n|t:|1699866451\n|switch|p2a: Garchomp|Garchomp, M|100\/100\n|move|p1a: Dragonite|Dragon Pulse|p2a: Garchomp\n|-supereffective|p2a: Garchomp\n|-damage|p2a: Garchomp|37\/100\n|\n|upkeep\n|turn|5\n|\n|t:|1699866468\n|switch|p2a: Enamorus|Enamorus, F|100\/100\n|move|p1a: Dragonite|Dragon Claw|p2a: Enamorus\n|-immune|p2a: Enamorus\n|\n|upkeep\n|turn|6\n|\n|t:|1699866487\n|switch|p1a: Snorlax|Snorlax, F, shiny|100\/100\n|-damage|p1a: Snorlax|88\/100|[from] Stealth Rock\n|move|p2a: Enamorus|Play Rough|p1a: Snorlax\n|-damage|p1a: Snorlax|50\/100\n|\n|-heal|p1a: Snorlax|56\/100|[from] item: Leftovers\n|upkeep\n|turn|7\n|\n|t:|1699866497\n|move|p2a: Enamorus|Substitute|p2a: Enamorus\n|-start|p2a: Enamorus|Substitute\n|-damage|p2a: Enamorus|76\/100\n|move|p1a: Snorlax|Yawn||[still]\n|-fail|p1a: Snorlax\n|\n|-heal|p1a: Snorlax|62\/100|[from] item: Leftovers\n|upkeep\n|turn|8\n|\n|t:|1699866510\n|move|p2a: Enamorus|Superpower|p1a: Snorlax\n|-supereffective|p1a: Snorlax\n|-damage|p1a: Snorlax|0 fnt\n|-boost|p2a: Enamorus|atk|1\n|-boost|p2a: Enamorus|def|1\n|faint|p1a: Snorlax\n|\n|upkeep\n|\n|t:|1699866523\n|switch|p1a: Iron Moth|Iron Moth|100\/100\n|-damage|p1a: Iron Moth|76\/100|[from] Stealth Rock\n|-enditem|p1a: Iron Moth|Booster Energy\n|-activate|p1a: Iron Moth|ability: Quark Drive|[fromitem]\n|-start|p1a: Iron Moth|quarkdrivespa\n|turn|9\n|\n|t:|1699866556\n|-terastallize|p2a: Enamorus|Flying\n|move|p1a: Iron Moth|Protect|p1a: Iron Moth\n|-singleturn|p1a: Iron Moth|Protect\n|move|p2a: Enamorus|Tera Blast|p1a: Iron Moth|[anim] Tera Blast Flying\n|-activate|p1a: Iron Moth|move: Protect\n|\n|upkeep\n|turn|10\n|\n|t:|1699866572\n|move|p2a: Enamorus|Tera Blast|p1a: Iron Moth|[anim] Tera Blast Flying\n|-damage|p1a: Iron Moth|0 fnt\n|faint|p1a: Iron Moth\n|-end|p1a: Iron Moth|Quark Drive|[silent]\n|\n|upkeep\n|\n|t:|1699866578\n|switch|p1a: Tyranitar|Tyranitar, M, shiny|100\/100\n|-ability|p1a: Tyranitar|Unnerve\n|-damage|p1a: Tyranitar|88\/100|[from] Stealth Rock\n|turn|11\n|\n|t:|1699866589\n|move|p2a: Enamorus|Superpower|p1a: Tyranitar\n|-supereffective|p1a: Tyranitar\n|-damage|p1a: Tyranitar|0 fnt\n|-boost|p2a: Enamorus|atk|1\n|-boost|p2a: Enamorus|def|1\n|faint|p1a: Tyranitar\n|\n|upkeep\n|\n|t:|1699866595\n|switch|p1a: Gholdengo|Gholdengo, shiny|100\/100\n|-damage|p1a: Gholdengo|94\/100|[from] Stealth Rock\n|turn|12\n|\n|t:|1699866626\n|move|p2a: Enamorus|Tera Blast|p1a: Gholdengo|[anim] Tera Blast Flying\n|-resisted|p1a: Gholdengo\n|-damage|p1a: Gholdengo|37\/100\n|move|p1a: Gholdengo|Dazzling Gleam|p2a: Enamorus\n|-end|p2a: Enamorus|Substitute\n|\n|-heal|p1a: Gholdengo|43\/100|[from] item: Leftovers\n|upkeep\n|turn|13\n|\n|t:|1699866639\n|move|p1a: Gholdengo|Protect|p1a: Gholdengo\n|-singleturn|p1a: Gholdengo|Protect\n|move|p2a: Enamorus|Tera Blast|p1a: Gholdengo|[anim] Tera Blast Flying\n|-activate|p1a: Gholdengo|move: Protect\n|\n|-heal|p1a: Gholdengo|49\/100|[from] item: Leftovers\n|upkeep\n|turn|14\n|\n|t:|1699866647\n|move|p1a: Gholdengo|Protect|p1a: Gholdengo\n|-singleturn|p1a: Gholdengo|Protect\n|move|p2a: Enamorus|Tera Blast|p1a: Gholdengo|[anim] Tera Blast Flying\n|-activate|p1a: Gholdengo|move: Protect\n|\n|-heal|p1a: Gholdengo|55\/100|[from] item: Leftovers\n|upkeep\n|turn|15\n|\n|t:|1699866658\n|move|p1a: Gholdengo|Protect||[still]\n|-fail|p1a: Gholdengo\n|move|p2a: Enamorus|Tera Blast|p1a: Gholdengo|[anim] Tera Blast Flying\n|-resisted|p1a: Gholdengo\n|-damage|p1a: Gholdengo|4\/100\n|\n|-heal|p1a: Gholdengo|10\/100|[from] item: Leftovers\n|upkeep\n|turn|16\n|\n|t:|1699866667\n|move|p2a: Enamorus|Tera Blast|p1a: Gholdengo|[anim] Tera Blast Flying\n|-resisted|p1a: Gholdengo\n|-damage|p1a: Gholdengo|0 fnt\n|faint|p1a: Gholdengo\n|\n|upkeep\n|\n|t:|1699866672\n|switch|p1a: Dragonite|Dragonite, M, shiny|76\/100\n|-damage|p1a: Dragonite|51\/100|[from] Stealth Rock\n|turn|17\n|\n|t:|1699866677\n|move|p2a: Enamorus|Play Rough|p1a: Dragonite\n|-supereffective|p1a: Dragonite\n|-damage|p1a: Dragonite|0 fnt\n|faint|p1a: Dragonite\n|\n|win|Jmoneyzzz\n|raw|Michaellonz's rating: 1000 &rarr; <strong>1000<\/strong><br \/>(+0 for losing)\n|raw|Jmoneyzzz's rating: 1071 &rarr; <strong>1094<\/strong><br \/>(+23 for winning)\n","uploadtime":1699866688,"views":13,"p1id":"michaellonz","p2id":"jmoneyzzz","formatid":"gen9ou","rating":1000,"private":0,"password":""}