{"id":"gen9ou-1999584646","p1":"Argentavis_Gaming","p2":"Monkeking69","format":"[Gen 9] OU","log":"|j|\u2606Argentavis_Gaming\n|j|\u2606Monkeking69\n|t:|1701098573\n|gametype|singles\n|player|p1|Argentavis_Gaming|unknown|\n|player|p2|Monkeking69|raihan-masters|\n|teamsize|p1|6\n|teamsize|p2|6\n|gen|9\n|tier|[Gen 9] OU\n|rule|Sleep Clause Mod: Limit one foe put to sleep\n|rule|Species Clause: Limit one of each Pok\u00e9mon\n|rule|OHKO Clause: OHKO moves are banned\n|rule|Evasion Items Clause: Evasion items are banned\n|rule|Evasion Moves Clause: Evasion moves are banned\n|rule|Endless Battle Clause: Forcing endless battles is banned\n|rule|HP Percentage Mod: HP is shown in percentages\n|clearpoke\n|poke|p1|Munkidori, M|\n|poke|p1|Kingambit, M|\n|poke|p1|Okidogi, M|\n|poke|p1|Moltres|\n|poke|p1|Ogerpon-Wellspring, F|\n|poke|p1|Iron Treads|\n|poke|p2|Torkoal, M|\n|poke|p2|Walking Wake|\n|poke|p2|Corviknight, F|\n|poke|p2|Great Tusk|\n|poke|p2|Cinderace, M|\n|poke|p2|Tornadus-Therian, M|\n|teampreview\n|c|\u2606Monkeking69|oh nah\n|c|\u2606Argentavis_Gaming|Guess who's back\n|\n|t:|1701098596\n|start\n|switch|p1a: Intern|Munkidori, M|100\/100\n|switch|p2a: Torkoal|Torkoal, M|100\/100\n|-weather|SunnyDay|[from] ability: Drought|[of] p2a: Torkoal\n|turn|1\n|j| Tavvv\n|\n|t:|1701098599\n|switch|p2a: Corviknight|Corviknight, F|100\/100\n|-ability|p2a: Corviknight|Pressure\n|move|p1a: Intern|Sludge Wave|p2a: Corviknight\n|-immune|p2a: Corviknight\n|\n|-weather|SunnyDay|[upkeep]\n|upkeep\n|turn|2\n|\n|t:|1701098602\n|switch|p1a: Chicken|Moltres, shiny|100\/100\n|move|p2a: Corviknight|U-turn|p1a: Chicken\n|-resisted|p1a: Chicken\n|-damage|p1a: Chicken|98\/100\n|\n|t:|1701098606\n|switch|p2a: Walking Wake|Walking Wake|100\/100|[from] U-turn\n|-activate|p2a: Walking Wake|ability: Protosynthesis\n|-start|p2a: Walking Wake|protosynthesisspe\n|\n|-weather|SunnyDay|[upkeep]\n|upkeep\n|turn|3\n|\n|t:|1701098612\n|move|p2a: Walking Wake|Hydro Steam|p1a: Chicken\n|-supereffective|p1a: Chicken\n|-damage|p1a: Chicken|0 fnt\n|faint|p1a: Chicken\n|\n|-weather|SunnyDay|[upkeep]\n|upkeep\n|l| Tavvv\n|\n|t:|1701098614\n|switch|p1a: Overpon|Ogerpon-Wellspring, F|100\/100\n|turn|4\n|\n|t:|1701098618\n|-end|p2a: Walking Wake|Protosynthesis|[silent]\n|switch|p2a: Tornadus|Tornadus-Therian, M|100\/100\n|move|p1a: Overpon|Swords Dance|p1a: Overpon\n|-boost|p1a: Overpon|atk|2\n|\n|-weather|SunnyDay|[upkeep]\n|upkeep\n|turn|5\n|\n|t:|1701098622\n|-terastallize|p1a: Overpon|Water\n|detailschange|p1a: Overpon|Ogerpon-Wellspring-Tera, F, tera:Water\n|-ability|p1a: Overpon|Embody Aspect (Wellspring)|boost\n|-boost|p1a: Overpon|spd|1\n|move|p2a: Tornadus|Acrobatics|p1a: Overpon\n|-damage|p1a: Overpon|55\/100\n|move|p1a: Overpon|Trailblaze|p2a: Tornadus\n|-resisted|p2a: Tornadus\n|-damage|p2a: Tornadus|67\/100\n|-boost|p1a: Overpon|spe|1\n|\n|-weather|SunnyDay|[upkeep]\n|upkeep\n|turn|6\n|j| Tavvv\n|\n|t:|1701098632\n|move|p1a: Overpon|Ivy Cudgel|p2a: Tornadus|[anim] Ivy Cudgel Water\n|-damage|p2a: Tornadus|0 fnt\n|faint|p2a: Tornadus\n|\n|-weather|SunnyDay|[upkeep]\n|upkeep\n|j| RealYellow\n|j| bicepmeat furret\n|\n|t:|1701098652\n|switch|p2a: Torkoal|Torkoal, M|100\/100\n|turn|7\n|\n|t:|1701098655\n|move|p1a: Overpon|Ivy Cudgel|p2a: Torkoal|[anim] Ivy Cudgel Water\n|-supereffective|p2a: Torkoal\n|-damage|p2a: Torkoal|7\/100\n|move|p2a: Torkoal|Yawn|p1a: Overpon\n|-start|p1a: Overpon|move: Yawn|[of] p2a: Torkoal\n|\n|-weather|SunnyDay|[upkeep]\n|upkeep\n|turn|8\n|c| bicepmeat furret|WAH\n|\n|t:|1701098661\n|switch|p1a: Intern|Munkidori, M|100\/100\n|switch|p2a: Corviknight|Corviknight, F|100\/100\n|-ability|p2a: Corviknight|Pressure\n|\n|-weather|none\n|upkeep\n|turn|9\n|\n|t:|1701098664\n|move|p1a: Intern|Parting Shot|p2a: Corviknight\n|-unboost|p2a: Corviknight|atk|1\n|-unboost|p2a: Corviknight|spa|1\n|\n|t:|1701098667\n|switch|p1a: Bi-Han|Okidogi, M|100\/100|[from] Parting Shot\n|move|p2a: Corviknight|U-turn|p1a: Bi-Han\n|-resisted|p1a: Bi-Han\n|-damage|p1a: Bi-Han|98\/100\n|\n|t:|1701098671\n|switch|p2a: Torkoal|Torkoal, M|7\/100|[from] U-turn\n|-weather|SunnyDay|[from] ability: Drought|[of] p2a: Torkoal\n|\n|-weather|SunnyDay|[upkeep]\n|-heal|p1a: Bi-Han|100\/100|[from] item: Leftovers\n|upkeep\n|turn|10\n|\n|t:|1701098674\n|switch|p2a: Great Tusk|Great Tusk|100\/100\n|-activate|p2a: Great Tusk|ability: Protosynthesis\n|-start|p2a: Great Tusk|protosynthesisatk\n|move|p1a: Bi-Han|Knock Off|p2a: Great Tusk\n|-resisted|p2a: Great Tusk\n|-damage|p2a: Great Tusk|88\/100\n|-status|p2a: Great Tusk|tox|[from] ability: Toxic Chain|[of] p1a: Bi-Han\n|-enditem|p2a: Great Tusk|Heavy-Duty Boots|[from] move: Knock Off|[of] p1a: Bi-Han\n|\n|-weather|SunnyDay|[upkeep]\n|-damage|p2a: Great Tusk|82\/100 tox|[from] psn\n|upkeep\n|turn|11\n|\n|t:|1701098682\n|switch|p1a: Amongla Swag|Iron Treads|100\/100\n|move|p2a: Great Tusk|Headlong Rush|p1a: Amongla Swag\n|-supereffective|p1a: Amongla Swag\n|-damage|p1a: Amongla Swag|0 fnt\n|-unboost|p2a: Great Tusk|def|1\n|-unboost|p2a: Great Tusk|spd|1\n|faint|p1a: Amongla Swag\n|-end|p1a: Amongla Swag|Quark Drive|[silent]\n|\n|-weather|SunnyDay|[upkeep]\n|-damage|p2a: Great Tusk|70\/100 tox|[from] psn\n|upkeep\n|\n|t:|1701098685\n|switch|p1a: Intern|Munkidori, M|100\/100\n|turn|12\n|\n|t:|1701098692\n|move|p1a: Intern|Shadow Ball|p2a: Great Tusk\n|-damage|p2a: Great Tusk|2\/100 tox\n|move|p2a: Great Tusk|Headlong Rush|p1a: Intern\n|-supereffective|p1a: Intern\n|-damage|p1a: Intern|0 fnt\n|-unboost|p2a: Great Tusk|def|1\n|-unboost|p2a: Great Tusk|spd|1\n|faint|p1a: Intern\n|\n|-weather|SunnyDay|[upkeep]\n|-damage|p2a: Great Tusk|0 fnt|[from] psn\n|faint|p2a: Great Tusk\n|-end|p2a: Great Tusk|Protosynthesis|[silent]\n|upkeep\n|c| RealYellow|GO MONKE GO\n|c| RealYellow|SHOW HIM WHO'S BOSS\n|\n|t:|1701098708\n|switch|p1a: Overpon|Ogerpon-Wellspring-Tera, F, tera:Water|55\/100\n|switch|p2a: Walking Wake|Walking Wake|100\/100\n|-ability|p1a: Overpon|Embody Aspect (Wellspring)|boost\n|-boost|p1a: Overpon|spd|1\n|-activate|p2a: Walking Wake|ability: Protosynthesis\n|-start|p2a: Walking Wake|protosynthesisspe\n|turn|13\n|c| Tavvv|Oh wow\n|c| bicepmeat furret|WHAT IS THAT\n|c|\u2606Argentavis_Gaming|munkidori is fired again for this\n|\n|t:|1701098747\n|move|p2a: Walking Wake|Draco Meteor|p1a: Overpon\n|-damage|p1a: Overpon|0 fnt\n|-unboost|p2a: Walking Wake|spa|2\n|faint|p1a: Overpon\n|\n|-weather|SunnyDay|[upkeep]\n|upkeep\n|\n|t:|1701098751\n|switch|p1a: Joe Swanson|Kingambit, M|100\/100\n|-activate|p1a: Joe Swanson|ability: Supreme Overlord\n|-start|p1a: Joe Swanson|fallen4|[silent]\n|turn|14\n|c| Tavvv|That internship needs revoked\n|\n|t:|1701098754\n|-end|p2a: Walking Wake|Protosynthesis|[silent]\n|switch|p2a: Cinderace|Cinderace, M|100\/100\n|move|p1a: Joe Swanson|Swords Dance|p1a: Joe Swanson\n|-boost|p1a: Joe Swanson|atk|2\n|\n|-weather|SunnyDay|[upkeep]\n|upkeep\n|turn|15\n|\n|t:|1701098758\n|move|p2a: Cinderace|Sucker Punch|p1a: Joe Swanson\n|-resisted|p1a: Joe Swanson\n|-damage|p1a: Joe Swanson|93\/100\n|move|p1a: Joe Swanson|Sucker Punch||[still]\n|-fail|p1a: Joe Swanson\n|\n|-weather|SunnyDay|[upkeep]\n|upkeep\n|turn|16\n|c| RealYellow|COME ON MONKEEEEE\n|\n|t:|1701098760\n|move|p2a: Cinderace|Sucker Punch|p1a: Joe Swanson\n|-resisted|p1a: Joe Swanson\n|-damage|p1a: Joe Swanson|84\/100\n|move|p1a: Joe Swanson|Sucker Punch||[still]\n|-fail|p1a: Joe Swanson\n|\n|-weather|none\n|upkeep\n|turn|17\n|c| RealYellow|GET EM\n|\n|t:|1701098763\n|move|p2a: Cinderace|Sucker Punch|p1a: Joe Swanson\n|-resisted|p1a: Joe Swanson\n|-damage|p1a: Joe Swanson|76\/100\n|move|p1a: Joe Swanson|Kowtow Cleave|p2a: Cinderace\n|-damage|p2a: Cinderace|0 fnt\n|faint|p2a: Cinderace\n|\n|upkeep\n|\n|t:|1701098768\n|switch|p2a: Torkoal|Torkoal, M|7\/100\n|-weather|SunnyDay|[from] ability: Drought|[of] p2a: Torkoal\n|turn|18\n|\n|t:|1701098771\n|move|p1a: Joe Swanson|Kowtow Cleave|p2a: Torkoal\n|-damage|p2a: Torkoal|0 fnt\n|faint|p2a: Torkoal\n|\n|-weather|SunnyDay|[upkeep]\n|upkeep\n|\n|t:|1701098775\n|switch|p2a: Walking Wake|Walking Wake|100\/100\n|-activate|p2a: Walking Wake|ability: Protosynthesis\n|-start|p2a: Walking Wake|protosynthesisspe\n|turn|19\n|\n|t:|1701098784\n|move|p1a: Joe Swanson|Sucker Punch|p2a: Walking Wake\n|-damage|p2a: Walking Wake|0 fnt\n|faint|p2a: Walking Wake\n|-end|p2a: Walking Wake|Protosynthesis|[silent]\n|\n|-weather|SunnyDay|[upkeep]\n|upkeep\n|c|\u2606Monkeking69|gg\n|c|\u2606Argentavis_Gaming|gg\n|-message|Monkeking69 forfeited.\n|\n|win|Argentavis_Gaming\n|l|\u2606Monkeking69\n|c| RealYellow|NOOOOOOOOOO\n|c| RealYellow|HOW DID THIS HAPPEN\n|c| RealYellow|HE WAS WINNING\n|l| bicepmeat furret\n|c| Tavvv|Kingambit\n|l| Tavvv\n|l| RealYellow\n","uploadtime":1701098798,"views":35,"p1id":"argentavisgaming","p2id":"monkeking69","formatid":"gen9ou","rating":0,"private":0,"password":""}