{"id":"gen9ou-1998200470","p1":"noobtrainer6969","p2":"Lulu77","format":"[Gen 9] OU","log":"|j|\u2606noobtrainer6969\n|j|\u2606Lulu77\n|t:|1700911443\n|gametype|singles\n|player|p1|noobtrainer6969|101|1405\n|player|p2|Lulu77|alder|1397\n|teamsize|p1|6\n|teamsize|p2|6\n|gen|9\n|tier|[Gen 9] OU\n|rated|\n|rule|Sleep Clause Mod: Limit one foe put to sleep\n|rule|Species Clause: Limit one of each Pok\u00e9mon\n|rule|OHKO Clause: OHKO moves are banned\n|rule|Evasion Items Clause: Evasion items are banned\n|rule|Evasion Moves Clause: Evasion moves are banned\n|rule|Endless Battle Clause: Forcing endless battles is banned\n|rule|HP Percentage Mod: HP is shown in percentages\n|clearpoke\n|poke|p1|Ribombee, M|\n|poke|p1|Grimmsnarl, M|\n|poke|p1|Great Tusk|\n|poke|p1|Dragonite, F|\n|poke|p1|Gholdengo|\n|poke|p1|Rillaboom, M|\n|poke|p2|Kingambit, F|\n|poke|p2|Great Tusk|\n|poke|p2|Dragapult, M|\n|poke|p2|Ogerpon-Wellspring, F|\n|poke|p2|Blissey, F|\n|poke|p2|Zapdos|\n|teampreview\n|inactive|Battle timer is ON: inactive players will automatically lose when time's up. (requested by Lulu77)\n|\n|t:|1700911457\n|start\n|switch|p1a: Dragonite|Dragonite, F|100\/100\n|switch|p2a: Zapdos|Zapdos|100\/100\n|turn|1\n|\n|t:|1700911462\n|move|p2a: Zapdos|Volt Switch|p1a: Dragonite\n|-damage|p1a: Dragonite|83\/100\n|\n|t:|1700911467\n|switch|p2a: Great Tusk|Great Tusk|100\/100|[from] Volt Switch\n|move|p1a: Dragonite|Dragon Dance|p1a: Dragonite\n|-boost|p1a: Dragonite|atk|1\n|-boost|p1a: Dragonite|spe|1\n|\n|upkeep\n|turn|2\n|\n|t:|1700911475\n|move|p1a: Dragonite|Hurricane|p2a: Great Tusk\n|-supereffective|p2a: Great Tusk\n|-damage|p2a: Great Tusk|2\/100\n|-start|p2a: Great Tusk|confusion\n|-activate|p2a: Great Tusk|confusion\n|move|p2a: Great Tusk|Ice Spinner|p1a: Dragonite\n|-supereffective|p1a: Dragonite\n|-damage|p1a: Dragonite|0 fnt\n|faint|p1a: Dragonite\n|\n|-heal|p2a: Great Tusk|8\/100|[from] item: Leftovers\n|upkeep\n|\n|t:|1700911489\n|switch|p1a: Grimmsnarl|Grimmsnarl, M, shiny|100\/100\n|turn|3\n|c|\u2606Lulu77|impossible to predict this\n|\n|t:|1700911513\n|move|p1a: Grimmsnarl|Light Screen|p1a: Grimmsnarl\n|-sidestart|p1: noobtrainer6969|move: Light Screen\n|-end|p2a: Great Tusk|confusion\n|move|p2a: Great Tusk|Knock Off|p1a: Grimmsnarl\n|-resisted|p1a: Grimmsnarl\n|-damage|p1a: Grimmsnarl|93\/100\n|-enditem|p1a: Grimmsnarl|Light Clay|[from] move: Knock Off|[of] p2a: Great Tusk\n|\n|-heal|p2a: Great Tusk|14\/100|[from] item: Leftovers\n|upkeep\n|turn|4\n|\n|t:|1700911522\n|-end|p2a: Great Tusk|Protosynthesis|[silent]\n|switch|p2a: Blissey|Blissey, F|100\/100\n|move|p1a: Grimmsnarl|Spirit Break|p2a: Blissey\n|-damage|p2a: Blissey|77\/100\n|-unboost|p2a: Blissey|spa|1\n|\n|upkeep\n|turn|5\n|\n|t:|1700911526\n|move|p1a: Grimmsnarl|Taunt|p2a: Blissey\n|-start|p2a: Blissey|move: Taunt\n|cant|p2a: Blissey|move: Taunt|Stealth Rock\n|\n|upkeep\n|turn|6\n|\n|t:|1700911531\n|move|p1a: Grimmsnarl|Reflect|p1a: Grimmsnarl\n|-sidestart|p1: noobtrainer6969|Reflect\n|move|p2a: Blissey|Seismic Toss|p1a: Grimmsnarl\n|-damage|p1a: Grimmsnarl|68\/100\n|\n|upkeep\n|turn|7\n|\n|t:|1700911536\n|switch|p1a: Gholdengo|Gholdengo|100\/100\n|move|p2a: Blissey|Seismic Toss|p1a: Gholdengo\n|-immune|p1a: Gholdengo\n|\n|-end|p2a: Blissey|move: Taunt\n|upkeep\n|turn|8\n|\n|t:|1700911540\n|switch|p2a: Kingambit|Kingambit, F|100\/100\n|move|p1a: Gholdengo|Nasty Plot|p1a: Gholdengo\n|-boost|p1a: Gholdengo|spa|2\n|\n|upkeep\n|turn|9\n|\n|t:|1700911545\n|move|p1a: Gholdengo|Substitute|p1a: Gholdengo\n|-start|p1a: Gholdengo|Substitute\n|-damage|p1a: Gholdengo|75\/100\n|move|p2a: Kingambit|Kowtow Cleave|p1a: Gholdengo\n|-supereffective|p1a: Gholdengo\n|-end|p1a: Gholdengo|Substitute\n|\n|upkeep\n|turn|10\n|\n|t:|1700911551\n|move|p1a: Gholdengo|Focus Blast|p2a: Kingambit\n|-supereffective|p2a: Kingambit\n|-damage|p2a: Kingambit|0 fnt\n|faint|p2a: Kingambit\n|-end|p2a: Kingambit|fallenundefined|[silent]\n|\n|-sideend|p1: noobtrainer6969|Reflect\n|-sideend|p1: noobtrainer6969|move: Light Screen\n|upkeep\n|\n|t:|1700911557\n|switch|p2a: Dragapult|Dragapult, M|100\/100\n|turn|11\n|\n|t:|1700911567\n|switch|p1a: Grimmsnarl|Grimmsnarl, M, shiny|68\/100\n|move|p2a: Dragapult|Shadow Ball|p1a: Grimmsnarl\n|-resisted|p1a: Grimmsnarl\n|-damage|p1a: Grimmsnarl|45\/100\n|\n|upkeep\n|turn|12\n|\n|t:|1700911575\n|switch|p2a: Ogerpon|Ogerpon-Wellspring, F|100\/100\n|move|p1a: Grimmsnarl|Reflect|p1a: Grimmsnarl\n|-sidestart|p1: noobtrainer6969|Reflect\n|\n|upkeep\n|turn|13\n|\n|t:|1700911579\n|move|p1a: Grimmsnarl|Taunt|p2a: Ogerpon\n|-start|p2a: Ogerpon|move: Taunt\n|move|p2a: Ogerpon|Power Whip|p1a: Grimmsnarl\n|-damage|p1a: Grimmsnarl|10\/100\n|\n|upkeep\n|turn|14\n|\n|t:|1700911585\n|move|p1a: Grimmsnarl|Light Screen|p1a: Grimmsnarl\n|-sidestart|p1: noobtrainer6969|move: Light Screen\n|move|p2a: Ogerpon|Ivy Cudgel|p1a: Grimmsnarl|[anim] Ivy Cudgel Water\n|-crit|p1a: Grimmsnarl\n|-damage|p1a: Grimmsnarl|0 fnt\n|faint|p1a: Grimmsnarl\n|\n|upkeep\n|\n|t:|1700911591\n|switch|p1a: Gholdengo|Gholdengo|75\/100\n|turn|15\n|\n|t:|1700911598\n|move|p2a: Ogerpon|U-turn|p1a: Gholdengo\n|-resisted|p1a: Gholdengo\n|-damage|p1a: Gholdengo|71\/100\n|\n|t:|1700911600\n|switch|p2a: Dragapult|Dragapult, M|100\/100|[from] U-turn\n|move|p1a: Gholdengo|Substitute|p1a: Gholdengo\n|-start|p1a: Gholdengo|Substitute\n|-damage|p1a: Gholdengo|46\/100\n|\n|upkeep\n|turn|16\n|\n|t:|1700911611\n|move|p2a: Dragapult|Shadow Ball|p1a: Gholdengo\n|-supereffective|p1a: Gholdengo\n|-damage|p1a: Gholdengo|0 fnt\n|faint|p1a: Gholdengo\n|\n|-sideend|p1: noobtrainer6969|Reflect\n|upkeep\n|\n|t:|1700911620\n|switch|p1a: Great Tusk|Great Tusk|100\/100\n|-enditem|p1a: Great Tusk|Booster Energy\n|-activate|p1a: Great Tusk|ability: Protosynthesis|[fromitem]\n|-start|p1a: Great Tusk|protosynthesisspe\n|turn|17\n|\n|t:|1700911627\n|switch|p2a: Zapdos|Zapdos|100\/100\n|move|p1a: Great Tusk|Stealth Rock|p2a: Zapdos\n|-sidestart|p2: Lulu77|move: Stealth Rock\n|\n|upkeep\n|turn|18\n|\n|t:|1700911637\n|move|p1a: Great Tusk|Knock Off|p2a: Zapdos\n|-damage|p2a: Zapdos|79\/100\n|-enditem|p2a: Zapdos|Heavy-Duty Boots|[from] move: Knock Off|[of] p1a: Great Tusk\n|move|p2a: Zapdos|Hurricane|p1a: Great Tusk\n|-supereffective|p1a: Great Tusk\n|-damage|p1a: Great Tusk|37\/100\n|\n|-sideend|p1: noobtrainer6969|move: Light Screen\n|upkeep\n|turn|19\n|\n|t:|1700911652\n|move|p1a: Great Tusk|Taunt|p2a: Zapdos\n|-start|p2a: Zapdos|move: Taunt\n|move|p2a: Zapdos|Hurricane|p1a: Great Tusk|[miss]\n|-miss|p2a: Zapdos|p1a: Great Tusk\n|\n|upkeep\n|turn|20\n|\n|t:|1700911656\n|move|p1a: Great Tusk|Knock Off|p2a: Zapdos\n|-damage|p2a: Zapdos|63\/100\n|move|p2a: Zapdos|Hurricane|p1a: Great Tusk\n|-supereffective|p1a: Great Tusk\n|-damage|p1a: Great Tusk|0 fnt\n|faint|p1a: Great Tusk\n|-end|p1a: Great Tusk|Protosynthesis|[silent]\n|\n|upkeep\n|\n|t:|1700911660\n|switch|p1a: GreenUVLight|Ribombee, M|100\/100\n|turn|21\n|\n|t:|1700911662\n|-terastallize|p1a: GreenUVLight|Fire\n|move|p1a: GreenUVLight|Quiver Dance|p1a: GreenUVLight\n|-boost|p1a: GreenUVLight|spa|1\n|-boost|p1a: GreenUVLight|spd|1\n|-boost|p1a: GreenUVLight|spe|1\n|move|p2a: Zapdos|Volt Switch|p1a: GreenUVLight\n|-damage|p1a: GreenUVLight|73\/100\n|\n|t:|1700911672\n|switch|p2a: Ogerpon|Ogerpon-Wellspring, F|100\/100|[from] Volt Switch\n|-damage|p2a: Ogerpon|88\/100|[from] Stealth Rock\n|\n|upkeep\n|turn|22\n|\n|t:|1700911678\n|move|p1a: GreenUVLight|Stored Power|p2a: Ogerpon\n|-damage|p2a: Ogerpon|46\/100\n|-damage|p1a: GreenUVLight|63\/100|[from] item: Life Orb\n|move|p2a: Ogerpon|Ivy Cudgel|p1a: GreenUVLight|[anim] Ivy Cudgel Water\n|-supereffective|p1a: GreenUVLight\n|-damage|p1a: GreenUVLight|0 fnt\n|faint|p1a: GreenUVLight\n|\n|upkeep\n|\n|t:|1700911685\n|switch|p1a: Rillaboom|Rillaboom, M|100\/100\n|-fieldstart|move: Grassy Terrain|[from] ability: Grassy Surge|[of] p1a: Rillaboom\n|turn|23\n|\n|t:|1700911688\n|move|p2a: Ogerpon|U-turn|p1a: Rillaboom\n|-supereffective|p1a: Rillaboom\n|-damage|p1a: Rillaboom|44\/100\n|\n|t:|1700911693\n|switch|p2a: Great Tusk|Great Tusk|14\/100|[from] U-turn\n|-damage|p2a: Great Tusk|11\/100|[from] Stealth Rock\n|move|p1a: Rillaboom|Swords Dance|p1a: Rillaboom\n|-boost|p1a: Rillaboom|atk|2\n|\n|-heal|p2a: Great Tusk|18\/100|[from] Grassy Terrain\n|-heal|p2a: Great Tusk|24\/100|[from] item: Leftovers\n|-heal|p1a: Rillaboom|50\/100|[from] Grassy Terrain\n|upkeep\n|turn|24\n|inactive|Lulu77 has 120 seconds left.\n|\n|t:|1700911726\n|move|p2a: Great Tusk|Ice Spinner|p1a: Rillaboom\n|-supereffective|p1a: Rillaboom\n|-damage|p1a: Rillaboom|0 fnt\n|-fieldend|move: Grassy Terrain\n|faint|p1a: Rillaboom\n|\n|win|Lulu77\n|raw|noobtrainer6969's rating: 1405 &rarr; <strong>1385<\/strong><br \/>(-20 for losing)\n|raw|Lulu77's rating: 1397 &rarr; <strong>1417<\/strong><br \/>(+20 for winning)\n|l|\u2606noobtrainer6969\n","uploadtime":1700911740,"views":2,"p1id":"noobtrainer6969","p2id":"lulu77","formatid":"gen9ou","rating":1385,"private":0,"password":""}