{"id":"gen9ou-1996684441","p1":"NihilisticWish","p2":"Aeziolu","format":"[Gen 9] OU","log":"|j|\u2606NihilisticWish\n|j|\u2606Aeziolu\n|t:|1700709416\n|gametype|singles\n|player|p1|NihilisticWish|youngster-gen4dp|1400\n|player|p2|Aeziolu|wally|1563\n|teamsize|p1|6\n|teamsize|p2|6\n|gen|9\n|tier|[Gen 9] OU\n|rated|\n|rule|Sleep Clause Mod: Limit one foe put to sleep\n|rule|Species Clause: Limit one of each Pok\u00e9mon\n|rule|OHKO Clause: OHKO moves are banned\n|rule|Evasion Items Clause: Evasion items are banned\n|rule|Evasion Moves Clause: Evasion moves are banned\n|rule|Endless Battle Clause: Forcing endless battles is banned\n|rule|HP Percentage Mod: HP is shown in percentages\n|clearpoke\n|poke|p1|Ribombee, M|\n|poke|p1|Manaphy|\n|poke|p1|Kingambit, F|\n|poke|p1|Great Tusk|\n|poke|p1|Iron Moth|\n|poke|p1|Gholdengo|\n|poke|p2|Ogerpon-Wellspring, F|\n|poke|p2|Zapdos|\n|poke|p2|Gholdengo|\n|poke|p2|Clefable, M|\n|poke|p2|Skeledirge, M|\n|poke|p2|Kingambit, F|\n|teampreview\n|\n|t:|1700709427\n|start\n|switch|p1a: Ribombee|Ribombee, M|100\/100\n|switch|p2a: Gholdengo|Gholdengo|100\/100\n|-item|p2a: Gholdengo|Air Balloon\n|turn|1\n|\n|t:|1700709430\n|move|p1a: Ribombee|Sticky Web|p2a: Gholdengo\n|-sidestart|p2: Aeziolu|move: Sticky Web\n|move|p2a: Gholdengo|Nasty Plot|p2a: Gholdengo\n|-boost|p2a: Gholdengo|spa|2\n|\n|upkeep\n|turn|2\n|\n|t:|1700709435\n|move|p1a: Ribombee|Moonblast|p2a: Gholdengo\n|-resisted|p2a: Gholdengo\n|-damage|p2a: Gholdengo|81\/100\n|-enditem|p2a: Gholdengo|Air Balloon\n|move|p2a: Gholdengo|Shadow Ball|p1a: Ribombee\n|-enditem|p1a: Ribombee|Focus Sash\n|-damage|p1a: Ribombee|1\/100\n|\n|upkeep\n|turn|3\n|\n|t:|1700709441\n|move|p1a: Ribombee|Moonblast|p2a: Gholdengo\n|-resisted|p2a: Gholdengo\n|-damage|p2a: Gholdengo|62\/100\n|-unboost|p2a: Gholdengo|spa|1\n|move|p2a: Gholdengo|Nasty Plot|p2a: Gholdengo\n|-boost|p2a: Gholdengo|spa|2\n|\n|upkeep\n|turn|4\n|\n|t:|1700709447\n|move|p1a: Ribombee|Moonblast|p2a: Gholdengo\n|-resisted|p2a: Gholdengo\n|-damage|p2a: Gholdengo|43\/100\n|move|p2a: Gholdengo|Recover|p2a: Gholdengo\n|-heal|p2a: Gholdengo|93\/100\n|\n|upkeep\n|turn|5\n|\n|t:|1700709452\n|move|p1a: Ribombee|Moonblast|p2a: Gholdengo\n|-resisted|p2a: Gholdengo\n|-damage|p2a: Gholdengo|74\/100\n|move|p2a: Gholdengo|Nasty Plot|p2a: Gholdengo\n|-boost|p2a: Gholdengo|spa|2\n|\n|upkeep\n|turn|6\n|\n|t:|1700709457\n|move|p1a: Ribombee|Moonblast|p2a: Gholdengo\n|-resisted|p2a: Gholdengo\n|-damage|p2a: Gholdengo|56\/100\n|move|p2a: Gholdengo|Nasty Plot|p2a: Gholdengo\n|-boost|p2a: Gholdengo|spa|1\n|\n|upkeep\n|turn|7\n|\n|t:|1700709462\n|move|p1a: Ribombee|Moonblast|p2a: Gholdengo\n|-resisted|p2a: Gholdengo\n|-damage|p2a: Gholdengo|36\/100\n|move|p2a: Gholdengo|Recover|p2a: Gholdengo\n|-heal|p2a: Gholdengo|86\/100\n|\n|upkeep\n|turn|8\n|\n|t:|1700709466\n|move|p1a: Ribombee|Moonblast|p2a: Gholdengo\n|-resisted|p2a: Gholdengo\n|-damage|p2a: Gholdengo|67\/100\n|-unboost|p2a: Gholdengo|spa|1\n|move|p2a: Gholdengo|Shadow Ball|p1a: Ribombee\n|-damage|p1a: Ribombee|0 fnt\n|faint|p1a: Ribombee\n|\n|upkeep\n|\n|t:|1700709470\n|switch|p1a: Iron Moth|Iron Moth|100\/100\n|-enditem|p1a: Iron Moth|Booster Energy\n|-activate|p1a: Iron Moth|ability: Quark Drive|[fromitem]\n|-start|p1a: Iron Moth|quarkdrivespe\n|turn|9\n|\n|t:|1700709475\n|switch|p2a: Skeledirge|Skeledirge, M|100\/100\n|move|p1a: Iron Moth|Fiery Dance|p2a: Skeledirge\n|-resisted|p2a: Skeledirge\n|-damage|p2a: Skeledirge|87\/100\n|\n|upkeep\n|turn|10\n|\n|t:|1700709486\n|-end|p1a: Iron Moth|Quark Drive|[silent]\n|switch|p1a: Great Tusk|Great Tusk|100\/100\n|move|p2a: Skeledirge|Torch Song|p1a: Great Tusk\n|-crit|p1a: Great Tusk\n|-damage|p1a: Great Tusk|37\/100\n|-boost|p2a: Skeledirge|spa|1\n|\n|upkeep\n|turn|11\n|\n|t:|1700709492\n|switch|p2a: Zapdos|Zapdos|100\/100\n|move|p1a: Great Tusk|Headlong Rush|p2a: Zapdos\n|-immune|p2a: Zapdos\n|\n|upkeep\n|turn|12\n|\n|t:|1700709497\n|-end|p1a: Great Tusk|Protosynthesis|[silent]\n|switch|p1a: Gholdengo|Gholdengo|100\/100\n|-item|p1a: Gholdengo|Air Balloon\n|move|p2a: Zapdos|Hurricane|p1a: Gholdengo\n|-resisted|p1a: Gholdengo\n|-damage|p1a: Gholdengo|67\/100\n|-enditem|p1a: Gholdengo|Air Balloon\n|\n|upkeep\n|turn|13\n|\n|t:|1700709507\n|move|p2a: Zapdos|Thunderbolt|p1a: Gholdengo\n|-damage|p1a: Gholdengo|15\/100\n|move|p1a: Gholdengo|Make It Rain|p2a: Zapdos\n|-resisted|p2a: Zapdos\n|-damage|p2a: Zapdos|60\/100\n|-unboost|p1a: Gholdengo|spa|1\n|\n|upkeep\n|turn|14\n|\n|t:|1700709511\n|move|p2a: Zapdos|Roost|p2a: Zapdos\n|-heal|p2a: Zapdos|100\/100\n|-singleturn|p2a: Zapdos|move: Roost\n|move|p1a: Gholdengo|Shadow Ball|p2a: Zapdos\n|-damage|p2a: Zapdos|69\/100\n|-unboost|p2a: Zapdos|spd|1\n|\n|upkeep\n|turn|15\n|\n|t:|1700709515\n|move|p2a: Zapdos|Thunderbolt|p1a: Gholdengo\n|-damage|p1a: Gholdengo|0 fnt\n|faint|p1a: Gholdengo\n|\n|upkeep\n|\n|t:|1700709524\n|switch|p1a: Iron Moth|Iron Moth|100\/100\n|turn|16\n|\n|t:|1700709527\n|switch|p2a: Skeledirge|Skeledirge, M|87\/100\n|move|p1a: Iron Moth|Sludge Wave|p2a: Skeledirge\n|-resisted|p2a: Skeledirge\n|-damage|p2a: Skeledirge|71\/100\n|\n|upkeep\n|turn|17\n|\n|t:|1700709532\n|move|p1a: Iron Moth|Sludge Wave|p2a: Skeledirge\n|-resisted|p2a: Skeledirge\n|-damage|p2a: Skeledirge|54\/100\n|move|p2a: Skeledirge|Will-O-Wisp|p1a: Iron Moth\n|-immune|p1a: Iron Moth\n|\n|upkeep\n|turn|18\n|\n|t:|1700709537\n|move|p1a: Iron Moth|Sludge Wave|p2a: Skeledirge\n|-resisted|p2a: Skeledirge\n|-damage|p2a: Skeledirge|36\/100\n|move|p2a: Skeledirge|Will-O-Wisp|p1a: Iron Moth|[miss]\n|-miss|p2a: Skeledirge|p1a: Iron Moth\n|\n|upkeep\n|turn|19\n|\n|t:|1700709541\n|move|p1a: Iron Moth|Sludge Wave|p2a: Skeledirge\n|-resisted|p2a: Skeledirge\n|-damage|p2a: Skeledirge|19\/100\n|move|p2a: Skeledirge|Slack Off|p2a: Skeledirge\n|-heal|p2a: Skeledirge|69\/100\n|\n|upkeep\n|turn|20\n|\n|t:|1700709550\n|move|p1a: Iron Moth|Sludge Wave|p2a: Skeledirge\n|-resisted|p2a: Skeledirge\n|-damage|p2a: Skeledirge|53\/100\n|move|p2a: Skeledirge|Torch Song|p1a: Iron Moth\n|-resisted|p1a: Iron Moth\n|-damage|p1a: Iron Moth|85\/100\n|-boost|p2a: Skeledirge|spa|1\n|\n|upkeep\n|turn|21\n|\n|t:|1700709557\n|move|p1a: Iron Moth|Sludge Wave|p2a: Skeledirge\n|-resisted|p2a: Skeledirge\n|-damage|p2a: Skeledirge|36\/100\n|move|p2a: Skeledirge|Slack Off|p2a: Skeledirge\n|-heal|p2a: Skeledirge|86\/100\n|\n|upkeep\n|turn|22\n|\n|t:|1700709561\n|move|p1a: Iron Moth|Sludge Wave|p2a: Skeledirge\n|-resisted|p2a: Skeledirge\n|-damage|p2a: Skeledirge|68\/100\n|move|p2a: Skeledirge|Torch Song|p1a: Iron Moth\n|-resisted|p1a: Iron Moth\n|-damage|p1a: Iron Moth|64\/100\n|-boost|p2a: Skeledirge|spa|1\n|\n|upkeep\n|turn|23\n|\n|t:|1700709566\n|move|p1a: Iron Moth|Sludge Wave|p2a: Skeledirge\n|-resisted|p2a: Skeledirge\n|-damage|p2a: Skeledirge|50\/100\n|move|p2a: Skeledirge|Torch Song|p1a: Iron Moth\n|-resisted|p1a: Iron Moth\n|-damage|p1a: Iron Moth|38\/100\n|-boost|p2a: Skeledirge|spa|1\n|\n|upkeep\n|turn|24\n|\n|t:|1700709572\n|move|p1a: Iron Moth|Sludge Wave|p2a: Skeledirge\n|-resisted|p2a: Skeledirge\n|-damage|p2a: Skeledirge|34\/100\n|move|p2a: Skeledirge|Slack Off|p2a: Skeledirge\n|-heal|p2a: Skeledirge|84\/100\n|\n|upkeep\n|turn|25\n|\n|t:|1700709576\n|move|p1a: Iron Moth|Sludge Wave|p2a: Skeledirge\n|-resisted|p2a: Skeledirge\n|-damage|p2a: Skeledirge|67\/100\n|move|p2a: Skeledirge|Torch Song|p1a: Iron Moth\n|-resisted|p1a: Iron Moth\n|-damage|p1a: Iron Moth|2\/100\n|-boost|p2a: Skeledirge|spa|1\n|\n|upkeep\n|turn|26\n|\n|t:|1700709581\n|move|p1a: Iron Moth|Sludge Wave|p2a: Skeledirge\n|-resisted|p2a: Skeledirge\n|-damage|p2a: Skeledirge|49\/100\n|move|p2a: Skeledirge|Slack Off|p2a: Skeledirge\n|-heal|p2a: Skeledirge|99\/100\n|\n|upkeep\n|turn|27\n|\n|t:|1700709585\n|move|p1a: Iron Moth|Sludge Wave|p2a: Skeledirge\n|-resisted|p2a: Skeledirge\n|-damage|p2a: Skeledirge|82\/100\n|move|p2a: Skeledirge|Torch Song|p1a: Iron Moth\n|-resisted|p1a: Iron Moth\n|-damage|p1a: Iron Moth|0 fnt\n|-boost|p2a: Skeledirge|spa|1\n|faint|p1a: Iron Moth\n|-end|p1a: Iron Moth|Quark Drive|[silent]\n|\n|upkeep\n|\n|t:|1700709589\n|switch|p1a: Manaphy|Manaphy|100\/100\n|turn|28\n|\n|t:|1700709595\n|move|p1a: Manaphy|Scald|p2a: Skeledirge\n|-supereffective|p2a: Skeledirge\n|-damage|p2a: Skeledirge|31\/100\n|move|p2a: Skeledirge|Hex|p1a: Manaphy\n|-damage|p1a: Manaphy|21\/100\n|\n|-heal|p1a: Manaphy|27\/100|[from] item: Leftovers\n|upkeep\n|turn|29\n|\n|t:|1700709600\n|switch|p2a: Ogerpon|Ogerpon-Wellspring, F|100\/100\n|-activate|p2a: Ogerpon|move: Sticky Web\n|-unboost|p2a: Ogerpon|spe|1\n|move|p1a: Manaphy|Scald|p2a: Ogerpon\n|-immune|p2a: Ogerpon|[from] ability: Water Absorb\n|\n|-heal|p1a: Manaphy|33\/100|[from] item: Leftovers\n|upkeep\n|turn|30\n|\n|t:|1700709605\n|switch|p1a: Great Tusk|Great Tusk|37\/100\n|move|p2a: Ogerpon|Horn Leech|p1a: Great Tusk\n|-supereffective|p1a: Great Tusk\n|-damage|p1a: Great Tusk|0 fnt\n|faint|p1a: Great Tusk\n|-end|p1a: Great Tusk|Protosynthesis|[silent]\n|\n|upkeep\n|\n|t:|1700709610\n|switch|p1a: Kingambit|Kingambit, F|100\/100\n|-activate|p1a: Kingambit|ability: Supreme Overlord\n|-start|p1a: Kingambit|fallen4|[silent]\n|turn|31\n|\n|t:|1700709613\n|move|p2a: Ogerpon|Ivy Cudgel|p1a: Kingambit|[anim] Ivy Cudgel Water\n|-crit|p1a: Kingambit\n|-damage|p1a: Kingambit|31\/100\n|move|p1a: Kingambit|Kowtow Cleave|p2a: Ogerpon\n|-damage|p2a: Ogerpon|4\/100\n|\n|upkeep\n|turn|32\n|\n|t:|1700709618\n|move|p1a: Kingambit|Sucker Punch||[still]\n|-fail|p1a: Kingambit\n|move|p2a: Ogerpon|Synthesis|p2a: Ogerpon\n|-heal|p2a: Ogerpon|54\/100\n|\n|upkeep\n|turn|33\n|\n|t:|1700709621\n|move|p2a: Ogerpon|Ivy Cudgel|p1a: Kingambit|[anim] Ivy Cudgel Water\n|-damage|p1a: Kingambit|0 fnt\n|faint|p1a: Kingambit\n|-end|p1a: Kingambit|fallen4|[silent]\n|\n|upkeep\n|-message|NihilisticWish forfeited.\n|\n|win|Aeziolu\n|raw|NihilisticWish's rating: 1400 &rarr; <strong>1389<\/strong><br \/>(-11 for losing)\n|raw|Aeziolu's rating: 1563 &rarr; <strong>1574<\/strong><br \/>(+11 for winning)\n|l|\u2606NihilisticWish\n","uploadtime":1700709645,"views":3,"p1id":"nihilisticwish","p2id":"aeziolu","formatid":"gen9ou","rating":1389,"private":0,"password":""}