{"id":"gen9ou-1992629868","p1":"AnshSharma","p2":"draco9746","format":"[Gen 9] OU","log":"|j|\u2606AnshSharma\n|j|\u2606draco9746\n|t:|1700217405\n|gametype|singles\n|player|p1|AnshSharma|steven|1096\n|player|p2|draco9746|cynthia|1164\n|teamsize|p1|6\n|teamsize|p2|6\n|gen|9\n|tier|[Gen 9] OU\n|rated|\n|rule|Sleep Clause Mod: Limit one foe put to sleep\n|rule|Species Clause: Limit one of each Pok\u00e9mon\n|rule|OHKO Clause: OHKO moves are banned\n|rule|Evasion Items Clause: Evasion items are banned\n|rule|Evasion Moves Clause: Evasion moves are banned\n|rule|Endless Battle Clause: Forcing endless battles is banned\n|rule|HP Percentage Mod: HP is shown in percentages\n|clearpoke\n|poke|p1|Greninja-*, M|\n|poke|p1|Grimmsnarl, M|\n|poke|p1|Quaquaval, F|\n|poke|p1|Hatterene, F|\n|poke|p1|Dragapult, F|\n|poke|p1|Rillaboom, M|\n|poke|p2|Hatterene, F|\n|poke|p2|Walking Wake|\n|poke|p2|Torkoal, F|\n|poke|p2|Kingambit, M|\n|poke|p2|Landorus-Therian, M|\n|poke|p2|Ogerpon-Wellspring, F|\n|teampreview\n|\n|t:|1700217420\n|start\n|switch|p1a: Rillaboom|Rillaboom, M|100\/100\n|switch|p2a: Landorus|Landorus-Therian, M, shiny|100\/100\n|-ability|p2a: Landorus|Intimidate|boost\n|-unboost|p1a: Rillaboom|atk|1\n|-fieldstart|move: Grassy Terrain|[from] ability: Grassy Surge|[of] p1a: Rillaboom\n|-enditem|p1a: Rillaboom|Grassy Seed\n|-boost|p1a: Rillaboom|def|1|[from] item: Grassy Seed\n|turn|1\n|inactive|Battle timer is ON: inactive players will automatically lose when time's up. (requested by draco9746)\n|inactive|AnshSharma has 120 seconds left.\n|\n|t:|1700217453\n|-terastallize|p1a: Rillaboom|Flying\n|move|p2a: Landorus|U-turn|p1a: Rillaboom\n|-resisted|p1a: Rillaboom\n|-damage|p1a: Rillaboom|91\/100\n|\n|t:|1700217463\n|switch|p2a: Torkoal|Torkoal, F, shiny|100\/100|[from] U-turn\n|-weather|SunnyDay|[from] ability: Drought|[of] p2a: Torkoal\n|move|p1a: Rillaboom|Acrobatics|p2a: Torkoal\n|-damage|p2a: Torkoal|78\/100\n|\n|-weather|SunnyDay|[upkeep]\n|-heal|p2a: Torkoal|84\/100|[from] Grassy Terrain\n|upkeep\n|turn|2\n|\n|t:|1700217476\n|move|p1a: Rillaboom|High Horsepower|p2a: Torkoal\n|-supereffective|p2a: Torkoal\n|-damage|p2a: Torkoal|61\/100\n|move|p2a: Torkoal|Lava Plume|p1a: Rillaboom\n|-crit|p1a: Rillaboom\n|-damage|p1a: Rillaboom|42\/100\n|\n|-weather|SunnyDay|[upkeep]\n|-heal|p2a: Torkoal|67\/100|[from] Grassy Terrain\n|upkeep\n|turn|3\n|\n|t:|1700217484\n|move|p1a: Rillaboom|Knock Off|p2a: Torkoal\n|-damage|p2a: Torkoal|55\/100\n|-enditem|p2a: Torkoal|Heat Rock|[from] move: Knock Off|[of] p1a: Rillaboom\n|move|p2a: Torkoal|Stealth Rock|p1a: Rillaboom\n|-sidestart|p1: AnshSharma|move: Stealth Rock\n|\n|-weather|SunnyDay|[upkeep]\n|-heal|p2a: Torkoal|61\/100|[from] Grassy Terrain\n|upkeep\n|turn|4\n|\n|t:|1700217493\n|switch|p2a: Landorus|Landorus-Therian, M, shiny|100\/100\n|-ability|p2a: Landorus|Intimidate|boost\n|-unboost|p1a: Rillaboom|atk|1\n|move|p1a: Rillaboom|Acrobatics|p2a: Landorus\n|-damage|p2a: Landorus|68\/100\n|\n|-weather|SunnyDay|[upkeep]\n|upkeep\n|turn|5\n|\n|t:|1700217503\n|move|p2a: Landorus|Stone Edge|p1a: Rillaboom\n|-supereffective|p1a: Rillaboom\n|-damage|p1a: Rillaboom|0 fnt\n|faint|p1a: Rillaboom\n|\n|-weather|SunnyDay|[upkeep]\n|-fieldend|move: Grassy Terrain\n|upkeep\n|\n|t:|1700217509\n|switch|p1a: Greninja|Greninja, M|100\/100\n|-damage|p1a: Greninja|88\/100|[from] Stealth Rock\n|turn|6\n|\n|t:|1700217523\n|switch|p2a: Ogerpon|Ogerpon-Wellspring, F|100\/100\n|move|p1a: Greninja|Dark Pulse|p2a: Ogerpon\n|-damage|p2a: Ogerpon|42\/100\n|-damage|p1a: Greninja|78\/100|[from] item: Life Orb\n|\n|-weather|SunnyDay|[upkeep]\n|upkeep\n|turn|7\n|\n|t:|1700217532\n|move|p1a: Greninja|Dark Pulse|p2a: Ogerpon\n|-damage|p2a: Ogerpon|0 fnt\n|faint|p2a: Ogerpon\n|-ability|p1a: Greninja|Battle Bond|boost\n|-boost|p1a: Greninja|atk|1\n|-boost|p1a: Greninja|spa|1\n|-boost|p1a: Greninja|spe|1\n|-activate|p1a: Greninja|ability: Battle Bond\n|-damage|p1a: Greninja|69\/100|[from] item: Life Orb\n|\n|-weather|SunnyDay|[upkeep]\n|upkeep\n|\n|t:|1700217557\n|switch|p2a: Hatterene|Hatterene, F|100\/100\n|turn|8\n|\n|t:|1700217567\n|move|p1a: Greninja|Dark Pulse|p2a: Hatterene\n|-damage|p2a: Hatterene|34\/100\n|-damage|p1a: Greninja|59\/100|[from] item: Life Orb\n|move|p2a: Hatterene|Draining Kiss|p1a: Greninja\n|-supereffective|p1a: Greninja\n|-damage|p1a: Greninja|0 fnt\n|-heal|p2a: Hatterene|73\/100|[from] drain|[of] p1a: Greninja\n|faint|p1a: Greninja\n|\n|-weather|none\n|-heal|p2a: Hatterene|79\/100|[from] item: Leftovers\n|upkeep\n|\n|t:|1700217586\n|switch|p1a: Grimmsnarl|Grimmsnarl, M, shiny|100\/100\n|-damage|p1a: Grimmsnarl|88\/100|[from] Stealth Rock\n|turn|9\n|\n|t:|1700217594\n|move|p1a: Grimmsnarl|Trick|p2a: Hatterene\n|-activate|p1a: Grimmsnarl|move: Trick|[of] p2a: Hatterene\n|-item|p2a: Hatterene|Black Sludge|[from] move: Trick\n|-item|p1a: Grimmsnarl|Leftovers|[from] move: Trick\n|move|p2a: Hatterene|Draining Kiss|p1a: Grimmsnarl\n|-supereffective|p1a: Grimmsnarl\n|-damage|p1a: Grimmsnarl|46\/100\n|-heal|p2a: Hatterene|100\/100|[from] drain|[of] p1a: Grimmsnarl\n|\n|-heal|p1a: Grimmsnarl|52\/100|[from] item: Leftovers\n|-damage|p2a: Hatterene|88\/100|[from] item: Black Sludge\n|upkeep\n|turn|10\n|\n|t:|1700217606\n|move|p1a: Grimmsnarl|Parting Shot|p2a: Hatterene\n|move|p2a: Hatterene|Parting Shot|p1a: Grimmsnarl|[from]ability: Magic Bounce\n|-unboost|p1a: Grimmsnarl|atk|1\n|-unboost|p1a: Grimmsnarl|spa|1\n|\n|t:|1700217623\n|switch|p2a: Torkoal|Torkoal, F, shiny|61\/100|[from] Parting Shot\n|-weather|SunnyDay|[from] ability: Drought|[of] p2a: Torkoal\n|\n|-weather|SunnyDay|[upkeep]\n|-heal|p1a: Grimmsnarl|58\/100|[from] item: Leftovers\n|upkeep\n|turn|11\n|\n|t:|1700217634\n|move|p1a: Grimmsnarl|Parting Shot|p2a: Torkoal\n|-unboost|p2a: Torkoal|atk|1\n|-unboost|p2a: Torkoal|spa|1\n|\n|t:|1700217655\n|switch|p1a: Dragapult|Dragapult, F|100\/100|[from] Parting Shot\n|-damage|p1a: Dragapult|88\/100|[from] Stealth Rock\n|move|p2a: Torkoal|Body Press|p1a: Dragapult\n|-immune|p1a: Dragapult\n|\n|-weather|SunnyDay|[upkeep]\n|upkeep\n|turn|12\n|\n|t:|1700217668\n|switch|p2a: Landorus|Landorus-Therian, M, shiny|68\/100\n|-ability|p2a: Landorus|Intimidate|boost\n|-unboost|p1a: Dragapult|atk|1\n|move|p1a: Dragapult|Dragon Pulse|p2a: Landorus\n|-damage|p2a: Landorus|0 fnt\n|faint|p2a: Landorus\n|-damage|p1a: Dragapult|78\/100|[from] item: Life Orb\n|\n|-weather|SunnyDay|[upkeep]\n|upkeep\n|\n|t:|1700217687\n|switch|p2a: Walking Wake|Walking Wake|100\/100\n|-activate|p2a: Walking Wake|ability: Protosynthesis\n|-start|p2a: Walking Wake|protosynthesisspe\n|turn|13\n|\n|t:|1700217704\n|move|p2a: Walking Wake|Hydro Steam|p1a: Dragapult\n|-resisted|p1a: Dragapult\n|-damage|p1a: Dragapult|13\/100\n|move|p1a: Dragapult|Dragon Pulse|p2a: Walking Wake\n|-supereffective|p2a: Walking Wake\n|-damage|p2a: Walking Wake|0 fnt\n|faint|p2a: Walking Wake\n|-end|p2a: Walking Wake|Protosynthesis|[silent]\n|-damage|p1a: Dragapult|4\/100|[from] item: Life Orb\n|\n|-weather|SunnyDay|[upkeep]\n|upkeep\n|inactive|draco9746 has 120 seconds left.\n|\n|t:|1700217714\n|switch|p2a: Hatterene|Hatterene, F|88\/100\n|turn|14\n|c|\u2606AnshSharma|I knew it\n|c|\u2606AnshSharma|\ud83d\ude01\ud83d\ude01\n|\n|t:|1700217724\n|move|p1a: Dragapult|Shadow Ball|p2a: Hatterene\n|-supereffective|p2a: Hatterene\n|-damage|p2a: Hatterene|0 fnt\n|faint|p2a: Hatterene\n|-damage|p1a: Dragapult|0 fnt|[from] item: Life Orb\n|faint|p1a: Dragapult\n|\n|-weather|none\n|upkeep\n|\n|t:|1700217738\n|switch|p1a: Grimmsnarl|Grimmsnarl, M, shiny|58\/100\n|switch|p2a: Torkoal|Torkoal, F, shiny|61\/100\n|-damage|p1a: Grimmsnarl|46\/100|[from] Stealth Rock\n|-weather|SunnyDay|[from] ability: Drought|[of] p2a: Torkoal\n|turn|15\n|\n|t:|1700217753\n|move|p1a: Grimmsnarl|Parting Shot|p2a: Torkoal\n|-unboost|p2a: Torkoal|atk|1\n|-unboost|p2a: Torkoal|spa|1\n|\n|t:|1700217757\n|switch|p1a: Hatterene|Hatterene, F|100\/100|[from] Parting Shot\n|-damage|p1a: Hatterene|88\/100|[from] Stealth Rock\n|move|p2a: Torkoal|Body Press|p1a: Hatterene\n|-resisted|p1a: Hatterene\n|-damage|p1a: Hatterene|81\/100\n|\n|-weather|SunnyDay|[upkeep]\n|-heal|p1a: Hatterene|87\/100|[from] item: Leftovers\n|upkeep\n|turn|16\n|\n|t:|1700217768\n|move|p1a: Hatterene|Nuzzle|p2a: Torkoal\n|-damage|p2a: Torkoal|59\/100\n|-status|p2a: Torkoal|par\n|move|p2a: Torkoal|Lava Plume|p1a: Hatterene\n|-damage|p1a: Hatterene|65\/100\n|\n|-weather|SunnyDay|[upkeep]\n|-heal|p1a: Hatterene|71\/100|[from] item: Leftovers\n|upkeep\n|turn|17\n|\n|t:|1700217782\n|move|p1a: Hatterene|Mystical Fire|p2a: Torkoal\n|-resisted|p2a: Torkoal\n|-damage|p2a: Torkoal|37\/100 par\n|-unboost|p2a: Torkoal|spa|1\n|cant|p2a: Torkoal|par\n|\n|-weather|SunnyDay|[upkeep]\n|-heal|p1a: Hatterene|77\/100|[from] item: Leftovers\n|upkeep\n|turn|18\n|\n|t:|1700217790\n|move|p1a: Hatterene|Mystical Fire|p2a: Torkoal\n|-resisted|p2a: Torkoal\n|-damage|p2a: Torkoal|14\/100 par\n|-unboost|p2a: Torkoal|spa|1\n|move|p2a: Torkoal|Lava Plume|p1a: Hatterene\n|-damage|p1a: Hatterene|63\/100\n|\n|-weather|SunnyDay|[upkeep]\n|-heal|p1a: Hatterene|69\/100|[from] item: Leftovers\n|upkeep\n|turn|19\n|\n|t:|1700217799\n|move|p1a: Hatterene|Mystical Fire|p2a: Torkoal\n|-resisted|p2a: Torkoal\n|-damage|p2a: Torkoal|0 fnt\n|faint|p2a: Torkoal\n|\n|-weather|none\n|-heal|p1a: Hatterene|75\/100|[from] item: Leftovers\n|upkeep\n|\n|t:|1700217806\n|switch|p2a: Kingambit|Kingambit, M|100\/100\n|-activate|p2a: Kingambit|ability: Supreme Overlord\n|-start|p2a: Kingambit|fallen5|[silent]\n|turn|20\n|\n|t:|1700217814\n|switch|p1a: Quaquaval|Quaquaval, F|100\/100\n|-damage|p1a: Quaquaval|94\/100|[from] Stealth Rock\n|move|p2a: Kingambit|Iron Head|p1a: Quaquaval\n|-resisted|p1a: Quaquaval\n|-damage|p1a: Quaquaval|51\/100\n|\n|upkeep\n|turn|21\n|\n|t:|1700217825\n|-terastallize|p2a: Kingambit|Dark\n|move|p2a: Kingambit|Sucker Punch|p1a: Quaquaval\n|-resisted|p1a: Quaquaval\n|-damage|p1a: Quaquaval|0 fnt\n|faint|p1a: Quaquaval\n|\n|upkeep\n|\n|t:|1700217831\n|switch|p1a: Grimmsnarl|Grimmsnarl, M, shiny|46\/100\n|-damage|p1a: Grimmsnarl|34\/100|[from] Stealth Rock\n|turn|22\n|\n|t:|1700217841\n|move|p1a: Grimmsnarl|Parting Shot|p2a: Kingambit\n|-hint|Since gen 7, Dark is immune to Prankster moves.\n|-immune|p2a: Kingambit\n|move|p2a: Kingambit|Iron Head|p1a: Grimmsnarl\n|-supereffective|p1a: Grimmsnarl\n|-damage|p1a: Grimmsnarl|0 fnt\n|faint|p1a: Grimmsnarl\n|\n|upkeep\n|\n|t:|1700217848\n|switch|p1a: Hatterene|Hatterene, F|75\/100\n|-damage|p1a: Hatterene|62\/100|[from] Stealth Rock\n|turn|23\n|\n|t:|1700217853\n|move|p2a: Kingambit|Iron Head|p1a: Hatterene\n|-supereffective|p1a: Hatterene\n|-damage|p1a: Hatterene|0 fnt\n|faint|p1a: Hatterene\n|\n|win|draco9746\n|raw|AnshSharma's rating: 1096 &rarr; <strong>1076<\/strong><br \/>(-20 for losing)\n|raw|draco9746's rating: 1164 &rarr; <strong>1184<\/strong><br \/>(+20 for winning)\n|c|\u2606draco9746|gg\n|c|\u2606AnshSharma|G\n|c|\u2606AnshSharma|I forgot\n","uploadtime":1700217866,"views":13,"p1id":"anshsharma","p2id":"draco9746","formatid":"gen9ou","rating":1076,"private":0,"password":""}