{"id":"gen9ou-1998330678","p1":"tnin147","p2":"DerickCC","format":"[Gen 9] OU","log":"|j|\u2606tnin147\n|j|\u2606DerickCC\n|t:|1700930275\n|gametype|singles\n|player|p1|tnin147|102|1162\n|player|p2|DerickCC|maid|1130\n|teamsize|p1|6\n|teamsize|p2|6\n|gen|9\n|tier|[Gen 9] OU\n|rated|\n|rule|Sleep Clause Mod: Limit one foe put to sleep\n|rule|Species Clause: Limit one of each Pok\u00e9mon\n|rule|OHKO Clause: OHKO moves are banned\n|rule|Evasion Items Clause: Evasion items are banned\n|rule|Evasion Moves Clause: Evasion moves are banned\n|rule|Endless Battle Clause: Forcing endless battles is banned\n|rule|HP Percentage Mod: HP is shown in percentages\n|clearpoke\n|poke|p1|Gholdengo|\n|poke|p1|Meowscarada, M|\n|poke|p1|Great Tusk|\n|poke|p1|Azumarill, M|\n|poke|p1|Corviknight, F|\n|poke|p1|Landorus-Therian, M|\n|poke|p2|Ceruledge, M|\n|poke|p2|Jolteon, M|\n|poke|p2|Hawlucha, M|\n|poke|p2|Ribombee, F|\n|poke|p2|Clodsire, M|\n|poke|p2|Cloyster, F|\n|teampreview\n|\n|t:|1700930281\n|start\n|switch|p1a: Landorus|Landorus-Therian, M|100\/100\n|switch|p2a: Dynamo|Jolteon, M|100\/100\n|-ability|p1a: Landorus|Intimidate|boost\n|-unboost|p2a: Dynamo|atk|1\n|turn|1\n|\n|t:|1700930285\n|-terastallize|p2a: Dynamo|Ice\n|move|p2a: Dynamo|Tera Blast|p1a: Landorus|[anim] Tera Blast Ice\n|-supereffective|p1a: Landorus\n|-damage|p1a: Landorus|0 fnt\n|faint|p1a: Landorus\n|\n|upkeep\n|\n|t:|1700930294\n|switch|p1a: Gholdengo|Gholdengo, shiny|100\/100\n|turn|2\n|\n|t:|1700930299\n|move|p2a: Dynamo|Volt Switch|p1a: Gholdengo\n|-damage|p1a: Gholdengo|71\/100\n|\n|t:|1700930310\n|switch|p2a: Taylor|Ribombee, F|100\/100|[from] Volt Switch\n|move|p1a: Gholdengo|Make It Rain|p2a: Taylor\n|-supereffective|p2a: Taylor\n|-damage|p2a: Taylor|0 fnt\n|-unboost|p1a: Gholdengo|spa|1\n|faint|p2a: Taylor\n|\n|upkeep\n|\n|t:|1700930323\n|switch|p2a: Muddy Bud|Clodsire, M|100\/100\n|turn|3\n|\n|t:|1700930331\n|switch|p1a: Corviknight|Corviknight, F, shiny|100\/100\n|move|p2a: Muddy Bud|Toxic Spikes|p1a: Corviknight\n|-sidestart|p1: tnin147|move: Toxic Spikes\n|\n|upkeep\n|turn|4\n|\n|t:|1700930335\n|move|p1a: Corviknight|Defog|p2a: Muddy Bud\n|-unboost|p2a: Muddy Bud|evasion|1\n|-sideend|p1: tnin147|Toxic Spikes|[from] move: Defog|[of] p1a: Corviknight\n|move|p2a: Muddy Bud|Toxic Spikes|p1a: Corviknight\n|-sidestart|p1: tnin147|move: Toxic Spikes\n|\n|upkeep\n|turn|5\n|\n|t:|1700930341\n|switch|p2a: Dynamo|Jolteon, M, tera:Ice|100\/100\n|move|p1a: Corviknight|Defog|p2a: Dynamo\n|-unboost|p2a: Dynamo|evasion|1\n|-sideend|p1: tnin147|Toxic Spikes|[from] move: Defog|[of] p1a: Corviknight\n|\n|upkeep\n|turn|6\n|\n|t:|1700930353\n|move|p2a: Dynamo|Electric Terrain|p2a: Dynamo\n|-fieldstart|move: Electric Terrain\n|move|p1a: Corviknight|Iron Head|p2a: Dynamo\n|-supereffective|p2a: Dynamo\n|-damage|p2a: Dynamo|7\/100\n|\n|upkeep\n|turn|7\n|\n|t:|1700930363\n|move|p2a: Dynamo|Discharge|p1a: Corviknight\n|-supereffective|p1a: Corviknight\n|-damage|p1a: Corviknight|11\/100\n|move|p1a: Corviknight|Iron Head|p2a: Dynamo\n|-supereffective|p2a: Dynamo\n|-damage|p2a: Dynamo|0 fnt\n|faint|p2a: Dynamo\n|\n|-heal|p1a: Corviknight|18\/100|[from] item: Leftovers\n|upkeep\n|\n|t:|1700930368\n|switch|p2a: Nacho Libre|Hawlucha, M|100\/100\n|-enditem|p2a: Nacho Libre|Electric Seed\n|-boost|p2a: Nacho Libre|def|1|[from] item: Electric Seed\n|turn|8\n|\n|t:|1700930375\n|move|p2a: Nacho Libre|High Jump Kick|p1a: Corviknight\n|-damage|p1a: Corviknight|0 fnt\n|faint|p1a: Corviknight\n|\n|upkeep\n|\n|t:|1700930388\n|switch|p1a: Gholdengo|Gholdengo, shiny|71\/100\n|turn|9\n|inactive|Battle timer is ON: inactive players will automatically lose when time's up. (requested by tnin147)\n|\n|t:|1700930422\n|move|p2a: Nacho Libre|Acrobatics|p1a: Gholdengo\n|-resisted|p1a: Gholdengo\n|-damage|p1a: Gholdengo|54\/100\n|-damage|p2a: Nacho Libre|84\/100|[from] item: Rocky Helmet|[of] p1a: Gholdengo\n|move|p1a: Gholdengo|Shadow Ball|p2a: Nacho Libre\n|-damage|p2a: Nacho Libre|20\/100\n|\n|upkeep\n|turn|10\n|\n|t:|1700930434\n|move|p2a: Nacho Libre|Zen Headbutt|p1a: Gholdengo\n|-resisted|p1a: Gholdengo\n|-damage|p1a: Gholdengo|46\/100\n|-damage|p2a: Nacho Libre|4\/100|[from] item: Rocky Helmet|[of] p1a: Gholdengo\n|move|p1a: Gholdengo|Recover|p1a: Gholdengo\n|-heal|p1a: Gholdengo|96\/100\n|\n|upkeep\n|turn|11\n|\n|t:|1700930441\n|move|p2a: Nacho Libre|Hone Claws|p2a: Nacho Libre\n|-boost|p2a: Nacho Libre|atk|1\n|-boost|p2a: Nacho Libre|accuracy|1\n|move|p1a: Gholdengo|Nasty Plot|p1a: Gholdengo\n|-boost|p1a: Gholdengo|spa|2\n|\n|upkeep\n|turn|12\n|\n|t:|1700930446\n|move|p2a: Nacho Libre|Acrobatics|p1a: Gholdengo\n|-resisted|p1a: Gholdengo\n|-damage|p1a: Gholdengo|71\/100\n|-damage|p2a: Nacho Libre|0 fnt|[from] item: Rocky Helmet|[of] p1a: Gholdengo\n|faint|p2a: Nacho Libre\n|move|p1a: Gholdengo|Shadow Ball|p2: Nacho Libre|[notarget]\n|-fail|p1a: Gholdengo\n|\n|upkeep\n|\n|t:|1700930456\n|switch|p2a: Megaman|Ceruledge, M|100\/100\n|turn|13\n|\n|t:|1700930462\n|-terastallize|p1a: Gholdengo|Fairy\n|move|p2a: Megaman|Poltergeist|p1a: Gholdengo\n|-activate|p1a: Gholdengo|move: Poltergeist|Rocky Helmet\n|-damage|p1a: Gholdengo|31\/100\n|move|p1a: Gholdengo|Shadow Ball|p2a: Megaman\n|-supereffective|p2a: Megaman\n|-enditem|p2a: Megaman|Focus Sash\n|-damage|p2a: Megaman|1\/100\n|\n|-fieldend|move: Electric Terrain\n|upkeep\n|turn|14\n|\n|t:|1700930479\n|switch|p1a: Azumarill|Azumarill, M|100\/100\n|move|p2a: Megaman|Bitter Blade|p1a: Azumarill\n|-resisted|p1a: Azumarill\n|-damage|p1a: Azumarill|76\/100\n|-heal|p2a: Megaman|17\/100|[from] drain|[of] p1a: Azumarill\n|\n|upkeep\n|turn|15\n|\n|t:|1700930486\n|switch|p2a: Muddy Bud|Clodsire, M|100\/100\n|move|p1a: Azumarill|Aqua Jet|p2a: Muddy Bud\n|-immune|p2a: Muddy Bud|[from] ability: Water Absorb\n|\n|upkeep\n|turn|16\n|\n|t:|1700930505\n|switch|p1a: Great Tusk|Great Tusk, shiny|100\/100\n|-enditem|p1a: Great Tusk|Booster Energy\n|-activate|p1a: Great Tusk|ability: Protosynthesis|[fromitem]\n|-start|p1a: Great Tusk|protosynthesisatk\n|move|p2a: Muddy Bud|Gunk Shot|p1a: Great Tusk\n|-resisted|p1a: Great Tusk\n|-damage|p1a: Great Tusk|83\/100\n|-status|p1a: Great Tusk|psn\n|\n|-damage|p1a: Great Tusk|71\/100 psn|[from] psn\n|upkeep\n|turn|17\n|\n|t:|1700930526\n|switch|p2a: Megaman|Ceruledge, M|17\/100\n|move|p1a: Great Tusk|Ice Spinner|p2a: Megaman\n|-resisted|p2a: Megaman\n|-damage|p2a: Megaman|0 fnt\n|faint|p2a: Megaman\n|\n|-damage|p1a: Great Tusk|58\/100 psn|[from] psn\n|upkeep\n|\n|t:|1700930529\n|switch|p2a: Ice Haunter|Cloyster, F|100\/100\n|turn|18\n|\n|t:|1700930535\n|move|p1a: Great Tusk|Headlong Rush|p2a: Ice Haunter\n|-damage|p2a: Ice Haunter|35\/100\n|-unboost|p1a: Great Tusk|def|1\n|-unboost|p1a: Great Tusk|spd|1\n|move|p2a: Ice Haunter|Shell Smash|p2a: Ice Haunter\n|-unboost|p2a: Ice Haunter|def|1\n|-unboost|p2a: Ice Haunter|spd|1\n|-boost|p2a: Ice Haunter|atk|2\n|-boost|p2a: Ice Haunter|spa|2\n|-boost|p2a: Ice Haunter|spe|2\n|-enditem|p2a: Ice Haunter|White Herb\n|-clearnegativeboost|p2a: Ice Haunter|[silent]\n|\n|-damage|p1a: Great Tusk|46\/100 psn|[from] psn\n|upkeep\n|turn|19\n|\n|t:|1700930548\n|move|p2a: Ice Haunter|Liquidation|p1a: Great Tusk\n|-supereffective|p1a: Great Tusk\n|-crit|p1a: Great Tusk\n|-damage|p1a: Great Tusk|0 fnt\n|faint|p1a: Great Tusk\n|-end|p1a: Great Tusk|Protosynthesis|[silent]\n|\n|upkeep\n|\n|t:|1700930558\n|switch|p1a: Azumarill|Azumarill, M|76\/100\n|turn|20\n|\n|t:|1700930565\n|move|p1a: Azumarill|Aqua Jet|p2a: Ice Haunter\n|-resisted|p2a: Ice Haunter\n|-damage|p2a: Ice Haunter|22\/100\n|move|p2a: Ice Haunter|Rock Blast|p1a: Azumarill\n|-damage|p1a: Azumarill|60\/100\n|-damage|p1a: Azumarill|45\/100\n|-damage|p1a: Azumarill|28\/100\n|-damage|p1a: Azumarill|11\/100\n|-damage|p1a: Azumarill|0 fnt\n|faint|p1a: Azumarill\n|-hitcount|p1: Azumarill|5\n|\n|upkeep\n|\n|t:|1700930569\n|switch|p1a: Gholdengo|Gholdengo, shiny, tera:Fairy|31\/100\n|turn|21\n|\n|t:|1700930578\n|move|p2a: Ice Haunter|Liquidation|p1a: Gholdengo\n|-damage|p1a: Gholdengo|0 fnt\n|-damage|p2a: Ice Haunter|5\/100|[from] item: Rocky Helmet|[of] p1a: Gholdengo\n|faint|p1a: Gholdengo\n|\n|upkeep\n|\n|t:|1700930583\n|switch|p1a: Meowscarada|Meowscarada, M, shiny|100\/100\n|turn|22\n|\n|t:|1700930590\n|move|p1a: Meowscarada|Sucker Punch|p2a: Ice Haunter\n|-start|p1a: Meowscarada|typechange|Dark|[from] ability: Protean\n|-damage|p2a: Ice Haunter|0 fnt\n|faint|p2a: Ice Haunter\n|\n|upkeep\n|\n|t:|1700930593\n|switch|p2a: Muddy Bud|Clodsire, M|100\/100\n|turn|23\n|\n|t:|1700930601\n|move|p1a: Meowscarada|Sucker Punch|p2a: Muddy Bud\n|-crit|p2a: Muddy Bud\n|-damage|p2a: Muddy Bud|1\/100\n|move|p2a: Muddy Bud|Gunk Shot|p1a: Meowscarada\n|-damage|p1a: Meowscarada|38\/100\n|\n|-heal|p2a: Muddy Bud|7\/100|[from] item: Black Sludge\n|upkeep\n|turn|24\n|\n|t:|1700930607\n|move|p1a: Meowscarada|Sucker Punch||[still]\n|-fail|p1a: Meowscarada\n|move|p2a: Muddy Bud|Recover|p2a: Muddy Bud\n|-heal|p2a: Muddy Bud|57\/100\n|\n|-heal|p2a: Muddy Bud|63\/100|[from] item: Black Sludge\n|upkeep\n|turn|25\n|\n|t:|1700930611\n|move|p1a: Meowscarada|Sucker Punch||[still]\n|-fail|p1a: Meowscarada\n|move|p2a: Muddy Bud|Recover|p2a: Muddy Bud\n|-heal|p2a: Muddy Bud|100\/100\n|\n|upkeep\n|turn|26\n|\n|t:|1700930616\n|move|p1a: Meowscarada|Sucker Punch|p2a: Muddy Bud\n|-damage|p2a: Muddy Bud|35\/100\n|move|p2a: Muddy Bud|Gunk Shot|p1a: Meowscarada\n|-damage|p1a: Meowscarada|0 fnt\n|faint|p1a: Meowscarada\n|\n|win|DerickCC\n|raw|tnin147's rating: 1162 &rarr; <strong>1135<\/strong><br \/>(-27 for losing)\n|raw|DerickCC's rating: 1130 &rarr; <strong>1157<\/strong><br \/>(+27 for winning)\n|l|\u2606tnin147\n|c|\u2606DerickCC|GG\n","uploadtime":1700930630,"views":8,"p1id":"tnin147","p2id":"derickcc","formatid":"gen9ou","rating":1135,"private":0,"password":""}