{"id":"gen9ou-1988985442","p1":"CuetheBeat","p2":"outdated ahh team","format":"[Gen 9] OU","log":"|j|\u2606CuetheBeat\n|j|\u2606outdated ahh team\n|t:|1699798528\n|gametype|singles\n|player|p1|CuetheBeat|170|1525\n|player|p2|outdated ahh team|falkner-gen2|1671\n|teamsize|p1|6\n|teamsize|p2|6\n|gen|9\n|tier|[Gen 9] OU\n|rated|\n|rule|Sleep Clause Mod: Limit one foe put to sleep\n|rule|Species Clause: Limit one of each Pok\u00e9mon\n|rule|OHKO Clause: OHKO moves are banned\n|rule|Evasion Items Clause: Evasion items are banned\n|rule|Evasion Moves Clause: Evasion moves are banned\n|rule|Endless Battle Clause: Forcing endless battles is banned\n|rule|HP Percentage Mod: HP is shown in percentages\n|clearpoke\n|poke|p1|Landorus-Therian, M|\n|poke|p1|Ogerpon-Wellspring, F|\n|poke|p1|Thundurus-Therian, M|\n|poke|p1|Kingambit, F|\n|poke|p1|Zamazenta-*|\n|poke|p1|Iron Moth|\n|poke|p2|Kingambit, M|\n|poke|p2|Ogerpon-Wellspring, F|\n|poke|p2|Hoopa-Unbound|\n|poke|p2|Iron Valiant|\n|poke|p2|Arcanine-Hisui, F|\n|poke|p2|Great Tusk|\n|teampreview\n|inactive|Battle timer is ON: inactive players will automatically lose when time's up. (requested by CuetheBeat)\n|inactive|outdated ahh team also wants the timer to be on.\n|\n|t:|1699798551\n|start\n|switch|p1a: Ogerpon|Ogerpon-Wellspring, F|100\/100\n|switch|p2a: Alisa Bosconovitch|Iron Valiant|100\/100\n|turn|1\n|\n|t:|1699798561\n|move|p2a: Alisa Bosconovitch|Moonblast|p1a: Ogerpon\n|-crit|p1a: Ogerpon\n|-damage|p1a: Ogerpon|14\/100\n|move|p1a: Ogerpon|Trailblaze|p2a: Alisa Bosconovitch\n|-damage|p2a: Alisa Bosconovitch|60\/100\n|-boost|p1a: Ogerpon|spe|1\n|\n|upkeep\n|turn|2\n|inactive|outdated ahh team has 120 seconds left.\n|\n|t:|1699798620\n|-end|p2a: Alisa Bosconovitch|Quark Drive|[silent]\n|switch|p2a: Guts \u2694\ufe0f|Kingambit, M|100\/100\n|move|p1a: Ogerpon|Ivy Cudgel|p2a: Guts \u2694\ufe0f\n|-damage|p2a: Guts \u2694\ufe0f|50\/100\n|\n|-heal|p2a: Guts \u2694\ufe0f|56\/100|[from] item: Leftovers\n|upkeep\n|turn|3\n|\n|t:|1699798630\n|move|p2a: Guts \u2694\ufe0f|Sucker Punch|p1a: Ogerpon\n|-damage|p1a: Ogerpon|0 fnt\n|faint|p1a: Ogerpon\n|\n|-heal|p2a: Guts \u2694\ufe0f|62\/100|[from] item: Leftovers\n|upkeep\n|\n|t:|1699798636\n|switch|p1a: Zamazenta|Zamazenta|100\/100\n|-ability|p1a: Zamazenta|Dauntless Shield|boost\n|-boost|p1a: Zamazenta|def|1\n|turn|4\n|inactive|outdated ahh team has 90 seconds left.\n|\n|t:|1699798661\n|-end|p2a: Guts \u2694\ufe0f|fallenundefined|[silent]\n|switch|p2a: Ryomen Sukuna \u26e9\ufe0f|Hoopa-Unbound|100\/100\n|move|p1a: Zamazenta|Close Combat|p2a: Ryomen Sukuna \u26e9\ufe0f\n|-damage|p2a: Ryomen Sukuna \u26e9\ufe0f|0 fnt\n|-unboost|p1a: Zamazenta|def|1\n|-unboost|p1a: Zamazenta|spd|1\n|faint|p2a: Ryomen Sukuna \u26e9\ufe0f\n|\n|upkeep\n|inactive|outdated ahh team has 90 seconds left.\n|\n|t:|1699798677\n|switch|p2a: Alisa Bosconovitch|Iron Valiant|60\/100\n|turn|5\n|\n|t:|1699798688\n|-terastallize|p1a: Zamazenta|Fighting\n|move|p1a: Zamazenta|Close Combat|p2a: Alisa Bosconovitch\n|-resisted|p2a: Alisa Bosconovitch\n|-damage|p2a: Alisa Bosconovitch|0 fnt\n|-unboost|p1a: Zamazenta|def|1\n|-unboost|p1a: Zamazenta|spd|1\n|faint|p2a: Alisa Bosconovitch\n|-end|p2a: Alisa Bosconovitch|Quark Drive|[silent]\n|\n|upkeep\n|inactive|outdated ahh team has 90 seconds left.\n|\n|t:|1699798697\n|switch|p2a: Alpha \ud83d\udc15|Arcanine-Hisui, F|100\/100\n|turn|6\n|inactive|CuetheBeat has 120 seconds left.\n|j| Siejhdjejeks\n|\n|t:|1699798739\n|move|p1a: Zamazenta|Close Combat|p2a: Alpha \ud83d\udc15\n|-supereffective|p2a: Alpha \ud83d\udc15\n|-enditem|p2a: Alpha \ud83d\udc15|Focus Sash\n|-damage|p2a: Alpha \ud83d\udc15|1\/100\n|-unboost|p1a: Zamazenta|def|1\n|-unboost|p1a: Zamazenta|spd|1\n|move|p2a: Alpha \ud83d\udc15|Flare Blitz|p1a: Zamazenta\n|-damage|p1a: Zamazenta|0 fnt\n|faint|p1a: Zamazenta\n|\n|upkeep\n|\n|t:|1699798760\n|switch|p1a: Iron Moth|Iron Moth|100\/100\n|-enditem|p1a: Iron Moth|Booster Energy\n|-activate|p1a: Iron Moth|ability: Quark Drive|[fromitem]\n|-start|p1a: Iron Moth|quarkdrivespe\n|turn|7\n|\n|t:|1699798771\n|move|p2a: Alpha \ud83d\udc15|Extreme Speed|p1a: Iron Moth\n|-damage|p1a: Iron Moth|64\/100\n|move|p1a: Iron Moth|Fiery Dance|p2a: Alpha \ud83d\udc15\n|-resisted|p2a: Alpha \ud83d\udc15\n|-damage|p2a: Alpha \ud83d\udc15|0 fnt\n|-boost|p1a: Iron Moth|spa|1\n|faint|p2a: Alpha \ud83d\udc15\n|\n|upkeep\n|\n|t:|1699798787\n|switch|p2a: Casca \u2694\ufe0f|Ogerpon-Wellspring, F|100\/100\n|turn|8\n|\n|t:|1699798796\n|-terastallize|p2a: Casca \u2694\ufe0f|Water\n|detailschange|p2a: Casca \u2694\ufe0f|Ogerpon-Wellspring-Tera, F, tera:Water\n|-ability|p2a: Casca \u2694\ufe0f|Embody Aspect (Wellspring)|boost\n|-boost|p2a: Casca \u2694\ufe0f|spd|1\n|move|p1a: Iron Moth|Energy Ball|p2a: Casca \u2694\ufe0f\n|-supereffective|p2a: Casca \u2694\ufe0f\n|-damage|p2a: Casca \u2694\ufe0f|33\/100\n|move|p2a: Casca \u2694\ufe0f|Ivy Cudgel|p1a: Iron Moth\n|-supereffective|p1a: Iron Moth\n|-damage|p1a: Iron Moth|0 fnt\n|faint|p1a: Iron Moth\n|-end|p1a: Iron Moth|Quark Drive|[silent]\n|\n|upkeep\n|inactive|CuetheBeat has 90 seconds left.\n|\n|t:|1699798827\n|switch|p1a: Kingambit|Kingambit, F|100\/100\n|-activate|p1a: Kingambit|ability: Supreme Overlord\n|-start|p1a: Kingambit|fallen3|[silent]\n|turn|9\n|inactive|CuetheBeat has 90 seconds left.\n|\n|t:|1699798845\n|switch|p2a: Tuskuthy the Great|Great Tusk|100\/100\n|move|p1a: Kingambit|Sucker Punch||[still]\n|-fail|p1a: Kingambit\n|\n|upkeep\n|turn|10\n|\n|t:|1699798849\n|-end|p1a: Kingambit|fallen3|[silent]\n|switch|p1a: Landorus|Landorus-Therian, M|100\/100\n|-ability|p1a: Landorus|Intimidate|boost\n|-unboost|p2a: Tuskuthy the Great|atk|1\n|move|p2a: Tuskuthy the Great|Ice Spinner|p1a: Landorus\n|-supereffective|p1a: Landorus\n|-damage|p1a: Landorus|33\/100\n|\n|-heal|p1a: Landorus|40\/100|[from] item: Leftovers\n|upkeep\n|turn|11\n|\n|t:|1699798857\n|move|p2a: Tuskuthy the Great|Ice Spinner|p1a: Landorus\n|-supereffective|p1a: Landorus\n|-damage|p1a: Landorus|0 fnt\n|faint|p1a: Landorus\n|\n|upkeep\n|inactive|CuetheBeat has 90 seconds left.\n|\n|t:|1699798869\n|switch|p1a: Thundurus|Thundurus-Therian, M|100\/100\n|turn|12\n|inactive|outdated ahh team has 120 seconds left.\n|inactive|outdated ahh team has 90 seconds left.\n|\n|t:|1699798931\n|-end|p2a: Tuskuthy the Great|Protosynthesis|[silent]\n|switch|p2a: Guts \u2694\ufe0f|Kingambit, M|62\/100\n|-activate|p2a: Guts \u2694\ufe0f|ability: Supreme Overlord\n|-start|p2a: Guts \u2694\ufe0f|fallen3|[silent]\n|move|p1a: Thundurus|Grass Knot|p2a: Guts \u2694\ufe0f\n|-resisted|p2a: Guts \u2694\ufe0f\n|-damage|p2a: Guts \u2694\ufe0f|42\/100\n|\n|-heal|p2a: Guts \u2694\ufe0f|48\/100|[from] item: Leftovers\n|upkeep\n|turn|13\n|inactive|outdated ahh team has 90 seconds left.\n|inactive|outdated ahh team has 60 seconds left.\n|\n|t:|1699798990\n|move|p2a: Guts \u2694\ufe0f|Sucker Punch|p1a: Thundurus\n|-damage|p1a: Thundurus|19\/100\n|move|p1a: Thundurus|Thunderbolt|p2a: Guts \u2694\ufe0f\n|-damage|p2a: Guts \u2694\ufe0f|0 fnt\n|faint|p2a: Guts \u2694\ufe0f\n|-end|p2a: Guts \u2694\ufe0f|fallen3|[silent]\n|\n|upkeep\n|\n|t:|1699798996\n|switch|p2a: Casca \u2694\ufe0f|Ogerpon-Wellspring-Tera, F, tera:Water|33\/100\n|-ability|p2a: Casca \u2694\ufe0f|Embody Aspect (Wellspring)|boost\n|-boost|p2a: Casca \u2694\ufe0f|spd|1\n|turn|14\n|\n|t:|1699799000\n|move|p2a: Casca \u2694\ufe0f|Ivy Cudgel|p1a: Thundurus\n|-damage|p1a: Thundurus|0 fnt\n|faint|p1a: Thundurus\n|\n|upkeep\n|\n|t:|1699799002\n|switch|p1a: Kingambit|Kingambit, F|100\/100\n|-activate|p1a: Kingambit|ability: Supreme Overlord\n|-start|p1a: Kingambit|fallen5|[silent]\n|turn|15\n|inactive|CuetheBeat has 120 seconds left.\n|\n|t:|1699799009\n|move|p2a: Casca \u2694\ufe0f|Ivy Cudgel|p1a: Kingambit\n|-damage|p1a: Kingambit|31\/100\n|move|p1a: Kingambit|Swords Dance|p1a: Kingambit\n|-boost|p1a: Kingambit|atk|2\n|\n|upkeep\n|turn|16\n|\n|t:|1699799011\n|move|p1a: Kingambit|Sucker Punch|p2a: Casca \u2694\ufe0f\n|-damage|p2a: Casca \u2694\ufe0f|0 fnt\n|faint|p2a: Casca \u2694\ufe0f\n|\n|upkeep\n|\n|t:|1699799013\n|switch|p2a: Tuskuthy the Great|Great Tusk|100\/100\n|turn|17\n|\n|t:|1699799014\n|move|p2a: Tuskuthy the Great|Headlong Rush|p1a: Kingambit\n|-supereffective|p1a: Kingambit\n|-damage|p1a: Kingambit|0 fnt\n|-unboost|p2a: Tuskuthy the Great|def|1\n|-unboost|p2a: Tuskuthy the Great|spd|1\n|faint|p1a: Kingambit\n|-end|p1a: Kingambit|fallen5|[silent]\n|\n|win|outdated ahh team\n|raw|CuetheBeat's rating: 1525 &rarr; <strong>1513<\/strong><br \/>(-12 for losing)\n|raw|outdated ahh team's rating: 1671 &rarr; <strong>1683<\/strong><br \/>(+12 for winning)\n|l|\u2606CuetheBeat\n","uploadtime":1699799018,"views":15,"p1id":"cuethebeat","p2id":"outdatedahhteam","formatid":"gen9ou","rating":1513,"private":0,"password":""}