{"id":"gen9ou-1992907929","p1":"CDAtheDinoboy","p2":"SAAtheYoshiboy","format":"[Gen 9] OU","log":"|j|\u2606CDAtheDinoboy\n|j|\u2606SAAtheYoshiboy\n|t:|1700245824\n|gametype|singles\n|player|p1|CDAtheDinoboy|jogger|\n|player|p2|SAAtheYoshiboy|youngster-gen4dp|\n|teamsize|p1|6\n|teamsize|p2|6\n|gen|9\n|tier|[Gen 9] OU\n|rule|Sleep Clause Mod: Limit one foe put to sleep\n|rule|Species Clause: Limit one of each Pok\u00e9mon\n|rule|OHKO Clause: OHKO moves are banned\n|rule|Evasion Items Clause: Evasion items are banned\n|rule|Evasion Moves Clause: Evasion moves are banned\n|rule|Endless Battle Clause: Forcing endless battles is banned\n|rule|HP Percentage Mod: HP is shown in percentages\n|clearpoke\n|poke|p1|Gallade, M|\n|poke|p1|Dragapult, M|\n|poke|p1|Ribombee, M|\n|poke|p1|Crawdaunt, M|\n|poke|p1|Zapdos-Galar|\n|poke|p1|Inteleon, M|\n|poke|p2|Kommo-o, M|\n|poke|p2|Okidogi, M|\n|poke|p2|Rillaboom, F|\n|poke|p2|Kingambit, F|\n|poke|p2|Azumarill, M|\n|poke|p2|Basculegion, M|\n|teampreview\n|\n|t:|1700245830\n|start\n|switch|p1a: Dagger Ultima|Gallade, M, shiny|100\/100\n|switch|p2a: Azumarill|Azumarill, M, shiny|100\/100\n|turn|1\n|\n|t:|1700245834\n|move|p1a: Dagger Ultima|Swords Dance|p1a: Dagger Ultima\n|-boost|p1a: Dagger Ultima|atk|2\n|move|p2a: Azumarill|Belly Drum|p2a: Azumarill\n|-damage|p2a: Azumarill|51\/100\n|-setboost|p2a: Azumarill|atk|6|[from] move: Belly Drum\n|\n|upkeep\n|turn|2\n|\n|t:|1700245854\n|move|p1a: Dagger Ultima|Psycho Cut|p2a: Azumarill\n|-damage|p2a: Azumarill|0 fnt\n|faint|p2a: Azumarill\n|-damage|p1a: Dagger Ultima|91\/100|[from] item: Life Orb\n|\n|upkeep\n|\n|t:|1700245870\n|switch|p2a: Rillaboom|Rillaboom, F|100\/100\n|-fieldstart|move: Grassy Terrain|[from] ability: Grassy Surge|[of] p2a: Rillaboom\n|turn|3\n|\n|t:|1700245883\n|move|p1a: Dagger Ultima|Sacred Sword|p2a: Rillaboom\n|-damage|p2a: Rillaboom|0 fnt\n|faint|p2a: Rillaboom\n|-damage|p1a: Dagger Ultima|81\/100|[from] item: Life Orb\n|\n|-heal|p1a: Dagger Ultima|87\/100|[from] Grassy Terrain\n|upkeep\n|\n|t:|1700245896\n|switch|p2a: Basculegion|Basculegion, M|100\/100\n|turn|4\n|\n|t:|1700245915\n|move|p1a: Dagger Ultima|Shadow Sneak|p2a: Basculegion\n|-supereffective|p2a: Basculegion\n|-damage|p2a: Basculegion|21\/100\n|-damage|p1a: Dagger Ultima|77\/100|[from] item: Life Orb\n|move|p2a: Basculegion|Hydro Pump|p1a: Dagger Ultima\n|-damage|p1a: Dagger Ultima|13\/100\n|\n|-heal|p1a: Dagger Ultima|19\/100|[from] Grassy Terrain\n|-heal|p2a: Basculegion|28\/100|[from] Grassy Terrain\n|upkeep\n|turn|5\n|\n|t:|1700245926\n|move|p1a: Dagger Ultima|Shadow Sneak|p2a: Basculegion\n|-supereffective|p2a: Basculegion\n|-damage|p2a: Basculegion|0 fnt\n|faint|p2a: Basculegion\n|-damage|p1a: Dagger Ultima|9\/100|[from] item: Life Orb\n|\n|-heal|p1a: Dagger Ultima|15\/100|[from] Grassy Terrain\n|upkeep\n|\n|t:|1700245936\n|switch|p2a: Okidogi|Okidogi, M|100\/100\n|turn|6\n|\n|t:|1700245940\n|move|p1a: Dagger Ultima|Psycho Cut|p2a: Okidogi\n|-supereffective|p2a: Okidogi\n|-damage|p2a: Okidogi|0 fnt\n|faint|p2a: Okidogi\n|-damage|p1a: Dagger Ultima|6\/100|[from] item: Life Orb\n|\n|-heal|p1a: Dagger Ultima|12\/100|[from] Grassy Terrain\n|upkeep\n|\n|t:|1700245949\n|switch|p2a: Scaleo Ultima|Kommo-o, M, shiny|100\/100\n|turn|7\n|\n|t:|1700245955\n|move|p1a: Dagger Ultima|Psycho Cut|p2a: Scaleo Ultima\n|-supereffective|p2a: Scaleo Ultima\n|-damage|p2a: Scaleo Ultima|0 fnt\n|faint|p2a: Scaleo Ultima\n|-damage|p1a: Dagger Ultima|2\/100|[from] item: Life Orb\n|\n|-heal|p1a: Dagger Ultima|8\/100|[from] Grassy Terrain\n|-fieldend|move: Grassy Terrain\n|upkeep\n|\n|t:|1700245961\n|switch|p2a: Kingambit|Kingambit, F|100\/100\n|-activate|p2a: Kingambit|ability: Supreme Overlord\n|-start|p2a: Kingambit|fallen5|[silent]\n|turn|8\n|\n|t:|1700245976\n|move|p1a: Dagger Ultima|Sacred Sword|p2a: Kingambit\n|-supereffective|p2a: Kingambit\n|-damage|p2a: Kingambit|0 fnt\n|faint|p2a: Kingambit\n|-end|p2a: Kingambit|fallen5|[silent]\n|-damage|p1a: Dagger Ultima|0 fnt|[from] item: Life Orb\n|faint|p1a: Dagger Ultima\n|\n|win|CDAtheDinoboy\n","uploadtime":1700245989,"views":17,"p1id":"cdathedinoboy","p2id":"saatheyoshiboy","formatid":"gen9ou","rating":0,"private":0,"password":""}