{"id":"gen9ou-1989298773","p1":"clorofilia","p2":"AminitraboTTT","format":"[Gen 9] OU","log":"|j|\u2606clorofilia\n|j|\u2606AminitraboTTT\n|t:|1699833467\n|gametype|singles\n|player|p1|clorofilia|169|\n|player|p2|AminitraboTTT|supernerd|\n|teamsize|p1|6\n|teamsize|p2|6\n|gen|9\n|tier|[Gen 9] OU\n|rule|Sleep Clause Mod: Limit one foe put to sleep\n|rule|Species Clause: Limit one of each Pok\u00e9mon\n|rule|OHKO Clause: OHKO moves are banned\n|rule|Evasion Items Clause: Evasion items are banned\n|rule|Evasion Moves Clause: Evasion moves are banned\n|rule|Endless Battle Clause: Forcing endless battles is banned\n|rule|HP Percentage Mod: HP is shown in percentages\n|clearpoke\n|poke|p1|Ninetales-Alola, F|\n|poke|p1|Weavile, M|\n|poke|p1|Frosmoth, F|\n|poke|p1|Tatsugiri, M|\n|poke|p1|Iron Valiant|\n|poke|p1|Ogerpon-Wellspring, F|\n|poke|p2|Zapdos|\n|poke|p2|Slowking-Galar, F|\n|poke|p2|Volcanion|\n|poke|p2|Kingambit, F|\n|poke|p2|Great Tusk|\n|poke|p2|Iron Valiant|\n|teampreview\n|c|\u2606AminitraboTTT|Hola, soy AminitraboTTT, el bot de la sala Espa\u00f1ol. gl hf\n|inactive|Battle timer is ON: inactive players will automatically lose when time's up. (requested by AminitraboTTT)\n|\n|t:|1699833469\n|start\n|switch|p1a: Ninetales|Ninetales-Alola, F|100\/100\n|switch|p2a: Iron Valiant|Iron Valiant|100\/100\n|-weather|Snow|[from] ability: Snow Warning|[of] p1a: Ninetales\n|turn|1\n|\n|t:|1699833473\n|-terastallize|p2a: Iron Valiant|Fairy\n|move|p2a: Iron Valiant|Moonblast|p1a: Ninetales\n|-damage|p1a: Ninetales|42\/100\n|-unboost|p1a: Ninetales|spa|1\n|move|p1a: Ninetales|Aurora Veil|p1a: Ninetales\n|-sidestart|p1: clorofilia|move: Aurora Veil\n|\n|-weather|Snow|[upkeep]\n|upkeep\n|turn|2\n|\n|t:|1699833481\n|switch|p1a: Frosmoth|Frosmoth, F|100\/100\n|move|p2a: Iron Valiant|Moonblast|p1a: Frosmoth\n|-damage|p1a: Frosmoth|81\/100\n|\n|-weather|Snow|[upkeep]\n|upkeep\n|turn|3\n|\n|t:|1699833483\n|move|p2a: Iron Valiant|Moonblast|p1a: Frosmoth\n|-damage|p1a: Frosmoth|60\/100\n|move|p1a: Frosmoth|Quiver Dance|p1a: Frosmoth\n|-boost|p1a: Frosmoth|spa|1\n|-boost|p1a: Frosmoth|spd|1\n|-boost|p1a: Frosmoth|spe|1\n|\n|-weather|Snow|[upkeep]\n|upkeep\n|turn|4\n|\n|t:|1699833485\n|move|p1a: Frosmoth|Quiver Dance|p1a: Frosmoth\n|-boost|p1a: Frosmoth|spa|1\n|-boost|p1a: Frosmoth|spd|1\n|-boost|p1a: Frosmoth|spe|1\n|move|p2a: Iron Valiant|Moonblast|p1a: Frosmoth\n|-damage|p1a: Frosmoth|50\/100\n|\n|-weather|Snow|[upkeep]\n|upkeep\n|turn|5\n|\n|t:|1699833489\n|move|p1a: Frosmoth|Substitute|p1a: Frosmoth\n|-start|p1a: Frosmoth|Substitute\n|-damage|p1a: Frosmoth|25\/100\n|move|p2a: Iron Valiant|Moonblast|p1a: Frosmoth\n|-activate|p1a: Frosmoth|move: Substitute|[damage]\n|\n|-weather|none\n|upkeep\n|turn|6\n|\n|t:|1699833491\n|move|p1a: Frosmoth|Ice Beam|p2a: Iron Valiant\n|-damage|p2a: Iron Valiant|0 fnt\n|faint|p2a: Iron Valiant\n|-end|p2a: Iron Valiant|Quark Drive|[silent]\n|\n|upkeep\n|\n|t:|1699833491\n|switch|p2a: Volcanion|Volcanion|100\/100\n|turn|7\n|\n|t:|1699833500\n|-terastallize|p1a: Frosmoth|Ground\n|move|p1a: Frosmoth|Tera Blast|p2a: Volcanion|[anim] Tera Blast Ground\n|-supereffective|p2a: Volcanion\n|-damage|p2a: Volcanion|0 fnt\n|faint|p2a: Volcanion\n|\n|upkeep\n|\n|t:|1699833500\n|switch|p2a: Zapdos|Zapdos|100\/100\n|turn|8\n|\n|t:|1699833501\n|move|p1a: Frosmoth|Ice Beam|p2a: Zapdos\n|-supereffective|p2a: Zapdos\n|-damage|p2a: Zapdos|0 fnt\n|faint|p2a: Zapdos\n|\n|-sideend|p1: clorofilia|move: Aurora Veil\n|upkeep\n|\n|t:|1699833502\n|switch|p2a: Great Tusk|Great Tusk|100\/100\n|turn|9\n|\n|t:|1699833504\n|move|p1a: Frosmoth|Ice Beam|p2a: Great Tusk\n|-supereffective|p2a: Great Tusk\n|-damage|p2a: Great Tusk|0 fnt\n|faint|p2a: Great Tusk\n|-end|p2a: Great Tusk|Protosynthesis|[silent]\n|\n|upkeep\n|\n|t:|1699833504\n|switch|p2a: Kingambit|Kingambit, F|100\/100\n|-activate|p2a: Kingambit|ability: Supreme Overlord\n|-start|p2a: Kingambit|fallen4|[silent]\n|turn|10\n|\n|t:|1699833508\n|move|p1a: Frosmoth|Tera Blast|p2a: Kingambit|[anim] Tera Blast Ground\n|-supereffective|p2a: Kingambit\n|-damage|p2a: Kingambit|0 fnt\n|faint|p2a: Kingambit\n|-end|p2a: Kingambit|fallen4|[silent]\n|\n|upkeep\n|\n|t:|1699833508\n|switch|p2a: Slowking|Slowking-Galar, F|100\/100\n|turn|11\n|\n|t:|1699833511\n|move|p1a: Frosmoth|Tera Blast|p2a: Slowking|[anim] Tera Blast Ground\n|-supereffective|p2a: Slowking\n|-enditem|p2a: Slowking|Shuca Berry|[eat]\n|-enditem|p2a: Slowking|Shuca Berry|[weaken]\n|-damage|p2a: Slowking|54\/100\n|move|p2a: Slowking|Ice Beam|p1a: Frosmoth\n|-supereffective|p1a: Frosmoth\n|-end|p1a: Frosmoth|Substitute\n|\n|upkeep\n|turn|12\n|\n|t:|1699833518\n|move|p1a: Frosmoth|Tera Blast|p2a: Slowking|[anim] Tera Blast Ground\n|-supereffective|p2a: Slowking\n|-damage|p2a: Slowking|0 fnt\n|faint|p2a: Slowking\n|\n|win|clorofilia\n|c|\u2606AminitraboTTT|oof :(\n|l|\u2606AminitraboTTT\n","uploadtime":1699833523,"views":10,"p1id":"clorofilia","p2id":"aminitrabottt","formatid":"gen9ou","rating":0,"private":0,"password":""}