{"id":"gen9ou-1996832267","p1":"LeafStormHimNotMe","p2":"PeeWeePeeWee","format":"[Gen 9] OU","log":"|j|\u203dLeafStormHimNotMe\n|j|\u2606PeeWeePeeWee\n|t:|1700732475\n|gametype|singles\n|player|p1|LeafStormHimNotMe|roxie|1000\n|player|p2|PeeWeePeeWee|170|1059\n|teamsize|p1|6\n|teamsize|p2|6\n|gen|9\n|tier|[Gen 9] OU\n|rated|\n|rule|Sleep Clause Mod: Limit one foe put to sleep\n|rule|Species Clause: Limit one of each Pok\u00e9mon\n|rule|OHKO Clause: OHKO moves are banned\n|rule|Evasion Items Clause: Evasion items are banned\n|rule|Evasion Moves Clause: Evasion moves are banned\n|rule|Endless Battle Clause: Forcing endless battles is banned\n|rule|HP Percentage Mod: HP is shown in percentages\n|clearpoke\n|poke|p1|Landorus-Therian, M|\n|poke|p1|Gholdengo|\n|poke|p1|Ceruledge, M|\n|poke|p1|Ribombee, M|\n|poke|p1|Tinkaton, F|\n|poke|p1|Zapdos|\n|poke|p2|Kleavor, F|\n|poke|p2|Torterra, F|\n|poke|p2|Cinderace, F|\n|poke|p2|Ceruledge, M|\n|poke|p2|Ninetales-Alola, M|\n|poke|p2|Gyarados, M|\n|teampreview\n|inactive|Battle timer is ON: inactive players will automatically lose when time's up. (requested by LeafStormHimNotMe)\n|\n|t:|1700732505\n|start\n|switch|p1a: Ribombee|Ribombee, M|100\/100\n|switch|p2a: Kleavor|Kleavor, F|100\/100\n|turn|1\n|inactive|LeafStormHimNotMe has 120 seconds left.\n|\n|t:|1700732536\n|switch|p2a: Cinderace|Cinderace, F|100\/100\n|switch|p1a: Landorus|Landorus-Therian, M|100\/100\n|-ability|p1a: Landorus|Intimidate|boost\n|-unboost|p2a: Cinderace|atk|1\n|\n|upkeep\n|turn|2\n|inactive|LeafStormHimNotMe has 120 seconds left.\n|\n|t:|1700732565\n|switch|p2a: Kleavor|Kleavor, F|100\/100\n|move|p1a: Landorus|Stone Edge|p2a: Kleavor\n|-supereffective|p2a: Kleavor\n|-damage|p2a: Kleavor|2\/100\n|\n|upkeep\n|turn|3\n|\n|t:|1700732571\n|move|p1a: Landorus|Stone Edge|p2a: Kleavor\n|-supereffective|p2a: Kleavor\n|-crit|p2a: Kleavor\n|-damage|p2a: Kleavor|0 fnt\n|faint|p2a: Kleavor\n|\n|upkeep\n|\n|t:|1700732583\n|switch|p2a: Ninetales|Ninetales-Alola, M|100\/100\n|-weather|Snow|[from] ability: Snow Warning|[of] p2a: Ninetales\n|turn|4\n|\n|t:|1700732592\n|switch|p1a: Tinkaton|Tinkaton, F|100\/100\n|-ability|p1a: Tinkaton|Mold Breaker\n|move|p2a: Ninetales|Aurora Veil|p2a: Ninetales\n|-sidestart|p2: PeeWeePeeWee|move: Aurora Veil\n|\n|-weather|Snow|[upkeep]\n|upkeep\n|turn|5\n|\n|t:|1700732603\n|switch|p2a: Torterra|Torterra, F|100\/100\n|move|p1a: Tinkaton|Encore||[still]\n|-fail|p1a: Tinkaton\n|\n|-weather|Snow|[upkeep]\n|upkeep\n|turn|6\n|\n|t:|1700732614\n|move|p1a: Tinkaton|Knock Off|p2a: Torterra\n|-damage|p2a: Torterra|91\/100\n|-enditem|p2a: Torterra|Loaded Dice|[from] move: Knock Off|[of] p1a: Tinkaton\n|move|p2a: Torterra|Shell Smash|p2a: Torterra\n|-unboost|p2a: Torterra|def|1\n|-unboost|p2a: Torterra|spd|1\n|-boost|p2a: Torterra|atk|2\n|-boost|p2a: Torterra|spa|2\n|-boost|p2a: Torterra|spe|2\n|\n|-weather|Snow|[upkeep]\n|upkeep\n|turn|7\n|\n|t:|1700732622\n|move|p2a: Torterra|Earthquake|p1a: Tinkaton\n|-supereffective|p1a: Tinkaton\n|-damage|p1a: Tinkaton|0 fnt\n|faint|p1a: Tinkaton\n|\n|-weather|Snow|[upkeep]\n|upkeep\n|\n|t:|1700732629\n|switch|p1a: Ribombee|Ribombee, M|100\/100\n|turn|8\n|\n|t:|1700732638\n|move|p2a: Torterra|Earthquake|p1a: Ribombee\n|-resisted|p1a: Ribombee\n|-enditem|p1a: Ribombee|Focus Sash\n|-damage|p1a: Ribombee|1\/100\n|move|p1a: Ribombee|Moonblast|p2a: Torterra\n|-damage|p2a: Torterra|55\/100\n|-unboost|p2a: Torterra|spa|1\n|\n|-weather|none\n|upkeep\n|turn|9\n|\n|t:|1700732650\n|move|p2a: Torterra|Bullet Seed|p1a: Ribombee\n|-resisted|p1a: Ribombee\n|-damage|p1a: Ribombee|0 fnt\n|faint|p1a: Ribombee\n|-hitcount|p1: Ribombee|1\n|\n|upkeep\n|\n|t:|1700732675\n|switch|p1a: Landorus|Landorus-Therian, M|100\/100\n|-ability|p1a: Landorus|Intimidate|boost\n|-unboost|p2a: Torterra|atk|1\n|turn|10\n|\n|t:|1700732680\n|move|p1a: Landorus|U-turn|p2a: Torterra\n|-supereffective|p2a: Torterra\n|-damage|p2a: Torterra|13\/100\n|\n|t:|1700732691\n|switch|p1a: Ceruledge|Ceruledge, M|100\/100|[from] U-turn\n|move|p2a: Torterra|Bullet Seed|p1a: Ceruledge\n|-resisted|p1a: Ceruledge\n|-damage|p1a: Ceruledge|90\/100\n|-resisted|p1a: Ceruledge\n|-damage|p1a: Ceruledge|78\/100\n|-hitcount|p1a: Ceruledge|2\n|\n|upkeep\n|turn|11\n|\n|t:|1700732701\n|move|p1a: Ceruledge|Shadow Sneak|p2a: Torterra\n|-damage|p2a: Torterra|0 fnt\n|faint|p2a: Torterra\n|\n|-sideend|p2: PeeWeePeeWee|move: Aurora Veil\n|upkeep\n|\n|t:|1700732706\n|switch|p2a: Ninetales|Ninetales-Alola, M|100\/100\n|-weather|Snow|[from] ability: Snow Warning|[of] p2a: Ninetales\n|turn|12\n|\n|t:|1700732715\n|move|p2a: Ninetales|Aurora Veil|p2a: Ninetales\n|-sidestart|p2: PeeWeePeeWee|move: Aurora Veil\n|move|p1a: Ceruledge|Bitter Blade|p2a: Ninetales\n|-supereffective|p2a: Ninetales\n|-damage|p2a: Ninetales|68\/100\n|-heal|p1a: Ceruledge|95\/100|[from] drain|[of] p2a: Ninetales\n|\n|-weather|Snow|[upkeep]\n|upkeep\n|turn|13\n|\n|t:|1700732747\n|move|p1a: Ceruledge|Shadow Sneak|p2a: Ninetales\n|-damage|p2a: Ninetales|61\/100\n|move|p2a: Ninetales|Freeze-Dry|p1a: Ceruledge\n|-resisted|p1a: Ceruledge\n|-damage|p1a: Ceruledge|88\/100\n|\n|-weather|Snow|[upkeep]\n|upkeep\n|turn|14\n|\n|t:|1700732753\n|move|p2a: Ninetales|Encore|p1a: Ceruledge\n|-start|p1a: Ceruledge|Encore\n|move|p1a: Ceruledge|Shadow Sneak|p2a: Ninetales\n|-damage|p2a: Ninetales|54\/100\n|\n|-weather|Snow|[upkeep]\n|upkeep\n|turn|15\n|\n|t:|1700732757\n|switch|p2a: Gyarados|Gyarados, M|100\/100\n|move|p1a: Ceruledge|Shadow Sneak|p2a: Gyarados\n|-damage|p2a: Gyarados|91\/100\n|\n|-weather|Snow|[upkeep]\n|upkeep\n|turn|16\n|\n|t:|1700732762\n|switch|p1a: Zapdos|Zapdos|100\/100\n|move|p2a: Gyarados|Dragon Dance|p2a: Gyarados\n|-boost|p2a: Gyarados|atk|1\n|-boost|p2a: Gyarados|spe|1\n|\n|-weather|none\n|upkeep\n|turn|17\n|\n|t:|1700732778\n|move|p2a: Gyarados|Ice Fang|p1a: Zapdos\n|-supereffective|p1a: Zapdos\n|-damage|p1a: Zapdos|34\/100\n|move|p1a: Zapdos|Volt Switch|p2a: Gyarados\n|-supereffective|p2a: Gyarados\n|-damage|p2a: Gyarados|33\/100\n|\n|t:|1700732789\n|switch|p1a: Landorus|Landorus-Therian, M|100\/100|[from] Volt Switch\n|-ability|p1a: Landorus|Intimidate|boost\n|-unboost|p2a: Gyarados|atk|1\n|\n|upkeep\n|turn|18\n|\n|t:|1700732805\n|-terastallize|p2a: Gyarados|Water\n|move|p1a: Landorus|Stone Edge|p2a: Gyarados\n|-damage|p2a: Gyarados|10\/100\n|move|p2a: Gyarados|Dragon Dance|p2a: Gyarados\n|-boost|p2a: Gyarados|atk|1\n|-boost|p2a: Gyarados|spe|1\n|\n|upkeep\n|turn|19\n|\n|t:|1700732814\n|switch|p1a: Zapdos|Zapdos|34\/100\n|move|p2a: Gyarados|Ice Fang|p1a: Zapdos\n|-supereffective|p1a: Zapdos\n|-damage|p1a: Zapdos|0 fnt\n|-status|p2a: Gyarados|par|[from] ability: Static|[of] p1a: Zapdos\n|-enditem|p2a: Gyarados|Lum Berry|[eat]\n|-curestatus|p2a: Gyarados|par|[msg]\n|faint|p1a: Zapdos\n|-ability|p2a: Gyarados|Moxie|boost\n|-boost|p2a: Gyarados|atk|1\n|\n|-sideend|p2: PeeWeePeeWee|move: Aurora Veil\n|upkeep\n|\n|t:|1700732818\n|switch|p1a: Landorus|Landorus-Therian, M|100\/100\n|-ability|p1a: Landorus|Intimidate|boost\n|-unboost|p2a: Gyarados|atk|1\n|turn|20\n|\n|t:|1700732823\n|move|p2a: Gyarados|Ice Fang|p1a: Landorus\n|-supereffective|p1a: Landorus\n|-damage|p1a: Landorus|0 fnt\n|faint|p1a: Landorus\n|-ability|p2a: Gyarados|Moxie|boost\n|-boost|p2a: Gyarados|atk|1\n|\n|upkeep\n|\n|t:|1700732826\n|switch|p1a: Gholdengo|Gholdengo|100\/100\n|turn|21\n|\n|t:|1700732833\n|move|p2a: Gyarados|Waterfall|p1a: Gholdengo\n|-damage|p1a: Gholdengo|0 fnt\n|faint|p1a: Gholdengo\n|-ability|p2a: Gyarados|Moxie|boost\n|-boost|p2a: Gyarados|atk|1\n|\n|upkeep\n|\n|t:|1700732838\n|switch|p1a: Ceruledge|Ceruledge, M|88\/100\n|turn|22\n|\n|t:|1700732864\n|move|p1a: Ceruledge|Shadow Sneak|p2a: Gyarados\n|-damage|p2a: Gyarados|0 fnt\n|faint|p2a: Gyarados\n|\n|upkeep\n|\n|t:|1700732872\n|switch|p2a: Ninetales|Ninetales-Alola, M|54\/100\n|-weather|Snow|[from] ability: Snow Warning|[of] p2a: Ninetales\n|turn|23\n|\n|t:|1700732879\n|move|p2a: Ninetales|Aurora Veil|p2a: Ninetales\n|-sidestart|p2: PeeWeePeeWee|move: Aurora Veil\n|move|p1a: Ceruledge|Bitter Blade|p2a: Ninetales\n|-supereffective|p2a: Ninetales\n|-damage|p2a: Ninetales|23\/100\n|-heal|p1a: Ceruledge|100\/100|[from] drain|[of] p2a: Ninetales\n|\n|-weather|Snow|[upkeep]\n|upkeep\n|turn|24\n|\n|t:|1700732886\n|move|p1a: Ceruledge|Shadow Sneak|p2a: Ninetales\n|-damage|p2a: Ninetales|16\/100\n|move|p2a: Ninetales|Freeze-Dry|p1a: Ceruledge\n|-resisted|p1a: Ceruledge\n|-damage|p1a: Ceruledge|93\/100\n|\n|-weather|Snow|[upkeep]\n|upkeep\n|turn|25\n|\n|t:|1700732892\n|switch|p2a: Cinderace|Cinderace, F|100\/100\n|move|p1a: Ceruledge|Taunt|p2a: Cinderace\n|-start|p2a: Cinderace|move: Taunt\n|\n|-weather|Snow|[upkeep]\n|upkeep\n|turn|26\n|\n|t:|1700732901\n|move|p2a: Cinderace|Sucker Punch||[still]\n|-fail|p2a: Cinderace\n|move|p1a: Ceruledge|Bulk Up|p1a: Ceruledge\n|-boost|p1a: Ceruledge|atk|1\n|-boost|p1a: Ceruledge|def|1\n|\n|-weather|Snow|[upkeep]\n|upkeep\n|turn|27\n|\n|t:|1700732907\n|move|p2a: Cinderace|Sucker Punch||[still]\n|-fail|p2a: Cinderace\n|move|p1a: Ceruledge|Bulk Up|p1a: Ceruledge\n|-boost|p1a: Ceruledge|atk|1\n|-boost|p1a: Ceruledge|def|1\n|\n|-weather|none\n|-end|p2a: Cinderace|move: Taunt\n|upkeep\n|turn|28\n|\n|t:|1700732922\n|switch|p2a: Ceruledge|Ceruledge, M|100\/100\n|-terastallize|p1a: Ceruledge|Bug\n|move|p1a: Ceruledge|Shadow Sneak|p2a: Ceruledge\n|-supereffective|p2a: Ceruledge\n|-damage|p2a: Ceruledge|53\/100\n|-ability|p2a: Ceruledge|Weak Armor|boost\n|-unboost|p2a: Ceruledge|def|1\n|-boost|p2a: Ceruledge|spe|2\n|\n|upkeep\n|turn|29\n|\n|t:|1700732931\n|move|p1a: Ceruledge|Shadow Sneak|p2a: Ceruledge\n|-supereffective|p2a: Ceruledge\n|-damage|p2a: Ceruledge|0 fnt\n|faint|p2a: Ceruledge\n|\n|upkeep\n|\n|t:|1700732933\n|switch|p2a: Cinderace|Cinderace, F|100\/100\n|turn|30\n|\n|t:|1700732937\n|move|p1a: Ceruledge|Shadow Sneak|p2a: Cinderace\n|-damage|p2a: Cinderace|76\/100\n|move|p2a: Cinderace|Pyro Ball|p1a: Ceruledge\n|-start|p1a: Ceruledge|ability: Flash Fire\n|\n|-sideend|p2: PeeWeePeeWee|move: Aurora Veil\n|upkeep\n|turn|31\n|\n|t:|1700732946\n|move|p1a: Ceruledge|Shadow Sneak|p2a: Cinderace\n|-damage|p2a: Cinderace|27\/100\n|move|p2a: Cinderace|Gunk Shot|p1a: Ceruledge\n|-start|p2a: Cinderace|typechange|Poison|[from] ability: Libero\n|-damage|p1a: Ceruledge|62\/100\n|-status|p1a: Ceruledge|psn\n|\n|-damage|p1a: Ceruledge|50\/100 psn|[from] psn\n|upkeep\n|turn|32\n|\n|t:|1700732953\n|switch|p2a: Ninetales|Ninetales-Alola, M|16\/100\n|-weather|Snow|[from] ability: Snow Warning|[of] p2a: Ninetales\n|move|p1a: Ceruledge|Shadow Sneak|p2a: Ninetales\n|-damage|p2a: Ninetales|0 fnt\n|faint|p2a: Ninetales\n|\n|-weather|Snow|[upkeep]\n|-damage|p1a: Ceruledge|37\/100 psn|[from] psn\n|upkeep\n|\n|t:|1700732955\n|switch|p2a: Cinderace|Cinderace, F|27\/100\n|turn|33\n|\n|t:|1700732959\n|move|p1a: Ceruledge|Shadow Sneak|p2a: Cinderace\n|-damage|p2a: Cinderace|0 fnt\n|faint|p2a: Cinderace\n|\n|win|LeafStormHimNotMe\n|raw|LeafStormHimNotMe's rating: 1000 &rarr; <strong>1047<\/strong><br \/>(+47 for winning)\n|raw|PeeWeePeeWee's rating: 1059 &rarr; <strong>1037<\/strong><br \/>(-22 for losing)\n|l|\u2606PeeWeePeeWee\n","uploadtime":1700732979,"views":7,"p1id":"leafstormhimnotme","p2id":"peeweepeewee","formatid":"gen9ou","rating":1037,"private":0,"password":""}