{"id":"gen9ou-1998220754","p1":"endersOverlord","p2":"wormtastical","format":"[Gen 9] OU","log":"|j|\u2606endersOverlord\n|j|\u2606wormtastical\n|t:|1700915071\n|gametype|singles\n|player|p1|endersOverlord|colress|\n|player|p2|wormtastical|pokekid|\n|teamsize|p1|6\n|teamsize|p2|6\n|gen|9\n|tier|[Gen 9] OU\n|rule|Sleep Clause Mod: Limit one foe put to sleep\n|rule|Species Clause: Limit one of each Pok\u00e9mon\n|rule|OHKO Clause: OHKO moves are banned\n|rule|Evasion Items Clause: Evasion items are banned\n|rule|Evasion Moves Clause: Evasion moves are banned\n|rule|Endless Battle Clause: Forcing endless battles is banned\n|rule|HP Percentage Mod: HP is shown in percentages\n|clearpoke\n|poke|p1|Rotom-Wash|\n|poke|p1|Tinkaton, F|\n|poke|p1|Iron Hands|\n|poke|p1|Hydreigon, F|\n|poke|p1|Iron Moth|\n|poke|p1|Ogerpon, F|\n|poke|p2|Lilligant-Hisui, F|\n|poke|p2|Meowscarada, F|\n|poke|p2|Appletun, M|\n|poke|p2|Jumpluff, M|\n|poke|p2|Torterra, M|\n|poke|p2|Wo-Chien|\n|teampreview\n|\n|t:|1700915089\n|start\n|switch|p1a: Cal-Gone|Rotom-Wash, shiny|100\/100\n|switch|p2a: girlwomanwomangirl|Lilligant-Hisui, F|100\/100\n|turn|1\n|\n|t:|1700915104\n|move|p2a: girlwomanwomangirl|Victory Dance|p2a: girlwomanwomangirl\n|-boost|p2a: girlwomanwomangirl|atk|1\n|-boost|p2a: girlwomanwomangirl|def|1\n|-boost|p2a: girlwomanwomangirl|spe|1\n|move|p1a: Cal-Gone|Electric Terrain|p1a: Cal-Gone\n|-fieldstart|move: Electric Terrain\n|\n|upkeep\n|turn|2\n|\n|t:|1700915111\n|move|p2a: girlwomanwomangirl|Solar Blade||[still]\n|-prepare|p2a: girlwomanwomangirl|Solar Blade\n|move|p1a: Cal-Gone|Volt Switch|p2a: girlwomanwomangirl\n|-resisted|p2a: girlwomanwomangirl\n|-damage|p2a: girlwomanwomangirl|80\/100\n|\n|t:|1700915115\n|switch|p1a: Ra-Moon|Iron Moth, shiny|100\/100|[from] Volt Switch\n|-activate|p1a: Ra-Moon|ability: Quark Drive\n|-start|p1a: Ra-Moon|quarkdrivespa\n|\n|-heal|p2a: girlwomanwomangirl|86\/100|[from] item: Leftovers\n|upkeep\n|turn|3\n|\n|t:|1700915127\n|-terastallize|p1a: Ra-Moon|Fire\n|move|p2a: girlwomanwomangirl|Solar Blade|p1a: Ra-Moon|[from]lockedmove\n|-resisted|p1a: Ra-Moon\n|-damage|p1a: Ra-Moon|27\/100\n|move|p1a: Ra-Moon|Fiery Dance|p2a: girlwomanwomangirl\n|-supereffective|p2a: girlwomanwomangirl\n|-crit|p2a: girlwomanwomangirl\n|-damage|p2a: girlwomanwomangirl|0 fnt\n|faint|p2a: girlwomanwomangirl\n|\n|upkeep\n|\n|t:|1700915148\n|switch|p2a: brocolli fella|Torterra, M|100\/100\n|turn|4\n|\n|t:|1700915152\n|move|p1a: Ra-Moon|Fiery Dance|p2a: brocolli fella\n|-supereffective|p2a: brocolli fella\n|-damage|p2a: brocolli fella|0 fnt\n|faint|p2a: brocolli fella\n|\n|upkeep\n|\n|t:|1700915162\n|switch|p2a: pie :(|Appletun, M|100\/100\n|turn|5\n|\n|t:|1700915168\n|move|p1a: Ra-Moon|Fiery Dance|p2a: pie :(\n|-damage|p2a: pie :(|59\/100\n|-boost|p1a: Ra-Moon|spa|1\n|move|p2a: pie :(|Dragon Tail|p1a: Ra-Moon|[miss]\n|-miss|p2a: pie :(|p1a: Ra-Moon\n|\n|upkeep\n|turn|6\n|\n|t:|1700915176\n|move|p1a: Ra-Moon|Fiery Dance|p2a: pie :(\n|-damage|p2a: pie :(|2\/100\n|move|p2a: pie :(|Dragon Tail|p1a: Ra-Moon\n|-damage|p1a: Ra-Moon|0 fnt\n|faint|p1a: Ra-Moon\n|-end|p1a: Ra-Moon|Quark Drive|[silent]\n|\n|upkeep\n|\n|t:|1700915184\n|switch|p1a: Mr. Electric|Iron Hands, shiny|100\/100\n|-activate|p1a: Mr. Electric|ability: Quark Drive\n|-start|p1a: Mr. Electric|quarkdrivedef\n|turn|7\n|\n|t:|1700915192\n|move|p1a: Mr. Electric|Ice Punch|p2a: pie :(\n|-supereffective|p2a: pie :(\n|-crit|p2a: pie :(\n|-damage|p2a: pie :(|0 fnt\n|faint|p2a: pie :(\n|\n|upkeep\n|\n|t:|1700915199\n|switch|p2a: snail snail snail|Wo-Chien|100\/100\n|-ability|p2a: snail snail snail|Tablets of Ruin\n|turn|8\n|\n|t:|1700915213\n|move|p2a: snail snail snail|Leech Seed|p1a: Mr. Electric\n|-start|p1a: Mr. Electric|move: Leech Seed\n|move|p1a: Mr. Electric|Ice Punch|p2a: snail snail snail\n|-supereffective|p2a: snail snail snail\n|-damage|p2a: snail snail snail|67\/100\n|\n|-heal|p2a: snail snail snail|73\/100|[from] item: Leftovers\n|-damage|p1a: Mr. Electric|88\/100|[from] Leech Seed|[of] p2a: snail snail snail\n|-heal|p2a: snail snail snail|90\/100|[silent]\n|-fieldend|move: Electric Terrain\n|-end|p1a: Mr. Electric|Quark Drive\n|upkeep\n|turn|9\n|\n|t:|1700915225\n|move|p2a: snail snail snail|Knock Off|p1a: Mr. Electric\n|-resisted|p1a: Mr. Electric\n|-damage|p1a: Mr. Electric|81\/100\n|-enditem|p1a: Mr. Electric|Leftovers|[from] move: Knock Off|[of] p2a: snail snail snail\n|move|p1a: Mr. Electric|Drain Punch|p2a: snail snail snail\n|-supereffective|p2a: snail snail snail\n|-damage|p2a: snail snail snail|44\/100\n|-heal|p1a: Mr. Electric|98\/100|[from] drain|[of] p2a: snail snail snail\n|\n|-heal|p2a: snail snail snail|50\/100|[from] item: Leftovers\n|-damage|p1a: Mr. Electric|85\/100|[from] Leech Seed|[of] p2a: snail snail snail\n|-heal|p2a: snail snail snail|67\/100|[silent]\n|upkeep\n|turn|10\n|\n|t:|1700915239\n|move|p2a: snail snail snail|Ruination|p1a: Mr. Electric\n|-damage|p1a: Mr. Electric|43\/100\n|move|p1a: Mr. Electric|Drain Punch|p2a: snail snail snail\n|-supereffective|p2a: snail snail snail\n|-damage|p2a: snail snail snail|15\/100\n|-heal|p1a: Mr. Electric|62\/100|[from] drain|[of] p2a: snail snail snail\n|\n|-heal|p2a: snail snail snail|22\/100|[from] item: Leftovers\n|-damage|p1a: Mr. Electric|50\/100|[from] Leech Seed|[of] p2a: snail snail snail\n|-heal|p2a: snail snail snail|38\/100|[silent]\n|upkeep\n|turn|11\n|\n|t:|1700915256\n|switch|p2a: nya ~ <3|Meowscarada, F|100\/100\n|move|p1a: Mr. Electric|Drain Punch|p2a: nya ~ <3\n|-supereffective|p2a: nya ~ <3\n|-damage|p2a: nya ~ <3|0 fnt\n|-heal|p1a: Mr. Electric|78\/100|[from] drain|[of] p2a: nya ~ <3\n|faint|p2a: nya ~ <3\n|\n|upkeep\n|\n|t:|1700915260\n|switch|p2a: boygggg|Jumpluff, M, shiny|100\/100\n|turn|12\n|\n|t:|1700915269\n|move|p2a: boygggg|Solar Beam||[still]\n|-prepare|p2a: boygggg|Solar Beam\n|move|p1a: Mr. Electric|Ice Punch|p2a: boygggg\n|-supereffective|p2a: boygggg\n|-damage|p2a: boygggg|0 fnt\n|faint|p2a: boygggg\n|\n|upkeep\n|\n|t:|1700915275\n|switch|p2a: snail snail snail|Wo-Chien|38\/100\n|-ability|p2a: snail snail snail|Tablets of Ruin\n|turn|13\n|\n|t:|1700915281\n|move|p2a: snail snail snail|Knock Off|p1a: Mr. Electric\n|-resisted|p1a: Mr. Electric\n|-damage|p1a: Mr. Electric|73\/100\n|move|p1a: Mr. Electric|Drain Punch|p2a: snail snail snail\n|-supereffective|p2a: snail snail snail\n|-damage|p2a: snail snail snail|0 fnt\n|-heal|p1a: Mr. Electric|87\/100|[from] drain|[of] p2a: snail snail snail\n|faint|p2a: snail snail snail\n|\n|win|endersOverlord\n","uploadtime":1700915308,"views":2,"p1id":"endersoverlord","p2id":"wormtastical","formatid":"gen9ou","rating":0,"private":0,"password":""}