{"id":"gen9ou-1995385581","p1":"Billy4UEM","p2":"wefgrjcnc","format":"[Gen 9] OU","log":"|j|\u2606Billy4UEM\n|j|\u2606wefgrjcnc\n|t:|1700563631\n|gametype|singles\n|player|p1|Billy4UEM|hilbert|1107\n|player|p2|wefgrjcnc|2|1082\n|teamsize|p1|6\n|teamsize|p2|6\n|gen|9\n|tier|[Gen 9] OU\n|rated|\n|rule|Sleep Clause Mod: Limit one foe put to sleep\n|rule|Species Clause: Limit one of each Pok\u00e9mon\n|rule|OHKO Clause: OHKO moves are banned\n|rule|Evasion Items Clause: Evasion items are banned\n|rule|Evasion Moves Clause: Evasion moves are banned\n|rule|Endless Battle Clause: Forcing endless battles is banned\n|rule|HP Percentage Mod: HP is shown in percentages\n|clearpoke\n|poke|p1|Great Tusk|\n|poke|p1|Dragonite, M|\n|poke|p1|Toxapex, M|\n|poke|p1|Cinderace, M|\n|poke|p1|Ogerpon-Wellspring, F|\n|poke|p1|Kingambit, F|\n|poke|p2|Tyranitar, F|\n|poke|p2|Hippowdon, M|\n|poke|p2|Walking Wake|\n|poke|p2|Ting-Lu|\n|poke|p2|Kingambit, M|\n|poke|p2|Gholdengo|\n|teampreview\n|\n|t:|1700563640\n|start\n|switch|p1a: Great Tusk|Great Tusk|100\/100\n|switch|p2a: Hippowdon|Hippowdon, M|100\/100\n|-weather|Sandstorm|[from] ability: Sand Stream|[of] p2a: Hippowdon\n|turn|1\n|\n|t:|1700563653\n|move|p1a: Great Tusk|Stealth Rock|p2a: Hippowdon\n|-sidestart|p2: wefgrjcnc|move: Stealth Rock\n|move|p2a: Hippowdon|Stealth Rock|p1a: Great Tusk\n|-sidestart|p1: Billy4UEM|move: Stealth Rock\n|\n|-weather|Sandstorm|[upkeep]\n|upkeep\n|turn|2\n|\n|t:|1700563676\n|switch|p2a: Gholdengo|Gholdengo|100\/100\n|-damage|p2a: Gholdengo|94\/100|[from] Stealth Rock\n|-item|p2a: Gholdengo|Air Balloon\n|move|p1a: Great Tusk|Rapid Spin|p2a: Gholdengo\n|-immune|p2a: Gholdengo\n|\n|-weather|Sandstorm|[upkeep]\n|upkeep\n|turn|3\n|\n|t:|1700563686\n|move|p2a: Gholdengo|Shadow Ball|p1a: Great Tusk\n|-damage|p1a: Great Tusk|48\/100\n|move|p1a: Great Tusk|Knock Off|p2a: Gholdengo\n|-supereffective|p2a: Gholdengo\n|-damage|p2a: Gholdengo|30\/100\n|-enditem|p2a: Gholdengo|Air Balloon\n|\n|-weather|Sandstorm|[upkeep]\n|upkeep\n|turn|4\n|inactive|Battle timer is ON: inactive players will automatically lose when time's up. (requested by Billy4UEM)\n|\n|t:|1700563724\n|-end|p1a: Great Tusk|Protosynthesis|[silent]\n|switch|p1a: Cinderace|Cinderace, M|100\/100\n|move|p2a: Gholdengo|Shadow Ball|p1a: Cinderace\n|-damage|p1a: Cinderace|44\/100\n|\n|-weather|Sandstorm|[upkeep]\n|-damage|p1a: Cinderace|38\/100|[from] Sandstorm\n|upkeep\n|turn|5\n|\n|t:|1700563743\n|switch|p2a: Tyranitar|Tyranitar, F|100\/100\n|-damage|p2a: Tyranitar|88\/100|[from] Stealth Rock\n|move|p1a: Cinderace|Pyro Ball|p2a: Tyranitar\n|-resisted|p2a: Tyranitar\n|-damage|p2a: Tyranitar|64\/100\n|\n|-weather|Sandstorm|[upkeep]\n|-damage|p1a: Cinderace|32\/100|[from] Sandstorm\n|upkeep\n|turn|6\n|\n|t:|1700563756\n|move|p1a: Cinderace|Court Change|p1a: Cinderace\n|-start|p1a: Cinderace|typechange|Normal|[from] ability: Libero\n|-swapsideconditions\n|-activate|p1a: Cinderace|move: Court Change\n|move|p2a: Tyranitar|Earthquake|p1a: Cinderace\n|-damage|p1a: Cinderace|0 fnt\n|faint|p1a: Cinderace\n|\n|-weather|Sandstorm|[upkeep]\n|upkeep\n|\n|t:|1700563767\n|switch|p1a: Great Tusk|Great Tusk|48\/100\n|-damage|p1a: Great Tusk|45\/100|[from] Stealth Rock\n|turn|7\n|\n|t:|1700563772\n|move|p2a: Tyranitar|Earthquake|p1a: Great Tusk\n|-damage|p1a: Great Tusk|18\/100\n|move|p1a: Great Tusk|Rapid Spin|p2a: Tyranitar\n|-resisted|p2a: Tyranitar\n|-damage|p2a: Tyranitar|57\/100\n|-boost|p1a: Great Tusk|spe|1\n|-sideend|p1: Billy4UEM|Stealth Rock|[from] move: Rapid Spin|[of] p1a: Great Tusk\n|\n|-weather|Sandstorm|[upkeep]\n|upkeep\n|turn|8\n|inactive|wefgrjcnc has 120 seconds left.\n|\n|t:|1700563827\n|move|p1a: Great Tusk|Knock Off|p2a: Tyranitar\n|-resisted|p2a: Tyranitar\n|-damage|p2a: Tyranitar|42\/100\n|-enditem|p2a: Tyranitar|Choice Band|[from] move: Knock Off|[of] p1a: Great Tusk\n|move|p2a: Tyranitar|Earthquake|p1a: Great Tusk\n|-damage|p1a: Great Tusk|0 fnt\n|faint|p1a: Great Tusk\n|-end|p1a: Great Tusk|Protosynthesis|[silent]\n|\n|-weather|none\n|upkeep\n|\n|t:|1700563845\n|switch|p1a: Dragonite|Dragonite, M, shiny|100\/100\n|turn|9\n|\n|t:|1700563854\n|switch|p2a: Hippowdon|Hippowdon, M|100\/100\n|-damage|p2a: Hippowdon|94\/100|[from] Stealth Rock\n|-weather|Sandstorm|[from] ability: Sand Stream|[of] p2a: Hippowdon\n|move|p1a: Dragonite|Dragon Dance|p1a: Dragonite\n|-boost|p1a: Dragonite|atk|1\n|-boost|p1a: Dragonite|spe|1\n|\n|-weather|Sandstorm|[upkeep]\n|-damage|p1a: Dragonite|94\/100|[from] Sandstorm\n|upkeep\n|turn|10\n|\n|t:|1700563867\n|move|p1a: Dragonite|Dragon Dance|p1a: Dragonite\n|-boost|p1a: Dragonite|atk|1\n|-boost|p1a: Dragonite|spe|1\n|move|p2a: Hippowdon|Ice Fang|p1a: Dragonite\n|-supereffective|p1a: Dragonite\n|-damage|p1a: Dragonite|25\/100\n|\n|-weather|Sandstorm|[upkeep]\n|-damage|p1a: Dragonite|19\/100|[from] Sandstorm\n|upkeep\n|turn|11\n|\n|t:|1700563878\n|-terastallize|p1a: Dragonite|Normal\n|move|p1a: Dragonite|Extreme Speed|p2a: Hippowdon\n|-damage|p2a: Hippowdon|43\/100\n|move|p2a: Hippowdon|Ice Fang|p1a: Dragonite\n|-damage|p1a: Dragonite|1\/100\n|\n|-weather|Sandstorm|[upkeep]\n|-damage|p1a: Dragonite|0 fnt|[from] Sandstorm\n|faint|p1a: Dragonite\n|upkeep\n|\n|t:|1700563889\n|switch|p1a: Toxapex|Toxapex, M|100\/100\n|turn|12\n|\n|t:|1700563894\n|move|p2a: Hippowdon|Slack Off|p2a: Hippowdon\n|-heal|p2a: Hippowdon|93\/100\n|move|p1a: Toxapex|Surf|p2a: Hippowdon\n|-supereffective|p2a: Hippowdon\n|-damage|p2a: Hippowdon|54\/100\n|\n|-weather|Sandstorm|[upkeep]\n|-damage|p1a: Toxapex|94\/100|[from] Sandstorm\n|-heal|p1a: Toxapex|100\/100|[from] item: Leftovers\n|upkeep\n|turn|13\n|\n|t:|1700563904\n|move|p2a: Hippowdon|Earthquake|p1a: Toxapex\n|-supereffective|p1a: Toxapex\n|-damage|p1a: Toxapex|49\/100\n|move|p1a: Toxapex|Toxic|p2a: Hippowdon\n|-status|p2a: Hippowdon|tox\n|\n|-weather|Sandstorm|[upkeep]\n|-damage|p1a: Toxapex|42\/100|[from] Sandstorm\n|-heal|p1a: Toxapex|49\/100|[from] item: Leftovers\n|-damage|p2a: Hippowdon|48\/100 tox|[from] psn\n|upkeep\n|turn|14\n|\n|t:|1700563927\n|move|p2a: Hippowdon|Earthquake|p1a: Toxapex\n|-supereffective|p1a: Toxapex\n|-damage|p1a: Toxapex|0 fnt\n|faint|p1a: Toxapex\n|\n|-weather|Sandstorm|[upkeep]\n|-damage|p2a: Hippowdon|36\/100 tox|[from] psn\n|upkeep\n|\n|t:|1700563935\n|switch|p1a: Ogerpon|Ogerpon-Wellspring, F|100\/100\n|turn|15\n|inactive|wefgrjcnc has 120 seconds left.\n|\n|t:|1700563974\n|switch|p2a: Walking Wake|Walking Wake|100\/100\n|-damage|p2a: Walking Wake|88\/100|[from] Stealth Rock\n|move|p1a: Ogerpon|Swords Dance|p1a: Ogerpon\n|-boost|p1a: Ogerpon|atk|2\n|\n|-weather|Sandstorm|[upkeep]\n|-damage|p1a: Ogerpon|95\/100|[from] Sandstorm\n|upkeep\n|turn|16\n|inactive|wefgrjcnc has 120 seconds left.\n|\n|t:|1700564000\n|move|p1a: Ogerpon|Trailblaze|p2a: Walking Wake\n|-damage|p2a: Walking Wake|23\/100\n|-boost|p1a: Ogerpon|spe|1\n|move|p2a: Walking Wake|Draco Meteor|p1a: Ogerpon\n|-crit|p1a: Ogerpon\n|-damage|p1a: Ogerpon|0 fnt\n|-unboost|p2a: Walking Wake|spa|2\n|faint|p1a: Ogerpon\n|\n|-weather|none\n|upkeep\n|inactive|Billy4UEM has 120 seconds left.\n|\n|t:|1700564011\n|switch|p1a: Kingambit|Kingambit, F|100\/100\n|-activate|p1a: Kingambit|ability: Supreme Overlord\n|-start|p1a: Kingambit|fallen5|[silent]\n|turn|17\n|\n|t:|1700564034\n|-end|p2a: Walking Wake|Protosynthesis|[silent]\n|switch|p2a: Hippowdon|Hippowdon, M|36\/100 tox\n|-damage|p2a: Hippowdon|30\/100 tox|[from] Stealth Rock\n|-weather|Sandstorm|[from] ability: Sand Stream|[of] p2a: Hippowdon\n|move|p1a: Kingambit|Sucker Punch||[still]\n|-fail|p1a: Kingambit\n|\n|-weather|Sandstorm|[upkeep]\n|-damage|p2a: Hippowdon|23\/100 tox|[from] psn\n|upkeep\n|turn|18\n|\n|t:|1700564053\n|switch|p2a: Ting-Lu|Ting-Lu|100\/100\n|-damage|p2a: Ting-Lu|94\/100|[from] Stealth Rock\n|-ability|p2a: Ting-Lu|Vessel of Ruin\n|move|p1a: Kingambit|Sucker Punch||[still]\n|-fail|p1a: Kingambit\n|\n|-weather|Sandstorm|[upkeep]\n|upkeep\n|turn|19\n|\n|t:|1700564064\n|move|p1a: Kingambit|Swords Dance|p1a: Kingambit\n|-boost|p1a: Kingambit|atk|2\n|move|p2a: Ting-Lu|Earthquake|p1a: Kingambit\n|-supereffective|p1a: Kingambit\n|-crit|p1a: Kingambit\n|-damage|p1a: Kingambit|12\/100\n|\n|-weather|Sandstorm|[upkeep]\n|-heal|p1a: Kingambit|18\/100|[from] item: Leftovers\n|upkeep\n|turn|20\n|inactive|Billy4UEM has 120 seconds left.\n|\n|t:|1700564086\n|move|p1a: Kingambit|Kowtow Cleave|p2a: Ting-Lu\n|-resisted|p2a: Ting-Lu\n|-crit|p2a: Ting-Lu\n|-damage|p2a: Ting-Lu|40\/100\n|move|p2a: Ting-Lu|Earthquake|p1a: Kingambit\n|-supereffective|p1a: Kingambit\n|-damage|p1a: Kingambit|0 fnt\n|faint|p1a: Kingambit\n|-end|p1a: Kingambit|fallen5|[silent]\n|\n|win|wefgrjcnc\n|raw|Billy4UEM's rating: 1107 &rarr; <strong>1080<\/strong><br \/>(-27 for losing)\n|raw|wefgrjcnc's rating: 1082 &rarr; <strong>1112<\/strong><br \/>(+30 for winning)\n|l|\u2606Billy4UEM\n","uploadtime":1700564099,"views":14,"p1id":"billy4uem","p2id":"wefgrjcnc","formatid":"gen9ou","rating":1080,"private":0,"password":""}