{"id":"gen9ou-1994886238","p1":"raskinpeau2ra","p2":"Asmitha31","format":"[Gen 9] OU","log":"|j|\u2606raskinpeau2ra\n|j|\u2606Asmitha31\n|t:|1700501718\n|gametype|singles\n|player|p1|raskinpeau2ra|alder|1165\n|player|p2|Asmitha31|101|1182\n|teamsize|p1|6\n|teamsize|p2|6\n|gen|9\n|tier|[Gen 9] OU\n|rated|\n|rule|Sleep Clause Mod: Limit one foe put to sleep\n|rule|Species Clause: Limit one of each Pok\u00e9mon\n|rule|OHKO Clause: OHKO moves are banned\n|rule|Evasion Items Clause: Evasion items are banned\n|rule|Evasion Moves Clause: Evasion moves are banned\n|rule|Endless Battle Clause: Forcing endless battles is banned\n|rule|HP Percentage Mod: HP is shown in percentages\n|clearpoke\n|poke|p1|Ribombee, M|\n|poke|p1|Gholdengo|\n|poke|p1|Great Tusk|\n|poke|p1|Manaphy|\n|poke|p1|Iron Moth|\n|poke|p1|Dragonite, F|\n|poke|p2|Glimmora, F|\n|poke|p2|Enamorus, F|\n|poke|p2|Cresselia, F|\n|poke|p2|Goodra-Hisui, F|\n|poke|p2|Great Tusk|\n|poke|p2|Ogerpon-Wellspring, F|\n|teampreview\n|l|\u2606Asmitha31\n|player|p2|\n|inactive|Battle timer is ON: inactive players will automatically lose when time's up. (requested by raskinpeau2ra)\n|j|\u2606Asmitha31\n|inactive|Asmitha31 reconnected and has 150 seconds left.\n|player|p2|Asmitha31|101\n|\n|t:|1700501738\n|start\n|switch|p1a: Ribombee|Ribombee, M, shiny|100\/100\n|switch|p2a: Glimmora|Glimmora, F|100\/100\n|turn|1\n|\n|t:|1700501745\n|move|p1a: Ribombee|Sticky Web|p2a: Glimmora\n|-sidestart|p2: Asmitha31|move: Sticky Web\n|move|p2a: Glimmora|Toxic|p1a: Ribombee\n|-status|p1a: Ribombee|tox\n|\n|-damage|p1a: Ribombee|94\/100 tox|[from] psn\n|upkeep\n|turn|2\n|\n|t:|1700501759\n|switch|p1a: Manaphy|Manaphy, shiny|100\/100\n|move|p2a: Glimmora|Stealth Rock|p1a: Manaphy\n|-sidestart|p1: raskinpeau2ra|move: Stealth Rock\n|\n|upkeep\n|turn|3\n|\n|t:|1700501770\n|switch|p2a: Ogerpon|Ogerpon-Wellspring, F|100\/100\n|-activate|p2a: Ogerpon|move: Sticky Web\n|-unboost|p2a: Ogerpon|spe|1\n|move|p1a: Manaphy|Take Heart|p1a: Manaphy\n|-boost|p1a: Manaphy|spa|1\n|-boost|p1a: Manaphy|spd|1\n|\n|upkeep\n|turn|4\n|\n|t:|1700501780\n|-terastallize|p1a: Manaphy|Poison\n|move|p1a: Manaphy|Acid Armor|p1a: Manaphy\n|-boost|p1a: Manaphy|def|2\n|move|p2a: Ogerpon|Horn Leech|p1a: Manaphy\n|-resisted|p1a: Manaphy\n|-damage|p1a: Manaphy|95\/100\n|\n|-heal|p1a: Manaphy|100\/100|[from] item: Leftovers\n|upkeep\n|turn|5\n|\n|t:|1700501791\n|switch|p2a: Glimmora|Glimmora, F|100\/100\n|-activate|p2a: Glimmora|move: Sticky Web\n|-unboost|p2a: Glimmora|spe|1\n|move|p1a: Manaphy|Acid Armor|p1a: Manaphy\n|-boost|p1a: Manaphy|def|2\n|\n|upkeep\n|turn|6\n|\n|t:|1700501799\n|move|p1a: Manaphy|Scald|p2a: Glimmora\n|-supereffective|p2a: Glimmora\n|-damage|p2a: Glimmora|15\/100\n|move|p2a: Glimmora|Toxic|p1a: Manaphy\n|-status|p1a: Manaphy|tox\n|\n|-heal|p2a: Glimmora|21\/100|[from] item: Black Sludge\n|-damage|p1a: Manaphy|94\/100 tox|[from] psn\n|upkeep\n|turn|7\n|\n|t:|1700501809\n|move|p2a: Glimmora|Spiky Shield|p2a: Glimmora\n|-singleturn|p2a: Glimmora|move: Protect\n|move|p1a: Manaphy|Take Heart|p1a: Manaphy\n|-boost|p1a: Manaphy|spa|1\n|-boost|p1a: Manaphy|spd|1\n|-curestatus|p1a: Manaphy|tox|[msg]\n|\n|-heal|p1a: Manaphy|100\/100|[from] item: Leftovers\n|-heal|p2a: Glimmora|27\/100|[from] item: Black Sludge\n|upkeep\n|turn|8\n|\n|t:|1700501820\n|move|p1a: Manaphy|Take Heart|p1a: Manaphy\n|-boost|p1a: Manaphy|spa|1\n|-boost|p1a: Manaphy|spd|1\n|move|p2a: Glimmora|Mortal Spin|p1a: Manaphy\n|-resisted|p1a: Manaphy\n|-damage|p1a: Manaphy|99\/100\n|-status|p1a: Manaphy|psn\n|-sideend|p2: Asmitha31|Sticky Web|[from] move: Mortal Spin|[of] p2a: Glimmora\n|\n|-heal|p1a: Manaphy|100\/100 psn|[from] item: Leftovers\n|-heal|p2a: Glimmora|33\/100|[from] item: Black Sludge\n|-damage|p1a: Manaphy|88\/100 psn|[from] psn\n|upkeep\n|turn|9\n|\n|t:|1700501833\n|move|p2a: Glimmora|Spiky Shield|p2a: Glimmora\n|-singleturn|p2a: Glimmora|move: Protect\n|move|p1a: Manaphy|Take Heart|p1a: Manaphy\n|-boost|p1a: Manaphy|spa|1\n|-boost|p1a: Manaphy|spd|1\n|-curestatus|p1a: Manaphy|psn|[msg]\n|\n|-heal|p1a: Manaphy|94\/100|[from] item: Leftovers\n|-heal|p2a: Glimmora|39\/100|[from] item: Black Sludge\n|upkeep\n|turn|10\n|\n|t:|1700501851\n|move|p1a: Manaphy|Stored Power|p2a: Glimmora\n|-supereffective|p2a: Glimmora\n|-damage|p2a: Glimmora|0 fnt\n|faint|p2a: Glimmora\n|\n|-heal|p1a: Manaphy|100\/100|[from] item: Leftovers\n|upkeep\n|\n|t:|1700501861\n|switch|p2a: Goodra|Goodra-Hisui, F|100\/100\n|turn|11\n|\n|t:|1700501868\n|move|p1a: Manaphy|Scald|p2a: Goodra\n|-resisted|p2a: Goodra\n|-damage|p2a: Goodra|84\/100\n|move|p2a: Goodra|Dragon Pulse|p1a: Manaphy\n|-damage|p1a: Manaphy|89\/100\n|\n|-heal|p1a: Manaphy|95\/100|[from] item: Leftovers\n|upkeep\n|turn|12\n|\n|t:|1700501877\n|move|p1a: Manaphy|Take Heart|p1a: Manaphy\n|-boost|p1a: Manaphy|spa|1\n|-boost|p1a: Manaphy|spd|1\n|move|p2a: Goodra|Dragon Pulse|p1a: Manaphy\n|-damage|p1a: Manaphy|85\/100\n|\n|-heal|p1a: Manaphy|91\/100|[from] item: Leftovers\n|upkeep\n|turn|13\n|\n|t:|1700501885\n|move|p1a: Manaphy|Take Heart|p1a: Manaphy\n|-boost|p1a: Manaphy|spa|1\n|-boost|p1a: Manaphy|spd|1\n|move|p2a: Goodra|Dragon Pulse|p1a: Manaphy\n|-damage|p1a: Manaphy|82\/100\n|\n|-heal|p1a: Manaphy|88\/100|[from] item: Leftovers\n|upkeep\n|turn|14\n|\n|t:|1700501895\n|move|p1a: Manaphy|Acid Armor|p1a: Manaphy\n|-boost|p1a: Manaphy|def|2\n|move|p2a: Goodra|Dragon Pulse|p1a: Manaphy\n|-damage|p1a: Manaphy|79\/100\n|\n|-heal|p1a: Manaphy|85\/100|[from] item: Leftovers\n|upkeep\n|turn|15\n|\n|t:|1700501905\n|move|p1a: Manaphy|Stored Power|p2a: Goodra\n|-resisted|p2a: Goodra\n|-damage|p2a: Goodra|8\/100\n|move|p2a: Goodra|Flash Cannon|p1a: Manaphy\n|-damage|p1a: Manaphy|77\/100\n|\n|-heal|p1a: Manaphy|83\/100|[from] item: Leftovers\n|upkeep\n|turn|16\n|\n|t:|1700501913\n|move|p1a: Manaphy|Stored Power|p2a: Goodra\n|-resisted|p2a: Goodra\n|-damage|p2a: Goodra|0 fnt\n|faint|p2a: Goodra\n|\n|-heal|p1a: Manaphy|89\/100|[from] item: Leftovers\n|upkeep\n|\n|t:|1700501926\n|switch|p2a: Ogerpon|Ogerpon-Wellspring, F|100\/100\n|turn|17\n|\n|t:|1700501932\n|move|p2a: Ogerpon|Ivy Cudgel|p1a: Manaphy|[anim] Ivy Cudgel Water\n|-damage|p1a: Manaphy|81\/100\n|move|p1a: Manaphy|Stored Power|p2a: Ogerpon\n|-damage|p2a: Ogerpon|0 fnt\n|faint|p2a: Ogerpon\n|\n|-heal|p1a: Manaphy|87\/100|[from] item: Leftovers\n|upkeep\n|\n|t:|1700501944\n|switch|p2a: Great Tusk|Great Tusk|100\/100\n|turn|18\n|\n|t:|1700501949\n|move|p1a: Manaphy|Stored Power|p2a: Great Tusk\n|-supereffective|p2a: Great Tusk\n|-damage|p2a: Great Tusk|0 fnt\n|faint|p2a: Great Tusk\n|-end|p2a: Great Tusk|Protosynthesis|[silent]\n|\n|-heal|p1a: Manaphy|93\/100|[from] item: Leftovers\n|upkeep\n|\n|t:|1700501956\n|switch|p2a: Enamorus|Enamorus, F|100\/100\n|turn|19\n|\n|t:|1700501960\n|move|p2a: Enamorus|Play Rough|p1a: Manaphy\n|-resisted|p1a: Manaphy\n|-damage|p1a: Manaphy|90\/100\n|move|p1a: Manaphy|Stored Power|p2a: Enamorus\n|-damage|p2a: Enamorus|0 fnt\n|faint|p2a: Enamorus\n|\n|-heal|p1a: Manaphy|96\/100|[from] item: Leftovers\n|upkeep\n|\n|t:|1700501970\n|switch|p2a: Cresselia|Cresselia, F|100\/100\n|turn|20\n|\n|t:|1700501979\n|move|p1a: Manaphy|Stored Power|p2a: Cresselia\n|-resisted|p2a: Cresselia\n|-damage|p2a: Cresselia|0 fnt\n|faint|p2a: Cresselia\n|\n|win|raskinpeau2ra\n|raw|raskinpeau2ra's rating: 1165 &rarr; <strong>1191<\/strong><br \/>(+26 for winning)\n|raw|Asmitha31's rating: 1182 &rarr; <strong>1156<\/strong><br \/>(-26 for losing)\n|l|\u2606raskinpeau2ra\n|j|\u2606raskinpeau2ra\n|player|p1|raskinpeau2ra|alder\n","uploadtime":1700501989,"views":7,"p1id":"raskinpeau2ra","p2id":"asmitha31","formatid":"gen9ou","rating":1156,"private":0,"password":""}