{"id":"gen9ou-1988234757","p1":"LoLscrumb","p2":"les try4","format":"[Gen 9] OU","log":"|j|\u2606LoLscrumb\n|j|\u2606les try4\n|t:|1699691023\n|gametype|singles\n|player|p1|LoLscrumb|102|1031\n|player|p2|les try4|169|1040\n|teamsize|p1|6\n|teamsize|p2|6\n|gen|9\n|tier|[Gen 9] OU\n|rated|\n|rule|Sleep Clause Mod: Limit one foe put to sleep\n|rule|Species Clause: Limit one of each Pok\u00e9mon\n|rule|OHKO Clause: OHKO moves are banned\n|rule|Evasion Items Clause: Evasion items are banned\n|rule|Evasion Moves Clause: Evasion moves are banned\n|rule|Endless Battle Clause: Forcing endless battles is banned\n|rule|HP Percentage Mod: HP is shown in percentages\n|clearpoke\n|poke|p1|Dipplin, M|\n|poke|p1|Cinderace, F|\n|poke|p1|Iron Valiant|\n|poke|p1|Dragapult, M|\n|poke|p1|Gliscor, F|\n|poke|p1|Great Tusk|\n|poke|p2|Dragonite, M|\n|poke|p2|Cinderace, M|\n|poke|p2|Kingambit, M|\n|poke|p2|Hatterene, F|\n|poke|p2|Dondozo, M|\n|poke|p2|Amoonguss, M|\n|teampreview\n|inactive|Battle timer is ON: inactive players will automatically lose when time's up. (requested by LoLscrumb)\n|\n|t:|1699691046\n|start\n|switch|p1a: Great Tusk|Great Tusk|100\/100\n|switch|p2a: Amoonguss|Amoonguss, M, shiny|100\/100\n|turn|1\n|\n|t:|1699691056\n|move|p1a: Great Tusk|Ice Spinner|p2a: Amoonguss\n|-supereffective|p2a: Amoonguss\n|-damage|p2a: Amoonguss|36\/100\n|move|p2a: Amoonguss|Toxic|p1a: Great Tusk\n|-status|p1a: Great Tusk|tox\n|\n|-heal|p2a: Amoonguss|42\/100|[from] item: Leftovers\n|-damage|p1a: Great Tusk|94\/100 tox|[from] psn\n|upkeep\n|turn|2\n|\n|t:|1699691066\n|switch|p2a: Dondozo|Dondozo, M|100\/100\n|move|p1a: Great Tusk|Ice Spinner|p2a: Dondozo\n|-resisted|p2a: Dondozo\n|-damage|p2a: Dondozo|95\/100\n|\n|-heal|p2a: Dondozo|100\/100|[from] item: Leftovers\n|-damage|p1a: Great Tusk|82\/100 tox|[from] psn\n|upkeep\n|turn|3\n|\n|t:|1699691079\n|-end|p1a: Great Tusk|Protosynthesis|[silent]\n|switch|p1a: Dipplin|Dipplin, M, shiny|100\/100\n|move|p2a: Dondozo|Wave Crash|p1a: Dipplin\n|-resisted|p1a: Dipplin\n|-damage|p1a: Dipplin|94\/100\n|-damage|p2a: Dondozo|99\/100|[from] Recoil\n|\n|-heal|p2a: Dondozo|100\/100|[from] item: Leftovers\n|upkeep\n|turn|4\n|\n|t:|1699691093\n|switch|p2a: Dragonite|Dragonite, M|100\/100\n|move|p1a: Dipplin|Giga Drain|p2a: Dragonite\n|-resisted|p2a: Dragonite\n|-damage|p2a: Dragonite|97\/100\n|-heal|p1a: Dipplin|96\/100|[from] drain|[of] p2a: Dragonite\n|\n|-heal|p2a: Dragonite|100\/100|[from] item: Leftovers\n|upkeep\n|turn|5\n|\n|t:|1699691102\n|switch|p1a: Great Tusk|Great Tusk|82\/100 tox\n|move|p2a: Dragonite|Ice Spinner|p1a: Great Tusk\n|-supereffective|p1a: Great Tusk\n|-damage|p1a: Great Tusk|38\/100 tox\n|\n|-damage|p1a: Great Tusk|31\/100 tox|[from] psn\n|upkeep\n|turn|6\n|\n|t:|1699691111\n|move|p1a: Great Tusk|Ice Spinner|p2a: Dragonite\n|-supereffective|p2a: Dragonite\n|-damage|p2a: Dragonite|39\/100\n|move|p2a: Dragonite|Ice Spinner|p1a: Great Tusk\n|-supereffective|p1a: Great Tusk\n|-damage|p1a: Great Tusk|0 fnt\n|faint|p1a: Great Tusk\n|-end|p1a: Great Tusk|Protosynthesis|[silent]\n|\n|-heal|p2a: Dragonite|45\/100|[from] item: Leftovers\n|upkeep\n|\n|t:|1699691119\n|switch|p1a: Dragapult|Dragapult, M|100\/100\n|turn|7\n|\n|t:|1699691135\n|switch|p2a: Hatterene|Hatterene, F, shiny|100\/100\n|move|p1a: Dragapult|Dragon Darts|p2a: Hatterene\n|-immune|p2a: Hatterene\n|\n|upkeep\n|turn|8\n|\n|t:|1699691143\n|switch|p1a: Gliscor|Gliscor, F|100\/100\n|move|p2a: Hatterene|Thunder Wave|p1a: Gliscor\n|-immune|p1a: Gliscor\n|\n|-status|p1a: Gliscor|tox|[from] item: Toxic Orb\n|upkeep\n|turn|9\n|\n|t:|1699691156\n|switch|p2a: Dragonite|Dragonite, M|45\/100\n|move|p1a: Gliscor|Stealth Rock|p2a: Dragonite\n|-sidestart|p2: les try4|move: Stealth Rock\n|\n|-heal|p2a: Dragonite|51\/100|[from] item: Leftovers\n|upkeep\n|turn|10\n|\n|t:|1699691164\n|move|p1a: Gliscor|Protect|p1a: Gliscor\n|-singleturn|p1a: Gliscor|Protect\n|move|p2a: Dragonite|Ice Spinner|p1a: Gliscor\n|-activate|p1a: Gliscor|move: Protect\n|\n|-heal|p2a: Dragonite|57\/100|[from] item: Leftovers\n|upkeep\n|turn|11\n|\n|t:|1699691174\n|switch|p1a: Cinderace|Cinderace, F|100\/100\n|move|p2a: Dragonite|Dragon Dance|p2a: Dragonite\n|-boost|p2a: Dragonite|atk|1\n|-boost|p2a: Dragonite|spe|1\n|\n|-heal|p2a: Dragonite|63\/100|[from] item: Leftovers\n|upkeep\n|turn|12\n|\n|t:|1699691184\n|-terastallize|p2a: Dragonite|Normal\n|move|p2a: Dragonite|Extreme Speed|p1a: Cinderace\n|-damage|p1a: Cinderace|11\/100\n|move|p1a: Cinderace|Will-O-Wisp|p2a: Dragonite\n|-status|p2a: Dragonite|brn\n|\n|-heal|p2a: Dragonite|70\/100 brn|[from] item: Leftovers\n|-damage|p2a: Dragonite|63\/100 brn|[from] brn\n|upkeep\n|turn|13\n|\n|t:|1699691201\n|switch|p1a: Gliscor|Gliscor, F|100\/100 tox\n|move|p2a: Dragonite|Extreme Speed|p1a: Gliscor\n|-damage|p1a: Gliscor|77\/100 tox\n|\n|-heal|p2a: Dragonite|70\/100 brn|[from] item: Leftovers\n|-heal|p1a: Gliscor|89\/100 tox|[from] ability: Poison Heal\n|-damage|p2a: Dragonite|63\/100 brn|[from] brn\n|upkeep\n|turn|14\n|\n|t:|1699691215\n|move|p1a: Gliscor|Protect|p1a: Gliscor\n|-singleturn|p1a: Gliscor|Protect\n|move|p2a: Dragonite|Ice Spinner|p1a: Gliscor\n|-activate|p1a: Gliscor|move: Protect\n|\n|-heal|p2a: Dragonite|70\/100 brn|[from] item: Leftovers\n|-heal|p1a: Gliscor|100\/100 tox|[from] ability: Poison Heal\n|-damage|p2a: Dragonite|63\/100 brn|[from] brn\n|upkeep\n|turn|15\n|\n|t:|1699691230\n|move|p2a: Dragonite|Ice Spinner|p1a: Gliscor\n|-supereffective|p1a: Gliscor\n|-damage|p1a: Gliscor|41\/100 tox\n|move|p1a: Gliscor|Earthquake|p2a: Dragonite\n|-damage|p2a: Dragonite|26\/100 brn\n|\n|-heal|p2a: Dragonite|32\/100 brn|[from] item: Leftovers\n|-heal|p1a: Gliscor|54\/100 tox|[from] ability: Poison Heal\n|-damage|p2a: Dragonite|26\/100 brn|[from] brn\n|upkeep\n|turn|16\n|c|\u2606LoLscrumb|Lol\n|inactive|les try4 has 120 seconds left.\n|\n|t:|1699691264\n|move|p1a: Gliscor|Protect|p1a: Gliscor\n|-singleturn|p1a: Gliscor|Protect\n|move|p2a: Dragonite|Ice Spinner|p1a: Gliscor\n|-activate|p1a: Gliscor|move: Protect\n|\n|-heal|p2a: Dragonite|32\/100 brn|[from] item: Leftovers\n|-heal|p1a: Gliscor|66\/100 tox|[from] ability: Poison Heal\n|-damage|p2a: Dragonite|26\/100 brn|[from] brn\n|upkeep\n|turn|17\n|inactive|les try4 has 120 seconds left.\n|\n|t:|1699691277\n|move|p2a: Dragonite|Ice Spinner|p1a: Gliscor\n|-supereffective|p1a: Gliscor\n|-damage|p1a: Gliscor|4\/100 tox\n|move|p1a: Gliscor|Earthquake|p2a: Dragonite\n|-damage|p2a: Dragonite|0 fnt\n|faint|p2a: Dragonite\n|\n|-heal|p1a: Gliscor|17\/100 tox|[from] ability: Poison Heal\n|upkeep\n|inactive|les try4 has 120 seconds left.\n|\n|t:|1699691287\n|switch|p2a: Kingambit|Kingambit, M|100\/100\n|-damage|p2a: Kingambit|94\/100|[from] Stealth Rock\n|-activate|p2a: Kingambit|ability: Supreme Overlord\n|-start|p2a: Kingambit|fallen1|[silent]\n|turn|18\n|\n|t:|1699691293\n|move|p1a: Gliscor|Protect|p1a: Gliscor\n|-singleturn|p1a: Gliscor|Protect\n|move|p2a: Kingambit|Sucker Punch||[still]\n|-fail|p2a: Kingambit\n|\n|-heal|p2a: Kingambit|100\/100|[from] item: Leftovers\n|-heal|p1a: Gliscor|29\/100 tox|[from] ability: Poison Heal\n|upkeep\n|turn|19\n|\n|t:|1699691303\n|move|p2a: Kingambit|Sucker Punch||[still]\n|-fail|p2a: Kingambit\n|move|p1a: Gliscor|Toxic Spikes|p2a: Kingambit\n|-sidestart|p2: les try4|move: Toxic Spikes\n|\n|-heal|p1a: Gliscor|42\/100 tox|[from] ability: Poison Heal\n|upkeep\n|turn|20\n|\n|t:|1699691313\n|-end|p2a: Kingambit|fallen1|[silent]\n|switch|p2a: Hatterene|Hatterene, F, shiny|100\/100\n|move|p1a: Gliscor|Toxic Spikes|p2a: Hatterene\n|move|p2a: Hatterene|Toxic Spikes|p1a: Gliscor|[from]ability: Magic Bounce\n|-sidestart|p1: LoLscrumb|move: Toxic Spikes\n|\n|-heal|p1a: Gliscor|54\/100 tox|[from] ability: Poison Heal\n|upkeep\n|turn|21\n|\n|t:|1699691326\n|move|p1a: Gliscor|Protect|p1a: Gliscor\n|-singleturn|p1a: Gliscor|Protect\n|move|p2a: Hatterene|Giga Drain|p1a: Gliscor\n|-activate|p1a: Gliscor|move: Protect\n|\n|-heal|p1a: Gliscor|67\/100 tox|[from] ability: Poison Heal\n|upkeep\n|turn|22\n|\n|t:|1699691339\n|move|p1a: Gliscor|Earthquake|p2a: Hatterene\n|-damage|p2a: Hatterene|61\/100\n|move|p2a: Hatterene|Giga Drain|p1a: Gliscor\n|-damage|p1a: Gliscor|33\/100 tox\n|-heal|p2a: Hatterene|80\/100|[from] drain|[of] p1a: Gliscor\n|\n|-heal|p1a: Gliscor|45\/100 tox|[from] ability: Poison Heal\n|upkeep\n|turn|23\n|\n|t:|1699691348\n|move|p1a: Gliscor|Earthquake|p2a: Hatterene\n|-damage|p2a: Hatterene|42\/100\n|move|p2a: Hatterene|Giga Drain|p1a: Gliscor\n|-damage|p1a: Gliscor|6\/100 tox\n|-heal|p2a: Hatterene|63\/100|[from] drain|[of] p1a: Gliscor\n|\n|-heal|p1a: Gliscor|19\/100 tox|[from] ability: Poison Heal\n|upkeep\n|turn|24\n|\n|t:|1699691363\n|move|p1a: Gliscor|Protect|p1a: Gliscor\n|-singleturn|p1a: Gliscor|Protect\n|move|p2a: Hatterene|Giga Drain|p1a: Gliscor\n|-activate|p1a: Gliscor|move: Protect\n|\n|-heal|p1a: Gliscor|31\/100 tox|[from] ability: Poison Heal\n|upkeep\n|turn|25\n|\n|t:|1699691371\n|move|p1a: Gliscor|Protect||[still]\n|-fail|p1a: Gliscor\n|move|p2a: Hatterene|Giga Drain|p1a: Gliscor\n|-damage|p1a: Gliscor|0 fnt\n|-heal|p2a: Hatterene|81\/100|[from] drain|[of] p1a: Gliscor\n|faint|p1a: Gliscor\n|\n|upkeep\n|\n|t:|1699691379\n|switch|p1a: Cinderace|Cinderace, F|11\/100\n|turn|26\n|\n|t:|1699691385\n|switch|p2a: Dondozo|Dondozo, M|100\/100\n|-damage|p2a: Dondozo|88\/100|[from] Stealth Rock\n|-status|p2a: Dondozo|psn\n|move|p1a: Cinderace|U-turn|p2a: Dondozo\n|-damage|p2a: Dondozo|80\/100 psn\n|\n|t:|1699691393\n|switch|p1a: Dragapult|Dragapult, M|100\/100|[from] U-turn\n|-status|p1a: Dragapult|psn\n|\n|-heal|p2a: Dondozo|86\/100 psn|[from] item: Leftovers\n|-damage|p1a: Dragapult|88\/100 psn|[from] psn\n|-damage|p2a: Dondozo|74\/100 psn|[from] psn\n|upkeep\n|turn|27\n|\n|t:|1699691406\n|move|p1a: Dragapult|Thunderbolt|p2a: Dondozo\n|-supereffective|p2a: Dondozo\n|-crit|p2a: Dondozo\n|-damage|p2a: Dondozo|0 fnt\n|faint|p2a: Dondozo\n|\n|-damage|p1a: Dragapult|76\/100 psn|[from] psn\n|upkeep\n|\n|t:|1699691415\n|switch|p2a: Hatterene|Hatterene, F, shiny|81\/100\n|turn|28\n|\n|t:|1699691424\n|switch|p1a: Cinderace|Cinderace, F|11\/100\n|move|p2a: Hatterene|Psychic|p1a: Cinderace\n|-damage|p1a: Cinderace|0 fnt\n|faint|p1a: Cinderace\n|\n|upkeep\n|\n|t:|1699691427\n|switch|p1a: Dragapult|Dragapult, M|76\/100 psn\n|turn|29\n|\n|t:|1699691442\n|move|p1a: Dragapult|Shadow Ball|p2a: Hatterene\n|-supereffective|p2a: Hatterene\n|-damage|p2a: Hatterene|0 fnt\n|faint|p2a: Hatterene\n|\n|-damage|p1a: Dragapult|64\/100 psn|[from] psn\n|upkeep\n|\n|t:|1699691450\n|switch|p2a: Amoonguss|Amoonguss, M, shiny|75\/100\n|-damage|p2a: Amoonguss|63\/100|[from] Stealth Rock\n|-sideend|p2: les try4|move: Toxic Spikes|[of] p2a: Amoonguss\n|turn|30\n|\n|t:|1699691456\n|move|p1a: Dragapult|Shadow Ball|p2a: Amoonguss\n|-damage|p2a: Amoonguss|26\/100\n|move|p2a: Amoonguss|Substitute|p2a: Amoonguss\n|-start|p2a: Amoonguss|Substitute\n|-damage|p2a: Amoonguss|2\/100\n|\n|-heal|p2a: Amoonguss|8\/100|[from] item: Leftovers\n|-damage|p1a: Dragapult|51\/100 psn|[from] psn\n|upkeep\n|turn|31\n|\n|t:|1699691467\n|move|p1a: Dragapult|Shadow Ball|p2a: Amoonguss\n|-damage|p2a: Amoonguss|0 fnt\n|faint|p2a: Amoonguss\n|\n|-damage|p1a: Dragapult|39\/100 psn|[from] psn\n|upkeep\n|\n|t:|1699691475\n|switch|p2a: Kingambit|Kingambit, M|100\/100\n|-damage|p2a: Kingambit|94\/100|[from] Stealth Rock\n|-activate|p2a: Kingambit|ability: Supreme Overlord\n|-start|p2a: Kingambit|fallen4|[silent]\n|turn|32\n|\n|t:|1699691484\n|move|p2a: Kingambit|Sucker Punch|p1a: Dragapult\n|-supereffective|p1a: Dragapult\n|-damage|p1a: Dragapult|0 fnt\n|faint|p1a: Dragapult\n|\n|-heal|p2a: Kingambit|100\/100|[from] item: Leftovers\n|upkeep\n|\n|t:|1699691487\n|switch|p1a: Dipplin|Dipplin, M, shiny|96\/100\n|-status|p1a: Dipplin|psn\n|turn|33\n|\n|t:|1699691499\n|-end|p2a: Kingambit|fallen4|[silent]\n|switch|p2a: Cinderace|Cinderace, M|100\/100\n|-terastallize|p1a: Dipplin|Fighting\n|move|p1a: Dipplin|Tera Blast|p2a: Cinderace|[anim] Tera Blast Fighting\n|-damage|p2a: Cinderace|58\/100\n|\n|-damage|p1a: Dipplin|83\/100 psn|[from] psn\n|upkeep\n|turn|34\n|\n|t:|1699691515\n|switch|p1a: Iron Valiant|Iron Valiant|100\/100\n|-status|p1a: Iron Valiant|psn\n|-enditem|p1a: Iron Valiant|Booster Energy\n|-activate|p1a: Iron Valiant|ability: Quark Drive|[fromitem]\n|-start|p1a: Iron Valiant|quarkdrivespe\n|move|p2a: Cinderace|Pyro Ball|p1a: Iron Valiant\n|-damage|p1a: Iron Valiant|20\/100 psn\n|\n|-damage|p1a: Iron Valiant|7\/100 psn|[from] psn\n|upkeep\n|turn|35\n|\n|t:|1699691530\n|move|p1a: Iron Valiant|Focus Blast|p2a: Cinderace|[miss]\n|-miss|p1a: Iron Valiant|p2a: Cinderace\n|move|p2a: Cinderace|Court Change|p2a: Cinderace\n|-start|p2a: Cinderace|typechange|Normal|[from] ability: Libero\n|-swapsideconditions\n|-activate|p2a: Cinderace|move: Court Change\n|\n|-damage|p1a: Iron Valiant|0 fnt|[from] psn\n|faint|p1a: Iron Valiant\n|-end|p1a: Iron Valiant|Quark Drive|[silent]\n|upkeep\n|\n|t:|1699691536\n|switch|p1a: Dipplin|Dipplin, M, shiny, tera:Fighting|83\/100 psn\n|-damage|p1a: Dipplin|77\/100 psn|[from] Stealth Rock\n|turn|36\n|\n|t:|1699691544\n|move|p2a: Cinderace|Pyro Ball|p1a: Dipplin\n|-damage|p1a: Dipplin|55\/100 psn\n|move|p1a: Dipplin|Tera Blast|p2a: Cinderace|[anim] Tera Blast Fighting\n|-supereffective|p2a: Cinderace\n|-damage|p2a: Cinderace|0 fnt\n|faint|p2a: Cinderace\n|\n|-damage|p1a: Dipplin|43\/100 psn|[from] psn\n|upkeep\n|\n|t:|1699691553\n|switch|p2a: Kingambit|Kingambit, M|100\/100\n|-activate|p2a: Kingambit|ability: Supreme Overlord\n|-start|p2a: Kingambit|fallen5|[silent]\n|turn|37\n|\n|t:|1699691562\n|move|p2a: Kingambit|Sucker Punch||[still]\n|-fail|p2a: Kingambit\n|move|p1a: Dipplin|Recover|p1a: Dipplin\n|-heal|p1a: Dipplin|93\/100 psn\n|\n|-damage|p1a: Dipplin|81\/100 psn|[from] psn\n|upkeep\n|turn|38\n|\n|t:|1699691571\n|move|p2a: Kingambit|Sucker Punch||[still]\n|-fail|p2a: Kingambit\n|move|p1a: Dipplin|Recover|p1a: Dipplin\n|-heal|p1a: Dipplin|100\/100 psn\n|\n|-damage|p1a: Dipplin|88\/100 psn|[from] psn\n|upkeep\n|turn|39\n|\n|t:|1699691579\n|move|p2a: Kingambit|Sucker Punch|p1a: Dipplin\n|-resisted|p1a: Dipplin\n|-damage|p1a: Dipplin|71\/100 psn\n|move|p1a: Dipplin|Tera Blast|p2a: Kingambit|[anim] Tera Blast Fighting\n|-supereffective|p2a: Kingambit\n|-damage|p2a: Kingambit|0 fnt\n|faint|p2a: Kingambit\n|-end|p2a: Kingambit|fallen5|[silent]\n|\n|win|LoLscrumb\n|raw|LoLscrumb's rating: 1031 &rarr; <strong>1067<\/strong><br \/>(+36 for winning)\n|raw|les try4's rating: 1040 &rarr; <strong>1024<\/strong><br \/>(-16 for losing)\n|l|\u2606les try4\n","uploadtime":1699691603,"views":20,"p1id":"lolscrumb","p2id":"lestry4","formatid":"gen9ou","rating":1024,"private":0,"password":""}