{"id":"gen9ou-1992387508","p1":"D Gym Teacher","p2":"Morgan&sableye","format":"[Gen 9] OU","log":"|j|\u2606D Gym Teacher\n|j|\u2606Morgan&sableye\n|t:|1700181717\n|gametype|singles\n|player|p1|D Gym Teacher|veteran|1949\n|player|p2|Morgan&sableye|blaine|1910\n|teamsize|p1|6\n|teamsize|p2|6\n|gen|9\n|tier|[Gen 9] OU\n|rated|\n|rule|Sleep Clause Mod: Limit one foe put to sleep\n|rule|Species Clause: Limit one of each Pok\u00e9mon\n|rule|OHKO Clause: OHKO moves are banned\n|rule|Evasion Items Clause: Evasion items are banned\n|rule|Evasion Moves Clause: Evasion moves are banned\n|rule|Endless Battle Clause: Forcing endless battles is banned\n|rule|HP Percentage Mod: HP is shown in percentages\n|clearpoke\n|poke|p1|Great Tusk|\n|poke|p1|Rillaboom, M|\n|poke|p1|Sneasler, F|\n|poke|p1|Samurott-Hisui, M|\n|poke|p1|Heatran, F|\n|poke|p1|Enamorus, F|\n|poke|p2|Hoopa-Unbound|\n|poke|p2|Ursaluna, M|\n|poke|p2|Hatterene, F|\n|poke|p2|Cresselia, F|\n|poke|p2|Iron Hands|\n|poke|p2|Kingambit, M|\n|teampreview\n|j| TorterraMain\n|j| Roshino\n|j| shuckleneverdies\n|l| shuckleneverdies\n|j| I love gliscor tbh\n|\n|t:|1700181774\n|start\n|switch|p1a: Heatran|Heatran, F|100\/100\n|switch|p2a: Iron Hands|Iron Hands|100\/100\n|-enditem|p2a: Iron Hands|Booster Energy\n|-activate|p2a: Iron Hands|ability: Quark Drive|[fromitem]\n|-start|p2a: Iron Hands|quarkdriveatk\n|turn|1\n|\n|t:|1700181787\n|switch|p1a: Enamorus|Enamorus, F|100\/100\n|move|p2a: Iron Hands|Swords Dance|p2a: Iron Hands\n|-boost|p2a: Iron Hands|atk|2\n|\n|upkeep\n|turn|2\n|\n|t:|1700181793\n|-terastallize|p2a: Iron Hands|Flying\n|move|p1a: Enamorus|Moonblast|p2a: Iron Hands\n|-damage|p2a: Iron Hands|51\/100\n|move|p2a: Iron Hands|Ice Punch|p1a: Enamorus\n|-supereffective|p1a: Enamorus\n|-damage|p1a: Enamorus|0 fnt\n|faint|p1a: Enamorus\n|\n|upkeep\n|\n|t:|1700181818\n|switch|p1a: Sneasler|Sneasler, F|100\/100\n|turn|3\n|\n|t:|1700181825\n|move|p1a: Sneasler|Gunk Shot|p2a: Iron Hands|[miss]\n|-miss|p1a: Sneasler|p2a: Iron Hands\n|move|p2a: Iron Hands|Wild Charge|p1a: Sneasler\n|-damage|p1a: Sneasler|0 fnt\n|faint|p1a: Sneasler\n|-damage|p2a: Iron Hands|36\/100|[from] Recoil\n|\n|upkeep\n|\n|t:|1700181839\n|switch|p1a: Heatran|Heatran, F|100\/100\n|turn|4\n|\n|t:|1700181843\n|-end|p2a: Iron Hands|Quark Drive|[silent]\n|switch|p2a: Hoopa|Hoopa-Unbound|100\/100\n|move|p1a: Heatran|Magma Storm|p2a: Hoopa\n|-damage|p2a: Hoopa|61\/100\n|-activate|p2a: Hoopa|move: Magma Storm|[of] p1a: Heatran\n|\n|-damage|p2a: Hoopa|48\/100|[from] move: Magma Storm|[partiallytrapped]\n|upkeep\n|turn|5\n|\n|t:|1700181853\n|move|p1a: Heatran|Stealth Rock|p2a: Hoopa\n|-sidestart|p2: Morgan&sableye|move: Stealth Rock\n|move|p2a: Hoopa|Trick Room|p2a: Hoopa\n|-fieldstart|move: Trick Room|[of] p2a: Hoopa\n|\n|-damage|p2a: Hoopa|36\/100|[from] move: Magma Storm|[partiallytrapped]\n|upkeep\n|turn|6\n|\n|t:|1700181860\n|switch|p1a: Samurott|Samurott-Hisui, M|100\/100\n|move|p2a: Hoopa|Hyperspace Fury|p1a: Samurott\n|-resisted|p1a: Samurott\n|-damage|p1a: Samurott|60\/100\n|-unboost|p2a: Hoopa|def|1\n|-enditem|p2a: Hoopa|Eject Pack\n|\n|t:|1700181868\n|switch|p2a: Ursaluna|Ursaluna, M|100\/100\n|-damage|p2a: Ursaluna|94\/100|[from] Stealth Rock\n|\n|-status|p2a: Ursaluna|brn|[from] item: Flame Orb\n|upkeep\n|turn|7\n|l|\u2606Morgan&sableye\n|player|p2|\n|j|\u2606Morgan&sableye\n|player|p2|Morgan&sableye|blaine\n|inactive|Battle timer is ON: inactive players will automatically lose when time's up. (requested by Morgan&sableye)\n|\n|t:|1700181951\n|move|p1a: Samurott|Aqua Jet|p2a: Ursaluna\n|-supereffective|p2a: Ursaluna\n|-damage|p2a: Ursaluna|64\/100 brn\n|move|p2a: Ursaluna|Facade|p1a: Samurott\n|-crit|p1a: Samurott\n|-damage|p1a: Samurott|0 fnt\n|faint|p1a: Samurott\n|\n|-damage|p2a: Ursaluna|58\/100 brn|[from] brn\n|upkeep\n|\n|t:|1700181956\n|switch|p1a: Rillaboom|Rillaboom, M|100\/100\n|-fieldstart|move: Grassy Terrain|[from] ability: Grassy Surge|[of] p1a: Rillaboom\n|turn|8\n|\n|t:|1700181963\n|switch|p2a: Kingambit|Kingambit, M|100\/100\n|-damage|p2a: Kingambit|94\/100|[from] Stealth Rock\n|move|p1a: Rillaboom|Grassy Glide|p2a: Kingambit\n|-resisted|p2a: Kingambit\n|-damage|p2a: Kingambit|71\/100\n|\n|-heal|p2a: Kingambit|77\/100|[from] Grassy Terrain\n|-heal|p2a: Kingambit|84\/100|[from] item: Leftovers\n|upkeep\n|turn|9\n|\n|t:|1700181970\n|switch|p1a: Heatran|Heatran, F|100\/100\n|move|p2a: Kingambit|Low Kick|p1a: Heatran\n|-supereffective|p1a: Heatran\n|-damage|p1a: Heatran|3\/100\n|\n|-heal|p2a: Kingambit|90\/100|[from] Grassy Terrain\n|-heal|p2a: Kingambit|96\/100|[from] item: Leftovers\n|-heal|p1a: Heatran|9\/100|[from] Grassy Terrain\n|-heal|p1a: Heatran|15\/100|[from] item: Leftovers\n|-fieldend|move: Trick Room\n|upkeep\n|turn|10\n|\n|t:|1700181979\n|switch|p1a: Great Tusk|Great Tusk|100\/100\n|move|p2a: Kingambit|Sucker Punch||[still]\n|-fail|p2a: Kingambit\n|\n|-heal|p2a: Kingambit|100\/100|[from] Grassy Terrain\n|upkeep\n|turn|11\n|\n|t:|1700181986\n|-end|p1a: Great Tusk|Protosynthesis|[silent]\n|switch|p1a: Heatran|Heatran, F|15\/100\n|-end|p2a: Kingambit|fallenundefined|[silent]\n|switch|p2a: Cresselia|Cresselia, F|100\/100\n|-damage|p2a: Cresselia|88\/100|[from] Stealth Rock\n|\n|-heal|p1a: Heatran|21\/100|[from] Grassy Terrain\n|-heal|p1a: Heatran|27\/100|[from] item: Leftovers\n|-heal|p2a: Cresselia|94\/100|[from] item: Leftovers\n|upkeep\n|turn|12\n|\n|t:|1700181992\n|move|p1a: Heatran|Taunt|p2a: Cresselia\n|-start|p2a: Cresselia|move: Taunt\n|cant|p2a: Cresselia|move: Taunt|Trick Room\n|\n|-heal|p1a: Heatran|34\/100|[from] Grassy Terrain\n|-heal|p1a: Heatran|40\/100|[from] item: Leftovers\n|-heal|p2a: Cresselia|99\/100|[from] item: Leftovers\n|-fieldend|move: Grassy Terrain\n|upkeep\n|turn|13\n|\n|t:|1700181999\n|switch|p2a: Hoopa|Hoopa-Unbound|36\/100\n|-damage|p2a: Hoopa|23\/100|[from] Stealth Rock\n|move|p1a: Heatran|Magma Storm|p2a: Hoopa\n|-damage|p2a: Hoopa|0 fnt\n|faint|p2a: Hoopa\n|\n|-heal|p1a: Heatran|46\/100|[from] item: Leftovers\n|upkeep\n|\n|t:|1700182005\n|switch|p2a: Hatterene|Hatterene, F|100\/100\n|-damage|p2a: Hatterene|88\/100|[from] Stealth Rock\n|turn|14\n|\n|t:|1700182010\n|move|p1a: Heatran|Magma Storm|p2a: Hatterene|[miss]\n|-miss|p1a: Heatran|p2a: Hatterene\n|move|p2a: Hatterene|Trick Room|p2a: Hatterene\n|-fieldstart|move: Trick Room|[of] p2a: Hatterene\n|\n|-heal|p1a: Heatran|52\/100|[from] item: Leftovers\n|upkeep\n|turn|15\n|\n|t:|1700182019\n|move|p2a: Hatterene|Healing Wish|p2a: Hatterene\n|faint|p2a: Hatterene\n|move|p1a: Heatran|Magma Storm|p2: Hatterene|[notarget]\n|-fail|p1a: Heatran\n|\n|-heal|p1a: Heatran|58\/100|[from] item: Leftovers\n|upkeep\n|\n|t:|1700182028\n|switch|p2a: Iron Hands|Iron Hands, tera:Flying|36\/100\n|-heal|p2a: Iron Hands|100\/100|[from] move: Healing Wish\n|-damage|p2a: Iron Hands|75\/100|[from] Stealth Rock\n|turn|16\n|inactive|D Gym Teacher has 120 seconds left.\n|j| Ozzy365\n|inactive|D Gym Teacher has 90 seconds left.\n|\n|t:|1700182094\n|switch|p1a: Rillaboom|Rillaboom, M|100\/100\n|-fieldstart|move: Grassy Terrain|[from] ability: Grassy Surge|[of] p1a: Rillaboom\n|move|p2a: Iron Hands|Drain Punch|p1a: Rillaboom\n|-crit|p1a: Rillaboom\n|-damage|p1a: Rillaboom|21\/100\n|-heal|p2a: Iron Hands|100\/100|[from] drain|[of] p1a: Rillaboom\n|\n|-heal|p1a: Rillaboom|27\/100|[from] Grassy Terrain\n|upkeep\n|turn|17\n|inactive|D Gym Teacher has 90 seconds left.\n|\n|t:|1700182106\n|switch|p1a: Great Tusk|Great Tusk|100\/100\n|move|p2a: Iron Hands|Drain Punch|p1a: Great Tusk\n|-damage|p1a: Great Tusk|71\/100\n|\n|-heal|p1a: Great Tusk|77\/100|[from] Grassy Terrain\n|-heal|p1a: Great Tusk|83\/100|[from] item: Leftovers\n|upkeep\n|turn|18\n|inactive|D Gym Teacher has 90 seconds left.\n|\n|t:|1700182115\n|-end|p1a: Great Tusk|Protosynthesis|[silent]\n|switch|p1a: Rillaboom|Rillaboom, M|27\/100\n|move|p2a: Iron Hands|Ice Punch|p1a: Rillaboom\n|-supereffective|p1a: Rillaboom\n|-damage|p1a: Rillaboom|0 fnt\n|faint|p1a: Rillaboom\n|\n|-fieldend|move: Trick Room\n|upkeep\n|inactive|D Gym Teacher has 90 seconds left.\n|\n|t:|1700182122\n|switch|p1a: Heatran|Heatran, F|58\/100\n|turn|19\n|\n|t:|1700182127\n|-terastallize|p1a: Heatran|Grass\n|move|p1a: Heatran|Magma Storm|p2a: Iron Hands\n|-damage|p2a: Iron Hands|50\/100\n|-activate|p2a: Iron Hands|move: Magma Storm|[of] p1a: Heatran\n|move|p2a: Iron Hands|Drain Punch|p1a: Heatran\n|-damage|p1a: Heatran|13\/100\n|-heal|p2a: Iron Hands|65\/100|[from] drain|[of] p1a: Heatran\n|\n|-heal|p1a: Heatran|19\/100|[from] Grassy Terrain\n|-heal|p1a: Heatran|25\/100|[from] item: Leftovers\n|-damage|p2a: Iron Hands|52\/100|[from] move: Magma Storm|[partiallytrapped]\n|upkeep\n|turn|20\n|j| ddytyttycvcvhjhjh\n|\n|t:|1700182141\n|move|p1a: Heatran|Magma Storm|p2a: Iron Hands|[miss]\n|-miss|p1a: Heatran|p2a: Iron Hands\n|move|p2a: Iron Hands|Ice Punch|p1a: Heatran\n|-supereffective|p1a: Heatran\n|-damage|p1a: Heatran|0 fnt\n|faint|p1a: Heatran\n|\n|-end|p2a: Iron Hands|Magma Storm|[partiallytrapped]|[silent]\n|-fieldend|move: Grassy Terrain\n|upkeep\n|j| orasfunfun\n|c|\u2606D Gym Teacher|Gg\n|-message|D Gym Teacher forfeited.\n|\n|win|Morgan&sableye\n|raw|D Gym Teacher's rating: 1949 &rarr; <strong>1927<\/strong><br \/>(-22 for losing)\n|raw|Morgan&amp;sableye's rating: 1910 &rarr; <strong>1932<\/strong><br \/>(+22 for winning)\n|l|\u2606D Gym Teacher\n|l| TorterraMain\n|c|\u2606Morgan&sableye|gg\n","uploadtime":1700182154,"views":20,"p1id":"dgymteacher","p2id":"morgansableye","formatid":"gen9ou","rating":1927,"private":0,"password":""}