{"id":"gen9ou-1992957256","p1":"Zovafire","p2":"Rexxuz","format":"[Gen 9] OU","log":"|j|\u2606Zovafire\n|j|\u2606Rexxuz\n|t:|1700250207\n|gametype|singles\n|player|p1|Zovafire|roxie|1379\n|player|p2|Rexxuz|bugcatcher-gen4dp|1303\n|teamsize|p1|6\n|teamsize|p2|6\n|gen|9\n|tier|[Gen 9] OU\n|rated|\n|rule|Sleep Clause Mod: Limit one foe put to sleep\n|rule|Species Clause: Limit one of each Pok\u00e9mon\n|rule|OHKO Clause: OHKO moves are banned\n|rule|Evasion Items Clause: Evasion items are banned\n|rule|Evasion Moves Clause: Evasion moves are banned\n|rule|Endless Battle Clause: Forcing endless battles is banned\n|rule|HP Percentage Mod: HP is shown in percentages\n|clearpoke\n|poke|p1|Great Tusk|\n|poke|p1|Ogerpon-Wellspring, F|\n|poke|p1|Hatterene, F|\n|poke|p1|Kingambit, M|\n|poke|p1|Meowscarada, F|\n|poke|p1|Ninetales-Alola, F|\n|poke|p2|Zoroark-Hisui, M|\n|poke|p2|Corviknight, F|\n|poke|p2|Ogerpon-Wellspring, F|\n|poke|p2|Landorus-Therian, M|\n|poke|p2|Lokix, F|\n|poke|p2|Sneasler, M|\n|teampreview\n|inactive|Battle timer is ON: inactive players will automatically lose when time's up. (requested by Zovafire)\n|inactive|Rexxuz has 120 seconds left.\n|\n|t:|1700250240\n|start\n|switch|p1a: Shiver Tails|Ninetales-Alola, F|100\/100\n|switch|p2a: Sneasler|Sneasler, M|100\/100\n|-weather|Snow|[from] ability: Snow Warning|[of] p1a: Shiver Tails\n|turn|1\n|\n|t:|1700250245\n|move|p2a: Sneasler|Dire Claw|p1a: Shiver Tails\n|-supereffective|p1a: Shiver Tails\n|-damage|p1a: Shiver Tails|35\/100\n|move|p1a: Shiver Tails|Aurora Veil|p1a: Shiver Tails\n|-sidestart|p1: Zovafire|move: Aurora Veil\n|\n|-weather|Snow|[upkeep]\n|upkeep\n|turn|2\n|\n|t:|1700250252\n|move|p2a: Sneasler|Dire Claw|p1a: Shiver Tails\n|-supereffective|p1a: Shiver Tails\n|-damage|p1a: Shiver Tails|0 fnt\n|faint|p1a: Shiver Tails\n|\n|-weather|Snow|[upkeep]\n|upkeep\n|\n|t:|1700250258\n|switch|p1a: Great Tusk|Great Tusk|100\/100\n|-enditem|p1a: Great Tusk|Booster Energy\n|-activate|p1a: Great Tusk|ability: Protosynthesis|[fromitem]\n|-start|p1a: Great Tusk|protosynthesisspe\n|turn|3\n|\n|t:|1700250267\n|switch|p2a: Landorus|Landorus-Therian, M|100\/100\n|-ability|p2a: Landorus|Intimidate|boost\n|-unboost|p1a: Great Tusk|atk|1\n|move|p1a: Great Tusk|Bulk Up|p1a: Great Tusk\n|-boost|p1a: Great Tusk|atk|1\n|-boost|p1a: Great Tusk|def|1\n|\n|-weather|Snow|[upkeep]\n|upkeep\n|turn|4\n|\n|t:|1700250274\n|move|p1a: Great Tusk|Bulk Up|p1a: Great Tusk\n|-boost|p1a: Great Tusk|atk|1\n|-boost|p1a: Great Tusk|def|1\n|move|p2a: Landorus|U-turn|p1a: Great Tusk\n|-resisted|p1a: Great Tusk\n|-damage|p1a: Great Tusk|99\/100\n|\n|t:|1700250277\n|switch|p2a: Corviknight|Corviknight, F|100\/100|[from] U-turn\n|\n|-weather|Snow|[upkeep]\n|upkeep\n|turn|5\n|\n|t:|1700250281\n|move|p1a: Great Tusk|Knock Off|p2a: Corviknight\n|-supereffective|p2a: Corviknight\n|-damage|p2a: Corviknight|0 fnt\n|replace|p2a: Zoroark|Zoroark-Hisui, M, shiny\n|-end|p2a: Zoroark|Illusion\n|-enditem|p2a: Zoroark|Heavy-Duty Boots|[from] move: Knock Off|[of] p1a: Great Tusk\n|faint|p2a: Zoroark\n|\n|-weather|none\n|upkeep\n|-message|Rexxuz forfeited.\n|\n|win|Zovafire\n|raw|Zovafire's rating: 1379 &rarr; <strong>1395<\/strong><br \/>(+16 for winning)\n|raw|Rexxuz's rating: 1303 &rarr; <strong>1287<\/strong><br \/>(-16 for losing)\n|l|\u2606Rexxuz\n","uploadtime":1700250298,"views":32,"p1id":"zovafire","p2id":"rexxuz","formatid":"gen9ou","rating":1287,"private":0,"password":""}