{"id":"gen9ou-1993819237","p1":"draco9746","p2":"Silmarillion8","format":"[Gen 9] OU","log":"|j|\u2606draco9746\n|j|\u2606Silmarillion8\n|t:|1700361186\n|gametype|singles\n|player|p1|draco9746|cynthia|1308\n|player|p2|Silmarillion8|101|1355\n|teamsize|p1|6\n|teamsize|p2|6\n|gen|9\n|tier|[Gen 9] OU\n|rated|\n|rule|Sleep Clause Mod: Limit one foe put to sleep\n|rule|Species Clause: Limit one of each Pok\u00e9mon\n|rule|OHKO Clause: OHKO moves are banned\n|rule|Evasion Items Clause: Evasion items are banned\n|rule|Evasion Moves Clause: Evasion moves are banned\n|rule|Endless Battle Clause: Forcing endless battles is banned\n|rule|HP Percentage Mod: HP is shown in percentages\n|clearpoke\n|poke|p1|Sneasler, F|\n|poke|p1|Kingambit, F|\n|poke|p1|Hatterene, F|\n|poke|p1|Ninetales-Alola, F|\n|poke|p1|Great Tusk|\n|poke|p1|Samurott-Hisui, M|\n|poke|p2|Iron Jugulis|\n|poke|p2|Ogerpon-Wellspring, F|\n|poke|p2|Tinkaton, F|\n|poke|p2|Iron Moth|\n|poke|p2|Great Tusk|\n|poke|p2|Dragapult, F|\n|teampreview\n|inactive|Battle timer is ON: inactive players will automatically lose when time's up. (requested by draco9746)\n|inactive|Silmarillion8 has 120 seconds left.\n|\n|t:|1700361233\n|start\n|switch|p1a: Hatterene|Hatterene, F|100\/100\n|switch|p2a: Iron Moth|Iron Moth|100\/100\n|-enditem|p2a: Iron Moth|Booster Energy\n|-activate|p2a: Iron Moth|ability: Quark Drive|[fromitem]\n|-start|p2a: Iron Moth|quarkdrivespe\n|turn|1\n|\n|t:|1700361253\n|switch|p1a: Great Tusk|Great Tusk|100\/100\n|-enditem|p1a: Great Tusk|Booster Energy\n|-activate|p1a: Great Tusk|ability: Protosynthesis|[fromitem]\n|-start|p1a: Great Tusk|protosynthesisspe\n|move|p2a: Iron Moth|Sludge Wave|p1a: Great Tusk\n|-resisted|p1a: Great Tusk\n|-damage|p1a: Great Tusk|68\/100\n|\n|upkeep\n|turn|2\n|\n|t:|1700361267\n|move|p2a: Iron Moth|Psychic|p1a: Great Tusk\n|-supereffective|p1a: Great Tusk\n|-damage|p1a: Great Tusk|0 fnt\n|faint|p1a: Great Tusk\n|-end|p1a: Great Tusk|Protosynthesis|[silent]\n|\n|upkeep\n|\n|t:|1700361271\n|switch|p1a: Samurott|Samurott-Hisui, M|100\/100\n|turn|3\n|\n|t:|1700361281\n|move|p2a: Iron Moth|Dazzling Gleam|p1a: Samurott\n|-supereffective|p1a: Samurott\n|-damage|p1a: Samurott|17\/100\n|move|p1a: Samurott|Razor Shell|p2a: Iron Moth\n|-supereffective|p2a: Iron Moth\n|-damage|p2a: Iron Moth|0 fnt\n|faint|p2a: Iron Moth\n|-end|p2a: Iron Moth|Quark Drive|[silent]\n|\n|upkeep\n|\n|t:|1700361290\n|switch|p2a: Ogerpon|Ogerpon-Wellspring, F|100\/100\n|turn|4\n|\n|t:|1700361298\n|move|p2a: Ogerpon|Spikes|p1a: Samurott\n|-sidestart|p1: draco9746|Spikes\n|move|p1a: Samurott|Ceaseless Edge|p2a: Ogerpon\n|-damage|p2a: Ogerpon|38\/100\n|-sidestart|p2: Silmarillion8|Spikes\n|\n|upkeep\n|turn|5\n|\n|t:|1700361303\n|move|p2a: Ogerpon|Horn Leech|p1a: Samurott\n|-supereffective|p1a: Samurott\n|-damage|p1a: Samurott|0 fnt\n|-heal|p2a: Ogerpon|47\/100|[from] drain|[of] p1a: Samurott\n|faint|p1a: Samurott\n|\n|upkeep\n|\n|t:|1700361324\n|switch|p1a: Ninetales|Ninetales-Alola, F|100\/100\n|-damage|p1a: Ninetales|88\/100|[from] Spikes\n|-weather|Snow|[from] ability: Snow Warning|[of] p1a: Ninetales\n|turn|6\n|inactive|Silmarillion8 has 120 seconds left.\n|\n|t:|1700361360\n|move|p2a: Ogerpon|U-turn|p1a: Ninetales\n|-resisted|p1a: Ninetales\n|-damage|p1a: Ninetales|76\/100\n|\n|t:|1700361373\n|switch|p2a: Tinkaton|Tinkaton, F|100\/100|[from] U-turn\n|-item|p2a: Tinkaton|Air Balloon\n|move|p1a: Ninetales|Aurora Veil|p1a: Ninetales\n|-sidestart|p1: draco9746|move: Aurora Veil\n|\n|-weather|Snow|[upkeep]\n|upkeep\n|turn|7\n|\n|t:|1700361398\n|move|p1a: Ninetales|Moonblast|p2a: Tinkaton\n|-resisted|p2a: Tinkaton\n|-damage|p2a: Tinkaton|88\/100\n|-unboost|p2a: Tinkaton|spa|1\n|-enditem|p2a: Tinkaton|Air Balloon\n|move|p2a: Tinkaton|Stealth Rock|p1a: Ninetales\n|-sidestart|p1: draco9746|move: Stealth Rock\n|\n|-weather|Snow|[upkeep]\n|upkeep\n|turn|8\n|inactive|Silmarillion8 has 120 seconds left.\n|\n|t:|1700361410\n|move|p1a: Ninetales|Encore|p2a: Tinkaton\n|-start|p2a: Tinkaton|Encore\n|move|p2a: Tinkaton|Stealth Rock||[still]\n|-fail|p2a: Tinkaton\n|\n|-weather|Snow|[upkeep]\n|upkeep\n|turn|9\n|inactive|Silmarillion8 has 120 seconds left.\n|\n|t:|1700361426\n|move|p1a: Ninetales|Moonblast|p2a: Tinkaton\n|-resisted|p2a: Tinkaton\n|-damage|p2a: Tinkaton|76\/100\n|move|p2a: Tinkaton|Stealth Rock||[still]\n|-fail|p2a: Tinkaton\n|\n|-weather|Snow|[upkeep]\n|upkeep\n|turn|10\n|inactive|Silmarillion8 has 90 seconds left.\n|\n|t:|1700361464\n|switch|p2a: Ogerpon|Ogerpon-Wellspring, F|47\/100\n|-damage|p2a: Ogerpon|35\/100|[from] Spikes\n|move|p1a: Ninetales|Moonblast|p2a: Ogerpon\n|-damage|p2a: Ogerpon|5\/100\n|-unboost|p2a: Ogerpon|spa|1\n|\n|-weather|none\n|upkeep\n|turn|11\n|inactive|Silmarillion8 has 90 seconds left.\n|\n|t:|1700361476\n|move|p2a: Ogerpon|Horn Leech|p1a: Ninetales\n|-damage|p1a: Ninetales|49\/100\n|-heal|p2a: Ogerpon|20\/100|[from] drain|[of] p1a: Ninetales\n|move|p1a: Ninetales|Moonblast|p2a: Ogerpon\n|-damage|p2a: Ogerpon|0 fnt\n|faint|p2a: Ogerpon\n|\n|upkeep\n|\n|t:|1700361491\n|switch|p2a: Dragapult|Dragapult, F|100\/100\n|-damage|p2a: Dragapult|88\/100|[from] Spikes\n|turn|12\n|\n|t:|1700361504\n|move|p2a: Dragapult|Shadow Ball|p1a: Ninetales\n|-damage|p1a: Ninetales|25\/100\n|move|p1a: Ninetales|Moonblast|p2a: Dragapult\n|-supereffective|p2a: Dragapult\n|-damage|p2a: Dragapult|10\/100\n|\n|upkeep\n|turn|13\n|inactive|Silmarillion8 has 90 seconds left.\n|\n|t:|1700361519\n|move|p2a: Dragapult|Shadow Ball|p1a: Ninetales\n|-damage|p1a: Ninetales|0 fnt\n|faint|p1a: Ninetales\n|\n|-sideend|p1: draco9746|move: Aurora Veil\n|upkeep\n|inactive|draco9746 has 120 seconds left.\n|\n|t:|1700361538\n|switch|p1a: Hatterene|Hatterene, F|100\/100\n|-damage|p1a: Hatterene|88\/100|[from] Spikes\n|-damage|p1a: Hatterene|76\/100|[from] Stealth Rock\n|turn|14\n|\n|t:|1700361544\n|move|p2a: Dragapult|Shadow Ball|p1a: Hatterene\n|-supereffective|p1a: Hatterene\n|-damage|p1a: Hatterene|0 fnt\n|faint|p1a: Hatterene\n|\n|upkeep\n|\n|t:|1700361550\n|switch|p1a: Kingambit|Kingambit, F|100\/100\n|-damage|p1a: Kingambit|88\/100|[from] Spikes\n|-damage|p1a: Kingambit|82\/100|[from] Stealth Rock\n|-activate|p1a: Kingambit|ability: Supreme Overlord\n|-start|p1a: Kingambit|fallen4|[silent]\n|turn|15\n|\n|t:|1700361557\n|move|p1a: Kingambit|Sucker Punch|p2a: Dragapult\n|-supereffective|p2a: Dragapult\n|-damage|p2a: Dragapult|0 fnt\n|faint|p2a: Dragapult\n|\n|upkeep\n|\n|t:|1700361562\n|switch|p2a: Great Tusk|Great Tusk|100\/100\n|-damage|p2a: Great Tusk|88\/100|[from] Spikes\n|-enditem|p2a: Great Tusk|Booster Energy\n|-activate|p2a: Great Tusk|ability: Protosynthesis|[fromitem]\n|-start|p2a: Great Tusk|protosynthesisspe\n|turn|16\n|\n|t:|1700361570\n|-terastallize|p1a: Kingambit|Flying\n|move|p2a: Great Tusk|Headlong Rush|p1a: Kingambit\n|-immune|p1a: Kingambit\n|move|p1a: Kingambit|Tera Blast|p2a: Great Tusk|[anim] Tera Blast Flying\n|-supereffective|p2a: Great Tusk\n|-damage|p2a: Great Tusk|0 fnt\n|faint|p2a: Great Tusk\n|-end|p2a: Great Tusk|Protosynthesis|[silent]\n|\n|upkeep\n|\n|t:|1700361588\n|switch|p2a: Tinkaton|Tinkaton, F|76\/100\n|-damage|p2a: Tinkaton|64\/100|[from] Spikes\n|turn|17\n|\n|t:|1700361599\n|move|p2a: Tinkaton|Thunder Wave|p1a: Kingambit\n|-status|p1a: Kingambit|par\n|-enditem|p1a: Kingambit|Lum Berry|[eat]\n|-curestatus|p1a: Kingambit|par|[msg]\n|move|p1a: Kingambit|Iron Head|p2a: Tinkaton\n|-damage|p2a: Tinkaton|0 fnt\n|faint|p2a: Tinkaton\n|\n|upkeep\n|\n|t:|1700361607\n|switch|p2a: Iron Jugulis|Iron Jugulis|100\/100\n|-enditem|p2a: Iron Jugulis|Booster Energy\n|-activate|p2a: Iron Jugulis|ability: Quark Drive|[fromitem]\n|-start|p2a: Iron Jugulis|quarkdrivespe\n|turn|18\n|inactive|Silmarillion8 has 120 seconds left.\n|\n|t:|1700361621\n|-terastallize|p2a: Iron Jugulis|Steel\n|move|p1a: Kingambit|Sucker Punch|p2a: Iron Jugulis\n|-damage|p2a: Iron Jugulis|29\/100\n|move|p2a: Iron Jugulis|Hurricane|p1a: Kingambit\n|-damage|p1a: Kingambit|20\/100\n|\n|upkeep\n|turn|19\n|\n|t:|1700361629\n|move|p1a: Kingambit|Sucker Punch|p2a: Iron Jugulis\n|-damage|p2a: Iron Jugulis|0 fnt\n|faint|p2a: Iron Jugulis\n|-end|p2a: Iron Jugulis|Quark Drive|[silent]\n|\n|win|draco9746\n|raw|draco9746's rating: 1308 &rarr; <strong>1331<\/strong><br \/>(+23 for winning)\n|raw|Silmarillion8's rating: 1355 &rarr; <strong>1332<\/strong><br \/>(-23 for losing)\n","uploadtime":1700361637,"views":13,"p1id":"draco9746","p2id":"silmarillion8","formatid":"gen9ou","rating":1331,"private":0,"password":""}