{"id":"gen9ou-1993842071","p1":"Foxthelannister","p2":"BL153","format":"[Gen 9] OU","log":"|j|\u2606Foxthelannister\n|j|\u2606BL153\n|t:|1700364053\n|gametype|singles\n|player|p1|Foxthelannister|266|1431\n|player|p2|BL153|nate|1393\n|teamsize|p1|6\n|teamsize|p2|6\n|gen|9\n|tier|[Gen 9] OU\n|rated|\n|rule|Sleep Clause Mod: Limit one foe put to sleep\n|rule|Species Clause: Limit one of each Pok\u00e9mon\n|rule|OHKO Clause: OHKO moves are banned\n|rule|Evasion Items Clause: Evasion items are banned\n|rule|Evasion Moves Clause: Evasion moves are banned\n|rule|Endless Battle Clause: Forcing endless battles is banned\n|rule|HP Percentage Mod: HP is shown in percentages\n|clearpoke\n|poke|p1|Dragapult, F|\n|poke|p1|Great Tusk|\n|poke|p1|Kingambit, F|\n|poke|p1|Corviknight, F|\n|poke|p1|Garganacl, F|\n|poke|p1|Gholdengo|\n|poke|p2|Cinderace, M|\n|poke|p2|Rillaboom, M|\n|poke|p2|Inteleon, M|\n|poke|p2|Charizard, M|\n|poke|p2|Dragapult, M|\n|poke|p2|Avalugg, M|\n|teampreview\n|inactive|Battle timer is ON: inactive players will automatically lose when time's up. (requested by Foxthelannister)\n|c|\u2606BL153|hf\n|c|\u2606BL153|Are u ready?\n|\n|t:|1700364078\n|start\n|switch|p1a: Garganacl|Garganacl, F|100\/100\n|switch|p2a: Cinderace|Cinderace, M|100\/100\n|turn|1\n|c|\u2606BL153|READY TO HAVE A CHAMPION TIME?\n|\n|t:|1700364097\n|move|p2a: Cinderace|High Jump Kick|p1a: Garganacl\n|-start|p2a: Cinderace|typechange|Fighting|[from] ability: Libero\n|-supereffective|p1a: Garganacl\n|-damage|p1a: Garganacl|42\/100\n|move|p1a: Garganacl|Salt Cure|p2a: Cinderace\n|-resisted|p2a: Cinderace\n|-damage|p2a: Cinderace|90\/100\n|-start|p2a: Cinderace|Salt Cure\n|\n|-heal|p1a: Garganacl|48\/100|[from] item: Leftovers\n|-damage|p2a: Cinderace|78\/100|[from] Salt Cure\n|upkeep\n|turn|2\n|\n|t:|1700364115\n|move|p2a: Cinderace|Zen Headbutt|p1a: Garganacl\n|-damage|p1a: Garganacl|35\/100\n|move|p1a: Garganacl|Recover|p1a: Garganacl\n|-heal|p1a: Garganacl|85\/100\n|\n|-heal|p1a: Garganacl|91\/100|[from] item: Leftovers\n|-damage|p2a: Cinderace|66\/100|[from] Salt Cure\n|upkeep\n|turn|3\n|\n|t:|1700364127\n|switch|p2a: Inteleon|Inteleon, M|100\/100\n|-terastallize|p1a: Garganacl|Water\n|move|p1a: Garganacl|Salt Cure|p2a: Inteleon\n|-damage|p2a: Inteleon|75\/100\n|-start|p2a: Inteleon|Salt Cure\n|\n|-heal|p1a: Garganacl|97\/100|[from] item: Leftovers\n|-damage|p2a: Inteleon|50\/100|[from] Salt Cure\n|upkeep\n|turn|4\n|\n|t:|1700364139\n|move|p2a: Inteleon|U-turn|p1a: Garganacl\n|-damage|p1a: Garganacl|90\/100\n|\n|t:|1700364147\n|switch|p2a: Rillaboom|Rillaboom, M|100\/100|[from] U-turn\n|-fieldstart|move: Grassy Terrain|[from] ability: Grassy Surge|[of] p2a: Rillaboom\n|-enditem|p2a: Rillaboom|Grassy Seed\n|-boost|p2a: Rillaboom|def|1|[from] item: Grassy Seed\n|move|p1a: Garganacl|Stealth Rock|p2a: Rillaboom\n|-sidestart|p2: BL153|move: Stealth Rock\n|\n|-heal|p1a: Garganacl|97\/100|[from] Grassy Terrain\n|-heal|p1a: Garganacl|100\/100|[from] item: Leftovers\n|upkeep\n|turn|5\n|\n|t:|1700364159\n|switch|p1a: Corviknight|Corviknight, F|100\/100\n|-ability|p1a: Corviknight|Pressure\n|move|p2a: Rillaboom|Swords Dance|p2a: Rillaboom\n|-boost|p2a: Rillaboom|atk|2\n|\n|upkeep\n|turn|6\n|\n|t:|1700364172\n|move|p2a: Rillaboom|Swords Dance|p2a: Rillaboom\n|-boost|p2a: Rillaboom|atk|2\n|move|p1a: Corviknight|U-turn|p2a: Rillaboom\n|-supereffective|p2a: Rillaboom\n|-damage|p2a: Rillaboom|82\/100\n|\n|t:|1700364182\n|switch|p1a: Great Tusk|Great Tusk|100\/100|[from] U-turn\n|\n|-heal|p2a: Rillaboom|88\/100|[from] Grassy Terrain\n|upkeep\n|turn|7\n|\n|t:|1700364190\n|-end|p1a: Great Tusk|Protosynthesis|[silent]\n|switch|p1a: Corviknight|Corviknight, F|100\/100\n|-ability|p1a: Corviknight|Pressure\n|move|p2a: Rillaboom|Grassy Glide|p1a: Corviknight\n|-resisted|p1a: Corviknight\n|-damage|p1a: Corviknight|82\/100\n|-damage|p2a: Rillaboom|71\/100|[from] item: Rocky Helmet|[of] p1a: Corviknight\n|\n|-heal|p2a: Rillaboom|77\/100|[from] Grassy Terrain\n|upkeep\n|turn|8\n|\n|t:|1700364207\n|switch|p2a: Avalugg|Avalugg, M|100\/100\n|move|p1a: Corviknight|Body Press|p2a: Avalugg\n|-supereffective|p2a: Avalugg\n|-damage|p2a: Avalugg|76\/100\n|\n|-heal|p2a: Avalugg|82\/100|[from] Grassy Terrain\n|-fieldend|move: Grassy Terrain\n|upkeep\n|turn|9\n|\n|t:|1700364216\n|move|p1a: Corviknight|U-turn|p2a: Avalugg\n|-damage|p2a: Avalugg|76\/100\n|\n|t:|1700364219\n|switch|p1a: Gholdengo|Gholdengo|100\/100|[from] U-turn\n|move|p2a: Avalugg|Rapid Spin|p1a: Gholdengo\n|-immune|p1a: Gholdengo\n|\n|upkeep\n|turn|10\n|\n|t:|1700364233\n|switch|p2a: Charizard|Charizard, M|100\/100\n|move|p1a: Gholdengo|Shadow Ball|p2a: Charizard\n|-damage|p2a: Charizard|38\/100\n|\n|upkeep\n|turn|11\n|\n|t:|1700364243\n|switch|p1a: Garganacl|Garganacl, F, tera:Water|100\/100\n|move|p2a: Charizard|Ancient Power|p1a: Garganacl\n|-damage|p1a: Garganacl|83\/100\n|\n|-heal|p1a: Garganacl|89\/100|[from] item: Leftovers\n|upkeep\n|turn|12\n|\n|t:|1700364259\n|switch|p2a: Rillaboom|Rillaboom, M|77\/100\n|-damage|p2a: Rillaboom|65\/100|[from] Stealth Rock\n|-fieldstart|move: Grassy Terrain|[from] ability: Grassy Surge|[of] p2a: Rillaboom\n|move|p1a: Garganacl|Salt Cure|p2a: Rillaboom\n|-damage|p2a: Rillaboom|51\/100\n|-start|p2a: Rillaboom|Salt Cure\n|\n|-heal|p2a: Rillaboom|58\/100|[from] Grassy Terrain\n|-heal|p1a: Garganacl|96\/100|[from] Grassy Terrain\n|-heal|p1a: Garganacl|100\/100|[from] item: Leftovers\n|-damage|p2a: Rillaboom|45\/100|[from] Salt Cure\n|upkeep\n|turn|13\n|\n|t:|1700364273\n|switch|p2a: Cinderace|Cinderace, M|66\/100\n|-damage|p2a: Cinderace|41\/100|[from] Stealth Rock\n|switch|p1a: Corviknight|Corviknight, F|82\/100\n|-ability|p1a: Corviknight|Pressure\n|\n|-heal|p2a: Cinderace|47\/100|[from] Grassy Terrain\n|upkeep\n|turn|14\n|\n|t:|1700364288\n|switch|p1a: Great Tusk|Great Tusk|100\/100\n|move|p2a: Cinderace|Electro Ball|p1a: Great Tusk\n|-start|p2a: Cinderace|typechange|Electric|[from] ability: Libero\n|-immune|p1a: Great Tusk\n|\n|-heal|p2a: Cinderace|53\/100|[from] Grassy Terrain\n|upkeep\n|turn|15\n|\n|t:|1700364302\n|move|p2a: Cinderace|Zen Headbutt|p1a: Great Tusk\n|-supereffective|p1a: Great Tusk\n|-damage|p1a: Great Tusk|76\/100\n|cant|p1a: Great Tusk|flinch\n|\n|-heal|p2a: Cinderace|59\/100|[from] Grassy Terrain\n|-heal|p1a: Great Tusk|82\/100|[from] Grassy Terrain\n|-heal|p1a: Great Tusk|88\/100|[from] item: Leftovers\n|upkeep\n|turn|16\n|\n|t:|1700364313\n|switch|p2a: Avalugg|Avalugg, M|76\/100\n|move|p1a: Great Tusk|Earthquake|p2a: Avalugg\n|-damage|p2a: Avalugg|66\/100\n|\n|-heal|p1a: Great Tusk|94\/100|[from] Grassy Terrain\n|-heal|p1a: Great Tusk|100\/100|[from] item: Leftovers\n|-heal|p2a: Avalugg|72\/100|[from] Grassy Terrain\n|-fieldend|move: Grassy Terrain\n|upkeep\n|turn|17\n|\n|t:|1700364324\n|-end|p1a: Great Tusk|Protosynthesis|[silent]\n|switch|p1a: Gholdengo|Gholdengo|100\/100\n|switch|p2a: Dragapult|Dragapult, M|100\/100\n|-damage|p2a: Dragapult|88\/100|[from] Stealth Rock\n|\n|upkeep\n|turn|18\n|\n|t:|1700364333\n|switch|p1a: Kingambit|Kingambit, F|100\/100\n|move|p2a: Dragapult|Flamethrower|p1a: Kingambit\n|-supereffective|p1a: Kingambit\n|-damage|p1a: Kingambit|34\/100\n|-status|p1a: Kingambit|brn\n|-damage|p2a: Dragapult|78\/100|[from] item: Life Orb\n|\n|-damage|p1a: Kingambit|28\/100 brn|[from] brn\n|upkeep\n|turn|19\n|\n|t:|1700364345\n|switch|p2a: Avalugg|Avalugg, M|72\/100\n|move|p1a: Kingambit|Sucker Punch||[still]\n|-fail|p1a: Kingambit\n|\n|-damage|p1a: Kingambit|22\/100 brn|[from] brn\n|upkeep\n|turn|20\n|\n|t:|1700364353\n|-end|p1a: Kingambit|fallenundefined|[silent]\n|switch|p1a: Gholdengo|Gholdengo|100\/100\n|move|p2a: Avalugg|Recover|p2a: Avalugg\n|-heal|p2a: Avalugg|100\/100\n|\n|upkeep\n|turn|21\n|c|\u2606BL153|youre doing well challenger\n|c|\u2606BL153|but well wont be well enough!\n|\n|t:|1700364370\n|switch|p2a: Rillaboom|Rillaboom, M|45\/100\n|-damage|p2a: Rillaboom|33\/100|[from] Stealth Rock\n|-fieldstart|move: Grassy Terrain|[from] ability: Grassy Surge|[of] p2a: Rillaboom\n|move|p1a: Gholdengo|Make It Rain|p2a: Rillaboom\n|-damage|p2a: Rillaboom|0 fnt\n|-unboost|p1a: Gholdengo|spa|1\n|faint|p2a: Rillaboom\n|\n|upkeep\n|\n|t:|1700364383\n|switch|p2a: Cinderace|Cinderace, M|59\/100\n|-damage|p2a: Cinderace|34\/100|[from] Stealth Rock\n|turn|22\n|\n|t:|1700364394\n|switch|p1a: Garganacl|Garganacl, F, tera:Water|100\/100\n|move|p2a: Cinderace|Zen Headbutt|p1a: Garganacl\n|-start|p2a: Cinderace|typechange|Psychic|[from] ability: Libero\n|-damage|p1a: Garganacl|81\/100\n|\n|-heal|p2a: Cinderace|40\/100|[from] Grassy Terrain\n|-heal|p1a: Garganacl|87\/100|[from] Grassy Terrain\n|-heal|p1a: Garganacl|93\/100|[from] item: Leftovers\n|upkeep\n|turn|23\n|\n|t:|1700364406\n|move|p2a: Cinderace|Electro Ball|p1a: Garganacl\n|-supereffective|p1a: Garganacl\n|-damage|p1a: Garganacl|59\/100\n|move|p1a: Garganacl|Salt Cure|p2a: Cinderace\n|-damage|p2a: Cinderace|19\/100\n|-start|p2a: Cinderace|Salt Cure\n|\n|-heal|p2a: Cinderace|25\/100|[from] Grassy Terrain\n|-heal|p1a: Garganacl|65\/100|[from] Grassy Terrain\n|-heal|p1a: Garganacl|71\/100|[from] item: Leftovers\n|-damage|p2a: Cinderace|13\/100|[from] Salt Cure\n|upkeep\n|turn|24\n|\n|t:|1700364422\n|-terastallize|p2a: Cinderace|Fighting\n|move|p1a: Garganacl|Protect|p1a: Garganacl\n|-singleturn|p1a: Garganacl|Protect\n|move|p2a: Cinderace|High Jump Kick|p1a: Garganacl\n|-activate|p1a: Garganacl|move: Protect\n|-damage|p2a: Cinderace|0 fnt|[from] highjumpkick\n|faint|p2a: Cinderace\n|\n|-heal|p1a: Garganacl|77\/100|[from] Grassy Terrain\n|-heal|p1a: Garganacl|83\/100|[from] item: Leftovers\n|upkeep\n|\n|t:|1700364433\n|switch|p2a: Charizard|Charizard, M|38\/100\n|turn|25\n|\n|t:|1700364441\n|move|p2a: Charizard|Air Slash|p1a: Garganacl\n|-damage|p1a: Garganacl|52\/100\n|move|p1a: Garganacl|Salt Cure|p2a: Charizard\n|-supereffective|p2a: Charizard\n|-damage|p2a: Charizard|0 fnt\n|faint|p2a: Charizard\n|\n|-heal|p1a: Garganacl|58\/100|[from] Grassy Terrain\n|-heal|p1a: Garganacl|65\/100|[from] item: Leftovers\n|-fieldend|move: Grassy Terrain\n|upkeep\n|\n|t:|1700364446\n|switch|p2a: Inteleon|Inteleon, M|50\/100\n|-damage|p2a: Inteleon|38\/100|[from] Stealth Rock\n|turn|26\n|c|\u2606BL153|Well challenger it appears u have me\n|\n|t:|1700364462\n|switch|p1a: Corviknight|Corviknight, F|82\/100\n|-ability|p1a: Corviknight|Pressure\n|move|p2a: Inteleon|Dark Pulse|p1a: Corviknight\n|-damage|p1a: Corviknight|55\/100\n|\n|upkeep\n|turn|27\n|\n|t:|1700364470\n|move|p2a: Inteleon|Dark Pulse|p1a: Corviknight\n|-damage|p1a: Corviknight|30\/100\n|move|p1a: Corviknight|Body Press|p2a: Inteleon\n|-damage|p2a: Inteleon|0 fnt\n|faint|p2a: Inteleon\n|\n|upkeep\n|\n|t:|1700364485\n|switch|p2a: Dragapult|Dragapult, M|78\/100\n|-damage|p2a: Dragapult|65\/100|[from] Stealth Rock\n|turn|28\n|\n|t:|1700364490\n|move|p2a: Dragapult|Shadow Ball|p1a: Corviknight\n|-damage|p1a: Corviknight|0 fnt\n|faint|p1a: Corviknight\n|-damage|p2a: Dragapult|56\/100|[from] item: Life Orb\n|\n|upkeep\n|\n|t:|1700364496\n|switch|p1a: Kingambit|Kingambit, F|22\/100 brn\n|-activate|p1a: Kingambit|ability: Supreme Overlord\n|-start|p1a: Kingambit|fallen1|[silent]\n|turn|29\n|\n|t:|1700364512\n|switch|p2a: Avalugg|Avalugg, M|100\/100\n|move|p1a: Kingambit|Iron Head|p2a: Avalugg\n|-supereffective|p2a: Avalugg\n|-damage|p2a: Avalugg|80\/100\n|\n|-damage|p1a: Kingambit|16\/100 brn|[from] brn\n|upkeep\n|turn|30\n|\n|t:|1700364523\n|-end|p1a: Kingambit|fallen1|[silent]\n|switch|p1a: Gholdengo|Gholdengo|100\/100\n|move|p2a: Avalugg|Recover|p2a: Avalugg\n|-heal|p2a: Avalugg|100\/100\n|\n|upkeep\n|turn|31\n|\n|t:|1700364534\n|move|p1a: Gholdengo|Make It Rain|p2a: Avalugg\n|-supereffective|p2a: Avalugg\n|-ability|p2a: Avalugg|Sturdy\n|-damage|p2a: Avalugg|1\/100\n|-unboost|p1a: Gholdengo|spa|1\n|move|p2a: Avalugg|Recover|p2a: Avalugg\n|-heal|p2a: Avalugg|51\/100\n|\n|upkeep\n|turn|32\n|\n|t:|1700364544\n|switch|p2a: Dragapult|Dragapult, M|56\/100\n|-damage|p2a: Dragapult|43\/100|[from] Stealth Rock\n|move|p1a: Gholdengo|Make It Rain|p2a: Dragapult\n|-damage|p2a: Dragapult|0 fnt\n|-unboost|p1a: Gholdengo|spa|1\n|faint|p2a: Dragapult\n|\n|upkeep\n|\n|t:|1700364548\n|switch|p2a: Avalugg|Avalugg, M|51\/100\n|turn|33\n|\n|t:|1700364561\n|switch|p1a: Great Tusk|Great Tusk|100\/100\n|move|p2a: Avalugg|Recover|p2a: Avalugg\n|-heal|p2a: Avalugg|100\/100\n|\n|upkeep\n|turn|34\n|\n|t:|1700364577\n|move|p1a: Great Tusk|Earthquake|p2a: Avalugg\n|-damage|p2a: Avalugg|82\/100\n|move|p2a: Avalugg|Avalanche|p1a: Great Tusk\n|-supereffective|p1a: Great Tusk\n|-damage|p1a: Great Tusk|49\/100\n|\n|-heal|p1a: Great Tusk|56\/100|[from] item: Leftovers\n|upkeep\n|turn|35\n|\n|t:|1700364587\n|-end|p1a: Great Tusk|Protosynthesis|[silent]\n|switch|p1a: Gholdengo|Gholdengo|100\/100\n|move|p2a: Avalugg|Avalanche|p1a: Gholdengo\n|-resisted|p1a: Gholdengo\n|-damage|p1a: Gholdengo|90\/100\n|\n|-heal|p1a: Gholdengo|96\/100|[from] item: Leftovers\n|upkeep\n|turn|36\n|\n|t:|1700364596\n|move|p1a: Gholdengo|Make It Rain|p2a: Avalugg\n|-supereffective|p2a: Avalugg\n|-damage|p2a: Avalugg|0 fnt\n|-unboost|p1a: Gholdengo|spa|1\n|faint|p2a: Avalugg\n|\n|win|Foxthelannister\n|raw|Foxthelannister's rating: 1431 &rarr; <strong>1449<\/strong><br \/>(+18 for winning)\n|raw|BL153's rating: 1393 &rarr; <strong>1375<\/strong><br \/>(-18 for losing)\n|c|\u2606BL153|well done challenger\n|c|\u2606BL153|gg\n|c|\u2606Foxthelannister|Gg\n|l|\u2606Foxthelannister\n|c|\u2606BL153|My champion time is over\n|c|\u2606BL153|but yours is JUST BEGINNING\n","uploadtime":1700364632,"views":17,"p1id":"foxthelannister","p2id":"bl153","formatid":"gen9ou","rating":1375,"private":0,"password":""}