{"id":"gen9ou-1998111210","p1":"Fumimico","p2":"gaillardia","format":"[Gen 9] OU","log":"|j|\u2606Fumimico\n|j|\u2606gaillardia\n|t:|1700893243\n|gametype|singles\n|player|p1|Fumimico|backersf|1544\n|player|p2|gaillardia|acerola-masters|1433\n|teamsize|p1|6\n|teamsize|p2|6\n|gen|9\n|tier|[Gen 9] OU\n|rated|\n|rule|Sleep Clause Mod: Limit one foe put to sleep\n|rule|Species Clause: Limit one of each Pok\u00e9mon\n|rule|OHKO Clause: OHKO moves are banned\n|rule|Evasion Items Clause: Evasion items are banned\n|rule|Evasion Moves Clause: Evasion moves are banned\n|rule|Endless Battle Clause: Forcing endless battles is banned\n|rule|HP Percentage Mod: HP is shown in percentages\n|clearpoke\n|poke|p1|Ninetales-Alola, M|\n|poke|p1|Frosmoth, F|\n|poke|p1|Manaphy|\n|poke|p1|Meowscarada, F|\n|poke|p1|Kingambit, F|\n|poke|p1|Talonflame, F|\n|poke|p2|Maushold|\n|poke|p2|Rillaboom, F|\n|poke|p2|Great Tusk|\n|poke|p2|Heatran, M|\n|poke|p2|Enamorus, F|\n|poke|p2|Kingambit, F|\n|teampreview\n|inactive|Battle timer is ON: inactive players will automatically lose when time's up. (requested by Fumimico)\n|\n|t:|1700893265\n|start\n|switch|p1a: Meowscarada|Meowscarada, F|100\/100\n|switch|p2a: Maushold|Maushold|100\/100\n|turn|1\n|\n|t:|1700893280\n|switch|p2a: devindian|Kingambit, F|100\/100\n|move|p1a: Meowscarada|Knock Off|p2a: devindian\n|-start|p1a: Meowscarada|typechange|Dark|[from] ability: Protean\n|-resisted|p2a: devindian\n|-damage|p2a: devindian|78\/100\n|-enditem|p2a: devindian|Leftovers|[from] move: Knock Off|[of] p1a: Meowscarada\n|\n|upkeep\n|turn|2\n|\n|t:|1700893289\n|switch|p1a: Talonflame|Talonflame, F|100\/100\n|-end|p2a: devindian|fallenundefined|[silent]\n|switch|p2a: Heatran|Heatran, M|100\/100\n|\n|upkeep\n|turn|3\n|\n|t:|1700893294\n|switch|p1a: Manaphy|Manaphy|100\/100\n|move|p2a: Heatran|Taunt|p1a: Manaphy\n|-start|p1a: Manaphy|move: Taunt\n|\n|upkeep\n|turn|4\n|\n|t:|1700893303\n|switch|p2a: Rillaboom|Rillaboom, F|100\/100\n|-fieldstart|move: Grassy Terrain|[from] ability: Grassy Surge|[of] p2a: Rillaboom\n|move|p1a: Manaphy|Surf|p2a: Rillaboom\n|-resisted|p2a: Rillaboom\n|-damage|p2a: Rillaboom|81\/100\n|\n|-heal|p2a: Rillaboom|87\/100|[from] Grassy Terrain\n|upkeep\n|turn|5\n|\n|t:|1700893308\n|switch|p1a: Talonflame|Talonflame, F|100\/100\n|switch|p2a: Heatran|Heatran, M|100\/100\n|\n|upkeep\n|turn|6\n|\n|t:|1700893315\n|move|p1a: Talonflame|Taunt|p2a: Heatran\n|-start|p2a: Heatran|move: Taunt\n|cant|p2a: Heatran|move: Taunt|Stealth Rock\n|\n|upkeep\n|turn|7\n|\n|t:|1700893319\n|switch|p1a: Manaphy|Manaphy|100\/100\n|move|p2a: Heatran|Magma Storm|p1a: Manaphy|[miss]\n|-miss|p2a: Heatran|p1a: Manaphy\n|\n|upkeep\n|turn|8\n|\n|t:|1700893328\n|move|p1a: Manaphy|Tail Glow|p1a: Manaphy\n|-boost|p1a: Manaphy|spa|3\n|move|p2a: Heatran|Magma Storm|p1a: Manaphy\n|-resisted|p1a: Manaphy\n|-damage|p1a: Manaphy|83\/100\n|-activate|p1a: Manaphy|move: Magma Storm|[of] p2a: Heatran\n|\n|-heal|p1a: Manaphy|89\/100|[from] Grassy Terrain\n|-heal|p1a: Manaphy|96\/100|[from] item: Leftovers\n|-damage|p1a: Manaphy|83\/100|[from] move: Magma Storm|[partiallytrapped]\n|-end|p2a: Heatran|move: Taunt\n|-fieldend|move: Grassy Terrain\n|upkeep\n|turn|9\n|\n|t:|1700893333\n|switch|p2a: devindian|Kingambit, F|78\/100\n|move|p1a: Manaphy|Surf|p2a: devindian\n|-damage|p2a: devindian|0 fnt\n|faint|p2a: devindian\n|-end|p2a: devindian|fallenundefined|[silent]\n|\n|-heal|p1a: Manaphy|89\/100|[from] item: Leftovers\n|-end|p1a: Manaphy|Magma Storm|[partiallytrapped]|[silent]\n|upkeep\n|\n|t:|1700893335\n|switch|p2a: Rillaboom|Rillaboom, F|87\/100\n|-fieldstart|move: Grassy Terrain|[from] ability: Grassy Surge|[of] p2a: Rillaboom\n|turn|10\n|\n|t:|1700893345\n|-terastallize|p1a: Manaphy|Steel\n|move|p1a: Manaphy|Ice Beam|p2a: Rillaboom\n|-supereffective|p2a: Rillaboom\n|-damage|p2a: Rillaboom|0 fnt\n|faint|p2a: Rillaboom\n|\n|-heal|p1a: Manaphy|96\/100|[from] Grassy Terrain\n|-heal|p1a: Manaphy|100\/100|[from] item: Leftovers\n|upkeep\n|\n|t:|1700893351\n|switch|p2a: Enamorus|Enamorus, F|100\/100\n|turn|11\n|\n|t:|1700893356\n|-terastallize|p2a: Enamorus|Fairy\n|move|p2a: Enamorus|Earth Power|p1a: Manaphy\n|-supereffective|p1a: Manaphy\n|-damage|p1a: Manaphy|49\/100\n|move|p1a: Manaphy|Surf|p2a: Enamorus\n|-damage|p2a: Enamorus|0 fnt\n|faint|p2a: Enamorus\n|\n|-heal|p1a: Manaphy|55\/100|[from] Grassy Terrain\n|-heal|p1a: Manaphy|61\/100|[from] item: Leftovers\n|upkeep\n|\n|t:|1700893362\n|switch|p2a: Maushold|Maushold|100\/100\n|turn|12\n|\n|t:|1700893366\n|move|p2a: Maushold|Population Bomb|p1a: Manaphy\n|-resisted|p1a: Manaphy\n|-damage|p1a: Manaphy|56\/100\n|-resisted|p1a: Manaphy\n|-damage|p1a: Manaphy|52\/100\n|-resisted|p1a: Manaphy\n|-damage|p1a: Manaphy|47\/100\n|-resisted|p1a: Manaphy\n|-damage|p1a: Manaphy|43\/100\n|-resisted|p1a: Manaphy\n|-crit|p1a: Manaphy\n|-damage|p1a: Manaphy|35\/100\n|-resisted|p1a: Manaphy\n|-damage|p1a: Manaphy|31\/100\n|-resisted|p1a: Manaphy\n|-damage|p1a: Manaphy|26\/100\n|-resisted|p1a: Manaphy\n|-damage|p1a: Manaphy|22\/100\n|-resisted|p1a: Manaphy\n|-damage|p1a: Manaphy|17\/100\n|-resisted|p1a: Manaphy\n|-damage|p1a: Manaphy|13\/100\n|-hitcount|p1a: Manaphy|10\n|move|p1a: Manaphy|Surf|p2a: Maushold\n|-damage|p2a: Maushold|0 fnt\n|faint|p2a: Maushold\n|\n|-heal|p1a: Manaphy|19\/100|[from] Grassy Terrain\n|-heal|p1a: Manaphy|25\/100|[from] item: Leftovers\n|upkeep\n|\n|t:|1700893370\n|switch|p2a: Great Tusk|Great Tusk|100\/100\n|turn|13\n|\n|t:|1700893373\n|move|p1a: Manaphy|Surf|p2a: Great Tusk\n|-supereffective|p2a: Great Tusk\n|-damage|p2a: Great Tusk|0 fnt\n|faint|p2a: Great Tusk\n|-end|p2a: Great Tusk|Protosynthesis|[silent]\n|\n|-heal|p1a: Manaphy|31\/100|[from] Grassy Terrain\n|-heal|p1a: Manaphy|38\/100|[from] item: Leftovers\n|upkeep\n|-message|gaillardia forfeited.\n|\n|win|Fumimico\n|raw|Fumimico's rating: 1544 &rarr; <strong>1558<\/strong><br \/>(+14 for winning)\n|raw|gaillardia's rating: 1433 &rarr; <strong>1419<\/strong><br \/>(-14 for losing)\n|l|\u2606gaillardia\n","uploadtime":1700893388,"views":11,"p1id":"fumimico","p2id":"gaillardia","formatid":"gen9ou","rating":1419,"private":0,"password":""}