{"id":"gen9ou-1994492513","p1":"thebakerzdozen","p2":"DoubleWarp","format":"[Gen 9] OU","log":"|j|\u2606thebakerzdozen\n|j|\u2606DoubleWarp\n|t:|1700450291\n|gametype|singles\n|player|p1|thebakerzdozen|firebreather|1499\n|player|p2|DoubleWarp|169|1548\n|teamsize|p1|6\n|teamsize|p2|6\n|gen|9\n|tier|[Gen 9] OU\n|rated|\n|rule|Sleep Clause Mod: Limit one foe put to sleep\n|rule|Species Clause: Limit one of each Pok\u00e9mon\n|rule|OHKO Clause: OHKO moves are banned\n|rule|Evasion Items Clause: Evasion items are banned\n|rule|Evasion Moves Clause: Evasion moves are banned\n|rule|Endless Battle Clause: Forcing endless battles is banned\n|rule|HP Percentage Mod: HP is shown in percentages\n|clearpoke\n|poke|p1|Kingambit, M|\n|poke|p1|Glimmora, M|\n|poke|p1|Zamazenta-*|\n|poke|p1|Iron Valiant|\n|poke|p1|Iron Moth|\n|poke|p1|Ogerpon-Wellspring, F|\n|poke|p2|Torkoal, F|\n|poke|p2|Walking Wake|\n|poke|p2|Meowscarada, M|\n|poke|p2|Corviknight, M|\n|poke|p2|Clodsire, M|\n|poke|p2|Zamazenta-*|\n|teampreview\n|inactive|Battle timer is ON: inactive players will automatically lose when time's up. (requested by thebakerzdozen)\n|\n|t:|1700450313\n|start\n|switch|p1a: Glimmora|Glimmora, M|100\/100\n|switch|p2a: Kelley|Clodsire, M|100\/100\n|turn|1\n|\n|t:|1700450327\n|move|p1a: Glimmora|Stealth Rock|p2a: Kelley\n|-sidestart|p2: DoubleWarp|move: Stealth Rock\n|move|p2a: Kelley|Earthquake|p1a: Glimmora\n|-supereffective|p1a: Glimmora\n|-enditem|p1a: Glimmora|Focus Sash\n|-damage|p1a: Glimmora|1\/100\n|-activate|p1a: Glimmora|ability: Toxic Debris\n|-sidestart|p2: DoubleWarp|move: Toxic Spikes\n|\n|upkeep\n|turn|2\n|\n|t:|1700450333\n|move|p1a: Glimmora|Earth Power|p2a: Kelley\n|-supereffective|p2a: Kelley\n|-damage|p2a: Kelley|66\/100\n|move|p2a: Kelley|Earthquake|p1a: Glimmora\n|-supereffective|p1a: Glimmora\n|-damage|p1a: Glimmora|0 fnt\n|-activate|p1a: Glimmora|ability: Toxic Debris\n|-sidestart|p2: DoubleWarp|move: Toxic Spikes\n|faint|p1a: Glimmora\n|\n|-heal|p2a: Kelley|72\/100|[from] item: Leftovers\n|upkeep\n|\n|t:|1700450348\n|switch|p1a: Iron Valiant|Iron Valiant|100\/100\n|-enditem|p1a: Iron Valiant|Booster Energy\n|-activate|p1a: Iron Valiant|ability: Quark Drive|[fromitem]\n|-start|p1a: Iron Valiant|quarkdrivespe\n|turn|3\n|\n|t:|1700450355\n|switch|p2a: Spencer|Corviknight, M|100\/100\n|-damage|p2a: Spencer|88\/100|[from] Stealth Rock\n|-ability|p2a: Spencer|Pressure\n|move|p1a: Iron Valiant|Psyshock|p2a: Spencer\n|-resisted|p2a: Spencer\n|-damage|p2a: Spencer|80\/100\n|\n|upkeep\n|turn|4\n|\n|t:|1700450362\n|move|p1a: Iron Valiant|Hypnosis|p2a: Spencer\n|-status|p2a: Spencer|slp|[from] move: Hypnosis\n|cant|p2a: Spencer|slp\n|\n|upkeep\n|turn|5\n|\n|t:|1700450368\n|-end|p1a: Iron Valiant|Quark Drive|[silent]\n|switch|p1a: Iron Moth|Iron Moth|100\/100\n|-enditem|p1a: Iron Moth|Booster Energy\n|-activate|p1a: Iron Moth|ability: Quark Drive|[fromitem]\n|-start|p1a: Iron Moth|quarkdrivespe\n|cant|p2a: Spencer|slp\n|\n|upkeep\n|turn|6\n|\n|t:|1700450373\n|switch|p2a: Kelley|Clodsire, M|72\/100\n|-damage|p2a: Kelley|66\/100|[from] Stealth Rock\n|-sideend|p2: DoubleWarp|move: Toxic Spikes|[of] p2a: Kelley\n|move|p1a: Iron Moth|Fiery Dance|p2a: Kelley\n|-damage|p2a: Kelley|43\/100\n|\n|-heal|p2a: Kelley|49\/100|[from] item: Leftovers\n|upkeep\n|turn|7\n|\n|t:|1700450391\n|-end|p1a: Iron Moth|Quark Drive|[silent]\n|switch|p1a: Zamazenta|Zamazenta, shiny|100\/100\n|-ability|p1a: Zamazenta|Dauntless Shield|boost\n|-boost|p1a: Zamazenta|def|1\n|move|p2a: Kelley|Recover|p2a: Kelley\n|-heal|p2a: Kelley|99\/100\n|\n|-heal|p2a: Kelley|100\/100|[from] item: Leftovers\n|upkeep\n|turn|8\n|\n|t:|1700450402\n|switch|p2a: Lucas|Zamazenta|100\/100\n|-damage|p2a: Lucas|94\/100|[from] Stealth Rock\n|-ability|p2a: Lucas|Dauntless Shield|boost\n|-boost|p2a: Lucas|def|1\n|move|p1a: Zamazenta|Crunch|p2a: Lucas\n|-resisted|p2a: Lucas\n|-damage|p2a: Lucas|88\/100\n|\n|-heal|p2a: Lucas|94\/100|[from] item: Leftovers\n|upkeep\n|turn|9\n|\n|t:|1700450409\n|move|p2a: Lucas|Iron Defense|p2a: Lucas\n|-boost|p2a: Lucas|def|2\n|move|p1a: Zamazenta|Iron Defense|p1a: Zamazenta\n|-boost|p1a: Zamazenta|def|2\n|\n|-heal|p2a: Lucas|99\/100|[from] item: Leftovers\n|upkeep\n|turn|10\n|\n|t:|1700450413\n|move|p2a: Lucas|Iron Defense|p2a: Lucas\n|-boost|p2a: Lucas|def|2\n|move|p1a: Zamazenta|Iron Defense|p1a: Zamazenta\n|-boost|p1a: Zamazenta|def|2\n|\n|-heal|p2a: Lucas|100\/100|[from] item: Leftovers\n|upkeep\n|turn|11\n|\n|t:|1700450415\n|move|p2a: Lucas|Iron Defense|p2a: Lucas\n|-boost|p2a: Lucas|def|1\n|move|p1a: Zamazenta|Iron Defense|p1a: Zamazenta\n|-boost|p1a: Zamazenta|def|1\n|\n|upkeep\n|turn|12\n|\n|t:|1700450422\n|move|p2a: Lucas|Body Press|p1a: Zamazenta\n|-damage|p1a: Zamazenta|73\/100\n|move|p1a: Zamazenta|Stone Edge|p2a: Lucas\n|-resisted|p2a: Lucas\n|-damage|p2a: Lucas|97\/100\n|\n|-heal|p2a: Lucas|100\/100|[from] item: Leftovers\n|-heal|p1a: Zamazenta|80\/100|[from] item: Leftovers\n|upkeep\n|turn|13\n|\n|t:|1700450427\n|move|p2a: Lucas|Body Press|p1a: Zamazenta\n|-damage|p1a: Zamazenta|52\/100\n|move|p1a: Zamazenta|Body Press|p2a: Lucas\n|-damage|p2a: Lucas|76\/100\n|\n|-heal|p2a: Lucas|82\/100|[from] item: Leftovers\n|-heal|p1a: Zamazenta|58\/100|[from] item: Leftovers\n|upkeep\n|turn|14\n|\n|t:|1700450432\n|move|p2a: Lucas|Body Press|p1a: Zamazenta\n|-damage|p1a: Zamazenta|29\/100\n|move|p1a: Zamazenta|Body Press|p2a: Lucas\n|-damage|p2a: Lucas|58\/100\n|\n|-heal|p2a: Lucas|64\/100|[from] item: Leftovers\n|-heal|p1a: Zamazenta|35\/100|[from] item: Leftovers\n|upkeep\n|turn|15\n|\n|t:|1700450439\n|move|p2a: Lucas|Body Press|p1a: Zamazenta\n|-damage|p1a: Zamazenta|6\/100\n|move|p1a: Zamazenta|Body Press|p2a: Lucas\n|-damage|p2a: Lucas|39\/100\n|\n|-heal|p2a: Lucas|45\/100|[from] item: Leftovers\n|-heal|p1a: Zamazenta|12\/100|[from] item: Leftovers\n|upkeep\n|turn|16\n|\n|t:|1700450444\n|move|p2a: Lucas|Body Press|p1a: Zamazenta\n|-damage|p1a: Zamazenta|0 fnt\n|faint|p1a: Zamazenta\n|\n|-heal|p2a: Lucas|51\/100|[from] item: Leftovers\n|upkeep\n|\n|t:|1700450446\n|switch|p1a: Iron Valiant|Iron Valiant|100\/100\n|turn|17\n|\n|t:|1700450458\n|switch|p2a: Spencer|Corviknight, M|80\/100 slp\n|-damage|p2a: Spencer|68\/100 slp|[from] Stealth Rock\n|-ability|p2a: Spencer|Pressure\n|move|p1a: Iron Valiant|Moonblast|p2a: Spencer\n|-resisted|p2a: Spencer\n|-damage|p2a: Spencer|47\/100 slp\n|\n|upkeep\n|turn|18\n|\n|t:|1700450471\n|-end|p1a: Iron Valiant|Quark Drive|[silent]\n|switch|p1a: Iron Moth|Iron Moth|100\/100\n|-curestatus|p2a: Spencer|slp|[msg]\n|move|p2a: Spencer|Roost|p2a: Spencer\n|-heal|p2a: Spencer|97\/100\n|-singleturn|p2a: Spencer|move: Roost\n|\n|upkeep\n|turn|19\n|\n|t:|1700450478\n|switch|p2a: Kelley|Clodsire, M|100\/100\n|-damage|p2a: Kelley|94\/100|[from] Stealth Rock\n|move|p1a: Iron Moth|Fiery Dance|p2a: Kelley\n|-damage|p2a: Kelley|74\/100\n|\n|-heal|p2a: Kelley|80\/100|[from] item: Leftovers\n|upkeep\n|turn|20\n|\n|t:|1700450484\n|-end|p1a: Iron Moth|Quark Drive|[silent]\n|switch|p1a: Ogerpon|Ogerpon-Wellspring, F|100\/100\n|move|p2a: Kelley|Earthquake|p1a: Ogerpon\n|-resisted|p1a: Ogerpon\n|-damage|p1a: Ogerpon|83\/100\n|\n|-heal|p2a: Kelley|86\/100|[from] item: Leftovers\n|upkeep\n|turn|21\n|\n|t:|1700450497\n|move|p1a: Ogerpon|Knock Off|p2a: Kelley\n|-damage|p2a: Kelley|47\/100\n|-enditem|p2a: Kelley|Leftovers|[from] move: Knock Off|[of] p1a: Ogerpon\n|move|p2a: Kelley|Toxic|p1a: Ogerpon\n|-status|p1a: Ogerpon|tox\n|\n|-damage|p1a: Ogerpon|77\/100 tox|[from] psn\n|upkeep\n|turn|22\n|\n|t:|1700450504\n|switch|p2a: Spencer|Corviknight, M|97\/100\n|-damage|p2a: Spencer|85\/100|[from] Stealth Rock\n|-ability|p2a: Spencer|Pressure\n|move|p1a: Ogerpon|Ivy Cudgel|p2a: Spencer|[anim] Ivy Cudgel Water\n|-damage|p2a: Spencer|52\/100\n|\n|-damage|p1a: Ogerpon|65\/100 tox|[from] psn\n|upkeep\n|turn|23\n|\n|t:|1700450512\n|move|p1a: Ogerpon|Knock Off|p2a: Spencer\n|-damage|p2a: Spencer|28\/100\n|-damage|p1a: Ogerpon|48\/100 tox|[from] item: Rocky Helmet|[of] p2a: Spencer\n|-enditem|p2a: Spencer|Rocky Helmet|[from] move: Knock Off|[of] p1a: Ogerpon\n|move|p2a: Spencer|Defog|p1a: Ogerpon\n|-unboost|p1a: Ogerpon|evasion|1\n|-sideend|p2: DoubleWarp|Stealth Rock|[from] move: Defog|[of] p2a: Spencer\n|\n|-damage|p1a: Ogerpon|30\/100 tox|[from] psn\n|upkeep\n|turn|24\n|\n|t:|1700450517\n|move|p1a: Ogerpon|Ivy Cudgel|p2a: Spencer|[anim] Ivy Cudgel Water\n|-damage|p2a: Spencer|0 fnt\n|faint|p2a: Spencer\n|\n|-damage|p1a: Ogerpon|6\/100 tox|[from] psn\n|upkeep\n|\n|t:|1700450526\n|switch|p2a: Lucas|Zamazenta|51\/100\n|turn|25\n|\n|t:|1700450534\n|move|p2a: Lucas|Body Press|p1a: Ogerpon\n|-damage|p1a: Ogerpon|0 fnt\n|faint|p1a: Ogerpon\n|\n|-heal|p2a: Lucas|57\/100|[from] item: Leftovers\n|upkeep\n|\n|t:|1700450539\n|switch|p1a: Iron Valiant|Iron Valiant|100\/100\n|turn|26\n|\n|t:|1700450544\n|switch|p2a: Will|Torkoal, F|100\/100\n|-weather|SunnyDay|[from] ability: Drought|[of] p2a: Will\n|move|p1a: Iron Valiant|Moonblast|p2a: Will\n|-resisted|p2a: Will\n|-damage|p2a: Will|72\/100\n|\n|-weather|SunnyDay|[upkeep]\n|upkeep\n|turn|27\n|\n|t:|1700450550\n|move|p1a: Iron Valiant|Calm Mind|p1a: Iron Valiant\n|-boost|p1a: Iron Valiant|spa|1\n|-boost|p1a: Iron Valiant|spd|1\n|move|p2a: Will|Stealth Rock|p1a: Iron Valiant\n|-sidestart|p1: thebakerzdozen|move: Stealth Rock\n|\n|-weather|SunnyDay|[upkeep]\n|upkeep\n|turn|28\n|\n|t:|1700450554\n|move|p1a: Iron Valiant|Calm Mind|p1a: Iron Valiant\n|-boost|p1a: Iron Valiant|spa|1\n|-boost|p1a: Iron Valiant|spd|1\n|move|p2a: Will|Yawn|p1a: Iron Valiant\n|-start|p1a: Iron Valiant|move: Yawn|[of] p2a: Will\n|\n|-weather|SunnyDay|[upkeep]\n|upkeep\n|turn|29\n|\n|t:|1700450566\n|switch|p2a: Kelley|Clodsire, M|47\/100\n|move|p1a: Iron Valiant|Psyshock|p2a: Kelley\n|-supereffective|p2a: Kelley\n|-damage|p2a: Kelley|0 fnt\n|faint|p2a: Kelley\n|\n|-weather|SunnyDay|[upkeep]\n|-end|p1a: Iron Valiant|move: Yawn|[silent]\n|-status|p1a: Iron Valiant|slp\n|upkeep\n|\n|t:|1700450572\n|switch|p2a: Alan|Walking Wake|100\/100\n|-activate|p2a: Alan|ability: Protosynthesis\n|-start|p2a: Alan|protosynthesisspa\n|turn|30\n|\n|t:|1700450577\n|cant|p1a: Iron Valiant|slp\n|move|p2a: Alan|Hydro Steam|p1a: Iron Valiant\n|-damage|p1a: Iron Valiant|0 fnt\n|faint|p1a: Iron Valiant\n|-end|p1a: Iron Valiant|Quark Drive|[silent]\n|\n|-weather|SunnyDay|[upkeep]\n|upkeep\n|\n|t:|1700450596\n|switch|p1a: Kingambit|Kingambit, M|100\/100\n|-damage|p1a: Kingambit|94\/100|[from] Stealth Rock\n|-activate|p1a: Kingambit|ability: Supreme Overlord\n|-start|p1a: Kingambit|fallen4|[silent]\n|turn|31\n|\n|t:|1700450602\n|move|p1a: Kingambit|Sucker Punch|p2a: Alan\n|-damage|p2a: Alan|31\/100\n|move|p2a: Alan|Hydro Steam|p1a: Kingambit\n|-damage|p1a: Kingambit|0 fnt\n|faint|p1a: Kingambit\n|-end|p1a: Kingambit|fallen4|[silent]\n|\n|-weather|SunnyDay|[upkeep]\n|upkeep\n|\n|t:|1700450605\n|switch|p1a: Iron Moth|Iron Moth|100\/100\n|-damage|p1a: Iron Moth|76\/100|[from] Stealth Rock\n|turn|32\n|\n|t:|1700450612\n|move|p1a: Iron Moth|Sludge Wave|p2a: Alan\n|-damage|p2a: Alan|0 fnt\n|faint|p2a: Alan\n|-end|p2a: Alan|Protosynthesis|[silent]\n|\n|-weather|SunnyDay|[upkeep]\n|upkeep\n|\n|t:|1700450620\n|switch|p2a: Lucas|Zamazenta|57\/100\n|turn|33\n|\n|t:|1700450627\n|move|p2a: Lucas|Crunch|p1a: Iron Moth\n|-damage|p1a: Iron Moth|44\/100\n|move|p1a: Iron Moth|Fiery Dance|p2a: Lucas\n|-damage|p2a: Lucas|8\/100\n|-boost|p1a: Iron Moth|spa|1\n|\n|-weather|none\n|-heal|p2a: Lucas|14\/100|[from] item: Leftovers\n|upkeep\n|turn|34\n|\n|t:|1700450633\n|move|p2a: Lucas|Crunch|p1a: Iron Moth\n|-damage|p1a: Iron Moth|15\/100\n|move|p1a: Iron Moth|Fiery Dance|p2a: Lucas\n|-damage|p2a: Lucas|0 fnt\n|-boost|p1a: Iron Moth|spa|1\n|faint|p2a: Lucas\n|\n|upkeep\n|\n|t:|1700450639\n|switch|p2a: Thomas|Meowscarada, M|100\/100\n|turn|35\n|\n|t:|1700450646\n|move|p2a: Thomas|Knock Off|p1a: Iron Moth\n|-start|p2a: Thomas|typechange|Dark|[from] ability: Protean\n|-damage|p1a: Iron Moth|0 fnt\n|faint|p1a: Iron Moth\n|-end|p1a: Iron Moth|Quark Drive|[silent]\n|\n|win|DoubleWarp\n|raw|thebakerzdozen's rating: 1499 &rarr; <strong>1482<\/strong><br \/>(-17 for losing)\n|raw|DoubleWarp's rating: 1548 &rarr; <strong>1565<\/strong><br \/>(+17 for winning)\n|l|\u2606thebakerzdozen\n","uploadtime":1700450660,"views":48,"p1id":"thebakerzdozen","p2id":"doublewarp","formatid":"gen9ou","rating":1482,"private":0,"password":""}