{"id":"gen9ou-1988265803","p1":"Anonxx01","p2":"FieldOfFlowers","format":"[Gen 9] OU","log":"|j|\u2606Anonxx01\n|j|\u2606FieldOfFlowers\n|t:|1699697807\n|gametype|singles\n|player|p1|Anonxx01|bruno-gen1|1657\n|player|p2|FieldOfFlowers|sailor|1758\n|teamsize|p1|6\n|teamsize|p2|6\n|gen|9\n|tier|[Gen 9] OU\n|rated|\n|rule|Sleep Clause Mod: Limit one foe put to sleep\n|rule|Species Clause: Limit one of each Pok\u00e9mon\n|rule|OHKO Clause: OHKO moves are banned\n|rule|Evasion Items Clause: Evasion items are banned\n|rule|Evasion Moves Clause: Evasion moves are banned\n|rule|Endless Battle Clause: Forcing endless battles is banned\n|rule|HP Percentage Mod: HP is shown in percentages\n|clearpoke\n|poke|p1|Brambleghast, M|\n|poke|p1|Ting-Lu|\n|poke|p1|Crawdaunt, M|\n|poke|p1|Scizor, F|\n|poke|p1|Ninetales-Alola, F|\n|poke|p1|Enamorus, F|\n|poke|p2|Ribombee, F|\n|poke|p2|Ninetales-Alola, F|\n|poke|p2|Great Tusk|\n|poke|p2|Zamazenta-*|\n|poke|p2|Maushold|\n|poke|p2|Ceruledge, M|\n|teampreview\n|inactive|Battle timer is ON: inactive players will automatically lose when time's up. (requested by Anonxx01)\n|\n|t:|1699697832\n|start\n|switch|p1a: Brambleghast|Brambleghast, M|100\/100\n|switch|p2a: Maushold|Maushold|100\/100\n|turn|1\n|\n|t:|1699697846\n|move|p2a: Maushold|Bite|p1a: Brambleghast\n|-supereffective|p1a: Brambleghast\n|-damage|p1a: Brambleghast|26\/100\n|cant|p1a: Brambleghast|flinch\n|\n|upkeep\n|turn|2\n|\n|t:|1699697864\n|move|p2a: Maushold|Bite|p1a: Brambleghast\n|-supereffective|p1a: Brambleghast\n|-damage|p1a: Brambleghast|0 fnt\n|faint|p1a: Brambleghast\n|\n|upkeep\n|\n|t:|1699697869\n|switch|p1a: Ting-Lu|Ting-Lu|100\/100\n|-ability|p1a: Ting-Lu|Vessel of Ruin\n|turn|3\n|\n|t:|1699697874\n|move|p2a: Maushold|Population Bomb|p1a: Ting-Lu\n|-damage|p1a: Ting-Lu|94\/100\n|-damage|p1a: Ting-Lu|88\/100\n|-damage|p1a: Ting-Lu|83\/100\n|-damage|p1a: Ting-Lu|77\/100\n|-damage|p1a: Ting-Lu|71\/100\n|-crit|p1a: Ting-Lu\n|-damage|p1a: Ting-Lu|62\/100\n|-damage|p1a: Ting-Lu|57\/100\n|-damage|p1a: Ting-Lu|50\/100\n|-damage|p1a: Ting-Lu|44\/100\n|-crit|p1a: Ting-Lu\n|-damage|p1a: Ting-Lu|35\/100\n|-hitcount|p1a: Ting-Lu|10\n|move|p1a: Ting-Lu|Earthquake|p2a: Maushold\n|-damage|p2a: Maushold|37\/100\n|\n|-heal|p1a: Ting-Lu|42\/100|[from] item: Leftovers\n|upkeep\n|turn|4\n|\n|t:|1699697881\n|switch|p1a: Scizor|Scizor, F|100\/100\n|move|p2a: Maushold|Population Bomb|p1a: Scizor\n|-resisted|p1a: Scizor\n|-damage|p1a: Scizor|95\/100\n|-resisted|p1a: Scizor\n|-damage|p1a: Scizor|89\/100\n|-resisted|p1a: Scizor\n|-damage|p1a: Scizor|84\/100\n|-resisted|p1a: Scizor\n|-damage|p1a: Scizor|78\/100\n|-resisted|p1a: Scizor\n|-damage|p1a: Scizor|73\/100\n|-resisted|p1a: Scizor\n|-damage|p1a: Scizor|66\/100\n|-resisted|p1a: Scizor\n|-damage|p1a: Scizor|61\/100\n|-resisted|p1a: Scizor\n|-damage|p1a: Scizor|56\/100\n|-resisted|p1a: Scizor\n|-damage|p1a: Scizor|49\/100\n|-resisted|p1a: Scizor\n|-damage|p1a: Scizor|43\/100\n|-hitcount|p1a: Scizor|10\n|\n|upkeep\n|turn|5\n|\n|t:|1699697887\n|switch|p2a: Great Tusk|Great Tusk|100\/100\n|-enditem|p2a: Great Tusk|Booster Energy\n|-activate|p2a: Great Tusk|ability: Protosynthesis|[fromitem]\n|-start|p2a: Great Tusk|protosynthesisatk\n|move|p1a: Scizor|Bullet Punch|p2a: Great Tusk\n|-damage|p2a: Great Tusk|70\/100\n|-damage|p1a: Scizor|34\/100|[from] item: Life Orb\n|\n|upkeep\n|turn|6\n|\n|t:|1699697908\n|switch|p1a: Ninetales|Ninetales-Alola, F, shiny|100\/100\n|-weather|Snow|[from] ability: Snow Warning|[of] p1a: Ninetales\n|move|p2a: Great Tusk|Stealth Rock|p1a: Ninetales\n|-sidestart|p1: Anonxx01|move: Stealth Rock\n|\n|-weather|Snow|[upkeep]\n|upkeep\n|turn|7\n|\n|t:|1699697929\n|-end|p2a: Great Tusk|Protosynthesis|[silent]\n|switch|p2a: Ninetales|Ninetales-Alola, F|100\/100\n|move|p1a: Ninetales|Aurora Veil|p1a: Ninetales\n|-sidestart|p1: Anonxx01|move: Aurora Veil\n|\n|-weather|Snow|[upkeep]\n|upkeep\n|turn|8\n|\n|t:|1699697935\n|switch|p1a: Ting-Lu|Ting-Lu|42\/100\n|-damage|p1a: Ting-Lu|35\/100|[from] Stealth Rock\n|-ability|p1a: Ting-Lu|Vessel of Ruin\n|move|p2a: Ninetales|Aurora Veil|p2a: Ninetales\n|-sidestart|p2: FieldOfFlowers|move: Aurora Veil\n|\n|-weather|Snow|[upkeep]\n|-heal|p1a: Ting-Lu|42\/100|[from] item: Leftovers\n|upkeep\n|turn|9\n|\n|t:|1699697950\n|switch|p2a: Maushold|Maushold|37\/100\n|move|p1a: Ting-Lu|Stealth Rock|p2a: Maushold\n|-sidestart|p2: FieldOfFlowers|move: Stealth Rock\n|\n|-weather|Snow|[upkeep]\n|-heal|p1a: Ting-Lu|48\/100|[from] item: Leftovers\n|upkeep\n|turn|10\n|\n|t:|1699697957\n|switch|p1a: Scizor|Scizor, F|34\/100\n|-damage|p1a: Scizor|21\/100|[from] Stealth Rock\n|move|p2a: Maushold|Population Bomb|p1a: Scizor\n|-resisted|p1a: Scizor\n|-damage|p1a: Scizor|19\/100\n|-resisted|p1a: Scizor\n|-damage|p1a: Scizor|16\/100\n|-resisted|p1a: Scizor\n|-damage|p1a: Scizor|13\/100\n|-resisted|p1a: Scizor\n|-damage|p1a: Scizor|11\/100\n|-resisted|p1a: Scizor\n|-damage|p1a: Scizor|8\/100\n|-resisted|p1a: Scizor\n|-damage|p1a: Scizor|5\/100\n|-resisted|p1a: Scizor\n|-damage|p1a: Scizor|3\/100\n|-resisted|p1a: Scizor\n|-damage|p1a: Scizor|0 fnt\n|faint|p1a: Scizor\n|-hitcount|p1: Scizor|8\n|\n|-weather|none\n|upkeep\n|\n|t:|1699697980\n|switch|p1a: Ninetales|Ninetales-Alola, F, shiny|100\/100\n|-damage|p1a: Ninetales|76\/100|[from] Stealth Rock\n|-weather|Snow|[from] ability: Snow Warning|[of] p1a: Ninetales\n|turn|11\n|\n|t:|1699697986\n|move|p2a: Maushold|Population Bomb|p1a: Ninetales\n|-damage|p1a: Ninetales|71\/100\n|-damage|p1a: Ninetales|67\/100\n|-damage|p1a: Ninetales|62\/100\n|-damage|p1a: Ninetales|58\/100\n|-damage|p1a: Ninetales|53\/100\n|-damage|p1a: Ninetales|48\/100\n|-damage|p1a: Ninetales|43\/100\n|-damage|p1a: Ninetales|39\/100\n|-damage|p1a: Ninetales|34\/100\n|-damage|p1a: Ninetales|30\/100\n|-hitcount|p1a: Ninetales|10\n|move|p1a: Ninetales|Moonblast|p2a: Maushold\n|-damage|p2a: Maushold|17\/100\n|\n|-weather|Snow|[upkeep]\n|upkeep\n|turn|12\n|\n|t:|1699697993\n|move|p2a: Maushold|Population Bomb|p1a: Ninetales\n|-damage|p1a: Ninetales|25\/100\n|-damage|p1a: Ninetales|20\/100\n|-damage|p1a: Ninetales|16\/100\n|-damage|p1a: Ninetales|11\/100\n|-damage|p1a: Ninetales|6\/100\n|-damage|p1a: Ninetales|1\/100\n|-damage|p1a: Ninetales|0 fnt\n|faint|p1a: Ninetales\n|-hitcount|p1: Ninetales|7\n|\n|-weather|Snow|[upkeep]\n|upkeep\n|\n|t:|1699697998\n|switch|p1a: Enamorus|Enamorus, F|100\/100\n|-damage|p1a: Enamorus|76\/100|[from] Stealth Rock\n|turn|13\n|\n|t:|1699698001\n|-terastallize|p1a: Enamorus|Fairy\n|move|p1a: Enamorus|Moonblast|p2a: Maushold\n|-damage|p2a: Maushold|0 fnt\n|faint|p2a: Maushold\n|\n|-weather|Snow|[upkeep]\n|upkeep\n|j| guihg\n|j| Twisting Aya\n|\n|t:|1699698015\n|switch|p2a: Ceruledge|Ceruledge, M|100\/100\n|-damage|p2a: Ceruledge|76\/100|[from] Stealth Rock\n|turn|14\n|\n|t:|1699698029\n|switch|p1a: Crawdaunt|Crawdaunt, M|100\/100\n|-damage|p1a: Crawdaunt|88\/100|[from] Stealth Rock\n|move|p2a: Ceruledge|Bitter Blade|p1a: Crawdaunt\n|-resisted|p1a: Crawdaunt\n|-damage|p1a: Crawdaunt|75\/100\n|-heal|p2a: Ceruledge|83\/100|[from] drain|[of] p1a: Crawdaunt\n|\n|-weather|Snow|[upkeep]\n|-sideend|p1: Anonxx01|move: Aurora Veil\n|upkeep\n|turn|15\n|\n|t:|1699698040\n|switch|p2a: Ninetales|Ninetales-Alola, F|100\/100\n|-damage|p2a: Ninetales|76\/100|[from] Stealth Rock\n|move|p1a: Crawdaunt|Crabhammer|p2a: Ninetales\n|-damage|p2a: Ninetales|30\/100\n|\n|-weather|none\n|-sideend|p2: FieldOfFlowers|move: Aurora Veil\n|upkeep\n|turn|16\n|\n|t:|1699698049\n|move|p2a: Ninetales|Freeze-Dry|p1a: Crawdaunt\n|-supereffective|p1a: Crawdaunt\n|-damage|p1a: Crawdaunt|0 fnt\n|faint|p1a: Crawdaunt\n|\n|upkeep\n|\n|t:|1699698052\n|switch|p1a: Enamorus|Enamorus, F, tera:Fairy|76\/100\n|-damage|p1a: Enamorus|63\/100|[from] Stealth Rock\n|turn|17\n|\n|t:|1699698062\n|move|p1a: Enamorus|Moonblast|p2a: Ninetales\n|-damage|p2a: Ninetales|0 fnt\n|faint|p2a: Ninetales\n|\n|upkeep\n|l| Twisting Aya\n|\n|t:|1699698070\n|switch|p2a: Ceruledge|Ceruledge, M|83\/100\n|-damage|p2a: Ceruledge|58\/100|[from] Stealth Rock\n|turn|18\n|\n|t:|1699698082\n|move|p1a: Enamorus|Moonblast|p2a: Ceruledge\n|-resisted|p2a: Ceruledge\n|-damage|p2a: Ceruledge|16\/100\n|move|p2a: Ceruledge|Bitter Blade|p1a: Enamorus\n|-damage|p1a: Enamorus|0 fnt\n|-heal|p2a: Ceruledge|47\/100|[from] drain|[of] p1a: Enamorus\n|faint|p1a: Enamorus\n|\n|upkeep\n|-message|Anonxx01 forfeited.\n|\n|win|FieldOfFlowers\n|raw|Anonxx01's rating: 1657 &rarr; <strong>1643<\/strong><br \/>(-14 for losing)\n|raw|FieldOfFlowers's rating: 1758 &rarr; <strong>1772<\/strong><br \/>(+14 for winning)\n|l|\u2606Anonxx01\n|l|\u2606FieldOfFlowers\n","uploadtime":1699698098,"views":17,"p1id":"anonxx01","p2id":"fieldofflowers","formatid":"gen9ou","rating":1643,"private":0,"password":""}