{"id":"gen9ou-1989806047","p1":"Dadshirt","p2":"sidtherockjohnson","format":"[Gen 9] OU","log":"|j|\u2606Dadshirt\n|j|\u2606sidtherockjohnson\n|t:|1699897273\n|gametype|singles\n|player|p1|Dadshirt|ghetsis|1419\n|player|p2|sidtherockjohnson|1|1458\n|teamsize|p1|6\n|teamsize|p2|6\n|gen|9\n|tier|[Gen 9] OU\n|rated|\n|rule|Sleep Clause Mod: Limit one foe put to sleep\n|rule|Species Clause: Limit one of each Pok\u00e9mon\n|rule|OHKO Clause: OHKO moves are banned\n|rule|Evasion Items Clause: Evasion items are banned\n|rule|Evasion Moves Clause: Evasion moves are banned\n|rule|Endless Battle Clause: Forcing endless battles is banned\n|rule|HP Percentage Mod: HP is shown in percentages\n|clearpoke\n|poke|p1|Dragapult, M|\n|poke|p1|Kingambit, F|\n|poke|p1|Zapdos|\n|poke|p1|Heatran, M|\n|poke|p1|Ogerpon-Wellspring, F|\n|poke|p1|Great Tusk|\n|poke|p2|Samurott-Hisui, F|\n|poke|p2|Great Tusk|\n|poke|p2|Clefable, M|\n|poke|p2|Arcanine-Hisui, M|\n|poke|p2|Gholdengo|\n|poke|p2|Zapdos|\n|teampreview\n|inactive|Battle timer is ON: inactive players will automatically lose when time's up. (requested by Dadshirt)\n|j| SolsticeSpade\n|inactive|Dadshirt has 120 seconds left.\n|\n|t:|1699897331\n|start\n|switch|p1a: Heatran|Heatran, M, shiny|100\/100\n|switch|p2a: Zapdos|Zapdos|100\/100\n|-item|p1a: Heatran|Air Balloon\n|turn|1\n|\n|t:|1699897351\n|switch|p1a: Great Tusk|Great Tusk|100\/100\n|-enditem|p1a: Great Tusk|Booster Energy\n|-activate|p1a: Great Tusk|ability: Protosynthesis|[fromitem]\n|-start|p1a: Great Tusk|protosynthesisspe\n|move|p2a: Zapdos|Volt Switch|p1a: Great Tusk\n|-immune|p1a: Great Tusk\n|\n|upkeep\n|turn|2\n|\n|t:|1699897359\n|-end|p1a: Great Tusk|Protosynthesis|[silent]\n|switch|p1a: Zapdos|Zapdos|100\/100\n|move|p2a: Zapdos|Hurricane|p1a: Zapdos\n|-resisted|p1a: Zapdos\n|-damage|p1a: Zapdos|83\/100\n|-start|p1a: Zapdos|confusion\n|\n|upkeep\n|turn|3\n|\n|t:|1699897371\n|move|p2a: Zapdos|Thunderbolt|p1a: Zapdos\n|-damage|p1a: Zapdos|50\/100\n|-activate|p1a: Zapdos|confusion\n|move|p1a: Zapdos|Hurricane|p2a: Zapdos\n|-resisted|p2a: Zapdos\n|-damage|p2a: Zapdos|73\/100\n|\n|upkeep\n|turn|4\n|\n|t:|1699897380\n|switch|p1a: Great Tusk|Great Tusk|100\/100\n|move|p2a: Zapdos|Volt Switch|p1a: Great Tusk\n|-immune|p1a: Great Tusk\n|\n|upkeep\n|turn|5\n|inactive|Dadshirt has 120 seconds left.\n|\n|t:|1699897423\n|move|p2a: Zapdos|Hurricane|p1a: Great Tusk|[miss]\n|-miss|p2a: Zapdos|p1a: Great Tusk\n|move|p1a: Great Tusk|Ice Spinner|p2a: Zapdos\n|-supereffective|p2a: Zapdos\n|-damage|p2a: Zapdos|16\/100\n|-damage|p1a: Great Tusk|84\/100|[from] item: Rocky Helmet|[of] p2a: Zapdos\n|-status|p1a: Great Tusk|par|[from] ability: Static|[of] p2a: Zapdos\n|\n|upkeep\n|turn|6\n|\n|t:|1699897435\n|-end|p1a: Great Tusk|Protosynthesis|[silent]\n|switch|p1a: Zapdos|Zapdos|50\/100\n|move|p2a: Zapdos|Hurricane|p1a: Zapdos\n|-resisted|p1a: Zapdos\n|-damage|p1a: Zapdos|30\/100\n|\n|upkeep\n|turn|7\n|\n|t:|1699897463\n|switch|p1a: Great Tusk|Great Tusk|84\/100 par\n|move|p2a: Zapdos|Thunderbolt|p1a: Great Tusk\n|-immune|p1a: Great Tusk\n|\n|upkeep\n|turn|8\n|\n|t:|1699897469\n|move|p2a: Zapdos|Hurricane|p1a: Great Tusk\n|-supereffective|p1a: Great Tusk\n|-damage|p1a: Great Tusk|0 fnt\n|faint|p1a: Great Tusk\n|-end|p1a: Great Tusk|Protosynthesis|[silent]\n|\n|upkeep\n|\n|t:|1699897473\n|switch|p1a: Dragapult|Dragapult, M|100\/100\n|turn|9\n|\n|t:|1699897476\n|switch|p2a: Clefable|Clefable, M|100\/100\n|move|p1a: Dragapult|Flamethrower|p2a: Clefable\n|-damage|p2a: Clefable|73\/100\n|\n|-heal|p2a: Clefable|79\/100|[from] item: Leftovers\n|upkeep\n|turn|10\n|inactive|Dadshirt has 120 seconds left.\n|\n|t:|1699897490\n|switch|p1a: Zapdos|Zapdos|30\/100\n|move|p2a: Clefable|Wish|p2a: Clefable\n|\n|-heal|p2a: Clefable|85\/100|[from] item: Leftovers\n|upkeep\n|turn|11\n|\n|t:|1699897500\n|switch|p2a: Zapdos|Zapdos|16\/100\n|move|p1a: Zapdos|Roost|p1a: Zapdos\n|-heal|p1a: Zapdos|80\/100\n|-singleturn|p1a: Zapdos|move: Roost\n|\n|-heal|p2a: Zapdos|78\/100|[from] move: Wish|[wisher] Clefable\n|upkeep\n|turn|12\n|\n|t:|1699897508\n|move|p2a: Zapdos|Volt Switch|p1a: Zapdos\n|-crit|p1a: Zapdos\n|-damage|p1a: Zapdos|40\/100\n|\n|t:|1699897512\n|switch|p2a: Great Tusk|Great Tusk|100\/100|[from] Volt Switch\n|move|p1a: Zapdos|Volt Switch|p2a: Great Tusk\n|-immune|p2a: Great Tusk\n|\n|upkeep\n|turn|13\n|\n|t:|1699897520\n|-end|p2a: Great Tusk|Protosynthesis|[silent]\n|switch|p2a: Arcanine|Arcanine-Hisui, M|100\/100\n|move|p1a: Zapdos|Hurricane|p2a: Arcanine\n|-resisted|p2a: Arcanine\n|-damage|p2a: Arcanine|72\/100\n|-start|p2a: Arcanine|confusion\n|\n|upkeep\n|turn|14\n|\n|t:|1699897531\n|switch|p2a: Gholdengo|Gholdengo|100\/100\n|switch|p1a: Heatran|Heatran, M, shiny|100\/100\n|-item|p1a: Heatran|Air Balloon\n|\n|upkeep\n|turn|15\n|\n|t:|1699897543\n|switch|p2a: Great Tusk|Great Tusk|100\/100\n|move|p1a: Heatran|Stealth Rock|p2a: Great Tusk\n|-sidestart|p2: sidtherockjohnson|move: Stealth Rock\n|\n|upkeep\n|turn|16\n|\n|t:|1699897548\n|move|p2a: Great Tusk|Rapid Spin|p1a: Heatran\n|-resisted|p1a: Heatran\n|-damage|p1a: Heatran|95\/100\n|-boost|p2a: Great Tusk|spe|1\n|-enditem|p1a: Heatran|Air Balloon\n|-sideend|p2: sidtherockjohnson|Stealth Rock|[from] move: Rapid Spin|[of] p2a: Great Tusk\n|move|p1a: Heatran|Will-O-Wisp|p2a: Great Tusk\n|-status|p2a: Great Tusk|brn\n|\n|-damage|p2a: Great Tusk|94\/100 brn|[from] brn\n|upkeep\n|turn|17\n|\n|t:|1699897558\n|move|p2a: Great Tusk|Knock Off|p1a: Heatran\n|-damage|p1a: Heatran|88\/100\n|move|p1a: Heatran|Stealth Rock|p2a: Great Tusk\n|-sidestart|p2: sidtherockjohnson|move: Stealth Rock\n|\n|-heal|p2a: Great Tusk|100\/100 brn|[from] item: Leftovers\n|-damage|p2a: Great Tusk|94\/100 brn|[from] brn\n|upkeep\n|turn|18\n|\n|t:|1699897571\n|switch|p1a: Dragapult|Dragapult, M|100\/100\n|move|p2a: Great Tusk|Knock Off|p1a: Dragapult\n|-supereffective|p1a: Dragapult\n|-damage|p1a: Dragapult|45\/100\n|-enditem|p1a: Dragapult|Choice Specs|[from] move: Knock Off|[of] p2a: Great Tusk\n|\n|-heal|p2a: Great Tusk|100\/100 brn|[from] item: Leftovers\n|-damage|p2a: Great Tusk|94\/100 brn|[from] brn\n|upkeep\n|turn|19\n|\n|t:|1699897586\n|-end|p2a: Great Tusk|Protosynthesis|[silent]\n|switch|p2a: Clefable|Clefable, M|85\/100\n|-damage|p2a: Clefable|73\/100|[from] Stealth Rock\n|move|p1a: Dragapult|Draco Meteor|p2a: Clefable\n|-immune|p2a: Clefable\n|\n|-heal|p2a: Clefable|79\/100|[from] item: Leftovers\n|upkeep\n|turn|20\n|\n|t:|1699897596\n|move|p1a: Dragapult|Shadow Ball|p2a: Clefable\n|-damage|p2a: Clefable|52\/100\n|-unboost|p2a: Clefable|spd|1\n|move|p2a: Clefable|Wish|p2a: Clefable\n|\n|-heal|p2a: Clefable|58\/100|[from] item: Leftovers\n|upkeep\n|turn|21\n|\n|t:|1699897606\n|switch|p1a: Kingambit|Kingambit, F|100\/100\n|-activate|p1a: Kingambit|ability: Supreme Overlord\n|-start|p1a: Kingambit|fallen1|[silent]\n|move|p2a: Clefable|Stealth Rock|p1a: Kingambit\n|-sidestart|p1: Dadshirt|move: Stealth Rock\n|\n|-heal|p2a: Clefable|100\/100|[from] move: Wish|[wisher] Clefable\n|upkeep\n|turn|22\n|\n|t:|1699897618\n|move|p1a: Kingambit|Iron Head|p2a: Clefable\n|-supereffective|p2a: Clefable\n|-damage|p2a: Clefable|0 fnt\n|faint|p2a: Clefable\n|\n|upkeep\n|\n|t:|1699897626\n|switch|p2a: Samurott|Samurott-Hisui, F|100\/100\n|-damage|p2a: Samurott|88\/100|[from] Stealth Rock\n|turn|23\n|\n|t:|1699897634\n|-end|p1a: Kingambit|fallen1|[silent]\n|switch|p1a: Heatran|Heatran, M, shiny|88\/100\n|-damage|p1a: Heatran|75\/100|[from] Stealth Rock\n|move|p2a: Samurott|Razor Shell|p1a: Heatran\n|-supereffective|p1a: Heatran\n|-damage|p1a: Heatran|12\/100\n|-unboost|p1a: Heatran|def|1\n|\n|upkeep\n|turn|24\n|\n|t:|1699897644\n|move|p2a: Samurott|Ceaseless Edge|p1a: Heatran|[miss]\n|-miss|p2a: Samurott|p1a: Heatran\n|move|p1a: Heatran|Will-O-Wisp|p2a: Samurott\n|-status|p2a: Samurott|brn\n|\n|-damage|p2a: Samurott|82\/100 brn|[from] brn\n|upkeep\n|turn|25\n|c|\u2606sidtherockjohnson|oh my fucking god\n|\n|t:|1699897653\n|move|p2a: Samurott|Ceaseless Edge|p1a: Heatran\n|-damage|p1a: Heatran|0 fnt\n|-sidestart|p1: Dadshirt|Spikes\n|faint|p1a: Heatran\n|\n|-damage|p2a: Samurott|76\/100 brn|[from] brn\n|upkeep\n|\n|t:|1699897663\n|switch|p1a: Zapdos|Zapdos|40\/100\n|turn|26\n|\n|t:|1699897674\n|switch|p2a: Gholdengo|Gholdengo|100\/100\n|-damage|p2a: Gholdengo|94\/100|[from] Stealth Rock\n|move|p1a: Zapdos|Roost|p1a: Zapdos\n|-heal|p1a: Zapdos|90\/100\n|-singleturn|p1a: Zapdos|move: Roost\n|\n|upkeep\n|turn|27\n|\n|t:|1699897682\n|move|p2a: Gholdengo|Shadow Ball|p1a: Zapdos\n|-damage|p1a: Zapdos|62\/100\n|-unboost|p1a: Zapdos|spd|1\n|move|p1a: Zapdos|Volt Switch|p2a: Gholdengo\n|-damage|p2a: Gholdengo|59\/100\n|\n|t:|1699897690\n|switch|p1a: Dragapult|Dragapult, M|45\/100|[from] Volt Switch\n|-damage|p1a: Dragapult|33\/100|[from] Stealth Rock\n|-damage|p1a: Dragapult|21\/100|[from] Spikes\n|\n|upkeep\n|turn|28\n|\n|t:|1699897702\n|move|p2a: Gholdengo|Shadow Ball|p1a: Dragapult\n|-supereffective|p1a: Dragapult\n|-damage|p1a: Dragapult|0 fnt\n|faint|p1a: Dragapult\n|\n|upkeep\n|\n|t:|1699897709\n|switch|p1a: Kingambit|Kingambit, F|100\/100\n|-damage|p1a: Kingambit|94\/100|[from] Stealth Rock\n|-damage|p1a: Kingambit|82\/100|[from] Spikes\n|-activate|p1a: Kingambit|ability: Supreme Overlord\n|-start|p1a: Kingambit|fallen3|[silent]\n|turn|29\n|\n|t:|1699897725\n|switch|p2a: Great Tusk|Great Tusk|94\/100 brn\n|-damage|p2a: Great Tusk|91\/100 brn|[from] Stealth Rock\n|move|p1a: Kingambit|Kowtow Cleave|p2a: Great Tusk\n|-resisted|p2a: Great Tusk\n|-damage|p2a: Great Tusk|72\/100 brn\n|\n|-heal|p2a: Great Tusk|79\/100 brn|[from] item: Leftovers\n|-damage|p2a: Great Tusk|72\/100 brn|[from] brn\n|upkeep\n|turn|30\n|\n|t:|1699897733\n|-terastallize|p1a: Kingambit|Fairy\n|move|p2a: Great Tusk|Rapid Spin|p1a: Kingambit\n|-damage|p1a: Kingambit|74\/100\n|-boost|p2a: Great Tusk|spe|1\n|-sideend|p2: sidtherockjohnson|Stealth Rock|[from] move: Rapid Spin|[of] p2a: Great Tusk\n|move|p1a: Kingambit|Swords Dance|p1a: Kingambit\n|-boost|p1a: Kingambit|atk|2\n|\n|-heal|p2a: Great Tusk|79\/100 brn|[from] item: Leftovers\n|-damage|p2a: Great Tusk|72\/100 brn|[from] brn\n|upkeep\n|turn|31\n|\n|t:|1699897744\n|move|p2a: Great Tusk|Knock Off|p1a: Kingambit\n|-resisted|p1a: Kingambit\n|-damage|p1a: Kingambit|68\/100\n|-enditem|p1a: Kingambit|Lum Berry|[from] move: Knock Off|[of] p2a: Great Tusk\n|move|p1a: Kingambit|Swords Dance|p1a: Kingambit\n|-boost|p1a: Kingambit|atk|2\n|\n|-heal|p2a: Great Tusk|79\/100 brn|[from] item: Leftovers\n|-damage|p2a: Great Tusk|72\/100 brn|[from] brn\n|upkeep\n|turn|32\n|\n|t:|1699897760\n|move|p2a: Great Tusk|Earthquake|p1a: Kingambit\n|-damage|p1a: Kingambit|43\/100\n|move|p1a: Kingambit|Iron Head|p2a: Great Tusk\n|-damage|p2a: Great Tusk|0 fnt\n|faint|p2a: Great Tusk\n|-end|p2a: Great Tusk|Protosynthesis|[silent]\n|\n|upkeep\n|\n|t:|1699897776\n|switch|p2a: Samurott|Samurott-Hisui, F|76\/100 brn\n|turn|33\n|inactive|Dadshirt has 120 seconds left.\n|\n|t:|1699897810\n|move|p2a: Samurott|Razor Shell|p1a: Kingambit\n|-damage|p1a: Kingambit|23\/100\n|-unboost|p1a: Kingambit|def|1\n|move|p1a: Kingambit|Kowtow Cleave|p2a: Samurott\n|-resisted|p2a: Samurott\n|-damage|p2a: Samurott|0 fnt\n|faint|p2a: Samurott\n|\n|upkeep\n|inactive|sidtherockjohnson has 120 seconds left.\n|\n|t:|1699897830\n|switch|p2a: Arcanine|Arcanine-Hisui, M|72\/100\n|turn|34\n|\n|t:|1699897842\n|-end|p1a: Kingambit|fallen3|[silent]\n|switch|p1a: Zapdos|Zapdos|62\/100\n|move|p2a: Arcanine|Extreme Speed|p1a: Zapdos\n|-damage|p1a: Zapdos|24\/100\n|-status|p2a: Arcanine|par|[from] ability: Static|[of] p1a: Zapdos\n|\n|upkeep\n|turn|35\n|\n|t:|1699897849\n|move|p2a: Arcanine|Extreme Speed|p1a: Zapdos\n|-damage|p1a: Zapdos|0 fnt\n|faint|p1a: Zapdos\n|\n|upkeep\n|\n|t:|1699897853\n|switch|p1a: Ogerpon|Ogerpon-Wellspring, F|100\/100\n|-damage|p1a: Ogerpon|88\/100|[from] Stealth Rock\n|-damage|p1a: Ogerpon|76\/100|[from] Spikes\n|turn|36\n|\n|t:|1699897860\n|move|p2a: Arcanine|Extreme Speed|p1a: Ogerpon\n|-damage|p1a: Ogerpon|25\/100\n|move|p1a: Ogerpon|Swords Dance|p1a: Ogerpon\n|-boost|p1a: Ogerpon|atk|2\n|\n|upkeep\n|turn|37\n|\n|t:|1699897865\n|move|p2a: Arcanine|Extreme Speed|p1a: Ogerpon\n|-damage|p1a: Ogerpon|0 fnt\n|faint|p1a: Ogerpon\n|\n|upkeep\n|\n|t:|1699897868\n|switch|p1a: Kingambit|Kingambit, F, tera:Fairy|23\/100\n|-damage|p1a: Kingambit|10\/100|[from] Stealth Rock\n|-damage|p1a: Kingambit|0 fnt|[from] Spikes\n|faint|p1a: Kingambit\n|-end|p1a: Kingambit|fallen3|[silent]\n|\n|win|sidtherockjohnson\n|raw|Dadshirt's rating: 1419 &rarr; <strong>1401<\/strong><br \/>(-18 for losing)\n|raw|sidtherockjohnson's rating: 1458 &rarr; <strong>1476<\/strong><br \/>(+18 for winning)\n|l|\u2606Dadshirt\n|c|\u2606sidtherockjohnson|hella greedy bro\n","uploadtime":1699897877,"views":7,"p1id":"dadshirt","p2id":"sidtherockjohnson","formatid":"gen9ou","rating":1401,"private":0,"password":""}