{"id":"gen9ou-1998240583","p1":"DeauReMi","p2":"TY SM MY GUY","format":"[Gen 9] OU","log":"|j|\u2606DeauReMi\n|j|\u2606TY SM MY GUY\n|t:|1700918347\n|gametype|singles\n|player|p1|DeauReMi|265|1315\n|player|p2|TY SM MY GUY|hoopster|1246\n|teamsize|p1|6\n|teamsize|p2|6\n|gen|9\n|tier|[Gen 9] OU\n|rated|\n|rule|Sleep Clause Mod: Limit one foe put to sleep\n|rule|Species Clause: Limit one of each Pok\u00e9mon\n|rule|OHKO Clause: OHKO moves are banned\n|rule|Evasion Items Clause: Evasion items are banned\n|rule|Evasion Moves Clause: Evasion moves are banned\n|rule|Endless Battle Clause: Forcing endless battles is banned\n|rule|HP Percentage Mod: HP is shown in percentages\n|clearpoke\n|poke|p1|Greninja-*, M|\n|poke|p1|Enamorus, F|\n|poke|p1|Dragonite, F|\n|poke|p1|Slowking-Galar, F|\n|poke|p1|Dragapult, F|\n|poke|p1|Cinderace, M|\n|poke|p2|Glimmora, F|\n|poke|p2|Great Tusk|\n|poke|p2|Hatterene, F|\n|poke|p2|Greninja-*, M|\n|poke|p2|Brambleghast, M|\n|poke|p2|Zoroark-Hisui, M|\n|teampreview\n|\n|t:|1700918358\n|start\n|switch|p1a: Greninja|Greninja, M|100\/100\n|switch|p2a: Glimmora|Glimmora, F, shiny|100\/100\n|turn|1\n|inactive|Battle timer is ON: inactive players will automatically lose when time's up. (requested by DeauReMi)\n|\n|t:|1700918368\n|switch|p2a: Hatterene|Hatterene, F, shiny|100\/100\n|move|p1a: Greninja|Water Shuriken|p2a: Hatterene\n|-damage|p2a: Hatterene|93\/100\n|-damage|p2a: Hatterene|86\/100\n|-damage|p2a: Hatterene|79\/100\n|-hitcount|p2a: Hatterene|3\n|-enditem|p2a: Hatterene|Eject Button\n|-damage|p1a: Greninja|91\/100|[from] item: Life Orb\n|\n|t:|1700918381\n|switch|p2a: Brambleghast|Brambleghast, M, shiny|100\/100\n|\n|upkeep\n|turn|2\n|\n|t:|1700918386\n|move|p1a: Greninja|Dark Pulse|p2a: Brambleghast\n|-supereffective|p2a: Brambleghast\n|-enditem|p2a: Brambleghast|Focus Sash\n|-damage|p2a: Brambleghast|1\/100\n|-damage|p1a: Greninja|81\/100|[from] item: Life Orb\n|move|p2a: Brambleghast|Rapid Spin|p1a: Greninja\n|-damage|p1a: Greninja|53\/100\n|-boost|p2a: Brambleghast|spe|1\n|\n|upkeep\n|turn|3\n|\n|t:|1700918395\n|move|p2a: Brambleghast|Shadow Sneak|p1a: Greninja\n|-resisted|p1a: Greninja\n|-damage|p1a: Greninja|37\/100\n|move|p1a: Greninja|Water Shuriken|p2a: Brambleghast\n|-resisted|p2a: Brambleghast\n|-damage|p2a: Brambleghast|0 fnt\n|faint|p2a: Brambleghast\n|-ability|p1a: Greninja|Battle Bond|boost\n|-boost|p1a: Greninja|atk|1\n|-boost|p1a: Greninja|spa|1\n|-boost|p1a: Greninja|spe|1\n|-activate|p1a: Greninja|ability: Battle Bond\n|-hitcount|p2: Brambleghast|1\n|-damage|p1a: Greninja|27\/100|[from] item: Life Orb\n|\n|upkeep\n|\n|t:|1700918409\n|switch|p2a: Glimmora|Glimmora, F, shiny|100\/100\n|turn|4\n|\n|t:|1700918413\n|move|p1a: Greninja|Water Shuriken|p2a: Glimmora\n|-damage|p2a: Glimmora|74\/100\n|replace|p2a: Zoroark|Zoroark-Hisui, M, shiny\n|-end|p2a: Zoroark|Illusion\n|-damage|p2a: Zoroark|47\/100\n|-hitcount|p2a: Zoroark|2\n|-damage|p1a: Greninja|17\/100|[from] item: Life Orb\n|move|p2a: Zoroark|Hyper Voice|p1a: Greninja\n|-damage|p1a: Greninja|0 fnt\n|faint|p1a: Greninja\n|\n|upkeep\n|\n|t:|1700918425\n|switch|p1a: Dragapult|Dragapult, F|100\/100\n|turn|5\n|\n|t:|1700918430\n|switch|p2a: Hatterene|Hatterene, F, shiny|79\/100\n|move|p1a: Dragapult|Dragon Darts|p2a: Hatterene\n|-immune|p2a: Hatterene\n|\n|upkeep\n|turn|6\n|\n|t:|1700918435\n|switch|p1a: Slowking|Slowking-Galar, F|100\/100\n|move|p2a: Hatterene|Nuzzle|p1a: Slowking\n|-damage|p1a: Slowking|96\/100\n|-status|p1a: Slowking|par\n|\n|-heal|p1a: Slowking|100\/100 par|[from] item: Leftovers\n|upkeep\n|turn|7\n|\n|t:|1700918446\n|switch|p2a: Glimmora|Glimmora, F, shiny|47\/100\n|move|p1a: Slowking|Future Sight|p2a: Glimmora\n|-start|p1a: Slowking|move: Future Sight\n|\n|upkeep\n|turn|8\n|\n|t:|1700918458\n|move|p2a: Glimmora|Trick|p1a: Slowking\n|-activate|p2a: Glimmora|move: Trick|[of] p1a: Slowking\n|-item|p1a: Slowking|Choice Scarf|[from] move: Trick\n|-item|p2a: Glimmora|Leftovers|[from] move: Trick\n|cant|p1a: Slowking|par\n|\n|-heal|p2a: Glimmora|52\/100|[from] item: Leftovers\n|upkeep\n|turn|9\n|\n|t:|1700918466\n|switch|p2a: Greninja|Greninja, M|100\/100\n|move|p1a: Slowking|Sludge Bomb|p2a: Greninja\n|-damage|p2a: Greninja|48\/100\n|\n|-end|p2a: Greninja|move: Future Sight\n|-immune|p2a: Greninja\n|upkeep\n|turn|10\n|\n|t:|1700918475\n|move|p2a: Greninja|Dark Pulse|p1a: Slowking\n|-supereffective|p1a: Slowking\n|-damage|p1a: Slowking|44\/100 par\n|-damage|p2a: Greninja|38\/100|[from] item: Life Orb\n|cant|p1a: Slowking|flinch\n|\n|upkeep\n|turn|11\n|\n|t:|1700918486\n|switch|p1a: Enamorus|Enamorus, F|100\/100\n|move|p2a: Greninja|Dark Pulse|p1a: Enamorus\n|-resisted|p1a: Enamorus\n|-damage|p1a: Enamorus|70\/100\n|-damage|p2a: Greninja|28\/100|[from] item: Life Orb\n|\n|upkeep\n|turn|12\n|\n|t:|1700918498\n|move|p1a: Enamorus|Moonblast|p2a: Greninja\n|-supereffective|p2a: Greninja\n|-damage|p2a: Greninja|0 fnt\n|faint|p2a: Greninja\n|\n|upkeep\n|\n|t:|1700918500\n|switch|p2a: Glimmora|Glimmora, F, shiny|100\/100\n|-item|p2a: Glimmora|Air Balloon\n|turn|13\n|\n|t:|1700918507\n|move|p1a: Enamorus|Moonblast|p2a: Glimmora\n|-resisted|p2a: Glimmora\n|-damage|p2a: Glimmora|75\/100\n|-enditem|p2a: Glimmora|Air Balloon\n|move|p2a: Glimmora|Stealth Rock|p1a: Enamorus\n|-sidestart|p1: DeauReMi|move: Stealth Rock\n|\n|upkeep\n|turn|14\n|inactive|DeauReMi has 120 seconds left.\n|\n|t:|1700918539\n|switch|p1a: Cinderace|Cinderace, M|100\/100\n|move|p2a: Glimmora|Power Gem|p1a: Cinderace\n|-supereffective|p1a: Cinderace\n|-crit|p1a: Cinderace\n|-damage|p1a: Cinderace|0 fnt\n|faint|p1a: Cinderace\n|\n|upkeep\n|inactive|DeauReMi has 120 seconds left.\n|\n|t:|1700918552\n|switch|p1a: Enamorus|Enamorus, F|70\/100\n|-damage|p1a: Enamorus|45\/100|[from] Stealth Rock\n|turn|15\n|\n|t:|1700918561\n|-terastallize|p2a: Glimmora|Ghost\n|move|p1a: Enamorus|Earth Power|p2a: Glimmora\n|-damage|p2a: Glimmora|42\/100\n|-unboost|p2a: Glimmora|spd|1\n|move|p2a: Glimmora|Power Gem|p1a: Enamorus\n|-supereffective|p1a: Enamorus\n|-damage|p1a: Enamorus|0 fnt\n|faint|p1a: Enamorus\n|\n|upkeep\n|inactive|DeauReMi has 120 seconds left.\n|\n|t:|1700918583\n|switch|p1a: Dragapult|Dragapult, F|100\/100\n|-damage|p1a: Dragapult|88\/100|[from] Stealth Rock\n|turn|16\n|\n|t:|1700918588\n|move|p1a: Dragapult|Dragon Darts|p2a: Glimmora\n|-damage|p2a: Glimmora|7\/100\n|-activate|p2a: Glimmora|ability: Toxic Debris\n|-sidestart|p1: DeauReMi|move: Toxic Spikes\n|-anim|p1a: Dragapult|Dragon Darts|p2a: Glimmora\n|-damage|p2a: Glimmora|0 fnt\n|-activate|p2a: Glimmora|ability: Toxic Debris\n|-sidestart|p1: DeauReMi|move: Toxic Spikes\n|faint|p2a: Glimmora\n|\n|upkeep\n|\n|t:|1700918597\n|switch|p2a: Hatterene|Hatterene, F, shiny|79\/100\n|turn|17\n|\n|t:|1700918601\n|switch|p1a: Slowking|Slowking-Galar, F|78\/100 par\n|-damage|p1a: Slowking|65\/100 par|[from] Stealth Rock\n|-sideend|p1: DeauReMi|move: Toxic Spikes|[of] p1a: Slowking\n|move|p2a: Hatterene|Draining Kiss|p1a: Slowking\n|-resisted|p1a: Slowking\n|-damage|p1a: Slowking|58\/100 par\n|-heal|p2a: Hatterene|86\/100|[from] drain|[of] p1a: Slowking\n|\n|upkeep\n|turn|18\n|\n|t:|1700918608\n|switch|p2a: Hatterene|Hatterene, F, shiny|52\/100\n|move|p1a: Slowking|Sludge Bomb|p2a: Hatterene\n|-resisted|p2a: Hatterene\n|-damage|p2a: Hatterene|18\/100\n|replace|p2a: Zoroark|Zoroark-Hisui, M, shiny\n|-end|p2a: Zoroark|Illusion\n|\n|-heal|p2a: Zoroark|24\/100|[from] item: Leftovers\n|upkeep\n|turn|19\n|\n|t:|1700918616\n|move|p2a: Zoroark|Bitter Malice|p1a: Slowking\n|-supereffective|p1a: Slowking\n|-damage|p1a: Slowking|6\/100 par\n|-unboost|p1a: Slowking|atk|1\n|move|p1a: Slowking|Sludge Bomb|p2a: Zoroark\n|-resisted|p2a: Zoroark\n|-damage|p2a: Zoroark|0 fnt\n|faint|p2a: Zoroark\n|\n|upkeep\n|\n|t:|1700918622\n|switch|p2a: Hatterene|Hatterene, F, shiny|86\/100\n|turn|20\n|\n|t:|1700918628\n|move|p2a: Hatterene|Psyshock|p1a: Slowking\n|-damage|p1a: Slowking|0 fnt\n|faint|p1a: Slowking\n|\n|upkeep\n|\n|t:|1700918635\n|switch|p1a: Dragapult|Dragapult, F|88\/100\n|-damage|p1a: Dragapult|76\/100|[from] Stealth Rock\n|turn|21\n|\n|t:|1700918640\n|-terastallize|p1a: Dragapult|Ghost\n|move|p1a: Dragapult|Tera Blast|p2a: Hatterene|[anim] Tera Blast Ghost\n|-supereffective|p2a: Hatterene\n|-damage|p2a: Hatterene|0 fnt\n|faint|p2a: Hatterene\n|\n|upkeep\n|\n|t:|1700918642\n|switch|p2a: Great Tusk|Great Tusk|100\/100\n|-enditem|p2a: Great Tusk|Booster Energy\n|-activate|p2a: Great Tusk|ability: Protosynthesis|[fromitem]\n|-start|p2a: Great Tusk|protosynthesisspe\n|turn|22\n|\n|t:|1700918649\n|move|p2a: Great Tusk|Bulk Up|p2a: Great Tusk\n|-boost|p2a: Great Tusk|atk|1\n|-boost|p2a: Great Tusk|def|1\n|move|p1a: Dragapult|Tera Blast|p2a: Great Tusk|[anim] Tera Blast Ghost\n|-damage|p2a: Great Tusk|69\/100\n|\n|upkeep\n|turn|23\n|\n|t:|1700918652\n|move|p2a: Great Tusk|Earthquake|p1a: Dragapult\n|-crit|p1a: Dragapult\n|-damage|p1a: Dragapult|0 fnt\n|faint|p1a: Dragapult\n|\n|upkeep\n|\n|t:|1700918655\n|switch|p1a: Dragonite|Dragonite, F|100\/100\n|turn|24\n|\n|t:|1700918658\n|move|p2a: Great Tusk|Ice Spinner|p1a: Dragonite\n|-supereffective|p1a: Dragonite\n|-damage|p1a: Dragonite|19\/100\n|move|p1a: Dragonite|Dragon Dance|p1a: Dragonite\n|-boost|p1a: Dragonite|atk|1\n|-boost|p1a: Dragonite|spe|1\n|\n|upkeep\n|turn|25\n|\n|t:|1700918661\n|move|p1a: Dragonite|Extreme Speed|p2a: Great Tusk\n|-damage|p2a: Great Tusk|51\/100\n|move|p2a: Great Tusk|Ice Spinner|p1a: Dragonite\n|-supereffective|p1a: Dragonite\n|-damage|p1a: Dragonite|0 fnt\n|faint|p1a: Dragonite\n|\n|win|TY SM MY GUY\n|raw|DeauReMi's rating: 1315 &rarr; <strong>1291<\/strong><br \/>(-24 for losing)\n|raw|TY SM MY GUY's rating: 1246 &rarr; <strong>1276<\/strong><br \/>(+30 for winning)\n|c|\u2606TY SM MY GUY|Gg\n","uploadtime":1700918671,"views":2,"p1id":"deauremi","p2id":"tysmmyguy","formatid":"gen9ou","rating":1276,"private":0,"password":""}