{"id":"gen9ou-2000161279","p1":"Sonicbigboy","p2":"o Poooder","format":"[Gen 9] OU","log":"|j|\u2606Sonicbigboy\n|j|\u2606o Poooder\n|t:|1701165311\n|gametype|singles\n|player|p1|Sonicbigboy|lucas-gen4pt|1000\n|player|p2|o Poooder|1|1105\n|teamsize|p1|6\n|teamsize|p2|6\n|gen|9\n|tier|[Gen 9] OU\n|rated|\n|rule|Sleep Clause Mod: Limit one foe put to sleep\n|rule|Species Clause: Limit one of each Pok\u00e9mon\n|rule|OHKO Clause: OHKO moves are banned\n|rule|Evasion Items Clause: Evasion items are banned\n|rule|Evasion Moves Clause: Evasion moves are banned\n|rule|Endless Battle Clause: Forcing endless battles is banned\n|rule|HP Percentage Mod: HP is shown in percentages\n|clearpoke\n|poke|p1|Clefable, M|\n|poke|p1|Gengar, F|\n|poke|p1|Dusknoir, F|\n|poke|p1|Gardevoir, F|\n|poke|p1|Blissey, F|\n|poke|p1|Scream Tail|\n|poke|p2|Ursaluna, F|\n|poke|p2|Ogerpon-Wellspring, F|\n|poke|p2|Ting-Lu|\n|poke|p2|Gholdengo|\n|poke|p2|Zapdos|\n|poke|p2|Great Tusk|\n|teampreview\n|\n|t:|1701165332\n|start\n|switch|p1a: Clefable|Clefable, M, shiny|100\/100\n|switch|p2a: Ting-Lu|Ting-Lu|100\/100\n|-ability|p2a: Ting-Lu|Vessel of Ruin\n|turn|1\n|\n|t:|1701165339\n|switch|p2a: Gholdengo|Gholdengo|100\/100\n|move|p1a: Clefable|Misty Explosion|p2a: Gholdengo\n|-resisted|p2a: Gholdengo\n|-damage|p2a: Gholdengo|84\/100\n|faint|p1a: Clefable\n|\n|upkeep\n|\n|t:|1701165346\n|switch|p1a: Gengar|Gengar, F, shiny|100\/100\n|turn|2\n|\n|t:|1701165366\n|switch|p2a: Ting-Lu|Ting-Lu|100\/100\n|-ability|p2a: Ting-Lu|Vessel of Ruin\n|move|p1a: Gengar|Metronome|p1a: Gengar\n|move|p1a: Gengar|Icy Wind|p2a: Ting-Lu|[from]move: Metronome\n|-supereffective|p2a: Ting-Lu\n|-damage|p2a: Ting-Lu|86\/100\n|-unboost|p2a: Ting-Lu|spe|1\n|\n|-heal|p2a: Ting-Lu|93\/100|[from] item: Leftovers\n|upkeep\n|turn|3\n|\n|t:|1701165377\n|move|p1a: Gengar|Metronome|p1a: Gengar\n|move|p1a: Gengar|Water Pledge|p2a: Ting-Lu|[from]move: Metronome\n|-supereffective|p2a: Ting-Lu\n|-damage|p2a: Ting-Lu|72\/100\n|move|p2a: Ting-Lu|Earthquake|p1a: Gengar\n|-supereffective|p1a: Gengar\n|-damage|p1a: Gengar|0 fnt\n|faint|p1a: Gengar\n|\n|-heal|p2a: Ting-Lu|78\/100|[from] item: Leftovers\n|upkeep\n|\n|t:|1701165386\n|switch|p1a: Dusknoir|Dusknoir, F, shiny|100\/100\n|-ability|p1a: Dusknoir|Pressure\n|turn|4\n|\n|t:|1701165404\n|switch|p2a: Ursaluna|Ursaluna, F|100\/100\n|move|p1a: Dusknoir|Metronome|p1a: Dusknoir\n|move|p1a: Dusknoir|Milk Drink||[from]move: Metronome|[still]\n|-fail|p1a: Dusknoir|heal\n|\n|-status|p2a: Ursaluna|brn|[from] item: Flame Orb\n|upkeep\n|turn|5\n|\n|t:|1701165412\n|move|p1a: Dusknoir|Metronome|p1a: Dusknoir\n|move|p1a: Dusknoir|Aqua Cutter|p2a: Ursaluna|[from]move: Metronome\n|-supereffective|p2a: Ursaluna\n|-damage|p2a: Ursaluna|66\/100 brn\n|move|p2a: Ursaluna|Swords Dance|p2a: Ursaluna\n|-boost|p2a: Ursaluna|atk|2\n|\n|-damage|p2a: Ursaluna|59\/100 brn|[from] brn\n|upkeep\n|turn|6\n|\n|t:|1701165421\n|-terastallize|p1a: Dusknoir|Normal\n|move|p1a: Dusknoir|Metronome|p1a: Dusknoir\n|move|p1a: Dusknoir|Bug Buzz|p2a: Ursaluna|[from]move: Metronome\n|-damage|p2a: Ursaluna|45\/100 brn\n|move|p2a: Ursaluna|Earthquake|p1a: Dusknoir\n|-damage|p1a: Dusknoir|0 fnt\n|faint|p1a: Dusknoir\n|\n|-damage|p2a: Ursaluna|39\/100 brn|[from] brn\n|upkeep\n|\n|t:|1701165430\n|switch|p1a: Scream Tail|Scream Tail, shiny|100\/100\n|turn|7\n|\n|t:|1701165434\n|move|p1a: Scream Tail|Misty Explosion|p2a: Ursaluna\n|-damage|p2a: Ursaluna|14\/100 brn\n|faint|p1a: Scream Tail\n|-end|p1a: Scream Tail|Protosynthesis|[silent]\n|move|p2a: Ursaluna|Facade|p1: Scream Tail|[notarget]\n|-fail|p2a: Ursaluna\n|\n|-damage|p2a: Ursaluna|7\/100 brn|[from] brn\n|upkeep\n|\n|t:|1701165443\n|switch|p1a: Blissey|Blissey, F, shiny|100\/100\n|turn|8\n|\n|t:|1701165453\n|move|p1a: Blissey|Metronome|p1a: Blissey\n|move|p1a: Blissey|Sweet Scent|p2a: Ursaluna|[from]move: Metronome\n|-unboost|p2a: Ursaluna|evasion|2\n|move|p2a: Ursaluna|Facade|p1a: Blissey\n|-damage|p1a: Blissey|0 fnt\n|faint|p1a: Blissey\n|\n|-damage|p2a: Ursaluna|1\/100 brn|[from] brn\n|upkeep\n|\n|t:|1701165462\n|switch|p1a: Gardevoir|Gardevoir, F, shiny|100\/100\n|-ability|p1a: Gardevoir|Guts|[from] ability: Trace|[of] p2a: Ursaluna\n|turn|9\n|\n|t:|1701165466\n|move|p1a: Gardevoir|Metronome|p1a: Gardevoir\n|move|p1a: Gardevoir|Stuff Cheeks||[from]move: Metronome|[still]\n|-fail|p1a: Gardevoir\n|move|p2a: Ursaluna|Facade|p1a: Gardevoir\n|-damage|p1a: Gardevoir|0 fnt\n|faint|p1a: Gardevoir\n|\n|win|o Poooder\n|raw|Sonicbigboy's rating: 1000 &rarr; <strong>1000<\/strong><br \/>(+0 for losing)\n|raw|o Poooder's rating: 1105 &rarr; <strong>1123<\/strong><br \/>(+18 for winning)\n","uploadtime":1701165476,"views":10,"p1id":"sonicbigboy","p2id":"opoooder","formatid":"gen9ou","rating":1000,"private":0,"password":""}