{"id":"gen9ou-1995861986","p1":"anonymeowz","p2":"Masocha","format":"[Gen 9] OU","log":"|j|\u2606anonymeowz\n|j|\u2606Masocha\n|t:|1700610823\n|gametype|singles\n|player|p1|anonymeowz|colress|\n|player|p2|Masocha|nurse|\n|teamsize|p1|6\n|teamsize|p2|6\n|gen|9\n|tier|[Gen 9] OU\n|rule|Sleep Clause Mod: Limit one foe put to sleep\n|rule|Species Clause: Limit one of each Pok\u00e9mon\n|rule|OHKO Clause: OHKO moves are banned\n|rule|Evasion Items Clause: Evasion items are banned\n|rule|Evasion Moves Clause: Evasion moves are banned\n|rule|Endless Battle Clause: Forcing endless battles is banned\n|rule|HP Percentage Mod: HP is shown in percentages\n|clearpoke\n|poke|p1|Alomomola, M|\n|poke|p1|Clodsire, M|\n|poke|p1|Ursaluna, F|\n|poke|p1|Tatsugiri-Stretchy, M|\n|poke|p1|Lurantis, M|\n|poke|p1|Hoopa|\n|poke|p2|Ogerpon-Wellspring, F|\n|poke|p2|Gyarados, F|\n|poke|p2|Fezandipiti, M|\n|poke|p2|Garganacl, F|\n|poke|p2|Scream Tail|\n|poke|p2|Zoroark-Hisui, F|\n|teampreview\n|\n|t:|1700610855\n|start\n|switch|p1a: fighter|Lurantis, M|100\/100\n|switch|p2a: Dos Hoes Mad|Gyarados, F, shiny|100\/100\n|-ability|p2a: Dos Hoes Mad|Intimidate|boost\n|-boost|p1a: fighter|atk|1\n|turn|1\n|j| cr46290\n|\n|t:|1700610872\n|switch|p2a: Femboy Rights|Fezandipiti, M|100\/100\n|move|p1a: fighter|Knock Off|p2a: Femboy Rights\n|-resisted|p2a: Femboy Rights\n|-damage|p2a: Femboy Rights|70\/100\n|-enditem|p2a: Femboy Rights|Iapapa Berry|[from] move: Knock Off|[of] p1a: fighter\n|-damage|p1a: fighter|90\/100|[from] item: Life Orb\n|\n|upkeep\n|turn|2\n|\n|t:|1700610891\n|move|p2a: Femboy Rights|Sludge Bomb|p1a: fighter\n|-supereffective|p1a: fighter\n|-damage|p1a: fighter|1\/100\n|-status|p1a: fighter|tox|[from] ability: Toxic Chain|[of] p2a: Femboy Rights\n|move|p1a: fighter|Poison Jab|p2a: Femboy Rights\n|-damage|p2a: Femboy Rights|17\/100\n|-damage|p1a: fighter|0 fnt|[from] item: Life Orb\n|faint|p1a: fighter\n|\n|upkeep\n|\n|t:|1700610903\n|switch|p1a: bard|Tatsugiri-Stretchy, M|100\/100\n|turn|3\n|\n|t:|1700610908\n|move|p1a: bard|Hydro Pump|p2a: Femboy Rights|[miss]\n|-miss|p1a: bard|p2a: Femboy Rights\n|move|p2a: Femboy Rights|Roost|p2a: Femboy Rights\n|-heal|p2a: Femboy Rights|67\/100\n|-singleturn|p2a: Femboy Rights|move: Roost\n|\n|upkeep\n|turn|4\n|\n|t:|1700610915\n|move|p1a: bard|Hydro Pump|p2a: Femboy Rights\n|-damage|p2a: Femboy Rights|28\/100\n|move|p2a: Femboy Rights|Moonblast|p1a: bard\n|-supereffective|p1a: bard\n|-damage|p1a: bard|0 fnt\n|faint|p1a: bard\n|\n|upkeep\n|\n|t:|1700610934\n|switch|p1a: rogue|Hoopa|100\/100\n|turn|5\n|\n|t:|1700610939\n|move|p1a: rogue|Psyshock|p2a: Femboy Rights\n|-supereffective|p2a: Femboy Rights\n|-damage|p2a: Femboy Rights|0 fnt\n|faint|p2a: Femboy Rights\n|\n|upkeep\n|\n|t:|1700610948\n|switch|p2a: Atomic Bomb|Scream Tail|100\/100\n|turn|6\n|\n|t:|1700610956\n|move|p2a: Atomic Bomb|Bitter Malice|p1a: rogue\n|-supereffective|p1a: rogue\n|-crit|p1a: rogue\n|-damage|p1a: rogue|0 fnt\n|faint|p1a: rogue\n|\n|upkeep\n|\n|t:|1700610967\n|switch|p1a: barbarian|Ursaluna, F|100\/100\n|turn|7\n|\n|t:|1700610982\n|move|p2a: Atomic Bomb|U-turn|p1a: barbarian\n|-damage|p1a: barbarian|89\/100\n|\n|t:|1700610992\n|switch|p2a: Atomic Bomb|Scream Tail|100\/100|[from] U-turn\n|move|p1a: barbarian|Swords Dance|p1a: barbarian\n|-boost|p1a: barbarian|atk|2\n|\n|-status|p1a: barbarian|brn|[from] item: Flame Orb\n|upkeep\n|turn|8\n|\n|t:|1700611001\n|move|p2a: Atomic Bomb|Perish Song|p2a: Atomic Bomb\n|-start|p1a: barbarian|perish3|[silent]\n|-start|p2a: Atomic Bomb|perish3|[silent]\n|-fieldactivate|move: Perish Song\n|move|p1a: barbarian|Facade|p2a: Atomic Bomb\n|-damage|p2a: Atomic Bomb|0 fnt\n|-damage|p1a: barbarian|72\/100 brn|[from] item: Rocky Helmet|[of] p2a: Atomic Bomb\n|faint|p2a: Atomic Bomb\n|-end|p2a: Atomic Bomb|Protosynthesis|[silent]\n|\n|-damage|p1a: barbarian|66\/100 brn|[from] brn\n|-start|p1a: barbarian|perish3\n|upkeep\n|\n|t:|1700611013\n|switch|p2a: Dos Hoes Mad|Gyarados, F, shiny|100\/100\n|-ability|p2a: Dos Hoes Mad|Intimidate|boost\n|-unboost|p1a: barbarian|atk|1\n|turn|9\n|\n|t:|1700611022\n|move|p2a: Dos Hoes Mad|Scald|p1a: barbarian\n|-supereffective|p1a: barbarian\n|-damage|p1a: barbarian|18\/100 brn\n|move|p1a: barbarian|Facade|p2a: Dos Hoes Mad\n|-damage|p2a: Dos Hoes Mad|0 fnt\n|faint|p2a: Dos Hoes Mad\n|\n|-damage|p1a: barbarian|12\/100 brn|[from] brn\n|-start|p1a: barbarian|perish2\n|upkeep\n|\n|t:|1700611033\n|switch|p2a: Himalayan|Garganacl, F, shiny|100\/100\n|turn|10\n|\n|t:|1700611037\n|switch|p1a: cleric|Alomomola, M, shiny|100\/100\n|move|p2a: Himalayan|Protect||[still]\n|-fail|p2a: Himalayan\n|\n|upkeep\n|turn|11\n|\n|t:|1700611045\n|-terastallize|p2a: Himalayan|Dragon\n|move|p1a: cleric|Wish|p1a: cleric\n|move|p2a: Himalayan|Salt Cure|p1a: cleric\n|-damage|p1a: cleric|93\/100\n|-start|p1a: cleric|Salt Cure\n|\n|-damage|p1a: cleric|68\/100|[from] Salt Cure\n|upkeep\n|turn|12\n|\n|t:|1700611056\n|move|p1a: cleric|Flip Turn|p2a: Himalayan\n|-resisted|p2a: Himalayan\n|-damage|p2a: Himalayan|95\/100\n|\n|t:|1700611059\n|switch|p1a: barbarian|Ursaluna, F|12\/100 brn|[from] Flip Turn\n|move|p2a: Himalayan|Recover|p2a: Himalayan\n|-heal|p2a: Himalayan|100\/100\n|\n|-heal|p1a: barbarian|74\/100 brn|[from] move: Wish|[wisher] cleric\n|-damage|p1a: barbarian|67\/100 brn|[from] brn\n|upkeep\n|turn|13\n|\n|t:|1700611070\n|move|p2a: Himalayan|Protect|p2a: Himalayan\n|-singleturn|p2a: Himalayan|Protect\n|move|p1a: barbarian|Facade|p2a: Himalayan\n|-activate|p2a: Himalayan|move: Protect\n|\n|-damage|p1a: barbarian|61\/100 brn|[from] brn\n|upkeep\n|turn|14\n|\n|t:|1700611078\n|move|p1a: barbarian|Facade|p2a: Himalayan\n|-damage|p2a: Himalayan|13\/100\n|move|p2a: Himalayan|Salt Cure|p1a: barbarian\n|-resisted|p1a: barbarian\n|-damage|p1a: barbarian|56\/100 brn\n|-start|p1a: barbarian|Salt Cure\n|\n|-heal|p2a: Himalayan|19\/100|[from] item: Leftovers\n|-damage|p1a: barbarian|50\/100 brn|[from] brn\n|-damage|p1a: barbarian|38\/100 brn|[from] Salt Cure\n|upkeep\n|turn|15\n|\n|t:|1700611090\n|switch|p1a: druid|Clodsire, M|100\/100\n|move|p2a: Himalayan|Protect||[still]\n|-fail|p2a: Himalayan\n|\n|-heal|p2a: Himalayan|25\/100|[from] item: Leftovers\n|upkeep\n|turn|16\n|\n|t:|1700611099\n|switch|p2a: Himalayan|Garganacl, F, shiny|100\/100\n|move|p1a: druid|Toxic|p2a: Himalayan\n|-status|p2a: Himalayan|tox\n|\n|-damage|p2a: Himalayan|95\/100 tox|[from] psn\n|upkeep\n|-start|p2a: Himalayan|typechange|Dragon|[silent]\n|turn|17\n|\n|t:|1700611113\n|move|p2a: Himalayan|Will-O-Wisp|p1a: druid\n|-status|p1a: druid|brn\n|move|p1a: druid|Earthquake|p2a: Himalayan\n|-damage|p2a: Himalayan|68\/100 tox\n|replace|p2a: Two-Faced|Zoroark-Hisui, F\n|-end|p2a: Two-Faced|Illusion\n|\n|-damage|p2a: Two-Faced|56\/100 tox|[from] psn\n|-damage|p1a: druid|94\/100 brn|[from] brn\n|upkeep\n|turn|18\n|\n|t:|1700611123\n|move|p2a: Two-Faced|Bitter Malice|p1a: druid\n|-damage|p1a: druid|75\/100 brn\n|-unboost|p1a: druid|atk|1\n|move|p1a: druid|Earthquake|p2a: Two-Faced\n|-damage|p2a: Two-Faced|39\/100 tox\n|\n|-heal|p1a: druid|81\/100 brn|[from] item: Leftovers\n|-damage|p2a: Two-Faced|21\/100 tox|[from] psn\n|-damage|p1a: druid|75\/100 brn|[from] brn\n|upkeep\n|-enditem|p2a: Two-Faced|Iapapa Berry|[eat]\n|-heal|p2a: Two-Faced|54\/100 tox|[from] item: Iapapa Berry\n|turn|19\n|\n|t:|1700611137\n|move|p2a: Two-Faced|Bitter Malice|p1a: druid\n|-damage|p1a: druid|55\/100 brn\n|-unboost|p1a: druid|atk|1\n|move|p1a: druid|Recover|p1a: druid\n|-heal|p1a: druid|100\/100 brn\n|\n|-damage|p2a: Two-Faced|30\/100 tox|[from] psn\n|-damage|p1a: druid|94\/100 brn|[from] brn\n|upkeep\n|turn|20\n|\n|t:|1700611148\n|move|p2a: Two-Faced|Bitter Malice|p1a: druid\n|-damage|p1a: druid|75\/100 brn\n|-unboost|p1a: druid|atk|1\n|move|p1a: druid|Stealth Rock|p2a: Two-Faced\n|-sidestart|p2: Masocha|move: Stealth Rock\n|\n|-heal|p1a: druid|82\/100 brn|[from] item: Leftovers\n|-damage|p2a: Two-Faced|0 fnt|[from] psn\n|faint|p2a: Two-Faced\n|-damage|p1a: druid|75\/100 brn|[from] brn\n|upkeep\n|\n|t:|1700611159\n|switch|p2a: Get Bonkd|Ogerpon-Wellspring, F|100\/100\n|-damage|p2a: Get Bonkd|88\/100|[from] Stealth Rock\n|turn|21\n|\n|t:|1700611166\n|move|p2a: Get Bonkd|Leech Seed|p1a: druid\n|-start|p1a: druid|move: Leech Seed\n|move|p1a: druid|Toxic|p2a: Get Bonkd\n|-status|p2a: Get Bonkd|tox\n|\n|-heal|p1a: druid|82\/100 brn|[from] item: Leftovers\n|-damage|p1a: druid|69\/100 brn|[from] Leech Seed|[of] p2a: Get Bonkd\n|-heal|p2a: Get Bonkd|100\/100 tox|[silent]\n|-damage|p2a: Get Bonkd|94\/100 tox|[from] psn\n|-damage|p1a: druid|63\/100 brn|[from] brn\n|upkeep\n|turn|22\n|\n|t:|1700611180\n|switch|p1a: cleric|Alomomola, M, shiny|100\/100\n|move|p2a: Get Bonkd|Stomping Tantrum|p1a: cleric\n|-damage|p1a: cleric|88\/100\n|\n|-damage|p2a: Get Bonkd|82\/100 tox|[from] psn\n|upkeep\n|turn|23\n|\n|t:|1700611191\n|move|p2a: Get Bonkd|Horn Leech|p1a: cleric\n|-supereffective|p1a: cleric\n|-damage|p1a: cleric|48\/100\n|-heal|p2a: Get Bonkd|100\/100 tox|[from] drain|[of] p1a: cleric\n|move|p1a: cleric|Wish|p1a: cleric\n|\n|-damage|p2a: Get Bonkd|82\/100 tox|[from] psn\n|upkeep\n|turn|24\n|\n|t:|1700611204\n|move|p1a: cleric|Protect|p1a: cleric\n|-singleturn|p1a: cleric|Protect\n|move|p2a: Get Bonkd|Horn Leech|p1a: cleric\n|-activate|p1a: cleric|move: Protect\n|\n|-heal|p1a: cleric|98\/100|[from] move: Wish|[wisher] cleric\n|-damage|p2a: Get Bonkd|58\/100 tox|[from] psn\n|upkeep\n|turn|25\n|\n|t:|1700611239\n|move|p2a: Get Bonkd|Leech Seed|p1a: cleric\n|-start|p1a: cleric|move: Leech Seed\n|move|p1a: cleric|Wish|p1a: cleric\n|\n|-damage|p1a: cleric|86\/100|[from] Leech Seed|[of] p2a: Get Bonkd\n|-heal|p2a: Get Bonkd|76\/100 tox|[silent]\n|-damage|p2a: Get Bonkd|46\/100 tox|[from] psn\n|upkeep\n|turn|26\n|\n|t:|1700611252\n|move|p2a: Get Bonkd|Spiky Shield|p2a: Get Bonkd\n|-singleturn|p2a: Get Bonkd|move: Protect\n|move|p1a: cleric|Protect||[still]\n|-fail|p1a: cleric\n|\n|-heal|p1a: cleric|100\/100|[from] move: Wish|[wisher] cleric\n|-damage|p1a: cleric|88\/100|[from] Leech Seed|[of] p2a: Get Bonkd\n|-heal|p2a: Get Bonkd|64\/100 tox|[silent]\n|-damage|p2a: Get Bonkd|28\/100 tox|[from] psn\n|upkeep\n|turn|27\n|\n|t:|1700611269\n|-terastallize|p1a: cleric|Flying\n|move|p2a: Get Bonkd|Horn Leech|p1a: cleric\n|-resisted|p1a: cleric\n|-damage|p1a: cleric|78\/100\n|-heal|p2a: Get Bonkd|36\/100 tox|[from] drain|[of] p1a: cleric\n|move|p1a: cleric|Wish|p1a: cleric\n|\n|-damage|p1a: cleric|65\/100|[from] Leech Seed|[of] p2a: Get Bonkd\n|-heal|p2a: Get Bonkd|54\/100 tox|[silent]\n|-damage|p2a: Get Bonkd|11\/100 tox|[from] psn\n|upkeep\n|turn|28\n|\n|t:|1700611280\n|switch|p1a: druid|Clodsire, M|63\/100 brn\n|move|p2a: Get Bonkd|Horn Leech|p1a: druid\n|-damage|p1a: druid|23\/100 brn\n|-heal|p2a: Get Bonkd|37\/100 tox|[from] drain|[of] p1a: druid\n|\n|-heal|p1a: druid|80\/100 brn|[from] move: Wish|[wisher] cleric\n|-heal|p1a: druid|86\/100 brn|[from] item: Leftovers\n|-damage|p2a: Get Bonkd|0 fnt|[from] psn\n|faint|p2a: Get Bonkd\n|-damage|p1a: druid|80\/100 brn|[from] brn\n|upkeep\n|\n|t:|1700611293\n|switch|p2a: Himalayan|Garganacl, F, shiny, tera:Dragon|25\/100\n|-damage|p2a: Himalayan|13\/100|[from] Stealth Rock\n|turn|29\n|\n|t:|1700611298\n|move|p2a: Himalayan|Recover|p2a: Himalayan\n|-heal|p2a: Himalayan|63\/100\n|move|p1a: druid|Earthquake|p2a: Himalayan\n|-damage|p2a: Himalayan|54\/100\n|\n|-heal|p2a: Himalayan|60\/100|[from] item: Leftovers\n|-heal|p1a: druid|86\/100 brn|[from] item: Leftovers\n|-damage|p1a: druid|80\/100 brn|[from] brn\n|upkeep\n|turn|30\n|\n|t:|1700611306\n|move|p2a: Himalayan|Recover|p2a: Himalayan\n|-heal|p2a: Himalayan|100\/100\n|move|p1a: druid|Toxic|p2a: Himalayan\n|-immune|p2a: Himalayan|[from] ability: Purifying Salt\n|\n|-heal|p1a: druid|86\/100 brn|[from] item: Leftovers\n|-damage|p1a: druid|80\/100 brn|[from] brn\n|upkeep\n|turn|31\n|\n|t:|1700611317\n|switch|p1a: cleric|Alomomola, M, shiny, tera:Flying|99\/100\n|move|p2a: Himalayan|Salt Cure|p1a: cleric\n|-supereffective|p1a: cleric\n|-damage|p1a: cleric|84\/100\n|-start|p1a: cleric|Salt Cure\n|\n|-damage|p1a: cleric|72\/100|[from] Salt Cure\n|upkeep\n|turn|32\n|\n|t:|1700611325\n|move|p2a: Himalayan|Protect|p2a: Himalayan\n|-singleturn|p2a: Himalayan|Protect\n|move|p1a: cleric|Wish|p1a: cleric\n|\n|-damage|p1a: cleric|59\/100|[from] Salt Cure\n|upkeep\n|turn|33\n|\n|t:|1700611331\n|move|p1a: cleric|Flip Turn|p2a: Himalayan\n|-resisted|p2a: Himalayan\n|-damage|p2a: Himalayan|95\/100\n|\n|t:|1700611334\n|switch|p1a: barbarian|Ursaluna, F|38\/100 brn|[from] Flip Turn\n|move|p2a: Himalayan|Salt Cure|p1a: barbarian\n|-resisted|p1a: barbarian\n|-crit|p1a: barbarian\n|-damage|p1a: barbarian|30\/100 brn\n|-start|p1a: barbarian|Salt Cure\n|\n|-heal|p1a: barbarian|92\/100 brn|[from] move: Wish|[wisher] cleric\n|-heal|p2a: Himalayan|100\/100|[from] item: Leftovers\n|-damage|p1a: barbarian|85\/100 brn|[from] brn\n|-damage|p1a: barbarian|73\/100 brn|[from] Salt Cure\n|upkeep\n|turn|34\n|\n|t:|1700611349\n|move|p2a: Himalayan|Protect|p2a: Himalayan\n|-singleturn|p2a: Himalayan|Protect\n|move|p1a: barbarian|Facade|p2a: Himalayan\n|-activate|p2a: Himalayan|move: Protect\n|\n|-damage|p1a: barbarian|67\/100 brn|[from] brn\n|-damage|p1a: barbarian|54\/100 brn|[from] Salt Cure\n|upkeep\n|turn|35\n|\n|t:|1700611356\n|move|p1a: barbarian|Facade|p2a: Himalayan\n|-damage|p2a: Himalayan|19\/100\n|move|p2a: Himalayan|Recover|p2a: Himalayan\n|-heal|p2a: Himalayan|69\/100\n|\n|-heal|p2a: Himalayan|75\/100|[from] item: Leftovers\n|-damage|p1a: barbarian|48\/100 brn|[from] brn\n|-damage|p1a: barbarian|35\/100 brn|[from] Salt Cure\n|upkeep\n|turn|36\n|\n|t:|1700611365\n|switch|p1a: cleric|Alomomola, M, shiny, tera:Flying|93\/100\n|move|p2a: Himalayan|Protect||[still]\n|-fail|p2a: Himalayan\n|\n|-heal|p2a: Himalayan|82\/100|[from] item: Leftovers\n|upkeep\n|turn|37\n|\n|t:|1700611372\n|move|p1a: cleric|Wish|p1a: cleric\n|move|p2a: Himalayan|Salt Cure|p1a: cleric\n|-supereffective|p1a: cleric\n|-damage|p1a: cleric|77\/100\n|-start|p1a: cleric|Salt Cure\n|\n|-heal|p2a: Himalayan|88\/100|[from] item: Leftovers\n|-damage|p1a: cleric|65\/100|[from] Salt Cure\n|upkeep\n|turn|38\n|\n|t:|1700611382\n|move|p1a: cleric|Flip Turn|p2a: Himalayan\n|-resisted|p2a: Himalayan\n|-damage|p2a: Himalayan|82\/100\n|\n|t:|1700611386\n|switch|p1a: barbarian|Ursaluna, F|35\/100 brn|[from] Flip Turn\n|move|p2a: Himalayan|Salt Cure|p1a: barbarian\n|-resisted|p1a: barbarian\n|-damage|p1a: barbarian|30\/100 brn\n|-start|p1a: barbarian|Salt Cure\n|\n|-heal|p1a: barbarian|92\/100 brn|[from] move: Wish|[wisher] cleric\n|-heal|p2a: Himalayan|88\/100|[from] item: Leftovers\n|-damage|p1a: barbarian|86\/100 brn|[from] brn\n|-damage|p1a: barbarian|73\/100 brn|[from] Salt Cure\n|upkeep\n|turn|39\n|\n|t:|1700611399\n|move|p2a: Himalayan|Protect|p2a: Himalayan\n|-singleturn|p2a: Himalayan|Protect\n|move|p1a: barbarian|Swords Dance|p1a: barbarian\n|-boost|p1a: barbarian|atk|2\n|\n|-heal|p2a: Himalayan|94\/100|[from] item: Leftovers\n|-damage|p1a: barbarian|67\/100 brn|[from] brn\n|-damage|p1a: barbarian|54\/100 brn|[from] Salt Cure\n|upkeep\n|turn|40\n|\n|t:|1700611410\n|move|p2a: Himalayan|Protect||[still]\n|-fail|p2a: Himalayan\n|move|p1a: barbarian|Facade|p2a: Himalayan\n|-damage|p2a: Himalayan|0 fnt\n|faint|p2a: Himalayan\n|\n|win|anonymeowz\n|l|\u2606anonymeowz\n|l|\u2606Masocha\n","uploadtime":1700611438,"views":6,"p1id":"anonymeowz","p2id":"masocha","formatid":"gen9ou","rating":0,"private":0,"password":""}