{"id":"gen9ou-1989009126","p1":"pedallo2","p2":"7#tm","format":"[Gen 9] OU","log":"|j|\u2606pedallo2\n|j|\u26067#tm\n|t:|1699801659\n|gametype|singles\n|player|p1|pedallo2|grimsley|1522\n|player|p2|7#tm|fantina|1513\n|teamsize|p1|6\n|teamsize|p2|6\n|gen|9\n|tier|[Gen 9] OU\n|rated|\n|rule|Sleep Clause Mod: Limit one foe put to sleep\n|rule|Species Clause: Limit one of each Pok\u00e9mon\n|rule|OHKO Clause: OHKO moves are banned\n|rule|Evasion Items Clause: Evasion items are banned\n|rule|Evasion Moves Clause: Evasion moves are banned\n|rule|Endless Battle Clause: Forcing endless battles is banned\n|rule|HP Percentage Mod: HP is shown in percentages\n|clearpoke\n|poke|p1|Glimmora, M|\n|poke|p1|Gholdengo|\n|poke|p1|Ogerpon-Wellspring, F|\n|poke|p1|Kingambit, M|\n|poke|p1|Iron Moth|\n|poke|p1|Enamorus, F|\n|poke|p2|Torkoal, M|\n|poke|p2|Walking Wake|\n|poke|p2|Lilligant-Hisui, F|\n|poke|p2|Cresselia, F|\n|poke|p2|Cinderace, F|\n|poke|p2|Enamorus-Therian, F|\n|teampreview\n|inactive|Battle timer is ON: inactive players will automatically lose when time's up. (requested by 7#tm)\n|\n|t:|1699801665\n|start\n|switch|p1a: Glimmora|Glimmora, M|100\/100\n|switch|p2a: Walking Wake|Walking Wake|100\/100\n|turn|1\n|\n|t:|1699801675\n|switch|p1a: Ogerpon|Ogerpon-Wellspring, F|100\/100\n|move|p2a: Walking Wake|Hydro Steam|p1a: Ogerpon\n|-immune|p1a: Ogerpon|[from] ability: Water Absorb\n|\n|upkeep\n|turn|2\n|\n|t:|1699801683\n|-end|p2a: Walking Wake|Protosynthesis|[silent]\n|switch|p2a: Torkoal|Torkoal, M|100\/100\n|-weather|SunnyDay|[from] ability: Drought|[of] p2a: Torkoal\n|move|p1a: Ogerpon|Ivy Cudgel|p2a: Torkoal\n|-supereffective|p2a: Torkoal\n|-damage|p2a: Torkoal|69\/100\n|\n|-weather|SunnyDay|[upkeep]\n|upkeep\n|turn|3\n|\n|t:|1699801691\n|move|p1a: Ogerpon|Swords Dance|p1a: Ogerpon\n|-boost|p1a: Ogerpon|atk|2\n|move|p2a: Torkoal|Yawn|p1a: Ogerpon\n|-start|p1a: Ogerpon|move: Yawn|[of] p2a: Torkoal\n|\n|-weather|SunnyDay|[upkeep]\n|upkeep\n|turn|4\n|\n|t:|1699801698\n|move|p1a: Ogerpon|Ivy Cudgel|p2a: Torkoal\n|-supereffective|p2a: Torkoal\n|-damage|p2a: Torkoal|1\/100\n|move|p2a: Torkoal|Stealth Rock|p1a: Ogerpon\n|-sidestart|p1: pedallo2|move: Stealth Rock\n|\n|-weather|SunnyDay|[upkeep]\n|-end|p1a: Ogerpon|move: Yawn|[silent]\n|-status|p1a: Ogerpon|slp\n|upkeep\n|turn|5\n|\n|t:|1699801710\n|switch|p1a: Glimmora|Glimmora, M|100\/100\n|-damage|p1a: Glimmora|88\/100|[from] Stealth Rock\n|switch|p2a: Cinderace|Cinderace, F|100\/100\n|\n|-weather|SunnyDay|[upkeep]\n|upkeep\n|turn|6\n|\n|t:|1699801720\n|move|p2a: Cinderace|High Jump Kick|p1a: Glimmora\n|-start|p2a: Cinderace|typechange|Fighting|[from] ability: Libero\n|-damage|p1a: Glimmora|15\/100\n|-activate|p1a: Glimmora|ability: Toxic Debris\n|-sidestart|p2: 7#tm|move: Toxic Spikes\n|move|p1a: Glimmora|Stealth Rock|p2a: Cinderace\n|-sidestart|p2: 7#tm|move: Stealth Rock\n|\n|-weather|SunnyDay|[upkeep]\n|upkeep\n|turn|7\n|\n|t:|1699801741\n|move|p2a: Cinderace|Pyro Ball|p1a: Glimmora|[miss]\n|-miss|p2a: Cinderace|p1a: Glimmora\n|move|p1a: Glimmora|Mortal Spin|p2a: Cinderace\n|-damage|p2a: Cinderace|92\/100\n|-status|p2a: Cinderace|psn\n|-sideend|p1: pedallo2|Stealth Rock|[from] move: Mortal Spin|[of] p1a: Glimmora\n|\n|-weather|SunnyDay|[upkeep]\n|-damage|p2a: Cinderace|79\/100 psn|[from] psn\n|upkeep\n|turn|8\n|\n|t:|1699801754\n|move|p2a: Cinderace|Court Change|p2a: Cinderace\n|-swapsideconditions\n|-activate|p2a: Cinderace|move: Court Change\n|move|p1a: Glimmora|Stealth Rock|p2a: Cinderace\n|-sidestart|p2: 7#tm|move: Stealth Rock\n|\n|-weather|SunnyDay|[upkeep]\n|-damage|p2a: Cinderace|67\/100 psn|[from] psn\n|upkeep\n|turn|9\n|\n|t:|1699801762\n|move|p2a: Cinderace|Pyro Ball|p1a: Glimmora|[miss]\n|-miss|p2a: Cinderace|p1a: Glimmora\n|move|p1a: Glimmora|Mortal Spin|p2a: Cinderace\n|-damage|p2a: Cinderace|59\/100 psn\n|-sideend|p1: pedallo2|Toxic Spikes|[from] move: Mortal Spin|[of] p1a: Glimmora\n|-sideend|p1: pedallo2|Stealth Rock|[from] move: Mortal Spin|[of] p1a: Glimmora\n|\n|-weather|none\n|-damage|p2a: Cinderace|47\/100 psn|[from] psn\n|upkeep\n|turn|10\n|\n|t:|1699801771\n|move|p2a: Cinderace|Court Change|p2a: Cinderace\n|-swapsideconditions\n|-activate|p2a: Cinderace|move: Court Change\n|move|p1a: Glimmora|Stealth Rock|p2a: Cinderace\n|-sidestart|p2: 7#tm|move: Stealth Rock\n|\n|-damage|p2a: Cinderace|34\/100 psn|[from] psn\n|upkeep\n|turn|11\n|\n|t:|1699801777\n|move|p2a: Cinderace|High Jump Kick|p1a: Glimmora\n|-damage|p1a: Glimmora|0 fnt\n|-activate|p1a: Glimmora|ability: Toxic Debris\n|-sidestart|p2: 7#tm|move: Toxic Spikes\n|faint|p1a: Glimmora\n|\n|-damage|p2a: Cinderace|22\/100 psn|[from] psn\n|upkeep\n|\n|t:|1699801796\n|switch|p1a: Enamorus|Enamorus, F|100\/100\n|-damage|p1a: Enamorus|76\/100|[from] Stealth Rock\n|turn|12\n|\n|t:|1699801809\n|move|p1a: Enamorus|Moonblast|p2a: Cinderace\n|-supereffective|p2a: Cinderace\n|-damage|p2a: Cinderace|0 fnt\n|faint|p2a: Cinderace\n|\n|upkeep\n|\n|t:|1699801825\n|switch|p2a: Enamorus|Enamorus-Therian, F|100\/100\n|-damage|p2a: Enamorus|76\/100|[from] Stealth Rock\n|turn|13\n|\n|t:|1699801830\n|move|p1a: Enamorus|Moonblast|p2a: Enamorus\n|-damage|p2a: Enamorus|35\/100\n|-unboost|p2a: Enamorus|spa|1\n|move|p2a: Enamorus|Calm Mind|p2a: Enamorus\n|-boost|p2a: Enamorus|spa|1\n|-boost|p2a: Enamorus|spd|1\n|\n|-heal|p2a: Enamorus|41\/100|[from] item: Leftovers\n|upkeep\n|turn|14\n|\n|t:|1699801838\n|-terastallize|p1a: Enamorus|Fairy\n|move|p1a: Enamorus|Moonblast|p2a: Enamorus\n|-damage|p2a: Enamorus|5\/100\n|-unboost|p2a: Enamorus|spa|1\n|move|p2a: Enamorus|Draining Kiss|p1a: Enamorus\n|-damage|p1a: Enamorus|54\/100\n|-heal|p2a: Enamorus|18\/100|[from] drain|[of] p1a: Enamorus\n|\n|-heal|p2a: Enamorus|25\/100|[from] item: Leftovers\n|upkeep\n|turn|15\n|\n|t:|1699801852\n|move|p1a: Enamorus|Moonblast|p2a: Enamorus\n|-damage|p2a: Enamorus|0 fnt\n|faint|p2a: Enamorus\n|\n|upkeep\n|\n|t:|1699801860\n|switch|p2a: Cresselia|Cresselia, F|100\/100\n|-damage|p2a: Cresselia|88\/100|[from] Stealth Rock\n|turn|16\n|\n|t:|1699801865\n|-terastallize|p2a: Cresselia|Poison\n|move|p1a: Enamorus|Moonblast|p2a: Cresselia\n|-resisted|p2a: Cresselia\n|-damage|p2a: Cresselia|66\/100\n|-unboost|p2a: Cresselia|spa|1\n|move|p2a: Cresselia|Calm Mind|p2a: Cresselia\n|-boost|p2a: Cresselia|spa|1\n|-boost|p2a: Cresselia|spd|1\n|\n|-heal|p2a: Cresselia|73\/100|[from] item: Leftovers\n|upkeep\n|turn|17\n|\n|t:|1699801877\n|switch|p1a: Kingambit|Kingambit, M|100\/100\n|-damage|p1a: Kingambit|94\/100|[from] Stealth Rock\n|-activate|p1a: Kingambit|ability: Supreme Overlord\n|-start|p1a: Kingambit|fallen1|[silent]\n|move|p2a: Cresselia|Calm Mind|p2a: Cresselia\n|-boost|p2a: Cresselia|spa|1\n|-boost|p2a: Cresselia|spd|1\n|\n|-heal|p2a: Cresselia|79\/100|[from] item: Leftovers\n|upkeep\n|turn|18\n|\n|t:|1699801888\n|move|p2a: Cresselia|Calm Mind|p2a: Cresselia\n|-boost|p2a: Cresselia|spa|1\n|-boost|p2a: Cresselia|spd|1\n|move|p1a: Kingambit|Iron Head|p2a: Cresselia\n|-damage|p2a: Cresselia|51\/100\n|\n|-heal|p2a: Cresselia|57\/100|[from] item: Leftovers\n|upkeep\n|turn|19\n|\n|t:|1699801897\n|move|p2a: Cresselia|Calm Mind|p2a: Cresselia\n|-boost|p2a: Cresselia|spa|1\n|-boost|p2a: Cresselia|spd|1\n|move|p1a: Kingambit|Kowtow Cleave|p2a: Cresselia\n|-damage|p2a: Cresselia|23\/100\n|\n|-heal|p2a: Cresselia|29\/100|[from] item: Leftovers\n|upkeep\n|turn|20\n|\n|t:|1699801906\n|move|p1a: Kingambit|Sucker Punch||[still]\n|-fail|p1a: Kingambit\n|move|p2a: Cresselia|Moonlight|p2a: Cresselia\n|-heal|p2a: Cresselia|79\/100\n|\n|-heal|p2a: Cresselia|85\/100|[from] item: Leftovers\n|upkeep\n|turn|21\n|\n|t:|1699801913\n|move|p2a: Cresselia|Moonblast|p1a: Kingambit\n|-damage|p1a: Kingambit|47\/100\n|-unboost|p1a: Kingambit|spa|1\n|move|p1a: Kingambit|Kowtow Cleave|p2a: Cresselia\n|-damage|p2a: Cresselia|51\/100\n|\n|-heal|p2a: Cresselia|57\/100|[from] item: Leftovers\n|upkeep\n|turn|22\n|\n|t:|1699801923\n|move|p2a: Cresselia|Moonblast|p1a: Kingambit\n|-damage|p1a: Kingambit|2\/100\n|move|p1a: Kingambit|Kowtow Cleave|p2a: Cresselia\n|-damage|p2a: Cresselia|26\/100\n|\n|-heal|p2a: Cresselia|32\/100|[from] item: Leftovers\n|upkeep\n|turn|23\n|\n|t:|1699801930\n|move|p2a: Cresselia|Moonlight|p2a: Cresselia\n|-heal|p2a: Cresselia|82\/100\n|move|p1a: Kingambit|Kowtow Cleave|p2a: Cresselia\n|-damage|p2a: Cresselia|46\/100\n|\n|-heal|p2a: Cresselia|53\/100|[from] item: Leftovers\n|upkeep\n|turn|24\n|\n|t:|1699801938\n|move|p2a: Cresselia|Moonblast|p1a: Kingambit\n|-crit|p1a: Kingambit\n|-damage|p1a: Kingambit|0 fnt\n|faint|p1a: Kingambit\n|-end|p1a: Kingambit|fallen1|[silent]\n|\n|-heal|p2a: Cresselia|59\/100|[from] item: Leftovers\n|upkeep\n|\n|t:|1699801946\n|switch|p1a: Gholdengo|Gholdengo|100\/100\n|-damage|p1a: Gholdengo|94\/100|[from] Stealth Rock\n|-item|p1a: Gholdengo|Air Balloon\n|turn|25\n|\n|t:|1699801951\n|move|p1a: Gholdengo|Shadow Ball|p2a: Cresselia\n|-damage|p2a: Cresselia|49\/100\n|-unboost|p2a: Cresselia|spd|1\n|move|p2a: Cresselia|Stored Power|p1a: Gholdengo\n|-resisted|p1a: Gholdengo\n|-damage|p1a: Gholdengo|44\/100\n|-enditem|p1a: Gholdengo|Air Balloon\n|\n|-heal|p2a: Cresselia|55\/100|[from] item: Leftovers\n|upkeep\n|turn|26\n|\n|t:|1699801972\n|move|p1a: Gholdengo|Recover|p1a: Gholdengo\n|-heal|p1a: Gholdengo|94\/100\n|move|p2a: Cresselia|Stored Power|p1a: Gholdengo\n|-resisted|p1a: Gholdengo\n|-damage|p1a: Gholdengo|42\/100\n|\n|-heal|p2a: Cresselia|61\/100|[from] item: Leftovers\n|upkeep\n|turn|27\n|\n|t:|1699801987\n|move|p1a: Gholdengo|Make It Rain|p2a: Cresselia\n|-damage|p2a: Cresselia|43\/100\n|-unboost|p1a: Gholdengo|spa|1\n|move|p2a: Cresselia|Stored Power|p1a: Gholdengo\n|-resisted|p1a: Gholdengo\n|-damage|p1a: Gholdengo|0 fnt\n|faint|p1a: Gholdengo\n|\n|-heal|p2a: Cresselia|49\/100|[from] item: Leftovers\n|upkeep\n|\n|t:|1699801996\n|switch|p1a: Ogerpon|Ogerpon-Wellspring, F|100\/100 slp\n|-damage|p1a: Ogerpon|88\/100 slp|[from] Stealth Rock\n|turn|28\n|\n|t:|1699802002\n|cant|p1a: Ogerpon|slp\n|move|p2a: Cresselia|Moonlight|p2a: Cresselia\n|-heal|p2a: Cresselia|99\/100\n|\n|-heal|p2a: Cresselia|100\/100|[from] item: Leftovers\n|upkeep\n|turn|29\n|\n|t:|1699802008\n|cant|p1a: Ogerpon|slp\n|move|p2a: Cresselia|Stored Power|p1a: Ogerpon\n|-damage|p1a: Ogerpon|0 fnt\n|faint|p1a: Ogerpon\n|\n|upkeep\n|\n|t:|1699802011\n|switch|p1a: Iron Moth|Iron Moth|100\/100\n|-damage|p1a: Iron Moth|76\/100|[from] Stealth Rock\n|-enditem|p1a: Iron Moth|Booster Energy\n|-activate|p1a: Iron Moth|ability: Quark Drive|[fromitem]\n|-start|p1a: Iron Moth|quarkdrivespe\n|turn|30\n|-message|pedallo2 forfeited.\n|\n|win|7#tm\n|raw|pedallo2's rating: 1522 &rarr; <strong>1501<\/strong><br \/>(-21 for losing)\n|raw|7#tm's rating: 1513 &rarr; <strong>1534<\/strong><br \/>(+21 for winning)\n|l|\u2606pedallo2\n","uploadtime":1699802029,"views":8,"p1id":"pedallo2","p2id":"7tm","formatid":"gen9ou","rating":1501,"private":0,"password":""}