{"id":"gen9ou-1990523281","p1":"Manjack","p2":"vajinbuuuu","format":"[Gen 9] OU","log":"|j|\u2606Manjack\n|j|\u2606vajinbuuuu\n|t:|1699978453\n|gametype|singles\n|player|p1|Manjack|preschooler|1497\n|player|p2|vajinbuuuu|2|1477\n|teamsize|p1|6\n|teamsize|p2|6\n|gen|9\n|tier|[Gen 9] OU\n|rated|\n|rule|Sleep Clause Mod: Limit one foe put to sleep\n|rule|Species Clause: Limit one of each Pok\u00e9mon\n|rule|OHKO Clause: OHKO moves are banned\n|rule|Evasion Items Clause: Evasion items are banned\n|rule|Evasion Moves Clause: Evasion moves are banned\n|rule|Endless Battle Clause: Forcing endless battles is banned\n|rule|HP Percentage Mod: HP is shown in percentages\n|clearpoke\n|poke|p1|Ogerpon, F|\n|poke|p1|Corviknight, M|\n|poke|p1|Dachsbun, F|\n|poke|p1|Landorus-Therian, M|\n|poke|p1|Rotom-Wash|\n|poke|p1|Clodsire, F|\n|poke|p2|Alomomola, F|\n|poke|p2|Slowking-Galar, F|\n|poke|p2|Kingambit, F|\n|poke|p2|Great Tusk|\n|poke|p2|Cinderace, F|\n|poke|p2|Thundurus-Therian, M|\n|teampreview\n|inactive|Battle timer is ON: inactive players will automatically lose when time's up. (requested by vajinbuuuu)\n|c|\u2606Manjack|Glhf\n|\n|t:|1699978473\n|start\n|switch|p1a: Landorus|Landorus-Therian, M|100\/100\n|switch|p2a: Alomomola|Alomomola, F|100\/100\n|-ability|p1a: Landorus|Intimidate|boost\n|-unboost|p2a: Alomomola|atk|1\n|turn|1\n|\n|t:|1699978477\n|move|p1a: Landorus|Gravity|p1a: Landorus\n|-fieldstart|move: Gravity\n|move|p2a: Alomomola|Flip Turn|p1a: Landorus\n|-supereffective|p1a: Landorus\n|-damage|p1a: Landorus|84\/100\n|\n|t:|1699978503\n|switch|p2a: Great Tusk|Great Tusk|100\/100|[from] Flip Turn\n|\n|-heal|p1a: Landorus|90\/100|[from] item: Leftovers\n|upkeep\n|turn|2\n|\n|t:|1699978508\n|move|p2a: Great Tusk|Ice Spinner|p1a: Landorus\n|-supereffective|p1a: Landorus\n|-damage|p1a: Landorus|11\/100\n|move|p1a: Landorus|Sandsear Storm|p2a: Great Tusk\n|-damage|p2a: Great Tusk|36\/100\n|\n|-heal|p1a: Landorus|17\/100|[from] item: Leftovers\n|upkeep\n|turn|3\n|\n|t:|1699978517\n|switch|p1a: Rotom|Rotom-Wash|100\/100\n|move|p2a: Great Tusk|Rapid Spin|p1a: Rotom\n|-damage|p1a: Rotom|87\/100\n|-boost|p2a: Great Tusk|spe|1\n|\n|-heal|p1a: Rotom|93\/100|[from] item: Leftovers\n|upkeep\n|turn|4\n|\n|t:|1699978529\n|-end|p2a: Great Tusk|Protosynthesis|[silent]\n|switch|p2a: Slowking|Slowking-Galar, F|100\/100\n|switch|p1a: Dachsbun|Dachsbun, F|100\/100\n|\n|upkeep\n|turn|5\n|\n|t:|1699978537\n|move|p1a: Dachsbun|Snarl|p2a: Slowking\n|-supereffective|p2a: Slowking\n|-damage|p2a: Slowking|92\/100\n|-unboost|p2a: Slowking|spa|1\n|move|p2a: Slowking|Sludge Bomb|p1a: Dachsbun\n|-supereffective|p1a: Dachsbun\n|-damage|p1a: Dachsbun|40\/100\n|\n|-heal|p1a: Dachsbun|46\/100|[from] item: Leftovers\n|-fieldend|move: Gravity\n|upkeep\n|turn|6\n|\n|t:|1699978544\n|move|p1a: Dachsbun|Protect|p1a: Dachsbun\n|-singleturn|p1a: Dachsbun|Protect\n|move|p2a: Slowking|Chilly Reception|p2a: Slowking\n|-weather|Snow\n|inactive|vajinbuuuu has 120 seconds left.\n|\n|t:|1699978595\n|switch|p2a: Great Tusk|Great Tusk|36\/100|[from] Chilly Reception\n|\n|-weather|Snow|[upkeep]\n|-heal|p1a: Dachsbun|52\/100|[from] item: Leftovers\n|upkeep\n|turn|7\n|\n|t:|1699978603\n|move|p2a: Great Tusk|Stealth Rock|p1a: Dachsbun\n|-sidestart|p1: Manjack|move: Stealth Rock\n|move|p1a: Dachsbun|Wish|p1a: Dachsbun\n|\n|-weather|Snow|[upkeep]\n|-heal|p1a: Dachsbun|58\/100|[from] item: Leftovers\n|upkeep\n|turn|8\n|\n|t:|1699978609\n|-end|p2a: Great Tusk|Protosynthesis|[silent]\n|switch|p2a: Slowking|Slowking-Galar, F|100\/100\n|move|p1a: Dachsbun|Body Press|p2a: Slowking\n|-resisted|p2a: Slowking\n|-damage|p2a: Slowking|93\/100\n|\n|-weather|Snow|[upkeep]\n|-heal|p1a: Dachsbun|100\/100|[from] move: Wish|[wisher] Dachsbun\n|upkeep\n|turn|9\n|inactive|vajinbuuuu has 120 seconds left.\n|\n|t:|1699978616\n|switch|p1a: Corviknight|Corviknight, M|100\/100\n|-damage|p1a: Corviknight|88\/100|[from] Stealth Rock\n|-ability|p1a: Corviknight|Pressure\n|move|p2a: Slowking|Sludge Bomb|p1a: Corviknight\n|-immune|p1a: Corviknight\n|\n|-weather|Snow|[upkeep]\n|-heal|p1a: Corviknight|94\/100|[from] item: Leftovers\n|upkeep\n|turn|10\n|\n|t:|1699978620\n|move|p1a: Corviknight|Defog|p2a: Slowking\n|-unboost|p2a: Slowking|evasion|1\n|-sideend|p1: Manjack|Stealth Rock|[from] move: Defog|[of] p1a: Corviknight\n|move|p2a: Slowking|Ice Beam|p1a: Corviknight\n|-damage|p1a: Corviknight|71\/100\n|-status|p1a: Corviknight|frz\n|\n|-weather|none\n|-heal|p1a: Corviknight|77\/100 frz|[from] item: Leftovers\n|upkeep\n|turn|11\n|\n|t:|1699978634\n|switch|p2a: Thundurus|Thundurus-Therian, M|100\/100\n|cant|p1a: Corviknight|frz\n|\n|-heal|p1a: Corviknight|83\/100 frz|[from] item: Leftovers\n|upkeep\n|turn|12\n|\n|t:|1699978653\n|switch|p2a: Great Tusk|Great Tusk|36\/100\n|switch|p1a: Clodsire|Clodsire, F|100\/100\n|\n|upkeep\n|turn|13\n|inactive|vajinbuuuu has 120 seconds left.\n|\n|t:|1699978669\n|switch|p1a: Corviknight|Corviknight, M|83\/100 frz\n|-ability|p1a: Corviknight|Pressure\n|move|p2a: Great Tusk|Stealth Rock|p1a: Corviknight\n|-sidestart|p1: Manjack|move: Stealth Rock\n|\n|-heal|p1a: Corviknight|89\/100 frz|[from] item: Leftovers\n|upkeep\n|turn|14\n|\n|t:|1699978677\n|-end|p2a: Great Tusk|Protosynthesis|[silent]\n|switch|p2a: Cinderace|Cinderace, F|100\/100\n|cant|p1a: Corviknight|frz\n|\n|-heal|p1a: Corviknight|95\/100 frz|[from] item: Leftovers\n|upkeep\n|turn|15\n|inactive|Manjack has 120 seconds left.\n|\n|t:|1699978710\n|move|p2a: Cinderace|Pyro Ball|p1a: Corviknight\n|-supereffective|p1a: Corviknight\n|-damage|p1a: Corviknight|27\/100 frz\n|-curestatus|p1a: Corviknight|frz|[msg]\n|move|p1a: Corviknight|Roost|p1a: Corviknight\n|-heal|p1a: Corviknight|77\/100\n|-singleturn|p1a: Corviknight|move: Roost\n|\n|-heal|p1a: Corviknight|83\/100|[from] item: Leftovers\n|upkeep\n|turn|16\n|c|\u2606Manjack|Thx\n|\n|t:|1699978719\n|switch|p1a: Dachsbun|Dachsbun, F|100\/100\n|-damage|p1a: Dachsbun|88\/100|[from] Stealth Rock\n|move|p2a: Cinderace|Pyro Ball|p1a: Dachsbun\n|-ability|p1a: Dachsbun|Well-Baked Body|boost\n|-boost|p1a: Dachsbun|def|2\n|\n|-heal|p1a: Dachsbun|94\/100|[from] item: Leftovers\n|upkeep\n|turn|17\n|\n|t:|1699978726\n|move|p2a: Cinderace|U-turn|p1a: Dachsbun\n|-start|p2a: Cinderace|typechange|Bug|[from] ability: Libero\n|-resisted|p1a: Dachsbun\n|-damage|p1a: Dachsbun|88\/100\n|\n|t:|1699978731\n|switch|p2a: Slowking|Slowking-Galar, F|100\/100|[from] U-turn\n|move|p1a: Dachsbun|Body Press|p2a: Slowking\n|-resisted|p2a: Slowking\n|-damage|p2a: Slowking|87\/100\n|\n|-heal|p1a: Dachsbun|94\/100|[from] item: Leftovers\n|upkeep\n|turn|18\n|\n|t:|1699978735\n|switch|p1a: Corviknight|Corviknight, M|83\/100\n|-damage|p1a: Corviknight|71\/100|[from] Stealth Rock\n|-ability|p1a: Corviknight|Pressure\n|move|p2a: Slowking|Sludge Bomb|p1a: Corviknight\n|-immune|p1a: Corviknight\n|\n|-heal|p1a: Corviknight|77\/100|[from] item: Leftovers\n|upkeep\n|turn|19\n|\n|t:|1699978738\n|move|p1a: Corviknight|Defog|p2a: Slowking\n|-unboost|p2a: Slowking|evasion|1\n|-sideend|p1: Manjack|Stealth Rock|[from] move: Defog|[of] p1a: Corviknight\n|move|p2a: Slowking|Chilly Reception|p2a: Slowking\n|-weather|Snow\n|\n|t:|1699978743\n|switch|p2a: Thundurus|Thundurus-Therian, M|100\/100|[from] Chilly Reception\n|\n|-weather|Snow|[upkeep]\n|-heal|p1a: Corviknight|83\/100|[from] item: Leftovers\n|upkeep\n|turn|20\n|\n|t:|1699978752\n|switch|p1a: Landorus|Landorus-Therian, M|17\/100\n|-ability|p1a: Landorus|Intimidate|boost\n|-unboost|p2a: Thundurus|atk|1\n|move|p2a: Thundurus|Knock Off|p1a: Landorus\n|-damage|p1a: Landorus|5\/100\n|-enditem|p1a: Landorus|Leftovers|[from] move: Knock Off|[of] p2a: Thundurus\n|\n|-weather|Snow|[upkeep]\n|upkeep\n|turn|21\n|\n|t:|1699978759\n|switch|p1a: Clodsire|Clodsire, F|100\/100\n|move|p2a: Thundurus|Knock Off|p1a: Clodsire\n|-damage|p1a: Clodsire|79\/100\n|-enditem|p1a: Clodsire|Leftovers|[from] move: Knock Off|[of] p2a: Thundurus\n|\n|-weather|Snow|[upkeep]\n|upkeep\n|turn|22\n|\n|t:|1699978779\n|switch|p2a: Alomomola|Alomomola, F|100\/100\n|move|p1a: Clodsire|Toxic|p2a: Alomomola\n|-status|p2a: Alomomola|tox\n|\n|-weather|Snow|[upkeep]\n|-damage|p2a: Alomomola|94\/100 tox|[from] psn\n|upkeep\n|turn|23\n|\n|t:|1699978809\n|switch|p1a: Rotom|Rotom-Wash|93\/100\n|move|p2a: Alomomola|Wish|p2a: Alomomola\n|\n|-weather|none\n|-heal|p1a: Rotom|99\/100|[from] item: Leftovers\n|-damage|p2a: Alomomola|82\/100 tox|[from] psn\n|upkeep\n|turn|24\n|\n|t:|1699978822\n|switch|p2a: Great Tusk|Great Tusk|36\/100\n|move|p1a: Rotom|Volt Switch|p2a: Great Tusk\n|-immune|p2a: Great Tusk\n|\n|-heal|p2a: Great Tusk|99\/100|[from] move: Wish|[wisher] Alomomola\n|-heal|p1a: Rotom|100\/100|[from] item: Leftovers\n|upkeep\n|turn|25\n|\n|t:|1699978836\n|-end|p2a: Great Tusk|Protosynthesis|[silent]\n|switch|p2a: Slowking|Slowking-Galar, F|100\/100\n|move|p1a: Rotom|Will-O-Wisp|p2a: Slowking\n|-status|p2a: Slowking|brn\n|\n|-damage|p2a: Slowking|94\/100 brn|[from] brn\n|upkeep\n|turn|26\n|\n|t:|1699978841\n|move|p1a: Rotom|Volt Switch|p2a: Slowking\n|-damage|p2a: Slowking|80\/100 brn\n|\n|t:|1699978848\n|switch|p1a: Corviknight|Corviknight, M|83\/100|[from] Volt Switch\n|-ability|p1a: Corviknight|Pressure\n|move|p2a: Slowking|Chilly Reception|p2a: Slowking\n|-weather|Snow\n|\n|t:|1699978873\n|switch|p2a: Cinderace|Cinderace, F|100\/100|[from] Chilly Reception\n|\n|-weather|Snow|[upkeep]\n|-heal|p1a: Corviknight|89\/100|[from] item: Leftovers\n|upkeep\n|turn|27\n|\n|t:|1699978877\n|switch|p1a: Dachsbun|Dachsbun, F|94\/100\n|move|p2a: Cinderace|Will-O-Wisp|p1a: Dachsbun\n|-ability|p1a: Dachsbun|Well-Baked Body|boost\n|-boost|p1a: Dachsbun|def|2\n|\n|-weather|Snow|[upkeep]\n|-heal|p1a: Dachsbun|99\/100|[from] item: Leftovers\n|upkeep\n|turn|28\n|\n|t:|1699978881\n|move|p2a: Cinderace|U-turn|p1a: Dachsbun\n|-start|p2a: Cinderace|typechange|Bug|[from] ability: Libero\n|-resisted|p1a: Dachsbun\n|-damage|p1a: Dachsbun|95\/100\n|\n|t:|1699978890\n|switch|p2a: Slowking|Slowking-Galar, F|100\/100 brn|[from] U-turn\n|move|p1a: Dachsbun|Wish|p1a: Dachsbun\n|\n|-weather|Snow|[upkeep]\n|-heal|p1a: Dachsbun|100\/100|[from] item: Leftovers\n|-damage|p2a: Slowking|94\/100 brn|[from] brn\n|upkeep\n|turn|29\n|\n|t:|1699978898\n|switch|p1a: Corviknight|Corviknight, M|89\/100\n|-ability|p1a: Corviknight|Pressure\n|move|p2a: Slowking|Ice Beam|p1a: Corviknight\n|-damage|p1a: Corviknight|67\/100\n|\n|-weather|Snow|[upkeep]\n|-heal|p1a: Corviknight|100\/100|[from] move: Wish|[wisher] Dachsbun\n|-damage|p2a: Slowking|88\/100 brn|[from] brn\n|upkeep\n|turn|30\n|\n|t:|1699978908\n|move|p1a: Corviknight|Brave Bird|p2a: Slowking\n|-damage|p2a: Slowking|51\/100 brn\n|-damage|p1a: Corviknight|88\/100|[from] Recoil\n|move|p2a: Slowking|Ice Beam|p1a: Corviknight\n|-damage|p1a: Corviknight|65\/100\n|\n|-weather|none\n|-heal|p1a: Corviknight|71\/100|[from] item: Leftovers\n|-damage|p2a: Slowking|45\/100 brn|[from] brn\n|upkeep\n|turn|31\n|\n|t:|1699978918\n|switch|p2a: Alomomola|Alomomola, F|100\/100 tox\n|move|p1a: Corviknight|U-turn|p2a: Alomomola\n|-crit|p2a: Alomomola\n|-damage|p2a: Alomomola|88\/100 tox\n|-enditem|p2a: Alomomola|Red Card|[of] p1a: Corviknight\n|drag|p1a: Rotom|Rotom-Wash|100\/100\n|\n|-damage|p2a: Alomomola|82\/100 tox|[from] psn\n|upkeep\n|turn|32\n|\n|t:|1699978929\n|switch|p2a: Slowking|Slowking-Galar, F|79\/100 brn\n|move|p1a: Rotom|Volt Switch|p2a: Slowking\n|-damage|p2a: Slowking|64\/100 brn\n|\n|t:|1699978935\n|switch|p1a: Landorus|Landorus-Therian, M|5\/100|[from] Volt Switch\n|-ability|p1a: Landorus|Intimidate|boost\n|-unboost|p2a: Slowking|atk|1\n|\n|-damage|p2a: Slowking|58\/100 brn|[from] brn\n|upkeep\n|turn|33\n|\n|t:|1699978945\n|switch|p2a: Alomomola|Alomomola, F|100\/100 tox\n|move|p1a: Landorus|Sandsear Storm|p2a: Alomomola\n|-damage|p2a: Alomomola|66\/100 tox\n|\n|-damage|p2a: Alomomola|60\/100 tox|[from] psn\n|upkeep\n|turn|34\n|\n|t:|1699978951\n|move|p1a: Landorus|Taunt|p2a: Alomomola\n|-start|p2a: Alomomola|move: Taunt\n|move|p2a: Alomomola|Flip Turn|p1a: Landorus\n|-supereffective|p1a: Landorus\n|-damage|p1a: Landorus|0 fnt\n|faint|p1a: Landorus\n|\n|t:|1699978961\n|switch|p2a: Cinderace|Cinderace, F|100\/100|[from] Flip Turn\n|\n|upkeep\n|\n|t:|1699978969\n|switch|p1a: Rotom|Rotom-Wash|100\/100\n|turn|35\n|\n|t:|1699978972\n|move|p2a: Cinderace|U-turn|p1a: Rotom\n|-start|p2a: Cinderace|typechange|Bug|[from] ability: Libero\n|-damage|p1a: Rotom|75\/100\n|\n|t:|1699978976\n|switch|p2a: Slowking|Slowking-Galar, F|91\/100 brn|[from] U-turn\n|move|p1a: Rotom|Hydro Pump|p2a: Slowking|[miss]\n|-miss|p1a: Rotom|p2a: Slowking\n|\n|-heal|p1a: Rotom|82\/100|[from] item: Leftovers\n|-damage|p2a: Slowking|85\/100 brn|[from] brn\n|upkeep\n|turn|36\n|\n|t:|1699978981\n|move|p1a: Rotom|Volt Switch|p2a: Slowking\n|-damage|p2a: Slowking|69\/100 brn\n|\n|t:|1699978984\n|switch|p1a: Corviknight|Corviknight, M|71\/100|[from] Volt Switch\n|-ability|p1a: Corviknight|Pressure\n|move|p2a: Slowking|Future Sight|p1a: Corviknight\n|-start|p2a: Slowking|move: Future Sight\n|\n|-heal|p1a: Corviknight|77\/100|[from] item: Leftovers\n|-damage|p2a: Slowking|63\/100 brn|[from] brn\n|upkeep\n|turn|37\n|\n|t:|1699978993\n|move|p1a: Corviknight|U-turn|p2a: Slowking\n|-damage|p2a: Slowking|49\/100 brn\n|\n|t:|1699978995\n|switch|p1a: Dachsbun|Dachsbun, F|100\/100|[from] U-turn\n|move|p2a: Slowking|Chilly Reception|p2a: Slowking\n|-weather|Snow\n|\n|t:|1699979008\n|switch|p2a: Thundurus|Thundurus-Therian, M|100\/100|[from] Chilly Reception\n|\n|-weather|Snow|[upkeep]\n|upkeep\n|turn|38\n|\n|t:|1699979012\n|-terastallize|p2a: Thundurus|Flying\n|move|p1a: Dachsbun|Protect|p1a: Dachsbun\n|-singleturn|p1a: Dachsbun|Protect\n|move|p2a: Thundurus|Tera Blast|p1a: Dachsbun|[anim] Tera Blast Flying\n|-activate|p1a: Dachsbun|move: Protect\n|\n|-weather|Snow|[upkeep]\n|-end|p1a: Dachsbun|move: Future Sight\n|-damage|p1a: Dachsbun|43\/100\n|-heal|p1a: Dachsbun|49\/100|[from] item: Leftovers\n|upkeep\n|turn|39\n|\n|t:|1699979019\n|switch|p1a: Corviknight|Corviknight, M|77\/100\n|-ability|p1a: Corviknight|Pressure\n|move|p2a: Thundurus|Tera Blast|p1a: Corviknight|[anim] Tera Blast Flying\n|-resisted|p1a: Corviknight\n|-damage|p1a: Corviknight|32\/100\n|\n|-weather|Snow|[upkeep]\n|-heal|p1a: Corviknight|38\/100|[from] item: Leftovers\n|upkeep\n|turn|40\n|\n|t:|1699979025\n|switch|p1a: Clodsire|Clodsire, F|79\/100\n|move|p2a: Thundurus|Tera Blast|p1a: Clodsire|[anim] Tera Blast Flying\n|-damage|p1a: Clodsire|32\/100\n|\n|-weather|Snow|[upkeep]\n|upkeep\n|turn|41\n|c|\u2606Manjack|wack\n|\n|t:|1699979041\n|move|p2a: Thundurus|Tera Blast|p1a: Clodsire|[anim] Tera Blast Flying\n|-damage|p1a: Clodsire|0 fnt\n|faint|p1a: Clodsire\n|\n|-weather|none\n|upkeep\n|\n|t:|1699979048\n|switch|p1a: Rotom|Rotom-Wash|82\/100\n|turn|42\n|\n|t:|1699979055\n|move|p1a: Rotom|Protect|p1a: Rotom\n|-singleturn|p1a: Rotom|Protect\n|move|p2a: Thundurus|Tera Blast|p1a: Rotom|[anim] Tera Blast Flying\n|-activate|p1a: Rotom|move: Protect\n|\n|-heal|p1a: Rotom|88\/100|[from] item: Leftovers\n|upkeep\n|turn|43\n|\n|t:|1699979061\n|move|p2a: Thundurus|Tera Blast|p1a: Rotom|[anim] Tera Blast Flying\n|-resisted|p1a: Rotom\n|-damage|p1a: Rotom|42\/100\n|move|p1a: Rotom|Hydro Pump|p2a: Thundurus\n|-damage|p2a: Thundurus|43\/100\n|\n|-heal|p1a: Rotom|49\/100|[from] item: Leftovers\n|upkeep\n|turn|44\n|\n|t:|1699979065\n|move|p1a: Rotom|Protect|p1a: Rotom\n|-singleturn|p1a: Rotom|Protect\n|move|p2a: Thundurus|Tera Blast|p1a: Rotom|[anim] Tera Blast Flying\n|-activate|p1a: Rotom|move: Protect\n|\n|-heal|p1a: Rotom|55\/100|[from] item: Leftovers\n|upkeep\n|turn|45\n|\n|t:|1699979071\n|switch|p2a: Slowking|Slowking-Galar, F|82\/100 brn\n|move|p1a: Rotom|Hydro Pump|p2a: Slowking\n|-damage|p2a: Slowking|57\/100 brn\n|\n|-heal|p1a: Rotom|61\/100|[from] item: Leftovers\n|-damage|p2a: Slowking|51\/100 brn|[from] brn\n|upkeep\n|turn|46\n|\n|t:|1699979075\n|move|p1a: Rotom|Volt Switch|p2a: Slowking\n|-damage|p2a: Slowking|38\/100 brn\n|\n|t:|1699979077\n|switch|p1a: Corviknight|Corviknight, M|38\/100|[from] Volt Switch\n|-ability|p1a: Corviknight|Pressure\n|move|p2a: Slowking|Future Sight|p1a: Corviknight\n|-start|p2a: Slowking|move: Future Sight\n|\n|-heal|p1a: Corviknight|44\/100|[from] item: Leftovers\n|-damage|p2a: Slowking|32\/100 brn|[from] brn\n|upkeep\n|turn|47\n|\n|t:|1699979080\n|move|p1a: Corviknight|Roost|p1a: Corviknight\n|-heal|p1a: Corviknight|94\/100\n|-singleturn|p1a: Corviknight|move: Roost\n|move|p2a: Slowking|Chilly Reception|p2a: Slowking\n|-weather|Snow\n|\n|t:|1699979083\n|switch|p2a: Thundurus|Thundurus-Therian, M, tera:Flying|43\/100|[from] Chilly Reception\n|\n|-weather|Snow|[upkeep]\n|-heal|p1a: Corviknight|99\/100|[from] item: Leftovers\n|upkeep\n|turn|48\n|\n|t:|1699979088\n|move|p2a: Thundurus|Volt Switch|p1a: Corviknight\n|-supereffective|p1a: Corviknight\n|-damage|p1a: Corviknight|0 fnt\n|faint|p1a: Corviknight\n|\n|t:|1699979100\n|switch|p2a: Cinderace|Cinderace, F|100\/100|[from] Volt Switch\n|\n|-weather|Snow|[upkeep]\n|-hint|Future Sight did not hit because the target is fainted.\n|upkeep\n|\n|t:|1699979104\n|switch|p1a: Dachsbun|Dachsbun, F|49\/100\n|turn|49\n|\n|t:|1699979111\n|move|p2a: Cinderace|U-turn|p1a: Dachsbun\n|-start|p2a: Cinderace|typechange|Bug|[from] ability: Libero\n|-resisted|p1a: Dachsbun\n|-damage|p1a: Dachsbun|37\/100\n|\n|t:|1699979114\n|switch|p2a: Slowking|Slowking-Galar, F|65\/100 brn|[from] U-turn\n|move|p1a: Dachsbun|Wish|p1a: Dachsbun\n|\n|-weather|Snow|[upkeep]\n|-heal|p1a: Dachsbun|43\/100|[from] item: Leftovers\n|-damage|p2a: Slowking|59\/100 brn|[from] brn\n|upkeep\n|turn|50\n|\n|t:|1699979120\n|move|p1a: Dachsbun|Protect|p1a: Dachsbun\n|-singleturn|p1a: Dachsbun|Protect\n|move|p2a: Slowking|Future Sight|p1a: Dachsbun\n|-start|p2a: Slowking|move: Future Sight\n|\n|-weather|Snow|[upkeep]\n|-heal|p1a: Dachsbun|93\/100|[from] move: Wish|[wisher] Dachsbun\n|-heal|p1a: Dachsbun|99\/100|[from] item: Leftovers\n|-damage|p2a: Slowking|53\/100 brn|[from] brn\n|upkeep\n|turn|51\n|\n|t:|1699979124\n|move|p1a: Dachsbun|Snarl|p2a: Slowking\n|-supereffective|p2a: Slowking\n|-damage|p2a: Slowking|45\/100 brn\n|-unboost|p2a: Slowking|spa|1\n|move|p2a: Slowking|Sludge Bomb|p1a: Dachsbun\n|-supereffective|p1a: Dachsbun\n|-damage|p1a: Dachsbun|44\/100\n|\n|-weather|none\n|-heal|p1a: Dachsbun|50\/100|[from] item: Leftovers\n|-damage|p2a: Slowking|38\/100 brn|[from] brn\n|upkeep\n|turn|52\n|\n|t:|1699979134\n|move|p1a: Dachsbun|Wish|p1a: Dachsbun\n|move|p2a: Slowking|Chilly Reception|p2a: Slowking\n|-weather|Snow\n|\n|t:|1699979146\n|switch|p2a: Thundurus|Thundurus-Therian, M, tera:Flying|43\/100|[from] Chilly Reception\n|\n|-weather|Snow|[upkeep]\n|-end|p1a: Dachsbun|move: Future Sight\n|-damage|p1a: Dachsbun|0 fnt\n|faint|p1a: Dachsbun\n|upkeep\n|\n|t:|1699979156\n|switch|p1a: Rotom|Rotom-Wash|61\/100\n|turn|53\n|\n|t:|1699979158\n|move|p2a: Thundurus|Volt Switch|p1a: Rotom\n|-damage|p1a: Rotom|0 fnt\n|faint|p1a: Rotom\n|\n|t:|1699979169\n|switch|p2a: Cinderace|Cinderace, F|100\/100|[from] Volt Switch\n|\n|-weather|Snow|[upkeep]\n|upkeep\n|\n|t:|1699979173\n|switch|p1a: Ogerpon|Ogerpon, F|100\/100\n|turn|54\n|\n|t:|1699979175\n|move|p2a: Cinderace|Will-O-Wisp|p1a: Ogerpon\n|-status|p1a: Ogerpon|brn\n|move|p1a: Ogerpon|Swords Dance|p1a: Ogerpon\n|-boost|p1a: Ogerpon|atk|2\n|\n|-weather|Snow|[upkeep]\n|-damage|p1a: Ogerpon|94\/100 brn|[from] brn\n|upkeep\n|turn|55\n|\n|t:|1699979178\n|move|p2a: Cinderace|Pyro Ball|p1a: Ogerpon\n|-supereffective|p1a: Ogerpon\n|-damage|p1a: Ogerpon|0 fnt\n|faint|p1a: Ogerpon\n|\n|win|vajinbuuuu\n|raw|Manjack's rating: 1497 &rarr; <strong>1476<\/strong><br \/>(-21 for losing)\n|raw|vajinbuuuu's rating: 1477 &rarr; <strong>1498<\/strong><br \/>(+21 for winning)\n|c|\u2606Manjack|Gg\n","uploadtime":1699979187,"views":5,"p1id":"manjack","p2id":"vajinbuuuu","formatid":"gen9ou","rating":1476,"private":0,"password":""}