{"id":"gen9ou-1993677999","p1":"D3GENERATION","p2":"Redribbonrenegade","format":"[Gen 9] OU","log":"|j|\u2606D3GENERATION\n|j|\u2606Redribbonrenegade\n|t:|1700344585\n|gametype|singles\n|player|p1|D3GENERATION|169|1304\n|player|p2|Redribbonrenegade|marshal|1375\n|teamsize|p1|6\n|teamsize|p2|6\n|gen|9\n|tier|[Gen 9] OU\n|rated|\n|rule|Sleep Clause Mod: Limit one foe put to sleep\n|rule|Species Clause: Limit one of each Pok\u00e9mon\n|rule|OHKO Clause: OHKO moves are banned\n|rule|Evasion Items Clause: Evasion items are banned\n|rule|Evasion Moves Clause: Evasion moves are banned\n|rule|Endless Battle Clause: Forcing endless battles is banned\n|rule|HP Percentage Mod: HP is shown in percentages\n|clearpoke\n|poke|p1|Sneasler, F|\n|poke|p1|Ogerpon-Wellspring, F|\n|poke|p1|Iron Moth|\n|poke|p1|Ting-Lu|\n|poke|p1|Zapdos|\n|poke|p1|Gholdengo|\n|poke|p2|Ursaluna, M|\n|poke|p2|Volcanion|\n|poke|p2|Garganacl, F|\n|poke|p2|Sinistcha-Masterpiece|\n|poke|p2|Cresselia, F|\n|poke|p2|Altaria, F|\n|teampreview\n|j| Aljninja\n|l|\u2606D3GENERATION\n|player|p1|\n|l| Aljninja\n|inactive|Battle timer is ON: inactive players will automatically lose when time's up. (requested by Redribbonrenegade)\n|j|\u2606D3GENERATION\n|inactive|D3GENERATION reconnected and has 150 seconds left.\n|player|p1|D3GENERATION|169\n|\n|t:|1700344625\n|start\n|switch|p1a: Ting-Lu|Ting-Lu|100\/100\n|switch|p2a: Rennala \ud83c\udf19|Cresselia, F|100\/100\n|-ability|p1a: Ting-Lu|Vessel of Ruin\n|turn|1\n|j| thraxxedout\n|\n|t:|1700344641\n|move|p2a: Rennala \ud83c\udf19|Moonblast|p1a: Ting-Lu\n|-supereffective|p1a: Ting-Lu\n|-damage|p1a: Ting-Lu|83\/100\n|-unboost|p1a: Ting-Lu|spa|1\n|move|p1a: Ting-Lu|Stealth Rock|p2a: Rennala \ud83c\udf19\n|-sidestart|p2: Redribbonrenegade|move: Stealth Rock\n|\n|-heal|p1a: Ting-Lu|89\/100|[from] item: Leftovers\n|upkeep\n|turn|2\n|\n|t:|1700344649\n|move|p2a: Rennala \ud83c\udf19|Moonblast|p1a: Ting-Lu\n|-supereffective|p1a: Ting-Lu\n|-damage|p1a: Ting-Lu|72\/100\n|move|p1a: Ting-Lu|Spikes|p2a: Rennala \ud83c\udf19\n|-sidestart|p2: Redribbonrenegade|Spikes\n|\n|-heal|p1a: Ting-Lu|78\/100|[from] item: Leftovers\n|upkeep\n|turn|3\n|\n|t:|1700344671\n|move|p1a: Ting-Lu|Spikes|p2a: Rennala \ud83c\udf19\n|-sidestart|p2: Redribbonrenegade|Spikes\n|move|p2a: Rennala \ud83c\udf19|Trick Room|p2a: Rennala \ud83c\udf19\n|-fieldstart|move: Trick Room|[of] p2a: Rennala \ud83c\udf19\n|\n|-heal|p1a: Ting-Lu|84\/100|[from] item: Leftovers\n|upkeep\n|turn|4\n|\n|t:|1700344678\n|switch|p2a: Lotus \ud83d\udca3|Altaria, F, shiny|100\/100\n|move|p1a: Ting-Lu|Ruination|p2a: Lotus \ud83d\udca3\n|-damage|p2a: Lotus \ud83d\udca3|50\/100\n|\n|-heal|p1a: Ting-Lu|90\/100|[from] item: Leftovers\n|upkeep\n|turn|5\n|\n|t:|1700344689\n|switch|p1a: Gholdengo|Gholdengo|100\/100\n|-item|p1a: Gholdengo|Air Balloon\n|move|p2a: Lotus \ud83d\udca3|Roost|p2a: Lotus \ud83d\udca3\n|-heal|p2a: Lotus \ud83d\udca3|100\/100\n|-singleturn|p2a: Lotus \ud83d\udca3|move: Roost\n|\n|upkeep\n|turn|6\n|\n|t:|1700344705\n|switch|p2a: Kim Joe Un \u26f0\ufe0f|Ursaluna, M, shiny|100\/100\n|-damage|p2a: Kim Joe Un \u26f0\ufe0f|94\/100|[from] Stealth Rock\n|-damage|p2a: Kim Joe Un \u26f0\ufe0f|78\/100|[from] Spikes\n|switch|p1a: Zapdos|Zapdos|100\/100\n|\n|upkeep\n|turn|7\n|\n|t:|1700344719\n|move|p1a: Zapdos|U-turn|p2a: Kim Joe Un \u26f0\ufe0f\n|-damage|p2a: Kim Joe Un \u26f0\ufe0f|65\/100\n|\n|t:|1700344721\n|switch|p1a: Gholdengo|Gholdengo|100\/100|[from] U-turn\n|-item|p1a: Gholdengo|Air Balloon\n|move|p2a: Kim Joe Un \u26f0\ufe0f|Avalanche|p1a: Gholdengo\n|-resisted|p1a: Gholdengo\n|-damage|p1a: Gholdengo|88\/100\n|-enditem|p1a: Gholdengo|Air Balloon\n|\n|-fieldend|move: Trick Room\n|upkeep\n|turn|8\n|\n|t:|1700344742\n|switch|p1a: Zapdos|Zapdos|100\/100\n|move|p2a: Kim Joe Un \u26f0\ufe0f|Headlong Rush|p1a: Zapdos\n|-immune|p1a: Zapdos\n|\n|upkeep\n|turn|9\n|\n|t:|1700344753\n|move|p1a: Zapdos|Hurricane|p2a: Kim Joe Un \u26f0\ufe0f\n|-damage|p2a: Kim Joe Un \u26f0\ufe0f|38\/100\n|-start|p2a: Kim Joe Un \u26f0\ufe0f|confusion\n|-activate|p2a: Kim Joe Un \u26f0\ufe0f|confusion\n|move|p2a: Kim Joe Un \u26f0\ufe0f|Avalanche|p1a: Zapdos\n|-supereffective|p1a: Zapdos\n|-damage|p1a: Zapdos|0 fnt\n|faint|p1a: Zapdos\n|\n|upkeep\n|\n|t:|1700344770\n|switch|p1a: Ogerpon|Ogerpon-Wellspring, F|100\/100\n|turn|10\n|\n|t:|1700344774\n|switch|p2a: Chi-Chi \ud83c\udf75|Sinistcha-Masterpiece, shiny|100\/100\n|move|p1a: Ogerpon|Ivy Cudgel|p2a: Chi-Chi \ud83c\udf75|[anim] Ivy Cudgel Water\n|-resisted|p2a: Chi-Chi \ud83c\udf75\n|-damage|p2a: Chi-Chi \ud83c\udf75|77\/100\n|\n|upkeep\n|turn|11\n|\n|t:|1700344787\n|move|p1a: Ogerpon|Knock Off|p2a: Chi-Chi \ud83c\udf75\n|-supereffective|p2a: Chi-Chi \ud83c\udf75\n|-damage|p2a: Chi-Chi \ud83c\udf75|14\/100\n|-enditem|p2a: Chi-Chi \ud83c\udf75|Heavy-Duty Boots|[from] move: Knock Off|[of] p1a: Ogerpon\n|move|p2a: Chi-Chi \ud83c\udf75|Matcha Gotcha|p1a: Ogerpon\n|-damage|p1a: Ogerpon|63\/100\n|-heal|p2a: Chi-Chi \ud83c\udf75|31\/100|[from] drain|[of] p1a: Ogerpon\n|\n|upkeep\n|turn|12\n|\n|t:|1700344815\n|switch|p1a: Ting-Lu|Ting-Lu|90\/100\n|-ability|p1a: Ting-Lu|Vessel of Ruin\n|move|p2a: Chi-Chi \ud83c\udf75|Strength Sap|p1a: Ting-Lu\n|-unboost|p1a: Ting-Lu|atk|1\n|-heal|p2a: Chi-Chi \ud83c\udf75|90\/100\n|\n|-heal|p1a: Ting-Lu|96\/100|[from] item: Leftovers\n|upkeep\n|turn|13\n|inactive|D3GENERATION has 120 seconds left.\n|\n|t:|1700344841\n|move|p2a: Chi-Chi \ud83c\udf75|Matcha Gotcha|p1a: Ting-Lu|[miss]\n|-miss|p2a: Chi-Chi \ud83c\udf75|p1a: Ting-Lu\n|move|p1a: Ting-Lu|Whirlwind|p2a: Chi-Chi \ud83c\udf75\n|drag|p2a: Rennala \ud83c\udf19|Cresselia, F|100\/100\n|-damage|p2a: Rennala \ud83c\udf19|88\/100|[from] Stealth Rock\n|\n|-heal|p1a: Ting-Lu|100\/100|[from] item: Leftovers\n|upkeep\n|turn|14\n|\n|t:|1700344849\n|move|p1a: Ting-Lu|Ruination|p2a: Rennala \ud83c\udf19|[miss]\n|-miss|p1a: Ting-Lu|p2a: Rennala \ud83c\udf19\n|move|p2a: Rennala \ud83c\udf19|Trick Room|p2a: Rennala \ud83c\udf19\n|-fieldstart|move: Trick Room|[of] p2a: Rennala \ud83c\udf19\n|\n|upkeep\n|turn|15\n|\n|t:|1700344854\n|switch|p2a: Lotus \ud83d\udca3|Altaria, F, shiny|100\/100\n|move|p1a: Ting-Lu|Ruination|p2a: Lotus \ud83d\udca3\n|-damage|p2a: Lotus \ud83d\udca3|50\/100\n|\n|upkeep\n|turn|16\n|\n|t:|1700344862\n|move|p2a: Lotus \ud83d\udca3|Roost|p2a: Lotus \ud83d\udca3\n|-heal|p2a: Lotus \ud83d\udca3|100\/100\n|-singleturn|p2a: Lotus \ud83d\udca3|move: Roost\n|move|p1a: Ting-Lu|Whirlwind|p2a: Lotus \ud83d\udca3\n|drag|p2a: Kim Joe Un \u26f0\ufe0f|Ursaluna, M, shiny|38\/100\n|-damage|p2a: Kim Joe Un \u26f0\ufe0f|32\/100|[from] Stealth Rock\n|-damage|p2a: Kim Joe Un \u26f0\ufe0f|15\/100|[from] Spikes\n|\n|upkeep\n|turn|17\n|\n|t:|1700344875\n|move|p2a: Kim Joe Un \u26f0\ufe0f|Play Rough|p1a: Ting-Lu\n|-supereffective|p1a: Ting-Lu\n|-damage|p1a: Ting-Lu|64\/100\n|move|p1a: Ting-Lu|Spikes|p2a: Kim Joe Un \u26f0\ufe0f\n|-sidestart|p2: Redribbonrenegade|Spikes\n|\n|-heal|p1a: Ting-Lu|70\/100|[from] item: Leftovers\n|upkeep\n|turn|18\n|\n|t:|1700344882\n|move|p2a: Kim Joe Un \u26f0\ufe0f|Play Rough|p1a: Ting-Lu\n|-supereffective|p1a: Ting-Lu\n|-crit|p1a: Ting-Lu\n|-damage|p1a: Ting-Lu|18\/100\n|move|p1a: Ting-Lu|Whirlwind|p2a: Kim Joe Un \u26f0\ufe0f\n|drag|p2a: Rennala \ud83c\udf19|Cresselia, F|88\/100\n|-damage|p2a: Rennala \ud83c\udf19|76\/100|[from] Stealth Rock\n|\n|-heal|p1a: Ting-Lu|24\/100|[from] item: Leftovers\n|-fieldend|move: Trick Room\n|upkeep\n|turn|19\n|\n|t:|1700344893\n|move|p1a: Ting-Lu|Ruination|p2a: Rennala \ud83c\udf19\n|-damage|p2a: Rennala \ud83c\udf19|38\/100\n|-enditem|p2a: Rennala \ud83c\udf19|Red Card|[of] p1a: Ting-Lu\n|drag|p1a: Iron Moth|Iron Moth|100\/100\n|-enditem|p1a: Iron Moth|Booster Energy\n|-activate|p1a: Iron Moth|ability: Quark Drive|[fromitem]\n|-start|p1a: Iron Moth|quarkdrivespa\n|move|p2a: Rennala \ud83c\udf19|Trick Room|p2a: Rennala \ud83c\udf19\n|-fieldstart|move: Trick Room|[of] p2a: Rennala \ud83c\udf19\n|\n|upkeep\n|turn|20\n|\n|t:|1700344918\n|switch|p2a: Wojbomb \ud83d\udce0|Garganacl, F|100\/100\n|-damage|p2a: Wojbomb \ud83d\udce0|88\/100|[from] Stealth Rock\n|-damage|p2a: Wojbomb \ud83d\udce0|63\/100|[from] Spikes\n|-end|p1a: Iron Moth|Quark Drive|[silent]\n|switch|p1a: Ting-Lu|Ting-Lu|24\/100\n|-ability|p1a: Ting-Lu|Vessel of Ruin\n|\n|-heal|p1a: Ting-Lu|30\/100|[from] item: Leftovers\n|upkeep\n|turn|21\n|\n|t:|1700344925\n|move|p2a: Wojbomb \ud83d\udce0|Curse|p2a: Wojbomb \ud83d\udce0\n|-unboost|p2a: Wojbomb \ud83d\udce0|spe|1\n|-boost|p2a: Wojbomb \ud83d\udce0|atk|1\n|-boost|p2a: Wojbomb \ud83d\udce0|def|1\n|move|p1a: Ting-Lu|Whirlwind|p2a: Wojbomb \ud83d\udce0\n|drag|p2a: Rennala \ud83c\udf19|Cresselia, F|38\/100\n|-damage|p2a: Rennala \ud83c\udf19|26\/100|[from] Stealth Rock\n|\n|-heal|p1a: Ting-Lu|36\/100|[from] item: Leftovers\n|upkeep\n|turn|22\n|\n|t:|1700344943\n|move|p2a: Rennala \ud83c\udf19|Moonlight|p2a: Rennala \ud83c\udf19\n|-heal|p2a: Rennala \ud83c\udf19|76\/100\n|move|p1a: Ting-Lu|Whirlwind|p2a: Rennala \ud83c\udf19\n|drag|p2a: Chi-Chi \ud83c\udf75|Sinistcha-Masterpiece, shiny|90\/100\n|-damage|p2a: Chi-Chi \ud83c\udf75|77\/100|[from] Stealth Rock\n|-damage|p2a: Chi-Chi \ud83c\udf75|52\/100|[from] Spikes\n|\n|-heal|p1a: Ting-Lu|42\/100|[from] item: Leftovers\n|upkeep\n|turn|23\n|\n|t:|1700344954\n|switch|p1a: Iron Moth|Iron Moth|100\/100\n|move|p2a: Chi-Chi \ud83c\udf75|Matcha Gotcha|p1a: Iron Moth\n|-resisted|p1a: Iron Moth\n|-damage|p1a: Iron Moth|92\/100\n|-heal|p2a: Chi-Chi \ud83c\udf75|56\/100|[from] drain|[of] p1a: Iron Moth\n|\n|-fieldend|move: Trick Room\n|upkeep\n|turn|24\n|\n|t:|1700344964\n|switch|p2a: Forge \ud83d\ude82|Volcanion|100\/100\n|-damage|p2a: Forge \ud83d\ude82|75\/100|[from] Stealth Rock\n|-damage|p2a: Forge \ud83d\ude82|50\/100|[from] Spikes\n|move|p1a: Iron Moth|Fiery Dance|p2a: Forge \ud83d\ude82\n|-resisted|p2a: Forge \ud83d\ude82\n|-damage|p2a: Forge \ud83d\ude82|45\/100\n|-boost|p1a: Iron Moth|spa|1\n|\n|upkeep\n|turn|25\n|\n|t:|1700344975\n|move|p1a: Iron Moth|Sludge Wave|p2a: Forge \ud83d\ude82\n|-damage|p2a: Forge \ud83d\ude82|0 fnt\n|faint|p2a: Forge \ud83d\ude82\n|\n|upkeep\n|\n|t:|1700344979\n|switch|p2a: Lotus \ud83d\udca3|Altaria, F, shiny|100\/100\n|turn|26\n|\n|t:|1700344985\n|move|p1a: Iron Moth|Fiery Dance|p2a: Lotus \ud83d\udca3\n|-resisted|p2a: Lotus \ud83d\udca3\n|-damage|p2a: Lotus \ud83d\udca3|79\/100\n|move|p2a: Lotus \ud83d\udca3|Earthquake|p1a: Iron Moth\n|-supereffective|p1a: Iron Moth\n|-damage|p1a: Iron Moth|0 fnt\n|faint|p1a: Iron Moth\n|-end|p1a: Iron Moth|Quark Drive|[silent]\n|\n|upkeep\n|\n|t:|1700344995\n|switch|p1a: Ting-Lu|Ting-Lu|42\/100\n|-ability|p1a: Ting-Lu|Vessel of Ruin\n|turn|27\n|\n|t:|1700344999\n|move|p2a: Lotus \ud83d\udca3|Defog|p1a: Ting-Lu\n|-unboost|p1a: Ting-Lu|evasion|1\n|-sideend|p2: Redribbonrenegade|Spikes|[from] move: Defog|[of] p2a: Lotus \ud83d\udca3\n|-sideend|p2: Redribbonrenegade|Stealth Rock|[from] move: Defog|[of] p2a: Lotus \ud83d\udca3\n|move|p1a: Ting-Lu|Whirlwind|p2a: Lotus \ud83d\udca3\n|drag|p2a: Rennala \ud83c\udf19|Cresselia, F|76\/100\n|\n|-heal|p1a: Ting-Lu|48\/100|[from] item: Leftovers\n|upkeep\n|turn|28\n|\n|t:|1700345009\n|move|p2a: Rennala \ud83c\udf19|Moonblast|p1a: Ting-Lu\n|-supereffective|p1a: Ting-Lu\n|-damage|p1a: Ting-Lu|31\/100\n|move|p1a: Ting-Lu|Stealth Rock|p2a: Rennala \ud83c\udf19\n|-sidestart|p2: Redribbonrenegade|move: Stealth Rock\n|\n|-heal|p1a: Ting-Lu|37\/100|[from] item: Leftovers\n|upkeep\n|turn|29\n|\n|t:|1700345017\n|switch|p2a: Chi-Chi \ud83c\udf75|Sinistcha-Masterpiece, shiny|56\/100\n|-damage|p2a: Chi-Chi \ud83c\udf75|44\/100|[from] Stealth Rock\n|move|p1a: Ting-Lu|Spikes|p2a: Chi-Chi \ud83c\udf75\n|-sidestart|p2: Redribbonrenegade|Spikes\n|\n|-heal|p1a: Ting-Lu|43\/100|[from] item: Leftovers\n|upkeep\n|turn|30\n|\n|t:|1700345023\n|move|p2a: Chi-Chi \ud83c\udf75|Matcha Gotcha|p1a: Ting-Lu\n|-supereffective|p1a: Ting-Lu\n|-damage|p1a: Ting-Lu|8\/100\n|-heal|p2a: Chi-Chi \ud83c\udf75|68\/100|[from] drain|[of] p1a: Ting-Lu\n|move|p1a: Ting-Lu|Spikes|p2a: Chi-Chi \ud83c\udf75\n|-sidestart|p2: Redribbonrenegade|Spikes\n|\n|-heal|p1a: Ting-Lu|14\/100|[from] item: Leftovers\n|upkeep\n|turn|31\n|\n|t:|1700345030\n|move|p2a: Chi-Chi \ud83c\udf75|Matcha Gotcha|p1a: Ting-Lu\n|-supereffective|p1a: Ting-Lu\n|-damage|p1a: Ting-Lu|0 fnt\n|-heal|p2a: Chi-Chi \ud83c\udf75|78\/100|[from] drain|[of] p1a: Ting-Lu\n|faint|p1a: Ting-Lu\n|\n|upkeep\n|\n|t:|1700345036\n|switch|p1a: Sneasler|Sneasler, F|100\/100\n|turn|32\n|\n|t:|1700345049\n|-terastallize|p2a: Chi-Chi \ud83c\udf75|Poison\n|move|p1a: Sneasler|Swords Dance|p1a: Sneasler\n|-boost|p1a: Sneasler|atk|2\n|move|p2a: Chi-Chi \ud83c\udf75|Iron Defense|p2a: Chi-Chi \ud83c\udf75\n|-boost|p2a: Chi-Chi \ud83c\udf75|def|2\n|\n|upkeep\n|turn|33\n|\n|t:|1700345058\n|move|p1a: Sneasler|Fling|p2a: Chi-Chi \ud83c\udf75\n|-damage|p2a: Chi-Chi \ud83c\udf75|40\/100\n|-enditem|p1a: Sneasler|Big Nugget|[from] move: Fling\n|move|p2a: Chi-Chi \ud83c\udf75|Iron Defense|p2a: Chi-Chi \ud83c\udf75\n|-boost|p2a: Chi-Chi \ud83c\udf75|def|2\n|\n|upkeep\n|turn|34\n|\n|t:|1700345063\n|move|p1a: Sneasler|Swords Dance|p1a: Sneasler\n|-boost|p1a: Sneasler|atk|2\n|move|p2a: Chi-Chi \ud83c\udf75|Strength Sap|p1a: Sneasler\n|-unboost|p1a: Sneasler|atk|1\n|-heal|p2a: Chi-Chi \ud83c\udf75|100\/100\n|\n|upkeep\n|turn|35\n|\n|t:|1700345068\n|move|p1a: Sneasler|Swords Dance|p1a: Sneasler\n|-boost|p1a: Sneasler|atk|2\n|move|p2a: Chi-Chi \ud83c\udf75|Iron Defense|p2a: Chi-Chi \ud83c\udf75\n|-boost|p2a: Chi-Chi \ud83c\udf75|def|2\n|\n|upkeep\n|turn|36\n|\n|t:|1700345073\n|move|p1a: Sneasler|Dire Claw|p2a: Chi-Chi \ud83c\udf75\n|-resisted|p2a: Chi-Chi \ud83c\udf75\n|-damage|p2a: Chi-Chi \ud83c\udf75|85\/100\n|move|p2a: Chi-Chi \ud83c\udf75|Matcha Gotcha|p1a: Sneasler\n|-resisted|p1a: Sneasler\n|-damage|p1a: Sneasler|77\/100\n|-heal|p2a: Chi-Chi \ud83c\udf75|95\/100|[from] drain|[of] p1a: Sneasler\n|\n|upkeep\n|turn|37\n|\n|t:|1700345077\n|move|p1a: Sneasler|Dire Claw|p2a: Chi-Chi \ud83c\udf75\n|-resisted|p2a: Chi-Chi \ud83c\udf75\n|-damage|p2a: Chi-Chi \ud83c\udf75|80\/100\n|move|p2a: Chi-Chi \ud83c\udf75|Matcha Gotcha|p1a: Sneasler|[miss]\n|-miss|p2a: Chi-Chi \ud83c\udf75|p1a: Sneasler\n|\n|upkeep\n|turn|38\n|\n|t:|1700345082\n|move|p1a: Sneasler|Dire Claw|p2a: Chi-Chi \ud83c\udf75\n|-resisted|p2a: Chi-Chi \ud83c\udf75\n|-damage|p2a: Chi-Chi \ud83c\udf75|67\/100\n|move|p2a: Chi-Chi \ud83c\udf75|Matcha Gotcha|p1a: Sneasler\n|-resisted|p1a: Sneasler\n|-damage|p1a: Sneasler|54\/100\n|-heal|p2a: Chi-Chi \ud83c\udf75|77\/100|[from] drain|[of] p1a: Sneasler\n|-status|p1a: Sneasler|brn\n|\n|-damage|p1a: Sneasler|48\/100 brn|[from] brn\n|upkeep\n|turn|39\n|\n|t:|1700345090\n|move|p1a: Sneasler|Dire Claw|p2a: Chi-Chi \ud83c\udf75\n|-resisted|p2a: Chi-Chi \ud83c\udf75\n|-damage|p2a: Chi-Chi \ud83c\udf75|69\/100\n|move|p2a: Chi-Chi \ud83c\udf75|Calm Mind|p2a: Chi-Chi \ud83c\udf75\n|-boost|p2a: Chi-Chi \ud83c\udf75|spa|1\n|-boost|p2a: Chi-Chi \ud83c\udf75|spd|1\n|\n|-damage|p1a: Sneasler|42\/100 brn|[from] brn\n|upkeep\n|turn|40\n|\n|t:|1700345098\n|switch|p1a: Gholdengo|Gholdengo|88\/100\n|move|p2a: Chi-Chi \ud83c\udf75|Calm Mind|p2a: Chi-Chi \ud83c\udf75\n|-boost|p2a: Chi-Chi \ud83c\udf75|spa|1\n|-boost|p2a: Chi-Chi \ud83c\udf75|spd|1\n|\n|upkeep\n|turn|41\n|\n|t:|1700345102\n|move|p1a: Gholdengo|Nasty Plot|p1a: Gholdengo\n|-boost|p1a: Gholdengo|spa|2\n|move|p2a: Chi-Chi \ud83c\udf75|Matcha Gotcha|p1a: Gholdengo\n|-resisted|p1a: Gholdengo\n|-damage|p1a: Gholdengo|56\/100\n|-heal|p2a: Chi-Chi \ud83c\udf75|85\/100|[from] drain|[of] p1a: Gholdengo\n|-status|p1a: Gholdengo|brn\n|\n|-damage|p1a: Gholdengo|50\/100 brn|[from] brn\n|upkeep\n|turn|42\n|\n|t:|1700345106\n|move|p1a: Gholdengo|Recover|p1a: Gholdengo\n|-heal|p1a: Gholdengo|99\/100 brn\n|move|p2a: Chi-Chi \ud83c\udf75|Matcha Gotcha|p1a: Gholdengo\n|-resisted|p1a: Gholdengo\n|-damage|p1a: Gholdengo|67\/100 brn\n|-heal|p2a: Chi-Chi \ud83c\udf75|100\/100|[from] drain|[of] p1a: Gholdengo\n|\n|-damage|p1a: Gholdengo|61\/100 brn|[from] brn\n|upkeep\n|turn|43\n|\n|t:|1700345116\n|move|p1a: Gholdengo|Nasty Plot|p1a: Gholdengo\n|-boost|p1a: Gholdengo|spa|2\n|move|p2a: Chi-Chi \ud83c\udf75|Matcha Gotcha|p1a: Gholdengo\n|-resisted|p1a: Gholdengo\n|-damage|p1a: Gholdengo|30\/100 brn\n|\n|-damage|p1a: Gholdengo|24\/100 brn|[from] brn\n|upkeep\n|turn|44\n|\n|t:|1700345119\n|move|p1a: Gholdengo|Recover|p1a: Gholdengo\n|-heal|p1a: Gholdengo|74\/100 brn\n|move|p2a: Chi-Chi \ud83c\udf75|Matcha Gotcha|p1a: Gholdengo\n|-resisted|p1a: Gholdengo\n|-damage|p1a: Gholdengo|37\/100 brn\n|\n|-damage|p1a: Gholdengo|31\/100 brn|[from] brn\n|upkeep\n|turn|45\n|\n|t:|1700345121\n|move|p1a: Gholdengo|Nasty Plot|p1a: Gholdengo\n|-boost|p1a: Gholdengo|spa|2\n|move|p2a: Chi-Chi \ud83c\udf75|Matcha Gotcha|p1a: Gholdengo\n|-resisted|p1a: Gholdengo\n|-damage|p1a: Gholdengo|0 fnt\n|faint|p1a: Gholdengo\n|\n|upkeep\n|-message|D3GENERATION forfeited.\n|\n|win|Redribbonrenegade\n|raw|D3GENERATION's rating: 1304 &rarr; <strong>1288<\/strong><br \/>(-16 for losing)\n|raw|Redribbonrenegade's rating: 1375 &rarr; <strong>1391<\/strong><br \/>(+16 for winning)\n|l|\u2606D3GENERATION\n","uploadtime":1700345135,"views":8,"p1id":"d3generation","p2id":"redribbonrenegade","formatid":"gen9ou","rating":1288,"private":0,"password":""}