{"id":"gen9ou-1991035108","p1":"gett guuud","p2":"BUGG1N","format":"[Gen 9] OU","log":"|j|\u2606gett guuud\n|j|\u2606BUGG1N\n|t:|1700031932\n|gametype|singles\n|player|p1|gett guuud|cyclist|1503\n|player|p2|BUGG1N|bugmaniac-gen3|1661\n|teamsize|p1|6\n|teamsize|p2|6\n|gen|9\n|tier|[Gen 9] OU\n|rated|\n|rule|Sleep Clause Mod: Limit one foe put to sleep\n|rule|Species Clause: Limit one of each Pok\u00e9mon\n|rule|OHKO Clause: OHKO moves are banned\n|rule|Evasion Items Clause: Evasion items are banned\n|rule|Evasion Moves Clause: Evasion moves are banned\n|rule|Endless Battle Clause: Forcing endless battles is banned\n|rule|HP Percentage Mod: HP is shown in percentages\n|clearpoke\n|poke|p1|Hatterene, F|\n|poke|p1|Ursaluna, F|\n|poke|p1|Zamazenta-*|\n|poke|p1|Breloom, M|\n|poke|p1|Slowking-Galar, F|\n|poke|p1|Corviknight, F|\n|poke|p2|Kommo-o, F|\n|poke|p2|Ogerpon, F|\n|poke|p2|Iron Valiant|\n|poke|p2|Enamorus, F|\n|poke|p2|Iron Treads|\n|poke|p2|Dragonite, F|\n|teampreview\n|inactive|Battle timer is ON: inactive players will automatically lose when time's up. (requested by gett guuud)\n|\n|t:|1700031942\n|start\n|switch|p1a: Breloom|Breloom, M|100\/100\n|switch|p2a: Iron Treads|Iron Treads|100\/100\n|-enditem|p2a: Iron Treads|Booster Energy\n|-activate|p2a: Iron Treads|ability: Quark Drive|[fromitem]\n|-start|p2a: Iron Treads|quarkdrivespe\n|turn|1\n|\n|t:|1700031950\n|move|p2a: Iron Treads|Steel Beam|p1a: Breloom\n|-damage|p1a: Breloom|29\/100\n|-damage|p2a: Iron Treads|50\/100|[from] steelbeam\n|move|p1a: Breloom|Spore|p2a: Iron Treads\n|-status|p2a: Iron Treads|slp|[from] move: Spore\n|\n|upkeep\n|turn|2\n|\n|t:|1700031958\n|-end|p2a: Iron Treads|Quark Drive|[silent]\n|switch|p2a: Enamorus|Enamorus, F|100\/100\n|move|p1a: Breloom|Rock Tomb|p2a: Enamorus\n|-supereffective|p2a: Enamorus\n|-damage|p2a: Enamorus|0 fnt\n|faint|p2a: Enamorus\n|\n|upkeep\n|c|\u2606gett guuud|kek\n|\n|t:|1700031987\n|switch|p2a: Kommo-o|Kommo-o, F|100\/100\n|turn|3\n|\n|t:|1700031993\n|move|p2a: Kommo-o|Clangorous Soul|p2a: Kommo-o\n|-boost|p2a: Kommo-o|atk|1\n|-boost|p2a: Kommo-o|def|1\n|-boost|p2a: Kommo-o|spa|1\n|-boost|p2a: Kommo-o|spd|1\n|-boost|p2a: Kommo-o|spe|1\n|-damage|p2a: Kommo-o|68\/100\n|move|p1a: Breloom|Bulldoze|p2a: Kommo-o\n|-damage|p2a: Kommo-o|43\/100\n|-unboost|p2a: Kommo-o|spe|1\n|\n|-heal|p2a: Kommo-o|50\/100|[from] item: Leftovers\n|upkeep\n|turn|4\n|\n|t:|1700032002\n|move|p1a: Breloom|Mach Punch|p2a: Kommo-o\n|-damage|p2a: Kommo-o|29\/100\n|move|p2a: Kommo-o|Drain Punch|p1a: Breloom\n|-damage|p1a: Breloom|0 fnt\n|-heal|p2a: Kommo-o|42\/100|[from] drain|[of] p1a: Breloom\n|faint|p1a: Breloom\n|\n|-heal|p2a: Kommo-o|48\/100|[from] item: Leftovers\n|upkeep\n|\n|t:|1700032027\n|switch|p1a: Zamazenta|Zamazenta|100\/100\n|-ability|p1a: Zamazenta|Dauntless Shield|boost\n|-boost|p1a: Zamazenta|def|1\n|turn|5\n|\n|t:|1700032038\n|move|p1a: Zamazenta|Body Press|p2a: Kommo-o\n|-damage|p2a: Kommo-o|11\/100\n|move|p2a: Kommo-o|Clanging Scales|p1a: Zamazenta\n|-damage|p1a: Zamazenta|30\/100\n|-unboost|p2a: Kommo-o|def|1\n|\n|-heal|p1a: Zamazenta|36\/100|[from] item: Leftovers\n|-heal|p2a: Kommo-o|17\/100|[from] item: Leftovers\n|upkeep\n|turn|6\n|\n|t:|1700032047\n|move|p1a: Zamazenta|Body Press|p2a: Kommo-o\n|-damage|p2a: Kommo-o|0 fnt\n|faint|p2a: Kommo-o\n|\n|-heal|p1a: Zamazenta|43\/100|[from] item: Leftovers\n|upkeep\n|\n|t:|1700032058\n|switch|p2a: Dragonite|Dragonite, F|100\/100\n|turn|7\n|\n|t:|1700032063\n|move|p1a: Zamazenta|Iron Defense|p1a: Zamazenta\n|-boost|p1a: Zamazenta|def|2\n|move|p2a: Dragonite|Earthquake|p1a: Zamazenta\n|-damage|p1a: Zamazenta|29\/100\n|\n|-heal|p1a: Zamazenta|36\/100|[from] item: Leftovers\n|upkeep\n|turn|8\n|\n|t:|1700032068\n|move|p1a: Zamazenta|Body Press|p2a: Dragonite\n|-resisted|p2a: Dragonite\n|-damage|p2a: Dragonite|72\/100\n|move|p2a: Dragonite|Dragon Dance|p2a: Dragonite\n|-boost|p2a: Dragonite|atk|1\n|-boost|p2a: Dragonite|spe|1\n|\n|-heal|p1a: Zamazenta|42\/100|[from] item: Leftovers\n|upkeep\n|turn|9\n|\n|t:|1700032073\n|move|p1a: Zamazenta|Body Press|p2a: Dragonite\n|-resisted|p2a: Dragonite\n|-damage|p2a: Dragonite|19\/100\n|move|p2a: Dragonite|Earthquake|p1a: Zamazenta\n|-damage|p1a: Zamazenta|24\/100\n|\n|-heal|p1a: Zamazenta|30\/100|[from] item: Leftovers\n|upkeep\n|turn|10\n|c|\u2606gett guuud|iron\n|\n|t:|1700032079\n|move|p2a: Dragonite|Extreme Speed|p1a: Zamazenta\n|-damage|p1a: Zamazenta|14\/100\n|move|p1a: Zamazenta|Body Press|p2a: Dragonite\n|-resisted|p2a: Dragonite\n|-damage|p2a: Dragonite|0 fnt\n|faint|p2a: Dragonite\n|\n|-heal|p1a: Zamazenta|20\/100|[from] item: Leftovers\n|upkeep\n|c|\u2606gett guuud|wasted\n|\n|t:|1700032093\n|switch|p2a: Iron Valiant|Iron Valiant|100\/100\n|-enditem|p2a: Iron Valiant|Booster Energy\n|-activate|p2a: Iron Valiant|ability: Quark Drive|[fromitem]\n|-start|p2a: Iron Valiant|quarkdrivespa\n|turn|11\n|\n|t:|1700032098\n|switch|p1a: Slowking|Slowking-Galar, F|100\/100\n|move|p2a: Iron Valiant|Vacuum Wave|p1a: Slowking\n|-resisted|p1a: Slowking\n|-damage|p1a: Slowking|94\/100\n|\n|upkeep\n|turn|12\n|c|\u2606gett guuud|gg\n|c|\u2606BUGG1N|youre really excited\n|c|\u2606BUGG1N|so im happy for you\n|\n|t:|1700032128\n|-terastallize|p2a: Iron Valiant|Fighting\n|move|p2a: Iron Valiant|Calm Mind|p2a: Iron Valiant\n|-boost|p2a: Iron Valiant|spa|1\n|-boost|p2a: Iron Valiant|spd|1\n|move|p1a: Slowking|Trick Room|p1a: Slowking\n|-fieldstart|move: Trick Room|[of] p1a: Slowking\n|\n|upkeep\n|turn|13\n|inactive|gett guuud has 120 seconds left.\n|\n|t:|1700032178\n|move|p1a: Slowking|Flamethrower|p2a: Iron Valiant\n|-damage|p2a: Iron Valiant|52\/100\n|-damage|p1a: Slowking|85\/100|[from] item: Life Orb\n|move|p2a: Iron Valiant|Calm Mind|p2a: Iron Valiant\n|-boost|p2a: Iron Valiant|spa|1\n|-boost|p2a: Iron Valiant|spd|1\n|\n|upkeep\n|turn|14\n|c|\u2606gett guuud|cm more\n|\n|t:|1700032184\n|move|p1a: Slowking|Flamethrower|p2a: Iron Valiant\n|-damage|p2a: Iron Valiant|16\/100\n|-damage|p1a: Slowking|75\/100|[from] item: Life Orb\n|move|p2a: Iron Valiant|Psyshock|p1a: Slowking\n|-damage|p1a: Slowking|0 fnt\n|faint|p1a: Slowking\n|\n|upkeep\n|\n|t:|1700032195\n|switch|p1a: Hatterene|Hatterene, F|100\/100\n|turn|15\n|c|\u2606gett guuud|kiss kiss\n|\n|t:|1700032204\n|move|p2a: Iron Valiant|Vacuum Wave|p1a: Hatterene\n|-resisted|p1a: Hatterene\n|-damage|p1a: Hatterene|81\/100\n|move|p1a: Hatterene|Draining Kiss|p2a: Iron Valiant\n|-supereffective|p2a: Iron Valiant\n|-damage|p2a: Iron Valiant|0 fnt\n|-heal|p1a: Hatterene|92\/100|[from] drain|[of] p2a: Iron Valiant\n|faint|p2a: Iron Valiant\n|-end|p2a: Iron Valiant|Quark Drive|[silent]\n|\n|-heal|p1a: Hatterene|98\/100|[from] item: Leftovers\n|upkeep\n|\n|t:|1700032213\n|switch|p2a: Iron Treads|Iron Treads|50\/100 slp\n|turn|16\n|c|\u2606gett guuud|bird\n|\n|t:|1700032220\n|switch|p1a: Corviknight|Corviknight, F|100\/100\n|-ability|p1a: Corviknight|Pressure\n|cant|p2a: Iron Treads|slp\n|\n|-fieldend|move: Trick Room\n|upkeep\n|turn|17\n|c|\u2606BUGG1N|please grow up lol\n|\n|t:|1700032233\n|cant|p2a: Iron Treads|slp\n|move|p1a: Corviknight|Iron Defense|p1a: Corviknight\n|-boost|p1a: Corviknight|def|2\n|\n|upkeep\n|turn|18\n|c|\u2606gett guuud|+4\n|-message|BUGG1N forfeited.\n|\n|win|gett guuud\n|raw|gett guuud's rating: 1503 &rarr; <strong>1532<\/strong><br \/>(+29 for winning)\n|raw|BUGG1N's rating: 1661 &rarr; <strong>1632<\/strong><br \/>(-29 for losing)\n|l|\u2606BUGG1N\n","uploadtime":1700032247,"views":8,"p1id":"gettguuud","p2id":"bugg1n","formatid":"gen9ou","rating":1532,"private":0,"password":""}