{"id":"gen9ou-1990495060","p1":"Z-pokemaster2000","p2":"DivineGabriel","format":"[Gen 9] OU","log":"|j|\u2606Z-pokemaster2000\n|j|\u2606DivineGabriel\n|t:|1699976087\n|gametype|singles\n|player|p1|Z-pokemaster2000|veteran|1767\n|player|p2|DivineGabriel|rye|1856\n|teamsize|p1|6\n|teamsize|p2|6\n|gen|9\n|tier|[Gen 9] OU\n|rated|\n|rule|Sleep Clause Mod: Limit one foe put to sleep\n|rule|Species Clause: Limit one of each Pok\u00e9mon\n|rule|OHKO Clause: OHKO moves are banned\n|rule|Evasion Items Clause: Evasion items are banned\n|rule|Evasion Moves Clause: Evasion moves are banned\n|rule|Endless Battle Clause: Forcing endless battles is banned\n|rule|HP Percentage Mod: HP is shown in percentages\n|clearpoke\n|poke|p1|Okidogi, M|\n|poke|p1|Clefable, F|\n|poke|p1|Great Tusk|\n|poke|p1|Grimmsnarl, M|\n|poke|p1|Sinistcha-Masterpiece|\n|poke|p1|Ceruledge, M|\n|poke|p2|Typhlosion-Hisui, M|\n|poke|p2|Ting-Lu|\n|poke|p2|Torkoal, F|\n|poke|p2|Walking Wake|\n|poke|p2|Hatterene, F|\n|poke|p2|Meowscarada, M|\n|teampreview\n|inactive|Battle timer is ON: inactive players will automatically lose when time's up. (requested by Z-pokemaster2000)\n|j| malibou\n|\n|t:|1699976106\n|start\n|switch|p1a: Okidogi|Okidogi, M|100\/100\n|switch|p2a: Meowscarada|Meowscarada, M|100\/100\n|turn|1\n|\n|t:|1699976113\n|move|p2a: Meowscarada|U-turn|p1a: Okidogi\n|-start|p2a: Meowscarada|typechange|Bug|[from] ability: Protean\n|-resisted|p1a: Okidogi\n|-damage|p1a: Okidogi|94\/100\n|\n|t:|1699976115\n|switch|p2a: Torkoal|Torkoal, F|100\/100|[from] U-turn\n|-weather|SunnyDay|[from] ability: Drought|[of] p2a: Torkoal\n|move|p1a: Okidogi|Drain Punch|p2a: Torkoal\n|-damage|p2a: Torkoal|77\/100\n|-heal|p1a: Okidogi|100\/100|[from] drain|[of] p2a: Torkoal\n|\n|-weather|SunnyDay|[upkeep]\n|upkeep\n|turn|2\n|\n|t:|1699976124\n|move|p1a: Okidogi|Poison Fang|p2a: Torkoal\n|-damage|p2a: Torkoal|60\/100\n|move|p2a: Torkoal|Stealth Rock|p1a: Okidogi\n|-sidestart|p1: Z-pokemaster2000|move: Stealth Rock\n|\n|-weather|SunnyDay|[upkeep]\n|upkeep\n|turn|3\n|\n|t:|1699976129\n|switch|p2a: Hatterene|Hatterene, F|100\/100\n|move|p1a: Okidogi|Poison Fang|p2a: Hatterene\n|-supereffective|p2a: Hatterene\n|-damage|p2a: Hatterene|53\/100\n|-status|p2a: Hatterene|tox\n|-enditem|p2a: Hatterene|Eject Button\n|\n|t:|1699976136\n|switch|p2a: Walking Wake|Walking Wake|100\/100\n|-activate|p2a: Walking Wake|ability: Protosynthesis\n|-start|p2a: Walking Wake|protosynthesisspe\n|\n|-weather|SunnyDay|[upkeep]\n|upkeep\n|turn|4\n|\n|t:|1699976145\n|-terastallize|p2a: Walking Wake|Water\n|move|p2a: Walking Wake|Hydro Steam|p1a: Okidogi\n|-damage|p1a: Okidogi|17\/100\n|move|p1a: Okidogi|Drain Punch|p2a: Walking Wake\n|-damage|p2a: Walking Wake|55\/100\n|-heal|p1a: Okidogi|37\/100|[from] drain|[of] p2a: Walking Wake\n|\n|-weather|SunnyDay|[upkeep]\n|upkeep\n|turn|5\n|j| pikmin > pkmn\n|\n|t:|1699976161\n|move|p2a: Walking Wake|Hydro Steam|p1a: Okidogi\n|-damage|p1a: Okidogi|0 fnt\n|faint|p1a: Okidogi\n|\n|-weather|SunnyDay|[upkeep]\n|upkeep\n|\n|t:|1699976163\n|switch|p1a: Grimmsnarl|Grimmsnarl, M, shiny|100\/100\n|-damage|p1a: Grimmsnarl|88\/100|[from] Stealth Rock\n|turn|6\n|\n|t:|1699976165\n|move|p1a: Grimmsnarl|Light Screen|p1a: Grimmsnarl\n|-sidestart|p1: Z-pokemaster2000|move: Light Screen\n|move|p2a: Walking Wake|Hydro Steam|p1a: Grimmsnarl\n|-damage|p1a: Grimmsnarl|33\/100\n|\n|-weather|SunnyDay|[upkeep]\n|upkeep\n|turn|7\n|\n|t:|1699976174\n|-end|p2a: Walking Wake|Protosynthesis|[silent]\n|switch|p2a: Ting-Lu|Ting-Lu|100\/100\n|-ability|p2a: Ting-Lu|Vessel of Ruin\n|move|p1a: Grimmsnarl|Parting Shot|p2a: Ting-Lu\n|-hint|Since gen 7, Dark is immune to Prankster moves.\n|-immune|p2a: Ting-Lu\n|\n|-weather|SunnyDay|[upkeep]\n|upkeep\n|turn|8\n|\n|t:|1699976182\n|move|p1a: Grimmsnarl|Reflect|p1a: Grimmsnarl\n|-sidestart|p1: Z-pokemaster2000|Reflect\n|move|p2a: Ting-Lu|Spikes|p1a: Grimmsnarl\n|-sidestart|p1: Z-pokemaster2000|Spikes\n|\n|-weather|none\n|upkeep\n|turn|9\n|j| ItsaMeLuigiHere\n|j| lgang007\n|\n|t:|1699976188\n|switch|p1a: Great Tusk|Great Tusk|100\/100\n|-damage|p1a: Great Tusk|97\/100|[from] Stealth Rock\n|-damage|p1a: Great Tusk|85\/100|[from] Spikes\n|move|p2a: Ting-Lu|Earthquake|p1a: Great Tusk\n|-damage|p1a: Great Tusk|72\/100\n|\n|-heal|p1a: Great Tusk|78\/100|[from] item: Leftovers\n|upkeep\n|turn|10\n|\n|t:|1699976195\n|switch|p2a: Typhlosion|Typhlosion-Hisui, M|100\/100\n|move|p1a: Great Tusk|Rapid Spin|p2a: Typhlosion\n|-immune|p2a: Typhlosion\n|\n|-heal|p1a: Great Tusk|84\/100|[from] item: Leftovers\n|upkeep\n|turn|11\n|j| mew852\n|\n|t:|1699976198\n|move|p2a: Typhlosion|Eruption|p1a: Great Tusk\n|-damage|p1a: Great Tusk|3\/100\n|move|p1a: Great Tusk|Headlong Rush|p2a: Typhlosion\n|-supereffective|p2a: Typhlosion\n|-crit|p2a: Typhlosion\n|-damage|p2a: Typhlosion|0 fnt\n|-unboost|p1a: Great Tusk|def|1\n|-unboost|p1a: Great Tusk|spd|1\n|faint|p2a: Typhlosion\n|\n|-heal|p1a: Great Tusk|9\/100|[from] item: Leftovers\n|upkeep\n|\n|t:|1699976207\n|switch|p2a: Walking Wake|Walking Wake, tera:Water|55\/100\n|turn|12\n|l| ItsaMeLuigiHere\n|\n|t:|1699976230\n|move|p2a: Walking Wake|Hydro Steam|p1a: Great Tusk\n|-supereffective|p1a: Great Tusk\n|-damage|p1a: Great Tusk|0 fnt\n|faint|p1a: Great Tusk\n|-end|p1a: Great Tusk|Protosynthesis|[silent]\n|\n|upkeep\n|\n|t:|1699976234\n|switch|p1a: Sinistcha|Sinistcha-Masterpiece|100\/100\n|-damage|p1a: Sinistcha|88\/100|[from] Stealth Rock\n|-damage|p1a: Sinistcha|76\/100|[from] Spikes\n|turn|13\n|\n|t:|1699976239\n|-end|p2a: Walking Wake|Protosynthesis|[silent]\n|switch|p2a: Ting-Lu|Ting-Lu|100\/100\n|-ability|p2a: Ting-Lu|Vessel of Ruin\n|move|p1a: Sinistcha|Matcha Gotcha|p2a: Ting-Lu\n|-supereffective|p2a: Ting-Lu\n|-damage|p2a: Ting-Lu|76\/100\n|-heal|p1a: Sinistcha|94\/100|[from] drain|[of] p2a: Ting-Lu\n|\n|-heal|p2a: Ting-Lu|82\/100|[from] item: Leftovers\n|-sideend|p1: Z-pokemaster2000|move: Light Screen\n|upkeep\n|turn|14\n|j| wargle blargle\n|\n|t:|1699976254\n|move|p1a: Sinistcha|Matcha Gotcha|p2a: Ting-Lu|[miss]\n|-miss|p1a: Sinistcha|p2a: Ting-Lu\n|move|p2a: Ting-Lu|Spikes|p1a: Sinistcha\n|-sidestart|p1: Z-pokemaster2000|Spikes\n|\n|-heal|p2a: Ting-Lu|88\/100|[from] item: Leftovers\n|upkeep\n|turn|15\n|\n|t:|1699976259\n|move|p1a: Sinistcha|Matcha Gotcha|p2a: Ting-Lu\n|-supereffective|p2a: Ting-Lu\n|-damage|p2a: Ting-Lu|63\/100\n|-heal|p1a: Sinistcha|100\/100|[from] drain|[of] p2a: Ting-Lu\n|move|p2a: Ting-Lu|Spikes|p1a: Sinistcha\n|-sidestart|p1: Z-pokemaster2000|Spikes\n|\n|-heal|p2a: Ting-Lu|69\/100|[from] item: Leftovers\n|-sideend|p1: Z-pokemaster2000|Reflect\n|upkeep\n|turn|16\n|j| Memento Squad\n|\n|t:|1699976270\n|move|p1a: Sinistcha|Scald|p2a: Ting-Lu\n|-supereffective|p2a: Ting-Lu\n|-damage|p2a: Ting-Lu|51\/100\n|-status|p2a: Ting-Lu|brn\n|move|p2a: Ting-Lu|Whirlwind|p1a: Sinistcha\n|drag|p1a: Luna|Clefable, F, shiny|100\/100\n|-damage|p1a: Luna|88\/100|[from] Stealth Rock\n|-damage|p1a: Luna|63\/100|[from] Spikes\n|\n|-heal|p1a: Luna|69\/100|[from] item: Leftovers\n|-heal|p2a: Ting-Lu|57\/100 brn|[from] item: Leftovers\n|-damage|p2a: Ting-Lu|51\/100 brn|[from] brn\n|upkeep\n|turn|17\n|l| pikmin > pkmn\n|\n|t:|1699976278\n|move|p1a: Luna|Moonlight|p1a: Luna\n|-heal|p1a: Luna|100\/100\n|move|p2a: Ting-Lu|Whirlwind|p1a: Luna\n|drag|p1a: Sinistcha|Sinistcha-Masterpiece|100\/100\n|-damage|p1a: Sinistcha|88\/100|[from] Stealth Rock\n|-damage|p1a: Sinistcha|63\/100|[from] Spikes\n|\n|-heal|p2a: Ting-Lu|57\/100 brn|[from] item: Leftovers\n|-damage|p2a: Ting-Lu|51\/100 brn|[from] brn\n|upkeep\n|turn|18\n|\n|t:|1699976284\n|move|p1a: Sinistcha|Matcha Gotcha|p2a: Ting-Lu\n|-supereffective|p2a: Ting-Lu\n|-crit|p2a: Ting-Lu\n|-damage|p2a: Ting-Lu|7\/100 brn\n|-heal|p1a: Sinistcha|96\/100|[from] drain|[of] p2a: Ting-Lu\n|move|p2a: Ting-Lu|Whirlwind|p1a: Sinistcha\n|drag|p1a: Ceruledge|Ceruledge, M|100\/100\n|-damage|p1a: Ceruledge|75\/100|[from] Stealth Rock\n|-damage|p1a: Ceruledge|50\/100|[from] Spikes\n|\n|-heal|p1a: Ceruledge|57\/100|[from] item: Leftovers\n|-heal|p2a: Ting-Lu|13\/100 brn|[from] item: Leftovers\n|-damage|p2a: Ting-Lu|7\/100 brn|[from] brn\n|upkeep\n|turn|19\n|\n|t:|1699976291\n|move|p1a: Ceruledge|Bitter Blade|p2a: Ting-Lu\n|-damage|p2a: Ting-Lu|0 fnt\n|-heal|p1a: Ceruledge|62\/100|[from] drain|[of] p2a: Ting-Lu\n|faint|p2a: Ting-Lu\n|\n|-heal|p1a: Ceruledge|69\/100|[from] item: Leftovers\n|upkeep\n|\n|t:|1699976293\n|switch|p2a: Walking Wake|Walking Wake, tera:Water|55\/100\n|turn|20\n|\n|t:|1699976296\n|move|p1a: Ceruledge|Shadow Sneak|p2a: Walking Wake\n|-damage|p2a: Walking Wake|34\/100\n|move|p2a: Walking Wake|Hydro Steam|p1a: Ceruledge\n|-supereffective|p1a: Ceruledge\n|-damage|p1a: Ceruledge|0 fnt\n|faint|p1a: Ceruledge\n|\n|upkeep\n|\n|t:|1699976299\n|switch|p1a: Grimmsnarl|Grimmsnarl, M, shiny|33\/100\n|-damage|p1a: Grimmsnarl|20\/100|[from] Stealth Rock\n|-damage|p1a: Grimmsnarl|0 fnt|[from] Spikes\n|faint|p1a: Grimmsnarl\n|\n|t:|1699976310\n|switch|p1a: Sinistcha|Sinistcha-Masterpiece|96\/100\n|-damage|p1a: Sinistcha|83\/100|[from] Stealth Rock\n|-damage|p1a: Sinistcha|58\/100|[from] Spikes\n|turn|21\n|\n|t:|1699976319\n|-end|p2a: Walking Wake|Protosynthesis|[silent]\n|switch|p2a: Meowscarada|Meowscarada, M|100\/100\n|move|p1a: Sinistcha|Matcha Gotcha|p2a: Meowscarada\n|-resisted|p2a: Meowscarada\n|-damage|p2a: Meowscarada|76\/100\n|-heal|p1a: Sinistcha|69\/100|[from] drain|[of] p2a: Meowscarada\n|\n|upkeep\n|turn|22\n|\n|t:|1699976324\n|move|p2a: Meowscarada|U-turn|p1a: Sinistcha\n|-start|p2a: Meowscarada|typechange|Bug|[from] ability: Protean\n|-damage|p1a: Sinistcha|45\/100\n|-enditem|p1a: Sinistcha|Kee Berry|[eat]\n|-boost|p1a: Sinistcha|def|1|[from] item: Kee Berry\n|\n|t:|1699976332\n|switch|p2a: Torkoal|Torkoal, F|60\/100|[from] U-turn\n|-weather|SunnyDay|[from] ability: Drought|[of] p2a: Torkoal\n|move|p1a: Sinistcha|Strength Sap|p2a: Torkoal\n|-unboost|p2a: Torkoal|atk|1\n|-heal|p1a: Sinistcha|98\/100\n|\n|-weather|SunnyDay|[upkeep]\n|upkeep\n|turn|23\n|\n|t:|1699976337\n|move|p1a: Sinistcha|Calm Mind|p1a: Sinistcha\n|-boost|p1a: Sinistcha|spa|1\n|-boost|p1a: Sinistcha|spd|1\n|move|p2a: Torkoal|Yawn|p1a: Sinistcha\n|-start|p1a: Sinistcha|move: Yawn|[of] p2a: Torkoal\n|\n|-weather|SunnyDay|[upkeep]\n|upkeep\n|turn|24\n|\n|t:|1699976340\n|switch|p2a: Hatterene|Hatterene, F|53\/100 tox\n|move|p1a: Sinistcha|Calm Mind|p1a: Sinistcha\n|-boost|p1a: Sinistcha|spa|1\n|-boost|p1a: Sinistcha|spd|1\n|\n|-weather|SunnyDay|[upkeep]\n|-damage|p2a: Hatterene|47\/100 tox|[from] psn\n|-end|p1a: Sinistcha|move: Yawn|[silent]\n|-status|p1a: Sinistcha|slp\n|upkeep\n|turn|25\n|\n|t:|1699976342\n|cant|p1a: Sinistcha|slp\n|move|p2a: Hatterene|Healing Wish|p2a: Hatterene\n|faint|p2a: Hatterene\n|\n|-weather|SunnyDay|[upkeep]\n|upkeep\n|\n|t:|1699976344\n|switch|p2a: Walking Wake|Walking Wake, tera:Water|34\/100\n|-heal|p2a: Walking Wake|100\/100|[from] move: Healing Wish\n|-activate|p2a: Walking Wake|ability: Protosynthesis\n|-start|p2a: Walking Wake|protosynthesisspe\n|turn|26\n|\n|t:|1699976355\n|move|p2a: Walking Wake|Dragon Pulse|p1a: Sinistcha\n|-damage|p1a: Sinistcha|64\/100 slp\n|-curestatus|p1a: Sinistcha|slp|[msg]\n|move|p1a: Sinistcha|Matcha Gotcha|p2a: Walking Wake\n|-supereffective|p2a: Walking Wake\n|-damage|p2a: Walking Wake|0 fnt\n|-heal|p1a: Sinistcha|100\/100|[from] drain|[of] p2a: Walking Wake\n|faint|p2a: Walking Wake\n|-end|p2a: Walking Wake|Protosynthesis|[silent]\n|\n|-weather|SunnyDay|[upkeep]\n|upkeep\n|-message|DivineGabriel forfeited.\n|\n|win|Z-pokemaster2000\n|raw|Z-pokemaster2000's rating: 1767 &rarr; <strong>1792<\/strong><br \/>(+25 for winning)\n|raw|DivineGabriel's rating: 1856 &rarr; <strong>1831<\/strong><br \/>(-25 for losing)\n|l|\u2606DivineGabriel\n|c|\u2606Z-pokemaster2000|**THE TEACUP**\n|l|\u2606Z-pokemaster2000\n|l| wargle blargle\n|l| malibou\n|l| mew852\n|j|\u2606Z-pokemaster2000\n|player|p1|Z-pokemaster2000|veteran\n","uploadtime":1699976426,"views":20,"p1id":"zpokemaster2000","p2id":"divinegabriel","formatid":"gen9ou","rating":1792,"private":0,"password":""}