{"id":"gen9ou-1994060721","p1":"cursemars","p2":"Yalpur","format":"[Gen 9] OU","log":"|j|\u2606cursemars\n|j|\u2606Yalpur\n|t:|1700401556\n|gametype|singles\n|player|p1|cursemars|grimsley-gen7|1233\n|player|p2|Yalpur|101|1172\n|teamsize|p1|6\n|teamsize|p2|6\n|gen|9\n|tier|[Gen 9] OU\n|rated|\n|rule|Sleep Clause Mod: Limit one foe put to sleep\n|rule|Species Clause: Limit one of each Pok\u00e9mon\n|rule|OHKO Clause: OHKO moves are banned\n|rule|Evasion Items Clause: Evasion items are banned\n|rule|Evasion Moves Clause: Evasion moves are banned\n|rule|Endless Battle Clause: Forcing endless battles is banned\n|rule|HP Percentage Mod: HP is shown in percentages\n|clearpoke\n|poke|p1|Maushold|\n|poke|p1|Dragapult, M|\n|poke|p1|Salazzle, F|\n|poke|p1|Corviknight, M|\n|poke|p1|Iron Valiant|\n|poke|p1|Kingambit, M|\n|poke|p2|Dragapult, F|\n|poke|p2|Ogerpon-Wellspring, F|\n|poke|p2|Iron Valiant|\n|poke|p2|Iron Moth|\n|poke|p2|Kingambit, F|\n|poke|p2|Landorus-Therian, M|\n|teampreview\n|inactive|Battle timer is ON: inactive players will automatically lose when time's up. (requested by cursemars)\n|\n|t:|1700401611\n|start\n|switch|p1a: Dragapult|Dragapult, M|100\/100\n|switch|p2a: Iron Valiant|Iron Valiant|100\/100\n|-enditem|p2a: Iron Valiant|Booster Energy\n|-activate|p2a: Iron Valiant|ability: Quark Drive|[fromitem]\n|-start|p2a: Iron Valiant|quarkdrivespe\n|turn|1\n|\n|t:|1700401626\n|switch|p1a: Corviknight|Corviknight, M|100\/100\n|move|p2a: Iron Valiant|Moonblast|p1a: Corviknight\n|-resisted|p1a: Corviknight\n|-damage|p1a: Corviknight|78\/100\n|\n|upkeep\n|turn|2\n|\n|t:|1700401637\n|move|p2a: Iron Valiant|Close Combat|p1a: Corviknight\n|-damage|p1a: Corviknight|43\/100\n|-unboost|p2a: Iron Valiant|def|1\n|-unboost|p2a: Iron Valiant|spd|1\n|-damage|p2a: Iron Valiant|84\/100|[from] item: Rocky Helmet|[of] p1a: Corviknight\n|move|p1a: Corviknight|Brave Bird|p2a: Iron Valiant\n|-supereffective|p2a: Iron Valiant\n|-damage|p2a: Iron Valiant|0 fnt\n|faint|p2a: Iron Valiant\n|-end|p2a: Iron Valiant|Quark Drive|[silent]\n|-damage|p1a: Corviknight|23\/100|[from] Recoil\n|\n|upkeep\n|\n|t:|1700401652\n|switch|p2a: Iron Moth|Iron Moth|100\/100\n|-enditem|p2a: Iron Moth|Booster Energy\n|-activate|p2a: Iron Moth|ability: Quark Drive|[fromitem]\n|-start|p2a: Iron Moth|quarkdrivespe\n|turn|3\n|\n|t:|1700401660\n|move|p2a: Iron Moth|Fiery Dance|p1a: Corviknight\n|-supereffective|p1a: Corviknight\n|-damage|p1a: Corviknight|0 fnt\n|-boost|p2a: Iron Moth|spa|1\n|faint|p1a: Corviknight\n|\n|upkeep\n|\n|t:|1700401679\n|switch|p1a: Dragapult|Dragapult, M|100\/100\n|turn|4\n|inactive|Yalpur has 120 seconds left.\n|\n|t:|1700401714\n|-terastallize|p2a: Iron Moth|Ground\n|move|p2a: Iron Moth|Tera Blast|p1a: Dragapult|[anim] Tera Blast Ground\n|-damage|p1a: Dragapult|13\/100\n|move|p1a: Dragapult|Dragon Darts|p2a: Iron Moth\n|-damage|p2a: Iron Moth|45\/100\n|-anim|p1a: Dragapult|Dragon Darts|p2a: Iron Moth\n|-damage|p2a: Iron Moth|0 fnt\n|faint|p2a: Iron Moth\n|-end|p2a: Iron Moth|Quark Drive|[silent]\n|\n|upkeep\n|\n|t:|1700401733\n|switch|p2a: Dragapult|Dragapult, F|100\/100\n|turn|5\n|\n|t:|1700401744\n|move|p2a: Dragapult|Sucker Punch|p1a: Dragapult\n|-supereffective|p1a: Dragapult\n|-damage|p1a: Dragapult|0 fnt\n|faint|p1a: Dragapult\n|-damage|p2a: Dragapult|91\/100|[from] item: Life Orb\n|\n|upkeep\n|\n|t:|1700401758\n|switch|p1a: Kingambit|Kingambit, M|100\/100\n|-activate|p1a: Kingambit|ability: Supreme Overlord\n|-start|p1a: Kingambit|fallen2|[silent]\n|turn|6\n|inactive|Yalpur has 120 seconds left.\n|\n|t:|1700401775\n|move|p2a: Dragapult|U-turn|p1a: Kingambit\n|-damage|p1a: Kingambit|77\/100\n|-damage|p2a: Dragapult|81\/100|[from] item: Life Orb\n|\n|t:|1700401779\n|switch|p2a: Landorus|Landorus-Therian, M|100\/100|[from] U-turn\n|-ability|p2a: Landorus|Intimidate|boost\n|-unboost|p1a: Kingambit|atk|1\n|move|p1a: Kingambit|Stealth Rock|p2a: Landorus\n|-sidestart|p2: Yalpur|move: Stealth Rock\n|\n|upkeep\n|turn|7\n|inactive|Yalpur has 120 seconds left.\n|\n|t:|1700401795\n|-end|p1a: Kingambit|fallen2|[silent]\n|switch|p1a: Iron Valiant|Iron Valiant|100\/100\n|move|p2a: Landorus|Earthquake|p1a: Iron Valiant\n|-damage|p1a: Iron Valiant|41\/100\n|\n|upkeep\n|turn|8\n|inactive|Yalpur has 120 seconds left.\n|\n|t:|1700401807\n|-terastallize|p1a: Iron Valiant|Fairy\n|move|p1a: Iron Valiant|Moonblast|p2a: Landorus\n|-damage|p2a: Landorus|5\/100\n|move|p2a: Landorus|Earthquake|p1a: Iron Valiant\n|-damage|p1a: Iron Valiant|0 fnt\n|faint|p1a: Iron Valiant\n|-end|p1a: Iron Valiant|Quark Drive|[silent]\n|\n|upkeep\n|\n|t:|1700401814\n|switch|p1a: Maushold|Maushold|100\/100\n|turn|9\n|\n|t:|1700401823\n|move|p1a: Maushold|Population Bomb|p2a: Landorus\n|-damage|p2a: Landorus|0 fnt\n|-damage|p1a: Maushold|84\/100|[from] item: Rocky Helmet|[of] p2a: Landorus\n|faint|p2a: Landorus\n|-hitcount|p2: Landorus|1\n|\n|upkeep\n|inactive|Yalpur has 120 seconds left.\n|\n|t:|1700401852\n|switch|p2a: Dragapult|Dragapult, F|81\/100\n|-damage|p2a: Dragapult|69\/100|[from] Stealth Rock\n|turn|10\n|inactive|Yalpur has 120 seconds left.\n|\n|t:|1700401865\n|switch|p1a: Kingambit|Kingambit, M|77\/100\n|-activate|p1a: Kingambit|ability: Supreme Overlord\n|-start|p1a: Kingambit|fallen3|[silent]\n|move|p2a: Dragapult|Dragon Darts|p1a: Kingambit\n|-resisted|p1a: Kingambit\n|-damage|p1a: Kingambit|66\/100\n|-anim|p2a: Dragapult|Dragon Darts|p1a: Kingambit\n|-resisted|p1a: Kingambit\n|-damage|p1a: Kingambit|54\/100\n|-damage|p2a: Dragapult|59\/100|[from] item: Life Orb\n|\n|upkeep\n|turn|11\n|inactive|Yalpur has 120 seconds left.\n|\n|t:|1700401880\n|move|p2a: Dragapult|U-turn|p1a: Kingambit\n|-damage|p1a: Kingambit|34\/100\n|-damage|p2a: Dragapult|49\/100|[from] item: Life Orb\n|inactive|Yalpur has 120 seconds left.\n|\n|t:|1700401899\n|switch|p2a: Ogerpon|Ogerpon-Wellspring, F|100\/100|[from] U-turn\n|-damage|p2a: Ogerpon|88\/100|[from] Stealth Rock\n|move|p1a: Kingambit|Iron Head|p2a: Ogerpon\n|-resisted|p2a: Ogerpon\n|-damage|p2a: Ogerpon|35\/100\n|-damage|p1a: Kingambit|24\/100|[from] item: Life Orb\n|\n|upkeep\n|turn|12\n|inactive|Yalpur has 90 seconds left.\n|inactive|cursemars has 120 seconds left.\n|\n|t:|1700401962\n|move|p1a: Kingambit|Sucker Punch||[still]\n|-fail|p1a: Kingambit\n|move|p2a: Ogerpon|Spikes|p1a: Kingambit\n|-sidestart|p1: cursemars|Spikes\n|\n|upkeep\n|turn|13\n|\n|t:|1700401989\n|-end|p1a: Kingambit|fallen3|[silent]\n|switch|p1a: Maushold|Maushold|84\/100\n|-damage|p1a: Maushold|71\/100|[from] Spikes\n|move|p2a: Ogerpon|Ivy Cudgel|p1a: Maushold|[anim] Ivy Cudgel Water\n|-damage|p1a: Maushold|0 fnt\n|faint|p1a: Maushold\n|\n|upkeep\n|\n|t:|1700401997\n|switch|p1a: Kingambit|Kingambit, M|24\/100\n|-damage|p1a: Kingambit|12\/100|[from] Spikes\n|-activate|p1a: Kingambit|ability: Supreme Overlord\n|-start|p1a: Kingambit|fallen4|[silent]\n|turn|14\n|\n|t:|1700402007\n|move|p1a: Kingambit|Sucker Punch|p2a: Ogerpon\n|-damage|p2a: Ogerpon|0 fnt\n|faint|p2a: Ogerpon\n|-damage|p1a: Kingambit|2\/100|[from] item: Life Orb\n|\n|upkeep\n|c|\u2606cursemars|there wasn't any strategic reason to use ivy cudgel there\n|c|\u2606cursemars|it just worked out for you\n|inactive|Yalpur has 60 seconds left.\n|c|\u2606Yalpur|you first time play sucker punch?\n|\n|t:|1700402042\n|switch|p2a: Dragapult|Dragapult, F|49\/100\n|-damage|p2a: Dragapult|37\/100|[from] Stealth Rock\n|turn|15\n|\n|t:|1700402046\n|move|p2a: Dragapult|Sucker Punch|p1a: Kingambit\n|-resisted|p1a: Kingambit\n|-damage|p1a: Kingambit|0 fnt\n|faint|p1a: Kingambit\n|-end|p1a: Kingambit|fallen4|[silent]\n|-damage|p2a: Dragapult|27\/100|[from] item: Life Orb\n|\n|upkeep\n|inactive|cursemars has 120 seconds left.\n|c|\u2606cursemars|no, been playing pokemon since 2011\n|c|\u2606cursemars|im just saying\n|c|\u2606cursemars|there was no strategy there\n|c|\u2606cursemars|you couldve used spikes again\n|c|\u2606Yalpur|I know you have encore\n|inactive|cursemars has 90 seconds left.\n|c|\u2606cursemars|On Maushold\n|c|\u2606cursemars|that I swapped to\n|c|\u2606cursemars|So that isn't a reason\n|inactive|cursemars has 60 seconds left.\n|c|\u2606cursemars|Either way. Wasn't strategic and I lost because of it.\n|-message|cursemars forfeited.\n|\n|win|Yalpur\n|raw|cursemars's rating: 1233 &rarr; <strong>1204<\/strong><br \/>(-29 for losing)\n|raw|Yalpur's rating: 1172 &rarr; <strong>1201<\/strong><br \/>(+29 for winning)\n|l|\u2606cursemars\n","uploadtime":1700402125,"views":4,"p1id":"cursemars","p2id":"yalpur","formatid":"gen9ou","rating":1201,"private":0,"password":""}