{"id":"gen9ou-1996261807","p1":"EkCantDrawLol","p2":"yoricktw","format":"[Gen 9] OU","log":"|j|\u2606EkCantDrawLol\n|j|\u2606yoricktw\n|t:|1700665150\n|gametype|singles\n|player|p1|EkCantDrawLol|skierf|1255\n|player|p2|yoricktw|266|1309\n|teamsize|p1|6\n|teamsize|p2|6\n|gen|9\n|tier|[Gen 9] OU\n|rated|\n|rule|Sleep Clause Mod: Limit one foe put to sleep\n|rule|Species Clause: Limit one of each Pok\u00e9mon\n|rule|OHKO Clause: OHKO moves are banned\n|rule|Evasion Items Clause: Evasion items are banned\n|rule|Evasion Moves Clause: Evasion moves are banned\n|rule|Endless Battle Clause: Forcing endless battles is banned\n|rule|HP Percentage Mod: HP is shown in percentages\n|clearpoke\n|poke|p1|Zamazenta-*|\n|poke|p1|Greninja-*, M|\n|poke|p1|Great Tusk|\n|poke|p1|Dragonite, F|\n|poke|p1|Iron Moth|\n|poke|p1|Gholdengo|\n|poke|p2|Alomomola, F|\n|poke|p2|Slowking-Galar, F|\n|poke|p2|Kingambit, F|\n|poke|p2|Great Tusk|\n|poke|p2|Cinderace, F|\n|poke|p2|Thundurus-Therian, M|\n|teampreview\n|inactive|Battle timer is ON: inactive players will automatically lose when time's up. (requested by EkCantDrawLol)\n|c|\u2606EkCantDrawLol|Glhf\n|\n|t:|1700665178\n|start\n|switch|p1a: Zamazenta|Zamazenta, shiny|100\/100\n|switch|p2a: Slowking|Slowking-Galar, F|100\/100\n|-ability|p1a: Zamazenta|Dauntless Shield|boost\n|-boost|p1a: Zamazenta|def|1\n|turn|1\n|\n|t:|1700665188\n|move|p1a: Zamazenta|Trailblaze|p2a: Slowking\n|-resisted|p2a: Slowking\n|-damage|p2a: Slowking|92\/100\n|-boost|p1a: Zamazenta|spe|1\n|move|p2a: Slowking|Chilly Reception|p2a: Slowking\n|-weather|Snow\n|\n|t:|1700665204\n|switch|p2a: Thundurus|Thundurus-Therian, M|100\/100|[from] Chilly Reception\n|\n|-weather|Snow|[upkeep]\n|upkeep\n|turn|2\n|\n|t:|1700665210\n|move|p1a: Zamazenta|Play Rough|p2a: Thundurus|[miss]\n|-miss|p1a: Zamazenta|p2a: Thundurus\n|move|p2a: Thundurus|Volt Switch|p1a: Zamazenta\n|-damage|p1a: Zamazenta|66\/100\n|inactive|yoricktw has 120 seconds left.\n|\n|t:|1700665231\n|switch|p2a: Great Tusk|Great Tusk|100\/100|[from] Volt Switch\n|\n|-weather|Snow|[upkeep]\n|upkeep\n|turn|3\n|\n|t:|1700665239\n|-end|p2a: Great Tusk|Protosynthesis|[silent]\n|switch|p2a: Alomomola|Alomomola, F|100\/100\n|move|p1a: Zamazenta|Play Rough|p2a: Alomomola\n|-crit|p2a: Alomomola\n|-damage|p2a: Alomomola|72\/100\n|-enditem|p2a: Alomomola|Red Card|[of] p1a: Zamazenta\n|drag|p1a: Dragonite|Dragonite, F, shiny|100\/100\n|\n|-weather|Snow|[upkeep]\n|upkeep\n|turn|4\n|\n|t:|1700665248\n|move|p1a: Dragonite|Dragon Claw|p2a: Alomomola\n|-damage|p2a: Alomomola|33\/100\n|move|p2a: Alomomola|Flip Turn|p1a: Dragonite\n|-resisted|p1a: Dragonite\n|-damage|p1a: Dragonite|97\/100\n|\n|t:|1700665260\n|switch|p2a: Slowking|Slowking-Galar, F|100\/100|[from] Flip Turn\n|\n|-weather|Snow|[upkeep]\n|upkeep\n|turn|5\n|\n|t:|1700665264\n|move|p1a: Dragonite|Dragon Claw|p2a: Slowking\n|-damage|p2a: Slowking|30\/100\n|move|p2a: Slowking|Ice Beam|p1a: Dragonite\n|-supereffective|p1a: Dragonite\n|-damage|p1a: Dragonite|24\/100\n|\n|-weather|none\n|upkeep\n|turn|6\n|\n|t:|1700665274\n|switch|p1a: Great Tusk|Great Tusk, shiny|100\/100\n|switch|p2a: Great Tusk|Great Tusk|100\/100\n|\n|upkeep\n|turn|7\n|\n|t:|1700665282\n|move|p2a: Great Tusk|Stealth Rock|p1a: Great Tusk\n|-sidestart|p1: EkCantDrawLol|move: Stealth Rock\n|move|p1a: Great Tusk|Rapid Spin|p2a: Great Tusk\n|-damage|p2a: Great Tusk|87\/100\n|-boost|p1a: Great Tusk|spe|1\n|-damage|p1a: Great Tusk|84\/100|[from] item: Rocky Helmet|[of] p2a: Great Tusk\n|-sideend|p1: EkCantDrawLol|Stealth Rock|[from] move: Rapid Spin|[of] p1a: Great Tusk\n|\n|upkeep\n|turn|8\n|\n|t:|1700665290\n|move|p1a: Great Tusk|Ice Spinner|p2a: Great Tusk\n|-supereffective|p2a: Great Tusk\n|-damage|p2a: Great Tusk|44\/100\n|-damage|p1a: Great Tusk|67\/100|[from] item: Rocky Helmet|[of] p2a: Great Tusk\n|move|p2a: Great Tusk|Headlong Rush|p1a: Great Tusk\n|-damage|p1a: Great Tusk|27\/100\n|-unboost|p2a: Great Tusk|def|1\n|-unboost|p2a: Great Tusk|spd|1\n|\n|upkeep\n|turn|9\n|\n|t:|1700665301\n|move|p1a: Great Tusk|Ice Spinner|p2a: Great Tusk\n|-supereffective|p2a: Great Tusk\n|-damage|p2a: Great Tusk|0 fnt\n|-damage|p1a: Great Tusk|10\/100|[from] item: Rocky Helmet|[of] p2a: Great Tusk\n|faint|p2a: Great Tusk\n|-end|p2a: Great Tusk|Protosynthesis|[silent]\n|\n|upkeep\n|\n|t:|1700665315\n|switch|p2a: Kingambit|Kingambit, F|100\/100\n|-activate|p2a: Kingambit|ability: Supreme Overlord\n|-start|p2a: Kingambit|fallen1|[silent]\n|turn|10\n|\n|t:|1700665318\n|move|p2a: Kingambit|Sucker Punch|p1a: Great Tusk\n|-resisted|p1a: Great Tusk\n|-damage|p1a: Great Tusk|0 fnt\n|faint|p1a: Great Tusk\n|-end|p1a: Great Tusk|Protosynthesis|[silent]\n|\n|upkeep\n|\n|t:|1700665324\n|switch|p1a: Zamazenta|Zamazenta, shiny|66\/100\n|turn|11\n|\n|t:|1700665342\n|-terastallize|p2a: Kingambit|Flying\n|move|p1a: Zamazenta|Close Combat|p2a: Kingambit\n|-resisted|p2a: Kingambit\n|-damage|p2a: Kingambit|77\/100\n|-unboost|p1a: Zamazenta|def|1\n|-unboost|p1a: Zamazenta|spd|1\n|move|p2a: Kingambit|Swords Dance|p2a: Kingambit\n|-boost|p2a: Kingambit|atk|2\n|\n|-heal|p2a: Kingambit|84\/100|[from] item: Leftovers\n|upkeep\n|turn|12\n|\n|t:|1700665355\n|-terastallize|p1a: Zamazenta|Fairy\n|move|p1a: Zamazenta|Play Rough|p2a: Kingambit\n|-damage|p2a: Kingambit|54\/100\n|move|p2a: Kingambit|Kowtow Cleave|p1a: Zamazenta\n|-resisted|p1a: Zamazenta\n|-damage|p1a: Zamazenta|0 fnt\n|faint|p1a: Zamazenta\n|\n|-heal|p2a: Kingambit|60\/100|[from] item: Leftovers\n|upkeep\n|\n|t:|1700665365\n|switch|p1a: Dragonite|Dragonite, F, shiny|24\/100\n|turn|13\n|\n|t:|1700665368\n|move|p1a: Dragonite|Extreme Speed|p2a: Kingambit\n|-crit|p2a: Kingambit\n|-damage|p2a: Kingambit|8\/100\n|move|p2a: Kingambit|Sucker Punch||[still]\n|-fail|p2a: Kingambit\n|\n|-heal|p2a: Kingambit|14\/100|[from] item: Leftovers\n|upkeep\n|turn|14\n|\n|t:|1700665375\n|move|p1a: Dragonite|Extreme Speed|p2a: Kingambit\n|-damage|p2a: Kingambit|0 fnt\n|faint|p2a: Kingambit\n|-end|p2a: Kingambit|fallen1|[silent]\n|\n|upkeep\n|\n|t:|1700665382\n|switch|p2a: Thundurus|Thundurus-Therian, M|100\/100\n|turn|15\n|\n|t:|1700665390\n|switch|p1a: Iron Moth|Iron Moth, shiny|100\/100\n|move|p2a: Thundurus|Volt Switch|p1a: Iron Moth\n|-damage|p1a: Iron Moth|38\/100\n|\n|t:|1700665403\n|switch|p2a: Cinderace|Cinderace, F|100\/100|[from] Volt Switch\n|\n|upkeep\n|turn|16\n|\n|t:|1700665407\n|move|p1a: Iron Moth|Sludge Wave|p2a: Cinderace\n|-damage|p2a: Cinderace|21\/100\n|move|p2a: Cinderace|Pyro Ball|p1a: Iron Moth\n|-resisted|p1a: Iron Moth\n|-damage|p1a: Iron Moth|0 fnt\n|faint|p1a: Iron Moth\n|-end|p1a: Iron Moth|Quark Drive|[silent]\n|\n|upkeep\n|\n|t:|1700665416\n|switch|p1a: Greninja|Greninja, M|100\/100\n|turn|17\n|\n|t:|1700665426\n|move|p1a: Greninja|Surf|p2a: Cinderace\n|-start|p1a: Greninja|typechange|Water|[from] ability: Protean\n|-supereffective|p2a: Cinderace\n|-damage|p2a: Cinderace|0 fnt\n|faint|p2a: Cinderace\n|\n|upkeep\n|\n|t:|1700665441\n|switch|p2a: Slowking|Slowking-Galar, F|63\/100\n|turn|18\n|\n|t:|1700665444\n|switch|p2a: Alomomola|Alomomola, F|66\/100\n|move|p1a: Greninja|Dark Pulse|p2a: Alomomola\n|-damage|p2a: Alomomola|43\/100\n|\n|upkeep\n|turn|19\n|\n|t:|1700665450\n|move|p1a: Greninja|Dark Pulse|p2a: Alomomola\n|-damage|p2a: Alomomola|22\/100\n|move|p2a: Alomomola|Flip Turn|p1a: Greninja\n|-resisted|p1a: Greninja\n|-damage|p1a: Greninja|86\/100\n|\n|t:|1700665454\n|switch|p2a: Thundurus|Thundurus-Therian, M|100\/100|[from] Flip Turn\n|\n|upkeep\n|turn|20\n|\n|t:|1700665471\n|move|p1a: Greninja|Dark Pulse|p2a: Thundurus\n|-damage|p2a: Thundurus|70\/100\n|move|p2a: Thundurus|Volt Switch|p1a: Greninja\n|-supereffective|p1a: Greninja\n|-damage|p1a: Greninja|0 fnt\n|faint|p1a: Greninja\n|\n|t:|1700665483\n|switch|p2a: Slowking|Slowking-Galar, F|97\/100|[from] Volt Switch\n|\n|upkeep\n|\n|t:|1700665486\n|switch|p1a: Gholdengo|Gholdengo|100\/100\n|turn|21\n|\n|t:|1700665496\n|move|p1a: Gholdengo|Hex|p2a: Slowking\n|-supereffective|p2a: Slowking\n|-damage|p2a: Slowking|48\/100\n|move|p2a: Slowking|Chilly Reception|p2a: Slowking\n|-weather|Snow\n|\n|t:|1700665504\n|switch|p2a: Thundurus|Thundurus-Therian, M|70\/100|[from] Chilly Reception\n|\n|-weather|Snow|[upkeep]\n|upkeep\n|turn|22\n|\n|t:|1700665509\n|move|p2a: Thundurus|Volt Switch|p1a: Gholdengo\n|-damage|p1a: Gholdengo|45\/100\n|\n|t:|1700665513\n|switch|p2a: Slowking|Slowking-Galar, F|81\/100|[from] Volt Switch\n|move|p1a: Gholdengo|Thunder Wave|p2a: Slowking\n|-status|p2a: Slowking|par\n|\n|-weather|Snow|[upkeep]\n|-heal|p1a: Gholdengo|52\/100|[from] item: Leftovers\n|upkeep\n|turn|23\n|\n|t:|1700665523\n|move|p1a: Gholdengo|Recover|p1a: Gholdengo\n|-heal|p1a: Gholdengo|100\/100\n|move|p2a: Slowking|Chilly Reception|p2a: Slowking\n|\n|t:|1700665527\n|switch|p2a: Thundurus|Thundurus-Therian, M|70\/100|[from] Chilly Reception\n|\n|-weather|Snow|[upkeep]\n|upkeep\n|turn|24\n|\n|t:|1700665535\n|move|p2a: Thundurus|Knock Off|p1a: Gholdengo\n|-supereffective|p1a: Gholdengo\n|-damage|p1a: Gholdengo|58\/100\n|-enditem|p1a: Gholdengo|Leftovers|[from] move: Knock Off|[of] p2a: Thundurus\n|move|p1a: Gholdengo|Hex|p2a: Thundurus\n|-damage|p2a: Thundurus|15\/100\n|\n|-weather|Snow|[upkeep]\n|upkeep\n|turn|25\n|\n|t:|1700665544\n|switch|p2a: Alomomola|Alomomola, F|55\/100\n|move|p1a: Gholdengo|Recover|p1a: Gholdengo\n|-heal|p1a: Gholdengo|100\/100\n|\n|-weather|none\n|upkeep\n|turn|26\n|\n|t:|1700665549\n|move|p1a: Gholdengo|Hex|p2a: Alomomola\n|-damage|p2a: Alomomola|22\/100\n|move|p2a: Alomomola|Wish|p2a: Alomomola\n|\n|upkeep\n|turn|27\n|\n|t:|1700665558\n|switch|p2a: Slowking|Slowking-Galar, F|100\/100 par\n|move|p1a: Gholdengo|Hex|p2a: Slowking\n|-supereffective|p2a: Slowking\n|-damage|p2a: Slowking|9\/100 par\n|\n|-heal|p2a: Slowking|69\/100 par|[from] move: Wish|[wisher] Alomomola\n|upkeep\n|turn|28\n|\n|t:|1700665566\n|switch|p2a: Alomomola|Alomomola, F|55\/100\n|move|p1a: Gholdengo|Hex|p2a: Alomomola\n|-crit|p2a: Alomomola\n|-damage|p2a: Alomomola|3\/100\n|\n|upkeep\n|turn|29\n|\n|t:|1700665571\n|move|p1a: Gholdengo|Hex|p2a: Alomomola\n|-damage|p2a: Alomomola|0 fnt\n|faint|p2a: Alomomola\n|\n|upkeep\n|\n|t:|1700665573\n|switch|p2a: Thundurus|Thundurus-Therian, M|15\/100\n|turn|30\n|\n|t:|1700665576\n|move|p2a: Thundurus|Volt Switch|p1a: Gholdengo\n|-damage|p1a: Gholdengo|44\/100\n|\n|t:|1700665579\n|switch|p2a: Slowking|Slowking-Galar, F|100\/100 par|[from] Volt Switch\n|move|p1a: Gholdengo|Hex|p2a: Slowking\n|-supereffective|p2a: Slowking\n|-damage|p2a: Slowking|17\/100 par\n|\n|upkeep\n|turn|31\n|\n|t:|1700665584\n|move|p1a: Gholdengo|Recover|p1a: Gholdengo\n|-heal|p1a: Gholdengo|94\/100\n|move|p2a: Slowking|Ice Beam|p1a: Gholdengo\n|-resisted|p1a: Gholdengo\n|-damage|p1a: Gholdengo|84\/100\n|\n|upkeep\n|turn|32\n|\n|t:|1700665593\n|move|p1a: Gholdengo|Hex|p2a: Slowking\n|-supereffective|p2a: Slowking\n|-damage|p2a: Slowking|0 fnt\n|faint|p2a: Slowking\n|\n|upkeep\n|\n|t:|1700665596\n|switch|p2a: Thundurus|Thundurus-Therian, M|15\/100\n|turn|33\n|\n|t:|1700665599\n|move|p2a: Thundurus|Volt Switch|p1a: Gholdengo\n|-damage|p1a: Gholdengo|22\/100\n|move|p1a: Gholdengo|Hex|p2a: Thundurus\n|-damage|p2a: Thundurus|0 fnt\n|faint|p2a: Thundurus\n|\n|win|EkCantDrawLol\n|raw|EkCantDrawLol's rating: 1255 &rarr; <strong>1284<\/strong><br \/>(+29 for winning)\n|raw|yoricktw's rating: 1309 &rarr; <strong>1286<\/strong><br \/>(-23 for losing)\n|l|\u2606yoricktw\n|c|\u2606EkCantDrawLol|Gg\n","uploadtime":1700665616,"views":1,"p1id":"ekcantdrawlol","p2id":"yoricktw","formatid":"gen9ou","rating":1284,"private":0,"password":""}