{"id":"gen9ou-1993200055","p1":"ratatta17","p2":"TheGr8est2EverDoIt","format":"[Gen 9] OU","log":"|j|\u2606ratatta17\n|j|\u2606TheGr8est2EverDoIt\n|t:|1700277135\n|gametype|singles\n|player|p1|ratatta17|265|1606\n|player|p2|TheGr8est2EverDoIt|lucas|1550\n|teamsize|p1|6\n|teamsize|p2|6\n|gen|9\n|tier|[Gen 9] OU\n|rated|\n|rule|Sleep Clause Mod: Limit one foe put to sleep\n|rule|Species Clause: Limit one of each Pok\u00e9mon\n|rule|OHKO Clause: OHKO moves are banned\n|rule|Evasion Items Clause: Evasion items are banned\n|rule|Evasion Moves Clause: Evasion moves are banned\n|rule|Endless Battle Clause: Forcing endless battles is banned\n|rule|HP Percentage Mod: HP is shown in percentages\n|clearpoke\n|poke|p1|Azumarill, M|\n|poke|p1|Staraptor, F|\n|poke|p1|Toedscruel, F|\n|poke|p1|Skeledirge, F|\n|poke|p1|Ninetales-Alola, F|\n|poke|p1|Iron Valiant|\n|poke|p2|Iron Leaves|\n|poke|p2|Ninetales-Alola, F|\n|poke|p2|Great Tusk|\n|poke|p2|Iron Moth|\n|poke|p2|Samurott-Hisui, F|\n|poke|p2|Kommo-o, F|\n|teampreview\n|inactive|Battle timer is ON: inactive players will automatically lose when time's up. (requested by ratatta17)\n|inactive|TheGr8est2EverDoIt has 120 seconds left.\n|\n|t:|1700277202\n|start\n|switch|p1a: Staraptor|Staraptor, F|100\/100\n|switch|p2a: Samurott|Samurott-Hisui, F|100\/100\n|-ability|p1a: Staraptor|Intimidate|boost\n|-unboost|p2a: Samurott|atk|1\n|turn|1\n|inactive|TheGr8est2EverDoIt has 120 seconds left.\n|\n|t:|1700277249\n|move|p1a: Staraptor|U-turn|p2a: Samurott\n|-supereffective|p2a: Samurott\n|-damage|p2a: Samurott|54\/100\n|\n|t:|1700277251\n|switch|p1a: Ninetales|Ninetales-Alola, F|100\/100|[from] U-turn\n|-weather|Snow|[from] ability: Snow Warning|[of] p1a: Ninetales\n|move|p2a: Samurott|Ceaseless Edge|p1a: Ninetales\n|-resisted|p1a: Ninetales\n|-damage|p1a: Ninetales|89\/100\n|-sidestart|p1: ratatta17|Spikes\n|\n|-weather|Snow|[upkeep]\n|upkeep\n|turn|2\n|inactive|TheGr8est2EverDoIt has 90 seconds left.\n|inactive|TheGr8est2EverDoIt has 60 seconds left.\n|\n|t:|1700277315\n|move|p2a: Samurott|Razor Shell|p1a: Ninetales\n|-damage|p1a: Ninetales|61\/100\n|-unboost|p1a: Ninetales|def|1\n|move|p1a: Ninetales|Aurora Veil|p1a: Ninetales\n|-sidestart|p1: ratatta17|move: Aurora Veil\n|\n|-weather|Snow|[upkeep]\n|upkeep\n|turn|3\n|\n|t:|1700277324\n|switch|p1a: Staraptor|Staraptor, F|100\/100\n|-ability|p1a: Staraptor|Intimidate|boost\n|-unboost|p2a: Samurott|atk|1\n|move|p2a: Samurott|Razor Shell|p1a: Staraptor\n|-damage|p1a: Staraptor|85\/100\n|-unboost|p1a: Staraptor|def|1\n|\n|-weather|Snow|[upkeep]\n|upkeep\n|turn|4\n|\n|t:|1700277329\n|move|p2a: Samurott|Aqua Jet|p1a: Staraptor\n|-damage|p1a: Staraptor|77\/100\n|move|p1a: Staraptor|U-turn|p2a: Samurott\n|-supereffective|p2a: Samurott\n|-damage|p2a: Samurott|1\/100\n|\n|t:|1700277333\n|switch|p1a: Ninetales|Ninetales-Alola, F|61\/100|[from] U-turn\n|-damage|p1a: Ninetales|48\/100|[from] Spikes\n|\n|-weather|Snow|[upkeep]\n|upkeep\n|turn|5\n|\n|t:|1700277336\n|move|p1a: Ninetales|Ice Shard|p2a: Samurott\n|-resisted|p2a: Samurott\n|-damage|p2a: Samurott|0 fnt\n|faint|p2a: Samurott\n|\n|-weather|none\n|upkeep\n|\n|t:|1700277343\n|switch|p2a: Ninetales|Ninetales-Alola, F, shiny|100\/100\n|-weather|Snow|[from] ability: Snow Warning|[of] p2a: Ninetales\n|turn|6\n|\n|t:|1700277346\n|move|p2a: Ninetales|Aurora Veil|p2a: Ninetales\n|-sidestart|p2: TheGr8est2EverDoIt|move: Aurora Veil\n|move|p1a: Ninetales|Encore|p2a: Ninetales\n|-start|p2a: Ninetales|Encore\n|\n|-weather|Snow|[upkeep]\n|upkeep\n|turn|7\n|\n|t:|1700277364\n|switch|p2a: Iron Moth|Iron Moth|100\/100\n|-enditem|p2a: Iron Moth|Booster Energy\n|-activate|p2a: Iron Moth|ability: Quark Drive|[fromitem]\n|-start|p2a: Iron Moth|quarkdrivespe\n|switch|p1a: Staraptor|Staraptor, F|77\/100\n|-ability|p1a: Staraptor|Intimidate|boost\n|-unboost|p2a: Iron Moth|atk|1\n|\n|-weather|Snow|[upkeep]\n|upkeep\n|turn|8\n|\n|t:|1700277369\n|switch|p1a: Skeledirge|Skeledirge, F|100\/100\n|-damage|p1a: Skeledirge|88\/100|[from] Spikes\n|move|p2a: Iron Moth|Fiery Dance|p1a: Skeledirge\n|-resisted|p1a: Skeledirge\n|-damage|p1a: Skeledirge|81\/100\n|\n|-weather|Snow|[upkeep]\n|-heal|p1a: Skeledirge|87\/100|[from] item: Leftovers\n|upkeep\n|turn|9\n|\n|t:|1700277372\n|move|p2a: Iron Moth|Psychic|p1a: Skeledirge\n|-damage|p1a: Skeledirge|77\/100\n|move|p1a: Skeledirge|Torch Song|p2a: Iron Moth\n|-resisted|p2a: Iron Moth\n|-damage|p2a: Iron Moth|92\/100\n|-boost|p1a: Skeledirge|spa|1\n|\n|-weather|Snow|[upkeep]\n|-heal|p1a: Skeledirge|83\/100|[from] item: Leftovers\n|-sideend|p1: ratatta17|move: Aurora Veil\n|upkeep\n|turn|10\n|\n|t:|1700277380\n|move|p2a: Iron Moth|Psychic|p1a: Skeledirge\n|-damage|p1a: Skeledirge|61\/100\n|move|p1a: Skeledirge|Torch Song|p2a: Iron Moth\n|-resisted|p2a: Iron Moth\n|-damage|p2a: Iron Moth|81\/100\n|-boost|p1a: Skeledirge|spa|1\n|\n|-weather|none\n|-heal|p1a: Skeledirge|67\/100|[from] item: Leftovers\n|upkeep\n|turn|11\n|\n|t:|1700277386\n|-end|p2a: Iron Moth|Quark Drive|[silent]\n|switch|p2a: Kommo-o|Kommo-o, F|100\/100\n|move|p1a: Skeledirge|Torch Song|p2a: Kommo-o\n|-resisted|p2a: Kommo-o\n|-damage|p2a: Kommo-o|83\/100\n|-boost|p1a: Skeledirge|spa|1\n|\n|-heal|p1a: Skeledirge|74\/100|[from] item: Leftovers\n|upkeep\n|turn|12\n|\n|t:|1700277391\n|move|p2a: Kommo-o|Clanging Scales|p1a: Skeledirge\n|-damage|p1a: Skeledirge|42\/100\n|-unboost|p2a: Kommo-o|def|1\n|-enditem|p2a: Kommo-o|Throat Spray\n|-boost|p2a: Kommo-o|spa|1|[from] item: Throat Spray\n|move|p1a: Skeledirge|Will-O-Wisp|p2a: Kommo-o|[miss]\n|-miss|p1a: Skeledirge|p2a: Kommo-o\n|\n|-heal|p1a: Skeledirge|48\/100|[from] item: Leftovers\n|upkeep\n|turn|13\n|\n|t:|1700277412\n|move|p2a: Kommo-o|Clanging Scales|p1a: Skeledirge\n|-damage|p1a: Skeledirge|11\/100\n|-unboost|p2a: Kommo-o|def|1\n|move|p1a: Skeledirge|Slack Off|p1a: Skeledirge\n|-heal|p1a: Skeledirge|61\/100\n|\n|-heal|p1a: Skeledirge|67\/100|[from] item: Leftovers\n|-sideend|p2: TheGr8est2EverDoIt|move: Aurora Veil\n|upkeep\n|turn|14\n|inactive|TheGr8est2EverDoIt has 120 seconds left.\n|\n|t:|1700277458\n|move|p2a: Kommo-o|Clanging Scales|p1a: Skeledirge\n|-damage|p1a: Skeledirge|29\/100\n|-unboost|p2a: Kommo-o|def|1\n|move|p1a: Skeledirge|Slack Off|p1a: Skeledirge\n|-heal|p1a: Skeledirge|79\/100\n|\n|-heal|p1a: Skeledirge|85\/100|[from] item: Leftovers\n|upkeep\n|turn|15\n|\n|t:|1700277461\n|switch|p1a: Ninetales|Ninetales-Alola, F|48\/100\n|-damage|p1a: Ninetales|36\/100|[from] Spikes\n|-weather|Snow|[from] ability: Snow Warning|[of] p1a: Ninetales\n|move|p2a: Kommo-o|Clanging Scales|p1a: Ninetales\n|-immune|p1a: Ninetales\n|\n|-weather|Snow|[upkeep]\n|upkeep\n|turn|16\n|\n|t:|1700277467\n|move|p2a: Kommo-o|Boomburst|p1a: Ninetales\n|-damage|p1a: Ninetales|0 fnt\n|faint|p1a: Ninetales\n|\n|-weather|Snow|[upkeep]\n|upkeep\n|\n|t:|1700277478\n|switch|p1a: Staraptor|Staraptor, F|77\/100\n|-ability|p1a: Staraptor|Intimidate|boost\n|-unboost|p2a: Kommo-o|atk|1\n|turn|17\n|\n|t:|1700277481\n|switch|p2a: Ninetales|Ninetales-Alola, F, shiny|100\/100\n|move|p1a: Staraptor|Final Gambit|p2a: Ninetales\n|-damage|p2a: Ninetales|18\/100\n|faint|p1a: Staraptor\n|\n|-weather|Snow|[upkeep]\n|upkeep\n|\n|t:|1700277483\n|switch|p1a: Iron Valiant|Iron Valiant|100\/100\n|-damage|p1a: Iron Valiant|88\/100|[from] Spikes\n|turn|18\n|\n|t:|1700277489\n|move|p1a: Iron Valiant|Moonblast|p2a: Ninetales\n|-damage|p2a: Ninetales|0 fnt\n|faint|p2a: Ninetales\n|-damage|p1a: Iron Valiant|78\/100|[from] item: Life Orb\n|\n|-weather|Snow|[upkeep]\n|upkeep\n|\n|t:|1700277496\n|switch|p2a: Great Tusk|Great Tusk|100\/100\n|-enditem|p2a: Great Tusk|Booster Energy\n|-activate|p2a: Great Tusk|ability: Protosynthesis|[fromitem]\n|-start|p2a: Great Tusk|protosynthesisspe\n|turn|19\n|\n|t:|1700277503\n|move|p2a: Great Tusk|Headlong Rush|p1a: Iron Valiant\n|-damage|p1a: Iron Valiant|13\/100\n|-unboost|p2a: Great Tusk|def|1\n|-unboost|p2a: Great Tusk|spd|1\n|move|p1a: Iron Valiant|Moonblast|p2a: Great Tusk\n|-supereffective|p2a: Great Tusk\n|-damage|p2a: Great Tusk|0 fnt\n|faint|p2a: Great Tusk\n|-end|p2a: Great Tusk|Protosynthesis|[silent]\n|-damage|p1a: Iron Valiant|3\/100|[from] item: Life Orb\n|\n|-weather|none\n|upkeep\n|\n|t:|1700277508\n|switch|p2a: Iron Leaves|Iron Leaves|100\/100\n|-enditem|p2a: Iron Leaves|Booster Energy\n|-activate|p2a: Iron Leaves|ability: Quark Drive|[fromitem]\n|-start|p2a: Iron Leaves|quarkdriveatk\n|turn|20\n|\n|t:|1700277516\n|move|p1a: Iron Valiant|Knock Off|p2a: Iron Leaves\n|-supereffective|p2a: Iron Leaves\n|-damage|p2a: Iron Leaves|37\/100\n|-damage|p1a: Iron Valiant|0 fnt|[from] item: Life Orb\n|faint|p1a: Iron Valiant\n|-end|p1a: Iron Valiant|Quark Drive|[silent]\n|move|p2a: Iron Leaves|Trailblaze|p1: Iron Valiant|[notarget]\n|-fail|p2a: Iron Leaves\n|\n|upkeep\n|\n|t:|1700277529\n|switch|p1a: Skeledirge|Skeledirge, F|85\/100\n|-damage|p1a: Skeledirge|73\/100|[from] Spikes\n|turn|21\n|\n|t:|1700277545\n|-terastallize|p2a: Iron Leaves|Fire\n|move|p2a: Iron Leaves|Psyblade|p1a: Skeledirge\n|-damage|p1a: Skeledirge|28\/100\n|move|p1a: Skeledirge|Torch Song|p2a: Iron Leaves\n|-resisted|p2a: Iron Leaves\n|-damage|p2a: Iron Leaves|20\/100\n|-boost|p1a: Skeledirge|spa|1\n|\n|-heal|p1a: Skeledirge|34\/100|[from] item: Leftovers\n|upkeep\n|turn|22\n|\n|t:|1700277556\n|move|p2a: Iron Leaves|Psyblade|p1a: Skeledirge\n|-damage|p1a: Skeledirge|0 fnt\n|faint|p1a: Skeledirge\n|\n|upkeep\n|\n|t:|1700277561\n|switch|p1a: Azumarill|Azumarill, M|100\/100\n|-damage|p1a: Azumarill|88\/100|[from] Spikes\n|turn|23\n|\n|t:|1700277563\n|move|p1a: Azumarill|Aqua Jet|p2a: Iron Leaves\n|-supereffective|p2a: Iron Leaves\n|-damage|p2a: Iron Leaves|0 fnt\n|faint|p2a: Iron Leaves\n|-end|p2a: Iron Leaves|Quark Drive|[silent]\n|\n|upkeep\n|\n|t:|1700277565\n|switch|p2a: Iron Moth|Iron Moth|81\/100\n|turn|24\n|\n|t:|1700277573\n|-terastallize|p1a: Azumarill|Steel\n|move|p2a: Iron Moth|Sludge Wave|p1a: Azumarill\n|-immune|p1a: Azumarill\n|move|p1a: Azumarill|Bulldoze|p2a: Iron Moth\n|-supereffective|p2a: Iron Moth\n|-damage|p2a: Iron Moth|0 fnt\n|faint|p2a: Iron Moth\n|-end|p2a: Iron Moth|Quark Drive|[silent]\n|\n|upkeep\n|\n|t:|1700277576\n|switch|p2a: Kommo-o|Kommo-o, F|83\/100\n|turn|25\n|\n|t:|1700277581\n|move|p2a: Kommo-o|Drain Punch|p1a: Azumarill\n|-supereffective|p1a: Azumarill\n|-damage|p1a: Azumarill|34\/100\n|-heal|p2a: Kommo-o|100\/100|[from] drain|[of] p1a: Azumarill\n|-enditem|p1a: Azumarill|Sitrus Berry|[eat]\n|-heal|p1a: Azumarill|59\/100|[from] item: Sitrus Berry\n|move|p1a: Azumarill|Play Rough|p2a: Kommo-o\n|-supereffective|p2a: Kommo-o\n|-damage|p2a: Kommo-o|0 fnt\n|faint|p2a: Kommo-o\n|\n|win|ratatta17\n|raw|ratatta17's rating: 1606 &rarr; <strong>1623<\/strong><br \/>(+17 for winning)\n|raw|TheGr8est2EverDoIt's rating: 1550 &rarr; <strong>1533<\/strong><br \/>(-17 for losing)\n|c|\u2606TheGr8est2EverDoIt|gg\n|l|\u2606TheGr8est2EverDoIt\n","uploadtime":1700277595,"views":14,"p1id":"ratatta17","p2id":"thegr8est2everdoit","formatid":"gen9ou","rating":1533,"private":0,"password":""}