{"id":"gen9ou-1997305134","p1":"Tsugia","p2":"Burstdragon1","format":"[Gen 9] OU","log":"|j|\u2606Tsugia\n|j|\u2606Burstdragon1\n|t:|1700787115\n|gametype|singles\n|player|p1|Tsugia|courtney|1419\n|player|p2|Burstdragon1|smasher|1336\n|teamsize|p1|6\n|teamsize|p2|6\n|gen|9\n|tier|[Gen 9] OU\n|rated|\n|rule|Sleep Clause Mod: Limit one foe put to sleep\n|rule|Species Clause: Limit one of each Pok\u00e9mon\n|rule|OHKO Clause: OHKO moves are banned\n|rule|Evasion Items Clause: Evasion items are banned\n|rule|Evasion Moves Clause: Evasion moves are banned\n|rule|Endless Battle Clause: Forcing endless battles is banned\n|rule|HP Percentage Mod: HP is shown in percentages\n|clearpoke\n|poke|p1|Garganacl, F|\n|poke|p1|Rillaboom, F|\n|poke|p1|Dragonite, M|\n|poke|p1|Dondozo, F|\n|poke|p1|Kingambit, F|\n|poke|p1|Ninetales-Alola, F|\n|poke|p2|Iron Valiant|\n|poke|p2|Dragapult, M|\n|poke|p2|Great Tusk|\n|poke|p2|Kingambit, F|\n|poke|p2|Slowking-Galar, M|\n|poke|p2|Iron Hands|\n|teampreview\n|\n|t:|1700787127\n|start\n|switch|p1a: Ninetales|Ninetales-Alola, F|100\/100\n|switch|p2a: Jim|Slowking-Galar, M, shiny|100\/100\n|-weather|Snow|[from] ability: Snow Warning|[of] p1a: Ninetales\n|turn|1\n|\n|t:|1700787136\n|move|p1a: Ninetales|Aurora Veil|p1a: Ninetales\n|-sidestart|p1: Tsugia|move: Aurora Veil\n|move|p2a: Jim|Future Sight|p1a: Ninetales\n|-start|p2a: Jim|move: Future Sight\n|\n|-weather|Snow|[upkeep]\n|upkeep\n|turn|2\n|\n|t:|1700787150\n|move|p1a: Ninetales|Encore|p2a: Jim\n|-start|p2a: Jim|Encore\n|move|p2a: Jim|Future Sight||[still]\n|-fail|p2a: Jim\n|\n|-weather|Snow|[upkeep]\n|upkeep\n|turn|3\n|\n|t:|1700787158\n|switch|p1a: Kingambit|Kingambit, F|100\/100\n|switch|p2a: 47% Usage|Kingambit, F|100\/100\n|\n|-weather|Snow|[upkeep]\n|-end|p1a: Kingambit|move: Future Sight\n|-immune|p1a: Kingambit\n|upkeep\n|turn|4\n|\n|t:|1700787172\n|move|p2a: 47% Usage|Kowtow Cleave|p1a: Kingambit\n|-resisted|p1a: Kingambit\n|-damage|p1a: Kingambit|91\/100\n|move|p1a: Kingambit|Low Kick|p2a: 47% Usage\n|-supereffective|p2a: 47% Usage\n|-damage|p2a: 47% Usage|0 fnt\n|faint|p2a: 47% Usage\n|-end|p2a: 47% Usage|fallenundefined|[silent]\n|\n|-weather|Snow|[upkeep]\n|upkeep\n|\n|t:|1700787178\n|switch|p2a: Man's Got Hands|Iron Hands|100\/100\n|turn|5\n|\n|t:|1700787184\n|-end|p1a: Kingambit|fallenundefined|[silent]\n|switch|p1a: Dondozo|Dondozo, F|100\/100\n|move|p2a: Man's Got Hands|Wild Charge|p1a: Dondozo\n|-supereffective|p1a: Dondozo\n|-damage|p1a: Dondozo|69\/100\n|-damage|p2a: Man's Got Hands|92\/100|[from] Recoil\n|\n|-weather|none\n|-heal|p1a: Dondozo|75\/100|[from] item: Leftovers\n|upkeep\n|turn|6\n|\n|t:|1700787198\n|move|p2a: Man's Got Hands|Wild Charge|p1a: Dondozo\n|-supereffective|p1a: Dondozo\n|-damage|p1a: Dondozo|44\/100\n|-damage|p2a: Man's Got Hands|84\/100|[from] Recoil\n|move|p1a: Dondozo|Curse|p1a: Dondozo\n|-unboost|p1a: Dondozo|spe|1\n|-boost|p1a: Dondozo|atk|1\n|-boost|p1a: Dondozo|def|1\n|\n|-heal|p1a: Dondozo|50\/100|[from] item: Leftovers\n|upkeep\n|turn|7\n|\n|t:|1700787209\n|move|p1a: Dondozo|Protect|p1a: Dondozo\n|-singleturn|p1a: Dondozo|Protect\n|move|p2a: Man's Got Hands|Wild Charge|p1a: Dondozo\n|-activate|p1a: Dondozo|move: Protect\n|\n|-heal|p1a: Dondozo|57\/100|[from] item: Leftovers\n|upkeep\n|turn|8\n|\n|t:|1700787215\n|move|p2a: Man's Got Hands|Wild Charge|p1a: Dondozo\n|-supereffective|p1a: Dondozo\n|-damage|p1a: Dondozo|33\/100\n|-damage|p2a: Man's Got Hands|78\/100|[from] Recoil\n|move|p1a: Dondozo|Liquidation|p2a: Man's Got Hands\n|-damage|p2a: Man's Got Hands|51\/100\n|\n|-heal|p1a: Dondozo|40\/100|[from] item: Leftovers\n|-sideend|p1: Tsugia|move: Aurora Veil\n|upkeep\n|turn|9\n|\n|t:|1700787225\n|-end|p2a: Man's Got Hands|Quark Drive|[silent]\n|switch|p2a: Enby Pride|Iron Valiant|100\/100\n|-enditem|p2a: Enby Pride|Booster Energy\n|-activate|p2a: Enby Pride|ability: Quark Drive|[fromitem]\n|-start|p2a: Enby Pride|quarkdrivespe\n|switch|p1a: Garganacl|Garganacl, F|100\/100\n|\n|upkeep\n|turn|10\n|\n|t:|1700787232\n|move|p2a: Enby Pride|Close Combat|p1a: Garganacl\n|-supereffective|p1a: Garganacl\n|-crit|p1a: Garganacl\n|-damage|p1a: Garganacl|14\/100\n|-unboost|p2a: Enby Pride|def|1\n|-unboost|p2a: Enby Pride|spd|1\n|move|p1a: Garganacl|Salt Cure|p2a: Enby Pride\n|-resisted|p2a: Enby Pride\n|-damage|p2a: Enby Pride|87\/100\n|-start|p2a: Enby Pride|Salt Cure\n|\n|-heal|p1a: Garganacl|20\/100|[from] item: Leftovers\n|-damage|p2a: Enby Pride|74\/100|[from] Salt Cure\n|upkeep\n|turn|11\n|\n|t:|1700787246\n|move|p2a: Enby Pride|Moonblast|p1a: Garganacl\n|-damage|p1a: Garganacl|0 fnt\n|faint|p1a: Garganacl\n|\n|-damage|p2a: Enby Pride|62\/100|[from] Salt Cure\n|upkeep\n|\n|t:|1700787252\n|switch|p1a: Ninetales|Ninetales-Alola, F|100\/100\n|-weather|Snow|[from] ability: Snow Warning|[of] p1a: Ninetales\n|turn|12\n|\n|t:|1700787274\n|-end|p2a: Enby Pride|Quark Drive|[silent]\n|switch|p2a: Jim|Slowking-Galar, M, shiny|100\/100\n|move|p1a: Ninetales|Aurora Veil|p1a: Ninetales\n|-sidestart|p1: Tsugia|move: Aurora Veil\n|\n|-weather|Snow|[upkeep]\n|upkeep\n|turn|13\n|\n|t:|1700787284\n|switch|p1a: Kingambit|Kingambit, F|91\/100\n|-activate|p1a: Kingambit|ability: Supreme Overlord\n|-start|p1a: Kingambit|fallen1|[silent]\n|move|p2a: Jim|Future Sight|p1a: Kingambit\n|-start|p2a: Jim|move: Future Sight\n|\n|-weather|Snow|[upkeep]\n|upkeep\n|turn|14\n|inactive|Battle timer is ON: inactive players will automatically lose when time's up. (requested by Tsugia)\n|\n|t:|1700787362\n|move|p1a: Kingambit|Iron Head|p2a: Jim\n|-damage|p2a: Jim|52\/100\n|move|p2a: Jim|Flamethrower|p1a: Kingambit\n|-supereffective|p1a: Kingambit\n|-damage|p1a: Kingambit|65\/100\n|\n|-weather|Snow|[upkeep]\n|upkeep\n|turn|15\n|\n|t:|1700787370\n|switch|p2a: Corv|Great Tusk|100\/100\n|move|p1a: Kingambit|Kowtow Cleave|p2a: Corv\n|-resisted|p2a: Corv\n|-damage|p2a: Corv|86\/100\n|\n|-weather|Snow|[upkeep]\n|-end|p1a: Kingambit|move: Future Sight\n|-immune|p1a: Kingambit\n|-heal|p2a: Corv|92\/100|[from] item: Leftovers\n|upkeep\n|turn|16\n|\n|t:|1700787381\n|-end|p1a: Kingambit|fallen1|[silent]\n|switch|p1a: Dondozo|Dondozo, F|40\/100\n|move|p2a: Corv|Stealth Rock|p1a: Dondozo\n|-sidestart|p1: Tsugia|move: Stealth Rock\n|\n|-weather|none\n|-heal|p2a: Corv|98\/100|[from] item: Leftovers\n|-heal|p1a: Dondozo|46\/100|[from] item: Leftovers\n|upkeep\n|turn|17\n|\n|t:|1700787392\n|-end|p2a: Corv|Protosynthesis|[silent]\n|switch|p2a: Enby Pride|Iron Valiant|62\/100\n|switch|p1a: Dragonite|Dragonite, M|100\/100\n|-damage|p1a: Dragonite|76\/100|[from] Stealth Rock\n|\n|upkeep\n|turn|18\n|\n|t:|1700787400\n|move|p2a: Enby Pride|Moonblast|p1a: Dragonite\n|-supereffective|p1a: Dragonite\n|-damage|p1a: Dragonite|32\/100\n|-enditem|p1a: Dragonite|Weakness Policy\n|-boost|p1a: Dragonite|atk|2|[from] item: Weakness Policy\n|-boost|p1a: Dragonite|spa|2|[from] item: Weakness Policy\n|move|p1a: Dragonite|Earthquake|p2a: Enby Pride\n|-damage|p2a: Enby Pride|0 fnt\n|faint|p2a: Enby Pride\n|-end|p2a: Enby Pride|Quark Drive|[silent]\n|\n|upkeep\n|\n|t:|1700787408\n|switch|p2a: Corv|Great Tusk|98\/100\n|turn|19\n|\n|t:|1700787412\n|-terastallize|p1a: Dragonite|Normal\n|move|p1a: Dragonite|Dragon Dance|p1a: Dragonite\n|-boost|p1a: Dragonite|atk|1\n|-boost|p1a: Dragonite|spe|1\n|move|p2a: Corv|Knock Off|p1a: Dragonite\n|-damage|p1a: Dragonite|24\/100\n|\n|-heal|p2a: Corv|100\/100|[from] item: Leftovers\n|-sideend|p1: Tsugia|move: Aurora Veil\n|upkeep\n|turn|20\n|\n|t:|1700787420\n|move|p1a: Dragonite|Extreme Speed|p2a: Corv\n|-damage|p2a: Corv|57\/100\n|move|p2a: Corv|Earthquake|p1a: Dragonite\n|-damage|p1a: Dragonite|0 fnt\n|faint|p1a: Dragonite\n|\n|-heal|p2a: Corv|63\/100|[from] item: Leftovers\n|upkeep\n|\n|t:|1700787428\n|switch|p1a: Rillaboom|Rillaboom, F|100\/100\n|-damage|p1a: Rillaboom|88\/100|[from] Stealth Rock\n|-fieldstart|move: Grassy Terrain|[from] ability: Grassy Surge|[of] p1a: Rillaboom\n|turn|21\n|inactive|Burstdragon1 has 120 seconds left.\n|inactive|Burstdragon1 has 90 seconds left.\n|l|\u2606Tsugia\n|inactive|Tsugia disconnected and has a minute to reconnect!\n|player|p1|\n|inactive|Burstdragon1 has 60 seconds left.\n|j|\u2606Tsugia\n|inactive|Tsugia reconnected.\n|player|p1|Tsugia|courtney\n|\n|t:|1700787544\n|-end|p2a: Corv|Protosynthesis|[silent]\n|switch|p2a: Jim|Slowking-Galar, M, shiny|85\/100\n|move|p1a: Rillaboom|Stomping Tantrum|p2a: Jim\n|-supereffective|p2a: Jim\n|-damage|p2a: Jim|7\/100\n|\n|-heal|p1a: Rillaboom|94\/100|[from] Grassy Terrain\n|-heal|p2a: Jim|13\/100|[from] Grassy Terrain\n|upkeep\n|turn|22\n|\n|t:|1700787551\n|move|p1a: Rillaboom|Stomping Tantrum|p2a: Jim\n|-supereffective|p2a: Jim\n|-damage|p2a: Jim|0 fnt\n|faint|p2a: Jim\n|\n|-heal|p1a: Rillaboom|100\/100|[from] Grassy Terrain\n|upkeep\n|\n|t:|1700787571\n|switch|p2a: The Fun Button|Dragapult, M, shiny|100\/100\n|turn|23\n|\n|t:|1700787577\n|switch|p1a: Dondozo|Dondozo, F|46\/100\n|-damage|p1a: Dondozo|33\/100|[from] Stealth Rock\n|move|p2a: The Fun Button|Flamethrower|p1a: Dondozo\n|-resisted|p1a: Dondozo\n|-damage|p1a: Dondozo|21\/100\n|-status|p1a: Dondozo|brn\n|\n|-heal|p1a: Dondozo|27\/100 brn|[from] Grassy Terrain\n|-heal|p1a: Dondozo|33\/100 brn|[from] item: Leftovers\n|-damage|p1a: Dondozo|27\/100 brn|[from] brn\n|upkeep\n|turn|24\n|\n|t:|1700787591\n|switch|p2a: Man's Got Hands|Iron Hands|51\/100\n|move|p1a: Dondozo|Liquidation|p2a: Man's Got Hands\n|-damage|p2a: Man's Got Hands|41\/100\n|\n|-heal|p2a: Man's Got Hands|47\/100|[from] Grassy Terrain\n|-heal|p1a: Dondozo|33\/100 brn|[from] Grassy Terrain\n|-heal|p1a: Dondozo|39\/100 brn|[from] item: Leftovers\n|-damage|p1a: Dondozo|33\/100 brn|[from] brn\n|upkeep\n|turn|25\n|\n|t:|1700787601\n|move|p2a: Man's Got Hands|Wild Charge|p1a: Dondozo\n|-supereffective|p1a: Dondozo\n|-damage|p1a: Dondozo|0 fnt\n|faint|p1a: Dondozo\n|-damage|p2a: Man's Got Hands|38\/100|[from] Recoil\n|\n|-heal|p2a: Man's Got Hands|44\/100|[from] Grassy Terrain\n|-fieldend|move: Grassy Terrain\n|upkeep\n|\n|t:|1700787612\n|switch|p1a: Ninetales|Ninetales-Alola, F|100\/100\n|-damage|p1a: Ninetales|76\/100|[from] Stealth Rock\n|-weather|Snow|[from] ability: Snow Warning|[of] p1a: Ninetales\n|turn|26\n|\n|t:|1700787625\n|move|p1a: Ninetales|Aurora Veil|p1a: Ninetales\n|-sidestart|p1: Tsugia|move: Aurora Veil\n|move|p2a: Man's Got Hands|Wild Charge|p1a: Ninetales\n|-damage|p1a: Ninetales|53\/100\n|-damage|p2a: Man's Got Hands|40\/100|[from] Recoil\n|\n|-weather|Snow|[upkeep]\n|upkeep\n|turn|27\n|\n|t:|1700787637\n|move|p1a: Ninetales|Moonblast|p2a: Man's Got Hands\n|-supereffective|p2a: Man's Got Hands\n|-damage|p2a: Man's Got Hands|4\/100\n|move|p2a: Man's Got Hands|Wild Charge|p1a: Ninetales\n|-damage|p1a: Ninetales|32\/100\n|-damage|p2a: Man's Got Hands|0 fnt|[from] Recoil\n|faint|p2a: Man's Got Hands\n|-end|p2a: Man's Got Hands|Quark Drive|[silent]\n|\n|-weather|Snow|[upkeep]\n|upkeep\n|\n|t:|1700787652\n|switch|p2a: The Fun Button|Dragapult, M, shiny|100\/100\n|turn|28\n|\n|t:|1700787657\n|move|p2a: The Fun Button|Flamethrower|p1a: Ninetales\n|-supereffective|p1a: Ninetales\n|-damage|p1a: Ninetales|0 fnt\n|faint|p1a: Ninetales\n|\n|-weather|Snow|[upkeep]\n|upkeep\n|\n|t:|1700787671\n|switch|p1a: Kingambit|Kingambit, F|65\/100\n|-damage|p1a: Kingambit|59\/100|[from] Stealth Rock\n|-activate|p1a: Kingambit|ability: Supreme Overlord\n|-start|p1a: Kingambit|fallen4|[silent]\n|turn|29\n|\n|t:|1700787680\n|switch|p2a: Corv|Great Tusk|63\/100\n|move|p1a: Kingambit|Iron Head|p2a: Corv\n|-damage|p2a: Corv|30\/100\n|\n|-weather|Snow|[upkeep]\n|-heal|p2a: Corv|37\/100|[from] item: Leftovers\n|upkeep\n|turn|30\n|\n|t:|1700787689\n|-end|p1a: Kingambit|fallen4|[silent]\n|switch|p1a: Rillaboom|Rillaboom, F|100\/100\n|-damage|p1a: Rillaboom|88\/100|[from] Stealth Rock\n|-fieldstart|move: Grassy Terrain|[from] ability: Grassy Surge|[of] p1a: Rillaboom\n|move|p2a: Corv|Earthquake|p1a: Rillaboom\n|-resisted|p1a: Rillaboom\n|-crit|p1a: Rillaboom\n|-damage|p1a: Rillaboom|70\/100\n|\n|-weather|none\n|-heal|p1a: Rillaboom|76\/100|[from] Grassy Terrain\n|-heal|p2a: Corv|43\/100|[from] Grassy Terrain\n|-heal|p2a: Corv|49\/100|[from] item: Leftovers\n|upkeep\n|turn|31\n|\n|t:|1700787703\n|move|p1a: Rillaboom|Grassy Glide|p2a: Corv\n|-supereffective|p2a: Corv\n|-damage|p2a: Corv|0 fnt\n|faint|p2a: Corv\n|-end|p2a: Corv|Protosynthesis|[silent]\n|\n|-heal|p1a: Rillaboom|83\/100|[from] Grassy Terrain\n|upkeep\n|\n|t:|1700787707\n|switch|p2a: The Fun Button|Dragapult, M, shiny|100\/100\n|turn|32\n|\n|t:|1700787711\n|move|p1a: Rillaboom|Grassy Glide|p2a: The Fun Button\n|-resisted|p2a: The Fun Button\n|-damage|p2a: The Fun Button|62\/100\n|move|p2a: The Fun Button|Flamethrower|p1a: Rillaboom\n|-supereffective|p1a: Rillaboom\n|-damage|p1a: Rillaboom|0 fnt\n|faint|p1a: Rillaboom\n|\n|-heal|p2a: The Fun Button|68\/100|[from] Grassy Terrain\n|upkeep\n|\n|t:|1700787720\n|switch|p1a: Kingambit|Kingambit, F|59\/100\n|-damage|p1a: Kingambit|53\/100|[from] Stealth Rock\n|-activate|p1a: Kingambit|ability: Supreme Overlord\n|-start|p1a: Kingambit|fallen5|[silent]\n|turn|33\n|\n|t:|1700787725\n|-terastallize|p2a: The Fun Button|Fairy\n|move|p1a: Kingambit|Sucker Punch|p2a: The Fun Button\n|-resisted|p2a: The Fun Button\n|-damage|p2a: The Fun Button|20\/100\n|move|p2a: The Fun Button|Flamethrower|p1a: Kingambit\n|-supereffective|p1a: Kingambit\n|-damage|p1a: Kingambit|0 fnt\n|faint|p1a: Kingambit\n|-end|p1a: Kingambit|fallen5|[silent]\n|\n|win|Burstdragon1\n|raw|Tsugia's rating: 1419 &rarr; <strong>1394<\/strong><br \/>(-25 for losing)\n|raw|Burstdragon1's rating: 1336 &rarr; <strong>1361<\/strong><br \/>(+25 for winning)\n|l|\u2606Tsugia\n","uploadtime":1700787737,"views":7,"p1id":"tsugia","p2id":"burstdragon1","formatid":"gen9ou","rating":1361,"private":0,"password":""}