{"id":"gen9ou-1989758518","p1":"CutieGrookey","p2":"Pheo99","format":"[Gen 9] OU","log":"|j|\u2606CutieGrookey\n|j|\u2606Pheo99\n|t:|1699893267\n|gametype|singles\n|player|p1|CutieGrookey|blackbelt-gen4|1087\n|player|p2|Pheo99|artist|1048\n|teamsize|p1|6\n|teamsize|p2|6\n|gen|9\n|tier|[Gen 9] OU\n|rated|\n|rule|Sleep Clause Mod: Limit one foe put to sleep\n|rule|Species Clause: Limit one of each Pok\u00e9mon\n|rule|OHKO Clause: OHKO moves are banned\n|rule|Evasion Items Clause: Evasion items are banned\n|rule|Evasion Moves Clause: Evasion moves are banned\n|rule|Endless Battle Clause: Forcing endless battles is banned\n|rule|HP Percentage Mod: HP is shown in percentages\n|clearpoke\n|poke|p1|Rillaboom, M|\n|poke|p1|Gholdengo|\n|poke|p1|Toxapex, F|\n|poke|p1|Zoroark-Hisui, M|\n|poke|p1|Dragonite, F|\n|poke|p1|Hatterene, F|\n|poke|p2|Slowking, M|\n|poke|p2|Avalugg-Hisui, M|\n|poke|p2|Skeledirge, M|\n|poke|p2|Muk-Alola, M|\n|poke|p2|Wo-Chien|\n|poke|p2|Espeon, F|\n|teampreview\n|\n|t:|1699893279\n|start\n|switch|p1a: Toxapex|Toxapex, F|100\/100\n|switch|p2a: Scholar|Slowking, M|100\/100\n|turn|1\n|\n|t:|1699893288\n|switch|p2a: Green Screen|Espeon, F, shiny|100\/100\n|move|p1a: Toxapex|Nasty Plot|p1a: Toxapex\n|-boost|p1a: Toxapex|spa|2\n|\n|upkeep\n|turn|2\n|\n|t:|1699893300\n|move|p1a: Toxapex|Agility|p1a: Toxapex\n|-boost|p1a: Toxapex|spe|2\n|move|p2a: Green Screen|Light Screen|p2a: Green Screen\n|-sidestart|p2: Pheo99|move: Light Screen\n|\n|upkeep\n|turn|3\n|\n|t:|1699893309\n|move|p1a: Toxapex|Shadow Ball|p2a: Green Screen\n|-supereffective|p2a: Green Screen\n|-damage|p2a: Green Screen|0 fnt\n|faint|p2a: Green Screen\n|-damage|p1a: Toxapex|91\/100|[from] item: Life Orb\n|\n|upkeep\n|\n|t:|1699893316\n|switch|p2a: Crepitar|Skeledirge, M|100\/100\n|turn|4\n|\n|t:|1699893322\n|move|p1a: Toxapex|Shadow Ball|p2a: Crepitar\n|-supereffective|p2a: Crepitar\n|-damage|p2a: Crepitar|49\/100\n|-damage|p1a: Toxapex|81\/100|[from] item: Life Orb\n|move|p2a: Crepitar|Will-O-Wisp|p1a: Toxapex\n|-status|p1a: Toxapex|brn\n|\n|-heal|p2a: Crepitar|55\/100|[from] item: Leftovers\n|-damage|p1a: Toxapex|75\/100 brn|[from] brn\n|upkeep\n|turn|5\n|\n|t:|1699893336\n|move|p1a: Toxapex|Shadow Ball|p2a: Crepitar\n|-supereffective|p2a: Crepitar\n|-damage|p2a: Crepitar|3\/100\n|-damage|p1a: Toxapex|65\/100 brn|[from] item: Life Orb\n|move|p2a: Crepitar|Slack Off|p2a: Crepitar\n|-heal|p2a: Crepitar|53\/100\n|\n|-heal|p2a: Crepitar|59\/100|[from] item: Leftovers\n|-damage|p1a: Toxapex|59\/100 brn|[from] brn\n|upkeep\n|turn|6\n|inactive|Battle timer is ON: inactive players will automatically lose when time's up. (requested by CutieGrookey)\n|\n|t:|1699893346\n|move|p1a: Toxapex|Shadow Ball|p2a: Crepitar\n|-supereffective|p2a: Crepitar\n|-damage|p2a: Crepitar|7\/100\n|-damage|p1a: Toxapex|49\/100 brn|[from] item: Life Orb\n|move|p2a: Crepitar|Slack Off|p2a: Crepitar\n|-heal|p2a: Crepitar|57\/100\n|\n|-heal|p2a: Crepitar|63\/100|[from] item: Leftovers\n|-damage|p1a: Toxapex|43\/100 brn|[from] brn\n|upkeep\n|turn|7\n|\n|t:|1699893359\n|move|p1a: Toxapex|Shadow Ball|p2a: Crepitar\n|-supereffective|p2a: Crepitar\n|-damage|p2a: Crepitar|6\/100\n|-damage|p1a: Toxapex|33\/100 brn|[from] item: Life Orb\n|move|p2a: Crepitar|Slack Off|p2a: Crepitar\n|-heal|p2a: Crepitar|56\/100\n|\n|-heal|p2a: Crepitar|62\/100|[from] item: Leftovers\n|-damage|p1a: Toxapex|27\/100 brn|[from] brn\n|upkeep\n|turn|8\n|\n|t:|1699893374\n|move|p1a: Toxapex|Shadow Ball|p2a: Crepitar\n|-supereffective|p2a: Crepitar\n|-damage|p2a: Crepitar|2\/100\n|-damage|p1a: Toxapex|17\/100 brn|[from] item: Life Orb\n|move|p2a: Crepitar|Slack Off|p2a: Crepitar\n|-heal|p2a: Crepitar|53\/100\n|\n|-heal|p2a: Crepitar|59\/100|[from] item: Leftovers\n|-damage|p1a: Toxapex|11\/100 brn|[from] brn\n|upkeep\n|turn|9\n|\n|t:|1699893387\n|-terastallize|p2a: Crepitar|Fairy\n|move|p1a: Toxapex|Shadow Ball|p2a: Crepitar\n|-damage|p2a: Crepitar|32\/100\n|-damage|p1a: Toxapex|1\/100 brn|[from] item: Life Orb\n|move|p2a: Crepitar|Slack Off|p2a: Crepitar\n|-heal|p2a: Crepitar|82\/100\n|\n|-heal|p2a: Crepitar|89\/100|[from] item: Leftovers\n|-damage|p1a: Toxapex|0 fnt|[from] brn\n|faint|p1a: Toxapex\n|-sideend|p2: Pheo99|move: Light Screen\n|upkeep\n|inactive|CutieGrookey has 120 seconds left.\n|\n|t:|1699893425\n|switch|p1a: Rillaboom|Rillaboom, M|100\/100\n|-fieldstart|move: Grassy Terrain|[from] ability: Grassy Surge|[of] p1a: Rillaboom\n|turn|10\n|inactive|CutieGrookey has 120 seconds left.\n|\n|t:|1699893443\n|move|p1a: Rillaboom|Wood Hammer|p2a: Crepitar\n|-damage|p2a: Crepitar|42\/100\n|-damage|p1a: Rillaboom|82\/100|[from] Recoil\n|move|p2a: Crepitar|Torch Song|p1a: Rillaboom\n|-supereffective|p1a: Rillaboom\n|-damage|p1a: Rillaboom|43\/100\n|-boost|p2a: Crepitar|spa|1\n|\n|-heal|p1a: Rillaboom|49\/100|[from] Grassy Terrain\n|-heal|p2a: Crepitar|48\/100|[from] Grassy Terrain\n|-heal|p2a: Crepitar|54\/100|[from] item: Leftovers\n|upkeep\n|turn|11\n|\n|t:|1699893458\n|move|p1a: Rillaboom|U-turn|p2a: Crepitar\n|-resisted|p2a: Crepitar\n|-damage|p2a: Crepitar|46\/100\n|inactive|CutieGrookey has 120 seconds left.\n|\n|t:|1699893471\n|switch|p1a: Toxapex|Toxapex, F|100\/100|[from] U-turn\n|move|p2a: Crepitar|Slack Off|p2a: Crepitar\n|-heal|p2a: Crepitar|96\/100\n|\n|-heal|p2a: Crepitar|100\/100|[from] Grassy Terrain\n|upkeep\n|turn|12\n|\n|t:|1699893481\n|switch|p2a: Scholar|Slowking, M|100\/100\n|move|p1a: Toxapex|Haze|p1a: Toxapex\n|-clearallboost\n|\n|upkeep\n|turn|13\n|\n|t:|1699893492\n|switch|p1a: Hatterene|Hatterene, F|100\/100\n|-enditem|p1a: Hatterene|Grassy Seed\n|-boost|p1a: Hatterene|def|1|[from] item: Grassy Seed\n|move|p2a: Scholar|Chilly Reception|p2a: Scholar\n|-weather|Snow\n|\n|t:|1699893500\n|switch|p2a: Cigar|Muk-Alola, M, shiny|100\/100|[from] Chilly Reception\n|\n|-weather|Snow|[upkeep]\n|upkeep\n|turn|14\n|\n|t:|1699893520\n|move|p2a: Cigar|Poison Jab|p1a: Hatterene\n|-supereffective|p1a: Hatterene\n|-damage|p1a: Hatterene|11\/100\n|move|p1a: Hatterene|Draining Kiss|p2a: Cigar\n|-damage|p2a: Cigar|77\/100\n|-heal|p1a: Hatterene|35\/100|[from] drain|[of] p2a: Cigar\n|\n|-weather|Snow|[upkeep]\n|-heal|p2a: Cigar|83\/100|[from] Grassy Terrain\n|-heal|p1a: Hatterene|41\/100|[from] Grassy Terrain\n|-fieldend|move: Grassy Terrain\n|upkeep\n|turn|15\n|\n|t:|1699893532\n|switch|p2a: Philos|Wo-Chien|100\/100\n|-ability|p2a: Philos|Tablets of Ruin\n|move|p1a: Hatterene|Draining Kiss|p2a: Philos\n|-supereffective|p2a: Philos\n|-damage|p2a: Philos|56\/100\n|-heal|p1a: Hatterene|83\/100|[from] drain|[of] p2a: Philos\n|-damage|p1a: Hatterene|66\/100|[from] item: Rocky Helmet|[of] p2a: Philos\n|\n|-weather|Snow|[upkeep]\n|upkeep\n|turn|16\n|\n|t:|1699893550\n|move|p2a: Philos|Dark Pulse|p1a: Hatterene\n|-crit|p1a: Hatterene\n|-damage|p1a: Hatterene|0 fnt\n|faint|p1a: Hatterene\n|\n|-weather|Snow|[upkeep]\n|upkeep\n|inactive|CutieGrookey has 120 seconds left.\n|\n|t:|1699893569\n|switch|p1a: Dragonite|Dragonite, F|100\/100\n|turn|17\n|\n|t:|1699893573\n|move|p1a: Dragonite|Dragon Dance|p1a: Dragonite\n|-boost|p1a: Dragonite|atk|1\n|-boost|p1a: Dragonite|spe|1\n|move|p2a: Philos|Leech Seed|p1a: Dragonite\n|-start|p1a: Dragonite|move: Leech Seed\n|\n|-weather|none\n|-damage|p1a: Dragonite|88\/100|[from] Leech Seed|[of] p2a: Philos\n|-heal|p2a: Philos|68\/100|[silent]\n|upkeep\n|turn|18\n|\n|t:|1699893582\n|move|p1a: Dragonite|Encore|p2a: Philos\n|-start|p2a: Philos|Encore\n|move|p2a: Philos|Leech Seed||[still]\n|-fail|p2a: Philos\n|\n|-damage|p1a: Dragonite|76\/100|[from] Leech Seed|[of] p2a: Philos\n|-heal|p2a: Philos|81\/100|[silent]\n|upkeep\n|turn|19\n|\n|t:|1699893593\n|switch|p1a: Rillaboom|Rillaboom, M|49\/100\n|-fieldstart|move: Grassy Terrain|[from] ability: Grassy Surge|[of] p1a: Rillaboom\n|switch|p2a: Scholar|Slowking, M|100\/100\n|\n|-heal|p1a: Rillaboom|55\/100|[from] Grassy Terrain\n|upkeep\n|turn|20\n|\n|t:|1699893610\n|move|p1a: Rillaboom|Knock Off|p2a: Scholar\n|-supereffective|p2a: Scholar\n|-damage|p2a: Scholar|36\/100\n|-enditem|p2a: Scholar|Heavy-Duty Boots|[from] move: Knock Off|[of] p1a: Rillaboom\n|move|p2a: Scholar|Trick Room|p2a: Scholar\n|-fieldstart|move: Trick Room|[of] p2a: Scholar\n|\n|-heal|p2a: Scholar|42\/100|[from] Grassy Terrain\n|-heal|p1a: Rillaboom|61\/100|[from] Grassy Terrain\n|upkeep\n|turn|21\n|\n|t:|1699893622\n|move|p2a: Scholar|Flamethrower|p1a: Rillaboom\n|-supereffective|p1a: Rillaboom\n|-damage|p1a: Rillaboom|29\/100\n|move|p1a: Rillaboom|U-turn|p2a: Scholar\n|-supereffective|p2a: Scholar\n|-damage|p2a: Scholar|0 fnt\n|faint|p2a: Scholar\n|\n|t:|1699893628\n|switch|p1a: Toxapex|Toxapex, F|100\/100|[from] U-turn\n|\n|upkeep\n|\n|t:|1699893633\n|switch|p2a: Trudge|Avalugg-Hisui, M|100\/100\n|turn|22\n|\n|t:|1699893654\n|switch|p1a: Rillaboom|Rillaboom, M|29\/100\n|move|p2a: Trudge|Crunch|p1a: Rillaboom\n|-damage|p1a: Rillaboom|0 fnt\n|faint|p1a: Rillaboom\n|\n|upkeep\n|inactive|CutieGrookey has 120 seconds left.\n|\n|t:|1699893673\n|switch|p1a: Dragonite|Dragonite, F|76\/100\n|turn|23\n|inactive|CutieGrookey has 120 seconds left.\n|\n|t:|1699893687\n|-terastallize|p1a: Dragonite|Normal\n|move|p2a: Trudge|Mountain Gale|p1a: Dragonite\n|-damage|p1a: Dragonite|19\/100\n|move|p1a: Dragonite|Roost|p1a: Dragonite\n|-heal|p1a: Dragonite|69\/100\n|\n|-heal|p1a: Dragonite|75\/100|[from] Grassy Terrain\n|-fieldend|move: Grassy Terrain\n|upkeep\n|turn|24\n|inactive|CutieGrookey has 120 seconds left.\n|\n|t:|1699893698\n|move|p2a: Trudge|Body Press|p1a: Dragonite\n|-supereffective|p1a: Dragonite\n|-damage|p1a: Dragonite|21\/100\n|move|p1a: Dragonite|Dragon Dance|p1a: Dragonite\n|-boost|p1a: Dragonite|atk|1\n|-boost|p1a: Dragonite|spe|1\n|\n|-fieldend|move: Trick Room\n|upkeep\n|turn|25\n|inactive|CutieGrookey has 120 seconds left.\n|\n|t:|1699893709\n|move|p1a: Dragonite|Encore|p2a: Trudge\n|-start|p2a: Trudge|Encore\n|move|p2a: Trudge|Body Press|p1a: Dragonite\n|-supereffective|p1a: Dragonite\n|-damage|p1a: Dragonite|0 fnt\n|faint|p1a: Dragonite\n|\n|upkeep\n|\n|t:|1699893711\n|switch|p1a: Gholdengo|Gholdengo|100\/100\n|turn|26\n|\n|t:|1699893722\n|switch|p2a: Philos|Wo-Chien|81\/100\n|-ability|p2a: Philos|Tablets of Ruin\n|move|p1a: Gholdengo|Make It Rain|p2a: Philos\n|-damage|p2a: Philos|34\/100\n|-unboost|p1a: Gholdengo|spa|1\n|\n|upkeep\n|turn|27\n|-message|CutieGrookey forfeited.\n|\n|win|Pheo99\n|raw|CutieGrookey's rating: 1087 &rarr; <strong>1061<\/strong><br \/>(-26 for losing)\n|raw|Pheo99's rating: 1048 &rarr; <strong>1084<\/strong><br \/>(+36 for winning)\n|l|\u2606CutieGrookey\n","uploadtime":1699893739,"views":30,"p1id":"cutiegrookey","p2id":"pheo99","formatid":"gen9ou","rating":1061,"private":0,"password":""}