{"id":"gen9ou-1993519082","p1":"TheLump","p2":"It's classified","format":"[Gen 9] OU","log":"|j|\u2606TheLump\n|j|\u2606It's classified\n|t:|1700327330\n|gametype|singles\n|player|p1|TheLump|102|1419\n|player|p2|It's classified|pokemonranger-gen4|1550\n|teamsize|p1|6\n|teamsize|p2|6\n|gen|9\n|tier|[Gen 9] OU\n|rated|\n|rule|Sleep Clause Mod: Limit one foe put to sleep\n|rule|Species Clause: Limit one of each Pok\u00e9mon\n|rule|OHKO Clause: OHKO moves are banned\n|rule|Evasion Items Clause: Evasion items are banned\n|rule|Evasion Moves Clause: Evasion moves are banned\n|rule|Endless Battle Clause: Forcing endless battles is banned\n|rule|HP Percentage Mod: HP is shown in percentages\n|clearpoke\n|poke|p1|Corviknight, F|\n|poke|p1|Iron Moth|\n|poke|p1|Polteageist|\n|poke|p1|Salamence, F|\n|poke|p1|Dragonite, M|\n|poke|p1|Victreebel, M|\n|poke|p2|Ceruledge, F|\n|poke|p2|Ninetales-Alola, M|\n|poke|p2|Iron Valiant|\n|poke|p2|Great Tusk|\n|poke|p2|Ogerpon-Wellspring, F|\n|poke|p2|Kingambit, F|\n|teampreview\n|inactive|Battle timer is ON: inactive players will automatically lose when time's up. (requested by It's classified)\n|\n|t:|1700327336\n|start\n|switch|p1a: Victreebel|Victreebel, M|100\/100\n|switch|p2a: Ninetales|Ninetales-Alola, M|100\/100\n|-weather|Snow|[from] ability: Snow Warning|[of] p2a: Ninetales\n|turn|1\n|\n|t:|1700327341\n|move|p2a: Ninetales|Aurora Veil|p2a: Ninetales\n|-sidestart|p2: It's classified|move: Aurora Veil\n|move|p1a: Victreebel|Sunny Day|p1a: Victreebel\n|-weather|SunnyDay\n|\n|-weather|SunnyDay|[upkeep]\n|upkeep\n|turn|2\n|\n|t:|1700327344\n|move|p1a: Victreebel|Growth|p1a: Victreebel\n|-boost|p1a: Victreebel|atk|2\n|-boost|p1a: Victreebel|spa|2\n|move|p2a: Ninetales|Hypnosis|p1a: Victreebel\n|-status|p1a: Victreebel|slp|[from] move: Hypnosis\n|\n|-weather|SunnyDay|[upkeep]\n|upkeep\n|turn|3\n|\n|t:|1700327347\n|switch|p2a: Ceruledge|Ceruledge, F|100\/100\n|-item|p2a: Ceruledge|Air Balloon\n|cant|p1a: Victreebel|slp\n|\n|-weather|SunnyDay|[upkeep]\n|upkeep\n|turn|4\n|\n|t:|1700327352\n|switch|p1a: Salamence|Salamence, F|100\/100\n|-ability|p1a: Salamence|Intimidate|boost\n|-unboost|p2a: Ceruledge|atk|1\n|move|p2a: Ceruledge|Swords Dance|p2a: Ceruledge\n|-boost|p2a: Ceruledge|atk|2\n|\n|-weather|SunnyDay|[upkeep]\n|upkeep\n|turn|5\n|\n|t:|1700327359\n|move|p1a: Salamence|Dragon Claw|p2a: Ceruledge\n|-damage|p2a: Ceruledge|69\/100\n|-ability|p2a: Ceruledge|Weak Armor|boost\n|-unboost|p2a: Ceruledge|def|1\n|-boost|p2a: Ceruledge|spe|2\n|-enditem|p2a: Ceruledge|Air Balloon\n|move|p2a: Ceruledge|Swords Dance|p2a: Ceruledge\n|-boost|p2a: Ceruledge|atk|2\n|\n|-weather|SunnyDay|[upkeep]\n|upkeep\n|turn|6\n|\n|t:|1700327363\n|move|p2a: Ceruledge|Poltergeist|p1a: Salamence\n|-activate|p1a: Salamence|move: Poltergeist|Leftovers\n|-damage|p1a: Salamence|0 fnt\n|faint|p1a: Salamence\n|\n|-weather|SunnyDay|[upkeep]\n|upkeep\n|\n|t:|1700327368\n|switch|p1a: Dragonite|Dragonite, M|100\/100\n|turn|7\n|\n|t:|1700327376\n|-terastallize|p2a: Ceruledge|Fighting\n|move|p2a: Ceruledge|Bitter Blade|p1a: Dragonite\n|-resisted|p1a: Dragonite\n|-damage|p1a: Dragonite|61\/100\n|-heal|p2a: Ceruledge|95\/100|[from] drain|[of] p1a: Dragonite\n|move|p1a: Dragonite|Dragon Claw|p2a: Ceruledge\n|-damage|p2a: Ceruledge|42\/100\n|-ability|p2a: Ceruledge|Weak Armor|boost\n|-unboost|p2a: Ceruledge|def|1\n|-boost|p2a: Ceruledge|spe|2\n|\n|-weather|SunnyDay|[upkeep]\n|-heal|p1a: Dragonite|67\/100|[from] item: Leftovers\n|upkeep\n|turn|8\n|\n|t:|1700327393\n|move|p1a: Dragonite|Extreme Speed|p2a: Ceruledge\n|-damage|p2a: Ceruledge|0 fnt\n|faint|p2a: Ceruledge\n|\n|-weather|none\n|-heal|p1a: Dragonite|74\/100|[from] item: Leftovers\n|-sideend|p2: It's classified|move: Aurora Veil\n|upkeep\n|\n|t:|1700327399\n|switch|p2a: Ninetales|Ninetales-Alola, M|100\/100\n|-weather|Snow|[from] ability: Snow Warning|[of] p2a: Ninetales\n|turn|9\n|\n|t:|1700327402\n|-terastallize|p1a: Dragonite|Normal\n|move|p2a: Ninetales|Aurora Veil|p2a: Ninetales\n|-sidestart|p2: It's classified|move: Aurora Veil\n|move|p1a: Dragonite|Dragon Dance|p1a: Dragonite\n|-boost|p1a: Dragonite|atk|1\n|-boost|p1a: Dragonite|spe|1\n|\n|-weather|Snow|[upkeep]\n|-heal|p1a: Dragonite|80\/100|[from] item: Leftovers\n|upkeep\n|turn|10\n|\n|t:|1700327406\n|move|p2a: Ninetales|Encore|p1a: Dragonite\n|-start|p1a: Dragonite|Encore\n|move|p1a: Dragonite|Dragon Dance|p1a: Dragonite\n|-boost|p1a: Dragonite|atk|1\n|-boost|p1a: Dragonite|spe|1\n|\n|-weather|Snow|[upkeep]\n|-heal|p1a: Dragonite|86\/100|[from] item: Leftovers\n|upkeep\n|turn|11\n|\n|t:|1700327415\n|switch|p2a: Great Tusk|Great Tusk|100\/100\n|-enditem|p2a: Great Tusk|Booster Energy\n|-activate|p2a: Great Tusk|ability: Protosynthesis|[fromitem]\n|-start|p2a: Great Tusk|protosynthesisspe\n|move|p1a: Dragonite|Dragon Dance|p1a: Dragonite\n|-boost|p1a: Dragonite|atk|1\n|-boost|p1a: Dragonite|spe|1\n|\n|-weather|Snow|[upkeep]\n|-heal|p1a: Dragonite|92\/100|[from] item: Leftovers\n|upkeep\n|turn|12\n|\n|t:|1700327419\n|move|p1a: Dragonite|Dragon Dance|p1a: Dragonite\n|-boost|p1a: Dragonite|atk|1\n|-boost|p1a: Dragonite|spe|1\n|move|p2a: Great Tusk|Bulk Up|p2a: Great Tusk\n|-boost|p2a: Great Tusk|atk|1\n|-boost|p2a: Great Tusk|def|1\n|\n|-weather|Snow|[upkeep]\n|-heal|p1a: Dragonite|98\/100|[from] item: Leftovers\n|-end|p1a: Dragonite|Encore\n|upkeep\n|turn|13\n|\n|t:|1700327423\n|move|p1a: Dragonite|Dragon Claw|p2a: Great Tusk\n|-damage|p2a: Great Tusk|70\/100\n|move|p2a: Great Tusk|Headlong Rush|p1a: Dragonite\n|-damage|p1a: Dragonite|31\/100\n|-unboost|p2a: Great Tusk|def|1\n|-unboost|p2a: Great Tusk|spd|1\n|\n|-weather|none\n|-heal|p1a: Dragonite|37\/100|[from] item: Leftovers\n|upkeep\n|turn|14\n|\n|t:|1700327430\n|move|p1a: Dragonite|Fire Punch|p2a: Great Tusk\n|-damage|p2a: Great Tusk|45\/100\n|move|p2a: Great Tusk|Bulk Up|p2a: Great Tusk\n|-boost|p2a: Great Tusk|atk|1\n|-boost|p2a: Great Tusk|def|1\n|\n|-heal|p1a: Dragonite|43\/100|[from] item: Leftovers\n|upkeep\n|turn|15\n|\n|t:|1700327436\n|move|p1a: Dragonite|Dragon Claw|p2a: Great Tusk\n|-damage|p2a: Great Tusk|15\/100\n|move|p2a: Great Tusk|Headlong Rush|p1a: Dragonite\n|-damage|p1a: Dragonite|0 fnt\n|-unboost|p2a: Great Tusk|def|1\n|-unboost|p2a: Great Tusk|spd|1\n|faint|p1a: Dragonite\n|\n|upkeep\n|\n|t:|1700327440\n|switch|p1a: Polteageist|Polteageist, shiny|100\/100\n|turn|16\n|\n|t:|1700327443\n|move|p2a: Great Tusk|Headlong Rush|p1a: Polteageist\n|-enditem|p1a: Polteageist|Focus Sash\n|-damage|p1a: Polteageist|1\/100\n|-unboost|p2a: Great Tusk|def|1\n|-unboost|p2a: Great Tusk|spd|1\n|-ability|p1a: Polteageist|Weak Armor|boost\n|-unboost|p1a: Polteageist|def|1\n|-boost|p1a: Polteageist|spe|2\n|move|p1a: Polteageist|Shell Smash|p1a: Polteageist\n|-unboost|p1a: Polteageist|def|1\n|-unboost|p1a: Polteageist|spd|1\n|-boost|p1a: Polteageist|atk|2\n|-boost|p1a: Polteageist|spa|2\n|-boost|p1a: Polteageist|spe|2\n|\n|-sideend|p2: It's classified|move: Aurora Veil\n|upkeep\n|turn|17\n|\n|t:|1700327448\n|move|p1a: Polteageist|Shadow Ball|p2a: Great Tusk\n|-damage|p2a: Great Tusk|0 fnt\n|faint|p2a: Great Tusk\n|-end|p2a: Great Tusk|Protosynthesis|[silent]\n|\n|upkeep\n|\n|t:|1700327453\n|switch|p2a: Ninetales|Ninetales-Alola, M|100\/100\n|-weather|Snow|[from] ability: Snow Warning|[of] p2a: Ninetales\n|turn|18\n|\n|t:|1700327467\n|move|p1a: Polteageist|Shadow Ball|p2a: Ninetales\n|-damage|p2a: Ninetales|9\/100\n|move|p2a: Ninetales|Aurora Veil|p2a: Ninetales\n|-sidestart|p2: It's classified|move: Aurora Veil\n|\n|-weather|Snow|[upkeep]\n|upkeep\n|turn|19\n|\n|t:|1700327471\n|move|p1a: Polteageist|Stored Power|p2a: Ninetales\n|-crit|p2a: Ninetales\n|-damage|p2a: Ninetales|0 fnt\n|faint|p2a: Ninetales\n|\n|-weather|Snow|[upkeep]\n|upkeep\n|\n|t:|1700327473\n|switch|p2a: Kingambit|Kingambit, F|100\/100\n|-activate|p2a: Kingambit|ability: Supreme Overlord\n|-start|p2a: Kingambit|fallen3|[silent]\n|turn|20\n|\n|t:|1700327477\n|move|p1a: Polteageist|Tera Blast|p2a: Kingambit\n|-resisted|p2a: Kingambit\n|-damage|p2a: Kingambit|85\/100\n|move|p2a: Kingambit|Swords Dance|p2a: Kingambit\n|-boost|p2a: Kingambit|atk|2\n|\n|-weather|Snow|[upkeep]\n|upkeep\n|turn|21\n|\n|t:|1700327481\n|move|p2a: Kingambit|Sucker Punch|p1a: Polteageist\n|-supereffective|p1a: Polteageist\n|-damage|p1a: Polteageist|0 fnt\n|faint|p1a: Polteageist\n|\n|-weather|Snow|[upkeep]\n|upkeep\n|\n|t:|1700327484\n|switch|p1a: Corviknight|Corviknight, F|100\/100\n|-ability|p1a: Corviknight|Pressure\n|turn|22\n|\n|t:|1700327486\n|move|p2a: Kingambit|Kowtow Cleave|p1a: Corviknight\n|-crit|p1a: Corviknight\n|-damage|p1a: Corviknight|0 fnt\n|faint|p1a: Corviknight\n|\n|-weather|none\n|upkeep\n|\n|t:|1700327490\n|switch|p1a: Iron Moth|Iron Moth|100\/100\n|-enditem|p1a: Iron Moth|Booster Energy\n|-activate|p1a: Iron Moth|ability: Quark Drive|[fromitem]\n|-start|p1a: Iron Moth|quarkdrivespe\n|turn|23\n|\n|t:|1700327494\n|move|p1a: Iron Moth|Fiery Dance|p2a: Kingambit\n|-supereffective|p2a: Kingambit\n|-damage|p2a: Kingambit|44\/100\n|-boost|p1a: Iron Moth|spa|1\n|move|p2a: Kingambit|Kowtow Cleave|p1a: Iron Moth\n|-damage|p1a: Iron Moth|0 fnt\n|faint|p1a: Iron Moth\n|-end|p1a: Iron Moth|Quark Drive|[silent]\n|\n|upkeep\n|\n|t:|1700327497\n|switch|p1a: Victreebel|Victreebel, M|100\/100 slp\n|turn|24\n|\n|t:|1700327499\n|cant|p1a: Victreebel|slp\n|move|p2a: Kingambit|Kowtow Cleave|p1a: Victreebel\n|-damage|p1a: Victreebel|0 fnt\n|faint|p1a: Victreebel\n|\n|win|It's classified\n|raw|TheLump's rating: 1419 &rarr; <strong>1406<\/strong><br \/>(-13 for losing)\n|raw|It&apos;s classified's rating: 1550 &rarr; <strong>1563<\/strong><br \/>(+13 for winning)\n|l|\u2606TheLump\n","uploadtime":1700327512,"views":22,"p1id":"thelump","p2id":"itsclassified","formatid":"gen9ou","rating":1406,"private":0,"password":""}