{"id":"gen9ou-1991523067","p1":"grimmmmm404","p2":"DiscardedVessel","format":"[Gen 9] OU","log":"|j|\u2606grimmmmm404\n|j|\u2606DiscardedVessel\n|t:|1700084754\n|gametype|singles\n|player|p1|grimmmmm404|n|\n|player|p2|DiscardedVessel|veteranf|\n|teamsize|p1|6\n|teamsize|p2|6\n|gen|9\n|tier|[Gen 9] OU\n|rule|Sleep Clause Mod: Limit one foe put to sleep\n|rule|Species Clause: Limit one of each Pok\u00e9mon\n|rule|OHKO Clause: OHKO moves are banned\n|rule|Evasion Items Clause: Evasion items are banned\n|rule|Evasion Moves Clause: Evasion moves are banned\n|rule|Endless Battle Clause: Forcing endless battles is banned\n|rule|HP Percentage Mod: HP is shown in percentages\n|clearpoke\n|poke|p1|Iron Moth|\n|poke|p1|Gholdengo|\n|poke|p1|Hydreigon, M|\n|poke|p1|Corviknight, M|\n|poke|p1|Ogerpon-Wellspring, F|\n|poke|p1|Landorus-Therian, M|\n|poke|p2|Ogerpon-Wellspring, F|\n|poke|p2|Iron Valiant|\n|poke|p2|Landorus-Therian, M|\n|poke|p2|Iron Moth|\n|poke|p2|Zamazenta-*|\n|poke|p2|Great Tusk|\n|teampreview\n|inactive|Battle timer is ON: inactive players will automatically lose when time's up. (requested by DiscardedVessel)\n|\n|t:|1700084772\n|start\n|switch|p1a: Landorus|Landorus-Therian, M|100\/100\n|switch|p2a: Landorus|Landorus-Therian, M|100\/100\n|-ability|p1a: Landorus|Intimidate|boost\n|-unboost|p2a: Landorus|atk|1\n|-ability|p2a: Landorus|Intimidate|boost\n|-unboost|p1a: Landorus|atk|1\n|turn|1\n|\n|t:|1700084781\n|move|p1a: Landorus|Stealth Rock|p2a: Landorus\n|-sidestart|p2: DiscardedVessel|move: Stealth Rock\n|move|p2a: Landorus|Stealth Rock|p1a: Landorus\n|-sidestart|p1: grimmmmm404|move: Stealth Rock\n|\n|upkeep\n|turn|2\n|\n|t:|1700084787\n|move|p2a: Landorus|U-turn|p1a: Landorus\n|-resisted|p1a: Landorus\n|-damage|p1a: Landorus|94\/100\n|\n|t:|1700084799\n|switch|p2a: Zamazenta|Zamazenta|100\/100|[from] U-turn\n|-damage|p2a: Zamazenta|94\/100|[from] Stealth Rock\n|-ability|p2a: Zamazenta|Dauntless Shield|boost\n|-boost|p2a: Zamazenta|def|1\n|move|p1a: Landorus|U-turn|p2a: Zamazenta\n|-resisted|p2a: Zamazenta\n|-damage|p2a: Zamazenta|90\/100\n|\n|t:|1700084814\n|switch|p1a: Corviknight|Corviknight, M, shiny|100\/100|[from] U-turn\n|-damage|p1a: Corviknight|88\/100|[from] Stealth Rock\n|-ability|p1a: Corviknight|Pressure\n|\n|-heal|p2a: Zamazenta|96\/100|[from] item: Leftovers\n|-heal|p1a: Corviknight|94\/100|[from] item: Leftovers\n|upkeep\n|turn|3\n|\n|t:|1700084819\n|move|p2a: Zamazenta|Iron Defense|p2a: Zamazenta\n|-boost|p2a: Zamazenta|def|2\n|move|p1a: Corviknight|Defog|p2a: Zamazenta\n|-unboost|p2a: Zamazenta|evasion|1\n|-sideend|p2: DiscardedVessel|Stealth Rock|[from] move: Defog|[of] p1a: Corviknight\n|-sideend|p1: grimmmmm404|Stealth Rock|[from] move: Defog|[of] p1a: Corviknight\n|\n|-heal|p2a: Zamazenta|100\/100|[from] item: Leftovers\n|-heal|p1a: Corviknight|100\/100|[from] item: Leftovers\n|upkeep\n|turn|4\n|\n|t:|1700084824\n|move|p2a: Zamazenta|Iron Defense|p2a: Zamazenta\n|-boost|p2a: Zamazenta|def|2\n|move|p1a: Corviknight|Iron Defense|p1a: Corviknight\n|-boost|p1a: Corviknight|def|2\n|\n|upkeep\n|turn|5\n|\n|t:|1700084827\n|move|p2a: Zamazenta|Body Press|p1a: Corviknight\n|-damage|p1a: Corviknight|47\/100\n|move|p1a: Corviknight|Iron Defense|p1a: Corviknight\n|-boost|p1a: Corviknight|def|2\n|\n|-heal|p1a: Corviknight|53\/100|[from] item: Leftovers\n|upkeep\n|turn|6\n|\n|t:|1700084830\n|move|p2a: Zamazenta|Body Press|p1a: Corviknight\n|-damage|p1a: Corviknight|16\/100\n|move|p1a: Corviknight|Roost|p1a: Corviknight\n|-heal|p1a: Corviknight|66\/100\n|-singleturn|p1a: Corviknight|move: Roost\n|\n|-heal|p1a: Corviknight|72\/100|[from] item: Leftovers\n|upkeep\n|turn|7\n|\n|t:|1700084833\n|move|p2a: Zamazenta|Iron Defense|p2a: Zamazenta\n|-boost|p2a: Zamazenta|def|1\n|move|p1a: Corviknight|Roost|p1a: Corviknight\n|-heal|p1a: Corviknight|100\/100\n|-singleturn|p1a: Corviknight|move: Roost\n|\n|upkeep\n|turn|8\n|\n|t:|1700084835\n|move|p2a: Zamazenta|Substitute|p2a: Zamazenta\n|-start|p2a: Zamazenta|Substitute\n|-damage|p2a: Zamazenta|76\/100\n|move|p1a: Corviknight|Iron Defense|p1a: Corviknight\n|-boost|p1a: Corviknight|def|2\n|\n|-heal|p2a: Zamazenta|82\/100|[from] item: Leftovers\n|upkeep\n|turn|9\n|\n|t:|1700084838\n|move|p2a: Zamazenta|Body Press|p1a: Corviknight\n|-damage|p1a: Corviknight|70\/100\n|move|p1a: Corviknight|Body Press|p2a: Zamazenta\n|-activate|p2a: Zamazenta|move: Substitute|[damage]\n|\n|-heal|p2a: Zamazenta|88\/100|[from] item: Leftovers\n|-heal|p1a: Corviknight|76\/100|[from] item: Leftovers\n|upkeep\n|turn|10\n|\n|t:|1700084843\n|move|p2a: Zamazenta|Body Press|p1a: Corviknight\n|-damage|p1a: Corviknight|44\/100\n|move|p1a: Corviknight|Roost|p1a: Corviknight\n|-heal|p1a: Corviknight|94\/100\n|-singleturn|p1a: Corviknight|move: Roost\n|\n|-heal|p2a: Zamazenta|94\/100|[from] item: Leftovers\n|-heal|p1a: Corviknight|99\/100|[from] item: Leftovers\n|upkeep\n|turn|11\n|\n|t:|1700084849\n|move|p2a: Zamazenta|Crunch|p1a: Corviknight\n|-damage|p1a: Corviknight|95\/100\n|move|p1a: Corviknight|Body Press|p2a: Zamazenta\n|-end|p2a: Zamazenta|Substitute\n|\n|-heal|p2a: Zamazenta|100\/100|[from] item: Leftovers\n|-heal|p1a: Corviknight|100\/100|[from] item: Leftovers\n|upkeep\n|turn|12\n|\n|t:|1700084855\n|move|p2a: Zamazenta|Crunch|p1a: Corviknight\n|-damage|p1a: Corviknight|96\/100\n|-unboost|p1a: Corviknight|def|1\n|move|p1a: Corviknight|Body Press|p2a: Zamazenta\n|-damage|p2a: Zamazenta|89\/100\n|\n|-heal|p2a: Zamazenta|95\/100|[from] item: Leftovers\n|-heal|p1a: Corviknight|100\/100|[from] item: Leftovers\n|upkeep\n|turn|13\n|\n|t:|1700084869\n|switch|p1a: Iron Moth|Iron Moth|100\/100\n|-enditem|p1a: Iron Moth|Booster Energy\n|-activate|p1a: Iron Moth|ability: Quark Drive|[fromitem]\n|-start|p1a: Iron Moth|quarkdrivespe\n|move|p2a: Zamazenta|Crunch|p1a: Iron Moth\n|-damage|p1a: Iron Moth|63\/100\n|-unboost|p1a: Iron Moth|def|1\n|\n|-heal|p2a: Zamazenta|100\/100|[from] item: Leftovers\n|upkeep\n|turn|14\n|c|\u2606DiscardedVessel|how long do you want to go aedan\n|\n|t:|1700084881\n|move|p1a: Iron Moth|Dazzling Gleam|p2a: Zamazenta\n|-supereffective|p2a: Zamazenta\n|-damage|p2a: Zamazenta|64\/100\n|move|p2a: Zamazenta|Body Press|p1a: Iron Moth\n|-resisted|p1a: Iron Moth\n|-damage|p1a: Iron Moth|0 fnt\n|faint|p1a: Iron Moth\n|-end|p1a: Iron Moth|Quark Drive|[silent]\n|\n|-heal|p2a: Zamazenta|70\/100|[from] item: Leftovers\n|upkeep\n|\n|t:|1700084884\n|switch|p1a: Hydreigon|Hydreigon, M, shiny|100\/100\n|turn|15\n|c|\u2606DiscardedVessel|coward\n|\n|t:|1700084889\n|switch|p1a: Gholdengo|Gholdengo|100\/100\n|-item|p1a: Gholdengo|Air Balloon\n|-terastallize|p2a: Zamazenta|Steel\n|move|p2a: Zamazenta|Body Press|p1a: Gholdengo\n|-immune|p1a: Gholdengo\n|\n|-heal|p2a: Zamazenta|76\/100|[from] item: Leftovers\n|upkeep\n|turn|16\n|\n|t:|1700084901\n|move|p2a: Zamazenta|Crunch|p1a: Gholdengo\n|-supereffective|p1a: Gholdengo\n|-damage|p1a: Gholdengo|63\/100\n|-unboost|p1a: Gholdengo|def|1\n|-enditem|p1a: Gholdengo|Air Balloon\n|move|p1a: Gholdengo|Thunder Wave|p2a: Zamazenta\n|-status|p2a: Zamazenta|par\n|\n|-heal|p2a: Zamazenta|82\/100 par|[from] item: Leftovers\n|upkeep\n|turn|17\n|\n|t:|1700084907\n|switch|p1a: Landorus|Landorus-Therian, M|94\/100\n|-ability|p1a: Landorus|Intimidate|boost\n|-unboost|p2a: Zamazenta|atk|1\n|move|p2a: Zamazenta|Crunch|p1a: Landorus\n|-damage|p1a: Landorus|82\/100\n|\n|-heal|p1a: Landorus|88\/100|[from] item: Leftovers\n|-heal|p2a: Zamazenta|89\/100 par|[from] item: Leftovers\n|upkeep\n|turn|18\n|\n|t:|1700084919\n|move|p1a: Landorus|Earthquake|p2a: Zamazenta\n|-supereffective|p2a: Zamazenta\n|-damage|p2a: Zamazenta|70\/100 par\n|cant|p2a: Zamazenta|par\n|\n|-heal|p1a: Landorus|94\/100|[from] item: Leftovers\n|-heal|p2a: Zamazenta|77\/100 par|[from] item: Leftovers\n|upkeep\n|turn|19\n|\n|t:|1700084928\n|move|p1a: Landorus|Stealth Rock|p2a: Zamazenta\n|-sidestart|p2: DiscardedVessel|move: Stealth Rock\n|move|p2a: Zamazenta|Substitute|p2a: Zamazenta\n|-start|p2a: Zamazenta|Substitute\n|-damage|p2a: Zamazenta|52\/100 par\n|\n|-heal|p1a: Landorus|100\/100|[from] item: Leftovers\n|-heal|p2a: Zamazenta|58\/100 par|[from] item: Leftovers\n|upkeep\n|turn|20\n|\n|t:|1700084935\n|move|p1a: Landorus|Earthquake|p2a: Zamazenta\n|-supereffective|p2a: Zamazenta\n|-activate|p2a: Zamazenta|move: Substitute|[damage]\n|cant|p2a: Zamazenta|par\n|\n|-heal|p2a: Zamazenta|64\/100 par|[from] item: Leftovers\n|upkeep\n|turn|21\n|\n|t:|1700084939\n|move|p1a: Landorus|Earthquake|p2a: Zamazenta\n|-supereffective|p2a: Zamazenta\n|-end|p2a: Zamazenta|Substitute\n|move|p2a: Zamazenta|Body Press|p1a: Landorus\n|-resisted|p1a: Landorus\n|-crit|p1a: Landorus\n|-damage|p1a: Landorus|8\/100\n|\n|-heal|p1a: Landorus|14\/100|[from] item: Leftovers\n|-heal|p2a: Zamazenta|70\/100 par|[from] item: Leftovers\n|upkeep\n|turn|22\n|c|\u2606DiscardedVessel|im getting haxxed out of my mind\n|\n|t:|1700084951\n|move|p1a: Landorus|Taunt|p2a: Zamazenta\n|-start|p2a: Zamazenta|move: Taunt\n|cant|p2a: Zamazenta|par\n|\n|-heal|p1a: Landorus|20\/100|[from] item: Leftovers\n|-heal|p2a: Zamazenta|77\/100 par|[from] item: Leftovers\n|upkeep\n|turn|23\n|\n|t:|1700084962\n|switch|p1a: Hydreigon|Hydreigon, M, shiny|100\/100\n|move|p2a: Zamazenta|Body Press|p1a: Hydreigon\n|-supereffective|p1a: Hydreigon\n|-damage|p1a: Hydreigon|0 fnt\n|faint|p1a: Hydreigon\n|\n|-heal|p2a: Zamazenta|83\/100 par|[from] item: Leftovers\n|upkeep\n|-message|grimmmmm404 forfeited.\n|\n|win|DiscardedVessel\n|l|\u2606grimmmmm404\n|c|\u2606DiscardedVessel|ggwp\n","uploadtime":1700085019,"views":8,"p1id":"grimmmmm404","p2id":"discardedvessel","formatid":"gen9ou","rating":0,"private":0,"password":""}