{"id":"gen9ou-1994167201","p1":"ourat","p2":"Steakken","format":"[Gen 9] OU","log":"|j|\u2606ourat\n|j|\u2606Steakken\n|t:|1700414628\n|gametype|singles\n|player|p1|ourat|n-masters|1167\n|player|p2|Steakken|juggler|1265\n|teamsize|p1|6\n|teamsize|p2|6\n|gen|9\n|tier|[Gen 9] OU\n|rated|\n|rule|Sleep Clause Mod: Limit one foe put to sleep\n|rule|Species Clause: Limit one of each Pok\u00e9mon\n|rule|OHKO Clause: OHKO moves are banned\n|rule|Evasion Items Clause: Evasion items are banned\n|rule|Evasion Moves Clause: Evasion moves are banned\n|rule|Endless Battle Clause: Forcing endless battles is banned\n|rule|HP Percentage Mod: HP is shown in percentages\n|clearpoke\n|poke|p1|Pelipper, M|\n|poke|p1|Greninja-*, M|\n|poke|p1|Basculegion, M|\n|poke|p1|Zapdos|\n|poke|p1|Sandy Shocks|\n|poke|p1|Scizor, F|\n|poke|p2|Landorus-Therian, M|\n|poke|p2|Heatran, M|\n|poke|p2|Corviknight, M|\n|poke|p2|Greninja-*, F|\n|poke|p2|Munkidori, M|\n|poke|p2|Zapdos|\n|teampreview\n|inactive|Battle timer is ON: inactive players will automatically lose when time's up. (requested by ourat)\n|\n|t:|1700414635\n|start\n|switch|p1a: Sandy Shocks|Sandy Shocks|100\/100\n|switch|p2a: Zapdos|Zapdos|100\/100\n|-enditem|p1a: Sandy Shocks|Booster Energy\n|-activate|p1a: Sandy Shocks|ability: Protosynthesis|[fromitem]\n|-start|p1a: Sandy Shocks|protosynthesisspe\n|turn|1\n|\n|t:|1700414643\n|-terastallize|p1a: Sandy Shocks|Ice\n|move|p1a: Sandy Shocks|Tera Blast|p2a: Zapdos|[anim] Tera Blast Ice\n|-supereffective|p2a: Zapdos\n|-damage|p2a: Zapdos|25\/100\n|move|p2a: Zapdos|Hurricane|p1a: Sandy Shocks|[miss]\n|-miss|p2a: Zapdos|p1a: Sandy Shocks\n|\n|upkeep\n|turn|2\n|\n|t:|1700414652\n|switch|p2a: November 9th|Corviknight, M|100\/100\n|move|p1a: Sandy Shocks|Tera Blast|p2a: November 9th|[anim] Tera Blast Ice\n|-damage|p2a: November 9th|64\/100\n|\n|-heal|p2a: November 9th|70\/100|[from] item: Leftovers\n|upkeep\n|turn|3\n|inactive|Steakken has 120 seconds left.\n|inactive|ourat has 120 seconds left.\n|\n|t:|1700414687\n|move|p1a: Sandy Shocks|Thunderbolt|p2a: November 9th\n|-supereffective|p2a: November 9th\n|-damage|p2a: November 9th|0 fnt\n|faint|p2a: November 9th\n|\n|upkeep\n|inactive|Steakken has 120 seconds left.\n|\n|t:|1700414708\n|switch|p2a: Cheesy Menace|Landorus-Therian, M, shiny|100\/100\n|-ability|p2a: Cheesy Menace|Intimidate|boost\n|-unboost|p1a: Sandy Shocks|atk|1\n|turn|4\n|\n|t:|1700414715\n|-terastallize|p2a: Cheesy Menace|Water\n|move|p1a: Sandy Shocks|Tera Blast|p2a: Cheesy Menace|[anim] Tera Blast Ice\n|-resisted|p2a: Cheesy Menace\n|-damage|p2a: Cheesy Menace|83\/100\n|move|p2a: Cheesy Menace|Brick Break|p1a: Sandy Shocks\n|-supereffective|p1a: Sandy Shocks\n|-damage|p1a: Sandy Shocks|43\/100\n|\n|upkeep\n|turn|5\n|inactive|Steakken has 120 seconds left.\n|\n|t:|1700414725\n|move|p1a: Sandy Shocks|Thunderbolt|p2a: Cheesy Menace\n|-supereffective|p2a: Cheesy Menace\n|-damage|p2a: Cheesy Menace|14\/100\n|move|p2a: Cheesy Menace|Brick Break|p1a: Sandy Shocks\n|-supereffective|p1a: Sandy Shocks\n|-damage|p1a: Sandy Shocks|0 fnt\n|faint|p1a: Sandy Shocks\n|-end|p1a: Sandy Shocks|Protosynthesis|[silent]\n|\n|upkeep\n|\n|t:|1700414730\n|switch|p1a: Pelipper|Pelipper, M|100\/100\n|-weather|RainDance|[from] ability: Drizzle|[of] p1a: Pelipper\n|turn|6\n|\n|t:|1700414734\n|switch|p2a: Zapdos|Zapdos|25\/100\n|move|p1a: Pelipper|U-turn|p2a: Zapdos\n|-resisted|p2a: Zapdos\n|-damage|p2a: Zapdos|22\/100\n|-status|p1a: Pelipper|par|[from] ability: Static|[of] p2a: Zapdos\n|\n|t:|1700414738\n|switch|p1a: Greninja|Greninja, M|100\/100|[from] U-turn\n|\n|-weather|RainDance|[upkeep]\n|upkeep\n|turn|7\n|\n|t:|1700414747\n|move|p1a: Greninja|Ice Beam|p2a: Zapdos\n|-supereffective|p2a: Zapdos\n|-crit|p2a: Zapdos\n|-damage|p2a: Zapdos|0 fnt\n|faint|p2a: Zapdos\n|-ability|p1a: Greninja|Battle Bond|boost\n|-boost|p1a: Greninja|atk|1\n|-boost|p1a: Greninja|spa|1\n|-boost|p1a: Greninja|spe|1\n|-activate|p1a: Greninja|ability: Battle Bond\n|-damage|p1a: Greninja|91\/100|[from] item: Life Orb\n|\n|-weather|RainDance|[upkeep]\n|upkeep\n|\n|t:|1700414757\n|switch|p2a: Munkidori|Munkidori, M|100\/100\n|turn|8\n|\n|t:|1700414787\n|move|p1a: Greninja|Dark Pulse|p2a: Munkidori\n|-supereffective|p2a: Munkidori\n|-damage|p2a: Munkidori|0 fnt\n|faint|p2a: Munkidori\n|-damage|p1a: Greninja|81\/100|[from] item: Life Orb\n|\n|-weather|RainDance|[upkeep]\n|upkeep\n|c|\u2606Steakken|I threw this game didn\u2019t know how to counter that sandy shocks gg\n|-message|Steakken forfeited.\n|\n|win|ourat\n|raw|ourat's rating: 1167 &rarr; <strong>1199<\/strong><br \/>(+32 for winning)\n|raw|Steakken's rating: 1265 &rarr; <strong>1233<\/strong><br \/>(-32 for losing)\n|l|\u2606Steakken\n","uploadtime":1700414804,"views":7,"p1id":"ourat","p2id":"steakken","formatid":"gen9ou","rating":1199,"private":0,"password":""}