{"id":"gen9ou-1997346798","p1":"napg0d","p2":"Jambees","format":"[Gen 9] OU","log":"|j|\u2606napg0d\n|j|\u2606Jambees\n|t:|1700792329\n|gametype|singles\n|player|p1|napg0d|swimmerm-gen2|\n|player|p2|Jambees|marnie-masters|\n|teamsize|p1|6\n|teamsize|p2|6\n|gen|9\n|tier|[Gen 9] OU\n|rule|Sleep Clause Mod: Limit one foe put to sleep\n|rule|Species Clause: Limit one of each Pok\u00e9mon\n|rule|OHKO Clause: OHKO moves are banned\n|rule|Evasion Items Clause: Evasion items are banned\n|rule|Evasion Moves Clause: Evasion moves are banned\n|rule|Endless Battle Clause: Forcing endless battles is banned\n|rule|HP Percentage Mod: HP is shown in percentages\n|clearpoke\n|poke|p1|Haxorus, F|\n|poke|p1|Jolteon, M|\n|poke|p1|Heatran, M|\n|poke|p1|Quaquaval, F|\n|poke|p1|Clefable, F|\n|poke|p1|Snorlax, M|\n|poke|p2|Sinistcha-Masterpiece|\n|poke|p2|Vaporeon, M|\n|poke|p2|Typhlosion-Hisui, M|\n|poke|p2|Cyclizar, M|\n|poke|p2|Hawlucha, F|\n|poke|p2|Pincurchin, F|\n|teampreview\n|j| edicts\n|j| poggerwog\n|c|\u2606Jambees|lmk when good to go\n|c| poggerwog|should be good\n|c| edicts|good\n|\n|t:|1700792391\n|start\n|switch|p1a: Urawa Red Diamonds|Haxorus, F, shiny|100\/100\n|switch|p2a: Ride me ;p|Cyclizar, M|100\/100\n|-ability|p1a: Urawa Red Diamonds|Mold Breaker\n|turn|1\n|\n|t:|1700792414\n|-terastallize|p1a: Urawa Red Diamonds|Electric\n|move|p2a: Ride me ;p|U-turn|p1a: Urawa Red Diamonds\n|-damage|p1a: Urawa Red Diamonds|77\/100\n|-damage|p2a: Ride me ;p|91\/100|[from] item: Life Orb\n|c| poggerwog|THATS MY BOY\n|\n|t:|1700792426\n|switch|p2a: Mouth Balls|Pincurchin, F, shiny|100\/100|[from] U-turn\n|-fieldstart|move: Electric Terrain|[from] ability: Electric Surge|[of] p2a: Mouth Balls\n|move|p1a: Urawa Red Diamonds|Close Combat|p2a: Mouth Balls\n|-damage|p2a: Mouth Balls|33\/100\n|-unboost|p1a: Urawa Red Diamonds|def|1\n|-unboost|p1a: Urawa Red Diamonds|spd|1\n|-damage|p1a: Urawa Red Diamonds|67\/100|[from] item: Life Orb\n|\n|upkeep\n|turn|2\n|c| poggerwog|TERA ELECTRIC\n|\n|t:|1700792441\n|switch|p1a: Snorlax|Snorlax, M|100\/100\n|move|p2a: Mouth Balls|Thunder Wave|p1a: Snorlax|[miss]\n|-miss|p2a: Mouth Balls|p1a: Snorlax\n|\n|upkeep\n|turn|3\n|\n|t:|1700792458\n|move|p1a: Snorlax|Curse|p1a: Snorlax\n|-unboost|p1a: Snorlax|spe|1\n|-boost|p1a: Snorlax|atk|1\n|-boost|p1a: Snorlax|def|1\n|move|p2a: Mouth Balls|Thunder Wave|p1a: Snorlax\n|-status|p1a: Snorlax|par\n|\n|upkeep\n|turn|4\n|\n|t:|1700792468\n|move|p2a: Mouth Balls|Memento|p1a: Snorlax\n|-unboost|p1a: Snorlax|atk|2\n|-unboost|p1a: Snorlax|spa|2\n|faint|p2a: Mouth Balls\n|move|p1a: Snorlax|Curse|p1a: Snorlax\n|-unboost|p1a: Snorlax|spe|1\n|-boost|p1a: Snorlax|atk|1\n|-boost|p1a: Snorlax|def|1\n|\n|upkeep\n|\n|t:|1700792477\n|switch|p2a: Bird Person|Hawlucha, F|100\/100\n|-enditem|p2a: Bird Person|Electric Seed\n|-boost|p2a: Bird Person|def|1|[from] item: Electric Seed\n|turn|5\n|\n|t:|1700792484\n|move|p2a: Bird Person|Swords Dance|p2a: Bird Person\n|-boost|p2a: Bird Person|atk|2\n|move|p1a: Snorlax|Curse|p1a: Snorlax\n|-unboost|p1a: Snorlax|spe|1\n|-boost|p1a: Snorlax|atk|1\n|-boost|p1a: Snorlax|def|1\n|\n|upkeep\n|turn|6\n|\n|t:|1700792498\n|move|p2a: Bird Person|Swords Dance|p2a: Bird Person\n|-boost|p2a: Bird Person|atk|2\n|move|p1a: Snorlax|Body Slam|p2a: Bird Person\n|-damage|p2a: Bird Person|52\/100\n|-status|p2a: Bird Person|par\n|\n|upkeep\n|turn|7\n|\n|t:|1700792509\n|move|p2a: Bird Person|Close Combat|p1a: Snorlax\n|-supereffective|p1a: Snorlax\n|-damage|p1a: Snorlax|4\/100 par\n|-unboost|p2a: Bird Person|def|1\n|-unboost|p2a: Bird Person|spd|1\n|move|p1a: Snorlax|Body Slam|p2a: Bird Person\n|-damage|p2a: Bird Person|0 fnt\n|faint|p2a: Bird Person\n|\n|upkeep\n|\n|t:|1700792521\n|switch|p2a: Gween Tee! Cowfee!|Sinistcha-Masterpiece|100\/100\n|turn|8\n|\n|t:|1700792528\n|move|p2a: Gween Tee! Cowfee!|Matcha Gotcha|p1a: Snorlax|[miss]\n|-miss|p2a: Gween Tee! Cowfee!|p1a: Snorlax\n|cant|p1a: Snorlax|par\n|\n|-fieldend|move: Electric Terrain\n|upkeep\n|turn|9\n|\n|t:|1700792540\n|switch|p1a: FC Barcelona|Heatran, M|100\/100\n|-item|p1a: FC Barcelona|Air Balloon\n|move|p2a: Gween Tee! Cowfee!|Matcha Gotcha|p1a: FC Barcelona\n|-resisted|p1a: FC Barcelona\n|-crit|p1a: FC Barcelona\n|-damage|p1a: FC Barcelona|84\/100\n|-enditem|p1a: FC Barcelona|Air Balloon\n|\n|upkeep\n|turn|10\n|\n|t:|1700792555\n|switch|p2a: Compatibility|Vaporeon, M, shiny|100\/100\n|move|p1a: FC Barcelona|Magma Storm|p2a: Compatibility|[miss]\n|-miss|p1a: FC Barcelona|p2a: Compatibility\n|\n|upkeep\n|turn|11\n|\n|t:|1700792574\n|switch|p1a: ACF Fiorentina|Quaquaval, F|100\/100\n|move|p2a: Compatibility|Scald|p1a: ACF Fiorentina\n|-resisted|p1a: ACF Fiorentina\n|-damage|p1a: ACF Fiorentina|80\/100\n|\n|upkeep\n|turn|12\n|\n|t:|1700792583\n|move|p1a: ACF Fiorentina|Bulk Up|p1a: ACF Fiorentina\n|-boost|p1a: ACF Fiorentina|atk|1\n|-boost|p1a: ACF Fiorentina|def|1\n|move|p2a: Compatibility|Scald|p1a: ACF Fiorentina\n|-resisted|p1a: ACF Fiorentina\n|-damage|p1a: ACF Fiorentina|59\/100\n|\n|upkeep\n|turn|13\n|\n|t:|1700792594\n|move|p1a: ACF Fiorentina|Bulk Up|p1a: ACF Fiorentina\n|-boost|p1a: ACF Fiorentina|atk|1\n|-boost|p1a: ACF Fiorentina|def|1\n|move|p2a: Compatibility|Haze|p2a: Compatibility\n|-clearallboost\n|\n|upkeep\n|turn|14\n|\n|t:|1700792610\n|switch|p1a: Borussia Dortmund|Jolteon, M|100\/100\n|move|p2a: Compatibility|Scald|p1a: Borussia Dortmund\n|-damage|p1a: Borussia Dortmund|64\/100\n|\n|-heal|p1a: Borussia Dortmund|70\/100|[from] item: Leftovers\n|upkeep\n|turn|15\n|\n|t:|1700792622\n|switch|p2a: Gween Tee! Cowfee!|Sinistcha-Masterpiece|100\/100\n|move|p1a: Borussia Dortmund|Thunderbolt|p2a: Gween Tee! Cowfee!\n|-resisted|p2a: Gween Tee! Cowfee!\n|-damage|p2a: Gween Tee! Cowfee!|77\/100\n|\n|-heal|p1a: Borussia Dortmund|75\/100|[from] item: Leftovers\n|-heal|p2a: Gween Tee! Cowfee!|83\/100|[from] item: Leftovers\n|upkeep\n|turn|16\n|\n|t:|1700792644\n|switch|p1a: Everton FC|Clefable, F|100\/100\n|move|p2a: Gween Tee! Cowfee!|Shadow Ball|p1a: Everton FC\n|-damage|p1a: Everton FC|59\/100\n|-unboost|p1a: Everton FC|spd|1\n|\n|-heal|p2a: Gween Tee! Cowfee!|89\/100|[from] item: Leftovers\n|-heal|p1a: Everton FC|65\/100|[from] item: Leftovers\n|upkeep\n|turn|17\n|\n|t:|1700792655\n|move|p2a: Gween Tee! Cowfee!|Matcha Gotcha|p1a: Everton FC|[miss]\n|-miss|p2a: Gween Tee! Cowfee!|p1a: Everton FC\n|move|p1a: Everton FC|Ice Beam|p2a: Gween Tee! Cowfee!\n|-supereffective|p2a: Gween Tee! Cowfee!\n|-damage|p2a: Gween Tee! Cowfee!|48\/100\n|\n|-heal|p2a: Gween Tee! Cowfee!|54\/100|[from] item: Leftovers\n|-heal|p1a: Everton FC|71\/100|[from] item: Leftovers\n|upkeep\n|turn|18\n|\n|t:|1700792664\n|move|p2a: Gween Tee! Cowfee!|Matcha Gotcha|p1a: Everton FC|[miss]\n|-miss|p2a: Gween Tee! Cowfee!|p1a: Everton FC\n|move|p1a: Everton FC|Ice Beam|p2a: Gween Tee! Cowfee!\n|-supereffective|p2a: Gween Tee! Cowfee!\n|-damage|p2a: Gween Tee! Cowfee!|14\/100\n|-status|p2a: Gween Tee! Cowfee!|frz\n|\n|-heal|p2a: Gween Tee! Cowfee!|20\/100 frz|[from] item: Leftovers\n|-heal|p1a: Everton FC|77\/100|[from] item: Leftovers\n|upkeep\n|turn|19\n|c| poggerwog|no shot\n|c|\u2606Jambees|youre joking right\n|\n|t:|1700792685\n|cant|p2a: Gween Tee! Cowfee!|frz\n|move|p1a: Everton FC|Moonblast|p2a: Gween Tee! Cowfee!\n|-damage|p2a: Gween Tee! Cowfee!|0 fnt\n|faint|p2a: Gween Tee! Cowfee!\n|\n|-heal|p1a: Everton FC|83\/100|[from] item: Leftovers\n|upkeep\n|\n|t:|1700792692\n|switch|p2a: Highphlosion|Typhlosion-Hisui, M, shiny|100\/100\n|turn|20\n|\n|t:|1700792721\n|move|p2a: Highphlosion|Shadow Ball|p1a: Everton FC\n|-damage|p1a: Everton FC|22\/100\n|move|p1a: Everton FC|Calm Mind|p1a: Everton FC\n|-boost|p1a: Everton FC|spa|1\n|-boost|p1a: Everton FC|spd|1\n|\n|-heal|p1a: Everton FC|28\/100|[from] item: Leftovers\n|upkeep\n|turn|21\n|\n|t:|1700792733\n|switch|p2a: Compatibility|Vaporeon, M, shiny|100\/100\n|move|p1a: Everton FC|Moonlight|p1a: Everton FC\n|-heal|p1a: Everton FC|78\/100\n|\n|-heal|p1a: Everton FC|84\/100|[from] item: Leftovers\n|upkeep\n|turn|22\n|\n|t:|1700792743\n|move|p1a: Everton FC|Moonblast|p2a: Compatibility\n|-damage|p2a: Compatibility|69\/100\n|-unboost|p2a: Compatibility|spa|1\n|move|p2a: Compatibility|Scald|p1a: Everton FC\n|-damage|p1a: Everton FC|54\/100\n|\n|-heal|p1a: Everton FC|60\/100|[from] item: Leftovers\n|-heal|p2a: Compatibility|75\/100|[from] item: Leftovers\n|upkeep\n|turn|23\n|\n|t:|1700792752\n|move|p1a: Everton FC|Moonblast|p2a: Compatibility\n|-damage|p2a: Compatibility|44\/100\n|-unboost|p2a: Compatibility|spa|1\n|move|p2a: Compatibility|Wish|p2a: Compatibility\n|\n|-heal|p1a: Everton FC|66\/100|[from] item: Leftovers\n|-heal|p2a: Compatibility|50\/100|[from] item: Leftovers\n|upkeep\n|turn|24\n|\n|t:|1700792760\n|move|p1a: Everton FC|Moonblast|p2a: Compatibility\n|-damage|p2a: Compatibility|15\/100\n|-unboost|p2a: Compatibility|spa|1\n|move|p2a: Compatibility|Haze|p2a: Compatibility\n|-clearallboost\n|\n|-heal|p2a: Compatibility|65\/100|[from] move: Wish|[wisher] Compatibility\n|-heal|p1a: Everton FC|72\/100|[from] item: Leftovers\n|-heal|p2a: Compatibility|71\/100|[from] item: Leftovers\n|upkeep\n|turn|25\n|\n|t:|1700792772\n|move|p1a: Everton FC|Moonblast|p2a: Compatibility\n|-damage|p2a: Compatibility|49\/100\n|move|p2a: Compatibility|Flip Turn|p1a: Everton FC\n|-damage|p1a: Everton FC|61\/100\n|\n|t:|1700792777\n|switch|p2a: Highphlosion|Typhlosion-Hisui, M, shiny|100\/100|[from] Flip Turn\n|\n|-heal|p1a: Everton FC|67\/100|[from] item: Leftovers\n|upkeep\n|turn|26\n|\n|t:|1700792784\n|move|p2a: Highphlosion|Eruption|p1a: Everton FC\n|-damage|p1a: Everton FC|0 fnt\n|faint|p1a: Everton FC\n|\n|upkeep\n|\n|t:|1700792788\n|switch|p1a: FC Barcelona|Heatran, M|84\/100\n|turn|27\n|\n|t:|1700792795\n|switch|p2a: Ride me ;p|Cyclizar, M|100\/100\n|move|p1a: FC Barcelona|Earth Power|p2a: Ride me ;p\n|-damage|p2a: Ride me ;p|39\/100\n|\n|upkeep\n|turn|28\n|\n|t:|1700792805\n|move|p2a: Ride me ;p|U-turn|p1a: FC Barcelona\n|-resisted|p1a: FC Barcelona\n|-damage|p1a: FC Barcelona|80\/100\n|-damage|p2a: Ride me ;p|29\/100|[from] item: Life Orb\n|\n|t:|1700792809\n|switch|p2a: Compatibility|Vaporeon, M, shiny|49\/100|[from] U-turn\n|move|p1a: FC Barcelona|Earth Power|p2a: Compatibility\n|-damage|p2a: Compatibility|26\/100\n|\n|-heal|p2a: Compatibility|32\/100|[from] item: Leftovers\n|upkeep\n|turn|29\n|\n|t:|1700792819\n|-terastallize|p2a: Compatibility|Grass\n|move|p1a: FC Barcelona|Magma Storm|p2a: Compatibility\n|-supereffective|p2a: Compatibility\n|-damage|p2a: Compatibility|0 fnt\n|faint|p2a: Compatibility\n|\n|upkeep\n|\n|t:|1700792825\n|switch|p2a: Highphlosion|Typhlosion-Hisui, M, shiny|100\/100\n|turn|30\n|\n|t:|1700792828\n|move|p2a: Highphlosion|Shadow Ball|p1a: FC Barcelona\n|-crit|p1a: FC Barcelona\n|-damage|p1a: FC Barcelona|20\/100\n|move|p1a: FC Barcelona|Earth Power|p2a: Highphlosion\n|-supereffective|p2a: Highphlosion\n|-damage|p2a: Highphlosion|8\/100\n|\n|upkeep\n|turn|31\n|\n|t:|1700792847\n|switch|p1a: Snorlax|Snorlax, M|4\/100 par\n|move|p2a: Highphlosion|Shadow Ball|p1a: Snorlax\n|-immune|p1a: Snorlax\n|\n|upkeep\n|turn|32\n|\n|t:|1700792854\n|switch|p2a: Ride me ;p|Cyclizar, M|62\/100\n|cant|p1a: Snorlax|par\n|\n|upkeep\n|turn|33\n|c|\u2606napg0d|dude this fucking para\n|\n|t:|1700792870\n|move|p2a: Ride me ;p|U-turn|p1a: Snorlax\n|-damage|p1a: Snorlax|0 fnt\n|faint|p1a: Snorlax\n|-damage|p2a: Ride me ;p|52\/100|[from] item: Life Orb\n|\n|t:|1700792875\n|switch|p2a: Highphlosion|Typhlosion-Hisui, M, shiny|8\/100|[from] U-turn\n|\n|upkeep\n|c| poggerwog|listen you already got the double matcha gotcha miss into frozen true wombo combo\n|c|\u2606Jambees|TRUE\n|\n|t:|1700792900\n|switch|p1a: Borussia Dortmund|Jolteon, M|75\/100\n|turn|34\n|\n|t:|1700792905\n|move|p2a: Highphlosion|Eruption|p1a: Borussia Dortmund\n|-damage|p1a: Borussia Dortmund|64\/100\n|move|p1a: Borussia Dortmund|Thunderbolt|p2a: Highphlosion\n|-damage|p2a: Highphlosion|0 fnt\n|faint|p2a: Highphlosion\n|\n|-heal|p1a: Borussia Dortmund|70\/100|[from] item: Leftovers\n|upkeep\n|c|\u2606Jambees|i may be stupid im sorry\n|c|\u2606Jambees|i was proibably gonna loose anyways\n|\n|t:|1700792924\n|switch|p2a: Ride me ;p|Cyclizar, M|86\/100\n|turn|35\n|\n|t:|1700792935\n|move|p1a: Borussia Dortmund|Thunderbolt|p2a: Ride me ;p\n|-resisted|p2a: Ride me ;p\n|-damage|p2a: Ride me ;p|47\/100\n|move|p2a: Ride me ;p|Draco Meteor|p1a: Borussia Dortmund\n|-damage|p1a: Borussia Dortmund|0 fnt\n|-unboost|p2a: Ride me ;p|spa|2\n|faint|p1a: Borussia Dortmund\n|-damage|p2a: Ride me ;p|38\/100|[from] item: Life Orb\n|\n|upkeep\n|\n|t:|1700792949\n|switch|p1a: ACF Fiorentina|Quaquaval, F|59\/100\n|turn|36\n|\n|t:|1700792956\n|move|p2a: Ride me ;p|Draco Meteor|p1a: ACF Fiorentina\n|-damage|p1a: ACF Fiorentina|11\/100\n|-unboost|p2a: Ride me ;p|spa|2\n|-damage|p2a: Ride me ;p|28\/100|[from] item: Life Orb\n|move|p1a: ACF Fiorentina|Close Combat|p2a: Ride me ;p\n|-supereffective|p2a: Ride me ;p\n|-damage|p2a: Ride me ;p|0 fnt\n|-unboost|p1a: ACF Fiorentina|def|1\n|-unboost|p1a: ACF Fiorentina|spd|1\n|faint|p2a: Ride me ;p\n|\n|win|napg0d\n","uploadtime":1700792968,"views":30,"p1id":"napg0d","p2id":"jambees","formatid":"gen9ou","rating":0,"private":0,"password":""}