{"id":"gen9ou-1992129287","p1":"JacobIde2832","p2":"A Welcome Guest","format":"[Gen 9] OU","log":"|j|\u2606JacobIde2832\n|j|\u2606A Welcome Guest\n|t:|1700157463\n|gametype|singles\n|player|p1|JacobIde2832|cynthia-gen4|1515\n|player|p2|A Welcome Guest|266|1588\n|teamsize|p1|6\n|teamsize|p2|6\n|gen|9\n|tier|[Gen 9] OU\n|rated|\n|rule|Sleep Clause Mod: Limit one foe put to sleep\n|rule|Species Clause: Limit one of each Pok\u00e9mon\n|rule|OHKO Clause: OHKO moves are banned\n|rule|Evasion Items Clause: Evasion items are banned\n|rule|Evasion Moves Clause: Evasion moves are banned\n|rule|Endless Battle Clause: Forcing endless battles is banned\n|rule|HP Percentage Mod: HP is shown in percentages\n|clearpoke\n|poke|p1|Dondozo, M|\n|poke|p1|Kingambit, F|\n|poke|p1|Sneasler, M|\n|poke|p1|Iron Moth|\n|poke|p1|Dragapult, F|\n|poke|p1|Iron Valiant|\n|poke|p2|Iron Jugulis|\n|poke|p2|Ogerpon-Wellspring, F|\n|poke|p2|Tinkaton, F|\n|poke|p2|Iron Moth|\n|poke|p2|Great Tusk|\n|poke|p2|Dragapult, M|\n|teampreview\n|inactive|Battle timer is ON: inactive players will automatically lose when time's up. (requested by JacobIde2832)\n|\n|t:|1700157483\n|start\n|switch|p1a: Sneasler|Sneasler, M|100\/100\n|switch|p2a: Dragapult|Dragapult, M|100\/100\n|turn|1\n|\n|t:|1700157492\n|move|p2a: Dragapult|Shadow Ball|p1a: Sneasler\n|-damage|p1a: Sneasler|24\/100\n|move|p1a: Sneasler|Dire Claw|p2a: Dragapult\n|-resisted|p2a: Dragapult\n|-damage|p2a: Dragapult|71\/100\n|-status|p2a: Dragapult|par\n|\n|upkeep\n|turn|2\n|\n|t:|1700157502\n|switch|p1a: Kingambit|Kingambit, F|100\/100\n|cant|p2a: Dragapult|par\n|\n|upkeep\n|turn|3\n|\n|t:|1700157507\n|switch|p2a: TWINKATON|Tinkaton, F|100\/100\n|-item|p2a: TWINKATON|Air Balloon\n|move|p1a: Kingambit|Kowtow Cleave|p2a: TWINKATON\n|-resisted|p2a: TWINKATON\n|-damage|p2a: TWINKATON|66\/100\n|-enditem|p2a: TWINKATON|Air Balloon\n|-enditem|p1a: Kingambit|Black Glasses|[silent]|[from] ability: Pickpocket|[of] p1a: Kingambit\n|-item|p2a: TWINKATON|Black Glasses|[from] ability: Pickpocket|[of] p1a: Kingambit\n|\n|upkeep\n|turn|4\n|\n|t:|1700157516\n|-end|p1a: Kingambit|fallenundefined|[silent]\n|switch|p1a: Sneasler|Sneasler, M|24\/100\n|move|p2a: TWINKATON|Stealth Rock|p1a: Sneasler\n|-sidestart|p1: JacobIde2832|move: Stealth Rock\n|\n|upkeep\n|turn|5\n|\n|t:|1700157524\n|move|p1a: Sneasler|Close Combat|p2a: TWINKATON\n|-damage|p2a: TWINKATON|0 fnt\n|-unboost|p1a: Sneasler|def|1\n|-unboost|p1a: Sneasler|spd|1\n|-enditem|p1a: Sneasler|White Herb\n|-clearnegativeboost|p1a: Sneasler|[silent]\n|faint|p2a: TWINKATON\n|\n|upkeep\n|\n|t:|1700157534\n|switch|p2a: Great Tusk|Great Tusk|100\/100\n|-enditem|p2a: Great Tusk|Booster Energy\n|-activate|p2a: Great Tusk|ability: Protosynthesis|[fromitem]\n|-start|p2a: Great Tusk|protosynthesisspe\n|turn|6\n|\n|t:|1700157537\n|-terastallize|p1a: Sneasler|Flying\n|move|p1a: Sneasler|Acrobatics|p2a: Great Tusk\n|-supereffective|p2a: Great Tusk\n|-damage|p2a: Great Tusk|29\/100\n|move|p2a: Great Tusk|Ice Spinner|p1a: Sneasler\n|-supereffective|p1a: Sneasler\n|-damage|p1a: Sneasler|0 fnt\n|faint|p1a: Sneasler\n|\n|upkeep\n|\n|t:|1700157545\n|switch|p1a: Dondozo|Dondozo, M|100\/100\n|-damage|p1a: Dondozo|88\/100|[from] Stealth Rock\n|turn|7\n|\n|t:|1700157566\n|switch|p1a: Iron Moth|Iron Moth|100\/100\n|-damage|p1a: Iron Moth|76\/100|[from] Stealth Rock\n|-enditem|p1a: Iron Moth|Booster Energy\n|-activate|p1a: Iron Moth|ability: Quark Drive|[fromitem]\n|-start|p1a: Iron Moth|quarkdrivespa\n|move|p2a: Great Tusk|Headlong Rush|p1a: Iron Moth\n|-supereffective|p1a: Iron Moth\n|-damage|p1a: Iron Moth|0 fnt\n|-unboost|p2a: Great Tusk|def|1\n|-unboost|p2a: Great Tusk|spd|1\n|faint|p1a: Iron Moth\n|-end|p1a: Iron Moth|Quark Drive|[silent]\n|\n|upkeep\n|c|\u2606JacobIde2832|aint no\n|c|\u2606JacobIde2832|fucking way\n|c|\u2606JacobIde2832|you stay in\n|\n|t:|1700157578\n|switch|p1a: Dondozo|Dondozo, M|88\/100\n|-damage|p1a: Dondozo|75\/100|[from] Stealth Rock\n|turn|8\n|c|\u2606A Welcome Guest|my fault\n|\n|t:|1700157591\n|-end|p2a: Great Tusk|Protosynthesis|[silent]\n|switch|p2a: Ogerpon|Ogerpon-Wellspring, F|100\/100\n|move|p1a: Dondozo|Liquidation|p2a: Ogerpon\n|-immune|p2a: Ogerpon|[from] ability: Water Absorb\n|\n|-heal|p1a: Dondozo|82\/100|[from] item: Leftovers\n|upkeep\n|turn|9\n|\n|t:|1700157605\n|switch|p1a: Dragapult|Dragapult, F|100\/100\n|move|p2a: Ogerpon|Horn Leech|p1a: Dragapult\n|-resisted|p1a: Dragapult\n|-damage|p1a: Dragapult|69\/100\n|\n|upkeep\n|turn|10\n|\n|t:|1700157614\n|switch|p2a: Iron Jugulis|Iron Jugulis|100\/100\n|-enditem|p2a: Iron Jugulis|Booster Energy\n|-activate|p2a: Iron Jugulis|ability: Quark Drive|[fromitem]\n|-start|p2a: Iron Jugulis|quarkdrivespe\n|move|p1a: Dragapult|Shadow Ball|p2a: Iron Jugulis\n|-resisted|p2a: Iron Jugulis\n|-damage|p2a: Iron Jugulis|76\/100\n|\n|upkeep\n|turn|11\n|\n|t:|1700157619\n|switch|p1a: Kingambit|Kingambit, F|100\/100\n|-damage|p1a: Kingambit|94\/100|[from] Stealth Rock\n|-activate|p1a: Kingambit|ability: Supreme Overlord\n|-start|p1a: Kingambit|fallen2|[silent]\n|move|p2a: Iron Jugulis|Knock Off|p1a: Kingambit\n|-resisted|p1a: Kingambit\n|-damage|p1a: Kingambit|88\/100\n|\n|upkeep\n|turn|12\n|\n|t:|1700157624\n|move|p2a: Iron Jugulis|Earth Power|p1a: Kingambit\n|-supereffective|p1a: Kingambit\n|-damage|p1a: Kingambit|25\/100\n|move|p1a: Kingambit|Kowtow Cleave|p2a: Iron Jugulis\n|-resisted|p2a: Iron Jugulis\n|-damage|p2a: Iron Jugulis|42\/100\n|\n|upkeep\n|turn|13\n|\n|t:|1700157632\n|move|p1a: Kingambit|Sucker Punch|p2a: Iron Jugulis\n|-resisted|p2a: Iron Jugulis\n|-damage|p2a: Iron Jugulis|12\/100\n|move|p2a: Iron Jugulis|Earth Power|p1a: Kingambit\n|-supereffective|p1a: Kingambit\n|-damage|p1a: Kingambit|0 fnt\n|faint|p1a: Kingambit\n|-end|p1a: Kingambit|fallen2|[silent]\n|\n|upkeep\n|\n|t:|1700157635\n|switch|p1a: Dondozo|Dondozo, M|82\/100\n|-damage|p1a: Dondozo|69\/100|[from] Stealth Rock\n|turn|14\n|\n|t:|1700157641\n|move|p2a: Iron Jugulis|Hurricane|p1a: Dondozo\n|-damage|p1a: Dondozo|14\/100\n|move|p1a: Dondozo|Rest|p1a: Dondozo\n|-status|p1a: Dondozo|slp|[from] move: Rest\n|-heal|p1a: Dondozo|100\/100 slp|[silent]\n|\n|upkeep\n|turn|15\n|\n|t:|1700157649\n|switch|p1a: Dragapult|Dragapult, F|69\/100\n|move|p2a: Iron Jugulis|Knock Off|p1a: Dragapult\n|-supereffective|p1a: Dragapult\n|-damage|p1a: Dragapult|0 fnt\n|-enditem|p1a: Dragapult|Heavy-Duty Boots|[from] move: Knock Off|[of] p2a: Iron Jugulis\n|faint|p1a: Dragapult\n|\n|upkeep\n|\n|t:|1700157651\n|switch|p1a: Iron Valiant|Iron Valiant|100\/100\n|-damage|p1a: Iron Valiant|94\/100|[from] Stealth Rock\n|-enditem|p1a: Iron Valiant|Booster Energy\n|-activate|p1a: Iron Valiant|ability: Quark Drive|[fromitem]\n|-start|p1a: Iron Valiant|quarkdrivespe\n|turn|16\n|\n|t:|1700157656\n|move|p1a: Iron Valiant|Moonblast|p2a: Iron Jugulis\n|-supereffective|p2a: Iron Jugulis\n|-damage|p2a: Iron Jugulis|0 fnt\n|faint|p2a: Iron Jugulis\n|-end|p2a: Iron Jugulis|Quark Drive|[silent]\n|\n|upkeep\n|\n|t:|1700157661\n|switch|p2a: Iron Moth|Iron Moth|100\/100\n|-enditem|p2a: Iron Moth|Booster Energy\n|-activate|p2a: Iron Moth|ability: Quark Drive|[fromitem]\n|-start|p2a: Iron Moth|quarkdrivespe\n|turn|17\n|\n|t:|1700157668\n|move|p1a: Iron Valiant|Psychic|p2a: Iron Moth\n|-supereffective|p2a: Iron Moth\n|-crit|p2a: Iron Moth\n|-damage|p2a: Iron Moth|10\/100\n|move|p2a: Iron Moth|Psychic|p1a: Iron Valiant\n|-supereffective|p1a: Iron Valiant\n|-damage|p1a: Iron Valiant|0 fnt\n|faint|p1a: Iron Valiant\n|-end|p1a: Iron Valiant|Quark Drive|[silent]\n|\n|upkeep\n|\n|t:|1700157674\n|switch|p1a: Dondozo|Dondozo, M|100\/100 slp\n|-damage|p1a: Dondozo|88\/100 slp|[from] Stealth Rock\n|turn|18\n|\n|t:|1700157683\n|-end|p2a: Iron Moth|Quark Drive|[silent]\n|switch|p2a: Ogerpon|Ogerpon-Wellspring, F|100\/100\n|cant|p1a: Dondozo|slp\n|move|p1a: Dondozo|Sleep Talk|p1a: Dondozo\n|move|p1a: Dondozo|Rest||[from]move: Sleep Talk|[still]\n|-fail|p1a: Dondozo\n|\n|-heal|p1a: Dondozo|94\/100 slp|[from] item: Leftovers\n|upkeep\n|turn|19\n|-message|JacobIde2832 forfeited.\n|\n|win|A Welcome Guest\n|raw|JacobIde2832's rating: 1515 &rarr; <strong>1499<\/strong><br \/>(-16 for losing)\n|raw|A Welcome Guest's rating: 1588 &rarr; <strong>1604<\/strong><br \/>(+16 for winning)\n|l|\u2606JacobIde2832\n|c|\u2606A Welcome Guest|gg\n","uploadtime":1700157696,"views":6,"p1id":"jacobide2832","p2id":"awelcomeguest","formatid":"gen9ou","rating":1499,"private":0,"password":""}