{"id":"gen9ou-1989485253","p1":"soccersniper","p2":"Princessu","format":"[Gen 9] OU","log":"|j|\u2606soccersniper\n|j|\u2606Princessu\n|t:|1699858426\n|gametype|singles\n|player|p1|soccersniper|wally|1561\n|player|p2|Princessu|erika|1511\n|teamsize|p1|6\n|teamsize|p2|6\n|gen|9\n|tier|[Gen 9] OU\n|rated|\n|rule|Sleep Clause Mod: Limit one foe put to sleep\n|rule|Species Clause: Limit one of each Pok\u00e9mon\n|rule|OHKO Clause: OHKO moves are banned\n|rule|Evasion Items Clause: Evasion items are banned\n|rule|Evasion Moves Clause: Evasion moves are banned\n|rule|Endless Battle Clause: Forcing endless battles is banned\n|rule|HP Percentage Mod: HP is shown in percentages\n|clearpoke\n|poke|p1|Garganacl, F|\n|poke|p1|Rillaboom, F|\n|poke|p1|Sneasler, M|\n|poke|p1|Ogerpon-Wellspring, F|\n|poke|p1|Greninja-*, M|\n|poke|p1|Landorus-Therian, M|\n|poke|p2|Ogerpon-Cornerstone, F|\n|poke|p2|Iron Valiant|\n|poke|p2|Moltres-Galar|\n|poke|p2|Iron Treads|\n|poke|p2|Manaphy|\n|poke|p2|Hatterene, F|\n|teampreview\n|inactive|Battle timer is ON: inactive players will automatically lose when time's up. (requested by soccersniper)\n|\n|t:|1699858436\n|start\n|switch|p1a: Rillaboom|Rillaboom, F|100\/100\n|switch|p2a: Moltres|Moltres-Galar, shiny|100\/100\n|-fieldstart|move: Grassy Terrain|[from] ability: Grassy Surge|[of] p1a: Rillaboom\n|turn|1\n|\n|t:|1699858447\n|switch|p1a: Garganacl|Garganacl, F|100\/100\n|move|p2a: Moltres|Agility|p2a: Moltres\n|-boost|p2a: Moltres|spe|2\n|\n|upkeep\n|turn|2\n|\n|t:|1699858455\n|move|p2a: Moltres|Nasty Plot|p2a: Moltres\n|-boost|p2a: Moltres|spa|2\n|move|p1a: Garganacl|Salt Cure|p2a: Moltres\n|-supereffective|p2a: Moltres\n|-damage|p2a: Moltres|68\/100\n|-start|p2a: Moltres|Salt Cure\n|\n|-damage|p2a: Moltres|56\/100|[from] Salt Cure\n|upkeep\n|turn|3\n|\n|t:|1699858461\n|move|p2a: Moltres|Fiery Wrath|p1a: Garganacl\n|-damage|p1a: Garganacl|48\/100\n|move|p1a: Garganacl|Body Press|p2a: Moltres\n|-damage|p2a: Moltres|29\/100\n|-ability|p2a: Moltres|Berserk|boost\n|-boost|p2a: Moltres|spa|1\n|-enditem|p2a: Moltres|Sitrus Berry|[eat]\n|-heal|p2a: Moltres|53\/100|[from] item: Sitrus Berry\n|\n|-heal|p1a: Garganacl|54\/100|[from] Grassy Terrain\n|-heal|p1a: Garganacl|60\/100|[from] item: Leftovers\n|-damage|p2a: Moltres|41\/100|[from] Salt Cure\n|upkeep\n|turn|4\n|inactive|soccersniper has 120 seconds left.\n|\n|t:|1699858494\n|switch|p1a: Greninja|Greninja, M|100\/100\n|move|p2a: Moltres|Fiery Wrath|p1a: Greninja\n|-resisted|p1a: Greninja\n|-damage|p1a: Greninja|11\/100\n|\n|-heal|p1a: Greninja|17\/100|[from] Grassy Terrain\n|-damage|p2a: Moltres|29\/100|[from] Salt Cure\n|upkeep\n|turn|5\n|\n|t:|1699858501\n|move|p2a: Moltres|Fiery Wrath|p1a: Greninja\n|-resisted|p1a: Greninja\n|-damage|p1a: Greninja|0 fnt\n|faint|p1a: Greninja\n|\n|-damage|p2a: Moltres|16\/100|[from] Salt Cure\n|-fieldend|move: Grassy Terrain\n|upkeep\n|\n|t:|1699858506\n|switch|p1a: Rillaboom|Rillaboom, F|100\/100\n|-fieldstart|move: Grassy Terrain|[from] ability: Grassy Surge|[of] p1a: Rillaboom\n|turn|6\n|\n|t:|1699858511\n|move|p1a: Rillaboom|Grassy Glide|p2a: Moltres\n|-resisted|p2a: Moltres\n|-damage|p2a: Moltres|0 fnt\n|faint|p2a: Moltres\n|\n|upkeep\n|\n|t:|1699858524\n|switch|p2a: Iron Treads|Iron Treads|100\/100\n|turn|7\n|\n|t:|1699858536\n|switch|p1a: Landorus|Landorus-Therian, M|100\/100\n|-ability|p1a: Landorus|Intimidate|boost\n|-unboost|p2a: Iron Treads|atk|1\n|move|p2a: Iron Treads|Stealth Rock|p1a: Landorus\n|-sidestart|p1: soccersniper|move: Stealth Rock\n|\n|upkeep\n|turn|8\n|\n|t:|1699858543\n|-end|p2a: Iron Treads|Quark Drive|[silent]\n|switch|p2a: Hatterene|Hatterene, F|100\/100\n|move|p1a: Landorus|Earth Power|p2a: Hatterene\n|-damage|p2a: Hatterene|67\/100\n|\n|-heal|p2a: Hatterene|73\/100|[from] Grassy Terrain\n|-heal|p2a: Hatterene|80\/100|[from] item: Leftovers\n|upkeep\n|turn|9\n|\n|t:|1699858553\n|move|p1a: Landorus|U-turn|p2a: Hatterene\n|-damage|p2a: Hatterene|63\/100\n|\n|t:|1699858556\n|switch|p1a: Garganacl|Garganacl, F|60\/100|[from] U-turn\n|-damage|p1a: Garganacl|48\/100|[from] Stealth Rock\n|move|p2a: Hatterene|Calm Mind|p2a: Hatterene\n|-boost|p2a: Hatterene|spa|1\n|-boost|p2a: Hatterene|spd|1\n|\n|-heal|p1a: Garganacl|54\/100|[from] Grassy Terrain\n|-heal|p1a: Garganacl|60\/100|[from] item: Leftovers\n|-heal|p2a: Hatterene|69\/100|[from] Grassy Terrain\n|-heal|p2a: Hatterene|75\/100|[from] item: Leftovers\n|upkeep\n|turn|10\n|\n|t:|1699858561\n|move|p1a: Garganacl|Salt Cure|p2a: Hatterene\n|-damage|p2a: Hatterene|64\/100\n|-start|p2a: Hatterene|Salt Cure\n|move|p2a: Hatterene|Calm Mind|p2a: Hatterene\n|-boost|p2a: Hatterene|spa|1\n|-boost|p2a: Hatterene|spd|1\n|\n|-heal|p1a: Garganacl|66\/100|[from] Grassy Terrain\n|-heal|p1a: Garganacl|73\/100|[from] item: Leftovers\n|-heal|p2a: Hatterene|70\/100|[from] Grassy Terrain\n|-heal|p2a: Hatterene|76\/100|[from] item: Leftovers\n|-damage|p2a: Hatterene|64\/100|[from] Salt Cure\n|-fieldend|move: Grassy Terrain\n|upkeep\n|turn|11\n|\n|t:|1699858569\n|switch|p1a: Rillaboom|Rillaboom, F|100\/100\n|-damage|p1a: Rillaboom|88\/100|[from] Stealth Rock\n|-fieldstart|move: Grassy Terrain|[from] ability: Grassy Surge|[of] p1a: Rillaboom\n|move|p2a: Hatterene|Calm Mind|p2a: Hatterene\n|-boost|p2a: Hatterene|spa|1\n|-boost|p2a: Hatterene|spd|1\n|\n|-heal|p1a: Rillaboom|94\/100|[from] Grassy Terrain\n|-heal|p2a: Hatterene|70\/100|[from] Grassy Terrain\n|-heal|p2a: Hatterene|76\/100|[from] item: Leftovers\n|-damage|p2a: Hatterene|64\/100|[from] Salt Cure\n|upkeep\n|turn|12\n|\n|t:|1699858573\n|move|p1a: Rillaboom|Wood Hammer|p2a: Hatterene\n|-damage|p2a: Hatterene|0 fnt\n|faint|p2a: Hatterene\n|-damage|p1a: Rillaboom|75\/100|[from] Recoil\n|\n|-heal|p1a: Rillaboom|81\/100|[from] Grassy Terrain\n|upkeep\n|\n|t:|1699858581\n|switch|p2a: Ogerpon|Ogerpon-Cornerstone, F|100\/100\n|turn|13\n|\n|t:|1699858589\n|switch|p1a: Landorus|Landorus-Therian, M|100\/100\n|-damage|p1a: Landorus|88\/100|[from] Stealth Rock\n|-ability|p1a: Landorus|Intimidate|boost\n|-unboost|p2a: Ogerpon|atk|1\n|move|p2a: Ogerpon|Ivy Cudgel|p1a: Landorus\n|-damage|p1a: Landorus|61\/100\n|\n|upkeep\n|turn|14\n|\n|t:|1699858601\n|move|p2a: Ogerpon|Swords Dance|p2a: Ogerpon\n|-boost|p2a: Ogerpon|atk|2\n|move|p1a: Landorus|U-turn|p2a: Ogerpon\n|-supereffective|p2a: Ogerpon\n|-damage|p2a: Ogerpon|40\/100\n|\n|t:|1699858616\n|switch|p1a: Rillaboom|Rillaboom, F|81\/100|[from] U-turn\n|-damage|p1a: Rillaboom|69\/100|[from] Stealth Rock\n|\n|-heal|p2a: Ogerpon|46\/100|[from] Grassy Terrain\n|-heal|p1a: Rillaboom|75\/100|[from] Grassy Terrain\n|upkeep\n|turn|15\n|\n|t:|1699858622\n|move|p1a: Rillaboom|Grassy Glide|p2a: Ogerpon\n|-damage|p2a: Ogerpon|0 fnt\n|faint|p2a: Ogerpon\n|\n|-heal|p1a: Rillaboom|81\/100|[from] Grassy Terrain\n|-fieldend|move: Grassy Terrain\n|upkeep\n|\n|t:|1699858634\n|switch|p2a: Iron Valiant|Iron Valiant|100\/100\n|-enditem|p2a: Iron Valiant|Booster Energy\n|-activate|p2a: Iron Valiant|ability: Quark Drive|[fromitem]\n|-start|p2a: Iron Valiant|quarkdrivespe\n|turn|16\n|\n|t:|1699858645\n|switch|p1a: Garganacl|Garganacl, F|73\/100\n|-damage|p1a: Garganacl|60\/100|[from] Stealth Rock\n|move|p2a: Iron Valiant|Calm Mind|p2a: Iron Valiant\n|-boost|p2a: Iron Valiant|spa|1\n|-boost|p2a: Iron Valiant|spd|1\n|\n|-heal|p1a: Garganacl|66\/100|[from] item: Leftovers\n|upkeep\n|turn|17\n|\n|t:|1699858651\n|move|p2a: Iron Valiant|Aura Sphere|p1a: Garganacl\n|-supereffective|p1a: Garganacl\n|-damage|p1a: Garganacl|0 fnt\n|faint|p1a: Garganacl\n|\n|upkeep\n|\n|t:|1699858658\n|switch|p1a: Rillaboom|Rillaboom, F|81\/100\n|-damage|p1a: Rillaboom|69\/100|[from] Stealth Rock\n|-fieldstart|move: Grassy Terrain|[from] ability: Grassy Surge|[of] p1a: Rillaboom\n|turn|18\n|\n|t:|1699858665\n|switch|p1a: Landorus|Landorus-Therian, M|61\/100\n|-damage|p1a: Landorus|48\/100|[from] Stealth Rock\n|-ability|p1a: Landorus|Intimidate|boost\n|-unboost|p2a: Iron Valiant|atk|1\n|-terastallize|p2a: Iron Valiant|Fairy\n|move|p2a: Iron Valiant|Moonblast|p1a: Landorus\n|-damage|p1a: Landorus|0 fnt\n|faint|p1a: Landorus\n|\n|upkeep\n|\n|t:|1699858672\n|switch|p1a: Sneasler|Sneasler, M|100\/100\n|-damage|p1a: Sneasler|95\/100|[from] Stealth Rock\n|-enditem|p1a: Sneasler|Grassy Seed\n|-boost|p1a: Sneasler|def|1|[from] item: Grassy Seed\n|turn|19\n|\n|t:|1699858679\n|move|p1a: Sneasler|Dire Claw|p2a: Iron Valiant\n|-supereffective|p2a: Iron Valiant\n|-damage|p2a: Iron Valiant|0 fnt\n|faint|p2a: Iron Valiant\n|-end|p2a: Iron Valiant|Quark Drive|[silent]\n|\n|-heal|p1a: Sneasler|100\/100|[from] Grassy Terrain\n|upkeep\n|\n|t:|1699858689\n|switch|p2a: Manaphy|Manaphy, shiny|100\/100\n|turn|20\n|\n|t:|1699858692\n|switch|p1a: Ogerpon|Ogerpon-Wellspring, F|100\/100\n|-damage|p1a: Ogerpon|88\/100|[from] Stealth Rock\n|move|p2a: Manaphy|Scald|p1a: Ogerpon\n|-heal|p1a: Ogerpon|100\/100|[from] ability: Water Absorb|[of] p2a: Manaphy\n|\n|upkeep\n|turn|21\n|\n|t:|1699858699\n|move|p1a: Ogerpon|Encore|p2a: Manaphy\n|-start|p2a: Manaphy|Encore\n|move|p2a: Manaphy|Scald|p1a: Ogerpon\n|-immune|p1a: Ogerpon|[from] ability: Water Absorb\n|\n|upkeep\n|turn|22\n|\n|t:|1699858702\n|switch|p1a: Rillaboom|Rillaboom, F|69\/100\n|-damage|p1a: Rillaboom|57\/100|[from] Stealth Rock\n|switch|p2a: Iron Treads|Iron Treads|100\/100\n|\n|-heal|p1a: Rillaboom|63\/100|[from] Grassy Terrain\n|-fieldend|move: Grassy Terrain\n|upkeep\n|turn|23\n|\n|t:|1699858711\n|switch|p1a: Sneasler|Sneasler, M|100\/100\n|-damage|p1a: Sneasler|95\/100|[from] Stealth Rock\n|move|p2a: Iron Treads|Earthquake|p1a: Sneasler\n|-supereffective|p1a: Sneasler\n|-damage|p1a: Sneasler|0 fnt\n|faint|p1a: Sneasler\n|\n|upkeep\n|\n|t:|1699858714\n|switch|p1a: Rillaboom|Rillaboom, F|63\/100\n|-damage|p1a: Rillaboom|51\/100|[from] Stealth Rock\n|-fieldstart|move: Grassy Terrain|[from] ability: Grassy Surge|[of] p1a: Rillaboom\n|turn|24\n|\n|t:|1699858723\n|move|p2a: Iron Treads|Knock Off|p1a: Rillaboom\n|-damage|p1a: Rillaboom|16\/100\n|-enditem|p1a: Rillaboom|Choice Band|[from] move: Knock Off|[of] p2a: Iron Treads\n|move|p1a: Rillaboom|Wood Hammer|p2a: Iron Treads\n|-damage|p2a: Iron Treads|36\/100\n|-damage|p1a: Rillaboom|0 fnt|[from] item: Rocky Helmet|[of] p2a: Iron Treads\n|faint|p1a: Rillaboom\n|\n|-heal|p2a: Iron Treads|43\/100|[from] Grassy Terrain\n|upkeep\n|\n|t:|1699858730\n|switch|p1a: Ogerpon|Ogerpon-Wellspring, F|100\/100\n|-damage|p1a: Ogerpon|88\/100|[from] Stealth Rock\n|turn|25\n|j| cheese miestro\n|\n|t:|1699858735\n|move|p1a: Ogerpon|Ivy Cudgel|p2a: Iron Treads\n|-supereffective|p2a: Iron Treads\n|-damage|p2a: Iron Treads|0 fnt\n|faint|p2a: Iron Treads\n|-end|p2a: Iron Treads|Quark Drive|[silent]\n|\n|-heal|p1a: Ogerpon|94\/100|[from] Grassy Terrain\n|upkeep\n|\n|t:|1699858739\n|switch|p2a: Manaphy|Manaphy, shiny|100\/100\n|turn|26\n|j| ionic desert\n|l| ionic desert\n|\n|t:|1699858754\n|move|p1a: Ogerpon|Knock Off|p2a: Manaphy\n|-crit|p2a: Manaphy\n|-damage|p2a: Manaphy|54\/100\n|-enditem|p2a: Manaphy|Leftovers|[from] move: Knock Off|[of] p1a: Ogerpon\n|move|p2a: Manaphy|Ice Beam|p1a: Ogerpon\n|-damage|p1a: Ogerpon|60\/100\n|\n|-heal|p1a: Ogerpon|66\/100|[from] Grassy Terrain\n|-heal|p2a: Manaphy|60\/100|[from] Grassy Terrain\n|upkeep\n|turn|27\n|\n|t:|1699858766\n|-terastallize|p1a: Ogerpon|Water\n|detailschange|p1a: Ogerpon|Ogerpon-Wellspring-Tera, F, tera:Water\n|-ability|p1a: Ogerpon|Embody Aspect (Wellspring)|boost\n|-boost|p1a: Ogerpon|spd|1\n|move|p1a: Ogerpon|Encore|p2a: Manaphy\n|-start|p2a: Manaphy|Encore\n|move|p2a: Manaphy|Ice Beam|p1a: Ogerpon\n|-resisted|p1a: Ogerpon\n|-damage|p1a: Ogerpon|55\/100\n|-status|p1a: Ogerpon|frz\n|\n|-heal|p1a: Ogerpon|61\/100 frz|[from] Grassy Terrain\n|-heal|p2a: Manaphy|66\/100|[from] Grassy Terrain\n|upkeep\n|turn|28\n|c|\u2606soccersniper|bro fucking hell\n|j| HD Ieawodes\n|c|\u2606soccersniper|gg\n|inactive|soccersniper has 120 seconds left.\n|j| ionic desert\n|\n|t:|1699858806\n|cant|p1a: Ogerpon|frz\n|move|p2a: Manaphy|Ice Beam|p1a: Ogerpon\n|-resisted|p1a: Ogerpon\n|-damage|p1a: Ogerpon|48\/100 frz\n|\n|-heal|p1a: Ogerpon|54\/100 frz|[from] Grassy Terrain\n|-heal|p2a: Manaphy|73\/100|[from] Grassy Terrain\n|-fieldend|move: Grassy Terrain\n|upkeep\n|turn|29\n|c|\u2606Princessu|idk you have enough time to thaw\n|\n|t:|1699858814\n|cant|p1a: Ogerpon|frz\n|move|p2a: Manaphy|Ice Beam|p1a: Ogerpon\n|-resisted|p1a: Ogerpon\n|-damage|p1a: Ogerpon|42\/100 frz\n|\n|-end|p2a: Manaphy|Encore\n|upkeep\n|turn|30\n|c|\u2606soccersniper|not with my luck\n|inactive|soccersniper has 120 seconds left.\n|\n|t:|1699858826\n|cant|p1a: Ogerpon|frz\n|move|p2a: Manaphy|Tail Glow|p2a: Manaphy\n|-boost|p2a: Manaphy|spa|3\n|\n|upkeep\n|turn|31\n|\n|t:|1699858829\n|cant|p1a: Ogerpon|frz\n|move|p2a: Manaphy|Stored Power|p1a: Ogerpon\n|-damage|p1a: Ogerpon|0 fnt\n|faint|p1a: Ogerpon\n|\n|win|Princessu\n|raw|soccersniper's rating: 1561 &rarr; <strong>1538<\/strong><br \/>(-23 for losing)\n|raw|Princessu's rating: 1511 &rarr; <strong>1534<\/strong><br \/>(+23 for winning)\n|l| cheese miestro\n|l| ionic desert\n|l|\u2606soccersniper\n","uploadtime":1699858872,"views":12,"p1id":"soccersniper","p2id":"princessu","formatid":"gen9ou","rating":1534,"private":0,"password":""}