{"id":"gen9ou-1993679727","p1":"julian113","p2":"Ordained","format":"[Gen 9] OU","log":"|j|\u2606julian113\n|j|\u2606Ordained\n|t:|1700344774\n|gametype|singles\n|player|p1|julian113|1|1575\n|player|p2|Ordained|ghetsis|1536\n|teamsize|p1|6\n|teamsize|p2|6\n|gen|9\n|tier|[Gen 9] OU\n|rated|\n|rule|Sleep Clause Mod: Limit one foe put to sleep\n|rule|Species Clause: Limit one of each Pok\u00e9mon\n|rule|OHKO Clause: OHKO moves are banned\n|rule|Evasion Items Clause: Evasion items are banned\n|rule|Evasion Moves Clause: Evasion moves are banned\n|rule|Endless Battle Clause: Forcing endless battles is banned\n|rule|HP Percentage Mod: HP is shown in percentages\n|clearpoke\n|poke|p1|Mamoswine, M|\n|poke|p1|Dragapult, F|\n|poke|p1|Meowscarada, M|\n|poke|p1|Clefable, F|\n|poke|p1|Corviknight, F|\n|poke|p1|Heatran, M|\n|poke|p2|Gholdengo|\n|poke|p2|Dragapult, F|\n|poke|p2|Rillaboom, F|\n|poke|p2|Sneasler, F|\n|poke|p2|Iron Valiant|\n|poke|p2|Kingambit, F|\n|teampreview\n|inactive|Battle timer is ON: inactive players will automatically lose when time's up. (requested by Ordained)\n|j| kuhihuihihhuhi\n|\n|t:|1700344791\n|start\n|switch|p1a: Meowscarada|Meowscarada, M|100\/100\n|switch|p2a: Dragapult|Dragapult, F|100\/100\n|turn|1\n|\n|t:|1700344796\n|move|p1a: Meowscarada|Knock Off|p2a: Dragapult\n|-start|p1a: Meowscarada|typechange|Dark|[from] ability: Protean\n|-supereffective|p2a: Dragapult\n|-damage|p2a: Dragapult|0 fnt\n|-enditem|p2a: Dragapult|Light Clay|[from] move: Knock Off|[of] p1a: Meowscarada\n|faint|p2a: Dragapult\n|\n|upkeep\n|\n|t:|1700344808\n|switch|p2a: Rillaboom|Rillaboom, F|100\/100\n|-fieldstart|move: Grassy Terrain|[from] ability: Grassy Surge|[of] p2a: Rillaboom\n|turn|2\n|\n|t:|1700344813\n|switch|p1a: Corviknight|Corviknight, F|100\/100\n|-ability|p1a: Corviknight|Pressure\n|move|p2a: Rillaboom|U-turn|p1a: Corviknight\n|-resisted|p1a: Corviknight\n|-crit|p1a: Corviknight\n|-damage|p1a: Corviknight|92\/100\n|-damage|p2a: Rillaboom|84\/100|[from] item: Rocky Helmet|[of] p1a: Corviknight\n|\n|t:|1700344820\n|switch|p2a: Gholdengo|Gholdengo|100\/100|[from] U-turn\n|\n|upkeep\n|turn|3\n|\n|t:|1700344827\n|switch|p1a: Heatran|Heatran, M|100\/100\n|move|p2a: Gholdengo|Substitute|p2a: Gholdengo\n|-start|p2a: Gholdengo|Substitute\n|-damage|p2a: Gholdengo|75\/100\n|\n|-heal|p2a: Gholdengo|82\/100|[from] Grassy Terrain\n|upkeep\n|turn|4\n|\n|t:|1700344831\n|move|p2a: Gholdengo|Focus Blast|p1a: Heatran\n|-supereffective|p1a: Heatran\n|-damage|p1a: Heatran|52\/100\n|move|p1a: Heatran|Earth Power|p2a: Gholdengo\n|-supereffective|p2a: Gholdengo\n|-end|p2a: Gholdengo|Substitute\n|\n|-heal|p2a: Gholdengo|88\/100|[from] Grassy Terrain\n|-heal|p1a: Heatran|58\/100|[from] Grassy Terrain\n|-heal|p1a: Heatran|64\/100|[from] item: Leftovers\n|upkeep\n|turn|5\n|\n|t:|1700344840\n|move|p2a: Gholdengo|Focus Blast|p1a: Heatran\n|-supereffective|p1a: Heatran\n|-damage|p1a: Heatran|15\/100\n|move|p1a: Heatran|Magma Storm|p2a: Gholdengo\n|-supereffective|p2a: Gholdengo\n|-damage|p2a: Gholdengo|0 fnt\n|faint|p2a: Gholdengo\n|\n|-heal|p1a: Heatran|21\/100|[from] Grassy Terrain\n|-heal|p1a: Heatran|27\/100|[from] item: Leftovers\n|upkeep\n|\n|t:|1700344866\n|switch|p2a: Sneasler|Sneasler, F|100\/100\n|-enditem|p2a: Sneasler|Grassy Seed\n|-boost|p2a: Sneasler|def|1|[from] item: Grassy Seed\n|turn|6\n|\n|t:|1700344874\n|move|p2a: Sneasler|Swords Dance|p2a: Sneasler\n|-boost|p2a: Sneasler|atk|2\n|move|p1a: Heatran|Earth Power|p2a: Sneasler\n|-supereffective|p2a: Sneasler\n|-damage|p2a: Sneasler|42\/100\n|\n|-heal|p2a: Sneasler|49\/100|[from] Grassy Terrain\n|-heal|p1a: Heatran|34\/100|[from] Grassy Terrain\n|-heal|p1a: Heatran|40\/100|[from] item: Leftovers\n|-fieldend|move: Grassy Terrain\n|upkeep\n|turn|7\n|\n|t:|1700344880\n|move|p2a: Sneasler|Low Kick|p1a: Heatran\n|-supereffective|p1a: Heatran\n|-damage|p1a: Heatran|0 fnt\n|faint|p1a: Heatran\n|\n|upkeep\n|\n|t:|1700344883\n|switch|p1a: Corviknight|Corviknight, F|92\/100\n|-ability|p1a: Corviknight|Pressure\n|turn|8\n|\n|t:|1700344897\n|-terastallize|p2a: Sneasler|Dark\n|move|p2a: Sneasler|Low Kick|p1a: Corviknight\n|-damage|p1a: Corviknight|35\/100\n|-damage|p2a: Sneasler|32\/100|[from] item: Rocky Helmet|[of] p1a: Corviknight\n|move|p1a: Corviknight|Brave Bird|p2a: Sneasler\n|-damage|p2a: Sneasler|0 fnt\n|faint|p2a: Sneasler\n|-damage|p1a: Corviknight|26\/100|[from] Recoil\n|\n|upkeep\n|\n|t:|1700344909\n|switch|p2a: Iron Valiant|Iron Valiant|100\/100\n|-enditem|p2a: Iron Valiant|Booster Energy\n|-activate|p2a: Iron Valiant|ability: Quark Drive|[fromitem]\n|-start|p2a: Iron Valiant|quarkdrivespe\n|turn|9\n|\n|t:|1700344915\n|move|p2a: Iron Valiant|Moonblast|p1a: Corviknight\n|-resisted|p1a: Corviknight\n|-damage|p1a: Corviknight|2\/100\n|-unboost|p1a: Corviknight|spa|1\n|move|p1a: Corviknight|Brave Bird|p2a: Iron Valiant\n|-supereffective|p2a: Iron Valiant\n|-damage|p2a: Iron Valiant|1\/100\n|-damage|p1a: Corviknight|0 fnt|[from] Recoil\n|faint|p1a: Corviknight\n|\n|upkeep\n|\n|t:|1700344924\n|switch|p1a: Mamoswine|Mamoswine, M|100\/100\n|turn|10\n|\n|t:|1700344929\n|move|p1a: Mamoswine|Ice Shard|p2a: Iron Valiant\n|-damage|p2a: Iron Valiant|0 fnt\n|faint|p2a: Iron Valiant\n|-end|p2a: Iron Valiant|Quark Drive|[silent]\n|\n|upkeep\n|\n|t:|1700344931\n|switch|p2a: Rillaboom|Rillaboom, F|84\/100\n|-fieldstart|move: Grassy Terrain|[from] ability: Grassy Surge|[of] p2a: Rillaboom\n|turn|11\n|\n|t:|1700344943\n|switch|p1a: Clefable|Clefable, F|100\/100\n|move|p2a: Rillaboom|U-turn|p1a: Clefable\n|-resisted|p1a: Clefable\n|-damage|p1a: Clefable|81\/100\n|\n|t:|1700344946\n|switch|p2a: Kingambit|Kingambit, F|100\/100|[from] U-turn\n|-activate|p2a: Kingambit|ability: Supreme Overlord\n|-start|p2a: Kingambit|fallen4|[silent]\n|\n|-heal|p1a: Clefable|87\/100|[from] Grassy Terrain\n|-heal|p1a: Clefable|93\/100|[from] item: Leftovers\n|upkeep\n|turn|12\n|\n|t:|1700344954\n|move|p1a: Clefable|Thunder Wave|p2a: Kingambit|[miss]\n|-miss|p1a: Clefable|p2a: Kingambit\n|move|p2a: Kingambit|Iron Head|p1a: Clefable\n|-supereffective|p1a: Clefable\n|-damage|p1a: Clefable|0 fnt\n|faint|p1a: Clefable\n|\n|upkeep\n|\n|t:|1700344958\n|switch|p1a: Mamoswine|Mamoswine, M|100\/100\n|turn|13\n|\n|t:|1700344964\n|-end|p2a: Kingambit|fallen4|[silent]\n|switch|p2a: Rillaboom|Rillaboom, F|84\/100\n|move|p1a: Mamoswine|Earthquake|p2a: Rillaboom\n|-resisted|p2a: Rillaboom\n|-damage|p2a: Rillaboom|68\/100\n|\n|-heal|p2a: Rillaboom|74\/100|[from] Grassy Terrain\n|upkeep\n|turn|14\n|\n|t:|1700344973\n|-terastallize|p1a: Mamoswine|Ice\n|move|p2a: Rillaboom|Grassy Glide|p1a: Mamoswine\n|-crit|p1a: Mamoswine\n|-damage|p1a: Mamoswine|7\/100\n|move|p1a: Mamoswine|Icicle Spear|p2a: Rillaboom\n|-supereffective|p2a: Rillaboom\n|-damage|p2a: Rillaboom|30\/100\n|-supereffective|p2a: Rillaboom\n|-damage|p2a: Rillaboom|0 fnt\n|faint|p2a: Rillaboom\n|-hitcount|p2: Rillaboom|2\n|\n|-heal|p1a: Mamoswine|13\/100|[from] Grassy Terrain\n|upkeep\n|\n|t:|1700344976\n|switch|p2a: Kingambit|Kingambit, F|100\/100\n|-activate|p2a: Kingambit|ability: Supreme Overlord\n|-start|p2a: Kingambit|fallen5|[silent]\n|turn|15\n|\n|t:|1700344986\n|move|p2a: Kingambit|Sucker Punch|p1a: Mamoswine\n|-damage|p1a: Mamoswine|0 fnt\n|faint|p1a: Mamoswine\n|\n|-fieldend|move: Grassy Terrain\n|upkeep\n|\n|t:|1700344989\n|switch|p1a: Meowscarada|Meowscarada, M|100\/100\n|turn|16\n|\n|t:|1700344992\n|move|p1a: Meowscarada|Low Kick|p2a: Kingambit\n|-start|p1a: Meowscarada|typechange|Fighting|[from] ability: Protean\n|-supereffective|p2a: Kingambit\n|-damage|p2a: Kingambit|0 fnt\n|faint|p2a: Kingambit\n|-end|p2a: Kingambit|fallen5|[silent]\n|\n|win|julian113\n|raw|julian113's rating: 1575 &rarr; <strong>1593<\/strong><br \/>(+18 for winning)\n|raw|Ordained's rating: 1536 &rarr; <strong>1518<\/strong><br \/>(-18 for losing)\n|l|\u2606Ordained\n|c|\u2606julian113|gg\n|l|\u2606julian113\n","uploadtime":1700345004,"views":13,"p1id":"julian113","p2id":"ordained","formatid":"gen9ou","rating":1518,"private":0,"password":""}