{"id":"gen9ou-1994118044","p1":"Dickenz","p2":"mangolol","format":"[Gen 9] OU","log":"|j|\u2606Dickenz\n|j|\u2606mangolol\n|t:|1700409004\n|gametype|singles\n|player|p1|Dickenz|acetrainerf-gen4|1425\n|player|p2|mangolol|adaman|1328\n|teamsize|p1|6\n|teamsize|p2|6\n|gen|9\n|tier|[Gen 9] OU\n|rated|\n|rule|Sleep Clause Mod: Limit one foe put to sleep\n|rule|Species Clause: Limit one of each Pok\u00e9mon\n|rule|OHKO Clause: OHKO moves are banned\n|rule|Evasion Items Clause: Evasion items are banned\n|rule|Evasion Moves Clause: Evasion moves are banned\n|rule|Endless Battle Clause: Forcing endless battles is banned\n|rule|HP Percentage Mod: HP is shown in percentages\n|clearpoke\n|poke|p1|Sneasler, M|\n|poke|p1|Corviknight, M|\n|poke|p1|Great Tusk|\n|poke|p1|Dragapult, F|\n|poke|p1|Slowking-Galar, M|\n|poke|p1|Tyranitar, M|\n|poke|p2|Ribombee, M|\n|poke|p2|Samurott-Hisui, M|\n|poke|p2|Ninetales-Alola, M|\n|poke|p2|Rillaboom, F|\n|poke|p2|Sneasler, M|\n|poke|p2|Kingambit, F|\n|teampreview\n|inactive|Battle timer is ON: inactive players will automatically lose when time's up. (requested by Dickenz)\n|\n|t:|1700409010\n|start\n|switch|p1a: Slowking|Slowking-Galar, M|100\/100\n|switch|p2a: more usg thn lando|Ribombee, M|100\/100\n|turn|1\n|\n|t:|1700409018\n|move|p2a: more usg thn lando|Stun Spore|p1a: Slowking|[miss]\n|-miss|p2a: more usg thn lando|p1a: Slowking\n|move|p1a: Slowking|Sludge Bomb|p2a: more usg thn lando\n|-supereffective|p2a: more usg thn lando\n|-enditem|p2a: more usg thn lando|Focus Sash\n|-damage|p2a: more usg thn lando|1\/100\n|\n|upkeep\n|turn|2\n|\n|t:|1700409040\n|move|p2a: more usg thn lando|Sticky Web|p1a: Slowking\n|-sidestart|p1: Dickenz|move: Sticky Web\n|move|p1a: Slowking|Sludge Bomb|p2a: more usg thn lando\n|-supereffective|p2a: more usg thn lando\n|-damage|p2a: more usg thn lando|0 fnt\n|faint|p2a: more usg thn lando\n|\n|upkeep\n|c|\u2606mangolol|some guy i faced two games ago kinda got mad at me because my team was a lil braindead\n|c|\u2606mangolol|hes not wrong but it was funny\n|\n|t:|1700409056\n|switch|p2a: GOAT|Samurott-Hisui, M|100\/100\n|turn|3\n|\n|t:|1700409069\n|switch|p1a: Sneasler|Sneasler, M|100\/100\n|-activate|p1a: Sneasler|move: Sticky Web\n|-unboost|p1a: Sneasler|spe|1\n|move|p2a: GOAT|Ceaseless Edge|p1a: Sneasler\n|-resisted|p1a: Sneasler\n|-damage|p1a: Sneasler|63\/100\n|-sidestart|p1: Dickenz|Spikes\n|\n|upkeep\n|turn|4\n|\n|t:|1700409076\n|move|p2a: GOAT|Ceaseless Edge|p1a: Sneasler\n|-resisted|p1a: Sneasler\n|-damage|p1a: Sneasler|25\/100\n|-sidestart|p1: Dickenz|Spikes\n|move|p1a: Sneasler|U-turn|p2a: GOAT\n|-supereffective|p2a: GOAT\n|-damage|p2a: GOAT|39\/100\n|\n|t:|1700409083\n|switch|p1a: Corviknight|Corviknight, M|100\/100|[from] U-turn\n|-ability|p1a: Corviknight|Pressure\n|\n|upkeep\n|turn|5\n|\n|t:|1700409086\n|move|p2a: GOAT|Ceaseless Edge|p1a: Corviknight\n|-damage|p1a: Corviknight|73\/100\n|-sidestart|p1: Dickenz|Spikes\n|move|p1a: Corviknight|U-turn|p2a: GOAT\n|-supereffective|p2a: GOAT\n|-damage|p2a: GOAT|2\/100\n|\n|t:|1700409093\n|switch|p1a: Great Tusk|Great Tusk|100\/100|[from] U-turn\n|-activate|p1a: Great Tusk|move: Sticky Web\n|-unboost|p1a: Great Tusk|spe|1\n|-damage|p1a: Great Tusk|76\/100|[from] Spikes\n|\n|-heal|p1a: Great Tusk|82\/100|[from] item: Leftovers\n|upkeep\n|turn|6\n|\n|t:|1700409097\n|switch|p2a: the antichrist|Ninetales-Alola, M|100\/100\n|-weather|Snow|[from] ability: Snow Warning|[of] p2a: the antichrist\n|move|p1a: Great Tusk|Rapid Spin|p2a: the antichrist\n|-damage|p2a: the antichrist|87\/100\n|-boost|p1a: Great Tusk|spe|1\n|-sideend|p1: Dickenz|Spikes|[from] move: Rapid Spin|[of] p1a: Great Tusk\n|-sideend|p1: Dickenz|Sticky Web|[from] move: Rapid Spin|[of] p1a: Great Tusk\n|\n|-weather|Snow|[upkeep]\n|-heal|p1a: Great Tusk|88\/100|[from] item: Leftovers\n|upkeep\n|turn|7\n|\n|t:|1700409104\n|-end|p1a: Great Tusk|Protosynthesis|[silent]\n|switch|p1a: Tyranitar|Tyranitar, M|100\/100\n|-weather|Sandstorm|[from] ability: Sand Stream|[of] p1a: Tyranitar\n|move|p2a: the antichrist|Moonblast|p1a: Tyranitar\n|-supereffective|p1a: Tyranitar\n|-damage|p1a: Tyranitar|79\/100\n|-unboost|p1a: Tyranitar|spa|1\n|\n|-weather|Sandstorm|[upkeep]\n|-damage|p2a: the antichrist|81\/100|[from] Sandstorm\n|upkeep\n|turn|8\n|\n|t:|1700409116\n|switch|p2a: #DICKSOUT|Rillaboom, F|100\/100\n|-fieldstart|move: Grassy Terrain|[from] ability: Grassy Surge|[of] p2a: #DICKSOUT\n|move|p1a: Tyranitar|Knock Off|p2a: #DICKSOUT\n|-crit|p2a: #DICKSOUT\n|-damage|p2a: #DICKSOUT|24\/100\n|-enditem|p2a: #DICKSOUT|Choice Band|[from] move: Knock Off|[of] p1a: Tyranitar\n|\n|-weather|Sandstorm|[upkeep]\n|-damage|p2a: #DICKSOUT|18\/100|[from] Sandstorm\n|-heal|p2a: #DICKSOUT|24\/100|[from] Grassy Terrain\n|-heal|p1a: Tyranitar|85\/100|[from] Grassy Terrain\n|upkeep\n|turn|9\n|\n|t:|1700409126\n|switch|p1a: Corviknight|Corviknight, M|73\/100\n|-ability|p1a: Corviknight|Pressure\n|move|p2a: #DICKSOUT|U-turn|p1a: Corviknight\n|-resisted|p1a: Corviknight\n|-damage|p1a: Corviknight|69\/100\n|\n|t:|1700409130\n|switch|p2a: the antichrist|Ninetales-Alola, M|81\/100|[from] U-turn\n|-weather|Snow|[from] ability: Snow Warning|[of] p2a: the antichrist\n|\n|-weather|Snow|[upkeep]\n|-heal|p2a: the antichrist|87\/100|[from] Grassy Terrain\n|-heal|p1a: Corviknight|75\/100|[from] item: Leftovers\n|upkeep\n|turn|10\n|\n|t:|1700409136\n|switch|p1a: Tyranitar|Tyranitar, M|85\/100\n|-weather|Sandstorm|[from] ability: Sand Stream|[of] p1a: Tyranitar\n|move|p2a: the antichrist|Freeze-Dry|p1a: Tyranitar\n|-damage|p1a: Tyranitar|77\/100\n|\n|-weather|Sandstorm|[upkeep]\n|-damage|p2a: the antichrist|81\/100|[from] Sandstorm\n|-heal|p2a: the antichrist|87\/100|[from] Grassy Terrain\n|-heal|p1a: Tyranitar|83\/100|[from] Grassy Terrain\n|upkeep\n|turn|11\n|\n|t:|1700409149\n|switch|p2a: GOAT|Samurott-Hisui, M|2\/100\n|move|p1a: Tyranitar|Heavy Slam|p2a: GOAT\n|-resisted|p2a: GOAT\n|-damage|p2a: GOAT|0 fnt\n|faint|p2a: GOAT\n|\n|-weather|Sandstorm|[upkeep]\n|-heal|p1a: Tyranitar|90\/100|[from] Grassy Terrain\n|upkeep\n|\n|t:|1700409153\n|switch|p2a: featured shitmon|Kingambit, F|100\/100\n|-activate|p2a: featured shitmon|ability: Supreme Overlord\n|-start|p2a: featured shitmon|fallen2|[silent]\n|turn|12\n|\n|t:|1700409156\n|move|p1a: Tyranitar|Low Kick|p2a: featured shitmon\n|-supereffective|p2a: featured shitmon\n|-damage|p2a: featured shitmon|0 fnt\n|faint|p2a: featured shitmon\n|-end|p2a: featured shitmon|fallen2|[silent]\n|\n|-weather|Sandstorm|[upkeep]\n|-heal|p1a: Tyranitar|96\/100|[from] Grassy Terrain\n|-fieldend|move: Grassy Terrain\n|upkeep\n|\n|t:|1700409160\n|switch|p2a: #DICKSOUT|Rillaboom, F|24\/100\n|-fieldstart|move: Grassy Terrain|[from] ability: Grassy Surge|[of] p2a: #DICKSOUT\n|turn|13\n|\n|t:|1700409167\n|switch|p1a: Corviknight|Corviknight, M|75\/100\n|-ability|p1a: Corviknight|Pressure\n|move|p2a: #DICKSOUT|Wood Hammer|p1a: Corviknight\n|-resisted|p1a: Corviknight\n|-damage|p1a: Corviknight|62\/100\n|-damage|p2a: #DICKSOUT|19\/100|[from] Recoil\n|\n|-weather|Sandstorm|[upkeep]\n|-damage|p2a: #DICKSOUT|13\/100|[from] Sandstorm\n|-heal|p2a: #DICKSOUT|19\/100|[from] Grassy Terrain\n|-heal|p1a: Corviknight|68\/100|[from] item: Leftovers\n|upkeep\n|turn|14\n|\n|t:|1700409178\n|move|p2a: #DICKSOUT|Knock Off|p1a: Corviknight\n|-damage|p1a: Corviknight|46\/100\n|-enditem|p1a: Corviknight|Leftovers|[from] move: Knock Off|[of] p2a: #DICKSOUT\n|move|p1a: Corviknight|U-turn|p2a: #DICKSOUT\n|-supereffective|p2a: #DICKSOUT\n|-damage|p2a: #DICKSOUT|0 fnt\n|faint|p2a: #DICKSOUT\n|\n|t:|1700409203\n|switch|p1a: Sneasler|Sneasler, M|25\/100|[from] U-turn\n|\n|-weather|none\n|-heal|p1a: Sneasler|31\/100|[from] Grassy Terrain\n|upkeep\n|\n|t:|1700409206\n|switch|p2a: the antichrist|Ninetales-Alola, M|87\/100\n|-weather|Snow|[from] ability: Snow Warning|[of] p2a: the antichrist\n|turn|15\n|\n|t:|1700409210\n|move|p1a: Sneasler|U-turn|p2a: the antichrist\n|-resisted|p2a: the antichrist\n|-damage|p2a: the antichrist|74\/100\n|-status|p2a: the antichrist|psn|[from] ability: Poison Touch|[of] p1a: Sneasler\n|\n|t:|1700409213\n|switch|p1a: Tyranitar|Tyranitar, M|96\/100|[from] U-turn\n|-weather|Sandstorm|[from] ability: Sand Stream|[of] p1a: Tyranitar\n|move|p2a: the antichrist|Aurora Veil||[still]\n|-fail|p2a: the antichrist\n|\n|-weather|Sandstorm|[upkeep]\n|-damage|p2a: the antichrist|68\/100 psn|[from] Sandstorm\n|-heal|p2a: the antichrist|74\/100 psn|[from] Grassy Terrain\n|-heal|p1a: Tyranitar|100\/100|[from] Grassy Terrain\n|-damage|p2a: the antichrist|62\/100 psn|[from] psn\n|upkeep\n|turn|16\n|\n|t:|1700409224\n|move|p2a: the antichrist|Moonblast|p1a: Tyranitar\n|-supereffective|p1a: Tyranitar\n|-damage|p1a: Tyranitar|77\/100\n|move|p1a: Tyranitar|Heavy Slam|p2a: the antichrist\n|-supereffective|p2a: the antichrist\n|-damage|p2a: the antichrist|0 fnt\n|faint|p2a: the antichrist\n|\n|-weather|Sandstorm|[upkeep]\n|-heal|p1a: Tyranitar|83\/100|[from] Grassy Terrain\n|upkeep\n|\n|t:|1700409226\n|switch|p2a: LOL XD!!!!!!|Sneasler, M|100\/100\n|-enditem|p2a: LOL XD!!!!!!|Grassy Seed\n|-boost|p2a: LOL XD!!!!!!|def|1|[from] item: Grassy Seed\n|turn|17\n|\n|t:|1700409234\n|-terastallize|p2a: LOL XD!!!!!!|Flying\n|move|p2a: LOL XD!!!!!!|Swords Dance|p2a: LOL XD!!!!!!\n|-boost|p2a: LOL XD!!!!!!|atk|2\n|move|p1a: Tyranitar|Heavy Slam|p2a: LOL XD!!!!!!\n|-damage|p2a: LOL XD!!!!!!|69\/100\n|\n|-weather|Sandstorm|[upkeep]\n|-damage|p2a: LOL XD!!!!!!|63\/100|[from] Sandstorm\n|-heal|p1a: Tyranitar|89\/100|[from] Grassy Terrain\n|-fieldend|move: Grassy Terrain\n|upkeep\n|turn|18\n|\n|t:|1700409242\n|move|p2a: LOL XD!!!!!!|Close Combat|p1a: Tyranitar\n|-supereffective|p1a: Tyranitar\n|-damage|p1a: Tyranitar|0 fnt\n|-unboost|p2a: LOL XD!!!!!!|def|1\n|-unboost|p2a: LOL XD!!!!!!|spd|1\n|faint|p1a: Tyranitar\n|\n|-weather|Sandstorm|[upkeep]\n|-damage|p2a: LOL XD!!!!!!|57\/100|[from] Sandstorm\n|upkeep\n|\n|t:|1700409253\n|switch|p1a: Slowking|Slowking-Galar, M|100\/100\n|turn|19\n|\n|t:|1700409259\n|move|p2a: LOL XD!!!!!!|Acrobatics|p1a: Slowking\n|-damage|p1a: Slowking|0 fnt\n|faint|p1a: Slowking\n|\n|-weather|none\n|upkeep\n|\n|t:|1700409271\n|switch|p1a: Great Tusk|Great Tusk|88\/100\n|turn|20\n|\n|t:|1700409286\n|-terastallize|p1a: Great Tusk|Water\n|move|p2a: LOL XD!!!!!!|Acrobatics|p1a: Great Tusk\n|-damage|p1a: Great Tusk|27\/100\n|move|p1a: Great Tusk|Knock Off|p2a: LOL XD!!!!!!\n|-damage|p2a: LOL XD!!!!!!|25\/100\n|\n|-heal|p1a: Great Tusk|33\/100|[from] item: Leftovers\n|upkeep\n|turn|21\n|\n|t:|1700409296\n|move|p2a: LOL XD!!!!!!|Dire Claw|p1a: Great Tusk\n|-damage|p1a: Great Tusk|0 fnt\n|faint|p1a: Great Tusk\n|-end|p1a: Great Tusk|Protosynthesis|[silent]\n|\n|upkeep\n|\n|t:|1700409304\n|switch|p1a: Sneasler|Sneasler, M|31\/100\n|turn|22\n|\n|t:|1700409307\n|move|p2a: LOL XD!!!!!!|Acrobatics|p1a: Sneasler\n|-supereffective|p1a: Sneasler\n|-damage|p1a: Sneasler|0 fnt\n|faint|p1a: Sneasler\n|\n|upkeep\n|\n|t:|1700409316\n|switch|p1a: Corviknight|Corviknight, M|46\/100\n|-ability|p1a: Corviknight|Pressure\n|turn|23\n|\n|t:|1700409317\n|move|p2a: LOL XD!!!!!!|Close Combat|p1a: Corviknight\n|-damage|p1a: Corviknight|0 fnt\n|-unboost|p2a: LOL XD!!!!!!|def|1\n|-unboost|p2a: LOL XD!!!!!!|spd|1\n|faint|p1a: Corviknight\n|\n|upkeep\n|\n|t:|1700409320\n|switch|p1a: Dragapult|Dragapult, F|100\/100\n|turn|24\n|\n|t:|1700409323\n|move|p2a: LOL XD!!!!!!|Acrobatics|p1a: Dragapult\n|-damage|p1a: Dragapult|0 fnt\n|faint|p1a: Dragapult\n|\n|win|mangolol\n|raw|Dickenz's rating: 1425 &rarr; <strong>1400<\/strong><br \/>(-25 for losing)\n|raw|mangolol's rating: 1328 &rarr; <strong>1353<\/strong><br \/>(+25 for winning)\n|l|\u2606Dickenz\n","uploadtime":1700409327,"views":8,"p1id":"dickenz","p2id":"mangolol","formatid":"gen9ou","rating":1353,"private":0,"password":""}