{"id":"gen9ou-1992474551","p1":"BlisseyHasSpecsKEK","p2":"Rajastega23","format":"[Gen 9] OU","log":"|j|\u2606BlisseyHasSpecsKEK\n|j|\u2606Rajastega23\n|inactive|Battle timer is ON: inactive players will automatically lose when time's up.\n|t:|1700192075\n|gametype|singles\n|player|p1|BlisseyHasSpecsKEK|2|\n|player|p2|Rajastega23|2|\n|teamsize|p1|4\n|teamsize|p2|4\n|gen|9\n|tier|[Gen 9] OU\n|rated|Tournament battle\n|rule|Sleep Clause Mod: Limit one foe put to sleep\n|rule|Species Clause: Limit one of each Pok\u00e9mon\n|rule|OHKO Clause: OHKO moves are banned\n|rule|Evasion Items Clause: Evasion items are banned\n|rule|Evasion Moves Clause: Evasion moves are banned\n|rule|Endless Battle Clause: Forcing endless battles is banned\n|rule|HP Percentage Mod: HP is shown in percentages\n|clearpoke\n|poke|p1|Dunsparce, F|\n|poke|p1|Honchkrow, F|\n|poke|p1|Carkol, M|\n|poke|p1|Goodra-Hisui, M|\n|poke|p2|Dratini, F|\n|poke|p2|Vigoroth, F|\n|poke|p2|Kingambit, M|\n|poke|p2|Gardevoir, M|\n|teampreview\n|j|*Lady Monita \u2746\n|inactive|BlisseyHasSpecsKEK also wants the timer to be on.\n|j| kanishk0612d\n|j| DragonPhoenix333\n|c| DragonPhoenix333|is that a\n|c| DragonPhoenix333|kingambit!\n|j| ghiggin\n|c| kanishk0612d|no\n|l| ghiggin\n|inactive|BlisseyHasSpecsKEK has 120 seconds left.\n|c|\u2606BlisseyHasSpecsKEK|Look at my team :)\n|c|\u2606BlisseyHasSpecsKEK|I\u2019m fucked\n|\n|t:|1700192125\n|start\n|switch|p1a: Goodra|Goodra-Hisui, M|100\/100\n|switch|p2a: Vigoroth|Vigoroth, F|100\/100\n|turn|1\n|\n|t:|1700192132\n|move|p2a: Vigoroth|Bulk Up|p2a: Vigoroth\n|-boost|p2a: Vigoroth|atk|1\n|-boost|p2a: Vigoroth|def|1\n|move|p1a: Goodra|Draco Meteor|p2a: Vigoroth\n|-damage|p2a: Vigoroth|58\/100\n|-unboost|p1a: Goodra|spa|2\n|\n|upkeep\n|turn|2\n|c| kanishk0612d|lol\n|\n|t:|1700192140\n|switch|p1a: Honchkrow|Honchkrow, F|100\/100\n|move|p2a: Vigoroth|Slack Off|p2a: Vigoroth\n|-heal|p2a: Vigoroth|100\/100\n|\n|upkeep\n|turn|3\n|\n|t:|1700192145\n|move|p2a: Vigoroth|Body Slam|p1a: Honchkrow\n|-damage|p1a: Honchkrow|50\/100\n|move|p1a: Honchkrow|Night Slash|p2a: Vigoroth\n|-crit|p2a: Vigoroth\n|-damage|p2a: Vigoroth|54\/100\n|\n|upkeep\n|turn|4\n|\n|t:|1700192158\n|move|p1a: Honchkrow|Sucker Punch|p2a: Vigoroth\n|-crit|p2a: Vigoroth\n|-damage|p2a: Vigoroth|7\/100\n|move|p2a: Vigoroth|Body Slam|p1a: Honchkrow\n|-damage|p1a: Honchkrow|0 fnt\n|faint|p1a: Honchkrow\n|\n|upkeep\n|c| kanishk0612d|vigoroth sweeep?\n|\n|t:|1700192167\n|switch|p1a: Dunsparce|Dunsparce, F|100\/100\n|turn|5\n|j| CrusaderOfCalamity\n|\n|t:|1700192175\n|move|p2a: Vigoroth|Body Slam|p1a: Dunsparce\n|-damage|p1a: Dunsparce|83\/100\n|-status|p1a: Dunsparce|par\n|move|p1a: Dunsparce|Glare|p2a: Vigoroth\n|-status|p2a: Vigoroth|par\n|\n|upkeep\n|turn|6\n|\n|t:|1700192182\n|move|p2a: Vigoroth|Knock Off|p1a: Dunsparce\n|-damage|p1a: Dunsparce|70\/100 par\n|-enditem|p1a: Dunsparce|Eviolite|[from] move: Knock Off|[of] p2a: Vigoroth\n|cant|p1a: Dunsparce|par\n|\n|upkeep\n|turn|7\n|\n|t:|1700192187\n|cant|p2a: Vigoroth|par\n|move|p1a: Dunsparce|Headbutt|p2a: Vigoroth\n|-damage|p2a: Vigoroth|0 fnt\n|faint|p2a: Vigoroth\n|\n|upkeep\n|c| kanishk0612d|nvm\n|\n|t:|1700192199\n|switch|p2a: Dratini|Dratini, F|100\/100\n|turn|8\n|\n|t:|1700192214\n|move|p2a: Dratini|Outrage|p1a: Dunsparce\n|-crit|p1a: Dunsparce\n|-damage|p1a: Dunsparce|0 fnt\n|faint|p1a: Dunsparce\n|\n|upkeep\n|\n|t:|1700192219\n|switch|p1a: Carkol|Carkol, M|100\/100\n|turn|9\n|j| mf_salvador\n|\n|t:|1700192230\n|-terastallize|p1a: Carkol|Steel\n|move|p2a: Dratini|Outrage|p1a: Carkol|[from]lockedmove\n|-resisted|p1a: Carkol\n|-damage|p1a: Carkol|82\/100\n|move|p1a: Carkol|Iron Defense|p1a: Carkol\n|-boost|p1a: Carkol|def|2\n|\n|upkeep\n|turn|10\n|\n|t:|1700192236\n|move|p2a: Dratini|Outrage|p1a: Carkol|[from]lockedmove\n|-resisted|p1a: Carkol\n|-damage|p1a: Carkol|74\/100\n|-start|p2a: Dratini|confusion|[fatigue]\n|move|p1a: Carkol|Iron Defense|p1a: Carkol\n|-boost|p1a: Carkol|def|2\n|\n|upkeep\n|turn|11\n|c|\u2606BlisseyHasSpecsKEK|Let this set cook hold up\n|inactive|Rajastega23 has 120 seconds left.\n|c| mf_salvador|atta boy carkol\n|inactive|BlisseyHasSpecsKEK has 120 seconds left.\n|c|\u2606BlisseyHasSpecsKEK|Ik u wanna go to gard and click fire move\n|\n|t:|1700192295\n|move|p1a: Carkol|Iron Defense|p1a: Carkol\n|-boost|p1a: Carkol|def|2\n|-activate|p2a: Dratini|confusion\n|move|p2a: Dratini|Outrage|p1a: Carkol\n|-resisted|p1a: Carkol\n|-crit|p1a: Carkol\n|-damage|p1a: Carkol|48\/100\n|\n|upkeep\n|turn|12\n|c|\u2606Rajastega23|Uuuh\n|c|\u2606Rajastega23|mayhaps\n|\n|t:|1700192307\n|-activate|p2a: Dratini|confusion\n|-damage|p2a: Dratini|77\/100|[from] confusion\n|move|p1a: Carkol|Rest|p1a: Carkol\n|-status|p1a: Carkol|slp|[from] move: Rest\n|-heal|p1a: Carkol|100\/100 slp|[silent]\n|\n|upkeep\n|turn|13\n|\n|t:|1700192314\n|cant|p1a: Carkol|slp\n|-activate|p2a: Dratini|confusion\n|move|p2a: Dratini|Outrage|p1a: Carkol\n|-resisted|p1a: Carkol\n|-damage|p1a: Carkol|96\/100 slp\n|\n|upkeep\n|turn|14\n|inactive|BlisseyHasSpecsKEK has 120 seconds left.\n|\n|t:|1700192321\n|-end|p2a: Dratini|confusion\n|move|p2a: Dratini|Outrage|p1a: Carkol|[from]lockedmove\n|-resisted|p1a: Carkol\n|-damage|p1a: Carkol|92\/100 slp\n|cant|p1a: Carkol|slp\n|\n|upkeep\n|turn|15\n|\n|t:|1700192327\n|move|p2a: Dratini|Outrage|p1a: Carkol|[from]lockedmove\n|-resisted|p1a: Carkol\n|-damage|p1a: Carkol|88\/100 slp\n|-start|p2a: Dratini|confusion|[fatigue]\n|-curestatus|p1a: Carkol|slp|[msg]\n|move|p1a: Carkol|Body Press|p2a: Dratini\n|-damage|p2a: Dratini|0 fnt\n|faint|p2a: Dratini\n|\n|upkeep\n|\n|t:|1700192330\n|switch|p2a: Gardevoir|Gardevoir, M|100\/100\n|-ability|p2a: Gardevoir|Flash Fire|[from] ability: Trace|[of] p1a: Carkol\n|turn|16\n|c| CrusaderOfCalamity|fishing\n|\n|t:|1700192333\n|move|p2a: Gardevoir|Trick|p1a: Carkol\n|-activate|p2a: Gardevoir|move: Trick|[of] p1a: Carkol\n|-item|p1a: Carkol|Choice Scarf|[from] move: Trick\n|-item|p2a: Gardevoir|Eviolite|[from] move: Trick\n|move|p1a: Carkol|Body Press|p2a: Gardevoir\n|-resisted|p2a: Gardevoir\n|-damage|p2a: Gardevoir|63\/100\n|\n|upkeep\n|turn|17\n|c| DragonPhoenix333|noooo the scarf\n|c| DragonPhoenix333|joever\n|c| kanishk0612d|ohhhhhhhhhhhhhhhhhhhhhhhhhhhhhhh\n|\n|t:|1700192354\n|move|p2a: Gardevoir|Psychic|p1a: Carkol\n|-resisted|p1a: Carkol\n|-damage|p1a: Carkol|63\/100\n|move|p1a: Carkol|Body Press|p2a: Gardevoir\n|-resisted|p2a: Gardevoir\n|-damage|p2a: Gardevoir|24\/100\n|\n|upkeep\n|turn|18\n|\n|t:|1700192359\n|move|p2a: Gardevoir|Psychic|p1a: Carkol\n|-resisted|p1a: Carkol\n|-damage|p1a: Carkol|38\/100\n|move|p1a: Carkol|Body Press|p2a: Gardevoir\n|-resisted|p2a: Gardevoir\n|-damage|p2a: Gardevoir|0 fnt\n|faint|p2a: Gardevoir\n|\n|upkeep\n|c| mf_salvador|never back down never what\n|c| mf_salvador|I SAID NEVER BACK DOWN NEVER WHAT\n|inactive|Rajastega23 has 120 seconds left.\n|\n|t:|1700192386\n|switch|p2a: Kingambit|Kingambit, M|100\/100\n|-activate|p2a: Kingambit|ability: Supreme Overlord\n|-start|p2a: Kingambit|fallen3|[silent]\n|turn|19\n|c|\u2606BlisseyHasSpecsKEK|Gambit surely doesn\u2019t kill goodra with sucker punch right\n|\n|t:|1700192395\n|-terastallize|p2a: Kingambit|Flying\n|move|p1a: Carkol|Body Press|p2a: Kingambit\n|-resisted|p2a: Kingambit\n|-damage|p2a: Kingambit|66\/100\n|move|p2a: Kingambit|Swords Dance|p2a: Kingambit\n|-boost|p2a: Kingambit|atk|2\n|\n|upkeep\n|turn|20\n|\n|t:|1700192404\n|move|p1a: Carkol|Body Press|p2a: Kingambit\n|-resisted|p2a: Kingambit\n|-damage|p2a: Kingambit|31\/100\n|move|p2a: Kingambit|Swords Dance|p2a: Kingambit\n|-boost|p2a: Kingambit|atk|2\n|\n|upkeep\n|turn|21\n|c| kanishk0612d|ohhhhhhhhhhhhhhhhhhhhhhhhhhhhhhhhhhhhh\n|c| mf_salvador|0_0\n|c|\u2606BlisseyHasSpecsKEK|Nvm it does now\n|c| kanishk0612d|greed\n|\n|t:|1700192421\n|move|p2a: Kingambit|Sucker Punch|p1a: Carkol\n|-damage|p1a: Carkol|3\/100\n|move|p1a: Carkol|Body Press|p2a: Kingambit\n|-resisted|p2a: Kingambit\n|-damage|p2a: Kingambit|0 fnt\n|faint|p2a: Kingambit\n|-end|p2a: Kingambit|fallen3|[silent]\n|\n|win|BlisseyHasSpecsKEK\n|n|\u2606BlisseyHasSpecsKEK|blisseyhasspecskek\n|n|\u2606Rajastega23|rajastega23\n|n|*Lady Monita \u2746|ladymonita\n|n| kanishk0612d|kanishk0612d\n|n| DragonPhoenix333|dragonphoenix333\n|n| CrusaderOfCalamity|crusaderofcalamity\n|n| mf_salvador|mfsalvador\n","uploadtime":1700192422,"views":7,"p1id":"blisseyhasspecskek","p2id":"rajastega23","formatid":"gen9ou","rating":0,"private":0,"password":""}