{"id":"gen9ou-1993061895","p1":"seedonpokemon","p2":"Joshe444","format":"[Gen 9] OU","log":"|j|\u2606seedonpokemon\n|j|\u2606Joshe444\n|t:|1700260475\n|gametype|singles\n|player|p1|seedonpokemon|giacomo|1573\n|player|p2|Joshe444|grimsley-masters|1655\n|teamsize|p1|6\n|teamsize|p2|6\n|gen|9\n|tier|[Gen 9] OU\n|rated|\n|rule|Sleep Clause Mod: Limit one foe put to sleep\n|rule|Species Clause: Limit one of each Pok\u00e9mon\n|rule|OHKO Clause: OHKO moves are banned\n|rule|Evasion Items Clause: Evasion items are banned\n|rule|Evasion Moves Clause: Evasion moves are banned\n|rule|Endless Battle Clause: Forcing endless battles is banned\n|rule|HP Percentage Mod: HP is shown in percentages\n|clearpoke\n|poke|p1|Rillaboom, F|\n|poke|p1|Cinderace, F|\n|poke|p1|Iron Valiant|\n|poke|p1|Sneasler, F|\n|poke|p1|Garganacl, F|\n|poke|p1|Hatterene, F|\n|poke|p2|Glimmora, F|\n|poke|p2|Meowscarada, F|\n|poke|p2|Iron Moth|\n|poke|p2|Garganacl, M|\n|poke|p2|Gholdengo|\n|poke|p2|Kingambit, M|\n|teampreview\n|inactive|Battle timer is ON: inactive players will automatically lose when time's up. (requested by seedonpokemon)\n|\n|t:|1700260505\n|start\n|switch|p1a: Garganacl|Garganacl, F|100\/100\n|switch|p2a: Mike|Meowscarada, F|100\/100\n|turn|1\n|\n|t:|1700260515\n|switch|p1a: Cinderace|Cinderace, F|100\/100\n|move|p2a: Mike|Flower Trick|p1a: Cinderace\n|-start|p2a: Mike|typechange|Grass|[from] ability: Protean\n|-resisted|p1a: Cinderace\n|-crit|p1a: Cinderace\n|-damage|p1a: Cinderace|70\/100\n|\n|upkeep\n|turn|2\n|\n|t:|1700260523\n|switch|p2a: ! Mini Boss !|Glimmora, F|100\/100\n|move|p1a: Cinderace|U-turn|p2a: ! Mini Boss !\n|-resisted|p2a: ! Mini Boss !\n|-damage|p2a: ! Mini Boss !|90\/100\n|-activate|p2a: ! Mini Boss !|ability: Toxic Debris\n|-sidestart|p1: seedonpokemon|move: Toxic Spikes\n|\n|t:|1700260529\n|switch|p1a: Sneasler|Sneasler, F|100\/100|[from] U-turn\n|-sideend|p1: seedonpokemon|move: Toxic Spikes|[of] p1a: Sneasler\n|\n|upkeep\n|turn|3\n|\n|t:|1700260542\n|switch|p1a: Hatterene|Hatterene, F|100\/100\n|move|p2a: ! Mini Boss !|Earth Power|p1a: Hatterene\n|-damage|p1a: Hatterene|65\/100\n|\n|upkeep\n|turn|4\n|\n|t:|1700260556\n|switch|p1a: Garganacl|Garganacl, F|100\/100\n|move|p2a: ! Mini Boss !|Mortal Spin|p1a: Garganacl\n|-resisted|p1a: Garganacl\n|-damage|p1a: Garganacl|99\/100\n|\n|-heal|p1a: Garganacl|100\/100|[from] item: Leftovers\n|upkeep\n|turn|5\n|\n|t:|1700260565\n|move|p2a: ! Mini Boss !|Stealth Rock|p1a: Garganacl\n|-sidestart|p1: seedonpokemon|move: Stealth Rock\n|move|p1a: Garganacl|Salt Cure|p2a: ! Mini Boss !\n|-damage|p2a: ! Mini Boss !|74\/100\n|-start|p2a: ! Mini Boss !|Salt Cure\n|-activate|p2a: ! Mini Boss !|ability: Toxic Debris\n|-sidestart|p1: seedonpokemon|move: Toxic Spikes\n|\n|-damage|p2a: ! Mini Boss !|61\/100|[from] Salt Cure\n|upkeep\n|turn|6\n|\n|t:|1700260572\n|move|p2a: ! Mini Boss !|Earth Power|p1a: Garganacl\n|-supereffective|p1a: Garganacl\n|-damage|p1a: Garganacl|48\/100\n|move|p1a: Garganacl|Iron Defense|p1a: Garganacl\n|-boost|p1a: Garganacl|def|2\n|\n|-heal|p1a: Garganacl|54\/100|[from] item: Leftovers\n|-damage|p2a: ! Mini Boss !|49\/100|[from] Salt Cure\n|upkeep\n|turn|7\n|\n|t:|1700260576\n|move|p2a: ! Mini Boss !|Earth Power|p1a: Garganacl\n|-supereffective|p1a: Garganacl\n|-damage|p1a: Garganacl|0 fnt\n|faint|p1a: Garganacl\n|\n|-damage|p2a: ! Mini Boss !|37\/100|[from] Salt Cure\n|upkeep\n|\n|t:|1700260582\n|switch|p1a: Cinderace|Cinderace, F|70\/100\n|turn|8\n|\n|t:|1700260586\n|move|p1a: Cinderace|Court Change|p1a: Cinderace\n|-swapsideconditions\n|-activate|p1a: Cinderace|move: Court Change\n|move|p2a: ! Mini Boss !|Stealth Rock|p1a: Cinderace\n|-sidestart|p1: seedonpokemon|move: Stealth Rock\n|\n|-damage|p2a: ! Mini Boss !|24\/100|[from] Salt Cure\n|upkeep\n|turn|9\n|c|\u2606seedonpokemon|sometimes\n|c|\u2606seedonpokemon|rocks\n|c|\u2606seedonpokemon|aree bad\n|c|\u2606seedonpokemon|so dont do them\n|c|\u2606seedonpokemon|okay\n|c|\u2606seedonpokemon|ok\n|c|\u2606seedonpokemon|:)\n|c|\u2606Joshe444|Ok :)\n|\n|t:|1700260611\n|switch|p1a: Rillaboom|Rillaboom, F|100\/100\n|-damage|p1a: Rillaboom|88\/100|[from] Stealth Rock\n|-fieldstart|move: Grassy Terrain|[from] ability: Grassy Surge|[of] p1a: Rillaboom\n|move|p2a: ! Mini Boss !|Mortal Spin|p1a: Rillaboom\n|-supereffective|p1a: Rillaboom\n|-damage|p1a: Rillaboom|76\/100\n|-status|p1a: Rillaboom|psn\n|-sideend|p2: Joshe444|Toxic Spikes|[from] move: Mortal Spin|[of] p2a: ! Mini Boss !\n|-sideend|p2: Joshe444|Stealth Rock|[from] move: Mortal Spin|[of] p2a: ! Mini Boss !\n|\n|-heal|p2a: ! Mini Boss !|30\/100|[from] Grassy Terrain\n|-heal|p1a: Rillaboom|82\/100 psn|[from] Grassy Terrain\n|-damage|p1a: Rillaboom|70\/100 psn|[from] psn\n|-damage|p2a: ! Mini Boss !|18\/100|[from] Salt Cure\n|upkeep\n|turn|10\n|-message|seedonpokemon forfeited.\n|\n|win|Joshe444\n|raw|seedonpokemon's rating: 1573 &rarr; <strong>1558<\/strong><br \/>(-15 for losing)\n|raw|Joshe444's rating: 1655 &rarr; <strong>1670<\/strong><br \/>(+15 for winning)\n|l|\u2606seedonpokemon\n","uploadtime":1700260833,"views":12,"p1id":"seedonpokemon","p2id":"joshe444","formatid":"gen9ou","rating":1558,"private":0,"password":""}