{"id":"gen9ou-1995191688","p1":"TheZalmancer","p2":"Sum1stolemytoast","format":"[Gen 9] OU","log":"|j|\u2606TheZalmancer\n|j|\u2606Sum1stolemytoast\n|t:|1700532875\n|gametype|singles\n|player|p1|TheZalmancer|skyla|1369\n|player|p2|Sum1stolemytoast|grimsley|1302\n|teamsize|p1|6\n|teamsize|p2|6\n|gen|9\n|tier|[Gen 9] OU\n|rated|\n|rule|Sleep Clause Mod: Limit one foe put to sleep\n|rule|Species Clause: Limit one of each Pok\u00e9mon\n|rule|OHKO Clause: OHKO moves are banned\n|rule|Evasion Items Clause: Evasion items are banned\n|rule|Evasion Moves Clause: Evasion moves are banned\n|rule|Endless Battle Clause: Forcing endless battles is banned\n|rule|HP Percentage Mod: HP is shown in percentages\n|clearpoke\n|poke|p1|Ogerpon-Wellspring, F|\n|poke|p1|Ninetales-Alola, F|\n|poke|p1|Corviknight, F|\n|poke|p1|Slowking-Galar, M|\n|poke|p1|Hydreigon, F|\n|poke|p1|Zamazenta-*|\n|poke|p2|Lilligant-Hisui, F|\n|poke|p2|Torkoal, M|\n|poke|p2|Walking Wake|\n|poke|p2|Ceruledge, M|\n|poke|p2|Kingambit, M|\n|poke|p2|Enamorus, F|\n|teampreview\n|inactive|Battle timer is ON: inactive players will automatically lose when time's up. (requested by Sum1stolemytoast)\n|\n|t:|1700532880\n|start\n|switch|p1a: Hydreigon|Hydreigon, F|100\/100\n|switch|p2a: One Piece|Kingambit, M|100\/100\n|turn|1\n|\n|t:|1700532888\n|-end|p2a: One Piece|fallenundefined|[silent]\n|switch|p2a: Mine turtle|Torkoal, M|100\/100\n|-weather|SunnyDay|[from] ability: Drought|[of] p2a: Mine turtle\n|move|p1a: Hydreigon|Thunder Wave|p2a: Mine turtle\n|-status|p2a: Mine turtle|par\n|\n|-weather|SunnyDay|[upkeep]\n|upkeep\n|turn|2\n|\n|t:|1700532895\n|move|p1a: Hydreigon|Taunt|p2a: Mine turtle\n|-start|p2a: Mine turtle|move: Taunt\n|cant|p2a: Mine turtle|move: Taunt|Stealth Rock\n|\n|-weather|SunnyDay|[upkeep]\n|upkeep\n|turn|3\n|\n|t:|1700532901\n|switch|p2a: Ena|Enamorus, F|100\/100\n|move|p1a: Hydreigon|Stealth Rock|p2a: Ena\n|-sidestart|p2: Sum1stolemytoast|move: Stealth Rock\n|\n|-weather|SunnyDay|[upkeep]\n|upkeep\n|turn|4\n|\n|t:|1700532908\n|move|p2a: Ena|Moonblast|p1a: Hydreigon\n|-supereffective|p1a: Hydreigon\n|-enditem|p1a: Hydreigon|Focus Sash\n|-damage|p1a: Hydreigon|1\/100\n|move|p1a: Hydreigon|Thunder Wave|p2a: Ena\n|-status|p2a: Ena|par\n|\n|-weather|SunnyDay|[upkeep]\n|upkeep\n|turn|5\n|\n|t:|1700532927\n|switch|p1a: Corviknight|Corviknight, F, shiny|100\/100\n|-ability|p1a: Corviknight|Pressure\n|cant|p2a: Ena|par\n|\n|-weather|SunnyDay|[upkeep]\n|upkeep\n|turn|6\n|\n|t:|1700532938\n|move|p2a: Ena|Mystical Fire|p1a: Corviknight\n|-supereffective|p1a: Corviknight\n|-damage|p1a: Corviknight|22\/100\n|-unboost|p1a: Corviknight|spa|1\n|move|p1a: Corviknight|Iron Head|p2a: Ena\n|-supereffective|p2a: Ena\n|-damage|p2a: Ena|17\/100 par\n|\n|-weather|SunnyDay|[upkeep]\n|-heal|p1a: Corviknight|29\/100|[from] item: Leftovers\n|upkeep\n|turn|7\n|\n|t:|1700532958\n|switch|p1a: Hydreigon|Hydreigon, F|1\/100\n|cant|p2a: Ena|par\n|\n|-weather|SunnyDay|[upkeep]\n|upkeep\n|turn|8\n|\n|t:|1700532965\n|move|p1a: Hydreigon|Taunt|p2a: Ena\n|-start|p2a: Ena|move: Taunt\n|move|p2a: Ena|Moonblast|p1a: Hydreigon\n|-supereffective|p1a: Hydreigon\n|-damage|p1a: Hydreigon|0 fnt\n|faint|p1a: Hydreigon\n|\n|-weather|none\n|upkeep\n|\n|t:|1700532977\n|switch|p1a: Ninetales|Ninetales-Alola, F, shiny|100\/100\n|-weather|Snow|[from] ability: Snow Warning|[of] p1a: Ninetales\n|turn|9\n|\n|t:|1700532984\n|move|p1a: Ninetales|Aurora Veil|p1a: Ninetales\n|-sidestart|p1: TheZalmancer|move: Aurora Veil\n|cant|p2a: Ena|par\n|\n|-weather|Snow|[upkeep]\n|upkeep\n|turn|10\n|\n|t:|1700532989\n|move|p1a: Ninetales|Freeze-Dry|p2a: Ena\n|-supereffective|p2a: Ena\n|-damage|p2a: Ena|0 fnt\n|faint|p2a: Ena\n|\n|-weather|Snow|[upkeep]\n|upkeep\n|\n|t:|1700532992\n|switch|p2a: Mine turtle|Torkoal, M|100\/100 par\n|-damage|p2a: Mine turtle|76\/100 par|[from] Stealth Rock\n|-weather|SunnyDay|[from] ability: Drought|[of] p2a: Mine turtle\n|turn|11\n|\n|t:|1700533015\n|switch|p1a: Ogerpon|Ogerpon-Wellspring, F|100\/100\n|move|p2a: Mine turtle|Rapid Spin|p1a: Ogerpon\n|-damage|p1a: Ogerpon|95\/100\n|-boost|p2a: Mine turtle|spe|1\n|-sideend|p2: Sum1stolemytoast|Stealth Rock|[from] move: Rapid Spin|[of] p2a: Mine turtle\n|\n|-weather|SunnyDay|[upkeep]\n|upkeep\n|turn|12\n|\n|t:|1700533023\n|switch|p2a: Chun-Li|Lilligant-Hisui, F|100\/100\n|move|p1a: Ogerpon|Swords Dance|p1a: Ogerpon\n|-boost|p1a: Ogerpon|atk|2\n|\n|-weather|SunnyDay|[upkeep]\n|upkeep\n|turn|13\n|\n|t:|1700533035\n|move|p2a: Chun-Li|Victory Dance|p2a: Chun-Li\n|-boost|p2a: Chun-Li|atk|1\n|-boost|p2a: Chun-Li|def|1\n|-boost|p2a: Chun-Li|spe|1\n|move|p1a: Ogerpon|Brick Break|p2a: Chun-Li\n|-damage|p2a: Chun-Li|43\/100\n|\n|-weather|SunnyDay|[upkeep]\n|upkeep\n|turn|14\n|\n|t:|1700533047\n|move|p2a: Chun-Li|Solar Blade||[still]\n|-prepare|p2a: Chun-Li|Solar Blade\n|-anim|p2a: Chun-Li|Solar Blade|p1a: Ogerpon\n|-damage|p1a: Ogerpon|20\/100\n|-damage|p2a: Chun-Li|33\/100|[from] item: Life Orb\n|move|p1a: Ogerpon|Brick Break|p2a: Chun-Li\n|-damage|p2a: Chun-Li|0 fnt\n|faint|p2a: Chun-Li\n|\n|-weather|SunnyDay|[upkeep]\n|upkeep\n|\n|t:|1700533053\n|switch|p2a: Walter White|Walking Wake|100\/100\n|-activate|p2a: Walter White|ability: Protosynthesis\n|-start|p2a: Walter White|protosynthesisspe\n|turn|15\n|\n|t:|1700533072\n|switch|p1a: Slowking|Slowking-Galar, M|100\/100\n|move|p2a: Walter White|Flamethrower|p1a: Slowking\n|-damage|p1a: Slowking|74\/100\n|\n|-weather|SunnyDay|[upkeep]\n|-heal|p1a: Slowking|80\/100|[from] item: Leftovers\n|upkeep\n|turn|16\n|\n|t:|1700533086\n|-end|p2a: Walter White|Protosynthesis|[silent]\n|switch|p2a: One Piece|Kingambit, M|100\/100\n|-activate|p2a: One Piece|ability: Supreme Overlord\n|-start|p2a: One Piece|fallen2|[silent]\n|move|p1a: Slowking|Sludge Bomb|p2a: One Piece\n|-immune|p2a: One Piece\n|\n|-weather|SunnyDay|[upkeep]\n|-heal|p1a: Slowking|86\/100|[from] item: Leftovers\n|-sideend|p1: TheZalmancer|move: Aurora Veil\n|upkeep\n|turn|17\n|\n|t:|1700533098\n|switch|p1a: Zamazenta|Zamazenta|100\/100\n|-ability|p1a: Zamazenta|Dauntless Shield|boost\n|-boost|p1a: Zamazenta|def|1\n|move|p2a: One Piece|Kowtow Cleave|p1a: Zamazenta\n|-resisted|p1a: Zamazenta\n|-damage|p1a: Zamazenta|82\/100\n|\n|-weather|SunnyDay|[upkeep]\n|upkeep\n|turn|18\n|\n|t:|1700533111\n|-end|p2a: One Piece|fallen2|[silent]\n|switch|p2a: Walter White|Walking Wake|100\/100\n|-activate|p2a: Walter White|ability: Protosynthesis\n|-start|p2a: Walter White|protosynthesisspe\n|move|p1a: Zamazenta|Crunch|p2a: Walter White\n|-damage|p2a: Walter White|55\/100\n|\n|-weather|none\n|-end|p2a: Walter White|Protosynthesis\n|upkeep\n|turn|19\n|\n|t:|1700533127\n|switch|p1a: Ogerpon|Ogerpon-Wellspring, F|20\/100\n|-end|p2a: Walter White|Protosynthesis|[silent]\n|switch|p2a: Mine turtle|Torkoal, M|76\/100 par\n|-weather|SunnyDay|[from] ability: Drought|[of] p2a: Mine turtle\n|\n|-weather|SunnyDay|[upkeep]\n|upkeep\n|turn|20\n|\n|t:|1700533138\n|switch|p1a: Ninetales|Ninetales-Alola, F, shiny|100\/100\n|-weather|Snow|[from] ability: Snow Warning|[of] p1a: Ninetales\n|move|p2a: Mine turtle|Will-O-Wisp|p1a: Ninetales\n|-status|p1a: Ninetales|brn\n|\n|-weather|Snow|[upkeep]\n|-damage|p1a: Ninetales|94\/100 brn|[from] brn\n|upkeep\n|turn|21\n|\n|t:|1700533147\n|switch|p2a: One Piece|Kingambit, M|100\/100\n|-activate|p2a: One Piece|ability: Supreme Overlord\n|-start|p2a: One Piece|fallen2|[silent]\n|move|p1a: Ninetales|Aurora Veil|p1a: Ninetales\n|-sidestart|p1: TheZalmancer|move: Aurora Veil\n|\n|-weather|Snow|[upkeep]\n|-damage|p1a: Ninetales|88\/100 brn|[from] brn\n|upkeep\n|turn|22\n|\n|t:|1700533166\n|switch|p1a: Corviknight|Corviknight, F, shiny|29\/100\n|-ability|p1a: Corviknight|Pressure\n|move|p2a: One Piece|Iron Head|p1a: Corviknight\n|-resisted|p1a: Corviknight\n|-damage|p1a: Corviknight|20\/100\n|\n|-weather|Snow|[upkeep]\n|-heal|p1a: Corviknight|26\/100|[from] item: Leftovers\n|upkeep\n|turn|23\n|\n|t:|1700533176\n|-end|p2a: One Piece|fallen2|[silent]\n|switch|p2a: Mine turtle|Torkoal, M|76\/100 par\n|-weather|SunnyDay|[from] ability: Drought|[of] p2a: Mine turtle\n|move|p1a: Corviknight|Body Press|p2a: Mine turtle\n|-damage|p2a: Mine turtle|57\/100 par\n|\n|-weather|SunnyDay|[upkeep]\n|-heal|p1a: Corviknight|32\/100|[from] item: Leftovers\n|upkeep\n|turn|24\n|\n|t:|1700533184\n|move|p1a: Corviknight|U-turn|p2a: Mine turtle\n|-resisted|p2a: Mine turtle\n|-damage|p2a: Mine turtle|51\/100 par\n|-message|Sum1stolemytoast forfeited.\n|\n|win|TheZalmancer\n|raw|TheZalmancer's rating: 1369 &rarr; <strong>1386<\/strong><br \/>(+17 for winning)\n|raw|Sum1stolemytoast's rating: 1320 &rarr; <strong>1303<\/strong><br \/>(-17 for losing)\n|l|\u2606Sum1stolemytoast\n|c|\u2606TheZalmancer|ggs\n","uploadtime":1700533235,"views":6,"p1id":"thezalmancer","p2id":"sum1stolemytoast","formatid":"gen9ou","rating":1303,"private":0,"password":""}