{"id":"gen9ou-1992357589","p1":"Gligardelmal","p2":"William503","format":"[Gen 9] OU","log":"|j|\u2606Gligardelmal\n|j|\u2606William503\n|t:|1700178330\n|gametype|singles\n|player|p1|Gligardelmal|169|\n|player|p2|William503|pokemaniac|\n|teamsize|p1|6\n|teamsize|p2|6\n|gen|9\n|tier|[Gen 9] OU\n|rule|Sleep Clause Mod: Limit one foe put to sleep\n|rule|Species Clause: Limit one of each Pok\u00e9mon\n|rule|OHKO Clause: OHKO moves are banned\n|rule|Evasion Items Clause: Evasion items are banned\n|rule|Evasion Moves Clause: Evasion moves are banned\n|rule|Endless Battle Clause: Forcing endless battles is banned\n|rule|HP Percentage Mod: HP is shown in percentages\n|clearpoke\n|poke|p1|Greninja-*, M|\n|poke|p1|Corviknight, F|\n|poke|p1|Clodsire, F|\n|poke|p1|Walking Wake|\n|poke|p1|Ditto|\n|poke|p1|Dragapult, M|\n|poke|p2|Ting-Lu|\n|poke|p2|Heatran, M|\n|poke|p2|Clefable, M|\n|poke|p2|Corviknight, M|\n|poke|p2|Slowking-Galar, M|\n|poke|p2|Ogerpon, F|\n|teampreview\n|\n|t:|1700178373\n|start\n|switch|p1a: Dragapult|Dragapult, M|100\/100\n|switch|p2a: Ogerpon|Ogerpon, F|100\/100\n|turn|1\n|\n|t:|1700178381\n|move|p2a: Ogerpon|Knock Off|p1a: Dragapult\n|-supereffective|p1a: Dragapult\n|-damage|p1a: Dragapult|20\/100\n|-enditem|p1a: Dragapult|Choice Band|[from] move: Knock Off|[of] p2a: Ogerpon\n|move|p1a: Dragapult|U-turn|p2a: Ogerpon\n|-supereffective|p2a: Ogerpon\n|-damage|p2a: Ogerpon|36\/100\n|\n|t:|1700178392\n|switch|p1a: Ditto|Ditto|100\/100|[from] U-turn\n|-transform|p1a: Ditto|p2a: Ogerpon|[from] ability: Imposter\n|\n|upkeep\n|turn|2\n|\n|t:|1700178403\n|switch|p2a: Corviknight|Corviknight, M|100\/100\n|-ability|p2a: Corviknight|Pressure\n|move|p1a: Ditto|U-turn|p2a: Corviknight\n|-resisted|p2a: Corviknight\n|-damage|p2a: Corviknight|97\/100\n|-damage|p1a: Ditto|84\/100|[from] item: Rocky Helmet|[of] p2a: Corviknight\n|\n|t:|1700178418\n|switch|p1a: Clodsire|Clodsire, F|100\/100|[from] U-turn\n|\n|upkeep\n|turn|3\n|\n|t:|1700178439\n|move|p2a: Corviknight|U-turn|p1a: Clodsire\n|-resisted|p1a: Clodsire\n|-damage|p1a: Clodsire|93\/100\n|\n|t:|1700178442\n|switch|p2a: Slowking|Slowking-Galar, M, shiny|100\/100|[from] U-turn\n|move|p1a: Clodsire|Stealth Rock|p2a: Slowking\n|-sidestart|p2: William503|move: Stealth Rock\n|\n|-heal|p1a: Clodsire|99\/100|[from] item: Black Sludge\n|upkeep\n|turn|4\n|\n|t:|1700178452\n|move|p1a: Clodsire|Earthquake|p2a: Slowking\n|-supereffective|p2a: Slowking\n|-damage|p2a: Slowking|48\/100\n|move|p2a: Slowking|Future Sight|p1a: Clodsire\n|-start|p2a: Slowking|move: Future Sight\n|\n|-heal|p1a: Clodsire|100\/100|[from] item: Black Sludge\n|upkeep\n|turn|5\n|\n|t:|1700178463\n|switch|p1a: Walking Wake|Walking Wake|100\/100\n|move|p2a: Slowking|Slack Off|p2a: Slowking\n|-heal|p2a: Slowking|98\/100\n|\n|upkeep\n|turn|6\n|\n|t:|1700178475\n|-end|p1a: Walking Wake|Protosynthesis|[silent]\n|switch|p1a: Clodsire|Clodsire, F|100\/100\n|move|p2a: Slowking|Chilly Reception|p2a: Slowking\n|-weather|Snow\n|\n|t:|1700178485\n|switch|p2a: Heatran|Heatran, M|100\/100|[from] Chilly Reception\n|-damage|p2a: Heatran|88\/100|[from] Stealth Rock\n|\n|-weather|Snow|[upkeep]\n|-end|p1a: Clodsire|move: Future Sight\n|-supereffective|p1a: Clodsire\n|-damage|p1a: Clodsire|54\/100\n|-heal|p1a: Clodsire|60\/100|[from] item: Black Sludge\n|upkeep\n|turn|7\n|\n|t:|1700178507\n|switch|p1a: Walking Wake|Walking Wake|100\/100\n|move|p2a: Heatran|Flamethrower|p1a: Walking Wake\n|-resisted|p1a: Walking Wake\n|-damage|p1a: Walking Wake|87\/100\n|\n|-weather|Snow|[upkeep]\n|upkeep\n|turn|8\n|\n|t:|1700178518\n|switch|p2a: Slowking|Slowking-Galar, M, shiny|100\/100\n|move|p1a: Walking Wake|Hydro Steam|p2a: Slowking\n|-crit|p2a: Slowking\n|-damage|p2a: Slowking|61\/100\n|\n|-weather|Snow|[upkeep]\n|upkeep\n|turn|9\n|\n|t:|1700178528\n|move|p1a: Walking Wake|Draco Meteor|p2a: Slowking|[miss]\n|-miss|p1a: Walking Wake|p2a: Slowking\n|move|p2a: Slowking|Future Sight|p1a: Walking Wake\n|-start|p2a: Slowking|move: Future Sight\n|\n|-weather|Snow|[upkeep]\n|upkeep\n|turn|10\n|\n|t:|1700178547\n|-end|p1a: Walking Wake|Protosynthesis|[silent]\n|switch|p1a: Clodsire|Clodsire, F|60\/100\n|move|p2a: Slowking|Slack Off|p2a: Slowking\n|-heal|p2a: Slowking|100\/100\n|\n|-weather|none\n|-heal|p1a: Clodsire|66\/100|[from] item: Black Sludge\n|upkeep\n|turn|11\n|\n|t:|1700178563\n|move|p1a: Clodsire|Recover|p1a: Clodsire\n|-heal|p1a: Clodsire|100\/100\n|move|p2a: Slowking|Chilly Reception|p2a: Slowking\n|-weather|Snow\n|\n|t:|1700178568\n|switch|p2a: Corviknight|Corviknight, M|97\/100|[from] Chilly Reception\n|-damage|p2a: Corviknight|85\/100|[from] Stealth Rock\n|-ability|p2a: Corviknight|Pressure\n|\n|-weather|Snow|[upkeep]\n|-end|p1a: Clodsire|move: Future Sight\n|-supereffective|p1a: Clodsire\n|-damage|p1a: Clodsire|54\/100\n|-heal|p1a: Clodsire|60\/100|[from] item: Black Sludge\n|upkeep\n|turn|12\n|\n|t:|1700178580\n|move|p2a: Corviknight|Defog|p1a: Clodsire\n|-unboost|p1a: Clodsire|evasion|1\n|-sideend|p2: William503|Stealth Rock|[from] move: Defog|[of] p2a: Corviknight\n|move|p1a: Clodsire|Recover|p1a: Clodsire\n|-heal|p1a: Clodsire|100\/100\n|\n|-weather|Snow|[upkeep]\n|upkeep\n|turn|13\n|\n|t:|1700178594\n|move|p2a: Corviknight|U-turn|p1a: Clodsire\n|-resisted|p1a: Clodsire\n|-damage|p1a: Clodsire|93\/100\n|\n|t:|1700178597\n|switch|p2a: Ting-Lu|Ting-Lu|100\/100|[from] U-turn\n|-ability|p2a: Ting-Lu|Vessel of Ruin\n|move|p1a: Clodsire|Stealth Rock|p2a: Ting-Lu\n|-sidestart|p2: William503|move: Stealth Rock\n|\n|-weather|Snow|[upkeep]\n|-heal|p1a: Clodsire|99\/100|[from] item: Black Sludge\n|upkeep\n|turn|14\n|\n|t:|1700178619\n|switch|p1a: Corviknight|Corviknight, F, shiny|100\/100\n|move|p2a: Ting-Lu|Throat Chop|p1a: Corviknight\n|-damage|p1a: Corviknight|67\/100\n|-start|p1a: Corviknight|Throat Chop|[silent]\n|-damage|p2a: Ting-Lu|84\/100|[from] item: Rocky Helmet|[of] p1a: Corviknight\n|\n|-weather|Snow|[upkeep]\n|upkeep\n|turn|15\n|\n|t:|1700178629\n|switch|p2a: Corviknight|Corviknight, M|85\/100\n|-damage|p2a: Corviknight|72\/100|[from] Stealth Rock\n|-ability|p2a: Corviknight|Pressure\n|move|p1a: Corviknight|Iron Head|p2a: Corviknight\n|-resisted|p2a: Corviknight\n|-damage|p2a: Corviknight|65\/100\n|-damage|p1a: Corviknight|51\/100|[from] item: Rocky Helmet|[of] p2a: Corviknight\n|\n|-weather|none\n|-end|p1a: Corviknight|Throat Chop|[silent]\n|upkeep\n|turn|16\n|\n|t:|1700178642\n|move|p2a: Corviknight|Defog|p1a: Corviknight\n|-ability|p1a: Corviknight|Mirror Armor\n|-unboost|p2a: Corviknight|evasion|1\n|-sideend|p2: William503|Stealth Rock|[from] move: Defog|[of] p2a: Corviknight\n|move|p1a: Corviknight|Roost|p1a: Corviknight\n|-heal|p1a: Corviknight|100\/100\n|-singleturn|p1a: Corviknight|move: Roost\n|\n|upkeep\n|turn|17\n|\n|t:|1700178653\n|switch|p1a: Clodsire|Clodsire, F|99\/100\n|move|p2a: Corviknight|U-turn|p1a: Clodsire\n|-resisted|p1a: Clodsire\n|-damage|p1a: Clodsire|92\/100\n|\n|t:|1700178661\n|switch|p2a: Heatran|Heatran, M|88\/100|[from] U-turn\n|\n|-heal|p1a: Clodsire|98\/100|[from] item: Black Sludge\n|upkeep\n|turn|18\n|\n|t:|1700178669\n|move|p2a: Heatran|Earth Power|p1a: Clodsire\n|-supereffective|p1a: Clodsire\n|-damage|p1a: Clodsire|49\/100\n|move|p1a: Clodsire|Stealth Rock|p2a: Heatran\n|-sidestart|p2: William503|move: Stealth Rock\n|\n|-heal|p1a: Clodsire|55\/100|[from] item: Black Sludge\n|upkeep\n|turn|19\n|\n|t:|1700178680\n|switch|p1a: Walking Wake|Walking Wake|87\/100\n|move|p2a: Heatran|Earth Power|p1a: Walking Wake\n|-damage|p1a: Walking Wake|48\/100\n|\n|upkeep\n|turn|20\n|\n|t:|1700178689\n|switch|p2a: Slowking|Slowking-Galar, M, shiny|100\/100\n|move|p1a: Walking Wake|Hydro Steam|p2a: Slowking\n|-damage|p2a: Slowking|72\/100\n|\n|upkeep\n|turn|21\n|\n|t:|1700178707\n|-end|p1a: Walking Wake|Protosynthesis|[silent]\n|switch|p1a: Dragapult|Dragapult, M|20\/100\n|move|p2a: Slowking|Future Sight|p1a: Dragapult\n|-start|p2a: Slowking|move: Future Sight\n|\n|upkeep\n|turn|22\n|\n|t:|1700178734\n|switch|p2a: Corviknight|Corviknight, M|65\/100\n|-damage|p2a: Corviknight|52\/100|[from] Stealth Rock\n|-ability|p2a: Corviknight|Pressure\n|move|p1a: Dragapult|U-turn|p2a: Corviknight\n|-resisted|p2a: Corviknight\n|-damage|p2a: Corviknight|49\/100\n|-damage|p1a: Dragapult|4\/100|[from] item: Rocky Helmet|[of] p2a: Corviknight\n|\n|t:|1700178744\n|switch|p1a: Walking Wake|Walking Wake|48\/100|[from] U-turn\n|\n|upkeep\n|turn|23\n|\n|t:|1700178752\n|switch|p2a: Slowking|Slowking-Galar, M, shiny|100\/100\n|move|p1a: Walking Wake|Flamethrower|p2a: Slowking\n|-damage|p2a: Slowking|81\/100\n|\n|-end|p1a: Walking Wake|move: Future Sight\n|-damage|p1a: Walking Wake|14\/100\n|upkeep\n|turn|24\n|\n|t:|1700178765\n|-end|p1a: Walking Wake|Protosynthesis|[silent]\n|switch|p1a: Greninja|Greninja, M|100\/100\n|move|p2a: Slowking|Future Sight|p1a: Greninja\n|-start|p2a: Slowking|move: Future Sight\n|\n|upkeep\n|turn|25\n|\n|t:|1700178775\n|switch|p2a: Clefable|Clefable, M|100\/100\n|-damage|p2a: Clefable|88\/100|[from] Stealth Rock\n|move|p1a: Greninja|Dark Pulse|p2a: Clefable\n|-start|p1a: Greninja|typechange|Dark|[from] ability: Protean\n|-resisted|p2a: Clefable\n|-damage|p2a: Clefable|64\/100\n|\n|-heal|p2a: Clefable|70\/100|[from] item: Leftovers\n|upkeep\n|turn|26\n|\n|t:|1700178788\n|switch|p1a: Clodsire|Clodsire, F|55\/100\n|move|p2a: Clefable|Stealth Rock|p1a: Clodsire\n|-sidestart|p1: Gligardelmal|move: Stealth Rock\n|\n|-end|p1a: Clodsire|move: Future Sight\n|-supereffective|p1a: Clodsire\n|-damage|p1a: Clodsire|8\/100\n|-heal|p2a: Clefable|76\/100|[from] item: Leftovers\n|-heal|p1a: Clodsire|15\/100|[from] item: Black Sludge\n|upkeep\n|turn|27\n|\n|t:|1700178805\n|move|p2a: Clefable|Wish|p2a: Clefable\n|move|p1a: Clodsire|Recover|p1a: Clodsire\n|-heal|p1a: Clodsire|65\/100\n|\n|-heal|p2a: Clefable|82\/100|[from] item: Leftovers\n|-heal|p1a: Clodsire|71\/100|[from] item: Black Sludge\n|upkeep\n|turn|28\n|\n|t:|1700178821\n|switch|p2a: Ogerpon|Ogerpon, F|36\/100\n|-damage|p2a: Ogerpon|24\/100|[from] Stealth Rock\n|move|p1a: Clodsire|Earthquake|p2a: Ogerpon\n|-resisted|p2a: Ogerpon\n|-damage|p2a: Ogerpon|7\/100\n|\n|-heal|p2a: Ogerpon|72\/100|[from] move: Wish|[wisher] Clefable\n|-heal|p1a: Clodsire|77\/100|[from] item: Black Sludge\n|upkeep\n|turn|29\n|\n|t:|1700178884\n|switch|p1a: Corviknight|Corviknight, F, shiny|100\/100\n|-damage|p1a: Corviknight|88\/100|[from] Stealth Rock\n|move|p2a: Ogerpon|U-turn|p1a: Corviknight\n|-resisted|p1a: Corviknight\n|-damage|p1a: Corviknight|85\/100\n|-damage|p2a: Ogerpon|56\/100|[from] item: Rocky Helmet|[of] p1a: Corviknight\n|\n|t:|1700178892\n|switch|p2a: Heatran|Heatran, M|88\/100|[from] U-turn\n|-damage|p2a: Heatran|76\/100|[from] Stealth Rock\n|\n|upkeep\n|turn|30\n|\n|t:|1700178905\n|switch|p1a: Clodsire|Clodsire, F|77\/100\n|-damage|p1a: Clodsire|71\/100|[from] Stealth Rock\n|move|p2a: Heatran|Flamethrower|p1a: Clodsire\n|-damage|p1a: Clodsire|29\/100\n|\n|-heal|p1a: Clodsire|35\/100|[from] item: Black Sludge\n|upkeep\n|turn|31\n|\n|t:|1700178915\n|move|p2a: Heatran|Flamethrower|p1a: Clodsire\n|-damage|p1a: Clodsire|0 fnt\n|faint|p1a: Clodsire\n|\n|upkeep\n|-message|Gligardelmal forfeited.\n|\n|win|William503\n|l|\u2606Gligardelmal\n","uploadtime":1700178932,"views":34,"p1id":"gligardelmal","p2id":"william503","formatid":"gen9ou","rating":0,"private":0,"password":""}