{"id":"gen9ou-1991096832","p1":"XanderMans","p2":"bobognbaram","format":"[Gen 9] OU","log":"|j|\u2606XanderMans\n|j|\u2606bobognbaram\n|t:|1700042347\n|gametype|singles\n|player|p1|XanderMans|266|1165\n|player|p2|bobognbaram|2|1119\n|teamsize|p1|6\n|teamsize|p2|6\n|gen|9\n|tier|[Gen 9] OU\n|rated|\n|rule|Sleep Clause Mod: Limit one foe put to sleep\n|rule|Species Clause: Limit one of each Pok\u00e9mon\n|rule|OHKO Clause: OHKO moves are banned\n|rule|Evasion Items Clause: Evasion items are banned\n|rule|Evasion Moves Clause: Evasion moves are banned\n|rule|Endless Battle Clause: Forcing endless battles is banned\n|rule|HP Percentage Mod: HP is shown in percentages\n|clearpoke\n|poke|p1|Torkoal, F|\n|poke|p1|Lilligant-Hisui, F|\n|poke|p1|Walking Wake|\n|poke|p1|Garganacl, M|\n|poke|p1|Great Tusk|\n|poke|p1|Corviknight, F|\n|poke|p2|Kingambit, M|\n|poke|p2|Dondozo, F|\n|poke|p2|Clodsire, F|\n|poke|p2|Hoopa-Unbound|\n|poke|p2|Cinderace, M|\n|poke|p2|Sinistcha|\n|teampreview\n|\n|t:|1700042365\n|start\n|switch|p1a: Torkoal|Torkoal, F|100\/100\n|switch|p2a: RAHHHHH|Hoopa-Unbound|100\/100\n|-weather|SunnyDay|[from] ability: Drought|[of] p1a: Torkoal\n|turn|1\n|\n|t:|1700042389\n|move|p2a: RAHHHHH|Psychic|p1a: Torkoal\n|-damage|p1a: Torkoal|45\/100\n|-unboost|p1a: Torkoal|spd|1\n|move|p1a: Torkoal|Stealth Rock|p2a: RAHHHHH\n|-sidestart|p2: bobognbaram|move: Stealth Rock\n|\n|-weather|SunnyDay|[upkeep]\n|upkeep\n|turn|2\n|\n|t:|1700042397\n|switch|p1a: Corviknight|Corviknight, F|100\/100\n|-ability|p1a: Corviknight|Pressure\n|move|p2a: RAHHHHH|Psychic|p1a: Corviknight\n|-resisted|p1a: Corviknight\n|-damage|p1a: Corviknight|81\/100\n|-unboost|p1a: Corviknight|spd|1\n|\n|-weather|SunnyDay|[upkeep]\n|-heal|p1a: Corviknight|87\/100|[from] item: Leftovers\n|upkeep\n|turn|3\n|inactive|Battle timer is ON: inactive players will automatically lose when time's up. (requested by XanderMans)\n|inactive|bobognbaram has 120 seconds left.\n|inactive|bobognbaram has 90 seconds left.\n|\n|t:|1700042500\n|switch|p2a: Furry|Cinderace, M|100\/100\n|move|p1a: Corviknight|Bulk Up|p1a: Corviknight\n|-boost|p1a: Corviknight|atk|1\n|-boost|p1a: Corviknight|def|1\n|\n|-weather|SunnyDay|[upkeep]\n|-heal|p1a: Corviknight|93\/100|[from] item: Leftovers\n|upkeep\n|turn|4\n|\n|t:|1700042513\n|move|p2a: Furry|Court Change|p2a: Furry\n|-start|p2a: Furry|typechange|Normal|[from] ability: Libero\n|-swapsideconditions\n|-activate|p2a: Furry|move: Court Change\n|move|p1a: Corviknight|Brave Bird|p2a: Furry\n|-damage|p2a: Furry|20\/100\n|-damage|p1a: Corviknight|73\/100|[from] Recoil\n|\n|-weather|SunnyDay|[upkeep]\n|-heal|p1a: Corviknight|79\/100|[from] item: Leftovers\n|upkeep\n|turn|5\n|\n|t:|1700042522\n|-terastallize|p2a: Furry|Fire\n|move|p2a: Furry|Pyro Ball|p1a: Corviknight\n|-supereffective|p1a: Corviknight\n|-damage|p1a: Corviknight|0 fnt\n|faint|p1a: Corviknight\n|\n|-weather|SunnyDay|[upkeep]\n|upkeep\n|\n|t:|1700042529\n|switch|p1a: Walking Wake|Walking Wake|100\/100\n|-damage|p1a: Walking Wake|88\/100|[from] Stealth Rock\n|-activate|p1a: Walking Wake|ability: Protosynthesis\n|-start|p1a: Walking Wake|protosynthesisspe\n|turn|6\n|\n|t:|1700042556\n|switch|p2a: Gulle|Clodsire, F|100\/100\n|move|p1a: Walking Wake|Hydro Steam|p2a: Gulle\n|-supereffective|p2a: Gulle\n|-damage|p2a: Gulle|2\/100\n|\n|-weather|SunnyDay|[upkeep]\n|-heal|p2a: Gulle|8\/100|[from] item: Leftovers\n|upkeep\n|turn|7\n|\n|t:|1700042566\n|move|p1a: Walking Wake|Hydro Steam|p2a: Gulle\n|-supereffective|p2a: Gulle\n|-damage|p2a: Gulle|0 fnt\n|faint|p2a: Gulle\n|\n|-weather|SunnyDay|[upkeep]\n|upkeep\n|\n|t:|1700042570\n|switch|p2a: Sinistcha|Sinistcha|100\/100\n|turn|8\n|\n|t:|1700042579\n|-end|p1a: Walking Wake|Protosynthesis|[silent]\n|switch|p1a: Lilligant|Lilligant-Hisui, F|100\/100\n|-damage|p1a: Lilligant|94\/100|[from] Stealth Rock\n|move|p2a: Sinistcha|Matcha Gotcha|p1a: Lilligant|[miss]\n|-miss|p2a: Sinistcha|p1a: Lilligant\n|\n|-weather|none\n|upkeep\n|turn|9\n|\n|t:|1700042587\n|move|p1a: Lilligant|Victory Dance|p1a: Lilligant\n|-boost|p1a: Lilligant|atk|1\n|-boost|p1a: Lilligant|def|1\n|-boost|p1a: Lilligant|spe|1\n|move|p2a: Sinistcha|Scald|p1a: Lilligant\n|-resisted|p1a: Lilligant\n|-damage|p1a: Lilligant|77\/100\n|\n|upkeep\n|turn|10\n|\n|t:|1700042596\n|move|p1a: Lilligant|Ice Spinner|p2a: Sinistcha\n|-supereffective|p2a: Sinistcha\n|-damage|p2a: Sinistcha|31\/100\n|move|p2a: Sinistcha|Strength Sap|p1a: Lilligant\n|-unboost|p1a: Lilligant|atk|1\n|-heal|p2a: Sinistcha|100\/100\n|\n|upkeep\n|turn|11\n|\n|t:|1700042604\n|move|p1a: Lilligant|Ice Spinner|p2a: Sinistcha\n|-supereffective|p2a: Sinistcha\n|-damage|p2a: Sinistcha|48\/100\n|move|p2a: Sinistcha|Strength Sap|p1a: Lilligant\n|-unboost|p1a: Lilligant|atk|1\n|-heal|p2a: Sinistcha|100\/100\n|\n|upkeep\n|turn|12\n|\n|t:|1700042614\n|switch|p1a: Torkoal|Torkoal, F|45\/100\n|-damage|p1a: Torkoal|21\/100|[from] Stealth Rock\n|-weather|SunnyDay|[from] ability: Drought|[of] p1a: Torkoal\n|move|p2a: Sinistcha|Scald|p1a: Torkoal\n|-supereffective|p1a: Torkoal\n|-damage|p1a: Torkoal|1\/100\n|\n|-weather|SunnyDay|[upkeep]\n|upkeep\n|turn|13\n|\n|t:|1700042625\n|switch|p1a: Great Tusk|Great Tusk|100\/100\n|-damage|p1a: Great Tusk|98\/100|[from] Stealth Rock\n|-activate|p1a: Great Tusk|ability: Protosynthesis\n|-start|p1a: Great Tusk|protosynthesisatk\n|move|p2a: Sinistcha|Matcha Gotcha|p1a: Great Tusk\n|-supereffective|p1a: Great Tusk\n|-damage|p1a: Great Tusk|33\/100\n|\n|-weather|SunnyDay|[upkeep]\n|upkeep\n|turn|14\n|\n|t:|1700042636\n|move|p1a: Great Tusk|Ice Spinner|p2a: Sinistcha\n|-supereffective|p2a: Sinistcha\n|-damage|p2a: Sinistcha|55\/100\n|move|p2a: Sinistcha|Strength Sap|p1a: Great Tusk\n|-unboost|p1a: Great Tusk|atk|1\n|-heal|p2a: Sinistcha|100\/100\n|\n|-weather|SunnyDay|[upkeep]\n|upkeep\n|turn|15\n|n|!XanderMans|xandermans\n|\n|t:|1700042650\n|move|p1a: Great Tusk|Ice Spinner|p2a: Sinistcha\n|-supereffective|p2a: Sinistcha\n|-damage|p2a: Sinistcha|67\/100\n|move|p2a: Sinistcha|Matcha Gotcha|p1a: Great Tusk\n|-supereffective|p1a: Great Tusk\n|-damage|p1a: Great Tusk|0 fnt\n|-heal|p2a: Sinistcha|84\/100|[from] drain|[of] p1a: Great Tusk\n|faint|p1a: Great Tusk\n|-end|p1a: Great Tusk|Protosynthesis|[silent]\n|\n|-weather|SunnyDay|[upkeep]\n|-heal|p2a: Sinistcha|90\/100|[from] item: Leftovers\n|upkeep\n|\n|t:|1700042662\n|switch|p1a: Walking Wake|Walking Wake|88\/100\n|-damage|p1a: Walking Wake|76\/100|[from] Stealth Rock\n|-activate|p1a: Walking Wake|ability: Protosynthesis\n|-start|p1a: Walking Wake|protosynthesisspe\n|turn|16\n|\n|t:|1700042668\n|switch|p2a: Furry|Cinderace, M, tera:Fire|20\/100\n|move|p1a: Walking Wake|Flamethrower|p2a: Furry\n|-resisted|p2a: Furry\n|-damage|p2a: Furry|0 fnt\n|faint|p2a: Furry\n|\n|-weather|SunnyDay|[upkeep]\n|upkeep\n|\n|t:|1700042678\n|switch|p2a: Dum j\u00e4vel|Dondozo, F|100\/100\n|turn|17\n|inactive|bobognbaram has 120 seconds left.\n|\n|t:|1700042728\n|-end|p1a: Walking Wake|Protosynthesis|[silent]\n|switch|p1a: Lilligant|Lilligant-Hisui, F|77\/100\n|-damage|p1a: Lilligant|71\/100|[from] Stealth Rock\n|move|p2a: Dum j\u00e4vel|Waterfall|p1a: Lilligant\n|-resisted|p1a: Lilligant\n|-damage|p1a: Lilligant|61\/100\n|\n|-weather|SunnyDay|[upkeep]\n|upkeep\n|turn|18\n|\n|t:|1700042744\n|switch|p2a: Sinistcha|Sinistcha|90\/100\n|move|p1a: Lilligant|Victory Dance|p1a: Lilligant\n|-boost|p1a: Lilligant|atk|1\n|-boost|p1a: Lilligant|def|1\n|-boost|p1a: Lilligant|spe|1\n|\n|-weather|SunnyDay|[upkeep]\n|-heal|p2a: Sinistcha|96\/100|[from] item: Leftovers\n|upkeep\n|turn|19\n|\n|t:|1700042751\n|move|p1a: Lilligant|Ice Spinner|p2a: Sinistcha\n|-supereffective|p2a: Sinistcha\n|-damage|p2a: Sinistcha|21\/100\n|move|p2a: Sinistcha|Strength Sap|p1a: Lilligant\n|-unboost|p1a: Lilligant|atk|1\n|-heal|p2a: Sinistcha|100\/100\n|\n|-weather|none\n|upkeep\n|turn|20\n|inactive|bobognbaram has 120 seconds left.\n|\n|t:|1700042768\n|switch|p1a: Torkoal|Torkoal, F|1\/100\n|-damage|p1a: Torkoal|0 fnt|[from] Stealth Rock\n|faint|p1a: Torkoal\n|move|p2a: Sinistcha|Strength Sap|p1: Torkoal|[notarget]\n|-fail|p2a: Sinistcha\n|\n|upkeep\n|\n|t:|1700042775\n|switch|p1a: Walking Wake|Walking Wake|76\/100\n|-damage|p1a: Walking Wake|63\/100|[from] Stealth Rock\n|turn|21\n|\n|t:|1700042780\n|move|p1a: Walking Wake|Flamethrower|p2a: Sinistcha\n|-supereffective|p2a: Sinistcha\n|-damage|p2a: Sinistcha|49\/100\n|move|p2a: Sinistcha|Strength Sap|p1a: Walking Wake\n|-unboost|p1a: Walking Wake|atk|1\n|-heal|p2a: Sinistcha|93\/100\n|\n|-heal|p2a: Sinistcha|99\/100|[from] item: Leftovers\n|upkeep\n|turn|22\n|\n|t:|1700042788\n|switch|p2a: Dum j\u00e4vel|Dondozo, F|100\/100\n|move|p1a: Walking Wake|Flamethrower|p2a: Dum j\u00e4vel\n|-resisted|p2a: Dum j\u00e4vel\n|-damage|p2a: Dum j\u00e4vel|80\/100\n|\n|-heal|p2a: Dum j\u00e4vel|86\/100|[from] item: Leftovers\n|upkeep\n|turn|23\n|\n|t:|1700042796\n|-end|p1a: Walking Wake|Protosynthesis|[silent]\n|switch|p1a: Garganacl|Garganacl, M|100\/100\n|-damage|p1a: Garganacl|88\/100|[from] Stealth Rock\n|move|p2a: Dum j\u00e4vel|Waterfall|p1a: Garganacl\n|-supereffective|p1a: Garganacl\n|-damage|p1a: Garganacl|53\/100\n|\n|-heal|p2a: Dum j\u00e4vel|93\/100|[from] item: Leftovers\n|upkeep\n|turn|24\n|\n|t:|1700042807\n|switch|p2a: RAHHHHH|Hoopa-Unbound|100\/100\n|-terastallize|p1a: Garganacl|Water\n|move|p1a: Garganacl|Curse|p1a: Garganacl\n|-unboost|p1a: Garganacl|spe|1\n|-boost|p1a: Garganacl|atk|1\n|-boost|p1a: Garganacl|def|1\n|\n|upkeep\n|turn|25\n|\n|t:|1700042816\n|move|p2a: RAHHHHH|Trick|p1a: Garganacl\n|-activate|p2a: RAHHHHH|move: Trick|[of] p1a: Garganacl\n|-item|p1a: Garganacl|Choice Scarf|[from] move: Trick\n|-item|p2a: RAHHHHH|Covert Cloak|[from] move: Trick\n|move|p1a: Garganacl|Salt Cure|p2a: RAHHHHH\n|-damage|p2a: RAHHHHH|63\/100\n|\n|upkeep\n|turn|26\n|\n|t:|1700042828\n|move|p2a: RAHHHHH|Psychic|p1a: Garganacl\n|-crit|p1a: Garganacl\n|-damage|p1a: Garganacl|0 fnt\n|faint|p1a: Garganacl\n|\n|upkeep\n|\n|t:|1700042837\n|switch|p1a: Walking Wake|Walking Wake|63\/100\n|-damage|p1a: Walking Wake|51\/100|[from] Stealth Rock\n|turn|27\n|\n|t:|1700042844\n|move|p1a: Walking Wake|Dragon Pulse|p2a: RAHHHHH\n|-damage|p2a: RAHHHHH|4\/100\n|move|p2a: RAHHHHH|Psychic|p1a: Walking Wake\n|-damage|p1a: Walking Wake|0 fnt\n|faint|p1a: Walking Wake\n|-end|p1a: Walking Wake|Protosynthesis|[silent]\n|\n|upkeep\n|\n|t:|1700042854\n|switch|p1a: Lilligant|Lilligant-Hisui, F|61\/100\n|-damage|p1a: Lilligant|55\/100|[from] Stealth Rock\n|turn|28\n|inactive|XanderMans has 120 seconds left.\n|\n|t:|1700042887\n|move|p1a: Lilligant|Ice Spinner|p2a: RAHHHHH\n|-damage|p2a: RAHHHHH|0 fnt\n|faint|p2a: RAHHHHH\n|\n|upkeep\n|\n|t:|1700042891\n|switch|p2a: Sinistcha|Sinistcha|99\/100\n|turn|29\n|\n|t:|1700042895\n|move|p1a: Lilligant|Ice Spinner|p2a: Sinistcha\n|-supereffective|p2a: Sinistcha\n|-damage|p2a: Sinistcha|53\/100\n|move|p2a: Sinistcha|Strength Sap|p1a: Lilligant\n|-unboost|p1a: Lilligant|atk|1\n|-heal|p2a: Sinistcha|100\/100\n|\n|upkeep\n|turn|30\n|\n|t:|1700042916\n|move|p1a: Lilligant|Victory Dance|p1a: Lilligant\n|-boost|p1a: Lilligant|atk|1\n|-boost|p1a: Lilligant|def|1\n|-boost|p1a: Lilligant|spe|1\n|move|p2a: Sinistcha|Matcha Gotcha|p1a: Lilligant\n|-resisted|p1a: Lilligant\n|-damage|p1a: Lilligant|31\/100\n|\n|upkeep\n|turn|31\n|c|\u2606bobognbaram|sinistcha is him\n|\n|t:|1700042927\n|move|p1a: Lilligant|Ice Spinner|p2a: Sinistcha\n|-supereffective|p2a: Sinistcha\n|-damage|p2a: Sinistcha|54\/100\n|move|p2a: Sinistcha|Strength Sap|p1a: Lilligant\n|-unboost|p1a: Lilligant|atk|1\n|-heal|p2a: Sinistcha|100\/100\n|\n|upkeep\n|turn|32\n|inactive|XanderMans has 120 seconds left.\n|\n|t:|1700042946\n|move|p1a: Lilligant|Ice Spinner|p2a: Sinistcha\n|-supereffective|p2a: Sinistcha\n|-damage|p2a: Sinistcha|69\/100\n|move|p2a: Sinistcha|Matcha Gotcha|p1a: Lilligant\n|-resisted|p1a: Lilligant\n|-damage|p1a: Lilligant|4\/100\n|-heal|p2a: Sinistcha|80\/100|[from] drain|[of] p1a: Lilligant\n|\n|-heal|p2a: Sinistcha|86\/100|[from] item: Leftovers\n|upkeep\n|turn|33\n|inactive|XanderMans has 120 seconds left.\n|\n|t:|1700042970\n|move|p1a: Lilligant|Ice Spinner|p2a: Sinistcha\n|-supereffective|p2a: Sinistcha\n|-damage|p2a: Sinistcha|52\/100\n|move|p2a: Sinistcha|Matcha Gotcha|p1a: Lilligant\n|-resisted|p1a: Lilligant\n|-damage|p1a: Lilligant|0 fnt\n|-heal|p2a: Sinistcha|53\/100|[from] drain|[of] p1a: Lilligant\n|faint|p1a: Lilligant\n|\n|win|bobognbaram\n|raw|XanderMans's rating: 1165 &rarr; <strong>1137<\/strong><br \/>(-28 for losing)\n|raw|bobognbaram's rating: 1119 &rarr; <strong>1147<\/strong><br \/>(+28 for winning)\n","uploadtime":1700042643,"views":5,"p1id":"xandermans","p2id":"bobognbaram","formatid":"gen9ou","rating":1137,"private":0,"password":""}