{"id":"gen9ou-1998256296","p1":"endersOverlord","p2":"herocreep224","format":"[Gen 9] OU","log":"|j|\u2606endersOverlord\n|j|\u2606herocreep224\n|t:|1700920729\n|gametype|singles\n|player|p1|endersOverlord|colress|\n|player|p2|herocreep224|ghetsis-gen5bw|\n|teamsize|p1|6\n|teamsize|p2|6\n|gen|9\n|tier|[Gen 9] OU\n|rule|Sleep Clause Mod: Limit one foe put to sleep\n|rule|Species Clause: Limit one of each Pok\u00e9mon\n|rule|OHKO Clause: OHKO moves are banned\n|rule|Evasion Items Clause: Evasion items are banned\n|rule|Evasion Moves Clause: Evasion moves are banned\n|rule|Endless Battle Clause: Forcing endless battles is banned\n|rule|HP Percentage Mod: HP is shown in percentages\n|clearpoke\n|poke|p1|Rotom-Wash|\n|poke|p1|Tinkaton, F|\n|poke|p1|Iron Hands|\n|poke|p1|Hydreigon, F|\n|poke|p1|Iron Moth|\n|poke|p1|Ogerpon, F|\n|poke|p2|Mimikyu, F|\n|poke|p2|Trevenant, F|\n|poke|p2|Dragapult, M|\n|poke|p2|Chandelure, F|\n|poke|p2|Gengar, F|\n|poke|p2|Ogerpon-Cornerstone, F|\n|teampreview\n|\n|t:|1700920762\n|start\n|switch|p1a: Ogerpon|Ogerpon, F|100\/100\n|switch|p2a: Eris|Mimikyu, F, shiny|100\/100\n|turn|1\n|\n|t:|1700920781\n|move|p1a: Ogerpon|U-turn|p2a: Eris\n|-activate|p2a: Eris|ability: Disguise\n|-damage|p2a: Eris|100\/100\n|detailschange|p2a: Eris|Mimikyu-Busted, F, shiny\n|-damage|p2a: Eris|88\/100|[from] pokemon: Mimikyu-Busted\n|\n|t:|1700920798\n|switch|p1a: Harmonia|Hydreigon, F|100\/100|[from] U-turn\n|move|p2a: Eris|Swords Dance|p2a: Eris\n|-boost|p2a: Eris|atk|2\n|\n|upkeep\n|turn|2\n|\n|t:|1700920809\n|move|p1a: Harmonia|Draco Meteor|p2a: Eris\n|-immune|p2a: Eris\n|move|p2a: Eris|Play Rough|p1a: Harmonia|[miss]\n|-miss|p2a: Eris|p1a: Harmonia\n|\n|upkeep\n|turn|3\n|\n|t:|1700920816\n|move|p1a: Harmonia|Dark Pulse|p2a: Eris\n|-damage|p2a: Eris|15\/100\n|-damage|p1a: Harmonia|91\/100|[from] item: Life Orb\n|move|p2a: Eris|Play Rough|p1a: Harmonia|[miss]\n|-miss|p2a: Eris|p1a: Harmonia\n|\n|upkeep\n|turn|4\n|\n|t:|1700920824\n|move|p1a: Harmonia|Dark Pulse|p2a: Eris\n|-damage|p2a: Eris|0 fnt\n|faint|p2a: Eris\n|-damage|p1a: Harmonia|81\/100|[from] item: Life Orb\n|\n|upkeep\n|\n|t:|1700920838\n|switch|p2a: Apollo|Dragapult, M, shiny|100\/100\n|turn|5\n|\n|t:|1700920842\n|move|p2a: Apollo|Dragon Darts|p1a: Harmonia\n|-supereffective|p1a: Harmonia\n|-damage|p1a: Harmonia|38\/100\n|-anim|p2a: Apollo|Dragon Darts|p1a: Harmonia\n|-supereffective|p1a: Harmonia\n|-damage|p1a: Harmonia|0 fnt\n|faint|p1a: Harmonia\n|\n|upkeep\n|\n|t:|1700920865\n|switch|p1a: Doubletap|Tinkaton, F|100\/100\n|-ability|p1a: Doubletap|Mold Breaker\n|turn|6\n|\n|t:|1700920888\n|move|p2a: Apollo|Curse|p1a: Doubletap\n|-start|p1a: Doubletap|Curse|[of] p2a: Apollo\n|-damage|p2a: Apollo|50\/100\n|move|p1a: Doubletap|Thunder Wave|p2a: Apollo\n|-status|p2a: Apollo|par\n|\n|-damage|p1a: Doubletap|76\/100|[from] Curse\n|upkeep\n|turn|7\n|\n|t:|1700920900\n|switch|p2a: Gaia|Ogerpon-Cornerstone, F|100\/100\n|move|p1a: Doubletap|Knock Off|p2a: Gaia\n|-damage|p2a: Gaia|85\/100\n|\n|-heal|p1a: Doubletap|82\/100|[from] item: Leftovers\n|-damage|p1a: Doubletap|57\/100|[from] Curse\n|upkeep\n|turn|8\n|\n|t:|1700920912\n|-terastallize|p2a: Gaia|Rock\n|detailschange|p2a: Gaia|Ogerpon-Cornerstone-Tera, F, tera:Rock\n|-ability|p2a: Gaia|Embody Aspect (Cornerstone)|boost\n|-boost|p2a: Gaia|def|1\n|move|p2a: Gaia|Stomping Tantrum|p1a: Doubletap\n|-supereffective|p1a: Doubletap\n|-damage|p1a: Doubletap|0 fnt\n|faint|p1a: Doubletap\n|\n|upkeep\n|\n|t:|1700920920\n|switch|p1a: Ogerpon|Ogerpon, F|100\/100\n|turn|9\n|\n|t:|1700920943\n|-terastallize|p1a: Ogerpon|Grass\n|detailschange|p1a: Ogerpon|Ogerpon-Teal-Tera, F, tera:Grass\n|-ability|p1a: Ogerpon|Embody Aspect (Teal)|boost\n|-boost|p1a: Ogerpon|spe|1\n|move|p1a: Ogerpon|Ivy Cudgel|p2a: Gaia\n|-supereffective|p2a: Gaia\n|-damage|p2a: Gaia|0 fnt\n|faint|p2a: Gaia\n|\n|upkeep\n|\n|t:|1700920954\n|switch|p2a: Kharon|Chandelure, F, shiny|100\/100\n|turn|10\n|\n|t:|1700920961\n|switch|p1a: Ra-Moon|Iron Moth, shiny|100\/100\n|move|p2a: Kharon|Flamethrower|p1a: Ra-Moon\n|-resisted|p1a: Ra-Moon\n|-damage|p1a: Ra-Moon|76\/100\n|\n|upkeep\n|turn|11\n|\n|t:|1700920981\n|move|p1a: Ra-Moon|Sludge Wave|p2a: Kharon\n|-resisted|p2a: Kharon\n|-damage|p2a: Kharon|42\/100\n|move|p2a: Kharon|Will-O-Wisp|p1a: Ra-Moon\n|-immune|p1a: Ra-Moon\n|\n|upkeep\n|turn|12\n|\n|t:|1700920987\n|move|p1a: Ra-Moon|Sludge Wave|p2a: Kharon\n|-resisted|p2a: Kharon\n|-damage|p2a: Kharon|0 fnt\n|faint|p2a: Kharon\n|\n|upkeep\n|\n|t:|1700920998\n|switch|p2a: Nemestrinus|Trevenant, F, shiny|100\/100\n|turn|13\n|\n|t:|1700921001\n|move|p1a: Ra-Moon|Sludge Wave|p2a: Nemestrinus\n|-damage|p2a: Nemestrinus|18\/100\n|move|p2a: Nemestrinus|Earthquake|p1a: Ra-Moon\n|-supereffective|p1a: Ra-Moon\n|-damage|p1a: Ra-Moon|0 fnt\n|faint|p1a: Ra-Moon\n|-end|p1a: Ra-Moon|Quark Drive|[silent]\n|\n|upkeep\n|\n|t:|1700921022\n|switch|p1a: Mr. Electric|Iron Hands, shiny|100\/100\n|turn|14\n|\n|t:|1700921034\n|move|p1a: Mr. Electric|Ice Punch|p2a: Nemestrinus\n|-supereffective|p2a: Nemestrinus\n|-damage|p2a: Nemestrinus|0 fnt\n|faint|p2a: Nemestrinus\n|\n|upkeep\n|\n|t:|1700921052\n|switch|p2a: Tisiphone|Gengar, F, shiny|100\/100\n|turn|15\n|\n|t:|1700921062\n|move|p2a: Tisiphone|Sludge Bomb|p1a: Mr. Electric\n|-damage|p1a: Mr. Electric|56\/100\n|move|p1a: Mr. Electric|Swords Dance|p1a: Mr. Electric\n|-boost|p1a: Mr. Electric|atk|2\n|\n|-heal|p1a: Mr. Electric|62\/100|[from] item: Leftovers\n|upkeep\n|turn|16\n|\n|t:|1700921070\n|move|p2a: Tisiphone|Sludge Bomb|p1a: Mr. Electric\n|-damage|p1a: Mr. Electric|22\/100\n|-status|p1a: Mr. Electric|psn\n|move|p1a: Mr. Electric|Wild Charge|p2a: Tisiphone\n|-damage|p2a: Tisiphone|0 fnt\n|faint|p2a: Tisiphone\n|-damage|p1a: Mr. Electric|10\/100 psn|[from] Recoil\n|\n|-heal|p1a: Mr. Electric|16\/100 psn|[from] item: Leftovers\n|-damage|p1a: Mr. Electric|3\/100 psn|[from] psn\n|upkeep\n|\n|t:|1700921081\n|switch|p2a: Apollo|Dragapult, M, shiny|50\/100 par\n|turn|17\n|\n|t:|1700921087\n|cant|p2a: Apollo|par\n|move|p1a: Mr. Electric|Ice Punch|p2a: Apollo\n|-supereffective|p2a: Apollo\n|-damage|p2a: Apollo|0 fnt\n|faint|p2a: Apollo\n|\n|win|endersOverlord\n","uploadtime":1700921096,"views":6,"p1id":"endersoverlord","p2id":"herocreep224","formatid":"gen9ou","rating":0,"private":0,"password":""}