{"id":"gen9ou-1999990936","p1":"DooT241","p2":"Britzler","format":"[Gen 9] OU","log":"|j|\u2606DooT241\n|j|\u2606Britzler\n|t:|1701138456\n|gametype|singles\n|player|p1|DooT241|roxie|\n|player|p2|Britzler|juan|\n|teamsize|p1|6\n|teamsize|p2|6\n|gen|9\n|tier|[Gen 9] OU\n|rule|Sleep Clause Mod: Limit one foe put to sleep\n|rule|Species Clause: Limit one of each Pok\u00e9mon\n|rule|OHKO Clause: OHKO moves are banned\n|rule|Evasion Items Clause: Evasion items are banned\n|rule|Evasion Moves Clause: Evasion moves are banned\n|rule|Endless Battle Clause: Forcing endless battles is banned\n|rule|HP Percentage Mod: HP is shown in percentages\n|clearpoke\n|poke|p1|Persian, F|\n|poke|p1|Brambleghast, F|\n|poke|p1|Gyarados, M|\n|poke|p1|Rotom-Wash|\n|poke|p1|Kilowattrel, F|\n|poke|p1|Frosmoth, F|\n|poke|p2|Quaquaval, F|\n|poke|p2|Umbreon, M|\n|poke|p2|Electrode-Hisui|\n|poke|p2|Landorus-Therian, M|\n|poke|p2|Typhlosion-Hisui, F|\n|poke|p2|Tinkaton, F|\n|teampreview\n|inactive|Battle timer is ON: inactive players will automatically lose when time's up. (requested by Britzler)\n|c|\u2606Britzler|Gl hf\n|c|\u2606DooT241|gl hf\n|\n|t:|1701138483\n|start\n|switch|p1a: Persian|Persian, F|100\/100\n|switch|p2a: Senorita Bonk|Tinkaton, F|100\/100\n|-ability|p2a: Senorita Bonk|Mold Breaker\n|turn|1\n|\n|t:|1701138498\n|move|p1a: Persian|Fake Out|p2a: Senorita Bonk\n|-resisted|p2a: Senorita Bonk\n|-damage|p2a: Senorita Bonk|83\/100\n|-damage|p1a: Persian|91\/100|[from] item: Life Orb\n|cant|p2a: Senorita Bonk|flinch\n|\n|-heal|p2a: Senorita Bonk|90\/100|[from] item: Leftovers\n|upkeep\n|turn|2\n|\n|t:|1701138512\n|switch|p1a: Rotom|Rotom-Wash|100\/100\n|move|p2a: Senorita Bonk|Knock Off|p1a: Rotom\n|-damage|p1a: Rotom|80\/100\n|-enditem|p1a: Rotom|Choice Scarf|[from] move: Knock Off|[of] p2a: Senorita Bonk\n|\n|-heal|p2a: Senorita Bonk|96\/100|[from] item: Leftovers\n|upkeep\n|turn|3\n|inactive|Britzler has 270 seconds left.\n|\n|t:|1701138543\n|move|p1a: Rotom|Will-O-Wisp|p2a: Senorita Bonk\n|-status|p2a: Senorita Bonk|brn\n|move|p2a: Senorita Bonk|Gigaton Hammer|p1a: Rotom\n|-resisted|p1a: Rotom\n|-damage|p1a: Rotom|74\/100\n|\n|-heal|p2a: Senorita Bonk|100\/100 brn|[from] item: Leftovers\n|-damage|p2a: Senorita Bonk|94\/100 brn|[from] brn\n|upkeep\n|turn|4\n|inactive|Britzler has 270 seconds left.\n|\n|t:|1701138568\n|move|p1a: Rotom|Hydro Pump|p2a: Senorita Bonk|[miss]\n|-miss|p1a: Rotom|p2a: Senorita Bonk\n|move|p2a: Senorita Bonk|Knock Off|p1a: Rotom\n|-damage|p1a: Rotom|67\/100\n|\n|-heal|p2a: Senorita Bonk|100\/100 brn|[from] item: Leftovers\n|-damage|p2a: Senorita Bonk|94\/100 brn|[from] brn\n|upkeep\n|turn|5\n|inactiveoff|Battle timer is now OFF.\n|\n|t:|1701138579\n|switch|p2a: In your Jaws|Electrode-Hisui|100\/100\n|move|p1a: Rotom|Trick|p2a: In your Jaws\n|-activate|p1a: Rotom|move: Trick|[of] p2a: In your Jaws\n|-enditem|p2a: In your Jaws|Heavy-Duty Boots|[silent]|[from] move: Trick\n|-item|p1a: Rotom|Heavy-Duty Boots|[from] move: Trick\n|\n|upkeep\n|turn|6\n|\n|t:|1701138593\n|switch|p1a: Frosmoth|Frosmoth, F|100\/100\n|move|p2a: In your Jaws|Energy Ball|p1a: Frosmoth\n|-resisted|p1a: Frosmoth\n|-damage|p1a: Frosmoth|89\/100\n|-unboost|p1a: Frosmoth|spd|1\n|\n|-heal|p1a: Frosmoth|95\/100|[from] item: Leftovers\n|upkeep\n|turn|7\n|\n|t:|1701138605\n|move|p2a: In your Jaws|Volt Switch|p1a: Frosmoth\n|-damage|p1a: Frosmoth|68\/100\n|\n|t:|1701138608\n|switch|p2a: Senorita Bonk|Tinkaton, F|94\/100 brn|[from] Volt Switch\n|-ability|p2a: Senorita Bonk|Mold Breaker\n|move|p1a: Frosmoth|Quiver Dance|p1a: Frosmoth\n|-boost|p1a: Frosmoth|spa|1\n|-boost|p1a: Frosmoth|spd|1\n|-boost|p1a: Frosmoth|spe|1\n|\n|-heal|p1a: Frosmoth|74\/100|[from] item: Leftovers\n|-heal|p2a: Senorita Bonk|100\/100 brn|[from] item: Leftovers\n|-damage|p2a: Senorita Bonk|94\/100 brn|[from] brn\n|upkeep\n|turn|8\n|\n|t:|1701138631\n|switch|p1a: Rotom|Rotom-Wash|67\/100\n|move|p2a: Senorita Bonk|Thunder Wave|p1a: Rotom\n|-immune|p1a: Rotom\n|\n|-heal|p2a: Senorita Bonk|100\/100 brn|[from] item: Leftovers\n|-damage|p2a: Senorita Bonk|94\/100 brn|[from] brn\n|upkeep\n|turn|9\n|\n|t:|1701138641\n|switch|p2a: In your Jaws|Electrode-Hisui|100\/100\n|move|p1a: Rotom|Trick|p2a: In your Jaws\n|-activate|p1a: Rotom|move: Trick|[of] p2a: In your Jaws\n|-item|p2a: In your Jaws|Heavy-Duty Boots|[from] move: Trick\n|-enditem|p1a: Rotom|Heavy-Duty Boots|[silent]|[from] move: Trick\n|\n|upkeep\n|turn|10\n|\n|t:|1701138653\n|move|p2a: In your Jaws|Energy Ball|p1a: Rotom\n|-supereffective|p1a: Rotom\n|-damage|p1a: Rotom|0 fnt\n|faint|p1a: Rotom\n|\n|upkeep\n|\n|t:|1701138658\n|switch|p1a: Persian|Persian, F|91\/100\n|turn|11\n|\n|t:|1701138664\n|switch|p2a: Taco Bell|Typhlosion-Hisui, F, shiny|100\/100\n|-item|p1a: Persian|Life Orb|[from] ability: Frisk|[of] p2a: Taco Bell|[identify]\n|move|p1a: Persian|Fake Out|p2a: Taco Bell\n|-immune|p2a: Taco Bell\n|\n|upkeep\n|turn|12\n|\n|t:|1701138675\n|move|p2a: Taco Bell|Eruption|p1a: Persian\n|-damage|p1a: Persian|0 fnt\n|faint|p1a: Persian\n|\n|upkeep\n|\n|t:|1701138684\n|switch|p1a: Gyarados|Gyarados, M|100\/100\n|turn|13\n|\n|t:|1701138698\n|move|p2a: Taco Bell|Eruption|p1a: Gyarados\n|-resisted|p1a: Gyarados\n|-damage|p1a: Gyarados|61\/100\n|move|p1a: Gyarados|Dragon Dance|p1a: Gyarados\n|-boost|p1a: Gyarados|atk|1\n|-boost|p1a: Gyarados|spe|1\n|\n|upkeep\n|turn|14\n|\n|t:|1701138708\n|move|p2a: Taco Bell|Eruption|p1a: Gyarados\n|-resisted|p1a: Gyarados\n|-damage|p1a: Gyarados|22\/100\n|move|p1a: Gyarados|Dragon Dance|p1a: Gyarados\n|-boost|p1a: Gyarados|atk|1\n|-boost|p1a: Gyarados|spe|1\n|\n|upkeep\n|turn|15\n|\n|t:|1701138718\n|move|p1a: Gyarados|Waterfall|p2a: Taco Bell\n|-supereffective|p2a: Taco Bell\n|-damage|p2a: Taco Bell|0 fnt\n|faint|p2a: Taco Bell\n|-ability|p1a: Gyarados|Moxie|boost\n|-boost|p1a: Gyarados|atk|1\n|\n|upkeep\n|\n|t:|1701138724\n|switch|p2a: Gliscor at home|Landorus-Therian, M|100\/100\n|-ability|p2a: Gliscor at home|Intimidate|boost\n|-unboost|p1a: Gyarados|atk|1\n|turn|16\n|\n|t:|1701138748\n|switch|p2a: James Charkes|Quaquaval, F|100\/100\n|move|p1a: Gyarados|Waterfall|p2a: James Charkes\n|-resisted|p2a: James Charkes\n|-damage|p2a: James Charkes|48\/100\n|\n|upkeep\n|turn|17\n|\n|t:|1701138759\n|switch|p2a: Senorita Bonk|Tinkaton, F|94\/100 brn\n|-ability|p2a: Senorita Bonk|Mold Breaker\n|move|p1a: Gyarados|Waterfall|p2a: Senorita Bonk\n|-damage|p2a: Senorita Bonk|0 fnt\n|faint|p2a: Senorita Bonk\n|-ability|p1a: Gyarados|Moxie|boost\n|-boost|p1a: Gyarados|atk|1\n|\n|upkeep\n|\n|t:|1701138770\n|switch|p2a: In your Jaws|Electrode-Hisui|100\/100\n|turn|18\n|\n|t:|1701138780\n|-terastallize|p1a: Gyarados|Ground\n|move|p1a: Gyarados|Earthquake|p2a: In your Jaws\n|-damage|p2a: In your Jaws|0 fnt\n|faint|p2a: In your Jaws\n|-ability|p1a: Gyarados|Moxie|boost\n|-boost|p1a: Gyarados|atk|1\n|\n|upkeep\n|\n|t:|1701138789\n|switch|p2a: James Charkes|Quaquaval, F|48\/100\n|turn|19\n|\n|t:|1701138792\n|move|p1a: Gyarados|Waterfall|p2a: James Charkes\n|-resisted|p2a: James Charkes\n|-damage|p2a: James Charkes|0 fnt\n|faint|p2a: James Charkes\n|-ability|p1a: Gyarados|Moxie|boost\n|-boost|p1a: Gyarados|atk|1\n|\n|upkeep\n|\n|t:|1701138800\n|switch|p2a: Gliscor at home|Landorus-Therian, M|100\/100\n|-ability|p2a: Gliscor at home|Intimidate|boost\n|-unboost|p1a: Gyarados|atk|1\n|turn|20\n|\n|t:|1701138804\n|move|p1a: Gyarados|Waterfall|p2a: Gliscor at home\n|-supereffective|p2a: Gliscor at home\n|-damage|p2a: Gliscor at home|0 fnt\n|faint|p2a: Gliscor at home\n|-ability|p1a: Gyarados|Moxie|boost\n|-boost|p1a: Gyarados|atk|1\n|\n|upkeep\n|\n|t:|1701138814\n|switch|p2a: Best Shiny Eevee|Umbreon, M, shiny|100\/100\n|turn|21\n|\n|t:|1701138818\n|move|p1a: Gyarados|Earthquake|p2a: Best Shiny Eevee\n|-damage|p2a: Best Shiny Eevee|0 fnt\n|faint|p2a: Best Shiny Eevee\n|\n|win|DooT241\n|c|\u2606Britzler|Gg\n|c|\u2606DooT241|gg\n|l|\u2606DooT241\n","uploadtime":1701138824,"views":13,"p1id":"doot241","p2id":"britzler","formatid":"gen9ou","rating":0,"private":0,"password":""}