{"id":"gen9ou-1997402990","p1":"tengentoppaaa","p2":"tyhrtyrtyrty","format":"[Gen 9] OU","log":"|j|\u2606tengentoppaaa\n|j|\u2606tyhrtyrtyrty\n|t:|1700799717\n|gametype|singles\n|player|p1|tengentoppaaa|iris-gen5bw2|1123\n|player|p2|tyhrtyrtyrty|170|1080\n|teamsize|p1|6\n|teamsize|p2|6\n|gen|9\n|tier|[Gen 9] OU\n|rated|\n|rule|Sleep Clause Mod: Limit one foe put to sleep\n|rule|Species Clause: Limit one of each Pok\u00e9mon\n|rule|OHKO Clause: OHKO moves are banned\n|rule|Evasion Items Clause: Evasion items are banned\n|rule|Evasion Moves Clause: Evasion moves are banned\n|rule|Endless Battle Clause: Forcing endless battles is banned\n|rule|HP Percentage Mod: HP is shown in percentages\n|clearpoke\n|poke|p1|Pelipper, F|\n|poke|p1|Basculegion-F, F|\n|poke|p1|Gholdengo|\n|poke|p1|Zapdos|\n|poke|p1|Amoonguss, M|\n|poke|p1|Ogerpon-Wellspring, F|\n|poke|p2|Espeon, F|\n|poke|p2|Dragonite, F|\n|poke|p2|Eelektross, F|\n|poke|p2|Manaphy|\n|poke|p2|Haxorus, M|\n|poke|p2|Salamence, F|\n|teampreview\n|\n|t:|1700799722\n|start\n|switch|p1a: Pelipper|Pelipper, F|100\/100\n|switch|p2a: Dragonite|Dragonite, F|100\/100\n|-weather|RainDance|[from] ability: Drizzle|[of] p1a: Pelipper\n|turn|1\n|\n|t:|1700799731\n|move|p2a: Dragonite|Agility|p2a: Dragonite\n|-boost|p2a: Dragonite|spe|2\n|move|p1a: Pelipper|U-turn|p2a: Dragonite\n|-resisted|p2a: Dragonite\n|-damage|p2a: Dragonite|98\/100\n|\n|t:|1700799743\n|switch|p1a: Basculegion|Basculegion-F, F|100\/100|[from] U-turn\n|\n|-weather|RainDance|[upkeep]\n|upkeep\n|turn|2\n|\n|t:|1700799752\n|move|p2a: Dragonite|Thunderbolt|p1a: Basculegion\n|-supereffective|p1a: Basculegion\n|-damage|p1a: Basculegion|48\/100\n|move|p1a: Basculegion|Ice Beam|p2a: Dragonite\n|-supereffective|p2a: Dragonite\n|-damage|p2a: Dragonite|0 fnt\n|faint|p2a: Dragonite\n|\n|-weather|RainDance|[upkeep]\n|upkeep\n|\n|t:|1700799764\n|switch|p2a: Espeon|Espeon, F|100\/100\n|turn|3\n|\n|t:|1700799772\n|switch|p1a: Gholdengo|Gholdengo|100\/100\n|move|p2a: Espeon|Thunder Wave|p1a: Gholdengo\n|-immune|p1a: Gholdengo|[from] ability: Good as Gold\n|\n|-weather|RainDance|[upkeep]\n|upkeep\n|turn|4\n|\n|t:|1700799782\n|move|p2a: Espeon|Calm Mind|p2a: Espeon\n|-boost|p2a: Espeon|spa|1\n|-boost|p2a: Espeon|spd|1\n|move|p1a: Gholdengo|Hex|p2a: Espeon\n|-supereffective|p2a: Espeon\n|-damage|p2a: Espeon|36\/100\n|\n|-weather|RainDance|[upkeep]\n|upkeep\n|turn|5\n|\n|t:|1700799789\n|move|p2a: Espeon|Wish|p2a: Espeon\n|move|p1a: Gholdengo|Hex|p2a: Espeon\n|-supereffective|p2a: Espeon\n|-damage|p2a: Espeon|0 fnt\n|faint|p2a: Espeon\n|\n|-weather|RainDance|[upkeep]\n|upkeep\n|\n|t:|1700799797\n|switch|p2a: Manaphy|Manaphy|100\/100\n|turn|6\n|\n|t:|1700799804\n|switch|p1a: Zapdos|Zapdos|100\/100\n|move|p2a: Manaphy|Take Heart|p2a: Manaphy\n|-boost|p2a: Manaphy|spa|1\n|-boost|p2a: Manaphy|spd|1\n|\n|-weather|RainDance|[upkeep]\n|upkeep\n|turn|7\n|\n|t:|1700799812\n|-terastallize|p2a: Manaphy|Fairy\n|move|p1a: Zapdos|Thunder|p2a: Manaphy\n|-damage|p2a: Manaphy|42\/100\n|-status|p2a: Manaphy|par\n|move|p2a: Manaphy|Take Heart|p2a: Manaphy\n|-boost|p2a: Manaphy|spa|1\n|-boost|p2a: Manaphy|spd|1\n|-curestatus|p2a: Manaphy|par|[msg]\n|\n|-weather|RainDance|[upkeep]\n|-heal|p2a: Manaphy|48\/100|[from] item: Leftovers\n|upkeep\n|turn|8\n|\n|t:|1700799823\n|move|p2a: Manaphy|Ice Beam|p1a: Zapdos\n|-supereffective|p1a: Zapdos\n|-damage|p1a: Zapdos|0 fnt\n|faint|p1a: Zapdos\n|\n|-weather|none\n|-heal|p2a: Manaphy|54\/100|[from] item: Leftovers\n|upkeep\n|\n|t:|1700799830\n|switch|p1a: Ogerpon|Ogerpon-Wellspring, F|100\/100\n|turn|9\n|\n|t:|1700799837\n|switch|p2a: Salamence|Salamence, F|100\/100\n|-ability|p2a: Salamence|Intimidate|boost\n|-unboost|p1a: Ogerpon|atk|1\n|move|p1a: Ogerpon|Ivy Cudgel|p2a: Salamence|[anim] Ivy Cudgel Water\n|-resisted|p2a: Salamence\n|-damage|p2a: Salamence|77\/100\n|\n|upkeep\n|turn|10\n|\n|t:|1700799861\n|switch|p1a: Pelipper|Pelipper, F|100\/100\n|-weather|RainDance|[from] ability: Drizzle|[of] p1a: Pelipper\n|move|p2a: Salamence|Dual Wingbeat|p1a: Pelipper\n|-damage|p1a: Pelipper|83\/100\n|-damage|p1a: Pelipper|66\/100\n|-hitcount|p1a: Pelipper|2\n|\n|-weather|RainDance|[upkeep]\n|upkeep\n|turn|11\n|\n|t:|1700799872\n|switch|p2a: Manaphy|Manaphy, tera:Fairy|54\/100\n|move|p1a: Pelipper|Hurricane|p2a: Manaphy\n|-damage|p2a: Manaphy|21\/100\n|-start|p2a: Manaphy|confusion\n|\n|-weather|RainDance|[upkeep]\n|-heal|p2a: Manaphy|27\/100|[from] item: Leftovers\n|upkeep\n|turn|12\n|inactive|Battle timer is ON: inactive players will automatically lose when time's up. (requested by tengentoppaaa)\n|\n|t:|1700799945\n|-activate|p2a: Manaphy|confusion\n|move|p2a: Manaphy|Ice Beam|p1a: Pelipper\n|-damage|p1a: Pelipper|34\/100\n|move|p1a: Pelipper|Hurricane|p2a: Manaphy\n|-damage|p2a: Manaphy|0 fnt\n|faint|p2a: Manaphy\n|\n|-weather|RainDance|[upkeep]\n|upkeep\n|\n|t:|1700799956\n|switch|p2a: Haxorus|Haxorus, M|100\/100\n|-ability|p2a: Haxorus|Mold Breaker\n|turn|13\n|\n|t:|1700799977\n|move|p2a: Haxorus|Dragon Dance|p2a: Haxorus\n|-boost|p2a: Haxorus|atk|1\n|-boost|p2a: Haxorus|spe|1\n|move|p1a: Pelipper|Hurricane|p2a: Haxorus\n|-damage|p2a: Haxorus|51\/100\n|\n|-weather|RainDance|[upkeep]\n|upkeep\n|turn|14\n|\n|t:|1700799992\n|move|p2a: Haxorus|Shadow Claw|p1a: Pelipper\n|-crit|p1a: Pelipper\n|-damage|p1a: Pelipper|0 fnt\n|faint|p1a: Pelipper\n|\n|-weather|RainDance|[upkeep]\n|upkeep\n|\n|t:|1700800005\n|switch|p1a: Ogerpon|Ogerpon-Wellspring, F|100\/100\n|turn|15\n|\n|t:|1700800010\n|move|p2a: Haxorus|Poison Jab|p1a: Ogerpon\n|-supereffective|p1a: Ogerpon\n|-damage|p1a: Ogerpon|0 fnt\n|faint|p1a: Ogerpon\n|\n|-weather|RainDance|[upkeep]\n|upkeep\n|\n|t:|1700800016\n|switch|p1a: Amoonguss|Amoonguss, M|100\/100\n|turn|16\n|\n|t:|1700800021\n|move|p2a: Haxorus|Taunt|p1a: Amoonguss\n|-start|p1a: Amoonguss|move: Taunt\n|cant|p1a: Amoonguss|move: Taunt|Spore\n|\n|-weather|RainDance|[upkeep]\n|upkeep\n|turn|17\n|\n|t:|1700800027\n|move|p2a: Haxorus|Shadow Claw|p1a: Amoonguss\n|-damage|p1a: Amoonguss|56\/100\n|move|p1a: Amoonguss|Sludge Bomb|p2a: Haxorus\n|-damage|p2a: Haxorus|16\/100\n|\n|-weather|none\n|-heal|p1a: Amoonguss|62\/100|[from] item: Leftovers\n|upkeep\n|turn|18\n|\n|t:|1700800035\n|move|p2a: Haxorus|Shadow Claw|p1a: Amoonguss\n|-crit|p1a: Amoonguss\n|-damage|p1a: Amoonguss|0 fnt\n|faint|p1a: Amoonguss\n|\n|upkeep\n|\n|t:|1700800040\n|switch|p1a: Gholdengo|Gholdengo|100\/100\n|turn|19\n|\n|t:|1700800043\n|-terastallize|p1a: Gholdengo|Water\n|move|p2a: Haxorus|Shadow Claw|p1a: Gholdengo\n|-crit|p1a: Gholdengo\n|-damage|p1a: Gholdengo|44\/100\n|move|p1a: Gholdengo|Hex|p2a: Haxorus\n|-damage|p2a: Haxorus|0 fnt\n|faint|p2a: Haxorus\n|\n|-heal|p1a: Gholdengo|50\/100|[from] item: Leftovers\n|upkeep\n|\n|t:|1700800053\n|switch|p2a: Salamence|Salamence, F|77\/100\n|-ability|p2a: Salamence|Intimidate|boost\n|-unboost|p1a: Gholdengo|atk|1\n|turn|20\n|\n|t:|1700800061\n|move|p2a: Salamence|Dragon Dance|p2a: Salamence\n|-boost|p2a: Salamence|atk|1\n|-boost|p2a: Salamence|spe|1\n|move|p1a: Gholdengo|Recover|p1a: Gholdengo\n|-heal|p1a: Gholdengo|100\/100\n|\n|upkeep\n|turn|21\n|\n|t:|1700800069\n|move|p2a: Salamence|Dual Wingbeat|p1a: Gholdengo\n|-damage|p1a: Gholdengo|66\/100\n|-damage|p1a: Gholdengo|33\/100\n|-hitcount|p1a: Gholdengo|2\n|move|p1a: Gholdengo|Thunder Wave|p2a: Salamence\n|-status|p2a: Salamence|par\n|\n|-heal|p1a: Gholdengo|39\/100|[from] item: Leftovers\n|upkeep\n|turn|22\n|\n|t:|1700800077\n|move|p1a: Gholdengo|Make It Rain|p2a: Salamence\n|-damage|p2a: Salamence|3\/100 par\n|-unboost|p1a: Gholdengo|spa|1\n|-enditem|p2a: Salamence|Liechi Berry|[eat]\n|-boost|p2a: Salamence|atk|1|[from] item: Liechi Berry\n|move|p2a: Salamence|Dual Wingbeat|p1a: Gholdengo\n|-damage|p1a: Gholdengo|0 fnt\n|faint|p1a: Gholdengo\n|-hitcount|p1: Gholdengo|1\n|\n|upkeep\n|\n|t:|1700800081\n|switch|p1a: Basculegion|Basculegion-F, F|48\/100\n|turn|23\n|\n|t:|1700800111\n|cant|p2a: Salamence|par\n|move|p1a: Basculegion|Surf|p2a: Salamence\n|-resisted|p2a: Salamence\n|-damage|p2a: Salamence|0 fnt\n|faint|p2a: Salamence\n|\n|upkeep\n|inactive|tyhrtyrtyrty has 120 seconds left.\n|\n|t:|1700800124\n|switch|p2a: Eelektross|Eelektross, F|100\/100\n|turn|24\n|inactive|tyhrtyrtyrty has 120 seconds left.\n|inactive|tyhrtyrtyrty has 90 seconds left.\n|inactive|tyhrtyrtyrty has 60 seconds left.\n|inactive|tyhrtyrtyrty has 30 seconds left.\n|inactive|tyhrtyrtyrty has 20 seconds left.\n|\n|t:|1700800235\n|move|p1a: Basculegion|Surf|p2a: Eelektross\n|-damage|p2a: Eelektross|38\/100\n|move|p2a: Eelektross|Coil|p2a: Eelektross\n|-boost|p2a: Eelektross|atk|1\n|-boost|p2a: Eelektross|def|1\n|-boost|p2a: Eelektross|accuracy|1\n|\n|upkeep\n|turn|25\n|inactive|tyhrtyrtyrty has 30 seconds left this turn.\n|\n|t:|1700800242\n|move|p1a: Basculegion|Surf|p2a: Eelektross\n|-damage|p2a: Eelektross|0 fnt\n|faint|p2a: Eelektross\n|\n|win|tengentoppaaa\n|inactive|tyhrtyrtyrty has 30 seconds left this turn.\n|raw|tengentoppaaa's rating: 1123 &rarr; <strong>1145<\/strong><br \/>(+22 for winning)\n|raw|tyhrtyrtyrty's rating: 1080 &rarr; <strong>1061<\/strong><br \/>(-19 for losing)\n|l|\u2606tyhrtyrtyrty\n|c|\u2606tengentoppaaa|why didnt u jusrt\n|c|\u2606tengentoppaaa|click an electric move bro\n","uploadtime":1700800259,"views":6,"p1id":"tengentoppaaa","p2id":"tyhrtyrtyrty","formatid":"gen9ou","rating":1061,"private":0,"password":""}