{"id":"gen9ou-1994878868","p1":"Fluitzzerg","p2":"SnoozSeal","format":"[Gen 9] OU","log":"|j|\u2606Fluitzzerg\n|j|\u2606SnoozSeal\n|t:|1700501077\n|gametype|singles\n|player|p1|Fluitzzerg|zirco-unite|1357\n|player|p2|SnoozSeal|larry|1258\n|teamsize|p1|6\n|teamsize|p2|6\n|gen|9\n|tier|[Gen 9] OU\n|rated|\n|rule|Sleep Clause Mod: Limit one foe put to sleep\n|rule|Species Clause: Limit one of each Pok\u00e9mon\n|rule|OHKO Clause: OHKO moves are banned\n|rule|Evasion Items Clause: Evasion items are banned\n|rule|Evasion Moves Clause: Evasion moves are banned\n|rule|Endless Battle Clause: Forcing endless battles is banned\n|rule|HP Percentage Mod: HP is shown in percentages\n|clearpoke\n|poke|p1|Dragapult, F|\n|poke|p1|Iron Treads|\n|poke|p1|Greninja-*, M|\n|poke|p1|Clodsire, F|\n|poke|p1|Iron Valiant|\n|poke|p1|Ceruledge, F|\n|poke|p2|Ting-Lu|\n|poke|p2|Great Tusk|\n|poke|p2|Ribombee, F|\n|poke|p2|Gholdengo|\n|poke|p2|Dragapult, F|\n|poke|p2|Ceruledge, M|\n|teampreview\n|inactive|Battle timer is ON: inactive players will automatically lose when time's up. (requested by SnoozSeal)\n|inactive|Fluitzzerg has 120 seconds left.\n|\n|t:|1700501110\n|start\n|switch|p1a: Iron Treads|Iron Treads|100\/100\n|switch|p2a: best ghoul|Ceruledge, M|100\/100\n|turn|1\n|\n|t:|1700501115\n|move|p1a: Iron Treads|Knock Off|p2a: best ghoul\n|-supereffective|p2a: best ghoul\n|-damage|p2a: best ghoul|30\/100\n|-ability|p2a: best ghoul|Weak Armor|boost\n|-unboost|p2a: best ghoul|def|1\n|-boost|p2a: best ghoul|spe|2\n|-enditem|p2a: best ghoul|Focus Sash|[from] move: Knock Off|[of] p1a: Iron Treads\n|move|p2a: best ghoul|Swords Dance|p2a: best ghoul\n|-boost|p2a: best ghoul|atk|2\n|\n|upkeep\n|turn|2\n|\n|t:|1700501121\n|move|p2a: best ghoul|Bitter Blade|p1a: Iron Treads\n|-supereffective|p1a: Iron Treads\n|-damage|p1a: Iron Treads|0 fnt\n|-heal|p2a: best ghoul|96\/100|[from] drain|[of] p1a: Iron Treads\n|faint|p1a: Iron Treads\n|-end|p1a: Iron Treads|Quark Drive|[silent]\n|\n|upkeep\n|\n|t:|1700501126\n|switch|p1a: Greninja|Greninja, M|100\/100\n|turn|3\n|\n|t:|1700501137\n|move|p2a: best ghoul|Close Combat|p1a: Greninja\n|-supereffective|p1a: Greninja\n|-damage|p1a: Greninja|0 fnt\n|-unboost|p2a: best ghoul|def|1\n|-unboost|p2a: best ghoul|spd|1\n|faint|p1a: Greninja\n|\n|upkeep\n|\n|t:|1700501142\n|switch|p1a: Iron Valiant|Iron Valiant|100\/100\n|-enditem|p1a: Iron Valiant|Booster Energy\n|-activate|p1a: Iron Valiant|ability: Quark Drive|[fromitem]\n|-start|p1a: Iron Valiant|quarkdrivespe\n|turn|4\n|\n|t:|1700501144\n|move|p2a: best ghoul|Bitter Blade|p1a: Iron Valiant\n|-damage|p1a: Iron Valiant|0 fnt\n|-heal|p2a: best ghoul|100\/100|[from] drain|[of] p1a: Iron Valiant\n|faint|p1a: Iron Valiant\n|-end|p1a: Iron Valiant|Quark Drive|[silent]\n|\n|upkeep\n|\n|t:|1700501148\n|switch|p1a: Ceruledge|Ceruledge, F|100\/100\n|turn|5\n|\n|t:|1700501152\n|move|p2a: best ghoul|Bitter Blade|p1a: Ceruledge\n|-resisted|p1a: Ceruledge\n|-damage|p1a: Ceruledge|42\/100\n|-ability|p1a: Ceruledge|Weak Armor|boost\n|-unboost|p1a: Ceruledge|def|1\n|-boost|p1a: Ceruledge|spe|2\n|move|p1a: Ceruledge|Swords Dance|p1a: Ceruledge\n|-boost|p1a: Ceruledge|atk|2\n|\n|upkeep\n|turn|6\n|\n|t:|1700501157\n|move|p1a: Ceruledge|Shadow Sneak|p2a: best ghoul\n|-supereffective|p2a: best ghoul\n|-damage|p2a: best ghoul|0 fnt\n|faint|p2a: best ghoul\n|\n|upkeep\n|\n|t:|1700501159\n|switch|p2a: not a ghoul|Great Tusk|100\/100\n|turn|7\n|\n|t:|1700501163\n|move|p1a: Ceruledge|Bitter Blade|p2a: not a ghoul\n|-damage|p2a: not a ghoul|57\/100\n|-heal|p1a: Ceruledge|74\/100|[from] drain|[of] p2a: not a ghoul\n|move|p2a: not a ghoul|Knock Off|p1a: Ceruledge\n|-supereffective|p1a: Ceruledge\n|-damage|p1a: Ceruledge|0 fnt\n|-enditem|p1a: Ceruledge|Focus Sash|[from] move: Knock Off|[of] p2a: not a ghoul\n|faint|p1a: Ceruledge\n|\n|-heal|p2a: not a ghoul|64\/100|[from] item: Leftovers\n|upkeep\n|\n|t:|1700501167\n|switch|p1a: Clodsire|Clodsire, F|100\/100\n|turn|8\n|\n|t:|1700501170\n|move|p2a: not a ghoul|Earthquake|p1a: Clodsire\n|-supereffective|p1a: Clodsire\n|-damage|p1a: Clodsire|41\/100\n|move|p1a: Clodsire|Counter|p2a: not a ghoul\n|-damage|p2a: not a ghoul|0 fnt\n|faint|p2a: not a ghoul\n|-end|p2a: not a ghoul|Protosynthesis|[silent]\n|\n|-heal|p1a: Clodsire|47\/100|[from] item: Black Sludge\n|upkeep\n|\n|t:|1700501176\n|switch|p2a: ghoul vessel|Ting-Lu|100\/100\n|-ability|p2a: ghoul vessel|Vessel of Ruin\n|turn|9\n|\n|t:|1700501178\n|move|p2a: ghoul vessel|Spikes|p1a: Clodsire\n|-sidestart|p1: Fluitzzerg|Spikes\n|move|p1a: Clodsire|Toxic|p2a: ghoul vessel\n|-status|p2a: ghoul vessel|tox\n|\n|-heal|p1a: Clodsire|54\/100|[from] item: Black Sludge\n|-damage|p2a: ghoul vessel|94\/100 tox|[from] psn\n|upkeep\n|turn|10\n|\n|t:|1700501181\n|move|p2a: ghoul vessel|Ruination|p1a: Clodsire\n|-damage|p1a: Clodsire|27\/100\n|move|p1a: Clodsire|Recover|p1a: Clodsire\n|-heal|p1a: Clodsire|77\/100\n|\n|-heal|p2a: ghoul vessel|100\/100 tox|[from] item: Leftovers\n|-heal|p1a: Clodsire|83\/100|[from] item: Black Sludge\n|-damage|p2a: ghoul vessel|88\/100 tox|[from] psn\n|upkeep\n|turn|11\n|\n|t:|1700501185\n|move|p2a: ghoul vessel|Earthquake|p1a: Clodsire\n|-supereffective|p1a: Clodsire\n|-damage|p1a: Clodsire|29\/100\n|move|p1a: Clodsire|Earthquake|p2a: ghoul vessel\n|-damage|p2a: ghoul vessel|74\/100 tox\n|\n|-heal|p2a: ghoul vessel|80\/100 tox|[from] item: Leftovers\n|-heal|p1a: Clodsire|35\/100|[from] item: Black Sludge\n|-damage|p2a: ghoul vessel|61\/100 tox|[from] psn\n|upkeep\n|turn|12\n|\n|t:|1700501190\n|move|p2a: ghoul vessel|Earthquake|p1a: Clodsire\n|-supereffective|p1a: Clodsire\n|-damage|p1a: Clodsire|0 fnt\n|faint|p1a: Clodsire\n|\n|-heal|p2a: ghoul vessel|68\/100 tox|[from] item: Leftovers\n|-damage|p2a: ghoul vessel|43\/100 tox|[from] psn\n|upkeep\n|\n|t:|1700501193\n|switch|p1a: Dragapult|Dragapult, F|100\/100\n|-damage|p1a: Dragapult|88\/100|[from] Spikes\n|turn|13\n|\n|t:|1700501197\n|move|p1a: Dragapult|Dragon Dance|p1a: Dragapult\n|-boost|p1a: Dragapult|atk|1\n|-boost|p1a: Dragapult|spe|1\n|move|p2a: ghoul vessel|Earthquake|p1a: Dragapult\n|-damage|p1a: Dragapult|37\/100\n|\n|-heal|p2a: ghoul vessel|49\/100 tox|[from] item: Leftovers\n|-damage|p2a: ghoul vessel|18\/100 tox|[from] psn\n|upkeep\n|turn|14\n|\n|t:|1700501203\n|move|p1a: Dragapult|Dragon Darts|p2a: ghoul vessel\n|-damage|p2a: ghoul vessel|0 fnt\n|faint|p2a: ghoul vessel\n|\n|upkeep\n|\n|t:|1700501205\n|switch|p2a: what even is this|Ribombee, F|100\/100\n|turn|15\n|\n|t:|1700501208\n|move|p1a: Dragapult|Phantom Force||[still]\n|-prepare|p1a: Dragapult|Phantom Force\n|move|p2a: what even is this|Moonblast|p1a: Dragapult|[miss]\n|-miss|p2a: what even is this|p1a: Dragapult\n|\n|upkeep\n|turn|16\n|\n|t:|1700501211\n|move|p1a: Dragapult|Phantom Force|p2a: what even is this|[from]lockedmove\n|-enditem|p2a: what even is this|Focus Sash\n|-damage|p2a: what even is this|1\/100\n|move|p2a: what even is this|Moonblast|p1a: Dragapult\n|-supereffective|p1a: Dragapult\n|-damage|p1a: Dragapult|0 fnt\n|faint|p1a: Dragapult\n|\n|win|SnoozSeal\n|raw|Fluitzzerg's rating: 1357 &rarr; <strong>1331<\/strong><br \/>(-26 for losing)\n|raw|SnoozSeal's rating: 1258 &rarr; <strong>1290<\/strong><br \/>(+32 for winning)\n|l|\u2606Fluitzzerg\n","uploadtime":1700501221,"views":6,"p1id":"fluitzzerg","p2id":"snoozseal","formatid":"gen9ou","rating":1290,"private":0,"password":""}