{"id":"gen9ou-1997069938","p1":"Miror_D","p2":"teszting","format":"[Gen 9] OU","log":"|j|\u2606Miror_D\n|j|\u2606teszting\n|t:|1700761456\n|gametype|singles\n|player|p1|Miror_D|170|1780\n|player|p2|teszting|acetrainersnowf|1702\n|teamsize|p1|6\n|teamsize|p2|6\n|gen|9\n|tier|[Gen 9] OU\n|rated|\n|rule|Sleep Clause Mod: Limit one foe put to sleep\n|rule|Species Clause: Limit one of each Pok\u00e9mon\n|rule|OHKO Clause: OHKO moves are banned\n|rule|Evasion Items Clause: Evasion items are banned\n|rule|Evasion Moves Clause: Evasion moves are banned\n|rule|Endless Battle Clause: Forcing endless battles is banned\n|rule|HP Percentage Mod: HP is shown in percentages\n|clearpoke\n|poke|p1|Hatterene, F|\n|poke|p1|Meowscarada, F|\n|poke|p1|Torkoal, M|\n|poke|p1|Arcanine-Hisui, M|\n|poke|p1|Tyranitar, M|\n|poke|p1|Corviknight, F|\n|poke|p2|Great Tusk|\n|poke|p2|Tornadus-Therian, M|\n|poke|p2|Heatran, F|\n|poke|p2|Iron Valiant|\n|poke|p2|Samurott-Hisui, F|\n|poke|p2|Slowking-Galar, M|\n|teampreview\n|\n|t:|1700761480\n|start\n|switch|p1a: Nami|Meowscarada, F|100\/100\n|switch|p2a: Samurott|Samurott-Hisui, F|100\/100\n|turn|1\n|\n|t:|1700761487\n|switch|p2a: Heatran|Heatran, F|100\/100\n|move|p1a: Nami|U-turn|p2a: Heatran\n|-start|p1a: Nami|typechange|Bug|[from] ability: Protean\n|-resisted|p2a: Heatran\n|-damage|p2a: Heatran|93\/100\n|\n|t:|1700761491\n|switch|p1a: Akainu|Arcanine-Hisui, M|100\/100|[from] U-turn\n|\n|-heal|p2a: Heatran|99\/100|[from] item: Leftovers\n|upkeep\n|turn|2\n|\n|t:|1700761493\n|move|p2a: Heatran|Protect|p2a: Heatran\n|-singleturn|p2a: Heatran|Protect\n|move|p1a: Akainu|Head Smash|p2a: Heatran\n|-activate|p2a: Heatran|move: Protect\n|\n|-heal|p2a: Heatran|100\/100|[from] item: Leftovers\n|upkeep\n|turn|3\n|\n|t:|1700761497\n|switch|p2a: Great Tusk|Great Tusk|100\/100\n|move|p1a: Akainu|Head Smash|p2a: Great Tusk\n|-resisted|p2a: Great Tusk\n|-damage|p2a: Great Tusk|84\/100\n|\n|upkeep\n|turn|4\n|\n|t:|1700761501\n|switch|p1a: Chopper|Hatterene, F|100\/100\n|move|p2a: Great Tusk|Headlong Rush|p1a: Chopper\n|-damage|p1a: Chopper|56\/100\n|-unboost|p2a: Great Tusk|def|1\n|-unboost|p2a: Great Tusk|spd|1\n|\n|-heal|p1a: Chopper|62\/100|[from] item: Leftovers\n|upkeep\n|turn|5\n|\n|t:|1700761507\n|-end|p2a: Great Tusk|Protosynthesis|[silent]\n|switch|p2a: Slowking|Slowking-Galar, M|100\/100\n|move|p1a: Chopper|Trick Room|p1a: Chopper\n|-fieldstart|move: Trick Room|[of] p1a: Chopper\n|\n|-heal|p1a: Chopper|68\/100|[from] item: Leftovers\n|upkeep\n|turn|6\n|\n|t:|1700761515\n|switch|p1a: Crocodile|Tyranitar, M|100\/100\n|-weather|Sandstorm|[from] ability: Sand Stream|[of] p1a: Crocodile\n|move|p2a: Slowking|Chilly Reception|p2a: Slowking\n|-weather|Snow\n|\n|t:|1700761523\n|switch|p2a: Great Tusk|Great Tusk|84\/100|[from] Chilly Reception\n|\n|-weather|Snow|[upkeep]\n|upkeep\n|turn|7\n|\n|t:|1700761527\n|move|p1a: Crocodile|Ice Beam|p2a: Great Tusk\n|-supereffective|p2a: Great Tusk\n|-damage|p2a: Great Tusk|22\/100\n|move|p2a: Great Tusk|Stealth Rock|p1a: Crocodile\n|-sidestart|p1: Miror_D|move: Stealth Rock\n|\n|-weather|Snow|[upkeep]\n|upkeep\n|turn|8\n|j| Sagiae999\n|\n|t:|1700761537\n|-end|p2a: Great Tusk|Protosynthesis|[silent]\n|switch|p2a: Slowking|Slowking-Galar, M|100\/100\n|move|p1a: Crocodile|Ice Beam|p2a: Slowking\n|-damage|p2a: Slowking|83\/100\n|\n|-weather|Snow|[upkeep]\n|upkeep\n|turn|9\n|\n|t:|1700761543\n|move|p2a: Slowking|Toxic Spikes|p1a: Crocodile\n|-sidestart|p1: Miror_D|move: Toxic Spikes\n|move|p1a: Crocodile|Knock Off|p2a: Slowking\n|-supereffective|p2a: Slowking\n|-damage|p2a: Slowking|17\/100\n|-enditem|p2a: Slowking|Heavy-Duty Boots|[from] move: Knock Off|[of] p1a: Crocodile\n|\n|-weather|Snow|[upkeep]\n|-fieldend|move: Trick Room\n|upkeep\n|turn|10\n|\n|t:|1700761550\n|switch|p2a: Samurott|Samurott-Hisui, F|100\/100\n|move|p1a: Crocodile|Earthquake|p2a: Samurott\n|-damage|p2a: Samurott|64\/100\n|\n|-weather|none\n|upkeep\n|turn|11\n|\n|t:|1700761553\n|switch|p1a: King|Corviknight, F|100\/100\n|-damage|p1a: King|88\/100|[from] Stealth Rock\n|-ability|p1a: King|Pressure\n|move|p2a: Samurott|Razor Shell|p1a: King\n|-damage|p1a: King|56\/100\n|-unboost|p1a: King|def|1\n|-damage|p2a: Samurott|47\/100|[from] item: Rocky Helmet|[of] p1a: King\n|\n|upkeep\n|turn|12\n|\n|t:|1700761562\n|-terastallize|p1a: King|Water\n|move|p2a: Samurott|Razor Shell|p1a: King\n|-resisted|p1a: King\n|-damage|p1a: King|31\/100\n|-unboost|p1a: King|def|1\n|-damage|p2a: Samurott|31\/100|[from] item: Rocky Helmet|[of] p1a: King\n|move|p1a: King|Defog|p2a: Samurott\n|-unboost|p2a: Samurott|evasion|1\n|-sideend|p1: Miror_D|Toxic Spikes|[from] move: Defog|[of] p1a: King\n|-sideend|p1: Miror_D|Stealth Rock|[from] move: Defog|[of] p1a: King\n|\n|upkeep\n|turn|13\n|\n|t:|1700761571\n|switch|p1a: Nami|Meowscarada, F|100\/100\n|move|p2a: Samurott|Ceaseless Edge|p1a: Nami\n|-resisted|p1a: Nami\n|-damage|p1a: Nami|63\/100\n|-sidestart|p1: Miror_D|Spikes\n|\n|upkeep\n|turn|14\n|\n|t:|1700761578\n|switch|p2a: Heatran|Heatran, F|100\/100\n|move|p1a: Nami|U-turn|p2a: Heatran\n|-start|p1a: Nami|typechange|Bug|[from] ability: Protean\n|-resisted|p2a: Heatran\n|-damage|p2a: Heatran|93\/100\n|\n|t:|1700761601\n|switch|p1a: Crocodile|Tyranitar, M|100\/100|[from] U-turn\n|-damage|p1a: Crocodile|88\/100|[from] Spikes\n|-weather|Sandstorm|[from] ability: Sand Stream|[of] p1a: Crocodile\n|\n|-weather|Sandstorm|[upkeep]\n|-heal|p2a: Heatran|99\/100|[from] item: Leftovers\n|upkeep\n|turn|15\n|\n|t:|1700761607\n|switch|p2a: Iron Valiant|Iron Valiant|100\/100\n|move|p1a: Crocodile|Earthquake|p2a: Iron Valiant\n|-damage|p2a: Iron Valiant|62\/100\n|\n|-weather|Sandstorm|[upkeep]\n|-damage|p2a: Iron Valiant|56\/100|[from] Sandstorm\n|upkeep\n|turn|16\n|\n|t:|1700761614\n|switch|p1a: Chopper|Hatterene, F|68\/100\n|-damage|p1a: Chopper|56\/100|[from] Spikes\n|move|p2a: Iron Valiant|Trick|p1a: Chopper\n|-activate|p2a: Iron Valiant|move: Trick|[of] p1a: Chopper\n|-item|p1a: Chopper|Choice Scarf|[from] move: Trick\n|-item|p2a: Iron Valiant|Leftovers|[from] move: Trick\n|\n|-weather|Sandstorm|[upkeep]\n|-damage|p2a: Iron Valiant|49\/100|[from] Sandstorm\n|-damage|p1a: Chopper|50\/100|[from] Sandstorm\n|-heal|p2a: Iron Valiant|56\/100|[from] item: Leftovers\n|upkeep\n|turn|17\n|\n|t:|1700761631\n|-end|p2a: Iron Valiant|Quark Drive|[silent]\n|switch|p2a: Slowking|Slowking-Galar, M|50\/100\n|move|p1a: Chopper|Trick Room|p1a: Chopper\n|-fieldstart|move: Trick Room|[of] p1a: Chopper\n|\n|-weather|Sandstorm|[upkeep]\n|-damage|p2a: Slowking|44\/100|[from] Sandstorm\n|-damage|p1a: Chopper|44\/100|[from] Sandstorm\n|upkeep\n|turn|18\n|\n|t:|1700761638\n|switch|p1a: King|Corviknight, F, tera:Water|31\/100\n|-damage|p1a: King|19\/100|[from] Spikes\n|-ability|p1a: King|Pressure\n|move|p2a: Slowking|Chilly Reception|p2a: Slowking\n|-weather|Snow\n|\n|t:|1700761653\n|switch|p2a: Heatran|Heatran, F|99\/100|[from] Chilly Reception\n|\n|-weather|Snow|[upkeep]\n|-heal|p2a: Heatran|100\/100|[from] item: Leftovers\n|upkeep\n|turn|19\n|\n|t:|1700761658\n|move|p2a: Heatran|Protect|p2a: Heatran\n|-singleturn|p2a: Heatran|Protect\n|move|p1a: King|Defog|p2a: Heatran\n|-activate|p2a: Heatran|move: Protect\n|\n|-weather|Snow|[upkeep]\n|upkeep\n|turn|20\n|\n|t:|1700761683\n|move|p1a: King|Defog|p2a: Heatran\n|-unboost|p2a: Heatran|evasion|1\n|-sideend|p1: Miror_D|Spikes|[from] move: Defog|[of] p1a: King\n|move|p2a: Heatran|Earth Power|p1a: King\n|-damage|p1a: King|0 fnt\n|faint|p1a: King\n|\n|-weather|Snow|[upkeep]\n|upkeep\n|\n|t:|1700761687\n|switch|p1a: Crocodile|Tyranitar, M|88\/100\n|-weather|Sandstorm|[from] ability: Sand Stream|[of] p1a: Crocodile\n|turn|21\n|\n|t:|1700761695\n|switch|p2a: Tornadus|Tornadus-Therian, M|100\/100\n|move|p1a: Crocodile|Earthquake|p2a: Tornadus\n|-immune|p2a: Tornadus\n|\n|-weather|Sandstorm|[upkeep]\n|-damage|p2a: Tornadus|94\/100|[from] Sandstorm\n|-fieldend|move: Trick Room\n|upkeep\n|turn|22\n|\n|t:|1700761706\n|move|p2a: Tornadus|U-turn|p1a: Crocodile\n|-supereffective|p1a: Crocodile\n|-crit|p1a: Crocodile\n|-damage|p1a: Crocodile|56\/100\n|\n|t:|1700761710\n|switch|p2a: Great Tusk|Great Tusk|22\/100|[from] U-turn\n|move|p1a: Crocodile|Ice Beam|p2a: Great Tusk\n|-supereffective|p2a: Great Tusk\n|-damage|p2a: Great Tusk|0 fnt\n|faint|p2a: Great Tusk\n|-end|p2a: Great Tusk|Protosynthesis|[silent]\n|\n|-weather|Sandstorm|[upkeep]\n|upkeep\n|\n|t:|1700761713\n|switch|p2a: Iron Valiant|Iron Valiant|56\/100\n|turn|23\n|\n|t:|1700761717\n|switch|p1a: Chopper|Hatterene, F|44\/100\n|move|p2a: Iron Valiant|Close Combat|p1a: Chopper\n|-resisted|p1a: Chopper\n|-damage|p1a: Chopper|33\/100\n|-unboost|p2a: Iron Valiant|def|1\n|-unboost|p2a: Iron Valiant|spd|1\n|\n|-weather|Sandstorm|[upkeep]\n|-damage|p2a: Iron Valiant|49\/100|[from] Sandstorm\n|-damage|p1a: Chopper|27\/100|[from] Sandstorm\n|-heal|p2a: Iron Valiant|56\/100|[from] item: Leftovers\n|upkeep\n|turn|24\n|\n|t:|1700761724\n|move|p2a: Iron Valiant|Moonblast|p1a: Chopper\n|-damage|p1a: Chopper|0 fnt\n|faint|p1a: Chopper\n|\n|-weather|Sandstorm|[upkeep]\n|-damage|p2a: Iron Valiant|49\/100|[from] Sandstorm\n|-heal|p2a: Iron Valiant|56\/100|[from] item: Leftovers\n|upkeep\n|\n|t:|1700761727\n|switch|p1a: Nami|Meowscarada, F|63\/100\n|turn|25\n|\n|t:|1700761733\n|-end|p2a: Iron Valiant|Quark Drive|[silent]\n|switch|p2a: Heatran|Heatran, F|100\/100\n|move|p1a: Nami|U-turn|p2a: Heatran\n|-start|p1a: Nami|typechange|Bug|[from] ability: Protean\n|-resisted|p2a: Heatran\n|-damage|p2a: Heatran|93\/100\n|\n|t:|1700761737\n|switch|p1a: Crocodile|Tyranitar, M|56\/100|[from] U-turn\n|\n|-weather|none\n|-heal|p2a: Heatran|99\/100|[from] item: Leftovers\n|upkeep\n|turn|26\n|\n|t:|1700761745\n|switch|p2a: Iron Valiant|Iron Valiant|56\/100\n|move|p1a: Crocodile|Earthquake|p2a: Iron Valiant\n|-damage|p2a: Iron Valiant|20\/100\n|\n|-heal|p2a: Iron Valiant|26\/100|[from] item: Leftovers\n|upkeep\n|turn|27\n|\n|t:|1700761759\n|switch|p1a: Ace|Torkoal, M|100\/100\n|-weather|SunnyDay|[from] ability: Drought|[of] p1a: Ace\n|move|p2a: Iron Valiant|Close Combat|p1a: Ace\n|-crit|p1a: Ace\n|-damage|p1a: Ace|40\/100\n|-unboost|p2a: Iron Valiant|def|1\n|-unboost|p2a: Iron Valiant|spd|1\n|\n|-weather|SunnyDay|[upkeep]\n|-heal|p2a: Iron Valiant|32\/100|[from] item: Leftovers\n|upkeep\n|turn|28\n|\n|t:|1700761768\n|-end|p2a: Iron Valiant|Quark Drive|[silent]\n|switch|p2a: Heatran|Heatran, F|99\/100\n|move|p1a: Ace|Flamethrower|p2a: Heatran\n|-damage|p2a: Heatran|39\/100\n|\n|-weather|SunnyDay|[upkeep]\n|-heal|p2a: Heatran|46\/100|[from] item: Leftovers\n|upkeep\n|turn|29\n|\n|t:|1700761775\n|switch|p1a: Crocodile|Tyranitar, M|56\/100\n|-weather|Sandstorm|[from] ability: Sand Stream|[of] p1a: Crocodile\n|move|p2a: Heatran|Magma Storm|p1a: Crocodile\n|-resisted|p1a: Crocodile\n|-damage|p1a: Crocodile|48\/100\n|-activate|p1a: Crocodile|move: Magma Storm|[of] p2a: Heatran\n|\n|-weather|Sandstorm|[upkeep]\n|-heal|p2a: Heatran|52\/100|[from] item: Leftovers\n|-damage|p1a: Crocodile|36\/100|[from] move: Magma Storm|[partiallytrapped]\n|upkeep\n|turn|30\n|\n|t:|1700761782\n|move|p2a: Heatran|Protect|p2a: Heatran\n|-singleturn|p2a: Heatran|Protect\n|move|p1a: Crocodile|Earthquake|p2a: Heatran\n|-activate|p2a: Heatran|move: Protect\n|\n|-weather|Sandstorm|[upkeep]\n|-heal|p2a: Heatran|58\/100|[from] item: Leftovers\n|-damage|p1a: Crocodile|23\/100|[from] move: Magma Storm|[partiallytrapped]\n|upkeep\n|turn|31\n|\n|t:|1700761785\n|move|p2a: Heatran|Earth Power|p1a: Crocodile\n|-supereffective|p1a: Crocodile\n|-damage|p1a: Crocodile|4\/100\n|move|p1a: Crocodile|Ice Beam|p2a: Heatran\n|-resisted|p2a: Heatran\n|-damage|p2a: Heatran|54\/100\n|\n|-weather|Sandstorm|[upkeep]\n|-heal|p2a: Heatran|60\/100|[from] item: Leftovers\n|-damage|p1a: Crocodile|0 fnt|[from] move: Magma Storm|[partiallytrapped]\n|faint|p1a: Crocodile\n|upkeep\n|\n|t:|1700761790\n|switch|p1a: Akainu|Arcanine-Hisui, M|100\/100\n|turn|32\n|\n|t:|1700761795\n|move|p2a: Heatran|Protect|p2a: Heatran\n|-singleturn|p2a: Heatran|Protect\n|move|p1a: Akainu|Head Smash|p2a: Heatran\n|-activate|p2a: Heatran|move: Protect\n|\n|-weather|Sandstorm|[upkeep]\n|-heal|p2a: Heatran|67\/100|[from] item: Leftovers\n|upkeep\n|turn|33\n|\n|t:|1700761806\n|switch|p2a: Tornadus|Tornadus-Therian, M|100\/100\n|move|p1a: Akainu|Head Smash|p2a: Tornadus|[miss]\n|-miss|p1a: Akainu|p2a: Tornadus\n|\n|-weather|none\n|upkeep\n|turn|34\n|\n|t:|1700761810\n|move|p2a: Tornadus|Bleakwind Storm|p1a: Akainu|[miss]\n|-miss|p2a: Tornadus|p1a: Akainu\n|move|p1a: Akainu|Head Smash|p2a: Tornadus\n|-supereffective|p2a: Tornadus\n|-damage|p2a: Tornadus|0 fnt\n|faint|p2a: Tornadus\n|\n|upkeep\n|\n|t:|1700761813\n|switch|p2a: Iron Valiant|Iron Valiant|32\/100\n|turn|35\n|j| qiuw\n|\n|t:|1700761831\n|switch|p1a: Ace|Torkoal, M|40\/100\n|-weather|SunnyDay|[from] ability: Drought|[of] p1a: Ace\n|move|p2a: Iron Valiant|Close Combat|p1a: Ace\n|-damage|p1a: Ace|2\/100\n|-unboost|p2a: Iron Valiant|def|1\n|-unboost|p2a: Iron Valiant|spd|1\n|\n|-weather|SunnyDay|[upkeep]\n|-heal|p2a: Iron Valiant|39\/100|[from] item: Leftovers\n|upkeep\n|turn|36\n|l| qiuw\n|\n|t:|1700761837\n|move|p2a: Iron Valiant|Close Combat|p1a: Ace\n|-damage|p1a: Ace|0 fnt\n|-unboost|p2a: Iron Valiant|def|1\n|-unboost|p2a: Iron Valiant|spd|1\n|faint|p1a: Ace\n|\n|-weather|SunnyDay|[upkeep]\n|-heal|p2a: Iron Valiant|45\/100|[from] item: Leftovers\n|upkeep\n|\n|t:|1700761844\n|switch|p1a: Akainu|Arcanine-Hisui, M|100\/100\n|turn|37\n|\n|t:|1700761856\n|-end|p2a: Iron Valiant|Quark Drive|[silent]\n|switch|p2a: Samurott|Samurott-Hisui, F|31\/100\n|move|p1a: Akainu|Extreme Speed|p2a: Samurott\n|-damage|p2a: Samurott|0 fnt\n|faint|p2a: Samurott\n|\n|-weather|SunnyDay|[upkeep]\n|upkeep\n|\n|t:|1700761864\n|switch|p2a: Heatran|Heatran, F|67\/100\n|turn|38\n|\n|t:|1700761867\n|switch|p1a: Nami|Meowscarada, F|63\/100\n|move|p2a: Heatran|Magma Storm|p1a: Nami\n|-supereffective|p1a: Nami\n|-damage|p1a: Nami|0 fnt\n|faint|p1a: Nami\n|\n|-weather|SunnyDay|[upkeep]\n|-heal|p2a: Heatran|73\/100|[from] item: Leftovers\n|upkeep\n|\n|t:|1700761870\n|switch|p1a: Akainu|Arcanine-Hisui, M|100\/100\n|turn|39\n|j| Trippinrightneow\n|l| Trippinrightneow\n|\n|t:|1700761876\n|move|p2a: Heatran|Protect|p2a: Heatran\n|-singleturn|p2a: Heatran|Protect\n|move|p1a: Akainu|Flare Blitz|p2a: Heatran\n|-activate|p2a: Heatran|move: Protect\n|\n|-weather|none\n|-heal|p2a: Heatran|79\/100|[from] item: Leftovers\n|upkeep\n|turn|40\n|\n|t:|1700761882\n|move|p1a: Akainu|Flare Blitz|p2a: Heatran\n|-damage|p2a: Heatran|12\/100\n|move|p2a: Heatran|Earth Power|p1a: Akainu\n|-supereffective|p1a: Akainu\n|-damage|p1a: Akainu|0 fnt\n|faint|p1a: Akainu\n|\n|win|teszting\n|raw|Miror_D's rating: 1780 &rarr; <strong>1756<\/strong><br \/>(-24 for losing)\n|raw|teszting's rating: 1702 &rarr; <strong>1726<\/strong><br \/>(+24 for winning)\n|l|\u2606Miror_D\n","uploadtime":1700761890,"views":8,"p1id":"mirord","p2id":"teszting","formatid":"gen9ou","rating":1726,"private":0,"password":""}