{"id":"gen9ou-1996241545","p1":"819u50y18b5","p2":"JiR0k","format":"[Gen 9] OU","log":"|j|\u2606819u50y18b5\n|j|\u2606JiR0k\n|t:|1700663069\n|gametype|singles\n|player|p1|819u50y18b5|170|1719\n|player|p2|JiR0k|red|1653\n|teamsize|p1|6\n|teamsize|p2|6\n|gen|9\n|tier|[Gen 9] OU\n|rated|\n|rule|Sleep Clause Mod: Limit one foe put to sleep\n|rule|Species Clause: Limit one of each Pok\u00e9mon\n|rule|OHKO Clause: OHKO moves are banned\n|rule|Evasion Items Clause: Evasion items are banned\n|rule|Evasion Moves Clause: Evasion moves are banned\n|rule|Endless Battle Clause: Forcing endless battles is banned\n|rule|HP Percentage Mod: HP is shown in percentages\n|clearpoke\n|poke|p1|Torkoal, F|\n|poke|p1|Cinderace, F|\n|poke|p1|Walking Wake|\n|poke|p1|Great Tusk|\n|poke|p1|Iron Moth|\n|poke|p1|Kingambit, F|\n|poke|p2|Great Tusk|\n|poke|p2|Dondozo, M|\n|poke|p2|Slowking-Galar, F|\n|poke|p2|Rillaboom, M|\n|poke|p2|Iron Moth|\n|poke|p2|Zapdos|\n|teampreview\n|inactive|Battle timer is ON: inactive players will automatically lose when time's up. (requested by 819u50y18b5)\n|\n|t:|1700663079\n|start\n|switch|p1a: Walking Wake|Walking Wake|100\/100\n|switch|p2a: Slowking|Slowking-Galar, F|100\/100\n|turn|1\n|j| mew852\n|\n|t:|1700663093\n|-end|p1a: Walking Wake|Protosynthesis|[silent]\n|switch|p1a: Torkoal|Torkoal, F|100\/100\n|-weather|SunnyDay|[from] ability: Drought|[of] p1a: Torkoal\n|move|p2a: Slowking|Sludge Bomb|p1a: Torkoal\n|-damage|p1a: Torkoal|59\/100\n|\n|-weather|SunnyDay|[upkeep]\n|upkeep\n|turn|2\n|\n|t:|1700663099\n|switch|p1a: Dumbo|Great Tusk|100\/100\n|-activate|p1a: Dumbo|ability: Protosynthesis\n|-start|p1a: Dumbo|protosynthesisatk\n|move|p2a: Slowking|Future Sight|p1a: Dumbo\n|-start|p2a: Slowking|move: Future Sight\n|\n|-weather|SunnyDay|[upkeep]\n|upkeep\n|turn|3\n|\n|t:|1700663107\n|switch|p2a: Zapdos|Zapdos|100\/100\n|move|p1a: Dumbo|Headlong Rush|p2a: Zapdos\n|-immune|p2a: Zapdos\n|\n|-weather|SunnyDay|[upkeep]\n|upkeep\n|turn|4\n|\n|t:|1700663117\n|-end|p1a: Dumbo|Protosynthesis|[silent]\n|switch|p1a: Cinderace|Cinderace, F|100\/100\n|move|p2a: Zapdos|Hurricane|p1a: Cinderace|[miss]\n|-miss|p2a: Zapdos|p1a: Cinderace\n|\n|-weather|SunnyDay|[upkeep]\n|-end|p1a: Cinderace|move: Future Sight\n|-damage|p1a: Cinderace|16\/100\n|upkeep\n|turn|5\n|\n|t:|1700663127\n|switch|p1a: Walking Wake|Walking Wake|100\/100\n|-activate|p1a: Walking Wake|ability: Protosynthesis\n|-start|p1a: Walking Wake|protosynthesisspe\n|move|p2a: Zapdos|Volt Switch|p1a: Walking Wake\n|-damage|p1a: Walking Wake|55\/100\n|\n|t:|1700663137\n|switch|p2a: Slowking|Slowking-Galar, F|100\/100|[from] Volt Switch\n|\n|-weather|SunnyDay|[upkeep]\n|upkeep\n|turn|6\n|\n|t:|1700663142\n|move|p1a: Walking Wake|Draco Meteor|p2a: Slowking\n|-damage|p2a: Slowking|47\/100\n|-unboost|p1a: Walking Wake|spa|2\n|move|p2a: Slowking|Sludge Bomb|p1a: Walking Wake\n|-damage|p1a: Walking Wake|5\/100\n|\n|-weather|SunnyDay|[upkeep]\n|upkeep\n|turn|7\n|\n|t:|1700663151\n|-end|p1a: Walking Wake|Protosynthesis|[silent]\n|switch|p1a: Cinderace|Cinderace, F|16\/100\n|move|p2a: Slowking|Future Sight|p1a: Cinderace\n|-start|p2a: Slowking|move: Future Sight\n|\n|-weather|SunnyDay|[upkeep]\n|upkeep\n|turn|8\n|\n|t:|1700663157\n|switch|p2a: Dondozo|Dondozo, M|100\/100\n|move|p1a: Cinderace|Pyro Ball|p2a: Dondozo\n|-resisted|p2a: Dondozo\n|-damage|p2a: Dondozo|77\/100\n|\n|-weather|none\n|-heal|p2a: Dondozo|83\/100|[from] item: Leftovers\n|upkeep\n|turn|9\n|\n|t:|1700663163\n|move|p1a: Cinderace|Sucker Punch|p2a: Dondozo\n|-start|p1a: Cinderace|typechange|Dark|[from] ability: Libero\n|-damage|p2a: Dondozo|66\/100\n|move|p2a: Dondozo|Waterfall|p1a: Cinderace\n|-damage|p1a: Cinderace|0 fnt\n|faint|p1a: Cinderace\n|\n|-hint|Future Sight did not hit because the target is fainted.\n|-heal|p2a: Dondozo|72\/100|[from] item: Leftovers\n|upkeep\n|\n|t:|1700663180\n|switch|p1a: Walking Wake|Walking Wake|5\/100\n|turn|10\n|\n|t:|1700663185\n|move|p1a: Walking Wake|Dragon Pulse|p2a: Dondozo\n|-damage|p2a: Dondozo|27\/100\n|move|p2a: Dondozo|Waterfall|p1a: Walking Wake\n|-resisted|p1a: Walking Wake\n|-damage|p1a: Walking Wake|0 fnt\n|faint|p1a: Walking Wake\n|-end|p1a: Walking Wake|Protosynthesis|[silent]\n|\n|-heal|p2a: Dondozo|33\/100|[from] item: Leftovers\n|upkeep\n|\n|t:|1700663198\n|switch|p1a: Polilla de Hierro|Iron Moth|100\/100\n|-enditem|p1a: Polilla de Hierro|Booster Energy\n|-activate|p1a: Polilla de Hierro|ability: Quark Drive|[fromitem]\n|-start|p1a: Polilla de Hierro|quarkdrivespe\n|turn|11\n|\n|t:|1700663201\n|switch|p2a: Slowking|Slowking-Galar, F|80\/100\n|move|p1a: Polilla de Hierro|Sludge Wave|p2a: Slowking\n|-resisted|p2a: Slowking\n|-crit|p2a: Slowking\n|-damage|p2a: Slowking|60\/100\n|\n|upkeep\n|turn|12\n|\n|t:|1700663206\n|move|p1a: Polilla de Hierro|Fiery Dance|p2a: Slowking\n|-damage|p2a: Slowking|36\/100\n|-boost|p1a: Polilla de Hierro|spa|1\n|move|p2a: Slowking|Surf|p1a: Polilla de Hierro\n|-supereffective|p1a: Polilla de Hierro\n|-damage|p1a: Polilla de Hierro|37\/100\n|\n|upkeep\n|turn|13\n|\n|t:|1700663224\n|move|p1a: Polilla de Hierro|Fiery Dance|p2a: Slowking\n|-damage|p2a: Slowking|0 fnt\n|-boost|p1a: Polilla de Hierro|spa|1\n|faint|p2a: Slowking\n|\n|upkeep\n|\n|t:|1700663228\n|switch|p2a: Rillaboom|Rillaboom, M|100\/100\n|-fieldstart|move: Grassy Terrain|[from] ability: Grassy Surge|[of] p2a: Rillaboom\n|turn|14\n|\n|t:|1700663234\n|move|p2a: Rillaboom|Grassy Glide|p1a: Polilla de Hierro\n|-resisted|p1a: Polilla de Hierro\n|-damage|p1a: Polilla de Hierro|17\/100\n|move|p1a: Polilla de Hierro|Fiery Dance|p2a: Rillaboom\n|-supereffective|p2a: Rillaboom\n|-damage|p2a: Rillaboom|0 fnt\n|faint|p2a: Rillaboom\n|\n|-heal|p1a: Polilla de Hierro|23\/100|[from] Grassy Terrain\n|upkeep\n|\n|t:|1700663238\n|switch|p2a: Iron Moth|Iron Moth|100\/100\n|-enditem|p2a: Iron Moth|Booster Energy\n|-activate|p2a: Iron Moth|ability: Quark Drive|[fromitem]\n|-start|p2a: Iron Moth|quarkdrivespe\n|turn|15\n|\n|t:|1700663248\n|move|p1a: Polilla de Hierro|Psychic|p2a: Iron Moth\n|-supereffective|p2a: Iron Moth\n|-damage|p2a: Iron Moth|0 fnt\n|faint|p2a: Iron Moth\n|-end|p2a: Iron Moth|Quark Drive|[silent]\n|\n|-heal|p1a: Polilla de Hierro|29\/100|[from] Grassy Terrain\n|upkeep\n|\n|t:|1700663258\n|switch|p2a: Zapdos|Zapdos|100\/100\n|turn|16\n|\n|t:|1700663264\n|move|p1a: Polilla de Hierro|Sludge Wave|p2a: Zapdos\n|-damage|p2a: Zapdos|0 fnt\n|faint|p2a: Zapdos\n|\n|-heal|p1a: Polilla de Hierro|35\/100|[from] Grassy Terrain\n|upkeep\n|\n|t:|1700663270\n|switch|p2a: Great Tusk|Great Tusk|100\/100\n|turn|17\n|\n|t:|1700663289\n|-terastallize|p2a: Great Tusk|Steel\n|move|p1a: Polilla de Hierro|Psychic|p2a: Great Tusk\n|-resisted|p2a: Great Tusk\n|-damage|p2a: Great Tusk|71\/100\n|move|p2a: Great Tusk|Close Combat|p1a: Polilla de Hierro\n|-resisted|p1a: Polilla de Hierro\n|-crit|p1a: Polilla de Hierro\n|-damage|p1a: Polilla de Hierro|0 fnt\n|-unboost|p2a: Great Tusk|def|1\n|-unboost|p2a: Great Tusk|spd|1\n|faint|p1a: Polilla de Hierro\n|-end|p1a: Polilla de Hierro|Quark Drive|[silent]\n|\n|-heal|p2a: Great Tusk|77\/100|[from] Grassy Terrain\n|upkeep\n|\n|t:|1700663305\n|switch|p1a: Dumbo|Great Tusk|100\/100\n|turn|18\n|\n|t:|1700663309\n|move|p2a: Great Tusk|Headlong Rush|p1a: Dumbo\n|-crit|p1a: Dumbo\n|-damage|p1a: Dumbo|27\/100\n|-unboost|p2a: Great Tusk|def|1\n|-unboost|p2a: Great Tusk|spd|1\n|move|p1a: Dumbo|Headlong Rush|p2a: Great Tusk\n|-supereffective|p2a: Great Tusk\n|-damage|p2a: Great Tusk|0 fnt\n|-unboost|p1a: Dumbo|def|1\n|-unboost|p1a: Dumbo|spd|1\n|faint|p2a: Great Tusk\n|-end|p2a: Great Tusk|Protosynthesis|[silent]\n|\n|-heal|p1a: Dumbo|33\/100|[from] Grassy Terrain\n|-heal|p1a: Dumbo|39\/100|[from] item: Leftovers\n|-fieldend|move: Grassy Terrain\n|upkeep\n|\n|t:|1700663313\n|switch|p2a: Dondozo|Dondozo, M|33\/100\n|turn|19\n|\n|t:|1700663317\n|move|p1a: Dumbo|Headlong Rush|p2a: Dondozo\n|-damage|p2a: Dondozo|0 fnt\n|-unboost|p1a: Dumbo|def|1\n|-unboost|p1a: Dumbo|spd|1\n|faint|p2a: Dondozo\n|\n|win|819u50y18b5\n|raw|819u50y18b5's rating: 1719 &rarr; <strong>1735<\/strong><br \/>(+16 for winning)\n|raw|JiR0k's rating: 1653 &rarr; <strong>1637<\/strong><br \/>(-16 for losing)\n|l|\u2606JiR0k\n|l|\u2606819u50y18b5\n","uploadtime":1700663469,"views":0,"p1id":"819u50y18b5","p2id":"jir0k","formatid":"gen9ou","rating":1637,"private":0,"password":""}