{"id":"gen9ou-1995880141","p1":"deserttrooper88","p2":"rtdu6dy","format":"[Gen 9] OU","log":"|j|\u2606deserttrooper88\n|j|\u2606rtdu6dy\n|t:|1700612906\n|gametype|singles\n|player|p1|deserttrooper88|lance|1051\n|player|p2|rtdu6dy|1|1000\n|teamsize|p1|6\n|teamsize|p2|6\n|gen|9\n|tier|[Gen 9] OU\n|rated|\n|rule|Sleep Clause Mod: Limit one foe put to sleep\n|rule|Species Clause: Limit one of each Pok\u00e9mon\n|rule|OHKO Clause: OHKO moves are banned\n|rule|Evasion Items Clause: Evasion items are banned\n|rule|Evasion Moves Clause: Evasion moves are banned\n|rule|Endless Battle Clause: Forcing endless battles is banned\n|rule|HP Percentage Mod: HP is shown in percentages\n|clearpoke\n|poke|p1|Dragonite, M|\n|poke|p1|Salamence, M|\n|poke|p1|Walking Wake|\n|poke|p1|Goodra-Hisui, F|\n|poke|p1|Dragapult, M|\n|poke|p1|Kommo-o, M|\n|poke|p2|Dondozo, M|\n|poke|p2|Garganacl, F|\n|poke|p2|Great Tusk|\n|poke|p2|Heatran, M|\n|poke|p2|Zapdos|\n|poke|p2|Greninja-*, F|\n|teampreview\n|\n|t:|1700612928\n|start\n|switch|p1a: Kommo-o|Kommo-o, M|100\/100\n|switch|p2a: Greninja|Greninja, F|100\/100\n|turn|1\n|\n|t:|1700612952\n|move|p2a: Greninja|U-turn|p1a: Kommo-o\n|-start|p2a: Greninja|typechange|Bug|[from] ability: Protean\n|-resisted|p1a: Kommo-o\n|-damage|p1a: Kommo-o|90\/100\n|\n|t:|1700612961\n|switch|p2a: Dondozo|Dondozo, M|100\/100|[from] U-turn\n|move|p1a: Kommo-o|Clangorous Soul|p1a: Kommo-o\n|-boost|p1a: Kommo-o|atk|1\n|-boost|p1a: Kommo-o|def|1\n|-boost|p1a: Kommo-o|spa|1\n|-boost|p1a: Kommo-o|spd|1\n|-boost|p1a: Kommo-o|spe|1\n|-damage|p1a: Kommo-o|57\/100\n|-enditem|p1a: Kommo-o|Throat Spray\n|-boost|p1a: Kommo-o|spa|1|[from] item: Throat Spray\n|\n|upkeep\n|turn|2\n|\n|t:|1700612989\n|switch|p2a: Garganacl|Garganacl, F|100\/100\n|move|p1a: Kommo-o|Clanging Scales|p2a: Garganacl\n|-damage|p2a: Garganacl|38\/100\n|-unboost|p1a: Kommo-o|def|1\n|\n|-heal|p2a: Garganacl|44\/100|[from] item: Leftovers\n|upkeep\n|turn|3\n|\n|t:|1700613008\n|move|p2a: Garganacl|Protect|p2a: Garganacl\n|-singleturn|p2a: Garganacl|Protect\n|move|p1a: Kommo-o|Aura Sphere|p2a: Garganacl\n|-activate|p2a: Garganacl|move: Protect\n|\n|-heal|p2a: Garganacl|50\/100|[from] item: Leftovers\n|upkeep\n|turn|4\n|\n|t:|1700613018\n|-terastallize|p2a: Garganacl|Flying\n|move|p1a: Kommo-o|Clanging Scales|p2a: Garganacl\n|-damage|p2a: Garganacl|0 fnt\n|faint|p2a: Garganacl\n|-unboost|p1a: Kommo-o|def|1\n|\n|upkeep\n|\n|t:|1700613025\n|switch|p2a: Greninja|Greninja, F|100\/100\n|turn|5\n|\n|t:|1700613034\n|move|p2a: Greninja|Ice Beam|p1a: Kommo-o\n|-start|p2a: Greninja|typechange|Ice|[from] ability: Protean\n|-supereffective|p1a: Kommo-o\n|-damage|p1a: Kommo-o|0 fnt\n|faint|p1a: Kommo-o\n|\n|upkeep\n|\n|t:|1700613048\n|switch|p1a: Dragonite|Dragonite, M, shiny|100\/100\n|turn|6\n|\n|t:|1700613061\n|switch|p2a: Dondozo|Dondozo, M|100\/100\n|-terastallize|p1a: Dragonite|Normal\n|move|p1a: Dragonite|Dragon Dance|p1a: Dragonite\n|-boost|p1a: Dragonite|atk|1\n|-boost|p1a: Dragonite|spe|1\n|\n|upkeep\n|turn|7\n|\n|t:|1700613078\n|move|p1a: Dragonite|Extreme Speed|p2a: Dondozo\n|-damage|p2a: Dondozo|80\/100\n|move|p2a: Dondozo|Curse|p2a: Dondozo\n|-unboost|p2a: Dondozo|spe|1\n|-boost|p2a: Dondozo|atk|1\n|-boost|p2a: Dondozo|def|1\n|\n|-heal|p2a: Dondozo|86\/100|[from] item: Leftovers\n|upkeep\n|turn|8\n|\n|t:|1700613086\n|move|p1a: Dragonite|Dragon Dance|p1a: Dragonite\n|-boost|p1a: Dragonite|atk|1\n|-boost|p1a: Dragonite|spe|1\n|move|p2a: Dondozo|Liquidation|p1a: Dragonite\n|-damage|p1a: Dragonite|77\/100\n|\n|-heal|p2a: Dondozo|92\/100|[from] item: Leftovers\n|upkeep\n|turn|9\n|\n|t:|1700613095\n|move|p1a: Dragonite|Dragon Dance|p1a: Dragonite\n|-boost|p1a: Dragonite|atk|1\n|-boost|p1a: Dragonite|spe|1\n|move|p2a: Dondozo|Curse|p2a: Dondozo\n|-unboost|p2a: Dondozo|spe|1\n|-boost|p2a: Dondozo|atk|1\n|-boost|p2a: Dondozo|def|1\n|\n|-heal|p2a: Dondozo|98\/100|[from] item: Leftovers\n|upkeep\n|turn|10\n|\n|t:|1700613103\n|move|p1a: Dragonite|Dragon Dance|p1a: Dragonite\n|-boost|p1a: Dragonite|atk|1\n|-boost|p1a: Dragonite|spe|1\n|move|p2a: Dondozo|Curse|p2a: Dondozo\n|-unboost|p2a: Dondozo|spe|1\n|-boost|p2a: Dondozo|atk|1\n|-boost|p2a: Dondozo|def|1\n|\n|-heal|p2a: Dondozo|100\/100|[from] item: Leftovers\n|upkeep\n|turn|11\n|\n|t:|1700613111\n|move|p1a: Dragonite|Dragon Dance|p1a: Dragonite\n|-boost|p1a: Dragonite|atk|1\n|-boost|p1a: Dragonite|spe|1\n|move|p2a: Dondozo|Curse|p2a: Dondozo\n|-unboost|p2a: Dondozo|spe|1\n|-boost|p2a: Dondozo|atk|1\n|-boost|p2a: Dondozo|def|1\n|\n|upkeep\n|turn|12\n|\n|t:|1700613120\n|move|p1a: Dragonite|Dragon Dance|p1a: Dragonite\n|-boost|p1a: Dragonite|atk|1\n|-boost|p1a: Dragonite|spe|1\n|move|p2a: Dondozo|Liquidation|p1a: Dragonite\n|-damage|p1a: Dragonite|0 fnt\n|faint|p1a: Dragonite\n|\n|upkeep\n|c|\u2606deserttrooper88|NOOO\n|c|\u2606deserttrooper88|lmaoo\n|\n|t:|1700613135\n|switch|p1a: Goodra|Goodra-Hisui, F|100\/100\n|turn|13\n|n|\u2606rtdu6dy|rtdu6dy\n|c|\u2606rtdu6dy|i  wasn't sure what you were going for lol\n|\n|t:|1700613158\n|move|p1a: Goodra|Thunder|p2a: Dondozo|[miss]\n|-miss|p1a: Goodra|p2a: Dondozo\n|move|p2a: Dondozo|Liquidation|p1a: Goodra\n|-resisted|p1a: Goodra\n|-damage|p1a: Goodra|55\/100\n|\n|upkeep\n|turn|14\n|c|\u2606deserttrooper88|idek myself tbh\n|\n|t:|1700613168\n|switch|p2a: Great Tusk|Great Tusk|100\/100\n|move|p1a: Goodra|Thunder|p2a: Great Tusk\n|-immune|p2a: Great Tusk\n|\n|upkeep\n|turn|15\n|\n|t:|1700613181\n|-end|p2a: Great Tusk|Protosynthesis|[silent]\n|switch|p2a: Heatran|Heatran, M|100\/100\n|move|p1a: Goodra|Hydro Pump|p2a: Heatran\n|-supereffective|p2a: Heatran\n|-damage|p2a: Heatran|59\/100\n|\n|-heal|p2a: Heatran|65\/100|[from] item: Leftovers\n|upkeep\n|turn|16\n|c|\u2606rtdu6dy|shit i was expecting a draco\n|\n|t:|1700613196\n|switch|p1a: Walking Wake|Walking Wake|100\/100\n|move|p2a: Heatran|Protect||[still]\n|-fail|p2a: Heatran\n|\n|-heal|p2a: Heatran|71\/100|[from] item: Leftovers\n|upkeep\n|turn|17\n|\n|t:|1700613223\n|move|p1a: Walking Wake|Draco Meteor|p2a: Heatran\n|-resisted|p2a: Heatran\n|-damage|p2a: Heatran|40\/100\n|-unboost|p1a: Walking Wake|spa|2\n|move|p2a: Heatran|Earth Power|p1a: Walking Wake\n|-damage|p1a: Walking Wake|71\/100\n|\n|-heal|p2a: Heatran|46\/100|[from] item: Leftovers\n|upkeep\n|turn|18\n|c|\u2606rtdu6dy|ayy\n|c|\u2606rtdu6dy|lets go\n|c|\u2606rtdu6dy|nice chip\n|c|\u2606deserttrooper88|lol\n|\n|t:|1700613243\n|-end|p1a: Walking Wake|Protosynthesis|[silent]\n|switch|p1a: Goodra|Goodra-Hisui, F|55\/100\n|switch|p2a: Zapdos|Zapdos|100\/100\n|\n|upkeep\n|turn|19\n|\n|t:|1700613258\n|move|p2a: Zapdos|Heat Wave|p1a: Goodra\n|-damage|p1a: Goodra|41\/100\n|move|p1a: Goodra|Thunder|p2a: Zapdos\n|-damage|p2a: Zapdos|66\/100\n|\n|upkeep\n|turn|20\n|\n|t:|1700613273\n|move|p2a: Zapdos|Discharge|p1a: Goodra\n|-resisted|p1a: Goodra\n|-crit|p1a: Goodra\n|-damage|p1a: Goodra|26\/100\n|-status|p1a: Goodra|par\n|move|p1a: Goodra|Thunder|p2a: Zapdos\n|-damage|p2a: Zapdos|32\/100\n|\n|upkeep\n|turn|21\n|\n|t:|1700613286\n|move|p2a: Zapdos|Roost|p2a: Zapdos\n|-heal|p2a: Zapdos|82\/100\n|-singleturn|p2a: Zapdos|move: Roost\n|move|p1a: Goodra|Thunder|p2a: Zapdos|[miss]\n|-miss|p1a: Goodra|p2a: Zapdos\n|\n|upkeep\n|turn|22\n|c|\u2606rtdu6dy|oof\n|c|\u2606rtdu6dy|sorry\n|\n|t:|1700613297\n|move|p2a: Zapdos|U-turn|p1a: Goodra\n|-resisted|p1a: Goodra\n|-damage|p1a: Goodra|19\/100 par\n|\n|t:|1700613304\n|switch|p2a: Heatran|Heatran, M|46\/100|[from] U-turn\n|move|p1a: Goodra|Fire Blast|p2a: Heatran\n|-start|p2a: Heatran|ability: Flash Fire\n|\n|-heal|p2a: Heatran|52\/100|[from] item: Leftovers\n|upkeep\n|turn|23\n|c|\u2606deserttrooper88|NOOOO\n|c|\u2606deserttrooper88|lmfaooo\n|c|\u2606rtdu6dy|lmao\n|\n|t:|1700613317\n|move|p2a: Heatran|Earth Power|p1a: Goodra\n|-supereffective|p1a: Goodra\n|-damage|p1a: Goodra|0 fnt\n|faint|p1a: Goodra\n|\n|-heal|p2a: Heatran|58\/100|[from] item: Leftovers\n|upkeep\n|\n|t:|1700613331\n|switch|p1a: Walking Wake|Walking Wake|71\/100\n|turn|24\n|\n|t:|1700613349\n|move|p1a: Walking Wake|Hydro Steam|p2a: Heatran\n|-supereffective|p2a: Heatran\n|-damage|p2a: Heatran|0 fnt\n|faint|p2a: Heatran\n|\n|upkeep\n|\n|t:|1700613357\n|switch|p2a: Greninja|Greninja, F|100\/100\n|turn|25\n|\n|t:|1700613361\n|move|p2a: Greninja|U-turn|p1a: Walking Wake\n|-start|p2a: Greninja|typechange|Bug|[from] ability: Protean\n|-damage|p1a: Walking Wake|47\/100\n|\n|t:|1700613370\n|switch|p2a: Zapdos|Zapdos|82\/100|[from] U-turn\n|move|p1a: Walking Wake|Hydro Steam|p2a: Zapdos\n|-damage|p2a: Zapdos|20\/100\n|\n|upkeep\n|turn|26\n|\n|t:|1700613378\n|move|p1a: Walking Wake|Hydro Steam|p2a: Zapdos\n|-damage|p2a: Zapdos|0 fnt\n|faint|p2a: Zapdos\n|\n|upkeep\n|\n|t:|1700613384\n|switch|p2a: Greninja|Greninja, F|100\/100\n|turn|27\n|\n|t:|1700613396\n|move|p2a: Greninja|Ice Beam|p1a: Walking Wake\n|-start|p2a: Greninja|typechange|Ice|[from] ability: Protean\n|-damage|p1a: Walking Wake|0 fnt\n|faint|p1a: Walking Wake\n|-end|p1a: Walking Wake|Protosynthesis|[silent]\n|\n|upkeep\n|\n|t:|1700613400\n|switch|p1a: Dragapult|Dragapult, M, shiny|100\/100\n|turn|28\n|\n|t:|1700613412\n|move|p2a: Greninja|Ice Beam|p1a: Dragapult\n|-supereffective|p1a: Dragapult\n|-damage|p1a: Dragapult|0 fnt\n|faint|p1a: Dragapult\n|\n|upkeep\n|\n|t:|1700613419\n|switch|p1a: Salamence|Salamence, M|100\/100\n|turn|29\n|c|\u2606deserttrooper88|noo THE SCARFF\n|c|\u2606rtdu6dy|such a good scarf mon\n|\n|t:|1700613432\n|move|p2a: Greninja|Ice Beam|p1a: Salamence\n|-supereffective|p1a: Salamence\n|-damage|p1a: Salamence|0 fnt\n|faint|p1a: Salamence\n|\n|win|rtdu6dy\n|raw|deserttrooper88's rating: 1051 &rarr; <strong>1031<\/strong><br \/>(-20 for losing)\n|raw|rtdu6dy's rating: 1000 &rarr; <strong>1046<\/strong><br \/>(+46 for winning)\n|c|\u2606deserttrooper88|TRUE TRUE\n|c|\u2606rtdu6dy|gg\n|c|\u2606deserttrooper88|ggs\n|l|\u2606deserttrooper88\n","uploadtime":1700613446,"views":4,"p1id":"deserttrooper88","p2id":"rtdu6dy","formatid":"gen9ou","rating":1031,"private":0,"password":""}