{"id":"gen9ou-1993700575","p1":"gwess78","p2":"Gatrekd","format":"[Gen 9] OU","log":"|j|\u2606gwess78\n|j|\u2606Gatrekd\n|t:|1700347071\n|gametype|singles\n|player|p1|gwess78|102|1048\n|player|p2|Gatrekd|marlon|1110\n|teamsize|p1|6\n|teamsize|p2|6\n|gen|9\n|tier|[Gen 9] OU\n|rated|\n|rule|Sleep Clause Mod: Limit one foe put to sleep\n|rule|Species Clause: Limit one of each Pok\u00e9mon\n|rule|OHKO Clause: OHKO moves are banned\n|rule|Evasion Items Clause: Evasion items are banned\n|rule|Evasion Moves Clause: Evasion moves are banned\n|rule|Endless Battle Clause: Forcing endless battles is banned\n|rule|HP Percentage Mod: HP is shown in percentages\n|clearpoke\n|poke|p1|Cinderace, F|\n|poke|p1|Great Tusk|\n|poke|p1|Garganacl, M|\n|poke|p1|Torkoal, M|\n|poke|p1|Ninetales, M|\n|poke|p1|Lilligant-Hisui, F|\n|poke|p2|Ribombee, M|\n|poke|p2|Gholdengo|\n|poke|p2|Landorus-Therian, M|\n|poke|p2|Walking Wake|\n|poke|p2|Ogerpon-Cornerstone, F|\n|poke|p2|Skeledirge, F|\n|teampreview\n|inactive|Battle timer is ON: inactive players will automatically lose when time's up. (requested by Gatrekd)\n|\n|t:|1700347116\n|start\n|switch|p1a: Ninetales|Ninetales, M|100\/100\n|switch|p2a: Suicune?|Walking Wake|100\/100\n|-weather|SunnyDay|[from] ability: Drought|[of] p1a: Ninetales\n|-activate|p2a: Suicune?|ability: Protosynthesis\n|-start|p2a: Suicune?|protosynthesisspa\n|turn|1\n|\n|t:|1700347125\n|move|p2a: Suicune?|Hydro Steam|p1a: Ninetales\n|-supereffective|p1a: Ninetales\n|-damage|p1a: Ninetales|0 fnt\n|faint|p1a: Ninetales\n|\n|-weather|SunnyDay|[upkeep]\n|upkeep\n|\n|t:|1700347128\n|switch|p1a: Lilligant|Lilligant-Hisui, F, shiny|100\/100\n|turn|2\n|\n|t:|1700347138\n|-end|p2a: Suicune?|Protosynthesis|[silent]\n|switch|p2a: Skeledirge|Skeledirge, F|100\/100\n|move|p1a: Lilligant|Solar Blade||[still]\n|-prepare|p1a: Lilligant|Solar Blade\n|-anim|p1a: Lilligant|Solar Blade|p2a: Skeledirge\n|-resisted|p2a: Skeledirge\n|-damage|p2a: Skeledirge|74\/100\n|\n|-weather|SunnyDay|[upkeep]\n|upkeep\n|turn|3\n|\n|t:|1700347155\n|switch|p1a: Great Tusk|Great Tusk|100\/100\n|-activate|p1a: Great Tusk|ability: Protosynthesis\n|-start|p1a: Great Tusk|protosynthesisatk\n|move|p2a: Skeledirge|Torch Song|p1a: Great Tusk\n|-damage|p1a: Great Tusk|55\/100\n|-boost|p2a: Skeledirge|spa|1\n|\n|-weather|SunnyDay|[upkeep]\n|upkeep\n|turn|4\n|\n|t:|1700347169\n|move|p1a: Great Tusk|Earthquake|p2a: Skeledirge\n|-supereffective|p2a: Skeledirge\n|-damage|p2a: Skeledirge|0 fnt\n|faint|p2a: Skeledirge\n|\n|-weather|SunnyDay|[upkeep]\n|upkeep\n|\n|t:|1700347177\n|switch|p2a: Suicune?|Walking Wake|100\/100\n|-activate|p2a: Suicune?|ability: Protosynthesis\n|-start|p2a: Suicune?|protosynthesisspa\n|turn|5\n|\n|t:|1700347194\n|-end|p1a: Great Tusk|Protosynthesis|[silent]\n|switch|p1a: Cinderace|Cinderace, F|100\/100\n|move|p2a: Suicune?|Hydro Steam|p1a: Cinderace\n|-supereffective|p1a: Cinderace\n|-damage|p1a: Cinderace|0 fnt\n|faint|p1a: Cinderace\n|\n|-weather|none\n|-end|p2a: Suicune?|Protosynthesis\n|upkeep\n|\n|t:|1700347204\n|switch|p1a: Torkoal|Torkoal, M|100\/100\n|-weather|SunnyDay|[from] ability: Drought|[of] p1a: Torkoal\n|-activate|p2a: Suicune?|ability: Protosynthesis\n|-start|p2a: Suicune?|protosynthesisspa\n|turn|6\n|\n|t:|1700347214\n|switch|p1a: Great Tusk|Great Tusk|55\/100\n|-activate|p1a: Great Tusk|ability: Protosynthesis\n|-start|p1a: Great Tusk|protosynthesisatk\n|move|p2a: Suicune?|Hydro Steam|p1a: Great Tusk\n|-supereffective|p1a: Great Tusk\n|-damage|p1a: Great Tusk|0 fnt\n|faint|p1a: Great Tusk\n|-end|p1a: Great Tusk|Protosynthesis|[silent]\n|\n|-weather|SunnyDay|[upkeep]\n|upkeep\n|\n|t:|1700347218\n|switch|p1a: Lilligant|Lilligant-Hisui, F, shiny|100\/100\n|turn|7\n|\n|t:|1700347227\n|move|p1a: Lilligant|Solar Blade||[still]\n|-prepare|p1a: Lilligant|Solar Blade\n|-anim|p1a: Lilligant|Solar Blade|p2a: Suicune?\n|-damage|p2a: Suicune?|0 fnt\n|faint|p2a: Suicune?\n|-end|p2a: Suicune?|Protosynthesis|[silent]\n|\n|-weather|SunnyDay|[upkeep]\n|upkeep\n|\n|t:|1700347235\n|switch|p2a: Buzz Buzz|Ribombee, M|100\/100\n|turn|8\n|\n|t:|1700347248\n|switch|p1a: Garganacl|Garganacl, M|100\/100\n|move|p2a: Buzz Buzz|Moonblast|p1a: Garganacl\n|-damage|p1a: Garganacl|64\/100\n|\n|-weather|SunnyDay|[upkeep]\n|-heal|p1a: Garganacl|70\/100|[from] item: Leftovers\n|upkeep\n|turn|9\n|inactive|gwess78 has 120 seconds left.\n|\n|t:|1700347285\n|move|p2a: Buzz Buzz|Sticky Web|p1a: Garganacl\n|-sidestart|p1: gwess78|move: Sticky Web\n|move|p1a: Garganacl|Salt Cure|p2a: Buzz Buzz\n|-supereffective|p2a: Buzz Buzz\n|-damage|p2a: Buzz Buzz|22\/100\n|\n|-weather|SunnyDay|[upkeep]\n|-heal|p1a: Garganacl|76\/100|[from] item: Leftovers\n|upkeep\n|turn|10\n|inactive|gwess78 has 120 seconds left.\n|\n|t:|1700347296\n|move|p2a: Buzz Buzz|Bug Buzz|p1a: Garganacl\n|-damage|p1a: Garganacl|38\/100\n|move|p1a: Garganacl|Recover|p1a: Garganacl\n|-heal|p1a: Garganacl|88\/100\n|\n|-weather|none\n|-heal|p1a: Garganacl|95\/100|[from] item: Leftovers\n|upkeep\n|turn|11\n|\n|t:|1700347319\n|move|p2a: Buzz Buzz|Bug Buzz|p1a: Garganacl\n|-damage|p1a: Garganacl|59\/100\n|move|p1a: Garganacl|Salt Cure|p2a: Buzz Buzz\n|-supereffective|p2a: Buzz Buzz\n|-damage|p2a: Buzz Buzz|0 fnt\n|faint|p2a: Buzz Buzz\n|\n|-heal|p1a: Garganacl|65\/100|[from] item: Leftovers\n|upkeep\n|\n|t:|1700347329\n|switch|p2a: IDFK|Landorus-Therian, M|100\/100\n|-ability|p2a: IDFK|Intimidate|boost\n|-unboost|p1a: Garganacl|atk|1\n|turn|12\n|\n|t:|1700347337\n|switch|p1a: Torkoal|Torkoal, M|100\/100\n|-activate|p1a: Torkoal|move: Sticky Web\n|-unboost|p1a: Torkoal|spe|1\n|-weather|SunnyDay|[from] ability: Drought|[of] p1a: Torkoal\n|move|p2a: IDFK|Stone Edge|p1a: Torkoal\n|-supereffective|p1a: Torkoal\n|-damage|p1a: Torkoal|44\/100\n|\n|-weather|SunnyDay|[upkeep]\n|upkeep\n|turn|13\n|\n|t:|1700347351\n|switch|p1a: Lilligant|Lilligant-Hisui, F, shiny|100\/100\n|-activate|p1a: Lilligant|move: Sticky Web\n|-unboost|p1a: Lilligant|spe|1\n|move|p2a: IDFK|Stone Edge|p1a: Lilligant\n|-resisted|p1a: Lilligant\n|-damage|p1a: Lilligant|70\/100\n|\n|-weather|SunnyDay|[upkeep]\n|upkeep\n|turn|14\n|\n|t:|1700347361\n|move|p1a: Lilligant|Ice Spinner|p2a: IDFK\n|-supereffective|p2a: IDFK\n|-damage|p2a: IDFK|0 fnt\n|faint|p2a: IDFK\n|\n|-weather|SunnyDay|[upkeep]\n|upkeep\n|\n|t:|1700347366\n|switch|p2a: Kash Krabs|Gholdengo|100\/100\n|turn|15\n|\n|t:|1700347380\n|switch|p1a: Garganacl|Garganacl, M|65\/100\n|-activate|p1a: Garganacl|move: Sticky Web\n|-unboost|p1a: Garganacl|spe|1\n|move|p2a: Kash Krabs|Nasty Plot|p2a: Kash Krabs\n|-boost|p2a: Kash Krabs|spa|2\n|\n|-weather|SunnyDay|[upkeep]\n|-heal|p1a: Garganacl|71\/100|[from] item: Leftovers\n|upkeep\n|turn|16\n|\n|t:|1700347390\n|move|p2a: Kash Krabs|Make It Rain|p1a: Garganacl\n|-supereffective|p1a: Garganacl\n|-damage|p1a: Garganacl|0 fnt\n|-unboost|p2a: Kash Krabs|spa|1\n|faint|p1a: Garganacl\n|-damage|p2a: Kash Krabs|91\/100|[from] item: Life Orb\n|\n|-weather|none\n|upkeep\n|\n|t:|1700347394\n|switch|p1a: Torkoal|Torkoal, M|44\/100\n|-activate|p1a: Torkoal|move: Sticky Web\n|-unboost|p1a: Torkoal|spe|1\n|-weather|SunnyDay|[from] ability: Drought|[of] p1a: Torkoal\n|turn|17\n|\n|t:|1700347402\n|move|p2a: Kash Krabs|Shadow Ball|p1a: Torkoal\n|-damage|p1a: Torkoal|0 fnt\n|faint|p1a: Torkoal\n|-damage|p2a: Kash Krabs|81\/100|[from] item: Life Orb\n|\n|-weather|SunnyDay|[upkeep]\n|upkeep\n|\n|t:|1700347407\n|switch|p1a: Lilligant|Lilligant-Hisui, F, shiny|70\/100\n|-activate|p1a: Lilligant|move: Sticky Web\n|-unboost|p1a: Lilligant|spe|1\n|turn|18\n|\n|t:|1700347414\n|-terastallize|p1a: Lilligant|Electric\n|move|p1a: Lilligant|Solar Blade||[still]\n|-prepare|p1a: Lilligant|Solar Blade\n|-anim|p1a: Lilligant|Solar Blade|p2a: Kash Krabs\n|-resisted|p2a: Kash Krabs\n|-damage|p2a: Kash Krabs|30\/100\n|move|p2a: Kash Krabs|Make It Rain|p1a: Lilligant\n|-resisted|p1a: Lilligant\n|-damage|p1a: Lilligant|0 fnt\n|-unboost|p2a: Kash Krabs|spa|1\n|faint|p1a: Lilligant\n|-damage|p2a: Kash Krabs|20\/100|[from] item: Life Orb\n|\n|win|Gatrekd\n|raw|gwess78's rating: 1048 &rarr; <strong>1034<\/strong><br \/>(-14 for losing)\n|raw|Gatrekd's rating: 1110 &rarr; <strong>1131<\/strong><br \/>(+21 for winning)\n|l|\u2606gwess78\n","uploadtime":1700347433,"views":9,"p1id":"gwess78","p2id":"gatrekd","formatid":"gen9ou","rating":1034,"private":0,"password":""}