{"id":"gen9ou-1992331359","p1":"fungus53465","p2":"Antonimo17","format":"[Gen 9] OU","log":"|j|\u2606fungus53465\n|j|\u2606Antonimo17\n|t:|1700175490\n|gametype|singles\n|player|p1|fungus53465|266|1360\n|player|p2|Antonimo17|benga|1314\n|teamsize|p1|6\n|teamsize|p2|6\n|gen|9\n|tier|[Gen 9] OU\n|rated|\n|rule|Sleep Clause Mod: Limit one foe put to sleep\n|rule|Species Clause: Limit one of each Pok\u00e9mon\n|rule|OHKO Clause: OHKO moves are banned\n|rule|Evasion Items Clause: Evasion items are banned\n|rule|Evasion Moves Clause: Evasion moves are banned\n|rule|Endless Battle Clause: Forcing endless battles is banned\n|rule|HP Percentage Mod: HP is shown in percentages\n|clearpoke\n|poke|p1|Torkoal, M|\n|poke|p1|Walking Wake|\n|poke|p1|Great Tusk|\n|poke|p1|Rillaboom, F|\n|poke|p1|Cinderace, F|\n|poke|p1|Brute Bonnet|\n|poke|p2|Infernape, F|\n|poke|p2|Torkoal, M|\n|poke|p2|Walking Wake|\n|poke|p2|Great Tusk|\n|poke|p2|Garganacl, M|\n|poke|p2|Scream Tail|\n|teampreview\n|inactive|Battle timer is ON: inactive players will automatically lose when time's up. (requested by fungus53465)\n|\n|t:|1700175520\n|start\n|switch|p1a: Torkoal|Torkoal, M|100\/100\n|switch|p2a: Walking Wake|Walking Wake|100\/100\n|-weather|SunnyDay|[from] ability: Drought|[of] p1a: Torkoal\n|-activate|p2a: Walking Wake|ability: Protosynthesis\n|-start|p2a: Walking Wake|protosynthesisspe\n|turn|1\n|\n|t:|1700175532\n|switch|p1a: Brute Bonnet|Brute Bonnet|100\/100\n|-activate|p1a: Brute Bonnet|ability: Protosynthesis\n|-start|p1a: Brute Bonnet|protosynthesisatk\n|move|p2a: Walking Wake|Draco Meteor|p1a: Brute Bonnet\n|-damage|p1a: Brute Bonnet|35\/100\n|-unboost|p2a: Walking Wake|spa|2\n|\n|-weather|SunnyDay|[upkeep]\n|-heal|p1a: Brute Bonnet|41\/100|[from] item: Leftovers\n|upkeep\n|turn|2\n|\n|t:|1700175557\n|-end|p2a: Walking Wake|Protosynthesis|[silent]\n|switch|p2a: Scream Tail|Scream Tail, shiny|100\/100\n|-activate|p2a: Scream Tail|ability: Protosynthesis\n|-start|p2a: Scream Tail|protosynthesisspe\n|move|p1a: Brute Bonnet|Seed Bomb|p2a: Scream Tail\n|-damage|p2a: Scream Tail|68\/100\n|\n|-weather|SunnyDay|[upkeep]\n|-heal|p2a: Scream Tail|75\/100|[from] item: Leftovers\n|-heal|p1a: Brute Bonnet|47\/100|[from] item: Leftovers\n|upkeep\n|turn|3\n|\n|t:|1700175574\n|-end|p1a: Brute Bonnet|Protosynthesis|[silent]\n|switch|p1a: Cinderace|Cinderace, F|100\/100\n|move|p2a: Scream Tail|Dazzling Gleam|p1a: Cinderace\n|-resisted|p1a: Cinderace\n|-damage|p1a: Cinderace|86\/100\n|\n|-weather|SunnyDay|[upkeep]\n|-heal|p2a: Scream Tail|81\/100|[from] item: Leftovers\n|upkeep\n|turn|4\n|inactive|fungus53465 has 120 seconds left.\n|\n|t:|1700175591\n|-end|p2a: Scream Tail|Protosynthesis|[silent]\n|switch|p2a: Walking Wake|Walking Wake|100\/100\n|-activate|p2a: Walking Wake|ability: Protosynthesis\n|-start|p2a: Walking Wake|protosynthesisspe\n|move|p1a: Cinderace|Pyro Ball|p2a: Walking Wake\n|-resisted|p2a: Walking Wake\n|-damage|p2a: Walking Wake|79\/100\n|\n|-weather|SunnyDay|[upkeep]\n|upkeep\n|turn|5\n|inactive|fungus53465 has 120 seconds left.\n|\n|t:|1700175605\n|switch|p1a: Brute Bonnet|Brute Bonnet|47\/100\n|-activate|p1a: Brute Bonnet|ability: Protosynthesis\n|-start|p1a: Brute Bonnet|protosynthesisatk\n|move|p2a: Walking Wake|Hydro Steam|p1a: Brute Bonnet\n|-resisted|p1a: Brute Bonnet\n|-damage|p1a: Brute Bonnet|18\/100\n|\n|-weather|SunnyDay|[upkeep]\n|-heal|p1a: Brute Bonnet|24\/100|[from] item: Leftovers\n|upkeep\n|turn|6\n|inactive|fungus53465 has 120 seconds left.\n|\n|t:|1700175616\n|move|p1a: Brute Bonnet|Sucker Punch|p2a: Walking Wake\n|-damage|p2a: Walking Wake|34\/100\n|move|p2a: Walking Wake|Hydro Steam|p1a: Brute Bonnet\n|-resisted|p1a: Brute Bonnet\n|-damage|p1a: Brute Bonnet|0 fnt\n|faint|p1a: Brute Bonnet\n|-end|p1a: Brute Bonnet|Protosynthesis|[silent]\n|\n|-weather|SunnyDay|[upkeep]\n|upkeep\n|inactive|fungus53465 has 120 seconds left.\n|\n|t:|1700175623\n|switch|p1a: Rillaboom|Rillaboom, F|100\/100\n|-fieldstart|move: Grassy Terrain|[from] ability: Grassy Surge|[of] p1a: Rillaboom\n|turn|7\n|\n|t:|1700175633\n|-end|p2a: Walking Wake|Protosynthesis|[silent]\n|switch|p2a: Infernape|Infernape, F|100\/100\n|move|p1a: Rillaboom|Grassy Glide|p2a: Infernape\n|-resisted|p2a: Infernape\n|-damage|p2a: Infernape|68\/100\n|\n|-weather|SunnyDay|[upkeep]\n|-heal|p2a: Infernape|74\/100|[from] Grassy Terrain\n|upkeep\n|turn|8\n|\n|t:|1700175652\n|switch|p1a: Torkoal|Torkoal, M|100\/100\n|move|p2a: Infernape|Overheat|p1a: Torkoal\n|-resisted|p1a: Torkoal\n|-damage|p1a: Torkoal|8\/100\n|-unboost|p2a: Infernape|spa|2\n|\n|-weather|none\n|-heal|p2a: Infernape|80\/100|[from] Grassy Terrain\n|-heal|p1a: Torkoal|14\/100|[from] Grassy Terrain\n|upkeep\n|turn|9\n|\n|t:|1700175664\n|switch|p1a: Walking Wake|Walking Wake|100\/100\n|move|p2a: Infernape|Overheat|p1a: Walking Wake\n|-resisted|p1a: Walking Wake\n|-damage|p1a: Walking Wake|88\/100\n|-unboost|p2a: Infernape|spa|2\n|\n|-heal|p1a: Walking Wake|94\/100|[from] Grassy Terrain\n|-heal|p2a: Infernape|86\/100|[from] Grassy Terrain\n|upkeep\n|turn|10\n|\n|t:|1700175675\n|switch|p2a: Scream Tail|Scream Tail, shiny|81\/100\n|move|p1a: Walking Wake|Hydro Pump|p2a: Scream Tail\n|-damage|p2a: Scream Tail|20\/100\n|\n|-heal|p2a: Scream Tail|26\/100|[from] Grassy Terrain\n|-heal|p2a: Scream Tail|32\/100|[from] item: Leftovers\n|-heal|p1a: Walking Wake|99\/100|[from] Grassy Terrain\n|upkeep\n|turn|11\n|\n|t:|1700175686\n|-end|p1a: Walking Wake|Protosynthesis|[silent]\n|switch|p1a: Cinderace|Cinderace, F|86\/100\n|move|p2a: Scream Tail|Protect||[still]\n|-fail|p2a: Scream Tail\n|\n|-heal|p1a: Cinderace|92\/100|[from] Grassy Terrain\n|-heal|p2a: Scream Tail|38\/100|[from] Grassy Terrain\n|-heal|p2a: Scream Tail|44\/100|[from] item: Leftovers\n|-fieldend|move: Grassy Terrain\n|upkeep\n|turn|12\n|\n|t:|1700175704\n|-end|p2a: Scream Tail|Protosynthesis|[silent]\n|switch|p2a: Torkoal|Torkoal, M|100\/100\n|-weather|SunnyDay|[from] ability: Drought|[of] p2a: Torkoal\n|move|p1a: Cinderace|Pyro Ball|p2a: Torkoal\n|-resisted|p2a: Torkoal\n|-damage|p2a: Torkoal|70\/100\n|\n|-weather|SunnyDay|[upkeep]\n|upkeep\n|turn|13\n|\n|t:|1700175712\n|move|p1a: Cinderace|U-turn|p2a: Torkoal\n|-start|p1a: Cinderace|typechange|Bug|[from] ability: Libero\n|-resisted|p2a: Torkoal\n|-damage|p2a: Torkoal|57\/100\n|\n|t:|1700175722\n|switch|p1a: Walking Wake|Walking Wake|99\/100|[from] U-turn\n|-activate|p1a: Walking Wake|ability: Protosynthesis\n|-start|p1a: Walking Wake|protosynthesisspe\n|move|p2a: Torkoal|Yawn|p1a: Walking Wake\n|-start|p1a: Walking Wake|move: Yawn|[of] p2a: Torkoal\n|\n|-weather|SunnyDay|[upkeep]\n|upkeep\n|turn|14\n|\n|t:|1700175733\n|-end|p1a: Walking Wake|Protosynthesis|[silent]\n|switch|p1a: Cinderace|Cinderace, F|92\/100\n|move|p2a: Torkoal|Stealth Rock|p1a: Cinderace\n|-sidestart|p1: fungus53465|move: Stealth Rock\n|\n|-weather|SunnyDay|[upkeep]\n|upkeep\n|turn|15\n|\n|t:|1700175739\n|move|p1a: Cinderace|Court Change|p1a: Cinderace\n|-start|p1a: Cinderace|typechange|Normal|[from] ability: Libero\n|-swapsideconditions\n|-activate|p1a: Cinderace|move: Court Change\n|move|p2a: Torkoal|Rapid Spin|p1a: Cinderace\n|-damage|p1a: Cinderace|78\/100\n|-boost|p2a: Torkoal|spe|1\n|-sideend|p2: Antonimo17|Stealth Rock|[from] move: Rapid Spin|[of] p2a: Torkoal\n|\n|-weather|SunnyDay|[upkeep]\n|upkeep\n|turn|16\n|\n|t:|1700175748\n|move|p1a: Cinderace|U-turn|p2a: Torkoal\n|-resisted|p2a: Torkoal\n|-damage|p2a: Torkoal|49\/100\n|\n|t:|1700175751\n|switch|p1a: Walking Wake|Walking Wake|99\/100|[from] U-turn\n|-activate|p1a: Walking Wake|ability: Protosynthesis\n|-start|p1a: Walking Wake|protosynthesisspe\n|move|p2a: Torkoal|Yawn|p1a: Walking Wake\n|-start|p1a: Walking Wake|move: Yawn|[of] p2a: Torkoal\n|\n|-weather|SunnyDay|[upkeep]\n|upkeep\n|turn|17\n|\n|t:|1700175760\n|-end|p1a: Walking Wake|Protosynthesis|[silent]\n|switch|p1a: Great Tusk|Great Tusk|100\/100\n|-activate|p1a: Great Tusk|ability: Protosynthesis\n|-start|p1a: Great Tusk|protosynthesisspe\n|move|p2a: Torkoal|Stealth Rock|p1a: Great Tusk\n|-sidestart|p1: fungus53465|move: Stealth Rock\n|\n|-weather|SunnyDay|[upkeep]\n|upkeep\n|turn|18\n|\n|t:|1700175771\n|move|p1a: Great Tusk|Headlong Rush|p2a: Torkoal\n|-supereffective|p2a: Torkoal\n|-damage|p2a: Torkoal|0 fnt\n|-unboost|p1a: Great Tusk|def|1\n|-unboost|p1a: Great Tusk|spd|1\n|faint|p2a: Torkoal\n|\n|-weather|SunnyDay|[upkeep]\n|upkeep\n|\n|t:|1700175777\n|switch|p2a: Infernape|Infernape, F|86\/100\n|turn|19\n|\n|t:|1700175782\n|move|p1a: Great Tusk|Headlong Rush|p2a: Infernape\n|-supereffective|p2a: Infernape\n|-damage|p2a: Infernape|0 fnt\n|-unboost|p1a: Great Tusk|def|1\n|-unboost|p1a: Great Tusk|spd|1\n|faint|p2a: Infernape\n|\n|-weather|none\n|-end|p1a: Great Tusk|Protosynthesis\n|upkeep\n|\n|t:|1700175790\n|switch|p2a: Walking Wake|Walking Wake|34\/100\n|turn|20\n|\n|t:|1700175800\n|move|p2a: Walking Wake|Draco Meteor|p1a: Great Tusk\n|-damage|p1a: Great Tusk|0 fnt\n|-unboost|p2a: Walking Wake|spa|2\n|faint|p1a: Great Tusk\n|-end|p1a: Great Tusk|Protosynthesis|[silent]\n|\n|upkeep\n|\n|t:|1700175805\n|switch|p1a: Cinderace|Cinderace, F|78\/100\n|turn|21\n|\n|t:|1700175833\n|-end|p2a: Walking Wake|Protosynthesis|[silent]\n|switch|p2a: Scream Tail|Scream Tail, shiny|44\/100\n|move|p1a: Cinderace|Court Change|p1a: Cinderace\n|-start|p1a: Cinderace|typechange|Normal|[from] ability: Libero\n|-swapsideconditions\n|-activate|p1a: Cinderace|move: Court Change\n|\n|-heal|p2a: Scream Tail|50\/100|[from] item: Leftovers\n|upkeep\n|turn|22\n|\n|t:|1700175852\n|move|p2a: Scream Tail|Protect|p2a: Scream Tail\n|-singleturn|p2a: Scream Tail|Protect\n|move|p1a: Cinderace|U-turn|p2a: Scream Tail\n|-activate|p2a: Scream Tail|move: Protect\n|\n|-heal|p2a: Scream Tail|57\/100|[from] item: Leftovers\n|upkeep\n|turn|23\n|\n|t:|1700175861\n|move|p1a: Cinderace|U-turn|p2a: Scream Tail\n|-damage|p2a: Scream Tail|39\/100\n|\n|t:|1700175865\n|switch|p1a: Torkoal|Torkoal, M|14\/100|[from] U-turn\n|-weather|SunnyDay|[from] ability: Drought|[of] p1a: Torkoal\n|-activate|p2a: Scream Tail|ability: Protosynthesis\n|-start|p2a: Scream Tail|protosynthesisspe\n|move|p2a: Scream Tail|Wish|p2a: Scream Tail\n|\n|-weather|SunnyDay|[upkeep]\n|-heal|p2a: Scream Tail|45\/100|[from] item: Leftovers\n|upkeep\n|turn|24\n|\n|t:|1700175881\n|-end|p2a: Scream Tail|Protosynthesis|[silent]\n|switch|p2a: Walking Wake|Walking Wake|34\/100\n|-damage|p2a: Walking Wake|22\/100|[from] Stealth Rock\n|-activate|p2a: Walking Wake|ability: Protosynthesis\n|-start|p2a: Walking Wake|protosynthesisspe\n|move|p1a: Torkoal|Overheat|p2a: Walking Wake\n|-resisted|p2a: Walking Wake\n|-damage|p2a: Walking Wake|4\/100\n|-unboost|p1a: Torkoal|spa|2\n|\n|-weather|SunnyDay|[upkeep]\n|-heal|p2a: Walking Wake|63\/100|[from] move: Wish|[wisher] Scream Tail\n|upkeep\n|turn|25\n|\n|t:|1700175901\n|move|p2a: Walking Wake|Flip Turn|p1a: Torkoal\n|-supereffective|p1a: Torkoal\n|-crit|p1a: Torkoal\n|-damage|p1a: Torkoal|0 fnt\n|faint|p1a: Torkoal\n|inactive|Antonimo17 has 120 seconds left.\n|\n|t:|1700175923\n|-end|p2a: Walking Wake|Protosynthesis|[silent]\n|switch|p2a: Great Tusk|Great Tusk|100\/100|[from] Flip Turn\n|-damage|p2a: Great Tusk|98\/100|[from] Stealth Rock\n|-activate|p2a: Great Tusk|ability: Protosynthesis\n|-start|p2a: Great Tusk|protosynthesisatk\n|\n|-weather|SunnyDay|[upkeep]\n|upkeep\n|\n|t:|1700175930\n|switch|p1a: Rillaboom|Rillaboom, F|100\/100\n|-fieldstart|move: Grassy Terrain|[from] ability: Grassy Surge|[of] p1a: Rillaboom\n|turn|26\n|\n|t:|1700175944\n|-terastallize|p2a: Great Tusk|Steel\n|move|p2a: Great Tusk|Ice Spinner|p1a: Rillaboom\n|-supereffective|p1a: Rillaboom\n|-damage|p1a: Rillaboom|17\/100\n|-fieldend|move: Grassy Terrain\n|move|p1a: Rillaboom|Swords Dance|p1a: Rillaboom\n|-boost|p1a: Rillaboom|atk|2\n|\n|-weather|SunnyDay|[upkeep]\n|-heal|p1a: Rillaboom|23\/100|[from] item: Leftovers\n|upkeep\n|turn|27\n|inactive|Antonimo17 has 120 seconds left.\n|\n|t:|1700175972\n|switch|p1a: Cinderace|Cinderace, F|78\/100\n|move|p2a: Great Tusk|Rapid Spin|p1a: Cinderace\n|-damage|p1a: Cinderace|46\/100\n|-boost|p2a: Great Tusk|spe|1\n|-sideend|p2: Antonimo17|Stealth Rock|[from] move: Rapid Spin|[of] p2a: Great Tusk\n|\n|-weather|SunnyDay|[upkeep]\n|upkeep\n|turn|28\n|inactive|Antonimo17 has 120 seconds left.\n|\n|t:|1700175994\n|move|p2a: Great Tusk|Headlong Rush|p1a: Cinderace\n|-supereffective|p1a: Cinderace\n|-damage|p1a: Cinderace|0 fnt\n|-unboost|p2a: Great Tusk|def|1\n|-unboost|p2a: Great Tusk|spd|1\n|faint|p1a: Cinderace\n|\n|-weather|SunnyDay|[upkeep]\n|upkeep\n|\n|t:|1700176000\n|switch|p1a: Walking Wake|Walking Wake|99\/100\n|-activate|p1a: Walking Wake|ability: Protosynthesis\n|-start|p1a: Walking Wake|protosynthesisspe\n|turn|29\n|\n|t:|1700176020\n|-end|p2a: Great Tusk|Protosynthesis|[silent]\n|switch|p2a: Scream Tail|Scream Tail, shiny|45\/100\n|-activate|p2a: Scream Tail|ability: Protosynthesis\n|-start|p2a: Scream Tail|protosynthesisspe\n|move|p1a: Walking Wake|Hydro Steam|p2a: Scream Tail\n|-damage|p2a: Scream Tail|0 fnt\n|faint|p2a: Scream Tail\n|-end|p2a: Scream Tail|Protosynthesis|[silent]\n|\n|-weather|SunnyDay|[upkeep]\n|upkeep\n|\n|t:|1700176029\n|switch|p2a: Walking Wake|Walking Wake|63\/100\n|-activate|p2a: Walking Wake|ability: Protosynthesis\n|-start|p2a: Walking Wake|protosynthesisspe\n|turn|30\n|\n|t:|1700176052\n|-end|p1a: Walking Wake|Protosynthesis|[silent]\n|switch|p1a: Rillaboom|Rillaboom, F|23\/100\n|-fieldstart|move: Grassy Terrain|[from] ability: Grassy Surge|[of] p1a: Rillaboom\n|move|p2a: Walking Wake|Draco Meteor|p1a: Rillaboom\n|-damage|p1a: Rillaboom|0 fnt\n|-unboost|p2a: Walking Wake|spa|2\n|faint|p1a: Rillaboom\n|\n|-weather|none\n|-end|p2a: Walking Wake|Protosynthesis\n|-heal|p2a: Walking Wake|69\/100|[from] Grassy Terrain\n|upkeep\n|\n|t:|1700176063\n|switch|p1a: Walking Wake|Walking Wake|99\/100\n|turn|31\n|\n|t:|1700176072\n|-end|p2a: Walking Wake|Protosynthesis|[silent]\n|switch|p2a: Great Tusk|Great Tusk, tera:Steel|98\/100\n|move|p1a: Walking Wake|Dragon Pulse|p2a: Great Tusk\n|-resisted|p2a: Great Tusk\n|-damage|p2a: Great Tusk|65\/100\n|\n|-heal|p1a: Walking Wake|100\/100|[from] Grassy Terrain\n|-heal|p2a: Great Tusk|71\/100|[from] Grassy Terrain\n|upkeep\n|turn|32\n|\n|t:|1700176080\n|move|p1a: Walking Wake|Dragon Pulse|p2a: Great Tusk\n|-resisted|p2a: Great Tusk\n|-damage|p2a: Great Tusk|37\/100\n|move|p2a: Great Tusk|Close Combat|p1a: Walking Wake\n|-damage|p1a: Walking Wake|30\/100\n|-unboost|p2a: Great Tusk|def|1\n|-unboost|p2a: Great Tusk|spd|1\n|\n|-heal|p1a: Walking Wake|36\/100|[from] Grassy Terrain\n|-heal|p2a: Great Tusk|43\/100|[from] Grassy Terrain\n|upkeep\n|turn|33\n|\n|t:|1700176093\n|-end|p2a: Great Tusk|Protosynthesis|[silent]\n|switch|p2a: Garganacl|Garganacl, M|100\/100\n|move|p1a: Walking Wake|Dragon Pulse|p2a: Garganacl\n|-damage|p2a: Garganacl|54\/100\n|\n|-heal|p1a: Walking Wake|43\/100|[from] Grassy Terrain\n|-heal|p2a: Garganacl|60\/100|[from] Grassy Terrain\n|-heal|p2a: Garganacl|66\/100|[from] item: Leftovers\n|upkeep\n|turn|34\n|\n|t:|1700176101\n|move|p1a: Walking Wake|Dragon Pulse|p2a: Garganacl\n|-damage|p2a: Garganacl|16\/100\n|move|p2a: Garganacl|Salt Cure|p1a: Walking Wake\n|-damage|p1a: Walking Wake|26\/100\n|-start|p1a: Walking Wake|Salt Cure\n|\n|-heal|p1a: Walking Wake|32\/100|[from] Grassy Terrain\n|-heal|p2a: Garganacl|22\/100|[from] Grassy Terrain\n|-heal|p2a: Garganacl|28\/100|[from] item: Leftovers\n|-damage|p1a: Walking Wake|7\/100|[from] Salt Cure\n|-fieldend|move: Grassy Terrain\n|upkeep\n|turn|35\n|\n|t:|1700176111\n|move|p1a: Walking Wake|Dragon Pulse|p2a: Garganacl\n|-damage|p2a: Garganacl|0 fnt\n|faint|p2a: Garganacl\n|\n|-damage|p1a: Walking Wake|0 fnt|[from] Salt Cure\n|faint|p1a: Walking Wake\n|-end|p1a: Walking Wake|Protosynthesis|[silent]\n|\n|win|Antonimo17\n|upkeep\n|raw|fungus53465's rating: 1360 &rarr; <strong>1337<\/strong><br \/>(-23 for losing)\n|raw|Antonimo17's rating: 1314 &rarr; <strong>1337<\/strong><br \/>(+23 for winning)\n|c|\u2606Antonimo17|Gg\n|l|\u2606fungus53465\n|l|\u2606Antonimo17\n|j|\u2606Antonimo17\n|player|p2|Antonimo17|benga\n","uploadtime":1700176126,"views":10,"p1id":"fungus53465","p2id":"antonimo17","formatid":"gen9ou","rating":1337,"private":0,"password":""}