{"id":"gen9ou-1993450933","p1":"derevocsidi","p2":"wolatuszka","format":"[Gen 9] OU","log":"|j|\u2606derevocsidi\n|j|\u2606wolatuszka\n|t:|1700319503\n|gametype|singles\n|player|p1|derevocsidi|n|1253\n|player|p2|wolatuszka|scientist|1126\n|teamsize|p1|6\n|teamsize|p2|6\n|gen|9\n|tier|[Gen 9] OU\n|rated|\n|rule|Sleep Clause Mod: Limit one foe put to sleep\n|rule|Species Clause: Limit one of each Pok\u00e9mon\n|rule|OHKO Clause: OHKO moves are banned\n|rule|Evasion Items Clause: Evasion items are banned\n|rule|Evasion Moves Clause: Evasion moves are banned\n|rule|Endless Battle Clause: Forcing endless battles is banned\n|rule|HP Percentage Mod: HP is shown in percentages\n|clearpoke\n|poke|p1|Gholdengo|\n|poke|p1|Great Tusk|\n|poke|p1|Azumarill, F|\n|poke|p1|Zapdos|\n|poke|p1|Samurott, M|\n|poke|p1|Arcanine-Hisui, M|\n|poke|p2|Dragonite, M|\n|poke|p2|Toxapex, M|\n|poke|p2|Skeledirge, M|\n|poke|p2|Slowking-Galar, M|\n|poke|p2|Ogerpon-Wellspring, F|\n|poke|p2|Great Tusk|\n|teampreview\n|inactive|Battle timer is ON: inactive players will automatically lose when time's up. (requested by derevocsidi)\n|\n|t:|1700319509\n|start\n|switch|p1a: UU.|Arcanine-Hisui, M|100\/100\n|switch|p2a: Toothless|Dragonite, M|100\/100\n|-ability|p1a: UU.|Intimidate|boost\n|-unboost|p2a: Toothless|atk|1\n|-item|p1a: UU.|Air Balloon\n|turn|1\n|\n|t:|1700319538\n|switch|p2a: Dr Watson|Toxapex, M|100\/100\n|move|p1a: UU.|Stealth Rock|p2a: Dr Watson\n|-sidestart|p2: wolatuszka|move: Stealth Rock\n|\n|upkeep\n|turn|2\n|\n|t:|1700319553\n|switch|p1a: Gholdengo|Gholdengo|100\/100\n|move|p2a: Dr Watson|Toxic|p1a: Gholdengo\n|-immune|p1a: Gholdengo|[from] ability: Good as Gold\n|\n|upkeep\n|turn|3\n|\n|t:|1700319559\n|switch|p2a: Manny|Great Tusk|100\/100\n|-damage|p2a: Manny|98\/100|[from] Stealth Rock\n|-enditem|p2a: Manny|Booster Energy\n|-activate|p2a: Manny|ability: Protosynthesis|[fromitem]\n|-start|p2a: Manny|protosynthesisatk\n|move|p1a: Gholdengo|Trick|p2a: Manny\n|-activate|p1a: Gholdengo|move: Trick|[of] p2a: Manny\n|-item|p2a: Manny|Choice Scarf|[from] move: Trick\n|-enditem|p1a: Gholdengo|Choice Scarf|[silent]|[from] move: Trick\n|\n|upkeep\n|turn|4\n|\n|t:|1700319572\n|move|p2a: Manny|Headlong Rush|p1a: Gholdengo\n|-supereffective|p1a: Gholdengo\n|-damage|p1a: Gholdengo|0 fnt\n|-unboost|p2a: Manny|def|1\n|-unboost|p2a: Manny|spd|1\n|faint|p1a: Gholdengo\n|\n|upkeep\n|\n|t:|1700319581\n|switch|p1a: Great Tusk|Great Tusk|100\/100\n|turn|5\n|\n|t:|1700319587\n|-end|p2a: Manny|Protosynthesis|[silent]\n|switch|p2a: Toothless|Dragonite, M|100\/100\n|-damage|p2a: Toothless|76\/100|[from] Stealth Rock\n|move|p1a: Great Tusk|Rapid Spin|p2a: Toothless\n|-damage|p2a: Toothless|57\/100\n|-boost|p1a: Great Tusk|spe|1\n|\n|upkeep\n|turn|6\n|\n|t:|1700319594\n|move|p1a: Great Tusk|Smack Down|p2a: Toothless\n|-supereffective|p2a: Toothless\n|-crit|p2a: Toothless\n|-damage|p2a: Toothless|0 fnt\n|faint|p2a: Toothless\n|\n|upkeep\n|\n|t:|1700319599\n|switch|p2a: Manny|Great Tusk|98\/100\n|-damage|p2a: Manny|95\/100|[from] Stealth Rock\n|turn|7\n|\n|t:|1700319609\n|move|p1a: Great Tusk|Earthquake|p2a: Manny\n|-damage|p2a: Manny|58\/100\n|move|p2a: Manny|Play Rough|p1a: Great Tusk\n|-supereffective|p1a: Great Tusk\n|-damage|p1a: Great Tusk|52\/100\n|-unboost|p1a: Great Tusk|atk|1\n|\n|upkeep\n|turn|8\n|\n|t:|1700319618\n|-end|p1a: Great Tusk|Protosynthesis|[silent]\n|switch|p1a: PU|Samurott, M|100\/100\n|move|p2a: Manny|Play Rough|p1a: PU\n|-damage|p1a: PU|66\/100\n|\n|upkeep\n|turn|9\n|\n|t:|1700319625\n|-end|p2a: Manny|Protosynthesis|[silent]\n|switch|p2a: Fiona|Ogerpon-Wellspring, F|100\/100\n|-damage|p2a: Fiona|88\/100|[from] Stealth Rock\n|move|p1a: PU|Hydro Pump|p2a: Fiona\n|-heal|p2a: Fiona|100\/100|[from] ability: Water Absorb|[of] p1a: PU\n|\n|upkeep\n|turn|10\n|\n|t:|1700319632\n|move|p2a: Fiona|Leech Seed|p1a: PU\n|-start|p1a: PU|move: Leech Seed\n|move|p1a: PU|Air Slash|p2a: Fiona\n|-supereffective|p2a: Fiona\n|-damage|p2a: Fiona|31\/100\n|-damage|p1a: PU|57\/100|[from] item: Life Orb\n|\n|-damage|p1a: PU|44\/100|[from] Leech Seed|[of] p2a: Fiona\n|-heal|p2a: Fiona|42\/100|[silent]\n|upkeep\n|turn|11\n|\n|t:|1700319641\n|switch|p1a: Zapdos|Zapdos|100\/100\n|-ability|p1a: Zapdos|Pressure\n|move|p2a: Fiona|Horn Leech|p1a: Zapdos\n|-resisted|p1a: Zapdos\n|-damage|p1a: Zapdos|76\/100\n|-heal|p2a: Fiona|53\/100|[from] drain|[of] p1a: Zapdos\n|\n|upkeep\n|turn|12\n|\n|t:|1700319653\n|switch|p2a: Sherlock Holmes|Slowking-Galar, M|100\/100\n|-damage|p2a: Sherlock Holmes|88\/100|[from] Stealth Rock\n|move|p1a: Zapdos|Discharge|p2a: Sherlock Holmes\n|-damage|p2a: Sherlock Holmes|64\/100\n|\n|-heal|p2a: Sherlock Holmes|70\/100|[from] item: Black Sludge\n|upkeep\n|turn|13\n|\n|t:|1700319661\n|move|p1a: Zapdos|Discharge|p2a: Sherlock Holmes\n|-damage|p2a: Sherlock Holmes|48\/100\n|-status|p2a: Sherlock Holmes|par\n|move|p2a: Sherlock Holmes|Future Sight|p1a: Zapdos\n|-start|p2a: Sherlock Holmes|move: Future Sight\n|\n|-heal|p2a: Sherlock Holmes|54\/100 par|[from] item: Black Sludge\n|upkeep\n|turn|14\n|\n|t:|1700319668\n|move|p1a: Zapdos|Volt Switch|p2a: Sherlock Holmes\n|-damage|p2a: Sherlock Holmes|33\/100 par\n|\n|t:|1700319672\n|switch|p1a: PU|Samurott, M|44\/100|[from] Volt Switch\n|cant|p2a: Sherlock Holmes|par\n|\n|-heal|p2a: Sherlock Holmes|39\/100 par|[from] item: Black Sludge\n|upkeep\n|turn|15\n|\n|t:|1700319683\n|switch|p1a: UU|Azumarill, F|100\/100\n|switch|p2a: Dr Watson|Toxapex, M|100\/100\n|-damage|p2a: Dr Watson|88\/100|[from] Stealth Rock\n|\n|-end|p1a: UU|move: Future Sight\n|-damage|p1a: UU|64\/100\n|-heal|p2a: Dr Watson|94\/100|[from] item: Black Sludge\n|upkeep\n|turn|16\n|\n|t:|1700319692\n|move|p1a: UU|Ice Spinner|p2a: Dr Watson\n|-resisted|p2a: Dr Watson\n|-damage|p2a: Dr Watson|85\/100\n|move|p2a: Dr Watson|Toxic|p1a: UU\n|-status|p1a: UU|tox\n|\n|-heal|p2a: Dr Watson|92\/100|[from] item: Black Sludge\n|-damage|p1a: UU|58\/100 tox|[from] psn\n|upkeep\n|turn|17\n|\n|t:|1700319709\n|switch|p1a: Zapdos|Zapdos|76\/100\n|-ability|p1a: Zapdos|Pressure\n|move|p2a: Dr Watson|Infestation|p1a: Zapdos\n|-resisted|p1a: Zapdos\n|-damage|p1a: Zapdos|75\/100\n|-activate|p1a: Zapdos|move: Infestation|[of] p2a: Dr Watson\n|\n|-heal|p2a: Dr Watson|98\/100|[from] item: Black Sludge\n|-damage|p1a: Zapdos|62\/100|[from] move: Infestation|[partiallytrapped]\n|upkeep\n|turn|18\n|\n|t:|1700319722\n|move|p1a: Zapdos|Discharge|p2a: Dr Watson\n|-supereffective|p2a: Dr Watson\n|-damage|p2a: Dr Watson|33\/100\n|-status|p2a: Dr Watson|par\n|cant|p2a: Dr Watson|par\n|\n|-heal|p2a: Dr Watson|39\/100 par|[from] item: Black Sludge\n|-damage|p1a: Zapdos|50\/100|[from] move: Infestation|[partiallytrapped]\n|upkeep\n|turn|19\n|\n|t:|1700319732\n|switch|p2a: Sherlock Holmes|Slowking-Galar, M|73\/100 par\n|-damage|p2a: Sherlock Holmes|60\/100 par|[from] Stealth Rock\n|move|p1a: Zapdos|Hurricane|p2a: Sherlock Holmes|[miss]\n|-miss|p1a: Zapdos|p2a: Sherlock Holmes\n|\n|-heal|p2a: Sherlock Holmes|66\/100 par|[from] item: Black Sludge\n|-end|p1a: Zapdos|Infestation|[partiallytrapped]|[silent]\n|upkeep\n|turn|20\n|\n|t:|1700319740\n|move|p1a: Zapdos|Roost|p1a: Zapdos\n|-heal|p1a: Zapdos|99\/100\n|-singleturn|p1a: Zapdos|move: Roost\n|cant|p2a: Sherlock Holmes|par\n|\n|-heal|p2a: Sherlock Holmes|72\/100 par|[from] item: Black Sludge\n|upkeep\n|turn|21\n|\n|t:|1700319747\n|move|p1a: Zapdos|Hurricane|p2a: Sherlock Holmes|[miss]\n|-miss|p1a: Zapdos|p2a: Sherlock Holmes\n|move|p2a: Sherlock Holmes|Future Sight|p1a: Zapdos\n|-start|p2a: Sherlock Holmes|move: Future Sight\n|\n|-heal|p2a: Sherlock Holmes|78\/100 par|[from] item: Black Sludge\n|upkeep\n|turn|22\n|\n|t:|1700319753\n|move|p1a: Zapdos|Hurricane|p2a: Sherlock Holmes|[miss]\n|-miss|p1a: Zapdos|p2a: Sherlock Holmes\n|move|p2a: Sherlock Holmes|Toxic|p1a: Zapdos\n|-status|p1a: Zapdos|tox\n|\n|-heal|p2a: Sherlock Holmes|85\/100 par|[from] item: Black Sludge\n|-damage|p1a: Zapdos|94\/100 tox|[from] psn\n|upkeep\n|turn|23\n|\n|t:|1700319763\n|move|p1a: Zapdos|Discharge|p2a: Sherlock Holmes\n|-damage|p2a: Sherlock Holmes|59\/100 par\n|move|p2a: Sherlock Holmes|Sludge Bomb|p1a: Zapdos\n|-damage|p1a: Zapdos|52\/100 tox\n|\n|-end|p1a: Zapdos|move: Future Sight\n|-damage|p1a: Zapdos|0 fnt\n|faint|p1a: Zapdos\n|-heal|p2a: Sherlock Holmes|65\/100 par|[from] item: Black Sludge\n|upkeep\n|\n|t:|1700319769\n|switch|p1a: Great Tusk|Great Tusk|52\/100\n|turn|24\n|\n|t:|1700319777\n|switch|p2a: Manny|Great Tusk|58\/100\n|-damage|p2a: Manny|55\/100|[from] Stealth Rock\n|move|p1a: Great Tusk|Earthquake|p2a: Manny\n|-damage|p2a: Manny|15\/100\n|\n|upkeep\n|turn|25\n|\n|t:|1700319789\n|-end|p1a: Great Tusk|Protosynthesis|[silent]\n|switch|p1a: UU.|Arcanine-Hisui, M|100\/100\n|-ability|p1a: UU.|Intimidate|boost\n|-unboost|p2a: Manny|atk|1\n|-item|p1a: UU.|Air Balloon\n|move|p2a: Manny|Play Rough|p1a: UU.\n|-resisted|p1a: UU.\n|-damage|p1a: UU.|87\/100\n|-unboost|p1a: UU.|atk|1\n|-enditem|p1a: UU.|Air Balloon\n|\n|upkeep\n|turn|26\n|\n|t:|1700319802\n|move|p2a: Manny|Play Rough|p1a: UU.\n|-resisted|p1a: UU.\n|-damage|p1a: UU.|73\/100\n|move|p1a: UU.|Flare Blitz|p2a: Manny\n|-crit|p2a: Manny\n|-damage|p2a: Manny|0 fnt\n|faint|p2a: Manny\n|-end|p2a: Manny|Protosynthesis|[silent]\n|-damage|p1a: UU.|68\/100|[from] Recoil\n|\n|upkeep\n|\n|t:|1700319814\n|switch|p2a: Fiona|Ogerpon-Wellspring, F|53\/100\n|-damage|p2a: Fiona|41\/100|[from] Stealth Rock\n|turn|27\n|\n|t:|1700319817\n|move|p1a: UU.|Extreme Speed|p2a: Fiona\n|-damage|p2a: Fiona|21\/100\n|move|p2a: Fiona|Ivy Cudgel|p1a: UU.|[anim] Ivy Cudgel Water\n|-supereffective|p1a: UU.\n|-damage|p1a: UU.|0 fnt\n|faint|p1a: UU.\n|\n|upkeep\n|\n|t:|1700319824\n|switch|p1a: PU|Samurott, M|44\/100\n|turn|28\n|\n|t:|1700319828\n|-terastallize|p1a: PU|Flying\n|move|p2a: Fiona|Horn Leech|p1a: PU\n|-resisted|p1a: PU\n|-damage|p1a: PU|22\/100\n|-heal|p2a: Fiona|31\/100|[from] drain|[of] p1a: PU\n|move|p1a: PU|Air Slash|p2a: Fiona\n|-supereffective|p2a: Fiona\n|-damage|p2a: Fiona|0 fnt\n|faint|p2a: Fiona\n|-damage|p1a: PU|12\/100|[from] item: Life Orb\n|\n|upkeep\n|\n|t:|1700319838\n|switch|p2a: Dr Watson|Toxapex, M|72\/100 par\n|-damage|p2a: Dr Watson|60\/100 par|[from] Stealth Rock\n|turn|29\n|\n|t:|1700319842\n|switch|p1a: UU|Azumarill, F|58\/100 tox\n|move|p2a: Dr Watson|Infestation|p1a: UU\n|-resisted|p1a: UU\n|-damage|p1a: UU|56\/100 tox\n|-activate|p1a: UU|move: Infestation|[of] p2a: Dr Watson\n|\n|-heal|p2a: Dr Watson|66\/100 par|[from] item: Black Sludge\n|-damage|p1a: UU|50\/100 tox|[from] psn\n|-damage|p1a: UU|38\/100 tox|[from] move: Infestation|[partiallytrapped]\n|upkeep\n|-enditem|p1a: UU|Sitrus Berry|[eat]\n|-heal|p1a: UU|63\/100 tox|[from] item: Sitrus Berry\n|turn|30\n|\n|t:|1700319854\n|cant|p2a: Dr Watson|par\n|move|p1a: UU|Belly Drum|p1a: UU\n|-damage|p1a: UU|13\/100 tox\n|-setboost|p1a: UU|atk|6|[from] move: Belly Drum\n|\n|-heal|p2a: Dr Watson|72\/100 par|[from] item: Black Sludge\n|-damage|p1a: UU|0 fnt|[from] psn\n|faint|p1a: UU\n|upkeep\n|\n|t:|1700319859\n|switch|p1a: Great Tusk|Great Tusk|52\/100\n|turn|31\n|\n|t:|1700319865\n|move|p1a: Great Tusk|Earthquake|p2a: Dr Watson\n|-supereffective|p2a: Dr Watson\n|-damage|p2a: Dr Watson|11\/100 par\n|move|p2a: Dr Watson|Toxic|p1a: Great Tusk\n|-status|p1a: Great Tusk|tox\n|\n|-heal|p2a: Dr Watson|17\/100 par|[from] item: Black Sludge\n|-damage|p1a: Great Tusk|46\/100 tox|[from] psn\n|upkeep\n|turn|32\n|\n|t:|1700319874\n|switch|p2a: Sherlock Holmes|Slowking-Galar, M|99\/100 par\n|-damage|p2a: Sherlock Holmes|86\/100 par|[from] Stealth Rock\n|move|p1a: Great Tusk|Earthquake|p2a: Sherlock Holmes\n|-supereffective|p2a: Sherlock Holmes\n|-damage|p2a: Sherlock Holmes|0 fnt\n|faint|p2a: Sherlock Holmes\n|\n|-damage|p1a: Great Tusk|34\/100 tox|[from] psn\n|upkeep\n|\n|t:|1700319882\n|switch|p2a: Freddie Mercury|Skeledirge, M|100\/100\n|-damage|p2a: Freddie Mercury|75\/100|[from] Stealth Rock\n|turn|33\n|\n|t:|1700319886\n|-end|p1a: Great Tusk|Protosynthesis|[silent]\n|switch|p1a: PU|Samurott, M, tera:Flying|12\/100\n|-terastallize|p2a: Freddie Mercury|Fairy\n|move|p2a: Freddie Mercury|Slack Off|p2a: Freddie Mercury\n|-heal|p2a: Freddie Mercury|100\/100\n|\n|upkeep\n|turn|34\n|\n|t:|1700319893\n|move|p1a: PU|Hydro Pump|p2a: Freddie Mercury\n|-damage|p2a: Freddie Mercury|0 fnt\n|faint|p2a: Freddie Mercury\n|-damage|p1a: PU|2\/100|[from] item: Life Orb\n|\n|upkeep\n|\n|t:|1700319898\n|switch|p2a: Dr Watson|Toxapex, M|50\/100 par\n|-damage|p2a: Dr Watson|38\/100 par|[from] Stealth Rock\n|turn|35\n|\n|t:|1700319903\n|move|p2a: Dr Watson|Baneful Bunker|p2a: Dr Watson\n|-singleturn|p2a: Dr Watson|move: Protect\n|move|p1a: PU|Air Slash|p2a: Dr Watson\n|-activate|p2a: Dr Watson|move: Protect\n|\n|-heal|p2a: Dr Watson|44\/100 par|[from] item: Black Sludge\n|upkeep\n|turn|36\n|\n|t:|1700319910\n|move|p1a: PU|Air Slash|p2a: Dr Watson\n|-damage|p2a: Dr Watson|5\/100 par\n|-damage|p1a: PU|0 fnt|[from] item: Life Orb\n|faint|p1a: PU\n|cant|p2a: Dr Watson|par\n|\n|-heal|p2a: Dr Watson|12\/100 par|[from] item: Black Sludge\n|upkeep\n|\n|t:|1700319916\n|switch|p1a: Great Tusk|Great Tusk|34\/100 tox\n|turn|37\n|\n|t:|1700319918\n|move|p1a: Great Tusk|Earthquake|p2a: Dr Watson\n|-supereffective|p2a: Dr Watson\n|-damage|p2a: Dr Watson|0 fnt\n|faint|p2a: Dr Watson\n|\n|win|derevocsidi\n|raw|derevocsidi's rating: 1253 &rarr; <strong>1269<\/strong><br \/>(+16 for winning)\n|raw|wolatuszka's rating: 1126 &rarr; <strong>1110<\/strong><br \/>(-16 for losing)\n|c|\u2606derevocsidi|GG\n|c|\u2606wolatuszka|gg\n|l|\u2606wolatuszka\n","uploadtime":1700319934,"views":8,"p1id":"derevocsidi","p2id":"wolatuszka","formatid":"gen9ou","rating":1110,"private":0,"password":""}