{"id":"gen9ou-1991873071","p1":"Diereta","p2":"1owercase","format":"[Gen 9] OU","log":"|j|\u2606Diereta\n|j|\u26061owercase\n|t:|1700131760\n|gametype|singles\n|player|p1|Diereta|gambler|1762\n|player|p2|1owercase|flannery|1745\n|teamsize|p1|6\n|teamsize|p2|6\n|gen|9\n|tier|[Gen 9] OU\n|rated|\n|rule|Sleep Clause Mod: Limit one foe put to sleep\n|rule|Species Clause: Limit one of each Pok\u00e9mon\n|rule|OHKO Clause: OHKO moves are banned\n|rule|Evasion Items Clause: Evasion items are banned\n|rule|Evasion Moves Clause: Evasion moves are banned\n|rule|Endless Battle Clause: Forcing endless battles is banned\n|rule|HP Percentage Mod: HP is shown in percentages\n|clearpoke\n|poke|p1|Goodra-Hisui, F|\n|poke|p1|Ogerpon-Wellspring, F|\n|poke|p1|Donphan, M|\n|poke|p1|Zamazenta-*|\n|poke|p1|Cinderace, M|\n|poke|p1|Zapdos|\n|poke|p2|Rillaboom, F|\n|poke|p2|Heatran, F|\n|poke|p2|Gengar, F|\n|poke|p2|Tauros-Paldea-Aqua, M|\n|poke|p2|Cyclizar, M|\n|poke|p2|Enamorus-Therian, F|\n|teampreview\n|inactive|Battle timer is ON: inactive players will automatically lose when time's up. (requested by 1owercase)\n|\n|t:|1700131769\n|start\n|switch|p1a: Rammot|Cinderace, M|100\/100\n|switch|p2a: Gengar|Gengar, F|100\/100\n|turn|1\n|\n|t:|1700131775\n|switch|p1a: Rhaenyra|Goodra-Hisui, F|100\/100\n|switch|p2a: Heatran|Heatran, F|100\/100\n|\n|upkeep\n|turn|2\n|\n|t:|1700131780\n|switch|p2a: Tauros|Tauros-Paldea-Aqua, M|100\/100\n|-ability|p2a: Tauros|Intimidate|boost\n|-unboost|p1a: Rhaenyra|atk|1\n|move|p1a: Rhaenyra|Earthquake|p2a: Tauros\n|-damage|p2a: Tauros|90\/100\n|\n|upkeep\n|turn|3\n|\n|t:|1700131789\n|switch|p1a: Zip-Zap-Dos|Zapdos|100\/100\n|move|p2a: Tauros|Body Press|p1a: Zip-Zap-Dos\n|-resisted|p1a: Zip-Zap-Dos\n|-damage|p1a: Zip-Zap-Dos|80\/100\n|-damage|p2a: Tauros|74\/100|[from] item: Rocky Helmet|[of] p1a: Zip-Zap-Dos\n|\n|upkeep\n|turn|4\n|\n|t:|1700131794\n|switch|p2a: Heatran|Heatran, F|100\/100\n|move|p1a: Zip-Zap-Dos|Volt Switch|p2a: Heatran\n|-damage|p2a: Heatran|74\/100\n|\n|t:|1700131797\n|switch|p1a: WhatTheDogDoing?|Zamazenta|100\/100|[from] Volt Switch\n|-ability|p1a: WhatTheDogDoing?|Dauntless Shield|boost\n|-boost|p1a: WhatTheDogDoing?|def|1\n|\n|-heal|p2a: Heatran|80\/100|[from] item: Leftovers\n|upkeep\n|turn|5\n|\n|t:|1700131807\n|switch|p2a: Tauros|Tauros-Paldea-Aqua, M|74\/100\n|-ability|p2a: Tauros|Intimidate|boost\n|-unboost|p1a: WhatTheDogDoing?|atk|1\n|move|p1a: WhatTheDogDoing?|Close Combat|p2a: Tauros\n|-damage|p2a: Tauros|47\/100\n|-unboost|p1a: WhatTheDogDoing?|def|1\n|-unboost|p1a: WhatTheDogDoing?|spd|1\n|-damage|p1a: WhatTheDogDoing?|84\/100|[from] item: Rocky Helmet|[of] p2a: Tauros\n|\n|upkeep\n|turn|6\n|\n|t:|1700131819\n|switch|p1a: Zip-Zap-Dos|Zapdos|80\/100\n|switch|p2a: Rillaboom|Rillaboom, F|100\/100\n|-fieldstart|move: Grassy Terrain|[from] ability: Grassy Surge|[of] p2a: Rillaboom\n|\n|upkeep\n|turn|7\n|j| PantyPhantom\n|\n|t:|1700131834\n|switch|p2a: Cyclizar|Cyclizar, M|100\/100\n|move|p1a: Zip-Zap-Dos|Hurricane|p2a: Cyclizar|[miss]\n|-miss|p1a: Zip-Zap-Dos|p2a: Cyclizar\n|\n|upkeep\n|turn|8\n|\n|t:|1700131846\n|switch|p1a: Rhaenyra|Goodra-Hisui, F|100\/100\n|move|p2a: Cyclizar|Knock Off|p1a: Rhaenyra\n|-damage|p1a: Rhaenyra|80\/100\n|-enditem|p1a: Rhaenyra|Assault Vest|[from] move: Knock Off|[of] p2a: Cyclizar\n|\n|-heal|p1a: Rhaenyra|86\/100|[from] Grassy Terrain\n|upkeep\n|turn|9\n|inactive|Diereta has 120 seconds left.\n|\n|t:|1700131901\n|move|p2a: Cyclizar|U-turn|p1a: Rhaenyra\n|-resisted|p1a: Rhaenyra\n|-damage|p1a: Rhaenyra|79\/100\n|\n|t:|1700131909\n|switch|p2a: Heatran|Heatran, F|80\/100|[from] U-turn\n|move|p1a: Rhaenyra|Earthquake|p2a: Heatran\n|-supereffective|p2a: Heatran\n|-damage|p2a: Heatran|40\/100\n|\n|-heal|p2a: Heatran|46\/100|[from] Grassy Terrain\n|-heal|p2a: Heatran|52\/100|[from] item: Leftovers\n|-heal|p1a: Rhaenyra|85\/100|[from] Grassy Terrain\n|upkeep\n|turn|10\n|inactive|Diereta has 90 seconds left.\n|\n|t:|1700131935\n|move|p2a: Heatran|Stealth Rock|p1a: Rhaenyra\n|-sidestart|p1: Diereta|move: Stealth Rock\n|move|p1a: Rhaenyra|Earthquake|p2a: Heatran\n|-supereffective|p2a: Heatran\n|-damage|p2a: Heatran|10\/100\n|\n|-heal|p2a: Heatran|16\/100|[from] Grassy Terrain\n|-heal|p2a: Heatran|22\/100|[from] item: Leftovers\n|-heal|p1a: Rhaenyra|91\/100|[from] Grassy Terrain\n|-fieldend|move: Grassy Terrain\n|upkeep\n|turn|11\n|\n|t:|1700131939\n|move|p2a: Heatran|Protect|p2a: Heatran\n|-singleturn|p2a: Heatran|Protect\n|move|p1a: Rhaenyra|Earthquake|p2a: Heatran\n|-activate|p2a: Heatran|move: Protect\n|\n|-heal|p2a: Heatran|28\/100|[from] item: Leftovers\n|upkeep\n|turn|12\n|\n|t:|1700131948\n|switch|p2a: Tauros|Tauros-Paldea-Aqua, M|47\/100\n|-ability|p2a: Tauros|Intimidate|boost\n|-unboost|p1a: Rhaenyra|atk|1\n|move|p1a: Rhaenyra|Earthquake|p2a: Tauros\n|-damage|p2a: Tauros|36\/100\n|\n|upkeep\n|turn|13\n|\n|t:|1700131966\n|switch|p1a: Ogo|Ogerpon-Wellspring, F|100\/100\n|-damage|p1a: Ogo|88\/100|[from] Stealth Rock\n|move|p2a: Tauros|Rest|p2a: Tauros\n|-status|p2a: Tauros|slp|[from] move: Rest\n|-heal|p2a: Tauros|100\/100 slp|[silent]\n|\n|upkeep\n|turn|14\n|\n|t:|1700131970\n|switch|p2a: Cyclizar|Cyclizar, M|100\/100\n|move|p1a: Ogo|Substitute|p1a: Ogo\n|-start|p1a: Ogo|Substitute\n|-damage|p1a: Ogo|63\/100\n|\n|upkeep\n|turn|15\n|\n|t:|1700131980\n|move|p2a: Cyclizar|Body Slam|p1a: Ogo\n|-end|p1a: Ogo|Substitute\n|move|p1a: Ogo|Ivy Cudgel|p2a: Cyclizar|[anim] Ivy Cudgel Water\n|-resisted|p2a: Cyclizar\n|-damage|p2a: Cyclizar|62\/100\n|\n|upkeep\n|turn|16\n|inactive|Diereta has 120 seconds left.\n|\n|t:|1700132002\n|move|p2a: Cyclizar|U-turn|p1a: Ogo\n|-supereffective|p1a: Ogo\n|-damage|p1a: Ogo|19\/100\n|\n|t:|1700132007\n|switch|p2a: Rillaboom|Rillaboom, F|100\/100|[from] U-turn\n|-fieldstart|move: Grassy Terrain|[from] ability: Grassy Surge|[of] p2a: Rillaboom\n|move|p1a: Ogo|Ivy Cudgel|p2a: Rillaboom|[anim] Ivy Cudgel Water\n|-resisted|p2a: Rillaboom\n|-damage|p2a: Rillaboom|72\/100\n|\n|-heal|p1a: Ogo|25\/100|[from] Grassy Terrain\n|-heal|p2a: Rillaboom|78\/100|[from] Grassy Terrain\n|upkeep\n|turn|17\n|\n|t:|1700132015\n|switch|p1a: Zip-Zap-Dos|Zapdos|80\/100\n|-damage|p1a: Zip-Zap-Dos|56\/100|[from] Stealth Rock\n|move|p2a: Rillaboom|U-turn|p1a: Zip-Zap-Dos\n|-resisted|p1a: Zip-Zap-Dos\n|-damage|p1a: Zip-Zap-Dos|34\/100\n|-damage|p2a: Rillaboom|62\/100|[from] item: Rocky Helmet|[of] p1a: Zip-Zap-Dos\n|\n|t:|1700132023\n|switch|p2a: Gengar|Gengar, F|100\/100|[from] U-turn\n|\n|upkeep\n|turn|18\n|j| Ctannn\n|\n|t:|1700132034\n|switch|p1a: Rhaenyra|Goodra-Hisui, F|91\/100\n|-damage|p1a: Rhaenyra|85\/100|[from] Stealth Rock\n|move|p2a: Gengar|Sludge Bomb|p1a: Rhaenyra\n|-immune|p1a: Rhaenyra\n|\n|-heal|p1a: Rhaenyra|91\/100|[from] Grassy Terrain\n|upkeep\n|turn|19\n|j| Chrom5\n|inactive|Diereta has 120 seconds left.\n|\n|t:|1700132056\n|move|p2a: Gengar|Trick|p1a: Rhaenyra\n|-activate|p2a: Gengar|move: Trick|[of] p1a: Rhaenyra\n|-item|p1a: Rhaenyra|Black Sludge|[from] move: Trick\n|-enditem|p2a: Gengar|Black Sludge|[silent]|[from] move: Trick\n|move|p1a: Rhaenyra|Flash Cannon|p2a: Gengar\n|-damage|p2a: Gengar|32\/100\n|\n|-heal|p2a: Gengar|38\/100|[from] Grassy Terrain\n|-heal|p1a: Rhaenyra|97\/100|[from] Grassy Terrain\n|-damage|p1a: Rhaenyra|85\/100|[from] item: Black Sludge\n|upkeep\n|turn|20\n|\n|t:|1700132068\n|switch|p2a: Tauros|Tauros-Paldea-Aqua, M|100\/100 slp\n|-ability|p2a: Tauros|Intimidate|boost\n|-unboost|p1a: Rhaenyra|atk|1\n|move|p1a: Rhaenyra|Flash Cannon|p2a: Tauros\n|-resisted|p2a: Tauros\n|-damage|p2a: Tauros|76\/100 slp\n|-unboost|p2a: Tauros|spd|1\n|\n|-heal|p2a: Tauros|82\/100 slp|[from] Grassy Terrain\n|-heal|p1a: Rhaenyra|91\/100|[from] Grassy Terrain\n|-damage|p1a: Rhaenyra|78\/100|[from] item: Black Sludge\n|-fieldend|move: Grassy Terrain\n|upkeep\n|turn|21\n|inactive|Diereta has 120 seconds left.\n|\n|t:|1700132104\n|switch|p2a: Cyclizar|Cyclizar, M|96\/100\n|move|p1a: Rhaenyra|Draco Meteor|p2a: Cyclizar\n|-supereffective|p2a: Cyclizar\n|-damage|p2a: Cyclizar|0 fnt\n|-unboost|p1a: Rhaenyra|spa|2\n|faint|p2a: Cyclizar\n|\n|-damage|p1a: Rhaenyra|66\/100|[from] item: Black Sludge\n|upkeep\n|\n|t:|1700132115\n|switch|p2a: Rillaboom|Rillaboom, F|62\/100\n|-fieldstart|move: Grassy Terrain|[from] ability: Grassy Surge|[of] p2a: Rillaboom\n|turn|22\n|\n|t:|1700132127\n|switch|p1a: Zip-Zap-Dos|Zapdos|34\/100\n|-damage|p1a: Zip-Zap-Dos|9\/100|[from] Stealth Rock\n|move|p2a: Rillaboom|Drain Punch|p1a: Zip-Zap-Dos\n|-resisted|p1a: Zip-Zap-Dos\n|-crit|p1a: Zip-Zap-Dos\n|-damage|p1a: Zip-Zap-Dos|0 fnt\n|-heal|p2a: Rillaboom|66\/100|[from] drain|[of] p1a: Zip-Zap-Dos\n|-damage|p2a: Rillaboom|49\/100|[from] item: Rocky Helmet|[of] p1a: Zip-Zap-Dos\n|faint|p1a: Zip-Zap-Dos\n|\n|-heal|p2a: Rillaboom|55\/100|[from] Grassy Terrain\n|upkeep\n|\n|t:|1700132130\n|switch|p1a: Rammot|Cinderace, M|100\/100\n|turn|23\n|\n|t:|1700132135\n|switch|p2a: Heatran|Heatran, F|28\/100\n|move|p1a: Rammot|Court Change|p1a: Rammot\n|-swapsideconditions\n|-activate|p1a: Rammot|move: Court Change\n|\n|-heal|p2a: Heatran|35\/100|[from] Grassy Terrain\n|-heal|p2a: Heatran|41\/100|[from] item: Leftovers\n|upkeep\n|turn|24\n|\n|t:|1700132139\n|switch|p1a: Ogo|Ogerpon-Wellspring, F|25\/100\n|move|p2a: Heatran|Stealth Rock|p1a: Ogo\n|-sidestart|p1: Diereta|move: Stealth Rock\n|\n|-heal|p1a: Ogo|31\/100|[from] Grassy Terrain\n|-heal|p2a: Heatran|47\/100|[from] Grassy Terrain\n|-heal|p2a: Heatran|53\/100|[from] item: Leftovers\n|upkeep\n|turn|25\n|\n|t:|1700132145\n|-terastallize|p2a: Heatran|Grass\n|move|p1a: Ogo|Substitute|p1a: Ogo\n|-start|p1a: Ogo|Substitute\n|-damage|p1a: Ogo|6\/100\n|move|p2a: Heatran|Lava Plume|p1a: Ogo\n|-end|p1a: Ogo|Substitute\n|\n|-heal|p1a: Ogo|12\/100|[from] Grassy Terrain\n|-heal|p2a: Heatran|60\/100|[from] Grassy Terrain\n|-heal|p2a: Heatran|66\/100|[from] item: Leftovers\n|upkeep\n|turn|26\n|\n|t:|1700132150\n|move|p1a: Ogo|Ivy Cudgel|p2a: Heatran|[anim] Ivy Cudgel Water\n|-resisted|p2a: Heatran\n|-damage|p2a: Heatran|43\/100\n|move|p2a: Heatran|Lava Plume|p1a: Ogo\n|-crit|p1a: Ogo\n|-damage|p1a: Ogo|0 fnt\n|faint|p1a: Ogo\n|\n|-heal|p2a: Heatran|49\/100|[from] Grassy Terrain\n|-heal|p2a: Heatran|55\/100|[from] item: Leftovers\n|-fieldend|move: Grassy Terrain\n|upkeep\n|\n|t:|1700132157\n|switch|p1a: Rhaenyra|Goodra-Hisui, F|66\/100\n|-damage|p1a: Rhaenyra|60\/100|[from] Stealth Rock\n|turn|27\n|\n|t:|1700132160\n|move|p2a: Heatran|Protect|p2a: Heatran\n|-singleturn|p2a: Heatran|Protect\n|move|p1a: Rhaenyra|Ice Beam|p2a: Heatran\n|-activate|p2a: Heatran|move: Protect\n|\n|-heal|p2a: Heatran|61\/100|[from] item: Leftovers\n|-damage|p1a: Rhaenyra|47\/100|[from] item: Black Sludge\n|upkeep\n|turn|28\n|\n|t:|1700132174\n|switch|p2a: Tauros|Tauros-Paldea-Aqua, M|82\/100 slp\n|-damage|p2a: Tauros|76\/100 slp|[from] Stealth Rock\n|-ability|p2a: Tauros|Intimidate|boost\n|-unboost|p1a: Rhaenyra|atk|1\n|move|p1a: Rhaenyra|Draco Meteor|p2a: Tauros\n|-damage|p2a: Tauros|0 fnt\n|-unboost|p1a: Rhaenyra|spa|2\n|faint|p2a: Tauros\n|\n|-damage|p1a: Rhaenyra|35\/100|[from] item: Black Sludge\n|upkeep\n|\n|t:|1700132182\n|switch|p2a: Rillaboom|Rillaboom, F|55\/100\n|-damage|p2a: Rillaboom|43\/100|[from] Stealth Rock\n|-fieldstart|move: Grassy Terrain|[from] ability: Grassy Surge|[of] p2a: Rillaboom\n|turn|29\n|\n|t:|1700132186\n|-terastallize|p1a: Rhaenyra|Fairy\n|move|p2a: Rillaboom|Drain Punch|p1a: Rhaenyra\n|-resisted|p1a: Rhaenyra\n|-damage|p1a: Rhaenyra|14\/100\n|-heal|p2a: Rillaboom|53\/100|[from] drain|[of] p1a: Rhaenyra\n|move|p1a: Rhaenyra|Draco Meteor|p2a: Rillaboom|[miss]\n|-miss|p1a: Rhaenyra|p2a: Rillaboom\n|\n|-heal|p2a: Rillaboom|59\/100|[from] Grassy Terrain\n|-heal|p1a: Rhaenyra|20\/100|[from] Grassy Terrain\n|-damage|p1a: Rhaenyra|8\/100|[from] item: Black Sludge\n|upkeep\n|turn|30\n|c|\u2606Diereta|Brox\n|c|\u2606Diereta|d\n|\n|t:|1700132194\n|move|p2a: Rillaboom|Drain Punch|p1a: Rhaenyra\n|-resisted|p1a: Rhaenyra\n|-damage|p1a: Rhaenyra|0 fnt\n|-heal|p2a: Rillaboom|63\/100|[from] drain|[of] p1a: Rhaenyra\n|faint|p1a: Rhaenyra\n|\n|-heal|p2a: Rillaboom|69\/100|[from] Grassy Terrain\n|upkeep\n|\n|t:|1700132196\n|switch|p1a: Rammot|Cinderace, M|100\/100\n|turn|31\n|\n|t:|1700132214\n|switch|p2a: Gengar|Gengar, F|38\/100\n|-damage|p2a: Gengar|26\/100|[from] Stealth Rock\n|move|p1a: Rammot|U-turn|p2a: Gengar\n|-resisted|p2a: Gengar\n|-damage|p2a: Gengar|17\/100\n|\n|t:|1700132218\n|switch|p1a: WhatTheDogDoing?|Zamazenta|84\/100|[from] U-turn\n|-damage|p1a: WhatTheDogDoing?|78\/100|[from] Stealth Rock\n|\n|-heal|p1a: WhatTheDogDoing?|84\/100|[from] Grassy Terrain\n|-heal|p2a: Gengar|23\/100|[from] Grassy Terrain\n|upkeep\n|turn|32\n|\n|t:|1700132223\n|move|p1a: WhatTheDogDoing?|Crunch|p2a: Gengar\n|-supereffective|p2a: Gengar\n|-crit|p2a: Gengar\n|-damage|p2a: Gengar|0 fnt\n|-start|p1a: WhatTheDogDoing?|Disable|Crunch|[from] ability: Cursed Body|[of] p2a: Gengar\n|faint|p2a: Gengar\n|\n|-heal|p1a: WhatTheDogDoing?|90\/100|[from] Grassy Terrain\n|upkeep\n|\n|t:|1700132226\n|switch|p2a: Enamorus|Enamorus-Therian, F|100\/100\n|-damage|p2a: Enamorus|75\/100|[from] Stealth Rock\n|-enditem|p2a: Enamorus|Grassy Seed\n|-boost|p2a: Enamorus|def|1|[from] item: Grassy Seed\n|turn|33\n|\n|t:|1700132233\n|switch|p1a: Kandula|Donphan, M|100\/100\n|move|p2a: Enamorus|Draining Kiss|p1a: Kandula\n|-crit|p1a: Kandula\n|-damage|p1a: Kandula|33\/100\n|-heal|p2a: Enamorus|100\/100|[from] drain|[of] p1a: Kandula\n|\n|-heal|p1a: Kandula|39\/100|[from] Grassy Terrain\n|-fieldend|move: Grassy Terrain\n|upkeep\n|turn|34\n|\n|t:|1700132239\n|move|p1a: Kandula|Endeavor|p2a: Enamorus\n|-damage|p2a: Enamorus|36\/100\n|move|p2a: Enamorus|Draining Kiss|p1a: Kandula\n|-damage|p1a: Kandula|1\/100\n|-heal|p2a: Enamorus|62\/100|[from] drain|[of] p1a: Kandula\n|\n|upkeep\n|turn|35\n|\n|t:|1700132246\n|switch|p2a: Rillaboom|Rillaboom, F|69\/100\n|-damage|p2a: Rillaboom|56\/100|[from] Stealth Rock\n|-fieldstart|move: Grassy Terrain|[from] ability: Grassy Surge|[of] p2a: Rillaboom\n|move|p1a: Kandula|Endeavor|p2a: Rillaboom\n|-damage|p2a: Rillaboom|1\/100\n|\n|-heal|p2a: Rillaboom|7\/100|[from] Grassy Terrain\n|-heal|p1a: Kandula|7\/100|[from] Grassy Terrain\n|upkeep\n|turn|36\n|\n|t:|1700132249\n|switch|p1a: Rammot|Cinderace, M|100\/100\n|move|p2a: Rillaboom|Grassy Glide|p1a: Rammot\n|-resisted|p1a: Rammot\n|-damage|p1a: Rammot|62\/100\n|\n|-heal|p1a: Rammot|68\/100|[from] Grassy Terrain\n|-heal|p2a: Rillaboom|13\/100|[from] Grassy Terrain\n|upkeep\n|turn|37\n|\n|t:|1700132263\n|switch|p2a: Enamorus|Enamorus-Therian, F|62\/100\n|-damage|p2a: Enamorus|37\/100|[from] Stealth Rock\n|move|p1a: Rammot|U-turn|p2a: Enamorus\n|-resisted|p2a: Enamorus\n|-damage|p2a: Enamorus|34\/100\n|\n|t:|1700132268\n|switch|p1a: WhatTheDogDoing?|Zamazenta|90\/100|[from] U-turn\n|-damage|p1a: WhatTheDogDoing?|84\/100|[from] Stealth Rock\n|\n|-heal|p1a: WhatTheDogDoing?|90\/100|[from] Grassy Terrain\n|upkeep\n|turn|38\n|\n|t:|1700132271\n|move|p1a: WhatTheDogDoing?|Heavy Slam|p2a: Enamorus\n|-supereffective|p2a: Enamorus\n|-damage|p2a: Enamorus|0 fnt\n|faint|p2a: Enamorus\n|\n|-heal|p1a: WhatTheDogDoing?|96\/100|[from] Grassy Terrain\n|upkeep\n|\n|t:|1700132273\n|switch|p2a: Heatran|Heatran, F, tera:Grass|61\/100\n|-damage|p2a: Heatran|49\/100|[from] Stealth Rock\n|turn|39\n|\n|t:|1700132278\n|switch|p1a: Rammot|Cinderace, M|68\/100\n|move|p2a: Heatran|Lava Plume|p1a: Rammot\n|-resisted|p1a: Rammot\n|-damage|p1a: Rammot|49\/100\n|\n|-heal|p1a: Rammot|55\/100|[from] Grassy Terrain\n|-heal|p2a: Heatran|55\/100|[from] Grassy Terrain\n|-heal|p2a: Heatran|61\/100|[from] item: Leftovers\n|-fieldend|move: Grassy Terrain\n|upkeep\n|turn|40\n|\n|t:|1700132282\n|move|p2a: Heatran|Protect|p2a: Heatran\n|-singleturn|p2a: Heatran|Protect\n|move|p1a: Rammot|U-turn|p2a: Heatran\n|-activate|p2a: Heatran|move: Protect\n|\n|-heal|p2a: Heatran|68\/100|[from] item: Leftovers\n|upkeep\n|turn|41\n|\n|t:|1700132285\n|move|p1a: Rammot|U-turn|p2a: Heatran\n|-supereffective|p2a: Heatran\n|-damage|p2a: Heatran|39\/100\n|\n|t:|1700132288\n|switch|p1a: Kandula|Donphan, M|7\/100|[from] U-turn\n|move|p2a: Heatran|Earth Power|p1a: Kandula\n|-damage|p1a: Kandula|0 fnt\n|faint|p1a: Kandula\n|\n|-heal|p2a: Heatran|45\/100|[from] item: Leftovers\n|upkeep\n|\n|t:|1700132289\n|switch|p1a: WhatTheDogDoing?|Zamazenta|96\/100\n|-damage|p1a: WhatTheDogDoing?|90\/100|[from] Stealth Rock\n|turn|42\n|\n|t:|1700132292\n|move|p2a: Heatran|Protect|p2a: Heatran\n|-singleturn|p2a: Heatran|Protect\n|move|p1a: WhatTheDogDoing?|Close Combat|p2a: Heatran\n|-activate|p2a: Heatran|move: Protect\n|\n|-heal|p2a: Heatran|52\/100|[from] item: Leftovers\n|upkeep\n|turn|43\n|\n|t:|1700132296\n|move|p1a: WhatTheDogDoing?|Close Combat|p2a: Heatran\n|-damage|p2a: Heatran|4\/100\n|-unboost|p1a: WhatTheDogDoing?|def|1\n|-unboost|p1a: WhatTheDogDoing?|spd|1\n|move|p2a: Heatran|Lava Plume|p1a: WhatTheDogDoing?\n|-damage|p1a: WhatTheDogDoing?|45\/100\n|-status|p1a: WhatTheDogDoing?|brn\n|\n|-heal|p2a: Heatran|10\/100|[from] item: Leftovers\n|-damage|p1a: WhatTheDogDoing?|39\/100 brn|[from] brn\n|upkeep\n|turn|44\n|\n|t:|1700132302\n|move|p2a: Heatran|Protect|p2a: Heatran\n|-singleturn|p2a: Heatran|Protect\n|move|p1a: WhatTheDogDoing?|Close Combat|p2a: Heatran\n|-activate|p2a: Heatran|move: Protect\n|\n|-heal|p2a: Heatran|16\/100|[from] item: Leftovers\n|-damage|p1a: WhatTheDogDoing?|33\/100 brn|[from] brn\n|upkeep\n|turn|45\n|\n|t:|1700132309\n|move|p1a: WhatTheDogDoing?|Close Combat|p2a: Heatran\n|-damage|p2a: Heatran|0 fnt\n|-unboost|p1a: WhatTheDogDoing?|def|1\n|-unboost|p1a: WhatTheDogDoing?|spd|1\n|faint|p2a: Heatran\n|\n|-damage|p1a: WhatTheDogDoing?|27\/100 brn|[from] brn\n|upkeep\n|\n|t:|1700132310\n|switch|p2a: Rillaboom|Rillaboom, F|13\/100\n|-damage|p2a: Rillaboom|1\/100|[from] Stealth Rock\n|-fieldstart|move: Grassy Terrain|[from] ability: Grassy Surge|[of] p2a: Rillaboom\n|turn|46\n|\n|t:|1700132312\n|move|p2a: Rillaboom|Grassy Glide|p1a: WhatTheDogDoing?\n|-damage|p1a: WhatTheDogDoing?|0 fnt\n|faint|p1a: WhatTheDogDoing?\n|\n|-heal|p2a: Rillaboom|7\/100|[from] Grassy Terrain\n|upkeep\n|\n|t:|1700132314\n|switch|p1a: Rammot|Cinderace, M|55\/100\n|turn|47\n|\n|t:|1700132316\n|move|p2a: Rillaboom|Grassy Glide|p1a: Rammot\n|-resisted|p1a: Rammot\n|-damage|p1a: Rammot|17\/100\n|move|p1a: Rammot|U-turn|p2a: Rillaboom\n|-supereffective|p2a: Rillaboom\n|-damage|p2a: Rillaboom|0 fnt\n|faint|p2a: Rillaboom\n|\n|win|Diereta\n|raw|Diereta's rating: 1737 &rarr; <strong>1757<\/strong><br \/>(+20 for winning)\n|raw|1owercase's rating: 1745 &rarr; <strong>1725<\/strong><br \/>(-20 for losing)\n|j| gokunous\\\n|l|\u26061owercase\n","uploadtime":1700132323,"views":25,"p1id":"diereta","p2id":"1owercase","formatid":"gen9ou","rating":1725,"private":0,"password":""}