{"id":"gen9ou-1990120189","p1":"Jrmoore896","p2":"xxzfn","format":"[Gen 9] OU","log":"|j|\u2606Jrmoore896\n|j|\u2606xxzfn\n|t:|1699926701\n|gametype|singles\n|player|p1|Jrmoore896|lucas-gen4pt|1563\n|player|p2|xxzfn|2|1584\n|teamsize|p1|6\n|teamsize|p2|6\n|gen|9\n|tier|[Gen 9] OU\n|rated|\n|rule|Sleep Clause Mod: Limit one foe put to sleep\n|rule|Species Clause: Limit one of each Pok\u00e9mon\n|rule|OHKO Clause: OHKO moves are banned\n|rule|Evasion Items Clause: Evasion items are banned\n|rule|Evasion Moves Clause: Evasion moves are banned\n|rule|Endless Battle Clause: Forcing endless battles is banned\n|rule|HP Percentage Mod: HP is shown in percentages\n|clearpoke\n|poke|p1|Sneasler, M|\n|poke|p1|Rillaboom, M|\n|poke|p1|Dondozo, M|\n|poke|p1|Clodsire, M|\n|poke|p1|Great Tusk|\n|poke|p1|Enamorus, F|\n|poke|p2|Dondozo, F|\n|poke|p2|Gholdengo|\n|poke|p2|Kommo-o, F|\n|poke|p2|Landorus-Therian, M|\n|poke|p2|Maushold-Four|\n|poke|p2|Hoopa-Unbound|\n|teampreview\n|inactive|Battle timer is ON: inactive players will automatically lose when time's up. (requested by xxzfn)\n|\n|t:|1699926718\n|start\n|switch|p1a: Rillaboom|Rillaboom, M|100\/100\n|switch|p2a: Landorus|Landorus-Therian, M|100\/100\n|-ability|p2a: Landorus|Intimidate|boost\n|-unboost|p1a: Rillaboom|atk|1\n|-fieldstart|move: Grassy Terrain|[from] ability: Grassy Surge|[of] p1a: Rillaboom\n|turn|1\n|j| Porycomingback\n|l| Porycomingback\n|\n|t:|1699926728\n|move|p2a: Landorus|U-turn|p1a: Rillaboom\n|-supereffective|p1a: Rillaboom\n|-damage|p1a: Rillaboom|50\/100\n|\n|t:|1699926732\n|switch|p2a: Kommo-o|Kommo-o, F|100\/100|[from] U-turn\n|move|p1a: Rillaboom|U-turn|p2a: Kommo-o\n|-resisted|p2a: Kommo-o\n|-damage|p2a: Kommo-o|91\/100\n|\n|t:|1699926757\n|switch|p1a: Enamorus|Enamorus, F|100\/100|[from] U-turn\n|\n|-heal|p2a: Kommo-o|97\/100|[from] Grassy Terrain\n|upkeep\n|turn|2\n|\n|t:|1699926769\n|switch|p2a: Gholdengo|Gholdengo|100\/100\n|move|p1a: Enamorus|Earth Power|p2a: Gholdengo\n|-supereffective|p2a: Gholdengo\n|-damage|p2a: Gholdengo|30\/100\n|\n|-heal|p2a: Gholdengo|36\/100|[from] Grassy Terrain\n|upkeep\n|turn|3\n|\n|t:|1699926778\n|switch|p2a: Landorus|Landorus-Therian, M|100\/100\n|-ability|p2a: Landorus|Intimidate|boost\n|-boost|p1a: Enamorus|atk|1\n|move|p1a: Enamorus|Earth Power|p2a: Landorus\n|-immune|p2a: Landorus\n|\n|upkeep\n|turn|4\n|\n|t:|1699926790\n|switch|p1a: Dondozo|Dondozo, M|100\/100\n|move|p2a: Landorus|Stone Edge|p1a: Dondozo\n|-damage|p1a: Dondozo|82\/100\n|\n|-heal|p1a: Dondozo|88\/100|[from] Grassy Terrain\n|-heal|p1a: Dondozo|94\/100|[from] item: Leftovers\n|upkeep\n|turn|5\n|inactive|Jrmoore896 has 120 seconds left.\n|\n|t:|1699926810\n|switch|p2a: Gholdengo|Gholdengo|36\/100\n|move|p1a: Dondozo|Liquidation|p2a: Gholdengo\n|-damage|p2a: Gholdengo|8\/100\n|\n|-heal|p2a: Gholdengo|15\/100|[from] Grassy Terrain\n|-heal|p1a: Dondozo|99\/100|[from] Grassy Terrain\n|-heal|p1a: Dondozo|100\/100|[from] item: Leftovers\n|-fieldend|move: Grassy Terrain\n|upkeep\n|turn|6\n|inactive|Jrmoore896 has 120 seconds left.\n|\n|t:|1699926822\n|move|p2a: Gholdengo|Recover|p2a: Gholdengo\n|-heal|p2a: Gholdengo|65\/100\n|move|p1a: Dondozo|Earthquake|p2a: Gholdengo\n|-supereffective|p2a: Gholdengo\n|-damage|p2a: Gholdengo|19\/100\n|\n|upkeep\n|turn|7\n|\n|t:|1699926833\n|move|p2a: Gholdengo|Recover|p2a: Gholdengo\n|-heal|p2a: Gholdengo|69\/100\n|move|p1a: Dondozo|Curse|p1a: Dondozo\n|-unboost|p1a: Dondozo|spe|1\n|-boost|p1a: Dondozo|atk|1\n|-boost|p1a: Dondozo|def|1\n|\n|upkeep\n|turn|8\n|\n|t:|1699926841\n|switch|p2a: Dondozo|Dondozo, F|100\/100\n|move|p1a: Dondozo|Liquidation|p2a: Dondozo\n|-resisted|p2a: Dondozo\n|-damage|p2a: Dondozo|92\/100\n|\n|-heal|p2a: Dondozo|98\/100|[from] item: Leftovers\n|upkeep\n|turn|9\n|\n|t:|1699926853\n|switch|p1a: Clodsire|Clodsire, M, shiny|100\/100\n|move|p2a: Dondozo|Curse|p2a: Dondozo\n|-unboost|p2a: Dondozo|spe|1\n|-boost|p2a: Dondozo|atk|1\n|-boost|p2a: Dondozo|def|1\n|\n|-heal|p2a: Dondozo|100\/100|[from] item: Leftovers\n|upkeep\n|turn|10\n|\n|t:|1699926863\n|switch|p2a: Hoopa|Hoopa-Unbound|100\/100\n|move|p1a: Clodsire|Toxic|p2a: Hoopa\n|-status|p2a: Hoopa|tox\n|\n|-damage|p2a: Hoopa|95\/100 tox|[from] psn\n|upkeep\n|turn|11\n|\n|t:|1699926879\n|switch|p1a: Dondozo|Dondozo, M|100\/100\n|move|p2a: Hoopa|Hyperspace Fury|p1a: Dondozo\n|-damage|p1a: Dondozo|53\/100\n|-unboost|p2a: Hoopa|def|1\n|\n|-heal|p1a: Dondozo|59\/100|[from] item: Leftovers\n|-damage|p2a: Hoopa|83\/100 tox|[from] psn\n|upkeep\n|turn|12\n|inactive|Jrmoore896 has 120 seconds left.\n|\n|t:|1699926895\n|move|p2a: Hoopa|Hyperspace Fury|p1a: Dondozo\n|-damage|p1a: Dondozo|17\/100\n|-unboost|p2a: Hoopa|def|1\n|move|p1a: Dondozo|Curse|p1a: Dondozo\n|-unboost|p1a: Dondozo|spe|1\n|-boost|p1a: Dondozo|atk|1\n|-boost|p1a: Dondozo|def|1\n|\n|-heal|p1a: Dondozo|24\/100|[from] item: Leftovers\n|-damage|p2a: Hoopa|65\/100 tox|[from] psn\n|upkeep\n|turn|13\n|inactive|Jrmoore896 has 120 seconds left.\n|\n|t:|1699926909\n|switch|p1a: Enamorus|Enamorus, F|100\/100\n|move|p2a: Hoopa|Hyperspace Fury|p1a: Enamorus\n|-resisted|p1a: Enamorus\n|-damage|p1a: Enamorus|28\/100\n|-unboost|p2a: Hoopa|def|1\n|\n|-damage|p2a: Hoopa|41\/100 tox|[from] psn\n|upkeep\n|turn|14\n|inactive|Jrmoore896 has 120 seconds left.\n|\n|t:|1699926930\n|switch|p2a: Dondozo|Dondozo, F|100\/100\n|move|p1a: Enamorus|Moonblast|p2a: Dondozo\n|-damage|p2a: Dondozo|67\/100\n|-unboost|p2a: Dondozo|spa|1\n|\n|-heal|p2a: Dondozo|73\/100|[from] item: Leftovers\n|upkeep\n|turn|15\n|\n|t:|1699926939\n|move|p1a: Enamorus|Moonblast|p2a: Dondozo\n|-damage|p2a: Dondozo|35\/100\n|-unboost|p2a: Dondozo|spa|1\n|move|p2a: Dondozo|Waterfall|p1a: Enamorus\n|-damage|p1a: Enamorus|0 fnt\n|faint|p1a: Enamorus\n|\n|-heal|p2a: Dondozo|41\/100|[from] item: Leftovers\n|upkeep\n|\n|t:|1699926951\n|switch|p1a: Rillaboom|Rillaboom, M|50\/100\n|-fieldstart|move: Grassy Terrain|[from] ability: Grassy Surge|[of] p1a: Rillaboom\n|turn|16\n|\n|t:|1699926959\n|switch|p2a: Landorus|Landorus-Therian, M|100\/100\n|-ability|p2a: Landorus|Intimidate|boost\n|-unboost|p1a: Rillaboom|atk|1\n|move|p1a: Rillaboom|Wood Hammer|p2a: Landorus\n|-damage|p2a: Landorus|11\/100\n|-damage|p1a: Rillaboom|25\/100|[from] Recoil\n|\n|-heal|p1a: Rillaboom|32\/100|[from] Grassy Terrain\n|upkeep\n|turn|17\n|inactive|Jrmoore896 has 120 seconds left.\n|\n|t:|1699926976\n|switch|p1a: Clodsire|Clodsire, M, shiny|100\/100\n|move|p2a: Landorus|U-turn|p1a: Clodsire\n|-resisted|p1a: Clodsire\n|-damage|p1a: Clodsire|85\/100\n|\n|t:|1699926984\n|switch|p2a: Hoopa|Hoopa-Unbound|41\/100 tox|[from] U-turn\n|\n|-heal|p2a: Hoopa|47\/100 tox|[from] Grassy Terrain\n|-heal|p1a: Clodsire|91\/100|[from] Grassy Terrain\n|-heal|p1a: Clodsire|97\/100|[from] item: Leftovers\n|-damage|p2a: Hoopa|41\/100 tox|[from] psn\n|upkeep\n|turn|18\n|inactive|Jrmoore896 has 120 seconds left.\n|\n|t:|1699926999\n|move|p2a: Hoopa|Hyperspace Fury|p1a: Clodsire\n|-damage|p1a: Clodsire|5\/100\n|-unboost|p2a: Hoopa|def|1\n|move|p1a: Clodsire|Stealth Rock|p2a: Hoopa\n|-sidestart|p2: xxzfn|move: Stealth Rock\n|\n|-heal|p2a: Hoopa|47\/100 tox|[from] Grassy Terrain\n|-heal|p1a: Clodsire|11\/100|[from] Grassy Terrain\n|-heal|p1a: Clodsire|17\/100|[from] item: Leftovers\n|-damage|p2a: Hoopa|35\/100 tox|[from] psn\n|upkeep\n|turn|19\n|\n|t:|1699927013\n|move|p2a: Hoopa|Hyperspace Fury|p1a: Clodsire\n|-damage|p1a: Clodsire|0 fnt\n|-unboost|p2a: Hoopa|def|1\n|faint|p1a: Clodsire\n|\n|-heal|p2a: Hoopa|41\/100 tox|[from] Grassy Terrain\n|-damage|p2a: Hoopa|23\/100 tox|[from] psn\n|upkeep\n|\n|t:|1699927023\n|switch|p1a: Rillaboom|Rillaboom, M|32\/100\n|turn|20\n|\n|t:|1699927026\n|move|p1a: Rillaboom|Grassy Glide|p2a: Hoopa\n|-damage|p2a: Hoopa|0 fnt\n|faint|p2a: Hoopa\n|\n|-heal|p1a: Rillaboom|38\/100|[from] Grassy Terrain\n|-fieldend|move: Grassy Terrain\n|upkeep\n|\n|t:|1699927030\n|switch|p2a: Kommo-o|Kommo-o, F|97\/100\n|-damage|p2a: Kommo-o|91\/100|[from] Stealth Rock\n|turn|21\n|\n|t:|1699927040\n|switch|p1a: Dondozo|Dondozo, M|24\/100\n|move|p2a: Kommo-o|Poison Jab|p1a: Dondozo\n|-damage|p1a: Dondozo|14\/100\n|-status|p1a: Dondozo|psn\n|\n|-heal|p1a: Dondozo|20\/100 psn|[from] item: Leftovers\n|-damage|p1a: Dondozo|7\/100 psn|[from] psn\n|upkeep\n|turn|22\n|\n|t:|1699927051\n|move|p2a: Kommo-o|Poison Jab|p1a: Dondozo\n|-damage|p1a: Dondozo|0 fnt\n|faint|p1a: Dondozo\n|\n|upkeep\n|\n|t:|1699927058\n|switch|p1a: Rillaboom|Rillaboom, M|38\/100\n|-fieldstart|move: Grassy Terrain|[from] ability: Grassy Surge|[of] p1a: Rillaboom\n|turn|23\n|\n|t:|1699927063\n|move|p2a: Kommo-o|Drain Punch|p1a: Rillaboom\n|-damage|p1a: Rillaboom|13\/100\n|-heal|p2a: Kommo-o|100\/100|[from] drain|[of] p1a: Rillaboom\n|move|p1a: Rillaboom|U-turn|p2a: Kommo-o\n|-resisted|p2a: Kommo-o\n|-damage|p2a: Kommo-o|86\/100\n|\n|t:|1699927071\n|switch|p1a: Sneasler|Sneasler, M, shiny|100\/100|[from] U-turn\n|-enditem|p1a: Sneasler|Grassy Seed\n|-boost|p1a: Sneasler|def|1|[from] item: Grassy Seed\n|\n|-heal|p2a: Kommo-o|92\/100|[from] Grassy Terrain\n|upkeep\n|turn|24\n|\n|t:|1699927085\n|move|p1a: Sneasler|Swords Dance|p1a: Sneasler\n|-boost|p1a: Sneasler|atk|2\n|move|p2a: Kommo-o|Clangorous Soul|p2a: Kommo-o\n|-boost|p2a: Kommo-o|atk|1\n|-boost|p2a: Kommo-o|def|1\n|-boost|p2a: Kommo-o|spa|1\n|-boost|p2a: Kommo-o|spd|1\n|-boost|p2a: Kommo-o|spe|1\n|-damage|p2a: Kommo-o|59\/100\n|\n|-heal|p2a: Kommo-o|65\/100|[from] Grassy Terrain\n|upkeep\n|turn|25\n|\n|t:|1699927098\n|-terastallize|p1a: Sneasler|Flying\n|move|p1a: Sneasler|Acrobatics|p2a: Kommo-o\n|-supereffective|p2a: Kommo-o\n|-damage|p2a: Kommo-o|0 fnt\n|faint|p2a: Kommo-o\n|\n|upkeep\n|\n|t:|1699927107\n|switch|p2a: Gholdengo|Gholdengo|69\/100\n|-damage|p2a: Gholdengo|63\/100|[from] Stealth Rock\n|turn|26\n|\n|t:|1699927114\n|move|p1a: Sneasler|Acrobatics|p2a: Gholdengo\n|-resisted|p2a: Gholdengo\n|-damage|p2a: Gholdengo|4\/100\n|move|p2a: Gholdengo|Make It Rain|p1a: Sneasler\n|-damage|p1a: Sneasler|13\/100\n|-unboost|p2a: Gholdengo|spa|1\n|\n|-heal|p2a: Gholdengo|10\/100|[from] Grassy Terrain\n|upkeep\n|turn|27\n|\n|t:|1699927126\n|move|p1a: Sneasler|Acrobatics|p2a: Gholdengo\n|-resisted|p2a: Gholdengo\n|-damage|p2a: Gholdengo|0 fnt\n|faint|p2a: Gholdengo\n|\n|-fieldend|move: Grassy Terrain\n|upkeep\n|\n|t:|1699927128\n|switch|p2a: Dondozo|Dondozo, F|41\/100\n|-damage|p2a: Dondozo|29\/100|[from] Stealth Rock\n|turn|28\n|\n|t:|1699927137\n|move|p1a: Sneasler|Acrobatics|p2a: Dondozo\n|-damage|p2a: Dondozo|0 fnt\n|faint|p2a: Dondozo\n|\n|upkeep\n|\n|t:|1699927141\n|switch|p2a: Maushold|Maushold-Four|100\/100\n|-damage|p2a: Maushold|88\/100|[from] Stealth Rock\n|turn|29\n|\n|t:|1699927146\n|move|p1a: Sneasler|Acrobatics|p2a: Maushold\n|-damage|p2a: Maushold|0 fnt\n|faint|p2a: Maushold\n|\n|upkeep\n|-message|xxzfn forfeited.\n|\n|win|Jrmoore896\n|raw|Jrmoore896's rating: 1550 &rarr; <strong>1572<\/strong><br \/>(+22 for winning)\n|raw|xxzfn's rating: 1584 &rarr; <strong>1562<\/strong><br \/>(-22 for losing)\n|l|\u2606xxzfn\n","uploadtime":1699927156,"views":17,"p1id":"jrmoore896","p2id":"xxzfn","formatid":"gen9ou","rating":1562,"private":0,"password":""}