{"id":"gen9ou-1992496106","p1":"noell07","p2":"gensixer1000","format":"[Gen 9] OU","log":"|j|\u2606noell07\n|j|\u2606gensixer1000\n|t:|1700195010\n|gametype|singles\n|player|p1|noell07|266|1000\n|player|p2|gensixer1000|larry|1080\n|teamsize|p1|6\n|teamsize|p2|6\n|gen|9\n|tier|[Gen 9] OU\n|rated|\n|rule|Sleep Clause Mod: Limit one foe put to sleep\n|rule|Species Clause: Limit one of each Pok\u00e9mon\n|rule|OHKO Clause: OHKO moves are banned\n|rule|Evasion Items Clause: Evasion items are banned\n|rule|Evasion Moves Clause: Evasion moves are banned\n|rule|Endless Battle Clause: Forcing endless battles is banned\n|rule|HP Percentage Mod: HP is shown in percentages\n|clearpoke\n|poke|p1|Pelipper, F|\n|poke|p1|Zapdos|\n|poke|p1|Basculegion-F, F|\n|poke|p1|Corviknight, M|\n|poke|p1|Ogerpon-Wellspring, F|\n|poke|p1|Slowking-Galar, F|\n|poke|p2|Rillaboom, F|\n|poke|p2|Ceruledge, F|\n|poke|p2|Iron Moth|\n|poke|p2|Kingambit, F|\n|poke|p2|Heatran, F|\n|poke|p2|Sneasler, F|\n|teampreview\n|inactive|Battle timer is ON: inactive players will automatically lose when time's up. (requested by noell07)\n|\n|t:|1700195022\n|start\n|switch|p1a: Pelipper|Pelipper, F|100\/100\n|switch|p2a: Rillaboom|Rillaboom, F, shiny|100\/100\n|-fieldstart|move: Grassy Terrain|[from] ability: Grassy Surge|[of] p2a: Rillaboom\n|-weather|RainDance|[from] ability: Drizzle|[of] p1a: Pelipper\n|turn|1\n|c|\u2606gensixer1000|new team\n|\n|t:|1700195032\n|move|p2a: Rillaboom|Knock Off|p1a: Pelipper\n|-damage|p1a: Pelipper|66\/100\n|-enditem|p1a: Pelipper|Damp Rock|[from] move: Knock Off|[of] p2a: Rillaboom\n|-damage|p2a: Rillaboom|90\/100|[from] item: Life Orb\n|move|p1a: Pelipper|U-turn|p2a: Rillaboom\n|-supereffective|p2a: Rillaboom\n|-damage|p2a: Rillaboom|74\/100\n|c|\u2606noell07|i need to imrpove this turn somehow tbf\n|\n|t:|1700195042\n|switch|p1a: Slowking|Slowking-Galar, F|100\/100|[from] U-turn\n|\n|-weather|RainDance|[upkeep]\n|-heal|p2a: Rillaboom|80\/100|[from] Grassy Terrain\n|upkeep\n|turn|2\n|\n|t:|1700195058\n|switch|p2a: Ceruledge|Ceruledge, F|100\/100\n|move|p1a: Slowking|Future Sight|p2a: Ceruledge\n|-start|p1a: Slowking|move: Future Sight\n|\n|-weather|RainDance|[upkeep]\n|upkeep\n|turn|3\n|c|\u2606noell07|that gambit is my nightmare but i'll play thru\n|\n|t:|1700195072\n|switch|p1a: Corviknight|Corviknight, M|100\/100\n|-ability|p1a: Corviknight|Pressure\n|move|p2a: Ceruledge|Poltergeist|p1a: Corviknight\n|-activate|p1a: Corviknight|move: Poltergeist|Heavy-Duty Boots\n|-damage|p1a: Corviknight|53\/100\n|\n|-weather|RainDance|[upkeep]\n|upkeep\n|turn|4\n|c|\u2606gensixer1000|dont worry, i have no idea how to use it\n|c|\u2606gensixer1000|a stranger who reached 1900 gave me this team and im playing with it like a preschooler plays with blocks\n|inactive|gensixer1000 has 120 seconds left.\n|\n|t:|1700195103\n|switch|p1a: Pelipper|Pelipper, F|66\/100\n|move|p2a: Ceruledge|Bitter Blade|p1a: Pelipper\n|-resisted|p1a: Pelipper\n|-damage|p1a: Pelipper|57\/100\n|\n|-weather|RainDance|[upkeep]\n|-end|p2a: Ceruledge|move: Future Sight\n|-damage|p2a: Ceruledge|48\/100\n|-heal|p2a: Ceruledge|54\/100|[from] Grassy Terrain\n|upkeep\n|turn|5\n|c|\u2606noell07|predicting another polter..\n|c|\u2606noell07|oh.\n|inactive|gensixer1000 has 120 seconds left.\n|c|\u2606gensixer1000|that was very stupid on my part\n|inactive|gensixer1000 has 90 seconds left.\n|c|\u2606gensixer1000|i might just be dumb but this team does not have a lot of awnsers for pelipper\n|\n|t:|1700195158\n|move|p2a: Ceruledge|Poltergeist||[still]\n|-fail|p2a: Ceruledge\n|move|p1a: Pelipper|Weather Ball|p2a: Ceruledge\n|-supereffective|p2a: Ceruledge\n|-damage|p2a: Ceruledge|0 fnt\n|faint|p2a: Ceruledge\n|\n|-weather|RainDance|[upkeep]\n|-fieldend|move: Grassy Terrain\n|upkeep\n|c|\u2606noell07|this is rain\n|c|\u2606noell07|glowking is there for future sight support\n|inactive|gensixer1000 has 60 seconds left.\n|c|\u2606gensixer1000|no i meant my team\n|\n|t:|1700195193\n|switch|p2a: Kingambit|Kingambit, F|100\/100\n|-activate|p2a: Kingambit|ability: Supreme Overlord\n|-start|p2a: Kingambit|fallen1|[silent]\n|turn|6\n|c|\u2606noell07|oh no\n|\n|t:|1700195202\n|move|p2a: Kingambit|Kowtow Cleave|p1a: Pelipper\n|-damage|p1a: Pelipper|14\/100\n|move|p1a: Pelipper|U-turn|p2a: Kingambit\n|-damage|p2a: Kingambit|93\/100\n|c|\u2606noell07|IT LIVED\n|c|\u2606gensixer1000|oh that works\n|\n|t:|1700195210\n|switch|p1a: Basculegion|Basculegion-F, F|100\/100|[from] U-turn\n|\n|-weather|RainDance|[upkeep]\n|-heal|p2a: Kingambit|99\/100|[from] item: Leftovers\n|upkeep\n|turn|7\n|c|\u2606gensixer1000|fun fact\n|\n|t:|1700195223\n|move|p1a: Basculegion|Wave Crash|p2a: Kingambit\n|-damage|p2a: Kingambit|27\/100\n|-damage|p1a: Basculegion|79\/100|[from] Recoil\n|move|p2a: Kingambit|Kowtow Cleave|p1a: Basculegion\n|-supereffective|p1a: Basculegion\n|-damage|p1a: Basculegion|0 fnt\n|faint|p1a: Basculegion\n|\n|-weather|RainDance|[upkeep]\n|-heal|p2a: Kingambit|34\/100|[from] item: Leftovers\n|upkeep\n|c|\u2606gensixer1000|dark>ghost\n|c|\u2606noell07|i'm gonna make the stupidest move\n|c|\u2606noell07|yup\n|c|\u2606noell07|i knew it\n|\n|t:|1700195238\n|switch|p1a: Ogerpon|Ogerpon-Wellspring, F|100\/100\n|turn|8\n|c|\u2606noell07|i've been saving up my waterpon for this moment\n|c|\u2606gensixer1000|i hate them\n|inactive|gensixer1000 has 60 seconds left.\n|\n|t:|1700195264\n|-end|p2a: Kingambit|fallen1|[silent]\n|switch|p2a: Rillaboom|Rillaboom, F, shiny|80\/100\n|-fieldstart|move: Grassy Terrain|[from] ability: Grassy Surge|[of] p2a: Rillaboom\n|move|p1a: Ogerpon|Ivy Cudgel|p2a: Rillaboom|[anim] Ivy Cudgel Water\n|-resisted|p2a: Rillaboom\n|-damage|p2a: Rillaboom|34\/100\n|\n|-weather|none\n|-heal|p2a: Rillaboom|40\/100|[from] Grassy Terrain\n|upkeep\n|turn|9\n|c|\u2606gensixer1000|skill issue\n|inactive|gensixer1000 has 60 seconds left.\n|\n|t:|1700195279\n|move|p1a: Ogerpon|Protect|p1a: Ogerpon\n|-singleturn|p1a: Ogerpon|Protect\n|move|p2a: Rillaboom|Grassy Glide|p1a: Ogerpon\n|-activate|p1a: Ogerpon|move: Protect\n|\n|-heal|p2a: Rillaboom|46\/100|[from] Grassy Terrain\n|upkeep\n|turn|10\n|c|\u2606noell07|i'm gonna say \"no\" for this turn\n|c|\u2606gensixer1000|got it\n|c|\u2606gensixer1000|that was a dumb play by me\n|c|\u2606gensixer1000|to switch rilla in\n|inactive|gensixer1000 has 30 seconds left.\n|\n|t:|1700195310\n|switch|p1a: Slowking|Slowking-Galar, F|100\/100\n|move|p2a: Rillaboom|Drain Punch|p1a: Slowking\n|-resisted|p1a: Slowking\n|-damage|p1a: Slowking|91\/100\n|-heal|p2a: Rillaboom|51\/100|[from] drain|[of] p1a: Slowking\n|-damage|p2a: Rillaboom|41\/100|[from] item: Life Orb\n|\n|-heal|p2a: Rillaboom|47\/100|[from] Grassy Terrain\n|-heal|p1a: Slowking|97\/100|[from] Grassy Terrain\n|-heal|p1a: Slowking|100\/100|[from] item: Black Sludge\n|upkeep\n|turn|11\n|c|\u2606noell07|this is fr protect taunt ivy cudgel horn leech\n|inactive|gensixer1000 has 30 seconds left.\n|c|\u2606gensixer1000|my coach is giving me instructions on how to deal with pelliper, not knowing i already started the game\n|inactive|gensixer1000 has 20 seconds left.\n|c|\u2606noell07|took 10% wha tin the world\n|\n|t:|1700195333\n|move|p2a: Rillaboom|Knock Off|p1a: Slowking\n|-supereffective|p1a: Slowking\n|-damage|p1a: Slowking|0 fnt\n|-enditem|p1a: Slowking|Black Sludge|[from] move: Knock Off|[of] p2a: Rillaboom\n|faint|p1a: Slowking\n|-damage|p2a: Rillaboom|37\/100|[from] item: Life Orb\n|\n|-heal|p2a: Rillaboom|43\/100|[from] Grassy Terrain\n|upkeep\n|inactive|gensixer1000 has 25 seconds left this turn.\n|c|\u2606gensixer1000|WOAH\n|\n|t:|1700195342\n|switch|p1a: Zapdos|Zapdos|100\/100\n|-ability|p1a: Zapdos|Pressure\n|turn|12\n|inactive|gensixer1000 has 30 seconds left.\n|inactive|gensixer1000 has 20 seconds left.\n|\n|t:|1700195358\n|switch|p2a: Heatran|Heatran, F|100\/100\n|move|p1a: Zapdos|Thunder Wave|p2a: Heatran\n|-status|p2a: Heatran|par\n|\n|-fieldend|move: Grassy Terrain\n|upkeep\n|turn|13\n|inactive|gensixer1000 has 30 seconds left this turn.\n|c|\u2606noell07|when you have a good defensive play\n|\n|t:|1700195366\n|move|p1a: Zapdos|Volt Switch|p2a: Heatran\n|-crit|p2a: Heatran\n|-damage|p2a: Heatran|57\/100 par\n|inactive|gensixer1000 has 30 seconds left this turn.\n|\n|t:|1700195374\n|switch|p1a: Ogerpon|Ogerpon-Wellspring, F|100\/100|[from] Volt Switch\n|move|p2a: Heatran|Stealth Rock|p1a: Ogerpon\n|-sidestart|p1: noell07|move: Stealth Rock\n|\n|-heal|p2a: Heatran|63\/100 par|[from] item: Leftovers\n|upkeep\n|turn|14\n|inactive|gensixer1000 has 30 seconds left.\n|inactive|gensixer1000 has 20 seconds left.\n|c|\u2606gensixer1000|i have smooth brain and can not process all this info\n|\n|t:|1700195398\n|move|p1a: Ogerpon|Ivy Cudgel|p2a: Heatran|[anim] Ivy Cudgel Water\n|-supereffective|p2a: Heatran\n|-damage|p2a: Heatran|0 fnt\n|faint|p2a: Heatran\n|\n|upkeep\n|inactive|gensixer1000 has 25 seconds left this turn.\n|inactive|gensixer1000 has 20 seconds left.\n|c|\u2606noell07|I have like defensive answers to most of ur team\n|inactive|gensixer1000 has 15 seconds left.\n|inactive|gensixer1000 has 10 seconds left.\n|\n|t:|1700195414\n|switch|p2a: Iron Moth|Iron Moth|100\/100\n|-enditem|p2a: Iron Moth|Booster Energy\n|-activate|p2a: Iron Moth|ability: Quark Drive|[fromitem]\n|-start|p2a: Iron Moth|quarkdrivespe\n|turn|15\n|inactive|gensixer1000 has 20 seconds left this turn.\n|inactive|gensixer1000 has 15 seconds left.\n|\n|t:|1700195424\n|move|p1a: Ogerpon|Protect|p1a: Ogerpon\n|-singleturn|p1a: Ogerpon|Protect\n|move|p2a: Iron Moth|Sludge Wave|p1a: Ogerpon\n|-activate|p1a: Ogerpon|move: Protect\n|\n|upkeep\n|turn|16\n|inactive|gensixer1000 has 25 seconds left this turn.\n|c|\u2606gensixer1000|can you stop timer plz\n|inactive|gensixer1000 has 20 seconds left.\n|\n|t:|1700195432\n|switch|p1a: Corviknight|Corviknight, M|53\/100\n|-ability|p1a: Corviknight|Pressure\n|move|p2a: Iron Moth|Sludge Wave|p1a: Corviknight\n|-immune|p1a: Corviknight\n|\n|upkeep\n|turn|17\n|inactive|gensixer1000 has 30 seconds left this turn.\n|c|\u2606noell07|no\n|\n|t:|1700195440\n|move|p2a: Iron Moth|Fiery Dance|p1a: Corviknight\n|-supereffective|p1a: Corviknight\n|-damage|p1a: Corviknight|0 fnt\n|faint|p1a: Corviknight\n|\n|upkeep\n|inactive|gensixer1000 has 30 seconds left this turn.\n|c|\u2606noell07|WHY DID I CLICK BODY PRESS\n|\n|t:|1700195450\n|switch|p1a: Ogerpon|Ogerpon-Wellspring, F|100\/100\n|-damage|p1a: Ogerpon|88\/100|[from] Stealth Rock\n|turn|18\n|\n|t:|1700195459\n|move|p2a: Iron Moth|Sludge Wave|p1a: Ogerpon\n|-supereffective|p1a: Ogerpon\n|-damage|p1a: Ogerpon|0 fnt\n|faint|p1a: Ogerpon\n|\n|upkeep\n|c|\u2606gensixer1000|good question\n|c|\u2606noell07|I WAS SUPPOSED TO CLICK ON DEFOG\n|\n|t:|1700195467\n|switch|p1a: Zapdos|Zapdos|100\/100\n|-damage|p1a: Zapdos|75\/100|[from] Stealth Rock\n|-ability|p1a: Zapdos|Pressure\n|turn|19\n|\n|t:|1700195473\n|move|p2a: Iron Moth|Substitute|p2a: Iron Moth\n|-start|p2a: Iron Moth|Substitute\n|-damage|p2a: Iron Moth|76\/100\n|move|p1a: Zapdos|Thunder Wave||[still]\n|-fail|p1a: Zapdos\n|\n|-heal|p1a: Zapdos|82\/100|[from] item: Leftovers\n|upkeep\n|turn|20\n|\n|t:|1700195482\n|move|p2a: Iron Moth|Sludge Wave|p1a: Zapdos\n|-damage|p1a: Zapdos|34\/100\n|-status|p1a: Zapdos|psn\n|move|p1a: Zapdos|Roost|p1a: Zapdos\n|-heal|p1a: Zapdos|84\/100 psn\n|-singleturn|p1a: Zapdos|move: Roost\n|\n|-heal|p1a: Zapdos|90\/100 psn|[from] item: Leftovers\n|-damage|p1a: Zapdos|78\/100 psn|[from] psn\n|upkeep\n|turn|21\n|inactive|gensixer1000 has 60 seconds left.\n|\n|t:|1700195495\n|move|p2a: Iron Moth|Sludge Wave|p1a: Zapdos\n|-damage|p1a: Zapdos|28\/100 psn\n|move|p1a: Zapdos|Roost|p1a: Zapdos\n|-heal|p1a: Zapdos|78\/100 psn\n|-singleturn|p1a: Zapdos|move: Roost\n|\n|-heal|p1a: Zapdos|85\/100 psn|[from] item: Leftovers\n|-damage|p1a: Zapdos|72\/100 psn|[from] psn\n|upkeep\n|turn|22\n|inactive|gensixer1000 has 60 seconds left.\n|c|\u2606gensixer1000|this is going surprisingly well\n|-message|noell07 forfeited.\n|\n|win|gensixer1000\n|raw|noell07's rating: 1000 &rarr; <strong>1000<\/strong><br \/>(+0 for losing)\n|raw|gensixer1000's rating: 1080 &rarr; <strong>1102<\/strong><br \/>(+22 for winning)\n|l|\u2606noell07\n","uploadtime":1700195513,"views":9,"p1id":"noell07","p2id":"gensixer1000","formatid":"gen9ou","rating":1000,"private":0,"password":""}