{"id":"gen9ou-1989331970","p1":"williwont","p2":"Juroni","format":"[Gen 9] OU","log":"|j|\u2606williwont\n|j|\u2606Juroni\n|t:|1699837324\n|gametype|singles\n|player|p1|williwont|169|\n|player|p2|Juroni|marley|\n|teamsize|p1|6\n|teamsize|p2|6\n|gen|9\n|tier|[Gen 9] OU\n|rule|Sleep Clause Mod: Limit one foe put to sleep\n|rule|Species Clause: Limit one of each Pok\u00e9mon\n|rule|OHKO Clause: OHKO moves are banned\n|rule|Evasion Items Clause: Evasion items are banned\n|rule|Evasion Moves Clause: Evasion moves are banned\n|rule|Endless Battle Clause: Forcing endless battles is banned\n|rule|HP Percentage Mod: HP is shown in percentages\n|clearpoke\n|poke|p1|Thundurus-Therian, M|\n|poke|p1|Conkeldurr, M|\n|poke|p1|Milotic, F|\n|poke|p1|Rotom-Mow|\n|poke|p1|Tornadus-Therian, M|\n|poke|p1|Weavile, F|\n|poke|p2|Umbreon, F|\n|poke|p2|Alomomola, F|\n|poke|p2|Ursaluna, F|\n|poke|p2|Corviknight, M|\n|poke|p2|Sinistcha|\n|poke|p2|Ogerpon-Cornerstone, F|\n|teampreview\n|c|\u2606Juroni|lesgo\n|j| Dekarran\n|l| Dekarran\n|\n|t:|1699837393\n|start\n|switch|p1a: Tornadus|Tornadus-Therian, M|100\/100\n|switch|p2a: Titania|Ogerpon-Cornerstone, F|100\/100\n|turn|1\n|\n|t:|1699837405\n|move|p1a: Tornadus|U-turn|p2a: Titania\n|-supereffective|p2a: Titania\n|-damage|p2a: Titania|66\/100\n|\n|t:|1699837410\n|switch|p1a: Conkeldurr|Conkeldurr, M|100\/100|[from] U-turn\n|move|p2a: Titania|Ivy Cudgel|p1a: Conkeldurr\n|-resisted|p1a: Conkeldurr\n|-damage|p1a: Conkeldurr|79\/100\n|\n|-status|p1a: Conkeldurr|brn|[from] item: Flame Orb\n|upkeep\n|turn|2\n|\n|t:|1699837432\n|move|p2a: Titania|Horn Leech|p1a: Conkeldurr\n|-damage|p1a: Conkeldurr|44\/100 brn\n|-heal|p2a: Titania|90\/100|[from] drain|[of] p1a: Conkeldurr\n|move|p1a: Conkeldurr|Drain Punch|p2a: Titania\n|-supereffective|p2a: Titania\n|-damage|p2a: Titania|0 fnt\n|-heal|p1a: Conkeldurr|77\/100 brn|[from] drain|[of] p2a: Titania\n|faint|p2a: Titania\n|\n|-damage|p1a: Conkeldurr|71\/100 brn|[from] brn\n|upkeep\n|\n|t:|1699837444\n|switch|p2a: Mab|Sinistcha|100\/100\n|turn|3\n|\n|t:|1699837459\n|switch|p1a: Weavile|Weavile, F|100\/100\n|-ability|p1a: Weavile|Pressure\n|move|p2a: Mab|Hex|p1a: Weavile\n|-resisted|p1a: Weavile\n|-damage|p1a: Weavile|77\/100\n|\n|upkeep\n|turn|4\n|\n|t:|1699837472\n|switch|p2a: Umbriel|Umbreon, F|100\/100\n|move|p1a: Weavile|Knock Off|p2a: Umbriel\n|-resisted|p2a: Umbriel\n|-damage|p2a: Umbriel|81\/100\n|-enditem|p2a: Umbriel|Leftovers|[from] move: Knock Off|[of] p1a: Weavile\n|\n|upkeep\n|turn|5\n|\n|t:|1699837479\n|switch|p1a: Conkeldurr|Conkeldurr, M|71\/100 brn\n|move|p2a: Umbriel|Foul Play|p1a: Conkeldurr\n|-resisted|p1a: Conkeldurr\n|-damage|p1a: Conkeldurr|56\/100 brn\n|\n|-damage|p1a: Conkeldurr|50\/100 brn|[from] brn\n|upkeep\n|turn|6\n|\n|t:|1699837493\n|switch|p2a: Ophelia|Alomomola, F|100\/100\n|move|p1a: Conkeldurr|Knock Off|p2a: Ophelia\n|-damage|p2a: Ophelia|73\/100\n|-enditem|p2a: Ophelia|Leftovers|[from] move: Knock Off|[of] p1a: Conkeldurr\n|\n|-damage|p1a: Conkeldurr|44\/100 brn|[from] brn\n|upkeep\n|turn|7\n|\n|t:|1699837505\n|move|p1a: Conkeldurr|Drain Punch|p2a: Ophelia\n|-damage|p2a: Ophelia|40\/100\n|-heal|p1a: Conkeldurr|65\/100 brn|[from] drain|[of] p2a: Ophelia\n|move|p2a: Ophelia|Scald|p1a: Conkeldurr\n|-damage|p1a: Conkeldurr|54\/100 brn\n|\n|-damage|p1a: Conkeldurr|48\/100 brn|[from] brn\n|upkeep\n|turn|8\n|\n|t:|1699837521\n|move|p1a: Conkeldurr|Drain Punch|p2a: Ophelia\n|-damage|p2a: Ophelia|12\/100\n|-heal|p1a: Conkeldurr|66\/100 brn|[from] drain|[of] p2a: Ophelia\n|move|p2a: Ophelia|Flip Turn|p1a: Conkeldurr\n|-damage|p1a: Conkeldurr|56\/100 brn\n|\n|t:|1699837533\n|switch|p2a: Caliban|Corviknight, M|100\/100|[from] Flip Turn\n|-ability|p2a: Caliban|Pressure\n|\n|-damage|p1a: Conkeldurr|50\/100 brn|[from] brn\n|upkeep\n|turn|9\n|\n|t:|1699837541\n|move|p2a: Caliban|Brave Bird|p1a: Conkeldurr\n|-supereffective|p1a: Conkeldurr\n|-damage|p1a: Conkeldurr|0 fnt\n|faint|p1a: Conkeldurr\n|-damage|p2a: Caliban|83\/100|[from] Recoil\n|\n|upkeep\n|\n|t:|1699837556\n|switch|p1a: Tornadus|Tornadus-Therian, M|100\/100\n|turn|10\n|\n|t:|1699837574\n|switch|p2a: Umbriel|Umbreon, F|81\/100\n|move|p1a: Tornadus|U-turn|p2a: Umbriel\n|-supereffective|p2a: Umbriel\n|-damage|p2a: Umbriel|60\/100\n|\n|t:|1699837588\n|switch|p1a: Rotom|Rotom-Mow|100\/100|[from] U-turn\n|\n|upkeep\n|turn|11\n|\n|t:|1699837593\n|move|p1a: Rotom|Nasty Plot|p1a: Rotom\n|-boost|p1a: Rotom|spa|2\n|move|p2a: Umbriel|Moonlight|p2a: Umbriel\n|-heal|p2a: Umbriel|100\/100\n|\n|upkeep\n|turn|12\n|\n|t:|1699837601\n|move|p1a: Rotom|Leaf Storm|p2a: Umbriel\n|-damage|p2a: Umbriel|32\/100\n|-unboost|p1a: Rotom|spa|2\n|move|p2a: Umbriel|Toxic|p1a: Rotom\n|-status|p1a: Rotom|tox\n|\n|-damage|p1a: Rotom|94\/100 tox|[from] psn\n|upkeep\n|turn|13\n|\n|t:|1699837617\n|switch|p2a: Mab|Sinistcha|100\/100\n|move|p1a: Rotom|Thunderbolt|p2a: Mab\n|-resisted|p2a: Mab\n|-damage|p2a: Mab|76\/100\n|\n|-heal|p2a: Mab|82\/100|[from] item: Leftovers\n|-damage|p1a: Rotom|82\/100 tox|[from] psn\n|upkeep\n|turn|14\n|\n|t:|1699837628\n|switch|p1a: Tornadus|Tornadus-Therian, M|100\/100\n|move|p2a: Mab|Calm Mind|p2a: Mab\n|-boost|p2a: Mab|spa|1\n|-boost|p2a: Mab|spd|1\n|\n|-heal|p2a: Mab|88\/100|[from] item: Leftovers\n|upkeep\n|turn|15\n|\n|t:|1699837658\n|move|p1a: Tornadus|Bleakwind Storm|p2a: Mab\n|-supereffective|p2a: Mab\n|-damage|p2a: Mab|21\/100\n|move|p2a: Mab|Matcha Gotcha|p1a: Tornadus\n|-resisted|p1a: Tornadus\n|-damage|p1a: Tornadus|60\/100\n|-heal|p2a: Mab|44\/100|[from] drain|[of] p1a: Tornadus\n|\n|-heal|p2a: Mab|50\/100|[from] item: Leftovers\n|upkeep\n|turn|16\n|\n|t:|1699837676\n|switch|p2a: Cordelia|Ursaluna, F|100\/100\n|move|p1a: Tornadus|Bleakwind Storm|p2a: Cordelia|[miss]\n|-miss|p1a: Tornadus|p2a: Cordelia\n|\n|-status|p2a: Cordelia|brn|[from] item: Flame Orb\n|upkeep\n|turn|17\n|\n|t:|1699837709\n|switch|p1a: Rotom|Rotom-Mow|82\/100 tox\n|-terastallize|p2a: Cordelia|Normal\n|move|p2a: Cordelia|Facade|p1a: Rotom\n|-damage|p1a: Rotom|0 fnt\n|faint|p1a: Rotom\n|\n|-damage|p2a: Cordelia|94\/100 brn|[from] brn\n|upkeep\n|\n|t:|1699837730\n|switch|p1a: Tornadus|Tornadus-Therian, M|94\/100\n|turn|18\n|\n|t:|1699837738\n|-terastallize|p1a: Tornadus|Steel\n|move|p1a: Tornadus|Bleakwind Storm|p2a: Cordelia|[miss]\n|-miss|p1a: Tornadus|p2a: Cordelia\n|move|p2a: Cordelia|Facade|p1a: Tornadus\n|-resisted|p1a: Tornadus\n|-damage|p1a: Tornadus|0 fnt\n|faint|p1a: Tornadus\n|\n|-damage|p2a: Cordelia|88\/100 brn|[from] brn\n|upkeep\n|\n|t:|1699837746\n|switch|p1a: Thundurus|Thundurus-Therian, M|100\/100\n|turn|19\n|c|\u2606Juroni|holy shit\n|c|\u2606Juroni|even I did not expect it to be a KO\n|\n|t:|1699837775\n|move|p1a: Thundurus|Volt Switch|p2a: Cordelia\n|-damage|p2a: Cordelia|56\/100 brn\n|c|\u2606williwont|me neither\n|c|\u2606williwont|i hate that mf\n|\n|t:|1699837782\n|switch|p1a: Milotic|Milotic, F|100\/100|[from] Volt Switch\n|move|p2a: Cordelia|Facade|p1a: Milotic\n|-damage|p1a: Milotic|0 fnt\n|faint|p1a: Milotic\n|\n|-damage|p2a: Cordelia|50\/100 brn|[from] brn\n|upkeep\n|\n|t:|1699837800\n|switch|p1a: Weavile|Weavile, F|77\/100\n|-ability|p1a: Weavile|Pressure\n|turn|20\n|\n|t:|1699837812\n|switch|p2a: Caliban|Corviknight, M|83\/100\n|-ability|p2a: Caliban|Pressure\n|move|p1a: Weavile|Knock Off|p2a: Caliban\n|-damage|p2a: Caliban|53\/100\n|-damage|p1a: Weavile|61\/100|[from] item: Rocky Helmet|[of] p2a: Caliban\n|-enditem|p2a: Caliban|Rocky Helmet|[from] move: Knock Off|[of] p1a: Weavile\n|\n|upkeep\n|turn|21\n|\n|t:|1699837823\n|move|p1a: Weavile|Ice Spinner|p2a: Caliban\n|-damage|p2a: Caliban|29\/100\n|move|p2a: Caliban|Brave Bird|p1a: Weavile\n|-damage|p1a: Weavile|0 fnt\n|faint|p1a: Weavile\n|-damage|p2a: Caliban|15\/100|[from] Recoil\n|\n|upkeep\n|\n|t:|1699837826\n|switch|p1a: Thundurus|Thundurus-Therian, M|100\/100\n|turn|22\n|\n|t:|1699837833\n|move|p1a: Thundurus|Volt Switch|p2a: Caliban\n|-supereffective|p2a: Caliban\n|-damage|p2a: Caliban|0 fnt\n|faint|p2a: Caliban\n|\n|upkeep\n|\n|t:|1699837839\n|switch|p2a: Ophelia|Alomomola, F|45\/100\n|turn|23\n|\n|t:|1699837848\n|switch|p2a: Umbriel|Umbreon, F|32\/100\n|move|p1a: Thundurus|Volt Switch|p2a: Umbriel\n|-damage|p2a: Umbriel|10\/100\n|\n|upkeep\n|turn|24\n|\n|t:|1699837858\n|move|p1a: Thundurus|Volt Switch|p2a: Umbriel\n|-damage|p2a: Umbriel|0 fnt\n|faint|p2a: Umbriel\n|\n|upkeep\n|\n|t:|1699837876\n|switch|p2a: Ophelia|Alomomola, F|78\/100\n|turn|25\n|\n|t:|1699837885\n|switch|p2a: Mab|Sinistcha|50\/100\n|move|p1a: Thundurus|Volt Switch|p2a: Mab\n|-resisted|p2a: Mab\n|-damage|p2a: Mab|26\/100\n|\n|-heal|p2a: Mab|32\/100|[from] item: Leftovers\n|upkeep\n|turn|26\n|\n|t:|1699837894\n|move|p1a: Thundurus|Volt Switch|p2a: Mab\n|-resisted|p2a: Mab\n|-damage|p2a: Mab|10\/100\n|move|p2a: Mab|Strength Sap|p1a: Thundurus\n|-unboost|p1a: Thundurus|atk|1\n|-heal|p2a: Mab|88\/100\n|\n|-heal|p2a: Mab|94\/100|[from] item: Leftovers\n|upkeep\n|turn|27\n|\n|t:|1699837907\n|move|p1a: Thundurus|Volt Switch|p2a: Mab\n|-resisted|p2a: Mab\n|-damage|p2a: Mab|72\/100\n|move|p2a: Mab|Calm Mind|p2a: Mab\n|-boost|p2a: Mab|spa|1\n|-boost|p2a: Mab|spd|1\n|\n|-heal|p2a: Mab|78\/100|[from] item: Leftovers\n|upkeep\n|turn|28\n|\n|t:|1699837918\n|move|p1a: Thundurus|Volt Switch|p2a: Mab\n|-resisted|p2a: Mab\n|-damage|p2a: Mab|62\/100\n|move|p2a: Mab|Calm Mind|p2a: Mab\n|-boost|p2a: Mab|spa|1\n|-boost|p2a: Mab|spd|1\n|\n|-heal|p2a: Mab|68\/100|[from] item: Leftovers\n|upkeep\n|turn|29\n|\n|t:|1699837928\n|move|p1a: Thundurus|Volt Switch|p2a: Mab\n|-resisted|p2a: Mab\n|-damage|p2a: Mab|56\/100\n|move|p2a: Mab|Strength Sap|p1a: Thundurus\n|-unboost|p1a: Thundurus|atk|1\n|-heal|p2a: Mab|100\/100\n|\n|upkeep\n|turn|30\n|c|\u2606williwont|put me out of my misery\n|\n|t:|1699837938\n|move|p1a: Thundurus|Volt Switch|p2a: Mab\n|-resisted|p2a: Mab\n|-damage|p2a: Mab|89\/100\n|move|p2a: Mab|Calm Mind|p2a: Mab\n|-boost|p2a: Mab|spa|1\n|-boost|p2a: Mab|spd|1\n|\n|-heal|p2a: Mab|95\/100|[from] item: Leftovers\n|upkeep\n|turn|31\n|c|\u2606Juroni|I'm scared\n|c|\u2606Juroni|want to make sure it'll kill\n|c|\u2606williwont|IM SCARFED\n|\n|t:|1699837962\n|move|p1a: Thundurus|Volt Switch|p2a: Mab\n|-resisted|p2a: Mab\n|-damage|p2a: Mab|86\/100\n|move|p2a: Mab|Hex|p1a: Thundurus\n|-damage|p1a: Thundurus|0 fnt\n|faint|p1a: Thundurus\n|\n|win|Juroni\n|c|\u2606williwont|gg\n|c|\u2606Juroni|oh I did'nt know it was scarf\n|c|\u2606williwont|lol\n","uploadtime":1699837999,"views":13,"p1id":"williwont","p2id":"juroni","formatid":"gen9ou","rating":0,"private":0,"password":""}