{"id":"gen9ou-1997147991","p1":"ludvir","p2":"VanhominTest","format":"[Gen 9] OU","log":"|j|\u2606ludvir\n|j|\u2606VanhominTest\n|t:|1700769372\n|gametype|singles\n|player|p1|ludvir|alder|1198\n|player|p2|VanhominTest|scientist-gen4|1264\n|teamsize|p1|6\n|teamsize|p2|6\n|gen|9\n|tier|[Gen 9] OU\n|rated|\n|rule|Sleep Clause Mod: Limit one foe put to sleep\n|rule|Species Clause: Limit one of each Pok\u00e9mon\n|rule|OHKO Clause: OHKO moves are banned\n|rule|Evasion Items Clause: Evasion items are banned\n|rule|Evasion Moves Clause: Evasion moves are banned\n|rule|Endless Battle Clause: Forcing endless battles is banned\n|rule|HP Percentage Mod: HP is shown in percentages\n|clearpoke\n|poke|p1|Cinderace, M|\n|poke|p1|Ogerpon-Wellspring, F|\n|poke|p1|Dragonite, M|\n|poke|p1|Enamorus, F|\n|poke|p1|Iron Moth|\n|poke|p1|Weavile, F|\n|poke|p2|Ditto|\n|poke|p2|Ninetales-Alola, M|\n|poke|p2|Garganacl, M|\n|poke|p2|Ursaluna, M|\n|poke|p2|Enamorus, F|\n|poke|p2|Corviknight, F|\n|teampreview\n|\n|t:|1700769429\n|start\n|switch|p1a: Cinderace|Cinderace, M|100\/100\n|switch|p2a: Giiwedin|Ninetales-Alola, M|100\/100\n|-weather|Snow|[from] ability: Snow Warning|[of] p2a: Giiwedin\n|turn|1\n|\n|t:|1700769451\n|switch|p2a: Catalyst|Garganacl, M|100\/100\n|move|p1a: Cinderace|Pyro Ball|p2a: Catalyst\n|-resisted|p2a: Catalyst\n|-damage|p2a: Catalyst|80\/100\n|\n|-weather|Snow|[upkeep]\n|-heal|p2a: Catalyst|87\/100|[from] item: Leftovers\n|upkeep\n|turn|2\n|\n|t:|1700769461\n|move|p1a: Cinderace|Will-O-Wisp|p2a: Catalyst\n|-immune|p2a: Catalyst|[from] ability: Purifying Salt\n|move|p2a: Catalyst|Salt Cure|p1a: Cinderace\n|-supereffective|p1a: Cinderace\n|-damage|p1a: Cinderace|58\/100\n|-start|p1a: Cinderace|Salt Cure\n|\n|-weather|Snow|[upkeep]\n|-heal|p2a: Catalyst|93\/100|[from] item: Leftovers\n|-damage|p1a: Cinderace|46\/100|[from] Salt Cure\n|upkeep\n|turn|3\n|\n|t:|1700769473\n|switch|p1a: Ogerpon|Ogerpon-Wellspring, F|100\/100\n|move|p2a: Catalyst|Curse|p2a: Catalyst\n|-unboost|p2a: Catalyst|spe|1\n|-boost|p2a: Catalyst|atk|1\n|-boost|p2a: Catalyst|def|1\n|\n|-weather|Snow|[upkeep]\n|-heal|p2a: Catalyst|99\/100|[from] item: Leftovers\n|upkeep\n|turn|4\n|\n|t:|1700769484\n|move|p1a: Ogerpon|Swords Dance|p1a: Ogerpon\n|-boost|p1a: Ogerpon|atk|2\n|move|p2a: Catalyst|Salt Cure|p1a: Ogerpon\n|-damage|p1a: Ogerpon|73\/100\n|-start|p1a: Ogerpon|Salt Cure\n|\n|-weather|Snow|[upkeep]\n|-heal|p2a: Catalyst|100\/100|[from] item: Leftovers\n|-damage|p1a: Ogerpon|48\/100|[from] Salt Cure\n|upkeep\n|turn|5\n|\n|t:|1700769493\n|switch|p2a: Mordred|Corviknight, F|100\/100\n|-ability|p2a: Mordred|Pressure\n|move|p1a: Ogerpon|Ivy Cudgel|p2a: Mordred|[anim] Ivy Cudgel Water\n|-damage|p2a: Mordred|25\/100\n|\n|-weather|none\n|-damage|p1a: Ogerpon|23\/100|[from] Salt Cure\n|upkeep\n|turn|6\n|\n|t:|1700769501\n|move|p1a: Ogerpon|Ivy Cudgel|p2a: Mordred|[anim] Ivy Cudgel Water\n|-damage|p2a: Mordred|0 fnt\n|faint|p2a: Mordred\n|\n|-damage|p1a: Ogerpon|0 fnt|[from] Salt Cure\n|faint|p1a: Ogerpon\n|upkeep\n|inactive|Battle timer is ON: inactive players will automatically lose when time's up. (requested by VanhominTest)\n|\n|t:|1700769521\n|switch|p1a: Iron Moth|Iron Moth|100\/100\n|switch|p2a: Catalyst|Garganacl, M|100\/100\n|-enditem|p1a: Iron Moth|Booster Energy\n|-activate|p1a: Iron Moth|ability: Quark Drive|[fromitem]\n|-start|p1a: Iron Moth|quarkdrivespa\n|turn|7\n|\n|t:|1700769531\n|move|p1a: Iron Moth|Energy Ball|p2a: Catalyst\n|-supereffective|p2a: Catalyst\n|-damage|p2a: Catalyst|46\/100\n|move|p2a: Catalyst|Salt Cure|p1a: Iron Moth\n|-supereffective|p1a: Iron Moth\n|-damage|p1a: Iron Moth|56\/100\n|-start|p1a: Iron Moth|Salt Cure\n|\n|-heal|p2a: Catalyst|52\/100|[from] item: Leftovers\n|-damage|p1a: Iron Moth|44\/100|[from] Salt Cure\n|upkeep\n|turn|8\n|\n|t:|1700769553\n|switch|p2a: Recursion|Ditto|100\/100\n|-transform|p2a: Recursion|p1a: Iron Moth|[from] ability: Imposter\n|move|p1a: Iron Moth|Energy Ball|p2a: Recursion\n|-resisted|p2a: Recursion\n|-damage|p2a: Recursion|88\/100\n|-unboost|p2a: Recursion|spd|1\n|\n|-damage|p1a: Iron Moth|31\/100|[from] Salt Cure\n|upkeep\n|turn|9\n|\n|t:|1700769580\n|-end|p1a: Iron Moth|Quark Drive|[silent]\n|switch|p1a: Weavile|Weavile, F|100\/100\n|-ability|p1a: Weavile|Pressure\n|move|p2a: Recursion|Discharge|p1a: Weavile\n|-crit|p1a: Weavile\n|-damage|p1a: Weavile|44\/100\n|\n|upkeep\n|turn|10\n|\n|t:|1700769594\n|move|p2a: Recursion|Discharge|p1a: Weavile\n|-damage|p1a: Weavile|0 fnt\n|faint|p1a: Weavile\n|\n|upkeep\n|\n|t:|1700769600\n|switch|p1a: Dragonite|Dragonite, M|100\/100\n|turn|11\n|\n|t:|1700769610\n|-end|p2a: Recursion|Quark Drive|[silent]\n|switch|p2a: Giiwedin|Ninetales-Alola, M|100\/100\n|-weather|Snow|[from] ability: Snow Warning|[of] p2a: Giiwedin\n|move|p1a: Dragonite|Dragon Dance|p1a: Dragonite\n|-boost|p1a: Dragonite|atk|1\n|-boost|p1a: Dragonite|spe|1\n|\n|-weather|Snow|[upkeep]\n|upkeep\n|turn|12\n|inactive|ludvir has 120 seconds left.\n|\n|t:|1700769649\n|move|p1a: Dragonite|Extreme Speed|p2a: Giiwedin\n|-damage|p2a: Giiwedin|60\/100\n|move|p2a: Giiwedin|Aurora Veil|p2a: Giiwedin\n|-sidestart|p2: VanhominTest|move: Aurora Veil\n|\n|-weather|Snow|[upkeep]\n|upkeep\n|turn|13\n|inactive|VanhominTest has 120 seconds left.\n|\n|t:|1700769688\n|switch|p1a: Cinderace|Cinderace, M|46\/100\n|move|p2a: Giiwedin|Freeze-Dry|p1a: Cinderace\n|-resisted|p1a: Cinderace\n|-damage|p1a: Cinderace|31\/100\n|-status|p1a: Cinderace|frz\n|\n|-weather|Snow|[upkeep]\n|upkeep\n|turn|14\n|inactive|VanhominTest has 120 seconds left.\n|\n|t:|1700769700\n|switch|p2a: Catalyst|Garganacl, M|52\/100\n|cant|p1a: Cinderace|frz\n|\n|-weather|Snow|[upkeep]\n|-heal|p2a: Catalyst|58\/100|[from] item: Leftovers\n|upkeep\n|turn|15\n|\n|t:|1700769705\n|cant|p1a: Cinderace|frz\n|move|p2a: Catalyst|Recover|p2a: Catalyst\n|-heal|p2a: Catalyst|100\/100\n|\n|-weather|none\n|upkeep\n|turn|16\n|inactive|ludvir has 120 seconds left.\n|\n|t:|1700769717\n|cant|p1a: Cinderace|frz\n|move|p2a: Catalyst|Curse|p2a: Catalyst\n|-unboost|p2a: Catalyst|spe|1\n|-boost|p2a: Catalyst|atk|1\n|-boost|p2a: Catalyst|def|1\n|\n|upkeep\n|turn|17\n|\n|t:|1700769725\n|-curestatus|p1a: Cinderace|frz|[msg]\n|move|p1a: Cinderace|U-turn|p2a: Catalyst\n|-start|p1a: Cinderace|typechange|Bug|[from] ability: Libero\n|-damage|p2a: Catalyst|93\/100\n|inactive|ludvir has 120 seconds left.\n|\n|t:|1700769738\n|switch|p1a: Iron Moth|Iron Moth|31\/100|[from] U-turn\n|move|p2a: Catalyst|Salt Cure|p1a: Iron Moth\n|-supereffective|p1a: Iron Moth\n|-damage|p1a: Iron Moth|0 fnt\n|faint|p1a: Iron Moth\n|-end|p1a: Iron Moth|Quark Drive|[silent]\n|\n|-heal|p2a: Catalyst|99\/100|[from] item: Leftovers\n|upkeep\n|inactive|ludvir has 120 seconds left.\n|\n|t:|1700769744\n|switch|p1a: Cinderace|Cinderace, M|31\/100\n|turn|18\n|\n|t:|1700769748\n|move|p1a: Cinderace|Court Change|p1a: Cinderace\n|-start|p1a: Cinderace|typechange|Normal|[from] ability: Libero\n|-swapsideconditions\n|-activate|p1a: Cinderace|move: Court Change\n|move|p2a: Catalyst|Salt Cure|p1a: Cinderace\n|-damage|p1a: Cinderace|17\/100\n|-start|p1a: Cinderace|Salt Cure\n|\n|-heal|p2a: Catalyst|100\/100|[from] item: Leftovers\n|-damage|p1a: Cinderace|4\/100|[from] Salt Cure\n|upkeep\n|turn|19\n|\n|t:|1700769755\n|move|p1a: Cinderace|Pyro Ball|p2a: Catalyst\n|-resisted|p2a: Catalyst\n|-damage|p2a: Catalyst|93\/100\n|move|p2a: Catalyst|Curse|p2a: Catalyst\n|-unboost|p2a: Catalyst|spe|1\n|-boost|p2a: Catalyst|atk|1\n|-boost|p2a: Catalyst|def|1\n|\n|-heal|p2a: Catalyst|99\/100|[from] item: Leftovers\n|-damage|p1a: Cinderace|0 fnt|[from] Salt Cure\n|faint|p1a: Cinderace\n|-sideend|p1: ludvir|move: Aurora Veil\n|upkeep\n|\n|t:|1700769767\n|switch|p1a: Enamorus|Enamorus, F|100\/100\n|turn|20\n|\n|t:|1700769780\n|-terastallize|p2a: Catalyst|Ghost\n|move|p1a: Enamorus|Earth Power|p2a: Catalyst\n|-damage|p2a: Catalyst|79\/100\n|move|p2a: Catalyst|Salt Cure|p1a: Enamorus\n|-supereffective|p1a: Enamorus\n|-damage|p1a: Enamorus|6\/100\n|-start|p1a: Enamorus|Salt Cure\n|\n|-heal|p2a: Catalyst|85\/100|[from] item: Leftovers\n|-damage|p1a: Enamorus|0 fnt|[from] Salt Cure\n|faint|p1a: Enamorus\n|upkeep\n|inactive|ludvir has 120 seconds left.\n|\n|t:|1700769796\n|switch|p1a: Dragonite|Dragonite, M|100\/100\n|turn|21\n|\n|t:|1700769803\n|move|p1a: Dragonite|Earthquake|p2a: Catalyst\n|-damage|p2a: Catalyst|73\/100\n|move|p2a: Catalyst|Salt Cure|p1a: Dragonite\n|-supereffective|p1a: Dragonite\n|-damage|p1a: Dragonite|68\/100\n|-start|p1a: Dragonite|Salt Cure\n|\n|-heal|p1a: Dragonite|74\/100|[from] item: Leftovers\n|-heal|p2a: Catalyst|79\/100|[from] item: Leftovers\n|-damage|p1a: Dragonite|61\/100|[from] Salt Cure\n|upkeep\n|turn|22\n|-message|ludvir forfeited.\n|\n|win|VanhominTest\n|raw|ludvir's rating: 1198 &rarr; <strong>1178<\/strong><br \/>(-20 for losing)\n|raw|VanhominTest's rating: 1264 &rarr; <strong>1284<\/strong><br \/>(+20 for winning)\n|l|\u2606ludvir\n","uploadtime":1700769812,"views":4,"p1id":"ludvir","p2id":"vanhomintest","formatid":"gen9ou","rating":1178,"private":0,"password":""}