{"id":"gen9ou-1997823373","p1":"dumbo124","p2":"testset_2023","format":"[Gen 9] OU","log":"|j|\u2606dumbo124\n|j|\u2606testset_2023\n|t:|1700856564\n|gametype|singles\n|player|p1|dumbo124|102|1495\n|player|p2|testset_2023|benga|1397\n|teamsize|p1|6\n|teamsize|p2|6\n|gen|9\n|tier|[Gen 9] OU\n|rated|\n|rule|Sleep Clause Mod: Limit one foe put to sleep\n|rule|Species Clause: Limit one of each Pok\u00e9mon\n|rule|OHKO Clause: OHKO moves are banned\n|rule|Evasion Items Clause: Evasion items are banned\n|rule|Evasion Moves Clause: Evasion moves are banned\n|rule|Endless Battle Clause: Forcing endless battles is banned\n|rule|HP Percentage Mod: HP is shown in percentages\n|clearpoke\n|poke|p1|Dragapult, F|\n|poke|p1|Kingambit, M|\n|poke|p1|Slowking-Galar, F|\n|poke|p1|Cinderace, M|\n|poke|p1|Landorus-Therian, M|\n|poke|p1|Clefable, M|\n|poke|p2|Tyranitar, F|\n|poke|p2|Kingambit, M|\n|poke|p2|Glimmora, M|\n|poke|p2|Gholdengo|\n|poke|p2|Rillaboom, M|\n|poke|p2|Enamorus, F|\n|teampreview\n|inactive|Battle timer is ON: inactive players will automatically lose when time's up. (requested by testset_2023)\n|inactive|dumbo124 also wants the timer to be on.\n|inactive|testset_2023 has 120 seconds left.\n|\n|t:|1700856605\n|start\n|switch|p1a: Slowking|Slowking-Galar, F|100\/100\n|switch|p2a: Enamorus|Enamorus, F|100\/100\n|turn|1\n|\n|t:|1700856619\n|switch|p2a: Gholdengo|Gholdengo|100\/100\n|move|p1a: Slowking|Future Sight|p2a: Gholdengo\n|-start|p1a: Slowking|move: Future Sight\n|\n|upkeep\n|turn|2\n|\n|t:|1700856631\n|move|p2a: Gholdengo|Shadow Ball|p1a: Slowking\n|-supereffective|p1a: Slowking\n|-damage|p1a: Slowking|37\/100\n|move|p1a: Slowking|Chilly Reception|p1a: Slowking\n|-weather|Snow\n|\n|t:|1700856645\n|switch|p1a: Landorus|Landorus-Therian, M|100\/100|[from] Chilly Reception\n|-ability|p1a: Landorus|Intimidate|boost\n|-unboost|p2a: Gholdengo|atk|1\n|-enditem|p2a: Gholdengo|Eject Pack\n|\n|t:|1700856665\n|switch|p2a: Tyranitar|Tyranitar, F|100\/100\n|-weather|Sandstorm|[from] ability: Sand Stream|[of] p2a: Tyranitar\n|\n|-weather|Sandstorm|[upkeep]\n|upkeep\n|turn|3\n|\n|t:|1700856680\n|move|p1a: Landorus|U-turn|p2a: Tyranitar\n|-supereffective|p2a: Tyranitar\n|-damage|p2a: Tyranitar|55\/100\n|\n|t:|1700856683\n|switch|p1a: Clefable|Clefable, M|100\/100|[from] U-turn\n|move|p2a: Tyranitar|Dragon Tail|p1a: Clefable\n|-immune|p1a: Clefable\n|\n|-weather|Sandstorm|[upkeep]\n|-end|p2a: Tyranitar|move: Future Sight\n|-immune|p2a: Tyranitar\n|-heal|p2a: Tyranitar|62\/100|[from] item: Leftovers\n|upkeep\n|turn|4\n|\n|t:|1700856687\n|move|p2a: Tyranitar|Heavy Slam|p1a: Clefable\n|-supereffective|p1a: Clefable\n|-damage|p1a: Clefable|26\/100\n|move|p1a: Clefable|Stealth Rock|p2a: Tyranitar\n|-sidestart|p2: testset_2023|move: Stealth Rock\n|\n|-weather|Sandstorm|[upkeep]\n|-heal|p2a: Tyranitar|68\/100|[from] item: Leftovers\n|-heal|p1a: Clefable|32\/100|[from] item: Leftovers\n|upkeep\n|turn|5\n|\n|t:|1700856700\n|move|p1a: Clefable|Protect|p1a: Clefable\n|-singleturn|p1a: Clefable|Protect\n|move|p2a: Tyranitar|Knock Off|p1a: Clefable\n|-activate|p1a: Clefable|move: Protect\n|\n|-weather|Sandstorm|[upkeep]\n|-heal|p2a: Tyranitar|74\/100|[from] item: Leftovers\n|-heal|p1a: Clefable|39\/100|[from] item: Leftovers\n|upkeep\n|turn|6\n|\n|t:|1700856709\n|switch|p1a: Landorus|Landorus-Therian, M|100\/100\n|-ability|p1a: Landorus|Intimidate|boost\n|-unboost|p2a: Tyranitar|atk|1\n|move|p2a: Tyranitar|Knock Off|p1a: Landorus\n|-damage|p1a: Landorus|53\/100\n|-enditem|p1a: Landorus|Choice Scarf|[from] move: Knock Off|[of] p2a: Tyranitar\n|\n|-weather|none\n|-heal|p2a: Tyranitar|80\/100|[from] item: Leftovers\n|upkeep\n|turn|7\n|\n|t:|1700856730\n|switch|p2a: Glimmora|Glimmora, M|100\/100\n|-damage|p2a: Glimmora|88\/100|[from] Stealth Rock\n|-item|p2a: Glimmora|Air Balloon\n|move|p1a: Landorus|Earthquake|p2a: Glimmora\n|-immune|p2a: Glimmora\n|\n|upkeep\n|turn|8\n|\n|t:|1700856750\n|move|p1a: Landorus|U-turn|p2a: Glimmora\n|-resisted|p2a: Glimmora\n|-damage|p2a: Glimmora|75\/100\n|-activate|p2a: Glimmora|ability: Toxic Debris\n|-sidestart|p1: dumbo124|move: Toxic Spikes\n|-enditem|p2a: Glimmora|Air Balloon\n|\n|t:|1700856755\n|switch|p1a: Slowking|Slowking-Galar, F|70\/100|[from] U-turn\n|-sideend|p1: dumbo124|move: Toxic Spikes|[of] p1a: Slowking\n|move|p2a: Glimmora|Stealth Rock|p1a: Slowking\n|-sidestart|p1: dumbo124|move: Stealth Rock\n|\n|upkeep\n|turn|9\n|\n|t:|1700856763\n|move|p2a: Glimmora|Earth Power|p1a: Slowking\n|-supereffective|p1a: Slowking\n|-damage|p1a: Slowking|27\/100\n|move|p1a: Slowking|Future Sight|p2a: Glimmora\n|-start|p1a: Slowking|move: Future Sight\n|\n|upkeep\n|turn|10\n|\n|t:|1700856787\n|switch|p1a: Landorus|Landorus-Therian, M|53\/100\n|-damage|p1a: Landorus|41\/100|[from] Stealth Rock\n|-ability|p1a: Landorus|Intimidate|boost\n|-unboost|p2a: Glimmora|atk|1\n|move|p2a: Glimmora|Earth Power|p1a: Landorus\n|-immune|p1a: Landorus\n|\n|upkeep\n|turn|11\n|\n|t:|1700856801\n|switch|p2a: Rillaboom|Rillaboom, M|100\/100\n|-damage|p2a: Rillaboom|88\/100|[from] Stealth Rock\n|-fieldstart|move: Grassy Terrain|[from] ability: Grassy Surge|[of] p2a: Rillaboom\n|move|p1a: Landorus|Earthquake|p2a: Rillaboom\n|-resisted|p2a: Rillaboom\n|-damage|p2a: Rillaboom|72\/100\n|\n|-end|p2a: Rillaboom|move: Future Sight\n|-damage|p2a: Rillaboom|9\/100\n|-heal|p2a: Rillaboom|15\/100|[from] Grassy Terrain\n|upkeep\n|turn|12\n|\n|t:|1700856816\n|switch|p1a: Cinderace|Cinderace, M|100\/100\n|move|p2a: Rillaboom|Grassy Glide|p1a: Cinderace\n|-resisted|p1a: Cinderace\n|-damage|p1a: Cinderace|69\/100\n|\n|-heal|p1a: Cinderace|75\/100|[from] Grassy Terrain\n|-heal|p2a: Rillaboom|21\/100|[from] Grassy Terrain\n|upkeep\n|turn|13\n|inactive|testset_2023 has 120 seconds left.\n|\n|t:|1700856839\n|switch|p2a: Glimmora|Glimmora, M|75\/100\n|-damage|p2a: Glimmora|62\/100|[from] Stealth Rock\n|move|p1a: Cinderace|Pyro Ball|p2a: Glimmora\n|-resisted|p2a: Glimmora\n|-damage|p2a: Glimmora|37\/100\n|-activate|p2a: Glimmora|ability: Toxic Debris\n|-sidestart|p1: dumbo124|move: Toxic Spikes\n|\n|-heal|p1a: Cinderace|81\/100|[from] Grassy Terrain\n|-heal|p2a: Glimmora|43\/100|[from] Grassy Terrain\n|upkeep\n|turn|14\n|inactive|testset_2023 has 120 seconds left.\n|\n|t:|1700856866\n|move|p1a: Cinderace|U-turn|p2a: Glimmora\n|-resisted|p2a: Glimmora\n|-damage|p2a: Glimmora|33\/100\n|-activate|p2a: Glimmora|ability: Toxic Debris\n|-sidestart|p1: dumbo124|move: Toxic Spikes\n|\n|t:|1700856869\n|switch|p1a: Kingambit|Kingambit, M|100\/100|[from] U-turn\n|-damage|p1a: Kingambit|94\/100|[from] Stealth Rock\n|move|p2a: Glimmora|Mortal Spin|p1a: Kingambit\n|-immune|p1a: Kingambit\n|\n|-heal|p2a: Glimmora|40\/100|[from] Grassy Terrain\n|-heal|p1a: Kingambit|100\/100|[from] Grassy Terrain\n|upkeep\n|turn|15\n|inactive|testset_2023 has 120 seconds left.\n|\n|t:|1700856878\n|move|p1a: Kingambit|Sucker Punch|p2a: Glimmora\n|-damage|p2a: Glimmora|1\/100\n|move|p2a: Glimmora|Earth Power|p1a: Kingambit\n|-supereffective|p1a: Kingambit\n|-damage|p1a: Kingambit|46\/100\n|\n|-heal|p2a: Glimmora|8\/100|[from] Grassy Terrain\n|-heal|p1a: Kingambit|53\/100|[from] Grassy Terrain\n|-heal|p1a: Kingambit|59\/100|[from] item: Leftovers\n|-fieldend|move: Grassy Terrain\n|upkeep\n|turn|16\n|inactive|testset_2023 has 120 seconds left.\n|\n|t:|1700856890\n|move|p2a: Glimmora|Spikes|p1a: Kingambit\n|-sidestart|p1: dumbo124|Spikes\n|move|p1a: Kingambit|Iron Head|p2a: Glimmora\n|-supereffective|p2a: Glimmora\n|-damage|p2a: Glimmora|0 fnt\n|faint|p2a: Glimmora\n|\n|-heal|p1a: Kingambit|65\/100|[from] item: Leftovers\n|upkeep\n|inactive|testset_2023 has 120 seconds left.\n|inactive|testset_2023 has 90 seconds left.\n|inactive|testset_2023 has 60 seconds left.\n|\n|t:|1700856965\n|switch|p2a: Enamorus|Enamorus, F|100\/100\n|-damage|p2a: Enamorus|76\/100|[from] Stealth Rock\n|turn|17\n|inactive|testset_2023 has 60 seconds left.\n|\n|t:|1700856972\n|-terastallize|p1a: Kingambit|Fire\n|move|p2a: Enamorus|Earth Power|p1a: Kingambit\n|-supereffective|p1a: Kingambit\n|-damage|p1a: Kingambit|3\/100\n|move|p1a: Kingambit|Iron Head|p2a: Enamorus\n|-supereffective|p2a: Enamorus\n|-damage|p2a: Enamorus|0 fnt\n|faint|p2a: Enamorus\n|\n|-heal|p1a: Kingambit|9\/100|[from] item: Leftovers\n|upkeep\n|inactive|testset_2023 has 60 seconds left.\n|\n|t:|1700856991\n|switch|p2a: Tyranitar|Tyranitar, F|80\/100\n|-damage|p2a: Tyranitar|68\/100|[from] Stealth Rock\n|-weather|Sandstorm|[from] ability: Sand Stream|[of] p2a: Tyranitar\n|turn|18\n|\n|t:|1700856998\n|move|p2a: Tyranitar|Knock Off|p1a: Kingambit\n|-damage|p1a: Kingambit|0 fnt\n|-enditem|p1a: Kingambit|Leftovers|[from] move: Knock Off|[of] p2a: Tyranitar\n|faint|p1a: Kingambit\n|-end|p1a: Kingambit|fallenundefined|[silent]\n|\n|-weather|Sandstorm|[upkeep]\n|-heal|p2a: Tyranitar|74\/100|[from] item: Leftovers\n|upkeep\n|\n|t:|1700857005\n|switch|p1a: Landorus|Landorus-Therian, M|41\/100\n|-damage|p1a: Landorus|29\/100|[from] Stealth Rock\n|-ability|p1a: Landorus|Intimidate|boost\n|-unboost|p2a: Tyranitar|atk|1\n|turn|19\n|inactive|testset_2023 has 60 seconds left.\n|\n|t:|1700857032\n|move|p1a: Landorus|U-turn|p2a: Tyranitar\n|-supereffective|p2a: Tyranitar\n|-damage|p2a: Tyranitar|29\/100\n|\n|t:|1700857037\n|switch|p1a: Clefable|Clefable, M|39\/100|[from] U-turn\n|-status|p1a: Clefable|tox\n|move|p2a: Tyranitar|Rock Blast|p1a: Clefable\n|-damage|p1a: Clefable|31\/100 tox\n|-damage|p1a: Clefable|24\/100 tox\n|-damage|p1a: Clefable|17\/100 tox\n|-hitcount|p1a: Clefable|3\n|\n|-weather|Sandstorm|[upkeep]\n|-heal|p2a: Tyranitar|35\/100|[from] item: Leftovers\n|-heal|p1a: Clefable|23\/100 tox|[from] item: Leftovers\n|upkeep\n|turn|20\n|\n|t:|1700857057\n|switch|p1a: Landorus|Landorus-Therian, M|29\/100\n|-damage|p1a: Landorus|17\/100|[from] Stealth Rock\n|-ability|p1a: Landorus|Intimidate|boost\n|-unboost|p2a: Tyranitar|atk|1\n|move|p2a: Tyranitar|Heavy Slam|p1a: Landorus\n|-damage|p1a: Landorus|4\/100\n|\n|-weather|Sandstorm|[upkeep]\n|-heal|p2a: Tyranitar|41\/100|[from] item: Leftovers\n|upkeep\n|turn|21\n|\n|t:|1700857072\n|move|p1a: Landorus|U-turn|p2a: Tyranitar\n|-supereffective|p2a: Tyranitar\n|-damage|p2a: Tyranitar|0 fnt\n|faint|p2a: Tyranitar\n|\n|t:|1700857079\n|switch|p1a: Cinderace|Cinderace, M|81\/100|[from] U-turn\n|\n|-weather|Sandstorm|[upkeep]\n|-damage|p1a: Cinderace|75\/100|[from] Sandstorm\n|upkeep\n|\n|t:|1700857091\n|switch|p2a: Kingambit|Kingambit, M|100\/100\n|-damage|p2a: Kingambit|94\/100|[from] Stealth Rock\n|-activate|p2a: Kingambit|ability: Supreme Overlord\n|-start|p2a: Kingambit|fallen3|[silent]\n|turn|22\n|\n|t:|1700857101\n|-terastallize|p2a: Kingambit|Fire\n|move|p1a: Cinderace|Will-O-Wisp|p2a: Kingambit|[miss]\n|-miss|p1a: Cinderace|p2a: Kingambit\n|move|p2a: Kingambit|Swords Dance|p2a: Kingambit\n|-boost|p2a: Kingambit|atk|2\n|\n|-weather|none\n|-heal|p2a: Kingambit|100\/100|[from] item: Leftovers\n|upkeep\n|turn|23\n|\n|t:|1700857117\n|move|p1a: Cinderace|Court Change|p1a: Cinderace\n|-swapsideconditions\n|-activate|p1a: Cinderace|move: Court Change\n|move|p2a: Kingambit|Kowtow Cleave|p1a: Cinderace\n|-damage|p1a: Cinderace|0 fnt\n|faint|p1a: Cinderace\n|\n|upkeep\n|-message|dumbo124 forfeited.\n|\n|win|testset_2023\n|raw|dumbo124's rating: 1495 &rarr; <strong>1470<\/strong><br \/>(-25 for losing)\n|raw|testset_2023's rating: 1397 &rarr; <strong>1422<\/strong><br \/>(+25 for winning)\n|l|\u2606dumbo124\n|l|\u2606testset_2023\n|j|\u2606testset_2023\n|player|p2|testset_2023|benga\n","uploadtime":1700857163,"views":2,"p1id":"dumbo124","p2id":"testset2023","formatid":"gen9ou","rating":1422,"private":0,"password":""}