{"id":"gen9ou-1992144174","p1":"pok3monjake","p2":"leojardim","format":"[Gen 9] OU","log":"|j|\u2606pok3monjake\n|j|\u2606leojardim\n|t:|1700158688\n|gametype|singles\n|player|p1|pok3monjake|unknown|1454\n|player|p2|leojardim|wallace|1592\n|teamsize|p1|6\n|teamsize|p2|6\n|gen|9\n|tier|[Gen 9] OU\n|rated|\n|rule|Sleep Clause Mod: Limit one foe put to sleep\n|rule|Species Clause: Limit one of each Pok\u00e9mon\n|rule|OHKO Clause: OHKO moves are banned\n|rule|Evasion Items Clause: Evasion items are banned\n|rule|Evasion Moves Clause: Evasion moves are banned\n|rule|Endless Battle Clause: Forcing endless battles is banned\n|rule|HP Percentage Mod: HP is shown in percentages\n|clearpoke\n|poke|p1|Sandslash-Alola, M|\n|poke|p1|Slowking-Galar, F|\n|poke|p1|Cinderace, M|\n|poke|p1|Ninetales-Alola, F|\n|poke|p1|Kingambit, M|\n|poke|p1|Great Tusk|\n|poke|p2|Salamence, M|\n|poke|p2|Gholdengo|\n|poke|p2|Iron Valiant|\n|poke|p2|Kingambit, M|\n|poke|p2|Samurott-Hisui, M|\n|poke|p2|Heatran, M|\n|teampreview\n|inactive|Battle timer is ON: inactive players will automatically lose when time's up. (requested by leojardim)\n|\n|t:|1700158700\n|start\n|switch|p1a: Ninetales|Ninetales-Alola, F|100\/100\n|switch|p2a: Heatran|Heatran, M, shiny|100\/100\n|-weather|Snow|[from] ability: Snow Warning|[of] p1a: Ninetales\n|turn|1\n|\n|t:|1700158706\n|switch|p1a: Slowking|Slowking-Galar, F|100\/100\n|move|p2a: Heatran|Flash Cannon|p1a: Slowking\n|-damage|p1a: Slowking|71\/100\n|\n|-weather|Snow|[upkeep]\n|upkeep\n|turn|2\n|\n|t:|1700158717\n|move|p2a: Heatran|Magma Storm|p1a: Slowking|[miss]\n|-miss|p2a: Heatran|p1a: Slowking\n|move|p1a: Slowking|Surf|p2a: Heatran\n|-supereffective|p2a: Heatran\n|-damage|p2a: Heatran|63\/100\n|\n|-weather|Snow|[upkeep]\n|-heal|p2a: Heatran|69\/100|[from] item: Leftovers\n|upkeep\n|turn|3\n|\n|t:|1700158732\n|move|p2a: Heatran|Magma Storm|p1a: Slowking\n|-damage|p1a: Slowking|39\/100\n|-activate|p1a: Slowking|move: Magma Storm|[of] p2a: Heatran\n|move|p1a: Slowking|Surf|p2a: Heatran\n|-supereffective|p2a: Heatran\n|-damage|p2a: Heatran|33\/100\n|\n|-weather|Snow|[upkeep]\n|-heal|p2a: Heatran|39\/100|[from] item: Leftovers\n|-damage|p1a: Slowking|27\/100|[from] move: Magma Storm|[partiallytrapped]\n|upkeep\n|turn|4\n|\n|t:|1700158748\n|move|p2a: Heatran|Earth Power|p1a: Slowking\n|-supereffective|p1a: Slowking\n|-damage|p1a: Slowking|0 fnt\n|faint|p1a: Slowking\n|\n|-weather|Snow|[upkeep]\n|-heal|p2a: Heatran|45\/100|[from] item: Leftovers\n|upkeep\n|\n|t:|1700158764\n|switch|p1a: Great Tusk|Great Tusk|100\/100\n|turn|5\n|\n|t:|1700158770\n|-terastallize|p2a: Heatran|Flying\n|move|p1a: Great Tusk|Earthquake|p2a: Heatran\n|-immune|p2a: Heatran\n|move|p2a: Heatran|Flash Cannon|p1a: Great Tusk\n|-damage|p1a: Great Tusk|40\/100\n|\n|-weather|Snow|[upkeep]\n|-heal|p1a: Great Tusk|46\/100|[from] item: Leftovers\n|-heal|p2a: Heatran|51\/100|[from] item: Leftovers\n|upkeep\n|turn|6\n|inactive|pok3monjake has 120 seconds left.\n|\n|t:|1700158802\n|-terastallize|p1a: Great Tusk|Ice\n|move|p1a: Great Tusk|Ice Spinner|p2a: Heatran\n|-supereffective|p2a: Heatran\n|-damage|p2a: Heatran|0 fnt\n|faint|p2a: Heatran\n|\n|-weather|Snow|[upkeep]\n|-heal|p1a: Great Tusk|53\/100|[from] item: Leftovers\n|upkeep\n|\n|t:|1700158814\n|switch|p2a: Iron Valiant|Iron Valiant|100\/100\n|-enditem|p2a: Iron Valiant|Booster Energy\n|-activate|p2a: Iron Valiant|ability: Quark Drive|[fromitem]\n|-start|p2a: Iron Valiant|quarkdrivespe\n|turn|7\n|inactive|pok3monjake has 120 seconds left.\n|\n|t:|1700158849\n|-end|p1a: Great Tusk|Protosynthesis|[silent]\n|switch|p1a: Kingambit|Kingambit, M|100\/100\n|-activate|p1a: Kingambit|ability: Supreme Overlord\n|-start|p1a: Kingambit|fallen1|[silent]\n|move|p2a: Iron Valiant|Aura Sphere|p1a: Kingambit\n|-supereffective|p1a: Kingambit\n|-damage|p1a: Kingambit|0 fnt\n|faint|p1a: Kingambit\n|-end|p1a: Kingambit|fallen1|[silent]\n|\n|-weather|Snow|[upkeep]\n|upkeep\n|inactive|pok3monjake has 90 seconds left.\n|\n|t:|1700158892\n|switch|p1a: Great Tusk|Great Tusk, tera:Ice|53\/100\n|turn|8\n|\n|t:|1700158898\n|move|p2a: Iron Valiant|Aura Sphere|p1a: Great Tusk\n|-supereffective|p1a: Great Tusk\n|-damage|p1a: Great Tusk|0 fnt\n|faint|p1a: Great Tusk\n|-end|p1a: Great Tusk|Protosynthesis|[silent]\n|\n|-weather|none\n|upkeep\n|\n|t:|1700158900\n|switch|p1a: Ninetales|Ninetales-Alola, F|100\/100\n|-weather|Snow|[from] ability: Snow Warning|[of] p1a: Ninetales\n|turn|9\n|\n|t:|1700158908\n|move|p2a: Iron Valiant|Moonblast|p1a: Ninetales\n|-damage|p1a: Ninetales|47\/100\n|move|p1a: Ninetales|Moonblast|p2a: Iron Valiant\n|-supereffective|p2a: Iron Valiant\n|-damage|p2a: Iron Valiant|0 fnt\n|faint|p2a: Iron Valiant\n|-end|p2a: Iron Valiant|Quark Drive|[silent]\n|\n|-weather|Snow|[upkeep]\n|upkeep\n|\n|t:|1700158916\n|switch|p2a: Kingambit|Kingambit, M|100\/100\n|-activate|p2a: Kingambit|ability: Supreme Overlord\n|-start|p2a: Kingambit|fallen2|[silent]\n|turn|10\n|inactive|pok3monjake has 90 seconds left.\n|\n|t:|1700158932\n|move|p1a: Ninetales|Aurora Veil|p1a: Ninetales\n|-sidestart|p1: pok3monjake|move: Aurora Veil\n|move|p2a: Kingambit|Brick Break|p1a: Ninetales\n|-sideend|p1: pok3monjake|move: Aurora Veil\n|-damage|p1a: Ninetales|13\/100\n|\n|-weather|Snow|[upkeep]\n|upkeep\n|turn|11\n|inactive|pok3monjake has 90 seconds left.\n|\n|t:|1700158946\n|move|p1a: Ninetales|Moonblast|p2a: Kingambit\n|-damage|p2a: Kingambit|66\/100\n|move|p2a: Kingambit|Brick Break|p1a: Ninetales\n|-damage|p1a: Ninetales|0 fnt\n|faint|p1a: Ninetales\n|\n|-weather|Snow|[upkeep]\n|-heal|p2a: Kingambit|72\/100|[from] item: Leftovers\n|upkeep\n|\n|t:|1700158947\n|switch|p1a: Cinderace|Cinderace, M|100\/100\n|turn|12\n|\n|t:|1700158960\n|-end|p2a: Kingambit|fallen2|[silent]\n|switch|p2a: Il Diavolo|Salamence, M|100\/100\n|move|p1a: Cinderace|Pyro Ball|p2a: Il Diavolo\n|-resisted|p2a: Il Diavolo\n|-damage|p2a: Il Diavolo|65\/100\n|\n|-weather|Snow|[upkeep]\n|upkeep\n|turn|13\n|\n|t:|1700158967\n|move|p1a: Cinderace|Will-O-Wisp|p2a: Il Diavolo\n|-status|p2a: Il Diavolo|brn\n|-enditem|p2a: Il Diavolo|Lum Berry|[eat]\n|-curestatus|p2a: Il Diavolo|brn|[msg]\n|move|p2a: Il Diavolo|Earthquake|p1a: Cinderace\n|-supereffective|p1a: Cinderace\n|-damage|p1a: Cinderace|0 fnt\n|faint|p1a: Cinderace\n|-ability|p2a: Il Diavolo|Moxie|boost\n|-boost|p2a: Il Diavolo|atk|1\n|\n|-weather|Snow|[upkeep]\n|upkeep\n|\n|t:|1700158971\n|switch|p1a: Sandslash|Sandslash-Alola, M|100\/100\n|turn|14\n|\n|t:|1700158981\n|move|p1a: Sandslash|Icicle Spear|p2a: Il Diavolo\n|-supereffective|p2a: Il Diavolo\n|-damage|p2a: Il Diavolo|10\/100\n|-supereffective|p2a: Il Diavolo\n|-damage|p2a: Il Diavolo|0 fnt\n|faint|p2a: Il Diavolo\n|-hitcount|p2: Il Diavolo|2\n|\n|-weather|Snow|[upkeep]\n|upkeep\n|\n|t:|1700158989\n|switch|p2a: Gholdengo|Gholdengo|100\/100\n|-item|p2a: Gholdengo|Air Balloon\n|turn|15\n|\n|t:|1700158995\n|move|p1a: Sandslash|Knock Off|p2a: Gholdengo\n|-supereffective|p2a: Gholdengo\n|-damage|p2a: Gholdengo|24\/100\n|-enditem|p2a: Gholdengo|Air Balloon\n|move|p2a: Gholdengo|Focus Blast|p1a: Sandslash\n|-supereffective|p1a: Sandslash\n|-damage|p1a: Sandslash|0 fnt\n|faint|p1a: Sandslash\n|\n|win|leojardim\n|raw|pok3monjake's rating: 1454 &rarr; <strong>1442<\/strong><br \/>(-12 for losing)\n|raw|leojardim's rating: 1592 &rarr; <strong>1604<\/strong><br \/>(+12 for winning)\n","uploadtime":1700159000,"views":8,"p1id":"pok3monjake","p2id":"leojardim","formatid":"gen9ou","rating":1442,"private":0,"password":""}