{"id":"gen9ou-1991683652","p1":"Ramona Te amo","p2":"larakecheese","format":"[Gen 9] OU","log":"|j|\u2606Ramona Te amo\n|j|\u203dlarakecheese\n|t:|1700102288\n|gametype|singles\n|player|p1|Ramona Te amo|ingo|1300\n|player|p2|larakecheese|ghetsis-gen5bw|1404\n|teamsize|p1|6\n|teamsize|p2|6\n|gen|9\n|tier|[Gen 9] OU\n|rated|\n|rule|Sleep Clause Mod: Limit one foe put to sleep\n|rule|Species Clause: Limit one of each Pok\u00e9mon\n|rule|OHKO Clause: OHKO moves are banned\n|rule|Evasion Items Clause: Evasion items are banned\n|rule|Evasion Moves Clause: Evasion moves are banned\n|rule|Endless Battle Clause: Forcing endless battles is banned\n|rule|HP Percentage Mod: HP is shown in percentages\n|clearpoke\n|poke|p1|Samurott-Hisui, F|\n|poke|p1|Ceruledge, F|\n|poke|p1|Thundurus-Therian, M|\n|poke|p1|Amoonguss, M|\n|poke|p1|Great Tusk|\n|poke|p1|Gholdengo|\n|poke|p2|Torterra, M|\n|poke|p2|Ribombee, F|\n|poke|p2|Gholdengo|\n|poke|p2|Iron Moth|\n|poke|p2|Great Tusk|\n|poke|p2|Walking Wake|\n|teampreview\n|inactive|Battle timer is ON: inactive players will automatically lose when time's up. (requested by larakecheese)\n|inactive|larakecheese has 120 seconds left.\n|\n|t:|1700102348\n|start\n|switch|p1a: Sekiro|Samurott-Hisui, F, shiny|100\/100\n|switch|p2a: Great Tusk|Great Tusk|100\/100\n|-enditem|p2a: Great Tusk|Booster Energy\n|-activate|p2a: Great Tusk|ability: Protosynthesis|[fromitem]\n|-start|p2a: Great Tusk|protosynthesisatk\n|turn|1\n|\n|t:|1700102363\n|move|p1a: Sekiro|Flip Turn|p2a: Great Tusk\n|-supereffective|p2a: Great Tusk\n|-damage|p2a: Great Tusk|63\/100\n|\n|t:|1700102367\n|switch|p1a: Thor|Thundurus-Therian, M, shiny|100\/100|[from] Flip Turn\n|move|p2a: Great Tusk|Earthquake|p1a: Thor\n|-immune|p1a: Thor\n|\n|upkeep\n|turn|2\n|\n|t:|1700102380\n|-end|p2a: Great Tusk|Protosynthesis|[silent]\n|switch|p2a: Gholdengo|Gholdengo|100\/100\n|-item|p2a: Gholdengo|Air Balloon\n|move|p1a: Thor|Grass Knot|p2a: Gholdengo\n|-resisted|p2a: Gholdengo\n|-damage|p2a: Gholdengo|90\/100\n|-enditem|p2a: Gholdengo|Air Balloon\n|\n|upkeep\n|turn|3\n|\n|t:|1700102392\n|move|p1a: Thor|Volt Switch|p2a: Gholdengo\n|-damage|p2a: Gholdengo|48\/100\n|\n|t:|1700102397\n|switch|p1a: Sekiro|Samurott-Hisui, F, shiny|100\/100|[from] Volt Switch\n|move|p2a: Gholdengo|Nasty Plot|p2a: Gholdengo\n|-boost|p2a: Gholdengo|spa|2\n|\n|upkeep\n|turn|4\n|\n|t:|1700102422\n|switch|p2a: Ribombee|Ribombee, F|100\/100\n|move|p1a: Sekiro|Ceaseless Edge|p2a: Ribombee\n|-resisted|p2a: Ribombee\n|-damage|p2a: Ribombee|60\/100\n|-sidestart|p2: larakecheese|Spikes\n|\n|upkeep\n|turn|5\n|\n|t:|1700102434\n|switch|p1a: Kuzko|Gholdengo, shiny|100\/100\n|move|p2a: Ribombee|Moonblast|p1a: Kuzko\n|-resisted|p1a: Kuzko\n|-damage|p1a: Kuzko|82\/100\n|\n|-heal|p1a: Kuzko|88\/100|[from] item: Leftovers\n|upkeep\n|turn|6\n|\n|t:|1700102446\n|move|p2a: Ribombee|Sticky Web|p1a: Kuzko\n|-sidestart|p1: Ramona Te amo|move: Sticky Web\n|move|p1a: Kuzko|Make It Rain|p2a: Ribombee\n|-supereffective|p2a: Ribombee\n|-damage|p2a: Ribombee|0 fnt\n|-unboost|p1a: Kuzko|spa|1\n|faint|p2a: Ribombee\n|\n|-heal|p1a: Kuzko|94\/100|[from] item: Leftovers\n|upkeep\n|inactive|larakecheese has 120 seconds left.\n|\n|t:|1700102480\n|switch|p2a: Torterra|Torterra, M|100\/100\n|-damage|p2a: Torterra|88\/100|[from] Spikes\n|turn|7\n|\n|t:|1700102484\n|move|p2a: Torterra|Shell Smash|p2a: Torterra\n|-unboost|p2a: Torterra|def|1\n|-unboost|p2a: Torterra|spd|1\n|-boost|p2a: Torterra|atk|2\n|-boost|p2a: Torterra|spa|2\n|-boost|p2a: Torterra|spe|2\n|move|p1a: Kuzko|Shadow Ball|p2a: Torterra\n|-damage|p2a: Torterra|46\/100\n|\n|-heal|p1a: Kuzko|100\/100|[from] item: Leftovers\n|upkeep\n|turn|8\n|inactive|larakecheese has 120 seconds left.\n|\n|t:|1700102496\n|move|p2a: Torterra|Headlong Rush|p1a: Kuzko\n|-supereffective|p1a: Kuzko\n|-damage|p1a: Kuzko|0 fnt\n|-unboost|p2a: Torterra|def|1\n|-unboost|p2a: Torterra|spd|1\n|faint|p1a: Kuzko\n|\n|upkeep\n|\n|t:|1700102516\n|switch|p1a: Dumbo|Great Tusk, shiny|100\/100\n|-activate|p1a: Dumbo|move: Sticky Web\n|-unboost|p1a: Dumbo|spe|1\n|turn|9\n|\n|t:|1700102521\n|-terastallize|p1a: Dumbo|Poison\n|move|p2a: Torterra|Bullet Seed|p1a: Dumbo\n|-resisted|p1a: Dumbo\n|-damage|p1a: Dumbo|94\/100\n|-resisted|p1a: Dumbo\n|-damage|p1a: Dumbo|87\/100\n|-resisted|p1a: Dumbo\n|-damage|p1a: Dumbo|81\/100\n|-resisted|p1a: Dumbo\n|-damage|p1a: Dumbo|75\/100\n|-resisted|p1a: Dumbo\n|-damage|p1a: Dumbo|68\/100\n|-hitcount|p1a: Dumbo|5\n|move|p1a: Dumbo|Ice Spinner|p2a: Torterra\n|-supereffective|p2a: Torterra\n|-damage|p2a: Torterra|0 fnt\n|faint|p2a: Torterra\n|\n|-heal|p1a: Dumbo|75\/100|[from] item: Leftovers\n|upkeep\n|\n|t:|1700102531\n|switch|p2a: Great Tusk|Great Tusk|63\/100\n|-damage|p2a: Great Tusk|50\/100|[from] Spikes\n|turn|10\n|\n|t:|1700102534\n|move|p2a: Great Tusk|Bulk Up|p2a: Great Tusk\n|-boost|p2a: Great Tusk|atk|1\n|-boost|p2a: Great Tusk|def|1\n|move|p1a: Dumbo|Rapid Spin|p2a: Great Tusk\n|-damage|p2a: Great Tusk|43\/100\n|-boost|p1a: Dumbo|spe|1\n|-sideend|p1: Ramona Te amo|Sticky Web|[from] move: Rapid Spin|[of] p1a: Dumbo\n|\n|-heal|p1a: Dumbo|81\/100|[from] item: Leftovers\n|upkeep\n|turn|11\n|\n|t:|1700102539\n|-end|p1a: Dumbo|Protosynthesis|[silent]\n|switch|p1a: Thor|Thundurus-Therian, M, shiny|100\/100\n|move|p2a: Great Tusk|Rapid Spin|p1a: Thor\n|-damage|p1a: Thor|60\/100\n|-boost|p2a: Great Tusk|spe|1\n|-sideend|p2: larakecheese|Spikes|[from] move: Rapid Spin|[of] p2a: Great Tusk\n|\n|upkeep\n|turn|12\n|\n|t:|1700102546\n|move|p2a: Great Tusk|Ice Spinner|p1a: Thor\n|-supereffective|p1a: Thor\n|-damage|p1a: Thor|0 fnt\n|faint|p1a: Thor\n|\n|upkeep\n|\n|t:|1700102551\n|switch|p1a: Amanita Phalloides|Amoonguss, M, shiny|100\/100\n|turn|13\n|\n|t:|1700102561\n|-terastallize|p2a: Great Tusk|Fire\n|move|p2a: Great Tusk|Bulk Up|p2a: Great Tusk\n|-boost|p2a: Great Tusk|atk|1\n|-boost|p2a: Great Tusk|def|1\n|move|p1a: Amanita Phalloides|Giga Drain|p2a: Great Tusk\n|-resisted|p2a: Great Tusk\n|-crit|p2a: Great Tusk\n|-damage|p2a: Great Tusk|19\/100\n|\n|upkeep\n|turn|14\n|\n|t:|1700102570\n|move|p2a: Great Tusk|Ice Spinner|p1a: Amanita Phalloides\n|-supereffective|p1a: Amanita Phalloides\n|-damage|p1a: Amanita Phalloides|0 fnt\n|faint|p1a: Amanita Phalloides\n|\n|upkeep\n|\n|t:|1700102577\n|switch|p1a: Sekiro|Samurott-Hisui, F, shiny|100\/100\n|turn|15\n|\n|t:|1700102581\n|move|p2a: Great Tusk|Earthquake|p1a: Sekiro\n|-damage|p1a: Sekiro|0 fnt\n|faint|p1a: Sekiro\n|\n|upkeep\n|\n|t:|1700102594\n|switch|p1a: Dumbo|Great Tusk, shiny, tera:Poison|81\/100\n|turn|16\n|\n|t:|1700102597\n|move|p2a: Great Tusk|Earthquake|p1a: Dumbo\n|-supereffective|p1a: Dumbo\n|-damage|p1a: Dumbo|0 fnt\n|faint|p1a: Dumbo\n|-end|p1a: Dumbo|Protosynthesis|[silent]\n|\n|upkeep\n|-message|Ramona Te amo forfeited.\n|\n|win|larakecheese\n|raw|Ramona Te amo's rating: 1300 &rarr; <strong>1282<\/strong><br \/>(-18 for losing)\n|raw|larakecheese's rating: 1404 &rarr; <strong>1418<\/strong><br \/>(+14 for winning)\n|l|\u2606Ramona Te amo\n","uploadtime":1700102627,"views":8,"p1id":"ramonateamo","p2id":"larakecheese","formatid":"gen9ou","rating":1282,"private":0,"password":""}