{"id":"gen9ou-1993856770","p1":"skawa","p2":"Real_Shylm","format":"[Gen 9] OU","log":"|j|\u2606skawa\n|j|\u2606Real_Shylm\n|t:|1700365987\n|gametype|singles\n|player|p1|skawa|giovanni|\n|player|p2|Real_Shylm|juan|\n|teamsize|p1|6\n|teamsize|p2|6\n|gen|9\n|tier|[Gen 9] OU\n|rule|Sleep Clause Mod: Limit one foe put to sleep\n|rule|Species Clause: Limit one of each Pok\u00e9mon\n|rule|OHKO Clause: OHKO moves are banned\n|rule|Evasion Items Clause: Evasion items are banned\n|rule|Evasion Moves Clause: Evasion moves are banned\n|rule|Endless Battle Clause: Forcing endless battles is banned\n|rule|HP Percentage Mod: HP is shown in percentages\n|clearpoke\n|poke|p1|Toxapex, M|\n|poke|p1|Jirachi|\n|poke|p1|Sableye, M|\n|poke|p1|Dragonite, F|\n|poke|p1|Rotom-Wash|\n|poke|p1|Hoopa-Unbound|\n|poke|p2|Kingambit, F|\n|poke|p2|Walking Wake|\n|poke|p2|Torkoal, F|\n|poke|p2|Glimmora, F|\n|poke|p2|Clefable, M|\n|poke|p2|Articuno-Galar|\n|teampreview\n|\n|t:|1700366010\n|start\n|switch|p1a: Sableye|Sableye, M|100\/100\n|switch|p2a: BoltBeamEnthusiast|Clefable, M|100\/100\n|turn|1\n|\n|t:|1700366024\n|switch|p1a: The pex|Toxapex, M, shiny|100\/100\n|move|p2a: BoltBeamEnthusiast|Moonblast|p1a: The pex\n|-resisted|p1a: The pex\n|-damage|p1a: The pex|88\/100\n|-unboost|p1a: The pex|spa|1\n|\n|-heal|p1a: The pex|94\/100|[from] item: Leftovers\n|upkeep\n|turn|2\n|\n|t:|1700366033\n|switch|p2a: Mr. Rock Festival|Torkoal, F|100\/100\n|-weather|SunnyDay|[from] ability: Drought|[of] p2a: Mr. Rock Festival\n|move|p1a: The pex|Surf|p2a: Mr. Rock Festival\n|-supereffective|p2a: Mr. Rock Festival\n|-damage|p2a: Mr. Rock Festival|84\/100\n|\n|-weather|SunnyDay|[upkeep]\n|-heal|p1a: The pex|99\/100|[from] item: Leftovers\n|upkeep\n|turn|3\n|\n|t:|1700366039\n|switch|p1a: The wash|Rotom-Wash, shiny|100\/100\n|move|p2a: Mr. Rock Festival|Yawn|p1a: The wash\n|-start|p1a: The wash|move: Yawn|[of] p2a: Mr. Rock Festival\n|\n|-weather|SunnyDay|[upkeep]\n|upkeep\n|turn|4\n|\n|t:|1700366050\n|switch|p2a: 50 000 Gold Coins|Glimmora, F|100\/100\n|move|p1a: The wash|Volt Switch|p2a: 50 000 Gold Coins\n|-damage|p2a: 50 000 Gold Coins|66\/100\n|\n|t:|1700366054\n|switch|p1a: Dragonite|Dragonite, F|100\/100|[from] Volt Switch\n|\n|-weather|SunnyDay|[upkeep]\n|upkeep\n|turn|5\n|\n|t:|1700366067\n|switch|p1a: The pex|Toxapex, M, shiny|100\/100\n|move|p2a: 50 000 Gold Coins|Stealth Rock|p1a: The pex\n|-sidestart|p1: skawa|move: Stealth Rock\n|\n|-weather|SunnyDay|[upkeep]\n|upkeep\n|turn|6\n|\n|t:|1700366073\n|move|p2a: 50 000 Gold Coins|Earth Power|p1a: The pex\n|-supereffective|p1a: The pex\n|-damage|p1a: The pex|47\/100\n|move|p1a: The pex|Surf|p2a: 50 000 Gold Coins\n|-supereffective|p2a: 50 000 Gold Coins\n|-damage|p2a: 50 000 Gold Coins|43\/100\n|\n|-weather|SunnyDay|[upkeep]\n|-heal|p1a: The pex|53\/100|[from] item: Leftovers\n|upkeep\n|turn|7\n|\n|t:|1700366082\n|switch|p1a: The wash|Rotom-Wash, shiny|100\/100\n|-damage|p1a: The wash|88\/100|[from] Stealth Rock\n|move|p2a: 50 000 Gold Coins|Earth Power|p1a: The wash\n|-immune|p1a: The wash|[from] ability: Levitate\n|\n|-weather|SunnyDay|[upkeep]\n|-heal|p1a: The wash|94\/100|[from] item: Leftovers\n|upkeep\n|turn|8\n|\n|t:|1700366090\n|move|p2a: 50 000 Gold Coins|Mortal Spin|p1a: The wash\n|-damage|p1a: The wash|87\/100\n|-status|p1a: The wash|psn\n|move|p1a: The wash|Hydro Pump|p2a: 50 000 Gold Coins\n|-supereffective|p2a: 50 000 Gold Coins\n|-damage|p2a: 50 000 Gold Coins|0 fnt\n|faint|p2a: 50 000 Gold Coins\n|\n|-weather|SunnyDay|[upkeep]\n|-heal|p1a: The wash|94\/100 psn|[from] item: Leftovers\n|-damage|p1a: The wash|81\/100 psn|[from] psn\n|upkeep\n|\n|t:|1700366099\n|switch|p2a: 12 Eyes!Fun Times!|Walking Wake|100\/100\n|-activate|p2a: 12 Eyes!Fun Times!|ability: Protosynthesis\n|-start|p2a: 12 Eyes!Fun Times!|protosynthesisspe\n|turn|9\n|\n|t:|1700366103\n|move|p2a: 12 Eyes!Fun Times!|Draco Meteor|p1a: The wash|[miss]\n|-miss|p2a: 12 Eyes!Fun Times!|p1a: The wash\n|move|p1a: The wash|Volt Switch|p2a: 12 Eyes!Fun Times!\n|-crit|p2a: 12 Eyes!Fun Times!\n|-damage|p2a: 12 Eyes!Fun Times!|54\/100\n|\n|t:|1700366116\n|switch|p1a: The guy|Jirachi, shiny|100\/100|[from] Volt Switch\n|-damage|p1a: The guy|94\/100|[from] Stealth Rock\n|\n|-weather|none\n|-end|p2a: 12 Eyes!Fun Times!|Protosynthesis\n|upkeep\n|turn|10\n|c|\u2606Real_Shylm|fuck\n|\n|t:|1700366128\n|-end|p2a: 12 Eyes!Fun Times!|Protosynthesis|[silent]\n|switch|p2a: Mr. Rock Festival|Torkoal, F|84\/100\n|-weather|SunnyDay|[from] ability: Drought|[of] p2a: Mr. Rock Festival\n|move|p1a: The guy|Play Rough|p2a: Mr. Rock Festival\n|-resisted|p2a: Mr. Rock Festival\n|-damage|p2a: Mr. Rock Festival|77\/100\n|\n|-weather|SunnyDay|[upkeep]\n|upkeep\n|turn|11\n|\n|t:|1700366156\n|switch|p1a: The pex|Toxapex, M, shiny|86\/100\n|-damage|p1a: The pex|74\/100|[from] Stealth Rock\n|switch|p2a: The Snoozer|Articuno-Galar|100\/100\n|\n|-weather|SunnyDay|[upkeep]\n|-heal|p1a: The pex|80\/100|[from] item: Leftovers\n|upkeep\n|turn|12\n|\n|t:|1700366167\n|move|p2a: The Snoozer|Shadow Ball|p1a: The pex\n|-damage|p1a: The pex|58\/100\n|move|p1a: The pex|Haze|p1a: The pex\n|-clearallboost\n|\n|-weather|SunnyDay|[upkeep]\n|-heal|p1a: The pex|64\/100|[from] item: Leftovers\n|upkeep\n|turn|13\n|\n|t:|1700366174\n|move|p2a: The Snoozer|Calm Mind|p2a: The Snoozer\n|-boost|p2a: The Snoozer|spa|1\n|-boost|p2a: The Snoozer|spd|1\n|move|p1a: The pex|Haze|p1a: The pex\n|-clearallboost\n|\n|-weather|SunnyDay|[upkeep]\n|-heal|p1a: The pex|71\/100|[from] item: Leftovers\n|upkeep\n|turn|14\n|\n|t:|1700366181\n|move|p2a: The Snoozer|Shadow Ball|p1a: The pex\n|-damage|p1a: The pex|51\/100\n|move|p1a: The pex|Haze|p1a: The pex\n|-clearallboost\n|\n|-weather|SunnyDay|[upkeep]\n|-heal|p1a: The pex|58\/100|[from] item: Leftovers\n|upkeep\n|turn|15\n|\n|t:|1700366185\n|move|p2a: The Snoozer|Shadow Ball|p1a: The pex\n|-damage|p1a: The pex|35\/100\n|-unboost|p1a: The pex|spd|1\n|move|p1a: The pex|Recover|p1a: The pex\n|-heal|p1a: The pex|85\/100\n|\n|-weather|SunnyDay|[upkeep]\n|-heal|p1a: The pex|92\/100|[from] item: Leftovers\n|upkeep\n|turn|16\n|\n|t:|1700366201\n|switch|p1a: Hoopa|Hoopa-Unbound|100\/100\n|-damage|p1a: Hoopa|88\/100|[from] Stealth Rock\n|move|p2a: The Snoozer|Calm Mind|p2a: The Snoozer\n|-boost|p2a: The Snoozer|spa|1\n|-boost|p2a: The Snoozer|spd|1\n|\n|-weather|SunnyDay|[upkeep]\n|upkeep\n|turn|17\n|\n|t:|1700366222\n|switch|p2a: Backshot Purple|Kingambit, F|100\/100\n|-activate|p2a: Backshot Purple|ability: Supreme Overlord\n|-start|p2a: Backshot Purple|fallen1|[silent]\n|move|p1a: Hoopa|Hyperspace Fury|p2a: Backshot Purple\n|-resisted|p2a: Backshot Purple\n|-damage|p2a: Backshot Purple|80\/100\n|-unboost|p1a: Hoopa|def|1\n|\n|-weather|none\n|upkeep\n|turn|18\n|\n|t:|1700366230\n|switch|p1a: Sableye|Sableye, M|100\/100\n|-damage|p1a: Sableye|88\/100|[from] Stealth Rock\n|move|p2a: Backshot Purple|Sucker Punch||[still]\n|-fail|p2a: Backshot Purple\n|\n|-heal|p1a: Sableye|94\/100|[from] item: Leftovers\n|upkeep\n|turn|19\n|\n|t:|1700366234\n|move|p2a: Backshot Purple|Kowtow Cleave|p1a: Sableye\n|-damage|p1a: Sableye|4\/100\n|move|p1a: Sableye|Knock Off|p2a: Backshot Purple\n|-resisted|p2a: Backshot Purple\n|-damage|p2a: Backshot Purple|70\/100\n|-enditem|p2a: Backshot Purple|Black Glasses|[from] move: Knock Off|[of] p1a: Sableye\n|\n|-heal|p1a: Sableye|10\/100|[from] item: Leftovers\n|upkeep\n|turn|20\n|\n|t:|1700366244\n|move|p1a: Sableye|Protect|p1a: Sableye\n|-singleturn|p1a: Sableye|Protect\n|move|p2a: Backshot Purple|Swords Dance|p2a: Backshot Purple\n|-boost|p2a: Backshot Purple|atk|2\n|\n|-heal|p1a: Sableye|16\/100|[from] item: Leftovers\n|upkeep\n|turn|21\n|\n|t:|1700366255\n|switch|p1a: The wash|Rotom-Wash, shiny|81\/100 psn\n|-damage|p1a: The wash|69\/100 psn|[from] Stealth Rock\n|move|p2a: Backshot Purple|Kowtow Cleave|p1a: The wash\n|-damage|p1a: The wash|0 fnt\n|faint|p1a: The wash\n|\n|upkeep\n|\n|t:|1700366266\n|switch|p1a: Dragonite|Dragonite, F|100\/100\n|turn|22\n|\n|t:|1700366277\n|move|p1a: Dragonite|Earthquake|p2a: Backshot Purple\n|-supereffective|p2a: Backshot Purple\n|-damage|p2a: Backshot Purple|10\/100\n|move|p2a: Backshot Purple|Kowtow Cleave|p1a: Dragonite\n|-damage|p1a: Dragonite|39\/100\n|\n|upkeep\n|turn|23\n|\n|t:|1700366286\n|-terastallize|p1a: Dragonite|Normal\n|move|p1a: Dragonite|Extreme Speed|p2a: Backshot Purple\n|-resisted|p2a: Backshot Purple\n|-damage|p2a: Backshot Purple|0 fnt\n|faint|p2a: Backshot Purple\n|-end|p2a: Backshot Purple|fallen1|[silent]\n|\n|upkeep\n|\n|t:|1700366293\n|switch|p2a: Mr. Rock Festival|Torkoal, F|77\/100\n|-weather|SunnyDay|[from] ability: Drought|[of] p2a: Mr. Rock Festival\n|turn|24\n|\n|t:|1700366313\n|switch|p1a: The pex|Toxapex, M, shiny|100\/100\n|-damage|p1a: The pex|88\/100|[from] Stealth Rock\n|move|p2a: Mr. Rock Festival|Yawn|p1a: The pex\n|-start|p1a: The pex|move: Yawn|[of] p2a: Mr. Rock Festival\n|\n|-weather|SunnyDay|[upkeep]\n|-heal|p1a: The pex|94\/100|[from] item: Leftovers\n|upkeep\n|turn|25\n|\n|t:|1700366321\n|switch|p1a: Hoopa|Hoopa-Unbound|88\/100\n|-damage|p1a: Hoopa|76\/100|[from] Stealth Rock\n|switch|p2a: The Snoozer|Articuno-Galar|100\/100\n|\n|-weather|SunnyDay|[upkeep]\n|upkeep\n|turn|26\n|\n|t:|1700366326\n|switch|p2a: BoltBeamEnthusiast|Clefable, M|100\/100\n|move|p1a: Hoopa|Hyperspace Fury|p2a: BoltBeamEnthusiast\n|-resisted|p2a: BoltBeamEnthusiast\n|-damage|p2a: BoltBeamEnthusiast|75\/100\n|-unboost|p1a: Hoopa|def|1\n|\n|-weather|SunnyDay|[upkeep]\n|-heal|p2a: BoltBeamEnthusiast|81\/100|[from] item: Leftovers\n|upkeep\n|turn|27\n|\n|t:|1700366334\n|move|p1a: Hoopa|Gunk Shot|p2a: BoltBeamEnthusiast|[miss]\n|-miss|p1a: Hoopa|p2a: BoltBeamEnthusiast\n|move|p2a: BoltBeamEnthusiast|Calm Mind|p2a: BoltBeamEnthusiast\n|-boost|p2a: BoltBeamEnthusiast|spa|1\n|-boost|p2a: BoltBeamEnthusiast|spd|1\n|\n|-weather|SunnyDay|[upkeep]\n|-heal|p2a: BoltBeamEnthusiast|88\/100|[from] item: Leftovers\n|upkeep\n|turn|28\n|\n|t:|1700366337\n|move|p1a: Hoopa|Gunk Shot|p2a: BoltBeamEnthusiast\n|-supereffective|p2a: BoltBeamEnthusiast\n|-damage|p2a: BoltBeamEnthusiast|10\/100\n|move|p2a: BoltBeamEnthusiast|Moonblast|p1a: Hoopa\n|-supereffective|p1a: Hoopa\n|-damage|p1a: Hoopa|29\/100\n|\n|-weather|SunnyDay|[upkeep]\n|-heal|p2a: BoltBeamEnthusiast|16\/100|[from] item: Leftovers\n|upkeep\n|turn|29\n|\n|t:|1700366343\n|move|p1a: Hoopa|Hyperspace Fury|p2a: BoltBeamEnthusiast\n|-resisted|p2a: BoltBeamEnthusiast\n|-damage|p2a: BoltBeamEnthusiast|0 fnt\n|-unboost|p1a: Hoopa|def|1\n|faint|p2a: BoltBeamEnthusiast\n|\n|-weather|SunnyDay|[upkeep]\n|upkeep\n|\n|t:|1700366348\n|switch|p2a: 12 Eyes!Fun Times!|Walking Wake|54\/100\n|-activate|p2a: 12 Eyes!Fun Times!|ability: Protosynthesis\n|-start|p2a: 12 Eyes!Fun Times!|protosynthesisspe\n|turn|30\n|\n|t:|1700366360\n|switch|p1a: Sableye|Sableye, M|16\/100\n|-damage|p1a: Sableye|4\/100|[from] Stealth Rock\n|move|p2a: 12 Eyes!Fun Times!|Hydro Steam|p1a: Sableye\n|-damage|p1a: Sableye|0 fnt\n|faint|p1a: Sableye\n|\n|-weather|SunnyDay|[upkeep]\n|upkeep\n|\n|t:|1700366372\n|switch|p1a: The pex|Toxapex, M, shiny|100\/100\n|-damage|p1a: The pex|88\/100|[from] Stealth Rock\n|turn|31\n|\n|t:|1700366376\n|-end|p2a: 12 Eyes!Fun Times!|Protosynthesis|[silent]\n|switch|p2a: The Snoozer|Articuno-Galar|100\/100\n|move|p1a: The pex|Recover|p1a: The pex\n|-heal|p1a: The pex|100\/100\n|\n|-weather|none\n|upkeep\n|turn|32\n|\n|t:|1700366381\n|move|p2a: The Snoozer|Shadow Ball|p1a: The pex\n|-damage|p1a: The pex|79\/100\n|-unboost|p1a: The pex|spd|1\n|move|p1a: The pex|Haze|p1a: The pex\n|-clearallboost\n|\n|-heal|p1a: The pex|85\/100|[from] item: Leftovers\n|upkeep\n|turn|33\n|\n|t:|1700366386\n|move|p2a: The Snoozer|Agility|p2a: The Snoozer\n|-boost|p2a: The Snoozer|spe|2\n|move|p1a: The pex|Toxic Spikes|p2a: The Snoozer\n|-sidestart|p2: Real_Shylm|move: Toxic Spikes\n|\n|-heal|p1a: The pex|91\/100|[from] item: Leftovers\n|upkeep\n|turn|34\n|\n|t:|1700366393\n|switch|p1a: Hoopa|Hoopa-Unbound|29\/100\n|-damage|p1a: Hoopa|17\/100|[from] Stealth Rock\n|move|p2a: The Snoozer|Stored Power|p1a: Hoopa\n|-immune|p1a: Hoopa\n|\n|upkeep\n|turn|35\n|\n|t:|1700366398\n|move|p2a: The Snoozer|Shadow Ball|p1a: Hoopa\n|-damage|p1a: Hoopa|4\/100\n|move|p1a: Hoopa|Hyperspace Fury|p2a: The Snoozer\n|-supereffective|p2a: The Snoozer\n|-damage|p2a: The Snoozer|0 fnt\n|-unboost|p1a: Hoopa|def|1\n|faint|p2a: The Snoozer\n|\n|upkeep\n|\n|t:|1700366405\n|switch|p2a: Mr. Rock Festival|Torkoal, F|77\/100\n|-status|p2a: Mr. Rock Festival|psn\n|-weather|SunnyDay|[from] ability: Drought|[of] p2a: Mr. Rock Festival\n|turn|36\n|\n|t:|1700366418\n|move|p1a: Hoopa|Psychic|p2a: Mr. Rock Festival\n|-damage|p2a: Mr. Rock Festival|9\/100 psn\n|move|p2a: Mr. Rock Festival|Rapid Spin|p1a: Hoopa\n|-damage|p1a: Hoopa|0 fnt\n|-boost|p2a: Mr. Rock Festival|spe|1\n|-sideend|p2: Real_Shylm|Toxic Spikes|[from] move: Rapid Spin|[of] p2a: Mr. Rock Festival\n|faint|p1a: Hoopa\n|\n|-weather|SunnyDay|[upkeep]\n|-damage|p2a: Mr. Rock Festival|0 fnt|[from] psn\n|faint|p2a: Mr. Rock Festival\n|upkeep\n|\n|t:|1700366431\n|switch|p1a: The guy|Jirachi, shiny|94\/100\n|switch|p2a: 12 Eyes!Fun Times!|Walking Wake|54\/100\n|-damage|p1a: The guy|88\/100|[from] Stealth Rock\n|-activate|p2a: 12 Eyes!Fun Times!|ability: Protosynthesis\n|-start|p2a: 12 Eyes!Fun Times!|protosynthesisspe\n|turn|37\n|\n|t:|1700366437\n|switch|p1a: The pex|Toxapex, M, shiny|100\/100\n|-damage|p1a: The pex|88\/100|[from] Stealth Rock\n|-terastallize|p2a: 12 Eyes!Fun Times!|Water\n|move|p2a: 12 Eyes!Fun Times!|Hydro Steam|p1a: The pex\n|-resisted|p1a: The pex\n|-damage|p1a: The pex|36\/100\n|\n|-weather|SunnyDay|[upkeep]\n|-heal|p1a: The pex|42\/100|[from] item: Leftovers\n|upkeep\n|turn|38\n|\n|t:|1700366457\n|switch|p1a: The guy|Jirachi, shiny|88\/100\n|-damage|p1a: The guy|82\/100|[from] Stealth Rock\n|move|p2a: 12 Eyes!Fun Times!|Hydro Steam|p1a: The guy\n|-damage|p1a: The guy|0 fnt\n|faint|p1a: The guy\n|\n|-weather|SunnyDay|[upkeep]\n|upkeep\n|\n|t:|1700366460\n|switch|p1a: The pex|Toxapex, M, shiny|75\/100\n|-damage|p1a: The pex|63\/100|[from] Stealth Rock\n|turn|39\n|\n|t:|1700366463\n|move|p2a: 12 Eyes!Fun Times!|Hydro Steam|p1a: The pex\n|-resisted|p1a: The pex\n|-damage|p1a: The pex|15\/100\n|move|p1a: The pex|Recover|p1a: The pex\n|-heal|p1a: The pex|65\/100\n|\n|-weather|SunnyDay|[upkeep]\n|-heal|p1a: The pex|72\/100|[from] item: Leftovers\n|upkeep\n|turn|40\n|\n|t:|1700366468\n|move|p2a: 12 Eyes!Fun Times!|Hydro Steam|p1a: The pex\n|-resisted|p1a: The pex\n|-damage|p1a: The pex|22\/100\n|move|p1a: The pex|Recover|p1a: The pex\n|-heal|p1a: The pex|72\/100\n|\n|-weather|SunnyDay|[upkeep]\n|-heal|p1a: The pex|78\/100|[from] item: Leftovers\n|upkeep\n|turn|41\n|\n|t:|1700366471\n|move|p2a: 12 Eyes!Fun Times!|Hydro Steam|p1a: The pex\n|-resisted|p1a: The pex\n|-damage|p1a: The pex|30\/100\n|move|p1a: The pex|Recover|p1a: The pex\n|-heal|p1a: The pex|80\/100\n|\n|-weather|SunnyDay|[upkeep]\n|-heal|p1a: The pex|86\/100|[from] item: Leftovers\n|upkeep\n|turn|42\n|\n|t:|1700366473\n|move|p2a: 12 Eyes!Fun Times!|Hydro Steam|p1a: The pex\n|-resisted|p1a: The pex\n|-damage|p1a: The pex|40\/100\n|move|p1a: The pex|Recover|p1a: The pex\n|-heal|p1a: The pex|90\/100\n|\n|-weather|SunnyDay|[upkeep]\n|-heal|p1a: The pex|97\/100|[from] item: Leftovers\n|upkeep\n|turn|43\n|\n|t:|1700366476\n|move|p2a: 12 Eyes!Fun Times!|Hydro Steam|p1a: The pex\n|-resisted|p1a: The pex\n|-damage|p1a: The pex|46\/100\n|move|p1a: The pex|Recover|p1a: The pex\n|-heal|p1a: The pex|96\/100\n|\n|-weather|none\n|-end|p2a: 12 Eyes!Fun Times!|Protosynthesis\n|-heal|p1a: The pex|100\/100|[from] item: Leftovers\n|upkeep\n|turn|44\n|\n|t:|1700366481\n|move|p2a: 12 Eyes!Fun Times!|Hydro Steam|p1a: The pex\n|-resisted|p1a: The pex\n|-damage|p1a: The pex|69\/100\n|move|p1a: The pex|Surf|p2a: 12 Eyes!Fun Times!\n|-resisted|p2a: 12 Eyes!Fun Times!\n|-damage|p2a: 12 Eyes!Fun Times!|43\/100\n|\n|-heal|p1a: The pex|75\/100|[from] item: Leftovers\n|upkeep\n|turn|45\n|\n|t:|1700366485\n|move|p2a: 12 Eyes!Fun Times!|Hydro Steam|p1a: The pex\n|-resisted|p1a: The pex\n|-damage|p1a: The pex|42\/100\n|move|p1a: The pex|Recover|p1a: The pex\n|-heal|p1a: The pex|92\/100\n|\n|-heal|p1a: The pex|99\/100|[from] item: Leftovers\n|upkeep\n|turn|46\n|c|\u2606Real_Shylm|I hate you\n|\n|t:|1700366491\n|move|p2a: 12 Eyes!Fun Times!|Hydro Steam|p1a: The pex\n|-resisted|p1a: The pex\n|-damage|p1a: The pex|67\/100\n|move|p1a: The pex|Surf|p2a: 12 Eyes!Fun Times!\n|-resisted|p2a: 12 Eyes!Fun Times!\n|-damage|p2a: 12 Eyes!Fun Times!|33\/100\n|\n|-heal|p1a: The pex|73\/100|[from] item: Leftovers\n|upkeep\n|turn|47\n|\n|t:|1700366495\n|move|p2a: 12 Eyes!Fun Times!|Hydro Steam|p1a: The pex\n|-resisted|p1a: The pex\n|-damage|p1a: The pex|40\/100\n|move|p1a: The pex|Surf|p2a: 12 Eyes!Fun Times!\n|-resisted|p2a: 12 Eyes!Fun Times!\n|-damage|p2a: 12 Eyes!Fun Times!|22\/100\n|\n|-heal|p1a: The pex|46\/100|[from] item: Leftovers\n|upkeep\n|turn|48\n|\n|t:|1700366497\n|move|p2a: 12 Eyes!Fun Times!|Hydro Steam|p1a: The pex\n|-resisted|p1a: The pex\n|-damage|p1a: The pex|14\/100\n|move|p1a: The pex|Surf|p2a: 12 Eyes!Fun Times!\n|-resisted|p2a: 12 Eyes!Fun Times!\n|-damage|p2a: 12 Eyes!Fun Times!|12\/100\n|\n|-heal|p1a: The pex|20\/100|[from] item: Leftovers\n|upkeep\n|turn|49\n|\n|t:|1700366500\n|move|p2a: 12 Eyes!Fun Times!|Hydro Steam|p1a: The pex\n|-resisted|p1a: The pex\n|-damage|p1a: The pex|0 fnt\n|faint|p1a: The pex\n|\n|upkeep\n|\n|t:|1700366502\n|switch|p1a: Dragonite|Dragonite, F, tera:Normal|39\/100\n|turn|50\n|c|\u2606skawa|everyone falls for the pex\n|\n|t:|1700366510\n|move|p1a: Dragonite|Extreme Speed|p2a: 12 Eyes!Fun Times!\n|-damage|p2a: 12 Eyes!Fun Times!|0 fnt\n|faint|p2a: 12 Eyes!Fun Times!\n|-end|p2a: 12 Eyes!Fun Times!|Protosynthesis|[silent]\n|\n|win|skawa\n|c|\u2606Real_Shylm|ggs\n|c|\u2606skawa|gg wpwp\n","uploadtime":1700366515,"views":27,"p1id":"skawa","p2id":"realshylm","formatid":"gen9ou","rating":0,"private":0,"password":""}