{"id":"gen9ou-1989489916","p1":"Wrenellen","p2":"real doo blaster","format":"[Gen 9] OU","log":"|j|\u2606Wrenellen\n|j|\u2606real doo blaster\n|t:|1699859319\n|gametype|singles\n|player|p1|Wrenellen|benga|1234\n|player|p2|real doo blaster|backersf|1195\n|teamsize|p1|6\n|teamsize|p2|6\n|gen|9\n|tier|[Gen 9] OU\n|rated|\n|rule|Sleep Clause Mod: Limit one foe put to sleep\n|rule|Species Clause: Limit one of each Pok\u00e9mon\n|rule|OHKO Clause: OHKO moves are banned\n|rule|Evasion Items Clause: Evasion items are banned\n|rule|Evasion Moves Clause: Evasion moves are banned\n|rule|Endless Battle Clause: Forcing endless battles is banned\n|rule|HP Percentage Mod: HP is shown in percentages\n|clearpoke\n|poke|p1|Landorus-Therian, M|\n|poke|p1|Great Tusk|\n|poke|p1|Ogerpon-Wellspring, F|\n|poke|p1|Dragapult, F|\n|poke|p1|Ceruledge, F|\n|poke|p1|Meowscarada, F|\n|poke|p2|Regidrago|\n|poke|p2|Kingambit, F|\n|poke|p2|Slowbro-Galar, F|\n|poke|p2|Breloom, F|\n|poke|p2|Corviknight, F|\n|poke|p2|Goodra-Hisui, F|\n|teampreview\n|\n|t:|1699859326\n|start\n|switch|p1a: Meowscarada|Meowscarada, F|100\/100\n|switch|p2a: doo blaster|Regidrago|100\/100\n|turn|1\n|\n|t:|1699859331\n|move|p1a: Meowscarada|Spikes|p2a: doo blaster\n|-sidestart|p2: real doo blaster|Spikes\n|move|p2a: doo blaster|Dragon Energy|p1a: Meowscarada\n|-enditem|p1a: Meowscarada|Focus Sash\n|-damage|p1a: Meowscarada|1\/100\n|\n|upkeep\n|turn|2\n|\n|t:|1699859340\n|move|p1a: Meowscarada|Knock Off|p2a: doo blaster\n|-damage|p2a: doo blaster|67\/100\n|-enditem|p2a: doo blaster|Quick Claw|[from] move: Knock Off|[of] p1a: Meowscarada\n|move|p2a: doo blaster|Dragon Energy|p1a: Meowscarada\n|-damage|p1a: Meowscarada|0 fnt\n|faint|p1a: Meowscarada\n|\n|upkeep\n|\n|t:|1699859366\n|switch|p1a: Landorus|Landorus-Therian, M|100\/100\n|-ability|p1a: Landorus|Intimidate|boost\n|-unboost|p2a: doo blaster|atk|1\n|turn|3\n|\n|t:|1699859369\n|move|p1a: Landorus|Earthquake|p2a: doo blaster\n|-damage|p2a: doo blaster|13\/100\n|move|p2a: doo blaster|Dragon Pulse|p1a: Landorus\n|-damage|p1a: Landorus|17\/100\n|\n|upkeep\n|turn|4\n|\n|t:|1699859373\n|move|p1a: Landorus|Earthquake|p2a: doo blaster\n|-damage|p2a: doo blaster|0 fnt\n|faint|p2a: doo blaster\n|\n|upkeep\n|\n|t:|1699859394\n|switch|p2a: MONSTA YAMBO|Breloom, F|100\/100\n|-damage|p2a: MONSTA YAMBO|88\/100|[from] Spikes\n|turn|5\n|\n|t:|1699859441\n|move|p1a: Landorus|Earthquake|p2a: MONSTA YAMBO\n|-resisted|p2a: MONSTA YAMBO\n|-damage|p2a: MONSTA YAMBO|46\/100\n|move|p2a: MONSTA YAMBO|Seed Bomb|p1a: Landorus\n|-damage|p1a: Landorus|0 fnt\n|faint|p1a: Landorus\n|\n|-status|p2a: MONSTA YAMBO|tox|[from] item: Toxic Orb\n|upkeep\n|\n|t:|1699859449\n|switch|p1a: Ceruledge|Ceruledge, F|100\/100\n|turn|6\n|\n|t:|1699859475\n|switch|p2a: Almost a horse|Corviknight, F|100\/100\n|-ability|p2a: Almost a horse|Pressure\n|move|p1a: Ceruledge|Bitter Blade|p2a: Almost a horse\n|-supereffective|p2a: Almost a horse\n|-damage|p2a: Almost a horse|43\/100\n|\n|-heal|p2a: Almost a horse|49\/100|[from] item: Leftovers\n|upkeep\n|turn|7\n|\n|t:|1699859486\n|move|p1a: Ceruledge|Bitter Blade|p2a: Almost a horse\n|-supereffective|p2a: Almost a horse\n|-damage|p2a: Almost a horse|0 fnt\n|faint|p2a: Almost a horse\n|\n|upkeep\n|\n|t:|1699859499\n|switch|p2a: Pikmin 2|Slowbro-Galar, F|100\/100\n|-damage|p2a: Pikmin 2|88\/100|[from] Spikes\n|turn|8\n|-activate|p2a: Pikmin 2|ability: Quick Draw\n|\n|t:|1699859509\n|move|p2a: Pikmin 2|Surf|p1a: Ceruledge\n|-supereffective|p1a: Ceruledge\n|-damage|p1a: Ceruledge|28\/100\n|move|p1a: Ceruledge|Poltergeist|p2a: Pikmin 2\n|-activate|p2a: Pikmin 2|move: Poltergeist|Quick Claw\n|-supereffective|p2a: Pikmin 2\n|-damage|p2a: Pikmin 2|0 fnt\n|faint|p2a: Pikmin 2\n|\n|upkeep\n|\n|t:|1699859522\n|switch|p2a: TRUE TRUE|Kingambit, F|100\/100\n|-damage|p2a: TRUE TRUE|88\/100|[from] Spikes\n|-activate|p2a: TRUE TRUE|ability: Supreme Overlord\n|-start|p2a: TRUE TRUE|fallen3|[silent]\n|turn|9\n|\n|t:|1699859525\n|switch|p1a: Great Tusk|Great Tusk|100\/100\n|-enditem|p1a: Great Tusk|Booster Energy\n|-activate|p1a: Great Tusk|ability: Protosynthesis|[fromitem]\n|-start|p1a: Great Tusk|protosynthesisspe\n|move|p2a: TRUE TRUE|Sucker Punch||[still]\n|-fail|p2a: TRUE TRUE\n|\n|upkeep\n|turn|10\n|\n|t:|1699859532\n|-end|p2a: TRUE TRUE|fallen3|[silent]\n|switch|p2a: MONSTA YAMBO|Breloom, F|46\/100 tox\n|-damage|p2a: MONSTA YAMBO|34\/100 tox|[from] Spikes\n|move|p1a: Great Tusk|Close Combat|p2a: MONSTA YAMBO\n|-damage|p2a: MONSTA YAMBO|0 fnt\n|-unboost|p1a: Great Tusk|def|1\n|-unboost|p1a: Great Tusk|spd|1\n|faint|p2a: MONSTA YAMBO\n|\n|upkeep\n|\n|t:|1699859534\n|switch|p2a: goondra|Goodra-Hisui, F|100\/100\n|-damage|p2a: goondra|88\/100|[from] Spikes\n|turn|11\n|\n|t:|1699859538\n|move|p1a: Great Tusk|Close Combat|p2a: goondra\n|-supereffective|p2a: goondra\n|-damage|p2a: goondra|13\/100\n|-unboost|p1a: Great Tusk|def|1\n|-unboost|p1a: Great Tusk|spd|1\n|move|p2a: goondra|Counter|p1a: Great Tusk\n|-damage|p1a: Great Tusk|0 fnt\n|faint|p1a: Great Tusk\n|-end|p1a: Great Tusk|Protosynthesis|[silent]\n|\n|upkeep\n|\n|t:|1699859546\n|switch|p1a: Ogerpon|Ogerpon-Wellspring, F|100\/100\n|turn|12\n|\n|t:|1699859550\n|move|p1a: Ogerpon|Ivy Cudgel|p2a: goondra\n|-resisted|p2a: goondra\n|-damage|p2a: goondra|0 fnt\n|faint|p2a: goondra\n|\n|upkeep\n|\n|t:|1699859553\n|switch|p2a: TRUE TRUE|Kingambit, F|88\/100\n|-damage|p2a: TRUE TRUE|76\/100|[from] Spikes\n|-activate|p2a: TRUE TRUE|ability: Supreme Overlord\n|-start|p2a: TRUE TRUE|fallen5|[silent]\n|turn|13\n|\n|t:|1699859559\n|-terastallize|p2a: TRUE TRUE|Dark\n|move|p1a: Ogerpon|Swords Dance|p1a: Ogerpon\n|-boost|p1a: Ogerpon|atk|2\n|move|p2a: TRUE TRUE|Kowtow Cleave|p1a: Ogerpon\n|-damage|p1a: Ogerpon|0 fnt\n|faint|p1a: Ogerpon\n|\n|upkeep\n|\n|t:|1699859569\n|switch|p1a: Dragapult|Dragapult, F|100\/100\n|turn|14\n|\n|t:|1699859573\n|-terastallize|p1a: Dragapult|Fire\n|move|p2a: TRUE TRUE|Sucker Punch|p1a: Dragapult\n|-damage|p1a: Dragapult|0 fnt\n|faint|p1a: Dragapult\n|\n|upkeep\n|\n|t:|1699859578\n|switch|p1a: Ceruledge|Ceruledge, F|28\/100\n|turn|15\n|\n|t:|1699859583\n|move|p1a: Ceruledge|Swords Dance|p1a: Ceruledge\n|-boost|p1a: Ceruledge|atk|2\n|move|p2a: TRUE TRUE|Kowtow Cleave|p1a: Ceruledge\n|-supereffective|p1a: Ceruledge\n|-damage|p1a: Ceruledge|0 fnt\n|faint|p1a: Ceruledge\n|\n|win|real doo blaster\n|raw|Wrenellen's rating: 1234 &rarr; <strong>1206<\/strong><br \/>(-28 for losing)\n|raw|real doo blaster's rating: 1195 &rarr; <strong>1223<\/strong><br \/>(+28 for winning)\n|l|\u2606Wrenellen\n|c|\u2606real doo blaster|ur not like me\n","uploadtime":1699859590,"views":16,"p1id":"wrenellen","p2id":"realdooblaster","formatid":"gen9ou","rating":1206,"private":0,"password":""}