{"id":"gen9ou-1992677642","p1":"Lasagna Crustle","p2":"GuiJiXia","format":"[Gen 9] OU","log":"|j|\u2606Lasagna Crustle\n|j|\u2606GuiJiXia\n|t:|1700224113\n|gametype|singles\n|player|p1|Lasagna Crustle|lady-gen4|1383\n|player|p2|GuiJiXia|cynthia|1326\n|teamsize|p1|6\n|teamsize|p2|6\n|gen|9\n|tier|[Gen 9] OU\n|rated|\n|rule|Sleep Clause Mod: Limit one foe put to sleep\n|rule|Species Clause: Limit one of each Pok\u00e9mon\n|rule|OHKO Clause: OHKO moves are banned\n|rule|Evasion Items Clause: Evasion items are banned\n|rule|Evasion Moves Clause: Evasion moves are banned\n|rule|Endless Battle Clause: Forcing endless battles is banned\n|rule|HP Percentage Mod: HP is shown in percentages\n|clearpoke\n|poke|p1|Rillaboom, F|\n|poke|p1|Ribombee, F|\n|poke|p1|Sneasler, F|\n|poke|p1|Hatterene, F|\n|poke|p1|Walking Wake|\n|poke|p1|Kingambit, F|\n|poke|p2|Iron Moth|\n|poke|p2|Garchomp, M|\n|poke|p2|Corviknight, F|\n|poke|p2|Ogerpon-Wellspring, F|\n|poke|p2|Slowking-Galar, M|\n|poke|p2|Ting-Lu|\n|teampreview\n|inactive|Battle timer is ON: inactive players will automatically lose when time's up. (requested by Lasagna Crustle)\n|\n|t:|1700224122\n|start\n|switch|p1a: Cheap Webs|Ribombee, F|100\/100\n|switch|p2a: Iron Moth|Iron Moth|100\/100\n|turn|1\n|\n|t:|1700224131\n|move|p2a: Iron Moth|Sludge Wave|p1a: Cheap Webs\n|-supereffective|p1a: Cheap Webs\n|-enditem|p1a: Cheap Webs|Focus Sash\n|-damage|p1a: Cheap Webs|1\/100\n|move|p1a: Cheap Webs|Sticky Web|p2a: Iron Moth\n|-sidestart|p2: GuiJiXia|move: Sticky Web\n|\n|upkeep\n|turn|2\n|\n|t:|1700224141\n|move|p2a: Iron Moth|Sludge Wave|p1a: Cheap Webs\n|-supereffective|p1a: Cheap Webs\n|-damage|p1a: Cheap Webs|0 fnt\n|faint|p1a: Cheap Webs\n|\n|upkeep\n|\n|t:|1700224148\n|switch|p1a: Cheap Nuke|Walking Wake|100\/100\n|-enditem|p1a: Cheap Nuke|Booster Energy\n|-activate|p1a: Cheap Nuke|ability: Protosynthesis|[fromitem]\n|-start|p1a: Cheap Nuke|protosynthesisspa\n|turn|3\n|\n|t:|1700224173\n|-end|p2a: Iron Moth|Quark Drive|[silent]\n|switch|p2a: Ogerpon|Ogerpon-Wellspring, F|100\/100\n|-activate|p2a: Ogerpon|move: Sticky Web\n|-unboost|p2a: Ogerpon|spe|1\n|move|p1a: Cheap Nuke|Agility|p1a: Cheap Nuke\n|-boost|p1a: Cheap Nuke|spe|2\n|\n|upkeep\n|turn|4\n|\n|t:|1700224180\n|move|p1a: Cheap Nuke|Draco Meteor|p2a: Ogerpon\n|-damage|p2a: Ogerpon|0 fnt\n|-unboost|p1a: Cheap Nuke|spa|2\n|faint|p2a: Ogerpon\n|\n|upkeep\n|\n|t:|1700224189\n|switch|p2a: Corviknight|Corviknight, F|100\/100\n|-ability|p2a: Corviknight|Pressure\n|turn|5\n|\n|t:|1700224193\n|move|p1a: Cheap Nuke|Flamethrower|p2a: Corviknight\n|-supereffective|p2a: Corviknight\n|-damage|p2a: Corviknight|65\/100\n|move|p2a: Corviknight|Defog|p1a: Cheap Nuke\n|-unboost|p1a: Cheap Nuke|evasion|1\n|-sideend|p2: GuiJiXia|Sticky Web|[from] move: Defog|[of] p2a: Corviknight\n|\n|upkeep\n|turn|6\n|\n|t:|1700224202\n|move|p1a: Cheap Nuke|Scald|p2a: Corviknight\n|-damage|p2a: Corviknight|41\/100\n|move|p2a: Corviknight|Roost|p2a: Corviknight\n|-heal|p2a: Corviknight|91\/100\n|-singleturn|p2a: Corviknight|move: Roost\n|\n|upkeep\n|turn|7\n|\n|t:|1700224211\n|move|p1a: Cheap Nuke|Scald|p2a: Corviknight\n|-damage|p2a: Corviknight|65\/100\n|move|p2a: Corviknight|U-turn|p1a: Cheap Nuke\n|-damage|p1a: Cheap Nuke|85\/100\n|\n|t:|1700224215\n|switch|p2a: Iron Moth|Iron Moth|100\/100|[from] U-turn\n|\n|upkeep\n|turn|8\n|\n|t:|1700224226\n|-terastallize|p2a: Iron Moth|Grass\n|move|p1a: Cheap Nuke|Scald|p2a: Iron Moth\n|-resisted|p2a: Iron Moth\n|-damage|p2a: Iron Moth|87\/100\n|move|p2a: Iron Moth|Dazzling Gleam|p1a: Cheap Nuke\n|-supereffective|p1a: Cheap Nuke\n|-damage|p1a: Cheap Nuke|20\/100\n|\n|upkeep\n|turn|9\n|\n|t:|1700224246\n|-end|p2a: Iron Moth|Quark Drive|[silent]\n|switch|p2a: Garchomp|Garchomp, M|100\/100\n|move|p1a: Cheap Nuke|Flamethrower|p2a: Garchomp\n|-resisted|p2a: Garchomp\n|-damage|p2a: Garchomp|90\/100\n|\n|upkeep\n|turn|10\n|\n|t:|1700224251\n|move|p1a: Cheap Nuke|Draco Meteor|p2a: Garchomp\n|-supereffective|p2a: Garchomp\n|-damage|p2a: Garchomp|1\/100\n|-unboost|p1a: Cheap Nuke|spa|2\n|move|p2a: Garchomp|Scale Shot|p1a: Cheap Nuke\n|-supereffective|p1a: Cheap Nuke\n|-damage|p1a: Cheap Nuke|0 fnt\n|faint|p1a: Cheap Nuke\n|-end|p1a: Cheap Nuke|Protosynthesis|[silent]\n|-hitcount|p1: Cheap Nuke|1\n|-unboost|p2a: Garchomp|def|1\n|-boost|p2a: Garchomp|spe|1\n|\n|upkeep\n|\n|t:|1700224263\n|switch|p1a: Cheap Drums|Rillaboom, F|100\/100\n|-fieldstart|move: Grassy Terrain|[from] ability: Grassy Surge|[of] p1a: Cheap Drums\n|turn|11\n|\n|t:|1700224268\n|move|p1a: Cheap Drums|Grassy Glide|p2a: Garchomp\n|-damage|p2a: Garchomp|0 fnt\n|-damage|p1a: Cheap Drums|88\/100|[from] ability: Rough Skin|[of] p2a: Garchomp\n|faint|p2a: Garchomp\n|\n|-heal|p1a: Cheap Drums|94\/100|[from] Grassy Terrain\n|upkeep\n|\n|t:|1700224273\n|switch|p2a: Iron Moth|Iron Moth, tera:Grass|87\/100\n|turn|12\n|\n|t:|1700224286\n|-terastallize|p1a: Cheap Drums|Water\n|move|p2a: Iron Moth|Fire Blast|p1a: Cheap Drums\n|-resisted|p1a: Cheap Drums\n|-crit|p1a: Cheap Drums\n|-damage|p1a: Cheap Drums|60\/100\n|-status|p1a: Cheap Drums|brn\n|move|p1a: Cheap Drums|U-turn|p2a: Iron Moth\n|-supereffective|p2a: Iron Moth\n|-damage|p2a: Iron Moth|54\/100\n|\n|t:|1700224303\n|switch|p1a: Cheap Fuck You|Hatterene, F, shiny|100\/100|[from] U-turn\n|-enditem|p1a: Cheap Fuck You|Grassy Seed\n|-boost|p1a: Cheap Fuck You|def|1|[from] item: Grassy Seed\n|\n|-heal|p2a: Iron Moth|60\/100|[from] Grassy Terrain\n|upkeep\n|turn|13\n|\n|t:|1700224312\n|-end|p2a: Iron Moth|Quark Drive|[silent]\n|switch|p2a: Slowking|Slowking-Galar, M|100\/100\n|move|p1a: Cheap Fuck You|Calm Mind|p1a: Cheap Fuck You\n|-boost|p1a: Cheap Fuck You|spa|1\n|-boost|p1a: Cheap Fuck You|spd|1\n|\n|upkeep\n|turn|14\n|\n|t:|1700224317\n|move|p2a: Slowking|Sludge Bomb|p1a: Cheap Fuck You\n|-supereffective|p1a: Cheap Fuck You\n|-damage|p1a: Cheap Fuck You|68\/100\n|move|p1a: Cheap Fuck You|Calm Mind|p1a: Cheap Fuck You\n|-boost|p1a: Cheap Fuck You|spa|1\n|-boost|p1a: Cheap Fuck You|spd|1\n|\n|-heal|p1a: Cheap Fuck You|74\/100|[from] Grassy Terrain\n|upkeep\n|turn|15\n|\n|t:|1700224322\n|move|p2a: Slowking|Chilly Reception|p2a: Slowking\n|-weather|Snow\n|\n|t:|1700224324\n|switch|p2a: Ting-Lu|Ting-Lu|100\/100|[from] Chilly Reception\n|-ability|p2a: Ting-Lu|Vessel of Ruin\n|move|p1a: Cheap Fuck You|Calm Mind|p1a: Cheap Fuck You\n|-boost|p1a: Cheap Fuck You|spa|1\n|-boost|p1a: Cheap Fuck You|spd|1\n|\n|-weather|Snow|[upkeep]\n|-heal|p1a: Cheap Fuck You|80\/100|[from] Grassy Terrain\n|-fieldend|move: Grassy Terrain\n|upkeep\n|turn|16\n|\n|t:|1700224333\n|move|p2a: Ting-Lu|Ruination|p1a: Cheap Fuck You|[miss]\n|-miss|p2a: Ting-Lu|p1a: Cheap Fuck You\n|move|p1a: Cheap Fuck You|Draining Kiss|p2a: Ting-Lu\n|-supereffective|p2a: Ting-Lu\n|-damage|p2a: Ting-Lu|50\/100\n|-heal|p1a: Cheap Fuck You|100\/100|[from] drain|[of] p2a: Ting-Lu\n|\n|-weather|Snow|[upkeep]\n|-heal|p2a: Ting-Lu|56\/100|[from] item: Leftovers\n|upkeep\n|turn|17\n|-message|GuiJiXia forfeited.\n|\n|win|Lasagna Crustle\n|raw|Lasagna Crustle's rating: 1383 &rarr; <strong>1400<\/strong><br \/>(+17 for winning)\n|raw|GuiJiXia's rating: 1326 &rarr; <strong>1309<\/strong><br \/>(-17 for losing)\n|l|\u2606GuiJiXia\n","uploadtime":1700224347,"views":10,"p1id":"lasagnacrustle","p2id":"guijixia","formatid":"gen9ou","rating":1309,"private":0,"password":""}