{"id":"gen9ou-2000369746","p1":"Dracu23","p2":"PsyberK","format":"[Gen 9] OU","log":"|j|\u2606Dracu23\n|j|\u2606PsyberK\n|t:|1701189042\n|gametype|singles\n|player|p1|Dracu23|silver|1367\n|player|p2|PsyberK|lucas|1282\n|teamsize|p1|6\n|teamsize|p2|6\n|gen|9\n|tier|[Gen 9] OU\n|rated|\n|rule|Sleep Clause Mod: Limit one foe put to sleep\n|rule|Species Clause: Limit one of each Pok\u00e9mon\n|rule|OHKO Clause: OHKO moves are banned\n|rule|Evasion Items Clause: Evasion items are banned\n|rule|Evasion Moves Clause: Evasion moves are banned\n|rule|Endless Battle Clause: Forcing endless battles is banned\n|rule|HP Percentage Mod: HP is shown in percentages\n|clearpoke\n|poke|p1|Kingambit, F|\n|poke|p1|Zamazenta-*|\n|poke|p1|Iron Valiant|\n|poke|p1|Iron Moth|\n|poke|p1|Ogerpon-Wellspring, F|\n|poke|p1|Samurott-Hisui, M|\n|poke|p2|Iron Hands|\n|poke|p2|Ceruledge, F|\n|poke|p2|Rillaboom, F|\n|poke|p2|Iron Moth|\n|poke|p2|Kingambit, M|\n|poke|p2|Ogerpon-Cornerstone, F|\n|teampreview\n|inactive|Battle timer is ON: inactive players will automatically lose when time's up. (requested by Dracu23)\n|\n|t:|1701189063\n|start\n|switch|p1a: Samurott|Samurott-Hisui, M|100\/100\n|switch|p2a: Iron Hands|Iron Hands|100\/100\n|turn|1\n|\n|t:|1701189074\n|move|p1a: Samurott|Ceaseless Edge|p2a: Iron Hands\n|-resisted|p2a: Iron Hands\n|-damage|p2a: Iron Hands|86\/100\n|-sidestart|p2: PsyberK|Spikes\n|move|p2a: Iron Hands|Drain Punch|p1a: Samurott\n|-supereffective|p1a: Samurott\n|-enditem|p1a: Samurott|Focus Sash\n|-damage|p1a: Samurott|1\/100\n|-heal|p2a: Iron Hands|100\/100|[from] drain|[of] p1a: Samurott\n|\n|upkeep\n|turn|2\n|\n|t:|1701189082\n|move|p1a: Samurott|Ceaseless Edge|p2a: Iron Hands\n|-resisted|p2a: Iron Hands\n|-damage|p2a: Iron Hands|86\/100\n|-sidestart|p2: PsyberK|Spikes\n|move|p2a: Iron Hands|Drain Punch|p1a: Samurott\n|-supereffective|p1a: Samurott\n|-damage|p1a: Samurott|0 fnt\n|-heal|p2a: Iron Hands|86\/100|[from] drain|[of] p1a: Samurott\n|faint|p1a: Samurott\n|\n|-heal|p2a: Iron Hands|92\/100|[from] item: Leftovers\n|upkeep\n|\n|t:|1701189086\n|switch|p1a: Zamazenta|Zamazenta|100\/100\n|-ability|p1a: Zamazenta|Dauntless Shield|boost\n|-boost|p1a: Zamazenta|def|1\n|turn|3\n|\n|t:|1701189090\n|move|p1a: Zamazenta|Substitute|p1a: Zamazenta\n|-start|p1a: Zamazenta|Substitute\n|-damage|p1a: Zamazenta|76\/100\n|move|p2a: Iron Hands|Swords Dance|p2a: Iron Hands\n|-boost|p2a: Iron Hands|atk|2\n|\n|-heal|p1a: Zamazenta|82\/100|[from] item: Leftovers\n|-heal|p2a: Iron Hands|98\/100|[from] item: Leftovers\n|upkeep\n|turn|4\n|\n|t:|1701189094\n|move|p1a: Zamazenta|Iron Defense|p1a: Zamazenta\n|-boost|p1a: Zamazenta|def|2\n|move|p2a: Iron Hands|Swords Dance|p2a: Iron Hands\n|-boost|p2a: Iron Hands|atk|2\n|\n|-heal|p1a: Zamazenta|88\/100|[from] item: Leftovers\n|-heal|p2a: Iron Hands|100\/100|[from] item: Leftovers\n|upkeep\n|turn|5\n|\n|t:|1701189098\n|move|p1a: Zamazenta|Iron Defense|p1a: Zamazenta\n|-boost|p1a: Zamazenta|def|2\n|move|p2a: Iron Hands|Swords Dance|p2a: Iron Hands\n|-boost|p2a: Iron Hands|atk|2\n|\n|-heal|p1a: Zamazenta|94\/100|[from] item: Leftovers\n|upkeep\n|turn|6\n|\n|t:|1701189104\n|move|p1a: Zamazenta|Body Press|p2a: Iron Hands\n|-damage|p2a: Iron Hands|8\/100\n|move|p2a: Iron Hands|Drain Punch|p1a: Zamazenta\n|-end|p1a: Zamazenta|Substitute\n|-heal|p2a: Iron Hands|17\/100|[from] drain|[of] p1a: Zamazenta\n|\n|-heal|p1a: Zamazenta|99\/100|[from] item: Leftovers\n|-heal|p2a: Iron Hands|23\/100|[from] item: Leftovers\n|upkeep\n|turn|7\n|\n|t:|1701189116\n|move|p1a: Zamazenta|Body Press|p2a: Iron Hands\n|-damage|p2a: Iron Hands|0 fnt\n|faint|p2a: Iron Hands\n|-end|p2a: Iron Hands|Quark Drive|[silent]\n|\n|-heal|p1a: Zamazenta|100\/100|[from] item: Leftovers\n|upkeep\n|\n|t:|1701189122\n|switch|p2a: Iron Moth|Iron Moth|100\/100\n|-damage|p2a: Iron Moth|84\/100|[from] Spikes\n|-enditem|p2a: Iron Moth|Booster Energy\n|-activate|p2a: Iron Moth|ability: Quark Drive|[fromitem]\n|-start|p2a: Iron Moth|quarkdrivespe\n|turn|8\n|\n|t:|1701189127\n|-terastallize|p1a: Zamazenta|Fire\n|move|p2a: Iron Moth|Substitute|p2a: Iron Moth\n|-start|p2a: Iron Moth|Substitute\n|-damage|p2a: Iron Moth|59\/100\n|move|p1a: Zamazenta|Body Press|p2a: Iron Moth\n|-resisted|p2a: Iron Moth\n|-end|p2a: Iron Moth|Substitute\n|\n|upkeep\n|turn|9\n|\n|t:|1701189141\n|move|p2a: Iron Moth|Sludge Wave|p1a: Zamazenta\n|-crit|p1a: Zamazenta\n|-damage|p1a: Zamazenta|29\/100\n|move|p1a: Zamazenta|Body Press|p2a: Iron Moth\n|-resisted|p2a: Iron Moth\n|-damage|p2a: Iron Moth|0 fnt\n|faint|p2a: Iron Moth\n|-end|p2a: Iron Moth|Quark Drive|[silent]\n|\n|-heal|p1a: Zamazenta|35\/100|[from] item: Leftovers\n|upkeep\n|\n|t:|1701189161\n|switch|p2a: Ogerpon|Ogerpon-Cornerstone, F|100\/100\n|-damage|p2a: Ogerpon|84\/100|[from] Spikes\n|turn|10\n|\n|t:|1701189168\n|move|p1a: Zamazenta|Body Press|p2a: Ogerpon\n|-supereffective|p2a: Ogerpon\n|-damage|p2a: Ogerpon|0 fnt\n|faint|p2a: Ogerpon\n|\n|-heal|p1a: Zamazenta|41\/100|[from] item: Leftovers\n|upkeep\n|\n|t:|1701189172\n|switch|p2a: Rillaboom|Rillaboom, F|100\/100\n|-damage|p2a: Rillaboom|84\/100|[from] Spikes\n|-fieldstart|move: Grassy Terrain|[from] ability: Grassy Surge|[of] p2a: Rillaboom\n|-enditem|p2a: Rillaboom|Grassy Seed\n|-boost|p2a: Rillaboom|def|1|[from] item: Grassy Seed\n|turn|11\n|\n|t:|1701189175\n|move|p1a: Zamazenta|Body Press|p2a: Rillaboom\n|-damage|p2a: Rillaboom|2\/100\n|move|p2a: Rillaboom|High Horsepower|p1a: Zamazenta\n|-supereffective|p1a: Zamazenta\n|-damage|p1a: Zamazenta|25\/100\n|\n|-heal|p1a: Zamazenta|32\/100|[from] Grassy Terrain\n|-heal|p1a: Zamazenta|38\/100|[from] item: Leftovers\n|-heal|p2a: Rillaboom|8\/100|[from] Grassy Terrain\n|upkeep\n|turn|12\n|\n|t:|1701189184\n|move|p2a: Rillaboom|Grassy Glide|p1a: Zamazenta\n|-resisted|p1a: Zamazenta\n|-damage|p1a: Zamazenta|34\/100\n|move|p1a: Zamazenta|Body Press|p2a: Rillaboom\n|-damage|p2a: Rillaboom|0 fnt\n|faint|p2a: Rillaboom\n|\n|-heal|p1a: Zamazenta|40\/100|[from] Grassy Terrain\n|-heal|p1a: Zamazenta|46\/100|[from] item: Leftovers\n|upkeep\n|\n|t:|1701189188\n|switch|p2a: Kingambit|Kingambit, M|100\/100\n|-damage|p2a: Kingambit|84\/100|[from] Spikes\n|-activate|p2a: Kingambit|ability: Supreme Overlord\n|-start|p2a: Kingambit|fallen4|[silent]\n|turn|13\n|\n|t:|1701189198\n|-terastallize|p2a: Kingambit|Fairy\n|move|p1a: Zamazenta|Body Press|p2a: Kingambit\n|-resisted|p2a: Kingambit\n|-damage|p2a: Kingambit|33\/100\n|move|p2a: Kingambit|Kowtow Cleave|p1a: Zamazenta\n|-damage|p1a: Zamazenta|29\/100\n|\n|-heal|p1a: Zamazenta|36\/100|[from] Grassy Terrain\n|-heal|p1a: Zamazenta|42\/100|[from] item: Leftovers\n|-heal|p2a: Kingambit|39\/100|[from] Grassy Terrain\n|upkeep\n|turn|14\n|\n|t:|1701189207\n|move|p2a: Kingambit|Sucker Punch|p1a: Zamazenta\n|-damage|p1a: Zamazenta|28\/100\n|move|p1a: Zamazenta|Body Press|p2a: Kingambit\n|-resisted|p2a: Kingambit\n|-damage|p2a: Kingambit|0 fnt\n|faint|p2a: Kingambit\n|-end|p2a: Kingambit|fallen4|[silent]\n|\n|-heal|p1a: Zamazenta|34\/100|[from] Grassy Terrain\n|-heal|p1a: Zamazenta|40\/100|[from] item: Leftovers\n|upkeep\n|\n|t:|1701189209\n|switch|p2a: Ceruledge|Ceruledge, F|100\/100\n|-damage|p2a: Ceruledge|84\/100|[from] Spikes\n|turn|15\n|\n|t:|1701189212\n|move|p1a: Zamazenta|Crunch|p2a: Ceruledge\n|-supereffective|p2a: Ceruledge\n|-damage|p2a: Ceruledge|6\/100\n|-unboost|p2a: Ceruledge|def|1\n|-ability|p2a: Ceruledge|Weak Armor|boost\n|-unboost|p2a: Ceruledge|def|1\n|-boost|p2a: Ceruledge|spe|2\n|move|p2a: Ceruledge|Swords Dance|p2a: Ceruledge\n|-boost|p2a: Ceruledge|atk|2\n|\n|-heal|p2a: Ceruledge|13\/100|[from] Grassy Terrain\n|-heal|p1a: Zamazenta|46\/100|[from] Grassy Terrain\n|-heal|p1a: Zamazenta|52\/100|[from] item: Leftovers\n|-fieldend|move: Grassy Terrain\n|upkeep\n|turn|16\n|\n|t:|1701189218\n|move|p2a: Ceruledge|Poltergeist|p1a: Zamazenta\n|-activate|p1a: Zamazenta|move: Poltergeist|Leftovers\n|-damage|p1a: Zamazenta|23\/100\n|move|p1a: Zamazenta|Crunch|p2a: Ceruledge\n|-supereffective|p2a: Ceruledge\n|-damage|p2a: Ceruledge|0 fnt\n|faint|p2a: Ceruledge\n|\n|win|Dracu23\n|raw|Dracu23's rating: 1367 &rarr; <strong>1382<\/strong><br \/>(+15 for winning)\n|raw|PsyberK's rating: 1282 &rarr; <strong>1263<\/strong><br \/>(-19 for losing)\n|l|\u2606PsyberK\n","uploadtime":1701189225,"views":2,"p1id":"dracu23","p2id":"psyberk","formatid":"gen9ou","rating":1263,"private":0,"password":""}