{"id":"gen9ou-1992101994","p1":"lucaless","p2":"TheConorLiam","format":"[Gen 9] OU","log":"|j|\u2606lucaless\n|j|\u2606TheConorLiam\n|t:|1700155249\n|gametype|singles\n|player|p1|lucaless|101|1191\n|player|p2|TheConorLiam|265|1105\n|teamsize|p1|6\n|teamsize|p2|6\n|gen|9\n|tier|[Gen 9] OU\n|rated|\n|rule|Sleep Clause Mod: Limit one foe put to sleep\n|rule|Species Clause: Limit one of each Pok\u00e9mon\n|rule|OHKO Clause: OHKO moves are banned\n|rule|Evasion Items Clause: Evasion items are banned\n|rule|Evasion Moves Clause: Evasion moves are banned\n|rule|Endless Battle Clause: Forcing endless battles is banned\n|rule|HP Percentage Mod: HP is shown in percentages\n|clearpoke\n|poke|p1|Maushold-Four|\n|poke|p1|Moltres-Galar|\n|poke|p1|Glimmora, M|\n|poke|p1|Iron Valiant|\n|poke|p1|Gholdengo|\n|poke|p1|Iron Hands|\n|poke|p2|Azumarill, F|\n|poke|p2|Cinderace, M|\n|poke|p2|Enamorus, F|\n|poke|p2|Breloom, F|\n|poke|p2|Maushold-Four|\n|poke|p2|Dragonite, F|\n|teampreview\n|inactive|Battle timer is ON: inactive players will automatically lose when time's up. (requested by lucaless)\n|\n|t:|1700155261\n|start\n|switch|p1a: Glimmora|Glimmora, M|100\/100\n|switch|p2a: Breloom|Breloom, F, shiny|100\/100\n|turn|1\n|\n|t:|1700155267\n|move|p1a: Glimmora|Sludge Bomb|p2a: Breloom\n|-supereffective|p2a: Breloom\n|-damage|p2a: Breloom|0 fnt\n|faint|p2a: Breloom\n|\n|upkeep\n|\n|t:|1700155272\n|switch|p2a: Enamorus|Enamorus, F|100\/100\n|turn|2\n|\n|t:|1700155276\n|-terastallize|p2a: Enamorus|Steel\n|move|p2a: Enamorus|Superpower|p1a: Glimmora\n|-damage|p1a: Glimmora|58\/100\n|-boost|p2a: Enamorus|atk|1\n|-boost|p2a: Enamorus|def|1\n|-activate|p1a: Glimmora|ability: Toxic Debris\n|-sidestart|p2: TheConorLiam|move: Toxic Spikes\n|move|p1a: Glimmora|Sludge Bomb|p2a: Enamorus\n|-immune|p2a: Enamorus\n|\n|upkeep\n|turn|3\n|\n|t:|1700155286\n|move|p2a: Enamorus|Superpower|p1a: Glimmora\n|-damage|p1a: Glimmora|0 fnt\n|-boost|p2a: Enamorus|atk|1\n|-boost|p2a: Enamorus|def|1\n|-activate|p1a: Glimmora|ability: Toxic Debris\n|-sidestart|p2: TheConorLiam|move: Toxic Spikes\n|faint|p1a: Glimmora\n|\n|upkeep\n|\n|t:|1700155297\n|switch|p1a: Iron Valiant|Iron Valiant|100\/100\n|turn|4\n|\n|t:|1700155301\n|move|p2a: Enamorus|Iron Head|p1a: Iron Valiant\n|-supereffective|p1a: Iron Valiant\n|-damage|p1a: Iron Valiant|0 fnt\n|faint|p1a: Iron Valiant\n|-end|p1a: Iron Valiant|Quark Drive|[silent]\n|\n|upkeep\n|\n|t:|1700155306\n|switch|p1a: Gholdengo|Gholdengo|100\/100\n|turn|5\n|inactive|TheConorLiam has 120 seconds left.\n|\n|t:|1700155337\n|move|p2a: Enamorus|Zen Headbutt|p1a: Gholdengo\n|-resisted|p1a: Gholdengo\n|-damage|p1a: Gholdengo|77\/100\n|move|p1a: Gholdengo|Thunder Wave|p2a: Enamorus\n|-status|p2a: Enamorus|par\n|\n|-heal|p1a: Gholdengo|83\/100|[from] item: Leftovers\n|upkeep\n|turn|6\n|\n|t:|1700155347\n|move|p1a: Gholdengo|Hex|p2a: Enamorus\n|-damage|p2a: Enamorus|0 fnt\n|faint|p2a: Enamorus\n|\n|-heal|p1a: Gholdengo|89\/100|[from] item: Leftovers\n|upkeep\n|\n|t:|1700155353\n|switch|p2a: Cinderace|Cinderace, M|100\/100\n|-status|p2a: Cinderace|tox\n|turn|7\n|\n|t:|1700155359\n|move|p2a: Cinderace|Pyro Ball|p1a: Gholdengo\n|-supereffective|p1a: Gholdengo\n|-damage|p1a: Gholdengo|0 fnt\n|faint|p1a: Gholdengo\n|-damage|p2a: Cinderace|91\/100 tox|[from] item: Life Orb\n|\n|-damage|p2a: Cinderace|85\/100 tox|[from] psn\n|upkeep\n|\n|t:|1700155363\n|switch|p1a: Iron Hands|Iron Hands|100\/100\n|turn|8\n|\n|t:|1700155383\n|move|p2a: Cinderace|Pyro Ball|p1a: Iron Hands\n|-damage|p1a: Iron Hands|58\/100\n|-damage|p2a: Cinderace|75\/100 tox|[from] item: Life Orb\n|move|p1a: Iron Hands|Drain Punch|p2a: Cinderace\n|-damage|p2a: Cinderace|20\/100 tox\n|-heal|p1a: Iron Hands|74\/100|[from] drain|[of] p2a: Cinderace\n|\n|-damage|p2a: Cinderace|8\/100 tox|[from] psn\n|upkeep\n|turn|9\n|\n|t:|1700155393\n|switch|p2a: Azumarill|Azumarill, F|100\/100\n|-status|p2a: Azumarill|tox\n|move|p1a: Iron Hands|Swords Dance|p1a: Iron Hands\n|-boost|p1a: Iron Hands|atk|2\n|\n|-damage|p2a: Azumarill|94\/100 tox|[from] psn\n|upkeep\n|turn|10\n|\n|t:|1700155402\n|move|p2a: Azumarill|Play Rough|p1a: Iron Hands\n|-supereffective|p1a: Iron Hands\n|-damage|p1a: Iron Hands|0 fnt\n|faint|p1a: Iron Hands\n|-end|p1a: Iron Hands|Quark Drive|[silent]\n|\n|-damage|p2a: Azumarill|82\/100 tox|[from] psn\n|upkeep\n|\n|t:|1700155409\n|switch|p1a: Maushold|Maushold-Four|100\/100\n|turn|11\n|\n|t:|1700155413\n|move|p1a: Maushold|Bullet Seed|p2a: Azumarill\n|-supereffective|p2a: Azumarill\n|-damage|p2a: Azumarill|67\/100 tox\n|-supereffective|p2a: Azumarill\n|-damage|p2a: Azumarill|52\/100 tox\n|-hitcount|p2a: Azumarill|2\n|move|p2a: Azumarill|Body Slam|p1a: Maushold\n|-damage|p1a: Maushold|60\/100\n|-status|p1a: Maushold|par\n|\n|-damage|p2a: Azumarill|33\/100 tox|[from] psn\n|upkeep\n|turn|12\n|\n|t:|1700155425\n|switch|p2a: Maushold|Maushold-Four|100\/100\n|-status|p2a: Maushold|tox\n|cant|p1a: Maushold|par\n|\n|-damage|p2a: Maushold|94\/100 tox|[from] psn\n|upkeep\n|turn|13\n|\n|t:|1700155432\n|move|p2a: Maushold|Tidy Up|p2a: Maushold\n|-sideend|p2: TheConorLiam|Toxic Spikes\n|-activate|p2a: Maushold|move: Tidy Up\n|-boost|p2a: Maushold|atk|1\n|-boost|p2a: Maushold|spe|1\n|move|p1a: Maushold|Population Bomb|p2a: Maushold\n|-damage|p2a: Maushold|79\/100 tox\n|-damage|p2a: Maushold|63\/100 tox\n|-damage|p2a: Maushold|48\/100 tox\n|-damage|p2a: Maushold|32\/100 tox\n|-crit|p2a: Maushold\n|-damage|p2a: Maushold|9\/100 tox\n|-damage|p2a: Maushold|0 fnt\n|faint|p2a: Maushold\n|-hitcount|p2: Maushold|6\n|\n|upkeep\n|\n|t:|1700155450\n|switch|p2a: Dragonite|Dragonite, F|100\/100\n|turn|14\n|\n|t:|1700155456\n|move|p2a: Dragonite|Extreme Speed|p1a: Maushold\n|-damage|p1a: Maushold|15\/100 par\n|move|p1a: Maushold|Thunder Wave|p2a: Dragonite\n|-status|p2a: Dragonite|par\n|\n|upkeep\n|turn|15\n|\n|t:|1700155462\n|move|p2a: Dragonite|Extreme Speed|p1a: Maushold\n|-damage|p1a: Maushold|0 fnt\n|faint|p1a: Maushold\n|\n|upkeep\n|\n|t:|1700155464\n|switch|p1a: Moltres|Moltres-Galar|100\/100\n|turn|16\n|\n|t:|1700155470\n|switch|p2a: Azumarill|Azumarill, F|33\/100 tox\n|move|p1a: Moltres|Nasty Plot|p1a: Moltres\n|-boost|p1a: Moltres|spa|2\n|\n|-damage|p2a: Azumarill|27\/100 tox|[from] psn\n|upkeep\n|turn|17\n|\n|t:|1700155486\n|-terastallize|p1a: Moltres|Steel\n|move|p1a: Moltres|Air Slash|p2a: Azumarill\n|-damage|p2a: Azumarill|0 fnt\n|faint|p2a: Azumarill\n|\n|upkeep\n|\n|t:|1700155495\n|switch|p2a: Cinderace|Cinderace, M|8\/100 tox\n|turn|18\n|\n|t:|1700155498\n|move|p1a: Moltres|Sucker Punch|p2a: Cinderace\n|-damage|p2a: Cinderace|0 fnt\n|faint|p2a: Cinderace\n|\n|upkeep\n|\n|t:|1700155502\n|switch|p2a: Dragonite|Dragonite, F|100\/100 par\n|turn|19\n|\n|t:|1700155506\n|move|p1a: Moltres|Fiery Wrath|p2a: Dragonite\n|-damage|p2a: Dragonite|27\/100 par\n|move|p2a: Dragonite|Facade|p1a: Moltres\n|-resisted|p1a: Moltres\n|-damage|p1a: Moltres|66\/100\n|\n|upkeep\n|turn|20\n|-message|TheConorLiam forfeited.\n|\n|win|lucaless\n|raw|lucaless's rating: 1191 &rarr; <strong>1210<\/strong><br \/>(+19 for winning)\n|raw|TheConorLiam's rating: 1105 &rarr; <strong>1086<\/strong><br \/>(-19 for losing)\n|l|\u2606TheConorLiam\n","uploadtime":1700155536,"views":25,"p1id":"lucaless","p2id":"theconorliam","formatid":"gen9ou","rating":1086,"private":0,"password":""}