{"id":"gen9ou-1993549144","p1":"ichigo39","p2":"Dawdumdum","format":"[Gen 9] OU","log":"|j|\u2606ichigo39\n|j|\u2606Dawdumdum\n|t:|1700330595\n|gametype|singles\n|player|p1|ichigo39|bugcatcher-gen4dp|1053\n|player|p2|Dawdumdum|diantha|1000\n|teamsize|p1|6\n|teamsize|p2|6\n|gen|9\n|tier|[Gen 9] OU\n|rated|\n|rule|Sleep Clause Mod: Limit one foe put to sleep\n|rule|Species Clause: Limit one of each Pok\u00e9mon\n|rule|OHKO Clause: OHKO moves are banned\n|rule|Evasion Items Clause: Evasion items are banned\n|rule|Evasion Moves Clause: Evasion moves are banned\n|rule|Endless Battle Clause: Forcing endless battles is banned\n|rule|HP Percentage Mod: HP is shown in percentages\n|clearpoke\n|poke|p1|Alomomola, F|\n|poke|p1|Slowking-Galar, F|\n|poke|p1|Kingambit, F|\n|poke|p1|Great Tusk|\n|poke|p1|Cinderace, F|\n|poke|p1|Thundurus-Therian, M|\n|poke|p2|Leavanny, F|\n|poke|p2|Mamoswine, M|\n|poke|p2|Cresselia, F|\n|poke|p2|Torkoal, M|\n|poke|p2|Samurott-Hisui, M|\n|poke|p2|Haxorus, M|\n|teampreview\n|\n|t:|1700330617\n|start\n|switch|p1a: Rizz|Thundurus-Therian, M|100\/100\n|switch|p2a: Mamoswine|Mamoswine, M|100\/100\n|turn|1\n|\n|t:|1700330627\n|move|p1a: Rizz|Grass Knot|p2a: Mamoswine\n|-supereffective|p2a: Mamoswine\n|-enditem|p2a: Mamoswine|Focus Sash\n|-damage|p2a: Mamoswine|1\/100\n|move|p2a: Mamoswine|Icicle Crash|p1a: Rizz\n|-supereffective|p1a: Rizz\n|-damage|p1a: Rizz|0 fnt\n|faint|p1a: Rizz\n|\n|upkeep\n|\n|t:|1700330636\n|switch|p1a: W|Cinderace, F|100\/100\n|turn|2\n|\n|t:|1700330639\n|move|p1a: W|U-turn|p2a: Mamoswine\n|-start|p1a: W|typechange|Bug|[from] ability: Libero\n|-damage|p2a: Mamoswine|0 fnt\n|faint|p2a: Mamoswine\n|\n|t:|1700330650\n|switch|p1a: Finna|Alomomola, F|100\/100|[from] U-turn\n|\n|upkeep\n|\n|t:|1700330653\n|switch|p2a: Haxorus|Haxorus, M, shiny|100\/100\n|-ability|p2a: Haxorus|Mold Breaker\n|turn|3\n|\n|t:|1700330662\n|move|p2a: Haxorus|Dragon Dance|p2a: Haxorus\n|-boost|p2a: Haxorus|atk|1\n|-boost|p2a: Haxorus|spe|1\n|move|p1a: Finna|Flip Turn|p2a: Haxorus\n|-resisted|p2a: Haxorus\n|-damage|p2a: Haxorus|90\/100\n|\n|t:|1700330683\n|switch|p1a: Yas Queen|Slowking-Galar, F|100\/100|[from] Flip Turn\n|\n|upkeep\n|turn|4\n|\n|t:|1700330697\n|move|p2a: Haxorus|Earthquake|p1a: Yas Queen\n|-supereffective|p1a: Yas Queen\n|-crit|p1a: Yas Queen\n|-damage|p1a: Yas Queen|0 fnt\n|faint|p1a: Yas Queen\n|\n|upkeep\n|\n|t:|1700330703\n|switch|p1a: Finna|Alomomola, F|100\/100\n|turn|5\n|\n|t:|1700330715\n|move|p2a: Haxorus|Outrage|p1a: Finna\n|-damage|p1a: Finna|35\/100\n|-enditem|p1a: Finna|Red Card|[of] p2a: Haxorus\n|drag|p2a: Samurott|Samurott-Hisui, M|100\/100\n|move|p1a: Finna|Acrobatics|p2a: Samurott\n|-damage|p2a: Samurott|75\/100\n|\n|upkeep\n|turn|6\n|\n|t:|1700330730\n|move|p2a: Samurott|Ceaseless Edge|p1a: Finna\n|-damage|p1a: Finna|6\/100\n|-sidestart|p1: ichigo39|Spikes\n|move|p1a: Finna|Flip Turn|p2a: Samurott\n|-resisted|p2a: Samurott\n|-damage|p2a: Samurott|65\/100\n|\n|t:|1700330737\n|switch|p1a: Bussin|Great Tusk|100\/100|[from] Flip Turn\n|-damage|p1a: Bussin|88\/100|[from] Spikes\n|\n|upkeep\n|turn|7\n|\n|t:|1700330745\n|move|p1a: Bussin|Rapid Spin|p2a: Samurott\n|-damage|p2a: Samurott|43\/100\n|-boost|p1a: Bussin|spe|1\n|-sideend|p1: ichigo39|Spikes|[from] move: Rapid Spin|[of] p1a: Bussin\n|move|p2a: Samurott|Air Slash|p1a: Bussin\n|-supereffective|p1a: Bussin\n|-damage|p1a: Bussin|14\/100\n|\n|upkeep\n|turn|8\n|\n|t:|1700330752\n|move|p1a: Bussin|Headlong Rush|p2a: Samurott\n|-damage|p2a: Samurott|0 fnt\n|-unboost|p1a: Bussin|def|1\n|-unboost|p1a: Bussin|spd|1\n|faint|p2a: Samurott\n|\n|upkeep\n|\n|t:|1700330764\n|switch|p2a: Cresselia|Cresselia, F|100\/100\n|turn|9\n|\n|t:|1700330778\n|move|p1a: Bussin|Stealth Rock|p2a: Cresselia\n|-sidestart|p2: Dawdumdum|move: Stealth Rock\n|move|p2a: Cresselia|Calm Mind|p2a: Cresselia\n|-boost|p2a: Cresselia|spa|1\n|-boost|p2a: Cresselia|spd|1\n|\n|upkeep\n|turn|10\n|\n|t:|1700330785\n|-end|p1a: Bussin|Protosynthesis|[silent]\n|switch|p1a: Finna|Alomomola, F|40\/100\n|move|p2a: Cresselia|Future Sight|p1a: Finna\n|-start|p2a: Cresselia|move: Future Sight\n|\n|upkeep\n|turn|11\n|\n|t:|1700330791\n|move|p2a: Cresselia|Moonblast|p1a: Finna\n|-damage|p1a: Finna|9\/100\n|move|p1a: Finna|Wish|p1a: Finna\n|\n|upkeep\n|turn|12\n|\n|t:|1700330799\n|switch|p1a: Slay|Kingambit, F|100\/100\n|-activate|p1a: Slay|ability: Supreme Overlord\n|-start|p1a: Slay|fallen2|[silent]\n|move|p2a: Cresselia|Substitute|p2a: Cresselia\n|-start|p2a: Cresselia|Substitute\n|-damage|p2a: Cresselia|75\/100\n|\n|-end|p1a: Slay|move: Future Sight\n|-immune|p1a: Slay\n|upkeep\n|turn|13\n|\n|t:|1700330808\n|-end|p1a: Slay|fallen2|[silent]\n|switch|p1a: Bussin|Great Tusk|14\/100\n|move|p2a: Cresselia|Calm Mind|p2a: Cresselia\n|-boost|p2a: Cresselia|spa|1\n|-boost|p2a: Cresselia|spd|1\n|\n|upkeep\n|turn|14\n|\n|t:|1700330820\n|move|p1a: Bussin|Rapid Spin|p2a: Cresselia\n|-activate|p2a: Cresselia|move: Substitute|[damage]\n|-boost|p1a: Bussin|spe|1\n|move|p2a: Cresselia|Moonblast|p1a: Bussin\n|-supereffective|p1a: Bussin\n|-damage|p1a: Bussin|0 fnt\n|faint|p1a: Bussin\n|-end|p1a: Bussin|Protosynthesis|[silent]\n|\n|upkeep\n|\n|t:|1700330828\n|switch|p1a: Finna|Alomomola, F|42\/100\n|turn|15\n|\n|t:|1700330843\n|move|p2a: Cresselia|Moonblast|p1a: Finna\n|-damage|p1a: Finna|0 fnt\n|faint|p1a: Finna\n|\n|upkeep\n|\n|t:|1700330848\n|switch|p1a: Slay|Kingambit, F|100\/100\n|-activate|p1a: Slay|ability: Supreme Overlord\n|-start|p1a: Slay|fallen4|[silent]\n|turn|16\n|\n|t:|1700330855\n|move|p2a: Cresselia|Calm Mind|p2a: Cresselia\n|-boost|p2a: Cresselia|spa|1\n|-boost|p2a: Cresselia|spd|1\n|move|p1a: Slay|Kowtow Cleave|p2a: Cresselia\n|-supereffective|p2a: Cresselia\n|-end|p2a: Cresselia|Substitute\n|\n|upkeep\n|turn|17\n|\n|t:|1700330871\n|move|p2a: Cresselia|Moonblast|p1a: Slay\n|-damage|p1a: Slay|38\/100\n|move|p1a: Slay|Swords Dance|p1a: Slay\n|-boost|p1a: Slay|atk|2\n|\n|-heal|p1a: Slay|44\/100|[from] item: Leftovers\n|upkeep\n|turn|18\n|\n|t:|1700330882\n|-terastallize|p1a: Slay|Flying\n|move|p2a: Cresselia|Moonblast|p1a: Slay\n|-damage|p1a: Slay|0 fnt\n|faint|p1a: Slay\n|-end|p1a: Slay|fallen4|[silent]\n|\n|upkeep\n|\n|t:|1700330888\n|switch|p1a: W|Cinderace, F|100\/100\n|turn|19\n|\n|t:|1700330893\n|move|p1a: W|Will-O-Wisp|p2a: Cresselia\n|-status|p2a: Cresselia|brn\n|move|p2a: Cresselia|Moonblast|p1a: W\n|-resisted|p1a: W\n|-damage|p1a: W|58\/100\n|-unboost|p1a: W|spa|1\n|\n|-damage|p2a: Cresselia|69\/100 brn|[from] brn\n|upkeep\n|turn|20\n|\n|t:|1700330902\n|move|p1a: W|Pyro Ball|p2a: Cresselia\n|-damage|p2a: Cresselia|30\/100 brn\n|move|p2a: Cresselia|Future Sight|p1a: W\n|-start|p2a: Cresselia|move: Future Sight\n|\n|-damage|p2a: Cresselia|24\/100 brn|[from] brn\n|upkeep\n|turn|21\n|\n|t:|1700330909\n|move|p1a: W|Pyro Ball|p2a: Cresselia\n|-damage|p2a: Cresselia|0 fnt\n|faint|p2a: Cresselia\n|\n|upkeep\n|\n|t:|1700330914\n|switch|p2a: Haxorus|Haxorus, M, shiny|90\/100\n|-damage|p2a: Haxorus|78\/100|[from] Stealth Rock\n|-ability|p2a: Haxorus|Mold Breaker\n|turn|22\n|\n|t:|1700330923\n|move|p1a: W|Will-O-Wisp|p2a: Haxorus\n|-status|p2a: Haxorus|brn\n|move|p2a: Haxorus|Earthquake|p1a: W\n|-supereffective|p1a: W\n|-damage|p1a: W|0 fnt\n|faint|p1a: W\n|\n|win|Dawdumdum\n|raw|ichigo39's rating: 1053 &rarr; <strong>1032<\/strong><br \/>(-21 for losing)\n|raw|Dawdumdum's rating: 1000 &rarr; <strong>1046<\/strong><br \/>(+46 for winning)\n|l|\u2606ichigo39\n|l|\u2606Dawdumdum\n|j|\u2606Dawdumdum\n|player|p2|Dawdumdum|diantha\n","uploadtime":1700331161,"views":8,"p1id":"ichigo39","p2id":"dawdumdum","formatid":"gen9ou","rating":1032,"private":0,"password":""}