{"id":"gen9ou-1990476561","p1":"abuelo666","p2":"Username momento","format":"[Gen 9] OU","log":"|j|\u2606abuelo666\n|j|\u2606Username momento\n|t:|1699974518\n|gametype|singles\n|player|p1|abuelo666|drayden|1469\n|player|p2|Username momento|ninjaboy|1532\n|teamsize|p1|6\n|teamsize|p2|6\n|gen|9\n|tier|[Gen 9] OU\n|rated|\n|rule|Sleep Clause Mod: Limit one foe put to sleep\n|rule|Species Clause: Limit one of each Pok\u00e9mon\n|rule|OHKO Clause: OHKO moves are banned\n|rule|Evasion Items Clause: Evasion items are banned\n|rule|Evasion Moves Clause: Evasion moves are banned\n|rule|Endless Battle Clause: Forcing endless battles is banned\n|rule|HP Percentage Mod: HP is shown in percentages\n|clearpoke\n|poke|p1|Alomomola, F|\n|poke|p1|Slowking-Galar, F|\n|poke|p1|Kingambit, F|\n|poke|p1|Great Tusk|\n|poke|p1|Cinderace, F|\n|poke|p1|Thundurus-Therian, M|\n|poke|p2|Meowscarada, F|\n|poke|p2|Kingambit, F|\n|poke|p2|Zamazenta-*|\n|poke|p2|Great Tusk|\n|poke|p2|Iron Moth|\n|poke|p2|Iron Valiant|\n|teampreview\n|inactive|Battle timer is ON: inactive players will automatically lose when time's up. (requested by abuelo666)\n|\n|t:|1699974527\n|start\n|switch|p1a: Cinderace|Cinderace, F|100\/100\n|switch|p2a: Meowscarada|Meowscarada, F|100\/100\n|turn|1\n|\n|t:|1699974533\n|move|p2a: Meowscarada|U-turn|p1a: Cinderace\n|-start|p2a: Meowscarada|typechange|Bug|[from] ability: Protean\n|-resisted|p1a: Cinderace\n|-damage|p1a: Cinderace|68\/100\n|\n|t:|1699974540\n|switch|p2a: Iron Moth|Iron Moth|100\/100|[from] U-turn\n|-enditem|p2a: Iron Moth|Booster Energy\n|-activate|p2a: Iron Moth|ability: Quark Drive|[fromitem]\n|-start|p2a: Iron Moth|quarkdrivespe\n|move|p1a: Cinderace|U-turn|p2a: Iron Moth\n|-start|p1a: Cinderace|typechange|Bug|[from] ability: Libero\n|-resisted|p2a: Iron Moth\n|-damage|p2a: Iron Moth|86\/100\n|\n|t:|1699974550\n|switch|p1a: Slowking|Slowking-Galar, F|100\/100|[from] U-turn\n|\n|upkeep\n|turn|2\n|\n|t:|1699974554\n|move|p2a: Iron Moth|Fiery Dance|p1a: Slowking\n|-damage|p1a: Slowking|76\/100\n|move|p1a: Slowking|Future Sight|p2a: Iron Moth\n|-start|p1a: Slowking|move: Future Sight\n|\n|upkeep\n|turn|3\n|\n|t:|1699974568\n|move|p2a: Iron Moth|Fiery Dance|p1a: Slowking\n|-damage|p1a: Slowking|52\/100\n|-boost|p2a: Iron Moth|spa|1\n|move|p1a: Slowking|Chilly Reception|p1a: Slowking\n|-weather|Snow\n|\n|t:|1699974574\n|switch|p1a: Alomomola|Alomomola, F|100\/100|[from] Chilly Reception\n|\n|-weather|Snow|[upkeep]\n|upkeep\n|turn|4\n|\n|t:|1699974585\n|-terastallize|p2a: Iron Moth|Ground\n|move|p2a: Iron Moth|Sludge Wave|p1a: Alomomola\n|-damage|p1a: Alomomola|39\/100\n|-enditem|p1a: Alomomola|Red Card|[of] p2a: Iron Moth\n|-end|p2a: Iron Moth|Quark Drive|[silent]\n|drag|p2a: Great Tusk|Great Tusk|100\/100\n|-enditem|p2a: Great Tusk|Booster Energy\n|-activate|p2a: Great Tusk|ability: Protosynthesis|[fromitem]\n|-start|p2a: Great Tusk|protosynthesisatk\n|move|p1a: Alomomola|Flip Turn|p2a: Great Tusk\n|-supereffective|p2a: Great Tusk\n|-damage|p2a: Great Tusk|76\/100\n|\n|t:|1699974599\n|switch|p1a: Cinderace|Cinderace, F|68\/100|[from] Flip Turn\n|\n|-weather|Snow|[upkeep]\n|-end|p2a: Great Tusk|move: Future Sight\n|-supereffective|p2a: Great Tusk\n|-damage|p2a: Great Tusk|0 fnt\n|faint|p2a: Great Tusk\n|-end|p2a: Great Tusk|Protosynthesis|[silent]\n|upkeep\n|\n|t:|1699974606\n|switch|p2a: Meowscarada|Meowscarada, F|100\/100\n|turn|5\n|\n|t:|1699974610\n|move|p2a: Meowscarada|Knock Off|p1a: Cinderace\n|-start|p2a: Meowscarada|typechange|Dark|[from] ability: Protean\n|-damage|p1a: Cinderace|0 fnt\n|-enditem|p1a: Cinderace|Heavy-Duty Boots|[from] move: Knock Off|[of] p2a: Meowscarada\n|faint|p1a: Cinderace\n|\n|-weather|Snow|[upkeep]\n|upkeep\n|\n|t:|1699974621\n|switch|p1a: Alomomola|Alomomola, F|72\/100\n|turn|6\n|\n|t:|1699974625\n|move|p2a: Meowscarada|Knock Off|p1a: Alomomola\n|-damage|p1a: Alomomola|42\/100\n|move|p1a: Alomomola|Flip Turn|p2a: Meowscarada\n|-damage|p2a: Meowscarada|74\/100\n|\n|t:|1699974632\n|switch|p1a: Slowking|Slowking-Galar, F|85\/100|[from] Flip Turn\n|\n|-weather|Snow|[upkeep]\n|upkeep\n|turn|7\n|\n|t:|1699974637\n|switch|p1a: Alomomola|Alomomola, F|76\/100\n|move|p2a: Meowscarada|Knock Off|p1a: Alomomola\n|-damage|p1a: Alomomola|47\/100\n|\n|-weather|none\n|upkeep\n|turn|8\n|\n|t:|1699974642\n|move|p2a: Meowscarada|Knock Off|p1a: Alomomola\n|-damage|p1a: Alomomola|17\/100\n|move|p1a: Alomomola|Wish|p1a: Alomomola\n|\n|upkeep\n|turn|9\n|\n|t:|1699974652\n|switch|p1a: Great Tusk|Great Tusk|100\/100\n|move|p2a: Meowscarada|Knock Off|p1a: Great Tusk\n|-resisted|p1a: Great Tusk\n|-damage|p1a: Great Tusk|78\/100\n|-damage|p2a: Meowscarada|57\/100|[from] item: Rocky Helmet|[of] p1a: Great Tusk\n|-enditem|p1a: Great Tusk|Rocky Helmet|[from] move: Knock Off|[of] p2a: Meowscarada\n|\n|-heal|p1a: Great Tusk|100\/100|[from] move: Wish|[wisher] Alomomola\n|upkeep\n|turn|10\n|\n|t:|1699974666\n|switch|p2a: Zamazenta|Zamazenta|100\/100\n|-ability|p2a: Zamazenta|Dauntless Shield|boost\n|-boost|p2a: Zamazenta|def|1\n|move|p1a: Great Tusk|Rapid Spin|p2a: Zamazenta\n|-damage|p2a: Zamazenta|93\/100\n|-boost|p1a: Great Tusk|spe|1\n|\n|-heal|p2a: Zamazenta|99\/100|[from] item: Leftovers\n|upkeep\n|turn|11\n|\n|t:|1699974676\n|move|p1a: Great Tusk|Stealth Rock|p2a: Zamazenta\n|-sidestart|p2: Username momento|move: Stealth Rock\n|move|p2a: Zamazenta|Iron Defense|p2a: Zamazenta\n|-boost|p2a: Zamazenta|def|2\n|\n|-heal|p2a: Zamazenta|100\/100|[from] item: Leftovers\n|upkeep\n|turn|12\n|\n|t:|1699974682\n|-end|p1a: Great Tusk|Protosynthesis|[silent]\n|switch|p1a: Thundurus|Thundurus-Therian, M|100\/100\n|move|p2a: Zamazenta|Body Press|p1a: Thundurus\n|-resisted|p1a: Thundurus\n|-damage|p1a: Thundurus|17\/100\n|\n|upkeep\n|turn|13\n|-message|abuelo666 forfeited.\n|\n|win|Username momento\n|raw|abuelo666's rating: 1469 &rarr; <strong>1453<\/strong><br \/>(-16 for losing)\n|raw|Username momento's rating: 1532 &rarr; <strong>1548<\/strong><br \/>(+16 for winning)\n|l|\u2606abuelo666\n","uploadtime":1699974696,"views":7,"p1id":"abuelo666","p2id":"usernamemomento","formatid":"gen9ou","rating":1453,"private":0,"password":""}