{"id":"gen9ou-1995246610","p1":"kelo_pario","p2":"Peratest","format":"[Gen 9] OU","log":"|j|\u2606kelo_pario\n|j|\u203dPeratest\n|t:|1700539640\n|gametype|singles\n|player|p1|kelo_pario|hilda|1677\n|player|p2|Peratest|linebacker|1599\n|teamsize|p1|6\n|teamsize|p2|6\n|gen|9\n|tier|[Gen 9] OU\n|rated|\n|rule|Sleep Clause Mod: Limit one foe put to sleep\n|rule|Species Clause: Limit one of each Pok\u00e9mon\n|rule|OHKO Clause: OHKO moves are banned\n|rule|Evasion Items Clause: Evasion items are banned\n|rule|Evasion Moves Clause: Evasion moves are banned\n|rule|Endless Battle Clause: Forcing endless battles is banned\n|rule|HP Percentage Mod: HP is shown in percentages\n|clearpoke\n|poke|p1|Samurott-Hisui, F|\n|poke|p1|Ceruledge, F|\n|poke|p1|Thundurus-Therian, M|\n|poke|p1|Amoonguss, M|\n|poke|p1|Great Tusk|\n|poke|p1|Gholdengo|\n|poke|p2|Ogerpon, F|\n|poke|p2|Cinderace, M|\n|poke|p2|Ursaluna, M|\n|poke|p2|Corviknight, M|\n|poke|p2|Clodsire, M|\n|poke|p2|Samurott-Hisui, M|\n|teampreview\n|j| few idea\n|inactive|Battle timer is ON: inactive players will automatically lose when time's up. (requested by Peratest)\n|\n|t:|1700539671\n|start\n|switch|p1a: Sekiro|Samurott-Hisui, F, shiny|100\/100\n|switch|p2a: Cinderace|Cinderace, M, shiny|100\/100\n|turn|1\n|\n|t:|1700539682\n|move|p1a: Sekiro|Aqua Cutter|p2a: Cinderace\n|-supereffective|p2a: Cinderace\n|-crit|p2a: Cinderace\n|-damage|p2a: Cinderace|0 fnt\n|faint|p2a: Cinderace\n|\n|upkeep\n|\n|t:|1700539688\n|switch|p2a: Ogerpon|Ogerpon, F|100\/100\n|turn|2\n|\n|t:|1700539692\n|switch|p1a: Amanita Phalloides|Amoonguss, M, shiny|100\/100\n|move|p2a: Ogerpon|U-turn|p1a: Amanita Phalloides\n|-damage|p1a: Amanita Phalloides|77\/100\n|-damage|p2a: Ogerpon|84\/100|[from] item: Rocky Helmet|[of] p1a: Amanita Phalloides\n|\n|t:|1700539700\n|switch|p2a: Corviknight|Corviknight, M, shiny|100\/100|[from] U-turn\n|-ability|p2a: Corviknight|Pressure\n|\n|upkeep\n|turn|3\n|\n|t:|1700539708\n|switch|p1a: Dumbo|Great Tusk, shiny|100\/100\n|move|p2a: Corviknight|U-turn|p1a: Dumbo\n|-resisted|p1a: Dumbo\n|-damage|p1a: Dumbo|97\/100\n|\n|t:|1700539714\n|switch|p2a: Ogerpon|Ogerpon, F|84\/100|[from] U-turn\n|\n|-heal|p1a: Dumbo|100\/100|[from] item: Leftovers\n|upkeep\n|turn|4\n|\n|t:|1700539725\n|-terastallize|p2a: Ogerpon|Grass\n|detailschange|p2a: Ogerpon|Ogerpon-Teal-Tera, F, tera:Grass\n|-ability|p2a: Ogerpon|Embody Aspect (Teal)|boost\n|-boost|p2a: Ogerpon|spe|1\n|move|p2a: Ogerpon|Ivy Cudgel|p1a: Dumbo\n|-supereffective|p1a: Dumbo\n|-damage|p1a: Dumbo|22\/100\n|move|p1a: Dumbo|Stealth Rock|p2a: Ogerpon\n|-sidestart|p2: Peratest|move: Stealth Rock\n|\n|-heal|p1a: Dumbo|28\/100|[from] item: Leftovers\n|upkeep\n|turn|5\n|\n|t:|1700539738\n|-end|p1a: Dumbo|Protosynthesis|[silent]\n|switch|p1a: Amanita Phalloides|Amoonguss, M, shiny|100\/100\n|move|p2a: Ogerpon|Knock Off|p1a: Amanita Phalloides\n|-damage|p1a: Amanita Phalloides|65\/100\n|-damage|p2a: Ogerpon|67\/100|[from] item: Rocky Helmet|[of] p1a: Amanita Phalloides\n|-enditem|p1a: Amanita Phalloides|Rocky Helmet|[from] move: Knock Off|[of] p2a: Ogerpon\n|\n|upkeep\n|turn|6\n|\n|t:|1700539754\n|move|p2a: Ogerpon|U-turn|p1a: Amanita Phalloides\n|-crit|p1a: Amanita Phalloides\n|-damage|p1a: Amanita Phalloides|29\/100\n|\n|t:|1700539757\n|switch|p2a: Clodsire|Clodsire, M, shiny|100\/100|[from] U-turn\n|-damage|p2a: Clodsire|94\/100|[from] Stealth Rock\n|move|p1a: Amanita Phalloides|Sludge Bomb|p2a: Clodsire\n|-resisted|p2a: Clodsire\n|-damage|p2a: Clodsire|91\/100\n|\n|-heal|p2a: Clodsire|97\/100|[from] item: Leftovers\n|upkeep\n|turn|7\n|\n|t:|1700539769\n|switch|p1a: Sekiro|Samurott-Hisui, F, shiny|100\/100\n|move|p2a: Clodsire|Earthquake|p1a: Sekiro\n|-damage|p1a: Sekiro|67\/100\n|\n|-heal|p2a: Clodsire|100\/100|[from] item: Leftovers\n|upkeep\n|turn|8\n|\n|t:|1700539780\n|move|p1a: Sekiro|Aqua Cutter|p2a: Clodsire\n|-immune|p2a: Clodsire|[from] ability: Water Absorb\n|move|p2a: Clodsire|Stealth Rock|p1a: Sekiro\n|-sidestart|p1: kelo_pario|move: Stealth Rock\n|\n|upkeep\n|turn|9\n|\n|t:|1700539796\n|switch|p1a: Amanita Phalloides|Amoonguss, M, shiny|62\/100\n|-damage|p1a: Amanita Phalloides|50\/100|[from] Stealth Rock\n|move|p2a: Clodsire|Earthquake|p1a: Amanita Phalloides\n|-damage|p1a: Amanita Phalloides|24\/100\n|\n|upkeep\n|turn|10\n|l| few idea\n|\n|t:|1700539810\n|switch|p1a: Thor|Thundurus-Therian, M, shiny|100\/100\n|move|p2a: Clodsire|Earthquake|p1a: Thor\n|-immune|p1a: Thor\n|\n|upkeep\n|turn|11\n|\n|t:|1700539819\n|-terastallize|p1a: Thor|Ice\n|move|p1a: Thor|Tera Blast|p2a: Clodsire|[anim] Tera Blast Ice\n|-supereffective|p2a: Clodsire\n|-damage|p2a: Clodsire|51\/100\n|move|p2a: Clodsire|Toxic|p1a: Thor\n|-status|p1a: Thor|tox\n|\n|-heal|p2a: Clodsire|58\/100|[from] item: Leftovers\n|-damage|p1a: Thor|94\/100 tox|[from] psn\n|upkeep\n|turn|12\n|\n|t:|1700539832\n|move|p1a: Thor|Knock Off|p2a: Clodsire\n|-damage|p2a: Clodsire|36\/100\n|-enditem|p2a: Clodsire|Leftovers|[from] move: Knock Off|[of] p1a: Thor\n|move|p2a: Clodsire|Earthquake|p1a: Thor\n|-damage|p1a: Thor|51\/100 tox\n|\n|-damage|p1a: Thor|39\/100 tox|[from] psn\n|upkeep\n|turn|13\n|\n|t:|1700539843\n|move|p1a: Thor|Tera Blast|p2a: Clodsire|[anim] Tera Blast Ice\n|-supereffective|p2a: Clodsire\n|-damage|p2a: Clodsire|0 fnt\n|faint|p2a: Clodsire\n|\n|-damage|p1a: Thor|21\/100 tox|[from] psn\n|upkeep\n|\n|t:|1700539850\n|switch|p2a: Ogerpon|Ogerpon-Teal-Tera, F, tera:Grass|67\/100\n|-damage|p2a: Ogerpon|55\/100|[from] Stealth Rock\n|-ability|p2a: Ogerpon|Embody Aspect (Teal)|boost\n|-boost|p2a: Ogerpon|spe|1\n|turn|14\n|\n|t:|1700539862\n|switch|p1a: Dumbo|Great Tusk, shiny|28\/100\n|-damage|p1a: Dumbo|25\/100|[from] Stealth Rock\n|move|p2a: Ogerpon|Knock Off|p1a: Dumbo\n|-resisted|p1a: Dumbo\n|-damage|p1a: Dumbo|16\/100\n|-enditem|p1a: Dumbo|Leftovers|[from] move: Knock Off|[of] p2a: Ogerpon\n|\n|upkeep\n|turn|15\n|\n|t:|1700539871\n|move|p2a: Ogerpon|Ivy Cudgel|p1a: Dumbo\n|-supereffective|p1a: Dumbo\n|-damage|p1a: Dumbo|0 fnt\n|faint|p1a: Dumbo\n|-end|p1a: Dumbo|Protosynthesis|[silent]\n|\n|upkeep\n|\n|t:|1700539875\n|switch|p1a: Amanita Phalloides|Amoonguss, M, shiny|57\/100\n|-damage|p1a: Amanita Phalloides|45\/100|[from] Stealth Rock\n|turn|16\n|\n|t:|1700539883\n|move|p2a: Ogerpon|Knock Off|p1a: Amanita Phalloides\n|-damage|p1a: Amanita Phalloides|24\/100\n|move|p1a: Amanita Phalloides|Spore|p2a: Ogerpon\n|-immune|p2a: Ogerpon\n|\n|upkeep\n|turn|17\n|inactive|Peratest has 120 seconds left.\n|\n|t:|1700539915\n|move|p2a: Ogerpon|Knock Off|p1a: Amanita Phalloides\n|-damage|p1a: Amanita Phalloides|3\/100\n|move|p1a: Amanita Phalloides|Sludge Bomb|p2a: Ogerpon\n|-supereffective|p2a: Ogerpon\n|-damage|p2a: Ogerpon|0 fnt\n|faint|p2a: Ogerpon\n|\n|upkeep\n|inactive|Peratest has 120 seconds left.\n|\n|t:|1700539923\n|switch|p2a: Samurott|Samurott-Hisui, M, shiny|100\/100\n|-damage|p2a: Samurott|88\/100|[from] Stealth Rock\n|turn|18\n|\n|t:|1700539935\n|switch|p1a: Kuzko|Gholdengo, shiny|100\/100\n|-damage|p1a: Kuzko|94\/100|[from] Stealth Rock\n|move|p2a: Samurott|Ceaseless Edge|p1a: Kuzko\n|-supereffective|p1a: Kuzko\n|-crit|p1a: Kuzko\n|-damage|p1a: Kuzko|0 fnt\n|-sidestart|p1: kelo_pario|Spikes\n|faint|p1a: Kuzko\n|\n|upkeep\n|\n|t:|1700539948\n|switch|p1a: Sekiro|Samurott-Hisui, F, shiny|67\/100\n|-damage|p1a: Sekiro|55\/100|[from] Stealth Rock\n|-damage|p1a: Sekiro|43\/100|[from] Spikes\n|turn|19\n|\n|t:|1700539954\n|switch|p2a: Corviknight|Corviknight, M, shiny|100\/100\n|-damage|p2a: Corviknight|88\/100|[from] Stealth Rock\n|-ability|p2a: Corviknight|Pressure\n|move|p1a: Sekiro|Sacred Sword|p2a: Corviknight\n|-damage|p2a: Corviknight|63\/100\n|-damage|p1a: Sekiro|26\/100|[from] item: Rocky Helmet|[of] p2a: Corviknight\n|\n|upkeep\n|turn|20\n|\n|t:|1700539973\n|switch|p1a: Palpatin|Ceruledge, F, shiny|100\/100\n|move|p2a: Corviknight|U-turn|p1a: Palpatin\n|-resisted|p1a: Palpatin\n|-damage|p1a: Palpatin|95\/100\n|-ability|p1a: Palpatin|Weak Armor|boost\n|-unboost|p1a: Palpatin|def|1\n|-boost|p1a: Palpatin|spe|2\n|\n|t:|1700539981\n|switch|p2a: Ursaluna|Ursaluna, M, shiny|100\/100|[from] U-turn\n|-damage|p2a: Ursaluna|94\/100|[from] Stealth Rock\n|\n|upkeep\n|turn|21\n|\n|t:|1700539994\n|switch|p1a: Thor|Thundurus-Therian, M, shiny, tera:Ice|21\/100 tox\n|move|p2a: Ursaluna|Earthquake|p1a: Thor\n|-damage|p1a: Thor|0 fnt\n|faint|p1a: Thor\n|\n|upkeep\n|\n|t:|1700540001\n|switch|p1a: Amanita Phalloides|Amoonguss, M, shiny|36\/100\n|-damage|p1a: Amanita Phalloides|24\/100|[from] Stealth Rock\n|-damage|p1a: Amanita Phalloides|11\/100|[from] Spikes\n|turn|22\n|\n|t:|1700540008\n|switch|p1a: Sekiro|Samurott-Hisui, F, shiny|26\/100\n|-damage|p1a: Sekiro|14\/100|[from] Stealth Rock\n|-damage|p1a: Sekiro|1\/100|[from] Spikes\n|move|p2a: Ursaluna|Earthquake|p1a: Sekiro\n|-damage|p1a: Sekiro|0 fnt\n|faint|p1a: Sekiro\n|\n|upkeep\n|\n|t:|1700540017\n|switch|p1a: Palpatin|Ceruledge, F, shiny|95\/100\n|turn|23\n|\n|t:|1700540021\n|move|p1a: Palpatin|Bitter Blade|p2a: Ursaluna\n|-damage|p2a: Ursaluna|59\/100\n|-heal|p1a: Palpatin|100\/100|[from] drain|[of] p2a: Ursaluna\n|move|p2a: Ursaluna|Earthquake|p1a: Palpatin\n|-supereffective|p1a: Palpatin\n|-damage|p1a: Palpatin|0 fnt\n|faint|p1a: Palpatin\n|\n|upkeep\n|-message|kelo_pario forfeited.\n|\n|win|Peratest\n|raw|kelo_pario's rating: 1677 &rarr; <strong>1653<\/strong><br \/>(-24 for losing)\n|raw|Peratest's rating: 1599 &rarr; <strong>1623<\/strong><br \/>(+24 for winning)\n|l|\u2606kelo_pario\n","uploadtime":1700540038,"views":31,"p1id":"kelopario","p2id":"peratest","formatid":"gen9ou","rating":1623,"private":0,"password":""}