{"id":"gen9ou-1994783555","p1":"Mylittlecanard","p2":"mukkio.mp3","format":"[Gen 9] OU","log":"|j|\u2606Mylittlecanard\n|j|\u2606mukkio.mp3\n|t:|1700492371\n|gametype|singles\n|player|p1|Mylittlecanard|yellow|1171\n|player|p2|mukkio.mp3|ghetsis|1063\n|teamsize|p1|6\n|teamsize|p2|6\n|gen|9\n|tier|[Gen 9] OU\n|rated|\n|rule|Sleep Clause Mod: Limit one foe put to sleep\n|rule|Species Clause: Limit one of each Pok\u00e9mon\n|rule|OHKO Clause: OHKO moves are banned\n|rule|Evasion Items Clause: Evasion items are banned\n|rule|Evasion Moves Clause: Evasion moves are banned\n|rule|Endless Battle Clause: Forcing endless battles is banned\n|rule|HP Percentage Mod: HP is shown in percentages\n|clearpoke\n|poke|p1|Kingambit, M|\n|poke|p1|Great Tusk|\n|poke|p1|Dragapult, M|\n|poke|p1|Ogerpon-Wellspring, F|\n|poke|p1|Blissey, F|\n|poke|p1|Zapdos|\n|poke|p2|Ceruledge, F|\n|poke|p2|Cinderace, F|\n|poke|p2|Rillaboom, F|\n|poke|p2|Hawlucha, F|\n|poke|p2|Walking Wake|\n|poke|p2|Garganacl, F|\n|teampreview\n|inactive|Battle timer is ON: inactive players will automatically lose when time's up. (requested by mukkio.mp3)\n|\n|t:|1700492379\n|start\n|switch|p1a: Dragapult|Dragapult, M|100\/100\n|switch|p2a: Walking Wake|Walking Wake|100\/100\n|turn|1\n|\n|t:|1700492384\n|-terastallize|p2a: Walking Wake|Fairy\n|move|p1a: Dragapult|Draco Meteor|p2a: Walking Wake\n|-immune|p2a: Walking Wake\n|move|p2a: Walking Wake|Tera Blast|p1a: Dragapult|[anim] Tera Blast Fairy\n|-supereffective|p1a: Dragapult\n|-damage|p1a: Dragapult|0 fnt\n|faint|p1a: Dragapult\n|\n|upkeep\n|\n|t:|1700492388\n|switch|p1a: Kingambit|Kingambit, M|100\/100\n|-activate|p1a: Kingambit|ability: Supreme Overlord\n|-start|p1a: Kingambit|fallen1|[silent]\n|turn|2\n|\n|t:|1700492395\n|-end|p2a: Walking Wake|Protosynthesis|[silent]\n|switch|p2a: Rillaboom|Rillaboom, F, shiny|100\/100\n|-fieldstart|move: Grassy Terrain|[from] ability: Grassy Surge|[of] p2a: Rillaboom\n|-terastallize|p1a: Kingambit|Dark\n|move|p1a: Kingambit|Iron Head|p2a: Rillaboom\n|-damage|p2a: Rillaboom|44\/100\n|\n|-heal|p2a: Rillaboom|50\/100|[from] Grassy Terrain\n|upkeep\n|turn|3\n|inactive|mukkio.mp3 has 120 seconds left.\n|\n|t:|1700492429\n|switch|p2a: Hawlucha|Hawlucha, F, shiny|100\/100\n|-enditem|p2a: Hawlucha|Grassy Seed\n|-boost|p2a: Hawlucha|def|1|[from] item: Grassy Seed\n|move|p1a: Kingambit|Iron Head|p2a: Hawlucha\n|-damage|p2a: Hawlucha|49\/100\n|\n|upkeep\n|turn|4\n|inactive|mukkio.mp3 has 120 seconds left.\n|\n|t:|1700492439\n|-end|p1a: Kingambit|fallen1|[silent]\n|switch|p1a: Zapdos|Zapdos|100\/100\n|move|p2a: Hawlucha|Close Combat|p1a: Zapdos\n|-resisted|p1a: Zapdos\n|-damage|p1a: Zapdos|78\/100\n|-unboost|p2a: Hawlucha|def|1\n|-unboost|p2a: Hawlucha|spd|1\n|\n|upkeep\n|turn|5\n|\n|t:|1700492448\n|switch|p2a: Garganacl|Garganacl, F|100\/100\n|move|p1a: Zapdos|Volt Switch|p2a: Garganacl\n|-damage|p2a: Garganacl|81\/100\n|\n|t:|1700492453\n|switch|p1a: Ogerpon|Ogerpon-Wellspring, F|100\/100|[from] Volt Switch\n|\n|-heal|p2a: Garganacl|87\/100|[from] Grassy Terrain\n|-heal|p2a: Garganacl|94\/100|[from] item: Leftovers\n|upkeep\n|turn|6\n|inactive|mukkio.mp3 has 120 seconds left.\n|\n|t:|1700492477\n|move|p1a: Ogerpon|Ivy Cudgel|p2a: Garganacl|[anim] Ivy Cudgel Water\n|-supereffective|p2a: Garganacl\n|-damage|p2a: Garganacl|14\/100\n|move|p2a: Garganacl|Iron Defense|p2a: Garganacl\n|-boost|p2a: Garganacl|def|2\n|\n|-heal|p2a: Garganacl|21\/100|[from] Grassy Terrain\n|-heal|p2a: Garganacl|27\/100|[from] item: Leftovers\n|-fieldend|move: Grassy Terrain\n|upkeep\n|turn|7\n|-message|mukkio.mp3 forfeited.\n|\n|win|Mylittlecanard\n|raw|Mylittlecanard's rating: 1171 &rarr; <strong>1188<\/strong><br \/>(+17 for winning)\n|raw|mukkio.mp3's rating: 1063 &rarr; <strong>1049<\/strong><br \/>(-14 for losing)\n|l|\u2606mukkio.mp3\n","uploadtime":1700492495,"views":4,"p1id":"mylittlecanard","p2id":"mukkiomp3","formatid":"gen9ou","rating":1049,"private":0,"password":""}