{"id":"gen9ou-1995135952","p1":"riverrhodes","p2":"PurifyingGhost","format":"[Gen 9] OU","log":"|j|\u2606riverrhodes\n|j|\u2606PurifyingGhost\n|t:|1700526560\n|gametype|singles\n|player|p1|riverrhodes|veteran-gen4|1322\n|player|p2|PurifyingGhost|li|1390\n|teamsize|p1|6\n|teamsize|p2|6\n|gen|9\n|tier|[Gen 9] OU\n|rated|\n|rule|Sleep Clause Mod: Limit one foe put to sleep\n|rule|Species Clause: Limit one of each Pok\u00e9mon\n|rule|OHKO Clause: OHKO moves are banned\n|rule|Evasion Items Clause: Evasion items are banned\n|rule|Evasion Moves Clause: Evasion moves are banned\n|rule|Endless Battle Clause: Forcing endless battles is banned\n|rule|HP Percentage Mod: HP is shown in percentages\n|clearpoke\n|poke|p1|Ditto|\n|poke|p1|Ting-Lu|\n|poke|p1|Gholdengo|\n|poke|p1|Great Tusk|\n|poke|p1|Iron Valiant|\n|poke|p1|Zapdos|\n|poke|p2|Zoroark-Hisui, M|\n|poke|p2|Corviknight, M|\n|poke|p2|Lokix, M|\n|poke|p2|Ogerpon-Wellspring, F|\n|poke|p2|Kleavor, F|\n|poke|p2|Great Tusk|\n|teampreview\n|\n|t:|1700526598\n|start\n|switch|p1a: Ting-Lu|Ting-Lu|100\/100\n|switch|p2a: Lokix|Lokix, M|100\/100\n|-ability|p1a: Ting-Lu|Vessel of Ruin\n|turn|1\n|\n|t:|1700526636\n|switch|p1a: Great Tusk|Great Tusk, shiny|100\/100\n|-terastallize|p2a: Lokix|Bug\n|move|p2a: Lokix|First Impression|p1a: Great Tusk\n|-resisted|p1a: Great Tusk\n|-damage|p1a: Great Tusk|61\/100\n|\n|-heal|p1a: Great Tusk|68\/100|[from] item: Leftovers\n|upkeep\n|turn|2\n|\n|t:|1700526648\n|switch|p2a: Corviknight|Corviknight, M|100\/100\n|-ability|p2a: Corviknight|Pressure\n|move|p1a: Great Tusk|Stealth Rock|p2a: Corviknight\n|-sidestart|p2: PurifyingGhost|move: Stealth Rock\n|\n|-heal|p1a: Great Tusk|74\/100|[from] item: Leftovers\n|upkeep\n|turn|3\n|\n|t:|1700526652\n|-end|p1a: Great Tusk|Protosynthesis|[silent]\n|switch|p1a: Gholdengo|Gholdengo, shiny|100\/100\n|move|p2a: Corviknight|U-turn|p1a: Gholdengo\n|-resisted|p1a: Gholdengo\n|-damage|p1a: Gholdengo|98\/100\n|\n|t:|1700526657\n|switch|p2a: Kleavor|Kleavor, F|100\/100|[from] U-turn\n|-damage|p2a: Kleavor|88\/100|[from] Stealth Rock\n|\n|-heal|p1a: Gholdengo|100\/100|[from] item: Leftovers\n|upkeep\n|turn|4\n|\n|t:|1700526667\n|move|p2a: Kleavor|Shadow Ball|p1a: Gholdengo\n|-supereffective|p1a: Gholdengo\n|-damage|p1a: Gholdengo|0 fnt\n|faint|p1a: Gholdengo\n|\n|upkeep\n|\n|t:|1700526677\n|switch|p1a: Ting-Lu|Ting-Lu|100\/100\n|-ability|p1a: Ting-Lu|Vessel of Ruin\n|turn|5\n|\n|t:|1700526679\n|switch|p2a: Corviknight|Corviknight, M|100\/100\n|-damage|p2a: Corviknight|88\/100|[from] Stealth Rock\n|-ability|p2a: Corviknight|Pressure\n|move|p1a: Ting-Lu|Spikes|p2a: Corviknight\n|-sidestart|p2: PurifyingGhost|Spikes\n|\n|upkeep\n|turn|6\n|\n|t:|1700526685\n|move|p2a: Corviknight|Defog|p1a: Ting-Lu\n|-unboost|p1a: Ting-Lu|evasion|1\n|-sideend|p2: PurifyingGhost|Spikes|[from] move: Defog|[of] p2a: Corviknight\n|-sideend|p2: PurifyingGhost|Stealth Rock|[from] move: Defog|[of] p2a: Corviknight\n|move|p1a: Ting-Lu|Whirlwind|p2a: Corviknight\n|drag|p2a: Kleavor|Kleavor, F|88\/100\n|\n|upkeep\n|turn|7\n|\n|t:|1700526690\n|move|p2a: Kleavor|U-turn|p1a: Ting-Lu\n|-supereffective|p1a: Ting-Lu\n|-damage|p1a: Ting-Lu|85\/100\n|\n|t:|1700526696\n|switch|p2a: Ogerpon|Ogerpon-Wellspring, F|100\/100|[from] U-turn\n|move|p1a: Ting-Lu|Spikes|p2a: Ogerpon\n|-sidestart|p2: PurifyingGhost|Spikes\n|\n|-heal|p1a: Ting-Lu|91\/100|[from] item: Leftovers\n|upkeep\n|turn|8\n|\n|t:|1700526707\n|switch|p1a: Ditto|Ditto, shiny|100\/100\n|-transform|p1a: Ditto|p2a: Ogerpon|[from] ability: Imposter\n|move|p2a: Ogerpon|Ivy Cudgel|p1a: Ditto|[anim] Ivy Cudgel Water\n|-immune|p1a: Ditto|[from] ability: Water Absorb\n|\n|upkeep\n|turn|9\n|\n|t:|1700526720\n|switch|p2a: Corviknight|Corviknight, M|88\/100\n|-ability|p2a: Corviknight|Pressure\n|move|p1a: Ditto|Power Whip|p2a: Corviknight\n|-resisted|p2a: Corviknight\n|-damage|p2a: Corviknight|79\/100\n|-damage|p1a: Ditto|84\/100|[from] item: Rocky Helmet|[of] p2a: Corviknight\n|\n|upkeep\n|turn|10\n|\n|t:|1700526728\n|switch|p1a: Zapdos|Zapdos, shiny|100\/100\n|move|p2a: Corviknight|Defog|p1a: Zapdos\n|-unboost|p1a: Zapdos|evasion|1\n|-sideend|p2: PurifyingGhost|Spikes|[from] move: Defog|[of] p2a: Corviknight\n|\n|upkeep\n|turn|11\n|\n|t:|1700526749\n|switch|p2a: Kleavor|Kleavor, F|100\/100\n|move|p1a: Zapdos|Volt Switch|p2a: Kleavor\n|-damage|p2a: Kleavor|49\/100\n|\n|t:|1700526766\n|switch|p1a: Iron Valiant|Iron Valiant, shiny|100\/100|[from] Volt Switch\n|\n|upkeep\n|turn|12\n|\n|t:|1700526778\n|move|p2a: Kleavor|Stone Axe|p1a: Iron Valiant\n|-resisted|p1a: Iron Valiant\n|-damage|p1a: Iron Valiant|65\/100\n|-sidestart|p1: riverrhodes|move: Stealth Rock\n|move|p1a: Iron Valiant|Moonblast|p2a: Kleavor\n|-damage|p2a: Kleavor|0 fnt\n|faint|p2a: Kleavor\n|\n|upkeep\n|\n|t:|1700526791\n|switch|p2a: Corviknight|Corviknight, M|88\/100\n|turn|13\n|\n|t:|1700526806\n|-end|p1a: Iron Valiant|Quark Drive|[silent]\n|switch|p1a: Zapdos|Zapdos, shiny|100\/100\n|move|p2a: Corviknight|Shadow Ball|p1a: Zapdos\n|-damage|p1a: Zapdos|39\/100\n|\n|upkeep\n|turn|14\n|\n|t:|1700526818\n|move|p2a: Corviknight|Shadow Ball|p1a: Zapdos\n|-damage|p1a: Zapdos|0 fnt\n|faint|p1a: Zapdos\n|\n|upkeep\n|\n|t:|1700526831\n|switch|p1a: Ting-Lu|Ting-Lu|91\/100\n|-damage|p1a: Ting-Lu|85\/100|[from] Stealth Rock\n|-ability|p1a: Ting-Lu|Vessel of Ruin\n|turn|15\n|\n|t:|1700526838\n|switch|p2a: Lokix|Lokix, M, tera:Bug|100\/100\n|move|p1a: Ting-Lu|Spikes|p2a: Lokix\n|-sidestart|p2: PurifyingGhost|Spikes\n|\n|-heal|p1a: Ting-Lu|91\/100|[from] item: Leftovers\n|upkeep\n|turn|16\n|\n|t:|1700526851\n|switch|p1a: Great Tusk|Great Tusk, shiny|74\/100\n|-damage|p1a: Great Tusk|71\/100|[from] Stealth Rock\n|move|p2a: Lokix|U-turn|p1a: Great Tusk\n|-resisted|p1a: Great Tusk\n|-damage|p1a: Great Tusk|36\/100\n|\n|t:|1700526860\n|switch|p2a: Corviknight|Corviknight, M|88\/100|[from] U-turn\n|-damage|p2a: Corviknight|76\/100|[from] Spikes\n|\n|-heal|p1a: Great Tusk|42\/100|[from] item: Leftovers\n|upkeep\n|turn|17\n|\n|t:|1700526870\n|move|p2a: Corviknight|Grass Knot|p1a: Great Tusk\n|-supereffective|p1a: Great Tusk\n|-damage|p1a: Great Tusk|0 fnt\n|faint|p1a: Great Tusk\n|-end|p1a: Great Tusk|Protosynthesis|[silent]\n|\n|upkeep\n|\n|t:|1700526873\n|switch|p1a: Iron Valiant|Iron Valiant, shiny|65\/100\n|-damage|p1a: Iron Valiant|59\/100|[from] Stealth Rock\n|turn|18\n|\n|t:|1700526889\n|switch|p2a: Corviknight|Corviknight, M|79\/100\n|-ability|p2a: Corviknight|Pressure\n|move|p1a: Iron Valiant|Thunderbolt|p2a: Corviknight\n|-supereffective|p2a: Corviknight\n|-damage|p2a: Corviknight|0 fnt\n|faint|p2a: Corviknight\n|\n|upkeep\n|\n|t:|1700526920\n|switch|p2a: Great Tusk|Great Tusk|100\/100\n|-damage|p2a: Great Tusk|88\/100|[from] Spikes\n|-enditem|p2a: Great Tusk|Booster Energy\n|-activate|p2a: Great Tusk|ability: Protosynthesis|[fromitem]\n|-start|p2a: Great Tusk|protosynthesisspe\n|turn|19\n|\n|t:|1700526931\n|-end|p1a: Iron Valiant|Quark Drive|[silent]\n|switch|p1a: Ting-Lu|Ting-Lu|91\/100\n|-damage|p1a: Ting-Lu|85\/100|[from] Stealth Rock\n|-ability|p1a: Ting-Lu|Vessel of Ruin\n|move|p2a: Great Tusk|Headlong Rush|p1a: Ting-Lu\n|-damage|p1a: Ting-Lu|55\/100\n|-unboost|p2a: Great Tusk|def|1\n|-unboost|p2a: Great Tusk|spd|1\n|\n|-heal|p1a: Ting-Lu|61\/100|[from] item: Leftovers\n|upkeep\n|turn|20\n|\n|t:|1700526945\n|move|p2a: Great Tusk|Close Combat|p1a: Ting-Lu\n|-supereffective|p1a: Ting-Lu\n|-damage|p1a: Ting-Lu|3\/100\n|-unboost|p2a: Great Tusk|def|1\n|-unboost|p2a: Great Tusk|spd|1\n|move|p1a: Ting-Lu|Whirlwind|p2a: Great Tusk\n|-end|p2a: Great Tusk|Protosynthesis|[silent]\n|drag|p2a: Lokix|Lokix, M, tera:Bug|100\/100\n|-damage|p2a: Lokix|88\/100|[from] Spikes\n|\n|-heal|p1a: Ting-Lu|9\/100|[from] item: Leftovers\n|upkeep\n|turn|21\n|\n|t:|1700526951\n|move|p2a: Lokix|U-turn|p1a: Ting-Lu\n|-supereffective|p1a: Ting-Lu\n|-damage|p1a: Ting-Lu|0 fnt\n|faint|p1a: Ting-Lu\n|\n|t:|1700526953\n|switch|p2a: Lokix|Lokix, M|76\/100|[from] U-turn\n|-damage|p2a: Lokix|63\/100|[from] Spikes\n|\n|upkeep\n|\n|t:|1700526969\n|switch|p1a: Ditto|Ditto, shiny|84\/100\n|-damage|p1a: Ditto|71\/100|[from] Stealth Rock\n|-start|p2a: Lokix|typechange|Bug|[silent]\n|turn|22\n|\n|t:|1700526977\n|switch|p1a: Iron Valiant|Iron Valiant, shiny|59\/100\n|-damage|p1a: Iron Valiant|53\/100|[from] Stealth Rock\n|move|p2a: Lokix|U-turn|p1a: Iron Valiant\n|-resisted|p1a: Iron Valiant\n|-damage|p1a: Iron Valiant|48\/100\n|\n|t:|1700526987\n|switch|p2a: Lokix|Lokix, M, tera:Bug|88\/100|[from] U-turn\n|-damage|p2a: Lokix|76\/100|[from] Spikes\n|\n|upkeep\n|turn|23\n|\n|t:|1700527005\n|-terastallize|p1a: Iron Valiant|Fairy\n|move|p2a: Lokix|First Impression|p1a: Iron Valiant\n|-resisted|p1a: Iron Valiant\n|-damage|p1a: Iron Valiant|0 fnt\n|faint|p1a: Iron Valiant\n|-end|p1a: Iron Valiant|Quark Drive|[silent]\n|\n|upkeep\n|\n|t:|1700527008\n|switch|p1a: Ditto|Ditto, shiny|71\/100\n|-damage|p1a: Ditto|59\/100|[from] Stealth Rock\n|-transform|p1a: Ditto|p2a: Lokix|[from] ability: Imposter\n|-start|p1a: Ditto|typechange|Bug\/Dark|[silent]\n|turn|24\n|\n|t:|1700527017\n|switch|p2a: Lokix|Lokix, M|63\/100\n|-damage|p2a: Lokix|51\/100|[from] Spikes\n|move|p1a: Ditto|Sucker Punch||[still]\n|-fail|p1a: Ditto\n|\n|upkeep\n|-start|p2a: Lokix|typechange|Bug|[silent]\n|turn|25\n|-message|riverrhodes forfeited.\n|\n|win|PurifyingGhost\n|raw|riverrhodes's rating: 1322 &rarr; <strong>1306<\/strong><br \/>(-16 for losing)\n|raw|PurifyingGhost's rating: 1390 &rarr; <strong>1406<\/strong><br \/>(+16 for winning)\n|l|\u2606riverrhodes\n","uploadtime":1700527029,"views":5,"p1id":"riverrhodes","p2id":"purifyingghost","formatid":"gen9ou","rating":1306,"private":0,"password":""}