{"id":"gen9ou-1996583500","p1":"Username momento","p2":"chipchocolat","format":"[Gen 9] OU","log":"|j|\u2606Username momento\n|j|\u2606chipchocolat\n|t:|1700697055\n|gametype|singles\n|player|p1|Username momento|ninjaboy|1558\n|player|p2|chipchocolat|265|1621\n|teamsize|p1|6\n|teamsize|p2|6\n|gen|9\n|tier|[Gen 9] OU\n|rated|\n|rule|Sleep Clause Mod: Limit one foe put to sleep\n|rule|Species Clause: Limit one of each Pok\u00e9mon\n|rule|OHKO Clause: OHKO moves are banned\n|rule|Evasion Items Clause: Evasion items are banned\n|rule|Evasion Moves Clause: Evasion moves are banned\n|rule|Endless Battle Clause: Forcing endless battles is banned\n|rule|HP Percentage Mod: HP is shown in percentages\n|clearpoke\n|poke|p1|Meowscarada, F|\n|poke|p1|Kingambit, M|\n|poke|p1|Zapdos|\n|poke|p1|Zamazenta-*|\n|poke|p1|Great Tusk|\n|poke|p1|Iron Moth|\n|poke|p2|Fezandipiti, M|\n|poke|p2|Zapdos|\n|poke|p2|Empoleon, F|\n|poke|p2|Great Tusk|\n|poke|p2|Chandelure, M|\n|poke|p2|Meowscarada, M|\n|teampreview\n|\n|t:|1700697068\n|start\n|switch|p1a: Meowscarada|Meowscarada, F|100\/100\n|switch|p2a: Zapdos|Zapdos|100\/100\n|turn|1\n|\n|t:|1700697081\n|switch|p1a: Zapdos|Zapdos|100\/100\n|move|p2a: Zapdos|Heat Wave|p1a: Zapdos\n|-damage|p1a: Zapdos|74\/100\n|\n|upkeep\n|turn|2\n|\n|t:|1700697091\n|move|p2a: Zapdos|Discharge|p1a: Zapdos\n|-damage|p1a: Zapdos|43\/100\n|move|p1a: Zapdos|Discharge|p2a: Zapdos\n|-damage|p2a: Zapdos|69\/100\n|\n|upkeep\n|turn|3\n|\n|t:|1700697105\n|switch|p2a: Fezandipiti|Fezandipiti, M|100\/100\n|move|p1a: Zapdos|Roost|p1a: Zapdos\n|-heal|p1a: Zapdos|93\/100\n|-singleturn|p1a: Zapdos|move: Roost\n|\n|upkeep\n|turn|4\n|\n|t:|1700697113\n|switch|p1a: Kingambit|Kingambit, M|100\/100\n|move|p2a: Fezandipiti|Calm Mind|p2a: Fezandipiti\n|-boost|p2a: Fezandipiti|spa|1\n|-boost|p2a: Fezandipiti|spd|1\n|\n|upkeep\n|turn|5\n|\n|t:|1700697122\n|switch|p2a: Great Tusk|Great Tusk|100\/100\n|move|p1a: Kingambit|Iron Head|p2a: Great Tusk\n|-damage|p2a: Great Tusk|65\/100\n|\n|upkeep\n|turn|6\n|\n|t:|1700697126\n|-end|p1a: Kingambit|fallenundefined|[silent]\n|switch|p1a: Zapdos|Zapdos|93\/100\n|move|p2a: Great Tusk|Knock Off|p1a: Zapdos\n|-damage|p1a: Zapdos|70\/100\n|-enditem|p1a: Zapdos|Heavy-Duty Boots|[from] move: Knock Off|[of] p2a: Great Tusk\n|\n|upkeep\n|turn|7\n|\n|t:|1700697131\n|-end|p2a: Great Tusk|Protosynthesis|[silent]\n|switch|p2a: Empoleon|Empoleon, F|100\/100\n|move|p1a: Zapdos|Hurricane|p2a: Empoleon\n|-resisted|p2a: Empoleon\n|-damage|p2a: Empoleon|86\/100\n|-start|p2a: Empoleon|confusion\n|\n|-heal|p2a: Empoleon|93\/100|[from] item: Leftovers\n|upkeep\n|turn|8\n|\n|t:|1700697138\n|switch|p2a: Great Tusk|Great Tusk|65\/100\n|move|p1a: Zapdos|Discharge|p2a: Great Tusk\n|-immune|p2a: Great Tusk\n|\n|upkeep\n|turn|9\n|\n|t:|1700697141\n|-end|p2a: Great Tusk|Protosynthesis|[silent]\n|switch|p2a: Zapdos|Zapdos|69\/100\n|move|p1a: Zapdos|Hurricane|p2a: Zapdos\n|-resisted|p2a: Zapdos\n|-damage|p2a: Zapdos|47\/100\n|-start|p2a: Zapdos|confusion\n|\n|upkeep\n|turn|10\n|\n|t:|1700697149\n|-activate|p2a: Zapdos|confusion\n|move|p2a: Zapdos|Roost|p2a: Zapdos\n|-heal|p2a: Zapdos|98\/100\n|-singleturn|p2a: Zapdos|move: Roost\n|move|p1a: Zapdos|Hurricane|p2a: Zapdos\n|-resisted|p2a: Zapdos\n|-damage|p2a: Zapdos|75\/100\n|\n|upkeep\n|turn|11\n|\n|t:|1700697159\n|-activate|p2a: Zapdos|confusion\n|-damage|p2a: Zapdos|68\/100|[from] confusion\n|move|p1a: Zapdos|Discharge|p2a: Zapdos\n|-damage|p2a: Zapdos|36\/100\n|\n|upkeep\n|turn|12\n|\n|t:|1700697164\n|-activate|p2a: Zapdos|confusion\n|-damage|p2a: Zapdos|31\/100|[from] confusion\n|move|p1a: Zapdos|Discharge|p2a: Zapdos\n|-damage|p2a: Zapdos|0 fnt\n|faint|p2a: Zapdos\n|\n|upkeep\n|\n|t:|1700697167\n|switch|p2a: Empoleon|Empoleon, F|93\/100\n|turn|13\n|\n|t:|1700697170\n|move|p1a: Zapdos|Discharge|p2a: Empoleon\n|-supereffective|p2a: Empoleon\n|-damage|p2a: Empoleon|49\/100\n|-status|p2a: Empoleon|par\n|move|p2a: Empoleon|Stealth Rock|p1a: Zapdos\n|-sidestart|p1: Username momento|move: Stealth Rock\n|\n|-heal|p2a: Empoleon|55\/100 par|[from] item: Leftovers\n|upkeep\n|turn|14\n|\n|t:|1700697177\n|move|p1a: Zapdos|Hurricane|p2a: Empoleon\n|-resisted|p2a: Empoleon\n|-damage|p2a: Empoleon|41\/100 par\n|-start|p2a: Empoleon|confusion\n|-activate|p2a: Empoleon|confusion\n|cant|p2a: Empoleon|par\n|\n|-heal|p2a: Empoleon|47\/100 par|[from] item: Leftovers\n|upkeep\n|turn|15\n|-message|chipchocolat forfeited.\n|\n|win|Username momento\n|raw|Username momento's rating: 1558 &rarr; <strong>1582<\/strong><br \/>(+24 for winning)\n|raw|chipchocolat's rating: 1621 &rarr; <strong>1597<\/strong><br \/>(-24 for losing)\n|l|\u2606chipchocolat\n","uploadtime":1700697194,"views":2,"p1id":"usernamemomento","p2id":"chipchocolat","formatid":"gen9ou","rating":1582,"private":0,"password":""}