{"id":"gen9ou-1992094171","p1":"Irvantheboredone","p2":"Soviet Tacos","format":"[Gen 9] OU","log":"|j|\u2606Irvantheboredone\n|j|\u2606Soviet Tacos\n|t:|1700154583\n|gametype|singles\n|player|p1|Irvantheboredone|unknown|1173\n|player|p2|Soviet Tacos|101|1199\n|teamsize|p1|6\n|teamsize|p2|6\n|gen|9\n|tier|[Gen 9] OU\n|rated|\n|rule|Sleep Clause Mod: Limit one foe put to sleep\n|rule|Species Clause: Limit one of each Pok\u00e9mon\n|rule|OHKO Clause: OHKO moves are banned\n|rule|Evasion Items Clause: Evasion items are banned\n|rule|Evasion Moves Clause: Evasion moves are banned\n|rule|Endless Battle Clause: Forcing endless battles is banned\n|rule|HP Percentage Mod: HP is shown in percentages\n|clearpoke\n|poke|p1|Inteleon, F|\n|poke|p1|Gyarados, M|\n|poke|p1|Scizor, M|\n|poke|p1|Gallade, M|\n|poke|p1|Thundurus-Therian, M|\n|poke|p1|Kingambit, F|\n|poke|p2|Dragonite, F|\n|poke|p2|Iron Valiant|\n|poke|p2|Corviknight, M|\n|poke|p2|Empoleon, M|\n|poke|p2|Toxapex, M|\n|poke|p2|Gholdengo|\n|teampreview\n|inactive|Battle timer is ON: inactive players will automatically lose when time's up. (requested by Soviet Tacos)\n|\n|t:|1700154598\n|start\n|switch|p1a: V1|Inteleon, F|100\/100\n|switch|p2a: Dragonite|Dragonite, F|100\/100\n|turn|1\n|\n|t:|1700154604\n|move|p1a: V1|Ice Beam|p2a: Dragonite\n|-supereffective|p2a: Dragonite\n|-damage|p2a: Dragonite|65\/100\n|move|p2a: Dragonite|Thunder Punch|p1a: V1\n|-supereffective|p1a: V1\n|-damage|p1a: V1|0 fnt\n|faint|p1a: V1\n|\n|upkeep\n|c|\u2606Irvantheboredone|P i s s\n|\n|t:|1700154620\n|switch|p1a: Mindflayer|Thundurus-Therian, M|100\/100\n|turn|2\n|\n|t:|1700154622\n|move|p1a: Mindflayer|Thunderbolt|p2a: Dragonite\n|-damage|p2a: Dragonite|32\/100\n|move|p2a: Dragonite|Ice Punch|p1a: Mindflayer\n|-supereffective|p1a: Mindflayer\n|-damage|p1a: Mindflayer|9\/100\n|\n|upkeep\n|turn|3\n|\n|t:|1700154631\n|move|p1a: Mindflayer|Thunderbolt|p2a: Dragonite\n|-damage|p2a: Dragonite|0 fnt\n|faint|p2a: Dragonite\n|\n|upkeep\n|\n|t:|1700154634\n|switch|p2a: Iron Valiant|Iron Valiant|100\/100\n|-enditem|p2a: Iron Valiant|Booster Energy\n|-activate|p2a: Iron Valiant|ability: Quark Drive|[fromitem]\n|-start|p2a: Iron Valiant|quarkdrivespe\n|turn|4\n|\n|t:|1700154638\n|switch|p1a: V2|Scizor, M|100\/100\n|move|p2a: Iron Valiant|Shadow Sneak|p1a: V2\n|-damage|p1a: V2|85\/100\n|\n|upkeep\n|turn|5\n|c|\u2606Irvantheboredone|SHADOW WHAT\n|\n|t:|1700154655\n|move|p1a: V2|Bullet Punch|p2a: Iron Valiant\n|-supereffective|p2a: Iron Valiant\n|-damage|p2a: Iron Valiant|19\/100\n|move|p2a: Iron Valiant|Drain Punch|p1a: V2\n|-damage|p1a: V2|46\/100\n|-heal|p2a: Iron Valiant|40\/100|[from] drain|[of] p1a: V2\n|\n|upkeep\n|turn|6\n|\n|t:|1700154666\n|-end|p2a: Iron Valiant|Quark Drive|[silent]\n|switch|p2a: Corviknight|Corviknight, M|100\/100\n|-ability|p2a: Corviknight|Pressure\n|move|p1a: V2|Bullet Punch|p2a: Corviknight\n|-resisted|p2a: Corviknight\n|-damage|p2a: Corviknight|87\/100\n|\n|-heal|p2a: Corviknight|93\/100|[from] item: Leftovers\n|upkeep\n|turn|7\n|\n|t:|1700154677\n|move|p1a: V2|Brick Break|p2a: Corviknight\n|-damage|p2a: Corviknight|68\/100\n|move|p2a: Corviknight|Brave Bird|p1a: V2\n|-damage|p1a: V2|0 fnt\n|faint|p1a: V2\n|-damage|p2a: Corviknight|56\/100|[from] Recoil\n|\n|-heal|p2a: Corviknight|62\/100|[from] item: Leftovers\n|upkeep\n|\n|t:|1700154680\n|switch|p1a: Mindflayer|Thundurus-Therian, M|9\/100\n|turn|8\n|\n|t:|1700154684\n|move|p1a: Mindflayer|Thunderbolt|p2a: Corviknight\n|-supereffective|p2a: Corviknight\n|-damage|p2a: Corviknight|0 fnt\n|faint|p2a: Corviknight\n|\n|upkeep\n|\n|t:|1700154688\n|switch|p2a: Iron Valiant|Iron Valiant|40\/100\n|turn|9\n|\n|t:|1700154690\n|switch|p1a: Ferryman|Kingambit, F, shiny|100\/100\n|-activate|p1a: Ferryman|ability: Supreme Overlord\n|-start|p1a: Ferryman|fallen2|[silent]\n|move|p2a: Iron Valiant|Shadow Sneak|p1a: Ferryman\n|-resisted|p1a: Ferryman\n|-damage|p1a: Ferryman|95\/100\n|\n|upkeep\n|turn|10\n|c|\u2606Irvantheboredone|Nuh uh\n|\n|t:|1700154695\n|-end|p1a: Ferryman|fallen2|[silent]\n|switch|p1a: Leviathan|Gyarados, M, shiny|100\/100\n|move|p2a: Iron Valiant|Drain Punch|p1a: Leviathan\n|-resisted|p1a: Leviathan\n|-damage|p1a: Leviathan|78\/100\n|-heal|p2a: Iron Valiant|53\/100|[from] drain|[of] p1a: Leviathan\n|\n|upkeep\n|turn|11\n|c|\u2606Irvantheboredone|N u h   u h\n|\n|t:|1700154705\n|-end|p2a: Iron Valiant|Quark Drive|[silent]\n|switch|p2a: Gholdengo|Gholdengo|100\/100\n|-item|p2a: Gholdengo|Air Balloon\n|-terastallize|p1a: Leviathan|Ground\n|move|p1a: Leviathan|Earthquake|p2a: Gholdengo\n|-immune|p2a: Gholdengo\n|\n|upkeep\n|turn|12\n|c|\u2606Irvantheboredone|NUH UH\n|c|\u2606Irvantheboredone|Oh\n|\n|t:|1700154719\n|switch|p1a: Ferryman|Kingambit, F, shiny|95\/100\n|-activate|p1a: Ferryman|ability: Supreme Overlord\n|-start|p1a: Ferryman|fallen2|[silent]\n|move|p2a: Gholdengo|Shadow Ball|p1a: Ferryman\n|-resisted|p1a: Ferryman\n|-damage|p1a: Ferryman|74\/100\n|-unboost|p1a: Ferryman|spd|1\n|\n|upkeep\n|turn|13\n|\n|t:|1700154726\n|move|p2a: Gholdengo|Dazzling Gleam|p1a: Ferryman\n|-damage|p1a: Ferryman|33\/100\n|move|p1a: Ferryman|Iron Head|p2a: Gholdengo\n|-resisted|p2a: Gholdengo\n|-damage|p2a: Gholdengo|67\/100\n|-enditem|p2a: Gholdengo|Air Balloon\n|\n|upkeep\n|turn|14\n|\n|t:|1700154740\n|move|p1a: Ferryman|Sucker Punch|p2a: Gholdengo\n|-supereffective|p2a: Gholdengo\n|-damage|p2a: Gholdengo|0 fnt\n|faint|p2a: Gholdengo\n|\n|upkeep\n|\n|t:|1700154748\n|switch|p2a: Iron Valiant|Iron Valiant|53\/100\n|turn|15\n|\n|t:|1700154755\n|move|p1a: Ferryman|Sucker Punch|p2a: Iron Valiant\n|-resisted|p2a: Iron Valiant\n|-damage|p2a: Iron Valiant|34\/100\n|move|p2a: Iron Valiant|Drain Punch|p1a: Ferryman\n|-supereffective|p1a: Ferryman\n|-damage|p1a: Ferryman|0 fnt\n|-heal|p2a: Iron Valiant|57\/100|[from] drain|[of] p1a: Ferryman\n|faint|p1a: Ferryman\n|-end|p1a: Ferryman|fallen2|[silent]\n|\n|upkeep\n|\n|t:|1700154758\n|switch|p1a: Leviathan|Gyarados, M, shiny, tera:Ground|78\/100\n|turn|16\n|inactive|Soviet Tacos has 120 seconds left.\n|c|\u2606Irvantheboredone|God bless Ultrakill\n|inactive|Soviet Tacos has 90 seconds left.\n|\n|t:|1700154842\n|move|p2a: Iron Valiant|Spirit Break|p1a: Leviathan\n|-damage|p1a: Leviathan|30\/100\n|move|p1a: Leviathan|Earthquake|p2a: Iron Valiant\n|-damage|p2a: Iron Valiant|0 fnt\n|faint|p2a: Iron Valiant\n|-end|p2a: Iron Valiant|Quark Drive|[silent]\n|-ability|p1a: Leviathan|Moxie|boost\n|-boost|p1a: Leviathan|atk|1\n|\n|upkeep\n|\n|t:|1700154847\n|switch|p2a: Empoleon|Empoleon, M|100\/100\n|turn|17\n|inactive|Soviet Tacos has 60 seconds left.\n|\n|t:|1700154868\n|switch|p1a: Gabriel|Gallade, M|100\/100\n|-terastallize|p2a: Empoleon|Grass\n|move|p2a: Empoleon|Surf|p1a: Gabriel\n|-damage|p1a: Gabriel|49\/100\n|\n|upkeep\n|turn|18\n|c|\u2606Irvantheboredone|90 seconds left to have aqua jet I can SMELL IT\n|c|\u2606Irvantheboredone|oR THAT\n|\n|t:|1700154880\n|move|p1a: Gabriel|Sacred Sword|p2a: Empoleon\n|-damage|p2a: Empoleon|20\/100\n|move|p2a: Empoleon|Surf|p1a: Gabriel\n|-damage|p1a: Gabriel|0 fnt\n|faint|p1a: Gabriel\n|\n|-heal|p2a: Empoleon|26\/100|[from] item: Leftovers\n|upkeep\n|\n|t:|1700154883\n|switch|p1a: Leviathan|Gyarados, M, shiny, tera:Ground|30\/100\n|turn|19\n|\n|t:|1700154889\n|move|p1a: Leviathan|Earthquake|p2a: Empoleon\n|-resisted|p2a: Empoleon\n|-damage|p2a: Empoleon|0 fnt\n|faint|p2a: Empoleon\n|-ability|p1a: Leviathan|Moxie|boost\n|-boost|p1a: Leviathan|atk|1\n|\n|upkeep\n|\n|t:|1700154891\n|switch|p2a: Toxapex|Toxapex, M|100\/100\n|turn|20\n|\n|t:|1700154894\n|move|p1a: Leviathan|Earthquake|p2a: Toxapex\n|-supereffective|p2a: Toxapex\n|-damage|p2a: Toxapex|6\/100\n|move|p2a: Toxapex|Chilling Water|p1a: Leviathan\n|-supereffective|p1a: Leviathan\n|-damage|p1a: Leviathan|10\/100\n|\n|-heal|p2a: Toxapex|12\/100|[from] item: Leftovers\n|upkeep\n|turn|21\n|\n|t:|1700154897\n|move|p1a: Leviathan|Earthquake|p2a: Toxapex\n|-supereffective|p2a: Toxapex\n|-damage|p2a: Toxapex|0 fnt\n|faint|p2a: Toxapex\n|\n|win|Irvantheboredone\n|raw|Irvantheboredone's rating: 1173 &rarr; <strong>1200<\/strong><br \/>(+27 for winning)\n|raw|Soviet Tacos's rating: 1199 &rarr; <strong>1172<\/strong><br \/>(-27 for losing)\n|l|\u2606Soviet Tacos\n|c|\u2606Irvantheboredone|GG\n","uploadtime":1700154927,"views":8,"p1id":"irvantheboredone","p2id":"soviettacos","formatid":"gen9ou","rating":1172,"private":0,"password":""}