{"id":"gen9ou-1993436952","p1":"1ee2","p2":"ArtictresUser","format":"[Gen 9] OU","log":"|j|\u26061ee2\n|j|\u2606ArtictresUser\n|t:|1700317761\n|gametype|singles\n|player|p1|1ee2|nate|1117\n|player|p2|ArtictresUser|larry|1102\n|teamsize|p1|6\n|teamsize|p2|6\n|gen|9\n|tier|[Gen 9] OU\n|rated|\n|rule|Sleep Clause Mod: Limit one foe put to sleep\n|rule|Species Clause: Limit one of each Pok\u00e9mon\n|rule|OHKO Clause: OHKO moves are banned\n|rule|Evasion Items Clause: Evasion items are banned\n|rule|Evasion Moves Clause: Evasion moves are banned\n|rule|Endless Battle Clause: Forcing endless battles is banned\n|rule|HP Percentage Mod: HP is shown in percentages\n|clearpoke\n|poke|p1|Gholdengo|\n|poke|p1|Dondozo, F|\n|poke|p1|Corviknight, F|\n|poke|p1|Iron Valiant|\n|poke|p1|Kingambit, M|\n|poke|p1|Ceruledge, F|\n|poke|p2|Lycanroc, M|\n|poke|p2|Goodra, M|\n|poke|p2|Orthworm, M|\n|poke|p2|Pawmot, F|\n|poke|p2|Quaquaval, M|\n|poke|p2|Dudunsparce-*, M|\n|teampreview\n|inactive|Battle timer is ON: inactive players will automatically lose when time's up. (requested by ArtictresUser)\n|inactive|1ee2 also wants the timer to be on.\n|\n|t:|1700317779\n|start\n|switch|p1a: Ceruledge|Ceruledge, F|100\/100\n|switch|p2a: Orthworm|Orthworm, M|100\/100\n|turn|1\n|\n|t:|1700317784\n|move|p2a: Orthworm|Protect|p2a: Orthworm\n|-singleturn|p2a: Orthworm|Protect\n|move|p1a: Ceruledge|Swords Dance|p1a: Ceruledge\n|-boost|p1a: Ceruledge|atk|2\n|\n|upkeep\n|turn|2\n|\n|t:|1700317801\n|switch|p2a: Lycanroc|Lycanroc, M|100\/100\n|move|p1a: Ceruledge|Bitter Blade|p2a: Lycanroc\n|-resisted|p2a: Lycanroc\n|-damage|p2a: Lycanroc|18\/100\n|\n|upkeep\n|turn|3\n|\n|t:|1700317805\n|move|p2a: Lycanroc|Accelerock|p1a: Ceruledge\n|-supereffective|p1a: Ceruledge\n|-damage|p1a: Ceruledge|43\/100\n|-ability|p1a: Ceruledge|Weak Armor|boost\n|-unboost|p1a: Ceruledge|def|1\n|-boost|p1a: Ceruledge|spe|2\n|move|p1a: Ceruledge|Shadow Sneak|p2a: Lycanroc\n|-damage|p2a: Lycanroc|0 fnt\n|faint|p2a: Lycanroc\n|\n|upkeep\n|\n|t:|1700317812\n|switch|p2a: Quaquaval|Quaquaval, M|100\/100\n|turn|4\n|\n|t:|1700317816\n|move|p1a: Ceruledge|Poltergeist|p2a: Quaquaval|[miss]\n|-miss|p1a: Ceruledge|p2a: Quaquaval\n|move|p2a: Quaquaval|Aqua Step|p1a: Ceruledge\n|-supereffective|p1a: Ceruledge\n|-damage|p1a: Ceruledge|0 fnt\n|-boost|p2a: Quaquaval|spe|1\n|faint|p1a: Ceruledge\n|-ability|p2a: Quaquaval|Moxie|boost\n|-boost|p2a: Quaquaval|atk|1\n|\n|upkeep\n|\n|t:|1700317829\n|switch|p1a: Corviknight|Corviknight, F|100\/100\n|-ability|p1a: Corviknight|Pressure\n|turn|5\n|\n|t:|1700317840\n|switch|p2a: Dudunsparce|Dudunsparce, M|100\/100\n|move|p1a: Corviknight|Brave Bird|p2a: Dudunsparce\n|-damage|p2a: Dudunsparce|78\/100\n|-damage|p1a: Corviknight|92\/100|[from] Recoil\n|\n|-heal|p1a: Corviknight|98\/100|[from] item: Leftovers\n|-heal|p2a: Dudunsparce|85\/100|[from] item: Leftovers\n|upkeep\n|turn|6\n|\n|t:|1700317846\n|move|p1a: Corviknight|U-turn|p2a: Dudunsparce\n|-damage|p2a: Dudunsparce|75\/100\n|\n|t:|1700317851\n|switch|p1a: Kingambit|Kingambit, M|100\/100|[from] U-turn\n|-activate|p1a: Kingambit|ability: Supreme Overlord\n|-start|p1a: Kingambit|fallen1|[silent]\n|move|p2a: Dudunsparce|Calm Mind|p2a: Dudunsparce\n|-boost|p2a: Dudunsparce|spa|1\n|-boost|p2a: Dudunsparce|spd|1\n|\n|-heal|p2a: Dudunsparce|81\/100|[from] item: Leftovers\n|upkeep\n|turn|7\n|\n|t:|1700317855\n|move|p1a: Kingambit|Swords Dance|p1a: Kingambit\n|-boost|p1a: Kingambit|atk|2\n|move|p2a: Dudunsparce|Flamethrower|p1a: Kingambit\n|-supereffective|p1a: Kingambit\n|-damage|p1a: Kingambit|39\/100\n|\n|-heal|p2a: Dudunsparce|88\/100|[from] item: Leftovers\n|upkeep\n|turn|8\n|\n|t:|1700317861\n|move|p1a: Kingambit|Kowtow Cleave|p2a: Dudunsparce\n|-damage|p2a: Dudunsparce|24\/100\n|move|p2a: Dudunsparce|Calm Mind|p2a: Dudunsparce\n|-boost|p2a: Dudunsparce|spa|1\n|-boost|p2a: Dudunsparce|spd|1\n|\n|-heal|p2a: Dudunsparce|30\/100|[from] item: Leftovers\n|upkeep\n|turn|9\n|\n|t:|1700317864\n|move|p1a: Kingambit|Kowtow Cleave|p2a: Dudunsparce\n|-damage|p2a: Dudunsparce|0 fnt\n|faint|p2a: Dudunsparce\n|\n|upkeep\n|\n|t:|1700317866\n|switch|p2a: Quaquaval|Quaquaval, M|100\/100\n|turn|10\n|\n|t:|1700317871\n|move|p1a: Kingambit|Sucker Punch||[still]\n|-fail|p1a: Kingambit\n|move|p2a: Quaquaval|Bulk Up|p2a: Quaquaval\n|-boost|p2a: Quaquaval|atk|1\n|-boost|p2a: Quaquaval|def|1\n|\n|upkeep\n|turn|11\n|\n|t:|1700317878\n|move|p1a: Kingambit|Sucker Punch|p2a: Quaquaval\n|-resisted|p2a: Quaquaval\n|-damage|p2a: Quaquaval|74\/100\n|move|p2a: Quaquaval|Aqua Step|p1a: Kingambit\n|-damage|p1a: Kingambit|0 fnt\n|-boost|p2a: Quaquaval|spe|1\n|faint|p1a: Kingambit\n|-end|p1a: Kingambit|fallen1|[silent]\n|-ability|p2a: Quaquaval|Moxie|boost\n|-boost|p2a: Quaquaval|atk|1\n|\n|upkeep\n|\n|t:|1700317884\n|switch|p1a: Dondozo|Dondozo, F|100\/100\n|turn|12\n|\n|t:|1700317888\n|move|p2a: Quaquaval|Bulk Up|p2a: Quaquaval\n|-boost|p2a: Quaquaval|atk|1\n|-boost|p2a: Quaquaval|def|1\n|move|p1a: Dondozo|Liquidation|p2a: Quaquaval\n|-resisted|p2a: Quaquaval\n|-damage|p2a: Quaquaval|61\/100\n|\n|upkeep\n|turn|13\n|\n|t:|1700317895\n|move|p2a: Quaquaval|Bulk Up|p2a: Quaquaval\n|-boost|p2a: Quaquaval|atk|1\n|-boost|p2a: Quaquaval|def|1\n|move|p1a: Dondozo|Body Press|p2a: Quaquaval\n|-damage|p2a: Quaquaval|37\/100\n|\n|upkeep\n|turn|14\n|\n|t:|1700317900\n|move|p2a: Quaquaval|Roost|p2a: Quaquaval\n|-heal|p2a: Quaquaval|87\/100\n|-singleturn|p2a: Quaquaval|move: Roost\n|move|p1a: Dondozo|Body Press|p2a: Quaquaval\n|-damage|p2a: Quaquaval|63\/100\n|\n|upkeep\n|turn|15\n|\n|t:|1700317905\n|move|p2a: Quaquaval|Aqua Step|p1a: Dondozo\n|-resisted|p1a: Dondozo\n|-damage|p1a: Dondozo|93\/100\n|-boost|p2a: Quaquaval|spe|1\n|move|p1a: Dondozo|Body Press|p2a: Quaquaval\n|-damage|p2a: Quaquaval|40\/100\n|\n|upkeep\n|turn|16\n|\n|t:|1700317912\n|move|p2a: Quaquaval|Roost|p2a: Quaquaval\n|-heal|p2a: Quaquaval|90\/100\n|-singleturn|p2a: Quaquaval|move: Roost\n|move|p1a: Dondozo|Body Press|p2a: Quaquaval\n|-damage|p2a: Quaquaval|65\/100\n|\n|upkeep\n|turn|17\n|\n|t:|1700317917\n|move|p2a: Quaquaval|Aqua Step|p1a: Dondozo\n|-resisted|p1a: Dondozo\n|-crit|p1a: Dondozo\n|-damage|p1a: Dondozo|82\/100\n|-boost|p2a: Quaquaval|spe|1\n|move|p1a: Dondozo|Body Press|p2a: Quaquaval\n|-damage|p2a: Quaquaval|41\/100\n|\n|upkeep\n|turn|18\n|\n|t:|1700317923\n|move|p2a: Quaquaval|Roost|p2a: Quaquaval\n|-heal|p2a: Quaquaval|91\/100\n|-singleturn|p2a: Quaquaval|move: Roost\n|move|p1a: Dondozo|Body Press|p2a: Quaquaval\n|-damage|p2a: Quaquaval|69\/100\n|\n|upkeep\n|turn|19\n|\n|t:|1700317927\n|move|p2a: Quaquaval|Aqua Step|p1a: Dondozo\n|-resisted|p1a: Dondozo\n|-damage|p1a: Dondozo|75\/100\n|-boost|p2a: Quaquaval|spe|1\n|move|p1a: Dondozo|Body Press|p2a: Quaquaval\n|-damage|p2a: Quaquaval|47\/100\n|\n|upkeep\n|turn|20\n|\n|t:|1700317942\n|move|p2a: Quaquaval|Roost|p2a: Quaquaval\n|-heal|p2a: Quaquaval|97\/100\n|-singleturn|p2a: Quaquaval|move: Roost\n|move|p1a: Dondozo|Body Press|p2a: Quaquaval\n|-damage|p2a: Quaquaval|72\/100\n|\n|upkeep\n|turn|21\n|\n|t:|1700317957\n|move|p2a: Quaquaval|Bulk Up|p2a: Quaquaval\n|-boost|p2a: Quaquaval|atk|1\n|-boost|p2a: Quaquaval|def|1\n|move|p1a: Dondozo|Body Press|p2a: Quaquaval\n|-damage|p2a: Quaquaval|46\/100\n|\n|upkeep\n|turn|22\n|l|\u26061ee2\n|inactive|1ee2 disconnected and has a minute to reconnect!\n|player|p1|\n|inactive|1ee2 has 30 seconds to reconnect!\n|j|\u26061ee2\n|inactive|1ee2 reconnected and has 110 seconds left.\n|player|p1|1ee2|nate\n|\n|t:|1700317999\n|move|p2a: Quaquaval|Bulk Up|p2a: Quaquaval\n|-boost|p2a: Quaquaval|atk|1\n|-boost|p2a: Quaquaval|def|1\n|move|p1a: Dondozo|Body Press|p2a: Quaquaval\n|-damage|p2a: Quaquaval|24\/100\n|\n|upkeep\n|turn|23\n|\n|t:|1700318005\n|move|p2a: Quaquaval|Roost|p2a: Quaquaval\n|-heal|p2a: Quaquaval|74\/100\n|-singleturn|p2a: Quaquaval|move: Roost\n|move|p1a: Dondozo|Body Press|p2a: Quaquaval\n|-damage|p2a: Quaquaval|52\/100\n|\n|upkeep\n|turn|24\n|\n|t:|1700318020\n|move|p2a: Quaquaval|Close Combat|p1a: Dondozo\n|-crit|p1a: Dondozo\n|-damage|p1a: Dondozo|44\/100\n|-unboost|p2a: Quaquaval|def|1\n|-unboost|p2a: Quaquaval|spd|1\n|move|p1a: Dondozo|Liquidation|p2a: Quaquaval\n|-resisted|p2a: Quaquaval\n|-damage|p2a: Quaquaval|40\/100\n|-unboost|p2a: Quaquaval|def|1\n|\n|upkeep\n|turn|25\n|inactive|1ee2 has 90 seconds left.\n|l|\u26061ee2\n|inactive|1ee2 disconnected and has a minute to reconnect!\n|player|p1|\n|j|\u26061ee2\n|inactive|1ee2 reconnected and has 65 seconds left.\n|player|p1|1ee2|nate\n|inactive|1ee2 has 60 seconds left.\n|\n|t:|1700318083\n|move|p2a: Quaquaval|Roost|p2a: Quaquaval\n|-heal|p2a: Quaquaval|90\/100\n|-singleturn|p2a: Quaquaval|move: Roost\n|move|p1a: Dondozo|Body Press|p2a: Quaquaval\n|-damage|p2a: Quaquaval|67\/100\n|\n|upkeep\n|turn|26\n|\n|t:|1700318087\n|move|p2a: Quaquaval|Close Combat|p1a: Dondozo\n|-damage|p1a: Dondozo|21\/100\n|-unboost|p2a: Quaquaval|def|1\n|-unboost|p2a: Quaquaval|spd|1\n|move|p1a: Dondozo|Rest|p1a: Dondozo\n|-status|p1a: Dondozo|slp|[from] move: Rest\n|-heal|p1a: Dondozo|100\/100 slp|[silent]\n|\n|upkeep\n|turn|27\n|\n|t:|1700318094\n|switch|p2a: Pawmot|Pawmot, F|100\/100\n|cant|p1a: Dondozo|slp\n|move|p1a: Dondozo|Sleep Talk|p1a: Dondozo\n|move|p1a: Dondozo|Rest||[from]move: Sleep Talk|[still]\n|-fail|p1a: Dondozo\n|\n|upkeep\n|turn|28\n|\n|t:|1700318106\n|switch|p1a: Gholdengo|Gholdengo|100\/100\n|move|p2a: Pawmot|Double Shock|p1a: Gholdengo\n|-damage|p1a: Gholdengo|41\/100\n|-start|p2a: Pawmot|typechange|???\/Fighting|[from] move: Double Shock\n|\n|upkeep\n|turn|29\n|\n|t:|1700318114\n|switch|p2a: Goodra|Goodra, M|100\/100\n|move|p1a: Gholdengo|Recover|p1a: Gholdengo\n|-heal|p1a: Gholdengo|91\/100\n|\n|upkeep\n|turn|30\n|\n|t:|1700318119\n|move|p1a: Gholdengo|Nasty Plot|p1a: Gholdengo\n|-boost|p1a: Gholdengo|spa|2\n|move|p2a: Goodra|Fire Blast|p1a: Gholdengo\n|-supereffective|p1a: Gholdengo\n|-damage|p1a: Gholdengo|30\/100\n|\n|upkeep\n|turn|31\n|\n|t:|1700318125\n|move|p1a: Gholdengo|Make It Rain|p2a: Goodra\n|-damage|p2a: Goodra|61\/100\n|-unboost|p1a: Gholdengo|spa|1\n|move|p2a: Goodra|Fire Blast|p1a: Gholdengo\n|-supereffective|p1a: Gholdengo\n|-damage|p1a: Gholdengo|0 fnt\n|faint|p1a: Gholdengo\n|\n|upkeep\n|\n|t:|1700318136\n|switch|p1a: Corviknight|Corviknight, F|98\/100\n|-ability|p1a: Corviknight|Pressure\n|turn|32\n|\n|t:|1700318143\n|switch|p2a: Orthworm|Orthworm, M|100\/100\n|move|p1a: Corviknight|Brave Bird|p2a: Orthworm\n|-resisted|p2a: Orthworm\n|-damage|p2a: Orthworm|90\/100\n|-damage|p1a: Corviknight|95\/100|[from] Recoil\n|\n|-heal|p2a: Orthworm|96\/100|[from] item: Leftovers\n|-heal|p1a: Corviknight|100\/100|[from] item: Leftovers\n|upkeep\n|turn|33\n|\n|t:|1700318148\n|move|p2a: Orthworm|Stealth Rock|p1a: Corviknight\n|-sidestart|p1: 1ee2|move: Stealth Rock\n|move|p1a: Corviknight|U-turn|p2a: Orthworm\n|-resisted|p2a: Orthworm\n|-damage|p2a: Orthworm|92\/100\n|\n|t:|1700318163\n|switch|p1a: Dondozo|Dondozo, F|100\/100 slp|[from] U-turn\n|\n|-heal|p2a: Orthworm|98\/100|[from] item: Leftovers\n|upkeep\n|turn|34\n|\n|t:|1700318173\n|move|p2a: Orthworm|Body Press|p1a: Dondozo\n|-damage|p1a: Dondozo|86\/100 slp\n|cant|p1a: Dondozo|slp\n|move|p1a: Dondozo|Sleep Talk|p1a: Dondozo\n|move|p1a: Dondozo|Liquidation|p2a: Orthworm|[from]move: Sleep Talk\n|-damage|p2a: Orthworm|80\/100\n|\n|-heal|p2a: Orthworm|86\/100|[from] item: Leftovers\n|upkeep\n|turn|35\n|inactive|1ee2 has 120 seconds left.\n|\n|t:|1700318180\n|switch|p2a: Pawmot|Pawmot, F|100\/100\n|-curestatus|p1a: Dondozo|slp|[msg]\n|move|p1a: Dondozo|Liquidation|p2a: Pawmot\n|-damage|p2a: Pawmot|56\/100\n|\n|upkeep\n|turn|36\n|\n|t:|1700318187\n|move|p2a: Pawmot|Double Shock|p1a: Dondozo\n|-supereffective|p1a: Dondozo\n|-damage|p1a: Dondozo|39\/100\n|-start|p2a: Pawmot|typechange|???\/Fighting|[from] move: Double Shock\n|move|p1a: Dondozo|Liquidation|p2a: Pawmot\n|-crit|p2a: Pawmot\n|-damage|p2a: Pawmot|0 fnt\n|faint|p2a: Pawmot\n|\n|upkeep\n|\n|t:|1700318194\n|switch|p2a: Goodra|Goodra, M|61\/100\n|turn|37\n|\n|t:|1700318197\n|move|p2a: Goodra|Thunderbolt|p1a: Dondozo\n|-supereffective|p1a: Dondozo\n|-damage|p1a: Dondozo|0 fnt\n|faint|p1a: Dondozo\n|\n|upkeep\n|\n|t:|1700318201\n|switch|p1a: Corviknight|Corviknight, F|100\/100\n|-damage|p1a: Corviknight|88\/100|[from] Stealth Rock\n|-ability|p1a: Corviknight|Pressure\n|turn|38\n|\n|t:|1700318207\n|switch|p2a: Orthworm|Orthworm, M|86\/100\n|move|p1a: Corviknight|Brave Bird|p2a: Orthworm\n|-resisted|p2a: Orthworm\n|-damage|p2a: Orthworm|75\/100\n|-damage|p1a: Corviknight|85\/100|[from] Recoil\n|\n|-heal|p2a: Orthworm|81\/100|[from] item: Leftovers\n|-heal|p1a: Corviknight|91\/100|[from] item: Leftovers\n|upkeep\n|turn|39\n|\n|t:|1700318213\n|move|p2a: Orthworm|Body Press|p1a: Corviknight\n|-damage|p1a: Corviknight|73\/100\n|move|p1a: Corviknight|Body Press|p2a: Orthworm\n|-supereffective|p2a: Orthworm\n|-damage|p2a: Orthworm|52\/100\n|\n|-heal|p2a: Orthworm|58\/100|[from] item: Leftovers\n|-heal|p1a: Corviknight|79\/100|[from] item: Leftovers\n|upkeep\n|turn|40\n|\n|t:|1700318218\n|move|p2a: Orthworm|Protect|p2a: Orthworm\n|-singleturn|p2a: Orthworm|Protect\n|move|p1a: Corviknight|Body Press|p2a: Orthworm\n|-activate|p2a: Orthworm|move: Protect\n|\n|-heal|p2a: Orthworm|64\/100|[from] item: Leftovers\n|-heal|p1a: Corviknight|85\/100|[from] item: Leftovers\n|upkeep\n|turn|41\n|\n|t:|1700318223\n|switch|p2a: Quaquaval|Quaquaval, M|67\/100\n|move|p1a: Corviknight|Body Press|p2a: Quaquaval\n|-damage|p2a: Quaquaval|44\/100\n|\n|-heal|p1a: Corviknight|91\/100|[from] item: Leftovers\n|upkeep\n|turn|42\n|\n|t:|1700318229\n|move|p2a: Quaquaval|Close Combat|p1a: Corviknight\n|-damage|p1a: Corviknight|61\/100\n|-unboost|p2a: Quaquaval|def|1\n|-unboost|p2a: Quaquaval|spd|1\n|move|p1a: Corviknight|Brave Bird|p2a: Quaquaval\n|-supereffective|p2a: Quaquaval\n|-damage|p2a: Quaquaval|0 fnt\n|faint|p2a: Quaquaval\n|-damage|p1a: Corviknight|48\/100|[from] Recoil\n|\n|-heal|p1a: Corviknight|54\/100|[from] item: Leftovers\n|upkeep\n|\n|t:|1700318233\n|switch|p2a: Orthworm|Orthworm, M|64\/100\n|turn|43\n|\n|t:|1700318236\n|move|p2a: Orthworm|Protect|p2a: Orthworm\n|-singleturn|p2a: Orthworm|Protect\n|move|p1a: Corviknight|Roost|p1a: Corviknight\n|-heal|p1a: Corviknight|100\/100\n|-singleturn|p1a: Corviknight|move: Roost\n|\n|-heal|p2a: Orthworm|70\/100|[from] item: Leftovers\n|upkeep\n|turn|44\n|\n|t:|1700318239\n|move|p2a: Orthworm|Body Press|p1a: Corviknight\n|-damage|p1a: Corviknight|81\/100\n|move|p1a: Corviknight|Body Press|p2a: Orthworm\n|-supereffective|p2a: Orthworm\n|-damage|p2a: Orthworm|36\/100\n|\n|-heal|p2a: Orthworm|42\/100|[from] item: Leftovers\n|-heal|p1a: Corviknight|87\/100|[from] item: Leftovers\n|upkeep\n|turn|45\n|\n|t:|1700318244\n|switch|p2a: Goodra|Goodra, M|61\/100\n|move|p1a: Corviknight|Body Press|p2a: Goodra\n|-damage|p2a: Goodra|32\/100\n|\n|-heal|p1a: Corviknight|93\/100|[from] item: Leftovers\n|upkeep\n|turn|46\n|\n|t:|1700318247\n|move|p2a: Goodra|Thunderbolt|p1a: Corviknight\n|-supereffective|p1a: Corviknight\n|-damage|p1a: Corviknight|51\/100\n|move|p1a: Corviknight|Brave Bird|p2a: Goodra\n|-damage|p2a: Goodra|0 fnt\n|faint|p2a: Goodra\n|-damage|p1a: Corviknight|41\/100|[from] Recoil\n|\n|-heal|p1a: Corviknight|47\/100|[from] item: Leftovers\n|upkeep\n|\n|t:|1700318250\n|switch|p2a: Orthworm|Orthworm, M|42\/100\n|turn|47\n|-message|ArtictresUser forfeited.\n|\n|win|1ee2\n|raw|1ee2's rating: 1117 &rarr; <strong>1141<\/strong><br \/>(+24 for winning)\n|raw|ArtictresUser's rating: 1102 &rarr; <strong>1078<\/strong><br \/>(-24 for losing)\n|l|\u2606ArtictresUser\n","uploadtime":1700318265,"views":14,"p1id":"1ee2","p2id":"artictresuser","formatid":"gen9ou","rating":1078,"private":0,"password":""}