{"id":"gen9ou-1990593625","p1":"BOBEM","p2":"FireFrostDragon","format":"[Gen 9] OU","log":"|j|\u2606BOBEM\n|j|\u2606FireFrostDragon\n|inactive|Battle timer is ON: inactive players will automatically lose when time's up.\n|t:|1699984176\n|gametype|singles\n|player|p1|BOBEM|steven|\n|player|p2|FireFrostDragon|acetrainerf|\n|teamsize|p1|5\n|teamsize|p2|5\n|gen|9\n|tier|[Gen 9] OU\n|rated|Tournament battle\n|rule|Sleep Clause Mod: Limit one foe put to sleep\n|rule|Species Clause: Limit one of each Pok\u00e9mon\n|rule|OHKO Clause: OHKO moves are banned\n|rule|Evasion Items Clause: Evasion items are banned\n|rule|Evasion Moves Clause: Evasion moves are banned\n|rule|Endless Battle Clause: Forcing endless battles is banned\n|rule|HP Percentage Mod: HP is shown in percentages\n|clearpoke\n|poke|p1|Stantler, M|\n|poke|p1|Wooper, F|\n|poke|p1|Arcanine-Hisui, M|\n|poke|p1|Sinistea|\n|poke|p1|Vigoroth, F|\n|poke|p2|Fuecoco, M|\n|poke|p2|Sinistcha-Masterpiece|\n|poke|p2|Rillaboom, M|\n|poke|p2|Munchlax, F|\n|poke|p2|Wiglett, M|\n|teampreview\n|j|*Lady Monita \u2746\n|inactive|BOBEM also wants the timer to be on.\n|j| Zwellish\n|j| horseradish2\n|j| Emo_Oppaidragon\n|\n|t:|1699984191\n|start\n|switch|p1a: Ganon|Stantler, M|100\/100\n|switch|p2a: Fuecoco|Fuecoco, M|100\/100\n|turn|1\n|\n|t:|1699984208\n|move|p1a: Ganon|Thunder Wave|p2a: Fuecoco\n|-status|p2a: Fuecoco|par\n|move|p2a: Fuecoco|Will-O-Wisp|p1a: Ganon\n|-status|p1a: Ganon|brn\n|\n|-damage|p1a: Ganon|94\/100 brn|[from] brn\n|upkeep\n|turn|2\n|j| poketough\n|\n|t:|1699984213\n|move|p1a: Ganon|Earthquake|p2a: Fuecoco\n|-supereffective|p2a: Fuecoco\n|-damage|p2a: Fuecoco|68\/100 par\n|cant|p2a: Fuecoco|par\n|\n|-damage|p1a: Ganon|88\/100 brn|[from] brn\n|upkeep\n|turn|3\n|\n|t:|1699984220\n|switch|p1a: Not good boy|Arcanine-Hisui, M|100\/100\n|move|p2a: Fuecoco|Slack Off|p2a: Fuecoco\n|-heal|p2a: Fuecoco|100\/100 par\n|\n|upkeep\n|turn|4\n|j| PokeSW\n|\n|t:|1699984227\n|move|p1a: Not good boy|Head Smash|p2a: Fuecoco\n|-supereffective|p2a: Fuecoco\n|-damage|p2a: Fuecoco|0 fnt\n|faint|p2a: Fuecoco\n|-damage|p1a: Not good boy|91\/100|[from] item: Life Orb\n|\n|upkeep\n|\n|t:|1699984233\n|switch|p2a: Wiglett|Wiglett, M|100\/100\n|turn|5\n|c| Zwellish|Wiglett!! My boy!! :)\n|\n|t:|1699984246\n|switch|p1a: Loo li|Vigoroth, F|100\/100\n|move|p2a: Wiglett|Liquidation|p1a: Loo li\n|-damage|p1a: Loo li|81\/100\n|\n|upkeep\n|turn|6\n|c|\u2606FireFrostDragon|I had to keep him\n|\n|t:|1699984260\n|move|p2a: Wiglett|Liquidation|p1a: Loo li\n|-damage|p1a: Loo li|62\/100\n|move|p1a: Loo li|Bulk Up|p1a: Loo li\n|-boost|p1a: Loo li|atk|1\n|-boost|p1a: Loo li|def|1\n|\n|upkeep\n|turn|7\n|\n|t:|1699984267\n|move|p2a: Wiglett|Liquidation|p1a: Loo li\n|-damage|p1a: Loo li|49\/100\n|move|p1a: Loo li|Bulk Up|p1a: Loo li\n|-boost|p1a: Loo li|atk|1\n|-boost|p1a: Loo li|def|1\n|\n|upkeep\n|turn|8\n|\n|t:|1699984273\n|move|p2a: Wiglett|Memento|p1a: Loo li\n|-unboost|p1a: Loo li|atk|2\n|-unboost|p1a: Loo li|spa|2\n|faint|p2a: Wiglett\n|move|p1a: Loo li|Slack Off|p1a: Loo li\n|-heal|p1a: Loo li|99\/100\n|\n|upkeep\n|\n|t:|1699984282\n|switch|p2a: Sinistcha|Sinistcha-Masterpiece|100\/100\n|turn|9\n|c| Emo_Oppaidragon|+\n|\n|t:|1699984297\n|move|p2a: Sinistcha|Nasty Plot|p2a: Sinistcha\n|-boost|p2a: Sinistcha|spa|2\n|move|p1a: Loo li|Knock Off|p2a: Sinistcha\n|-supereffective|p2a: Sinistcha\n|-damage|p2a: Sinistcha|42\/100\n|-enditem|p2a: Sinistcha|Focus Sash|[from] move: Knock Off|[of] p1a: Loo li\n|\n|upkeep\n|turn|10\n|\n|t:|1699984303\n|move|p2a: Sinistcha|Strength Sap|p1a: Loo li\n|-unboost|p1a: Loo li|atk|1\n|-heal|p2a: Sinistcha|100\/100\n|move|p1a: Loo li|Knock Off|p2a: Sinistcha\n|-supereffective|p2a: Sinistcha\n|-damage|p2a: Sinistcha|74\/100\n|\n|upkeep\n|turn|11\n|\n|t:|1699984313\n|switch|p1a: Ganon|Stantler, M|88\/100 brn\n|move|p2a: Sinistcha|Strength Sap|p1a: Ganon\n|-ability|p1a: Ganon|Sap Sipper|boost\n|-boost|p1a: Ganon|atk|1\n|\n|-damage|p1a: Ganon|82\/100 brn|[from] brn\n|upkeep\n|turn|12\n|l| Emo_Oppaidragon\n|\n|t:|1699984322\n|switch|p2a: Rillaboom|Rillaboom, M|100\/100\n|-fieldstart|move: Grassy Terrain|[from] ability: Grassy Surge|[of] p2a: Rillaboom\n|move|p1a: Ganon|Thunder Wave|p2a: Rillaboom\n|-status|p2a: Rillaboom|par\n|\n|-heal|p1a: Ganon|88\/100 brn|[from] Grassy Terrain\n|-damage|p1a: Ganon|82\/100 brn|[from] brn\n|upkeep\n|turn|13\n|\n|t:|1699984330\n|move|p1a: Ganon|Zen Headbutt|p2a: Rillaboom\n|-damage|p2a: Rillaboom|80\/100 par\n|cant|p2a: Rillaboom|par\n|\n|-heal|p1a: Ganon|88\/100 brn|[from] Grassy Terrain\n|-heal|p2a: Rillaboom|86\/100 par|[from] Grassy Terrain\n|-damage|p1a: Ganon|82\/100 brn|[from] brn\n|upkeep\n|turn|14\n|\n|t:|1699984335\n|move|p1a: Ganon|Zen Headbutt|p2a: Rillaboom\n|-damage|p2a: Rillaboom|65\/100 par\n|move|p2a: Rillaboom|Drain Punch|p1a: Ganon\n|-supereffective|p1a: Ganon\n|-damage|p1a: Ganon|14\/100 brn\n|-heal|p2a: Rillaboom|99\/100 par|[from] drain|[of] p1a: Ganon\n|\n|-heal|p1a: Ganon|20\/100 brn|[from] Grassy Terrain\n|-heal|p2a: Rillaboom|100\/100 par|[from] Grassy Terrain\n|-damage|p1a: Ganon|14\/100 brn|[from] brn\n|upkeep\n|turn|15\n|\n|t:|1699984340\n|move|p1a: Ganon|Zen Headbutt|p2a: Rillaboom\n|-damage|p2a: Rillaboom|82\/100 par\n|move|p2a: Rillaboom|Drain Punch|p1a: Ganon\n|-supereffective|p1a: Ganon\n|-damage|p1a: Ganon|0 fnt\n|-heal|p2a: Rillaboom|89\/100 par|[from] drain|[of] p1a: Ganon\n|faint|p1a: Ganon\n|\n|-heal|p2a: Rillaboom|95\/100 par|[from] Grassy Terrain\n|upkeep\n|\n|t:|1699984345\n|switch|p1a: Not good boy|Arcanine-Hisui, M|91\/100\n|turn|16\n|\n|t:|1699984361\n|-terastallize|p1a: Not good boy|Fire\n|move|p1a: Not good boy|Flare Blitz|p2a: Rillaboom\n|-supereffective|p2a: Rillaboom\n|-damage|p2a: Rillaboom|0 fnt\n|faint|p2a: Rillaboom\n|-damage|p1a: Not good boy|81\/100|[from] item: Life Orb\n|\n|-heal|p1a: Not good boy|87\/100|[from] Grassy Terrain\n|-fieldend|move: Grassy Terrain\n|upkeep\n|c|\u2606FireFrostDragon|this is the end for me\n|\n|t:|1699984373\n|switch|p2a: Munchlax|Munchlax, F|100\/100\n|turn|17\n|\n|t:|1699984377\n|move|p1a: Not good boy|Flare Blitz|p2a: Munchlax\n|-damage|p2a: Munchlax|20\/100\n|-damage|p1a: Not good boy|77\/100|[from] item: Life Orb\n|move|p2a: Munchlax|Body Slam|p1a: Not good boy\n|-damage|p1a: Not good boy|13\/100\n|\n|upkeep\n|turn|18\n|j| xdTactician\n|\n|t:|1699984382\n|move|p1a: Not good boy|Flare Blitz|p2a: Munchlax\n|-crit|p2a: Munchlax\n|-damage|p2a: Munchlax|0 fnt\n|faint|p2a: Munchlax\n|-damage|p1a: Not good boy|3\/100|[from] item: Life Orb\n|\n|upkeep\n|j| Emo_Oppaidragon\n|\n|t:|1699984384\n|switch|p2a: Sinistcha|Sinistcha-Masterpiece|74\/100\n|turn|19\n|\n|t:|1699984392\n|-terastallize|p2a: Sinistcha|Grass\n|move|p1a: Not good boy|Flare Blitz|p2a: Sinistcha\n|-supereffective|p2a: Sinistcha\n|-damage|p2a: Sinistcha|0 fnt\n|faint|p2a: Sinistcha\n|-damage|p1a: Not good boy|0 fnt|[from] item: Life Orb\n|faint|p1a: Not good boy\n|\n|win|BOBEM\n|n|\u2606BOBEM|bobem\n|n|\u2606FireFrostDragon|firefrostdragon\n|n|*Lady Monita \u2746|ladymonita\n|n| Zwellish|zwellish\n|n| horseradish2|horseradish2\n|n| poketough|poketough\n|n| PokeSW|pokesw\n|n| xdTactician|xdtactician\n|n| Emo_Oppaidragon|emooppaidragon\n","uploadtime":1699984395,"views":5,"p1id":"bobem","p2id":"firefrostdragon","formatid":"gen9ou","rating":0,"private":0,"password":""}