{"id":"gen9ou-1993329107","p1":"waha8","p2":"HamHamBread","format":"[Gen 9] OU","log":"|j|\u2606waha8\n|j|\u2606HamHamBread\n|t:|1700299470\n|gametype|singles\n|player|p1|waha8|102|1516\n|player|p2|HamHamBread|rocketgrunt|1443\n|teamsize|p1|6\n|teamsize|p2|6\n|gen|9\n|tier|[Gen 9] OU\n|rated|\n|rule|Sleep Clause Mod: Limit one foe put to sleep\n|rule|Species Clause: Limit one of each Pok\u00e9mon\n|rule|OHKO Clause: OHKO moves are banned\n|rule|Evasion Items Clause: Evasion items are banned\n|rule|Evasion Moves Clause: Evasion moves are banned\n|rule|Endless Battle Clause: Forcing endless battles is banned\n|rule|HP Percentage Mod: HP is shown in percentages\n|clearpoke\n|poke|p1|Indeedee, M|\n|poke|p1|Ninetales-Alola, F|\n|poke|p1|Sneasler, M|\n|poke|p1|Gallade, M|\n|poke|p1|Slowking-Galar, M|\n|poke|p1|Haxorus, M|\n|poke|p2|Kingambit, F|\n|poke|p2|Glimmora, F|\n|poke|p2|Zamazenta-*|\n|poke|p2|Iron Valiant|\n|poke|p2|Iron Moth|\n|poke|p2|Ogerpon-Wellspring, F|\n|teampreview\n|\n|t:|1700299488\n|start\n|switch|p1a: DeeDee|Indeedee, M|100\/100\n|switch|p2a: Glimmora|Glimmora, F|100\/100\n|-fieldstart|move: Psychic Terrain|[from] ability: Psychic Surge|[of] p1a: DeeDee\n|turn|1\n|inactive|Battle timer is ON: inactive players will automatically lose when time's up. (requested by waha8)\n|\n|t:|1700299511\n|move|p1a: DeeDee|Psychic|p2a: Glimmora\n|-supereffective|p2a: Glimmora\n|-enditem|p2a: Glimmora|Focus Sash\n|-damage|p2a: Glimmora|1\/100\n|move|p2a: Glimmora|Power Gem|p1a: DeeDee\n|-damage|p1a: DeeDee|45\/100\n|\n|upkeep\n|turn|2\n|\n|t:|1700299522\n|move|p1a: DeeDee|Dazzling Gleam|p2a: Glimmora\n|-resisted|p2a: Glimmora\n|-damage|p2a: Glimmora|0 fnt\n|faint|p2a: Glimmora\n|\n|upkeep\n|\n|t:|1700299544\n|switch|p2a: Ogerpon|Ogerpon-Wellspring, F|100\/100\n|turn|3\n|inactive|HamHamBread has 120 seconds left.\n|\n|t:|1700299565\n|move|p2a: Ogerpon|Ivy Cudgel|p1a: DeeDee|[anim] Ivy Cudgel Water\n|-damage|p1a: DeeDee|0 fnt\n|faint|p1a: DeeDee\n|\n|upkeep\n|\n|t:|1700299569\n|switch|p1a: DoNotCare|Haxorus, M|100\/100\n|-ability|p1a: DoNotCare|Mold Breaker\n|turn|4\n|inactive|HamHamBread has 120 seconds left.\n|\n|t:|1700299580\n|move|p2a: Ogerpon|Knock Off|p1a: DoNotCare\n|-damage|p1a: DoNotCare|51\/100\n|-enditem|p1a: DoNotCare|Life Orb|[from] move: Knock Off|[of] p2a: Ogerpon\n|move|p1a: DoNotCare|Dragon Dance|p1a: DoNotCare\n|-boost|p1a: DoNotCare|atk|1\n|-boost|p1a: DoNotCare|spe|1\n|\n|upkeep\n|turn|5\n|inactive|HamHamBread has 120 seconds left.\n|\n|t:|1700299604\n|move|p1a: DoNotCare|Close Combat|p2a: Ogerpon\n|-damage|p2a: Ogerpon|0 fnt\n|-unboost|p1a: DoNotCare|def|1\n|-unboost|p1a: DoNotCare|spd|1\n|faint|p2a: Ogerpon\n|\n|upkeep\n|inactive|HamHamBread has 90 seconds left.\n|\n|t:|1700299630\n|switch|p2a: Zamazenta|Zamazenta|100\/100\n|-ability|p2a: Zamazenta|Dauntless Shield|boost\n|-boost|p2a: Zamazenta|def|1\n|turn|6\n|inactive|HamHamBread has 90 seconds left.\n|\n|t:|1700299651\n|move|p1a: DoNotCare|Outrage|p2a: Zamazenta\n|-damage|p2a: Zamazenta|35\/100\n|move|p2a: Zamazenta|Crunch|p1a: DoNotCare\n|-damage|p1a: DoNotCare|3\/100\n|-unboost|p1a: DoNotCare|def|1\n|\n|-heal|p2a: Zamazenta|41\/100|[from] item: Leftovers\n|upkeep\n|turn|7\n|\n|t:|1700299659\n|switch|p2a: Iron Valiant|Iron Valiant, shiny|100\/100\n|-enditem|p2a: Iron Valiant|Booster Energy\n|-activate|p2a: Iron Valiant|ability: Quark Drive|[fromitem]\n|-start|p2a: Iron Valiant|quarkdrivespe\n|move|p1a: DoNotCare|Outrage|p2a: Iron Valiant|[from]lockedmove\n|-immune|p2a: Iron Valiant\n|\n|upkeep\n|turn|8\n|inactive|HamHamBread has 90 seconds left.\n|\n|t:|1700299679\n|switch|p1a: Sonic|Sneasler, M|100\/100\n|-enditem|p1a: Sonic|Psychic Seed\n|-boost|p1a: Sonic|spd|1|[from] item: Psychic Seed\n|move|p2a: Iron Valiant|Psyshock|p1a: Sonic\n|-supereffective|p1a: Sonic\n|-damage|p1a: Sonic|0 fnt\n|faint|p1a: Sonic\n|\n|-fieldend|move: Psychic Terrain\n|upkeep\n|\n|t:|1700299688\n|switch|p1a: SageofSixPath|Slowking-Galar, M|100\/100\n|turn|9\n|inactive|HamHamBread has 90 seconds left.\n|\n|t:|1700299708\n|-end|p2a: Iron Valiant|Quark Drive|[silent]\n|switch|p2a: Iron Moth|Iron Moth|100\/100\n|-enditem|p2a: Iron Moth|Booster Energy\n|-activate|p2a: Iron Moth|ability: Quark Drive|[fromitem]\n|-start|p2a: Iron Moth|quarkdrivespe\n|move|p1a: SageofSixPath|Trick Room|p1a: SageofSixPath\n|-fieldstart|move: Trick Room|[of] p1a: SageofSixPath\n|\n|upkeep\n|turn|10\n|\n|t:|1700299722\n|move|p1a: SageofSixPath|Psychic|p2a: Iron Moth\n|-supereffective|p2a: Iron Moth\n|-damage|p2a: Iron Moth|0 fnt\n|faint|p2a: Iron Moth\n|-end|p2a: Iron Moth|Quark Drive|[silent]\n|-damage|p1a: SageofSixPath|91\/100|[from] item: Life Orb\n|\n|upkeep\n|inactive|HamHamBread has 60 seconds left.\n|\n|t:|1700299748\n|switch|p2a: Kingambit|Kingambit, F|100\/100\n|-activate|p2a: Kingambit|ability: Supreme Overlord\n|-start|p2a: Kingambit|fallen3|[silent]\n|turn|11\n|inactive|HamHamBread has 60 seconds left.\n|\n|t:|1700299756\n|move|p2a: Kingambit|Sucker Punch|p1a: SageofSixPath\n|-supereffective|p1a: SageofSixPath\n|-damage|p1a: SageofSixPath|0 fnt\n|faint|p1a: SageofSixPath\n|\n|upkeep\n|\n|t:|1700299761\n|switch|p1a: Lee|Gallade, M|100\/100\n|turn|12\n|inactive|HamHamBread has 60 seconds left.\n|inactive|HamHamBread has 30 seconds left.\n|\n|t:|1700299808\n|-terastallize|p2a: Kingambit|Flying\n|move|p2a: Kingambit|Iron Head|p1a: Lee\n|-damage|p1a: Lee|13\/100\n|move|p1a: Lee|Sacred Sword|p2a: Kingambit\n|-resisted|p2a: Kingambit\n|-damage|p2a: Kingambit|60\/100\n|-damage|p1a: Lee|3\/100|[from] item: Life Orb\n|\n|upkeep\n|turn|13\n|inactive|HamHamBread has 30 seconds left.\n|\n|t:|1700299825\n|switch|p1a: DoNotCare|Haxorus, M|3\/100\n|-ability|p1a: DoNotCare|Mold Breaker\n|move|p2a: Kingambit|Iron Head|p1a: DoNotCare\n|-damage|p1a: DoNotCare|0 fnt\n|faint|p1a: DoNotCare\n|\n|-fieldend|move: Trick Room\n|upkeep\n|inactive|HamHamBread has 30 seconds left this turn.\n|\n|t:|1700299832\n|switch|p1a: Mavis|Ninetales-Alola, F|100\/100\n|-weather|Snow|[from] ability: Snow Warning|[of] p1a: Mavis\n|turn|14\n|inactive|HamHamBread has 30 seconds left.\n|\n|t:|1700299848\n|move|p1a: Mavis|Freeze-Dry|p2a: Kingambit\n|-supereffective|p2a: Kingambit\n|-damage|p2a: Kingambit|0 fnt\n|faint|p2a: Kingambit\n|-end|p2a: Kingambit|fallen3|[silent]\n|\n|-weather|Snow|[upkeep]\n|upkeep\n|inactive|HamHamBread has 30 seconds left this turn.\n|inactive|HamHamBread has 20 seconds left.\n|inactive|HamHamBread has 15 seconds left.\n|\n|t:|1700299866\n|switch|p2a: Zamazenta|Zamazenta|41\/100\n|turn|15\n|inactive|HamHamBread has 25 seconds left this turn.\n|inactive|HamHamBread has 20 seconds left.\n|inactive|HamHamBread has 15 seconds left.\n|inactive|HamHamBread has 10 seconds left.\n|\n|t:|1700299883\n|-terastallize|p1a: Mavis|Ice\n|move|p2a: Zamazenta|Stone Edge|p1a: Mavis\n|-supereffective|p1a: Mavis\n|-damage|p1a: Mavis|34\/100\n|move|p1a: Mavis|Moonblast|p2a: Zamazenta\n|-supereffective|p2a: Zamazenta\n|-damage|p2a: Zamazenta|0 fnt\n|faint|p2a: Zamazenta\n|\n|-weather|Snow|[upkeep]\n|upkeep\n|inactive|HamHamBread has 15 seconds left this turn.\n|inactive|HamHamBread has 10 seconds left.\n|\n|t:|1700299892\n|switch|p2a: Iron Valiant|Iron Valiant, shiny|100\/100\n|turn|16\n|inactive|HamHamBread has 20 seconds left this turn.\n|\n|t:|1700299896\n|move|p2a: Iron Valiant|Moonblast|p1a: Mavis\n|-damage|p1a: Mavis|0 fnt\n|faint|p1a: Mavis\n|\n|-weather|Snow|[upkeep]\n|upkeep\n|inactive|HamHamBread has 25 seconds left this turn.\n|-message|waha8 forfeited.\n|\n|win|HamHamBread\n|inactive|HamHamBread has 30 seconds left this turn.\n|raw|waha8's rating: 1516 &rarr; <strong>1492<\/strong><br \/>(-24 for losing)\n|raw|HamHamBread's rating: 1443 &rarr; <strong>1467<\/strong><br \/>(+24 for winning)\n|l|\u2606waha8\n","uploadtime":1700299965,"views":17,"p1id":"waha8","p2id":"hamhambread","formatid":"gen9ou","rating":1467,"private":0,"password":""}