{"id":"gen9ou-1988394125","p1":"yellow motorola","p2":"AndrewF462","format":"[Gen 9] OU","log":"|j|\u2606yellow motorola\n|j|\u2606AndrewF462\n|t:|1699718005\n|gametype|singles\n|player|p1|yellow motorola|byron|1513\n|player|p2|AndrewF462|1|1432\n|teamsize|p1|6\n|teamsize|p2|6\n|gen|9\n|tier|[Gen 9] OU\n|rated|\n|rule|Sleep Clause Mod: Limit one foe put to sleep\n|rule|Species Clause: Limit one of each Pok\u00e9mon\n|rule|OHKO Clause: OHKO moves are banned\n|rule|Evasion Items Clause: Evasion items are banned\n|rule|Evasion Moves Clause: Evasion moves are banned\n|rule|Endless Battle Clause: Forcing endless battles is banned\n|rule|HP Percentage Mod: HP is shown in percentages\n|clearpoke\n|poke|p1|Gliscor, M|\n|poke|p1|Gholdengo|\n|poke|p1|Ninetales-Alola, M|\n|poke|p1|Kingambit, M|\n|poke|p1|Iron Valiant|\n|poke|p1|Ogerpon-Wellspring, F|\n|poke|p2|Rotom-Wash|\n|poke|p2|Tyranitar, F|\n|poke|p2|Cinderace, F|\n|poke|p2|Zapdos|\n|poke|p2|Garchomp, F|\n|poke|p2|Iron Valiant|\n|teampreview\n|inactive|Battle timer is ON: inactive players will automatically lose when time's up. (requested by yellow motorola)\n|\n|t:|1699718017\n|start\n|switch|p1a: Kurama-Alola|Ninetales-Alola, M|100\/100\n|switch|p2a: Rotom|Rotom-Wash|100\/100\n|-weather|Snow|[from] ability: Snow Warning|[of] p1a: Kurama-Alola\n|turn|1\n|\n|t:|1699718022\n|move|p2a: Rotom|Volt Switch|p1a: Kurama-Alola\n|-damage|p1a: Kurama-Alola|76\/100\n|\n|t:|1699718024\n|switch|p2a: Tyranitar|Tyranitar, F|100\/100|[from] Volt Switch\n|-weather|Sandstorm|[from] ability: Sand Stream|[of] p2a: Tyranitar\n|move|p1a: Kurama-Alola|Aurora Veil||[still]\n|-fail|p1a: Kurama-Alola\n|\n|-weather|Sandstorm|[upkeep]\n|-damage|p1a: Kurama-Alola|70\/100|[from] Sandstorm\n|upkeep\n|turn|2\n|\n|t:|1699718036\n|switch|p1a: \ud83c\udf0aKatara|Ogerpon-Wellspring, F|100\/100\n|move|p2a: Tyranitar|Rock Blast|p1a: \ud83c\udf0aKatara\n|-damage|p1a: \ud83c\udf0aKatara|87\/100\n|-damage|p1a: \ud83c\udf0aKatara|73\/100\n|-damage|p1a: \ud83c\udf0aKatara|58\/100\n|-hitcount|p1a: \ud83c\udf0aKatara|3\n|\n|-weather|Sandstorm|[upkeep]\n|-damage|p1a: \ud83c\udf0aKatara|52\/100|[from] Sandstorm\n|upkeep\n|turn|3\n|\n|t:|1699718049\n|switch|p2a: Rotom|Rotom-Wash|100\/100\n|move|p1a: \ud83c\udf0aKatara|Ivy Cudgel|p2a: Rotom\n|-resisted|p2a: Rotom\n|-damage|p2a: Rotom|71\/100\n|\n|-weather|Sandstorm|[upkeep]\n|-damage|p2a: Rotom|65\/100|[from] Sandstorm\n|-damage|p1a: \ud83c\udf0aKatara|46\/100|[from] Sandstorm\n|upkeep\n|turn|4\n|\n|t:|1699718055\n|move|p2a: Rotom|Volt Switch|p1a: \ud83c\udf0aKatara\n|-damage|p1a: \ud83c\udf0aKatara|15\/100\n|\n|t:|1699718062\n|switch|p2a: Cinderace|Cinderace, F|100\/100|[from] Volt Switch\n|move|p1a: \ud83c\udf0aKatara|Horn Leech|p2a: Cinderace\n|-resisted|p2a: Cinderace\n|-damage|p2a: Cinderace|71\/100\n|-heal|p1a: \ud83c\udf0aKatara|30\/100|[from] drain|[of] p2a: Cinderace\n|\n|-weather|Sandstorm|[upkeep]\n|-damage|p2a: Cinderace|65\/100|[from] Sandstorm\n|-damage|p1a: \ud83c\udf0aKatara|24\/100|[from] Sandstorm\n|upkeep\n|turn|5\n|\n|t:|1699718073\n|move|p2a: Cinderace|U-turn|p1a: \ud83c\udf0aKatara\n|-start|p2a: Cinderace|typechange|Bug|[from] ability: Libero\n|-supereffective|p1a: \ud83c\udf0aKatara\n|-damage|p1a: \ud83c\udf0aKatara|0 fnt\n|faint|p1a: \ud83c\udf0aKatara\n|\n|t:|1699718078\n|switch|p2a: Rotom|Rotom-Wash|65\/100|[from] U-turn\n|\n|-weather|none\n|upkeep\n|\n|t:|1699718081\n|switch|p1a: Space Cowboy|Iron Valiant|100\/100\n|-enditem|p1a: Space Cowboy|Booster Energy\n|-activate|p1a: Space Cowboy|ability: Quark Drive|[fromitem]\n|-start|p1a: Space Cowboy|quarkdrivespe\n|turn|6\n|\n|t:|1699718086\n|move|p1a: Space Cowboy|Moonblast|p2a: Rotom\n|-damage|p2a: Rotom|13\/100\n|move|p2a: Rotom|Volt Switch|p1a: Space Cowboy\n|-damage|p1a: Space Cowboy|55\/100\n|\n|t:|1699718096\n|switch|p2a: Cinderace|Cinderace, F|65\/100|[from] Volt Switch\n|\n|upkeep\n|turn|7\n|\n|t:|1699718100\n|move|p1a: Space Cowboy|Thunderbolt|p2a: Cinderace\n|-damage|p2a: Cinderace|19\/100\n|move|p2a: Cinderace|Pyro Ball|p1a: Space Cowboy|[miss]\n|-miss|p2a: Cinderace|p1a: Space Cowboy\n|\n|upkeep\n|turn|8\n|\n|t:|1699718104\n|move|p1a: Space Cowboy|Moonblast|p2a: Cinderace\n|-resisted|p2a: Cinderace\n|-damage|p2a: Cinderace|0 fnt\n|faint|p2a: Cinderace\n|\n|upkeep\n|\n|t:|1699718109\n|switch|p2a: Zapdos|Zapdos|100\/100\n|turn|9\n|\n|t:|1699718111\n|move|p1a: Space Cowboy|Moonblast|p2a: Zapdos\n|-damage|p2a: Zapdos|54\/100\n|move|p2a: Zapdos|Hurricane|p1a: Space Cowboy|[miss]\n|-miss|p2a: Zapdos|p1a: Space Cowboy\n|\n|upkeep\n|turn|10\n|\n|t:|1699718114\n|move|p1a: Space Cowboy|Moonblast|p2a: Zapdos\n|-damage|p2a: Zapdos|10\/100\n|move|p2a: Zapdos|Hurricane|p1a: Space Cowboy\n|-supereffective|p1a: Space Cowboy\n|-damage|p1a: Space Cowboy|0 fnt\n|faint|p1a: Space Cowboy\n|-end|p1a: Space Cowboy|Quark Drive|[silent]\n|\n|upkeep\n|\n|t:|1699718118\n|switch|p1a: Kurama-Alola|Ninetales-Alola, M|70\/100\n|-weather|Snow|[from] ability: Snow Warning|[of] p1a: Kurama-Alola\n|turn|11\n|\n|t:|1699718126\n|switch|p2a: Tyranitar|Tyranitar, F|100\/100\n|-weather|Sandstorm|[from] ability: Sand Stream|[of] p2a: Tyranitar\n|move|p1a: Kurama-Alola|Freeze-Dry|p2a: Tyranitar\n|-damage|p2a: Tyranitar|92\/100\n|\n|-weather|Sandstorm|[upkeep]\n|-damage|p1a: Kurama-Alola|64\/100|[from] Sandstorm\n|-heal|p2a: Tyranitar|98\/100|[from] item: Leftovers\n|upkeep\n|turn|12\n|\n|t:|1699718130\n|move|p1a: Kurama-Alola|Snowscape|p1a: Kurama-Alola\n|-weather|Snow\n|move|p2a: Tyranitar|Stealth Rock|p1a: Kurama-Alola\n|-sidestart|p1: yellow motorola|move: Stealth Rock\n|\n|-weather|Snow|[upkeep]\n|-heal|p2a: Tyranitar|100\/100|[from] item: Leftovers\n|upkeep\n|turn|13\n|\n|t:|1699718134\n|move|p1a: Kurama-Alola|Aurora Veil|p1a: Kurama-Alola\n|-sidestart|p1: yellow motorola|move: Aurora Veil\n|move|p2a: Tyranitar|Rock Blast|p1a: Kurama-Alola\n|-supereffective|p1a: Kurama-Alola\n|-crit|p1a: Kurama-Alola\n|-damage|p1a: Kurama-Alola|38\/100\n|-supereffective|p1a: Kurama-Alola\n|-damage|p1a: Kurama-Alola|30\/100\n|-supereffective|p1a: Kurama-Alola\n|-damage|p1a: Kurama-Alola|21\/100\n|-hitcount|p1a: Kurama-Alola|3\n|\n|-weather|Snow|[upkeep]\n|upkeep\n|turn|14\n|\n|t:|1699718143\n|move|p1a: Kurama-Alola|Encore|p2a: Tyranitar\n|-start|p2a: Tyranitar|Encore\n|move|p2a: Tyranitar|Rock Blast|p1a: Kurama-Alola\n|-supereffective|p1a: Kurama-Alola\n|-damage|p1a: Kurama-Alola|12\/100\n|-supereffective|p1a: Kurama-Alola\n|-damage|p1a: Kurama-Alola|2\/100\n|-supereffective|p1a: Kurama-Alola\n|-damage|p1a: Kurama-Alola|0 fnt\n|faint|p1a: Kurama-Alola\n|-hitcount|p1: Kurama-Alola|3\n|\n|-weather|Snow|[upkeep]\n|upkeep\n|\n|t:|1699718145\n|switch|p1a: Dracule Mihawk|Gliscor, M|100\/100\n|-damage|p1a: Dracule Mihawk|88\/100|[from] Stealth Rock\n|turn|15\n|\n|t:|1699718155\n|switch|p2a: Zapdos|Zapdos|10\/100\n|move|p1a: Dracule Mihawk|Agility|p1a: Dracule Mihawk\n|-boost|p1a: Dracule Mihawk|spe|2\n|\n|-weather|Snow|[upkeep]\n|-status|p1a: Dracule Mihawk|tox|[from] item: Toxic Orb\n|upkeep\n|turn|16\n|\n|t:|1699718159\n|move|p1a: Dracule Mihawk|Swords Dance|p1a: Dracule Mihawk\n|-boost|p1a: Dracule Mihawk|atk|2\n|move|p2a: Zapdos|Hurricane|p1a: Dracule Mihawk\n|-damage|p1a: Dracule Mihawk|55\/100 tox\n|\n|-weather|none\n|-heal|p1a: Dracule Mihawk|68\/100 tox|[from] ability: Poison Heal\n|upkeep\n|turn|17\n|\n|t:|1699718165\n|move|p1a: Dracule Mihawk|Swords Dance|p1a: Dracule Mihawk\n|-boost|p1a: Dracule Mihawk|atk|2\n|move|p2a: Zapdos|Hurricane|p1a: Dracule Mihawk\n|-damage|p1a: Dracule Mihawk|34\/100 tox\n|\n|-heal|p1a: Dracule Mihawk|46\/100 tox|[from] ability: Poison Heal\n|upkeep\n|turn|18\n|\n|t:|1699718170\n|move|p1a: Dracule Mihawk|Dual Wingbeat|p2a: Zapdos|[miss]\n|-miss|p1a: Dracule Mihawk|p2a: Zapdos\n|move|p2a: Zapdos|Hurricane|p1a: Dracule Mihawk\n|-damage|p1a: Dracule Mihawk|15\/100 tox\n|\n|-heal|p1a: Dracule Mihawk|27\/100 tox|[from] ability: Poison Heal\n|upkeep\n|turn|19\n|\n|t:|1699718173\n|move|p1a: Dracule Mihawk|Dual Wingbeat|p2a: Zapdos\n|-resisted|p2a: Zapdos\n|-damage|p2a: Zapdos|0 fnt\n|faint|p2a: Zapdos\n|-hitcount|p2: Zapdos|1\n|\n|-heal|p1a: Dracule Mihawk|40\/100 tox|[from] ability: Poison Heal\n|upkeep\n|\n|t:|1699718178\n|switch|p2a: Garchomp|Garchomp, F|100\/100\n|turn|20\n|inactive|yellow motorola has 120 seconds left.\n|\n|t:|1699718209\n|move|p1a: Dracule Mihawk|Earthquake|p2a: Garchomp\n|-damage|p2a: Garchomp|0 fnt\n|faint|p2a: Garchomp\n|\n|-heal|p1a: Dracule Mihawk|52\/100 tox|[from] ability: Poison Heal\n|-sideend|p1: yellow motorola|move: Aurora Veil\n|upkeep\n|-message|AndrewF462 forfeited.\n|\n|win|yellow motorola\n|raw|yellow motorola's rating: 1513 &rarr; <strong>1528<\/strong><br \/>(+15 for winning)\n|raw|AndrewF462's rating: 1432 &rarr; <strong>1417<\/strong><br \/>(-15 for losing)\n|l|\u2606AndrewF462\n|c|\u2606yellow motorola|gg\n","uploadtime":1699718220,"views":14,"p1id":"yellowmotorola","p2id":"andrewf462","formatid":"gen9ou","rating":1417,"private":0,"password":""}