{"id":"gen9ou-1994200588","p1":"LunarTFM","p2":"apex0988","format":"[Gen 9] OU","log":"|j|\u2606LunarTFM\n|j|\u2606apex0988\n|t:|1700418219\n|gametype|singles\n|player|p1|LunarTFM|102|1000\n|player|p2|apex0988|schoolkid|1000\n|teamsize|p1|6\n|teamsize|p2|6\n|gen|9\n|tier|[Gen 9] OU\n|rated|\n|rule|Sleep Clause Mod: Limit one foe put to sleep\n|rule|Species Clause: Limit one of each Pok\u00e9mon\n|rule|OHKO Clause: OHKO moves are banned\n|rule|Evasion Items Clause: Evasion items are banned\n|rule|Evasion Moves Clause: Evasion moves are banned\n|rule|Endless Battle Clause: Forcing endless battles is banned\n|rule|HP Percentage Mod: HP is shown in percentages\n|clearpoke\n|poke|p1|Cinderace, F|\n|poke|p1|Meowscarada, F|\n|poke|p1|Ninetales-Alola, M|\n|poke|p1|Slowking-Galar, F|\n|poke|p1|Zamazenta-*|\n|poke|p1|Greninja-*, M|\n|poke|p2|Dragonite, M|\n|poke|p2|Rillaboom, F|\n|poke|p2|Clefairy, M|\n|poke|p2|Garchomp, M|\n|poke|p2|Toxicroak, F|\n|poke|p2|Abomasnow, F|\n|teampreview\n|\n|t:|1700418227\n|start\n|switch|p1a: Spriggy|Meowscarada, F|100\/100\n|switch|p2a: Abomasnow|Abomasnow, F|100\/100\n|-weather|Snow|[from] ability: Snow Warning|[of] p2a: Abomasnow\n|turn|1\n|\n|t:|1700418239\n|move|p1a: Spriggy|U-turn|p2a: Abomasnow\n|-start|p1a: Spriggy|typechange|Bug|[from] ability: Protean\n|-supereffective|p2a: Abomasnow\n|-damage|p2a: Abomasnow|20\/100\n|\n|t:|1700418246\n|switch|p1a: Stall King|Slowking-Galar, F|100\/100|[from] U-turn\n|move|p2a: Abomasnow|Blizzard|p1a: Stall King\n|-damage|p1a: Stall King|66\/100\n|-enditem|p1a: Stall King|Red Card|[of] p2a: Abomasnow\n|drag|p2a: Rillaboom|Rillaboom, F|100\/100\n|-fieldstart|move: Grassy Terrain|[from] ability: Grassy Surge|[of] p2a: Rillaboom\n|\n|-weather|Snow|[upkeep]\n|-heal|p1a: Stall King|72\/100|[from] Grassy Terrain\n|upkeep\n|turn|2\n|\n|t:|1700418265\n|-terastallize|p2a: Rillaboom|Grass\n|move|p2a: Rillaboom|Leech Seed|p1a: Stall King\n|-start|p1a: Stall King|move: Leech Seed\n|move|p1a: Stall King|Zen Headbutt|p2a: Rillaboom\n|-damage|p2a: Rillaboom|85\/100\n|\n|-weather|Snow|[upkeep]\n|-heal|p2a: Rillaboom|91\/100|[from] Grassy Terrain\n|-heal|p2a: Rillaboom|97\/100|[from] item: Leftovers\n|-heal|p1a: Stall King|78\/100|[from] Grassy Terrain\n|-damage|p1a: Stall King|66\/100|[from] Leech Seed|[of] p2a: Rillaboom\n|-heal|p2a: Rillaboom|100\/100|[silent]\n|upkeep\n|turn|3\n|\n|t:|1700418286\n|move|p2a: Rillaboom|Substitute|p2a: Rillaboom\n|-start|p2a: Rillaboom|Substitute\n|-damage|p2a: Rillaboom|76\/100\n|move|p1a: Stall King|Chilly Reception|p1a: Stall King\n|\n|t:|1700418295\n|switch|p1a: Frost Tod|Ninetales-Alola, M|100\/100|[from] Chilly Reception\n|\n|-weather|Snow|[upkeep]\n|-heal|p2a: Rillaboom|82\/100|[from] Grassy Terrain\n|-heal|p2a: Rillaboom|88\/100|[from] item: Leftovers\n|upkeep\n|turn|4\n|\n|t:|1700418305\n|move|p1a: Frost Tod|Blizzard|p2a: Rillaboom\n|-supereffective|p2a: Rillaboom\n|-end|p2a: Rillaboom|Substitute\n|move|p2a: Rillaboom|Earthquake|p1a: Frost Tod\n|-damage|p1a: Frost Tod|84\/100\n|\n|-weather|Snow|[upkeep]\n|-heal|p1a: Frost Tod|90\/100|[from] Grassy Terrain\n|-heal|p2a: Rillaboom|94\/100|[from] Grassy Terrain\n|-heal|p2a: Rillaboom|100\/100|[from] item: Leftovers\n|upkeep\n|turn|5\n|-message|apex0988 forfeited.\n|\n|win|LunarTFM\n|raw|LunarTFM's rating: 1000 &rarr; <strong>1040<\/strong><br \/>(+40 for winning)\n|raw|apex0988's rating: 1000 &rarr; <strong>1000<\/strong><br \/>(+0 for losing)\n|l|\u2606apex0988\n","uploadtime":1700418391,"views":21,"p1id":"lunartfm","p2id":"apex0988","formatid":"gen9ou","rating":1000,"private":0,"password":""}