{"id":"gen9ou-1992130257","p1":"45654654544yuuu","p2":"Ahsanul","format":"[Gen 9] OU","log":"|j|\u260645654654544yuuu\n|j|\u2606Ahsanul\n|t:|1700157543\n|gametype|singles\n|player|p1|45654654544yuuu|2|1000\n|player|p2|Ahsanul|ghetsis-gen5bw|1077\n|teamsize|p1|6\n|teamsize|p2|6\n|gen|9\n|tier|[Gen 9] OU\n|rated|\n|rule|Sleep Clause Mod: Limit one foe put to sleep\n|rule|Species Clause: Limit one of each Pok\u00e9mon\n|rule|OHKO Clause: OHKO moves are banned\n|rule|Evasion Items Clause: Evasion items are banned\n|rule|Evasion Moves Clause: Evasion moves are banned\n|rule|Endless Battle Clause: Forcing endless battles is banned\n|rule|HP Percentage Mod: HP is shown in percentages\n|clearpoke\n|poke|p1|Mamoswine, M|\n|poke|p1|Zamazenta-*|\n|poke|p1|Forretress, M|\n|poke|p1|Kilowattrel, M|\n|poke|p1|Iron Moth|\n|poke|p1|Dondozo, M|\n|poke|p2|Iron Moth|\n|poke|p2|Ribombee, F|\n|poke|p2|Kommo-o, F|\n|poke|p2|Clefable, F|\n|poke|p2|Sneasler, M|\n|poke|p2|Dragonite, F|\n|teampreview\n|\n|t:|1700157557\n|start\n|switch|p1a: Kilowattrel|Kilowattrel, M|100\/100\n|switch|p2a: Pum|Iron Moth|100\/100\n|-enditem|p2a: Pum|Booster Energy\n|-activate|p2a: Pum|ability: Quark Drive|[fromitem]\n|-start|p2a: Pum|quarkdrivespe\n|turn|1\n|\n|t:|1700157570\n|move|p2a: Pum|Substitute|p2a: Pum\n|-start|p2a: Pum|Substitute\n|-damage|p2a: Pum|76\/100\n|move|p1a: Kilowattrel|Stockpile|p1a: Kilowattrel\n|-start|p1a: Kilowattrel|stockpile1\n|-boost|p1a: Kilowattrel|def|1\n|-boost|p1a: Kilowattrel|spd|1\n|\n|upkeep\n|turn|2\n|\n|t:|1700157578\n|move|p2a: Pum|Fiery Dance|p1a: Kilowattrel\n|-damage|p1a: Kilowattrel|55\/100\n|-boost|p2a: Pum|spa|1\n|move|p1a: Kilowattrel|Stockpile|p1a: Kilowattrel\n|-start|p1a: Kilowattrel|stockpile2\n|-boost|p1a: Kilowattrel|def|1\n|-boost|p1a: Kilowattrel|spd|1\n|\n|-heal|p1a: Kilowattrel|61\/100|[from] item: Leftovers\n|upkeep\n|turn|3\n|\n|t:|1700157584\n|move|p2a: Pum|Sludge Wave|p1a: Kilowattrel\n|-damage|p1a: Kilowattrel|0 fnt\n|faint|p1a: Kilowattrel\n|\n|upkeep\n|\n|t:|1700157593\n|switch|p1a: Annoyin|Forretress, M|100\/100\n|turn|4\n|\n|t:|1700157596\n|move|p2a: Pum|Fiery Dance|p1a: Annoyin\n|-supereffective|p1a: Annoyin\n|-ability|p1a: Annoyin|Sturdy\n|-damage|p1a: Annoyin|1\/100\n|-boost|p2a: Pum|spa|1\n|-enditem|p1a: Annoyin|Red Card|[of] p2a: Pum\n|-end|p2a: Pum|Quark Drive|[silent]\n|drag|p2a: Kommo-o|Kommo-o, F|100\/100\n|move|p1a: Annoyin|Stealth Rock|p2a: Kommo-o\n|-sidestart|p2: Ahsanul|move: Stealth Rock\n|\n|upkeep\n|turn|5\n|\n|t:|1700157609\n|move|p2a: Kommo-o|Flamethrower|p1a: Annoyin\n|-supereffective|p1a: Annoyin\n|-damage|p1a: Annoyin|0 fnt\n|faint|p1a: Annoyin\n|\n|upkeep\n|\n|t:|1700157622\n|switch|p1a: Mamoswine|Mamoswine, M|100\/100\n|turn|6\n|\n|t:|1700157632\n|-terastallize|p2a: Kommo-o|Water\n|-terastallize|p1a: Mamoswine|Grass\n|move|p2a: Kommo-o|Clangorous Soul|p2a: Kommo-o\n|-boost|p2a: Kommo-o|atk|1\n|-boost|p2a: Kommo-o|def|1\n|-boost|p2a: Kommo-o|spa|1\n|-boost|p2a: Kommo-o|spd|1\n|-boost|p2a: Kommo-o|spe|1\n|-damage|p2a: Kommo-o|68\/100\n|-enditem|p2a: Kommo-o|Throat Spray\n|-boost|p2a: Kommo-o|spa|1|[from] item: Throat Spray\n|move|p1a: Mamoswine|Trailblaze|p2a: Kommo-o\n|-supereffective|p2a: Kommo-o\n|-damage|p2a: Kommo-o|26\/100\n|-boost|p1a: Mamoswine|spe|1\n|\n|upkeep\n|turn|7\n|\n|t:|1700157647\n|move|p2a: Kommo-o|Flamethrower|p1a: Mamoswine\n|-supereffective|p1a: Mamoswine\n|-damage|p1a: Mamoswine|50\/100\n|move|p1a: Mamoswine|Trailblaze|p2a: Kommo-o\n|-supereffective|p2a: Kommo-o\n|-damage|p2a: Kommo-o|0 fnt\n|-boost|p1a: Mamoswine|spe|1\n|faint|p2a: Kommo-o\n|\n|upkeep\n|\n|t:|1700157661\n|switch|p2a: Ribombee|Ribombee, F|100\/100\n|-damage|p2a: Ribombee|76\/100|[from] Stealth Rock\n|turn|8\n|inactive|Battle timer is ON: inactive players will automatically lose when time's up. (requested by Ahsanul)\n|\n|t:|1700157731\n|move|p1a: Mamoswine|Smack Down|p2a: Ribombee\n|-supereffective|p2a: Ribombee\n|-damage|p2a: Ribombee|8\/100\n|move|p2a: Ribombee|Sticky Web|p1a: Mamoswine\n|-sidestart|p1: 45654654544yuuu|move: Sticky Web\n|\n|upkeep\n|turn|9\n|\n|t:|1700157753\n|move|p1a: Mamoswine|Icicle Spear|p2a: Ribombee\n|-damage|p2a: Ribombee|0 fnt\n|faint|p2a: Ribombee\n|-hitcount|p2: Ribombee|1\n|\n|upkeep\n|inactive|Ahsanul has 120 seconds left.\n|\n|t:|1700157783\n|switch|p2a: Sneasler|Sneasler, M|100\/100\n|-damage|p2a: Sneasler|95\/100|[from] Stealth Rock\n|turn|10\n|\n|t:|1700157786\n|move|p2a: Sneasler|Fake Out|p1a: Mamoswine\n|-enditem|p2a: Sneasler|Normal Gem|[from] gem\n|-damage|p1a: Mamoswine|27\/100\n|cant|p1a: Mamoswine|flinch\n|\n|upkeep\n|turn|11\n|\n|t:|1700157793\n|move|p2a: Sneasler|Acrobatics|p1a: Mamoswine\n|-supereffective|p1a: Mamoswine\n|-damage|p1a: Mamoswine|0 fnt\n|faint|p1a: Mamoswine\n|\n|upkeep\n|\n|t:|1700157809\n|switch|p1a: Iron Moth|Iron Moth|100\/100\n|-activate|p1a: Iron Moth|move: Sticky Web\n|-unboost|p1a: Iron Moth|spe|1\n|-enditem|p1a: Iron Moth|Booster Energy\n|-activate|p1a: Iron Moth|ability: Quark Drive|[fromitem]\n|-start|p1a: Iron Moth|quarkdrivespa\n|turn|12\n|\n|t:|1700157822\n|move|p2a: Sneasler|Acrobatics|p1a: Iron Moth\n|-damage|p1a: Iron Moth|35\/100\n|move|p1a: Iron Moth|Fiery Dance|p2a: Sneasler\n|-damage|p2a: Sneasler|24\/100\n|-boost|p1a: Iron Moth|spa|1\n|\n|upkeep\n|turn|13\n|\n|t:|1700157828\n|move|p2a: Sneasler|Acrobatics|p1a: Iron Moth\n|-damage|p1a: Iron Moth|0 fnt\n|faint|p1a: Iron Moth\n|-end|p1a: Iron Moth|Quark Drive|[silent]\n|\n|upkeep\n|\n|t:|1700157830\n|switch|p1a: Dondozo|Dondozo, M|100\/100\n|-activate|p1a: Dondozo|move: Sticky Web\n|-unboost|p1a: Dondozo|spe|1\n|turn|14\n|\n|t:|1700157850\n|move|p2a: Sneasler|Dire Claw|p1a: Dondozo\n|-damage|p1a: Dondozo|74\/100\n|-status|p1a: Dondozo|slp\n|cant|p1a: Dondozo|slp\n|\n|-heal|p1a: Dondozo|80\/100 slp|[from] item: Leftovers\n|upkeep\n|turn|15\n|n|\u260645654654544yuuu|45654654544yuuu\n|c|\u260645654654544yuuu|ITS\n|c|\u260645654654544yuuu|ALWAYS\n|c|\u260645654654544yuuu|FUCKING\n|c|\u260645654654544yuuu|SLEEEp\n|c|\u260645654654544yuuu|EVERY\n|c|\u260645654654544yuuu|FUCKING\n|c|\u260645654654544yuuu|TIME\n|c|\u260645654654544yuuu|BITSH ASS MOVE\n|inactive|45654654544yuuu has 120 seconds left.\n|\n|t:|1700157882\n|move|p2a: Sneasler|Acrobatics|p1a: Dondozo\n|-damage|p1a: Dondozo|57\/100 slp\n|cant|p1a: Dondozo|slp\n|\n|-heal|p1a: Dondozo|63\/100 slp|[from] item: Leftovers\n|upkeep\n|turn|16\n|\n|t:|1700157892\n|move|p2a: Sneasler|Acrobatics|p1a: Dondozo\n|-crit|p1a: Dondozo\n|-damage|p1a: Dondozo|27\/100 slp\n|cant|p1a: Dondozo|slp\n|\n|-heal|p1a: Dondozo|33\/100 slp|[from] item: Leftovers\n|upkeep\n|turn|17\n|\n|t:|1700157897\n|move|p2a: Sneasler|Acrobatics|p1a: Dondozo\n|-damage|p1a: Dondozo|7\/100 slp\n|-curestatus|p1a: Dondozo|slp|[msg]\n|move|p1a: Dondozo|Earthquake|p2a: Sneasler\n|-supereffective|p2a: Sneasler\n|-damage|p2a: Sneasler|0 fnt\n|faint|p2a: Sneasler\n|\n|-heal|p1a: Dondozo|13\/100|[from] item: Leftovers\n|upkeep\n|c|\u260645654654544yuuu|cheap fuckign shit\n|\n|t:|1700157903\n|switch|p2a: Dragonite|Dragonite, F|100\/100\n|turn|18\n|\n|t:|1700157908\n|move|p2a: Dragonite|Dragon Dance|p2a: Dragonite\n|-boost|p2a: Dragonite|atk|1\n|-boost|p2a: Dragonite|spe|1\n|move|p1a: Dondozo|Rest|p1a: Dondozo\n|-status|p1a: Dondozo|slp|[from] move: Rest\n|-heal|p1a: Dondozo|100\/100 slp|[silent]\n|\n|upkeep\n|turn|19\n|\n|t:|1700157914\n|move|p2a: Dragonite|Dragon Dance|p2a: Dragonite\n|-boost|p2a: Dragonite|atk|1\n|-boost|p2a: Dragonite|spe|1\n|cant|p1a: Dondozo|slp\n|\n|upkeep\n|turn|20\n|\n|t:|1700157919\n|move|p2a: Dragonite|Earthquake|p1a: Dondozo\n|-damage|p1a: Dondozo|76\/100 slp\n|cant|p1a: Dondozo|slp\n|\n|-heal|p1a: Dondozo|82\/100 slp|[from] item: Leftovers\n|upkeep\n|turn|21\n|\n|t:|1700157922\n|move|p2a: Dragonite|Earthquake|p1a: Dondozo\n|-damage|p1a: Dondozo|58\/100 slp\n|-curestatus|p1a: Dondozo|slp|[msg]\n|move|p1a: Dondozo|Avalanche|p2a: Dragonite\n|-supereffective|p2a: Dragonite\n|-damage|p2a: Dragonite|0 fnt\n|faint|p2a: Dragonite\n|\n|-heal|p1a: Dondozo|64\/100|[from] item: Leftovers\n|upkeep\n|\n|t:|1700157927\n|switch|p2a: Clefable|Clefable, F|100\/100\n|-damage|p2a: Clefable|88\/100|[from] Stealth Rock\n|turn|22\n|\n|t:|1700157931\n|move|p2a: Clefable|Knock Off|p1a: Dondozo\n|-damage|p1a: Dondozo|54\/100\n|-enditem|p1a: Dondozo|Leftovers|[from] move: Knock Off|[of] p2a: Clefable\n|move|p1a: Dondozo|Liquidation|p2a: Clefable\n|-damage|p2a: Clefable|45\/100\n|\n|-heal|p2a: Clefable|51\/100|[from] item: Leftovers\n|upkeep\n|turn|23\n|\n|t:|1700157939\n|move|p2a: Clefable|Grass Knot|p1a: Dondozo\n|-supereffective|p1a: Dondozo\n|-damage|p1a: Dondozo|5\/100\n|move|p1a: Dondozo|Liquidation|p2a: Clefable\n|-damage|p2a: Clefable|12\/100\n|\n|-heal|p2a: Clefable|18\/100|[from] item: Leftovers\n|upkeep\n|turn|24\n|\n|t:|1700157947\n|move|p2a: Clefable|Moonblast|p1a: Dondozo\n|-damage|p1a: Dondozo|0 fnt\n|faint|p1a: Dondozo\n|\n|-heal|p2a: Clefable|24\/100|[from] item: Leftovers\n|upkeep\n|\n|t:|1700157949\n|switch|p1a: Zamazenta|Zamazenta|100\/100\n|-activate|p1a: Zamazenta|move: Sticky Web\n|-unboost|p1a: Zamazenta|spe|1\n|-ability|p1a: Zamazenta|Dauntless Shield|boost\n|-boost|p1a: Zamazenta|def|1\n|turn|25\n|\n|t:|1700157956\n|move|p1a: Zamazenta|Iron Defense|p1a: Zamazenta\n|-boost|p1a: Zamazenta|def|2\n|move|p2a: Clefable|Moonblast|p1a: Zamazenta\n|-supereffective|p1a: Zamazenta\n|-damage|p1a: Zamazenta|50\/100\n|\n|-heal|p1a: Zamazenta|57\/100|[from] item: Leftovers\n|-heal|p2a: Clefable|30\/100|[from] item: Leftovers\n|upkeep\n|turn|26\n|\n|t:|1700157959\n|move|p1a: Zamazenta|Body Press|p2a: Clefable\n|-resisted|p2a: Clefable\n|-damage|p2a: Clefable|10\/100\n|move|p2a: Clefable|Moonblast|p1a: Zamazenta\n|-supereffective|p1a: Zamazenta\n|-damage|p1a: Zamazenta|8\/100\n|\n|-heal|p1a: Zamazenta|14\/100|[from] item: Leftovers\n|-heal|p2a: Clefable|17\/100|[from] item: Leftovers\n|upkeep\n|turn|27\n|\n|t:|1700157968\n|move|p1a: Zamazenta|Body Press|p2a: Clefable\n|-resisted|p2a: Clefable\n|-damage|p2a: Clefable|0 fnt\n|faint|p2a: Clefable\n|\n|-heal|p1a: Zamazenta|20\/100|[from] item: Leftovers\n|upkeep\n|\n|t:|1700157971\n|switch|p2a: Pum|Iron Moth|76\/100\n|-damage|p2a: Pum|51\/100|[from] Stealth Rock\n|turn|28\n|\n|t:|1700157977\n|move|p2a: Pum|Fiery Dance|p1a: Zamazenta\n|-damage|p1a: Zamazenta|0 fnt\n|faint|p1a: Zamazenta\n|\n|win|Ahsanul\n|raw|45654654544yuuu's rating: 1000 &rarr; <strong>1000<\/strong><br \/>(+0 for losing)\n|raw|Ahsanul's rating: 1099 &rarr; <strong>1117<\/strong><br \/>(+18 for winning)\n","uploadtime":1700157902,"views":7,"p1id":"45654654544yuuu","p2id":"ahsanul","formatid":"gen9ou","rating":1000,"private":0,"password":""}