{"id":"gen9ou-1996641530","p1":"Usopp D Gawd","p2":"TrueSkyKing","format":"[Gen 9] OU","log":"|j|\u2606Usopp D Gawd\n|j|\u2606TrueSkyKing\n|t:|1700704111\n|gametype|singles\n|player|p1|Usopp D Gawd|blue|\n|player|p2|TrueSkyKing|red|\n|teamsize|p1|6\n|teamsize|p2|6\n|gen|9\n|tier|[Gen 9] OU\n|rule|Sleep Clause Mod: Limit one foe put to sleep\n|rule|Species Clause: Limit one of each Pok\u00e9mon\n|rule|OHKO Clause: OHKO moves are banned\n|rule|Evasion Items Clause: Evasion items are banned\n|rule|Evasion Moves Clause: Evasion moves are banned\n|rule|Endless Battle Clause: Forcing endless battles is banned\n|rule|HP Percentage Mod: HP is shown in percentages\n|clearpoke\n|poke|p1|Great Tusk|\n|poke|p1|Dragapult, M|\n|poke|p1|Iron Moth|\n|poke|p1|Ogerpon-Wellspring, F|\n|poke|p1|Uxie|\n|poke|p1|Clefable, M|\n|poke|p2|Munkidori, M|\n|poke|p2|Espeon, M|\n|poke|p2|Dondozo, M|\n|poke|p2|Rillaboom, F|\n|poke|p2|Sandy Shocks|\n|poke|p2|Heatran, F|\n|teampreview\n|inactive|Battle timer is ON: inactive players will automatically lose when time's up. (requested by TrueSkyKing)\n|\n|t:|1700704124\n|start\n|switch|p1a: The Fur.|Uxie, shiny|100\/100\n|switch|p2a: ELO|Sandy Shocks|100\/100\n|turn|1\n|\n|t:|1700704133\n|move|p2a: ELO|Spikes|p1a: The Fur.\n|-sidestart|p1: Usopp D Gawd|Spikes\n|move|p1a: The Fur.|U-turn|p2a: ELO\n|-damage|p2a: ELO|87\/100\n|\n|t:|1700704138\n|switch|p1a: ScrewStache|Great Tusk|100\/100|[from] U-turn\n|\n|upkeep\n|turn|2\n|\n|t:|1700704157\n|-terastallize|p2a: ELO|Ice\n|move|p2a: ELO|Tera Blast|p1a: ScrewStache|[anim] Tera Blast Ice\n|-supereffective|p1a: ScrewStache\n|-damage|p1a: ScrewStache|0 fnt\n|faint|p1a: ScrewStache\n|-end|p1a: ScrewStache|Protosynthesis|[silent]\n|\n|upkeep\n|\n|t:|1700704174\n|switch|p1a: Redveil|Iron Moth|100\/100\n|-damage|p1a: Redveil|88\/100|[from] Spikes\n|-enditem|p1a: Redveil|Booster Energy\n|-activate|p1a: Redveil|ability: Quark Drive|[fromitem]\n|-start|p1a: Redveil|quarkdrivespe\n|turn|3\n|inactive|TrueSkyKing has 270 seconds left.\n|\n|t:|1700704205\n|-end|p2a: ELO|Protosynthesis|[silent]\n|switch|p2a: Big Empty|Dondozo, M|100\/100\n|-terastallize|p1a: Redveil|Ground\n|move|p1a: Redveil|Tera Blast|p2a: Big Empty|[anim] Tera Blast Ground\n|-damage|p2a: Big Empty|59\/100\n|\n|-heal|p2a: Big Empty|65\/100|[from] item: Leftovers\n|upkeep\n|turn|4\n|\n|t:|1700704215\n|move|p2a: Big Empty|Protect|p2a: Big Empty\n|-singleturn|p2a: Big Empty|Protect\n|move|p1a: Redveil|Energy Ball|p2a: Big Empty\n|-activate|p2a: Big Empty|move: Protect\n|\n|-heal|p2a: Big Empty|71\/100|[from] item: Leftovers\n|upkeep\n|turn|5\n|inactive|TrueSkyKing has 270 seconds left.\n|\n|t:|1700704234\n|switch|p2a: Ringo Starr|Rillaboom, F|100\/100\n|-fieldstart|move: Grassy Terrain|[from] ability: Grassy Surge|[of] p2a: Ringo Starr\n|move|p1a: Redveil|Energy Ball|p2a: Ringo Starr\n|-resisted|p2a: Ringo Starr\n|-damage|p2a: Ringo Starr|75\/100\n|-unboost|p2a: Ringo Starr|spd|1\n|\n|-heal|p1a: Redveil|94\/100|[from] Grassy Terrain\n|-heal|p2a: Ringo Starr|82\/100|[from] Grassy Terrain\n|upkeep\n|turn|6\n|\n|t:|1700704251\n|-end|p1a: Redveil|Quark Drive|[silent]\n|switch|p1a: The Fur.|Uxie, shiny|100\/100\n|move|p2a: Ringo Starr|Grassy Glide|p1a: The Fur.\n|-damage|p1a: The Fur.|68\/100\n|-damage|p2a: Ringo Starr|72\/100|[from] item: Life Orb\n|\n|-heal|p1a: The Fur.|75\/100|[from] item: Leftovers\n|-heal|p2a: Ringo Starr|78\/100|[from] Grassy Terrain\n|upkeep\n|turn|7\n|\n|t:|1700704264\n|switch|p2a: UWU|Espeon, M|100\/100\n|move|p1a: The Fur.|Psychic|p2a: UWU\n|-resisted|p2a: UWU\n|-damage|p2a: UWU|85\/100\n|\n|-heal|p2a: UWU|91\/100|[from] Grassy Terrain\n|-heal|p2a: UWU|96\/100|[from] item: Leftovers\n|-heal|p1a: The Fur.|81\/100|[from] item: Leftovers\n|upkeep\n|turn|8\n|\n|t:|1700704275\n|move|p2a: UWU|Thunder Wave|p1a: The Fur.\n|-status|p1a: The Fur.|par\n|cant|p1a: The Fur.|par\n|\n|-heal|p2a: UWU|100\/100|[from] Grassy Terrain\n|-heal|p1a: The Fur.|87\/100 par|[from] item: Leftovers\n|upkeep\n|turn|9\n|\n|t:|1700704285\n|move|p2a: UWU|Calm Mind|p2a: UWU\n|-boost|p2a: UWU|spa|1\n|-boost|p2a: UWU|spd|1\n|move|p1a: The Fur.|U-turn|p2a: UWU\n|-supereffective|p2a: UWU\n|-damage|p2a: UWU|57\/100\n|\n|t:|1700704293\n|switch|p1a: Ace Spectrum|Clefable, M|100\/100|[from] U-turn\n|-damage|p1a: Ace Spectrum|88\/100|[from] Spikes\n|\n|-heal|p2a: UWU|63\/100|[from] Grassy Terrain\n|-heal|p2a: UWU|69\/100|[from] item: Leftovers\n|-heal|p1a: Ace Spectrum|94\/100|[from] Grassy Terrain\n|-fieldend|move: Grassy Terrain\n|upkeep\n|turn|10\n|\n|t:|1700704303\n|move|p2a: UWU|Psyshock|p1a: Ace Spectrum\n|-damage|p1a: Ace Spectrum|45\/100\n|move|p1a: Ace Spectrum|Shadow Ball|p2a: UWU\n|-supereffective|p2a: UWU\n|-damage|p2a: UWU|10\/100\n|\n|-heal|p2a: UWU|16\/100|[from] item: Leftovers\n|upkeep\n|turn|11\n|\n|t:|1700704315\n|move|p2a: UWU|Psyshock|p1a: Ace Spectrum\n|-damage|p1a: Ace Spectrum|0 fnt\n|faint|p1a: Ace Spectrum\n|\n|-heal|p2a: UWU|22\/100|[from] item: Leftovers\n|upkeep\n|j| TaxesAreEvil\n|\n|t:|1700704339\n|switch|p1a: Jay Safari|Dragapult, M|100\/100\n|-damage|p1a: Jay Safari|88\/100|[from] Spikes\n|turn|12\n|\n|t:|1700704350\n|move|p1a: Jay Safari|Shadow Ball|p2a: UWU\n|-supereffective|p2a: UWU\n|-damage|p2a: UWU|0 fnt\n|faint|p2a: UWU\n|-damage|p1a: Jay Safari|78\/100|[from] item: Life Orb\n|\n|upkeep\n|\n|t:|1700704362\n|switch|p2a: Anthrax|Heatran, F|100\/100\n|turn|13\n|\n|t:|1700704365\n|move|p1a: Jay Safari|Hydro Pump|p2a: Anthrax\n|-supereffective|p2a: Anthrax\n|-damage|p2a: Anthrax|52\/100\n|-damage|p1a: Jay Safari|69\/100|[from] item: Life Orb\n|move|p2a: Anthrax|Will-O-Wisp|p1a: Jay Safari\n|-status|p1a: Jay Safari|brn\n|\n|-heal|p2a: Anthrax|58\/100|[from] item: Leftovers\n|-damage|p1a: Jay Safari|63\/100 brn|[from] brn\n|upkeep\n|turn|14\n|\n|t:|1700704378\n|switch|p1a: Redveil|Iron Moth, tera:Ground|94\/100\n|-damage|p1a: Redveil|82\/100|[from] Spikes\n|move|p2a: Anthrax|Magma Storm|p1a: Redveil|[miss]\n|-miss|p2a: Anthrax|p1a: Redveil\n|\n|-heal|p2a: Anthrax|64\/100|[from] item: Leftovers\n|upkeep\n|turn|15\n|\n|t:|1700704390\n|move|p2a: Anthrax|Protect|p2a: Anthrax\n|-singleturn|p2a: Anthrax|Protect\n|move|p1a: Redveil|Tera Blast|p2a: Anthrax|[anim] Tera Blast Ground\n|-activate|p2a: Anthrax|move: Protect\n|\n|-heal|p2a: Anthrax|70\/100|[from] item: Leftovers\n|upkeep\n|turn|16\n|\n|t:|1700704398\n|switch|p2a: Ringo Starr|Rillaboom, F|78\/100\n|-fieldstart|move: Grassy Terrain|[from] ability: Grassy Surge|[of] p2a: Ringo Starr\n|move|p1a: Redveil|Tera Blast|p2a: Ringo Starr|[anim] Tera Blast Ground\n|-resisted|p2a: Ringo Starr\n|-damage|p2a: Ringo Starr|54\/100\n|\n|-heal|p1a: Redveil|88\/100|[from] Grassy Terrain\n|-heal|p2a: Ringo Starr|60\/100|[from] Grassy Terrain\n|upkeep\n|turn|17\n|\n|t:|1700704411\n|-end|p1a: Redveil|Quark Drive|[silent]\n|switch|p1a: The Fur.|Uxie, shiny|87\/100 par\n|move|p2a: Ringo Starr|Grassy Glide|p1a: The Fur.\n|-damage|p1a: The Fur.|54\/100 par\n|-damage|p2a: Ringo Starr|50\/100|[from] item: Life Orb\n|\n|-heal|p2a: Ringo Starr|56\/100|[from] Grassy Terrain\n|-heal|p1a: The Fur.|60\/100 par|[from] item: Leftovers\n|upkeep\n|turn|18\n|\n|t:|1700704422\n|move|p2a: Ringo Starr|Knock Off|p1a: The Fur.\n|-supereffective|p1a: The Fur.\n|-damage|p1a: The Fur.|2\/100 par\n|-enditem|p1a: The Fur.|Leftovers|[from] move: Knock Off|[of] p2a: Ringo Starr\n|-damage|p2a: Ringo Starr|46\/100|[from] item: Life Orb\n|move|p1a: The Fur.|Stealth Rock|p2a: Ringo Starr\n|-sidestart|p2: TrueSkyKing|move: Stealth Rock\n|\n|-heal|p2a: Ringo Starr|53\/100|[from] Grassy Terrain\n|upkeep\n|turn|19\n|\n|t:|1700704433\n|move|p2a: Ringo Starr|Grassy Glide|p1a: The Fur.\n|-damage|p1a: The Fur.|0 fnt\n|faint|p1a: The Fur.\n|-damage|p2a: Ringo Starr|43\/100|[from] item: Life Orb\n|\n|-heal|p2a: Ringo Starr|49\/100|[from] Grassy Terrain\n|upkeep\n|\n|t:|1700704447\n|switch|p1a: Sam Ezeh|Ogerpon-Wellspring, F|100\/100\n|-damage|p1a: Sam Ezeh|88\/100|[from] Spikes\n|turn|20\n|\n|t:|1700704457\n|move|p2a: Ringo Starr|Grassy Glide|p1a: Sam Ezeh\n|-damage|p1a: Sam Ezeh|35\/100\n|-damage|p2a: Ringo Starr|39\/100|[from] item: Life Orb\n|move|p1a: Sam Ezeh|U-turn|p2a: Ringo Starr\n|-supereffective|p2a: Ringo Starr\n|-damage|p2a: Ringo Starr|0 fnt\n|faint|p2a: Ringo Starr\n|\n|t:|1700704469\n|switch|p1a: Redveil|Iron Moth, tera:Ground|88\/100|[from] U-turn\n|-damage|p1a: Redveil|76\/100|[from] Spikes\n|\n|-heal|p1a: Redveil|82\/100|[from] Grassy Terrain\n|-fieldend|move: Grassy Terrain\n|upkeep\n|\n|t:|1700704477\n|switch|p2a: Joji|Munkidori, M|100\/100\n|-damage|p2a: Joji|88\/100|[from] Stealth Rock\n|turn|21\n|\n|t:|1700704485\n|move|p2a: Joji|Fake Out|p1a: Redveil\n|-damage|p1a: Redveil|71\/100\n|-status|p1a: Redveil|tox|[from] ability: Toxic Chain|[of] p2a: Joji\n|cant|p1a: Redveil|flinch\n|\n|-damage|p1a: Redveil|65\/100 tox|[from] psn\n|upkeep\n|turn|22\n|\n|t:|1700704494\n|switch|p2a: Big Empty|Dondozo, M|71\/100\n|-damage|p2a: Big Empty|58\/100|[from] Stealth Rock\n|move|p1a: Redveil|Tera Blast|p2a: Big Empty|[anim] Tera Blast Ground\n|-damage|p2a: Big Empty|17\/100\n|\n|-heal|p2a: Big Empty|23\/100|[from] item: Leftovers\n|-damage|p1a: Redveil|53\/100 tox|[from] psn\n|upkeep\n|turn|23\n|\n|t:|1700704505\n|-end|p1a: Redveil|Quark Drive|[silent]\n|switch|p1a: Sam Ezeh|Ogerpon-Wellspring, F|35\/100\n|-damage|p1a: Sam Ezeh|23\/100|[from] Spikes\n|move|p2a: Big Empty|Protect||[still]\n|-fail|p2a: Big Empty\n|\n|-heal|p2a: Big Empty|29\/100|[from] item: Leftovers\n|upkeep\n|turn|24\n|\n|t:|1700704514\n|move|p1a: Sam Ezeh|Horn Leech|p2a: Big Empty\n|-supereffective|p2a: Big Empty\n|-damage|p2a: Big Empty|0 fnt\n|-heal|p1a: Sam Ezeh|47\/100|[from] drain|[of] p2a: Big Empty\n|faint|p2a: Big Empty\n|\n|upkeep\n|\n|t:|1700704524\n|switch|p2a: Joji|Munkidori, M|88\/100\n|-damage|p2a: Joji|76\/100|[from] Stealth Rock\n|turn|25\n|\n|t:|1700704532\n|switch|p1a: Jay Safari|Dragapult, M|63\/100 brn\n|-damage|p1a: Jay Safari|50\/100 brn|[from] Spikes\n|move|p2a: Joji|Sludge Wave|p1a: Jay Safari\n|-resisted|p1a: Jay Safari\n|-damage|p1a: Jay Safari|15\/100 brn\n|\n|-damage|p1a: Jay Safari|9\/100 brn|[from] brn\n|upkeep\n|turn|26\n|\n|t:|1700704548\n|switch|p2a: Anthrax|Heatran, F|70\/100\n|-damage|p2a: Anthrax|58\/100|[from] Stealth Rock\n|move|p1a: Jay Safari|Draco Meteor|p2a: Anthrax\n|-resisted|p2a: Anthrax\n|-damage|p2a: Anthrax|36\/100\n|-unboost|p1a: Jay Safari|spa|2\n|-damage|p1a: Jay Safari|0 fnt|[from] item: Life Orb\n|faint|p1a: Jay Safari\n|\n|-heal|p2a: Anthrax|42\/100|[from] item: Leftovers\n|upkeep\n|\n|t:|1700704565\n|switch|p1a: Sam Ezeh|Ogerpon-Wellspring, F|47\/100\n|-damage|p1a: Sam Ezeh|34\/100|[from] Spikes\n|turn|27\n|\n|t:|1700704571\n|move|p2a: Anthrax|Protect|p2a: Anthrax\n|-singleturn|p2a: Anthrax|Protect\n|move|p1a: Sam Ezeh|Ivy Cudgel|p2a: Anthrax|[anim] Ivy Cudgel Water\n|-activate|p2a: Anthrax|move: Protect\n|\n|-heal|p2a: Anthrax|48\/100|[from] item: Leftovers\n|upkeep\n|turn|28\n|\n|t:|1700704583\n|move|p1a: Sam Ezeh|Ivy Cudgel|p2a: Anthrax|[anim] Ivy Cudgel Water\n|-supereffective|p2a: Anthrax\n|-damage|p2a: Anthrax|0 fnt\n|faint|p2a: Anthrax\n|\n|upkeep\n|\n|t:|1700704590\n|switch|p2a: Joji|Munkidori, M|76\/100\n|-damage|p2a: Joji|64\/100|[from] Stealth Rock\n|turn|29\n|\n|t:|1700704596\n|move|p2a: Joji|Fake Out|p1a: Sam Ezeh\n|-damage|p1a: Sam Ezeh|24\/100\n|-status|p1a: Sam Ezeh|tox|[from] ability: Toxic Chain|[of] p2a: Joji\n|cant|p1a: Sam Ezeh|flinch\n|\n|-damage|p1a: Sam Ezeh|18\/100 tox|[from] psn\n|upkeep\n|turn|30\n|\n|t:|1700704605\n|move|p1a: Sam Ezeh|Ivy Cudgel|p2a: Joji|[anim] Ivy Cudgel Water\n|-damage|p2a: Joji|0 fnt\n|faint|p2a: Joji\n|\n|-damage|p1a: Sam Ezeh|6\/100 tox|[from] psn\n|upkeep\n|\n|t:|1700704609\n|switch|p2a: ELO|Sandy Shocks, tera:Ice|87\/100\n|-damage|p2a: ELO|62\/100|[from] Stealth Rock\n|turn|31\n|\n|t:|1700704619\n|move|p1a: Sam Ezeh|Superpower|p2a: ELO\n|-supereffective|p2a: ELO\n|-damage|p2a: ELO|0 fnt\n|-unboost|p1a: Sam Ezeh|atk|1\n|-unboost|p1a: Sam Ezeh|def|1\n|faint|p2a: ELO\n|-end|p2a: ELO|Protosynthesis|[silent]\n|\n|win|Usopp D Gawd\n|l|\u2606TrueSkyKing\n","uploadtime":1700704634,"views":7,"p1id":"usoppdgawd","p2id":"trueskyking","formatid":"gen9ou","rating":0,"private":0,"password":""}