{"id":"gen9ou-1994482635","p1":"Schizein","p2":"Ladner","format":"[Gen 9] OU","log":"|j|\u2606Schizein\n|j|\u2606Ladner\n|t:|1700449101\n|gametype|singles\n|player|p1|Schizein|akari|1243\n|player|p2|Ladner|265|1287\n|teamsize|p1|6\n|teamsize|p2|6\n|gen|9\n|tier|[Gen 9] OU\n|rated|\n|rule|Sleep Clause Mod: Limit one foe put to sleep\n|rule|Species Clause: Limit one of each Pok\u00e9mon\n|rule|OHKO Clause: OHKO moves are banned\n|rule|Evasion Items Clause: Evasion items are banned\n|rule|Evasion Moves Clause: Evasion moves are banned\n|rule|Endless Battle Clause: Forcing endless battles is banned\n|rule|HP Percentage Mod: HP is shown in percentages\n|clearpoke\n|poke|p1|Sneasler, F|\n|poke|p1|Skeledirge, M|\n|poke|p1|Rillaboom, F|\n|poke|p1|Kingambit, M|\n|poke|p1|Dragapult, F|\n|poke|p1|Ogerpon-Cornerstone, F|\n|poke|p2|Gholdengo|\n|poke|p2|Garchomp, F|\n|poke|p2|Meowscarada, M|\n|poke|p2|Iron Valiant|\n|poke|p2|Great Tusk|\n|poke|p2|Dragapult, F|\n|teampreview\n|\n|t:|1700449114\n|start\n|switch|p1a: Dragapult|Dragapult, F|100\/100\n|switch|p2a: Garchomp|Garchomp, F|100\/100\n|turn|1\n|l|\u2606Schizein\n|player|p1|\n|inactive|Battle timer is ON: inactive players will automatically lose when time's up. (requested by Ladner)\n|j|\u2606Schizein\n|inactive|Schizein reconnected and has 150 seconds left.\n|player|p1|Schizein|akari\n|\n|t:|1700449165\n|switch|p2a: Iron Valiant|Iron Valiant|100\/100\n|-enditem|p2a: Iron Valiant|Booster Energy\n|-activate|p2a: Iron Valiant|ability: Quark Drive|[fromitem]\n|-start|p2a: Iron Valiant|quarkdrivespe\n|move|p1a: Dragapult|Draco Meteor|p2a: Iron Valiant\n|-immune|p2a: Iron Valiant\n|\n|upkeep\n|turn|2\n|\n|t:|1700449191\n|switch|p1a: Skeledirge|Skeledirge, M|100\/100\n|move|p2a: Iron Valiant|Swords Dance|p2a: Iron Valiant\n|-boost|p2a: Iron Valiant|atk|2\n|\n|upkeep\n|turn|3\n|\n|t:|1700449203\n|move|p2a: Iron Valiant|Knock Off|p1a: Skeledirge\n|-supereffective|p1a: Skeledirge\n|-damage|p1a: Skeledirge|56\/100\n|-enditem|p1a: Skeledirge|Heavy-Duty Boots|[from] move: Knock Off|[of] p2a: Iron Valiant\n|move|p1a: Skeledirge|Will-O-Wisp|p2a: Iron Valiant\n|-status|p2a: Iron Valiant|brn\n|\n|-damage|p2a: Iron Valiant|94\/100 brn|[from] brn\n|upkeep\n|turn|4\n|\n|t:|1700449214\n|move|p2a: Iron Valiant|Encore|p1a: Skeledirge\n|-start|p1a: Skeledirge|Encore\n|move|p1a: Skeledirge|Will-O-Wisp|p2a: Iron Valiant\n|-fail|p2a: Iron Valiant|brn\n|\n|-damage|p2a: Iron Valiant|88\/100 brn|[from] brn\n|upkeep\n|turn|5\n|inactive|Schizein has 120 seconds left.\n|\n|t:|1700449239\n|switch|p1a: Rillaboom|Rillaboom, F|100\/100\n|-fieldstart|move: Grassy Terrain|[from] ability: Grassy Surge|[of] p1a: Rillaboom\n|move|p2a: Iron Valiant|Knock Off|p1a: Rillaboom\n|-damage|p1a: Rillaboom|65\/100\n|-enditem|p1a: Rillaboom|Heavy-Duty Boots|[from] move: Knock Off|[of] p2a: Iron Valiant\n|\n|-heal|p2a: Iron Valiant|94\/100 brn|[from] Grassy Terrain\n|-heal|p1a: Rillaboom|71\/100|[from] Grassy Terrain\n|-damage|p2a: Iron Valiant|88\/100 brn|[from] brn\n|upkeep\n|turn|6\n|inactive|Schizein has 120 seconds left.\n|\n|t:|1700449255\n|move|p2a: Iron Valiant|Close Combat|p1a: Rillaboom\n|-damage|p1a: Rillaboom|5\/100\n|-unboost|p2a: Iron Valiant|def|1\n|-unboost|p2a: Iron Valiant|spd|1\n|move|p1a: Rillaboom|Knock Off|p2a: Iron Valiant\n|-resisted|p2a: Iron Valiant\n|-damage|p2a: Iron Valiant|77\/100 brn\n|\n|-heal|p2a: Iron Valiant|84\/100 brn|[from] Grassy Terrain\n|-heal|p1a: Rillaboom|11\/100|[from] Grassy Terrain\n|-damage|p2a: Iron Valiant|77\/100 brn|[from] brn\n|upkeep\n|turn|7\n|\n|t:|1700449268\n|move|p1a: Rillaboom|Grassy Glide|p2a: Iron Valiant\n|-damage|p2a: Iron Valiant|0 fnt\n|faint|p2a: Iron Valiant\n|-end|p2a: Iron Valiant|Quark Drive|[silent]\n|\n|-heal|p1a: Rillaboom|18\/100|[from] Grassy Terrain\n|upkeep\n|inactive|Ladner has 120 seconds left.\n|\n|t:|1700449296\n|switch|p2a: Meowscarada|Meowscarada, M|100\/100\n|turn|8\n|inactive|Schizein has 120 seconds left.\n|\n|t:|1700449315\n|switch|p1a: Skeledirge|Skeledirge, M|56\/100\n|move|p2a: Meowscarada|U-turn|p1a: Skeledirge\n|-start|p2a: Meowscarada|typechange|Bug|[from] ability: Protean\n|-resisted|p1a: Skeledirge\n|-damage|p1a: Skeledirge|50\/100\n|inactive|Ladner has 120 seconds left.\n|\n|t:|1700449332\n|switch|p2a: Dragapult|Dragapult, F|100\/100|[from] U-turn\n|\n|-heal|p1a: Skeledirge|56\/100|[from] Grassy Terrain\n|upkeep\n|turn|9\n|inactive|Schizein has 120 seconds left.\n|inactive|Ladner has 120 seconds left.\n|\n|t:|1700449346\n|move|p2a: Dragapult|Shadow Ball|p1a: Skeledirge\n|-supereffective|p1a: Skeledirge\n|-damage|p1a: Skeledirge|0 fnt\n|faint|p1a: Skeledirge\n|\n|-fieldend|move: Grassy Terrain\n|upkeep\n|\n|t:|1700449354\n|switch|p1a: Rillaboom|Rillaboom, F|18\/100\n|-fieldstart|move: Grassy Terrain|[from] ability: Grassy Surge|[of] p1a: Rillaboom\n|turn|10\n|inactive|Schizein has 120 seconds left.\n|\n|t:|1700449360\n|move|p1a: Rillaboom|Grassy Glide|p2a: Dragapult\n|-resisted|p2a: Dragapult\n|-damage|p2a: Dragapult|73\/100\n|move|p2a: Dragapult|Shadow Ball|p1a: Rillaboom\n|-damage|p1a: Rillaboom|0 fnt\n|faint|p1a: Rillaboom\n|\n|-heal|p2a: Dragapult|79\/100|[from] Grassy Terrain\n|upkeep\n|inactive|Schizein has 120 seconds left.\n|\n|t:|1700449372\n|switch|p1a: Sneasler|Sneasler, F|100\/100\n|-enditem|p1a: Sneasler|Grassy Seed\n|-boost|p1a: Sneasler|def|1|[from] item: Grassy Seed\n|turn|11\n|inactive|Schizein has 120 seconds left.\n|\n|t:|1700449391\n|switch|p2a: Gholdengo|Gholdengo|100\/100\n|move|p1a: Sneasler|Swords Dance|p1a: Sneasler\n|-boost|p1a: Sneasler|atk|2\n|\n|upkeep\n|turn|12\n|\n|t:|1700449406\n|-terastallize|p1a: Sneasler|Ghost\n|move|p1a: Sneasler|Shadow Claw|p2a: Gholdengo\n|-supereffective|p2a: Gholdengo\n|-damage|p2a: Gholdengo|0 fnt\n|faint|p2a: Gholdengo\n|\n|upkeep\n|\n|t:|1700449428\n|switch|p2a: Meowscarada|Meowscarada, M|100\/100\n|turn|13\n|\n|t:|1700449436\n|move|p2a: Meowscarada|Sucker Punch|p1a: Sneasler\n|-start|p2a: Meowscarada|typechange|Dark|[from] ability: Protean\n|-supereffective|p1a: Sneasler\n|-damage|p1a: Sneasler|42\/100\n|move|p1a: Sneasler|Dire Claw|p2a: Meowscarada\n|-damage|p2a: Meowscarada|0 fnt\n|faint|p2a: Meowscarada\n|\n|-heal|p1a: Sneasler|48\/100|[from] Grassy Terrain\n|upkeep\n|\n|t:|1700449449\n|switch|p2a: Garchomp|Garchomp, F|100\/100\n|turn|14\n|inactive|Schizein has 120 seconds left.\n|l|\u2606Schizein\n|inactive|Schizein disconnected and has a minute to reconnect!\n|player|p1|\n|j|\u2606Schizein\n|inactive|Schizein reconnected and has 80 seconds left.\n|player|p1|Schizein|akari\n|\n|t:|1700449502\n|move|p1a: Sneasler|Shadow Claw|p2a: Garchomp\n|-crit|p2a: Garchomp\n|-damage|p2a: Garchomp|0 fnt\n|-damage|p1a: Sneasler|36\/100|[from] ability: Rough Skin|[of] p2a: Garchomp\n|-damage|p1a: Sneasler|20\/100|[from] item: Rocky Helmet|[of] p2a: Garchomp\n|faint|p2a: Garchomp\n|\n|-heal|p1a: Sneasler|26\/100|[from] Grassy Terrain\n|-fieldend|move: Grassy Terrain\n|upkeep\n|inactive|Ladner has 120 seconds left.\n|\n|t:|1700449532\n|switch|p2a: Great Tusk|Great Tusk|100\/100\n|turn|15\n|inactive|Schizein has 90 seconds left.\n|inactive|Ladner has 120 seconds left.\n|inactive|Schizein has 60 seconds left.\n|\n|t:|1700449568\n|move|p1a: Sneasler|Shadow Claw|p2a: Great Tusk\n|-damage|p2a: Great Tusk|46\/100\n|move|p2a: Great Tusk|Knock Off|p1a: Sneasler\n|-supereffective|p1a: Sneasler\n|-damage|p1a: Sneasler|0 fnt\n|faint|p1a: Sneasler\n|\n|upkeep\n|inactive|Schizein has 60 seconds left.\n|\n|t:|1700449578\n|switch|p1a: Ogerpon|Ogerpon-Cornerstone, F|100\/100\n|turn|16\n|inactive|Schizein has 60 seconds left.\n|inactive|Ladner has 120 seconds left.\n|\n|t:|1700449595\n|move|p1a: Ogerpon|Horn Leech|p2a: Great Tusk\n|-supereffective|p2a: Great Tusk\n|-damage|p2a: Great Tusk|0 fnt\n|faint|p2a: Great Tusk\n|-end|p2a: Great Tusk|Protosynthesis|[silent]\n|\n|upkeep\n|\n|t:|1700449602\n|switch|p2a: Dragapult|Dragapult, F|79\/100\n|turn|17\n|inactive|Ladner has 120 seconds left.\n|\n|t:|1700449610\n|move|p2a: Dragapult|Shadow Ball|p1a: Ogerpon\n|-damage|p1a: Ogerpon|37\/100\n|move|p1a: Ogerpon|Ivy Cudgel|p2a: Dragapult|[anim] Ivy Cudgel Rock\n|-damage|p2a: Dragapult|1\/100\n|\n|upkeep\n|turn|18\n|\n|t:|1700449620\n|move|p2a: Dragapult|Shadow Ball|p1a: Ogerpon\n|-damage|p1a: Ogerpon|0 fnt\n|faint|p1a: Ogerpon\n|\n|upkeep\n|\n|t:|1700449625\n|switch|p1a: Kingambit|Kingambit, M|100\/100\n|-activate|p1a: Kingambit|ability: Supreme Overlord\n|-start|p1a: Kingambit|fallen4|[silent]\n|turn|19\n|\n|t:|1700449631\n|move|p1a: Kingambit|Sucker Punch|p2a: Dragapult\n|-supereffective|p2a: Dragapult\n|-damage|p2a: Dragapult|0 fnt\n|faint|p2a: Dragapult\n|\n|win|Schizein\n|raw|Schizein's rating: 1243 &rarr; <strong>1271<\/strong><br \/>(+28 for winning)\n|raw|Ladner's rating: 1287 &rarr; <strong>1259<\/strong><br \/>(-28 for losing)\n|l|\u2606Ladner\n","uploadtime":1700449640,"views":10,"p1id":"schizein","p2id":"ladner","formatid":"gen9ou","rating":1259,"private":0,"password":""}