{"id":"gen9ou-1996741647","p1":"OUFC Test1","p2":"glhfOvO","format":"[Gen 9] OU","log":"|j|\u2606OUFC Test1\n|j|\u2606glhfOvO\n|t:|1700717488\n|gametype|singles\n|player|p1|OUFC Test1|iono|1737\n|player|p2|glhfOvO|backersf|1843\n|teamsize|p1|6\n|teamsize|p2|6\n|gen|9\n|tier|[Gen 9] OU\n|rated|\n|rule|Sleep Clause Mod: Limit one foe put to sleep\n|rule|Species Clause: Limit one of each Pok\u00e9mon\n|rule|OHKO Clause: OHKO moves are banned\n|rule|Evasion Items Clause: Evasion items are banned\n|rule|Evasion Moves Clause: Evasion moves are banned\n|rule|Endless Battle Clause: Forcing endless battles is banned\n|rule|HP Percentage Mod: HP is shown in percentages\n|clearpoke\n|poke|p1|Meowscarada, M|\n|poke|p1|Ogerpon, F|\n|poke|p1|Moltres|\n|poke|p1|Garganacl, F|\n|poke|p1|Ting-Lu|\n|poke|p1|Gholdengo|\n|poke|p2|Pelipper, M|\n|poke|p2|Basculegion, M|\n|poke|p2|Greninja-*, M|\n|poke|p2|Zapdos|\n|poke|p2|Iron Treads|\n|poke|p2|Kingambit, M|\n|teampreview\n|inactive|Battle timer is ON: inactive players will automatically lose when time's up. (requested by glhfOvO)\n|\n|t:|1700717517\n|start\n|switch|p1a: Garganacl|Garganacl, F|100\/100\n|switch|p2a: Pelipper|Pelipper, M|100\/100\n|-weather|RainDance|[from] ability: Drizzle|[of] p2a: Pelipper\n|turn|1\n|\n|t:|1700717525\n|-terastallize|p1a: Garganacl|Water\n|move|p2a: Pelipper|Surf|p1a: Garganacl\n|-resisted|p1a: Garganacl\n|-damage|p1a: Garganacl|83\/100\n|move|p1a: Garganacl|Salt Cure|p2a: Pelipper\n|-supereffective|p2a: Pelipper\n|-damage|p2a: Pelipper|73\/100\n|-start|p2a: Pelipper|Salt Cure\n|\n|-weather|RainDance|[upkeep]\n|-heal|p1a: Garganacl|90\/100|[from] item: Leftovers\n|-damage|p2a: Pelipper|48\/100|[from] Salt Cure\n|upkeep\n|turn|2\n|j| Sagiae999\n|\n|t:|1700717545\n|move|p2a: Pelipper|U-turn|p1a: Garganacl\n|-damage|p1a: Garganacl|84\/100\n|\n|t:|1700717548\n|switch|p2a: Zapdos|Zapdos, shiny|100\/100|[from] U-turn\n|move|p1a: Garganacl|Salt Cure|p2a: Zapdos\n|-supereffective|p2a: Zapdos\n|-damage|p2a: Zapdos|66\/100\n|-start|p2a: Zapdos|Salt Cure\n|\n|-weather|RainDance|[upkeep]\n|-heal|p1a: Garganacl|90\/100|[from] item: Leftovers\n|-damage|p2a: Zapdos|54\/100|[from] Salt Cure\n|upkeep\n|turn|3\n|inactive|OUFC Test1 has 120 seconds left.\n|\n|t:|1700717587\n|switch|p1a: Ting-Lu|Ting-Lu|100\/100\n|-ability|p1a: Ting-Lu|Vessel of Ruin\n|move|p2a: Zapdos|Thunderbolt|p1a: Ting-Lu\n|-immune|p1a: Ting-Lu\n|\n|-weather|RainDance|[upkeep]\n|-damage|p2a: Zapdos|41\/100|[from] Salt Cure\n|upkeep\n|turn|4\n|\n|t:|1700717591\n|switch|p2a: Basculegion|Basculegion, M|100\/100\n|move|p1a: Ting-Lu|Earthquake|p2a: Basculegion\n|-damage|p2a: Basculegion|53\/100\n|\n|-weather|RainDance|[upkeep]\n|upkeep\n|turn|5\n|\n|t:|1700717603\n|switch|p1a: Moltres|Moltres|100\/100\n|move|p2a: Basculegion|Wave Crash|p1a: Moltres\n|-supereffective|p1a: Moltres\n|-damage|p1a: Moltres|0 fnt\n|-status|p2a: Basculegion|brn|[from] ability: Flame Body|[of] p1a: Moltres\n|faint|p1a: Moltres\n|-damage|p2a: Basculegion|20\/100 brn|[from] Recoil\n|\n|-weather|RainDance|[upkeep]\n|-damage|p2a: Basculegion|14\/100 brn|[from] brn\n|upkeep\n|\n|t:|1700717609\n|switch|p1a: Garganacl|Garganacl, F, tera:Water|90\/100\n|turn|6\n|\n|t:|1700717610\n|move|p2a: Basculegion|Wave Crash|p1a: Garganacl\n|-resisted|p1a: Garganacl\n|-damage|p1a: Garganacl|73\/100\n|-damage|p2a: Basculegion|8\/100 brn|[from] Recoil\n|move|p1a: Garganacl|Curse|p1a: Garganacl\n|-unboost|p1a: Garganacl|spe|1\n|-boost|p1a: Garganacl|atk|1\n|-boost|p1a: Garganacl|def|1\n|\n|-weather|RainDance|[upkeep]\n|-heal|p1a: Garganacl|79\/100|[from] item: Leftovers\n|-damage|p2a: Basculegion|2\/100 brn|[from] brn\n|upkeep\n|turn|7\n|\n|t:|1700717623\n|move|p2a: Basculegion|Wave Crash|p1a: Garganacl\n|-resisted|p1a: Garganacl\n|-damage|p1a: Garganacl|67\/100\n|-damage|p2a: Basculegion|0 fnt|[from] Recoil\n|faint|p2a: Basculegion\n|move|p1a: Garganacl|Recover|p1a: Garganacl\n|-heal|p1a: Garganacl|100\/100\n|\n|-weather|RainDance|[upkeep]\n|upkeep\n|\n|t:|1700717631\n|switch|p2a: Zapdos|Zapdos, shiny|41\/100\n|turn|8\n|\n|t:|1700717634\n|move|p2a: Zapdos|Thunderbolt|p1a: Garganacl\n|-supereffective|p1a: Garganacl\n|-crit|p1a: Garganacl\n|-damage|p1a: Garganacl|0 fnt\n|faint|p1a: Garganacl\n|\n|-weather|none\n|upkeep\n|\n|t:|1700717640\n|switch|p1a: Ogerpon|Ogerpon, F|100\/100\n|turn|9\n|\n|t:|1700717645\n|move|p1a: Ogerpon|Rock Tomb|p2a: Zapdos\n|-supereffective|p2a: Zapdos\n|-damage|p2a: Zapdos|0 fnt\n|faint|p2a: Zapdos\n|\n|upkeep\n|\n|t:|1700717653\n|switch|p2a: Pelipper|Pelipper, M|48\/100\n|-weather|RainDance|[from] ability: Drizzle|[of] p2a: Pelipper\n|turn|10\n|\n|t:|1700717658\n|move|p1a: Ogerpon|Rock Tomb|p2a: Pelipper\n|-supereffective|p2a: Pelipper\n|-damage|p2a: Pelipper|0 fnt\n|faint|p2a: Pelipper\n|\n|-weather|RainDance|[upkeep]\n|upkeep\n|\n|t:|1700717662\n|switch|p2a: Iron Treads|Iron Treads|100\/100\n|-enditem|p2a: Iron Treads|Booster Energy\n|-activate|p2a: Iron Treads|ability: Quark Drive|[fromitem]\n|-start|p2a: Iron Treads|quarkdrivespe\n|turn|11\n|l| Sagiae999\n|\n|t:|1700717665\n|switch|p1a: Ting-Lu|Ting-Lu|100\/100\n|-ability|p1a: Ting-Lu|Vessel of Ruin\n|move|p2a: Iron Treads|Ice Spinner|p1a: Ting-Lu\n|-supereffective|p1a: Ting-Lu\n|-damage|p1a: Ting-Lu|71\/100\n|\n|-weather|RainDance|[upkeep]\n|-heal|p1a: Ting-Lu|77\/100|[from] item: Leftovers\n|upkeep\n|turn|12\n|\n|t:|1700717670\n|move|p2a: Iron Treads|Stealth Rock|p1a: Ting-Lu\n|-sidestart|p1: OUFC Test1|move: Stealth Rock\n|move|p1a: Ting-Lu|Spikes|p2a: Iron Treads\n|-sidestart|p2: glhfOvO|Spikes\n|\n|-weather|RainDance|[upkeep]\n|-heal|p1a: Ting-Lu|83\/100|[from] item: Leftovers\n|upkeep\n|turn|13\n|\n|t:|1700717675\n|move|p2a: Iron Treads|Rapid Spin|p1a: Ting-Lu\n|-damage|p1a: Ting-Lu|74\/100\n|-boost|p2a: Iron Treads|spe|1\n|-sideend|p2: glhfOvO|Spikes|[from] move: Rapid Spin|[of] p2a: Iron Treads\n|move|p1a: Ting-Lu|Ruination|p2a: Iron Treads\n|-damage|p2a: Iron Treads|51\/100\n|\n|-weather|RainDance|[upkeep]\n|-heal|p1a: Ting-Lu|81\/100|[from] item: Leftovers\n|upkeep\n|turn|14\n|\n|t:|1700717679\n|move|p2a: Iron Treads|Ice Spinner|p1a: Ting-Lu\n|-supereffective|p1a: Ting-Lu\n|-damage|p1a: Ting-Lu|53\/100\n|move|p1a: Ting-Lu|Whirlwind|p2a: Iron Treads\n|-end|p2a: Iron Treads|Quark Drive|[silent]\n|drag|p2a: Greninja|Greninja, M|100\/100\n|\n|-weather|RainDance|[upkeep]\n|-heal|p1a: Ting-Lu|59\/100|[from] item: Leftovers\n|upkeep\n|turn|15\n|\n|t:|1700717690\n|switch|p1a: Gholdengo|Gholdengo|100\/100\n|-damage|p1a: Gholdengo|94\/100|[from] Stealth Rock\n|move|p2a: Greninja|Surf|p1a: Gholdengo\n|-damage|p1a: Gholdengo|20\/100\n|-damage|p2a: Greninja|91\/100|[from] item: Life Orb\n|\n|-weather|RainDance|[upkeep]\n|-heal|p1a: Gholdengo|26\/100|[from] item: Leftovers\n|upkeep\n|turn|16\n|j| me and the rza\n|c| me and the rza|ovo\n|\n|t:|1700717705\n|switch|p1a: Meowscarada|Meowscarada, M|100\/100\n|move|p2a: Greninja|Dark Pulse|p1a: Meowscarada\n|-resisted|p1a: Meowscarada\n|-damage|p1a: Meowscarada|65\/100\n|-damage|p2a: Greninja|81\/100|[from] item: Life Orb\n|\n|-weather|RainDance|[upkeep]\n|upkeep\n|turn|17\n|\n|t:|1700717716\n|switch|p2a: Iron Treads|Iron Treads|51\/100\n|move|p1a: Meowscarada|Flower Trick|p2a: Iron Treads\n|-crit|p2a: Iron Treads\n|-damage|p2a: Iron Treads|9\/100\n|\n|-weather|none\n|upkeep\n|turn|18\n|c| me and the rza|you just couldnt see the good in drake\n|\n|t:|1700717724\n|move|p1a: Meowscarada|Flower Trick|p2a: Iron Treads\n|-crit|p2a: Iron Treads\n|-damage|p2a: Iron Treads|0 fnt\n|faint|p2a: Iron Treads\n|-end|p2a: Iron Treads|Quark Drive|[silent]\n|\n|upkeep\n|\n|t:|1700717730\n|switch|p2a: Kingambit|Kingambit, M|100\/100\n|-activate|p2a: Kingambit|ability: Supreme Overlord\n|-start|p2a: Kingambit|fallen4|[silent]\n|turn|19\n|\n|t:|1700717735\n|move|p1a: Meowscarada|Low Kick|p2a: Kingambit\n|-supereffective|p2a: Kingambit\n|-damage|p2a: Kingambit|0 fnt\n|faint|p2a: Kingambit\n|-end|p2a: Kingambit|fallen4|[silent]\n|\n|upkeep\n|-message|glhfOvO forfeited.\n|\n|win|OUFC Test1\n|raw|OUFC Test1's rating: 1737 &rarr; <strong>1763<\/strong><br \/>(+26 for winning)\n|raw|glhfOvO's rating: 1843 &rarr; <strong>1817<\/strong><br \/>(-26 for losing)\n","uploadtime":1700717751,"views":8,"p1id":"oufctest1","p2id":"glhfovo","formatid":"gen9ou","rating":1763,"private":0,"password":""}