{"id":"gen9ou-1993940975","p1":"Slither Moth 13","p2":"Preppy dude","format":"[Gen 9] OU","log":"|j|\u2606Slither Moth 13\n|j|\u2606Preppy dude\n|t:|1700379416\n|gametype|singles\n|player|p1|Slither Moth 13|biker-gen4|1250\n|player|p2|Preppy dude|2|1225\n|teamsize|p1|6\n|teamsize|p2|6\n|gen|9\n|tier|[Gen 9] OU\n|rated|\n|rule|Sleep Clause Mod: Limit one foe put to sleep\n|rule|Species Clause: Limit one of each Pok\u00e9mon\n|rule|OHKO Clause: OHKO moves are banned\n|rule|Evasion Items Clause: Evasion items are banned\n|rule|Evasion Moves Clause: Evasion moves are banned\n|rule|Endless Battle Clause: Forcing endless battles is banned\n|rule|HP Percentage Mod: HP is shown in percentages\n|clearpoke\n|poke|p1|Ribombee, F|\n|poke|p1|Samurott-Hisui, F|\n|poke|p1|Glimmora, F|\n|poke|p1|Gholdengo|\n|poke|p1|Iron Treads|\n|poke|p1|Kingambit, F|\n|poke|p2|Sneasler, M|\n|poke|p2|Talonflame, M|\n|poke|p2|Scizor, F|\n|poke|p2|Weavile, M|\n|poke|p2|Sneasel-Hisui, F|\n|poke|p2|Cacturne, M|\n|teampreview\n|inactive|Battle timer is ON: inactive players will automatically lose when time's up. (requested by Preppy dude)\n|inactive|Slither Moth 13 has 120 seconds left.\n|j| d18l\n|l| d18l\n|j| Leavers\n|inactive|Slither Moth 13 has 90 seconds left.\n|\n|t:|1700379504\n|start\n|switch|p1a: WEB META|Ribombee, F|100\/100\n|switch|p2a: Scizor|Scizor, F|100\/100\n|turn|1\n|j| Fusien\n|inactive|Slither Moth 13 has 120 seconds left.\n|\n|t:|1700379525\n|move|p1a: WEB META|Sticky Web|p2a: Scizor\n|-sidestart|p2: Preppy dude|move: Sticky Web\n|move|p2a: Scizor|Dual Wingbeat|p1a: WEB META\n|-supereffective|p1a: WEB META\n|-enditem|p1a: WEB META|Focus Sash\n|-damage|p1a: WEB META|1\/100\n|-supereffective|p1a: WEB META\n|-damage|p1a: WEB META|0 fnt\n|faint|p1a: WEB META\n|-hitcount|p1: WEB META|2\n|\n|upkeep\n|\n|t:|1700379527\n|switch|p1a: EVIL META|Gholdengo|100\/100\n|turn|2\n|\n|t:|1700379540\n|switch|p2a: Weavile|Weavile, M|100\/100\n|-activate|p2a: Weavile|move: Sticky Web\n|-unboost|p2a: Weavile|spe|1\n|move|p1a: EVIL META|Reflect|p1a: EVIL META\n|-sidestart|p1: Slither Moth 13|Reflect\n|\n|upkeep\n|turn|3\n|\n|t:|1700379548\n|switch|p1a: SPIKE META|Samurott-Hisui, F|100\/100\n|move|p2a: Weavile|Knock Off|p1a: SPIKE META\n|-resisted|p1a: SPIKE META\n|-damage|p1a: SPIKE META|83\/100\n|-enditem|p1a: SPIKE META|Assault Vest|[from] move: Knock Off|[of] p2a: Weavile\n|\n|upkeep\n|turn|4\n|\n|t:|1700379556\n|move|p1a: SPIKE META|Ceaseless Edge|p2a: Weavile\n|-resisted|p2a: Weavile\n|-damage|p2a: Weavile|67\/100\n|-sidestart|p2: Preppy dude|Spikes\n|move|p2a: Weavile|Brick Break|p1a: SPIKE META\n|-sideend|p1: Slither Moth 13|Reflect\n|-supereffective|p1a: SPIKE META\n|-damage|p1a: SPIKE META|4\/100\n|\n|upkeep\n|turn|5\n|\n|t:|1700379565\n|move|p1a: SPIKE META|Aqua Jet|p2a: Weavile\n|-damage|p2a: Weavile|40\/100\n|move|p2a: Weavile|Ice Shard|p1a: SPIKE META\n|-resisted|p1a: SPIKE META\n|-damage|p1a: SPIKE META|0 fnt\n|faint|p1a: SPIKE META\n|\n|upkeep\n|\n|t:|1700379572\n|switch|p1a: TSPIKE META|Glimmora, F|100\/100\n|turn|6\n|c|\u2606Slither Moth 13|how fuck i still am getting beat by brick break\n|\n|t:|1700379583\n|move|p1a: TSPIKE META|Earth Power|p2a: Weavile\n|-damage|p2a: Weavile|0 fnt\n|faint|p2a: Weavile\n|\n|upkeep\n|c|\u2606Slither Moth 13|tjhis isnt september\n|\n|t:|1700379592\n|switch|p2a: Scizor|Scizor, F|100\/100\n|-activate|p2a: Scizor|move: Sticky Web\n|-unboost|p2a: Scizor|spe|1\n|-damage|p2a: Scizor|88\/100|[from] Spikes\n|turn|7\n|j| SDK04\n|\n|t:|1700379604\n|switch|p1a: EVIL META|Gholdengo|100\/100\n|move|p2a: Scizor|Bullet Punch|p1a: EVIL META\n|-resisted|p1a: EVIL META\n|-damage|p1a: EVIL META|75\/100\n|\n|upkeep\n|turn|8\n|\n|t:|1700379612\n|switch|p2a: Talonflame|Talonflame, M|100\/100\n|move|p1a: EVIL META|Reflect|p1a: EVIL META\n|-sidestart|p1: Slither Moth 13|Reflect\n|\n|upkeep\n|turn|9\n|\n|t:|1700379637\n|move|p2a: Talonflame|Flare Blitz|p1a: EVIL META\n|-supereffective|p1a: EVIL META\n|-damage|p1a: EVIL META|4\/100\n|-damage|p2a: Talonflame|71\/100|[from] Recoil\n|move|p1a: EVIL META|Light Screen|p1a: EVIL META\n|-sidestart|p1: Slither Moth 13|move: Light Screen\n|\n|upkeep\n|turn|10\n|\n|t:|1700379644\n|move|p2a: Talonflame|Flare Blitz|p1a: EVIL META\n|-supereffective|p1a: EVIL META\n|-damage|p1a: EVIL META|0 fnt\n|faint|p1a: EVIL META\n|-damage|p2a: Talonflame|70\/100|[from] Recoil\n|\n|upkeep\n|\n|t:|1700379649\n|switch|p1a: TSPIKE META|Glimmora, F|100\/100\n|turn|11\n|\n|t:|1700379654\n|move|p2a: Talonflame|Flare Blitz|p1a: TSPIKE META\n|-resisted|p1a: TSPIKE META\n|-crit|p1a: TSPIKE META\n|-damage|p1a: TSPIKE META|30\/100\n|-damage|p2a: Talonflame|46\/100|[from] Recoil\n|move|p1a: TSPIKE META|Stealth Rock|p2a: Talonflame\n|-sidestart|p2: Preppy dude|move: Stealth Rock\n|\n|upkeep\n|turn|12\n|\n|t:|1700379661\n|move|p2a: Talonflame|Flare Blitz|p1a: TSPIKE META\n|-resisted|p1a: TSPIKE META\n|-damage|p1a: TSPIKE META|10\/100\n|-damage|p2a: Talonflame|39\/100|[from] Recoil\n|move|p1a: TSPIKE META|Toxic|p2a: Talonflame\n|-status|p2a: Talonflame|tox\n|\n|-damage|p2a: Talonflame|32\/100 tox|[from] psn\n|upkeep\n|turn|13\n|\n|t:|1700379671\n|move|p2a: Talonflame|Flare Blitz|p1a: TSPIKE META\n|-resisted|p1a: TSPIKE META\n|-damage|p1a: TSPIKE META|0 fnt\n|faint|p1a: TSPIKE META\n|-damage|p2a: Talonflame|29\/100 tox|[from] Recoil\n|\n|-damage|p2a: Talonflame|17\/100 tox|[from] psn\n|upkeep\n|\n|t:|1700379673\n|switch|p1a: IRON TUSK 69|Iron Treads|100\/100\n|-enditem|p1a: IRON TUSK 69|Booster Energy\n|-activate|p1a: IRON TUSK 69|ability: Quark Drive|[fromitem]\n|-start|p1a: IRON TUSK 69|quarkdrivespe\n|turn|14\n|\n|t:|1700379683\n|move|p1a: IRON TUSK 69|Steel Beam|p2a: Talonflame\n|-resisted|p2a: Talonflame\n|-damage|p2a: Talonflame|0 fnt\n|-damage|p1a: IRON TUSK 69|50\/100|[from] steelbeam\n|faint|p2a: Talonflame\n|\n|upkeep\n|\n|t:|1700379710\n|switch|p2a: Scizor|Scizor, F|88\/100\n|-activate|p2a: Scizor|move: Sticky Web\n|-unboost|p2a: Scizor|spe|1\n|-damage|p2a: Scizor|76\/100|[from] Spikes\n|-damage|p2a: Scizor|64\/100|[from] Stealth Rock\n|turn|15\n|inactive|Slither Moth 13 has 120 seconds left.\n|\n|t:|1700379742\n|move|p1a: IRON TUSK 69|Steel Beam|p2a: Scizor\n|-resisted|p2a: Scizor\n|-damage|p2a: Scizor|33\/100\n|-damage|p1a: IRON TUSK 69|0 fnt|[from] steelbeam\n|faint|p1a: IRON TUSK 69\n|-end|p1a: IRON TUSK 69|Quark Drive|[silent]\n|move|p2a: Scizor|Close Combat|p1: IRON TUSK 69|[notarget]\n|-fail|p2a: Scizor\n|\n|-sideend|p1: Slither Moth 13|Reflect\n|upkeep\n|\n|t:|1700379745\n|switch|p1a: Rigged Suspect|Kingambit, F|100\/100\n|-activate|p1a: Rigged Suspect|ability: Supreme Overlord\n|-start|p1a: Rigged Suspect|fallen5|[silent]\n|turn|16\n|\n|t:|1700379756\n|move|p1a: Rigged Suspect|Sucker Punch|p2a: Scizor\n|-damage|p2a: Scizor|0 fnt\n|faint|p2a: Scizor\n|\n|-sideend|p1: Slither Moth 13|move: Light Screen\n|upkeep\n|\n|t:|1700379761\n|switch|p2a: Sneasler|Sneasler, M|100\/100\n|-activate|p2a: Sneasler|move: Sticky Web\n|-unboost|p2a: Sneasler|spe|1\n|-damage|p2a: Sneasler|88\/100|[from] Spikes\n|-damage|p2a: Sneasler|82\/100|[from] Stealth Rock\n|turn|17\n|\n|t:|1700379768\n|-terastallize|p1a: Rigged Suspect|Fairy\n|move|p2a: Sneasler|Fake Out|p1a: Rigged Suspect\n|-damage|p1a: Rigged Suspect|90\/100\n|cant|p1a: Rigged Suspect|flinch\n|\n|-heal|p1a: Rigged Suspect|96\/100|[from] item: Leftovers\n|upkeep\n|turn|18\n|\n|t:|1700379779\n|move|p2a: Sneasler|Dire Claw|p1a: Rigged Suspect\n|-supereffective|p1a: Rigged Suspect\n|-crit|p1a: Rigged Suspect\n|-damage|p1a: Rigged Suspect|0 fnt\n|faint|p1a: Rigged Suspect\n|-end|p1a: Rigged Suspect|fallen5|[silent]\n|\n|win|Preppy dude\n|raw|Slither Moth 13's rating: 1250 &rarr; <strong>1223<\/strong><br \/>(-27 for losing)\n|raw|Preppy dude's rating: 1225 &rarr; <strong>1252<\/strong><br \/>(+27 for winning)\n|l|\u2606Preppy dude\n|l|\u2606Slither Moth 13\n|l| Leavers\n","uploadtime":1700379860,"views":9,"p1id":"slithermoth13","p2id":"preppydude","formatid":"gen9ou","rating":1223,"private":0,"password":""}