{"id":"gen9ou-1999605366","p1":"JJJsepht","p2":"zedaporcada","format":"[Gen 9] OU","log":"|j|\u2606JJJsepht\n|j|\u2606zedaporcada\n|t:|1701100493\n|gametype|singles\n|player|p1|JJJsepht|hiker-gen4|1042\n|player|p2|zedaporcada|alder|1000\n|teamsize|p1|6\n|teamsize|p2|6\n|gen|9\n|tier|[Gen 9] OU\n|rated|\n|rule|Sleep Clause Mod: Limit one foe put to sleep\n|rule|Species Clause: Limit one of each Pok\u00e9mon\n|rule|OHKO Clause: OHKO moves are banned\n|rule|Evasion Items Clause: Evasion items are banned\n|rule|Evasion Moves Clause: Evasion moves are banned\n|rule|Endless Battle Clause: Forcing endless battles is banned\n|rule|HP Percentage Mod: HP is shown in percentages\n|clearpoke\n|poke|p1|Pelipper, M|\n|poke|p1|Barraskewda, F|\n|poke|p1|Great Tusk|\n|poke|p1|Amoonguss, M|\n|poke|p1|Kingambit, F|\n|poke|p1|Kilowattrel, M|\n|poke|p2|Rotom-Wash|\n|poke|p2|Landorus-Therian, M|\n|poke|p2|Conkeldurr, M|\n|poke|p2|Cresselia, F|\n|poke|p2|Snorlax, F|\n|poke|p2|Haxorus, F|\n|teampreview\n|\n|t:|1701100506\n|start\n|switch|p1a: Pelipper|Pelipper, M, shiny|100\/100\n|switch|p2a: Snorlax|Snorlax, F|100\/100\n|-weather|RainDance|[from] ability: Drizzle|[of] p1a: Pelipper\n|turn|1\n|c|\u2606JJJsepht|GLHF\n|\n|t:|1701100528\n|move|p1a: Pelipper|U-turn|p2a: Snorlax\n|-damage|p2a: Snorlax|93\/100\n|\n|t:|1701100533\n|switch|p1a: Barraskewda|Barraskewda, F, shiny|100\/100|[from] U-turn\n|move|p2a: Snorlax|Sleep Talk||[still]\n|-fail|p2a: Snorlax\n|\n|-weather|RainDance|[upkeep]\n|-heal|p2a: Snorlax|99\/100|[from] item: Leftovers\n|upkeep\n|turn|2\n|\n|t:|1701100540\n|move|p1a: Barraskewda|Close Combat|p2a: Snorlax\n|-supereffective|p2a: Snorlax\n|-damage|p2a: Snorlax|0 fnt\n|-unboost|p1a: Barraskewda|def|1\n|-unboost|p1a: Barraskewda|spd|1\n|faint|p2a: Snorlax\n|\n|-weather|RainDance|[upkeep]\n|upkeep\n|\n|t:|1701100547\n|switch|p2a: Rotom|Rotom-Wash, shiny|100\/100\n|turn|3\n|\n|t:|1701100572\n|switch|p1a: Great Tusk|Great Tusk, shiny|100\/100\n|move|p2a: Rotom|Volt Switch|p1a: Great Tusk\n|-immune|p1a: Great Tusk\n|\n|-weather|RainDance|[upkeep]\n|upkeep\n|turn|4\n|\n|t:|1701100602\n|move|p1a: Great Tusk|Earthquake|p2a: Rotom\n|-immune|p2a: Rotom|[from] ability: Levitate\n|move|p2a: Rotom|Hydro Pump|p1a: Great Tusk|[miss]\n|-miss|p2a: Rotom|p1a: Great Tusk\n|\n|-weather|RainDance|[upkeep]\n|upkeep\n|turn|5\n|inactive|Battle timer is ON: inactive players will automatically lose when time's up. (requested by zedaporcada)\n|\n|t:|1701100613\n|move|p1a: Great Tusk|Knock Off|p2a: Rotom\n|-damage|p2a: Rotom|74\/100\n|-enditem|p2a: Rotom|Leftovers|[from] move: Knock Off|[of] p1a: Great Tusk\n|move|p2a: Rotom|Hydro Pump|p1a: Great Tusk\n|-supereffective|p1a: Great Tusk\n|-damage|p1a: Great Tusk|0 fnt\n|faint|p1a: Great Tusk\n|-end|p1a: Great Tusk|Protosynthesis|[silent]\n|\n|-weather|RainDance|[upkeep]\n|upkeep\n|\n|t:|1701100622\n|switch|p1a: Kingambit|Kingambit, F, shiny|100\/100\n|turn|6\n|\n|t:|1701100631\n|move|p1a: Kingambit|Sucker Punch||[still]\n|-fail|p1a: Kingambit\n|move|p2a: Rotom|Will-O-Wisp|p1a: Kingambit\n|-status|p1a: Kingambit|brn\n|\n|-weather|RainDance|[upkeep]\n|-damage|p1a: Kingambit|94\/100 brn|[from] brn\n|upkeep\n|turn|7\n|\n|t:|1701100638\n|switch|p2a: Conkeldurr|Conkeldurr, M|100\/100\n|move|p1a: Kingambit|Sucker Punch||[still]\n|-fail|p1a: Kingambit\n|\n|-weather|RainDance|[upkeep]\n|-heal|p1a: Kingambit|100\/100 brn|[from] item: Leftovers\n|-damage|p1a: Kingambit|94\/100 brn|[from] brn\n|-status|p2a: Conkeldurr|brn|[from] item: Flame Orb\n|upkeep\n|turn|8\n|\n|t:|1701100665\n|move|p2a: Conkeldurr|Drain Punch|p1a: Kingambit\n|-supereffective|p1a: Kingambit\n|-damage|p1a: Kingambit|0 fnt\n|faint|p1a: Kingambit\n|\n|-weather|none\n|-damage|p2a: Conkeldurr|94\/100 brn|[from] brn\n|upkeep\n|inactive|JJJsepht has 120 seconds left.\n|\n|t:|1701100680\n|switch|p1a: Barraskewda|Barraskewda, F, shiny|100\/100\n|turn|9\n|\n|t:|1701100692\n|move|p1a: Barraskewda|Psychic Fangs|p2a: Conkeldurr\n|-supereffective|p2a: Conkeldurr\n|-damage|p2a: Conkeldurr|9\/100 brn\n|move|p2a: Conkeldurr|Knock Off|p1a: Barraskewda\n|-damage|p1a: Barraskewda|0 fnt\n|-enditem|p1a: Barraskewda|Choice Band|[from] move: Knock Off|[of] p2a: Conkeldurr\n|faint|p1a: Barraskewda\n|\n|-damage|p2a: Conkeldurr|3\/100 brn|[from] brn\n|upkeep\n|\n|t:|1701100705\n|switch|p1a: Amoonguss|Amoonguss, M, shiny|100\/100\n|turn|10\n|\n|t:|1701100714\n|move|p2a: Conkeldurr|Mach Punch|p1a: Amoonguss\n|-resisted|p1a: Amoonguss\n|-crit|p1a: Amoonguss\n|-damage|p1a: Amoonguss|71\/100\n|move|p1a: Amoonguss|Foul Play|p2a: Conkeldurr\n|-resisted|p2a: Conkeldurr\n|-damage|p2a: Conkeldurr|0 fnt\n|faint|p2a: Conkeldurr\n|\n|-heal|p1a: Amoonguss|77\/100|[from] item: Black Sludge\n|upkeep\n|\n|t:|1701100731\n|switch|p2a: Haxorus|Haxorus, F|100\/100\n|-ability|p2a: Haxorus|Mold Breaker\n|turn|11\n|j| sansbeatings\n|\n|t:|1701100747\n|move|p2a: Haxorus|Swords Dance|p2a: Haxorus\n|-boost|p2a: Haxorus|atk|2\n|move|p1a: Amoonguss|Sludge Bomb|p2a: Haxorus\n|-crit|p2a: Haxorus\n|-damage|p2a: Haxorus|10\/100\n|\n|-heal|p1a: Amoonguss|83\/100|[from] item: Black Sludge\n|upkeep\n|turn|12\n|\n|t:|1701100756\n|move|p2a: Haxorus|Outrage|p1a: Amoonguss\n|-damage|p1a: Amoonguss|0 fnt\n|faint|p1a: Amoonguss\n|\n|upkeep\n|\n|t:|1701100763\n|switch|p1a: Pelipper|Pelipper, M, shiny|100\/100\n|-weather|RainDance|[from] ability: Drizzle|[of] p1a: Pelipper\n|turn|13\n|\n|t:|1701100768\n|move|p2a: Haxorus|Outrage|p1a: Pelipper|[from]lockedmove\n|-damage|p1a: Pelipper|0 fnt\n|faint|p1a: Pelipper\n|-start|p2a: Haxorus|confusion|[fatigue]\n|-enditem|p2a: Haxorus|Lum Berry|[eat]\n|-end|p2a: Haxorus|confusion\n|\n|-weather|RainDance|[upkeep]\n|upkeep\n|\n|t:|1701100776\n|switch|p1a: Kilowattrel|Kilowattrel, M, shiny|100\/100\n|turn|14\n|\n|t:|1701100780\n|move|p1a: Kilowattrel|Quick Attack|p2a: Haxorus\n|-damage|p2a: Haxorus|2\/100\n|move|p2a: Haxorus|Outrage|p1a: Kilowattrel\n|-damage|p1a: Kilowattrel|0 fnt\n|faint|p1a: Kilowattrel\n|\n|win|zedaporcada\n|raw|JJJsepht's rating: 1042 &rarr; <strong>1024<\/strong><br \/>(-18 for losing)\n|raw|zedaporcada's rating: 1000 &rarr; <strong>1045<\/strong><br \/>(+45 for winning)\n|l|\u2606zedaporcada\n","uploadtime":1701100800,"views":4,"p1id":"jjjsepht","p2id":"zedaporcada","formatid":"gen9ou","rating":1024,"private":0,"password":""}