{"id":"gen9ou-1989450285","p1":"smiley123","p2":"Onte bad","format":"[Gen 9] OU","log":"|j|\u2606smiley123\n|j|\u2606Onte bad\n|t:|1699852306\n|gametype|singles\n|player|p1|smiley123|giovanni|1194\n|player|p2|Onte bad|2|1139\n|teamsize|p1|6\n|teamsize|p2|6\n|gen|9\n|tier|[Gen 9] OU\n|rated|\n|rule|Sleep Clause Mod: Limit one foe put to sleep\n|rule|Species Clause: Limit one of each Pok\u00e9mon\n|rule|OHKO Clause: OHKO moves are banned\n|rule|Evasion Items Clause: Evasion items are banned\n|rule|Evasion Moves Clause: Evasion moves are banned\n|rule|Endless Battle Clause: Forcing endless battles is banned\n|rule|HP Percentage Mod: HP is shown in percentages\n|clearpoke\n|poke|p1|Ceruledge, M|\n|poke|p1|Iron Moth|\n|poke|p1|Hatterene, F|\n|poke|p1|Cinderace, F|\n|poke|p1|Landorus-Therian, M|\n|poke|p1|Ditto|\n|poke|p2|Gholdengo|\n|poke|p2|Glimmora, F|\n|poke|p2|Ribombee, M|\n|poke|p2|Cinderace, F|\n|poke|p2|Dragonite, F|\n|poke|p2|Thundurus-Therian, M|\n|teampreview\n|\n|t:|1699852333\n|start\n|switch|p1a: Hatterene|Hatterene, F|100\/100\n|switch|p2a: Thundurus|Thundurus-Therian, M|100\/100\n|turn|1\n|\n|t:|1699852337\n|move|p2a: Thundurus|Volt Switch|p1a: Hatterene\n|-damage|p1a: Hatterene|38\/100\n|\n|t:|1699852341\n|switch|p2a: Glimmora|Glimmora, F|100\/100|[from] Volt Switch\n|move|p1a: Hatterene|Draining Kiss|p2a: Glimmora\n|-resisted|p2a: Glimmora\n|-damage|p2a: Glimmora|79\/100\n|-heal|p1a: Hatterene|57\/100|[from] drain|[of] p2a: Glimmora\n|-damage|p1a: Hatterene|48\/100|[from] item: Life Orb\n|\n|upkeep\n|turn|2\n|\n|t:|1699852350\n|switch|p1a: Landorus|Landorus-Therian, M|100\/100\n|-ability|p1a: Landorus|Intimidate|boost\n|-unboost|p2a: Glimmora|atk|1\n|move|p2a: Glimmora|Mortal Spin|p1a: Landorus\n|-resisted|p1a: Landorus\n|-damage|p1a: Landorus|98\/100\n|-status|p1a: Landorus|psn\n|\n|-damage|p1a: Landorus|85\/100 psn|[from] psn\n|upkeep\n|turn|3\n|\n|t:|1699852357\n|switch|p2a: Ribombee|Ribombee, M|100\/100\n|move|p1a: Landorus|Earthquake|p2a: Ribombee\n|-resisted|p2a: Ribombee\n|-damage|p2a: Ribombee|40\/100\n|\n|-damage|p1a: Landorus|73\/100 psn|[from] psn\n|upkeep\n|turn|4\n|\n|t:|1699852362\n|move|p1a: Landorus|Earthquake|p2a: Ribombee\n|-resisted|p2a: Ribombee\n|-damage|p2a: Ribombee|0 fnt\n|faint|p2a: Ribombee\n|\n|-damage|p1a: Landorus|60\/100 psn|[from] psn\n|upkeep\n|\n|t:|1699852365\n|switch|p2a: Dragonite|Dragonite, F|100\/100\n|turn|5\n|\n|t:|1699852370\n|switch|p1a: Hatterene|Hatterene, F|48\/100\n|move|p2a: Dragonite|Dragon Dance|p2a: Dragonite\n|-boost|p2a: Dragonite|atk|1\n|-boost|p2a: Dragonite|spe|1\n|\n|upkeep\n|turn|6\n|\n|t:|1699852375\n|move|p2a: Dragonite|Earthquake|p1a: Hatterene\n|-damage|p1a: Hatterene|0 fnt\n|faint|p1a: Hatterene\n|\n|upkeep\n|\n|t:|1699852378\n|switch|p1a: Ceruledge|Ceruledge, M|100\/100\n|turn|7\n|\n|t:|1699852382\n|switch|p2a: Glimmora|Glimmora, F|79\/100\n|move|p1a: Ceruledge|Poltergeist|p2a: Glimmora\n|-activate|p2a: Glimmora|move: Poltergeist|Focus Sash\n|-damage|p2a: Glimmora|28\/100\n|-activate|p2a: Glimmora|ability: Toxic Debris\n|-sidestart|p1: smiley123|move: Toxic Spikes\n|\n|upkeep\n|turn|8\n|\n|t:|1699852390\n|move|p2a: Glimmora|Earth Power|p1a: Ceruledge\n|-supereffective|p1a: Ceruledge\n|-damage|p1a: Ceruledge|42\/100\n|move|p1a: Ceruledge|Poltergeist|p2a: Glimmora\n|-activate|p2a: Glimmora|move: Poltergeist|Focus Sash\n|-damage|p2a: Glimmora|0 fnt\n|-activate|p2a: Glimmora|ability: Toxic Debris\n|-sidestart|p1: smiley123|move: Toxic Spikes\n|faint|p2a: Glimmora\n|\n|upkeep\n|\n|t:|1699852394\n|switch|p2a: Dragonite|Dragonite, F|100\/100\n|turn|9\n|c|\u2606Onte bad|misclick\n|\n|t:|1699852402\n|move|p1a: Ceruledge|Destiny Bond|p1a: Ceruledge\n|-singlemove|p1a: Ceruledge|Destiny Bond\n|move|p2a: Dragonite|Earthquake|p1a: Ceruledge\n|-supereffective|p1a: Ceruledge\n|-damage|p1a: Ceruledge|0 fnt\n|faint|p1a: Ceruledge\n|-activate|p1a: Ceruledge|move: Destiny Bond\n|faint|p2a: Dragonite\n|\n|upkeep\n|inactive|Battle timer is ON: inactive players will automatically lose when time's up. (requested by smiley123)\n|\n|t:|1699852416\n|switch|p1a: Cinderace|Cinderace, F|100\/100\n|switch|p2a: Thundurus|Thundurus-Therian, M|100\/100\n|turn|10\n|\n|t:|1699852420\n|move|p1a: Cinderace|Pyro Ball|p2a: Thundurus\n|-damage|p2a: Thundurus|6\/100\n|move|p2a: Thundurus|Volt Switch|p1a: Cinderace\n|-crit|p1a: Cinderace\n|-damage|p1a: Cinderace|0 fnt\n|faint|p1a: Cinderace\n|\n|t:|1699852438\n|switch|p2a: Cinderace|Cinderace, F|100\/100|[from] Volt Switch\n|\n|upkeep\n|\n|t:|1699852445\n|switch|p1a: Iron Moth|Iron Moth|100\/100\n|-sideend|p1: smiley123|move: Toxic Spikes|[of] p1a: Iron Moth\n|turn|11\n|\n|t:|1699852450\n|move|p2a: Cinderace|Pyro Ball|p1a: Iron Moth\n|-resisted|p1a: Iron Moth\n|-damage|p1a: Iron Moth|48\/100\n|move|p1a: Iron Moth|Sludge Wave|p2a: Cinderace\n|-damage|p2a: Cinderace|0 fnt\n|faint|p2a: Cinderace\n|\n|upkeep\n|\n|t:|1699852454\n|switch|p2a: Gholdengo|Gholdengo|100\/100\n|turn|12\n|\n|t:|1699852463\n|-end|p1a: Iron Moth|Quark Drive|[silent]\n|switch|p1a: Landorus|Landorus-Therian, M|60\/100 psn\n|-ability|p1a: Landorus|Intimidate|boost\n|-unboost|p2a: Gholdengo|atk|1\n|move|p2a: Gholdengo|Shadow Ball|p1a: Landorus\n|-damage|p1a: Landorus|16\/100 psn\n|-unboost|p1a: Landorus|spd|1\n|\n|-damage|p1a: Landorus|4\/100 psn|[from] psn\n|upkeep\n|turn|13\n|\n|t:|1699852470\n|move|p1a: Landorus|Stone Edge|p2a: Gholdengo\n|-resisted|p2a: Gholdengo\n|-crit|p2a: Gholdengo\n|-damage|p2a: Gholdengo|71\/100\n|move|p2a: Gholdengo|Recover|p2a: Gholdengo\n|-heal|p2a: Gholdengo|100\/100\n|\n|-damage|p1a: Landorus|0 fnt|[from] psn\n|faint|p1a: Landorus\n|upkeep\n|\n|t:|1699852474\n|switch|p1a: Iron Moth|Iron Moth|48\/100\n|turn|14\n|\n|t:|1699852478\n|move|p1a: Iron Moth|Fiery Dance|p2a: Gholdengo\n|-supereffective|p2a: Gholdengo\n|-damage|p2a: Gholdengo|0 fnt\n|faint|p2a: Gholdengo\n|\n|upkeep\n|\n|t:|1699852480\n|switch|p2a: Thundurus|Thundurus-Therian, M|6\/100\n|turn|15\n|\n|t:|1699852485\n|move|p2a: Thundurus|Tera Blast|p1a: Iron Moth\n|-damage|p1a: Iron Moth|0 fnt\n|faint|p1a: Iron Moth\n|-end|p1a: Iron Moth|Quark Drive|[silent]\n|\n|upkeep\n|c|\u2606smiley123|Gg\n|\n|t:|1699852491\n|switch|p1a: Ditto|Ditto|100\/100\n|-transform|p1a: Ditto|p2a: Thundurus|[from] ability: Imposter\n|turn|16\n|c|\u2606Onte bad|ggs\n|\n|t:|1699852494\n|-terastallize|p2a: Thundurus|Ice\n|move|p1a: Ditto|Tera Blast|p2a: Thundurus\n|-damage|p2a: Thundurus|0 fnt\n|faint|p2a: Thundurus\n|\n|win|smiley123\n|raw|smiley123's rating: 1194 &rarr; <strong>1215<\/strong><br \/>(+21 for winning)\n|raw|Onte bad's rating: 1139 &rarr; <strong>1118<\/strong><br \/>(-21 for losing)\n","uploadtime":1699852498,"views":8,"p1id":"smiley123","p2id":"ontebad","formatid":"gen9ou","rating":1118,"private":0,"password":""}