{"id":"gen9ou-1997805646","p1":"GrunkleConn","p2":"YOMI Draco","format":"[Gen 9] OU","log":"|j|\u2606GrunkleConn\n|j|\u2606YOMI Draco\n|t:|1700854641\n|gametype|singles\n|player|p1|GrunkleConn|steven|\n|player|p2|YOMI Draco|hanbei-conquest|\n|teamsize|p1|6\n|teamsize|p2|6\n|gen|9\n|tier|[Gen 9] OU\n|rule|Sleep Clause Mod: Limit one foe put to sleep\n|rule|Species Clause: Limit one of each Pok\u00e9mon\n|rule|OHKO Clause: OHKO moves are banned\n|rule|Evasion Items Clause: Evasion items are banned\n|rule|Evasion Moves Clause: Evasion moves are banned\n|rule|Endless Battle Clause: Forcing endless battles is banned\n|rule|HP Percentage Mod: HP is shown in percentages\n|clearpoke\n|poke|p1|Dragapult, F|\n|poke|p1|Iron Treads|\n|poke|p1|Cloyster, F|\n|poke|p1|Florges-Blue, F|\n|poke|p1|Indeedee, M|\n|poke|p1|Falinks|\n|poke|p2|Corviknight, F|\n|poke|p2|Lokix, M|\n|poke|p2|Tyranitar, F|\n|poke|p2|Sandslash, M|\n|poke|p2|Honchkrow, M|\n|poke|p2|Slaking, M|\n|teampreview\n|c|\u2606GrunkleConn|wait\n|c|\u2606GrunkleConn|let's ping\n|j| 4R4CH1S\n|j| Temple475\n|j| RamPamPam888\n|c|\u2606GrunkleConn|okay cool\n|c| 4R4CH1S|Hi idiots\n|c| RamPamPam888|Hola\n|c| 4R4CH1S|Hola!!! :33\n|c|\u2606YOMI Draco|turn my swag on\n|c| RamPamPam888|B3\n|\n|t:|1700854745\n|start\n|switch|p1a: averageFEbattalion|Falinks|100\/100\n|switch|p2a: TyTRANSitar|Tyranitar, F, shiny|100\/100\n|-weather|Sandstorm|[from] ability: Sand Stream|[of] p2a: TyTRANSitar\n|turn|1\n|\n|t:|1700854755\n|move|p1a: averageFEbattalion|No Retreat|p1a: averageFEbattalion\n|-boost|p1a: averageFEbattalion|atk|1\n|-boost|p1a: averageFEbattalion|def|1\n|-boost|p1a: averageFEbattalion|spa|1\n|-boost|p1a: averageFEbattalion|spd|1\n|-boost|p1a: averageFEbattalion|spe|1\n|-start|p1a: averageFEbattalion|move: No Retreat\n|move|p2a: TyTRANSitar|Thunder Wave|p1a: averageFEbattalion\n|-status|p1a: averageFEbattalion|par\n|-enditem|p1a: averageFEbattalion|Lum Berry|[eat]\n|-curestatus|p1a: averageFEbattalion|par|[msg]\n|\n|-weather|Sandstorm|[upkeep]\n|-damage|p1a: averageFEbattalion|94\/100|[from] Sandstorm\n|upkeep\n|turn|2\n|\n|t:|1700854768\n|switch|p2a: Bird up|Corviknight, F|100\/100\n|move|p1a: averageFEbattalion|Close Combat|p2a: Bird up\n|-damage|p2a: Bird up|46\/100\n|-unboost|p1a: averageFEbattalion|def|1\n|-unboost|p1a: averageFEbattalion|spd|1\n|-damage|p1a: averageFEbattalion|78\/100|[from] item: Rocky Helmet|[of] p2a: Bird up\n|\n|-weather|Sandstorm|[upkeep]\n|-damage|p1a: averageFEbattalion|72\/100|[from] Sandstorm\n|upkeep\n|turn|3\n|\n|t:|1700854797\n|switch|p2a: Gf of TyTRANSitar|Sandslash, M|100\/100\n|move|p1a: averageFEbattalion|Close Combat|p2a: Gf of TyTRANSitar\n|-damage|p2a: Gf of TyTRANSitar|19\/100\n|-unboost|p1a: averageFEbattalion|def|1\n|-unboost|p1a: averageFEbattalion|spd|1\n|\n|-weather|Sandstorm|[upkeep]\n|-damage|p1a: averageFEbattalion|66\/100|[from] Sandstorm\n|upkeep\n|turn|4\n|\n|t:|1700854821\n|move|p2a: Gf of TyTRANSitar|Earthquake|p1a: averageFEbattalion\n|-damage|p1a: averageFEbattalion|0 fnt\n|faint|p1a: averageFEbattalion\n|\n|-weather|Sandstorm|[upkeep]\n|upkeep\n|\n|t:|1700854825\n|switch|p1a: Javelin|Cloyster, F, shiny|100\/100\n|turn|5\n|\n|t:|1700854829\n|switch|p2a: BIG HONCH|Honchkrow, M|100\/100\n|move|p1a: Javelin|Shell Smash|p1a: Javelin\n|-unboost|p1a: Javelin|def|1\n|-unboost|p1a: Javelin|spd|1\n|-boost|p1a: Javelin|atk|2\n|-boost|p1a: Javelin|spa|2\n|-boost|p1a: Javelin|spe|2\n|-enditem|p2a: BIG HONCH|Mirror Herb\n|-boost|p2a: BIG HONCH|atk|2|[from] item: Mirror Herb\n|-boost|p2a: BIG HONCH|spa|2|[from] item: Mirror Herb\n|-boost|p2a: BIG HONCH|spe|2|[from] item: Mirror Herb\n|\n|-weather|Sandstorm|[upkeep]\n|-damage|p2a: BIG HONCH|94\/100|[from] Sandstorm\n|upkeep\n|turn|6\n|c| 4R4CH1S|What the fuck\n|c| RamPamPam888|HOLY SHIT\n|c|\u2606YOMI Draco|BIG HONCH\n|c|\u2606GrunkleConn|sly dog\n|c| RamPamPam888|BIG HONCH\n|\n|t:|1700854857\n|-terastallize|p2a: BIG HONCH|Steel\n|move|p2a: BIG HONCH|Dark Pulse|p1a: Javelin\n|-damage|p1a: Javelin|0 fnt\n|faint|p1a: Javelin\n|-ability|p2a: BIG HONCH|Moxie|boost\n|-boost|p2a: BIG HONCH|atk|1\n|\n|-weather|Sandstorm|[upkeep]\n|upkeep\n|\n|t:|1700854866\n|switch|p1a: Hydrangea|Florges-Blue, F, shiny|100\/100\n|turn|7\n|\n|t:|1700854880\n|move|p1a: Hydrangea|Protect|p1a: Hydrangea\n|-singleturn|p1a: Hydrangea|Protect\n|move|p2a: BIG HONCH|Tera Blast|p1a: Hydrangea|[anim] Tera Blast Steel\n|-activate|p1a: Hydrangea|move: Protect\n|\n|-weather|Sandstorm|[upkeep]\n|-damage|p1a: Hydrangea|94\/100|[from] Sandstorm\n|-heal|p1a: Hydrangea|100\/100|[from] item: Leftovers\n|upkeep\n|turn|8\n|\n|t:|1700854925\n|move|p2a: BIG HONCH|Tera Blast|p1a: Hydrangea|[anim] Tera Blast Steel\n|-supereffective|p1a: Hydrangea\n|-damage|p1a: Hydrangea|8\/100\n|move|p1a: Hydrangea|Moonblast|p2a: BIG HONCH\n|-resisted|p2a: BIG HONCH\n|-damage|p2a: BIG HONCH|53\/100\n|\n|-weather|none\n|-heal|p1a: Hydrangea|14\/100|[from] item: Leftovers\n|upkeep\n|turn|9\n|\n|t:|1700854930\n|move|p1a: Hydrangea|Protect|p1a: Hydrangea\n|-singleturn|p1a: Hydrangea|Protect\n|move|p2a: BIG HONCH|Tera Blast|p1a: Hydrangea|[anim] Tera Blast Steel\n|-activate|p1a: Hydrangea|move: Protect\n|\n|-heal|p1a: Hydrangea|20\/100|[from] item: Leftovers\n|upkeep\n|turn|10\n|\n|t:|1700854936\n|switch|p1a: Tread Lightly|Iron Treads|100\/100\n|move|p2a: BIG HONCH|Tera Blast|p1a: Tread Lightly|[anim] Tera Blast Steel\n|-resisted|p1a: Tread Lightly\n|-damage|p1a: Tread Lightly|47\/100\n|\n|upkeep\n|turn|11\n|\n|t:|1700854941\n|move|p2a: BIG HONCH|Dark Pulse|p1a: Tread Lightly\n|-damage|p1a: Tread Lightly|0 fnt\n|faint|p1a: Tread Lightly\n|-end|p1a: Tread Lightly|Quark Drive|[silent]\n|-ability|p2a: BIG HONCH|Moxie|boost\n|-boost|p2a: BIG HONCH|atk|1\n|\n|upkeep\n|\n|t:|1700854951\n|switch|p1a: INDEED!|Indeedee, M|100\/100\n|-fieldstart|move: Psychic Terrain|[from] ability: Psychic Surge|[of] p1a: INDEED!\n|turn|12\n|\n|t:|1700854955\n|-terastallize|p1a: INDEED!|Fighting\n|move|p2a: BIG HONCH|Dark Pulse|p1a: INDEED!\n|-resisted|p1a: INDEED!\n|-damage|p1a: INDEED!|50\/100\n|move|p1a: INDEED!|Tera Blast|p2a: BIG HONCH|[anim] Tera Blast Fighting\n|-supereffective|p2a: BIG HONCH\n|-damage|p2a: BIG HONCH|0 fnt\n|faint|p2a: BIG HONCH\n|\n|upkeep\n|\n|t:|1700854966\n|switch|p2a: TyTRANSitar|Tyranitar, F, shiny|100\/100\n|-weather|Sandstorm|[from] ability: Sand Stream|[of] p2a: TyTRANSitar\n|turn|13\n|\n|t:|1700854971\n|move|p1a: INDEED!|Tera Blast|p2a: TyTRANSitar|[anim] Tera Blast Fighting\n|-supereffective|p2a: TyTRANSitar\n|-damage|p2a: TyTRANSitar|22\/100\n|move|p2a: TyTRANSitar|Knock Off|p1a: INDEED!\n|-resisted|p1a: INDEED!\n|-damage|p1a: INDEED!|5\/100\n|-enditem|p1a: INDEED!|Terrain Extender|[from] move: Knock Off|[of] p2a: TyTRANSitar\n|\n|-weather|Sandstorm|[upkeep]\n|-damage|p1a: INDEED!|0 fnt|[from] Sandstorm\n|faint|p1a: INDEED!\n|upkeep\n|\n|t:|1700854976\n|switch|p1a: Hydrangea|Florges-Blue, F, shiny|20\/100\n|turn|14\n|\n|t:|1700854981\n|move|p1a: Hydrangea|Synthesis|p1a: Hydrangea\n|-heal|p1a: Hydrangea|45\/100\n|move|p2a: TyTRANSitar|Stealth Rock|p1a: Hydrangea\n|-sidestart|p1: GrunkleConn|move: Stealth Rock\n|\n|-weather|Sandstorm|[upkeep]\n|-damage|p1a: Hydrangea|39\/100|[from] Sandstorm\n|-heal|p1a: Hydrangea|45\/100|[from] item: Leftovers\n|upkeep\n|turn|15\n|\n|t:|1700854986\n|move|p1a: Hydrangea|Synthesis|p1a: Hydrangea\n|-heal|p1a: Hydrangea|70\/100\n|move|p2a: TyTRANSitar|Thunder Wave|p1a: Hydrangea\n|-status|p1a: Hydrangea|par\n|\n|-weather|Sandstorm|[upkeep]\n|-damage|p1a: Hydrangea|64\/100 par|[from] Sandstorm\n|-heal|p1a: Hydrangea|70\/100 par|[from] item: Leftovers\n|upkeep\n|turn|16\n|\n|t:|1700854992\n|move|p2a: TyTRANSitar|Knock Off|p1a: Hydrangea\n|-resisted|p1a: Hydrangea\n|-damage|p1a: Hydrangea|44\/100 par\n|-enditem|p1a: Hydrangea|Leftovers|[from] move: Knock Off|[of] p2a: TyTRANSitar\n|cant|p1a: Hydrangea|par\n|\n|-weather|Sandstorm|[upkeep]\n|-damage|p1a: Hydrangea|38\/100 par|[from] Sandstorm\n|upkeep\n|turn|17\n|\n|t:|1700854999\n|switch|p2a: The Big King|Slaking, M|100\/100\n|move|p1a: Hydrangea|Synthesis|p1a: Hydrangea\n|-heal|p1a: Hydrangea|63\/100 par\n|\n|-weather|Sandstorm|[upkeep]\n|-damage|p2a: The Big King|94\/100|[from] Sandstorm\n|-damage|p1a: Hydrangea|57\/100 par|[from] Sandstorm\n|upkeep\n|turn|18\n|\n|t:|1700855009\n|switch|p2a: Gf of TyTRANSitar|Sandslash, M|19\/100\n|cant|p1a: Hydrangea|par\n|\n|-weather|Sandstorm|[upkeep]\n|-damage|p1a: Hydrangea|51\/100 par|[from] Sandstorm\n|upkeep\n|turn|19\n|\n|t:|1700855015\n|move|p2a: Gf of TyTRANSitar|Earthquake|p1a: Hydrangea\n|-damage|p1a: Hydrangea|0 fnt\n|faint|p1a: Hydrangea\n|\n|-weather|Sandstorm|[upkeep]\n|-fieldend|move: Psychic Terrain\n|upkeep\n|\n|t:|1700855017\n|switch|p1a: Speed Demon|Dragapult, F|100\/100\n|-damage|p1a: Speed Demon|88\/100|[from] Stealth Rock\n|turn|20\n|\n|t:|1700855020\n|move|p1a: Speed Demon|Protect|p1a: Speed Demon\n|-singleturn|p1a: Speed Demon|Protect\n|move|p2a: Gf of TyTRANSitar|Knock Off|p1a: Speed Demon\n|-activate|p1a: Speed Demon|move: Protect\n|\n|-weather|none\n|upkeep\n|turn|21\n|\n|t:|1700855026\n|switch|p2a: TyTRANSitar|Tyranitar, F, shiny|22\/100\n|-weather|Sandstorm|[from] ability: Sand Stream|[of] p2a: TyTRANSitar\n|move|p1a: Speed Demon|Will-O-Wisp|p2a: TyTRANSitar\n|-status|p2a: TyTRANSitar|brn\n|\n|-weather|Sandstorm|[upkeep]\n|-damage|p1a: Speed Demon|82\/100|[from] Sandstorm\n|-damage|p2a: TyTRANSitar|16\/100 brn|[from] brn\n|upkeep\n|turn|22\n|\n|t:|1700855033\n|move|p1a: Speed Demon|Protect|p1a: Speed Demon\n|-singleturn|p1a: Speed Demon|Protect\n|move|p2a: TyTRANSitar|Thunder Wave|p1a: Speed Demon\n|-activate|p1a: Speed Demon|move: Protect\n|\n|-weather|Sandstorm|[upkeep]\n|-damage|p1a: Speed Demon|76\/100|[from] Sandstorm\n|-damage|p2a: TyTRANSitar|10\/100 brn|[from] brn\n|upkeep\n|turn|23\n|\n|t:|1700855036\n|move|p1a: Speed Demon|Shadow Ball|p2a: TyTRANSitar\n|-resisted|p2a: TyTRANSitar\n|-crit|p2a: TyTRANSitar\n|-damage|p2a: TyTRANSitar|0 fnt\n|faint|p2a: TyTRANSitar\n|\n|-weather|Sandstorm|[upkeep]\n|-damage|p1a: Speed Demon|70\/100|[from] Sandstorm\n|upkeep\n|\n|t:|1700855039\n|switch|p2a: Gf of TyTRANSitar|Sandslash, M|19\/100\n|turn|24\n|\n|t:|1700855042\n|move|p1a: Speed Demon|Protect|p1a: Speed Demon\n|-singleturn|p1a: Speed Demon|Protect\n|move|p2a: Gf of TyTRANSitar|Knock Off|p1a: Speed Demon\n|-activate|p1a: Speed Demon|move: Protect\n|\n|-weather|Sandstorm|[upkeep]\n|-damage|p1a: Speed Demon|64\/100|[from] Sandstorm\n|upkeep\n|turn|25\n|\n|t:|1700855044\n|move|p2a: Gf of TyTRANSitar|Knock Off|p1a: Speed Demon\n|-supereffective|p1a: Speed Demon\n|-enditem|p1a: Speed Demon|Colbur Berry|[eat]\n|-enditem|p1a: Speed Demon|Colbur Berry|[weaken]\n|-damage|p1a: Speed Demon|24\/100\n|move|p1a: Speed Demon|Shadow Ball|p2a: Gf of TyTRANSitar\n|-damage|p2a: Gf of TyTRANSitar|0 fnt\n|faint|p2a: Gf of TyTRANSitar\n|\n|-weather|Sandstorm|[upkeep]\n|-damage|p1a: Speed Demon|18\/100|[from] Sandstorm\n|upkeep\n|\n|t:|1700855052\n|switch|p2a: Mr. Kix|Lokix, M|100\/100\n|turn|26\n|\n|t:|1700855055\n|move|p1a: Speed Demon|Protect|p1a: Speed Demon\n|-singleturn|p1a: Speed Demon|Protect\n|move|p2a: Mr. Kix|Knock Off|p1a: Speed Demon\n|-activate|p1a: Speed Demon|move: Protect\n|\n|-weather|Sandstorm|[upkeep]\n|-damage|p1a: Speed Demon|12\/100|[from] Sandstorm\n|-damage|p2a: Mr. Kix|94\/100|[from] Sandstorm\n|upkeep\n|turn|27\n|c| Temple475|Dragapult reverse sweep????\n|\n|t:|1700855063\n|move|p1a: Speed Demon|Draco Meteor|p2a: Mr. Kix\n|-damage|p2a: Mr. Kix|0 fnt\n|-unboost|p1a: Speed Demon|spa|2\n|faint|p2a: Mr. Kix\n|\n|-weather|Sandstorm|[upkeep]\n|-damage|p1a: Speed Demon|6\/100|[from] Sandstorm\n|upkeep\n|\n|t:|1700855066\n|switch|p2a: Bird up|Corviknight, F|46\/100\n|turn|28\n|\n|t:|1700855070\n|move|p1a: Speed Demon|Protect|p1a: Speed Demon\n|-singleturn|p1a: Speed Demon|Protect\n|move|p2a: Bird up|Brave Bird|p1a: Speed Demon\n|-activate|p1a: Speed Demon|move: Protect\n|\n|-weather|none\n|upkeep\n|turn|29\n|\n|t:|1700855082\n|move|p1a: Speed Demon|Shadow Ball|p2a: Bird up\n|-damage|p2a: Bird up|33\/100\n|move|p2a: Bird up|Brave Bird|p1a: Speed Demon\n|-damage|p1a: Speed Demon|0 fnt\n|faint|p1a: Speed Demon\n|-damage|p2a: Bird up|31\/100|[from] Recoil\n|\n|win|YOMI Draco\n|c|\u2606YOMI Draco|GG\n|c|\u2606GrunkleConn|gg\n|l| Temple475\n","uploadtime":1700855094,"views":52,"p1id":"grunkleconn","p2id":"yomidraco","formatid":"gen9ou","rating":0,"private":0,"password":""}