{"id":"gen9ou-1997234831","p1":"Flasveaudu09","p2":"Jojoash1","format":"[Gen 9] OU","log":"|j|\u2606Flasveaudu09\n|j|\u2606Jojoash1\n|t:|1700778644\n|gametype|singles\n|player|p1|Flasveaudu09|102|1520\n|player|p2|Jojoash1|2|1632\n|teamsize|p1|6\n|teamsize|p2|6\n|gen|9\n|tier|[Gen 9] OU\n|rated|\n|rule|Sleep Clause Mod: Limit one foe put to sleep\n|rule|Species Clause: Limit one of each Pok\u00e9mon\n|rule|OHKO Clause: OHKO moves are banned\n|rule|Evasion Items Clause: Evasion items are banned\n|rule|Evasion Moves Clause: Evasion moves are banned\n|rule|Endless Battle Clause: Forcing endless battles is banned\n|rule|HP Percentage Mod: HP is shown in percentages\n|clearpoke\n|poke|p1|Great Tusk|\n|poke|p1|Rillaboom, F|\n|poke|p1|Hawlucha, F|\n|poke|p1|Heatran, F|\n|poke|p1|Zapdos|\n|poke|p1|Samurott-Hisui, F|\n|poke|p2|Toxapex, F|\n|poke|p2|Skeledirge, M|\n|poke|p2|Clefable, F|\n|poke|p2|Alomomola, M|\n|poke|p2|Blissey, F|\n|poke|p2|Great Tusk|\n|teampreview\n|\n|t:|1700778676\n|start\n|switch|p1a: Rillaboom|Rillaboom, F|100\/100\n|switch|p2a: Alomomola|Alomomola, M, shiny|100\/100\n|-fieldstart|move: Grassy Terrain|[from] ability: Grassy Surge|[of] p1a: Rillaboom\n|turn|1\n|\n|t:|1700778681\n|switch|p2a: Toxapex|Toxapex, F|100\/100\n|move|p1a: Rillaboom|U-turn|p2a: Toxapex\n|-resisted|p2a: Toxapex\n|-damage|p2a: Toxapex|90\/100\n|\n|t:|1700778685\n|switch|p1a: Zapdos|Zapdos|100\/100|[from] U-turn\n|\n|-heal|p2a: Toxapex|96\/100|[from] Grassy Terrain\n|upkeep\n|turn|2\n|\n|t:|1700778689\n|move|p1a: Zapdos|Volt Switch|p2a: Toxapex\n|-supereffective|p2a: Toxapex\n|-damage|p2a: Toxapex|33\/100\n|\n|t:|1700778693\n|switch|p1a: Rillaboom|Rillaboom, F|100\/100|[from] Volt Switch\n|move|p2a: Toxapex|Toxic|p1a: Rillaboom\n|-status|p1a: Rillaboom|tox\n|\n|-heal|p2a: Toxapex|39\/100|[from] Grassy Terrain\n|-damage|p1a: Rillaboom|94\/100 tox|[from] psn\n|upkeep\n|turn|3\n|\n|t:|1700778700\n|switch|p2a: Skeledirge|Skeledirge, M|100\/100\n|move|p1a: Rillaboom|Knock Off|p2a: Skeledirge\n|-supereffective|p2a: Skeledirge\n|-crit|p2a: Skeledirge\n|-damage|p2a: Skeledirge|11\/100\n|-enditem|p2a: Skeledirge|Heavy-Duty Boots|[from] move: Knock Off|[of] p1a: Rillaboom\n|\n|-heal|p1a: Rillaboom|100\/100 tox|[from] Grassy Terrain\n|-heal|p2a: Skeledirge|17\/100|[from] Grassy Terrain\n|-damage|p1a: Rillaboom|88\/100 tox|[from] psn\n|upkeep\n|turn|4\n|\n|t:|1700778710\n|switch|p2a: Toxapex|Toxapex, F|72\/100\n|move|p1a: Rillaboom|Knock Off|p2a: Toxapex\n|-damage|p2a: Toxapex|43\/100\n|-enditem|p2a: Toxapex|Heavy-Duty Boots|[from] move: Knock Off|[of] p1a: Rillaboom\n|\n|-heal|p1a: Rillaboom|94\/100 tox|[from] Grassy Terrain\n|-heal|p2a: Toxapex|49\/100|[from] Grassy Terrain\n|-damage|p1a: Rillaboom|76\/100 tox|[from] psn\n|upkeep\n|turn|5\n|\n|t:|1700778714\n|switch|p1a: Samurott|Samurott-Hisui, F|100\/100\n|move|p2a: Toxapex|Recover|p2a: Toxapex\n|-heal|p2a: Toxapex|99\/100\n|\n|-heal|p2a: Toxapex|100\/100|[from] Grassy Terrain\n|-fieldend|move: Grassy Terrain\n|upkeep\n|turn|6\n|\n|t:|1700778716\n|move|p1a: Samurott|Ceaseless Edge|p2a: Toxapex\n|-damage|p2a: Toxapex|74\/100\n|-sidestart|p2: Jojoash1|Spikes\n|move|p2a: Toxapex|Toxic|p1a: Samurott\n|-status|p1a: Samurott|tox\n|\n|-damage|p1a: Samurott|94\/100 tox|[from] psn\n|upkeep\n|turn|7\n|\n|t:|1700778726\n|switch|p1a: Rillaboom|Rillaboom, F|76\/100 tox\n|-fieldstart|move: Grassy Terrain|[from] ability: Grassy Surge|[of] p1a: Rillaboom\n|switch|p2a: Alomomola|Alomomola, M, shiny|100\/100\n|-damage|p2a: Alomomola|88\/100|[from] Spikes\n|\n|-heal|p1a: Rillaboom|82\/100 tox|[from] Grassy Terrain\n|-heal|p2a: Alomomola|94\/100|[from] Grassy Terrain\n|-damage|p1a: Rillaboom|76\/100 tox|[from] psn\n|upkeep\n|turn|8\n|\n|t:|1700778731\n|move|p2a: Alomomola|Protect|p2a: Alomomola\n|-singleturn|p2a: Alomomola|Protect\n|move|p1a: Rillaboom|Grassy Glide|p2a: Alomomola\n|-activate|p2a: Alomomola|move: Protect\n|\n|-heal|p1a: Rillaboom|82\/100 tox|[from] Grassy Terrain\n|-heal|p2a: Alomomola|100\/100|[from] Grassy Terrain\n|-damage|p1a: Rillaboom|70\/100 tox|[from] psn\n|upkeep\n|turn|9\n|\n|t:|1700778737\n|switch|p2a: Toxapex|Toxapex, F|100\/100\n|-damage|p2a: Toxapex|88\/100|[from] Spikes\n|move|p1a: Rillaboom|Grassy Glide|p2a: Toxapex\n|-damage|p2a: Toxapex|57\/100\n|\n|-heal|p1a: Rillaboom|76\/100 tox|[from] Grassy Terrain\n|-heal|p2a: Toxapex|63\/100|[from] Grassy Terrain\n|-damage|p1a: Rillaboom|57\/100 tox|[from] psn\n|upkeep\n|turn|10\n|\n|t:|1700778746\n|switch|p1a: Zapdos|Zapdos|100\/100\n|move|p2a: Toxapex|Recover|p2a: Toxapex\n|-heal|p2a: Toxapex|100\/100\n|\n|upkeep\n|turn|11\n|\n|t:|1700778753\n|switch|p2a: Blissey|Blissey, F|100\/100\n|-terastallize|p1a: Zapdos|Steel\n|move|p1a: Zapdos|Discharge|p2a: Blissey\n|-damage|p2a: Blissey|90\/100\n|-status|p2a: Blissey|par\n|\n|-heal|p2a: Blissey|96\/100 par|[from] Grassy Terrain\n|-fieldend|move: Grassy Terrain\n|upkeep\n|turn|12\n|\n|t:|1700778756\n|move|p1a: Zapdos|Volt Switch|p2a: Blissey\n|-crit|p2a: Blissey\n|-damage|p2a: Blissey|81\/100 par\n|\n|t:|1700778758\n|switch|p1a: Great Tusk|Great Tusk|100\/100|[from] Volt Switch\n|cant|p2a: Blissey|par\n|\n|upkeep\n|turn|13\n|\n|t:|1700778763\n|-curestatus|p2a: Blissey|par|[from] ability: Natural Cure\n|switch|p2a: Alomomola|Alomomola, M, shiny|100\/100\n|-damage|p2a: Alomomola|88\/100|[from] Spikes\n|move|p1a: Great Tusk|Stealth Rock|p2a: Alomomola\n|-sidestart|p2: Jojoash1|move: Stealth Rock\n|\n|upkeep\n|turn|14\n|\n|t:|1700778768\n|-end|p1a: Great Tusk|Protosynthesis|[silent]\n|switch|p1a: Zapdos|Zapdos, tera:Steel|100\/100\n|move|p2a: Alomomola|Flip Turn|p1a: Zapdos\n|-damage|p1a: Zapdos|82\/100\n|-status|p2a: Alomomola|par|[from] ability: Static|[of] p1a: Zapdos\n|\n|t:|1700778774\n|switch|p2a: Blissey|Blissey, F|81\/100|[from] Flip Turn\n|\n|upkeep\n|turn|15\n|\n|t:|1700778777\n|move|p1a: Zapdos|Volt Switch|p2a: Blissey\n|-damage|p2a: Blissey|71\/100\n|\n|t:|1700778779\n|switch|p1a: Samurott|Samurott-Hisui, F|94\/100 tox|[from] Volt Switch\n|move|p2a: Blissey|Stealth Rock|p1a: Samurott\n|-sidestart|p1: Flasveaudu09|move: Stealth Rock\n|\n|-damage|p1a: Samurott|88\/100 tox|[from] psn\n|upkeep\n|turn|16\n|\n|t:|1700778786\n|switch|p2a: Great Tusk|Great Tusk|100\/100\n|-damage|p2a: Great Tusk|88\/100|[from] Spikes\n|-damage|p2a: Great Tusk|85\/100|[from] Stealth Rock\n|move|p1a: Samurott|Aqua Cutter|p2a: Great Tusk\n|-supereffective|p2a: Great Tusk\n|-damage|p2a: Great Tusk|36\/100\n|\n|-heal|p2a: Great Tusk|42\/100|[from] item: Leftovers\n|-damage|p1a: Samurott|76\/100 tox|[from] psn\n|upkeep\n|turn|17\n|\n|t:|1700778794\n|-end|p2a: Great Tusk|Protosynthesis|[silent]\n|switch|p2a: Alomomola|Alomomola, M, shiny|100\/100 par\n|-damage|p2a: Alomomola|88\/100 par|[from] Spikes\n|-damage|p2a: Alomomola|76\/100 par|[from] Stealth Rock\n|move|p1a: Samurott|Aqua Cutter|p2a: Alomomola\n|-resisted|p2a: Alomomola\n|-damage|p2a: Alomomola|64\/100 par\n|\n|-damage|p1a: Samurott|57\/100 tox|[from] psn\n|upkeep\n|turn|18\n|\n|t:|1700778804\n|switch|p1a: Zapdos|Zapdos, tera:Steel|82\/100\n|move|p2a: Alomomola|Wish|p2a: Alomomola\n|\n|upkeep\n|turn|19\n|\n|t:|1700778811\n|switch|p2a: Blissey|Blissey, F|71\/100\n|move|p1a: Zapdos|Hurricane|p2a: Blissey\n|-damage|p2a: Blissey|55\/100\n|-start|p2a: Blissey|confusion\n|\n|-heal|p2a: Blissey|93\/100|[from] move: Wish|[wisher] Alomomola\n|upkeep\n|turn|20\n|\n|t:|1700778815\n|move|p1a: Zapdos|Volt Switch|p2a: Blissey\n|-damage|p2a: Blissey|82\/100\n|\n|t:|1700778816\n|switch|p1a: Great Tusk|Great Tusk|100\/100|[from] Volt Switch\n|-damage|p1a: Great Tusk|97\/100|[from] Stealth Rock\n|-activate|p2a: Blissey|confusion\n|-damage|p2a: Blissey|80\/100|[from] confusion\n|\n|-heal|p1a: Great Tusk|100\/100|[from] item: Leftovers\n|upkeep\n|turn|21\n|\n|t:|1700778821\n|switch|p2a: Alomomola|Alomomola, M, shiny|97\/100 par\n|-damage|p2a: Alomomola|85\/100 par|[from] Spikes\n|-damage|p2a: Alomomola|72\/100 par|[from] Stealth Rock\n|move|p1a: Great Tusk|Rapid Spin|p2a: Alomomola\n|-damage|p2a: Alomomola|64\/100 par\n|-boost|p1a: Great Tusk|spe|1\n|-damage|p1a: Great Tusk|84\/100|[from] item: Rocky Helmet|[of] p2a: Alomomola\n|-sideend|p1: Flasveaudu09|Stealth Rock|[from] move: Rapid Spin|[of] p1a: Great Tusk\n|\n|-heal|p1a: Great Tusk|90\/100|[from] item: Leftovers\n|upkeep\n|turn|22\n|\n|t:|1700778826\n|move|p1a: Great Tusk|Knock Off|p2a: Alomomola\n|-crit|p2a: Alomomola\n|-damage|p2a: Alomomola|43\/100 par\n|-damage|p1a: Great Tusk|73\/100|[from] item: Rocky Helmet|[of] p2a: Alomomola\n|-enditem|p2a: Alomomola|Rocky Helmet|[from] move: Knock Off|[of] p1a: Great Tusk\n|cant|p2a: Alomomola|par\n|\n|-heal|p1a: Great Tusk|80\/100|[from] item: Leftovers\n|upkeep\n|turn|23\n|\n|t:|1700778830\n|move|p1a: Great Tusk|Headlong Rush|p2a: Alomomola\n|-damage|p2a: Alomomola|14\/100 par\n|-unboost|p1a: Great Tusk|def|1\n|-unboost|p1a: Great Tusk|spd|1\n|cant|p2a: Alomomola|par\n|\n|-heal|p1a: Great Tusk|86\/100|[from] item: Leftovers\n|upkeep\n|turn|24\n|c|\u2606Jojoash1|Ofc\n|\n|t:|1700778843\n|switch|p2a: Clefable|Clefable, F|100\/100\n|-damage|p2a: Clefable|88\/100|[from] Spikes\n|-damage|p2a: Clefable|76\/100|[from] Stealth Rock\n|move|p1a: Great Tusk|Headlong Rush|p2a: Clefable\n|-damage|p2a: Clefable|37\/100\n|-unboost|p1a: Great Tusk|def|1\n|-unboost|p1a: Great Tusk|spd|1\n|\n|-heal|p1a: Great Tusk|92\/100|[from] item: Leftovers\n|-heal|p2a: Clefable|43\/100|[from] item: Leftovers\n|upkeep\n|turn|25\n|\n|t:|1700778850\n|-end|p1a: Great Tusk|Protosynthesis|[silent]\n|switch|p1a: Zapdos|Zapdos, tera:Steel|82\/100\n|move|p2a: Clefable|Protect||[still]\n|-fail|p2a: Clefable\n|\n|-heal|p2a: Clefable|49\/100|[from] item: Leftovers\n|upkeep\n|turn|26\n|c|\u2606Jojoash1|Zap is for lil losers tbh\n|c|\u2606Flasveaudu09|you play bad\n|c|\u2606Flasveaudu09|so now\n|c|\u2606Flasveaudu09|shut up\n|c|\u2606Jojoash1|Your trash\n|\n|t:|1700778868\n|move|p1a: Zapdos|Volt Switch|p2a: Clefable\n|-damage|p2a: Clefable|17\/100\n|\n|t:|1700778873\n|switch|p1a: Heatran|Heatran, F|100\/100|[from] Volt Switch\n|move|p2a: Clefable|Wish|p2a: Clefable\n|\n|-heal|p2a: Clefable|23\/100|[from] item: Leftovers\n|upkeep\n|turn|27\n|c|\u2606Jojoash1|You jus spammin zapdos\n|\n|t:|1700778880\n|move|p2a: Clefable|Protect|p2a: Clefable\n|-singleturn|p2a: Clefable|Protect\n|move|p1a: Heatran|Earth Power|p2a: Clefable\n|-activate|p2a: Clefable|move: Protect\n|\n|-heal|p2a: Clefable|73\/100|[from] move: Wish|[wisher] Clefable\n|-heal|p2a: Clefable|79\/100|[from] item: Leftovers\n|upkeep\n|turn|28\n|c|\u2606Flasveaudu09|skill issue\n|inactive|Battle timer is ON: inactive players will automatically lose when time's up. (requested by Flasveaudu09)\n|\n|t:|1700778924\n|switch|p2a: Blissey|Blissey, F|80\/100\n|move|p1a: Heatran|Magma Storm|p2a: Blissey\n|-damage|p2a: Blissey|69\/100\n|-activate|p2a: Blissey|move: Magma Storm|[of] p1a: Heatran\n|\n|-damage|p2a: Blissey|57\/100|[from] move: Magma Storm|[partiallytrapped]\n|upkeep\n|turn|29\n|\n|t:|1700778931\n|move|p1a: Heatran|Taunt|p2a: Blissey\n|-start|p2a: Blissey|move: Taunt\n|cant|p2a: Blissey|move: Taunt|Soft-Boiled\n|\n|-damage|p2a: Blissey|44\/100|[from] move: Magma Storm|[partiallytrapped]\n|upkeep\n|turn|30\n|\n|t:|1700778934\n|move|p1a: Heatran|Earth Power|p2a: Blissey\n|-damage|p2a: Blissey|37\/100\n|move|p2a: Blissey|Seismic Toss|p1a: Heatran\n|-damage|p1a: Heatran|75\/100\n|\n|-heal|p1a: Heatran|81\/100|[from] item: Leftovers\n|-damage|p2a: Blissey|24\/100|[from] move: Magma Storm|[partiallytrapped]\n|upkeep\n|turn|31\n|\n|t:|1700778936\n|move|p1a: Heatran|Earth Power|p2a: Blissey\n|-damage|p2a: Blissey|17\/100\n|move|p2a: Blissey|Seismic Toss|p1a: Heatran\n|-damage|p1a: Heatran|55\/100\n|-status|p2a: Blissey|brn|[from] ability: Flame Body|[of] p1a: Heatran\n|\n|-heal|p1a: Heatran|61\/100|[from] item: Leftovers\n|-damage|p2a: Blissey|11\/100 brn|[from] brn\n|-damage|p2a: Blissey|0 fnt|[from] move: Magma Storm|[partiallytrapped]\n|faint|p2a: Blissey\n|upkeep\n|c|\u2606Jojoash1|\ud83d\udd95\n|-message|Jojoash1 forfeited.\n|\n|win|Flasveaudu09\n|raw|Flasveaudu09's rating: 1520 &rarr; <strong>1546<\/strong><br \/>(+26 for winning)\n|raw|Jojoash1's rating: 1632 &rarr; <strong>1606<\/strong><br \/>(-26 for losing)\n|l|\u2606Jojoash1\n","uploadtime":1700778972,"views":17,"p1id":"flasveaudu09","p2id":"jojoash1","formatid":"gen9ou","rating":1546,"private":0,"password":""}