{"id":"gen9ou-1989068068","p1":"GROOMS_654321","p2":"stressPig","format":"[Gen 9] OU","log":"|j|\u2606GROOMS_654321\n|j|\u2606stressPig\n|t:|1699808663\n|gametype|singles\n|player|p1|GROOMS_654321|ethan|\n|player|p2|stressPig|volkner|\n|teamsize|p1|6\n|teamsize|p2|6\n|gen|9\n|tier|[Gen 9] OU\n|rule|Sleep Clause Mod: Limit one foe put to sleep\n|rule|Species Clause: Limit one of each Pok\u00e9mon\n|rule|OHKO Clause: OHKO moves are banned\n|rule|Evasion Items Clause: Evasion items are banned\n|rule|Evasion Moves Clause: Evasion moves are banned\n|rule|Endless Battle Clause: Forcing endless battles is banned\n|rule|HP Percentage Mod: HP is shown in percentages\n|clearpoke\n|poke|p1|Landorus-Therian, M|\n|poke|p1|Rotom-Fan|\n|poke|p1|Donphan, M|\n|poke|p1|Tauros-Paldea-Combat, M|\n|poke|p1|Goodra-Hisui, F|\n|poke|p1|Hydreigon, F|\n|poke|p2|Sawsbuck, M|\n|poke|p2|Kleavor, F|\n|poke|p2|Salazzle, F|\n|poke|p2|Bronzong|\n|poke|p2|Sylveon, F|\n|poke|p2|Volcanion|\n|teampreview\n|j| Saybian\n|\n|t:|1699808675\n|start\n|switch|p1a: Landorus|Landorus-Therian, M|100\/100\n|switch|p2a: Kathleen Kennedy|Volcanion|100\/100\n|-ability|p1a: Landorus|Intimidate|boost\n|-unboost|p2a: Kathleen Kennedy|atk|1\n|turn|1\n|\n|t:|1699808689\n|move|p1a: Landorus|U-turn|p2a: Kathleen Kennedy\n|-resisted|p2a: Kathleen Kennedy\n|-damage|p2a: Kathleen Kennedy|93\/100\n|\n|t:|1699808693\n|switch|p1a: Goodra|Goodra-Hisui, F|100\/100|[from] U-turn\n|move|p2a: Kathleen Kennedy|Steam Eruption|p1a: Goodra\n|-resisted|p1a: Goodra\n|-damage|p1a: Goodra|89\/100\n|-status|p1a: Goodra|brn\n|\n|-damage|p1a: Goodra|83\/100 brn|[from] brn\n|upkeep\n|turn|2\n|\n|t:|1699808704\n|move|p2a: Kathleen Kennedy|Body Press|p1a: Goodra\n|-supereffective|p1a: Goodra\n|-damage|p1a: Goodra|29\/100 brn\n|move|p1a: Goodra|Thunderbolt|p2a: Kathleen Kennedy\n|-supereffective|p2a: Kathleen Kennedy\n|-damage|p2a: Kathleen Kennedy|36\/100\n|\n|-damage|p1a: Goodra|23\/100 brn|[from] brn\n|upkeep\n|turn|3\n|j| thegroomsmen\n|\n|t:|1699808748\n|switch|p1a: Rotom|Rotom-Fan|100\/100\n|move|p2a: Kathleen Kennedy|Body Press|p1a: Rotom\n|-resisted|p1a: Rotom\n|-damage|p1a: Rotom|85\/100\n|\n|upkeep\n|turn|4\n|\n|t:|1699808764\n|switch|p2a: Potemkin|Bronzong, shiny|100\/100\n|move|p1a: Rotom|Volt Switch|p2a: Potemkin\n|-damage|p2a: Potemkin|85\/100\n|\n|t:|1699808794\n|switch|p1a: Donphan|Donphan, M|100\/100|[from] Volt Switch\n|\n|upkeep\n|turn|5\n|\n|t:|1699808818\n|move|p2a: Potemkin|Protect|p2a: Potemkin\n|-singleturn|p2a: Potemkin|Protect\n|move|p1a: Donphan|Knock Off|p2a: Potemkin\n|-activate|p2a: Potemkin|move: Protect\n|\n|upkeep\n|turn|6\n|\n|t:|1699808829\n|move|p1a: Donphan|Knock Off|p2a: Potemkin\n|-supereffective|p2a: Potemkin\n|-damage|p2a: Potemkin|37\/100\n|-enditem|p2a: Potemkin|Toxic Orb|[from] move: Knock Off|[of] p1a: Donphan\n|move|p2a: Potemkin|Future Sight|p1a: Donphan\n|-start|p2a: Potemkin|move: Future Sight\n|\n|upkeep\n|turn|7\n|\n|t:|1699808885\n|move|p1a: Donphan|Knock Off|p2a: Potemkin\n|-supereffective|p2a: Potemkin\n|-damage|p2a: Potemkin|6\/100\n|move|p2a: Potemkin|Trick|p1a: Donphan\n|-activate|p2a: Potemkin|move: Trick|[of] p1a: Donphan\n|-enditem|p1a: Donphan|Covert Cloak|[silent]|[from] move: Trick\n|-item|p2a: Potemkin|Covert Cloak|[from] move: Trick\n|\n|upkeep\n|turn|8\n|\n|t:|1699808910\n|move|p2a: Potemkin|Protect|p2a: Potemkin\n|-singleturn|p2a: Potemkin|Protect\n|move|p1a: Donphan|Stealth Rock|p2a: Potemkin\n|-sidestart|p2: stressPig|move: Stealth Rock\n|\n|-end|p1a: Donphan|move: Future Sight\n|-damage|p1a: Donphan|51\/100\n|upkeep\n|turn|9\n|\n|t:|1699808922\n|move|p1a: Donphan|Knock Off|p2a: Potemkin\n|-supereffective|p2a: Potemkin\n|-damage|p2a: Potemkin|0 fnt\n|-enditem|p2a: Potemkin|Covert Cloak|[from] move: Knock Off|[of] p1a: Donphan\n|faint|p2a: Potemkin\n|\n|upkeep\n|\n|t:|1699809078\n|switch|p2a: Pikeru|Sylveon, F|100\/100\n|-damage|p2a: Pikeru|88\/100|[from] Stealth Rock\n|turn|10\n|\n|t:|1699809084\n|move|p2a: Pikeru|Wish|p2a: Pikeru\n|move|p1a: Donphan|Knock Off|p2a: Pikeru\n|-resisted|p2a: Pikeru\n|-damage|p2a: Pikeru|78\/100\n|-damage|p1a: Donphan|34\/100|[from] item: Rocky Helmet|[of] p2a: Pikeru\n|-enditem|p2a: Pikeru|Rocky Helmet|[from] move: Knock Off|[of] p1a: Donphan\n|\n|upkeep\n|turn|11\n|\n|t:|1699809128\n|switch|p1a: Rotom|Rotom-Fan|85\/100\n|move|p2a: Pikeru|Calm Mind|p2a: Pikeru\n|-boost|p2a: Pikeru|spa|1\n|-boost|p2a: Pikeru|spd|1\n|\n|-heal|p2a: Pikeru|100\/100|[from] move: Wish|[wisher] Pikeru\n|upkeep\n|turn|12\n|\n|t:|1699809141\n|move|p2a: Pikeru|Protect|p2a: Pikeru\n|-singleturn|p2a: Pikeru|Protect\n|move|p1a: Rotom|Volt Switch|p2a: Pikeru\n|-activate|p2a: Pikeru|move: Protect\n|\n|upkeep\n|turn|13\n|\n|t:|1699809158\n|move|p1a: Rotom|Volt Switch|p2a: Pikeru\n|-damage|p2a: Pikeru|90\/100\n|\n|t:|1699809166\n|switch|p1a: Goodra|Goodra-Hisui, F|23\/100 brn|[from] Volt Switch\n|move|p2a: Pikeru|Draining Kiss|p1a: Goodra\n|-damage|p1a: Goodra|10\/100 brn\n|-heal|p2a: Pikeru|99\/100|[from] drain|[of] p1a: Goodra\n|\n|-damage|p1a: Goodra|4\/100 brn|[from] brn\n|upkeep\n|turn|14\n|\n|t:|1699809176\n|move|p1a: Goodra|Flash Cannon|p2a: Pikeru\n|-supereffective|p2a: Pikeru\n|-damage|p2a: Pikeru|62\/100\n|move|p2a: Pikeru|Draining Kiss|p1a: Goodra\n|-damage|p1a: Goodra|0 fnt\n|-heal|p2a: Pikeru|64\/100|[from] drain|[of] p1a: Goodra\n|faint|p1a: Goodra\n|\n|upkeep\n|\n|t:|1699809188\n|switch|p1a: Landorus|Landorus-Therian, M|100\/100\n|-ability|p1a: Landorus|Intimidate|boost\n|-unboost|p2a: Pikeru|atk|1\n|turn|15\n|\n|t:|1699809216\n|move|p2a: Pikeru|Protect|p2a: Pikeru\n|-singleturn|p2a: Pikeru|Protect\n|move|p1a: Landorus|Earthquake|p2a: Pikeru\n|-activate|p2a: Pikeru|move: Protect\n|\n|upkeep\n|turn|16\n|\n|t:|1699809286\n|move|p1a: Landorus|Earthquake|p2a: Pikeru\n|-damage|p2a: Pikeru|18\/100\n|move|p2a: Pikeru|Draining Kiss|p1a: Landorus\n|-damage|p1a: Landorus|68\/100\n|-heal|p2a: Pikeru|38\/100|[from] drain|[of] p1a: Landorus\n|\n|upkeep\n|turn|17\n|\n|t:|1699809312\n|switch|p2a: Agro-Crag|Kleavor, F, shiny|100\/100\n|move|p1a: Landorus|Earthquake|p2a: Agro-Crag\n|-damage|p2a: Agro-Crag|56\/100\n|\n|upkeep\n|turn|18\n|\n|t:|1699809339\n|switch|p1a: Tauros|Tauros-Paldea-Combat, M|100\/100\n|-ability|p1a: Tauros|Intimidate|boost\n|-unboost|p2a: Agro-Crag|atk|1\n|move|p2a: Agro-Crag|Stone Axe|p1a: Tauros\n|-resisted|p1a: Tauros\n|-damage|p1a: Tauros|90\/100\n|-sidestart|p1: GROOMS_654321|move: Stealth Rock\n|\n|-heal|p1a: Tauros|97\/100|[from] item: Leftovers\n|upkeep\n|turn|19\n|\n|t:|1699809403\n|move|p1a: Tauros|Iron Head|p2a: Agro-Crag\n|-supereffective|p2a: Agro-Crag\n|-damage|p2a: Agro-Crag|27\/100\n|move|p2a: Agro-Crag|X-Scissor|p1a: Tauros\n|-resisted|p1a: Tauros\n|-damage|p1a: Tauros|84\/100\n|\n|-heal|p1a: Tauros|90\/100|[from] item: Leftovers\n|upkeep\n|turn|20\n|\n|t:|1699809495\n|move|p1a: Tauros|Earthquake|p2a: Agro-Crag\n|-damage|p2a: Agro-Crag|10\/100\n|move|p2a: Agro-Crag|Close Combat|p1a: Tauros\n|-damage|p1a: Tauros|73\/100\n|-unboost|p2a: Agro-Crag|def|1\n|-unboost|p2a: Agro-Crag|spd|1\n|\n|-heal|p1a: Tauros|80\/100|[from] item: Leftovers\n|upkeep\n|turn|21\n|\n|t:|1699809516\n|move|p1a: Tauros|Earthquake|p2a: Agro-Crag\n|-damage|p2a: Agro-Crag|0 fnt\n|faint|p2a: Agro-Crag\n|\n|-heal|p1a: Tauros|86\/100|[from] item: Leftovers\n|upkeep\n|\n|t:|1699809602\n|switch|p2a: Taylor Swift|Salazzle, F|100\/100\n|-damage|p2a: Taylor Swift|76\/100|[from] Stealth Rock\n|turn|22\n|\n|t:|1699809624\n|move|p2a: Taylor Swift|Will-O-Wisp|p1a: Tauros\n|-status|p1a: Tauros|brn\n|move|p1a: Tauros|Earthquake|p2a: Taylor Swift\n|-supereffective|p2a: Taylor Swift\n|-damage|p2a: Taylor Swift|0 fnt\n|faint|p2a: Taylor Swift\n|\n|-heal|p1a: Tauros|92\/100 brn|[from] item: Leftovers\n|-damage|p1a: Tauros|86\/100 brn|[from] brn\n|upkeep\n|\n|t:|1699809651\n|switch|p2a: Da Boy!!|Sawsbuck, M, shiny|100\/100\n|-damage|p2a: Da Boy!!|88\/100|[from] Stealth Rock\n|turn|23\n|\n|t:|1699809664\n|move|p2a: Da Boy!!|Headbutt|p1a: Tauros\n|-damage|p1a: Tauros|65\/100 brn\n|move|p1a: Tauros|Raging Bull|p2a: Da Boy!!\n|-supereffective|p2a: Da Boy!!\n|-damage|p2a: Da Boy!!|35\/100\n|\n|-heal|p1a: Tauros|71\/100 brn|[from] item: Leftovers\n|-damage|p1a: Tauros|65\/100 brn|[from] brn\n|upkeep\n|turn|24\n|\n|t:|1699809673\n|move|p2a: Da Boy!!|Headbutt|p1a: Tauros\n|-damage|p1a: Tauros|43\/100 brn\n|move|p1a: Tauros|Raging Bull|p2a: Da Boy!!\n|-supereffective|p2a: Da Boy!!\n|-damage|p2a: Da Boy!!|0 fnt\n|faint|p2a: Da Boy!!\n|\n|-heal|p1a: Tauros|49\/100 brn|[from] item: Leftovers\n|-damage|p1a: Tauros|43\/100 brn|[from] brn\n|upkeep\n|\n|t:|1699809685\n|switch|p2a: Kathleen Kennedy|Volcanion|36\/100\n|-damage|p2a: Kathleen Kennedy|11\/100|[from] Stealth Rock\n|turn|25\n|\n|t:|1699809695\n|move|p1a: Tauros|Earthquake|p2a: Kathleen Kennedy\n|-supereffective|p2a: Kathleen Kennedy\n|-enditem|p2a: Kathleen Kennedy|Shuca Berry|[eat]\n|-enditem|p2a: Kathleen Kennedy|Shuca Berry|[weaken]\n|-damage|p2a: Kathleen Kennedy|4\/100\n|move|p2a: Kathleen Kennedy|Steam Eruption|p1a: Tauros\n|-damage|p1a: Tauros|0 fnt\n|faint|p1a: Tauros\n|\n|upkeep\n|\n|t:|1699809703\n|switch|p1a: Landorus|Landorus-Therian, M|68\/100\n|-damage|p1a: Landorus|56\/100|[from] Stealth Rock\n|-ability|p1a: Landorus|Intimidate|boost\n|-unboost|p2a: Kathleen Kennedy|atk|1\n|turn|26\n|\n|t:|1699809711\n|move|p1a: Landorus|Earthquake|p2a: Kathleen Kennedy\n|-supereffective|p2a: Kathleen Kennedy\n|-damage|p2a: Kathleen Kennedy|0 fnt\n|faint|p2a: Kathleen Kennedy\n|\n|upkeep\n|\n|t:|1699809715\n|switch|p2a: Pikeru|Sylveon, F|38\/100\n|-damage|p2a: Pikeru|26\/100|[from] Stealth Rock\n|turn|27\n|\n|t:|1699809720\n|move|p1a: Landorus|Earthquake|p2a: Pikeru\n|-damage|p2a: Pikeru|0 fnt\n|faint|p2a: Pikeru\n|\n|win|GROOMS_654321\n|l|\u2606stressPig\n|l| Saybian\n","uploadtime":1699809751,"views":43,"p1id":"grooms654321","p2id":"stresspig","formatid":"gen9ou","rating":0,"private":0,"password":""}