{"id":"gen9ou-1990095217","p1":"lottidotti20","p2":"Bullet TTV","format":"[Gen 9] OU","log":"|j|\u2606lottidotti20\n|j|\u2606Bullet TTV\n|t:|1699924005\n|gametype|singles\n|player|p1|lottidotti20|1|1506\n|player|p2|Bullet TTV|swimmer-gen4dp|1405\n|teamsize|p1|6\n|teamsize|p2|6\n|gen|9\n|tier|[Gen 9] OU\n|rated|\n|rule|Sleep Clause Mod: Limit one foe put to sleep\n|rule|Species Clause: Limit one of each Pok\u00e9mon\n|rule|OHKO Clause: OHKO moves are banned\n|rule|Evasion Items Clause: Evasion items are banned\n|rule|Evasion Moves Clause: Evasion moves are banned\n|rule|Endless Battle Clause: Forcing endless battles is banned\n|rule|HP Percentage Mod: HP is shown in percentages\n|clearpoke\n|poke|p1|Mew|\n|poke|p1|Fezandipiti, M|\n|poke|p1|Hoopa-Unbound|\n|poke|p1|Great Tusk|\n|poke|p1|Gholdengo|\n|poke|p1|Samurott-Hisui, M|\n|poke|p2|Landorus-Therian, M|\n|poke|p2|Arcanine-Hisui, F|\n|poke|p2|Corviknight, M|\n|poke|p2|Ogerpon-Wellspring, F|\n|poke|p2|Thundurus-Therian, M|\n|poke|p2|Garchomp, M|\n|teampreview\n|inactive|Battle timer is ON: inactive players will automatically lose when time's up. (requested by Bullet TTV)\n|\n|t:|1699924035\n|start\n|switch|p1a: Samurott|Samurott-Hisui, M|100\/100\n|switch|p2a: Garchomp|Garchomp, M|100\/100\n|turn|1\n|\n|t:|1699924044\n|move|p2a: Garchomp|Swords Dance|p2a: Garchomp\n|-boost|p2a: Garchomp|atk|2\n|move|p1a: Samurott|Swords Dance|p1a: Samurott\n|-boost|p1a: Samurott|atk|2\n|\n|upkeep\n|turn|2\n|\n|t:|1699924059\n|move|p2a: Garchomp|Scale Shot|p1a: Samurott\n|-damage|p1a: Samurott|64\/100\n|-damage|p1a: Samurott|27\/100\n|-damage|p1a: Samurott|0 fnt\n|faint|p1a: Samurott\n|-hitcount|p1: Samurott|3\n|-unboost|p2a: Garchomp|def|1\n|-boost|p2a: Garchomp|spe|1\n|\n|upkeep\n|\n|t:|1699924064\n|switch|p1a: Great Tusk|Great Tusk|100\/100\n|turn|3\n|inactive|Bullet TTV has 120 seconds left.\n|\n|t:|1699924095\n|move|p2a: Garchomp|Substitute|p2a: Garchomp\n|-start|p2a: Garchomp|Substitute\n|-damage|p2a: Garchomp|76\/100\n|move|p1a: Great Tusk|Headlong Rush|p2a: Garchomp\n|-end|p2a: Garchomp|Substitute\n|-unboost|p1a: Great Tusk|def|1\n|-unboost|p1a: Great Tusk|spd|1\n|\n|upkeep\n|turn|4\n|\n|t:|1699924103\n|move|p2a: Garchomp|Earthquake|p1a: Great Tusk\n|-damage|p1a: Great Tusk|7\/100\n|move|p1a: Great Tusk|Ice Spinner|p2a: Garchomp\n|-supereffective|p2a: Garchomp\n|-damage|p2a: Garchomp|0 fnt\n|-damage|p1a: Great Tusk|0 fnt|[from] ability: Rough Skin|[of] p2a: Garchomp\n|faint|p2a: Garchomp\n|faint|p1a: Great Tusk\n|-end|p1a: Great Tusk|Protosynthesis|[silent]\n|\n|upkeep\n|inactive|Bullet TTV has 120 seconds left.\n|\n|t:|1699924131\n|switch|p2a: Landorus|Landorus-Therian, M|100\/100\n|switch|p1a: Mew|Mew|100\/100\n|-ability|p2a: Landorus|Intimidate|boost\n|-unboost|p1a: Mew|atk|1\n|turn|5\n|\n|t:|1699924139\n|move|p1a: Mew|Iron Defense|p1a: Mew\n|-boost|p1a: Mew|def|2\n|move|p2a: Landorus|Stealth Rock|p1a: Mew\n|-sidestart|p1: lottidotti20|move: Stealth Rock\n|\n|upkeep\n|turn|6\n|inactive|Bullet TTV has 120 seconds left.\n|\n|t:|1699924144\n|move|p1a: Mew|Calm Mind|p1a: Mew\n|-boost|p1a: Mew|spa|1\n|-boost|p1a: Mew|spd|1\n|move|p2a: Landorus|U-turn|p1a: Mew\n|-supereffective|p1a: Mew\n|-damage|p1a: Mew|80\/100\n|inactive|Bullet TTV has 120 seconds left.\n|\n|t:|1699924151\n|switch|p2a: Thundurus|Thundurus-Therian, M|100\/100|[from] U-turn\n|\n|-heal|p1a: Mew|86\/100|[from] item: Leftovers\n|upkeep\n|turn|7\n|\n|t:|1699924158\n|move|p2a: Thundurus|Thunderbolt|p1a: Mew\n|-damage|p1a: Mew|57\/100\n|move|p1a: Mew|Calm Mind|p1a: Mew\n|-boost|p1a: Mew|spa|1\n|-boost|p1a: Mew|spd|1\n|\n|-heal|p1a: Mew|63\/100|[from] item: Leftovers\n|upkeep\n|turn|8\n|\n|t:|1699924165\n|move|p2a: Thundurus|Nasty Plot|p2a: Thundurus\n|-boost|p2a: Thundurus|spa|2\n|move|p1a: Mew|Calm Mind|p1a: Mew\n|-boost|p1a: Mew|spa|1\n|-boost|p1a: Mew|spd|1\n|\n|-heal|p1a: Mew|69\/100|[from] item: Leftovers\n|upkeep\n|turn|9\n|\n|t:|1699924170\n|move|p2a: Thundurus|Thunderbolt|p1a: Mew\n|-damage|p1a: Mew|36\/100\n|move|p1a: Mew|Stored Power|p2a: Thundurus\n|-damage|p2a: Thundurus|0 fnt\n|faint|p2a: Thundurus\n|\n|-heal|p1a: Mew|42\/100|[from] item: Leftovers\n|upkeep\n|\n|t:|1699924190\n|switch|p2a: Ogerpon|Ogerpon-Wellspring, F|100\/100\n|turn|10\n|\n|t:|1699924198\n|move|p2a: Ogerpon|Ivy Cudgel|p1a: Mew\n|-damage|p1a: Mew|18\/100\n|move|p1a: Mew|Stored Power|p2a: Ogerpon\n|-damage|p2a: Ogerpon|0 fnt\n|faint|p2a: Ogerpon\n|\n|-heal|p1a: Mew|24\/100|[from] item: Leftovers\n|upkeep\n|\n|t:|1699924203\n|switch|p2a: Arcanine|Arcanine-Hisui, F|100\/100\n|turn|11\n|\n|t:|1699924209\n|-terastallize|p2a: Arcanine|Fire\n|-terastallize|p1a: Mew|Fighting\n|move|p2a: Arcanine|Flare Blitz|p1a: Mew\n|-damage|p1a: Mew|0 fnt\n|faint|p1a: Mew\n|\n|upkeep\n|\n|t:|1699924218\n|switch|p1a: Fezandipiti|Fezandipiti, M|100\/100\n|-damage|p1a: Fezandipiti|88\/100|[from] Stealth Rock\n|turn|12\n|inactive|lottidotti20 has 120 seconds left.\n|\n|t:|1699924250\n|move|p2a: Arcanine|Flare Blitz|p1a: Fezandipiti\n|-damage|p1a: Fezandipiti|30\/100\n|move|p1a: Fezandipiti|Shadow Ball|p2a: Arcanine\n|-damage|p2a: Arcanine|83\/100\n|-status|p2a: Arcanine|tox|[from] ability: Toxic Chain|[of] p1a: Fezandipiti\n|\n|-heal|p1a: Fezandipiti|36\/100|[from] item: Leftovers\n|-damage|p2a: Arcanine|77\/100 tox|[from] psn\n|upkeep\n|turn|13\n|\n|t:|1699924256\n|move|p2a: Arcanine|Flare Blitz|p1a: Fezandipiti\n|-damage|p1a: Fezandipiti|0 fnt\n|faint|p1a: Fezandipiti\n|\n|-damage|p2a: Arcanine|65\/100 tox|[from] psn\n|upkeep\n|\n|t:|1699924263\n|switch|p1a: Gholdengo|Gholdengo|100\/100\n|-damage|p1a: Gholdengo|94\/100|[from] Stealth Rock\n|-item|p1a: Gholdengo|Air Balloon\n|turn|14\n|\n|t:|1699924269\n|move|p2a: Arcanine|Flare Blitz|p1a: Gholdengo\n|-supereffective|p1a: Gholdengo\n|-damage|p1a: Gholdengo|0 fnt\n|-enditem|p1a: Gholdengo|Air Balloon\n|faint|p1a: Gholdengo\n|\n|-damage|p2a: Arcanine|47\/100 tox|[from] psn\n|upkeep\n|-message|lottidotti20 forfeited.\n|\n|win|Bullet TTV\n|raw|lottidotti20's rating: 1506 &rarr; <strong>1480<\/strong><br \/>(-26 for losing)\n|raw|Bullet TTV's rating: 1405 &rarr; <strong>1431<\/strong><br \/>(+26 for winning)\n|l|\u2606lottidotti20\n|c|\u2606Bullet TTV|gg\n|l|\u2606Bullet TTV\n|j|\u2606Bullet TTV\n|player|p2|Bullet TTV|swimmer-gen4dp\n","uploadtime":1699924828,"views":16,"p1id":"lottidotti20","p2id":"bulletttv","formatid":"gen9ou","rating":1431,"private":0,"password":""}