{"id":"gen9ou-1993909783","p1":"Poison Ivy Thorns","p2":"hameed425","format":"[Gen 9] OU","log":"|j|\u2606Poison Ivy Thorns\n|j|\u2606hameed425\n|t:|1700373817\n|gametype|singles\n|player|p1|Poison Ivy Thorns|grimsley|1293\n|player|p2|hameed425|102|1205\n|teamsize|p1|6\n|teamsize|p2|6\n|gen|9\n|tier|[Gen 9] OU\n|rated|\n|rule|Sleep Clause Mod: Limit one foe put to sleep\n|rule|Species Clause: Limit one of each Pok\u00e9mon\n|rule|OHKO Clause: OHKO moves are banned\n|rule|Evasion Items Clause: Evasion items are banned\n|rule|Evasion Moves Clause: Evasion moves are banned\n|rule|Endless Battle Clause: Forcing endless battles is banned\n|rule|HP Percentage Mod: HP is shown in percentages\n|clearpoke\n|poke|p1|Garganacl, M|\n|poke|p1|Ting-Lu|\n|poke|p1|Zapdos|\n|poke|p1|Rillaboom, F|\n|poke|p1|Sneasler, F|\n|poke|p1|Greninja-*, M|\n|poke|p2|Ninetales-Alola, F|\n|poke|p2|Okidogi, M|\n|poke|p2|Manaphy|\n|poke|p2|Zamazenta-*|\n|poke|p2|Kingambit, M|\n|poke|p2|Sinistcha-Masterpiece|\n|teampreview\n|inactive|Battle timer is ON: inactive players will automatically lose when time's up. (requested by Poison Ivy Thorns)\n|l|\u2606Poison Ivy Thorns\n|inactive|Poison Ivy Thorns disconnected and has a minute to reconnect!\n|player|p1|\n|j|\u2606Poison Ivy Thorns\n|inactive|Poison Ivy Thorns reconnected and has 125 seconds left.\n|player|p1|Poison Ivy Thorns|cynthia\n|inactive|Poison Ivy Thorns has 120 seconds left.\n|\n|t:|1700373854\n|start\n|switch|p1a: Garganacl|Garganacl, M|100\/100\n|switch|p2a: Ninetales|Ninetales-Alola, F|100\/100\n|-weather|Snow|[from] ability: Snow Warning|[of] p2a: Ninetales\n|turn|1\n|\n|t:|1700373868\n|move|p2a: Ninetales|Aurora Veil|p2a: Ninetales\n|-sidestart|p2: hameed425|move: Aurora Veil\n|move|p1a: Garganacl|Salt Cure|p2a: Ninetales\n|-supereffective|p2a: Ninetales\n|-damage|p2a: Ninetales|87\/100\n|-start|p2a: Ninetales|Salt Cure\n|\n|-weather|Snow|[upkeep]\n|-damage|p2a: Ninetales|74\/100|[from] Salt Cure\n|upkeep\n|turn|2\n|\n|t:|1700373879\n|switch|p2a: Zamazenta|Zamazenta, shiny|100\/100\n|-ability|p2a: Zamazenta|Dauntless Shield|boost\n|-boost|p2a: Zamazenta|def|1\n|move|p1a: Garganacl|Salt Cure|p2a: Zamazenta\n|-resisted|p2a: Zamazenta\n|-damage|p2a: Zamazenta|99\/100\n|-start|p2a: Zamazenta|Salt Cure\n|\n|-weather|Snow|[upkeep]\n|-heal|p2a: Zamazenta|100\/100|[from] item: Leftovers\n|-damage|p2a: Zamazenta|88\/100|[from] Salt Cure\n|upkeep\n|turn|3\n|\n|t:|1700373889\n|switch|p1a: Zapdos|Zapdos|100\/100\n|move|p2a: Zamazenta|Substitute|p2a: Zamazenta\n|-start|p2a: Zamazenta|Substitute\n|-damage|p2a: Zamazenta|63\/100\n|\n|-weather|Snow|[upkeep]\n|-heal|p2a: Zamazenta|69\/100|[from] item: Leftovers\n|-damage|p2a: Zamazenta|57\/100|[from] Salt Cure\n|upkeep\n|turn|4\n|inactive|hameed425 has 120 seconds left.\n|\n|t:|1700373935\n|-terastallize|p2a: Zamazenta|Steel\n|move|p1a: Zapdos|Thunderbolt|p2a: Zamazenta\n|-activate|p2a: Zamazenta|move: Substitute|[damage]\n|move|p2a: Zamazenta|Iron Defense|p2a: Zamazenta\n|-boost|p2a: Zamazenta|def|2\n|\n|-weather|Snow|[upkeep]\n|-heal|p2a: Zamazenta|63\/100|[from] item: Leftovers\n|-damage|p2a: Zamazenta|38\/100|[from] Salt Cure\n|upkeep\n|turn|5\n|inactive|Poison Ivy Thorns has 120 seconds left.\n|\n|t:|1700373978\n|move|p1a: Zapdos|Thunderbolt|p2a: Zamazenta\n|-crit|p2a: Zamazenta\n|-end|p2a: Zamazenta|Substitute\n|move|p2a: Zamazenta|Body Press|p1a: Zapdos\n|-resisted|p1a: Zapdos\n|-damage|p1a: Zapdos|56\/100\n|\n|-weather|none\n|-heal|p2a: Zamazenta|44\/100|[from] item: Leftovers\n|-damage|p2a: Zamazenta|19\/100|[from] Salt Cure\n|-sideend|p2: hameed425|move: Aurora Veil\n|upkeep\n|turn|6\n|\n|t:|1700373985\n|move|p1a: Zapdos|Roost|p1a: Zapdos\n|-heal|p1a: Zapdos|100\/100\n|-singleturn|p1a: Zapdos|move: Roost\n|move|p2a: Zamazenta|Body Press|p1a: Zapdos\n|-damage|p1a: Zapdos|5\/100\n|\n|-heal|p2a: Zamazenta|25\/100|[from] item: Leftovers\n|-damage|p2a: Zamazenta|0 fnt|[from] Salt Cure\n|faint|p2a: Zamazenta\n|upkeep\n|\n|t:|1700373992\n|switch|p2a: Ninetales|Ninetales-Alola, F|74\/100\n|-weather|Snow|[from] ability: Snow Warning|[of] p2a: Ninetales\n|turn|7\n|inactive|Poison Ivy Thorns has 120 seconds left.\n|\n|t:|1700374007\n|move|p2a: Ninetales|Moonblast|p1a: Zapdos\n|-damage|p1a: Zapdos|0 fnt\n|faint|p1a: Zapdos\n|\n|-weather|Snow|[upkeep]\n|upkeep\n|\n|t:|1700374011\n|switch|p1a: Garganacl|Garganacl, M|100\/100\n|turn|8\n|inactive|Poison Ivy Thorns has 120 seconds left.\n|\n|t:|1700374028\n|move|p2a: Ninetales|Freeze-Dry|p1a: Garganacl\n|-damage|p1a: Garganacl|79\/100\n|move|p1a: Garganacl|Salt Cure|p2a: Ninetales\n|-supereffective|p2a: Ninetales\n|-damage|p2a: Ninetales|44\/100\n|-start|p2a: Ninetales|Salt Cure\n|\n|-weather|Snow|[upkeep]\n|-heal|p1a: Garganacl|86\/100|[from] item: Leftovers\n|-damage|p2a: Ninetales|32\/100|[from] Salt Cure\n|upkeep\n|turn|9\n|\n|t:|1700374034\n|move|p2a: Ninetales|Aurora Veil|p2a: Ninetales\n|-sidestart|p2: hameed425|move: Aurora Veil\n|move|p1a: Garganacl|Salt Cure|p2a: Ninetales\n|-supereffective|p2a: Ninetales\n|-damage|p2a: Ninetales|17\/100\n|\n|-weather|Snow|[upkeep]\n|-heal|p1a: Garganacl|92\/100|[from] item: Leftovers\n|-damage|p2a: Ninetales|5\/100|[from] Salt Cure\n|upkeep\n|turn|10\n|\n|t:|1700374057\n|move|p2a: Ninetales|Encore|p1a: Garganacl\n|-start|p1a: Garganacl|Encore\n|move|p1a: Garganacl|Salt Cure|p2a: Ninetales\n|-supereffective|p2a: Ninetales\n|-damage|p2a: Ninetales|0 fnt\n|faint|p2a: Ninetales\n|\n|-weather|Snow|[upkeep]\n|-heal|p1a: Garganacl|98\/100|[from] item: Leftovers\n|upkeep\n|\n|t:|1700374063\n|switch|p2a: Okidogi|Okidogi, M|100\/100\n|turn|11\n|\n|t:|1700374066\n|move|p2a: Okidogi|Bulk Up|p2a: Okidogi\n|-boost|p2a: Okidogi|atk|1\n|-boost|p2a: Okidogi|def|1\n|move|p1a: Garganacl|Salt Cure|p2a: Okidogi\n|-resisted|p2a: Okidogi\n|-damage|p2a: Okidogi|99\/100\n|-start|p2a: Okidogi|Salt Cure\n|\n|-weather|none\n|-heal|p2a: Okidogi|100\/100|[from] item: Leftovers\n|-heal|p1a: Garganacl|100\/100|[from] item: Leftovers\n|-damage|p2a: Okidogi|88\/100|[from] Salt Cure\n|upkeep\n|turn|12\n|\n|t:|1700374074\n|switch|p1a: Ting-Lu|Ting-Lu|100\/100\n|-ability|p1a: Ting-Lu|Vessel of Ruin\n|move|p2a: Okidogi|Bulk Up|p2a: Okidogi\n|-boost|p2a: Okidogi|atk|1\n|-boost|p2a: Okidogi|def|1\n|\n|-heal|p2a: Okidogi|94\/100|[from] item: Leftovers\n|-damage|p2a: Okidogi|82\/100|[from] Salt Cure\n|upkeep\n|turn|13\n|\n|t:|1700374094\n|switch|p1a: Sneasler|Sneasler, F|100\/100\n|move|p2a: Okidogi|Drain Punch|p1a: Sneasler\n|-resisted|p1a: Sneasler\n|-damage|p1a: Sneasler|46\/100\n|-heal|p2a: Okidogi|100\/100|[from] drain|[of] p1a: Sneasler\n|\n|-damage|p2a: Okidogi|88\/100|[from] Salt Cure\n|-sideend|p2: hameed425|move: Aurora Veil\n|upkeep\n|turn|14\n|\n|t:|1700374105\n|move|p1a: Sneasler|Gunk Shot|p2a: Okidogi|[miss]\n|-miss|p1a: Sneasler|p2a: Okidogi\n|move|p2a: Okidogi|Drain Punch|p1a: Sneasler\n|-resisted|p1a: Sneasler\n|-damage|p1a: Sneasler|0 fnt\n|-heal|p2a: Okidogi|100\/100|[from] drain|[of] p1a: Sneasler\n|faint|p1a: Sneasler\n|\n|-damage|p2a: Okidogi|88\/100|[from] Salt Cure\n|upkeep\n|\n|t:|1700374109\n|switch|p1a: Greninja|Greninja, M|100\/100\n|turn|15\n|\n|t:|1700374112\n|move|p1a: Greninja|Extrasensory|p2a: Okidogi\n|-supereffective|p2a: Okidogi\n|-damage|p2a: Okidogi|0 fnt\n|faint|p2a: Okidogi\n|-ability|p1a: Greninja|Battle Bond|boost\n|-boost|p1a: Greninja|atk|1\n|-boost|p1a: Greninja|spa|1\n|-boost|p1a: Greninja|spe|1\n|-activate|p1a: Greninja|ability: Battle Bond\n|-damage|p1a: Greninja|91\/100|[from] item: Life Orb\n|\n|upkeep\n|\n|t:|1700374119\n|switch|p2a: Sinistcha|Sinistcha-Masterpiece|100\/100\n|turn|16\n|\n|t:|1700374124\n|move|p1a: Greninja|Dark Pulse|p2a: Sinistcha\n|-supereffective|p2a: Sinistcha\n|-damage|p2a: Sinistcha|0 fnt\n|faint|p2a: Sinistcha\n|-damage|p1a: Greninja|81\/100|[from] item: Life Orb\n|\n|upkeep\n|\n|t:|1700374129\n|switch|p2a: Kingambit|Kingambit, M|100\/100\n|-activate|p2a: Kingambit|ability: Supreme Overlord\n|-start|p2a: Kingambit|fallen4|[silent]\n|turn|17\n|\n|t:|1700374132\n|move|p1a: Greninja|Surf|p2a: Kingambit\n|-crit|p2a: Kingambit\n|-damage|p2a: Kingambit|0 fnt\n|faint|p2a: Kingambit\n|-end|p2a: Kingambit|fallen4|[silent]\n|-damage|p1a: Greninja|71\/100|[from] item: Life Orb\n|\n|upkeep\n|\n|t:|1700374136\n|switch|p2a: Manaphy|Manaphy, shiny|100\/100\n|turn|18\n|\n|t:|1700374140\n|move|p1a: Greninja|Dark Pulse|p2a: Manaphy\n|-damage|p2a: Manaphy|38\/100\n|-damage|p1a: Greninja|61\/100|[from] item: Life Orb\n|move|p2a: Manaphy|Take Heart|p2a: Manaphy\n|-boost|p2a: Manaphy|spa|1\n|-boost|p2a: Manaphy|spd|1\n|\n|-heal|p2a: Manaphy|45\/100|[from] item: Leftovers\n|upkeep\n|turn|19\n|\n|t:|1700374147\n|-terastallize|p1a: Greninja|Psychic\n|move|p1a: Greninja|Extrasensory|p2a: Manaphy\n|-damage|p2a: Manaphy|6\/100\n|-damage|p1a: Greninja|51\/100|[from] item: Life Orb\n|move|p2a: Manaphy|Scald|p1a: Greninja\n|-damage|p1a: Greninja|0 fnt\n|faint|p1a: Greninja\n|\n|-heal|p2a: Manaphy|12\/100|[from] item: Leftovers\n|upkeep\n|\n|t:|1700374150\n|switch|p1a: Rillaboom|Rillaboom, F|100\/100\n|-fieldstart|move: Grassy Terrain|[from] ability: Grassy Surge|[of] p1a: Rillaboom\n|turn|20\n|\n|t:|1700374153\n|move|p1a: Rillaboom|Grassy Glide|p2a: Manaphy\n|-supereffective|p2a: Manaphy\n|-damage|p2a: Manaphy|0 fnt\n|faint|p2a: Manaphy\n|\n|win|Poison Ivy Thorns\n|raw|Poison Ivy Thorns's rating: 1293 &rarr; <strong>1312<\/strong><br \/>(+19 for winning)\n|raw|hameed425's rating: 1205 &rarr; <strong>1186<\/strong><br \/>(-19 for losing)\n|l|\u2606hameed425\n","uploadtime":1700374156,"views":10,"p1id":"poisonivythorns","p2id":"hameed425","formatid":"gen9ou","rating":1186,"private":0,"password":""}