{"id":"gen9ou-2000500987","p1":"RealDaveCrust","p2":"DoubleJumping","format":"[Gen 9] OU","log":"|j|\u2606RealDaveCrust\n|j|\u2606DoubleJumping\n|inactive|Battle timer is ON: inactive players will automatically lose when time's up.\n|t:|1701200080\n|gametype|singles\n|j|*Lady Monita \u2746\n|player|p1|RealDaveCrust|169|\n|player|p2|DoubleJumping|169|\n|teamsize|p1|6\n|teamsize|p2|8\n|gen|9\n|tier|[Gen 9] OU\n|rated|Tournament battle\n|rule|Sleep Clause Mod: Limit one foe put to sleep\n|rule|Species Clause: Limit one of each Pok\u00e9mon\n|rule|OHKO Clause: OHKO moves are banned\n|rule|Evasion Items Clause: Evasion items are banned\n|rule|Evasion Moves Clause: Evasion moves are banned\n|rule|Endless Battle Clause: Forcing endless battles is banned\n|rule|HP Percentage Mod: HP is shown in percentages\n|clearpoke\n|poke|p1|Crawdaunt, F|\n|poke|p1|Garganacl, F|\n|poke|p1|Dragonite, M|\n|poke|p1|Ceruledge, M|\n|poke|p1|Ninetales-Alola, M|\n|poke|p1|Blissey, F|\n|poke|p2|Dragonite, M|\n|poke|p2|Lycanroc-Dusk, F|\n|poke|p2|Oranguru, F|\n|poke|p2|Umbreon, M|\n|poke|p2|Decidueye, F|\n|poke|p2|Arcanine, F|\n|poke|p2|Indeedee, M|\n|poke|p2|Maushold|\n|teampreview|6\n|j| RawDavid\n|inactive|DoubleJumping has 120 seconds left.\n|l| RawDavid\n|\n|t:|1701200116\n|start\n|switch|p1a: Garganacl|Garganacl, F|100\/100\n|switch|p2a: Maushold|Maushold|100\/100\n|turn|1\n|\n|t:|1701200133\n|move|p2a: Maushold|Population Bomb|p1a: Garganacl\n|-resisted|p1a: Garganacl\n|-damage|p1a: Garganacl|98\/100\n|-resisted|p1a: Garganacl\n|-damage|p1a: Garganacl|94\/100\n|-resisted|p1a: Garganacl\n|-damage|p1a: Garganacl|91\/100\n|-resisted|p1a: Garganacl\n|-damage|p1a: Garganacl|88\/100\n|-resisted|p1a: Garganacl\n|-damage|p1a: Garganacl|85\/100\n|-resisted|p1a: Garganacl\n|-damage|p1a: Garganacl|81\/100\n|-hitcount|p1a: Garganacl|6\n|move|p1a: Garganacl|Salt Cure|p2a: Maushold\n|-damage|p2a: Maushold|79\/100\n|-start|p2a: Maushold|Salt Cure\n|\n|-heal|p1a: Garganacl|88\/100|[from] item: Leftovers\n|-damage|p2a: Maushold|66\/100|[from] Salt Cure\n|upkeep\n|turn|2\n|inactive|DoubleJumping has 120 seconds left.\n|\n|t:|1701200162\n|switch|p2a: Decidueye|Decidueye, F|100\/100\n|move|p1a: Garganacl|Curse|p1a: Garganacl\n|-unboost|p1a: Garganacl|spe|1\n|-boost|p1a: Garganacl|atk|1\n|-boost|p1a: Garganacl|def|1\n|\n|-heal|p1a: Garganacl|94\/100|[from] item: Leftovers\n|upkeep\n|turn|3\n|inactive|DoubleJumping has 120 seconds left.\n|\n|t:|1701200177\n|switch|p1a: Blissey|Blissey, F|100\/100\n|move|p2a: Decidueye|Grass Knot|p1a: Blissey\n|-damage|p1a: Blissey|93\/100\n|\n|-heal|p1a: Blissey|99\/100|[from] item: Leftovers\n|upkeep\n|turn|4\n|inactive|DoubleJumping has 120 seconds left.\n|\n|t:|1701200187\n|switch|p2a: Dragonite|Dragonite, M|100\/100\n|move|p1a: Blissey|Thunder Wave|p2a: Dragonite\n|-status|p2a: Dragonite|par\n|\n|-heal|p1a: Blissey|100\/100|[from] item: Leftovers\n|upkeep\n|turn|5\n|\n|t:|1701200196\n|switch|p1a: Ninetales|Ninetales-Alola, M|100\/100\n|-weather|Snow|[from] ability: Snow Warning|[of] p1a: Ninetales\n|move|p2a: Dragonite|Focus Blast|p1a: Ninetales\n|-damage|p1a: Ninetales|67\/100\n|\n|-weather|Snow|[upkeep]\n|upkeep\n|turn|6\n|inactive|DoubleJumping has 120 seconds left.\n|\n|t:|1701200229\n|switch|p2a: Lycanroc|Lycanroc-Dusk, F|100\/100\n|move|p1a: Ninetales|Aurora Veil|p1a: Ninetales\n|-sidestart|p1: RealDaveCrust|move: Aurora Veil\n|\n|-weather|Snow|[upkeep]\n|upkeep\n|turn|7\n|\n|t:|1701200241\n|switch|p1a: Crawdaunt|Crawdaunt, F|100\/100\n|move|p2a: Lycanroc|Accelerock|p1a: Crawdaunt\n|-damage|p1a: Crawdaunt|84\/100\n|\n|-weather|Snow|[upkeep]\n|upkeep\n|turn|8\n|inactive|DoubleJumping has 90 seconds left.\n|\n|t:|1701200267\n|switch|p2a: Decidueye|Decidueye, F|100\/100\n|move|p1a: Crawdaunt|Crabhammer|p2a: Decidueye\n|-resisted|p2a: Decidueye\n|-damage|p2a: Decidueye|51\/100\n|\n|-weather|Snow|[upkeep]\n|upkeep\n|turn|9\n|inactive|DoubleJumping has 90 seconds left.\n|\n|t:|1701200282\n|switch|p1a: Ceruledge|Ceruledge, M|100\/100\n|move|p2a: Decidueye|Grass Knot|p1a: Ceruledge\n|-resisted|p1a: Ceruledge\n|-damage|p1a: Ceruledge|92\/100\n|\n|-weather|none\n|upkeep\n|turn|10\n|inactive|DoubleJumping has 90 seconds left.\n|inactive|DoubleJumping has 60 seconds left.\n|\n|t:|1701200341\n|switch|p2a: Dragonite|Dragonite, M|100\/100 par\n|move|p1a: Ceruledge|Bitter Blade|p2a: Dragonite\n|-resisted|p2a: Dragonite\n|-damage|p2a: Dragonite|87\/100 par\n|-heal|p1a: Ceruledge|99\/100|[from] drain|[of] p2a: Dragonite\n|\n|upkeep\n|turn|11\n|\n|t:|1701200353\n|switch|p1a: Garganacl|Garganacl, F|94\/100\n|move|p2a: Dragonite|Dragon Dance|p2a: Dragonite\n|-boost|p2a: Dragonite|atk|1\n|-boost|p2a: Dragonite|spe|1\n|\n|-heal|p1a: Garganacl|99\/100|[from] item: Leftovers\n|upkeep\n|turn|12\n|\n|t:|1701200367\n|move|p2a: Dragonite|Focus Blast|p1a: Garganacl\n|-supereffective|p1a: Garganacl\n|-damage|p1a: Garganacl|76\/100\n|move|p1a: Garganacl|Salt Cure|p2a: Dragonite\n|-supereffective|p2a: Dragonite\n|-damage|p2a: Dragonite|52\/100 par\n|-start|p2a: Dragonite|Salt Cure\n|\n|-heal|p1a: Garganacl|82\/100|[from] item: Leftovers\n|-damage|p2a: Dragonite|40\/100 par|[from] Salt Cure\n|upkeep\n|turn|13\n|\n|t:|1701200390\n|switch|p2a: Decidueye|Decidueye, F|51\/100\n|switch|p1a: Ninetales|Ninetales-Alola, M|67\/100\n|-weather|Snow|[from] ability: Snow Warning|[of] p1a: Ninetales\n|\n|-weather|Snow|[upkeep]\n|-sideend|p1: RealDaveCrust|move: Aurora Veil\n|upkeep\n|turn|14\n|\n|t:|1701200405\n|switch|p2a: Lycanroc|Lycanroc-Dusk, F|100\/100\n|move|p1a: Ninetales|Aurora Veil|p1a: Ninetales\n|-sidestart|p1: RealDaveCrust|move: Aurora Veil\n|\n|-weather|Snow|[upkeep]\n|upkeep\n|turn|15\n|inactive|DoubleJumping has 30 seconds left.\n|inactive|DoubleJumping has 20 seconds left.\n|inactive|DoubleJumping has 15 seconds left.\n|\n|t:|1701200436\n|switch|p1a: Crawdaunt|Crawdaunt, F|84\/100\n|move|p2a: Lycanroc|Stone Edge|p1a: Crawdaunt\n|-damage|p1a: Crawdaunt|50\/100\n|\n|-weather|Snow|[upkeep]\n|upkeep\n|turn|16\n|inactive|DoubleJumping has 25 seconds left this turn.\n|inactive|DoubleJumping has 20 seconds left.\n|\n|t:|1701200443\n|switch|p2a: Decidueye|Decidueye, F|51\/100\n|move|p1a: Crawdaunt|Knock Off|p2a: Decidueye\n|-supereffective|p2a: Decidueye\n|-damage|p2a: Decidueye|0 fnt\n|-enditem|p2a: Decidueye|Aguav Berry|[from] move: Knock Off|[of] p1a: Crawdaunt\n|faint|p2a: Decidueye\n|\n|-weather|Snow|[upkeep]\n|upkeep\n|inactive|DoubleJumping has 25 seconds left this turn.\n|inactive|DoubleJumping has 20 seconds left.\n|inactive|DoubleJumping has 15 seconds left.\n|\n|t:|1701200457\n|switch|p2a: Maushold|Maushold|66\/100\n|turn|17\n|inactive|DoubleJumping has 25 seconds left this turn.\n|\n|t:|1701200463\n|switch|p1a: Garganacl|Garganacl, F|82\/100\n|move|p2a: Maushold|Play Rough|p1a: Garganacl|[miss]\n|-miss|p2a: Maushold|p1a: Garganacl\n|\n|-weather|none\n|-heal|p1a: Garganacl|88\/100|[from] item: Leftovers\n|upkeep\n|turn|18\n|inactive|DoubleJumping has 30 seconds left.\n|\n|t:|1701200478\n|switch|p2a: Lycanroc|Lycanroc-Dusk, F|100\/100\n|move|p1a: Garganacl|Salt Cure|p2a: Lycanroc\n|-damage|p2a: Lycanroc|79\/100\n|-start|p2a: Lycanroc|Salt Cure\n|\n|-heal|p1a: Garganacl|94\/100|[from] item: Leftovers\n|-damage|p2a: Lycanroc|66\/100|[from] Salt Cure\n|upkeep\n|turn|19\n|inactive|DoubleJumping has 30 seconds left.\n|inactive|DoubleJumping has 20 seconds left.\n|inactive|DoubleJumping has 15 seconds left.\n|\n|t:|1701200500\n|move|p1a: Garganacl|Earthquake|p2a: Lycanroc\n|-supereffective|p2a: Lycanroc\n|-damage|p2a: Lycanroc|0 fnt\n|faint|p2a: Lycanroc\n|\n|-heal|p1a: Garganacl|100\/100|[from] item: Leftovers\n|upkeep\n|inactive|DoubleJumping has 20 seconds left this turn.\n|\n|t:|1701200505\n|switch|p2a: Dragonite|Dragonite, M|40\/100 par\n|turn|20\n|inactive|DoubleJumping has 30 seconds left this turn.\n|\n|t:|1701200509\n|move|p2a: Dragonite|Focus Blast|p1a: Garganacl\n|-supereffective|p1a: Garganacl\n|-damage|p1a: Garganacl|79\/100\n|move|p1a: Garganacl|Salt Cure|p2a: Dragonite\n|-supereffective|p2a: Dragonite\n|-damage|p2a: Dragonite|8\/100 par\n|-start|p2a: Dragonite|Salt Cure\n|-enditem|p2a: Dragonite|Aguav Berry|[eat]\n|-heal|p2a: Dragonite|41\/100 par|[from] item: Aguav Berry\n|\n|-heal|p1a: Garganacl|85\/100|[from] item: Leftovers\n|-damage|p2a: Dragonite|28\/100 par|[from] Salt Cure\n|upkeep\n|turn|21\n|\n|t:|1701200517\n|switch|p1a: Ninetales|Ninetales-Alola, M|67\/100\n|-weather|Snow|[from] ability: Snow Warning|[of] p1a: Ninetales\n|move|p2a: Dragonite|Extreme Speed|p1a: Ninetales\n|-damage|p1a: Ninetales|50\/100\n|\n|-weather|Snow|[upkeep]\n|-damage|p2a: Dragonite|16\/100 par|[from] Salt Cure\n|-sideend|p1: RealDaveCrust|move: Aurora Veil\n|upkeep\n|turn|22\n|inactive|DoubleJumping has 30 seconds left.\n|\n|t:|1701200540\n|move|p1a: Ninetales|Aurora Veil|p1a: Ninetales\n|-sidestart|p1: RealDaveCrust|move: Aurora Veil\n|move|p2a: Dragonite|Hurricane|p1a: Ninetales\n|-damage|p1a: Ninetales|27\/100\n|\n|-weather|Snow|[upkeep]\n|-damage|p2a: Dragonite|4\/100 par|[from] Salt Cure\n|upkeep\n|turn|23\n|inactive|DoubleJumping has 30 seconds left.\n|inactive|DoubleJumping has 20 seconds left.\n|inactive|DoubleJumping has 15 seconds left.\n|inactive|DoubleJumping has 10 seconds left.\n|\n|t:|1701200566\n|switch|p1a: Crawdaunt|Crawdaunt, F|50\/100\n|switch|p2a: Maushold|Maushold|66\/100\n|\n|-weather|Snow|[upkeep]\n|upkeep\n|turn|24\n|inactive|DoubleJumping has 20 seconds left this turn.\n|inactive|DoubleJumping has 15 seconds left.\n|inactive|DoubleJumping has 10 seconds left.\n|\n|t:|1701200578\n|move|p2a: Maushold|Play Rough|p1a: Crawdaunt\n|-supereffective|p1a: Crawdaunt\n|-damage|p1a: Crawdaunt|22\/100\n|move|p1a: Crawdaunt|Crabhammer|p2a: Maushold\n|-damage|p2a: Maushold|0 fnt\n|faint|p2a: Maushold\n|\n|-weather|Snow|[upkeep]\n|upkeep\n|inactive|DoubleJumping has 15 seconds left this turn.\n|inactive|DoubleJumping has 10 seconds left.\n|\n|t:|1701200588\n|switch|p2a: Dragonite|Dragonite, M|4\/100 par\n|turn|25\n|inactive|DoubleJumping has 20 seconds left this turn.\n|inactive|DoubleJumping has 15 seconds left.\n|inactive|DoubleJumping has 10 seconds left.\n|\n|t:|1701200598\n|move|p1a: Crawdaunt|Crabhammer|p2a: Dragonite|[miss]\n|-miss|p1a: Crawdaunt|p2a: Dragonite\n|cant|p2a: Dragonite|par\n|\n|-weather|none\n|upkeep\n|turn|26\n|inactive|DoubleJumping has 20 seconds left this turn.\n|inactive|DoubleJumping has 15 seconds left.\n|inactive|DoubleJumping has 10 seconds left.\n|\n|t:|1701200610\n|switch|p1a: Blissey|Blissey, F|100\/100\n|switch|p2a: Indeedee|Indeedee, M|100\/100\n|-fieldstart|move: Psychic Terrain|[from] ability: Psychic Surge|[of] p2a: Indeedee\n|\n|upkeep\n|turn|27\n|inactive|DoubleJumping has 20 seconds left this turn.\n|inactive|DoubleJumping has 15 seconds left.\n|inactive|DoubleJumping has 10 seconds left.\n|\n|t:|1701200621\n|move|p2a: Indeedee|Calm Mind|p2a: Indeedee\n|-boost|p2a: Indeedee|spa|1\n|-boost|p2a: Indeedee|spd|1\n|move|p1a: Blissey|Thunder Wave|p2a: Indeedee|[miss]\n|-miss|p1a: Blissey|p2a: Indeedee\n|\n|upkeep\n|turn|28\n|inactive|DoubleJumping has 20 seconds left this turn.\n|inactive|DoubleJumping has 15 seconds left.\n|\n|t:|1701200627\n|move|p2a: Indeedee|Psyshock|p1a: Blissey\n|-damage|p1a: Blissey|70\/100\n|move|p1a: Blissey|Thunder Wave|p2a: Indeedee\n|-status|p2a: Indeedee|par\n|\n|-heal|p1a: Blissey|77\/100|[from] item: Leftovers\n|upkeep\n|turn|29\n|inactive|DoubleJumping has 25 seconds left this turn.\n|inactive|DoubleJumping has 20 seconds left.\n|\n|t:|1701200634\n|switch|p2a: Oranguru|Oranguru, F|100\/100\n|move|p1a: Blissey|Seismic Toss|p2a: Oranguru\n|-damage|p2a: Oranguru|74\/100\n|\n|-heal|p1a: Blissey|83\/100|[from] item: Leftovers\n|-sideend|p1: RealDaveCrust|move: Aurora Veil\n|upkeep\n|turn|30\n|inactive|DoubleJumping has 30 seconds left this turn.\n|inactive|DoubleJumping has 20 seconds left.\n|\n|t:|1701200644\n|move|p2a: Oranguru|Calm Mind|p2a: Oranguru\n|-boost|p2a: Oranguru|spa|1\n|-boost|p2a: Oranguru|spd|1\n|move|p1a: Blissey|Thunder Wave|p2a: Oranguru\n|-status|p2a: Oranguru|par\n|\n|-heal|p1a: Blissey|89\/100|[from] item: Leftovers\n|-fieldend|move: Psychic Terrain\n|upkeep\n|turn|31\n|inactive|DoubleJumping has 30 seconds left this turn.\n|inactive|DoubleJumping has 20 seconds left.\n|\n|t:|1701200656\n|switch|p2a: Indeedee|Indeedee, M|100\/100 par\n|-fieldstart|move: Psychic Terrain|[from] ability: Psychic Surge|[of] p2a: Indeedee\n|move|p1a: Blissey|Light Screen|p1a: Blissey\n|-sidestart|p1: RealDaveCrust|move: Light Screen\n|\n|-heal|p1a: Blissey|95\/100|[from] item: Leftovers\n|upkeep\n|turn|32\n|inactive|DoubleJumping has 30 seconds left this turn.\n|inactive|DoubleJumping has 20 seconds left.\n|\n|t:|1701200667\n|switch|p1a: Ninetales|Ninetales-Alola, M|27\/100\n|-weather|Snow|[from] ability: Snow Warning|[of] p1a: Ninetales\n|cant|p2a: Indeedee|par\n|\n|-weather|Snow|[upkeep]\n|upkeep\n|turn|33\n|inactive|DoubleJumping has 30 seconds left this turn.\n|inactive|DoubleJumping has 20 seconds left.\n|\n|t:|1701200681\n|move|p1a: Ninetales|Aurora Veil|p1a: Ninetales\n|-sidestart|p1: RealDaveCrust|move: Aurora Veil\n|move|p2a: Indeedee|Calm Mind|p2a: Indeedee\n|-boost|p2a: Indeedee|spa|1\n|-boost|p2a: Indeedee|spd|1\n|\n|-weather|Snow|[upkeep]\n|upkeep\n|turn|34\n|inactive|DoubleJumping has 30 seconds left this turn.\n|\n|t:|1701200688\n|switch|p1a: Crawdaunt|Crawdaunt, F|22\/100\n|cant|p2a: Indeedee|par\n|\n|-weather|Snow|[upkeep]\n|upkeep\n|turn|35\n|inactive|DoubleJumping has 30 seconds left.\n|\n|t:|1701200696\n|cant|p2a: Indeedee|par\n|move|p1a: Crawdaunt|Knock Off|p2a: Indeedee\n|-supereffective|p2a: Indeedee\n|-damage|p2a: Indeedee|0 fnt\n|-enditem|p2a: Indeedee|Aguav Berry|[from] move: Knock Off|[of] p1a: Crawdaunt\n|faint|p2a: Indeedee\n|\n|-weather|Snow|[upkeep]\n|-sideend|p1: RealDaveCrust|move: Light Screen\n|-fieldend|move: Psychic Terrain\n|upkeep\n|\n|t:|1701200700\n|switch|p2a: Dragonite|Dragonite, M|4\/100 par\n|turn|36\n|\n|t:|1701200706\n|move|p1a: Crawdaunt|Knock Off|p2a: Dragonite\n|-damage|p2a: Dragonite|0 fnt\n|faint|p2a: Dragonite\n|\n|-weather|none\n|upkeep\n|\n|t:|1701200709\n|switch|p2a: Oranguru|Oranguru, F|74\/100 par\n|turn|37\n|\n|t:|1701200716\n|-terastallize|p1a: Crawdaunt|Water\n|move|p1a: Crawdaunt|Knock Off|p2a: Oranguru\n|-supereffective|p2a: Oranguru\n|-damage|p2a: Oranguru|0 fnt\n|-enditem|p2a: Oranguru|Iapapa Berry|[from] move: Knock Off|[of] p1a: Crawdaunt\n|faint|p2a: Oranguru\n|\n|win|RealDaveCrust\n|n|\u2606RealDaveCrust|realdavecrust\n|n|\u2606DoubleJumping|doublejumping\n|n|*Lady Monita \u2746|ladymonita\n","uploadtime":1701200717,"views":0,"p1id":"realdavecrust","p2id":"doublejumping","formatid":"gen9ou","rating":0,"private":0,"password":""}