{"id":"gen9ou-1996806640","p1":"themeadowdsz","p2":"buzhim IH","format":"[Gen 9] OU","log":"|j|\u2606themeadowdsz\n|j|\u2606buzhim IH\n|t:|1700728440\n|gametype|singles\n|player|p1|themeadowdsz|266|1093\n|player|p2|buzhim IH|169|1000\n|teamsize|p1|6\n|teamsize|p2|6\n|gen|9\n|tier|[Gen 9] OU\n|rated|\n|rule|Sleep Clause Mod: Limit one foe put to sleep\n|rule|Species Clause: Limit one of each Pok\u00e9mon\n|rule|OHKO Clause: OHKO moves are banned\n|rule|Evasion Items Clause: Evasion items are banned\n|rule|Evasion Moves Clause: Evasion moves are banned\n|rule|Endless Battle Clause: Forcing endless battles is banned\n|rule|HP Percentage Mod: HP is shown in percentages\n|clearpoke\n|poke|p1|Pelipper, M|\n|poke|p1|Iron Jugulis|\n|poke|p1|Thundurus, M|\n|poke|p1|Great Tusk|\n|poke|p1|Overqwil, M|\n|poke|p1|Crawdaunt, F|\n|poke|p2|Clodsire, M|\n|poke|p2|Dondozo, F|\n|poke|p2|Slowking-Galar, F|\n|poke|p2|Weezing-Galar, F|\n|poke|p2|Blissey, F|\n|poke|p2|Tornadus-Therian, M|\n|teampreview\n|inactive|Battle timer is ON: inactive players will automatically lose when time's up. (requested by buzhim IH)\n|\n|t:|1700728457\n|start\n|switch|p1a: Pelipper|Pelipper, M|100\/100\n|switch|p2a: Tornadus|Tornadus-Therian, M|100\/100\n|-weather|RainDance|[from] ability: Drizzle|[of] p1a: Pelipper\n|turn|1\n|\n|t:|1700728469\n|switch|p1a: Thundurus|Thundurus, M|100\/100\n|move|p2a: Tornadus|Knock Off|p1a: Thundurus\n|-damage|p1a: Thundurus|71\/100\n|-enditem|p1a: Thundurus|Heavy-Duty Boots|[from] move: Knock Off|[of] p2a: Tornadus\n|\n|-weather|RainDance|[upkeep]\n|upkeep\n|turn|2\n|inactive|buzhim IH has 120 seconds left.\n|\n|t:|1700728504\n|switch|p2a: Blissey|Blissey, F|100\/100\n|move|p1a: Thundurus|Grass Knot|p2a: Blissey\n|-damage|p2a: Blissey|94\/100\n|\n|-weather|RainDance|[upkeep]\n|upkeep\n|turn|3\n|inactive|buzhim IH has 120 seconds left.\n|\n|t:|1700728519\n|switch|p1a: Great Tusk|Great Tusk|100\/100\n|move|p2a: Blissey|Shadow Ball|p1a: Great Tusk\n|-damage|p1a: Great Tusk|83\/100\n|\n|-weather|RainDance|[upkeep]\n|-heal|p1a: Great Tusk|89\/100|[from] item: Leftovers\n|upkeep\n|turn|4\n|inactive|buzhim IH has 120 seconds left.\n|\n|t:|1700728535\n|-end|p1a: Great Tusk|Protosynthesis|[silent]\n|switch|p1a: Crawdaunt|Crawdaunt, F|100\/100\n|switch|p2a: Tornadus|Tornadus-Therian, M|100\/100\n|\n|-weather|RainDance|[upkeep]\n|upkeep\n|turn|5\n|inactive|buzhim IH has 120 seconds left.\n|\n|t:|1700728547\n|switch|p2a: Dondozo|Dondozo, F|100\/100\n|move|p1a: Crawdaunt|Knock Off|p2a: Dondozo\n|-damage|p2a: Dondozo|72\/100\n|-damage|p1a: Crawdaunt|84\/100|[from] item: Rocky Helmet|[of] p2a: Dondozo\n|-enditem|p2a: Dondozo|Rocky Helmet|[from] move: Knock Off|[of] p1a: Crawdaunt\n|\n|-weather|RainDance|[upkeep]\n|upkeep\n|turn|6\n|inactive|buzhim IH has 120 seconds left.\n|\n|t:|1700728559\n|switch|p1a: Pelipper|Pelipper, M|100\/100\n|move|p2a: Dondozo|Waterfall|p1a: Pelipper\n|-resisted|p1a: Pelipper\n|-damage|p1a: Pelipper|85\/100\n|\n|-weather|RainDance|[upkeep]\n|upkeep\n|turn|7\n|inactive|buzhim IH has 120 seconds left.\n|\n|t:|1700728576\n|switch|p2a: Slowking|Slowking-Galar, F|100\/100\n|move|p1a: Pelipper|Hurricane|p2a: Slowking\n|-damage|p2a: Slowking|73\/100\n|-start|p2a: Slowking|confusion\n|\n|-weather|RainDance|[upkeep]\n|upkeep\n|turn|8\n|\n|t:|1700728586\n|move|p1a: Pelipper|U-turn|p2a: Slowking\n|-damage|p2a: Slowking|66\/100\n|\n|t:|1700728588\n|switch|p1a: Overqwil|Overqwil, M|100\/100|[from] U-turn\n|-activate|p2a: Slowking|confusion\n|move|p2a: Slowking|Future Sight|p1a: Overqwil\n|-start|p2a: Slowking|move: Future Sight\n|\n|-weather|none\n|upkeep\n|turn|9\n|inactive|buzhim IH has 120 seconds left.\n|\n|t:|1700728601\n|switch|p2a: Dondozo|Dondozo, F|72\/100\n|move|p1a: Overqwil|Liquidation|p2a: Dondozo\n|-resisted|p2a: Dondozo\n|-damage|p2a: Dondozo|65\/100\n|\n|upkeep\n|turn|10\n|inactive|buzhim IH has 120 seconds left.\n|\n|t:|1700728617\n|move|p1a: Overqwil|Barb Barrage|p2a: Dondozo\n|-damage|p2a: Dondozo|51\/100\n|move|p2a: Dondozo|Rest|p2a: Dondozo\n|-status|p2a: Dondozo|slp|[from] move: Rest\n|-heal|p2a: Dondozo|100\/100 slp|[silent]\n|\n|-end|p1a: Overqwil|move: Future Sight\n|-immune|p1a: Overqwil\n|upkeep\n|turn|11\n|\n|t:|1700728628\n|switch|p1a: Pelipper|Pelipper, M|85\/100\n|-weather|RainDance|[from] ability: Drizzle|[of] p1a: Pelipper\n|cant|p2a: Dondozo|slp\n|move|p2a: Dondozo|Sleep Talk|p2a: Dondozo\n|move|p2a: Dondozo|Waterfall|p1a: Pelipper|[from]move: Sleep Talk\n|-resisted|p1a: Pelipper\n|-damage|p1a: Pelipper|70\/100\n|\n|-weather|RainDance|[upkeep]\n|upkeep\n|turn|12\n|\n|t:|1700728641\n|switch|p2a: Slowking|Slowking-Galar, F|99\/100\n|move|p1a: Pelipper|U-turn|p2a: Slowking\n|-damage|p2a: Slowking|93\/100\n|\n|t:|1700728648\n|switch|p1a: Crawdaunt|Crawdaunt, F|84\/100|[from] U-turn\n|\n|-weather|RainDance|[upkeep]\n|upkeep\n|turn|13\n|inactive|buzhim IH has 120 seconds left.\n|\n|t:|1700728666\n|switch|p2a: Dondozo|Dondozo, F|100\/100 slp\n|-terastallize|p1a: Crawdaunt|Water\n|move|p1a: Crawdaunt|Crabhammer|p2a: Dondozo\n|-resisted|p2a: Dondozo\n|-crit|p2a: Dondozo\n|-damage|p2a: Dondozo|52\/100 slp\n|\n|-weather|RainDance|[upkeep]\n|upkeep\n|turn|14\n|inactive|buzhim IH has 120 seconds left.\n|\n|t:|1700728683\n|move|p1a: Crawdaunt|Crabhammer|p2a: Dondozo|[miss]\n|-miss|p1a: Crawdaunt|p2a: Dondozo\n|cant|p2a: Dondozo|slp\n|move|p2a: Dondozo|Sleep Talk|p2a: Dondozo\n|move|p2a: Dondozo|Rest||[from]move: Sleep Talk|[still]\n|-fail|p2a: Dondozo\n|\n|-weather|RainDance|[upkeep]\n|upkeep\n|turn|15\n|inactive|buzhim IH has 120 seconds left.\n|\n|t:|1700728703\n|switch|p1a: Thundurus|Thundurus, M|71\/100\n|-curestatus|p2a: Dondozo|slp|[msg]\n|move|p2a: Dondozo|Rest|p2a: Dondozo\n|-status|p2a: Dondozo|slp|[from] move: Rest\n|-heal|p2a: Dondozo|100\/100 slp|[silent]\n|\n|-weather|RainDance|[upkeep]\n|upkeep\n|turn|16\n|inactive|buzhim IH has 120 seconds left.\n|\n|t:|1700728714\n|switch|p2a: Blissey|Blissey, F|94\/100\n|move|p1a: Thundurus|Volt Switch|p2a: Blissey\n|-damage|p2a: Blissey|82\/100\n|\n|t:|1700728717\n|switch|p1a: Crawdaunt|Crawdaunt, F, tera:Water|84\/100|[from] Volt Switch\n|\n|-weather|RainDance|[upkeep]\n|upkeep\n|turn|17\n|\n|t:|1700728726\n|switch|p2a: Dondozo|Dondozo, F|100\/100 slp\n|move|p1a: Crawdaunt|Crabhammer|p2a: Dondozo\n|-resisted|p2a: Dondozo\n|-damage|p2a: Dondozo|67\/100 slp\n|\n|-weather|RainDance|[upkeep]\n|upkeep\n|turn|18\n|\n|t:|1700728734\n|move|p1a: Crawdaunt|Crabhammer|p2a: Dondozo\n|-resisted|p2a: Dondozo\n|-crit|p2a: Dondozo\n|-damage|p2a: Dondozo|21\/100 slp\n|cant|p2a: Dondozo|slp\n|move|p2a: Dondozo|Sleep Talk|p2a: Dondozo\n|move|p2a: Dondozo|Waterfall|p1a: Crawdaunt|[from]move: Sleep Talk\n|-resisted|p1a: Crawdaunt\n|-damage|p1a: Crawdaunt|56\/100\n|\n|-weather|none\n|upkeep\n|turn|19\n|\n|t:|1700728751\n|move|p1a: Crawdaunt|Crabhammer|p2a: Dondozo\n|-resisted|p2a: Dondozo\n|-damage|p2a: Dondozo|0 fnt\n|faint|p2a: Dondozo\n|\n|upkeep\n|inactive|buzhim IH has 120 seconds left.\n|-message|buzhim IH forfeited.\n|\n|win|themeadowdsz\n|raw|themeadowdsz's rating: 1093 &rarr; <strong>1112<\/strong><br \/>(+19 for winning)\n|raw|buzhim IH's rating: 1000 &rarr; <strong>1000<\/strong><br \/>(+0 for losing)\n|l|\u2606buzhim IH\n","uploadtime":1700728783,"views":3,"p1id":"themeadowdsz","p2id":"buzhimih","formatid":"gen9ou","rating":1000,"private":0,"password":""}