{"id":"gen9ou-1991626723","p1":"2021MarkelleFultz","p2":"Rwbyred","format":"[Gen 9] OU","log":"|j|\u26062021MarkelleFultz\n|j|\u2606Rwbyred\n|t:|1700095775\n|gametype|singles\n|player|p1|2021MarkelleFultz|caitlin|1436\n|player|p2|Rwbyred|2|1351\n|teamsize|p1|6\n|teamsize|p2|6\n|gen|9\n|tier|[Gen 9] OU\n|rated|\n|rule|Sleep Clause Mod: Limit one foe put to sleep\n|rule|Species Clause: Limit one of each Pok\u00e9mon\n|rule|OHKO Clause: OHKO moves are banned\n|rule|Evasion Items Clause: Evasion items are banned\n|rule|Evasion Moves Clause: Evasion moves are banned\n|rule|Endless Battle Clause: Forcing endless battles is banned\n|rule|HP Percentage Mod: HP is shown in percentages\n|clearpoke\n|poke|p1|Pelipper, F|\n|poke|p1|Barraskewda, F|\n|poke|p1|Great Tusk|\n|poke|p1|Zapdos|\n|poke|p1|Overqwil, F|\n|poke|p1|Maushold|\n|poke|p2|Clodsire, F|\n|poke|p2|Dragonite, M|\n|poke|p2|Hatterene, F|\n|poke|p2|Ogerpon-Wellspring, F|\n|poke|p2|Skeledirge, F|\n|poke|p2|Great Tusk|\n|teampreview\n|inactive|Battle timer is ON: inactive players will automatically lose when time's up. (requested by Rwbyred)\n|\n|t:|1700095781\n|start\n|switch|p1a: Quandale Wingull|Pelipper, F|100\/100\n|switch|p2a: Ogerpon|Ogerpon-Wellspring, F|100\/100\n|-weather|RainDance|[from] ability: Drizzle|[of] p1a: Quandale Wingull\n|turn|1\n|\n|t:|1700095795\n|move|p2a: Ogerpon|U-turn|p1a: Quandale Wingull\n|-resisted|p1a: Quandale Wingull\n|-damage|p1a: Quandale Wingull|91\/100\n|\n|t:|1700095799\n|switch|p2a: Clodsire|Clodsire, F|100\/100|[from] U-turn\n|move|p1a: Quandale Wingull|Hurricane|p2a: Clodsire\n|-damage|p2a: Clodsire|81\/100\n|\n|-weather|RainDance|[upkeep]\n|-heal|p2a: Clodsire|87\/100|[from] item: Leftovers\n|upkeep\n|turn|2\n|\n|t:|1700095810\n|move|p1a: Quandale Wingull|U-turn|p2a: Clodsire\n|-resisted|p2a: Clodsire\n|-damage|p2a: Clodsire|82\/100\n|\n|t:|1700095814\n|switch|p1a: Tusky Depot|Great Tusk|100\/100|[from] U-turn\n|-enditem|p1a: Tusky Depot|Booster Energy\n|-activate|p1a: Tusky Depot|ability: Protosynthesis|[fromitem]\n|-start|p1a: Tusky Depot|protosynthesisatk\n|move|p2a: Clodsire|Earthquake|p1a: Tusky Depot\n|-crit|p1a: Tusky Depot\n|-damage|p1a: Tusky Depot|73\/100\n|\n|-weather|RainDance|[upkeep]\n|-heal|p2a: Clodsire|88\/100|[from] item: Leftovers\n|upkeep\n|turn|3\n|\n|t:|1700095821\n|move|p2a: Clodsire|Protect|p2a: Clodsire\n|-singleturn|p2a: Clodsire|Protect\n|move|p1a: Tusky Depot|Rapid Spin|p2a: Clodsire\n|-activate|p2a: Clodsire|move: Protect\n|\n|-weather|RainDance|[upkeep]\n|-heal|p2a: Clodsire|95\/100|[from] item: Leftovers\n|upkeep\n|turn|4\n|\n|t:|1700095826\n|switch|p2a: Ogerpon|Ogerpon-Wellspring, F|100\/100\n|move|p1a: Tusky Depot|Headlong Rush|p2a: Ogerpon\n|-resisted|p2a: Ogerpon\n|-damage|p2a: Ogerpon|49\/100\n|-unboost|p1a: Tusky Depot|def|1\n|-unboost|p1a: Tusky Depot|spd|1\n|\n|-weather|RainDance|[upkeep]\n|upkeep\n|turn|5\n|\n|t:|1700095831\n|-end|p1a: Tusky Depot|Protosynthesis|[silent]\n|switch|p1a: Chirp Holmgren|Zapdos|100\/100\n|move|p2a: Ogerpon|Horn Leech|p1a: Chirp Holmgren\n|-resisted|p1a: Chirp Holmgren\n|-damage|p1a: Chirp Holmgren|73\/100\n|-heal|p2a: Ogerpon|64\/100|[from] drain|[of] p1a: Chirp Holmgren\n|\n|-weather|RainDance|[upkeep]\n|upkeep\n|turn|6\n|\n|t:|1700095840\n|move|p1a: Chirp Holmgren|Hurricane|p2a: Ogerpon\n|-supereffective|p2a: Ogerpon\n|-damage|p2a: Ogerpon|0 fnt\n|faint|p2a: Ogerpon\n|\n|-weather|RainDance|[upkeep]\n|upkeep\n|\n|t:|1700095848\n|switch|p2a: Hatterene|Hatterene, F|100\/100\n|turn|7\n|\n|t:|1700095852\n|switch|p1a: ShnaggyHose|Overqwil, F|100\/100\n|move|p2a: Hatterene|Calm Mind|p2a: Hatterene\n|-boost|p2a: Hatterene|spa|1\n|-boost|p2a: Hatterene|spd|1\n|\n|-weather|RainDance|[upkeep]\n|upkeep\n|turn|8\n|\n|t:|1700095858\n|move|p1a: ShnaggyHose|Gunk Shot|p2a: Hatterene\n|-supereffective|p2a: Hatterene\n|-damage|p2a: Hatterene|0 fnt\n|faint|p2a: Hatterene\n|\n|-weather|none\n|upkeep\n|\n|t:|1700095864\n|switch|p2a: Great Tusk|Great Tusk|100\/100\n|turn|9\n|\n|t:|1700095867\n|switch|p1a: Quandale Wingull|Pelipper, F|91\/100\n|-weather|RainDance|[from] ability: Drizzle|[of] p1a: Quandale Wingull\n|move|p2a: Great Tusk|Rapid Spin|p1a: Quandale Wingull\n|-damage|p1a: Quandale Wingull|77\/100\n|-boost|p2a: Great Tusk|spe|1\n|\n|-weather|RainDance|[upkeep]\n|upkeep\n|turn|10\n|\n|t:|1700095872\n|-end|p2a: Great Tusk|Protosynthesis|[silent]\n|switch|p2a: Clodsire|Clodsire, F|95\/100\n|move|p1a: Quandale Wingull|Hurricane|p2a: Clodsire\n|-damage|p2a: Clodsire|75\/100\n|\n|-weather|RainDance|[upkeep]\n|-heal|p2a: Clodsire|81\/100|[from] item: Leftovers\n|upkeep\n|turn|11\n|\n|t:|1700095877\n|move|p1a: Quandale Wingull|Hydro Pump|p2a: Clodsire\n|-heal|p2a: Clodsire|100\/100|[from] ability: Water Absorb|[of] p1a: Quandale Wingull\n|move|p2a: Clodsire|Toxic|p1a: Quandale Wingull\n|-status|p1a: Quandale Wingull|tox\n|\n|-weather|RainDance|[upkeep]\n|-damage|p1a: Quandale Wingull|71\/100 tox|[from] psn\n|upkeep\n|turn|12\n|\n|t:|1700095885\n|switch|p1a: Tusky Depot|Great Tusk|73\/100\n|move|p2a: Clodsire|Toxic|p1a: Tusky Depot\n|-status|p1a: Tusky Depot|tox\n|\n|-weather|RainDance|[upkeep]\n|-damage|p1a: Tusky Depot|67\/100 tox|[from] psn\n|upkeep\n|turn|13\n|\n|t:|1700095891\n|-end|p1a: Tusky Depot|Protosynthesis|[silent]\n|switch|p1a: Dragon Hold|Maushold|100\/100\n|move|p2a: Clodsire|Protect||[still]\n|-fail|p2a: Clodsire\n|\n|-weather|RainDance|[upkeep]\n|upkeep\n|turn|14\n|\n|t:|1700095896\n|move|p1a: Dragon Hold|Encore|p2a: Clodsire\n|-start|p2a: Clodsire|Encore\n|move|p2a: Clodsire|Protect||[still]\n|-fail|p2a: Clodsire\n|\n|-weather|RainDance|[upkeep]\n|upkeep\n|turn|15\n|\n|t:|1700095902\n|switch|p2a: Great Tusk|Great Tusk|100\/100\n|move|p1a: Dragon Hold|Tidy Up|p1a: Dragon Hold\n|-boost|p1a: Dragon Hold|atk|1\n|-boost|p1a: Dragon Hold|spe|1\n|\n|-weather|RainDance|[upkeep]\n|upkeep\n|turn|16\n|\n|t:|1700095907\n|-terastallize|p1a: Dragon Hold|Ghost\n|move|p1a: Dragon Hold|Tidy Up|p1a: Dragon Hold\n|-boost|p1a: Dragon Hold|atk|1\n|-boost|p1a: Dragon Hold|spe|1\n|move|p2a: Great Tusk|Close Combat|p1a: Dragon Hold\n|-immune|p1a: Dragon Hold\n|\n|-weather|none\n|upkeep\n|turn|17\n|\n|t:|1700095917\n|move|p1a: Dragon Hold|Population Bomb|p2a: Great Tusk\n|-damage|p2a: Great Tusk|84\/100\n|-damage|p2a: Great Tusk|69\/100\n|-damage|p2a: Great Tusk|53\/100\n|-damage|p2a: Great Tusk|36\/100\n|-damage|p2a: Great Tusk|20\/100\n|-damage|p2a: Great Tusk|5\/100\n|-damage|p2a: Great Tusk|0 fnt\n|faint|p2a: Great Tusk\n|-end|p2a: Great Tusk|Protosynthesis|[silent]\n|-hitcount|p2: Great Tusk|7\n|\n|upkeep\n|\n|t:|1700095922\n|switch|p2a: Skeledirge|Skeledirge, F|100\/100\n|turn|18\n|\n|t:|1700095929\n|move|p1a: Dragon Hold|Bite|p2a: Skeledirge\n|-supereffective|p2a: Skeledirge\n|-damage|p2a: Skeledirge|67\/100\n|cant|p2a: Skeledirge|flinch\n|\n|upkeep\n|turn|19\n|\n|t:|1700095934\n|move|p1a: Dragon Hold|Bite|p2a: Skeledirge\n|-supereffective|p2a: Skeledirge\n|-damage|p2a: Skeledirge|30\/100\n|move|p2a: Skeledirge|Slack Off|p2a: Skeledirge\n|-heal|p2a: Skeledirge|81\/100\n|\n|upkeep\n|turn|20\n|\n|t:|1700095938\n|move|p1a: Dragon Hold|Bite|p2a: Skeledirge\n|-supereffective|p2a: Skeledirge\n|-damage|p2a: Skeledirge|45\/100\n|cant|p2a: Skeledirge|flinch\n|\n|upkeep\n|turn|21\n|\n|t:|1700095942\n|move|p1a: Dragon Hold|Bite|p2a: Skeledirge\n|-supereffective|p2a: Skeledirge\n|-damage|p2a: Skeledirge|10\/100\n|move|p2a: Skeledirge|Slack Off|p2a: Skeledirge\n|-heal|p2a: Skeledirge|61\/100\n|\n|upkeep\n|turn|22\n|\n|t:|1700095948\n|move|p1a: Dragon Hold|Bite|p2a: Skeledirge\n|-supereffective|p2a: Skeledirge\n|-damage|p2a: Skeledirge|23\/100\n|move|p2a: Skeledirge|Slack Off|p2a: Skeledirge\n|-heal|p2a: Skeledirge|73\/100\n|\n|upkeep\n|turn|23\n|\n|t:|1700095953\n|move|p1a: Dragon Hold|Bite|p2a: Skeledirge\n|-supereffective|p2a: Skeledirge\n|-damage|p2a: Skeledirge|37\/100\n|cant|p2a: Skeledirge|flinch\n|\n|upkeep\n|turn|24\n|\n|t:|1700095957\n|move|p1a: Dragon Hold|Bite|p2a: Skeledirge\n|-supereffective|p2a: Skeledirge\n|-damage|p2a: Skeledirge|0 fnt\n|faint|p2a: Skeledirge\n|\n|upkeep\n|\n|t:|1700095961\n|switch|p2a: Clodsire|Clodsire, F|100\/100\n|turn|25\n|\n|t:|1700095963\n|move|p1a: Dragon Hold|Population Bomb|p2a: Clodsire\n|-damage|p2a: Clodsire|75\/100\n|-damage|p2a: Clodsire|52\/100\n|-damage|p2a: Clodsire|26\/100\n|-damage|p2a: Clodsire|2\/100\n|-damage|p2a: Clodsire|0 fnt\n|faint|p2a: Clodsire\n|-hitcount|p2: Clodsire|5\n|\n|upkeep\n|\n|t:|1700095968\n|switch|p2a: Dragonite|Dragonite, M|100\/100\n|turn|26\n|\n|t:|1700095972\n|move|p1a: Dragon Hold|Population Bomb|p2a: Dragonite\n|-damage|p2a: Dragonite|89\/100\n|-damage|p2a: Dragonite|66\/100\n|-damage|p2a: Dragonite|41\/100\n|-damage|p2a: Dragonite|19\/100\n|-damage|p2a: Dragonite|0 fnt\n|faint|p2a: Dragonite\n|-hitcount|p2: Dragonite|5\n|\n|win|2021MarkelleFultz\n|raw|2021MarkelleFultz's rating: 1436 &rarr; <strong>1451<\/strong><br \/>(+15 for winning)\n|raw|Rwbyred's rating: 1351 &rarr; <strong>1336<\/strong><br \/>(-15 for losing)\n|l|\u2606Rwbyred\n","uploadtime":1700096008,"views":7,"p1id":"2021markellefultz","p2id":"rwbyred","formatid":"gen9ou","rating":1336,"private":0,"password":""}