{"id":"gen9ou-1993355944","p1":"GARF DID","p2":"gigabees","format":"[Gen 9] OU","log":"|j|\u2606GARF DID\n|j|\u2606gigabees\n|t:|1700304935\n|gametype|singles\n|player|p1|GARF DID|tuber|1560\n|player|p2|gigabees|bugmaniac-gen3|1601\n|teamsize|p1|6\n|teamsize|p2|6\n|gen|9\n|tier|[Gen 9] OU\n|rated|\n|rule|Sleep Clause Mod: Limit one foe put to sleep\n|rule|Species Clause: Limit one of each Pok\u00e9mon\n|rule|OHKO Clause: OHKO moves are banned\n|rule|Evasion Items Clause: Evasion items are banned\n|rule|Evasion Moves Clause: Evasion moves are banned\n|rule|Endless Battle Clause: Forcing endless battles is banned\n|rule|HP Percentage Mod: HP is shown in percentages\n|clearpoke\n|poke|p1|Zamazenta-*|\n|poke|p1|Iron Moth|\n|poke|p1|Maushold-Four|\n|poke|p1|Walking Wake|\n|poke|p1|Dragonite, M|\n|poke|p1|Kingambit, F|\n|poke|p2|Rillaboom, F|\n|poke|p2|Slowking-Galar, F|\n|poke|p2|Great Tusk|\n|poke|p2|Kingambit, F|\n|poke|p2|Dragapult, F|\n|poke|p2|Moltres|\n|teampreview\n|\n|t:|1700304971\n|start\n|switch|p1a: Kingambit|Kingambit, F|100\/100\n|switch|p2a: Slowking|Slowking-Galar, F|100\/100\n|turn|1\n|inactive|Battle timer is ON: inactive players will automatically lose when time's up. (requested by GARF DID)\n|\n|t:|1700304996\n|-end|p1a: Kingambit|fallenundefined|[silent]\n|switch|p1a: Walking Wake|Walking Wake|100\/100\n|-enditem|p1a: Walking Wake|Booster Energy\n|-activate|p1a: Walking Wake|ability: Protosynthesis|[fromitem]\n|-start|p1a: Walking Wake|protosynthesisspa\n|switch|p2a: Moltres|Moltres|100\/100\n|\n|upkeep\n|turn|2\n|\n|t:|1700305009\n|switch|p2a: Slowking|Slowking-Galar, F|100\/100\n|move|p1a: Walking Wake|Dragon Pulse|p2a: Slowking\n|-damage|p2a: Slowking|66\/100\n|\n|upkeep\n|turn|3\n|\n|t:|1700305028\n|move|p1a: Walking Wake|Hydro Pump|p2a: Slowking\n|-damage|p2a: Slowking|18\/100\n|move|p2a: Slowking|Chilly Reception|p2a: Slowking\n|-weather|Snow\n|\n|t:|1700305033\n|switch|p2a: Dragapult|Dragapult, F|100\/100|[from] Chilly Reception\n|\n|-weather|Snow|[upkeep]\n|upkeep\n|turn|4\n|\n|t:|1700305039\n|-end|p1a: Walking Wake|Protosynthesis|[silent]\n|switch|p1a: Kingambit|Kingambit, F|100\/100\n|move|p2a: Dragapult|Draco Meteor|p1a: Kingambit\n|-resisted|p1a: Kingambit\n|-damage|p1a: Kingambit|54\/100\n|-unboost|p2a: Dragapult|spa|2\n|\n|-weather|Snow|[upkeep]\n|upkeep\n|turn|5\n|\n|t:|1700305051\n|switch|p2a: Moltres|Moltres|100\/100\n|-end|p1a: Kingambit|fallenundefined|[silent]\n|switch|p1a: Walking Wake|Walking Wake|100\/100\n|\n|-weather|Snow|[upkeep]\n|upkeep\n|turn|6\n|\n|t:|1700305065\n|switch|p2a: Rillaboom|Rillaboom, F|100\/100\n|-fieldstart|move: Grassy Terrain|[from] ability: Grassy Surge|[of] p2a: Rillaboom\n|move|p1a: Walking Wake|Hydro Pump|p2a: Rillaboom\n|-resisted|p2a: Rillaboom\n|-damage|p2a: Rillaboom|57\/100\n|\n|-weather|Snow|[upkeep]\n|-heal|p2a: Rillaboom|63\/100|[from] Grassy Terrain\n|upkeep\n|turn|7\n|\n|t:|1700305083\n|move|p1a: Walking Wake|Dragon Pulse|p2a: Rillaboom\n|-damage|p2a: Rillaboom|0 fnt\n|faint|p2a: Rillaboom\n|\n|-weather|none\n|upkeep\n|\n|t:|1700305090\n|switch|p2a: Slowking|Slowking-Galar, F|51\/100\n|turn|8\n|\n|t:|1700305099\n|move|p1a: Walking Wake|Dragon Pulse|p2a: Slowking\n|-damage|p2a: Slowking|21\/100\n|move|p2a: Slowking|Chilly Reception|p2a: Slowking\n|-weather|Snow\n|\n|t:|1700305104\n|switch|p2a: Dragapult|Dragapult, F|100\/100|[from] Chilly Reception\n|\n|-weather|Snow|[upkeep]\n|upkeep\n|turn|9\n|\n|t:|1700305109\n|-terastallize|p1a: Walking Wake|Fairy\n|move|p2a: Dragapult|Draco Meteor|p1a: Walking Wake\n|-immune|p1a: Walking Wake\n|move|p1a: Walking Wake|Dragon Pulse|p2a: Dragapult\n|-supereffective|p2a: Dragapult\n|-damage|p2a: Dragapult|0 fnt\n|faint|p2a: Dragapult\n|\n|-weather|Snow|[upkeep]\n|upkeep\n|\n|t:|1700305125\n|switch|p2a: Slowking|Slowking-Galar, F|54\/100\n|turn|10\n|\n|t:|1700305135\n|move|p1a: Walking Wake|Hydro Pump|p2a: Slowking\n|-damage|p2a: Slowking|19\/100\n|move|p2a: Slowking|Chilly Reception|p2a: Slowking\n|\n|t:|1700305146\n|switch|p2a: Kingambit|Kingambit, F|100\/100|[from] Chilly Reception\n|-activate|p2a: Kingambit|ability: Supreme Overlord\n|-start|p2a: Kingambit|fallen2|[silent]\n|\n|-weather|Snow|[upkeep]\n|-fieldend|move: Grassy Terrain\n|upkeep\n|turn|11\n|\n|t:|1700305159\n|-end|p1a: Walking Wake|Protosynthesis|[silent]\n|switch|p1a: Zamazenta|Zamazenta|100\/100\n|-ability|p1a: Zamazenta|Dauntless Shield|boost\n|-boost|p1a: Zamazenta|def|1\n|move|p2a: Kingambit|Iron Head|p1a: Zamazenta\n|-damage|p1a: Zamazenta|69\/100\n|\n|-weather|Snow|[upkeep]\n|-heal|p1a: Zamazenta|75\/100|[from] item: Leftovers\n|upkeep\n|turn|12\n|\n|t:|1700305166\n|switch|p1a: Walking Wake|Walking Wake, tera:Fairy|100\/100\n|-end|p2a: Kingambit|fallen2|[silent]\n|switch|p2a: Moltres|Moltres|100\/100\n|\n|-weather|none\n|upkeep\n|turn|13\n|\n|t:|1700305174\n|switch|p2a: Slowking|Slowking-Galar, F|52\/100\n|move|p1a: Walking Wake|Hydro Pump|p2a: Slowking\n|-damage|p2a: Slowking|14\/100\n|\n|upkeep\n|turn|14\n|\n|t:|1700305186\n|move|p1a: Walking Wake|Dragon Pulse|p2a: Slowking\n|-damage|p2a: Slowking|0 fnt\n|faint|p2a: Slowking\n|\n|upkeep\n|\n|t:|1700305192\n|switch|p2a: Kingambit|Kingambit, F|100\/100\n|-activate|p2a: Kingambit|ability: Supreme Overlord\n|-start|p2a: Kingambit|fallen3|[silent]\n|turn|15\n|\n|t:|1700305208\n|-end|p1a: Walking Wake|Protosynthesis|[silent]\n|switch|p1a: Zamazenta|Zamazenta|75\/100\n|move|p2a: Kingambit|Swords Dance|p2a: Kingambit\n|-boost|p2a: Kingambit|atk|2\n|\n|-heal|p1a: Zamazenta|81\/100|[from] item: Leftovers\n|upkeep\n|turn|16\n|inactive|gigabees has 120 seconds left.\n|\n|t:|1700305245\n|-terastallize|p2a: Kingambit|Flying\n|move|p1a: Zamazenta|Iron Defense|p1a: Zamazenta\n|-boost|p1a: Zamazenta|def|2\n|move|p2a: Kingambit|Iron Head|p1a: Zamazenta\n|-damage|p1a: Zamazenta|25\/100\n|\n|-heal|p1a: Zamazenta|31\/100|[from] item: Leftovers\n|upkeep\n|turn|17\n|inactive|gigabees has 120 seconds left.\n|\n|t:|1700305255\n|move|p1a: Zamazenta|Body Press|p2a: Kingambit\n|-resisted|p2a: Kingambit\n|-damage|p2a: Kingambit|78\/100\n|move|p2a: Kingambit|Iron Head|p1a: Zamazenta\n|-damage|p1a: Zamazenta|0 fnt\n|faint|p1a: Zamazenta\n|\n|upkeep\n|\n|t:|1700305267\n|switch|p1a: Maushold|Maushold-Four|100\/100\n|turn|18\n|inactive|gigabees has 120 seconds left.\n|\n|t:|1700305280\n|move|p2a: Kingambit|Sucker Punch||[still]\n|-fail|p2a: Kingambit\n|move|p1a: Maushold|Encore|p2a: Kingambit\n|-start|p2a: Kingambit|Encore\n|\n|upkeep\n|turn|19\n|\n|t:|1700305285\n|-end|p2a: Kingambit|fallen3|[silent]\n|switch|p2a: Moltres|Moltres|100\/100\n|move|p1a: Maushold|Tidy Up|p1a: Maushold\n|-boost|p1a: Maushold|atk|1\n|-boost|p1a: Maushold|spe|1\n|\n|upkeep\n|turn|20\n|\n|t:|1700305293\n|move|p1a: Maushold|Population Bomb|p2a: Moltres\n|-damage|p2a: Moltres|89\/100\n|-damage|p2a: Moltres|77\/100\n|-status|p1a: Maushold|brn|[from] ability: Flame Body|[of] p2a: Moltres\n|-damage|p2a: Moltres|71\/100\n|-damage|p2a: Moltres|66\/100\n|-damage|p2a: Moltres|60\/100\n|-damage|p2a: Moltres|55\/100\n|-damage|p2a: Moltres|50\/100\n|-damage|p2a: Moltres|44\/100\n|-crit|p2a: Moltres\n|-damage|p2a: Moltres|36\/100\n|-damage|p2a: Moltres|30\/100\n|-hitcount|p2a: Moltres|10\n|move|p2a: Moltres|Hurricane|p1a: Maushold\n|-damage|p1a: Maushold|36\/100 brn\n|-start|p1a: Maushold|confusion\n|\n|-damage|p1a: Maushold|30\/100 brn|[from] brn\n|upkeep\n|turn|21\n|\n|t:|1700305301\n|-activate|p1a: Maushold|confusion\n|-damage|p1a: Maushold|7\/100 brn|[from] confusion\n|move|p2a: Moltres|Roost|p2a: Moltres\n|-heal|p2a: Moltres|80\/100\n|-singleturn|p2a: Moltres|move: Roost\n|\n|-damage|p1a: Maushold|1\/100 brn|[from] brn\n|upkeep\n|turn|22\n|\n|t:|1700305311\n|-end|p1a: Maushold|confusion\n|move|p1a: Maushold|Encore|p2a: Moltres\n|-start|p2a: Moltres|Encore\n|move|p2a: Moltres|Roost|p2a: Moltres\n|-heal|p2a: Moltres|100\/100\n|-singleturn|p2a: Moltres|move: Roost\n|\n|-damage|p1a: Maushold|0 fnt|[from] brn\n|faint|p1a: Maushold\n|upkeep\n|\n|t:|1700305315\n|switch|p1a: Walking Wake|Walking Wake, tera:Fairy|100\/100\n|turn|23\n|\n|t:|1700305331\n|switch|p2a: Kingambit|Kingambit, F, tera:Flying|78\/100\n|-activate|p2a: Kingambit|ability: Supreme Overlord\n|-start|p2a: Kingambit|fallen3|[silent]\n|move|p1a: Walking Wake|Hydro Pump|p2a: Kingambit\n|-damage|p2a: Kingambit|18\/100\n|\n|upkeep\n|turn|24\n|\n|t:|1700305336\n|move|p1a: Walking Wake|Dragon Pulse|p2a: Kingambit\n|-damage|p2a: Kingambit|0 fnt\n|faint|p2a: Kingambit\n|-end|p2a: Kingambit|fallen3|[silent]\n|\n|upkeep\n|\n|t:|1700305346\n|switch|p2a: Moltres|Moltres|100\/100\n|turn|25\n|c|\u2606gigabees|gg\n|\n|t:|1700305349\n|move|p1a: Walking Wake|Hydro Pump|p2a: Moltres\n|-supereffective|p2a: Moltres\n|-damage|p2a: Moltres|0 fnt\n|faint|p2a: Moltres\n|\n|upkeep\n|\n|t:|1700305351\n|switch|p2a: Great Tusk|Great Tusk|100\/100\n|turn|26\n|c|\u2606GARF DID|gg\n|\n|t:|1700305353\n|move|p1a: Walking Wake|Hydro Pump|p2a: Great Tusk\n|-supereffective|p2a: Great Tusk\n|-damage|p2a: Great Tusk|0 fnt\n|faint|p2a: Great Tusk\n|-end|p2a: Great Tusk|Protosynthesis|[silent]\n|\n|win|GARF DID\n|raw|GARF DID's rating: 1560 &rarr; <strong>1581<\/strong><br \/>(+21 for winning)\n|raw|gigabees's rating: 1573 &rarr; <strong>1552<\/strong><br \/>(-21 for losing)\n","uploadtime":1700305356,"views":15,"p1id":"garfdid","p2id":"gigabees","formatid":"gen9ou","rating":1552,"private":0,"password":""}