{"id":"gen9ou-1989099018","p1":"dia-sre","p2":"wooloo supremacy","format":"[Gen 9] OU","log":"|j|\u2606dia-sre\n|j|\u2606wooloo supremacy\n|t:|1699812035\n|gametype|singles\n|player|p1|dia-sre|170|1658\n|player|p2|wooloo supremacy|adaman|1561\n|teamsize|p1|6\n|teamsize|p2|6\n|gen|9\n|tier|[Gen 9] OU\n|rated|\n|rule|Sleep Clause Mod: Limit one foe put to sleep\n|rule|Species Clause: Limit one of each Pok\u00e9mon\n|rule|OHKO Clause: OHKO moves are banned\n|rule|Evasion Items Clause: Evasion items are banned\n|rule|Evasion Moves Clause: Evasion moves are banned\n|rule|Endless Battle Clause: Forcing endless battles is banned\n|rule|HP Percentage Mod: HP is shown in percentages\n|clearpoke\n|poke|p1|Hoopa-Unbound|\n|poke|p1|Garchomp, F|\n|poke|p1|Gholdengo|\n|poke|p1|Goodra-Hisui, M|\n|poke|p1|Muk-Alola, M|\n|poke|p1|Weezing-Galar, M|\n|poke|p2|Great Tusk|\n|poke|p2|Hatterene, F|\n|poke|p2|Dondozo, F|\n|poke|p2|Mandibuzz, F|\n|poke|p2|Heatran, M|\n|poke|p2|Dragapult, M|\n|teampreview\n|inactive|Battle timer is ON: inactive players will automatically lose when time's up. (requested by wooloo supremacy)\n|inactive|dia-sre also wants the timer to be on.\n|\n|t:|1699812050\n|start\n|switch|p1a: Hoopa|Hoopa-Unbound|100\/100\n|switch|p2a: Great Tusk|Great Tusk|100\/100\n|turn|1\n|j| FatherSuperior7\n|\n|t:|1699812056\n|-end|p2a: Great Tusk|Protosynthesis|[silent]\n|switch|p2a: Mandibuzz|Mandibuzz, F|100\/100\n|switch|p1a: Weezing|Weezing-Galar, M|100\/100\n|\n|upkeep\n|turn|2\n|\n|t:|1699812060\n|switch|p2a: Heatran|Heatran, M|100\/100\n|move|p1a: Weezing|Will-O-Wisp|p2a: Heatran\n|-immune|p2a: Heatran\n|\n|upkeep\n|turn|3\n|\n|t:|1699812064\n|switch|p1a: Goodra|Goodra-Hisui, M|100\/100\n|move|p2a: Heatran|Magma Storm|p1a: Goodra\n|-damage|p1a: Goodra|84\/100\n|-activate|p1a: Goodra|move: Magma Storm|[of] p2a: Heatran\n|\n|-damage|p1a: Goodra|72\/100|[from] move: Magma Storm|[partiallytrapped]\n|upkeep\n|turn|4\n|\n|t:|1699812068\n|move|p2a: Heatran|Protect|p2a: Heatran\n|-singleturn|p2a: Heatran|Protect\n|move|p1a: Goodra|Earthquake|p2a: Heatran\n|-activate|p2a: Heatran|move: Protect\n|\n|-damage|p1a: Goodra|60\/100|[from] move: Magma Storm|[partiallytrapped]\n|upkeep\n|turn|5\n|\n|t:|1699812070\n|switch|p2a: Mandibuzz|Mandibuzz, F|100\/100\n|move|p1a: Goodra|Knock Off|p2a: Mandibuzz\n|-resisted|p2a: Mandibuzz\n|-damage|p2a: Mandibuzz|93\/100\n|-enditem|p2a: Mandibuzz|Heavy-Duty Boots|[from] move: Knock Off|[of] p1a: Goodra\n|\n|-end|p1a: Goodra|Magma Storm|[partiallytrapped]|[silent]\n|upkeep\n|turn|6\n|\n|t:|1699812075\n|switch|p2a: Heatran|Heatran, M|100\/100\n|move|p1a: Goodra|Heavy Slam|p2a: Heatran\n|-resisted|p2a: Heatran\n|-damage|p2a: Heatran|97\/100\n|-status|p1a: Goodra|brn|[from] ability: Flame Body|[of] p2a: Heatran\n|\n|-heal|p2a: Heatran|100\/100|[from] item: Leftovers\n|-damage|p1a: Goodra|54\/100 brn|[from] brn\n|upkeep\n|turn|7\n|\n|t:|1699812080\n|switch|p2a: Mandibuzz|Mandibuzz, F|93\/100\n|move|p1a: Goodra|Earthquake|p2a: Mandibuzz\n|-immune|p2a: Mandibuzz\n|\n|-damage|p1a: Goodra|48\/100 brn|[from] brn\n|upkeep\n|turn|8\n|\n|t:|1699812083\n|switch|p1a: Garchomp|Garchomp, F|100\/100\n|move|p2a: Mandibuzz|U-turn|p1a: Garchomp\n|-damage|p1a: Garchomp|94\/100\n|-damage|p2a: Mandibuzz|81\/100|[from] ability: Rough Skin|[of] p1a: Garchomp\n|-damage|p2a: Mandibuzz|64\/100|[from] item: Rocky Helmet|[of] p1a: Garchomp\n|\n|t:|1699812087\n|switch|p2a: Hatterene|Hatterene, F|100\/100|[from] U-turn\n|\n|upkeep\n|turn|9\n|\n|t:|1699812089\n|switch|p1a: Muk|Muk-Alola, M|100\/100\n|move|p2a: Hatterene|Nuzzle|p1a: Muk\n|-damage|p1a: Muk|96\/100\n|-status|p1a: Muk|par\n|\n|upkeep\n|turn|10\n|\n|t:|1699812102\n|switch|p2a: Mandibuzz|Mandibuzz, F|64\/100\n|move|p1a: Muk|Knock Off|p2a: Mandibuzz\n|-resisted|p2a: Mandibuzz\n|-damage|p2a: Mandibuzz|56\/100\n|\n|upkeep\n|turn|11\n|\n|t:|1699812106\n|move|p2a: Mandibuzz|Roost|p2a: Mandibuzz\n|-heal|p2a: Mandibuzz|100\/100\n|-singleturn|p2a: Mandibuzz|move: Roost\n|move|p1a: Muk|Poison Jab|p2a: Mandibuzz\n|-damage|p2a: Mandibuzz|79\/100\n|-status|p2a: Mandibuzz|psn\n|\n|-damage|p2a: Mandibuzz|67\/100 psn|[from] psn\n|upkeep\n|turn|12\n|\n|t:|1699812113\n|move|p2a: Mandibuzz|Roost|p2a: Mandibuzz\n|-heal|p2a: Mandibuzz|100\/100 psn\n|-singleturn|p2a: Mandibuzz|move: Roost\n|move|p1a: Muk|Knock Off|p2a: Mandibuzz\n|-resisted|p2a: Mandibuzz\n|-damage|p2a: Mandibuzz|93\/100 psn\n|\n|-damage|p2a: Mandibuzz|80\/100 psn|[from] psn\n|upkeep\n|turn|13\n|\n|t:|1699812115\n|move|p2a: Mandibuzz|U-turn|p1a: Muk\n|-damage|p1a: Muk|82\/100 par\n|\n|t:|1699812123\n|switch|p2a: Dondozo|Dondozo, F|100\/100|[from] U-turn\n|cant|p1a: Muk|par\n|\n|upkeep\n|turn|14\n|\n|t:|1699812127\n|move|p2a: Dondozo|Liquidation|p1a: Muk\n|-damage|p1a: Muk|45\/100 par\n|-unboost|p1a: Muk|def|1\n|move|p1a: Muk|Knock Off|p2a: Dondozo\n|-damage|p2a: Dondozo|75\/100\n|-enditem|p2a: Dondozo|Leftovers|[from] move: Knock Off|[of] p1a: Muk\n|\n|upkeep\n|turn|15\n|\n|t:|1699812138\n|switch|p2a: Great Tusk|Great Tusk|100\/100\n|switch|p1a: Gholdengo|Gholdengo|100\/100\n|\n|upkeep\n|turn|16\n|\n|t:|1699812147\n|switch|p1a: Weezing|Weezing-Galar, M|100\/100\n|-end|p2a: Great Tusk|Protosynthesis|[silent]\n|switch|p2a: Heatran|Heatran, M|100\/100\n|\n|upkeep\n|turn|17\n|\n|t:|1699812157\n|switch|p1a: Goodra|Goodra-Hisui, M|48\/100 brn\n|move|p2a: Heatran|Magma Storm|p1a: Goodra|[miss]\n|-miss|p2a: Heatran|p1a: Goodra\n|\n|-damage|p1a: Goodra|42\/100 brn|[from] brn\n|upkeep\n|turn|18\n|\n|t:|1699812161\n|move|p2a: Heatran|Protect|p2a: Heatran\n|-singleturn|p2a: Heatran|Protect\n|move|p1a: Goodra|Earthquake|p2a: Heatran\n|-activate|p2a: Heatran|move: Protect\n|\n|-damage|p1a: Goodra|36\/100 brn|[from] brn\n|upkeep\n|turn|19\n|\n|t:|1699812163\n|switch|p2a: Mandibuzz|Mandibuzz, F|80\/100 psn\n|move|p1a: Goodra|Earthquake|p2a: Mandibuzz\n|-immune|p2a: Mandibuzz\n|\n|-damage|p2a: Mandibuzz|68\/100 psn|[from] psn\n|-damage|p1a: Goodra|30\/100 brn|[from] brn\n|upkeep\n|turn|20\n|\n|t:|1699812166\n|move|p2a: Mandibuzz|Roost|p2a: Mandibuzz\n|-heal|p2a: Mandibuzz|100\/100 psn\n|-singleturn|p2a: Mandibuzz|move: Roost\n|move|p1a: Goodra|Heavy Slam|p2a: Mandibuzz\n|-damage|p2a: Mandibuzz|85\/100 psn\n|\n|-damage|p2a: Mandibuzz|73\/100 psn|[from] psn\n|-damage|p1a: Goodra|24\/100 brn|[from] brn\n|upkeep\n|turn|21\n|\n|t:|1699812177\n|switch|p2a: Dragapult|Dragapult, M|100\/100\n|switch|p1a: Garchomp|Garchomp, F|94\/100\n|\n|upkeep\n|turn|22\n|\n|t:|1699812190\n|switch|p2a: Hatterene|Hatterene, F|100\/100\n|move|p1a: Garchomp|Spikes|p2a: Hatterene\n|move|p2a: Hatterene|Spikes|p1a: Garchomp|[from]ability: Magic Bounce\n|-sidestart|p1: dia-sre|Spikes\n|\n|upkeep\n|turn|23\n|\n|t:|1699812197\n|switch|p1a: Goodra|Goodra-Hisui, M|24\/100 brn\n|-damage|p1a: Goodra|12\/100 brn|[from] Spikes\n|move|p2a: Hatterene|Nuzzle|p1a: Goodra\n|-resisted|p1a: Goodra\n|-damage|p1a: Goodra|10\/100 brn\n|\n|-damage|p1a: Goodra|4\/100 brn|[from] brn\n|upkeep\n|turn|24\n|\n|t:|1699812206\n|switch|p2a: Mandibuzz|Mandibuzz, F|73\/100 psn\n|move|p1a: Goodra|Knock Off|p2a: Mandibuzz\n|-resisted|p2a: Mandibuzz\n|-damage|p2a: Mandibuzz|70\/100 psn\n|\n|-damage|p2a: Mandibuzz|58\/100 psn|[from] psn\n|-damage|p1a: Goodra|0 fnt|[from] brn\n|faint|p1a: Goodra\n|upkeep\n|\n|t:|1699812209\n|switch|p1a: Hoopa|Hoopa-Unbound|100\/100\n|-damage|p1a: Hoopa|88\/100|[from] Spikes\n|turn|25\n|\n|t:|1699812214\n|switch|p2a: Great Tusk|Great Tusk|100\/100\n|move|p1a: Hoopa|Hyperspace Fury|p2a: Great Tusk\n|-resisted|p2a: Great Tusk\n|-damage|p2a: Great Tusk|66\/100\n|-unboost|p1a: Hoopa|def|1\n|\n|upkeep\n|turn|26\n|\n|t:|1699812218\n|switch|p1a: Weezing|Weezing-Galar, M|100\/100\n|move|p2a: Great Tusk|Knock Off|p1a: Weezing\n|-resisted|p1a: Weezing\n|-damage|p1a: Weezing|84\/100\n|-enditem|p1a: Weezing|Custap Berry|[from] move: Knock Off|[of] p2a: Great Tusk\n|\n|upkeep\n|turn|27\n|\n|t:|1699812224\n|move|p2a: Great Tusk|Knock Off|p1a: Weezing\n|-resisted|p1a: Weezing\n|-crit|p1a: Weezing\n|-damage|p1a: Weezing|67\/100\n|move|p1a: Weezing|Defog|p2a: Great Tusk\n|-unboost|p2a: Great Tusk|evasion|1\n|-sideend|p1: dia-sre|Spikes|[from] move: Defog|[of] p1a: Weezing\n|\n|upkeep\n|turn|28\n|\n|t:|1699812229\n|switch|p1a: Hoopa|Hoopa-Unbound|88\/100\n|move|p2a: Great Tusk|Knock Off|p1a: Hoopa\n|-damage|p1a: Hoopa|1\/100\n|-enditem|p1a: Hoopa|Choice Band|[from] move: Knock Off|[of] p2a: Great Tusk\n|\n|upkeep\n|turn|29\n|-message|dia-sre forfeited.\n|\n|win|wooloo supremacy\n|raw|dia-sre's rating: 1658 &rarr; <strong>1633<\/strong><br \/>(-25 for losing)\n|raw|wooloo supremacy's rating: 1561 &rarr; <strong>1586<\/strong><br \/>(+25 for winning)\n|l|\u2606dia-sre\n","uploadtime":1699812240,"views":16,"p1id":"diasre","p2id":"wooloosupremacy","formatid":"gen9ou","rating":1586,"private":0,"password":""}