{"id":"gen9ou-1993050884","p1":"Clemsoldaat","p2":"Vale_Arlert_24","format":"[Gen 9] OU","log":"|j|\u2606Clemsoldaat\n|j|\u2606Vale_Arlert_24\n|t:|1700259313\n|gametype|singles\n|player|p1|Clemsoldaat|1|1036\n|player|p2|Vale_Arlert_24|emmet|1019\n|teamsize|p1|6\n|teamsize|p2|6\n|gen|9\n|tier|[Gen 9] OU\n|rated|\n|rule|Sleep Clause Mod: Limit one foe put to sleep\n|rule|Species Clause: Limit one of each Pok\u00e9mon\n|rule|OHKO Clause: OHKO moves are banned\n|rule|Evasion Items Clause: Evasion items are banned\n|rule|Evasion Moves Clause: Evasion moves are banned\n|rule|Endless Battle Clause: Forcing endless battles is banned\n|rule|HP Percentage Mod: HP is shown in percentages\n|clearpoke\n|poke|p1|Gholdengo|\n|poke|p1|Garchomp, M|\n|poke|p1|Hatterene, F|\n|poke|p1|Iron Moth|\n|poke|p1|Kingambit, F|\n|poke|p1|Glimmora, F|\n|poke|p2|Cinderace, M|\n|poke|p2|Talonflame, M|\n|poke|p2|Garchomp, M|\n|poke|p2|Lucario, F|\n|poke|p2|Inteleon, M|\n|poke|p2|Decidueye, F|\n|teampreview\n|inactive|Battle timer is ON: inactive players will automatically lose when time's up. (requested by Clemsoldaat)\n|\n|t:|1700259320\n|start\n|switch|p1a: Glimmora|Glimmora, F|100\/100\n|switch|p2a: Lucario|Lucario, F|100\/100\n|turn|1\n|\n|t:|1700259327\n|move|p2a: Lucario|Aura Sphere|p1a: Glimmora\n|-damage|p1a: Glimmora|58\/100\n|move|p1a: Glimmora|Stealth Rock|p2a: Lucario\n|-sidestart|p2: Vale_Arlert_24|move: Stealth Rock\n|\n|-heal|p1a: Glimmora|64\/100|[from] item: Leftovers\n|upkeep\n|turn|2\n|\n|t:|1700259337\n|move|p2a: Lucario|Aura Sphere|p1a: Glimmora\n|-damage|p1a: Glimmora|24\/100\n|move|p1a: Glimmora|Spikes|p2a: Lucario\n|-sidestart|p2: Vale_Arlert_24|Spikes\n|\n|-heal|p1a: Glimmora|30\/100|[from] item: Leftovers\n|upkeep\n|turn|3\n|\n|t:|1700259345\n|move|p1a: Glimmora|Spiky Shield|p1a: Glimmora\n|-singleturn|p1a: Glimmora|move: Protect\n|move|p2a: Lucario|Aura Sphere|p1a: Glimmora\n|-activate|p1a: Glimmora|move: Protect\n|\n|-heal|p1a: Glimmora|36\/100|[from] item: Leftovers\n|upkeep\n|turn|4\n|\n|t:|1700259354\n|move|p2a: Lucario|Aura Sphere|p1a: Glimmora\n|-damage|p1a: Glimmora|0 fnt\n|faint|p1a: Glimmora\n|\n|upkeep\n|\n|t:|1700259367\n|switch|p1a: Iron Moth|Iron Moth|100\/100\n|-enditem|p1a: Iron Moth|Booster Energy\n|-activate|p1a: Iron Moth|ability: Quark Drive|[fromitem]\n|-start|p1a: Iron Moth|quarkdrivespa\n|turn|5\n|\n|t:|1700259375\n|move|p2a: Lucario|Dragon Pulse|p1a: Iron Moth\n|-damage|p1a: Iron Moth|74\/100\n|move|p1a: Iron Moth|Whirlwind|p2a: Lucario\n|drag|p2a: Decidueye|Decidueye, F|100\/100\n|-damage|p2a: Decidueye|88\/100|[from] Stealth Rock\n|-damage|p2a: Decidueye|76\/100|[from] Spikes\n|\n|upkeep\n|turn|6\n|\n|t:|1700259388\n|move|p1a: Iron Moth|Toxic Spikes|p2a: Decidueye\n|-sidestart|p2: Vale_Arlert_24|move: Toxic Spikes\n|move|p2a: Decidueye|Shadow Ball|p1a: Iron Moth\n|-damage|p1a: Iron Moth|51\/100\n|\n|upkeep\n|turn|7\n|\n|t:|1700259397\n|move|p1a: Iron Moth|Fiery Dance|p2a: Decidueye\n|-supereffective|p2a: Decidueye\n|-damage|p2a: Decidueye|0 fnt\n|faint|p2a: Decidueye\n|\n|upkeep\n|\n|t:|1700259402\n|switch|p2a: Garchomp|Garchomp, M|100\/100\n|-damage|p2a: Garchomp|94\/100|[from] Stealth Rock\n|-damage|p2a: Garchomp|82\/100|[from] Spikes\n|-status|p2a: Garchomp|psn\n|turn|8\n|\n|t:|1700259409\n|move|p2a: Garchomp|Earthquake|p1a: Iron Moth\n|-supereffective|p1a: Iron Moth\n|-damage|p1a: Iron Moth|0 fnt\n|faint|p1a: Iron Moth\n|-end|p1a: Iron Moth|Quark Drive|[silent]\n|-damage|p2a: Garchomp|72\/100 psn|[from] item: Life Orb\n|\n|-damage|p2a: Garchomp|60\/100 psn|[from] psn\n|upkeep\n|\n|t:|1700259417\n|switch|p1a: Garchomp|Garchomp, M|100\/100\n|turn|9\n|\n|t:|1700259421\n|move|p2a: Garchomp|Draco Meteor|p1a: Garchomp\n|-supereffective|p1a: Garchomp\n|-damage|p1a: Garchomp|20\/100\n|-unboost|p2a: Garchomp|spa|2\n|-damage|p2a: Garchomp|50\/100 psn|[from] item: Life Orb\n|move|p1a: Garchomp|Dragon Tail|p2a: Garchomp\n|-supereffective|p2a: Garchomp\n|-damage|p2a: Garchomp|0 fnt\n|-damage|p1a: Garchomp|7\/100|[from] ability: Rough Skin|[of] p2a: Garchomp\n|faint|p2a: Garchomp\n|\n|-heal|p1a: Garchomp|13\/100|[from] item: Leftovers\n|upkeep\n|\n|t:|1700259436\n|switch|p2a: Inteleon|Inteleon, M|100\/100\n|-damage|p2a: Inteleon|88\/100|[from] Stealth Rock\n|-damage|p2a: Inteleon|76\/100|[from] Spikes\n|-status|p2a: Inteleon|psn\n|turn|10\n|\n|t:|1700259443\n|move|p2a: Inteleon|Blizzard|p1a: Garchomp\n|-supereffective|p1a: Garchomp\n|-damage|p1a: Garchomp|0 fnt\n|faint|p1a: Garchomp\n|-damage|p2a: Inteleon|66\/100 psn|[from] item: Life Orb\n|\n|-damage|p2a: Inteleon|53\/100 psn|[from] psn\n|upkeep\n|\n|t:|1700259460\n|switch|p1a: Gholdengo|Gholdengo|100\/100\n|turn|11\n|\n|t:|1700259466\n|move|p2a: Inteleon|Mud Shot|p1a: Gholdengo\n|-supereffective|p1a: Gholdengo\n|-damage|p1a: Gholdengo|43\/100\n|-unboost|p1a: Gholdengo|spe|1\n|-damage|p2a: Inteleon|43\/100 psn|[from] item: Life Orb\n|move|p1a: Gholdengo|Thunder Wave||[still]\n|-fail|p1a: Gholdengo\n|\n|-heal|p1a: Gholdengo|49\/100|[from] item: Leftovers\n|-damage|p2a: Inteleon|31\/100 psn|[from] psn\n|upkeep\n|turn|12\n|\n|t:|1700259478\n|move|p2a: Inteleon|Mud Shot|p1a: Gholdengo\n|-supereffective|p1a: Gholdengo\n|-crit|p1a: Gholdengo\n|-damage|p1a: Gholdengo|0 fnt\n|faint|p1a: Gholdengo\n|-damage|p2a: Inteleon|21\/100 psn|[from] item: Life Orb\n|\n|-damage|p2a: Inteleon|8\/100 psn|[from] psn\n|upkeep\n|\n|t:|1700259488\n|switch|p1a: Hatterene|Hatterene, F|100\/100\n|turn|13\n|\n|t:|1700259495\n|move|p2a: Inteleon|Blizzard|p1a: Hatterene\n|-damage|p1a: Hatterene|44\/100\n|-damage|p2a: Inteleon|0 fnt|[from] item: Life Orb\n|faint|p2a: Inteleon\n|move|p1a: Hatterene|Agility|p1a: Hatterene\n|-boost|p1a: Hatterene|spe|2\n|\n|-heal|p1a: Hatterene|51\/100|[from] item: Leftovers\n|upkeep\n|\n|t:|1700259505\n|switch|p2a: Talonflame|Talonflame, M|100\/100\n|-damage|p2a: Talonflame|51\/100|[from] Stealth Rock\n|turn|14\n|\n|t:|1700259514\n|move|p2a: Talonflame|Dual Wingbeat|p1a: Hatterene\n|-damage|p1a: Hatterene|30\/100\n|-damage|p1a: Hatterene|10\/100\n|-hitcount|p1a: Hatterene|2\n|-damage|p2a: Talonflame|41\/100|[from] item: Life Orb\n|move|p1a: Hatterene|Draining Kiss|p2a: Talonflame\n|-resisted|p2a: Talonflame\n|-damage|p2a: Talonflame|22\/100\n|-heal|p1a: Hatterene|24\/100|[from] drain|[of] p2a: Talonflame\n|\n|-heal|p1a: Hatterene|30\/100|[from] item: Leftovers\n|upkeep\n|turn|15\n|\n|t:|1700259529\n|move|p2a: Talonflame|Dual Wingbeat|p1a: Hatterene|[miss]\n|-miss|p2a: Talonflame|p1a: Hatterene\n|move|p1a: Hatterene|Psyshock|p2a: Talonflame\n|-damage|p2a: Talonflame|0 fnt\n|faint|p2a: Talonflame\n|\n|-heal|p1a: Hatterene|37\/100|[from] item: Leftovers\n|upkeep\n|\n|t:|1700259539\n|switch|p2a: Cinderace|Cinderace, M|100\/100\n|-damage|p2a: Cinderace|76\/100|[from] Stealth Rock\n|-damage|p2a: Cinderace|63\/100|[from] Spikes\n|-status|p2a: Cinderace|psn\n|turn|16\n|\n|t:|1700259545\n|move|p2a: Cinderace|Pyro Ball|p1a: Hatterene\n|-damage|p1a: Hatterene|0 fnt\n|faint|p1a: Hatterene\n|\n|-damage|p2a: Cinderace|51\/100 psn|[from] psn\n|upkeep\n|\n|t:|1700259556\n|switch|p1a: Kingambit|Kingambit, F|100\/100\n|turn|17\n|\n|t:|1700259561\n|move|p2a: Cinderace|Pyro Ball|p1a: Kingambit\n|-supereffective|p1a: Kingambit\n|-damage|p1a: Kingambit|22\/100\n|-status|p1a: Kingambit|brn\n|move|p1a: Kingambit|Substitute|p1a: Kingambit\n|-fail|p1a: Kingambit|move: Substitute|[weak]\n|\n|-heal|p1a: Kingambit|28\/100 brn|[from] item: Leftovers\n|-damage|p2a: Cinderace|39\/100 psn|[from] psn\n|-damage|p1a: Kingambit|22\/100 brn|[from] brn\n|upkeep\n|turn|18\n|\n|t:|1700259573\n|move|p2a: Cinderace|Pyro Ball|p1a: Kingambit\n|-supereffective|p1a: Kingambit\n|-damage|p1a: Kingambit|0 fnt\n|faint|p1a: Kingambit\n|\n|win|Vale_Arlert_24\n|raw|Clemsoldaat's rating: 1036 &rarr; <strong>1020<\/strong><br \/>(-16 for losing)\n|raw|Vale_Arlert_24's rating: 1019 &rarr; <strong>1058<\/strong><br \/>(+39 for winning)\n","uploadtime":1700259583,"views":12,"p1id":"clemsoldaat","p2id":"valearlert24","formatid":"gen9ou","rating":1020,"private":0,"password":""}