{"id":"gen9ou-1994311307","p1":"BOX CRUSHER","p2":"Tripledeluxer","format":"[Gen 9] OU","log":"|j|\u2606BOX CRUSHER\n|j|\u2606Tripledeluxer\n|t:|1700429796\n|gametype|singles\n|player|p1|BOX CRUSHER|ruinmaniac|1374\n|player|p2|Tripledeluxer|riley|1270\n|teamsize|p1|6\n|teamsize|p2|6\n|gen|9\n|tier|[Gen 9] OU\n|rated|\n|rule|Sleep Clause Mod: Limit one foe put to sleep\n|rule|Species Clause: Limit one of each Pok\u00e9mon\n|rule|OHKO Clause: OHKO moves are banned\n|rule|Evasion Items Clause: Evasion items are banned\n|rule|Evasion Moves Clause: Evasion moves are banned\n|rule|Endless Battle Clause: Forcing endless battles is banned\n|rule|HP Percentage Mod: HP is shown in percentages\n|clearpoke\n|poke|p1|Bronzong|\n|poke|p1|Clefable, F|\n|poke|p1|Weezing-Galar, M|\n|poke|p1|Gholdengo|\n|poke|p1|Tatsugiri, M|\n|poke|p1|Ting-Lu|\n|poke|p2|Cinderace, M|\n|poke|p2|Veluza, F|\n|poke|p2|Sinistcha|\n|poke|p2|Enamorus, F|\n|poke|p2|Kingambit, M|\n|poke|p2|Cyclizar, F|\n|teampreview\n|\n|t:|1700429812\n|start\n|switch|p1a: Bronzong|Bronzong|100\/100\n|switch|p2a: Veluza|Veluza, F|100\/100\n|turn|1\n|inactive|Battle timer is ON: inactive players will automatically lose when time's up. (requested by BOX CRUSHER)\n|\n|t:|1700429820\n|move|p2a: Veluza|Night Slash|p1a: Bronzong\n|-supereffective|p1a: Bronzong\n|-damage|p1a: Bronzong|48\/100\n|move|p1a: Bronzong|Stealth Rock|p2a: Veluza\n|-sidestart|p2: Tripledeluxer|move: Stealth Rock\n|\n|-heal|p1a: Bronzong|55\/100|[from] item: Leftovers\n|upkeep\n|turn|2\n|\n|t:|1700429833\n|switch|p2a: Cyclizar|Cyclizar, F|100\/100\n|-damage|p2a: Cyclizar|88\/100|[from] Stealth Rock\n|switch|p1a: Weezing|Weezing-Galar, M|100\/100\n|\n|upkeep\n|turn|3\n|\n|t:|1700429840\n|move|p1a: Weezing|Protect|p1a: Weezing\n|-singleturn|p1a: Weezing|Protect\n|move|p2a: Cyclizar|Knock Off|p1a: Weezing\n|-activate|p1a: Weezing|move: Protect\n|\n|upkeep\n|turn|4\n|\n|t:|1700429857\n|switch|p1a: Ting-Lu|Ting-Lu|100\/100\n|-ability|p1a: Ting-Lu|Vessel of Ruin\n|move|p2a: Cyclizar|Knock Off|p1a: Ting-Lu\n|-resisted|p1a: Ting-Lu\n|-damage|p1a: Ting-Lu|93\/100\n|-enditem|p1a: Ting-Lu|Leftovers|[from] move: Knock Off|[of] p2a: Cyclizar\n|\n|upkeep\n|turn|5\n|\n|t:|1700429866\n|move|p2a: Cyclizar|Draco Meteor|p1a: Ting-Lu\n|-damage|p1a: Ting-Lu|71\/100\n|-unboost|p2a: Cyclizar|spa|2\n|move|p1a: Ting-Lu|Heavy Slam|p2a: Cyclizar\n|-damage|p2a: Cyclizar|4\/100\n|\n|upkeep\n|turn|6\n|\n|t:|1700429875\n|move|p2a: Cyclizar|U-turn|p1a: Ting-Lu\n|-supereffective|p1a: Ting-Lu\n|-crit|p1a: Ting-Lu\n|-damage|p1a: Ting-Lu|40\/100\n|\n|t:|1700429878\n|switch|p2a: Sinistcha|Sinistcha|100\/100|[from] U-turn\n|-damage|p2a: Sinistcha|88\/100|[from] Stealth Rock\n|move|p1a: Ting-Lu|Spikes|p2a: Sinistcha\n|-sidestart|p2: Tripledeluxer|Spikes\n|\n|upkeep\n|turn|7\n|inactive|BOX CRUSHER has 120 seconds left.\n|\n|t:|1700429914\n|switch|p1a: Clefable|Clefable, F|100\/100\n|move|p2a: Sinistcha|Calm Mind|p2a: Sinistcha\n|-boost|p2a: Sinistcha|spa|1\n|-boost|p2a: Sinistcha|spd|1\n|\n|upkeep\n|turn|8\n|\n|t:|1700429918\n|move|p2a: Sinistcha|Matcha Gotcha|p1a: Clefable\n|-crit|p1a: Clefable\n|-damage|p1a: Clefable|57\/100\n|-heal|p2a: Sinistcha|100\/100|[from] drain|[of] p1a: Clefable\n|move|p1a: Clefable|Encore|p2a: Sinistcha\n|-start|p2a: Sinistcha|Encore\n|\n|upkeep\n|turn|9\n|inactive|BOX CRUSHER has 120 seconds left.\n|\n|t:|1700429933\n|switch|p1a: Gholdengo|Gholdengo|100\/100\n|move|p2a: Sinistcha|Matcha Gotcha|p1a: Gholdengo\n|-resisted|p1a: Gholdengo\n|-damage|p1a: Gholdengo|74\/100\n|\n|upkeep\n|turn|10\n|\n|t:|1700429938\n|-terastallize|p2a: Sinistcha|Steel\n|move|p1a: Gholdengo|Shadow Ball|p2a: Sinistcha\n|-damage|p2a: Sinistcha|76\/100\n|move|p2a: Sinistcha|Matcha Gotcha|p1a: Gholdengo\n|-resisted|p1a: Gholdengo\n|-damage|p1a: Gholdengo|46\/100\n|-heal|p2a: Sinistcha|89\/100|[from] drain|[of] p1a: Gholdengo\n|\n|upkeep\n|turn|11\n|\n|t:|1700429957\n|switch|p1a: Weezing|Weezing-Galar, M|100\/100\n|move|p2a: Sinistcha|Matcha Gotcha|p1a: Weezing\n|-resisted|p1a: Weezing\n|-damage|p1a: Weezing|65\/100\n|-heal|p2a: Sinistcha|100\/100|[from] drain|[of] p1a: Weezing\n|\n|-heal|p1a: Weezing|71\/100|[from] item: Black Sludge\n|-end|p2a: Sinistcha|Encore\n|upkeep\n|turn|12\n|inactive|BOX CRUSHER has 120 seconds left.\n|\n|t:|1700429976\n|switch|p1a: Ting-Lu|Ting-Lu|40\/100\n|-ability|p1a: Ting-Lu|Vessel of Ruin\n|move|p2a: Sinistcha|Calm Mind|p2a: Sinistcha\n|-boost|p2a: Sinistcha|spa|1\n|-boost|p2a: Sinistcha|spd|1\n|\n|upkeep\n|turn|13\n|\n|t:|1700429980\n|move|p2a: Sinistcha|Matcha Gotcha|p1a: Ting-Lu\n|-supereffective|p1a: Ting-Lu\n|-damage|p1a: Ting-Lu|0 fnt\n|faint|p1a: Ting-Lu\n|\n|upkeep\n|\n|t:|1700429984\n|switch|p1a: Clefable|Clefable, F|57\/100\n|turn|14\n|\n|t:|1700430000\n|-terastallize|p1a: Clefable|Steel\n|move|p2a: Sinistcha|Matcha Gotcha|p1a: Clefable\n|-resisted|p1a: Clefable\n|-crit|p1a: Clefable\n|-damage|p1a: Clefable|34\/100\n|move|p1a: Clefable|Encore|p2a: Sinistcha\n|-start|p2a: Sinistcha|Encore\n|\n|upkeep\n|turn|15\n|\n|t:|1700430007\n|move|p2a: Sinistcha|Matcha Gotcha|p1a: Clefable\n|-resisted|p1a: Clefable\n|-damage|p1a: Clefable|19\/100\n|move|p1a: Clefable|Wish|p1a: Clefable\n|\n|upkeep\n|turn|16\n|\n|t:|1700430022\n|switch|p1a: Bronzong|Bronzong|55\/100\n|move|p2a: Sinistcha|Matcha Gotcha|p1a: Bronzong\n|-resisted|p1a: Bronzong\n|-damage|p1a: Bronzong|35\/100\n|\n|-heal|p1a: Bronzong|93\/100|[from] move: Wish|[wisher] Clefable\n|-heal|p1a: Bronzong|99\/100|[from] item: Leftovers\n|upkeep\n|turn|17\n|\n|t:|1700430027\n|move|p2a: Sinistcha|Matcha Gotcha|p1a: Bronzong\n|-resisted|p1a: Bronzong\n|-damage|p1a: Bronzong|79\/100\n|-status|p1a: Bronzong|brn\n|move|p1a: Bronzong|Metal Sound|p2a: Sinistcha|[miss]\n|-miss|p1a: Bronzong|p2a: Sinistcha\n|\n|-heal|p1a: Bronzong|85\/100 brn|[from] item: Leftovers\n|-damage|p1a: Bronzong|79\/100 brn|[from] brn\n|-end|p2a: Sinistcha|Encore\n|upkeep\n|turn|18\n|\n|t:|1700430031\n|move|p2a: Sinistcha|Scald|p1a: Bronzong\n|-damage|p1a: Bronzong|52\/100 brn\n|move|p1a: Bronzong|Metal Sound|p2a: Sinistcha\n|-unboost|p2a: Sinistcha|spd|2\n|\n|-heal|p1a: Bronzong|58\/100 brn|[from] item: Leftovers\n|-damage|p1a: Bronzong|52\/100 brn|[from] brn\n|upkeep\n|turn|19\n|\n|t:|1700430039\n|move|p2a: Sinistcha|Scald|p1a: Bronzong\n|-damage|p1a: Bronzong|23\/100 brn\n|move|p1a: Bronzong|Metal Sound|p2a: Sinistcha|[miss]\n|-miss|p1a: Bronzong|p2a: Sinistcha\n|\n|-heal|p1a: Bronzong|29\/100 brn|[from] item: Leftovers\n|-damage|p1a: Bronzong|23\/100 brn|[from] brn\n|upkeep\n|turn|20\n|c|\u2606Tripledeluxer|bruh\n|c|\u2606Tripledeluxer|whats the accuracy on that move\n|\n|t:|1700430068\n|move|p2a: Sinistcha|Scald|p1a: Bronzong\n|-damage|p1a: Bronzong|0 fnt\n|faint|p1a: Bronzong\n|\n|upkeep\n|\n|t:|1700430079\n|switch|p1a: Tatsugiri|Tatsugiri, M|100\/100\n|turn|21\n|\n|t:|1700430086\n|move|p1a: Tatsugiri|Nasty Plot|p1a: Tatsugiri\n|-boost|p1a: Tatsugiri|spa|2\n|move|p2a: Sinistcha|Matcha Gotcha|p1a: Tatsugiri\n|-damage|p1a: Tatsugiri|24\/100\n|\n|upkeep\n|turn|22\n|\n|t:|1700430094\n|switch|p2a: Enamorus|Enamorus, F|100\/100\n|move|p1a: Tatsugiri|Surf|p2a: Enamorus\n|-damage|p2a: Enamorus|0 fnt\n|faint|p2a: Enamorus\n|\n|upkeep\n|\n|t:|1700430101\n|switch|p2a: Cyclizar|Cyclizar, F|38\/100\n|-damage|p2a: Cyclizar|25\/100|[from] Stealth Rock\n|-damage|p2a: Cyclizar|13\/100|[from] Spikes\n|turn|23\n|\n|t:|1700430112\n|switch|p1a: Clefable|Clefable, F, tera:Steel|19\/100\n|move|p2a: Cyclizar|Draco Meteor|p1a: Clefable\n|-resisted|p1a: Clefable\n|-damage|p1a: Clefable|0 fnt\n|-unboost|p2a: Cyclizar|spa|2\n|faint|p1a: Clefable\n|\n|upkeep\n|\n|t:|1700430124\n|switch|p1a: Gholdengo|Gholdengo|46\/100\n|turn|24\n|\n|t:|1700430129\n|move|p1a: Gholdengo|Shadow Ball|p2a: Cyclizar\n|-immune|p2a: Cyclizar\n|move|p2a: Cyclizar|Knock Off|p1a: Gholdengo\n|-supereffective|p1a: Gholdengo\n|-damage|p1a: Gholdengo|0 fnt\n|-enditem|p1a: Gholdengo|Choice Scarf|[from] move: Knock Off|[of] p2a: Cyclizar\n|faint|p1a: Gholdengo\n|\n|upkeep\n|\n|t:|1700430132\n|switch|p1a: Weezing|Weezing-Galar, M|71\/100\n|turn|25\n|\n|t:|1700430136\n|move|p2a: Cyclizar|Knock Off|p1a: Weezing\n|-resisted|p1a: Weezing\n|-damage|p1a: Weezing|62\/100\n|-enditem|p1a: Weezing|Black Sludge|[from] move: Knock Off|[of] p2a: Cyclizar\n|move|p1a: Weezing|Flamethrower|p2a: Cyclizar\n|-resisted|p2a: Cyclizar\n|-damage|p2a: Cyclizar|2\/100\n|\n|upkeep\n|turn|26\n|\n|t:|1700430141\n|move|p2a: Cyclizar|Rapid Spin|p1a: Weezing\n|-damage|p1a: Weezing|48\/100\n|-boost|p2a: Cyclizar|spe|1\n|-sideend|p2: Tripledeluxer|Spikes|[from] move: Rapid Spin|[of] p2a: Cyclizar\n|-sideend|p2: Tripledeluxer|Stealth Rock|[from] move: Rapid Spin|[of] p2a: Cyclizar\n|move|p1a: Weezing|Flamethrower|p2a: Cyclizar\n|-resisted|p2a: Cyclizar\n|-damage|p2a: Cyclizar|0 fnt\n|faint|p2a: Cyclizar\n|\n|upkeep\n|\n|t:|1700430145\n|switch|p2a: Cinderace|Cinderace, M|100\/100\n|turn|27\n|\n|t:|1700430149\n|move|p2a: Cinderace|Agility|p2a: Cinderace\n|-start|p2a: Cinderace|typechange|Psychic|[from] ability: Libero\n|-boost|p2a: Cinderace|spe|2\n|move|p1a: Weezing|Strange Steam|p2a: Cinderace\n|-damage|p2a: Cinderace|60\/100\n|\n|upkeep\n|turn|28\n|\n|t:|1700430152\n|move|p2a: Cinderace|Electro Ball|p1a: Weezing\n|-crit|p1a: Weezing\n|-damage|p1a: Weezing|0 fnt\n|faint|p1a: Weezing\n|\n|upkeep\n|\n|t:|1700430155\n|switch|p1a: Tatsugiri|Tatsugiri, M|24\/100\n|turn|29\n|\n|t:|1700430158\n|move|p2a: Cinderace|Electro Ball|p1a: Tatsugiri\n|-damage|p1a: Tatsugiri|0 fnt\n|faint|p1a: Tatsugiri\n|\n|win|Tripledeluxer\n|raw|BOX CRUSHER's rating: 1374 &rarr; <strong>1348<\/strong><br \/>(-26 for losing)\n|raw|Tripledeluxer's rating: 1270 &rarr; <strong>1302<\/strong><br \/>(+32 for winning)\n|l|\u2606BOX CRUSHER\n","uploadtime":1700430164,"views":17,"p1id":"boxcrusher","p2id":"tripledeluxer","formatid":"gen9ou","rating":1302,"private":0,"password":""}