{"id":"gen9ou-1995054171","p1":"UptherewithDavid","p2":"Knight_Devilion","format":"[Gen 9] OU","log":"|j|\u2606UptherewithDavid\n|j|\u2606Knight_Devilion\n|t:|1700517598\n|gametype|singles\n|player|p1|UptherewithDavid|veteran|1142\n|player|p2|Knight_Devilion|plasmagrunt-gen5bw|1112\n|teamsize|p1|6\n|teamsize|p2|6\n|gen|9\n|tier|[Gen 9] OU\n|rated|\n|rule|Sleep Clause Mod: Limit one foe put to sleep\n|rule|Species Clause: Limit one of each Pok\u00e9mon\n|rule|OHKO Clause: OHKO moves are banned\n|rule|Evasion Items Clause: Evasion items are banned\n|rule|Evasion Moves Clause: Evasion moves are banned\n|rule|Endless Battle Clause: Forcing endless battles is banned\n|rule|HP Percentage Mod: HP is shown in percentages\n|clearpoke\n|poke|p1|Forretress, M|\n|poke|p1|Ditto|\n|poke|p1|Zoroark-Hisui, M|\n|poke|p1|Gyarados, F|\n|poke|p1|Corviknight, M|\n|poke|p1|Cinderace, M|\n|poke|p2|Piloswine, M|\n|poke|p2|Arcanine-Hisui, M|\n|poke|p2|Rillaboom, M|\n|poke|p2|Pelipper, M|\n|poke|p2|Jolteon, M|\n|poke|p2|Goodra-Hisui, F|\n|teampreview\n|\n|t:|1700517607\n|start\n|switch|p1a: Forretress|Forretress, M|100\/100\n|switch|p2a: bitenPoil|Piloswine, M|100\/100\n|turn|1\n|\n|t:|1700517617\n|move|p1a: Forretress|Flamethrower|p2a: bitenPoil\n|-supereffective|p2a: bitenPoil\n|-crit|p2a: bitenPoil\n|-damage|p2a: bitenPoil|65\/100\n|move|p2a: bitenPoil|Curse|p2a: bitenPoil\n|-unboost|p2a: bitenPoil|spe|1\n|-boost|p2a: bitenPoil|atk|1\n|-boost|p2a: bitenPoil|def|1\n|\n|upkeep\n|turn|2\n|\n|t:|1700517633\n|move|p1a: Forretress|Flamethrower|p2a: bitenPoil\n|-supereffective|p2a: bitenPoil\n|-damage|p2a: bitenPoil|43\/100\n|move|p2a: bitenPoil|Earthquake|p1a: Forretress\n|-damage|p1a: Forretress|0 fnt\n|replace|p1a: Zoroark|Zoroark-Hisui, M\n|-end|p1a: Zoroark|Illusion\n|faint|p1a: Zoroark\n|\n|upkeep\n|\n|t:|1700517644\n|switch|p1a: Ditto|Ditto, shiny|100\/100\n|-transform|p1a: Ditto|p2a: bitenPoil|[from] ability: Imposter\n|turn|3\n|\n|t:|1700517654\n|move|p1a: Ditto|Earthquake|p2a: bitenPoil\n|-damage|p2a: bitenPoil|12\/100\n|move|p2a: bitenPoil|Avalanche|p1a: Ditto\n|-damage|p1a: Ditto|64\/100\n|\n|upkeep\n|turn|4\n|\n|t:|1700517668\n|move|p2a: bitenPoil|Ice Shard|p1a: Ditto\n|-damage|p1a: Ditto|52\/100\n|move|p1a: Ditto|Earthquake|p2a: bitenPoil\n|-crit|p2a: bitenPoil\n|-damage|p2a: bitenPoil|0 fnt\n|faint|p2a: bitenPoil\n|\n|upkeep\n|\n|t:|1700517677\n|switch|p2a: C'est le facteur !|Pelipper, M, shiny|100\/100\n|-weather|RainDance|[from] ability: Drizzle|[of] p2a: C'est le facteur !\n|turn|5\n|\n|t:|1700517688\n|move|p1a: Ditto|Ice Shard|p2a: C'est le facteur !\n|-damage|p2a: C'est le facteur !|73\/100\n|move|p2a: C'est le facteur !|Hurricane|p1a: Ditto\n|-damage|p1a: Ditto|0 fnt\n|faint|p1a: Ditto\n|\n|-weather|RainDance|[upkeep]\n|upkeep\n|\n|t:|1700517699\n|switch|p1a: Gyarados|Gyarados, F|100\/100\n|turn|6\n|\n|t:|1700517703\n|move|p2a: C'est le facteur !|Hurricane|p1a: Gyarados\n|-damage|p1a: Gyarados|62\/100\n|-start|p1a: Gyarados|confusion\n|-activate|p1a: Gyarados|confusion\n|move|p1a: Gyarados|Dragon Dance|p1a: Gyarados\n|-boost|p1a: Gyarados|atk|1\n|-boost|p1a: Gyarados|spe|1\n|\n|-weather|RainDance|[upkeep]\n|-heal|p1a: Gyarados|68\/100|[from] item: Leftovers\n|upkeep\n|turn|7\n|\n|t:|1700517717\n|move|p2a: C'est le facteur !|Hurricane|p1a: Gyarados\n|-damage|p1a: Gyarados|23\/100\n|-activate|p1a: Gyarados|confusion\n|move|p1a: Gyarados|Dragon Tail|p2a: C'est le facteur !\n|-damage|p2a: C'est le facteur !|44\/100\n|drag|p2a: Poissarde|Goodra-Hisui, F, shiny|100\/100\n|\n|-weather|RainDance|[upkeep]\n|-heal|p1a: Gyarados|29\/100|[from] item: Leftovers\n|upkeep\n|turn|8\n|\n|t:|1700517734\n|-end|p1a: Gyarados|confusion\n|move|p1a: Gyarados|Earthquake|p2a: Poissarde\n|-supereffective|p2a: Poissarde\n|-damage|p2a: Poissarde|28\/100\n|move|p2a: Poissarde|Sunny Day|p2a: Poissarde\n|-weather|SunnyDay\n|\n|-weather|SunnyDay|[upkeep]\n|-heal|p1a: Gyarados|35\/100|[from] item: Leftovers\n|upkeep\n|turn|9\n|\n|t:|1700517746\n|move|p1a: Gyarados|Ice Fang|p2a: Poissarde\n|-damage|p2a: Poissarde|4\/100\n|-damage|p1a: Gyarados|18\/100|[from] item: Rocky Helmet|[of] p2a: Poissarde\n|-ability|p2a: Poissarde|Gooey\n|-unboost|p1a: Gyarados|spe|1\n|move|p2a: Poissarde|Weather Ball|p1a: Gyarados\n|-resisted|p1a: Gyarados\n|-damage|p1a: Gyarados|0 fnt\n|faint|p1a: Gyarados\n|\n|-weather|SunnyDay|[upkeep]\n|upkeep\n|\n|t:|1700517759\n|switch|p1a: Cinderace|Cinderace, M|100\/100\n|turn|10\n|\n|t:|1700517766\n|move|p1a: Cinderace|U-turn|p2a: Poissarde\n|-start|p1a: Cinderace|typechange|Bug|[from] ability: Libero\n|-resisted|p2a: Poissarde\n|-damage|p2a: Poissarde|0 fnt\n|-damage|p1a: Cinderace|84\/100|[from] item: Rocky Helmet|[of] p2a: Poissarde\n|-ability|p2a: Poissarde|Gooey\n|-unboost|p1a: Cinderace|spe|1\n|faint|p2a: Poissarde\n|\n|t:|1700517778\n|switch|p1a: Forretress|Forretress, M|100\/100|[from] U-turn\n|\n|-weather|SunnyDay|[upkeep]\n|upkeep\n|\n|t:|1700517782\n|switch|p2a: Proto Raiku|Jolteon, M|100\/100\n|turn|11\n|\n|t:|1700517789\n|move|p2a: Proto Raiku|Weather Ball|p1a: Forretress\n|-supereffective|p1a: Forretress\n|-ability|p1a: Forretress|Sturdy\n|-damage|p1a: Forretress|1\/100\n|move|p1a: Forretress|Lunge|p2a: Proto Raiku\n|-damage|p2a: Proto Raiku|56\/100\n|-unboost|p2a: Proto Raiku|atk|1\n|\n|-weather|SunnyDay|[upkeep]\n|upkeep\n|turn|12\n|\n|t:|1700517807\n|switch|p1a: Cinderace|Cinderace, M|84\/100\n|move|p2a: Proto Raiku|Weather Ball|p1a: Cinderace\n|-resisted|p1a: Cinderace\n|-damage|p1a: Cinderace|51\/100\n|\n|-weather|none\n|upkeep\n|turn|13\n|\n|t:|1700517817\n|switch|p2a: C'est le facteur !|Pelipper, M, shiny|44\/100\n|-weather|RainDance|[from] ability: Drizzle|[of] p2a: C'est le facteur !\n|move|p1a: Cinderace|Pyro Ball|p2a: C'est le facteur !\n|-resisted|p2a: C'est le facteur !\n|-damage|p2a: C'est le facteur !|26\/100\n|\n|-weather|RainDance|[upkeep]\n|upkeep\n|turn|14\n|\n|t:|1700517828\n|move|p1a: Cinderace|U-turn|p2a: C'est le facteur !\n|-start|p1a: Cinderace|typechange|Bug|[from] ability: Libero\n|-resisted|p2a: C'est le facteur !\n|-damage|p2a: C'est le facteur !|4\/100\n|\n|t:|1700517833\n|switch|p1a: Forretress|Forretress, M|1\/100|[from] U-turn\n|move|p2a: C'est le facteur !|Weather Ball|p1a: Forretress\n|-damage|p1a: Forretress|0 fnt\n|faint|p1a: Forretress\n|\n|-weather|RainDance|[upkeep]\n|upkeep\n|\n|t:|1700517843\n|switch|p1a: Cinderace|Cinderace, M|51\/100\n|turn|15\n|\n|t:|1700517847\n|move|p1a: Cinderace|U-turn|p2a: C'est le facteur !\n|-start|p1a: Cinderace|typechange|Bug|[from] ability: Libero\n|-resisted|p2a: C'est le facteur !\n|-damage|p2a: C'est le facteur !|0 fnt\n|faint|p2a: C'est le facteur !\n|\n|t:|1700517854\n|switch|p1a: Corviknight|Corviknight, M|100\/100|[from] U-turn\n|\n|-weather|RainDance|[upkeep]\n|upkeep\n|\n|t:|1700517858\n|switch|p2a: Proto Raiku|Jolteon, M|56\/100\n|turn|16\n|\n|t:|1700517867\n|move|p2a: Proto Raiku|Thunder|p1a: Corviknight\n|-supereffective|p1a: Corviknight\n|-crit|p1a: Corviknight\n|-damage|p1a: Corviknight|0 fnt\n|faint|p1a: Corviknight\n|\n|-weather|RainDance|[upkeep]\n|upkeep\n|\n|t:|1700517878\n|switch|p1a: Cinderace|Cinderace, M|51\/100\n|turn|17\n|\n|t:|1700517881\n|move|p2a: Proto Raiku|Weather Ball|p1a: Cinderace\n|-supereffective|p1a: Cinderace\n|-damage|p1a: Cinderace|0 fnt\n|faint|p1a: Cinderace\n|\n|win|Knight_Devilion\n|raw|UptherewithDavid's rating: 1142 &rarr; <strong>1115<\/strong><br \/>(-27 for losing)\n|raw|Knight_Devilion's rating: 1112 &rarr; <strong>1139<\/strong><br \/>(+27 for winning)\n|l|\u2606UptherewithDavid\n","uploadtime":1700517918,"views":8,"p1id":"uptherewithdavid","p2id":"knightdevilion","formatid":"gen9ou","rating":1115,"private":0,"password":""}