{"id":"gen9ou-1992423199","p1":"Renhur","p2":"mexicanshyguy","format":"[Gen 9] OU","log":"|j|\u2606Renhur\n|j|\u2606mexicanshyguy\n|t:|1700185811\n|gametype|singles\n|player|p1|Renhur|cynthia-gen4|1169\n|player|p2|mexicanshyguy|zinnia|1245\n|teamsize|p1|6\n|teamsize|p2|6\n|gen|9\n|tier|[Gen 9] OU\n|rated|\n|rule|Sleep Clause Mod: Limit one foe put to sleep\n|rule|Species Clause: Limit one of each Pok\u00e9mon\n|rule|OHKO Clause: OHKO moves are banned\n|rule|Evasion Items Clause: Evasion items are banned\n|rule|Evasion Moves Clause: Evasion moves are banned\n|rule|Endless Battle Clause: Forcing endless battles is banned\n|rule|HP Percentage Mod: HP is shown in percentages\n|clearpoke\n|poke|p1|Dragonite, F|\n|poke|p1|Lucario, M|\n|poke|p1|Gardevoir, F|\n|poke|p1|Cloyster, F|\n|poke|p1|Gyarados, F|\n|poke|p1|Corviknight, F|\n|poke|p2|Iron Moth|\n|poke|p2|Kommo-o, M|\n|poke|p2|Ninetales-Alola, F|\n|poke|p2|Hatterene, F|\n|poke|p2|Kingambit, M|\n|poke|p2|Great Tusk|\n|teampreview\n|inactive|Battle timer is ON: inactive players will automatically lose when time's up. (requested by Renhur)\n|\n|t:|1700185830\n|start\n|switch|p1a: Gyarados|Gyarados, F|100\/100\n|switch|p2a: Ninetales|Ninetales-Alola, F|100\/100\n|-weather|Snow|[from] ability: Snow Warning|[of] p2a: Ninetales\n|-ability|p1a: Gyarados|Intimidate|boost\n|-unboost|p2a: Ninetales|atk|1\n|turn|1\n|\n|t:|1700185843\n|-terastallize|p1a: Gyarados|Water\n|move|p2a: Ninetales|Freeze-Dry|p1a: Gyarados\n|-supereffective|p1a: Gyarados\n|-damage|p1a: Gyarados|61\/100\n|move|p1a: Gyarados|Dragon Dance|p1a: Gyarados\n|-boost|p1a: Gyarados|atk|1\n|-boost|p1a: Gyarados|spe|1\n|\n|-weather|Snow|[upkeep]\n|-heal|p1a: Gyarados|67\/100|[from] item: Leftovers\n|upkeep\n|turn|2\n|\n|t:|1700185860\n|move|p1a: Gyarados|Waterfall|p2a: Ninetales\n|-damage|p2a: Ninetales|30\/100\n|move|p2a: Ninetales|Aurora Veil|p2a: Ninetales\n|-sidestart|p2: mexicanshyguy|move: Aurora Veil\n|\n|-weather|Snow|[upkeep]\n|-heal|p1a: Gyarados|73\/100|[from] item: Leftovers\n|upkeep\n|turn|3\n|\n|t:|1700185867\n|move|p1a: Gyarados|Waterfall|p2a: Ninetales\n|-damage|p2a: Ninetales|0 fnt\n|faint|p2a: Ninetales\n|\n|-weather|Snow|[upkeep]\n|-heal|p1a: Gyarados|79\/100|[from] item: Leftovers\n|upkeep\n|\n|t:|1700185878\n|switch|p2a: Kommo-o|Kommo-o, M|100\/100\n|turn|4\n|\n|t:|1700185883\n|move|p1a: Gyarados|Ice Fang|p2a: Kommo-o\n|-supereffective|p2a: Kommo-o\n|-damage|p2a: Kommo-o|67\/100\n|move|p2a: Kommo-o|Clangorous Soul|p2a: Kommo-o\n|-boost|p2a: Kommo-o|atk|1\n|-boost|p2a: Kommo-o|def|1\n|-boost|p2a: Kommo-o|spa|1\n|-boost|p2a: Kommo-o|spd|1\n|-boost|p2a: Kommo-o|spe|1\n|-damage|p2a: Kommo-o|34\/100\n|-enditem|p2a: Kommo-o|Throat Spray\n|-boost|p2a: Kommo-o|spa|1|[from] item: Throat Spray\n|\n|-weather|Snow|[upkeep]\n|-heal|p1a: Gyarados|85\/100|[from] item: Leftovers\n|upkeep\n|turn|5\n|\n|t:|1700185897\n|-terastallize|p2a: Kommo-o|Normal\n|move|p2a: Kommo-o|Boomburst|p1a: Gyarados\n|-damage|p1a: Gyarados|0 fnt\n|faint|p1a: Gyarados\n|\n|-weather|none\n|upkeep\n|\n|t:|1700185907\n|switch|p1a: Lucario|Lucario, M|100\/100\n|turn|6\n|\n|t:|1700185910\n|move|p2a: Kommo-o|Vacuum Wave|p1a: Lucario\n|-supereffective|p1a: Lucario\n|-enditem|p1a: Lucario|Focus Sash\n|-damage|p1a: Lucario|1\/100\n|move|p1a: Lucario|Reversal|p2a: Kommo-o\n|-supereffective|p2a: Kommo-o\n|-damage|p2a: Kommo-o|0 fnt\n|faint|p2a: Kommo-o\n|\n|upkeep\n|\n|t:|1700185921\n|switch|p2a: Iron Moth|Iron Moth|100\/100\n|-enditem|p2a: Iron Moth|Booster Energy\n|-activate|p2a: Iron Moth|ability: Quark Drive|[fromitem]\n|-start|p2a: Iron Moth|quarkdrivespe\n|turn|7\n|\n|t:|1700185927\n|move|p1a: Lucario|Extreme Speed|p2a: Iron Moth\n|-damage|p2a: Iron Moth|80\/100\n|move|p2a: Iron Moth|Fiery Dance|p1a: Lucario\n|-supereffective|p1a: Lucario\n|-damage|p1a: Lucario|0 fnt\n|faint|p1a: Lucario\n|\n|upkeep\n|\n|t:|1700185942\n|switch|p1a: Dragonite|Dragonite, F|100\/100\n|turn|8\n|\n|t:|1700185947\n|move|p1a: Dragonite|Extreme Speed|p2a: Iron Moth\n|-damage|p2a: Iron Moth|61\/100\n|move|p2a: Iron Moth|Dazzling Gleam|p1a: Dragonite\n|-supereffective|p1a: Dragonite\n|-damage|p1a: Dragonite|78\/100\n|-enditem|p1a: Dragonite|Weakness Policy\n|-boost|p1a: Dragonite|atk|2|[from] item: Weakness Policy\n|-boost|p1a: Dragonite|spa|2|[from] item: Weakness Policy\n|\n|upkeep\n|turn|9\n|\n|t:|1700185956\n|move|p2a: Iron Moth|Dazzling Gleam|p1a: Dragonite\n|-supereffective|p1a: Dragonite\n|-damage|p1a: Dragonite|28\/100\n|move|p1a: Dragonite|Dragon Claw|p2a: Iron Moth\n|-damage|p2a: Iron Moth|1\/100\n|\n|-sideend|p2: mexicanshyguy|move: Aurora Veil\n|upkeep\n|turn|10\n|\n|t:|1700185963\n|move|p1a: Dragonite|Extreme Speed|p2a: Iron Moth\n|-damage|p2a: Iron Moth|0 fnt\n|faint|p2a: Iron Moth\n|-end|p2a: Iron Moth|Quark Drive|[silent]\n|\n|upkeep\n|\n|t:|1700185966\n|switch|p2a: Kingambit|Kingambit, M|100\/100\n|-activate|p2a: Kingambit|ability: Supreme Overlord\n|-start|p2a: Kingambit|fallen3|[silent]\n|turn|11\n|\n|t:|1700185970\n|move|p1a: Dragonite|Fire Punch|p2a: Kingambit\n|-supereffective|p2a: Kingambit\n|-damage|p2a: Kingambit|20\/100\n|move|p2a: Kingambit|Iron Head|p1a: Dragonite\n|-damage|p1a: Dragonite|0 fnt\n|faint|p1a: Dragonite\n|\n|-heal|p2a: Kingambit|27\/100|[from] item: Leftovers\n|upkeep\n|\n|t:|1700185985\n|switch|p1a: Cloyster|Cloyster, F|100\/100\n|turn|12\n|\n|t:|1700185989\n|move|p1a: Cloyster|Ice Shard|p2a: Kingambit\n|-resisted|p2a: Kingambit\n|-damage|p2a: Kingambit|19\/100\n|move|p2a: Kingambit|Iron Head|p1a: Cloyster\n|-damage|p1a: Cloyster|51\/100\n|\n|-heal|p2a: Kingambit|25\/100|[from] item: Leftovers\n|upkeep\n|turn|13\n|\n|t:|1700185996\n|move|p1a: Cloyster|Icicle Spear|p2a: Kingambit\n|-resisted|p2a: Kingambit\n|-damage|p2a: Kingambit|20\/100\n|-resisted|p2a: Kingambit\n|-damage|p2a: Kingambit|16\/100\n|-resisted|p2a: Kingambit\n|-damage|p2a: Kingambit|11\/100\n|-resisted|p2a: Kingambit\n|-damage|p2a: Kingambit|6\/100\n|-resisted|p2a: Kingambit\n|-damage|p2a: Kingambit|2\/100\n|-hitcount|p2a: Kingambit|5\n|move|p2a: Kingambit|Low Kick|p1a: Cloyster\n|-supereffective|p1a: Cloyster\n|-damage|p1a: Cloyster|0 fnt\n|faint|p1a: Cloyster\n|\n|-heal|p2a: Kingambit|8\/100|[from] item: Leftovers\n|upkeep\n|\n|t:|1700186012\n|switch|p1a: Corviknight|Corviknight, F|100\/100\n|-ability|p1a: Corviknight|Pressure\n|turn|14\n|\n|t:|1700186021\n|move|p2a: Kingambit|Iron Head|p1a: Corviknight\n|-resisted|p1a: Corviknight\n|-damage|p1a: Corviknight|82\/100\n|-damage|p2a: Kingambit|0 fnt|[from] item: Rocky Helmet|[of] p1a: Corviknight\n|faint|p2a: Kingambit\n|-end|p2a: Kingambit|fallen3|[silent]\n|move|p1a: Corviknight|Brave Bird|p2: Kingambit|[notarget]\n|-fail|p1a: Corviknight\n|\n|upkeep\n|\n|t:|1700186026\n|switch|p2a: Hatterene|Hatterene, F|100\/100\n|turn|15\n|\n|t:|1700186030\n|move|p2a: Hatterene|Calm Mind|p2a: Hatterene\n|-boost|p2a: Hatterene|spa|1\n|-boost|p2a: Hatterene|spd|1\n|move|p1a: Corviknight|Brave Bird|p2a: Hatterene\n|-damage|p2a: Hatterene|62\/100\n|-damage|p1a: Corviknight|72\/100|[from] Recoil\n|-enditem|p2a: Hatterene|Kee Berry|[eat]\n|-boost|p2a: Hatterene|def|1|[from] item: Kee Berry\n|\n|upkeep\n|turn|16\n|\n|t:|1700186044\n|switch|p1a: Gardevoir|Gardevoir, F|100\/100\n|-ability|p1a: Gardevoir|Magic Bounce|[from] ability: Trace|[of] p2a: Hatterene\n|move|p2a: Hatterene|Draining Kiss|p1a: Gardevoir\n|-damage|p1a: Gardevoir|60\/100\n|-heal|p2a: Hatterene|89\/100|[from] drain|[of] p1a: Gardevoir\n|\n|upkeep\n|turn|17\n|\n|t:|1700186053\n|move|p1a: Gardevoir|Trick|p2a: Hatterene\n|-activate|p1a: Gardevoir|move: Trick|[of] p2a: Hatterene\n|-item|p2a: Hatterene|Choice Scarf|[from] move: Trick\n|-enditem|p1a: Gardevoir|Choice Scarf|[silent]|[from] move: Trick\n|move|p2a: Hatterene|Calm Mind|p2a: Hatterene\n|-boost|p2a: Hatterene|spa|1\n|-boost|p2a: Hatterene|spd|1\n|\n|upkeep\n|turn|18\n|\n|t:|1700186075\n|switch|p2a: Great Tusk|Great Tusk|100\/100\n|-enditem|p2a: Great Tusk|Booster Energy\n|-activate|p2a: Great Tusk|ability: Protosynthesis|[fromitem]\n|-start|p2a: Great Tusk|protosynthesisatk\n|move|p1a: Gardevoir|Moonblast|p2a: Great Tusk\n|-supereffective|p2a: Great Tusk\n|-damage|p2a: Great Tusk|0 fnt\n|faint|p2a: Great Tusk\n|-end|p2a: Great Tusk|Protosynthesis|[silent]\n|\n|upkeep\n|-message|mexicanshyguy forfeited.\n|\n|win|Renhur\n|raw|Renhur's rating: 1169 &rarr; <strong>1199<\/strong><br \/>(+30 for winning)\n|raw|mexicanshyguy's rating: 1245 &rarr; <strong>1215<\/strong><br \/>(-30 for losing)\n|l|\u2606mexicanshyguy\n","uploadtime":1700186093,"views":17,"p1id":"renhur","p2id":"mexicanshyguy","formatid":"gen9ou","rating":1199,"private":0,"password":""}