{"id":"gen9ou-1994552137","p1":"warsame123","p2":"Zersturer23","format":"[Gen 9] OU","log":"|j|\u2606warsame123\n|j|\u2606Zersturer23\n|t:|1700458596\n|gametype|singles\n|player|p1|warsame123|101|1113\n|player|p2|Zersturer23|265|1000\n|teamsize|p1|6\n|teamsize|p2|6\n|gen|9\n|tier|[Gen 9] OU\n|rated|\n|rule|Sleep Clause Mod: Limit one foe put to sleep\n|rule|Species Clause: Limit one of each Pok\u00e9mon\n|rule|OHKO Clause: OHKO moves are banned\n|rule|Evasion Items Clause: Evasion items are banned\n|rule|Evasion Moves Clause: Evasion moves are banned\n|rule|Endless Battle Clause: Forcing endless battles is banned\n|rule|HP Percentage Mod: HP is shown in percentages\n|clearpoke\n|poke|p1|Garchomp, F|\n|poke|p1|Luxray, F|\n|poke|p1|Ribombee, M|\n|poke|p1|Infernape, F|\n|poke|p1|Lucario, F|\n|poke|p1|Hydreigon, M|\n|poke|p2|Cinderace, M|\n|poke|p2|Greninja-*, M|\n|poke|p2|Meowscarada, M|\n|poke|p2|Great Tusk|\n|poke|p2|Iron Valiant|\n|poke|p2|Umbreon, F|\n|teampreview\n|inactive|Battle timer is ON: inactive players will automatically lose when time's up. (requested by warsame123)\n|\n|t:|1700458605\n|start\n|switch|p1a: Ribombee|Ribombee, M|100\/100\n|switch|p2a: Greninja|Greninja, M|100\/100\n|turn|1\n|\n|t:|1700458626\n|switch|p2a: Cinderace|Cinderace, M|100\/100\n|move|p1a: Ribombee|Moonblast|p2a: Cinderace\n|-resisted|p2a: Cinderace\n|-crit|p2a: Cinderace\n|-damage|p2a: Cinderace|58\/100\n|\n|upkeep\n|turn|2\n|\n|t:|1700458630\n|move|p2a: Cinderace|Pyro Ball|p1a: Ribombee\n|-supereffective|p1a: Ribombee\n|-enditem|p1a: Ribombee|Focus Sash\n|-damage|p1a: Ribombee|1\/100\n|move|p1a: Ribombee|Sticky Web|p2a: Cinderace\n|-sidestart|p2: Zersturer23|move: Sticky Web\n|\n|upkeep\n|turn|3\n|\n|t:|1700458647\n|move|p2a: Cinderace|Pyro Ball|p1a: Ribombee\n|-supereffective|p1a: Ribombee\n|-damage|p1a: Ribombee|0 fnt\n|faint|p1a: Ribombee\n|\n|upkeep\n|\n|t:|1700458653\n|switch|p1a: Infernape|Infernape, F|100\/100\n|turn|4\n|\n|t:|1700458657\n|switch|p2a: Great Tusk|Great Tusk|100\/100\n|-activate|p2a: Great Tusk|move: Sticky Web\n|-unboost|p2a: Great Tusk|spe|1\n|move|p1a: Infernape|Swords Dance|p1a: Infernape\n|-boost|p1a: Infernape|atk|2\n|\n|upkeep\n|turn|5\n|\n|t:|1700458668\n|-terastallize|p1a: Infernape|Fighting\n|move|p1a: Infernape|Swords Dance|p1a: Infernape\n|-boost|p1a: Infernape|atk|2\n|move|p2a: Great Tusk|Rapid Spin|p1a: Infernape\n|-damage|p1a: Infernape|79\/100\n|-boost|p2a: Great Tusk|spe|1\n|-sideend|p2: Zersturer23|Sticky Web|[from] move: Rapid Spin|[of] p2a: Great Tusk\n|\n|upkeep\n|turn|6\n|\n|t:|1700458676\n|move|p1a: Infernape|Drain Punch|p2a: Great Tusk\n|-damage|p2a: Great Tusk|4\/100\n|-heal|p1a: Infernape|100\/100|[from] drain|[of] p2a: Great Tusk\n|move|p2a: Great Tusk|Earthquake|p1a: Infernape\n|-damage|p1a: Infernape|39\/100\n|-enditem|p1a: Infernape|Sitrus Berry|[eat]\n|-heal|p1a: Infernape|64\/100|[from] item: Sitrus Berry\n|\n|upkeep\n|turn|7\n|\n|t:|1700458681\n|move|p1a: Infernape|Mach Punch|p2a: Great Tusk\n|-damage|p2a: Great Tusk|0 fnt\n|faint|p2a: Great Tusk\n|-end|p2a: Great Tusk|Protosynthesis|[silent]\n|\n|upkeep\n|\n|t:|1700458699\n|switch|p2a: Iron Valiant|Iron Valiant|100\/100\n|turn|8\n|\n|t:|1700458710\n|-terastallize|p2a: Iron Valiant|Fairy\n|move|p1a: Infernape|Mach Punch|p2a: Iron Valiant\n|-resisted|p2a: Iron Valiant\n|-damage|p2a: Iron Valiant|53\/100\n|move|p2a: Iron Valiant|Psycho Cut|p1a: Infernape\n|-supereffective|p1a: Infernape\n|-crit|p1a: Infernape\n|-damage|p1a: Infernape|0 fnt\n|faint|p1a: Infernape\n|\n|upkeep\n|\n|t:|1700458726\n|switch|p1a: Lucario|Lucario, F|100\/100\n|turn|9\n|\n|t:|1700458734\n|move|p1a: Lucario|Swords Dance|p1a: Lucario\n|-boost|p1a: Lucario|atk|2\n|move|p2a: Iron Valiant|Drain Punch|p1a: Lucario\n|-supereffective|p1a: Lucario\n|-enditem|p1a: Lucario|Focus Sash\n|-damage|p1a: Lucario|1\/100\n|-heal|p2a: Iron Valiant|93\/100|[from] drain|[of] p1a: Lucario\n|\n|upkeep\n|turn|10\n|\n|t:|1700458745\n|move|p1a: Lucario|Extreme Speed|p2a: Iron Valiant\n|-crit|p2a: Iron Valiant\n|-damage|p2a: Iron Valiant|25\/100\n|move|p2a: Iron Valiant|Drain Punch|p1a: Lucario\n|-supereffective|p1a: Lucario\n|-damage|p1a: Lucario|0 fnt\n|-heal|p2a: Iron Valiant|25\/100|[from] drain|[of] p1a: Lucario\n|faint|p1a: Lucario\n|\n|upkeep\n|\n|t:|1700458748\n|switch|p1a: Luxray|Luxray, F|100\/100\n|-ability|p1a: Luxray|Intimidate|boost\n|-unboost|p2a: Iron Valiant|atk|1\n|turn|11\n|\n|t:|1700458755\n|move|p2a: Iron Valiant|Drain Punch|p1a: Luxray\n|-damage|p1a: Luxray|62\/100\n|-heal|p2a: Iron Valiant|42\/100|[from] drain|[of] p1a: Luxray\n|move|p1a: Luxray|Trailblaze|p2a: Iron Valiant\n|-damage|p2a: Iron Valiant|25\/100\n|-boost|p1a: Luxray|spe|1\n|\n|upkeep\n|turn|12\n|\n|t:|1700458761\n|move|p1a: Luxray|Wild Charge|p2a: Iron Valiant\n|-damage|p2a: Iron Valiant|0 fnt\n|faint|p2a: Iron Valiant\n|-end|p2a: Iron Valiant|Quark Drive|[silent]\n|-damage|p1a: Luxray|55\/100|[from] Recoil\n|\n|upkeep\n|\n|t:|1700458785\n|switch|p2a: Meowscarada|Meowscarada, M|100\/100\n|turn|13\n|\n|t:|1700458794\n|move|p2a: Meowscarada|Sucker Punch|p1a: Luxray\n|-start|p2a: Meowscarada|typechange|Dark|[from] ability: Protean\n|-damage|p1a: Luxray|7\/100\n|move|p1a: Luxray|Play Rough|p2a: Meowscarada\n|-supereffective|p2a: Meowscarada\n|-crit|p2a: Meowscarada\n|-damage|p2a: Meowscarada|0 fnt\n|faint|p2a: Meowscarada\n|\n|upkeep\n|\n|t:|1700458810\n|switch|p2a: Cinderace|Cinderace, M|58\/100\n|turn|14\n|\n|t:|1700458815\n|move|p2a: Cinderace|High Jump Kick|p1a: Luxray\n|-start|p2a: Cinderace|typechange|Fighting|[from] ability: Libero\n|-damage|p1a: Luxray|0 fnt\n|faint|p1a: Luxray\n|\n|upkeep\n|\n|t:|1700458818\n|switch|p1a: Garchomp|Garchomp, F|100\/100\n|turn|15\n|\n|t:|1700458823\n|move|p2a: Cinderace|High Jump Kick|p1a: Garchomp\n|-damage|p1a: Garchomp|39\/100\n|-damage|p2a: Cinderace|46\/100|[from] ability: Rough Skin|[of] p1a: Garchomp\n|move|p1a: Garchomp|Scale Shot|p2a: Cinderace\n|-damage|p2a: Cinderace|28\/100\n|-damage|p2a: Cinderace|9\/100\n|-crit|p2a: Cinderace\n|-damage|p2a: Cinderace|0 fnt\n|faint|p2a: Cinderace\n|-hitcount|p2: Cinderace|3\n|-unboost|p1a: Garchomp|def|1\n|-boost|p1a: Garchomp|spe|1\n|\n|upkeep\n|\n|t:|1700458827\n|switch|p2a: Greninja|Greninja, M|100\/100\n|turn|16\n|\n|t:|1700458833\n|move|p1a: Garchomp|Scale Shot|p2a: Greninja\n|-damage|p2a: Greninja|77\/100\n|-damage|p2a: Greninja|54\/100\n|-damage|p2a: Greninja|32\/100\n|-damage|p2a: Greninja|10\/100\n|-hitcount|p2a: Greninja|4\n|-unboost|p1a: Garchomp|def|1\n|-boost|p1a: Garchomp|spe|1\n|move|p2a: Greninja|Ice Beam|p1a: Garchomp\n|-start|p2a: Greninja|typechange|Ice|[from] ability: Protean\n|-supereffective|p1a: Garchomp\n|-damage|p1a: Garchomp|0 fnt\n|faint|p1a: Garchomp\n|\n|upkeep\n|\n|t:|1700458840\n|switch|p1a: Hydreigon|Hydreigon, M|100\/100\n|turn|17\n|\n|t:|1700458844\n|move|p2a: Greninja|Ice Beam|p1a: Hydreigon\n|-supereffective|p1a: Hydreigon\n|-damage|p1a: Hydreigon|0 fnt\n|faint|p1a: Hydreigon\n|\n|win|Zersturer23\n|raw|warsame123's rating: 1113 &rarr; <strong>1080<\/strong><br \/>(-33 for losing)\n|raw|Zersturer23's rating: 1000 &rarr; <strong>1053<\/strong><br \/>(+53 for winning)\n|c|\u2606Zersturer23|gg\n","uploadtime":1700458956,"views":26,"p1id":"warsame123","p2id":"zersturer23","formatid":"gen9ou","rating":1053,"private":0,"password":""}