{"id":"gen9ou-1997333935","p1":"Nightngale","p2":"igotaharrier","format":"[Gen 9] OU","log":"|j|\u2606Nightngale\n|j|\u2606igotaharrier\n|t:|1700790705\n|gametype|singles\n|player|p1|Nightngale|169|1367\n|player|p2|igotaharrier|iris-gen5bw2|1363\n|teamsize|p1|6\n|teamsize|p2|6\n|gen|9\n|tier|[Gen 9] OU\n|rated|\n|rule|Sleep Clause Mod: Limit one foe put to sleep\n|rule|Species Clause: Limit one of each Pok\u00e9mon\n|rule|OHKO Clause: OHKO moves are banned\n|rule|Evasion Items Clause: Evasion items are banned\n|rule|Evasion Moves Clause: Evasion moves are banned\n|rule|Endless Battle Clause: Forcing endless battles is banned\n|rule|HP Percentage Mod: HP is shown in percentages\n|clearpoke\n|poke|p1|Meowscarada, F|\n|poke|p1|Pelipper, F|\n|poke|p1|Azumarill, F|\n|poke|p1|Basculegion, M|\n|poke|p1|Samurott-Hisui, M|\n|poke|p1|Gholdengo|\n|poke|p2|Dragonite, F|\n|poke|p2|Gholdengo|\n|poke|p2|Samurott-Hisui, F|\n|poke|p2|Zamazenta-*|\n|poke|p2|Cinderace, F|\n|poke|p2|Zapdos|\n|teampreview\n|inactive|Battle timer is ON: inactive players will automatically lose when time's up. (requested by Nightngale)\n|\n|t:|1700790731\n|start\n|switch|p1a: Meowscarada|Meowscarada, F|100\/100\n|switch|p2a: Cinderace|Cinderace, F|100\/100\n|turn|1\n|\n|t:|1700790737\n|move|p1a: Meowscarada|Knock Off|p2a: Cinderace\n|-start|p1a: Meowscarada|typechange|Dark|[from] ability: Protean\n|-damage|p2a: Cinderace|10\/100\n|-enditem|p2a: Cinderace|Heavy-Duty Boots|[from] move: Knock Off|[of] p1a: Meowscarada\n|move|p2a: Cinderace|U-turn|p1a: Meowscarada\n|-start|p2a: Cinderace|typechange|Bug|[from] ability: Libero\n|-supereffective|p1a: Meowscarada\n|-damage|p1a: Meowscarada|2\/100\n|\n|t:|1700790749\n|switch|p2a: Dragonite|Dragonite, F|100\/100|[from] U-turn\n|\n|upkeep\n|turn|2\n|\n|t:|1700790758\n|switch|p1a: Pelipper|Pelipper, F|100\/100\n|-weather|RainDance|[from] ability: Drizzle|[of] p1a: Pelipper\n|move|p2a: Dragonite|Extreme Speed|p1a: Pelipper\n|-damage|p1a: Pelipper|44\/100\n|\n|-weather|RainDance|[upkeep]\n|upkeep\n|turn|3\n|\n|t:|1700790767\n|switch|p2a: Zapdos|Zapdos|100\/100\n|move|p1a: Pelipper|Hurricane|p2a: Zapdos\n|-resisted|p2a: Zapdos\n|-crit|p2a: Zapdos\n|-damage|p2a: Zapdos|52\/100\n|\n|-weather|RainDance|[upkeep]\n|upkeep\n|turn|4\n|\n|t:|1700790776\n|switch|p1a: Meowscarada|Meowscarada, F|2\/100\n|move|p2a: Zapdos|Roost|p2a: Zapdos\n|-heal|p2a: Zapdos|100\/100\n|-singleturn|p2a: Zapdos|move: Roost\n|\n|-weather|RainDance|[upkeep]\n|upkeep\n|turn|5\n|\n|t:|1700790787\n|move|p1a: Meowscarada|Knock Off|p2a: Zapdos\n|-start|p1a: Meowscarada|typechange|Dark|[from] ability: Protean\n|-damage|p2a: Zapdos|27\/100\n|-status|p1a: Meowscarada|par|[from] ability: Static|[of] p2a: Zapdos\n|-enditem|p2a: Zapdos|Heavy-Duty Boots|[from] move: Knock Off|[of] p1a: Meowscarada\n|move|p2a: Zapdos|Volt Switch|p1a: Meowscarada\n|-damage|p1a: Meowscarada|0 fnt\n|faint|p1a: Meowscarada\n|\n|t:|1700790797\n|switch|p2a: Samurott|Samurott-Hisui, F|100\/100|[from] Volt Switch\n|\n|-weather|RainDance|[upkeep]\n|upkeep\n|\n|t:|1700790801\n|switch|p1a: Azumarill|Azumarill, F|100\/100\n|turn|6\n|\n|t:|1700790806\n|switch|p2a: Cinderace|Cinderace, F|10\/100\n|move|p1a: Azumarill|Play Rough|p2a: Cinderace\n|-resisted|p2a: Cinderace\n|-damage|p2a: Cinderace|0 fnt\n|faint|p2a: Cinderace\n|\n|-weather|none\n|upkeep\n|\n|t:|1700790813\n|switch|p2a: Zapdos|Zapdos|27\/100\n|turn|7\n|\n|t:|1700790817\n|move|p2a: Zapdos|Roost|p2a: Zapdos\n|-heal|p2a: Zapdos|78\/100\n|-singleturn|p2a: Zapdos|move: Roost\n|move|p1a: Azumarill|Ice Spinner|p2a: Zapdos\n|-damage|p2a: Zapdos|40\/100\n|\n|upkeep\n|turn|8\n|\n|t:|1700790825\n|move|p2a: Zapdos|Roost|p2a: Zapdos\n|-heal|p2a: Zapdos|91\/100\n|-singleturn|p2a: Zapdos|move: Roost\n|move|p1a: Azumarill|Ice Spinner|p2a: Zapdos\n|-damage|p2a: Zapdos|57\/100\n|\n|upkeep\n|turn|9\n|\n|t:|1700790832\n|move|p2a: Zapdos|Volt Switch|p1a: Azumarill\n|-supereffective|p1a: Azumarill\n|-damage|p1a: Azumarill|47\/100\n|-enditem|p1a: Azumarill|Sitrus Berry|[eat]\n|-heal|p1a: Azumarill|72\/100|[from] item: Sitrus Berry\n|\n|t:|1700790835\n|switch|p2a: Zamazenta|Zamazenta|100\/100|[from] Volt Switch\n|-ability|p2a: Zamazenta|Dauntless Shield|boost\n|-boost|p2a: Zamazenta|def|1\n|move|p1a: Azumarill|Liquidation|p2a: Zamazenta\n|-damage|p2a: Zamazenta|72\/100\n|\n|-heal|p2a: Zamazenta|78\/100|[from] item: Leftovers\n|upkeep\n|turn|10\n|\n|t:|1700790839\n|-terastallize|p2a: Zamazenta|Steel\n|move|p2a: Zamazenta|Iron Defense|p2a: Zamazenta\n|-boost|p2a: Zamazenta|def|2\n|move|p1a: Azumarill|Play Rough|p2a: Zamazenta\n|-resisted|p2a: Zamazenta\n|-damage|p2a: Zamazenta|69\/100\n|\n|-heal|p2a: Zamazenta|75\/100|[from] item: Leftovers\n|upkeep\n|turn|11\n|\n|t:|1700790848\n|switch|p1a: Gholdengo|Gholdengo|100\/100\n|move|p2a: Zamazenta|Iron Defense|p2a: Zamazenta\n|-boost|p2a: Zamazenta|def|2\n|\n|-heal|p2a: Zamazenta|81\/100|[from] item: Leftovers\n|upkeep\n|turn|12\n|\n|t:|1700790854\n|move|p2a: Zamazenta|Crunch|p1a: Gholdengo\n|-supereffective|p1a: Gholdengo\n|-damage|p1a: Gholdengo|49\/100\n|-unboost|p1a: Gholdengo|def|1\n|move|p1a: Gholdengo|Focus Blast|p2a: Zamazenta\n|-supereffective|p2a: Zamazenta\n|-damage|p2a: Zamazenta|0 fnt\n|faint|p2a: Zamazenta\n|\n|upkeep\n|\n|t:|1700790870\n|switch|p2a: Samurott|Samurott-Hisui, F|100\/100\n|turn|13\n|\n|t:|1700790877\n|switch|p1a: Azumarill|Azumarill, F|72\/100\n|move|p2a: Samurott|Ceaseless Edge|p1a: Azumarill\n|-resisted|p1a: Azumarill\n|-damage|p1a: Azumarill|50\/100\n|-sidestart|p1: Nightngale|Spikes\n|\n|upkeep\n|turn|14\n|\n|t:|1700790888\n|switch|p2a: Gholdengo|Gholdengo|100\/100\n|move|p1a: Azumarill|Play Rough|p2a: Gholdengo\n|-resisted|p2a: Gholdengo\n|-damage|p2a: Gholdengo|70\/100\n|\n|-heal|p2a: Gholdengo|76\/100|[from] item: Leftovers\n|upkeep\n|turn|15\n|\n|t:|1700790895\n|move|p2a: Gholdengo|Recover|p2a: Gholdengo\n|-heal|p2a: Gholdengo|100\/100\n|move|p1a: Azumarill|Liquidation|p2a: Gholdengo\n|-damage|p2a: Gholdengo|44\/100\n|\n|-heal|p2a: Gholdengo|50\/100|[from] item: Leftovers\n|upkeep\n|turn|16\n|\n|t:|1700790899\n|switch|p1a: Pelipper|Pelipper, F|44\/100\n|-weather|RainDance|[from] ability: Drizzle|[of] p1a: Pelipper\n|move|p2a: Gholdengo|Make It Rain|p1a: Pelipper\n|-resisted|p1a: Pelipper\n|-damage|p1a: Pelipper|0 fnt\n|-unboost|p2a: Gholdengo|spa|1\n|faint|p1a: Pelipper\n|\n|-weather|RainDance|[upkeep]\n|-heal|p2a: Gholdengo|56\/100|[from] item: Leftovers\n|upkeep\n|\n|t:|1700790903\n|switch|p1a: Basculegion|Basculegion, M|100\/100\n|-damage|p1a: Basculegion|88\/100|[from] Spikes\n|turn|17\n|\n|t:|1700790910\n|switch|p2a: Samurott|Samurott-Hisui, F|100\/100\n|move|p1a: Basculegion|Wave Crash|p2a: Samurott\n|-resisted|p2a: Samurott\n|-damage|p2a: Samurott|39\/100\n|-damage|p1a: Basculegion|71\/100|[from] Recoil\n|\n|-weather|RainDance|[upkeep]\n|upkeep\n|turn|18\n|\n|t:|1700790937\n|move|p2a: Samurott|Aqua Jet|p1a: Basculegion\n|-resisted|p1a: Basculegion\n|-damage|p1a: Basculegion|54\/100\n|move|p1a: Basculegion|Wave Crash|p2a: Samurott\n|-resisted|p2a: Samurott\n|-damage|p2a: Samurott|0 fnt\n|faint|p2a: Samurott\n|-damage|p1a: Basculegion|43\/100|[from] Recoil\n|\n|-weather|RainDance|[upkeep]\n|upkeep\n|inactive|igotaharrier has 120 seconds left.\n|\n|t:|1700790951\n|switch|p2a: Zapdos|Zapdos|57\/100\n|turn|19\n|\n|t:|1700790957\n|move|p1a: Basculegion|Liquidation|p2a: Zapdos\n|-damage|p2a: Zapdos|0 fnt\n|faint|p2a: Zapdos\n|\n|-weather|RainDance|[upkeep]\n|upkeep\n|\n|t:|1700790961\n|switch|p2a: Dragonite|Dragonite, F|100\/100\n|turn|20\n|\n|t:|1700790966\n|move|p1a: Basculegion|Outrage|p2a: Dragonite\n|-supereffective|p2a: Dragonite\n|-damage|p2a: Dragonite|51\/100\n|move|p2a: Dragonite|Earthquake|p1a: Basculegion\n|-damage|p1a: Basculegion|0 fnt\n|faint|p1a: Basculegion\n|\n|-weather|none\n|upkeep\n|\n|t:|1700790970\n|switch|p1a: Azumarill|Azumarill, F|50\/100\n|-damage|p1a: Azumarill|38\/100|[from] Spikes\n|turn|21\n|\n|t:|1700790975\n|move|p1a: Azumarill|Aqua Jet|p2a: Dragonite\n|-resisted|p2a: Dragonite\n|-damage|p2a: Dragonite|37\/100\n|move|p2a: Dragonite|Earthquake|p1a: Azumarill\n|-damage|p1a: Azumarill|0 fnt\n|faint|p1a: Azumarill\n|\n|upkeep\n|\n|t:|1700790978\n|switch|p1a: Samurott|Samurott-Hisui, M|100\/100\n|-damage|p1a: Samurott|88\/100|[from] Spikes\n|turn|22\n|\n|t:|1700790982\n|switch|p2a: Gholdengo|Gholdengo|56\/100\n|move|p1a: Samurott|Ceaseless Edge|p2a: Gholdengo\n|-supereffective|p2a: Gholdengo\n|-damage|p2a: Gholdengo|0 fnt\n|-sidestart|p2: igotaharrier|Spikes\n|faint|p2a: Gholdengo\n|\n|upkeep\n|\n|t:|1700790987\n|switch|p2a: Dragonite|Dragonite, F|37\/100\n|turn|23\n|\n|t:|1700790991\n|move|p2a: Dragonite|Extreme Speed|p1a: Samurott\n|-damage|p1a: Samurott|26\/100\n|move|p1a: Samurott|Ceaseless Edge|p2a: Dragonite\n|-crit|p2a: Dragonite\n|-damage|p2a: Dragonite|0 fnt\n|-sidestart|p2: igotaharrier|Spikes\n|faint|p2a: Dragonite\n|\n|win|Nightngale\n|raw|Nightngale's rating: 1367 &rarr; <strong>1387<\/strong><br \/>(+20 for winning)\n|raw|igotaharrier's rating: 1363 &rarr; <strong>1343<\/strong><br \/>(-20 for losing)\n|l|\u2606igotaharrier\n","uploadtime":1700790997,"views":4,"p1id":"nightngale","p2id":"igotaharrier","formatid":"gen9ou","rating":1343,"private":0,"password":""}