{"id":"gen9ou-1994760879","p1":"Jacopino08","p2":"Mrcrabfab","format":"[Gen 9] OU","log":"|j|\u2606Jacopino08\n|j|\u2606Mrcrabfab\n|t:|1700490088\n|gametype|singles\n|player|p1|Jacopino08|blue|1182\n|player|p2|Mrcrabfab|2|1052\n|teamsize|p1|6\n|teamsize|p2|6\n|gen|9\n|tier|[Gen 9] OU\n|rated|\n|rule|Sleep Clause Mod: Limit one foe put to sleep\n|rule|Species Clause: Limit one of each Pok\u00e9mon\n|rule|OHKO Clause: OHKO moves are banned\n|rule|Evasion Items Clause: Evasion items are banned\n|rule|Evasion Moves Clause: Evasion moves are banned\n|rule|Endless Battle Clause: Forcing endless battles is banned\n|rule|HP Percentage Mod: HP is shown in percentages\n|clearpoke\n|poke|p1|Cinderace, M|\n|poke|p1|Torterra, M|\n|poke|p1|Dondozo, M|\n|poke|p1|Blissey, F|\n|poke|p1|Dragonite, F|\n|poke|p1|Hatterene, F|\n|poke|p2|Hawlucha, M|\n|poke|p2|Rillaboom, M|\n|poke|p2|Grafaiai, M|\n|poke|p2|Alomomola, M|\n|poke|p2|Volcanion|\n|poke|p2|Cinderace, F|\n|teampreview\n|\n|t:|1700490111\n|start\n|switch|p1a: Hatterene|Hatterene, F|100\/100\n|switch|p2a: Rillaboom|Rillaboom, M|100\/100\n|-fieldstart|move: Grassy Terrain|[from] ability: Grassy Surge|[of] p2a: Rillaboom\n|turn|1\n|\n|t:|1700490115\n|move|p2a: Rillaboom|U-turn|p1a: Hatterene\n|-damage|p1a: Hatterene|77\/100\n|-enditem|p1a: Hatterene|Eject Button\n|\n|t:|1700490123\n|switch|p1a: Blissey|Blissey, F|100\/100\n|\n|upkeep\n|turn|2\n|\n|t:|1700490127\n|move|p2a: Rillaboom|U-turn|p1a: Blissey\n|-damage|p1a: Blissey|76\/100\n|\n|t:|1700490131\n|switch|p2a: Grafaiai|Grafaiai, M|100\/100|[from] U-turn\n|-enditem|p2a: Grafaiai|Grassy Seed\n|-boost|p2a: Grafaiai|def|1|[from] item: Grassy Seed\n|move|p1a: Blissey|Stealth Rock|p2a: Grafaiai\n|-sidestart|p2: Mrcrabfab|move: Stealth Rock\n|\n|-heal|p1a: Blissey|82\/100|[from] Grassy Terrain\n|upkeep\n|turn|3\n|\n|t:|1700490137\n|move|p2a: Grafaiai|Swords Dance|p2a: Grafaiai\n|-boost|p2a: Grafaiai|atk|2\n|move|p1a: Blissey|Seismic Toss|p2a: Grafaiai\n|-damage|p2a: Grafaiai|63\/100\n|\n|-heal|p2a: Grafaiai|69\/100|[from] Grassy Terrain\n|-heal|p1a: Blissey|88\/100|[from] Grassy Terrain\n|upkeep\n|turn|4\n|\n|t:|1700490150\n|switch|p1a: Dondozo|Dondozo, M|100\/100\n|move|p2a: Grafaiai|Gunk Shot|p1a: Dondozo\n|-damage|p1a: Dondozo|75\/100\n|\n|-heal|p2a: Grafaiai|75\/100|[from] Grassy Terrain\n|-heal|p1a: Dondozo|81\/100|[from] Grassy Terrain\n|-heal|p1a: Dondozo|87\/100|[from] item: Leftovers\n|upkeep\n|turn|5\n|\n|t:|1700490163\n|-terastallize|p2a: Grafaiai|Flying\n|move|p2a: Grafaiai|Acrobatics|p1a: Dondozo\n|-damage|p1a: Dondozo|66\/100\n|move|p1a: Dondozo|Liquidation|p2a: Grafaiai\n|-damage|p2a: Grafaiai|24\/100\n|-unboost|p2a: Grafaiai|def|1\n|\n|-heal|p1a: Dondozo|72\/100|[from] Grassy Terrain\n|-heal|p1a: Dondozo|78\/100|[from] item: Leftovers\n|upkeep\n|turn|6\n|\n|t:|1700490174\n|move|p2a: Grafaiai|Knock Off|p1a: Dondozo\n|-damage|p1a: Dondozo|65\/100\n|-enditem|p1a: Dondozo|Leftovers|[from] move: Knock Off|[of] p2a: Grafaiai\n|move|p1a: Dondozo|Liquidation|p2a: Grafaiai\n|-damage|p2a: Grafaiai|0 fnt\n|faint|p2a: Grafaiai\n|\n|-heal|p1a: Dondozo|71\/100|[from] Grassy Terrain\n|upkeep\n|\n|t:|1700490189\n|switch|p2a: Rillaboom|Rillaboom, M|100\/100\n|-damage|p2a: Rillaboom|88\/100|[from] Stealth Rock\n|turn|7\n|\n|t:|1700490199\n|switch|p1a: Hatterene|Hatterene, F|77\/100\n|move|p2a: Rillaboom|Grassy Glide|p1a: Hatterene\n|-damage|p1a: Hatterene|40\/100\n|\n|-heal|p2a: Rillaboom|94\/100|[from] Grassy Terrain\n|-heal|p1a: Hatterene|46\/100|[from] Grassy Terrain\n|upkeep\n|turn|8\n|\n|t:|1700490212\n|move|p2a: Rillaboom|Drum Beating|p1a: Hatterene\n|-damage|p1a: Hatterene|0 fnt\n|faint|p1a: Hatterene\n|\n|-heal|p2a: Rillaboom|100\/100|[from] Grassy Terrain\n|-fieldend|move: Grassy Terrain\n|upkeep\n|\n|t:|1700490217\n|switch|p1a: Cinderace|Cinderace, M|100\/100\n|turn|9\n|\n|t:|1700490227\n|switch|p2a: Volcanion|Volcanion|100\/100\n|-damage|p2a: Volcanion|76\/100|[from] Stealth Rock\n|move|p1a: Cinderace|U-turn|p2a: Volcanion\n|-start|p1a: Cinderace|typechange|Bug|[from] ability: Libero\n|-resisted|p2a: Volcanion\n|-damage|p2a: Volcanion|62\/100\n|\n|t:|1700490235\n|switch|p1a: Dragonite|Dragonite, F|100\/100|[from] U-turn\n|\n|upkeep\n|turn|10\n|\n|t:|1700490243\n|move|p1a: Dragonite|Dragon Dance|p1a: Dragonite\n|-boost|p1a: Dragonite|atk|1\n|-boost|p1a: Dragonite|spe|1\n|move|p2a: Volcanion|Earth Power|p1a: Dragonite\n|-immune|p1a: Dragonite\n|\n|upkeep\n|turn|11\n|\n|t:|1700490252\n|switch|p2a: Cinderace|Cinderace, F|100\/100\n|-damage|p2a: Cinderace|76\/100|[from] Stealth Rock\n|move|p1a: Dragonite|Dragon Dance|p1a: Dragonite\n|-boost|p1a: Dragonite|atk|1\n|-boost|p1a: Dragonite|spe|1\n|\n|-heal|p2a: Cinderace|82\/100|[from] item: Leftovers\n|upkeep\n|turn|12\n|\n|t:|1700490255\n|move|p1a: Dragonite|Earthquake|p2a: Cinderace\n|-supereffective|p2a: Cinderace\n|-damage|p2a: Cinderace|0 fnt\n|faint|p2a: Cinderace\n|\n|upkeep\n|\n|t:|1700490260\n|switch|p2a: Rillaboom|Rillaboom, M|100\/100\n|-damage|p2a: Rillaboom|88\/100|[from] Stealth Rock\n|-fieldstart|move: Grassy Terrain|[from] ability: Grassy Surge|[of] p2a: Rillaboom\n|turn|13\n|\n|t:|1700490267\n|move|p2a: Rillaboom|Grassy Glide|p1a: Dragonite\n|-resisted|p1a: Dragonite\n|-damage|p1a: Dragonite|95\/100\n|move|p1a: Dragonite|Fire Punch|p2a: Rillaboom\n|-supereffective|p2a: Rillaboom\n|-damage|p2a: Rillaboom|0 fnt\n|faint|p2a: Rillaboom\n|\n|upkeep\n|\n|t:|1700490280\n|switch|p2a: Hawlucha|Hawlucha, M, shiny|100\/100\n|-damage|p2a: Hawlucha|88\/100|[from] Stealth Rock\n|-enditem|p2a: Hawlucha|Grassy Seed\n|-boost|p2a: Hawlucha|def|1|[from] item: Grassy Seed\n|turn|14\n|inactive|Battle timer is ON: inactive players will automatically lose when time's up. (requested by Jacopino08)\n|\n|t:|1700490297\n|move|p2a: Hawlucha|Acrobatics|p1a: Dragonite\n|-damage|p1a: Dragonite|37\/100\n|move|p1a: Dragonite|Fire Punch|p2a: Hawlucha\n|-damage|p2a: Hawlucha|34\/100\n|\n|upkeep\n|turn|15\n|\n|t:|1700490303\n|-terastallize|p1a: Dragonite|Normal\n|move|p1a: Dragonite|Extreme Speed|p2a: Hawlucha\n|-damage|p2a: Hawlucha|0 fnt\n|faint|p2a: Hawlucha\n|\n|-heal|p1a: Dragonite|44\/100|[from] Grassy Terrain\n|upkeep\n|-message|Mrcrabfab forfeited.\n|\n|win|Jacopino08\n|raw|Jacopino08's rating: 1182 &rarr; <strong>1198<\/strong><br \/>(+16 for winning)\n|raw|Mrcrabfab's rating: 1052 &rarr; <strong>1041<\/strong><br \/>(-11 for losing)\n|l|\u2606Mrcrabfab\n","uploadtime":1700490330,"views":5,"p1id":"jacopino08","p2id":"mrcrabfab","formatid":"gen9ou","rating":1041,"private":0,"password":""}