{"id":"gen9ou-1990381834","p1":"knexhawk2","p2":"D Gym Teacher","format":"[Gen 9] OU","log":"|j|\u2606knexhawk2\n|j|\u2606D Gym Teacher\n|t:|1699964839\n|gametype|singles\n|player|p1|knexhawk2|red-masters|1839\n|player|p2|D Gym Teacher|veteran|1939\n|teamsize|p1|6\n|teamsize|p2|6\n|gen|9\n|tier|[Gen 9] OU\n|rated|\n|rule|Sleep Clause Mod: Limit one foe put to sleep\n|rule|Species Clause: Limit one of each Pok\u00e9mon\n|rule|OHKO Clause: OHKO moves are banned\n|rule|Evasion Items Clause: Evasion items are banned\n|rule|Evasion Moves Clause: Evasion moves are banned\n|rule|Endless Battle Clause: Forcing endless battles is banned\n|rule|HP Percentage Mod: HP is shown in percentages\n|clearpoke\n|poke|p1|Goodra-Hisui, F|\n|poke|p1|Blissey, F|\n|poke|p1|Dondozo, M|\n|poke|p1|Cyclizar, F|\n|poke|p1|Alomomola, F|\n|poke|p1|Clodsire, F|\n|poke|p2|Great Tusk|\n|poke|p2|Gholdengo|\n|poke|p2|Slowking-Galar, M|\n|poke|p2|Arcanine-Hisui, M|\n|poke|p2|Samurott-Hisui, M|\n|poke|p2|Zapdos|\n|teampreview\n|j| pikmin > pkmn\n|\n|t:|1699964858\n|start\n|switch|p1a: Alomomola|Alomomola, F|100\/100\n|switch|p2a: Slowking|Slowking-Galar, M|100\/100\n|turn|1\n|\n|t:|1699964880\n|switch|p1a: Goodra|Goodra-Hisui, F|100\/100\n|move|p2a: Slowking|Future Sight|p1a: Goodra\n|-start|p2a: Slowking|move: Future Sight\n|\n|upkeep\n|turn|2\n|\n|t:|1699964885\n|move|p1a: Goodra|Acid Armor|p1a: Goodra\n|-boost|p1a: Goodra|def|2\n|move|p2a: Slowking|Chilly Reception|p2a: Slowking\n|-weather|Snow\n|\n|t:|1699964892\n|switch|p2a: Great Tusk|Great Tusk|100\/100|[from] Chilly Reception\n|\n|-weather|Snow|[upkeep]\n|upkeep\n|turn|3\n|\n|t:|1699964897\n|move|p2a: Great Tusk|Knock Off|p1a: Goodra\n|-damage|p1a: Goodra|91\/100\n|-enditem|p1a: Goodra|Heavy-Duty Boots|[from] move: Knock Off|[of] p2a: Great Tusk\n|move|p1a: Goodra|Knock Off|p2a: Great Tusk\n|-resisted|p2a: Great Tusk\n|-damage|p2a: Great Tusk|96\/100\n|-enditem|p2a: Great Tusk|Leftovers|[from] move: Knock Off|[of] p1a: Goodra\n|\n|-weather|Snow|[upkeep]\n|-end|p1a: Goodra|move: Future Sight\n|-resisted|p1a: Goodra\n|-damage|p1a: Goodra|78\/100\n|upkeep\n|turn|4\n|\n|t:|1699964904\n|switch|p1a: Alomomola|Alomomola, F|100\/100\n|move|p2a: Great Tusk|Stealth Rock|p1a: Alomomola\n|-sidestart|p1: knexhawk2|move: Stealth Rock\n|\n|-weather|Snow|[upkeep]\n|upkeep\n|turn|5\n|\n|t:|1699964907\n|-end|p2a: Great Tusk|Protosynthesis|[silent]\n|switch|p2a: Slowking|Slowking-Galar, M|100\/100\n|move|p1a: Alomomola|Scald|p2a: Slowking\n|-damage|p2a: Slowking|92\/100\n|\n|-weather|Snow|[upkeep]\n|upkeep\n|turn|6\n|\n|t:|1699964913\n|move|p1a: Alomomola|Scald|p2a: Slowking\n|-damage|p2a: Slowking|83\/100\n|move|p2a: Slowking|Future Sight|p1a: Alomomola\n|-start|p2a: Slowking|move: Future Sight\n|\n|-weather|none\n|upkeep\n|turn|7\n|\n|t:|1699964918\n|move|p1a: Alomomola|Wish|p1a: Alomomola\n|move|p2a: Slowking|Chilly Reception|p2a: Slowking\n|-weather|Snow\n|j| LionmanXX5\n|\n|t:|1699964926\n|switch|p2a: Zapdos|Zapdos|100\/100|[from] Chilly Reception\n|\n|-weather|Snow|[upkeep]\n|upkeep\n|turn|8\n|\n|t:|1699964929\n|switch|p1a: Goodra|Goodra-Hisui, F|78\/100\n|-damage|p1a: Goodra|72\/100|[from] Stealth Rock\n|move|p2a: Zapdos|U-turn|p1a: Goodra\n|-resisted|p1a: Goodra\n|-damage|p1a: Goodra|67\/100\n|\n|t:|1699964933\n|switch|p2a: Great Tusk|Great Tusk|96\/100|[from] U-turn\n|\n|-weather|Snow|[upkeep]\n|-end|p1a: Goodra|move: Future Sight\n|-resisted|p1a: Goodra\n|-damage|p1a: Goodra|53\/100\n|-heal|p1a: Goodra|100\/100|[from] move: Wish|[wisher] Alomomola\n|upkeep\n|turn|9\n|j| Loculaa\n|\n|t:|1699964935\n|switch|p1a: Alomomola|Alomomola, F|100\/100\n|move|p2a: Great Tusk|Knock Off|p1a: Alomomola\n|-damage|p1a: Alomomola|86\/100\n|-enditem|p1a: Alomomola|Heavy-Duty Boots|[from] move: Knock Off|[of] p2a: Great Tusk\n|\n|-weather|Snow|[upkeep]\n|upkeep\n|turn|10\n|\n|t:|1699964940\n|-end|p2a: Great Tusk|Protosynthesis|[silent]\n|switch|p2a: Slowking|Slowking-Galar, M|100\/100\n|move|p1a: Alomomola|Scald|p2a: Slowking\n|-crit|p2a: Slowking\n|-damage|p2a: Slowking|87\/100\n|\n|-weather|Snow|[upkeep]\n|upkeep\n|turn|11\n|\n|t:|1699964945\n|move|p1a: Alomomola|Scald|p2a: Slowking\n|-damage|p2a: Slowking|77\/100\n|move|p2a: Slowking|Future Sight|p1a: Alomomola\n|-start|p2a: Slowking|move: Future Sight\n|\n|-weather|none\n|upkeep\n|turn|12\n|\n|t:|1699964949\n|move|p1a: Alomomola|Wish|p1a: Alomomola\n|move|p2a: Slowking|Chilly Reception|p2a: Slowking\n|-weather|Snow\n|\n|t:|1699964957\n|switch|p2a: Samurott|Samurott-Hisui, M|100\/100|[from] Chilly Reception\n|\n|-weather|Snow|[upkeep]\n|upkeep\n|turn|13\n|\n|t:|1699964964\n|move|p1a: Alomomola|Protect|p1a: Alomomola\n|-singleturn|p1a: Alomomola|Protect\n|move|p2a: Samurott|Ceaseless Edge|p1a: Alomomola\n|-activate|p1a: Alomomola|move: Protect\n|\n|-weather|Snow|[upkeep]\n|-end|p1a: Alomomola|move: Future Sight\n|-damage|p1a: Alomomola|37\/100\n|-heal|p1a: Alomomola|87\/100|[from] move: Wish|[wisher] Alomomola\n|upkeep\n|turn|14\n|\n|t:|1699964972\n|switch|p2a: Slowking|Slowking-Galar, M|100\/100\n|move|p1a: Alomomola|Scald|p2a: Slowking\n|-damage|p2a: Slowking|91\/100\n|\n|-weather|Snow|[upkeep]\n|upkeep\n|turn|15\n|\n|t:|1699964978\n|move|p1a: Alomomola|Scald|p2a: Slowking\n|-damage|p2a: Slowking|82\/100\n|move|p2a: Slowking|Sludge Bomb|p1a: Alomomola\n|-damage|p1a: Alomomola|49\/100\n|-status|p1a: Alomomola|psn\n|\n|-weather|Snow|[upkeep]\n|-damage|p1a: Alomomola|36\/100 psn|[from] psn\n|upkeep\n|turn|16\n|c|\u2606knexhawk2|aight\n|\n|t:|1699964986\n|switch|p1a: Goodra|Goodra-Hisui, F|100\/100\n|-damage|p1a: Goodra|94\/100|[from] Stealth Rock\n|move|p2a: Slowking|Future Sight|p1a: Goodra\n|-start|p2a: Slowking|move: Future Sight\n|\n|-weather|none\n|upkeep\n|turn|17\n|j| lgang007\n|\n|t:|1699964994\n|move|p1a: Goodra|Acid Armor|p1a: Goodra\n|-boost|p1a: Goodra|def|2\n|move|p2a: Slowking|Chilly Reception|p2a: Slowking\n|-weather|Snow\n|\n|t:|1699965002\n|switch|p2a: Gholdengo|Gholdengo|100\/100|[from] Chilly Reception\n|\n|-weather|Snow|[upkeep]\n|upkeep\n|turn|18\n|\n|t:|1699965006\n|switch|p1a: Blissey|Blissey, F|100\/100\n|move|p2a: Gholdengo|Trick|p1a: Blissey\n|-activate|p2a: Gholdengo|move: Trick|[of] p1a: Blissey\n|-item|p1a: Blissey|Choice Scarf|[from] move: Trick\n|-item|p2a: Gholdengo|Heavy-Duty Boots|[from] move: Trick\n|\n|-weather|Snow|[upkeep]\n|-end|p1a: Blissey|move: Future Sight\n|-damage|p1a: Blissey|88\/100\n|upkeep\n|turn|19\n|\n|t:|1699965012\n|switch|p2a: Great Tusk|Great Tusk|96\/100\n|move|p1a: Blissey|Heal Bell|p1a: Blissey\n|-activate|p1a: Blissey|move: Heal Bell\n|-curestatus|p1: Alomomola|psn|[msg]\n|\n|-weather|Snow|[upkeep]\n|upkeep\n|turn|20\n|\n|t:|1699965020\n|-end|p2a: Great Tusk|Protosynthesis|[silent]\n|switch|p2a: Slowking|Slowking-Galar, M|100\/100\n|switch|p1a: Alomomola|Alomomola, F|70\/100\n|-damage|p1a: Alomomola|57\/100|[from] Stealth Rock\n|\n|-weather|Snow|[upkeep]\n|upkeep\n|turn|21\n|\n|t:|1699965026\n|switch|p1a: Goodra|Goodra-Hisui, F|94\/100\n|-damage|p1a: Goodra|88\/100|[from] Stealth Rock\n|move|p2a: Slowking|Sludge Bomb|p1a: Goodra\n|-immune|p1a: Goodra\n|\n|-weather|none\n|upkeep\n|turn|22\n|\n|t:|1699965030\n|move|p1a: Goodra|Knock Off|p2a: Slowking\n|-supereffective|p2a: Slowking\n|-damage|p2a: Slowking|63\/100\n|-enditem|p2a: Slowking|Heavy-Duty Boots|[from] move: Knock Off|[of] p1a: Goodra\n|move|p2a: Slowking|Future Sight|p1a: Goodra\n|-start|p2a: Slowking|move: Future Sight\n|\n|upkeep\n|turn|23\n|\n|t:|1699965033\n|move|p1a: Goodra|Acid Armor|p1a: Goodra\n|-boost|p1a: Goodra|def|2\n|move|p2a: Slowking|Chilly Reception|p2a: Slowking\n|-weather|Snow\n|\n|t:|1699965038\n|switch|p2a: Gholdengo|Gholdengo|100\/100|[from] Chilly Reception\n|\n|-weather|Snow|[upkeep]\n|upkeep\n|turn|24\n|\n|t:|1699965042\n|switch|p1a: Blissey|Blissey, F|88\/100\n|-damage|p1a: Blissey|75\/100|[from] Stealth Rock\n|move|p2a: Gholdengo|Shadow Ball|p1a: Blissey\n|-immune|p1a: Blissey\n|\n|-weather|Snow|[upkeep]\n|-end|p1a: Blissey|move: Future Sight\n|-damage|p1a: Blissey|62\/100\n|upkeep\n|turn|25\n|\n|t:|1699965048\n|switch|p2a: Samurott|Samurott-Hisui, M|100\/100\n|move|p1a: Blissey|Seismic Toss|p2a: Samurott\n|-damage|p2a: Samurott|69\/100\n|\n|-weather|Snow|[upkeep]\n|upkeep\n|turn|26\n|j| testrariare\n|\n|t:|1699965051\n|switch|p1a: Alomomola|Alomomola, F|91\/100\n|-damage|p1a: Alomomola|78\/100|[from] Stealth Rock\n|move|p2a: Samurott|Ceaseless Edge|p1a: Alomomola\n|-damage|p1a: Alomomola|55\/100\n|-sidestart|p1: knexhawk2|Spikes\n|\n|-weather|Snow|[upkeep]\n|upkeep\n|turn|27\n|\n|t:|1699965055\n|move|p2a: Samurott|Swords Dance|p2a: Samurott\n|-boost|p2a: Samurott|atk|2\n|move|p1a: Alomomola|Wish|p1a: Alomomola\n|\n|-weather|none\n|upkeep\n|turn|28\n|\n|t:|1699965062\n|switch|p2a: Slowking|Slowking-Galar, M|96\/100\n|move|p1a: Alomomola|Scald|p2a: Slowking\n|-damage|p2a: Slowking|87\/100\n|\n|-heal|p1a: Alomomola|100\/100|[from] move: Wish|[wisher] Alomomola\n|upkeep\n|turn|29\n|\n|t:|1699965066\n|switch|p1a: Cyclizar|Cyclizar, F|100\/100\n|move|p2a: Slowking|Future Sight|p1a: Cyclizar\n|-start|p2a: Slowking|move: Future Sight\n|\n|upkeep\n|turn|30\n|\n|t:|1699965071\n|switch|p2a: Gholdengo|Gholdengo|100\/100\n|move|p1a: Cyclizar|Knock Off|p2a: Gholdengo\n|-supereffective|p2a: Gholdengo\n|-damage|p2a: Gholdengo|48\/100\n|-enditem|p2a: Gholdengo|Heavy-Duty Boots|[from] move: Knock Off|[of] p1a: Cyclizar\n|\n|upkeep\n|turn|31\n|\n|t:|1699965091\n|switch|p2a: Arcanine|Arcanine-Hisui, M|100\/100\n|move|p1a: Cyclizar|U-turn|p2a: Arcanine\n|-resisted|p2a: Arcanine\n|-damage|p2a: Arcanine|91\/100\n|l| pikmin > pkmn\n|\n|t:|1699965102\n|switch|p1a: Blissey|Blissey, F|62\/100|[from] U-turn\n|-damage|p1a: Blissey|50\/100|[from] Stealth Rock\n|-damage|p1a: Blissey|37\/100|[from] Spikes\n|\n|-end|p1a: Blissey|move: Future Sight\n|-damage|p1a: Blissey|24\/100\n|upkeep\n|turn|32\n|\n|t:|1699965110\n|switch|p1a: Alomomola|Alomomola, F|100\/100\n|-damage|p1a: Alomomola|88\/100|[from] Stealth Rock\n|-damage|p1a: Alomomola|76\/100|[from] Spikes\n|move|p2a: Arcanine|Head Smash|p1a: Alomomola\n|-damage|p1a: Alomomola|17\/100\n|\n|upkeep\n|turn|33\n|\n|t:|1699965113\n|switch|p1a: Goodra|Goodra-Hisui, F|88\/100\n|-damage|p1a: Goodra|82\/100|[from] Stealth Rock\n|-damage|p1a: Goodra|70\/100|[from] Spikes\n|move|p2a: Arcanine|Head Smash|p1a: Goodra\n|-resisted|p1a: Goodra\n|-damage|p1a: Goodra|31\/100\n|\n|upkeep\n|turn|34\n|j| CyrusD\n|\n|t:|1699965122\n|switch|p1a: Clodsire|Clodsire, F|100\/100\n|move|p2a: Arcanine|Head Smash|p1a: Clodsire|[miss]\n|-miss|p2a: Arcanine|p1a: Clodsire\n|\n|upkeep\n|turn|35\n|\n|t:|1699965128\n|switch|p2a: Slowking|Slowking-Galar, M|100\/100\n|move|p1a: Clodsire|Spikes|p2a: Slowking\n|-sidestart|p2: D Gym Teacher|Spikes\n|\n|upkeep\n|turn|36\n|\n|t:|1699965135\n|switch|p1a: Cyclizar|Cyclizar, F|100\/100\n|move|p2a: Slowking|Chilly Reception|p2a: Slowking\n|-weather|Snow\n|\n|t:|1699965163\n|switch|p2a: Arcanine|Arcanine-Hisui, M|91\/100|[from] Chilly Reception\n|-damage|p2a: Arcanine|78\/100|[from] Spikes\n|\n|-weather|Snow|[upkeep]\n|upkeep\n|turn|37\n|\n|t:|1699965170\n|switch|p1a: Dondozo|Dondozo, M|100\/100\n|move|p2a: Arcanine|Head Smash|p1a: Dondozo\n|-damage|p1a: Dondozo|51\/100\n|\n|-weather|Snow|[upkeep]\n|upkeep\n|turn|38\n|\n|t:|1699965180\n|switch|p2a: Great Tusk|Great Tusk|96\/100\n|-damage|p2a: Great Tusk|83\/100|[from] Spikes\n|move|p1a: Dondozo|Rest|p1a: Dondozo\n|-status|p1a: Dondozo|slp|[from] move: Rest\n|-heal|p1a: Dondozo|100\/100 slp|[silent]\n|\n|-weather|Snow|[upkeep]\n|upkeep\n|turn|39\n|\n|t:|1699965182\n|switch|p1a: Alomomola|Alomomola, F|50\/100\n|-damage|p1a: Alomomola|38\/100|[from] Stealth Rock\n|-damage|p1a: Alomomola|25\/100|[from] Spikes\n|move|p2a: Great Tusk|Rapid Spin|p1a: Alomomola\n|-damage|p1a: Alomomola|17\/100\n|-boost|p2a: Great Tusk|spe|1\n|-sideend|p2: D Gym Teacher|Spikes|[from] move: Rapid Spin|[of] p2a: Great Tusk\n|\n|-weather|Snow|[upkeep]\n|upkeep\n|turn|40\n|\n|t:|1699965187\n|-terastallize|p1a: Alomomola|Flying\n|move|p2a: Great Tusk|Earthquake|p1a: Alomomola\n|-immune|p1a: Alomomola\n|move|p1a: Alomomola|Wish|p1a: Alomomola\n|\n|-weather|none\n|upkeep\n|turn|41\n|\n|t:|1699965195\n|-end|p2a: Great Tusk|Protosynthesis|[silent]\n|switch|p2a: Slowking|Slowking-Galar, M|100\/100\n|move|p1a: Alomomola|Scald|p2a: Slowking\n|-damage|p2a: Slowking|92\/100\n|\n|-heal|p1a: Alomomola|67\/100|[from] move: Wish|[wisher] Alomomola\n|upkeep\n|turn|42\n|\n|t:|1699965204\n|switch|p1a: Cyclizar|Cyclizar, F|100\/100\n|move|p2a: Slowking|Sludge Bomb|p1a: Cyclizar\n|-damage|p1a: Cyclizar|65\/100\n|\n|upkeep\n|turn|43\n|\n|t:|1699965212\n|move|p1a: Cyclizar|Rapid Spin|p2a: Slowking\n|-damage|p2a: Slowking|77\/100\n|-boost|p1a: Cyclizar|spe|1\n|-sideend|p1: knexhawk2|Spikes|[from] move: Rapid Spin|[of] p1a: Cyclizar\n|-sideend|p1: knexhawk2|Stealth Rock|[from] move: Rapid Spin|[of] p1a: Cyclizar\n|move|p2a: Slowking|Sludge Bomb|p1a: Cyclizar\n|-damage|p1a: Cyclizar|30\/100\n|-status|p1a: Cyclizar|psn\n|\n|-damage|p1a: Cyclizar|18\/100 psn|[from] psn\n|upkeep\n|turn|44\n|c|\u2606knexhawk2|how do you do it\n|\n|t:|1699965219\n|move|p1a: Cyclizar|U-turn|p2a: Slowking\n|-damage|p2a: Slowking|63\/100\n|\n|t:|1699965220\n|switch|p1a: Blissey|Blissey, F|24\/100|[from] U-turn\n|move|p2a: Slowking|Chilly Reception|p2a: Slowking\n|-weather|Snow\n|\n|t:|1699965224\n|switch|p2a: Gholdengo|Gholdengo|48\/100|[from] Chilly Reception\n|\n|-weather|Snow|[upkeep]\n|upkeep\n|turn|45\n|\n|t:|1699965227\n|move|p2a: Gholdengo|Recover|p2a: Gholdengo\n|-heal|p2a: Gholdengo|99\/100\n|move|p1a: Blissey|Soft-Boiled|p1a: Blissey\n|-heal|p1a: Blissey|74\/100\n|\n|-weather|Snow|[upkeep]\n|upkeep\n|turn|46\n|\n|t:|1699965234\n|switch|p2a: Great Tusk|Great Tusk|83\/100\n|switch|p1a: Alomomola|Alomomola, F, tera:Flying|99\/100\n|\n|-weather|Snow|[upkeep]\n|upkeep\n|turn|47\n|\n|t:|1699965239\n|move|p2a: Great Tusk|Stealth Rock|p1a: Alomomola\n|-sidestart|p1: knexhawk2|move: Stealth Rock\n|move|p1a: Alomomola|Scald|p2a: Great Tusk\n|-supereffective|p2a: Great Tusk\n|-damage|p2a: Great Tusk|45\/100\n|-status|p2a: Great Tusk|brn\n|\n|-weather|Snow|[upkeep]\n|-damage|p2a: Great Tusk|39\/100 brn|[from] brn\n|upkeep\n|turn|48\n|\n|t:|1699965243\n|-end|p2a: Great Tusk|Protosynthesis|[silent]\n|switch|p2a: Slowking|Slowking-Galar, M|96\/100\n|move|p1a: Alomomola|Scald|p2a: Slowking\n|-damage|p2a: Slowking|87\/100\n|\n|-weather|none\n|upkeep\n|turn|49\n|\n|t:|1699965250\n|move|p1a: Alomomola|Scald|p2a: Slowking\n|-damage|p2a: Slowking|79\/100\n|-status|p2a: Slowking|brn\n|move|p2a: Slowking|Future Sight|p1a: Alomomola\n|-start|p2a: Slowking|move: Future Sight\n|\n|-damage|p2a: Slowking|73\/100 brn|[from] brn\n|upkeep\n|turn|50\n|\n|t:|1699965254\n|move|p1a: Alomomola|Wish|p1a: Alomomola\n|move|p2a: Slowking|Chilly Reception|p2a: Slowking\n|-weather|Snow\n|\n|t:|1699965267\n|switch|p2a: Zapdos|Zapdos|100\/100|[from] Chilly Reception\n|\n|-weather|Snow|[upkeep]\n|upkeep\n|turn|51\n|\n|t:|1699965278\n|switch|p1a: Goodra|Goodra-Hisui, F|31\/100\n|-damage|p1a: Goodra|25\/100|[from] Stealth Rock\n|move|p2a: Zapdos|Discharge|p1a: Goodra\n|-resisted|p1a: Goodra\n|-damage|p1a: Goodra|14\/100\n|-status|p1a: Goodra|par\n|\n|-weather|Snow|[upkeep]\n|-end|p1a: Goodra|move: Future Sight\n|-resisted|p1a: Goodra\n|-damage|p1a: Goodra|0 fnt\n|faint|p1a: Goodra\n|upkeep\n|\n|t:|1699965284\n|switch|p1a: Cyclizar|Cyclizar, F|51\/100 psn\n|turn|52\n|\n|t:|1699965290\n|switch|p2a: Gholdengo|Gholdengo|99\/100\n|move|p1a: Cyclizar|U-turn|p2a: Gholdengo\n|-resisted|p2a: Gholdengo\n|-damage|p2a: Gholdengo|94\/100\n|\n|t:|1699965292\n|switch|p1a: Clodsire|Clodsire, F|100\/100|[from] U-turn\n|\n|-weather|Snow|[upkeep]\n|upkeep\n|turn|53\n|\n|t:|1699965302\n|switch|p2a: Great Tusk|Great Tusk|39\/100 brn\n|switch|p1a: Blissey|Blissey, F|74\/100\n|-damage|p1a: Blissey|61\/100|[from] Stealth Rock\n|\n|-weather|Snow|[upkeep]\n|-damage|p2a: Great Tusk|32\/100 brn|[from] brn\n|upkeep\n|turn|54\n|\n|t:|1699965312\n|-end|p2a: Great Tusk|Protosynthesis|[silent]\n|switch|p2a: Samurott|Samurott-Hisui, M|69\/100\n|move|p1a: Blissey|Soft-Boiled|p1a: Blissey\n|-heal|p1a: Blissey|100\/100\n|\n|-weather|none\n|upkeep\n|turn|55\n|j| Night cOluusum\n|\n|t:|1699965316\n|switch|p1a: Alomomola|Alomomola, F, tera:Flying|100\/100\n|-damage|p1a: Alomomola|76\/100|[from] Stealth Rock\n|move|p2a: Samurott|Ceaseless Edge|p1a: Alomomola\n|-damage|p1a: Alomomola|53\/100\n|-sidestart|p1: knexhawk2|Spikes\n|\n|upkeep\n|turn|56\n|j| abr fan 2\n|c| Night cOluusum|u use stall\n|\n|t:|1699965321\n|move|p2a: Samurott|Ceaseless Edge|p1a: Alomomola\n|-damage|p1a: Alomomola|27\/100\n|-sidestart|p1: knexhawk2|Spikes\n|move|p1a: Alomomola|Scald|p2a: Samurott\n|-resisted|p2a: Samurott\n|-damage|p2a: Samurott|59\/100\n|\n|upkeep\n|turn|57\n|\n|t:|1699965328\n|move|p2a: Samurott|Ceaseless Edge|p1a: Alomomola\n|-damage|p1a: Alomomola|2\/100\n|-sidestart|p1: knexhawk2|Spikes\n|move|p1a: Alomomola|Wish|p1a: Alomomola\n|\n|upkeep\n|turn|58\n|c| Night cOluusum|U USE STALL\n|c|\u2606knexhawk2|very astute observation\n|\n|t:|1699965351\n|switch|p2a: Slowking|Slowking-Galar, M|100\/100 brn\n|move|p1a: Alomomola|Protect||[still]\n|-fail|p1a: Alomomola\n|\n|-heal|p1a: Alomomola|52\/100|[from] move: Wish|[wisher] Alomomola\n|-damage|p2a: Slowking|94\/100 brn|[from] brn\n|upkeep\n|turn|59\n|\n|t:|1699965358\n|switch|p1a: Cyclizar|Cyclizar, F|84\/100 psn\n|move|p2a: Slowking|Sludge Bomb|p1a: Cyclizar\n|-damage|p1a: Cyclizar|48\/100 psn\n|\n|-damage|p1a: Cyclizar|36\/100 psn|[from] psn\n|-damage|p2a: Slowking|88\/100 brn|[from] brn\n|upkeep\n|turn|60\n|\n|t:|1699965364\n|switch|p2a: Gholdengo|Gholdengo|94\/100\n|move|p1a: Cyclizar|U-turn|p2a: Gholdengo\n|-resisted|p2a: Gholdengo\n|-damage|p2a: Gholdengo|90\/100\n|\n|t:|1699965367\n|switch|p1a: Clodsire|Clodsire, F|100\/100|[from] U-turn\n|\n|upkeep\n|turn|61\n|c| Night cOluusum|isnt shed tail banned\n|\n|t:|1699965376\n|switch|p1a: Blissey|Blissey, F|100\/100\n|-damage|p1a: Blissey|88\/100|[from] Stealth Rock\n|-damage|p1a: Blissey|63\/100|[from] Spikes\n|move|p2a: Gholdengo|Trick|p1a: Blissey\n|-activate|p2a: Gholdengo|move: Trick|[of] p1a: Blissey\n|-enditem|p1a: Blissey|Choice Scarf|[silent]|[from] move: Trick\n|-item|p2a: Gholdengo|Choice Scarf|[from] move: Trick\n|\n|upkeep\n|turn|62\n|c|\u2606knexhawk2|yes\n|\n|t:|1699965390\n|move|p2a: Gholdengo|Trick|p1a: Blissey\n|-activate|p2a: Gholdengo|move: Trick|[of] p1a: Blissey\n|-item|p1a: Blissey|Choice Scarf|[from] move: Trick\n|-enditem|p2a: Gholdengo|Choice Scarf|[silent]|[from] move: Trick\n|move|p1a: Blissey|Stealth Rock|p2a: Gholdengo\n|-sidestart|p2: D Gym Teacher|move: Stealth Rock\n|\n|upkeep\n|turn|63\n|\n|t:|1699965397\n|move|p2a: Gholdengo|Make It Rain|p1a: Blissey\n|-damage|p1a: Blissey|45\/100\n|-unboost|p2a: Gholdengo|spa|1\n|move|p1a: Blissey|Stealth Rock||[still]\n|-fail|p1a: Blissey\n|\n|upkeep\n|turn|64\n|\n|t:|1699965403\n|switch|p2a: Great Tusk|Great Tusk|32\/100 brn\n|-damage|p2a: Great Tusk|29\/100 brn|[from] Stealth Rock\n|switch|p1a: Alomomola|Alomomola, F, tera:Flying|85\/100\n|-damage|p1a: Alomomola|60\/100|[from] Stealth Rock\n|\n|-damage|p2a: Great Tusk|23\/100 brn|[from] brn\n|upkeep\n|turn|65\n|\n|t:|1699965407\n|move|p2a: Great Tusk|Rapid Spin|p1a: Alomomola\n|-damage|p1a: Alomomola|56\/100\n|-boost|p2a: Great Tusk|spe|1\n|-sideend|p2: D Gym Teacher|Stealth Rock|[from] move: Rapid Spin|[of] p2a: Great Tusk\n|move|p1a: Alomomola|Wish|p1a: Alomomola\n|\n|-damage|p2a: Great Tusk|17\/100 brn|[from] brn\n|upkeep\n|turn|66\n|\n|t:|1699965416\n|-end|p2a: Great Tusk|Protosynthesis|[silent]\n|switch|p2a: Zapdos|Zapdos|100\/100\n|switch|p1a: Blissey|Blissey, F|45\/100\n|-damage|p1a: Blissey|32\/100|[from] Stealth Rock\n|-damage|p1a: Blissey|7\/100|[from] Spikes\n|\n|-heal|p1a: Blissey|48\/100|[from] move: Wish|[wisher] Alomomola\n|upkeep\n|turn|67\n|\n|t:|1699965421\n|move|p2a: Zapdos|U-turn|p1a: Blissey\n|-damage|p1a: Blissey|35\/100\n|\n|t:|1699965427\n|switch|p2a: Arcanine|Arcanine-Hisui, M|78\/100|[from] U-turn\n|move|p1a: Blissey|Soft-Boiled|p1a: Blissey\n|-heal|p1a: Blissey|85\/100\n|\n|upkeep\n|turn|68\n|\n|t:|1699965436\n|switch|p1a: Dondozo|Dondozo, M|100\/100 slp\n|move|p2a: Arcanine|Head Smash|p1a: Dondozo|[miss]\n|-miss|p2a: Arcanine|p1a: Dondozo\n|\n|upkeep\n|turn|69\n|\n|t:|1699965441\n|switch|p2a: Zapdos|Zapdos|100\/100\n|cant|p1a: Dondozo|slp\n|move|p1a: Dondozo|Sleep Talk|p1a: Dondozo\n|move|p1a: Dondozo|Curse|p1a: Dondozo|[from]move: Sleep Talk\n|-unboost|p1a: Dondozo|spe|1\n|-boost|p1a: Dondozo|atk|1\n|-boost|p1a: Dondozo|def|1\n|\n|upkeep\n|turn|70\n|\n|t:|1699965454\n|switch|p1a: Clodsire|Clodsire, F|100\/100\n|move|p2a: Zapdos|U-turn|p1a: Clodsire\n|-resisted|p1a: Clodsire\n|-damage|p1a: Clodsire|94\/100\n|\n|t:|1699965464\n|switch|p2a: Arcanine|Arcanine-Hisui, M|78\/100|[from] U-turn\n|\n|upkeep\n|turn|71\n|\n|t:|1699965468\n|switch|p1a: Dondozo|Dondozo, M|100\/100 slp\n|-terastallize|p2a: Arcanine|Normal\n|move|p2a: Arcanine|Double-Edge|p1a: Dondozo\n|-damage|p1a: Dondozo|63\/100 slp\n|\n|upkeep\n|turn|72\n|l| testrariare\n|\n|t:|1699965476\n|switch|p1a: Blissey|Blissey, F|85\/100\n|-damage|p1a: Blissey|73\/100|[from] Stealth Rock\n|-damage|p1a: Blissey|48\/100|[from] Spikes\n|move|p2a: Arcanine|Double-Edge|p1a: Blissey\n|-damage|p1a: Blissey|0 fnt\n|faint|p1a: Blissey\n|\n|upkeep\n|\n|t:|1699965477\n|switch|p1a: Alomomola|Alomomola, F, tera:Flying|90\/100\n|-damage|p1a: Alomomola|65\/100|[from] Stealth Rock\n|turn|73\n|j| Sviqma\n|\n|t:|1699965482\n|switch|p2a: Slowking|Slowking-Galar, M|100\/100 brn\n|move|p1a: Alomomola|Wish|p1a: Alomomola\n|\n|-damage|p2a: Slowking|94\/100 brn|[from] brn\n|upkeep\n|turn|74\n|\n|t:|1699965489\n|move|p1a: Alomomola|Whirlpool|p2a: Slowking\n|-damage|p2a: Slowking|91\/100 brn\n|-activate|p2a: Slowking|move: Whirlpool|[of] p1a: Alomomola\n|move|p2a: Slowking|Chilly Reception|p2a: Slowking\n|-weather|Snow\n|c| Night cOluusum|u are mean\n|j| HotheadIsTheGoat\n|\n|t:|1699965497\n|switch|p2a: Zapdos|Zapdos|100\/100|[from] Chilly Reception\n|\n|-weather|Snow|[upkeep]\n|-heal|p1a: Alomomola|100\/100|[from] move: Wish|[wisher] Alomomola\n|upkeep\n|turn|75\n|\n|t:|1699965503\n|switch|p1a: Cyclizar|Cyclizar, F|69\/100 psn\n|move|p2a: Zapdos|U-turn|p1a: Cyclizar\n|-damage|p1a: Cyclizar|49\/100 psn\n|\n|t:|1699965509\n|switch|p2a: Gholdengo|Gholdengo|90\/100|[from] U-turn\n|\n|-weather|Snow|[upkeep]\n|-damage|p1a: Cyclizar|36\/100 psn|[from] psn\n|upkeep\n|turn|76\n|\n|t:|1699965517\n|move|p1a: Cyclizar|U-turn|p2a: Gholdengo\n|-resisted|p2a: Gholdengo\n|-damage|p2a: Gholdengo|86\/100\n|\n|t:|1699965518\n|switch|p1a: Clodsire|Clodsire, F|94\/100|[from] U-turn\n|move|p2a: Gholdengo|Trick|p1a: Clodsire\n|-activate|p2a: Gholdengo|move: Trick|[of] p1a: Clodsire\n|-enditem|p1a: Clodsire|Heavy-Duty Boots|[silent]|[from] move: Trick\n|-item|p2a: Gholdengo|Heavy-Duty Boots|[from] move: Trick\n|\n|-weather|Snow|[upkeep]\n|upkeep\n|turn|77\n|c|\u2606knexhawk2|gg\n|-message|knexhawk2 forfeited.\n|\n|win|D Gym Teacher\n|raw|knexhawk2's rating: 1839 &rarr; <strong>1825<\/strong><br \/>(-14 for losing)\n|raw|D Gym Teacher's rating: 1939 &rarr; <strong>1953<\/strong><br \/>(+14 for winning)\n|l|\u2606knexhawk2\n|l|\u2606D Gym Teacher\n|l| HotheadIsTheGoat\n|j| thegymmerteachere\n|l| Loculaa\n","uploadtime":1699965568,"views":10,"p1id":"knexhawk2","p2id":"dgymteacher","formatid":"gen9ou","rating":1825,"private":0,"password":""}