{"id":"gen9ou-1990674510","p1":"Felckon","p2":"squi101","format":"[Gen 9] OU","log":"|j|\u2606Felckon\n|j|\u2606squi101\n|t:|1699990736\n|gametype|singles\n|player|p1|Felckon|acetrainersnow|1368\n|player|p2|squi101|1|1345\n|teamsize|p1|6\n|teamsize|p2|6\n|gen|9\n|tier|[Gen 9] OU\n|rated|\n|rule|Sleep Clause Mod: Limit one foe put to sleep\n|rule|Species Clause: Limit one of each Pok\u00e9mon\n|rule|OHKO Clause: OHKO moves are banned\n|rule|Evasion Items Clause: Evasion items are banned\n|rule|Evasion Moves Clause: Evasion moves are banned\n|rule|Endless Battle Clause: Forcing endless battles is banned\n|rule|HP Percentage Mod: HP is shown in percentages\n|clearpoke\n|poke|p1|Articuno|\n|poke|p1|Ninetales-Alola, M|\n|poke|p1|Corviknight, F|\n|poke|p1|Slowking, M|\n|poke|p1|Dragapult, F|\n|poke|p1|Great Tusk|\n|poke|p2|Thundurus-Therian, M|\n|poke|p2|Sinistcha|\n|poke|p2|Ogerpon-Wellspring, F|\n|poke|p2|Torkoal, M|\n|poke|p2|Kingambit, F|\n|poke|p2|Hydreigon, M|\n|teampreview\n|\n|t:|1699990749\n|start\n|switch|p1a: Slowking|Slowking, M|100\/100\n|switch|p2a: Ogerpon|Ogerpon-Wellspring, F|100\/100\n|turn|1\n|\n|t:|1699990758\n|switch|p1a: Corviknight|Corviknight, F|100\/100\n|-ability|p1a: Corviknight|Pressure\n|move|p2a: Ogerpon|Taunt|p1a: Corviknight\n|-start|p1a: Corviknight|move: Taunt\n|\n|upkeep\n|turn|2\n|\n|t:|1699990765\n|move|p2a: Ogerpon|Spikes|p1a: Corviknight\n|-sidestart|p1: Felckon|Spikes\n|move|p1a: Corviknight|U-turn|p2a: Ogerpon\n|-supereffective|p2a: Ogerpon\n|-damage|p2a: Ogerpon|60\/100\n|\n|t:|1699990777\n|switch|p1a: Slowking|Slowking, M|100\/100|[from] U-turn\n|-damage|p1a: Slowking|88\/100|[from] Spikes\n|\n|upkeep\n|turn|3\n|\n|t:|1699990782\n|move|p2a: Ogerpon|Taunt|p1a: Slowking\n|-start|p1a: Slowking|move: Taunt\n|move|p1a: Slowking|Future Sight|p2a: Ogerpon\n|-start|p1a: Slowking|move: Future Sight\n|\n|upkeep\n|turn|4\n|\n|t:|1699990787\n|switch|p1a: Corviknight|Corviknight, F|100\/100\n|-ability|p1a: Corviknight|Pressure\n|move|p2a: Ogerpon|U-turn|p1a: Corviknight\n|-resisted|p1a: Corviknight\n|-damage|p1a: Corviknight|96\/100\n|-damage|p2a: Ogerpon|43\/100|[from] item: Rocky Helmet|[of] p1a: Corviknight\n|\n|t:|1699990803\n|switch|p2a: Thundurus|Thundurus-Therian, M, shiny|100\/100|[from] U-turn\n|\n|upkeep\n|turn|5\n|\n|t:|1699990810\n|switch|p1a: Great Tusk|Great Tusk|100\/100\n|-damage|p1a: Great Tusk|88\/100|[from] Spikes\n|move|p2a: Thundurus|Volt Switch|p1a: Great Tusk\n|-immune|p1a: Great Tusk\n|\n|-end|p2a: Thundurus|move: Future Sight\n|-damage|p2a: Thundurus|42\/100\n|upkeep\n|turn|6\n|\n|t:|1699990828\n|switch|p2a: Hydreigon|Hydreigon, M|100\/100\n|move|p1a: Great Tusk|Rapid Spin|p2a: Hydreigon\n|-damage|p2a: Hydreigon|86\/100\n|-boost|p1a: Great Tusk|spe|1\n|-sideend|p1: Felckon|Spikes|[from] move: Rapid Spin|[of] p1a: Great Tusk\n|\n|upkeep\n|turn|7\n|\n|t:|1699990841\n|move|p1a: Great Tusk|Close Combat|p2a: Hydreigon\n|-supereffective|p2a: Hydreigon\n|-damage|p2a: Hydreigon|0 fnt\n|-unboost|p1a: Great Tusk|def|1\n|-unboost|p1a: Great Tusk|spd|1\n|faint|p2a: Hydreigon\n|\n|upkeep\n|\n|t:|1699990853\n|switch|p2a: Sinistcha|Sinistcha|100\/100\n|turn|8\n|\n|t:|1699990858\n|move|p1a: Great Tusk|Knock Off|p2a: Sinistcha\n|-supereffective|p2a: Sinistcha\n|-damage|p2a: Sinistcha|61\/100\n|-enditem|p2a: Sinistcha|Leftovers|[from] move: Knock Off|[of] p1a: Great Tusk\n|move|p2a: Sinistcha|Strength Sap|p1a: Great Tusk\n|-unboost|p1a: Great Tusk|atk|1\n|-heal|p2a: Sinistcha|100\/100\n|\n|upkeep\n|turn|9\n|\n|t:|1699990867\n|-end|p1a: Great Tusk|Protosynthesis|[silent]\n|switch|p1a: Corviknight|Corviknight, F|96\/100\n|-ability|p1a: Corviknight|Pressure\n|move|p2a: Sinistcha|Calm Mind|p2a: Sinistcha\n|-boost|p2a: Sinistcha|spa|1\n|-boost|p2a: Sinistcha|spd|1\n|\n|upkeep\n|turn|10\n|\n|t:|1699990890\n|move|p2a: Sinistcha|Calm Mind|p2a: Sinistcha\n|-boost|p2a: Sinistcha|spa|1\n|-boost|p2a: Sinistcha|spd|1\n|move|p1a: Corviknight|Brave Bird|p2a: Sinistcha\n|-supereffective|p2a: Sinistcha\n|-damage|p2a: Sinistcha|44\/100\n|-damage|p1a: Corviknight|80\/100|[from] Recoil\n|\n|upkeep\n|turn|11\n|\n|t:|1699990897\n|move|p2a: Sinistcha|Strength Sap|p1a: Corviknight\n|-unboost|p1a: Corviknight|atk|1\n|-heal|p2a: Sinistcha|100\/100\n|move|p1a: Corviknight|U-turn|p2a: Sinistcha\n|-damage|p2a: Sinistcha|93\/100\n|\n|t:|1699990912\n|switch|p1a: Ninetales|Ninetales-Alola, M|100\/100|[from] U-turn\n|-weather|Snow|[from] ability: Snow Warning|[of] p1a: Ninetales\n|\n|-weather|Snow|[upkeep]\n|upkeep\n|turn|12\n|\n|t:|1699990922\n|move|p1a: Ninetales|Blizzard|p2a: Sinistcha\n|-supereffective|p2a: Sinistcha\n|-damage|p2a: Sinistcha|55\/100\n|move|p2a: Sinistcha|Matcha Gotcha|p1a: Ninetales\n|-crit|p1a: Ninetales\n|-damage|p1a: Ninetales|0 fnt\n|-heal|p2a: Sinistcha|100\/100|[from] drain|[of] p1a: Ninetales\n|faint|p1a: Ninetales\n|\n|-weather|Snow|[upkeep]\n|upkeep\n|\n|t:|1699990933\n|switch|p1a: Corviknight|Corviknight, F|80\/100\n|-ability|p1a: Corviknight|Pressure\n|turn|13\n|\n|t:|1699990945\n|move|p2a: Sinistcha|Strength Sap|p1a: Corviknight\n|-unboost|p1a: Corviknight|atk|1\n|move|p1a: Corviknight|Brave Bird|p2a: Sinistcha\n|-supereffective|p2a: Sinistcha\n|-damage|p2a: Sinistcha|62\/100\n|-damage|p1a: Corviknight|69\/100|[from] Recoil\n|\n|-weather|Snow|[upkeep]\n|upkeep\n|turn|14\n|\n|t:|1699990952\n|move|p2a: Sinistcha|Strength Sap|p1a: Corviknight\n|-unboost|p1a: Corviknight|atk|1\n|-heal|p2a: Sinistcha|100\/100\n|move|p1a: Corviknight|U-turn|p2a: Sinistcha\n|-damage|p2a: Sinistcha|95\/100\n|\n|t:|1699990960\n|switch|p1a: Dragapult|Dragapult, F|100\/100|[from] U-turn\n|\n|-weather|Snow|[upkeep]\n|upkeep\n|turn|15\n|\n|t:|1699990971\n|move|p1a: Dragapult|U-turn|p2a: Sinistcha\n|-damage|p2a: Sinistcha|72\/100\n|\n|t:|1699990974\n|switch|p1a: Corviknight|Corviknight, F|69\/100|[from] U-turn\n|-ability|p1a: Corviknight|Pressure\n|move|p2a: Sinistcha|Shadow Ball|p1a: Corviknight\n|-damage|p1a: Corviknight|10\/100\n|\n|-weather|none\n|upkeep\n|turn|16\n|\n|t:|1699990983\n|move|p2a: Sinistcha|Strength Sap|p1a: Corviknight\n|-unboost|p1a: Corviknight|atk|1\n|-heal|p2a: Sinistcha|100\/100\n|move|p1a: Corviknight|Brave Bird|p2a: Sinistcha\n|-supereffective|p2a: Sinistcha\n|-damage|p2a: Sinistcha|61\/100\n|-damage|p1a: Corviknight|0 fnt|[from] Recoil\n|faint|p1a: Corviknight\n|\n|upkeep\n|\n|t:|1699990988\n|switch|p1a: Dragapult|Dragapult, F|100\/100\n|turn|17\n|\n|t:|1699990996\n|move|p1a: Dragapult|Outrage|p2a: Sinistcha\n|-damage|p2a: Sinistcha|0 fnt\n|faint|p2a: Sinistcha\n|\n|upkeep\n|\n|t:|1699991010\n|switch|p2a: Kingambit|Kingambit, F|100\/100\n|-activate|p2a: Kingambit|ability: Supreme Overlord\n|-start|p2a: Kingambit|fallen2|[silent]\n|turn|18\n|\n|t:|1699991014\n|move|p1a: Dragapult|Outrage|p2a: Kingambit|[from]lockedmove\n|-resisted|p2a: Kingambit\n|-damage|p2a: Kingambit|71\/100\n|move|p2a: Kingambit|Swords Dance|p2a: Kingambit\n|-boost|p2a: Kingambit|atk|2\n|\n|upkeep\n|turn|19\n|\n|t:|1699991022\n|move|p1a: Dragapult|Outrage|p2a: Kingambit|[from]lockedmove\n|-resisted|p2a: Kingambit\n|-damage|p2a: Kingambit|39\/100\n|-start|p1a: Dragapult|confusion|[fatigue]\n|move|p2a: Kingambit|Kowtow Cleave|p1a: Dragapult\n|-supereffective|p1a: Dragapult\n|-damage|p1a: Dragapult|0 fnt\n|faint|p1a: Dragapult\n|\n|upkeep\n|\n|t:|1699991025\n|switch|p1a: Great Tusk|Great Tusk|88\/100\n|turn|20\n|\n|t:|1699991038\n|move|p2a: Kingambit|Sucker Punch|p1a: Great Tusk\n|-resisted|p1a: Great Tusk\n|-damage|p1a: Great Tusk|46\/100\n|move|p1a: Great Tusk|Close Combat|p2a: Kingambit\n|-supereffective|p2a: Kingambit\n|-damage|p2a: Kingambit|0 fnt\n|-unboost|p1a: Great Tusk|def|1\n|-unboost|p1a: Great Tusk|spd|1\n|faint|p2a: Kingambit\n|-end|p2a: Kingambit|fallen2|[silent]\n|\n|upkeep\n|\n|t:|1699991049\n|switch|p2a: Ogerpon|Ogerpon-Wellspring, F|43\/100\n|turn|21\n|\n|t:|1699991065\n|-end|p1a: Great Tusk|Protosynthesis|[silent]\n|switch|p1a: Articuno|Articuno|100\/100\n|-ability|p1a: Articuno|Pressure\n|move|p2a: Ogerpon|Ivy Cudgel|p1a: Articuno|[anim] Ivy Cudgel Water\n|-damage|p1a: Articuno|37\/100\n|\n|upkeep\n|turn|22\n|\n|t:|1699991076\n|switch|p1a: Slowking|Slowking, M|100\/100\n|move|p2a: Ogerpon|Ivy Cudgel|p1a: Slowking|[anim] Ivy Cudgel Water\n|-resisted|p1a: Slowking\n|-damage|p1a: Slowking|77\/100\n|\n|upkeep\n|turn|23\n|\n|t:|1699991089\n|move|p2a: Ogerpon|U-turn|p1a: Slowking\n|-supereffective|p1a: Slowking\n|-damage|p1a: Slowking|35\/100\n|-damage|p2a: Ogerpon|27\/100|[from] item: Rocky Helmet|[of] p1a: Slowking\n|\n|t:|1699991093\n|switch|p2a: Torkoal|Torkoal, M|100\/100|[from] U-turn\n|-weather|SunnyDay|[from] ability: Drought|[of] p2a: Torkoal\n|move|p1a: Slowking|Future Sight|p2a: Torkoal\n|-start|p1a: Slowking|move: Future Sight\n|\n|-weather|SunnyDay|[upkeep]\n|upkeep\n|turn|24\n|\n|t:|1699991102\n|move|p1a: Slowking|Chilly Reception|p1a: Slowking\n|-weather|Snow\n|\n|t:|1699991105\n|switch|p1a: Articuno|Articuno|37\/100|[from] Chilly Reception\n|-ability|p1a: Articuno|Pressure\n|move|p2a: Torkoal|Solar Beam||[still]\n|-prepare|p2a: Torkoal|Solar Beam\n|\n|-weather|Snow|[upkeep]\n|upkeep\n|turn|25\n|\n|t:|1699991112\n|move|p1a: Articuno|Agility|p1a: Articuno\n|-boost|p1a: Articuno|spe|2\n|move|p2a: Torkoal|Solar Beam|p1a: Articuno|[from]lockedmove\n|-resisted|p1a: Articuno\n|-damage|p1a: Articuno|29\/100\n|\n|-weather|Snow|[upkeep]\n|-end|p2a: Torkoal|move: Future Sight\n|-damage|p2a: Torkoal|50\/100\n|-heal|p2a: Torkoal|56\/100|[from] item: Leftovers\n|upkeep\n|turn|26\n|\n|t:|1699991124\n|-terastallize|p1a: Articuno|Ground\n|move|p1a: Articuno|Tera Blast|p2a: Torkoal|[anim] Tera Blast Ground\n|-supereffective|p2a: Torkoal\n|-damage|p2a: Torkoal|0 fnt\n|faint|p2a: Torkoal\n|\n|-weather|Snow|[upkeep]\n|upkeep\n|\n|t:|1699991135\n|switch|p2a: Thundurus|Thundurus-Therian, M, shiny|42\/100\n|turn|27\n|\n|t:|1699991143\n|-terastallize|p2a: Thundurus|Water\n|move|p1a: Articuno|Freeze-Dry|p2a: Thundurus\n|-supereffective|p2a: Thundurus\n|-damage|p2a: Thundurus|0 fnt\n|faint|p2a: Thundurus\n|\n|-weather|Snow|[upkeep]\n|upkeep\n|\n|t:|1699991150\n|switch|p2a: Ogerpon|Ogerpon-Wellspring, F|27\/100\n|turn|28\n|c|\u2606squi101|gg\n|c|\u2606Felckon|gg\n|\n|t:|1699991155\n|move|p1a: Articuno|Freeze-Dry|p2a: Ogerpon\n|-supereffective|p2a: Ogerpon\n|-damage|p2a: Ogerpon|0 fnt\n|faint|p2a: Ogerpon\n|\n|win|Felckon\n|raw|Felckon's rating: 1368 &rarr; <strong>1387<\/strong><br \/>(+19 for winning)\n|raw|squi101's rating: 1345 &rarr; <strong>1326<\/strong><br \/>(-19 for losing)\n","uploadtime":1699991159,"views":5,"p1id":"felckon","p2id":"squi101","formatid":"gen9ou","rating":1326,"private":0,"password":""}