{"id":"gen9ou-1993768233","p1":"Hugh's Jass","p2":"beach house stan","format":"[Gen 9] OU","log":"|j|\u2606Hugh's Jass\n|j|\u2606beach house stan\n|t:|1700354953\n|gametype|singles\n|player|p1|Hugh's Jass|hugh|1337\n|player|p2|beach house stan|iris-gen5bw2|1251\n|teamsize|p1|6\n|teamsize|p2|6\n|gen|9\n|tier|[Gen 9] OU\n|rated|\n|rule|Sleep Clause Mod: Limit one foe put to sleep\n|rule|Species Clause: Limit one of each Pok\u00e9mon\n|rule|OHKO Clause: OHKO moves are banned\n|rule|Evasion Items Clause: Evasion items are banned\n|rule|Evasion Moves Clause: Evasion moves are banned\n|rule|Endless Battle Clause: Forcing endless battles is banned\n|rule|HP Percentage Mod: HP is shown in percentages\n|clearpoke\n|poke|p1|Cyclizar, F|\n|poke|p1|Amoonguss, M|\n|poke|p1|Mienshao, M|\n|poke|p1|Slowking-Galar, M|\n|poke|p1|Slowbro, F|\n|poke|p1|Tornadus-Therian, M|\n|poke|p2|Samurott-Hisui, F|\n|poke|p2|Maushold|\n|poke|p2|Weavile, F|\n|poke|p2|Amoonguss, F|\n|poke|p2|Garganacl, F|\n|poke|p2|Kingambit, F|\n|teampreview\n|inactive|Battle timer is ON: inactive players will automatically lose when time's up. (requested by Hugh's Jass)\n|l|\u2606beach house stan\n|inactive|beach house stan disconnected and has a minute to reconnect!\n|player|p2|\n|j|\u2606beach house stan\n|inactive|beach house stan reconnected and has 120 seconds left.\n|player|p2|beach house stan|iris-gen5bw2\n|\n|t:|1700355012\n|start\n|switch|p1a: Lo Mien|Mienshao, M|100\/100\n|switch|p2a: Samurott|Samurott-Hisui, F|100\/100\n|turn|1\n|inactive|beach house stan has 120 seconds left.\n|\n|t:|1700355058\n|move|p1a: Lo Mien|U-turn|p2a: Samurott\n|-supereffective|p2a: Samurott\n|-crit|p2a: Samurott\n|-damage|p2a: Samurott|23\/100\n|\n|t:|1700355062\n|switch|p1a: Shed'nt Tail|Cyclizar, F|100\/100|[from] U-turn\n|move|p2a: Samurott|Swords Dance|p2a: Samurott\n|-boost|p2a: Samurott|atk|2\n|\n|upkeep\n|turn|2\n|\n|t:|1700355077\n|move|p1a: Shed'nt Tail|U-turn|p2a: Samurott\n|-supereffective|p2a: Samurott\n|-damage|p2a: Samurott|0 fnt\n|faint|p2a: Samurott\n|\n|t:|1700355084\n|switch|p1a: Lo Mien|Mienshao, M|100\/100|[from] U-turn\n|\n|upkeep\n|inactive|beach house stan has 90 seconds left.\n|\n|t:|1700355117\n|switch|p2a: Amoonguss|Amoonguss, F, shiny|100\/100\n|turn|3\n|\n|t:|1700355123\n|move|p1a: Lo Mien|U-turn|p2a: Amoonguss\n|-damage|p2a: Amoonguss|83\/100\n|-enditem|p2a: Amoonguss|Red Card|[of] p1a: Lo Mien\n|drag|p1a: Lets Go Fish|Slowbro, F|100\/100\n|move|p2a: Amoonguss|Sludge Bomb|p1a: Lets Go Fish\n|-crit|p1a: Lets Go Fish\n|-damage|p1a: Lets Go Fish|55\/100\n|-status|p1a: Lets Go Fish|psn\n|\n|-damage|p1a: Lets Go Fish|42\/100 psn|[from] psn\n|upkeep\n|turn|4\n|\n|t:|1700355131\n|switch|p1a: A Mimir|Amoonguss, M|100\/100\n|move|p2a: Amoonguss|Grass Knot|p1a: A Mimir\n|-resisted|p1a: A Mimir\n|-damage|p1a: A Mimir|98\/100\n|-enditem|p1a: A Mimir|Red Card|[of] p2a: Amoonguss\n|drag|p2a: Maushold|Maushold|100\/100\n|\n|upkeep\n|turn|5\n|\n|t:|1700355147\n|switch|p2a: Amoonguss|Amoonguss, F, shiny|100\/100\n|move|p1a: A Mimir|Spore|p2a: Amoonguss\n|-immune|p2a: Amoonguss\n|\n|upkeep\n|turn|6\n|\n|t:|1700355152\n|move|p1a: A Mimir|Sludge Bomb|p2a: Amoonguss\n|-damage|p2a: Amoonguss|75\/100\n|move|p2a: Amoonguss|Spore|p1a: A Mimir\n|-immune|p1a: A Mimir\n|\n|upkeep\n|turn|7\n|\n|t:|1700355157\n|move|p1a: A Mimir|Sludge Bomb|p2a: Amoonguss\n|-damage|p2a: Amoonguss|50\/100\n|move|p2a: Amoonguss|Sludge Bomb|p1a: A Mimir\n|-damage|p1a: A Mimir|75\/100\n|\n|upkeep\n|turn|8\n|inactive|beach house stan has 120 seconds left.\n|\n|t:|1700355180\n|switch|p2a: Weavile|Weavile, F|100\/100\n|-ability|p2a: Weavile|Pressure\n|move|p1a: A Mimir|Sludge Bomb|p2a: Weavile\n|-damage|p2a: Weavile|64\/100\n|-status|p2a: Weavile|psn\n|\n|-damage|p2a: Weavile|51\/100 psn|[from] psn\n|upkeep\n|turn|9\n|\n|t:|1700355188\n|switch|p1a: Lo Mien|Mienshao, M|100\/100\n|move|p2a: Weavile|Ice Spinner|p1a: Lo Mien\n|-damage|p1a: Lo Mien|26\/100\n|\n|-damage|p2a: Weavile|39\/100 psn|[from] psn\n|upkeep\n|turn|10\n|inactive|beach house stan has 120 seconds left.\n|\n|t:|1700355223\n|move|p2a: Weavile|Ice Shard|p1a: Lo Mien\n|-crit|p1a: Lo Mien\n|-damage|p1a: Lo Mien|0 fnt\n|faint|p1a: Lo Mien\n|\n|-damage|p2a: Weavile|26\/100 psn|[from] psn\n|upkeep\n|\n|t:|1700355228\n|switch|p1a: Lets Go Fish|Slowbro, F|75\/100 psn\n|turn|11\n|\n|t:|1700355234\n|move|p2a: Weavile|Knock Off|p1a: Lets Go Fish\n|-supereffective|p1a: Lets Go Fish\n|-enditem|p1a: Lets Go Fish|Colbur Berry|[eat]\n|-enditem|p1a: Lets Go Fish|Colbur Berry|[weaken]\n|-damage|p1a: Lets Go Fish|48\/100 psn\n|move|p1a: Lets Go Fish|Scald|p2a: Weavile\n|-damage|p2a: Weavile|0 fnt\n|faint|p2a: Weavile\n|\n|-damage|p1a: Lets Go Fish|36\/100 psn|[from] psn\n|upkeep\n|inactive|beach house stan has 90 seconds left.\n|\n|t:|1700355279\n|switch|p2a: Maushold|Maushold|100\/100\n|turn|12\n|\n|t:|1700355292\n|move|p2a: Maushold|Tidy Up|p2a: Maushold\n|-boost|p2a: Maushold|atk|1\n|-boost|p2a: Maushold|spe|1\n|move|p1a: Lets Go Fish|Scald|p2a: Maushold\n|-damage|p2a: Maushold|63\/100\n|-status|p2a: Maushold|brn\n|\n|-damage|p1a: Lets Go Fish|24\/100 psn|[from] psn\n|-damage|p2a: Maushold|57\/100 brn|[from] brn\n|upkeep\n|turn|13\n|inactive|beach house stan has 90 seconds left.\n|inactive|beach house stan has 60 seconds left.\n|\n|t:|1700355334\n|switch|p1a: A Mimir|Amoonguss, M|100\/100\n|move|p2a: Maushold|Population Bomb|p1a: A Mimir\n|-damage|p1a: A Mimir|94\/100\n|-damage|p1a: A Mimir|88\/100\n|-damage|p1a: A Mimir|82\/100\n|-damage|p1a: A Mimir|75\/100\n|-damage|p1a: A Mimir|69\/100\n|-damage|p1a: A Mimir|62\/100\n|-damage|p1a: A Mimir|56\/100\n|-damage|p1a: A Mimir|49\/100\n|-damage|p1a: A Mimir|43\/100\n|-damage|p1a: A Mimir|37\/100\n|-hitcount|p1a: A Mimir|10\n|\n|-damage|p2a: Maushold|50\/100 brn|[from] brn\n|upkeep\n|turn|14\n|inactive|beach house stan has 60 seconds left.\n|\n|t:|1700355345\n|move|p2a: Maushold|Population Bomb|p1a: A Mimir\n|-damage|p1a: A Mimir|30\/100\n|-damage|p1a: A Mimir|24\/100\n|-damage|p1a: A Mimir|18\/100\n|-damage|p1a: A Mimir|11\/100\n|-damage|p1a: A Mimir|5\/100\n|-damage|p1a: A Mimir|0 fnt\n|faint|p1a: A Mimir\n|-hitcount|p1: A Mimir|6\n|\n|-damage|p2a: Maushold|44\/100 brn|[from] brn\n|upkeep\n|\n|t:|1700355347\n|switch|p1a: Shed'nt Tail|Cyclizar, F|100\/100\n|turn|15\n|\n|t:|1700355352\n|-terastallize|p1a: Shed'nt Tail|Ghost\n|move|p2a: Maushold|Population Bomb|p1a: Shed'nt Tail\n|-immune|p1a: Shed'nt Tail\n|move|p1a: Shed'nt Tail|Dragon Tail|p2a: Maushold\n|-damage|p2a: Maushold|10\/100 brn\n|drag|p2a: Kingambit|Kingambit, F, shiny|100\/100\n|-activate|p2a: Kingambit|ability: Supreme Overlord\n|-start|p2a: Kingambit|fallen2|[silent]\n|\n|upkeep\n|turn|16\n|inactive|beach house stan has 60 seconds left.\n|\n|t:|1700355380\n|move|p1a: Shed'nt Tail|U-turn|p2a: Kingambit\n|-damage|p2a: Kingambit|87\/100\n|\n|t:|1700355382\n|switch|p1a: Bird Up|Tornadus-Therian, M|100\/100|[from] U-turn\n|move|p2a: Kingambit|Kowtow Cleave|p1a: Bird Up\n|-damage|p1a: Bird Up|24\/100\n|\n|-heal|p2a: Kingambit|93\/100|[from] item: Leftovers\n|upkeep\n|turn|17\n|\n|t:|1700355387\n|move|p2a: Kingambit|Sucker Punch||[still]\n|-fail|p2a: Kingambit\n|move|p1a: Bird Up|Nasty Plot|p1a: Bird Up\n|-boost|p1a: Bird Up|spa|2\n|\n|-heal|p2a: Kingambit|99\/100|[from] item: Leftovers\n|upkeep\n|turn|18\n|\n|t:|1700355391\n|move|p2a: Kingambit|Sucker Punch||[still]\n|-fail|p2a: Kingambit\n|move|p1a: Bird Up|Nasty Plot|p1a: Bird Up\n|-boost|p1a: Bird Up|spa|2\n|\n|-heal|p2a: Kingambit|100\/100|[from] item: Leftovers\n|upkeep\n|turn|19\n|\n|t:|1700355397\n|move|p1a: Bird Up|Heat Wave|p2a: Kingambit\n|-supereffective|p2a: Kingambit\n|-damage|p2a: Kingambit|0 fnt\n|faint|p2a: Kingambit\n|-end|p2a: Kingambit|fallen2|[silent]\n|\n|upkeep\n|\n|t:|1700355403\n|switch|p2a: Garganacl|Garganacl, F|100\/100\n|turn|20\n|\n|t:|1700355406\n|move|p1a: Bird Up|Focus Blast|p2a: Garganacl\n|-supereffective|p2a: Garganacl\n|-damage|p2a: Garganacl|0 fnt\n|faint|p2a: Garganacl\n|\n|upkeep\n|-message|beach house stan forfeited.\n|\n|win|Hugh's Jass\n|raw|Hugh&apos;s Jass's rating: 1337 &rarr; <strong>1352<\/strong><br \/>(+15 for winning)\n|raw|beach house stan's rating: 1251 &rarr; <strong>1232<\/strong><br \/>(-19 for losing)\n|l|\u2606beach house stan\n","uploadtime":1700355414,"views":14,"p1id":"hughsjass","p2id":"beachhousestan","formatid":"gen9ou","rating":1232,"private":0,"password":""}