{"id":"gen9ou-1990836549","p1":"swagalicio","p2":"Biscus","format":"[Gen 9] OU","log":"|j|\u2606swagalicio\n|j|\u2606Biscus\n|t:|1700005916\n|gametype|singles\n|player|p1|swagalicio|blaine|\n|player|p2|Biscus|fisherman-gen4|\n|teamsize|p1|6\n|teamsize|p2|6\n|gen|9\n|tier|[Gen 9] OU\n|rule|Sleep Clause Mod: Limit one foe put to sleep\n|rule|Species Clause: Limit one of each Pok\u00e9mon\n|rule|OHKO Clause: OHKO moves are banned\n|rule|Evasion Items Clause: Evasion items are banned\n|rule|Evasion Moves Clause: Evasion moves are banned\n|rule|Endless Battle Clause: Forcing endless battles is banned\n|rule|HP Percentage Mod: HP is shown in percentages\n|clearpoke\n|poke|p1|Iron Valiant|\n|poke|p1|Garganacl, M|\n|poke|p1|Iron Jugulis|\n|poke|p1|Arcanine-Hisui, F|\n|poke|p1|Ogerpon, F|\n|poke|p1|Pincurchin, M|\n|poke|p2|Amoonguss, M|\n|poke|p2|Forretress, M|\n|poke|p2|Pelipper, F|\n|poke|p2|Basculegion, M|\n|poke|p2|Greninja-*, M|\n|poke|p2|Ursaluna, F|\n|teampreview\n|j| mudblick\n|\n|t:|1700005956\n|start\n|switch|p1a: u|Pincurchin, M|100\/100\n|switch|p2a: Pikachud|Forretress, M, shiny|100\/100\n|-fieldstart|move: Electric Terrain|[from] ability: Electric Surge|[of] p1a: u\n|turn|1\n|\n|t:|1700006026\n|switch|p1a: ur cousin|Ogerpon, F|100\/100\n|move|p2a: Pikachud|Stealth Rock|p1a: ur cousin\n|-sidestart|p1: swagalicio|move: Stealth Rock\n|\n|upkeep\n|turn|2\n|j| paradox 420\n|\n|t:|1700006084\n|move|p1a: ur cousin|Stomping Tantrum|p2a: Pikachud\n|-damage|p2a: Pikachud|82\/100\n|move|p2a: Pikachud|Toxic Spikes|p1a: ur cousin\n|-sidestart|p1: swagalicio|move: Toxic Spikes\n|\n|upkeep\n|turn|3\n|\n|t:|1700006130\n|switch|p1a: ur dad|Garganacl, M|100\/100\n|-damage|p1a: ur dad|88\/100|[from] Stealth Rock\n|move|p2a: Pikachud|Toxic Spikes|p1a: ur dad\n|-sidestart|p1: swagalicio|move: Toxic Spikes\n|\n|-heal|p1a: ur dad|94\/100|[from] item: Leftovers\n|upkeep\n|turn|4\n|\n|t:|1700006171\n|move|p2a: Pikachud|Volt Switch|p1a: ur dad\n|-damage|p1a: ur dad|82\/100\n|\n|t:|1700006199\n|switch|p2a: PikaSus|Amoonguss, M|100\/100|[from] Volt Switch\n|move|p1a: ur dad|Iron Defense|p1a: ur dad\n|-boost|p1a: ur dad|def|2\n|\n|-heal|p1a: ur dad|89\/100|[from] item: Leftovers\n|upkeep\n|turn|5\n|\n|t:|1700006214\n|-terastallize|p2a: PikaSus|Normal\n|move|p1a: ur dad|Salt Cure|p2a: PikaSus\n|-damage|p2a: PikaSus|88\/100\n|-start|p2a: PikaSus|Salt Cure\n|move|p2a: PikaSus|Spore|p1a: ur dad\n|-immune|p1a: ur dad|[from] ability: Purifying Salt\n|\n|-heal|p1a: ur dad|95\/100|[from] item: Leftovers\n|-damage|p2a: PikaSus|75\/100|[from] Salt Cure\n|-fieldend|move: Electric Terrain\n|upkeep\n|turn|6\n|\n|t:|1700006250\n|move|p1a: ur dad|Body Press|p2a: PikaSus\n|-supereffective|p2a: PikaSus\n|-damage|p2a: PikaSus|0 fnt\n|-damage|p1a: ur dad|78\/100|[from] item: Rocky Helmet|[of] p2a: PikaSus\n|faint|p2a: PikaSus\n|\n|-heal|p1a: ur dad|84\/100|[from] item: Leftovers\n|upkeep\n|\n|t:|1700006264\n|switch|p2a: Peekochu|Pelipper, F|100\/100\n|-weather|RainDance|[from] ability: Drizzle|[of] p2a: Peekochu\n|turn|7\n|\n|t:|1700006311\n|switch|p1a: u|Pincurchin, M|100\/100\n|-damage|p1a: u|88\/100|[from] Stealth Rock\n|-status|p1a: u|tox\n|-fieldstart|move: Electric Terrain|[from] ability: Electric Surge|[of] p1a: u\n|move|p2a: Peekochu|Ice Beam|p1a: u\n|-damage|p1a: u|53\/100 tox\n|\n|-weather|RainDance|[upkeep]\n|-damage|p1a: u|47\/100 tox|[from] psn\n|upkeep\n|turn|8\n|\n|t:|1700006354\n|move|p2a: Peekochu|U-turn|p1a: u\n|-damage|p1a: u|40\/100 tox\n|\n|t:|1700006379\n|switch|p2a: Pikachad|Ursaluna, F|100\/100|[from] U-turn\n|move|p1a: u|Zing Zap|p2a: Pikachad\n|-immune|p2a: Pikachad\n|\n|-weather|RainDance|[upkeep]\n|-damage|p1a: u|28\/100 tox|[from] psn\n|-status|p2a: Pikachad|brn|[from] item: Flame Orb\n|upkeep\n|turn|9\n|\n|t:|1700006465\n|switch|p2a: Peekochu|Pelipper, F|100\/100\n|move|p1a: u|Memento|p2a: Peekochu\n|-unboost|p2a: Peekochu|atk|2\n|-unboost|p2a: Peekochu|spa|2\n|faint|p1a: u\n|\n|-weather|RainDance|[upkeep]\n|upkeep\n|\n|t:|1700006498\n|switch|p1a: ur brother|Iron Jugulis|100\/100\n|-damage|p1a: ur brother|76\/100|[from] Stealth Rock\n|-activate|p1a: ur brother|ability: Quark Drive\n|-start|p1a: ur brother|quarkdrivespe\n|turn|10\n|\n|t:|1700006579\n|move|p1a: ur brother|Air Slash|p2a: Peekochu\n|-damage|p2a: Peekochu|48\/100\n|move|p2a: Peekochu|Tailwind|p2a: Peekochu\n|-sidestart|p2: Biscus|move: Tailwind\n|\n|-weather|RainDance|[upkeep]\n|upkeep\n|turn|11\n|\n|t:|1700006645\n|move|p1a: ur brother|Tailwind|p1a: ur brother\n|-sidestart|p1: swagalicio|move: Tailwind\n|move|p2a: Peekochu|U-turn|p1a: ur brother\n|-damage|p1a: ur brother|70\/100\n|\n|t:|1700006651\n|switch|p2a: Pikachud|Forretress, M, shiny|82\/100|[from] U-turn\n|\n|-weather|RainDance|[upkeep]\n|-fieldend|move: Electric Terrain\n|-end|p1a: ur brother|Quark Drive\n|upkeep\n|-enditem|p1a: ur brother|Booster Energy\n|-activate|p1a: ur brother|ability: Quark Drive|[fromitem]\n|-start|p1a: ur brother|quarkdrivespe\n|turn|12\n|\n|t:|1700006725\n|move|p1a: ur brother|U-turn|p2a: Pikachud\n|-resisted|p2a: Pikachud\n|-damage|p2a: Pikachud|77\/100\n|\n|t:|1700006742\n|-end|p1a: ur brother|Quark Drive|[silent]\n|switch|p1a: ur dad|Garganacl, M|84\/100|[from] U-turn\n|-damage|p1a: ur dad|72\/100|[from] Stealth Rock\n|move|p2a: Pikachud|Volt Switch|p1a: ur dad\n|-damage|p1a: ur dad|63\/100\n|\n|t:|1700006785\n|switch|p2a: Pikashoe|Basculegion, M, shiny|100\/100|[from] Volt Switch\n|\n|-weather|RainDance|[upkeep]\n|-heal|p1a: ur dad|69\/100|[from] item: Leftovers\n|upkeep\n|turn|13\n|\n|t:|1700006925\n|move|p2a: Pikashoe|Wave Crash|p1a: ur dad\n|-supereffective|p1a: ur dad\n|-damage|p1a: ur dad|0 fnt\n|faint|p1a: ur dad\n|-damage|p2a: Pikashoe|77\/100|[from] Recoil\n|-damage|p2a: Pikashoe|67\/100|[from] item: Life Orb\n|\n|-weather|RainDance|[upkeep]\n|-sideend|p2: Biscus|move: Tailwind\n|upkeep\n|\n|t:|1700006928\n|switch|p1a: ur sis|Arcanine-Hisui, F|100\/100\n|-damage|p1a: ur sis|76\/100|[from] Stealth Rock\n|-status|p1a: ur sis|tox\n|turn|14\n|\n|t:|1700006942\n|-terastallize|p1a: ur sis|Grass\n|move|p2a: Pikashoe|Aqua Jet|p1a: ur sis\n|-resisted|p1a: ur sis\n|-damage|p1a: ur sis|50\/100 tox\n|-damage|p2a: Pikashoe|57\/100|[from] item: Life Orb\n|move|p1a: ur sis|Wild Charge|p2a: Pikashoe\n|-supereffective|p2a: Pikashoe\n|-damage|p2a: Pikashoe|0 fnt\n|faint|p2a: Pikashoe\n|\n|-weather|none\n|-damage|p1a: ur sis|44\/100 tox|[from] psn\n|-sideend|p1: swagalicio|move: Tailwind\n|upkeep\n|\n|t:|1700006961\n|switch|p2a: Sneakachu|Greninja, M, shiny|100\/100\n|turn|15\n|\n|t:|1700007021\n|move|p2a: Sneakachu|U-turn|p1a: ur sis\n|-start|p2a: Sneakachu|typechange|Bug|[from] ability: Protean\n|-supereffective|p1a: ur sis\n|-damage|p1a: ur sis|0 fnt\n|faint|p1a: ur sis\n|-damage|p2a: Sneakachu|91\/100|[from] item: Life Orb\n|\n|t:|1700007030\n|switch|p2a: Peekochu|Pelipper, F|48\/100|[from] U-turn\n|-weather|RainDance|[from] ability: Drizzle|[of] p2a: Peekochu\n|\n|-weather|RainDance|[upkeep]\n|upkeep\n|\n|t:|1700007041\n|switch|p1a: ur brother|Iron Jugulis|70\/100\n|-damage|p1a: ur brother|45\/100|[from] Stealth Rock\n|turn|16\n|c| paradox 420|battle bond gren would've won there hehe\n|c| mudblick|factas\n|c|\u2606Biscus|Yeah, but protean gren is so based\n|c|\u2606Biscus|Basically free tera\n|c|\u2606Biscus|Can give him shit moves to be unpredictable\n|c| paradox 420|agreed\n|\n|t:|1700007157\n|move|p1a: ur brother|Tailwind|p1a: ur brother\n|-sidestart|p1: swagalicio|move: Tailwind\n|move|p2a: Peekochu|Ice Beam|p1a: ur brother\n|-supereffective|p1a: ur brother\n|-damage|p1a: ur brother|0 fnt\n|faint|p1a: ur brother\n|-end|p1a: ur brother|Quark Drive|[silent]\n|\n|-weather|RainDance|[upkeep]\n|upkeep\n|\n|t:|1700007188\n|switch|p1a: ur mom|Iron Valiant, shiny|100\/100\n|-damage|p1a: ur mom|94\/100|[from] Stealth Rock\n|-status|p1a: ur mom|tox\n|-enditem|p1a: ur mom|Booster Energy\n|-activate|p1a: ur mom|ability: Quark Drive|[fromitem]\n|-start|p1a: ur mom|quarkdrivespe\n|turn|17\n|\n|t:|1700007219\n|move|p1a: ur mom|Calm Mind|p1a: ur mom\n|-boost|p1a: ur mom|spa|1\n|-boost|p1a: ur mom|spd|1\n|move|p2a: Peekochu|U-turn|p1a: ur mom\n|-resisted|p1a: ur mom\n|-damage|p1a: ur mom|92\/100 tox\n|\n|t:|1700007225\n|switch|p2a: Pikachud|Forretress, M, shiny|77\/100|[from] U-turn\n|\n|-weather|RainDance|[upkeep]\n|-damage|p1a: ur mom|86\/100 tox|[from] psn\n|upkeep\n|turn|18\n|\n|t:|1700007263\n|move|p1a: ur mom|Calm Mind|p1a: ur mom\n|-boost|p1a: ur mom|spa|1\n|-boost|p1a: ur mom|spd|1\n|move|p2a: Pikachud|Explosion|p1a: ur mom\n|-damage|p1a: ur mom|23\/100 tox\n|faint|p2a: Pikachud\n|\n|-weather|RainDance|[upkeep]\n|-damage|p1a: ur mom|10\/100 tox|[from] psn\n|upkeep\n|\n|t:|1700007285\n|switch|p2a: Peekochu|Pelipper, F|48\/100\n|turn|19\n|\n|t:|1700007292\n|move|p1a: ur mom|Moonblast|p2a: Peekochu\n|-damage|p2a: Peekochu|0 fnt\n|faint|p2a: Peekochu\n|\n|-weather|RainDance|[upkeep]\n|-damage|p1a: ur mom|0 fnt|[from] psn\n|faint|p1a: ur mom\n|-end|p1a: ur mom|Quark Drive|[silent]\n|-sideend|p1: swagalicio|move: Tailwind\n|upkeep\n|\n|t:|1700007315\n|switch|p1a: ur cousin|Ogerpon, F|100\/100\n|switch|p2a: Sneakachu|Greninja, M, shiny|91\/100\n|-damage|p1a: ur cousin|88\/100|[from] Stealth Rock\n|-status|p1a: ur cousin|tox\n|turn|20\n|\n|t:|1700007344\n|move|p2a: Sneakachu|U-turn|p1a: ur cousin\n|-start|p2a: Sneakachu|typechange|Bug|[from] ability: Protean\n|-supereffective|p1a: ur cousin\n|-damage|p1a: ur cousin|17\/100 tox\n|-damage|p2a: Sneakachu|81\/100|[from] item: Life Orb\n|\n|t:|1700007350\n|switch|p2a: Pikachad|Ursaluna, F|100\/100 brn|[from] U-turn\n|move|p1a: ur cousin|Ivy Cudgel|p2a: Pikachad\n|-supereffective|p2a: Pikachad\n|-damage|p2a: Pikachad|26\/100 brn\n|\n|-weather|RainDance|[upkeep]\n|-heal|p1a: ur cousin|23\/100 tox|[from] item: Leftovers\n|-damage|p1a: ur cousin|17\/100 tox|[from] psn\n|-damage|p2a: Pikachad|19\/100 brn|[from] brn\n|upkeep\n|turn|21\n|\n|t:|1700007368\n|move|p1a: ur cousin|Ivy Cudgel|p2a: Pikachad\n|-supereffective|p2a: Pikachad\n|-damage|p2a: Pikachad|0 fnt\n|faint|p2a: Pikachad\n|\n|-weather|RainDance|[upkeep]\n|-heal|p1a: ur cousin|23\/100 tox|[from] item: Leftovers\n|-damage|p1a: ur cousin|11\/100 tox|[from] psn\n|upkeep\n|\n|t:|1700007376\n|switch|p2a: Sneakachu|Greninja, M, shiny|81\/100\n|turn|22\n|c| paradox 420|trailblaze would've been crazy\n|c| paradox 420|if no shuriken\n|c|\u2606Biscus|No shuriken\n|c|\u2606Biscus|Surf\n|c|\u2606Biscus|U-Trn\n|c|\u2606Biscus|Ice beam\n|c|\u2606Biscus|Extrasensory\n|c| paradox 420|use !showteam\n|\n|t:|1700007408\n|move|p2a: Sneakachu|Extrasensory|p1a: ur cousin\n|-start|p2a: Sneakachu|typechange|Psychic|[from] ability: Protean\n|-damage|p1a: ur cousin|0 fnt\n|faint|p1a: ur cousin\n|-damage|p2a: Sneakachu|71\/100|[from] item: Life Orb\n|\n|win|Biscus\n|c|\u2606Biscus|No, I'm telling you the funny moves\n|c| paradox 420|that's a solid set lol\n|l| mudblick\n|l|\u2606swagalicio\n|c| paradox 420|you're uploading?\n|l|\u2606Biscus\n","uploadtime":1700007552,"views":59,"p1id":"swagalicio","p2id":"biscus","formatid":"gen9ou","rating":0,"private":0,"password":""}