{"id":"gen9ou-1993784362","p1":"Darkmaniman+Minus","p2":"GamingNinja975","format":"[Gen 9] OU","log":"|j|\u2606Darkmaniman+Minus\n|j|\u2606GamingNinja975\n|t:|1700356866\n|gametype|singles\n|player|p1|Darkmaniman+Minus|102|1447\n|player|p2|GamingNinja975|chuck|1372\n|teamsize|p1|6\n|teamsize|p2|6\n|gen|9\n|tier|[Gen 9] OU\n|rated|\n|rule|Sleep Clause Mod: Limit one foe put to sleep\n|rule|Species Clause: Limit one of each Pok\u00e9mon\n|rule|OHKO Clause: OHKO moves are banned\n|rule|Evasion Items Clause: Evasion items are banned\n|rule|Evasion Moves Clause: Evasion moves are banned\n|rule|Endless Battle Clause: Forcing endless battles is banned\n|rule|HP Percentage Mod: HP is shown in percentages\n|clearpoke\n|poke|p1|Rillaboom, F|\n|poke|p1|Sneasler, F|\n|poke|p1|Slowking-Galar, M|\n|poke|p1|Great Tusk|\n|poke|p1|Drifblim, F|\n|poke|p1|Kingambit, F|\n|poke|p2|Manaphy|\n|poke|p2|Kingambit, F|\n|poke|p2|Ribombee, M|\n|poke|p2|Gholdengo|\n|poke|p2|Iron Moth|\n|poke|p2|Ogerpon-Wellspring, F|\n|teampreview\n|inactive|Battle timer is ON: inactive players will automatically lose when time's up. (requested by GamingNinja975)\n|inactive|Darkmaniman+Minus has 120 seconds left.\n|\n|t:|1700356913\n|start\n|switch|p1a: Rillaboom|Rillaboom, F|100\/100\n|switch|p2a: Ribombee|Ribombee, M, shiny|100\/100\n|-fieldstart|move: Grassy Terrain|[from] ability: Grassy Surge|[of] p1a: Rillaboom\n|turn|1\n|\n|t:|1700356922\n|move|p2a: Ribombee|Sticky Web|p1a: Rillaboom\n|-sidestart|p1: Darkmaniman+Minus|move: Sticky Web\n|move|p1a: Rillaboom|U-turn|p2a: Ribombee\n|-resisted|p2a: Ribombee\n|-damage|p2a: Ribombee|63\/100\n|\n|t:|1700356929\n|switch|p1a: Slowking|Slowking-Galar, M|100\/100|[from] U-turn\n|-activate|p1a: Slowking|move: Sticky Web\n|-unboost|p1a: Slowking|spe|1\n|\n|-heal|p2a: Ribombee|69\/100|[from] Grassy Terrain\n|upkeep\n|turn|2\n|\n|t:|1700356941\n|switch|p2a: Kingambit|Kingambit, F|100\/100\n|move|p1a: Slowking|Future Sight|p2a: Kingambit\n|-start|p1a: Slowking|move: Future Sight\n|\n|upkeep\n|turn|3\n|\n|t:|1700356946\n|move|p2a: Kingambit|Swords Dance|p2a: Kingambit\n|-boost|p2a: Kingambit|atk|2\n|move|p1a: Slowking|Focus Blast|p2a: Kingambit\n|-supereffective|p2a: Kingambit\n|-damage|p2a: Kingambit|0 fnt\n|faint|p2a: Kingambit\n|-end|p2a: Kingambit|fallenundefined|[silent]\n|\n|upkeep\n|c|\u2606Darkmaniman+Minus|?\n|c|\u2606GamingNinja975|listen man\n|c|\u2606GamingNinja975|its been a hot minute since i played\n|c|\u2606Darkmaniman+Minus|dw\n|c|\u2606Darkmaniman+Minus|fair\n|c|\u2606GamingNinja975|lmao\n|inactive|GamingNinja975 has 120 seconds left.\n|c|\u2606Darkmaniman+Minus|just know thats rare\n|c|\u2606GamingNinja975|i dont got all the sets of the new mons\n|c|\u2606GamingNinja975|ok good to know lol\n|c|\u2606Darkmaniman+Minus|its not that new\n|\n|t:|1700356999\n|switch|p2a: Iron Moth|Iron Moth|100\/100\n|-enditem|p2a: Iron Moth|Booster Energy\n|-activate|p2a: Iron Moth|ability: Quark Drive|[fromitem]\n|-start|p2a: Iron Moth|quarkdrivespe\n|turn|4\n|c|\u2606Darkmaniman+Minus|but i think OG slowking has it too\n|c|\u2606Darkmaniman+Minus|uh\n|c|\u2606GamingNinja975|last time i played loaded dice bax was meta\n|c|\u2606GamingNinja975|fuck im not paying attention\n|\n|t:|1700357019\n|move|p2a: Iron Moth|Substitute|p2a: Iron Moth\n|-start|p2a: Iron Moth|Substitute\n|-damage|p2a: Iron Moth|76\/100\n|move|p1a: Slowking|Sludge Bomb|p2a: Iron Moth\n|-resisted|p2a: Iron Moth\n|-activate|p2a: Iron Moth|move: Substitute|[damage]\n|\n|-end|p2a: Iron Moth|move: Future Sight\n|-supereffective|p2a: Iron Moth\n|-end|p2a: Iron Moth|Substitute\n|-heal|p2a: Iron Moth|82\/100|[from] Grassy Terrain\n|upkeep\n|turn|5\n|c|\u2606Darkmaniman+Minus|yeah\n|c|\u2606Darkmaniman+Minus|u are griefing\n|\n|t:|1700357032\n|move|p2a: Iron Moth|Fiery Dance|p1a: Slowking\n|-damage|p1a: Slowking|75\/100\n|move|p1a: Slowking|Future Sight|p2a: Iron Moth\n|-start|p1a: Slowking|move: Future Sight\n|\n|-heal|p2a: Iron Moth|88\/100|[from] Grassy Terrain\n|-heal|p1a: Slowking|81\/100|[from] Grassy Terrain\n|-fieldend|move: Grassy Terrain\n|upkeep\n|turn|6\n|\n|t:|1700357039\n|move|p2a: Iron Moth|Fiery Dance|p1a: Slowking\n|-damage|p1a: Slowking|58\/100\n|move|p1a: Slowking|Sludge Bomb|p2a: Iron Moth\n|-resisted|p2a: Iron Moth\n|-damage|p2a: Iron Moth|69\/100\n|\n|upkeep\n|turn|7\n|\n|t:|1700357047\n|move|p2a: Iron Moth|Substitute|p2a: Iron Moth\n|-start|p2a: Iron Moth|Substitute\n|-damage|p2a: Iron Moth|44\/100\n|move|p1a: Slowking|Chilly Reception|p1a: Slowking\n|-weather|Snow\n|\n|t:|1700357053\n|switch|p1a: Drifblim|Drifblim, F|100\/100|[from] Chilly Reception\n|\n|-weather|Snow|[upkeep]\n|-end|p2a: Iron Moth|move: Future Sight\n|-supereffective|p2a: Iron Moth\n|-end|p2a: Iron Moth|Substitute\n|upkeep\n|turn|8\n|\n|t:|1700357077\n|move|p2a: Iron Moth|Fiery Dance|p1a: Drifblim\n|-damage|p1a: Drifblim|54\/100\n|move|p1a: Drifblim|Calm Mind|p1a: Drifblim\n|-boost|p1a: Drifblim|spa|1\n|-boost|p1a: Drifblim|spd|1\n|\n|-weather|Snow|[upkeep]\n|upkeep\n|turn|9\n|\n|t:|1700357084\n|move|p2a: Iron Moth|Fiery Dance|p1a: Drifblim\n|-damage|p1a: Drifblim|24\/100\n|move|p1a: Drifblim|Shadow Ball|p2a: Iron Moth\n|-damage|p2a: Iron Moth|1\/100\n|\n|-weather|Snow|[upkeep]\n|upkeep\n|turn|10\n|c|\u2606Darkmaniman+Minus|har har har har har har har har har har\n|c|\u2606Darkmaniman+Minus|har har har har\n|c|\u2606Darkmaniman+Minus|har har har har\n|\n|t:|1700357098\n|move|p2a: Iron Moth|Fiery Dance|p1a: Drifblim\n|-damage|p1a: Drifblim|0 fnt\n|faint|p1a: Drifblim\n|\n|-weather|Snow|[upkeep]\n|upkeep\n|\n|t:|1700357100\n|switch|p1a: Rillaboom|Rillaboom, F|100\/100\n|-activate|p1a: Rillaboom|move: Sticky Web\n|-unboost|p1a: Rillaboom|spe|1\n|-fieldstart|move: Grassy Terrain|[from] ability: Grassy Surge|[of] p1a: Rillaboom\n|turn|11\n|inactive|GamingNinja975 has 120 seconds left.\n|c|\u2606GamingNinja975|FreeddRTY FreazzzBEar\n|\n|t:|1700357111\n|move|p1a: Rillaboom|Grassy Glide|p2a: Iron Moth\n|-resisted|p2a: Iron Moth\n|-crit|p2a: Iron Moth\n|-damage|p2a: Iron Moth|0 fnt\n|faint|p2a: Iron Moth\n|-end|p2a: Iron Moth|Quark Drive|[silent]\n|\n|-weather|none\n|upkeep\n|c|\u2606Darkmaniman+Minus|1 hp\n|c|\u2606GamingNinja975|lmfao\n|\n|t:|1700357124\n|switch|p2a: Ribombee|Ribombee, M, shiny|69\/100\n|turn|12\n|inactive|Darkmaniman+Minus has 120 seconds left.\n|\n|t:|1700357162\n|switch|p1a: Slowking|Slowking-Galar, M|92\/100\n|-activate|p1a: Slowking|move: Sticky Web\n|-unboost|p1a: Slowking|spe|1\n|move|p2a: Ribombee|Skill Swap|p1a: Slowking\n|-activate|p2a: Ribombee|move: Skill Swap|Regenerator|Shield Dust|[of] p1a: Slowking\n|\n|-heal|p2a: Ribombee|76\/100|[from] Grassy Terrain\n|-heal|p1a: Slowking|98\/100|[from] Grassy Terrain\n|upkeep\n|turn|13\n|inactive|GamingNinja975 has 120 seconds left.\n|\n|t:|1700357175\n|switch|p2a: Gholdengo|Gholdengo|100\/100\n|-item|p2a: Gholdengo|Air Balloon\n|move|p1a: Slowking|Future Sight|p2a: Gholdengo\n|-start|p1a: Slowking|move: Future Sight\n|\n|-heal|p1a: Slowking|100\/100|[from] Grassy Terrain\n|upkeep\n|turn|14\n|\n|t:|1700357183\n|move|p2a: Gholdengo|Nasty Plot|p2a: Gholdengo\n|-boost|p2a: Gholdengo|spa|2\n|move|p1a: Slowking|Chilly Reception|p1a: Slowking\n|-weather|Snow\n|\n|t:|1700357189\n|switch|p1a: Kingambit|Kingambit, F|100\/100|[from] Chilly Reception\n|-activate|p1a: Kingambit|move: Sticky Web\n|-unboost|p1a: Kingambit|spe|1\n|-activate|p1a: Kingambit|ability: Supreme Overlord\n|-start|p1a: Kingambit|fallen1|[silent]\n|\n|-weather|Snow|[upkeep]\n|upkeep\n|turn|15\n|\n|t:|1700357199\n|move|p2a: Gholdengo|Focus Blast|p1a: Kingambit\n|-supereffective|p1a: Kingambit\n|-damage|p1a: Kingambit|0 fnt\n|faint|p1a: Kingambit\n|-end|p1a: Kingambit|fallen1|[silent]\n|\n|-weather|Snow|[upkeep]\n|-end|p2a: Gholdengo|move: Future Sight\n|-resisted|p2a: Gholdengo\n|-damage|p2a: Gholdengo|79\/100\n|-enditem|p2a: Gholdengo|Air Balloon\n|-heal|p2a: Gholdengo|85\/100|[from] Grassy Terrain\n|-fieldend|move: Grassy Terrain\n|upkeep\n|\n|t:|1700357210\n|switch|p1a: Rillaboom|Rillaboom, F|100\/100\n|-activate|p1a: Rillaboom|move: Sticky Web\n|-unboost|p1a: Rillaboom|spe|1\n|-fieldstart|move: Grassy Terrain|[from] ability: Grassy Surge|[of] p1a: Rillaboom\n|turn|16\n|c|\u2606GamingNinja975|happens to the best of us\n|\n|t:|1700357221\n|switch|p1a: Slowking|Slowking-Galar, M|100\/100\n|-activate|p1a: Slowking|move: Sticky Web\n|-unboost|p1a: Slowking|spe|1\n|move|p2a: Gholdengo|Make It Rain|p1a: Slowking\n|-damage|p1a: Slowking|19\/100\n|-unboost|p2a: Gholdengo|spa|1\n|\n|-weather|Snow|[upkeep]\n|-heal|p2a: Gholdengo|91\/100|[from] Grassy Terrain\n|-heal|p1a: Slowking|25\/100|[from] Grassy Terrain\n|upkeep\n|turn|17\n|c|\u2606Darkmaniman+Minus|I dont think theres anythingn else i could have done\n|c|\u2606Darkmaniman+Minus|because gliscor is so broken\n|c|\u2606Darkmaniman+Minus|he made me unable to rapid spin away webs for 17 turns\n|inactive|Darkmaniman+Minus has 120 seconds left.\n|c|\u2606Darkmaniman+Minus|thats why we banned him and not joe\n|\n|t:|1700357249\n|move|p2a: Gholdengo|Shadow Ball|p1a: Slowking\n|-supereffective|p1a: Slowking\n|-damage|p1a: Slowking|0 fnt\n|faint|p1a: Slowking\n|\n|-weather|Snow|[upkeep]\n|-heal|p2a: Gholdengo|98\/100|[from] Grassy Terrain\n|upkeep\n|c|\u2606GamingNinja975|yeah no thats fair lol\n|\n|t:|1700357252\n|switch|p1a: Rillaboom|Rillaboom, F|100\/100\n|-activate|p1a: Rillaboom|move: Sticky Web\n|-unboost|p1a: Rillaboom|spe|1\n|turn|18\n|\n|t:|1700357275\n|-terastallize|p1a: Rillaboom|Grass\n|move|p2a: Gholdengo|Nasty Plot|p2a: Gholdengo\n|-boost|p2a: Gholdengo|spa|2\n|move|p1a: Rillaboom|Wood Hammer|p2a: Gholdengo\n|-resisted|p2a: Gholdengo\n|-damage|p2a: Gholdengo|3\/100\n|-damage|p1a: Rillaboom|68\/100|[from] Recoil\n|\n|-weather|none\n|-heal|p2a: Gholdengo|9\/100|[from] Grassy Terrain\n|-heal|p1a: Rillaboom|74\/100|[from] Grassy Terrain\n|upkeep\n|turn|19\n|c|\u2606GamingNinja975|jesus crhist\n|inactive|Darkmaniman+Minus has 120 seconds left.\n|\n|t:|1700357296\n|switch|p1a: Great Tusk|Great Tusk|100\/100\n|-activate|p1a: Great Tusk|move: Sticky Web\n|-unboost|p1a: Great Tusk|spe|1\n|move|p2a: Gholdengo|Make It Rain|p1a: Great Tusk\n|-damage|p1a: Great Tusk|0 fnt\n|-unboost|p2a: Gholdengo|spa|1\n|faint|p1a: Great Tusk\n|-end|p1a: Great Tusk|Protosynthesis|[silent]\n|\n|-heal|p2a: Gholdengo|15\/100|[from] Grassy Terrain\n|upkeep\n|\n|t:|1700357297\n|switch|p1a: Rillaboom|Rillaboom, F, tera:Grass|74\/100\n|-activate|p1a: Rillaboom|move: Sticky Web\n|-unboost|p1a: Rillaboom|spe|1\n|turn|20\n|c|\u2606GamingNinja975|i did not think rilla would do that much\n|c|\u2606Darkmaniman+Minus|fornite\n|c|\u2606GamingNinja975|omg forni\n|\n|t:|1700357320\n|move|p1a: Rillaboom|Grassy Glide|p2a: Gholdengo\n|-resisted|p2a: Gholdengo\n|-damage|p2a: Gholdengo|0 fnt\n|faint|p2a: Gholdengo\n|\n|-heal|p1a: Rillaboom|81\/100|[from] Grassy Terrain\n|-fieldend|move: Grassy Terrain\n|upkeep\n|inactive|GamingNinja975 has 120 seconds left.\n|\n|t:|1700357344\n|switch|p2a: Ribombee|Ribombee, M, shiny|100\/100\n|turn|21\n|\n|t:|1700357368\n|switch|p1a: Sneasler|Sneasler, F|100\/100\n|-activate|p1a: Sneasler|move: Sticky Web\n|-unboost|p1a: Sneasler|spe|1\n|move|p2a: Ribombee|Skill Swap|p1a: Sneasler\n|-activate|p2a: Ribombee|move: Skill Swap|Unburden|Shield Dust|[of] p1a: Sneasler\n|\n|upkeep\n|turn|22\n|inactive|GamingNinja975 has 120 seconds left.\n|\n|t:|1700357376\n|move|p2a: Ribombee|Psychic|p1a: Sneasler\n|-supereffective|p1a: Sneasler\n|-damage|p1a: Sneasler|0 fnt\n|faint|p1a: Sneasler\n|\n|upkeep\n|\n|t:|1700357379\n|switch|p1a: Rillaboom|Rillaboom, F, tera:Grass|81\/100\n|-activate|p1a: Rillaboom|move: Sticky Web\n|-unboost|p1a: Rillaboom|spe|1\n|-fieldstart|move: Grassy Terrain|[from] ability: Grassy Surge|[of] p1a: Rillaboom\n|turn|23\n|\n|t:|1700357388\n|move|p1a: Rillaboom|Grassy Glide|p2a: Ribombee\n|-resisted|p2a: Ribombee\n|-damage|p2a: Ribombee|17\/100\n|move|p2a: Ribombee|Moonblast|p1a: Rillaboom\n|-damage|p1a: Rillaboom|25\/100\n|\n|-heal|p2a: Ribombee|23\/100|[from] Grassy Terrain\n|-heal|p1a: Rillaboom|31\/100|[from] Grassy Terrain\n|upkeep\n|turn|24\n|c|\u2606Darkmaniman+Minus|wait\n|c|\u2606Darkmaniman+Minus|do I win?\n|c|\u2606Darkmaniman+Minus|nah\n|c|\u2606Darkmaniman+Minus|u have terra\n|inactive|GamingNinja975 has 120 seconds left.\n|\n|t:|1700357409\n|move|p1a: Rillaboom|Grassy Glide|p2a: Ribombee\n|-resisted|p2a: Ribombee\n|-damage|p2a: Ribombee|0 fnt\n|faint|p2a: Ribombee\n|\n|-heal|p1a: Rillaboom|37\/100|[from] Grassy Terrain\n|upkeep\n|inactive|GamingNinja975 has 120 seconds left.\n|\n|t:|1700357416\n|switch|p2a: Manaphy|Manaphy|100\/100\n|turn|25\n|c|\u2606GamingNinja975|i mean who knows\n|\n|t:|1700357429\n|-terastallize|p2a: Manaphy|Grass\n|move|p1a: Rillaboom|Grassy Glide|p2a: Manaphy\n|-resisted|p2a: Manaphy\n|-damage|p2a: Manaphy|65\/100\n|move|p2a: Manaphy|Ice Beam|p1a: Rillaboom\n|-supereffective|p1a: Rillaboom\n|-damage|p1a: Rillaboom|0 fnt\n|faint|p1a: Rillaboom\n|\n|win|GamingNinja975\n|raw|Darkmaniman+Minus's rating: 1447 &rarr; <strong>1423<\/strong><br \/>(-24 for losing)\n|raw|GamingNinja975's rating: 1372 &rarr; <strong>1396<\/strong><br \/>(+24 for winning)\n|c|\u2606GamingNinja975|i think crit might\n|c|\u2606Darkmaniman+Minus|nah\n|c|\u2606GamingNinja975|nah\n|c|\u2606GamingNinja975|ggs\n|l|\u2606Darkmaniman+Minus\n","uploadtime":1700357456,"views":22,"p1id":"darkmanimanminus","p2id":"gamingninja975","formatid":"gen9ou","rating":1396,"private":0,"password":""}