{"id":"gen9ou-1996092060","p1":"ChillLanturnYT","p2":"kingCR0C","format":"[Gen 9] OU","log":"|j|\u2606ChillLanturnYT\n|j|\u2606kingCR0C\n|t:|1700642779\n|gametype|singles\n|player|p1|ChillLanturnYT|palmer|1213\n|player|p2|kingCR0C|pokemaniac|1143\n|teamsize|p1|6\n|teamsize|p2|6\n|gen|9\n|tier|[Gen 9] OU\n|rated|\n|rule|Sleep Clause Mod: Limit one foe put to sleep\n|rule|Species Clause: Limit one of each Pok\u00e9mon\n|rule|OHKO Clause: OHKO moves are banned\n|rule|Evasion Items Clause: Evasion items are banned\n|rule|Evasion Moves Clause: Evasion moves are banned\n|rule|Endless Battle Clause: Forcing endless battles is banned\n|rule|HP Percentage Mod: HP is shown in percentages\n|clearpoke\n|poke|p1|Empoleon, M|\n|poke|p1|Milotic, M|\n|poke|p1|Primeape, M|\n|poke|p1|Great Tusk|\n|poke|p1|Lurantis, F|\n|poke|p1|Goodra-Hisui, M|\n|poke|p2|Tauros, M|\n|poke|p2|Meloetta|\n|poke|p2|Persian, F|\n|poke|p2|Zoroark-Hisui, M|\n|poke|p2|Dudunsparce-*, F|\n|poke|p2|Ursaluna, M|\n|teampreview\n|inactive|Battle timer is ON: inactive players will automatically lose when time's up. (requested by kingCR0C)\n|\n|t:|1700642791\n|start\n|switch|p1a: Lurantis|Lurantis, F|100\/100\n|switch|p2a: Persian|Persian, F|100\/100\n|turn|1\n|\n|t:|1700642798\n|move|p2a: Persian|Fake Out|p1a: Lurantis\n|-damage|p1a: Lurantis|66\/100\n|-damage|p2a: Persian|91\/100|[from] item: Life Orb\n|cant|p1a: Lurantis|flinch\n|\n|upkeep\n|turn|2\n|\n|t:|1700642806\n|move|p2a: Persian|Last Resort|p1a: Lurantis\n|-damage|p1a: Lurantis|0 fnt\n|faint|p1a: Lurantis\n|-damage|p2a: Persian|81\/100|[from] item: Life Orb\n|\n|upkeep\n|\n|t:|1700642815\n|switch|p1a: Primeape|Primeape, M|100\/100\n|turn|3\n|\n|t:|1700642819\n|move|p1a: Primeape|Close Combat|p2a: Persian\n|-supereffective|p2a: Persian\n|-damage|p2a: Persian|0 fnt\n|-unboost|p1a: Primeape|def|1\n|-unboost|p1a: Primeape|spd|1\n|faint|p2a: Persian\n|\n|upkeep\n|\n|t:|1700642827\n|switch|p2a: Tauros|Tauros, M|100\/100\n|turn|4\n|\n|t:|1700642838\n|switch|p1a: Goodra|Goodra-Hisui, M|100\/100\n|move|p2a: Tauros|Hyper Voice|p1a: Goodra\n|-resisted|p1a: Goodra\n|-damage|p1a: Goodra|80\/100\n|\n|-heal|p1a: Goodra|86\/100|[from] item: Leftovers\n|upkeep\n|turn|5\n|\n|t:|1700642849\n|switch|p2a: Meloetta|Meloetta|100\/100\n|move|p1a: Goodra|Shelter|p1a: Goodra\n|-boost|p1a: Goodra|def|2\n|\n|-heal|p1a: Goodra|92\/100|[from] item: Leftovers\n|upkeep\n|turn|6\n|\n|t:|1700642862\n|move|p2a: Meloetta|Dazzling Gleam|p1a: Goodra\n|-damage|p1a: Goodra|71\/100\n|move|p1a: Goodra|Heavy Slam|p2a: Meloetta\n|-damage|p2a: Meloetta|27\/100\n|\n|-heal|p1a: Goodra|77\/100|[from] item: Leftovers\n|upkeep\n|turn|7\n|\n|t:|1700642872\n|move|p2a: Meloetta|Dazzling Gleam|p1a: Goodra\n|-damage|p1a: Goodra|57\/100\n|move|p1a: Goodra|Heavy Slam|p2a: Meloetta\n|-damage|p2a: Meloetta|0 fnt\n|faint|p2a: Meloetta\n|\n|-heal|p1a: Goodra|63\/100|[from] item: Leftovers\n|upkeep\n|\n|t:|1700642891\n|switch|p2a: Dudunsparce|Dudunsparce, F|100\/100\n|turn|8\n|\n|t:|1700642899\n|move|p1a: Goodra|Body Press|p2a: Dudunsparce\n|-supereffective|p2a: Dudunsparce\n|-damage|p2a: Dudunsparce|33\/100\n|move|p2a: Dudunsparce|Body Slam|p1a: Goodra\n|-resisted|p1a: Goodra\n|-crit|p1a: Goodra\n|-damage|p1a: Goodra|35\/100\n|-status|p1a: Goodra|par\n|\n|-heal|p1a: Goodra|41\/100 par|[from] item: Leftovers\n|upkeep\n|turn|9\n|inactive|ChillLanturnYT has 120 seconds left.\n|\n|t:|1700642932\n|move|p2a: Dudunsparce|Coil|p2a: Dudunsparce\n|-boost|p2a: Dudunsparce|atk|1\n|-boost|p2a: Dudunsparce|def|1\n|-boost|p2a: Dudunsparce|accuracy|1\n|move|p1a: Goodra|Heavy Slam|p2a: Dudunsparce\n|-damage|p2a: Dudunsparce|0 fnt\n|faint|p2a: Dudunsparce\n|\n|-heal|p1a: Goodra|47\/100 par|[from] item: Leftovers\n|upkeep\n|\n|t:|1700642943\n|switch|p2a: Ursaluna|Ursaluna, M|100\/100\n|turn|10\n|\n|t:|1700642951\n|move|p2a: Ursaluna|Swords Dance|p2a: Ursaluna\n|-boost|p2a: Ursaluna|atk|2\n|move|p1a: Goodra|Body Press|p2a: Ursaluna\n|-supereffective|p2a: Ursaluna\n|-damage|p2a: Ursaluna|46\/100\n|\n|-heal|p2a: Ursaluna|52\/100|[from] item: Leftovers\n|-heal|p1a: Goodra|54\/100 par|[from] item: Leftovers\n|upkeep\n|turn|11\n|\n|t:|1700642965\n|move|p2a: Ursaluna|Drain Punch|p1a: Goodra\n|-supereffective|p1a: Goodra\n|-damage|p1a: Goodra|1\/100 par\n|-heal|p2a: Ursaluna|76\/100|[from] drain|[of] p1a: Goodra\n|move|p1a: Goodra|Body Press|p2a: Ursaluna\n|-supereffective|p2a: Ursaluna\n|-damage|p2a: Ursaluna|11\/100\n|\n|-heal|p2a: Ursaluna|17\/100|[from] item: Leftovers\n|-heal|p1a: Goodra|7\/100 par|[from] item: Leftovers\n|upkeep\n|turn|12\n|\n|t:|1700642979\n|move|p2a: Ursaluna|Drain Punch|p1a: Goodra\n|-supereffective|p1a: Goodra\n|-damage|p1a: Goodra|0 fnt\n|-heal|p2a: Ursaluna|20\/100|[from] drain|[of] p1a: Goodra\n|faint|p1a: Goodra\n|\n|-heal|p2a: Ursaluna|26\/100|[from] item: Leftovers\n|upkeep\n|\n|t:|1700642990\n|switch|p1a: Great Tusk|Great Tusk|100\/100\n|turn|13\n|\n|t:|1700642996\n|-terastallize|p2a: Ursaluna|Ground\n|move|p1a: Great Tusk|Earthquake|p2a: Ursaluna\n|-damage|p2a: Ursaluna|0 fnt\n|faint|p2a: Ursaluna\n|\n|upkeep\n|\n|t:|1700643004\n|switch|p2a: Tauros|Tauros, M|100\/100\n|turn|14\n|\n|t:|1700643015\n|-end|p1a: Great Tusk|Protosynthesis|[silent]\n|switch|p1a: Empoleon|Empoleon, M|100\/100\n|move|p2a: Tauros|Bitter Malice|p1a: Empoleon\n|-damage|p1a: Empoleon|53\/100\n|-unboost|p1a: Empoleon|atk|1\n|-ability|p1a: Empoleon|Competitive|boost\n|-boost|p1a: Empoleon|spa|2\n|\n|-heal|p1a: Empoleon|59\/100|[from] item: Leftovers\n|upkeep\n|turn|15\n|\n|t:|1700643027\n|move|p2a: Tauros|Bitter Malice|p1a: Empoleon\n|-damage|p1a: Empoleon|11\/100\n|-unboost|p1a: Empoleon|atk|1\n|-ability|p1a: Empoleon|Competitive|boost\n|-boost|p1a: Empoleon|spa|2\n|move|p1a: Empoleon|Roost|p1a: Empoleon\n|-heal|p1a: Empoleon|61\/100\n|-singleturn|p1a: Empoleon|move: Roost\n|\n|-heal|p1a: Empoleon|67\/100|[from] item: Leftovers\n|upkeep\n|turn|16\n|-message|kingCR0C forfeited.\n|\n|win|ChillLanturnYT\n|raw|ChillLanturnYT's rating: 1213 &rarr; <strong>1233<\/strong><br \/>(+20 for winning)\n|raw|kingCR0C's rating: 1143 &rarr; <strong>1123<\/strong><br \/>(-20 for losing)\n|l|\u2606kingCR0C\n","uploadtime":1700643043,"views":1,"p1id":"chilllanturnyt","p2id":"kingcr0c","formatid":"gen9ou","rating":1123,"private":0,"password":""}