{"id":"gen9ou-1996694305","p1":"chenfff","p2":"Username momento","format":"[Gen 9] OU","log":"|j|\u2606chenfff\n|j|\u2606Username momento\n|t:|1700710675\n|gametype|singles\n|player|p1|chenfff|hilda|1449\n|player|p2|Username momento|ninjaboy|1570\n|teamsize|p1|6\n|teamsize|p2|6\n|gen|9\n|tier|[Gen 9] OU\n|rated|\n|rule|Sleep Clause Mod: Limit one foe put to sleep\n|rule|Species Clause: Limit one of each Pok\u00e9mon\n|rule|OHKO Clause: OHKO moves are banned\n|rule|Evasion Items Clause: Evasion items are banned\n|rule|Evasion Moves Clause: Evasion moves are banned\n|rule|Endless Battle Clause: Forcing endless battles is banned\n|rule|HP Percentage Mod: HP is shown in percentages\n|clearpoke\n|poke|p1|Pelipper, F|\n|poke|p1|Greninja-*, M|\n|poke|p1|Basculegion, M|\n|poke|p1|Zapdos|\n|poke|p1|Sandy Shocks|\n|poke|p1|Scizor, F|\n|poke|p2|Meowscarada, F|\n|poke|p2|Kingambit, M|\n|poke|p2|Zapdos|\n|poke|p2|Zamazenta-*|\n|poke|p2|Great Tusk|\n|poke|p2|Iron Moth|\n|teampreview\n|inactive|Battle timer is ON: inactive players will automatically lose when time's up. (requested by chenfff)\n|\n|t:|1700710680\n|start\n|switch|p1a: Sandy Shocks|Sandy Shocks|100\/100\n|switch|p2a: Zapdos|Zapdos|100\/100\n|-enditem|p1a: Sandy Shocks|Booster Energy\n|-activate|p1a: Sandy Shocks|ability: Protosynthesis|[fromitem]\n|-start|p1a: Sandy Shocks|protosynthesisspe\n|turn|1\n|\n|t:|1700710704\n|move|p1a: Sandy Shocks|Thunderbolt|p2a: Zapdos\n|-damage|p2a: Zapdos|57\/100\n|move|p2a: Zapdos|Hurricane|p1a: Sandy Shocks\n|-resisted|p1a: Sandy Shocks\n|-damage|p1a: Sandy Shocks|70\/100\n|\n|upkeep\n|turn|2\n|\n|t:|1700710721\n|switch|p2a: Meowscarada|Meowscarada, F|100\/100\n|move|p1a: Sandy Shocks|Thunderbolt|p2a: Meowscarada\n|-resisted|p2a: Meowscarada\n|-damage|p2a: Meowscarada|66\/100\n|\n|upkeep\n|turn|3\n|\n|t:|1700710733\n|-terastallize|p1a: Sandy Shocks|Ice\n|move|p1a: Sandy Shocks|Tera Blast|p2a: Meowscarada|[anim] Tera Blast Ice\n|-supereffective|p2a: Meowscarada\n|-damage|p2a: Meowscarada|0 fnt\n|faint|p2a: Meowscarada\n|\n|upkeep\n|\n|t:|1700710740\n|switch|p2a: Iron Moth|Iron Moth|100\/100\n|-enditem|p2a: Iron Moth|Booster Energy\n|-activate|p2a: Iron Moth|ability: Quark Drive|[fromitem]\n|-start|p2a: Iron Moth|quarkdrivespe\n|turn|4\n|\n|t:|1700710748\n|-end|p1a: Sandy Shocks|Protosynthesis|[silent]\n|switch|p1a: Pelipper|Pelipper, F|100\/100\n|-weather|RainDance|[from] ability: Drizzle|[of] p1a: Pelipper\n|move|p2a: Iron Moth|Fiery Dance|p1a: Pelipper\n|-resisted|p1a: Pelipper\n|-damage|p1a: Pelipper|85\/100\n|-boost|p2a: Iron Moth|spa|1\n|\n|-weather|RainDance|[upkeep]\n|upkeep\n|turn|5\n|\n|t:|1700710752\n|move|p2a: Iron Moth|Sludge Wave|p1a: Pelipper\n|-damage|p1a: Pelipper|0 fnt\n|faint|p1a: Pelipper\n|\n|-weather|RainDance|[upkeep]\n|upkeep\n|\n|t:|1700710761\n|switch|p1a: Basculegion|Basculegion, M|100\/100\n|turn|6\n|\n|t:|1700710770\n|-end|p2a: Iron Moth|Quark Drive|[silent]\n|switch|p2a: Zapdos|Zapdos|57\/100\n|move|p1a: Basculegion|Aqua Jet|p2a: Zapdos\n|-damage|p2a: Zapdos|25\/100\n|\n|-weather|RainDance|[upkeep]\n|upkeep\n|turn|7\n|\n|t:|1700710775\n|switch|p1a: Sandy Shocks|Sandy Shocks, tera:Ice|70\/100\n|move|p2a: Zapdos|Discharge|p1a: Sandy Shocks\n|-damage|p1a: Sandy Shocks|30\/100\n|-status|p1a: Sandy Shocks|par\n|\n|-weather|RainDance|[upkeep]\n|upkeep\n|turn|8\n|\n|t:|1700710781\n|move|p2a: Zapdos|Discharge|p1a: Sandy Shocks\n|-damage|p1a: Sandy Shocks|0 fnt\n|faint|p1a: Sandy Shocks\n|-end|p1a: Sandy Shocks|Protosynthesis|[silent]\n|\n|-weather|RainDance|[upkeep]\n|upkeep\n|\n|t:|1700710785\n|switch|p1a: Greninja|Greninja, M|100\/100\n|turn|9\n|\n|t:|1700710801\n|switch|p2a: Zamazenta|Zamazenta|100\/100\n|-ability|p2a: Zamazenta|Dauntless Shield|boost\n|-boost|p2a: Zamazenta|def|1\n|move|p1a: Greninja|Surf|p2a: Zamazenta\n|-damage|p2a: Zamazenta|24\/100\n|-damage|p1a: Greninja|91\/100|[from] item: Life Orb\n|\n|-weather|RainDance|[upkeep]\n|-heal|p2a: Zamazenta|30\/100|[from] item: Leftovers\n|upkeep\n|turn|10\n|\n|t:|1700710810\n|move|p2a: Zamazenta|Body Press|p1a: Greninja\n|-supereffective|p1a: Greninja\n|-damage|p1a: Greninja|0 fnt\n|faint|p1a: Greninja\n|\n|-weather|RainDance|[upkeep]\n|-heal|p2a: Zamazenta|36\/100|[from] item: Leftovers\n|upkeep\n|\n|t:|1700710814\n|switch|p1a: Basculegion|Basculegion, M|100\/100\n|turn|11\n|\n|t:|1700710818\n|switch|p2a: Zapdos|Zapdos|25\/100\n|move|p1a: Basculegion|Wave Crash|p2a: Zapdos\n|-damage|p2a: Zapdos|0 fnt\n|faint|p2a: Zapdos\n|-damage|p1a: Basculegion|92\/100|[from] Recoil\n|\n|-weather|none\n|upkeep\n|\n|t:|1700710825\n|switch|p2a: Kingambit|Kingambit, M|100\/100\n|-activate|p2a: Kingambit|ability: Supreme Overlord\n|-start|p2a: Kingambit|fallen2|[silent]\n|turn|12\n|\n|t:|1700710829\n|move|p1a: Basculegion|Wave Crash|p2a: Kingambit\n|-damage|p2a: Kingambit|28\/100\n|-damage|p1a: Basculegion|67\/100|[from] Recoil\n|move|p2a: Kingambit|Kowtow Cleave|p1a: Basculegion\n|-supereffective|p1a: Basculegion\n|-damage|p1a: Basculegion|0 fnt\n|faint|p1a: Basculegion\n|\n|-heal|p2a: Kingambit|34\/100|[from] item: Leftovers\n|upkeep\n|\n|t:|1700710832\n|switch|p1a: Scizor|Scizor, F|100\/100\n|turn|13\n|\n|t:|1700710840\n|-end|p2a: Kingambit|fallen2|[silent]\n|switch|p2a: Great Tusk|Great Tusk|100\/100\n|move|p1a: Scizor|Close Combat|p2a: Great Tusk\n|-damage|p2a: Great Tusk|69\/100\n|-unboost|p1a: Scizor|def|1\n|-unboost|p1a: Scizor|spd|1\n|\n|upkeep\n|turn|14\n|\n|t:|1700710843\n|switch|p1a: Zapdos|Zapdos|100\/100\n|move|p2a: Great Tusk|Rapid Spin|p1a: Zapdos\n|-damage|p1a: Zapdos|82\/100\n|-boost|p2a: Great Tusk|spe|1\n|\n|upkeep\n|turn|15\n|j| LegacyShowden\n|\n|t:|1700710847\n|move|p2a: Great Tusk|Ice Spinner|p1a: Zapdos\n|-supereffective|p1a: Zapdos\n|-damage|p1a: Zapdos|20\/100\n|-status|p2a: Great Tusk|par|[from] ability: Static|[of] p1a: Zapdos\n|move|p1a: Zapdos|Hurricane|p2a: Great Tusk|[miss]\n|-miss|p1a: Zapdos|p2a: Great Tusk\n|\n|upkeep\n|turn|16\n|\n|t:|1700710850\n|move|p1a: Zapdos|Hurricane|p2a: Great Tusk\n|-supereffective|p2a: Great Tusk\n|-damage|p2a: Great Tusk|0 fnt\n|faint|p2a: Great Tusk\n|-end|p2a: Great Tusk|Protosynthesis|[silent]\n|\n|upkeep\n|\n|t:|1700710853\n|switch|p2a: Iron Moth|Iron Moth|100\/100\n|turn|17\n|\n|t:|1700710856\n|move|p2a: Iron Moth|Fiery Dance|p1a: Zapdos\n|-damage|p1a: Zapdos|0 fnt\n|faint|p1a: Zapdos\n|\n|upkeep\n|-message|chenfff forfeited.\n|\n|win|Username momento\n|raw|chenfff's rating: 1449 &rarr; <strong>1436<\/strong><br \/>(-13 for losing)\n|raw|Username momento's rating: 1570 &rarr; <strong>1583<\/strong><br \/>(+13 for winning)\n|l|\u2606chenfff\n","uploadtime":1700710865,"views":3,"p1id":"chenfff","p2id":"usernamemomento","formatid":"gen9ou","rating":1436,"private":0,"password":""}