{"id":"gen9ou-1988614106","p1":"AnulaLaluna","p2":"HerBaeza","format":"[Gen 9] OU","log":"|j|\u2606AnulaLaluna\n|j|\u2606HerBaeza\n|t:|1699742100\n|gametype|singles\n|player|p1|AnulaLaluna|riley|\n|player|p2|HerBaeza|101|\n|teamsize|p1|6\n|teamsize|p2|6\n|gen|9\n|tier|[Gen 9] OU\n|rule|Sleep Clause Mod: Limit one foe put to sleep\n|rule|Species Clause: Limit one of each Pok\u00e9mon\n|rule|OHKO Clause: OHKO moves are banned\n|rule|Evasion Items Clause: Evasion items are banned\n|rule|Evasion Moves Clause: Evasion moves are banned\n|rule|Endless Battle Clause: Forcing endless battles is banned\n|rule|HP Percentage Mod: HP is shown in percentages\n|clearpoke\n|poke|p1|Uxie|\n|poke|p1|Gyarados, F|\n|poke|p1|Greninja-*, M|\n|poke|p1|Gastrodon, M|\n|poke|p1|Hattrem, F|\n|poke|p1|Flamigo, F|\n|poke|p2|Houndstone, M|\n|poke|p2|Skeledirge, F|\n|poke|p2|Iron Treads|\n|poke|p2|Gliscor, M|\n|poke|p2|Fezandipiti, M|\n|poke|p2|Samurott, F|\n|teampreview\n|j| aka_tora13\n|\n|t:|1699742159\n|start\n|switch|p1a: Uxie|Uxie|100\/100\n|switch|p2a: Iron Treads|Iron Treads|100\/100\n|turn|1\n|\n|t:|1699742173\n|switch|p1a: Hattrem|Hattrem, F|100\/100\n|move|p2a: Iron Treads|Iron Head|p1a: Hattrem\n|-damage|p1a: Hattrem|68\/100\n|\n|upkeep\n|turn|2\n|\n|t:|1699742185\n|switch|p1a: Uxie|Uxie|100\/100\n|move|p2a: Iron Treads|Earthquake|p1a: Uxie\n|-immune|p1a: Uxie|[from] ability: Levitate\n|\n|upkeep\n|turn|3\n|\n|t:|1699742195\n|move|p2a: Iron Treads|Iron Head|p1a: Uxie\n|-damage|p1a: Uxie|75\/100\n|move|p1a: Uxie|Stealth Rock|p2a: Iron Treads\n|-sidestart|p2: HerBaeza|move: Stealth Rock\n|\n|upkeep\n|turn|4\n|\n|t:|1699742203\n|move|p2a: Iron Treads|Rapid Spin|p1a: Uxie\n|-damage|p1a: Uxie|66\/100\n|-boost|p2a: Iron Treads|spe|1\n|-sideend|p2: HerBaeza|Stealth Rock|[from] move: Rapid Spin|[of] p2a: Iron Treads\n|move|p1a: Uxie|Knock Off|p2a: Iron Treads\n|-damage|p2a: Iron Treads|87\/100\n|-enditem|p2a: Iron Treads|Sitrus Berry|[from] move: Knock Off|[of] p1a: Uxie\n|\n|upkeep\n|turn|5\n|\n|t:|1699742214\n|move|p2a: Iron Treads|Iron Head|p1a: Uxie\n|-damage|p1a: Uxie|43\/100\n|cant|p1a: Uxie|flinch\n|\n|upkeep\n|turn|6\n|\n|t:|1699742220\n|move|p2a: Iron Treads|Stealth Rock|p1a: Uxie\n|-sidestart|p1: AnulaLaluna|move: Stealth Rock\n|move|p1a: Uxie|Stealth Rock|p2a: Iron Treads\n|-sidestart|p2: HerBaeza|move: Stealth Rock\n|\n|upkeep\n|turn|7\n|\n|t:|1699742252\n|-terastallize|p1a: Uxie|Ghost\n|move|p2a: Iron Treads|Iron Head|p1a: Uxie\n|-damage|p1a: Uxie|18\/100\n|move|p1a: Uxie|U-turn|p2a: Iron Treads\n|-resisted|p2a: Iron Treads\n|-damage|p2a: Iron Treads|81\/100\n|\n|t:|1699742269\n|switch|p1a: Flamigo|Flamigo, F|100\/100|[from] U-turn\n|-damage|p1a: Flamigo|88\/100|[from] Stealth Rock\n|\n|upkeep\n|turn|8\n|\n|t:|1699742279\n|-end|p2a: Iron Treads|Quark Drive|[silent]\n|switch|p2a: Skeledirge|Skeledirge, F|100\/100\n|-damage|p2a: Skeledirge|75\/100|[from] Stealth Rock\n|move|p1a: Flamigo|Close Combat|p2a: Skeledirge\n|-damage|p2a: Skeledirge|31\/100\n|-unboost|p1a: Flamigo|def|1\n|-unboost|p1a: Flamigo|spd|1\n|\n|upkeep\n|turn|9\n|\n|t:|1699742289\n|move|p1a: Flamigo|Close Combat|p2a: Skeledirge\n|-damage|p2a: Skeledirge|0 fnt\n|-unboost|p1a: Flamigo|def|1\n|-unboost|p1a: Flamigo|spd|1\n|faint|p2a: Skeledirge\n|\n|upkeep\n|\n|t:|1699742298\n|switch|p2a: Houndstone|Houndstone, M|100\/100\n|-damage|p2a: Houndstone|88\/100|[from] Stealth Rock\n|turn|10\n|\n|t:|1699742310\n|switch|p1a: Uxie|Uxie, tera:Ghost|18\/100\n|-damage|p1a: Uxie|6\/100|[from] Stealth Rock\n|move|p2a: Houndstone|Will-O-Wisp|p1a: Uxie\n|-status|p1a: Uxie|brn\n|\n|-damage|p1a: Uxie|0 fnt|[from] brn\n|faint|p1a: Uxie\n|upkeep\n|\n|t:|1699742326\n|switch|p1a: Greninja|Greninja, M|100\/100\n|-damage|p1a: Greninja|88\/100|[from] Stealth Rock\n|turn|11\n|\n|t:|1699742335\n|switch|p2a: Fezandipiti|Fezandipiti, M|100\/100\n|-damage|p2a: Fezandipiti|88\/100|[from] Stealth Rock\n|move|p1a: Greninja|Surf|p2a: Fezandipiti\n|-damage|p2a: Fezandipiti|66\/100\n|\n|-heal|p2a: Fezandipiti|72\/100|[from] item: Black Sludge\n|upkeep\n|turn|12\n|\n|t:|1699742346\n|switch|p1a: Gastrodon|Gastrodon, M|100\/100\n|-damage|p1a: Gastrodon|94\/100|[from] Stealth Rock\n|move|p2a: Fezandipiti|Dual Wingbeat|p1a: Gastrodon\n|-damage|p1a: Gastrodon|81\/100\n|-damage|p1a: Gastrodon|68\/100\n|-hitcount|p1a: Gastrodon|2\n|\n|-heal|p2a: Fezandipiti|78\/100|[from] item: Black Sludge\n|-heal|p1a: Gastrodon|74\/100|[from] item: Leftovers\n|upkeep\n|turn|13\n|\n|t:|1699742359\n|move|p2a: Fezandipiti|Toxic|p1a: Gastrodon\n|-status|p1a: Gastrodon|tox\n|move|p1a: Gastrodon|Ice Beam|p2a: Fezandipiti\n|-damage|p2a: Fezandipiti|66\/100\n|\n|-heal|p2a: Fezandipiti|72\/100|[from] item: Black Sludge\n|-heal|p1a: Gastrodon|80\/100 tox|[from] item: Leftovers\n|-damage|p1a: Gastrodon|74\/100 tox|[from] psn\n|upkeep\n|turn|14\n|\n|t:|1699742371\n|move|p2a: Fezandipiti|Dual Wingbeat|p1a: Gastrodon\n|-damage|p1a: Gastrodon|60\/100 tox\n|-damage|p1a: Gastrodon|46\/100 tox\n|-hitcount|p1a: Gastrodon|2\n|move|p1a: Gastrodon|Earth Power|p2a: Fezandipiti\n|-supereffective|p2a: Fezandipiti\n|-damage|p2a: Fezandipiti|41\/100\n|\n|-heal|p2a: Fezandipiti|47\/100|[from] item: Black Sludge\n|-heal|p1a: Gastrodon|52\/100 tox|[from] item: Leftovers\n|-damage|p1a: Gastrodon|40\/100 tox|[from] psn\n|upkeep\n|turn|15\n|\n|t:|1699742383\n|switch|p1a: Flamigo|Flamigo, F|88\/100\n|-damage|p1a: Flamigo|76\/100|[from] Stealth Rock\n|move|p2a: Fezandipiti|Roost|p2a: Fezandipiti\n|-heal|p2a: Fezandipiti|97\/100\n|-singleturn|p2a: Fezandipiti|move: Roost\n|\n|-heal|p2a: Fezandipiti|100\/100|[from] item: Black Sludge\n|upkeep\n|turn|16\n|\n|t:|1699742393\n|move|p1a: Flamigo|Brave Bird|p2a: Fezandipiti\n|-damage|p2a: Fezandipiti|35\/100\n|-damage|p1a: Flamigo|49\/100|[from] Recoil\n|move|p2a: Fezandipiti|Dual Wingbeat|p1a: Flamigo\n|-supereffective|p1a: Flamigo\n|-damage|p1a: Flamigo|9\/100\n|-supereffective|p1a: Flamigo\n|-crit|p1a: Flamigo\n|-damage|p1a: Flamigo|0 fnt\n|faint|p1a: Flamigo\n|-hitcount|p1: Flamigo|2\n|\n|-heal|p2a: Fezandipiti|42\/100|[from] item: Black Sludge\n|upkeep\n|\n|t:|1699742402\n|switch|p1a: Gyarados|Gyarados, F|100\/100\n|-damage|p1a: Gyarados|76\/100|[from] Stealth Rock\n|turn|17\n|\n|t:|1699742415\n|move|p1a: Gyarados|Taunt|p2a: Fezandipiti\n|-start|p2a: Fezandipiti|move: Taunt\n|cant|p2a: Fezandipiti|move: Taunt|Toxic\n|\n|-heal|p2a: Fezandipiti|48\/100|[from] item: Black Sludge\n|upkeep\n|turn|18\n|\n|t:|1699742424\n|switch|p2a: Houndstone|Houndstone, M|88\/100\n|-damage|p2a: Houndstone|76\/100|[from] Stealth Rock\n|move|p1a: Gyarados|Dragon Dance|p1a: Gyarados\n|-boost|p1a: Gyarados|atk|1\n|-boost|p1a: Gyarados|spe|1\n|\n|upkeep\n|turn|19\n|\n|t:|1699742436\n|move|p1a: Gyarados|Crunch|p2a: Houndstone\n|-supereffective|p2a: Houndstone\n|-damage|p2a: Houndstone|48\/100\n|-unboost|p2a: Houndstone|def|1\n|-damage|p1a: Gyarados|59\/100|[from] item: Rocky Helmet|[of] p2a: Houndstone\n|move|p2a: Houndstone|Poltergeist|p1a: Gyarados\n|-activate|p1a: Gyarados|move: Poltergeist|Mystic Water\n|-damage|p1a: Gyarados|9\/100\n|\n|upkeep\n|turn|20\n|\n|t:|1699742457\n|move|p1a: Gyarados|Waterfall|p2a: Houndstone\n|-damage|p2a: Houndstone|8\/100\n|-damage|p1a: Gyarados|0 fnt|[from] item: Rocky Helmet|[of] p2a: Houndstone\n|faint|p1a: Gyarados\n|move|p2a: Houndstone|Will-O-Wisp|p1: Gyarados|[notarget]\n|-fail|p2a: Houndstone\n|\n|upkeep\n|\n|t:|1699742464\n|switch|p1a: Greninja|Greninja, M|88\/100\n|-damage|p1a: Greninja|76\/100|[from] Stealth Rock\n|turn|21\n|\n|t:|1699742473\n|move|p1a: Greninja|Surf|p2a: Houndstone\n|-damage|p2a: Houndstone|0 fnt\n|faint|p2a: Houndstone\n|-ability|p1a: Greninja|Battle Bond|boost\n|-boost|p1a: Greninja|atk|1\n|-boost|p1a: Greninja|spa|1\n|-boost|p1a: Greninja|spe|1\n|-activate|p1a: Greninja|ability: Battle Bond\n|\n|upkeep\n|\n|t:|1699742484\n|switch|p2a: Samurott|Samurott, F|100\/100\n|-damage|p2a: Samurott|88\/100|[from] Stealth Rock\n|turn|22\n|\n|t:|1699742494\n|move|p1a: Greninja|Dark Pulse|p2a: Samurott\n|-damage|p2a: Samurott|10\/100\n|move|p2a: Samurott|Ice Beam|p1a: Greninja\n|-resisted|p1a: Greninja\n|-damage|p1a: Greninja|49\/100\n|-damage|p2a: Samurott|0 fnt|[from] item: Life Orb\n|faint|p2a: Samurott\n|\n|upkeep\n|\n|t:|1699742505\n|switch|p2a: Fezandipiti|Fezandipiti, M|48\/100\n|-damage|p2a: Fezandipiti|35\/100|[from] Stealth Rock\n|turn|23\n|\n|t:|1699742516\n|move|p1a: Greninja|Surf|p2a: Fezandipiti\n|-damage|p2a: Fezandipiti|2\/100\n|move|p2a: Fezandipiti|Roost|p2a: Fezandipiti\n|-heal|p2a: Fezandipiti|52\/100\n|-singleturn|p2a: Fezandipiti|move: Roost\n|\n|-heal|p2a: Fezandipiti|58\/100|[from] item: Black Sludge\n|upkeep\n|turn|24\n|\n|t:|1699742528\n|move|p1a: Greninja|Surf|p2a: Fezandipiti\n|-damage|p2a: Fezandipiti|22\/100\n|move|p2a: Fezandipiti|Roost|p2a: Fezandipiti\n|-heal|p2a: Fezandipiti|72\/100\n|-singleturn|p2a: Fezandipiti|move: Roost\n|\n|-heal|p2a: Fezandipiti|78\/100|[from] item: Black Sludge\n|upkeep\n|turn|25\n|\n|t:|1699742540\n|switch|p1a: Hattrem|Hattrem, F|68\/100\n|-damage|p1a: Hattrem|56\/100|[from] Stealth Rock\n|move|p2a: Fezandipiti|Dual Wingbeat|p1a: Hattrem\n|-damage|p1a: Hattrem|45\/100\n|-damage|p1a: Hattrem|35\/100\n|-hitcount|p1a: Hattrem|2\n|\n|-heal|p2a: Fezandipiti|84\/100|[from] item: Black Sludge\n|upkeep\n|turn|26\n|\n|t:|1699742552\n|move|p2a: Fezandipiti|Dual Wingbeat|p1a: Hattrem\n|-damage|p1a: Hattrem|24\/100\n|-damage|p1a: Hattrem|15\/100\n|-hitcount|p1a: Hattrem|2\n|move|p1a: Hattrem|Psyshock|p2a: Fezandipiti\n|-supereffective|p2a: Fezandipiti\n|-damage|p2a: Fezandipiti|25\/100\n|\n|-heal|p2a: Fezandipiti|31\/100|[from] item: Black Sludge\n|upkeep\n|turn|27\n|\n|t:|1699742563\n|move|p2a: Fezandipiti|Dual Wingbeat|p1a: Hattrem\n|-damage|p1a: Hattrem|4\/100\n|-crit|p1a: Hattrem\n|-damage|p1a: Hattrem|0 fnt\n|faint|p1a: Hattrem\n|-hitcount|p1: Hattrem|2\n|\n|-heal|p2a: Fezandipiti|37\/100|[from] item: Black Sludge\n|upkeep\n|\n|t:|1699742567\n|switch|p1a: Gastrodon|Gastrodon, M|40\/100 tox\n|-damage|p1a: Gastrodon|34\/100 tox|[from] Stealth Rock\n|turn|28\n|\n|t:|1699742581\n|move|p2a: Fezandipiti|Roost|p2a: Fezandipiti\n|-heal|p2a: Fezandipiti|87\/100\n|-singleturn|p2a: Fezandipiti|move: Roost\n|move|p1a: Gastrodon|Earth Power|p2a: Fezandipiti\n|-supereffective|p2a: Fezandipiti\n|-damage|p2a: Fezandipiti|52\/100\n|\n|-heal|p2a: Fezandipiti|58\/100|[from] item: Black Sludge\n|-heal|p1a: Gastrodon|40\/100 tox|[from] item: Leftovers\n|-damage|p1a: Gastrodon|34\/100 tox|[from] psn\n|upkeep\n|turn|29\n|\n|t:|1699742593\n|move|p2a: Fezandipiti|Roost|p2a: Fezandipiti\n|-heal|p2a: Fezandipiti|100\/100\n|-singleturn|p2a: Fezandipiti|move: Roost\n|move|p1a: Gastrodon|Recover|p1a: Gastrodon\n|-heal|p1a: Gastrodon|84\/100 tox\n|\n|-heal|p1a: Gastrodon|90\/100 tox|[from] item: Leftovers\n|-damage|p1a: Gastrodon|78\/100 tox|[from] psn\n|upkeep\n|turn|30\n|\n|t:|1699742603\n|move|p2a: Fezandipiti|Taunt|p1a: Gastrodon\n|-start|p1a: Gastrodon|move: Taunt\n|move|p1a: Gastrodon|Ice Beam|p2a: Fezandipiti\n|-crit|p2a: Fezandipiti\n|-damage|p2a: Fezandipiti|84\/100\n|\n|-heal|p2a: Fezandipiti|90\/100|[from] item: Black Sludge\n|-heal|p1a: Gastrodon|84\/100 tox|[from] item: Leftovers\n|-damage|p1a: Gastrodon|66\/100 tox|[from] psn\n|upkeep\n|turn|31\n|\n|t:|1699742615\n|move|p2a: Fezandipiti|Dual Wingbeat|p1a: Gastrodon\n|-damage|p1a: Gastrodon|53\/100 tox\n|-damage|p1a: Gastrodon|41\/100 tox\n|-hitcount|p1a: Gastrodon|2\n|move|p1a: Gastrodon|Ice Beam|p2a: Fezandipiti\n|-damage|p2a: Fezandipiti|78\/100\n|-status|p2a: Fezandipiti|frz\n|\n|-heal|p2a: Fezandipiti|84\/100 frz|[from] item: Black Sludge\n|-heal|p1a: Gastrodon|47\/100 tox|[from] item: Leftovers\n|-damage|p1a: Gastrodon|22\/100 tox|[from] psn\n|upkeep\n|turn|32\n|\n|t:|1699742629\n|cant|p2a: Fezandipiti|frz\n|move|p1a: Gastrodon|Earth Power|p2a: Fezandipiti\n|-supereffective|p2a: Fezandipiti\n|-damage|p2a: Fezandipiti|51\/100 frz\n|\n|-heal|p2a: Fezandipiti|57\/100 frz|[from] item: Black Sludge\n|-heal|p1a: Gastrodon|28\/100 tox|[from] item: Leftovers\n|-damage|p1a: Gastrodon|0 fnt|[from] psn\n|faint|p1a: Gastrodon\n|upkeep\n|\n|t:|1699742634\n|switch|p1a: Greninja|Greninja, M|49\/100\n|-damage|p1a: Greninja|36\/100|[from] Stealth Rock\n|turn|33\n|\n|t:|1699742644\n|move|p1a: Greninja|Surf|p2a: Fezandipiti\n|-damage|p2a: Fezandipiti|33\/100 frz\n|cant|p2a: Fezandipiti|frz\n|\n|-heal|p2a: Fezandipiti|39\/100 frz|[from] item: Black Sludge\n|upkeep\n|turn|34\n|\n|t:|1699742652\n|move|p1a: Greninja|Surf|p2a: Fezandipiti\n|-crit|p2a: Fezandipiti\n|-damage|p2a: Fezandipiti|8\/100 frz\n|cant|p2a: Fezandipiti|frz\n|\n|-heal|p2a: Fezandipiti|14\/100 frz|[from] item: Black Sludge\n|upkeep\n|turn|35\n|\n|t:|1699742665\n|move|p1a: Greninja|Surf|p2a: Fezandipiti\n|-damage|p2a: Fezandipiti|0 fnt\n|faint|p2a: Fezandipiti\n|\n|upkeep\n|\n|t:|1699742671\n|switch|p2a: Gliscor|Gliscor, M|100\/100\n|-damage|p2a: Gliscor|88\/100|[from] Stealth Rock\n|turn|36\n|\n|t:|1699742685\n|-terastallize|p2a: Gliscor|Normal\n|move|p1a: Greninja|Dark Pulse|p2a: Gliscor\n|-damage|p2a: Gliscor|33\/100\n|cant|p2a: Gliscor|flinch\n|\n|-status|p2a: Gliscor|tox|[from] item: Toxic Orb\n|upkeep\n|turn|37\n|\n|t:|1699742700\n|move|p1a: Greninja|Dark Pulse|p2a: Gliscor\n|-damage|p2a: Gliscor|0 fnt\n|faint|p2a: Gliscor\n|\n|upkeep\n|\n|t:|1699742705\n|switch|p2a: Iron Treads|Iron Treads|81\/100\n|-damage|p2a: Iron Treads|78\/100|[from] Stealth Rock\n|turn|38\n|\n|t:|1699742709\n|move|p1a: Greninja|Surf|p2a: Iron Treads\n|-supereffective|p2a: Iron Treads\n|-damage|p2a: Iron Treads|0 fnt\n|faint|p2a: Iron Treads\n|-end|p2a: Iron Treads|Quark Drive|[silent]\n|\n|win|AnulaLaluna\n|c|\u2606AnulaLaluna|Gg\n|l|\u2606AnulaLaluna\n|l|\u2606HerBaeza\n|l| aka_tora13\n|j|\u2606AnulaLaluna\n|player|p1|AnulaLaluna|riley\n|l|\u2606AnulaLaluna\n|player|p1|\n|j|\u2606AnulaLaluna\n|player|p1|AnulaLaluna|riley\n","uploadtime":1699743377,"views":36,"p1id":"anulalaluna","p2id":"herbaeza","formatid":"gen9ou","rating":0,"private":0,"password":""}