{"id":"gen9ou-1994651603","p1":"Strike ove","p2":"SEUIf","format":"[Gen 9] OU","log":"|j|\u2606Strike ove\n|j|\u2606SEUIf\n|t:|1700475715\n|gametype|singles\n|player|p1|Strike ove|hilda|1000\n|player|p2|SEUIf|ingo-hisui|1099\n|teamsize|p1|6\n|teamsize|p2|6\n|gen|9\n|tier|[Gen 9] OU\n|rated|\n|rule|Sleep Clause Mod: Limit one foe put to sleep\n|rule|Species Clause: Limit one of each Pok\u00e9mon\n|rule|OHKO Clause: OHKO moves are banned\n|rule|Evasion Items Clause: Evasion items are banned\n|rule|Evasion Moves Clause: Evasion moves are banned\n|rule|Endless Battle Clause: Forcing endless battles is banned\n|rule|HP Percentage Mod: HP is shown in percentages\n|clearpoke\n|poke|p1|Iron Valiant|\n|poke|p1|Meowscarada, F|\n|poke|p1|Talonflame, F|\n|poke|p1|Garchomp, F|\n|poke|p1|Armarouge, M|\n|poke|p1|Ceruledge, M|\n|poke|p2|Kingambit, F|\n|poke|p2|Glimmora, F|\n|poke|p2|Zamazenta-*|\n|poke|p2|Iron Valiant|\n|poke|p2|Iron Moth|\n|poke|p2|Ogerpon-Wellspring, F|\n|teampreview\n|\n|t:|1700475719\n|start\n|switch|p1a: Iron Valiant|Iron Valiant|100\/100\n|switch|p2a: Glimmora|Glimmora, F|100\/100\n|turn|1\n|\n|t:|1700475729\n|move|p1a: Iron Valiant|Close Combat|p2a: Glimmora\n|-damage|p2a: Glimmora|37\/100\n|-unboost|p1a: Iron Valiant|def|1\n|-unboost|p1a: Iron Valiant|spd|1\n|-activate|p2a: Glimmora|ability: Toxic Debris\n|-sidestart|p1: Strike ove|move: Toxic Spikes\n|move|p2a: Glimmora|Stealth Rock|p1a: Iron Valiant\n|-sidestart|p1: Strike ove|move: Stealth Rock\n|\n|upkeep\n|turn|2\n|\n|t:|1700475739\n|move|p1a: Iron Valiant|Close Combat|p2a: Glimmora\n|-damage|p2a: Glimmora|0 fnt\n|-unboost|p1a: Iron Valiant|def|1\n|-unboost|p1a: Iron Valiant|spd|1\n|-activate|p2a: Glimmora|ability: Toxic Debris\n|-sidestart|p1: Strike ove|move: Toxic Spikes\n|faint|p2a: Glimmora\n|\n|upkeep\n|\n|t:|1700475748\n|switch|p2a: Iron Valiant|Iron Valiant|100\/100\n|-enditem|p2a: Iron Valiant|Booster Energy\n|-activate|p2a: Iron Valiant|ability: Quark Drive|[fromitem]\n|-start|p2a: Iron Valiant|quarkdrivespe\n|turn|3\n|\n|t:|1700475760\n|move|p2a: Iron Valiant|Moonblast|p1a: Iron Valiant\n|-supereffective|p1a: Iron Valiant\n|-damage|p1a: Iron Valiant|0 fnt\n|faint|p1a: Iron Valiant\n|-end|p1a: Iron Valiant|Quark Drive|[silent]\n|\n|upkeep\n|\n|t:|1700475768\n|switch|p1a: Meowscarada|Meowscarada, F|100\/100\n|-status|p1a: Meowscarada|tox\n|-damage|p1a: Meowscarada|88\/100 tox|[from] Stealth Rock\n|turn|4\n|\n|t:|1700475775\n|move|p2a: Iron Valiant|Moonblast|p1a: Meowscarada\n|-supereffective|p1a: Meowscarada\n|-damage|p1a: Meowscarada|0 fnt\n|faint|p1a: Meowscarada\n|\n|upkeep\n|\n|t:|1700475780\n|switch|p1a: Talonflame|Talonflame, F|100\/100\n|-damage|p1a: Talonflame|50\/100|[from] Stealth Rock\n|turn|5\n|\n|t:|1700475785\n|move|p2a: Iron Valiant|Psyshock|p1a: Talonflame\n|-damage|p1a: Talonflame|17\/100\n|move|p1a: Talonflame|Brave Bird|p2a: Iron Valiant\n|-supereffective|p2a: Iron Valiant\n|-damage|p2a: Iron Valiant|0 fnt\n|faint|p2a: Iron Valiant\n|-end|p2a: Iron Valiant|Quark Drive|[silent]\n|-damage|p1a: Talonflame|0 fnt|[from] Recoil\n|faint|p1a: Talonflame\n|\n|upkeep\n|\n|t:|1700475801\n|switch|p2a: Ogerpon|Ogerpon-Wellspring, F|100\/100\n|switch|p1a: Garchomp|Garchomp, F|100\/100\n|-status|p1a: Garchomp|tox\n|-damage|p1a: Garchomp|94\/100 tox|[from] Stealth Rock\n|turn|6\n|\n|t:|1700475811\n|switch|p2a: Zamazenta|Zamazenta, shiny|100\/100\n|-ability|p2a: Zamazenta|Dauntless Shield|boost\n|-boost|p2a: Zamazenta|def|1\n|move|p1a: Garchomp|Outrage|p2a: Zamazenta\n|-damage|p2a: Zamazenta|73\/100\n|\n|-heal|p2a: Zamazenta|79\/100|[from] item: Leftovers\n|-damage|p1a: Garchomp|88\/100 tox|[from] psn\n|upkeep\n|turn|7\n|\n|t:|1700475822\n|move|p2a: Zamazenta|Iron Defense|p2a: Zamazenta\n|-boost|p2a: Zamazenta|def|2\n|move|p1a: Garchomp|Outrage|p2a: Zamazenta|[from]lockedmove\n|-damage|p2a: Zamazenta|62\/100\n|\n|-heal|p2a: Zamazenta|68\/100|[from] item: Leftovers\n|-damage|p1a: Garchomp|76\/100 tox|[from] psn\n|upkeep\n|turn|8\n|\n|t:|1700475832\n|move|p2a: Zamazenta|Body Press|p1a: Garchomp\n|-damage|p1a: Garchomp|14\/100 tox\n|-damage|p2a: Zamazenta|56\/100|[from] ability: Rough Skin|[of] p1a: Garchomp\n|-damage|p2a: Zamazenta|40\/100|[from] item: Rocky Helmet|[of] p1a: Garchomp\n|move|p1a: Garchomp|Outrage|p2a: Zamazenta|[from]lockedmove\n|-damage|p2a: Zamazenta|21\/100\n|-start|p1a: Garchomp|confusion|[fatigue]\n|\n|-heal|p2a: Zamazenta|27\/100|[from] item: Leftovers\n|-damage|p1a: Garchomp|0 fnt|[from] psn\n|faint|p1a: Garchomp\n|upkeep\n|\n|t:|1700475846\n|switch|p1a: Armarouge|Armarouge, M|100\/100\n|-status|p1a: Armarouge|tox\n|-damage|p1a: Armarouge|76\/100 tox|[from] Stealth Rock\n|turn|9\n|c|\u2606SEUIf|gg\n|\n|t:|1700475852\n|move|p2a: Zamazenta|Crunch|p1a: Armarouge\n|-supereffective|p1a: Armarouge\n|-damage|p1a: Armarouge|33\/100 tox\n|-ability|p1a: Armarouge|Weak Armor|boost\n|-unboost|p1a: Armarouge|def|1\n|-boost|p1a: Armarouge|spe|2\n|move|p1a: Armarouge|Armor Cannon|p2a: Zamazenta\n|-damage|p2a: Zamazenta|0 fnt\n|-unboost|p1a: Armarouge|def|1\n|-unboost|p1a: Armarouge|spd|1\n|faint|p2a: Zamazenta\n|\n|-damage|p1a: Armarouge|27\/100 tox|[from] psn\n|upkeep\n|\n|t:|1700475867\n|switch|p2a: Kingambit|Kingambit, F|100\/100\n|-activate|p2a: Kingambit|ability: Supreme Overlord\n|-start|p2a: Kingambit|fallen3|[silent]\n|turn|10\n|\n|t:|1700475871\n|move|p2a: Kingambit|Sucker Punch|p1a: Armarouge\n|-supereffective|p1a: Armarouge\n|-damage|p1a: Armarouge|0 fnt\n|faint|p1a: Armarouge\n|\n|upkeep\n|\n|t:|1700475876\n|switch|p1a: Ceruledge|Ceruledge, M|100\/100\n|-status|p1a: Ceruledge|tox\n|-damage|p1a: Ceruledge|76\/100 tox|[from] Stealth Rock\n|turn|11\n|\n|t:|1700475886\n|-end|p2a: Kingambit|fallen3|[silent]\n|switch|p2a: Iron Moth|Iron Moth|100\/100\n|-enditem|p2a: Iron Moth|Booster Energy\n|-activate|p2a: Iron Moth|ability: Quark Drive|[fromitem]\n|-start|p2a: Iron Moth|quarkdrivespe\n|-terastallize|p1a: Ceruledge|Fire\n|move|p1a: Ceruledge|Psycho Cut|p2a: Iron Moth\n|-supereffective|p2a: Iron Moth\n|-damage|p2a: Iron Moth|15\/100\n|\n|-damage|p1a: Ceruledge|69\/100 tox|[from] psn\n|upkeep\n|turn|12\n|\n|t:|1700475899\n|move|p2a: Iron Moth|Sludge Wave|p1a: Ceruledge\n|-damage|p1a: Ceruledge|21\/100 tox\n|move|p1a: Ceruledge|Psycho Cut|p2a: Iron Moth\n|-supereffective|p2a: Iron Moth\n|-damage|p2a: Iron Moth|0 fnt\n|faint|p2a: Iron Moth\n|-end|p2a: Iron Moth|Quark Drive|[silent]\n|\n|-damage|p1a: Ceruledge|9\/100 tox|[from] psn\n|upkeep\n|\n|t:|1700475905\n|switch|p2a: Kingambit|Kingambit, F|100\/100\n|-activate|p2a: Kingambit|ability: Supreme Overlord\n|-start|p2a: Kingambit|fallen4|[silent]\n|turn|13\n|\n|t:|1700475911\n|move|p2a: Kingambit|Sucker Punch|p1a: Ceruledge\n|-damage|p1a: Ceruledge|0 fnt\n|faint|p1a: Ceruledge\n|\n|win|SEUIf\n|raw|Strike ove's rating: 1000 &rarr; <strong>1000<\/strong><br \/>(+0 for losing)\n|raw|SEUIf's rating: 1099 &rarr; <strong>1117<\/strong><br \/>(+18 for winning)\n","uploadtime":1700475918,"views":11,"p1id":"strikeove","p2id":"seuif","formatid":"gen9ou","rating":1000,"private":0,"password":""}