{"id":"gen9ou-1999442604","p1":"Highv0ltag3","p2":"pastagirl","format":"[Gen 9] OU","log":"|j|\u2606Highv0ltag3\n|j|\u2606pastagirl\n|t:|1701081236\n|gametype|singles\n|player|p1|Highv0ltag3|#scl3breakers2|1575\n|player|p2|pastagirl|elesa|1564\n|teamsize|p1|6\n|teamsize|p2|6\n|gen|9\n|tier|[Gen 9] OU\n|rated|\n|rule|Sleep Clause Mod: Limit one foe put to sleep\n|rule|Species Clause: Limit one of each Pok\u00e9mon\n|rule|OHKO Clause: OHKO moves are banned\n|rule|Evasion Items Clause: Evasion items are banned\n|rule|Evasion Moves Clause: Evasion moves are banned\n|rule|Endless Battle Clause: Forcing endless battles is banned\n|rule|HP Percentage Mod: HP is shown in percentages\n|clearpoke\n|poke|p1|Maushold|\n|poke|p1|Corviknight, F|\n|poke|p1|Alomomola, M|\n|poke|p1|Dondozo, F|\n|poke|p1|Blissey, F|\n|poke|p1|Clodsire, F|\n|poke|p2|Pelipper, M|\n|poke|p2|Barraskewda, F|\n|poke|p2|Quaquaval, F|\n|poke|p2|Manaphy|\n|poke|p2|Garganacl, F|\n|poke|p2|Overqwil, M|\n|teampreview\n|inactive|Battle timer is ON: inactive players will automatically lose when time's up. (requested by pastagirl)\n|c|\u2606Highv0ltag3|Glhf\n|c|\u2606pastagirl|no u\n|\n|t:|1701081253\n|start\n|switch|p1a: Alomomola|Alomomola, M|100\/100\n|switch|p2a: Garganacl|Garganacl, F|100\/100\n|turn|1\n|\n|t:|1701081266\n|move|p1a: Alomomola|Scald|p2a: Garganacl\n|-supereffective|p2a: Garganacl\n|-damage|p2a: Garganacl|77\/100\n|move|p2a: Garganacl|Salt Cure|p1a: Alomomola\n|-damage|p1a: Alomomola|94\/100\n|-start|p1a: Alomomola|Salt Cure\n|\n|-heal|p2a: Garganacl|83\/100|[from] item: Leftovers\n|-damage|p1a: Alomomola|69\/100|[from] Salt Cure\n|upkeep\n|turn|2\n|\n|t:|1701081277\n|move|p1a: Alomomola|Flip Turn|p2a: Garganacl\n|-supereffective|p2a: Garganacl\n|-damage|p2a: Garganacl|65\/100\n|\n|t:|1701081281\n|switch|p1a: Clodsire|Clodsire, F|100\/100|[from] Flip Turn\n|move|p2a: Garganacl|Stealth Rock|p1a: Clodsire\n|-sidestart|p1: Highv0ltag3|move: Stealth Rock\n|\n|-heal|p2a: Garganacl|71\/100|[from] item: Leftovers\n|upkeep\n|turn|3\n|\n|t:|1701081300\n|switch|p2a: EL PELIGRO|Pelipper, M, shiny|100\/100\n|-weather|RainDance|[from] ability: Drizzle|[of] p2a: EL PELIGRO\n|move|p1a: Clodsire|Spikes|p2a: EL PELIGRO\n|-sidestart|p2: pastagirl|Spikes\n|\n|-weather|RainDance|[upkeep]\n|upkeep\n|turn|4\n|\n|t:|1701081316\n|switch|p2a: Manaphy|Manaphy|100\/100\n|-damage|p2a: Manaphy|88\/100|[from] Spikes\n|switch|p1a: Blissey|Blissey, F|100\/100\n|\n|-weather|RainDance|[upkeep]\n|-heal|p2a: Manaphy|94\/100|[from] item: Leftovers\n|upkeep\n|turn|5\n|\n|t:|1701081331\n|switch|p2a: quacker oats|Quaquaval, F|100\/100\n|move|p1a: Blissey|Stealth Rock|p2a: quacker oats\n|-sidestart|p2: pastagirl|move: Stealth Rock\n|\n|-weather|RainDance|[upkeep]\n|upkeep\n|turn|6\n|\n|t:|1701081336\n|move|p1a: Blissey|Protect|p1a: Blissey\n|-singleturn|p1a: Blissey|Protect\n|move|p2a: quacker oats|Rapid Spin|p1a: Blissey\n|-activate|p1a: Blissey|move: Protect\n|\n|-weather|RainDance|[upkeep]\n|upkeep\n|turn|7\n|\n|t:|1701081341\n|switch|p1a: Corviknight|Corviknight, F|100\/100\n|-ability|p1a: Corviknight|Pressure\n|move|p2a: quacker oats|Aqua Step|p1a: Corviknight\n|-damage|p1a: Corviknight|62\/100\n|-boost|p2a: quacker oats|spe|1\n|\n|-weather|RainDance|[upkeep]\n|upkeep\n|turn|8\n|inactive|pastagirl has 120 seconds left.\n|\n|t:|1701081383\n|switch|p2a: Manaphy|Manaphy|94\/100\n|-damage|p2a: Manaphy|82\/100|[from] Spikes\n|-damage|p2a: Manaphy|69\/100|[from] Stealth Rock\n|move|p1a: Corviknight|Brave Bird|p2a: Manaphy\n|-damage|p2a: Manaphy|40\/100\n|-damage|p1a: Corviknight|52\/100|[from] Recoil\n|\n|-weather|RainDance|[upkeep]\n|-heal|p2a: Manaphy|47\/100|[from] item: Leftovers\n|upkeep\n|turn|9\n|\n|t:|1701081393\n|switch|p1a: Blissey|Blissey, F|100\/100\n|move|p2a: Manaphy|Rest|p2a: Manaphy\n|-status|p2a: Manaphy|slp|[from] move: Rest\n|-heal|p2a: Manaphy|100\/100 slp|[silent]\n|\n|-weather|RainDance|[upkeep]\n|-activate|p2a: Manaphy|ability: Hydration\n|-curestatus|p2a: Manaphy|slp|[msg]\n|upkeep\n|turn|10\n|\n|t:|1701081399\n|switch|p2a: quacker oats|Quaquaval, F|100\/100\n|switch|p1a: Jerry|Maushold|100\/100\n|\n|-weather|none\n|upkeep\n|turn|11\n|\n|t:|1701081405\n|-terastallize|p2a: quacker oats|Ghost\n|move|p1a: Jerry|Population Bomb|p2a: quacker oats\n|-immune|p2a: quacker oats\n|move|p2a: quacker oats|Close Combat|p1a: Jerry\n|-supereffective|p1a: Jerry\n|-damage|p1a: Jerry|0 fnt\n|-unboost|p2a: quacker oats|def|1\n|-unboost|p2a: quacker oats|spd|1\n|faint|p1a: Jerry\n|-ability|p2a: quacker oats|Moxie|boost\n|-boost|p2a: quacker oats|atk|1\n|\n|upkeep\n|\n|t:|1701081418\n|switch|p1a: Corviknight|Corviknight, F|52\/100\n|-ability|p1a: Corviknight|Pressure\n|turn|12\n|\n|t:|1701081426\n|move|p2a: quacker oats|Rapid Spin|p1a: Corviknight\n|-resisted|p1a: Corviknight\n|-damage|p1a: Corviknight|44\/100\n|-boost|p2a: quacker oats|spe|1\n|-sideend|p2: pastagirl|Spikes|[from] move: Rapid Spin|[of] p2a: quacker oats\n|-sideend|p2: pastagirl|Stealth Rock|[from] move: Rapid Spin|[of] p2a: quacker oats\n|move|p1a: Corviknight|Roost|p1a: Corviknight\n|-heal|p1a: Corviknight|94\/100\n|-singleturn|p1a: Corviknight|move: Roost\n|\n|upkeep\n|turn|13\n|\n|t:|1701081440\n|switch|p2a: Garganacl|Garganacl, F|71\/100\n|switch|p1a: Alomomola|Alomomola, M|100\/100\n|\n|-heal|p2a: Garganacl|77\/100|[from] item: Leftovers\n|upkeep\n|turn|14\n|\n|t:|1701081445\n|move|p1a: Alomomola|Scald|p2a: Garganacl\n|-supereffective|p2a: Garganacl\n|-damage|p2a: Garganacl|56\/100\n|move|p2a: Garganacl|Salt Cure|p1a: Alomomola\n|-damage|p1a: Alomomola|93\/100\n|-start|p1a: Alomomola|Salt Cure\n|\n|-heal|p2a: Garganacl|62\/100|[from] item: Leftovers\n|-damage|p1a: Alomomola|68\/100|[from] Salt Cure\n|upkeep\n|turn|15\n|\n|t:|1701081474\n|move|p1a: Alomomola|Flip Turn|p2a: Garganacl\n|-supereffective|p2a: Garganacl\n|-damage|p2a: Garganacl|44\/100\n|\n|t:|1701081476\n|switch|p1a: Clodsire|Clodsire, F|100\/100|[from] Flip Turn\n|move|p2a: Garganacl|Salt Cure|p1a: Clodsire\n|-resisted|p1a: Clodsire\n|-damage|p1a: Clodsire|93\/100\n|-start|p1a: Clodsire|Salt Cure\n|\n|-heal|p2a: Garganacl|50\/100|[from] item: Leftovers\n|-damage|p1a: Clodsire|81\/100|[from] Salt Cure\n|upkeep\n|turn|16\n|\n|t:|1701081483\n|switch|p2a: EL PELIGRO|Pelipper, M, shiny|100\/100\n|-weather|RainDance|[from] ability: Drizzle|[of] p2a: EL PELIGRO\n|move|p1a: Clodsire|Spikes|p2a: EL PELIGRO\n|-sidestart|p2: pastagirl|Spikes\n|\n|-weather|RainDance|[upkeep]\n|-damage|p1a: Clodsire|68\/100|[from] Salt Cure\n|upkeep\n|turn|17\n|\n|t:|1701081487\n|switch|p1a: Blissey|Blissey, F|100\/100\n|move|p2a: EL PELIGRO|Surf|p1a: Blissey\n|-damage|p1a: Blissey|87\/100\n|\n|-weather|RainDance|[upkeep]\n|upkeep\n|turn|18\n|\n|t:|1701081497\n|switch|p1a: Alomomola|Alomomola, M|100\/100\n|move|p2a: EL PELIGRO|U-turn|p1a: Alomomola\n|-damage|p1a: Alomomola|95\/100\n|\n|t:|1701081511\n|switch|p2a: Manaphy|Manaphy|100\/100|[from] U-turn\n|-damage|p2a: Manaphy|88\/100|[from] Spikes\n|\n|-weather|RainDance|[upkeep]\n|-heal|p2a: Manaphy|94\/100|[from] item: Leftovers\n|upkeep\n|turn|19\n|\n|t:|1701081514\n|move|p2a: Manaphy|Tail Glow|p2a: Manaphy\n|-boost|p2a: Manaphy|spa|3\n|move|p1a: Alomomola|Flip Turn|p2a: Manaphy\n|-resisted|p2a: Manaphy\n|-damage|p2a: Manaphy|83\/100\n|\n|t:|1701081517\n|switch|p1a: Clodsire|Clodsire, F|68\/100|[from] Flip Turn\n|\n|-weather|RainDance|[upkeep]\n|-heal|p2a: Manaphy|89\/100|[from] item: Leftovers\n|upkeep\n|turn|20\n|\n|t:|1701081524\n|-terastallize|p1a: Clodsire|Steel\n|move|p2a: Manaphy|Ice Beam|p1a: Clodsire\n|-resisted|p1a: Clodsire\n|-damage|p1a: Clodsire|61\/100\n|move|p1a: Clodsire|Amnesia|p1a: Clodsire\n|-boost|p1a: Clodsire|spd|2\n|\n|-weather|RainDance|[upkeep]\n|-heal|p2a: Manaphy|96\/100|[from] item: Leftovers\n|upkeep\n|turn|21\n|\n|t:|1701081535\n|move|p2a: Manaphy|Surf|p1a: Clodsire\n|-damage|p1a: Clodsire|44\/100\n|move|p1a: Clodsire|Recover|p1a: Clodsire\n|-heal|p1a: Clodsire|94\/100\n|\n|-weather|RainDance|[upkeep]\n|-heal|p2a: Manaphy|100\/100|[from] item: Leftovers\n|upkeep\n|turn|22\n|\n|t:|1701081547\n|move|p2a: Manaphy|Surf|p1a: Clodsire\n|-damage|p1a: Clodsire|77\/100\n|move|p1a: Clodsire|Poison Jab|p2a: Manaphy\n|-damage|p2a: Manaphy|83\/100\n|-status|p2a: Manaphy|psn\n|\n|-weather|RainDance|[upkeep]\n|-activate|p2a: Manaphy|ability: Hydration\n|-curestatus|p2a: Manaphy|psn|[msg]\n|-heal|p2a: Manaphy|90\/100|[from] item: Leftovers\n|upkeep\n|turn|23\n|\n|t:|1701081551\n|switch|p2a: quacker oats|Quaquaval, F, tera:Ghost|100\/100\n|move|p1a: Clodsire|Spikes|p2a: quacker oats\n|-sidestart|p2: pastagirl|Spikes\n|\n|-weather|none\n|upkeep\n|turn|24\n|\n|t:|1701081558\n|switch|p1a: Alomomola|Alomomola, M|100\/100\n|move|p2a: quacker oats|Close Combat|p1a: Alomomola\n|-damage|p1a: Alomomola|70\/100\n|-unboost|p2a: quacker oats|def|1\n|-unboost|p2a: quacker oats|spd|1\n|\n|upkeep\n|turn|25\n|\n|t:|1701081563\n|switch|p2a: EL PELIGRO|Pelipper, M, shiny|100\/100\n|-weather|RainDance|[from] ability: Drizzle|[of] p2a: EL PELIGRO\n|move|p1a: Alomomola|Scald|p2a: EL PELIGRO\n|-resisted|p2a: EL PELIGRO\n|-damage|p2a: EL PELIGRO|87\/100\n|-status|p2a: EL PELIGRO|brn\n|\n|-weather|RainDance|[upkeep]\n|-damage|p2a: EL PELIGRO|81\/100 brn|[from] brn\n|upkeep\n|turn|26\n|\n|t:|1701081567\n|move|p1a: Alomomola|Protect|p1a: Alomomola\n|-singleturn|p1a: Alomomola|Protect\n|move|p2a: EL PELIGRO|Hurricane|p1a: Alomomola\n|-activate|p1a: Alomomola|move: Protect\n|\n|-weather|RainDance|[upkeep]\n|-damage|p2a: EL PELIGRO|74\/100 brn|[from] brn\n|upkeep\n|turn|27\n|\n|t:|1701081570\n|move|p2a: EL PELIGRO|U-turn|p1a: Alomomola\n|-damage|p1a: Alomomola|68\/100\n|\n|t:|1701081574\n|switch|p2a: Manaphy|Manaphy|90\/100|[from] U-turn\n|-damage|p2a: Manaphy|73\/100|[from] Spikes\n|move|p1a: Alomomola|Wish|p1a: Alomomola\n|\n|-weather|RainDance|[upkeep]\n|-heal|p2a: Manaphy|79\/100|[from] item: Leftovers\n|upkeep\n|turn|28\n|\n|t:|1701081577\n|switch|p1a: Clodsire|Clodsire, F, tera:Steel|77\/100\n|move|p2a: Manaphy|Tail Glow|p2a: Manaphy\n|-boost|p2a: Manaphy|spa|3\n|\n|-weather|RainDance|[upkeep]\n|-heal|p1a: Clodsire|100\/100|[from] move: Wish|[wisher] Alomomola\n|-heal|p2a: Manaphy|85\/100|[from] item: Leftovers\n|upkeep\n|turn|29\n|\n|t:|1701081591\n|switch|p2a: Overqwil|Overqwil, M|100\/100\n|-damage|p2a: Overqwil|84\/100|[from] Spikes\n|move|p1a: Clodsire|Amnesia|p1a: Clodsire\n|-boost|p1a: Clodsire|spd|2\n|\n|-weather|RainDance|[upkeep]\n|upkeep\n|turn|30\n|\n|t:|1701081595\n|switch|p1a: Corviknight|Corviknight, F|94\/100\n|-ability|p1a: Corviknight|Pressure\n|move|p2a: Overqwil|Swords Dance|p2a: Overqwil\n|-boost|p2a: Overqwil|atk|2\n|\n|-weather|RainDance|[upkeep]\n|upkeep\n|turn|31\n|\n|t:|1701081604\n|switch|p1a: Dondozo|Dondozo, F|100\/100\n|move|p2a: Overqwil|Liquidation|p1a: Dondozo\n|-resisted|p1a: Dondozo\n|-damage|p1a: Dondozo|87\/100\n|-damage|p2a: Overqwil|74\/100|[from] item: Life Orb\n|\n|-weather|RainDance|[upkeep]\n|upkeep\n|turn|32\n|\n|t:|1701081615\n|switch|p2a: quacker oats|Quaquaval, F, tera:Ghost|100\/100\n|move|p1a: Dondozo|Liquidation|p2a: quacker oats\n|-damage|p2a: quacker oats|49\/100\n|-unboost|p2a: quacker oats|def|1\n|\n|-weather|none\n|upkeep\n|turn|33\n|\n|t:|1701081623\n|move|p2a: quacker oats|Roost|p2a: quacker oats\n|-heal|p2a: quacker oats|99\/100\n|move|p1a: Dondozo|Liquidation|p2a: quacker oats\n|-damage|p2a: quacker oats|68\/100\n|\n|upkeep\n|turn|34\n|\n|t:|1701081632\n|move|p2a: quacker oats|Rapid Spin|p1a: Dondozo\n|-damage|p1a: Dondozo|79\/100\n|-boost|p2a: quacker oats|spe|1\n|-sideend|p2: pastagirl|Spikes|[from] move: Rapid Spin|[of] p2a: quacker oats\n|move|p1a: Dondozo|Liquidation|p2a: quacker oats\n|-damage|p2a: quacker oats|37\/100\n|-unboost|p2a: quacker oats|def|1\n|\n|upkeep\n|turn|35\n|\n|t:|1701081641\n|switch|p2a: EL PELIGRO|Pelipper, M, shiny|74\/100 brn\n|-weather|RainDance|[from] ability: Drizzle|[of] p2a: EL PELIGRO\n|switch|p1a: Alomomola|Alomomola, M|100\/100\n|\n|-weather|RainDance|[upkeep]\n|-damage|p2a: EL PELIGRO|68\/100 brn|[from] brn\n|upkeep\n|turn|36\n|\n|t:|1701081646\n|move|p2a: EL PELIGRO|Hurricane|p1a: Alomomola\n|-damage|p1a: Alomomola|60\/100\n|-start|p1a: Alomomola|confusion\n|-activate|p1a: Alomomola|confusion\n|-damage|p1a: Alomomola|55\/100|[from] confusion\n|\n|-weather|RainDance|[upkeep]\n|-damage|p2a: EL PELIGRO|62\/100 brn|[from] brn\n|upkeep\n|turn|37\n|\n|t:|1701081656\n|move|p2a: EL PELIGRO|U-turn|p1a: Alomomola\n|-damage|p1a: Alomomola|53\/100\n|\n|t:|1701081660\n|switch|p2a: Manaphy|Manaphy|85\/100|[from] U-turn\n|-activate|p1a: Alomomola|confusion\n|move|p1a: Alomomola|Wish|p1a: Alomomola\n|\n|-weather|RainDance|[upkeep]\n|-heal|p2a: Manaphy|92\/100|[from] item: Leftovers\n|upkeep\n|turn|38\n|\n|t:|1701081671\n|switch|p2a: quacker oats|Quaquaval, F, tera:Ghost|37\/100\n|-activate|p1a: Alomomola|confusion\n|move|p1a: Alomomola|Protect||[still]\n|-fail|p1a: Alomomola\n|\n|-weather|RainDance|[upkeep]\n|-heal|p1a: Alomomola|100\/100|[from] move: Wish|[wisher] Alomomola\n|upkeep\n|turn|39\n|\n|t:|1701081678\n|switch|p2a: Manaphy|Manaphy|92\/100\n|-activate|p1a: Alomomola|confusion\n|move|p1a: Alomomola|Flip Turn|p2a: Manaphy\n|-resisted|p2a: Manaphy\n|-damage|p2a: Manaphy|82\/100\n|\n|t:|1701081680\n|switch|p1a: Clodsire|Clodsire, F, tera:Steel|100\/100|[from] Flip Turn\n|\n|-weather|RainDance|[upkeep]\n|-heal|p2a: Manaphy|88\/100|[from] item: Leftovers\n|upkeep\n|turn|40\n|\n|t:|1701081690\n|switch|p2a: Overqwil|Overqwil, M|74\/100\n|move|p1a: Clodsire|Spikes|p2a: Overqwil\n|-sidestart|p2: pastagirl|Spikes\n|\n|-weather|RainDance|[upkeep]\n|upkeep\n|turn|41\n|\n|t:|1701081697\n|switch|p1a: Dondozo|Dondozo, F|79\/100\n|move|p2a: Overqwil|Crunch|p1a: Dondozo\n|-damage|p1a: Dondozo|56\/100\n|-damage|p2a: Overqwil|64\/100|[from] item: Life Orb\n|\n|-weather|RainDance|[upkeep]\n|upkeep\n|turn|42\n|\n|t:|1701081705\n|move|p2a: Overqwil|Gunk Shot|p1a: Dondozo\n|-damage|p1a: Dondozo|20\/100\n|-damage|p2a: Overqwil|54\/100|[from] item: Life Orb\n|move|p1a: Dondozo|Rest|p1a: Dondozo\n|-status|p1a: Dondozo|slp|[from] move: Rest\n|-heal|p1a: Dondozo|100\/100 slp|[silent]\n|\n|-weather|none\n|upkeep\n|turn|43\n|\n|t:|1701081723\n|move|p2a: Overqwil|Gunk Shot|p1a: Dondozo\n|-damage|p1a: Dondozo|66\/100 slp\n|-damage|p2a: Overqwil|44\/100|[from] item: Life Orb\n|cant|p1a: Dondozo|slp\n|move|p1a: Dondozo|Sleep Talk|p1a: Dondozo\n|move|p1a: Dondozo|Body Press|p2a: Overqwil|[from]move: Sleep Talk\n|-damage|p2a: Overqwil|11\/100\n|\n|upkeep\n|turn|44\n|\n|t:|1701081731\n|move|p2a: Overqwil|Gunk Shot|p1a: Dondozo\n|-damage|p1a: Dondozo|32\/100 slp\n|-damage|p2a: Overqwil|1\/100|[from] item: Life Orb\n|cant|p1a: Dondozo|slp\n|move|p1a: Dondozo|Sleep Talk|p1a: Dondozo\n|move|p1a: Dondozo|Body Press|p2a: Overqwil|[from]move: Sleep Talk\n|-damage|p2a: Overqwil|0 fnt\n|faint|p2a: Overqwil\n|\n|upkeep\n|\n|t:|1701081747\n|switch|p2a: EL PELIGRO|Pelipper, M, shiny|62\/100 brn\n|-weather|RainDance|[from] ability: Drizzle|[of] p2a: EL PELIGRO\n|turn|45\n|\n|t:|1701081752\n|switch|p1a: Alomomola|Alomomola, M|100\/100\n|move|p2a: EL PELIGRO|Hurricane|p1a: Alomomola\n|-damage|p1a: Alomomola|58\/100\n|\n|-weather|RainDance|[upkeep]\n|-damage|p2a: EL PELIGRO|56\/100 brn|[from] brn\n|upkeep\n|turn|46\n|\n|t:|1701081755\n|move|p2a: EL PELIGRO|Hurricane|p1a: Alomomola\n|-damage|p1a: Alomomola|13\/100\n|-start|p1a: Alomomola|confusion\n|-activate|p1a: Alomomola|confusion\n|-damage|p1a: Alomomola|8\/100|[from] confusion\n|\n|-weather|RainDance|[upkeep]\n|-damage|p2a: EL PELIGRO|50\/100 brn|[from] brn\n|upkeep\n|turn|47\n|\n|t:|1701081762\n|switch|p1a: Clodsire|Clodsire, F, tera:Steel|100\/100\n|move|p2a: EL PELIGRO|Hurricane|p1a: Clodsire\n|-resisted|p1a: Clodsire\n|-damage|p1a: Clodsire|91\/100\n|\n|-weather|RainDance|[upkeep]\n|-damage|p2a: EL PELIGRO|44\/100 brn|[from] brn\n|upkeep\n|turn|48\n|\n|t:|1701081772\n|move|p2a: EL PELIGRO|Roost|p2a: EL PELIGRO\n|-heal|p2a: EL PELIGRO|94\/100 brn\n|-singleturn|p2a: EL PELIGRO|move: Roost\n|move|p1a: Clodsire|Spikes|p2a: EL PELIGRO\n|-sidestart|p2: pastagirl|Spikes\n|\n|-weather|RainDance|[upkeep]\n|-damage|p2a: EL PELIGRO|87\/100 brn|[from] brn\n|upkeep\n|turn|49\n|\n|t:|1701081777\n|move|p2a: EL PELIGRO|Surf|p1a: Clodsire\n|-damage|p1a: Clodsire|66\/100\n|move|p1a: Clodsire|Spikes|p2a: EL PELIGRO\n|-sidestart|p2: pastagirl|Spikes\n|\n|-weather|RainDance|[upkeep]\n|-damage|p2a: EL PELIGRO|81\/100 brn|[from] brn\n|upkeep\n|turn|50\n|\n|t:|1701081785\n|switch|p2a: quacker oats|Quaquaval, F, tera:Ghost|37\/100\n|move|p1a: Clodsire|Recover|p1a: Clodsire\n|-heal|p1a: Clodsire|100\/100\n|\n|-weather|RainDance|[upkeep]\n|upkeep\n|turn|51\n|\n|t:|1701081793\n|switch|p1a: Alomomola|Alomomola, M|41\/100\n|move|p2a: quacker oats|Rapid Spin|p1a: Alomomola\n|-damage|p1a: Alomomola|32\/100\n|-boost|p2a: quacker oats|spe|1\n|-sideend|p2: pastagirl|Spikes|[from] move: Rapid Spin|[of] p2a: quacker oats\n|\n|-weather|RainDance|[upkeep]\n|upkeep\n|turn|52\n|\n|t:|1701081799\n|switch|p1a: Corviknight|Corviknight, F|94\/100\n|-ability|p1a: Corviknight|Pressure\n|move|p2a: quacker oats|Close Combat|p1a: Corviknight\n|-damage|p1a: Corviknight|62\/100\n|-unboost|p2a: quacker oats|def|1\n|-unboost|p2a: quacker oats|spd|1\n|\n|-weather|none\n|upkeep\n|turn|53\n|\n|t:|1701081809\n|switch|p2a: Garganacl|Garganacl, F|50\/100\n|move|p1a: Corviknight|Roost|p1a: Corviknight\n|-heal|p1a: Corviknight|100\/100\n|-singleturn|p1a: Corviknight|move: Roost\n|\n|-heal|p2a: Garganacl|56\/100|[from] item: Leftovers\n|upkeep\n|turn|54\n|\n|t:|1701081815\n|move|p1a: Corviknight|Defog|p2a: Garganacl\n|-unboost|p2a: Garganacl|evasion|1\n|-sideend|p1: Highv0ltag3|Stealth Rock|[from] move: Defog|[of] p1a: Corviknight\n|move|p2a: Garganacl|Salt Cure|p1a: Corviknight\n|-damage|p1a: Corviknight|91\/100\n|-start|p1a: Corviknight|Salt Cure\n|\n|-heal|p2a: Garganacl|63\/100|[from] item: Leftovers\n|-damage|p1a: Corviknight|66\/100|[from] Salt Cure\n|upkeep\n|turn|55\n|\n|t:|1701081818\n|move|p1a: Corviknight|U-turn|p2a: Garganacl\n|-damage|p2a: Garganacl|55\/100\n|\n|t:|1701081819\n|switch|p1a: Alomomola|Alomomola, M|65\/100|[from] U-turn\n|move|p2a: Garganacl|Salt Cure|p1a: Alomomola\n|-damage|p1a: Alomomola|58\/100\n|-start|p1a: Alomomola|Salt Cure\n|\n|-heal|p2a: Garganacl|61\/100|[from] item: Leftovers\n|-damage|p1a: Alomomola|33\/100|[from] Salt Cure\n|upkeep\n|turn|56\n|\n|t:|1701081823\n|move|p1a: Alomomola|Flip Turn|p2a: Garganacl\n|-supereffective|p2a: Garganacl\n|-damage|p2a: Garganacl|42\/100\n|\n|t:|1701081825\n|switch|p1a: Corviknight|Corviknight, F|66\/100|[from] Flip Turn\n|-ability|p1a: Corviknight|Pressure\n|move|p2a: Garganacl|Stealth Rock|p1a: Corviknight\n|-sidestart|p1: Highv0ltag3|move: Stealth Rock\n|\n|-heal|p2a: Garganacl|48\/100|[from] item: Leftovers\n|upkeep\n|turn|57\n|\n|t:|1701081831\n|move|p1a: Corviknight|U-turn|p2a: Garganacl\n|-damage|p2a: Garganacl|40\/100\n|\n|t:|1701081832\n|switch|p1a: Alomomola|Alomomola, M|66\/100|[from] U-turn\n|move|p2a: Garganacl|Salt Cure|p1a: Alomomola\n|-damage|p1a: Alomomola|59\/100\n|-start|p1a: Alomomola|Salt Cure\n|\n|-heal|p2a: Garganacl|46\/100|[from] item: Leftovers\n|-damage|p1a: Alomomola|34\/100|[from] Salt Cure\n|upkeep\n|turn|58\n|\n|t:|1701081836\n|switch|p1a: Corviknight|Corviknight, F|66\/100\n|-ability|p1a: Corviknight|Pressure\n|move|p2a: Garganacl|Salt Cure|p1a: Corviknight\n|-damage|p1a: Corviknight|58\/100\n|-start|p1a: Corviknight|Salt Cure\n|\n|-heal|p2a: Garganacl|52\/100|[from] item: Leftovers\n|-damage|p1a: Corviknight|33\/100|[from] Salt Cure\n|upkeep\n|turn|59\n|\n|t:|1701081839\n|move|p1a: Corviknight|Roost|p1a: Corviknight\n|-heal|p1a: Corviknight|83\/100\n|-singleturn|p1a: Corviknight|move: Roost\n|move|p2a: Garganacl|Salt Cure|p1a: Corviknight\n|-resisted|p1a: Corviknight\n|-damage|p1a: Corviknight|79\/100\n|\n|-heal|p2a: Garganacl|59\/100|[from] item: Leftovers\n|-damage|p1a: Corviknight|54\/100|[from] Salt Cure\n|upkeep\n|turn|60\n|\n|t:|1701081844\n|move|p1a: Corviknight|Roost|p1a: Corviknight\n|-heal|p1a: Corviknight|100\/100\n|-singleturn|p1a: Corviknight|move: Roost\n|move|p2a: Garganacl|Body Press|p1a: Corviknight\n|-supereffective|p1a: Corviknight\n|-crit|p1a: Corviknight\n|-damage|p1a: Corviknight|48\/100\n|\n|-heal|p2a: Garganacl|65\/100|[from] item: Leftovers\n|-damage|p1a: Corviknight|23\/100|[from] Salt Cure\n|upkeep\n|turn|61\n|j| jprameau\n|\n|t:|1701081852\n|move|p1a: Corviknight|U-turn|p2a: Garganacl\n|-damage|p2a: Garganacl|56\/100\n|\n|t:|1701081853\n|switch|p1a: Alomomola|Alomomola, M|68\/100|[from] U-turn\n|move|p2a: Garganacl|Salt Cure|p1a: Alomomola\n|-damage|p1a: Alomomola|60\/100\n|-start|p1a: Alomomola|Salt Cure\n|\n|-heal|p2a: Garganacl|63\/100|[from] item: Leftovers\n|-damage|p1a: Alomomola|35\/100|[from] Salt Cure\n|upkeep\n|turn|62\n|\n|t:|1701081856\n|move|p1a: Alomomola|Flip Turn|p2a: Garganacl\n|-supereffective|p2a: Garganacl\n|-damage|p2a: Garganacl|43\/100\n|\n|t:|1701081859\n|switch|p1a: Blissey|Blissey, F|87\/100|[from] Flip Turn\n|move|p2a: Garganacl|Body Press|p1a: Blissey\n|-supereffective|p1a: Blissey\n|-crit|p1a: Blissey\n|-damage|p1a: Blissey|0 fnt\n|faint|p1a: Blissey\n|\n|-heal|p2a: Garganacl|49\/100|[from] item: Leftovers\n|upkeep\n|\n|t:|1701081863\n|switch|p1a: Corviknight|Corviknight, F|23\/100\n|-ability|p1a: Corviknight|Pressure\n|turn|63\n|\n|t:|1701081866\n|move|p1a: Corviknight|Roost|p1a: Corviknight\n|-heal|p1a: Corviknight|73\/100\n|-singleturn|p1a: Corviknight|move: Roost\n|move|p2a: Garganacl|Recover|p2a: Garganacl\n|-heal|p2a: Garganacl|99\/100\n|\n|-heal|p2a: Garganacl|100\/100|[from] item: Leftovers\n|upkeep\n|turn|64\n|\n|t:|1701081872\n|move|p1a: Corviknight|Roost|p1a: Corviknight\n|-heal|p1a: Corviknight|100\/100\n|-singleturn|p1a: Corviknight|move: Roost\n|move|p2a: Garganacl|Body Press|p1a: Corviknight\n|-supereffective|p1a: Corviknight\n|-damage|p1a: Corviknight|65\/100\n|\n|upkeep\n|turn|65\n|\n|t:|1701081884\n|switch|p2a: EL PELIGRO|Pelipper, M, shiny|81\/100 brn\n|-weather|RainDance|[from] ability: Drizzle|[of] p2a: EL PELIGRO\n|move|p1a: Corviknight|Roost|p1a: Corviknight\n|-heal|p1a: Corviknight|100\/100\n|-singleturn|p1a: Corviknight|move: Roost\n|\n|-weather|RainDance|[upkeep]\n|-damage|p2a: EL PELIGRO|75\/100 brn|[from] brn\n|upkeep\n|turn|66\n|\n|t:|1701081891\n|switch|p1a: Clodsire|Clodsire, F, tera:Steel|100\/100\n|move|p2a: EL PELIGRO|U-turn|p1a: Clodsire\n|-resisted|p1a: Clodsire\n|-damage|p1a: Clodsire|98\/100\n|\n|t:|1701081895\n|switch|p2a: quacker oats|Quaquaval, F, tera:Ghost|37\/100|[from] U-turn\n|\n|-weather|RainDance|[upkeep]\n|upkeep\n|turn|67\n|\n|t:|1701081903\n|switch|p1a: Alomomola|Alomomola, M|68\/100\n|move|p2a: quacker oats|Close Combat|p1a: Alomomola\n|-damage|p1a: Alomomola|36\/100\n|-unboost|p2a: quacker oats|def|1\n|-unboost|p2a: quacker oats|spd|1\n|\n|-weather|RainDance|[upkeep]\n|upkeep\n|turn|68\n|\n|t:|1701081913\n|switch|p2a: Manaphy|Manaphy|88\/100\n|move|p1a: Alomomola|Wish|p1a: Alomomola\n|\n|-weather|RainDance|[upkeep]\n|-heal|p2a: Manaphy|95\/100|[from] item: Leftovers\n|upkeep\n|turn|69\n|\n|t:|1701081920\n|switch|p1a: Dondozo|Dondozo, F|32\/100 slp\n|move|p2a: Manaphy|Surf|p1a: Dondozo\n|-resisted|p1a: Dondozo\n|-damage|p1a: Dondozo|0 fnt\n|faint|p1a: Dondozo\n|\n|-weather|RainDance|[upkeep]\n|-heal|p2a: Manaphy|100\/100|[from] item: Leftovers\n|upkeep\n|\n|t:|1701081924\n|switch|p1a: Alomomola|Alomomola, M|69\/100\n|turn|70\n|\n|t:|1701081927\n|move|p2a: Manaphy|Tail Glow|p2a: Manaphy\n|-boost|p2a: Manaphy|spa|3\n|move|p1a: Alomomola|Wish|p1a: Alomomola\n|\n|-weather|RainDance|[upkeep]\n|upkeep\n|turn|71\n|\n|t:|1701081934\n|switch|p1a: Clodsire|Clodsire, F, tera:Steel|98\/100\n|move|p2a: Manaphy|Surf|p1a: Clodsire\n|-damage|p1a: Clodsire|62\/100\n|\n|-weather|RainDance|[upkeep]\n|-heal|p1a: Clodsire|100\/100|[from] move: Wish|[wisher] Alomomola\n|upkeep\n|turn|72\n|\n|t:|1701081942\n|switch|p2a: Garganacl|Garganacl, F|100\/100\n|move|p1a: Clodsire|Spikes|p2a: Garganacl\n|-sidestart|p2: pastagirl|Spikes\n|\n|-weather|none\n|upkeep\n|turn|73\n|\n|t:|1701081947\n|switch|p1a: Alomomola|Alomomola, M|100\/100\n|move|p2a: Garganacl|Body Press|p1a: Alomomola\n|-damage|p1a: Alomomola|85\/100\n|\n|upkeep\n|turn|74\n|\n|t:|1701081952\n|switch|p2a: EL PELIGRO|Pelipper, M, shiny|75\/100 brn\n|-weather|RainDance|[from] ability: Drizzle|[of] p2a: EL PELIGRO\n|move|p1a: Alomomola|Protect||[still]\n|-fail|p1a: Alomomola\n|\n|-weather|RainDance|[upkeep]\n|-damage|p2a: EL PELIGRO|69\/100 brn|[from] brn\n|upkeep\n|turn|75\n|\n|t:|1701081956\n|move|p2a: EL PELIGRO|Hurricane|p1a: Alomomola\n|-damage|p1a: Alomomola|43\/100\n|move|p1a: Alomomola|Wish|p1a: Alomomola\n|\n|-weather|RainDance|[upkeep]\n|-damage|p2a: EL PELIGRO|63\/100 brn|[from] brn\n|upkeep\n|turn|76\n|\n|t:|1701081970\n|switch|p2a: quacker oats|Quaquaval, F, tera:Ghost|37\/100\n|move|p1a: Alomomola|Protect||[still]\n|-fail|p1a: Alomomola\n|\n|-weather|RainDance|[upkeep]\n|-heal|p1a: Alomomola|93\/100|[from] move: Wish|[wisher] Alomomola\n|upkeep\n|turn|77\n|\n|t:|1701081980\n|switch|p2a: Manaphy|Manaphy|100\/100\n|-damage|p2a: Manaphy|88\/100|[from] Spikes\n|move|p1a: Alomomola|Scald|p2a: Manaphy\n|-resisted|p2a: Manaphy\n|-damage|p2a: Manaphy|79\/100\n|\n|-weather|RainDance|[upkeep]\n|-heal|p2a: Manaphy|85\/100|[from] item: Leftovers\n|upkeep\n|turn|78\n|\n|t:|1701081989\n|switch|p2a: Garganacl|Garganacl, F|100\/100\n|-damage|p2a: Garganacl|88\/100|[from] Spikes\n|move|p1a: Alomomola|Flip Turn|p2a: Garganacl\n|-supereffective|p2a: Garganacl\n|-damage|p2a: Garganacl|60\/100\n|\n|t:|1701081996\n|switch|p1a: Corviknight|Corviknight, F|100\/100|[from] Flip Turn\n|-ability|p1a: Corviknight|Pressure\n|\n|-weather|RainDance|[upkeep]\n|-heal|p2a: Garganacl|66\/100|[from] item: Leftovers\n|upkeep\n|turn|79\n|\n|t:|1701082003\n|move|p1a: Corviknight|U-turn|p2a: Garganacl\n|-damage|p2a: Garganacl|58\/100\n|\n|t:|1701082005\n|switch|p1a: Alomomola|Alomomola, M|100\/100|[from] U-turn\n|move|p2a: Garganacl|Salt Cure|p1a: Alomomola\n|-damage|p1a: Alomomola|94\/100\n|-start|p1a: Alomomola|Salt Cure\n|\n|-weather|RainDance|[upkeep]\n|-heal|p2a: Garganacl|64\/100|[from] item: Leftovers\n|-damage|p1a: Alomomola|69\/100|[from] Salt Cure\n|upkeep\n|turn|80\n|\n|t:|1701082018\n|switch|p2a: EL PELIGRO|Pelipper, M, shiny|63\/100 brn\n|move|p1a: Alomomola|Wish|p1a: Alomomola\n|\n|-weather|RainDance|[upkeep]\n|-damage|p2a: EL PELIGRO|57\/100 brn|[from] brn\n|-damage|p1a: Alomomola|44\/100|[from] Salt Cure\n|upkeep\n|turn|81\n|\n|t:|1701082038\n|move|p1a: Alomomola|Protect|p1a: Alomomola\n|-singleturn|p1a: Alomomola|Protect\n|move|p2a: EL PELIGRO|Surf|p1a: Alomomola\n|-activate|p1a: Alomomola|move: Protect\n|\n|-weather|none\n|-heal|p1a: Alomomola|94\/100|[from] move: Wish|[wisher] Alomomola\n|-damage|p2a: EL PELIGRO|50\/100 brn|[from] brn\n|-damage|p1a: Alomomola|69\/100|[from] Salt Cure\n|upkeep\n|turn|82\n|\n|t:|1701082042\n|switch|p1a: Corviknight|Corviknight, F|100\/100\n|-ability|p1a: Corviknight|Pressure\n|move|p2a: EL PELIGRO|Roost|p2a: EL PELIGRO\n|-heal|p2a: EL PELIGRO|100\/100 brn\n|-singleturn|p2a: EL PELIGRO|move: Roost\n|\n|-damage|p2a: EL PELIGRO|94\/100 brn|[from] brn\n|upkeep\n|turn|83\n|\n|t:|1701082049\n|switch|p1a: Alomomola|Alomomola, M|100\/100\n|move|p2a: EL PELIGRO|U-turn|p1a: Alomomola\n|-crit|p1a: Alomomola\n|-damage|p1a: Alomomola|97\/100\n|\n|t:|1701082053\n|switch|p2a: Manaphy|Manaphy|85\/100|[from] U-turn\n|-damage|p2a: Manaphy|73\/100|[from] Spikes\n|\n|-heal|p2a: Manaphy|79\/100|[from] item: Leftovers\n|upkeep\n|turn|84\n|\n|t:|1701082058\n|switch|p2a: EL PELIGRO|Pelipper, M, shiny|94\/100 brn\n|-weather|RainDance|[from] ability: Drizzle|[of] p2a: EL PELIGRO\n|switch|p1a: Clodsire|Clodsire, F, tera:Steel|100\/100\n|\n|-weather|RainDance|[upkeep]\n|-damage|p2a: EL PELIGRO|88\/100 brn|[from] brn\n|upkeep\n|turn|85\n|\n|t:|1701082064\n|switch|p2a: Garganacl|Garganacl, F|64\/100\n|-damage|p2a: Garganacl|52\/100|[from] Spikes\n|move|p1a: Clodsire|Spikes|p2a: Garganacl\n|-sidestart|p2: pastagirl|Spikes\n|\n|-weather|RainDance|[upkeep]\n|-heal|p2a: Garganacl|58\/100|[from] item: Leftovers\n|upkeep\n|turn|86\n|\n|t:|1701082071\n|move|p2a: Garganacl|Salt Cure|p1a: Clodsire\n|-resisted|p1a: Clodsire\n|-damage|p1a: Clodsire|93\/100\n|-start|p1a: Clodsire|Salt Cure\n|move|p1a: Clodsire|Spikes|p2a: Garganacl\n|-sidestart|p2: pastagirl|Spikes\n|\n|-weather|RainDance|[upkeep]\n|-heal|p2a: Garganacl|64\/100|[from] item: Leftovers\n|-damage|p1a: Clodsire|68\/100|[from] Salt Cure\n|upkeep\n|turn|87\n|\n|t:|1701082078\n|switch|p1a: Alomomola|Alomomola, M|100\/100\n|move|p2a: Garganacl|Salt Cure|p1a: Alomomola\n|-damage|p1a: Alomomola|94\/100\n|-start|p1a: Alomomola|Salt Cure\n|\n|-weather|RainDance|[upkeep]\n|-heal|p2a: Garganacl|70\/100|[from] item: Leftovers\n|-damage|p1a: Alomomola|69\/100|[from] Salt Cure\n|upkeep\n|turn|88\n|\n|t:|1701082081\n|move|p1a: Alomomola|Wish|p1a: Alomomola\n|move|p2a: Garganacl|Body Press|p1a: Alomomola\n|-damage|p1a: Alomomola|52\/100\n|\n|-weather|RainDance|[upkeep]\n|-heal|p2a: Garganacl|76\/100|[from] item: Leftovers\n|-damage|p1a: Alomomola|27\/100|[from] Salt Cure\n|upkeep\n|turn|89\n|\n|t:|1701082088\n|switch|p2a: Manaphy|Manaphy|79\/100\n|-damage|p2a: Manaphy|54\/100|[from] Spikes\n|move|p1a: Alomomola|Protect||[still]\n|-fail|p1a: Alomomola\n|\n|-weather|RainDance|[upkeep]\n|-heal|p1a: Alomomola|77\/100|[from] move: Wish|[wisher] Alomomola\n|-heal|p2a: Manaphy|60\/100|[from] item: Leftovers\n|-damage|p1a: Alomomola|52\/100|[from] Salt Cure\n|upkeep\n|turn|90\n|\n|t:|1701082104\n|move|p2a: Manaphy|Rest|p2a: Manaphy\n|-status|p2a: Manaphy|slp|[from] move: Rest\n|-heal|p2a: Manaphy|100\/100 slp|[silent]\n|move|p1a: Alomomola|Flip Turn|p2a: Manaphy\n|-resisted|p2a: Manaphy\n|-damage|p2a: Manaphy|91\/100 slp\n|\n|t:|1701082106\n|switch|p1a: Clodsire|Clodsire, F, tera:Steel|68\/100|[from] Flip Turn\n|\n|-weather|RainDance|[upkeep]\n|-activate|p2a: Manaphy|ability: Hydration\n|-curestatus|p2a: Manaphy|slp|[msg]\n|-heal|p2a: Manaphy|97\/100|[from] item: Leftovers\n|upkeep\n|turn|91\n|\n|t:|1701082118\n|switch|p2a: Garganacl|Garganacl, F|76\/100\n|-damage|p2a: Garganacl|51\/100|[from] Spikes\n|switch|p1a: Alomomola|Alomomola, M|85\/100\n|\n|-weather|none\n|-heal|p2a: Garganacl|58\/100|[from] item: Leftovers\n|upkeep\n|turn|92\n|\n|t:|1701082126\n|move|p1a: Alomomola|Scald|p2a: Garganacl\n|-supereffective|p2a: Garganacl\n|-damage|p2a: Garganacl|35\/100\n|move|p2a: Garganacl|Recover|p2a: Garganacl\n|-heal|p2a: Garganacl|85\/100\n|\n|-heal|p2a: Garganacl|91\/100|[from] item: Leftovers\n|upkeep\n|turn|93\n|\n|t:|1701082132\n|switch|p2a: EL PELIGRO|Pelipper, M, shiny|88\/100 brn\n|-weather|RainDance|[from] ability: Drizzle|[of] p2a: EL PELIGRO\n|move|p1a: Alomomola|Protect||[still]\n|-fail|p1a: Alomomola\n|\n|-weather|RainDance|[upkeep]\n|-damage|p2a: EL PELIGRO|82\/100 brn|[from] brn\n|upkeep\n|turn|94\n|\n|t:|1701082137\n|move|p2a: EL PELIGRO|Hurricane|p1a: Alomomola\n|-damage|p1a: Alomomola|42\/100\n|-start|p1a: Alomomola|confusion\n|-activate|p1a: Alomomola|confusion\n|move|p1a: Alomomola|Flip Turn|p2a: EL PELIGRO\n|-resisted|p2a: EL PELIGRO\n|-damage|p2a: EL PELIGRO|72\/100 brn\n|\n|t:|1701082140\n|switch|p1a: Clodsire|Clodsire, F, tera:Steel|68\/100|[from] Flip Turn\n|\n|-weather|RainDance|[upkeep]\n|-damage|p2a: EL PELIGRO|66\/100 brn|[from] brn\n|upkeep\n|turn|95\n|\n|t:|1701082152\n|move|p2a: EL PELIGRO|U-turn|p1a: Clodsire\n|-resisted|p1a: Clodsire\n|-damage|p1a: Clodsire|65\/100\n|\n|t:|1701082156\n|switch|p2a: Garganacl|Garganacl, F|91\/100|[from] U-turn\n|-damage|p2a: Garganacl|66\/100|[from] Spikes\n|move|p1a: Clodsire|Poison Jab|p2a: Garganacl\n|-resisted|p2a: Garganacl\n|-damage|p2a: Garganacl|60\/100\n|\n|-weather|RainDance|[upkeep]\n|-heal|p2a: Garganacl|66\/100|[from] item: Leftovers\n|upkeep\n|turn|96\n|\n|t:|1701082168\n|move|p2a: Garganacl|Salt Cure|p1a: Clodsire\n|-resisted|p1a: Clodsire\n|-damage|p1a: Clodsire|57\/100\n|-start|p1a: Clodsire|Salt Cure\n|move|p1a: Clodsire|Recover|p1a: Clodsire\n|-heal|p1a: Clodsire|100\/100\n|\n|-weather|RainDance|[upkeep]\n|-heal|p2a: Garganacl|73\/100|[from] item: Leftovers\n|-damage|p1a: Clodsire|75\/100|[from] Salt Cure\n|upkeep\n|turn|97\n|\n|t:|1701082174\n|switch|p2a: quacker oats|Quaquaval, F, tera:Ghost|37\/100\n|switch|p1a: Corviknight|Corviknight, F|100\/100\n|-ability|p1a: Corviknight|Pressure\n|\n|-weather|RainDance|[upkeep]\n|upkeep\n|turn|98\n|\n|t:|1701082180\n|move|p2a: quacker oats|Roost|p2a: quacker oats\n|-heal|p2a: quacker oats|87\/100\n|move|p1a: Corviknight|Brave Bird|p2a: quacker oats\n|-damage|p2a: quacker oats|47\/100\n|-damage|p1a: Corviknight|88\/100|[from] Recoil\n|\n|-weather|RainDance|[upkeep]\n|upkeep\n|turn|99\n|\n|t:|1701082186\n|move|p2a: quacker oats|Roost|p2a: quacker oats\n|-heal|p2a: quacker oats|97\/100\n|move|p1a: Corviknight|Brave Bird|p2a: quacker oats\n|-damage|p2a: quacker oats|56\/100\n|-damage|p1a: Corviknight|76\/100|[from] Recoil\n|\n|-weather|RainDance|[upkeep]\n|upkeep\n|turn|100\n|\n|t:|1701082193\n|move|p2a: quacker oats|Rapid Spin|p1a: Corviknight\n|-resisted|p1a: Corviknight\n|-damage|p1a: Corviknight|71\/100\n|-boost|p2a: quacker oats|spe|1\n|-sideend|p2: pastagirl|Spikes|[from] move: Rapid Spin|[of] p2a: quacker oats\n|move|p1a: Corviknight|Brave Bird|p2a: quacker oats\n|-damage|p2a: quacker oats|12\/100\n|-damage|p1a: Corviknight|58\/100|[from] Recoil\n|\n|-weather|none\n|upkeep\n|turn|101\n|\n|t:|1701082201\n|move|p2a: quacker oats|Roost|p2a: quacker oats\n|-heal|p2a: quacker oats|62\/100\n|move|p1a: Corviknight|Brave Bird|p2a: quacker oats\n|-damage|p2a: quacker oats|18\/100\n|-damage|p1a: Corviknight|45\/100|[from] Recoil\n|\n|upkeep\n|turn|102\n|\n|t:|1701082213\n|switch|p2a: EL PELIGRO|Pelipper, M, shiny|66\/100 brn\n|-weather|RainDance|[from] ability: Drizzle|[of] p2a: EL PELIGRO\n|switch|p1a: Alomomola|Alomomola, M|76\/100\n|\n|-weather|RainDance|[upkeep]\n|-damage|p2a: EL PELIGRO|59\/100 brn|[from] brn\n|upkeep\n|turn|103\n|\n|t:|1701082219\n|move|p1a: Alomomola|Protect|p1a: Alomomola\n|-singleturn|p1a: Alomomola|Protect\n|move|p2a: EL PELIGRO|Hurricane|p1a: Alomomola\n|-activate|p1a: Alomomola|move: Protect\n|\n|-weather|RainDance|[upkeep]\n|-damage|p2a: EL PELIGRO|53\/100 brn|[from] brn\n|upkeep\n|turn|104\n|\n|t:|1701082227\n|move|p2a: EL PELIGRO|Hurricane|p1a: Alomomola\n|-damage|p1a: Alomomola|35\/100\n|move|p1a: Alomomola|Wish|p1a: Alomomola\n|\n|-weather|RainDance|[upkeep]\n|-damage|p2a: EL PELIGRO|47\/100 brn|[from] brn\n|upkeep\n|turn|105\n|\n|t:|1701082242\n|switch|p2a: Garganacl|Garganacl, F|73\/100\n|move|p1a: Alomomola|Protect||[still]\n|-fail|p1a: Alomomola\n|\n|-weather|RainDance|[upkeep]\n|-heal|p1a: Alomomola|85\/100|[from] move: Wish|[wisher] Alomomola\n|-heal|p2a: Garganacl|79\/100|[from] item: Leftovers\n|upkeep\n|turn|106\n|\n|t:|1701082246\n|move|p1a: Alomomola|Wish|p1a: Alomomola\n|move|p2a: Garganacl|Salt Cure|p1a: Alomomola\n|-damage|p1a: Alomomola|77\/100\n|-start|p1a: Alomomola|Salt Cure\n|\n|-weather|RainDance|[upkeep]\n|-heal|p2a: Garganacl|85\/100|[from] item: Leftovers\n|-damage|p1a: Alomomola|52\/100|[from] Salt Cure\n|upkeep\n|turn|107\n|\n|t:|1701082252\n|switch|p2a: Manaphy|Manaphy|97\/100\n|move|p1a: Alomomola|Flip Turn|p2a: Manaphy\n|-resisted|p2a: Manaphy\n|-damage|p2a: Manaphy|86\/100\n|\n|t:|1701082254\n|switch|p1a: Corviknight|Corviknight, F|45\/100|[from] Flip Turn\n|-ability|p1a: Corviknight|Pressure\n|\n|-weather|RainDance|[upkeep]\n|-heal|p1a: Corviknight|100\/100|[from] move: Wish|[wisher] Alomomola\n|-heal|p2a: Manaphy|92\/100|[from] item: Leftovers\n|upkeep\n|turn|108\n|\n|t:|1701082266\n|switch|p1a: Alomomola|Alomomola, M|85\/100\n|move|p2a: Manaphy|Surf|p1a: Alomomola\n|-resisted|p1a: Alomomola\n|-damage|p1a: Alomomola|49\/100\n|\n|-weather|RainDance|[upkeep]\n|-heal|p2a: Manaphy|98\/100|[from] item: Leftovers\n|upkeep\n|turn|109\n|\n|t:|1701082274\n|switch|p1a: Clodsire|Clodsire, F, tera:Steel|75\/100\n|move|p2a: Manaphy|Surf|p1a: Clodsire\n|-damage|p1a: Clodsire|41\/100\n|\n|-weather|none\n|-heal|p2a: Manaphy|100\/100|[from] item: Leftovers\n|upkeep\n|turn|110\n|\n|t:|1701082281\n|switch|p2a: Barraskewda|Barraskewda, F|100\/100\n|move|p1a: Clodsire|Recover|p1a: Clodsire\n|-heal|p1a: Clodsire|91\/100\n|\n|upkeep\n|turn|111\n|\n|t:|1701082286\n|switch|p1a: Alomomola|Alomomola, M|82\/100\n|move|p2a: Barraskewda|Close Combat|p1a: Alomomola\n|-damage|p1a: Alomomola|49\/100\n|-unboost|p2a: Barraskewda|def|1\n|-unboost|p2a: Barraskewda|spd|1\n|\n|upkeep\n|turn|112\n|\n|t:|1701082295\n|switch|p2a: EL PELIGRO|Pelipper, M, shiny|47\/100 brn\n|-weather|RainDance|[from] ability: Drizzle|[of] p2a: EL PELIGRO\n|switch|p1a: Corviknight|Corviknight, F|100\/100\n|-ability|p1a: Corviknight|Pressure\n|\n|-weather|RainDance|[upkeep]\n|-damage|p2a: EL PELIGRO|41\/100 brn|[from] brn\n|upkeep\n|turn|113\n|\n|t:|1701082304\n|switch|p2a: Manaphy|Manaphy|100\/100\n|switch|p1a: Clodsire|Clodsire, F, tera:Steel|91\/100\n|\n|-weather|RainDance|[upkeep]\n|upkeep\n|turn|114\n|\n|t:|1701082321\n|switch|p2a: Garganacl|Garganacl, F|85\/100\n|move|p1a: Clodsire|Spikes|p2a: Garganacl\n|-sidestart|p2: pastagirl|Spikes\n|\n|-weather|RainDance|[upkeep]\n|-heal|p2a: Garganacl|91\/100|[from] item: Leftovers\n|upkeep\n|turn|115\n|\n|t:|1701082323\n|switch|p1a: Alomomola|Alomomola, M|82\/100\n|move|p2a: Garganacl|Body Press|p1a: Alomomola\n|-damage|p1a: Alomomola|67\/100\n|\n|-weather|RainDance|[upkeep]\n|-heal|p2a: Garganacl|97\/100|[from] item: Leftovers\n|upkeep\n|turn|116\n|\n|t:|1701082328\n|switch|p1a: Corviknight|Corviknight, F|100\/100\n|-ability|p1a: Corviknight|Pressure\n|switch|p2a: Manaphy|Manaphy|100\/100\n|-damage|p2a: Manaphy|88\/100|[from] Spikes\n|\n|-weather|RainDance|[upkeep]\n|-heal|p2a: Manaphy|94\/100|[from] item: Leftovers\n|upkeep\n|turn|117\n|\n|t:|1701082335\n|switch|p1a: Alomomola|Alomomola, M|99\/100\n|move|p2a: Manaphy|Tail Glow|p2a: Manaphy\n|-boost|p2a: Manaphy|spa|3\n|\n|-weather|RainDance|[upkeep]\n|-heal|p2a: Manaphy|100\/100|[from] item: Leftovers\n|upkeep\n|turn|118\n|\n|t:|1701082348\n|switch|p1a: Clodsire|Clodsire, F, tera:Steel|91\/100\n|move|p2a: Manaphy|Surf|p1a: Clodsire\n|-damage|p1a: Clodsire|57\/100\n|\n|-weather|RainDance|[upkeep]\n|upkeep\n|turn|119\n|\n|t:|1701082352\n|move|p2a: Manaphy|Surf|p1a: Clodsire\n|-damage|p1a: Clodsire|24\/100\n|move|p1a: Clodsire|Recover|p1a: Clodsire\n|-heal|p1a: Clodsire|74\/100\n|\n|-weather|none\n|upkeep\n|turn|120\n|\n|t:|1701082357\n|move|p2a: Manaphy|Surf|p1a: Clodsire\n|-damage|p1a: Clodsire|51\/100\n|move|p1a: Clodsire|Amnesia|p1a: Clodsire\n|-boost|p1a: Clodsire|spd|2\n|\n|upkeep\n|turn|121\n|\n|t:|1701082361\n|switch|p2a: EL PELIGRO|Pelipper, M, shiny|41\/100 brn\n|-weather|RainDance|[from] ability: Drizzle|[of] p2a: EL PELIGRO\n|move|p1a: Clodsire|Spikes|p2a: EL PELIGRO\n|-sidestart|p2: pastagirl|Spikes\n|\n|-weather|RainDance|[upkeep]\n|-damage|p2a: EL PELIGRO|35\/100 brn|[from] brn\n|upkeep\n|turn|122\n|\n|t:|1701082364\n|move|p2a: EL PELIGRO|Roost|p2a: EL PELIGRO\n|-heal|p2a: EL PELIGRO|85\/100 brn\n|-singleturn|p2a: EL PELIGRO|move: Roost\n|move|p1a: Clodsire|Spikes|p2a: EL PELIGRO\n|-sidestart|p2: pastagirl|Spikes\n|\n|-weather|RainDance|[upkeep]\n|-damage|p2a: EL PELIGRO|79\/100 brn|[from] brn\n|upkeep\n|turn|123\n|\n|t:|1701082370\n|move|p2a: EL PELIGRO|U-turn|p1a: Clodsire\n|-resisted|p1a: Clodsire\n|-damage|p1a: Clodsire|48\/100\n|\n|t:|1701082372\n|switch|p2a: Garganacl|Garganacl, F|97\/100|[from] U-turn\n|-damage|p2a: Garganacl|72\/100|[from] Spikes\n|move|p1a: Clodsire|Recover|p1a: Clodsire\n|-heal|p1a: Clodsire|98\/100\n|\n|-weather|RainDance|[upkeep]\n|-heal|p2a: Garganacl|78\/100|[from] item: Leftovers\n|upkeep\n|turn|124\n|\n|t:|1701082375\n|switch|p1a: Alomomola|Alomomola, M|100\/100\n|move|p2a: Garganacl|Body Press|p1a: Alomomola\n|-damage|p1a: Alomomola|85\/100\n|\n|-weather|RainDance|[upkeep]\n|-heal|p2a: Garganacl|85\/100|[from] item: Leftovers\n|upkeep\n|turn|125\n|\n|t:|1701082381\n|switch|p2a: Manaphy|Manaphy|100\/100\n|-damage|p2a: Manaphy|76\/100|[from] Spikes\n|move|p1a: Alomomola|Scald|p2a: Manaphy\n|-resisted|p2a: Manaphy\n|-damage|p2a: Manaphy|67\/100\n|-status|p2a: Manaphy|brn\n|\n|-weather|RainDance|[upkeep]\n|-activate|p2a: Manaphy|ability: Hydration\n|-curestatus|p2a: Manaphy|brn|[msg]\n|-heal|p2a: Manaphy|73\/100|[from] item: Leftovers\n|upkeep\n|turn|126\n|\n|t:|1701082384\n|move|p2a: Manaphy|Surf|p1a: Alomomola\n|-resisted|p1a: Alomomola\n|-damage|p1a: Alomomola|50\/100\n|move|p1a: Alomomola|Flip Turn|p2a: Manaphy\n|-resisted|p2a: Manaphy\n|-damage|p2a: Manaphy|62\/100\n|\n|t:|1701082386\n|switch|p1a: Clodsire|Clodsire, F, tera:Steel|98\/100|[from] Flip Turn\n|\n|-weather|RainDance|[upkeep]\n|-heal|p2a: Manaphy|68\/100|[from] item: Leftovers\n|upkeep\n|turn|127\n|\n|t:|1701082391\n|switch|p1a: Alomomola|Alomomola, M|83\/100\n|move|p2a: Manaphy|Rest|p2a: Manaphy\n|-status|p2a: Manaphy|slp|[from] move: Rest\n|-heal|p2a: Manaphy|100\/100 slp|[silent]\n|\n|-weather|RainDance|[upkeep]\n|-activate|p2a: Manaphy|ability: Hydration\n|-curestatus|p2a: Manaphy|slp|[msg]\n|upkeep\n|turn|128\n|\n|t:|1701082395\n|move|p2a: Manaphy|Tail Glow|p2a: Manaphy\n|-boost|p2a: Manaphy|spa|3\n|move|p1a: Alomomola|Flip Turn|p2a: Manaphy\n|-resisted|p2a: Manaphy\n|-damage|p2a: Manaphy|91\/100\n|\n|t:|1701082397\n|switch|p1a: Clodsire|Clodsire, F, tera:Steel|98\/100|[from] Flip Turn\n|\n|-weather|none\n|-heal|p2a: Manaphy|97\/100|[from] item: Leftovers\n|upkeep\n|turn|129\n|\n|t:|1701082400\n|move|p2a: Manaphy|Ice Beam|p1a: Clodsire\n|-resisted|p1a: Clodsire\n|-damage|p1a: Clodsire|90\/100\n|move|p1a: Clodsire|Amnesia|p1a: Clodsire\n|-boost|p1a: Clodsire|spd|2\n|\n|-heal|p2a: Manaphy|100\/100|[from] item: Leftovers\n|upkeep\n|turn|130\n|\n|t:|1701082404\n|move|p2a: Manaphy|Ice Beam|p1a: Clodsire\n|-resisted|p1a: Clodsire\n|-damage|p1a: Clodsire|86\/100\n|move|p1a: Clodsire|Poison Jab|p2a: Manaphy\n|-damage|p2a: Manaphy|81\/100\n|-status|p2a: Manaphy|psn\n|\n|-heal|p2a: Manaphy|87\/100 psn|[from] item: Leftovers\n|-damage|p2a: Manaphy|75\/100 psn|[from] psn\n|upkeep\n|turn|131\n|\n|t:|1701082410\n|switch|p2a: EL PELIGRO|Pelipper, M, shiny|79\/100 brn\n|-weather|RainDance|[from] ability: Drizzle|[of] p2a: EL PELIGRO\n|move|p1a: Clodsire|Poison Jab|p2a: EL PELIGRO\n|-damage|p2a: EL PELIGRO|61\/100 brn\n|\n|-weather|RainDance|[upkeep]\n|-damage|p2a: EL PELIGRO|55\/100 brn|[from] brn\n|upkeep\n|turn|132\n|\n|t:|1701082422\n|switch|p1a: Alomomola|Alomomola, M|100\/100\n|move|p2a: EL PELIGRO|U-turn|p1a: Alomomola\n|-damage|p1a: Alomomola|98\/100\n|\n|t:|1701082425\n|switch|p2a: Manaphy|Manaphy|75\/100 psn|[from] U-turn\n|-damage|p2a: Manaphy|50\/100 psn|[from] Spikes\n|\n|-weather|RainDance|[upkeep]\n|-activate|p2a: Manaphy|ability: Hydration\n|-curestatus|p2a: Manaphy|psn|[msg]\n|-heal|p2a: Manaphy|56\/100|[from] item: Leftovers\n|upkeep\n|turn|133\n|\n|t:|1701082430\n|move|p2a: Manaphy|Tail Glow|p2a: Manaphy\n|-boost|p2a: Manaphy|spa|3\n|move|p1a: Alomomola|Flip Turn|p2a: Manaphy\n|-resisted|p2a: Manaphy\n|-damage|p2a: Manaphy|45\/100\n|\n|t:|1701082432\n|switch|p1a: Clodsire|Clodsire, F, tera:Steel|86\/100|[from] Flip Turn\n|\n|-weather|RainDance|[upkeep]\n|-heal|p2a: Manaphy|51\/100|[from] item: Leftovers\n|upkeep\n|turn|134\n|\n|t:|1701082435\n|move|p2a: Manaphy|Rest|p2a: Manaphy\n|-status|p2a: Manaphy|slp|[from] move: Rest\n|-heal|p2a: Manaphy|100\/100 slp|[silent]\n|move|p1a: Clodsire|Amnesia|p1a: Clodsire\n|-boost|p1a: Clodsire|spd|2\n|\n|-weather|RainDance|[upkeep]\n|-activate|p2a: Manaphy|ability: Hydration\n|-curestatus|p2a: Manaphy|slp|[msg]\n|upkeep\n|turn|135\n|\n|t:|1701082443\n|switch|p2a: Garganacl|Garganacl, F|85\/100\n|-damage|p2a: Garganacl|60\/100|[from] Spikes\n|move|p1a: Clodsire|Poison Jab|p2a: Garganacl\n|-resisted|p2a: Garganacl\n|-damage|p2a: Garganacl|54\/100\n|\n|-weather|RainDance|[upkeep]\n|-heal|p2a: Garganacl|60\/100|[from] item: Leftovers\n|upkeep\n|turn|136\n|\n|t:|1701082446\n|switch|p1a: Alomomola|Alomomola, M|100\/100\n|move|p2a: Garganacl|Recover|p2a: Garganacl\n|-heal|p2a: Garganacl|100\/100\n|\n|-weather|RainDance|[upkeep]\n|upkeep\n|turn|137\n|\n|t:|1701082451\n|switch|p2a: Manaphy|Manaphy|100\/100\n|-damage|p2a: Manaphy|76\/100|[from] Spikes\n|move|p1a: Alomomola|Scald|p2a: Manaphy\n|-resisted|p2a: Manaphy\n|-damage|p2a: Manaphy|67\/100\n|\n|-weather|RainDance|[upkeep]\n|-heal|p2a: Manaphy|73\/100|[from] item: Leftovers\n|upkeep\n|turn|138\n|\n|t:|1701082454\n|move|p2a: Manaphy|Surf|p1a: Alomomola\n|-resisted|p1a: Alomomola\n|-damage|p1a: Alomomola|61\/100\n|move|p1a: Alomomola|Flip Turn|p2a: Manaphy\n|-resisted|p2a: Manaphy\n|-damage|p2a: Manaphy|63\/100\n|\n|t:|1701082456\n|switch|p1a: Clodsire|Clodsire, F, tera:Steel|86\/100|[from] Flip Turn\n|\n|-weather|none\n|-heal|p2a: Manaphy|69\/100|[from] item: Leftovers\n|upkeep\n|turn|139\n|\n|t:|1701082461\n|switch|p1a: Alomomola|Alomomola, M|94\/100\n|move|p2a: Manaphy|Ice Beam|p1a: Alomomola\n|-resisted|p1a: Alomomola\n|-damage|p1a: Alomomola|78\/100\n|\n|-heal|p2a: Manaphy|75\/100|[from] item: Leftovers\n|upkeep\n|turn|140\n|\n|t:|1701082468\n|move|p2a: Manaphy|Ice Beam|p1a: Alomomola\n|-resisted|p1a: Alomomola\n|-damage|p1a: Alomomola|62\/100\n|-status|p1a: Alomomola|frz\n|cant|p1a: Alomomola|frz\n|\n|-heal|p2a: Manaphy|81\/100|[from] item: Leftovers\n|upkeep\n|turn|141\n|\n|t:|1701082471\n|move|p2a: Manaphy|Tail Glow|p2a: Manaphy\n|-boost|p2a: Manaphy|spa|3\n|-curestatus|p1a: Alomomola|frz|[from] move: Scald\n|move|p1a: Alomomola|Scald|p2a: Manaphy\n|-resisted|p2a: Manaphy\n|-damage|p2a: Manaphy|75\/100\n|\n|-heal|p2a: Manaphy|81\/100|[from] item: Leftovers\n|upkeep\n|turn|142\n|\n|t:|1701082481\n|switch|p1a: Clodsire|Clodsire, F, tera:Steel|86\/100\n|move|p2a: Manaphy|Surf|p1a: Clodsire\n|-damage|p1a: Clodsire|62\/100\n|\n|-heal|p2a: Manaphy|88\/100|[from] item: Leftovers\n|upkeep\n|turn|143\n|\n|t:|1701082485\n|move|p2a: Manaphy|Ice Beam|p1a: Clodsire\n|-resisted|p1a: Clodsire\n|-damage|p1a: Clodsire|54\/100\n|move|p1a: Clodsire|Amnesia|p1a: Clodsire\n|-boost|p1a: Clodsire|spd|2\n|\n|-heal|p2a: Manaphy|94\/100|[from] item: Leftovers\n|upkeep\n|turn|144\n|\n|t:|1701082491\n|move|p2a: Manaphy|Ice Beam|p1a: Clodsire\n|-resisted|p1a: Clodsire\n|-damage|p1a: Clodsire|50\/100\n|move|p1a: Clodsire|Poison Jab|p2a: Manaphy\n|-crit|p2a: Manaphy\n|-damage|p2a: Manaphy|68\/100\n|\n|-heal|p2a: Manaphy|74\/100|[from] item: Leftovers\n|upkeep\n|turn|145\n|\n|t:|1701082498\n|move|p2a: Manaphy|Ice Beam|p1a: Clodsire\n|-resisted|p1a: Clodsire\n|-damage|p1a: Clodsire|46\/100\n|move|p1a: Clodsire|Poison Jab|p2a: Manaphy\n|-damage|p2a: Manaphy|57\/100\n|\n|-heal|p2a: Manaphy|63\/100|[from] item: Leftovers\n|upkeep\n|turn|146\n|\n|t:|1701082500\n|move|p2a: Manaphy|Ice Beam|p1a: Clodsire\n|-resisted|p1a: Clodsire\n|-damage|p1a: Clodsire|42\/100\n|move|p1a: Clodsire|Poison Jab|p2a: Manaphy\n|-damage|p2a: Manaphy|44\/100\n|-status|p2a: Manaphy|psn\n|\n|-heal|p2a: Manaphy|50\/100 psn|[from] item: Leftovers\n|-damage|p2a: Manaphy|37\/100 psn|[from] psn\n|upkeep\n|turn|147\n|\n|t:|1701082511\n|move|p2a: Manaphy|Rest|p2a: Manaphy\n|-status|p2a: Manaphy|slp|[from] move: Rest\n|-heal|p2a: Manaphy|100\/100 slp|[silent]\n|move|p1a: Clodsire|Amnesia|p1a: Clodsire\n|-boost|p1a: Clodsire|spd|2\n|\n|upkeep\n|turn|148\n|\n|t:|1701082514\n|switch|p2a: EL PELIGRO|Pelipper, M, shiny|55\/100 brn\n|-weather|RainDance|[from] ability: Drizzle|[of] p2a: EL PELIGRO\n|switch|p1a: Alomomola|Alomomola, M|95\/100\n|\n|-weather|RainDance|[upkeep]\n|-damage|p2a: EL PELIGRO|48\/100 brn|[from] brn\n|upkeep\n|turn|149\n|\n|t:|1701082519\n|switch|p2a: Manaphy|Manaphy|100\/100 slp\n|-damage|p2a: Manaphy|76\/100 slp|[from] Spikes\n|move|p1a: Alomomola|Wish|p1a: Alomomola\n|\n|-weather|RainDance|[upkeep]\n|-activate|p2a: Manaphy|ability: Hydration\n|-curestatus|p2a: Manaphy|slp|[msg]\n|-heal|p2a: Manaphy|82\/100|[from] item: Leftovers\n|upkeep\n|turn|150\n|\n|t:|1701082531\n|move|p2a: Manaphy|Tail Glow|p2a: Manaphy\n|-boost|p2a: Manaphy|spa|3\n|move|p1a: Alomomola|Flip Turn|p2a: Manaphy\n|-resisted|p2a: Manaphy\n|-damage|p2a: Manaphy|72\/100\n|\n|t:|1701082533\n|switch|p1a: Clodsire|Clodsire, F, tera:Steel|42\/100|[from] Flip Turn\n|\n|-weather|RainDance|[upkeep]\n|-heal|p1a: Clodsire|99\/100|[from] move: Wish|[wisher] Alomomola\n|-heal|p2a: Manaphy|78\/100|[from] item: Leftovers\n|upkeep\n|turn|151\n|\n|t:|1701082536\n|move|p2a: Manaphy|Ice Beam|p1a: Clodsire\n|-resisted|p1a: Clodsire\n|-damage|p1a: Clodsire|91\/100\n|move|p1a: Clodsire|Amnesia|p1a: Clodsire\n|-boost|p1a: Clodsire|spd|2\n|\n|-weather|RainDance|[upkeep]\n|-heal|p2a: Manaphy|84\/100|[from] item: Leftovers\n|upkeep\n|turn|152\n|\n|t:|1701082543\n|move|p2a: Manaphy|Ice Beam|p1a: Clodsire\n|-resisted|p1a: Clodsire\n|-damage|p1a: Clodsire|88\/100\n|-status|p1a: Clodsire|frz\n|cant|p1a: Clodsire|frz\n|\n|-weather|RainDance|[upkeep]\n|-heal|p2a: Manaphy|91\/100|[from] item: Leftovers\n|upkeep\n|turn|153\n|\n|t:|1701082550\n|switch|p2a: quacker oats|Quaquaval, F, tera:Ghost|18\/100\n|cant|p1a: Clodsire|frz\n|\n|-weather|RainDance|[upkeep]\n|upkeep\n|turn|154\n|\n|t:|1701082555\n|switch|p1a: Alomomola|Alomomola, M|100\/100\n|move|p2a: quacker oats|Roost|p2a: quacker oats\n|-heal|p2a: quacker oats|68\/100\n|\n|-weather|RainDance|[upkeep]\n|upkeep\n|turn|155\n|\n|t:|1701082582\n|move|p2a: quacker oats|Rapid Spin|p1a: Alomomola\n|-damage|p1a: Alomomola|91\/100\n|-boost|p2a: quacker oats|spe|1\n|-sideend|p2: pastagirl|Spikes|[from] move: Rapid Spin|[of] p2a: quacker oats\n|move|p1a: Alomomola|Scald|p2a: quacker oats\n|-damage|p2a: quacker oats|42\/100\n|-status|p2a: quacker oats|brn\n|\n|-weather|none\n|-damage|p2a: quacker oats|36\/100 brn|[from] brn\n|upkeep\n|turn|156\n|\n|t:|1701082590\n|switch|p2a: EL PELIGRO|Pelipper, M, shiny|48\/100 brn\n|-weather|RainDance|[from] ability: Drizzle|[of] p2a: EL PELIGRO\n|move|p1a: Alomomola|Flip Turn|p2a: EL PELIGRO\n|-resisted|p2a: EL PELIGRO\n|-damage|p2a: EL PELIGRO|38\/100 brn\n|\n|t:|1701082591\n|switch|p1a: Clodsire|Clodsire, F, tera:Steel|88\/100 frz|[from] Flip Turn\n|\n|-weather|RainDance|[upkeep]\n|-damage|p2a: EL PELIGRO|32\/100 brn|[from] brn\n|upkeep\n|turn|157\n|\n|t:|1701082595\n|switch|p2a: Barraskewda|Barraskewda, F|100\/100\n|cant|p1a: Clodsire|frz\n|\n|-weather|RainDance|[upkeep]\n|upkeep\n|turn|158\n|\n|t:|1701082603\n|switch|p1a: Alomomola|Alomomola, M|100\/100\n|move|p2a: Barraskewda|Close Combat|p1a: Alomomola\n|-damage|p1a: Alomomola|68\/100\n|-unboost|p2a: Barraskewda|def|1\n|-unboost|p2a: Barraskewda|spd|1\n|\n|-weather|RainDance|[upkeep]\n|upkeep\n|turn|159\n|\n|t:|1701082608\n|switch|p2a: Manaphy|Manaphy|91\/100\n|move|p1a: Alomomola|Flip Turn|p2a: Manaphy\n|-resisted|p2a: Manaphy\n|-damage|p2a: Manaphy|80\/100\n|\n|t:|1701082613\n|switch|p1a: Clodsire|Clodsire, F, tera:Steel|88\/100 frz|[from] Flip Turn\n|\n|-weather|RainDance|[upkeep]\n|-heal|p2a: Manaphy|86\/100|[from] item: Leftovers\n|upkeep\n|turn|160\n|\n|t:|1701082617\n|switch|p1a: Alomomola|Alomomola, M|100\/100\n|move|p2a: Manaphy|Surf|p1a: Alomomola\n|-resisted|p1a: Alomomola\n|-damage|p1a: Alomomola|60\/100\n|\n|-weather|RainDance|[upkeep]\n|-heal|p2a: Manaphy|92\/100|[from] item: Leftovers\n|upkeep\n|turn|161\n|\n|t:|1701082620\n|move|p2a: Manaphy|Tail Glow|p2a: Manaphy\n|-boost|p2a: Manaphy|spa|3\n|move|p1a: Alomomola|Wish|p1a: Alomomola\n|\n|-weather|RainDance|[upkeep]\n|-heal|p2a: Manaphy|99\/100|[from] item: Leftovers\n|upkeep\n|turn|162\n|\n|t:|1701082625\n|switch|p1a: Clodsire|Clodsire, F, tera:Steel|88\/100 frz\n|move|p2a: Manaphy|Tail Glow|p2a: Manaphy\n|-boost|p2a: Manaphy|spa|3\n|\n|-weather|RainDance|[upkeep]\n|-heal|p1a: Clodsire|100\/100 frz|[from] move: Wish|[wisher] Alomomola\n|-heal|p2a: Manaphy|100\/100|[from] item: Leftovers\n|upkeep\n|turn|163\n|\n|t:|1701082629\n|move|p2a: Manaphy|Surf|p1a: Clodsire\n|-damage|p1a: Clodsire|66\/100 frz\n|cant|p1a: Clodsire|frz\n|\n|-weather|none\n|upkeep\n|turn|164\n|\n|t:|1701082632\n|move|p2a: Manaphy|Surf|p1a: Clodsire\n|-damage|p1a: Clodsire|45\/100 frz\n|cant|p1a: Clodsire|frz\n|\n|upkeep\n|turn|165\n|\n|t:|1701082638\n|move|p2a: Manaphy|Surf|p1a: Clodsire\n|-damage|p1a: Clodsire|22\/100 frz\n|cant|p1a: Clodsire|frz\n|\n|upkeep\n|turn|166\n|c|\u2606Highv0ltag3|Gg\n|c|\u2606pastagirl|gg\n|\n|t:|1701082648\n|switch|p1a: Corviknight|Corviknight, F|100\/100\n|-ability|p1a: Corviknight|Pressure\n|move|p2a: Manaphy|Surf|p1a: Corviknight\n|-damage|p1a: Corviknight|0 fnt\n|faint|p1a: Corviknight\n|\n|upkeep\n|\n|t:|1701082651\n|switch|p1a: Alomomola|Alomomola, M|93\/100\n|turn|167\n|\n|t:|1701082656\n|move|p2a: Manaphy|Surf|p1a: Alomomola\n|-resisted|p1a: Alomomola\n|-damage|p1a: Alomomola|0 fnt\n|faint|p1a: Alomomola\n|\n|upkeep\n|\n|t:|1701082659\n|switch|p1a: Clodsire|Clodsire, F, tera:Steel|22\/100 frz\n|turn|168\n|\n|t:|1701082661\n|move|p2a: Manaphy|Surf|p1a: Clodsire\n|-damage|p1a: Clodsire|0 fnt\n|faint|p1a: Clodsire\n|\n|win|pastagirl\n|raw|Highv0ltag3's rating: 1575 &rarr; <strong>1554<\/strong><br \/>(-21 for losing)\n|raw|pastagirl's rating: 1564 &rarr; <strong>1585<\/strong><br \/>(+21 for winning)\n|l|\u2606Highv0ltag3\n","uploadtime":1701082671,"views":3,"p1id":"highv0ltag3","p2id":"pastagirl","formatid":"gen9ou","rating":1554,"private":0,"password":""}