{"id":"gen9ou-1997833824","p1":"BH.BABIRI","p2":"RealSaad","format":"[Gen 9] OU","log":"|j|\u2606BH.BABIRI\n|j|\u2606RealSaad\n|t:|1700857719\n|gametype|singles\n|player|p1|BH.BABIRI|flannery|1074\n|player|p2|RealSaad|pokemonranger|1000\n|teamsize|p1|6\n|teamsize|p2|6\n|gen|9\n|tier|[Gen 9] OU\n|rated|\n|rule|Sleep Clause Mod: Limit one foe put to sleep\n|rule|Species Clause: Limit one of each Pok\u00e9mon\n|rule|OHKO Clause: OHKO moves are banned\n|rule|Evasion Items Clause: Evasion items are banned\n|rule|Evasion Moves Clause: Evasion moves are banned\n|rule|Endless Battle Clause: Forcing endless battles is banned\n|rule|HP Percentage Mod: HP is shown in percentages\n|clearpoke\n|poke|p1|Ditto|\n|poke|p1|Manaphy|\n|poke|p1|Gholdengo|\n|poke|p1|Slowking-Galar, F|\n|poke|p1|Ogerpon-Wellspring, F|\n|poke|p1|Great Tusk|\n|poke|p2|Ribombee, F|\n|poke|p2|Grimmsnarl, M|\n|poke|p2|Great Tusk|\n|poke|p2|Dragonite, M|\n|poke|p2|Gholdengo|\n|poke|p2|Rillaboom, M|\n|teampreview\n|inactive|Battle timer is ON: inactive players will automatically lose when time's up. (requested by BH.BABIRI)\n|inactive|RealSaad also wants the timer to be on.\n|\n|t:|1700857730\n|start\n|switch|p1a: Ditto|Ditto, shiny|100\/100\n|switch|p2a: Rillaboom|Rillaboom, M|100\/100\n|-fieldstart|move: Grassy Terrain|[from] ability: Grassy Surge|[of] p2a: Rillaboom\n|-transform|p1a: Ditto|p2a: Rillaboom|[from] ability: Imposter\n|turn|1\n|\n|t:|1700857748\n|switch|p1a: Slowking|Slowking-Galar, F|100\/100\n|switch|p2a: Grimmsnarl|Grimmsnarl, M, shiny|100\/100\n|\n|-status|p1a: Slowking|brn|[from] item: Flame Orb\n|upkeep\n|turn|2\n|\n|t:|1700857757\n|move|p2a: Grimmsnarl|Taunt|p1a: Slowking\n|-start|p1a: Slowking|move: Taunt\n|move|p1a: Slowking|Sludge Bomb|p2a: Grimmsnarl\n|-supereffective|p2a: Grimmsnarl\n|-damage|p2a: Grimmsnarl|20\/100\n|-status|p2a: Grimmsnarl|psn\n|\n|-heal|p2a: Grimmsnarl|26\/100 psn|[from] Grassy Terrain\n|-damage|p2a: Grimmsnarl|13\/100 psn|[from] psn\n|-damage|p1a: Slowking|94\/100 brn|[from] brn\n|upkeep\n|turn|3\n|\n|t:|1700857765\n|move|p2a: Grimmsnarl|Light Screen|p2a: Grimmsnarl\n|-sidestart|p2: RealSaad|move: Light Screen\n|move|p1a: Slowking|Sludge Bomb|p2a: Grimmsnarl\n|-supereffective|p2a: Grimmsnarl\n|-damage|p2a: Grimmsnarl|0 fnt\n|faint|p2a: Grimmsnarl\n|\n|-heal|p1a: Slowking|100\/100 brn|[from] Grassy Terrain\n|-damage|p1a: Slowking|94\/100 brn|[from] brn\n|upkeep\n|\n|t:|1700857786\n|switch|p2a: Dragonite|Dragonite, M|100\/100\n|turn|4\n|\n|t:|1700857807\n|switch|p1a: Great Tusk|Great Tusk|100\/100\n|move|p2a: Dragonite|Dragon Dance|p2a: Dragonite\n|-boost|p2a: Dragonite|atk|1\n|-boost|p2a: Dragonite|spe|1\n|\n|upkeep\n|turn|5\n|\n|t:|1700857823\n|-terastallize|p2a: Dragonite|Normal\n|move|p2a: Dragonite|Dragon Dance|p2a: Dragonite\n|-boost|p2a: Dragonite|atk|1\n|-boost|p2a: Dragonite|spe|1\n|move|p1a: Great Tusk|Ice Spinner|p2a: Dragonite\n|-damage|p2a: Dragonite|84\/100\n|-fieldend|move: Grassy Terrain\n|\n|upkeep\n|turn|6\n|inactive|RealSaad has 120 seconds left.\n|\n|t:|1700857857\n|move|p2a: Dragonite|Hurricane|p1a: Great Tusk\n|-supereffective|p1a: Great Tusk\n|-damage|p1a: Great Tusk|0 fnt\n|faint|p1a: Great Tusk\n|-end|p1a: Great Tusk|Protosynthesis|[silent]\n|\n|upkeep\n|\n|t:|1700857865\n|switch|p1a: Ditto|Ditto, shiny|100\/100\n|-transform|p1a: Ditto|p2a: Dragonite|[from] ability: Imposter\n|-start|p1a: Ditto|typechange|Dragon\/Flying|[silent]\n|turn|7\n|inactive|RealSaad has 120 seconds left.\n|\n|t:|1700857882\n|move|p1a: Ditto|Ice Spinner|p2a: Dragonite\n|-damage|p2a: Dragonite|11\/100\n|move|p2a: Dragonite|Ice Spinner|p1a: Ditto\n|-supereffective|p1a: Ditto\n|-damage|p1a: Ditto|0 fnt\n|faint|p1a: Ditto\n|\n|upkeep\n|\n|t:|1700857892\n|switch|p1a: Ogerpon|Ogerpon-Wellspring, F|100\/100\n|turn|8\n|\n|t:|1700857901\n|move|p1a: Ogerpon|Spiky Shield|p1a: Ogerpon\n|-singleturn|p1a: Ogerpon|move: Protect\n|move|p2a: Dragonite|Extreme Speed|p1a: Ogerpon\n|-activate|p1a: Ogerpon|move: Protect\n|-damage|p2a: Dragonite|0 fnt|[from] Spiky Shield|[of] p1a: Ogerpon\n|faint|p2a: Dragonite\n|\n|upkeep\n|\n|t:|1700857905\n|switch|p2a: Rillaboom|Rillaboom, M|100\/100\n|-fieldstart|move: Grassy Terrain|[from] ability: Grassy Surge|[of] p2a: Rillaboom\n|turn|9\n|\n|t:|1700857909\n|switch|p1a: Slowking|Slowking-Galar, F|100\/100 brn\n|move|p2a: Rillaboom|Swords Dance|p2a: Rillaboom\n|-boost|p2a: Rillaboom|atk|2\n|\n|-damage|p1a: Slowking|94\/100 brn|[from] brn\n|upkeep\n|turn|10\n|\n|t:|1700857930\n|move|p2a: Rillaboom|Grassy Glide|p1a: Slowking\n|-resisted|p1a: Slowking\n|-damage|p1a: Slowking|38\/100 brn\n|-damage|p2a: Rillaboom|91\/100|[from] item: Life Orb\n|move|p1a: Slowking|Trick|p2a: Rillaboom\n|-activate|p1a: Slowking|move: Trick|[of] p2a: Rillaboom\n|-item|p2a: Rillaboom|Flame Orb|[from] move: Trick\n|-item|p1a: Slowking|Life Orb|[from] move: Trick\n|\n|-heal|p2a: Rillaboom|97\/100|[from] Grassy Terrain\n|-heal|p1a: Slowking|44\/100 brn|[from] Grassy Terrain\n|-damage|p1a: Slowking|38\/100 brn|[from] brn\n|-sideend|p2: RealSaad|move: Light Screen\n|-status|p2a: Rillaboom|brn|[from] item: Flame Orb\n|upkeep\n|turn|11\n|\n|t:|1700857936\n|move|p2a: Rillaboom|Swords Dance|p2a: Rillaboom\n|-boost|p2a: Rillaboom|atk|2\n|move|p1a: Slowking|Sludge Bomb|p2a: Rillaboom\n|-supereffective|p2a: Rillaboom\n|-damage|p2a: Rillaboom|0 fnt\n|faint|p2a: Rillaboom\n|-damage|p1a: Slowking|28\/100 brn|[from] item: Life Orb\n|\n|-heal|p1a: Slowking|34\/100 brn|[from] Grassy Terrain\n|-damage|p1a: Slowking|28\/100 brn|[from] brn\n|upkeep\n|c|\u2606RealSaad|you sad piece of shit\n|\n|t:|1700857952\n|switch|p2a: Great Tusk|Great Tusk|100\/100\n|-enditem|p2a: Great Tusk|Booster Energy\n|-activate|p2a: Great Tusk|ability: Protosynthesis|[fromitem]\n|-start|p2a: Great Tusk|protosynthesisspe\n|turn|12\n|\n|t:|1700857960\n|switch|p1a: Ogerpon|Ogerpon-Wellspring, F|100\/100\n|move|p2a: Great Tusk|Headlong Rush|p1a: Ogerpon\n|-resisted|p1a: Ogerpon\n|-damage|p1a: Ogerpon|67\/100\n|-unboost|p2a: Great Tusk|def|1\n|-unboost|p2a: Great Tusk|spd|1\n|\n|-heal|p1a: Ogerpon|73\/100|[from] Grassy Terrain\n|upkeep\n|turn|13\n|\n|t:|1700857971\n|-end|p2a: Great Tusk|Protosynthesis|[silent]\n|switch|p2a: Gholdengo|Gholdengo|100\/100\n|move|p1a: Ogerpon|Ivy Cudgel|p2a: Gholdengo|[anim] Ivy Cudgel Water\n|-damage|p2a: Gholdengo|28\/100\n|\n|-heal|p1a: Ogerpon|79\/100|[from] Grassy Terrain\n|-heal|p2a: Gholdengo|34\/100|[from] Grassy Terrain\n|-fieldend|move: Grassy Terrain\n|upkeep\n|turn|14\n|\n|t:|1700857980\n|move|p1a: Ogerpon|Ivy Cudgel|p2a: Gholdengo|[anim] Ivy Cudgel Water\n|-crit|p2a: Gholdengo\n|-damage|p2a: Gholdengo|0 fnt\n|faint|p2a: Gholdengo\n|\n|upkeep\n|\n|t:|1700857987\n|switch|p2a: GreenUVLight|Ribombee, F|100\/100\n|turn|15\n|\n|t:|1700857991\n|-terastallize|p1a: Ogerpon|Water\n|detailschange|p1a: Ogerpon|Ogerpon-Wellspring-Tera, F, tera:Water\n|-ability|p1a: Ogerpon|Embody Aspect (Wellspring)|boost\n|-boost|p1a: Ogerpon|spd|1\n|move|p1a: Ogerpon|Ivy Cudgel|p2a: GreenUVLight|[anim] Ivy Cudgel Water\n|-damage|p2a: GreenUVLight|13\/100\n|move|p2a: GreenUVLight|Quiver Dance|p2a: GreenUVLight\n|-boost|p2a: GreenUVLight|spa|1\n|-boost|p2a: GreenUVLight|spd|1\n|-boost|p2a: GreenUVLight|spe|1\n|\n|upkeep\n|turn|16\n|\n|t:|1700858003\n|switch|p1a: Gholdengo|Gholdengo|100\/100\n|move|p2a: GreenUVLight|Stored Power|p1a: Gholdengo\n|-resisted|p1a: Gholdengo\n|-damage|p1a: Gholdengo|83\/100\n|-enditem|p1a: Gholdengo|Red Card|[of] p2a: GreenUVLight\n|drag|p2a: Great Tusk|Great Tusk|100\/100\n|\n|upkeep\n|turn|17\n|\n|t:|1700858037\n|switch|p1a: Ogerpon|Ogerpon-Wellspring-Tera, F, tera:Water|79\/100\n|-ability|p1a: Ogerpon|Embody Aspect (Wellspring)|boost\n|-boost|p1a: Ogerpon|spd|1\n|move|p2a: Great Tusk|Knock Off|p1a: Ogerpon\n|-damage|p1a: Ogerpon|53\/100\n|\n|upkeep\n|turn|18\n|\n|t:|1700858044\n|move|p1a: Ogerpon|Ivy Cudgel|p2a: Great Tusk|[anim] Ivy Cudgel Water\n|-supereffective|p2a: Great Tusk\n|-damage|p2a: Great Tusk|2\/100\n|move|p2a: Great Tusk|Headlong Rush|p1a: Ogerpon\n|-crit|p1a: Ogerpon\n|-damage|p1a: Ogerpon|0 fnt\n|-unboost|p2a: Great Tusk|def|1\n|-unboost|p2a: Great Tusk|spd|1\n|faint|p1a: Ogerpon\n|\n|upkeep\n|\n|t:|1700858049\n|switch|p1a: Manaphy|Manaphy|100\/100\n|turn|19\n|c|\u2606RealSaad|crit is crazy\n|\n|t:|1700858060\n|move|p2a: Great Tusk|Headlong Rush|p1a: Manaphy\n|-damage|p1a: Manaphy|58\/100\n|-unboost|p2a: Great Tusk|def|1\n|-unboost|p2a: Great Tusk|spd|1\n|move|p1a: Manaphy|Scald|p2a: Great Tusk\n|-supereffective|p2a: Great Tusk\n|-crit|p2a: Great Tusk\n|-damage|p2a: Great Tusk|0 fnt\n|faint|p2a: Great Tusk\n|-end|p2a: Great Tusk|Protosynthesis|[silent]\n|\n|-heal|p1a: Manaphy|64\/100|[from] item: Leftovers\n|upkeep\n|\n|t:|1700858063\n|switch|p2a: GreenUVLight|Ribombee, F|13\/100\n|turn|20\n|c|\u2606RealSaad|crit?\n|\n|t:|1700858067\n|move|p2a: GreenUVLight|Draining Kiss|p1a: Manaphy\n|-damage|p1a: Manaphy|46\/100\n|-heal|p2a: GreenUVLight|31\/100|[from] drain|[of] p1a: Manaphy\n|-damage|p2a: GreenUVLight|22\/100|[from] item: Life Orb\n|move|p1a: Manaphy|Scald|p2a: GreenUVLight\n|-damage|p2a: GreenUVLight|0 fnt\n|faint|p2a: GreenUVLight\n|\n|win|BH.BABIRI\n|raw|BH.BABIRI's rating: 1074 &rarr; <strong>1097<\/strong><br \/>(+23 for winning)\n|raw|RealSaad's rating: 1000 &rarr; <strong>1000<\/strong><br \/>(+0 for losing)\n","uploadtime":1700857946,"views":3,"p1id":"bhbabiri","p2id":"realsaad","formatid":"gen9ou","rating":1000,"private":0,"password":""}