{"id":"gen9ou-1997122285","p1":"Mantis God is Op","p2":"uu nu trainer","format":"[Gen 9] OU","log":"|j|\u2606Mantis God is Op\n|j|\u2606uu nu trainer\n|t:|1700766747\n|gametype|singles\n|player|p1|Mantis God is Op|dagero|1378\n|player|p2|uu nu trainer|102|1287\n|teamsize|p1|6\n|teamsize|p2|6\n|gen|9\n|tier|[Gen 9] OU\n|rated|\n|rule|Sleep Clause Mod: Limit one foe put to sleep\n|rule|Species Clause: Limit one of each Pok\u00e9mon\n|rule|OHKO Clause: OHKO moves are banned\n|rule|Evasion Items Clause: Evasion items are banned\n|rule|Evasion Moves Clause: Evasion moves are banned\n|rule|Endless Battle Clause: Forcing endless battles is banned\n|rule|HP Percentage Mod: HP is shown in percentages\n|clearpoke\n|poke|p1|Toedscruel, F|\n|poke|p1|Infernape, M|\n|poke|p1|Enamorus, F|\n|poke|p1|Glimmora, M|\n|poke|p1|Kingambit, F|\n|poke|p1|Greninja-*, M|\n|poke|p2|Alomomola, F|\n|poke|p2|Cinderace, F|\n|poke|p2|Hatterene, F|\n|poke|p2|Blissey, F|\n|poke|p2|Weezing-Galar, M|\n|poke|p2|Landorus-Therian, M|\n|teampreview\n|c|\u2606Mantis God is Op|gl hf\n|\n|t:|1700766755\n|start\n|switch|p1a: Glimmora|Glimmora, M|100\/100\n|switch|p2a: Landorus|Landorus-Therian, M|100\/100\n|-ability|p2a: Landorus|Intimidate|boost\n|-unboost|p1a: Glimmora|atk|1\n|turn|1\n|\n|t:|1700766763\n|move|p2a: Landorus|Earthquake|p1a: Glimmora\n|-supereffective|p1a: Glimmora\n|-enditem|p1a: Glimmora|Focus Sash\n|-damage|p1a: Glimmora|1\/100\n|-activate|p1a: Glimmora|ability: Toxic Debris\n|-sidestart|p2: uu nu trainer|move: Toxic Spikes\n|-damage|p2a: Landorus|91\/100|[from] item: Life Orb\n|move|p1a: Glimmora|Stealth Rock|p2a: Landorus\n|-sidestart|p2: uu nu trainer|move: Stealth Rock\n|\n|upkeep\n|turn|2\n|\n|t:|1700766773\n|move|p2a: Landorus|U-turn|p1a: Glimmora\n|-resisted|p1a: Glimmora\n|-damage|p1a: Glimmora|0 fnt\n|-activate|p1a: Glimmora|ability: Toxic Debris\n|-sidestart|p2: uu nu trainer|move: Toxic Spikes\n|faint|p1a: Glimmora\n|-damage|p2a: Landorus|81\/100|[from] item: Life Orb\n|\n|t:|1700766781\n|switch|p2a: Cinderace|Cinderace, F|100\/100|[from] U-turn\n|\n|upkeep\n|\n|t:|1700766786\n|switch|p1a: Greninja|Greninja, M|100\/100\n|turn|3\n|\n|t:|1700766803\n|move|p1a: Greninja|Surf|p2a: Cinderace\n|-supereffective|p2a: Cinderace\n|-damage|p2a: Cinderace|0 fnt\n|faint|p2a: Cinderace\n|-ability|p1a: Greninja|Battle Bond|boost\n|-boost|p1a: Greninja|atk|1\n|-boost|p1a: Greninja|spa|1\n|-boost|p1a: Greninja|spe|1\n|-activate|p1a: Greninja|ability: Battle Bond\n|-damage|p1a: Greninja|91\/100|[from] item: Life Orb\n|\n|upkeep\n|\n|t:|1700766808\n|switch|p2a: Hatterene|Hatterene, F|100\/100\n|-status|p2a: Hatterene|tox\n|-damage|p2a: Hatterene|88\/100 tox|[from] Stealth Rock\n|turn|4\n|\n|t:|1700766814\n|move|p1a: Greninja|Dark Pulse|p2a: Hatterene\n|-damage|p2a: Hatterene|31\/100 tox\n|-damage|p1a: Greninja|81\/100|[from] item: Life Orb\n|move|p2a: Hatterene|Draining Kiss|p1a: Greninja\n|-supereffective|p1a: Greninja\n|-damage|p1a: Greninja|0 fnt\n|-heal|p2a: Hatterene|99\/100 tox|[from] drain|[of] p1a: Greninja\n|faint|p1a: Greninja\n|\n|-damage|p2a: Hatterene|93\/100 tox|[from] psn\n|upkeep\n|\n|t:|1700766827\n|switch|p1a: Kingambit|Kingambit, F|100\/100\n|-activate|p1a: Kingambit|ability: Supreme Overlord\n|-start|p1a: Kingambit|fallen2|[silent]\n|turn|5\n|\n|t:|1700766835\n|switch|p2a: Alomomola|Alomomola, F|100\/100\n|-status|p2a: Alomomola|tox\n|-damage|p2a: Alomomola|88\/100 tox|[from] Stealth Rock\n|move|p1a: Kingambit|Iron Head|p2a: Alomomola\n|-resisted|p2a: Alomomola\n|-damage|p2a: Alomomola|74\/100 tox\n|-damage|p1a: Kingambit|84\/100|[from] item: Rocky Helmet|[of] p2a: Alomomola\n|\n|-damage|p2a: Alomomola|68\/100 tox|[from] psn\n|upkeep\n|turn|6\n|\n|t:|1700766845\n|-end|p1a: Kingambit|fallen2|[silent]\n|switch|p1a: Toedscruel|Toedscruel, F|100\/100\n|move|p2a: Alomomola|Flip Turn|p1a: Toedscruel\n|-damage|p1a: Toedscruel|72\/100\n|\n|t:|1700766854\n|switch|p2a: Weezing|Weezing-Galar, M|100\/100|[from] Flip Turn\n|-damage|p2a: Weezing|88\/100|[from] Stealth Rock\n|\n|-heal|p2a: Weezing|94\/100|[from] item: Leftovers\n|upkeep\n|turn|7\n|\n|t:|1700766867\n|switch|p1a: Infernape|Infernape, M|100\/100\n|move|p2a: Weezing|Defog|p1a: Infernape\n|-unboost|p1a: Infernape|evasion|1\n|-sideend|p2: uu nu trainer|Toxic Spikes|[from] move: Defog|[of] p2a: Weezing\n|-sideend|p2: uu nu trainer|Stealth Rock|[from] move: Defog|[of] p2a: Weezing\n|\n|-heal|p2a: Weezing|99\/100|[from] item: Leftovers\n|upkeep\n|turn|8\n|\n|t:|1700766882\n|move|p1a: Infernape|Fire Punch|p2a: Weezing\n|-damage|p2a: Weezing|61\/100\n|-damage|p1a: Infernape|91\/100|[from] item: Life Orb\n|move|p2a: Weezing|Strange Steam|p1a: Infernape\n|-damage|p1a: Infernape|34\/100\n|\n|-heal|p2a: Weezing|67\/100|[from] item: Leftovers\n|upkeep\n|turn|9\n|\n|t:|1700766893\n|switch|p2a: Alomomola|Alomomola, F|100\/100 tox\n|move|p1a: Infernape|Fire Punch|p2a: Alomomola\n|-resisted|p2a: Alomomola\n|-damage|p2a: Alomomola|87\/100 tox\n|-damage|p1a: Infernape|18\/100|[from] item: Rocky Helmet|[of] p2a: Alomomola\n|-damage|p1a: Infernape|8\/100|[from] item: Life Orb\n|\n|-damage|p2a: Alomomola|80\/100 tox|[from] psn\n|upkeep\n|turn|10\n|\n|t:|1700766903\n|move|p1a: Infernape|Thunder Punch|p2a: Alomomola\n|-supereffective|p2a: Alomomola\n|-damage|p2a: Alomomola|45\/100 tox\n|-damage|p1a: Infernape|0 fnt|[from] item: Rocky Helmet|[of] p2a: Alomomola\n|faint|p1a: Infernape\n|move|p2a: Alomomola|Wish|p2a: Alomomola\n|\n|-damage|p2a: Alomomola|33\/100 tox|[from] psn\n|upkeep\n|\n|t:|1700766908\n|switch|p1a: Toedscruel|Toedscruel, F|72\/100\n|turn|11\n|\n|t:|1700766924\n|switch|p2a: Hatterene|Hatterene, F|93\/100 tox\n|move|p1a: Toedscruel|Rapid Spin|p2a: Hatterene\n|-damage|p2a: Hatterene|84\/100 tox\n|-boost|p1a: Toedscruel|spe|1\n|\n|-heal|p2a: Hatterene|100\/100 tox|[from] move: Wish|[wisher] Alomomola\n|-damage|p2a: Hatterene|95\/100 tox|[from] psn\n|upkeep\n|turn|12\n|\n|t:|1700766936\n|move|p1a: Toedscruel|Energy Ball|p2a: Hatterene\n|-damage|p2a: Hatterene|67\/100 tox\n|-unboost|p2a: Hatterene|spd|1\n|move|p2a: Hatterene|Mystical Fire|p1a: Toedscruel\n|-supereffective|p1a: Toedscruel\n|-damage|p1a: Toedscruel|34\/100\n|-unboost|p1a: Toedscruel|spa|1\n|\n|-damage|p2a: Hatterene|55\/100 tox|[from] psn\n|upkeep\n|turn|13\n|\n|t:|1700766948\n|switch|p2a: Blissey|Blissey, F|100\/100\n|move|p1a: Toedscruel|Energy Ball|p2a: Blissey\n|-damage|p2a: Blissey|93\/100\n|-unboost|p2a: Blissey|spd|1\n|\n|upkeep\n|turn|14\n|\n|t:|1700766954\n|switch|p1a: Kingambit|Kingambit, F|84\/100\n|-activate|p1a: Kingambit|ability: Supreme Overlord\n|-start|p1a: Kingambit|fallen3|[silent]\n|move|p2a: Blissey|Seismic Toss|p1a: Kingambit\n|-damage|p1a: Kingambit|59\/100\n|\n|upkeep\n|turn|15\n|\n|t:|1700766965\n|switch|p2a: Alomomola|Alomomola, F|66\/100 tox\n|move|p1a: Kingambit|Kowtow Cleave|p2a: Alomomola\n|-damage|p2a: Alomomola|30\/100 tox\n|-damage|p1a: Kingambit|43\/100|[from] item: Rocky Helmet|[of] p2a: Alomomola\n|\n|-damage|p2a: Alomomola|24\/100 tox|[from] psn\n|upkeep\n|turn|16\n|\n|t:|1700766976\n|move|p1a: Kingambit|Kowtow Cleave|p2a: Alomomola\n|-damage|p2a: Alomomola|0 fnt\n|-damage|p1a: Kingambit|26\/100|[from] item: Rocky Helmet|[of] p2a: Alomomola\n|faint|p2a: Alomomola\n|\n|upkeep\n|\n|t:|1700766985\n|switch|p2a: Landorus|Landorus-Therian, M|81\/100\n|-ability|p2a: Landorus|Intimidate|boost\n|-unboost|p1a: Kingambit|atk|1\n|turn|17\n|\n|t:|1700766988\n|-end|p1a: Kingambit|fallen3|[silent]\n|switch|p1a: Enamorus|Enamorus, F|100\/100\n|move|p2a: Landorus|Earthquake|p1a: Enamorus\n|-immune|p1a: Enamorus\n|\n|upkeep\n|turn|18\n|\n|t:|1700766993\n|move|p1a: Enamorus|Moonblast|p2a: Landorus\n|-damage|p2a: Landorus|18\/100\n|move|p2a: Landorus|U-turn|p1a: Enamorus\n|-resisted|p1a: Enamorus\n|-damage|p1a: Enamorus|87\/100\n|-start|p2a: Landorus|Attract|[from] ability: Cute Charm|[of] p1a: Enamorus\n|-damage|p2a: Landorus|8\/100|[from] item: Life Orb\n|\n|t:|1700767001\n|switch|p2a: Weezing|Weezing-Galar, M|67\/100|[from] U-turn\n|\n|-heal|p2a: Weezing|73\/100|[from] item: Leftovers\n|upkeep\n|turn|19\n|\n|t:|1700767006\n|switch|p1a: Toedscruel|Toedscruel, F|34\/100\n|move|p2a: Weezing|Sludge Bomb|p1a: Toedscruel\n|-damage|p1a: Toedscruel|10\/100\n|\n|-heal|p2a: Weezing|79\/100|[from] item: Leftovers\n|upkeep\n|turn|20\n|\n|t:|1700767020\n|move|p1a: Toedscruel|Energy Ball|p2a: Weezing\n|-resisted|p2a: Weezing\n|-damage|p2a: Weezing|51\/100\n|-unboost|p2a: Weezing|spd|1\n|move|p2a: Weezing|Sludge Bomb|p1a: Toedscruel\n|-damage|p1a: Toedscruel|0 fnt\n|faint|p1a: Toedscruel\n|\n|-heal|p2a: Weezing|57\/100|[from] item: Leftovers\n|upkeep\n|\n|t:|1700767031\n|switch|p1a: Enamorus|Enamorus, F|87\/100\n|turn|21\n|\n|t:|1700767036\n|switch|p2a: Landorus|Landorus-Therian, M|8\/100\n|-ability|p2a: Landorus|Intimidate|boost\n|-unboost|p1a: Enamorus|atk|1\n|move|p1a: Enamorus|Moonblast|p2a: Landorus\n|-damage|p2a: Landorus|0 fnt\n|faint|p2a: Landorus\n|\n|upkeep\n|\n|t:|1700767043\n|switch|p2a: Hatterene|Hatterene, F|55\/100 tox\n|turn|22\n|\n|t:|1700767046\n|move|p1a: Enamorus|Moonblast|p2a: Hatterene\n|-damage|p2a: Hatterene|12\/100 tox\n|move|p2a: Hatterene|Draining Kiss|p1a: Enamorus\n|-damage|p1a: Enamorus|45\/100\n|-heal|p2a: Hatterene|47\/100 tox|[from] drain|[of] p1a: Enamorus\n|\n|-damage|p2a: Hatterene|41\/100 tox|[from] psn\n|upkeep\n|turn|23\n|\n|t:|1700767057\n|switch|p1a: Kingambit|Kingambit, F|26\/100\n|-activate|p1a: Kingambit|ability: Supreme Overlord\n|-start|p1a: Kingambit|fallen4|[silent]\n|switch|p2a: Blissey|Blissey, F|93\/100\n|\n|upkeep\n|turn|24\n|\n|t:|1700767063\n|move|p2a: Blissey|Seismic Toss|p1a: Kingambit\n|-damage|p1a: Kingambit|1\/100\n|move|p1a: Kingambit|Brick Break|p2a: Blissey\n|-supereffective|p2a: Blissey\n|-damage|p2a: Blissey|0 fnt\n|faint|p2a: Blissey\n|\n|upkeep\n|\n|t:|1700767070\n|switch|p2a: Weezing|Weezing-Galar, M|57\/100\n|turn|25\n|\n|t:|1700767079\n|move|p1a: Kingambit|Sucker Punch|p2a: Weezing\n|-resisted|p2a: Weezing\n|-damage|p2a: Weezing|35\/100\n|move|p2a: Weezing|Strange Steam|p1a: Kingambit\n|-damage|p1a: Kingambit|0 fnt\n|faint|p1a: Kingambit\n|-end|p1a: Kingambit|fallen4|[silent]\n|\n|-heal|p2a: Weezing|41\/100|[from] item: Leftovers\n|upkeep\n|\n|t:|1700767083\n|switch|p1a: Enamorus|Enamorus, F|45\/100\n|turn|26\n|\n|t:|1700767089\n|-terastallize|p1a: Enamorus|Ground\n|move|p1a: Enamorus|Moonblast|p2a: Weezing\n|-resisted|p2a: Weezing\n|-damage|p2a: Weezing|0 fnt\n|faint|p2a: Weezing\n|\n|upkeep\n|\n|t:|1700767094\n|switch|p2a: Hatterene|Hatterene, F|41\/100 tox\n|turn|27\n|c|\u2606Mantis God is Op|gg wp\n|\n|t:|1700767101\n|move|p1a: Enamorus|Moonblast|p2a: Hatterene\n|-damage|p2a: Hatterene|0 fnt\n|faint|p2a: Hatterene\n|\n|win|Mantis God is Op\n|raw|Mantis God is Op's rating: 1378 &rarr; <strong>1393<\/strong><br \/>(+15 for winning)\n|raw|uu nu trainer's rating: 1287 &rarr; <strong>1268<\/strong><br \/>(-19 for losing)\n|l|\u2606uu nu trainer\n","uploadtime":1700767111,"views":7,"p1id":"mantisgodisop","p2id":"uunutrainer","formatid":"gen9ou","rating":1268,"private":0,"password":""}