{"id":"gen9ou-1991044910","p1":"Peratest","p2":"zDarky","format":"[Gen 9] OU","log":"|j|\u2606Peratest\n|j|\u2606zDarky\n|t:|1700033748\n|gametype|singles\n|player|p1|Peratest|linebacker|1605\n|player|p2|zDarky|zinnia|1601\n|teamsize|p1|6\n|teamsize|p2|6\n|gen|9\n|tier|[Gen 9] OU\n|rated|\n|rule|Sleep Clause Mod: Limit one foe put to sleep\n|rule|Species Clause: Limit one of each Pok\u00e9mon\n|rule|OHKO Clause: OHKO moves are banned\n|rule|Evasion Items Clause: Evasion items are banned\n|rule|Evasion Moves Clause: Evasion moves are banned\n|rule|Endless Battle Clause: Forcing endless battles is banned\n|rule|HP Percentage Mod: HP is shown in percentages\n|clearpoke\n|poke|p1|Ogerpon, F|\n|poke|p1|Dragonite, M|\n|poke|p1|Iron Valiant|\n|poke|p1|Ursaluna, M|\n|poke|p1|Corviknight, M|\n|poke|p1|Zamazenta-*|\n|poke|p2|Maushold|\n|poke|p2|Rillaboom, F|\n|poke|p2|Great Tusk|\n|poke|p2|Heatran, F|\n|poke|p2|Enamorus, F|\n|poke|p2|Kingambit, F|\n|teampreview\n|inactive|Battle timer is ON: inactive players will automatically lose when time's up. (requested by zDarky)\n|\n|t:|1700033767\n|start\n|switch|p1a: Ursaluna|Ursaluna, M, shiny|100\/100\n|switch|p2a: Heatran|Heatran, F|100\/100\n|turn|1\n|\n|t:|1700033778\n|switch|p2a: Rillaboom|Rillaboom, F|100\/100\n|-fieldstart|move: Grassy Terrain|[from] ability: Grassy Surge|[of] p2a: Rillaboom\n|move|p1a: Ursaluna|Earthquake|p2a: Rillaboom\n|-resisted|p2a: Rillaboom\n|-damage|p2a: Rillaboom|84\/100\n|\n|-heal|p2a: Rillaboom|90\/100|[from] Grassy Terrain\n|upkeep\n|turn|2\n|\n|t:|1700033789\n|switch|p1a: Corviknight|Corviknight, M, shiny|100\/100\n|-ability|p1a: Corviknight|Pressure\n|move|p2a: Rillaboom|Knock Off|p1a: Corviknight\n|-damage|p1a: Corviknight|71\/100\n|-damage|p2a: Rillaboom|74\/100|[from] item: Rocky Helmet|[of] p1a: Corviknight\n|-enditem|p1a: Corviknight|Rocky Helmet|[from] move: Knock Off|[of] p2a: Rillaboom\n|\n|-heal|p2a: Rillaboom|80\/100|[from] Grassy Terrain\n|upkeep\n|turn|3\n|\n|t:|1700033801\n|switch|p2a: Heatran|Heatran, F|100\/100\n|move|p1a: Corviknight|U-turn|p2a: Heatran\n|-resisted|p2a: Heatran\n|-damage|p2a: Heatran|98\/100\n|\n|t:|1700033808\n|switch|p1a: Zamazenta|Zamazenta, shiny|100\/100|[from] U-turn\n|-ability|p1a: Zamazenta|Dauntless Shield|boost\n|-boost|p1a: Zamazenta|def|1\n|\n|-heal|p2a: Heatran|100\/100|[from] Grassy Terrain\n|upkeep\n|turn|4\n|\n|t:|1700033819\n|switch|p2a: Enamorus|Enamorus, F|100\/100\n|move|p1a: Zamazenta|Close Combat|p2a: Enamorus\n|-resisted|p2a: Enamorus\n|-damage|p2a: Enamorus|64\/100\n|-unboost|p1a: Zamazenta|def|1\n|-unboost|p1a: Zamazenta|spd|1\n|\n|upkeep\n|turn|5\n|inactive|zDarky has 120 seconds left.\n|inactive|zDarky has 90 seconds left.\n|inactive|zDarky has 60 seconds left.\n|\n|t:|1700033934\n|switch|p1a: Corviknight|Corviknight, M, shiny|71\/100\n|-ability|p1a: Corviknight|Pressure\n|move|p2a: Enamorus|Mystical Fire|p1a: Corviknight\n|-supereffective|p1a: Corviknight\n|-damage|p1a: Corviknight|19\/100\n|-unboost|p1a: Corviknight|spa|1\n|\n|-fieldend|move: Grassy Terrain\n|upkeep\n|turn|6\n|\n|t:|1700033945\n|switch|p1a: Ursaluna|Ursaluna, M, shiny|100\/100\n|move|p2a: Enamorus|Mystical Fire|p1a: Ursaluna\n|-damage|p1a: Ursaluna|86\/100\n|-unboost|p1a: Ursaluna|spa|1\n|\n|upkeep\n|turn|7\n|\n|t:|1700033959\n|switch|p2a: Heatran|Heatran, F|100\/100\n|move|p1a: Ursaluna|Body Slam|p2a: Heatran\n|-resisted|p2a: Heatran\n|-damage|p2a: Heatran|79\/100\n|\n|-heal|p2a: Heatran|85\/100|[from] item: Leftovers\n|upkeep\n|turn|8\n|inactive|zDarky has 60 seconds left.\n|\n|t:|1700033971\n|switch|p2a: Rillaboom|Rillaboom, F|80\/100\n|-fieldstart|move: Grassy Terrain|[from] ability: Grassy Surge|[of] p2a: Rillaboom\n|move|p1a: Ursaluna|Earthquake|p2a: Rillaboom\n|-resisted|p2a: Rillaboom\n|-damage|p2a: Rillaboom|64\/100\n|\n|-heal|p2a: Rillaboom|70\/100|[from] Grassy Terrain\n|-heal|p1a: Ursaluna|92\/100|[from] Grassy Terrain\n|upkeep\n|turn|9\n|\n|t:|1700033985\n|switch|p1a: Corviknight|Corviknight, M, shiny|19\/100\n|-ability|p1a: Corviknight|Pressure\n|move|p2a: Rillaboom|Wood Hammer|p1a: Corviknight\n|-resisted|p1a: Corviknight\n|-damage|p1a: Corviknight|0 fnt\n|faint|p1a: Corviknight\n|-damage|p2a: Rillaboom|63\/100|[from] Recoil\n|\n|-heal|p2a: Rillaboom|69\/100|[from] Grassy Terrain\n|upkeep\n|\n|t:|1700033999\n|switch|p1a: Ogerpon|Ogerpon, F|100\/100\n|turn|10\n|\n|t:|1700034006\n|switch|p2a: devindian|Kingambit, F|100\/100\n|move|p1a: Ogerpon|Low Kick|p2a: devindian\n|-supereffective|p2a: devindian\n|-damage|p2a: devindian|0 fnt\n|faint|p2a: devindian\n|-end|p2a: devindian|fallenundefined|[silent]\n|\n|upkeep\n|\n|t:|1700034015\n|switch|p2a: Maushold|Maushold|100\/100\n|turn|11\n|\n|t:|1700034029\n|switch|p1a: Iron Valiant|Iron Valiant, shiny|100\/100\n|-enditem|p1a: Iron Valiant|Booster Energy\n|-activate|p1a: Iron Valiant|ability: Quark Drive|[fromitem]\n|-start|p1a: Iron Valiant|quarkdrivespe\n|move|p2a: Maushold|Population Bomb|p1a: Iron Valiant\n|-damage|p1a: Iron Valiant|86\/100\n|-damage|p1a: Iron Valiant|70\/100\n|-damage|p1a: Iron Valiant|54\/100\n|-damage|p1a: Iron Valiant|41\/100\n|-damage|p1a: Iron Valiant|25\/100\n|-damage|p1a: Iron Valiant|12\/100\n|-damage|p1a: Iron Valiant|0 fnt\n|faint|p1a: Iron Valiant\n|-end|p1a: Iron Valiant|Quark Drive|[silent]\n|-hitcount|p1: Iron Valiant|7\n|\n|upkeep\n|\n|t:|1700034047\n|switch|p1a: Zamazenta|Zamazenta, shiny|100\/100\n|turn|12\n|\n|t:|1700034056\n|-terastallize|p2a: Maushold|Ghost\n|move|p1a: Zamazenta|Crunch|p2a: Maushold\n|-supereffective|p2a: Maushold\n|-damage|p2a: Maushold|0 fnt\n|faint|p2a: Maushold\n|\n|-fieldend|move: Grassy Terrain\n|upkeep\n|inactive|zDarky has 90 seconds left.\n|\n|t:|1700034071\n|switch|p2a: Great Tusk|Great Tusk|100\/100\n|turn|13\n|\n|t:|1700034075\n|switch|p1a: Ogerpon|Ogerpon, F|100\/100\n|move|p2a: Great Tusk|Bulk Up|p2a: Great Tusk\n|-boost|p2a: Great Tusk|atk|1\n|-boost|p2a: Great Tusk|def|1\n|\n|upkeep\n|turn|14\n|\n|t:|1700034083\n|-terastallize|p1a: Ogerpon|Grass\n|detailschange|p1a: Ogerpon|Ogerpon-Teal-Tera, F, tera:Grass\n|-ability|p1a: Ogerpon|Embody Aspect (Teal)|boost\n|-boost|p1a: Ogerpon|spe|1\n|move|p1a: Ogerpon|Ivy Cudgel|p2a: Great Tusk\n|-supereffective|p2a: Great Tusk\n|-damage|p2a: Great Tusk|19\/100\n|move|p2a: Great Tusk|Rapid Spin|p1a: Ogerpon\n|-damage|p1a: Ogerpon|71\/100\n|-boost|p2a: Great Tusk|spe|1\n|\n|-heal|p2a: Great Tusk|26\/100|[from] item: Leftovers\n|upkeep\n|turn|15\n|\n|t:|1700034097\n|-end|p2a: Great Tusk|Protosynthesis|[silent]\n|switch|p2a: Heatran|Heatran, F|85\/100\n|move|p1a: Ogerpon|Ivy Cudgel|p2a: Heatran\n|-resisted|p2a: Heatran\n|-damage|p2a: Heatran|66\/100\n|\n|-heal|p2a: Heatran|72\/100|[from] item: Leftovers\n|upkeep\n|turn|16\n|inactive|zDarky has 120 seconds left.\n|\n|t:|1700034107\n|switch|p1a: Ursaluna|Ursaluna, M, shiny|92\/100\n|move|p2a: Heatran|Magma Storm|p1a: Ursaluna\n|-damage|p1a: Ursaluna|70\/100\n|-activate|p1a: Ursaluna|move: Magma Storm|[of] p2a: Heatran\n|\n|-heal|p2a: Heatran|78\/100|[from] item: Leftovers\n|-damage|p1a: Ursaluna|57\/100|[from] move: Magma Storm|[partiallytrapped]\n|upkeep\n|turn|17\n|\n|t:|1700034119\n|move|p2a: Heatran|Stealth Rock|p1a: Ursaluna\n|-sidestart|p1: Peratest|move: Stealth Rock\n|move|p1a: Ursaluna|Drain Punch|p2a: Heatran\n|-supereffective|p2a: Heatran\n|-damage|p2a: Heatran|28\/100\n|-heal|p1a: Ursaluna|80\/100|[from] drain|[of] p2a: Heatran\n|\n|-heal|p2a: Heatran|34\/100|[from] item: Leftovers\n|-damage|p1a: Ursaluna|68\/100|[from] move: Magma Storm|[partiallytrapped]\n|upkeep\n|turn|18\n|-message|zDarky forfeited.\n|\n|win|Peratest\n|raw|Peratest's rating: 1605 &rarr; <strong>1625<\/strong><br \/>(+20 for winning)\n|raw|zDarky's rating: 1601 &rarr; <strong>1581<\/strong><br \/>(-20 for losing)\n|l|\u2606zDarky\n","uploadtime":1700034142,"views":8,"p1id":"peratest","p2id":"zdarky","formatid":"gen9ou","rating":1581,"private":0,"password":""}