{"id":"gen9ou-1989364769","p1":"Charmalane","p2":"skulljester29","format":"[Gen 9] OU","log":"|j|\u2606Charmalane\n|j|\u2606skulljester29\n|t:|1699841150\n|gametype|singles\n|player|p1|Charmalane|brawly|1602\n|player|p2|skulljester29|firebreather|1750\n|teamsize|p1|6\n|teamsize|p2|6\n|gen|9\n|tier|[Gen 9] OU\n|rated|\n|rule|Sleep Clause Mod: Limit one foe put to sleep\n|rule|Species Clause: Limit one of each Pok\u00e9mon\n|rule|OHKO Clause: OHKO moves are banned\n|rule|Evasion Items Clause: Evasion items are banned\n|rule|Evasion Moves Clause: Evasion moves are banned\n|rule|Endless Battle Clause: Forcing endless battles is banned\n|rule|HP Percentage Mod: HP is shown in percentages\n|clearpoke\n|poke|p1|Dragapult, M|\n|poke|p1|Weavile, M|\n|poke|p1|Ursaluna, M|\n|poke|p1|Alomomola, F|\n|poke|p1|Weezing-Galar, M|\n|poke|p1|Landorus-Therian, M|\n|poke|p2|Amoonguss, F|\n|poke|p2|Iron Valiant|\n|poke|p2|Sandy Shocks|\n|poke|p2|Rotom-Wash|\n|poke|p2|Hydreigon, F|\n|poke|p2|Cinderace, F|\n|teampreview\n|\n|t:|1699841167\n|start\n|switch|p1a: Diplo|Dragapult, M|100\/100\n|switch|p2a: Sandy Shocks|Sandy Shocks|100\/100\n|turn|1\n|\n|t:|1699841175\n|-terastallize|p2a: Sandy Shocks|Ice\n|move|p1a: Diplo|U-turn|p2a: Sandy Shocks\n|-crit|p2a: Sandy Shocks\n|-damage|p2a: Sandy Shocks|72\/100\n|\n|t:|1699841197\n|switch|p1a: Shadow|Weavile, M|100\/100|[from] U-turn\n|-ability|p1a: Shadow|Pressure\n|move|p2a: Sandy Shocks|Tera Blast|p1a: Shadow|[anim] Tera Blast Ice\n|-resisted|p1a: Shadow\n|-damage|p1a: Shadow|75\/100\n|\n|upkeep\n|turn|2\n|\n|t:|1699841204\n|-end|p2a: Sandy Shocks|Protosynthesis|[silent]\n|switch|p2a: Rotom|Rotom-Wash|100\/100\n|move|p1a: Shadow|Knock Off|p2a: Rotom\n|-damage|p2a: Rotom|58\/100\n|-enditem|p2a: Rotom|Leftovers|[from] move: Knock Off|[of] p1a: Shadow\n|\n|upkeep\n|turn|3\n|\n|t:|1699841214\n|switch|p1a: Diplo|Dragapult, M|100\/100\n|move|p2a: Rotom|Thunder Wave|p1a: Diplo\n|-status|p1a: Diplo|par\n|\n|upkeep\n|turn|4\n|\n|t:|1699841222\n|move|p2a: Rotom|Protect|p2a: Rotom\n|-singleturn|p2a: Rotom|Protect\n|move|p1a: Diplo|Draco Meteor|p2a: Rotom\n|-activate|p2a: Rotom|move: Protect\n|\n|upkeep\n|turn|5\n|\n|t:|1699841262\n|switch|p2a: Iron Valiant|Iron Valiant|100\/100\n|-enditem|p2a: Iron Valiant|Booster Energy\n|-activate|p2a: Iron Valiant|ability: Quark Drive|[fromitem]\n|-start|p2a: Iron Valiant|quarkdrivespe\n|move|p1a: Diplo|Draco Meteor|p2a: Iron Valiant\n|-immune|p2a: Iron Valiant\n|\n|upkeep\n|turn|6\n|\n|t:|1699841272\n|switch|p1a: Jasper|Landorus-Therian, M|100\/100\n|-ability|p1a: Jasper|Intimidate|boost\n|-unboost|p2a: Iron Valiant|atk|1\n|move|p2a: Iron Valiant|Knock Off|p1a: Jasper\n|-damage|p1a: Jasper|78\/100\n|-enditem|p1a: Jasper|Leftovers|[from] move: Knock Off|[of] p2a: Iron Valiant\n|\n|upkeep\n|turn|7\n|\n|t:|1699841280\n|-end|p2a: Iron Valiant|Quark Drive|[silent]\n|switch|p2a: Rotom|Rotom-Wash|58\/100\n|move|p1a: Jasper|Earthquake|p2a: Rotom\n|-immune|p2a: Rotom|[from] ability: Levitate\n|\n|upkeep\n|turn|8\n|\n|t:|1699841287\n|move|p1a: Jasper|Stealth Rock|p2a: Rotom\n|-sidestart|p2: skulljester29|move: Stealth Rock\n|move|p2a: Rotom|Hydro Pump|p1a: Jasper\n|-supereffective|p1a: Jasper\n|-damage|p1a: Jasper|17\/100\n|\n|upkeep\n|turn|9\n|\n|t:|1699841292\n|move|p1a: Jasper|Stone Edge|p2a: Rotom\n|-damage|p2a: Rotom|26\/100\n|move|p2a: Rotom|Hydro Pump|p1a: Jasper\n|-supereffective|p1a: Jasper\n|-damage|p1a: Jasper|0 fnt\n|faint|p1a: Jasper\n|\n|upkeep\n|\n|t:|1699841301\n|switch|p1a: Shadow|Weavile, M|75\/100\n|-ability|p1a: Shadow|Pressure\n|turn|10\n|\n|t:|1699841305\n|move|p1a: Shadow|Knock Off|p2a: Rotom\n|-damage|p2a: Rotom|0 fnt\n|faint|p2a: Rotom\n|\n|upkeep\n|\n|t:|1699841308\n|switch|p2a: Cinderace|Cinderace, F|100\/100\n|turn|11\n|\n|t:|1699841322\n|switch|p1a: Ponyo|Alomomola, F|100\/100\n|move|p2a: Cinderace|Pyro Ball|p1a: Ponyo\n|-resisted|p1a: Ponyo\n|-damage|p1a: Ponyo|85\/100\n|\n|upkeep\n|turn|12\n|\n|t:|1699841335\n|move|p2a: Cinderace|Court Change|p2a: Cinderace\n|-start|p2a: Cinderace|typechange|Normal|[from] ability: Libero\n|-swapsideconditions\n|-activate|p2a: Cinderace|move: Court Change\n|move|p1a: Ponyo|Flip Turn|p2a: Cinderace\n|-damage|p2a: Cinderace|78\/100\n|\n|t:|1699841344\n|switch|p1a: Shadow|Weavile, M|75\/100|[from] Flip Turn\n|-ability|p1a: Shadow|Pressure\n|\n|upkeep\n|turn|13\n|\n|t:|1699841371\n|-terastallize|p1a: Shadow|Ice\n|move|p1a: Shadow|Icicle Crash|p2a: Cinderace\n|-damage|p2a: Cinderace|0 fnt\n|faint|p2a: Cinderace\n|\n|upkeep\n|\n|t:|1699841377\n|switch|p2a: Iron Valiant|Iron Valiant|100\/100\n|turn|14\n|\n|t:|1699841405\n|switch|p1a: Doug Dimmadome|Weezing-Galar, M|100\/100\n|-ability|p1a: Doug Dimmadome|Neutralizing Gas\n|move|p2a: Iron Valiant|Close Combat|p1a: Doug Dimmadome\n|-resisted|p1a: Doug Dimmadome\n|-damage|p1a: Doug Dimmadome|90\/100\n|-unboost|p2a: Iron Valiant|def|1\n|-unboost|p2a: Iron Valiant|spd|1\n|\n|upkeep\n|turn|15\n|\n|t:|1699841416\n|-end|p2a: Iron Valiant|Quark Drive|[silent]\n|switch|p2a: Amoonguss|Amoonguss, F|100\/100\n|move|p1a: Doug Dimmadome|Will-O-Wisp|p2a: Amoonguss|[miss]\n|-miss|p1a: Doug Dimmadome|p2a: Amoonguss\n|\n|upkeep\n|turn|16\n|\n|t:|1699841424\n|-end|p1a: Doug Dimmadome|ability: Neutralizing Gas\n|switch|p1a: Diplo|Dragapult, M|100\/100 par\n|-damage|p1a: Diplo|88\/100 par|[from] Stealth Rock\n|move|p2a: Amoonguss|Sludge Bomb|p1a: Diplo\n|-resisted|p1a: Diplo\n|-damage|p1a: Diplo|70\/100 par\n|\n|upkeep\n|turn|17\n|\n|t:|1699841440\n|switch|p2a: Hydreigon|Hydreigon, F|100\/100\n|cant|p1a: Diplo|par\n|\n|upkeep\n|turn|18\n|\n|t:|1699841452\n|move|p2a: Hydreigon|Dark Pulse|p1a: Diplo\n|-supereffective|p1a: Diplo\n|-damage|p1a: Diplo|0 fnt\n|faint|p1a: Diplo\n|-damage|p2a: Hydreigon|91\/100|[from] item: Life Orb\n|\n|upkeep\n|\n|t:|1699841476\n|switch|p1a: Shadow|Weavile, M, tera:Ice|75\/100\n|-ability|p1a: Shadow|Pressure\n|turn|19\n|\n|t:|1699841493\n|switch|p1a: Doug Dimmadome|Weezing-Galar, M|90\/100\n|-ability|p1a: Doug Dimmadome|Neutralizing Gas\n|switch|p2a: Amoonguss|Amoonguss, F|100\/100\n|\n|upkeep\n|turn|20\n|\n|t:|1699841504\n|move|p1a: Doug Dimmadome|Will-O-Wisp|p2a: Amoonguss\n|-status|p2a: Amoonguss|brn\n|move|p2a: Amoonguss|Spore|p1a: Doug Dimmadome\n|-status|p1a: Doug Dimmadome|slp|[from] move: Spore\n|\n|-damage|p2a: Amoonguss|94\/100 brn|[from] brn\n|upkeep\n|turn|21\n|\n|t:|1699841512\n|-end|p1a: Doug Dimmadome|ability: Neutralizing Gas\n|switch|p1a: Banjo|Ursaluna, M|100\/100\n|-damage|p1a: Banjo|94\/100|[from] Stealth Rock\n|move|p2a: Amoonguss|Sludge Bomb|p1a: Banjo\n|-resisted|p1a: Banjo\n|-damage|p1a: Banjo|81\/100\n|\n|-damage|p2a: Amoonguss|88\/100 brn|[from] brn\n|-status|p1a: Banjo|brn|[from] item: Flame Orb\n|upkeep\n|turn|22\n|\n|t:|1699841522\n|move|p1a: Banjo|Facade|p2a: Amoonguss\n|-damage|p2a: Amoonguss|0 fnt\n|faint|p2a: Amoonguss\n|\n|-damage|p1a: Banjo|75\/100 brn|[from] brn\n|upkeep\n|\n|t:|1699841528\n|switch|p2a: Sandy Shocks|Sandy Shocks, tera:Ice|72\/100\n|turn|23\n|\n|t:|1699841539\n|switch|p1a: Ponyo|Alomomola, F|100\/100\n|-damage|p1a: Ponyo|88\/100|[from] Stealth Rock\n|move|p2a: Sandy Shocks|Tera Blast|p1a: Ponyo|[anim] Tera Blast Ice\n|-resisted|p1a: Ponyo\n|-damage|p1a: Ponyo|64\/100\n|\n|upkeep\n|turn|24\n|\n|t:|1699841551\n|move|p2a: Sandy Shocks|Thunderbolt|p1a: Ponyo\n|-supereffective|p1a: Ponyo\n|-damage|p1a: Ponyo|0 fnt\n|faint|p1a: Ponyo\n|\n|upkeep\n|\n|t:|1699841556\n|switch|p1a: Shadow|Weavile, M, tera:Ice|75\/100\n|-ability|p1a: Shadow|Pressure\n|turn|25\n|\n|t:|1699841565\n|move|p1a: Shadow|Knock Off|p2a: Sandy Shocks\n|-damage|p2a: Sandy Shocks|18\/100\n|-enditem|p2a: Sandy Shocks|Expert Belt|[from] move: Knock Off|[of] p1a: Shadow\n|move|p2a: Sandy Shocks|Thunderbolt|p1a: Shadow\n|-damage|p1a: Shadow|17\/100\n|-status|p1a: Shadow|par\n|\n|upkeep\n|turn|26\n|\n|t:|1699841572\n|move|p1a: Shadow|Ice Shard|p2a: Sandy Shocks\n|-resisted|p2a: Sandy Shocks\n|-damage|p2a: Sandy Shocks|3\/100\n|move|p2a: Sandy Shocks|Thunderbolt|p1a: Shadow\n|-damage|p1a: Shadow|0 fnt\n|faint|p1a: Shadow\n|\n|upkeep\n|\n|t:|1699841581\n|switch|p1a: Banjo|Ursaluna, M|75\/100 brn\n|-damage|p1a: Banjo|69\/100 brn|[from] Stealth Rock\n|turn|27\n|\n|t:|1699841585\n|move|p2a: Sandy Shocks|Tera Blast|p1a: Banjo|[anim] Tera Blast Ice\n|-supereffective|p1a: Banjo\n|-damage|p1a: Banjo|0 fnt\n|faint|p1a: Banjo\n|\n|upkeep\n|-message|Charmalane forfeited.\n|\n|win|skulljester29\n|raw|Charmalane's rating: 1602 &rarr; <strong>1590<\/strong><br \/>(-12 for losing)\n|raw|skulljester29's rating: 1750 &rarr; <strong>1762<\/strong><br \/>(+12 for winning)\n","uploadtime":1699841593,"views":17,"p1id":"charmalane","p2id":"skulljester29","formatid":"gen9ou","rating":1590,"private":0,"password":""}