{"id":"gen9ou-1999746858","p1":"Lean4khan","p2":"Lethimcooke","format":"[Gen 9] OU","log":"|j|\u2606Lean4khan\n|j|\u2606Lethimcooke\n|t:|1701113076\n|gametype|singles\n|player|p1|Lean4khan|266|1207\n|player|p2|Lethimcooke|alder|1194\n|teamsize|p1|6\n|teamsize|p2|6\n|gen|9\n|tier|[Gen 9] OU\n|rated|\n|rule|Sleep Clause Mod: Limit one foe put to sleep\n|rule|Species Clause: Limit one of each Pok\u00e9mon\n|rule|OHKO Clause: OHKO moves are banned\n|rule|Evasion Items Clause: Evasion items are banned\n|rule|Evasion Moves Clause: Evasion moves are banned\n|rule|Endless Battle Clause: Forcing endless battles is banned\n|rule|HP Percentage Mod: HP is shown in percentages\n|clearpoke\n|poke|p1|Slowking-Galar, M|\n|poke|p1|Rotom-Wash|\n|poke|p1|Cinderace, M|\n|poke|p1|Dondozo, M|\n|poke|p1|Garchomp, M|\n|poke|p1|Rillaboom, M|\n|poke|p2|Rillaboom, F|\n|poke|p2|Slowking-Galar, F|\n|poke|p2|Cinderace, F|\n|poke|p2|Ogerpon-Wellspring, F|\n|poke|p2|Kingambit, M|\n|poke|p2|Great Tusk|\n|teampreview\n|inactive|Battle timer is ON: inactive players will automatically lose when time's up. (requested by Lean4khan)\n|c|\u2606Lethimcooke|gl hf!\n|c|\u2606Lean4khan|You 2\n|c|\u2606Lethimcooke|its hard out here lmao\n|\n|t:|1701113108\n|start\n|switch|p1a: Rotom|Rotom-Wash|100\/100\n|switch|p2a: Cinderace|Cinderace, F|100\/100\n|turn|1\n|\n|t:|1701113126\n|switch|p2a: Rillaboom|Rillaboom, F|100\/100\n|-fieldstart|move: Grassy Terrain|[from] ability: Grassy Surge|[of] p2a: Rillaboom\n|move|p1a: Rotom|Trick|p2a: Rillaboom\n|-activate|p1a: Rotom|move: Trick|[of] p2a: Rillaboom\n|-item|p2a: Rillaboom|Choice Scarf|[from] move: Trick\n|-item|p1a: Rotom|Assault Vest|[from] move: Trick\n|\n|upkeep\n|turn|2\n|\n|t:|1701113152\n|switch|p1a: Slowking|Slowking-Galar, M|100\/100\n|move|p2a: Rillaboom|Wood Hammer|p1a: Slowking\n|-resisted|p1a: Slowking\n|-damage|p1a: Slowking|52\/100\n|-damage|p2a: Rillaboom|86\/100|[from] Recoil\n|\n|-heal|p2a: Rillaboom|93\/100|[from] Grassy Terrain\n|-heal|p1a: Slowking|58\/100|[from] Grassy Terrain\n|upkeep\n|turn|3\n|inactive|Lean4khan has 120 seconds left.\n|\n|t:|1701113167\n|switch|p2a: Slowking|Slowking-Galar, F|100\/100\n|move|p1a: Slowking|Sludge Bomb|p2a: Slowking\n|-resisted|p2a: Slowking\n|-damage|p2a: Slowking|85\/100\n|\n|-heal|p2a: Slowking|91\/100|[from] Grassy Terrain\n|-heal|p1a: Slowking|64\/100|[from] Grassy Terrain\n|-heal|p2a: Slowking|97\/100|[from] item: Leftovers\n|upkeep\n|turn|4\n|inactive|Lean4khan has 120 seconds left.\n|c|\u2606Lethimcooke|mirror mirror on the wall\n|\n|t:|1701113192\n|switch|p1a: Rotom|Rotom-Wash|100\/100\n|move|p2a: Slowking|Future Sight|p1a: Rotom\n|-start|p2a: Slowking|move: Future Sight\n|\n|-heal|p2a: Slowking|100\/100|[from] Grassy Terrain\n|upkeep\n|turn|5\n|\n|t:|1701113200\n|move|p1a: Rotom|Volt Switch|p2a: Slowking\n|-crit|p2a: Slowking\n|-damage|p2a: Slowking|69\/100\n|\n|t:|1701113204\n|switch|p1a: Slowking|Slowking-Galar, M|97\/100|[from] Volt Switch\n|move|p2a: Slowking|Chilly Reception|p2a: Slowking\n|-weather|Snow\n|\n|t:|1701113216\n|switch|p2a: Ogerpon|Ogerpon-Wellspring, F|100\/100|[from] Chilly Reception\n|\n|-weather|Snow|[upkeep]\n|-heal|p1a: Slowking|100\/100|[from] Grassy Terrain\n|-fieldend|move: Grassy Terrain\n|upkeep\n|turn|6\n|inactive|Lean4khan has 120 seconds left.\n|\n|t:|1701113234\n|switch|p2a: Kingambit|Kingambit, M|100\/100\n|move|p1a: Slowking|Psychic|p2a: Kingambit\n|-immune|p2a: Kingambit\n|\n|-weather|Snow|[upkeep]\n|-end|p1a: Slowking|move: Future Sight\n|-damage|p1a: Slowking|72\/100\n|upkeep\n|turn|7\n|inactive|Lean4khan has 120 seconds left.\n|\n|t:|1701113242\n|-terastallize|p1a: Slowking|Water\n|move|p2a: Kingambit|Swords Dance|p2a: Kingambit\n|-boost|p2a: Kingambit|atk|2\n|move|p1a: Slowking|Flamethrower|p2a: Kingambit\n|-supereffective|p2a: Kingambit\n|-damage|p2a: Kingambit|42\/100\n|\n|-weather|Snow|[upkeep]\n|upkeep\n|turn|8\n|inactive|Lean4khan has 120 seconds left.\n|\n|t:|1701113256\n|switch|p1a: Dondozo|Dondozo, M|100\/100\n|move|p2a: Kingambit|Kowtow Cleave|p1a: Dondozo\n|-damage|p1a: Dondozo|79\/100\n|\n|-weather|Snow|[upkeep]\n|-heal|p1a: Dondozo|85\/100|[from] item: Leftovers\n|upkeep\n|turn|9\n|inactive|Lean4khan has 120 seconds left.\n|\n|t:|1701113273\n|-end|p2a: Kingambit|fallenundefined|[silent]\n|switch|p2a: Ogerpon|Ogerpon-Wellspring, F|100\/100\n|switch|p1a: Rillaboom|Rillaboom, M|100\/100\n|-fieldstart|move: Grassy Terrain|[from] ability: Grassy Surge|[of] p1a: Rillaboom\n|\n|-weather|none\n|upkeep\n|turn|10\n|\n|t:|1701113283\n|move|p1a: Rillaboom|Grassy Glide|p2a: Ogerpon\n|-damage|p2a: Ogerpon|50\/100\n|-damage|p1a: Rillaboom|91\/100|[from] item: Life Orb\n|move|p2a: Ogerpon|Spikes|p1a: Rillaboom\n|-sidestart|p1: Lean4khan|Spikes\n|\n|-heal|p2a: Ogerpon|56\/100|[from] Grassy Terrain\n|-heal|p1a: Rillaboom|97\/100|[from] Grassy Terrain\n|upkeep\n|turn|11\n|\n|t:|1701113304\n|move|p2a: Ogerpon|Horn Leech|p1a: Rillaboom\n|-resisted|p1a: Rillaboom\n|-damage|p1a: Rillaboom|70\/100\n|-heal|p2a: Ogerpon|71\/100|[from] drain|[of] p1a: Rillaboom\n|move|p1a: Rillaboom|Bulk Up|p1a: Rillaboom\n|-boost|p1a: Rillaboom|atk|1\n|-boost|p1a: Rillaboom|def|1\n|\n|-heal|p2a: Ogerpon|77\/100|[from] Grassy Terrain\n|-heal|p1a: Rillaboom|76\/100|[from] Grassy Terrain\n|upkeep\n|turn|12\n|\n|t:|1701113320\n|move|p2a: Ogerpon|Encore|p1a: Rillaboom\n|-start|p1a: Rillaboom|Encore\n|move|p1a: Rillaboom|Bulk Up|p1a: Rillaboom\n|-boost|p1a: Rillaboom|atk|1\n|-boost|p1a: Rillaboom|def|1\n|\n|-heal|p2a: Ogerpon|83\/100|[from] Grassy Terrain\n|-heal|p1a: Rillaboom|82\/100|[from] Grassy Terrain\n|upkeep\n|turn|13\n|c|\u2606Lean4khan|Oooo encore\n|inactive|Lean4khan has 120 seconds left.\n|\n|t:|1701113338\n|move|p2a: Ogerpon|Spikes|p1a: Rillaboom\n|-sidestart|p1: Lean4khan|Spikes\n|move|p1a: Rillaboom|Bulk Up|p1a: Rillaboom\n|-boost|p1a: Rillaboom|atk|1\n|-boost|p1a: Rillaboom|def|1\n|\n|-heal|p2a: Ogerpon|89\/100|[from] Grassy Terrain\n|-heal|p1a: Rillaboom|88\/100|[from] Grassy Terrain\n|-fieldend|move: Grassy Terrain\n|upkeep\n|turn|14\n|c|\u2606Lethimcooke|bulk up rilla is scary lmao\n|inactive|Lean4khan has 120 seconds left.\n|\n|t:|1701113357\n|switch|p1a: Cinderace|Cinderace, M|100\/100\n|move|p2a: Ogerpon|Horn Leech|p1a: Cinderace\n|-resisted|p1a: Cinderace\n|-damage|p1a: Cinderace|77\/100\n|-heal|p2a: Ogerpon|100\/100|[from] drain|[of] p1a: Cinderace\n|\n|upkeep\n|turn|15\n|inactive|Lean4khan has 120 seconds left.\n|\n|t:|1701113376\n|switch|p2a: Great Tusk|Great Tusk|100\/100\n|move|p1a: Cinderace|U-turn|p2a: Great Tusk\n|-start|p1a: Cinderace|typechange|Bug|[from] ability: Libero\n|-resisted|p2a: Great Tusk\n|-damage|p2a: Great Tusk|92\/100\n|\n|t:|1701113396\n|switch|p1a: Rotom|Rotom-Wash|100\/100|[from] U-turn\n|\n|upkeep\n|turn|16\n|\n|t:|1701113424\n|-end|p2a: Great Tusk|Protosynthesis|[silent]\n|switch|p2a: Slowking|Slowking-Galar, F|100\/100\n|move|p1a: Rotom|Hydro Pump|p2a: Slowking\n|-crit|p2a: Slowking\n|-damage|p2a: Slowking|58\/100\n|\n|-heal|p2a: Slowking|64\/100|[from] item: Leftovers\n|upkeep\n|turn|17\n|\n|t:|1701113433\n|move|p2a: Slowking|Protect|p2a: Slowking\n|-singleturn|p2a: Slowking|Protect\n|move|p1a: Rotom|Volt Switch|p2a: Slowking\n|-activate|p2a: Slowking|move: Protect\n|\n|-heal|p2a: Slowking|70\/100|[from] item: Leftovers\n|upkeep\n|turn|18\n|\n|t:|1701113445\n|move|p1a: Rotom|Hydro Pump|p2a: Slowking\n|-damage|p2a: Slowking|39\/100\n|move|p2a: Slowking|Sludge Bomb|p1a: Rotom\n|-damage|p1a: Rotom|69\/100\n|-status|p1a: Rotom|psn\n|\n|-heal|p2a: Slowking|45\/100|[from] item: Leftovers\n|-damage|p1a: Rotom|57\/100 psn|[from] psn\n|upkeep\n|turn|19\n|\n|t:|1701113453\n|switch|p1a: Cinderace|Cinderace, M|77\/100\n|move|p2a: Slowking|Protect||[still]\n|-fail|p2a: Slowking\n|\n|-heal|p2a: Slowking|51\/100|[from] item: Leftovers\n|upkeep\n|turn|20\n|\n|t:|1701113466\n|switch|p2a: Cinderace|Cinderace, F|100\/100\n|move|p1a: Cinderace|Will-O-Wisp|p2a: Cinderace\n|-immune|p2a: Cinderace\n|\n|upkeep\n|turn|21\n|\n|t:|1701113474\n|move|p2a: Cinderace|Sucker Punch||[still]\n|-fail|p2a: Cinderace\n|move|p1a: Cinderace|Court Change|p1a: Cinderace\n|-start|p1a: Cinderace|typechange|Normal|[from] ability: Libero\n|-swapsideconditions\n|-activate|p1a: Cinderace|move: Court Change\n|\n|upkeep\n|turn|22\n|c|\u2606Lethimcooke|ah\n|c|\u2606Lethimcooke|duh me\n|\n|t:|1701113495\n|move|p1a: Cinderace|U-turn|p2a: Cinderace\n|-resisted|p2a: Cinderace\n|-damage|p2a: Cinderace|88\/100\n|\n|t:|1701113505\n|switch|p1a: Slowking|Slowking-Galar, M, tera:Water|100\/100|[from] U-turn\n|move|p2a: Cinderace|Pyro Ball|p1a: Slowking\n|-resisted|p1a: Slowking\n|-damage|p1a: Slowking|69\/100\n|\n|upkeep\n|turn|23\n|\n|t:|1701113514\n|move|p2a: Cinderace|Sucker Punch|p1a: Slowking\n|-start|p2a: Cinderace|typechange|Dark|[from] ability: Libero\n|-damage|p1a: Slowking|34\/100\n|move|p1a: Slowking|Surf|p2a: Cinderace\n|-damage|p2a: Cinderace|31\/100\n|\n|upkeep\n|turn|24\n|\n|t:|1701113530\n|switch|p1a: Dondozo|Dondozo, M|85\/100\n|move|p2a: Cinderace|Sucker Punch||[still]\n|-fail|p2a: Cinderace\n|\n|-heal|p1a: Dondozo|91\/100|[from] item: Leftovers\n|upkeep\n|turn|25\n|\n|t:|1701113545\n|switch|p2a: Ogerpon|Ogerpon-Wellspring, F|100\/100\n|-damage|p2a: Ogerpon|84\/100|[from] Spikes\n|move|p1a: Dondozo|Liquidation|p2a: Ogerpon\n|-heal|p2a: Ogerpon|100\/100|[from] ability: Water Absorb|[of] p1a: Dondozo\n|\n|-heal|p1a: Dondozo|98\/100|[from] item: Leftovers\n|upkeep\n|turn|26\n|\n|t:|1701113556\n|switch|p1a: Cinderace|Cinderace, M|77\/100\n|move|p2a: Ogerpon|Spikes|p1a: Cinderace\n|-sidestart|p1: Lean4khan|Spikes\n|\n|upkeep\n|turn|27\n|\n|t:|1701113568\n|move|p1a: Cinderace|U-turn|p2a: Ogerpon\n|-start|p1a: Cinderace|typechange|Bug|[from] ability: Libero\n|-supereffective|p2a: Ogerpon\n|-damage|p2a: Ogerpon|45\/100\n|\n|t:|1701113575\n|switch|p1a: Rotom|Rotom-Wash|57\/100 psn|[from] U-turn\n|move|p2a: Ogerpon|Leech Seed|p1a: Rotom\n|-start|p1a: Rotom|move: Leech Seed\n|\n|-damage|p1a: Rotom|45\/100 psn|[from] Leech Seed|[of] p2a: Ogerpon\n|-heal|p2a: Ogerpon|55\/100|[silent]\n|-damage|p1a: Rotom|32\/100 psn|[from] psn\n|upkeep\n|turn|28\n|\n|t:|1701113589\n|switch|p2a: Rillaboom|Rillaboom, F|93\/100\n|-damage|p2a: Rillaboom|76\/100|[from] Spikes\n|-fieldstart|move: Grassy Terrain|[from] ability: Grassy Surge|[of] p2a: Rillaboom\n|move|p1a: Rotom|Volt Switch|p2a: Rillaboom\n|-resisted|p2a: Rillaboom\n|-damage|p2a: Rillaboom|58\/100\n|\n|t:|1701113603\n|switch|p1a: Garchomp|Garchomp, M|100\/100|[from] Volt Switch\n|-damage|p1a: Garchomp|88\/100|[from] Spikes\n|\n|-heal|p2a: Rillaboom|64\/100|[from] Grassy Terrain\n|-heal|p1a: Garchomp|94\/100|[from] Grassy Terrain\n|upkeep\n|turn|29\n|\n|t:|1701113618\n|move|p2a: Rillaboom|Wood Hammer|p1a: Garchomp\n|-damage|p1a: Garchomp|13\/100\n|-damage|p2a: Rillaboom|52\/100|[from] ability: Rough Skin|[of] p1a: Garchomp\n|-damage|p2a: Rillaboom|26\/100|[from] Recoil\n|move|p1a: Garchomp|Scale Shot|p2a: Rillaboom\n|-damage|p2a: Rillaboom|14\/100\n|-damage|p2a: Rillaboom|1\/100\n|-damage|p2a: Rillaboom|0 fnt\n|faint|p2a: Rillaboom\n|-hitcount|p2: Rillaboom|3\n|-unboost|p1a: Garchomp|def|1\n|-boost|p1a: Garchomp|spe|1\n|\n|-heal|p1a: Garchomp|19\/100|[from] Grassy Terrain\n|upkeep\n|\n|t:|1701113632\n|switch|p2a: Kingambit|Kingambit, M|42\/100\n|-activate|p2a: Kingambit|ability: Supreme Overlord\n|-start|p2a: Kingambit|fallen1|[silent]\n|turn|30\n|inactive|Lethimcooke has 120 seconds left.\n|\n|t:|1701113653\n|-end|p2a: Kingambit|fallen1|[silent]\n|switch|p2a: Great Tusk|Great Tusk|92\/100\n|move|p1a: Garchomp|Swords Dance|p1a: Garchomp\n|-boost|p1a: Garchomp|atk|2\n|\n|-heal|p1a: Garchomp|25\/100|[from] Grassy Terrain\n|-heal|p2a: Great Tusk|98\/100|[from] Grassy Terrain\n|upkeep\n|turn|31\n|\n|t:|1701113662\n|move|p1a: Garchomp|Scale Shot|p2a: Great Tusk\n|-damage|p2a: Great Tusk|83\/100\n|-damage|p2a: Great Tusk|67\/100\n|-damage|p2a: Great Tusk|52\/100\n|-damage|p2a: Great Tusk|37\/100\n|-hitcount|p2a: Great Tusk|4\n|-unboost|p1a: Garchomp|def|1\n|-boost|p1a: Garchomp|spe|1\n|move|p2a: Great Tusk|Ice Spinner|p1a: Garchomp\n|-supereffective|p1a: Garchomp\n|-damage|p1a: Garchomp|0 fnt\n|-damage|p2a: Great Tusk|24\/100|[from] ability: Rough Skin|[of] p1a: Garchomp\n|-fieldend|move: Grassy Terrain\n|faint|p1a: Garchomp\n|\n|upkeep\n|\n|t:|1701113679\n|switch|p1a: Rillaboom|Rillaboom, M|88\/100\n|-damage|p1a: Rillaboom|76\/100|[from] Spikes\n|-fieldstart|move: Grassy Terrain|[from] ability: Grassy Surge|[of] p1a: Rillaboom\n|turn|32\n|\n|t:|1701113685\n|move|p1a: Rillaboom|Grassy Glide|p2a: Great Tusk\n|-supereffective|p2a: Great Tusk\n|-crit|p2a: Great Tusk\n|-damage|p2a: Great Tusk|0 fnt\n|faint|p2a: Great Tusk\n|-end|p2a: Great Tusk|Protosynthesis|[silent]\n|-damage|p1a: Rillaboom|66\/100|[from] item: Life Orb\n|\n|-heal|p1a: Rillaboom|72\/100|[from] Grassy Terrain\n|upkeep\n|\n|t:|1701113693\n|switch|p2a: Slowking|Slowking-Galar, F|85\/100\n|-damage|p2a: Slowking|68\/100|[from] Spikes\n|turn|33\n|\n|t:|1701113701\n|switch|p1a: Slowking|Slowking-Galar, M, tera:Water|67\/100\n|-damage|p1a: Slowking|55\/100|[from] Spikes\n|move|p2a: Slowking|Sludge Bomb|p1a: Slowking\n|-damage|p1a: Slowking|36\/100\n|\n|-heal|p2a: Slowking|74\/100|[from] Grassy Terrain\n|-heal|p1a: Slowking|42\/100|[from] Grassy Terrain\n|-heal|p2a: Slowking|80\/100|[from] item: Leftovers\n|upkeep\n|turn|34\n|\n|t:|1701113713\n|move|p1a: Slowking|Psychic|p2a: Slowking\n|-damage|p2a: Slowking|52\/100\n|move|p2a: Slowking|Future Sight|p1a: Slowking\n|-start|p2a: Slowking|move: Future Sight\n|\n|-heal|p1a: Slowking|48\/100|[from] Grassy Terrain\n|-heal|p2a: Slowking|58\/100|[from] Grassy Terrain\n|-heal|p2a: Slowking|64\/100|[from] item: Leftovers\n|upkeep\n|turn|35\n|\n|t:|1701113729\n|switch|p1a: Cinderace|Cinderace, M|77\/100\n|move|p2a: Slowking|Sludge Bomb|p1a: Cinderace\n|-damage|p1a: Cinderace|30\/100\n|\n|-heal|p1a: Cinderace|36\/100|[from] Grassy Terrain\n|-heal|p2a: Slowking|70\/100|[from] Grassy Terrain\n|-heal|p2a: Slowking|76\/100|[from] item: Leftovers\n|upkeep\n|turn|36\n|\n|t:|1701113740\n|move|p2a: Slowking|Protect|p2a: Slowking\n|-singleturn|p2a: Slowking|Protect\n|move|p1a: Cinderace|U-turn|p2a: Slowking\n|-start|p1a: Cinderace|typechange|Bug|[from] ability: Libero\n|-activate|p2a: Slowking|move: Protect\n|\n|-end|p1a: Cinderace|move: Future Sight\n|-damage|p1a: Cinderace|0 fnt\n|faint|p1a: Cinderace\n|-heal|p2a: Slowking|82\/100|[from] Grassy Terrain\n|-heal|p2a: Slowking|88\/100|[from] item: Leftovers\n|-fieldend|move: Grassy Terrain\n|upkeep\n|c|\u2606Lean4khan|Forgot abt protect\n|c|\u2606Lethimcooke|:)\n|c|\u2606Lethimcooke|Dont forget khan\n|c|\u2606Lethimcooke|DONT\n|inactive|Lean4khan has 120 seconds left.\n|c|\u2606Lean4khan|My bad gang\n|c|\u2606Lethimcooke|all good fam\n|inactive|Lean4khan has 90 seconds left.\n|c|\u2606Lean4khan|Gangy pressed me got me squeezing\n|c|\u2606Lethimcooke|LOL\n|c|\u2606Lean4khan|Now idk what to do\n|\n|t:|1701113812\n|switch|p1a: Rotom|Rotom-Wash|32\/100 psn\n|turn|37\n|c|\u2606Lethimcooke|me either\n|\n|t:|1701113822\n|move|p2a: Slowking|Protect||[still]\n|-fail|p2a: Slowking\n|move|p1a: Rotom|Volt Switch|p2a: Slowking\n|-damage|p2a: Slowking|70\/100\n|\n|t:|1701113830\n|switch|p1a: Slowking|Slowking-Galar, M, tera:Water|82\/100|[from] Volt Switch\n|-damage|p1a: Slowking|69\/100|[from] Spikes\n|\n|-heal|p2a: Slowking|76\/100|[from] item: Leftovers\n|upkeep\n|turn|38\n|\n|t:|1701113839\n|switch|p1a: Dondozo|Dondozo, M|98\/100\n|-damage|p1a: Dondozo|85\/100|[from] Spikes\n|move|p2a: Slowking|Future Sight|p1a: Dondozo\n|-start|p2a: Slowking|move: Future Sight\n|\n|-heal|p1a: Dondozo|91\/100|[from] item: Leftovers\n|-heal|p2a: Slowking|82\/100|[from] item: Leftovers\n|upkeep\n|turn|39\n|\n|t:|1701113848\n|move|p1a: Dondozo|Curse|p1a: Dondozo\n|-unboost|p1a: Dondozo|spe|1\n|-boost|p1a: Dondozo|atk|1\n|-boost|p1a: Dondozo|def|1\n|move|p2a: Slowking|Chilly Reception|p2a: Slowking\n|-weather|Snow\n|\n|t:|1701113854\n|switch|p2a: Ogerpon|Ogerpon-Wellspring, F|55\/100|[from] Chilly Reception\n|-damage|p2a: Ogerpon|39\/100|[from] Spikes\n|\n|-weather|Snow|[upkeep]\n|-heal|p1a: Dondozo|97\/100|[from] item: Leftovers\n|upkeep\n|turn|40\n|\n|t:|1701113862\n|switch|p1a: Rillaboom|Rillaboom, M|72\/100\n|-damage|p1a: Rillaboom|60\/100|[from] Spikes\n|-fieldstart|move: Grassy Terrain|[from] ability: Grassy Surge|[of] p1a: Rillaboom\n|move|p2a: Ogerpon|Horn Leech|p1a: Rillaboom\n|-resisted|p1a: Rillaboom\n|-crit|p1a: Rillaboom\n|-damage|p1a: Rillaboom|19\/100\n|-heal|p2a: Ogerpon|61\/100|[from] drain|[of] p1a: Rillaboom\n|\n|-weather|Snow|[upkeep]\n|-end|p1a: Rillaboom|move: Future Sight\n|-damage|p1a: Rillaboom|0 fnt\n|faint|p1a: Rillaboom\n|-heal|p2a: Ogerpon|67\/100|[from] Grassy Terrain\n|upkeep\n|c|\u2606Lean4khan|Imma give you my mons atp\n|\n|t:|1701113886\n|switch|p1a: Slowking|Slowking-Galar, M, tera:Water|100\/100\n|-damage|p1a: Slowking|88\/100|[from] Spikes\n|turn|41\n|c|\u2606Lethimcooke|LMAO\n|\n|t:|1701113903\n|switch|p2a: Slowking|Slowking-Galar, F|100\/100\n|-damage|p2a: Slowking|84\/100|[from] Spikes\n|move|p1a: Slowking|Surf|p2a: Slowking\n|-damage|p2a: Slowking|56\/100\n|\n|-weather|Snow|[upkeep]\n|-heal|p1a: Slowking|94\/100|[from] Grassy Terrain\n|-heal|p2a: Slowking|62\/100|[from] Grassy Terrain\n|-heal|p2a: Slowking|68\/100|[from] item: Leftovers\n|upkeep\n|turn|42\n|\n|t:|1701113913\n|move|p1a: Slowking|Psychic|p2a: Slowking\n|-damage|p2a: Slowking|37\/100\n|move|p2a: Slowking|Future Sight|p1a: Slowking\n|-start|p2a: Slowking|move: Future Sight\n|\n|-weather|Snow|[upkeep]\n|-heal|p2a: Slowking|43\/100|[from] Grassy Terrain\n|-heal|p1a: Slowking|100\/100|[from] Grassy Terrain\n|-heal|p2a: Slowking|49\/100|[from] item: Leftovers\n|upkeep\n|turn|43\n|c|\u2606Lean4khan|I was trynna hea, ur min there but you switched\n|\n|t:|1701113933\n|move|p2a: Slowking|Protect|p2a: Slowking\n|-singleturn|p2a: Slowking|Protect\n|move|p1a: Slowking|Psychic|p2a: Slowking\n|-activate|p2a: Slowking|move: Protect\n|\n|-weather|none\n|-heal|p2a: Slowking|56\/100|[from] Grassy Terrain\n|-heal|p2a: Slowking|62\/100|[from] item: Leftovers\n|upkeep\n|turn|44\n|\n|t:|1701113944\n|switch|p1a: Rotom|Rotom-Wash|32\/100 psn\n|move|p2a: Slowking|Sludge Bomb|p1a: Rotom\n|-damage|p1a: Rotom|1\/100 psn\n|\n|-end|p1a: Rotom|move: Future Sight\n|-damage|p1a: Rotom|0 fnt\n|faint|p1a: Rotom\n|-heal|p2a: Slowking|68\/100|[from] Grassy Terrain\n|-heal|p2a: Slowking|74\/100|[from] item: Leftovers\n|-fieldend|move: Grassy Terrain\n|upkeep\n|\n|t:|1701113951\n|switch|p1a: Slowking|Slowking-Galar, M, tera:Water|100\/100\n|-damage|p1a: Slowking|88\/100|[from] Spikes\n|turn|45\n|\n|t:|1701113956\n|move|p2a: Slowking|Protect|p2a: Slowking\n|-singleturn|p2a: Slowking|Protect\n|move|p1a: Slowking|Sludge Bomb|p2a: Slowking\n|-activate|p2a: Slowking|move: Protect\n|\n|-heal|p2a: Slowking|80\/100|[from] item: Leftovers\n|upkeep\n|turn|46\n|inactive|Lean4khan has 120 seconds left.\n|c|\u2606Lean4khan|End me\n|c|\u2606Lethimcooke|Trying\n|c|\u2606Lean4khan|End my suffering\n|c|\u2606Lethimcooke|If you insist\n|c|\u2606Lean4khan|imma only click surf go to Ogerpon\n|\n|t:|1701113987\n|move|p1a: Slowking|Surf|p2a: Slowking\n|-damage|p2a: Slowking|50\/100\n|move|p2a: Slowking|Future Sight|p1a: Slowking\n|-start|p2a: Slowking|move: Future Sight\n|\n|-heal|p2a: Slowking|56\/100|[from] item: Leftovers\n|upkeep\n|turn|47\n|c|\u2606Lethimcooke|nah\n|\n|t:|1701113996\n|move|p2a: Slowking|Protect|p2a: Slowking\n|-singleturn|p2a: Slowking|Protect\n|move|p1a: Slowking|Surf|p2a: Slowking\n|-activate|p2a: Slowking|move: Protect\n|\n|-heal|p2a: Slowking|62\/100|[from] item: Leftovers\n|upkeep\n|turn|48\n|\n|t:|1701114003\n|move|p1a: Slowking|Surf|p2a: Slowking\n|-damage|p2a: Slowking|28\/100\n|move|p2a: Slowking|Sludge Bomb|p1a: Slowking\n|-damage|p1a: Slowking|69\/100\n|\n|-end|p1a: Slowking|move: Future Sight\n|-damage|p1a: Slowking|40\/100\n|-heal|p2a: Slowking|35\/100|[from] item: Leftovers\n|upkeep\n|turn|49\n|c|\u2606Lean4khan|Wallah all you abt see is water\n|\n|t:|1701114022\n|move|p1a: Slowking|Surf|p2a: Slowking\n|-damage|p2a: Slowking|6\/100\n|move|p2a: Slowking|Chilly Reception|p2a: Slowking\n|-weather|Snow\n|\n|t:|1701114027\n|switch|p2a: Ogerpon|Ogerpon-Wellspring, F|67\/100|[from] Chilly Reception\n|-damage|p2a: Ogerpon|51\/100|[from] Spikes\n|\n|-weather|Snow|[upkeep]\n|upkeep\n|turn|50\n|\n|t:|1701114032\n|move|p2a: Ogerpon|Horn Leech|p1a: Slowking\n|-supereffective|p1a: Slowking\n|-damage|p1a: Slowking|0 fnt\n|-heal|p2a: Ogerpon|73\/100|[from] drain|[of] p1a: Slowking\n|faint|p1a: Slowking\n|\n|-weather|Snow|[upkeep]\n|upkeep\n|\n|t:|1701114036\n|switch|p1a: Dondozo|Dondozo, M|97\/100\n|-damage|p1a: Dondozo|85\/100|[from] Spikes\n|turn|51\n|\n|t:|1701114040\n|move|p2a: Ogerpon|Leech Seed|p1a: Dondozo\n|-start|p1a: Dondozo|move: Leech Seed\n|move|p1a: Dondozo|Liquidation|p2a: Ogerpon\n|-heal|p2a: Ogerpon|97\/100|[from] ability: Water Absorb|[of] p1a: Dondozo\n|\n|-weather|Snow|[upkeep]\n|-heal|p1a: Dondozo|91\/100|[from] item: Leftovers\n|-damage|p1a: Dondozo|78\/100|[from] Leech Seed|[of] p2a: Ogerpon\n|-heal|p2a: Ogerpon|100\/100|[silent]\n|upkeep\n|turn|52\n|c|\u2606Lean4khan|Heal up gang\n|c|\u2606Lethimcooke|nom nom nom nom\n|c|\u2606Lethimcooke|Trying to stay at full\n|c|\u2606Lethimcooke|Or mom'll be mad\n|\n|t:|1701114062\n|move|p2a: Ogerpon|Encore|p1a: Dondozo\n|-start|p1a: Dondozo|Encore\n|move|p1a: Dondozo|Liquidation|p2a: Ogerpon\n|-immune|p2a: Ogerpon|[from] ability: Water Absorb\n|\n|-weather|Snow|[upkeep]\n|-heal|p1a: Dondozo|85\/100|[from] item: Leftovers\n|-damage|p1a: Dondozo|72\/100|[from] Leech Seed|[of] p2a: Ogerpon\n|upkeep\n|turn|53\n|c|\u2606Lethimcooke|Should I stop\n|c|\u2606Lethimcooke|Im sorry\n|c|\u2606Lean4khan|There is no need to encore all I know is water\n|c|\u2606Lethimcooke|Just havin fun :\/\n|inactive|Lethimcooke has 120 seconds left.\n|\n|t:|1701114083\n|move|p2a: Ogerpon|Horn Leech|p1a: Dondozo\n|-supereffective|p1a: Dondozo\n|-damage|p1a: Dondozo|38\/100\n|move|p1a: Dondozo|Liquidation|p2a: Ogerpon\n|-immune|p2a: Ogerpon|[from] ability: Water Absorb\n|\n|-weather|none\n|-heal|p1a: Dondozo|44\/100|[from] item: Leftovers\n|-damage|p1a: Dondozo|31\/100|[from] Leech Seed|[of] p2a: Ogerpon\n|upkeep\n|turn|54\n|inactive|Lethimcooke has 120 seconds left.\n|c|\u2606Lean4khan|Gg\n|\n|t:|1701114101\n|-terastallize|p2a: Ogerpon|Water\n|detailschange|p2a: Ogerpon|Ogerpon-Wellspring-Tera, F, tera:Water\n|-ability|p2a: Ogerpon|Embody Aspect (Wellspring)|boost\n|-boost|p2a: Ogerpon|spd|1\n|move|p2a: Ogerpon|Horn Leech|p1a: Dondozo\n|-supereffective|p1a: Dondozo\n|-damage|p1a: Dondozo|0 fnt\n|faint|p1a: Dondozo\n|\n|win|Lethimcooke\n|raw|Lean4khan's rating: 1207 &rarr; <strong>1181<\/strong><br \/>(-26 for losing)\n|raw|Lethimcooke's rating: 1194 &rarr; <strong>1220<\/strong><br \/>(+26 for winning)\n|c|\u2606Lethimcooke|Big boi\n|c|\u2606Lethimcooke|gg! Appreciate the chats\n|c|\u2606Lean4khan|Np\n|l|\u2606Lean4khan\n","uploadtime":1701115166,"views":44,"p1id":"lean4khan","p2id":"lethimcooke","formatid":"gen9ou","rating":1181,"private":0,"password":""}