{"id":"gen9ou-1992612572","p1":"Vigilante V8","p2":"Vlarcheops","format":"[Gen 9] OU","log":"|j|\u2606Vigilante V8\n|j|\u2606Vlarcheops\n|t:|1700214672\n|gametype|singles\n|player|p1|Vigilante V8|1|1611\n|player|p2|Vlarcheops|hilbert-wonderlauncher|1768\n|teamsize|p1|6\n|teamsize|p2|6\n|gen|9\n|tier|[Gen 9] OU\n|rated|\n|rule|Sleep Clause Mod: Limit one foe put to sleep\n|rule|Species Clause: Limit one of each Pok\u00e9mon\n|rule|OHKO Clause: OHKO moves are banned\n|rule|Evasion Items Clause: Evasion items are banned\n|rule|Evasion Moves Clause: Evasion moves are banned\n|rule|Endless Battle Clause: Forcing endless battles is banned\n|rule|HP Percentage Mod: HP is shown in percentages\n|clearpoke\n|poke|p1|Gholdengo|\n|poke|p1|Iron Valiant|\n|poke|p1|Alomomola, F|\n|poke|p1|Ting-Lu|\n|poke|p1|Zapdos|\n|poke|p1|Clodsire, F|\n|poke|p2|Cinderace, F|\n|poke|p2|Zamazenta-*|\n|poke|p2|Ursaluna, M|\n|poke|p2|Manaphy|\n|poke|p2|Zapdos|\n|poke|p2|Kingambit, M|\n|teampreview\n|inactive|Battle timer is ON: inactive players will automatically lose when time's up. (requested by Vlarcheops)\n|\n|t:|1700214701\n|start\n|switch|p1a: Iron Valiant|Iron Valiant|100\/100\n|switch|p2a: \u30b5\u30f3\u30c0\u30fc|Zapdos, shiny|100\/100\n|turn|1\n|j| My Occult Deck\n|\n|t:|1700214707\n|-end|p1a: Iron Valiant|Quark Drive|[silent]\n|switch|p1a: Ting-Lu|Ting-Lu|100\/100\n|-ability|p1a: Ting-Lu|Vessel of Ruin\n|move|p2a: \u30b5\u30f3\u30c0\u30fc|Hurricane|p1a: Ting-Lu\n|-damage|p1a: Ting-Lu|75\/100\n|\n|upkeep\n|turn|2\n|\n|t:|1700214713\n|move|p2a: \u30b5\u30f3\u30c0\u30fc|U-turn|p1a: Ting-Lu\n|-supereffective|p1a: Ting-Lu\n|-damage|p1a: Ting-Lu|63\/100\n|\n|t:|1700214717\n|switch|p2a: \u30ac\u30c1\u30b0\u30de|Ursaluna, M, shiny|100\/100|[from] U-turn\n|move|p1a: Ting-Lu|Stealth Rock|p2a: \u30ac\u30c1\u30b0\u30de\n|-sidestart|p2: Vlarcheops|move: Stealth Rock\n|\n|-status|p2a: \u30ac\u30c1\u30b0\u30de|brn|[from] item: Flame Orb\n|upkeep\n|turn|3\n|\n|t:|1700214726\n|move|p2a: \u30ac\u30c1\u30b0\u30de|Fire Punch|p1a: Ting-Lu\n|-damage|p1a: Ting-Lu|39\/100\n|move|p1a: Ting-Lu|Earthquake|p2a: \u30ac\u30c1\u30b0\u30de\n|-damage|p2a: \u30ac\u30c1\u30b0\u30de|74\/100 brn\n|\n|-damage|p2a: \u30ac\u30c1\u30b0\u30de|68\/100 brn|[from] brn\n|upkeep\n|turn|4\n|\n|t:|1700214738\n|move|p2a: \u30ac\u30c1\u30b0\u30de|Facade|p1a: Ting-Lu\n|-damage|p1a: Ting-Lu|0 fnt\n|faint|p1a: Ting-Lu\n|\n|-damage|p2a: \u30ac\u30c1\u30b0\u30de|62\/100 brn|[from] brn\n|upkeep\n|\n|t:|1700214746\n|switch|p1a: Iron Valiant|Iron Valiant|100\/100\n|turn|5\n|j| d00m5\n|\n|t:|1700214750\n|-terastallize|p1a: Iron Valiant|Fairy\n|-terastallize|p2a: \u30ac\u30c1\u30b0\u30de|Ghost\n|move|p1a: Iron Valiant|Moonblast|p2a: \u30ac\u30c1\u30b0\u30de\n|-damage|p2a: \u30ac\u30c1\u30b0\u30de|14\/100 brn\n|move|p2a: \u30ac\u30c1\u30b0\u30de|Facade|p1a: Iron Valiant\n|-damage|p1a: Iron Valiant|0 fnt\n|faint|p1a: Iron Valiant\n|-end|p1a: Iron Valiant|Quark Drive|[silent]\n|\n|-damage|p2a: \u30ac\u30c1\u30b0\u30de|8\/100 brn|[from] brn\n|upkeep\n|\n|t:|1700214756\n|switch|p1a: Gholdengo|Gholdengo|100\/100\n|turn|6\n|l| d00m5\n|\n|t:|1700214759\n|move|p1a: Gholdengo|Shadow Ball|p2a: \u30ac\u30c1\u30b0\u30de\n|-supereffective|p2a: \u30ac\u30c1\u30b0\u30de\n|-damage|p2a: \u30ac\u30c1\u30b0\u30de|0 fnt\n|faint|p2a: \u30ac\u30c1\u30b0\u30de\n|\n|upkeep\n|\n|t:|1700214762\n|switch|p2a: \u30c9\u30c9\u30b2\u30b6\u30f3|Kingambit, M, shiny|100\/100\n|-damage|p2a: \u30c9\u30c9\u30b2\u30b6\u30f3|94\/100|[from] Stealth Rock\n|-activate|p2a: \u30c9\u30c9\u30b2\u30b6\u30f3|ability: Supreme Overlord\n|-start|p2a: \u30c9\u30c9\u30b2\u30b6\u30f3|fallen1|[silent]\n|turn|7\n|\n|t:|1700214765\n|switch|p1a: Zapdos|Zapdos|100\/100\n|-ability|p1a: Zapdos|Pressure\n|move|p2a: \u30c9\u30c9\u30b2\u30b6\u30f3|Swords Dance|p2a: \u30c9\u30c9\u30b2\u30b6\u30f3\n|-boost|p2a: \u30c9\u30c9\u30b2\u30b6\u30f3|atk|2\n|\n|upkeep\n|turn|8\n|\n|t:|1700214768\n|move|p1a: Zapdos|Heat Wave|p2a: \u30c9\u30c9\u30b2\u30b6\u30f3\n|-supereffective|p2a: \u30c9\u30c9\u30b2\u30b6\u30f3\n|-damage|p2a: \u30c9\u30c9\u30b2\u30b6\u30f3|30\/100\n|move|p2a: \u30c9\u30c9\u30b2\u30b6\u30f3|Kowtow Cleave|p1a: Zapdos\n|-damage|p1a: Zapdos|0 fnt\n|faint|p1a: Zapdos\n|\n|upkeep\n|\n|t:|1700214775\n|switch|p1a: Alomomola|Alomomola, F|100\/100\n|turn|9\n|\n|t:|1700214777\n|move|p2a: \u30c9\u30c9\u30b2\u30b6\u30f3|Kowtow Cleave|p1a: Alomomola\n|-damage|p1a: Alomomola|35\/100\n|move|p1a: Alomomola|Scald|p2a: \u30c9\u30c9\u30b2\u30b6\u30f3\n|-damage|p2a: \u30c9\u30c9\u30b2\u30b6\u30f3|16\/100\n|\n|upkeep\n|turn|10\n|-message|Vigilante V8 forfeited.\n|\n|win|Vlarcheops\n|raw|Vigilante V8's rating: 1611 &rarr; <strong>1599<\/strong><br \/>(-12 for losing)\n|raw|Vlarcheops's rating: 1768 &rarr; <strong>1780<\/strong><br \/>(+12 for winning)\n|l|\u2606Vigilante V8\n|l|\u2606Vlarcheops\n","uploadtime":1700214924,"views":8,"p1id":"vigilantev8","p2id":"vlarcheops","formatid":"gen9ou","rating":1599,"private":0,"password":""}