{"id":"gen9ou-1993694434","p1":"lightoflights","p2":"Nightngale","format":"[Gen 9] OU","log":"|j|\u2606lightoflights\n|j|\u2606Nightngale\n|t:|1700346395\n|gametype|singles\n|player|p1|lightoflights|lucas|1405\n|player|p2|Nightngale|170|1394\n|teamsize|p1|6\n|teamsize|p2|6\n|gen|9\n|tier|[Gen 9] OU\n|rated|\n|rule|Sleep Clause Mod: Limit one foe put to sleep\n|rule|Species Clause: Limit one of each Pok\u00e9mon\n|rule|OHKO Clause: OHKO moves are banned\n|rule|Evasion Items Clause: Evasion items are banned\n|rule|Evasion Moves Clause: Evasion moves are banned\n|rule|Endless Battle Clause: Forcing endless battles is banned\n|rule|HP Percentage Mod: HP is shown in percentages\n|clearpoke\n|poke|p1|Cinderace, M|\n|poke|p1|Corviknight, M|\n|poke|p1|Haxorus, M|\n|poke|p1|Enamorus-Therian, F|\n|poke|p1|Iron Moth|\n|poke|p1|Altaria, M|\n|poke|p2|Meowscarada, M|\n|poke|p2|Pelipper, M|\n|poke|p2|Azumarill, F|\n|poke|p2|Basculegion, M|\n|poke|p2|Gholdengo|\n|poke|p2|Iron Moth|\n|teampreview\n|inactive|Battle timer is ON: inactive players will automatically lose when time's up. (requested by Nightngale)\n|\n|t:|1700346405\n|start\n|switch|p1a: Enamorus|Enamorus-Therian, F, shiny|100\/100\n|switch|p2a: Iron Moth|Iron Moth|100\/100\n|turn|1\n|\n|t:|1700346411\n|move|p2a: Iron Moth|Overheat|p1a: Enamorus\n|-damage|p1a: Enamorus|1\/100\n|-unboost|p2a: Iron Moth|spa|2\n|move|p1a: Enamorus|Psychic|p2a: Iron Moth\n|-supereffective|p2a: Iron Moth\n|-damage|p2a: Iron Moth|43\/100\n|\n|-heal|p1a: Enamorus|7\/100|[from] item: Leftovers\n|upkeep\n|turn|2\n|\n|t:|1700346422\n|switch|p1a: Iron Moth|Iron Moth|100\/100\n|-enditem|p1a: Iron Moth|Booster Energy\n|-activate|p1a: Iron Moth|ability: Quark Drive|[fromitem]\n|-start|p1a: Iron Moth|quarkdrivespa\n|move|p2a: Iron Moth|Overheat|p1a: Iron Moth\n|-resisted|p1a: Iron Moth\n|-damage|p1a: Iron Moth|68\/100\n|-unboost|p2a: Iron Moth|spa|2\n|\n|upkeep\n|turn|3\n|\n|t:|1700346431\n|-end|p2a: Iron Moth|Quark Drive|[silent]\n|switch|p2a: Basculegion|Basculegion, M|100\/100\n|move|p1a: Iron Moth|Agility|p1a: Iron Moth\n|-boost|p1a: Iron Moth|spe|2\n|\n|upkeep\n|turn|4\n|\n|t:|1700346443\n|move|p1a: Iron Moth|Energy Ball|p2a: Basculegion\n|-supereffective|p2a: Basculegion\n|-damage|p2a: Basculegion|0 fnt\n|faint|p2a: Basculegion\n|\n|upkeep\n|\n|t:|1700346446\n|switch|p2a: Azumarill|Azumarill, F|100\/100\n|turn|5\n|\n|t:|1700346450\n|move|p2a: Azumarill|Aqua Jet|p1a: Iron Moth\n|-supereffective|p1a: Iron Moth\n|-damage|p1a: Iron Moth|0 fnt\n|faint|p1a: Iron Moth\n|-end|p1a: Iron Moth|Quark Drive|[silent]\n|\n|upkeep\n|\n|t:|1700346466\n|switch|p1a: Haxorus|Haxorus, M|100\/100\n|-ability|p1a: Haxorus|Mold Breaker\n|turn|6\n|\n|t:|1700346484\n|-terastallize|p1a: Haxorus|Steel\n|move|p1a: Haxorus|Dragon Dance|p1a: Haxorus\n|-boost|p1a: Haxorus|atk|1\n|-boost|p1a: Haxorus|spe|1\n|move|p2a: Azumarill|Play Rough|p1a: Haxorus\n|-resisted|p1a: Haxorus\n|-damage|p1a: Haxorus|66\/100\n|\n|upkeep\n|turn|7\n|\n|t:|1700346492\n|switch|p2a: Iron Moth|Iron Moth|43\/100\n|move|p1a: Haxorus|Iron Head|p2a: Iron Moth\n|-resisted|p2a: Iron Moth\n|-damage|p2a: Iron Moth|0 fnt\n|faint|p2a: Iron Moth\n|-end|p2a: Iron Moth|Quark Drive|[silent]\n|\n|upkeep\n|\n|t:|1700346507\n|switch|p2a: Azumarill|Azumarill, F|100\/100\n|turn|8\n|inactive|Nightngale has 120 seconds left.\n|\n|t:|1700346555\n|move|p1a: Haxorus|Iron Head|p2a: Azumarill\n|-damage|p2a: Azumarill|21\/100\n|-enditem|p2a: Azumarill|Sitrus Berry|[eat]\n|-heal|p2a: Azumarill|46\/100|[from] item: Sitrus Berry\n|cant|p2a: Azumarill|flinch\n|\n|upkeep\n|turn|9\n|\n|t:|1700346562\n|move|p2a: Azumarill|Aqua Jet|p1a: Haxorus\n|-damage|p1a: Haxorus|36\/100\n|move|p1a: Haxorus|Iron Head|p2a: Azumarill\n|-damage|p2a: Azumarill|0 fnt\n|faint|p2a: Azumarill\n|\n|upkeep\n|\n|t:|1700346575\n|switch|p2a: Pelipper|Pelipper, M|100\/100\n|-weather|RainDance|[from] ability: Drizzle|[of] p2a: Pelipper\n|turn|10\n|\n|t:|1700346584\n|move|p1a: Haxorus|Dragon Dance|p1a: Haxorus\n|-boost|p1a: Haxorus|atk|1\n|-boost|p1a: Haxorus|spe|1\n|move|p2a: Pelipper|Surf|p1a: Haxorus\n|-damage|p1a: Haxorus|0 fnt\n|faint|p1a: Haxorus\n|\n|-weather|RainDance|[upkeep]\n|upkeep\n|\n|t:|1700346603\n|switch|p1a: Corviknight|Corviknight, M, shiny|100\/100\n|-ability|p1a: Corviknight|Pressure\n|turn|11\n|\n|t:|1700346611\n|move|p2a: Pelipper|Surf|p1a: Corviknight\n|-damage|p1a: Corviknight|30\/100\n|move|p1a: Corviknight|Agility|p1a: Corviknight\n|-boost|p1a: Corviknight|spe|2\n|\n|-weather|RainDance|[upkeep]\n|-heal|p1a: Corviknight|36\/100|[from] item: Leftovers\n|upkeep\n|turn|12\n|\n|t:|1700346618\n|move|p1a: Corviknight|Roost|p1a: Corviknight\n|-heal|p1a: Corviknight|87\/100\n|-singleturn|p1a: Corviknight|move: Roost\n|move|p2a: Pelipper|Surf|p1a: Corviknight\n|-crit|p1a: Corviknight\n|-damage|p1a: Corviknight|0 fnt\n|faint|p1a: Corviknight\n|\n|-weather|RainDance|[upkeep]\n|upkeep\n|\n|t:|1700346624\n|switch|p1a: Altaria|Altaria, M, shiny|100\/100\n|-ability|p1a: Altaria|Cloud Nine\n|turn|13\n|\n|t:|1700346630\n|switch|p2a: Meowscarada|Meowscarada, M|100\/100\n|move|p1a: Altaria|Dragon Dance|p1a: Altaria\n|-boost|p1a: Altaria|atk|1\n|-boost|p1a: Altaria|spe|1\n|\n|-weather|RainDance|[upkeep]\n|upkeep\n|turn|14\n|\n|t:|1700346636\n|move|p2a: Meowscarada|Knock Off|p1a: Altaria\n|-start|p2a: Meowscarada|typechange|Dark|[from] ability: Protean\n|-damage|p1a: Altaria|32\/100\n|-enditem|p1a: Altaria|Red Card|[from] move: Knock Off|[of] p2a: Meowscarada\n|move|p1a: Altaria|Cotton Guard|p1a: Altaria\n|-boost|p1a: Altaria|def|3\n|\n|-weather|none\n|upkeep\n|turn|15\n|\n|t:|1700346646\n|switch|p2a: Gholdengo|Gholdengo|100\/100\n|move|p1a: Altaria|Roost|p1a: Altaria\n|-heal|p1a: Altaria|83\/100\n|-singleturn|p1a: Altaria|move: Roost\n|\n|upkeep\n|turn|16\n|\n|t:|1700346653\n|move|p1a: Altaria|Dragon Dance|p1a: Altaria\n|-boost|p1a: Altaria|atk|1\n|-boost|p1a: Altaria|spe|1\n|move|p2a: Gholdengo|Shadow Ball|p1a: Altaria\n|-damage|p1a: Altaria|26\/100\n|\n|upkeep\n|turn|17\n|\n|t:|1700346661\n|move|p1a: Altaria|Acrobatics|p2a: Gholdengo\n|-resisted|p2a: Gholdengo\n|-damage|p2a: Gholdengo|61\/100\n|move|p2a: Gholdengo|Shadow Ball|p1a: Altaria\n|-damage|p1a: Altaria|0 fnt\n|faint|p1a: Altaria\n|\n|upkeep\n|\n|t:|1700346664\n|switch|p1a: Cinderace|Cinderace, M|100\/100\n|turn|18\n|\n|t:|1700346670\n|switch|p2a: Pelipper|Pelipper, M|100\/100\n|-weather|RainDance|[from] ability: Drizzle|[of] p2a: Pelipper\n|move|p1a: Cinderace|Pyro Ball|p2a: Pelipper\n|-resisted|p2a: Pelipper\n|-damage|p2a: Pelipper|80\/100\n|\n|-weather|RainDance|[upkeep]\n|upkeep\n|turn|19\n|\n|t:|1700346674\n|move|p1a: Cinderace|Gunk Shot|p2a: Pelipper\n|-start|p1a: Cinderace|typechange|Poison|[from] ability: Libero\n|-damage|p2a: Pelipper|6\/100\n|move|p2a: Pelipper|Surf|p1a: Cinderace\n|-damage|p1a: Cinderace|0 fnt\n|faint|p1a: Cinderace\n|\n|-weather|RainDance|[upkeep]\n|upkeep\n|\n|t:|1700346679\n|switch|p1a: Enamorus|Enamorus-Therian, F, shiny|7\/100\n|turn|20\n|\n|t:|1700346681\n|move|p2a: Pelipper|Surf|p1a: Enamorus\n|-damage|p1a: Enamorus|0 fnt\n|faint|p1a: Enamorus\n|\n|win|Nightngale\n|raw|lightoflights's rating: 1405 &rarr; <strong>1383<\/strong><br \/>(-22 for losing)\n|raw|Nightngale's rating: 1373 &rarr; <strong>1395<\/strong><br \/>(+22 for winning)\n","uploadtime":1700346685,"views":8,"p1id":"lightoflights","p2id":"nightngale","formatid":"gen9ou","rating":1383,"private":0,"password":""}