{"id":"gen9ou-1989409412","p1":"DevilTimesThree","p2":"Oshwottking","format":"[Gen 9] OU","log":"|j|\u2606DevilTimesThree\n|j|\u2606Oshwottking\n|t:|1699846550\n|gametype|singles\n|player|p1|DevilTimesThree|guitarist|1000\n|player|p2|Oshwottking|silver|1082\n|teamsize|p1|6\n|teamsize|p2|6\n|gen|9\n|tier|[Gen 9] OU\n|rated|\n|rule|Sleep Clause Mod: Limit one foe put to sleep\n|rule|Species Clause: Limit one of each Pok\u00e9mon\n|rule|OHKO Clause: OHKO moves are banned\n|rule|Evasion Items Clause: Evasion items are banned\n|rule|Evasion Moves Clause: Evasion moves are banned\n|rule|Endless Battle Clause: Forcing endless battles is banned\n|rule|HP Percentage Mod: HP is shown in percentages\n|clearpoke\n|poke|p1|Polteageist-Antique|\n|poke|p1|Tinkaton, F|\n|poke|p1|Great Tusk|\n|poke|p1|Dragonite, F|\n|poke|p1|Iron Hands|\n|poke|p1|Heracross, F|\n|poke|p2|Ogerpon, F|\n|poke|p2|Blissey, F|\n|poke|p2|Corviknight, F|\n|poke|p2|Volcanion|\n|poke|p2|Great Tusk|\n|poke|p2|Goodra-Hisui, F|\n|teampreview\n|inactive|Battle timer is ON: inactive players will automatically lose when time's up. (requested by Oshwottking)\n|inactive|DevilTimesThree also wants the timer to be on.\n|\n|t:|1699846564\n|start\n|switch|p1a: Polteageist|Polteageist-Antique, shiny|100\/100\n|switch|p2a: Volcanion|Volcanion|100\/100\n|turn|1\n|\n|t:|1699846571\n|move|p2a: Volcanion|Steam Eruption|p1a: Polteageist\n|-crit|p1a: Polteageist\n|-damage|p1a: Polteageist|0 fnt\n|faint|p1a: Polteageist\n|\n|upkeep\n|\n|t:|1699846580\n|switch|p1a: Iron Hands|Iron Hands|100\/100\n|-enditem|p1a: Iron Hands|Booster Energy\n|-activate|p1a: Iron Hands|ability: Quark Drive|[fromitem]\n|-start|p1a: Iron Hands|quarkdriveatk\n|turn|2\n|\n|t:|1699846587\n|switch|p2a: Great Tusk|Great Tusk|100\/100\n|move|p1a: Iron Hands|Iron Defense|p1a: Iron Hands\n|-boost|p1a: Iron Hands|def|2\n|\n|upkeep\n|turn|3\n|\n|t:|1699846601\n|move|p2a: Great Tusk|Earthquake|p1a: Iron Hands\n|-supereffective|p1a: Iron Hands\n|-damage|p1a: Iron Hands|79\/100\n|move|p1a: Iron Hands|Body Press|p2a: Great Tusk\n|-damage|p2a: Great Tusk|51\/100\n|\n|upkeep\n|turn|4\n|\n|t:|1699846615\n|move|p2a: Great Tusk|Earthquake|p1a: Iron Hands\n|-supereffective|p1a: Iron Hands\n|-damage|p1a: Iron Hands|54\/100\n|move|p1a: Iron Hands|Iron Defense|p1a: Iron Hands\n|-boost|p1a: Iron Hands|def|2\n|\n|upkeep\n|turn|5\n|\n|t:|1699846623\n|-end|p2a: Great Tusk|Protosynthesis|[silent]\n|switch|p2a: Blissey|Blissey, F|100\/100\n|move|p1a: Iron Hands|Iron Defense|p1a: Iron Hands\n|-boost|p1a: Iron Hands|def|2\n|\n|upkeep\n|turn|6\n|\n|t:|1699846633\n|move|p2a: Blissey|Seismic Toss|p1a: Iron Hands\n|-damage|p1a: Iron Hands|35\/100\n|move|p1a: Iron Hands|Body Press|p2a: Blissey\n|-supereffective|p2a: Blissey\n|-damage|p2a: Blissey|0 fnt\n|faint|p2a: Blissey\n|\n|upkeep\n|\n|t:|1699846640\n|switch|p2a: Volcanion|Volcanion|100\/100\n|turn|7\n|\n|t:|1699846645\n|move|p2a: Volcanion|Fire Blast|p1a: Iron Hands\n|-damage|p1a: Iron Hands|0 fnt\n|faint|p1a: Iron Hands\n|-end|p1a: Iron Hands|Quark Drive|[silent]\n|\n|upkeep\n|\n|t:|1699846675\n|switch|p1a: Dragonite|Dragonite, F|100\/100\n|turn|8\n|\n|t:|1699846680\n|switch|p2a: Corviknight|Corviknight, F|100\/100\n|-ability|p2a: Corviknight|Pressure\n|move|p1a: Dragonite|Dragon Dance|p1a: Dragonite\n|-boost|p1a: Dragonite|atk|1\n|-boost|p1a: Dragonite|spe|1\n|\n|upkeep\n|turn|9\n|\n|t:|1699846693\n|-terastallize|p1a: Dragonite|Normal\n|move|p1a: Dragonite|Dragon Dance|p1a: Dragonite\n|-boost|p1a: Dragonite|atk|1\n|-boost|p1a: Dragonite|spe|1\n|move|p2a: Corviknight|Brave Bird|p1a: Dragonite\n|-damage|p1a: Dragonite|76\/100\n|-damage|p2a: Corviknight|94\/100|[from] Recoil\n|\n|upkeep\n|turn|10\n|\n|t:|1699846709\n|move|p1a: Dragonite|Hurricane|p2a: Corviknight\n|-resisted|p2a: Corviknight\n|-damage|p2a: Corviknight|75\/100\n|move|p2a: Corviknight|Roost|p2a: Corviknight\n|-heal|p2a: Corviknight|100\/100\n|-singleturn|p2a: Corviknight|move: Roost\n|\n|upkeep\n|turn|11\n|\n|t:|1699846717\n|move|p1a: Dragonite|Dragon Dance|p1a: Dragonite\n|-boost|p1a: Dragonite|atk|1\n|-boost|p1a: Dragonite|spe|1\n|move|p2a: Corviknight|Brave Bird|p1a: Dragonite\n|-damage|p1a: Dragonite|32\/100\n|-damage|p2a: Corviknight|89\/100|[from] Recoil\n|\n|upkeep\n|turn|12\n|\n|t:|1699846726\n|move|p1a: Dragonite|Dragon Claw|p2a: Corviknight\n|-resisted|p2a: Corviknight\n|-damage|p2a: Corviknight|51\/100\n|-damage|p1a: Dragonite|16\/100|[from] item: Rocky Helmet|[of] p2a: Corviknight\n|move|p2a: Corviknight|Brave Bird|p1a: Dragonite\n|-crit|p1a: Dragonite\n|-damage|p1a: Dragonite|0 fnt\n|faint|p1a: Dragonite\n|-damage|p2a: Corviknight|47\/100|[from] Recoil\n|\n|upkeep\n|\n|t:|1699846744\n|switch|p1a: Heracross|Heracross, F|100\/100\n|turn|13\n|\n|t:|1699846748\n|move|p1a: Heracross|Bulk Up|p1a: Heracross\n|-boost|p1a: Heracross|atk|1\n|-boost|p1a: Heracross|def|1\n|move|p2a: Corviknight|Roost|p2a: Corviknight\n|-heal|p2a: Corviknight|97\/100\n|-singleturn|p2a: Corviknight|move: Roost\n|\n|-status|p1a: Heracross|brn|[from] item: Flame Orb\n|upkeep\n|turn|14\n|\n|t:|1699846759\n|move|p1a: Heracross|Bulk Up|p1a: Heracross\n|-boost|p1a: Heracross|atk|1\n|-boost|p1a: Heracross|def|1\n|move|p2a: Corviknight|Brave Bird|p1a: Heracross\n|-supereffective|p1a: Heracross\n|-damage|p1a: Heracross|0 fnt\n|faint|p1a: Heracross\n|-damage|p2a: Corviknight|72\/100|[from] Recoil\n|\n|upkeep\n|\n|t:|1699846769\n|switch|p1a: Great Tusk|Great Tusk|100\/100\n|-enditem|p1a: Great Tusk|Booster Energy\n|-activate|p1a: Great Tusk|ability: Protosynthesis|[fromitem]\n|-start|p1a: Great Tusk|protosynthesisatk\n|turn|15\n|\n|t:|1699846777\n|move|p1a: Great Tusk|Ice Spinner|p2a: Corviknight\n|-damage|p2a: Corviknight|50\/100\n|-damage|p1a: Great Tusk|84\/100|[from] item: Rocky Helmet|[of] p2a: Corviknight\n|move|p2a: Corviknight|Roost|p2a: Corviknight\n|-heal|p2a: Corviknight|99\/100\n|-singleturn|p2a: Corviknight|move: Roost\n|\n|upkeep\n|turn|16\n|\n|t:|1699846788\n|move|p1a: Great Tusk|Megahorn|p2a: Corviknight\n|-resisted|p2a: Corviknight\n|-crit|p2a: Corviknight\n|-damage|p2a: Corviknight|87\/100\n|-damage|p1a: Great Tusk|68\/100|[from] item: Rocky Helmet|[of] p2a: Corviknight\n|move|p2a: Corviknight|Brave Bird|p1a: Great Tusk\n|-supereffective|p1a: Great Tusk\n|-crit|p1a: Great Tusk\n|-damage|p1a: Great Tusk|0 fnt\n|faint|p1a: Great Tusk\n|-end|p1a: Great Tusk|Protosynthesis|[silent]\n|-damage|p2a: Corviknight|66\/100|[from] Recoil\n|\n|upkeep\n|-message|DevilTimesThree forfeited.\n|\n|win|Oshwottking\n|raw|DevilTimesThree's rating: 1000 &rarr; <strong>1000<\/strong><br \/>(+0 for losing)\n|raw|Oshwottking's rating: 1082 &rarr; <strong>1103<\/strong><br \/>(+21 for winning)\n|l|\u2606DevilTimesThree\n","uploadtime":1699846798,"views":41,"p1id":"deviltimesthree","p2id":"oshwottking","formatid":"gen9ou","rating":1000,"private":0,"password":""}