{"id":"gen9ou-1999724207","p1":"TheIcingCreeper","p2":"prankipue","format":"[Gen 9] OU","log":"|j|\u2606TheIcingCreeper\n|j|\u2606prankipue\n|t:|1701111093\n|gametype|singles\n|player|p1|TheIcingCreeper|valerie|1429\n|player|p2|prankipue|266|1466\n|teamsize|p1|6\n|teamsize|p2|6\n|gen|9\n|tier|[Gen 9] OU\n|rated|\n|rule|Sleep Clause Mod: Limit one foe put to sleep\n|rule|Species Clause: Limit one of each Pok\u00e9mon\n|rule|OHKO Clause: OHKO moves are banned\n|rule|Evasion Items Clause: Evasion items are banned\n|rule|Evasion Moves Clause: Evasion moves are banned\n|rule|Endless Battle Clause: Forcing endless battles is banned\n|rule|HP Percentage Mod: HP is shown in percentages\n|clearpoke\n|poke|p1|Wigglytuff, F|\n|poke|p1|Meowscarada, M|\n|poke|p1|Corviknight, M|\n|poke|p1|Ceruledge, M|\n|poke|p1|Dondozo, M|\n|poke|p1|Dragapult, M|\n|poke|p2|Blissey, F|\n|poke|p2|Great Tusk|\n|poke|p2|Enamorus, F|\n|poke|p2|Ogerpon-Wellspring, F|\n|poke|p2|Moltres|\n|poke|p2|Ursaluna, M|\n|teampreview\n|inactive|Battle timer is ON: inactive players will automatically lose when time's up. (requested by prankipue)\n|\n|t:|1701111113\n|start\n|switch|p1a: Mago|Meowscarada, M|100\/100\n|switch|p2a: Enamorus|Enamorus, F|100\/100\n|turn|1\n|\n|t:|1701111125\n|switch|p1a: Mark|Ceruledge, M|100\/100\n|move|p2a: Enamorus|Moonblast|p1a: Mark\n|-resisted|p1a: Mark\n|-damage|p1a: Mark|73\/100\n|\n|upkeep\n|turn|2\n|\n|t:|1701111142\n|switch|p2a: Great Tusk|Great Tusk, shiny|100\/100\n|switch|p1a: Mago|Meowscarada, M|100\/100\n|\n|upkeep\n|turn|3\n|\n|t:|1701111155\n|-end|p2a: Great Tusk|Protosynthesis|[silent]\n|switch|p2a: Moltres|Moltres|100\/100\n|move|p1a: Mago|Flower Trick|p2a: Moltres\n|-start|p1a: Mago|typechange|Grass|[from] ability: Protean\n|-resisted|p2a: Moltres\n|-crit|p2a: Moltres\n|-damage|p2a: Moltres|87\/100\n|\n|upkeep\n|turn|4\n|\n|t:|1701111169\n|switch|p1a: Mark|Ceruledge, M|73\/100\n|move|p2a: Moltres|Hurricane|p1a: Mark\n|-damage|p1a: Mark|21\/100\n|\n|upkeep\n|turn|5\n|\n|t:|1701111178\n|switch|p1a: Drage|Dragapult, M|100\/100\n|move|p2a: Moltres|Hurricane|p1a: Drage|[miss]\n|-miss|p2a: Moltres|p1a: Drage\n|\n|upkeep\n|turn|6\n|\n|t:|1701111199\n|move|p1a: Drage|Hydro Pump|p2a: Moltres\n|-supereffective|p2a: Moltres\n|-damage|p2a: Moltres|0 fnt\n|faint|p2a: Moltres\n|\n|upkeep\n|\n|t:|1701111210\n|switch|p2a: Blissey|Blissey, F|100\/100\n|turn|7\n|\n|t:|1701111217\n|switch|p1a: Icing|Wigglytuff, F|100\/100\n|move|p2a: Blissey|Stealth Rock|p1a: Icing\n|-sidestart|p1: TheIcingCreeper|move: Stealth Rock\n|\n|upkeep\n|turn|8\n|\n|t:|1701111240\n|move|p2a: Blissey|Seismic Toss|p1a: Icing\n|-damage|p1a: Icing|77\/100\n|move|p1a: Icing|Wish|p1a: Icing\n|\n|-heal|p1a: Icing|83\/100|[from] item: Leftovers\n|upkeep\n|turn|9\n|\n|t:|1701111252\n|switch|p2a: Great Tusk|Great Tusk, shiny|100\/100\n|switch|p1a: Peko|Corviknight, M|100\/100\n|-damage|p1a: Peko|88\/100|[from] Stealth Rock\n|\n|-heal|p1a: Peko|100\/100|[from] move: Wish|[wisher] Icing\n|upkeep\n|turn|10\n|\n|t:|1701111264\n|move|p2a: Great Tusk|Knock Off|p1a: Peko\n|-damage|p1a: Peko|81\/100\n|-damage|p2a: Great Tusk|84\/100|[from] item: Rocky Helmet|[of] p1a: Peko\n|-enditem|p1a: Peko|Rocky Helmet|[from] move: Knock Off|[of] p2a: Great Tusk\n|move|p1a: Peko|Defog|p2a: Great Tusk\n|-unboost|p2a: Great Tusk|evasion|1\n|-sideend|p1: TheIcingCreeper|Stealth Rock|[from] move: Defog|[of] p1a: Peko\n|\n|-heal|p2a: Great Tusk|90\/100|[from] item: Leftovers\n|upkeep\n|turn|11\n|\n|t:|1701111276\n|-end|p2a: Great Tusk|Protosynthesis|[silent]\n|switch|p2a: Ursaluna|Ursaluna, M|100\/100\n|move|p1a: Peko|Iron Defense|p1a: Peko\n|-boost|p1a: Peko|def|2\n|\n|-status|p2a: Ursaluna|brn|[from] item: Flame Orb\n|upkeep\n|turn|12\n|\n|t:|1701111285\n|move|p2a: Ursaluna|Swords Dance|p2a: Ursaluna\n|-boost|p2a: Ursaluna|atk|2\n|move|p1a: Peko|Body Press|p2a: Ursaluna\n|-supereffective|p2a: Ursaluna\n|-damage|p2a: Ursaluna|29\/100 brn\n|\n|-damage|p2a: Ursaluna|23\/100 brn|[from] brn\n|upkeep\n|turn|13\n|\n|t:|1701111297\n|switch|p1a: Mark|Ceruledge, M|21\/100\n|-terastallize|p2a: Ursaluna|Ghost\n|move|p2a: Ursaluna|Fire Punch|p1a: Mark\n|-start|p1a: Mark|ability: Flash Fire\n|\n|-damage|p2a: Ursaluna|17\/100 brn|[from] brn\n|upkeep\n|turn|14\n|\n|t:|1701111308\n|switch|p2a: Blissey|Blissey, F|100\/100\n|move|p1a: Mark|Bitter Blade|p2a: Blissey\n|-damage|p2a: Blissey|0 fnt\n|-heal|p1a: Mark|100\/100|[from] drain|[of] p2a: Blissey\n|faint|p2a: Blissey\n|\n|upkeep\n|-message|prankipue forfeited.\n|\n|win|TheIcingCreeper\n|raw|TheIcingCreeper's rating: 1429 &rarr; <strong>1451<\/strong><br \/>(+22 for winning)\n|raw|prankipue's rating: 1466 &rarr; <strong>1444<\/strong><br \/>(-22 for losing)\n|l|\u2606prankipue\n","uploadtime":1701111317,"views":5,"p1id":"theicingcreeper","p2id":"prankipue","formatid":"gen9ou","rating":1444,"private":0,"password":""}