{"id":"gen9ou-1995340577","p1":"SycoBeastOP","p2":"OU noooob 1","format":"[Gen 9] OU","log":"|j|\u2606SycoBeastOP\n|j|\u2606OU noooob 1\n|t:|1700556520\n|gametype|singles\n|player|p1|SycoBeastOP|102|1160\n|player|p2|OU noooob 1|preschooler|1200\n|teamsize|p1|6\n|teamsize|p2|6\n|gen|9\n|tier|[Gen 9] OU\n|rated|\n|rule|Sleep Clause Mod: Limit one foe put to sleep\n|rule|Species Clause: Limit one of each Pok\u00e9mon\n|rule|OHKO Clause: OHKO moves are banned\n|rule|Evasion Items Clause: Evasion items are banned\n|rule|Evasion Moves Clause: Evasion moves are banned\n|rule|Endless Battle Clause: Forcing endless battles is banned\n|rule|HP Percentage Mod: HP is shown in percentages\n|clearpoke\n|poke|p1|Slowking-Galar, M|\n|poke|p1|Heatran, M|\n|poke|p1|Dragapult, F|\n|poke|p1|Iron Valiant|\n|poke|p1|Ting-Lu|\n|poke|p1|Ogerpon-Wellspring, F|\n|poke|p2|Iron Moth|\n|poke|p2|Iron Valiant|\n|poke|p2|Kingambit, F|\n|poke|p2|Great Tusk|\n|poke|p2|Samurott-Hisui, M|\n|poke|p2|Enamorus, F|\n|teampreview\n|inactive|Battle timer is ON: inactive players will automatically lose when time's up. (requested by SycoBeastOP)\n|j| Coffee&whiskey\n|inactive|OU noooob 1 has 120 seconds left.\n|\n|t:|1700556592\n|start\n|switch|p1a: Ting-Lu|Ting-Lu|100\/100\n|switch|p2a: Samurott|Samurott-Hisui, M|100\/100\n|-ability|p1a: Ting-Lu|Vessel of Ruin\n|turn|1\n|c|\u2606OU noooob 1|glhf\n|c|\u2606SycoBeastOP|u 2\n|\n|t:|1700556619\n|move|p2a: Samurott|Razor Shell|p1a: Ting-Lu\n|-supereffective|p1a: Ting-Lu\n|-damage|p1a: Ting-Lu|44\/100\n|-enditem|p1a: Ting-Lu|Red Card|[of] p2a: Samurott\n|drag|p2a: Kingambit|Kingambit, F|100\/100\n|move|p1a: Ting-Lu|Stealth Rock|p2a: Kingambit\n|-sidestart|p2: OU noooob 1|move: Stealth Rock\n|\n|upkeep\n|turn|2\n|\n|t:|1700556643\n|move|p2a: Kingambit|Iron Head|p1a: Ting-Lu\n|-damage|p1a: Ting-Lu|19\/100\n|cant|p1a: Ting-Lu|flinch\n|\n|upkeep\n|turn|3\n|\n|t:|1700556655\n|move|p2a: Kingambit|Iron Head|p1a: Ting-Lu\n|-damage|p1a: Ting-Lu|0 fnt\n|faint|p1a: Ting-Lu\n|\n|upkeep\n|c|\u2606OU noooob 1|sry ab flin\n|c|\u2606OU noooob 1|was unlucky\n|inactive|SycoBeastOP has 120 seconds left.\n|c|\u2606SycoBeastOP|np rng gods hate me\n|\n|t:|1700556684\n|switch|p1a: Heatran|Heatran, M|100\/100\n|turn|4\n|c|\u2606OU noooob 1|:)()()\n|\n|t:|1700556699\n|-end|p2a: Kingambit|fallenundefined|[silent]\n|switch|p2a: Samurott|Samurott-Hisui, M|100\/100\n|-damage|p2a: Samurott|88\/100|[from] Stealth Rock\n|move|p1a: Heatran|Magma Storm|p2a: Samurott\n|-resisted|p2a: Samurott\n|-damage|p2a: Samurott|48\/100\n|-activate|p2a: Samurott|move: Magma Storm|[of] p1a: Heatran\n|\n|-damage|p2a: Samurott|35\/100|[from] move: Magma Storm|[partiallytrapped]\n|upkeep\n|turn|5\n|\n|t:|1700556710\n|switch|p1a: Dragapult|Dragapult, F, shiny|100\/100\n|move|p2a: Samurott|Ceaseless Edge|p1a: Dragapult\n|-supereffective|p1a: Dragapult\n|-damage|p1a: Dragapult|1\/100\n|-sidestart|p1: SycoBeastOP|Spikes\n|\n|-end|p2a: Samurott|Magma Storm|[partiallytrapped]|[silent]\n|upkeep\n|turn|6\n|\n|t:|1700556718\n|move|p2a: Samurott|Sucker Punch||[still]\n|-fail|p2a: Samurott\n|move|p1a: Dragapult|Reflect|p1a: Dragapult\n|-sidestart|p1: SycoBeastOP|Reflect\n|\n|upkeep\n|turn|7\n|\n|t:|1700556725\n|move|p2a: Samurott|Sucker Punch||[still]\n|-fail|p2a: Samurott\n|move|p1a: Dragapult|Light Screen|p1a: Dragapult\n|-sidestart|p1: SycoBeastOP|move: Light Screen\n|\n|upkeep\n|turn|8\n|\n|t:|1700556733\n|move|p1a: Dragapult|U-turn|p2a: Samurott\n|-supereffective|p2a: Samurott\n|-damage|p2a: Samurott|0 fnt\n|faint|p2a: Samurott\n|inactive|SycoBeastOP has 120 seconds left.\n|\n|t:|1700556748\n|switch|p1a: Ogerpon|Ogerpon-Wellspring, F|100\/100|[from] U-turn\n|-damage|p1a: Ogerpon|88\/100|[from] Spikes\n|\n|upkeep\n|inactive|OU noooob 1 has 120 seconds left.\n|inactive|OU noooob 1 has 90 seconds left.\n|inactive|OU noooob 1 has 60 seconds left.\n|c|\u2606SycoBeastOP|?\n|c|\u2606OU noooob 1|sry im thinking\n|l| Coffee&whiskey\n|c|\u2606OU noooob 1|screens was a good move\n|inactive|OU noooob 1 has 30 seconds left.\n|\n|t:|1700556870\n|switch|p2a: Iron Moth|Iron Moth|100\/100\n|-damage|p2a: Iron Moth|76\/100|[from] Stealth Rock\n|-enditem|p2a: Iron Moth|Booster Energy\n|-activate|p2a: Iron Moth|ability: Quark Drive|[fromitem]\n|-start|p2a: Iron Moth|quarkdrivespe\n|turn|9\n|inactive|SycoBeastOP has 120 seconds left.\n|\n|t:|1700556900\n|-terastallize|p1a: Ogerpon|Water\n|detailschange|p1a: Ogerpon|Ogerpon-Wellspring-Tera, F, tera:Water\n|-ability|p1a: Ogerpon|Embody Aspect (Wellspring)|boost\n|-boost|p1a: Ogerpon|spd|1\n|move|p2a: Iron Moth|Substitute|p2a: Iron Moth\n|-start|p2a: Iron Moth|Substitute\n|-damage|p2a: Iron Moth|51\/100\n|move|p1a: Ogerpon|Ivy Cudgel|p2a: Iron Moth|[anim] Ivy Cudgel Water\n|-supereffective|p2a: Iron Moth\n|-end|p2a: Iron Moth|Substitute\n|\n|upkeep\n|turn|10\n|inactive|OU noooob 1 has 30 seconds left.\n|inactive|OU noooob 1 has 20 seconds left.\n|\n|t:|1700556934\n|move|p2a: Iron Moth|Substitute|p2a: Iron Moth\n|-start|p2a: Iron Moth|Substitute\n|-damage|p2a: Iron Moth|26\/100\n|move|p1a: Ogerpon|Ivy Cudgel|p2a: Iron Moth|[anim] Ivy Cudgel Water\n|-supereffective|p2a: Iron Moth\n|-end|p2a: Iron Moth|Substitute\n|\n|upkeep\n|turn|11\n|inactive|OU noooob 1 has 30 seconds left this turn.\n|\n|t:|1700556941\n|move|p2a: Iron Moth|Substitute|p2a: Iron Moth\n|-start|p2a: Iron Moth|Substitute\n|-damage|p2a: Iron Moth|1\/100\n|move|p1a: Ogerpon|Ivy Cudgel|p2a: Iron Moth|[anim] Ivy Cudgel Water\n|-supereffective|p2a: Iron Moth\n|-end|p2a: Iron Moth|Substitute\n|\n|upkeep\n|turn|12\n|inactive|OU noooob 1 has 30 seconds left.\n|\n|t:|1700556949\n|move|p2a: Iron Moth|Sludge Wave|p1a: Ogerpon\n|-damage|p1a: Ogerpon|69\/100\n|move|p1a: Ogerpon|Swords Dance|p1a: Ogerpon\n|-boost|p1a: Ogerpon|atk|2\n|\n|upkeep\n|turn|13\n|\n|t:|1700556956\n|move|p2a: Iron Moth|Sludge Wave|p1a: Ogerpon\n|-damage|p1a: Ogerpon|51\/100\n|move|p1a: Ogerpon|Ivy Cudgel|p2a: Iron Moth|[anim] Ivy Cudgel Water\n|-supereffective|p2a: Iron Moth\n|-damage|p2a: Iron Moth|0 fnt\n|faint|p2a: Iron Moth\n|-end|p2a: Iron Moth|Quark Drive|[silent]\n|\n|-sideend|p1: SycoBeastOP|Reflect\n|upkeep\n|inactive|OU noooob 1 has 30 seconds left.\n|inactive|OU noooob 1 has 20 seconds left.\n|inactive|OU noooob 1 has 15 seconds left.\n|inactive|OU noooob 1 has 10 seconds left.\n|\n|t:|1700556991\n|switch|p2a: Iron Valiant|Iron Valiant|100\/100\n|-damage|p2a: Iron Valiant|94\/100|[from] Stealth Rock\n|-enditem|p2a: Iron Valiant|Booster Energy\n|-activate|p2a: Iron Valiant|ability: Quark Drive|[fromitem]\n|-start|p2a: Iron Valiant|quarkdrivespe\n|turn|14\n|inactive|OU noooob 1 has 20 seconds left this turn.\n|\n|t:|1700557002\n|move|p2a: Iron Valiant|Close Combat|p1a: Ogerpon\n|-damage|p1a: Ogerpon|0 fnt\n|-unboost|p2a: Iron Valiant|def|1\n|-unboost|p2a: Iron Valiant|spd|1\n|faint|p1a: Ogerpon\n|\n|-sideend|p1: SycoBeastOP|move: Light Screen\n|upkeep\n|inactive|OU noooob 1 has 25 seconds left this turn.\n|\n|t:|1700557013\n|switch|p1a: Slowking|Slowking-Galar, M, shiny|100\/100\n|-damage|p1a: Slowking|88\/100|[from] Spikes\n|turn|15\n|inactive|OU noooob 1 has 30 seconds left.\n|\n|t:|1700557023\n|-terastallize|p2a: Iron Valiant|Steel\n|move|p2a: Iron Valiant|Swords Dance|p2a: Iron Valiant\n|-boost|p2a: Iron Valiant|atk|2\n|move|p1a: Slowking|Chilly Reception|p1a: Slowking\n|-weather|Snow\n|\n|t:|1700557027\n|switch|p1a: Heatran|Heatran, M|100\/100|[from] Chilly Reception\n|-damage|p1a: Heatran|88\/100|[from] Spikes\n|\n|-weather|Snow|[upkeep]\n|-heal|p1a: Heatran|94\/100|[from] item: Leftovers\n|upkeep\n|turn|16\n|\n|t:|1700557032\n|switch|p1a: Dragapult|Dragapult, F, shiny|1\/100\n|-damage|p1a: Dragapult|0 fnt|[from] Spikes\n|faint|p1a: Dragapult\n|move|p2a: Iron Valiant|Close Combat|p1: Dragapult|[notarget]\n|-fail|p2a: Iron Valiant\n|\n|-weather|Snow|[upkeep]\n|upkeep\n|\n|t:|1700557038\n|switch|p1a: Slowking|Slowking-Galar, M, shiny|100\/100\n|-damage|p1a: Slowking|88\/100|[from] Spikes\n|turn|17\n|\n|t:|1700557050\n|move|p2a: Iron Valiant|Knock Off|p1a: Slowking\n|-supereffective|p1a: Slowking\n|-damage|p1a: Slowking|0 fnt\n|-enditem|p1a: Slowking|Black Sludge|[from] move: Knock Off|[of] p2a: Iron Valiant\n|faint|p1a: Slowking\n|\n|-weather|Snow|[upkeep]\n|upkeep\n|\n|t:|1700557053\n|switch|p1a: Iron Valiant|Iron Valiant|100\/100\n|-damage|p1a: Iron Valiant|88\/100|[from] Spikes\n|turn|18\n|\n|t:|1700557059\n|move|p2a: Iron Valiant|Close Combat|p1a: Iron Valiant\n|-resisted|p1a: Iron Valiant\n|-damage|p1a: Iron Valiant|11\/100\n|-unboost|p2a: Iron Valiant|def|1\n|-unboost|p2a: Iron Valiant|spd|1\n|move|p1a: Iron Valiant|Focus Blast|p2a: Iron Valiant|[miss]\n|-miss|p1a: Iron Valiant|p2a: Iron Valiant\n|\n|-weather|Snow|[upkeep]\n|upkeep\n|turn|19\n|c|\u2606SycoBeastOP|gg ig\n|\n|t:|1700557069\n|move|p2a: Iron Valiant|Knock Off|p1a: Iron Valiant\n|-resisted|p1a: Iron Valiant\n|-damage|p1a: Iron Valiant|0 fnt\n|-enditem|p1a: Iron Valiant|Choice Specs|[from] move: Knock Off|[of] p2a: Iron Valiant\n|faint|p1a: Iron Valiant\n|-end|p1a: Iron Valiant|Quark Drive|[silent]\n|\n|-weather|none\n|upkeep\n|c|\u2606OU noooob 1|gg\n|\n|t:|1700557071\n|switch|p1a: Heatran|Heatran, M|94\/100\n|-damage|p1a: Heatran|82\/100|[from] Spikes\n|turn|20\n|\n|t:|1700557078\n|move|p2a: Iron Valiant|Close Combat|p1a: Heatran\n|-supereffective|p1a: Heatran\n|-damage|p1a: Heatran|0 fnt\n|-unboost|p2a: Iron Valiant|def|1\n|-unboost|p2a: Iron Valiant|spd|1\n|faint|p1a: Heatran\n|\n|win|OU noooob 1\n|raw|SycoBeastOP's rating: 1160 &rarr; <strong>1138<\/strong><br \/>(-22 for losing)\n|raw|OU noooob 1's rating: 1200 &rarr; <strong>1222<\/strong><br \/>(+22 for winning)\n","uploadtime":1700557082,"views":15,"p1id":"sycobeastop","p2id":"ounoooob1","formatid":"gen9ou","rating":1138,"private":0,"password":""}