{"id":"gen9ou-1989516914","p1":"Jjjjjjjgamesyt","p2":"aryan3003","format":"[Gen 9] OU","log":"|j|\u2606Jjjjjjjgamesyt\n|j|\u2606aryan3003\n|t:|1699864199\n|gametype|singles\n|player|p1|Jjjjjjjgamesyt|1|\n|player|p2|aryan3003|170|\n|teamsize|p1|6\n|teamsize|p2|6\n|gen|9\n|tier|[Gen 9] OU\n|rule|Sleep Clause Mod: Limit one foe put to sleep\n|rule|Species Clause: Limit one of each Pok\u00e9mon\n|rule|OHKO Clause: OHKO moves are banned\n|rule|Evasion Items Clause: Evasion items are banned\n|rule|Evasion Moves Clause: Evasion moves are banned\n|rule|Endless Battle Clause: Forcing endless battles is banned\n|rule|HP Percentage Mod: HP is shown in percentages\n|clearpoke\n|poke|p1|Iron Valiant|\n|poke|p1|Raichu-Alola, F|\n|poke|p1|Garchomp, F|\n|poke|p1|Salazzle, F|\n|poke|p1|Coalossal, M|\n|poke|p1|Kingambit, M|\n|poke|p2|Hydreigon, F|\n|poke|p2|Gholdengo|\n|poke|p2|Sneasler, F|\n|poke|p2|Samurott-Hisui, F|\n|poke|p2|Iron Treads|\n|poke|p2|Abomasnow, M|\n|teampreview\n|\n|t:|1699864211\n|start\n|switch|p1a: Franky|Iron Valiant, shiny|100\/100\n|switch|p2a: Iron Treads|Iron Treads|100\/100\n|-enditem|p1a: Franky|Booster Energy\n|-activate|p1a: Franky|ability: Quark Drive|[fromitem]\n|-start|p1a: Franky|quarkdrivespa\n|turn|1\n|c|\u2606aryan3003|glhf\n|\n|t:|1699864229\n|move|p2a: Iron Treads|Rapid Spin|p1a: Franky\n|-damage|p1a: Franky|78\/100\n|-boost|p2a: Iron Treads|spe|1\n|move|p1a: Franky|Aura Sphere|p2a: Iron Treads\n|-supereffective|p2a: Iron Treads\n|-damage|p2a: Iron Treads|0 fnt\n|faint|p2a: Iron Treads\n|-end|p2a: Iron Treads|Quark Drive|[silent]\n|\n|upkeep\n|\n|t:|1699864236\n|switch|p2a: Gholdengo|Gholdengo|100\/100\n|turn|2\n|\n|t:|1699864243\n|move|p1a: Franky|Fire Punch|p2a: Gholdengo\n|-supereffective|p2a: Gholdengo\n|-damage|p2a: Gholdengo|51\/100\n|move|p2a: Gholdengo|Thunder Wave|p1a: Franky\n|-status|p1a: Franky|par\n|\n|-heal|p2a: Gholdengo|57\/100|[from] item: Leftovers\n|upkeep\n|turn|3\n|\n|t:|1699864253\n|move|p2a: Gholdengo|Hex|p1a: Franky\n|-damage|p1a: Franky|0 fnt\n|faint|p1a: Franky\n|-end|p1a: Franky|Quark Drive|[silent]\n|\n|-heal|p2a: Gholdengo|63\/100|[from] item: Leftovers\n|upkeep\n|\n|t:|1699864264\n|switch|p1a: Kaido|Garchomp, F, shiny|100\/100\n|turn|4\n|\n|t:|1699864267\n|switch|p2a: Abomasnow|Abomasnow, M|100\/100\n|-weather|Snow|[from] ability: Snow Warning|[of] p2a: Abomasnow\n|move|p1a: Kaido|Scale Shot|p2a: Abomasnow\n|-damage|p2a: Abomasnow|91\/100\n|-crit|p2a: Abomasnow\n|-damage|p2a: Abomasnow|77\/100\n|-damage|p2a: Abomasnow|66\/100\n|-damage|p2a: Abomasnow|56\/100\n|-hitcount|p2a: Abomasnow|4\n|-unboost|p1a: Kaido|def|1\n|-boost|p1a: Kaido|spe|1\n|\n|-weather|Snow|[upkeep]\n|upkeep\n|turn|5\n|\n|t:|1699864283\n|switch|p1a: Magellan|Salazzle, F, shiny|100\/100\n|move|p2a: Abomasnow|Aurora Veil|p2a: Abomasnow\n|-sidestart|p2: aryan3003|move: Aurora Veil\n|\n|-weather|Snow|[upkeep]\n|upkeep\n|turn|6\n|\n|t:|1699864289\n|switch|p2a: Gholdengo|Gholdengo|63\/100\n|move|p1a: Magellan|Flame Charge|p2a: Gholdengo\n|-supereffective|p2a: Gholdengo\n|-damage|p2a: Gholdengo|45\/100\n|-boost|p1a: Magellan|spe|1\n|\n|-weather|Snow|[upkeep]\n|-heal|p2a: Gholdengo|51\/100|[from] item: Leftovers\n|upkeep\n|turn|7\n|\n|t:|1699864302\n|move|p1a: Magellan|Flame Charge|p2a: Gholdengo\n|-supereffective|p2a: Gholdengo\n|-damage|p2a: Gholdengo|31\/100\n|-boost|p1a: Magellan|spe|1\n|move|p2a: Gholdengo|Thunder Wave|p1a: Magellan|[miss]\n|-miss|p2a: Gholdengo|p1a: Magellan\n|\n|-weather|Snow|[upkeep]\n|-heal|p2a: Gholdengo|37\/100|[from] item: Leftovers\n|upkeep\n|turn|8\n|\n|t:|1699864311\n|move|p1a: Magellan|Flame Charge|p2a: Gholdengo\n|-supereffective|p2a: Gholdengo\n|-damage|p2a: Gholdengo|18\/100\n|-boost|p1a: Magellan|spe|1\n|move|p2a: Gholdengo|Thunder Wave|p1a: Magellan\n|-status|p1a: Magellan|par\n|\n|-weather|Snow|[upkeep]\n|-heal|p2a: Gholdengo|24\/100|[from] item: Leftovers\n|upkeep\n|turn|9\n|\n|t:|1699864320\n|switch|p2a: Hydreigon|Hydreigon, F|100\/100\n|cant|p1a: Magellan|par\n|\n|-weather|Snow|[upkeep]\n|-sideend|p2: aryan3003|move: Aurora Veil\n|upkeep\n|turn|10\n|\n|t:|1699864330\n|move|p2a: Hydreigon|Dark Pulse|p1a: Magellan\n|-damage|p1a: Magellan|0 fnt\n|faint|p1a: Magellan\n|-damage|p2a: Hydreigon|91\/100|[from] item: Life Orb\n|\n|-weather|Snow|[upkeep]\n|upkeep\n|\n|t:|1699864344\n|switch|p1a: Neijre|Raichu-Alola, F, shiny|100\/100\n|turn|11\n|\n|t:|1699864351\n|switch|p2a: Abomasnow|Abomasnow, M|56\/100\n|move|p1a: Neijre|Psychic|p2a: Abomasnow\n|-damage|p2a: Abomasnow|29\/100\n|\n|-weather|none\n|upkeep\n|turn|12\n|\n|t:|1699864360\n|move|p1a: Neijre|Iron Tail|p2a: Abomasnow|[miss]\n|-miss|p1a: Neijre|p2a: Abomasnow\n|move|p2a: Abomasnow|Leech Seed|p1a: Neijre\n|-start|p1a: Neijre|move: Leech Seed\n|\n|-damage|p1a: Neijre|88\/100|[from] Leech Seed|[of] p2a: Abomasnow\n|-heal|p2a: Abomasnow|37\/100|[silent]\n|upkeep\n|turn|13\n|\n|t:|1699864366\n|switch|p2a: Hydreigon|Hydreigon, F|91\/100\n|move|p1a: Neijre|Psychic|p2a: Hydreigon\n|-immune|p2a: Hydreigon\n|\n|-damage|p1a: Neijre|76\/100|[from] Leech Seed|[of] p2a: Hydreigon\n|-heal|p2a: Hydreigon|100\/100|[silent]\n|upkeep\n|turn|14\n|\n|t:|1699864374\n|switch|p2a: Abomasnow|Abomasnow, M|37\/100\n|-weather|Snow|[from] ability: Snow Warning|[of] p2a: Abomasnow\n|move|p1a: Neijre|Iron Tail|p2a: Abomasnow\n|-supereffective|p2a: Abomasnow\n|-damage|p2a: Abomasnow|6\/100\n|-unboost|p2a: Abomasnow|def|1\n|\n|-weather|Snow|[upkeep]\n|-damage|p1a: Neijre|64\/100|[from] Leech Seed|[of] p2a: Abomasnow\n|-heal|p2a: Abomasnow|14\/100|[silent]\n|upkeep\n|turn|15\n|\n|t:|1699864385\n|move|p1a: Neijre|Electro Ball|p2a: Abomasnow\n|-resisted|p2a: Abomasnow\n|-damage|p2a: Abomasnow|3\/100\n|move|p2a: Abomasnow|Aurora Veil|p2a: Abomasnow\n|-sidestart|p2: aryan3003|move: Aurora Veil\n|\n|-weather|Snow|[upkeep]\n|-damage|p1a: Neijre|51\/100|[from] Leech Seed|[of] p2a: Abomasnow\n|-heal|p2a: Abomasnow|11\/100|[silent]\n|upkeep\n|turn|16\n|\n|t:|1699864392\n|move|p1a: Neijre|Iron Tail|p2a: Abomasnow|[miss]\n|-miss|p1a: Neijre|p2a: Abomasnow\n|move|p2a: Abomasnow|Blizzard|p1a: Neijre\n|-damage|p1a: Neijre|1\/100\n|\n|-weather|Snow|[upkeep]\n|-damage|p1a: Neijre|0 fnt|[from] Leech Seed|[of] p2a: Abomasnow\n|-heal|p2a: Abomasnow|11\/100|[silent]\n|faint|p1a: Neijre\n|upkeep\n|\n|t:|1699864401\n|switch|p1a: Ace|Coalossal, M|100\/100\n|turn|17\n|\n|t:|1699864406\n|move|p1a: Ace|Flame Charge|p2a: Abomasnow\n|-supereffective|p2a: Abomasnow\n|-damage|p2a: Abomasnow|0 fnt\n|-boost|p1a: Ace|spe|1\n|faint|p2a: Abomasnow\n|\n|-weather|Snow|[upkeep]\n|upkeep\n|\n|t:|1699864410\n|switch|p2a: Sneasler|Sneasler, F|100\/100\n|turn|18\n|\n|t:|1699864436\n|move|p2a: Sneasler|Switcheroo|p1a: Ace\n|-activate|p2a: Sneasler|move: Trick|[of] p1a: Ace\n|-item|p1a: Ace|Choice Scarf|[from] move: Switcheroo\n|-item|p2a: Sneasler|Heavy-Duty Boots|[from] move: Switcheroo\n|move|p1a: Ace|Earthquake|p2a: Sneasler\n|-supereffective|p2a: Sneasler\n|-damage|p2a: Sneasler|56\/100\n|\n|-weather|Snow|[upkeep]\n|upkeep\n|turn|19\n|\n|t:|1699864445\n|switch|p2a: Hydreigon|Hydreigon, F|100\/100\n|move|p1a: Ace|Earthquake|p2a: Hydreigon\n|-immune|p2a: Hydreigon|[from] ability: Levitate\n|\n|-weather|Snow|[upkeep]\n|-sideend|p2: aryan3003|move: Aurora Veil\n|upkeep\n|turn|20\n|\n|t:|1699864453\n|switch|p1a: Kaido|Garchomp, F, shiny|100\/100\n|move|p2a: Hydreigon|Draco Meteor|p1a: Kaido\n|-supereffective|p1a: Kaido\n|-damage|p1a: Kaido|0 fnt\n|-unboost|p2a: Hydreigon|spa|2\n|faint|p1a: Kaido\n|-damage|p2a: Hydreigon|91\/100|[from] item: Life Orb\n|\n|-weather|Snow|[upkeep]\n|upkeep\n|\n|t:|1699864463\n|switch|p1a: Ace|Coalossal, M|100\/100\n|turn|21\n|c|\u2606aryan3003|nice thats gone\n|\n|t:|1699864473\n|move|p2a: Hydreigon|Nasty Plot|p2a: Hydreigon\n|-boost|p2a: Hydreigon|spa|2\n|move|p1a: Ace|Earthquake|p2a: Hydreigon\n|-immune|p2a: Hydreigon|[from] ability: Levitate\n|\n|-weather|none\n|upkeep\n|turn|22\n|\n|t:|1699864487\n|move|p2a: Hydreigon|Nasty Plot|p2a: Hydreigon\n|-boost|p2a: Hydreigon|spa|2\n|move|p1a: Ace|Earthquake|p2a: Hydreigon\n|-immune|p2a: Hydreigon|[from] ability: Levitate\n|\n|upkeep\n|turn|23\n|\n|t:|1699864495\n|-terastallize|p1a: Ace|Rock\n|move|p2a: Hydreigon|Nasty Plot|p2a: Hydreigon\n|-boost|p2a: Hydreigon|spa|2\n|move|p1a: Ace|Earthquake|p2a: Hydreigon\n|-immune|p2a: Hydreigon|[from] ability: Levitate\n|\n|upkeep\n|turn|24\n|\n|t:|1699864503\n|move|p2a: Hydreigon|Nasty Plot|p2a: Hydreigon\n|-boost|p2a: Hydreigon|spa|2\n|move|p1a: Ace|Earthquake|p2a: Hydreigon\n|-immune|p2a: Hydreigon|[from] ability: Levitate\n|\n|upkeep\n|turn|25\n|\n|t:|1699864514\n|switch|p1a: Kingambit|Kingambit, M|100\/100\n|-activate|p1a: Kingambit|ability: Supreme Overlord\n|-start|p1a: Kingambit|fallen4|[silent]\n|move|p2a: Hydreigon|Dark Pulse|p1a: Kingambit\n|-resisted|p1a: Kingambit\n|-damage|p1a: Kingambit|0 fnt\n|faint|p1a: Kingambit\n|-end|p1a: Kingambit|fallen4|[silent]\n|-damage|p2a: Hydreigon|81\/100|[from] item: Life Orb\n|\n|upkeep\n|\n|t:|1699864524\n|switch|p1a: Ace|Coalossal, M, tera:Rock|100\/100\n|turn|26\n|c|\u2606aryan3003|ggs\n|\n|t:|1699864530\n|move|p2a: Hydreigon|Draco Meteor|p1a: Ace|[miss]\n|-miss|p2a: Hydreigon|p1a: Ace\n|move|p1a: Ace|Body Press|p2a: Hydreigon\n|-supereffective|p2a: Hydreigon\n|-damage|p2a: Hydreigon|32\/100\n|\n|upkeep\n|turn|27\n|\n|t:|1699864536\n|move|p2a: Hydreigon|Draco Meteor|p1a: Ace|[miss]\n|-miss|p2a: Hydreigon|p1a: Ace\n|move|p1a: Ace|Body Press|p2a: Hydreigon\n|-supereffective|p2a: Hydreigon\n|-damage|p2a: Hydreigon|0 fnt\n|faint|p2a: Hydreigon\n|\n|upkeep\n|\n|t:|1699864542\n|switch|p2a: Samurott|Samurott-Hisui, F|100\/100\n|turn|28\n|l|\u2606aryan3003\n|player|p2|\n|j|\u2606aryan3003\n|player|p2|aryan3003|170\n|\n|t:|1699864615\n|move|p2a: Samurott|Flip Turn|p1a: Ace\n|-supereffective|p1a: Ace\n|-damage|p1a: Ace|66\/100\n|-status|p2a: Samurott|brn|[from] ability: Flame Body|[of] p1a: Ace\n|\n|t:|1699864618\n|switch|p2a: Gholdengo|Gholdengo|24\/100|[from] Flip Turn\n|move|p1a: Ace|Body Press|p2a: Gholdengo\n|-immune|p2a: Gholdengo\n|\n|-heal|p2a: Gholdengo|30\/100|[from] item: Leftovers\n|upkeep\n|turn|29\n|\n|t:|1699864659\n|move|p2a: Gholdengo|Make It Rain|p1a: Ace\n|-supereffective|p1a: Ace\n|-damage|p1a: Ace|0 fnt\n|-unboost|p2a: Gholdengo|spa|1\n|faint|p1a: Ace\n|\n|win|aryan3003\n|player|p2|aryan3003|170\n|c|\u2606aryan3003|gg\n","uploadtime":1699864684,"views":8,"p1id":"jjjjjjjgamesyt","p2id":"aryan3003","formatid":"gen9ou","rating":0,"private":0,"password":""}