{"id":"gen9ou-1988562958","p1":"bimblor10","p2":"Malcyuu","format":"[Gen 9] OU","log":"|j|\u2606bimblor10\n|j|\u2606Malcyuu\n|t:|1699736463\n|gametype|singles\n|player|p1|bimblor10|dragontamer-gen9|1390\n|player|p2|Malcyuu|169|1390\n|teamsize|p1|6\n|teamsize|p2|6\n|gen|9\n|tier|[Gen 9] OU\n|rated|\n|rule|Sleep Clause Mod: Limit one foe put to sleep\n|rule|Species Clause: Limit one of each Pok\u00e9mon\n|rule|OHKO Clause: OHKO moves are banned\n|rule|Evasion Items Clause: Evasion items are banned\n|rule|Evasion Moves Clause: Evasion moves are banned\n|rule|Endless Battle Clause: Forcing endless battles is banned\n|rule|HP Percentage Mod: HP is shown in percentages\n|clearpoke\n|poke|p1|Gholdengo|\n|poke|p1|Gliscor, F|\n|poke|p1|Garganacl, M|\n|poke|p1|Empoleon, M|\n|poke|p1|Great Tusk|\n|poke|p1|Zamazenta-*|\n|poke|p2|Sneasler, F|\n|poke|p2|Ninetales-Alola, M|\n|poke|p2|Dragonite, M|\n|poke|p2|Rillaboom, M|\n|poke|p2|Cinderace, M|\n|poke|p2|Ditto|\n|teampreview\n|inactive|Battle timer is ON: inactive players will automatically lose when time's up. (requested by bimblor10)\n|inactive|Malcyuu has 120 seconds left.\n|\n|t:|1699736509\n|start\n|switch|p1a: Waterloo|Empoleon, M|100\/100\n|switch|p2a: Ninetales|Ninetales-Alola, M|100\/100\n|-weather|Snow|[from] ability: Snow Warning|[of] p2a: Ninetales\n|turn|1\n|\n|t:|1699736518\n|move|p2a: Ninetales|Aurora Veil|p2a: Ninetales\n|-sidestart|p2: Malcyuu|move: Aurora Veil\n|move|p1a: Waterloo|Roar|p2a: Ninetales\n|drag|p2a: Sneasler|Sneasler, F|100\/100\n|\n|-weather|Snow|[upkeep]\n|upkeep\n|turn|2\n|\n|t:|1699736537\n|switch|p2a: Ninetales|Ninetales-Alola, M|100\/100\n|move|p1a: Waterloo|Flip Turn|p2a: Ninetales\n|-damage|p2a: Ninetales|94\/100\n|\n|t:|1699736547\n|switch|p1a: Jimmy Neutron|Garganacl, M|100\/100|[from] Flip Turn\n|\n|-weather|Snow|[upkeep]\n|upkeep\n|turn|3\n|\n|t:|1699736561\n|switch|p2a: Rillaboom|Rillaboom, M|100\/100\n|-fieldstart|move: Grassy Terrain|[from] ability: Grassy Surge|[of] p2a: Rillaboom\n|move|p1a: Jimmy Neutron|Salt Cure|p2a: Rillaboom\n|-damage|p2a: Rillaboom|93\/100\n|-start|p2a: Rillaboom|Salt Cure\n|\n|-weather|Snow|[upkeep]\n|-heal|p2a: Rillaboom|99\/100|[from] Grassy Terrain\n|-heal|p2a: Rillaboom|100\/100|[from] item: Leftovers\n|-damage|p2a: Rillaboom|88\/100|[from] Salt Cure\n|upkeep\n|turn|4\n|\n|t:|1699736584\n|switch|p1a: Britney Spears|Gliscor, F|100\/100\n|move|p2a: Rillaboom|U-turn|p1a: Britney Spears\n|-resisted|p1a: Britney Spears\n|-damage|p1a: Britney Spears|91\/100\n|\n|t:|1699736597\n|switch|p2a: Sneasler|Sneasler, F|100\/100|[from] U-turn\n|-enditem|p2a: Sneasler|Grassy Seed\n|-boost|p2a: Sneasler|def|1|[from] item: Grassy Seed\n|\n|-weather|Snow|[upkeep]\n|-status|p1a: Britney Spears|tox|[from] item: Toxic Orb\n|upkeep\n|turn|5\n|\n|t:|1699736608\n|move|p2a: Sneasler|Swords Dance|p2a: Sneasler\n|-boost|p2a: Sneasler|atk|2\n|move|p1a: Britney Spears|Earthquake|p2a: Sneasler\n|-supereffective|p2a: Sneasler\n|-damage|p2a: Sneasler|80\/100\n|\n|-weather|none\n|-heal|p2a: Sneasler|86\/100|[from] Grassy Terrain\n|-heal|p1a: Britney Spears|100\/100 tox|[from] ability: Poison Heal\n|upkeep\n|turn|6\n|\n|t:|1699736627\n|switch|p1a: Waterloo|Empoleon, M|100\/100\n|move|p2a: Sneasler|Swords Dance|p2a: Sneasler\n|-boost|p2a: Sneasler|atk|2\n|\n|-heal|p2a: Sneasler|92\/100|[from] Grassy Terrain\n|upkeep\n|turn|7\n|\n|t:|1699736640\n|move|p2a: Sneasler|Close Combat|p1a: Waterloo\n|-supereffective|p1a: Waterloo\n|-damage|p1a: Waterloo|0 fnt\n|-unboost|p2a: Sneasler|def|1\n|-unboost|p2a: Sneasler|spd|1\n|faint|p1a: Waterloo\n|\n|-heal|p2a: Sneasler|98\/100|[from] Grassy Terrain\n|-fieldend|move: Grassy Terrain\n|upkeep\n|inactive|bimblor10 has 120 seconds left.\n|\n|t:|1699736659\n|switch|p1a: Britney Spears|Gliscor, F|100\/100 tox\n|turn|8\n|\n|t:|1699736673\n|move|p1a: Britney Spears|Protect|p1a: Britney Spears\n|-singleturn|p1a: Britney Spears|Protect\n|move|p2a: Sneasler|Swords Dance|p2a: Sneasler\n|-boost|p2a: Sneasler|atk|2\n|\n|-sideend|p2: Malcyuu|move: Aurora Veil\n|upkeep\n|turn|9\n|\n|t:|1699736683\n|-terastallize|p2a: Sneasler|Flying\n|move|p2a: Sneasler|Acrobatics|p1a: Britney Spears\n|-damage|p1a: Britney Spears|0 fnt\n|faint|p1a: Britney Spears\n|\n|upkeep\n|\n|t:|1699736697\n|switch|p1a: Jimmy Neutron|Garganacl, M|100\/100\n|turn|10\n|inactive|Malcyuu has 120 seconds left.\n|\n|t:|1699736740\n|-terastallize|p1a: Jimmy Neutron|Fairy\n|move|p2a: Sneasler|Acrobatics|p1a: Jimmy Neutron\n|-damage|p1a: Jimmy Neutron|0 fnt\n|faint|p1a: Jimmy Neutron\n|\n|upkeep\n|-message|bimblor10 forfeited.\n|\n|win|Malcyuu\n|raw|bimblor10's rating: 1390 &rarr; <strong>1370<\/strong><br \/>(-20 for losing)\n|raw|Malcyuu's rating: 1390 &rarr; <strong>1410<\/strong><br \/>(+20 for winning)\n|l|\u2606bimblor10\n","uploadtime":1699736777,"views":10,"p1id":"bimblor10","p2id":"malcyuu","formatid":"gen9ou","rating":1370,"private":0,"password":""}