{"id":"gen9ou-1996978781","p1":"Another dust","p2":"mrbadd","format":"[Gen 9] OU","log":"|j|\u2606Another dust\n|j|\u2606mrbadd\n|t:|1700751948\n|gametype|singles\n|player|p1|Another dust|picnicker|1168\n|player|p2|mrbadd|rocker-gen1rb|1254\n|teamsize|p1|6\n|teamsize|p2|6\n|gen|9\n|tier|[Gen 9] OU\n|rated|\n|rule|Sleep Clause Mod: Limit one foe put to sleep\n|rule|Species Clause: Limit one of each Pok\u00e9mon\n|rule|OHKO Clause: OHKO moves are banned\n|rule|Evasion Items Clause: Evasion items are banned\n|rule|Evasion Moves Clause: Evasion moves are banned\n|rule|Endless Battle Clause: Forcing endless battles is banned\n|rule|HP Percentage Mod: HP is shown in percentages\n|clearpoke\n|poke|p1|Dragapult, F|\n|poke|p1|Zapdos|\n|poke|p1|Slowking-Galar, F|\n|poke|p1|Ogerpon-Wellspring, F|\n|poke|p1|Great Tusk|\n|poke|p1|Gholdengo|\n|poke|p2|Dragapult, F|\n|poke|p2|Skeledirge, M|\n|poke|p2|Milotic, F|\n|poke|p2|Clefable, M|\n|poke|p2|Clodsire, M|\n|poke|p2|Mandibuzz, F|\n|teampreview\n|\n|t:|1700751964\n|start\n|switch|p1a: Zapdos|Zapdos|100\/100\n|switch|p2a: Creep|Dragapult, F, shiny|100\/100\n|turn|1\n|\n|t:|1700751980\n|switch|p2a: Burger Steak|Clodsire, M|100\/100\n|move|p1a: Zapdos|Volt Switch|p2a: Burger Steak\n|-immune|p2a: Burger Steak\n|\n|upkeep\n|turn|2\n|\n|t:|1700751992\n|switch|p1a: Ogerpon|Ogerpon-Wellspring, F|100\/100\n|move|p2a: Burger Steak|Spikes|p1a: Ogerpon\n|-sidestart|p1: Another dust|Spikes\n|\n|upkeep\n|turn|3\n|\n|t:|1700752002\n|move|p1a: Ogerpon|Ivy Cudgel|p2a: Burger Steak|[anim] Ivy Cudgel Water\n|-immune|p2a: Burger Steak|[from] ability: Water Absorb\n|move|p2a: Burger Steak|Toxic|p1a: Ogerpon\n|-status|p1a: Ogerpon|tox\n|\n|-damage|p1a: Ogerpon|95\/100 tox|[from] psn\n|upkeep\n|turn|4\n|\n|t:|1700752015\n|move|p1a: Ogerpon|Encore|p2a: Burger Steak\n|-start|p2a: Burger Steak|Encore\n|move|p2a: Burger Steak|Toxic|p1a: Ogerpon\n|-fail|p1a: Ogerpon|tox\n|\n|-damage|p1a: Ogerpon|83\/100 tox|[from] psn\n|upkeep\n|turn|5\n|\n|t:|1700752028\n|switch|p1a: Slowking|Slowking-Galar, F|100\/100\n|-damage|p1a: Slowking|88\/100|[from] Spikes\n|switch|p2a: Goth|Mandibuzz, F, shiny|100\/100\n|\n|upkeep\n|turn|6\n|\n|t:|1700752038\n|switch|p2a: Burger Steak|Clodsire, M|100\/100\n|move|p1a: Slowking|Sludge Bomb|p2a: Burger Steak\n|-resisted|p2a: Burger Steak\n|-damage|p2a: Burger Steak|94\/100\n|\n|-heal|p2a: Burger Steak|99\/100|[from] item: Black Sludge\n|upkeep\n|turn|7\n|\n|t:|1700752048\n|move|p1a: Slowking|Future Sight|p2a: Burger Steak\n|-start|p1a: Slowking|move: Future Sight\n|move|p2a: Burger Steak|Earthquake|p1a: Slowking\n|-supereffective|p1a: Slowking\n|-damage|p1a: Slowking|30\/100\n|\n|-heal|p2a: Burger Steak|100\/100|[from] item: Black Sludge\n|upkeep\n|turn|8\n|\n|t:|1700752065\n|switch|p1a: Zapdos|Zapdos|100\/100\n|switch|p2a: Creep|Dragapult, F, shiny|100\/100\n|\n|upkeep\n|turn|9\n|\n|t:|1700752074\n|move|p2a: Creep|Draco Meteor|p1a: Zapdos\n|-damage|p1a: Zapdos|5\/100\n|-unboost|p2a: Creep|spa|2\n|move|p1a: Zapdos|Hurricane|p2a: Creep\n|-damage|p2a: Creep|33\/100\n|\n|-end|p2a: Creep|move: Future Sight\n|-damage|p2a: Creep|0 fnt\n|faint|p2a: Creep\n|upkeep\n|\n|t:|1700752089\n|switch|p2a: Huling El Bimbo|Skeledirge, M, shiny|100\/100\n|turn|10\n|\n|t:|1700752096\n|move|p1a: Zapdos|Volt Switch|p2a: Huling El Bimbo\n|-damage|p2a: Huling El Bimbo|79\/100\n|\n|t:|1700752100\n|switch|p1a: Ogerpon|Ogerpon-Wellspring, F|83\/100 tox|[from] Volt Switch\n|-damage|p1a: Ogerpon|70\/100 tox|[from] Spikes\n|move|p2a: Huling El Bimbo|Torch Song|p1a: Ogerpon\n|-damage|p1a: Ogerpon|32\/100 tox\n|-boost|p2a: Huling El Bimbo|spa|1\n|\n|-damage|p1a: Ogerpon|26\/100 tox|[from] psn\n|upkeep\n|turn|11\n|\n|t:|1700752114\n|switch|p2a: Goth|Mandibuzz, F, shiny|100\/100\n|move|p1a: Ogerpon|Ivy Cudgel|p2a: Goth|[anim] Ivy Cudgel Water\n|-damage|p2a: Goth|65\/100\n|\n|-damage|p1a: Ogerpon|14\/100 tox|[from] psn\n|upkeep\n|turn|12\n|\n|t:|1700752126\n|move|p1a: Ogerpon|Horn Leech|p2a: Goth\n|-resisted|p2a: Goth\n|-damage|p2a: Goth|52\/100\n|-heal|p1a: Ogerpon|23\/100 tox|[from] drain|[of] p2a: Goth\n|move|p2a: Goth|Roost|p2a: Goth\n|-heal|p2a: Goth|100\/100\n|-singleturn|p2a: Goth|move: Roost\n|\n|-damage|p1a: Ogerpon|5\/100 tox|[from] psn\n|upkeep\n|turn|13\n|\n|t:|1700752143\n|switch|p2a: Burger Steak|Clodsire, M|100\/100\n|move|p1a: Ogerpon|Encore||[still]\n|-fail|p1a: Ogerpon\n|\n|-damage|p1a: Ogerpon|0 fnt|[from] psn\n|faint|p1a: Ogerpon\n|upkeep\n|\n|t:|1700752148\n|switch|p1a: Great Tusk|Great Tusk|100\/100\n|-damage|p1a: Great Tusk|88\/100|[from] Spikes\n|turn|14\n|\n|t:|1700752155\n|move|p1a: Great Tusk|Rapid Spin|p2a: Burger Steak\n|-damage|p2a: Burger Steak|90\/100\n|-boost|p1a: Great Tusk|spe|1\n|-sideend|p1: Another dust|Spikes|[from] move: Rapid Spin|[of] p1a: Great Tusk\n|move|p2a: Burger Steak|Toxic|p1a: Great Tusk\n|-status|p1a: Great Tusk|tox\n|\n|-heal|p1a: Great Tusk|94\/100 tox|[from] item: Leftovers\n|-heal|p2a: Burger Steak|96\/100|[from] item: Black Sludge\n|-damage|p1a: Great Tusk|88\/100 tox|[from] psn\n|upkeep\n|turn|15\n|\n|t:|1700752167\n|switch|p2a: Goth|Mandibuzz, F, shiny|100\/100\n|move|p1a: Great Tusk|Earthquake|p2a: Goth\n|-immune|p2a: Goth\n|\n|-heal|p1a: Great Tusk|94\/100 tox|[from] item: Leftovers\n|-damage|p1a: Great Tusk|82\/100 tox|[from] psn\n|upkeep\n|turn|16\n|\n|t:|1700752176\n|move|p1a: Great Tusk|Knock Off|p2a: Goth\n|-resisted|p2a: Goth\n|-damage|p2a: Goth|92\/100\n|-enditem|p2a: Goth|Heavy-Duty Boots|[from] move: Knock Off|[of] p1a: Great Tusk\n|move|p2a: Goth|Iron Defense|p2a: Goth\n|-boost|p2a: Goth|def|2\n|\n|-heal|p1a: Great Tusk|88\/100 tox|[from] item: Leftovers\n|-damage|p1a: Great Tusk|69\/100 tox|[from] psn\n|upkeep\n|turn|17\n|\n|t:|1700752186\n|move|p1a: Great Tusk|Stealth Rock|p2a: Goth\n|-sidestart|p2: mrbadd|move: Stealth Rock\n|move|p2a: Goth|Knock Off|p1a: Great Tusk\n|-resisted|p1a: Great Tusk\n|-damage|p1a: Great Tusk|62\/100 tox\n|-enditem|p1a: Great Tusk|Leftovers|[from] move: Knock Off|[of] p2a: Goth\n|\n|-damage|p1a: Great Tusk|37\/100 tox|[from] psn\n|upkeep\n|turn|18\n|\n|t:|1700752196\n|-end|p1a: Great Tusk|Protosynthesis|[silent]\n|switch|p1a: Gholdengo|Gholdengo|100\/100\n|move|p2a: Goth|Knock Off|p1a: Gholdengo\n|-supereffective|p1a: Gholdengo\n|-damage|p1a: Gholdengo|47\/100\n|-enditem|p1a: Gholdengo|Choice Specs|[from] move: Knock Off|[of] p2a: Goth\n|\n|upkeep\n|turn|19\n|\n|t:|1700752208\n|switch|p2a: Cytherea|Milotic, F|100\/100\n|move|p1a: Gholdengo|Make It Rain|p2a: Cytherea\n|-resisted|p2a: Cytherea\n|-damage|p2a: Cytherea|81\/100\n|-unboost|p1a: Gholdengo|spa|1\n|\n|upkeep\n|turn|20\n|\n|t:|1700752221\n|move|p1a: Gholdengo|Trick|p2a: Cytherea\n|-activate|p1a: Gholdengo|move: Trick|[of] p2a: Cytherea\n|-enditem|p2a: Cytherea|Heavy-Duty Boots|[silent]|[from] move: Trick\n|-item|p1a: Gholdengo|Heavy-Duty Boots|[from] move: Trick\n|move|p2a: Cytherea|Scald|p1a: Gholdengo\n|-damage|p1a: Gholdengo|17\/100\n|-status|p1a: Gholdengo|brn\n|\n|-damage|p1a: Gholdengo|11\/100 brn|[from] brn\n|upkeep\n|turn|21\n|\n|t:|1700752231\n|move|p1a: Gholdengo|Shadow Ball|p2a: Cytherea\n|-damage|p2a: Cytherea|63\/100\n|move|p2a: Cytherea|Scald|p1a: Gholdengo\n|-damage|p1a: Gholdengo|0 fnt\n|faint|p1a: Gholdengo\n|\n|upkeep\n|\n|t:|1700752234\n|switch|p1a: Zapdos|Zapdos|5\/100\n|turn|22\n|\n|t:|1700752252\n|move|p1a: Zapdos|Roost|p1a: Zapdos\n|-heal|p1a: Zapdos|55\/100\n|-singleturn|p1a: Zapdos|move: Roost\n|move|p2a: Cytherea|Recover|p2a: Cytherea\n|-heal|p2a: Cytherea|100\/100\n|\n|upkeep\n|turn|23\n|\n|t:|1700752262\n|move|p1a: Zapdos|Volt Switch|p2a: Cytherea\n|-supereffective|p2a: Cytherea\n|-damage|p2a: Cytherea|66\/100\n|\n|t:|1700752270\n|switch|p1a: Slowking|Slowking-Galar, F|63\/100|[from] Volt Switch\n|move|p2a: Cytherea|Mirror Coat|p1a: Slowking\n|-damage|p1a: Slowking|0 fnt\n|faint|p1a: Slowking\n|\n|upkeep\n|\n|t:|1700752274\n|switch|p1a: Zapdos|Zapdos|55\/100\n|turn|24\n|\n|t:|1700752280\n|move|p1a: Zapdos|Hurricane|p2a: Cytherea|[miss]\n|-miss|p1a: Zapdos|p2a: Cytherea\n|move|p2a: Cytherea|Recover|p2a: Cytherea\n|-heal|p2a: Cytherea|100\/100\n|\n|upkeep\n|turn|25\n|\n|t:|1700752288\n|move|p1a: Zapdos|Hurricane|p2a: Cytherea\n|-damage|p2a: Cytherea|74\/100\n|move|p2a: Cytherea|Mirror Coat|p1a: Zapdos\n|-damage|p1a: Zapdos|0 fnt\n|faint|p1a: Zapdos\n|\n|upkeep\n|-message|Another dust forfeited.\n|\n|win|mrbadd\n|raw|Another dust's rating: 1168 &rarr; <strong>1149<\/strong><br \/>(-19 for losing)\n|raw|mrbadd's rating: 1254 &rarr; <strong>1273<\/strong><br \/>(+19 for winning)\n|l|\u2606Another dust\n","uploadtime":1700752301,"views":3,"p1id":"anotherdust","p2id":"mrbadd","formatid":"gen9ou","rating":1149,"private":0,"password":""}