{"id":"gen9ou-1996065305","p1":"Ryan's World","p2":"hotdogbathwater","format":"[Gen 9] OU","log":"|j|\u2606Ryan's World\n|j|\u2606hotdogbathwater\n|t:|1700638259\n|gametype|singles\n|player|p1|Ryan's World|169|1188\n|player|p2|hotdogbathwater|flannery|1302\n|teamsize|p1|6\n|teamsize|p2|6\n|gen|9\n|tier|[Gen 9] OU\n|rated|\n|rule|Sleep Clause Mod: Limit one foe put to sleep\n|rule|Species Clause: Limit one of each Pok\u00e9mon\n|rule|OHKO Clause: OHKO moves are banned\n|rule|Evasion Items Clause: Evasion items are banned\n|rule|Evasion Moves Clause: Evasion moves are banned\n|rule|Endless Battle Clause: Forcing endless battles is banned\n|rule|HP Percentage Mod: HP is shown in percentages\n|clearpoke\n|poke|p1|Dragapult, M|\n|poke|p1|Cinderace, M|\n|poke|p1|Kingambit, M|\n|poke|p1|Landorus-Therian, M|\n|poke|p1|Iron Valiant|\n|poke|p1|Ogerpon-Wellspring, F|\n|poke|p2|Hatterene, F|\n|poke|p2|Rillaboom, F|\n|poke|p2|Hawlucha, M|\n|poke|p2|Zapdos|\n|poke|p2|Greninja-*, M|\n|poke|p2|Landorus-Therian, M|\n|teampreview\n|inactive|Battle timer is ON: inactive players will automatically lose when time's up. (requested by hotdogbathwater)\n|\n|t:|1700638268\n|start\n|switch|p1a: Dragapult|Dragapult, M|100\/100\n|switch|p2a: Rillaboom|Rillaboom, F|100\/100\n|-fieldstart|move: Grassy Terrain|[from] ability: Grassy Surge|[of] p2a: Rillaboom\n|turn|1\n|\n|t:|1700638277\n|switch|p2a: Hatterene|Hatterene, F|100\/100\n|move|p1a: Dragapult|Will-O-Wisp|p2a: Hatterene\n|-status|p2a: Hatterene|brn\n|\n|-damage|p2a: Hatterene|95\/100 brn|[from] brn\n|upkeep\n|turn|2\n|c|\u2606hotdogbathwater|shit\n|c|\u2606Ryan's World|uhh\n|c|\u2606Ryan's World|wrong ability lol\n|\n|t:|1700638307\n|switch|p1a: Landorus|Landorus-Therian, M|100\/100\n|-ability|p1a: Landorus|Intimidate|boost\n|-unboost|p2a: Hatterene|atk|1\n|move|p2a: Hatterene|Calm Mind|p2a: Hatterene\n|-boost|p2a: Hatterene|spa|1\n|-boost|p2a: Hatterene|spd|1\n|\n|-heal|p2a: Hatterene|100\/100 brn|[from] Grassy Terrain\n|-damage|p2a: Hatterene|95\/100 brn|[from] brn\n|upkeep\n|turn|3\n|\n|t:|1700638333\n|move|p1a: Landorus|U-turn|p2a: Hatterene\n|-damage|p2a: Hatterene|66\/100 brn\n|\n|t:|1700638335\n|switch|p1a: Kingambit|Kingambit, M|100\/100|[from] U-turn\n|move|p2a: Hatterene|Draining Kiss|p1a: Kingambit\n|-damage|p1a: Kingambit|68\/100\n|-heal|p2a: Hatterene|96\/100 brn|[from] drain|[of] p1a: Kingambit\n|\n|-heal|p1a: Kingambit|75\/100|[from] Grassy Terrain\n|-heal|p2a: Hatterene|100\/100 brn|[from] Grassy Terrain\n|-damage|p2a: Hatterene|95\/100 brn|[from] brn\n|upkeep\n|turn|4\n|\n|t:|1700638346\n|switch|p2a: Landorus|Landorus-Therian, M|100\/100\n|-ability|p2a: Landorus|Intimidate|boost\n|-unboost|p1a: Kingambit|atk|1\n|-ability|p1a: Kingambit|Defiant|boost\n|-boost|p1a: Kingambit|atk|2\n|move|p1a: Kingambit|Iron Head|p2a: Landorus\n|-damage|p2a: Landorus|50\/100\n|\n|-heal|p2a: Landorus|56\/100|[from] item: Leftovers\n|-heal|p1a: Kingambit|81\/100|[from] Grassy Terrain\n|upkeep\n|turn|5\n|\n|t:|1700638361\n|-terastallize|p1a: Kingambit|Flying\n|move|p2a: Landorus|Stealth Rock|p1a: Kingambit\n|-sidestart|p1: Ryan's World|move: Stealth Rock\n|move|p1a: Kingambit|Swords Dance|p1a: Kingambit\n|-boost|p1a: Kingambit|atk|2\n|\n|-heal|p2a: Landorus|62\/100|[from] item: Leftovers\n|-fieldend|move: Grassy Terrain\n|upkeep\n|turn|6\n|\n|t:|1700638369\n|move|p1a: Kingambit|Sucker Punch|p2a: Landorus\n|-damage|p2a: Landorus|0 fnt\n|faint|p2a: Landorus\n|\n|upkeep\n|\n|t:|1700638376\n|switch|p2a: Zapdos|Zapdos|100\/100\n|turn|7\n|\n|t:|1700638384\n|move|p1a: Kingambit|Sucker Punch|p2a: Zapdos\n|-damage|p2a: Zapdos|28\/100\n|move|p2a: Zapdos|Volt Switch|p1a: Kingambit\n|-supereffective|p1a: Kingambit\n|-damage|p1a: Kingambit|19\/100\n|\n|t:|1700638397\n|switch|p2a: Rillaboom|Rillaboom, F|100\/100|[from] Volt Switch\n|-fieldstart|move: Grassy Terrain|[from] ability: Grassy Surge|[of] p2a: Rillaboom\n|\n|upkeep\n|turn|8\n|\n|t:|1700638411\n|move|p2a: Rillaboom|Grassy Glide|p1a: Kingambit\n|-resisted|p1a: Kingambit\n|-damage|p1a: Kingambit|0 fnt\n|faint|p1a: Kingambit\n|\n|upkeep\n|\n|t:|1700638421\n|switch|p1a: Cinderace|Cinderace, M|100\/100\n|turn|9\n|\n|t:|1700638433\n|switch|p2a: Zapdos|Zapdos|28\/100\n|move|p1a: Cinderace|Court Change|p1a: Cinderace\n|-start|p1a: Cinderace|typechange|Normal|[from] ability: Libero\n|-swapsideconditions\n|-activate|p1a: Cinderace|move: Court Change\n|\n|upkeep\n|turn|10\n|\n|t:|1700638440\n|move|p1a: Cinderace|Pyro Ball|p2a: Zapdos\n|-damage|p2a: Zapdos|0 fnt\n|faint|p2a: Zapdos\n|\n|upkeep\n|\n|t:|1700638449\n|switch|p2a: Greninja|Greninja, M|100\/100\n|-damage|p2a: Greninja|88\/100|[from] Stealth Rock\n|turn|11\n|\n|t:|1700638456\n|switch|p1a: Ogerpon|Ogerpon-Wellspring, F|100\/100\n|move|p2a: Greninja|Ice Beam|p1a: Ogerpon\n|-damage|p1a: Ogerpon|61\/100\n|-damage|p2a: Greninja|78\/100|[from] item: Life Orb\n|\n|-heal|p2a: Greninja|84\/100|[from] Grassy Terrain\n|-heal|p1a: Ogerpon|67\/100|[from] Grassy Terrain\n|-fieldend|move: Grassy Terrain\n|upkeep\n|turn|12\n|\n|t:|1700638466\n|move|p2a: Greninja|Ice Beam|p1a: Ogerpon\n|-damage|p1a: Ogerpon|26\/100\n|-damage|p2a: Greninja|75\/100|[from] item: Life Orb\n|move|p1a: Ogerpon|Trailblaze|p2a: Greninja\n|-supereffective|p2a: Greninja\n|-damage|p2a: Greninja|0 fnt\n|-boost|p1a: Ogerpon|spe|1\n|faint|p2a: Greninja\n|\n|upkeep\n|\n|t:|1700638472\n|switch|p2a: Rillaboom|Rillaboom, F|100\/100\n|-damage|p2a: Rillaboom|88\/100|[from] Stealth Rock\n|-fieldstart|move: Grassy Terrain|[from] ability: Grassy Surge|[of] p2a: Rillaboom\n|turn|13\n|\n|t:|1700638484\n|switch|p1a: Cinderace|Cinderace, M|100\/100\n|move|p2a: Rillaboom|Grassy Glide|p1a: Cinderace\n|-resisted|p1a: Cinderace\n|-damage|p1a: Cinderace|62\/100\n|\n|-heal|p1a: Cinderace|68\/100|[from] Grassy Terrain\n|-heal|p2a: Rillaboom|94\/100|[from] Grassy Terrain\n|upkeep\n|turn|14\n|\n|t:|1700638493\n|switch|p2a: Hatterene|Hatterene, F|95\/100 brn\n|-damage|p2a: Hatterene|82\/100 brn|[from] Stealth Rock\n|move|p1a: Cinderace|Pyro Ball|p2a: Hatterene\n|-damage|p2a: Hatterene|27\/100 brn\n|\n|-heal|p1a: Cinderace|74\/100|[from] Grassy Terrain\n|-heal|p2a: Hatterene|33\/100 brn|[from] Grassy Terrain\n|-heal|p2a: Hatterene|39\/100 brn|[from] item: Leftovers\n|-damage|p2a: Hatterene|33\/100 brn|[from] brn\n|upkeep\n|turn|15\n|\n|t:|1700638504\n|move|p1a: Cinderace|Pyro Ball|p2a: Hatterene\n|-damage|p2a: Hatterene|0 fnt\n|faint|p2a: Hatterene\n|\n|-heal|p1a: Cinderace|80\/100|[from] Grassy Terrain\n|upkeep\n|\n|t:|1700638508\n|switch|p2a: Hawlucha|Hawlucha, M|100\/100\n|-damage|p2a: Hawlucha|88\/100|[from] Stealth Rock\n|-enditem|p2a: Hawlucha|Grassy Seed\n|-boost|p2a: Hawlucha|def|1|[from] item: Grassy Seed\n|turn|16\n|\n|t:|1700638515\n|move|p2a: Hawlucha|Swords Dance|p2a: Hawlucha\n|-boost|p2a: Hawlucha|atk|2\n|move|p1a: Cinderace|Will-O-Wisp|p2a: Hawlucha|[miss]\n|-miss|p1a: Cinderace|p2a: Hawlucha\n|\n|-heal|p1a: Cinderace|86\/100|[from] Grassy Terrain\n|upkeep\n|turn|17\n|\n|t:|1700638524\n|move|p2a: Hawlucha|Acrobatics|p1a: Cinderace\n|-damage|p1a: Cinderace|0 fnt\n|faint|p1a: Cinderace\n|\n|-fieldend|move: Grassy Terrain\n|upkeep\n|\n|t:|1700638534\n|switch|p1a: Landorus|Landorus-Therian, M|100\/100\n|-ability|p1a: Landorus|Intimidate|boost\n|-unboost|p2a: Hawlucha|atk|1\n|turn|18\n|\n|t:|1700638541\n|switch|p1a: Ogerpon|Ogerpon-Wellspring, F|26\/100\n|move|p2a: Hawlucha|Acrobatics|p1a: Ogerpon\n|-supereffective|p1a: Ogerpon\n|-damage|p1a: Ogerpon|0 fnt\n|faint|p1a: Ogerpon\n|\n|upkeep\n|\n|t:|1700638548\n|switch|p1a: Landorus|Landorus-Therian, M|100\/100\n|-ability|p1a: Landorus|Intimidate|boost\n|-unboost|p2a: Hawlucha|atk|1\n|turn|19\n|\n|t:|1700638557\n|move|p2a: Hawlucha|Swords Dance|p2a: Hawlucha\n|-boost|p2a: Hawlucha|atk|2\n|move|p1a: Landorus|Stone Edge|p2a: Hawlucha\n|-damage|p2a: Hawlucha|45\/100\n|\n|upkeep\n|turn|20\n|\n|t:|1700638563\n|move|p2a: Hawlucha|Acrobatics|p1a: Landorus\n|-crit|p1a: Landorus\n|-damage|p1a: Landorus|0 fnt\n|faint|p1a: Landorus\n|\n|upkeep\n|\n|t:|1700638568\n|switch|p1a: Dragapult|Dragapult, M|100\/100\n|turn|21\n|\n|t:|1700638572\n|move|p2a: Hawlucha|Acrobatics|p1a: Dragapult\n|-damage|p1a: Dragapult|0 fnt\n|faint|p1a: Dragapult\n|\n|upkeep\n|\n|t:|1700638576\n|switch|p1a: Iron Valiant|Iron Valiant|100\/100\n|-enditem|p1a: Iron Valiant|Booster Energy\n|-activate|p1a: Iron Valiant|ability: Quark Drive|[fromitem]\n|-start|p1a: Iron Valiant|quarkdrivespa\n|turn|22\n|\n|t:|1700638582\n|move|p2a: Hawlucha|Acrobatics|p1a: Iron Valiant\n|-supereffective|p1a: Iron Valiant\n|-damage|p1a: Iron Valiant|0 fnt\n|faint|p1a: Iron Valiant\n|-end|p1a: Iron Valiant|Quark Drive|[silent]\n|\n|win|hotdogbathwater\n|raw|Ryan&apos;s World's rating: 1188 &rarr; <strong>1171<\/strong><br \/>(-17 for losing)\n|raw|hotdogbathwater's rating: 1302 &rarr; <strong>1316<\/strong><br \/>(+14 for winning)\n|l|\u2606Ryan's World\n|c|\u2606hotdogbathwater|gg\n","uploadtime":1700638592,"views":0,"p1id":"ryansworld","p2id":"hotdogbathwater","formatid":"gen9ou","rating":1171,"private":0,"password":""}