{"id":"gen9ou-1993179772","p1":"Mr. 475","p2":"LegacyShowden","format":"[Gen 9] OU","log":"|j|\u2606Mr. 475\n|j|\u2606LegacyShowden\n|t:|1700274561\n|gametype|singles\n|player|p1|Mr. 475|blackbelt-gen2|1446\n|player|p2|LegacyShowden|rosa|1560\n|teamsize|p1|6\n|teamsize|p2|6\n|gen|9\n|tier|[Gen 9] OU\n|rated|\n|rule|Sleep Clause Mod: Limit one foe put to sleep\n|rule|Species Clause: Limit one of each Pok\u00e9mon\n|rule|OHKO Clause: OHKO moves are banned\n|rule|Evasion Items Clause: Evasion items are banned\n|rule|Evasion Moves Clause: Evasion moves are banned\n|rule|Endless Battle Clause: Forcing endless battles is banned\n|rule|HP Percentage Mod: HP is shown in percentages\n|clearpoke\n|poke|p1|Okidogi, M|\n|poke|p1|Kommo-o, M|\n|poke|p1|Infernape, F|\n|poke|p1|Lilligant-Hisui, F|\n|poke|p1|Hawlucha, F|\n|poke|p1|Falinks|\n|poke|p2|Landorus-Therian, M|\n|poke|p2|Samurott-Hisui, M|\n|poke|p2|Dragapult, M|\n|poke|p2|Iron Valiant|\n|poke|p2|Heatran, M|\n|poke|p2|Corviknight, M|\n|teampreview\n|inactive|Battle timer is ON: inactive players will automatically lose when time's up. (requested by LegacyShowden)\n|inactive|Mr. 475 also wants the timer to be on.\n|\n|t:|1700274585\n|start\n|switch|p1a: Falinks|Falinks|100\/100\n|switch|p2a: Landorus|Landorus-Therian, M|100\/100\n|-ability|p2a: Landorus|Intimidate|boost\n|-unboost|p1a: Falinks|atk|1\n|-ability|p1a: Falinks|Defiant|boost\n|-boost|p1a: Falinks|atk|2\n|turn|1\n|\n|t:|1700274595\n|move|p2a: Landorus|Earthquake|p1a: Falinks\n|-damage|p1a: Falinks|31\/100\n|move|p1a: Falinks|No Retreat|p1a: Falinks\n|-boost|p1a: Falinks|atk|1\n|-boost|p1a: Falinks|def|1\n|-boost|p1a: Falinks|spa|1\n|-boost|p1a: Falinks|spd|1\n|-boost|p1a: Falinks|spe|1\n|-start|p1a: Falinks|move: No Retreat\n|\n|upkeep\n|turn|2\n|\n|t:|1700274605\n|move|p2a: Landorus|Earthquake|p1a: Falinks\n|-damage|p1a: Falinks|0 fnt\n|faint|p1a: Falinks\n|\n|upkeep\n|\n|t:|1700274610\n|switch|p1a: Lilligant|Lilligant-Hisui, F|100\/100\n|turn|3\n|\n|t:|1700274614\n|switch|p2a: Corviknight|Corviknight, M, shiny|100\/100\n|-ability|p2a: Corviknight|Pressure\n|move|p1a: Lilligant|Sleep Powder|p2a: Corviknight|[miss]\n|-miss|p1a: Lilligant|p2a: Corviknight\n|\n|upkeep\n|turn|4\n|\n|t:|1700274622\n|move|p1a: Lilligant|Sleep Powder|p2a: Corviknight\n|-status|p2a: Corviknight|slp|[from] move: Sleep Powder\n|cant|p2a: Corviknight|slp\n|\n|upkeep\n|turn|5\n|\n|t:|1700274628\n|switch|p1a: Infernape|Infernape, F|100\/100\n|cant|p2a: Corviknight|slp\n|\n|upkeep\n|turn|6\n|\n|t:|1700274635\n|switch|p2a: Landorus|Landorus-Therian, M|100\/100\n|-ability|p2a: Landorus|Intimidate|boost\n|-unboost|p1a: Infernape|atk|1\n|move|p1a: Infernape|Calm Mind|p1a: Infernape\n|-boost|p1a: Infernape|spa|1\n|-boost|p1a: Infernape|spd|1\n|\n|upkeep\n|turn|7\n|\n|t:|1700274647\n|-terastallize|p1a: Infernape|Grass\n|move|p2a: Landorus|Earthquake|p1a: Infernape\n|-resisted|p1a: Infernape\n|-damage|p1a: Infernape|60\/100\n|move|p1a: Infernape|Heat Wave|p2a: Landorus\n|-damage|p2a: Landorus|14\/100\n|-status|p2a: Landorus|brn\n|\n|-damage|p2a: Landorus|8\/100 brn|[from] brn\n|upkeep\n|turn|8\n|\n|t:|1700274659\n|move|p2a: Landorus|Earthquake|p1a: Infernape\n|-resisted|p1a: Infernape\n|-damage|p1a: Infernape|37\/100\n|move|p1a: Infernape|Heat Wave|p2a: Landorus\n|-damage|p2a: Landorus|0 fnt\n|faint|p2a: Landorus\n|\n|upkeep\n|\n|t:|1700274666\n|switch|p2a: Dragapult|Dragapult, M, shiny|100\/100\n|turn|9\n|\n|t:|1700274671\n|move|p2a: Dragapult|Shadow Ball|p1a: Infernape\n|-damage|p1a: Infernape|0 fnt\n|faint|p1a: Infernape\n|\n|upkeep\n|\n|t:|1700274681\n|switch|p1a: Okidogi|Okidogi, M|100\/100\n|turn|10\n|\n|t:|1700274693\n|move|p2a: Dragapult|Shadow Ball|p1a: Okidogi\n|-damage|p1a: Okidogi|69\/100\n|move|p1a: Okidogi|Ice Punch|p2a: Dragapult\n|-supereffective|p2a: Dragapult\n|-damage|p2a: Dragapult|22\/100\n|\n|upkeep\n|turn|11\n|\n|t:|1700274710\n|switch|p2a: Heatran|Heatran, M, shiny|100\/100\n|move|p1a: Okidogi|Ice Punch|p2a: Heatran\n|-resisted|p2a: Heatran\n|-damage|p2a: Heatran|94\/100\n|\n|-heal|p2a: Heatran|100\/100|[from] item: Leftovers\n|upkeep\n|turn|12\n|\n|t:|1700274719\n|move|p1a: Okidogi|Brick Break|p2a: Heatran\n|-supereffective|p2a: Heatran\n|-damage|p2a: Heatran|30\/100\n|move|p2a: Heatran|Will-O-Wisp|p1a: Okidogi\n|-status|p1a: Okidogi|brn\n|\n|-heal|p2a: Heatran|36\/100|[from] item: Leftovers\n|-damage|p1a: Okidogi|63\/100 brn|[from] brn\n|upkeep\n|turn|13\n|\n|t:|1700274729\n|move|p1a: Okidogi|Brick Break|p2a: Heatran\n|-supereffective|p2a: Heatran\n|-damage|p2a: Heatran|0 fnt\n|faint|p2a: Heatran\n|\n|-damage|p1a: Okidogi|57\/100 brn|[from] brn\n|upkeep\n|\n|t:|1700274737\n|switch|p2a: Iron Valiant|Iron Valiant|100\/100\n|-enditem|p2a: Iron Valiant|Booster Energy\n|-activate|p2a: Iron Valiant|ability: Quark Drive|[fromitem]\n|-start|p2a: Iron Valiant|quarkdrivespe\n|turn|14\n|\n|t:|1700274743\n|move|p2a: Iron Valiant|Swords Dance|p2a: Iron Valiant\n|-boost|p2a: Iron Valiant|atk|2\n|move|p1a: Okidogi|Poison Jab|p2a: Iron Valiant\n|-supereffective|p2a: Iron Valiant\n|-crit|p2a: Iron Valiant\n|-damage|p2a: Iron Valiant|10\/100\n|\n|-damage|p1a: Okidogi|51\/100 brn|[from] brn\n|upkeep\n|turn|15\n|\n|t:|1700274752\n|-terastallize|p2a: Iron Valiant|Fairy\n|move|p2a: Iron Valiant|Spirit Break|p1a: Okidogi\n|-damage|p1a: Okidogi|0 fnt\n|faint|p1a: Okidogi\n|\n|upkeep\n|\n|t:|1700274760\n|switch|p1a: Lilligant|Lilligant-Hisui, F|100\/100\n|turn|16\n|\n|t:|1700274766\n|move|p2a: Iron Valiant|Spirit Break|p1a: Lilligant\n|-supereffective|p1a: Lilligant\n|-enditem|p1a: Lilligant|Focus Sash\n|-damage|p1a: Lilligant|1\/100\n|-unboost|p1a: Lilligant|spa|1\n|move|p1a: Lilligant|Leaf Blade|p2a: Iron Valiant\n|-damage|p2a: Iron Valiant|0 fnt\n|faint|p2a: Iron Valiant\n|-end|p2a: Iron Valiant|Quark Drive|[silent]\n|\n|upkeep\n|\n|t:|1700274770\n|switch|p2a: Dragapult|Dragapult, M, shiny|22\/100\n|turn|17\n|\n|t:|1700274780\n|move|p2a: Dragapult|U-turn|p1a: Lilligant\n|-damage|p1a: Lilligant|0 fnt\n|faint|p1a: Lilligant\n|\n|t:|1700274782\n|switch|p2a: Samurott|Samurott-Hisui, M|100\/100|[from] U-turn\n|\n|upkeep\n|\n|t:|1700274789\n|switch|p1a: Hawlucha|Hawlucha, F|100\/100\n|turn|18\n|\n|t:|1700274793\n|move|p1a: Hawlucha|Sky Attack||[still]\n|-prepare|p1a: Hawlucha|Sky Attack\n|-enditem|p1a: Hawlucha|Power Herb\n|-anim|p1a: Hawlucha|Sky Attack|p2a: Samurott\n|-crit|p2a: Samurott\n|-damage|p2a: Samurott|0 fnt\n|faint|p2a: Samurott\n|\n|upkeep\n|\n|t:|1700274798\n|switch|p2a: Corviknight|Corviknight, M, shiny|100\/100 slp\n|-ability|p2a: Corviknight|Pressure\n|turn|19\n|\n|t:|1700274805\n|move|p1a: Hawlucha|Close Combat|p2a: Corviknight\n|-damage|p2a: Corviknight|67\/100 slp\n|-unboost|p1a: Hawlucha|def|1\n|-unboost|p1a: Hawlucha|spd|1\n|-damage|p1a: Hawlucha|84\/100|[from] item: Rocky Helmet|[of] p2a: Corviknight\n|-curestatus|p2a: Corviknight|slp|[msg]\n|move|p2a: Corviknight|Brave Bird|p1a: Hawlucha\n|-supereffective|p1a: Hawlucha\n|-damage|p1a: Hawlucha|0 fnt\n|faint|p1a: Hawlucha\n|-damage|p2a: Corviknight|47\/100|[from] Recoil\n|\n|upkeep\n|\n|t:|1700274817\n|switch|p1a: Kommo-o|Kommo-o, M|100\/100\n|turn|20\n|\n|t:|1700274822\n|move|p1a: Kommo-o|Aura Sphere|p2a: Corviknight\n|-damage|p2a: Corviknight|0 fnt\n|faint|p2a: Corviknight\n|-damage|p1a: Kommo-o|91\/100|[from] item: Life Orb\n|\n|upkeep\n|\n|t:|1700274824\n|switch|p2a: Dragapult|Dragapult, M, shiny|22\/100\n|turn|21\n|\n|t:|1700274832\n|move|p2a: Dragapult|Draco Meteor|p1a: Kommo-o\n|-supereffective|p1a: Kommo-o\n|-damage|p1a: Kommo-o|0 fnt\n|-unboost|p2a: Dragapult|spa|2\n|faint|p1a: Kommo-o\n|\n|win|LegacyShowden\n|raw|Mr. 475's rating: 1446 &rarr; <strong>1432<\/strong><br \/>(-14 for losing)\n|raw|LegacyShowden's rating: 1560 &rarr; <strong>1574<\/strong><br \/>(+14 for winning)\n","uploadtime":1700274843,"views":13,"p1id":"mr475","p2id":"legacyshowden","formatid":"gen9ou","rating":1432,"private":0,"password":""}