{"id":"gen9ou-1993452626","p1":"Shindra","p2":"xnckkc","format":"[Gen 9] OU","log":"|j|\u2606Shindra\n|j|\u2606xnckkc\n|t:|1700319705\n|gametype|singles\n|player|p1|Shindra|hugh|1073\n|player|p2|xnckkc|lucas|1144\n|teamsize|p1|6\n|teamsize|p2|6\n|gen|9\n|tier|[Gen 9] OU\n|rated|\n|rule|Sleep Clause Mod: Limit one foe put to sleep\n|rule|Species Clause: Limit one of each Pok\u00e9mon\n|rule|OHKO Clause: OHKO moves are banned\n|rule|Evasion Items Clause: Evasion items are banned\n|rule|Evasion Moves Clause: Evasion moves are banned\n|rule|Endless Battle Clause: Forcing endless battles is banned\n|rule|HP Percentage Mod: HP is shown in percentages\n|clearpoke\n|poke|p1|Dragapult, M|\n|poke|p1|Corviknight, F|\n|poke|p1|Meowscarada, F|\n|poke|p1|Toxapex, F|\n|poke|p1|Garganacl, F|\n|poke|p1|Clefable, F|\n|poke|p2|Slowking-Galar, M|\n|poke|p2|Dragapult, F|\n|poke|p2|Cinderace, F|\n|poke|p2|Great Tusk|\n|poke|p2|Arcanine-Hisui, M|\n|poke|p2|Greninja-*, M|\n|teampreview\n|inactive|Battle timer is ON: inactive players will automatically lose when time's up. (requested by xnckkc)\n|inactive|xnckkc has 120 seconds left.\n|\n|t:|1700319752\n|start\n|switch|p1a: Pinxi|Toxapex, F|100\/100\n|switch|p2a: Arcanine|Arcanine-Hisui, M|100\/100\n|turn|1\n|\n|t:|1700319758\n|-terastallize|p2a: Arcanine|Rock\n|move|p2a: Arcanine|Head Smash|p1a: Pinxi\n|-damage|p1a: Pinxi|0 fnt\n|-damage|p2a: Arcanine|84\/100|[from] item: Rocky Helmet|[of] p1a: Pinxi\n|faint|p1a: Pinxi\n|\n|upkeep\n|\n|t:|1700319783\n|switch|p1a: Chimuelo|Corviknight, F|100\/100\n|turn|2\n|\n|t:|1700319789\n|move|p2a: Arcanine|Head Smash|p1a: Chimuelo\n|-damage|p1a: Chimuelo|0 fnt\n|-damage|p2a: Arcanine|67\/100|[from] item: Rocky Helmet|[of] p1a: Chimuelo\n|faint|p1a: Chimuelo\n|\n|upkeep\n|\n|t:|1700319800\n|switch|p1a: Mishifus|Meowscarada, F|100\/100\n|turn|3\n|\n|t:|1700319807\n|switch|p2a: Slowking|Slowking-Galar, M|100\/100\n|move|p1a: Mishifus|Flower Trick|p2a: Slowking\n|-start|p1a: Mishifus|typechange|Grass|[from] ability: Protean\n|-resisted|p2a: Slowking\n|-crit|p2a: Slowking\n|-damage|p2a: Slowking|76\/100\n|\n|-heal|p2a: Slowking|82\/100|[from] item: Leftovers\n|upkeep\n|turn|4\n|\n|t:|1700319830\n|move|p1a: Mishifus|U-turn|p2a: Slowking\n|-damage|p2a: Slowking|61\/100\n|\n|t:|1700319838\n|switch|p1a: Minecraft|Garganacl, F|100\/100|[from] U-turn\n|move|p2a: Slowking|Future Sight|p1a: Minecraft\n|-start|p2a: Slowking|move: Future Sight\n|\n|-heal|p2a: Slowking|67\/100|[from] item: Leftovers\n|upkeep\n|turn|5\n|\n|t:|1700319847\n|move|p1a: Minecraft|Stealth Rock|p2a: Slowking\n|-sidestart|p2: xnckkc|move: Stealth Rock\n|move|p2a: Slowking|Chilly Reception|p2a: Slowking\n|-weather|Snow\n|\n|t:|1700319858\n|switch|p2a: Great Tusk|Great Tusk|100\/100|[from] Chilly Reception\n|-damage|p2a: Great Tusk|98\/100|[from] Stealth Rock\n|-enditem|p2a: Great Tusk|Booster Energy\n|-activate|p2a: Great Tusk|ability: Protosynthesis|[fromitem]\n|-start|p2a: Great Tusk|protosynthesisatk\n|\n|-weather|Snow|[upkeep]\n|upkeep\n|turn|6\n|\n|t:|1700319873\n|move|p2a: Great Tusk|Rapid Spin|p1a: Minecraft\n|-resisted|p1a: Minecraft\n|-damage|p1a: Minecraft|93\/100\n|-boost|p2a: Great Tusk|spe|1\n|-sideend|p2: xnckkc|Stealth Rock|[from] move: Rapid Spin|[of] p2a: Great Tusk\n|move|p1a: Minecraft|Salt Cure|p2a: Great Tusk\n|-resisted|p2a: Great Tusk\n|-damage|p2a: Great Tusk|95\/100\n|-start|p2a: Great Tusk|Salt Cure\n|\n|-weather|Snow|[upkeep]\n|-end|p1a: Minecraft|move: Future Sight\n|-damage|p1a: Minecraft|58\/100\n|-heal|p1a: Minecraft|64\/100|[from] item: Leftovers\n|-damage|p2a: Great Tusk|83\/100|[from] Salt Cure\n|upkeep\n|turn|7\n|\n|t:|1700319893\n|move|p2a: Great Tusk|Earthquake|p1a: Minecraft\n|-supereffective|p1a: Minecraft\n|-damage|p1a: Minecraft|0 fnt\n|faint|p1a: Minecraft\n|\n|-weather|Snow|[upkeep]\n|-damage|p2a: Great Tusk|70\/100|[from] Salt Cure\n|upkeep\n|\n|t:|1700319900\n|switch|p1a: Mishifus|Meowscarada, F|100\/100\n|turn|8\n|\n|t:|1700319904\n|move|p2a: Great Tusk|Ice Spinner|p1a: Mishifus\n|-supereffective|p1a: Mishifus\n|-damage|p1a: Mishifus|0 fnt\n|faint|p1a: Mishifus\n|\n|-weather|Snow|[upkeep]\n|-damage|p2a: Great Tusk|58\/100|[from] Salt Cure\n|upkeep\n|\n|t:|1700319911\n|switch|p1a: Covete|Dragapult, M|100\/100\n|turn|9\n|\n|t:|1700319916\n|move|p2a: Great Tusk|Ice Spinner|p1a: Covete\n|-supereffective|p1a: Covete\n|-damage|p1a: Covete|0 fnt\n|faint|p1a: Covete\n|\n|-weather|none\n|-damage|p2a: Great Tusk|46\/100|[from] Salt Cure\n|upkeep\n|\n|t:|1700319922\n|switch|p1a: Gordito|Clefable, F|100\/100\n|turn|10\n|\n|t:|1700319930\n|move|p2a: Great Tusk|Earthquake|p1a: Gordito\n|-damage|p1a: Gordito|37\/100\n|move|p1a: Gordito|Thunder Wave|p2a: Great Tusk\n|-immune|p2a: Great Tusk\n|\n|-damage|p2a: Great Tusk|33\/100|[from] Salt Cure\n|upkeep\n|turn|11\n|\n|t:|1700319941\n|move|p2a: Great Tusk|Earthquake|p1a: Gordito\n|-damage|p1a: Gordito|0 fnt\n|faint|p1a: Gordito\n|\n|win|xnckkc\n|raw|Shindra's rating: 1073 &rarr; <strong>1056<\/strong><br \/>(-17 for losing)\n|raw|xnckkc's rating: 1144 &rarr; <strong>1164<\/strong><br \/>(+20 for winning)\n","uploadtime":1700319952,"views":23,"p1id":"shindra","p2id":"xnckkc","formatid":"gen9ou","rating":1056,"private":0,"password":""}