{"id":"gen9ou-2000017398","p1":"goomyluv9000","p2":"JJack125alt","format":"[Gen 9] OU","log":"|j|\u2606goomyluv9000\n|j|\u2606JJack125alt\n|t:|1701141692\n|gametype|singles\n|player|p1|goomyluv9000|266|1375\n|player|p2|JJack125alt|170|1307\n|teamsize|p1|6\n|teamsize|p2|6\n|gen|9\n|tier|[Gen 9] OU\n|rated|\n|rule|Sleep Clause Mod: Limit one foe put to sleep\n|rule|Species Clause: Limit one of each Pok\u00e9mon\n|rule|OHKO Clause: OHKO moves are banned\n|rule|Evasion Items Clause: Evasion items are banned\n|rule|Evasion Moves Clause: Evasion moves are banned\n|rule|Endless Battle Clause: Forcing endless battles is banned\n|rule|HP Percentage Mod: HP is shown in percentages\n|clearpoke\n|poke|p1|Gholdengo|\n|poke|p1|Ting-Lu|\n|poke|p1|Zapdos|\n|poke|p1|Slowking-Galar, M|\n|poke|p1|Dragapult, F|\n|poke|p1|Quaquaval, M|\n|poke|p2|Iron Moth|\n|poke|p2|Great Tusk|\n|poke|p2|Zapdos|\n|poke|p2|Slowking-Galar, F|\n|poke|p2|Rillaboom, M|\n|poke|p2|Samurott-Hisui, M|\n|teampreview\n|\n|t:|1701141722\n|start\n|switch|p1a: Ting-Lu|Ting-Lu|100\/100\n|switch|p2a: Samurott|Samurott-Hisui, M|100\/100\n|-ability|p1a: Ting-Lu|Vessel of Ruin\n|turn|1\n|\n|t:|1701141731\n|move|p2a: Samurott|Sacred Sword|p1a: Ting-Lu\n|-supereffective|p1a: Ting-Lu\n|-damage|p1a: Ting-Lu|67\/100\n|-enditem|p1a: Ting-Lu|Red Card|[of] p2a: Samurott\n|drag|p2a: Zapdos|Zapdos|100\/100\n|move|p1a: Ting-Lu|Spikes|p2a: Zapdos\n|-sidestart|p2: JJack125alt|Spikes\n|\n|upkeep\n|turn|2\n|\n|t:|1701141747\n|switch|p2a: Great Tusk|Great Tusk|100\/100\n|-damage|p2a: Great Tusk|88\/100|[from] Spikes\n|move|p1a: Ting-Lu|Stealth Rock|p2a: Great Tusk\n|-sidestart|p2: JJack125alt|move: Stealth Rock\n|\n|-heal|p2a: Great Tusk|94\/100|[from] item: Leftovers\n|upkeep\n|turn|3\n|\n|t:|1701141751\n|-terastallize|p1a: Ting-Lu|Ghost\n|move|p2a: Great Tusk|Close Combat|p1a: Ting-Lu\n|-immune|p1a: Ting-Lu\n|move|p1a: Ting-Lu|Spikes|p2a: Great Tusk\n|-sidestart|p2: JJack125alt|Spikes\n|\n|-heal|p2a: Great Tusk|100\/100|[from] item: Leftovers\n|upkeep\n|turn|4\n|\n|t:|1701141755\n|move|p2a: Great Tusk|Knock Off|p1a: Ting-Lu\n|-supereffective|p1a: Ting-Lu\n|-crit|p1a: Ting-Lu\n|-damage|p1a: Ting-Lu|45\/100\n|move|p1a: Ting-Lu|Spikes|p2a: Great Tusk\n|-sidestart|p2: JJack125alt|Spikes\n|\n|upkeep\n|turn|5\n|\n|t:|1701141759\n|move|p2a: Great Tusk|Earthquake|p1a: Ting-Lu\n|-damage|p1a: Ting-Lu|26\/100\n|move|p1a: Ting-Lu|Whirlwind|p2a: Great Tusk\n|-end|p2a: Great Tusk|Protosynthesis|[silent]\n|drag|p2a: Rillaboom|Rillaboom, M|100\/100\n|-damage|p2a: Rillaboom|76\/100|[from] Spikes\n|-damage|p2a: Rillaboom|63\/100|[from] Stealth Rock\n|-fieldstart|move: Grassy Terrain|[from] ability: Grassy Surge|[of] p2a: Rillaboom\n|\n|-heal|p2a: Rillaboom|69\/100|[from] Grassy Terrain\n|-heal|p1a: Ting-Lu|32\/100|[from] Grassy Terrain\n|upkeep\n|turn|6\n|\n|t:|1701141765\n|move|p2a: Rillaboom|U-turn|p1a: Ting-Lu\n|-resisted|p1a: Ting-Lu\n|-damage|p1a: Ting-Lu|24\/100\n|\n|t:|1701141768\n|switch|p2a: Great Tusk|Great Tusk|100\/100|[from] U-turn\n|-damage|p2a: Great Tusk|76\/100|[from] Spikes\n|-damage|p2a: Great Tusk|73\/100|[from] Stealth Rock\n|move|p1a: Ting-Lu|Whirlwind|p2a: Great Tusk\n|-end|p2a: Great Tusk|Protosynthesis|[silent]\n|drag|p2a: Rillaboom|Rillaboom, M|69\/100\n|-damage|p2a: Rillaboom|44\/100|[from] Spikes\n|-damage|p2a: Rillaboom|32\/100|[from] Stealth Rock\n|\n|-heal|p2a: Rillaboom|38\/100|[from] Grassy Terrain\n|-heal|p1a: Ting-Lu|31\/100|[from] Grassy Terrain\n|upkeep\n|turn|7\n|\n|t:|1701141778\n|move|p2a: Rillaboom|Knock Off|p1a: Ting-Lu\n|-supereffective|p1a: Ting-Lu\n|-damage|p1a: Ting-Lu|1\/100\n|move|p1a: Ting-Lu|Whirlwind|p2a: Rillaboom\n|drag|p2a: Samurott|Samurott-Hisui, M|100\/100\n|-damage|p2a: Samurott|76\/100|[from] Spikes\n|-damage|p2a: Samurott|63\/100|[from] Stealth Rock\n|\n|-heal|p2a: Samurott|69\/100|[from] Grassy Terrain\n|-heal|p1a: Ting-Lu|8\/100|[from] Grassy Terrain\n|upkeep\n|turn|8\n|\n|t:|1701141782\n|move|p2a: Samurott|Ceaseless Edge|p1a: Ting-Lu\n|-supereffective|p1a: Ting-Lu\n|-damage|p1a: Ting-Lu|0 fnt\n|-sidestart|p1: goomyluv9000|Spikes\n|faint|p1a: Ting-Lu\n|\n|-heal|p2a: Samurott|76\/100|[from] Grassy Terrain\n|upkeep\n|\n|t:|1701141800\n|switch|p1a: Zapdos|Zapdos|100\/100\n|turn|9\n|\n|t:|1701141808\n|switch|p2a: Zapdos|Zapdos|100\/100\n|move|p1a: Zapdos|Discharge|p2a: Zapdos\n|-damage|p2a: Zapdos|58\/100\n|\n|-fieldend|move: Grassy Terrain\n|upkeep\n|turn|10\n|\n|t:|1701141811\n|move|p2a: Zapdos|Roost|p2a: Zapdos\n|-heal|p2a: Zapdos|100\/100\n|-singleturn|p2a: Zapdos|move: Roost\n|move|p1a: Zapdos|Discharge|p2a: Zapdos\n|-resisted|p2a: Zapdos\n|-damage|p2a: Zapdos|80\/100\n|\n|upkeep\n|turn|11\n|\n|t:|1701141815\n|switch|p1a: Slowking|Slowking-Galar, M|100\/100\n|-damage|p1a: Slowking|88\/100|[from] Spikes\n|move|p2a: Zapdos|Volt Switch|p1a: Slowking\n|-damage|p1a: Slowking|65\/100\n|\n|t:|1701141818\n|switch|p2a: Great Tusk|Great Tusk|73\/100|[from] Volt Switch\n|-damage|p2a: Great Tusk|48\/100|[from] Spikes\n|-damage|p2a: Great Tusk|45\/100|[from] Stealth Rock\n|\n|-heal|p2a: Great Tusk|51\/100|[from] item: Leftovers\n|upkeep\n|turn|12\n|\n|t:|1701141822\n|switch|p1a: Zapdos|Zapdos|100\/100\n|move|p2a: Great Tusk|Knock Off|p1a: Zapdos\n|-damage|p1a: Zapdos|74\/100\n|-enditem|p1a: Zapdos|Heavy-Duty Boots|[from] move: Knock Off|[of] p2a: Great Tusk\n|\n|-heal|p2a: Great Tusk|57\/100|[from] item: Leftovers\n|upkeep\n|turn|13\n|\n|t:|1701141833\n|switch|p1a: Cheez|Gholdengo|100\/100\n|-item|p1a: Cheez|Air Balloon\n|move|p2a: Great Tusk|Rapid Spin|p1a: Cheez\n|-immune|p1a: Cheez\n|\n|-heal|p2a: Great Tusk|63\/100|[from] item: Leftovers\n|upkeep\n|turn|14\n|\n|t:|1701141839\n|move|p2a: Great Tusk|Knock Off|p1a: Cheez\n|-supereffective|p1a: Cheez\n|-damage|p1a: Cheez|33\/100\n|-enditem|p1a: Cheez|Air Balloon\n|move|p1a: Cheez|Make It Rain|p2a: Great Tusk\n|-damage|p2a: Great Tusk|0 fnt\n|-unboost|p1a: Cheez|spa|1\n|faint|p2a: Great Tusk\n|-end|p2a: Great Tusk|Protosynthesis|[silent]\n|\n|upkeep\n|\n|t:|1701141848\n|switch|p2a: Zapdos|Zapdos|80\/100\n|turn|15\n|\n|t:|1701141852\n|move|p2a: Zapdos|Volt Switch|p1a: Cheez\n|-damage|p1a: Cheez|1\/100\n|\n|t:|1701141855\n|switch|p2a: Slowking|Slowking-Galar, F|100\/100|[from] Volt Switch\n|move|p1a: Cheez|Recover|p1a: Cheez\n|-heal|p1a: Cheez|51\/100\n|\n|upkeep\n|turn|16\n|\n|t:|1701141861\n|move|p1a: Cheez|Nasty Plot|p1a: Cheez\n|-boost|p1a: Cheez|spa|2\n|move|p2a: Slowking|Chilly Reception|p2a: Slowking\n|-weather|Snow\n|\n|t:|1701141865\n|switch|p2a: Samurott|Samurott-Hisui, M|76\/100|[from] Chilly Reception\n|-damage|p2a: Samurott|51\/100|[from] Spikes\n|-damage|p2a: Samurott|38\/100|[from] Stealth Rock\n|\n|-weather|Snow|[upkeep]\n|upkeep\n|turn|17\n|\n|t:|1701141871\n|switch|p1a: Zapdos|Zapdos|74\/100\n|move|p2a: Samurott|Ceaseless Edge|p1a: Zapdos\n|-damage|p1a: Zapdos|30\/100\n|-status|p2a: Samurott|par|[from] ability: Static|[of] p1a: Zapdos\n|-sidestart|p1: goomyluv9000|Spikes\n|\n|-weather|Snow|[upkeep]\n|upkeep\n|turn|18\n|\n|t:|1701141876\n|move|p1a: Zapdos|Roost|p1a: Zapdos\n|-heal|p1a: Zapdos|80\/100\n|-singleturn|p1a: Zapdos|move: Roost\n|move|p2a: Samurott|Ceaseless Edge|p1a: Zapdos\n|-damage|p1a: Zapdos|38\/100\n|-sidestart|p1: goomyluv9000|Spikes\n|\n|-weather|Snow|[upkeep]\n|upkeep\n|turn|19\n|\n|t:|1701141881\n|move|p1a: Zapdos|Roost|p1a: Zapdos\n|-heal|p1a: Zapdos|88\/100\n|-singleturn|p1a: Zapdos|move: Roost\n|move|p2a: Samurott|Ceaseless Edge|p1a: Zapdos|[miss]\n|-miss|p2a: Samurott|p1a: Zapdos\n|\n|-weather|Snow|[upkeep]\n|upkeep\n|turn|20\n|\n|t:|1701141887\n|switch|p2a: Slowking|Slowking-Galar, F|100\/100\n|move|p1a: Zapdos|Discharge|p2a: Slowking\n|-damage|p2a: Slowking|72\/100\n|-status|p2a: Slowking|par\n|\n|-weather|none\n|upkeep\n|turn|21\n|\n|t:|1701141895\n|switch|p1a: Quaquaval|Quaquaval, M|100\/100\n|-damage|p1a: Quaquaval|76\/100|[from] Spikes\n|move|p2a: Slowking|Chilly Reception|p2a: Slowking\n|-weather|Snow\n|\n|t:|1701141899\n|switch|p2a: Rillaboom|Rillaboom, M|38\/100|[from] Chilly Reception\n|-damage|p2a: Rillaboom|13\/100|[from] Spikes\n|-damage|p2a: Rillaboom|1\/100|[from] Stealth Rock\n|-fieldstart|move: Grassy Terrain|[from] ability: Grassy Surge|[of] p2a: Rillaboom\n|\n|-weather|Snow|[upkeep]\n|-heal|p1a: Quaquaval|82\/100|[from] Grassy Terrain\n|-heal|p2a: Rillaboom|7\/100|[from] Grassy Terrain\n|upkeep\n|turn|22\n|\n|t:|1701141903\n|switch|p1a: Zapdos|Zapdos|88\/100\n|move|p2a: Rillaboom|Grassy Glide|p1a: Zapdos\n|-resisted|p1a: Zapdos\n|-damage|p1a: Zapdos|57\/100\n|\n|-weather|Snow|[upkeep]\n|-heal|p2a: Rillaboom|13\/100|[from] Grassy Terrain\n|upkeep\n|turn|23\n|\n|t:|1701141914\n|move|p2a: Rillaboom|Grassy Glide|p1a: Zapdos\n|-resisted|p1a: Zapdos\n|-damage|p1a: Zapdos|25\/100\n|-status|p2a: Rillaboom|par|[from] ability: Static|[of] p1a: Zapdos\n|move|p1a: Zapdos|Weather Ball|p2a: Rillaboom\n|-supereffective|p2a: Rillaboom\n|-damage|p2a: Rillaboom|0 fnt\n|faint|p2a: Rillaboom\n|\n|-weather|Snow|[upkeep]\n|upkeep\n|\n|t:|1701141930\n|switch|p2a: Zapdos|Zapdos|80\/100\n|turn|24\n|\n|t:|1701141933\n|move|p2a: Zapdos|Volt Switch|p1a: Zapdos\n|-crit|p1a: Zapdos\n|-damage|p1a: Zapdos|0 fnt\n|faint|p1a: Zapdos\n|\n|t:|1701141936\n|switch|p2a: Slowking|Slowking-Galar, F|100\/100 par|[from] Volt Switch\n|\n|-weather|Snow|[upkeep]\n|upkeep\n|\n|t:|1701141939\n|switch|p1a: Quaquaval|Quaquaval, M|82\/100\n|-damage|p1a: Quaquaval|57\/100|[from] Spikes\n|turn|25\n|\n|t:|1701141949\n|move|p1a: Quaquaval|Rapid Spin|p2a: Slowking\n|-crit|p2a: Slowking\n|-damage|p2a: Slowking|73\/100 par\n|-boost|p1a: Quaquaval|spe|1\n|-sideend|p1: goomyluv9000|Spikes|[from] move: Rapid Spin|[of] p1a: Quaquaval\n|cant|p2a: Slowking|par\n|\n|-weather|none\n|-heal|p1a: Quaquaval|63\/100|[from] Grassy Terrain\n|-heal|p2a: Slowking|79\/100 par|[from] Grassy Terrain\n|-fieldend|move: Grassy Terrain\n|upkeep\n|turn|26\n|\n|t:|1701141963\n|switch|p1a: Slowking|Slowking-Galar, M|98\/100\n|move|p2a: Slowking|Thunder Wave|p1a: Slowking\n|-status|p1a: Slowking|par\n|\n|upkeep\n|turn|27\n|\n|t:|1701141972\n|cant|p1a: Slowking|par\n|move|p2a: Slowking|Chilly Reception|p2a: Slowking\n|-weather|Snow\n|\n|t:|1701141977\n|switch|p2a: Samurott|Samurott-Hisui, M|38\/100 par|[from] Chilly Reception\n|-damage|p2a: Samurott|13\/100 par|[from] Spikes\n|-damage|p2a: Samurott|1\/100 par|[from] Stealth Rock\n|\n|-weather|Snow|[upkeep]\n|upkeep\n|turn|28\n|\n|t:|1701141994\n|move|p2a: Samurott|Knock Off|p1a: Slowking\n|-supereffective|p1a: Slowking\n|-damage|p1a: Slowking|0 fnt\n|-damage|p2a: Samurott|0 fnt|[from] item: Rocky Helmet|[of] p1a: Slowking\n|faint|p1a: Slowking\n|faint|p2a: Samurott\n|\n|-weather|Snow|[upkeep]\n|upkeep\n|\n|t:|1701142020\n|switch|p2a: Slowking|Slowking-Galar, F|100\/100 par\n|switch|p1a: Dragapult|Dragapult, F|100\/100\n|turn|29\n|\n|t:|1701142026\n|move|p1a: Dragapult|Substitute|p1a: Dragapult\n|-start|p1a: Dragapult|Substitute\n|-damage|p1a: Dragapult|76\/100\n|move|p2a: Slowking|Thunder Wave||[still]\n|-fail|p2a: Slowking\n|\n|-weather|Snow|[upkeep]\n|-heal|p1a: Dragapult|82\/100|[from] item: Leftovers\n|upkeep\n|turn|30\n|\n|t:|1701142031\n|move|p1a: Dragapult|Hex|p2a: Slowking\n|-supereffective|p2a: Slowking\n|-damage|p2a: Slowking|40\/100 par\n|move|p2a: Slowking|Sludge Bomb|p1a: Dragapult\n|-resisted|p1a: Dragapult\n|-activate|p1a: Dragapult|move: Substitute|[damage]\n|\n|-weather|Snow|[upkeep]\n|-heal|p1a: Dragapult|88\/100|[from] item: Leftovers\n|upkeep\n|turn|31\n|\n|t:|1701142037\n|move|p1a: Dragapult|Hex|p2a: Slowking\n|-supereffective|p2a: Slowking\n|-damage|p2a: Slowking|0 fnt\n|faint|p2a: Slowking\n|\n|-weather|none\n|-heal|p1a: Dragapult|94\/100|[from] item: Leftovers\n|upkeep\n|\n|t:|1701142039\n|switch|p2a: Zapdos|Zapdos|80\/100\n|turn|32\n|\n|t:|1701142055\n|-terastallize|p2a: Zapdos|Steel\n|move|p1a: Dragapult|Will-O-Wisp|p2a: Zapdos\n|-status|p2a: Zapdos|brn\n|move|p2a: Zapdos|Hurricane|p1a: Dragapult\n|-end|p1a: Dragapult|Substitute\n|\n|-heal|p1a: Dragapult|99\/100|[from] item: Leftovers\n|-damage|p2a: Zapdos|74\/100 brn|[from] brn\n|upkeep\n|turn|33\n|\n|t:|1701142065\n|move|p1a: Dragapult|Substitute|p1a: Dragapult\n|-start|p1a: Dragapult|Substitute\n|-damage|p1a: Dragapult|75\/100\n|move|p2a: Zapdos|Roost|p2a: Zapdos\n|-heal|p2a: Zapdos|100\/100 brn\n|\n|-heal|p1a: Dragapult|81\/100|[from] item: Leftovers\n|-damage|p2a: Zapdos|94\/100 brn|[from] brn\n|upkeep\n|turn|34\n|\n|t:|1701142070\n|move|p1a: Dragapult|Hex|p2a: Zapdos\n|-damage|p2a: Zapdos|41\/100 brn\n|move|p2a: Zapdos|Hurricane|p1a: Dragapult\n|-end|p1a: Dragapult|Substitute\n|\n|-heal|p1a: Dragapult|87\/100|[from] item: Leftovers\n|-damage|p2a: Zapdos|35\/100 brn|[from] brn\n|upkeep\n|turn|35\n|\n|t:|1701142075\n|move|p1a: Dragapult|Substitute|p1a: Dragapult\n|-start|p1a: Dragapult|Substitute\n|-damage|p1a: Dragapult|62\/100\n|move|p2a: Zapdos|Volt Switch|p1a: Dragapult\n|-resisted|p1a: Dragapult\n|-activate|p1a: Dragapult|move: Substitute|[damage]\n|\n|t:|1701142077\n|switch|p2a: Iron Moth|Iron Moth|100\/100|[from] Volt Switch\n|-damage|p2a: Iron Moth|76\/100|[from] Spikes\n|-damage|p2a: Iron Moth|51\/100|[from] Stealth Rock\n|\n|-heal|p1a: Dragapult|68\/100|[from] item: Leftovers\n|upkeep\n|turn|36\n|\n|t:|1701142081\n|move|p1a: Dragapult|Dragon Darts|p2a: Iron Moth\n|-damage|p2a: Iron Moth|13\/100\n|-anim|p1a: Dragapult|Dragon Darts|p2a: Iron Moth\n|-damage|p2a: Iron Moth|0 fnt\n|faint|p2a: Iron Moth\n|-end|p2a: Iron Moth|Quark Drive|[silent]\n|\n|-heal|p1a: Dragapult|74\/100|[from] item: Leftovers\n|upkeep\n|\n|t:|1701142083\n|switch|p2a: Zapdos|Zapdos, tera:Steel|35\/100 brn\n|turn|37\n|\n|t:|1701142085\n|move|p1a: Dragapult|Hex|p2a: Zapdos\n|-damage|p2a: Zapdos|0 fnt\n|faint|p2a: Zapdos\n|\n|win|goomyluv9000\n|raw|goomyluv9000's rating: 1375 &rarr; <strong>1391<\/strong><br \/>(+16 for winning)\n|raw|JJack125alt's rating: 1307 &rarr; <strong>1291<\/strong><br \/>(-16 for losing)\n","uploadtime":1701142088,"views":12,"p1id":"goomyluv9000","p2id":"jjack125alt","formatid":"gen9ou","rating":1291,"private":0,"password":""}