{"id":"gen9ou-1992254814","p1":"TheZalmancer","p2":"ThatSmeargle","format":"[Gen 9] OU","log":"|j|\u2606TheZalmancer\n|j|\u2606ThatSmeargle\n|t:|1700168109\n|gametype|singles\n|player|p1|TheZalmancer|skyla|1107\n|player|p2|ThatSmeargle|artist-gen4|1133\n|teamsize|p1|6\n|teamsize|p2|6\n|gen|9\n|tier|[Gen 9] OU\n|rated|\n|rule|Sleep Clause Mod: Limit one foe put to sleep\n|rule|Species Clause: Limit one of each Pok\u00e9mon\n|rule|OHKO Clause: OHKO moves are banned\n|rule|Evasion Items Clause: Evasion items are banned\n|rule|Evasion Moves Clause: Evasion moves are banned\n|rule|Endless Battle Clause: Forcing endless battles is banned\n|rule|HP Percentage Mod: HP is shown in percentages\n|clearpoke\n|poke|p1|Poliwrath, F|\n|poke|p1|Pelipper, F|\n|poke|p1|Overqwil, F|\n|poke|p1|Rillaboom, M|\n|poke|p1|Iron Treads|\n|poke|p1|Zapdos|\n|poke|p2|Ribombee, F|\n|poke|p2|Great Tusk|\n|poke|p2|Gholdengo|\n|poke|p2|Manaphy|\n|poke|p2|Kingambit, F|\n|poke|p2|Iron Moth|\n|teampreview\n|\n|t:|1700168130\n|start\n|switch|p1a: Iron Treads|Iron Treads|100\/100\n|switch|p2a: Gholdengo|Gholdengo|100\/100\n|-item|p2a: Gholdengo|Air Balloon\n|turn|1\n|\n|t:|1700168138\n|switch|p2a: Great Tusk|Great Tusk|100\/100\n|move|p1a: Iron Treads|Ice Spinner|p2a: Great Tusk\n|-supereffective|p2a: Great Tusk\n|-damage|p2a: Great Tusk|64\/100\n|\n|-heal|p2a: Great Tusk|71\/100|[from] item: Leftovers\n|upkeep\n|turn|2\n|\n|t:|1700168149\n|-end|p1a: Iron Treads|Quark Drive|[silent]\n|switch|p1a: Pelipper|Pelipper, F|100\/100\n|-weather|RainDance|[from] ability: Drizzle|[of] p1a: Pelipper\n|move|p2a: Great Tusk|Earthquake|p1a: Pelipper\n|-immune|p1a: Pelipper\n|\n|-weather|RainDance|[upkeep]\n|-heal|p2a: Great Tusk|77\/100|[from] item: Leftovers\n|upkeep\n|turn|3\n|\n|t:|1700168163\n|-end|p2a: Great Tusk|Protosynthesis|[silent]\n|switch|p2a: Manaphy|Manaphy|100\/100\n|move|p1a: Pelipper|Hurricane|p2a: Manaphy\n|-damage|p2a: Manaphy|71\/100\n|\n|-weather|RainDance|[upkeep]\n|-heal|p2a: Manaphy|77\/100|[from] item: Leftovers\n|upkeep\n|turn|4\n|\n|t:|1700168173\n|switch|p2a: Ribombee|Ribombee, F|100\/100\n|move|p1a: Pelipper|U-turn|p2a: Ribombee\n|-resisted|p2a: Ribombee\n|-damage|p2a: Ribombee|92\/100\n|\n|t:|1700168190\n|switch|p1a: Overqwil|Overqwil, F|100\/100|[from] U-turn\n|\n|-weather|RainDance|[upkeep]\n|upkeep\n|turn|5\n|\n|t:|1700168200\n|move|p1a: Overqwil|Swords Dance|p1a: Overqwil\n|-boost|p1a: Overqwil|atk|2\n|move|p2a: Ribombee|Sticky Web|p1a: Overqwil\n|-sidestart|p1: TheZalmancer|move: Sticky Web\n|\n|-weather|RainDance|[upkeep]\n|upkeep\n|turn|6\n|\n|t:|1700168207\n|move|p1a: Overqwil|Liquidation|p2a: Ribombee\n|-damage|p2a: Ribombee|0 fnt\n|faint|p2a: Ribombee\n|-damage|p1a: Overqwil|91\/100|[from] item: Life Orb\n|\n|-weather|RainDance|[upkeep]\n|upkeep\n|\n|t:|1700168215\n|switch|p2a: Manaphy|Manaphy|77\/100\n|turn|7\n|\n|t:|1700168222\n|move|p1a: Overqwil|Crunch|p2a: Manaphy\n|-damage|p2a: Manaphy|0 fnt\n|faint|p2a: Manaphy\n|-damage|p1a: Overqwil|81\/100|[from] item: Life Orb\n|\n|-weather|RainDance|[upkeep]\n|upkeep\n|\n|t:|1700168230\n|switch|p2a: Great Tusk|Great Tusk|77\/100\n|turn|8\n|\n|t:|1700168234\n|-terastallize|p2a: Great Tusk|Electric\n|move|p1a: Overqwil|Liquidation|p2a: Great Tusk\n|-damage|p2a: Great Tusk|0 fnt\n|faint|p2a: Great Tusk\n|-end|p2a: Great Tusk|Protosynthesis|[silent]\n|-damage|p1a: Overqwil|71\/100|[from] item: Life Orb\n|\n|-weather|RainDance|[upkeep]\n|upkeep\n|\n|t:|1700168247\n|switch|p2a: Kingambit|Kingambit, F|100\/100\n|-activate|p2a: Kingambit|ability: Supreme Overlord\n|-start|p2a: Kingambit|fallen3|[silent]\n|turn|9\n|\n|t:|1700168251\n|move|p1a: Overqwil|Liquidation|p2a: Kingambit\n|-damage|p2a: Kingambit|7\/100\n|-damage|p1a: Overqwil|62\/100|[from] item: Life Orb\n|move|p2a: Kingambit|Iron Head|p1a: Overqwil\n|-damage|p1a: Overqwil|0 fnt\n|faint|p1a: Overqwil\n|\n|-weather|none\n|-heal|p2a: Kingambit|13\/100|[from] item: Leftovers\n|upkeep\n|l|\u2606ThatSmeargle\n|player|p2|\n|\n|t:|1700168264\n|switch|p1a: Pelipper|Pelipper, F|100\/100\n|-weather|RainDance|[from] ability: Drizzle|[of] p1a: Pelipper\n|turn|10\n|inactive|Battle timer is ON: inactive players will automatically lose when time's up. (requested by TheZalmancer)\n|inactive|ThatSmeargle has 30 seconds to reconnect!\n|inactive|ThatSmeargle has 20 seconds to reconnect!\n|inactive|ThatSmeargle has 15 seconds to reconnect!\n|inactive|ThatSmeargle has 10 seconds to reconnect!\n|inactive|ThatSmeargle has 5 seconds to reconnect!\n|-message|ThatSmeargle lost due to inactivity.\n|\n|win|TheZalmancer\n|raw|TheZalmancer's rating: 1107 &rarr; <strong>1134<\/strong><br \/>(+27 for winning)\n|raw|ThatSmeargle's rating: 1133 &rarr; <strong>1106<\/strong><br \/>(-27 for losing)\n","uploadtime":1700168370,"views":10,"p1id":"thezalmancer","p2id":"thatsmeargle","formatid":"gen9ou","rating":1106,"private":0,"password":""}