{"id":"gen9ou-1992785171","p1":"diego712","p2":"PLAYB0I R0BBIE B","format":"[Gen 9] OU","log":"|j|\u2606diego712\n|j|\u2606PLAYB0I R0BBIE B\n|t:|1700235236\n|gametype|singles\n|player|p1|diego712|steven|1214\n|player|p2|PLAYB0I R0BBIE B|eusine|1255\n|teamsize|p1|6\n|teamsize|p2|6\n|gen|9\n|tier|[Gen 9] OU\n|rated|\n|rule|Sleep Clause Mod: Limit one foe put to sleep\n|rule|Species Clause: Limit one of each Pok\u00e9mon\n|rule|OHKO Clause: OHKO moves are banned\n|rule|Evasion Items Clause: Evasion items are banned\n|rule|Evasion Moves Clause: Evasion moves are banned\n|rule|Endless Battle Clause: Forcing endless battles is banned\n|rule|HP Percentage Mod: HP is shown in percentages\n|clearpoke\n|poke|p1|Skeledirge, F|\n|poke|p1|Great Tusk|\n|poke|p1|Magnezone|\n|poke|p1|Quaquaval, M|\n|poke|p1|Dragonite, F|\n|poke|p1|Amoonguss, M|\n|poke|p2|Meowscarada, F|\n|poke|p2|Greninja-*, M|\n|poke|p2|Heatran, F|\n|poke|p2|Thundurus-Therian, M|\n|poke|p2|Dragapult, F|\n|poke|p2|Great Tusk|\n|teampreview\n|\n|t:|1700235247\n|start\n|switch|p1a: Great Tusk|Great Tusk|100\/100\n|switch|p2a: SICKO MODE|Meowscarada, F|100\/100\n|turn|1\n|inactive|Battle timer is ON: inactive players will automatically lose when time's up. (requested by diego712)\n|\n|t:|1700235258\n|-end|p1a: Great Tusk|Protosynthesis|[silent]\n|switch|p1a: Amoonguss|Amoonguss, M|100\/100\n|move|p2a: SICKO MODE|U-turn|p1a: Amoonguss\n|-start|p2a: SICKO MODE|typechange|Bug|[from] ability: Protean\n|-damage|p1a: Amoonguss|49\/100\n|\n|t:|1700235262\n|switch|p2a: WHO? WHAT!|Greninja, M|100\/100|[from] U-turn\n|\n|-heal|p1a: Amoonguss|55\/100|[from] item: Black Sludge\n|upkeep\n|turn|2\n|\n|t:|1700235276\n|move|p2a: WHO? WHAT!|Ice Beam|p1a: Amoonguss\n|-supereffective|p1a: Amoonguss\n|-damage|p1a: Amoonguss|11\/100\n|-damage|p2a: WHO? WHAT!|91\/100|[from] item: Life Orb\n|move|p1a: Amoonguss|Spore|p2a: WHO? WHAT!\n|-status|p2a: WHO? WHAT!|slp|[from] move: Spore\n|\n|-heal|p1a: Amoonguss|18\/100|[from] item: Black Sludge\n|upkeep\n|turn|3\n|\n|t:|1700235289\n|switch|p2a: ASTROTHUNDER|Thundurus-Therian, M|100\/100\n|switch|p1a: Magnezone|Magnezone|100\/100\n|\n|upkeep\n|turn|4\n|\n|t:|1700235301\n|move|p1a: Magnezone|Tri Attack|p2a: ASTROTHUNDER\n|-damage|p2a: ASTROTHUNDER|62\/100\n|move|p2a: ASTROTHUNDER|Volt Switch|p1a: Magnezone\n|-resisted|p1a: Magnezone\n|-damage|p1a: Magnezone|64\/100\n|\n|t:|1700235312\n|switch|p2a: YOSEMITE|Great Tusk|100\/100|[from] Volt Switch\n|\n|upkeep\n|turn|5\n|\n|t:|1700235319\n|switch|p1a: Dragonite|Dragonite, F|100\/100\n|move|p2a: YOSEMITE|Rapid Spin|p1a: Dragonite\n|-damage|p1a: Dragonite|90\/100\n|-boost|p2a: YOSEMITE|spe|1\n|\n|upkeep\n|turn|6\n|\n|t:|1700235331\n|move|p2a: YOSEMITE|Ice Spinner|p1a: Dragonite\n|-supereffective|p1a: Dragonite\n|-damage|p1a: Dragonite|0 fnt\n|faint|p1a: Dragonite\n|\n|upkeep\n|\n|t:|1700235340\n|switch|p1a: Quaquaval|Quaquaval, M|100\/100\n|turn|7\n|\n|t:|1700235357\n|-terastallize|p2a: YOSEMITE|Poison\n|move|p2a: YOSEMITE|Headlong Rush|p1a: Quaquaval\n|-damage|p1a: Quaquaval|12\/100\n|-unboost|p2a: YOSEMITE|def|1\n|-unboost|p2a: YOSEMITE|spd|1\n|-enditem|p1a: Quaquaval|Sitrus Berry|[eat]\n|-heal|p1a: Quaquaval|37\/100|[from] item: Sitrus Berry\n|move|p1a: Quaquaval|Aqua Step|p2a: YOSEMITE\n|-damage|p2a: YOSEMITE|54\/100\n|-boost|p1a: Quaquaval|spe|1\n|\n|upkeep\n|turn|8\n|\n|t:|1700235372\n|-terastallize|p1a: Quaquaval|Water\n|move|p2a: YOSEMITE|Headlong Rush|p1a: Quaquaval\n|-damage|p1a: Quaquaval|0 fnt\n|-unboost|p2a: YOSEMITE|def|1\n|-unboost|p2a: YOSEMITE|spd|1\n|faint|p1a: Quaquaval\n|\n|upkeep\n|-message|diego712 forfeited.\n|\n|win|PLAYB0I R0BBIE B\n|raw|diego712's rating: 1214 &rarr; <strong>1192<\/strong><br \/>(-22 for losing)\n|raw|PLAYB0I R0BBIE B's rating: 1255 &rarr; <strong>1277<\/strong><br \/>(+22 for winning)\n|l|\u2606diego712\n","uploadtime":1700235391,"views":9,"p1id":"diego712","p2id":"playb0ir0bbieb","formatid":"gen9ou","rating":1192,"private":0,"password":""}