{"id":"gen9ou-1992871534","p1":"Dynamax_Bulbasaur","p2":"jojobunny101","format":"[Gen 9] OU","log":"|j|\u2606Dynamax_Bulbasaur\n|j|\u2606jojobunny101\n|t:|1700242682\n|gametype|singles\n|player|p1|Dynamax_Bulbasaur|169|\n|player|p2|jojobunny101|medium|\n|teamsize|p1|6\n|teamsize|p2|6\n|gen|9\n|tier|[Gen 9] OU\n|rule|Sleep Clause Mod: Limit one foe put to sleep\n|rule|Species Clause: Limit one of each Pok\u00e9mon\n|rule|OHKO Clause: OHKO moves are banned\n|rule|Evasion Items Clause: Evasion items are banned\n|rule|Evasion Moves Clause: Evasion moves are banned\n|rule|Endless Battle Clause: Forcing endless battles is banned\n|rule|HP Percentage Mod: HP is shown in percentages\n|clearpoke\n|poke|p1|Slowking, F|\n|poke|p1|Thundurus, M|\n|poke|p1|Iron Valiant|\n|poke|p1|Pincurchin, F|\n|poke|p1|Iron Thorns|\n|poke|p1|Cetitan, M|\n|poke|p2|Landorus-Therian, M|\n|poke|p2|Enamorus-Therian, F|\n|poke|p2|Gligar, M|\n|poke|p2|Corviknight, M|\n|poke|p2|Zapdos-Galar|\n|poke|p2|Moltres-Galar|\n|teampreview\n|j| omega_genry\n|\n|t:|1700242694\n|start\n|switch|p1a: Pincurchin|Pincurchin, F|100\/100\n|switch|p2a: Choice Specs|Gligar, M|100\/100\n|-fieldstart|move: Electric Terrain|[from] ability: Electric Surge|[of] p1a: Pincurchin\n|turn|1\n|j| RubyWraith\n|\n|t:|1700242722\n|move|p2a: Choice Specs|Stealth Rock|p1a: Pincurchin\n|-sidestart|p1: Dynamax_Bulbasaur|move: Stealth Rock\n|move|p1a: Pincurchin|Memento|p2a: Choice Specs\n|-unboost|p2a: Choice Specs|atk|2\n|-unboost|p2a: Choice Specs|spa|2\n|faint|p1a: Pincurchin\n|\n|upkeep\n|\n|t:|1700242729\n|switch|p1a: Iron Valiant|Iron Valiant|100\/100\n|-damage|p1a: Iron Valiant|94\/100|[from] Stealth Rock\n|-activate|p1a: Iron Valiant|ability: Quark Drive\n|-start|p1a: Iron Valiant|quarkdrivespe\n|turn|2\n|\n|t:|1700242757\n|switch|p2a: Choice Band|Enamorus-Therian, F|100\/100\n|move|p1a: Iron Valiant|Calm Mind|p1a: Iron Valiant\n|-boost|p1a: Iron Valiant|spa|1\n|-boost|p1a: Iron Valiant|spd|1\n|\n|upkeep\n|turn|3\n|\n|t:|1700242766\n|move|p1a: Iron Valiant|Thunderbolt|p2a: Choice Band\n|-supereffective|p2a: Choice Band\n|-damage|p2a: Choice Band|0 fnt\n|faint|p2a: Choice Band\n|-damage|p1a: Iron Valiant|84\/100|[from] item: Life Orb\n|\n|upkeep\n|\n|t:|1700242804\n|switch|p2a: Choice Scarf|Landorus-Therian, M|100\/100\n|-ability|p2a: Choice Scarf|Intimidate|boost\n|-unboost|p1a: Iron Valiant|atk|1\n|turn|4\n|\n|t:|1700242822\n|move|p1a: Iron Valiant|Icy Wind|p2a: Choice Scarf\n|-supereffective|p2a: Choice Scarf\n|-damage|p2a: Choice Scarf|0 fnt\n|faint|p2a: Choice Scarf\n|-damage|p1a: Iron Valiant|74\/100|[from] item: Life Orb\n|\n|upkeep\n|\n|t:|1700242839\n|switch|p2a: Life Orb|Corviknight, M|100\/100\n|-ability|p2a: Life Orb|Pressure\n|turn|5\n|\n|t:|1700242876\n|switch|p2a: Expert Belt|Zapdos-Galar|100\/100\n|move|p1a: Iron Valiant|Thunderbolt|p2a: Expert Belt\n|-supereffective|p2a: Expert Belt\n|-damage|p2a: Expert Belt|0 fnt\n|faint|p2a: Expert Belt\n|-damage|p1a: Iron Valiant|64\/100|[from] item: Life Orb\n|\n|upkeep\n|\n|t:|1700242885\n|switch|p2a: Weakness Policy|Moltres-Galar|100\/100\n|turn|6\n|\n|t:|1700242889\n|move|p1a: Iron Valiant|Thunderbolt|p2a: Weakness Policy\n|-supereffective|p2a: Weakness Policy\n|-damage|p2a: Weakness Policy|0 fnt\n|faint|p2a: Weakness Policy\n|-damage|p1a: Iron Valiant|55\/100|[from] item: Life Orb\n|\n|upkeep\n|\n|t:|1700242897\n|switch|p2a: Life Orb|Corviknight, M|100\/100\n|-ability|p2a: Life Orb|Pressure\n|turn|7\n|\n|t:|1700242903\n|switch|p2a: Choice Specs|Gligar, M|100\/100\n|move|p1a: Iron Valiant|Thunderbolt|p2a: Choice Specs\n|-immune|p2a: Choice Specs\n|\n|upkeep\n|turn|8\n|\n|t:|1700242910\n|move|p1a: Iron Valiant|Icy Wind|p2a: Choice Specs\n|-supereffective|p2a: Choice Specs\n|-damage|p2a: Choice Specs|0 fnt\n|faint|p2a: Choice Specs\n|-damage|p1a: Iron Valiant|45\/100|[from] item: Life Orb\n|\n|-fieldend|move: Electric Terrain\n|-end|p1a: Iron Valiant|Quark Drive\n|upkeep\n|\n|t:|1700242917\n|switch|p2a: Life Orb|Corviknight, M|100\/100\n|-ability|p2a: Life Orb|Pressure\n|turn|9\n|\n|t:|1700242923\n|move|p1a: Iron Valiant|Thunderbolt|p2a: Life Orb\n|-supereffective|p2a: Life Orb\n|-damage|p2a: Life Orb|27\/100\n|-damage|p1a: Iron Valiant|35\/100|[from] item: Life Orb\n|move|p2a: Life Orb|Body Press|p1a: Iron Valiant\n|-resisted|p1a: Iron Valiant\n|-damage|p1a: Iron Valiant|24\/100\n|\n|-heal|p2a: Life Orb|33\/100|[from] item: Leftovers\n|upkeep\n|turn|10\n|\n|t:|1700242933\n|move|p1a: Iron Valiant|Thunderbolt|p2a: Life Orb\n|-supereffective|p2a: Life Orb\n|-damage|p2a: Life Orb|0 fnt\n|faint|p2a: Life Orb\n|-damage|p1a: Iron Valiant|14\/100|[from] item: Life Orb\n|\n|win|Dynamax_Bulbasaur\n|l| omega_genry\n","uploadtime":1700242945,"views":11,"p1id":"dynamaxbulbasaur","p2id":"jojobunny101","formatid":"gen9ou","rating":0,"private":0,"password":""}