{"id":"gen9ou-1996064411","p1":"I am Useless Meta","p2":"Hugme123","format":"[Gen 9] OU","log":"|j|\u2606I am Useless Meta\n|j|\u2606Hugme123\n|t:|1700638095\n|gametype|singles\n|player|p1|I am Useless Meta|kieran-festival|1357\n|player|p2|Hugme123|266|1427\n|teamsize|p1|6\n|teamsize|p2|6\n|gen|9\n|tier|[Gen 9] OU\n|rated|\n|rule|Sleep Clause Mod: Limit one foe put to sleep\n|rule|Species Clause: Limit one of each Pok\u00e9mon\n|rule|OHKO Clause: OHKO moves are banned\n|rule|Evasion Items Clause: Evasion items are banned\n|rule|Evasion Moves Clause: Evasion moves are banned\n|rule|Endless Battle Clause: Forcing endless battles is banned\n|rule|HP Percentage Mod: HP is shown in percentages\n|clearpoke\n|poke|p1|Ting-Lu|\n|poke|p1|Alomomola, M|\n|poke|p1|Glastrier|\n|poke|p1|Corviknight, M|\n|poke|p1|Indeedee, M|\n|poke|p1|Gholdengo|\n|poke|p2|Weavile, M|\n|poke|p2|Weezing-Galar, F|\n|poke|p2|Alomomola, M|\n|poke|p2|Ting-Lu|\n|poke|p2|Corviknight, M|\n|poke|p2|Dondozo, M|\n|teampreview\n|inactive|Battle timer is ON: inactive players will automatically lose when time's up. (requested by Hugme123)\n|inactive|I am Useless Meta also wants the timer to be on.\n|\n|t:|1700638110\n|start\n|switch|p1a: Indeedee|Indeedee, M|100\/100\n|switch|p2a: Weavile|Weavile, M|100\/100\n|-ability|p2a: Weavile|Pressure\n|-fieldstart|move: Psychic Terrain|[from] ability: Psychic Surge|[of] p1a: Indeedee\n|turn|1\n|\n|t:|1700638119\n|switch|p1a: Corviknight|Corviknight, M|100\/100\n|-ability|p1a: Corviknight|Pressure\n|move|p2a: Weavile|Substitute|p2a: Weavile\n|-start|p2a: Weavile|Substitute\n|-damage|p2a: Weavile|76\/100\n|\n|-heal|p2a: Weavile|82\/100|[from] item: Leftovers\n|upkeep\n|turn|2\n|\n|t:|1700638127\n|move|p2a: Weavile|Knock Off|p1a: Corviknight\n|-damage|p1a: Corviknight|78\/100\n|-damage|p2a: Weavile|65\/100|[from] item: Rocky Helmet|[of] p1a: Corviknight\n|-enditem|p1a: Corviknight|Rocky Helmet|[from] move: Knock Off|[of] p2a: Weavile\n|move|p1a: Corviknight|Brave Bird|p2a: Weavile\n|-end|p2a: Weavile|Substitute\n|-damage|p1a: Corviknight|71\/100|[from] Recoil|[of] p2a: Weavile\n|\n|-heal|p2a: Weavile|71\/100|[from] item: Leftovers\n|upkeep\n|turn|3\n|\n|t:|1700638140\n|move|p2a: Weavile|Protect|p2a: Weavile\n|-singleturn|p2a: Weavile|Protect\n|move|p1a: Corviknight|Brave Bird|p2a: Weavile\n|-activate|p2a: Weavile|move: Protect\n|\n|-heal|p2a: Weavile|77\/100|[from] item: Leftovers\n|upkeep\n|turn|4\n|\n|t:|1700638146\n|switch|p2a: Weezing|Weezing-Galar, F|100\/100\n|-ability|p2a: Weezing|Neutralizing Gas\n|move|p1a: Corviknight|Brave Bird|p2a: Weezing\n|-damage|p2a: Weezing|75\/100\n|-damage|p1a: Corviknight|64\/100|[from] Recoil\n|\n|upkeep\n|turn|5\n|\n|t:|1700638154\n|switch|p1a: Indeedee|Indeedee, M|100\/100\n|move|p2a: Weezing|Will-O-Wisp|p1a: Indeedee|[miss]\n|-miss|p2a: Weezing|p1a: Indeedee\n|\n|-fieldend|move: Psychic Terrain\n|upkeep\n|turn|6\n|\n|t:|1700638164\n|switch|p1a: Corviknight|Corviknight, M|64\/100\n|-end|p2a: Weezing|ability: Neutralizing Gas\n|-ability|p1a: Corviknight|Pressure\n|switch|p2a: Ting-Lu|Ting-Lu|100\/100\n|-ability|p2a: Ting-Lu|Vessel of Ruin\n|\n|upkeep\n|turn|7\n|\n|t:|1700638170\n|switch|p2a: Alomomola|Alomomola, M|100\/100\n|move|p1a: Corviknight|Roost|p1a: Corviknight\n|-heal|p1a: Corviknight|100\/100\n|-singleturn|p1a: Corviknight|move: Roost\n|\n|upkeep\n|turn|8\n|\n|t:|1700638175\n|move|p1a: Corviknight|U-turn|p2a: Alomomola\n|-damage|p2a: Alomomola|92\/100\n|\n|t:|1700638177\n|switch|p1a: Indeedee|Indeedee, M|100\/100|[from] U-turn\n|-fieldstart|move: Psychic Terrain|[from] ability: Psychic Surge|[of] p1a: Indeedee\n|move|p2a: Alomomola|Wish|p2a: Alomomola\n|\n|-heal|p2a: Alomomola|98\/100|[from] item: Leftovers\n|upkeep\n|turn|9\n|\n|t:|1700638187\n|move|p2a: Alomomola|Mirror Coat||[still]\n|-fail|p2a: Alomomola\n|move|p1a: Indeedee|Trick Room|p1a: Indeedee\n|-fieldstart|move: Trick Room|[of] p1a: Indeedee\n|\n|-heal|p2a: Alomomola|100\/100|[from] move: Wish|[wisher] Alomomola\n|upkeep\n|turn|10\n|\n|t:|1700638193\n|switch|p2a: Ting-Lu|Ting-Lu|100\/100\n|-ability|p2a: Ting-Lu|Vessel of Ruin\n|move|p1a: Indeedee|Healing Wish|p1a: Indeedee\n|faint|p1a: Indeedee\n|\n|upkeep\n|\n|t:|1700638195\n|switch|p1a: Glastrier|Glastrier|100\/100\n|-enditem|p1a: Glastrier|Psychic Seed\n|-boost|p1a: Glastrier|spd|1|[from] item: Psychic Seed\n|turn|11\n|\n|t:|1700638206\n|switch|p2a: Alomomola|Alomomola, M|100\/100\n|-terastallize|p1a: Glastrier|Electric\n|move|p1a: Glastrier|Tera Blast|p2a: Alomomola|[anim] Tera Blast Electric\n|-supereffective|p2a: Alomomola\n|-damage|p2a: Alomomola|41\/100\n|\n|-heal|p2a: Alomomola|47\/100|[from] item: Leftovers\n|upkeep\n|turn|12\n|\n|t:|1700638231\n|-terastallize|p2a: Alomomola|Steel\n|move|p1a: Glastrier|Swords Dance|p1a: Glastrier\n|-boost|p1a: Glastrier|atk|2\n|move|p2a: Alomomola|Wish|p2a: Alomomola\n|\n|-heal|p2a: Alomomola|53\/100|[from] item: Leftovers\n|-fieldend|move: Psychic Terrain\n|upkeep\n|turn|13\n|\n|t:|1700638236\n|move|p1a: Glastrier|High Horsepower|p2a: Alomomola\n|-supereffective|p2a: Alomomola\n|-damage|p2a: Alomomola|0 fnt\n|faint|p2a: Alomomola\n|-ability|p1a: Glastrier|Chilling Neigh|boost\n|-boost|p1a: Glastrier|atk|1\n|\n|-fieldend|move: Trick Room\n|upkeep\n|\n|t:|1700638240\n|switch|p2a: Dondozo|Dondozo, M|100\/100\n|turn|14\n|\n|t:|1700638243\n|move|p2a: Dondozo|Earthquake|p1a: Glastrier\n|-supereffective|p1a: Glastrier\n|-damage|p1a: Glastrier|69\/100\n|move|p1a: Glastrier|Tera Blast|p2a: Dondozo|[anim] Tera Blast Electric\n|-supereffective|p2a: Dondozo\n|-damage|p2a: Dondozo|37\/100\n|\n|upkeep\n|turn|15\n|-message|Hugme123 forfeited.\n|\n|win|I am Useless Meta\n|raw|I am Useless Meta's rating: 1357 &rarr; <strong>1381<\/strong><br \/>(+24 for winning)\n|raw|Hugme123's rating: 1427 &rarr; <strong>1403<\/strong><br \/>(-24 for losing)\n|l|\u2606Hugme123\n","uploadtime":1700638317,"views":13,"p1id":"iamuselessmeta","p2id":"hugme123","formatid":"gen9ou","rating":1381,"private":0,"password":""}