{"id":"gen9ou-1988501245","p1":"SydPword","p2":"FIRE LORD AESON!","format":"[Gen 9] OU","log":"|j|\u2606SydPword\n|j|\u2606FIRE LORD AESON!\n|t:|1699729692\n|gametype|singles\n|player|p1|SydPword|266|1471\n|player|p2|FIRE LORD AESON!|red-gen1|1553\n|teamsize|p1|6\n|teamsize|p2|6\n|gen|9\n|tier|[Gen 9] OU\n|rated|\n|rule|Sleep Clause Mod: Limit one foe put to sleep\n|rule|Species Clause: Limit one of each Pok\u00e9mon\n|rule|OHKO Clause: OHKO moves are banned\n|rule|Evasion Items Clause: Evasion items are banned\n|rule|Evasion Moves Clause: Evasion moves are banned\n|rule|Endless Battle Clause: Forcing endless battles is banned\n|rule|HP Percentage Mod: HP is shown in percentages\n|clearpoke\n|poke|p1|Ribombee, M|\n|poke|p1|Kleavor, M|\n|poke|p1|Great Tusk|\n|poke|p1|Ceruledge, F|\n|poke|p1|Iron Valiant|\n|poke|p1|Toxtricity, F|\n|poke|p2|Ceruledge, M|\n|poke|p2|Torkoal, M|\n|poke|p2|Heatran, F|\n|poke|p2|Cinderace, F|\n|poke|p2|Tauros-Paldea-Blaze, M|\n|poke|p2|Armarouge, M|\n|teampreview\n|inactive|Battle timer is ON: inactive players will automatically lose when time's up. (requested by SydPword)\n|\n|t:|1699729726\n|start\n|switch|p1a: Great Tusk|Great Tusk|100\/100\n|switch|p2a: SUBSCRIBE 2 AESON!|Torkoal, M|100\/100\n|-weather|SunnyDay|[from] ability: Drought|[of] p2a: SUBSCRIBE 2 AESON!\n|-activate|p1a: Great Tusk|ability: Protosynthesis\n|-start|p1a: Great Tusk|protosynthesisatk\n|turn|1\n|\n|t:|1699729752\n|-terastallize|p2a: SUBSCRIBE 2 AESON!|Flying\n|move|p1a: Great Tusk|Knock Off|p2a: SUBSCRIBE 2 AESON!\n|-damage|p2a: SUBSCRIBE 2 AESON!|69\/100\n|-enditem|p2a: SUBSCRIBE 2 AESON!|Heat Rock|[from] move: Knock Off|[of] p1a: Great Tusk\n|move|p2a: SUBSCRIBE 2 AESON!|Stealth Rock|p1a: Great Tusk\n|-sidestart|p1: SydPword|move: Stealth Rock\n|\n|-weather|SunnyDay|[upkeep]\n|upkeep\n|turn|2\n|\n|t:|1699729758\n|switch|p2a: $EXY @AESON UTUBE!|Ceruledge, M|100\/100\n|move|p1a: Great Tusk|Rapid Spin|p2a: $EXY @AESON UTUBE!\n|-immune|p2a: $EXY @AESON UTUBE!\n|\n|-weather|SunnyDay|[upkeep]\n|upkeep\n|turn|3\n|\n|t:|1699729768\n|move|p1a: Great Tusk|Knock Off|p2a: $EXY @AESON UTUBE!\n|-supereffective|p2a: $EXY @AESON UTUBE!\n|-enditem|p2a: $EXY @AESON UTUBE!|Focus Sash\n|-damage|p2a: $EXY @AESON UTUBE!|1\/100\n|-ability|p2a: $EXY @AESON UTUBE!|Weak Armor|boost\n|-unboost|p2a: $EXY @AESON UTUBE!|def|1\n|-boost|p2a: $EXY @AESON UTUBE!|spe|2\n|move|p2a: $EXY @AESON UTUBE!|Swords Dance|p2a: $EXY @AESON UTUBE!\n|-boost|p2a: $EXY @AESON UTUBE!|atk|2\n|\n|-weather|SunnyDay|[upkeep]\n|upkeep\n|turn|4\n|\n|t:|1699729775\n|-end|p1a: Great Tusk|Protosynthesis|[silent]\n|switch|p1a: Ceruledge|Ceruledge, F|100\/100\n|-damage|p1a: Ceruledge|75\/100|[from] Stealth Rock\n|move|p2a: $EXY @AESON UTUBE!|Bitter Blade|p1a: Ceruledge\n|-start|p1a: Ceruledge|ability: Flash Fire\n|\n|-weather|SunnyDay|[upkeep]\n|-heal|p1a: Ceruledge|82\/100|[from] item: Leftovers\n|upkeep\n|turn|5\n|\n|t:|1699729783\n|-terastallize|p1a: Ceruledge|Bug\n|move|p1a: Ceruledge|Shadow Sneak|p2a: $EXY @AESON UTUBE!\n|-supereffective|p2a: $EXY @AESON UTUBE!\n|-damage|p2a: $EXY @AESON UTUBE!|0 fnt\n|faint|p2a: $EXY @AESON UTUBE!\n|\n|-weather|SunnyDay|[upkeep]\n|-heal|p1a: Ceruledge|88\/100|[from] item: Leftovers\n|upkeep\n|inactive|FIRE LORD AESON! has 120 seconds left.\n|\n|t:|1699729826\n|switch|p2a: ArmaROUGENATIONX|Armarouge, M|100\/100\n|turn|6\n|\n|t:|1699729830\n|move|p2a: ArmaROUGENATIONX|Psychic|p1a: Ceruledge\n|-damage|p1a: Ceruledge|35\/100\n|-unboost|p1a: Ceruledge|spd|1\n|move|p1a: Ceruledge|Bitter Blade|p2a: ArmaROUGENATIONX\n|-resisted|p2a: ArmaROUGENATIONX\n|-damage|p2a: ArmaROUGENATIONX|44\/100\n|-heal|p1a: Ceruledge|63\/100|[from] drain|[of] p2a: ArmaROUGENATIONX\n|-ability|p2a: ArmaROUGENATIONX|Weak Armor|boost\n|-unboost|p2a: ArmaROUGENATIONX|def|1\n|-boost|p2a: ArmaROUGENATIONX|spe|2\n|\n|-weather|SunnyDay|[upkeep]\n|-heal|p1a: Ceruledge|69\/100|[from] item: Leftovers\n|upkeep\n|turn|7\n|inactive|FIRE LORD AESON! has 120 seconds left.\n|\n|t:|1699729845\n|move|p1a: Ceruledge|Shadow Sneak|p2a: ArmaROUGENATIONX\n|-supereffective|p2a: ArmaROUGENATIONX\n|-damage|p2a: ArmaROUGENATIONX|0 fnt\n|faint|p2a: ArmaROUGENATIONX\n|\n|-weather|SunnyDay|[upkeep]\n|-heal|p1a: Ceruledge|75\/100|[from] item: Leftovers\n|upkeep\n|inactive|FIRE LORD AESON! has 120 seconds left.\n|\n|t:|1699729874\n|switch|p2a: ROAD 2 RESPECT!|Heatran, F|100\/100\n|-item|p2a: ROAD 2 RESPECT!|Air Balloon\n|turn|8\n|\n|t:|1699729885\n|-end|p1a: Ceruledge|ability: Flash Fire|[silent]\n|switch|p1a: Great Tusk|Great Tusk|100\/100\n|-damage|p1a: Great Tusk|98\/100|[from] Stealth Rock\n|-activate|p1a: Great Tusk|ability: Protosynthesis\n|-start|p1a: Great Tusk|protosynthesisatk\n|move|p2a: ROAD 2 RESPECT!|Flash Cannon|p1a: Great Tusk\n|-damage|p1a: Great Tusk|24\/100\n|\n|-weather|none\n|-end|p1a: Great Tusk|Protosynthesis\n|upkeep\n|-enditem|p1a: Great Tusk|Booster Energy\n|-activate|p1a: Great Tusk|ability: Protosynthesis|[fromitem]\n|-start|p1a: Great Tusk|protosynthesisatk\n|turn|9\n|\n|t:|1699729906\n|move|p1a: Great Tusk|Rapid Spin|p2a: ROAD 2 RESPECT!\n|-resisted|p2a: ROAD 2 RESPECT!\n|-damage|p2a: ROAD 2 RESPECT!|91\/100\n|-boost|p1a: Great Tusk|spe|1\n|-enditem|p2a: ROAD 2 RESPECT!|Air Balloon\n|-sideend|p1: SydPword|Stealth Rock|[from] move: Rapid Spin|[of] p1a: Great Tusk\n|move|p2a: ROAD 2 RESPECT!|Flash Cannon|p1a: Great Tusk\n|-damage|p1a: Great Tusk|0 fnt\n|faint|p1a: Great Tusk\n|-end|p1a: Great Tusk|Protosynthesis|[silent]\n|\n|upkeep\n|\n|t:|1699729922\n|switch|p1a: Kleavor|Kleavor, M|100\/100\n|turn|10\n|\n|t:|1699729939\n|move|p1a: Kleavor|Stone Axe|p2a: ROAD 2 RESPECT!|[miss]\n|-miss|p1a: Kleavor|p2a: ROAD 2 RESPECT!\n|move|p2a: ROAD 2 RESPECT!|Magma Storm|p1a: Kleavor\n|-damage|p1a: Kleavor|13\/100\n|-activate|p1a: Kleavor|move: Magma Storm|[of] p2a: ROAD 2 RESPECT!\n|\n|-damage|p1a: Kleavor|0 fnt|[from] move: Magma Storm|[partiallytrapped]\n|faint|p1a: Kleavor\n|upkeep\n|\n|t:|1699729954\n|switch|p1a: Iron Valiant|Iron Valiant|100\/100\n|-enditem|p1a: Iron Valiant|Booster Energy\n|-activate|p1a: Iron Valiant|ability: Quark Drive|[fromitem]\n|-start|p1a: Iron Valiant|quarkdrivespe\n|turn|11\n|\n|t:|1699729975\n|switch|p2a: NO BULL$HIT|Tauros-Paldea-Blaze, M|100\/100\n|-ability|p2a: NO BULL$HIT|Intimidate|boost\n|-unboost|p1a: Iron Valiant|atk|1\n|-item|p2a: NO BULL$HIT|Air Balloon\n|move|p1a: Iron Valiant|Close Combat|p2a: NO BULL$HIT\n|-damage|p2a: NO BULL$HIT|62\/100\n|-unboost|p1a: Iron Valiant|def|1\n|-unboost|p1a: Iron Valiant|spd|1\n|-enditem|p2a: NO BULL$HIT|Air Balloon\n|\n|upkeep\n|turn|12\n|\n|t:|1699729987\n|move|p1a: Iron Valiant|Moonblast|p2a: NO BULL$HIT\n|-damage|p2a: NO BULL$HIT|0 fnt\n|faint|p2a: NO BULL$HIT\n|\n|upkeep\n|\n|t:|1699729990\n|switch|p2a: SUBSCRIBE 2 AESON!|Torkoal, M, tera:Flying|69\/100\n|-weather|SunnyDay|[from] ability: Drought|[of] p2a: SUBSCRIBE 2 AESON!\n|turn|13\n|\n|t:|1699729994\n|move|p1a: Iron Valiant|Thunderbolt|p2a: SUBSCRIBE 2 AESON!\n|-supereffective|p2a: SUBSCRIBE 2 AESON!\n|-damage|p2a: SUBSCRIBE 2 AESON!|6\/100\n|move|p2a: SUBSCRIBE 2 AESON!|Stealth Rock|p1a: Iron Valiant\n|-sidestart|p1: SydPword|move: Stealth Rock\n|\n|-weather|SunnyDay|[upkeep]\n|upkeep\n|turn|14\n|\n|t:|1699729999\n|move|p1a: Iron Valiant|Thunderbolt|p2a: SUBSCRIBE 2 AESON!\n|-supereffective|p2a: SUBSCRIBE 2 AESON!\n|-damage|p2a: SUBSCRIBE 2 AESON!|0 fnt\n|faint|p2a: SUBSCRIBE 2 AESON!\n|\n|-weather|SunnyDay|[upkeep]\n|upkeep\n|\n|t:|1699730005\n|switch|p2a: PLAYBOY|Cinderace, F|100\/100\n|turn|15\n|inactive|FIRE LORD AESON! has 120 seconds left.\n|\n|t:|1699730012\n|-end|p1a: Iron Valiant|Quark Drive|[silent]\n|switch|p1a: Ceruledge|Ceruledge, F, tera:Bug|75\/100\n|-damage|p1a: Ceruledge|50\/100|[from] Stealth Rock\n|move|p2a: PLAYBOY|Pyro Ball|p1a: Ceruledge\n|-start|p1a: Ceruledge|ability: Flash Fire\n|\n|-weather|SunnyDay|[upkeep]\n|-heal|p1a: Ceruledge|57\/100|[from] item: Leftovers\n|upkeep\n|turn|16\n|inactive|FIRE LORD AESON! has 120 seconds left.\n|inactive|FIRE LORD AESON! has 90 seconds left.\n|\n|t:|1699730052\n|move|p2a: PLAYBOY|High Jump Kick|p1a: Ceruledge\n|-start|p2a: PLAYBOY|typechange|Fighting|[from] ability: Libero\n|-resisted|p1a: Ceruledge\n|-damage|p1a: Ceruledge|3\/100\n|-damage|p2a: PLAYBOY|91\/100|[from] item: Life Orb\n|move|p1a: Ceruledge|Bitter Blade|p2a: PLAYBOY\n|-damage|p2a: PLAYBOY|0 fnt\n|-heal|p1a: Ceruledge|45\/100|[from] drain|[of] p2a: PLAYBOY\n|faint|p2a: PLAYBOY\n|\n|-weather|SunnyDay|[upkeep]\n|-heal|p1a: Ceruledge|52\/100|[from] item: Leftovers\n|upkeep\n|c|\u2606SydPword|this heatran is flame body isn't it\n|inactive|FIRE LORD AESON! has 90 seconds left.\n|\n|t:|1699730063\n|switch|p2a: ROAD 2 RESPECT!|Heatran, F|91\/100\n|turn|17\n|\n|t:|1699730066\n|move|p1a: Ceruledge|Bitter Blade|p2a: ROAD 2 RESPECT!\n|-damage|p2a: ROAD 2 RESPECT!|3\/100\n|-heal|p1a: Ceruledge|100\/100|[from] drain|[of] p2a: ROAD 2 RESPECT!\n|-status|p1a: Ceruledge|brn|[from] ability: Flame Body|[of] p2a: ROAD 2 RESPECT!\n|move|p2a: ROAD 2 RESPECT!|Flash Cannon|p1a: Ceruledge\n|-damage|p1a: Ceruledge|56\/100 brn\n|\n|-weather|none\n|-heal|p1a: Ceruledge|62\/100 brn|[from] item: Leftovers\n|-damage|p1a: Ceruledge|56\/100 brn|[from] brn\n|upkeep\n|turn|18\n|c|\u2606FIRE LORD AESON!|LOL\n|\n|t:|1699730075\n|move|p1a: Ceruledge|Shadow Sneak|p2a: ROAD 2 RESPECT!\n|-damage|p2a: ROAD 2 RESPECT!|0 fnt\n|faint|p2a: ROAD 2 RESPECT!\n|\n|win|SydPword\n|raw|SydPword's rating: 1471 &rarr; <strong>1496<\/strong><br \/>(+25 for winning)\n|raw|FIRE LORD AESON!'s rating: 1553 &rarr; <strong>1528<\/strong><br \/>(-25 for losing)\n|c|\u2606FIRE LORD AESON!|didn't expect a bug to be such a problem for the FIRE LORD\n|c|\u2606FIRE LORD AESON!|ur good lol\n|c|\u2606SydPword|gg! cool team!\n|c|\u2606FIRE LORD AESON!|u2\n","uploadtime":1699730099,"views":15,"p1id":"sydpword","p2id":"firelordaeson","formatid":"gen9ou","rating":1496,"private":0,"password":""}