{"id":"gen9ou-1997884337","p1":"OMG WEMBANYAMA","p2":"loiro3","format":"[Gen 9] OU","log":"|j|\u2606OMG WEMBANYAMA\n|j|\u2606loiro3\n|t:|1700863491\n|gametype|singles\n|player|p1|OMG WEMBANYAMA|ethan|1509\n|player|p2|loiro3|ghetsis|1574\n|teamsize|p1|6\n|teamsize|p2|6\n|gen|9\n|tier|[Gen 9] OU\n|rated|\n|rule|Sleep Clause Mod: Limit one foe put to sleep\n|rule|Species Clause: Limit one of each Pok\u00e9mon\n|rule|OHKO Clause: OHKO moves are banned\n|rule|Evasion Items Clause: Evasion items are banned\n|rule|Evasion Moves Clause: Evasion moves are banned\n|rule|Endless Battle Clause: Forcing endless battles is banned\n|rule|HP Percentage Mod: HP is shown in percentages\n|clearpoke\n|poke|p1|Ursaluna, M|\n|poke|p1|Alomomola, F|\n|poke|p1|Kommo-o, M|\n|poke|p1|Corviknight, F|\n|poke|p1|Kingambit, M|\n|poke|p1|Dragapult, F|\n|poke|p2|Glimmora, F|\n|poke|p2|Gholdengo|\n|poke|p2|Ogerpon-Wellspring, F|\n|poke|p2|Kingambit, F|\n|poke|p2|Iron Moth|\n|poke|p2|Enamorus, F|\n|teampreview\n|\n|t:|1700863493\n|start\n|switch|p1a: CantToxicMeLoser|Ursaluna, M|100\/100\n|switch|p2a: Glimmora|Glimmora, F|100\/100\n|turn|1\n|\n|t:|1700863501\n|move|p2a: Glimmora|Stealth Rock|p1a: CantToxicMeLoser\n|-sidestart|p1: OMG WEMBANYAMA|move: Stealth Rock\n|move|p1a: CantToxicMeLoser|Headlong Rush|p2a: Glimmora\n|-supereffective|p2a: Glimmora\n|-enditem|p2a: Glimmora|Focus Sash\n|-damage|p2a: Glimmora|1\/100\n|-unboost|p1a: CantToxicMeLoser|def|1\n|-unboost|p1a: CantToxicMeLoser|spd|1\n|-activate|p2a: Glimmora|ability: Toxic Debris\n|-sidestart|p1: OMG WEMBANYAMA|move: Toxic Spikes\n|\n|-status|p1a: CantToxicMeLoser|brn|[from] item: Flame Orb\n|upkeep\n|turn|2\n|j| Heihachi Mishima\n|\n|t:|1700863514\n|switch|p1a: Corviknight|Corviknight, F|100\/100\n|-damage|p1a: Corviknight|88\/100|[from] Stealth Rock\n|-ability|p1a: Corviknight|Pressure\n|move|p2a: Glimmora|Earth Power|p1a: Corviknight\n|-immune|p1a: Corviknight\n|\n|-heal|p1a: Corviknight|94\/100|[from] item: Leftovers\n|upkeep\n|turn|3\n|\n|t:|1700863525\n|switch|p2a: Gholdengo|Gholdengo|100\/100\n|-item|p2a: Gholdengo|Air Balloon\n|move|p1a: Corviknight|U-turn|p2a: Gholdengo\n|-resisted|p2a: Gholdengo\n|-damage|p2a: Gholdengo|96\/100\n|-enditem|p2a: Gholdengo|Air Balloon\n|inactive|Battle timer is ON: inactive players will automatically lose when time's up. (requested by OMG WEMBANYAMA)\n|\n|t:|1700863529\n|switch|p1a: CantToxicMeLoser|Ursaluna, M|100\/100 brn|[from] U-turn\n|-damage|p1a: CantToxicMeLoser|94\/100 brn|[from] Stealth Rock\n|\n|-damage|p1a: CantToxicMeLoser|88\/100 brn|[from] brn\n|upkeep\n|turn|4\n|\n|t:|1700863538\n|move|p2a: Gholdengo|Make It Rain|p1a: CantToxicMeLoser\n|-damage|p1a: CantToxicMeLoser|35\/100 brn\n|-unboost|p2a: Gholdengo|spa|1\n|move|p1a: CantToxicMeLoser|Fire Punch|p2a: Gholdengo\n|-supereffective|p2a: Gholdengo\n|-damage|p2a: Gholdengo|0 fnt\n|faint|p2a: Gholdengo\n|\n|-damage|p1a: CantToxicMeLoser|29\/100 brn|[from] brn\n|upkeep\n|\n|t:|1700863553\n|switch|p2a: Glimmora|Glimmora, F|1\/100\n|turn|5\n|inactive|OMG WEMBANYAMA has 120 seconds left.\n|\n|t:|1700863597\n|move|p2a: Glimmora|Power Gem|p1a: CantToxicMeLoser\n|-resisted|p1a: CantToxicMeLoser\n|-damage|p1a: CantToxicMeLoser|12\/100 brn\n|move|p1a: CantToxicMeLoser|Headlong Rush|p2a: Glimmora\n|-supereffective|p2a: Glimmora\n|-damage|p2a: Glimmora|0 fnt\n|-unboost|p1a: CantToxicMeLoser|def|1\n|-unboost|p1a: CantToxicMeLoser|spd|1\n|-activate|p2a: Glimmora|ability: Toxic Debris\n|-sidestart|p1: OMG WEMBANYAMA|move: Toxic Spikes\n|faint|p2a: Glimmora\n|\n|-damage|p1a: CantToxicMeLoser|6\/100 brn|[from] brn\n|upkeep\n|\n|t:|1700863610\n|switch|p2a: Ogerpon|Ogerpon-Wellspring, F|100\/100\n|turn|6\n|inactive|OMG WEMBANYAMA has 120 seconds left.\n|\n|t:|1700863627\n|move|p2a: Ogerpon|Ivy Cudgel|p1a: CantToxicMeLoser|[anim] Ivy Cudgel Water\n|-supereffective|p1a: CantToxicMeLoser\n|-damage|p1a: CantToxicMeLoser|0 fnt\n|faint|p1a: CantToxicMeLoser\n|\n|upkeep\n|\n|t:|1700863632\n|switch|p1a: Corviknight|Corviknight, F|94\/100\n|-damage|p1a: Corviknight|82\/100|[from] Stealth Rock\n|-ability|p1a: Corviknight|Pressure\n|turn|7\n|\n|t:|1700863639\n|move|p2a: Ogerpon|Swords Dance|p2a: Ogerpon\n|-boost|p2a: Ogerpon|atk|2\n|move|p1a: Corviknight|Defog|p2a: Ogerpon\n|-unboost|p2a: Ogerpon|evasion|1\n|-sideend|p1: OMG WEMBANYAMA|Toxic Spikes|[from] move: Defog|[of] p1a: Corviknight\n|-sideend|p1: OMG WEMBANYAMA|Stealth Rock|[from] move: Defog|[of] p1a: Corviknight\n|\n|-heal|p1a: Corviknight|88\/100|[from] item: Leftovers\n|upkeep\n|turn|8\n|\n|t:|1700863652\n|switch|p1a: ACTION JACKSON|Kingambit, M|100\/100\n|-activate|p1a: ACTION JACKSON|ability: Supreme Overlord\n|-start|p1a: ACTION JACKSON|fallen1|[silent]\n|move|p2a: Ogerpon|Encore||[still]\n|-fail|p2a: Ogerpon\n|\n|upkeep\n|turn|9\n|\n|t:|1700863659\n|move|p2a: Ogerpon|Ivy Cudgel|p1a: ACTION JACKSON|[anim] Ivy Cudgel Water\n|-crit|p1a: ACTION JACKSON\n|-damage|p1a: ACTION JACKSON|0 fnt\n|faint|p1a: ACTION JACKSON\n|-end|p1a: ACTION JACKSON|fallen1|[silent]\n|\n|upkeep\n|\n|t:|1700863665\n|switch|p1a: Kommo-o|Kommo-o, M|100\/100\n|turn|10\n|\n|t:|1700863668\n|-terastallize|p2a: Ogerpon|Water\n|detailschange|p2a: Ogerpon|Ogerpon-Wellspring-Tera, F, tera:Water\n|-ability|p2a: Ogerpon|Embody Aspect (Wellspring)|boost\n|-boost|p2a: Ogerpon|spd|1\n|move|p2a: Ogerpon|Ivy Cudgel|p1a: Kommo-o|[anim] Ivy Cudgel Water\n|-resisted|p1a: Kommo-o\n|-damage|p1a: Kommo-o|47\/100\n|move|p1a: Kommo-o|Body Press|p2a: Ogerpon\n|-crit|p2a: Ogerpon\n|-damage|p2a: Ogerpon|14\/100\n|\n|-heal|p1a: Kommo-o|54\/100|[from] item: Leftovers\n|upkeep\n|turn|11\n|\n|t:|1700863679\n|move|p2a: Ogerpon|Ivy Cudgel|p1a: Kommo-o|[anim] Ivy Cudgel Water\n|-resisted|p1a: Kommo-o\n|-damage|p1a: Kommo-o|2\/100\n|move|p1a: Kommo-o|Body Press|p2a: Ogerpon\n|-damage|p2a: Ogerpon|0 fnt\n|faint|p2a: Ogerpon\n|\n|-heal|p1a: Kommo-o|8\/100|[from] item: Leftovers\n|upkeep\n|\n|t:|1700863689\n|switch|p2a: Enamorus|Enamorus, F|100\/100\n|turn|12\n|\n|t:|1700863692\n|switch|p1a: If you wish...|Alomomola, F|100\/100\n|move|p2a: Enamorus|Moonblast|p1a: If you wish...\n|-damage|p1a: If you wish...|51\/100\n|\n|upkeep\n|turn|13\n|\n|t:|1700863698\n|switch|p1a: Corviknight|Corviknight, F|88\/100\n|-ability|p1a: Corviknight|Pressure\n|move|p2a: Enamorus|Moonblast|p1a: Corviknight\n|-resisted|p1a: Corviknight\n|-damage|p1a: Corviknight|70\/100\n|\n|-heal|p1a: Corviknight|76\/100|[from] item: Leftovers\n|upkeep\n|turn|14\n|\n|t:|1700863707\n|switch|p2a: Iron Moth|Iron Moth|100\/100\n|-enditem|p2a: Iron Moth|Booster Energy\n|-activate|p2a: Iron Moth|ability: Quark Drive|[fromitem]\n|-start|p2a: Iron Moth|quarkdrivespe\n|move|p1a: Corviknight|U-turn|p2a: Iron Moth\n|-resisted|p2a: Iron Moth\n|-damage|p2a: Iron Moth|96\/100\n|\n|t:|1700863714\n|switch|p1a: Zay flowers szn|Dragapult, F|100\/100|[from] U-turn\n|\n|upkeep\n|turn|15\n|\n|t:|1700863724\n|-end|p2a: Iron Moth|Quark Drive|[silent]\n|switch|p2a: Kingambit|Kingambit, F|100\/100\n|-activate|p2a: Kingambit|ability: Supreme Overlord\n|-start|p2a: Kingambit|fallen3|[silent]\n|move|p1a: Zay flowers szn|Dragon Darts|p2a: Kingambit\n|-resisted|p2a: Kingambit\n|-damage|p2a: Kingambit|93\/100\n|-anim|p1a: Zay flowers szn|Dragon Darts|p2a: Kingambit\n|-resisted|p2a: Kingambit\n|-damage|p2a: Kingambit|85\/100\n|\n|upkeep\n|turn|16\n|\n|t:|1700863734\n|switch|p1a: If you wish...|Alomomola, F|84\/100\n|move|p2a: Kingambit|Kowtow Cleave|p1a: If you wish...\n|-damage|p1a: If you wish...|36\/100\n|\n|upkeep\n|turn|17\n|\n|t:|1700863742\n|move|p2a: Kingambit|Kowtow Cleave|p1a: If you wish...\n|-damage|p1a: If you wish...|0 fnt\n|faint|p1a: If you wish...\n|\n|upkeep\n|\n|t:|1700863744\n|switch|p1a: Kommo-o|Kommo-o, M|8\/100\n|turn|18\n|\n|t:|1700863750\n|move|p1a: Kommo-o|Body Press|p2a: Kingambit\n|-supereffective|p2a: Kingambit\n|-damage|p2a: Kingambit|0 fnt\n|faint|p2a: Kingambit\n|-end|p2a: Kingambit|fallen3|[silent]\n|\n|-heal|p1a: Kommo-o|14\/100|[from] item: Leftovers\n|upkeep\n|\n|t:|1700863762\n|switch|p2a: Iron Moth|Iron Moth|96\/100\n|turn|19\n|\n|t:|1700863765\n|move|p2a: Iron Moth|Fiery Dance|p1a: Kommo-o\n|-resisted|p1a: Kommo-o\n|-crit|p1a: Kommo-o\n|-damage|p1a: Kommo-o|0 fnt\n|-boost|p2a: Iron Moth|spa|1\n|faint|p1a: Kommo-o\n|\n|upkeep\n|\n|t:|1700863766\n|switch|p1a: Zay flowers szn|Dragapult, F|100\/100\n|turn|20\n|\n|t:|1700863774\n|move|p1a: Zay flowers szn|Dragon Darts|p2a: Iron Moth\n|-damage|p2a: Iron Moth|66\/100\n|-anim|p1a: Zay flowers szn|Dragon Darts|p2a: Iron Moth\n|-damage|p2a: Iron Moth|35\/100\n|move|p2a: Iron Moth|Sludge Wave|p1a: Zay flowers szn\n|-resisted|p1a: Zay flowers szn\n|-damage|p1a: Zay flowers szn|54\/100\n|\n|upkeep\n|turn|21\n|\n|t:|1700863781\n|-end|p2a: Iron Moth|Quark Drive|[silent]\n|switch|p2a: Enamorus|Enamorus, F|100\/100\n|move|p1a: Zay flowers szn|Dragon Darts|p2a: Enamorus\n|-immune|p2a: Enamorus\n|\n|upkeep\n|turn|22\n|\n|t:|1700863787\n|switch|p1a: Corviknight|Corviknight, F|76\/100\n|-ability|p1a: Corviknight|Pressure\n|move|p2a: Enamorus|Mystical Fire|p1a: Corviknight\n|-supereffective|p1a: Corviknight\n|-damage|p1a: Corviknight|40\/100\n|-unboost|p1a: Corviknight|spa|1\n|\n|-heal|p1a: Corviknight|46\/100|[from] item: Leftovers\n|upkeep\n|turn|23\n|\n|t:|1700863796\n|move|p2a: Enamorus|Mystical Fire|p1a: Corviknight\n|-supereffective|p1a: Corviknight\n|-damage|p1a: Corviknight|7\/100\n|-unboost|p1a: Corviknight|spa|1\n|move|p1a: Corviknight|Roost|p1a: Corviknight\n|-heal|p1a: Corviknight|57\/100\n|-singleturn|p1a: Corviknight|move: Roost\n|\n|-heal|p1a: Corviknight|63\/100|[from] item: Leftovers\n|upkeep\n|turn|24\n|\n|t:|1700863805\n|switch|p2a: Iron Moth|Iron Moth|35\/100\n|move|p1a: Corviknight|Roost|p1a: Corviknight\n|-heal|p1a: Corviknight|100\/100\n|-singleturn|p1a: Corviknight|move: Roost\n|\n|upkeep\n|turn|25\n|\n|t:|1700863812\n|switch|p1a: Zay flowers szn|Dragapult, F|54\/100\n|move|p2a: Iron Moth|Fiery Dance|p1a: Zay flowers szn\n|-resisted|p1a: Zay flowers szn\n|-damage|p1a: Zay flowers szn|29\/100\n|\n|upkeep\n|turn|26\n|\n|t:|1700863818\n|-end|p2a: Iron Moth|Quark Drive|[silent]\n|switch|p2a: Enamorus|Enamorus, F|100\/100\n|move|p1a: Zay flowers szn|Dragon Darts|p2a: Enamorus\n|-immune|p2a: Enamorus\n|\n|upkeep\n|turn|27\n|\n|t:|1700863826\n|move|p2a: Enamorus|Healing Wish|p2a: Enamorus\n|faint|p2a: Enamorus\n|move|p1a: Zay flowers szn|Dragon Darts|p2: Enamorus|[notarget]\n|-fail|p1a: Zay flowers szn\n|\n|upkeep\n|\n|t:|1700863830\n|switch|p2a: Iron Moth|Iron Moth|35\/100\n|-heal|p2a: Iron Moth|100\/100|[from] move: Healing Wish\n|turn|28\n|\n|t:|1700863835\n|move|p1a: Zay flowers szn|Dragon Darts|p2a: Iron Moth\n|-damage|p2a: Iron Moth|71\/100\n|-anim|p1a: Zay flowers szn|Dragon Darts|p2a: Iron Moth\n|-damage|p2a: Iron Moth|42\/100\n|move|p2a: Iron Moth|Sludge Wave|p1a: Zay flowers szn\n|-resisted|p1a: Zay flowers szn\n|-damage|p1a: Zay flowers szn|0 fnt\n|faint|p1a: Zay flowers szn\n|\n|upkeep\n|\n|t:|1700863839\n|switch|p1a: Corviknight|Corviknight, F|100\/100\n|-ability|p1a: Corviknight|Pressure\n|turn|29\n|\n|t:|1700863846\n|-terastallize|p1a: Corviknight|Fire\n|move|p2a: Iron Moth|Fiery Dance|p1a: Corviknight\n|-resisted|p1a: Corviknight\n|-damage|p1a: Corviknight|87\/100\n|-boost|p2a: Iron Moth|spa|1\n|move|p1a: Corviknight|Brave Bird|p2a: Iron Moth\n|-damage|p2a: Iron Moth|0 fnt\n|faint|p2a: Iron Moth\n|-end|p2a: Iron Moth|Quark Drive|[silent]\n|-damage|p1a: Corviknight|76\/100|[from] Recoil\n|\n|win|OMG WEMBANYAMA\n|raw|OMG WEMBANYAMA's rating: 1509 &rarr; <strong>1533<\/strong><br \/>(+24 for winning)\n|raw|loiro3's rating: 1574 &rarr; <strong>1550<\/strong><br \/>(-24 for losing)\n","uploadtime":1700863857,"views":3,"p1id":"omgwembanyama","p2id":"loiro3","formatid":"gen9ou","rating":1533,"private":0,"password":""}