{"id":"gen9ou-1997143712","p1":"christopher92","p2":"pauluxo","format":"[Gen 9] OU","log":"|j|\u2606christopher92\n|j|\u2606pauluxo\n|t:|1700768925\n|gametype|singles\n|player|p1|christopher92|265|1322\n|player|p2|pauluxo|170|1397\n|teamsize|p1|6\n|teamsize|p2|6\n|gen|9\n|tier|[Gen 9] OU\n|rated|\n|rule|Sleep Clause Mod: Limit one foe put to sleep\n|rule|Species Clause: Limit one of each Pok\u00e9mon\n|rule|OHKO Clause: OHKO moves are banned\n|rule|Evasion Items Clause: Evasion items are banned\n|rule|Evasion Moves Clause: Evasion moves are banned\n|rule|Endless Battle Clause: Forcing endless battles is banned\n|rule|HP Percentage Mod: HP is shown in percentages\n|clearpoke\n|poke|p1|Gholdengo|\n|poke|p1|Kingambit, M|\n|poke|p1|Ogerpon-Wellspring, F|\n|poke|p1|Iron Moth|\n|poke|p1|Glimmora, M|\n|poke|p1|Iron Valiant|\n|poke|p2|Glimmora, F|\n|poke|p2|Landorus-Therian, M|\n|poke|p2|Great Tusk|\n|poke|p2|Ogerpon-Wellspring, F|\n|poke|p2|Gholdengo|\n|poke|p2|Kingambit, M|\n|teampreview\n|\n|t:|1700768928\n|start\n|switch|p1a: cleopat|Glimmora, M|100\/100\n|switch|p2a: Glimmora|Glimmora, F|100\/100\n|turn|1\n|inactive|Battle timer is ON: inactive players will automatically lose when time's up. (requested by pauluxo)\n|inactive|christopher92 has 120 seconds left.\n|\n|t:|1700768959\n|move|p1a: cleopat|Earth Power|p2a: Glimmora\n|-supereffective|p2a: Glimmora\n|-enditem|p2a: Glimmora|Focus Sash\n|-damage|p2a: Glimmora|1\/100\n|move|p2a: Glimmora|Earth Power|p1a: cleopat\n|-supereffective|p1a: cleopat\n|-enditem|p1a: cleopat|Focus Sash\n|-damage|p1a: cleopat|1\/100\n|\n|upkeep\n|turn|2\n|\n|t:|1700768967\n|move|p2a: Glimmora|Mortal Spin|p1a: cleopat\n|-resisted|p1a: cleopat\n|-damage|p1a: cleopat|0 fnt\n|-activate|p1a: cleopat|ability: Toxic Debris\n|-sidestart|p2: pauluxo|move: Toxic Spikes\n|-sideend|p2: pauluxo|Toxic Spikes|[from] move: Mortal Spin|[of] p2a: Glimmora\n|faint|p1a: cleopat\n|\n|upkeep\n|\n|t:|1700768975\n|switch|p1a: germa|Ogerpon-Wellspring, F|100\/100\n|turn|3\n|\n|t:|1700768981\n|move|p1a: germa|Ivy Cudgel|p2a: Glimmora|[anim] Ivy Cudgel Water\n|-supereffective|p2a: Glimmora\n|-damage|p2a: Glimmora|0 fnt\n|-activate|p2a: Glimmora|ability: Toxic Debris\n|-sidestart|p1: christopher92|move: Toxic Spikes\n|faint|p2a: Glimmora\n|\n|upkeep\n|\n|t:|1700768986\n|switch|p2a: Great Tusk|Great Tusk|100\/100\n|turn|4\n|\n|t:|1700769000\n|move|p2a: Great Tusk|Megahorn|p1a: germa\n|-supereffective|p1a: germa\n|-damage|p1a: germa|0 fnt\n|faint|p1a: germa\n|\n|upkeep\n|\n|t:|1700769009\n|switch|p1a: romanov|Iron Valiant|100\/100\n|-status|p1a: romanov|psn\n|-enditem|p1a: romanov|Booster Energy\n|-activate|p1a: romanov|ability: Quark Drive|[fromitem]\n|-start|p1a: romanov|quarkdrivespe\n|turn|5\n|\n|t:|1700769015\n|-end|p2a: Great Tusk|Protosynthesis|[silent]\n|switch|p2a: Gholdengo|Gholdengo|100\/100\n|-item|p2a: Gholdengo|Air Balloon\n|move|p1a: romanov|Close Combat|p2a: Gholdengo\n|-immune|p2a: Gholdengo\n|\n|-damage|p1a: romanov|88\/100 psn|[from] psn\n|upkeep\n|turn|6\n|\n|t:|1700769026\n|move|p1a: romanov|Knock Off|p2a: Gholdengo\n|-supereffective|p2a: Gholdengo\n|-damage|p2a: Gholdengo|48\/100\n|-enditem|p2a: Gholdengo|Air Balloon\n|move|p2a: Gholdengo|Make It Rain|p1a: romanov\n|-supereffective|p1a: romanov\n|-damage|p1a: romanov|0 fnt\n|-unboost|p2a: Gholdengo|spa|1\n|faint|p1a: romanov\n|-end|p1a: romanov|Quark Drive|[silent]\n|\n|upkeep\n|\n|t:|1700769042\n|switch|p1a: ezzman|Gholdengo|100\/100\n|-item|p1a: ezzman|Air Balloon\n|turn|7\n|\n|t:|1700769047\n|switch|p2a: Kingambit|Kingambit, M|100\/100\n|-activate|p2a: Kingambit|ability: Supreme Overlord\n|-start|p2a: Kingambit|fallen1|[silent]\n|move|p1a: ezzman|Shadow Ball|p2a: Kingambit\n|-resisted|p2a: Kingambit\n|-damage|p2a: Kingambit|78\/100\n|\n|upkeep\n|turn|8\n|\n|t:|1700769054\n|switch|p1a: guepe ride|Iron Moth|100\/100\n|-sideend|p1: christopher92|move: Toxic Spikes|[of] p1a: guepe ride\n|-enditem|p1a: guepe ride|Booster Energy\n|-activate|p1a: guepe ride|ability: Quark Drive|[fromitem]\n|-start|p1a: guepe ride|quarkdrivespe\n|move|p2a: Kingambit|Iron Head|p1a: guepe ride\n|-resisted|p1a: guepe ride\n|-damage|p1a: guepe ride|65\/100\n|\n|upkeep\n|turn|9\n|\n|t:|1700769064\n|-end|p2a: Kingambit|fallen1|[silent]\n|switch|p2a: Landorus|Landorus-Therian, M|100\/100\n|-ability|p2a: Landorus|Intimidate|boost\n|-unboost|p1a: guepe ride|atk|1\n|move|p1a: guepe ride|Substitute|p1a: guepe ride\n|-start|p1a: guepe ride|Substitute\n|-damage|p1a: guepe ride|40\/100\n|\n|upkeep\n|turn|10\n|\n|t:|1700769073\n|move|p1a: guepe ride|Fiery Dance|p2a: Landorus\n|-damage|p2a: Landorus|62\/100\n|-boost|p1a: guepe ride|spa|1\n|move|p2a: Landorus|Earthquake|p1a: guepe ride\n|-supereffective|p1a: guepe ride\n|-end|p1a: guepe ride|Substitute\n|\n|-heal|p2a: Landorus|68\/100|[from] item: Leftovers\n|upkeep\n|turn|11\n|\n|t:|1700769084\n|move|p1a: guepe ride|Fiery Dance|p2a: Landorus\n|-damage|p2a: Landorus|17\/100\n|-boost|p1a: guepe ride|spa|1\n|move|p2a: Landorus|Earthquake|p1a: guepe ride\n|-supereffective|p1a: guepe ride\n|-damage|p1a: guepe ride|0 fnt\n|faint|p1a: guepe ride\n|-end|p1a: guepe ride|Quark Drive|[silent]\n|\n|-heal|p2a: Landorus|23\/100|[from] item: Leftovers\n|upkeep\n|\n|t:|1700769093\n|switch|p1a: bouh|Kingambit, M|100\/100\n|-activate|p1a: bouh|ability: Supreme Overlord\n|-start|p1a: bouh|fallen4|[silent]\n|turn|12\n|\n|t:|1700769097\n|switch|p2a: Great Tusk|Great Tusk|100\/100\n|move|p1a: bouh|Sucker Punch||[still]\n|-fail|p1a: bouh\n|\n|upkeep\n|turn|13\n|\n|t:|1700769103\n|move|p2a: Great Tusk|Headlong Rush|p1a: bouh\n|-supereffective|p1a: bouh\n|-damage|p1a: bouh|11\/100\n|-unboost|p2a: Great Tusk|def|1\n|-unboost|p2a: Great Tusk|spd|1\n|move|p1a: bouh|Kowtow Cleave|p2a: Great Tusk\n|-resisted|p2a: Great Tusk\n|-damage|p2a: Great Tusk|64\/100\n|\n|-heal|p1a: bouh|17\/100|[from] item: Leftovers\n|upkeep\n|turn|14\n|\n|t:|1700769111\n|move|p2a: Great Tusk|Headlong Rush|p1a: bouh\n|-supereffective|p1a: bouh\n|-damage|p1a: bouh|0 fnt\n|-unboost|p2a: Great Tusk|def|1\n|-unboost|p2a: Great Tusk|spd|1\n|faint|p1a: bouh\n|-end|p1a: bouh|fallen4|[silent]\n|\n|upkeep\n|\n|t:|1700769113\n|switch|p1a: ezzman|Gholdengo|100\/100\n|-item|p1a: ezzman|Air Balloon\n|turn|15\n|\n|t:|1700769118\n|-end|p2a: Great Tusk|Protosynthesis|[silent]\n|switch|p2a: Kingambit|Kingambit, M|78\/100\n|-activate|p2a: Kingambit|ability: Supreme Overlord\n|-start|p2a: Kingambit|fallen1|[silent]\n|move|p1a: ezzman|Psyshock|p2a: Kingambit\n|-immune|p2a: Kingambit\n|\n|upkeep\n|turn|16\n|\n|t:|1700769125\n|move|p2a: Kingambit|Sucker Punch|p1a: ezzman\n|-supereffective|p1a: ezzman\n|-damage|p1a: ezzman|13\/100\n|-enditem|p1a: ezzman|Air Balloon\n|move|p1a: ezzman|Shadow Ball|p2a: Kingambit\n|-resisted|p2a: Kingambit\n|-damage|p2a: Kingambit|52\/100\n|\n|upkeep\n|turn|17\n|\n|t:|1700769133\n|move|p2a: Kingambit|Sucker Punch|p1a: ezzman\n|-supereffective|p1a: ezzman\n|-damage|p1a: ezzman|0 fnt\n|faint|p1a: ezzman\n|\n|win|pauluxo\n|raw|christopher92's rating: 1322 &rarr; <strong>1306<\/strong><br \/>(-16 for losing)\n|raw|pauluxo's rating: 1397 &rarr; <strong>1413<\/strong><br \/>(+16 for winning)\n|c|\u2606pauluxo|gg\n|l|\u2606christopher92\n","uploadtime":1700769157,"views":4,"p1id":"christopher92","p2id":"pauluxo","formatid":"gen9ou","rating":1306,"private":0,"password":""}