{"id":"gen9ou-1991738950","p1":"CyberH3","p2":"PikachuRTM","format":"[Gen 9] OU","log":"|j|\u2606CyberH3\n|j|\u2606PikachuRTM\n|t:|1700109195\n|gametype|singles\n|player|p1|CyberH3|mars|1366\n|player|p2|PikachuRTM|koga|1461\n|teamsize|p1|6\n|teamsize|p2|6\n|gen|9\n|tier|[Gen 9] OU\n|rated|\n|rule|Sleep Clause Mod: Limit one foe put to sleep\n|rule|Species Clause: Limit one of each Pok\u00e9mon\n|rule|OHKO Clause: OHKO moves are banned\n|rule|Evasion Items Clause: Evasion items are banned\n|rule|Evasion Moves Clause: Evasion moves are banned\n|rule|Endless Battle Clause: Forcing endless battles is banned\n|rule|HP Percentage Mod: HP is shown in percentages\n|clearpoke\n|poke|p1|Goodra-Hisui, M|\n|poke|p1|Scizor, F|\n|poke|p1|Mimikyu, F|\n|poke|p1|Iron Valiant|\n|poke|p1|Talonflame, F|\n|poke|p1|Lokix, M|\n|poke|p2|Pikachu, M|\n|poke|p2|Gholdengo|\n|poke|p2|Samurott-Hisui, M|\n|poke|p2|Rillaboom, M|\n|poke|p2|Sneasler, M|\n|poke|p2|Enamorus, F|\n|teampreview\n|\n|t:|1700109207\n|start\n|switch|p1a: Morf LeRosh|Lokix, M|100\/100\n|switch|p2a: Sam|Samurott-Hisui, M|100\/100\n|turn|1\n|\n|t:|1700109216\n|move|p1a: Morf LeRosh|First Impression|p2a: Sam\n|-supereffective|p2a: Sam\n|-enditem|p2a: Sam|Focus Sash\n|-damage|p2a: Sam|1\/100\n|-damage|p1a: Morf LeRosh|91\/100|[from] item: Life Orb\n|move|p2a: Sam|Ceaseless Edge|p1a: Morf LeRosh\n|-resisted|p1a: Morf LeRosh\n|-damage|p1a: Morf LeRosh|60\/100\n|-sidestart|p1: CyberH3|Spikes\n|\n|upkeep\n|turn|2\n|\n|t:|1700109229\n|move|p1a: Morf LeRosh|Knock Off|p2a: Sam\n|-resisted|p2a: Sam\n|-damage|p2a: Sam|0 fnt\n|faint|p2a: Sam\n|-damage|p1a: Morf LeRosh|50\/100|[from] item: Life Orb\n|\n|upkeep\n|\n|t:|1700109232\n|switch|p2a: Who Dis?|Enamorus, F|100\/100\n|turn|3\n|\n|t:|1700109237\n|move|p2a: Who Dis?|Moonblast|p1a: Morf LeRosh\n|-supereffective|p1a: Morf LeRosh\n|-damage|p1a: Morf LeRosh|0 fnt\n|faint|p1a: Morf LeRosh\n|\n|upkeep\n|\n|t:|1700109241\n|switch|p1a: Eat With Scissors|Scizor, F|100\/100\n|-damage|p1a: Eat With Scissors|88\/100|[from] Spikes\n|turn|4\n|\n|t:|1700109246\n|move|p1a: Eat With Scissors|Bullet Punch|p2a: Who Dis?\n|-supereffective|p2a: Who Dis?\n|-damage|p2a: Who Dis?|0 fnt\n|faint|p2a: Who Dis?\n|-damage|p1a: Eat With Scissors|78\/100|[from] item: Life Orb\n|\n|upkeep\n|\n|t:|1700109252\n|switch|p2a: Gholdie|Gholdengo|100\/100\n|turn|5\n|\n|t:|1700109256\n|move|p2a: Gholdie|Shadow Ball|p1a: Eat With Scissors\n|-damage|p1a: Eat With Scissors|31\/100\n|move|p1a: Eat With Scissors|Knock Off|p2a: Gholdie\n|-supereffective|p2a: Gholdie\n|-damage|p2a: Gholdie|0 fnt\n|-enditem|p2a: Gholdie|Choice Scarf|[from] move: Knock Off|[of] p1a: Eat With Scissors\n|faint|p2a: Gholdie\n|-damage|p1a: Eat With Scissors|21\/100|[from] item: Life Orb\n|\n|upkeep\n|\n|t:|1700109267\n|switch|p2a: Derrick|Pikachu, M|100\/100\n|turn|6\n|\n|t:|1700109272\n|switch|p1a: Snailtare|Goodra-Hisui, M|100\/100\n|-damage|p1a: Snailtare|88\/100|[from] Spikes\n|move|p2a: Derrick|Fake Out|p1a: Snailtare\n|-resisted|p1a: Snailtare\n|-damage|p1a: Snailtare|79\/100\n|\n|-heal|p1a: Snailtare|85\/100|[from] item: Leftovers\n|upkeep\n|turn|7\n|\n|t:|1700109280\n|move|p2a: Derrick|Knock Off|p1a: Snailtare\n|-damage|p1a: Snailtare|42\/100\n|-enditem|p1a: Snailtare|Leftovers|[from] move: Knock Off|[of] p2a: Derrick\n|move|p1a: Snailtare|Flamethrower|p2a: Derrick\n|-damage|p2a: Derrick|15\/100\n|\n|upkeep\n|turn|8\n|\n|t:|1700109287\n|move|p1a: Snailtare|Protect|p1a: Snailtare\n|-singleturn|p1a: Snailtare|Protect\n|move|p2a: Derrick|Volt Tackle|p1a: Snailtare\n|-activate|p1a: Snailtare|move: Protect\n|\n|upkeep\n|turn|9\n|\n|t:|1700109292\n|move|p2a: Derrick|Volt Tackle|p1a: Snailtare\n|-resisted|p1a: Snailtare\n|-damage|p1a: Snailtare|5\/100\n|-damage|p2a: Derrick|0 fnt|[from] Recoil\n|faint|p2a: Derrick\n|move|p1a: Snailtare|Flamethrower|p2: Derrick|[notarget]\n|-fail|p1a: Snailtare\n|\n|upkeep\n|\n|t:|1700109294\n|switch|p2a: Donkey Kong|Rillaboom, M|100\/100\n|-fieldstart|move: Grassy Terrain|[from] ability: Grassy Surge|[of] p2a: Donkey Kong\n|turn|10\n|\n|t:|1700109298\n|move|p2a: Donkey Kong|U-turn|p1a: Snailtare\n|-resisted|p1a: Snailtare\n|-damage|p1a: Snailtare|0 fnt\n|faint|p1a: Snailtare\n|\n|t:|1700109299\n|switch|p2a: Baron Corbin|Sneasler, M, shiny|100\/100|[from] U-turn\n|-enditem|p2a: Baron Corbin|Grassy Seed\n|-boost|p2a: Baron Corbin|def|1|[from] item: Grassy Seed\n|\n|upkeep\n|\n|t:|1700109305\n|switch|p1a: Eat With Scissors|Scizor, F|21\/100\n|-damage|p1a: Eat With Scissors|9\/100|[from] Spikes\n|turn|11\n|\n|t:|1700109317\n|-terastallize|p2a: Baron Corbin|Flying\n|-terastallize|p1a: Eat With Scissors|Steel\n|move|p1a: Eat With Scissors|Bullet Punch|p2a: Baron Corbin\n|-damage|p2a: Baron Corbin|31\/100\n|-damage|p1a: Eat With Scissors|0 fnt|[from] item: Life Orb\n|faint|p1a: Eat With Scissors\n|move|p2a: Baron Corbin|Swords Dance|p2a: Baron Corbin\n|-boost|p2a: Baron Corbin|atk|2\n|\n|upkeep\n|\n|t:|1700109323\n|switch|p1a: OHAYOLLIE|Mimikyu, F|100\/100\n|-damage|p1a: OHAYOLLIE|88\/100|[from] Spikes\n|turn|12\n|\n|t:|1700109325\n|move|p1a: OHAYOLLIE|Shadow Sneak|p2a: Baron Corbin\n|-damage|p2a: Baron Corbin|8\/100\n|-damage|p1a: OHAYOLLIE|78\/100|[from] item: Life Orb\n|move|p2a: Baron Corbin|Dire Claw|p1a: OHAYOLLIE\n|-activate|p1a: OHAYOLLIE|ability: Disguise\n|-damage|p1a: OHAYOLLIE|78\/100\n|-status|p1a: OHAYOLLIE|psn\n|detailschange|p1a: OHAYOLLIE|Mimikyu-Busted, F\n|-damage|p1a: OHAYOLLIE|66\/100 psn|[from] pokemon: Mimikyu-Busted\n|\n|-heal|p1a: OHAYOLLIE|72\/100 psn|[from] Grassy Terrain\n|-damage|p1a: OHAYOLLIE|59\/100 psn|[from] psn\n|upkeep\n|turn|13\n|\n|t:|1700109339\n|switch|p2a: Donkey Kong|Rillaboom, M|100\/100\n|move|p1a: OHAYOLLIE|Shadow Sneak|p2a: Donkey Kong\n|-damage|p2a: Donkey Kong|75\/100\n|-damage|p1a: OHAYOLLIE|50\/100 psn|[from] item: Life Orb\n|\n|-heal|p1a: OHAYOLLIE|55\/100 psn|[from] Grassy Terrain\n|-heal|p2a: Donkey Kong|81\/100|[from] Grassy Terrain\n|-damage|p1a: OHAYOLLIE|43\/100 psn|[from] psn\n|upkeep\n|turn|14\n|\n|t:|1700109352\n|switch|p1a: The XO|Talonflame, F|100\/100\n|move|p2a: Donkey Kong|U-turn|p1a: The XO\n|-resisted|p1a: The XO\n|-damage|p1a: The XO|85\/100\n|\n|t:|1700109354\n|switch|p2a: Baron Corbin|Sneasler, M, shiny, tera:Flying|8\/100|[from] U-turn\n|\n|-heal|p1a: The XO|91\/100|[from] item: Leftovers\n|-fieldend|move: Grassy Terrain\n|upkeep\n|turn|15\n|\n|t:|1700109359\n|move|p1a: The XO|Brave Bird|p2a: Baron Corbin\n|-damage|p2a: Baron Corbin|0 fnt\n|faint|p2a: Baron Corbin\n|-damage|p1a: The XO|89\/100|[from] Recoil\n|\n|-heal|p1a: The XO|95\/100|[from] item: Leftovers\n|upkeep\n|\n|t:|1700109361\n|switch|p2a: Donkey Kong|Rillaboom, M|81\/100\n|-fieldstart|move: Grassy Terrain|[from] ability: Grassy Surge|[of] p2a: Donkey Kong\n|turn|16\n|\n|t:|1700109364\n|move|p1a: The XO|Will-O-Wisp|p2a: Donkey Kong\n|-status|p2a: Donkey Kong|brn\n|move|p2a: Donkey Kong|Wood Hammer|p1a: The XO\n|-resisted|p1a: The XO\n|-damage|p1a: The XO|70\/100\n|-damage|p2a: Donkey Kong|74\/100 brn|[from] Recoil\n|\n|-heal|p1a: The XO|76\/100|[from] item: Leftovers\n|-heal|p2a: Donkey Kong|80\/100 brn|[from] Grassy Terrain\n|-damage|p2a: Donkey Kong|74\/100 brn|[from] brn\n|upkeep\n|turn|17\n|-message|PikachuRTM forfeited.\n|\n|win|CyberH3\n|raw|CyberH3's rating: 1366 &rarr; <strong>1391<\/strong><br \/>(+25 for winning)\n|raw|PikachuRTM's rating: 1461 &rarr; <strong>1436<\/strong><br \/>(-25 for losing)\n|l|\u2606PikachuRTM\n","uploadtime":1700109370,"views":18,"p1id":"cyberh3","p2id":"pikachurtm","formatid":"gen9ou","rating":1391,"private":0,"password":""}