{"id":"gen9ou-1993788262","p1":"Zynachino","p2":"yodaminnesota","format":"[Gen 9] OU","log":"|j|\u2606Zynachino\n|j|\u2606yodaminnesota\n|t:|1700357336\n|gametype|singles\n|player|p1|Zynachino|169|1319\n|player|p2|yodaminnesota|1|1366\n|teamsize|p1|6\n|teamsize|p2|6\n|gen|9\n|tier|[Gen 9] OU\n|rated|\n|rule|Sleep Clause Mod: Limit one foe put to sleep\n|rule|Species Clause: Limit one of each Pok\u00e9mon\n|rule|OHKO Clause: OHKO moves are banned\n|rule|Evasion Items Clause: Evasion items are banned\n|rule|Evasion Moves Clause: Evasion moves are banned\n|rule|Endless Battle Clause: Forcing endless battles is banned\n|rule|HP Percentage Mod: HP is shown in percentages\n|clearpoke\n|poke|p1|Weavile, F|\n|poke|p1|Amoonguss, M|\n|poke|p1|Garganacl, F|\n|poke|p1|Maushold|\n|poke|p1|Kingambit, M|\n|poke|p1|Samurott-Hisui, M|\n|poke|p2|Lokix, M|\n|poke|p2|Weezing-Galar, F|\n|poke|p2|Gholdengo|\n|poke|p2|Heatran, F|\n|poke|p2|Great Tusk|\n|poke|p2|Alomomola, M|\n|teampreview\n|inactive|Battle timer is ON: inactive players will automatically lose when time's up. (requested by yodaminnesota)\n|\n|t:|1700357382\n|start\n|switch|p1a: Garganacl|Garganacl, F|100\/100\n|switch|p2a: Lokix|Lokix, M|100\/100\n|turn|1\n|inactive|Zynachino has 120 seconds left.\n|\n|t:|1700357415\n|move|p2a: Lokix|Knock Off|p1a: Garganacl\n|-crit|p1a: Garganacl\n|-damage|p1a: Garganacl|25\/100\n|-enditem|p1a: Garganacl|Leftovers|[from] move: Knock Off|[of] p2a: Lokix\n|move|p1a: Garganacl|Body Press|p2a: Lokix\n|-damage|p2a: Lokix|68\/100\n|\n|upkeep\n|turn|2\n|inactive|Zynachino has 120 seconds left.\n|\n|t:|1700357449\n|move|p2a: Lokix|Knock Off|p1a: Garganacl\n|-damage|p1a: Garganacl|0 fnt\n|faint|p1a: Garganacl\n|\n|upkeep\n|\n|t:|1700357453\n|switch|p1a: Maushold|Maushold|100\/100\n|turn|3\n|inactive|Zynachino has 90 seconds left.\n|\n|t:|1700357482\n|switch|p2a: Weezing|Weezing-Galar, F|100\/100\n|move|p1a: Maushold|Population Bomb|p2a: Weezing\n|-damage|p2a: Weezing|93\/100\n|-damage|p2a: Weezing|86\/100\n|-damage|p2a: Weezing|79\/100\n|-damage|p2a: Weezing|72\/100\n|-damage|p2a: Weezing|65\/100\n|-damage|p2a: Weezing|57\/100\n|-damage|p2a: Weezing|50\/100\n|-damage|p2a: Weezing|43\/100\n|-damage|p2a: Weezing|35\/100\n|-damage|p2a: Weezing|28\/100\n|-hitcount|p2a: Weezing|10\n|\n|-heal|p2a: Weezing|34\/100|[from] item: Leftovers\n|upkeep\n|turn|4\n|\n|t:|1700357496\n|move|p1a: Maushold|Tidy Up|p1a: Maushold\n|-boost|p1a: Maushold|atk|1\n|-boost|p1a: Maushold|spe|1\n|move|p2a: Weezing|Pain Split|p1a: Maushold\n|-sethp|p1a: Maushold|70\/100|[from] move: Pain Split|[silent]\n|-sethp|p2a: Weezing|60\/100|[from] move: Pain Split\n|\n|-heal|p2a: Weezing|66\/100|[from] item: Leftovers\n|upkeep\n|turn|5\n|\n|t:|1700357513\n|move|p1a: Maushold|Population Bomb|p2a: Weezing\n|-damage|p2a: Weezing|56\/100\n|-damage|p2a: Weezing|45\/100\n|-damage|p2a: Weezing|33\/100\n|-crit|p2a: Weezing\n|-damage|p2a: Weezing|16\/100\n|-damage|p2a: Weezing|5\/100\n|-damage|p2a: Weezing|0 fnt\n|faint|p2a: Weezing\n|-hitcount|p2: Weezing|6\n|\n|upkeep\n|\n|t:|1700357516\n|switch|p2a: Lokix|Lokix, M|68\/100\n|turn|6\n|\n|t:|1700357521\n|switch|p1a: Amoonguss|Amoonguss, M, shiny|100\/100\n|move|p2a: Lokix|First Impression|p1a: Amoonguss\n|-damage|p1a: Amoonguss|55\/100\n|-enditem|p1a: Amoonguss|Red Card|[of] p2a: Lokix\n|drag|p2a: Gholdengo|Gholdengo|100\/100\n|\n|upkeep\n|turn|7\n|\n|t:|1700357526\n|switch|p1a: Samurott|Samurott-Hisui, M, shiny|100\/100\n|move|p2a: Gholdengo|Thunder Wave|p1a: Samurott|[miss]\n|-miss|p2a: Gholdengo|p1a: Samurott\n|\n|upkeep\n|turn|8\n|inactive|Zynachino has 120 seconds left.\n|\n|t:|1700357546\n|switch|p2a: Alomomola|Alomomola, M|100\/100\n|move|p1a: Samurott|Ceaseless Edge|p2a: Alomomola\n|-damage|p2a: Alomomola|72\/100\n|-sidestart|p2: yodaminnesota|Spikes\n|\n|upkeep\n|turn|9\n|\n|t:|1700357550\n|move|p1a: Samurott|Swords Dance|p1a: Samurott\n|-boost|p1a: Samurott|atk|2\n|move|p2a: Alomomola|Scald|p1a: Samurott\n|-resisted|p1a: Samurott\n|-damage|p1a: Samurott|93\/100\n|-status|p1a: Samurott|brn\n|\n|-damage|p1a: Samurott|87\/100 brn|[from] brn\n|upkeep\n|turn|10\n|inactive|Zynachino has 120 seconds left.\n|\n|t:|1700357571\n|move|p1a: Samurott|Ceaseless Edge|p2a: Alomomola\n|-damage|p2a: Alomomola|44\/100\n|-sidestart|p2: yodaminnesota|Spikes\n|move|p2a: Alomomola|Flip Turn|p1a: Samurott\n|-resisted|p1a: Samurott\n|-damage|p1a: Samurott|77\/100 brn\n|\n|t:|1700357578\n|switch|p2a: Lokix|Lokix, M|68\/100|[from] Flip Turn\n|-damage|p2a: Lokix|51\/100|[from] Spikes\n|\n|-damage|p1a: Samurott|71\/100 brn|[from] brn\n|upkeep\n|turn|11\n|\n|t:|1700357584\n|switch|p1a: Amoonguss|Amoonguss, M, shiny|88\/100\n|-terastallize|p2a: Lokix|Bug\n|move|p2a: Lokix|First Impression|p1a: Amoonguss\n|-damage|p1a: Amoonguss|23\/100\n|\n|upkeep\n|turn|12\n|\n|t:|1700357591\n|switch|p2a: Great Tusk|Great Tusk|100\/100\n|-damage|p2a: Great Tusk|84\/100|[from] Spikes\n|move|p1a: Amoonguss|Foul Play|p2a: Great Tusk\n|-resisted|p2a: Great Tusk\n|-damage|p2a: Great Tusk|75\/100\n|\n|upkeep\n|turn|13\n|\n|t:|1700357598\n|move|p2a: Great Tusk|Headlong Rush|p1a: Amoonguss\n|-damage|p1a: Amoonguss|0 fnt\n|-unboost|p2a: Great Tusk|def|1\n|-unboost|p2a: Great Tusk|spd|1\n|faint|p1a: Amoonguss\n|\n|upkeep\n|\n|t:|1700357603\n|switch|p1a: Weavile|Weavile, F|100\/100\n|-ability|p1a: Weavile|Pressure\n|turn|14\n|\n|t:|1700357610\n|-end|p2a: Great Tusk|Protosynthesis|[silent]\n|switch|p2a: Alomomola|Alomomola, M|77\/100\n|move|p1a: Weavile|Ice Spinner|p2a: Alomomola\n|-resisted|p2a: Alomomola\n|-damage|p2a: Alomomola|65\/100\n|\n|upkeep\n|turn|15\n|\n|t:|1700357617\n|switch|p1a: Samurott|Samurott-Hisui, M, shiny|71\/100 brn\n|move|p2a: Alomomola|Wish|p2a: Alomomola\n|\n|-damage|p1a: Samurott|65\/100 brn|[from] brn\n|upkeep\n|turn|16\n|\n|t:|1700357626\n|switch|p1a: Kingambit|Kingambit, M|100\/100\n|-activate|p1a: Kingambit|ability: Supreme Overlord\n|-start|p1a: Kingambit|fallen2|[silent]\n|move|p2a: Alomomola|Flip Turn|p1a: Kingambit\n|-damage|p1a: Kingambit|88\/100\n|\n|t:|1700357628\n|switch|p2a: Lokix|Lokix, M, tera:Bug|51\/100|[from] Flip Turn\n|-damage|p2a: Lokix|34\/100|[from] Spikes\n|\n|-heal|p2a: Lokix|100\/100|[from] move: Wish|[wisher] Alomomola\n|-heal|p1a: Kingambit|94\/100|[from] item: Leftovers\n|upkeep\n|turn|17\n|\n|t:|1700357635\n|-end|p1a: Kingambit|fallen2|[silent]\n|switch|p1a: Samurott|Samurott-Hisui, M, shiny|65\/100 brn\n|move|p2a: Lokix|U-turn|p1a: Samurott\n|-supereffective|p1a: Samurott\n|-damage|p1a: Samurott|0 fnt\n|faint|p1a: Samurott\n|\n|t:|1700357650\n|switch|p2a: Great Tusk|Great Tusk|75\/100|[from] U-turn\n|-damage|p2a: Great Tusk|58\/100|[from] Spikes\n|\n|upkeep\n|\n|t:|1700357654\n|switch|p1a: Weavile|Weavile, F|100\/100\n|-ability|p1a: Weavile|Pressure\n|turn|18\n|\n|t:|1700357658\n|-terastallize|p1a: Weavile|Ice\n|move|p1a: Weavile|Ice Spinner|p2a: Great Tusk\n|-supereffective|p2a: Great Tusk\n|-damage|p2a: Great Tusk|0 fnt\n|faint|p2a: Great Tusk\n|-end|p2a: Great Tusk|Protosynthesis|[silent]\n|\n|upkeep\n|\n|t:|1700357662\n|switch|p2a: Alomomola|Alomomola, M|98\/100\n|turn|19\n|\n|t:|1700357668\n|switch|p1a: Maushold|Maushold|70\/100\n|move|p2a: Alomomola|Flip Turn|p1a: Maushold\n|-damage|p1a: Maushold|42\/100\n|\n|t:|1700357670\n|switch|p2a: Lokix|Lokix, M, tera:Bug|100\/100|[from] Flip Turn\n|-damage|p2a: Lokix|84\/100|[from] Spikes\n|\n|upkeep\n|turn|20\n|\n|t:|1700357674\n|move|p2a: Lokix|First Impression|p1a: Maushold\n|-damage|p1a: Maushold|0 fnt\n|faint|p1a: Maushold\n|\n|upkeep\n|\n|t:|1700357677\n|switch|p1a: Kingambit|Kingambit, M|94\/100\n|-activate|p1a: Kingambit|ability: Supreme Overlord\n|-start|p1a: Kingambit|fallen4|[silent]\n|turn|21\n|\n|t:|1700357689\n|switch|p2a: Alomomola|Alomomola, M|100\/100\n|move|p1a: Kingambit|Low Kick|p2a: Alomomola\n|-damage|p2a: Alomomola|79\/100\n|\n|-heal|p1a: Kingambit|99\/100|[from] item: Leftovers\n|upkeep\n|turn|22\n|\n|t:|1700357694\n|move|p1a: Kingambit|Swords Dance|p1a: Kingambit\n|-boost|p1a: Kingambit|atk|2\n|move|p2a: Alomomola|Scald|p1a: Kingambit\n|-damage|p1a: Kingambit|86\/100\n|-status|p1a: Kingambit|brn\n|\n|-heal|p1a: Kingambit|92\/100 brn|[from] item: Leftovers\n|-damage|p1a: Kingambit|86\/100 brn|[from] brn\n|upkeep\n|turn|23\n|\n|t:|1700357699\n|move|p1a: Kingambit|Swords Dance|p1a: Kingambit\n|-boost|p1a: Kingambit|atk|2\n|move|p2a: Alomomola|Scald|p1a: Kingambit\n|-damage|p1a: Kingambit|73\/100 brn\n|\n|-heal|p1a: Kingambit|79\/100 brn|[from] item: Leftovers\n|-damage|p1a: Kingambit|73\/100 brn|[from] brn\n|upkeep\n|turn|24\n|\n|t:|1700357706\n|move|p1a: Kingambit|Swords Dance|p1a: Kingambit\n|-boost|p1a: Kingambit|atk|2\n|move|p2a: Alomomola|Scald|p1a: Kingambit\n|-damage|p1a: Kingambit|59\/100 brn\n|\n|-heal|p1a: Kingambit|65\/100 brn|[from] item: Leftovers\n|-damage|p1a: Kingambit|59\/100 brn|[from] brn\n|upkeep\n|turn|25\n|\n|t:|1700357710\n|move|p2a: Alomomola|Protect|p2a: Alomomola\n|-singleturn|p2a: Alomomola|Protect\n|move|p1a: Kingambit|Kowtow Cleave|p2a: Alomomola\n|-activate|p2a: Alomomola|move: Protect\n|\n|-heal|p1a: Kingambit|65\/100 brn|[from] item: Leftovers\n|-damage|p1a: Kingambit|59\/100 brn|[from] brn\n|upkeep\n|turn|26\n|\n|t:|1700357718\n|move|p1a: Kingambit|Kowtow Cleave|p2a: Alomomola\n|-damage|p2a: Alomomola|0 fnt\n|faint|p2a: Alomomola\n|\n|-heal|p1a: Kingambit|65\/100 brn|[from] item: Leftovers\n|-damage|p1a: Kingambit|59\/100 brn|[from] brn\n|upkeep\n|\n|t:|1700357722\n|switch|p2a: Lokix|Lokix, M, tera:Bug|84\/100\n|-damage|p2a: Lokix|67\/100|[from] Spikes\n|turn|27\n|\n|t:|1700357725\n|move|p2a: Lokix|First Impression|p1a: Kingambit\n|-damage|p1a: Kingambit|0 fnt\n|faint|p1a: Kingambit\n|-end|p1a: Kingambit|fallen4|[silent]\n|\n|upkeep\n|\n|t:|1700357728\n|switch|p1a: Weavile|Weavile, F, tera:Ice|100\/100\n|-ability|p1a: Weavile|Pressure\n|turn|28\n|\n|t:|1700357735\n|switch|p2a: Heatran|Heatran, F|100\/100\n|-damage|p2a: Heatran|84\/100|[from] Spikes\n|move|p1a: Weavile|Swords Dance|p1a: Weavile\n|-boost|p1a: Weavile|atk|2\n|\n|-heal|p2a: Heatran|90\/100|[from] item: Leftovers\n|upkeep\n|turn|29\n|\n|t:|1700357745\n|move|p1a: Weavile|Knock Off|p2a: Heatran\n|-damage|p2a: Heatran|5\/100\n|-enditem|p2a: Heatran|Leftovers|[from] move: Knock Off|[of] p1a: Weavile\n|move|p2a: Heatran|Earth Power|p1a: Weavile\n|-damage|p1a: Weavile|64\/100\n|\n|upkeep\n|turn|30\n|\n|t:|1700357749\n|move|p1a: Weavile|Knock Off|p2a: Heatran\n|-damage|p2a: Heatran|0 fnt\n|faint|p2a: Heatran\n|\n|upkeep\n|\n|t:|1700357750\n|switch|p2a: Lokix|Lokix, M, tera:Bug|67\/100\n|-damage|p2a: Lokix|51\/100|[from] Spikes\n|turn|31\n|\n|t:|1700357753\n|move|p2a: Lokix|First Impression|p1a: Weavile\n|-damage|p1a: Weavile|0 fnt\n|faint|p1a: Weavile\n|\n|win|yodaminnesota\n|raw|Zynachino's rating: 1319 &rarr; <strong>1302<\/strong><br \/>(-17 for losing)\n|raw|yodaminnesota's rating: 1366 &rarr; <strong>1383<\/strong><br \/>(+17 for winning)\n|l|\u2606Zynachino\n","uploadtime":1700357773,"views":9,"p1id":"zynachino","p2id":"yodaminnesota","formatid":"gen9ou","rating":1302,"private":0,"password":""}