{"id":"gen9ou-1989497893","p1":"yu0010410928","p2":"Dheeru#1289","format":"[Gen 9] OU","log":"|j|\u2606yu0010410928\n|j|\u2606Dheeru#1289\n|t:|1699860809\n|gametype|singles\n|player|p1|yu0010410928|lucas|1454\n|player|p2|Dheeru#1289|steven|1411\n|teamsize|p1|6\n|teamsize|p2|6\n|gen|9\n|tier|[Gen 9] OU\n|rated|\n|rule|Sleep Clause Mod: Limit one foe put to sleep\n|rule|Species Clause: Limit one of each Pok\u00e9mon\n|rule|OHKO Clause: OHKO moves are banned\n|rule|Evasion Items Clause: Evasion items are banned\n|rule|Evasion Moves Clause: Evasion moves are banned\n|rule|Endless Battle Clause: Forcing endless battles is banned\n|rule|HP Percentage Mod: HP is shown in percentages\n|clearpoke\n|poke|p1|Veluza, M|\n|poke|p1|Staraptor, F|\n|poke|p1|Iron Valiant|\n|poke|p1|Garganacl, F|\n|poke|p1|Kingambit, M|\n|poke|p1|Azelf|\n|poke|p2|Cinderace, M|\n|poke|p2|Dragapult, M|\n|poke|p2|Dragonite, F|\n|poke|p2|Iron Moth|\n|poke|p2|Iron Valiant|\n|poke|p2|Hoopa-Unbound|\n|teampreview\n|inactive|Battle timer is ON: inactive players will automatically lose when time's up. (requested by Dheeru#1289)\n|\n|t:|1699860821\n|start\n|switch|p1a: Garganacl|Garganacl, F|100\/100\n|switch|p2a: Hoopa|Hoopa-Unbound|100\/100\n|turn|1\n|\n|t:|1699860850\n|move|p2a: Hoopa|Drain Punch|p1a: Garganacl\n|-supereffective|p1a: Garganacl\n|-damage|p1a: Garganacl|60\/100\n|move|p1a: Garganacl|Stealth Rock|p2a: Hoopa\n|-sidestart|p2: Dheeru#1289|move: Stealth Rock\n|\n|upkeep\n|turn|2\n|\n|t:|1699860856\n|move|p2a: Hoopa|Drain Punch|p1a: Garganacl\n|-supereffective|p1a: Garganacl\n|-damage|p1a: Garganacl|21\/100\n|move|p1a: Garganacl|Explosion|p2a: Hoopa\n|-enditem|p1a: Garganacl|Normal Gem|[from] gem\n|-damage|p2a: Hoopa|0 fnt\n|faint|p1a: Garganacl\n|faint|p2a: Hoopa\n|\n|upkeep\n|\n|t:|1699860865\n|switch|p2a: Cinderace|Cinderace, M|100\/100\n|switch|p1a: Staraptor|Staraptor, F|100\/100\n|turn|3\n|\n|t:|1699860871\n|move|p1a: Staraptor|Final Gambit|p2a: Cinderace\n|-damage|p2a: Cinderace|0 fnt\n|faint|p1a: Staraptor\n|faint|p2a: Cinderace\n|\n|upkeep\n|\n|t:|1699860898\n|switch|p2a: Iron Valiant|Iron Valiant|100\/100\n|switch|p1a: Veluza|Veluza, M|100\/100\n|-ability|p1a: Veluza|Mold Breaker\n|-damage|p2a: Iron Valiant|94\/100|[from] Stealth Rock\n|-enditem|p2a: Iron Valiant|Booster Energy\n|-activate|p2a: Iron Valiant|ability: Quark Drive|[fromitem]\n|-start|p2a: Iron Valiant|quarkdrivespe\n|turn|4\n|\n|t:|1699860907\n|move|p2a: Iron Valiant|Knock Off|p1a: Veluza\n|-supereffective|p1a: Veluza\n|-damage|p1a: Veluza|37\/100\n|-enditem|p1a: Veluza|Choice Scarf|[from] move: Knock Off|[of] p2a: Iron Valiant\n|move|p1a: Veluza|Final Gambit|p2a: Iron Valiant\n|-damage|p2a: Iron Valiant|46\/100\n|faint|p1a: Veluza\n|\n|upkeep\n|\n|t:|1699860920\n|switch|p1a: Iron Valiant|Iron Valiant|100\/100\n|-enditem|p1a: Iron Valiant|Booster Energy\n|-activate|p1a: Iron Valiant|ability: Quark Drive|[fromitem]\n|-start|p1a: Iron Valiant|quarkdrivespe\n|turn|5\n|\n|t:|1699860923\n|move|p1a: Iron Valiant|Moonblast|p2a: Iron Valiant\n|-supereffective|p2a: Iron Valiant\n|-damage|p2a: Iron Valiant|0 fnt\n|faint|p2a: Iron Valiant\n|-end|p2a: Iron Valiant|Quark Drive|[silent]\n|\n|upkeep\n|\n|t:|1699860946\n|switch|p2a: Dragonite|Dragonite, F|100\/100\n|turn|6\n|\n|t:|1699860958\n|-terastallize|p2a: Dragonite|Normal\n|move|p2a: Dragonite|Extreme Speed|p1a: Iron Valiant\n|-crit|p1a: Iron Valiant\n|-damage|p1a: Iron Valiant|13\/100\n|move|p1a: Iron Valiant|Moonblast|p2a: Dragonite\n|-damage|p2a: Dragonite|81\/100\n|\n|upkeep\n|turn|7\n|\n|t:|1699860964\n|move|p2a: Dragonite|Extreme Speed|p1a: Iron Valiant\n|-damage|p1a: Iron Valiant|0 fnt\n|faint|p1a: Iron Valiant\n|-end|p1a: Iron Valiant|Quark Drive|[silent]\n|\n|upkeep\n|\n|t:|1699860968\n|switch|p1a: Azelf|Azelf|100\/100\n|turn|8\n|\n|t:|1699860973\n|move|p2a: Dragonite|Extreme Speed|p1a: Azelf\n|-damage|p1a: Azelf|11\/100\n|move|p1a: Azelf|Explosion|p2a: Dragonite\n|-enditem|p1a: Azelf|Normal Gem|[from] gem\n|-damage|p2a: Dragonite|0 fnt\n|faint|p1a: Azelf\n|faint|p2a: Dragonite\n|\n|upkeep\n|\n|t:|1699860983\n|switch|p1a: Kingambit|Kingambit, M|100\/100\n|switch|p2a: Iron Moth|Iron Moth|100\/100\n|-damage|p2a: Iron Moth|76\/100|[from] Stealth Rock\n|-activate|p1a: Kingambit|ability: Supreme Overlord\n|-start|p1a: Kingambit|fallen5|[silent]\n|-enditem|p2a: Iron Moth|Booster Energy\n|-activate|p2a: Iron Moth|ability: Quark Drive|[fromitem]\n|-start|p2a: Iron Moth|quarkdrivespe\n|turn|9\n|\n|t:|1699860988\n|-terastallize|p1a: Kingambit|Fairy\n|move|p2a: Iron Moth|Fiery Dance|p1a: Kingambit\n|-damage|p1a: Kingambit|56\/100\n|move|p1a: Kingambit|Kowtow Cleave|p2a: Iron Moth\n|-damage|p2a: Iron Moth|0 fnt\n|faint|p2a: Iron Moth\n|-end|p2a: Iron Moth|Quark Drive|[silent]\n|\n|-heal|p1a: Kingambit|62\/100|[from] item: Leftovers\n|upkeep\n|\n|t:|1699860994\n|switch|p2a: Dragapult|Dragapult, M|100\/100\n|-damage|p2a: Dragapult|88\/100|[from] Stealth Rock\n|turn|10\n|\n|t:|1699860999\n|move|p2a: Dragapult|Sucker Punch|p1a: Kingambit\n|-resisted|p1a: Kingambit\n|-damage|p1a: Kingambit|52\/100\n|-damage|p2a: Dragapult|78\/100|[from] item: Life Orb\n|move|p1a: Kingambit|Sucker Punch||[still]\n|-fail|p1a: Kingambit\n|\n|-heal|p1a: Kingambit|58\/100|[from] item: Leftovers\n|upkeep\n|turn|11\n|l|\u2606Dheeru#1289\n|inactive|Dheeru#1289 disconnected and has a minute to reconnect!\n|player|p2|\n|\n|t:|1699861008\n|move|p2a: Dragapult|Sucker Punch|p1a: Kingambit\n|-resisted|p1a: Kingambit\n|-damage|p1a: Kingambit|47\/100\n|-damage|p2a: Dragapult|69\/100|[from] item: Life Orb\n|move|p1a: Kingambit|Tera Blast|p2a: Dragapult|[anim] Tera Blast Fairy\n|-supereffective|p2a: Dragapult\n|-damage|p2a: Dragapult|0 fnt\n|faint|p2a: Dragapult\n|\n|win|yu0010410928\n|raw|yu0010410928's rating: 1454 &rarr; <strong>1472<\/strong><br \/>(+18 for winning)\n|raw|Dheeru#1289's rating: 1426 &rarr; <strong>1408<\/strong><br \/>(-18 for losing)\n","uploadtime":1699861017,"views":11,"p1id":"yu0010410928","p2id":"dheeru1289","formatid":"gen9ou","rating":1408,"private":0,"password":""}