{"id":"gen9ou-1998241756","p1":"Denaxe","p2":"h4v0ckn1ght","format":"[Gen 9] OU","log":"|j|\u2606Denaxe\n|j|\u2606h4v0ckn1ght\n|t:|1700918537\n|gametype|singles\n|player|p1|Denaxe|skyla|1470\n|player|p2|h4v0ckn1ght|rosa|1563\n|teamsize|p1|6\n|teamsize|p2|6\n|gen|9\n|tier|[Gen 9] OU\n|rated|\n|rule|Sleep Clause Mod: Limit one foe put to sleep\n|rule|Species Clause: Limit one of each Pok\u00e9mon\n|rule|OHKO Clause: OHKO moves are banned\n|rule|Evasion Items Clause: Evasion items are banned\n|rule|Evasion Moves Clause: Evasion moves are banned\n|rule|Endless Battle Clause: Forcing endless battles is banned\n|rule|HP Percentage Mod: HP is shown in percentages\n|clearpoke\n|poke|p1|Weavile, M|\n|poke|p1|Weezing-Galar, M|\n|poke|p1|Alomomola, M|\n|poke|p1|Ting-Lu|\n|poke|p1|Corviknight, F|\n|poke|p1|Dondozo, M|\n|poke|p2|Cinderace, M|\n|poke|p2|Great Tusk|\n|poke|p2|Samurott-Hisui, M|\n|poke|p2|Rillaboom, F|\n|poke|p2|Gholdengo|\n|poke|p2|Iron Valiant|\n|teampreview\n|inactive|Battle timer is ON: inactive players will automatically lose when time's up. (requested by h4v0ckn1ght)\n|inactive|h4v0ckn1ght has 120 seconds left.\n|\n|t:|1700918571\n|start\n|switch|p1a: Alomomola|Alomomola, M|100\/100\n|switch|p2a: Samurott|Samurott-Hisui, M|100\/100\n|turn|1\n|\n|t:|1700918591\n|move|p2a: Samurott|Ceaseless Edge|p1a: Alomomola\n|-damage|p1a: Alomomola|69\/100\n|-sidestart|p1: Denaxe|Spikes\n|move|p1a: Alomomola|Wish|p1a: Alomomola\n|\n|-heal|p1a: Alomomola|76\/100|[from] item: Leftovers\n|upkeep\n|turn|2\n|\n|t:|1700918619\n|switch|p1a: Weezing|Weezing-Galar, M|100\/100\n|-ability|p1a: Weezing|Neutralizing Gas\n|move|p2a: Samurott|Ceaseless Edge|p1a: Weezing\n|-resisted|p1a: Weezing\n|-damage|p1a: Weezing|89\/100\n|-sidestart|p1: Denaxe|Spikes\n|\n|-heal|p1a: Weezing|100\/100|[from] move: Wish|[wisher] Alomomola\n|upkeep\n|turn|3\n|\n|t:|1700918632\n|move|p2a: Samurott|Ceaseless Edge|p1a: Weezing\n|-resisted|p1a: Weezing\n|-damage|p1a: Weezing|90\/100\n|-sidestart|p1: Denaxe|Spikes\n|move|p1a: Weezing|Will-O-Wisp|p2a: Samurott\n|-status|p2a: Samurott|brn\n|\n|-damage|p2a: Samurott|94\/100 brn|[from] brn\n|upkeep\n|turn|4\n|\n|t:|1700918641\n|switch|p2a: Gholdengo|Gholdengo|100\/100\n|-item|p2a: Gholdengo|Air Balloon\n|move|p1a: Weezing|Defog|p2a: Gholdengo\n|-unboost|p2a: Gholdengo|evasion|1\n|-sideend|p1: Denaxe|Spikes|[from] move: Defog|[of] p1a: Weezing\n|\n|upkeep\n|turn|5\n|\n|t:|1700918655\n|-end|p1a: Weezing|ability: Neutralizing Gas\n|switch|p1a: Ting-Lu|Ting-Lu|100\/100\n|-ability|p1a: Ting-Lu|Vessel of Ruin\n|move|p2a: Gholdengo|Shadow Ball|p1a: Ting-Lu\n|-resisted|p1a: Ting-Lu\n|-damage|p1a: Ting-Lu|93\/100\n|\n|-heal|p1a: Ting-Lu|99\/100|[from] item: Leftovers\n|upkeep\n|turn|6\n|\n|t:|1700918660\n|switch|p2a: Rillaboom|Rillaboom, F|100\/100\n|-fieldstart|move: Grassy Terrain|[from] ability: Grassy Surge|[of] p2a: Rillaboom\n|move|p1a: Ting-Lu|Stealth Rock|p2a: Rillaboom\n|-sidestart|p2: h4v0ckn1ght|move: Stealth Rock\n|\n|-heal|p1a: Ting-Lu|100\/100|[from] Grassy Terrain\n|upkeep\n|turn|7\n|\n|t:|1700918667\n|move|p1a: Ting-Lu|Protect|p1a: Ting-Lu\n|-singleturn|p1a: Ting-Lu|Protect\n|move|p2a: Rillaboom|Knock Off|p1a: Ting-Lu\n|-activate|p1a: Ting-Lu|move: Protect\n|\n|upkeep\n|turn|8\n|\n|t:|1700918675\n|switch|p1a: Corviknight|Corviknight, F|100\/100\n|-ability|p1a: Corviknight|Pressure\n|move|p2a: Rillaboom|Knock Off|p1a: Corviknight\n|-crit|p1a: Corviknight\n|-damage|p1a: Corviknight|50\/100\n|-damage|p2a: Rillaboom|84\/100|[from] item: Rocky Helmet|[of] p1a: Corviknight\n|-enditem|p1a: Corviknight|Rocky Helmet|[from] move: Knock Off|[of] p2a: Rillaboom\n|\n|-heal|p2a: Rillaboom|90\/100|[from] Grassy Terrain\n|upkeep\n|turn|9\n|\n|t:|1700918681\n|switch|p2a: Cinderace|Cinderace, M|100\/100\n|move|p1a: Corviknight|Roost|p1a: Corviknight\n|-heal|p1a: Corviknight|99\/100\n|-singleturn|p1a: Corviknight|move: Roost\n|\n|-heal|p1a: Corviknight|100\/100|[from] Grassy Terrain\n|upkeep\n|turn|10\n|\n|t:|1700918687\n|switch|p1a: Alomomola|Alomomola, M|100\/100\n|move|p2a: Cinderace|Will-O-Wisp|p1a: Alomomola|[miss]\n|-miss|p2a: Cinderace|p1a: Alomomola\n|\n|-fieldend|move: Grassy Terrain\n|upkeep\n|turn|11\n|\n|t:|1700918693\n|move|p2a: Cinderace|Will-O-Wisp|p1a: Alomomola\n|-status|p1a: Alomomola|brn\n|move|p1a: Alomomola|Wish|p1a: Alomomola\n|\n|-damage|p1a: Alomomola|94\/100 brn|[from] brn\n|upkeep\n|turn|12\n|\n|t:|1700918698\n|move|p2a: Cinderace|Court Change|p2a: Cinderace\n|-swapsideconditions\n|-activate|p2a: Cinderace|move: Court Change\n|move|p1a: Alomomola|Flip Turn|p2a: Cinderace\n|-supereffective|p2a: Cinderace\n|-damage|p2a: Cinderace|82\/100\n|\n|t:|1700918715\n|switch|p1a: Weezing|Weezing-Galar, M|90\/100|[from] Flip Turn\n|-ability|p1a: Weezing|Neutralizing Gas\n|\n|-heal|p1a: Weezing|100\/100|[from] move: Wish|[wisher] Alomomola\n|upkeep\n|turn|13\n|\n|t:|1700918718\n|move|p2a: Cinderace|Pyro Ball|p1a: Weezing|[miss]\n|-miss|p2a: Cinderace|p1a: Weezing\n|move|p1a: Weezing|Defog|p2a: Cinderace\n|-unboost|p2a: Cinderace|evasion|1\n|-sideend|p1: Denaxe|Stealth Rock|[from] move: Defog|[of] p1a: Weezing\n|\n|upkeep\n|turn|14\n|\n|t:|1700918725\n|move|p2a: Cinderace|Will-O-Wisp|p1a: Weezing\n|-status|p1a: Weezing|brn\n|move|p1a: Weezing|Sludge Bomb|p2a: Cinderace\n|-damage|p2a: Cinderace|49\/100\n|\n|-damage|p1a: Weezing|95\/100 brn|[from] brn\n|upkeep\n|turn|15\n|\n|t:|1700918730\n|switch|p2a: Gholdengo|Gholdengo|100\/100\n|-item|p2a: Gholdengo|Air Balloon\n|move|p1a: Weezing|Sludge Bomb|p2a: Gholdengo\n|-immune|p2a: Gholdengo\n|\n|-damage|p1a: Weezing|89\/100 brn|[from] brn\n|upkeep\n|turn|16\n|\n|t:|1700918735\n|-end|p1a: Weezing|ability: Neutralizing Gas\n|switch|p1a: Ting-Lu|Ting-Lu|100\/100\n|-ability|p1a: Ting-Lu|Vessel of Ruin\n|move|p2a: Gholdengo|Nasty Plot|p2a: Gholdengo\n|-boost|p2a: Gholdengo|spa|2\n|\n|upkeep\n|turn|17\n|\n|t:|1700918741\n|switch|p1a: Dondozo|Dondozo, M|100\/100\n|move|p2a: Gholdengo|Make It Rain|p1a: Dondozo\n|-resisted|p1a: Dondozo\n|-damage|p1a: Dondozo|85\/100\n|-unboost|p2a: Gholdengo|spa|1\n|\n|upkeep\n|turn|18\n|\n|t:|1700918746\n|move|p2a: Gholdengo|Shadow Ball|p1a: Dondozo\n|-damage|p1a: Dondozo|63\/100\n|move|p1a: Dondozo|Avalanche|p2a: Gholdengo\n|-resisted|p2a: Gholdengo\n|-damage|p2a: Gholdengo|90\/100\n|-enditem|p2a: Gholdengo|Air Balloon\n|\n|upkeep\n|turn|19\n|\n|t:|1700918752\n|move|p2a: Gholdengo|Shadow Ball|p1a: Dondozo\n|-damage|p1a: Dondozo|43\/100\n|move|p1a: Dondozo|Earthquake|p2a: Gholdengo\n|-supereffective|p2a: Gholdengo\n|-damage|p2a: Gholdengo|55\/100\n|\n|upkeep\n|turn|20\n|\n|t:|1700918756\n|move|p2a: Gholdengo|Shadow Ball|p1a: Dondozo\n|-damage|p1a: Dondozo|21\/100\n|move|p1a: Dondozo|Rest|p1a: Dondozo\n|-status|p1a: Dondozo|slp|[from] move: Rest\n|-heal|p1a: Dondozo|100\/100 slp|[silent]\n|\n|upkeep\n|turn|21\n|\n|t:|1700918760\n|move|p2a: Gholdengo|Recover|p2a: Gholdengo\n|-heal|p2a: Gholdengo|100\/100\n|cant|p1a: Dondozo|slp\n|\n|upkeep\n|turn|22\n|\n|t:|1700918766\n|switch|p2a: Rillaboom|Rillaboom, F|90\/100\n|-fieldstart|move: Grassy Terrain|[from] ability: Grassy Surge|[of] p2a: Rillaboom\n|cant|p1a: Dondozo|slp\n|\n|-heal|p2a: Rillaboom|96\/100|[from] Grassy Terrain\n|upkeep\n|turn|23\n|\n|t:|1700918771\n|switch|p1a: Corviknight|Corviknight, F|100\/100\n|-ability|p1a: Corviknight|Pressure\n|move|p2a: Rillaboom|U-turn|p1a: Corviknight\n|-resisted|p1a: Corviknight\n|-damage|p1a: Corviknight|95\/100\n|\n|t:|1700918773\n|switch|p2a: Cinderace|Cinderace, M|49\/100|[from] U-turn\n|\n|-heal|p2a: Cinderace|55\/100|[from] Grassy Terrain\n|upkeep\n|turn|24\n|\n|t:|1700918786\n|switch|p1a: Alomomola|Alomomola, M|100\/100 brn\n|move|p2a: Cinderace|Pyro Ball|p1a: Alomomola|[miss]\n|-miss|p2a: Cinderace|p1a: Alomomola\n|\n|-heal|p2a: Cinderace|62\/100|[from] Grassy Terrain\n|-damage|p1a: Alomomola|94\/100 brn|[from] brn\n|upkeep\n|turn|25\n|\n|t:|1700918791\n|move|p2a: Cinderace|U-turn|p1a: Alomomola\n|-damage|p1a: Alomomola|83\/100 brn\n|\n|t:|1700918794\n|switch|p2a: Rillaboom|Rillaboom, F|96\/100|[from] U-turn\n|move|p1a: Alomomola|Wish|p1a: Alomomola\n|\n|-heal|p2a: Rillaboom|100\/100|[from] Grassy Terrain\n|-heal|p1a: Alomomola|90\/100 brn|[from] Grassy Terrain\n|-heal|p1a: Alomomola|96\/100 brn|[from] item: Leftovers\n|-damage|p1a: Alomomola|90\/100 brn|[from] brn\n|upkeep\n|turn|26\n|\n|t:|1700918805\n|switch|p2a: Cinderace|Cinderace, M|62\/100\n|switch|p1a: Corviknight|Corviknight, F|95\/100\n|-ability|p1a: Corviknight|Pressure\n|\n|-heal|p1a: Corviknight|100\/100|[from] move: Wish|[wisher] Alomomola\n|-heal|p2a: Cinderace|68\/100|[from] Grassy Terrain\n|-fieldend|move: Grassy Terrain\n|upkeep\n|turn|27\n|\n|t:|1700918814\n|switch|p1a: Alomomola|Alomomola, M|100\/100 brn\n|move|p2a: Cinderace|Will-O-Wisp|p1a: Alomomola\n|-fail|p1a: Alomomola|brn\n|\n|-damage|p1a: Alomomola|94\/100 brn|[from] brn\n|upkeep\n|turn|28\n|\n|t:|1700918820\n|switch|p2a: Samurott|Samurott-Hisui, M|94\/100 brn\n|move|p1a: Alomomola|Flip Turn|p2a: Samurott\n|-resisted|p2a: Samurott\n|-damage|p2a: Samurott|90\/100 brn\n|\n|t:|1700918828\n|switch|p1a: Corviknight|Corviknight, F|100\/100|[from] Flip Turn\n|-ability|p1a: Corviknight|Pressure\n|\n|-damage|p2a: Samurott|83\/100 brn|[from] brn\n|upkeep\n|turn|29\n|\n|t:|1700918830\n|move|p2a: Samurott|Ceaseless Edge|p1a: Corviknight\n|-damage|p1a: Corviknight|84\/100\n|-sidestart|p1: Denaxe|Spikes\n|move|p1a: Corviknight|Body Press|p2a: Samurott\n|-supereffective|p2a: Samurott\n|-damage|p2a: Samurott|17\/100 brn\n|\n|-damage|p2a: Samurott|11\/100 brn|[from] brn\n|upkeep\n|turn|30\n|\n|t:|1700918834\n|move|p2a: Samurott|Ceaseless Edge|p1a: Corviknight\n|-damage|p1a: Corviknight|67\/100\n|-sidestart|p1: Denaxe|Spikes\n|move|p1a: Corviknight|Defog|p2a: Samurott\n|-unboost|p2a: Samurott|evasion|1\n|-sideend|p1: Denaxe|Spikes|[from] move: Defog|[of] p1a: Corviknight\n|\n|-damage|p2a: Samurott|5\/100 brn|[from] brn\n|upkeep\n|turn|31\n|\n|t:|1700918838\n|move|p2a: Samurott|Aqua Cutter|p1a: Corviknight\n|-damage|p1a: Corviknight|52\/100\n|move|p1a: Corviknight|Roost|p1a: Corviknight\n|-heal|p1a: Corviknight|100\/100\n|-singleturn|p1a: Corviknight|move: Roost\n|\n|-damage|p2a: Samurott|0 fnt|[from] brn\n|faint|p2a: Samurott\n|upkeep\n|\n|t:|1700918842\n|switch|p2a: Cinderace|Cinderace, M|68\/100\n|turn|32\n|\n|t:|1700918848\n|switch|p2a: Rillaboom|Rillaboom, F|100\/100\n|-fieldstart|move: Grassy Terrain|[from] ability: Grassy Surge|[of] p2a: Rillaboom\n|switch|p1a: Alomomola|Alomomola, M|100\/100 brn\n|\n|-damage|p1a: Alomomola|94\/100 brn|[from] brn\n|upkeep\n|turn|33\n|\n|t:|1700918855\n|move|p1a: Alomomola|Protect|p1a: Alomomola\n|-singleturn|p1a: Alomomola|Protect\n|move|p2a: Rillaboom|Wood Hammer|p1a: Alomomola\n|-activate|p1a: Alomomola|move: Protect\n|\n|-heal|p1a: Alomomola|100\/100 brn|[from] Grassy Terrain\n|-damage|p1a: Alomomola|94\/100 brn|[from] brn\n|upkeep\n|turn|34\n|\n|t:|1700918862\n|switch|p2a: Gholdengo|Gholdengo|100\/100\n|switch|p1a: Corviknight|Corviknight, F|100\/100\n|-ability|p1a: Corviknight|Pressure\n|\n|upkeep\n|turn|35\n|\n|t:|1700918865\n|switch|p1a: Dondozo|Dondozo, M|100\/100 slp\n|move|p2a: Gholdengo|Shadow Ball|p1a: Dondozo\n|-damage|p1a: Dondozo|80\/100 slp\n|\n|-heal|p1a: Dondozo|86\/100 slp|[from] Grassy Terrain\n|upkeep\n|turn|36\n|\n|t:|1700918878\n|move|p2a: Gholdengo|Shadow Ball|p1a: Dondozo\n|-damage|p1a: Dondozo|63\/100 slp\n|-curestatus|p1a: Dondozo|slp|[msg]\n|move|p1a: Dondozo|Curse|p1a: Dondozo\n|-unboost|p1a: Dondozo|spe|1\n|-boost|p1a: Dondozo|atk|1\n|-boost|p1a: Dondozo|def|1\n|\n|-heal|p1a: Dondozo|69\/100|[from] Grassy Terrain\n|-fieldend|move: Grassy Terrain\n|upkeep\n|turn|37\n|\n|t:|1700918882\n|switch|p2a: Iron Valiant|Iron Valiant|100\/100\n|-enditem|p2a: Iron Valiant|Booster Energy\n|-activate|p2a: Iron Valiant|ability: Quark Drive|[fromitem]\n|-start|p2a: Iron Valiant|quarkdrivespe\n|move|p1a: Dondozo|Earthquake|p2a: Iron Valiant\n|-damage|p2a: Iron Valiant|57\/100\n|\n|upkeep\n|turn|38\n|\n|t:|1700918894\n|move|p2a: Iron Valiant|Moonblast|p1a: Dondozo\n|-damage|p1a: Dondozo|39\/100\n|move|p1a: Dondozo|Avalanche|p2a: Iron Valiant\n|-damage|p2a: Iron Valiant|4\/100\n|\n|upkeep\n|turn|39\n|\n|t:|1700918900\n|move|p2a: Iron Valiant|Moonblast|p1a: Dondozo\n|-crit|p1a: Dondozo\n|-damage|p1a: Dondozo|0 fnt\n|faint|p1a: Dondozo\n|\n|upkeep\n|\n|t:|1700918924\n|switch|p1a: Alomomola|Alomomola, M|100\/100 brn\n|turn|40\n|\n|t:|1700918937\n|move|p2a: Iron Valiant|Moonblast|p1a: Alomomola\n|-damage|p1a: Alomomola|58\/100 brn\n|move|p1a: Alomomola|Flip Turn|p2a: Iron Valiant\n|-damage|p2a: Iron Valiant|0 fnt\n|faint|p2a: Iron Valiant\n|-end|p2a: Iron Valiant|Quark Drive|[silent]\n|\n|t:|1700918947\n|switch|p1a: Weavile|Weavile, M|100\/100|[from] Flip Turn\n|-ability|p1a: Weavile|Pressure\n|\n|upkeep\n|\n|t:|1700918950\n|switch|p2a: Rillaboom|Rillaboom, F|100\/100\n|-fieldstart|move: Grassy Terrain|[from] ability: Grassy Surge|[of] p2a: Rillaboom\n|turn|41\n|\n|t:|1700918957\n|move|p1a: Weavile|Protect|p1a: Weavile\n|-singleturn|p1a: Weavile|Protect\n|move|p2a: Rillaboom|Grassy Glide|p1a: Weavile\n|-activate|p1a: Weavile|move: Protect\n|\n|upkeep\n|turn|42\n|\n|t:|1700918973\n|switch|p1a: Weezing|Weezing-Galar, M|89\/100 brn\n|-ability|p1a: Weezing|Neutralizing Gas\n|switch|p2a: Cinderace|Cinderace, M|68\/100\n|\n|-heal|p2a: Cinderace|74\/100|[from] Grassy Terrain\n|-heal|p1a: Weezing|95\/100 brn|[from] Grassy Terrain\n|-damage|p1a: Weezing|89\/100 brn|[from] brn\n|upkeep\n|turn|43\n|\n|t:|1700918996\n|move|p2a: Cinderace|Pyro Ball|p1a: Weezing\n|-damage|p1a: Weezing|56\/100 brn\n|move|p1a: Weezing|Will-O-Wisp|p2a: Cinderace\n|-immune|p2a: Cinderace\n|\n|-heal|p2a: Cinderace|80\/100|[from] Grassy Terrain\n|-heal|p1a: Weezing|62\/100 brn|[from] Grassy Terrain\n|-damage|p1a: Weezing|56\/100 brn|[from] brn\n|upkeep\n|turn|44\n|\n|t:|1700919002\n|move|p2a: Cinderace|Pyro Ball|p1a: Weezing\n|-crit|p1a: Weezing\n|-damage|p1a: Weezing|9\/100 brn\n|move|p1a: Weezing|Pain Split|p2a: Cinderace\n|-sethp|p2a: Cinderace|44\/100|[from] move: Pain Split|[silent]\n|-sethp|p1a: Weezing|48\/100 brn|[from] move: Pain Split\n|\n|-heal|p2a: Cinderace|51\/100|[from] Grassy Terrain\n|-heal|p1a: Weezing|53\/100 brn|[from] Grassy Terrain\n|-damage|p1a: Weezing|48\/100 brn|[from] brn\n|upkeep\n|turn|45\n|\n|t:|1700919010\n|switch|p2a: Gholdengo|Gholdengo|100\/100\n|move|p1a: Weezing|Pain Split|p2a: Gholdengo\n|-sethp|p2a: Gholdengo|71\/100|[from] move: Pain Split|[silent]\n|-sethp|p1a: Weezing|80\/100 brn|[from] move: Pain Split\n|\n|-heal|p2a: Gholdengo|77\/100|[from] Grassy Terrain\n|-heal|p1a: Weezing|86\/100 brn|[from] Grassy Terrain\n|-damage|p1a: Weezing|80\/100 brn|[from] brn\n|-fieldend|move: Grassy Terrain\n|upkeep\n|turn|46\n|\n|t:|1700919013\n|-end|p1a: Weezing|ability: Neutralizing Gas\n|switch|p1a: Ting-Lu|Ting-Lu|100\/100\n|-ability|p1a: Ting-Lu|Vessel of Ruin\n|move|p2a: Gholdengo|Nasty Plot|p2a: Gholdengo\n|-boost|p2a: Gholdengo|spa|2\n|\n|upkeep\n|turn|47\n|\n|t:|1700919019\n|move|p2a: Gholdengo|Make It Rain|p1a: Ting-Lu\n|-damage|p1a: Ting-Lu|61\/100\n|-unboost|p2a: Gholdengo|spa|1\n|move|p1a: Ting-Lu|Earthquake|p2a: Gholdengo\n|-supereffective|p2a: Gholdengo\n|-crit|p2a: Gholdengo\n|-damage|p2a: Gholdengo|0 fnt\n|faint|p2a: Gholdengo\n|\n|-heal|p1a: Ting-Lu|67\/100|[from] item: Leftovers\n|upkeep\n|\n|t:|1700919025\n|switch|p2a: Rillaboom|Rillaboom, F|100\/100\n|-fieldstart|move: Grassy Terrain|[from] ability: Grassy Surge|[of] p2a: Rillaboom\n|turn|48\n|\n|t:|1700919027\n|move|p1a: Ting-Lu|Protect|p1a: Ting-Lu\n|-singleturn|p1a: Ting-Lu|Protect\n|move|p2a: Rillaboom|U-turn|p1a: Ting-Lu\n|-activate|p1a: Ting-Lu|move: Protect\n|\n|-heal|p1a: Ting-Lu|73\/100|[from] Grassy Terrain\n|-heal|p1a: Ting-Lu|79\/100|[from] item: Leftovers\n|upkeep\n|turn|49\n|\n|t:|1700919037\n|switch|p1a: Weezing|Weezing-Galar, M|80\/100 brn\n|-ability|p1a: Weezing|Neutralizing Gas\n|move|p2a: Rillaboom|U-turn|p1a: Weezing\n|-resisted|p1a: Weezing\n|-damage|p1a: Weezing|74\/100 brn\n|\n|t:|1700919041\n|switch|p2a: Great Tusk|Great Tusk|100\/100|[from] U-turn\n|\n|-heal|p1a: Weezing|80\/100 brn|[from] Grassy Terrain\n|-damage|p1a: Weezing|74\/100 brn|[from] brn\n|upkeep\n|turn|50\n|\n|t:|1700919061\n|-end|p2a: Great Tusk|Protosynthesis|[silent]\n|switch|p2a: Cinderace|Cinderace, M|51\/100\n|-terastallize|p1a: Weezing|Grass\n|move|p1a: Weezing|Will-O-Wisp|p2a: Cinderace\n|-immune|p2a: Cinderace\n|\n|-heal|p2a: Cinderace|57\/100|[from] Grassy Terrain\n|-heal|p1a: Weezing|80\/100 brn|[from] Grassy Terrain\n|-damage|p1a: Weezing|74\/100 brn|[from] brn\n|upkeep\n|turn|51\n|\n|t:|1700919084\n|-end|p1a: Weezing|ability: Neutralizing Gas\n|switch|p1a: Alomomola|Alomomola, M|91\/100 brn\n|move|p2a: Cinderace|Pyro Ball|p1a: Alomomola\n|-resisted|p1a: Alomomola\n|-damage|p1a: Alomomola|76\/100 brn\n|\n|-heal|p2a: Cinderace|63\/100|[from] Grassy Terrain\n|-heal|p1a: Alomomola|83\/100 brn|[from] Grassy Terrain\n|-heal|p1a: Alomomola|89\/100 brn|[from] item: Leftovers\n|-damage|p1a: Alomomola|83\/100 brn|[from] brn\n|upkeep\n|turn|52\n|\n|t:|1700919093\n|switch|p2a: Rillaboom|Rillaboom, F|100\/100\n|move|p1a: Alomomola|Wish|p1a: Alomomola\n|\n|-heal|p1a: Alomomola|89\/100 brn|[from] Grassy Terrain\n|-heal|p1a: Alomomola|95\/100 brn|[from] item: Leftovers\n|-damage|p1a: Alomomola|89\/100 brn|[from] brn\n|-fieldend|move: Grassy Terrain\n|upkeep\n|turn|53\n|\n|t:|1700919101\n|switch|p1a: Weezing|Weezing-Galar, M, tera:Grass|74\/100 brn\n|-ability|p1a: Weezing|Neutralizing Gas\n|move|p2a: Rillaboom|Knock Off|p1a: Weezing\n|-damage|p1a: Weezing|36\/100 brn\n|-enditem|p1a: Weezing|Heavy-Duty Boots|[from] move: Knock Off|[of] p2a: Rillaboom\n|\n|-heal|p1a: Weezing|100\/100 brn|[from] move: Wish|[wisher] Alomomola\n|-damage|p1a: Weezing|95\/100 brn|[from] brn\n|upkeep\n|turn|54\n|\n|t:|1700919112\n|switch|p2a: Cinderace|Cinderace, M|63\/100\n|move|p1a: Weezing|Sludge Bomb|p2a: Cinderace\n|-damage|p2a: Cinderace|28\/100\n|-status|p2a: Cinderace|psn\n|\n|-damage|p2a: Cinderace|15\/100 psn|[from] psn\n|-damage|p1a: Weezing|89\/100 brn|[from] brn\n|upkeep\n|turn|55\n|\n|t:|1700919119\n|-end|p1a: Weezing|ability: Neutralizing Gas\n|switch|p1a: Alomomola|Alomomola, M|100\/100 brn\n|move|p2a: Cinderace|Pyro Ball|p1a: Alomomola\n|-resisted|p1a: Alomomola\n|-damage|p1a: Alomomola|81\/100 brn\n|\n|-heal|p1a: Alomomola|87\/100 brn|[from] item: Leftovers\n|-damage|p2a: Cinderace|3\/100 psn|[from] psn\n|-damage|p1a: Alomomola|81\/100 brn|[from] brn\n|upkeep\n|turn|56\n|\n|t:|1700919125\n|move|p2a: Cinderace|Pyro Ball|p1a: Alomomola\n|-resisted|p1a: Alomomola\n|-damage|p1a: Alomomola|58\/100 brn\n|move|p1a: Alomomola|Wish|p1a: Alomomola\n|\n|-heal|p1a: Alomomola|64\/100 brn|[from] item: Leftovers\n|-damage|p2a: Cinderace|0 fnt|[from] psn\n|faint|p2a: Cinderace\n|-damage|p1a: Alomomola|58\/100 brn|[from] brn\n|upkeep\n|\n|t:|1700919136\n|switch|p2a: Great Tusk|Great Tusk|100\/100\n|turn|57\n|\n|t:|1700919140\n|move|p2a: Great Tusk|Bulk Up|p2a: Great Tusk\n|-boost|p2a: Great Tusk|atk|1\n|-boost|p2a: Great Tusk|def|1\n|move|p1a: Alomomola|Flip Turn|p2a: Great Tusk\n|-supereffective|p2a: Great Tusk\n|-damage|p2a: Great Tusk|94\/100\n|\n|t:|1700919145\n|switch|p1a: Corviknight|Corviknight, F|100\/100|[from] Flip Turn\n|-ability|p1a: Corviknight|Pressure\n|\n|-heal|p2a: Great Tusk|100\/100|[from] item: Leftovers\n|upkeep\n|turn|58\n|\n|t:|1700919148\n|move|p2a: Great Tusk|Bulk Up|p2a: Great Tusk\n|-boost|p2a: Great Tusk|atk|1\n|-boost|p2a: Great Tusk|def|1\n|move|p1a: Corviknight|Iron Defense|p1a: Corviknight\n|-boost|p1a: Corviknight|def|2\n|\n|upkeep\n|turn|59\n|\n|t:|1700919150\n|move|p2a: Great Tusk|Bulk Up|p2a: Great Tusk\n|-boost|p2a: Great Tusk|atk|1\n|-boost|p2a: Great Tusk|def|1\n|move|p1a: Corviknight|Iron Defense|p1a: Corviknight\n|-boost|p1a: Corviknight|def|2\n|\n|upkeep\n|turn|60\n|\n|t:|1700919153\n|move|p2a: Great Tusk|Bulk Up|p2a: Great Tusk\n|-boost|p2a: Great Tusk|atk|1\n|-boost|p2a: Great Tusk|def|1\n|move|p1a: Corviknight|Iron Defense|p1a: Corviknight\n|-boost|p1a: Corviknight|def|2\n|\n|upkeep\n|turn|61\n|\n|t:|1700919157\n|move|p2a: Great Tusk|Bulk Up|p2a: Great Tusk\n|-boost|p2a: Great Tusk|atk|1\n|-boost|p2a: Great Tusk|def|1\n|move|p1a: Corviknight|Body Press|p2a: Great Tusk\n|-damage|p2a: Great Tusk|85\/100\n|\n|-heal|p2a: Great Tusk|91\/100|[from] item: Leftovers\n|upkeep\n|turn|62\n|\n|t:|1700919162\n|move|p2a: Great Tusk|Bulk Up|p2a: Great Tusk\n|-boost|p2a: Great Tusk|atk|1\n|-boost|p2a: Great Tusk|def|1\n|move|p1a: Corviknight|Body Press|p2a: Great Tusk\n|-damage|p2a: Great Tusk|78\/100\n|\n|-heal|p2a: Great Tusk|84\/100|[from] item: Leftovers\n|upkeep\n|turn|63\n|\n|t:|1700919168\n|move|p2a: Great Tusk|Rapid Spin|p1a: Corviknight\n|-resisted|p1a: Corviknight\n|-damage|p1a: Corviknight|96\/100\n|-boost|p2a: Great Tusk|spe|1\n|move|p1a: Corviknight|Iron Defense|p1a: Corviknight\n|-boost|p1a: Corviknight|def|0\n|\n|-heal|p2a: Great Tusk|90\/100|[from] item: Leftovers\n|upkeep\n|turn|64\n|\n|t:|1700919173\n|move|p2a: Great Tusk|Rapid Spin|p1a: Corviknight\n|-resisted|p1a: Corviknight\n|-damage|p1a: Corviknight|91\/100\n|-boost|p2a: Great Tusk|spe|1\n|move|p1a: Corviknight|Body Press|p2a: Great Tusk\n|-crit|p2a: Great Tusk\n|-damage|p2a: Great Tusk|9\/100\n|\n|-heal|p2a: Great Tusk|15\/100|[from] item: Leftovers\n|upkeep\n|turn|65\n|\n|t:|1700919182\n|move|p2a: Great Tusk|Ice Spinner|p1a: Corviknight\n|-damage|p1a: Corviknight|75\/100\n|move|p1a: Corviknight|Body Press|p2a: Great Tusk\n|-damage|p2a: Great Tusk|2\/100\n|\n|-heal|p2a: Great Tusk|8\/100|[from] item: Leftovers\n|upkeep\n|turn|66\n|\n|t:|1700919187\n|move|p2a: Great Tusk|Ice Spinner|p1a: Corviknight\n|-damage|p1a: Corviknight|60\/100\n|move|p1a: Corviknight|Body Press|p2a: Great Tusk\n|-damage|p2a: Great Tusk|0 fnt\n|faint|p2a: Great Tusk\n|-end|p2a: Great Tusk|Protosynthesis|[silent]\n|\n|upkeep\n|\n|t:|1700919191\n|switch|p2a: Rillaboom|Rillaboom, F|100\/100\n|-fieldstart|move: Grassy Terrain|[from] ability: Grassy Surge|[of] p2a: Rillaboom\n|turn|67\n|c|\u2606h4v0ckn1ght|zmh\n|c|\u2606h4v0ckn1ght|when i'd win opp gets crit\n|c|\u2606h4v0ckn1ght|fine\n|-message|h4v0ckn1ght forfeited.\n|\n|win|Denaxe\n|raw|Denaxe's rating: 1470 &rarr; <strong>1495<\/strong><br \/>(+25 for winning)\n|raw|h4v0ckn1ght's rating: 1563 &rarr; <strong>1538<\/strong><br \/>(-25 for losing)\n|c|\u2606Denaxe|You got lucky crits\n|l|\u2606h4v0ckn1ght\n","uploadtime":1700919228,"views":0,"p1id":"denaxe","p2id":"h4v0ckn1ght","formatid":"gen9ou","rating":1495,"private":0,"password":""}