{"id":"gen9ou-1990212593","p1":"Mr-Mongol","p2":"Audio Peel","format":"[Gen 9] OU","log":"|j|\u2606Mr-Mongol\n|j|\u2606Audio Peel\n|t:|1699938219\n|gametype|singles\n|player|p1|Mr-Mongol|dragontamer|1648\n|player|p2|Audio Peel|170|1764\n|teamsize|p1|6\n|teamsize|p2|6\n|gen|9\n|tier|[Gen 9] OU\n|rated|\n|rule|Sleep Clause Mod: Limit one foe put to sleep\n|rule|Species Clause: Limit one of each Pok\u00e9mon\n|rule|OHKO Clause: OHKO moves are banned\n|rule|Evasion Items Clause: Evasion items are banned\n|rule|Evasion Moves Clause: Evasion moves are banned\n|rule|Endless Battle Clause: Forcing endless battles is banned\n|rule|HP Percentage Mod: HP is shown in percentages\n|clearpoke\n|poke|p1|Kingambit, M|\n|poke|p1|Glimmora, M|\n|poke|p1|Zamazenta-*|\n|poke|p1|Iron Valiant|\n|poke|p1|Iron Moth|\n|poke|p1|Ogerpon-Wellspring, F|\n|poke|p2|Rillaboom, M|\n|poke|p2|Sneasler, F|\n|poke|p2|Great Tusk|\n|poke|p2|Ogerpon-Cornerstone, F|\n|poke|p2|Iron Valiant|\n|poke|p2|Manaphy|\n|teampreview\n|\n|t:|1699938236\n|start\n|switch|p1a: Glimmora|Glimmora, M|100\/100\n|switch|p2a: Ogerpon|Ogerpon-Cornerstone, F|100\/100\n|turn|1\n|\n|t:|1699938246\n|move|p2a: Ogerpon|Ivy Cudgel|p1a: Glimmora\n|-damage|p1a: Glimmora|22\/100\n|-activate|p1a: Glimmora|ability: Toxic Debris\n|-sidestart|p2: Audio Peel|move: Toxic Spikes\n|move|p1a: Glimmora|Mortal Spin|p2a: Ogerpon\n|-damage|p2a: Ogerpon|92\/100\n|-status|p2a: Ogerpon|psn\n|\n|-damage|p2a: Ogerpon|79\/100 psn|[from] psn\n|upkeep\n|turn|2\n|j| sizzlepanda\n|\n|t:|1699938252\n|move|p2a: Ogerpon|Knock Off|p1a: Glimmora\n|-damage|p1a: Glimmora|0 fnt\n|-activate|p1a: Glimmora|ability: Toxic Debris\n|-sidestart|p2: Audio Peel|move: Toxic Spikes\n|-enditem|p1a: Glimmora|Focus Sash|[from] move: Knock Off|[of] p2a: Ogerpon\n|faint|p1a: Glimmora\n|\n|-damage|p2a: Ogerpon|67\/100 psn|[from] psn\n|upkeep\n|\n|t:|1699938262\n|switch|p1a: Zamazenta|Zamazenta|100\/100\n|-ability|p1a: Zamazenta|Dauntless Shield|boost\n|-boost|p1a: Zamazenta|def|1\n|turn|3\n|\n|t:|1699938266\n|move|p1a: Zamazenta|Iron Defense|p1a: Zamazenta\n|-boost|p1a: Zamazenta|def|2\n|move|p2a: Ogerpon|Spikes|p1a: Zamazenta\n|-sidestart|p1: Mr-Mongol|Spikes\n|\n|-damage|p2a: Ogerpon|55\/100 psn|[from] psn\n|upkeep\n|turn|4\n|\n|t:|1699938274\n|move|p1a: Zamazenta|Iron Defense|p1a: Zamazenta\n|-boost|p1a: Zamazenta|def|2\n|move|p2a: Ogerpon|Encore|p1a: Zamazenta\n|-start|p1a: Zamazenta|Encore\n|\n|-damage|p2a: Ogerpon|42\/100 psn|[from] psn\n|upkeep\n|turn|5\n|\n|t:|1699938278\n|move|p1a: Zamazenta|Iron Defense|p1a: Zamazenta\n|-boost|p1a: Zamazenta|def|1\n|move|p2a: Ogerpon|Knock Off|p1a: Zamazenta\n|-resisted|p1a: Zamazenta\n|-damage|p1a: Zamazenta|96\/100\n|-enditem|p1a: Zamazenta|Leftovers|[from] move: Knock Off|[of] p2a: Ogerpon\n|\n|-damage|p2a: Ogerpon|30\/100 psn|[from] psn\n|upkeep\n|turn|6\n|\n|t:|1699938283\n|switch|p2a: Sneasler|Sneasler, F|100\/100\n|-sideend|p2: Audio Peel|move: Toxic Spikes|[of] p2a: Sneasler\n|move|p1a: Zamazenta|Iron Defense|p1a: Zamazenta\n|-boost|p1a: Zamazenta|def|0\n|\n|upkeep\n|turn|7\n|\n|t:|1699938286\n|switch|p2a: Iron Valiant|Iron Valiant|100\/100\n|-enditem|p2a: Iron Valiant|Booster Energy\n|-activate|p2a: Iron Valiant|ability: Quark Drive|[fromitem]\n|-start|p2a: Iron Valiant|quarkdrivespe\n|move|p1a: Zamazenta|Iron Defense|p1a: Zamazenta\n|-boost|p1a: Zamazenta|def|0\n|\n|-end|p1a: Zamazenta|Encore\n|upkeep\n|turn|8\n|\n|t:|1699938291\n|-terastallize|p1a: Zamazenta|Fire\n|move|p2a: Iron Valiant|Encore|p1a: Zamazenta\n|-start|p1a: Zamazenta|Encore\n|move|p1a: Zamazenta|Iron Defense|p1a: Zamazenta\n|-boost|p1a: Zamazenta|def|0\n|\n|upkeep\n|turn|9\n|\n|t:|1699938297\n|switch|p1a: Iron Valiant|Iron Valiant|100\/100\n|-damage|p1a: Iron Valiant|88\/100|[from] Spikes\n|-enditem|p1a: Iron Valiant|Booster Energy\n|-activate|p1a: Iron Valiant|ability: Quark Drive|[fromitem]\n|-start|p1a: Iron Valiant|quarkdrivespe\n|move|p2a: Iron Valiant|Calm Mind|p2a: Iron Valiant\n|-boost|p2a: Iron Valiant|spa|1\n|-boost|p2a: Iron Valiant|spd|1\n|\n|upkeep\n|turn|10\n|\n|t:|1699938300\n|move|p2a: Iron Valiant|Moonblast|p1a: Iron Valiant\n|-supereffective|p1a: Iron Valiant\n|-damage|p1a: Iron Valiant|0 fnt\n|faint|p1a: Iron Valiant\n|-end|p1a: Iron Valiant|Quark Drive|[silent]\n|\n|upkeep\n|j| Bad Dragoon\n|\n|t:|1699938304\n|switch|p1a: Iron Moth|Iron Moth|100\/100\n|-damage|p1a: Iron Moth|88\/100|[from] Spikes\n|-enditem|p1a: Iron Moth|Booster Energy\n|-activate|p1a: Iron Moth|ability: Quark Drive|[fromitem]\n|-start|p1a: Iron Moth|quarkdrivespe\n|turn|11\n|j| MikeFlem12326171\n|\n|t:|1699938324\n|-terastallize|p2a: Iron Valiant|Electric\n|move|p2a: Iron Valiant|Thunderbolt|p1a: Iron Moth\n|-damage|p1a: Iron Moth|12\/100\n|move|p1a: Iron Moth|Sludge Wave|p2a: Iron Valiant\n|-damage|p2a: Iron Valiant|39\/100\n|\n|upkeep\n|turn|12\n|\n|t:|1699938330\n|move|p2a: Iron Valiant|Moonblast|p1a: Iron Moth\n|-resisted|p1a: Iron Moth\n|-damage|p1a: Iron Moth|0 fnt\n|faint|p1a: Iron Moth\n|-end|p1a: Iron Moth|Quark Drive|[silent]\n|\n|upkeep\n|\n|t:|1699938331\n|switch|p1a: Kingambit|Kingambit, M|100\/100\n|-damage|p1a: Kingambit|88\/100|[from] Spikes\n|-activate|p1a: Kingambit|ability: Supreme Overlord\n|-start|p1a: Kingambit|fallen3|[silent]\n|turn|13\n|\n|t:|1699938335\n|move|p2a: Iron Valiant|Moonblast|p1a: Kingambit\n|-damage|p1a: Kingambit|12\/100\n|move|p1a: Kingambit|Kowtow Cleave|p2a: Iron Valiant\n|-damage|p2a: Iron Valiant|0 fnt\n|faint|p2a: Iron Valiant\n|-end|p2a: Iron Valiant|Quark Drive|[silent]\n|\n|upkeep\n|l| sizzlepanda\n|j| sizzlepanda\n|l| sizzlepanda\n|\n|t:|1699938354\n|switch|p2a: Great Tusk|Great Tusk|100\/100\n|-enditem|p2a: Great Tusk|Booster Energy\n|-activate|p2a: Great Tusk|ability: Protosynthesis|[fromitem]\n|-start|p2a: Great Tusk|protosynthesisspe\n|turn|14\n|\n|t:|1699938358\n|-end|p1a: Kingambit|fallen3|[silent]\n|switch|p1a: Zamazenta|Zamazenta, tera:Fire|96\/100\n|-damage|p1a: Zamazenta|84\/100|[from] Spikes\n|move|p2a: Great Tusk|Bulk Up|p2a: Great Tusk\n|-boost|p2a: Great Tusk|atk|1\n|-boost|p2a: Great Tusk|def|1\n|\n|upkeep\n|turn|15\n|\n|t:|1699938361\n|move|p2a: Great Tusk|Headlong Rush|p1a: Zamazenta\n|-supereffective|p1a: Zamazenta\n|-damage|p1a: Zamazenta|0 fnt\n|-unboost|p2a: Great Tusk|def|1\n|-unboost|p2a: Great Tusk|spd|1\n|faint|p1a: Zamazenta\n|\n|upkeep\n|\n|t:|1699938363\n|switch|p1a: Ogerpon|Ogerpon-Wellspring, F|100\/100\n|-damage|p1a: Ogerpon|88\/100|[from] Spikes\n|turn|16\n|\n|t:|1699938366\n|move|p2a: Great Tusk|Ice Spinner|p1a: Ogerpon\n|-damage|p1a: Ogerpon|45\/100\n|move|p1a: Ogerpon|Ivy Cudgel|p2a: Great Tusk\n|-supereffective|p2a: Great Tusk\n|-crit|p2a: Great Tusk\n|-damage|p2a: Great Tusk|0 fnt\n|faint|p2a: Great Tusk\n|-end|p2a: Great Tusk|Protosynthesis|[silent]\n|\n|upkeep\n|\n|t:|1699938372\n|switch|p2a: Beezynomics|Rillaboom, M|100\/100\n|-fieldstart|move: Grassy Terrain|[from] ability: Grassy Surge|[of] p2a: Beezynomics\n|turn|17\n|\n|t:|1699938375\n|move|p1a: Ogerpon|Encore||[still]\n|-fail|p1a: Ogerpon\n|move|p2a: Beezynomics|U-turn|p1a: Ogerpon\n|-supereffective|p1a: Ogerpon\n|-damage|p1a: Ogerpon|0 fnt\n|faint|p1a: Ogerpon\n|\n|t:|1699938377\n|switch|p2a: Sneasler|Sneasler, F|100\/100|[from] U-turn\n|-enditem|p2a: Sneasler|Grassy Seed\n|-boost|p2a: Sneasler|def|1|[from] item: Grassy Seed\n|\n|upkeep\n|c|\u2606Audio Peel|gg\n|-message|Mr-Mongol forfeited.\n|\n|win|Audio Peel\n|raw|Mr-Mongol's rating: 1648 &rarr; <strong>1634<\/strong><br \/>(-14 for losing)\n|raw|Audio Peel's rating: 1764 &rarr; <strong>1778<\/strong><br \/>(+14 for winning)\n|l|\u2606Mr-Mongol\n","uploadtime":1699938384,"views":15,"p1id":"mrmongol","p2id":"audiopeel","formatid":"gen9ou","rating":1634,"private":0,"password":""}