{"id":"gen9ou-1988498704","p1":"jestercc","p2":"Slaaaine","format":"[Gen 9] OU","log":"|j|\u2606jestercc\n|j|\u2606Slaaaine\n|t:|1699729430\n|gametype|singles\n|player|p1|jestercc|hugh|1199\n|player|p2|Slaaaine|n|1267\n|teamsize|p1|6\n|teamsize|p2|6\n|gen|9\n|tier|[Gen 9] OU\n|rated|\n|rule|Sleep Clause Mod: Limit one foe put to sleep\n|rule|Species Clause: Limit one of each Pok\u00e9mon\n|rule|OHKO Clause: OHKO moves are banned\n|rule|Evasion Items Clause: Evasion items are banned\n|rule|Evasion Moves Clause: Evasion moves are banned\n|rule|Endless Battle Clause: Forcing endless battles is banned\n|rule|HP Percentage Mod: HP is shown in percentages\n|clearpoke\n|poke|p1|Lokix, F|\n|poke|p1|Garchomp, F|\n|poke|p1|Iron Jugulis|\n|poke|p1|Gliscor, F|\n|poke|p1|Skeledirge, M|\n|poke|p1|Rotom-Wash|\n|poke|p2|Manaphy|\n|poke|p2|Kingambit, F|\n|poke|p2|Ribombee, F|\n|poke|p2|Gholdengo|\n|poke|p2|Iron Moth|\n|poke|p2|Ogerpon-Wellspring, F|\n|teampreview\n|inactive|Battle timer is ON: inactive players will automatically lose when time's up. (requested by jestercc)\n|inactive|jestercc has 120 seconds left.\n|\n|t:|1699729462\n|start\n|switch|p1a: Lokix|Lokix, F|100\/100\n|switch|p2a: wildfiree|Ribombee, F|100\/100\n|turn|1\n|\n|t:|1699729472\n|move|p1a: Lokix|First Impression|p2a: wildfiree\n|-resisted|p2a: wildfiree\n|-damage|p2a: wildfiree|24\/100\n|move|p2a: wildfiree|Sticky Web|p1a: Lokix\n|-sidestart|p1: jestercc|move: Sticky Web\n|\n|upkeep\n|turn|2\n|\n|t:|1699729480\n|move|p1a: Lokix|Sucker Punch|p2a: wildfiree\n|-resisted|p2a: wildfiree\n|-damage|p2a: wildfiree|0 fnt\n|faint|p2a: wildfiree\n|\n|upkeep\n|\n|t:|1699729501\n|switch|p2a: scarlet|Iron Moth|100\/100\n|-enditem|p2a: scarlet|Booster Energy\n|-activate|p2a: scarlet|ability: Quark Drive|[fromitem]\n|-start|p2a: scarlet|quarkdrivespe\n|turn|3\n|\n|t:|1699729510\n|move|p2a: scarlet|Substitute|p2a: scarlet\n|-start|p2a: scarlet|Substitute\n|-damage|p2a: scarlet|76\/100\n|move|p1a: Lokix|Axe Kick|p2a: scarlet\n|-resisted|p2a: scarlet\n|-end|p2a: scarlet|Substitute\n|\n|upkeep\n|turn|4\n|\n|t:|1699729514\n|move|p2a: scarlet|Fiery Dance|p1a: Lokix\n|-supereffective|p1a: Lokix\n|-enditem|p1a: Lokix|Focus Sash\n|-damage|p1a: Lokix|1\/100\n|-boost|p2a: scarlet|spa|1\n|move|p1a: Lokix|Axe Kick|p2a: scarlet\n|-resisted|p2a: scarlet\n|-damage|p2a: scarlet|24\/100\n|\n|upkeep\n|turn|5\n|\n|t:|1699729518\n|move|p1a: Lokix|Sucker Punch|p2a: scarlet\n|-damage|p2a: scarlet|0 fnt\n|faint|p2a: scarlet\n|-end|p2a: scarlet|Quark Drive|[silent]\n|\n|upkeep\n|\n|t:|1699729527\n|switch|p2a: faya|Ogerpon-Wellspring, F|100\/100\n|turn|6\n|\n|t:|1699729533\n|move|p2a: faya|Encore|p1a: Lokix\n|-start|p1a: Lokix|Encore\n|move|p1a: Lokix|Sucker Punch||[still]\n|-fail|p1a: Lokix\n|\n|upkeep\n|turn|7\n|\n|t:|1699729538\n|switch|p1a: Gliscor|Gliscor, F|100\/100\n|move|p2a: faya|Swords Dance|p2a: faya\n|-boost|p2a: faya|atk|2\n|\n|-status|p1a: Gliscor|tox|[from] item: Toxic Orb\n|upkeep\n|turn|8\n|\n|t:|1699729542\n|move|p1a: Gliscor|Protect|p1a: Gliscor\n|-singleturn|p1a: Gliscor|Protect\n|move|p2a: faya|Ivy Cudgel|p1a: Gliscor\n|-activate|p1a: Gliscor|move: Protect\n|\n|upkeep\n|turn|9\n|\n|t:|1699729550\n|switch|p1a: Lokix|Lokix, F|1\/100\n|-activate|p1a: Lokix|move: Sticky Web\n|-unboost|p1a: Lokix|spe|1\n|move|p2a: faya|Ivy Cudgel|p1a: Lokix\n|-damage|p1a: Lokix|0 fnt\n|faint|p1a: Lokix\n|\n|upkeep\n|\n|t:|1699729565\n|switch|p1a: Gliscor|Gliscor, F|100\/100 tox\n|turn|10\n|\n|t:|1699729568\n|-terastallize|p1a: Gliscor|Water\n|move|p2a: faya|Ivy Cudgel|p1a: Gliscor\n|-resisted|p1a: Gliscor\n|-damage|p1a: Gliscor|62\/100 tox\n|move|p1a: Gliscor|Toxic|p2a: faya\n|-status|p2a: faya|tox\n|\n|-damage|p2a: faya|95\/100 tox|[from] psn\n|-heal|p1a: Gliscor|75\/100 tox|[from] ability: Poison Heal\n|upkeep\n|turn|11\n|inactive|jestercc has 120 seconds left.\n|\n|t:|1699729599\n|move|p1a: Gliscor|Protect|p1a: Gliscor\n|-singleturn|p1a: Gliscor|Protect\n|move|p2a: faya|Power Whip|p1a: Gliscor\n|-activate|p1a: Gliscor|move: Protect\n|\n|-damage|p2a: faya|83\/100 tox|[from] psn\n|-heal|p1a: Gliscor|87\/100 tox|[from] ability: Poison Heal\n|upkeep\n|turn|12\n|\n|t:|1699729606\n|switch|p1a: Skeledirge|Skeledirge, M|100\/100\n|move|p2a: faya|Ivy Cudgel|p1a: Skeledirge\n|-supereffective|p1a: Skeledirge\n|-damage|p1a: Skeledirge|7\/100\n|\n|-damage|p2a: faya|65\/100 tox|[from] psn\n|upkeep\n|turn|13\n|\n|t:|1699729612\n|move|p2a: faya|Power Whip|p1a: Skeledirge\n|-resisted|p1a: Skeledirge\n|-damage|p1a: Skeledirge|0 fnt\n|faint|p1a: Skeledirge\n|\n|-damage|p2a: faya|41\/100 tox|[from] psn\n|upkeep\n|\n|t:|1699729621\n|switch|p1a: Gliscor|Gliscor, F, tera:Water|87\/100 tox\n|-activate|p1a: Gliscor|move: Sticky Web\n|-unboost|p1a: Gliscor|spe|1\n|turn|14\n|\n|t:|1699729625\n|switch|p2a: wessin|Gholdengo|100\/100\n|-item|p2a: wessin|Air Balloon\n|move|p1a: Gliscor|Protect||[still]\n|-fail|p1a: Gliscor\n|\n|-heal|p1a: Gliscor|99\/100 tox|[from] ability: Poison Heal\n|upkeep\n|turn|15\n|\n|t:|1699729635\n|switch|p1a: Iron Jugulis|Iron Jugulis|100\/100\n|-enditem|p1a: Iron Jugulis|Booster Energy\n|-activate|p1a: Iron Jugulis|ability: Quark Drive|[fromitem]\n|-start|p1a: Iron Jugulis|quarkdrivespe\n|move|p2a: wessin|Nasty Plot|p2a: wessin\n|-boost|p2a: wessin|spa|2\n|\n|upkeep\n|turn|16\n|\n|t:|1699729639\n|move|p1a: Iron Jugulis|Dark Pulse|p2a: wessin\n|-supereffective|p2a: wessin\n|-damage|p2a: wessin|11\/100\n|-enditem|p2a: wessin|Air Balloon\n|move|p2a: wessin|Make It Rain|p1a: Iron Jugulis\n|-damage|p1a: Iron Jugulis|0 fnt\n|-unboost|p2a: wessin|spa|1\n|faint|p1a: Iron Jugulis\n|-end|p1a: Iron Jugulis|Quark Drive|[silent]\n|\n|upkeep\n|\n|t:|1699729642\n|switch|p1a: Rotom|Rotom-Wash|100\/100\n|turn|17\n|\n|t:|1699729647\n|move|p1a: Rotom|Volt Switch|p2a: wessin\n|-damage|p2a: wessin|0 fnt\n|faint|p2a: wessin\n|\n|t:|1699729656\n|switch|p1a: Garchomp|Garchomp, F|100\/100|[from] Volt Switch\n|-activate|p1a: Garchomp|move: Sticky Web\n|-unboost|p1a: Garchomp|spe|1\n|\n|upkeep\n|\n|t:|1699729659\n|switch|p2a: faya|Ogerpon-Wellspring, F|41\/100 tox\n|turn|18\n|\n|t:|1699729667\n|move|p2a: faya|Ivy Cudgel|p1a: Garchomp\n|-damage|p1a: Garchomp|44\/100\n|move|p1a: Garchomp|Scale Shot|p2a: faya\n|-damage|p2a: faya|24\/100 tox\n|-damage|p2a: faya|6\/100 tox\n|-damage|p2a: faya|0 fnt\n|faint|p2a: faya\n|-hitcount|p2: faya|3\n|-unboost|p1a: Garchomp|def|1\n|-boost|p1a: Garchomp|spe|1\n|\n|upkeep\n|\n|t:|1699729671\n|switch|p2a: awyp|Kingambit, F|100\/100\n|-activate|p2a: awyp|ability: Supreme Overlord\n|-start|p2a: awyp|fallen4|[silent]\n|turn|19\n|\n|t:|1699729676\n|move|p2a: awyp|Sucker Punch|p1a: Garchomp\n|-damage|p1a: Garchomp|0 fnt\n|-damage|p2a: awyp|88\/100|[from] ability: Rough Skin|[of] p1a: Garchomp\n|faint|p1a: Garchomp\n|\n|upkeep\n|\n|t:|1699729681\n|switch|p1a: Rotom|Rotom-Wash|100\/100\n|turn|20\n|\n|t:|1699729686\n|move|p1a: Rotom|Trick|p2a: awyp\n|-activate|p1a: Rotom|move: Trick|[of] p2a: awyp\n|-item|p2a: awyp|Choice Scarf|[from] move: Trick\n|-item|p1a: Rotom|Black Glasses|[from] move: Trick\n|move|p2a: awyp|Kowtow Cleave|p1a: Rotom\n|-damage|p1a: Rotom|30\/100\n|\n|upkeep\n|turn|21\n|\n|t:|1699729693\n|move|p1a: Rotom|Hydro Pump|p2a: awyp\n|-damage|p2a: awyp|46\/100\n|move|p2a: awyp|Kowtow Cleave|p1a: Rotom\n|-damage|p1a: Rotom|0 fnt\n|faint|p1a: Rotom\n|\n|upkeep\n|\n|t:|1699729695\n|switch|p1a: Gliscor|Gliscor, F, tera:Water|99\/100 tox\n|-activate|p1a: Gliscor|move: Sticky Web\n|-unboost|p1a: Gliscor|spe|1\n|turn|22\n|\n|t:|1699729701\n|move|p1a: Gliscor|Protect|p1a: Gliscor\n|-singleturn|p1a: Gliscor|Protect\n|move|p2a: awyp|Kowtow Cleave|p1a: Gliscor\n|-activate|p1a: Gliscor|move: Protect\n|\n|-heal|p1a: Gliscor|100\/100 tox|[from] ability: Poison Heal\n|upkeep\n|turn|23\n|\n|t:|1699729705\n|move|p2a: awyp|Kowtow Cleave|p1a: Gliscor\n|-damage|p1a: Gliscor|61\/100 tox\n|move|p1a: Gliscor|Earthquake|p2a: awyp\n|-supereffective|p2a: awyp\n|-damage|p2a: awyp|0 fnt\n|faint|p2a: awyp\n|-end|p2a: awyp|fallen4|[silent]\n|\n|-heal|p1a: Gliscor|74\/100 tox|[from] ability: Poison Heal\n|upkeep\n|\n|t:|1699729708\n|switch|p2a: HPDARKEAGLE|Manaphy|100\/100\n|turn|24\n|\n|t:|1699729713\n|move|p2a: HPDARKEAGLE|Tail Glow|p2a: HPDARKEAGLE\n|-boost|p2a: HPDARKEAGLE|spa|3\n|move|p1a: Gliscor|Earthquake|p2a: HPDARKEAGLE\n|-damage|p2a: HPDARKEAGLE|70\/100\n|\n|-heal|p2a: HPDARKEAGLE|77\/100|[from] item: Leftovers\n|-heal|p1a: Gliscor|86\/100 tox|[from] ability: Poison Heal\n|upkeep\n|turn|25\n|\n|t:|1699729718\n|move|p2a: HPDARKEAGLE|Energy Ball|p1a: Gliscor\n|-supereffective|p1a: Gliscor\n|-damage|p1a: Gliscor|0 fnt\n|faint|p1a: Gliscor\n|\n|win|Slaaaine\n|raw|jestercc's rating: 1199 &rarr; <strong>1179<\/strong><br \/>(-20 for losing)\n|raw|Slaaaine's rating: 1267 &rarr; <strong>1287<\/strong><br \/>(+20 for winning)\n|l|\u2606jestercc\n","uploadtime":1699729726,"views":14,"p1id":"jestercc","p2id":"slaaaine","formatid":"gen9ou","rating":1179,"private":0,"password":""}