{"id":"gen9ou-2000252503","p1":"looooaicici","p2":"harrydudeh","format":"[Gen 9] OU","log":"|j|\u2606looooaicici\n|j|\u2606harrydudeh\n|t:|1701177804\n|gametype|singles\n|player|p1|looooaicici|dragontamer|1221\n|player|p2|harrydudeh|2|1247\n|teamsize|p1|6\n|teamsize|p2|6\n|gen|9\n|tier|[Gen 9] OU\n|rated|\n|rule|Sleep Clause Mod: Limit one foe put to sleep\n|rule|Species Clause: Limit one of each Pok\u00e9mon\n|rule|OHKO Clause: OHKO moves are banned\n|rule|Evasion Items Clause: Evasion items are banned\n|rule|Evasion Moves Clause: Evasion moves are banned\n|rule|Endless Battle Clause: Forcing endless battles is banned\n|rule|HP Percentage Mod: HP is shown in percentages\n|clearpoke\n|poke|p1|Iron Jugulis|\n|poke|p1|Ogerpon-Wellspring, F|\n|poke|p1|Tinkaton, F|\n|poke|p1|Iron Moth|\n|poke|p1|Great Tusk|\n|poke|p1|Dragapult, F|\n|poke|p2|Ninetales-Alola, F|\n|poke|p2|Great Tusk|\n|poke|p2|Heatran, M|\n|poke|p2|Ogerpon-Wellspring, F|\n|poke|p2|Lokix, M|\n|poke|p2|Zapdos|\n|teampreview\n|\n|t:|1701177817\n|start\n|switch|p1a: Great Tusk|Great Tusk|100\/100\n|switch|p2a: Great Tusk|Great Tusk|100\/100\n|-enditem|p1a: Great Tusk|Booster Energy\n|-activate|p1a: Great Tusk|ability: Protosynthesis|[fromitem]\n|-start|p1a: Great Tusk|protosynthesisspe\n|turn|1\n|\n|t:|1701177839\n|-end|p2a: Great Tusk|Protosynthesis|[silent]\n|switch|p2a: Zapdos|Zapdos|100\/100\n|move|p1a: Great Tusk|Headlong Rush|p2a: Zapdos\n|-immune|p2a: Zapdos\n|\n|upkeep\n|turn|2\n|\n|t:|1701177849\n|switch|p2a: Ninetales|Ninetales-Alola, F|100\/100\n|-weather|Snow|[from] ability: Snow Warning|[of] p2a: Ninetales\n|move|p1a: Great Tusk|Ice Spinner|p2a: Ninetales\n|-resisted|p2a: Ninetales\n|-damage|p2a: Ninetales|88\/100\n|\n|-weather|Snow|[upkeep]\n|upkeep\n|turn|3\n|\n|t:|1701177868\n|move|p1a: Great Tusk|Headlong Rush|p2a: Ninetales\n|-damage|p2a: Ninetales|34\/100\n|-unboost|p1a: Great Tusk|def|1\n|-unboost|p1a: Great Tusk|spd|1\n|move|p2a: Ninetales|Aurora Veil|p2a: Ninetales\n|-sidestart|p2: harrydudeh|move: Aurora Veil\n|\n|-weather|Snow|[upkeep]\n|upkeep\n|turn|4\n|\n|t:|1701177877\n|switch|p2a: Zapdos|Zapdos|100\/100\n|move|p1a: Great Tusk|Headlong Rush|p2a: Zapdos\n|-immune|p2a: Zapdos\n|\n|-weather|Snow|[upkeep]\n|upkeep\n|turn|5\n|\n|t:|1701177902\n|move|p1a: Great Tusk|Ice Spinner|p2a: Zapdos\n|-supereffective|p2a: Zapdos\n|-damage|p2a: Zapdos|72\/100\n|-status|p1a: Great Tusk|par|[from] ability: Static|[of] p2a: Zapdos\n|move|p2a: Zapdos|Weather Ball|p1a: Great Tusk\n|-supereffective|p1a: Great Tusk\n|-damage|p1a: Great Tusk|0 fnt\n|faint|p1a: Great Tusk\n|-end|p1a: Great Tusk|Protosynthesis|[silent]\n|\n|-weather|Snow|[upkeep]\n|upkeep\n|\n|t:|1701177905\n|switch|p1a: Ogerpon|Ogerpon-Wellspring, F|100\/100\n|turn|6\n|\n|t:|1701177916\n|move|p1a: Ogerpon|Spikes|p2a: Zapdos\n|-sidestart|p2: harrydudeh|Spikes\n|move|p2a: Zapdos|Volt Switch|p1a: Ogerpon\n|-damage|p1a: Ogerpon|59\/100\n|\n|t:|1701177928\n|switch|p2a: Lokix|Lokix, M|100\/100|[from] Volt Switch\n|-damage|p2a: Lokix|88\/100|[from] Spikes\n|\n|-weather|none\n|upkeep\n|turn|7\n|\n|t:|1701177936\n|switch|p1a: TWINKATON|Tinkaton, F|100\/100\n|-item|p1a: TWINKATON|Air Balloon\n|move|p2a: Lokix|U-turn|p1a: TWINKATON\n|-resisted|p1a: TWINKATON\n|-damage|p1a: TWINKATON|70\/100\n|-enditem|p1a: TWINKATON|Air Balloon\n|-enditem|p2a: Lokix|Choice Band|[silent]|[from] ability: Pickpocket|[of] p2a: Lokix\n|-item|p1a: TWINKATON|Choice Band|[from] ability: Pickpocket|[of] p2a: Lokix\n|\n|t:|1701177951\n|switch|p2a: Great Tusk|Great Tusk|100\/100|[from] U-turn\n|-damage|p2a: Great Tusk|88\/100|[from] Spikes\n|\n|-sideend|p2: harrydudeh|move: Aurora Veil\n|upkeep\n|turn|8\n|\n|t:|1701177962\n|move|p1a: TWINKATON|Stealth Rock|p2a: Great Tusk\n|-sidestart|p2: harrydudeh|move: Stealth Rock\n|move|p2a: Great Tusk|Rapid Spin|p1a: TWINKATON\n|-resisted|p1a: TWINKATON\n|-damage|p1a: TWINKATON|60\/100\n|-boost|p2a: Great Tusk|spe|1\n|-sideend|p2: harrydudeh|Spikes|[from] move: Rapid Spin|[of] p2a: Great Tusk\n|-sideend|p2: harrydudeh|Stealth Rock|[from] move: Rapid Spin|[of] p2a: Great Tusk\n|\n|upkeep\n|turn|9\n|\n|t:|1701177971\n|switch|p1a: Iron Jugulis|Iron Jugulis|100\/100\n|-enditem|p1a: Iron Jugulis|Booster Energy\n|-activate|p1a: Iron Jugulis|ability: Quark Drive|[fromitem]\n|-start|p1a: Iron Jugulis|quarkdrivespe\n|move|p2a: Great Tusk|Headlong Rush|p1a: Iron Jugulis\n|-immune|p1a: Iron Jugulis\n|\n|upkeep\n|turn|10\n|\n|t:|1701178007\n|-end|p2a: Great Tusk|Protosynthesis|[silent]\n|switch|p2a: Zapdos|Zapdos|72\/100\n|move|p1a: Iron Jugulis|Hurricane|p2a: Zapdos\n|-resisted|p2a: Zapdos\n|-damage|p2a: Zapdos|40\/100\n|\n|upkeep\n|turn|11\n|\n|t:|1701178019\n|move|p1a: Iron Jugulis|Knock Off|p2a: Zapdos\n|-damage|p2a: Zapdos|9\/100\n|-enditem|p2a: Zapdos|Heavy-Duty Boots|[from] move: Knock Off|[of] p1a: Iron Jugulis\n|move|p2a: Zapdos|Thunderbolt|p1a: Iron Jugulis\n|-supereffective|p1a: Iron Jugulis\n|-damage|p1a: Iron Jugulis|0 fnt\n|faint|p1a: Iron Jugulis\n|-end|p1a: Iron Jugulis|Quark Drive|[silent]\n|\n|upkeep\n|\n|t:|1701178023\n|switch|p1a: Iron Moth|Iron Moth|100\/100\n|-enditem|p1a: Iron Moth|Booster Energy\n|-activate|p1a: Iron Moth|ability: Quark Drive|[fromitem]\n|-start|p1a: Iron Moth|quarkdrivespe\n|turn|12\n|\n|t:|1701178033\n|switch|p2a: Heatran|Heatran, M|100\/100\n|move|p1a: Iron Moth|Fiery Dance|p2a: Heatran\n|-start|p2a: Heatran|ability: Flash Fire\n|\n|upkeep\n|turn|13\n|\n|t:|1701178045\n|move|p1a: Iron Moth|Psychic|p2a: Heatran\n|-resisted|p2a: Heatran\n|-damage|p2a: Heatran|85\/100\n|-unboost|p2a: Heatran|spd|1\n|move|p2a: Heatran|Earth Power|p1a: Iron Moth\n|-supereffective|p1a: Iron Moth\n|-damage|p1a: Iron Moth|0 fnt\n|faint|p1a: Iron Moth\n|-end|p1a: Iron Moth|Quark Drive|[silent]\n|\n|upkeep\n|\n|t:|1701178055\n|switch|p1a: Dragapult|Dragapult, F|100\/100\n|turn|14\n|\n|t:|1701178067\n|-terastallize|p1a: Dragapult|Ghost\n|move|p1a: Dragapult|Shadow Ball|p2a: Heatran\n|-damage|p2a: Heatran|0 fnt\n|faint|p2a: Heatran\n|\n|upkeep\n|\n|t:|1701178075\n|switch|p2a: Lokix|Lokix, M|88\/100\n|turn|15\n|\n|t:|1701178085\n|move|p2a: Lokix|Sucker Punch|p1a: Dragapult\n|-supereffective|p1a: Dragapult\n|-damage|p1a: Dragapult|8\/100\n|move|p1a: Dragapult|Shadow Ball|p2a: Lokix\n|-resisted|p2a: Lokix\n|-damage|p2a: Lokix|25\/100\n|\n|upkeep\n|turn|16\n|\n|t:|1701178093\n|switch|p1a: TWINKATON|Tinkaton, F|60\/100\n|move|p2a: Lokix|U-turn|p1a: TWINKATON\n|-resisted|p1a: TWINKATON\n|-damage|p1a: TWINKATON|40\/100\n|\n|t:|1701178100\n|switch|p2a: Great Tusk|Great Tusk|88\/100|[from] U-turn\n|\n|upkeep\n|turn|17\n|\n|t:|1701178113\n|move|p1a: TWINKATON|Play Rough|p2a: Great Tusk\n|-supereffective|p2a: Great Tusk\n|-damage|p2a: Great Tusk|36\/100\n|move|p2a: Great Tusk|Close Combat|p1a: TWINKATON\n|-damage|p1a: TWINKATON|0 fnt\n|-unboost|p2a: Great Tusk|def|1\n|-unboost|p2a: Great Tusk|spd|1\n|-enditem|p2a: Great Tusk|Eject Pack\n|faint|p1a: TWINKATON\n|\n|t:|1701178126\n|-end|p2a: Great Tusk|Protosynthesis|[silent]\n|switch|p2a: Lokix|Lokix, M|25\/100\n|\n|upkeep\n|\n|t:|1701178153\n|switch|p1a: Ogerpon|Ogerpon-Wellspring, F|59\/100\n|turn|18\n|\n|t:|1701178158\n|move|p2a: Lokix|First Impression|p1a: Ogerpon\n|-supereffective|p1a: Ogerpon\n|-damage|p1a: Ogerpon|0 fnt\n|faint|p1a: Ogerpon\n|\n|upkeep\n|\n|t:|1701178159\n|switch|p1a: Dragapult|Dragapult, F, tera:Ghost|8\/100\n|turn|19\n|\n|t:|1701178166\n|move|p2a: Lokix|Sucker Punch|p1a: Dragapult\n|-supereffective|p1a: Dragapult\n|-damage|p1a: Dragapult|0 fnt\n|faint|p1a: Dragapult\n|\n|win|harrydudeh\n|raw|looooaicici's rating: 1260 &rarr; <strong>1234<\/strong><br \/>(-26 for losing)\n|raw|harrydudeh's rating: 1247 &rarr; <strong>1273<\/strong><br \/>(+26 for winning)\n","uploadtime":1701178173,"views":3,"p1id":"looooaicici","p2id":"harrydudeh","formatid":"gen9ou","rating":1234,"private":0,"password":""}