{"id":"gen9ou-1991526135","p1":"Dripsona","p2":"Sindicate VI","format":"[Gen 9] OU","log":"|j|\u2606Dripsona\n|j|\u2606Sindicate VI\n|t:|1700085049\n|gametype|singles\n|player|p1|Dripsona|cowgirl|1508\n|player|p2|Sindicate VI|266|1502\n|teamsize|p1|6\n|teamsize|p2|6\n|gen|9\n|tier|[Gen 9] OU\n|rated|\n|rule|Sleep Clause Mod: Limit one foe put to sleep\n|rule|Species Clause: Limit one of each Pok\u00e9mon\n|rule|OHKO Clause: OHKO moves are banned\n|rule|Evasion Items Clause: Evasion items are banned\n|rule|Evasion Moves Clause: Evasion moves are banned\n|rule|Endless Battle Clause: Forcing endless battles is banned\n|rule|HP Percentage Mod: HP is shown in percentages\n|clearpoke\n|poke|p1|Lilligant-Hisui, F|\n|poke|p1|Torkoal, F|\n|poke|p1|Hatterene, F|\n|poke|p1|Great Tusk|\n|poke|p1|Walking Wake|\n|poke|p1|Iron Moth|\n|poke|p2|Cinderace, F|\n|poke|p2|Hatterene, F|\n|poke|p2|Rillaboom, F|\n|poke|p2|Dragapult, F|\n|poke|p2|Landorus-Therian, M|\n|poke|p2|Milotic, M|\n|teampreview\n|inactive|Battle timer is ON: inactive players will automatically lose when time's up. (requested by Sindicate VI)\n|\n|t:|1700085077\n|start\n|switch|p1a: MMMMMM|Torkoal, F, shiny|100\/100\n|switch|p2a: Dragapult|Dragapult, F|100\/100\n|-weather|SunnyDay|[from] ability: Drought|[of] p1a: MMMMMM\n|turn|1\n|\n|t:|1700085089\n|switch|p1a: WHRRRRRR|Great Tusk|100\/100\n|-activate|p1a: WHRRRRRR|ability: Protosynthesis\n|-start|p1a: WHRRRRRR|protosynthesisatk\n|move|p2a: Dragapult|Substitute|p2a: Dragapult\n|-start|p2a: Dragapult|Substitute\n|-damage|p2a: Dragapult|76\/100\n|\n|-weather|SunnyDay|[upkeep]\n|-heal|p2a: Dragapult|82\/100|[from] item: Leftovers\n|upkeep\n|turn|2\n|\n|t:|1700085094\n|move|p1a: WHRRRRRR|Knock Off|p2a: Dragapult\n|-supereffective|p2a: Dragapult\n|-end|p2a: Dragapult|Substitute\n|move|p2a: Dragapult|Will-O-Wisp|p1a: WHRRRRRR\n|-status|p1a: WHRRRRRR|brn\n|\n|-weather|SunnyDay|[upkeep]\n|-heal|p2a: Dragapult|88\/100|[from] item: Leftovers\n|-damage|p1a: WHRRRRRR|94\/100 brn|[from] brn\n|upkeep\n|turn|3\n|\n|t:|1700085104\n|switch|p2a: Rillaboom|Rillaboom, F|100\/100\n|-fieldstart|move: Grassy Terrain|[from] ability: Grassy Surge|[of] p2a: Rillaboom\n|move|p1a: WHRRRRRR|Knock Off|p2a: Rillaboom\n|-damage|p2a: Rillaboom|76\/100\n|-enditem|p2a: Rillaboom|Leftovers|[from] move: Knock Off|[of] p1a: WHRRRRRR\n|\n|-weather|SunnyDay|[upkeep]\n|-heal|p1a: WHRRRRRR|100\/100 brn|[from] Grassy Terrain\n|-heal|p2a: Rillaboom|82\/100|[from] Grassy Terrain\n|-damage|p1a: WHRRRRRR|94\/100 brn|[from] brn\n|upkeep\n|turn|4\n|\n|t:|1700085113\n|-end|p1a: WHRRRRRR|Protosynthesis|[silent]\n|switch|p1a: Volc At Home|Lilligant-Hisui, F, shiny|100\/100\n|move|p2a: Rillaboom|Knock Off|p1a: Volc At Home\n|-resisted|p1a: Volc At Home\n|-damage|p1a: Volc At Home|79\/100\n|-enditem|p1a: Volc At Home|Leftovers|[from] move: Knock Off|[of] p2a: Rillaboom\n|\n|-weather|SunnyDay|[upkeep]\n|-heal|p1a: Volc At Home|85\/100|[from] Grassy Terrain\n|-heal|p2a: Rillaboom|88\/100|[from] Grassy Terrain\n|upkeep\n|turn|5\n|\n|t:|1700085124\n|switch|p2a: Landorus|Landorus-Therian, M|100\/100\n|-ability|p2a: Landorus|Intimidate|boost\n|-unboost|p1a: Volc At Home|atk|1\n|move|p1a: Volc At Home|Ice Spinner|p2a: Landorus\n|-supereffective|p2a: Landorus\n|-damage|p2a: Landorus|50\/100\n|-damage|p1a: Volc At Home|69\/100|[from] item: Rocky Helmet|[of] p2a: Landorus\n|-fieldend|move: Grassy Terrain\n|\n|-weather|SunnyDay|[upkeep]\n|upkeep\n|turn|6\n|\n|t:|1700085141\n|move|p1a: Volc At Home|Ice Spinner|p2a: Landorus\n|-supereffective|p2a: Landorus\n|-damage|p2a: Landorus|4\/100\n|-damage|p1a: Volc At Home|52\/100|[from] item: Rocky Helmet|[of] p2a: Landorus\n|move|p2a: Landorus|Stealth Rock|p1a: Volc At Home\n|-sidestart|p1: Dripsona|move: Stealth Rock\n|\n|-weather|SunnyDay|[upkeep]\n|upkeep\n|turn|7\n|\n|t:|1700085149\n|move|p1a: Volc At Home|Close Combat|p2a: Landorus\n|-resisted|p2a: Landorus\n|-damage|p2a: Landorus|0 fnt\n|-unboost|p1a: Volc At Home|def|1\n|-unboost|p1a: Volc At Home|spd|1\n|-damage|p1a: Volc At Home|35\/100|[from] item: Rocky Helmet|[of] p2a: Landorus\n|faint|p2a: Landorus\n|\n|-weather|SunnyDay|[upkeep]\n|upkeep\n|\n|t:|1700085153\n|switch|p2a: Rillaboom|Rillaboom, F|88\/100\n|-fieldstart|move: Grassy Terrain|[from] ability: Grassy Surge|[of] p2a: Rillaboom\n|turn|8\n|\n|t:|1700085159\n|switch|p1a: WHRRRRRR|Great Tusk|94\/100 brn\n|-damage|p1a: WHRRRRRR|91\/100 brn|[from] Stealth Rock\n|-activate|p1a: WHRRRRRR|ability: Protosynthesis\n|-start|p1a: WHRRRRRR|protosynthesisatk\n|move|p2a: Rillaboom|Grassy Glide|p1a: WHRRRRRR\n|-supereffective|p1a: WHRRRRRR\n|-damage|p1a: WHRRRRRR|40\/100 brn\n|\n|-weather|none\n|-end|p1a: WHRRRRRR|Protosynthesis\n|-heal|p1a: WHRRRRRR|46\/100 brn|[from] Grassy Terrain\n|-heal|p2a: Rillaboom|94\/100|[from] Grassy Terrain\n|-damage|p1a: WHRRRRRR|40\/100 brn|[from] brn\n|upkeep\n|turn|9\n|\n|t:|1700085166\n|-end|p1a: WHRRRRRR|Protosynthesis|[silent]\n|switch|p1a: MMMMMM|Torkoal, F, shiny|100\/100\n|-damage|p1a: MMMMMM|76\/100|[from] Stealth Rock\n|-weather|SunnyDay|[from] ability: Drought|[of] p1a: MMMMMM\n|move|p2a: Rillaboom|Grassy Glide|p1a: MMMMMM\n|-resisted|p1a: MMMMMM\n|-damage|p1a: MMMMMM|65\/100\n|\n|-weather|SunnyDay|[upkeep]\n|-heal|p2a: Rillaboom|99\/100|[from] Grassy Terrain\n|-heal|p1a: MMMMMM|71\/100|[from] Grassy Terrain\n|upkeep\n|turn|10\n|\n|t:|1700085182\n|switch|p2a: Dragapult|Dragapult, F|88\/100\n|switch|p1a: WHRRRRRR|Great Tusk|40\/100 brn\n|-damage|p1a: WHRRRRRR|37\/100 brn|[from] Stealth Rock\n|-activate|p1a: WHRRRRRR|ability: Protosynthesis\n|-start|p1a: WHRRRRRR|protosynthesisatk\n|\n|-weather|SunnyDay|[upkeep]\n|-heal|p1a: WHRRRRRR|43\/100 brn|[from] Grassy Terrain\n|-heal|p2a: Dragapult|94\/100|[from] Grassy Terrain\n|-heal|p2a: Dragapult|99\/100|[from] item: Leftovers\n|-damage|p1a: WHRRRRRR|37\/100 brn|[from] brn\n|upkeep\n|turn|11\n|\n|t:|1700085194\n|switch|p2a: Rillaboom|Rillaboom, F|99\/100\n|move|p1a: WHRRRRRR|Ice Spinner|p2a: Rillaboom\n|-supereffective|p2a: Rillaboom\n|-damage|p2a: Rillaboom|59\/100\n|-fieldend|move: Grassy Terrain\n|\n|-weather|SunnyDay|[upkeep]\n|-damage|p1a: WHRRRRRR|31\/100 brn|[from] brn\n|upkeep\n|turn|12\n|\n|t:|1700085204\n|move|p1a: WHRRRRRR|Ice Spinner|p2a: Rillaboom\n|-supereffective|p2a: Rillaboom\n|-damage|p2a: Rillaboom|21\/100\n|move|p2a: Rillaboom|Grassy Glide|p1a: WHRRRRRR\n|-supereffective|p1a: WHRRRRRR\n|-damage|p1a: WHRRRRRR|0 fnt\n|faint|p1a: WHRRRRRR\n|-end|p1a: WHRRRRRR|Protosynthesis|[silent]\n|\n|-weather|SunnyDay|[upkeep]\n|upkeep\n|\n|t:|1700085209\n|switch|p1a: Volc At Home|Lilligant-Hisui, F, shiny|35\/100\n|-damage|p1a: Volc At Home|29\/100|[from] Stealth Rock\n|turn|13\n|\n|t:|1700085216\n|switch|p2a: Cinderace|Cinderace, F|100\/100\n|move|p1a: Volc At Home|Ice Spinner|p2a: Cinderace\n|-resisted|p2a: Cinderace\n|-damage|p2a: Cinderace|83\/100\n|\n|-weather|SunnyDay|[upkeep]\n|upkeep\n|turn|14\n|\n|t:|1700085219\n|move|p2a: Cinderace|Sucker Punch|p1a: Volc At Home\n|-start|p2a: Cinderace|typechange|Dark|[from] ability: Libero\n|-resisted|p1a: Volc At Home\n|-damage|p1a: Volc At Home|5\/100\n|move|p1a: Volc At Home|Close Combat|p2a: Cinderace\n|-supereffective|p2a: Cinderace\n|-damage|p2a: Cinderace|0 fnt\n|-unboost|p1a: Volc At Home|def|1\n|-unboost|p1a: Volc At Home|spd|1\n|faint|p2a: Cinderace\n|\n|-weather|SunnyDay|[upkeep]\n|upkeep\n|\n|t:|1700085222\n|switch|p2a: Rillaboom|Rillaboom, F|21\/100\n|-fieldstart|move: Grassy Terrain|[from] ability: Grassy Surge|[of] p2a: Rillaboom\n|turn|15\n|\n|t:|1700085231\n|move|p2a: Rillaboom|Grassy Glide|p1a: Volc At Home\n|-resisted|p1a: Volc At Home\n|-damage|p1a: Volc At Home|0 fnt\n|faint|p1a: Volc At Home\n|\n|-weather|SunnyDay|[upkeep]\n|-heal|p2a: Rillaboom|27\/100|[from] Grassy Terrain\n|upkeep\n|\n|t:|1700085234\n|switch|p1a: Volc at Home?|Iron Moth|100\/100\n|-damage|p1a: Volc at Home?|76\/100|[from] Stealth Rock\n|-enditem|p1a: Volc at Home?|Booster Energy\n|-activate|p1a: Volc at Home?|ability: Quark Drive|[fromitem]\n|-start|p1a: Volc at Home?|quarkdrivespe\n|turn|16\n|\n|t:|1700085242\n|switch|p2a: Milotic|Milotic, M|100\/100\n|move|p1a: Volc at Home?|Fiery Dance|p2a: Milotic\n|-resisted|p2a: Milotic\n|-damage|p2a: Milotic|82\/100\n|\n|-weather|none\n|-heal|p1a: Volc at Home?|82\/100|[from] Grassy Terrain\n|-heal|p2a: Milotic|88\/100|[from] Grassy Terrain\n|-heal|p2a: Milotic|94\/100|[from] item: Leftovers\n|upkeep\n|turn|17\n|\n|t:|1700085250\n|move|p1a: Volc at Home?|Sludge Wave|p2a: Milotic\n|-crit|p2a: Milotic\n|-damage|p2a: Milotic|50\/100\n|move|p2a: Milotic|Mirror Coat|p1a: Volc at Home?\n|-damage|p1a: Volc at Home?|0 fnt\n|faint|p1a: Volc at Home?\n|-end|p1a: Volc at Home?|Quark Drive|[silent]\n|\n|-heal|p2a: Milotic|56\/100|[from] Grassy Terrain\n|-heal|p2a: Milotic|62\/100|[from] item: Leftovers\n|upkeep\n|\n|t:|1700085256\n|switch|p1a: MMMMMM|Torkoal, F, shiny|71\/100\n|-damage|p1a: MMMMMM|47\/100|[from] Stealth Rock\n|-weather|SunnyDay|[from] ability: Drought|[of] p1a: MMMMMM\n|turn|18\n|inactive|Sindicate VI has 120 seconds left.\n|inactive|Sindicate VI has 90 seconds left.\n|\n|t:|1700085320\n|move|p2a: Milotic|Scald|p1a: MMMMMM\n|-supereffective|p1a: MMMMMM\n|-damage|p1a: MMMMMM|13\/100\n|move|p1a: MMMMMM|Stealth Rock|p2a: Milotic\n|-sidestart|p2: Sindicate VI|move: Stealth Rock\n|\n|-weather|SunnyDay|[upkeep]\n|-heal|p2a: Milotic|68\/100|[from] Grassy Terrain\n|-heal|p2a: Milotic|74\/100|[from] item: Leftovers\n|-heal|p1a: MMMMMM|19\/100|[from] Grassy Terrain\n|upkeep\n|turn|19\n|\n|t:|1700085327\n|switch|p1a: Bop it|Hatterene, F|100\/100\n|-damage|p1a: Bop it|88\/100|[from] Stealth Rock\n|move|p2a: Milotic|Scald|p1a: Bop it\n|-damage|p1a: Bop it|78\/100\n|-enditem|p1a: Bop it|Eject Button\n|\n|t:|1700085329\n|switch|p1a: Drop it|Walking Wake|100\/100\n|-damage|p1a: Drop it|88\/100|[from] Stealth Rock\n|-activate|p1a: Drop it|ability: Protosynthesis\n|-start|p1a: Drop it|protosynthesisspa\n|\n|-weather|SunnyDay|[upkeep]\n|-heal|p1a: Drop it|94\/100|[from] Grassy Terrain\n|-heal|p2a: Milotic|80\/100|[from] Grassy Terrain\n|-heal|p2a: Milotic|86\/100|[from] item: Leftovers\n|-fieldend|move: Grassy Terrain\n|upkeep\n|turn|20\n|\n|t:|1700085335\n|move|p1a: Drop it|Hydro Steam|p2a: Milotic\n|-resisted|p2a: Milotic\n|-damage|p2a: Milotic|48\/100\n|move|p2a: Milotic|Mirror Coat|p1a: Drop it\n|-damage|p1a: Drop it|19\/100\n|\n|-weather|SunnyDay|[upkeep]\n|-heal|p2a: Milotic|54\/100|[from] item: Leftovers\n|upkeep\n|turn|21\n|c|\u2606Dripsona|gg\n|-message|Dripsona forfeited.\n|\n|win|Sindicate VI\n|raw|Dripsona's rating: 1508 &rarr; <strong>1488<\/strong><br \/>(-20 for losing)\n|raw|Sindicate VI's rating: 1502 &rarr; <strong>1522<\/strong><br \/>(+20 for winning)\n|c|\u2606Sindicate VI|gg\n","uploadtime":1700085343,"views":8,"p1id":"dripsona","p2id":"sindicatevi","formatid":"gen9ou","rating":1488,"private":0,"password":""}