{"id":"gen9ou-1991803783","p1":"kaizen007","p2":"Tando-Lee","format":"[Gen 9] OU","log":"|j|\u2606kaizen007\n|j|\u2606Tando-Lee\n|t:|1700120371\n|gametype|singles\n|player|p1|kaizen007|266|1304\n|player|p2|Tando-Lee|170|1413\n|teamsize|p1|6\n|teamsize|p2|6\n|gen|9\n|tier|[Gen 9] OU\n|rated|\n|rule|Sleep Clause Mod: Limit one foe put to sleep\n|rule|Species Clause: Limit one of each Pok\u00e9mon\n|rule|OHKO Clause: OHKO moves are banned\n|rule|Evasion Items Clause: Evasion items are banned\n|rule|Evasion Moves Clause: Evasion moves are banned\n|rule|Endless Battle Clause: Forcing endless battles is banned\n|rule|HP Percentage Mod: HP is shown in percentages\n|clearpoke\n|poke|p1|Bisharp, M|\n|poke|p1|Kingambit, F|\n|poke|p1|Garchomp, M|\n|poke|p1|Mandibuzz, F|\n|poke|p1|Dragapult, M|\n|poke|p1|Iron Valiant|\n|poke|p2|Rillaboom, F|\n|poke|p2|Sneasler, F|\n|poke|p2|Zamazenta-*|\n|poke|p2|Heatran, F|\n|poke|p2|Hatterene, F|\n|poke|p2|Manaphy|\n|teampreview\n|inactive|Battle timer is ON: inactive players will automatically lose when time's up. (requested by kaizen007)\n|\n|t:|1700120390\n|start\n|switch|p1a: Dragapult|Dragapult, M|100\/100\n|switch|p2a: Hatterene|Hatterene, F|100\/100\n|turn|1\n|\n|t:|1700120396\n|move|p1a: Dragapult|Shadow Ball|p2a: Hatterene\n|-supereffective|p2a: Hatterene\n|-damage|p2a: Hatterene|4\/100\n|-damage|p1a: Dragapult|91\/100|[from] item: Life Orb\n|move|p2a: Hatterene|Draining Kiss|p1a: Dragapult\n|-supereffective|p1a: Dragapult\n|-damage|p1a: Dragapult|24\/100\n|-heal|p2a: Hatterene|54\/100|[from] drain|[of] p1a: Dragapult\n|\n|upkeep\n|turn|2\n|\n|t:|1700120415\n|switch|p2a: Rillaboom|Rillaboom, F|100\/100\n|-fieldstart|move: Grassy Terrain|[from] ability: Grassy Surge|[of] p2a: Rillaboom\n|move|p1a: Dragapult|Shadow Ball|p2a: Rillaboom\n|-damage|p2a: Rillaboom|44\/100\n|-damage|p1a: Dragapult|15\/100|[from] item: Life Orb\n|\n|-heal|p1a: Dragapult|21\/100|[from] Grassy Terrain\n|-heal|p2a: Rillaboom|51\/100|[from] Grassy Terrain\n|upkeep\n|turn|3\n|\n|t:|1700120424\n|switch|p1a: Garchomp|Garchomp, M|100\/100\n|move|p2a: Rillaboom|Grassy Glide|p1a: Garchomp\n|-crit|p1a: Garchomp\n|-damage|p1a: Garchomp|43\/100\n|-damage|p2a: Rillaboom|38\/100|[from] ability: Rough Skin|[of] p1a: Garchomp\n|-damage|p2a: Rillaboom|22\/100|[from] item: Rocky Helmet|[of] p1a: Garchomp\n|\n|-heal|p1a: Garchomp|49\/100|[from] Grassy Terrain\n|-heal|p2a: Rillaboom|28\/100|[from] Grassy Terrain\n|upkeep\n|turn|4\n|\n|t:|1700120443\n|switch|p2a: Hatterene|Hatterene, F|54\/100\n|-enditem|p2a: Hatterene|Grassy Seed\n|-boost|p2a: Hatterene|def|1|[from] item: Grassy Seed\n|move|p1a: Garchomp|Spikes|p2a: Hatterene\n|move|p2a: Hatterene|Spikes|p1a: Garchomp|[from]ability: Magic Bounce\n|-sidestart|p1: kaizen007|Spikes\n|\n|-heal|p1a: Garchomp|55\/100|[from] Grassy Terrain\n|-heal|p2a: Hatterene|60\/100|[from] Grassy Terrain\n|upkeep\n|turn|5\n|\n|t:|1700120449\n|switch|p1a: Mandibuzz|Mandibuzz, F|100\/100\n|move|p2a: Hatterene|Psyshock|p1a: Mandibuzz\n|-immune|p1a: Mandibuzz\n|\n|-heal|p2a: Hatterene|66\/100|[from] Grassy Terrain\n|upkeep\n|turn|6\n|\n|t:|1700120454\n|move|p1a: Mandibuzz|Defog|p2a: Hatterene\n|move|p2a: Hatterene|Defog|p1a: Mandibuzz|[from]ability: Magic Bounce\n|-unboost|p1a: Mandibuzz|evasion|1\n|-sideend|p1: kaizen007|Spikes|[from] move: Defog|[of] p2a: Hatterene\n|-fieldend|move: Grassy Terrain\n|move|p2a: Hatterene|Nuzzle|p1a: Mandibuzz\n|-supereffective|p1a: Mandibuzz\n|-damage|p1a: Mandibuzz|94\/100\n|-status|p1a: Mandibuzz|par\n|\n|upkeep\n|turn|7\n|\n|t:|1700120467\n|move|p2a: Hatterene|Draining Kiss|p1a: Mandibuzz\n|-supereffective|p1a: Mandibuzz\n|-damage|p1a: Mandibuzz|70\/100 par\n|-heal|p2a: Hatterene|90\/100|[from] drain|[of] p1a: Mandibuzz\n|move|p1a: Mandibuzz|Foul Play|p2a: Hatterene\n|-damage|p2a: Hatterene|75\/100\n|\n|upkeep\n|turn|8\n|\n|t:|1700120480\n|switch|p1a: Bisharp|Bisharp, M|100\/100\n|move|p2a: Hatterene|Calm Mind|p2a: Hatterene\n|-boost|p2a: Hatterene|spa|1\n|-boost|p2a: Hatterene|spd|1\n|\n|upkeep\n|turn|9\n|\n|t:|1700120488\n|-terastallize|p2a: Hatterene|Water\n|move|p1a: Bisharp|Iron Head|p2a: Hatterene\n|-resisted|p2a: Hatterene\n|-crit|p2a: Hatterene\n|-damage|p2a: Hatterene|47\/100\n|move|p2a: Hatterene|Nuzzle|p1a: Bisharp\n|-damage|p1a: Bisharp|98\/100\n|-status|p1a: Bisharp|par\n|\n|upkeep\n|turn|10\n|\n|t:|1700120496\n|move|p2a: Hatterene|Draining Kiss|p1a: Bisharp\n|-damage|p1a: Bisharp|66\/100 par\n|-heal|p2a: Hatterene|72\/100|[from] drain|[of] p1a: Bisharp\n|move|p1a: Bisharp|Substitute|p1a: Bisharp\n|-start|p1a: Bisharp|Substitute\n|-damage|p1a: Bisharp|41\/100 par\n|\n|upkeep\n|turn|11\n|\n|t:|1700120503\n|move|p2a: Hatterene|Draining Kiss|p1a: Bisharp\n|-end|p1a: Bisharp|Substitute\n|-heal|p2a: Hatterene|92\/100|[from] drain|[of] p1a: Bisharp\n|move|p1a: Bisharp|Swords Dance|p1a: Bisharp\n|-boost|p1a: Bisharp|atk|2\n|\n|upkeep\n|turn|12\n|\n|t:|1700120511\n|cant|p1a: Bisharp|par\n|move|p2a: Hatterene|Calm Mind|p2a: Hatterene\n|-boost|p2a: Hatterene|spa|1\n|-boost|p2a: Hatterene|spd|1\n|\n|upkeep\n|turn|13\n|\n|t:|1700120514\n|move|p1a: Bisharp|Sucker Punch|p2a: Hatterene\n|-damage|p2a: Hatterene|52\/100\n|move|p2a: Hatterene|Draining Kiss|p1a: Bisharp\n|-crit|p1a: Bisharp\n|-damage|p1a: Bisharp|0 fnt\n|-heal|p2a: Hatterene|84\/100|[from] drain|[of] p1a: Bisharp\n|faint|p1a: Bisharp\n|\n|upkeep\n|\n|t:|1700120523\n|switch|p1a: Garchomp|Garchomp, M|55\/100\n|turn|14\n|\n|t:|1700120527\n|move|p2a: Hatterene|Psyshock|p1a: Garchomp\n|-damage|p1a: Garchomp|10\/100\n|move|p1a: Garchomp|Dragon Tail|p2a: Hatterene\n|-damage|p2a: Hatterene|70\/100\n|drag|p2a: Zamazenta|Zamazenta|100\/100\n|-ability|p2a: Zamazenta|Dauntless Shield|boost\n|-boost|p2a: Zamazenta|def|1\n|\n|upkeep\n|turn|15\n|\n|t:|1700120537\n|move|p2a: Zamazenta|Crunch|p1a: Garchomp\n|-damage|p1a: Garchomp|0 fnt\n|-damage|p2a: Zamazenta|88\/100|[from] ability: Rough Skin|[of] p1a: Garchomp\n|-damage|p2a: Zamazenta|71\/100|[from] item: Rocky Helmet|[of] p1a: Garchomp\n|faint|p1a: Garchomp\n|\n|-heal|p2a: Zamazenta|78\/100|[from] item: Leftovers\n|upkeep\n|\n|t:|1700120548\n|switch|p1a: Iron Valiant|Iron Valiant|100\/100\n|-enditem|p1a: Iron Valiant|Booster Energy\n|-activate|p1a: Iron Valiant|ability: Quark Drive|[fromitem]\n|-start|p1a: Iron Valiant|quarkdrivespe\n|turn|16\n|\n|t:|1700120554\n|move|p1a: Iron Valiant|Moonblast|p2a: Zamazenta\n|-supereffective|p2a: Zamazenta\n|-damage|p2a: Zamazenta|0 fnt\n|faint|p2a: Zamazenta\n|\n|upkeep\n|\n|t:|1700120558\n|switch|p2a: Heatran|Heatran, F|100\/100\n|-item|p2a: Heatran|Air Balloon\n|turn|17\n|\n|t:|1700120562\n|move|p1a: Iron Valiant|Aura Sphere|p2a: Heatran\n|-supereffective|p2a: Heatran\n|-damage|p2a: Heatran|53\/100\n|-enditem|p2a: Heatran|Air Balloon\n|move|p2a: Heatran|Magma Storm|p1a: Iron Valiant\n|-damage|p1a: Iron Valiant|21\/100\n|-activate|p1a: Iron Valiant|move: Magma Storm|[of] p2a: Heatran\n|\n|-damage|p1a: Iron Valiant|9\/100|[from] move: Magma Storm|[partiallytrapped]\n|upkeep\n|turn|18\n|\n|t:|1700120575\n|move|p1a: Iron Valiant|Destiny Bond|p1a: Iron Valiant\n|-singlemove|p1a: Iron Valiant|Destiny Bond\n|move|p2a: Heatran|Will-O-Wisp|p1a: Iron Valiant\n|-status|p1a: Iron Valiant|brn\n|\n|-damage|p1a: Iron Valiant|3\/100 brn|[from] brn\n|-damage|p1a: Iron Valiant|0 fnt|[from] move: Magma Storm|[partiallytrapped]\n|faint|p1a: Iron Valiant\n|-end|p1a: Iron Valiant|Quark Drive|[silent]\n|upkeep\n|\n|t:|1700120589\n|switch|p1a: Dragapult|Dragapult, M|21\/100\n|turn|19\n|\n|t:|1700120595\n|move|p1a: Dragapult|Hydro Pump|p2a: Heatran\n|-supereffective|p2a: Heatran\n|-damage|p2a: Heatran|0 fnt\n|faint|p2a: Heatran\n|-damage|p1a: Dragapult|11\/100|[from] item: Life Orb\n|\n|upkeep\n|\n|t:|1700120598\n|switch|p2a: Rillaboom|Rillaboom, F|28\/100\n|-fieldstart|move: Grassy Terrain|[from] ability: Grassy Surge|[of] p2a: Rillaboom\n|turn|20\n|\n|t:|1700120602\n|switch|p1a: Mandibuzz|Mandibuzz, F|70\/100 par\n|move|p2a: Rillaboom|Grassy Glide|p1a: Mandibuzz\n|-resisted|p1a: Mandibuzz\n|-damage|p1a: Mandibuzz|49\/100 par\n|\n|-heal|p2a: Rillaboom|34\/100|[from] Grassy Terrain\n|upkeep\n|turn|21\n|\n|t:|1700120606\n|switch|p2a: Sneasler|Sneasler, F|100\/100\n|-enditem|p2a: Sneasler|Grassy Seed\n|-boost|p2a: Sneasler|def|1|[from] item: Grassy Seed\n|move|p1a: Mandibuzz|Roost|p1a: Mandibuzz\n|-heal|p1a: Mandibuzz|99\/100 par\n|-singleturn|p1a: Mandibuzz|move: Roost\n|\n|-heal|p1a: Mandibuzz|100\/100 par|[from] Grassy Terrain\n|upkeep\n|turn|22\n|\n|t:|1700120613\n|move|p2a: Sneasler|Dire Claw|p1a: Mandibuzz\n|-damage|p1a: Mandibuzz|68\/100 par\n|move|p1a: Mandibuzz|Foul Play|p2a: Sneasler\n|-resisted|p2a: Sneasler\n|-damage|p2a: Sneasler|70\/100\n|\n|-heal|p2a: Sneasler|77\/100|[from] Grassy Terrain\n|upkeep\n|turn|23\n|\n|t:|1700120621\n|move|p2a: Sneasler|Dire Claw|p1a: Mandibuzz\n|-damage|p1a: Mandibuzz|31\/100 par\n|move|p1a: Mandibuzz|Roost|p1a: Mandibuzz\n|-heal|p1a: Mandibuzz|82\/100 par\n|-singleturn|p1a: Mandibuzz|move: Roost\n|\n|-heal|p2a: Sneasler|83\/100|[from] Grassy Terrain\n|-heal|p1a: Mandibuzz|88\/100 par|[from] Grassy Terrain\n|upkeep\n|turn|24\n|\n|t:|1700120628\n|move|p2a: Sneasler|Dire Claw|p1a: Mandibuzz\n|-damage|p1a: Mandibuzz|54\/100 par\n|move|p1a: Mandibuzz|Foul Play|p2a: Sneasler\n|-resisted|p2a: Sneasler\n|-damage|p2a: Sneasler|56\/100\n|\n|-heal|p2a: Sneasler|62\/100|[from] Grassy Terrain\n|-fieldend|move: Grassy Terrain\n|upkeep\n|turn|25\n|\n|t:|1700120636\n|move|p2a: Sneasler|Swords Dance|p2a: Sneasler\n|-boost|p2a: Sneasler|atk|2\n|move|p1a: Mandibuzz|Foul Play|p2a: Sneasler\n|-resisted|p2a: Sneasler\n|-damage|p2a: Sneasler|5\/100\n|\n|upkeep\n|turn|26\n|\n|t:|1700120644\n|move|p2a: Sneasler|Close Combat|p1a: Mandibuzz\n|-damage|p1a: Mandibuzz|0 fnt\n|-unboost|p2a: Sneasler|def|1\n|-unboost|p2a: Sneasler|spd|1\n|faint|p1a: Mandibuzz\n|\n|upkeep\n|\n|t:|1700120648\n|switch|p1a: Kingambit|Kingambit, F|100\/100\n|-activate|p1a: Kingambit|ability: Supreme Overlord\n|-start|p1a: Kingambit|fallen4|[silent]\n|turn|27\n|\n|t:|1700120653\n|move|p1a: Kingambit|Sucker Punch||[still]\n|-fail|p1a: Kingambit\n|move|p2a: Sneasler|Swords Dance|p2a: Sneasler\n|-boost|p2a: Sneasler|atk|2\n|\n|upkeep\n|turn|28\n|\n|t:|1700120656\n|move|p1a: Kingambit|Sucker Punch||[still]\n|-fail|p1a: Kingambit\n|move|p2a: Sneasler|Swords Dance|p2a: Sneasler\n|-boost|p2a: Sneasler|atk|2\n|\n|upkeep\n|turn|29\n|\n|t:|1700120658\n|move|p1a: Kingambit|Sucker Punch||[still]\n|-fail|p1a: Kingambit\n|move|p2a: Sneasler|Swords Dance|p2a: Sneasler\n|-boost|p2a: Sneasler|atk|0\n|\n|upkeep\n|turn|30\n|\n|t:|1700120661\n|move|p2a: Sneasler|Close Combat|p1a: Kingambit\n|-supereffective|p1a: Kingambit\n|-damage|p1a: Kingambit|0 fnt\n|-unboost|p2a: Sneasler|def|1\n|-unboost|p2a: Sneasler|spd|1\n|faint|p1a: Kingambit\n|-end|p1a: Kingambit|fallen4|[silent]\n|\n|upkeep\n|-message|kaizen007 forfeited.\n|\n|win|Tando-Lee\n|raw|kaizen007's rating: 1304 &rarr; <strong>1290<\/strong><br \/>(-14 for losing)\n|raw|Tando-Lee's rating: 1413 &rarr; <strong>1427<\/strong><br \/>(+14 for winning)\n|l|\u2606kaizen007\n","uploadtime":1700120673,"views":19,"p1id":"kaizen007","p2id":"tandolee","formatid":"gen9ou","rating":1290,"private":0,"password":""}