{"id":"gen9ou-1991961217","p1":"AG10000","p2":"dddddannyboy","format":"[Gen 9] OU","log":"|j|\u2606AG10000\n|j|\u203ddddddannyboy\n|t:|1700142848\n|gametype|singles\n|player|p1|AG10000|dancer|1087\n|player|p2|dddddannyboy|cynthia|1156\n|teamsize|p1|6\n|teamsize|p2|6\n|gen|9\n|tier|[Gen 9] OU\n|rated|\n|rule|Sleep Clause Mod: Limit one foe put to sleep\n|rule|Species Clause: Limit one of each Pok\u00e9mon\n|rule|OHKO Clause: OHKO moves are banned\n|rule|Evasion Items Clause: Evasion items are banned\n|rule|Evasion Moves Clause: Evasion moves are banned\n|rule|Endless Battle Clause: Forcing endless battles is banned\n|rule|HP Percentage Mod: HP is shown in percentages\n|clearpoke\n|poke|p1|Charizard, M|\n|poke|p1|Ceruledge, M|\n|poke|p1|Yanmega, F|\n|poke|p1|Iron Valiant|\n|poke|p1|Walking Wake|\n|poke|p1|Torkoal, F|\n|poke|p2|Ribombee, F|\n|poke|p2|Gholdengo|\n|poke|p2|Manaphy|\n|poke|p2|Great Tusk|\n|poke|p2|Kingambit, F|\n|poke|p2|Iron Moth|\n|teampreview\n|inactive|Battle timer is ON: inactive players will automatically lose when time's up. (requested by AG10000)\n|\n|t:|1700142853\n|start\n|switch|p1a: Torkoal|Torkoal, F, shiny|100\/100\n|switch|p2a: Ribombee|Ribombee, F|100\/100\n|-weather|SunnyDay|[from] ability: Drought|[of] p1a: Torkoal\n|turn|1\n|\n|t:|1700142859\n|switch|p1a: Charizard|Charizard, M, shiny|100\/100\n|move|p2a: Ribombee|Sticky Web|p1a: Charizard\n|-sidestart|p1: AG10000|move: Sticky Web\n|\n|-weather|SunnyDay|[upkeep]\n|-damage|p1a: Charizard|88\/100|[from] ability: Solar Power|[of] p1a: Charizard\n|upkeep\n|turn|2\n|\n|t:|1700142873\n|move|p1a: Charizard|Weather Ball|p2a: Ribombee\n|-supereffective|p2a: Ribombee\n|-enditem|p2a: Ribombee|Focus Sash\n|-damage|p2a: Ribombee|1\/100\n|move|p2a: Ribombee|Stun Spore|p1a: Charizard\n|-status|p1a: Charizard|par\n|\n|-weather|SunnyDay|[upkeep]\n|-damage|p1a: Charizard|76\/100 par|[from] ability: Solar Power|[of] p1a: Charizard\n|upkeep\n|turn|3\n|\n|t:|1700142883\n|move|p2a: Ribombee|Moonblast|p1a: Charizard\n|-resisted|p1a: Charizard\n|-damage|p1a: Charizard|48\/100 par\n|move|p1a: Charizard|Weather Ball|p2a: Ribombee\n|-supereffective|p2a: Ribombee\n|-damage|p2a: Ribombee|0 fnt\n|faint|p2a: Ribombee\n|\n|-weather|SunnyDay|[upkeep]\n|-damage|p1a: Charizard|36\/100 par|[from] ability: Solar Power|[of] p1a: Charizard\n|upkeep\n|\n|t:|1700142896\n|switch|p2a: Iron Moth|Iron Moth|100\/100\n|-enditem|p2a: Iron Moth|Booster Energy\n|-activate|p2a: Iron Moth|ability: Quark Drive|[fromitem]\n|-start|p2a: Iron Moth|quarkdrivespe\n|turn|4\n|\n|t:|1700142902\n|move|p2a: Iron Moth|Sludge Wave|p1a: Charizard\n|-damage|p1a: Charizard|0 fnt\n|faint|p1a: Charizard\n|\n|-weather|SunnyDay|[upkeep]\n|upkeep\n|\n|t:|1700142906\n|switch|p1a: Torkoal|Torkoal, F, shiny|100\/100\n|-activate|p1a: Torkoal|move: Sticky Web\n|-unboost|p1a: Torkoal|spe|1\n|turn|5\n|\n|t:|1700142922\n|-end|p2a: Iron Moth|Quark Drive|[silent]\n|switch|p2a: Gholdengo|Gholdengo|100\/100\n|-item|p2a: Gholdengo|Air Balloon\n|move|p1a: Torkoal|Rapid Spin|p2a: Gholdengo\n|-immune|p2a: Gholdengo\n|\n|-weather|SunnyDay|[upkeep]\n|upkeep\n|turn|6\n|\n|t:|1700142933\n|switch|p1a: Yanmega|Yanmega, F, shiny|100\/100\n|-terastallize|p2a: Gholdengo|Water\n|move|p2a: Gholdengo|Nasty Plot|p2a: Gholdengo\n|-boost|p2a: Gholdengo|spa|2\n|\n|-weather|SunnyDay|[upkeep]\n|upkeep\n|turn|7\n|\n|t:|1700142939\n|move|p2a: Gholdengo|Shadow Ball|p1a: Yanmega\n|-damage|p1a: Yanmega|0 fnt\n|faint|p1a: Yanmega\n|\n|-weather|SunnyDay|[upkeep]\n|upkeep\n|\n|t:|1700142944\n|switch|p1a: Torkoal|Torkoal, F, shiny|100\/100\n|-activate|p1a: Torkoal|move: Sticky Web\n|-unboost|p1a: Torkoal|spe|1\n|turn|8\n|\n|t:|1700142949\n|move|p2a: Gholdengo|Shadow Ball|p1a: Torkoal\n|-damage|p1a: Torkoal|0 fnt\n|faint|p1a: Torkoal\n|\n|-weather|none\n|upkeep\n|\n|t:|1700142970\n|switch|p1a: Iron Valiant|Iron Valiant, shiny|100\/100\n|-activate|p1a: Iron Valiant|move: Sticky Web\n|-unboost|p1a: Iron Valiant|spe|1\n|turn|9\n|\n|t:|1700142982\n|move|p2a: Gholdengo|Make It Rain|p1a: Iron Valiant\n|-supereffective|p1a: Iron Valiant\n|-damage|p1a: Iron Valiant|0 fnt\n|-unboost|p2a: Gholdengo|spa|1\n|faint|p1a: Iron Valiant\n|-end|p1a: Iron Valiant|Quark Drive|[silent]\n|\n|upkeep\n|\n|t:|1700142989\n|switch|p1a: Walking Wake|Walking Wake|100\/100\n|-activate|p1a: Walking Wake|move: Sticky Web\n|-unboost|p1a: Walking Wake|spe|1\n|turn|10\n|\n|t:|1700142995\n|move|p1a: Walking Wake|Hydro Steam|p2a: Gholdengo\n|-resisted|p2a: Gholdengo\n|-damage|p2a: Gholdengo|78\/100\n|-enditem|p2a: Gholdengo|Air Balloon\n|move|p2a: Gholdengo|Shadow Ball|p1a: Walking Wake\n|-damage|p1a: Walking Wake|29\/100\n|-unboost|p1a: Walking Wake|spd|1\n|\n|upkeep\n|turn|11\n|l|\u2606AG10000\n|inactive|AG10000 disconnected and has a minute to reconnect!\n|player|p1|\n|inactive|AG10000 has 30 seconds to reconnect!\n|inactive|AG10000 has 20 seconds to reconnect!\n|inactive|AG10000 has 15 seconds to reconnect!\n|inactive|AG10000 has 10 seconds to reconnect!\n|inactive|AG10000 has 5 seconds to reconnect!\n|-message|AG10000 lost due to inactivity.\n|\n|win|dddddannyboy\n|raw|AG10000's rating: 1087 &rarr; <strong>1068<\/strong><br \/>(-19 for losing)\n|raw|dddddannyboy's rating: 1156 &rarr; <strong>1176<\/strong><br \/>(+20 for winning)\n","uploadtime":1700143084,"views":14,"p1id":"ag10000","p2id":"dddddannyboy","formatid":"gen9ou","rating":1068,"private":0,"password":""}