{"id":"gen9ou-1989343961","p1":"andrewtb491","p2":"A real wizard","format":"[Gen 9] OU","log":"|j|\u2606andrewtb491\n|j|\u2606A real wizard\n|t:|1699838716\n|gametype|singles\n|player|p1|andrewtb491|1|1396\n|player|p2|A real wizard|janitor|1390\n|teamsize|p1|6\n|teamsize|p2|6\n|gen|9\n|tier|[Gen 9] OU\n|rated|\n|rule|Sleep Clause Mod: Limit one foe put to sleep\n|rule|Species Clause: Limit one of each Pok\u00e9mon\n|rule|OHKO Clause: OHKO moves are banned\n|rule|Evasion Items Clause: Evasion items are banned\n|rule|Evasion Moves Clause: Evasion moves are banned\n|rule|Endless Battle Clause: Forcing endless battles is banned\n|rule|HP Percentage Mod: HP is shown in percentages\n|clearpoke\n|poke|p1|Cinderace, M|\n|poke|p1|Dragapult, M|\n|poke|p1|Landorus-Therian, M|\n|poke|p1|Milotic, M|\n|poke|p1|Weezing-Galar, M|\n|poke|p1|Zamazenta-*|\n|poke|p2|Gholdengo|\n|poke|p2|Ting-Lu|\n|poke|p2|Rillaboom, M|\n|poke|p2|Samurott-Hisui, F|\n|poke|p2|Dragonite, M|\n|poke|p2|Enamorus, F|\n|teampreview\n|\n|t:|1699838735\n|start\n|switch|p1a: Dragapult|Dragapult, M|100\/100\n|switch|p2a: Enamorus|Enamorus, F|100\/100\n|turn|1\n|\n|t:|1699838743\n|move|p1a: Dragapult|U-turn|p2a: Enamorus\n|-resisted|p2a: Enamorus\n|-damage|p2a: Enamorus|94\/100\n|\n|t:|1699838751\n|switch|p1a: Weezing|Weezing-Galar, M|100\/100|[from] U-turn\n|move|p2a: Enamorus|Substitute|p2a: Enamorus\n|-start|p2a: Enamorus|Substitute\n|-damage|p2a: Enamorus|69\/100\n|\n|upkeep\n|turn|2\n|\n|t:|1699838759\n|move|p2a: Enamorus|Calm Mind|p2a: Enamorus\n|-boost|p2a: Enamorus|spa|1\n|-boost|p2a: Enamorus|spd|1\n|move|p1a: Weezing|Sludge Bomb|p2a: Enamorus\n|-supereffective|p2a: Enamorus\n|-end|p2a: Enamorus|Substitute\n|\n|upkeep\n|turn|3\n|\n|t:|1699838770\n|switch|p2a: Gholdengo|Gholdengo|100\/100\n|-item|p2a: Gholdengo|Air Balloon\n|move|p1a: Weezing|Sludge Bomb|p2a: Gholdengo\n|-immune|p2a: Gholdengo\n|\n|upkeep\n|turn|4\n|\n|t:|1699838778\n|switch|p1a: Milotic|Milotic, M|100\/100\n|move|p2a: Gholdengo|Make It Rain|p1a: Milotic\n|-resisted|p1a: Milotic\n|-damage|p1a: Milotic|82\/100\n|-unboost|p2a: Gholdengo|spa|1\n|\n|-heal|p1a: Milotic|88\/100|[from] item: Leftovers\n|upkeep\n|turn|5\n|\n|t:|1699838788\n|switch|p2a: Rillaboom|Rillaboom, M|100\/100\n|-fieldstart|move: Grassy Terrain|[from] ability: Grassy Surge|[of] p2a: Rillaboom\n|move|p1a: Milotic|Scald|p2a: Rillaboom\n|-resisted|p2a: Rillaboom\n|-damage|p2a: Rillaboom|85\/100\n|-status|p2a: Rillaboom|brn\n|\n|-heal|p2a: Rillaboom|91\/100 brn|[from] Grassy Terrain\n|-heal|p1a: Milotic|94\/100|[from] Grassy Terrain\n|-heal|p1a: Milotic|100\/100|[from] item: Leftovers\n|-damage|p2a: Rillaboom|85\/100 brn|[from] brn\n|upkeep\n|turn|6\n|\n|t:|1699838805\n|switch|p1a: Landorus|Landorus-Therian, M|100\/100\n|-ability|p1a: Landorus|Intimidate|boost\n|-unboost|p2a: Rillaboom|atk|1\n|move|p2a: Rillaboom|Knock Off|p1a: Landorus\n|-damage|p1a: Landorus|86\/100\n|-damage|p2a: Rillaboom|69\/100 brn|[from] item: Rocky Helmet|[of] p1a: Landorus\n|-enditem|p1a: Landorus|Rocky Helmet|[from] move: Knock Off|[of] p2a: Rillaboom\n|\n|-heal|p2a: Rillaboom|75\/100 brn|[from] Grassy Terrain\n|-damage|p2a: Rillaboom|69\/100 brn|[from] brn\n|upkeep\n|turn|7\n|\n|t:|1699838819\n|switch|p2a: Ting-Lu|Ting-Lu|100\/100\n|-ability|p2a: Ting-Lu|Vessel of Ruin\n|move|p1a: Landorus|U-turn|p2a: Ting-Lu\n|-supereffective|p2a: Ting-Lu\n|-damage|p2a: Ting-Lu|77\/100\n|\n|t:|1699838832\n|switch|p1a: Milotic|Milotic, M|100\/100|[from] U-turn\n|\n|-heal|p2a: Ting-Lu|83\/100|[from] Grassy Terrain\n|-heal|p2a: Ting-Lu|89\/100|[from] item: Leftovers\n|upkeep\n|turn|8\n|\n|t:|1699838838\n|move|p1a: Milotic|Scald|p2a: Ting-Lu\n|-supereffective|p2a: Ting-Lu\n|-damage|p2a: Ting-Lu|65\/100\n|move|p2a: Ting-Lu|Stealth Rock|p1a: Milotic\n|-sidestart|p1: andrewtb491|move: Stealth Rock\n|\n|-heal|p2a: Ting-Lu|71\/100|[from] Grassy Terrain\n|-heal|p2a: Ting-Lu|77\/100|[from] item: Leftovers\n|upkeep\n|turn|9\n|\n|t:|1699838865\n|switch|p2a: Rillaboom|Rillaboom, M|69\/100 brn\n|move|p1a: Milotic|Ice Beam|p2a: Rillaboom\n|-supereffective|p2a: Rillaboom\n|-damage|p2a: Rillaboom|26\/100 brn\n|\n|-heal|p2a: Rillaboom|32\/100 brn|[from] Grassy Terrain\n|-damage|p2a: Rillaboom|26\/100 brn|[from] brn\n|-fieldend|move: Grassy Terrain\n|upkeep\n|turn|10\n|\n|t:|1699838874\n|switch|p1a: Landorus|Landorus-Therian, M|86\/100\n|-damage|p1a: Landorus|74\/100|[from] Stealth Rock\n|-ability|p1a: Landorus|Intimidate|boost\n|-unboost|p2a: Rillaboom|atk|1\n|move|p2a: Rillaboom|Knock Off|p1a: Landorus\n|-damage|p1a: Landorus|63\/100\n|\n|-damage|p2a: Rillaboom|20\/100 brn|[from] brn\n|upkeep\n|turn|11\n|\n|t:|1699838884\n|switch|p2a: Enamorus|Enamorus, F|69\/100\n|move|p1a: Landorus|U-turn|p2a: Enamorus\n|-resisted|p2a: Enamorus\n|-damage|p2a: Enamorus|60\/100\n|-start|p1a: Landorus|Attract|[from] ability: Cute Charm|[of] p2a: Enamorus\n|\n|t:|1699838890\n|switch|p1a: Cinderace|Cinderace, M|100\/100|[from] U-turn\n|\n|upkeep\n|turn|12\n|\n|t:|1699838896\n|switch|p2a: Ting-Lu|Ting-Lu|77\/100\n|-ability|p2a: Ting-Lu|Vessel of Ruin\n|move|p1a: Cinderace|Pyro Ball|p2a: Ting-Lu|[miss]\n|-miss|p1a: Cinderace|p2a: Ting-Lu\n|\n|-heal|p2a: Ting-Lu|83\/100|[from] item: Leftovers\n|upkeep\n|turn|13\n|\n|t:|1699838908\n|move|p1a: Cinderace|Will-O-Wisp|p2a: Ting-Lu\n|-status|p2a: Ting-Lu|brn\n|move|p2a: Ting-Lu|Whirlwind|p1a: Cinderace\n|drag|p1a: Landorus|Landorus-Therian, M|63\/100\n|-damage|p1a: Landorus|51\/100|[from] Stealth Rock\n|-ability|p1a: Landorus|Intimidate|boost\n|-unboost|p2a: Ting-Lu|atk|1\n|\n|-heal|p2a: Ting-Lu|90\/100 brn|[from] item: Leftovers\n|-damage|p2a: Ting-Lu|83\/100 brn|[from] brn\n|upkeep\n|turn|14\n|\n|t:|1699838920\n|move|p1a: Landorus|Taunt|p2a: Ting-Lu\n|-start|p2a: Ting-Lu|move: Taunt\n|cant|p2a: Ting-Lu|move: Taunt|Whirlwind\n|\n|-heal|p2a: Ting-Lu|90\/100 brn|[from] item: Leftovers\n|-damage|p2a: Ting-Lu|83\/100 brn|[from] brn\n|upkeep\n|turn|15\n|\n|t:|1699838927\n|move|p1a: Landorus|U-turn|p2a: Ting-Lu\n|-supereffective|p2a: Ting-Lu\n|-damage|p2a: Ting-Lu|60\/100 brn\n|\n|t:|1699838929\n|switch|p1a: Milotic|Milotic, M|100\/100|[from] U-turn\n|-damage|p1a: Milotic|88\/100|[from] Stealth Rock\n|move|p2a: Ting-Lu|Body Press|p1a: Milotic\n|-damage|p1a: Milotic|72\/100\n|\n|-heal|p1a: Milotic|78\/100|[from] item: Leftovers\n|-heal|p2a: Ting-Lu|66\/100 brn|[from] item: Leftovers\n|-damage|p2a: Ting-Lu|60\/100 brn|[from] brn\n|upkeep\n|turn|16\n|\n|t:|1699838947\n|switch|p2a: Samurott|Samurott-Hisui, F|100\/100\n|move|p1a: Milotic|Scald|p2a: Samurott\n|-resisted|p2a: Samurott\n|-damage|p2a: Samurott|82\/100\n|-status|p2a: Samurott|brn\n|\n|-heal|p1a: Milotic|84\/100|[from] item: Leftovers\n|-damage|p2a: Samurott|76\/100 brn|[from] brn\n|upkeep\n|turn|17\n|\n|t:|1699838965\n|move|p2a: Samurott|Ceaseless Edge|p1a: Milotic|[miss]\n|-miss|p2a: Samurott|p1a: Milotic\n|move|p1a: Milotic|Scald|p2a: Samurott\n|-resisted|p2a: Samurott\n|-damage|p2a: Samurott|56\/100 brn\n|\n|-heal|p1a: Milotic|91\/100|[from] item: Leftovers\n|-damage|p2a: Samurott|50\/100 brn|[from] brn\n|upkeep\n|turn|18\n|\n|t:|1699838973\n|move|p2a: Samurott|Ceaseless Edge|p1a: Milotic\n|-damage|p1a: Milotic|62\/100\n|-sidestart|p1: andrewtb491|Spikes\n|move|p1a: Milotic|Scald|p2a: Samurott\n|-resisted|p2a: Samurott\n|-damage|p2a: Samurott|30\/100 brn\n|\n|-heal|p1a: Milotic|68\/100|[from] item: Leftovers\n|-damage|p2a: Samurott|24\/100 brn|[from] brn\n|upkeep\n|turn|19\n|\n|t:|1699838982\n|move|p2a: Samurott|Ceaseless Edge|p1a: Milotic\n|-damage|p1a: Milotic|38\/100\n|-sidestart|p1: andrewtb491|Spikes\n|move|p1a: Milotic|Recover|p1a: Milotic\n|-heal|p1a: Milotic|88\/100\n|\n|-heal|p1a: Milotic|94\/100|[from] item: Leftovers\n|-damage|p2a: Samurott|18\/100 brn|[from] brn\n|upkeep\n|turn|20\n|\n|t:|1699839000\n|switch|p2a: Rillaboom|Rillaboom, M|20\/100 brn\n|-fieldstart|move: Grassy Terrain|[from] ability: Grassy Surge|[of] p2a: Rillaboom\n|move|p1a: Milotic|Scald|p2a: Rillaboom\n|-resisted|p2a: Rillaboom\n|-damage|p2a: Rillaboom|5\/100 brn\n|\n|-heal|p2a: Rillaboom|12\/100 brn|[from] Grassy Terrain\n|-heal|p1a: Milotic|99\/100|[from] Grassy Terrain\n|-heal|p1a: Milotic|100\/100|[from] item: Leftovers\n|-damage|p2a: Rillaboom|5\/100 brn|[from] brn\n|upkeep\n|turn|21\n|\n|t:|1699839014\n|switch|p1a: Cinderace|Cinderace, M|100\/100\n|move|p2a: Rillaboom|Knock Off|p1a: Cinderace\n|-damage|p1a: Cinderace|62\/100\n|-enditem|p1a: Cinderace|Heavy-Duty Boots|[from] move: Knock Off|[of] p2a: Rillaboom\n|\n|-heal|p1a: Cinderace|68\/100|[from] Grassy Terrain\n|-heal|p2a: Rillaboom|12\/100 brn|[from] Grassy Terrain\n|-damage|p2a: Rillaboom|5\/100 brn|[from] brn\n|upkeep\n|turn|22\n|\n|t:|1699839035\n|switch|p2a: Dragonite|Dragonite, M|100\/100\n|move|p1a: Cinderace|Court Change|p1a: Cinderace\n|-start|p1a: Cinderace|typechange|Normal|[from] ability: Libero\n|-swapsideconditions\n|-activate|p1a: Cinderace|move: Court Change\n|\n|-heal|p1a: Cinderace|74\/100|[from] Grassy Terrain\n|upkeep\n|turn|23\n|\n|t:|1699839043\n|-terastallize|p2a: Dragonite|Normal\n|move|p2a: Dragonite|Extreme Speed|p1a: Cinderace\n|-damage|p1a: Cinderace|0 fnt\n|faint|p1a: Cinderace\n|\n|upkeep\n|\n|t:|1699839049\n|switch|p1a: Weezing|Weezing-Galar, M|100\/100\n|turn|24\n|\n|t:|1699839066\n|switch|p2a: Ting-Lu|Ting-Lu|60\/100 brn\n|-damage|p2a: Ting-Lu|53\/100 brn|[from] Stealth Rock\n|-damage|p2a: Ting-Lu|37\/100 brn|[from] Spikes\n|-ability|p2a: Ting-Lu|Vessel of Ruin\n|move|p1a: Weezing|Will-O-Wisp|p2a: Ting-Lu\n|-fail|p2a: Ting-Lu|brn\n|\n|-heal|p2a: Ting-Lu|43\/100 brn|[from] Grassy Terrain\n|-heal|p2a: Ting-Lu|49\/100 brn|[from] item: Leftovers\n|-damage|p2a: Ting-Lu|43\/100 brn|[from] brn\n|-fieldend|move: Grassy Terrain\n|upkeep\n|turn|25\n|\n|t:|1699839079\n|move|p1a: Weezing|Strange Steam|p2a: Ting-Lu\n|-supereffective|p2a: Ting-Lu\n|-damage|p2a: Ting-Lu|20\/100 brn\n|move|p2a: Ting-Lu|Stealth Rock|p1a: Weezing\n|-sidestart|p1: andrewtb491|move: Stealth Rock\n|\n|-heal|p2a: Ting-Lu|26\/100 brn|[from] item: Leftovers\n|-damage|p2a: Ting-Lu|20\/100 brn|[from] brn\n|upkeep\n|turn|26\n|\n|t:|1699839106\n|move|p1a: Weezing|Strange Steam|p2a: Ting-Lu\n|-supereffective|p2a: Ting-Lu\n|-damage|p2a: Ting-Lu|0 fnt\n|faint|p2a: Ting-Lu\n|\n|upkeep\n|\n|t:|1699839113\n|switch|p2a: Samurott|Samurott-Hisui, F|18\/100 brn\n|turn|27\n|\n|t:|1699839120\n|move|p2a: Samurott|Ceaseless Edge|p1a: Weezing\n|-resisted|p1a: Weezing\n|-damage|p1a: Weezing|91\/100\n|-sidestart|p1: andrewtb491|Spikes\n|move|p1a: Weezing|Sludge Bomb|p2a: Samurott\n|-damage|p2a: Samurott|0 fnt\n|faint|p2a: Samurott\n|\n|-heal|p1a: Weezing|97\/100|[from] item: Leftovers\n|upkeep\n|\n|t:|1699839135\n|switch|p2a: Gholdengo|Gholdengo|100\/100\n|-damage|p2a: Gholdengo|94\/100|[from] Stealth Rock\n|-item|p2a: Gholdengo|Air Balloon\n|turn|28\n|\n|t:|1699839146\n|switch|p1a: Milotic|Milotic, M|100\/100\n|-damage|p1a: Milotic|88\/100|[from] Stealth Rock\n|-damage|p1a: Milotic|76\/100|[from] Spikes\n|move|p2a: Gholdengo|Nasty Plot|p2a: Gholdengo\n|-boost|p2a: Gholdengo|spa|2\n|\n|-heal|p1a: Milotic|82\/100|[from] item: Leftovers\n|upkeep\n|turn|29\n|\n|t:|1699839162\n|move|p2a: Gholdengo|Shadow Ball|p1a: Milotic\n|-damage|p1a: Milotic|36\/100\n|move|p1a: Milotic|Haze|p1a: Milotic\n|-clearallboost\n|\n|-heal|p1a: Milotic|42\/100|[from] item: Leftovers\n|upkeep\n|turn|30\n|\n|t:|1699839170\n|move|p2a: Gholdengo|Nasty Plot|p2a: Gholdengo\n|-boost|p2a: Gholdengo|spa|2\n|move|p1a: Milotic|Recover|p1a: Milotic\n|-heal|p1a: Milotic|92\/100\n|\n|-heal|p1a: Milotic|98\/100|[from] item: Leftovers\n|upkeep\n|turn|31\n|\n|t:|1699839178\n|move|p2a: Gholdengo|Shadow Ball|p1a: Milotic\n|-damage|p1a: Milotic|51\/100\n|-unboost|p1a: Milotic|spd|1\n|move|p1a: Milotic|Scald|p2a: Gholdengo\n|-crit|p2a: Gholdengo\n|-damage|p2a: Gholdengo|57\/100\n|-enditem|p2a: Gholdengo|Air Balloon\n|\n|-heal|p1a: Milotic|57\/100|[from] item: Leftovers\n|upkeep\n|turn|32\n|\n|t:|1699839207\n|switch|p1a: Landorus|Landorus-Therian, M|51\/100\n|-damage|p1a: Landorus|39\/100|[from] Stealth Rock\n|-ability|p1a: Landorus|Intimidate|boost\n|-unboost|p2a: Gholdengo|atk|1\n|move|p2a: Gholdengo|Shadow Ball|p1a: Landorus\n|-damage|p1a: Landorus|0 fnt\n|faint|p1a: Landorus\n|\n|upkeep\n|\n|t:|1699839216\n|switch|p1a: Dragapult|Dragapult, M|100\/100\n|-damage|p1a: Dragapult|88\/100|[from] Stealth Rock\n|-damage|p1a: Dragapult|76\/100|[from] Spikes\n|turn|33\n|\n|t:|1699839230\n|move|p1a: Dragapult|Shadow Ball|p2a: Gholdengo\n|-supereffective|p2a: Gholdengo\n|-crit|p2a: Gholdengo\n|-damage|p2a: Gholdengo|0 fnt\n|faint|p2a: Gholdengo\n|\n|upkeep\n|\n|t:|1699839239\n|switch|p2a: Rillaboom|Rillaboom, M|5\/100 brn\n|-damage|p2a: Rillaboom|0 fnt|[from] Stealth Rock\n|faint|p2a: Rillaboom\n|\n|t:|1699839243\n|switch|p2a: Enamorus|Enamorus, F|60\/100\n|turn|34\n|\n|t:|1699839250\n|-terastallize|p1a: Dragapult|Ghost\n|move|p1a: Dragapult|Shadow Ball|p2a: Enamorus\n|-damage|p2a: Enamorus|0 fnt\n|faint|p2a: Enamorus\n|\n|upkeep\n|-message|A real wizard forfeited.\n|\n|win|andrewtb491\n|raw|andrewtb491's rating: 1396 &rarr; <strong>1416<\/strong><br \/>(+20 for winning)\n|raw|A real wizard's rating: 1390 &rarr; <strong>1370<\/strong><br \/>(-20 for losing)\n|l|\u2606A real wizard\n","uploadtime":1699839264,"views":18,"p1id":"andrewtb491","p2id":"arealwizard","formatid":"gen9ou","rating":1370,"private":0,"password":""}