{"id":"gen9ou-1995304336","p1":"llxcjghxgk","p2":"CorruptTempest","format":"[Gen 9] OU","log":"|j|\u2606llxcjghxgk\n|j|\u2606CorruptTempest\n|t:|1700550297\n|gametype|singles\n|player|p1|llxcjghxgk|265|1132\n|player|p2|CorruptTempest|guitarist|1000\n|teamsize|p1|6\n|teamsize|p2|6\n|gen|9\n|tier|[Gen 9] OU\n|rated|\n|rule|Sleep Clause Mod: Limit one foe put to sleep\n|rule|Species Clause: Limit one of each Pok\u00e9mon\n|rule|OHKO Clause: OHKO moves are banned\n|rule|Evasion Items Clause: Evasion items are banned\n|rule|Evasion Moves Clause: Evasion moves are banned\n|rule|Endless Battle Clause: Forcing endless battles is banned\n|rule|HP Percentage Mod: HP is shown in percentages\n|clearpoke\n|poke|p1|Ceruledge, M|\n|poke|p1|Greninja-*, M|\n|poke|p1|Drifblim, M|\n|poke|p1|Zamazenta-*|\n|poke|p1|Ribombee, M|\n|poke|p1|Lurantis, M|\n|poke|p2|Ribombee, F|\n|poke|p2|Manaphy|\n|poke|p2|Kingambit, M|\n|poke|p2|Great Tusk|\n|poke|p2|Iron Moth|\n|poke|p2|Gholdengo|\n|teampreview\n|\n|t:|1700550306\n|start\n|switch|p1a: Greninja|Greninja, M|100\/100\n|switch|p2a: Ribombee|Ribombee, F|100\/100\n|turn|1\n|\n|t:|1700550315\n|-terastallize|p2a: Ribombee|Ghost\n|move|p2a: Ribombee|Sticky Web|p1a: Greninja\n|-sidestart|p1: llxcjghxgk|move: Sticky Web\n|move|p1a: Greninja|Hydro Cannon|p2a: Ribombee\n|-enditem|p2a: Ribombee|Focus Sash\n|-damage|p2a: Ribombee|1\/100\n|-mustrecharge|p1a: Greninja\n|\n|upkeep\n|turn|2\n|\n|t:|1700550325\n|move|p2a: Ribombee|Stun Spore|p1a: Greninja|[miss]\n|-miss|p2a: Ribombee|p1a: Greninja\n|cant|p1a: Greninja|recharge\n|\n|upkeep\n|turn|3\n|\n|t:|1700550333\n|move|p2a: Ribombee|Moonblast|p1a: Greninja\n|-supereffective|p1a: Greninja\n|-crit|p1a: Greninja\n|-enditem|p1a: Greninja|Focus Sash\n|-damage|p1a: Greninja|1\/100\n|-unboost|p1a: Greninja|spa|1\n|move|p1a: Greninja|Ice Beam|p2a: Ribombee\n|-damage|p2a: Ribombee|0 fnt\n|faint|p2a: Ribombee\n|-ability|p1a: Greninja|Battle Bond|boost\n|-boost|p1a: Greninja|atk|1\n|-boost|p1a: Greninja|spa|1\n|-boost|p1a: Greninja|spe|1\n|-activate|p1a: Greninja|ability: Battle Bond\n|\n|upkeep\n|\n|t:|1700550352\n|switch|p2a: Manaphy|Manaphy|100\/100\n|turn|4\n|\n|t:|1700550360\n|move|p1a: Greninja|Dark Pulse|p2a: Manaphy\n|-damage|p2a: Manaphy|66\/100\n|move|p2a: Manaphy|Take Heart|p2a: Manaphy\n|-boost|p2a: Manaphy|spa|1\n|-boost|p2a: Manaphy|spd|1\n|\n|-heal|p2a: Manaphy|72\/100|[from] item: Leftovers\n|upkeep\n|turn|5\n|\n|t:|1700550393\n|move|p1a: Greninja|Dark Pulse|p2a: Manaphy\n|-damage|p2a: Manaphy|50\/100\n|move|p2a: Manaphy|Take Heart|p2a: Manaphy\n|-boost|p2a: Manaphy|spa|1\n|-boost|p2a: Manaphy|spd|1\n|\n|-heal|p2a: Manaphy|57\/100|[from] item: Leftovers\n|upkeep\n|turn|6\n|-message|llxcjghxgk forfeited.\n|\n|win|CorruptTempest\n|raw|llxcjghxgk's rating: 1113 &rarr; <strong>1080<\/strong><br \/>(-33 for losing)\n|raw|CorruptTempest's rating: 1000 &rarr; <strong>1053<\/strong><br \/>(+53 for winning)\n|l|\u2606llxcjghxgk\n","uploadtime":1700550413,"views":3,"p1id":"llxcjghxgk","p2id":"corrupttempest","formatid":"gen9ou","rating":1053,"private":0,"password":""}