{"id":"gen9ou-1994711961","p1":"thepisslizard","p2":"yellowy light","format":"[Gen 9] OU","log":"|j|\u2606thepisslizard\n|j|\u2606yellowy light\n|t:|1700484463\n|gametype|singles\n|player|p1|thepisslizard|102|1209\n|player|p2|yellowy light|zinnia|1215\n|teamsize|p1|6\n|teamsize|p2|6\n|gen|9\n|tier|[Gen 9] OU\n|rated|\n|rule|Sleep Clause Mod: Limit one foe put to sleep\n|rule|Species Clause: Limit one of each Pok\u00e9mon\n|rule|OHKO Clause: OHKO moves are banned\n|rule|Evasion Items Clause: Evasion items are banned\n|rule|Evasion Moves Clause: Evasion moves are banned\n|rule|Endless Battle Clause: Forcing endless battles is banned\n|rule|HP Percentage Mod: HP is shown in percentages\n|clearpoke\n|poke|p1|Gholdengo|\n|poke|p1|Dragapult, M|\n|poke|p1|Clodsire, F|\n|poke|p1|Zapdos|\n|poke|p1|Conkeldurr, M|\n|poke|p1|Okidogi, M|\n|poke|p2|Torkoal, F|\n|poke|p2|Walking Wake|\n|poke|p2|Great Tusk|\n|poke|p2|Ceruledge, M|\n|poke|p2|Kingambit, F|\n|poke|p2|Enamorus, F|\n|teampreview\n|\n|t:|1700484474\n|start\n|switch|p1a: Clodsire|Clodsire, F|100\/100\n|switch|p2a: Torkoal|Torkoal, F|100\/100\n|-weather|SunnyDay|[from] ability: Drought|[of] p2a: Torkoal\n|turn|1\n|\n|t:|1700484494\n|move|p1a: Clodsire|Earthquake|p2a: Torkoal\n|-supereffective|p2a: Torkoal\n|-damage|p2a: Torkoal|60\/100\n|move|p2a: Torkoal|Stealth Rock|p1a: Clodsire\n|-sidestart|p1: thepisslizard|move: Stealth Rock\n|\n|-weather|SunnyDay|[upkeep]\n|upkeep\n|turn|2\n|\n|t:|1700484505\n|switch|p2a: Great Tusk|Great Tusk|100\/100\n|-activate|p2a: Great Tusk|ability: Protosynthesis\n|-start|p2a: Great Tusk|protosynthesisspe\n|move|p1a: Clodsire|Earthquake|p2a: Great Tusk\n|-damage|p2a: Great Tusk|81\/100\n|\n|-weather|SunnyDay|[upkeep]\n|upkeep\n|turn|3\n|\n|t:|1700484515\n|switch|p1a: Zapdos|Zapdos|100\/100\n|move|p2a: Great Tusk|Bulk Up|p2a: Great Tusk\n|-boost|p2a: Great Tusk|atk|1\n|-boost|p2a: Great Tusk|def|1\n|\n|-weather|SunnyDay|[upkeep]\n|upkeep\n|turn|4\n|\n|t:|1700484522\n|move|p2a: Great Tusk|Ice Spinner|p1a: Zapdos\n|-supereffective|p1a: Zapdos\n|-damage|p1a: Zapdos|19\/100\n|-status|p2a: Great Tusk|par|[from] ability: Static|[of] p1a: Zapdos\n|move|p1a: Zapdos|Hurricane|p2a: Great Tusk\n|-supereffective|p2a: Great Tusk\n|-damage|p2a: Great Tusk|0 fnt\n|faint|p2a: Great Tusk\n|-end|p2a: Great Tusk|Protosynthesis|[silent]\n|\n|-weather|SunnyDay|[upkeep]\n|upkeep\n|inactive|Battle timer is ON: inactive players will automatically lose when time's up. (requested by thepisslizard)\n|\n|t:|1700484573\n|switch|p2a: Ceruledge|Ceruledge, M|100\/100\n|turn|5\n|\n|t:|1700484577\n|move|p2a: Ceruledge|Shadow Sneak|p1a: Zapdos\n|-damage|p1a: Zapdos|0 fnt\n|-status|p2a: Ceruledge|par|[from] ability: Static|[of] p1a: Zapdos\n|faint|p1a: Zapdos\n|\n|-weather|SunnyDay|[upkeep]\n|upkeep\n|\n|t:|1700484585\n|switch|p1a: Okidogi|Okidogi, M|100\/100\n|-damage|p1a: Okidogi|94\/100|[from] Stealth Rock\n|turn|6\n|\n|t:|1700484607\n|move|p1a: Okidogi|Knock Off|p2a: Ceruledge\n|-supereffective|p2a: Ceruledge\n|-enditem|p2a: Ceruledge|Focus Sash\n|-damage|p2a: Ceruledge|1\/100 par\n|-ability|p2a: Ceruledge|Weak Armor|boost\n|-unboost|p2a: Ceruledge|def|1\n|-boost|p2a: Ceruledge|spe|2\n|move|p2a: Ceruledge|Bitter Blade|p1a: Okidogi\n|-damage|p1a: Okidogi|37\/100\n|-heal|p2a: Ceruledge|39\/100 par|[from] drain|[of] p1a: Okidogi\n|\n|-weather|SunnyDay|[upkeep]\n|-heal|p1a: Okidogi|43\/100|[from] item: Leftovers\n|upkeep\n|turn|7\n|\n|t:|1700484620\n|move|p2a: Ceruledge|Shadow Sneak|p1a: Okidogi\n|-damage|p1a: Okidogi|24\/100\n|move|p1a: Okidogi|Knock Off|p2a: Ceruledge\n|-supereffective|p2a: Ceruledge\n|-damage|p2a: Ceruledge|0 fnt\n|faint|p2a: Ceruledge\n|\n|-weather|SunnyDay|[upkeep]\n|-heal|p1a: Okidogi|30\/100|[from] item: Leftovers\n|upkeep\n|\n|t:|1700484628\n|switch|p2a: Walking Wake|Walking Wake|100\/100\n|-activate|p2a: Walking Wake|ability: Protosynthesis\n|-start|p2a: Walking Wake|protosynthesisspe\n|turn|8\n|\n|t:|1700484641\n|move|p1a: Okidogi|Protect|p1a: Okidogi\n|-singleturn|p1a: Okidogi|Protect\n|move|p2a: Walking Wake|Dragon Pulse|p1a: Okidogi\n|-activate|p1a: Okidogi|move: Protect\n|\n|-weather|none\n|-end|p2a: Walking Wake|Protosynthesis\n|-heal|p1a: Okidogi|37\/100|[from] item: Leftovers\n|upkeep\n|turn|9\n|\n|t:|1700484652\n|-end|p2a: Walking Wake|Protosynthesis|[silent]\n|switch|p2a: Torkoal|Torkoal, F|60\/100\n|-weather|SunnyDay|[from] ability: Drought|[of] p2a: Torkoal\n|move|p1a: Okidogi|Drain Punch|p2a: Torkoal\n|-damage|p2a: Torkoal|32\/100\n|-heal|p1a: Okidogi|49\/100|[from] drain|[of] p2a: Torkoal\n|\n|-weather|SunnyDay|[upkeep]\n|-heal|p1a: Okidogi|55\/100|[from] item: Leftovers\n|upkeep\n|turn|10\n|inactive|yellowy light has 120 seconds left.\n|\n|t:|1700484688\n|move|p1a: Okidogi|Drain Punch|p2a: Torkoal\n|-damage|p2a: Torkoal|4\/100\n|-heal|p1a: Okidogi|68\/100|[from] drain|[of] p2a: Torkoal\n|move|p2a: Torkoal|Lava Plume|p1a: Okidogi\n|-damage|p1a: Okidogi|34\/100\n|\n|-weather|SunnyDay|[upkeep]\n|-heal|p1a: Okidogi|40\/100|[from] item: Leftovers\n|upkeep\n|turn|11\n|\n|t:|1700484697\n|switch|p2a: Enamorus|Enamorus, F|100\/100\n|move|p1a: Okidogi|Knock Off|p2a: Enamorus\n|-resisted|p2a: Enamorus\n|-damage|p2a: Enamorus|70\/100\n|-status|p2a: Enamorus|tox|[from] ability: Toxic Chain|[of] p1a: Okidogi\n|-enditem|p2a: Enamorus|Heavy-Duty Boots|[from] move: Knock Off|[of] p1a: Okidogi\n|\n|-weather|SunnyDay|[upkeep]\n|-heal|p1a: Okidogi|46\/100|[from] item: Leftovers\n|-damage|p2a: Enamorus|64\/100 tox|[from] psn\n|upkeep\n|turn|12\n|\n|t:|1700484712\n|move|p1a: Okidogi|Protect|p1a: Okidogi\n|-singleturn|p1a: Okidogi|Protect\n|move|p2a: Enamorus|Moonblast|p1a: Okidogi\n|-activate|p1a: Okidogi|move: Protect\n|\n|-weather|SunnyDay|[upkeep]\n|-heal|p1a: Okidogi|52\/100|[from] item: Leftovers\n|-damage|p2a: Enamorus|52\/100 tox|[from] psn\n|upkeep\n|turn|13\n|\n|t:|1700484723\n|move|p2a: Enamorus|Moonblast|p1a: Okidogi\n|-damage|p1a: Okidogi|5\/100\n|-unboost|p1a: Okidogi|spa|1\n|move|p1a: Okidogi|Poison Jab|p2a: Enamorus\n|-supereffective|p2a: Enamorus\n|-damage|p2a: Enamorus|0 fnt\n|faint|p2a: Enamorus\n|\n|-weather|SunnyDay|[upkeep]\n|-heal|p1a: Okidogi|11\/100|[from] item: Leftovers\n|upkeep\n|\n|t:|1700484737\n|switch|p2a: Kingambit|Kingambit, F|100\/100\n|-activate|p2a: Kingambit|ability: Supreme Overlord\n|-start|p2a: Kingambit|fallen3|[silent]\n|turn|14\n|\n|t:|1700484748\n|move|p1a: Okidogi|Drain Punch|p2a: Kingambit\n|-supereffective|p2a: Kingambit\n|-damage|p2a: Kingambit|0 fnt\n|-heal|p1a: Okidogi|64\/100|[from] drain|[of] p2a: Kingambit\n|faint|p2a: Kingambit\n|-end|p2a: Kingambit|fallen3|[silent]\n|\n|-weather|SunnyDay|[upkeep]\n|-heal|p1a: Okidogi|70\/100|[from] item: Leftovers\n|upkeep\n|\n|t:|1700484757\n|switch|p2a: Walking Wake|Walking Wake|100\/100\n|-activate|p2a: Walking Wake|ability: Protosynthesis\n|-start|p2a: Walking Wake|protosynthesisspe\n|turn|15\n|\n|t:|1700484771\n|-terastallize|p2a: Walking Wake|Water\n|move|p2a: Walking Wake|Dragon Pulse|p1a: Okidogi\n|-damage|p1a: Okidogi|6\/100\n|move|p1a: Okidogi|Knock Off|p2a: Walking Wake\n|-damage|p2a: Walking Wake|58\/100\n|-enditem|p2a: Walking Wake|Choice Specs|[from] move: Knock Off|[of] p1a: Okidogi\n|\n|-weather|SunnyDay|[upkeep]\n|-heal|p1a: Okidogi|12\/100|[from] item: Leftovers\n|upkeep\n|turn|16\n|\n|t:|1700484782\n|move|p1a: Okidogi|Protect|p1a: Okidogi\n|-singleturn|p1a: Okidogi|Protect\n|move|p2a: Walking Wake|Dragon Pulse|p1a: Okidogi\n|-activate|p1a: Okidogi|move: Protect\n|\n|-weather|none\n|-end|p2a: Walking Wake|Protosynthesis\n|-heal|p1a: Okidogi|18\/100|[from] item: Leftovers\n|upkeep\n|turn|17\n|\n|t:|1700484791\n|move|p2a: Walking Wake|Hydro Steam|p1a: Okidogi\n|-damage|p1a: Okidogi|0 fnt\n|faint|p1a: Okidogi\n|\n|upkeep\n|\n|t:|1700484799\n|switch|p1a: Dragapult|Dragapult, M|100\/100\n|-damage|p1a: Dragapult|88\/100|[from] Stealth Rock\n|turn|18\n|\n|t:|1700484804\n|-end|p2a: Walking Wake|Protosynthesis|[silent]\n|switch|p2a: Torkoal|Torkoal, F|4\/100\n|-weather|SunnyDay|[from] ability: Drought|[of] p2a: Torkoal\n|move|p1a: Dragapult|Draco Meteor|p2a: Torkoal\n|-damage|p2a: Torkoal|0 fnt\n|-unboost|p1a: Dragapult|spa|2\n|faint|p2a: Torkoal\n|\n|-weather|SunnyDay|[upkeep]\n|upkeep\n|\n|t:|1700484810\n|switch|p2a: Walking Wake|Walking Wake, tera:Water|58\/100\n|-activate|p2a: Walking Wake|ability: Protosynthesis\n|-start|p2a: Walking Wake|protosynthesisspe\n|turn|19\n|\n|t:|1700484828\n|switch|p1a: Clodsire|Clodsire, F|100\/100\n|-damage|p1a: Clodsire|94\/100|[from] Stealth Rock\n|move|p2a: Walking Wake|Hydro Steam|p1a: Clodsire\n|-supereffective|p1a: Clodsire\n|-damage|p1a: Clodsire|5\/100\n|\n|-weather|SunnyDay|[upkeep]\n|-heal|p1a: Clodsire|12\/100|[from] item: Leftovers\n|upkeep\n|turn|20\n|\n|t:|1700484849\n|move|p2a: Walking Wake|Hydro Steam|p1a: Clodsire\n|-supereffective|p1a: Clodsire\n|-damage|p1a: Clodsire|0 fnt\n|faint|p1a: Clodsire\n|\n|-weather|SunnyDay|[upkeep]\n|upkeep\n|\n|t:|1700484856\n|switch|p1a: Conkeldurr|Conkeldurr, M|100\/100\n|-damage|p1a: Conkeldurr|94\/100|[from] Stealth Rock\n|turn|21\n|\n|t:|1700484861\n|move|p2a: Walking Wake|Hydro Steam|p1a: Conkeldurr\n|-damage|p1a: Conkeldurr|2\/100\n|move|p1a: Conkeldurr|Drain Punch|p2a: Walking Wake\n|-damage|p2a: Walking Wake|5\/100\n|-heal|p1a: Conkeldurr|24\/100|[from] drain|[of] p2a: Walking Wake\n|\n|-weather|SunnyDay|[upkeep]\n|-status|p1a: Conkeldurr|brn|[from] item: Flame Orb\n|upkeep\n|turn|22\n|\n|t:|1700484874\n|move|p2a: Walking Wake|Hydro Steam|p1a: Conkeldurr\n|-damage|p1a: Conkeldurr|0 fnt\n|faint|p1a: Conkeldurr\n|\n|-weather|SunnyDay|[upkeep]\n|upkeep\n|\n|t:|1700484879\n|switch|p1a: Gholdengo|Gholdengo|100\/100\n|-damage|p1a: Gholdengo|94\/100|[from] Stealth Rock\n|-item|p1a: Gholdengo|Air Balloon\n|turn|23\n|\n|t:|1700484885\n|move|p2a: Walking Wake|Flamethrower|p1a: Gholdengo\n|-supereffective|p1a: Gholdengo\n|-damage|p1a: Gholdengo|0 fnt\n|-enditem|p1a: Gholdengo|Air Balloon\n|faint|p1a: Gholdengo\n|\n|-weather|SunnyDay|[upkeep]\n|upkeep\n|\n|t:|1700484891\n|switch|p1a: Dragapult|Dragapult, M|88\/100\n|-damage|p1a: Dragapult|76\/100|[from] Stealth Rock\n|turn|24\n|\n|t:|1700484903\n|-terastallize|p1a: Dragapult|Dragon\n|move|p2a: Walking Wake|Draco Meteor|p1a: Dragapult\n|-supereffective|p1a: Dragapult\n|-damage|p1a: Dragapult|0 fnt\n|-unboost|p2a: Walking Wake|spa|2\n|faint|p1a: Dragapult\n|\n|win|yellowy light\n|raw|thepisslizard's rating: 1209 &rarr; <strong>1184<\/strong><br \/>(-25 for losing)\n|raw|yellowy light's rating: 1215 &rarr; <strong>1240<\/strong><br \/>(+25 for winning)\n|l|\u2606thepisslizard\n|c|\u2606yellowy light|gg\n","uploadtime":1700484916,"views":17,"p1id":"thepisslizard","p2id":"yellowylight","formatid":"gen9ou","rating":1184,"private":0,"password":""}