{"id":"gen9ou-1993523349","p1":"LemonyPancake99","p2":"Hugh's Jass","format":"[Gen 9] OU","log":"|j|\u2606LemonyPancake99\n|j|\u2606Hugh's Jass\n|t:|1700327796\n|gametype|singles\n|player|p1|LemonyPancake99|brycen|1316\n|player|p2|Hugh's Jass|hugh|1303\n|teamsize|p1|6\n|teamsize|p2|6\n|gen|9\n|tier|[Gen 9] OU\n|rated|\n|rule|Sleep Clause Mod: Limit one foe put to sleep\n|rule|Species Clause: Limit one of each Pok\u00e9mon\n|rule|OHKO Clause: OHKO moves are banned\n|rule|Evasion Items Clause: Evasion items are banned\n|rule|Evasion Moves Clause: Evasion moves are banned\n|rule|Endless Battle Clause: Forcing endless battles is banned\n|rule|HP Percentage Mod: HP is shown in percentages\n|clearpoke\n|poke|p1|Scizor, M|\n|poke|p1|Dragapult, M|\n|poke|p1|Ninetales-Alola, F|\n|poke|p1|Zapdos|\n|poke|p1|Samurott-Hisui, M|\n|poke|p1|Ogerpon-Cornerstone, F|\n|poke|p2|Cyclizar, F|\n|poke|p2|Amoonguss, F|\n|poke|p2|Mienshao, F|\n|poke|p2|Slowking-Galar, F|\n|poke|p2|Slowbro, M|\n|poke|p2|Tornadus-Therian, M|\n|teampreview\n|inactive|Battle timer is ON: inactive players will automatically lose when time's up. (requested by Hugh's Jass)\n|\n|t:|1700327813\n|start\n|switch|p1a: Missile|Dragapult, M, shiny|100\/100\n|switch|p2a: Slowking|Slowking-Galar, F|100\/100\n|turn|1\n|\n|t:|1700327821\n|move|p1a: Missile|Shadow Ball|p2a: Slowking\n|-supereffective|p2a: Slowking\n|-damage|p2a: Slowking|48\/100\n|move|p2a: Slowking|Future Sight|p1a: Missile\n|-start|p2a: Slowking|move: Future Sight\n|\n|upkeep\n|turn|2\n|\n|t:|1700327837\n|switch|p2a: Cyclizar|Cyclizar, F|100\/100\n|move|p1a: Missile|Shadow Ball|p2a: Cyclizar\n|-immune|p2a: Cyclizar\n|\n|upkeep\n|turn|3\n|inactive|Hugh's Jass has 120 seconds left.\n|\n|t:|1700327869\n|switch|p1a: Zapperz|Zapdos, shiny|100\/100\n|switch|p2a: Slowking|Slowking-Galar, F|81\/100\n|\n|-end|p1a: Zapperz|move: Future Sight\n|-damage|p1a: Zapperz|40\/100\n|upkeep\n|turn|4\n|\n|t:|1700327876\n|move|p1a: Zapperz|Volt Switch|p2a: Slowking\n|-damage|p2a: Slowking|67\/100\n|\n|t:|1700327879\n|switch|p1a: Missile|Dragapult, M, shiny|100\/100|[from] Volt Switch\n|move|p2a: Slowking|Future Sight|p1a: Missile\n|-start|p2a: Slowking|move: Future Sight\n|\n|upkeep\n|turn|5\n|\n|t:|1700327894\n|-terastallize|p2a: Slowking|Fairy\n|move|p1a: Missile|Draco Meteor|p2a: Slowking\n|-immune|p2a: Slowking\n|move|p2a: Slowking|Sludge Bomb|p1a: Missile\n|-resisted|p1a: Missile\n|-damage|p1a: Missile|73\/100\n|-status|p1a: Missile|psn\n|\n|-damage|p1a: Missile|61\/100 psn|[from] psn\n|upkeep\n|turn|6\n|\n|t:|1700327908\n|switch|p1a: Pulverise|Scizor, M, shiny|100\/100\n|move|p2a: Slowking|Flamethrower|p1a: Pulverise\n|-supereffective|p1a: Pulverise\n|-damage|p1a: Pulverise|24\/100\n|\n|-end|p1a: Pulverise|move: Future Sight\n|-resisted|p1a: Pulverise\n|-damage|p1a: Pulverise|5\/100\n|upkeep\n|turn|7\n|c|\u2606Hugh's Jass|LMAO\n|inactive|Hugh's Jass has 120 seconds left.\n|\n|t:|1700327924\n|switch|p2a: Amoonguss|Amoonguss, F|100\/100\n|move|p1a: Pulverise|Bullet Punch|p2a: Amoonguss\n|-damage|p2a: Amoonguss|75\/100\n|-enditem|p2a: Amoonguss|Red Card|[of] p1a: Pulverise\n|drag|p1a: Missile|Dragapult, M, shiny|61\/100 psn\n|\n|-damage|p1a: Missile|49\/100 psn|[from] psn\n|upkeep\n|turn|8\n|c|\u2606LemonyPancake99|HAHAHAHA SO FUNNY\n|\n|t:|1700327933\n|switch|p2a: Slowking|Slowking-Galar, F, tera:Fairy|99\/100\n|move|p1a: Missile|Fire Blast|p2a: Slowking\n|-damage|p2a: Slowking|78\/100\n|\n|-damage|p1a: Missile|36\/100 psn|[from] psn\n|upkeep\n|turn|9\n|\n|t:|1700327944\n|switch|p1a: Samurai|Samurott-Hisui, M, shiny|100\/100\n|move|p2a: Slowking|Future Sight|p1a: Samurai\n|-start|p2a: Slowking|move: Future Sight\n|\n|upkeep\n|turn|10\n|\n|t:|1700327951\n|switch|p2a: Mienshao|Mienshao, F|100\/100\n|move|p1a: Samurai|Aqua Cutter|p2a: Mienshao\n|-damage|p2a: Mienshao|0 fnt\n|faint|p2a: Mienshao\n|\n|upkeep\n|\n|t:|1700327966\n|switch|p2a: Slowbro|Slowbro, M|100\/100\n|turn|11\n|\n|t:|1700327974\n|move|p1a: Samurai|Ceaseless Edge|p2a: Slowbro\n|-supereffective|p2a: Slowbro\n|-enditem|p2a: Slowbro|Colbur Berry|[eat]\n|-enditem|p2a: Slowbro|Colbur Berry|[weaken]\n|-damage|p2a: Slowbro|71\/100\n|-sidestart|p2: Hugh's Jass|Spikes\n|move|p2a: Slowbro|Scald|p1a: Samurai\n|-resisted|p1a: Samurai\n|-damage|p1a: Samurai|89\/100\n|\n|-end|p1a: Samurai|move: Future Sight\n|-immune|p1a: Samurai\n|upkeep\n|turn|12\n|\n|t:|1700327986\n|switch|p2a: Amoonguss|Amoonguss, F|100\/100\n|-damage|p2a: Amoonguss|88\/100|[from] Spikes\n|move|p1a: Samurai|Ceaseless Edge|p2a: Amoonguss\n|-damage|p2a: Amoonguss|50\/100\n|-sidestart|p2: Hugh's Jass|Spikes\n|\n|upkeep\n|turn|13\n|\n|t:|1700327992\n|move|p1a: Samurai|Ceaseless Edge|p2a: Amoonguss\n|-damage|p2a: Amoonguss|12\/100\n|-sidestart|p2: Hugh's Jass|Spikes\n|move|p2a: Amoonguss|Spore|p1a: Samurai\n|-status|p1a: Samurai|slp|[from] move: Spore\n|\n|upkeep\n|turn|14\n|\n|t:|1700327996\n|switch|p2a: Cyclizar|Cyclizar, F|100\/100\n|cant|p1a: Samurai|slp\n|\n|upkeep\n|turn|15\n|\n|t:|1700328000\n|move|p2a: Cyclizar|Knock Off|p1a: Samurai\n|-resisted|p1a: Samurai\n|-damage|p1a: Samurai|74\/100 slp\n|-enditem|p1a: Samurai|Assault Vest|[from] move: Knock Off|[of] p2a: Cyclizar\n|cant|p1a: Samurai|slp\n|\n|upkeep\n|turn|16\n|\n|t:|1700328003\n|move|p2a: Cyclizar|Rapid Spin|p1a: Samurai\n|-damage|p1a: Samurai|53\/100 slp\n|-boost|p2a: Cyclizar|spe|1\n|-sideend|p2: Hugh's Jass|Spikes|[from] move: Rapid Spin|[of] p2a: Cyclizar\n|cant|p1a: Samurai|slp\n|\n|upkeep\n|turn|17\n|\n|t:|1700328007\n|move|p2a: Cyclizar|U-turn|p1a: Samurai\n|-supereffective|p1a: Samurai\n|-damage|p1a: Samurai|9\/100 slp\n|\n|t:|1700328012\n|switch|p2a: Amoonguss|Amoonguss, F|45\/100|[from] U-turn\n|-curestatus|p1a: Samurai|slp|[msg]\n|move|p1a: Samurai|Sacred Sword|p2a: Amoonguss\n|-resisted|p2a: Amoonguss\n|-damage|p2a: Amoonguss|29\/100\n|\n|upkeep\n|turn|18\n|c|\u2606LemonyPancake99|bro got all the rng\n|\n|t:|1700328040\n|switch|p2a: Cyclizar|Cyclizar, F|100\/100\n|move|p1a: Samurai|Ceaseless Edge|p2a: Cyclizar\n|-damage|p2a: Cyclizar|30\/100\n|-sidestart|p2: Hugh's Jass|Spikes\n|\n|upkeep\n|turn|19\n|\n|t:|1700328046\n|move|p1a: Samurai|Aqua Jet|p2a: Cyclizar\n|-resisted|p2a: Cyclizar\n|-damage|p2a: Cyclizar|17\/100\n|move|p2a: Cyclizar|U-turn|p1a: Samurai\n|-supereffective|p1a: Samurai\n|-damage|p1a: Samurai|0 fnt\n|faint|p1a: Samurai\n|inactive|Hugh's Jass has 120 seconds left.\n|\n|t:|1700328062\n|switch|p2a: Slowking|Slowking-Galar, F, tera:Fairy|100\/100|[from] U-turn\n|-damage|p2a: Slowking|88\/100|[from] Spikes\n|\n|upkeep\n|\n|t:|1700328066\n|switch|p1a: Pulverise|Scizor, M, shiny|5\/100\n|turn|20\n|\n|t:|1700328073\n|switch|p2a: Amoonguss|Amoonguss, F|62\/100\n|-damage|p2a: Amoonguss|50\/100|[from] Spikes\n|move|p1a: Pulverise|Bullet Punch|p2a: Amoonguss\n|-damage|p2a: Amoonguss|21\/100\n|\n|upkeep\n|turn|21\n|\n|t:|1700328082\n|move|p1a: Pulverise|U-turn|p2a: Amoonguss\n|-damage|p2a: Amoonguss|0 fnt\n|faint|p2a: Amoonguss\n|\n|t:|1700328086\n|switch|p1a: Spirit|Ninetales-Alola, F, shiny|100\/100|[from] U-turn\n|-weather|Snow|[from] ability: Snow Warning|[of] p1a: Spirit\n|\n|-weather|Snow|[upkeep]\n|upkeep\n|\n|t:|1700328092\n|switch|p2a: Slowking|Slowking-Galar, F, tera:Fairy|100\/100\n|-damage|p2a: Slowking|88\/100|[from] Spikes\n|turn|22\n|\n|t:|1700328096\n|move|p1a: Spirit|Aurora Veil|p1a: Spirit\n|-sidestart|p1: LemonyPancake99|move: Aurora Veil\n|move|p2a: Slowking|Future Sight|p1a: Spirit\n|-start|p2a: Slowking|move: Future Sight\n|\n|-weather|Snow|[upkeep]\n|upkeep\n|turn|23\n|\n|t:|1700328099\n|move|p1a: Spirit|Encore|p2a: Slowking\n|-start|p2a: Slowking|Encore\n|move|p2a: Slowking|Future Sight||[still]\n|-fail|p2a: Slowking\n|\n|-weather|Snow|[upkeep]\n|upkeep\n|turn|24\n|\n|t:|1700328105\n|switch|p1a: Pulverise|Scizor, M, shiny|5\/100\n|switch|p2a: Slowbro|Slowbro, M|100\/100\n|-damage|p2a: Slowbro|88\/100|[from] Spikes\n|\n|-weather|Snow|[upkeep]\n|-end|p1a: Pulverise|move: Future Sight\n|-resisted|p1a: Pulverise\n|-damage|p1a: Pulverise|0 fnt\n|faint|p1a: Pulverise\n|upkeep\n|\n|t:|1700328114\n|switch|p1a: Zapperz|Zapdos, shiny|40\/100\n|turn|25\n|\n|t:|1700328118\n|switch|p2a: Slowking|Slowking-Galar, F, tera:Fairy|100\/100\n|-damage|p2a: Slowking|88\/100|[from] Spikes\n|move|p1a: Zapperz|Discharge|p2a: Slowking\n|-damage|p2a: Slowking|70\/100\n|\n|-weather|none\n|upkeep\n|turn|26\n|\n|t:|1700328122\n|move|p1a: Zapperz|Discharge|p2a: Slowking\n|-damage|p2a: Slowking|54\/100\n|move|p2a: Slowking|Future Sight|p1a: Zapperz\n|-start|p2a: Slowking|move: Future Sight\n|\n|upkeep\n|turn|27\n|\n|t:|1700328126\n|move|p1a: Zapperz|Discharge|p2a: Slowking\n|-damage|p2a: Slowking|36\/100\n|move|p2a: Slowking|Sludge Bomb|p1a: Zapperz\n|-damage|p1a: Zapperz|18\/100\n|\n|upkeep\n|turn|28\n|\n|t:|1700328131\n|switch|p2a: Cyclizar|Cyclizar, F|50\/100\n|move|p1a: Zapperz|Roost|p1a: Zapperz\n|-heal|p1a: Zapperz|68\/100\n|-singleturn|p1a: Zapperz|move: Roost\n|\n|-end|p1a: Zapperz|move: Future Sight\n|-damage|p1a: Zapperz|42\/100\n|upkeep\n|turn|29\n|\n|t:|1700328135\n|move|p2a: Cyclizar|U-turn|p1a: Zapperz\n|-resisted|p1a: Zapperz\n|-damage|p1a: Zapperz|37\/100\n|\n|t:|1700328137\n|switch|p2a: Slowking|Slowking-Galar, F, tera:Fairy|70\/100|[from] U-turn\n|-damage|p2a: Slowking|57\/100|[from] Spikes\n|move|p1a: Zapperz|Discharge|p2a: Slowking\n|-damage|p2a: Slowking|40\/100\n|\n|-sideend|p1: LemonyPancake99|move: Aurora Veil\n|upkeep\n|turn|30\n|\n|t:|1700328144\n|switch|p2a: Cyclizar|Cyclizar, F|83\/100\n|move|p1a: Zapperz|Discharge|p2a: Cyclizar\n|-resisted|p2a: Cyclizar\n|-damage|p2a: Cyclizar|57\/100\n|\n|upkeep\n|turn|31\n|\n|t:|1700328148\n|switch|p2a: Slowking|Slowking-Galar, F, tera:Fairy|73\/100\n|-damage|p2a: Slowking|60\/100|[from] Spikes\n|move|p1a: Zapperz|Discharge|p2a: Slowking\n|-damage|p2a: Slowking|43\/100\n|\n|upkeep\n|turn|32\n|\n|t:|1700328152\n|move|p1a: Zapperz|Discharge|p2a: Slowking\n|-damage|p2a: Slowking|24\/100\n|move|p2a: Slowking|Sludge Bomb|p1a: Zapperz\n|-damage|p1a: Zapperz|0 fnt\n|faint|p1a: Zapperz\n|\n|upkeep\n|c|\u2606LemonyPancake99|tf was that roll??\n|\n|t:|1700328164\n|switch|p1a: Missile|Dragapult, M, shiny|36\/100 psn\n|turn|33\n|\n|t:|1700328175\n|switch|p2a: Cyclizar|Cyclizar, F|91\/100\n|move|p1a: Missile|U-turn|p2a: Cyclizar\n|-damage|p2a: Cyclizar|68\/100\n|\n|t:|1700328178\n|switch|p1a: Spirit|Ninetales-Alola, F, shiny|100\/100|[from] U-turn\n|-weather|Snow|[from] ability: Snow Warning|[of] p1a: Spirit\n|\n|-weather|Snow|[upkeep]\n|upkeep\n|turn|34\n|\n|t:|1700328189\n|move|p2a: Cyclizar|U-turn|p1a: Spirit\n|-resisted|p1a: Spirit\n|-damage|p1a: Spirit|93\/100\n|\n|t:|1700328191\n|switch|p2a: Slowking|Slowking-Galar, F, tera:Fairy|57\/100|[from] U-turn\n|-damage|p2a: Slowking|45\/100|[from] Spikes\n|move|p1a: Spirit|Blizzard|p2a: Slowking\n|-damage|p2a: Slowking|31\/100\n|\n|-weather|Snow|[upkeep]\n|upkeep\n|turn|35\n|\n|t:|1700328198\n|move|p1a: Spirit|Aurora Veil|p1a: Spirit\n|-sidestart|p1: LemonyPancake99|move: Aurora Veil\n|move|p2a: Slowking|Sludge Bomb|p1a: Spirit\n|-supereffective|p1a: Spirit\n|-damage|p1a: Spirit|53\/100\n|-status|p1a: Spirit|psn\n|\n|-weather|Snow|[upkeep]\n|-damage|p1a: Spirit|41\/100 psn|[from] psn\n|upkeep\n|turn|36\n|-message|LemonyPancake99 forfeited.\n|\n|win|Hugh's Jass\n|raw|LemonyPancake99's rating: 1316 &rarr; <strong>1295<\/strong><br \/>(-21 for losing)\n|raw|Hugh&apos;s Jass's rating: 1303 &rarr; <strong>1324<\/strong><br \/>(+21 for winning)\n|l|\u2606LemonyPancake99\n","uploadtime":1700328213,"views":44,"p1id":"lemonypancake99","p2id":"hughsjass","formatid":"gen9ou","rating":1295,"private":0,"password":""}