{"id":"gen9ou-1989707498","p1":"Amunoz30","p2":"alolanraichui","format":"[Gen 9] OU","log":"|j|\u2606Amunoz30\n|j|\u2606alolanraichui\n|t:|1699888790\n|gametype|singles\n|player|p1|Amunoz30|101|1034\n|player|p2|alolanraichui|265|1070\n|teamsize|p1|6\n|teamsize|p2|6\n|gen|9\n|tier|[Gen 9] OU\n|rated|\n|rule|Sleep Clause Mod: Limit one foe put to sleep\n|rule|Species Clause: Limit one of each Pok\u00e9mon\n|rule|OHKO Clause: OHKO moves are banned\n|rule|Evasion Items Clause: Evasion items are banned\n|rule|Evasion Moves Clause: Evasion moves are banned\n|rule|Endless Battle Clause: Forcing endless battles is banned\n|rule|HP Percentage Mod: HP is shown in percentages\n|clearpoke\n|poke|p1|Medicham, M|\n|poke|p1|Weavile, M|\n|poke|p1|Dragonite, M|\n|poke|p1|Dragalge, F|\n|poke|p1|Noivern, M|\n|poke|p1|Breloom, M|\n|poke|p2|Cinderace, M|\n|poke|p2|Hariyama, M|\n|poke|p2|Kingambit, M|\n|poke|p2|Gholdengo|\n|poke|p2|Iron Hands|\n|poke|p2|Kommo-o, M|\n|teampreview\n|inactive|Battle timer is ON: inactive players will automatically lose when time's up. (requested by alolanraichui)\n|\n|t:|1699888794\n|start\n|switch|p1a: Breloom|Breloom, M, shiny|100\/100\n|switch|p2a: Iron Hands|Iron Hands|100\/100\n|turn|1\n|\n|t:|1699888800\n|move|p2a: Iron Hands|Fake Out|p1a: Breloom\n|-damage|p1a: Breloom|75\/100\n|cant|p1a: Breloom|flinch\n|\n|upkeep\n|turn|2\n|\n|t:|1699888805\n|move|p1a: Breloom|Leech Seed|p2a: Iron Hands\n|-start|p2a: Iron Hands|move: Leech Seed\n|move|p2a: Iron Hands|Drain Punch|p1a: Breloom\n|-damage|p1a: Breloom|5\/100\n|\n|-damage|p2a: Iron Hands|88\/100|[from] Leech Seed|[of] p1a: Breloom\n|-heal|p1a: Breloom|30\/100|[silent]\n|upkeep\n|turn|3\n|\n|t:|1699888824\n|move|p1a: Breloom|Force Palm|p2a: Iron Hands\n|-damage|p2a: Iron Hands|50\/100\n|move|p2a: Iron Hands|Drain Punch|p1a: Breloom\n|-damage|p1a: Breloom|0 fnt\n|-heal|p2a: Iron Hands|58\/100|[from] drain|[of] p1a: Breloom\n|faint|p1a: Breloom\n|\n|upkeep\n|\n|t:|1699888834\n|switch|p1a: Noivern|Noivern, M|100\/100\n|turn|4\n|\n|t:|1699888843\n|-end|p2a: Iron Hands|Quark Drive|[silent]\n|switch|p2a: Kingambit|Kingambit, M, shiny|100\/100\n|move|p1a: Noivern|Air Slash|p2a: Kingambit\n|-resisted|p2a: Kingambit\n|-damage|p2a: Kingambit|85\/100\n|\n|upkeep\n|turn|5\n|\n|t:|1699888850\n|move|p1a: Noivern|Flamethrower|p2a: Kingambit\n|-supereffective|p2a: Kingambit\n|-damage|p2a: Kingambit|40\/100\n|move|p2a: Kingambit|Iron Head|p1a: Noivern\n|-crit|p1a: Noivern\n|-damage|p1a: Noivern|0 fnt\n|faint|p1a: Noivern\n|-damage|p2a: Kingambit|30\/100|[from] item: Life Orb\n|\n|upkeep\n|\n|t:|1699888874\n|switch|p1a: Dragonite|Dragonite, M|100\/100\n|turn|6\n|\n|t:|1699888879\n|move|p1a: Dragonite|Fire Punch|p2a: Kingambit\n|-supereffective|p2a: Kingambit\n|-damage|p2a: Kingambit|0 fnt\n|faint|p2a: Kingambit\n|-end|p2a: Kingambit|fallenundefined|[silent]\n|\n|upkeep\n|\n|t:|1699888889\n|switch|p2a: Hariyama|Hariyama, M, shiny|100\/100\n|turn|7\n|\n|t:|1699888895\n|move|p1a: Dragonite|Hurricane|p2a: Hariyama|[miss]\n|-miss|p1a: Dragonite|p2a: Hariyama\n|move|p2a: Hariyama|Heavy Slam|p1a: Dragonite\n|-crit|p1a: Dragonite\n|-damage|p1a: Dragonite|91\/100\n|\n|-heal|p1a: Dragonite|97\/100|[from] item: Leftovers\n|-status|p2a: Hariyama|brn|[from] item: Flame Orb\n|upkeep\n|turn|8\n|\n|t:|1699888903\n|move|p1a: Dragonite|Hurricane|p2a: Hariyama\n|-supereffective|p2a: Hariyama\n|-damage|p2a: Hariyama|26\/100 brn\n|-start|p2a: Hariyama|confusion\n|-activate|p2a: Hariyama|confusion\n|move|p2a: Hariyama|Facade|p1a: Dragonite\n|-damage|p1a: Dragonite|30\/100\n|\n|-heal|p1a: Dragonite|36\/100|[from] item: Leftovers\n|-damage|p2a: Hariyama|20\/100 brn|[from] brn\n|upkeep\n|turn|9\n|\n|t:|1699888915\n|move|p1a: Dragonite|Ice Punch|p2a: Hariyama\n|-damage|p2a: Hariyama|0 fnt\n|faint|p2a: Hariyama\n|\n|-heal|p1a: Dragonite|43\/100|[from] item: Leftovers\n|upkeep\n|\n|t:|1699888920\n|switch|p2a: Iron Hands|Iron Hands|58\/100\n|turn|10\n|\n|t:|1699888930\n|move|p2a: Iron Hands|Fake Out|p1a: Dragonite\n|-damage|p1a: Dragonite|27\/100\n|cant|p1a: Dragonite|flinch\n|\n|-heal|p1a: Dragonite|33\/100|[from] item: Leftovers\n|upkeep\n|turn|11\n|\n|t:|1699888934\n|-end|p2a: Iron Hands|Quark Drive|[silent]\n|switch|p2a: Cinderace|Cinderace, M, shiny|100\/100\n|move|p1a: Dragonite|Roost|p1a: Dragonite\n|-heal|p1a: Dragonite|83\/100\n|-singleturn|p1a: Dragonite|move: Roost\n|\n|-heal|p1a: Dragonite|89\/100|[from] item: Leftovers\n|upkeep\n|turn|12\n|\n|t:|1699888955\n|move|p2a: Cinderace|Pyro Ball|p1a: Dragonite\n|-resisted|p1a: Dragonite\n|-damage|p1a: Dragonite|61\/100\n|move|p1a: Dragonite|Hurricane|p2a: Cinderace\n|-damage|p2a: Cinderace|55\/100\n|\n|-heal|p1a: Dragonite|67\/100|[from] item: Leftovers\n|upkeep\n|turn|13\n|\n|t:|1699888968\n|move|p2a: Cinderace|Gunk Shot|p1a: Dragonite\n|-start|p2a: Cinderace|typechange|Poison|[from] ability: Libero\n|-damage|p1a: Dragonite|10\/100\n|move|p1a: Dragonite|Hurricane|p2a: Cinderace\n|-damage|p2a: Cinderace|7\/100\n|-start|p2a: Cinderace|confusion\n|\n|-heal|p1a: Dragonite|16\/100|[from] item: Leftovers\n|upkeep\n|turn|14\n|\n|t:|1699888978\n|-activate|p2a: Cinderace|confusion\n|move|p2a: Cinderace|Pyro Ball|p1a: Dragonite\n|-resisted|p1a: Dragonite\n|-damage|p1a: Dragonite|0 fnt\n|faint|p1a: Dragonite\n|\n|upkeep\n|\n|t:|1699888983\n|switch|p1a: Weavile|Weavile, M|100\/100\n|-ability|p1a: Weavile|Pressure\n|turn|15\n|\n|t:|1699888997\n|move|p1a: Weavile|Ice Shard|p2a: Cinderace\n|-damage|p2a: Cinderace|0 fnt\n|faint|p2a: Cinderace\n|\n|upkeep\n|\n|t:|1699889000\n|switch|p2a: Iron Hands|Iron Hands|58\/100\n|turn|16\n|\n|t:|1699889005\n|move|p2a: Iron Hands|Fake Out|p1a: Weavile\n|-damage|p1a: Weavile|72\/100\n|cant|p1a: Weavile|flinch\n|\n|upkeep\n|turn|17\n|\n|t:|1699889011\n|move|p1a: Weavile|Knock Off|p2a: Iron Hands\n|-resisted|p2a: Iron Hands\n|-damage|p2a: Iron Hands|44\/100\n|-enditem|p2a: Iron Hands|Assault Vest|[from] move: Knock Off|[of] p1a: Weavile\n|move|p2a: Iron Hands|Drain Punch|p1a: Weavile\n|-supereffective|p1a: Weavile\n|-damage|p1a: Weavile|0 fnt\n|-heal|p2a: Iron Hands|64\/100|[from] drain|[of] p1a: Weavile\n|faint|p1a: Weavile\n|\n|upkeep\n|\n|t:|1699889019\n|switch|p1a: Dragalge|Dragalge, F|100\/100\n|turn|18\n|\n|t:|1699889024\n|move|p2a: Iron Hands|Heavy Slam|p1a: Dragalge\n|-damage|p1a: Dragalge|47\/100\n|move|p1a: Dragalge|Sludge Bomb|p2a: Iron Hands\n|-damage|p2a: Iron Hands|14\/100\n|\n|upkeep\n|turn|19\n|\n|t:|1699889031\n|move|p2a: Iron Hands|Heavy Slam|p1a: Dragalge\n|-damage|p1a: Dragalge|0 fnt\n|faint|p1a: Dragalge\n|\n|upkeep\n|\n|t:|1699889035\n|switch|p1a: Medicham|Medicham, M, shiny|100\/100\n|turn|20\n|\n|t:|1699889040\n|move|p1a: Medicham|Fake Out|p2a: Iron Hands\n|-damage|p2a: Iron Hands|0 fnt\n|faint|p2a: Iron Hands\n|-end|p2a: Iron Hands|Quark Drive|[silent]\n|-damage|p1a: Medicham|91\/100|[from] item: Life Orb\n|\n|upkeep\n|\n|t:|1699889042\n|switch|p2a: Gholdengo|Gholdengo|100\/100\n|-item|p2a: Gholdengo|Air Balloon\n|turn|21\n|\n|t:|1699889051\n|move|p2a: Gholdengo|Nasty Plot|p2a: Gholdengo\n|-boost|p2a: Gholdengo|spa|2\n|move|p1a: Medicham|Ice Punch|p2a: Gholdengo\n|-resisted|p2a: Gholdengo\n|-damage|p2a: Gholdengo|78\/100\n|-enditem|p2a: Gholdengo|Air Balloon\n|-damage|p1a: Medicham|81\/100|[from] item: Life Orb\n|\n|upkeep\n|turn|22\n|\n|t:|1699889062\n|move|p2a: Gholdengo|Make It Rain|p1a: Medicham\n|-damage|p1a: Medicham|0 fnt\n|-unboost|p2a: Gholdengo|spa|1\n|faint|p1a: Medicham\n|\n|win|alolanraichui\n|raw|Amunoz30's rating: 1034 &rarr; <strong>1020<\/strong><br \/>(-14 for losing)\n|raw|alolanraichui's rating: 1070 &rarr; <strong>1096<\/strong><br \/>(+26 for winning)\n|l|\u2606alolanraichui\n|l|\u2606Amunoz30\n|j|\u2606alolanraichui\n|player|p2|alolanraichui|265\n","uploadtime":1699889075,"views":13,"p1id":"amunoz30","p2id":"alolanraichui","formatid":"gen9ou","rating":1020,"private":0,"password":""}