{"id":"gen9ou-1989445551","p1":"Kubedkuba","p2":"Sensei Milia","format":"[Gen 9] OU","log":"|j|\u2606Kubedkuba\n|j|\u2606Sensei Milia\n|t:|1699851567\n|gametype|singles\n|player|p1|Kubedkuba|iris-gen5bw2|1155\n|player|p2|Sensei Milia|swimmerf|1212\n|teamsize|p1|6\n|teamsize|p2|6\n|gen|9\n|tier|[Gen 9] OU\n|rated|\n|rule|Sleep Clause Mod: Limit one foe put to sleep\n|rule|Species Clause: Limit one of each Pok\u00e9mon\n|rule|OHKO Clause: OHKO moves are banned\n|rule|Evasion Items Clause: Evasion items are banned\n|rule|Evasion Moves Clause: Evasion moves are banned\n|rule|Endless Battle Clause: Forcing endless battles is banned\n|rule|HP Percentage Mod: HP is shown in percentages\n|clearpoke\n|poke|p1|Great Tusk|\n|poke|p1|Iron Moth|\n|poke|p1|Ninetales-Alola, M|\n|poke|p1|Gholdengo|\n|poke|p1|Blissey, F|\n|poke|p1|Salamence, F|\n|poke|p2|Heatran, M|\n|poke|p2|Garganacl, M|\n|poke|p2|Ceruledge, F|\n|poke|p2|Clodsire, M|\n|poke|p2|Breloom, M|\n|poke|p2|Clefable, M|\n|teampreview\n|inactive|Battle timer is ON: inactive players will automatically lose when time's up. (requested by Kubedkuba)\n|\n|t:|1699851591\n|start\n|switch|p1a: Great Tusk|Great Tusk|100\/100\n|switch|p2a: Heatran|Heatran, M, shiny|100\/100\n|-item|p2a: Heatran|Air Balloon\n|turn|1\n|\n|t:|1699851598\n|-end|p1a: Great Tusk|Protosynthesis|[silent]\n|switch|p1a: Blissey|Blissey, F|100\/100\n|move|p2a: Heatran|Magma Storm|p1a: Blissey\n|-damage|p1a: Blissey|83\/100\n|-activate|p1a: Blissey|move: Magma Storm|[of] p2a: Heatran\n|\n|-damage|p1a: Blissey|70\/100|[from] move: Magma Storm|[partiallytrapped]\n|upkeep\n|turn|2\n|inactive|Kubedkuba has 120 seconds left.\n|\n|t:|1699851642\n|move|p2a: Heatran|Dark Pulse|p1a: Blissey\n|-damage|p1a: Blissey|61\/100\n|move|p1a: Blissey|Shadow Ball|p2a: Heatran\n|-damage|p2a: Heatran|88\/100\n|-enditem|p2a: Heatran|Air Balloon\n|\n|-damage|p1a: Blissey|48\/100|[from] move: Magma Storm|[partiallytrapped]\n|upkeep\n|turn|3\n|\n|t:|1699851652\n|switch|p2a: Ceruledge|Ceruledge, F|100\/100\n|move|p1a: Blissey|Soft-Boiled|p1a: Blissey\n|-heal|p1a: Blissey|98\/100\n|\n|-end|p1a: Blissey|Magma Storm|[partiallytrapped]|[silent]\n|upkeep\n|turn|4\n|inactive|Kubedkuba has 120 seconds left.\n|\n|t:|1699851663\n|move|p2a: Ceruledge|Swords Dance|p2a: Ceruledge\n|-boost|p2a: Ceruledge|atk|2\n|move|p1a: Blissey|Shadow Ball|p2a: Ceruledge\n|-supereffective|p2a: Ceruledge\n|-damage|p2a: Ceruledge|73\/100\n|-enditem|p2a: Ceruledge|Weakness Policy\n|-boost|p2a: Ceruledge|atk|2|[from] item: Weakness Policy\n|-boost|p2a: Ceruledge|spa|2|[from] item: Weakness Policy\n|\n|upkeep\n|turn|5\n|inactive|Kubedkuba has 120 seconds left.\n|\n|t:|1699851688\n|switch|p1a: Salamence|Salamence, F|100\/100\n|-ability|p1a: Salamence|Intimidate|boost\n|-unboost|p2a: Ceruledge|atk|1\n|move|p2a: Ceruledge|Will-O-Wisp|p1a: Salamence\n|-status|p1a: Salamence|brn\n|\n|-damage|p1a: Salamence|94\/100 brn|[from] brn\n|upkeep\n|turn|6\n|\n|t:|1699851706\n|switch|p2a: Clefable|Clefable, M|100\/100\n|move|p1a: Salamence|Earthquake|p2a: Clefable\n|-damage|p2a: Clefable|85\/100\n|\n|-heal|p2a: Clefable|91\/100|[from] item: Leftovers\n|-damage|p1a: Salamence|88\/100 brn|[from] brn\n|upkeep\n|turn|7\n|\n|t:|1699851715\n|switch|p1a: Ninetales|Ninetales-Alola, M, shiny|100\/100\n|-weather|Snow|[from] ability: Snow Warning|[of] p1a: Ninetales\n|move|p2a: Clefable|Cosmic Power|p2a: Clefable\n|-boost|p2a: Clefable|def|1\n|-boost|p2a: Clefable|spd|1\n|\n|-weather|Snow|[upkeep]\n|-heal|p2a: Clefable|97\/100|[from] item: Leftovers\n|upkeep\n|turn|8\n|inactive|Kubedkuba has 120 seconds left.\n|\n|t:|1699851730\n|move|p1a: Ninetales|Aurora Veil|p1a: Ninetales\n|-sidestart|p1: Kubedkuba|move: Aurora Veil\n|move|p2a: Clefable|Cosmic Power|p2a: Clefable\n|-boost|p2a: Clefable|def|1\n|-boost|p2a: Clefable|spd|1\n|\n|-weather|Snow|[upkeep]\n|-heal|p2a: Clefable|100\/100|[from] item: Leftovers\n|upkeep\n|turn|9\n|\n|t:|1699851733\n|move|p1a: Ninetales|Hypnosis|p2a: Clefable\n|-status|p2a: Clefable|slp|[from] move: Hypnosis\n|cant|p2a: Clefable|slp\n|\n|-weather|Snow|[upkeep]\n|upkeep\n|turn|10\n|\n|t:|1699851737\n|switch|p1a: Great Tusk|Great Tusk|100\/100\n|cant|p2a: Clefable|slp\n|\n|-weather|Snow|[upkeep]\n|upkeep\n|turn|11\n|\n|t:|1699851741\n|-terastallize|p1a: Great Tusk|Steel\n|move|p1a: Great Tusk|Bulk Up|p1a: Great Tusk\n|-boost|p1a: Great Tusk|atk|1\n|-boost|p1a: Great Tusk|def|1\n|-curestatus|p2a: Clefable|slp|[msg]\n|move|p2a: Clefable|Draining Kiss|p1a: Great Tusk\n|-resisted|p1a: Great Tusk\n|-damage|p1a: Great Tusk|95\/100\n|\n|-weather|none\n|upkeep\n|turn|12\n|\n|t:|1699851745\n|move|p1a: Great Tusk|Rollout|p2a: Clefable\n|-damage|p2a: Clefable|91\/100\n|move|p2a: Clefable|Cosmic Power|p2a: Clefable\n|-boost|p2a: Clefable|def|1\n|-boost|p2a: Clefable|spd|1\n|\n|-heal|p2a: Clefable|97\/100|[from] item: Leftovers\n|upkeep\n|turn|13\n|inactive|Sensei Milia has 120 seconds left.\n|\n|t:|1699851782\n|move|p1a: Great Tusk|Rollout|p2a: Clefable|[from]lockedmove\n|-damage|p2a: Clefable|81\/100\n|move|p2a: Clefable|Cosmic Power|p2a: Clefable\n|-boost|p2a: Clefable|def|1\n|-boost|p2a: Clefable|spd|1\n|\n|-heal|p2a: Clefable|87\/100|[from] item: Leftovers\n|upkeep\n|turn|14\n|\n|t:|1699851787\n|move|p1a: Great Tusk|Rollout|p2a: Clefable|[from]lockedmove\n|-damage|p2a: Clefable|63\/100\n|move|p2a: Clefable|Cosmic Power|p2a: Clefable\n|-boost|p2a: Clefable|def|1\n|-boost|p2a: Clefable|spd|1\n|\n|-heal|p2a: Clefable|69\/100|[from] item: Leftovers\n|upkeep\n|turn|15\n|\n|t:|1699851795\n|move|p1a: Great Tusk|Rollout|p2a: Clefable|[from]lockedmove\n|-damage|p2a: Clefable|28\/100\n|move|p2a: Clefable|Stored Power|p1a: Great Tusk\n|-resisted|p1a: Great Tusk\n|-damage|p1a: Great Tusk|78\/100\n|\n|-heal|p2a: Clefable|35\/100|[from] item: Leftovers\n|-sideend|p1: Kubedkuba|move: Aurora Veil\n|upkeep\n|turn|16\n|\n|t:|1699851811\n|move|p1a: Great Tusk|Rollout|p2a: Clefable|[from]lockedmove\n|-damage|p2a: Clefable|0 fnt\n|faint|p2a: Clefable\n|\n|upkeep\n|\n|t:|1699851816\n|switch|p2a: Ceruledge|Ceruledge, F|73\/100\n|turn|17\n|\n|t:|1699851824\n|move|p1a: Great Tusk|Earthquake|p2a: Ceruledge\n|-supereffective|p2a: Ceruledge\n|-damage|p2a: Ceruledge|0 fnt\n|faint|p2a: Ceruledge\n|\n|upkeep\n|\n|t:|1699851829\n|switch|p2a: Breloom|Breloom, M|100\/100\n|turn|18\n|\n|t:|1699851843\n|move|p1a: Great Tusk|Rollout|p2a: Breloom\n|-resisted|p2a: Breloom\n|-damage|p2a: Breloom|89\/100\n|move|p2a: Breloom|Spore|p1a: Great Tusk\n|-status|p1a: Great Tusk|slp|[from] move: Spore\n|\n|-status|p2a: Breloom|tox|[from] item: Toxic Orb\n|upkeep\n|turn|19\n|\n|t:|1699851847\n|cant|p1a: Great Tusk|slp\n|move|p2a: Breloom|Bulk Up|p2a: Breloom\n|-boost|p2a: Breloom|atk|1\n|-boost|p2a: Breloom|def|1\n|\n|-heal|p2a: Breloom|100\/100 tox|[from] ability: Poison Heal\n|upkeep\n|turn|20\n|\n|t:|1699851853\n|-curestatus|p1a: Great Tusk|slp|[msg]\n|move|p1a: Great Tusk|Rapid Spin|p2a: Breloom\n|-damage|p2a: Breloom|77\/100 tox\n|-boost|p1a: Great Tusk|spe|1\n|move|p2a: Breloom|Bulk Up|p2a: Breloom\n|-boost|p2a: Breloom|atk|1\n|-boost|p2a: Breloom|def|1\n|\n|-heal|p2a: Breloom|89\/100 tox|[from] ability: Poison Heal\n|upkeep\n|turn|21\n|\n|t:|1699851862\n|-end|p1a: Great Tusk|Protosynthesis|[silent]\n|switch|p1a: Gholdengo|Gholdengo, shiny|100\/100\n|move|p2a: Breloom|Spore|p1a: Gholdengo\n|-immune|p1a: Gholdengo|[from] ability: Good as Gold\n|\n|-heal|p2a: Breloom|100\/100 tox|[from] ability: Poison Heal\n|upkeep\n|turn|22\n|\n|t:|1699851867\n|move|p1a: Gholdengo|Dazzling Gleam|p2a: Breloom\n|-supereffective|p2a: Breloom\n|-damage|p2a: Breloom|10\/100 tox\n|move|p2a: Breloom|Thunder Punch|p1a: Gholdengo\n|-damage|p1a: Gholdengo|48\/100\n|\n|-heal|p2a: Breloom|22\/100 tox|[from] ability: Poison Heal\n|upkeep\n|turn|23\n|\n|t:|1699851874\n|move|p1a: Gholdengo|Dazzling Gleam|p2a: Breloom\n|-supereffective|p2a: Breloom\n|-damage|p2a: Breloom|0 fnt\n|faint|p2a: Breloom\n|\n|upkeep\n|\n|t:|1699851877\n|switch|p2a: Heatran|Heatran, M, shiny|88\/100\n|turn|24\n|\n|t:|1699851903\n|switch|p1a: Blissey|Blissey, F|98\/100\n|move|p2a: Heatran|Magma Storm|p1a: Blissey\n|-damage|p1a: Blissey|82\/100\n|-activate|p1a: Blissey|move: Magma Storm|[of] p2a: Heatran\n|\n|-damage|p1a: Blissey|69\/100|[from] move: Magma Storm|[partiallytrapped]\n|upkeep\n|turn|25\n|\n|t:|1699851912\n|switch|p2a: Clodsire|Clodsire, M|100\/100\n|move|p1a: Blissey|Calm Mind|p1a: Blissey\n|-boost|p1a: Blissey|spa|1\n|-boost|p1a: Blissey|spd|1\n|\n|-end|p1a: Blissey|Magma Storm|[partiallytrapped]|[silent]\n|upkeep\n|turn|26\n|\n|t:|1699851919\n|switch|p1a: Salamence|Salamence, F|88\/100 brn\n|-ability|p1a: Salamence|Intimidate|boost\n|-unboost|p2a: Clodsire|atk|1\n|move|p2a: Clodsire|Toxic||[still]\n|-fail|p2a: Clodsire\n|\n|-damage|p1a: Salamence|82\/100 brn|[from] brn\n|upkeep\n|turn|27\n|\n|t:|1699851924\n|switch|p2a: Heatran|Heatran, M, shiny|88\/100\n|move|p1a: Salamence|Earthquake|p2a: Heatran\n|-supereffective|p2a: Heatran\n|-damage|p2a: Heatran|28\/100\n|\n|-damage|p1a: Salamence|76\/100 brn|[from] brn\n|upkeep\n|turn|28\n|\n|t:|1699851930\n|move|p1a: Salamence|Earthquake|p2a: Heatran\n|-supereffective|p2a: Heatran\n|-damage|p2a: Heatran|0 fnt\n|faint|p2a: Heatran\n|\n|-damage|p1a: Salamence|70\/100 brn|[from] brn\n|upkeep\n|\n|t:|1699851932\n|switch|p2a: Garganacl|Garganacl, M, shiny|100\/100\n|turn|29\n|inactive|Kubedkuba has 120 seconds left.\n|inactive|Kubedkuba has 90 seconds left.\n|inactive|Kubedkuba has 60 seconds left.\n|\n|t:|1699852036\n|-terastallize|p2a: Garganacl|Water\n|move|p1a: Salamence|Earthquake|p2a: Garganacl\n|-damage|p2a: Garganacl|87\/100\n|move|p2a: Garganacl|Salt Cure|p1a: Salamence\n|-supereffective|p1a: Salamence\n|-damage|p1a: Salamence|35\/100 brn\n|-start|p1a: Salamence|Salt Cure\n|\n|-heal|p2a: Garganacl|94\/100|[from] item: Leftovers\n|-damage|p1a: Salamence|29\/100 brn|[from] brn\n|-damage|p1a: Salamence|17\/100 brn|[from] Salt Cure\n|upkeep\n|turn|30\n|\n|t:|1699852040\n|move|p1a: Salamence|Earthquake|p2a: Garganacl\n|-damage|p2a: Garganacl|81\/100\n|move|p2a: Garganacl|Iron Defense|p2a: Garganacl\n|-boost|p2a: Garganacl|def|2\n|\n|-heal|p2a: Garganacl|87\/100|[from] item: Leftovers\n|-damage|p1a: Salamence|11\/100 brn|[from] brn\n|-damage|p1a: Salamence|0 fnt|[from] Salt Cure\n|faint|p1a: Salamence\n|upkeep\n|inactive|Kubedkuba has 60 seconds left.\n|\n|t:|1699852046\n|switch|p1a: Gholdengo|Gholdengo, shiny|48\/100\n|turn|31\n|\n|t:|1699852052\n|move|p1a: Gholdengo|Psyshock|p2a: Garganacl\n|-damage|p2a: Garganacl|72\/100\n|move|p2a: Garganacl|Salt Cure|p1a: Gholdengo\n|-resisted|p1a: Gholdengo\n|-damage|p1a: Gholdengo|41\/100\n|-start|p1a: Gholdengo|Salt Cure\n|\n|-heal|p2a: Garganacl|78\/100|[from] item: Leftovers\n|-damage|p1a: Gholdengo|16\/100|[from] Salt Cure\n|upkeep\n|turn|32\n|\n|t:|1699852064\n|move|p1a: Gholdengo|Psyshock|p2a: Garganacl\n|-damage|p2a: Garganacl|63\/100\n|move|p2a: Garganacl|Recover|p2a: Garganacl\n|-heal|p2a: Garganacl|100\/100\n|\n|-damage|p1a: Gholdengo|0 fnt|[from] Salt Cure\n|faint|p1a: Gholdengo\n|upkeep\n|\n|t:|1699852068\n|switch|p1a: Blissey|Blissey, F|69\/100\n|turn|33\n|\n|t:|1699852074\n|move|p1a: Blissey|Healing Wish|p1a: Blissey\n|faint|p1a: Blissey\n|move|p2a: Garganacl|Iron Defense|p2a: Garganacl\n|-boost|p2a: Garganacl|def|2\n|\n|upkeep\n|\n|t:|1699852078\n|switch|p1a: Iron Moth|Iron Moth|100\/100\n|-enditem|p1a: Iron Moth|Booster Energy\n|-activate|p1a: Iron Moth|ability: Quark Drive|[fromitem]\n|-start|p1a: Iron Moth|quarkdrivespe\n|turn|34\n|\n|t:|1699852085\n|move|p1a: Iron Moth|Sludge Wave|p2a: Garganacl\n|-damage|p2a: Garganacl|66\/100\n|move|p2a: Garganacl|Salt Cure|p1a: Iron Moth\n|-supereffective|p1a: Iron Moth\n|-damage|p1a: Iron Moth|58\/100\n|-start|p1a: Iron Moth|Salt Cure\n|\n|-heal|p2a: Garganacl|72\/100|[from] item: Leftovers\n|-damage|p1a: Iron Moth|46\/100|[from] Salt Cure\n|upkeep\n|turn|35\n|\n|t:|1699852088\n|move|p1a: Iron Moth|Sludge Wave|p2a: Garganacl\n|-damage|p2a: Garganacl|40\/100\n|move|p2a: Garganacl|Recover|p2a: Garganacl\n|-heal|p2a: Garganacl|90\/100\n|\n|-heal|p2a: Garganacl|96\/100|[from] item: Leftovers\n|-damage|p1a: Iron Moth|33\/100|[from] Salt Cure\n|upkeep\n|turn|36\n|\n|t:|1699852097\n|move|p1a: Iron Moth|Sludge Wave|p2a: Garganacl\n|-damage|p2a: Garganacl|67\/100\n|move|p2a: Garganacl|Recover|p2a: Garganacl\n|-heal|p2a: Garganacl|100\/100\n|\n|-damage|p1a: Iron Moth|21\/100|[from] Salt Cure\n|upkeep\n|turn|37\n|\n|t:|1699852102\n|move|p1a: Iron Moth|Sludge Wave|p2a: Garganacl\n|-damage|p2a: Garganacl|69\/100\n|move|p2a: Garganacl|Salt Cure|p1a: Iron Moth\n|-supereffective|p1a: Iron Moth\n|-damage|p1a: Iron Moth|0 fnt\n|faint|p1a: Iron Moth\n|-end|p1a: Iron Moth|Quark Drive|[silent]\n|\n|-heal|p2a: Garganacl|75\/100|[from] item: Leftovers\n|upkeep\n|\n|t:|1699852107\n|switch|p1a: Ninetales|Ninetales-Alola, M, shiny|100\/100\n|-weather|Snow|[from] ability: Snow Warning|[of] p1a: Ninetales\n|turn|38\n|\n|t:|1699852112\n|move|p1a: Ninetales|Freeze-Dry|p2a: Garganacl\n|-supereffective|p2a: Garganacl\n|-damage|p2a: Garganacl|46\/100\n|move|p2a: Garganacl|Recover|p2a: Garganacl\n|-heal|p2a: Garganacl|96\/100\n|\n|-weather|Snow|[upkeep]\n|-heal|p2a: Garganacl|100\/100|[from] item: Leftovers\n|upkeep\n|turn|39\n|\n|t:|1699852118\n|move|p1a: Ninetales|Freeze-Dry|p2a: Garganacl\n|-supereffective|p2a: Garganacl\n|-damage|p2a: Garganacl|74\/100\n|move|p2a: Garganacl|Body Press|p1a: Ninetales\n|-damage|p1a: Ninetales|42\/100\n|\n|-weather|Snow|[upkeep]\n|-heal|p2a: Garganacl|80\/100|[from] item: Leftovers\n|upkeep\n|turn|40\n|\n|t:|1699852122\n|move|p1a: Ninetales|Encore|p2a: Garganacl\n|-start|p2a: Garganacl|Encore\n|move|p2a: Garganacl|Body Press|p1a: Ninetales\n|-damage|p1a: Ninetales|0 fnt\n|faint|p1a: Ninetales\n|\n|-weather|Snow|[upkeep]\n|-heal|p2a: Garganacl|86\/100|[from] item: Leftovers\n|upkeep\n|\n|t:|1699852124\n|switch|p1a: Great Tusk|Great Tusk, tera:Steel|78\/100\n|-heal|p1a: Great Tusk|100\/100|[from] move: Healing Wish\n|turn|41\n|\n|t:|1699852132\n|move|p1a: Great Tusk|Rollout|p2a: Garganacl\n|-damage|p2a: Garganacl|83\/100\n|move|p2a: Garganacl|Body Press|p1a: Great Tusk\n|-supereffective|p1a: Great Tusk\n|-damage|p1a: Great Tusk|17\/100\n|\n|-weather|Snow|[upkeep]\n|-heal|p2a: Garganacl|89\/100|[from] item: Leftovers\n|upkeep\n|turn|42\n|\n|t:|1699852139\n|move|p1a: Great Tusk|Rollout|p2a: Garganacl|[from]lockedmove|[miss]\n|-miss|p1a: Great Tusk|p2a: Garganacl\n|move|p2a: Garganacl|Body Press|p1a: Great Tusk\n|-supereffective|p1a: Great Tusk\n|-damage|p1a: Great Tusk|0 fnt\n|faint|p1a: Great Tusk\n|-end|p1a: Great Tusk|Protosynthesis|[silent]\n|\n|win|Sensei Milia\n|raw|Kubedkuba's rating: 1155 &rarr; <strong>1134<\/strong><br \/>(-21 for losing)\n|raw|Sensei Milia's rating: 1212 &rarr; <strong>1233<\/strong><br \/>(+21 for winning)\n|l|\u2606Kubedkuba\n","uploadtime":1699852158,"views":8,"p1id":"kubedkuba","p2id":"senseimilia","formatid":"gen9ou","rating":1134,"private":0,"password":""}