{"id":"gen9ou-1994868425","p1":"BabyPandaXY","p2":"Bigpexks","format":"[Gen 9] OU","log":"|j|\u2606BabyPandaXY\n|j|\u2606Bigpexks\n|t:|1700500149\n|gametype|singles\n|player|p1|BabyPandaXY|hilbert|1366\n|player|p2|Bigpexks|101|1367\n|teamsize|p1|6\n|teamsize|p2|6\n|gen|9\n|tier|[Gen 9] OU\n|rated|\n|rule|Sleep Clause Mod: Limit one foe put to sleep\n|rule|Species Clause: Limit one of each Pok\u00e9mon\n|rule|OHKO Clause: OHKO moves are banned\n|rule|Evasion Items Clause: Evasion items are banned\n|rule|Evasion Moves Clause: Evasion moves are banned\n|rule|Endless Battle Clause: Forcing endless battles is banned\n|rule|HP Percentage Mod: HP is shown in percentages\n|clearpoke\n|poke|p1|Kingambit, F|\n|poke|p1|Great Tusk|\n|poke|p1|Gholdengo|\n|poke|p1|Samurott-Hisui, F|\n|poke|p1|Zapdos|\n|poke|p1|Iron Valiant|\n|poke|p2|Iron Valiant|\n|poke|p2|Iron Treads|\n|poke|p2|Ogerpon-Wellspring, F|\n|poke|p2|Dragonite, F|\n|poke|p2|Kingambit, M|\n|poke|p2|Enamorus, F|\n|teampreview\n|\n|t:|1700500172\n|start\n|switch|p1a: Zapdos|Zapdos|100\/100\n|switch|p2a: Iron Treads|Iron Treads|100\/100\n|-ability|p1a: Zapdos|Pressure\n|-enditem|p2a: Iron Treads|Booster Energy\n|-activate|p2a: Iron Treads|ability: Quark Drive|[fromitem]\n|-start|p2a: Iron Treads|quarkdrivespe\n|turn|1\n|\n|t:|1700500195\n|move|p2a: Iron Treads|Stealth Rock|p1a: Zapdos\n|-sidestart|p1: BabyPandaXY|move: Stealth Rock\n|move|p1a: Zapdos|Tailwind|p1a: Zapdos\n|-sidestart|p1: BabyPandaXY|move: Tailwind\n|\n|upkeep\n|turn|2\n|\n|t:|1700500201\n|move|p1a: Zapdos|Heat Wave|p2a: Iron Treads\n|-supereffective|p2a: Iron Treads\n|-damage|p2a: Iron Treads|8\/100\n|move|p2a: Iron Treads|Knock Off|p1a: Zapdos\n|-damage|p1a: Zapdos|64\/100\n|-enditem|p1a: Zapdos|Heavy-Duty Boots|[from] move: Knock Off|[of] p2a: Iron Treads\n|\n|upkeep\n|turn|3\n|\n|t:|1700500208\n|move|p1a: Zapdos|Heat Wave|p2a: Iron Treads\n|-supereffective|p2a: Iron Treads\n|-damage|p2a: Iron Treads|0 fnt\n|faint|p2a: Iron Treads\n|-end|p2a: Iron Treads|Quark Drive|[silent]\n|\n|upkeep\n|\n|t:|1700500239\n|switch|p2a: Iron Valiant|Iron Valiant|100\/100\n|-enditem|p2a: Iron Valiant|Booster Energy\n|-activate|p2a: Iron Valiant|ability: Quark Drive|[fromitem]\n|-start|p2a: Iron Valiant|quarkdrivespe\n|turn|4\n|\n|t:|1700500279\n|move|p1a: Zapdos|Thunderbolt|p2a: Iron Valiant\n|-damage|p2a: Iron Valiant|25\/100\n|move|p2a: Iron Valiant|Moonblast|p1a: Zapdos\n|-damage|p1a: Zapdos|9\/100\n|\n|-sideend|p1: BabyPandaXY|move: Tailwind\n|upkeep\n|turn|5\n|\n|t:|1700500289\n|move|p2a: Iron Valiant|Moonblast|p1a: Zapdos\n|-damage|p1a: Zapdos|0 fnt\n|faint|p1a: Zapdos\n|\n|upkeep\n|\n|t:|1700500298\n|switch|p1a: Gholdengo|Gholdengo|100\/100\n|-damage|p1a: Gholdengo|94\/100|[from] Stealth Rock\n|-item|p1a: Gholdengo|Air Balloon\n|turn|6\n|\n|t:|1700500306\n|move|p2a: Iron Valiant|Moonblast|p1a: Gholdengo\n|-resisted|p1a: Gholdengo\n|-damage|p1a: Gholdengo|68\/100\n|-enditem|p1a: Gholdengo|Air Balloon\n|move|p1a: Gholdengo|Shadow Ball|p2a: Iron Valiant\n|-damage|p2a: Iron Valiant|0 fnt\n|faint|p2a: Iron Valiant\n|-end|p2a: Iron Valiant|Quark Drive|[silent]\n|\n|upkeep\n|\n|t:|1700500321\n|switch|p2a: Enamorus|Enamorus, F|100\/100\n|turn|7\n|\n|t:|1700500327\n|move|p2a: Enamorus|Earth Power|p1a: Gholdengo\n|-supereffective|p1a: Gholdengo\n|-damage|p1a: Gholdengo|0 fnt\n|faint|p1a: Gholdengo\n|\n|upkeep\n|\n|t:|1700500352\n|switch|p1a: Kingambit|Kingambit, F|100\/100\n|-damage|p1a: Kingambit|94\/100|[from] Stealth Rock\n|-activate|p1a: Kingambit|ability: Supreme Overlord\n|-start|p1a: Kingambit|fallen2|[silent]\n|turn|8\n|\n|t:|1700500367\n|move|p2a: Enamorus|Substitute|p2a: Enamorus\n|-start|p2a: Enamorus|Substitute\n|-damage|p2a: Enamorus|76\/100\n|move|p1a: Kingambit|Iron Head|p2a: Enamorus\n|-supereffective|p2a: Enamorus\n|-end|p2a: Enamorus|Substitute\n|\n|-heal|p2a: Enamorus|82\/100|[from] item: Leftovers\n|-heal|p1a: Kingambit|100\/100|[from] item: Leftovers\n|upkeep\n|turn|9\n|\n|t:|1700500377\n|move|p2a: Enamorus|Earth Power|p1a: Kingambit\n|-supereffective|p1a: Kingambit\n|-damage|p1a: Kingambit|35\/100\n|move|p1a: Kingambit|Iron Head|p2a: Enamorus\n|-supereffective|p2a: Enamorus\n|-damage|p2a: Enamorus|0 fnt\n|faint|p2a: Enamorus\n|\n|-heal|p1a: Kingambit|41\/100|[from] item: Leftovers\n|upkeep\n|\n|t:|1700500393\n|switch|p2a: Kingambit|Kingambit, M|100\/100\n|-activate|p2a: Kingambit|ability: Supreme Overlord\n|-start|p2a: Kingambit|fallen3|[silent]\n|turn|10\n|\n|t:|1700500412\n|-end|p1a: Kingambit|fallen2|[silent]\n|switch|p1a: Samurott|Samurott-Hisui, F|100\/100\n|-damage|p1a: Samurott|88\/100|[from] Stealth Rock\n|move|p2a: Kingambit|Low Kick|p1a: Samurott\n|-supereffective|p1a: Samurott\n|-damage|p1a: Samurott|0 fnt\n|faint|p1a: Samurott\n|\n|upkeep\n|\n|t:|1700500428\n|switch|p1a: Great Tusk|Great Tusk|100\/100\n|-damage|p1a: Great Tusk|98\/100|[from] Stealth Rock\n|-enditem|p1a: Great Tusk|Booster Energy\n|-activate|p1a: Great Tusk|ability: Protosynthesis|[fromitem]\n|-start|p1a: Great Tusk|protosynthesisatk\n|turn|11\n|\n|t:|1700500438\n|move|p1a: Great Tusk|Close Combat|p2a: Kingambit\n|-supereffective|p2a: Kingambit\n|-damage|p2a: Kingambit|0 fnt\n|-unboost|p1a: Great Tusk|def|1\n|-unboost|p1a: Great Tusk|spd|1\n|faint|p2a: Kingambit\n|-end|p2a: Kingambit|fallen3|[silent]\n|\n|upkeep\n|\n|t:|1700500443\n|switch|p2a: Ogerpon|Ogerpon-Wellspring, F|100\/100\n|turn|12\n|\n|t:|1700500454\n|-terastallize|p1a: Great Tusk|Fighting\n|move|p2a: Ogerpon|Trailblaze|p1a: Great Tusk\n|-damage|p1a: Great Tusk|65\/100\n|-boost|p2a: Ogerpon|spe|1\n|move|p1a: Great Tusk|Rapid Spin|p2a: Ogerpon\n|-damage|p2a: Ogerpon|72\/100\n|-boost|p1a: Great Tusk|spe|1\n|-sideend|p1: BabyPandaXY|Stealth Rock|[from] move: Rapid Spin|[of] p1a: Great Tusk\n|\n|upkeep\n|turn|13\n|\n|t:|1700500468\n|move|p2a: Ogerpon|Ivy Cudgel|p1a: Great Tusk|[anim] Ivy Cudgel Water\n|-damage|p1a: Great Tusk|3\/100\n|move|p1a: Great Tusk|Close Combat|p2a: Ogerpon\n|-damage|p2a: Ogerpon|0 fnt\n|-unboost|p1a: Great Tusk|def|1\n|-unboost|p1a: Great Tusk|spd|1\n|faint|p2a: Ogerpon\n|\n|upkeep\n|\n|t:|1700500474\n|switch|p2a: Dragonite|Dragonite, F|100\/100\n|turn|14\n|\n|t:|1700500488\n|move|p2a: Dragonite|Extreme Speed|p1a: Great Tusk\n|-damage|p1a: Great Tusk|0 fnt\n|faint|p1a: Great Tusk\n|-end|p1a: Great Tusk|Protosynthesis|[silent]\n|\n|upkeep\n|\n|t:|1700500497\n|switch|p1a: Iron Valiant|Iron Valiant|100\/100\n|-enditem|p1a: Iron Valiant|Booster Energy\n|-activate|p1a: Iron Valiant|ability: Quark Drive|[fromitem]\n|-start|p1a: Iron Valiant|quarkdrivespe\n|turn|15\n|\n|t:|1700500506\n|move|p1a: Iron Valiant|Moonblast|p2a: Dragonite\n|-supereffective|p2a: Dragonite\n|-damage|p2a: Dragonite|51\/100\n|-enditem|p2a: Dragonite|Weakness Policy\n|-boost|p2a: Dragonite|atk|2|[from] item: Weakness Policy\n|-boost|p2a: Dragonite|spa|2|[from] item: Weakness Policy\n|move|p2a: Dragonite|Dragon Dance|p2a: Dragonite\n|-boost|p2a: Dragonite|atk|1\n|-boost|p2a: Dragonite|spe|1\n|\n|upkeep\n|turn|16\n|c|\u2606Bigpexks|Gg\n|\n|t:|1700500515\n|-terastallize|p2a: Dragonite|Normal\n|move|p2a: Dragonite|Extreme Speed|p1a: Iron Valiant\n|-damage|p1a: Iron Valiant|0 fnt\n|faint|p1a: Iron Valiant\n|-end|p1a: Iron Valiant|Quark Drive|[silent]\n|\n|upkeep\n|\n|t:|1700500521\n|switch|p1a: Kingambit|Kingambit, F|41\/100\n|-activate|p1a: Kingambit|ability: Supreme Overlord\n|-start|p1a: Kingambit|fallen5|[silent]\n|turn|17\n|\n|t:|1700500531\n|move|p2a: Dragonite|Extreme Speed|p1a: Kingambit\n|-resisted|p1a: Kingambit\n|-damage|p1a: Kingambit|1\/100\n|move|p1a: Kingambit|Kowtow Cleave|p2a: Dragonite\n|-damage|p2a: Dragonite|0 fnt\n|faint|p2a: Dragonite\n|\n|win|BabyPandaXY\n|raw|BabyPandaXY's rating: 1366 &rarr; <strong>1386<\/strong><br \/>(+20 for winning)\n|raw|Bigpexks's rating: 1367 &rarr; <strong>1347<\/strong><br \/>(-20 for losing)\n|c|\u2606BabyPandaXY|gg\n|l|\u2606Bigpexks\n","uploadtime":1700500545,"views":15,"p1id":"babypandaxy","p2id":"bigpexks","formatid":"gen9ou","rating":1347,"private":0,"password":""}