{"id":"gen9ou-1991671855","p1":"lehuynhan","p2":"TaxesAreEvil","format":"[Gen 9] OU","log":"|j|\u2606lehuynhan\n|j|\u2606TaxesAreEvil\n|t:|1700100916\n|gametype|singles\n|player|p1|lehuynhan|101|1052\n|player|p2|TaxesAreEvil|backpacker|1150\n|teamsize|p1|6\n|teamsize|p2|6\n|gen|9\n|tier|[Gen 9] OU\n|rated|\n|rule|Sleep Clause Mod: Limit one foe put to sleep\n|rule|Species Clause: Limit one of each Pok\u00e9mon\n|rule|OHKO Clause: OHKO moves are banned\n|rule|Evasion Items Clause: Evasion items are banned\n|rule|Evasion Moves Clause: Evasion moves are banned\n|rule|Endless Battle Clause: Forcing endless battles is banned\n|rule|HP Percentage Mod: HP is shown in percentages\n|clearpoke\n|poke|p1|Ribombee, F|\n|poke|p1|Great Tusk|\n|poke|p1|Crawdaunt, F|\n|poke|p1|Gholdengo|\n|poke|p1|Iron Valiant|\n|poke|p1|Scizor, F|\n|poke|p2|Eiscue, M|\n|poke|p2|Crawdaunt, F|\n|poke|p2|Ninetales-Alola, F|\n|poke|p2|Slowking-Galar, F|\n|poke|p2|Corviknight, F|\n|poke|p2|Garchomp, F|\n|teampreview\n|inactive|Battle timer is ON: inactive players will automatically lose when time's up. (requested by lehuynhan)\n|\n|t:|1700100945\n|start\n|switch|p1a: Ribombee|Ribombee, F|100\/100\n|switch|p2a: Slowking|Slowking-Galar, F|100\/100\n|turn|1\n|\n|t:|1700100962\n|move|p1a: Ribombee|Sticky Web|p2a: Slowking\n|-sidestart|p2: TaxesAreEvil|move: Sticky Web\n|move|p2a: Slowking|Flamethrower|p1a: Ribombee\n|-supereffective|p1a: Ribombee\n|-enditem|p1a: Ribombee|Focus Sash\n|-damage|p1a: Ribombee|1\/100\n|\n|upkeep\n|turn|2\n|\n|t:|1700100971\n|move|p1a: Ribombee|Stun Spore|p2a: Slowking\n|-status|p2a: Slowking|par\n|move|p2a: Slowking|Flamethrower|p1a: Ribombee\n|-supereffective|p1a: Ribombee\n|-damage|p1a: Ribombee|0 fnt\n|faint|p1a: Ribombee\n|\n|upkeep\n|\n|t:|1700100976\n|switch|p1a: Crawdaunt|Crawdaunt, F|100\/100\n|turn|3\n|\n|t:|1700100982\n|-terastallize|p2a: Slowking|Water\n|move|p1a: Crawdaunt|Knock Off|p2a: Slowking\n|-damage|p2a: Slowking|1\/100 par\n|-enditem|p2a: Slowking|Assault Vest|[from] move: Knock Off|[of] p1a: Crawdaunt\n|-damage|p1a: Crawdaunt|90\/100|[from] item: Life Orb\n|move|p2a: Slowking|Focus Blast|p1a: Crawdaunt|[miss]\n|-miss|p2a: Slowking|p1a: Crawdaunt\n|\n|upkeep\n|turn|4\n|c|\u2606TaxesAreEvil|GAAAAAAHHHHHH\n|c|\u2606TaxesAreEvil|IM GONAN KMS\n|\n|t:|1700101000\n|switch|p2a: Corviknight|Corviknight, F|100\/100\n|-ability|p2a: Corviknight|Pressure\n|move|p1a: Crawdaunt|Knock Off|p2a: Corviknight\n|-damage|p2a: Corviknight|26\/100\n|-damage|p1a: Crawdaunt|74\/100|[from] item: Rocky Helmet|[of] p2a: Corviknight\n|-enditem|p2a: Corviknight|Rocky Helmet|[from] move: Knock Off|[of] p1a: Crawdaunt\n|-damage|p1a: Crawdaunt|64\/100|[from] item: Life Orb\n|\n|upkeep\n|turn|5\n|\n|t:|1700101009\n|-terastallize|p1a: Crawdaunt|Water\n|move|p1a: Crawdaunt|Aqua Jet|p2a: Corviknight\n|-damage|p2a: Corviknight|0 fnt\n|faint|p2a: Corviknight\n|-damage|p1a: Crawdaunt|54\/100|[from] item: Life Orb\n|\n|upkeep\n|\n|t:|1700101017\n|switch|p2a: Garchomp|Garchomp, F|100\/100\n|-activate|p2a: Garchomp|move: Sticky Web\n|-unboost|p2a: Garchomp|spe|1\n|turn|6\n|\n|t:|1700101023\n|move|p2a: Garchomp|Stealth Rock|p1a: Crawdaunt\n|-sidestart|p1: lehuynhan|move: Stealth Rock\n|move|p1a: Crawdaunt|Crabhammer|p2a: Garchomp\n|-damage|p2a: Garchomp|13\/100\n|-damage|p1a: Crawdaunt|41\/100|[from] ability: Rough Skin|[of] p2a: Garchomp\n|-damage|p1a: Crawdaunt|31\/100|[from] item: Life Orb\n|\n|-heal|p2a: Garchomp|19\/100|[from] item: Leftovers\n|upkeep\n|turn|7\n|\n|t:|1700101031\n|move|p2a: Garchomp|Protect|p2a: Garchomp\n|-singleturn|p2a: Garchomp|Protect\n|move|p1a: Crawdaunt|Aqua Jet|p2a: Garchomp\n|-activate|p2a: Garchomp|move: Protect\n|\n|-heal|p2a: Garchomp|25\/100|[from] item: Leftovers\n|upkeep\n|turn|8\n|\n|t:|1700101041\n|switch|p2a: Eiscue|Eiscue, M|100\/100\n|-activate|p2a: Eiscue|move: Sticky Web\n|-unboost|p2a: Eiscue|spe|1\n|move|p1a: Crawdaunt|Aqua Jet|p2a: Eiscue\n|-activate|p2a: Eiscue|ability: Ice Face\n|-damage|p2a: Eiscue|100\/100\n|detailschange|p2a: Eiscue|Eiscue-Noice, M\n|-damage|p1a: Crawdaunt|21\/100|[from] item: Life Orb\n|\n|upkeep\n|turn|9\n|\n|t:|1700101051\n|switch|p2a: Ninetales|Ninetales-Alola, F|100\/100\n|-activate|p2a: Ninetales|move: Sticky Web\n|-unboost|p2a: Ninetales|spe|1\n|-weather|Snow|[from] ability: Snow Warning|[of] p2a: Ninetales\n|move|p1a: Crawdaunt|Crabhammer|p2a: Ninetales\n|-damage|p2a: Ninetales|12\/100\n|-damage|p1a: Crawdaunt|11\/100|[from] item: Life Orb\n|\n|-weather|Snow|[upkeep]\n|upkeep\n|turn|10\n|\n|t:|1700101061\n|switch|p2a: Eiscue|Eiscue-Noice, M|100\/100\n|-activate|p2a: Eiscue|move: Sticky Web\n|-unboost|p2a: Eiscue|spe|1\n|-activate|p2a: Eiscue|ability: Ice Face\n|detailschange|p2a: Eiscue|Eiscue, M\n|move|p1a: Crawdaunt|Aqua Jet|p2a: Eiscue\n|-activate|p2a: Eiscue|ability: Ice Face\n|-damage|p2a: Eiscue|100\/100\n|detailschange|p2a: Eiscue|Eiscue-Noice, M\n|-damage|p1a: Crawdaunt|1\/100|[from] item: Life Orb\n|\n|-weather|Snow|[upkeep]\n|upkeep\n|turn|11\n|\n|t:|1700101083\n|switch|p2a: Garchomp|Garchomp, F|25\/100\n|-activate|p2a: Garchomp|move: Sticky Web\n|-unboost|p2a: Garchomp|spe|1\n|move|p1a: Crawdaunt|Crabhammer|p2a: Garchomp\n|-damage|p2a: Garchomp|0 fnt\n|-damage|p1a: Crawdaunt|0 fnt|[from] ability: Rough Skin|[of] p2a: Garchomp\n|faint|p2a: Garchomp\n|faint|p1a: Crawdaunt\n|\n|-weather|Snow|[upkeep]\n|upkeep\n|\n|t:|1700101096\n|switch|p2a: Slowking|Slowking-Galar, F, tera:Water|34\/100 par\n|switch|p1a: Scizor|Scizor, F|100\/100\n|-damage|p1a: Scizor|88\/100|[from] Stealth Rock\n|-activate|p2a: Slowking|move: Sticky Web\n|-unboost|p2a: Slowking|spe|1\n|turn|12\n|\n|t:|1700101103\n|move|p1a: Scizor|U-turn|p2a: Slowking\n|-damage|p2a: Slowking|0 fnt\n|faint|p2a: Slowking\n|\n|t:|1700101110\n|switch|p1a: Gholdengo|Gholdengo|100\/100|[from] U-turn\n|-damage|p1a: Gholdengo|94\/100|[from] Stealth Rock\n|-item|p1a: Gholdengo|Air Balloon\n|\n|-weather|Snow|[upkeep]\n|upkeep\n|\n|t:|1700101116\n|switch|p2a: Crawdaunt|Crawdaunt, F|100\/100\n|-activate|p2a: Crawdaunt|move: Sticky Web\n|-unboost|p2a: Crawdaunt|spe|1\n|turn|13\n|\n|t:|1700101125\n|switch|p1a: Scizor|Scizor, F|88\/100\n|-damage|p1a: Scizor|76\/100|[from] Stealth Rock\n|move|p2a: Crawdaunt|Knock Off|p1a: Scizor\n|-damage|p1a: Scizor|5\/100\n|-enditem|p1a: Scizor|Choice Band|[from] move: Knock Off|[of] p2a: Crawdaunt\n|\n|-weather|none\n|upkeep\n|turn|14\n|\n|t:|1700101136\n|move|p2a: Crawdaunt|Aqua Jet|p1a: Scizor\n|-damage|p1a: Scizor|0 fnt\n|faint|p1a: Scizor\n|\n|upkeep\n|l|\u2606lehuynhan\n|inactive|lehuynhan disconnected and has a minute to reconnect!\n|player|p1|\n|inactive|lehuynhan has 30 seconds to reconnect!\n|inactive|lehuynhan has 20 seconds to reconnect!\n|inactive|lehuynhan has 15 seconds to reconnect!\n|inactive|lehuynhan has 10 seconds to reconnect!\n|inactive|lehuynhan has 5 seconds to reconnect!\n|-message|lehuynhan lost due to inactivity.\n|\n|win|TaxesAreEvil\n|raw|lehuynhan's rating: 1052 &rarr; <strong>1039<\/strong><br \/>(-13 for losing)\n|raw|TaxesAreEvil's rating: 1150 &rarr; <strong>1168<\/strong><br \/>(+18 for winning)\n","uploadtime":1700100993,"views":7,"p1id":"lehuynhan","p2id":"taxesareevil","formatid":"gen9ou","rating":1039,"private":0,"password":""}