{"id":"gen9ou-1989715524","p1":"SushiGengu","p2":"Peratest","format":"[Gen 9] OU","log":"|j|\u2606SushiGengu\n|j|\u2606Peratest\n|t:|1699889509\n|gametype|singles\n|player|p1|SushiGengu|whitney|1641\n|player|p2|Peratest|linebacker|1573\n|teamsize|p1|6\n|teamsize|p2|6\n|gen|9\n|tier|[Gen 9] OU\n|rated|\n|rule|Sleep Clause Mod: Limit one foe put to sleep\n|rule|Species Clause: Limit one of each Pok\u00e9mon\n|rule|OHKO Clause: OHKO moves are banned\n|rule|Evasion Items Clause: Evasion items are banned\n|rule|Evasion Moves Clause: Evasion moves are banned\n|rule|Endless Battle Clause: Forcing endless battles is banned\n|rule|HP Percentage Mod: HP is shown in percentages\n|clearpoke\n|poke|p1|Great Tusk|\n|poke|p1|Ribombee, F|\n|poke|p1|Gholdengo|\n|poke|p1|Iron Moth|\n|poke|p1|Dragonite, F|\n|poke|p1|Cinderace, F|\n|poke|p2|Heatran, M|\n|poke|p2|Dragonite, M|\n|poke|p2|Iron Valiant|\n|poke|p2|Ursaluna, M|\n|poke|p2|Corviknight, M|\n|poke|p2|Zamazenta-*|\n|teampreview\n|inactive|Battle timer is ON: inactive players will automatically lose when time's up. (requested by SushiGengu)\n|\n|t:|1699889532\n|start\n|switch|p1a: Ribombee|Ribombee, F|100\/100\n|switch|p2a: Heatran|Heatran, M, shiny|100\/100\n|turn|1\n|\n|t:|1699889539\n|move|p1a: Ribombee|Sticky Web|p2a: Heatran\n|-sidestart|p2: Peratest|move: Sticky Web\n|move|p2a: Heatran|Flash Cannon|p1a: Ribombee\n|-supereffective|p1a: Ribombee\n|-enditem|p1a: Ribombee|Focus Sash\n|-damage|p1a: Ribombee|1\/100\n|\n|upkeep\n|turn|2\n|\n|t:|1699889547\n|move|p1a: Ribombee|Stun Spore|p2a: Heatran\n|-status|p2a: Heatran|par\n|move|p2a: Heatran|Flash Cannon|p1a: Ribombee\n|-supereffective|p1a: Ribombee\n|-damage|p1a: Ribombee|0 fnt\n|faint|p1a: Ribombee\n|\n|upkeep\n|\n|t:|1699889552\n|switch|p1a: Dragonite|Dragonite, F|100\/100\n|turn|3\n|\n|t:|1699889557\n|switch|p2a: Corviknight|Corviknight, M, shiny|100\/100\n|-ability|p2a: Corviknight|Pressure\n|move|p1a: Dragonite|Dragon Dance|p1a: Dragonite\n|-boost|p1a: Dragonite|atk|1\n|-boost|p1a: Dragonite|spe|1\n|\n|upkeep\n|turn|4\n|\n|t:|1699889565\n|switch|p1a: Gholdengo|Gholdengo|100\/100\n|-item|p1a: Gholdengo|Air Balloon\n|move|p2a: Corviknight|Brave Bird|p1a: Gholdengo\n|-resisted|p1a: Gholdengo\n|-damage|p1a: Gholdengo|79\/100\n|-enditem|p1a: Gholdengo|Air Balloon\n|-damage|p2a: Corviknight|95\/100|[from] Recoil\n|\n|upkeep\n|turn|5\n|\n|t:|1699889575\n|move|p1a: Gholdengo|Shadow Ball|p2a: Corviknight\n|-damage|p2a: Corviknight|55\/100\n|move|p2a: Corviknight|U-turn|p1a: Gholdengo\n|-resisted|p1a: Gholdengo\n|-damage|p1a: Gholdengo|75\/100\n|\n|t:|1699889584\n|switch|p2a: Ursaluna|Ursaluna, M, shiny|100\/100|[from] U-turn\n|-activate|p2a: Ursaluna|move: Sticky Web\n|-unboost|p2a: Ursaluna|spe|1\n|\n|upkeep\n|turn|6\n|\n|t:|1699889592\n|move|p1a: Gholdengo|Focus Blast|p2a: Ursaluna\n|-immune|p2a: Ursaluna|[from] ability: Bulletproof\n|move|p2a: Ursaluna|Fire Punch|p1a: Gholdengo\n|-supereffective|p1a: Gholdengo\n|-damage|p1a: Gholdengo|9\/100\n|\n|upkeep\n|turn|7\n|\n|t:|1699889602\n|move|p1a: Gholdengo|Make It Rain|p2a: Ursaluna\n|-damage|p2a: Ursaluna|66\/100\n|-unboost|p1a: Gholdengo|spa|1\n|move|p2a: Ursaluna|Earthquake|p1a: Gholdengo\n|-supereffective|p1a: Gholdengo\n|-damage|p1a: Gholdengo|0 fnt\n|faint|p1a: Gholdengo\n|\n|upkeep\n|\n|t:|1699889613\n|switch|p1a: Cinderace|Cinderace, F|100\/100\n|turn|8\n|\n|t:|1699889617\n|move|p1a: Cinderace|High Jump Kick|p2a: Ursaluna|[miss]\n|-start|p1a: Cinderace|typechange|Fighting|[from] ability: Libero\n|-miss|p1a: Cinderace|p2a: Ursaluna\n|-damage|p1a: Cinderace|51\/100|[from] highjumpkick\n|move|p2a: Ursaluna|Earthquake|p1a: Cinderace\n|-damage|p1a: Cinderace|0 fnt\n|faint|p1a: Cinderace\n|\n|upkeep\n|\n|t:|1699889626\n|switch|p1a: Great Tusk|Great Tusk, shiny|100\/100\n|-enditem|p1a: Great Tusk|Booster Energy\n|-activate|p1a: Great Tusk|ability: Protosynthesis|[fromitem]\n|-start|p1a: Great Tusk|protosynthesisatk\n|turn|9\n|\n|t:|1699889637\n|move|p1a: Great Tusk|Ice Spinner|p2a: Ursaluna\n|-supereffective|p2a: Ursaluna\n|-damage|p2a: Ursaluna|11\/100\n|move|p2a: Ursaluna|Body Slam|p1a: Great Tusk\n|-damage|p1a: Great Tusk|61\/100\n|\n|upkeep\n|turn|10\n|\n|t:|1699889647\n|move|p1a: Great Tusk|Rapid Spin|p2a: Ursaluna\n|-damage|p2a: Ursaluna|0 fnt\n|-boost|p1a: Great Tusk|spe|1\n|faint|p2a: Ursaluna\n|\n|upkeep\n|\n|t:|1699889653\n|switch|p2a: Corviknight|Corviknight, M, shiny|55\/100\n|-ability|p2a: Corviknight|Pressure\n|turn|11\n|\n|t:|1699889658\n|move|p1a: Great Tusk|Taunt|p2a: Corviknight\n|-start|p2a: Corviknight|move: Taunt\n|cant|p2a: Corviknight|move: Taunt|Roost\n|\n|upkeep\n|turn|12\n|\n|t:|1699889669\n|switch|p2a: Zamazenta|Zamazenta, shiny|100\/100\n|-activate|p2a: Zamazenta|move: Sticky Web\n|-unboost|p2a: Zamazenta|spe|1\n|-ability|p2a: Zamazenta|Dauntless Shield|boost\n|-boost|p2a: Zamazenta|def|1\n|move|p1a: Great Tusk|Ice Spinner|p2a: Zamazenta\n|-damage|p2a: Zamazenta|79\/100\n|\n|upkeep\n|turn|13\n|\n|t:|1699889680\n|move|p1a: Great Tusk|Taunt|p2a: Zamazenta\n|-start|p2a: Zamazenta|move: Taunt\n|move|p2a: Zamazenta|Close Combat|p1a: Great Tusk\n|-damage|p1a: Great Tusk|0 fnt\n|-unboost|p2a: Zamazenta|def|1\n|-unboost|p2a: Zamazenta|spd|1\n|faint|p1a: Great Tusk\n|-end|p1a: Great Tusk|Protosynthesis|[silent]\n|\n|upkeep\n|\n|t:|1699889686\n|switch|p1a: Iron Moth|Iron Moth|100\/100\n|-enditem|p1a: Iron Moth|Booster Energy\n|-activate|p1a: Iron Moth|ability: Quark Drive|[fromitem]\n|-start|p1a: Iron Moth|quarkdrivespa\n|turn|14\n|\n|t:|1699889699\n|switch|p2a: Heatran|Heatran, M, shiny|100\/100 par\n|-activate|p2a: Heatran|move: Sticky Web\n|-unboost|p2a: Heatran|spe|1\n|move|p1a: Iron Moth|Dazzling Gleam|p2a: Heatran\n|-resisted|p2a: Heatran\n|-damage|p2a: Heatran|94\/100 par\n|\n|-heal|p2a: Heatran|100\/100 par|[from] item: Leftovers\n|upkeep\n|turn|15\n|\n|t:|1699889709\n|-end|p1a: Iron Moth|Quark Drive|[silent]\n|switch|p1a: Dragonite|Dragonite, F|100\/100\n|cant|p2a: Heatran|par\n|\n|upkeep\n|turn|16\n|\n|t:|1699889721\n|switch|p2a: Zamazenta|Zamazenta, shiny|79\/100\n|-activate|p2a: Zamazenta|move: Sticky Web\n|-unboost|p2a: Zamazenta|spe|1\n|move|p1a: Dragonite|Dragon Dance|p1a: Dragonite\n|-boost|p1a: Dragonite|atk|1\n|-boost|p1a: Dragonite|spe|1\n|\n|upkeep\n|turn|17\n|\n|t:|1699889730\n|move|p1a: Dragonite|Dragon Dance|p1a: Dragonite\n|-boost|p1a: Dragonite|atk|1\n|-boost|p1a: Dragonite|spe|1\n|move|p2a: Zamazenta|Stone Edge|p1a: Dragonite|[miss]\n|-miss|p2a: Zamazenta|p1a: Dragonite\n|\n|upkeep\n|turn|18\n|\n|t:|1699889739\n|-terastallize|p1a: Dragonite|Normal\n|move|p1a: Dragonite|Extreme Speed|p2a: Zamazenta\n|-damage|p2a: Zamazenta|0 fnt\n|faint|p2a: Zamazenta\n|\n|upkeep\n|\n|t:|1699889746\n|switch|p2a: Corviknight|Corviknight, M, shiny|55\/100\n|-ability|p2a: Corviknight|Pressure\n|turn|19\n|\n|t:|1699889752\n|move|p1a: Dragonite|Ice Spinner|p2a: Corviknight\n|-damage|p2a: Corviknight|18\/100\n|-damage|p1a: Dragonite|84\/100|[from] item: Rocky Helmet|[of] p2a: Corviknight\n|move|p2a: Corviknight|Roost|p2a: Corviknight\n|-heal|p2a: Corviknight|68\/100\n|-singleturn|p2a: Corviknight|move: Roost\n|\n|upkeep\n|turn|20\n|\n|t:|1699889762\n|move|p1a: Dragonite|Dragon Dance|p1a: Dragonite\n|-boost|p1a: Dragonite|atk|1\n|-boost|p1a: Dragonite|spe|1\n|move|p2a: Corviknight|Roost|p2a: Corviknight\n|-heal|p2a: Corviknight|100\/100\n|-singleturn|p2a: Corviknight|move: Roost\n|\n|upkeep\n|turn|21\n|\n|t:|1699889772\n|move|p1a: Dragonite|Ice Spinner|p2a: Corviknight\n|-damage|p2a: Corviknight|53\/100\n|-damage|p1a: Dragonite|68\/100|[from] item: Rocky Helmet|[of] p2a: Corviknight\n|move|p2a: Corviknight|Brave Bird|p1a: Dragonite\n|-damage|p1a: Dragonite|26\/100\n|-damage|p2a: Corviknight|42\/100|[from] Recoil\n|\n|upkeep\n|turn|22\n|\n|t:|1699889792\n|move|p1a: Dragonite|Ice Spinner|p2a: Corviknight\n|-damage|p2a: Corviknight|0 fnt\n|-damage|p1a: Dragonite|9\/100|[from] item: Rocky Helmet|[of] p2a: Corviknight\n|faint|p2a: Corviknight\n|\n|upkeep\n|\n|t:|1699889798\n|switch|p2a: Dragonite|Dragonite, M, shiny|100\/100\n|turn|23\n|\n|t:|1699889804\n|move|p1a: Dragonite|Extreme Speed|p2a: Dragonite\n|-damage|p2a: Dragonite|39\/100\n|move|p2a: Dragonite|Extreme Speed|p1a: Dragonite\n|-damage|p1a: Dragonite|0 fnt\n|faint|p1a: Dragonite\n|\n|upkeep\n|\n|t:|1699889807\n|switch|p1a: Iron Moth|Iron Moth|100\/100\n|turn|24\n|\n|t:|1699889819\n|move|p2a: Dragonite|Extreme Speed|p1a: Iron Moth\n|-damage|p1a: Iron Moth|51\/100\n|move|p1a: Iron Moth|Dazzling Gleam|p2a: Dragonite\n|-supereffective|p2a: Dragonite\n|-damage|p2a: Dragonite|0 fnt\n|faint|p2a: Dragonite\n|\n|upkeep\n|\n|t:|1699889829\n|switch|p2a: Heatran|Heatran, M, shiny|100\/100 par\n|-activate|p2a: Heatran|move: Sticky Web\n|-unboost|p2a: Heatran|spe|1\n|turn|25\n|\n|t:|1699889834\n|move|p1a: Iron Moth|Fiery Dance|p2a: Heatran\n|-start|p2a: Heatran|ability: Flash Fire\n|cant|p2a: Heatran|par\n|\n|upkeep\n|turn|26\n|\n|t:|1699889840\n|move|p1a: Iron Moth|Psychic|p2a: Heatran\n|-resisted|p2a: Heatran\n|-damage|p2a: Heatran|91\/100 par\n|cant|p2a: Heatran|par\n|\n|-heal|p2a: Heatran|97\/100 par|[from] item: Leftovers\n|upkeep\n|turn|27\n|\n|t:|1699889848\n|move|p1a: Iron Moth|Psychic|p2a: Heatran\n|-resisted|p2a: Heatran\n|-crit|p2a: Heatran\n|-damage|p2a: Heatran|82\/100 par\n|move|p2a: Heatran|Earth Power|p1a: Iron Moth\n|-supereffective|p1a: Iron Moth\n|-damage|p1a: Iron Moth|0 fnt\n|faint|p1a: Iron Moth\n|-end|p1a: Iron Moth|Quark Drive|[silent]\n|\n|win|Peratest\n|raw|SushiGengu's rating: 1641 &rarr; <strong>1617<\/strong><br \/>(-24 for losing)\n|raw|Peratest's rating: 1573 &rarr; <strong>1597<\/strong><br \/>(+24 for winning)\n|l|\u2606SushiGengu\n","uploadtime":1699889861,"views":27,"p1id":"sushigengu","p2id":"peratest","formatid":"gen9ou","rating":1597,"private":0,"password":""}