{"id":"gen9ou-1995064622","p1":"PLAYB0I R0BBIE B","p2":"maethesz","format":"[Gen 9] OU","log":"|j|\u2606PLAYB0I R0BBIE B\n|j|\u2606maethesz\n|t:|1700518695\n|gametype|singles\n|player|p1|PLAYB0I R0BBIE B|eusine|1395\n|player|p2|maethesz|parasollady-gen4|1331\n|teamsize|p1|6\n|teamsize|p2|6\n|gen|9\n|tier|[Gen 9] OU\n|rated|\n|rule|Sleep Clause Mod: Limit one foe put to sleep\n|rule|Species Clause: Limit one of each Pok\u00e9mon\n|rule|OHKO Clause: OHKO moves are banned\n|rule|Evasion Items Clause: Evasion items are banned\n|rule|Evasion Moves Clause: Evasion moves are banned\n|rule|Endless Battle Clause: Forcing endless battles is banned\n|rule|HP Percentage Mod: HP is shown in percentages\n|clearpoke\n|poke|p1|Meowscarada, F|\n|poke|p1|Heatran, F|\n|poke|p1|Thundurus-Therian, M|\n|poke|p1|Dragapult, F|\n|poke|p1|Great Tusk|\n|poke|p1|Azumarill, F|\n|poke|p2|Slowking-Galar, F|\n|poke|p2|Mandibuzz, F|\n|poke|p2|Meowscarada, M|\n|poke|p2|Gholdengo|\n|poke|p2|Great Tusk|\n|poke|p2|Greninja-*, M|\n|teampreview\n|inactive|Battle timer is ON: inactive players will automatically lose when time's up. (requested by PLAYB0I R0BBIE B)\n|\n|t:|1700518722\n|start\n|switch|p1a: 5% TINT|Heatran, F|100\/100\n|switch|p2a: Slowking|Slowking-Galar, F|100\/100\n|-item|p1a: 5% TINT|Air Balloon\n|turn|1\n|inactive|maethesz has 120 seconds left.\n|\n|t:|1700518777\n|move|p1a: 5% TINT|Magma Storm|p2a: Slowking\n|-damage|p2a: Slowking|75\/100\n|-activate|p2a: Slowking|move: Magma Storm|[of] p1a: 5% TINT\n|move|p2a: Slowking|Psyshock|p1a: 5% TINT\n|-resisted|p1a: 5% TINT\n|-damage|p1a: 5% TINT|84\/100\n|-enditem|p1a: 5% TINT|Air Balloon\n|\n|-damage|p2a: Slowking|63\/100|[from] move: Magma Storm|[partiallytrapped]\n|upkeep\n|turn|2\n|\n|t:|1700518792\n|move|p1a: 5% TINT|Taunt|p2a: Slowking\n|-start|p2a: Slowking|move: Taunt\n|move|p2a: Slowking|Shadow Ball|p1a: 5% TINT\n|-damage|p1a: 5% TINT|63\/100\n|\n|-damage|p2a: Slowking|50\/100|[from] move: Magma Storm|[partiallytrapped]\n|upkeep\n|turn|3\n|\n|t:|1700518800\n|move|p1a: 5% TINT|Earth Power|p2a: Slowking\n|-supereffective|p2a: Slowking\n|-damage|p2a: Slowking|18\/100\n|move|p2a: Slowking|Shadow Ball|p1a: 5% TINT\n|-damage|p1a: 5% TINT|43\/100\n|\n|-damage|p2a: Slowking|5\/100|[from] move: Magma Storm|[partiallytrapped]\n|upkeep\n|turn|4\n|\n|t:|1700518811\n|move|p1a: 5% TINT|Earth Power|p2a: Slowking\n|-supereffective|p2a: Slowking\n|-damage|p2a: Slowking|0 fnt\n|faint|p2a: Slowking\n|\n|upkeep\n|\n|t:|1700518825\n|switch|p2a: Greninja|Greninja, M|100\/100\n|turn|5\n|\n|t:|1700518835\n|switch|p1a: CAN'T SAY|Azumarill, F|100\/100\n|move|p2a: Greninja|Ice Beam|p1a: CAN'T SAY\n|-resisted|p1a: CAN'T SAY\n|-damage|p1a: CAN'T SAY|88\/100\n|-damage|p2a: Greninja|91\/100|[from] item: Life Orb\n|\n|upkeep\n|turn|6\n|\n|t:|1700518856\n|switch|p2a: Meowscarada|Meowscarada, M|100\/100\n|move|p1a: CAN'T SAY|Play Rough|p2a: Meowscarada\n|-supereffective|p2a: Meowscarada\n|-damage|p2a: Meowscarada|0 fnt\n|faint|p2a: Meowscarada\n|\n|upkeep\n|inactive|maethesz has 90 seconds left.\n|\n|t:|1700518879\n|switch|p2a: Mandibuzz|Mandibuzz, F|100\/100\n|turn|7\n|inactive|maethesz has 90 seconds left.\n|\n|t:|1700518886\n|move|p2a: Mandibuzz|Iron Defense|p2a: Mandibuzz\n|-boost|p2a: Mandibuzz|def|2\n|move|p1a: CAN'T SAY|Play Rough|p2a: Mandibuzz\n|-supereffective|p2a: Mandibuzz\n|-damage|p2a: Mandibuzz|68\/100\n|\n|upkeep\n|turn|8\n|inactive|maethesz has 90 seconds left.\n|\n|t:|1700518903\n|switch|p1a: ASTROTHUNDER|Thundurus-Therian, M|100\/100\n|move|p2a: Mandibuzz|Foul Play|p1a: ASTROTHUNDER\n|-damage|p1a: ASTROTHUNDER|52\/100\n|\n|upkeep\n|turn|9\n|inactive|maethesz has 90 seconds left.\n|\n|t:|1700518911\n|switch|p2a: Great Tusk|Great Tusk|100\/100\n|-terastallize|p1a: ASTROTHUNDER|Flying\n|move|p1a: ASTROTHUNDER|Tera Blast|p2a: Great Tusk|[anim] Tera Blast Flying\n|-supereffective|p2a: Great Tusk\n|-damage|p2a: Great Tusk|0 fnt\n|faint|p2a: Great Tusk\n|-end|p2a: Great Tusk|Protosynthesis|[silent]\n|\n|upkeep\n|inactive|maethesz has 90 seconds left.\n|\n|t:|1700518929\n|switch|p2a: Gholdengo|Gholdengo|100\/100\n|turn|10\n|\n|t:|1700518940\n|switch|p1a: 5% TINT|Heatran, F|43\/100\n|move|p2a: Gholdengo|Make It Rain|p1a: 5% TINT\n|-resisted|p1a: 5% TINT\n|-damage|p1a: 5% TINT|30\/100\n|-unboost|p2a: Gholdengo|spa|1\n|\n|upkeep\n|turn|11\n|\n|t:|1700518950\n|switch|p2a: Mandibuzz|Mandibuzz, F|68\/100\n|move|p1a: 5% TINT|Magma Storm|p2a: Mandibuzz|[miss]\n|-miss|p1a: 5% TINT|p2a: Mandibuzz\n|\n|upkeep\n|turn|12\n|inactive|maethesz has 90 seconds left.\n|\n|t:|1700518957\n|move|p1a: 5% TINT|Taunt|p2a: Mandibuzz\n|-start|p2a: Mandibuzz|move: Taunt\n|cant|p2a: Mandibuzz|move: Taunt|Roost\n|\n|upkeep\n|turn|13\n|-message|maethesz forfeited.\n|\n|win|PLAYB0I R0BBIE B\n|raw|PLAYB0I R0BBIE B's rating: 1395 &rarr; <strong>1411<\/strong><br \/>(+16 for winning)\n|raw|maethesz's rating: 1331 &rarr; <strong>1315<\/strong><br \/>(-16 for losing)\n|l|\u2606maethesz\n","uploadtime":1700518965,"views":6,"p1id":"playb0ir0bbieb","p2id":"maethesz","formatid":"gen9ou","rating":1315,"private":0,"password":""}