{"id":"gen9ou-1997799192","p1":"PLLV51 Staller","p2":"SDK04","format":"[Gen 9] OU","log":"|j|\u2606PLLV51 Staller\n|j|\u2606SDK04\n|inactive|Battle timer is ON: inactive players will automatically lose when time's up.\n|t:|1700853939\n|gametype|singles\n|player|p1|PLLV51 Staller|red|\n|player|p2|SDK04|unknown|\n|teamsize|p1|6\n|teamsize|p2|6\n|gen|9\n|tier|[Gen 9] OU\n|rated|Tournament battle\n|rule|Sleep Clause Mod: Limit one foe put to sleep\n|rule|Species Clause: Limit one of each Pok\u00e9mon\n|rule|OHKO Clause: OHKO moves are banned\n|rule|Evasion Items Clause: Evasion items are banned\n|rule|Evasion Moves Clause: Evasion moves are banned\n|rule|Endless Battle Clause: Forcing endless battles is banned\n|rule|HP Percentage Mod: HP is shown in percentages\n|clearpoke\n|poke|p1|Alomomola, F|\n|poke|p1|Slowking-Galar, F|\n|poke|p1|Kingambit, F|\n|poke|p1|Great Tusk|\n|poke|p1|Cinderace, F|\n|poke|p1|Thundurus-Therian, M|\n|poke|p2|Munkidori, M|\n|poke|p2|Enamorus, F|\n|poke|p2|Rillaboom, M|\n|poke|p2|Dragonite, M|\n|poke|p2|Great Tusk|\n|poke|p2|Muk-Alola, M|\n|teampreview\n|j|+hidin\n|inactive|PLLV51 Staller has 120 seconds left.\n|l|+hidin\n|inactive|PLLV51 Staller has 90 seconds left.\n|\n|t:|1700854003\n|start\n|switch|p1a: Cinderace|Cinderace, F|100\/100\n|switch|p2a: Mojo Jojo|Munkidori, M|100\/100\n|turn|1\n|\n|t:|1700854018\n|switch|p1a: Slowking|Slowking-Galar, F|100\/100\n|move|p2a: Mojo Jojo|U-turn|p1a: Slowking\n|-damage|p1a: Slowking|88\/100\n|\n|t:|1700854037\n|switch|p2a: Sludge Villain|Muk-Alola, M|100\/100|[from] U-turn\n|\n|upkeep\n|turn|2\n|inactive|PLLV51 Staller has 120 seconds left.\n|\n|t:|1700854072\n|switch|p1a: Great Tusk|Great Tusk|100\/100\n|move|p2a: Sludge Villain|Knock Off|p1a: Great Tusk\n|-resisted|p1a: Great Tusk\n|-damage|p1a: Great Tusk|87\/100\n|-damage|p2a: Sludge Villain|84\/100|[from] item: Rocky Helmet|[of] p1a: Great Tusk\n|-enditem|p1a: Great Tusk|Rocky Helmet|[from] move: Knock Off|[of] p2a: Sludge Villain\n|\n|-heal|p2a: Sludge Villain|90\/100|[from] item: Black Sludge\n|upkeep\n|turn|3\n|\n|t:|1700854078\n|switch|p2a: Mammoth|Great Tusk|100\/100\n|move|p1a: Great Tusk|Stealth Rock|p2a: Mammoth\n|-sidestart|p2: SDK04|move: Stealth Rock\n|\n|upkeep\n|turn|4\n|\n|t:|1700854082\n|move|p1a: Great Tusk|Ice Spinner|p2a: Mammoth\n|-supereffective|p2a: Mammoth\n|-damage|p2a: Mammoth|74\/100\n|-damage|p1a: Great Tusk|71\/100|[from] item: Rocky Helmet|[of] p2a: Mammoth\n|move|p2a: Mammoth|Rapid Spin|p1a: Great Tusk\n|-damage|p1a: Great Tusk|60\/100\n|-boost|p2a: Mammoth|spe|1\n|-sideend|p2: SDK04|Stealth Rock|[from] move: Rapid Spin|[of] p2a: Mammoth\n|\n|upkeep\n|turn|5\n|\n|t:|1700854090\n|-end|p1a: Great Tusk|Protosynthesis|[silent]\n|switch|p1a: Alomomola|Alomomola, F|100\/100\n|move|p2a: Mammoth|Ice Spinner|p1a: Alomomola\n|-resisted|p1a: Alomomola\n|-damage|p1a: Alomomola|93\/100\n|-enditem|p1a: Alomomola|Red Card|[of] p2a: Mammoth\n|-end|p2a: Mammoth|Protosynthesis|[silent]\n|drag|p2a: Kaido|Dragonite, M|100\/100\n|\n|upkeep\n|turn|6\n|\n|t:|1700854097\n|switch|p2a: Gorilla Grodd|Rillaboom, M, shiny|100\/100\n|-fieldstart|move: Grassy Terrain|[from] ability: Grassy Surge|[of] p2a: Gorilla Grodd\n|move|p1a: Alomomola|Flip Turn|p2a: Gorilla Grodd\n|-resisted|p2a: Gorilla Grodd\n|-damage|p2a: Gorilla Grodd|92\/100\n|\n|t:|1700854102\n|switch|p1a: Cinderace|Cinderace, F|100\/100|[from] Flip Turn\n|\n|-heal|p2a: Gorilla Grodd|99\/100|[from] Grassy Terrain\n|upkeep\n|turn|7\n|\n|t:|1700854114\n|switch|p2a: Mojo Jojo|Munkidori, M|100\/100\n|move|p1a: Cinderace|Will-O-Wisp|p2a: Mojo Jojo|[miss]\n|-miss|p1a: Cinderace|p2a: Mojo Jojo\n|\n|upkeep\n|turn|8\n|\n|t:|1700854121\n|move|p2a: Mojo Jojo|U-turn|p1a: Cinderace\n|-resisted|p1a: Cinderace\n|-damage|p1a: Cinderace|92\/100\n|-status|p1a: Cinderace|tox|[from] ability: Toxic Chain|[of] p2a: Mojo Jojo\n|\n|t:|1700854125\n|switch|p2a: Mammoth|Great Tusk|74\/100|[from] U-turn\n|move|p1a: Cinderace|Pyro Ball|p2a: Mammoth\n|-damage|p2a: Mammoth|46\/100\n|\n|-heal|p1a: Cinderace|98\/100 tox|[from] Grassy Terrain\n|-heal|p2a: Mammoth|52\/100|[from] Grassy Terrain\n|-damage|p1a: Cinderace|92\/100 tox|[from] psn\n|upkeep\n|turn|9\n|\n|t:|1700854132\n|switch|p1a: Alomomola|Alomomola, F|100\/100\n|move|p2a: Mammoth|Stealth Rock|p1a: Alomomola\n|-sidestart|p1: PLLV51 Staller|move: Stealth Rock\n|\n|-heal|p2a: Mammoth|59\/100|[from] Grassy Terrain\n|upkeep\n|turn|10\n|\n|t:|1700854137\n|-end|p2a: Mammoth|Protosynthesis|[silent]\n|switch|p2a: Gorilla Grodd|Rillaboom, M, shiny|99\/100\n|move|p1a: Alomomola|Scald|p2a: Gorilla Grodd\n|-resisted|p2a: Gorilla Grodd\n|-damage|p2a: Gorilla Grodd|90\/100\n|\n|-heal|p2a: Gorilla Grodd|96\/100|[from] Grassy Terrain\n|-fieldend|move: Grassy Terrain\n|upkeep\n|turn|11\n|\n|t:|1700854145\n|switch|p1a: Slowking|Slowking-Galar, F|100\/100\n|move|p2a: Gorilla Grodd|Wood Hammer|p1a: Slowking\n|-resisted|p1a: Slowking\n|-damage|p1a: Slowking|61\/100\n|-damage|p2a: Gorilla Grodd|82\/100|[from] Recoil\n|\n|upkeep\n|turn|12\n|\n|t:|1700854151\n|move|p2a: Gorilla Grodd|Knock Off|p1a: Slowking\n|-supereffective|p1a: Slowking\n|-damage|p1a: Slowking|0 fnt\n|-enditem|p1a: Slowking|Heavy-Duty Boots|[from] move: Knock Off|[of] p2a: Gorilla Grodd\n|faint|p1a: Slowking\n|\n|upkeep\n|c|\u2606PLLV51 Staller|arent these alwys band\n|\n|t:|1700854160\n|switch|p1a: Cinderace|Cinderace, F|92\/100 tox\n|turn|13\n|\n|t:|1700854169\n|switch|p2a: Mammoth|Great Tusk|59\/100\n|move|p1a: Cinderace|Will-O-Wisp|p2a: Mammoth|[miss]\n|-miss|p1a: Cinderace|p2a: Mammoth\n|\n|-damage|p1a: Cinderace|86\/100 tox|[from] psn\n|upkeep\n|turn|14\n|-message|PLLV51 Staller forfeited.\n|\n|win|SDK04\n|n|\u2606PLLV51 Staller|pllv51staller\n|n|\u2606SDK04|sdk04\n|l|\u2606PLLV51 Staller\n","uploadtime":1700854193,"views":2,"p1id":"pllv51staller","p2id":"sdk04","formatid":"gen9ou","rating":0,"private":0,"password":""}