{"id":"gen9ou-1991836413","p1":"ComedyAlpha","p2":"Carchawaii","format":"[Gen 9] OU","log":"|j|\u2606ComedyAlpha\n|j|\u2606Carchawaii\n|t:|1700125925\n|gametype|singles\n|player|p1|ComedyAlpha|hilbert-wonderlauncher|1321\n|player|p2|Carchawaii|cynthia|1252\n|teamsize|p1|6\n|teamsize|p2|6\n|gen|9\n|tier|[Gen 9] OU\n|rated|\n|rule|Sleep Clause Mod: Limit one foe put to sleep\n|rule|Species Clause: Limit one of each Pok\u00e9mon\n|rule|OHKO Clause: OHKO moves are banned\n|rule|Evasion Items Clause: Evasion items are banned\n|rule|Evasion Moves Clause: Evasion moves are banned\n|rule|Endless Battle Clause: Forcing endless battles is banned\n|rule|HP Percentage Mod: HP is shown in percentages\n|clearpoke\n|poke|p1|Greninja-*, M|\n|poke|p1|Ribombee, F|\n|poke|p1|Dragonite, F|\n|poke|p1|Iron Moth|\n|poke|p1|Iron Valiant|\n|poke|p1|Gholdengo|\n|poke|p2|Iron Moth|\n|poke|p2|Samurott-Hisui, M|\n|poke|p2|Kingambit, M|\n|poke|p2|Enamorus, F|\n|poke|p2|Great Tusk|\n|poke|p2|Rillaboom, M|\n|teampreview\n|inactive|Battle timer is ON: inactive players will automatically lose when time's up. (requested by Carchawaii)\n|c|\u2606ComedyAlpha|glhf\n|c|\u2606ComedyAlpha|also\n|c|\u2606ComedyAlpha|how do i set up battle timer\n|\n|t:|1700125944\n|start\n|switch|p1a: Ribombee|Ribombee, F|100\/100\n|switch|p2a: Samurott|Samurott-Hisui, M|100\/100\n|turn|1\n|\n|t:|1700125962\n|move|p1a: Ribombee|Stun Spore|p2a: Samurott\n|-status|p2a: Samurott|par\n|move|p2a: Samurott|Ceaseless Edge|p1a: Ribombee\n|-resisted|p1a: Ribombee\n|-damage|p1a: Ribombee|65\/100\n|-sidestart|p1: ComedyAlpha|Spikes\n|\n|upkeep\n|turn|2\n|\n|t:|1700125970\n|move|p1a: Ribombee|Sticky Web|p2a: Samurott\n|-sidestart|p2: Carchawaii|move: Sticky Web\n|move|p2a: Samurott|Aqua Cutter|p1a: Ribombee\n|-damage|p1a: Ribombee|0 fnt\n|faint|p1a: Ribombee\n|\n|upkeep\n|\n|t:|1700125975\n|switch|p1a: Dragonite|Dragonite, F|100\/100\n|turn|3\n|\n|t:|1700125980\n|move|p1a: Dragonite|Dragon Dance|p1a: Dragonite\n|-boost|p1a: Dragonite|atk|1\n|-boost|p1a: Dragonite|spe|1\n|move|p2a: Samurott|Knock Off|p1a: Dragonite\n|-damage|p1a: Dragonite|75\/100\n|-enditem|p1a: Dragonite|Heavy-Duty Boots|[from] move: Knock Off|[of] p2a: Samurott\n|\n|upkeep\n|turn|4\n|\n|t:|1700125988\n|-terastallize|p1a: Dragonite|Normal\n|move|p1a: Dragonite|Extreme Speed|p2a: Samurott\n|-damage|p2a: Samurott|13\/100 par\n|cant|p2a: Samurott|par\n|\n|upkeep\n|turn|5\n|\n|t:|1700125997\n|move|p1a: Dragonite|Extreme Speed|p2a: Samurott\n|-damage|p2a: Samurott|0 fnt\n|faint|p2a: Samurott\n|\n|upkeep\n|\n|t:|1700126002\n|switch|p2a: Rillaboom|Rillaboom, M|100\/100\n|-activate|p2a: Rillaboom|move: Sticky Web\n|-unboost|p2a: Rillaboom|spe|1\n|-fieldstart|move: Grassy Terrain|[from] ability: Grassy Surge|[of] p2a: Rillaboom\n|turn|6\n|\n|t:|1700126013\n|-terastallize|p2a: Rillaboom|Grass\n|move|p1a: Dragonite|Extreme Speed|p2a: Rillaboom\n|-damage|p2a: Rillaboom|24\/100\n|move|p2a: Rillaboom|Grassy Glide|p1a: Dragonite\n|-damage|p1a: Dragonite|0 fnt\n|faint|p1a: Dragonite\n|\n|-heal|p2a: Rillaboom|30\/100|[from] Grassy Terrain\n|upkeep\n|\n|t:|1700126019\n|switch|p1a: Iron Moth|Iron Moth|100\/100\n|-damage|p1a: Iron Moth|88\/100|[from] Spikes\n|-enditem|p1a: Iron Moth|Booster Energy\n|-activate|p1a: Iron Moth|ability: Quark Drive|[fromitem]\n|-start|p1a: Iron Moth|quarkdrivespe\n|turn|7\n|\n|t:|1700126035\n|switch|p2a: Great Tusk|Great Tusk|100\/100\n|-activate|p2a: Great Tusk|move: Sticky Web\n|-unboost|p2a: Great Tusk|spe|1\n|move|p1a: Iron Moth|Sludge Wave|p2a: Great Tusk\n|-resisted|p2a: Great Tusk\n|-damage|p2a: Great Tusk|68\/100\n|-status|p2a: Great Tusk|psn\n|\n|-heal|p1a: Iron Moth|94\/100|[from] Grassy Terrain\n|-heal|p2a: Great Tusk|75\/100 psn|[from] Grassy Terrain\n|-heal|p2a: Great Tusk|81\/100 psn|[from] item: Leftovers\n|-damage|p2a: Great Tusk|68\/100 psn|[from] psn\n|upkeep\n|turn|8\n|\n|t:|1700126057\n|move|p1a: Iron Moth|Energy Ball|p2a: Great Tusk\n|-supereffective|p2a: Great Tusk\n|-damage|p2a: Great Tusk|0 fnt\n|faint|p2a: Great Tusk\n|-end|p2a: Great Tusk|Protosynthesis|[silent]\n|\n|-heal|p1a: Iron Moth|99\/100|[from] Grassy Terrain\n|upkeep\n|\n|t:|1700126067\n|switch|p2a: Iron Moth|Iron Moth|100\/100\n|-activate|p2a: Iron Moth|move: Sticky Web\n|-unboost|p2a: Iron Moth|spe|1\n|-enditem|p2a: Iron Moth|Booster Energy\n|-activate|p2a: Iron Moth|ability: Quark Drive|[fromitem]\n|-start|p2a: Iron Moth|quarkdrivespa\n|turn|9\n|\n|t:|1700126075\n|-end|p1a: Iron Moth|Quark Drive|[silent]\n|switch|p1a: Gholdengo|Gholdengo|100\/100\n|-item|p1a: Gholdengo|Air Balloon\n|move|p2a: Iron Moth|Fiery Dance|p1a: Gholdengo\n|-supereffective|p1a: Gholdengo\n|-damage|p1a: Gholdengo|0 fnt\n|-enditem|p1a: Gholdengo|Air Balloon\n|faint|p1a: Gholdengo\n|\n|upkeep\n|\n|t:|1700126080\n|switch|p1a: Iron Moth|Iron Moth|99\/100\n|-damage|p1a: Iron Moth|88\/100|[from] Spikes\n|turn|10\n|\n|t:|1700126090\n|move|p1a: Iron Moth|Fiery Dance|p2a: Iron Moth\n|-resisted|p2a: Iron Moth\n|-damage|p2a: Iron Moth|81\/100\n|move|p2a: Iron Moth|Fiery Dance|p1a: Iron Moth\n|-resisted|p1a: Iron Moth\n|-damage|p1a: Iron Moth|63\/100\n|-boost|p2a: Iron Moth|spa|1\n|\n|-heal|p1a: Iron Moth|69\/100|[from] Grassy Terrain\n|-heal|p2a: Iron Moth|88\/100|[from] Grassy Terrain\n|-fieldend|move: Grassy Terrain\n|upkeep\n|turn|11\n|\n|t:|1700126102\n|move|p1a: Iron Moth|Fiery Dance|p2a: Iron Moth\n|-resisted|p2a: Iron Moth\n|-damage|p2a: Iron Moth|67\/100\n|-boost|p1a: Iron Moth|spa|1\n|move|p2a: Iron Moth|Fiery Dance|p1a: Iron Moth\n|-resisted|p1a: Iron Moth\n|-damage|p1a: Iron Moth|33\/100\n|-boost|p2a: Iron Moth|spa|1\n|\n|upkeep\n|turn|12\n|\n|t:|1700126112\n|move|p1a: Iron Moth|Fiery Dance|p2a: Iron Moth\n|-resisted|p2a: Iron Moth\n|-damage|p2a: Iron Moth|36\/100\n|-boost|p1a: Iron Moth|spa|1\n|move|p2a: Iron Moth|Fiery Dance|p1a: Iron Moth\n|-resisted|p1a: Iron Moth\n|-damage|p1a: Iron Moth|0 fnt\n|-boost|p2a: Iron Moth|spa|1\n|faint|p1a: Iron Moth\n|-end|p1a: Iron Moth|Quark Drive|[silent]\n|\n|upkeep\n|\n|t:|1700126117\n|switch|p1a: Greninja|Greninja, M|100\/100\n|-damage|p1a: Greninja|88\/100|[from] Spikes\n|turn|13\n|\n|t:|1700126127\n|move|p1a: Greninja|Water Shuriken|p2a: Iron Moth\n|-supereffective|p2a: Iron Moth\n|-damage|p2a: Iron Moth|20\/100\n|-supereffective|p2a: Iron Moth\n|-damage|p2a: Iron Moth|3\/100\n|-supereffective|p2a: Iron Moth\n|-damage|p2a: Iron Moth|0 fnt\n|faint|p2a: Iron Moth\n|-end|p2a: Iron Moth|Quark Drive|[silent]\n|-ability|p1a: Greninja|Battle Bond|boost\n|-boost|p1a: Greninja|atk|1\n|-boost|p1a: Greninja|spa|1\n|-boost|p1a: Greninja|spe|1\n|-activate|p1a: Greninja|ability: Battle Bond\n|-hitcount|p2: Iron Moth|3\n|-damage|p1a: Greninja|78\/100|[from] item: Life Orb\n|\n|upkeep\n|\n|t:|1700126142\n|switch|p2a: Rillaboom|Rillaboom, M, tera:Grass|30\/100\n|-activate|p2a: Rillaboom|move: Sticky Web\n|-unboost|p2a: Rillaboom|spe|1\n|-fieldstart|move: Grassy Terrain|[from] ability: Grassy Surge|[of] p2a: Rillaboom\n|turn|14\n|\n|t:|1700126148\n|move|p1a: Greninja|Water Shuriken|p2a: Rillaboom\n|-resisted|p2a: Rillaboom\n|-damage|p2a: Rillaboom|21\/100\n|-resisted|p2a: Rillaboom\n|-damage|p2a: Rillaboom|12\/100\n|-resisted|p2a: Rillaboom\n|-damage|p2a: Rillaboom|3\/100\n|-hitcount|p2a: Rillaboom|3\n|-damage|p1a: Greninja|69\/100|[from] item: Life Orb\n|move|p2a: Rillaboom|Grassy Glide|p1a: Greninja\n|-supereffective|p1a: Greninja\n|-damage|p1a: Greninja|0 fnt\n|faint|p1a: Greninja\n|\n|-heal|p2a: Rillaboom|9\/100|[from] Grassy Terrain\n|upkeep\n|\n|t:|1700126155\n|switch|p1a: Iron Valiant|Iron Valiant|100\/100\n|-damage|p1a: Iron Valiant|88\/100|[from] Spikes\n|-enditem|p1a: Iron Valiant|Booster Energy\n|-activate|p1a: Iron Valiant|ability: Quark Drive|[fromitem]\n|-start|p1a: Iron Valiant|quarkdrivespe\n|turn|15\n|\n|t:|1700126171\n|move|p2a: Rillaboom|Grassy Glide|p1a: Iron Valiant\n|-crit|p1a: Iron Valiant\n|-damage|p1a: Iron Valiant|0 fnt\n|faint|p1a: Iron Valiant\n|-end|p1a: Iron Valiant|Quark Drive|[silent]\n|\n|win|Carchawaii\n|raw|ComedyAlpha's rating: 1321 &rarr; <strong>1297<\/strong><br \/>(-24 for losing)\n|raw|Carchawaii's rating: 1252 &rarr; <strong>1282<\/strong><br \/>(+30 for winning)\n|c|\u2606ComedyAlpha|gg\n|l|\u2606ComedyAlpha\n","uploadtime":1700126179,"views":9,"p1id":"comedyalpha","p2id":"carchawaii","formatid":"gen9ou","rating":1282,"private":0,"password":""}