{"id":"gen9ou-1991658732","p1":"gorodavy","p2":"Petergriffinonline","format":"[Gen 9] OU","log":"|j|\u2606gorodavy\n|j|\u2606Petergriffinonline\n|t:|1700099413\n|gametype|singles\n|player|p1|gorodavy|boarder|\n|player|p2|Petergriffinonline|102|\n|teamsize|p1|6\n|teamsize|p2|6\n|gen|9\n|tier|[Gen 9] OU\n|rule|Sleep Clause Mod: Limit one foe put to sleep\n|rule|Species Clause: Limit one of each Pok\u00e9mon\n|rule|OHKO Clause: OHKO moves are banned\n|rule|Evasion Items Clause: Evasion items are banned\n|rule|Evasion Moves Clause: Evasion moves are banned\n|rule|Endless Battle Clause: Forcing endless battles is banned\n|rule|HP Percentage Mod: HP is shown in percentages\n|clearpoke\n|poke|p1|Rillaboom, M|\n|poke|p1|Greninja-*, M|\n|poke|p1|Sneasler, M|\n|poke|p1|Slowking-Galar, M|\n|poke|p1|Heatran, M|\n|poke|p1|Great Tusk|\n|poke|p2|Rotom-Wash|\n|poke|p2|Amoonguss, F|\n|poke|p2|Dragapult, F|\n|poke|p2|Iron Moth|\n|poke|p2|Greninja-*, M|\n|poke|p2|Manaphy|\n|teampreview\n|\n|t:|1700099425\n|start\n|switch|p1a: Heatran|Heatran, M, shiny|100\/100\n|switch|p2a: Rotom|Rotom-Wash|100\/100\n|turn|1\n|\n|t:|1700099433\n|switch|p1a: Rillaboom|Rillaboom, M|100\/100\n|-fieldstart|move: Grassy Terrain|[from] ability: Grassy Surge|[of] p1a: Rillaboom\n|move|p2a: Rotom|Trick|p1a: Rillaboom\n|-activate|p2a: Rotom|move: Trick|[of] p1a: Rillaboom\n|-item|p1a: Rillaboom|Choice Scarf|[from] move: Trick\n|-item|p2a: Rotom|Heavy-Duty Boots|[from] move: Trick\n|\n|upkeep\n|turn|2\n|\n|t:|1700099440\n|move|p1a: Rillaboom|Knock Off|p2a: Rotom\n|-damage|p2a: Rotom|54\/100\n|-enditem|p2a: Rotom|Heavy-Duty Boots|[from] move: Knock Off|[of] p1a: Rillaboom\n|move|p2a: Rotom|Will-O-Wisp|p1a: Rillaboom|[miss]\n|-miss|p2a: Rotom|p1a: Rillaboom\n|\n|upkeep\n|turn|3\n|\n|t:|1700099458\n|switch|p1a: Slowking|Slowking-Galar, M|100\/100\n|move|p2a: Rotom|Will-O-Wisp|p1a: Slowking\n|-status|p1a: Slowking|brn\n|\n|-damage|p1a: Slowking|94\/100 brn|[from] brn\n|upkeep\n|turn|4\n|\n|t:|1700099464\n|move|p2a: Rotom|Trick|p1a: Slowking\n|-activate|p2a: Rotom|move: Trick|[of] p1a: Slowking\n|-enditem|p1a: Slowking|Assault Vest|[silent]|[from] move: Trick\n|-item|p2a: Rotom|Assault Vest|[from] move: Trick\n|move|p1a: Slowking|Future Sight|p2a: Rotom\n|-start|p1a: Slowking|move: Future Sight\n|\n|-heal|p1a: Slowking|100\/100 brn|[from] Grassy Terrain\n|-damage|p1a: Slowking|94\/100 brn|[from] brn\n|upkeep\n|turn|5\n|\n|t:|1700099471\n|move|p2a: Rotom|Volt Switch|p1a: Slowking\n|-damage|p1a: Slowking|72\/100 brn\n|\n|t:|1700099474\n|switch|p2a: Greninja|Greninja, M|100\/100|[from] Volt Switch\n|move|p1a: Slowking|Sludge Bomb|p2a: Greninja\n|-damage|p2a: Greninja|37\/100\n|-status|p2a: Greninja|psn\n|\n|-heal|p2a: Greninja|43\/100 psn|[from] Grassy Terrain\n|-heal|p1a: Slowking|78\/100 brn|[from] Grassy Terrain\n|-damage|p2a: Greninja|31\/100 psn|[from] psn\n|-damage|p1a: Slowking|72\/100 brn|[from] brn\n|-fieldend|move: Grassy Terrain\n|upkeep\n|turn|6\n|\n|t:|1700099488\n|switch|p1a: Rillaboom|Rillaboom, M|100\/100\n|-fieldstart|move: Grassy Terrain|[from] ability: Grassy Surge|[of] p1a: Rillaboom\n|move|p2a: Greninja|Dark Pulse|p1a: Rillaboom\n|-damage|p1a: Rillaboom|47\/100\n|-damage|p2a: Greninja|21\/100 psn|[from] item: Life Orb\n|\n|-end|p2a: Greninja|move: Future Sight\n|-immune|p2a: Greninja\n|-heal|p2a: Greninja|27\/100 psn|[from] Grassy Terrain\n|-heal|p1a: Rillaboom|53\/100|[from] Grassy Terrain\n|-damage|p2a: Greninja|15\/100 psn|[from] psn\n|upkeep\n|turn|7\n|\n|t:|1700099494\n|move|p2a: Greninja|Ice Beam|p1a: Rillaboom\n|-supereffective|p1a: Rillaboom\n|-damage|p1a: Rillaboom|0 fnt\n|faint|p1a: Rillaboom\n|-ability|p2a: Greninja|Battle Bond|boost\n|-boost|p2a: Greninja|atk|1\n|-boost|p2a: Greninja|spa|1\n|-boost|p2a: Greninja|spe|1\n|-activate|p2a: Greninja|ability: Battle Bond\n|-damage|p2a: Greninja|5\/100 psn|[from] item: Life Orb\n|\n|-heal|p2a: Greninja|11\/100 psn|[from] Grassy Terrain\n|-damage|p2a: Greninja|0 fnt|[from] psn\n|faint|p2a: Greninja\n|upkeep\n|\n|t:|1700099510\n|switch|p2a: Iron Moth|Iron Moth|100\/100\n|switch|p1a: Sneasler|Sneasler, M, shiny|100\/100\n|-enditem|p1a: Sneasler|Grassy Seed\n|-boost|p1a: Sneasler|def|1|[from] item: Grassy Seed\n|-enditem|p2a: Iron Moth|Booster Energy\n|-activate|p2a: Iron Moth|ability: Quark Drive|[fromitem]\n|-start|p2a: Iron Moth|quarkdrivespe\n|turn|8\n|\n|t:|1700099519\n|move|p1a: Sneasler|Swords Dance|p1a: Sneasler\n|-boost|p1a: Sneasler|atk|2\n|move|p2a: Iron Moth|Substitute|p2a: Iron Moth\n|-start|p2a: Iron Moth|Substitute\n|-damage|p2a: Iron Moth|76\/100\n|\n|-heal|p2a: Iron Moth|82\/100|[from] Grassy Terrain\n|upkeep\n|turn|9\n|\n|t:|1700099523\n|move|p1a: Sneasler|Shadow Claw|p2a: Iron Moth\n|-crit|p2a: Iron Moth\n|-end|p2a: Iron Moth|Substitute\n|move|p2a: Iron Moth|Fiery Dance|p1a: Sneasler\n|-damage|p1a: Sneasler|49\/100\n|-boost|p2a: Iron Moth|spa|1\n|\n|-heal|p1a: Sneasler|55\/100|[from] Grassy Terrain\n|-heal|p2a: Iron Moth|88\/100|[from] Grassy Terrain\n|upkeep\n|turn|10\n|\n|t:|1700099530\n|move|p1a: Sneasler|Close Combat|p2a: Iron Moth\n|-resisted|p2a: Iron Moth\n|-damage|p2a: Iron Moth|0 fnt\n|-unboost|p1a: Sneasler|def|1\n|-unboost|p1a: Sneasler|spd|1\n|faint|p2a: Iron Moth\n|-end|p2a: Iron Moth|Quark Drive|[silent]\n|\n|-heal|p1a: Sneasler|61\/100|[from] Grassy Terrain\n|-fieldend|move: Grassy Terrain\n|upkeep\n|\n|t:|1700099539\n|switch|p2a: Amoonguss|Amoonguss, F|100\/100\n|turn|11\n|\n|t:|1700099544\n|-terastallize|p1a: Sneasler|Ice\n|move|p1a: Sneasler|Tera Blast|p2a: Amoonguss|[anim] Tera Blast Ice\n|-supereffective|p2a: Amoonguss\n|-damage|p2a: Amoonguss|0 fnt\n|faint|p2a: Amoonguss\n|\n|upkeep\n|\n|t:|1700099554\n|switch|p2a: Manaphy|Manaphy|100\/100\n|turn|12\n|\n|t:|1700099573\n|move|p1a: Sneasler|Close Combat|p2a: Manaphy\n|-damage|p2a: Manaphy|14\/100\n|-unboost|p1a: Sneasler|def|1\n|-unboost|p1a: Sneasler|spd|1\n|move|p2a: Manaphy|Acid Armor|p2a: Manaphy\n|-boost|p2a: Manaphy|def|2\n|\n|-heal|p2a: Manaphy|20\/100|[from] item: Leftovers\n|upkeep\n|turn|13\n|\n|t:|1700099577\n|move|p1a: Sneasler|Close Combat|p2a: Manaphy\n|-damage|p2a: Manaphy|0 fnt\n|-unboost|p1a: Sneasler|def|1\n|-unboost|p1a: Sneasler|spd|1\n|faint|p2a: Manaphy\n|\n|upkeep\n|\n|t:|1700099585\n|switch|p2a: Rotom|Rotom-Wash|54\/100\n|turn|14\n|\n|t:|1700099588\n|move|p1a: Sneasler|Close Combat|p2a: Rotom\n|-damage|p2a: Rotom|0 fnt\n|-unboost|p1a: Sneasler|def|1\n|-unboost|p1a: Sneasler|spd|1\n|faint|p2a: Rotom\n|\n|upkeep\n|\n|t:|1700099592\n|switch|p2a: Dragapult|Dragapult, F|100\/100\n|turn|15\n|\n|t:|1700099598\n|-terastallize|p2a: Dragapult|Dragon\n|move|p1a: Sneasler|Tera Blast|p2a: Dragapult|[anim] Tera Blast Ice\n|-supereffective|p2a: Dragapult\n|-crit|p2a: Dragapult\n|-damage|p2a: Dragapult|0 fnt\n|faint|p2a: Dragapult\n|\n|win|gorodavy\n|l|\u2606Petergriffinonline\n","uploadtime":1700099610,"views":8,"p1id":"gorodavy","p2id":"petergriffinonline","formatid":"gen9ou","rating":0,"private":0,"password":""}