{"id":"gen9ou-1989396801","p1":"ookillemd-tan","p2":"gock glocker","format":"[Gen 9] OU","log":"|j|\u2606ookillemd-tan\n|j|\u2606gock glocker\n|t:|1699844992\n|gametype|singles\n|player|p1|ookillemd-tan|101|1695\n|player|p2|gock glocker|acerola-masters|1714\n|teamsize|p1|6\n|teamsize|p2|6\n|gen|9\n|tier|[Gen 9] OU\n|rated|\n|rule|Sleep Clause Mod: Limit one foe put to sleep\n|rule|Species Clause: Limit one of each Pok\u00e9mon\n|rule|OHKO Clause: OHKO moves are banned\n|rule|Evasion Items Clause: Evasion items are banned\n|rule|Evasion Moves Clause: Evasion moves are banned\n|rule|Endless Battle Clause: Forcing endless battles is banned\n|rule|HP Percentage Mod: HP is shown in percentages\n|clearpoke\n|poke|p1|Heatran, F|\n|poke|p1|Clodsire, F|\n|poke|p1|Corviknight, M|\n|poke|p1|Dragapult, M|\n|poke|p1|Ditto|\n|poke|p1|Kingambit, M|\n|poke|p2|Landorus-Therian, M|\n|poke|p2|Kingambit, F|\n|poke|p2|Ogerpon-Wellspring, F|\n|poke|p2|Glimmora, M|\n|poke|p2|Dragapult, M|\n|poke|p2|Zapdos|\n|teampreview\n|inactive|Battle timer is ON: inactive players will automatically lose when time's up. (requested by gock glocker)\n|j| DR NEFARIO MD\n|j| HD Ieawodes\n|\n|t:|1699845003\n|start\n|switch|p1a: Corviknight|Corviknight, M|100\/100\n|switch|p2a: Glimmora|Glimmora, M|100\/100\n|-ability|p1a: Corviknight|Pressure\n|turn|1\n|\n|t:|1699845009\n|move|p2a: Glimmora|Stealth Rock|p1a: Corviknight\n|-sidestart|p1: ookillemd-tan|move: Stealth Rock\n|move|p1a: Corviknight|U-turn|p2a: Glimmora\n|-resisted|p2a: Glimmora\n|-damage|p2a: Glimmora|91\/100\n|-activate|p2a: Glimmora|ability: Toxic Debris\n|-sidestart|p1: ookillemd-tan|move: Toxic Spikes\n|\n|t:|1699845012\n|switch|p1a: Clodsire|Clodsire, F|100\/100|[from] U-turn\n|-damage|p1a: Clodsire|94\/100|[from] Stealth Rock\n|-sideend|p1: ookillemd-tan|move: Toxic Spikes|[of] p1a: Clodsire\n|\n|-heal|p1a: Clodsire|100\/100|[from] item: Leftovers\n|upkeep\n|turn|2\n|\n|t:|1699845021\n|move|p2a: Glimmora|Earth Power|p1a: Clodsire\n|-supereffective|p1a: Clodsire\n|-damage|p1a: Clodsire|60\/100\n|move|p1a: Clodsire|Earthquake|p2a: Glimmora\n|-supereffective|p2a: Glimmora\n|-damage|p2a: Glimmora|0 fnt\n|-activate|p2a: Glimmora|ability: Toxic Debris\n|-sidestart|p1: ookillemd-tan|move: Toxic Spikes\n|faint|p2a: Glimmora\n|\n|-heal|p1a: Clodsire|66\/100|[from] item: Leftovers\n|upkeep\n|\n|t:|1699845028\n|switch|p2a: Landorus|Landorus-Therian, M|100\/100\n|-ability|p2a: Landorus|Intimidate|boost\n|-unboost|p1a: Clodsire|atk|1\n|turn|3\n|\n|t:|1699845047\n|switch|p1a: Corviknight|Corviknight, M|100\/100\n|-damage|p1a: Corviknight|88\/100|[from] Stealth Rock\n|-ability|p1a: Corviknight|Pressure\n|move|p2a: Landorus|Substitute|p2a: Landorus\n|-start|p2a: Landorus|Substitute\n|-damage|p2a: Landorus|76\/100\n|\n|-heal|p2a: Landorus|82\/100|[from] item: Leftovers\n|-heal|p1a: Corviknight|94\/100|[from] item: Leftovers\n|upkeep\n|turn|4\n|inactive|ookillemd-tan has 120 seconds left.\n|\n|t:|1699845083\n|move|p2a: Landorus|Bulk Up|p2a: Landorus\n|-boost|p2a: Landorus|atk|1\n|-boost|p2a: Landorus|def|1\n|move|p1a: Corviknight|Defog|p2a: Landorus\n|-sideend|p1: ookillemd-tan|Toxic Spikes|[from] move: Defog|[of] p1a: Corviknight\n|-sideend|p1: ookillemd-tan|Stealth Rock|[from] move: Defog|[of] p1a: Corviknight\n|\n|-heal|p2a: Landorus|88\/100|[from] item: Leftovers\n|-heal|p1a: Corviknight|99\/100|[from] item: Leftovers\n|upkeep\n|turn|5\n|\n|t:|1699845093\n|move|p2a: Landorus|Bulk Up|p2a: Landorus\n|-boost|p2a: Landorus|atk|1\n|-boost|p2a: Landorus|def|1\n|move|p1a: Corviknight|Brave Bird|p2a: Landorus\n|-activate|p2a: Landorus|move: Substitute|[damage]\n|-damage|p1a: Corviknight|94\/100|[from] Recoil|[of] p2a: Landorus\n|\n|-heal|p2a: Landorus|94\/100|[from] item: Leftovers\n|-heal|p1a: Corviknight|99\/100|[from] item: Leftovers\n|upkeep\n|turn|6\n|\n|t:|1699845096\n|move|p2a: Landorus|Bulk Up|p2a: Landorus\n|-boost|p2a: Landorus|atk|1\n|-boost|p2a: Landorus|def|1\n|move|p1a: Corviknight|Brave Bird|p2a: Landorus\n|-end|p2a: Landorus|Substitute\n|-damage|p1a: Corviknight|98\/100|[from] Recoil|[of] p2a: Landorus\n|\n|-heal|p2a: Landorus|99\/100|[from] item: Leftovers\n|-heal|p1a: Corviknight|100\/100|[from] item: Leftovers\n|upkeep\n|turn|7\n|\n|t:|1699845100\n|move|p2a: Landorus|Substitute|p2a: Landorus\n|-start|p2a: Landorus|Substitute\n|-damage|p2a: Landorus|75\/100\n|move|p1a: Corviknight|U-turn|p2a: Landorus\n|-resisted|p2a: Landorus\n|-activate|p2a: Landorus|move: Substitute|[damage]\n|\n|t:|1699845106\n|switch|p1a: Dragapult|Dragapult, M|100\/100|[from] U-turn\n|\n|-heal|p2a: Landorus|81\/100|[from] item: Leftovers\n|upkeep\n|turn|8\n|\n|t:|1699845119\n|switch|p2a: Kingambit|Kingambit, F|100\/100\n|-activate|p2a: Kingambit|ability: Supreme Overlord\n|-start|p2a: Kingambit|fallen1|[silent]\n|move|p1a: Dragapult|Draco Meteor|p2a: Kingambit\n|-resisted|p2a: Kingambit\n|-damage|p2a: Kingambit|57\/100\n|-unboost|p1a: Dragapult|spa|2\n|\n|-heal|p2a: Kingambit|63\/100|[from] item: Leftovers\n|upkeep\n|turn|9\n|\n|t:|1699845134\n|switch|p1a: Kingambit|Kingambit, M|100\/100\n|-end|p2a: Kingambit|fallen1|[silent]\n|switch|p2a: Dragapult|Dragapult, M|100\/100\n|\n|upkeep\n|turn|10\n|\n|t:|1699845148\n|switch|p2a: Zapdos|Zapdos|100\/100\n|-end|p1a: Kingambit|fallenundefined|[silent]\n|switch|p1a: Heatran|Heatran, F|100\/100\n|\n|upkeep\n|turn|11\n|\n|t:|1699845150\n|move|p2a: Zapdos|Volt Switch|p1a: Heatran\n|-damage|p1a: Heatran|71\/100\n|\n|t:|1699845153\n|switch|p2a: Ogerpon|Ogerpon-Wellspring, F|100\/100|[from] Volt Switch\n|move|p1a: Heatran|Magma Storm|p2a: Ogerpon\n|-damage|p2a: Ogerpon|39\/100\n|-activate|p2a: Ogerpon|move: Magma Storm|[of] p1a: Heatran\n|\n|-heal|p1a: Heatran|77\/100|[from] item: Leftovers\n|-damage|p2a: Ogerpon|26\/100|[from] move: Magma Storm|[partiallytrapped]\n|upkeep\n|turn|12\n|\n|t:|1699845171\n|switch|p1a: Dragapult|Dragapult, M|100\/100\n|move|p2a: Ogerpon|Ivy Cudgel|p1a: Dragapult\n|-resisted|p1a: Dragapult\n|-damage|p1a: Dragapult|60\/100\n|\n|-end|p2a: Ogerpon|Magma Storm|[partiallytrapped]|[silent]\n|upkeep\n|turn|13\n|\n|t:|1699845188\n|move|p1a: Dragapult|Flamethrower|p2a: Ogerpon\n|-damage|p2a: Ogerpon|0 fnt\n|faint|p2a: Ogerpon\n|\n|upkeep\n|\n|t:|1699845191\n|switch|p2a: Dragapult|Dragapult, M|100\/100\n|turn|14\n|\n|t:|1699845201\n|switch|p1a: Heatran|Heatran, F|77\/100\n|move|p2a: Dragapult|U-turn|p1a: Heatran\n|-resisted|p1a: Heatran\n|-damage|p1a: Heatran|74\/100\n|\n|t:|1699845204\n|switch|p2a: Landorus|Landorus-Therian, M|81\/100|[from] U-turn\n|-ability|p2a: Landorus|Intimidate|boost\n|-unboost|p1a: Heatran|atk|1\n|\n|-heal|p2a: Landorus|87\/100|[from] item: Leftovers\n|-heal|p1a: Heatran|80\/100|[from] item: Leftovers\n|upkeep\n|turn|15\n|\n|t:|1699845211\n|switch|p1a: Corviknight|Corviknight, M|100\/100\n|-ability|p1a: Corviknight|Pressure\n|move|p2a: Landorus|Earthquake|p1a: Corviknight\n|-immune|p1a: Corviknight\n|\n|-heal|p2a: Landorus|93\/100|[from] item: Leftovers\n|upkeep\n|turn|16\n|\n|t:|1699845218\n|switch|p2a: Zapdos|Zapdos|100\/100\n|move|p1a: Corviknight|U-turn|p2a: Zapdos\n|-resisted|p2a: Zapdos\n|-damage|p2a: Zapdos|92\/100\n|\n|t:|1699845232\n|switch|p1a: Heatran|Heatran, F|80\/100|[from] U-turn\n|\n|-heal|p1a: Heatran|86\/100|[from] item: Leftovers\n|upkeep\n|turn|17\n|\n|t:|1699845240\n|move|p2a: Zapdos|Volt Switch|p1a: Heatran\n|-damage|p1a: Heatran|53\/100\n|\n|t:|1699845243\n|switch|p2a: Dragapult|Dragapult, M|100\/100|[from] Volt Switch\n|move|p1a: Heatran|Magma Storm|p2a: Dragapult|[miss]\n|-miss|p1a: Heatran|p2a: Dragapult\n|\n|-heal|p1a: Heatran|60\/100|[from] item: Leftovers\n|upkeep\n|turn|18\n|\n|t:|1699845256\n|switch|p1a: Corviknight|Corviknight, M|100\/100\n|-ability|p1a: Corviknight|Pressure\n|move|p2a: Dragapult|Shadow Ball|p1a: Corviknight\n|-damage|p1a: Corviknight|49\/100\n|-unboost|p1a: Corviknight|spd|1\n|\n|-heal|p1a: Corviknight|55\/100|[from] item: Leftovers\n|upkeep\n|turn|19\n|\n|t:|1699845263\n|switch|p1a: Kingambit|Kingambit, M|100\/100\n|move|p2a: Dragapult|Shadow Ball|p1a: Kingambit\n|-resisted|p1a: Kingambit\n|-damage|p1a: Kingambit|69\/100\n|-unboost|p1a: Kingambit|spd|1\n|\n|upkeep\n|turn|20\n|\n|t:|1699845269\n|switch|p2a: Zapdos|Zapdos|92\/100\n|move|p1a: Kingambit|Kowtow Cleave|p2a: Zapdos\n|-damage|p2a: Zapdos|39\/100\n|-status|p1a: Kingambit|par|[from] ability: Static|[of] p2a: Zapdos\n|\n|upkeep\n|turn|21\n|\n|t:|1699845275\n|move|p2a: Zapdos|Roost|p2a: Zapdos\n|-heal|p2a: Zapdos|90\/100\n|-singleturn|p2a: Zapdos|move: Roost\n|move|p1a: Kingambit|Kowtow Cleave|p2a: Zapdos\n|-damage|p2a: Zapdos|21\/100\n|\n|upkeep\n|turn|22\n|\n|t:|1699845285\n|move|p2a: Zapdos|Roost|p2a: Zapdos\n|-heal|p2a: Zapdos|71\/100\n|-singleturn|p2a: Zapdos|move: Roost\n|move|p1a: Kingambit|Kowtow Cleave|p2a: Zapdos\n|-damage|p2a: Zapdos|0 fnt\n|faint|p2a: Zapdos\n|\n|upkeep\n|\n|t:|1699845291\n|switch|p2a: Landorus|Landorus-Therian, M|93\/100\n|-ability|p2a: Landorus|Intimidate|boost\n|-unboost|p1a: Kingambit|atk|1\n|turn|23\n|\n|t:|1699845296\n|-end|p1a: Kingambit|fallenundefined|[silent]\n|switch|p1a: Corviknight|Corviknight, M|55\/100\n|-ability|p1a: Corviknight|Pressure\n|move|p2a: Landorus|Substitute|p2a: Landorus\n|-start|p2a: Landorus|Substitute\n|-damage|p2a: Landorus|68\/100\n|\n|-heal|p2a: Landorus|74\/100|[from] item: Leftovers\n|-heal|p1a: Corviknight|61\/100|[from] item: Leftovers\n|upkeep\n|turn|24\n|\n|t:|1699845302\n|move|p2a: Landorus|Bulk Up|p2a: Landorus\n|-boost|p2a: Landorus|atk|1\n|-boost|p2a: Landorus|def|1\n|move|p1a: Corviknight|Brave Bird|p2a: Landorus\n|-activate|p2a: Landorus|move: Substitute|[damage]\n|-damage|p1a: Corviknight|54\/100|[from] Recoil|[of] p2a: Landorus\n|\n|-heal|p2a: Landorus|80\/100|[from] item: Leftovers\n|-heal|p1a: Corviknight|60\/100|[from] item: Leftovers\n|upkeep\n|turn|25\n|\n|t:|1699845322\n|move|p2a: Landorus|Bulk Up|p2a: Landorus\n|-boost|p2a: Landorus|atk|1\n|-boost|p2a: Landorus|def|1\n|move|p1a: Corviknight|Brave Bird|p2a: Landorus\n|-end|p2a: Landorus|Substitute\n|-damage|p1a: Corviknight|59\/100|[from] Recoil|[of] p2a: Landorus\n|\n|-heal|p2a: Landorus|86\/100|[from] item: Leftovers\n|-heal|p1a: Corviknight|65\/100|[from] item: Leftovers\n|upkeep\n|turn|26\n|j| ferragamo belt\n|\n|t:|1699845334\n|move|p2a: Landorus|Substitute|p2a: Landorus\n|-start|p2a: Landorus|Substitute\n|-damage|p2a: Landorus|61\/100\n|move|p1a: Corviknight|U-turn|p2a: Landorus\n|-resisted|p2a: Landorus\n|-activate|p2a: Landorus|move: Substitute|[damage]\n|\n|t:|1699845337\n|switch|p1a: Dragapult|Dragapult, M|60\/100|[from] U-turn\n|\n|-heal|p2a: Landorus|67\/100|[from] item: Leftovers\n|upkeep\n|turn|27\n|l| ferragamo belt\n|inactive|ookillemd-tan has 120 seconds left.\n|\n|t:|1699845377\n|switch|p2a: Kingambit|Kingambit, F|63\/100\n|-activate|p2a: Kingambit|ability: Supreme Overlord\n|-start|p2a: Kingambit|fallen3|[silent]\n|move|p1a: Dragapult|Draco Meteor|p2a: Kingambit\n|-resisted|p2a: Kingambit\n|-damage|p2a: Kingambit|21\/100\n|-unboost|p1a: Dragapult|spa|2\n|\n|-heal|p2a: Kingambit|28\/100|[from] item: Leftovers\n|upkeep\n|turn|28\n|\n|t:|1699845391\n|switch|p1a: Kingambit|Kingambit, M|69\/100 par\n|move|p2a: Kingambit|Kowtow Cleave|p1a: Kingambit\n|-resisted|p1a: Kingambit\n|-damage|p1a: Kingambit|40\/100 par\n|\n|-heal|p2a: Kingambit|34\/100|[from] item: Leftovers\n|upkeep\n|turn|29\n|inactive|ookillemd-tan has 120 seconds left.\n|\n|t:|1699845402\n|move|p2a: Kingambit|Iron Head|p1a: Kingambit\n|-resisted|p1a: Kingambit\n|-damage|p1a: Kingambit|12\/100 par\n|cant|p1a: Kingambit|flinch\n|\n|-heal|p2a: Kingambit|40\/100|[from] item: Leftovers\n|upkeep\n|turn|30\n|\n|t:|1699845405\n|move|p2a: Kingambit|Iron Head|p1a: Kingambit\n|-resisted|p1a: Kingambit\n|-damage|p1a: Kingambit|0 fnt\n|faint|p1a: Kingambit\n|-end|p1a: Kingambit|fallenundefined|[silent]\n|\n|-heal|p2a: Kingambit|46\/100|[from] item: Leftovers\n|upkeep\n|\n|t:|1699845412\n|switch|p1a: Heatran|Heatran, F|60\/100\n|turn|31\n|\n|t:|1699845417\n|-end|p2a: Kingambit|fallen3|[silent]\n|switch|p2a: Dragapult|Dragapult, M|100\/100\n|move|p1a: Heatran|Taunt|p2a: Dragapult\n|-start|p2a: Dragapult|move: Taunt\n|\n|-heal|p1a: Heatran|66\/100|[from] item: Leftovers\n|upkeep\n|turn|32\n|\n|t:|1699845434\n|switch|p1a: Corviknight|Corviknight, M|65\/100\n|-ability|p1a: Corviknight|Pressure\n|move|p2a: Dragapult|Shadow Ball|p1a: Corviknight\n|-damage|p1a: Corviknight|17\/100\n|\n|-heal|p1a: Corviknight|23\/100|[from] item: Leftovers\n|upkeep\n|turn|33\n|\n|t:|1699845441\n|move|p2a: Dragapult|Shadow Ball|p1a: Corviknight\n|-damage|p1a: Corviknight|0 fnt\n|faint|p1a: Corviknight\n|\n|-end|p2a: Dragapult|move: Taunt\n|upkeep\n|\n|t:|1699845444\n|switch|p1a: Ditto|Ditto|100\/100\n|-transform|p1a: Ditto|p2a: Dragapult|[from] ability: Imposter\n|turn|34\n|\n|t:|1699845452\n|move|p1a: Ditto|Flamethrower|p2a: Dragapult\n|-resisted|p2a: Dragapult\n|-damage|p2a: Dragapult|83\/100\n|move|p2a: Dragapult|Shadow Ball|p1a: Ditto\n|-supereffective|p1a: Ditto\n|-damage|p1a: Ditto|0 fnt\n|faint|p1a: Ditto\n|\n|upkeep\n|\n|t:|1699845456\n|switch|p1a: Dragapult|Dragapult, M|60\/100\n|turn|35\n|\n|t:|1699845468\n|move|p1a: Dragapult|Draco Meteor|p2a: Dragapult\n|-supereffective|p2a: Dragapult\n|-damage|p2a: Dragapult|0 fnt\n|-unboost|p1a: Dragapult|spa|2\n|faint|p2a: Dragapult\n|\n|upkeep\n|\n|t:|1699845472\n|switch|p2a: Kingambit|Kingambit, F|46\/100\n|-activate|p2a: Kingambit|ability: Supreme Overlord\n|-start|p2a: Kingambit|fallen4|[silent]\n|turn|36\n|\n|t:|1699845478\n|switch|p1a: Clodsire|Clodsire, F|66\/100\n|move|p2a: Kingambit|Swords Dance|p2a: Kingambit\n|-boost|p2a: Kingambit|atk|2\n|\n|-heal|p2a: Kingambit|53\/100|[from] item: Leftovers\n|-heal|p1a: Clodsire|72\/100|[from] item: Leftovers\n|upkeep\n|turn|37\n|\n|t:|1699845483\n|move|p2a: Kingambit|Kowtow Cleave|p1a: Clodsire\n|-damage|p1a: Clodsire|0 fnt\n|faint|p1a: Clodsire\n|\n|-heal|p2a: Kingambit|59\/100|[from] item: Leftovers\n|upkeep\n|\n|t:|1699845485\n|switch|p1a: Heatran|Heatran, F|66\/100\n|turn|38\n|\n|t:|1699845492\n|move|p2a: Kingambit|Sucker Punch||[still]\n|-fail|p2a: Kingambit\n|move|p1a: Heatran|Taunt|p2a: Kingambit\n|-start|p2a: Kingambit|move: Taunt\n|\n|-heal|p1a: Heatran|72\/100|[from] item: Leftovers\n|-heal|p2a: Kingambit|65\/100|[from] item: Leftovers\n|upkeep\n|turn|39\n|j| Bibbert\n|\n|t:|1699845506\n|-terastallize|p2a: Kingambit|Fairy\n|move|p1a: Heatran|Taunt||[still]\n|-fail|p1a: Heatran\n|move|p2a: Kingambit|Kowtow Cleave|p1a: Heatran\n|-damage|p1a: Heatran|0 fnt\n|faint|p1a: Heatran\n|\n|-heal|p2a: Kingambit|71\/100|[from] item: Leftovers\n|upkeep\n|c|\u2606gock glocker|gg\n|\n|t:|1699845512\n|switch|p1a: Dragapult|Dragapult, M|60\/100\n|turn|40\n|\n|t:|1699845514\n|-terastallize|p1a: Dragapult|Ghost\n|move|p2a: Kingambit|Sucker Punch|p1a: Dragapult\n|-supereffective|p1a: Dragapult\n|-damage|p1a: Dragapult|0 fnt\n|faint|p1a: Dragapult\n|\n|win|gock glocker\n|raw|ookillemd-tan's rating: 1695 &rarr; <strong>1676<\/strong><br \/>(-19 for losing)\n|raw|gock glocker's rating: 1714 &rarr; <strong>1733<\/strong><br \/>(+19 for winning)\n|c|\u2606ookillemd-tan|gg\n|l|\u2606ookillemd-tan\n|l| HD Ieawodes\n|l| DR NEFARIO MD\n|l| Bibbert\n|j| Bibbert\n|l| Bibbert\n","uploadtime":1699845807,"views":30,"p1id":"ookillemdtan","p2id":"gockglocker","formatid":"gen9ou","rating":1676,"private":0,"password":""}