{"id":"gen9ou-1992683084","p1":"JiR0k","p2":"outdated ahh team","format":"[Gen 9] OU","log":"|j|\u2606JiR0k\n|j|\u2606outdated ahh team\n|t:|1700224798\n|gametype|singles\n|player|p1|JiR0k|red|1474\n|player|p2|outdated ahh team|bruno-gen2|1601\n|teamsize|p1|6\n|teamsize|p2|6\n|gen|9\n|tier|[Gen 9] OU\n|rated|\n|rule|Sleep Clause Mod: Limit one foe put to sleep\n|rule|Species Clause: Limit one of each Pok\u00e9mon\n|rule|OHKO Clause: OHKO moves are banned\n|rule|Evasion Items Clause: Evasion items are banned\n|rule|Evasion Moves Clause: Evasion moves are banned\n|rule|Endless Battle Clause: Forcing endless battles is banned\n|rule|HP Percentage Mod: HP is shown in percentages\n|clearpoke\n|poke|p1|Great Tusk|\n|poke|p1|Dondozo, M|\n|poke|p1|Slowking-Galar, M|\n|poke|p1|Rillaboom, F|\n|poke|p1|Iron Moth|\n|poke|p1|Zapdos|\n|poke|p2|Kingambit, M|\n|poke|p2|Ogerpon-Wellspring, F|\n|poke|p2|Hoopa-Unbound|\n|poke|p2|Iron Valiant|\n|poke|p2|Arcanine-Hisui, F|\n|poke|p2|Great Tusk|\n|teampreview\n|inactive|Battle timer is ON: inactive players will automatically lose when time's up. (requested by outdated ahh team)\n|\n|t:|1700224824\n|start\n|switch|p1a: Zapdos|Zapdos|100\/100\n|switch|p2a: Alpha \ud83d\udc15|Arcanine-Hisui, F|100\/100\n|turn|1\n|inactive|JiR0k has 120 seconds left.\n|inactive|outdated ahh team has 120 seconds left.\n|\n|t:|1700224883\n|move|p2a: Alpha \ud83d\udc15|Head Smash|p1a: Zapdos\n|-supereffective|p1a: Zapdos\n|-damage|p1a: Zapdos|0 fnt\n|faint|p1a: Zapdos\n|\n|upkeep\n|\n|t:|1700224902\n|switch|p1a: Great Tusk|Great Tusk|100\/100\n|turn|2\n|\n|t:|1700224914\n|switch|p2a: Tuskuthy the Great|Great Tusk|100\/100\n|move|p1a: Great Tusk|Rapid Spin|p2a: Tuskuthy the Great\n|-damage|p2a: Tuskuthy the Great|86\/100\n|-boost|p1a: Great Tusk|spe|1\n|\n|upkeep\n|turn|3\n|\n|t:|1700224922\n|move|p1a: Great Tusk|Ice Spinner|p2a: Tuskuthy the Great\n|-supereffective|p2a: Tuskuthy the Great\n|-damage|p2a: Tuskuthy the Great|41\/100\n|move|p2a: Tuskuthy the Great|Knock Off|p1a: Great Tusk\n|-resisted|p1a: Great Tusk\n|-damage|p1a: Great Tusk|88\/100\n|-enditem|p1a: Great Tusk|Assault Vest|[from] move: Knock Off|[of] p2a: Tuskuthy the Great\n|\n|upkeep\n|turn|4\n|\n|t:|1700224935\n|move|p1a: Great Tusk|Rapid Spin|p2a: Tuskuthy the Great\n|-crit|p2a: Tuskuthy the Great\n|-damage|p2a: Tuskuthy the Great|19\/100\n|-boost|p1a: Great Tusk|spe|1\n|move|p2a: Tuskuthy the Great|Ice Spinner|p1a: Great Tusk\n|-supereffective|p1a: Great Tusk\n|-damage|p1a: Great Tusk|46\/100\n|\n|upkeep\n|turn|5\n|\n|t:|1700224958\n|move|p1a: Great Tusk|Earthquake|p2a: Tuskuthy the Great\n|-damage|p2a: Tuskuthy the Great|0 fnt\n|faint|p2a: Tuskuthy the Great\n|-end|p2a: Tuskuthy the Great|Protosynthesis|[silent]\n|\n|upkeep\n|\n|t:|1700224961\n|switch|p2a: Alisa Bosconovitch|Iron Valiant|100\/100\n|turn|6\n|inactive|JiR0k has 120 seconds left.\n|\n|t:|1700224994\n|-end|p1a: Great Tusk|Protosynthesis|[silent]\n|switch|p1a: Slowking|Slowking-Galar, M|100\/100\n|move|p2a: Alisa Bosconovitch|Moonblast|p1a: Slowking\n|-resisted|p1a: Slowking\n|-damage|p1a: Slowking|87\/100\n|\n|upkeep\n|turn|7\n|\n|t:|1700225010\n|-end|p2a: Alisa Bosconovitch|Quark Drive|[silent]\n|switch|p2a: Ryomen Sukuna \u26e9\ufe0f|Hoopa-Unbound|100\/100\n|move|p1a: Slowking|Future Sight|p2a: Ryomen Sukuna \u26e9\ufe0f\n|-start|p1a: Slowking|move: Future Sight\n|\n|upkeep\n|turn|8\n|inactive|JiR0k has 120 seconds left.\n|\n|t:|1700225031\n|switch|p1a: Dondozo|Dondozo, M|100\/100\n|move|p2a: Ryomen Sukuna \u26e9\ufe0f|Knock Off|p1a: Dondozo\n|-damage|p1a: Dondozo|67\/100\n|-enditem|p1a: Dondozo|Leftovers|[from] move: Knock Off|[of] p2a: Ryomen Sukuna \u26e9\ufe0f\n|\n|upkeep\n|turn|9\n|inactive|outdated ahh team has 120 seconds left.\n|inactive|JiR0k has 120 seconds left.\n|inactive|outdated ahh team has 90 seconds left.\n|inactive|outdated ahh team has 60 seconds left.\n|\n|t:|1700225125\n|switch|p1a: Rillaboom|Rillaboom, F|100\/100\n|-fieldstart|move: Grassy Terrain|[from] ability: Grassy Surge|[of] p1a: Rillaboom\n|move|p2a: Ryomen Sukuna \u26e9\ufe0f|Thunderbolt|p1a: Rillaboom\n|-resisted|p1a: Rillaboom\n|-damage|p1a: Rillaboom|81\/100\n|\n|-end|p2a: Ryomen Sukuna \u26e9\ufe0f|move: Future Sight\n|-immune|p2a: Ryomen Sukuna \u26e9\ufe0f\n|-heal|p1a: Rillaboom|87\/100|[from] Grassy Terrain\n|upkeep\n|turn|10\n|inactive|JiR0k has 120 seconds left.\n|\n|t:|1700225141\n|switch|p2a: Guts \u2694\ufe0f|Kingambit, M|100\/100\n|-activate|p2a: Guts \u2694\ufe0f|ability: Supreme Overlord\n|-start|p2a: Guts \u2694\ufe0f|fallen1|[silent]\n|move|p1a: Rillaboom|Wood Hammer|p2a: Guts \u2694\ufe0f\n|-resisted|p2a: Guts \u2694\ufe0f\n|-damage|p2a: Guts \u2694\ufe0f|41\/100\n|-damage|p1a: Rillaboom|70\/100|[from] Recoil\n|\n|-heal|p1a: Rillaboom|76\/100|[from] Grassy Terrain\n|-heal|p2a: Guts \u2694\ufe0f|47\/100|[from] Grassy Terrain\n|-heal|p2a: Guts \u2694\ufe0f|53\/100|[from] item: Leftovers\n|upkeep\n|turn|11\n|inactive|JiR0k has 120 seconds left.\n|\n|t:|1700225151\n|switch|p1a: Great Tusk|Great Tusk|46\/100\n|move|p2a: Guts \u2694\ufe0f|Iron Head|p1a: Great Tusk\n|-damage|p1a: Great Tusk|11\/100\n|\n|-heal|p1a: Great Tusk|17\/100|[from] Grassy Terrain\n|-heal|p2a: Guts \u2694\ufe0f|59\/100|[from] Grassy Terrain\n|-heal|p2a: Guts \u2694\ufe0f|66\/100|[from] item: Leftovers\n|upkeep\n|turn|12\n|\n|t:|1700225163\n|-end|p1a: Great Tusk|Protosynthesis|[silent]\n|switch|p1a: Rillaboom|Rillaboom, F|76\/100\n|move|p2a: Guts \u2694\ufe0f|Iron Head|p1a: Rillaboom\n|-damage|p1a: Rillaboom|32\/100\n|\n|-heal|p1a: Rillaboom|38\/100|[from] Grassy Terrain\n|-heal|p2a: Guts \u2694\ufe0f|72\/100|[from] Grassy Terrain\n|-heal|p2a: Guts \u2694\ufe0f|78\/100|[from] item: Leftovers\n|upkeep\n|turn|13\n|\n|t:|1700225182\n|move|p2a: Guts \u2694\ufe0f|Sucker Punch|p1a: Rillaboom\n|-damage|p1a: Rillaboom|1\/100\n|move|p1a: Rillaboom|High Horsepower|p2a: Guts \u2694\ufe0f|[miss]\n|-miss|p1a: Rillaboom|p2a: Guts \u2694\ufe0f\n|\n|-heal|p1a: Rillaboom|7\/100|[from] Grassy Terrain\n|-heal|p2a: Guts \u2694\ufe0f|84\/100|[from] Grassy Terrain\n|-heal|p2a: Guts \u2694\ufe0f|90\/100|[from] item: Leftovers\n|-fieldend|move: Grassy Terrain\n|upkeep\n|turn|14\n|-message|JiR0k forfeited.\n|\n|win|outdated ahh team\n|raw|JiR0k's rating: 1474 &rarr; <strong>1461<\/strong><br \/>(-13 for losing)\n|raw|outdated ahh team's rating: 1601 &rarr; <strong>1614<\/strong><br \/>(+13 for winning)\n|l|\u2606JiR0k\n","uploadtime":1700225190,"views":8,"p1id":"jir0k","p2id":"outdatedahhteam","formatid":"gen9ou","rating":1461,"private":0,"password":""}