{"id":"gen9ou-1993541822","p1":"mauricio3173","p2":"gcy9","format":"[Gen 9] OU","log":"|j|\u2606mauricio3173\n|j|\u2606gcy9\n|t:|1700329798\n|gametype|singles\n|player|p1|mauricio3173|102|1402\n|player|p2|gcy9|170|1476\n|teamsize|p1|6\n|teamsize|p2|6\n|gen|9\n|tier|[Gen 9] OU\n|rated|\n|rule|Sleep Clause Mod: Limit one foe put to sleep\n|rule|Species Clause: Limit one of each Pok\u00e9mon\n|rule|OHKO Clause: OHKO moves are banned\n|rule|Evasion Items Clause: Evasion items are banned\n|rule|Evasion Moves Clause: Evasion moves are banned\n|rule|Endless Battle Clause: Forcing endless battles is banned\n|rule|HP Percentage Mod: HP is shown in percentages\n|clearpoke\n|poke|p1|Weezing-Galar, M|\n|poke|p1|Ceruledge, F|\n|poke|p1|Dragapult, F|\n|poke|p1|Sneasler, M|\n|poke|p1|Rillaboom, F|\n|poke|p1|Kingambit, M|\n|poke|p2|Dragapult, F|\n|poke|p2|Gyarados, F|\n|poke|p2|Great Tusk|\n|poke|p2|Rillaboom, F|\n|poke|p2|Sneasler, F|\n|poke|p2|Kingambit, F|\n|teampreview\n|\n|t:|1700329821\n|start\n|switch|p1a: Ceruledge|Ceruledge, F|100\/100\n|switch|p2a: Dragapult|Dragapult, F|100\/100\n|turn|1\n|\n|t:|1700329853\n|move|p2a: Dragapult|Shadow Ball|p1a: Ceruledge\n|-supereffective|p1a: Ceruledge\n|-crit|p1a: Ceruledge\n|-damage|p1a: Ceruledge|4\/100\n|move|p1a: Ceruledge|Swords Dance|p1a: Ceruledge\n|-boost|p1a: Ceruledge|atk|2\n|\n|upkeep\n|turn|2\n|\n|t:|1700329862\n|move|p1a: Ceruledge|Shadow Sneak|p2a: Dragapult\n|-supereffective|p2a: Dragapult\n|-damage|p2a: Dragapult|0 fnt\n|-start|p1a: Ceruledge|Disable|Shadow Sneak|[from] ability: Cursed Body|[of] p2a: Dragapult\n|faint|p2a: Dragapult\n|\n|upkeep\n|\n|t:|1700329880\n|switch|p2a: Sneasler|Sneasler, F|100\/100\n|turn|3\n|\n|t:|1700329899\n|move|p2a: Sneasler|Dire Claw|p1a: Ceruledge\n|-resisted|p1a: Ceruledge\n|-damage|p1a: Ceruledge|0 fnt\n|faint|p1a: Ceruledge\n|\n|upkeep\n|\n|t:|1700329903\n|switch|p1a: Weezing|Weezing-Galar, M, shiny|100\/100\n|-ability|p1a: Weezing|Neutralizing Gas\n|turn|4\n|\n|t:|1700329913\n|switch|p2a: Great Tusk|Great Tusk|100\/100\n|move|p1a: Weezing|Will-O-Wisp|p2a: Great Tusk\n|-status|p2a: Great Tusk|brn\n|-enditem|p2a: Great Tusk|Lum Berry|[eat]\n|-curestatus|p2a: Great Tusk|brn|[msg]\n|\n|upkeep\n|turn|5\n|\n|t:|1700329940\n|move|p2a: Great Tusk|Headlong Rush|p1a: Weezing\n|-supereffective|p1a: Weezing\n|-damage|p1a: Weezing|13\/100\n|-unboost|p2a: Great Tusk|def|1\n|-unboost|p2a: Great Tusk|spd|1\n|move|p1a: Weezing|Will-O-Wisp|p2a: Great Tusk\n|-status|p2a: Great Tusk|brn\n|\n|-heal|p1a: Weezing|19\/100|[from] item: Leftovers\n|-damage|p2a: Great Tusk|94\/100 brn|[from] brn\n|upkeep\n|turn|6\n|c|\u2606mauricio3173|your hax is so big bro\n|c|\u2606gcy9|ok lil bro\n|\n|t:|1700329977\n|-end|p1a: Weezing|ability: Neutralizing Gas\n|switch|p1a: Rillaboom|Rillaboom, F|100\/100\n|-fieldstart|move: Grassy Terrain|[from] ability: Grassy Surge|[of] p1a: Rillaboom\n|move|p2a: Great Tusk|Stealth Rock|p1a: Rillaboom\n|-sidestart|p1: mauricio3173|move: Stealth Rock\n|\n|-heal|p2a: Great Tusk|100\/100 brn|[from] Grassy Terrain\n|-damage|p2a: Great Tusk|94\/100 brn|[from] brn\n|upkeep\n|turn|7\n|\n|t:|1700329984\n|-end|p2a: Great Tusk|Protosynthesis|[silent]\n|switch|p2a: Sneasler|Sneasler, F|100\/100\n|-enditem|p2a: Sneasler|Grassy Seed\n|-boost|p2a: Sneasler|def|1|[from] item: Grassy Seed\n|move|p1a: Rillaboom|Grassy Glide|p2a: Sneasler\n|-resisted|p2a: Sneasler\n|-damage|p2a: Sneasler|68\/100\n|\n|-heal|p2a: Sneasler|74\/100|[from] Grassy Terrain\n|upkeep\n|turn|8\n|\n|t:|1700330000\n|move|p1a: Rillaboom|Grassy Glide|p2a: Sneasler\n|-resisted|p2a: Sneasler\n|-damage|p2a: Sneasler|45\/100\n|move|p2a: Sneasler|Swords Dance|p2a: Sneasler\n|-boost|p2a: Sneasler|atk|2\n|\n|-heal|p2a: Sneasler|52\/100|[from] Grassy Terrain\n|upkeep\n|turn|9\n|\n|t:|1700330010\n|switch|p1a: Weezing|Weezing-Galar, M, shiny|19\/100\n|-ability|p1a: Weezing|Neutralizing Gas\n|-damage|p1a: Weezing|7\/100|[from] Stealth Rock\n|move|p2a: Sneasler|Dire Claw|p1a: Weezing\n|-damage|p1a: Weezing|0 fnt\n|faint|p1a: Weezing\n|-end|p1a: Weezing|ability: Neutralizing Gas\n|\n|-heal|p2a: Sneasler|58\/100|[from] Grassy Terrain\n|upkeep\n|\n|t:|1700330012\n|switch|p1a: Sneasler|Sneasler, M|100\/100\n|-damage|p1a: Sneasler|95\/100|[from] Stealth Rock\n|-enditem|p1a: Sneasler|Grassy Seed\n|-boost|p1a: Sneasler|def|1|[from] item: Grassy Seed\n|turn|10\n|\n|t:|1700330020\n|move|p1a: Sneasler|Dire Claw|p2a: Sneasler\n|-resisted|p2a: Sneasler\n|-damage|p2a: Sneasler|35\/100\n|move|p2a: Sneasler|Dire Claw|p1a: Sneasler\n|-resisted|p1a: Sneasler\n|-damage|p1a: Sneasler|41\/100\n|-status|p1a: Sneasler|slp\n|\n|-heal|p1a: Sneasler|47\/100 slp|[from] Grassy Terrain\n|-heal|p2a: Sneasler|41\/100|[from] Grassy Terrain\n|-fieldend|move: Grassy Terrain\n|upkeep\n|turn|11\n|c|\u2606mauricio3173|jajaja man\n|c|\u2606mauricio3173|come on\n|\n|t:|1700330041\n|cant|p1a: Sneasler|slp\n|move|p2a: Sneasler|Dire Claw|p1a: Sneasler\n|-resisted|p1a: Sneasler\n|-damage|p1a: Sneasler|0 fnt\n|faint|p1a: Sneasler\n|\n|upkeep\n|\n|t:|1700330044\n|switch|p1a: Rillaboom|Rillaboom, F|100\/100\n|-damage|p1a: Rillaboom|88\/100|[from] Stealth Rock\n|-fieldstart|move: Grassy Terrain|[from] ability: Grassy Surge|[of] p1a: Rillaboom\n|turn|12\n|\n|t:|1700330048\n|-terastallize|p1a: Rillaboom|Grass\n|move|p1a: Rillaboom|Grassy Glide|p2a: Sneasler\n|-resisted|p2a: Sneasler\n|-damage|p2a: Sneasler|0 fnt\n|faint|p2a: Sneasler\n|\n|-heal|p1a: Rillaboom|94\/100|[from] Grassy Terrain\n|upkeep\n|inactive|Battle timer is ON: inactive players will automatically lose when time's up. (requested by mauricio3173)\n|inactive|gcy9 has 120 seconds left.\n|\n|t:|1700330124\n|switch|p2a: Gyarados|Gyarados, F|100\/100\n|turn|13\n|\n|t:|1700330144\n|-terastallize|p2a: Gyarados|Flying\n|move|p1a: Rillaboom|Grassy Glide|p2a: Gyarados\n|-resisted|p2a: Gyarados\n|-damage|p2a: Gyarados|52\/100\n|move|p2a: Gyarados|Dragon Dance|p2a: Gyarados\n|-boost|p2a: Gyarados|atk|1\n|-boost|p2a: Gyarados|spe|1\n|\n|-heal|p2a: Gyarados|58\/100|[from] item: Leftovers\n|-heal|p1a: Rillaboom|100\/100|[from] Grassy Terrain\n|upkeep\n|turn|14\n|\n|t:|1700330159\n|switch|p1a: Kingambit|Kingambit, M|100\/100\n|-damage|p1a: Kingambit|95\/100|[from] Stealth Rock\n|-activate|p1a: Kingambit|ability: Supreme Overlord\n|-start|p1a: Kingambit|fallen3|[silent]\n|move|p2a: Gyarados|Tera Blast|p1a: Kingambit|[anim] Tera Blast Flying\n|-resisted|p1a: Kingambit\n|-damage|p1a: Kingambit|57\/100\n|\n|-heal|p2a: Gyarados|64\/100|[from] item: Leftovers\n|-heal|p1a: Kingambit|63\/100|[from] Grassy Terrain\n|upkeep\n|turn|15\n|\n|t:|1700330167\n|move|p2a: Gyarados|Substitute|p2a: Gyarados\n|-start|p2a: Gyarados|Substitute\n|-damage|p2a: Gyarados|39\/100\n|move|p1a: Kingambit|Kowtow Cleave|p2a: Gyarados\n|-end|p2a: Gyarados|Substitute\n|\n|-heal|p2a: Gyarados|46\/100|[from] item: Leftovers\n|-heal|p1a: Kingambit|69\/100|[from] Grassy Terrain\n|upkeep\n|turn|16\n|\n|t:|1700330174\n|move|p2a: Gyarados|Waterfall|p1a: Kingambit\n|-crit|p1a: Kingambit\n|-damage|p1a: Kingambit|0 fnt\n|faint|p1a: Kingambit\n|-end|p1a: Kingambit|fallen3|[silent]\n|-ability|p2a: Gyarados|Moxie|boost\n|-boost|p2a: Gyarados|atk|1\n|\n|-heal|p2a: Gyarados|52\/100|[from] item: Leftovers\n|-fieldend|move: Grassy Terrain\n|upkeep\n|c|\u2606mauricio3173|man\n|c|\u2606mauricio3173|your hax is so incredible\n|\n|t:|1700330186\n|switch|p1a: Dragapult|Dragapult, F|100\/100\n|-damage|p1a: Dragapult|88\/100|[from] Stealth Rock\n|turn|17\n|\n|t:|1700330204\n|switch|p2a: Kingambit|Kingambit, F|100\/100\n|-activate|p2a: Kingambit|ability: Supreme Overlord\n|-start|p2a: Kingambit|fallen2|[silent]\n|move|p1a: Dragapult|Draco Meteor|p2a: Kingambit\n|-resisted|p2a: Kingambit\n|-damage|p2a: Kingambit|56\/100\n|-unboost|p1a: Dragapult|spa|2\n|\n|-heal|p2a: Kingambit|62\/100|[from] item: Leftovers\n|upkeep\n|turn|18\n|c|\u2606mauricio3173|all the game you have hax and you win for it\n|\n|t:|1700330217\n|switch|p1a: Rillaboom|Rillaboom, F, tera:Grass|100\/100\n|-damage|p1a: Rillaboom|88\/100|[from] Stealth Rock\n|-fieldstart|move: Grassy Terrain|[from] ability: Grassy Surge|[of] p1a: Rillaboom\n|move|p2a: Kingambit|Kowtow Cleave|p1a: Rillaboom\n|-damage|p1a: Rillaboom|21\/100\n|\n|-heal|p1a: Rillaboom|27\/100|[from] Grassy Terrain\n|-heal|p2a: Kingambit|68\/100|[from] Grassy Terrain\n|-heal|p2a: Kingambit|74\/100|[from] item: Leftovers\n|upkeep\n|turn|19\n|\n|t:|1700330236\n|move|p1a: Rillaboom|Grassy Glide|p2a: Kingambit\n|-resisted|p2a: Kingambit\n|-damage|p2a: Kingambit|41\/100\n|move|p2a: Kingambit|Sucker Punch||[still]\n|-fail|p2a: Kingambit\n|\n|-heal|p1a: Rillaboom|34\/100|[from] Grassy Terrain\n|-heal|p2a: Kingambit|47\/100|[from] Grassy Terrain\n|-heal|p2a: Kingambit|53\/100|[from] item: Leftovers\n|upkeep\n|turn|20\n|\n|t:|1700330243\n|move|p1a: Rillaboom|Grassy Glide|p2a: Kingambit\n|-resisted|p2a: Kingambit\n|-damage|p2a: Kingambit|20\/100\n|move|p2a: Kingambit|Kowtow Cleave|p1a: Rillaboom\n|-crit|p1a: Rillaboom\n|-damage|p1a: Rillaboom|0 fnt\n|faint|p1a: Rillaboom\n|\n|-heal|p2a: Kingambit|27\/100|[from] Grassy Terrain\n|-heal|p2a: Kingambit|33\/100|[from] item: Leftovers\n|upkeep\n|c|\u2606mauricio3173|noob\n|-message|mauricio3173 forfeited.\n|\n|win|gcy9\n|raw|mauricio3173's rating: 1425 &rarr; <strong>1408<\/strong><br \/>(-17 for losing)\n|raw|gcy9's rating: 1476 &rarr; <strong>1493<\/strong><br \/>(+17 for winning)\n|l|\u2606mauricio3173\n","uploadtime":1700330262,"views":8,"p1id":"mauricio3173","p2id":"gcy9","formatid":"gen9ou","rating":1408,"private":0,"password":""}