{"id":"gen9ou-1988231330","p1":"jrbt2023","p2":"jdrick","format":"[Gen 9] OU","log":"|j|\u2606jrbt2023\n|j|\u2606jdrick\n|t:|1699690265\n|gametype|singles\n|player|p1|jrbt2023|harlequin|\n|player|p2|jdrick|clerk|\n|teamsize|p1|6\n|teamsize|p2|6\n|gen|9\n|tier|[Gen 9] OU\n|rule|Sleep Clause Mod: Limit one foe put to sleep\n|rule|Species Clause: Limit one of each Pok\u00e9mon\n|rule|OHKO Clause: OHKO moves are banned\n|rule|Evasion Items Clause: Evasion items are banned\n|rule|Evasion Moves Clause: Evasion moves are banned\n|rule|Endless Battle Clause: Forcing endless battles is banned\n|rule|HP Percentage Mod: HP is shown in percentages\n|clearpoke\n|poke|p1|Alomomola, M|\n|poke|p1|Sneasler, M|\n|poke|p1|Rillaboom, F|\n|poke|p1|Ribombee, F|\n|poke|p1|Great Tusk|\n|poke|p1|Dragapult, M|\n|poke|p2|Dragapult, F|\n|poke|p2|Sneasler, F|\n|poke|p2|Toxapex, M|\n|poke|p2|Empoleon, M|\n|poke|p2|Kingambit, F|\n|poke|p2|Clefable, M|\n|teampreview\n|c|\u2606jrbt2023|well well\n|c|\u2606jdrick|HEHE\n|\n|t:|1699690313\n|start\n|switch|p1a: Ribombee|Ribombee, F, shiny|100\/100\n|switch|p2a: Dragapult|Dragapult, F|100\/100\n|turn|1\n|c|\u2606jdrick|Why if it isn't\n|c|\u2606jdrick|pokemon master jrbt2023\n|c|\u2606jrbt2023|hello hello jdrick\n|c|\u2606jrbt2023|i feel like ull fuck me on this one\n|\n|t:|1699690338\n|move|p1a: Ribombee|Sticky Web|p2a: Dragapult\n|-sidestart|p2: jdrick|move: Sticky Web\n|move|p2a: Dragapult|Light Screen|p2a: Dragapult\n|-sidestart|p2: jdrick|move: Light Screen\n|\n|upkeep\n|turn|2\n|c|\u2606jdrick|CHOICE OF WORDS\n|\n|t:|1699690360\n|switch|p1a: Alomomola|Alomomola, M, shiny|100\/100\n|move|p2a: Dragapult|Reflect|p2a: Dragapult\n|-sidestart|p2: jdrick|Reflect\n|\n|upkeep\n|turn|3\n|\n|t:|1699690371\n|switch|p1a: Dragapult|Dragapult, M, shiny|100\/100\n|move|p2a: Dragapult|Dragon Darts|p1a: Dragapult\n|-supereffective|p1a: Dragapult\n|-damage|p1a: Dragapult|43\/100\n|-anim|p2a: Dragapult|Dragon Darts|p1a: Dragapult\n|-supereffective|p1a: Dragapult\n|-damage|p1a: Dragapult|0 fnt\n|faint|p1a: Dragapult\n|\n|upkeep\n|c|\u2606jrbt2023|CRAP\n|c|\u2606jrbt2023|NJFULEISB\n|\n|t:|1699690383\n|switch|p1a: Rillaboom|Rillaboom, F, shiny|100\/100\n|-fieldstart|move: Grassy Terrain|[from] ability: Grassy Surge|[of] p1a: Rillaboom\n|turn|4\n|c|\u2606jdrick|HAHAHDSHJADHK\n|c|\u2606jrbt2023|I THREW\n|\n|t:|1699690399\n|switch|p2a: Sneasler|Sneasler, F|100\/100\n|-activate|p2a: Sneasler|move: Sticky Web\n|-unboost|p2a: Sneasler|spe|1\n|move|p1a: Rillaboom|Knock Off|p2a: Sneasler\n|-resisted|p2a: Sneasler\n|-damage|p2a: Sneasler|86\/100\n|-enditem|p2a: Sneasler|Protective Pads|[from] move: Knock Off|[of] p1a: Rillaboom\n|\n|-heal|p2a: Sneasler|92\/100|[from] Grassy Terrain\n|upkeep\n|turn|5\n|\n|t:|1699690412\n|switch|p1a: Sneasler|Sneasler, M|100\/100\n|-enditem|p1a: Sneasler|Grassy Seed\n|-boost|p1a: Sneasler|def|1|[from] item: Grassy Seed\n|move|p2a: Sneasler|Fake Out|p1a: Sneasler\n|-damage|p1a: Sneasler|84\/100\n|\n|-heal|p1a: Sneasler|90\/100|[from] Grassy Terrain\n|-heal|p2a: Sneasler|98\/100|[from] Grassy Terrain\n|upkeep\n|turn|6\n|\n|t:|1699690451\n|-terastallize|p1a: Sneasler|Ghost\n|move|p1a: Sneasler|Swords Dance|p1a: Sneasler\n|-boost|p1a: Sneasler|atk|2\n|move|p2a: Sneasler|U-turn|p1a: Sneasler\n|-resisted|p1a: Sneasler\n|-damage|p1a: Sneasler|75\/100\n|\n|t:|1699690458\n|switch|p2a: Toxapex|Toxapex, M|100\/100|[from] U-turn\n|-activate|p2a: Toxapex|move: Sticky Web\n|-unboost|p2a: Toxapex|spe|1\n|\n|-heal|p1a: Sneasler|81\/100|[from] Grassy Terrain\n|upkeep\n|turn|7\n|\n|t:|1699690469\n|move|p1a: Sneasler|Shadow Claw|p2a: Toxapex\n|-damage|p2a: Toxapex|75\/100\n|move|p2a: Toxapex|Haze|p2a: Toxapex\n|-clearallboost\n|\n|-heal|p1a: Sneasler|87\/100|[from] Grassy Terrain\n|-heal|p2a: Toxapex|81\/100|[from] Grassy Terrain\n|-heal|p2a: Toxapex|87\/100|[from] item: Leftovers\n|upkeep\n|turn|8\n|c|\u2606jrbt2023|THE HAZE\n|c|\u2606jdrick|HEHE\n|\n|t:|1699690485\n|move|p1a: Sneasler|Dire Claw|p2a: Toxapex\n|-resisted|p2a: Toxapex\n|-damage|p2a: Toxapex|81\/100\n|move|p2a: Toxapex|Surf|p1a: Sneasler\n|-damage|p1a: Sneasler|64\/100\n|\n|-heal|p1a: Sneasler|70\/100|[from] Grassy Terrain\n|-heal|p2a: Toxapex|87\/100|[from] Grassy Terrain\n|-heal|p2a: Toxapex|93\/100|[from] item: Leftovers\n|-sideend|p2: jdrick|move: Light Screen\n|upkeep\n|turn|9\n|\n|t:|1699690493\n|switch|p1a: Alomomola|Alomomola, M, shiny|100\/100\n|move|p2a: Toxapex|Surf|p1a: Alomomola\n|-resisted|p1a: Alomomola\n|-damage|p1a: Alomomola|89\/100\n|-enditem|p1a: Alomomola|Red Card|[of] p2a: Toxapex\n|drag|p2a: Empoleon|Empoleon, M|100\/100\n|-activate|p2a: Empoleon|move: Sticky Web\n|-unboost|p2a: Empoleon|spe|1\n|-ability|p2a: Empoleon|Competitive|boost\n|-boost|p2a: Empoleon|spa|2\n|\n|-heal|p1a: Alomomola|95\/100|[from] Grassy Terrain\n|-sideend|p2: jdrick|Reflect\n|upkeep\n|turn|10\n|\n|t:|1699690506\n|move|p1a: Alomomola|Scald|p2a: Empoleon\n|-resisted|p2a: Empoleon\n|-damage|p2a: Empoleon|97\/100\n|move|p2a: Empoleon|Stealth Rock|p1a: Alomomola\n|-sidestart|p1: jrbt2023|move: Stealth Rock\n|\n|-heal|p1a: Alomomola|100\/100|[from] Grassy Terrain\n|-heal|p2a: Empoleon|100\/100|[from] Grassy Terrain\n|upkeep\n|turn|11\n|\n|t:|1699690522\n|move|p1a: Alomomola|Scald|p2a: Empoleon\n|-resisted|p2a: Empoleon\n|-damage|p2a: Empoleon|96\/100\n|move|p2a: Empoleon|Flip Turn|p1a: Alomomola\n|-resisted|p1a: Alomomola\n|-damage|p1a: Alomomola|96\/100\n|\n|t:|1699690540\n|switch|p2a: Sneasler|Sneasler, F|98\/100|[from] Flip Turn\n|-activate|p2a: Sneasler|move: Sticky Web\n|-unboost|p2a: Sneasler|spe|1\n|\n|-heal|p2a: Sneasler|100\/100|[from] Grassy Terrain\n|-heal|p1a: Alomomola|100\/100|[from] Grassy Terrain\n|-fieldend|move: Grassy Terrain\n|upkeep\n|turn|12\n|\n|t:|1699690552\n|move|p2a: Sneasler|Fake Out|p1a: Alomomola\n|-damage|p1a: Alomomola|93\/100\n|cant|p1a: Alomomola|flinch\n|\n|upkeep\n|turn|13\n|\n|t:|1699690559\n|move|p2a: Sneasler|Dire Claw|p1a: Alomomola\n|-damage|p1a: Alomomola|70\/100\n|move|p1a: Alomomola|Wish|p1a: Alomomola\n|\n|upkeep\n|turn|14\n|\n|t:|1699690566\n|move|p2a: Sneasler|Dire Claw|p1a: Alomomola\n|-damage|p1a: Alomomola|46\/100\n|move|p1a: Alomomola|Flip Turn|p2a: Sneasler\n|-damage|p2a: Sneasler|72\/100\n|\n|t:|1699690571\n|switch|p1a: Sneasler|Sneasler, M, tera:Ghost|70\/100|[from] Flip Turn\n|-damage|p1a: Sneasler|58\/100|[from] Stealth Rock\n|\n|-heal|p1a: Sneasler|100\/100|[from] move: Wish|[wisher] Alomomola\n|upkeep\n|turn|15\n|c|\u2606jrbt2023|i shouldve taken my time...\n|\n|t:|1699690605\n|move|p1a: Sneasler|Swords Dance|p1a: Sneasler\n|-boost|p1a: Sneasler|atk|2\n|move|p2a: Sneasler|Dire Claw|p1a: Sneasler\n|-resisted|p1a: Sneasler\n|-damage|p1a: Sneasler|63\/100\n|-status|p1a: Sneasler|par\n|\n|upkeep\n|turn|16\n|\n|t:|1699690618\n|move|p2a: Sneasler|U-turn|p1a: Sneasler\n|-resisted|p1a: Sneasler\n|-damage|p1a: Sneasler|41\/100 par\n|\n|t:|1699690621\n|switch|p2a: Toxapex|Toxapex, M|100\/100|[from] U-turn\n|-activate|p2a: Toxapex|move: Sticky Web\n|-unboost|p2a: Toxapex|spe|1\n|cant|p1a: Sneasler|par\n|\n|upkeep\n|turn|17\n|c|\u2606jdrick|it's alright brother\n|\n|t:|1699690632\n|switch|p1a: Alomomola|Alomomola, M, shiny|79\/100\n|-damage|p1a: Alomomola|67\/100|[from] Stealth Rock\n|move|p2a: Toxapex|Haze|p2a: Toxapex\n|-clearallboost\n|\n|upkeep\n|turn|18\n|\n|t:|1699690641\n|move|p1a: Alomomola|Wish|p1a: Alomomola\n|move|p2a: Toxapex|Toxic|p1a: Alomomola\n|-status|p1a: Alomomola|tox\n|\n|-damage|p1a: Alomomola|61\/100 tox|[from] psn\n|upkeep\n|turn|19\n|\n|t:|1699690654\n|move|p1a: Alomomola|Flip Turn|p2a: Toxapex\n|-resisted|p2a: Toxapex\n|-damage|p2a: Toxapex|95\/100\n|c|\u2606jrbt2023|HAHAHAHA I TOLD U MINE WAS GIMMICKY\n|c|\u2606jdrick|HAHAHAHHA DON'T WORRY MINE IS TOO\n|\n|t:|1699690676\n|switch|p1a: Great Tusk|Great Tusk|100\/100|[from] Flip Turn\n|-damage|p1a: Great Tusk|98\/100|[from] Stealth Rock\n|-enditem|p1a: Great Tusk|Booster Energy\n|-activate|p1a: Great Tusk|ability: Protosynthesis|[fromitem]\n|-start|p1a: Great Tusk|protosynthesisatk\n|move|p2a: Toxapex|Recover|p2a: Toxapex\n|-heal|p2a: Toxapex|100\/100\n|\n|-heal|p1a: Great Tusk|100\/100|[from] move: Wish|[wisher] Alomomola\n|upkeep\n|turn|20\n|c|\u2606jdrick|HAZE IS\n|c|\u2606jdrick|WELL\n|c|\u2606jdrick|HAZE\n|\n|t:|1699690690\n|move|p1a: Great Tusk|Headlong Rush|p2a: Toxapex\n|-supereffective|p2a: Toxapex\n|-damage|p2a: Toxapex|0 fnt\n|-unboost|p1a: Great Tusk|def|1\n|-unboost|p1a: Great Tusk|spd|1\n|faint|p2a: Toxapex\n|\n|upkeep\n|c|\u2606jdrick|SHEESH\n|c|\u2606jrbt2023|still haze was SMART\n|\n|t:|1699690704\n|switch|p2a: Dragapult|Dragapult, F|100\/100\n|-activate|p2a: Dragapult|move: Sticky Web\n|-unboost|p2a: Dragapult|spe|1\n|turn|21\n|\n|t:|1699690711\n|move|p1a: Great Tusk|Knock Off|p2a: Dragapult\n|-supereffective|p2a: Dragapult\n|-damage|p2a: Dragapult|0 fnt\n|-start|p1a: Great Tusk|Disable|Knock Off|[from] ability: Cursed Body|[of] p2a: Dragapult\n|-enditem|p2a: Dragapult|Light Clay|[from] move: Knock Off|[of] p1a: Great Tusk\n|faint|p2a: Dragapult\n|\n|upkeep\n|c|\u2606jdrick|DAMN\n|\n|t:|1699690720\n|switch|p2a: Clefable|Clefable, M|100\/100\n|-activate|p2a: Clefable|move: Sticky Web\n|-unboost|p2a: Clefable|spe|1\n|turn|22\n|c|\u2606jrbt2023|HEY DONT TAKE IT EASY ON ME\n|\n|t:|1699690728\n|move|p1a: Great Tusk|Rapid Spin|p2a: Clefable\n|-damage|p2a: Clefable|84\/100\n|-boost|p1a: Great Tusk|spe|1\n|-sideend|p1: jrbt2023|Stealth Rock|[from] move: Rapid Spin|[of] p1a: Great Tusk\n|move|p2a: Clefable|Moonblast|p1a: Great Tusk\n|-supereffective|p1a: Great Tusk\n|-damage|p1a: Great Tusk|0 fnt\n|faint|p1a: Great Tusk\n|-end|p1a: Great Tusk|Protosynthesis|[silent]\n|\n|-heal|p2a: Clefable|90\/100|[from] item: Leftovers\n|upkeep\n|c|\u2606jrbt2023|AH OK I WAS DUMB FOR THAT HFEBEKAFB\n|c|\u2606jdrick|NAH DW\n|c|\u2606jdrick|I STRUGGLED\n|c|\u2606jdrick|You deserve a good match\n|\n|t:|1699690769\n|switch|p1a: Rillaboom|Rillaboom, F, shiny|100\/100\n|-fieldstart|move: Grassy Terrain|[from] ability: Grassy Surge|[of] p1a: Rillaboom\n|turn|23\n|\n|t:|1699690776\n|move|p1a: Rillaboom|Knock Off|p2a: Clefable\n|-resisted|p2a: Clefable\n|-damage|p2a: Clefable|77\/100\n|-enditem|p2a: Clefable|Leftovers|[from] move: Knock Off|[of] p1a: Rillaboom\n|move|p2a: Clefable|Stealth Rock|p1a: Rillaboom\n|-sidestart|p1: jrbt2023|move: Stealth Rock\n|\n|-heal|p2a: Clefable|83\/100|[from] Grassy Terrain\n|upkeep\n|turn|24\n|\n|t:|1699690791\n|move|p1a: Rillaboom|Drum Beating|p2a: Clefable\n|-damage|p2a: Clefable|45\/100\n|-unboost|p2a: Clefable|spe|1\n|move|p2a: Clefable|Wish|p2a: Clefable\n|\n|-heal|p2a: Clefable|51\/100|[from] Grassy Terrain\n|upkeep\n|turn|25\n|\n|t:|1699690798\n|move|p1a: Rillaboom|Drum Beating|p2a: Clefable\n|-crit|p2a: Clefable\n|-damage|p2a: Clefable|0 fnt\n|faint|p2a: Clefable\n|\n|upkeep\n|c|\u2606jrbt2023|CRIT MATTERED\n|c|\u2606jdrick|CRIT\n|\n|t:|1699690806\n|switch|p2a: Sneasler|Sneasler, F|72\/100\n|-activate|p2a: Sneasler|move: Sticky Web\n|-unboost|p2a: Sneasler|spe|1\n|turn|26\n|\n|t:|1699690820\n|switch|p1a: Alomomola|Alomomola, M, shiny|94\/100 tox\n|-damage|p1a: Alomomola|82\/100 tox|[from] Stealth Rock\n|move|p2a: Sneasler|Fake Out|p1a: Alomomola\n|-damage|p1a: Alomomola|75\/100 tox\n|\n|-heal|p2a: Sneasler|78\/100|[from] Grassy Terrain\n|-heal|p1a: Alomomola|81\/100 tox|[from] Grassy Terrain\n|-damage|p1a: Alomomola|75\/100 tox|[from] psn\n|upkeep\n|turn|27\n|\n|t:|1699690830\n|move|p2a: Sneasler|Dire Claw|p1a: Alomomola\n|-damage|p1a: Alomomola|52\/100 tox\n|move|p1a: Alomomola|Scald|p2a: Sneasler\n|-damage|p2a: Sneasler|63\/100\n|-status|p2a: Sneasler|brn\n|\n|-heal|p2a: Sneasler|69\/100 brn|[from] Grassy Terrain\n|-heal|p1a: Alomomola|58\/100 tox|[from] Grassy Terrain\n|-damage|p1a: Alomomola|46\/100 tox|[from] psn\n|-damage|p2a: Sneasler|63\/100 brn|[from] brn\n|upkeep\n|turn|28\n|c|\u2606jdrick|aw crap\n|\n|t:|1699690845\n|move|p2a: Sneasler|Dire Claw|p1a: Alomomola\n|-damage|p1a: Alomomola|34\/100 tox\n|move|p1a: Alomomola|Wish|p1a: Alomomola\n|\n|-heal|p2a: Sneasler|69\/100 brn|[from] Grassy Terrain\n|-heal|p1a: Alomomola|40\/100 tox|[from] Grassy Terrain\n|-damage|p1a: Alomomola|22\/100 tox|[from] psn\n|-damage|p2a: Sneasler|63\/100 brn|[from] brn\n|upkeep\n|turn|29\n|\n|t:|1699690853\n|move|p2a: Sneasler|U-turn|p1a: Alomomola\n|-damage|p1a: Alomomola|15\/100 tox\n|\n|t:|1699690857\n|switch|p2a: Empoleon|Empoleon, M|96\/100|[from] U-turn\n|-activate|p2a: Empoleon|move: Sticky Web\n|-unboost|p2a: Empoleon|spe|1\n|-ability|p2a: Empoleon|Competitive|boost\n|-boost|p2a: Empoleon|spa|2\n|move|p1a: Alomomola|Flip Turn|p2a: Empoleon\n|-resisted|p2a: Empoleon\n|-damage|p2a: Empoleon|87\/100\n|\n|t:|1699690864\n|switch|p1a: Sneasler|Sneasler, M, tera:Ghost|41\/100 par|[from] Flip Turn\n|-damage|p1a: Sneasler|28\/100 par|[from] Stealth Rock\n|\n|-heal|p1a: Sneasler|100\/100 par|[from] move: Wish|[wisher] Alomomola\n|-heal|p2a: Empoleon|94\/100|[from] Grassy Terrain\n|-heal|p2a: Empoleon|99\/100|[from] item: Leftovers\n|upkeep\n|turn|30\n|c|\u2606jdrick|EY\n|\n|t:|1699690880\n|move|p1a: Sneasler|Swords Dance|p1a: Sneasler\n|-boost|p1a: Sneasler|atk|2\n|move|p2a: Empoleon|Surf|p1a: Sneasler\n|-damage|p1a: Sneasler|13\/100 par\n|\n|-heal|p1a: Sneasler|19\/100 par|[from] Grassy Terrain\n|-heal|p2a: Empoleon|100\/100|[from] Grassy Terrain\n|-fieldend|move: Grassy Terrain\n|upkeep\n|turn|31\n|\n|t:|1699690889\n|move|p1a: Sneasler|Close Combat|p2a: Empoleon\n|-supereffective|p2a: Empoleon\n|-damage|p2a: Empoleon|0 fnt\n|-unboost|p1a: Sneasler|def|1\n|-unboost|p1a: Sneasler|spd|1\n|faint|p2a: Empoleon\n|\n|upkeep\n|c|\u2606jrbt2023|oh gof\n|\n|t:|1699690893\n|switch|p2a: Sneasler|Sneasler, F|63\/100 brn\n|-activate|p2a: Sneasler|move: Sticky Web\n|-unboost|p2a: Sneasler|spe|1\n|turn|32\n|\n|t:|1699690913\n|switch|p1a: Ribombee|Ribombee, F, shiny|100\/100\n|-damage|p1a: Ribombee|76\/100|[from] Stealth Rock\n|move|p2a: Sneasler|Fake Out|p1a: Ribombee\n|-damage|p1a: Ribombee|62\/100\n|\n|-damage|p2a: Sneasler|57\/100 brn|[from] brn\n|upkeep\n|turn|33\n|\n|t:|1699690922\n|switch|p1a: Sneasler|Sneasler, M, tera:Ghost|19\/100 par\n|-damage|p1a: Sneasler|6\/100 par|[from] Stealth Rock\n|move|p2a: Sneasler|Dire Claw|p1a: Sneasler\n|-resisted|p1a: Sneasler\n|-damage|p1a: Sneasler|0 fnt\n|faint|p1a: Sneasler\n|\n|-damage|p2a: Sneasler|51\/100 brn|[from] brn\n|upkeep\n|\n|t:|1699690937\n|switch|p1a: Ribombee|Ribombee, F, shiny|62\/100\n|-damage|p1a: Ribombee|37\/100|[from] Stealth Rock\n|turn|34\n|\n|t:|1699690944\n|move|p1a: Ribombee|Moonblast|p2a: Sneasler\n|-damage|p2a: Sneasler|0 fnt\n|faint|p2a: Sneasler\n|\n|upkeep\n|c|\u2606jdrick|backed to a corner i see\n|\n|t:|1699690957\n|switch|p2a: Kingambit|Kingambit, F|100\/100\n|-activate|p2a: Kingambit|move: Sticky Web\n|-unboost|p2a: Kingambit|spe|1\n|-activate|p2a: Kingambit|ability: Supreme Overlord\n|-start|p2a: Kingambit|fallen5|[silent]\n|turn|35\n|c|\u2606jrbt2023|its the most broken corner in the game jonathan\n|\n|t:|1699690974\n|move|p2a: Kingambit|Sucker Punch|p1a: Ribombee\n|-resisted|p1a: Ribombee\n|-damage|p1a: Ribombee|0 fnt\n|faint|p1a: Ribombee\n|\n|upkeep\n|c|\u2606jdrick|perhaps\n|\n|t:|1699690982\n|switch|p1a: Rillaboom|Rillaboom, F, shiny|100\/100\n|-damage|p1a: Rillaboom|88\/100|[from] Stealth Rock\n|-fieldstart|move: Grassy Terrain|[from] ability: Grassy Surge|[of] p1a: Rillaboom\n|turn|36\n|c|\u2606jrbt2023|i hate u\n|c|\u2606jrbt2023|HAHAHAHA\n|c|\u2606jdrick|HAHAHHA\n|\n|t:|1699690992\n|move|p2a: Kingambit|Sucker Punch|p1a: Rillaboom\n|-damage|p1a: Rillaboom|18\/100\n|move|p1a: Rillaboom|Drain Punch|p2a: Kingambit\n|-supereffective|p2a: Kingambit\n|-damage|p2a: Kingambit|24\/100\n|-heal|p1a: Rillaboom|62\/100|[from] drain|[of] p2a: Kingambit\n|\n|-heal|p1a: Rillaboom|69\/100|[from] Grassy Terrain\n|-heal|p2a: Kingambit|31\/100|[from] Grassy Terrain\n|-heal|p2a: Kingambit|37\/100|[from] item: Leftovers\n|upkeep\n|turn|37\n|\n|t:|1699691003\n|switch|p1a: Alomomola|Alomomola, M, shiny|48\/100 tox\n|-damage|p1a: Alomomola|36\/100 tox|[from] Stealth Rock\n|move|p2a: Kingambit|Sucker Punch||[still]\n|-fail|p2a: Kingambit\n|\n|-heal|p1a: Alomomola|42\/100 tox|[from] Grassy Terrain\n|-heal|p2a: Kingambit|43\/100|[from] Grassy Terrain\n|-heal|p2a: Kingambit|49\/100|[from] item: Leftovers\n|-damage|p1a: Alomomola|36\/100 tox|[from] psn\n|upkeep\n|turn|38\n|\n|t:|1699691009\n|move|p2a: Kingambit|Sucker Punch||[still]\n|-fail|p2a: Kingambit\n|move|p1a: Alomomola|Wish|p1a: Alomomola\n|\n|-heal|p1a: Alomomola|42\/100 tox|[from] Grassy Terrain\n|-heal|p2a: Kingambit|56\/100|[from] Grassy Terrain\n|-heal|p2a: Kingambit|62\/100|[from] item: Leftovers\n|-damage|p1a: Alomomola|30\/100 tox|[from] psn\n|upkeep\n|turn|39\n|\n|t:|1699691015\n|move|p2a: Kingambit|Sucker Punch|p1a: Alomomola\n|-damage|p1a: Alomomola|0 fnt\n|faint|p1a: Alomomola\n|\n|-heal|p2a: Kingambit|68\/100|[from] Grassy Terrain\n|-heal|p2a: Kingambit|74\/100|[from] item: Leftovers\n|upkeep\n|\n|t:|1699691017\n|switch|p1a: Rillaboom|Rillaboom, F, shiny|69\/100\n|-damage|p1a: Rillaboom|56\/100|[from] Stealth Rock\n|turn|40\n|\n|t:|1699691026\n|move|p2a: Kingambit|Sucker Punch|p1a: Rillaboom\n|-damage|p1a: Rillaboom|0 fnt\n|faint|p1a: Rillaboom\n|\n|win|jdrick\n|c|\u2606jrbt2023|DMN\n|c|\u2606jrbt2023|BHFKABHJ\n|c|\u2606jdrick|HAHAHAH\n|c|\u2606jrbt2023|WELL PLAYED\n|c|\u2606jdrick|WELL PLAYED\n|c|\u2606jrbt2023|di ko lang gets why my wish didnt work for rillaboom though\n|c|\u2606jrbt2023|GOOD FIGHT\n|c|\u2606jdrick|who else would I get knocked down to 1 mon other than you\n|c|\u2606jdrick|AH YEAH\n|c|\u2606jrbt2023|am honored\n|c|\u2606jdrick|I think rillaboom would've received it that turn\n|c|\u2606jdrick|but\n|c|\u2606jdrick|the sucker punch came first\n|c|\u2606jdrick|I am also honored brother\n|c|\u2606jrbt2023|DAMN I SHOULDVE WISH STALLED\n|c|\u2606jrbt2023|GOOD N CLOSE FIGHT\n|c|\u2606jdrick|that would've gone either way\n|c|\u2606jdrick|DRAIN PUNCH PA LANG EH\n|c|\u2606jdrick|I was SKERF\n|c|\u2606jrbt2023|I SHOULDVE GOT RID OF STEALTH ROCK TOO ITHINK\n|c|\u2606jdrick|SKERD\n|c|\u2606jdrick|AY WHY did u still have rapid spin?\n|c|\u2606jdrick|I did stealth rock 2x\n|c|\u2606jrbt2023|no eh\n|c|\u2606jrbt2023|HAHAHAHA\n|c|\u2606jdrick|AH\n|c|\u2606jdrick|Okay my mistake\n|c|\u2606jdrick|regardless\n|c|\u2606jdrick|that was cool\n|c|\u2606jrbt2023|i sacrificed greaat tusk unnecessarily kasi\n|c|\u2606jrbt2023|TRUE\n|c|\u2606jrbt2023|GOOD TEAM\n|c|\u2606jdrick|I am saving this one for the ages\n|c|\u2606jdrick|THANKS\n|c|\u2606jrbt2023|u wanna rematch? i dont think the result will be any different\n|c|\u2606jdrick|BAHAHAH SURE\n|c|\u2606jdrick|lemme save our replay\n","uploadtime":1699691201,"views":18,"p1id":"jrbt2023","p2id":"jdrick","formatid":"gen9ou","rating":0,"private":0,"password":""}