{"id":"gen9ou-1995707528","p1":"Zvpraa","p2":"Yurokun","format":"[Gen 9] OU","log":"|j|\u2606Zvpraa\n|j|\u2606Yurokun\n|t:|1700595751\n|gametype|singles\n|player|p1|Zvpraa|volkner|1205\n|player|p2|Yurokun|shadowtriad|1116\n|teamsize|p1|6\n|teamsize|p2|6\n|gen|9\n|tier|[Gen 9] OU\n|rated|\n|rule|Sleep Clause Mod: Limit one foe put to sleep\n|rule|Species Clause: Limit one of each Pok\u00e9mon\n|rule|OHKO Clause: OHKO moves are banned\n|rule|Evasion Items Clause: Evasion items are banned\n|rule|Evasion Moves Clause: Evasion moves are banned\n|rule|Endless Battle Clause: Forcing endless battles is banned\n|rule|HP Percentage Mod: HP is shown in percentages\n|clearpoke\n|poke|p1|Dragapult, F|\n|poke|p1|Weavile, M|\n|poke|p1|Dragonite, F|\n|poke|p1|Cinderace, M|\n|poke|p1|Ceruledge, F|\n|poke|p1|Iron Moth|\n|poke|p2|Garganacl, M|\n|poke|p2|Ogerpon, F|\n|poke|p2|Ceruledge, M|\n|poke|p2|Masquerain, M|\n|poke|p2|Kingambit, M|\n|poke|p2|Regidrago|\n|teampreview\n|\n|t:|1700595761\n|start\n|switch|p1a: Weavile|Weavile, M|100\/100\n|switch|p2a: Masquerain|Masquerain, M|100\/100\n|-ability|p2a: Masquerain|Intimidate|boost\n|-unboost|p1a: Weavile|atk|1\n|turn|1\n|\n|t:|1700595764\n|move|p1a: Weavile|Fake Out|p2a: Masquerain\n|-damage|p2a: Masquerain|85\/100\n|cant|p2a: Masquerain|flinch\n|\n|upkeep\n|turn|2\n|\n|t:|1700595767\n|move|p1a: Weavile|Icicle Crash|p2a: Masquerain\n|-supereffective|p2a: Masquerain\n|-damage|p2a: Masquerain|0 fnt\n|faint|p2a: Masquerain\n|\n|upkeep\n|\n|t:|1700595770\n|switch|p2a: Ceruledge|Ceruledge, M, shiny|100\/100\n|turn|3\n|\n|t:|1700595772\n|move|p1a: Weavile|Knock Off|p2a: Ceruledge\n|-supereffective|p2a: Ceruledge\n|-damage|p2a: Ceruledge|11\/100\n|-ability|p2a: Ceruledge|Weak Armor|boost\n|-unboost|p2a: Ceruledge|def|1\n|-boost|p2a: Ceruledge|spe|2\n|-enditem|p2a: Ceruledge|Weakness Policy\n|-boost|p2a: Ceruledge|atk|2|[from] item: Weakness Policy\n|-boost|p2a: Ceruledge|spa|2|[from] item: Weakness Policy\n|move|p2a: Ceruledge|Will-O-Wisp|p1a: Weavile\n|-status|p1a: Weavile|brn\n|\n|-damage|p1a: Weavile|94\/100 brn|[from] brn\n|upkeep\n|turn|4\n|\n|t:|1700595781\n|move|p2a: Ceruledge|Bitter Blade|p1a: Weavile\n|-supereffective|p1a: Weavile\n|-damage|p1a: Weavile|0 fnt\n|-heal|p2a: Ceruledge|57\/100|[from] drain|[of] p1a: Weavile\n|faint|p1a: Weavile\n|\n|upkeep\n|\n|t:|1700595784\n|switch|p1a: Dragonite|Dragonite, F|100\/100\n|turn|5\n|\n|t:|1700595787\n|move|p2a: Ceruledge|Will-O-Wisp|p1a: Dragonite\n|-status|p1a: Dragonite|brn\n|move|p1a: Dragonite|Earthquake|p2a: Ceruledge\n|-supereffective|p2a: Ceruledge\n|-damage|p2a: Ceruledge|0 fnt\n|faint|p2a: Ceruledge\n|\n|-damage|p1a: Dragonite|94\/100 brn|[from] brn\n|upkeep\n|\n|t:|1700595792\n|switch|p2a: Garganacl|Garganacl, M|100\/100\n|turn|6\n|\n|t:|1700595799\n|switch|p1a: Dragapult|Dragapult, F|100\/100\n|move|p2a: Garganacl|Curse|p2a: Garganacl\n|-unboost|p2a: Garganacl|spe|1\n|-boost|p2a: Garganacl|atk|1\n|-boost|p2a: Garganacl|def|1\n|\n|upkeep\n|turn|7\n|\n|t:|1700595806\n|move|p1a: Dragapult|Shadow Ball|p2a: Garganacl\n|-damage|p2a: Garganacl|76\/100\n|move|p2a: Garganacl|Salt Cure|p1a: Dragapult\n|-damage|p1a: Dragapult|51\/100\n|-start|p1a: Dragapult|Salt Cure\n|-damage|p2a: Garganacl|66\/100|[from] item: Life Orb\n|\n|-damage|p1a: Dragapult|39\/100|[from] Salt Cure\n|upkeep\n|turn|8\n|\n|t:|1700595810\n|switch|p1a: Iron Moth|Iron Moth|100\/100\n|-enditem|p1a: Iron Moth|Booster Energy\n|-activate|p1a: Iron Moth|ability: Quark Drive|[fromitem]\n|-start|p1a: Iron Moth|quarkdrivespe\n|move|p2a: Garganacl|Curse|p2a: Garganacl\n|-unboost|p2a: Garganacl|spe|1\n|-boost|p2a: Garganacl|atk|1\n|-boost|p2a: Garganacl|def|1\n|\n|upkeep\n|turn|9\n|\n|t:|1700595812\n|move|p1a: Iron Moth|Energy Ball|p2a: Garganacl\n|-supereffective|p2a: Garganacl\n|-damage|p2a: Garganacl|13\/100\n|move|p2a: Garganacl|Earthquake|p1a: Iron Moth\n|-supereffective|p1a: Iron Moth\n|-damage|p1a: Iron Moth|0 fnt\n|faint|p1a: Iron Moth\n|-end|p1a: Iron Moth|Quark Drive|[silent]\n|-damage|p2a: Garganacl|3\/100|[from] item: Life Orb\n|\n|upkeep\n|\n|t:|1700595818\n|switch|p1a: Dragapult|Dragapult, F|39\/100\n|turn|10\n|\n|t:|1700595820\n|move|p1a: Dragapult|Shadow Ball|p2a: Garganacl\n|-damage|p2a: Garganacl|0 fnt\n|faint|p2a: Garganacl\n|\n|upkeep\n|\n|t:|1700595824\n|switch|p2a: Regidrago|Regidrago|100\/100\n|turn|11\n|\n|t:|1700595849\n|-terastallize|p1a: Dragapult|Fairy\n|move|p1a: Dragapult|Shadow Ball|p2a: Regidrago\n|-damage|p2a: Regidrago|46\/100\n|move|p2a: Regidrago|Dragon Dance|p2a: Regidrago\n|-boost|p2a: Regidrago|atk|1\n|-boost|p2a: Regidrago|spe|1\n|\n|-heal|p2a: Regidrago|52\/100|[from] item: Leftovers\n|upkeep\n|turn|12\n|\n|t:|1700595866\n|move|p1a: Dragapult|Shadow Ball|p2a: Regidrago\n|-damage|p2a: Regidrago|0 fnt\n|faint|p2a: Regidrago\n|\n|upkeep\n|\n|t:|1700595873\n|switch|p2a: Flandre|Ogerpon, F|100\/100\n|turn|13\n|\n|t:|1700595876\n|switch|p1a: Dragonite|Dragonite, F|94\/100 brn\n|-terastallize|p2a: Flandre|Grass\n|detailschange|p2a: Flandre|Ogerpon-Teal-Tera, F, tera:Grass\n|-ability|p2a: Flandre|Embody Aspect (Teal)|boost\n|-boost|p2a: Flandre|spe|1\n|move|p2a: Flandre|Ivy Cudgel|p1a: Dragonite\n|-resisted|p1a: Dragonite\n|-damage|p1a: Dragonite|72\/100 brn\n|\n|-damage|p1a: Dragonite|66\/100 brn|[from] brn\n|upkeep\n|turn|14\n|\n|t:|1700595887\n|switch|p2a: we stab|Kingambit, M, shiny|100\/100\n|-activate|p2a: we stab|ability: Supreme Overlord\n|-start|p2a: we stab|fallen4|[silent]\n|move|p1a: Dragonite|Dragon Dance|p1a: Dragonite\n|-boost|p1a: Dragonite|atk|1\n|-boost|p1a: Dragonite|spe|1\n|\n|-damage|p1a: Dragonite|59\/100 brn|[from] brn\n|upkeep\n|turn|15\n|\n|t:|1700595891\n|move|p2a: we stab|Sucker Punch||[still]\n|-fail|p2a: we stab\n|move|p1a: Dragonite|Roost|p1a: Dragonite\n|-heal|p1a: Dragonite|100\/100 brn\n|-singleturn|p1a: Dragonite|move: Roost\n|\n|-damage|p1a: Dragonite|94\/100 brn|[from] brn\n|upkeep\n|turn|16\n|\n|t:|1700595895\n|-end|p2a: we stab|fallen4|[silent]\n|switch|p2a: Flandre|Ogerpon-Teal-Tera, F, tera:Grass|100\/100\n|-ability|p2a: Flandre|Embody Aspect (Teal)|boost\n|-boost|p2a: Flandre|spe|1\n|move|p1a: Dragonite|Earthquake|p2a: Flandre\n|-resisted|p2a: Flandre\n|-damage|p2a: Flandre|85\/100\n|\n|-damage|p1a: Dragonite|88\/100 brn|[from] brn\n|upkeep\n|turn|17\n|\n|t:|1700595905\n|move|p2a: Flandre|Play Rough|p1a: Dragonite\n|-supereffective|p1a: Dragonite\n|-damage|p1a: Dragonite|10\/100 brn\n|move|p1a: Dragonite|Dragon Dance|p1a: Dragonite\n|-boost|p1a: Dragonite|atk|1\n|-boost|p1a: Dragonite|spe|1\n|\n|-damage|p1a: Dragonite|4\/100 brn|[from] brn\n|upkeep\n|turn|18\n|\n|t:|1700595908\n|move|p1a: Dragonite|Extreme Speed|p2a: Flandre\n|-damage|p2a: Flandre|52\/100\n|move|p2a: Flandre|Play Rough|p1a: Dragonite\n|-supereffective|p1a: Dragonite\n|-damage|p1a: Dragonite|0 fnt\n|faint|p1a: Dragonite\n|\n|upkeep\n|\n|t:|1700595912\n|switch|p1a: Cinderace|Cinderace, M|100\/100\n|turn|19\n|\n|t:|1700595915\n|move|p2a: Flandre|Play Rough|p1a: Cinderace\n|-resisted|p1a: Cinderace\n|-damage|p1a: Cinderace|70\/100\n|move|p1a: Cinderace|Pyro Ball|p2a: Flandre\n|-supereffective|p2a: Flandre\n|-damage|p2a: Flandre|0 fnt\n|faint|p2a: Flandre\n|\n|upkeep\n|\n|t:|1700595917\n|switch|p2a: we stab|Kingambit, M, shiny|100\/100\n|-activate|p2a: we stab|ability: Supreme Overlord\n|-start|p2a: we stab|fallen5|[silent]\n|turn|20\n|\n|t:|1700595925\n|move|p2a: we stab|Sucker Punch||[still]\n|-fail|p2a: we stab\n|move|p1a: Cinderace|Court Change||[still]\n|-start|p1a: Cinderace|typechange|Normal|[from] ability: Libero\n|-swapsideconditions\n|-fail|p1a: Cinderace\n|\n|upkeep\n|turn|21\n|\n|t:|1700595927\n|move|p2a: we stab|Sucker Punch|p1a: Cinderace\n|-damage|p1a: Cinderace|0 fnt\n|faint|p1a: Cinderace\n|\n|upkeep\n|\n|t:|1700595930\n|switch|p1a: Ceruledge|Ceruledge, F|100\/100\n|turn|22\n|\n|t:|1700595934\n|move|p2a: we stab|Sucker Punch||[still]\n|-fail|p2a: we stab\n|move|p1a: Ceruledge|Bulk Up|p1a: Ceruledge\n|-boost|p1a: Ceruledge|atk|1\n|-boost|p1a: Ceruledge|def|1\n|\n|upkeep\n|turn|23\n|\n|t:|1700595943\n|move|p2a: we stab|Sucker Punch|p1a: Ceruledge\n|-supereffective|p1a: Ceruledge\n|-damage|p1a: Ceruledge|0 fnt\n|faint|p1a: Ceruledge\n|\n|upkeep\n|\n|t:|1700595945\n|switch|p1a: Dragapult|Dragapult, F, tera:Fairy|39\/100\n|turn|24\n|\n|t:|1700595948\n|move|p2a: we stab|Sucker Punch|p1a: Dragapult\n|-resisted|p1a: Dragapult\n|-damage|p1a: Dragapult|0 fnt\n|faint|p1a: Dragapult\n|\n|win|Yurokun\n|raw|Zvpraa's rating: 1205 &rarr; <strong>1174<\/strong><br \/>(-31 for losing)\n|raw|Yurokun's rating: 1116 &rarr; <strong>1147<\/strong><br \/>(+31 for winning)\n|l|\u2606Zvpraa\n","uploadtime":1700595957,"views":0,"p1id":"zvpraa","p2id":"yurokun","formatid":"gen9ou","rating":1147,"private":0,"password":""}