{"id":"gen9ou-1990742648","p1":"Arbaz16297","p2":"alkazoth","format":"[Gen 9] OU","log":"|j|\u2606Arbaz16297\n|j|\u2606alkazoth\n|t:|1699996623\n|gametype|singles\n|player|p1|Arbaz16297|266|1383\n|player|p2|alkazoth|ballguy|1469\n|teamsize|p1|6\n|teamsize|p2|6\n|gen|9\n|tier|[Gen 9] OU\n|rated|\n|rule|Sleep Clause Mod: Limit one foe put to sleep\n|rule|Species Clause: Limit one of each Pok\u00e9mon\n|rule|OHKO Clause: OHKO moves are banned\n|rule|Evasion Items Clause: Evasion items are banned\n|rule|Evasion Moves Clause: Evasion moves are banned\n|rule|Endless Battle Clause: Forcing endless battles is banned\n|rule|HP Percentage Mod: HP is shown in percentages\n|clearpoke\n|poke|p1|Gholdengo|\n|poke|p1|Ribombee, M|\n|poke|p1|Great Tusk|\n|poke|p1|Sneasler, M|\n|poke|p1|Iron Moth|\n|poke|p1|Rillaboom, M|\n|poke|p2|Rillaboom, F|\n|poke|p2|Sneasler, F|\n|poke|p2|Heatran, M|\n|poke|p2|Hatterene, F|\n|poke|p2|Bellibolt, M|\n|poke|p2|Great Tusk|\n|teampreview\n|inactive|Battle timer is ON: inactive players will automatically lose when time's up. (requested by Arbaz16297)\n|\n|t:|1699996641\n|start\n|switch|p1a: Ribombee|Ribombee, M|100\/100\n|switch|p2a: Hatterene|Hatterene, F|100\/100\n|turn|1\n|\n|t:|1699996649\n|move|p1a: Ribombee|Quiver Dance|p1a: Ribombee\n|-boost|p1a: Ribombee|spa|1\n|-boost|p1a: Ribombee|spd|1\n|-boost|p1a: Ribombee|spe|1\n|move|p2a: Hatterene|Calm Mind|p2a: Hatterene\n|-boost|p2a: Hatterene|spa|1\n|-boost|p2a: Hatterene|spd|1\n|\n|upkeep\n|turn|2\n|\n|t:|1699996655\n|move|p1a: Ribombee|Moonblast|p2a: Hatterene\n|-damage|p2a: Hatterene|52\/100\n|move|p2a: Hatterene|Mystical Fire|p1a: Ribombee\n|-supereffective|p1a: Ribombee\n|-damage|p1a: Ribombee|22\/100\n|\n|upkeep\n|turn|3\n|\n|t:|1699996666\n|move|p1a: Ribombee|Moonblast|p2a: Hatterene\n|-damage|p2a: Hatterene|4\/100\n|move|p2a: Hatterene|Draining Kiss|p1a: Ribombee\n|-damage|p1a: Ribombee|0 fnt\n|-heal|p2a: Hatterene|17\/100|[from] drain|[of] p1a: Ribombee\n|faint|p1a: Ribombee\n|\n|upkeep\n|\n|t:|1699996674\n|switch|p1a: Gholdengo|Gholdengo|100\/100\n|turn|4\n|\n|t:|1699996685\n|switch|p2a: Heatran|Heatran, M|100\/100\n|-item|p2a: Heatran|Air Balloon\n|move|p1a: Gholdengo|Shadow Ball|p2a: Heatran\n|-damage|p2a: Heatran|75\/100\n|-enditem|p2a: Heatran|Air Balloon\n|\n|upkeep\n|turn|5\n|\n|t:|1699996707\n|move|p1a: Gholdengo|Nasty Plot|p1a: Gholdengo\n|-boost|p1a: Gholdengo|spa|2\n|move|p2a: Heatran|Magma Storm|p1a: Gholdengo\n|-supereffective|p1a: Gholdengo\n|-enditem|p1a: Gholdengo|Focus Sash\n|-damage|p1a: Gholdengo|1\/100\n|-activate|p1a: Gholdengo|move: Magma Storm|[of] p2a: Heatran\n|\n|-damage|p1a: Gholdengo|0 fnt|[from] move: Magma Storm|[partiallytrapped]\n|faint|p1a: Gholdengo\n|upkeep\n|\n|t:|1699996713\n|switch|p1a: Great Tusk|Great Tusk|100\/100\n|-enditem|p1a: Great Tusk|Booster Energy\n|-activate|p1a: Great Tusk|ability: Protosynthesis|[fromitem]\n|-start|p1a: Great Tusk|protosynthesisatk\n|turn|6\n|\n|t:|1699996732\n|-terastallize|p2a: Heatran|Ghost\n|move|p1a: Great Tusk|Rapid Spin|p2a: Heatran\n|-immune|p2a: Heatran\n|move|p2a: Heatran|Magma Storm|p1a: Great Tusk\n|-damage|p1a: Great Tusk|29\/100\n|-activate|p1a: Great Tusk|move: Magma Storm|[of] p2a: Heatran\n|\n|-damage|p1a: Great Tusk|17\/100|[from] move: Magma Storm|[partiallytrapped]\n|upkeep\n|turn|7\n|\n|t:|1699996756\n|move|p1a: Great Tusk|Earthquake|p2a: Heatran\n|-damage|p2a: Heatran|22\/100\n|move|p2a: Heatran|Stealth Rock|p1a: Great Tusk\n|-sidestart|p1: Arbaz16297|move: Stealth Rock\n|\n|-damage|p1a: Great Tusk|4\/100|[from] move: Magma Storm|[partiallytrapped]\n|upkeep\n|turn|8\n|\n|t:|1699996762\n|switch|p2a: Rillaboom|Rillaboom, F|100\/100\n|-fieldstart|move: Grassy Terrain|[from] ability: Grassy Surge|[of] p2a: Rillaboom\n|move|p1a: Great Tusk|Earthquake|p2a: Rillaboom\n|-resisted|p2a: Rillaboom\n|-damage|p2a: Rillaboom|84\/100\n|\n|-heal|p1a: Great Tusk|10\/100|[from] Grassy Terrain\n|-heal|p2a: Rillaboom|90\/100|[from] Grassy Terrain\n|-end|p1a: Great Tusk|Magma Storm|[partiallytrapped]|[silent]\n|upkeep\n|turn|9\n|\n|t:|1699996768\n|move|p2a: Rillaboom|Grassy Glide|p1a: Great Tusk\n|-supereffective|p1a: Great Tusk\n|-damage|p1a: Great Tusk|0 fnt\n|faint|p1a: Great Tusk\n|-end|p1a: Great Tusk|Protosynthesis|[silent]\n|\n|-heal|p2a: Rillaboom|96\/100|[from] Grassy Terrain\n|upkeep\n|\n|t:|1699996775\n|switch|p1a: Rillaboom|Rillaboom, M|100\/100\n|-damage|p1a: Rillaboom|88\/100|[from] Stealth Rock\n|turn|10\n|\n|t:|1699996785\n|switch|p2a: Hatterene|Hatterene, F|17\/100\n|-enditem|p2a: Hatterene|Grassy Seed\n|-boost|p2a: Hatterene|def|1|[from] item: Grassy Seed\n|move|p1a: Rillaboom|U-turn|p2a: Hatterene\n|-damage|p2a: Hatterene|4\/100\n|\n|t:|1699996799\n|switch|p1a: Sneasler|Sneasler, M|100\/100|[from] U-turn\n|-damage|p1a: Sneasler|95\/100|[from] Stealth Rock\n|-enditem|p1a: Sneasler|Grassy Seed\n|-boost|p1a: Sneasler|def|1|[from] item: Grassy Seed\n|\n|-heal|p1a: Sneasler|100\/100|[from] Grassy Terrain\n|-heal|p2a: Hatterene|10\/100|[from] Grassy Terrain\n|upkeep\n|turn|11\n|inactive|alkazoth has 120 seconds left.\n|\n|t:|1699996836\n|move|p1a: Sneasler|Acrobatics|p2a: Hatterene\n|-damage|p2a: Hatterene|0 fnt\n|faint|p2a: Hatterene\n|\n|upkeep\n|inactive|alkazoth has 120 seconds left.\n|\n|t:|1699996867\n|switch|p2a: Bellibolt|Bellibolt, M|100\/100\n|turn|12\n|\n|t:|1699996883\n|move|p1a: Sneasler|Dire Claw|p2a: Bellibolt\n|-damage|p2a: Bellibolt|74\/100\n|-status|p2a: Bellibolt|psn\n|-start|p2a: Bellibolt|Charge|Dire Claw|[from] ability: Electromorphosis\n|move|p2a: Bellibolt|Parabolic Charge|p1a: Sneasler\n|-damage|p1a: Sneasler|39\/100\n|-heal|p2a: Bellibolt|96\/100 psn|[from] drain|[of] p1a: Sneasler\n|-end|p2a: Bellibolt|Charge|[silent]\n|\n|-heal|p1a: Sneasler|45\/100|[from] Grassy Terrain\n|-heal|p2a: Bellibolt|100\/100 psn|[from] Grassy Terrain\n|-damage|p2a: Bellibolt|88\/100 psn|[from] psn\n|-fieldend|move: Grassy Terrain\n|upkeep\n|turn|13\n|\n|t:|1699996896\n|move|p1a: Sneasler|Swords Dance|p1a: Sneasler\n|-boost|p1a: Sneasler|atk|2\n|move|p2a: Bellibolt|Parabolic Charge|p1a: Sneasler\n|-damage|p1a: Sneasler|12\/100\n|-heal|p2a: Bellibolt|99\/100 psn|[from] drain|[of] p1a: Sneasler\n|\n|-heal|p2a: Bellibolt|100\/100 psn|[from] item: Leftovers\n|-damage|p2a: Bellibolt|88\/100 psn|[from] psn\n|upkeep\n|turn|14\n|\n|t:|1699996906\n|move|p1a: Sneasler|Close Combat|p2a: Bellibolt\n|-damage|p2a: Bellibolt|8\/100 psn\n|-unboost|p1a: Sneasler|def|1\n|-unboost|p1a: Sneasler|spd|1\n|-start|p2a: Bellibolt|Charge|Close Combat|[from] ability: Electromorphosis\n|move|p2a: Bellibolt|Parabolic Charge|p1a: Sneasler\n|-damage|p1a: Sneasler|0 fnt\n|-heal|p2a: Bellibolt|12\/100 psn|[from] drain|[of] p1a: Sneasler\n|faint|p1a: Sneasler\n|-end|p2a: Bellibolt|Charge|[silent]\n|\n|-heal|p2a: Bellibolt|18\/100 psn|[from] item: Leftovers\n|-damage|p2a: Bellibolt|6\/100 psn|[from] psn\n|upkeep\n|\n|t:|1699996912\n|switch|p1a: Rillaboom|Rillaboom, M|88\/100\n|-damage|p1a: Rillaboom|76\/100|[from] Stealth Rock\n|-fieldstart|move: Grassy Terrain|[from] ability: Grassy Surge|[of] p1a: Rillaboom\n|turn|15\n|inactive|alkazoth has 120 seconds left.\n|\n|t:|1699996924\n|move|p1a: Rillaboom|Grassy Glide|p2a: Bellibolt\n|-damage|p2a: Bellibolt|0 fnt\n|faint|p2a: Bellibolt\n|\n|-heal|p1a: Rillaboom|82\/100|[from] Grassy Terrain\n|upkeep\n|inactive|alkazoth has 120 seconds left.\n|\n|t:|1699996936\n|switch|p2a: Sneasler|Sneasler, F|100\/100\n|-enditem|p2a: Sneasler|Grassy Seed\n|-boost|p2a: Sneasler|def|1|[from] item: Grassy Seed\n|turn|16\n|inactive|alkazoth has 120 seconds left.\n|\n|t:|1699996950\n|move|p2a: Sneasler|Swords Dance|p2a: Sneasler\n|-boost|p2a: Sneasler|atk|2\n|move|p1a: Rillaboom|Wood Hammer|p2a: Sneasler\n|-resisted|p2a: Sneasler\n|-damage|p2a: Sneasler|62\/100\n|-damage|p1a: Rillaboom|69\/100|[from] Recoil\n|\n|-heal|p2a: Sneasler|68\/100|[from] Grassy Terrain\n|-heal|p1a: Rillaboom|75\/100|[from] Grassy Terrain\n|upkeep\n|turn|17\n|\n|t:|1699996975\n|move|p1a: Rillaboom|Grassy Glide|p2a: Sneasler\n|-resisted|p2a: Sneasler\n|-damage|p2a: Sneasler|50\/100\n|move|p2a: Sneasler|Dire Claw|p1a: Rillaboom\n|-supereffective|p1a: Rillaboom\n|-damage|p1a: Rillaboom|0 fnt\n|faint|p1a: Rillaboom\n|\n|-heal|p2a: Sneasler|56\/100|[from] Grassy Terrain\n|upkeep\n|\n|t:|1699996982\n|switch|p1a: Iron Moth|Iron Moth|100\/100\n|-damage|p1a: Iron Moth|76\/100|[from] Stealth Rock\n|-enditem|p1a: Iron Moth|Booster Energy\n|-activate|p1a: Iron Moth|ability: Quark Drive|[fromitem]\n|-start|p1a: Iron Moth|quarkdrivespe\n|turn|18\n|-message|Arbaz16297 forfeited.\n|\n|win|alkazoth\n|raw|Arbaz16297's rating: 1407 &rarr; <strong>1391<\/strong><br \/>(-16 for losing)\n|raw|alkazoth's rating: 1469 &rarr; <strong>1485<\/strong><br \/>(+16 for winning)\n|l|\u2606Arbaz16297\n","uploadtime":1699996991,"views":7,"p1id":"arbaz16297","p2id":"alkazoth","formatid":"gen9ou","rating":1391,"private":0,"password":""}