{"id":"gen9ou-1990481928","p1":"Thehombre","p2":"putirou","format":"[Gen 9] OU","log":"|j|\u2606Thehombre\n|j|\u2606putirou\n|t:|1699974978\n|gametype|singles\n|player|p1|Thehombre|102|1051\n|player|p2|putirou|1|1017\n|teamsize|p1|6\n|teamsize|p2|6\n|gen|9\n|tier|[Gen 9] OU\n|rated|\n|rule|Sleep Clause Mod: Limit one foe put to sleep\n|rule|Species Clause: Limit one of each Pok\u00e9mon\n|rule|OHKO Clause: OHKO moves are banned\n|rule|Evasion Items Clause: Evasion items are banned\n|rule|Evasion Moves Clause: Evasion moves are banned\n|rule|Endless Battle Clause: Forcing endless battles is banned\n|rule|HP Percentage Mod: HP is shown in percentages\n|clearpoke\n|poke|p1|Ogerpon-Cornerstone, F|\n|poke|p1|Ariados, M|\n|poke|p1|Ninetales-Alola, M|\n|poke|p1|Murkrow, M|\n|poke|p1|Corviknight, M|\n|poke|p1|Iron Valiant|\n|poke|p2|Ogerpon-Wellspring, F|\n|poke|p2|Gholdengo|\n|poke|p2|Great Tusk|\n|poke|p2|Iron Valiant|\n|poke|p2|Kingambit, F|\n|poke|p2|Pelipper, F|\n|teampreview\n|inactive|Battle timer is ON: inactive players will automatically lose when time's up. (requested by Thehombre)\n|\n|t:|1699974990\n|start\n|switch|p1a: Ninetales|Ninetales-Alola, M|100\/100\n|switch|p2a: Iron Valiant|Iron Valiant|100\/100\n|-weather|Snow|[from] ability: Snow Warning|[of] p1a: Ninetales\n|-enditem|p2a: Iron Valiant|Booster Energy\n|-activate|p2a: Iron Valiant|ability: Quark Drive|[fromitem]\n|-start|p2a: Iron Valiant|quarkdrivespe\n|turn|1\n|\n|t:|1699975000\n|-terastallize|p2a: Iron Valiant|Fire\n|move|p2a: Iron Valiant|Spirit Break|p1a: Ninetales\n|-damage|p1a: Ninetales|59\/100\n|-unboost|p1a: Ninetales|spa|1\n|move|p1a: Ninetales|Aurora Veil|p1a: Ninetales\n|-sidestart|p1: Thehombre|move: Aurora Veil\n|\n|-weather|Snow|[upkeep]\n|upkeep\n|turn|2\n|\n|t:|1699975012\n|move|p2a: Iron Valiant|Spirit Break|p1a: Ninetales\n|-crit|p1a: Ninetales\n|-damage|p1a: Ninetales|0 fnt\n|faint|p1a: Ninetales\n|\n|-weather|Snow|[upkeep]\n|upkeep\n|\n|t:|1699975017\n|switch|p1a: Ogerpon|Ogerpon-Cornerstone, F|100\/100\n|turn|3\n|inactive|putirou has 120 seconds left.\n|\n|t:|1699975048\n|move|p2a: Iron Valiant|Spirit Break|p1a: Ogerpon\n|-damage|p1a: Ogerpon|76\/100\n|-unboost|p1a: Ogerpon|spa|1\n|move|p1a: Ogerpon|Swords Dance|p1a: Ogerpon\n|-boost|p1a: Ogerpon|atk|2\n|\n|-weather|Snow|[upkeep]\n|upkeep\n|turn|4\n|inactive|putirou has 120 seconds left.\n|\n|t:|1699975064\n|move|p1a: Ogerpon|Trailblaze|p2a: Iron Valiant\n|-resisted|p2a: Iron Valiant\n|-damage|p2a: Iron Valiant|61\/100\n|-boost|p1a: Ogerpon|spe|1\n|move|p2a: Iron Valiant|Trick Room|p2a: Iron Valiant\n|-fieldstart|move: Trick Room|[of] p2a: Iron Valiant\n|\n|-weather|Snow|[upkeep]\n|upkeep\n|turn|5\n|inactive|putirou has 120 seconds left.\n|\n|t:|1699975078\n|switch|p1a: Corviknight|Corviknight, M|100\/100\n|move|p2a: Iron Valiant|Leaf Blade|p1a: Corviknight\n|-resisted|p1a: Corviknight\n|-damage|p1a: Corviknight|97\/100\n|\n|-weather|none\n|-heal|p1a: Corviknight|100\/100|[from] item: Leftovers\n|upkeep\n|turn|6\n|inactive|putirou has 120 seconds left.\n|\n|t:|1699975089\n|-end|p2a: Iron Valiant|Quark Drive|[silent]\n|switch|p2a: Pelipper|Pelipper, F, shiny|100\/100\n|-weather|RainDance|[from] ability: Drizzle|[of] p2a: Pelipper\n|move|p1a: Corviknight|Bulk Up|p1a: Corviknight\n|-boost|p1a: Corviknight|atk|1\n|-boost|p1a: Corviknight|def|1\n|\n|-weather|RainDance|[upkeep]\n|upkeep\n|turn|7\n|inactive|putirou has 120 seconds left.\n|\n|t:|1699975106\n|move|p1a: Corviknight|Bulk Up|p1a: Corviknight\n|-boost|p1a: Corviknight|atk|1\n|-boost|p1a: Corviknight|def|1\n|move|p2a: Pelipper|Ice Beam|p1a: Corviknight\n|-damage|p1a: Corviknight|86\/100\n|\n|-weather|RainDance|[upkeep]\n|-heal|p1a: Corviknight|92\/100|[from] item: Leftovers\n|upkeep\n|turn|8\n|\n|t:|1699975122\n|switch|p2a: Gholdengo|Gholdengo|100\/100\n|move|p1a: Corviknight|Agility|p1a: Corviknight\n|-boost|p1a: Corviknight|spe|2\n|\n|-weather|RainDance|[upkeep]\n|-heal|p1a: Corviknight|98\/100|[from] item: Leftovers\n|-sideend|p1: Thehombre|move: Aurora Veil\n|-fieldend|move: Trick Room\n|upkeep\n|turn|9\n|\n|t:|1699975128\n|move|p1a: Corviknight|Power Trip|p2a: Gholdengo\n|-supereffective|p2a: Gholdengo\n|-enditem|p2a: Gholdengo|Focus Sash\n|-damage|p2a: Gholdengo|1\/100\n|move|p2a: Gholdengo|Thunder|p1a: Corviknight\n|-supereffective|p1a: Corviknight\n|-damage|p1a: Corviknight|13\/100\n|\n|-weather|RainDance|[upkeep]\n|-heal|p1a: Corviknight|19\/100|[from] item: Leftovers\n|upkeep\n|turn|10\n|\n|t:|1699975143\n|move|p1a: Corviknight|Drill Peck|p2a: Gholdengo\n|-resisted|p2a: Gholdengo\n|-damage|p2a: Gholdengo|0 fnt\n|faint|p2a: Gholdengo\n|\n|-weather|none\n|-heal|p1a: Corviknight|25\/100|[from] item: Leftovers\n|upkeep\n|\n|t:|1699975158\n|switch|p2a: Pelipper|Pelipper, F, shiny|100\/100\n|-weather|RainDance|[from] ability: Drizzle|[of] p2a: Pelipper\n|turn|11\n|\n|t:|1699975170\n|move|p1a: Corviknight|Power Trip|p2a: Pelipper\n|-damage|p2a: Pelipper|3\/100\n|move|p2a: Pelipper|Hydro Pump|p1a: Corviknight\n|-damage|p1a: Corviknight|0 fnt\n|faint|p1a: Corviknight\n|\n|-weather|RainDance|[upkeep]\n|upkeep\n|\n|t:|1699975179\n|switch|p1a: Iron Valiant|Iron Valiant|100\/100\n|turn|12\n|inactive|putirou has 120 seconds left.\n|\n|t:|1699975191\n|move|p1a: Iron Valiant|Swords Dance|p1a: Iron Valiant\n|-boost|p1a: Iron Valiant|atk|2\n|move|p2a: Pelipper|Hydro Pump|p1a: Iron Valiant|[miss]\n|-miss|p2a: Pelipper|p1a: Iron Valiant\n|\n|-weather|RainDance|[upkeep]\n|upkeep\n|turn|13\n|inactive|putirou has 120 seconds left.\n|\n|t:|1699975198\n|move|p1a: Iron Valiant|Drain Punch|p2a: Pelipper\n|-resisted|p2a: Pelipper\n|-damage|p2a: Pelipper|0 fnt\n|faint|p2a: Pelipper\n|\n|-weather|RainDance|[upkeep]\n|upkeep\n|inactive|putirou has 120 seconds left.\n|\n|t:|1699975207\n|switch|p2a: Iron Valiant|Iron Valiant, tera:Fire|61\/100\n|turn|14\n|\n|t:|1699975212\n|move|p1a: Iron Valiant|Drain Punch|p2a: Iron Valiant\n|-damage|p2a: Iron Valiant|0 fnt\n|faint|p2a: Iron Valiant\n|-end|p2a: Iron Valiant|Quark Drive|[silent]\n|\n|-weather|RainDance|[upkeep]\n|upkeep\n|\n|t:|1699975216\n|switch|p2a: Ogerpon|Ogerpon-Wellspring, F|100\/100\n|turn|15\n|\n|t:|1699975224\n|-end|p1a: Iron Valiant|Quark Drive|[silent]\n|switch|p1a: Ariados|Ariados, M|100\/100\n|move|p2a: Ogerpon|Ivy Cudgel|p1a: Ariados|[anim] Ivy Cudgel Water\n|-enditem|p1a: Ariados|Focus Sash\n|-damage|p1a: Ariados|1\/100\n|\n|-weather|none\n|upkeep\n|turn|16\n|\n|t:|1699975231\n|move|p2a: Ogerpon|Quick Attack|p1a: Ariados\n|-damage|p1a: Ariados|0 fnt\n|faint|p1a: Ariados\n|\n|upkeep\n|\n|t:|1699975233\n|switch|p1a: Murkrow|Murkrow, M|100\/100\n|turn|17\n|\n|t:|1699975237\n|move|p1a: Murkrow|Thunder Wave|p2a: Ogerpon\n|-status|p2a: Ogerpon|par\n|move|p2a: Ogerpon|Ivy Cudgel|p1a: Murkrow|[anim] Ivy Cudgel Water\n|-damage|p1a: Murkrow|8\/100\n|\n|upkeep\n|turn|18\n|\n|t:|1699975242\n|switch|p1a: Ogerpon|Ogerpon-Cornerstone, F|76\/100\n|move|p2a: Ogerpon|Quick Attack|p1a: Ogerpon\n|-resisted|p1a: Ogerpon\n|-damage|p1a: Ogerpon|65\/100\n|\n|upkeep\n|turn|19\n|\n|t:|1699975246\n|move|p1a: Ogerpon|Horn Leech|p2a: Ogerpon\n|-damage|p2a: Ogerpon|48\/100 par\n|-heal|p1a: Ogerpon|92\/100|[from] drain|[of] p2a: Ogerpon\n|move|p2a: Ogerpon|Ivy Cudgel|p1a: Ogerpon|[anim] Ivy Cudgel Water\n|-damage|p1a: Ogerpon|0 fnt\n|faint|p1a: Ogerpon\n|\n|upkeep\n|\n|t:|1699975250\n|switch|p1a: Iron Valiant|Iron Valiant|100\/100\n|turn|20\n|\n|t:|1699975257\n|move|p1a: Iron Valiant|Swords Dance|p1a: Iron Valiant\n|-boost|p1a: Iron Valiant|atk|2\n|cant|p2a: Ogerpon|par\n|\n|upkeep\n|turn|21\n|\n|t:|1699975261\n|move|p1a: Iron Valiant|Drain Punch|p2a: Ogerpon\n|-damage|p2a: Ogerpon|0 fnt\n|faint|p2a: Ogerpon\n|\n|upkeep\n|\n|t:|1699975264\n|switch|p2a: Great Tusk|Great Tusk|100\/100\n|-enditem|p2a: Great Tusk|Booster Energy\n|-activate|p2a: Great Tusk|ability: Protosynthesis|[fromitem]\n|-start|p2a: Great Tusk|protosynthesisspe\n|turn|22\n|\n|t:|1699975275\n|-terastallize|p1a: Iron Valiant|Fairy\n|move|p2a: Great Tusk|Earthquake|p1a: Iron Valiant\n|-damage|p1a: Iron Valiant|43\/100\n|move|p1a: Iron Valiant|Moonblast|p2a: Great Tusk\n|-supereffective|p2a: Great Tusk\n|-damage|p2a: Great Tusk|0 fnt\n|faint|p2a: Great Tusk\n|-end|p2a: Great Tusk|Protosynthesis|[silent]\n|\n|upkeep\n|\n|t:|1699975279\n|switch|p2a: Kingambit|Kingambit, F, shiny|100\/100\n|-activate|p2a: Kingambit|ability: Supreme Overlord\n|-start|p2a: Kingambit|fallen5|[silent]\n|turn|23\n|\n|t:|1699975282\n|move|p2a: Kingambit|Sucker Punch|p1a: Iron Valiant\n|-resisted|p1a: Iron Valiant\n|-damage|p1a: Iron Valiant|6\/100\n|move|p1a: Iron Valiant|Drain Punch|p2a: Kingambit\n|-supereffective|p2a: Kingambit\n|-damage|p2a: Kingambit|0 fnt\n|-heal|p1a: Iron Valiant|65\/100|[from] drain|[of] p2a: Kingambit\n|-damage|p1a: Iron Valiant|48\/100|[from] item: Rocky Helmet|[of] p2a: Kingambit\n|faint|p2a: Kingambit\n|-end|p2a: Kingambit|fallen5|[silent]\n|\n|win|Thehombre\n|raw|Thehombre's rating: 1051 &rarr; <strong>1084<\/strong><br \/>(+33 for winning)\n|raw|putirou's rating: 1063 &rarr; <strong>1043<\/strong><br \/>(-20 for losing)\n|l|\u2606putirou\n","uploadtime":1699975288,"views":17,"p1id":"thehombre","p2id":"putirou","formatid":"gen9ou","rating":1043,"private":0,"password":""}