{"id":"gen9ou-1992552364","p1":"Slopandslimeher","p2":"AkiDes","format":"[Gen 9] OU","log":"|j|\u2606Slopandslimeher\n|j|\u2606AkiDes\n|t:|1700204403\n|gametype|singles\n|player|p1|Slopandslimeher|scientist-gen9|1256\n|player|p2|AkiDes|volkner|1184\n|teamsize|p1|6\n|teamsize|p2|6\n|gen|9\n|tier|[Gen 9] OU\n|rated|\n|rule|Sleep Clause Mod: Limit one foe put to sleep\n|rule|Species Clause: Limit one of each Pok\u00e9mon\n|rule|OHKO Clause: OHKO moves are banned\n|rule|Evasion Items Clause: Evasion items are banned\n|rule|Evasion Moves Clause: Evasion moves are banned\n|rule|Endless Battle Clause: Forcing endless battles is banned\n|rule|HP Percentage Mod: HP is shown in percentages\n|clearpoke\n|poke|p1|Amoonguss, F|\n|poke|p1|Clefable, M|\n|poke|p1|Samurott-Hisui, F|\n|poke|p1|Cinderace, F|\n|poke|p1|Landorus-Therian, M|\n|poke|p1|Dragapult, M|\n|poke|p2|Greninja-*, F|\n|poke|p2|Dragonite, M|\n|poke|p2|Cinderace, F|\n|poke|p2|Mandibuzz, F|\n|poke|p2|Jolteon, M|\n|poke|p2|Gengar, M|\n|teampreview\n|inactive|Battle timer is ON: inactive players will automatically lose when time's up. (requested by Slopandslimeher)\n|\n|t:|1700204422\n|start\n|switch|p1a: Landorus|Landorus-Therian, M|100\/100\n|switch|p2a: Greninja|Greninja, F, shiny|100\/100\n|-ability|p1a: Landorus|Intimidate|boost\n|-unboost|p2a: Greninja|atk|1\n|turn|1\n|\n|t:|1700204437\n|-terastallize|p1a: Landorus|Water\n|move|p2a: Greninja|Ice Beam|p1a: Landorus\n|-start|p2a: Greninja|typechange|Ice|[from] ability: Protean\n|-resisted|p1a: Landorus\n|-damage|p1a: Landorus|80\/100\n|move|p1a: Landorus|U-turn|p2a: Greninja\n|-damage|p2a: Greninja|67\/100\n|\n|t:|1700204449\n|switch|p1a: Cinderace|Cinderace, F|100\/100|[from] U-turn\n|\n|upkeep\n|turn|2\n|\n|t:|1700204455\n|switch|p2a: Mandibuzz|Mandibuzz, F|100\/100\n|move|p1a: Cinderace|U-turn|p2a: Mandibuzz\n|-damage|p2a: Mandibuzz|90\/100\n|\n|t:|1700204465\n|switch|p1a: Clefable|Clefable, M|100\/100|[from] U-turn\n|\n|upkeep\n|turn|3\n|\n|t:|1700204475\n|switch|p2a: Gengar|Gengar, M|100\/100\n|move|p1a: Clefable|Moonblast|p2a: Gengar\n|-resisted|p2a: Gengar\n|-damage|p2a: Gengar|73\/100\n|\n|-heal|p2a: Gengar|79\/100|[from] item: Leftovers\n|upkeep\n|turn|4\n|\n|t:|1700204481\n|switch|p1a: Samurott|Samurott-Hisui, F, shiny|100\/100\n|move|p2a: Gengar|Substitute|p2a: Gengar\n|-start|p2a: Gengar|Substitute\n|-damage|p2a: Gengar|54\/100\n|\n|-heal|p2a: Gengar|60\/100|[from] item: Leftovers\n|upkeep\n|turn|5\n|\n|t:|1700204488\n|move|p2a: Gengar|Sludge Bomb|p1a: Samurott\n|-damage|p1a: Samurott|70\/100\n|move|p1a: Samurott|Ceaseless Edge|p2a: Gengar\n|-supereffective|p2a: Gengar\n|-end|p2a: Gengar|Substitute\n|-sidestart|p2: AkiDes|Spikes\n|\n|-heal|p2a: Gengar|66\/100|[from] item: Leftovers\n|upkeep\n|turn|6\n|\n|t:|1700204499\n|move|p2a: Gengar|Substitute|p2a: Gengar\n|-start|p2a: Gengar|Substitute\n|-damage|p2a: Gengar|41\/100\n|move|p1a: Samurott|Flip Turn|p2a: Gengar\n|-end|p2a: Gengar|Substitute\n|\n|t:|1700204503\n|switch|p1a: Dragapult|Dragapult, M, shiny|100\/100|[from] Flip Turn\n|\n|-heal|p2a: Gengar|48\/100|[from] item: Leftovers\n|upkeep\n|turn|7\n|\n|t:|1700204508\n|switch|p2a: Mandibuzz|Mandibuzz, F|90\/100\n|move|p1a: Dragapult|Draco Meteor|p2a: Mandibuzz\n|-damage|p2a: Mandibuzz|5\/100\n|-unboost|p1a: Dragapult|spa|2\n|\n|upkeep\n|turn|8\n|\n|t:|1700204515\n|move|p1a: Dragapult|Draco Meteor|p2a: Mandibuzz\n|-damage|p2a: Mandibuzz|0 fnt\n|-unboost|p1a: Dragapult|spa|2\n|faint|p2a: Mandibuzz\n|\n|upkeep\n|\n|t:|1700204519\n|switch|p2a: Gengar|Gengar, M|48\/100\n|-damage|p2a: Gengar|35\/100|[from] Spikes\n|turn|9\n|\n|t:|1700204523\n|move|p1a: Dragapult|Draco Meteor|p2a: Gengar\n|-damage|p2a: Gengar|0 fnt\n|-unboost|p1a: Dragapult|spa|2\n|faint|p2a: Gengar\n|\n|upkeep\n|\n|t:|1700204526\n|switch|p2a: Greninja|Greninja, F, shiny|67\/100\n|-damage|p2a: Greninja|55\/100|[from] Spikes\n|turn|10\n|\n|t:|1700204533\n|switch|p1a: Samurott|Samurott-Hisui, F, shiny|70\/100\n|move|p2a: Greninja|Ice Beam|p1a: Samurott\n|-start|p2a: Greninja|typechange|Ice|[from] ability: Protean\n|-resisted|p1a: Samurott\n|-damage|p1a: Samurott|57\/100\n|\n|upkeep\n|turn|11\n|\n|t:|1700204546\n|switch|p2a: Cinderace|Cinderace, F|100\/100\n|-damage|p2a: Cinderace|88\/100|[from] Spikes\n|move|p1a: Samurott|Flip Turn|p2a: Cinderace\n|-supereffective|p2a: Cinderace\n|-damage|p2a: Cinderace|30\/100\n|\n|t:|1700204554\n|switch|p1a: Landorus|Landorus-Therian, M, tera:Water|80\/100|[from] Flip Turn\n|-ability|p1a: Landorus|Intimidate|boost\n|-unboost|p2a: Cinderace|atk|1\n|\n|-heal|p1a: Landorus|86\/100|[from] item: Leftovers\n|upkeep\n|turn|12\n|\n|t:|1700204564\n|move|p2a: Cinderace|High Jump Kick|p1a: Landorus\n|-start|p2a: Cinderace|typechange|Fighting|[from] ability: Libero\n|-crit|p1a: Landorus\n|-damage|p1a: Landorus|11\/100\n|move|p1a: Landorus|Calm Mind|p1a: Landorus\n|-boost|p1a: Landorus|spa|1\n|-boost|p1a: Landorus|spd|1\n|\n|-heal|p1a: Landorus|17\/100|[from] item: Leftovers\n|upkeep\n|turn|13\n|\n|t:|1700204569\n|switch|p1a: Amoonguss|Amoonguss, F|100\/100\n|move|p2a: Cinderace|High Jump Kick|p1a: Amoonguss\n|-resisted|p1a: Amoonguss\n|-damage|p1a: Amoonguss|87\/100\n|\n|-heal|p1a: Amoonguss|93\/100|[from] item: Leftovers\n|upkeep\n|turn|14\n|\n|t:|1700204578\n|move|p2a: Cinderace|Pyro Ball|p1a: Amoonguss\n|-supereffective|p1a: Amoonguss\n|-damage|p1a: Amoonguss|53\/100\n|move|p1a: Amoonguss|Toxic|p2a: Cinderace\n|-status|p2a: Cinderace|tox\n|\n|-heal|p1a: Amoonguss|59\/100|[from] item: Leftovers\n|-damage|p2a: Cinderace|24\/100 tox|[from] psn\n|upkeep\n|turn|15\n|\n|t:|1700204582\n|move|p2a: Cinderace|Pyro Ball|p1a: Amoonguss\n|-supereffective|p1a: Amoonguss\n|-damage|p1a: Amoonguss|21\/100\n|move|p1a: Amoonguss|Synthesis|p1a: Amoonguss\n|-heal|p1a: Amoonguss|71\/100\n|\n|-heal|p1a: Amoonguss|77\/100|[from] item: Leftovers\n|-damage|p2a: Cinderace|12\/100 tox|[from] psn\n|upkeep\n|turn|16\n|\n|t:|1700204587\n|switch|p1a: Cinderace|Cinderace, F|100\/100\n|move|p2a: Cinderace|Pyro Ball|p1a: Cinderace\n|-resisted|p1a: Cinderace\n|-damage|p1a: Cinderace|85\/100\n|\n|-damage|p2a: Cinderace|0 fnt|[from] psn\n|faint|p2a: Cinderace\n|upkeep\n|\n|t:|1700204591\n|switch|p2a: Greninja|Greninja, F, shiny|55\/100\n|-damage|p2a: Greninja|42\/100|[from] Spikes\n|turn|17\n|\n|t:|1700204599\n|switch|p1a: Samurott|Samurott-Hisui, F, shiny|57\/100\n|move|p2a: Greninja|Hydro Pump|p1a: Samurott|[miss]\n|-start|p2a: Greninja|typechange|Water|[from] ability: Protean\n|-miss|p2a: Greninja|p1a: Samurott\n|\n|upkeep\n|turn|18\n|\n|t:|1700204604\n|move|p2a: Greninja|Hydro Pump|p1a: Samurott\n|-resisted|p1a: Samurott\n|-damage|p1a: Samurott|41\/100\n|move|p1a: Samurott|Ceaseless Edge|p2a: Greninja\n|-damage|p2a: Greninja|0 fnt\n|-sidestart|p2: AkiDes|Spikes\n|faint|p2a: Greninja\n|\n|upkeep\n|\n|t:|1700204611\n|switch|p2a: Dragonite|Dragonite, M|100\/100\n|turn|19\n|\n|t:|1700204614\n|move|p2a: Dragonite|Dragon Dance|p2a: Dragonite\n|-boost|p2a: Dragonite|atk|1\n|-boost|p2a: Dragonite|spe|1\n|move|p1a: Samurott|Flip Turn|p2a: Dragonite\n|-resisted|p2a: Dragonite\n|-damage|p2a: Dragonite|95\/100\n|\n|t:|1700204616\n|switch|p1a: Amoonguss|Amoonguss, F|100\/100|[from] Flip Turn\n|\n|upkeep\n|turn|20\n|\n|t:|1700204621\n|move|p2a: Dragonite|Fire Punch|p1a: Amoonguss\n|-supereffective|p1a: Amoonguss\n|-damage|p1a: Amoonguss|36\/100\n|move|p1a: Amoonguss|Toxic|p2a: Dragonite\n|-status|p2a: Dragonite|tox\n|\n|-heal|p1a: Amoonguss|42\/100|[from] item: Leftovers\n|-damage|p2a: Dragonite|88\/100 tox|[from] psn\n|upkeep\n|turn|21\n|\n|t:|1700204629\n|switch|p1a: Landorus|Landorus-Therian, M, tera:Water|17\/100\n|-ability|p1a: Landorus|Intimidate|boost\n|-unboost|p2a: Dragonite|atk|1\n|move|p2a: Dragonite|Earthquake|p1a: Landorus\n|-damage|p1a: Landorus|0 fnt\n|faint|p1a: Landorus\n|\n|-damage|p2a: Dragonite|76\/100 tox|[from] psn\n|upkeep\n|\n|t:|1700204640\n|switch|p1a: Clefable|Clefable, M|100\/100\n|turn|22\n|\n|t:|1700204643\n|move|p2a: Dragonite|Earthquake|p1a: Clefable\n|-damage|p1a: Clefable|69\/100\n|move|p1a: Clefable|Wish|p1a: Clefable\n|\n|-heal|p1a: Clefable|75\/100|[from] item: Leftovers\n|-damage|p2a: Dragonite|57\/100 tox|[from] psn\n|upkeep\n|turn|23\n|\n|t:|1700204649\n|switch|p2a: Jolteon|Jolteon, M|100\/100\n|-damage|p2a: Jolteon|84\/100|[from] Spikes\n|move|p1a: Clefable|Moonblast|p2a: Jolteon\n|-damage|p2a: Jolteon|39\/100\n|\n|-heal|p1a: Clefable|100\/100|[from] move: Wish|[wisher] Clefable\n|upkeep\n|turn|24\n|\n|t:|1700204658\n|switch|p1a: Amoonguss|Amoonguss, F|75\/100\n|move|p2a: Jolteon|Thunderbolt|p1a: Amoonguss\n|-resisted|p1a: Amoonguss\n|-damage|p1a: Amoonguss|47\/100\n|\n|-heal|p1a: Amoonguss|53\/100|[from] item: Leftovers\n|upkeep\n|turn|25\n|\n|t:|1700204664\n|move|p2a: Jolteon|Thunderbolt|p1a: Amoonguss\n|-resisted|p1a: Amoonguss\n|-damage|p1a: Amoonguss|24\/100\n|move|p1a: Amoonguss|Sludge Bomb|p2a: Jolteon\n|-damage|p2a: Jolteon|4\/100\n|-status|p2a: Jolteon|psn\n|\n|-heal|p1a: Amoonguss|30\/100|[from] item: Leftovers\n|-damage|p2a: Jolteon|0 fnt|[from] psn\n|faint|p2a: Jolteon\n|upkeep\n|\n|t:|1700204666\n|switch|p2a: Dragonite|Dragonite, M|57\/100 tox\n|turn|26\n|\n|t:|1700204671\n|switch|p1a: Clefable|Clefable, M|100\/100\n|move|p2a: Dragonite|Fire Punch|p1a: Clefable\n|-damage|p1a: Clefable|76\/100\n|\n|-heal|p1a: Clefable|82\/100|[from] item: Leftovers\n|-damage|p2a: Dragonite|51\/100 tox|[from] psn\n|upkeep\n|turn|27\n|\n|t:|1700204675\n|-terastallize|p2a: Dragonite|Normal\n|move|p2a: Dragonite|Extreme Speed|p1a: Clefable\n|-damage|p1a: Clefable|49\/100\n|move|p1a: Clefable|Wish|p1a: Clefable\n|\n|-heal|p1a: Clefable|56\/100|[from] item: Leftovers\n|-damage|p2a: Dragonite|39\/100 tox|[from] psn\n|upkeep\n|turn|28\n|\n|t:|1700204680\n|move|p1a: Clefable|Protect|p1a: Clefable\n|-singleturn|p1a: Clefable|Protect\n|move|p2a: Dragonite|Extreme Speed|p1a: Clefable\n|-activate|p1a: Clefable|move: Protect\n|\n|-heal|p1a: Clefable|100\/100|[from] move: Wish|[wisher] Clefable\n|-damage|p2a: Dragonite|20\/100 tox|[from] psn\n|upkeep\n|turn|29\n|-message|AkiDes forfeited.\n|\n|win|Slopandslimeher\n|raw|Slopandslimeher's rating: 1256 &rarr; <strong>1276<\/strong><br \/>(+20 for winning)\n|raw|AkiDes's rating: 1184 &rarr; <strong>1164<\/strong><br \/>(-20 for losing)\n|l|\u2606AkiDes\n","uploadtime":1700204690,"views":11,"p1id":"slopandslimeher","p2id":"akides","formatid":"gen9ou","rating":1164,"private":0,"password":""}