{"id":"gen9ou-1993954093","p1":"vilosa","p2":"Audio Peel","format":"[Gen 9] OU","log":"|j|\u2606vilosa\n|j|\u2606Audio Peel\n|t:|1700381996\n|gametype|singles\n|player|p1|vilosa|akari|1584\n|player|p2|Audio Peel|102|1718\n|teamsize|p1|6\n|teamsize|p2|6\n|gen|9\n|tier|[Gen 9] OU\n|rated|\n|rule|Sleep Clause Mod: Limit one foe put to sleep\n|rule|Species Clause: Limit one of each Pok\u00e9mon\n|rule|OHKO Clause: OHKO moves are banned\n|rule|Evasion Items Clause: Evasion items are banned\n|rule|Evasion Moves Clause: Evasion moves are banned\n|rule|Endless Battle Clause: Forcing endless battles is banned\n|rule|HP Percentage Mod: HP is shown in percentages\n|clearpoke\n|poke|p1|Scizor, F|\n|poke|p1|Rotom-Wash|\n|poke|p1|Dragapult, F|\n|poke|p1|Ting-Lu|\n|poke|p1|Great Tusk|\n|poke|p1|Moltres|\n|poke|p2|Garganacl, M|\n|poke|p2|Corviknight, M|\n|poke|p2|Kingambit, M|\n|poke|p2|Zamazenta-*|\n|poke|p2|Clefable, F|\n|poke|p2|Dragapult, M|\n|teampreview\n|j| Phasmyx\n|inactive|Battle timer is ON: inactive players will automatically lose when time's up. (requested by vilosa)\n|\n|t:|1700382009\n|start\n|switch|p1a: Ting-Lu|Ting-Lu|100\/100\n|switch|p2a: Garganacl|Garganacl, M|100\/100\n|-ability|p1a: Ting-Lu|Vessel of Ruin\n|turn|1\n|\n|t:|1700382018\n|switch|p2a: Clefable|Clefable, F|100\/100\n|move|p1a: Ting-Lu|Spikes|p2a: Clefable\n|-sidestart|p2: Audio Peel|Spikes\n|\n|upkeep\n|turn|2\n|\n|t:|1700382028\n|switch|p1a: Moltres|Moltres|100\/100\n|move|p2a: Clefable|Trick|p1a: Moltres\n|-activate|p2a: Clefable|move: Trick|[of] p1a: Moltres\n|-item|p1a: Moltres|Sticky Barb|[from] move: Trick\n|-item|p2a: Clefable|Heavy-Duty Boots|[from] move: Trick\n|\n|-damage|p1a: Moltres|88\/100|[from] item: Sticky Barb\n|upkeep\n|turn|3\n|\n|t:|1700382038\n|switch|p1a: Scizor|Scizor, F|100\/100\n|move|p2a: Clefable|Stealth Rock|p1a: Scizor\n|-sidestart|p1: vilosa|move: Stealth Rock\n|\n|upkeep\n|turn|4\n|\n|t:|1700382043\n|switch|p2a: Corviknight|Corviknight, M|100\/100\n|-ability|p2a: Corviknight|Pressure\n|move|p1a: Scizor|Knock Off|p2a: Corviknight\n|-damage|p2a: Corviknight|78\/100\n|-damage|p1a: Scizor|84\/100|[from] item: Rocky Helmet|[of] p2a: Corviknight\n|-enditem|p2a: Corviknight|Rocky Helmet|[from] move: Knock Off|[of] p1a: Scizor\n|\n|upkeep\n|turn|5\n|\n|t:|1700382051\n|switch|p1a: Rotom|Rotom-Wash|100\/100\n|-damage|p1a: Rotom|88\/100|[from] Stealth Rock\n|move|p2a: Corviknight|U-turn|p1a: Rotom\n|-crit|p1a: Rotom\n|-damage|p1a: Rotom|65\/100\n|\n|t:|1700382061\n|switch|p2a: Dragapult|Dragapult, M|100\/100|[from] U-turn\n|-damage|p2a: Dragapult|88\/100|[from] Spikes\n|\n|-heal|p1a: Rotom|71\/100|[from] item: Leftovers\n|upkeep\n|turn|6\n|\n|t:|1700382067\n|move|p1a: Rotom|Protect|p1a: Rotom\n|-singleturn|p1a: Rotom|Protect\n|move|p2a: Dragapult|Draco Meteor|p1a: Rotom\n|-activate|p1a: Rotom|move: Protect\n|\n|-heal|p1a: Rotom|77\/100|[from] item: Leftovers\n|upkeep\n|turn|7\n|\n|t:|1700382074\n|switch|p1a: Ting-Lu|Ting-Lu|100\/100\n|-damage|p1a: Ting-Lu|94\/100|[from] Stealth Rock\n|-ability|p1a: Ting-Lu|Vessel of Ruin\n|move|p2a: Dragapult|Draco Meteor|p1a: Ting-Lu\n|-damage|p1a: Ting-Lu|59\/100\n|-unboost|p2a: Dragapult|spa|2\n|\n|-heal|p1a: Ting-Lu|65\/100|[from] item: Leftovers\n|upkeep\n|turn|8\n|\n|t:|1700382085\n|switch|p2a: Corviknight|Corviknight, M|78\/100\n|-ability|p2a: Corviknight|Pressure\n|move|p1a: Ting-Lu|Whirlwind|p2a: Corviknight\n|drag|p2a: Kingambit|Kingambit, M|100\/100\n|-damage|p2a: Kingambit|88\/100|[from] Spikes\n|\n|-heal|p1a: Ting-Lu|72\/100|[from] item: Leftovers\n|upkeep\n|turn|9\n|\n|t:|1700382093\n|move|p2a: Kingambit|Iron Head|p1a: Ting-Lu\n|-damage|p1a: Ting-Lu|45\/100\n|move|p1a: Ting-Lu|Spikes|p2a: Kingambit\n|-sidestart|p2: Audio Peel|Spikes\n|\n|-heal|p1a: Ting-Lu|51\/100|[from] item: Leftovers\n|upkeep\n|turn|10\n|\n|t:|1700382097\n|move|p2a: Kingambit|Iron Head|p1a: Ting-Lu\n|-damage|p1a: Ting-Lu|26\/100\n|move|p1a: Ting-Lu|Earthquake|p2a: Kingambit\n|-supereffective|p2a: Kingambit\n|-damage|p2a: Kingambit|39\/100\n|\n|-heal|p1a: Ting-Lu|32\/100|[from] item: Leftovers\n|upkeep\n|turn|11\n|\n|t:|1700382102\n|switch|p1a: Rotom|Rotom-Wash|77\/100\n|-damage|p1a: Rotom|65\/100|[from] Stealth Rock\n|move|p2a: Kingambit|Iron Head|p1a: Rotom\n|-resisted|p1a: Rotom\n|-damage|p1a: Rotom|52\/100\n|\n|-heal|p1a: Rotom|58\/100|[from] item: Leftovers\n|upkeep\n|turn|12\n|\n|t:|1700382112\n|move|p1a: Rotom|Volt Switch|p2a: Kingambit\n|-damage|p2a: Kingambit|16\/100\n|\n|t:|1700382119\n|switch|p1a: Great Tusk|Great Tusk|100\/100|[from] Volt Switch\n|move|p2a: Kingambit|Swords Dance|p2a: Kingambit\n|-boost|p2a: Kingambit|atk|2\n|\n|upkeep\n|turn|13\n|\n|t:|1700382125\n|move|p2a: Kingambit|Sucker Punch|p1a: Great Tusk\n|-resisted|p1a: Great Tusk\n|-damage|p1a: Great Tusk|67\/100\n|move|p1a: Great Tusk|Headlong Rush|p2a: Kingambit\n|-supereffective|p2a: Kingambit\n|-damage|p2a: Kingambit|0 fnt\n|-unboost|p1a: Great Tusk|def|1\n|-unboost|p1a: Great Tusk|spd|1\n|faint|p2a: Kingambit\n|-end|p2a: Kingambit|fallenundefined|[silent]\n|\n|upkeep\n|\n|t:|1700382143\n|switch|p2a: Dragapult|Dragapult, M|88\/100\n|-damage|p2a: Dragapult|72\/100|[from] Spikes\n|turn|14\n|\n|t:|1700382146\n|-end|p1a: Great Tusk|Protosynthesis|[silent]\n|switch|p1a: Ting-Lu|Ting-Lu|32\/100\n|-damage|p1a: Ting-Lu|26\/100|[from] Stealth Rock\n|-ability|p1a: Ting-Lu|Vessel of Ruin\n|move|p2a: Dragapult|Shadow Ball|p1a: Ting-Lu\n|-resisted|p1a: Ting-Lu\n|-damage|p1a: Ting-Lu|15\/100\n|\n|-heal|p1a: Ting-Lu|21\/100|[from] item: Leftovers\n|upkeep\n|turn|15\n|l| Phasmyx\n|\n|t:|1700382159\n|move|p2a: Dragapult|Shadow Ball|p1a: Ting-Lu\n|-resisted|p1a: Ting-Lu\n|-damage|p1a: Ting-Lu|11\/100\n|-unboost|p1a: Ting-Lu|spd|1\n|move|p1a: Ting-Lu|Whirlwind|p2a: Dragapult\n|drag|p2a: Corviknight|Corviknight, M|78\/100\n|-ability|p2a: Corviknight|Pressure\n|\n|-heal|p1a: Ting-Lu|17\/100|[from] item: Leftovers\n|upkeep\n|turn|16\n|\n|t:|1700382165\n|switch|p1a: Moltres|Moltres|88\/100\n|-damage|p1a: Moltres|38\/100|[from] Stealth Rock\n|move|p2a: Corviknight|U-turn|p1a: Moltres\n|-resisted|p1a: Moltres\n|-damage|p1a: Moltres|36\/100\n|\n|t:|1700382171\n|switch|p2a: Clefable|Clefable, F|100\/100|[from] U-turn\n|\n|upkeep\n|turn|17\n|\n|t:|1700382176\n|move|p1a: Moltres|Roost|p1a: Moltres\n|-heal|p1a: Moltres|86\/100\n|-singleturn|p1a: Moltres|move: Roost\n|move|p2a: Clefable|Moonblast|p1a: Moltres\n|-resisted|p1a: Moltres\n|-damage|p1a: Moltres|70\/100\n|\n|upkeep\n|turn|18\n|\n|t:|1700382188\n|move|p1a: Moltres|U-turn|p2a: Clefable\n|-resisted|p2a: Clefable\n|-damage|p2a: Clefable|91\/100\n|\n|t:|1700382190\n|switch|p1a: Scizor|Scizor, F|84\/100|[from] U-turn\n|move|p2a: Clefable|Moonblast|p1a: Scizor\n|-resisted|p1a: Scizor\n|-damage|p1a: Scizor|64\/100\n|\n|upkeep\n|turn|19\n|\n|t:|1700382200\n|move|p1a: Scizor|U-turn|p2a: Clefable\n|-resisted|p2a: Clefable\n|-crit|p2a: Clefable\n|-damage|p2a: Clefable|60\/100\n|\n|t:|1700382205\n|switch|p1a: Dragapult|Dragapult, F|100\/100|[from] U-turn\n|-damage|p1a: Dragapult|88\/100|[from] Stealth Rock\n|move|p2a: Clefable|Moonblast|p1a: Dragapult\n|-supereffective|p1a: Dragapult\n|-damage|p1a: Dragapult|2\/100\n|\n|upkeep\n|turn|20\n|\n|t:|1700382213\n|move|p1a: Dragapult|Shadow Ball|p2a: Clefable\n|-damage|p2a: Clefable|27\/100\n|move|p2a: Clefable|Moonlight|p2a: Clefable\n|-heal|p2a: Clefable|77\/100\n|\n|upkeep\n|turn|21\n|\n|t:|1700382224\n|switch|p1a: Scizor|Scizor, F|64\/100\n|move|p2a: Clefable|Moonblast|p1a: Scizor\n|-resisted|p1a: Scizor\n|-damage|p1a: Scizor|46\/100\n|\n|upkeep\n|turn|22\n|\n|t:|1700382231\n|switch|p2a: Corviknight|Corviknight, M|78\/100\n|-ability|p2a: Corviknight|Pressure\n|move|p1a: Scizor|Swords Dance|p1a: Scizor\n|-boost|p1a: Scizor|atk|2\n|\n|-damage|p2a: Corviknight|66\/100|[from] item: Sticky Barb\n|upkeep\n|turn|23\n|\n|t:|1700382238\n|move|p1a: Scizor|U-turn|p2a: Corviknight\n|-resisted|p2a: Corviknight\n|-damage|p2a: Corviknight|53\/100\n|\n|t:|1700382241\n|switch|p1a: Rotom|Rotom-Wash|58\/100|[from] U-turn\n|-damage|p1a: Rotom|46\/100|[from] Stealth Rock\n|move|p2a: Corviknight|Brave Bird|p1a: Rotom\n|-resisted|p1a: Rotom\n|-damage|p1a: Rotom|26\/100\n|-damage|p2a: Corviknight|48\/100|[from] Recoil\n|\n|-heal|p1a: Rotom|32\/100|[from] item: Leftovers\n|-damage|p2a: Corviknight|36\/100|[from] item: Sticky Barb\n|upkeep\n|turn|24\n|j| dfghhhg\n|\n|t:|1700382252\n|move|p1a: Rotom|Volt Switch|p2a: Corviknight\n|-supereffective|p2a: Corviknight\n|-crit|p2a: Corviknight\n|-damage|p2a: Corviknight|0 fnt\n|faint|p2a: Corviknight\n|\n|t:|1700382258\n|switch|p1a: Scizor|Scizor, F|46\/100|[from] Volt Switch\n|\n|upkeep\n|\n|t:|1700382261\n|switch|p2a: Garganacl|Garganacl, M|100\/100\n|-damage|p2a: Garganacl|84\/100|[from] Spikes\n|turn|25\n|\n|t:|1700382266\n|-terastallize|p2a: Garganacl|Water\n|move|p1a: Scizor|Knock Off|p2a: Garganacl\n|-damage|p2a: Garganacl|57\/100\n|-enditem|p2a: Garganacl|Leftovers|[from] move: Knock Off|[of] p1a: Scizor\n|move|p2a: Garganacl|Salt Cure|p1a: Scizor\n|-damage|p1a: Scizor|30\/100\n|-start|p1a: Scizor|Salt Cure\n|\n|-damage|p1a: Scizor|6\/100|[from] Salt Cure\n|upkeep\n|turn|26\n|\n|t:|1700382277\n|switch|p1a: Great Tusk|Great Tusk|67\/100\n|move|p2a: Garganacl|Recover|p2a: Garganacl\n|-heal|p2a: Garganacl|100\/100\n|\n|upkeep\n|turn|27\n|\n|t:|1700382281\n|move|p1a: Great Tusk|Rapid Spin|p2a: Garganacl\n|-damage|p2a: Garganacl|91\/100\n|-boost|p1a: Great Tusk|spe|1\n|-sideend|p1: vilosa|Stealth Rock|[from] move: Rapid Spin|[of] p1a: Great Tusk\n|move|p2a: Garganacl|Salt Cure|p1a: Great Tusk\n|-resisted|p1a: Great Tusk\n|-damage|p1a: Great Tusk|65\/100\n|-start|p1a: Great Tusk|Salt Cure\n|\n|-damage|p1a: Great Tusk|53\/100|[from] Salt Cure\n|upkeep\n|turn|28\n|\n|t:|1700382293\n|move|p1a: Great Tusk|Stealth Rock|p2a: Garganacl\n|-sidestart|p2: Audio Peel|move: Stealth Rock\n|move|p2a: Garganacl|Stealth Rock|p1a: Great Tusk\n|-sidestart|p1: vilosa|move: Stealth Rock\n|\n|-damage|p1a: Great Tusk|40\/100|[from] Salt Cure\n|upkeep\n|turn|29\n|\n|t:|1700382298\n|move|p1a: Great Tusk|Rapid Spin|p2a: Garganacl\n|-damage|p2a: Garganacl|81\/100\n|-boost|p1a: Great Tusk|spe|1\n|-sideend|p1: vilosa|Stealth Rock|[from] move: Rapid Spin|[of] p1a: Great Tusk\n|move|p2a: Garganacl|Salt Cure|p1a: Great Tusk\n|-resisted|p1a: Great Tusk\n|-damage|p1a: Great Tusk|38\/100\n|\n|-damage|p1a: Great Tusk|26\/100|[from] Salt Cure\n|upkeep\n|turn|30\n|\n|t:|1700382303\n|-end|p1a: Great Tusk|Protosynthesis|[silent]\n|switch|p1a: Rotom|Rotom-Wash|32\/100\n|move|p2a: Garganacl|Salt Cure|p1a: Rotom\n|-damage|p1a: Rotom|18\/100\n|-start|p1a: Rotom|Salt Cure\n|\n|-heal|p1a: Rotom|24\/100|[from] item: Leftovers\n|-damage|p1a: Rotom|0 fnt|[from] Salt Cure\n|faint|p1a: Rotom\n|upkeep\n|\n|t:|1700382323\n|switch|p1a: Dragapult|Dragapult, F|2\/100\n|turn|31\n|\n|t:|1700382326\n|move|p1a: Dragapult|Draco Meteor|p2a: Garganacl\n|-damage|p2a: Garganacl|25\/100\n|-unboost|p1a: Dragapult|spa|2\n|move|p2a: Garganacl|Recover|p2a: Garganacl\n|-heal|p2a: Garganacl|75\/100\n|\n|upkeep\n|turn|32\n|\n|t:|1700382336\n|switch|p1a: Great Tusk|Great Tusk|26\/100\n|move|p2a: Garganacl|Stealth Rock|p1a: Great Tusk\n|-sidestart|p1: vilosa|move: Stealth Rock\n|\n|upkeep\n|turn|33\n|\n|t:|1700382342\n|move|p1a: Great Tusk|Rapid Spin|p2a: Garganacl\n|-damage|p2a: Garganacl|65\/100\n|-boost|p1a: Great Tusk|spe|1\n|-sideend|p1: vilosa|Stealth Rock|[from] move: Rapid Spin|[of] p1a: Great Tusk\n|move|p2a: Garganacl|Salt Cure|p1a: Great Tusk\n|-resisted|p1a: Great Tusk\n|-damage|p1a: Great Tusk|24\/100\n|-start|p1a: Great Tusk|Salt Cure\n|\n|-damage|p1a: Great Tusk|11\/100|[from] Salt Cure\n|upkeep\n|turn|34\n|\n|t:|1700382346\n|move|p1a: Great Tusk|Headlong Rush|p2a: Garganacl\n|-damage|p2a: Garganacl|33\/100\n|-unboost|p1a: Great Tusk|def|1\n|-unboost|p1a: Great Tusk|spd|1\n|move|p2a: Garganacl|Recover|p2a: Garganacl\n|-heal|p2a: Garganacl|83\/100\n|\n|-damage|p1a: Great Tusk|0 fnt|[from] Salt Cure\n|faint|p1a: Great Tusk\n|-end|p1a: Great Tusk|Protosynthesis|[silent]\n|upkeep\n|\n|t:|1700382352\n|switch|p1a: Ting-Lu|Ting-Lu|17\/100\n|-ability|p1a: Ting-Lu|Vessel of Ruin\n|turn|35\n|\n|t:|1700382354\n|move|p2a: Garganacl|Stealth Rock|p1a: Ting-Lu\n|-sidestart|p1: vilosa|move: Stealth Rock\n|move|p1a: Ting-Lu|Whirlwind|p2a: Garganacl\n|drag|p2a: Clefable|Clefable, F|77\/100\n|\n|-heal|p1a: Ting-Lu|23\/100|[from] item: Leftovers\n|upkeep\n|turn|36\n|-message|vilosa forfeited.\n|\n|win|Audio Peel\n|raw|vilosa's rating: 1584 &rarr; <strong>1571<\/strong><br \/>(-13 for losing)\n|raw|Audio Peel's rating: 1718 &rarr; <strong>1731<\/strong><br \/>(+13 for winning)\n|l|\u2606vilosa\n","uploadtime":1700382366,"views":10,"p1id":"vilosa","p2id":"audiopeel","formatid":"gen9ou","rating":1571,"private":0,"password":""}