{"id":"gen9ou-1990125252","p1":"quinchmader","p2":"sergio2012","format":"[Gen 9] OU","log":"|j|\u2606quinchmader\n|j|\u2606sergio2012\n|t:|1699927253\n|gametype|singles\n|player|p1|quinchmader|pokemaniac|1222\n|player|p2|sergio2012|1|1291\n|teamsize|p1|6\n|teamsize|p2|6\n|gen|9\n|tier|[Gen 9] OU\n|rated|\n|rule|Sleep Clause Mod: Limit one foe put to sleep\n|rule|Species Clause: Limit one of each Pok\u00e9mon\n|rule|OHKO Clause: OHKO moves are banned\n|rule|Evasion Items Clause: Evasion items are banned\n|rule|Evasion Moves Clause: Evasion moves are banned\n|rule|Endless Battle Clause: Forcing endless battles is banned\n|rule|HP Percentage Mod: HP is shown in percentages\n|clearpoke\n|poke|p1|Walking Wake|\n|poke|p1|Maushold-Four|\n|poke|p1|Dragonite, F|\n|poke|p1|Weezing-Galar, M|\n|poke|p1|Great Tusk|\n|poke|p1|Muk-Alola, M|\n|poke|p2|Kingambit, M|\n|poke|p2|Ninetales-Alola, F|\n|poke|p2|Iron Moth|\n|poke|p2|Ogerpon-Wellspring, F|\n|poke|p2|Diancie|\n|poke|p2|Corviknight, M|\n|teampreview\n|inactive|Battle timer is ON: inactive players will automatically lose when time's up. (requested by quinchmader)\n|\n|t:|1699927272\n|start\n|switch|p1a: Weezing|Weezing-Galar, M|100\/100\n|switch|p2a: Ninetales|Ninetales-Alola, F|100\/100\n|-weather|Snow|[from] ability: Snow Warning|[of] p2a: Ninetales\n|turn|1\n|\n|t:|1699927288\n|move|p2a: Ninetales|Aurora Veil|p2a: Ninetales\n|-sidestart|p2: sergio2012|move: Aurora Veil\n|move|p1a: Weezing|Overheat|p2a: Ninetales\n|-supereffective|p2a: Ninetales\n|-damage|p2a: Ninetales|34\/100\n|-unboost|p1a: Weezing|spa|2\n|\n|-weather|Snow|[upkeep]\n|upkeep\n|turn|2\n|\n|t:|1699927294\n|move|p2a: Ninetales|Draining Kiss|p1a: Weezing\n|-resisted|p1a: Weezing\n|-damage|p1a: Weezing|84\/100\n|-heal|p2a: Ninetales|46\/100|[from] drain|[of] p1a: Weezing\n|move|p1a: Weezing|Overheat|p2a: Ninetales\n|-supereffective|p2a: Ninetales\n|-crit|p2a: Ninetales\n|-damage|p2a: Ninetales|0 fnt\n|-unboost|p1a: Weezing|spa|2\n|faint|p2a: Ninetales\n|\n|-weather|Snow|[upkeep]\n|upkeep\n|\n|t:|1699927315\n|switch|p2a: Iron Moth|Iron Moth|100\/100\n|-enditem|p2a: Iron Moth|Booster Energy\n|-activate|p2a: Iron Moth|ability: Quark Drive|[fromitem]\n|-start|p2a: Iron Moth|quarkdrivespa\n|turn|3\n|\n|t:|1699927320\n|switch|p1a: Muk|Muk-Alola, M|100\/100\n|move|p2a: Iron Moth|Substitute|p2a: Iron Moth\n|-start|p2a: Iron Moth|Substitute\n|-damage|p2a: Iron Moth|76\/100\n|\n|-weather|Snow|[upkeep]\n|upkeep\n|turn|4\n|\n|t:|1699927328\n|move|p2a: Iron Moth|Fiery Dance|p1a: Muk\n|-damage|p1a: Muk|65\/100\n|-boost|p2a: Iron Moth|spa|1\n|move|p1a: Muk|Knock Off|p2a: Iron Moth\n|-activate|p2a: Iron Moth|move: Substitute|[damage]\n|\n|-weather|Snow|[upkeep]\n|-heal|p1a: Muk|71\/100|[from] item: Black Sludge\n|upkeep\n|turn|5\n|\n|t:|1699927336\n|move|p2a: Iron Moth|Fiery Dance|p1a: Muk\n|-damage|p1a: Muk|16\/100\n|-boost|p2a: Iron Moth|spa|1\n|move|p1a: Muk|Knock Off|p2a: Iron Moth\n|-end|p2a: Iron Moth|Substitute\n|\n|-weather|none\n|-heal|p1a: Muk|22\/100|[from] item: Black Sludge\n|upkeep\n|turn|6\n|\n|t:|1699927345\n|move|p2a: Iron Moth|Substitute|p2a: Iron Moth\n|-start|p2a: Iron Moth|Substitute\n|-damage|p2a: Iron Moth|51\/100\n|move|p1a: Muk|Drain Punch|p2a: Iron Moth\n|-resisted|p2a: Iron Moth\n|-activate|p2a: Iron Moth|move: Substitute|[damage]\n|-heal|p1a: Muk|25\/100|[from] drain|[of] p2a: Iron Moth\n|\n|-heal|p1a: Muk|31\/100|[from] item: Black Sludge\n|upkeep\n|turn|7\n|\n|t:|1699927354\n|move|p2a: Iron Moth|Fiery Dance|p1a: Muk\n|-crit|p1a: Muk\n|-damage|p1a: Muk|0 fnt\n|faint|p1a: Muk\n|\n|upkeep\n|\n|t:|1699927372\n|switch|p1a: Maushold|Maushold-Four|100\/100\n|turn|8\n|\n|t:|1699927376\n|move|p1a: Maushold|Population Bomb|p2a: Iron Moth\n|-activate|p2a: Iron Moth|move: Substitute|[damage]\n|-end|p2a: Iron Moth|Substitute\n|-damage|p2a: Iron Moth|42\/100\n|-damage|p2a: Iron Moth|32\/100\n|-damage|p2a: Iron Moth|22\/100\n|-damage|p2a: Iron Moth|12\/100\n|-crit|p2a: Iron Moth\n|-damage|p2a: Iron Moth|0 fnt\n|faint|p2a: Iron Moth\n|-end|p2a: Iron Moth|Quark Drive|[silent]\n|-hitcount|p2: Iron Moth|7\n|\n|-sideend|p2: sergio2012|move: Aurora Veil\n|upkeep\n|\n|t:|1699927388\n|switch|p2a: Corviknight|Corviknight, M|100\/100\n|turn|9\n|\n|t:|1699927396\n|switch|p1a: Weezing|Weezing-Galar, M|84\/100\n|move|p2a: Corviknight|Iron Defense|p2a: Corviknight\n|-boost|p2a: Corviknight|def|2\n|\n|upkeep\n|turn|10\n|\n|t:|1699927419\n|move|p1a: Weezing|Overheat|p2a: Corviknight\n|-supereffective|p2a: Corviknight\n|-crit|p2a: Corviknight\n|-damage|p2a: Corviknight|0 fnt\n|-unboost|p1a: Weezing|spa|2\n|faint|p2a: Corviknight\n|\n|upkeep\n|\n|t:|1699927426\n|switch|p2a: Ogerpon|Ogerpon-Wellspring, F|100\/100\n|turn|11\n|\n|t:|1699927440\n|-terastallize|p2a: Ogerpon|Water\n|detailschange|p2a: Ogerpon|Ogerpon-Wellspring-Tera, F, tera:Water\n|-ability|p2a: Ogerpon|Embody Aspect (Wellspring)|boost\n|-boost|p2a: Ogerpon|spd|1\n|move|p2a: Ogerpon|Play Rough|p1a: Weezing\n|-resisted|p1a: Weezing\n|-damage|p1a: Weezing|65\/100\n|move|p1a: Weezing|Overheat|p2a: Ogerpon\n|-resisted|p2a: Ogerpon\n|-damage|p2a: Ogerpon|90\/100\n|-unboost|p1a: Weezing|spa|2\n|\n|upkeep\n|turn|12\n|\n|t:|1699927466\n|switch|p1a: Dragonite|Dragonite, F|100\/100\n|move|p2a: Ogerpon|Swords Dance|p2a: Ogerpon\n|-boost|p2a: Ogerpon|atk|2\n|\n|upkeep\n|turn|13\n|\n|t:|1699927470\n|move|p1a: Dragonite|Extreme Speed|p2a: Ogerpon\n|-damage|p2a: Ogerpon|26\/100\n|move|p2a: Ogerpon|Play Rough|p1a: Dragonite\n|-supereffective|p1a: Dragonite\n|-damage|p1a: Dragonite|30\/100\n|\n|upkeep\n|turn|14\n|\n|t:|1699927481\n|switch|p2a: Diancie|Diancie|100\/100\n|move|p1a: Dragonite|Extreme Speed|p2a: Diancie\n|-resisted|p2a: Diancie\n|-damage|p2a: Diancie|86\/100\n|\n|-heal|p2a: Diancie|92\/100|[from] item: Leftovers\n|upkeep\n|turn|15\n|\n|t:|1699927485\n|move|p1a: Dragonite|Extreme Speed|p2a: Diancie\n|-resisted|p2a: Diancie\n|-damage|p2a: Diancie|78\/100\n|move|p2a: Diancie|Diamond Storm|p1a: Dragonite\n|-supereffective|p1a: Dragonite\n|-damage|p1a: Dragonite|0 fnt\n|-boost|p2a: Diancie|def|2\n|faint|p1a: Dragonite\n|\n|-heal|p2a: Diancie|84\/100|[from] item: Leftovers\n|upkeep\n|inactive|quinchmader has 120 seconds left.\n|l|\u2606quinchmader\n|inactive|quinchmader disconnected and has a minute to reconnect!\n|player|p1|\n|j|\u2606quinchmader\n|inactive|quinchmader reconnected and has 90 seconds left.\n|player|p1|quinchmader|pokemaniac\n|\n|t:|1699927548\n|switch|p1a: Walking Wake|Walking Wake|100\/100\n|turn|16\n|\n|t:|1699927553\n|-terastallize|p1a: Walking Wake|Steel\n|move|p1a: Walking Wake|Hydro Steam|p2a: Diancie\n|-supereffective|p2a: Diancie\n|-damage|p2a: Diancie|14\/100\n|move|p2a: Diancie|Moonblast|p1a: Walking Wake\n|-resisted|p1a: Walking Wake\n|-damage|p1a: Walking Wake|83\/100\n|\n|-heal|p2a: Diancie|21\/100|[from] item: Leftovers\n|upkeep\n|turn|17\n|\n|t:|1699927562\n|move|p1a: Walking Wake|Hydro Steam|p2a: Diancie\n|-supereffective|p2a: Diancie\n|-damage|p2a: Diancie|0 fnt\n|faint|p2a: Diancie\n|\n|upkeep\n|\n|t:|1699927578\n|switch|p2a: Ogerpon|Ogerpon-Wellspring-Tera, F, tera:Water|26\/100\n|-ability|p2a: Ogerpon|Embody Aspect (Wellspring)|boost\n|-boost|p2a: Ogerpon|spd|1\n|turn|18\n|\n|t:|1699927587\n|-end|p1a: Walking Wake|Protosynthesis|[silent]\n|switch|p1a: Weezing|Weezing-Galar, M|65\/100\n|move|p2a: Ogerpon|Ivy Cudgel|p1a: Weezing\n|-damage|p1a: Weezing|0 fnt\n|faint|p1a: Weezing\n|\n|upkeep\n|\n|t:|1699927594\n|switch|p1a: Maushold|Maushold-Four|100\/100\n|turn|19\n|\n|t:|1699927598\n|move|p1a: Maushold|Population Bomb|p2a: Ogerpon\n|-damage|p2a: Ogerpon|10\/100\n|-damage|p2a: Ogerpon|0 fnt\n|faint|p2a: Ogerpon\n|-hitcount|p2: Ogerpon|2\n|\n|upkeep\n|\n|t:|1699927602\n|switch|p2a: Kingambit|Kingambit, M|100\/100\n|-activate|p2a: Kingambit|ability: Supreme Overlord\n|-start|p2a: Kingambit|fallen5|[silent]\n|turn|20\n|\n|t:|1699927615\n|move|p1a: Maushold|Tidy Up|p1a: Maushold\n|-boost|p1a: Maushold|atk|1\n|-boost|p1a: Maushold|spe|1\n|move|p2a: Kingambit|Brick Break|p1a: Maushold\n|-supereffective|p1a: Maushold\n|-damage|p1a: Maushold|0 fnt\n|faint|p1a: Maushold\n|-damage|p2a: Kingambit|91\/100|[from] item: Life Orb\n|\n|upkeep\n|\n|t:|1699927626\n|switch|p1a: Walking Wake|Walking Wake, tera:Steel|83\/100\n|turn|21\n|\n|t:|1699927629\n|move|p1a: Walking Wake|Flamethrower|p2a: Kingambit\n|-supereffective|p2a: Kingambit\n|-damage|p2a: Kingambit|26\/100\n|-status|p2a: Kingambit|brn\n|move|p2a: Kingambit|Brick Break|p1a: Walking Wake\n|-supereffective|p1a: Walking Wake\n|-damage|p1a: Walking Wake|18\/100\n|-damage|p2a: Kingambit|16\/100 brn|[from] item: Life Orb\n|\n|-damage|p2a: Kingambit|10\/100 brn|[from] brn\n|upkeep\n|turn|22\n|\n|t:|1699927637\n|move|p1a: Walking Wake|Flamethrower|p2a: Kingambit\n|-supereffective|p2a: Kingambit\n|-damage|p2a: Kingambit|0 fnt\n|faint|p2a: Kingambit\n|-end|p2a: Kingambit|fallen5|[silent]\n|\n|win|quinchmader\n|raw|quinchmader's rating: 1222 &rarr; <strong>1252<\/strong><br \/>(+30 for winning)\n|raw|sergio2012's rating: 1291 &rarr; <strong>1261<\/strong><br \/>(-30 for losing)\n|c|\u2606sergio2012|gg\n|l|\u2606sergio2012\n","uploadtime":1699927648,"views":16,"p1id":"quinchmader","p2id":"sergio2012","formatid":"gen9ou","rating":1252,"private":0,"password":""}