{"id":"gen9ou-1999377181","p1":"cerberus sama","p2":"VivaHonduras","format":"[Gen 9] OU","log":"|j|\u2606cerberus sama\n|j|\u2606VivaHonduras\n|t:|1701069831\n|gametype|singles\n|player|p1|cerberus sama|2|1711\n|player|p2|VivaHonduras|170|1741\n|teamsize|p1|6\n|teamsize|p2|6\n|gen|9\n|tier|[Gen 9] OU\n|rated|\n|rule|Sleep Clause Mod: Limit one foe put to sleep\n|rule|Species Clause: Limit one of each Pok\u00e9mon\n|rule|OHKO Clause: OHKO moves are banned\n|rule|Evasion Items Clause: Evasion items are banned\n|rule|Evasion Moves Clause: Evasion moves are banned\n|rule|Endless Battle Clause: Forcing endless battles is banned\n|rule|HP Percentage Mod: HP is shown in percentages\n|clearpoke\n|poke|p1|Garganacl, F|\n|poke|p1|Great Tusk|\n|poke|p1|Clodsire, F|\n|poke|p1|Landorus-Therian, M|\n|poke|p1|Iron Valiant|\n|poke|p1|Pawmot, F|\n|poke|p2|Sinistcha-Masterpiece|\n|poke|p2|Gholdengo|\n|poke|p2|Quaquaval, F|\n|poke|p2|Garganacl, F|\n|poke|p2|Garchomp, M|\n|poke|p2|Tornadus-Therian, M|\n|teampreview\n|inactive|Battle timer is ON: inactive players will automatically lose when time's up. (requested by VivaHonduras)\n|inactive|cerberus sama also wants the timer to be on.\n|inactive|VivaHonduras has 120 seconds left.\n|\n|t:|1701069868\n|start\n|switch|p1a: Landorus|Landorus-Therian, M|100\/100\n|switch|p2a: Tornadus|Tornadus-Therian, M|100\/100\n|-ability|p1a: Landorus|Intimidate|boost\n|-unboost|p2a: Tornadus|atk|1\n|turn|1\n|\n|t:|1701069871\n|move|p2a: Tornadus|Knock Off|p1a: Landorus\n|-damage|p1a: Landorus|86\/100\n|-enditem|p1a: Landorus|Leftovers|[from] move: Knock Off|[of] p2a: Tornadus\n|move|p1a: Landorus|Sludge Bomb|p2a: Tornadus\n|-damage|p2a: Tornadus|83\/100\n|\n|upkeep\n|turn|2\n|\n|t:|1701069878\n|move|p2a: Tornadus|Bleakwind Storm|p1a: Landorus\n|-damage|p1a: Landorus|38\/100\n|move|p1a: Landorus|U-turn|p2a: Tornadus\n|-resisted|p2a: Tornadus\n|-damage|p2a: Tornadus|71\/100\n|\n|t:|1701069880\n|switch|p1a: Clodsire|Clodsire, F|100\/100|[from] U-turn\n|\n|upkeep\n|turn|3\n|\n|t:|1701069884\n|move|p2a: Tornadus|U-turn|p1a: Clodsire\n|-resisted|p1a: Clodsire\n|-damage|p1a: Clodsire|95\/100\n|\n|t:|1701069886\n|switch|p2a: Garganacl|Garganacl, F|100\/100|[from] U-turn\n|move|p1a: Clodsire|Toxic|p2a: Garganacl\n|-immune|p2a: Garganacl|[from] ability: Purifying Salt\n|\n|-heal|p1a: Clodsire|100\/100|[from] item: Black Sludge\n|upkeep\n|turn|4\n|\n|t:|1701069889\n|move|p2a: Garganacl|Salt Cure|p1a: Clodsire\n|-resisted|p1a: Clodsire\n|-damage|p1a: Clodsire|93\/100\n|-start|p1a: Clodsire|Salt Cure\n|move|p1a: Clodsire|Stealth Rock|p2a: Garganacl\n|-sidestart|p2: VivaHonduras|move: Stealth Rock\n|\n|-heal|p1a: Clodsire|99\/100|[from] item: Black Sludge\n|-damage|p1a: Clodsire|86\/100|[from] Salt Cure\n|upkeep\n|turn|5\n|\n|t:|1701069893\n|switch|p1a: Landorus|Landorus-Therian, M|38\/100\n|-ability|p1a: Landorus|Intimidate|boost\n|-unboost|p2a: Garganacl|atk|1\n|move|p2a: Garganacl|Salt Cure|p1a: Landorus\n|-damage|p1a: Landorus|27\/100\n|-start|p1a: Landorus|Salt Cure\n|\n|-damage|p1a: Landorus|15\/100|[from] Salt Cure\n|upkeep\n|turn|6\n|\n|t:|1701069896\n|switch|p1a: Great Tusk|Great Tusk|100\/100\n|move|p2a: Garganacl|Salt Cure|p1a: Great Tusk\n|-resisted|p1a: Great Tusk\n|-damage|p1a: Great Tusk|99\/100\n|-start|p1a: Great Tusk|Salt Cure\n|\n|-damage|p1a: Great Tusk|87\/100|[from] Salt Cure\n|upkeep\n|turn|7\n|\n|t:|1701069902\n|move|p1a: Great Tusk|Knock Off|p2a: Garganacl\n|-damage|p2a: Garganacl|82\/100\n|-enditem|p2a: Garganacl|Leftovers|[from] move: Knock Off|[of] p1a: Great Tusk\n|move|p2a: Garganacl|Iron Defense|p2a: Garganacl\n|-boost|p2a: Garganacl|def|2\n|\n|-damage|p1a: Great Tusk|74\/100|[from] Salt Cure\n|upkeep\n|turn|8\n|\n|t:|1701069907\n|-end|p1a: Great Tusk|Protosynthesis|[silent]\n|switch|p1a: Garganacl|Garganacl, F|100\/100\n|move|p2a: Garganacl|Recover|p2a: Garganacl\n|-heal|p2a: Garganacl|100\/100\n|\n|upkeep\n|turn|9\n|\n|t:|1701069910\n|-terastallize|p1a: Garganacl|Ghost\n|move|p2a: Garganacl|Salt Cure|p1a: Garganacl\n|-damage|p1a: Garganacl|95\/100\n|-start|p1a: Garganacl|Salt Cure\n|move|p1a: Garganacl|Salt Cure|p2a: Garganacl\n|-damage|p2a: Garganacl|95\/100\n|-start|p2a: Garganacl|Salt Cure\n|\n|-heal|p1a: Garganacl|100\/100|[from] item: Leftovers\n|-damage|p1a: Garganacl|88\/100|[from] Salt Cure\n|-damage|p2a: Garganacl|83\/100|[from] Salt Cure\n|upkeep\n|turn|10\n|\n|t:|1701069918\n|switch|p2a: Garchomp|Garchomp, M|100\/100\n|-damage|p2a: Garchomp|94\/100|[from] Stealth Rock\n|move|p1a: Garganacl|Salt Cure|p2a: Garchomp\n|-resisted|p2a: Garchomp\n|-damage|p2a: Garchomp|89\/100\n|-start|p2a: Garchomp|Salt Cure\n|\n|-heal|p1a: Garganacl|94\/100|[from] item: Leftovers\n|-damage|p2a: Garchomp|76\/100|[from] Salt Cure\n|-damage|p1a: Garganacl|82\/100|[from] Salt Cure\n|upkeep\n|turn|11\n|\n|t:|1701069920\n|switch|p1a: Iron Valiant|Iron Valiant|100\/100\n|move|p2a: Garchomp|Stealth Rock|p1a: Iron Valiant\n|-sidestart|p1: cerberus sama|move: Stealth Rock\n|\n|-damage|p2a: Garchomp|64\/100|[from] Salt Cure\n|upkeep\n|turn|12\n|\n|t:|1701069925\n|-end|p1a: Iron Valiant|Quark Drive|[silent]\n|switch|p1a: Great Tusk|Great Tusk|74\/100\n|-damage|p1a: Great Tusk|71\/100|[from] Stealth Rock\n|switch|p2a: Tornadus|Tornadus-Therian, M|100\/100\n|-damage|p2a: Tornadus|76\/100|[from] Stealth Rock\n|\n|upkeep\n|turn|13\n|\n|t:|1701069931\n|-end|p1a: Great Tusk|Protosynthesis|[silent]\n|switch|p1a: Clodsire|Clodsire, F|86\/100\n|-damage|p1a: Clodsire|80\/100|[from] Stealth Rock\n|move|p2a: Tornadus|Bleakwind Storm|p1a: Clodsire\n|-damage|p1a: Clodsire|59\/100\n|\n|-heal|p1a: Clodsire|65\/100|[from] item: Black Sludge\n|upkeep\n|turn|14\n|\n|t:|1701069934\n|move|p2a: Tornadus|Knock Off|p1a: Clodsire\n|-damage|p1a: Clodsire|44\/100\n|-enditem|p1a: Clodsire|Black Sludge|[from] move: Knock Off|[of] p2a: Tornadus\n|move|p1a: Clodsire|Earthquake|p2a: Tornadus\n|-immune|p2a: Tornadus\n|\n|upkeep\n|turn|15\n|\n|t:|1701069938\n|move|p2a: Tornadus|U-turn|p1a: Clodsire\n|-resisted|p1a: Clodsire\n|-damage|p1a: Clodsire|35\/100\n|\n|t:|1701069940\n|switch|p2a: Garchomp|Garchomp, M|64\/100|[from] U-turn\n|-damage|p2a: Garchomp|58\/100|[from] Stealth Rock\n|move|p1a: Clodsire|Earthquake|p2a: Garchomp\n|-damage|p2a: Garchomp|34\/100\n|\n|upkeep\n|turn|16\n|\n|t:|1701069946\n|switch|p1a: Landorus|Landorus-Therian, M|15\/100\n|-damage|p1a: Landorus|3\/100|[from] Stealth Rock\n|-ability|p1a: Landorus|Intimidate|boost\n|-unboost|p2a: Garchomp|atk|1\n|move|p2a: Garchomp|Spikes|p1a: Landorus\n|-sidestart|p1: cerberus sama|Spikes\n|\n|upkeep\n|turn|17\n|\n|t:|1701069952\n|switch|p2a: Tornadus|Tornadus-Therian, M|100\/100\n|-damage|p2a: Tornadus|76\/100|[from] Stealth Rock\n|move|p1a: Landorus|Sludge Bomb|p2a: Tornadus\n|-damage|p2a: Tornadus|59\/100\n|\n|upkeep\n|turn|18\n|j| Noobula\n|\n|t:|1701069969\n|move|p2a: Tornadus|Knock Off|p1a: Landorus\n|-damage|p1a: Landorus|0 fnt\n|faint|p1a: Landorus\n|\n|upkeep\n|\n|t:|1701069975\n|switch|p1a: Pawmot|Pawmot, F|100\/100\n|-damage|p1a: Pawmot|94\/100|[from] Stealth Rock\n|-damage|p1a: Pawmot|82\/100|[from] Spikes\n|turn|19\n|\n|t:|1701069980\n|move|p2a: Tornadus|U-turn|p1a: Pawmot\n|-resisted|p1a: Pawmot\n|-damage|p1a: Pawmot|70\/100\n|\n|t:|1701069983\n|switch|p2a: Gholdengo|Gholdengo|100\/100|[from] U-turn\n|-damage|p2a: Gholdengo|94\/100|[from] Stealth Rock\n|move|p1a: Pawmot|Thunder Punch|p2a: Gholdengo\n|-crit|p2a: Gholdengo\n|-damage|p2a: Gholdengo|25\/100\n|-status|p2a: Gholdengo|par\n|\n|upkeep\n|turn|20\n|\n|t:|1701069987\n|move|p1a: Pawmot|Fire Punch|p2a: Gholdengo\n|-supereffective|p2a: Gholdengo\n|-damage|p2a: Gholdengo|0 fnt\n|faint|p2a: Gholdengo\n|\n|upkeep\n|\n|t:|1701069997\n|switch|p2a: Tornadus|Tornadus-Therian, M|92\/100\n|-damage|p2a: Tornadus|67\/100|[from] Stealth Rock\n|turn|21\n|\n|t:|1701070001\n|move|p2a: Tornadus|Bleakwind Storm|p1a: Pawmot\n|-damage|p1a: Pawmot|2\/100\n|move|p1a: Pawmot|Thunder Punch|p2a: Tornadus\n|-supereffective|p2a: Tornadus\n|-damage|p2a: Tornadus|0 fnt\n|faint|p2a: Tornadus\n|\n|upkeep\n|\n|t:|1701070008\n|switch|p2a: Garchomp|Garchomp, M|34\/100\n|-damage|p2a: Garchomp|28\/100|[from] Stealth Rock\n|turn|22\n|\n|t:|1701070011\n|move|p1a: Pawmot|Ice Punch|p2a: Garchomp\n|-supereffective|p2a: Garchomp\n|-damage|p2a: Garchomp|0 fnt\n|-damage|p1a: Pawmot|0 fnt|[from] ability: Rough Skin|[of] p2a: Garchomp\n|faint|p2a: Garchomp\n|faint|p1a: Pawmot\n|\n|upkeep\n|\n|t:|1701070017\n|switch|p1a: Iron Valiant|Iron Valiant|100\/100\n|switch|p2a: Garganacl|Garganacl, F|83\/100\n|-damage|p1a: Iron Valiant|94\/100|[from] Stealth Rock\n|-damage|p1a: Iron Valiant|82\/100|[from] Spikes\n|-damage|p2a: Garganacl|71\/100|[from] Stealth Rock\n|turn|23\n|\n|t:|1701070023\n|move|p1a: Iron Valiant|Trick|p2a: Garganacl\n|-activate|p1a: Iron Valiant|move: Trick|[of] p2a: Garganacl\n|-item|p2a: Garganacl|Choice Scarf|[from] move: Trick\n|-enditem|p1a: Iron Valiant|Choice Scarf|[silent]|[from] move: Trick\n|move|p2a: Garganacl|Salt Cure|p1a: Iron Valiant\n|-resisted|p1a: Iron Valiant\n|-crit|p1a: Iron Valiant\n|-damage|p1a: Iron Valiant|68\/100\n|-start|p1a: Iron Valiant|Salt Cure\n|\n|-damage|p1a: Iron Valiant|55\/100|[from] Salt Cure\n|upkeep\n|turn|24\n|\n|t:|1701070029\n|move|p1a: Iron Valiant|Trick|p2a: Garganacl\n|-activate|p1a: Iron Valiant|move: Trick|[of] p2a: Garganacl\n|-enditem|p2a: Garganacl|Choice Scarf|[silent]|[from] move: Trick\n|-item|p1a: Iron Valiant|Choice Scarf|[from] move: Trick\n|move|p2a: Garganacl|Salt Cure|p1a: Iron Valiant\n|-resisted|p1a: Iron Valiant\n|-damage|p1a: Iron Valiant|46\/100\n|\n|-damage|p1a: Iron Valiant|33\/100|[from] Salt Cure\n|upkeep\n|turn|25\n|\n|t:|1701070034\n|-end|p1a: Iron Valiant|Quark Drive|[silent]\n|switch|p1a: Garganacl|Garganacl, F, tera:Ghost|82\/100\n|-damage|p1a: Garganacl|70\/100|[from] Stealth Rock\n|-damage|p1a: Garganacl|57\/100|[from] Spikes\n|move|p2a: Garganacl|Salt Cure|p1a: Garganacl\n|-damage|p1a: Garganacl|50\/100\n|-start|p1a: Garganacl|Salt Cure\n|\n|-heal|p1a: Garganacl|56\/100|[from] item: Leftovers\n|-damage|p1a: Garganacl|44\/100|[from] Salt Cure\n|upkeep\n|turn|26\n|\n|t:|1701070047\n|move|p1a: Garganacl|Recover|p1a: Garganacl\n|-heal|p1a: Garganacl|94\/100\n|move|p2a: Garganacl|Iron Defense|p2a: Garganacl\n|-boost|p2a: Garganacl|def|2\n|\n|-heal|p1a: Garganacl|99\/100|[from] item: Leftovers\n|-damage|p1a: Garganacl|88\/100|[from] Salt Cure\n|upkeep\n|turn|27\n|\n|t:|1701070049\n|move|p2a: Garganacl|Iron Defense|p2a: Garganacl\n|-boost|p2a: Garganacl|def|2\n|move|p1a: Garganacl|Salt Cure|p2a: Garganacl\n|-damage|p2a: Garganacl|67\/100\n|-start|p2a: Garganacl|Salt Cure\n|\n|-heal|p1a: Garganacl|94\/100|[from] item: Leftovers\n|-damage|p2a: Garganacl|55\/100|[from] Salt Cure\n|-damage|p1a: Garganacl|82\/100|[from] Salt Cure\n|upkeep\n|turn|28\n|\n|t:|1701070053\n|switch|p1a: Great Tusk|Great Tusk|71\/100\n|-damage|p1a: Great Tusk|68\/100|[from] Stealth Rock\n|-damage|p1a: Great Tusk|56\/100|[from] Spikes\n|move|p2a: Garganacl|Recover|p2a: Garganacl\n|-heal|p2a: Garganacl|100\/100\n|\n|-damage|p2a: Garganacl|88\/100|[from] Salt Cure\n|upkeep\n|turn|29\n|\n|t:|1701070057\n|switch|p2a: Sinistcha|Sinistcha-Masterpiece|100\/100\n|-damage|p2a: Sinistcha|88\/100|[from] Stealth Rock\n|move|p1a: Great Tusk|Knock Off|p2a: Sinistcha\n|-supereffective|p2a: Sinistcha\n|-damage|p2a: Sinistcha|48\/100\n|-enditem|p2a: Sinistcha|Kee Berry|[from] move: Knock Off|[of] p1a: Great Tusk\n|\n|upkeep\n|turn|30\n|\n|t:|1701070064\n|-end|p1a: Great Tusk|Protosynthesis|[silent]\n|switch|p1a: Clodsire|Clodsire, F|35\/100\n|-damage|p1a: Clodsire|29\/100|[from] Stealth Rock\n|-damage|p1a: Clodsire|17\/100|[from] Spikes\n|move|p2a: Sinistcha|Strength Sap|p1a: Clodsire\n|-unboost|p1a: Clodsire|atk|1\n|-heal|p2a: Sinistcha|100\/100\n|\n|upkeep\n|turn|31\n|\n|t:|1701070067\n|move|p2a: Sinistcha|Matcha Gotcha|p1a: Clodsire\n|-damage|p1a: Clodsire|0 fnt\n|faint|p1a: Clodsire\n|\n|upkeep\n|\n|t:|1701070070\n|switch|p1a: Iron Valiant|Iron Valiant|33\/100\n|-damage|p1a: Iron Valiant|27\/100|[from] Stealth Rock\n|-damage|p1a: Iron Valiant|15\/100|[from] Spikes\n|turn|32\n|\n|t:|1701070076\n|switch|p2a: Garganacl|Garganacl, F|88\/100\n|-damage|p2a: Garganacl|76\/100|[from] Stealth Rock\n|move|p1a: Iron Valiant|Moonblast|p2a: Garganacl\n|-damage|p2a: Garganacl|44\/100\n|\n|upkeep\n|turn|33\n|\n|t:|1701070088\n|move|p1a: Iron Valiant|Moonblast|p2a: Garganacl\n|-damage|p2a: Garganacl|15\/100\n|move|p2a: Garganacl|Salt Cure|p1a: Iron Valiant\n|-resisted|p1a: Iron Valiant\n|-damage|p1a: Iron Valiant|5\/100\n|-start|p1a: Iron Valiant|Salt Cure\n|\n|-damage|p1a: Iron Valiant|0 fnt|[from] Salt Cure\n|faint|p1a: Iron Valiant\n|-end|p1a: Iron Valiant|Quark Drive|[silent]\n|upkeep\n|\n|t:|1701070092\n|switch|p1a: Great Tusk|Great Tusk|56\/100\n|-damage|p1a: Great Tusk|53\/100|[from] Stealth Rock\n|-damage|p1a: Great Tusk|41\/100|[from] Spikes\n|turn|34\n|\n|t:|1701070095\n|switch|p2a: Sinistcha|Sinistcha-Masterpiece|100\/100\n|-damage|p2a: Sinistcha|88\/100|[from] Stealth Rock\n|move|p1a: Great Tusk|Ice Spinner|p2a: Sinistcha\n|-supereffective|p2a: Sinistcha\n|-damage|p2a: Sinistcha|57\/100\n|\n|upkeep\n|turn|35\n|\n|t:|1701070102\n|-end|p1a: Great Tusk|Protosynthesis|[silent]\n|switch|p1a: Garganacl|Garganacl, F, tera:Ghost|82\/100\n|-damage|p1a: Garganacl|69\/100|[from] Stealth Rock\n|-damage|p1a: Garganacl|57\/100|[from] Spikes\n|move|p2a: Sinistcha|Strength Sap|p1a: Garganacl\n|-unboost|p1a: Garganacl|atk|1\n|-heal|p2a: Sinistcha|100\/100\n|\n|-heal|p1a: Garganacl|63\/100|[from] item: Leftovers\n|upkeep\n|turn|36\n|\n|t:|1701070104\n|move|p2a: Sinistcha|Calm Mind|p2a: Sinistcha\n|-boost|p2a: Sinistcha|spa|1\n|-boost|p2a: Sinistcha|spd|1\n|move|p1a: Garganacl|Salt Cure|p2a: Sinistcha\n|-damage|p2a: Sinistcha|94\/100\n|-start|p2a: Sinistcha|Salt Cure\n|\n|-heal|p1a: Garganacl|69\/100|[from] item: Leftovers\n|-damage|p2a: Sinistcha|82\/100|[from] Salt Cure\n|upkeep\n|turn|37\n|\n|t:|1701070107\n|move|p2a: Sinistcha|Calm Mind|p2a: Sinistcha\n|-boost|p2a: Sinistcha|spa|1\n|-boost|p2a: Sinistcha|spd|1\n|move|p1a: Garganacl|Substitute|p1a: Garganacl\n|-start|p1a: Garganacl|Substitute\n|-damage|p1a: Garganacl|44\/100\n|\n|-heal|p1a: Garganacl|50\/100|[from] item: Leftovers\n|-damage|p2a: Sinistcha|69\/100|[from] Salt Cure\n|upkeep\n|turn|38\n|\n|t:|1701070109\n|move|p1a: Garganacl|Protect|p1a: Garganacl\n|-singleturn|p1a: Garganacl|Protect\n|move|p2a: Sinistcha|Matcha Gotcha|p1a: Garganacl\n|-activate|p1a: Garganacl|move: Protect\n|\n|-heal|p1a: Garganacl|57\/100|[from] item: Leftovers\n|-damage|p2a: Sinistcha|57\/100|[from] Salt Cure\n|upkeep\n|turn|39\n|\n|t:|1701070113\n|move|p2a: Sinistcha|Matcha Gotcha|p1a: Garganacl\n|-end|p1a: Garganacl|Substitute\n|-heal|p2a: Sinistcha|72\/100|[from] drain|[of] p1a: Garganacl\n|move|p1a: Garganacl|Substitute|p1a: Garganacl\n|-start|p1a: Garganacl|Substitute\n|-damage|p1a: Garganacl|32\/100\n|\n|-heal|p1a: Garganacl|38\/100|[from] item: Leftovers\n|-damage|p2a: Sinistcha|59\/100|[from] Salt Cure\n|upkeep\n|turn|40\n|\n|t:|1701070117\n|move|p2a: Sinistcha|Matcha Gotcha|p1a: Garganacl\n|-end|p1a: Garganacl|Substitute\n|-heal|p2a: Sinistcha|74\/100|[from] drain|[of] p1a: Garganacl\n|move|p1a: Garganacl|Recover|p1a: Garganacl\n|-heal|p1a: Garganacl|88\/100\n|\n|-heal|p1a: Garganacl|94\/100|[from] item: Leftovers\n|-damage|p2a: Sinistcha|61\/100|[from] Salt Cure\n|upkeep\n|turn|41\n|\n|t:|1701070123\n|move|p2a: Sinistcha|Shadow Ball|p1a: Garganacl\n|-supereffective|p1a: Garganacl\n|-damage|p1a: Garganacl|35\/100\n|move|p1a: Garganacl|Substitute|p1a: Garganacl\n|-start|p1a: Garganacl|Substitute\n|-damage|p1a: Garganacl|10\/100\n|\n|-heal|p1a: Garganacl|16\/100|[from] item: Leftovers\n|-damage|p2a: Sinistcha|49\/100|[from] Salt Cure\n|upkeep\n|turn|42\n|\n|t:|1701070127\n|move|p1a: Garganacl|Protect|p1a: Garganacl\n|-singleturn|p1a: Garganacl|Protect\n|move|p2a: Sinistcha|Matcha Gotcha|p1a: Garganacl\n|-activate|p1a: Garganacl|move: Protect\n|\n|-heal|p1a: Garganacl|22\/100|[from] item: Leftovers\n|-damage|p2a: Sinistcha|37\/100|[from] Salt Cure\n|upkeep\n|turn|43\n|\n|t:|1701070129\n|move|p2a: Sinistcha|Matcha Gotcha|p1a: Garganacl\n|-end|p1a: Garganacl|Substitute\n|-heal|p2a: Sinistcha|51\/100|[from] drain|[of] p1a: Garganacl\n|move|p1a: Garganacl|Recover|p1a: Garganacl\n|-heal|p1a: Garganacl|72\/100\n|\n|-heal|p1a: Garganacl|78\/100|[from] item: Leftovers\n|-damage|p2a: Sinistcha|39\/100|[from] Salt Cure\n|upkeep\n|turn|44\n|\n|t:|1701070134\n|move|p1a: Garganacl|Protect|p1a: Garganacl\n|-singleturn|p1a: Garganacl|Protect\n|move|p2a: Sinistcha|Matcha Gotcha|p1a: Garganacl\n|-activate|p1a: Garganacl|move: Protect\n|\n|-heal|p1a: Garganacl|84\/100|[from] item: Leftovers\n|-damage|p2a: Sinistcha|27\/100|[from] Salt Cure\n|upkeep\n|turn|45\n|\n|t:|1701070136\n|move|p2a: Sinistcha|Matcha Gotcha|p1a: Garganacl\n|-damage|p1a: Garganacl|26\/100\n|-heal|p2a: Sinistcha|61\/100|[from] drain|[of] p1a: Garganacl\n|move|p1a: Garganacl|Substitute|p1a: Garganacl\n|-start|p1a: Garganacl|Substitute\n|-damage|p1a: Garganacl|1\/100\n|\n|-heal|p1a: Garganacl|7\/100|[from] item: Leftovers\n|-damage|p2a: Sinistcha|48\/100|[from] Salt Cure\n|upkeep\n|turn|46\n|\n|t:|1701070140\n|move|p1a: Garganacl|Protect|p1a: Garganacl\n|-singleturn|p1a: Garganacl|Protect\n|move|p2a: Sinistcha|Matcha Gotcha|p1a: Garganacl\n|-activate|p1a: Garganacl|move: Protect\n|\n|-heal|p1a: Garganacl|13\/100|[from] item: Leftovers\n|-damage|p2a: Sinistcha|36\/100|[from] Salt Cure\n|upkeep\n|turn|47\n|\n|t:|1701070143\n|move|p2a: Sinistcha|Matcha Gotcha|p1a: Garganacl\n|-end|p1a: Garganacl|Substitute\n|-heal|p2a: Sinistcha|51\/100|[from] drain|[of] p1a: Garganacl\n|move|p1a: Garganacl|Recover|p1a: Garganacl\n|-heal|p1a: Garganacl|63\/100\n|\n|-heal|p1a: Garganacl|69\/100|[from] item: Leftovers\n|-damage|p2a: Sinistcha|38\/100|[from] Salt Cure\n|upkeep\n|turn|48\n|\n|t:|1701070146\n|move|p1a: Garganacl|Protect|p1a: Garganacl\n|-singleturn|p1a: Garganacl|Protect\n|move|p2a: Sinistcha|Matcha Gotcha|p1a: Garganacl\n|-activate|p1a: Garganacl|move: Protect\n|\n|-heal|p1a: Garganacl|75\/100|[from] item: Leftovers\n|-damage|p2a: Sinistcha|26\/100|[from] Salt Cure\n|upkeep\n|turn|49\n|\n|t:|1701070148\n|move|p2a: Sinistcha|Matcha Gotcha|p1a: Garganacl\n|-damage|p1a: Garganacl|12\/100\n|-heal|p2a: Sinistcha|63\/100|[from] drain|[of] p1a: Garganacl\n|move|p1a: Garganacl|Recover|p1a: Garganacl\n|-heal|p1a: Garganacl|62\/100\n|\n|-heal|p1a: Garganacl|68\/100|[from] item: Leftovers\n|-damage|p2a: Sinistcha|51\/100|[from] Salt Cure\n|upkeep\n|turn|50\n|\n|t:|1701070154\n|move|p1a: Garganacl|Protect|p1a: Garganacl\n|-singleturn|p1a: Garganacl|Protect\n|move|p2a: Sinistcha|Matcha Gotcha|p1a: Garganacl\n|-activate|p1a: Garganacl|move: Protect\n|\n|-heal|p1a: Garganacl|74\/100|[from] item: Leftovers\n|-damage|p2a: Sinistcha|38\/100|[from] Salt Cure\n|upkeep\n|turn|51\n|\n|t:|1701070157\n|move|p2a: Sinistcha|Matcha Gotcha|p1a: Garganacl\n|-damage|p1a: Garganacl|10\/100\n|-heal|p2a: Sinistcha|76\/100|[from] drain|[of] p1a: Garganacl\n|move|p1a: Garganacl|Recover|p1a: Garganacl\n|-heal|p1a: Garganacl|60\/100\n|\n|-heal|p1a: Garganacl|66\/100|[from] item: Leftovers\n|-damage|p2a: Sinistcha|63\/100|[from] Salt Cure\n|upkeep\n|turn|52\n|j| Fourthstar\n|\n|t:|1701070166\n|move|p1a: Garganacl|Protect|p1a: Garganacl\n|-singleturn|p1a: Garganacl|Protect\n|move|p2a: Sinistcha|Calm Mind|p2a: Sinistcha\n|-boost|p2a: Sinistcha|spa|1\n|-boost|p2a: Sinistcha|spd|1\n|\n|-heal|p1a: Garganacl|73\/100|[from] item: Leftovers\n|-damage|p2a: Sinistcha|51\/100|[from] Salt Cure\n|upkeep\n|turn|53\n|l| Fourthstar\n|\n|t:|1701070170\n|move|p2a: Sinistcha|Matcha Gotcha|p1a: Garganacl\n|-damage|p1a: Garganacl|0 fnt\n|-heal|p2a: Sinistcha|93\/100|[from] drain|[of] p1a: Garganacl\n|faint|p1a: Garganacl\n|\n|-damage|p2a: Sinistcha|81\/100|[from] Salt Cure\n|upkeep\n|\n|t:|1701070173\n|switch|p1a: Great Tusk|Great Tusk|41\/100\n|-damage|p1a: Great Tusk|38\/100|[from] Stealth Rock\n|-damage|p1a: Great Tusk|25\/100|[from] Spikes\n|turn|54\n|\n|t:|1701070175\n|move|p1a: Great Tusk|Ice Spinner|p2a: Sinistcha\n|-supereffective|p2a: Sinistcha\n|-damage|p2a: Sinistcha|49\/100\n|move|p2a: Sinistcha|Shadow Ball|p1a: Great Tusk\n|-damage|p1a: Great Tusk|0 fnt\n|faint|p1a: Great Tusk\n|-end|p1a: Great Tusk|Protosynthesis|[silent]\n|\n|win|VivaHonduras\n|raw|cerberus sama's rating: 1711 &rarr; <strong>1693<\/strong><br \/>(-18 for losing)\n|raw|VivaHonduras's rating: 1741 &rarr; <strong>1759<\/strong><br \/>(+18 for winning)\n|l|\u2606cerberus sama\n|l|\u2606VivaHonduras\n|j|\u2606VivaHonduras\n|player|p2|VivaHonduras|170\n","uploadtime":1701070201,"views":15,"p1id":"cerberussama","p2id":"vivahonduras","formatid":"gen9ou","rating":1693,"private":0,"password":""}