{"id":"gen9ou-1995476292","p1":"Meddlenya","p2":"Kalico_Legend","format":"[Gen 9] OU","log":"|j|\u2606Meddlenya\n|j|\u2606Kalico_Legend\n|t:|1700575050\n|gametype|singles\n|player|p1|Meddlenya|hilda|1194\n|player|p2|Kalico_Legend|lucas|1214\n|teamsize|p1|6\n|teamsize|p2|6\n|gen|9\n|tier|[Gen 9] OU\n|rated|\n|rule|Sleep Clause Mod: Limit one foe put to sleep\n|rule|Species Clause: Limit one of each Pok\u00e9mon\n|rule|OHKO Clause: OHKO moves are banned\n|rule|Evasion Items Clause: Evasion items are banned\n|rule|Evasion Moves Clause: Evasion moves are banned\n|rule|Endless Battle Clause: Forcing endless battles is banned\n|rule|HP Percentage Mod: HP is shown in percentages\n|clearpoke\n|poke|p1|Zamazenta-*|\n|poke|p1|Great Tusk|\n|poke|p1|Ribombee, M|\n|poke|p1|Iron Valiant|\n|poke|p1|Ogerpon-Wellspring, F|\n|poke|p1|Ceruledge, F|\n|poke|p2|Cinderace, M|\n|poke|p2|Slowking-Galar, M|\n|poke|p2|Ogerpon-Wellspring, F|\n|poke|p2|Gholdengo|\n|poke|p2|Great Tusk|\n|poke|p2|Ninetales-Alola, M|\n|teampreview\n|\n|t:|1700575059\n|start\n|switch|p1a: Ribombee|Ribombee, M|100\/100\n|switch|p2a: Maestro|Slowking-Galar, M|100\/100\n|turn|1\n|\n|t:|1700575064\n|move|p1a: Ribombee|Sticky Web|p2a: Maestro\n|-sidestart|p2: Kalico_Legend|move: Sticky Web\n|move|p2a: Maestro|Sludge Bomb|p1a: Ribombee\n|-supereffective|p1a: Ribombee\n|-crit|p1a: Ribombee\n|-enditem|p1a: Ribombee|Focus Sash\n|-damage|p1a: Ribombee|1\/100\n|\n|upkeep\n|turn|2\n|\n|t:|1700575070\n|move|p1a: Ribombee|Stun Spore|p2a: Maestro\n|-status|p2a: Maestro|par\n|cant|p2a: Maestro|par\n|\n|upkeep\n|turn|3\n|\n|t:|1700575077\n|move|p1a: Ribombee|Psychic|p2a: Maestro\n|-crit|p2a: Maestro\n|-damage|p2a: Maestro|72\/100 par\n|move|p2a: Maestro|Sludge Bomb|p1a: Ribombee\n|-supereffective|p1a: Ribombee\n|-damage|p1a: Ribombee|0 fnt\n|faint|p1a: Ribombee\n|\n|upkeep\n|\n|t:|1700575111\n|switch|p1a: Ceruledge|Ceruledge, F|100\/100\n|turn|4\n|\n|t:|1700575117\n|move|p1a: Ceruledge|Swords Dance|p1a: Ceruledge\n|-boost|p1a: Ceruledge|atk|2\n|move|p2a: Maestro|Thunder Wave|p1a: Ceruledge\n|-status|p1a: Ceruledge|par\n|\n|upkeep\n|turn|5\n|\n|t:|1700575139\n|move|p1a: Ceruledge|Swords Dance|p1a: Ceruledge\n|-boost|p1a: Ceruledge|atk|2\n|move|p2a: Maestro|Sludge Bomb|p1a: Ceruledge\n|-resisted|p1a: Ceruledge\n|-damage|p1a: Ceruledge|80\/100 par\n|\n|upkeep\n|turn|6\n|\n|t:|1700575151\n|move|p1a: Ceruledge|Bitter Blade|p2a: Maestro\n|-damage|p2a: Maestro|0 fnt\n|-heal|p1a: Ceruledge|100\/100 par|[from] drain|[of] p2a: Maestro\n|faint|p2a: Maestro\n|\n|upkeep\n|\n|t:|1700575160\n|switch|p2a: Revel II|Cinderace, M|100\/100\n|turn|7\n|\n|t:|1700575182\n|move|p2a: Revel II|Court Change|p2a: Revel II\n|-start|p2a: Revel II|typechange|Normal|[from] ability: Libero\n|-swapsideconditions\n|-activate|p2a: Revel II|move: Court Change\n|move|p1a: Ceruledge|Bitter Blade|p2a: Revel II\n|-damage|p2a: Revel II|0 fnt\n|faint|p2a: Revel II\n|\n|upkeep\n|\n|t:|1700575191\n|switch|p2a: Oni Chan|Ogerpon-Wellspring, F|100\/100\n|turn|8\n|\n|t:|1700575204\n|-terastallize|p2a: Oni Chan|Water\n|detailschange|p2a: Oni Chan|Ogerpon-Wellspring-Tera, F, tera:Water\n|-ability|p2a: Oni Chan|Embody Aspect (Wellspring)|boost\n|-boost|p2a: Oni Chan|spd|1\n|move|p2a: Oni Chan|Swords Dance|p2a: Oni Chan\n|-boost|p2a: Oni Chan|atk|2\n|move|p1a: Ceruledge|Bitter Blade|p2a: Oni Chan\n|-resisted|p2a: Oni Chan\n|-damage|p2a: Oni Chan|14\/100\n|\n|upkeep\n|turn|9\n|\n|t:|1700575214\n|move|p1a: Ceruledge|Shadow Sneak|p2a: Oni Chan\n|-damage|p2a: Oni Chan|0 fnt\n|faint|p2a: Oni Chan\n|\n|upkeep\n|-message|Kalico_Legend forfeited.\n|\n|win|Meddlenya\n|raw|Meddlenya's rating: 1194 &rarr; <strong>1220<\/strong><br \/>(+26 for winning)\n|raw|Kalico_Legend's rating: 1214 &rarr; <strong>1188<\/strong><br \/>(-26 for losing)\n|l|\u2606Kalico_Legend\n","uploadtime":1700575233,"views":16,"p1id":"meddlenya","p2id":"kalicolegend","formatid":"gen9ou","rating":1188,"private":0,"password":""}