{"id":"gen9ou-2000499408","p1":"Prince Smurf","p2":"Tsar dragon","format":"[Gen 9] OU","log":"|j|\u2606Prince Smurf\n|j|\u2606Tsar dragon\n|t:|1701199951\n|gametype|singles\n|player|p1|Prince Smurf|hop-masters|\n|player|p2|Tsar dragon|265|\n|teamsize|p1|6\n|teamsize|p2|6\n|gen|9\n|tier|[Gen 9] OU\n|rule|Sleep Clause Mod: Limit one foe put to sleep\n|rule|Species Clause: Limit one of each Pok\u00e9mon\n|rule|OHKO Clause: OHKO moves are banned\n|rule|Evasion Items Clause: Evasion items are banned\n|rule|Evasion Moves Clause: Evasion moves are banned\n|rule|Endless Battle Clause: Forcing endless battles is banned\n|rule|HP Percentage Mod: HP is shown in percentages\n|clearpoke\n|poke|p1|Iron Moth|\n|poke|p1|Hawlucha, F|\n|poke|p1|Garganacl, M|\n|poke|p1|Gastrodon, F|\n|poke|p1|Decidueye, M|\n|poke|p1|Ninetales-Alola, M|\n|poke|p2|Gholdengo|\n|poke|p2|Azumarill, F|\n|poke|p2|Great Tusk|\n|poke|p2|Iron Valiant|\n|poke|p2|Kleavor, M|\n|poke|p2|Krookodile, M|\n|teampreview\n|j| Not Hell\n|j| Toxic Skarmory\n|c|\u2606Prince Smurf|there we go got my music\n|c|\u2606Tsar dragon|lolz\n|c|\u2606Prince Smurf|gl hf\n|c|\u2606Tsar dragon|nou\n|\n|t:|1701200014\n|start\n|switch|p1a: Gastrodon|Gastrodon, F|100\/100\n|switch|p2a: Kleavor|Kleavor, M|100\/100\n|turn|1\n|\n|t:|1701200044\n|move|p2a: Kleavor|U-turn|p1a: Gastrodon\n|-damage|p1a: Gastrodon|72\/100\n|\n|t:|1701200046\n|switch|p2a: Azumarill|Azumarill, F|100\/100|[from] U-turn\n|move|p1a: Gastrodon|Surf|p2a: Azumarill\n|-resisted|p2a: Azumarill\n|-damage|p2a: Azumarill|85\/100\n|\n|-heal|p1a: Gastrodon|78\/100|[from] item: Leftovers\n|upkeep\n|turn|2\n|\n|t:|1701200095\n|move|p2a: Azumarill|Play Rough|p1a: Gastrodon\n|-damage|p1a: Gastrodon|33\/100\n|-unboost|p1a: Gastrodon|atk|1\n|move|p1a: Gastrodon|Earth Power|p2a: Azumarill\n|-damage|p2a: Azumarill|58\/100\n|\n|-heal|p1a: Gastrodon|39\/100|[from] item: Leftovers\n|upkeep\n|turn|3\n|\n|t:|1701200133\n|switch|p1a: Ninetales|Ninetales-Alola, M|100\/100\n|-weather|Snow|[from] ability: Snow Warning|[of] p1a: Ninetales\n|move|p2a: Azumarill|Play Rough|p1a: Ninetales\n|-damage|p1a: Ninetales|44\/100\n|\n|-weather|Snow|[upkeep]\n|upkeep\n|turn|4\n|\n|t:|1701200188\n|switch|p2a: Kleavor|Kleavor, M|100\/100\n|move|p1a: Ninetales|Aurora Veil|p1a: Ninetales\n|-sidestart|p1: Prince Smurf|move: Aurora Veil\n|\n|-weather|Snow|[upkeep]\n|upkeep\n|turn|5\n|\n|t:|1701200213\n|switch|p1a: Gastrodon|Gastrodon, F|39\/100\n|move|p2a: Kleavor|Stone Axe|p1a: Gastrodon\n|-resisted|p1a: Gastrodon\n|-damage|p1a: Gastrodon|30\/100\n|-sidestart|p1: Prince Smurf|move: Stealth Rock\n|\n|-weather|Snow|[upkeep]\n|-heal|p1a: Gastrodon|36\/100|[from] item: Leftovers\n|upkeep\n|turn|6\n|j| Horrific17\n|\n|t:|1701200229\n|switch|p2a: Azumarill|Azumarill, F|58\/100\n|move|p1a: Gastrodon|Stealth Rock|p2a: Azumarill\n|-sidestart|p2: Tsar dragon|move: Stealth Rock\n|\n|-weather|Snow|[upkeep]\n|-heal|p1a: Gastrodon|42\/100|[from] item: Leftovers\n|upkeep\n|turn|7\n|\n|t:|1701200245\n|switch|p1a: Decidueye|Decidueye, M|100\/100\n|-damage|p1a: Decidueye|88\/100|[from] Stealth Rock\n|move|p2a: Azumarill|Play Rough|p1a: Decidueye\n|-damage|p1a: Decidueye|65\/100\n|\n|-weather|none\n|-heal|p1a: Decidueye|71\/100|[from] item: Leftovers\n|upkeep\n|turn|8\n|\n|t:|1701200270\n|switch|p2a: Kleavor|Kleavor, M|100\/100\n|-damage|p2a: Kleavor|76\/100|[from] Stealth Rock\n|move|p1a: Decidueye|Spirit Shackle|p2a: Kleavor\n|-damage|p2a: Kleavor|37\/100\n|-activate|p2a: Kleavor|trapped\n|\n|-heal|p1a: Decidueye|77\/100|[from] item: Leftovers\n|upkeep\n|turn|9\n|\n|t:|1701200335\n|move|p2a: Kleavor|U-turn|p1a: Decidueye\n|-damage|p1a: Decidueye|63\/100\n|\n|t:|1701200337\n|switch|p2a: Iron Valiant|Iron Valiant|100\/100|[from] U-turn\n|-damage|p2a: Iron Valiant|94\/100|[from] Stealth Rock\n|-enditem|p2a: Iron Valiant|Booster Energy\n|-activate|p2a: Iron Valiant|ability: Quark Drive|[fromitem]\n|-start|p2a: Iron Valiant|quarkdrivespe\n|move|p1a: Decidueye|Leaf Blade|p2a: Iron Valiant\n|-damage|p2a: Iron Valiant|53\/100\n|\n|-heal|p1a: Decidueye|69\/100|[from] item: Leftovers\n|upkeep\n|turn|10\n|\n|t:|1701200349\n|-terastallize|p2a: Iron Valiant|Dark\n|move|p2a: Iron Valiant|Knock Off|p1a: Decidueye\n|-supereffective|p1a: Decidueye\n|-damage|p1a: Decidueye|26\/100\n|-enditem|p1a: Decidueye|Leftovers|[from] move: Knock Off|[of] p2a: Iron Valiant\n|move|p1a: Decidueye|Defog|p2a: Iron Valiant\n|-unboost|p2a: Iron Valiant|evasion|1\n|-sideend|p2: Tsar dragon|Stealth Rock|[from] move: Defog|[of] p1a: Decidueye\n|-sideend|p1: Prince Smurf|Stealth Rock|[from] move: Defog|[of] p1a: Decidueye\n|\n|upkeep\n|turn|11\n|\n|t:|1701200373\n|switch|p1a: Hawlucha|Hawlucha, F|100\/100\n|move|p2a: Iron Valiant|Knock Off|p1a: Hawlucha\n|-resisted|p1a: Hawlucha\n|-damage|p1a: Hawlucha|83\/100\n|-enditem|p1a: Hawlucha|White Herb|[from] move: Knock Off|[of] p2a: Iron Valiant\n|\n|-sideend|p1: Prince Smurf|move: Aurora Veil\n|upkeep\n|turn|12\n|\n|t:|1701200400\n|-end|p2a: Iron Valiant|Quark Drive|[silent]\n|switch|p2a: Gholdengo|Gholdengo|100\/100\n|-item|p2a: Gholdengo|Air Balloon\n|move|p1a: Hawlucha|Close Combat|p2a: Gholdengo\n|-immune|p2a: Gholdengo\n|\n|upkeep\n|turn|13\n|\n|t:|1701200433\n|move|p1a: Hawlucha|Fire Punch|p2a: Gholdengo\n|-supereffective|p2a: Gholdengo\n|-damage|p2a: Gholdengo|54\/100\n|-enditem|p2a: Gholdengo|Air Balloon\n|move|p2a: Gholdengo|Shadow Ball|p1a: Hawlucha\n|-damage|p1a: Hawlucha|11\/100\n|\n|upkeep\n|turn|14\n|\n|t:|1701200495\n|switch|p2a: Great Tusk|Great Tusk|100\/100\n|-enditem|p2a: Great Tusk|Booster Energy\n|-activate|p2a: Great Tusk|ability: Protosynthesis|[fromitem]\n|-start|p2a: Great Tusk|protosynthesisspe\n|move|p1a: Hawlucha|Fire Punch|p2a: Great Tusk\n|-damage|p2a: Great Tusk|86\/100\n|\n|upkeep\n|turn|15\n|\n|t:|1701200515\n|move|p1a: Hawlucha|Acrobatics|p2a: Great Tusk\n|-supereffective|p2a: Great Tusk\n|-damage|p2a: Great Tusk|26\/100\n|move|p2a: Great Tusk|Ice Spinner|p1a: Hawlucha\n|-supereffective|p1a: Hawlucha\n|-damage|p1a: Hawlucha|0 fnt\n|faint|p1a: Hawlucha\n|\n|upkeep\n|\n|t:|1701200549\n|switch|p1a: Gastrodon|Gastrodon, F|42\/100\n|turn|16\n|l|\u2606Tsar dragon\n|player|p2|\n|j|\u2606Tsar dragon\n|player|p2|Tsar dragon|265\n|\n|t:|1701200614\n|move|p2a: Great Tusk|Headlong Rush|p1a: Gastrodon\n|-damage|p1a: Gastrodon|4\/100\n|-unboost|p2a: Great Tusk|def|1\n|-unboost|p2a: Great Tusk|spd|1\n|move|p1a: Gastrodon|Recover|p1a: Gastrodon\n|-heal|p1a: Gastrodon|54\/100\n|\n|-heal|p1a: Gastrodon|60\/100|[from] item: Leftovers\n|upkeep\n|turn|17\n|\n|t:|1701200655\n|move|p2a: Great Tusk|Headlong Rush|p1a: Gastrodon\n|-damage|p1a: Gastrodon|20\/100\n|-unboost|p2a: Great Tusk|def|1\n|-unboost|p2a: Great Tusk|spd|1\n|move|p1a: Gastrodon|Surf|p2a: Great Tusk\n|-supereffective|p2a: Great Tusk\n|-damage|p2a: Great Tusk|0 fnt\n|faint|p2a: Great Tusk\n|-end|p2a: Great Tusk|Protosynthesis|[silent]\n|\n|-heal|p1a: Gastrodon|26\/100|[from] item: Leftovers\n|upkeep\n|\n|t:|1701200713\n|switch|p2a: Krookodile|Krookodile, M|100\/100\n|turn|18\n|\n|t:|1701200768\n|move|p2a: Krookodile|Knock Off|p1a: Gastrodon\n|-damage|p1a: Gastrodon|0 fnt\n|-enditem|p1a: Gastrodon|Leftovers|[from] move: Knock Off|[of] p2a: Krookodile\n|faint|p1a: Gastrodon\n|-ability|p2a: Krookodile|Moxie|boost\n|-boost|p2a: Krookodile|atk|1\n|\n|upkeep\n|\n|t:|1701200773\n|switch|p1a: Ninetales|Ninetales-Alola, M|44\/100\n|-weather|Snow|[from] ability: Snow Warning|[of] p1a: Ninetales\n|turn|19\n|\n|t:|1701200818\n|switch|p2a: Gholdengo|Gholdengo|54\/100\n|move|p1a: Ninetales|Aurora Veil|p1a: Ninetales\n|-sidestart|p1: Prince Smurf|move: Aurora Veil\n|\n|-weather|Snow|[upkeep]\n|upkeep\n|turn|20\n|\n|t:|1701200831\n|move|p1a: Ninetales|Dark Pulse|p2a: Gholdengo\n|-supereffective|p2a: Gholdengo\n|-damage|p2a: Gholdengo|5\/100\n|move|p2a: Gholdengo|Make It Rain|p1a: Ninetales\n|-supereffective|p1a: Ninetales\n|-damage|p1a: Ninetales|0 fnt\n|-unboost|p2a: Gholdengo|spa|1\n|faint|p1a: Ninetales\n|\n|-weather|Snow|[upkeep]\n|upkeep\n|\n|t:|1701200836\n|switch|p1a: Iron Moth|Iron Moth|100\/100\n|-enditem|p1a: Iron Moth|Booster Energy\n|-activate|p1a: Iron Moth|ability: Quark Drive|[fromitem]\n|-start|p1a: Iron Moth|quarkdrivespa\n|turn|21\n|\n|t:|1701200890\n|switch|p2a: Azumarill|Azumarill, F|58\/100\n|move|p1a: Iron Moth|Agility|p1a: Iron Moth\n|-boost|p1a: Iron Moth|spe|2\n|\n|-weather|Snow|[upkeep]\n|upkeep\n|turn|22\n|\n|t:|1701200901\n|-terastallize|p1a: Iron Moth|Water\n|move|p1a: Iron Moth|Sludge Wave|p2a: Azumarill\n|-supereffective|p2a: Azumarill\n|-damage|p2a: Azumarill|0 fnt\n|faint|p2a: Azumarill\n|\n|-weather|Snow|[upkeep]\n|upkeep\n|\n|t:|1701200987\n|switch|p2a: Kleavor|Kleavor, M|37\/100\n|turn|23\n|inactive|Battle timer is ON: inactive players will automatically lose when time's up. (requested by Tsar dragon)\n|\n|t:|1701201020\n|move|p1a: Iron Moth|Fiery Dance|p2a: Kleavor\n|-damage|p2a: Kleavor|0 fnt\n|-boost|p1a: Iron Moth|spa|1\n|faint|p2a: Kleavor\n|\n|-weather|none\n|upkeep\n|\n|t:|1701201028\n|switch|p2a: Krookodile|Krookodile, M|100\/100\n|turn|24\n|\n|t:|1701201035\n|move|p1a: Iron Moth|Fiery Dance|p2a: Krookodile\n|-crit|p2a: Krookodile\n|-damage|p2a: Krookodile|0 fnt\n|faint|p2a: Krookodile\n|\n|upkeep\n|\n|t:|1701201038\n|switch|p2a: Iron Valiant|Iron Valiant, tera:Dark|53\/100\n|turn|25\n|\n|t:|1701201044\n|move|p1a: Iron Moth|Fiery Dance|p2a: Iron Valiant\n|-damage|p2a: Iron Valiant|0 fnt\n|faint|p2a: Iron Valiant\n|-end|p2a: Iron Valiant|Quark Drive|[silent]\n|\n|upkeep\n|\n|t:|1701201046\n|switch|p2a: Gholdengo|Gholdengo|5\/100\n|turn|26\n|\n|t:|1701201051\n|move|p1a: Iron Moth|Fiery Dance|p2a: Gholdengo\n|-supereffective|p2a: Gholdengo\n|-damage|p2a: Gholdengo|0 fnt\n|-boost|p1a: Iron Moth|spa|1\n|faint|p2a: Gholdengo\n|\n|win|Prince Smurf\n","uploadtime":1701201057,"views":11,"p1id":"princesmurf","p2id":"tsardragon","formatid":"gen9ou","rating":0,"private":0,"password":""}