{"id":"gen9ou-1992486644","p1":"anemone14th","p2":"wyverbal","format":"[Gen 9] OU","log":"|j|\u2606anemone14th\n|j|\u2606wyverbal\n|t:|1700193684\n|gametype|singles\n|player|p1|anemone14th|carmine-festival|1129\n|player|p2|wyverbal|2|1129\n|teamsize|p1|6\n|teamsize|p2|6\n|gen|9\n|tier|[Gen 9] OU\n|rated|\n|rule|Sleep Clause Mod: Limit one foe put to sleep\n|rule|Species Clause: Limit one of each Pok\u00e9mon\n|rule|OHKO Clause: OHKO moves are banned\n|rule|Evasion Items Clause: Evasion items are banned\n|rule|Evasion Moves Clause: Evasion moves are banned\n|rule|Endless Battle Clause: Forcing endless battles is banned\n|rule|HP Percentage Mod: HP is shown in percentages\n|clearpoke\n|poke|p1|Dragonite, M|\n|poke|p1|Zamazenta-*|\n|poke|p1|Landorus-Therian, M|\n|poke|p1|Greninja-*, M|\n|poke|p1|Scizor, F|\n|poke|p1|Gengar, F|\n|poke|p2|Dipplin, M|\n|poke|p2|Enamorus-Therian, F|\n|poke|p2|Glimmora, F|\n|poke|p2|Alomomola, M|\n|poke|p2|Iron Treads|\n|poke|p2|Kommo-o, F|\n|teampreview\n|inactive|Battle timer is ON: inactive players will automatically lose when time's up. (requested by wyverbal)\n|\n|t:|1700193702\n|start\n|switch|p1a: dangan|Dragonite, M|100\/100\n|switch|p2a: Iron Treads|Iron Treads|100\/100\n|turn|1\n|\n|t:|1700193708\n|move|p2a: Iron Treads|Stealth Rock|p1a: dangan\n|-sidestart|p1: anemone14th|move: Stealth Rock\n|move|p1a: dangan|Dragon Dance|p1a: dangan\n|-boost|p1a: dangan|atk|1\n|-boost|p1a: dangan|spe|1\n|\n|upkeep\n|turn|2\n|\n|t:|1700193712\n|-end|p2a: Iron Treads|Quark Drive|[silent]\n|switch|p2a: Alomomola|Alomomola, M|100\/100\n|move|p1a: dangan|Dragon Dance|p1a: dangan\n|-boost|p1a: dangan|atk|1\n|-boost|p1a: dangan|spe|1\n|\n|upkeep\n|turn|3\n|\n|t:|1700193720\n|-terastallize|p1a: dangan|Normal\n|move|p1a: dangan|Dragon Dance|p1a: dangan\n|-boost|p1a: dangan|atk|1\n|-boost|p1a: dangan|spe|1\n|move|p2a: Alomomola|Scald|p1a: dangan\n|-damage|p1a: dangan|93\/100\n|-status|p1a: dangan|brn\n|\n|-heal|p1a: dangan|99\/100 brn|[from] item: Leftovers\n|-damage|p1a: dangan|93\/100 brn|[from] brn\n|upkeep\n|turn|4\n|\n|t:|1700193739\n|move|p1a: dangan|Extreme Speed|p2a: Alomomola\n|-damage|p2a: Alomomola|71\/100\n|move|p2a: Alomomola|Flip Turn|p1a: dangan\n|-damage|p1a: dangan|75\/100 brn\n|\n|t:|1700193761\n|switch|p2a: Dipplin|Dipplin, M, shiny|100\/100|[from] Flip Turn\n|\n|-heal|p1a: dangan|81\/100 brn|[from] item: Leftovers\n|-damage|p1a: dangan|75\/100 brn|[from] brn\n|upkeep\n|turn|5\n|\n|t:|1700193768\n|move|p1a: dangan|Dragon Claw|p2a: Dipplin\n|-supereffective|p2a: Dipplin\n|-damage|p2a: Dipplin|54\/100\n|move|p2a: Dipplin|Dragon Tail|p1a: dangan|[miss]\n|-miss|p2a: Dipplin|p1a: dangan\n|\n|-heal|p1a: dangan|81\/100 brn|[from] item: Leftovers\n|-damage|p1a: dangan|75\/100 brn|[from] brn\n|upkeep\n|turn|6\n|\n|t:|1700193776\n|move|p1a: dangan|Dragon Claw|p2a: Dipplin\n|-supereffective|p2a: Dipplin\n|-damage|p2a: Dipplin|11\/100\n|move|p2a: Dipplin|Recover|p2a: Dipplin\n|-heal|p2a: Dipplin|61\/100\n|\n|-heal|p1a: dangan|81\/100 brn|[from] item: Leftovers\n|-damage|p1a: dangan|75\/100 brn|[from] brn\n|upkeep\n|turn|7\n|\n|t:|1700193786\n|-terastallize|p2a: Dipplin|Poison\n|move|p1a: dangan|Dragon Claw|p2a: Dipplin\n|-damage|p2a: Dipplin|39\/100\n|move|p2a: Dipplin|Dragon Tail|p1a: dangan\n|-damage|p1a: dangan|57\/100 brn\n|drag|p1a: Greninja|Greninja, M|100\/100\n|-damage|p1a: Greninja|88\/100|[from] Stealth Rock\n|\n|upkeep\n|turn|8\n|\n|t:|1700193797\n|move|p1a: Greninja|Surf|p2a: Dipplin\n|-damage|p2a: Dipplin|0 fnt\n|faint|p2a: Dipplin\n|-ability|p1a: Greninja|Battle Bond|boost\n|-boost|p1a: Greninja|atk|1\n|-boost|p1a: Greninja|spa|1\n|-boost|p1a: Greninja|spe|1\n|-activate|p1a: Greninja|ability: Battle Bond\n|\n|upkeep\n|\n|t:|1700193807\n|switch|p2a: Kommo-o|Kommo-o, F, shiny|100\/100\n|turn|9\n|\n|t:|1700193811\n|move|p1a: Greninja|Surf|p2a: Kommo-o\n|-resisted|p2a: Kommo-o\n|-damage|p2a: Kommo-o|74\/100\n|move|p2a: Kommo-o|Aura Sphere|p1a: Greninja\n|-supereffective|p1a: Greninja\n|-damage|p1a: Greninja|0 fnt\n|faint|p1a: Greninja\n|\n|upkeep\n|\n|t:|1700193823\n|switch|p1a: Zamazenta|Zamazenta|100\/100\n|-damage|p1a: Zamazenta|94\/100|[from] Stealth Rock\n|-ability|p1a: Zamazenta|Dauntless Shield|boost\n|-boost|p1a: Zamazenta|def|1\n|turn|10\n|\n|t:|1700193838\n|switch|p2a: Enamorus|Enamorus-Therian, F, shiny|100\/100\n|move|p1a: Zamazenta|Substitute|p1a: Zamazenta\n|-start|p1a: Zamazenta|Substitute\n|-damage|p1a: Zamazenta|69\/100\n|\n|-heal|p1a: Zamazenta|76\/100|[from] item: Leftovers\n|upkeep\n|turn|11\n|\n|t:|1700193847\n|move|p1a: Zamazenta|Iron Defense|p1a: Zamazenta\n|-boost|p1a: Zamazenta|def|2\n|move|p2a: Enamorus|Agility|p2a: Enamorus\n|-boost|p2a: Enamorus|spe|2\n|\n|-heal|p1a: Zamazenta|82\/100|[from] item: Leftovers\n|upkeep\n|turn|12\n|\n|t:|1700193862\n|move|p2a: Enamorus|Mystical Fire|p1a: Zamazenta\n|-end|p1a: Zamazenta|Substitute\n|move|p1a: Zamazenta|Body Press|p2a: Enamorus\n|-resisted|p2a: Enamorus\n|-damage|p2a: Enamorus|78\/100\n|\n|-heal|p1a: Zamazenta|88\/100|[from] item: Leftovers\n|upkeep\n|turn|13\n|\n|t:|1700193870\n|move|p2a: Enamorus|Moonblast|p1a: Zamazenta\n|-supereffective|p1a: Zamazenta\n|-damage|p1a: Zamazenta|0 fnt\n|faint|p1a: Zamazenta\n|\n|upkeep\n|\n|t:|1700193875\n|switch|p1a: Gengar|Gengar, F|100\/100\n|-damage|p1a: Gengar|88\/100|[from] Stealth Rock\n|turn|14\n|\n|t:|1700193881\n|move|p2a: Enamorus|Earth Power|p1a: Gengar\n|-supereffective|p1a: Gengar\n|-damage|p1a: Gengar|0 fnt\n|faint|p1a: Gengar\n|\n|upkeep\n|-message|anemone14th forfeited.\n|\n|win|wyverbal\n|raw|anemone14th's rating: 1129 &rarr; <strong>1104<\/strong><br \/>(-25 for losing)\n|raw|wyverbal's rating: 1129 &rarr; <strong>1154<\/strong><br \/>(+25 for winning)\n|l|\u2606anemone14th\n","uploadtime":1700193893,"views":7,"p1id":"anemone14th","p2id":"wyverbal","formatid":"gen9ou","rating":1104,"private":0,"password":""}