{"id":"gen9ou-1993912529","p1":"Cdazzle91","p2":"Makinu","format":"[Gen 9] OU","log":"|j|\u2606Cdazzle91\n|j|\u2606Makinu\n|inactive|Battle timer is ON: inactive players will automatically lose when time's up.\n|t:|1700374287\n|gametype|singles\n|player|p1|Cdazzle91|hiker-gen4|\n|player|p2|Makinu|red|\n|teamsize|p1|5\n|teamsize|p2|5\n|gen|9\n|tier|[Gen 9] OU\n|rated|Tournament battle\n|rule|Sleep Clause Mod: Limit one foe put to sleep\n|rule|Species Clause: Limit one of each Pok\u00e9mon\n|rule|OHKO Clause: OHKO moves are banned\n|rule|Evasion Items Clause: Evasion items are banned\n|rule|Evasion Moves Clause: Evasion moves are banned\n|rule|Endless Battle Clause: Forcing endless battles is banned\n|rule|HP Percentage Mod: HP is shown in percentages\n|clearpoke\n|poke|p1|Tsareena, F|\n|poke|p1|Dragapult, M|\n|poke|p1|Honchkrow, M|\n|poke|p1|Toxapex, F|\n|poke|p1|Eelektrik, F|\n|poke|p2|Cetitan, F|\n|poke|p2|Inteleon, F|\n|poke|p2|Chansey, F|\n|poke|p2|Brambleghast, F|\n|poke|p2|Hippowdon, F|\n|teampreview\n|j|*Lady Monita \u2746\n|inactive|Makinu also wants the timer to be on.\n|inactive|Makinu has 120 seconds left.\n|\n|t:|1700374319\n|start\n|switch|p1a: Eelektrik|Eelektrik, F|100\/100\n|switch|p2a: Hippowdon|Hippowdon, F|100\/100\n|-weather|Sandstorm|[from] ability: Sand Stream|[of] p2a: Hippowdon\n|turn|1\n|\n|t:|1700374326\n|move|p2a: Hippowdon|Stealth Rock|p1a: Eelektrik\n|-sidestart|p1: Cdazzle91|move: Stealth Rock\n|move|p1a: Eelektrik|Coil|p1a: Eelektrik\n|-boost|p1a: Eelektrik|atk|1\n|-boost|p1a: Eelektrik|def|1\n|-boost|p1a: Eelektrik|accuracy|1\n|\n|-weather|Sandstorm|[upkeep]\n|-damage|p1a: Eelektrik|95\/100|[from] Sandstorm\n|upkeep\n|turn|2\n|\n|t:|1700374329\n|move|p1a: Eelektrik|Coil|p1a: Eelektrik\n|-boost|p1a: Eelektrik|atk|1\n|-boost|p1a: Eelektrik|def|1\n|-boost|p1a: Eelektrik|accuracy|1\n|move|p2a: Hippowdon|Whirlwind|p1a: Eelektrik\n|drag|p1a: Tsareena|Tsareena, F|100\/100\n|\n|-weather|Sandstorm|[upkeep]\n|-damage|p1a: Tsareena|94\/100|[from] Sandstorm\n|upkeep\n|turn|3\n|\n|t:|1700374336\n|switch|p2a: Brambleghast|Brambleghast, F|100\/100\n|move|p1a: Tsareena|Rapid Spin|p2a: Brambleghast\n|-immune|p2a: Brambleghast\n|\n|-weather|Sandstorm|[upkeep]\n|-damage|p2a: Brambleghast|94\/100|[from] Sandstorm\n|-damage|p1a: Tsareena|88\/100|[from] Sandstorm\n|upkeep\n|turn|4\n|\n|t:|1700374347\n|switch|p1a: Honchkrow|Honchkrow, M|100\/100\n|-damage|p1a: Honchkrow|76\/100|[from] Stealth Rock\n|move|p2a: Brambleghast|Rapid Spin|p1a: Honchkrow\n|-damage|p1a: Honchkrow|57\/100\n|-boost|p2a: Brambleghast|spe|1\n|\n|-weather|Sandstorm|[upkeep]\n|-damage|p2a: Brambleghast|88\/100|[from] Sandstorm\n|-damage|p1a: Honchkrow|51\/100|[from] Sandstorm\n|upkeep\n|turn|5\n|inactive|Makinu has 120 seconds left.\n|j| Sibn23\n|l| Sibn23\n|\n|t:|1700374404\n|switch|p2a: Hippowdon|Hippowdon, F|100\/100\n|move|p1a: Honchkrow|Night Slash|p2a: Hippowdon\n|-crit|p2a: Hippowdon\n|-damage|p2a: Hippowdon|68\/100\n|-damage|p1a: Honchkrow|34\/100|[from] item: Rocky Helmet|[of] p2a: Hippowdon\n|\n|-weather|none\n|upkeep\n|turn|6\n|\n|t:|1700374413\n|move|p1a: Honchkrow|Night Slash|p2a: Hippowdon\n|-damage|p2a: Hippowdon|47\/100\n|-damage|p1a: Honchkrow|17\/100|[from] item: Rocky Helmet|[of] p2a: Hippowdon\n|move|p2a: Hippowdon|Slack Off|p2a: Hippowdon\n|-heal|p2a: Hippowdon|97\/100\n|\n|upkeep\n|turn|7\n|\n|t:|1700374420\n|switch|p1a: Toxapex|Toxapex, F|100\/100\n|-damage|p1a: Toxapex|88\/100|[from] Stealth Rock\n|move|p2a: Hippowdon|Whirlwind|p1a: Toxapex\n|drag|p1a: Honchkrow|Honchkrow, M|17\/100\n|-damage|p1a: Honchkrow|0 fnt|[from] Stealth Rock\n|faint|p1a: Honchkrow\n|\n|upkeep\n|\n|t:|1700374426\n|switch|p1a: Toxapex|Toxapex, F|100\/100\n|-damage|p1a: Toxapex|88\/100|[from] Stealth Rock\n|turn|8\n|\n|t:|1700374430\n|move|p2a: Hippowdon|Earthquake|p1a: Toxapex\n|-supereffective|p1a: Toxapex\n|-damage|p1a: Toxapex|44\/100\n|move|p1a: Toxapex|Toxic|p2a: Hippowdon\n|-status|p2a: Hippowdon|tox\n|\n|-heal|p1a: Toxapex|50\/100|[from] item: Leftovers\n|-damage|p2a: Hippowdon|91\/100 tox|[from] psn\n|upkeep\n|turn|9\n|\n|t:|1700374445\n|switch|p1a: Tsareena|Tsareena, F|88\/100\n|move|p2a: Hippowdon|Earthquake|p1a: Tsareena\n|-resisted|p1a: Tsareena\n|-damage|p1a: Tsareena|68\/100\n|\n|-damage|p2a: Hippowdon|79\/100 tox|[from] psn\n|upkeep\n|turn|10\n|\n|t:|1700374449\n|move|p1a: Tsareena|Power Whip|p2a: Hippowdon\n|-supereffective|p2a: Hippowdon\n|-damage|p2a: Hippowdon|10\/100 tox\n|-damage|p1a: Tsareena|51\/100|[from] item: Rocky Helmet|[of] p2a: Hippowdon\n|move|p2a: Hippowdon|Whirlwind|p1a: Tsareena\n|drag|p1a: Dragapult|Dragapult, M, shiny|100\/100\n|-damage|p1a: Dragapult|88\/100|[from] Stealth Rock\n|\n|-damage|p2a: Hippowdon|0 fnt|[from] psn\n|faint|p2a: Hippowdon\n|upkeep\n|\n|t:|1700374453\n|switch|p2a: Cetitan|Cetitan, F|100\/100\n|turn|11\n|\n|t:|1700374462\n|switch|p1a: Toxapex|Toxapex, F|83\/100\n|-damage|p1a: Toxapex|71\/100|[from] Stealth Rock\n|move|p2a: Cetitan|Icicle Crash|p1a: Toxapex\n|-resisted|p1a: Toxapex\n|-damage|p1a: Toxapex|48\/100\n|\n|-heal|p1a: Toxapex|54\/100|[from] item: Leftovers\n|upkeep\n|turn|12\n|\n|t:|1700374467\n|move|p2a: Cetitan|Earthquake|p1a: Toxapex\n|-supereffective|p1a: Toxapex\n|-damage|p1a: Toxapex|2\/100\n|-damage|p2a: Cetitan|91\/100|[from] item: Life Orb\n|move|p1a: Toxapex|Recover|p1a: Toxapex\n|-heal|p1a: Toxapex|53\/100\n|\n|-heal|p1a: Toxapex|59\/100|[from] item: Leftovers\n|upkeep\n|turn|13\n|\n|t:|1700374474\n|switch|p1a: Eelektrik|Eelektrik, F|95\/100\n|-damage|p1a: Eelektrik|82\/100|[from] Stealth Rock\n|move|p2a: Cetitan|Earthquake|p1a: Eelektrik\n|-immune|p1a: Eelektrik|[from] ability: Levitate\n|\n|upkeep\n|turn|14\n|\n|t:|1700374480\n|move|p2a: Cetitan|Icicle Crash|p1a: Eelektrik|[miss]\n|-miss|p2a: Cetitan|p1a: Eelektrik\n|move|p1a: Eelektrik|Coil|p1a: Eelektrik\n|-boost|p1a: Eelektrik|atk|1\n|-boost|p1a: Eelektrik|def|1\n|-boost|p1a: Eelektrik|accuracy|1\n|\n|upkeep\n|turn|15\n|\n|t:|1700374483\n|move|p2a: Cetitan|Icicle Crash|p1a: Eelektrik|[miss]\n|-miss|p2a: Cetitan|p1a: Eelektrik\n|move|p1a: Eelektrik|Coil|p1a: Eelektrik\n|-boost|p1a: Eelektrik|atk|1\n|-boost|p1a: Eelektrik|def|1\n|-boost|p1a: Eelektrik|accuracy|1\n|\n|upkeep\n|turn|16\n|\n|t:|1700374485\n|move|p2a: Cetitan|Icicle Crash|p1a: Eelektrik\n|-damage|p1a: Eelektrik|49\/100\n|move|p1a: Eelektrik|Coil|p1a: Eelektrik\n|-boost|p1a: Eelektrik|atk|1\n|-boost|p1a: Eelektrik|def|1\n|-boost|p1a: Eelektrik|accuracy|1\n|\n|upkeep\n|turn|17\n|\n|t:|1700374493\n|move|p2a: Cetitan|Icicle Crash|p1a: Eelektrik\n|-damage|p1a: Eelektrik|19\/100\n|move|p1a: Eelektrik|Wild Charge|p2a: Cetitan\n|-crit|p2a: Cetitan\n|-damage|p2a: Cetitan|0 fnt\n|faint|p2a: Cetitan\n|-damage|p1a: Eelektrik|0 fnt|[from] Recoil\n|faint|p1a: Eelektrik\n|\n|upkeep\n|\n|t:|1700374499\n|switch|p2a: Brambleghast|Brambleghast, F|88\/100\n|switch|p1a: Tsareena|Tsareena, F|51\/100\n|turn|18\n|\n|t:|1700374505\n|move|p2a: Brambleghast|Poltergeist|p1a: Tsareena|[miss]\n|-miss|p2a: Brambleghast|p1a: Tsareena\n|move|p1a: Tsareena|U-turn|p2a: Brambleghast\n|-damage|p2a: Brambleghast|54\/100\n|\n|t:|1700374512\n|switch|p1a: Dragapult|Dragapult, M, shiny|88\/100|[from] U-turn\n|-damage|p1a: Dragapult|76\/100|[from] Stealth Rock\n|\n|upkeep\n|turn|19\n|\n|t:|1700374518\n|switch|p2a: Chansey|Chansey, F|100\/100\n|move|p1a: Dragapult|Phantom Force||[still]\n|-prepare|p1a: Dragapult|Phantom Force\n|\n|upkeep\n|turn|20\n|\n|t:|1700374525\n|move|p1a: Dragapult|Phantom Force|p2a: Chansey|[from]lockedmove\n|-immune|p2a: Chansey\n|move|p2a: Chansey|Calm Mind|p2a: Chansey\n|-boost|p2a: Chansey|spa|1\n|-boost|p2a: Chansey|spd|1\n|\n|upkeep\n|turn|21\n|\n|t:|1700374529\n|move|p1a: Dragapult|Dragon Dance|p1a: Dragapult\n|-boost|p1a: Dragapult|atk|1\n|-boost|p1a: Dragapult|spe|1\n|move|p2a: Chansey|Calm Mind|p2a: Chansey\n|-boost|p2a: Chansey|spa|1\n|-boost|p2a: Chansey|spd|1\n|\n|upkeep\n|turn|22\n|\n|t:|1700374535\n|-terastallize|p2a: Chansey|Fairy\n|move|p1a: Dragapult|Dragon Dance|p1a: Dragapult\n|-boost|p1a: Dragapult|atk|1\n|-boost|p1a: Dragapult|spe|1\n|move|p2a: Chansey|Stored Power|p1a: Dragapult\n|-damage|p1a: Dragapult|46\/100\n|\n|upkeep\n|turn|23\n|j| Sibn23\n|\n|t:|1700374541\n|move|p1a: Dragapult|Psychic Fangs|p2a: Chansey\n|-damage|p2a: Chansey|46\/100\n|-damage|p1a: Dragapult|36\/100|[from] item: Life Orb\n|move|p2a: Chansey|Stored Power|p1a: Dragapult\n|-damage|p1a: Dragapult|9\/100\n|\n|upkeep\n|turn|24\n|\n|t:|1700374546\n|move|p1a: Dragapult|Psychic Fangs|p2a: Chansey\n|-damage|p2a: Chansey|0 fnt\n|faint|p2a: Chansey\n|-damage|p1a: Dragapult|0 fnt|[from] item: Life Orb\n|faint|p1a: Dragapult\n|\n|upkeep\n|\n|t:|1700374552\n|switch|p1a: Toxapex|Toxapex, F|92\/100\n|switch|p2a: Brambleghast|Brambleghast, F|54\/100\n|-damage|p1a: Toxapex|80\/100|[from] Stealth Rock\n|turn|25\n|\n|t:|1700374561\n|move|p2a: Brambleghast|Poltergeist|p1a: Toxapex\n|-activate|p1a: Toxapex|move: Poltergeist|Leftovers\n|-damage|p1a: Toxapex|53\/100\n|move|p1a: Toxapex|Toxic|p2a: Brambleghast\n|-status|p2a: Brambleghast|tox\n|\n|-heal|p1a: Toxapex|59\/100|[from] item: Leftovers\n|-damage|p2a: Brambleghast|48\/100 tox|[from] psn\n|upkeep\n|turn|26\n|\n|t:|1700374571\n|move|p2a: Brambleghast|Strength Sap|p1a: Toxapex\n|-unboost|p1a: Toxapex|atk|1\n|-heal|p2a: Brambleghast|85\/100 tox\n|move|p1a: Toxapex|Recover|p1a: Toxapex\n|-heal|p1a: Toxapex|100\/100\n|\n|-damage|p2a: Brambleghast|73\/100 tox|[from] psn\n|upkeep\n|turn|27\n|\n|t:|1700374576\n|move|p2a: Brambleghast|Power Whip|p1a: Toxapex\n|-damage|p1a: Toxapex|73\/100\n|move|p1a: Toxapex|Sludge Bomb|p2a: Brambleghast\n|-damage|p2a: Brambleghast|44\/100 tox\n|\n|-heal|p1a: Toxapex|79\/100|[from] item: Leftovers\n|-damage|p2a: Brambleghast|26\/100 tox|[from] psn\n|upkeep\n|turn|28\n|\n|t:|1700374580\n|move|p2a: Brambleghast|Power Whip|p1a: Toxapex|[miss]\n|-miss|p2a: Brambleghast|p1a: Toxapex\n|move|p1a: Toxapex|Recover|p1a: Toxapex\n|-heal|p1a: Toxapex|100\/100\n|\n|-damage|p2a: Brambleghast|2\/100 tox|[from] psn\n|upkeep\n|turn|29\n|\n|t:|1700374588\n|move|p2a: Brambleghast|Power Whip|p1a: Toxapex|[miss]\n|-miss|p2a: Brambleghast|p1a: Toxapex\n|move|p1a: Toxapex|Recover||[still]\n|-fail|p1a: Toxapex|heal\n|\n|-damage|p2a: Brambleghast|0 fnt|[from] psn\n|faint|p2a: Brambleghast\n|upkeep\n|\n|t:|1700374590\n|switch|p2a: Inteleon|Inteleon, F|100\/100\n|turn|30\n|\n|t:|1700374602\n|move|p2a: Inteleon|Air Slash|p1a: Toxapex\n|-damage|p1a: Toxapex|78\/100\n|move|p1a: Toxapex|Toxic|p2a: Inteleon\n|-status|p2a: Inteleon|tox\n|\n|-heal|p1a: Toxapex|84\/100|[from] item: Leftovers\n|-damage|p2a: Inteleon|94\/100 tox|[from] psn\n|upkeep\n|turn|31\n|\n|t:|1700374608\n|move|p2a: Inteleon|Air Slash|p1a: Toxapex\n|-damage|p1a: Toxapex|62\/100\n|move|p1a: Toxapex|Sludge Bomb|p2a: Inteleon\n|-damage|p2a: Inteleon|63\/100 tox\n|\n|-heal|p1a: Toxapex|68\/100|[from] item: Leftovers\n|-damage|p2a: Inteleon|51\/100 tox|[from] psn\n|upkeep\n|turn|32\n|\n|t:|1700374611\n|move|p2a: Inteleon|Air Slash|p1a: Toxapex\n|-damage|p1a: Toxapex|48\/100\n|move|p1a: Toxapex|Sludge Bomb|p2a: Inteleon\n|-damage|p2a: Inteleon|17\/100 tox\n|\n|-heal|p1a: Toxapex|54\/100|[from] item: Leftovers\n|-damage|p2a: Inteleon|0 fnt|[from] psn\n|faint|p2a: Inteleon\n|\n|win|Cdazzle91\n|upkeep\n|n|\u2606Cdazzle91|cdazzle91\n|n|\u2606Makinu|makinu\n|n|*Lady Monita \u2746|ladymonita\n|n| Sibn23|sibn23\n","uploadtime":1700374612,"views":8,"p1id":"cdazzle91","p2id":"makinu","formatid":"gen9ou","rating":0,"private":0,"password":""}