{"id":"gen9ou-1994592762","p1":"Trainitar4","p2":"juddle_poke","format":"[Gen 9] OU","log":"|j|\u2606Trainitar4\n|j|\u2606juddle_poke\n|t:|1700465859\n|gametype|singles\n|player|p1|Trainitar4|ninjaboy|1000\n|player|p2|juddle_poke|crasherwake|1000\n|teamsize|p1|6\n|teamsize|p2|6\n|gen|9\n|tier|[Gen 9] OU\n|rated|\n|rule|Sleep Clause Mod: Limit one foe put to sleep\n|rule|Species Clause: Limit one of each Pok\u00e9mon\n|rule|OHKO Clause: OHKO moves are banned\n|rule|Evasion Items Clause: Evasion items are banned\n|rule|Evasion Moves Clause: Evasion moves are banned\n|rule|Endless Battle Clause: Forcing endless battles is banned\n|rule|HP Percentage Mod: HP is shown in percentages\n|clearpoke\n|poke|p1|Slowking-Galar, F|\n|poke|p1|Thundurus-Therian, M|\n|poke|p1|Alomomola, F|\n|poke|p1|Cinderace, F|\n|poke|p1|Iron Valiant|\n|poke|p1|Dragonite, F|\n|poke|p2|Clefairy, M|\n|poke|p2|Azumarill, F|\n|poke|p2|Ceruledge, F|\n|poke|p2|Lokix, F|\n|poke|p2|Meowscarada, F|\n|poke|p2|Amoonguss, F|\n|teampreview\n|inactive|Battle timer is ON: inactive players will automatically lose when time's up. (requested by Trainitar4)\n|\n|t:|1700465884\n|start\n|switch|p1a: Cinderace|Cinderace, F|100\/100\n|switch|p2a: Amoonguss|Amoonguss, F|100\/100\n|turn|1\n|\n|t:|1700465904\n|move|p1a: Cinderace|Pyro Ball|p2a: Amoonguss\n|-supereffective|p2a: Amoonguss\n|-damage|p2a: Amoonguss|0 fnt\n|faint|p2a: Amoonguss\n|\n|upkeep\n|\n|t:|1700465909\n|switch|p2a: Azumarill|Azumarill, F|100\/100\n|turn|2\n|\n|t:|1700465920\n|switch|p1a: Alomomola|Alomomola, F|100\/100\n|move|p2a: Azumarill|Liquidation|p1a: Alomomola\n|-resisted|p1a: Alomomola\n|-damage|p1a: Alomomola|86\/100\n|-unboost|p1a: Alomomola|def|1\n|-damage|p2a: Azumarill|84\/100|[from] item: Rocky Helmet|[of] p1a: Alomomola\n|-damage|p2a: Azumarill|74\/100|[from] item: Life Orb\n|\n|upkeep\n|turn|3\n|\n|t:|1700465929\n|move|p2a: Azumarill|Perish Song|p2a: Azumarill\n|-start|p1a: Alomomola|perish3|[silent]\n|-start|p2a: Azumarill|perish3|[silent]\n|-fieldactivate|move: Perish Song\n|move|p1a: Alomomola|Wish|p1a: Alomomola\n|\n|-start|p2a: Azumarill|perish3\n|-start|p1a: Alomomola|perish3\n|upkeep\n|turn|4\n|\n|t:|1700465938\n|move|p2a: Azumarill|Play Rough|p1a: Alomomola\n|-damage|p1a: Alomomola|37\/100\n|-damage|p2a: Azumarill|57\/100|[from] item: Rocky Helmet|[of] p1a: Alomomola\n|-damage|p2a: Azumarill|47\/100|[from] item: Life Orb\n|move|p1a: Alomomola|Flip Turn|p2a: Azumarill\n|-resisted|p2a: Azumarill\n|-damage|p2a: Azumarill|40\/100\n|\n|t:|1700465954\n|switch|p1a: Thundurus|Thundurus-Therian, M|100\/100|[from] Flip Turn\n|\n|-start|p2a: Azumarill|perish2\n|upkeep\n|turn|5\n|\n|t:|1700465966\n|move|p2a: Azumarill|Aqua Jet|p1a: Thundurus\n|-damage|p1a: Thundurus|61\/100\n|-damage|p2a: Azumarill|30\/100|[from] item: Life Orb\n|move|p1a: Thundurus|Volt Switch|p2a: Azumarill\n|-supereffective|p2a: Azumarill\n|-damage|p2a: Azumarill|0 fnt\n|faint|p2a: Azumarill\n|\n|t:|1700465976\n|switch|p1a: Cinderace|Cinderace, F|100\/100|[from] Volt Switch\n|\n|upkeep\n|\n|t:|1700465985\n|switch|p2a: Ceruledge|Ceruledge, F|100\/100\n|turn|6\n|\n|t:|1700465990\n|switch|p1a: Alomomola|Alomomola, F|71\/100\n|move|p2a: Ceruledge|Swords Dance|p2a: Ceruledge\n|-boost|p2a: Ceruledge|atk|2\n|\n|upkeep\n|turn|7\n|\n|t:|1700466010\n|move|p2a: Ceruledge|Poltergeist|p1a: Alomomola\n|-activate|p1a: Alomomola|move: Poltergeist|Rocky Helmet\n|-damage|p1a: Alomomola|20\/100\n|move|p1a: Alomomola|Wish|p1a: Alomomola\n|\n|upkeep\n|turn|8\n|\n|t:|1700466019\n|move|p2a: Ceruledge|Poltergeist|p1a: Alomomola\n|-activate|p1a: Alomomola|move: Poltergeist|Rocky Helmet\n|-damage|p1a: Alomomola|0 fnt\n|faint|p1a: Alomomola\n|\n|upkeep\n|\n|t:|1700466026\n|switch|p1a: Thundurus|Thundurus-Therian, M|61\/100\n|turn|9\n|\n|t:|1700466034\n|-terastallize|p2a: Ceruledge|Fire\n|move|p1a: Thundurus|Thunderbolt|p2a: Ceruledge\n|-damage|p2a: Ceruledge|49\/100\n|move|p2a: Ceruledge|Bitter Blade|p1a: Thundurus\n|-damage|p1a: Thundurus|0 fnt\n|-heal|p2a: Ceruledge|78\/100|[from] drain|[of] p1a: Thundurus\n|faint|p1a: Thundurus\n|\n|-heal|p2a: Ceruledge|84\/100|[from] item: Leftovers\n|upkeep\n|\n|t:|1700466044\n|switch|p1a: Dragonite|Dragonite, F|100\/100\n|turn|10\n|\n|t:|1700466051\n|move|p1a: Dragonite|Dragon Dance|p1a: Dragonite\n|-boost|p1a: Dragonite|atk|1\n|-boost|p1a: Dragonite|spe|1\n|move|p2a: Ceruledge|Bitter Blade|p1a: Dragonite\n|-resisted|p1a: Dragonite\n|-damage|p1a: Dragonite|68\/100\n|-heal|p2a: Ceruledge|100\/100|[from] drain|[of] p1a: Dragonite\n|\n|upkeep\n|turn|11\n|\n|t:|1700466059\n|move|p1a: Dragonite|Roost|p1a: Dragonite\n|-heal|p1a: Dragonite|100\/100\n|-singleturn|p1a: Dragonite|move: Roost\n|move|p2a: Ceruledge|Bitter Blade|p1a: Dragonite\n|-resisted|p1a: Dragonite\n|-damage|p1a: Dragonite|72\/100\n|\n|upkeep\n|turn|12\n|\n|t:|1700466067\n|move|p1a: Dragonite|Roost|p1a: Dragonite\n|-heal|p1a: Dragonite|100\/100\n|-singleturn|p1a: Dragonite|move: Roost\n|move|p2a: Ceruledge|Swords Dance|p2a: Ceruledge\n|-boost|p2a: Ceruledge|atk|2\n|\n|upkeep\n|turn|13\n|\n|t:|1700466078\n|move|p1a: Dragonite|Earthquake|p2a: Ceruledge\n|-supereffective|p2a: Ceruledge\n|-damage|p2a: Ceruledge|0 fnt\n|faint|p2a: Ceruledge\n|\n|upkeep\n|\n|t:|1700466085\n|switch|p2a: Clefairy|Clefairy, M|100\/100\n|turn|14\n|\n|t:|1700466094\n|-terastallize|p1a: Dragonite|Normal\n|move|p1a: Dragonite|Extreme Speed|p2a: Clefairy\n|-damage|p2a: Clefairy|27\/100\n|move|p2a: Clefairy|Moonblast|p1a: Dragonite\n|-damage|p1a: Dragonite|88\/100\n|\n|upkeep\n|turn|15\n|-message|juddle_poke forfeited.\n|\n|win|Trainitar4\n|raw|Trainitar4's rating: 1000 &rarr; <strong>1040<\/strong><br \/>(+40 for winning)\n|raw|juddle_poke's rating: 1000 &rarr; <strong>1000<\/strong><br \/>(+0 for losing)\n|l|\u2606juddle_poke\n","uploadtime":1700466107,"views":10,"p1id":"trainitar4","p2id":"juddlepoke","formatid":"gen9ou","rating":1000,"private":0,"password":""}