{"id":"gen9ou-2000588272","p1":"JohnnyBoi21","p2":"ori9ewu98823","format":"[Gen 9] OU","log":"|j|\u2606JohnnyBoi21\n|j|\u2606ori9ewu98823\n|t:|1701208028\n|gametype|singles\n|player|p1|JohnnyBoi21|cynthia-gen4|1181\n|player|p2|ori9ewu98823|102|1074\n|teamsize|p1|6\n|teamsize|p2|6\n|gen|9\n|tier|[Gen 9] OU\n|rated|\n|rule|Sleep Clause Mod: Limit one foe put to sleep\n|rule|Species Clause: Limit one of each Pok\u00e9mon\n|rule|OHKO Clause: OHKO moves are banned\n|rule|Evasion Items Clause: Evasion items are banned\n|rule|Evasion Moves Clause: Evasion moves are banned\n|rule|Endless Battle Clause: Forcing endless battles is banned\n|rule|HP Percentage Mod: HP is shown in percentages\n|clearpoke\n|poke|p1|Garchomp, M|\n|poke|p1|Goodra-Hisui, M|\n|poke|p1|Kommo-o, M|\n|poke|p1|Ninetales-Alola, F|\n|poke|p1|Kingambit, F|\n|poke|p1|Corviknight, F|\n|poke|p2|Wo-Chien|\n|poke|p2|Talonflame, F|\n|poke|p2|Alomomola, M|\n|poke|p2|Blissey, F|\n|poke|p2|Cyclizar, F|\n|poke|p2|Clodsire, F|\n|teampreview\n|\n|t:|1701208041\n|start\n|switch|p1a: Kommo-o|Kommo-o, M|100\/100\n|switch|p2a: Kawasaki|Cyclizar, F|100\/100\n|turn|1\n|inactive|Battle timer is ON: inactive players will automatically lose when time's up. (requested by JohnnyBoi21)\n|\n|t:|1701208060\n|move|p2a: Kawasaki|U-turn|p1a: Kommo-o\n|-resisted|p1a: Kommo-o\n|-damage|p1a: Kommo-o|93\/100\n|\n|t:|1701208068\n|switch|p2a: Sir Clod|Clodsire, F|100\/100|[from] U-turn\n|move|p1a: Kommo-o|Clangorous Soul|p1a: Kommo-o\n|-boost|p1a: Kommo-o|atk|1\n|-boost|p1a: Kommo-o|def|1\n|-boost|p1a: Kommo-o|spa|1\n|-boost|p1a: Kommo-o|spd|1\n|-boost|p1a: Kommo-o|spe|1\n|-damage|p1a: Kommo-o|60\/100\n|-enditem|p1a: Kommo-o|Throat Spray\n|-boost|p1a: Kommo-o|spa|1|[from] item: Throat Spray\n|\n|upkeep\n|turn|2\n|\n|t:|1701208076\n|-terastallize|p1a: Kommo-o|Normal\n|move|p1a: Kommo-o|Boomburst|p2a: Sir Clod\n|-damage|p2a: Sir Clod|60\/100\n|move|p2a: Sir Clod|Counter||[still]\n|-fail|p2a: Sir Clod\n|\n|-heal|p2a: Sir Clod|66\/100|[from] item: Leftovers\n|upkeep\n|turn|3\n|\n|t:|1701208083\n|move|p1a: Kommo-o|Boomburst|p2a: Sir Clod\n|-crit|p2a: Sir Clod\n|-damage|p2a: Sir Clod|0 fnt\n|faint|p2a: Sir Clod\n|\n|upkeep\n|\n|t:|1701208092\n|switch|p2a: G\u00f6tterd\u00e4mmerung|Blissey, F|100\/100\n|turn|4\n|\n|t:|1701208096\n|move|p1a: Kommo-o|Boomburst|p2a: G\u00f6tterd\u00e4mmerung\n|-crit|p2a: G\u00f6tterd\u00e4mmerung\n|-damage|p2a: G\u00f6tterd\u00e4mmerung|47\/100\n|move|p2a: G\u00f6tterd\u00e4mmerung|Seismic Toss|p1a: Kommo-o\n|-damage|p1a: Kommo-o|26\/100\n|\n|upkeep\n|turn|5\n|\n|t:|1701208106\n|move|p1a: Kommo-o|Boomburst|p2a: G\u00f6tterd\u00e4mmerung\n|-damage|p2a: G\u00f6tterd\u00e4mmerung|11\/100\n|move|p2a: G\u00f6tterd\u00e4mmerung|Soft-Boiled|p2a: G\u00f6tterd\u00e4mmerung\n|-heal|p2a: G\u00f6tterd\u00e4mmerung|61\/100\n|\n|upkeep\n|turn|6\n|\n|t:|1701208117\n|switch|p1a: Garchomp|Garchomp, M|100\/100\n|move|p2a: G\u00f6tterd\u00e4mmerung|Calm Mind|p2a: G\u00f6tterd\u00e4mmerung\n|-boost|p2a: G\u00f6tterd\u00e4mmerung|spa|1\n|-boost|p2a: G\u00f6tterd\u00e4mmerung|spd|1\n|\n|upkeep\n|turn|7\n|\n|t:|1701208139\n|switch|p2a: Pink Blob Jr.|Alomomola, M|100\/100\n|move|p1a: Garchomp|Swords Dance|p1a: Garchomp\n|-boost|p1a: Garchomp|atk|2\n|\n|upkeep\n|turn|8\n|\n|t:|1701208145\n|move|p1a: Garchomp|Earthquake|p2a: Pink Blob Jr.\n|-damage|p2a: Pink Blob Jr.|31\/100\n|-damage|p1a: Garchomp|91\/100|[from] item: Life Orb\n|move|p2a: Pink Blob Jr.|Scald|p1a: Garchomp\n|-damage|p1a: Garchomp|77\/100\n|\n|upkeep\n|turn|9\n|\n|t:|1701208152\n|switch|p2a: Stuka|Talonflame, F|100\/100\n|move|p1a: Garchomp|Scale Shot|p2a: Stuka\n|-damage|p2a: Stuka|71\/100\n|-damage|p2a: Stuka|38\/100\n|-hitcount|p2a: Stuka|2\n|-unboost|p1a: Garchomp|def|1\n|-boost|p1a: Garchomp|spe|1\n|-damage|p1a: Garchomp|67\/100|[from] item: Life Orb\n|\n|upkeep\n|turn|10\n|c|\u2606JohnnyBoi21|so predictable\n|\n|t:|1701208162\n|move|p1a: Garchomp|Scale Shot|p2a: Stuka\n|-damage|p2a: Stuka|9\/100\n|-damage|p2a: Stuka|0 fnt\n|faint|p2a: Stuka\n|-hitcount|p2: Stuka|2\n|-unboost|p1a: Garchomp|def|1\n|-boost|p1a: Garchomp|spe|1\n|-damage|p1a: Garchomp|57\/100|[from] item: Life Orb\n|\n|upkeep\n|\n|t:|1701208174\n|switch|p2a: Ozymandias|Wo-Chien|100\/100\n|-ability|p2a: Ozymandias|Tablets of Ruin\n|turn|11\n|\n|t:|1701208182\n|move|p1a: Garchomp|Scale Shot|p2a: Ozymandias\n|-damage|p2a: Ozymandias|82\/100\n|-damage|p2a: Ozymandias|67\/100\n|-hitcount|p2a: Ozymandias|2\n|-unboost|p1a: Garchomp|def|1\n|-boost|p1a: Garchomp|spe|1\n|-damage|p1a: Garchomp|48\/100|[from] item: Life Orb\n|move|p2a: Ozymandias|Foul Play|p1a: Garchomp\n|-damage|p1a: Garchomp|0 fnt\n|-damage|p2a: Ozymandias|55\/100|[from] ability: Rough Skin|[of] p1a: Garchomp\n|faint|p1a: Garchomp\n|\n|-heal|p2a: Ozymandias|61\/100|[from] item: Leftovers\n|upkeep\n|\n|t:|1701208187\n|switch|p1a: Ninetales|Ninetales-Alola, F|100\/100\n|-weather|Snow|[from] ability: Snow Warning|[of] p1a: Ninetales\n|turn|12\n|\n|t:|1701208193\n|switch|p2a: G\u00f6tterd\u00e4mmerung|Blissey, F|61\/100\n|move|p1a: Ninetales|Blizzard|p2a: G\u00f6tterd\u00e4mmerung\n|-damage|p2a: G\u00f6tterd\u00e4mmerung|49\/100\n|\n|-weather|Snow|[upkeep]\n|upkeep\n|turn|13\n|\n|t:|1701208199\n|switch|p1a: Corviknight|Corviknight, F|100\/100\n|move|p2a: G\u00f6tterd\u00e4mmerung|Soft-Boiled|p2a: G\u00f6tterd\u00e4mmerung\n|-heal|p2a: G\u00f6tterd\u00e4mmerung|99\/100\n|\n|-weather|Snow|[upkeep]\n|upkeep\n|turn|14\n|\n|t:|1701208204\n|switch|p2a: Pink Blob Jr.|Alomomola, M|65\/100\n|move|p1a: Corviknight|Iron Head|p2a: Pink Blob Jr.\n|-resisted|p2a: Pink Blob Jr.\n|-damage|p2a: Pink Blob Jr.|55\/100\n|-damage|p1a: Corviknight|84\/100|[from] item: Rocky Helmet|[of] p2a: Pink Blob Jr.\n|\n|-weather|Snow|[upkeep]\n|upkeep\n|turn|15\n|\n|t:|1701208213\n|switch|p1a: Dialga at home|Goodra-Hisui, M|100\/100\n|move|p2a: Pink Blob Jr.|Wish|p2a: Pink Blob Jr.\n|\n|-weather|Snow|[upkeep]\n|upkeep\n|turn|16\n|\n|t:|1701208231\n|switch|p1a: Corviknight|Corviknight, F|84\/100\n|switch|p2a: Ozymandias|Wo-Chien|61\/100\n|-ability|p2a: Ozymandias|Tablets of Ruin\n|\n|-weather|none\n|-heal|p2a: Ozymandias|100\/100|[from] move: Wish|[wisher] Pink Blob Jr.\n|upkeep\n|turn|17\n|\n|t:|1701208240\n|move|p1a: Corviknight|U-turn|p2a: Ozymandias\n|-supereffective|p2a: Ozymandias\n|-damage|p2a: Ozymandias|63\/100\n|\n|t:|1701208248\n|switch|p1a: Dialga at home|Goodra-Hisui, M|100\/100|[from] U-turn\n|move|p2a: Ozymandias|Knock Off|p1a: Dialga at home\n|-damage|p1a: Dialga at home|71\/100\n|-enditem|p1a: Dialga at home|Choice Specs|[from] move: Knock Off|[of] p2a: Ozymandias\n|\n|-heal|p2a: Ozymandias|69\/100|[from] item: Leftovers\n|upkeep\n|turn|18\n|\n|t:|1701208258\n|switch|p2a: G\u00f6tterd\u00e4mmerung|Blissey, F|99\/100\n|switch|p1a: Corviknight|Corviknight, F|84\/100\n|\n|upkeep\n|turn|19\n|\n|t:|1701208265\n|switch|p1a: Dialga at home|Goodra-Hisui, M|71\/100\n|move|p2a: G\u00f6tterd\u00e4mmerung|Stealth Rock|p1a: Dialga at home\n|-sidestart|p1: JohnnyBoi21|move: Stealth Rock\n|\n|upkeep\n|turn|20\n|\n|t:|1701208273\n|switch|p1a: Corviknight|Corviknight, F|84\/100\n|-damage|p1a: Corviknight|72\/100|[from] Stealth Rock\n|move|p2a: G\u00f6tterd\u00e4mmerung|Seismic Toss|p1a: Corviknight\n|-damage|p1a: Corviknight|47\/100\n|-damage|p2a: G\u00f6tterd\u00e4mmerung|83\/100|[from] item: Rocky Helmet|[of] p1a: Corviknight\n|\n|upkeep\n|turn|21\n|\n|t:|1701208277\n|switch|p2a: Pink Blob Jr.|Alomomola, M|89\/100\n|move|p1a: Corviknight|Defog|p2a: Pink Blob Jr.\n|-unboost|p2a: Pink Blob Jr.|evasion|1\n|-sideend|p1: JohnnyBoi21|Stealth Rock|[from] move: Defog|[of] p1a: Corviknight\n|\n|upkeep\n|turn|22\n|\n|t:|1701208284\n|switch|p1a: Kommo-o|Kommo-o, M, tera:Normal|26\/100\n|move|p2a: Pink Blob Jr.|Whirlpool|p1a: Kommo-o\n|-damage|p1a: Kommo-o|18\/100\n|-activate|p1a: Kommo-o|move: Whirlpool|[of] p2a: Pink Blob Jr.\n|\n|-damage|p1a: Kommo-o|5\/100|[from] move: Whirlpool|[partiallytrapped]\n|upkeep\n|turn|23\n|\n|t:|1701208291\n|move|p2a: Pink Blob Jr.|Protect|p2a: Pink Blob Jr.\n|-singleturn|p2a: Pink Blob Jr.|Protect\n|move|p1a: Kommo-o|Boomburst|p2a: Pink Blob Jr.\n|-activate|p2a: Pink Blob Jr.|move: Protect\n|\n|-damage|p1a: Kommo-o|0 fnt|[from] move: Whirlpool|[partiallytrapped]\n|faint|p1a: Kommo-o\n|upkeep\n|\n|t:|1701208303\n|switch|p1a: Dialga at home|Goodra-Hisui, M|71\/100\n|turn|24\n|\n|t:|1701208315\n|switch|p1a: Corviknight|Corviknight, F|47\/100\n|switch|p2a: G\u00f6tterd\u00e4mmerung|Blissey, F|83\/100\n|\n|upkeep\n|turn|25\n|\n|t:|1701208319\n|switch|p2a: Pink Blob Jr.|Alomomola, M|100\/100\n|move|p1a: Corviknight|Iron Head|p2a: Pink Blob Jr.\n|-resisted|p2a: Pink Blob Jr.\n|-damage|p2a: Pink Blob Jr.|91\/100\n|-damage|p1a: Corviknight|30\/100|[from] item: Rocky Helmet|[of] p2a: Pink Blob Jr.\n|\n|upkeep\n|turn|26\n|\n|t:|1701208328\n|switch|p1a: Dialga at home|Goodra-Hisui, M|71\/100\n|move|p2a: Pink Blob Jr.|Whirlpool|p1a: Dialga at home|[miss]\n|-miss|p2a: Pink Blob Jr.|p1a: Dialga at home\n|\n|upkeep\n|turn|27\n|\n|t:|1701208334\n|switch|p2a: G\u00f6tterd\u00e4mmerung|Blissey, F|83\/100\n|move|p1a: Dialga at home|Thunderbolt|p2a: G\u00f6tterd\u00e4mmerung\n|-damage|p2a: G\u00f6tterd\u00e4mmerung|73\/100\n|\n|upkeep\n|turn|28\n|\n|t:|1701208341\n|switch|p1a: Corviknight|Corviknight, F|30\/100\n|move|p2a: G\u00f6tterd\u00e4mmerung|Seismic Toss|p1a: Corviknight\n|-damage|p1a: Corviknight|5\/100\n|-damage|p2a: G\u00f6tterd\u00e4mmerung|56\/100|[from] item: Rocky Helmet|[of] p1a: Corviknight\n|\n|upkeep\n|turn|29\n|\n|t:|1701208352\n|switch|p2a: Pink Blob Jr.|Alomomola, M|100\/100\n|move|p1a: Corviknight|U-turn|p2a: Pink Blob Jr.\n|-damage|p2a: Pink Blob Jr.|89\/100\n|-damage|p1a: Corviknight|0 fnt|[from] item: Rocky Helmet|[of] p2a: Pink Blob Jr.\n|faint|p1a: Corviknight\n|\n|upkeep\n|\n|t:|1701208355\n|switch|p1a: Dialga at home|Goodra-Hisui, M|71\/100\n|turn|30\n|\n|t:|1701208362\n|switch|p2a: G\u00f6tterd\u00e4mmerung|Blissey, F|56\/100\n|move|p1a: Dialga at home|Draco Meteor|p2a: G\u00f6tterd\u00e4mmerung\n|-damage|p2a: G\u00f6tterd\u00e4mmerung|37\/100\n|-unboost|p1a: Dialga at home|spa|2\n|\n|upkeep\n|turn|31\n|\n|t:|1701208367\n|switch|p1a: Kingambit|Kingambit, F|100\/100\n|-activate|p1a: Kingambit|ability: Supreme Overlord\n|-start|p1a: Kingambit|fallen3|[silent]\n|move|p2a: G\u00f6tterd\u00e4mmerung|Soft-Boiled|p2a: G\u00f6tterd\u00e4mmerung\n|-heal|p2a: G\u00f6tterd\u00e4mmerung|87\/100\n|\n|upkeep\n|turn|32\n|\n|t:|1701208373\n|switch|p2a: Pink Blob Jr.|Alomomola, M|100\/100\n|move|p1a: Kingambit|Kowtow Cleave|p2a: Pink Blob Jr.\n|-damage|p2a: Pink Blob Jr.|65\/100\n|-damage|p1a: Kingambit|84\/100|[from] item: Rocky Helmet|[of] p2a: Pink Blob Jr.\n|\n|upkeep\n|turn|33\n|\n|t:|1701208380\n|-end|p1a: Kingambit|fallen3|[silent]\n|switch|p1a: Dialga at home|Goodra-Hisui, M|71\/100\n|move|p2a: Pink Blob Jr.|Wish|p2a: Pink Blob Jr.\n|\n|upkeep\n|turn|34\n|\n|t:|1701208387\n|switch|p2a: Ozymandias|Wo-Chien|69\/100\n|-ability|p2a: Ozymandias|Tablets of Ruin\n|move|p1a: Dialga at home|Thunderbolt|p2a: Ozymandias\n|-resisted|p2a: Ozymandias\n|-damage|p2a: Ozymandias|59\/100\n|\n|-heal|p2a: Ozymandias|100\/100|[from] move: Wish|[wisher] Pink Blob Jr.\n|upkeep\n|turn|35\n|\n|t:|1701208395\n|switch|p1a: Ninetales|Ninetales-Alola, F|100\/100\n|-weather|Snow|[from] ability: Snow Warning|[of] p1a: Ninetales\n|move|p2a: Ozymandias|Knock Off|p1a: Ninetales\n|-resisted|p1a: Ninetales\n|-damage|p1a: Ninetales|86\/100\n|-enditem|p1a: Ninetales|Heavy-Duty Boots|[from] move: Knock Off|[of] p2a: Ozymandias\n|\n|-weather|Snow|[upkeep]\n|upkeep\n|turn|36\n|\n|t:|1701208401\n|switch|p2a: G\u00f6tterd\u00e4mmerung|Blissey, F|87\/100\n|move|p1a: Ninetales|Blizzard|p2a: G\u00f6tterd\u00e4mmerung\n|-damage|p2a: G\u00f6tterd\u00e4mmerung|74\/100\n|\n|-weather|Snow|[upkeep]\n|upkeep\n|turn|37\n|\n|t:|1701208406\n|move|p1a: Ninetales|Nasty Plot|p1a: Ninetales\n|-boost|p1a: Ninetales|spa|2\n|move|p2a: G\u00f6tterd\u00e4mmerung|Stealth Rock|p1a: Ninetales\n|-sidestart|p1: JohnnyBoi21|move: Stealth Rock\n|\n|-weather|Snow|[upkeep]\n|upkeep\n|turn|38\n|\n|t:|1701208417\n|move|p1a: Ninetales|Blizzard|p2a: G\u00f6tterd\u00e4mmerung\n|-damage|p2a: G\u00f6tterd\u00e4mmerung|50\/100\n|move|p2a: G\u00f6tterd\u00e4mmerung|Calm Mind|p2a: G\u00f6tterd\u00e4mmerung\n|-boost|p2a: G\u00f6tterd\u00e4mmerung|spa|1\n|-boost|p2a: G\u00f6tterd\u00e4mmerung|spd|1\n|\n|-weather|Snow|[upkeep]\n|upkeep\n|turn|39\n|\n|t:|1701208425\n|move|p1a: Ninetales|Nasty Plot|p1a: Ninetales\n|-boost|p1a: Ninetales|spa|2\n|move|p2a: G\u00f6tterd\u00e4mmerung|Soft-Boiled|p2a: G\u00f6tterd\u00e4mmerung\n|-heal|p2a: G\u00f6tterd\u00e4mmerung|99\/100\n|\n|-weather|none\n|upkeep\n|turn|40\n|\n|t:|1701208433\n|move|p1a: Ninetales|Dazzling Gleam|p2a: G\u00f6tterd\u00e4mmerung\n|-damage|p2a: G\u00f6tterd\u00e4mmerung|82\/100\n|move|p2a: G\u00f6tterd\u00e4mmerung|Calm Mind|p2a: G\u00f6tterd\u00e4mmerung\n|-boost|p2a: G\u00f6tterd\u00e4mmerung|spa|1\n|-boost|p2a: G\u00f6tterd\u00e4mmerung|spd|1\n|\n|upkeep\n|turn|41\n|\n|t:|1701208438\n|switch|p1a: Kingambit|Kingambit, F|84\/100\n|-damage|p1a: Kingambit|78\/100|[from] Stealth Rock\n|-activate|p1a: Kingambit|ability: Supreme Overlord\n|-start|p1a: Kingambit|fallen3|[silent]\n|move|p2a: G\u00f6tterd\u00e4mmerung|Seismic Toss|p1a: Kingambit\n|-damage|p1a: Kingambit|53\/100\n|\n|upkeep\n|turn|42\n|\n|t:|1701208442\n|switch|p2a: Pink Blob Jr.|Alomomola, M|98\/100\n|move|p1a: Kingambit|Kowtow Cleave|p2a: Pink Blob Jr.\n|-damage|p2a: Pink Blob Jr.|64\/100\n|-damage|p1a: Kingambit|36\/100|[from] item: Rocky Helmet|[of] p2a: Pink Blob Jr.\n|\n|upkeep\n|turn|43\n|c|\u2606JohnnyBoi21|u are a sad excuse for a human being\n|-message|JohnnyBoi21 forfeited.\n|\n|win|ori9ewu98823\n|raw|JohnnyBoi21's rating: 1181 &rarr; <strong>1149<\/strong><br \/>(-32 for losing)\n|raw|ori9ewu98823's rating: 1074 &rarr; <strong>1112<\/strong><br \/>(+38 for winning)\n|l|\u2606JohnnyBoi21\n|l|\u2606ori9ewu98823\n|j| regiface\n|c| regiface|gg noob\n|c| regiface|outplayed\n","uploadtime":1701208600,"views":0,"p1id":"johnnyboi21","p2id":"ori9ewu98823","formatid":"gen9ou","rating":1112,"private":0,"password":""}