{"id":"gen9ou-1993206483","p1":"Gatrekd","p2":"CalamityofGaia","format":"[Gen 9] OU","log":"|j|\u2606Gatrekd\n|j|\u2606CalamityofGaia\n|t:|1700277984\n|gametype|singles\n|player|p1|Gatrekd|palmer|1073\n|player|p2|CalamityofGaia|102|1124\n|teamsize|p1|6\n|teamsize|p2|6\n|gen|9\n|tier|[Gen 9] OU\n|rated|\n|rule|Sleep Clause Mod: Limit one foe put to sleep\n|rule|Species Clause: Limit one of each Pok\u00e9mon\n|rule|OHKO Clause: OHKO moves are banned\n|rule|Evasion Items Clause: Evasion items are banned\n|rule|Evasion Moves Clause: Evasion moves are banned\n|rule|Endless Battle Clause: Forcing endless battles is banned\n|rule|HP Percentage Mod: HP is shown in percentages\n|clearpoke\n|poke|p1|Dragapult, F|\n|poke|p1|Garganacl, M|\n|poke|p1|Azumarill, F|\n|poke|p1|Sneasler, F|\n|poke|p1|Meowscarada, M|\n|poke|p1|Cinderace, M|\n|poke|p2|Cinderace, F|\n|poke|p2|Sneasler, M|\n|poke|p2|Infernape, F|\n|poke|p2|Gligar, M|\n|poke|p2|Slowbro-Galar, F|\n|poke|p2|Walking Wake|\n|teampreview\n|\n|t:|1700277996\n|start\n|switch|p1a: Meowscarada|Meowscarada, M|100\/100\n|switch|p2a: Gligar|Gligar, M|100\/100\n|turn|1\n|\n|t:|1700278002\n|move|p1a: Meowscarada|Flower Trick|p2a: Gligar\n|-start|p1a: Meowscarada|typechange|Grass|[from] ability: Protean\n|-crit|p2a: Gligar\n|-damage|p2a: Gligar|66\/100\n|-damage|p1a: Meowscarada|91\/100|[from] item: Life Orb\n|move|p2a: Gligar|Tailwind|p2a: Gligar\n|-sidestart|p2: CalamityofGaia|move: Tailwind\n|\n|upkeep\n|turn|2\n|\n|t:|1700278014\n|move|p2a: Gligar|Knock Off|p1a: Meowscarada\n|-damage|p1a: Meowscarada|62\/100\n|-enditem|p1a: Meowscarada|Life Orb|[from] move: Knock Off|[of] p2a: Gligar\n|move|p1a: Meowscarada|Shadow Claw|p2a: Gligar\n|-damage|p2a: Gligar|53\/100\n|\n|upkeep\n|turn|3\n|\n|t:|1700278025\n|switch|p1a: Azumarill|Azumarill, F|100\/100\n|move|p2a: Gligar|Toxic|p1a: Azumarill\n|-status|p1a: Azumarill|tox\n|\n|-damage|p1a: Azumarill|94\/100 tox|[from] psn\n|upkeep\n|turn|4\n|\n|t:|1700278037\n|switch|p2a: Slowbro|Slowbro-Galar, F|100\/100\n|move|p1a: Azumarill|Belly Drum|p1a: Azumarill\n|-damage|p1a: Azumarill|44\/100 tox\n|-setboost|p1a: Azumarill|atk|6|[from] move: Belly Drum\n|-enditem|p1a: Azumarill|Sitrus Berry|[eat]\n|-heal|p1a: Azumarill|69\/100 tox|[from] item: Sitrus Berry\n|\n|-damage|p1a: Azumarill|57\/100 tox|[from] psn\n|-sideend|p2: CalamityofGaia|move: Tailwind\n|upkeep\n|turn|5\n|\n|t:|1700278048\n|-terastallize|p1a: Azumarill|Water\n|move|p1a: Azumarill|Aqua Jet|p2a: Slowbro\n|-damage|p2a: Slowbro|0 fnt\n|faint|p2a: Slowbro\n|\n|-damage|p1a: Azumarill|38\/100 tox|[from] psn\n|upkeep\n|inactive|Battle timer is ON: inactive players will automatically lose when time's up. (requested by Gatrekd)\n|\n|t:|1700278066\n|switch|p2a: Infernape|Infernape, F|100\/100\n|turn|6\n|\n|t:|1700278068\n|switch|p2a: Walking Wake|Walking Wake|100\/100\n|move|p1a: Azumarill|Aqua Jet|p2a: Walking Wake\n|-resisted|p2a: Walking Wake\n|-damage|p2a: Walking Wake|62\/100\n|\n|-damage|p1a: Azumarill|14\/100 tox|[from] psn\n|upkeep\n|turn|7\n|\n|t:|1700278079\n|-end|p2a: Walking Wake|Protosynthesis|[silent]\n|switch|p2a: Gligar|Gligar, M|53\/100\n|move|p1a: Azumarill|Aqua Jet|p2a: Gligar\n|-supereffective|p2a: Gligar\n|-damage|p2a: Gligar|0 fnt\n|faint|p2a: Gligar\n|\n|-damage|p1a: Azumarill|0 fnt|[from] psn\n|faint|p1a: Azumarill\n|upkeep\n|\n|t:|1700278091\n|switch|p2a: Sneasler|Sneasler, M|100\/100\n|switch|p1a: Dragapult|Dragapult, F|100\/100\n|-item|p2a: Sneasler|Air Balloon\n|turn|8\n|\n|t:|1700278101\n|move|p1a: Dragapult|Dragon Darts|p2a: Sneasler\n|-damage|p2a: Sneasler|43\/100\n|-enditem|p2a: Sneasler|Air Balloon\n|-anim|p1a: Dragapult|Dragon Darts|p2a: Sneasler\n|-damage|p2a: Sneasler|0 fnt\n|faint|p2a: Sneasler\n|-damage|p1a: Dragapult|91\/100|[from] item: Life Orb\n|\n|upkeep\n|\n|t:|1700278111\n|switch|p2a: Infernape|Infernape, F|100\/100\n|turn|9\n|\n|t:|1700278115\n|move|p2a: Infernape|Flame Charge|p1a: Dragapult\n|-resisted|p1a: Dragapult\n|-damage|p1a: Dragapult|72\/100\n|-boost|p2a: Infernape|spe|1\n|-damage|p2a: Infernape|91\/100|[from] item: Life Orb\n|move|p1a: Dragapult|Dragon Tail|p2a: Infernape\n|-damage|p2a: Infernape|22\/100\n|-damage|p1a: Dragapult|62\/100|[from] item: Life Orb\n|drag|p2a: Walking Wake|Walking Wake|62\/100\n|\n|upkeep\n|turn|10\n|\n|t:|1700278127\n|move|p1a: Dragapult|Dragon Darts|p2a: Walking Wake\n|-supereffective|p2a: Walking Wake\n|-damage|p2a: Walking Wake|0 fnt\n|faint|p2a: Walking Wake\n|-end|p2a: Walking Wake|Protosynthesis|[silent]\n|-damage|p1a: Dragapult|52\/100|[from] item: Life Orb\n|\n|upkeep\n|\n|t:|1700278132\n|switch|p2a: Infernape|Infernape, F|22\/100\n|turn|11\n|\n|t:|1700278135\n|move|p1a: Dragapult|Dragon Darts|p2a: Infernape\n|-damage|p2a: Infernape|0 fnt\n|faint|p2a: Infernape\n|-damage|p1a: Dragapult|42\/100|[from] item: Life Orb\n|\n|upkeep\n|\n|t:|1700278137\n|switch|p2a: Cinderace|Cinderace, F|100\/100\n|turn|12\n|-message|CalamityofGaia forfeited.\n|\n|win|Gatrekd\n|raw|Gatrekd's rating: 1073 &rarr; <strong>1106<\/strong><br \/>(+33 for winning)\n|raw|CalamityofGaia's rating: 1124 &rarr; <strong>1095<\/strong><br \/>(-29 for losing)\n|l|\u2606CalamityofGaia\n|c|\u2606Gatrekd|gg\n","uploadtime":1700278148,"views":23,"p1id":"gatrekd","p2id":"calamityofgaia","formatid":"gen9ou","rating":1095,"private":0,"password":""}