{"id":"gen9ou-1999508243","p1":"Euzebio","p2":"Diatere","format":"[Gen 9] OU","log":"|j|\u2606Euzebio\n|j|\u2606Diatere\n|t:|1701090526\n|gametype|singles\n|player|p1|Euzebio|swimmer-gen4dp|1404\n|player|p2|Diatere|mina|1451\n|teamsize|p1|6\n|teamsize|p2|6\n|gen|9\n|tier|[Gen 9] OU\n|rated|\n|rule|Sleep Clause Mod: Limit one foe put to sleep\n|rule|Species Clause: Limit one of each Pok\u00e9mon\n|rule|OHKO Clause: OHKO moves are banned\n|rule|Evasion Items Clause: Evasion items are banned\n|rule|Evasion Moves Clause: Evasion moves are banned\n|rule|Endless Battle Clause: Forcing endless battles is banned\n|rule|HP Percentage Mod: HP is shown in percentages\n|clearpoke\n|poke|p1|Kingambit, F|\n|poke|p1|Great Tusk|\n|poke|p1|Dragapult, M|\n|poke|p1|Ogerpon-Wellspring, F|\n|poke|p1|Blissey, F|\n|poke|p1|Zapdos|\n|poke|p2|Ninetales-Alola, M|\n|poke|p2|Hatterene, F|\n|poke|p2|Manaphy|\n|poke|p2|Ogerpon-Cornerstone, F|\n|poke|p2|Rillaboom, M|\n|poke|p2|Iron Valiant|\n|teampreview\n|\n|t:|1701090534\n|start\n|switch|p1a: Kikou|Kingambit, F|100\/100\n|switch|p2a: Tavros|Ninetales-Alola, M|100\/100\n|-weather|Snow|[from] ability: Snow Warning|[of] p2a: Tavros\n|turn|1\n|inactive|Battle timer is ON: inactive players will automatically lose when time's up. (requested by Euzebio)\n|\n|t:|1701090538\n|move|p2a: Tavros|Aurora Veil|p2a: Tavros\n|-sidestart|p2: Diatere|move: Aurora Veil\n|move|p1a: Kikou|Iron Head|p2a: Tavros\n|-supereffective|p2a: Tavros\n|-damage|p2a: Tavros|21\/100\n|\n|-weather|Snow|[upkeep]\n|upkeep\n|turn|2\n|\n|t:|1701090543\n|switch|p2a: Gamzee|Rillaboom, M|100\/100\n|-fieldstart|move: Grassy Terrain|[from] ability: Grassy Surge|[of] p2a: Gamzee\n|move|p1a: Kikou|Kowtow Cleave|p2a: Gamzee\n|-damage|p2a: Gamzee|76\/100\n|\n|-weather|Snow|[upkeep]\n|-heal|p2a: Gamzee|82\/100|[from] Grassy Terrain\n|upkeep\n|turn|3\n|\n|t:|1701090551\n|move|p2a: Gamzee|U-turn|p1a: Kikou\n|-damage|p1a: Kikou|70\/100\n|\n|t:|1701090559\n|switch|p2a: Kanaya|Hatterene, F|100\/100|[from] U-turn\n|-enditem|p2a: Kanaya|Grassy Seed\n|-boost|p2a: Kanaya|def|1|[from] item: Grassy Seed\n|move|p1a: Kikou|Kowtow Cleave|p2a: Kanaya\n|-damage|p2a: Kanaya|87\/100\n|\n|-weather|Snow|[upkeep]\n|-heal|p1a: Kikou|76\/100|[from] Grassy Terrain\n|-heal|p1a: Kikou|82\/100|[from] item: Leftovers\n|-heal|p2a: Kanaya|93\/100|[from] Grassy Terrain\n|upkeep\n|turn|4\n|\n|t:|1701090566\n|move|p1a: Kikou|Swords Dance|p1a: Kikou\n|-boost|p1a: Kikou|atk|2\n|move|p2a: Kanaya|Calm Mind|p2a: Kanaya\n|-boost|p2a: Kanaya|spa|1\n|-boost|p2a: Kanaya|spd|1\n|\n|-weather|Snow|[upkeep]\n|-heal|p1a: Kikou|89\/100|[from] Grassy Terrain\n|-heal|p1a: Kikou|95\/100|[from] item: Leftovers\n|-heal|p2a: Kanaya|99\/100|[from] Grassy Terrain\n|upkeep\n|turn|5\n|\n|t:|1701090568\n|move|p1a: Kikou|Iron Head|p2a: Kanaya\n|-supereffective|p2a: Kanaya\n|-damage|p2a: Kanaya|49\/100\n|cant|p2a: Kanaya|flinch\n|\n|-weather|none\n|-heal|p1a: Kikou|100\/100|[from] Grassy Terrain\n|-heal|p2a: Kanaya|55\/100|[from] Grassy Terrain\n|upkeep\n|turn|6\n|\n|t:|1701090575\n|move|p1a: Kikou|Iron Head|p2a: Kanaya\n|-supereffective|p2a: Kanaya\n|-damage|p2a: Kanaya|0 fnt\n|faint|p2a: Kanaya\n|\n|-fieldend|move: Grassy Terrain\n|upkeep\n|c|\u2606Diatere|unfortunate doesn't begin to describe\n|\n|t:|1701090590\n|switch|p2a: Karkat|Manaphy|100\/100\n|turn|7\n|c|\u2606Euzebio|lol\n|\n|t:|1701090599\n|-end|p1a: Kikou|fallenundefined|[silent]\n|switch|p1a: Bibou|Blissey, F|100\/100\n|move|p2a: Karkat|Acid Armor|p2a: Karkat\n|-boost|p2a: Karkat|def|2\n|\n|upkeep\n|turn|8\n|\n|t:|1701090608\n|move|p2a: Karkat|Take Heart|p2a: Karkat\n|-boost|p2a: Karkat|spa|1\n|-boost|p2a: Karkat|spd|1\n|move|p1a: Bibou|Thunder Wave|p2a: Karkat\n|-status|p2a: Karkat|par\n|\n|-sideend|p2: Diatere|move: Aurora Veil\n|upkeep\n|turn|9\n|\n|t:|1701090618\n|move|p1a: Bibou|Seismic Toss|p2a: Karkat\n|-damage|p2a: Karkat|75\/100 par\n|move|p2a: Karkat|Take Heart|p2a: Karkat\n|-boost|p2a: Karkat|spa|1\n|-boost|p2a: Karkat|spd|1\n|-curestatus|p2a: Karkat|par|[msg]\n|\n|-heal|p2a: Karkat|81\/100|[from] item: Leftovers\n|upkeep\n|turn|10\n|\n|t:|1701090626\n|move|p2a: Karkat|Take Heart|p2a: Karkat\n|-boost|p2a: Karkat|spa|1\n|-boost|p2a: Karkat|spd|1\n|move|p1a: Bibou|Thunder Wave|p2a: Karkat|[miss]\n|-miss|p1a: Bibou|p2a: Karkat\n|\n|-heal|p2a: Karkat|87\/100|[from] item: Leftovers\n|upkeep\n|turn|11\n|\n|t:|1701090632\n|move|p2a: Karkat|Take Heart|p2a: Karkat\n|-boost|p2a: Karkat|spa|1\n|-boost|p2a: Karkat|spd|1\n|move|p1a: Bibou|Seismic Toss|p2a: Karkat\n|-damage|p2a: Karkat|62\/100\n|\n|-heal|p2a: Karkat|68\/100|[from] item: Leftovers\n|upkeep\n|turn|12\n|\n|t:|1701090638\n|move|p2a: Karkat|Stored Power|p1a: Bibou\n|-damage|p1a: Bibou|19\/100\n|move|p1a: Bibou|Seismic Toss|p2a: Karkat\n|-damage|p2a: Karkat|42\/100\n|\n|-heal|p2a: Karkat|48\/100|[from] item: Leftovers\n|-heal|p1a: Bibou|25\/100|[from] item: Leftovers\n|upkeep\n|turn|13\n|\n|t:|1701090643\n|move|p2a: Karkat|Stored Power|p1a: Bibou\n|-damage|p1a: Bibou|0 fnt\n|faint|p1a: Bibou\n|\n|-heal|p2a: Karkat|55\/100|[from] item: Leftovers\n|upkeep\n|\n|t:|1701090646\n|switch|p1a: Kikou|Kingambit, F|100\/100\n|-activate|p1a: Kikou|ability: Supreme Overlord\n|-start|p1a: Kikou|fallen1|[silent]\n|turn|14\n|\n|t:|1701090654\n|-end|p1a: Kikou|fallen1|[silent]\n|switch|p1a: UwU|Ogerpon-Wellspring, F|100\/100\n|move|p2a: Karkat|Scald|p1a: UwU\n|-immune|p1a: UwU|[from] ability: Water Absorb\n|\n|-heal|p2a: Karkat|61\/100|[from] item: Leftovers\n|upkeep\n|turn|15\n|\n|t:|1701090659\n|move|p1a: UwU|Power Whip|p2a: Karkat|[miss]\n|-miss|p1a: UwU|p2a: Karkat\n|move|p2a: Karkat|Stored Power|p1a: UwU\n|-damage|p1a: UwU|0 fnt\n|faint|p1a: UwU\n|\n|-heal|p2a: Karkat|67\/100|[from] item: Leftovers\n|upkeep\n|-message|Euzebio forfeited.\n|\n|win|Diatere\n|raw|Euzebio's rating: 1404 &rarr; <strong>1387<\/strong><br \/>(-17 for losing)\n|raw|Diatere's rating: 1451 &rarr; <strong>1468<\/strong><br \/>(+17 for winning)\n|l|\u2606Euzebio\n","uploadtime":1701090678,"views":2,"p1id":"euzebio","p2id":"diatere","formatid":"gen9ou","rating":1387,"private":0,"password":""}