{"id":"gen9ou-1992155467","p1":"JoTaqLo","p2":"timetimeplsnotagan","format":"[Gen 9] OU","log":"|j|\u2606JoTaqLo\n|j|\u2606timetimeplsnotagan\n|t:|1700159623\n|gametype|singles\n|player|p1|JoTaqLo|265|1148\n|player|p2|timetimeplsnotagan|pokefan-gen4|1048\n|teamsize|p1|6\n|teamsize|p2|6\n|gen|9\n|tier|[Gen 9] OU\n|rated|\n|rule|Sleep Clause Mod: Limit one foe put to sleep\n|rule|Species Clause: Limit one of each Pok\u00e9mon\n|rule|OHKO Clause: OHKO moves are banned\n|rule|Evasion Items Clause: Evasion items are banned\n|rule|Evasion Moves Clause: Evasion moves are banned\n|rule|Endless Battle Clause: Forcing endless battles is banned\n|rule|HP Percentage Mod: HP is shown in percentages\n|clearpoke\n|poke|p1|Okidogi, M|\n|poke|p1|Toxapex, F|\n|poke|p1|Corviknight, F|\n|poke|p1|Dragapult, M|\n|poke|p1|Infernape, F|\n|poke|p1|Empoleon, M|\n|poke|p2|Ursaluna, F|\n|poke|p2|Walking Wake|\n|poke|p2|Glastrier|\n|poke|p2|Slowking-Galar, M|\n|poke|p2|Torkoal, F|\n|poke|p2|Scream Tail|\n|teampreview\n|\n|t:|1700159630\n|start\n|switch|p1a: Okidogi|Okidogi, M|100\/100\n|switch|p2a: Sunny Wavery|Scream Tail|100\/100\n|turn|1\n|\n|t:|1700159637\n|-terastallize|p2a: Sunny Wavery|Steel\n|-terastallize|p1a: Okidogi|Water\n|move|p2a: Sunny Wavery|Trick|p1a: Okidogi\n|-activate|p2a: Sunny Wavery|move: Trick|[of] p1a: Okidogi\n|-item|p1a: Okidogi|Choice Scarf|[from] move: Trick\n|-item|p2a: Sunny Wavery|Leftovers|[from] move: Trick\n|move|p1a: Okidogi|Bulk Up|p1a: Okidogi\n|-boost|p1a: Okidogi|atk|1\n|-boost|p1a: Okidogi|def|1\n|\n|upkeep\n|turn|2\n|\n|t:|1700159651\n|switch|p1a: Corviknight|Corviknight, F|100\/100\n|move|p2a: Sunny Wavery|Trick Room|p2a: Sunny Wavery\n|-fieldstart|move: Trick Room|[of] p2a: Sunny Wavery\n|\n|upkeep\n|turn|3\n|\n|t:|1700159658\n|-end|p2a: Sunny Wavery|Protosynthesis|[silent]\n|switch|p2a: High ass fuck|Torkoal, F|100\/100\n|-weather|SunnyDay|[from] ability: Drought|[of] p2a: High ass fuck\n|-item|p2a: High ass fuck|Air Balloon\n|move|p1a: Corviknight|Iron Head|p2a: High ass fuck\n|-resisted|p2a: High ass fuck\n|-damage|p2a: High ass fuck|87\/100\n|-enditem|p2a: High ass fuck|Air Balloon\n|\n|-weather|SunnyDay|[upkeep]\n|upkeep\n|turn|4\n|\n|t:|1700159668\n|switch|p1a: Toxapex|Toxapex, F|100\/100\n|move|p2a: High ass fuck|Earth Power|p1a: Toxapex\n|-supereffective|p1a: Toxapex\n|-crit|p1a: Toxapex\n|-damage|p1a: Toxapex|36\/100\n|\n|-weather|SunnyDay|[upkeep]\n|-heal|p1a: Toxapex|42\/100|[from] item: Black Sludge\n|upkeep\n|turn|5\n|\n|t:|1700159676\n|move|p1a: Toxapex|Baneful Bunker|p1a: Toxapex\n|-singleturn|p1a: Toxapex|move: Protect\n|move|p2a: High ass fuck|Eruption|p1a: Toxapex\n|-activate|p1a: Toxapex|move: Protect\n|\n|-weather|SunnyDay|[upkeep]\n|-heal|p1a: Toxapex|49\/100|[from] item: Black Sludge\n|upkeep\n|turn|6\n|\n|t:|1700159686\n|switch|p1a: Corviknight|Corviknight, F|100\/100\n|move|p2a: High ass fuck|Earth Power|p1a: Corviknight\n|-immune|p1a: Corviknight\n|\n|-weather|SunnyDay|[upkeep]\n|-fieldend|move: Trick Room\n|upkeep\n|turn|7\n|\n|t:|1700159696\n|switch|p2a: Sunny Wavery|Scream Tail, tera:Steel|100\/100\n|-activate|p2a: Sunny Wavery|ability: Protosynthesis\n|-start|p2a: Sunny Wavery|protosynthesisspe\n|move|p1a: Corviknight|Defog|p2a: Sunny Wavery\n|-unboost|p2a: Sunny Wavery|evasion|1\n|\n|-weather|none\n|-end|p2a: Sunny Wavery|Protosynthesis\n|upkeep\n|turn|8\n|\n|t:|1700159707\n|move|p1a: Corviknight|Iron Head|p2a: Sunny Wavery\n|-resisted|p2a: Sunny Wavery\n|-damage|p2a: Sunny Wavery|87\/100\n|cant|p2a: Sunny Wavery|flinch\n|\n|-heal|p2a: Sunny Wavery|94\/100|[from] item: Leftovers\n|upkeep\n|turn|9\n|\n|t:|1700159714\n|switch|p1a: Infernape|Infernape, F|100\/100\n|move|p2a: Sunny Wavery|Trick Room|p2a: Sunny Wavery\n|-fieldstart|move: Trick Room|[of] p2a: Sunny Wavery\n|\n|-heal|p2a: Sunny Wavery|99\/100|[from] item: Leftovers\n|upkeep\n|turn|10\n|\n|t:|1700159729\n|switch|p1a: Empoleon|Empoleon, M|100\/100\n|-end|p2a: Sunny Wavery|Protosynthesis|[silent]\n|switch|p2a: Troom King Shroom|Slowking-Galar, M, shiny|100\/100\n|\n|upkeep\n|turn|11\n|\n|t:|1700159736\n|switch|p2a: Troom THE \ud83d\udc10|Glastrier|100\/100\n|move|p1a: Empoleon|Earthquake|p2a: Troom THE \ud83d\udc10\n|-damage|p2a: Troom THE \ud83d\udc10|80\/100\n|\n|upkeep\n|turn|12\n|\n|t:|1700159746\n|move|p2a: Troom THE \ud83d\udc10|Close Combat|p1a: Empoleon\n|-supereffective|p1a: Empoleon\n|-damage|p1a: Empoleon|0 fnt\n|-unboost|p2a: Troom THE \ud83d\udc10|def|1\n|-unboost|p2a: Troom THE \ud83d\udc10|spd|1\n|faint|p1a: Empoleon\n|-ability|p2a: Troom THE \ud83d\udc10|Chilling Neigh|boost\n|-boost|p2a: Troom THE \ud83d\udc10|atk|1\n|\n|upkeep\n|\n|t:|1700159753\n|switch|p1a: Toxapex|Toxapex, F|82\/100\n|turn|13\n|\n|t:|1700159756\n|move|p1a: Toxapex|Baneful Bunker|p1a: Toxapex\n|-singleturn|p1a: Toxapex|move: Protect\n|move|p2a: Troom THE \ud83d\udc10|High Horsepower|p1a: Toxapex\n|-activate|p1a: Toxapex|move: Protect\n|-status|p2a: Troom THE \ud83d\udc10|psn\n|\n|-heal|p1a: Toxapex|88\/100|[from] item: Black Sludge\n|-damage|p2a: Troom THE \ud83d\udc10|68\/100 psn|[from] psn\n|-fieldend|move: Trick Room\n|upkeep\n|turn|14\n|\n|t:|1700159769\n|switch|p1a: Dragapult|Dragapult, M|100\/100\n|move|p2a: Troom THE \ud83d\udc10|Icicle Crash|p1a: Dragapult\n|-supereffective|p1a: Dragapult\n|-damage|p1a: Dragapult|0 fnt\n|faint|p1a: Dragapult\n|-ability|p2a: Troom THE \ud83d\udc10|Chilling Neigh|boost\n|-boost|p2a: Troom THE \ud83d\udc10|atk|1\n|\n|-damage|p2a: Troom THE \ud83d\udc10|56\/100 psn|[from] psn\n|upkeep\n|\n|t:|1700159779\n|switch|p1a: Toxapex|Toxapex, F|100\/100\n|turn|15\n|\n|t:|1700159784\n|move|p1a: Toxapex|Baneful Bunker|p1a: Toxapex\n|-singleturn|p1a: Toxapex|move: Protect\n|move|p2a: Troom THE \ud83d\udc10|High Horsepower|p1a: Toxapex\n|-activate|p1a: Toxapex|move: Protect\n|\n|-damage|p2a: Troom THE \ud83d\udc10|43\/100 psn|[from] psn\n|upkeep\n|turn|16\n|\n|t:|1700159794\n|switch|p1a: Okidogi|Okidogi, M, tera:Water|100\/100\n|move|p2a: Troom THE \ud83d\udc10|High Horsepower|p1a: Okidogi\n|-damage|p1a: Okidogi|28\/100\n|\n|-damage|p2a: Troom THE \ud83d\udc10|31\/100 psn|[from] psn\n|upkeep\n|turn|17\n|\n|t:|1700159806\n|switch|p2a: Troom King Shroom|Slowking-Galar, M, shiny|100\/100\n|move|p1a: Okidogi|Drain Punch|p2a: Troom King Shroom\n|-resisted|p2a: Troom King Shroom\n|-damage|p2a: Troom King Shroom|90\/100\n|-heal|p1a: Okidogi|34\/100|[from] drain|[of] p2a: Troom King Shroom\n|\n|-heal|p2a: Troom King Shroom|96\/100|[from] item: Leftovers\n|upkeep\n|turn|18\n|\n|t:|1700159817\n|switch|p1a: Toxapex|Toxapex, F|100\/100\n|move|p2a: Troom King Shroom|Trick Room|p2a: Troom King Shroom\n|-fieldstart|move: Trick Room|[of] p2a: Troom King Shroom\n|\n|-heal|p2a: Troom King Shroom|100\/100|[from] item: Leftovers\n|upkeep\n|turn|19\n|\n|t:|1700159828\n|switch|p2a: Troom Facerusher|Ursaluna, F|100\/100\n|move|p1a: Toxapex|Toxic Spikes|p2a: Troom Facerusher\n|-sidestart|p2: timetimeplsnotagan|move: Toxic Spikes\n|\n|-status|p2a: Troom Facerusher|brn|[from] item: Flame Orb\n|upkeep\n|turn|20\n|\n|t:|1700159834\n|move|p2a: Troom Facerusher|Swords Dance|p2a: Troom Facerusher\n|-boost|p2a: Troom Facerusher|atk|2\n|move|p1a: Toxapex|Haze|p1a: Toxapex\n|-clearallboost\n|\n|-damage|p2a: Troom Facerusher|94\/100 brn|[from] brn\n|upkeep\n|turn|21\n|\n|t:|1700159841\n|move|p2a: Troom Facerusher|Headlong Rush|p1a: Toxapex\n|-supereffective|p1a: Toxapex\n|-damage|p1a: Toxapex|0 fnt\n|-unboost|p2a: Troom Facerusher|def|1\n|-unboost|p2a: Troom Facerusher|spd|1\n|faint|p1a: Toxapex\n|\n|-damage|p2a: Troom Facerusher|88\/100 brn|[from] brn\n|upkeep\n|\n|t:|1700159849\n|switch|p1a: Infernape|Infernape, F|100\/100\n|turn|22\n|\n|t:|1700159854\n|switch|p2a: Troom King Shroom|Slowking-Galar, M, shiny|100\/100\n|-sideend|p2: timetimeplsnotagan|move: Toxic Spikes|[of] p2a: Troom King Shroom\n|move|p1a: Infernape|Drain Punch|p2a: Troom King Shroom\n|-resisted|p2a: Troom King Shroom\n|-damage|p2a: Troom King Shroom|88\/100\n|\n|-heal|p2a: Troom King Shroom|94\/100|[from] item: Leftovers\n|-fieldend|move: Trick Room\n|upkeep\n|turn|23\n|\n|t:|1700159866\n|switch|p1a: Corviknight|Corviknight, F|100\/100\n|move|p2a: Troom King Shroom|Trick Room|p2a: Troom King Shroom\n|-fieldstart|move: Trick Room|[of] p2a: Troom King Shroom\n|\n|-heal|p2a: Troom King Shroom|100\/100|[from] item: Leftovers\n|upkeep\n|turn|24\n|\n|t:|1700159872\n|switch|p2a: High ass fuck|Torkoal, F|87\/100\n|-weather|SunnyDay|[from] ability: Drought|[of] p2a: High ass fuck\n|move|p1a: Corviknight|Iron Head|p2a: High ass fuck\n|-resisted|p2a: High ass fuck\n|-damage|p2a: High ass fuck|74\/100\n|\n|-weather|SunnyDay|[upkeep]\n|upkeep\n|turn|25\n|c|\u2606JoTaqLo|sorry mate\n|c|\u2606JoTaqLo|i dont wanna loose half of life\n|c|\u2606JoTaqLo|gl keep going\n|c|\u2606JoTaqLo|ON YOUR SHITTY STRAT MTFK\n|-message|JoTaqLo forfeited.\n|\n|win|timetimeplsnotagan\n|raw|JoTaqLo's rating: 1148 &rarr; <strong>1116<\/strong><br \/>(-32 for losing)\n|raw|timetimeplsnotagan's rating: 1048 &rarr; <strong>1090<\/strong><br \/>(+42 for winning)\n","uploadtime":1700159905,"views":7,"p1id":"jotaqlo","p2id":"timetimeplsnotagan","formatid":"gen9ou","rating":1090,"private":0,"password":""}