{"id":"gen9ou-1995005236","p1":"Username momento","p2":"A GEN C PABU 22","format":"[Gen 9] OU","log":"|j|\u2606Username momento\n|j|\u2606A GEN C PABU 22\n|t:|1700512586\n|gametype|singles\n|player|p1|Username momento|ninjaboy|1657\n|player|p2|A GEN C PABU 22|265|1579\n|teamsize|p1|6\n|teamsize|p2|6\n|gen|9\n|tier|[Gen 9] OU\n|rated|\n|rule|Sleep Clause Mod: Limit one foe put to sleep\n|rule|Species Clause: Limit one of each Pok\u00e9mon\n|rule|OHKO Clause: OHKO moves are banned\n|rule|Evasion Items Clause: Evasion items are banned\n|rule|Evasion Moves Clause: Evasion moves are banned\n|rule|Endless Battle Clause: Forcing endless battles is banned\n|rule|HP Percentage Mod: HP is shown in percentages\n|clearpoke\n|poke|p1|Meowscarada, F|\n|poke|p1|Kingambit, M|\n|poke|p1|Zapdos|\n|poke|p1|Zamazenta-*|\n|poke|p1|Great Tusk|\n|poke|p1|Iron Moth|\n|poke|p2|Iron Jugulis|\n|poke|p2|Ogerpon-Wellspring, F|\n|poke|p2|Tinkaton, F|\n|poke|p2|Iron Moth|\n|poke|p2|Great Tusk|\n|poke|p2|Dragapult, M|\n|teampreview\n|\n|t:|1700512594\n|start\n|switch|p1a: Meowscarada|Meowscarada, F|100\/100\n|switch|p2a: Dragapult|Dragapult, M|100\/100\n|turn|1\n|inactive|Battle timer is ON: inactive players will automatically lose when time's up. (requested by A GEN C PABU 22)\n|\n|t:|1700512597\n|switch|p1a: Zapdos|Zapdos|100\/100\n|move|p2a: Dragapult|U-turn|p1a: Zapdos\n|-resisted|p1a: Zapdos\n|-damage|p1a: Zapdos|94\/100\n|j| WitchICantSEE\n|\n|t:|1700512612\n|switch|p2a: TWINKATON|Tinkaton, F|100\/100|[from] U-turn\n|-item|p2a: TWINKATON|Air Balloon\n|\n|-heal|p1a: Zapdos|100\/100|[from] item: Leftovers\n|upkeep\n|turn|2\n|\n|t:|1700512624\n|move|p2a: TWINKATON|Stealth Rock|p1a: Zapdos\n|-sidestart|p1: Username momento|move: Stealth Rock\n|move|p1a: Zapdos|Volt Switch|p2a: TWINKATON\n|-damage|p2a: TWINKATON|78\/100\n|-enditem|p2a: TWINKATON|Air Balloon\n|\n|t:|1700512635\n|switch|p1a: Iron Moth|Iron Moth|100\/100|[from] Volt Switch\n|-damage|p1a: Iron Moth|76\/100|[from] Stealth Rock\n|-enditem|p1a: Iron Moth|Booster Energy\n|-activate|p1a: Iron Moth|ability: Quark Drive|[fromitem]\n|-start|p1a: Iron Moth|quarkdrivespe\n|\n|upkeep\n|turn|3\n|\n|t:|1700512646\n|switch|p2a: Iron Moth|Iron Moth|100\/100\n|-enditem|p2a: Iron Moth|Booster Energy\n|-activate|p2a: Iron Moth|ability: Quark Drive|[fromitem]\n|-start|p2a: Iron Moth|quarkdrivespe\n|move|p1a: Iron Moth|Fiery Dance|p2a: Iron Moth\n|-resisted|p2a: Iron Moth\n|-damage|p2a: Iron Moth|78\/100\n|-boost|p1a: Iron Moth|spa|1\n|\n|upkeep\n|turn|4\n|\n|t:|1700512652\n|-terastallize|p1a: Iron Moth|Ground\n|move|p1a: Iron Moth|Tera Blast|p2a: Iron Moth|[anim] Tera Blast Ground\n|-supereffective|p2a: Iron Moth\n|-damage|p2a: Iron Moth|0 fnt\n|faint|p2a: Iron Moth\n|-end|p2a: Iron Moth|Quark Drive|[silent]\n|\n|upkeep\n|\n|t:|1700512658\n|switch|p2a: Ogerpon|Ogerpon-Wellspring, F|100\/100\n|turn|5\n|\n|t:|1700512665\n|-terastallize|p2a: Ogerpon|Water\n|detailschange|p2a: Ogerpon|Ogerpon-Wellspring-Tera, F, tera:Water\n|-ability|p2a: Ogerpon|Embody Aspect (Wellspring)|boost\n|-boost|p2a: Ogerpon|spd|1\n|move|p1a: Iron Moth|Sludge Wave|p2a: Ogerpon\n|-damage|p2a: Ogerpon|48\/100\n|move|p2a: Ogerpon|Ivy Cudgel|p1a: Iron Moth|[anim] Ivy Cudgel Water\n|-supereffective|p1a: Iron Moth\n|-damage|p1a: Iron Moth|0 fnt\n|faint|p1a: Iron Moth\n|-end|p1a: Iron Moth|Quark Drive|[silent]\n|\n|upkeep\n|\n|t:|1700512682\n|switch|p1a: Meowscarada|Meowscarada, F|100\/100\n|-damage|p1a: Meowscarada|88\/100|[from] Stealth Rock\n|turn|6\n|\n|t:|1700512688\n|switch|p2a: Iron Jugulis|Iron Jugulis|100\/100\n|-enditem|p2a: Iron Jugulis|Booster Energy\n|-activate|p2a: Iron Jugulis|ability: Quark Drive|[fromitem]\n|-start|p2a: Iron Jugulis|quarkdrivespe\n|move|p1a: Meowscarada|U-turn|p2a: Iron Jugulis\n|-start|p1a: Meowscarada|typechange|Bug|[from] ability: Protean\n|-damage|p2a: Iron Jugulis|43\/100\n|\n|t:|1700512696\n|switch|p1a: Zapdos|Zapdos|100\/100|[from] U-turn\n|-damage|p1a: Zapdos|75\/100|[from] Stealth Rock\n|\n|-heal|p1a: Zapdos|82\/100|[from] item: Leftovers\n|upkeep\n|turn|7\n|\n|t:|1700512703\n|move|p2a: Iron Jugulis|Hurricane|p1a: Zapdos|[miss]\n|-miss|p2a: Iron Jugulis|p1a: Zapdos\n|move|p1a: Zapdos|Volt Switch|p2a: Iron Jugulis\n|-supereffective|p2a: Iron Jugulis\n|-damage|p2a: Iron Jugulis|0 fnt\n|faint|p2a: Iron Jugulis\n|-end|p2a: Iron Jugulis|Quark Drive|[silent]\n|\n|t:|1700512711\n|switch|p1a: Kingambit|Kingambit, M|100\/100|[from] Volt Switch\n|-damage|p1a: Kingambit|94\/100|[from] Stealth Rock\n|-activate|p1a: Kingambit|ability: Supreme Overlord\n|-start|p1a: Kingambit|fallen1|[silent]\n|\n|-heal|p1a: Kingambit|100\/100|[from] item: Leftovers\n|upkeep\n|\n|t:|1700512718\n|switch|p2a: Great Tusk|Great Tusk|100\/100\n|-enditem|p2a: Great Tusk|Booster Energy\n|-activate|p2a: Great Tusk|ability: Protosynthesis|[fromitem]\n|-start|p2a: Great Tusk|protosynthesisspe\n|turn|8\n|\n|t:|1700512727\n|-end|p1a: Kingambit|fallen1|[silent]\n|switch|p1a: Zapdos|Zapdos|82\/100\n|-damage|p1a: Zapdos|57\/100|[from] Stealth Rock\n|move|p2a: Great Tusk|Bulk Up|p2a: Great Tusk\n|-boost|p2a: Great Tusk|atk|1\n|-boost|p2a: Great Tusk|def|1\n|\n|-heal|p1a: Zapdos|63\/100|[from] item: Leftovers\n|upkeep\n|turn|9\n|\n|t:|1700512736\n|move|p2a: Great Tusk|Ice Spinner|p1a: Zapdos\n|-supereffective|p1a: Zapdos\n|-damage|p1a: Zapdos|16\/100\n|move|p1a: Zapdos|Hurricane|p2a: Great Tusk\n|-supereffective|p2a: Great Tusk\n|-damage|p2a: Great Tusk|0 fnt\n|faint|p2a: Great Tusk\n|-end|p2a: Great Tusk|Protosynthesis|[silent]\n|\n|-heal|p1a: Zapdos|22\/100|[from] item: Leftovers\n|upkeep\n|\n|t:|1700512739\n|switch|p2a: Dragapult|Dragapult, M|100\/100\n|turn|10\n|\n|t:|1700512749\n|move|p2a: Dragapult|Shadow Ball|p1a: Zapdos\n|-damage|p1a: Zapdos|0 fnt\n|faint|p1a: Zapdos\n|\n|upkeep\n|\n|t:|1700512763\n|switch|p1a: Kingambit|Kingambit, M|100\/100\n|-damage|p1a: Kingambit|94\/100|[from] Stealth Rock\n|-activate|p1a: Kingambit|ability: Supreme Overlord\n|-start|p1a: Kingambit|fallen2|[silent]\n|turn|11\n|\n|t:|1700512773\n|switch|p2a: TWINKATON|Tinkaton, F|78\/100\n|move|p1a: Kingambit|Kowtow Cleave|p2a: TWINKATON\n|-resisted|p2a: TWINKATON\n|-damage|p2a: TWINKATON|43\/100\n|-enditem|p1a: Kingambit|Leftovers|[silent]|[from] ability: Pickpocket|[of] p1a: Kingambit\n|-item|p2a: TWINKATON|Leftovers|[from] ability: Pickpocket|[of] p1a: Kingambit\n|\n|-heal|p2a: TWINKATON|49\/100|[from] item: Leftovers\n|upkeep\n|turn|12\n|\n|t:|1700512787\n|move|p2a: TWINKATON|Thunder Wave|p1a: Kingambit\n|-status|p1a: Kingambit|par\n|move|p1a: Kingambit|Kowtow Cleave|p2a: TWINKATON\n|-resisted|p2a: TWINKATON\n|-damage|p2a: TWINKATON|16\/100\n|\n|-heal|p2a: TWINKATON|22\/100|[from] item: Leftovers\n|upkeep\n|turn|13\n|\n|t:|1700512803\n|move|p2a: TWINKATON|Play Rough|p1a: Kingambit\n|-damage|p1a: Kingambit|77\/100 par\n|move|p1a: Kingambit|Kowtow Cleave|p2a: TWINKATON\n|-resisted|p2a: TWINKATON\n|-damage|p2a: TWINKATON|0 fnt\n|faint|p2a: TWINKATON\n|\n|upkeep\n|\n|t:|1700512813\n|switch|p2a: Ogerpon|Ogerpon-Wellspring-Tera, F, tera:Water|48\/100\n|-ability|p2a: Ogerpon|Embody Aspect (Wellspring)|boost\n|-boost|p2a: Ogerpon|spd|1\n|turn|14\n|\n|t:|1700512818\n|move|p2a: Ogerpon|Ivy Cudgel|p1a: Kingambit|[anim] Ivy Cudgel Water\n|-damage|p1a: Kingambit|22\/100 par\n|move|p1a: Kingambit|Kowtow Cleave|p2a: Ogerpon\n|-damage|p2a: Ogerpon|0 fnt\n|faint|p2a: Ogerpon\n|\n|upkeep\n|\n|t:|1700512822\n|switch|p2a: Dragapult|Dragapult, M|100\/100\n|turn|15\n|\n|t:|1700512830\n|move|p1a: Kingambit|Sucker Punch|p2a: Dragapult\n|-supereffective|p2a: Dragapult\n|-damage|p2a: Dragapult|0 fnt\n|faint|p2a: Dragapult\n|\n|win|Username momento\n|raw|Username momento's rating: 1657 &rarr; <strong>1673<\/strong><br \/>(+16 for winning)\n|raw|A GEN C PABU 22's rating: 1579 &rarr; <strong>1563<\/strong><br \/>(-16 for losing)\n","uploadtime":1700512844,"views":15,"p1id":"usernamemomento","p2id":"agencpabu22","formatid":"gen9ou","rating":1563,"private":0,"password":""}