{"id":"gen9ou-1992105489","p1":"R. Caroline","p2":"Sick Fiesta","format":"[Gen 9] OU","log":"|j|\u2606R. Caroline\n|j|\u2606Sick Fiesta\n|t:|1700155545\n|gametype|singles\n|player|p1|R. Caroline|psychicf|1558\n|player|p2|Sick Fiesta|102|1519\n|teamsize|p1|6\n|teamsize|p2|6\n|gen|9\n|tier|[Gen 9] OU\n|rated|\n|rule|Sleep Clause Mod: Limit one foe put to sleep\n|rule|Species Clause: Limit one of each Pok\u00e9mon\n|rule|OHKO Clause: OHKO moves are banned\n|rule|Evasion Items Clause: Evasion items are banned\n|rule|Evasion Moves Clause: Evasion moves are banned\n|rule|Endless Battle Clause: Forcing endless battles is banned\n|rule|HP Percentage Mod: HP is shown in percentages\n|clearpoke\n|poke|p1|Noivern, M|\n|poke|p1|Ursaluna, M|\n|poke|p1|Chansey, F|\n|poke|p1|Scizor, F|\n|poke|p1|Mew|\n|poke|p1|Avalugg, M|\n|poke|p2|Kommo-o, F|\n|poke|p2|Ogerpon, F|\n|poke|p2|Iron Valiant|\n|poke|p2|Iron Treads|\n|poke|p2|Enamorus, F|\n|poke|p2|Dragonite, F|\n|teampreview\n|\n|t:|1700155560\n|start\n|switch|p1a: Boston Brand|Mew, shiny|100\/100\n|switch|p2a: Ogerpon|Ogerpon, F|100\/100\n|turn|1\n|\n|t:|1700155568\n|move|p2a: Ogerpon|U-turn|p1a: Boston Brand\n|-supereffective|p1a: Boston Brand\n|-damage|p1a: Boston Brand|26\/100\n|\n|t:|1700155574\n|switch|p2a: Iron Treads|Iron Treads|100\/100|[from] U-turn\n|-enditem|p2a: Iron Treads|Booster Energy\n|-activate|p2a: Iron Treads|ability: Quark Drive|[fromitem]\n|-start|p2a: Iron Treads|quarkdrivespe\n|move|p1a: Boston Brand|Volt Switch|p2a: Iron Treads\n|-immune|p2a: Iron Treads\n|\n|upkeep\n|turn|2\n|\n|t:|1700155593\n|switch|p1a: Jason Blood|Ursaluna, M, shiny|100\/100\n|move|p2a: Iron Treads|Earthquake|p1a: Jason Blood\n|-crit|p1a: Jason Blood\n|-damage|p1a: Jason Blood|54\/100\n|\n|upkeep\n|turn|3\n|\n|t:|1700155608\n|move|p2a: Iron Treads|Earthquake|p1a: Jason Blood\n|-damage|p1a: Jason Blood|22\/100\n|move|p1a: Jason Blood|Drain Punch|p2a: Iron Treads\n|-supereffective|p2a: Iron Treads\n|-damage|p2a: Iron Treads|48\/100\n|-heal|p1a: Jason Blood|40\/100|[from] drain|[of] p2a: Iron Treads\n|\n|upkeep\n|turn|4\n|\n|t:|1700155616\n|-terastallize|p1a: Jason Blood|Fighting\n|move|p2a: Iron Treads|Earthquake|p1a: Jason Blood\n|-damage|p1a: Jason Blood|7\/100\n|move|p1a: Jason Blood|Drain Punch|p2a: Iron Treads\n|-supereffective|p2a: Iron Treads\n|-damage|p2a: Iron Treads|0 fnt\n|-heal|p1a: Jason Blood|24\/100|[from] drain|[of] p2a: Iron Treads\n|faint|p2a: Iron Treads\n|-end|p2a: Iron Treads|Quark Drive|[silent]\n|\n|upkeep\n|\n|t:|1700155634\n|switch|p2a: Enamorus|Enamorus, F|100\/100\n|turn|5\n|\n|t:|1700155640\n|switch|p1a: Shayera Hal|Chansey, F, shiny|100\/100\n|move|p2a: Enamorus|Moonblast|p1a: Shayera Hal\n|-damage|p1a: Shayera Hal|88\/100\n|\n|upkeep\n|turn|6\n|\n|t:|1700155693\n|switch|p2a: Kommo-o|Kommo-o, F|100\/100\n|move|p1a: Shayera Hal|Stealth Rock|p2a: Kommo-o\n|-sidestart|p2: Sick Fiesta|move: Stealth Rock\n|\n|upkeep\n|turn|7\n|\n|t:|1700155700\n|move|p2a: Kommo-o|Clangorous Soul|p2a: Kommo-o\n|-boost|p2a: Kommo-o|atk|1\n|-boost|p2a: Kommo-o|def|1\n|-boost|p2a: Kommo-o|spa|1\n|-boost|p2a: Kommo-o|spd|1\n|-boost|p2a: Kommo-o|spe|1\n|-damage|p2a: Kommo-o|68\/100\n|move|p1a: Shayera Hal|Seismic Toss|p2a: Kommo-o\n|-damage|p2a: Kommo-o|33\/100\n|\n|-heal|p2a: Kommo-o|39\/100|[from] item: Leftovers\n|upkeep\n|turn|8\n|\n|t:|1700155711\n|move|p2a: Kommo-o|Drain Punch|p1a: Shayera Hal\n|-supereffective|p1a: Shayera Hal\n|-damage|p1a: Shayera Hal|33\/100\n|-heal|p2a: Kommo-o|99\/100|[from] drain|[of] p1a: Shayera Hal\n|move|p1a: Shayera Hal|Seismic Toss|p2a: Kommo-o\n|-damage|p2a: Kommo-o|65\/100\n|\n|-heal|p2a: Kommo-o|71\/100|[from] item: Leftovers\n|upkeep\n|turn|9\n|\n|t:|1700155722\n|switch|p1a: Bruce Wayne|Noivern, M|100\/100\n|move|p2a: Kommo-o|Drain Punch|p1a: Bruce Wayne\n|-resisted|p1a: Bruce Wayne\n|-damage|p1a: Bruce Wayne|76\/100\n|-heal|p2a: Kommo-o|86\/100|[from] drain|[of] p1a: Bruce Wayne\n|\n|-heal|p2a: Kommo-o|93\/100|[from] item: Leftovers\n|upkeep\n|turn|10\n|\n|t:|1700155732\n|move|p1a: Bruce Wayne|Draco Meteor|p2a: Kommo-o\n|-supereffective|p2a: Kommo-o\n|-damage|p2a: Kommo-o|0 fnt\n|-unboost|p1a: Bruce Wayne|spa|2\n|faint|p2a: Kommo-o\n|\n|upkeep\n|\n|t:|1700155758\n|switch|p2a: Iron Valiant|Iron Valiant|100\/100\n|-damage|p2a: Iron Valiant|94\/100|[from] Stealth Rock\n|-enditem|p2a: Iron Valiant|Booster Energy\n|-activate|p2a: Iron Valiant|ability: Quark Drive|[fromitem]\n|-start|p2a: Iron Valiant|quarkdrivespe\n|turn|11\n|inactive|Battle timer is ON: inactive players will automatically lose when time's up. (requested by Sick Fiesta)\n|\n|t:|1700155786\n|switch|p1a: Beatriz da Costa|Scizor, F, shiny|100\/100\n|move|p2a: Iron Valiant|Calm Mind|p2a: Iron Valiant\n|-boost|p2a: Iron Valiant|spa|1\n|-boost|p2a: Iron Valiant|spd|1\n|\n|upkeep\n|turn|12\n|\n|t:|1700155801\n|-terastallize|p2a: Iron Valiant|Fighting\n|move|p1a: Beatriz da Costa|Bullet Punch|p2a: Iron Valiant\n|-damage|p2a: Iron Valiant|49\/100\n|move|p2a: Iron Valiant|Moonblast|p1a: Beatriz da Costa\n|-resisted|p1a: Beatriz da Costa\n|-damage|p1a: Beatriz da Costa|62\/100\n|\n|upkeep\n|turn|13\n|\n|t:|1700155812\n|move|p1a: Beatriz da Costa|Bullet Punch|p2a: Iron Valiant\n|-damage|p2a: Iron Valiant|7\/100\n|move|p2a: Iron Valiant|Focus Blast|p1a: Beatriz da Costa\n|-damage|p1a: Beatriz da Costa|0 fnt\n|faint|p1a: Beatriz da Costa\n|\n|upkeep\n|\n|t:|1700155823\n|switch|p1a: Jonathan Osterman|Avalugg, M|100\/100\n|turn|14\n|\n|t:|1700155831\n|move|p2a: Iron Valiant|Moonblast|p1a: Jonathan Osterman\n|-crit|p1a: Jonathan Osterman\n|-ability|p1a: Jonathan Osterman|Sturdy\n|-damage|p1a: Jonathan Osterman|1\/100\n|move|p1a: Jonathan Osterman|Body Press|p2a: Iron Valiant\n|-crit|p2a: Iron Valiant\n|-damage|p2a: Iron Valiant|0 fnt\n|faint|p2a: Iron Valiant\n|-end|p2a: Iron Valiant|Quark Drive|[silent]\n|\n|upkeep\n|inactive|Sick Fiesta has 120 seconds left.\n|\n|t:|1700155861\n|switch|p2a: Ogerpon|Ogerpon, F|100\/100\n|-damage|p2a: Ogerpon|88\/100|[from] Stealth Rock\n|turn|15\n|\n|t:|1700155865\n|move|p2a: Ogerpon|U-turn|p1a: Jonathan Osterman\n|-damage|p1a: Jonathan Osterman|0 fnt\n|-damage|p2a: Ogerpon|72\/100|[from] item: Rocky Helmet|[of] p1a: Jonathan Osterman\n|faint|p1a: Jonathan Osterman\n|\n|t:|1700155875\n|switch|p2a: Enamorus|Enamorus, F|100\/100|[from] U-turn\n|-damage|p2a: Enamorus|76\/100|[from] Stealth Rock\n|\n|upkeep\n|\n|t:|1700155890\n|switch|p1a: Shayera Hal|Chansey, F, shiny|33\/100\n|turn|16\n|\n|t:|1700155896\n|switch|p2a: Ogerpon|Ogerpon, F|72\/100\n|-damage|p2a: Ogerpon|59\/100|[from] Stealth Rock\n|move|p1a: Shayera Hal|Soft-Boiled|p1a: Shayera Hal\n|-heal|p1a: Shayera Hal|83\/100\n|\n|upkeep\n|turn|17\n|\n|t:|1700155911\n|move|p2a: Ogerpon|Knock Off|p1a: Shayera Hal\n|-damage|p1a: Shayera Hal|50\/100\n|-enditem|p1a: Shayera Hal|Eviolite|[from] move: Knock Off|[of] p2a: Ogerpon\n|move|p1a: Shayera Hal|Healing Wish|p1a: Shayera Hal\n|faint|p1a: Shayera Hal\n|\n|upkeep\n|\n|t:|1700155918\n|switch|p1a: Jason Blood|Ursaluna, M, shiny, tera:Fighting|24\/100\n|-heal|p1a: Jason Blood|100\/100|[from] move: Healing Wish\n|turn|18\n|\n|t:|1700155926\n|switch|p2a: Enamorus|Enamorus, F|76\/100\n|-damage|p2a: Enamorus|51\/100|[from] Stealth Rock\n|move|p1a: Jason Blood|Drain Punch|p2a: Enamorus\n|-resisted|p2a: Enamorus\n|-damage|p2a: Enamorus|33\/100\n|\n|upkeep\n|turn|19\n|\n|t:|1700155939\n|move|p2a: Enamorus|Moonblast|p1a: Jason Blood\n|-supereffective|p1a: Jason Blood\n|-damage|p1a: Jason Blood|43\/100\n|move|p1a: Jason Blood|Smack Down|p2a: Enamorus\n|-supereffective|p2a: Enamorus\n|-damage|p2a: Enamorus|0 fnt\n|faint|p2a: Enamorus\n|\n|upkeep\n|\n|t:|1700155949\n|switch|p2a: Ogerpon|Ogerpon, F|59\/100\n|-damage|p2a: Ogerpon|47\/100|[from] Stealth Rock\n|turn|20\n|\n|t:|1700155961\n|switch|p1a: Bruce Wayne|Noivern, M|76\/100\n|move|p2a: Ogerpon|Play Rough|p1a: Bruce Wayne\n|-supereffective|p1a: Bruce Wayne\n|-damage|p1a: Bruce Wayne|0 fnt\n|faint|p1a: Bruce Wayne\n|\n|upkeep\n|\n|t:|1700155968\n|switch|p1a: Boston Brand|Mew, shiny|26\/100\n|turn|21\n|\n|t:|1700155971\n|move|p2a: Ogerpon|Play Rough|p1a: Boston Brand\n|-damage|p1a: Boston Brand|0 fnt\n|faint|p1a: Boston Brand\n|\n|upkeep\n|-message|R. Caroline forfeited.\n|\n|win|Sick Fiesta\n|raw|R. Caroline's rating: 1558 &rarr; <strong>1536<\/strong><br \/>(-22 for losing)\n|raw|Sick Fiesta's rating: 1519 &rarr; <strong>1541<\/strong><br \/>(+22 for winning)\n|l|\u2606R. Caroline\n","uploadtime":1700156007,"views":7,"p1id":"rcaroline","p2id":"sickfiesta","formatid":"gen9ou","rating":1536,"private":0,"password":""}