{"id":"gen9ou-1989778310","p1":"puppy777","p2":"The Lazy Onee","format":"[Gen 9] OU","log":"|j|\u2606puppy777\n|j|\u2606The Lazy Onee\n|t:|1699894958\n|gametype|singles\n|player|p1|puppy777|266|1484\n|player|p2|The Lazy Onee|dahlia|1516\n|teamsize|p1|6\n|teamsize|p2|6\n|gen|9\n|tier|[Gen 9] OU\n|rated|\n|rule|Sleep Clause Mod: Limit one foe put to sleep\n|rule|Species Clause: Limit one of each Pok\u00e9mon\n|rule|OHKO Clause: OHKO moves are banned\n|rule|Evasion Items Clause: Evasion items are banned\n|rule|Evasion Moves Clause: Evasion moves are banned\n|rule|Endless Battle Clause: Forcing endless battles is banned\n|rule|HP Percentage Mod: HP is shown in percentages\n|clearpoke\n|poke|p1|Pelipper, F|\n|poke|p1|Iron Valiant|\n|poke|p1|Barraskewda, M|\n|poke|p1|Milotic, M|\n|poke|p1|Corviknight, F|\n|poke|p1|Ting-Lu|\n|poke|p2|Alomomola, F|\n|poke|p2|Slowking-Galar, F|\n|poke|p2|Kingambit, F|\n|poke|p2|Great Tusk|\n|poke|p2|Cinderace, F|\n|poke|p2|Thundurus-Therian, M|\n|teampreview\n|\n|t:|1699894968\n|start\n|switch|p1a: Ting-Lu|Ting-Lu|100\/100\n|switch|p2a: Thundurus|Thundurus-Therian, M|100\/100\n|-ability|p1a: Ting-Lu|Vessel of Ruin\n|turn|1\n|\n|t:|1699894975\n|move|p2a: Thundurus|Grass Knot|p1a: Ting-Lu\n|-supereffective|p1a: Ting-Lu\n|-damage|p1a: Ting-Lu|16\/100\n|move|p1a: Ting-Lu|Spikes|p2a: Thundurus\n|-sidestart|p2: The Lazy Onee|Spikes\n|\n|-heal|p1a: Ting-Lu|22\/100|[from] item: Leftovers\n|upkeep\n|turn|2\n|\n|t:|1699894979\n|move|p1a: Ting-Lu|Protect|p1a: Ting-Lu\n|-singleturn|p1a: Ting-Lu|Protect\n|move|p2a: Thundurus|Grass Knot|p1a: Ting-Lu\n|-activate|p1a: Ting-Lu|move: Protect\n|\n|-heal|p1a: Ting-Lu|29\/100|[from] item: Leftovers\n|upkeep\n|turn|3\n|\n|t:|1699894983\n|switch|p1a: Pelipper|Pelipper, F|100\/100\n|-weather|RainDance|[from] ability: Drizzle|[of] p1a: Pelipper\n|move|p2a: Thundurus|Grass Knot|p1a: Pelipper\n|-damage|p1a: Pelipper|54\/100\n|\n|-weather|RainDance|[upkeep]\n|upkeep\n|turn|4\n|\n|t:|1699894989\n|switch|p2a: Slowking|Slowking-Galar, F|100\/100\n|switch|p1a: Ting-Lu|Ting-Lu|29\/100\n|-ability|p1a: Ting-Lu|Vessel of Ruin\n|\n|-weather|RainDance|[upkeep]\n|-heal|p1a: Ting-Lu|35\/100|[from] item: Leftovers\n|upkeep\n|turn|5\n|\n|t:|1699894995\n|switch|p2a: Great Tusk|Great Tusk|100\/100\n|-damage|p2a: Great Tusk|88\/100|[from] Spikes\n|move|p1a: Ting-Lu|Spikes|p2a: Great Tusk\n|-sidestart|p2: The Lazy Onee|Spikes\n|\n|-weather|RainDance|[upkeep]\n|-heal|p1a: Ting-Lu|41\/100|[from] item: Leftovers\n|upkeep\n|turn|6\n|\n|t:|1699894999\n|switch|p1a: Pelipper|Pelipper, F|54\/100\n|move|p2a: Great Tusk|Stealth Rock|p1a: Pelipper\n|-sidestart|p1: puppy777|move: Stealth Rock\n|\n|-weather|RainDance|[upkeep]\n|upkeep\n|turn|7\n|\n|t:|1699895004\n|-end|p2a: Great Tusk|Protosynthesis|[silent]\n|switch|p2a: Slowking|Slowking-Galar, F|100\/100\n|move|p1a: Pelipper|Hurricane|p2a: Slowking\n|-damage|p2a: Slowking|77\/100\n|\n|-weather|RainDance|[upkeep]\n|upkeep\n|turn|8\n|\n|t:|1699895008\n|move|p1a: Pelipper|U-turn|p2a: Slowking\n|-damage|p2a: Slowking|68\/100\n|\n|t:|1699895010\n|switch|p1a: Ting-Lu|Ting-Lu|41\/100|[from] U-turn\n|-damage|p1a: Ting-Lu|35\/100|[from] Stealth Rock\n|-ability|p1a: Ting-Lu|Vessel of Ruin\n|move|p2a: Slowking|Chilly Reception|p2a: Slowking\n|-weather|Snow\n|\n|t:|1699895025\n|switch|p2a: Great Tusk|Great Tusk|88\/100|[from] Chilly Reception\n|-damage|p2a: Great Tusk|72\/100|[from] Spikes\n|\n|-weather|Snow|[upkeep]\n|-heal|p1a: Ting-Lu|41\/100|[from] item: Leftovers\n|upkeep\n|turn|9\n|\n|t:|1699895033\n|switch|p1a: Pelipper|Pelipper, F|54\/100\n|-damage|p1a: Pelipper|30\/100|[from] Stealth Rock\n|-weather|RainDance|[from] ability: Drizzle|[of] p1a: Pelipper\n|move|p2a: Great Tusk|Ice Spinner|p1a: Pelipper\n|-damage|p1a: Pelipper|4\/100\n|\n|-weather|RainDance|[upkeep]\n|upkeep\n|turn|10\n|\n|t:|1699895043\n|move|p2a: Great Tusk|Rapid Spin|p1a: Pelipper\n|-damage|p1a: Pelipper|0 fnt\n|-boost|p2a: Great Tusk|spe|1\n|-sideend|p2: The Lazy Onee|Spikes|[from] move: Rapid Spin|[of] p2a: Great Tusk\n|faint|p1a: Pelipper\n|\n|-weather|RainDance|[upkeep]\n|upkeep\n|\n|t:|1699895045\n|switch|p1a: Barraskewda|Barraskewda, M|100\/100\n|-damage|p1a: Barraskewda|88\/100|[from] Stealth Rock\n|turn|11\n|\n|t:|1699895053\n|-end|p2a: Great Tusk|Protosynthesis|[silent]\n|switch|p2a: Alomomola|Alomomola, F|100\/100\n|-terastallize|p1a: Barraskewda|Water\n|move|p1a: Barraskewda|Liquidation|p2a: Alomomola\n|-resisted|p2a: Alomomola\n|-damage|p2a: Alomomola|57\/100\n|-enditem|p2a: Alomomola|Red Card|[of] p1a: Barraskewda\n|drag|p1a: Ting-Lu|Ting-Lu|41\/100\n|-damage|p1a: Ting-Lu|35\/100|[from] Stealth Rock\n|-ability|p1a: Ting-Lu|Vessel of Ruin\n|\n|-weather|RainDance|[upkeep]\n|-heal|p1a: Ting-Lu|41\/100|[from] item: Leftovers\n|upkeep\n|turn|12\n|\n|t:|1699895065\n|switch|p1a: Barraskewda|Barraskewda, M, tera:Water|88\/100\n|-damage|p1a: Barraskewda|76\/100|[from] Stealth Rock\n|move|p2a: Alomomola|Scald|p1a: Barraskewda\n|-resisted|p1a: Barraskewda\n|-damage|p1a: Barraskewda|53\/100\n|\n|-weather|RainDance|[upkeep]\n|upkeep\n|turn|13\n|\n|t:|1699895070\n|move|p1a: Barraskewda|Liquidation|p2a: Alomomola\n|-resisted|p2a: Alomomola\n|-damage|p2a: Alomomola|12\/100\n|move|p2a: Alomomola|Flip Turn|p1a: Barraskewda\n|-resisted|p1a: Barraskewda\n|-damage|p1a: Barraskewda|29\/100\n|\n|t:|1699895076\n|switch|p2a: Kingambit|Kingambit, F|100\/100|[from] Flip Turn\n|\n|-weather|RainDance|[upkeep]\n|upkeep\n|turn|14\n|\n|t:|1699895085\n|switch|p1a: Iron Valiant|Iron Valiant|100\/100\n|move|p2a: Kingambit|Sucker Punch||[still]\n|-fail|p2a: Kingambit\n|\n|-weather|RainDance|[upkeep]\n|upkeep\n|turn|15\n|\n|t:|1699895090\n|-end|p2a: Kingambit|fallenundefined|[silent]\n|switch|p2a: Slowking|Slowking-Galar, F|100\/100\n|move|p1a: Iron Valiant|Encore||[still]\n|-fail|p1a: Iron Valiant\n|\n|-weather|RainDance|[upkeep]\n|upkeep\n|turn|16\n|\n|t:|1699895103\n|-end|p1a: Iron Valiant|Quark Drive|[silent]\n|switch|p1a: Milotic|Milotic, M|100\/100\n|move|p2a: Slowking|Chilly Reception|p2a: Slowking\n|-weather|Snow\n|\n|t:|1699895107\n|switch|p2a: Thundurus|Thundurus-Therian, M|100\/100|[from] Chilly Reception\n|\n|-weather|Snow|[upkeep]\n|upkeep\n|turn|17\n|\n|t:|1699895117\n|move|p2a: Thundurus|Grass Knot|p1a: Milotic\n|-supereffective|p1a: Milotic\n|-damage|p1a: Milotic|43\/100\n|move|p1a: Milotic|Recover|p1a: Milotic\n|-heal|p1a: Milotic|93\/100\n|\n|-weather|Snow|[upkeep]\n|upkeep\n|turn|18\n|\n|t:|1699895140\n|switch|p2a: Alomomola|Alomomola, F|46\/100\n|switch|p1a: Corviknight|Corviknight, F|100\/100\n|-damage|p1a: Corviknight|88\/100|[from] Stealth Rock\n|-ability|p1a: Corviknight|Pressure\n|\n|-weather|Snow|[upkeep]\n|upkeep\n|turn|19\n|\n|t:|1699895156\n|move|p1a: Corviknight|Taunt|p2a: Alomomola\n|-start|p2a: Alomomola|move: Taunt\n|move|p2a: Alomomola|Flip Turn|p1a: Corviknight\n|-damage|p1a: Corviknight|78\/100\n|-damage|p2a: Alomomola|29\/100|[from] item: Rocky Helmet|[of] p1a: Corviknight\n|\n|t:|1699895193\n|switch|p2a: Thundurus|Thundurus-Therian, M|100\/100|[from] Flip Turn\n|\n|-weather|Snow|[upkeep]\n|upkeep\n|turn|20\n|\n|t:|1699895213\n|switch|p1a: Ting-Lu|Ting-Lu|41\/100\n|-damage|p1a: Ting-Lu|35\/100|[from] Stealth Rock\n|-ability|p1a: Ting-Lu|Vessel of Ruin\n|move|p2a: Thundurus|Knock Off|p1a: Ting-Lu\n|-resisted|p1a: Ting-Lu\n|-damage|p1a: Ting-Lu|30\/100\n|-enditem|p1a: Ting-Lu|Leftovers|[from] move: Knock Off|[of] p2a: Thundurus\n|\n|-weather|none\n|upkeep\n|turn|21\n|\n|t:|1699895231\n|switch|p2a: Great Tusk|Great Tusk|72\/100\n|move|p1a: Ting-Lu|Earthquake|p2a: Great Tusk\n|-damage|p2a: Great Tusk|44\/100\n|\n|upkeep\n|turn|22\n|\n|t:|1699895237\n|move|p2a: Great Tusk|Ice Spinner|p1a: Ting-Lu\n|-supereffective|p1a: Ting-Lu\n|-damage|p1a: Ting-Lu|6\/100\n|move|p1a: Ting-Lu|Earthquake|p2a: Great Tusk\n|-damage|p2a: Great Tusk|19\/100\n|\n|upkeep\n|turn|23\n|\n|t:|1699895255\n|switch|p1a: Corviknight|Corviknight, F|78\/100\n|-damage|p1a: Corviknight|66\/100|[from] Stealth Rock\n|-ability|p1a: Corviknight|Pressure\n|move|p2a: Great Tusk|Rapid Spin|p1a: Corviknight\n|-resisted|p1a: Corviknight\n|-damage|p1a: Corviknight|61\/100\n|-boost|p2a: Great Tusk|spe|1\n|-damage|p2a: Great Tusk|3\/100|[from] item: Rocky Helmet|[of] p1a: Corviknight\n|\n|upkeep\n|turn|24\n|\n|t:|1699895264\n|-end|p2a: Great Tusk|Protosynthesis|[silent]\n|switch|p2a: Alomomola|Alomomola, F|62\/100\n|move|p1a: Corviknight|Roost|p1a: Corviknight\n|-heal|p1a: Corviknight|100\/100\n|-singleturn|p1a: Corviknight|move: Roost\n|\n|upkeep\n|turn|25\n|\n|t:|1699895283\n|move|p1a: Corviknight|Body Press|p2a: Alomomola\n|-damage|p2a: Alomomola|46\/100\n|move|p2a: Alomomola|Flip Turn|p1a: Corviknight\n|-damage|p1a: Corviknight|91\/100\n|-damage|p2a: Alomomola|29\/100|[from] item: Rocky Helmet|[of] p1a: Corviknight\n|\n|t:|1699895288\n|switch|p2a: Thundurus|Thundurus-Therian, M|100\/100|[from] Flip Turn\n|\n|upkeep\n|turn|26\n|\n|t:|1699895314\n|switch|p1a: Ting-Lu|Ting-Lu|6\/100\n|-damage|p1a: Ting-Lu|0 fnt|[from] Stealth Rock\n|faint|p1a: Ting-Lu\n|move|p2a: Thundurus|Volt Switch|p1: Ting-Lu|[notarget]\n|-fail|p2a: Thundurus\n|\n|upkeep\n|\n|t:|1699895322\n|switch|p1a: Barraskewda|Barraskewda, M, tera:Water|29\/100\n|-damage|p1a: Barraskewda|16\/100|[from] Stealth Rock\n|turn|27\n|\n|t:|1699895328\n|switch|p2a: Alomomola|Alomomola, F|63\/100\n|move|p1a: Barraskewda|Liquidation|p2a: Alomomola\n|-resisted|p2a: Alomomola\n|-damage|p2a: Alomomola|36\/100\n|-unboost|p2a: Alomomola|def|1\n|\n|upkeep\n|turn|28\n|inactive|Battle timer is ON: inactive players will automatically lose when time's up. (requested by puppy777)\n|\n|t:|1699895342\n|switch|p2a: Great Tusk|Great Tusk|3\/100\n|move|p1a: Barraskewda|Liquidation|p2a: Great Tusk\n|-supereffective|p2a: Great Tusk\n|-damage|p2a: Great Tusk|0 fnt\n|-damage|p1a: Barraskewda|0 fnt|[from] item: Rocky Helmet|[of] p2a: Great Tusk\n|faint|p2a: Great Tusk\n|-end|p2a: Great Tusk|Protosynthesis|[silent]\n|faint|p1a: Barraskewda\n|\n|upkeep\n|\n|t:|1699895354\n|switch|p1a: Milotic|Milotic, M|93\/100\n|switch|p2a: Alomomola|Alomomola, F|70\/100\n|turn|29\n|\n|t:|1699895365\n|move|p1a: Milotic|Scald|p2a: Alomomola\n|-resisted|p2a: Alomomola\n|-damage|p2a: Alomomola|56\/100\n|move|p2a: Alomomola|Flip Turn|p1a: Milotic\n|-resisted|p1a: Milotic\n|-damage|p1a: Milotic|85\/100\n|\n|t:|1699895371\n|switch|p2a: Thundurus|Thundurus-Therian, M|100\/100|[from] Flip Turn\n|\n|upkeep\n|turn|30\n|inactive|puppy777 has 120 seconds left.\n|\n|t:|1699895408\n|move|p2a: Thundurus|Volt Switch|p1a: Milotic\n|-supereffective|p1a: Milotic\n|-damage|p1a: Milotic|25\/100\n|\n|t:|1699895414\n|switch|p2a: Slowking|Slowking-Galar, F|100\/100|[from] Volt Switch\n|move|p1a: Milotic|Recover|p1a: Milotic\n|-heal|p1a: Milotic|75\/100\n|\n|upkeep\n|turn|31\n|inactive|puppy777 has 120 seconds left.\n|\n|t:|1699895426\n|move|p1a: Milotic|Scald|p2a: Slowking\n|-damage|p2a: Slowking|84\/100\n|move|p2a: Slowking|Future Sight|p1a: Milotic\n|-start|p2a: Slowking|move: Future Sight\n|\n|upkeep\n|turn|32\n|\n|t:|1699895431\n|move|p1a: Milotic|Scald|p2a: Slowking\n|-damage|p2a: Slowking|67\/100\n|move|p2a: Slowking|Sludge Bomb|p1a: Milotic\n|-damage|p1a: Milotic|56\/100\n|-status|p1a: Milotic|psn\n|\n|-damage|p1a: Milotic|44\/100 psn|[from] psn\n|upkeep\n|turn|33\n|\n|t:|1699895451\n|move|p1a: Milotic|Recover|p1a: Milotic\n|-heal|p1a: Milotic|94\/100 psn\n|move|p2a: Slowking|Chilly Reception|p2a: Slowking\n|-weather|Snow\n|\n|t:|1699895458\n|switch|p2a: Thundurus|Thundurus-Therian, M|100\/100|[from] Chilly Reception\n|\n|-weather|Snow|[upkeep]\n|-end|p1a: Milotic|move: Future Sight\n|-damage|p1a: Milotic|71\/100 psn\n|-damage|p1a: Milotic|59\/100 psn|[from] psn\n|upkeep\n|turn|34\n|inactive|puppy777 has 120 seconds left.\n|-message|puppy777 forfeited.\n|\n|win|The Lazy Onee\n|raw|puppy777's rating: 1484 &rarr; <strong>1467<\/strong><br \/>(-17 for losing)\n|raw|The Lazy Onee's rating: 1532 &rarr; <strong>1549<\/strong><br \/>(+17 for winning)\n|l|\u2606puppy777\n","uploadtime":1699895493,"views":10,"p1id":"puppy777","p2id":"thelazyonee","formatid":"gen9ou","rating":1467,"private":0,"password":""}