{"id":"gen9ou-1989222559","p1":"KevinGR","p2":"DufauxZac","format":"[Gen 9] OU","log":"|j|\u2606KevinGR\n|j|\u2606DufauxZac\n|t:|1699825055\n|gametype|singles\n|player|p1|KevinGR|steven|1459\n|player|p2|DufauxZac|n|1555\n|teamsize|p1|6\n|teamsize|p2|6\n|gen|9\n|tier|[Gen 9] OU\n|rated|\n|rule|Sleep Clause Mod: Limit one foe put to sleep\n|rule|Species Clause: Limit one of each Pok\u00e9mon\n|rule|OHKO Clause: OHKO moves are banned\n|rule|Evasion Items Clause: Evasion items are banned\n|rule|Evasion Moves Clause: Evasion moves are banned\n|rule|Endless Battle Clause: Forcing endless battles is banned\n|rule|HP Percentage Mod: HP is shown in percentages\n|clearpoke\n|poke|p1|Gholdengo|\n|poke|p1|Cinderace, F|\n|poke|p1|Zamazenta-*|\n|poke|p1|Iron Moth|\n|poke|p1|Cresselia, F|\n|poke|p1|Ogerpon-Wellspring, F|\n|poke|p2|Skeledirge, F|\n|poke|p2|Dragonite, M|\n|poke|p2|Great Tusk|\n|poke|p2|Weezing-Galar, M|\n|poke|p2|Greninja-*, M|\n|poke|p2|Ninetales-Alola, M|\n|teampreview\n|inactive|Battle timer is ON: inactive players will automatically lose when time's up. (requested by KevinGR)\n|\n|t:|1699825080\n|start\n|switch|p1a: Iron Moth|Iron Moth|100\/100\n|switch|p2a: Greninja|Greninja, M|100\/100\n|-enditem|p1a: Iron Moth|Booster Energy\n|-activate|p1a: Iron Moth|ability: Quark Drive|[fromitem]\n|-start|p1a: Iron Moth|quarkdrivespe\n|turn|1\n|\n|t:|1699825089\n|-end|p1a: Iron Moth|Quark Drive|[silent]\n|switch|p1a: Ogerpon|Ogerpon-Wellspring, F|100\/100\n|move|p2a: Greninja|Water Shuriken|p1a: Ogerpon\n|-immune|p1a: Ogerpon|[from] ability: Water Absorb\n|\n|upkeep\n|turn|2\n|\n|t:|1699825098\n|switch|p2a: Weezing|Weezing-Galar, M|100\/100\n|move|p1a: Ogerpon|Trailblaze|p2a: Weezing\n|-resisted|p2a: Weezing\n|-damage|p2a: Weezing|87\/100\n|-boost|p1a: Ogerpon|spe|1\n|-damage|p1a: Ogerpon|84\/100|[from] item: Rocky Helmet|[of] p2a: Weezing\n|\n|upkeep\n|turn|3\n|\n|t:|1699825124\n|move|p1a: Ogerpon|Taunt|p2a: Weezing\n|-start|p2a: Weezing|move: Taunt\n|move|p2a: Weezing|Sludge Bomb|p1a: Ogerpon\n|-supereffective|p1a: Ogerpon\n|-damage|p1a: Ogerpon|0 fnt\n|faint|p1a: Ogerpon\n|\n|upkeep\n|inactive|KevinGR has 120 seconds left.\n|\n|t:|1699825136\n|switch|p1a: Cresselia|Cresselia, F|100\/100\n|turn|4\n|\n|t:|1699825144\n|-terastallize|p1a: Cresselia|Poison\n|move|p1a: Cresselia|Calm Mind|p1a: Cresselia\n|-boost|p1a: Cresselia|spa|1\n|-boost|p1a: Cresselia|spd|1\n|move|p2a: Weezing|Strange Steam|p1a: Cresselia\n|-resisted|p1a: Cresselia\n|-crit|p1a: Cresselia\n|-damage|p1a: Cresselia|82\/100\n|\n|-heal|p1a: Cresselia|88\/100|[from] item: Leftovers\n|upkeep\n|turn|5\n|\n|t:|1699825160\n|switch|p2a: Skeledirge|Skeledirge, F|100\/100\n|move|p1a: Cresselia|Calm Mind|p1a: Cresselia\n|-boost|p1a: Cresselia|spa|1\n|-boost|p1a: Cresselia|spd|1\n|\n|-heal|p1a: Cresselia|94\/100|[from] item: Leftovers\n|upkeep\n|turn|6\n|\n|t:|1699825163\n|move|p1a: Cresselia|Calm Mind|p1a: Cresselia\n|-boost|p1a: Cresselia|spa|1\n|-boost|p1a: Cresselia|spd|1\n|move|p2a: Skeledirge|Torch Song|p1a: Cresselia\n|-damage|p1a: Cresselia|75\/100\n|-boost|p2a: Skeledirge|spa|1\n|\n|-heal|p1a: Cresselia|81\/100|[from] item: Leftovers\n|upkeep\n|turn|7\n|\n|t:|1699825165\n|move|p1a: Cresselia|Calm Mind|p1a: Cresselia\n|-boost|p1a: Cresselia|spa|1\n|-boost|p1a: Cresselia|spd|1\n|move|p2a: Skeledirge|Torch Song|p1a: Cresselia\n|-damage|p1a: Cresselia|52\/100\n|-boost|p2a: Skeledirge|spa|1\n|\n|-heal|p1a: Cresselia|58\/100|[from] item: Leftovers\n|upkeep\n|turn|8\n|\n|t:|1699825167\n|move|p1a: Cresselia|Calm Mind|p1a: Cresselia\n|-boost|p1a: Cresselia|spa|1\n|-boost|p1a: Cresselia|spd|1\n|move|p2a: Skeledirge|Torch Song|p1a: Cresselia\n|-damage|p1a: Cresselia|16\/100\n|-boost|p2a: Skeledirge|spa|1\n|\n|-heal|p1a: Cresselia|22\/100|[from] item: Leftovers\n|upkeep\n|turn|9\n|\n|t:|1699825169\n|move|p1a: Cresselia|Stored Power|p2a: Skeledirge\n|-damage|p2a: Skeledirge|60\/100\n|move|p2a: Skeledirge|Torch Song|p1a: Cresselia\n|-damage|p1a: Cresselia|0 fnt\n|-boost|p2a: Skeledirge|spa|1\n|faint|p1a: Cresselia\n|\n|-heal|p2a: Skeledirge|66\/100|[from] item: Leftovers\n|upkeep\n|-message|KevinGR forfeited.\n|\n|win|DufauxZac\n|raw|KevinGR's rating: 1459 &rarr; <strong>1444<\/strong><br \/>(-15 for losing)\n|raw|DufauxZac's rating: 1555 &rarr; <strong>1570<\/strong><br \/>(+15 for winning)\n|l|\u2606KevinGR\n|c|\u2606DufauxZac|Why does every cresellia player\n|c|\u2606DufauxZac|Do that\n","uploadtime":1699825184,"views":20,"p1id":"kevingr","p2id":"dufauxzac","formatid":"gen9ou","rating":1444,"private":0,"password":""}