{"id":"gen9ou-1989546088","p1":"airwave15","p2":"ponhfhh","format":"[Gen 9] OU","log":"|j|\u2606airwave15\n|j|\u2606ponhfhh\n|t:|1699869099\n|gametype|singles\n|player|p1|airwave15|sabrina|1028\n|player|p2|ponhfhh|nate|1076\n|teamsize|p1|6\n|teamsize|p2|6\n|gen|9\n|tier|[Gen 9] OU\n|rated|\n|rule|Sleep Clause Mod: Limit one foe put to sleep\n|rule|Species Clause: Limit one of each Pok\u00e9mon\n|rule|OHKO Clause: OHKO moves are banned\n|rule|Evasion Items Clause: Evasion items are banned\n|rule|Evasion Moves Clause: Evasion moves are banned\n|rule|Endless Battle Clause: Forcing endless battles is banned\n|rule|HP Percentage Mod: HP is shown in percentages\n|clearpoke\n|poke|p1|Tinkaton, F|\n|poke|p1|Walking Wake|\n|poke|p1|Clefable, M|\n|poke|p1|Meowscarada, F|\n|poke|p1|Ceruledge, M|\n|poke|p1|Dondozo, F|\n|poke|p2|Alomomola, M|\n|poke|p2|Slowking-Galar, F|\n|poke|p2|Great Tusk|\n|poke|p2|Clefable, M|\n|poke|p2|Kingambit, M|\n|poke|p2|Zapdos|\n|teampreview\n|\n|t:|1699869119\n|start\n|switch|p1a: Meowscarada|Meowscarada, F|100\/100\n|switch|p2a: Slowking|Slowking-Galar, F|100\/100\n|turn|1\n|\n|t:|1699869126\n|move|p1a: Meowscarada|Taunt|p2a: Slowking\n|-start|p2a: Slowking|move: Taunt\n|move|p2a: Slowking|Sludge Bomb|p1a: Meowscarada\n|-supereffective|p1a: Meowscarada\n|-enditem|p1a: Meowscarada|Focus Sash\n|-damage|p1a: Meowscarada|1\/100\n|\n|upkeep\n|turn|2\n|\n|t:|1699869135\n|move|p1a: Meowscarada|Spikes|p2a: Slowking\n|-sidestart|p2: ponhfhh|Spikes\n|move|p2a: Slowking|Ice Beam|p1a: Meowscarada\n|-supereffective|p1a: Meowscarada\n|-damage|p1a: Meowscarada|0 fnt\n|faint|p1a: Meowscarada\n|\n|upkeep\n|\n|t:|1699869150\n|switch|p1a: Tinkaton|Tinkaton, F|100\/100\n|-ability|p1a: Tinkaton|Mold Breaker\n|turn|3\n|\n|t:|1699869155\n|switch|p2a: Alomomola|Alomomola, M|100\/100\n|-damage|p2a: Alomomola|88\/100|[from] Spikes\n|move|p1a: Tinkaton|Swords Dance|p1a: Tinkaton\n|-boost|p1a: Tinkaton|atk|2\n|\n|upkeep\n|turn|4\n|\n|t:|1699869163\n|move|p1a: Tinkaton|Gigaton Hammer|p2a: Alomomola\n|-resisted|p2a: Alomomola\n|-damage|p2a: Alomomola|37\/100\n|-enditem|p2a: Alomomola|Red Card|[of] p1a: Tinkaton\n|drag|p1a: Ceruledge|Ceruledge, M|100\/100\n|move|p2a: Alomomola|Scald|p1a: Ceruledge\n|-supereffective|p1a: Ceruledge\n|-damage|p1a: Ceruledge|83\/100\n|\n|upkeep\n|turn|5\n|\n|t:|1699869177\n|switch|p2a: Kingambit|Kingambit, M|100\/100\n|-damage|p2a: Kingambit|88\/100|[from] Spikes\n|move|p1a: Ceruledge|Close Combat|p2a: Kingambit\n|-supereffective|p2a: Kingambit\n|-damage|p2a: Kingambit|0 fnt\n|-unboost|p1a: Ceruledge|def|1\n|-unboost|p1a: Ceruledge|spd|1\n|faint|p2a: Kingambit\n|-end|p2a: Kingambit|fallenundefined|[silent]\n|\n|upkeep\n|\n|t:|1699869188\n|switch|p2a: Great Tusk|Great Tusk|100\/100\n|turn|6\n|\n|t:|1699869192\n|switch|p1a: Dondozo|Dondozo, F|100\/100\n|move|p2a: Great Tusk|Knock Off|p1a: Dondozo\n|-crit|p1a: Dondozo\n|-damage|p1a: Dondozo|79\/100\n|-damage|p2a: Great Tusk|84\/100|[from] item: Rocky Helmet|[of] p1a: Dondozo\n|-enditem|p1a: Dondozo|Rocky Helmet|[from] move: Knock Off|[of] p2a: Great Tusk\n|\n|upkeep\n|turn|7\n|\n|t:|1699869202\n|-end|p2a: Great Tusk|Protosynthesis|[silent]\n|switch|p2a: Zapdos|Zapdos|100\/100\n|-ability|p2a: Zapdos|Pressure\n|move|p1a: Dondozo|Wave Crash|p2a: Zapdos\n|-damage|p2a: Zapdos|55\/100\n|-damage|p1a: Dondozo|68\/100|[from] Recoil\n|\n|upkeep\n|turn|8\n|\n|t:|1699869221\n|switch|p1a: Ceruledge|Ceruledge, M|83\/100\n|move|p2a: Zapdos|Discharge|p1a: Ceruledge\n|-damage|p1a: Ceruledge|51\/100\n|\n|upkeep\n|turn|9\n|\n|t:|1699869235\n|move|p2a: Zapdos|Volt Switch|p1a: Ceruledge\n|-damage|p1a: Ceruledge|22\/100\n|\n|t:|1699869239\n|switch|p2a: Alomomola|Alomomola, M|70\/100|[from] Volt Switch\n|-damage|p2a: Alomomola|58\/100|[from] Spikes\n|move|p1a: Ceruledge|Bitter Blade|p2a: Alomomola\n|-resisted|p2a: Alomomola\n|-damage|p2a: Alomomola|46\/100\n|-heal|p1a: Ceruledge|30\/100|[from] drain|[of] p2a: Alomomola\n|\n|upkeep\n|turn|10\n|\n|t:|1699869251\n|switch|p1a: Tinkaton|Tinkaton, F|100\/100\n|-ability|p1a: Tinkaton|Mold Breaker\n|move|p2a: Alomomola|Wish|p2a: Alomomola\n|\n|upkeep\n|turn|11\n|\n|t:|1699869261\n|move|p1a: Tinkaton|Gigaton Hammer|p2a: Alomomola\n|-resisted|p2a: Alomomola\n|-damage|p2a: Alomomola|23\/100\n|-damage|p1a: Tinkaton|91\/100|[from] item: Life Orb\n|move|p2a: Alomomola|Scald|p1a: Tinkaton\n|-damage|p1a: Tinkaton|77\/100\n|\n|-heal|p2a: Alomomola|73\/100|[from] move: Wish|[wisher] Alomomola\n|upkeep\n|turn|12\n|l|\u2606airwave15\n|player|p1|\n|inactive|Battle timer is ON: inactive players will automatically lose when time's up. (requested by ponhfhh)\n|inactive|airwave15 has 30 seconds to reconnect!\n|j|\u2606airwave15\n|inactive|airwave15 reconnected and has 115 seconds left.\n|player|p1|airwave15|sabrina\n|\n|t:|1699869331\n|move|p1a: Tinkaton|Swords Dance|p1a: Tinkaton\n|-boost|p1a: Tinkaton|atk|2\n|move|p2a: Alomomola|Wish|p2a: Alomomola\n|\n|upkeep\n|turn|13\n|\n|t:|1699869338\n|-terastallize|p1a: Tinkaton|Electric\n|move|p1a: Tinkaton|Tera Blast|p2a: Alomomola|[anim] Tera Blast Electric\n|-supereffective|p2a: Alomomola\n|-damage|p2a: Alomomola|0 fnt\n|faint|p2a: Alomomola\n|-damage|p1a: Tinkaton|67\/100|[from] item: Life Orb\n|\n|upkeep\n|\n|t:|1699869345\n|switch|p2a: Great Tusk|Great Tusk|84\/100\n|turn|14\n|\n|t:|1699869350\n|move|p2a: Great Tusk|Rapid Spin|p1a: Tinkaton\n|-crit|p1a: Tinkaton\n|-damage|p1a: Tinkaton|29\/100\n|-boost|p2a: Great Tusk|spe|1\n|-sideend|p2: ponhfhh|Spikes|[from] move: Rapid Spin|[of] p2a: Great Tusk\n|move|p1a: Tinkaton|Gigaton Hammer|p2a: Great Tusk\n|-damage|p2a: Great Tusk|0 fnt\n|faint|p2a: Great Tusk\n|-end|p2a: Great Tusk|Protosynthesis|[silent]\n|-damage|p1a: Tinkaton|19\/100|[from] item: Life Orb\n|\n|upkeep\n|\n|t:|1699869360\n|switch|p2a: Zapdos|Zapdos|55\/100\n|-ability|p2a: Zapdos|Pressure\n|turn|15\n|\n|t:|1699869365\n|move|p1a: Tinkaton|Play Rough|p2a: Zapdos\n|-damage|p2a: Zapdos|0 fnt\n|faint|p2a: Zapdos\n|-damage|p1a: Tinkaton|9\/100|[from] item: Life Orb\n|\n|upkeep\n|\n|t:|1699869368\n|switch|p2a: Slowking|Slowking-Galar, F|100\/100\n|turn|16\n|\n|t:|1699869375\n|move|p1a: Tinkaton|Gigaton Hammer|p2a: Slowking\n|-damage|p2a: Slowking|0 fnt\n|faint|p2a: Slowking\n|-damage|p1a: Tinkaton|0 fnt|[from] item: Life Orb\n|faint|p1a: Tinkaton\n|\n|upkeep\n|-message|ponhfhh forfeited.\n|\n|win|airwave15\n|raw|airwave15's rating: 1028 &rarr; <strong>1069<\/strong><br \/>(+41 for winning)\n|raw|ponhfhh's rating: 1076 &rarr; <strong>1052<\/strong><br \/>(-24 for losing)\n|l|\u2606ponhfhh\n","uploadtime":1699869555,"views":19,"p1id":"airwave15","p2id":"ponhfhh","formatid":"gen9ou","rating":1052,"private":0,"password":""}