{"id":"gen9ou-1999790792","p1":"Ashirpa","p2":"Crysisblue","format":"[Gen 9] OU","log":"|j|\u2606Ashirpa\n|j|\u2606Crysisblue\n|t:|1701116985\n|gametype|singles\n|player|p1|Ashirpa|psychicf|1045\n|player|p2|Crysisblue|1|1071\n|teamsize|p1|6\n|teamsize|p2|6\n|gen|9\n|tier|[Gen 9] OU\n|rated|\n|rule|Sleep Clause Mod: Limit one foe put to sleep\n|rule|Species Clause: Limit one of each Pok\u00e9mon\n|rule|OHKO Clause: OHKO moves are banned\n|rule|Evasion Items Clause: Evasion items are banned\n|rule|Evasion Moves Clause: Evasion moves are banned\n|rule|Endless Battle Clause: Forcing endless battles is banned\n|rule|HP Percentage Mod: HP is shown in percentages\n|clearpoke\n|poke|p1|Dragonite, M|\n|poke|p1|Dragapult, M|\n|poke|p1|Samurott-Hisui, F|\n|poke|p1|Ninetales-Alola, M|\n|poke|p1|Zamazenta-*|\n|poke|p1|Iron Moth|\n|poke|p2|Garchomp, F|\n|poke|p2|Greninja-*, F|\n|poke|p2|Cinderace, M|\n|poke|p2|Klefki, F|\n|poke|p2|Dragapult, M|\n|poke|p2|Manaphy|\n|teampreview\n|c|\u2606Ashirpa|hellow\n|\n|t:|1701117002\n|start\n|switch|p1a: Ninetales|Ninetales-Alola, M|100\/100\n|switch|p2a: Klefki|Klefki, F|100\/100\n|-weather|Snow|[from] ability: Snow Warning|[of] p1a: Ninetales\n|turn|1\n|\n|t:|1701117014\n|move|p2a: Klefki|Light Screen|p2a: Klefki\n|-sidestart|p2: Crysisblue|move: Light Screen\n|move|p1a: Ninetales|Aurora Veil|p1a: Ninetales\n|-sidestart|p1: Ashirpa|move: Aurora Veil\n|\n|-weather|Snow|[upkeep]\n|upkeep\n|turn|2\n|\n|t:|1701117020\n|move|p2a: Klefki|Reflect|p2a: Klefki\n|-sidestart|p2: Crysisblue|Reflect\n|move|p1a: Ninetales|Hypnosis|p2a: Klefki\n|-status|p2a: Klefki|slp|[from] move: Hypnosis\n|\n|-weather|Snow|[upkeep]\n|upkeep\n|turn|3\n|\n|t:|1701117036\n|switch|p1a: Zamazenta|Zamazenta|100\/100\n|-ability|p1a: Zamazenta|Dauntless Shield|boost\n|-boost|p1a: Zamazenta|def|1\n|switch|p2a: Manaphy|Manaphy|100\/100\n|\n|-weather|Snow|[upkeep]\n|upkeep\n|turn|4\n|\n|t:|1701117075\n|move|p1a: Zamazenta|Wild Charge|p2a: Manaphy\n|-supereffective|p2a: Manaphy\n|-damage|p2a: Manaphy|59\/100\n|-damage|p1a: Zamazenta|90\/100|[from] Recoil\n|move|p2a: Manaphy|Tail Glow|p2a: Manaphy\n|-boost|p2a: Manaphy|spa|3\n|\n|-weather|Snow|[upkeep]\n|-heal|p2a: Manaphy|65\/100|[from] item: Leftovers\n|upkeep\n|turn|5\n|\n|t:|1701117098\n|switch|p1a: Iron Moth|Iron Moth|100\/100\n|-enditem|p1a: Iron Moth|Booster Energy\n|-activate|p1a: Iron Moth|ability: Quark Drive|[fromitem]\n|-start|p1a: Iron Moth|quarkdrivespa\n|move|p2a: Manaphy|Scald|p1a: Iron Moth\n|-supereffective|p1a: Iron Moth\n|-damage|p1a: Iron Moth|2\/100\n|\n|-weather|none\n|-heal|p2a: Manaphy|72\/100|[from] item: Leftovers\n|-sideend|p2: Crysisblue|move: Light Screen\n|upkeep\n|turn|6\n|\n|t:|1701117114\n|move|p1a: Iron Moth|Energy Ball|p2a: Manaphy\n|-supereffective|p2a: Manaphy\n|-crit|p2a: Manaphy\n|-damage|p2a: Manaphy|0 fnt\n|faint|p2a: Manaphy\n|\n|-sideend|p2: Crysisblue|Reflect\n|upkeep\n|\n|t:|1701117122\n|switch|p2a: Greninja|Greninja, F, shiny|100\/100\n|turn|7\n|\n|t:|1701117129\n|move|p2a: Greninja|Water Shuriken|p1a: Iron Moth\n|-start|p2a: Greninja|typechange|Water|[from] ability: Protean\n|-supereffective|p1a: Iron Moth\n|-damage|p1a: Iron Moth|0 fnt\n|faint|p1a: Iron Moth\n|-end|p1a: Iron Moth|Quark Drive|[silent]\n|-hitcount|p1: Iron Moth|1\n|-damage|p2a: Greninja|91\/100|[from] item: Life Orb\n|\n|upkeep\n|\n|t:|1701117142\n|switch|p1a: Ninetales|Ninetales-Alola, M|100\/100\n|-weather|Snow|[from] ability: Snow Warning|[of] p1a: Ninetales\n|turn|8\n|\n|t:|1701117163\n|switch|p2a: Cinderace|Cinderace, M|100\/100\n|move|p1a: Ninetales|Freeze-Dry|p2a: Cinderace\n|-resisted|p2a: Cinderace\n|-damage|p2a: Cinderace|85\/100\n|\n|-weather|Snow|[upkeep]\n|-sideend|p1: Ashirpa|move: Aurora Veil\n|upkeep\n|turn|9\n|\n|t:|1701117215\n|switch|p1a: Zamazenta|Zamazenta|90\/100\n|move|p2a: Cinderace|Iron Head|p1a: Zamazenta\n|-start|p2a: Cinderace|typechange|Steel|[from] ability: Libero\n|-damage|p1a: Zamazenta|51\/100\n|\n|-weather|Snow|[upkeep]\n|upkeep\n|turn|10\n|\n|t:|1701117238\n|switch|p2a: Klefki|Klefki, F|100\/100 slp\n|move|p1a: Zamazenta|Close Combat|p2a: Klefki\n|-damage|p2a: Klefki|7\/100 slp\n|-unboost|p1a: Zamazenta|def|1\n|-unboost|p1a: Zamazenta|spd|1\n|-damage|p1a: Zamazenta|34\/100|[from] item: Rocky Helmet|[of] p2a: Klefki\n|\n|-weather|Snow|[upkeep]\n|upkeep\n|turn|11\n|\n|t:|1701117248\n|switch|p1a: Ninetales|Ninetales-Alola, M|100\/100\n|cant|p2a: Klefki|slp\n|\n|-weather|Snow|[upkeep]\n|upkeep\n|turn|12\n|\n|t:|1701117255\n|-curestatus|p2a: Klefki|slp|[msg]\n|move|p2a: Klefki|Reflect|p2a: Klefki\n|-sidestart|p2: Crysisblue|Reflect\n|move|p1a: Ninetales|Aurora Veil|p1a: Ninetales\n|-sidestart|p1: Ashirpa|move: Aurora Veil\n|\n|-weather|none\n|upkeep\n|turn|13\n|\n|t:|1701117265\n|move|p2a: Klefki|Light Screen|p2a: Klefki\n|-sidestart|p2: Crysisblue|move: Light Screen\n|move|p1a: Ninetales|Freeze-Dry|p2a: Klefki\n|-resisted|p2a: Klefki\n|-damage|p2a: Klefki|1\/100\n|\n|upkeep\n|turn|14\n|\n|t:|1701117272\n|move|p2a: Klefki|Thunder Wave|p1a: Ninetales\n|-status|p1a: Ninetales|par\n|move|p1a: Ninetales|Moonblast|p2a: Klefki\n|-resisted|p2a: Klefki\n|-damage|p2a: Klefki|0 fnt\n|faint|p2a: Klefki\n|\n|upkeep\n|\n|t:|1701117280\n|switch|p2a: Cinderace|Cinderace, M|85\/100\n|turn|15\n|\n|t:|1701117288\n|switch|p1a: Dragonite|Dragonite, M, shiny|100\/100\n|move|p2a: Cinderace|Iron Head|p1a: Dragonite\n|-start|p2a: Cinderace|typechange|Steel|[from] ability: Libero\n|-damage|p1a: Dragonite|89\/100\n|\n|upkeep\n|turn|16\n|\n|t:|1701117320\n|move|p2a: Cinderace|Iron Head|p1a: Dragonite\n|-damage|p1a: Dragonite|65\/100\n|cant|p1a: Dragonite|flinch\n|\n|-sideend|p2: Crysisblue|Reflect\n|upkeep\n|turn|17\n|\n|t:|1701117331\n|move|p2a: Cinderace|Iron Head|p1a: Dragonite\n|-damage|p1a: Dragonite|40\/100\n|move|p1a: Dragonite|Dragon Dance|p1a: Dragonite\n|-boost|p1a: Dragonite|atk|1\n|-boost|p1a: Dragonite|spe|1\n|\n|-sideend|p2: Crysisblue|move: Light Screen\n|upkeep\n|turn|18\n|\n|t:|1701117341\n|-terastallize|p1a: Dragonite|Normal\n|move|p1a: Dragonite|Extreme Speed|p2a: Cinderace\n|-resisted|p2a: Cinderace\n|-damage|p2a: Cinderace|37\/100\n|move|p2a: Cinderace|Sucker Punch||[still]\n|-fail|p2a: Cinderace\n|\n|upkeep\n|turn|19\n|\n|t:|1701117350\n|switch|p2a: Dragapult|Dragapult, M|100\/100\n|move|p1a: Dragonite|Extreme Speed|p2a: Dragapult\n|-immune|p2a: Dragapult\n|\n|-sideend|p1: Ashirpa|move: Aurora Veil\n|upkeep\n|turn|20\n|\n|t:|1701117373\n|move|p1a: Dragonite|Ice Spinner|p2a: Dragapult\n|-supereffective|p2a: Dragapult\n|-damage|p2a: Dragapult|0 fnt\n|faint|p2a: Dragapult\n|\n|upkeep\n|\n|t:|1701117379\n|switch|p2a: Greninja|Greninja, F, shiny|91\/100\n|turn|21\n|\n|t:|1701117384\n|move|p1a: Dragonite|Earthquake|p2a: Greninja\n|-damage|p2a: Greninja|4\/100\n|move|p2a: Greninja|Ice Beam|p1a: Dragonite\n|-start|p2a: Greninja|typechange|Ice|[from] ability: Protean\n|-damage|p1a: Dragonite|0 fnt\n|faint|p1a: Dragonite\n|-damage|p2a: Greninja|0 fnt|[from] item: Life Orb\n|faint|p2a: Greninja\n|\n|upkeep\n|\n|t:|1701117396\n|switch|p2a: Cinderace|Cinderace, M|37\/100\n|switch|p1a: Samurott|Samurott-Hisui, F|100\/100\n|turn|22\n|\n|t:|1701117402\n|move|p2a: Cinderace|High Jump Kick|p1a: Samurott\n|-start|p2a: Cinderace|typechange|Fighting|[from] ability: Libero\n|-supereffective|p1a: Samurott\n|-enditem|p1a: Samurott|Focus Sash\n|-damage|p1a: Samurott|1\/100\n|move|p1a: Samurott|Ceaseless Edge|p2a: Cinderace\n|-resisted|p2a: Cinderace\n|-crit|p2a: Cinderace\n|-damage|p2a: Cinderace|0 fnt\n|-sidestart|p2: Crysisblue|Spikes\n|faint|p2a: Cinderace\n|\n|upkeep\n|\n|t:|1701117414\n|switch|p2a: Garchomp|Garchomp, F|100\/100\n|-damage|p2a: Garchomp|88\/100|[from] Spikes\n|turn|23\n|\n|t:|1701117420\n|-terastallize|p2a: Garchomp|Dragon\n|move|p1a: Samurott|Aqua Jet|p2a: Garchomp\n|-resisted|p2a: Garchomp\n|-damage|p2a: Garchomp|79\/100\n|-damage|p1a: Samurott|0 fnt|[from] ability: Rough Skin|[of] p2a: Garchomp\n|faint|p1a: Samurott\n|move|p2a: Garchomp|Dragon Claw|p1: Samurott|[notarget]\n|-fail|p2a: Garchomp\n|\n|upkeep\n|\n|t:|1701117429\n|switch|p1a: Ninetales|Ninetales-Alola, M|100\/100 par\n|-weather|Snow|[from] ability: Snow Warning|[of] p1a: Ninetales\n|turn|24\n|\n|t:|1701117436\n|move|p2a: Garchomp|Earthquake|p1a: Ninetales\n|-damage|p1a: Ninetales|57\/100 par\n|move|p1a: Ninetales|Aurora Veil|p1a: Ninetales\n|-sidestart|p1: Ashirpa|move: Aurora Veil\n|\n|-weather|Snow|[upkeep]\n|upkeep\n|turn|25\n|\n|t:|1701117443\n|move|p2a: Garchomp|Earthquake|p1a: Ninetales\n|-damage|p1a: Ninetales|34\/100 par\n|move|p1a: Ninetales|Moonblast|p2a: Garchomp\n|-supereffective|p2a: Garchomp\n|-damage|p2a: Garchomp|22\/100\n|-unboost|p2a: Garchomp|spa|1\n|\n|-weather|Snow|[upkeep]\n|upkeep\n|turn|26\n|\n|t:|1701117455\n|move|p2a: Garchomp|Earthquake|p1a: Ninetales\n|-damage|p1a: Ninetales|9\/100 par\n|move|p1a: Ninetales|Moonblast|p2a: Garchomp\n|-supereffective|p2a: Garchomp\n|-damage|p2a: Garchomp|0 fnt\n|faint|p2a: Garchomp\n|\n|win|Ashirpa\n|raw|Ashirpa's rating: 1045 &rarr; <strong>1081<\/strong><br \/>(+36 for winning)\n|raw|Crysisblue's rating: 1071 &rarr; <strong>1049<\/strong><br \/>(-22 for losing)\n|c|\u2606Ashirpa|ggs !\n|l|\u2606Crysisblue\n","uploadtime":1701117471,"views":10,"p1id":"ashirpa","p2id":"crysisblue","formatid":"gen9ou","rating":1049,"private":0,"password":""}