{"id":"gen9ou-1989404174","p1":"KevinF_VGC","p2":"acetrainerluck","format":"[Gen 9] OU","log":"|j|\u2606KevinF_VGC\n|j|\u2606acetrainerluck\n|t:|1699845895\n|gametype|singles\n|player|p1|KevinF_VGC|marnie-masters2|\n|player|p2|acetrainerluck|steven|\n|teamsize|p1|6\n|teamsize|p2|6\n|gen|9\n|tier|[Gen 9] OU\n|rule|Sleep Clause Mod: Limit one foe put to sleep\n|rule|Species Clause: Limit one of each Pok\u00e9mon\n|rule|OHKO Clause: OHKO moves are banned\n|rule|Evasion Items Clause: Evasion items are banned\n|rule|Evasion Moves Clause: Evasion moves are banned\n|rule|Endless Battle Clause: Forcing endless battles is banned\n|rule|HP Percentage Mod: HP is shown in percentages\n|clearpoke\n|poke|p1|Thundurus, M|\n|poke|p1|Carbink|\n|poke|p1|Hatterene, F|\n|poke|p1|Great Tusk|\n|poke|p1|Muk-Alola, F|\n|poke|p1|Scyther, M|\n|poke|p2|Pelipper, F|\n|poke|p2|Garchomp, M|\n|poke|p2|Basculegion-F, F|\n|poke|p2|Tinkaton, F|\n|poke|p2|Barraskewda, M|\n|poke|p2|Pawmot, F|\n|teampreview\n|j| GymLeader Avery\n|j| CTE World\n|j| DomNeedsHelp\n|c| DomNeedsHelp|Go!\n|j| TBK Renegades\n|j| muffinATEthat\n|inactive|Battle timer is ON: inactive players will automatically lose when time's up. (requested by acetrainerluck)\n|\n|t:|1699845963\n|start\n|switch|p1a: Endroll|Great Tusk|100\/100\n|switch|p2a: Can I Get A Bite?|Pelipper, F|100\/100\n|-weather|RainDance|[from] ability: Drizzle|[of] p2a: Can I Get A Bite?\n|turn|1\n|j| Godbody Storm\n|\n|t:|1699845984\n|-end|p1a: Endroll|Protosynthesis|[silent]\n|switch|p1a: 1960|Thundurus, M|100\/100\n|move|p2a: Can I Get A Bite?|U-turn|p1a: 1960\n|-resisted|p1a: 1960\n|-damage|p1a: 1960|93\/100\n|\n|t:|1699845990\n|switch|p2a: Sharkeisha|Basculegion-F, F|100\/100|[from] U-turn\n|\n|-weather|RainDance|[upkeep]\n|upkeep\n|turn|2\n|c| Godbody Storm|rain :)\n|inactive|acetrainerluck has 270 seconds left.\n|inactive|KevinF_VGC has 270 seconds left.\n|\n|t:|1699846021\n|-terastallize|p2a: Sharkeisha|Dark\n|move|p1a: 1960|Sunny Day|p1a: 1960\n|-weather|SunnyDay\n|move|p2a: Sharkeisha|Ice Beam|p1a: 1960\n|-supereffective|p1a: 1960\n|-crit|p1a: 1960\n|-damage|p1a: 1960|0 fnt\n|faint|p1a: 1960\n|\n|-weather|SunnyDay|[upkeep]\n|upkeep\n|inactive|KevinF_VGC has 270 seconds left.\n|\n|t:|1699846038\n|switch|p1a: Kakuiumono|Hatterene, F|100\/100\n|turn|3\n|inactive|acetrainerluck has 270 seconds left.\n|inactive|KevinF_VGC has 240 seconds left.\n|\n|t:|1699846077\n|switch|p2a: Can I Get A Bite?|Pelipper, F|100\/100\n|-weather|RainDance|[from] ability: Drizzle|[of] p2a: Can I Get A Bite?\n|switch|p1a: Sugar|Carbink|100\/100\n|\n|-weather|RainDance|[upkeep]\n|upkeep\n|turn|4\n|inactive|KevinF_VGC has 240 seconds left.\n|inactive|acetrainerluck has 270 seconds left.\n|\n|t:|1699846089\n|move|p2a: Can I Get A Bite?|Surf|p1a: Sugar\n|-supereffective|p1a: Sugar\n|-damage|p1a: Sugar|31\/100\n|move|p1a: Sugar|Trick Room|p1a: Sugar\n|-fieldstart|move: Trick Room|[of] p1a: Sugar\n|\n|-weather|RainDance|[upkeep]\n|upkeep\n|turn|5\n|inactive|KevinF_VGC has 240 seconds left.\n|inactive|acetrainerluck has 270 seconds left.\n|\n|t:|1699846100\n|move|p2a: Can I Get A Bite?|Surf|p1a: Sugar\n|-supereffective|p1a: Sugar\n|-damage|p1a: Sugar|0 fnt\n|faint|p1a: Sugar\n|\n|-weather|RainDance|[upkeep]\n|upkeep\n|inactive|KevinF_VGC has 240 seconds left.\n|\n|t:|1699846118\n|switch|p1a: Kakuiumono|Hatterene, F|100\/100\n|turn|6\n|inactive|acetrainerluck has 270 seconds left.\n|\n|t:|1699846136\n|move|p1a: Kakuiumono|Calm Mind|p1a: Kakuiumono\n|-boost|p1a: Kakuiumono|spa|1\n|-boost|p1a: Kakuiumono|spd|1\n|move|p2a: Can I Get A Bite?|U-turn|p1a: Kakuiumono\n|-damage|p1a: Kakuiumono|94\/100\n|inactive|acetrainerluck has 270 seconds left.\n|\n|t:|1699846150\n|switch|p2a: Hate Crime|Tinkaton, F|100\/100|[from] U-turn\n|-ability|p2a: Hate Crime|Mold Breaker\n|\n|-weather|RainDance|[upkeep]\n|upkeep\n|turn|7\n|inactive|acetrainerluck has 270 seconds left.\n|inactive|KevinF_VGC has 240 seconds left.\n|\n|t:|1699846168\n|move|p1a: Kakuiumono|Mystical Fire|p2a: Hate Crime\n|-supereffective|p2a: Hate Crime\n|-damage|p2a: Hate Crime|71\/100\n|-unboost|p2a: Hate Crime|spa|1\n|move|p2a: Hate Crime|Gigaton Hammer|p1a: Kakuiumono\n|-supereffective|p1a: Kakuiumono\n|-enditem|p1a: Kakuiumono|Babiri Berry|[eat]\n|-enditem|p1a: Kakuiumono|Babiri Berry|[weaken]\n|-damage|p1a: Kakuiumono|60\/100\n|\n|-weather|RainDance|[upkeep]\n|-heal|p2a: Hate Crime|78\/100|[from] item: Leftovers\n|upkeep\n|turn|8\n|inactive|KevinF_VGC has 240 seconds left.\n|\n|t:|1699846188\n|switch|p1a: Endroll|Great Tusk|100\/100\n|move|p2a: Hate Crime|Knock Off|p1a: Endroll\n|-resisted|p1a: Endroll\n|-damage|p1a: Endroll|95\/100\n|-enditem|p1a: Endroll|Leftovers|[from] move: Knock Off|[of] p2a: Hate Crime\n|\n|-weather|RainDance|[upkeep]\n|-heal|p2a: Hate Crime|84\/100|[from] item: Leftovers\n|-fieldend|move: Trick Room\n|upkeep\n|turn|9\n|inactive|acetrainerluck has 240 seconds left.\n|\n|t:|1699846216\n|switch|p2a: Can I Get A Bite?|Pelipper, F|100\/100\n|move|p1a: Endroll|Knock Off|p2a: Can I Get A Bite?\n|-damage|p2a: Can I Get A Bite?|78\/100\n|-enditem|p2a: Can I Get A Bite?|Damp Rock|[from] move: Knock Off|[of] p1a: Endroll\n|\n|-weather|RainDance|[upkeep]\n|upkeep\n|turn|10\n|inactive|acetrainerluck has 240 seconds left.\n|inactive|KevinF_VGC has 210 seconds left.\n|\n|t:|1699846252\n|-end|p1a: Endroll|Protosynthesis|[silent]\n|switch|p1a: Highlight|Muk-Alola, F|100\/100\n|move|p2a: Can I Get A Bite?|U-turn|p1a: Highlight\n|-damage|p1a: Highlight|91\/100\n|\n|t:|1699846269\n|switch|p2a: Chomp|Garchomp, M|100\/100|[from] U-turn\n|\n|-weather|none\n|upkeep\n|turn|11\n|inactive|acetrainerluck has 210 seconds left.\n|\n|t:|1699846288\n|switch|p1a: Kakuiumono|Hatterene, F|60\/100\n|move|p2a: Chomp|Earthquake|p1a: Kakuiumono\n|-damage|p1a: Kakuiumono|17\/100\n|-damage|p2a: Chomp|91\/100|[from] item: Life Orb\n|\n|upkeep\n|turn|12\n|\n|t:|1699846301\n|switch|p1a: Endroll|Great Tusk|95\/100\n|move|p2a: Chomp|Earthquake|p1a: Endroll\n|-damage|p1a: Endroll|62\/100\n|-damage|p2a: Chomp|81\/100|[from] item: Life Orb\n|\n|upkeep\n|turn|13\n|inactive|acetrainerluck has 210 seconds left.\n|\n|t:|1699846320\n|move|p2a: Chomp|Earthquake|p1a: Endroll\n|-damage|p1a: Endroll|27\/100\n|-damage|p2a: Chomp|71\/100|[from] item: Life Orb\n|move|p1a: Endroll|Ice Spinner|p2a: Chomp\n|-supereffective|p2a: Chomp\n|-damage|p2a: Chomp|0 fnt\n|-damage|p1a: Endroll|15\/100|[from] ability: Rough Skin|[of] p2a: Chomp\n|faint|p2a: Chomp\n|\n|upkeep\n|inactive|acetrainerluck has 210 seconds left.\n|\n|t:|1699846350\n|switch|p2a: Can I Get A Bite?|Pelipper, F|78\/100\n|-weather|RainDance|[from] ability: Drizzle|[of] p2a: Can I Get A Bite?\n|turn|14\n|inactive|KevinF_VGC has 210 seconds left.\n|\n|t:|1699846375\n|-end|p1a: Endroll|Protosynthesis|[silent]\n|switch|p1a: Kakuiumono|Hatterene, F|17\/100\n|move|p2a: Can I Get A Bite?|U-turn|p1a: Kakuiumono\n|-damage|p1a: Kakuiumono|10\/100\n|\n|t:|1699846380\n|switch|p2a: BarraskewdR|Barraskewda, M, shiny|100\/100|[from] U-turn\n|\n|-weather|RainDance|[upkeep]\n|upkeep\n|turn|15\n|inactive|KevinF_VGC has 210 seconds left.\n|inactive|KevinF_VGC has 180 seconds left.\n|\n|t:|1699846433\n|move|p2a: BarraskewdR|Liquidation|p1a: Kakuiumono\n|-damage|p1a: Kakuiumono|0 fnt\n|faint|p1a: Kakuiumono\n|\n|-weather|RainDance|[upkeep]\n|upkeep\n|\n|t:|1699846442\n|switch|p1a: Highlight|Muk-Alola, F|91\/100\n|turn|16\n|\n|t:|1699846449\n|move|p2a: BarraskewdR|Liquidation|p1a: Highlight\n|-damage|p1a: Highlight|0 fnt\n|faint|p1a: Highlight\n|\n|-weather|RainDance|[upkeep]\n|upkeep\n|\n|t:|1699846457\n|switch|p1a: Endroll|Great Tusk|15\/100\n|turn|17\n|inactive|KevinF_VGC has 180 seconds left.\n|c| muffinATEthat|\u6b22\u8fce\u6765\u4e2d\u56fdKEVIN\uff01\n|\n|t:|1699846464\n|move|p2a: BarraskewdR|Liquidation|p1a: Endroll\n|-supereffective|p1a: Endroll\n|-damage|p1a: Endroll|0 fnt\n|faint|p1a: Endroll\n|-end|p1a: Endroll|Protosynthesis|[silent]\n|\n|-weather|RainDance|[upkeep]\n|upkeep\n|inactive|KevinF_VGC has 180 seconds left.\n|\n|t:|1699846470\n|switch|p1a: One Day|Scyther, M|100\/100\n|turn|18\n|c| Godbody Storm|slurs\n|c|\u2606acetrainerluck|lmao muffin\n|inactive|KevinF_VGC has 180 seconds left.\n|\n|t:|1699846486\n|-terastallize|p1a: One Day|Fighting\n|move|p2a: BarraskewdR|Liquidation|p1a: One Day\n|-damage|p1a: One Day|0 fnt\n|faint|p1a: One Day\n|\n|win|acetrainerluck\n|c|\u2606KevinF_VGC|ggs\n|c|\u2606acetrainerluck|ggs kevin\n","uploadtime":1699846490,"views":31,"p1id":"kevinfvgc","p2id":"acetrainerluck","formatid":"gen9ou","rating":0,"private":0,"password":""}