{"id":"gen9ou-1999657018","p1":"ombrax","p2":"Rollinos","format":"[Gen 9] OU","log":"|j|\u2606ombrax\n|j|\u2606Rollinos\n|inactive|Battle timer is ON: inactive players will automatically lose when time's up.\n|t:|1701105185\n|gametype|singles\n|player|p1|ombrax|hilbert|\n|player|p2|Rollinos|265|\n|teamsize|p1|5\n|teamsize|p2|5\n|gen|9\n|tier|[Gen 9] OU\n|rated|Tournament battle\n|rule|Sleep Clause Mod: Limit one foe put to sleep\n|rule|Species Clause: Limit one of each Pok\u00e9mon\n|rule|OHKO Clause: OHKO moves are banned\n|rule|Evasion Items Clause: Evasion items are banned\n|rule|Evasion Moves Clause: Evasion moves are banned\n|rule|Endless Battle Clause: Forcing endless battles is banned\n|rule|HP Percentage Mod: HP is shown in percentages\n|clearpoke\n|poke|p1|Poltchageist-Artisan|\n|poke|p1|Corviknight, M|\n|poke|p1|Murkrow, M|\n|poke|p1|Swinub, M|\n|poke|p1|Qwilfish-Hisui, F|\n|poke|p2|Dragonite, F|\n|poke|p2|Stunky, M|\n|poke|p2|Magnemite|\n|poke|p2|Chansey, F|\n|poke|p2|Aipom, F|\n|teampreview\n|j|*Lady Monita \u2746\n|inactive|Rollinos also wants the timer to be on.\n|\n|t:|1701105204\n|start\n|switch|p1a: Swinub|Swinub, M|100\/100\n|switch|p2a: Magnemite|Magnemite|100\/100\n|turn|1\n|\n|t:|1701105215\n|move|p1a: Swinub|Stealth Rock|p2a: Magnemite\n|-sidestart|p2: Rollinos|move: Stealth Rock\n|move|p2a: Magnemite|Reflect|p2a: Magnemite\n|-sidestart|p2: Rollinos|Reflect\n|\n|upkeep\n|turn|2\n|\n|t:|1701105221\n|switch|p2a: Stunky|Stunky, M|100\/100\n|-damage|p2a: Stunky|88\/100|[from] Stealth Rock\n|move|p1a: Swinub|Roar|p2a: Stunky\n|drag|p2a: Chansey|Chansey, F|100\/100\n|-damage|p2a: Chansey|88\/100|[from] Stealth Rock\n|\n|upkeep\n|turn|3\n|\n|t:|1701105229\n|move|p2a: Chansey|Seismic Toss|p1a: Swinub\n|-damage|p1a: Swinub|67\/100\n|move|p1a: Swinub|Roar|p2a: Chansey\n|drag|p2a: Stunky|Stunky, M|88\/100\n|-damage|p2a: Stunky|76\/100|[from] Stealth Rock\n|\n|upkeep\n|turn|4\n|\n|t:|1701105236\n|move|p2a: Stunky|Toxic|p1a: Swinub\n|-status|p1a: Swinub|tox\n|move|p1a: Swinub|Earthquake|p2a: Stunky\n|-supereffective|p2a: Stunky\n|-damage|p2a: Stunky|41\/100\n|\n|-damage|p1a: Swinub|62\/100 tox|[from] psn\n|upkeep\n|turn|5\n|\n|t:|1701105245\n|move|p2a: Stunky|Protect|p2a: Stunky\n|-singleturn|p2a: Stunky|Protect\n|move|p1a: Swinub|Earthquake|p2a: Stunky\n|-activate|p2a: Stunky|move: Protect\n|\n|-damage|p1a: Swinub|50\/100 tox|[from] psn\n|upkeep\n|turn|6\n|\n|t:|1701105252\n|move|p2a: Stunky|Memento|p1a: Swinub\n|-unboost|p1a: Swinub|atk|2\n|-unboost|p1a: Swinub|spa|2\n|faint|p2a: Stunky\n|move|p1a: Swinub|Roar|p2: Stunky|[notarget]\n|-fail|p1a: Swinub\n|\n|-damage|p1a: Swinub|32\/100 tox|[from] psn\n|upkeep\n|\n|t:|1701105274\n|switch|p2a: Aipom|Aipom, F|100\/100\n|-damage|p2a: Aipom|88\/100|[from] Stealth Rock\n|turn|7\n|\n|t:|1701105278\n|move|p2a: Aipom|Fake Out|p1a: Swinub\n|-damage|p1a: Swinub|8\/100 tox\n|cant|p1a: Swinub|flinch\n|\n|-damage|p1a: Swinub|0 fnt|[from] psn\n|faint|p1a: Swinub\n|upkeep\n|\n|t:|1701105284\n|switch|p1a: Qwilfish|Qwilfish-Hisui, F|100\/100\n|-ability|p1a: Qwilfish|Intimidate|boost\n|-unboost|p2a: Aipom|atk|1\n|turn|8\n|\n|t:|1701105305\n|switch|p2a: Magnemite|Magnemite|100\/100\n|-damage|p2a: Magnemite|94\/100|[from] Stealth Rock\n|move|p1a: Qwilfish|Swords Dance|p1a: Qwilfish\n|-boost|p1a: Qwilfish|atk|2\n|\n|-sideend|p2: Rollinos|Reflect\n|upkeep\n|turn|9\n|\n|t:|1701105312\n|move|p1a: Qwilfish|Crunch|p2a: Magnemite\n|-damage|p2a: Magnemite|0 fnt\n|faint|p2a: Magnemite\n|\n|upkeep\n|\n|t:|1701105314\n|switch|p2a: Dragonite|Dragonite, F|100\/100\n|-damage|p2a: Dragonite|76\/100|[from] Stealth Rock\n|turn|10\n|\n|t:|1701105316\n|move|p1a: Qwilfish|Barb Barrage|p2a: Dragonite\n|-damage|p2a: Dragonite|30\/100\n|move|p2a: Dragonite|Earthquake|p1a: Qwilfish\n|-supereffective|p1a: Qwilfish\n|-damage|p1a: Qwilfish|19\/100\n|\n|-heal|p2a: Dragonite|36\/100|[from] item: Leftovers\n|upkeep\n|turn|11\n|\n|t:|1701105322\n|move|p2a: Dragonite|Extreme Speed|p1a: Qwilfish\n|-damage|p1a: Qwilfish|0 fnt\n|faint|p1a: Qwilfish\n|\n|-heal|p2a: Dragonite|42\/100|[from] item: Leftovers\n|upkeep\n|\n|t:|1701105326\n|switch|p1a: Poltchageist|Poltchageist-Artisan|100\/100\n|turn|12\n|\n|t:|1701105339\n|switch|p2a: Chansey|Chansey, F|88\/100\n|-damage|p2a: Chansey|76\/100|[from] Stealth Rock\n|move|p1a: Poltchageist|Shadow Ball|p2a: Chansey\n|-immune|p2a: Chansey\n|\n|upkeep\n|turn|13\n|\n|t:|1701105353\n|switch|p1a: Murkrow|Murkrow, M|100\/100\n|move|p2a: Chansey|Thunder Wave|p1a: Murkrow\n|-status|p1a: Murkrow|par\n|\n|upkeep\n|turn|14\n|\n|t:|1701105361\n|move|p1a: Murkrow|Mean Look|p2a: Chansey\n|-activate|p2a: Chansey|trapped\n|move|p2a: Chansey|Soft-Boiled|p2a: Chansey\n|-heal|p2a: Chansey|100\/100\n|\n|upkeep\n|turn|15\n|\n|t:|1701105370\n|move|p1a: Murkrow|Perish Song|p1a: Murkrow\n|-start|p1a: Murkrow|perish3|[silent]\n|-start|p2a: Chansey|perish3|[silent]\n|-fieldactivate|move: Perish Song\n|move|p2a: Chansey|Seismic Toss|p1a: Murkrow\n|-damage|p1a: Murkrow|70\/100 par\n|\n|-start|p2a: Chansey|perish3\n|-start|p1a: Murkrow|perish3\n|upkeep\n|turn|16\n|j| Ember The Unknown\n|\n|t:|1701105381\n|move|p1a: Murkrow|Protect|p1a: Murkrow\n|-singleturn|p1a: Murkrow|Protect\n|move|p2a: Chansey|Seismic Toss|p1a: Murkrow\n|-activate|p1a: Murkrow|move: Protect\n|\n|-start|p2a: Chansey|perish2\n|-start|p1a: Murkrow|perish2\n|upkeep\n|turn|17\n|\n|t:|1701105387\n|move|p1a: Murkrow|Protect||[still]\n|-fail|p1a: Murkrow\n|move|p2a: Chansey|Seismic Toss|p1a: Murkrow\n|-damage|p1a: Murkrow|39\/100 par\n|\n|-start|p2a: Chansey|perish1\n|-start|p1a: Murkrow|perish1\n|upkeep\n|turn|18\n|\n|t:|1701105390\n|switch|p1a: Poltchageist|Poltchageist-Artisan|100\/100\n|move|p2a: Chansey|Healing Wish|p2a: Chansey\n|faint|p2a: Chansey\n|\n|upkeep\n|\n|t:|1701105394\n|switch|p2a: Dragonite|Dragonite, F|42\/100\n|-heal|p2a: Dragonite|100\/100|[from] move: Healing Wish\n|-damage|p2a: Dragonite|76\/100|[from] Stealth Rock\n|turn|19\n|\n|t:|1701105403\n|switch|p1a: Murkrow|Murkrow, M|39\/100 par\n|move|p2a: Dragonite|Dragon Dance|p2a: Dragonite\n|-boost|p2a: Dragonite|atk|1\n|-boost|p2a: Dragonite|spe|1\n|\n|-heal|p2a: Dragonite|82\/100|[from] item: Leftovers\n|upkeep\n|turn|20\n|\n|t:|1701105407\n|move|p2a: Dragonite|Extreme Speed|p1a: Murkrow\n|-damage|p1a: Murkrow|0 fnt\n|faint|p1a: Murkrow\n|\n|-heal|p2a: Dragonite|88\/100|[from] item: Leftovers\n|upkeep\n|\n|t:|1701105409\n|switch|p1a: Corviknight|Corviknight, M|100\/100\n|-ability|p1a: Corviknight|Pressure\n|turn|21\n|\n|t:|1701105413\n|move|p2a: Dragonite|Protect|p2a: Dragonite\n|-singleturn|p2a: Dragonite|Protect\n|move|p1a: Corviknight|Bulk Up|p1a: Corviknight\n|-boost|p1a: Corviknight|atk|1\n|-boost|p1a: Corviknight|def|1\n|\n|-heal|p2a: Dragonite|94\/100|[from] item: Leftovers\n|upkeep\n|turn|22\n|\n|t:|1701105422\n|move|p2a: Dragonite|Dragon Dance|p2a: Dragonite\n|-boost|p2a: Dragonite|atk|1\n|-boost|p2a: Dragonite|spe|1\n|move|p1a: Corviknight|Bulk Up|p1a: Corviknight\n|-boost|p1a: Corviknight|atk|1\n|-boost|p1a: Corviknight|def|1\n|\n|-heal|p2a: Dragonite|100\/100|[from] item: Leftovers\n|upkeep\n|turn|23\n|\n|t:|1701105428\n|move|p2a: Dragonite|Extreme Speed|p1a: Corviknight\n|-resisted|p1a: Corviknight\n|-damage|p1a: Corviknight|88\/100\n|move|p1a: Corviknight|Bulk Up|p1a: Corviknight\n|-boost|p1a: Corviknight|atk|1\n|-boost|p1a: Corviknight|def|1\n|\n|-heal|p1a: Corviknight|94\/100|[from] item: Leftovers\n|upkeep\n|turn|24\n|-message|Rollinos forfeited.\n|\n|win|ombrax\n|n|\u2606ombrax|ombrax\n|n|\u2606Rollinos|rollinos\n|n|*Lady Monita \u2746|ladymonita\n|n| Ember The Unknown|embertheunknown\n","uploadtime":1701105433,"views":2,"p1id":"ombrax","p2id":"rollinos","formatid":"gen9ou","rating":0,"private":0,"password":""}