{"id":"gen9ou-1992381941","p1":"Sindicate VI","p2":"Chillanous","format":"[Gen 9] OU","log":"|j|\u2606Sindicate VI\n|j|\u2606Chillanous\n|t:|1700181083\n|gametype|singles\n|player|p1|Sindicate VI|1|1400\n|player|p2|Chillanous|265|1450\n|teamsize|p1|6\n|teamsize|p2|6\n|gen|9\n|tier|[Gen 9] OU\n|rated|\n|rule|Sleep Clause Mod: Limit one foe put to sleep\n|rule|Species Clause: Limit one of each Pok\u00e9mon\n|rule|OHKO Clause: OHKO moves are banned\n|rule|Evasion Items Clause: Evasion items are banned\n|rule|Evasion Moves Clause: Evasion moves are banned\n|rule|Endless Battle Clause: Forcing endless battles is banned\n|rule|HP Percentage Mod: HP is shown in percentages\n|clearpoke\n|poke|p1|Ting-Lu|\n|poke|p1|Dondozo, F|\n|poke|p1|Garganacl, F|\n|poke|p1|Rillaboom, F|\n|poke|p1|Gholdengo|\n|poke|p1|Mandibuzz, F|\n|poke|p2|Clefable, F|\n|poke|p2|Dondozo, F|\n|poke|p2|Toxapex, M|\n|poke|p2|Blissey, F|\n|poke|p2|Corviknight, F|\n|poke|p2|Weezing-Galar, F|\n|teampreview\n|inactive|Battle timer is ON: inactive players will automatically lose when time's up. (requested by Sindicate VI)\n|\n|t:|1700181105\n|start\n|switch|p1a: Garganacl|Garganacl, F|100\/100\n|switch|p2a: Clefable|Clefable, F|100\/100\n|turn|1\n|\n|t:|1700181110\n|move|p2a: Clefable|Trick|p1a: Garganacl\n|-activate|p2a: Clefable|move: Trick|[of] p1a: Garganacl\n|-item|p1a: Garganacl|Sticky Barb|[from] move: Trick\n|-item|p2a: Clefable|Leftovers|[from] move: Trick\n|move|p1a: Garganacl|Stealth Rock|p2a: Clefable\n|-sidestart|p2: Chillanous|move: Stealth Rock\n|\n|-damage|p1a: Garganacl|88\/100|[from] item: Sticky Barb\n|upkeep\n|turn|2\n|\n|t:|1700181123\n|switch|p1a: Gholdengo|Gholdengo|100\/100\n|move|p2a: Clefable|Moonblast|p1a: Gholdengo\n|-resisted|p1a: Gholdengo\n|-damage|p1a: Gholdengo|81\/100\n|\n|upkeep\n|turn|3\n|\n|t:|1700181129\n|switch|p2a: Blissey|Blissey, F|100\/100\n|move|p1a: Gholdengo|Trick|p2a: Blissey\n|-activate|p1a: Gholdengo|move: Trick|[of] p2a: Blissey\n|-item|p2a: Blissey|Choice Specs|[from] move: Trick\n|-item|p1a: Gholdengo|Heavy-Duty Boots|[from] move: Trick\n|\n|upkeep\n|turn|4\n|\n|t:|1700181138\n|switch|p1a: Ting-Lu|Ting-Lu|100\/100\n|-ability|p1a: Ting-Lu|Vessel of Ruin\n|switch|p2a: Toxapex|Toxapex, M|100\/100\n|\n|upkeep\n|turn|5\n|\n|t:|1700181147\n|switch|p2a: Corviknight|Corviknight, F|100\/100\n|-damage|p2a: Corviknight|88\/100|[from] Stealth Rock\n|-ability|p2a: Corviknight|Pressure\n|-terastallize|p1a: Ting-Lu|Poison\n|move|p1a: Ting-Lu|Spikes|p2a: Corviknight\n|-sidestart|p2: Chillanous|Spikes\n|\n|upkeep\n|turn|6\n|\n|t:|1700181151\n|move|p2a: Corviknight|Roost|p2a: Corviknight\n|-heal|p2a: Corviknight|100\/100\n|-singleturn|p2a: Corviknight|move: Roost\n|move|p1a: Ting-Lu|Ruination|p2a: Corviknight\n|-damage|p2a: Corviknight|51\/100\n|\n|upkeep\n|turn|7\n|\n|t:|1700181154\n|move|p2a: Corviknight|Defog|p1a: Ting-Lu\n|-unboost|p1a: Ting-Lu|evasion|1\n|-sideend|p2: Chillanous|Spikes|[from] move: Defog|[of] p2a: Corviknight\n|-sideend|p2: Chillanous|Stealth Rock|[from] move: Defog|[of] p2a: Corviknight\n|move|p1a: Ting-Lu|Ruination|p2a: Corviknight\n|-damage|p2a: Corviknight|26\/100\n|\n|upkeep\n|turn|8\n|\n|t:|1700181160\n|move|p2a: Corviknight|Roost|p2a: Corviknight\n|-heal|p2a: Corviknight|76\/100\n|-singleturn|p2a: Corviknight|move: Roost\n|move|p1a: Ting-Lu|Spikes|p2a: Corviknight\n|-sidestart|p2: Chillanous|Spikes\n|\n|upkeep\n|turn|9\n|\n|t:|1700181165\n|switch|p2a: Weezing|Weezing-Galar, F|100\/100\n|-ability|p2a: Weezing|Neutralizing Gas\n|-damage|p2a: Weezing|88\/100|[from] Spikes\n|move|p1a: Ting-Lu|Ruination|p2a: Weezing\n|-damage|p2a: Weezing|45\/100\n|\n|-heal|p2a: Weezing|50\/100|[from] item: Leftovers\n|upkeep\n|turn|10\n|\n|t:|1700181172\n|move|p2a: Weezing|Pain Split|p1a: Ting-Lu\n|-sethp|p1a: Ting-Lu|67\/100|[from] move: Pain Split|[silent]\n|-sethp|p2a: Weezing|100\/100|[from] move: Pain Split\n|move|p1a: Ting-Lu|Spikes|p2a: Weezing\n|-sidestart|p2: Chillanous|Spikes\n|\n|-heal|p1a: Ting-Lu|73\/100|[from] item: Leftovers\n|upkeep\n|turn|11\n|\n|t:|1700181180\n|move|p2a: Weezing|Will-O-Wisp|p1a: Ting-Lu\n|-status|p1a: Ting-Lu|brn\n|move|p1a: Ting-Lu|Spikes|p2a: Weezing\n|-sidestart|p2: Chillanous|Spikes\n|\n|-heal|p1a: Ting-Lu|79\/100 brn|[from] item: Leftovers\n|-damage|p1a: Ting-Lu|73\/100 brn|[from] brn\n|upkeep\n|turn|12\n|\n|t:|1700181187\n|switch|p1a: Garganacl|Garganacl, F|88\/100\n|move|p2a: Weezing|Toxic Spikes|p1a: Garganacl\n|-sidestart|p1: Sindicate VI|move: Toxic Spikes\n|\n|-damage|p1a: Garganacl|76\/100|[from] item: Sticky Barb\n|upkeep\n|turn|13\n|\n|t:|1700181197\n|-end|p2a: Weezing|ability: Neutralizing Gas\n|switch|p2a: Clefable|Clefable, F|100\/100\n|move|p1a: Garganacl|Salt Cure|p2a: Clefable\n|-damage|p2a: Clefable|90\/100\n|-start|p2a: Clefable|Salt Cure\n|\n|-heal|p2a: Clefable|96\/100|[from] item: Leftovers\n|-damage|p1a: Garganacl|63\/100|[from] item: Sticky Barb\n|upkeep\n|turn|14\n|\n|t:|1700181208\n|switch|p2a: Toxapex|Toxapex, M|100\/100\n|move|p1a: Garganacl|Stealth Rock|p2a: Toxapex\n|-sidestart|p2: Chillanous|move: Stealth Rock\n|\n|-damage|p1a: Garganacl|51\/100|[from] item: Sticky Barb\n|upkeep\n|turn|15\n|\n|t:|1700181213\n|switch|p2a: Corviknight|Corviknight, F|76\/100\n|-damage|p2a: Corviknight|63\/100|[from] Stealth Rock\n|-ability|p2a: Corviknight|Pressure\n|move|p1a: Garganacl|Recover|p1a: Garganacl\n|-heal|p1a: Garganacl|100\/100\n|\n|-damage|p1a: Garganacl|88\/100|[from] item: Sticky Barb\n|upkeep\n|turn|16\n|\n|t:|1700181216\n|switch|p1a: Gholdengo|Gholdengo|81\/100\n|move|p2a: Corviknight|Defog|p1a: Gholdengo\n|-immune|p1a: Gholdengo|[from] ability: Good as Gold\n|\n|upkeep\n|turn|17\n|\n|t:|1700181219\n|switch|p2a: Blissey|Blissey, F|100\/100\n|-damage|p2a: Blissey|76\/100|[from] Spikes\n|-damage|p2a: Blissey|63\/100|[from] Stealth Rock\n|move|p1a: Gholdengo|Shadow Ball|p2a: Blissey\n|-immune|p2a: Blissey\n|\n|upkeep\n|turn|18\n|-message|Chillanous forfeited.\n|\n|win|Sindicate VI\n|raw|Sindicate VI's rating: 1425 &rarr; <strong>1446<\/strong><br \/>(+21 for winning)\n|raw|Chillanous's rating: 1450 &rarr; <strong>1429<\/strong><br \/>(-21 for losing)\n|l|\u2606Chillanous\n","uploadtime":1700181232,"views":7,"p1id":"sindicatevi","p2id":"chillanous","formatid":"gen9ou","rating":1429,"private":0,"password":""}