{"id":"gen9ou-1996598931","p1":"SmogonSinglesNearU","p2":"Derpintine","format":"[Gen 9] OU","log":"|j|\u2606SmogonSinglesNearU\n|j|\u2606Derpintine\n|t:|1700698926\n|gametype|singles\n|player|p1|SmogonSinglesNearU|cynthia|1311\n|player|p2|Derpintine|swimmer|1383\n|teamsize|p1|6\n|teamsize|p2|6\n|gen|9\n|tier|[Gen 9] OU\n|rated|\n|rule|Sleep Clause Mod: Limit one foe put to sleep\n|rule|Species Clause: Limit one of each Pok\u00e9mon\n|rule|OHKO Clause: OHKO moves are banned\n|rule|Evasion Items Clause: Evasion items are banned\n|rule|Evasion Moves Clause: Evasion moves are banned\n|rule|Endless Battle Clause: Forcing endless battles is banned\n|rule|HP Percentage Mod: HP is shown in percentages\n|clearpoke\n|poke|p1|Glimmora, F|\n|poke|p1|Greninja-*, M|\n|poke|p1|Iron Valiant|\n|poke|p1|Dragonite, F|\n|poke|p1|Kingambit, F|\n|poke|p1|Iron Moth|\n|poke|p2|Dragapult, M|\n|poke|p2|Iron Valiant|\n|poke|p2|Gholdengo|\n|poke|p2|Lokix, M|\n|poke|p2|Cyclizar, F|\n|poke|p2|Weezing-Galar, F|\n|teampreview\n|inactive|Battle timer is ON: inactive players will automatically lose when time's up. (requested by SmogonSinglesNearU)\n|inactive|Derpintine has 120 seconds left.\n|\n|t:|1700698972\n|start\n|switch|p1a: Glimmora|Glimmora, F|100\/100\n|switch|p2a: Cheesed 2 Meet U|Gholdengo|100\/100\n|turn|1\n|\n|t:|1700698977\n|move|p2a: Cheesed 2 Meet U|Shadow Ball|p1a: Glimmora\n|-damage|p1a: Glimmora|38\/100\n|move|p1a: Glimmora|Earth Power|p2a: Cheesed 2 Meet U\n|-supereffective|p2a: Cheesed 2 Meet U\n|-damage|p2a: Cheesed 2 Meet U|24\/100\n|\n|upkeep\n|turn|2\n|\n|t:|1700698988\n|switch|p1a: Kingambit|Kingambit, F|100\/100\n|-item|p1a: Kingambit|Air Balloon\n|move|p2a: Cheesed 2 Meet U|Shadow Ball|p1a: Kingambit\n|-resisted|p1a: Kingambit\n|-damage|p1a: Kingambit|81\/100\n|-enditem|p1a: Kingambit|Air Balloon\n|\n|upkeep\n|turn|3\n|\n|t:|1700699000\n|switch|p2a: Yamaha|Cyclizar, F|100\/100\n|move|p1a: Kingambit|Iron Head|p2a: Yamaha\n|-damage|p2a: Yamaha|2\/100\n|\n|upkeep\n|turn|4\n|\n|t:|1700699009\n|switch|p2a: Cheesed 2 Meet U|Gholdengo|24\/100\n|move|p1a: Kingambit|Sucker Punch||[still]\n|-fail|p1a: Kingambit\n|\n|upkeep\n|turn|5\n|\n|t:|1700699014\n|-end|p1a: Kingambit|fallenundefined|[silent]\n|switch|p1a: Iron Moth|Iron Moth|100\/100\n|-enditem|p1a: Iron Moth|Booster Energy\n|-activate|p1a: Iron Moth|ability: Quark Drive|[fromitem]\n|-start|p1a: Iron Moth|quarkdrivespa\n|move|p2a: Cheesed 2 Meet U|Trick|p1a: Iron Moth\n|-activate|p2a: Cheesed 2 Meet U|move: Trick|[of] p1a: Iron Moth\n|-item|p1a: Iron Moth|Choice Scarf|[from] move: Trick\n|-enditem|p2a: Cheesed 2 Meet U|Choice Scarf|[silent]|[from] move: Trick\n|\n|upkeep\n|turn|6\n|\n|t:|1700699026\n|switch|p2a: MOAB|Dragapult, M|100\/100\n|move|p1a: Iron Moth|Fiery Dance|p2a: MOAB\n|-resisted|p2a: MOAB\n|-damage|p2a: MOAB|61\/100\n|-boost|p1a: Iron Moth|spa|1\n|\n|upkeep\n|turn|7\n|\n|t:|1700699032\n|move|p1a: Iron Moth|Fiery Dance|p2a: MOAB\n|-resisted|p2a: MOAB\n|-damage|p2a: MOAB|7\/100\n|move|p2a: MOAB|Dragon Darts|p1a: Iron Moth\n|-damage|p1a: Iron Moth|33\/100\n|-anim|p2a: MOAB|Dragon Darts|p1a: Iron Moth\n|-damage|p1a: Iron Moth|0 fnt\n|faint|p1a: Iron Moth\n|-end|p1a: Iron Moth|Quark Drive|[silent]\n|\n|upkeep\n|\n|t:|1700699038\n|switch|p1a: Greninja|Greninja, M|100\/100\n|turn|8\n|\n|t:|1700699046\n|switch|p2a: Yamaha|Cyclizar, F|35\/100\n|move|p1a: Greninja|Water Shuriken|p2a: Yamaha\n|-resisted|p2a: Yamaha\n|-damage|p2a: Yamaha|28\/100\n|-resisted|p2a: Yamaha\n|-damage|p2a: Yamaha|20\/100\n|-hitcount|p2a: Yamaha|2\n|-damage|p1a: Greninja|91\/100|[from] item: Life Orb\n|\n|upkeep\n|turn|9\n|\n|t:|1700699053\n|switch|p2a: Copium Huffer|Weezing-Galar, F|100\/100\n|move|p1a: Greninja|Ice Beam|p2a: Copium Huffer\n|-damage|p2a: Copium Huffer|65\/100\n|-damage|p1a: Greninja|81\/100|[from] item: Life Orb\n|\n|-heal|p2a: Copium Huffer|71\/100|[from] item: Leftovers\n|upkeep\n|turn|10\n|\n|t:|1700699062\n|switch|p1a: Glimmora|Glimmora, F|38\/100\n|move|p2a: Copium Huffer|Strange Steam|p1a: Glimmora\n|-resisted|p1a: Glimmora\n|-damage|p1a: Glimmora|16\/100\n|\n|-heal|p2a: Copium Huffer|77\/100|[from] item: Leftovers\n|upkeep\n|turn|11\n|\n|t:|1700699068\n|move|p1a: Glimmora|Stealth Rock|p2a: Copium Huffer\n|-sidestart|p2: Derpintine|move: Stealth Rock\n|move|p2a: Copium Huffer|Strange Steam|p1a: Glimmora\n|-resisted|p1a: Glimmora\n|-damage|p1a: Glimmora|0 fnt\n|faint|p1a: Glimmora\n|\n|-heal|p2a: Copium Huffer|83\/100|[from] item: Leftovers\n|upkeep\n|\n|t:|1700699085\n|switch|p1a: Greninja|Greninja, M|81\/100\n|turn|12\n|\n|t:|1700699090\n|move|p1a: Greninja|Surf|p2a: Copium Huffer\n|-damage|p2a: Copium Huffer|31\/100\n|-damage|p1a: Greninja|71\/100|[from] item: Life Orb\n|move|p2a: Copium Huffer|Strange Steam|p1a: Greninja\n|-supereffective|p1a: Greninja\n|-damage|p1a: Greninja|0 fnt\n|faint|p1a: Greninja\n|\n|-heal|p2a: Copium Huffer|37\/100|[from] item: Leftovers\n|upkeep\n|\n|t:|1700699103\n|switch|p1a: Kingambit|Kingambit, F|81\/100\n|-activate|p1a: Kingambit|ability: Supreme Overlord\n|-start|p1a: Kingambit|fallen3|[silent]\n|turn|13\n|\n|t:|1700699107\n|move|p2a: Copium Huffer|Defog|p1a: Kingambit\n|-unboost|p1a: Kingambit|evasion|1\n|-sideend|p2: Derpintine|Stealth Rock|[from] move: Defog|[of] p2a: Copium Huffer\n|move|p1a: Kingambit|Iron Head|p2a: Copium Huffer\n|-supereffective|p2a: Copium Huffer\n|-damage|p2a: Copium Huffer|0 fnt\n|faint|p2a: Copium Huffer\n|\n|upkeep\n|\n|t:|1700699118\n|switch|p2a: They're\/Them|Iron Valiant|100\/100\n|-enditem|p2a: They're\/Them|Booster Energy\n|-activate|p2a: They're\/Them|ability: Quark Drive|[fromitem]\n|-start|p2a: They're\/Them|quarkdrivespe\n|turn|14\n|\n|t:|1700699143\n|-end|p2a: They're\/Them|Quark Drive|[silent]\n|switch|p2a: Cheesed 2 Meet U|Gholdengo|24\/100\n|-terastallize|p1a: Kingambit|Flying\n|move|p1a: Kingambit|Iron Head|p2a: Cheesed 2 Meet U\n|-resisted|p2a: Cheesed 2 Meet U\n|-damage|p2a: Cheesed 2 Meet U|0 fnt\n|faint|p2a: Cheesed 2 Meet U\n|\n|upkeep\n|\n|t:|1700699148\n|switch|p2a: They're\/Them|Iron Valiant|100\/100\n|turn|15\n|\n|t:|1700699158\n|move|p2a: They're\/Them|Thunderbolt|p1a: Kingambit\n|-supereffective|p1a: Kingambit\n|-damage|p1a: Kingambit|19\/100\n|move|p1a: Kingambit|Iron Head|p2a: They're\/Them\n|-supereffective|p2a: They're\/Them\n|-damage|p2a: They're\/Them|0 fnt\n|faint|p2a: They're\/Them\n|-end|p2a: They're\/Them|Quark Drive|[silent]\n|\n|upkeep\n|\n|t:|1700699163\n|switch|p2a: Shining Black \"C\"|Lokix, M|100\/100\n|turn|16\n|\n|t:|1700699165\n|-end|p1a: Kingambit|fallen3|[silent]\n|switch|p1a: Iron Valiant|Iron Valiant|100\/100\n|-enditem|p1a: Iron Valiant|Booster Energy\n|-activate|p1a: Iron Valiant|ability: Quark Drive|[fromitem]\n|-start|p1a: Iron Valiant|quarkdrivespe\n|move|p2a: Shining Black \"C\"|First Impression|p1a: Iron Valiant\n|-resisted|p1a: Iron Valiant\n|-damage|p1a: Iron Valiant|76\/100\n|\n|upkeep\n|turn|17\n|\n|t:|1700699172\n|-terastallize|p2a: Shining Black \"C\"|Bug\n|move|p1a: Iron Valiant|Moonblast|p2a: Shining Black \"C\"\n|-damage|p2a: Shining Black \"C\"|7\/100\n|move|p2a: Shining Black \"C\"|U-turn|p1a: Iron Valiant\n|-resisted|p1a: Iron Valiant\n|-damage|p1a: Iron Valiant|50\/100\n|\n|t:|1700699179\n|switch|p2a: Yamaha|Cyclizar, F|54\/100|[from] U-turn\n|\n|upkeep\n|turn|18\n|c|\u2606SmogonSinglesNearU|Are you not tinted lens\n|\n|t:|1700699191\n|move|p1a: Iron Valiant|Moonblast|p2a: Yamaha\n|-supereffective|p2a: Yamaha\n|-damage|p2a: Yamaha|0 fnt\n|faint|p2a: Yamaha\n|\n|upkeep\n|\n|t:|1700699194\n|switch|p2a: Shining Black \"C\"|Lokix, M, tera:Bug|7\/100\n|turn|19\n|\n|t:|1700699195\n|move|p2a: Shining Black \"C\"|First Impression|p1a: Iron Valiant\n|-resisted|p1a: Iron Valiant\n|-damage|p1a: Iron Valiant|19\/100\n|move|p1a: Iron Valiant|Moonblast|p2a: Shining Black \"C\"\n|-damage|p2a: Shining Black \"C\"|0 fnt\n|faint|p2a: Shining Black \"C\"\n|\n|upkeep\n|\n|t:|1700699198\n|switch|p2a: MOAB|Dragapult, M|7\/100\n|turn|20\n|\n|t:|1700699200\n|move|p1a: Iron Valiant|Moonblast|p2a: MOAB\n|-supereffective|p2a: MOAB\n|-damage|p2a: MOAB|0 fnt\n|faint|p2a: MOAB\n|\n|win|SmogonSinglesNearU\n|raw|SmogonSinglesNearU's rating: 1311 &rarr; <strong>1335<\/strong><br \/>(+24 for winning)\n|raw|Derpintine's rating: 1383 &rarr; <strong>1359<\/strong><br \/>(-24 for losing)\n|l|\u2606Derpintine\n","uploadtime":1700699210,"views":8,"p1id":"smogonsinglesnearu","p2id":"derpintine","formatid":"gen9ou","rating":1335,"private":0,"password":""}