{"id":"gen9ou-1995211142","p1":"lehuynhan","p2":"Phoenix2405","format":"[Gen 9] OU","log":"|j|\u2606lehuynhan\n|j|\u2606Phoenix2405\n|t:|1700535102\n|gametype|singles\n|player|p1|lehuynhan|1|1160\n|player|p2|Phoenix2405|101|1088\n|teamsize|p1|6\n|teamsize|p2|6\n|gen|9\n|tier|[Gen 9] OU\n|rated|\n|rule|Sleep Clause Mod: Limit one foe put to sleep\n|rule|Species Clause: Limit one of each Pok\u00e9mon\n|rule|OHKO Clause: OHKO moves are banned\n|rule|Evasion Items Clause: Evasion items are banned\n|rule|Evasion Moves Clause: Evasion moves are banned\n|rule|Endless Battle Clause: Forcing endless battles is banned\n|rule|HP Percentage Mod: HP is shown in percentages\n|clearpoke\n|poke|p1|Alomomola, F|\n|poke|p1|Slowking-Galar, F|\n|poke|p1|Kingambit, F|\n|poke|p1|Great Tusk|\n|poke|p1|Cinderace, F|\n|poke|p1|Thundurus-Therian, M|\n|poke|p2|Dragapult, F|\n|poke|p2|Maushold|\n|poke|p2|Iron Valiant|\n|poke|p2|Ceruledge, M|\n|poke|p2|Ninetales-Alola, F|\n|poke|p2|Kingambit, F|\n|teampreview\n|inactive|Battle timer is ON: inactive players will automatically lose when time's up. (requested by lehuynhan)\n|\n|t:|1700535111\n|start\n|switch|p1a: Thundurus|Thundurus-Therian, M|100\/100\n|switch|p2a: Rex|Ceruledge, M|100\/100\n|turn|1\n|\n|t:|1700535118\n|move|p1a: Thundurus|Volt Switch|p2a: Rex\n|-damage|p2a: Rex|65\/100\n|\n|t:|1700535123\n|switch|p1a: Alomomola|Alomomola, F|100\/100|[from] Volt Switch\n|move|p2a: Rex|Bulk Up|p2a: Rex\n|-boost|p2a: Rex|atk|1\n|-boost|p2a: Rex|def|1\n|\n|upkeep\n|turn|2\n|\n|t:|1700535131\n|switch|p2a: TransRights|Ninetales-Alola, F, shiny|100\/100\n|-weather|Snow|[from] ability: Snow Warning|[of] p2a: TransRights\n|move|p1a: Alomomola|Wish|p1a: Alomomola\n|\n|-weather|Snow|[upkeep]\n|upkeep\n|turn|3\n|\n|t:|1700535139\n|switch|p1a: Kingambit|Kingambit, F|100\/100\n|move|p2a: TransRights|Aurora Veil|p2a: TransRights\n|-sidestart|p2: Phoenix2405|move: Aurora Veil\n|\n|-weather|Snow|[upkeep]\n|upkeep\n|turn|4\n|\n|t:|1700535145\n|-end|p1a: Kingambit|fallenundefined|[silent]\n|switch|p1a: Cinderace|Cinderace, F|100\/100\n|move|p2a: TransRights|Hypnosis|p1a: Cinderace\n|-status|p1a: Cinderace|slp|[from] move: Hypnosis\n|\n|-weather|Snow|[upkeep]\n|upkeep\n|turn|5\n|\n|t:|1700535170\n|switch|p2a: Rex|Ceruledge, M|65\/100\n|cant|p1a: Cinderace|slp\n|\n|-weather|Snow|[upkeep]\n|upkeep\n|turn|6\n|\n|t:|1700535175\n|-curestatus|p1a: Cinderace|slp|[msg]\n|move|p1a: Cinderace|Court Change|p1a: Cinderace\n|-start|p1a: Cinderace|typechange|Normal|[from] ability: Libero\n|-swapsideconditions\n|-activate|p1a: Cinderace|move: Court Change\n|move|p2a: Rex|Bulk Up|p2a: Rex\n|-boost|p2a: Rex|atk|1\n|-boost|p2a: Rex|def|1\n|\n|-weather|none\n|upkeep\n|turn|7\n|\n|t:|1700535191\n|switch|p1a: Alomomola|Alomomola, F|100\/100\n|switch|p2a: TransRights|Ninetales-Alola, F, shiny|100\/100\n|-weather|Snow|[from] ability: Snow Warning|[of] p2a: TransRights\n|\n|-weather|Snow|[upkeep]\n|upkeep\n|turn|8\n|\n|t:|1700535200\n|move|p2a: TransRights|Aurora Veil|p2a: TransRights\n|-sidestart|p2: Phoenix2405|move: Aurora Veil\n|move|p1a: Alomomola|Flip Turn|p2a: TransRights\n|-damage|p2a: TransRights|94\/100\n|\n|t:|1700535208\n|switch|p1a: Great Tusk|Great Tusk|100\/100|[from] Flip Turn\n|\n|-weather|Snow|[upkeep]\n|upkeep\n|turn|9\n|\n|t:|1700535214\n|-terastallize|p1a: Great Tusk|Ice\n|move|p2a: TransRights|Blizzard|p1a: Great Tusk\n|-resisted|p1a: Great Tusk\n|-damage|p1a: Great Tusk|88\/100\n|move|p1a: Great Tusk|Headlong Rush|p2a: TransRights\n|-damage|p2a: TransRights|67\/100\n|-unboost|p1a: Great Tusk|def|1\n|-unboost|p1a: Great Tusk|spd|1\n|\n|-weather|Snow|[upkeep]\n|upkeep\n|turn|10\n|\n|t:|1700535236\n|switch|p2a: Siren|Dragapult, F, shiny|100\/100\n|-end|p1a: Great Tusk|Protosynthesis|[silent]\n|switch|p1a: Cinderace|Cinderace, F|100\/100\n|\n|-weather|Snow|[upkeep]\n|-sideend|p1: lehuynhan|move: Aurora Veil\n|upkeep\n|turn|11\n|\n|t:|1700535244\n|move|p2a: Siren|Hydro Pump|p1a: Cinderace\n|-supereffective|p1a: Cinderace\n|-damage|p1a: Cinderace|0 fnt\n|faint|p1a: Cinderace\n|\n|-weather|none\n|upkeep\n|\n|t:|1700535254\n|switch|p1a: Slowking|Slowking-Galar, F|100\/100\n|turn|12\n|\n|t:|1700535262\n|move|p2a: Siren|Hydro Pump|p1a: Slowking\n|-crit|p1a: Slowking\n|-damage|p1a: Slowking|62\/100\n|move|p1a: Slowking|Future Sight|p2a: Siren\n|-start|p1a: Slowking|move: Future Sight\n|\n|upkeep\n|turn|13\n|j| palestjade\n|\n|t:|1700535273\n|switch|p2a: Dunban|Kingambit, F|100\/100\n|move|p1a: Slowking|Sludge Bomb|p2a: Dunban\n|-immune|p2a: Dunban\n|\n|upkeep\n|turn|14\n|\n|t:|1700535286\n|switch|p1a: Kingambit|Kingambit, F|100\/100\n|-activate|p1a: Kingambit|ability: Supreme Overlord\n|-start|p1a: Kingambit|fallen1|[silent]\n|move|p2a: Dunban|Swords Dance|p2a: Dunban\n|-boost|p2a: Dunban|atk|2\n|\n|-end|p2a: Dunban|move: Future Sight\n|-immune|p2a: Dunban\n|upkeep\n|turn|15\n|\n|t:|1700535300\n|move|p2a: Dunban|Iron Head|p1a: Kingambit\n|-resisted|p1a: Kingambit\n|-damage|p1a: Kingambit|63\/100\n|move|p1a: Kingambit|Swords Dance|p1a: Kingambit\n|-boost|p1a: Kingambit|atk|2\n|\n|-heal|p1a: Kingambit|69\/100|[from] item: Leftovers\n|-sideend|p2: Phoenix2405|move: Aurora Veil\n|upkeep\n|turn|16\n|\n|t:|1700535308\n|move|p2a: Dunban|Iron Head|p1a: Kingambit\n|-resisted|p1a: Kingambit\n|-damage|p1a: Kingambit|33\/100\n|cant|p1a: Kingambit|flinch\n|\n|-heal|p1a: Kingambit|39\/100|[from] item: Leftovers\n|upkeep\n|turn|17\n|\n|t:|1700535323\n|move|p2a: Dunban|Iron Head|p1a: Kingambit\n|-resisted|p1a: Kingambit\n|-damage|p1a: Kingambit|6\/100\n|cant|p1a: Kingambit|flinch\n|\n|-heal|p1a: Kingambit|12\/100|[from] item: Leftovers\n|upkeep\n|turn|18\n|\n|t:|1700535330\n|-end|p1a: Kingambit|fallen1|[silent]\n|switch|p1a: Alomomola|Alomomola, F|100\/100\n|move|p2a: Dunban|Kowtow Cleave|p1a: Alomomola\n|-damage|p1a: Alomomola|28\/100\n|-enditem|p1a: Alomomola|Red Card|[of] p2a: Dunban\n|-end|p2a: Dunban|fallenundefined|[silent]\n|drag|p2a: TransRights|Ninetales-Alola, F, shiny|67\/100\n|-weather|Snow|[from] ability: Snow Warning|[of] p2a: TransRights\n|\n|-weather|Snow|[upkeep]\n|upkeep\n|turn|19\n|\n|t:|1700535340\n|move|p2a: TransRights|Aurora Veil|p2a: TransRights\n|-sidestart|p2: Phoenix2405|move: Aurora Veil\n|move|p1a: Alomomola|Wish|p1a: Alomomola\n|\n|-weather|Snow|[upkeep]\n|upkeep\n|turn|20\n|l| palestjade\n|\n|t:|1700535349\n|switch|p1a: Kingambit|Kingambit, F|12\/100\n|-activate|p1a: Kingambit|ability: Supreme Overlord\n|-start|p1a: Kingambit|fallen1|[silent]\n|move|p2a: TransRights|Hypnosis|p1a: Kingambit\n|-status|p1a: Kingambit|slp|[from] move: Hypnosis\n|\n|-weather|Snow|[upkeep]\n|-heal|p1a: Kingambit|71\/100 slp|[from] move: Wish|[wisher] Alomomola\n|-heal|p1a: Kingambit|77\/100 slp|[from] item: Leftovers\n|upkeep\n|turn|21\n|-message|lehuynhan forfeited.\n|\n|win|Phoenix2405\n|raw|lehuynhan's rating: 1160 &rarr; <strong>1130<\/strong><br \/>(-30 for losing)\n|raw|Phoenix2405's rating: 1088 &rarr; <strong>1120<\/strong><br \/>(+32 for winning)\n|l|\u2606lehuynhan\n","uploadtime":1700535360,"views":18,"p1id":"lehuynhan","p2id":"phoenix2405","formatid":"gen9ou","rating":1120,"private":0,"password":""}