{"id":"gen9ou-1993576793","p1":"gcy9","p2":"vilosa","format":"[Gen 9] OU","log":"|j|\u2606gcy9\n|j|\u2606vilosa\n|t:|1700333602\n|gametype|singles\n|player|p1|gcy9|170|1516\n|player|p2|vilosa|akari|1614\n|teamsize|p1|6\n|teamsize|p2|6\n|gen|9\n|tier|[Gen 9] OU\n|rated|\n|rule|Sleep Clause Mod: Limit one foe put to sleep\n|rule|Species Clause: Limit one of each Pok\u00e9mon\n|rule|OHKO Clause: OHKO moves are banned\n|rule|Evasion Items Clause: Evasion items are banned\n|rule|Evasion Moves Clause: Evasion moves are banned\n|rule|Endless Battle Clause: Forcing endless battles is banned\n|rule|HP Percentage Mod: HP is shown in percentages\n|clearpoke\n|poke|p1|Dragapult, M|\n|poke|p1|Iron Valiant|\n|poke|p1|Rillaboom, M|\n|poke|p1|Sneasler, F|\n|poke|p1|Great Tusk|\n|poke|p1|Walking Wake|\n|poke|p2|Scizor, M|\n|poke|p2|Rotom-Wash|\n|poke|p2|Dragapult, F|\n|poke|p2|Samurott-Hisui, F|\n|poke|p2|Great Tusk|\n|poke|p2|Moltres|\n|teampreview\n|\n|t:|1700333618\n|start\n|switch|p1a: Rillaboom|Rillaboom, M|100\/100\n|switch|p2a: Dragapult|Dragapult, F|100\/100\n|-fieldstart|move: Grassy Terrain|[from] ability: Grassy Surge|[of] p1a: Rillaboom\n|turn|1\n|inactive|Battle timer is ON: inactive players will automatically lose when time's up. (requested by vilosa)\n|\n|t:|1700333638\n|switch|p1a: Iron Valiant|Iron Valiant|100\/100\n|-enditem|p1a: Iron Valiant|Booster Energy\n|-activate|p1a: Iron Valiant|ability: Quark Drive|[fromitem]\n|-start|p1a: Iron Valiant|quarkdrivespe\n|move|p2a: Dragapult|U-turn|p1a: Iron Valiant\n|-resisted|p1a: Iron Valiant\n|-damage|p1a: Iron Valiant|96\/100\n|\n|t:|1700333646\n|switch|p2a: Scizor|Scizor, M|100\/100|[from] U-turn\n|\n|-heal|p1a: Iron Valiant|100\/100|[from] Grassy Terrain\n|upkeep\n|turn|2\n|inactive|gcy9 has 120 seconds left.\n|\n|t:|1700333697\n|-end|p1a: Iron Valiant|Quark Drive|[silent]\n|switch|p1a: Great Tusk|Great Tusk|100\/100\n|move|p2a: Scizor|Knock Off|p1a: Great Tusk\n|-resisted|p1a: Great Tusk\n|-damage|p1a: Great Tusk|87\/100\n|-enditem|p1a: Great Tusk|Lum Berry|[from] move: Knock Off|[of] p2a: Scizor\n|\n|-heal|p1a: Great Tusk|93\/100|[from] Grassy Terrain\n|upkeep\n|turn|3\n|\n|t:|1700333707\n|switch|p2a: Rotom|Rotom-Wash|100\/100\n|move|p1a: Great Tusk|Stealth Rock|p2a: Rotom\n|-sidestart|p2: vilosa|move: Stealth Rock\n|\n|-heal|p1a: Great Tusk|99\/100|[from] Grassy Terrain\n|upkeep\n|turn|4\n|\n|t:|1700333718\n|-end|p1a: Great Tusk|Protosynthesis|[silent]\n|switch|p1a: Walking Wake|Walking Wake|100\/100\n|-enditem|p1a: Walking Wake|Booster Energy\n|-activate|p1a: Walking Wake|ability: Protosynthesis|[fromitem]\n|-start|p1a: Walking Wake|protosynthesisspa\n|move|p2a: Rotom|Volt Switch|p1a: Walking Wake\n|-damage|p1a: Walking Wake|71\/100\n|\n|t:|1700333730\n|switch|p2a: Dragapult|Dragapult, F|100\/100|[from] Volt Switch\n|-damage|p2a: Dragapult|88\/100|[from] Stealth Rock\n|\n|-heal|p2a: Dragapult|94\/100|[from] Grassy Terrain\n|-heal|p1a: Walking Wake|77\/100|[from] Grassy Terrain\n|upkeep\n|turn|5\n|\n|t:|1700333743\n|-end|p1a: Walking Wake|Protosynthesis|[silent]\n|switch|p1a: Iron Valiant|Iron Valiant|100\/100\n|move|p2a: Dragapult|Draco Meteor|p1a: Iron Valiant\n|-immune|p1a: Iron Valiant\n|\n|-heal|p2a: Dragapult|99\/100|[from] Grassy Terrain\n|-fieldend|move: Grassy Terrain\n|upkeep\n|turn|6\n|\n|t:|1700333751\n|switch|p2a: Moltres|Moltres|100\/100\n|move|p1a: Iron Valiant|Shadow Ball|p2a: Moltres\n|-damage|p2a: Moltres|75\/100\n|\n|upkeep\n|turn|7\n|inactive|gcy9 has 120 seconds left.\n|\n|t:|1700333762\n|move|p1a: Iron Valiant|Thunderbolt|p2a: Moltres\n|-supereffective|p2a: Moltres\n|-damage|p2a: Moltres|15\/100\n|move|p2a: Moltres|Roost|p2a: Moltres\n|-heal|p2a: Moltres|65\/100\n|-singleturn|p2a: Moltres|move: Roost\n|\n|upkeep\n|turn|8\n|\n|t:|1700333772\n|switch|p2a: Scizor|Scizor, M|100\/100\n|move|p1a: Iron Valiant|Thunderbolt|p2a: Scizor\n|-damage|p2a: Scizor|63\/100\n|\n|upkeep\n|turn|9\n|\n|t:|1700333785\n|-end|p1a: Iron Valiant|Quark Drive|[silent]\n|switch|p1a: Great Tusk|Great Tusk|99\/100\n|move|p2a: Scizor|U-turn|p1a: Great Tusk\n|-resisted|p1a: Great Tusk\n|-damage|p1a: Great Tusk|84\/100\n|\n|t:|1700333788\n|switch|p2a: Great Tusk|Great Tusk|100\/100|[from] U-turn\n|\n|upkeep\n|turn|10\n|\n|t:|1700333805\n|-end|p1a: Great Tusk|Protosynthesis|[silent]\n|switch|p1a: Dragapult|Dragapult, M|100\/100\n|move|p2a: Great Tusk|Stealth Rock|p1a: Dragapult\n|-sidestart|p1: gcy9|move: Stealth Rock\n|\n|upkeep\n|turn|11\n|\n|t:|1700333815\n|-end|p2a: Great Tusk|Protosynthesis|[silent]\n|switch|p2a: Rotom|Rotom-Wash|100\/100\n|-damage|p2a: Rotom|88\/100|[from] Stealth Rock\n|move|p1a: Dragapult|Draco Meteor|p2a: Rotom\n|-damage|p2a: Rotom|12\/100\n|-unboost|p1a: Dragapult|spa|2\n|\n|-heal|p2a: Rotom|18\/100|[from] item: Leftovers\n|upkeep\n|turn|12\n|\n|t:|1700333823\n|move|p2a: Rotom|Protect|p2a: Rotom\n|-singleturn|p2a: Rotom|Protect\n|move|p1a: Dragapult|Draco Meteor|p2a: Rotom\n|-activate|p2a: Rotom|move: Protect\n|\n|-heal|p2a: Rotom|24\/100|[from] item: Leftovers\n|upkeep\n|turn|13\n|\n|t:|1700333829\n|move|p1a: Dragapult|Draco Meteor|p2a: Rotom\n|-damage|p2a: Rotom|0 fnt\n|-unboost|p1a: Dragapult|spa|2\n|faint|p2a: Rotom\n|\n|upkeep\n|\n|t:|1700333832\n|switch|p2a: Moltres|Moltres|65\/100\n|turn|14\n|\n|t:|1700333837\n|switch|p1a: Iron Valiant|Iron Valiant|100\/100\n|-damage|p1a: Iron Valiant|94\/100|[from] Stealth Rock\n|move|p2a: Moltres|Roost|p2a: Moltres\n|-heal|p2a: Moltres|100\/100\n|-singleturn|p2a: Moltres|move: Roost\n|\n|upkeep\n|turn|15\n|\n|t:|1700333845\n|switch|p2a: Dragapult|Dragapult, F|99\/100\n|-damage|p2a: Dragapult|88\/100|[from] Stealth Rock\n|move|p1a: Iron Valiant|Thunderbolt|p2a: Dragapult\n|-resisted|p2a: Dragapult\n|-damage|p2a: Dragapult|66\/100\n|\n|upkeep\n|turn|16\n|inactive|gcy9 has 120 seconds left.\n|inactive|vilosa has 120 seconds left.\n|\n|t:|1700333890\n|-end|p1a: Iron Valiant|Quark Drive|[silent]\n|switch|p1a: Rillaboom|Rillaboom, M|100\/100\n|-damage|p1a: Rillaboom|88\/100|[from] Stealth Rock\n|-fieldstart|move: Grassy Terrain|[from] ability: Grassy Surge|[of] p1a: Rillaboom\n|-terastallize|p2a: Dragapult|Ghost\n|move|p2a: Dragapult|Shadow Ball|p1a: Rillaboom\n|-damage|p1a: Rillaboom|0 fnt\n|faint|p1a: Rillaboom\n|\n|-heal|p2a: Dragapult|72\/100|[from] Grassy Terrain\n|upkeep\n|\n|t:|1700333899\n|switch|p1a: Sneasler|Sneasler, F|100\/100\n|-damage|p1a: Sneasler|94\/100|[from] Stealth Rock\n|-enditem|p1a: Sneasler|Grassy Seed\n|-boost|p1a: Sneasler|def|1|[from] item: Grassy Seed\n|turn|17\n|\n|t:|1700333908\n|switch|p2a: Moltres|Moltres|100\/100\n|move|p1a: Sneasler|Shadow Claw|p2a: Moltres\n|-damage|p2a: Moltres|81\/100\n|\n|-heal|p1a: Sneasler|100\/100|[from] Grassy Terrain\n|upkeep\n|turn|18\n|inactive|gcy9 has 120 seconds left.\n|\n|t:|1700333918\n|-terastallize|p1a: Sneasler|Flying\n|move|p1a: Sneasler|Swords Dance|p1a: Sneasler\n|-boost|p1a: Sneasler|atk|2\n|move|p2a: Moltres|Hurricane|p1a: Sneasler\n|-damage|p1a: Sneasler|44\/100\n|\n|upkeep\n|turn|19\n|inactive|gcy9 has 120 seconds left.\n|\n|t:|1700333927\n|move|p1a: Sneasler|Acrobatics|p2a: Moltres\n|-damage|p2a: Moltres|0 fnt\n|faint|p2a: Moltres\n|\n|upkeep\n|j| dfghhhg\n|\n|t:|1700333931\n|switch|p2a: Scizor|Scizor, M|63\/100\n|turn|20\n|\n|t:|1700333933\n|move|p2a: Scizor|Bullet Punch|p1a: Sneasler\n|-damage|p1a: Sneasler|12\/100\n|move|p1a: Sneasler|Acrobatics|p2a: Scizor\n|-damage|p2a: Scizor|0 fnt\n|faint|p2a: Scizor\n|\n|-fieldend|move: Grassy Terrain\n|upkeep\n|\n|t:|1700333939\n|switch|p2a: Great Tusk|Great Tusk|100\/100\n|turn|21\n|\n|t:|1700333943\n|move|p1a: Sneasler|Acrobatics|p2a: Great Tusk\n|-supereffective|p2a: Great Tusk\n|-damage|p2a: Great Tusk|0 fnt\n|faint|p2a: Great Tusk\n|-end|p2a: Great Tusk|Protosynthesis|[silent]\n|\n|upkeep\n|-message|vilosa forfeited.\n|\n|win|gcy9\n|raw|gcy9's rating: 1516 &rarr; <strong>1541<\/strong><br \/>(+25 for winning)\n|raw|vilosa's rating: 1614 &rarr; <strong>1589<\/strong><br \/>(-25 for losing)\n|l|\u2606vilosa\n","uploadtime":1700333953,"views":23,"p1id":"gcy9","p2id":"vilosa","formatid":"gen9ou","rating":1541,"private":0,"password":""}