{"id":"gen9ou-1991893270","p1":"I samurai l","p2":"Piramat","format":"[Gen 9] OU","log":"|j|\u2606I samurai l\n|j|\u2606Piramat\n|t:|1700134670\n|gametype|singles\n|player|p1|I samurai l|ethan|1347\n|player|p2|Piramat|teamrocket|1263\n|teamsize|p1|6\n|teamsize|p2|6\n|gen|9\n|tier|[Gen 9] OU\n|rated|\n|rule|Sleep Clause Mod: Limit one foe put to sleep\n|rule|Species Clause: Limit one of each Pok\u00e9mon\n|rule|OHKO Clause: OHKO moves are banned\n|rule|Evasion Items Clause: Evasion items are banned\n|rule|Evasion Moves Clause: Evasion moves are banned\n|rule|Endless Battle Clause: Forcing endless battles is banned\n|rule|HP Percentage Mod: HP is shown in percentages\n|clearpoke\n|poke|p1|Torkoal, M|\n|poke|p1|Iron Moth|\n|poke|p1|Walking Wake|\n|poke|p1|Kingambit, M|\n|poke|p1|Meowscarada, F|\n|poke|p1|Great Tusk|\n|poke|p2|Veluza, F|\n|poke|p2|Azumarill, M|\n|poke|p2|Cinderace, M|\n|poke|p2|Ninetales-Alola, F|\n|poke|p2|Sandy Shocks|\n|poke|p2|Chandelure, F|\n|teampreview\n|inactive|Battle timer is ON: inactive players will automatically lose when time's up. (requested by I samurai l)\n|\n|t:|1700134687\n|start\n|switch|p1a: Meowscarada|Meowscarada, F, shiny|100\/100\n|switch|p2a: Cinderace|Cinderace, M|100\/100\n|turn|1\n|\n|t:|1700134694\n|move|p1a: Meowscarada|U-turn|p2a: Cinderace\n|-start|p1a: Meowscarada|typechange|Bug|[from] ability: Protean\n|-resisted|p2a: Cinderace\n|-damage|p2a: Cinderace|66\/100\n|\n|t:|1700134707\n|switch|p1a: Ela Desfila|Walking Wake|100\/100|[from] U-turn\n|move|p2a: Cinderace|Pyro Ball|p1a: Ela Desfila|[miss]\n|-miss|p2a: Cinderace|p1a: Ela Desfila\n|\n|upkeep\n|turn|2\n|\n|t:|1700134721\n|move|p2a: Cinderace|U-turn|p1a: Ela Desfila\n|-start|p2a: Cinderace|typechange|Bug|[from] ability: Libero\n|-damage|p1a: Ela Desfila|62\/100\n|\n|t:|1700134726\n|switch|p2a: Ninetales|Ninetales-Alola, F|100\/100|[from] U-turn\n|-weather|Snow|[from] ability: Snow Warning|[of] p2a: Ninetales\n|move|p1a: Ela Desfila|Hydro Steam|p2a: Ninetales\n|-damage|p2a: Ninetales|40\/100\n|\n|-weather|Snow|[upkeep]\n|upkeep\n|turn|3\n|\n|t:|1700134738\n|move|p2a: Ninetales|Aurora Veil|p2a: Ninetales\n|-sidestart|p2: Piramat|move: Aurora Veil\n|move|p1a: Ela Desfila|Hydro Steam|p2a: Ninetales\n|-damage|p2a: Ninetales|13\/100\n|\n|-weather|Snow|[upkeep]\n|upkeep\n|turn|4\n|\n|t:|1700134746\n|switch|p2a: Azumarill|Azumarill, M|100\/100\n|move|p1a: Ela Desfila|Hydro Steam|p2a: Azumarill\n|-resisted|p2a: Azumarill\n|-damage|p2a: Azumarill|85\/100\n|\n|-weather|Snow|[upkeep]\n|upkeep\n|turn|5\n|\n|t:|1700134756\n|-end|p1a: Ela Desfila|Protosynthesis|[silent]\n|switch|p1a: U GAS|Torkoal, M|100\/100\n|-weather|SunnyDay|[from] ability: Drought|[of] p1a: U GAS\n|move|p2a: Azumarill|Belly Drum|p2a: Azumarill\n|-damage|p2a: Azumarill|35\/100\n|-setboost|p2a: Azumarill|atk|6|[from] move: Belly Drum\n|-enditem|p2a: Azumarill|Sitrus Berry|[eat]\n|-heal|p2a: Azumarill|60\/100|[from] item: Sitrus Berry\n|\n|-weather|SunnyDay|[upkeep]\n|upkeep\n|turn|6\n|\n|t:|1700134769\n|-terastallize|p2a: Azumarill|Water\n|move|p2a: Azumarill|Liquidation|p1a: U GAS\n|-supereffective|p1a: U GAS\n|-damage|p1a: U GAS|0 fnt\n|faint|p1a: U GAS\n|\n|-weather|SunnyDay|[upkeep]\n|upkeep\n|\n|t:|1700134777\n|switch|p1a: Meowscarada|Meowscarada, F, shiny|100\/100\n|turn|7\n|\n|t:|1700134786\n|move|p1a: Meowscarada|Flower Trick|p2a: Azumarill\n|-start|p1a: Meowscarada|typechange|Grass|[from] ability: Protean\n|-supereffective|p2a: Azumarill\n|-crit|p2a: Azumarill\n|-damage|p2a: Azumarill|0 fnt\n|faint|p2a: Azumarill\n|\n|-weather|SunnyDay|[upkeep]\n|upkeep\n|\n|t:|1700134796\n|switch|p2a: Veluza|Veluza, F|100\/100\n|turn|8\n|\n|t:|1700134808\n|move|p1a: Meowscarada|Flower Trick|p2a: Veluza\n|-supereffective|p2a: Veluza\n|-crit|p2a: Veluza\n|-damage|p2a: Veluza|0 fnt\n|faint|p2a: Veluza\n|\n|-weather|SunnyDay|[upkeep]\n|upkeep\n|-message|Piramat forfeited.\n|\n|win|I samurai l\n|raw|I samurai l's rating: 1347 &rarr; <strong>1362<\/strong><br \/>(+15 for winning)\n|raw|Piramat's rating: 1263 &rarr; <strong>1244<\/strong><br \/>(-19 for losing)\n|l|\u2606Piramat\n","uploadtime":1700134818,"views":12,"p1id":"isamurail","p2id":"piramat","formatid":"gen9ou","rating":1244,"private":0,"password":""}