{"id":"gen9ou-1989538922","p1":"Pikesito","p2":"pogchimp970314","format":"[Gen 9] OU","log":"|j|\u2606Pikesito\n|j|\u2606pogchimp970314\n|inactive|Battle timer is ON: inactive players will automatically lose when time's up.\n|t:|1699867932\n|gametype|singles\n|player|p1|Pikesito|penny|\n|player|p2|pogchimp970314|elesa-masters|\n|teamsize|p1|3\n|teamsize|p2|3\n|gen|9\n|tier|[Gen 9] OU\n|rated|Tournament battle\n|rule|Sleep Clause Mod: Limit one foe put to sleep\n|rule|Species Clause: Limit one of each Pok\u00e9mon\n|rule|OHKO Clause: OHKO moves are banned\n|rule|Evasion Items Clause: Evasion items are banned\n|rule|Evasion Moves Clause: Evasion moves are banned\n|rule|Endless Battle Clause: Forcing endless battles is banned\n|rule|HP Percentage Mod: HP is shown in percentages\n|clearpoke\n|poke|p1|Morgrem, M|\n|poke|p1|Zoroark-Hisui, M|\n|poke|p1|Cinderace, M|\n|poke|p2|Bronzong|\n|poke|p2|Drifblim, M|\n|poke|p2|Bellibolt, M|\n|teampreview\n|j|*Lady Monita \u2746\n|inactive|Pikesito also wants the timer to be on.\n|inactive|pogchimp970314 also wants the timer to be on.\n|c|\u2606pogchimp970314|gl\n|j| poketough\n|\n|t:|1699867948\n|start\n|switch|p1a: Cinderace|Cinderace, M|100\/100\n|switch|p2a: Drifblim|Drifblim, M|100\/100\n|turn|1\n|\n|t:|1699867957\n|move|p1a: Cinderace|Pyro Ball|p2a: Drifblim\n|-damage|p2a: Drifblim|0 fnt\n|faint|p2a: Drifblim\n|\n|upkeep\n|\n|t:|1699867967\n|switch|p2a: Lebron|Bronzong|100\/100\n|turn|2\n|\n|t:|1699867974\n|-terastallize|p2a: Lebron|Fire\n|move|p1a: Cinderace|Pyro Ball|p2a: Lebron\n|-resisted|p2a: Lebron\n|-damage|p2a: Lebron|70\/100\n|move|p2a: Lebron|Calm Mind|p2a: Lebron\n|-boost|p2a: Lebron|spa|1\n|-boost|p2a: Lebron|spd|1\n|\n|upkeep\n|turn|3\n|\n|t:|1699867981\n|switch|p1a: Morgrem|Morgrem, M|100\/100\n|move|p2a: Lebron|Calm Mind|p2a: Lebron\n|-boost|p2a: Lebron|spa|1\n|-boost|p2a: Lebron|spd|1\n|\n|upkeep\n|turn|4\n|\n|t:|1699867984\n|move|p1a: Morgrem|Light Screen|p1a: Morgrem\n|-sidestart|p1: Pikesito|move: Light Screen\n|move|p2a: Lebron|Calm Mind|p2a: Lebron\n|-boost|p2a: Lebron|spa|1\n|-boost|p2a: Lebron|spd|1\n|\n|upkeep\n|turn|5\n|\n|t:|1699867988\n|move|p1a: Morgrem|Thunder Wave|p2a: Lebron|[miss]\n|-miss|p1a: Morgrem|p2a: Lebron\n|move|p2a: Lebron|Calm Mind|p2a: Lebron\n|-boost|p2a: Lebron|spa|1\n|-boost|p2a: Lebron|spd|1\n|\n|upkeep\n|turn|6\n|\n|t:|1699867990\n|move|p1a: Morgrem|Thunder Wave|p2a: Lebron\n|-status|p2a: Lebron|par\n|move|p2a: Lebron|Flash Cannon|p1a: Morgrem\n|-supereffective|p1a: Morgrem\n|-damage|p1a: Morgrem|0 fnt\n|faint|p1a: Morgrem\n|\n|upkeep\n|\n|t:|1699867998\n|switch|p1a: Cinderace|Cinderace, M|100\/100\n|turn|7\n|\n|t:|1699868003\n|-terastallize|p1a: Cinderace|Fighting\n|move|p1a: Cinderace|High Jump Kick|p2a: Lebron\n|-damage|p2a: Lebron|5\/100 par\n|move|p2a: Lebron|Flash Cannon|p1a: Cinderace\n|-damage|p1a: Cinderace|52\/100\n|\n|upkeep\n|turn|8\n|\n|t:|1699868012\n|move|p1a: Cinderace|High Jump Kick|p2a: Lebron\n|-damage|p2a: Lebron|0 fnt\n|faint|p2a: Lebron\n|\n|upkeep\n|\n|t:|1699868015\n|switch|p2a: Bellibolt|Bellibolt, M|100\/100\n|turn|9\n|\n|t:|1699868019\n|move|p1a: Cinderace|High Jump Kick|p2a: Bellibolt\n|-damage|p2a: Bellibolt|40\/100\n|-start|p2a: Bellibolt|Charge|High Jump Kick|[from] ability: Electromorphosis\n|move|p2a: Bellibolt|Parabolic Charge|p1a: Cinderace\n|-damage|p1a: Cinderace|22\/100\n|-heal|p2a: Bellibolt|50\/100|[from] drain|[of] p1a: Cinderace\n|-end|p2a: Bellibolt|Charge|[silent]\n|\n|-heal|p2a: Bellibolt|57\/100|[from] item: Leftovers\n|upkeep\n|turn|10\n|\n|t:|1699868026\n|move|p1a: Cinderace|High Jump Kick|p2a: Bellibolt\n|-damage|p2a: Bellibolt|0 fnt\n|faint|p2a: Bellibolt\n|\n|win|Pikesito\n|n|\u2606Pikesito|pikesito\n|n|\u2606pogchimp970314|pogchimp970314\n|n|*Lady Monita \u2746|ladymonita\n|n| poketough|poketough\n","uploadtime":1699868027,"views":8,"p1id":"pikesito","p2id":"pogchimp970314","formatid":"gen9ou","rating":0,"private":0,"password":""}