{"id":"gen9ou-1996986607","p1":"Winterchillz","p2":"Ombre Nomade","format":"[Gen 9] OU","log":"|j|\u2606Winterchillz\n|j|\u2606Ombre Nomade\n|t:|1700752806\n|gametype|singles\n|player|p1|Winterchillz|teacher|1546\n|player|p2|Ombre Nomade|rocketexecutive-gen2|1613\n|teamsize|p1|6\n|teamsize|p2|6\n|gen|9\n|tier|[Gen 9] OU\n|rated|\n|rule|Sleep Clause Mod: Limit one foe put to sleep\n|rule|Species Clause: Limit one of each Pok\u00e9mon\n|rule|OHKO Clause: OHKO moves are banned\n|rule|Evasion Items Clause: Evasion items are banned\n|rule|Evasion Moves Clause: Evasion moves are banned\n|rule|Endless Battle Clause: Forcing endless battles is banned\n|rule|HP Percentage Mod: HP is shown in percentages\n|clearpoke\n|poke|p1|Garganacl, F|\n|poke|p1|Great Tusk|\n|poke|p1|Gholdengo|\n|poke|p1|Iron Valiant|\n|poke|p1|Dragonite, F|\n|poke|p1|Zapdos|\n|poke|p2|Zamazenta-*|\n|poke|p2|Ogerpon-Wellspring, F|\n|poke|p2|Great Tusk|\n|poke|p2|Enamorus, F|\n|poke|p2|Mandibuzz, F|\n|poke|p2|Heatran, M|\n|teampreview\n|inactive|Battle timer is ON: inactive players will automatically lose when time's up. (requested by Ombre Nomade)\n|\n|t:|1700752834\n|start\n|switch|p1a: Zapdos|Zapdos|100\/100\n|switch|p2a: Corviknight Hater|Mandibuzz, F|100\/100\n|turn|1\n|\n|t:|1700752839\n|switch|p2a: 8bitremix|Great Tusk|100\/100\n|move|p1a: Zapdos|Discharge|p2a: 8bitremix\n|-immune|p2a: 8bitremix\n|\n|upkeep\n|turn|2\n|\n|t:|1700752843\n|-end|p2a: 8bitremix|Protosynthesis|[silent]\n|switch|p2a: Gen4 Stans Rise Up|Heatran, M, shiny|100\/100\n|move|p1a: Zapdos|Hurricane|p2a: Gen4 Stans Rise Up|[miss]\n|-miss|p1a: Zapdos|p2a: Gen4 Stans Rise Up\n|\n|upkeep\n|turn|3\n|\n|t:|1700752851\n|switch|p1a: Garganacl|Garganacl, F|100\/100\n|move|p2a: Gen4 Stans Rise Up|Protect||[still]\n|-fail|p2a: Gen4 Stans Rise Up\n|\n|upkeep\n|turn|4\n|\n|t:|1700752858\n|switch|p2a: 8bitremix|Great Tusk|100\/100\n|move|p1a: Garganacl|Salt Cure|p2a: 8bitremix\n|-resisted|p2a: 8bitremix\n|-damage|p2a: 8bitremix|98\/100\n|-start|p2a: 8bitremix|Salt Cure\n|\n|-heal|p2a: 8bitremix|100\/100|[from] item: Leftovers\n|-damage|p2a: 8bitremix|88\/100|[from] Salt Cure\n|upkeep\n|turn|5\n|\n|t:|1700752864\n|switch|p1a: Great Tusk|Great Tusk|100\/100\n|move|p2a: 8bitremix|Earthquake|p1a: Great Tusk\n|-damage|p1a: Great Tusk|71\/100\n|\n|-heal|p2a: 8bitremix|94\/100|[from] item: Leftovers\n|-damage|p2a: 8bitremix|82\/100|[from] Salt Cure\n|upkeep\n|turn|6\n|\n|t:|1700752872\n|-end|p2a: 8bitremix|Protosynthesis|[silent]\n|switch|p2a: Corviknight Hater|Mandibuzz, F|100\/100\n|move|p1a: Great Tusk|Knock Off|p2a: Corviknight Hater\n|-resisted|p2a: Corviknight Hater\n|-damage|p2a: Corviknight Hater|87\/100\n|-enditem|p2a: Corviknight Hater|Heavy-Duty Boots|[from] move: Knock Off|[of] p1a: Great Tusk\n|\n|upkeep\n|turn|7\n|\n|t:|1700752879\n|move|p1a: Great Tusk|Stealth Rock|p2a: Corviknight Hater\n|-sidestart|p2: Ombre Nomade|move: Stealth Rock\n|move|p2a: Corviknight Hater|Knock Off|p1a: Great Tusk\n|-resisted|p1a: Great Tusk\n|-damage|p1a: Great Tusk|62\/100\n|-enditem|p1a: Great Tusk|Heavy-Duty Boots|[from] move: Knock Off|[of] p2a: Corviknight Hater\n|\n|upkeep\n|turn|8\n|\n|t:|1700752883\n|-end|p1a: Great Tusk|Protosynthesis|[silent]\n|switch|p1a: Zapdos|Zapdos|100\/100\n|move|p2a: Corviknight Hater|Toxic|p1a: Zapdos\n|-status|p1a: Zapdos|tox\n|\n|-damage|p1a: Zapdos|94\/100 tox|[from] psn\n|upkeep\n|turn|9\n|\n|t:|1700752888\n|move|p1a: Zapdos|Discharge|p2a: Corviknight Hater\n|-supereffective|p2a: Corviknight Hater\n|-damage|p2a: Corviknight Hater|47\/100\n|move|p2a: Corviknight Hater|Knock Off|p1a: Zapdos\n|-damage|p1a: Zapdos|69\/100 tox\n|-enditem|p1a: Zapdos|Heavy-Duty Boots|[from] move: Knock Off|[of] p2a: Corviknight Hater\n|\n|-damage|p1a: Zapdos|56\/100 tox|[from] psn\n|upkeep\n|turn|10\n|j| Outdated Ahh Team\n|\n|t:|1700752903\n|move|p1a: Zapdos|Discharge|p2a: Corviknight Hater\n|-supereffective|p2a: Corviknight Hater\n|-damage|p2a: Corviknight Hater|5\/100\n|move|p2a: Corviknight Hater|Roost|p2a: Corviknight Hater\n|-heal|p2a: Corviknight Hater|55\/100\n|-singleturn|p2a: Corviknight Hater|move: Roost\n|\n|-damage|p1a: Zapdos|38\/100 tox|[from] psn\n|upkeep\n|turn|11\n|\n|t:|1700752907\n|switch|p1a: Garganacl|Garganacl, F|100\/100\n|move|p2a: Corviknight Hater|Roost|p2a: Corviknight Hater\n|-heal|p2a: Corviknight Hater|100\/100\n|-singleturn|p2a: Corviknight Hater|move: Roost\n|\n|upkeep\n|turn|12\n|\n|t:|1700752909\n|move|p2a: Corviknight Hater|Knock Off|p1a: Garganacl\n|-damage|p1a: Garganacl|88\/100\n|-enditem|p1a: Garganacl|Leftovers|[from] move: Knock Off|[of] p2a: Corviknight Hater\n|move|p1a: Garganacl|Curse|p1a: Garganacl\n|-unboost|p1a: Garganacl|spe|1\n|-boost|p1a: Garganacl|atk|1\n|-boost|p1a: Garganacl|def|1\n|\n|upkeep\n|turn|13\n|\n|t:|1700752913\n|move|p2a: Corviknight Hater|U-turn|p1a: Garganacl\n|-damage|p1a: Garganacl|83\/100\n|\n|t:|1700752915\n|switch|p2a: 8bitremix|Great Tusk|82\/100|[from] U-turn\n|-damage|p2a: 8bitremix|79\/100|[from] Stealth Rock\n|move|p1a: Garganacl|Curse|p1a: Garganacl\n|-unboost|p1a: Garganacl|spe|1\n|-boost|p1a: Garganacl|atk|1\n|-boost|p1a: Garganacl|def|1\n|\n|-heal|p2a: 8bitremix|85\/100|[from] item: Leftovers\n|upkeep\n|turn|14\n|\n|t:|1700752920\n|-terastallize|p1a: Garganacl|Water\n|move|p2a: 8bitremix|Rapid Spin|p1a: Garganacl\n|-damage|p1a: Garganacl|79\/100\n|-boost|p2a: 8bitremix|spe|1\n|-sideend|p2: Ombre Nomade|Stealth Rock|[from] move: Rapid Spin|[of] p2a: 8bitremix\n|move|p1a: Garganacl|Salt Cure|p2a: 8bitremix\n|-resisted|p2a: 8bitremix\n|-damage|p2a: 8bitremix|81\/100\n|-start|p2a: 8bitremix|Salt Cure\n|\n|-heal|p2a: 8bitremix|87\/100|[from] item: Leftovers\n|-damage|p2a: 8bitremix|75\/100|[from] Salt Cure\n|upkeep\n|turn|15\n|\n|t:|1700752924\n|move|p1a: Garganacl|Curse|p1a: Garganacl\n|-unboost|p1a: Garganacl|spe|1\n|-boost|p1a: Garganacl|atk|1\n|-boost|p1a: Garganacl|def|1\n|move|p2a: 8bitremix|Roar|p1a: Garganacl\n|drag|p1a: Gholdengo|Gholdengo|100\/100\n|-item|p1a: Gholdengo|Air Balloon\n|\n|-heal|p2a: 8bitremix|81\/100|[from] item: Leftovers\n|-damage|p2a: 8bitremix|69\/100|[from] Salt Cure\n|upkeep\n|turn|16\n|c|\u2606Winterchillz|Bro\n|\n|t:|1700752937\n|-end|p2a: 8bitremix|Protosynthesis|[silent]\n|switch|p2a: Corviknight Hater|Mandibuzz, F|100\/100\n|switch|p1a: Zapdos|Zapdos|38\/100 tox\n|\n|-damage|p1a: Zapdos|31\/100 tox|[from] psn\n|upkeep\n|turn|17\n|l| Outdated Ahh Team\n|\n|t:|1700752946\n|switch|p2a: 8bitremix|Great Tusk|69\/100\n|move|p1a: Zapdos|Roost|p1a: Zapdos\n|-heal|p1a: Zapdos|81\/100 tox\n|-singleturn|p1a: Zapdos|move: Roost\n|\n|-heal|p2a: 8bitremix|75\/100|[from] item: Leftovers\n|-damage|p1a: Zapdos|69\/100 tox|[from] psn\n|upkeep\n|turn|18\n|c|\u2606Ombre Nomade|yes?\n|\n|t:|1700752951\n|-end|p2a: 8bitremix|Protosynthesis|[silent]\n|switch|p2a: Gen4 Stans Rise Up|Heatran, M, shiny|100\/100\n|move|p1a: Zapdos|Hurricane|p2a: Gen4 Stans Rise Up\n|-resisted|p2a: Gen4 Stans Rise Up\n|-damage|p2a: Gen4 Stans Rise Up|82\/100\n|-start|p2a: Gen4 Stans Rise Up|confusion\n|\n|-heal|p2a: Gen4 Stans Rise Up|89\/100|[from] item: Leftovers\n|-damage|p1a: Zapdos|50\/100 tox|[from] psn\n|upkeep\n|turn|19\n|\n|t:|1700752959\n|switch|p2a: 8bitremix|Great Tusk|75\/100\n|switch|p1a: Garganacl|Garganacl, F, tera:Water|79\/100\n|\n|-heal|p2a: 8bitremix|81\/100|[from] item: Leftovers\n|upkeep\n|turn|20\n|\n|t:|1700752977\n|move|p1a: Garganacl|Salt Cure|p2a: 8bitremix\n|-resisted|p2a: 8bitremix\n|-damage|p2a: 8bitremix|79\/100\n|-start|p2a: 8bitremix|Salt Cure\n|move|p2a: 8bitremix|Roar|p1a: Garganacl\n|drag|p1a: Gholdengo|Gholdengo|100\/100\n|-item|p1a: Gholdengo|Air Balloon\n|\n|-heal|p2a: 8bitremix|85\/100|[from] item: Leftovers\n|-damage|p2a: 8bitremix|73\/100|[from] Salt Cure\n|upkeep\n|turn|21\n|\n|t:|1700752986\n|-end|p2a: 8bitremix|Protosynthesis|[silent]\n|switch|p2a: Gen4 Stans Rise Up|Heatran, M, shiny|89\/100\n|move|p1a: Gholdengo|Shadow Ball|p2a: Gen4 Stans Rise Up\n|-damage|p2a: Gen4 Stans Rise Up|62\/100\n|\n|-heal|p2a: Gen4 Stans Rise Up|68\/100|[from] item: Leftovers\n|upkeep\n|turn|22\n|\n|t:|1700752990\n|switch|p1a: Garganacl|Garganacl, F, tera:Water|79\/100\n|move|p2a: Gen4 Stans Rise Up|Stealth Rock|p1a: Garganacl\n|-sidestart|p1: Winterchillz|move: Stealth Rock\n|\n|-heal|p2a: Gen4 Stans Rise Up|74\/100|[from] item: Leftovers\n|upkeep\n|turn|23\n|\n|t:|1700752997\n|move|p2a: Gen4 Stans Rise Up|Protect|p2a: Gen4 Stans Rise Up\n|-singleturn|p2a: Gen4 Stans Rise Up|Protect\n|move|p1a: Garganacl|Salt Cure|p2a: Gen4 Stans Rise Up\n|-activate|p2a: Gen4 Stans Rise Up|move: Protect\n|\n|-heal|p2a: Gen4 Stans Rise Up|80\/100|[from] item: Leftovers\n|upkeep\n|turn|24\n|\n|t:|1700753004\n|switch|p2a: 8bitremix|Great Tusk|73\/100\n|move|p1a: Garganacl|Salt Cure|p2a: 8bitremix\n|-resisted|p2a: 8bitremix\n|-damage|p2a: 8bitremix|71\/100\n|-start|p2a: 8bitremix|Salt Cure\n|\n|-heal|p2a: 8bitremix|77\/100|[from] item: Leftovers\n|-damage|p2a: 8bitremix|64\/100|[from] Salt Cure\n|upkeep\n|turn|25\n|\n|t:|1700753019\n|switch|p1a: Great Tusk|Great Tusk|62\/100\n|-damage|p1a: Great Tusk|59\/100|[from] Stealth Rock\n|move|p2a: 8bitremix|Roar|p1a: Great Tusk\n|-end|p1a: Great Tusk|Protosynthesis|[silent]\n|drag|p1a: Gholdengo|Gholdengo|100\/100\n|-damage|p1a: Gholdengo|94\/100|[from] Stealth Rock\n|-item|p1a: Gholdengo|Air Balloon\n|\n|-heal|p2a: 8bitremix|71\/100|[from] item: Leftovers\n|-damage|p2a: 8bitremix|58\/100|[from] Salt Cure\n|upkeep\n|turn|26\n|\n|t:|1700753024\n|-end|p2a: 8bitremix|Protosynthesis|[silent]\n|switch|p2a: Corviknight Hater|Mandibuzz, F|100\/100\n|move|p1a: Gholdengo|Shadow Ball|p2a: Corviknight Hater\n|-resisted|p2a: Corviknight Hater\n|-damage|p2a: Corviknight Hater|91\/100\n|\n|upkeep\n|turn|27\n|\n|t:|1700753031\n|switch|p1a: Garganacl|Garganacl, F, tera:Water|79\/100\n|-damage|p1a: Garganacl|67\/100|[from] Stealth Rock\n|move|p2a: Corviknight Hater|U-turn|p1a: Garganacl\n|-damage|p1a: Garganacl|61\/100\n|\n|t:|1700753039\n|switch|p2a: Cameltoe|Ogerpon-Wellspring, F|100\/100|[from] U-turn\n|\n|upkeep\n|turn|28\n|\n|t:|1700753046\n|switch|p1a: Zapdos|Zapdos|50\/100 tox\n|-damage|p1a: Zapdos|25\/100 tox|[from] Stealth Rock\n|move|p2a: Cameltoe|U-turn|p1a: Zapdos\n|-resisted|p1a: Zapdos\n|-damage|p1a: Zapdos|11\/100 tox\n|-status|p2a: Cameltoe|par|[from] ability: Static|[of] p1a: Zapdos\n|\n|t:|1700753055\n|switch|p2a: Is it pink?|Enamorus, F|100\/100|[from] U-turn\n|\n|-damage|p1a: Zapdos|5\/100 tox|[from] psn\n|upkeep\n|turn|29\n|\n|t:|1700753057\n|move|p2a: Is it pink?|Moonblast|p1a: Zapdos\n|-damage|p1a: Zapdos|0 fnt\n|faint|p1a: Zapdos\n|\n|upkeep\n|\n|t:|1700753063\n|switch|p1a: Gholdengo|Gholdengo|94\/100\n|-damage|p1a: Gholdengo|88\/100|[from] Stealth Rock\n|-item|p1a: Gholdengo|Air Balloon\n|turn|30\n|\n|t:|1700753075\n|switch|p2a: Corviknight Hater|Mandibuzz, F|91\/100\n|move|p1a: Gholdengo|Nasty Plot|p1a: Gholdengo\n|-boost|p1a: Gholdengo|spa|2\n|\n|upkeep\n|turn|31\n|\n|t:|1700753079\n|switch|p1a: Garganacl|Garganacl, F, tera:Water|61\/100\n|-damage|p1a: Garganacl|49\/100|[from] Stealth Rock\n|move|p2a: Corviknight Hater|Knock Off|p1a: Garganacl\n|-damage|p1a: Garganacl|39\/100\n|\n|upkeep\n|turn|32\n|\n|t:|1700753084\n|move|p2a: Corviknight Hater|U-turn|p1a: Garganacl\n|-damage|p1a: Garganacl|33\/100\n|\n|t:|1700753090\n|switch|p2a: Cameltoe|Ogerpon-Wellspring, F|100\/100 par|[from] U-turn\n|move|p1a: Garganacl|Recover|p1a: Garganacl\n|-heal|p1a: Garganacl|83\/100\n|\n|upkeep\n|turn|33\n|\n|t:|1700753103\n|switch|p1a: Great Tusk|Great Tusk|59\/100\n|-damage|p1a: Great Tusk|56\/100|[from] Stealth Rock\n|move|p2a: Cameltoe|Encore||[still]\n|-fail|p2a: Cameltoe\n|\n|upkeep\n|turn|34\n|\n|t:|1700753112\n|move|p1a: Great Tusk|Stealth Rock|p2a: Cameltoe\n|-sidestart|p2: Ombre Nomade|move: Stealth Rock\n|cant|p2a: Cameltoe|par\n|\n|upkeep\n|turn|35\n|\n|t:|1700753130\n|-end|p1a: Great Tusk|Protosynthesis|[silent]\n|switch|p1a: Gholdengo|Gholdengo|88\/100\n|-damage|p1a: Gholdengo|82\/100|[from] Stealth Rock\n|-item|p1a: Gholdengo|Air Balloon\n|move|p2a: Cameltoe|Ivy Cudgel|p1a: Gholdengo|[anim] Ivy Cudgel Water\n|-damage|p1a: Gholdengo|42\/100\n|-enditem|p1a: Gholdengo|Air Balloon\n|\n|upkeep\n|turn|36\n|\n|t:|1700753138\n|switch|p2a: Corviknight Hater|Mandibuzz, F|91\/100\n|-damage|p2a: Corviknight Hater|66\/100|[from] Stealth Rock\n|move|p1a: Gholdengo|Recover|p1a: Gholdengo\n|-heal|p1a: Gholdengo|92\/100\n|\n|upkeep\n|turn|37\n|\n|t:|1700753143\n|move|p1a: Gholdengo|Nasty Plot|p1a: Gholdengo\n|-boost|p1a: Gholdengo|spa|2\n|move|p2a: Corviknight Hater|Roost|p2a: Corviknight Hater\n|-heal|p2a: Corviknight Hater|100\/100\n|-singleturn|p2a: Corviknight Hater|move: Roost\n|\n|upkeep\n|turn|38\n|\n|t:|1700753149\n|move|p1a: Gholdengo|Make It Rain|p2a: Corviknight Hater\n|-damage|p2a: Corviknight Hater|33\/100\n|-unboost|p1a: Gholdengo|spa|1\n|move|p2a: Corviknight Hater|U-turn|p1a: Gholdengo\n|-resisted|p1a: Gholdengo\n|-damage|p1a: Gholdengo|91\/100\n|\n|t:|1700753154\n|switch|p2a: Gen4 Stans Rise Up|Heatran, M, shiny|80\/100|[from] U-turn\n|-damage|p2a: Gen4 Stans Rise Up|68\/100|[from] Stealth Rock\n|\n|-heal|p2a: Gen4 Stans Rise Up|74\/100|[from] item: Leftovers\n|upkeep\n|turn|39\n|\n|t:|1700753165\n|switch|p1a: Garganacl|Garganacl, F, tera:Water|83\/100\n|-damage|p1a: Garganacl|70\/100|[from] Stealth Rock\n|move|p2a: Gen4 Stans Rise Up|Magma Storm|p1a: Garganacl|[miss]\n|-miss|p2a: Gen4 Stans Rise Up|p1a: Garganacl\n|\n|-heal|p2a: Gen4 Stans Rise Up|80\/100|[from] item: Leftovers\n|upkeep\n|turn|40\n|\n|t:|1700753176\n|switch|p2a: 8bitremix|Great Tusk|58\/100\n|-damage|p2a: 8bitremix|55\/100|[from] Stealth Rock\n|move|p1a: Garganacl|Recover|p1a: Garganacl\n|-heal|p1a: Garganacl|100\/100\n|\n|-heal|p2a: 8bitremix|61\/100|[from] item: Leftovers\n|upkeep\n|turn|41\n|\n|t:|1700753181\n|move|p2a: 8bitremix|Earthquake|p1a: Garganacl\n|-damage|p1a: Garganacl|79\/100\n|move|p1a: Garganacl|Salt Cure|p2a: 8bitremix\n|-resisted|p2a: 8bitremix\n|-damage|p2a: 8bitremix|59\/100\n|-start|p2a: 8bitremix|Salt Cure\n|\n|-heal|p2a: 8bitremix|66\/100|[from] item: Leftovers\n|-damage|p2a: 8bitremix|53\/100|[from] Salt Cure\n|upkeep\n|turn|42\n|\n|t:|1700753184\n|move|p2a: 8bitremix|Rapid Spin|p1a: Garganacl\n|-damage|p1a: Garganacl|71\/100\n|-boost|p2a: 8bitremix|spe|1\n|-sideend|p2: Ombre Nomade|Stealth Rock|[from] move: Rapid Spin|[of] p2a: 8bitremix\n|move|p1a: Garganacl|Curse|p1a: Garganacl\n|-unboost|p1a: Garganacl|spe|1\n|-boost|p1a: Garganacl|atk|1\n|-boost|p1a: Garganacl|def|1\n|\n|-heal|p2a: 8bitremix|59\/100|[from] item: Leftovers\n|-damage|p2a: 8bitremix|47\/100|[from] Salt Cure\n|upkeep\n|turn|43\n|\n|t:|1700753188\n|move|p1a: Garganacl|Earthquake|p2a: 8bitremix\n|-damage|p2a: 8bitremix|25\/100\n|move|p2a: 8bitremix|Roar|p1a: Garganacl\n|drag|p1a: Great Tusk|Great Tusk|56\/100\n|-damage|p1a: Great Tusk|53\/100|[from] Stealth Rock\n|\n|-heal|p2a: 8bitremix|31\/100|[from] item: Leftovers\n|-damage|p2a: 8bitremix|19\/100|[from] Salt Cure\n|upkeep\n|turn|44\n|\n|t:|1700753194\n|-end|p2a: 8bitremix|Protosynthesis|[silent]\n|switch|p2a: Corviknight Hater|Mandibuzz, F|33\/100\n|move|p1a: Great Tusk|Stealth Rock|p2a: Corviknight Hater\n|-sidestart|p2: Ombre Nomade|move: Stealth Rock\n|\n|upkeep\n|turn|45\n|\n|t:|1700753199\n|move|p1a: Great Tusk|Ice Spinner|p2a: Corviknight Hater\n|-supereffective|p2a: Corviknight Hater\n|-damage|p2a: Corviknight Hater|0 fnt\n|faint|p2a: Corviknight Hater\n|\n|upkeep\n|\n|t:|1700753206\n|switch|p2a: Is it pink?|Enamorus, F|100\/100\n|-damage|p2a: Is it pink?|76\/100|[from] Stealth Rock\n|turn|46\n|\n|t:|1700753218\n|move|p2a: Is it pink?|Moonblast|p1a: Great Tusk\n|-supereffective|p1a: Great Tusk\n|-damage|p1a: Great Tusk|0 fnt\n|faint|p1a: Great Tusk\n|-end|p1a: Great Tusk|Protosynthesis|[silent]\n|\n|upkeep\n|\n|t:|1700753223\n|switch|p1a: Gholdengo|Gholdengo|91\/100\n|-damage|p1a: Gholdengo|84\/100|[from] Stealth Rock\n|turn|47\n|\n|t:|1700753229\n|switch|p2a: Gen4 Stans Rise Up|Heatran, M, shiny|80\/100\n|-damage|p2a: Gen4 Stans Rise Up|68\/100|[from] Stealth Rock\n|move|p1a: Gholdengo|Shadow Ball|p2a: Gen4 Stans Rise Up\n|-damage|p2a: Gen4 Stans Rise Up|42\/100\n|\n|-heal|p2a: Gen4 Stans Rise Up|48\/100|[from] item: Leftovers\n|upkeep\n|turn|48\n|\n|t:|1700753246\n|switch|p1a: Garganacl|Garganacl, F, tera:Water|71\/100\n|-damage|p1a: Garganacl|59\/100|[from] Stealth Rock\n|move|p2a: Gen4 Stans Rise Up|Magma Storm|p1a: Garganacl\n|-resisted|p1a: Garganacl\n|-damage|p1a: Garganacl|40\/100\n|-activate|p1a: Garganacl|move: Magma Storm|[of] p2a: Gen4 Stans Rise Up\n|\n|-heal|p2a: Gen4 Stans Rise Up|54\/100|[from] item: Leftovers\n|-damage|p1a: Garganacl|28\/100|[from] move: Magma Storm|[partiallytrapped]\n|upkeep\n|turn|49\n|\n|t:|1700753257\n|move|p2a: Gen4 Stans Rise Up|Earth Power|p1a: Garganacl\n|-damage|p1a: Garganacl|5\/100\n|move|p1a: Garganacl|Recover|p1a: Garganacl\n|-heal|p1a: Garganacl|55\/100\n|\n|-heal|p2a: Gen4 Stans Rise Up|60\/100|[from] item: Leftovers\n|-damage|p1a: Garganacl|43\/100|[from] move: Magma Storm|[partiallytrapped]\n|upkeep\n|turn|50\n|\n|t:|1700753271\n|switch|p2a: 8bitremix|Great Tusk|19\/100\n|-damage|p2a: 8bitremix|16\/100|[from] Stealth Rock\n|move|p1a: Garganacl|Recover|p1a: Garganacl\n|-heal|p1a: Garganacl|93\/100\n|\n|-heal|p2a: 8bitremix|22\/100|[from] item: Leftovers\n|-end|p1a: Garganacl|Magma Storm|[partiallytrapped]|[silent]\n|upkeep\n|turn|51\n|\n|t:|1700753275\n|move|p2a: 8bitremix|Rapid Spin|p1a: Garganacl\n|-damage|p1a: Garganacl|84\/100\n|-boost|p2a: 8bitremix|spe|1\n|-sideend|p2: Ombre Nomade|Stealth Rock|[from] move: Rapid Spin|[of] p2a: 8bitremix\n|move|p1a: Garganacl|Salt Cure|p2a: 8bitremix\n|-resisted|p2a: 8bitremix\n|-damage|p2a: 8bitremix|20\/100\n|-start|p2a: 8bitremix|Salt Cure\n|\n|-heal|p2a: 8bitremix|26\/100|[from] item: Leftovers\n|-damage|p2a: 8bitremix|14\/100|[from] Salt Cure\n|upkeep\n|turn|52\n|\n|t:|1700753285\n|-end|p2a: 8bitremix|Protosynthesis|[silent]\n|switch|p2a: Cameltoe|Ogerpon-Wellspring, F|100\/100 par\n|move|p1a: Garganacl|Curse|p1a: Garganacl\n|-unboost|p1a: Garganacl|spe|1\n|-boost|p1a: Garganacl|atk|1\n|-boost|p1a: Garganacl|def|1\n|\n|upkeep\n|turn|53\n|\n|t:|1700753289\n|move|p2a: Cameltoe|Encore|p1a: Garganacl\n|-start|p1a: Garganacl|Encore\n|move|p1a: Garganacl|Curse|p1a: Garganacl\n|-unboost|p1a: Garganacl|spe|1\n|-boost|p1a: Garganacl|atk|1\n|-boost|p1a: Garganacl|def|1\n|\n|upkeep\n|turn|54\n|\n|t:|1700753299\n|switch|p1a: Gholdengo|Gholdengo|84\/100\n|-damage|p1a: Gholdengo|78\/100|[from] Stealth Rock\n|move|p2a: Cameltoe|Knock Off|p1a: Gholdengo\n|-supereffective|p1a: Gholdengo\n|-damage|p1a: Gholdengo|41\/100\n|\n|upkeep\n|turn|55\n|\n|t:|1700753303\n|switch|p2a: Gen4 Stans Rise Up|Heatran, M, shiny|60\/100\n|move|p1a: Gholdengo|Recover|p1a: Gholdengo\n|-heal|p1a: Gholdengo|91\/100\n|\n|-heal|p2a: Gen4 Stans Rise Up|66\/100|[from] item: Leftovers\n|upkeep\n|turn|56\n|\n|t:|1700753309\n|switch|p1a: Garganacl|Garganacl, F, tera:Water|84\/100\n|-damage|p1a: Garganacl|72\/100|[from] Stealth Rock\n|move|p2a: Gen4 Stans Rise Up|Magma Storm|p1a: Garganacl|[miss]\n|-miss|p2a: Gen4 Stans Rise Up|p1a: Garganacl\n|\n|-heal|p2a: Gen4 Stans Rise Up|73\/100|[from] item: Leftovers\n|upkeep\n|turn|57\n|\n|t:|1700753313\n|switch|p2a: Cameltoe|Ogerpon-Wellspring, F|100\/100 par\n|move|p1a: Garganacl|Earthquake|p2a: Cameltoe\n|-resisted|p2a: Cameltoe\n|-damage|p2a: Cameltoe|86\/100 par\n|\n|upkeep\n|turn|58\n|\n|t:|1700753316\n|move|p2a: Cameltoe|Encore|p1a: Garganacl\n|-start|p1a: Garganacl|Encore\n|move|p1a: Garganacl|Earthquake|p2a: Cameltoe\n|-resisted|p2a: Cameltoe\n|-damage|p2a: Cameltoe|71\/100 par\n|\n|upkeep\n|turn|59\n|\n|t:|1700753321\n|switch|p1a: Dragonite|Dragonite, F|100\/100\n|move|p2a: Cameltoe|U-turn|p1a: Dragonite\n|-resisted|p1a: Dragonite\n|-damage|p1a: Dragonite|93\/100\n|\n|t:|1700753324\n|switch|p2a: Is it pink?|Enamorus, F|76\/100|[from] U-turn\n|\n|upkeep\n|turn|60\n|\n|t:|1700753329\n|switch|p1a: Gholdengo|Gholdengo|91\/100\n|-damage|p1a: Gholdengo|85\/100|[from] Stealth Rock\n|move|p2a: Is it pink?|Moonblast|p1a: Gholdengo\n|-resisted|p1a: Gholdengo\n|-damage|p1a: Gholdengo|58\/100\n|\n|upkeep\n|turn|61\n|\n|t:|1700753348\n|switch|p2a: Gen4 Stans Rise Up|Heatran, M, shiny|73\/100\n|switch|p1a: Dragonite|Dragonite, F|93\/100\n|\n|-heal|p2a: Gen4 Stans Rise Up|79\/100|[from] item: Leftovers\n|upkeep\n|turn|62\n|\n|t:|1700753355\n|switch|p2a: Is it pink?|Enamorus, F|76\/100\n|move|p1a: Dragonite|Dragon Dance|p1a: Dragonite\n|-boost|p1a: Dragonite|atk|1\n|-boost|p1a: Dragonite|spe|1\n|\n|upkeep\n|turn|63\n|\n|t:|1700753361\n|move|p1a: Dragonite|Extreme Speed|p2a: Is it pink?\n|-crit|p2a: Is it pink?\n|-damage|p2a: Is it pink?|0 fnt\n|faint|p2a: Is it pink?\n|\n|upkeep\n|\n|t:|1700753368\n|switch|p2a: Dragosta Din Tei|Zamazenta|100\/100\n|-ability|p2a: Dragosta Din Tei|Dauntless Shield|boost\n|-boost|p2a: Dragosta Din Tei|def|1\n|turn|64\n|\n|t:|1700753375\n|switch|p1a: Iron Valiant|Iron Valiant|100\/100\n|move|p2a: Dragosta Din Tei|Iron Defense|p2a: Dragosta Din Tei\n|-boost|p2a: Dragosta Din Tei|def|2\n|\n|upkeep\n|turn|65\n|\n|t:|1700753399\n|-terastallize|p2a: Dragosta Din Tei|Steel\n|move|p2a: Dragosta Din Tei|Heavy Slam|p1a: Iron Valiant\n|-supereffective|p1a: Iron Valiant\n|-damage|p1a: Iron Valiant|0 fnt\n|faint|p1a: Iron Valiant\n|-end|p1a: Iron Valiant|Quark Drive|[silent]\n|\n|upkeep\n|\n|t:|1700753404\n|switch|p1a: Gholdengo|Gholdengo|58\/100\n|-damage|p1a: Gholdengo|52\/100|[from] Stealth Rock\n|turn|66\n|\n|t:|1700753412\n|switch|p2a: Gen4 Stans Rise Up|Heatran, M, shiny|79\/100\n|move|p1a: Gholdengo|Recover|p1a: Gholdengo\n|-heal|p1a: Gholdengo|100\/100\n|\n|-heal|p2a: Gen4 Stans Rise Up|85\/100|[from] item: Leftovers\n|upkeep\n|turn|67\n|\n|t:|1700753423\n|switch|p1a: Garganacl|Garganacl, F, tera:Water|72\/100\n|-damage|p1a: Garganacl|60\/100|[from] Stealth Rock\n|move|p2a: Gen4 Stans Rise Up|Magma Storm|p1a: Garganacl\n|-resisted|p1a: Garganacl\n|-damage|p1a: Garganacl|41\/100\n|-activate|p1a: Garganacl|move: Magma Storm|[of] p2a: Gen4 Stans Rise Up\n|\n|-heal|p2a: Gen4 Stans Rise Up|91\/100|[from] item: Leftovers\n|-damage|p1a: Garganacl|29\/100|[from] move: Magma Storm|[partiallytrapped]\n|upkeep\n|turn|68\n|\n|t:|1700753431\n|switch|p2a: Cameltoe|Ogerpon-Wellspring, F|71\/100 par\n|move|p1a: Garganacl|Recover|p1a: Garganacl\n|-heal|p1a: Garganacl|79\/100\n|\n|-end|p1a: Garganacl|Magma Storm|[partiallytrapped]|[silent]\n|upkeep\n|turn|69\n|\n|t:|1700753433\n|move|p2a: Cameltoe|Encore|p1a: Garganacl\n|-start|p1a: Garganacl|Encore\n|move|p1a: Garganacl|Recover|p1a: Garganacl\n|-heal|p1a: Garganacl|100\/100\n|\n|upkeep\n|turn|70\n|\n|t:|1700753437\n|switch|p1a: Dragonite|Dragonite, F|93\/100\n|move|p2a: Cameltoe|U-turn|p1a: Dragonite\n|-resisted|p1a: Dragonite\n|-damage|p1a: Dragonite|77\/100\n|\n|t:|1700753442\n|switch|p2a: Dragosta Din Tei|Zamazenta, tera:Steel|100\/100|[from] U-turn\n|\n|upkeep\n|turn|71\n|\n|t:|1700753445\n|switch|p1a: Gholdengo|Gholdengo|100\/100\n|-damage|p1a: Gholdengo|94\/100|[from] Stealth Rock\n|move|p2a: Dragosta Din Tei|Iron Defense|p2a: Dragosta Din Tei\n|-boost|p2a: Dragosta Din Tei|def|2\n|\n|upkeep\n|turn|72\n|\n|t:|1700753449\n|switch|p2a: Gen4 Stans Rise Up|Heatran, M, shiny|91\/100\n|move|p1a: Gholdengo|Shadow Ball|p2a: Gen4 Stans Rise Up\n|-damage|p2a: Gen4 Stans Rise Up|67\/100\n|\n|-heal|p2a: Gen4 Stans Rise Up|73\/100|[from] item: Leftovers\n|upkeep\n|turn|73\n|\n|t:|1700753455\n|switch|p2a: Cameltoe|Ogerpon-Wellspring, F|71\/100 par\n|switch|p1a: Dragonite|Dragonite, F|77\/100\n|\n|upkeep\n|turn|74\n|\n|t:|1700753463\n|move|p1a: Dragonite|Dragon Dance|p1a: Dragonite\n|-boost|p1a: Dragonite|atk|1\n|-boost|p1a: Dragonite|spe|1\n|move|p2a: Cameltoe|Encore|p1a: Dragonite\n|-start|p1a: Dragonite|Encore\n|\n|upkeep\n|turn|75\n|\n|t:|1700753469\n|switch|p2a: 8bitremix|Great Tusk|14\/100\n|move|p1a: Dragonite|Dragon Dance|p1a: Dragonite\n|-boost|p1a: Dragonite|atk|1\n|-boost|p1a: Dragonite|spe|1\n|\n|-heal|p2a: 8bitremix|20\/100|[from] item: Leftovers\n|upkeep\n|turn|76\n|\n|t:|1700753474\n|switch|p1a: Garganacl|Garganacl, F, tera:Water|100\/100\n|-damage|p1a: Garganacl|88\/100|[from] Stealth Rock\n|move|p2a: 8bitremix|Ice Spinner|p1a: Garganacl\n|-resisted|p1a: Garganacl\n|-damage|p1a: Garganacl|82\/100\n|\n|-heal|p2a: 8bitremix|26\/100|[from] item: Leftovers\n|upkeep\n|turn|77\n|\n|t:|1700753483\n|-end|p2a: 8bitremix|Protosynthesis|[silent]\n|switch|p2a: Cameltoe|Ogerpon-Wellspring, F|71\/100 par\n|move|p1a: Garganacl|Salt Cure|p2a: Cameltoe\n|-damage|p2a: Cameltoe|51\/100 par\n|-start|p2a: Cameltoe|Salt Cure\n|\n|-damage|p2a: Cameltoe|26\/100 par|[from] Salt Cure\n|upkeep\n|turn|78\n|\n|t:|1700753491\n|switch|p2a: 8bitremix|Great Tusk|26\/100\n|move|p1a: Garganacl|Curse|p1a: Garganacl\n|-unboost|p1a: Garganacl|spe|1\n|-boost|p1a: Garganacl|atk|1\n|-boost|p1a: Garganacl|def|1\n|\n|-heal|p2a: 8bitremix|33\/100|[from] item: Leftovers\n|upkeep\n|turn|79\n|\n|t:|1700753493\n|move|p1a: Garganacl|Salt Cure|p2a: 8bitremix\n|-resisted|p2a: 8bitremix\n|-damage|p2a: 8bitremix|30\/100\n|-start|p2a: 8bitremix|Salt Cure\n|move|p2a: 8bitremix|Roar|p1a: Garganacl\n|drag|p1a: Dragonite|Dragonite, F|77\/100\n|\n|-heal|p2a: 8bitremix|36\/100|[from] item: Leftovers\n|-damage|p2a: 8bitremix|23\/100|[from] Salt Cure\n|upkeep\n|turn|80\n|\n|t:|1700753499\n|switch|p1a: Garganacl|Garganacl, F, tera:Water|82\/100\n|-damage|p1a: Garganacl|69\/100|[from] Stealth Rock\n|move|p2a: 8bitremix|Ice Spinner|p1a: Garganacl\n|-resisted|p1a: Garganacl\n|-damage|p1a: Garganacl|63\/100\n|\n|-heal|p2a: 8bitremix|30\/100|[from] item: Leftovers\n|-damage|p2a: 8bitremix|17\/100|[from] Salt Cure\n|upkeep\n|turn|81\n|\n|t:|1700753504\n|-end|p2a: 8bitremix|Protosynthesis|[silent]\n|switch|p2a: Cameltoe|Ogerpon-Wellspring, F|26\/100 par\n|move|p1a: Garganacl|Curse|p1a: Garganacl\n|-unboost|p1a: Garganacl|spe|1\n|-boost|p1a: Garganacl|atk|1\n|-boost|p1a: Garganacl|def|1\n|\n|upkeep\n|turn|82\n|\n|t:|1700753508\n|cant|p2a: Cameltoe|par\n|move|p1a: Garganacl|Salt Cure|p2a: Cameltoe\n|-damage|p2a: Cameltoe|0 fnt\n|faint|p2a: Cameltoe\n|\n|upkeep\n|\n|t:|1700753511\n|switch|p2a: Dragosta Din Tei|Zamazenta, tera:Steel|100\/100\n|turn|83\n|\n|t:|1700753513\n|move|p2a: Dragosta Din Tei|Substitute|p2a: Dragosta Din Tei\n|-start|p2a: Dragosta Din Tei|Substitute\n|-damage|p2a: Dragosta Din Tei|76\/100\n|move|p1a: Garganacl|Salt Cure|p2a: Dragosta Din Tei\n|-resisted|p2a: Dragosta Din Tei\n|-activate|p2a: Dragosta Din Tei|move: Substitute|[damage]\n|\n|-heal|p2a: Dragosta Din Tei|82\/100|[from] item: Leftovers\n|upkeep\n|turn|84\n|\n|t:|1700753516\n|move|p2a: Dragosta Din Tei|Iron Defense|p2a: Dragosta Din Tei\n|-boost|p2a: Dragosta Din Tei|def|2\n|move|p1a: Garganacl|Earthquake|p2a: Dragosta Din Tei\n|-supereffective|p2a: Dragosta Din Tei\n|-end|p2a: Dragosta Din Tei|Substitute\n|\n|-heal|p2a: Dragosta Din Tei|88\/100|[from] item: Leftovers\n|upkeep\n|turn|85\n|\n|t:|1700753520\n|move|p2a: Dragosta Din Tei|Substitute|p2a: Dragosta Din Tei\n|-start|p2a: Dragosta Din Tei|Substitute\n|-damage|p2a: Dragosta Din Tei|63\/100\n|move|p1a: Garganacl|Earthquake|p2a: Dragosta Din Tei\n|-supereffective|p2a: Dragosta Din Tei\n|-end|p2a: Dragosta Din Tei|Substitute\n|\n|-heal|p2a: Dragosta Din Tei|69\/100|[from] item: Leftovers\n|upkeep\n|turn|86\n|\n|t:|1700753524\n|move|p2a: Dragosta Din Tei|Iron Defense|p2a: Dragosta Din Tei\n|-boost|p2a: Dragosta Din Tei|def|2\n|move|p1a: Garganacl|Earthquake|p2a: Dragosta Din Tei\n|-supereffective|p2a: Dragosta Din Tei\n|-damage|p2a: Dragosta Din Tei|52\/100\n|\n|-heal|p2a: Dragosta Din Tei|59\/100|[from] item: Leftovers\n|upkeep\n|turn|87\n|\n|t:|1700753527\n|move|p2a: Dragosta Din Tei|Substitute|p2a: Dragosta Din Tei\n|-start|p2a: Dragosta Din Tei|Substitute\n|-damage|p2a: Dragosta Din Tei|34\/100\n|move|p1a: Garganacl|Curse|p1a: Garganacl\n|-unboost|p1a: Garganacl|spe|1\n|-boost|p1a: Garganacl|atk|1\n|-boost|p1a: Garganacl|def|1\n|\n|-heal|p2a: Dragosta Din Tei|40\/100|[from] item: Leftovers\n|upkeep\n|turn|88\n|\n|t:|1700753532\n|move|p2a: Dragosta Din Tei|Iron Defense|p2a: Dragosta Din Tei\n|-boost|p2a: Dragosta Din Tei|def|2\n|move|p1a: Garganacl|Curse|p1a: Garganacl\n|-unboost|p1a: Garganacl|spe|1\n|-boost|p1a: Garganacl|atk|1\n|-boost|p1a: Garganacl|def|1\n|\n|-heal|p2a: Dragosta Din Tei|46\/100|[from] item: Leftovers\n|upkeep\n|turn|89\n|\n|t:|1700753534\n|move|p2a: Dragosta Din Tei|Body Press|p1a: Garganacl\n|-damage|p1a: Garganacl|34\/100\n|move|p1a: Garganacl|Earthquake|p2a: Dragosta Din Tei\n|-supereffective|p2a: Dragosta Din Tei\n|-activate|p2a: Dragosta Din Tei|move: Substitute|[damage]\n|\n|-heal|p2a: Dragosta Din Tei|52\/100|[from] item: Leftovers\n|upkeep\n|turn|90\n|\n|t:|1700753539\n|move|p2a: Dragosta Din Tei|Body Press|p1a: Garganacl\n|-crit|p1a: Garganacl\n|-damage|p1a: Garganacl|0 fnt\n|faint|p1a: Garganacl\n|\n|-heal|p2a: Dragosta Din Tei|59\/100|[from] item: Leftovers\n|upkeep\n|\n|t:|1700753543\n|switch|p1a: Gholdengo|Gholdengo|94\/100\n|-damage|p1a: Gholdengo|88\/100|[from] Stealth Rock\n|turn|91\n|\n|t:|1700753548\n|move|p2a: Dragosta Din Tei|Heavy Slam|p1a: Gholdengo\n|-resisted|p1a: Gholdengo\n|-damage|p1a: Gholdengo|73\/100\n|move|p1a: Gholdengo|Shadow Ball|p2a: Dragosta Din Tei\n|-end|p2a: Dragosta Din Tei|Substitute\n|\n|-heal|p2a: Dragosta Din Tei|65\/100|[from] item: Leftovers\n|upkeep\n|turn|92\n|\n|t:|1700753563\n|switch|p2a: Gen4 Stans Rise Up|Heatran, M, shiny|73\/100\n|move|p1a: Gholdengo|Shadow Ball|p2a: Gen4 Stans Rise Up\n|-damage|p2a: Gen4 Stans Rise Up|46\/100\n|\n|-heal|p2a: Gen4 Stans Rise Up|52\/100|[from] item: Leftovers\n|upkeep\n|turn|93\n|\n|t:|1700753568\n|switch|p1a: Dragonite|Dragonite, F|77\/100\n|move|p2a: Gen4 Stans Rise Up|Magma Storm|p1a: Dragonite\n|-resisted|p1a: Dragonite\n|-damage|p1a: Dragonite|53\/100\n|-activate|p1a: Dragonite|move: Magma Storm|[of] p2a: Gen4 Stans Rise Up\n|\n|-heal|p2a: Gen4 Stans Rise Up|58\/100|[from] item: Leftovers\n|-damage|p1a: Dragonite|41\/100|[from] move: Magma Storm|[partiallytrapped]\n|upkeep\n|turn|94\n|\n|t:|1700753574\n|switch|p2a: 8bitremix|Great Tusk|17\/100\n|move|p1a: Dragonite|Dragon Dance|p1a: Dragonite\n|-boost|p1a: Dragonite|atk|1\n|-boost|p1a: Dragonite|spe|1\n|\n|-heal|p2a: 8bitremix|23\/100|[from] item: Leftovers\n|-end|p1a: Dragonite|Magma Storm|[partiallytrapped]|[silent]\n|upkeep\n|turn|95\n|\n|t:|1700753579\n|move|p1a: Dragonite|Ice Spinner|p2a: 8bitremix\n|-supereffective|p2a: 8bitremix\n|-damage|p2a: 8bitremix|0 fnt\n|faint|p2a: 8bitremix\n|-end|p2a: 8bitremix|Protosynthesis|[silent]\n|\n|upkeep\n|\n|t:|1700753581\n|switch|p2a: Dragosta Din Tei|Zamazenta, tera:Steel|65\/100\n|turn|96\n|\n|t:|1700753584\n|move|p2a: Dragosta Din Tei|Iron Defense|p2a: Dragosta Din Tei\n|-boost|p2a: Dragosta Din Tei|def|2\n|move|p1a: Dragonite|Earthquake|p2a: Dragosta Din Tei\n|-supereffective|p2a: Dragosta Din Tei\n|-damage|p2a: Dragosta Din Tei|21\/100\n|\n|-heal|p2a: Dragosta Din Tei|28\/100|[from] item: Leftovers\n|upkeep\n|turn|97\n|\n|t:|1700753597\n|move|p2a: Dragosta Din Tei|Heavy Slam|p1a: Dragonite\n|-damage|p1a: Dragonite|23\/100\n|move|p1a: Dragonite|Earthquake|p2a: Dragosta Din Tei\n|-supereffective|p2a: Dragosta Din Tei\n|-damage|p2a: Dragosta Din Tei|0 fnt\n|faint|p2a: Dragosta Din Tei\n|\n|upkeep\n|\n|t:|1700753599\n|switch|p2a: Gen4 Stans Rise Up|Heatran, M, shiny|58\/100\n|turn|98\n|\n|t:|1700753601\n|move|p1a: Dragonite|Earthquake|p2a: Gen4 Stans Rise Up\n|-supereffective|p2a: Gen4 Stans Rise Up\n|-damage|p2a: Gen4 Stans Rise Up|0 fnt\n|faint|p2a: Gen4 Stans Rise Up\n|\n|win|Winterchillz\n|raw|Winterchillz's rating: 1546 &rarr; <strong>1570<\/strong><br \/>(+24 for winning)\n|raw|Ombre Nomade's rating: 1613 &rarr; <strong>1589<\/strong><br \/>(-24 for losing)\n","uploadtime":1700753605,"views":0,"p1id":"winterchillz","p2id":"ombrenomade","formatid":"gen9ou","rating":1570,"private":0,"password":""}