{"id":"gen9ou-1993283142","p1":"ha999999","p2":"kanishk0612d","format":"[Gen 9] OU","log":"|j|\u2606ha999999\n|j|\u2606kanishk0612d\n|inactive|Battle timer is ON: inactive players will automatically lose when time's up.\n|t:|1700289926\n|gametype|singles\n|player|p1|ha999999|1|\n|player|p2|kanishk0612d|bellelba|\n|teamsize|p1|4\n|teamsize|p2|4\n|gen|9\n|tier|[Gen 9] OU\n|rated|Tournament battle\n|rule|Sleep Clause Mod: Limit one foe put to sleep\n|rule|Species Clause: Limit one of each Pok\u00e9mon\n|rule|OHKO Clause: OHKO moves are banned\n|rule|Evasion Items Clause: Evasion items are banned\n|rule|Evasion Moves Clause: Evasion moves are banned\n|rule|Endless Battle Clause: Forcing endless battles is banned\n|rule|HP Percentage Mod: HP is shown in percentages\n|clearpoke\n|poke|p1|Pineco, F|\n|poke|p1|Vulpix-Alola, F|\n|poke|p1|Gholdengo|\n|poke|p1|Dachsbun, F|\n|poke|p2|Gastly, M|\n|poke|p2|Glimmora, M|\n|poke|p2|Skiddo, M|\n|poke|p2|Slowking-Galar, F|\n|teampreview\n|j|*Lady Monita \u2746\n|inactive|ha999999 also wants the timer to be on.\n|j| munchkinp\n|j| ishikusan\n|inactive|ha999999 has 120 seconds left.\n|\n|t:|1700289959\n|start\n|switch|p1a: Pineco|Pineco, F|100\/100\n|switch|p2a: Glimmora|Glimmora, M|100\/100\n|turn|1\n|\n|t:|1700289970\n|switch|p1a: Gholdengo|Gholdengo|100\/100\n|move|p2a: Glimmora|Sludge Wave|p1a: Gholdengo\n|-immune|p1a: Gholdengo\n|\n|upkeep\n|turn|2\n|\n|t:|1700289980\n|move|p2a: Glimmora|Spiky Shield|p2a: Glimmora\n|-singleturn|p2a: Glimmora|move: Protect\n|move|p1a: Gholdengo|Make It Rain|p2a: Glimmora\n|-activate|p2a: Glimmora|move: Protect\n|\n|upkeep\n|turn|3\n|inactive|kanishk0612d has 120 seconds left.\n|\n|t:|1700290018\n|switch|p2a: Gastly|Gastly, M|100\/100\n|move|p1a: Gholdengo|Make It Rain|p2a: Gastly\n|-damage|p2a: Gastly|0 fnt\n|-unboost|p1a: Gholdengo|spa|1\n|faint|p2a: Gastly\n|\n|upkeep\n|\n|t:|1700290030\n|switch|p2a: Skiddo|Skiddo, M|100\/100\n|turn|4\n|\n|t:|1700290046\n|switch|p1a: Pineco|Pineco, F|100\/100\n|move|p2a: Skiddo|Leaf Blade|p1a: Pineco\n|-resisted|p1a: Pineco\n|-damage|p1a: Pineco|88\/100\n|-damage|p2a: Skiddo|91\/100|[from] item: Life Orb\n|\n|upkeep\n|turn|5\n|\n|t:|1700290058\n|move|p2a: Skiddo|Body Slam|p1a: Pineco\n|-damage|p1a: Pineco|73\/100\n|-damage|p2a: Skiddo|81\/100|[from] item: Life Orb\n|move|p1a: Pineco|Spikes|p2a: Skiddo\n|-sidestart|p2: kanishk0612d|Spikes\n|\n|upkeep\n|turn|6\n|\n|t:|1700290068\n|move|p2a: Skiddo|Body Slam|p1a: Pineco\n|-damage|p1a: Pineco|56\/100\n|-damage|p2a: Skiddo|71\/100|[from] item: Life Orb\n|move|p1a: Pineco|Stealth Rock|p2a: Skiddo\n|-sidestart|p2: kanishk0612d|move: Stealth Rock\n|\n|upkeep\n|turn|7\n|\n|t:|1700290075\n|move|p2a: Skiddo|Body Slam|p1a: Pineco\n|-damage|p1a: Pineco|40\/100\n|-damage|p2a: Skiddo|61\/100|[from] item: Life Orb\n|move|p1a: Pineco|Spikes|p2a: Skiddo\n|-sidestart|p2: kanishk0612d|Spikes\n|\n|upkeep\n|turn|8\n|inactive|kanishk0612d has 120 seconds left.\n|\n|t:|1700290082\n|move|p2a: Skiddo|Body Slam|p1a: Pineco\n|-damage|p1a: Pineco|23\/100\n|-status|p1a: Pineco|par\n|-damage|p2a: Skiddo|51\/100|[from] item: Life Orb\n|move|p1a: Pineco|Spikes|p2a: Skiddo\n|-sidestart|p2: kanishk0612d|Spikes\n|\n|upkeep\n|turn|9\n|\n|t:|1700290095\n|switch|p1a: Vulpix|Vulpix-Alola, F|100\/100\n|-weather|Snow|[from] ability: Snow Warning|[of] p1a: Vulpix\n|move|p2a: Skiddo|Body Slam|p1a: Vulpix\n|-damage|p1a: Vulpix|59\/100\n|-damage|p2a: Skiddo|41\/100|[from] item: Life Orb\n|\n|-weather|Snow|[upkeep]\n|upkeep\n|turn|10\n|\n|t:|1700290109\n|move|p1a: Vulpix|Aurora Veil|p1a: Vulpix\n|-sidestart|p1: ha999999|move: Aurora Veil\n|move|p2a: Skiddo|Body Slam|p1a: Vulpix\n|-damage|p1a: Vulpix|37\/100\n|-damage|p2a: Skiddo|32\/100|[from] item: Life Orb\n|\n|-weather|Snow|[upkeep]\n|upkeep\n|turn|11\n|\n|t:|1700290117\n|move|p1a: Vulpix|Freeze-Dry|p2a: Skiddo\n|-supereffective|p2a: Skiddo\n|-damage|p2a: Skiddo|0 fnt\n|faint|p2a: Skiddo\n|\n|-weather|Snow|[upkeep]\n|upkeep\n|\n|t:|1700290129\n|switch|p2a: Slowking|Slowking-Galar, F|100\/100\n|-damage|p2a: Slowking|76\/100|[from] Spikes\n|-damage|p2a: Slowking|63\/100|[from] Stealth Rock\n|turn|12\n|\n|t:|1700290137\n|move|p1a: Vulpix|Hypnosis|p2a: Slowking\n|-status|p2a: Slowking|slp|[from] move: Hypnosis\n|cant|p2a: Slowking|slp\n|\n|-weather|Snow|[upkeep]\n|upkeep\n|turn|13\n|\n|t:|1700290145\n|switch|p1a: Pineco|Pineco, F|23\/100 par\n|cant|p2a: Slowking|slp\n|\n|-weather|none\n|upkeep\n|turn|14\n|\n|t:|1700290153\n|-curestatus|p2a: Slowking|slp|[msg]\n|move|p2a: Slowking|Earthquake|p1a: Pineco\n|-resisted|p1a: Pineco\n|-damage|p1a: Pineco|20\/100 par\n|cant|p1a: Pineco|par\n|\n|upkeep\n|turn|15\n|c|\u2606ha999999|wtf\n|c|\u2606ha999999|what set r u running\n|\n|t:|1700290174\n|move|p2a: Slowking|Future Sight|p1a: Pineco\n|-start|p2a: Slowking|move: Future Sight\n|move|p1a: Pineco|Explosion|p2a: Slowking\n|-damage|p2a: Slowking|22\/100\n|faint|p1a: Pineco\n|\n|upkeep\n|\n|t:|1700290182\n|switch|p1a: Gholdengo|Gholdengo|100\/100\n|turn|16\n|c| munchkinp|chad eq slowking\n|\n|t:|1700290189\n|move|p2a: Slowking|Protect|p2a: Slowking\n|-singleturn|p2a: Slowking|Protect\n|move|p1a: Gholdengo|Shadow Ball|p2a: Slowking\n|-activate|p2a: Slowking|move: Protect\n|\n|upkeep\n|turn|17\n|\n|t:|1700290204\n|move|p1a: Gholdengo|Shadow Ball|p2a: Slowking\n|-supereffective|p2a: Slowking\n|-damage|p2a: Slowking|0 fnt\n|faint|p2a: Slowking\n|\n|-end|p1a: Gholdengo|move: Future Sight\n|-resisted|p1a: Gholdengo\n|-damage|p1a: Gholdengo|88\/100\n|-sideend|p1: ha999999|move: Aurora Veil\n|upkeep\n|\n|t:|1700290216\n|switch|p2a: Glimmora|Glimmora, M|100\/100\n|-damage|p2a: Glimmora|76\/100|[from] Spikes\n|-damage|p2a: Glimmora|63\/100|[from] Stealth Rock\n|turn|18\n|\n|t:|1700290238\n|-terastallize|p2a: Glimmora|Flying\n|move|p1a: Gholdengo|Shadow Ball|p2a: Glimmora\n|-damage|p2a: Glimmora|0 fnt\n|faint|p2a: Glimmora\n|\n|win|ha999999\n|n|\u2606ha999999|ha999999\n|n|\u2606kanishk0612d|kanishk0612d\n|n|*Lady Monita \u2746|ladymonita\n|n| munchkinp|munchkinp\n|n| ishikusan|ishikusan\n","uploadtime":1700290239,"views":10,"p1id":"ha999999","p2id":"kanishk0612d","formatid":"gen9ou","rating":0,"private":0,"password":""}