{"id":"gen9ou-1991796382","p1":"debgd","p2":"somnath069","format":"[Gen 9] OU","log":"|j|\u2606debgd\n|j|\u2606somnath069\n|t:|1700119002\n|gametype|singles\n|player|p1|debgd|170|1000\n|player|p2|somnath069|ltsurge|1069\n|teamsize|p1|6\n|teamsize|p2|6\n|gen|9\n|tier|[Gen 9] OU\n|rated|\n|rule|Sleep Clause Mod: Limit one foe put to sleep\n|rule|Species Clause: Limit one of each Pok\u00e9mon\n|rule|OHKO Clause: OHKO moves are banned\n|rule|Evasion Items Clause: Evasion items are banned\n|rule|Evasion Moves Clause: Evasion moves are banned\n|rule|Endless Battle Clause: Forcing endless battles is banned\n|rule|HP Percentage Mod: HP is shown in percentages\n|clearpoke\n|poke|p1|Clodsire, F|\n|poke|p1|Alomomola, F|\n|poke|p1|Talonflame, F|\n|poke|p1|Dondozo, M|\n|poke|p1|Toxapex, M|\n|poke|p1|Blissey, F|\n|poke|p2|Haxorus, M|\n|poke|p2|Blissey, F|\n|poke|p2|Glimmora, M|\n|poke|p2|Gholdengo|\n|poke|p2|Meowscarada, F|\n|poke|p2|Zoroark-Hisui, F|\n|teampreview\n|inactive|Battle timer is ON: inactive players will automatically lose when time's up. (requested by debgd)\n|\n|t:|1700119026\n|start\n|switch|p1a: Clodsire|Clodsire, F|100\/100\n|switch|p2a: Meowscarada|Meowscarada, F, shiny|100\/100\n|turn|1\n|\n|t:|1700119032\n|switch|p1a: Talonflame|Talonflame, F|100\/100\n|move|p2a: Meowscarada|Knock Off|p1a: Talonflame\n|-start|p2a: Meowscarada|typechange|Dark|[from] ability: Protean\n|-damage|p1a: Talonflame|53\/100\n|-enditem|p1a: Talonflame|Heavy-Duty Boots|[from] move: Knock Off|[of] p2a: Meowscarada\n|\n|upkeep\n|turn|2\n|\n|t:|1700119043\n|switch|p2a: Glimmora|Glimmora, M|100\/100\n|-item|p2a: Glimmora|Air Balloon\n|move|p1a: Talonflame|Roost|p1a: Talonflame\n|-heal|p1a: Talonflame|100\/100\n|-singleturn|p1a: Talonflame|move: Roost\n|\n|upkeep\n|turn|3\n|\n|t:|1700119052\n|move|p1a: Talonflame|Flamethrower|p2a: Glimmora\n|-resisted|p2a: Glimmora\n|-damage|p2a: Glimmora|85\/100\n|-enditem|p2a: Glimmora|Air Balloon\n|move|p2a: Glimmora|Toxic|p1a: Talonflame\n|-status|p1a: Talonflame|tox\n|\n|-damage|p1a: Talonflame|94\/100 tox|[from] psn\n|upkeep\n|turn|4\n|\n|t:|1700119060\n|switch|p1a: Clodsire|Clodsire, F|100\/100\n|move|p2a: Glimmora|Ancient Power|p1a: Clodsire\n|-resisted|p1a: Clodsire\n|-damage|p1a: Clodsire|94\/100\n|\n|upkeep\n|turn|5\n|\n|t:|1700119067\n|move|p2a: Glimmora|Toxic|p1a: Clodsire\n|-status|p1a: Clodsire|tox\n|move|p1a: Clodsire|Earthquake|p2a: Glimmora\n|-supereffective|p2a: Glimmora\n|-damage|p2a: Glimmora|0 fnt\n|faint|p2a: Glimmora\n|\n|-damage|p1a: Clodsire|88\/100 tox|[from] psn\n|upkeep\n|\n|t:|1700119078\n|switch|p2a: Haxorus|Haxorus, M, shiny|100\/100\n|turn|6\n|\n|t:|1700119086\n|switch|p1a: Dondozo|Dondozo, M|100\/100\n|move|p2a: Haxorus|Dragon Dance|p2a: Haxorus\n|-boost|p2a: Haxorus|atk|1\n|-boost|p2a: Haxorus|spe|1\n|\n|upkeep\n|turn|7\n|\n|t:|1700119093\n|switch|p2a: Gholdengo|Gholdengo, shiny|100\/100\n|move|p1a: Dondozo|Body Press|p2a: Gholdengo\n|-immune|p2a: Gholdengo\n|\n|upkeep\n|turn|8\n|\n|t:|1700119099\n|switch|p1a: Blissey|Blissey, F, shiny|100\/100\n|move|p2a: Gholdengo|Shadow Ball|p1a: Blissey\n|-immune|p1a: Blissey\n|\n|upkeep\n|turn|9\n|\n|t:|1700119107\n|move|p2a: Gholdengo|Thunderbolt|p1a: Blissey\n|-damage|p1a: Blissey|92\/100\n|move|p1a: Blissey|Stealth Rock|p2a: Gholdengo\n|-sidestart|p2: somnath069|move: Stealth Rock\n|\n|upkeep\n|turn|10\n|\n|t:|1700119113\n|switch|p2a: Meowscarada|Meowscarada, F, shiny|100\/100\n|-damage|p2a: Meowscarada|88\/100|[from] Stealth Rock\n|move|p1a: Blissey|Shadow Ball|p2a: Meowscarada\n|-resisted|p2a: Meowscarada\n|-damage|p2a: Meowscarada|77\/100\n|\n|upkeep\n|turn|11\n|\n|t:|1700119124\n|switch|p1a: Talonflame|Talonflame, F|94\/100 tox\n|move|p2a: Meowscarada|Knock Off|p1a: Talonflame\n|-start|p2a: Meowscarada|typechange|Dark|[from] ability: Protean\n|-crit|p1a: Talonflame\n|-damage|p1a: Talonflame|48\/100 tox\n|-status|p2a: Meowscarada|brn|[from] ability: Flame Body|[of] p1a: Talonflame\n|\n|-damage|p1a: Talonflame|41\/100 tox|[from] psn\n|-damage|p2a: Meowscarada|71\/100 brn|[from] brn\n|upkeep\n|turn|12\n|\n|t:|1700119137\n|switch|p2a: Blissey|Blissey, F|100\/100\n|-damage|p2a: Blissey|88\/100|[from] Stealth Rock\n|move|p1a: Talonflame|Roost|p1a: Talonflame\n|-heal|p1a: Talonflame|92\/100 tox\n|-singleturn|p1a: Talonflame|move: Roost\n|\n|-heal|p2a: Blissey|94\/100|[from] item: Leftovers\n|-damage|p1a: Talonflame|79\/100 tox|[from] psn\n|upkeep\n|turn|13\n|\n|t:|1700119147\n|switch|p1a: Toxapex|Toxapex, M|100\/100\n|move|p2a: Blissey|Seismic Toss|p1a: Toxapex\n|-damage|p1a: Toxapex|68\/100\n|\n|-heal|p2a: Blissey|99\/100|[from] item: Leftovers\n|upkeep\n|turn|14\n|\n|t:|1700119156\n|switch|p2a: Gholdengo|Gholdengo, shiny|100\/100\n|-damage|p2a: Gholdengo|94\/100|[from] Stealth Rock\n|move|p1a: Toxapex|Infestation|p2a: Gholdengo\n|-resisted|p2a: Gholdengo\n|-damage|p2a: Gholdengo|94\/100\n|-activate|p2a: Gholdengo|move: Infestation|[of] p1a: Toxapex\n|\n|-heal|p2a: Gholdengo|99\/100|[from] item: Leftovers\n|-damage|p2a: Gholdengo|87\/100|[from] move: Infestation|[partiallytrapped]\n|upkeep\n|turn|15\n|\n|t:|1700119169\n|switch|p1a: Blissey|Blissey, F, shiny|92\/100\n|move|p2a: Gholdengo|Thunderbolt|p1a: Blissey\n|-damage|p1a: Blissey|83\/100\n|\n|-heal|p2a: Gholdengo|94\/100|[from] item: Leftovers\n|-end|p2a: Gholdengo|Infestation|[partiallytrapped]|[silent]\n|upkeep\n|turn|16\n|\n|t:|1700119176\n|switch|p2a: Haxorus|Haxorus, M, shiny|100\/100\n|move|p1a: Blissey|Shadow Ball|p2a: Haxorus\n|-damage|p2a: Haxorus|77\/100\n|\n|upkeep\n|turn|17\n|\n|t:|1700119183\n|switch|p1a: Dondozo|Dondozo, M|100\/100\n|move|p2a: Haxorus|Dragon Dance|p2a: Haxorus\n|-boost|p2a: Haxorus|atk|1\n|-boost|p2a: Haxorus|spe|1\n|\n|upkeep\n|turn|18\n|\n|t:|1700119190\n|move|p2a: Haxorus|Earthquake|p1a: Dondozo\n|-damage|p1a: Dondozo|78\/100\n|move|p1a: Dondozo|Body Press|p2a: Haxorus\n|-damage|p2a: Haxorus|39\/100\n|\n|upkeep\n|turn|19\n|\n|t:|1700119199\n|switch|p2a: Meowscarada|Meowscarada, F, shiny|100\/100\n|-damage|p2a: Meowscarada|88\/100|[from] Stealth Rock\n|move|p1a: Dondozo|Body Press|p2a: Meowscarada\n|-immune|p2a: Meowscarada\n|\n|upkeep\n|turn|20\n|\n|t:|1700119210\n|switch|p1a: Clodsire|Clodsire, F|88\/100 tox\n|move|p2a: Meowscarada|Sludge Bomb|p1a: Clodsire\n|-resisted|p1a: Clodsire\n|-damage|p1a: Clodsire|83\/100 tox\n|\n|-damage|p1a: Clodsire|77\/100 tox|[from] psn\n|upkeep\n|turn|21\n|\n|t:|1700119239\n|switch|p2a: Blissey|Blissey, F|99\/100\n|-damage|p2a: Blissey|88\/100|[from] Stealth Rock\n|move|p1a: Clodsire|Toxic|p2a: Blissey\n|-status|p2a: Blissey|tox\n|\n|-heal|p2a: Blissey|94\/100 tox|[from] item: Leftovers\n|-damage|p2a: Blissey|88\/100 tox|[from] psn\n|-damage|p1a: Clodsire|65\/100 tox|[from] psn\n|upkeep\n|turn|22\n|\n|t:|1700119250\n|-curestatus|p2a: Blissey|tox|[from] ability: Natural Cure\n|switch|p2a: Meowscarada|Meowscarada, F, shiny|88\/100\n|-damage|p2a: Meowscarada|76\/100|[from] Stealth Rock\n|switch|p1a: Toxapex|Toxapex, M|100\/100\n|\n|upkeep\n|turn|23\n|l|\u2606somnath069\n|inactive|somnath069 disconnected and has a minute to reconnect!\n|player|p2|\n|\n|t:|1700119266\n|move|p2a: Meowscarada|Bitter Malice|p1a: Toxapex\n|-damage|p1a: Toxapex|68\/100\n|-unboost|p1a: Toxapex|atk|1\n|move|p1a: Toxapex|Toxic|p2a: Meowscarada\n|-status|p2a: Meowscarada|tox\n|\n|-damage|p2a: Meowscarada|70\/100 tox|[from] psn\n|upkeep\n|turn|24\n|inactive|somnath069 has 30 seconds to reconnect!\n|inactive|somnath069 has 20 seconds to reconnect!\n|inactive|somnath069 has 15 seconds to reconnect!\n|inactive|somnath069 has 10 seconds to reconnect!\n|inactive|somnath069 has 5 seconds to reconnect!\n|-message|somnath069 lost due to inactivity.\n|\n|win|debgd\n|raw|debgd's rating: 1000 &rarr; <strong>1048<\/strong><br \/>(+48 for winning)\n|raw|somnath069's rating: 1069 &rarr; <strong>1045<\/strong><br \/>(-24 for losing)\n","uploadtime":1700119329,"views":8,"p1id":"debgd","p2id":"somnath069","formatid":"gen9ou","rating":1045,"private":0,"password":""}