{"id":"gen9ou-1997686126","p1":"vileweaver","p2":"niijinew","format":"[Gen 9] OU","log":"|j|\u2606vileweaver\n|j|\u2606niijinew\n|t:|1700841700\n|gametype|singles\n|player|p1|vileweaver|blue|1099\n|player|p2|niijinew|picnicker|1082\n|teamsize|p1|6\n|teamsize|p2|6\n|gen|9\n|tier|[Gen 9] OU\n|rated|\n|rule|Sleep Clause Mod: Limit one foe put to sleep\n|rule|Species Clause: Limit one of each Pok\u00e9mon\n|rule|OHKO Clause: OHKO moves are banned\n|rule|Evasion Items Clause: Evasion items are banned\n|rule|Evasion Moves Clause: Evasion moves are banned\n|rule|Endless Battle Clause: Forcing endless battles is banned\n|rule|HP Percentage Mod: HP is shown in percentages\n|clearpoke\n|poke|p1|Ninetales, F|\n|poke|p1|Maushold|\n|poke|p1|Great Tusk|\n|poke|p1|Walking Wake|\n|poke|p1|Leafeon, M|\n|poke|p1|Zapdos|\n|poke|p2|Glimmora, M|\n|poke|p2|Amoonguss, M|\n|poke|p2|Meowscarada, M|\n|poke|p2|Sinistcha-Masterpiece|\n|poke|p2|Iron Valiant|\n|poke|p2|Jolteon, F|\n|teampreview\n|\n|t:|1700841709\n|start\n|switch|p1a: Naruto Watcher|Ninetales, F|100\/100\n|switch|p2a: Jolteon|Jolteon, F|100\/100\n|-weather|SunnyDay|[from] ability: Drought|[of] p1a: Naruto Watcher\n|turn|1\n|inactive|Battle timer is ON: inactive players will automatically lose when time's up. (requested by niijinew)\n|\n|t:|1700841737\n|switch|p1a: Grandpa Mode|Great Tusk|100\/100\n|-activate|p1a: Grandpa Mode|ability: Protosynthesis\n|-start|p1a: Grandpa Mode|protosynthesisatk\n|move|p2a: Jolteon|Yawn|p1a: Grandpa Mode\n|-start|p1a: Grandpa Mode|move: Yawn|[of] p2a: Jolteon\n|\n|-weather|SunnyDay|[upkeep]\n|upkeep\n|turn|2\n|\n|t:|1700841751\n|switch|p2a: Sinistcha|Sinistcha-Masterpiece|100\/100\n|move|p1a: Grandpa Mode|Headlong Rush|p2a: Sinistcha\n|-resisted|p2a: Sinistcha\n|-damage|p2a: Sinistcha|64\/100\n|-unboost|p1a: Grandpa Mode|def|1\n|-unboost|p1a: Grandpa Mode|spd|1\n|\n|-weather|SunnyDay|[upkeep]\n|-heal|p2a: Sinistcha|70\/100|[from] item: Leftovers\n|-end|p1a: Grandpa Mode|move: Yawn|[silent]\n|-status|p1a: Grandpa Mode|slp\n|upkeep\n|turn|3\n|\n|t:|1700841767\n|-end|p1a: Grandpa Mode|Protosynthesis|[silent]\n|switch|p1a: Naruto Watcher|Ninetales, F|100\/100\n|move|p2a: Sinistcha|Matcha Gotcha|p1a: Naruto Watcher\n|-resisted|p1a: Naruto Watcher\n|-crit|p1a: Naruto Watcher\n|-damage|p1a: Naruto Watcher|77\/100\n|-heal|p2a: Sinistcha|82\/100|[from] drain|[of] p1a: Naruto Watcher\n|\n|-weather|SunnyDay|[upkeep]\n|-heal|p2a: Sinistcha|88\/100|[from] item: Leftovers\n|upkeep\n|turn|4\n|\n|t:|1700841782\n|move|p1a: Naruto Watcher|Will-O-Wisp|p2a: Sinistcha|[miss]\n|-miss|p1a: Naruto Watcher|p2a: Sinistcha\n|move|p2a: Sinistcha|Shadow Ball|p1a: Naruto Watcher\n|-damage|p1a: Naruto Watcher|45\/100\n|-unboost|p1a: Naruto Watcher|spd|1\n|\n|-weather|SunnyDay|[upkeep]\n|-heal|p2a: Sinistcha|94\/100|[from] item: Leftovers\n|upkeep\n|turn|5\n|\n|t:|1700841792\n|move|p1a: Naruto Watcher|Encore|p2a: Sinistcha\n|-start|p2a: Sinistcha|Encore\n|move|p2a: Sinistcha|Shadow Ball|p1a: Naruto Watcher\n|-damage|p1a: Naruto Watcher|0 fnt\n|faint|p1a: Naruto Watcher\n|\n|-weather|SunnyDay|[upkeep]\n|-heal|p2a: Sinistcha|99\/100|[from] item: Leftovers\n|upkeep\n|\n|t:|1700841803\n|switch|p1a: Family Guy|Maushold|100\/100\n|turn|6\n|\n|t:|1700841812\n|switch|p2a: Glimmora|Glimmora, M|100\/100\n|move|p1a: Family Guy|Tidy Up|p1a: Family Guy\n|-boost|p1a: Family Guy|atk|1\n|-boost|p1a: Family Guy|spe|1\n|\n|-weather|SunnyDay|[upkeep]\n|upkeep\n|turn|7\n|\n|t:|1700841823\n|move|p1a: Family Guy|Taunt|p2a: Glimmora\n|-start|p2a: Glimmora|move: Taunt\n|cant|p2a: Glimmora|move: Taunt|Spikes\n|\n|-weather|SunnyDay|[upkeep]\n|upkeep\n|turn|8\n|\n|t:|1700841831\n|move|p1a: Family Guy|Tidy Up|p1a: Family Guy\n|-boost|p1a: Family Guy|atk|1\n|-boost|p1a: Family Guy|spe|1\n|move|p2a: Glimmora|Sludge Wave|p1a: Family Guy\n|-damage|p1a: Family Guy|42\/100\n|\n|-weather|none\n|upkeep\n|turn|9\n|\n|t:|1700841839\n|move|p1a: Family Guy|Population Bomb|p2a: Glimmora\n|-resisted|p2a: Glimmora\n|-damage|p2a: Glimmora|91\/100\n|-damage|p1a: Family Guy|25\/100|[from] item: Rocky Helmet|[of] p2a: Glimmora\n|-activate|p2a: Glimmora|ability: Toxic Debris\n|-sidestart|p1: vileweaver|move: Toxic Spikes\n|-resisted|p2a: Glimmora\n|-damage|p2a: Glimmora|81\/100\n|-damage|p1a: Family Guy|8\/100|[from] item: Rocky Helmet|[of] p2a: Glimmora\n|-activate|p2a: Glimmora|ability: Toxic Debris\n|-sidestart|p1: vileweaver|move: Toxic Spikes\n|-resisted|p2a: Glimmora\n|-damage|p2a: Glimmora|72\/100\n|-damage|p1a: Family Guy|0 fnt|[from] item: Rocky Helmet|[of] p2a: Glimmora\n|faint|p1a: Family Guy\n|-hitcount|p2a: Glimmora|3\n|move|p2a: Glimmora|Sludge Wave|p1: Family Guy|[notarget]\n|-fail|p2a: Glimmora\n|\n|-end|p2a: Glimmora|move: Taunt\n|upkeep\n|-message|vileweaver forfeited.\n|\n|win|niijinew\n|raw|vileweaver's rating: 1099 &rarr; <strong>1073<\/strong><br \/>(-26 for losing)\n|raw|niijinew's rating: 1082 &rarr; <strong>1111<\/strong><br \/>(+29 for winning)\n|l|\u2606vileweaver\n","uploadtime":1700841876,"views":2,"p1id":"vileweaver","p2id":"niijinew","formatid":"gen9ou","rating":1073,"private":0,"password":""}