{"id":"gen9ou-1993485617","p1":"PRO GAMEING TIME","p2":"Welcometoearth420","format":"[Gen 9] OU","log":"|j|\u2606PRO GAMEING TIME\n|j|\u2606Welcometoearth420\n|t:|1700323600\n|gametype|singles\n|player|p1|PRO GAMEING TIME|hilda|1330\n|player|p2|Welcometoearth420|265|1418\n|teamsize|p1|6\n|teamsize|p2|6\n|gen|9\n|tier|[Gen 9] OU\n|rated|\n|rule|Sleep Clause Mod: Limit one foe put to sleep\n|rule|Species Clause: Limit one of each Pok\u00e9mon\n|rule|OHKO Clause: OHKO moves are banned\n|rule|Evasion Items Clause: Evasion items are banned\n|rule|Evasion Moves Clause: Evasion moves are banned\n|rule|Endless Battle Clause: Forcing endless battles is banned\n|rule|HP Percentage Mod: HP is shown in percentages\n|clearpoke\n|poke|p1|Samurott-Hisui, F|\n|poke|p1|Landorus-Therian, M|\n|poke|p1|Great Tusk|\n|poke|p1|Gholdengo|\n|poke|p1|Glimmora, F|\n|poke|p1|Enamorus, F|\n|poke|p2|Amoonguss, M|\n|poke|p2|Gholdengo|\n|poke|p2|Zamazenta-*|\n|poke|p2|Ting-Lu|\n|poke|p2|Zapdos|\n|poke|p2|Slowking, M|\n|teampreview\n|inactive|Battle timer is ON: inactive players will automatically lose when time's up. (requested by PRO GAMEING TIME)\n|\n|t:|1700323623\n|start\n|switch|p1a: Glimmora|Glimmora, F, shiny|100\/100\n|switch|p2a: Ting-Lu|Ting-Lu|100\/100\n|-ability|p2a: Ting-Lu|Vessel of Ruin\n|turn|1\n|\n|t:|1700323641\n|switch|p1a: Great Tusk|Great Tusk, shiny|100\/100\n|move|p2a: Ting-Lu|Stealth Rock|p1a: Great Tusk\n|-sidestart|p1: PRO GAMEING TIME|move: Stealth Rock\n|\n|upkeep\n|turn|2\n|\n|t:|1700323647\n|switch|p2a: Zapdos|Zapdos|100\/100\n|move|p1a: Great Tusk|Rapid Spin|p2a: Zapdos\n|-damage|p2a: Zapdos|88\/100\n|-boost|p1a: Great Tusk|spe|1\n|-sideend|p1: PRO GAMEING TIME|Stealth Rock|[from] move: Rapid Spin|[of] p1a: Great Tusk\n|\n|upkeep\n|turn|3\n|inactive|PRO GAMEING TIME has 120 seconds left.\n|\n|t:|1700323683\n|-end|p1a: Great Tusk|Protosynthesis|[silent]\n|switch|p1a: Glimmora|Glimmora, F, shiny|100\/100\n|move|p2a: Zapdos|Hurricane|p1a: Glimmora\n|-resisted|p1a: Glimmora\n|-damage|p1a: Glimmora|70\/100\n|\n|upkeep\n|turn|4\n|inactive|Welcometoearth420 has 120 seconds left.\n|\n|t:|1700323724\n|move|p1a: Glimmora|Power Gem|p2a: Zapdos\n|-supereffective|p2a: Zapdos\n|-damage|p2a: Zapdos|2\/100\n|move|p2a: Zapdos|Volt Switch|p1a: Glimmora\n|-damage|p1a: Glimmora|29\/100\n|\n|t:|1700323735\n|switch|p2a: Gholdengo|Gholdengo|100\/100|[from] Volt Switch\n|\n|upkeep\n|turn|5\n|\n|t:|1700323750\n|switch|p1a: Landorus|Landorus-Therian, M|100\/100\n|-ability|p1a: Landorus|Intimidate|boost\n|-unboost|p2a: Gholdengo|atk|1\n|move|p2a: Gholdengo|Shadow Ball|p1a: Landorus\n|-damage|p1a: Landorus|12\/100\n|-unboost|p1a: Landorus|spd|1\n|\n|upkeep\n|turn|6\n|inactive|Welcometoearth420 has 120 seconds left.\n|\n|t:|1700323762\n|switch|p2a: Zapdos|Zapdos|2\/100\n|move|p1a: Landorus|Earthquake|p2a: Zapdos\n|-immune|p2a: Zapdos\n|\n|upkeep\n|turn|7\n|\n|t:|1700323784\n|switch|p1a: Glimmora|Glimmora, F, shiny|29\/100\n|move|p2a: Zapdos|Roost|p2a: Zapdos\n|-heal|p2a: Zapdos|52\/100\n|-singleturn|p2a: Zapdos|move: Roost\n|\n|upkeep\n|turn|8\n|\n|t:|1700323796\n|switch|p2a: Gholdengo|Gholdengo|100\/100\n|move|p1a: Glimmora|Power Gem|p2a: Gholdengo\n|-resisted|p2a: Gholdengo\n|-damage|p2a: Gholdengo|74\/100\n|\n|upkeep\n|turn|9\n|\n|t:|1700323804\n|move|p1a: Glimmora|Power Gem|p2a: Gholdengo\n|-resisted|p2a: Gholdengo\n|-damage|p2a: Gholdengo|48\/100\n|move|p2a: Gholdengo|Shadow Ball|p1a: Glimmora\n|-damage|p1a: Glimmora|0 fnt\n|faint|p1a: Glimmora\n|\n|upkeep\n|\n|t:|1700323810\n|switch|p1a: Samurott|Samurott-Hisui, F, shiny|100\/100\n|turn|10\n|\n|t:|1700323815\n|switch|p2a: Zamazenta|Zamazenta|100\/100\n|-ability|p2a: Zamazenta|Dauntless Shield|boost\n|-boost|p2a: Zamazenta|def|1\n|move|p1a: Samurott|Ceaseless Edge|p2a: Zamazenta\n|-resisted|p2a: Zamazenta\n|-damage|p2a: Zamazenta|87\/100\n|-sidestart|p2: Welcometoearth420|Spikes\n|\n|-heal|p2a: Zamazenta|93\/100|[from] item: Leftovers\n|upkeep\n|turn|11\n|\n|t:|1700323830\n|switch|p1a: Enamorus|Enamorus, F, shiny|100\/100\n|move|p2a: Zamazenta|Stone Edge|p1a: Enamorus\n|-supereffective|p1a: Enamorus\n|-damage|p1a: Enamorus|6\/100\n|\n|-heal|p2a: Zamazenta|99\/100|[from] item: Leftovers\n|upkeep\n|turn|12\n|\n|t:|1700323851\n|switch|p2a: Slowking|Slowking, M|100\/100\n|move|p1a: Enamorus|Moonblast|p2a: Slowking\n|-damage|p2a: Slowking|53\/100\n|-unboost|p2a: Slowking|spa|1\n|\n|upkeep\n|turn|13\n|\n|t:|1700323859\n|move|p1a: Enamorus|Moonblast|p2a: Slowking\n|-damage|p2a: Slowking|8\/100\n|move|p2a: Slowking|Chilly Reception|p2a: Slowking\n|-weather|Snow\n|\n|t:|1700323864\n|switch|p2a: Zamazenta|Zamazenta|99\/100|[from] Chilly Reception\n|-damage|p2a: Zamazenta|87\/100|[from] Spikes\n|\n|-weather|Snow|[upkeep]\n|-heal|p2a: Zamazenta|93\/100|[from] item: Leftovers\n|upkeep\n|turn|14\n|\n|t:|1700323868\n|move|p2a: Zamazenta|Heavy Slam|p1a: Enamorus\n|-supereffective|p1a: Enamorus\n|-damage|p1a: Enamorus|0 fnt\n|faint|p1a: Enamorus\n|\n|-weather|Snow|[upkeep]\n|-heal|p2a: Zamazenta|99\/100|[from] item: Leftovers\n|upkeep\n|\n|t:|1700323872\n|switch|p1a: Samurott|Samurott-Hisui, F, shiny|100\/100\n|turn|15\n|\n|t:|1700323875\n|switch|p1a: Gholdengo|Gholdengo, shiny|100\/100\n|move|p2a: Zamazenta|Close Combat|p1a: Gholdengo\n|-immune|p1a: Gholdengo\n|\n|-weather|Snow|[upkeep]\n|-heal|p2a: Zamazenta|100\/100|[from] item: Leftovers\n|upkeep\n|turn|16\n|\n|t:|1700323882\n|move|p1a: Gholdengo|Shadow Ball|p2a: Zamazenta\n|-damage|p2a: Zamazenta|66\/100\n|move|p2a: Zamazenta|Crunch|p1a: Gholdengo\n|-supereffective|p1a: Gholdengo\n|-damage|p1a: Gholdengo|42\/100\n|\n|-weather|Snow|[upkeep]\n|-heal|p2a: Zamazenta|72\/100|[from] item: Leftovers\n|upkeep\n|turn|17\n|\n|t:|1700323889\n|move|p1a: Gholdengo|Shadow Ball|p2a: Zamazenta\n|-damage|p2a: Zamazenta|34\/100\n|-unboost|p2a: Zamazenta|spd|1\n|move|p2a: Zamazenta|Crunch|p1a: Gholdengo\n|-supereffective|p1a: Gholdengo\n|-damage|p1a: Gholdengo|0 fnt\n|faint|p1a: Gholdengo\n|\n|-weather|none\n|-heal|p2a: Zamazenta|40\/100|[from] item: Leftovers\n|upkeep\n|\n|t:|1700323894\n|switch|p1a: Great Tusk|Great Tusk, shiny|100\/100\n|turn|18\n|\n|t:|1700323900\n|switch|p2a: Zapdos|Zapdos|52\/100\n|move|p1a: Great Tusk|Rapid Spin|p2a: Zapdos\n|-damage|p2a: Zapdos|40\/100\n|-boost|p1a: Great Tusk|spe|1\n|\n|upkeep\n|turn|19\n|\n|t:|1700323905\n|-terastallize|p1a: Great Tusk|Fighting\n|move|p1a: Great Tusk|Close Combat|p2a: Zapdos\n|-resisted|p2a: Zapdos\n|-damage|p2a: Zapdos|12\/100\n|-unboost|p1a: Great Tusk|def|1\n|-unboost|p1a: Great Tusk|spd|1\n|-status|p1a: Great Tusk|par|[from] ability: Static|[of] p2a: Zapdos\n|move|p2a: Zapdos|Roost|p2a: Zapdos\n|-heal|p2a: Zapdos|62\/100\n|-singleturn|p2a: Zapdos|move: Roost\n|\n|upkeep\n|turn|20\n|-message|PRO GAMEING TIME forfeited.\n|\n|win|Welcometoearth420\n|raw|PRO GAMEING TIME's rating: 1330 &rarr; <strong>1315<\/strong><br \/>(-15 for losing)\n|raw|Welcometoearth420's rating: 1418 &rarr; <strong>1433<\/strong><br \/>(+15 for winning)\n|l|\u2606PRO GAMEING TIME\n","uploadtime":1700323912,"views":11,"p1id":"progameingtime","p2id":"welcometoearth420","formatid":"gen9ou","rating":1315,"private":0,"password":""}