{"id":"gen9ou-1995141355","p1":"Winterbub","p2":"Ouvt frfr","format":"[Gen 9] OU","log":"|j|\u2606Winterbub\n|j|\u2606Ouvt frfr\n|t:|1700527178\n|gametype|singles\n|player|p1|Winterbub|ballguy|1614\n|player|p2|Ouvt frfr|dawn|1673\n|teamsize|p1|6\n|teamsize|p2|6\n|gen|9\n|tier|[Gen 9] OU\n|rated|\n|rule|Sleep Clause Mod: Limit one foe put to sleep\n|rule|Species Clause: Limit one of each Pok\u00e9mon\n|rule|OHKO Clause: OHKO moves are banned\n|rule|Evasion Items Clause: Evasion items are banned\n|rule|Evasion Moves Clause: Evasion moves are banned\n|rule|Endless Battle Clause: Forcing endless battles is banned\n|rule|HP Percentage Mod: HP is shown in percentages\n|clearpoke\n|poke|p1|Glimmora, F|\n|poke|p1|Greninja-*, M|\n|poke|p1|Iron Valiant|\n|poke|p1|Dragonite, F|\n|poke|p1|Kingambit, F|\n|poke|p1|Iron Moth|\n|poke|p2|Dragapult, M|\n|poke|p2|Cinderace, M|\n|poke|p2|Landorus-Therian, M|\n|poke|p2|Kingambit, M|\n|poke|p2|Enamorus, F|\n|poke|p2|Dondozo, M|\n|teampreview\n|\n|t:|1700527194\n|start\n|switch|p1a: Glimmora|Glimmora, F|100\/100\n|switch|p2a: Landorus|Landorus-Therian, M|100\/100\n|-ability|p2a: Landorus|Intimidate|boost\n|-unboost|p1a: Glimmora|atk|1\n|turn|1\n|\n|t:|1700527201\n|move|p1a: Glimmora|Power Gem|p2a: Landorus\n|-damage|p2a: Landorus|70\/100\n|move|p2a: Landorus|Earthquake|p1a: Glimmora\n|-supereffective|p1a: Glimmora\n|-enditem|p1a: Glimmora|Focus Sash\n|-damage|p1a: Glimmora|1\/100\n|-activate|p1a: Glimmora|ability: Toxic Debris\n|-sidestart|p2: Ouvt frfr|move: Toxic Spikes\n|\n|-heal|p2a: Landorus|76\/100|[from] item: Leftovers\n|upkeep\n|turn|2\n|\n|t:|1700527209\n|move|p1a: Glimmora|Mortal Spin|p2a: Landorus\n|-resisted|p2a: Landorus\n|-damage|p2a: Landorus|73\/100\n|-status|p2a: Landorus|psn\n|move|p2a: Landorus|Earthquake|p1a: Glimmora\n|-supereffective|p1a: Glimmora\n|-damage|p1a: Glimmora|0 fnt\n|-activate|p1a: Glimmora|ability: Toxic Debris\n|-sidestart|p2: Ouvt frfr|move: Toxic Spikes\n|faint|p1a: Glimmora\n|\n|-heal|p2a: Landorus|80\/100 psn|[from] item: Leftovers\n|-damage|p2a: Landorus|67\/100 psn|[from] psn\n|upkeep\n|\n|t:|1700527229\n|switch|p1a: Greninja|Greninja, M|100\/100\n|turn|3\n|\n|t:|1700527247\n|switch|p2a: Kingambit|Kingambit, M|100\/100\n|move|p1a: Greninja|Surf|p2a: Kingambit\n|-damage|p2a: Kingambit|49\/100\n|-damage|p1a: Greninja|91\/100|[from] item: Life Orb\n|\n|-heal|p2a: Kingambit|56\/100|[from] item: Leftovers\n|upkeep\n|turn|4\n|\n|t:|1700527271\n|move|p1a: Greninja|Surf|p2a: Kingambit\n|-damage|p2a: Kingambit|5\/100\n|-damage|p1a: Greninja|81\/100|[from] item: Life Orb\n|move|p2a: Kingambit|Kowtow Cleave|p1a: Greninja\n|-resisted|p1a: Greninja\n|-damage|p1a: Greninja|42\/100\n|\n|-heal|p2a: Kingambit|11\/100|[from] item: Leftovers\n|upkeep\n|turn|5\n|\n|t:|1700527277\n|-end|p2a: Kingambit|fallenundefined|[silent]\n|switch|p2a: Dondozo|Dondozo, M|100\/100\n|-status|p2a: Dondozo|tox\n|move|p1a: Greninja|Water Shuriken|p2a: Dondozo\n|-resisted|p2a: Dondozo\n|-damage|p2a: Dondozo|97\/100 tox\n|-resisted|p2a: Dondozo\n|-damage|p2a: Dondozo|95\/100 tox\n|-hitcount|p2a: Dondozo|2\n|-damage|p1a: Greninja|32\/100|[from] item: Life Orb\n|\n|-damage|p2a: Dondozo|88\/100 tox|[from] psn\n|upkeep\n|turn|6\n|\n|t:|1700527287\n|move|p1a: Greninja|Dark Pulse|p2a: Dondozo\n|-damage|p2a: Dondozo|57\/100 tox\n|-damage|p1a: Greninja|23\/100|[from] item: Life Orb\n|move|p2a: Dondozo|Liquidation|p1a: Greninja\n|-resisted|p1a: Greninja\n|-damage|p1a: Greninja|0 fnt\n|faint|p1a: Greninja\n|\n|-damage|p2a: Dondozo|44\/100 tox|[from] psn\n|upkeep\n|\n|t:|1700527297\n|switch|p1a: Iron Valiant|Iron Valiant|100\/100\n|-enditem|p1a: Iron Valiant|Booster Energy\n|-activate|p1a: Iron Valiant|ability: Quark Drive|[fromitem]\n|-start|p1a: Iron Valiant|quarkdrivespe\n|turn|7\n|\n|t:|1700527303\n|move|p1a: Iron Valiant|Moonblast|p2a: Dondozo\n|-damage|p2a: Dondozo|12\/100 tox\n|move|p2a: Dondozo|Rest|p2a: Dondozo\n|-status|p2a: Dondozo|slp|[from] move: Rest\n|-heal|p2a: Dondozo|100\/100 slp|[silent]\n|\n|upkeep\n|turn|8\n|\n|t:|1700527310\n|move|p1a: Iron Valiant|Encore|p2a: Dondozo\n|-start|p2a: Dondozo|Encore\n|cant|p2a: Dondozo|slp\n|\n|upkeep\n|turn|9\n|\n|t:|1700527315\n|switch|p2a: Cinderace|Cinderace, M|100\/100\n|move|p1a: Iron Valiant|Moonblast|p2a: Cinderace\n|-resisted|p2a: Cinderace\n|-damage|p2a: Cinderace|73\/100\n|-unboost|p2a: Cinderace|spa|1\n|\n|upkeep\n|turn|10\n|\n|t:|1700527318\n|move|p1a: Iron Valiant|Close Combat|p2a: Cinderace\n|-damage|p2a: Cinderace|18\/100\n|-unboost|p1a: Iron Valiant|def|1\n|-unboost|p1a: Iron Valiant|spd|1\n|move|p2a: Cinderace|Court Change|p2a: Cinderace\n|-swapsideconditions\n|-activate|p2a: Cinderace|move: Court Change\n|\n|upkeep\n|turn|11\n|\n|t:|1700527325\n|switch|p2a: Dondozo|Dondozo, M|100\/100 slp\n|move|p1a: Iron Valiant|Moonblast|p2a: Dondozo\n|-damage|p2a: Dondozo|72\/100 slp\n|\n|upkeep\n|turn|12\n|\n|t:|1700527329\n|move|p1a: Iron Valiant|Moonblast|p2a: Dondozo\n|-damage|p2a: Dondozo|44\/100 slp\n|cant|p2a: Dondozo|slp\n|move|p2a: Dondozo|Sleep Talk|p2a: Dondozo\n|move|p2a: Dondozo|Curse|p2a: Dondozo|[from]move: Sleep Talk\n|-unboost|p2a: Dondozo|spe|1\n|-boost|p2a: Dondozo|atk|1\n|-boost|p2a: Dondozo|def|1\n|\n|upkeep\n|turn|13\n|\n|t:|1700527338\n|move|p1a: Iron Valiant|Moonblast|p2a: Dondozo\n|-damage|p2a: Dondozo|16\/100 slp\n|-curestatus|p2a: Dondozo|slp|[msg]\n|move|p2a: Dondozo|Sleep Talk||[still]\n|-fail|p2a: Dondozo\n|\n|upkeep\n|turn|14\n|\n|t:|1700527347\n|move|p1a: Iron Valiant|Moonblast|p2a: Dondozo\n|-damage|p2a: Dondozo|0 fnt\n|faint|p2a: Dondozo\n|\n|upkeep\n|j| CrocMuncherDeluxe\n|\n|t:|1700527350\n|switch|p2a: Enamorus|Enamorus, F|100\/100\n|turn|15\n|\n|t:|1700527353\n|move|p1a: Iron Valiant|Moonblast|p2a: Enamorus\n|-crit|p2a: Enamorus\n|-damage|p2a: Enamorus|0 fnt\n|faint|p2a: Enamorus\n|\n|upkeep\n|\n|t:|1700527357\n|switch|p2a: Landorus|Landorus-Therian, M|67\/100 psn\n|-ability|p2a: Landorus|Intimidate|boost\n|-unboost|p1a: Iron Valiant|atk|1\n|turn|16\n|\n|t:|1700527361\n|move|p1a: Iron Valiant|Moonblast|p2a: Landorus\n|-damage|p2a: Landorus|30\/100 psn\n|-unboost|p2a: Landorus|spa|1\n|move|p2a: Landorus|Earthquake|p1a: Iron Valiant\n|-damage|p1a: Iron Valiant|2\/100\n|\n|-heal|p2a: Landorus|36\/100 psn|[from] item: Leftovers\n|-damage|p2a: Landorus|24\/100 psn|[from] psn\n|upkeep\n|turn|17\n|\n|t:|1700527367\n|move|p1a: Iron Valiant|Moonblast|p2a: Landorus\n|-damage|p2a: Landorus|0 fnt\n|faint|p2a: Landorus\n|\n|upkeep\n|\n|t:|1700527370\n|switch|p2a: Kingambit|Kingambit, M|11\/100\n|-activate|p2a: Kingambit|ability: Supreme Overlord\n|-start|p2a: Kingambit|fallen3|[silent]\n|turn|18\n|\n|t:|1700527373\n|move|p1a: Iron Valiant|Encore||[still]\n|-fail|p1a: Iron Valiant\n|move|p2a: Kingambit|Iron Head|p1a: Iron Valiant\n|-supereffective|p1a: Iron Valiant\n|-damage|p1a: Iron Valiant|0 fnt\n|faint|p1a: Iron Valiant\n|-end|p1a: Iron Valiant|Quark Drive|[silent]\n|\n|-heal|p2a: Kingambit|17\/100|[from] item: Leftovers\n|upkeep\n|\n|t:|1700527376\n|switch|p1a: Dragonite|Dragonite, F|100\/100\n|turn|19\n|\n|t:|1700527381\n|move|p1a: Dragonite|Earthquake|p2a: Kingambit\n|-supereffective|p2a: Kingambit\n|-crit|p2a: Kingambit\n|-damage|p2a: Kingambit|0 fnt\n|faint|p2a: Kingambit\n|-end|p2a: Kingambit|fallen3|[silent]\n|\n|upkeep\n|\n|t:|1700527384\n|switch|p2a: Dragapult|Dragapult, M|100\/100\n|turn|20\n|\n|t:|1700527390\n|-terastallize|p2a: Dragapult|Dragon\n|move|p2a: Dragapult|Draco Meteor|p1a: Dragonite\n|-supereffective|p1a: Dragonite\n|-damage|p1a: Dragonite|0 fnt\n|-unboost|p2a: Dragapult|spa|2\n|faint|p1a: Dragonite\n|\n|upkeep\n|inactive|Battle timer is ON: inactive players will automatically lose when time's up. (requested by Ouvt frfr)\n|\n|t:|1700527397\n|switch|p1a: Kingambit|Kingambit, F|100\/100\n|-activate|p1a: Kingambit|ability: Supreme Overlord\n|-start|p1a: Kingambit|fallen4|[silent]\n|-item|p1a: Kingambit|Air Balloon\n|turn|21\n|\n|t:|1700527400\n|switch|p2a: Cinderace|Cinderace, M|18\/100\n|move|p1a: Kingambit|Swords Dance|p1a: Kingambit\n|-boost|p1a: Kingambit|atk|2\n|\n|upkeep\n|turn|22\n|\n|t:|1700527428\n|-terastallize|p1a: Kingambit|Flying\n|move|p2a: Cinderace|Pyro Ball|p1a: Kingambit|[miss]\n|-miss|p2a: Cinderace|p1a: Kingambit\n|move|p1a: Kingambit|Iron Head|p2a: Cinderace\n|-resisted|p2a: Cinderace\n|-damage|p2a: Cinderace|0 fnt\n|faint|p2a: Cinderace\n|\n|upkeep\n|-message|Ouvt frfr forfeited.\n|\n|win|Winterbub\n|raw|Winterbub's rating: 1614 &rarr; <strong>1637<\/strong><br \/>(+23 for winning)\n|raw|Ouvt frfr's rating: 1673 &rarr; <strong>1650<\/strong><br \/>(-23 for losing)\n|c|\u2606Winterbub|sorry\n|l|\u2606Ouvt frfr\n|l|\u2606Winterbub\n","uploadtime":1700527453,"views":7,"p1id":"winterbub","p2id":"ouvtfrfr","formatid":"gen9ou","rating":1637,"private":0,"password":""}