{"id":"gen9ou-1991444213","p1":"kingkerrick","p2":"58SQTc4SvwIVfIlz","format":"[Gen 9] OU","log":"|j|\u2606kingkerrick\n|j|\u260658SQTc4SvwIVfIlz\n|t:|1700077611\n|gametype|singles\n|player|p1|kingkerrick|striker|1031\n|player|p2|58SQTc4SvwIVfIlz|169|1000\n|teamsize|p1|6\n|teamsize|p2|6\n|gen|9\n|tier|[Gen 9] OU\n|rated|\n|rule|Sleep Clause Mod: Limit one foe put to sleep\n|rule|Species Clause: Limit one of each Pok\u00e9mon\n|rule|OHKO Clause: OHKO moves are banned\n|rule|Evasion Items Clause: Evasion items are banned\n|rule|Evasion Moves Clause: Evasion moves are banned\n|rule|Endless Battle Clause: Forcing endless battles is banned\n|rule|HP Percentage Mod: HP is shown in percentages\n|clearpoke\n|poke|p1|Jirachi|\n|poke|p1|Dragonite, M|\n|poke|p1|Amoonguss, F|\n|poke|p1|Enamorus, F|\n|poke|p1|Volcanion|\n|poke|p1|Great Tusk|\n|poke|p2|Rillaboom, F|\n|poke|p2|Sneasler, F|\n|poke|p2|Zamazenta-*|\n|poke|p2|Heatran, M|\n|poke|p2|Hatterene, F|\n|poke|p2|Manaphy|\n|teampreview\n|inactive|Battle timer is ON: inactive players will automatically lose when time's up. (requested by 58SQTc4SvwIVfIlz)\n|\n|t:|1700077616\n|start\n|switch|p1a: Jirachi|Jirachi|100\/100\n|switch|p2a: Rillaboom|Rillaboom, F|100\/100\n|-fieldstart|move: Grassy Terrain|[from] ability: Grassy Surge|[of] p2a: Rillaboom\n|turn|1\n|\n|t:|1700077626\n|switch|p2a: Heatran|Heatran, M|100\/100\n|-item|p2a: Heatran|Air Balloon\n|move|p1a: Jirachi|Stealth Rock|p2a: Heatran\n|-sidestart|p2: 58SQTc4SvwIVfIlz|move: Stealth Rock\n|\n|upkeep\n|turn|2\n|\n|t:|1700077639\n|move|p1a: Jirachi|Iron Head|p2a: Heatran\n|-resisted|p2a: Heatran\n|-damage|p2a: Heatran|91\/100\n|-enditem|p2a: Heatran|Air Balloon\n|-damage|p1a: Jirachi|91\/100|[from] item: Life Orb\n|cant|p2a: Heatran|flinch\n|\n|-heal|p1a: Jirachi|97\/100|[from] Grassy Terrain\n|-heal|p2a: Heatran|97\/100|[from] Grassy Terrain\n|upkeep\n|turn|3\n|\n|t:|1700077650\n|move|p1a: Jirachi|Thunder Wave|p2a: Heatran\n|-status|p2a: Heatran|par\n|cant|p2a: Heatran|par\n|\n|-heal|p1a: Jirachi|100\/100|[from] Grassy Terrain\n|-heal|p2a: Heatran|100\/100 par|[from] Grassy Terrain\n|upkeep\n|turn|4\n|\n|t:|1700077662\n|move|p1a: Jirachi|Iron Head|p2a: Heatran\n|-resisted|p2a: Heatran\n|-damage|p2a: Heatran|90\/100 par\n|-damage|p1a: Jirachi|91\/100|[from] item: Life Orb\n|cant|p2a: Heatran|flinch\n|\n|-heal|p1a: Jirachi|97\/100|[from] Grassy Terrain\n|-heal|p2a: Heatran|96\/100 par|[from] Grassy Terrain\n|upkeep\n|turn|5\n|\n|t:|1700077673\n|move|p1a: Jirachi|Iron Head|p2a: Heatran\n|-resisted|p2a: Heatran\n|-crit|p2a: Heatran\n|-damage|p2a: Heatran|80\/100 par\n|-damage|p1a: Jirachi|87\/100|[from] item: Life Orb\n|cant|p2a: Heatran|flinch\n|\n|-heal|p1a: Jirachi|93\/100|[from] Grassy Terrain\n|-heal|p2a: Heatran|86\/100 par|[from] Grassy Terrain\n|-fieldend|move: Grassy Terrain\n|upkeep\n|turn|6\n|\n|t:|1700077683\n|move|p1a: Jirachi|Iron Head|p2a: Heatran\n|-resisted|p2a: Heatran\n|-damage|p2a: Heatran|77\/100 par\n|-damage|p1a: Jirachi|83\/100|[from] item: Life Orb\n|cant|p2a: Heatran|flinch\n|\n|upkeep\n|turn|7\n|\n|t:|1700077691\n|move|p1a: Jirachi|Iron Head|p2a: Heatran\n|-resisted|p2a: Heatran\n|-damage|p2a: Heatran|65\/100 par\n|-damage|p1a: Jirachi|73\/100|[from] item: Life Orb\n|cant|p2a: Heatran|par\n|\n|upkeep\n|turn|8\n|\n|t:|1700077698\n|move|p1a: Jirachi|Iron Head|p2a: Heatran\n|-resisted|p2a: Heatran\n|-damage|p2a: Heatran|55\/100 par\n|-damage|p1a: Jirachi|63\/100|[from] item: Life Orb\n|move|p2a: Heatran|Magma Storm|p1a: Jirachi\n|-supereffective|p1a: Jirachi\n|-damage|p1a: Jirachi|0 fnt\n|faint|p1a: Jirachi\n|\n|upkeep\n|\n|t:|1700077709\n|switch|p1a: Volcanion|Volcanion|100\/100\n|turn|9\n|\n|t:|1700077714\n|move|p1a: Volcanion|Scald|p2a: Heatran\n|-supereffective|p2a: Heatran\n|-damage|p2a: Heatran|6\/100 par\n|move|p2a: Heatran|Earth Power|p1a: Volcanion\n|-supereffective|p1a: Volcanion\n|-damage|p1a: Volcanion|59\/100\n|\n|upkeep\n|turn|10\n|\n|t:|1700077720\n|move|p1a: Volcanion|Scald|p2a: Heatran\n|-supereffective|p2a: Heatran\n|-damage|p2a: Heatran|0 fnt\n|faint|p2a: Heatran\n|\n|upkeep\n|\n|t:|1700077722\n|switch|p2a: Rillaboom|Rillaboom, F|100\/100\n|-damage|p2a: Rillaboom|88\/100|[from] Stealth Rock\n|-fieldstart|move: Grassy Terrain|[from] ability: Grassy Surge|[of] p2a: Rillaboom\n|turn|11\n|\n|t:|1700077730\n|-terastallize|p1a: Volcanion|Fire\n|move|p2a: Rillaboom|Wood Hammer|p1a: Volcanion\n|-resisted|p1a: Volcanion\n|-damage|p1a: Volcanion|0 fnt\n|faint|p1a: Volcanion\n|-damage|p2a: Rillaboom|71\/100|[from] Recoil\n|\n|-heal|p2a: Rillaboom|77\/100|[from] Grassy Terrain\n|upkeep\n|\n|t:|1700077737\n|switch|p1a: Dragonite|Dragonite, M|100\/100\n|turn|12\n|\n|t:|1700077745\n|switch|p2a: Hatterene|Hatterene, F|100\/100\n|-damage|p2a: Hatterene|88\/100|[from] Stealth Rock\n|-enditem|p2a: Hatterene|Grassy Seed\n|-boost|p2a: Hatterene|def|1|[from] item: Grassy Seed\n|move|p1a: Dragonite|Dragon Claw|p2a: Hatterene\n|-immune|p2a: Hatterene\n|\n|-heal|p2a: Hatterene|94\/100|[from] Grassy Terrain\n|upkeep\n|turn|13\n|\n|t:|1700077749\n|switch|p1a: Great Tusk|Great Tusk|100\/100\n|-enditem|p1a: Great Tusk|Booster Energy\n|-activate|p1a: Great Tusk|ability: Protosynthesis|[fromitem]\n|-start|p1a: Great Tusk|protosynthesisatk\n|move|p2a: Hatterene|Nuzzle|p1a: Great Tusk\n|-immune|p1a: Great Tusk\n|\n|-heal|p2a: Hatterene|99\/100|[from] Grassy Terrain\n|upkeep\n|turn|14\n|\n|t:|1700077769\n|move|p1a: Great Tusk|Earthquake|p2a: Hatterene\n|-damage|p2a: Hatterene|80\/100\n|move|p2a: Hatterene|Draining Kiss|p1a: Great Tusk\n|-supereffective|p1a: Great Tusk\n|-damage|p1a: Great Tusk|35\/100\n|-heal|p2a: Hatterene|100\/100|[from] drain|[of] p1a: Great Tusk\n|\n|-heal|p1a: Great Tusk|42\/100|[from] Grassy Terrain\n|upkeep\n|turn|15\n|\n|t:|1700077773\n|move|p1a: Great Tusk|Body Press|p2a: Hatterene\n|-resisted|p2a: Hatterene\n|-damage|p2a: Hatterene|94\/100\n|move|p2a: Hatterene|Draining Kiss|p1a: Great Tusk\n|-supereffective|p1a: Great Tusk\n|-damage|p1a: Great Tusk|0 fnt\n|-heal|p2a: Hatterene|100\/100|[from] drain|[of] p1a: Great Tusk\n|faint|p1a: Great Tusk\n|-end|p1a: Great Tusk|Protosynthesis|[silent]\n|\n|-fieldend|move: Grassy Terrain\n|upkeep\n|\n|t:|1700077778\n|switch|p1a: Amoonguss|Amoonguss, F|100\/100\n|turn|16\n|\n|t:|1700077782\n|move|p2a: Hatterene|Psyshock|p1a: Amoonguss\n|-supereffective|p1a: Amoonguss\n|-damage|p1a: Amoonguss|39\/100\n|move|p1a: Amoonguss|Toxic|p2a: Hatterene\n|move|p2a: Hatterene|Toxic|p1a: Amoonguss|[from]ability: Magic Bounce\n|-immune|p1a: Amoonguss\n|\n|upkeep\n|turn|17\n|\n|t:|1700077786\n|move|p2a: Hatterene|Psyshock|p1a: Amoonguss\n|-supereffective|p1a: Amoonguss\n|-damage|p1a: Amoonguss|0 fnt\n|faint|p1a: Amoonguss\n|\n|upkeep\n|\n|t:|1700077788\n|switch|p1a: Enamorus|Enamorus, F|100\/100\n|turn|18\n|\n|t:|1700077794\n|move|p1a: Enamorus|Body Slam|p2a: Hatterene\n|-damage|p2a: Hatterene|85\/100\n|-status|p2a: Hatterene|par\n|move|p2a: Hatterene|Nuzzle|p1a: Enamorus\n|-supereffective|p1a: Enamorus\n|-damage|p1a: Enamorus|90\/100\n|-status|p1a: Enamorus|par\n|\n|upkeep\n|turn|19\n|\n|t:|1700077799\n|move|p1a: Enamorus|Iron Head|p2a: Hatterene\n|-supereffective|p2a: Hatterene\n|-damage|p2a: Hatterene|59\/100 par\n|cant|p2a: Hatterene|flinch\n|\n|upkeep\n|turn|20\n|\n|t:|1700077802\n|move|p1a: Enamorus|Iron Head|p2a: Hatterene\n|-supereffective|p2a: Hatterene\n|-damage|p2a: Hatterene|28\/100 par\n|move|p2a: Hatterene|Draining Kiss|p1a: Enamorus\n|-damage|p1a: Enamorus|62\/100 par\n|-heal|p2a: Hatterene|49\/100 par|[from] drain|[of] p1a: Enamorus\n|\n|upkeep\n|turn|21\n|\n|t:|1700077805\n|move|p1a: Enamorus|Iron Head|p2a: Hatterene\n|-supereffective|p2a: Hatterene\n|-damage|p2a: Hatterene|19\/100 par\n|move|p2a: Hatterene|Draining Kiss|p1a: Enamorus\n|-damage|p1a: Enamorus|32\/100 par\n|-heal|p2a: Hatterene|41\/100 par|[from] drain|[of] p1a: Enamorus\n|\n|upkeep\n|turn|22\n|\n|t:|1700077807\n|move|p1a: Enamorus|Iron Head|p2a: Hatterene\n|-supereffective|p2a: Hatterene\n|-damage|p2a: Hatterene|11\/100 par\n|move|p2a: Hatterene|Draining Kiss|p1a: Enamorus\n|-damage|p1a: Enamorus|1\/100 par\n|-heal|p2a: Hatterene|34\/100 par|[from] drain|[of] p1a: Enamorus\n|\n|upkeep\n|turn|23\n|\n|t:|1700077810\n|move|p1a: Enamorus|Iron Head|p2a: Hatterene\n|-supereffective|p2a: Hatterene\n|-damage|p2a: Hatterene|2\/100 par\n|cant|p2a: Hatterene|flinch\n|\n|upkeep\n|turn|24\n|\n|t:|1700077816\n|move|p1a: Enamorus|Iron Head|p2a: Hatterene\n|-supereffective|p2a: Hatterene\n|-damage|p2a: Hatterene|0 fnt\n|faint|p2a: Hatterene\n|\n|upkeep\n|\n|t:|1700077825\n|switch|p2a: Rillaboom|Rillaboom, F|77\/100\n|-damage|p2a: Rillaboom|65\/100|[from] Stealth Rock\n|-fieldstart|move: Grassy Terrain|[from] ability: Grassy Surge|[of] p2a: Rillaboom\n|turn|25\n|\n|t:|1700077832\n|move|p2a: Rillaboom|U-turn|p1a: Enamorus\n|-resisted|p1a: Enamorus\n|-damage|p1a: Enamorus|0 fnt\n|faint|p1a: Enamorus\n|\n|t:|1700077839\n|switch|p2a: Manaphy|Manaphy|100\/100|[from] U-turn\n|-damage|p2a: Manaphy|88\/100|[from] Stealth Rock\n|\n|-heal|p2a: Manaphy|94\/100|[from] Grassy Terrain\n|-heal|p2a: Manaphy|100\/100|[from] item: Leftovers\n|upkeep\n|\n|t:|1700077846\n|switch|p1a: Dragonite|Dragonite, M|100\/100\n|turn|26\n|\n|t:|1700077870\n|move|p2a: Manaphy|Acid Armor|p2a: Manaphy\n|-boost|p2a: Manaphy|def|2\n|move|p1a: Dragonite|Dragon Claw|p2a: Manaphy\n|-damage|p2a: Manaphy|76\/100\n|\n|-heal|p2a: Manaphy|82\/100|[from] Grassy Terrain\n|-heal|p2a: Manaphy|88\/100|[from] item: Leftovers\n|upkeep\n|turn|27\n|\n|t:|1700077876\n|move|p2a: Manaphy|Acid Armor|p2a: Manaphy\n|-boost|p2a: Manaphy|def|2\n|move|p1a: Dragonite|Dragon Claw|p2a: Manaphy\n|-damage|p2a: Manaphy|69\/100\n|\n|-heal|p2a: Manaphy|75\/100|[from] Grassy Terrain\n|-heal|p2a: Manaphy|81\/100|[from] item: Leftovers\n|upkeep\n|turn|28\n|\n|t:|1700077878\n|move|p2a: Manaphy|Acid Armor|p2a: Manaphy\n|-boost|p2a: Manaphy|def|2\n|move|p1a: Dragonite|Dragon Claw|p2a: Manaphy\n|-crit|p2a: Manaphy\n|-damage|p2a: Manaphy|5\/100\n|\n|-heal|p2a: Manaphy|11\/100|[from] Grassy Terrain\n|-heal|p2a: Manaphy|17\/100|[from] item: Leftovers\n|upkeep\n|turn|29\n|\n|t:|1700077881\n|move|p2a: Manaphy|Stored Power|p1a: Dragonite\n|-damage|p1a: Dragonite|84\/100\n|move|p1a: Dragonite|Dragon Claw|p2a: Manaphy\n|-crit|p2a: Manaphy\n|-damage|p2a: Manaphy|0 fnt\n|faint|p2a: Manaphy\n|\n|-fieldend|move: Grassy Terrain\n|upkeep\n|\n|t:|1700077886\n|switch|p2a: Rillaboom|Rillaboom, F|65\/100\n|-damage|p2a: Rillaboom|52\/100|[from] Stealth Rock\n|-fieldstart|move: Grassy Terrain|[from] ability: Grassy Surge|[of] p2a: Rillaboom\n|turn|30\n|\n|t:|1700077891\n|move|p1a: Dragonite|Dragon Claw|p2a: Rillaboom\n|-damage|p2a: Rillaboom|0 fnt\n|faint|p2a: Rillaboom\n|\n|upkeep\n|\n|t:|1700077907\n|switch|p2a: Sneasler|Sneasler, F|100\/100\n|-damage|p2a: Sneasler|94\/100|[from] Stealth Rock\n|-enditem|p2a: Sneasler|Grassy Seed\n|-boost|p2a: Sneasler|def|1|[from] item: Grassy Seed\n|turn|31\n|\n|t:|1700077913\n|move|p2a: Sneasler|Dire Claw|p1a: Dragonite\n|-damage|p1a: Dragonite|35\/100\n|move|p1a: Dragonite|Dragon Claw|p2a: Sneasler\n|-damage|p2a: Sneasler|23\/100\n|\n|-heal|p2a: Sneasler|29\/100|[from] Grassy Terrain\n|upkeep\n|turn|32\n|\n|t:|1700077919\n|move|p2a: Sneasler|Dire Claw|p1a: Dragonite\n|-damage|p1a: Dragonite|0 fnt\n|faint|p1a: Dragonite\n|\n|win|58SQTc4SvwIVfIlz\n|raw|kingkerrick's rating: 1031 &rarr; <strong>1015<\/strong><br \/>(-16 for losing)\n|raw|58SQTc4SvwIVfIlz's rating: 1000 &rarr; <strong>1044<\/strong><br \/>(+44 for winning)\n","uploadtime":1700077923,"views":23,"p1id":"kingkerrick","p2id":"58sqtc4svwivfilz","formatid":"gen9ou","rating":1015,"private":0,"password":""}