{"id":"gen9ou-1995112725","p1":"Toasteduck","p2":"burngurg","format":"[Gen 9] OU","log":"|j|\u2606Toasteduck\n|j|\u2606burngurg\n|t:|1700523947\n|gametype|singles\n|player|p1|Toasteduck|2|1733\n|player|p2|burngurg|plasmagrunt-gen5bw|1626\n|teamsize|p1|6\n|teamsize|p2|6\n|gen|9\n|tier|[Gen 9] OU\n|rated|\n|rule|Sleep Clause Mod: Limit one foe put to sleep\n|rule|Species Clause: Limit one of each Pok\u00e9mon\n|rule|OHKO Clause: OHKO moves are banned\n|rule|Evasion Items Clause: Evasion items are banned\n|rule|Evasion Moves Clause: Evasion moves are banned\n|rule|Endless Battle Clause: Forcing endless battles is banned\n|rule|HP Percentage Mod: HP is shown in percentages\n|clearpoke\n|poke|p1|Garganacl, M|\n|poke|p1|Great Tusk|\n|poke|p1|Hatterene, F|\n|poke|p1|Rillaboom, F|\n|poke|p1|Zapdos|\n|poke|p1|Goodra-Hisui, F|\n|poke|p2|Conkeldurr, F|\n|poke|p2|Sandy Shocks|\n|poke|p2|Great Tusk|\n|poke|p2|Zamazenta-*|\n|poke|p2|Slowking-Galar, M|\n|poke|p2|Salamence, M|\n|teampreview\n|inactive|Battle timer is ON: inactive players will automatically lose when time's up. (requested by burngurg)\n|\n|t:|1700523966\n|start\n|switch|p1a: Rillaboom|Rillaboom, F|100\/100\n|switch|p2a: Salamence|Salamence, M|100\/100\n|-ability|p2a: Salamence|Intimidate|boost\n|-unboost|p1a: Rillaboom|atk|1\n|-fieldstart|move: Grassy Terrain|[from] ability: Grassy Surge|[of] p1a: Rillaboom\n|turn|1\n|\n|t:|1700523973\n|switch|p1a: Zapdos|Zapdos|100\/100\n|move|p2a: Salamence|Hurricane|p1a: Zapdos\n|-resisted|p1a: Zapdos\n|-damage|p1a: Zapdos|69\/100\n|\n|upkeep\n|turn|2\n|\n|t:|1700523991\n|switch|p1a: Hatterene|Hatterene, F|100\/100\n|switch|p2a: Sandy Shocks|Sandy Shocks|100\/100\n|-enditem|p2a: Sandy Shocks|Booster Energy\n|-activate|p2a: Sandy Shocks|ability: Protosynthesis|[fromitem]\n|-start|p2a: Sandy Shocks|protosynthesisspe\n|\n|upkeep\n|turn|3\n|\n|t:|1700524000\n|move|p2a: Sandy Shocks|Thunderbolt|p1a: Hatterene\n|-damage|p1a: Hatterene|57\/100\n|move|p1a: Hatterene|Giga Drain|p2a: Sandy Shocks\n|-supereffective|p2a: Sandy Shocks\n|-damage|p2a: Sandy Shocks|0 fnt\n|-heal|p1a: Hatterene|100\/100|[from] drain|[of] p2a: Sandy Shocks\n|faint|p2a: Sandy Shocks\n|-end|p2a: Sandy Shocks|Protosynthesis|[silent]\n|\n|upkeep\n|\n|t:|1700524008\n|switch|p2a: Slowking|Slowking-Galar, M|100\/100\n|turn|4\n|\n|t:|1700524013\n|switch|p1a: Garganacl|Garganacl, M|100\/100\n|move|p2a: Slowking|Sludge Bomb|p1a: Garganacl\n|-resisted|p1a: Garganacl\n|-damage|p1a: Garganacl|80\/100\n|\n|-heal|p1a: Garganacl|86\/100|[from] Grassy Terrain\n|-heal|p1a: Garganacl|92\/100|[from] item: Leftovers\n|upkeep\n|turn|5\n|\n|t:|1700524018\n|switch|p2a: Conkeldurr|Conkeldurr, F|100\/100\n|move|p1a: Garganacl|Salt Cure|p2a: Conkeldurr\n|-resisted|p2a: Conkeldurr\n|-damage|p2a: Conkeldurr|94\/100\n|-start|p2a: Conkeldurr|Salt Cure\n|\n|-heal|p2a: Conkeldurr|99\/100|[from] Grassy Terrain\n|-heal|p1a: Garganacl|98\/100|[from] Grassy Terrain\n|-heal|p1a: Garganacl|100\/100|[from] item: Leftovers\n|-damage|p2a: Conkeldurr|88\/100|[from] Salt Cure\n|-fieldend|move: Grassy Terrain\n|upkeep\n|turn|6\n|\n|t:|1700524025\n|switch|p1a: Zapdos|Zapdos|69\/100\n|-terastallize|p2a: Conkeldurr|Fighting\n|move|p2a: Conkeldurr|Drain Punch|p1a: Zapdos\n|-resisted|p1a: Zapdos\n|-damage|p1a: Zapdos|36\/100\n|-heal|p2a: Conkeldurr|100\/100|[from] drain|[of] p1a: Zapdos\n|\n|-damage|p2a: Conkeldurr|88\/100|[from] Salt Cure\n|upkeep\n|turn|7\n|\n|t:|1700524033\n|move|p1a: Zapdos|Hurricane|p2a: Conkeldurr\n|-supereffective|p2a: Conkeldurr\n|-damage|p2a: Conkeldurr|15\/100\n|move|p2a: Conkeldurr|Drain Punch|p1a: Zapdos\n|-resisted|p1a: Zapdos\n|-damage|p1a: Zapdos|2\/100\n|-heal|p2a: Conkeldurr|31\/100|[from] drain|[of] p1a: Zapdos\n|-status|p2a: Conkeldurr|par|[from] ability: Static|[of] p1a: Zapdos\n|\n|-damage|p2a: Conkeldurr|18\/100 par|[from] Salt Cure\n|upkeep\n|turn|8\n|\n|t:|1700524043\n|switch|p1a: Hatterene|Hatterene, F|100\/100\n|move|p2a: Conkeldurr|Mach Punch|p1a: Hatterene\n|-resisted|p1a: Hatterene\n|-damage|p1a: Hatterene|88\/100\n|\n|-damage|p2a: Conkeldurr|6\/100 par|[from] Salt Cure\n|upkeep\n|turn|9\n|\n|t:|1700524053\n|switch|p2a: Slowking|Slowking-Galar, M|100\/100\n|move|p1a: Hatterene|Draining Kiss|p2a: Slowking\n|-resisted|p2a: Slowking\n|-damage|p2a: Slowking|90\/100\n|-heal|p1a: Hatterene|97\/100|[from] drain|[of] p2a: Slowking\n|\n|upkeep\n|turn|10\n|\n|t:|1700524064\n|switch|p1a: Garganacl|Garganacl, M|100\/100\n|switch|p2a: Conkeldurr|Conkeldurr, F, tera:Fighting|6\/100 par\n|\n|upkeep\n|turn|11\n|\n|t:|1700524072\n|move|p2a: Conkeldurr|Mach Punch|p1a: Garganacl\n|-supereffective|p1a: Garganacl\n|-damage|p1a: Garganacl|49\/100\n|move|p1a: Garganacl|Salt Cure|p2a: Conkeldurr\n|-resisted|p2a: Conkeldurr\n|-damage|p2a: Conkeldurr|0 fnt\n|faint|p2a: Conkeldurr\n|\n|-heal|p1a: Garganacl|55\/100|[from] item: Leftovers\n|upkeep\n|\n|t:|1700524090\n|switch|p2a: Great Tusk|Great Tusk|100\/100\n|turn|12\n|\n|t:|1700524100\n|switch|p1a: Zapdos|Zapdos|2\/100\n|move|p2a: Great Tusk|Rapid Spin|p1a: Zapdos\n|-damage|p1a: Zapdos|0 fnt\n|-boost|p2a: Great Tusk|spe|1\n|faint|p1a: Zapdos\n|\n|upkeep\n|\n|t:|1700524104\n|switch|p1a: Rillaboom|Rillaboom, F|100\/100\n|-fieldstart|move: Grassy Terrain|[from] ability: Grassy Surge|[of] p1a: Rillaboom\n|turn|13\n|\n|t:|1700524109\n|move|p2a: Great Tusk|Ice Spinner|p1a: Rillaboom\n|-supereffective|p1a: Rillaboom\n|-damage|p1a: Rillaboom|47\/100\n|-fieldend|move: Grassy Terrain\n|move|p1a: Rillaboom|Drum Beating|p2a: Great Tusk\n|-supereffective|p2a: Great Tusk\n|-damage|p2a: Great Tusk|46\/100\n|-unboost|p2a: Great Tusk|spe|1\n|\n|-heal|p2a: Great Tusk|52\/100|[from] item: Leftovers\n|upkeep\n|turn|14\n|\n|t:|1700524122\n|switch|p1a: Goodra|Goodra-Hisui, F|100\/100\n|move|p2a: Great Tusk|Ice Spinner|p1a: Goodra\n|-damage|p1a: Goodra|77\/100\n|-ability|p1a: Goodra|Gooey\n|-unboost|p2a: Great Tusk|spe|1\n|\n|-heal|p2a: Great Tusk|58\/100|[from] item: Leftovers\n|-heal|p1a: Goodra|83\/100|[from] item: Leftovers\n|upkeep\n|turn|15\n|\n|t:|1700524139\n|-end|p2a: Great Tusk|Protosynthesis|[silent]\n|switch|p2a: Zamazenta|Zamazenta|100\/100\n|-ability|p2a: Zamazenta|Dauntless Shield|boost\n|-boost|p2a: Zamazenta|def|1\n|move|p1a: Goodra|Chilling Water|p2a: Zamazenta\n|-crit|p2a: Zamazenta\n|-damage|p2a: Zamazenta|84\/100\n|-unboost|p2a: Zamazenta|atk|1\n|\n|-heal|p1a: Goodra|89\/100|[from] item: Leftovers\n|upkeep\n|turn|16\n|\n|t:|1700524144\n|switch|p2a: Slowking|Slowking-Galar, M|100\/100\n|move|p1a: Goodra|Dragon Tail|p2a: Slowking\n|-damage|p2a: Slowking|78\/100\n|drag|p2a: Salamence|Salamence, M|100\/100\n|-ability|p2a: Salamence|Intimidate|boost\n|-unboost|p1a: Goodra|atk|1\n|\n|-heal|p1a: Goodra|95\/100|[from] item: Leftovers\n|upkeep\n|turn|17\n|\n|t:|1700524155\n|move|p2a: Salamence|Fire Blast|p1a: Goodra\n|-damage|p1a: Goodra|74\/100\n|-status|p1a: Goodra|brn\n|move|p1a: Goodra|Dragon Tail|p2a: Salamence|[miss]\n|-miss|p1a: Goodra|p2a: Salamence\n|\n|-heal|p1a: Goodra|80\/100 brn|[from] item: Leftovers\n|-damage|p1a: Goodra|74\/100 brn|[from] brn\n|upkeep\n|turn|18\n|\n|t:|1700524162\n|move|p2a: Salamence|Fire Blast|p1a: Goodra\n|-damage|p1a: Goodra|52\/100 brn\n|move|p1a: Goodra|Knock Off|p2a: Salamence\n|-damage|p2a: Salamence|94\/100\n|-enditem|p2a: Salamence|Wide Lens|[from] move: Knock Off|[of] p1a: Goodra\n|\n|-heal|p1a: Goodra|58\/100 brn|[from] item: Leftovers\n|-damage|p1a: Goodra|52\/100 brn|[from] brn\n|upkeep\n|turn|19\n|\n|t:|1700524172\n|move|p2a: Salamence|Fire Blast|p1a: Goodra\n|-damage|p1a: Goodra|29\/100 brn\n|move|p1a: Goodra|Dragon Tail|p2a: Salamence\n|-supereffective|p2a: Salamence\n|-crit|p2a: Salamence\n|-damage|p2a: Salamence|66\/100\n|drag|p2a: Great Tusk|Great Tusk|58\/100\n|\n|-heal|p2a: Great Tusk|64\/100|[from] item: Leftovers\n|-heal|p1a: Goodra|35\/100 brn|[from] item: Leftovers\n|-damage|p1a: Goodra|29\/100 brn|[from] brn\n|upkeep\n|turn|20\n|\n|t:|1700524187\n|move|p2a: Great Tusk|Bulk Up|p2a: Great Tusk\n|-boost|p2a: Great Tusk|atk|1\n|-boost|p2a: Great Tusk|def|1\n|move|p1a: Goodra|Chilling Water|p2a: Great Tusk\n|-supereffective|p2a: Great Tusk\n|-damage|p2a: Great Tusk|25\/100\n|-unboost|p2a: Great Tusk|atk|1\n|\n|-heal|p2a: Great Tusk|31\/100|[from] item: Leftovers\n|-heal|p1a: Goodra|35\/100 brn|[from] item: Leftovers\n|-damage|p1a: Goodra|29\/100 brn|[from] brn\n|upkeep\n|turn|21\n|\n|t:|1700524193\n|move|p2a: Great Tusk|Earthquake|p1a: Goodra\n|-supereffective|p1a: Goodra\n|-damage|p1a: Goodra|0 fnt\n|faint|p1a: Goodra\n|\n|-heal|p2a: Great Tusk|37\/100|[from] item: Leftovers\n|upkeep\n|\n|t:|1700524200\n|switch|p1a: Hatterene|Hatterene, F|97\/100\n|turn|22\n|\n|t:|1700524204\n|-end|p2a: Great Tusk|Protosynthesis|[silent]\n|switch|p2a: Slowking|Slowking-Galar, M|100\/100\n|move|p1a: Hatterene|Psyshock|p2a: Slowking\n|-damage|p2a: Slowking|28\/100\n|\n|upkeep\n|turn|23\n|\n|t:|1700524209\n|switch|p1a: Garganacl|Garganacl, M|55\/100\n|move|p2a: Slowking|Sludge Bomb|p1a: Garganacl\n|-resisted|p1a: Garganacl\n|-damage|p1a: Garganacl|37\/100\n|\n|-heal|p1a: Garganacl|43\/100|[from] item: Leftovers\n|upkeep\n|turn|24\n|\n|t:|1700524226\n|move|p1a: Garganacl|Recover|p1a: Garganacl\n|-heal|p1a: Garganacl|93\/100\n|move|p2a: Slowking|Psyshock|p1a: Garganacl\n|-damage|p1a: Garganacl|72\/100\n|\n|-heal|p1a: Garganacl|78\/100|[from] item: Leftovers\n|upkeep\n|turn|25\n|\n|t:|1700524231\n|move|p1a: Garganacl|Salt Cure|p2a: Slowking\n|-damage|p2a: Slowking|13\/100\n|-start|p2a: Slowking|Salt Cure\n|move|p2a: Slowking|Sludge Bomb|p1a: Garganacl\n|-resisted|p1a: Garganacl\n|-damage|p1a: Garganacl|57\/100\n|\n|-heal|p1a: Garganacl|63\/100|[from] item: Leftovers\n|-damage|p2a: Slowking|1\/100|[from] Salt Cure\n|upkeep\n|turn|26\n|\n|t:|1700524234\n|switch|p2a: Zamazenta|Zamazenta|84\/100\n|move|p1a: Garganacl|Recover|p1a: Garganacl\n|-heal|p1a: Garganacl|100\/100\n|\n|upkeep\n|turn|27\n|\n|t:|1700524243\n|-terastallize|p1a: Garganacl|Fairy\n|move|p2a: Zamazenta|Iron Head|p1a: Garganacl\n|-supereffective|p1a: Garganacl\n|-damage|p1a: Garganacl|70\/100\n|move|p1a: Garganacl|Iron Defense|p1a: Garganacl\n|-boost|p1a: Garganacl|def|2\n|\n|-heal|p1a: Garganacl|76\/100|[from] item: Leftovers\n|upkeep\n|turn|28\n|\n|t:|1700524254\n|move|p2a: Zamazenta|Iron Head|p1a: Garganacl\n|-supereffective|p1a: Garganacl\n|-damage|p1a: Garganacl|59\/100\n|cant|p1a: Garganacl|flinch\n|\n|-heal|p1a: Garganacl|65\/100|[from] item: Leftovers\n|upkeep\n|turn|29\n|\n|t:|1700524259\n|move|p2a: Zamazenta|Iron Head|p1a: Garganacl\n|-supereffective|p1a: Garganacl\n|-damage|p1a: Garganacl|49\/100\n|move|p1a: Garganacl|Recover|p1a: Garganacl\n|-heal|p1a: Garganacl|99\/100\n|\n|-heal|p1a: Garganacl|100\/100|[from] item: Leftovers\n|upkeep\n|turn|30\n|\n|t:|1700524263\n|move|p2a: Zamazenta|Iron Head|p1a: Garganacl\n|-supereffective|p1a: Garganacl\n|-crit|p1a: Garganacl\n|-damage|p1a: Garganacl|49\/100\n|move|p1a: Garganacl|Salt Cure|p2a: Zamazenta\n|-resisted|p2a: Zamazenta\n|-crit|p2a: Zamazenta\n|-damage|p2a: Zamazenta|75\/100\n|-start|p2a: Zamazenta|Salt Cure\n|\n|-heal|p1a: Garganacl|55\/100|[from] item: Leftovers\n|-damage|p2a: Zamazenta|63\/100|[from] Salt Cure\n|upkeep\n|turn|31\n|\n|t:|1700524269\n|switch|p2a: Slowking|Slowking-Galar, M|34\/100\n|move|p1a: Garganacl|Recover|p1a: Garganacl\n|-heal|p1a: Garganacl|100\/100\n|\n|upkeep\n|turn|32\n|\n|t:|1700524274\n|move|p1a: Garganacl|Salt Cure|p2a: Slowking\n|-damage|p2a: Slowking|20\/100\n|-start|p2a: Slowking|Salt Cure\n|move|p2a: Slowking|Sludge Bomb|p1a: Garganacl\n|-supereffective|p1a: Garganacl\n|-damage|p1a: Garganacl|21\/100\n|\n|-heal|p1a: Garganacl|27\/100|[from] item: Leftovers\n|-damage|p2a: Slowking|7\/100|[from] Salt Cure\n|upkeep\n|turn|33\n|\n|t:|1700524287\n|move|p1a: Garganacl|Body Press|p2a: Slowking\n|-resisted|p2a: Slowking\n|-damage|p2a: Slowking|0 fnt\n|faint|p2a: Slowking\n|\n|-heal|p1a: Garganacl|33\/100|[from] item: Leftovers\n|upkeep\n|\n|t:|1700524291\n|switch|p2a: Salamence|Salamence, M|66\/100\n|-ability|p2a: Salamence|Intimidate|boost\n|-unboost|p1a: Garganacl|atk|1\n|turn|34\n|\n|t:|1700524299\n|switch|p1a: Rillaboom|Rillaboom, F|47\/100\n|-fieldstart|move: Grassy Terrain|[from] ability: Grassy Surge|[of] p1a: Rillaboom\n|move|p2a: Salamence|Hurricane|p1a: Rillaboom\n|-supereffective|p1a: Rillaboom\n|-damage|p1a: Rillaboom|0 fnt\n|faint|p1a: Rillaboom\n|\n|upkeep\n|\n|t:|1700524301\n|switch|p1a: Hatterene|Hatterene, F|97\/100\n|turn|35\n|\n|t:|1700524306\n|move|p2a: Salamence|Roost|p2a: Salamence\n|-heal|p2a: Salamence|100\/100\n|-singleturn|p2a: Salamence|move: Roost\n|move|p1a: Hatterene|Draining Kiss|p2a: Salamence\n|-supereffective|p2a: Salamence\n|-damage|p2a: Salamence|0 fnt\n|-heal|p1a: Hatterene|100\/100|[from] drain|[of] p2a: Salamence\n|faint|p2a: Salamence\n|\n|upkeep\n|\n|t:|1700524307\n|switch|p2a: Zamazenta|Zamazenta|63\/100\n|turn|36\n|\n|t:|1700524309\n|move|p2a: Zamazenta|Iron Head|p1a: Hatterene\n|-supereffective|p1a: Hatterene\n|-damage|p1a: Hatterene|34\/100\n|move|p1a: Hatterene|Draining Kiss|p2a: Zamazenta\n|-supereffective|p2a: Zamazenta\n|-damage|p2a: Zamazenta|0 fnt\n|-heal|p1a: Hatterene|83\/100|[from] drain|[of] p2a: Zamazenta\n|faint|p2a: Zamazenta\n|\n|-heal|p1a: Hatterene|89\/100|[from] Grassy Terrain\n|upkeep\n|-message|burngurg forfeited.\n|\n|win|Toasteduck\n|raw|Toasteduck's rating: 1733 &rarr; <strong>1747<\/strong><br \/>(+14 for winning)\n|raw|burngurg's rating: 1626 &rarr; <strong>1612<\/strong><br \/>(-14 for losing)\n|l|\u2606burngurg\n","uploadtime":1700524400,"views":5,"p1id":"toasteduck","p2id":"burngurg","formatid":"gen9ou","rating":1612,"private":0,"password":""}