{"id":"gen9ou-1990766714","p1":"Mask3D_DDD","p2":"AubreyOmori1","format":"[Gen 9] OU","log":"|j|\u2606Mask3D_DDD\n|j|\u2606AubreyOmori1\n|t:|1699998842\n|gametype|singles\n|player|p1|Mask3D_DDD|ethan-masters|1228\n|player|p2|AubreyOmori1|roxie|1269\n|teamsize|p1|6\n|teamsize|p2|6\n|gen|9\n|tier|[Gen 9] OU\n|rated|\n|rule|Sleep Clause Mod: Limit one foe put to sleep\n|rule|Species Clause: Limit one of each Pok\u00e9mon\n|rule|OHKO Clause: OHKO moves are banned\n|rule|Evasion Items Clause: Evasion items are banned\n|rule|Evasion Moves Clause: Evasion moves are banned\n|rule|Endless Battle Clause: Forcing endless battles is banned\n|rule|HP Percentage Mod: HP is shown in percentages\n|clearpoke\n|poke|p1|Heatran, M|\n|poke|p1|Landorus-Therian, M|\n|poke|p1|Corviknight, M|\n|poke|p1|Ogerpon-Wellspring, F|\n|poke|p1|Iron Valiant|\n|poke|p1|Alomomola, M|\n|poke|p2|Rillaboom, M|\n|poke|p2|Ogerpon-Wellspring, F|\n|poke|p2|Sneasler, F|\n|poke|p2|Manaphy|\n|poke|p2|Kingambit, M|\n|poke|p2|Heatran, M|\n|teampreview\n|inactive|Battle timer is ON: inactive players will automatically lose when time's up. (requested by Mask3D_DDD)\n|\n|t:|1699998857\n|start\n|switch|p1a: Silly Dog|Landorus-Therian, M|100\/100\n|switch|p2a: Donkey Kong|Rillaboom, M, shiny|100\/100\n|-ability|p1a: Silly Dog|Intimidate|boost\n|-unboost|p2a: Donkey Kong|atk|1\n|-fieldstart|move: Grassy Terrain|[from] ability: Grassy Surge|[of] p2a: Donkey Kong\n|turn|1\n|\n|t:|1699998864\n|move|p2a: Donkey Kong|Grassy Glide|p1a: Silly Dog\n|-damage|p1a: Silly Dog|55\/100\n|move|p1a: Silly Dog|U-turn|p2a: Donkey Kong\n|-supereffective|p2a: Donkey Kong\n|-damage|p2a: Donkey Kong|39\/100\n|\n|t:|1699998871\n|switch|p1a: Birbob|Corviknight, M, shiny|100\/100|[from] U-turn\n|\n|-heal|p2a: Donkey Kong|45\/100|[from] Grassy Terrain\n|upkeep\n|turn|2\n|\n|t:|1699998875\n|switch|p2a: Firey|Heatran, M, shiny|100\/100\n|-item|p2a: Firey|Air Balloon\n|move|p1a: Birbob|Bulk Up|p1a: Birbob\n|-boost|p1a: Birbob|atk|1\n|-boost|p1a: Birbob|def|1\n|\n|upkeep\n|turn|3\n|\n|t:|1699998879\n|move|p2a: Firey|Magma Storm|p1a: Birbob\n|-supereffective|p1a: Birbob\n|-crit|p1a: Birbob\n|-damage|p1a: Birbob|0 fnt\n|faint|p1a: Birbob\n|\n|upkeep\n|\n|t:|1699998883\n|switch|p1a: Silly Dog|Landorus-Therian, M|55\/100\n|-ability|p1a: Silly Dog|Intimidate|boost\n|-unboost|p2a: Firey|atk|1\n|turn|4\n|\n|t:|1699998890\n|switch|p2a: Donkey Kong|Rillaboom, M, shiny|45\/100\n|move|p1a: Silly Dog|U-turn|p2a: Donkey Kong\n|-supereffective|p2a: Donkey Kong\n|-damage|p2a: Donkey Kong|0 fnt\n|faint|p2a: Donkey Kong\n|\n|t:|1699998897\n|switch|p1a: OU Staple|Iron Valiant|100\/100|[from] U-turn\n|\n|upkeep\n|\n|t:|1699998900\n|switch|p2a: Ashlyn|Sneasler, F, shiny|100\/100\n|-enditem|p2a: Ashlyn|Grassy Seed\n|-boost|p2a: Ashlyn|def|1|[from] item: Grassy Seed\n|turn|5\n|\n|t:|1699998913\n|-terastallize|p1a: OU Staple|Steel\n|move|p2a: Ashlyn|Acrobatics|p1a: OU Staple\n|-resisted|p1a: OU Staple\n|-damage|p1a: OU Staple|75\/100\n|move|p1a: OU Staple|Moonblast|p2a: Ashlyn\n|-damage|p2a: Ashlyn|37\/100\n|\n|-heal|p2a: Ashlyn|43\/100|[from] Grassy Terrain\n|-heal|p1a: OU Staple|81\/100|[from] Grassy Terrain\n|-fieldend|move: Grassy Terrain\n|upkeep\n|turn|6\n|\n|t:|1699998925\n|-end|p1a: OU Staple|Quark Drive|[silent]\n|switch|p1a: Nuh-Uh|Alomomola, M|100\/100\n|move|p2a: Ashlyn|Close Combat|p1a: Nuh-Uh\n|-damage|p1a: Nuh-Uh|49\/100\n|-unboost|p2a: Ashlyn|def|1\n|-unboost|p2a: Ashlyn|spd|1\n|-enditem|p1a: Nuh-Uh|Red Card|[of] p2a: Ashlyn\n|drag|p2a: Firey|Heatran, M, shiny|100\/100\n|-item|p2a: Firey|Air Balloon\n|\n|upkeep\n|turn|7\n|\n|t:|1699998934\n|switch|p1a: Nee|Ogerpon-Wellspring, F|100\/100\n|move|p2a: Firey|Stealth Rock|p1a: Nee\n|-sidestart|p1: Mask3D_DDD|move: Stealth Rock\n|\n|upkeep\n|turn|8\n|\n|t:|1699998941\n|-terastallize|p2a: Firey|Grass\n|move|p1a: Nee|Ivy Cudgel|p2a: Firey|[anim] Ivy Cudgel Water\n|-resisted|p2a: Firey\n|-damage|p2a: Firey|77\/100\n|-enditem|p2a: Firey|Air Balloon\n|move|p2a: Firey|Magma Storm|p1a: Nee\n|-damage|p1a: Nee|50\/100\n|-activate|p1a: Nee|move: Magma Storm|[of] p2a: Firey\n|\n|-damage|p1a: Nee|37\/100|[from] move: Magma Storm|[partiallytrapped]\n|upkeep\n|turn|9\n|\n|t:|1699998951\n|move|p1a: Nee|Horn Leech|p2a: Firey\n|-resisted|p2a: Firey\n|-damage|p2a: Firey|58\/100\n|-heal|p1a: Nee|49\/100|[from] drain|[of] p2a: Firey\n|move|p2a: Firey|Magma Storm|p1a: Nee|[miss]\n|-miss|p2a: Firey|p1a: Nee\n|\n|-damage|p1a: Nee|37\/100|[from] move: Magma Storm|[partiallytrapped]\n|upkeep\n|turn|10\n|\n|t:|1699998959\n|move|p1a: Nee|Play Rough|p2a: Firey\n|-damage|p2a: Firey|26\/100\n|move|p2a: Firey|Will-O-Wisp|p1a: Nee\n|-status|p1a: Nee|brn\n|\n|-damage|p1a: Nee|31\/100 brn|[from] brn\n|-damage|p1a: Nee|19\/100 brn|[from] move: Magma Storm|[partiallytrapped]\n|upkeep\n|turn|11\n|\n|t:|1699998969\n|move|p1a: Nee|Play Rough|p2a: Firey\n|-damage|p2a: Firey|12\/100\n|move|p2a: Firey|Magma Storm|p1a: Nee\n|-damage|p1a: Nee|0 fnt\n|faint|p1a: Nee\n|\n|upkeep\n|\n|t:|1699998982\n|switch|p1a: Silly Dog|Landorus-Therian, M|55\/100\n|-damage|p1a: Silly Dog|43\/100|[from] Stealth Rock\n|-ability|p1a: Silly Dog|Intimidate|boost\n|-unboost|p2a: Firey|atk|1\n|turn|12\n|\n|t:|1699998985\n|move|p1a: Silly Dog|U-turn|p2a: Firey\n|-supereffective|p2a: Firey\n|-damage|p2a: Firey|0 fnt\n|faint|p2a: Firey\n|\n|t:|1699998987\n|switch|p1a: Nuh-Uh|Alomomola, M|82\/100|[from] U-turn\n|-damage|p1a: Nuh-Uh|70\/100|[from] Stealth Rock\n|\n|upkeep\n|\n|t:|1699998989\n|switch|p2a: Gangle|Ogerpon-Wellspring, F|100\/100\n|turn|13\n|\n|t:|1699998994\n|move|p2a: Gangle|Trailblaze|p1a: Nuh-Uh\n|-supereffective|p1a: Nuh-Uh\n|-damage|p1a: Nuh-Uh|22\/100\n|-boost|p2a: Gangle|spe|1\n|move|p1a: Nuh-Uh|Acrobatics|p2a: Gangle\n|-supereffective|p2a: Gangle\n|-damage|p2a: Gangle|45\/100\n|\n|upkeep\n|turn|14\n|\n|t:|1699999003\n|switch|p1a: Silly Dog|Landorus-Therian, M|43\/100\n|-damage|p1a: Silly Dog|31\/100|[from] Stealth Rock\n|-ability|p1a: Silly Dog|Intimidate|boost\n|-unboost|p2a: Gangle|atk|1\n|move|p2a: Gangle|Trailblaze|p1a: Silly Dog\n|-damage|p1a: Silly Dog|7\/100\n|-boost|p2a: Gangle|spe|1\n|\n|upkeep\n|turn|15\n|\n|t:|1699999010\n|switch|p1a: OU Staple|Iron Valiant, tera:Steel|81\/100\n|-damage|p1a: OU Staple|75\/100|[from] Stealth Rock\n|move|p2a: Gangle|Ivy Cudgel|p1a: OU Staple|[anim] Ivy Cudgel Water\n|-damage|p1a: OU Staple|26\/100\n|\n|upkeep\n|turn|16\n|\n|t:|1699999016\n|move|p2a: Gangle|Ivy Cudgel|p1a: OU Staple|[anim] Ivy Cudgel Water\n|-damage|p1a: OU Staple|0 fnt\n|faint|p1a: OU Staple\n|-end|p1a: OU Staple|Quark Drive|[silent]\n|\n|upkeep\n|-message|Mask3D_DDD forfeited.\n|\n|win|AubreyOmori1\n|raw|Mask3D_DDD's rating: 1228 &rarr; <strong>1206<\/strong><br \/>(-22 for losing)\n|raw|AubreyOmori1's rating: 1269 &rarr; <strong>1291<\/strong><br \/>(+22 for winning)\n|l|\u2606Mask3D_DDD\n","uploadtime":1699999022,"views":12,"p1id":"mask3dddd","p2id":"aubreyomori1","formatid":"gen9ou","rating":1206,"private":0,"password":""}