{"id":"gen9ou-1996495809","p1":"ajefne","p2":"pppwjd","format":"[Gen 9] OU","log":"|j|\u2606ajefne\n|j|\u2606pppwjd\n|t:|1700687622\n|gametype|singles\n|player|p1|ajefne|thorton|1358\n|player|p2|pppwjd|psychicf-gen4|1342\n|teamsize|p1|6\n|teamsize|p2|6\n|gen|9\n|tier|[Gen 9] OU\n|rated|\n|rule|Sleep Clause Mod: Limit one foe put to sleep\n|rule|Species Clause: Limit one of each Pok\u00e9mon\n|rule|OHKO Clause: OHKO moves are banned\n|rule|Evasion Items Clause: Evasion items are banned\n|rule|Evasion Moves Clause: Evasion moves are banned\n|rule|Endless Battle Clause: Forcing endless battles is banned\n|rule|HP Percentage Mod: HP is shown in percentages\n|clearpoke\n|poke|p1|Dragapult, M|\n|poke|p1|Munkidori, M|\n|poke|p1|Great Tusk|\n|poke|p1|Gholdengo|\n|poke|p1|Samurott-Hisui, F|\n|poke|p1|Zapdos|\n|poke|p2|Maushold|\n|poke|p2|Samurott-Hisui, M|\n|poke|p2|Kingambit, F|\n|poke|p2|Garganacl, F|\n|poke|p2|Amoonguss, M|\n|poke|p2|Weavile, F|\n|teampreview\n|inactive|Battle timer is ON: inactive players will automatically lose when time's up. (requested by pppwjd)\n|inactive|pppwjd has 120 seconds left.\n|\n|t:|1700687657\n|start\n|switch|p1a: dushane|Munkidori, M|100\/100\n|switch|p2a: Samurott|Samurott-Hisui, M, shiny|100\/100\n|turn|1\n|\n|t:|1700687679\n|move|p1a: dushane|U-turn|p2a: Samurott\n|-supereffective|p2a: Samurott\n|-damage|p2a: Samurott|75\/100\n|inactive|ajefne has 120 seconds left.\n|\n|t:|1700687696\n|switch|p1a: dris|Samurott-Hisui, F, shiny|100\/100|[from] U-turn\n|move|p2a: Samurott|Ceaseless Edge|p1a: dris\n|-resisted|p1a: dris\n|-damage|p1a: dris|73\/100\n|-sidestart|p1: ajefne|Spikes\n|\n|upkeep\n|turn|2\n|\n|t:|1700687706\n|switch|p2a: Amoonguss|Amoonguss, M, shiny|100\/100\n|move|p1a: dris|Sacred Sword|p2a: Amoonguss\n|-resisted|p2a: Amoonguss\n|-damage|p2a: Amoonguss|89\/100\n|-enditem|p2a: Amoonguss|Red Card|[of] p1a: dris\n|drag|p1a: rafe|Dragapult, M, shiny|100\/100\n|-damage|p1a: rafe|88\/100|[from] Spikes\n|\n|upkeep\n|turn|3\n|\n|t:|1700687715\n|move|p1a: rafe|U-turn|p2a: Amoonguss\n|-damage|p2a: Amoonguss|63\/100\n|\n|t:|1700687720\n|switch|p1a: modie|Zapdos, shiny|100\/100|[from] U-turn\n|move|p2a: Amoonguss|Foul Play|p1a: modie\n|-damage|p1a: modie|82\/100\n|\n|upkeep\n|turn|4\n|\n|t:|1700687726\n|switch|p2a: Garganacl|Garganacl, F|100\/100\n|move|p1a: modie|Hurricane|p2a: Garganacl|[miss]\n|-miss|p1a: modie|p2a: Garganacl\n|\n|upkeep\n|turn|5\n|\n|t:|1700687731\n|move|p1a: modie|Volt Switch|p2a: Garganacl\n|-damage|p2a: Garganacl|76\/100\n|\n|t:|1700687735\n|switch|p1a: sully|Gholdengo, shiny|100\/100|[from] Volt Switch\n|-damage|p1a: sully|88\/100|[from] Spikes\n|move|p2a: Garganacl|Salt Cure|p1a: sully\n|-resisted|p1a: sully\n|-damage|p1a: sully|82\/100\n|\n|-heal|p2a: Garganacl|82\/100|[from] item: Leftovers\n|upkeep\n|turn|6\n|\n|t:|1700687755\n|switch|p2a: Kingambit|Kingambit, F|100\/100\n|move|p1a: sully|Make It Rain|p2a: Kingambit\n|-resisted|p2a: Kingambit\n|-damage|p2a: Kingambit|66\/100\n|-unboost|p1a: sully|spa|1\n|\n|-heal|p2a: Kingambit|72\/100|[from] item: Leftovers\n|upkeep\n|turn|7\n|\n|t:|1700687764\n|switch|p1a: jamie|Great Tusk, shiny|100\/100\n|-damage|p1a: jamie|88\/100|[from] Spikes\n|move|p2a: Kingambit|Kowtow Cleave|p1a: jamie\n|-resisted|p1a: jamie\n|-damage|p1a: jamie|76\/100\n|\n|-heal|p1a: jamie|82\/100|[from] item: Leftovers\n|-heal|p2a: Kingambit|78\/100|[from] item: Leftovers\n|upkeep\n|turn|8\n|\n|t:|1700687776\n|-end|p2a: Kingambit|fallenundefined|[silent]\n|switch|p2a: Amoonguss|Amoonguss, M, shiny|97\/100\n|move|p1a: jamie|Earthquake|p2a: Amoonguss\n|-damage|p2a: Amoonguss|67\/100\n|\n|-heal|p1a: jamie|88\/100|[from] item: Leftovers\n|upkeep\n|turn|9\n|\n|t:|1700687784\n|-end|p1a: jamie|Protosynthesis|[silent]\n|switch|p1a: sully|Gholdengo, shiny|82\/100\n|-damage|p1a: sully|70\/100|[from] Spikes\n|move|p2a: Amoonguss|Spore|p1a: sully\n|-immune|p1a: sully|[from] ability: Good as Gold\n|\n|upkeep\n|turn|10\n|\n|t:|1700687802\n|move|p1a: sully|Nasty Plot|p1a: sully\n|-boost|p1a: sully|spa|2\n|move|p2a: Amoonguss|Foul Play|p1a: sully\n|-supereffective|p1a: sully\n|-damage|p1a: sully|54\/100\n|\n|upkeep\n|turn|11\n|\n|t:|1700687807\n|move|p1a: sully|Shadow Ball|p2a: Amoonguss\n|-damage|p2a: Amoonguss|0 fnt\n|faint|p2a: Amoonguss\n|\n|upkeep\n|\n|t:|1700687822\n|switch|p2a: Kingambit|Kingambit, F|78\/100\n|-activate|p2a: Kingambit|ability: Supreme Overlord\n|-start|p2a: Kingambit|fallen1|[silent]\n|turn|12\n|\n|t:|1700687828\n|-terastallize|p1a: sully|Flying\n|move|p2a: Kingambit|Sucker Punch|p1a: sully\n|-damage|p1a: sully|19\/100\n|move|p1a: sully|Make It Rain|p2a: Kingambit\n|-resisted|p2a: Kingambit\n|-damage|p2a: Kingambit|14\/100\n|-unboost|p1a: sully|spa|1\n|\n|-heal|p2a: Kingambit|20\/100|[from] item: Leftovers\n|upkeep\n|turn|13\n|\n|t:|1700687836\n|move|p2a: Kingambit|Sucker Punch||[still]\n|-fail|p2a: Kingambit\n|move|p1a: sully|Recover|p1a: sully\n|-heal|p1a: sully|69\/100\n|\n|-heal|p2a: Kingambit|26\/100|[from] item: Leftovers\n|upkeep\n|turn|14\n|\n|t:|1700687843\n|-end|p2a: Kingambit|fallen1|[silent]\n|switch|p2a: Maushold|Maushold|100\/100\n|move|p1a: sully|Shadow Ball|p2a: Maushold\n|-immune|p2a: Maushold\n|\n|upkeep\n|turn|15\n|\n|t:|1700687848\n|move|p2a: Maushold|Encore|p1a: sully\n|-immune|p1a: sully|[from] ability: Good as Gold\n|move|p1a: sully|Make It Rain|p2a: Maushold\n|-damage|p2a: Maushold|0 fnt\n|-unboost|p1a: sully|spa|1\n|faint|p2a: Maushold\n|\n|upkeep\n|\n|t:|1700687854\n|switch|p2a: Weavile|Weavile, F|100\/100\n|-ability|p2a: Weavile|Pressure\n|turn|16\n|\n|t:|1700687862\n|switch|p1a: dris|Samurott-Hisui, F, shiny|73\/100\n|-damage|p1a: dris|60\/100|[from] Spikes\n|-terastallize|p2a: Weavile|Ice\n|move|p2a: Weavile|Ice Shard|p1a: dris\n|-resisted|p1a: dris\n|-damage|p1a: dris|47\/100\n|\n|upkeep\n|turn|17\n|\n|t:|1700687882\n|switch|p2a: Samurott|Samurott-Hisui, M, shiny|75\/100\n|move|p1a: dris|Sacred Sword|p2a: Samurott\n|-supereffective|p2a: Samurott\n|-damage|p2a: Samurott|0 fnt\n|faint|p2a: Samurott\n|\n|upkeep\n|\n|t:|1700687889\n|switch|p2a: Garganacl|Garganacl, F|82\/100\n|turn|18\n|\n|t:|1700687893\n|move|p1a: dris|Razor Shell|p2a: Garganacl\n|-supereffective|p2a: Garganacl\n|-damage|p2a: Garganacl|21\/100\n|-unboost|p2a: Garganacl|def|1\n|move|p2a: Garganacl|Body Press|p1a: dris\n|-supereffective|p1a: dris\n|-damage|p1a: dris|14\/100\n|\n|-heal|p2a: Garganacl|27\/100|[from] item: Leftovers\n|upkeep\n|turn|19\n|\n|t:|1700687899\n|move|p1a: dris|Aqua Jet|p2a: Garganacl\n|-supereffective|p2a: Garganacl\n|-damage|p2a: Garganacl|0 fnt\n|faint|p2a: Garganacl\n|\n|upkeep\n|\n|t:|1700687910\n|switch|p2a: Weavile|Weavile, F, tera:Ice|100\/100\n|-ability|p2a: Weavile|Pressure\n|turn|20\n|\n|t:|1700687936\n|move|p2a: Weavile|Ice Shard|p1a: dris\n|-resisted|p1a: dris\n|-damage|p1a: dris|0 fnt\n|faint|p1a: dris\n|\n|upkeep\n|\n|t:|1700687942\n|switch|p1a: dushane|Munkidori, M|100\/100\n|turn|21\n|\n|t:|1700687949\n|switch|p2a: Kingambit|Kingambit, F|26\/100\n|-activate|p2a: Kingambit|ability: Supreme Overlord\n|-start|p2a: Kingambit|fallen4|[silent]\n|move|p1a: dushane|Focus Blast|p2a: Kingambit\n|-supereffective|p2a: Kingambit\n|-damage|p2a: Kingambit|0 fnt\n|faint|p2a: Kingambit\n|-end|p2a: Kingambit|fallen4|[silent]\n|\n|upkeep\n|\n|t:|1700687951\n|switch|p2a: Weavile|Weavile, F, tera:Ice|100\/100\n|-ability|p2a: Weavile|Pressure\n|turn|22\n|\n|t:|1700687965\n|switch|p1a: modie|Zapdos, shiny|82\/100\n|move|p2a: Weavile|Knock Off|p1a: modie\n|-damage|p1a: modie|24\/100\n|-enditem|p1a: modie|Heavy-Duty Boots|[from] move: Knock Off|[of] p2a: Weavile\n|\n|upkeep\n|turn|23\n|\n|t:|1700687978\n|move|p2a: Weavile|Swords Dance|p2a: Weavile\n|-boost|p2a: Weavile|atk|2\n|move|p1a: modie|Hurricane|p2a: Weavile|[miss]\n|-miss|p1a: modie|p2a: Weavile\n|\n|upkeep\n|turn|24\n|\n|t:|1700687983\n|move|p2a: Weavile|Ice Spinner|p1a: modie\n|-supereffective|p1a: modie\n|-damage|p1a: modie|0 fnt\n|faint|p1a: modie\n|\n|upkeep\n|\n|t:|1700687996\n|switch|p1a: sully|Gholdengo, shiny, tera:Flying|69\/100\n|turn|25\n|\n|t:|1700688003\n|move|p2a: Weavile|Ice Spinner|p1a: sully\n|-supereffective|p1a: sully\n|-damage|p1a: sully|0 fnt\n|faint|p1a: sully\n|\n|upkeep\n|\n|t:|1700688010\n|switch|p1a: rafe|Dragapult, M, shiny|88\/100\n|-damage|p1a: rafe|76\/100|[from] Spikes\n|turn|26\n|\n|t:|1700688021\n|move|p2a: Weavile|Ice Shard|p1a: rafe\n|-supereffective|p1a: rafe\n|-damage|p1a: rafe|0 fnt\n|faint|p1a: rafe\n|\n|upkeep\n|\n|t:|1700688029\n|switch|p1a: dushane|Munkidori, M|100\/100\n|turn|27\n|\n|t:|1700688036\n|move|p2a: Weavile|Knock Off|p1a: dushane\n|-supereffective|p1a: dushane\n|-damage|p1a: dushane|0 fnt\n|-enditem|p1a: dushane|Heavy-Duty Boots|[from] move: Knock Off|[of] p2a: Weavile\n|faint|p1a: dushane\n|\n|upkeep\n|\n|t:|1700688039\n|switch|p1a: jamie|Great Tusk, shiny|88\/100\n|-damage|p1a: jamie|76\/100|[from] Spikes\n|turn|28\n|\n|t:|1700688046\n|move|p2a: Weavile|Ice Spinner|p1a: jamie\n|-supereffective|p1a: jamie\n|-damage|p1a: jamie|0 fnt\n|faint|p1a: jamie\n|-end|p1a: jamie|Protosynthesis|[silent]\n|\n|win|pppwjd\n|raw|ajefne's rating: 1358 &rarr; <strong>1337<\/strong><br \/>(-21 for losing)\n|raw|pppwjd's rating: 1342 &rarr; <strong>1363<\/strong><br \/>(+21 for winning)\n|l|\u2606ajefne\n","uploadtime":1700688053,"views":16,"p1id":"ajefne","p2id":"pppwjd","formatid":"gen9ou","rating":1337,"private":0,"password":""}