{"id":"gen9ou-1988302094","p1":"Fanus","p2":"Neon_0512","format":"[Gen 9] OU","log":"|j|\u2606Fanus\n|j|\u2606Neon_0512\n|t:|1699704868\n|gametype|singles\n|player|p1|Fanus|medium|1321\n|player|p2|Neon_0512|102|1351\n|teamsize|p1|6\n|teamsize|p2|6\n|gen|9\n|tier|[Gen 9] OU\n|rated|\n|rule|Sleep Clause Mod: Limit one foe put to sleep\n|rule|Species Clause: Limit one of each Pok\u00e9mon\n|rule|OHKO Clause: OHKO moves are banned\n|rule|Evasion Items Clause: Evasion items are banned\n|rule|Evasion Moves Clause: Evasion moves are banned\n|rule|Endless Battle Clause: Forcing endless battles is banned\n|rule|HP Percentage Mod: HP is shown in percentages\n|clearpoke\n|poke|p1|Torkoal, F|\n|poke|p1|Typhlosion, M|\n|poke|p1|Hatterene, F|\n|poke|p1|Great Tusk|\n|poke|p1|Amoonguss, F|\n|poke|p1|Ceruledge, F|\n|poke|p2|Gliscor, F|\n|poke|p2|Gholdengo|\n|poke|p2|Ogerpon-Wellspring, F|\n|poke|p2|Cinderace, F|\n|poke|p2|Enamorus, F|\n|poke|p2|Blissey, F|\n|teampreview\n|j| ogkbee\n|\n|t:|1699704898\n|start\n|switch|p1a: Amoonguss|Amoonguss, F|100\/100\n|switch|p2a: Gliscor|Gliscor, F|100\/100\n|turn|1\n|inactive|Battle timer is ON: inactive players will automatically lose when time's up. (requested by Neon_0512)\n|\n|t:|1699704909\n|move|p2a: Gliscor|Protect|p2a: Gliscor\n|-singleturn|p2a: Gliscor|Protect\n|move|p1a: Amoonguss|Spore|p2a: Gliscor\n|-activate|p2a: Gliscor|move: Protect\n|\n|-status|p2a: Gliscor|tox|[from] item: Toxic Orb\n|upkeep\n|turn|2\n|\n|t:|1699704919\n|switch|p2a: Gholdengo|Gholdengo|100\/100\n|-item|p2a: Gholdengo|Air Balloon\n|switch|p1a: Torkoal|Torkoal, F|100\/100\n|-weather|SunnyDay|[from] ability: Drought|[of] p1a: Torkoal\n|\n|-weather|SunnyDay|[upkeep]\n|upkeep\n|turn|3\n|\n|t:|1699704938\n|switch|p2a: Ogerpon|Ogerpon-Wellspring, F|100\/100\n|move|p1a: Torkoal|Stealth Rock|p2a: Ogerpon\n|-sidestart|p2: Neon_0512|move: Stealth Rock\n|\n|-weather|SunnyDay|[upkeep]\n|upkeep\n|turn|4\n|\n|t:|1699704953\n|move|p2a: Ogerpon|Swords Dance|p2a: Ogerpon\n|-boost|p2a: Ogerpon|atk|2\n|move|p1a: Torkoal|Yawn|p2a: Ogerpon\n|-start|p2a: Ogerpon|move: Yawn|[of] p1a: Torkoal\n|\n|-weather|SunnyDay|[upkeep]\n|upkeep\n|turn|5\n|\n|t:|1699704962\n|move|p2a: Ogerpon|Ivy Cudgel|p1a: Torkoal\n|-supereffective|p1a: Torkoal\n|-damage|p1a: Torkoal|34\/100\n|move|p1a: Torkoal|Lava Plume|p2a: Ogerpon\n|-damage|p2a: Ogerpon|58\/100\n|\n|-weather|SunnyDay|[upkeep]\n|-end|p2a: Ogerpon|move: Yawn|[silent]\n|-status|p2a: Ogerpon|slp\n|upkeep\n|turn|6\n|\n|t:|1699704972\n|switch|p1a: Typhlosion|Typhlosion, M|100\/100\n|cant|p2a: Ogerpon|slp\n|\n|-weather|SunnyDay|[upkeep]\n|upkeep\n|turn|7\n|\n|t:|1699704981\n|-terastallize|p1a: Typhlosion|Fire\n|move|p1a: Typhlosion|Eruption|p2a: Ogerpon\n|-damage|p2a: Ogerpon|0 fnt\n|faint|p2a: Ogerpon\n|\n|-weather|SunnyDay|[upkeep]\n|upkeep\n|\n|t:|1699704989\n|switch|p2a: Gliscor|Gliscor, F|100\/100 tox\n|-damage|p2a: Gliscor|88\/100 tox|[from] Stealth Rock\n|turn|8\n|\n|t:|1699704994\n|switch|p1a: Amoonguss|Amoonguss, F|100\/100\n|move|p2a: Gliscor|Earthquake|p1a: Amoonguss\n|-damage|p1a: Amoonguss|76\/100\n|-enditem|p1a: Amoonguss|Eject Button\n|\n|t:|1699705002\n|switch|p1a: Typhlosion|Typhlosion, M, tera:Fire|100\/100\n|\n|-weather|SunnyDay|[upkeep]\n|-heal|p2a: Gliscor|100\/100 tox|[from] ability: Poison Heal\n|upkeep\n|turn|9\n|\n|t:|1699705015\n|move|p1a: Typhlosion|Eruption|p2a: Gliscor\n|-damage|p2a: Gliscor|0 fnt\n|faint|p2a: Gliscor\n|\n|-weather|none\n|upkeep\n|\n|t:|1699705039\n|switch|p2a: Enamorus|Enamorus, F|100\/100\n|-damage|p2a: Enamorus|76\/100|[from] Stealth Rock\n|turn|10\n|\n|t:|1699705055\n|switch|p1a: Amoonguss|Amoonguss, F|100\/100\n|move|p2a: Enamorus|Earth Power|p1a: Amoonguss\n|-damage|p1a: Amoonguss|74\/100\n|\n|upkeep\n|turn|11\n|\n|t:|1699705062\n|switch|p2a: Blissey|Blissey, F|100\/100\n|move|p1a: Amoonguss|Sludge Bomb|p2a: Blissey\n|-crit|p2a: Blissey\n|-damage|p2a: Blissey|88\/100\n|\n|upkeep\n|turn|12\n|\n|t:|1699705071\n|move|p2a: Blissey|Thunder Wave|p1a: Amoonguss|[miss]\n|-miss|p2a: Blissey|p1a: Amoonguss\n|move|p1a: Amoonguss|Spore|p2a: Blissey\n|-status|p2a: Blissey|slp|[from] move: Spore\n|\n|upkeep\n|turn|13\n|\n|t:|1699705080\n|-curestatus|p2a: Blissey|slp|[from] ability: Natural Cure\n|switch|p2a: Gholdengo|Gholdengo|100\/100\n|-damage|p2a: Gholdengo|94\/100|[from] Stealth Rock\n|-item|p2a: Gholdengo|Air Balloon\n|switch|p1a: Ceruledge|Ceruledge, F|100\/100\n|\n|upkeep\n|turn|14\n|\n|t:|1699705097\n|move|p1a: Ceruledge|Swords Dance|p1a: Ceruledge\n|-boost|p1a: Ceruledge|atk|2\n|move|p2a: Gholdengo|Shadow Ball|p1a: Ceruledge\n|-supereffective|p1a: Ceruledge\n|-damage|p1a: Ceruledge|18\/100\n|\n|upkeep\n|turn|15\n|\n|t:|1699705106\n|move|p1a: Ceruledge|Bitter Blade|p2a: Gholdengo\n|-supereffective|p2a: Gholdengo\n|-damage|p2a: Gholdengo|0 fnt\n|-heal|p1a: Ceruledge|79\/100|[from] drain|[of] p2a: Gholdengo\n|-enditem|p2a: Gholdengo|Air Balloon\n|faint|p2a: Gholdengo\n|\n|upkeep\n|\n|t:|1699705110\n|switch|p2a: Enamorus|Enamorus, F|76\/100\n|-damage|p2a: Enamorus|51\/100|[from] Stealth Rock\n|turn|16\n|\n|t:|1699705118\n|-terastallize|p2a: Enamorus|Fairy\n|move|p1a: Ceruledge|Shadow Sneak|p2a: Enamorus\n|-damage|p2a: Enamorus|0 fnt\n|faint|p2a: Enamorus\n|\n|upkeep\n|inactive|Neon_0512 has 120 seconds left.\n|inactive|Neon_0512 has 90 seconds left.\n|inactive|Neon_0512 has 60 seconds left.\n|inactive|Neon_0512 has 30 seconds left.\n|inactive|Neon_0512 has 20 seconds left.\n|inactive|Neon_0512 has 15 seconds left.\n|inactive|Neon_0512 has 10 seconds left.\n|inactive|Neon_0512 has 5 seconds left.\n|-message|Neon_0512 lost due to inactivity.\n|\n|win|Fanus\n|raw|Fanus's rating: 1321 &rarr; <strong>1343<\/strong><br \/>(+22 for winning)\n|raw|Neon_0512's rating: 1351 &rarr; <strong>1329<\/strong><br \/>(-22 for losing)\n","uploadtime":1699705428,"views":28,"p1id":"fanus","p2id":"neon0512","formatid":"gen9ou","rating":1329,"private":0,"password":""}