{"id":"gen9ou-1992201553","p1":"Mantis God is Op","p2":"misc1234","format":"[Gen 9] OU","log":"|j|\u2606Mantis God is Op\n|j|\u2606misc1234\n|t:|1700163422\n|gametype|singles\n|player|p1|Mantis God is Op|dagero|1369\n|player|p2|misc1234|beauty-masters|1301\n|teamsize|p1|6\n|teamsize|p2|6\n|gen|9\n|tier|[Gen 9] OU\n|rated|\n|rule|Sleep Clause Mod: Limit one foe put to sleep\n|rule|Species Clause: Limit one of each Pok\u00e9mon\n|rule|OHKO Clause: OHKO moves are banned\n|rule|Evasion Items Clause: Evasion items are banned\n|rule|Evasion Moves Clause: Evasion moves are banned\n|rule|Endless Battle Clause: Forcing endless battles is banned\n|rule|HP Percentage Mod: HP is shown in percentages\n|clearpoke\n|poke|p1|Mamoswine, F|\n|poke|p1|Cinderace, F|\n|poke|p1|Gholdengo|\n|poke|p1|Samurott-Hisui, F|\n|poke|p1|Rillaboom, F|\n|poke|p1|Iron Valiant|\n|poke|p2|Kingambit, F|\n|poke|p2|Samurott-Hisui, M|\n|poke|p2|Iron Valiant|\n|poke|p2|Great Tusk|\n|poke|p2|Iron Moth|\n|poke|p2|Ribombee, M|\n|teampreview\n|inactive|Battle timer is ON: inactive players will automatically lose when time's up. (requested by misc1234)\n|c|\u2606Mantis God is Op|gl hf\n|\n|t:|1700163441\n|start\n|switch|p1a: Mamoswine|Mamoswine, F|100\/100\n|switch|p2a: Rib on B|Ribombee, M|100\/100\n|turn|1\n|\n|t:|1700163455\n|move|p2a: Rib on B|Sticky Web|p1a: Mamoswine\n|-sidestart|p1: Mantis God is Op|move: Sticky Web\n|move|p1a: Mamoswine|Rock Blast|p2a: Rib on B|[miss]\n|-miss|p1a: Mamoswine|p2a: Rib on B\n|\n|upkeep\n|turn|2\n|\n|t:|1700163460\n|move|p2a: Rib on B|Moonblast|p1a: Mamoswine\n|-damage|p1a: Mamoswine|45\/100\n|move|p1a: Mamoswine|Rock Blast|p2a: Rib on B\n|-supereffective|p2a: Rib on B\n|-damage|p2a: Rib on B|63\/100\n|-supereffective|p2a: Rib on B\n|-damage|p2a: Rib on B|29\/100\n|-supereffective|p2a: Rib on B\n|-damage|p2a: Rib on B|0 fnt\n|faint|p2a: Rib on B\n|-hitcount|p2: Rib on B|3\n|\n|upkeep\n|\n|t:|1700163471\n|switch|p2a: Orson|Samurott-Hisui, M|100\/100\n|turn|3\n|\n|t:|1700163475\n|move|p2a: Orson|Ceaseless Edge|p1a: Mamoswine\n|-damage|p1a: Mamoswine|0 fnt\n|-sidestart|p1: Mantis God is Op|Spikes\n|faint|p1a: Mamoswine\n|-damage|p2a: Orson|91\/100|[from] item: Life Orb\n|\n|upkeep\n|\n|t:|1700163481\n|switch|p1a: Rillaboom|Rillaboom, F|100\/100\n|-activate|p1a: Rillaboom|move: Sticky Web\n|-unboost|p1a: Rillaboom|spe|1\n|-damage|p1a: Rillaboom|88\/100|[from] Spikes\n|-fieldstart|move: Grassy Terrain|[from] ability: Grassy Surge|[of] p1a: Rillaboom\n|turn|4\n|\n|t:|1700163507\n|move|p2a: Orson|Ceaseless Edge|p1a: Rillaboom\n|-damage|p1a: Rillaboom|25\/100\n|-sidestart|p1: Mantis God is Op|Spikes\n|-damage|p2a: Orson|81\/100|[from] item: Life Orb\n|move|p1a: Rillaboom|U-turn|p2a: Orson\n|-supereffective|p2a: Orson\n|-crit|p2a: Orson\n|-damage|p2a: Orson|0 fnt\n|faint|p2a: Orson\n|\n|t:|1700163515\n|switch|p1a: Cinderace|Cinderace, F|100\/100|[from] U-turn\n|-activate|p1a: Cinderace|move: Sticky Web\n|-unboost|p1a: Cinderace|spe|1\n|-damage|p1a: Cinderace|84\/100|[from] Spikes\n|\n|-heal|p1a: Cinderace|90\/100|[from] Grassy Terrain\n|upkeep\n|inactive|misc1234 has 120 seconds left.\n|\n|t:|1700163533\n|switch|p2a: Goraya|Great Tusk|100\/100\n|turn|5\n|\n|t:|1700163541\n|-terastallize|p1a: Cinderace|Flying\n|move|p2a: Goraya|Earthquake|p1a: Cinderace\n|-immune|p1a: Cinderace\n|move|p1a: Cinderace|Court Change|p1a: Cinderace\n|-swapsideconditions\n|-activate|p1a: Cinderace|move: Court Change\n|\n|upkeep\n|turn|6\n|\n|t:|1700163561\n|switch|p1a: Iron Valiant|Iron Valiant|100\/100\n|-enditem|p1a: Iron Valiant|Booster Energy\n|-activate|p1a: Iron Valiant|ability: Quark Drive|[fromitem]\n|-start|p1a: Iron Valiant|quarkdrivespe\n|move|p2a: Goraya|Knock Off|p1a: Iron Valiant\n|-resisted|p1a: Iron Valiant\n|-damage|p1a: Iron Valiant|94\/100\n|\n|-heal|p1a: Iron Valiant|100\/100|[from] Grassy Terrain\n|upkeep\n|turn|7\n|\n|t:|1700163569\n|move|p1a: Iron Valiant|Moonblast|p2a: Goraya\n|-supereffective|p2a: Goraya\n|-damage|p2a: Goraya|0 fnt\n|faint|p2a: Goraya\n|-end|p2a: Goraya|Protosynthesis|[silent]\n|\n|upkeep\n|\n|t:|1700163574\n|switch|p2a: Illari|Iron Moth|100\/100\n|turn|8\n|\n|t:|1700163578\n|move|p1a: Iron Valiant|Psychic|p2a: Illari\n|-supereffective|p2a: Illari\n|-damage|p2a: Illari|38\/100\n|-unboost|p2a: Illari|spd|1\n|move|p2a: Illari|Sludge Wave|p1a: Iron Valiant\n|-supereffective|p1a: Iron Valiant\n|-damage|p1a: Iron Valiant|0 fnt\n|faint|p1a: Iron Valiant\n|-end|p1a: Iron Valiant|Quark Drive|[silent]\n|\n|-heal|p2a: Illari|44\/100|[from] Grassy Terrain\n|-fieldend|move: Grassy Terrain\n|upkeep\n|\n|t:|1700163589\n|switch|p1a: Samurott|Samurott-Hisui, F|100\/100\n|turn|9\n|\n|t:|1700163595\n|-end|p2a: Illari|Quark Drive|[silent]\n|switch|p2a: Moira|Iron Valiant|100\/100\n|move|p1a: Samurott|Sucker Punch||[still]\n|-fail|p1a: Samurott\n|\n|upkeep\n|turn|10\n|\n|t:|1700163601\n|move|p2a: Moira|Moonblast|p1a: Samurott\n|-supereffective|p1a: Samurott\n|-damage|p1a: Samurott|6\/100\n|-unboost|p1a: Samurott|spa|1\n|move|p1a: Samurott|Razor Shell|p2a: Moira\n|-damage|p2a: Moira|33\/100\n|-unboost|p2a: Moira|def|1\n|\n|upkeep\n|turn|11\n|\n|t:|1700163611\n|move|p1a: Samurott|Sucker Punch||[still]\n|-fail|p1a: Samurott\n|move|p2a: Moira|Destiny Bond|p2a: Moira\n|-singlemove|p2a: Moira|Destiny Bond\n|\n|upkeep\n|turn|12\n|\n|t:|1700163617\n|move|p1a: Samurott|Sucker Punch|p2a: Moira\n|-resisted|p2a: Moira\n|-damage|p2a: Moira|16\/100\n|move|p2a: Moira|Moonblast|p1a: Samurott\n|-supereffective|p1a: Samurott\n|-damage|p1a: Samurott|0 fnt\n|faint|p1a: Samurott\n|\n|upkeep\n|\n|t:|1700163621\n|switch|p1a: Rillaboom|Rillaboom, F|25\/100\n|-fieldstart|move: Grassy Terrain|[from] ability: Grassy Surge|[of] p1a: Rillaboom\n|turn|13\n|\n|t:|1700163627\n|move|p1a: Rillaboom|Grassy Glide|p2a: Moira\n|-damage|p2a: Moira|0 fnt\n|faint|p2a: Moira\n|-end|p2a: Moira|Quark Drive|[silent]\n|\n|-heal|p1a: Rillaboom|32\/100|[from] Grassy Terrain\n|upkeep\n|\n|t:|1700163633\n|switch|p2a: Sheena|Kingambit, F|100\/100\n|-activate|p2a: Sheena|move: Sticky Web\n|-unboost|p2a: Sheena|spe|1\n|-damage|p2a: Sheena|84\/100|[from] Spikes\n|-activate|p2a: Sheena|ability: Supreme Overlord\n|-start|p2a: Sheena|fallen4|[silent]\n|turn|14\n|\n|t:|1700163646\n|switch|p1a: Cinderace|Cinderace, F, tera:Flying|90\/100\n|-terastallize|p2a: Sheena|Flying\n|move|p2a: Sheena|Swords Dance|p2a: Sheena\n|-boost|p2a: Sheena|atk|2\n|\n|-heal|p2a: Sheena|90\/100|[from] item: Leftovers\n|upkeep\n|turn|15\n|\n|t:|1700163655\n|move|p1a: Cinderace|Pyro Ball|p2a: Sheena\n|-damage|p2a: Sheena|59\/100\n|-status|p2a: Sheena|brn\n|move|p2a: Sheena|Iron Head|p1a: Cinderace\n|-damage|p1a: Cinderace|16\/100\n|\n|-heal|p2a: Sheena|65\/100 brn|[from] item: Leftovers\n|-damage|p2a: Sheena|59\/100 brn|[from] brn\n|upkeep\n|turn|16\n|\n|t:|1700163664\n|move|p1a: Cinderace|Pyro Ball|p2a: Sheena\n|-damage|p2a: Sheena|29\/100 brn\n|move|p2a: Sheena|Iron Head|p1a: Cinderace\n|-damage|p1a: Cinderace|0 fnt\n|faint|p1a: Cinderace\n|\n|-heal|p2a: Sheena|35\/100 brn|[from] item: Leftovers\n|-damage|p2a: Sheena|29\/100 brn|[from] brn\n|upkeep\n|\n|t:|1700163668\n|switch|p1a: Rillaboom|Rillaboom, F|32\/100\n|turn|17\n|\n|t:|1700163675\n|move|p1a: Rillaboom|Knock Off|p2a: Sheena\n|-damage|p2a: Sheena|2\/100 brn\n|-enditem|p2a: Sheena|Leftovers|[from] move: Knock Off|[of] p1a: Rillaboom\n|move|p2a: Sheena|Iron Head|p1a: Rillaboom\n|-damage|p1a: Rillaboom|0 fnt\n|faint|p1a: Rillaboom\n|\n|-damage|p2a: Sheena|0 fnt|[from] brn\n|faint|p2a: Sheena\n|-end|p2a: Sheena|fallen4|[silent]\n|-fieldend|move: Grassy Terrain\n|upkeep\n|\n|t:|1700163685\n|switch|p1a: Gholdengo|Gholdengo|100\/100\n|switch|p2a: Illari|Iron Moth|44\/100\n|-item|p1a: Gholdengo|Air Balloon\n|turn|18\n|\n|t:|1700163694\n|move|p2a: Illari|Fiery Dance|p1a: Gholdengo\n|-supereffective|p1a: Gholdengo\n|-damage|p1a: Gholdengo|5\/100\n|-boost|p2a: Illari|spa|1\n|-enditem|p1a: Gholdengo|Air Balloon\n|move|p1a: Gholdengo|Shadow Ball|p2a: Illari\n|-damage|p2a: Illari|0 fnt\n|faint|p2a: Illari\n|-end|p2a: Illari|Quark Drive|[silent]\n|\n|win|Mantis God is Op\n|raw|Mantis God is Op's rating: 1369 &rarr; <strong>1385<\/strong><br \/>(+16 for winning)\n|raw|misc1234's rating: 1301 &rarr; <strong>1285<\/strong><br \/>(-16 for losing)\n|c|\u2606Mantis God is Op|gg wp\n|l|\u2606misc1234\n","uploadtime":1700163712,"views":7,"p1id":"mantisgodisop","p2id":"misc1234","formatid":"gen9ou","rating":1285,"private":0,"password":""}