{"id":"gen9ou-1997042447","p1":"bobmann88","p2":"PeterGriffinOnline","format":"[Gen 9] OU","log":"|j|\u2606bobmann88\n|j|\u2606PeterGriffinOnline\n|t:|1700758696\n|gametype|singles\n|player|p1|bobmann88|266|1169\n|player|p2|PeterGriffinOnline|crasherwake|1243\n|teamsize|p1|6\n|teamsize|p2|6\n|gen|9\n|tier|[Gen 9] OU\n|rated|\n|rule|Sleep Clause Mod: Limit one foe put to sleep\n|rule|Species Clause: Limit one of each Pok\u00e9mon\n|rule|OHKO Clause: OHKO moves are banned\n|rule|Evasion Items Clause: Evasion items are banned\n|rule|Evasion Moves Clause: Evasion moves are banned\n|rule|Endless Battle Clause: Forcing endless battles is banned\n|rule|HP Percentage Mod: HP is shown in percentages\n|clearpoke\n|poke|p1|Toxapex, M|\n|poke|p1|Great Tusk|\n|poke|p1|Iron Valiant|\n|poke|p1|Hatterene, F|\n|poke|p1|Heatran, M|\n|poke|p1|Samurott-Hisui, M|\n|poke|p2|Kingambit, M|\n|poke|p2|Cinderace, F|\n|poke|p2|Slowking-Galar, F|\n|poke|p2|Greninja-*, M|\n|poke|p2|Ribombee, M|\n|poke|p2|Garchomp, M|\n|teampreview\n|\n|t:|1700758701\n|start\n|switch|p1a: Samurott|Samurott-Hisui, M|100\/100\n|switch|p2a: Slowking|Slowking-Galar, F|100\/100\n|turn|1\n|inactive|Battle timer is ON: inactive players will automatically lose when time's up. (requested by bobmann88)\n|\n|t:|1700758715\n|move|p1a: Samurott|Ceaseless Edge|p2a: Slowking|[miss]\n|-miss|p1a: Samurott|p2a: Slowking\n|move|p2a: Slowking|Sludge Bomb|p1a: Samurott\n|-damage|p1a: Samurott|38\/100\n|\n|upkeep\n|turn|2\n|\n|t:|1700758720\n|move|p1a: Samurott|Ceaseless Edge|p2a: Slowking\n|-supereffective|p2a: Slowking\n|-damage|p2a: Slowking|0 fnt\n|-sidestart|p2: PeterGriffinOnline|Spikes\n|faint|p2a: Slowking\n|\n|upkeep\n|\n|t:|1700758725\n|switch|p2a: Cinderace|Cinderace, F|100\/100\n|turn|3\n|\n|t:|1700758732\n|move|p2a: Cinderace|Will-O-Wisp|p1a: Samurott\n|-status|p1a: Samurott|brn\n|move|p1a: Samurott|Ceaseless Edge|p2a: Cinderace\n|-damage|p2a: Cinderace|71\/100\n|-sidestart|p2: PeterGriffinOnline|Spikes\n|\n|-damage|p1a: Samurott|32\/100 brn|[from] brn\n|upkeep\n|turn|4\n|\n|t:|1700758745\n|move|p1a: Samurott|Aqua Jet|p2a: Cinderace\n|-supereffective|p2a: Cinderace\n|-damage|p2a: Cinderace|48\/100\n|move|p2a: Cinderace|U-turn|p1a: Samurott\n|-supereffective|p1a: Samurott\n|-damage|p1a: Samurott|0 fnt\n|faint|p1a: Samurott\n|\n|t:|1700758754\n|switch|p2a: Greninja|Greninja, M|100\/100|[from] U-turn\n|-damage|p2a: Greninja|84\/100|[from] Spikes\n|\n|upkeep\n|\n|t:|1700758766\n|switch|p1a: Hatterene|Hatterene, F|100\/100\n|turn|5\n|\n|t:|1700758774\n|switch|p2a: Cinderace|Cinderace, F|48\/100\n|move|p1a: Hatterene|Nuzzle|p2a: Cinderace\n|-damage|p2a: Cinderace|43\/100\n|-status|p2a: Cinderace|par\n|\n|upkeep\n|turn|6\n|\n|t:|1700758783\n|switch|p1a: Great Tusk|Great Tusk|100\/100\n|move|p2a: Cinderace|Court Change|p2a: Cinderace\n|-swapsideconditions\n|-activate|p2a: Cinderace|move: Court Change\n|\n|upkeep\n|turn|7\n|\n|t:|1700758792\n|move|p1a: Great Tusk|Rapid Spin|p2a: Cinderace\n|-damage|p2a: Cinderace|20\/100 par\n|-boost|p1a: Great Tusk|spe|1\n|-sideend|p1: bobmann88|Spikes|[from] move: Rapid Spin|[of] p1a: Great Tusk\n|move|p2a: Cinderace|Will-O-Wisp|p1a: Great Tusk\n|-status|p1a: Great Tusk|brn\n|\n|-damage|p1a: Great Tusk|94\/100 brn|[from] brn\n|upkeep\n|turn|8\n|\n|t:|1700758809\n|move|p1a: Great Tusk|Knock Off|p2a: Cinderace\n|-damage|p2a: Cinderace|0 fnt\n|-enditem|p2a: Cinderace|Heavy-Duty Boots|[from] move: Knock Off|[of] p1a: Great Tusk\n|faint|p2a: Cinderace\n|\n|-damage|p1a: Great Tusk|88\/100 brn|[from] brn\n|upkeep\n|inactive|PeterGriffinOnline has 120 seconds left.\n|\n|t:|1700758832\n|switch|p2a: Ribombee|Ribombee, M|100\/100\n|turn|9\n|\n|t:|1700758840\n|move|p1a: Great Tusk|Headlong Rush|p2a: Ribombee\n|-resisted|p2a: Ribombee\n|-damage|p2a: Ribombee|72\/100\n|-unboost|p1a: Great Tusk|def|1\n|-unboost|p1a: Great Tusk|spd|1\n|move|p2a: Ribombee|Moonblast|p1a: Great Tusk\n|-supereffective|p1a: Great Tusk\n|-damage|p1a: Great Tusk|0 fnt\n|faint|p1a: Great Tusk\n|-end|p1a: Great Tusk|Protosynthesis|[silent]\n|\n|upkeep\n|\n|t:|1700758850\n|switch|p1a: Hatterene|Hatterene, F|100\/100\n|turn|10\n|\n|t:|1700758858\n|move|p2a: Ribombee|Skill Swap|p1a: Hatterene\n|-activate|p2a: Ribombee|move: Skill Swap|Magic Bounce|Shield Dust|[of] p1a: Hatterene\n|move|p1a: Hatterene|Calm Mind|p1a: Hatterene\n|-boost|p1a: Hatterene|spa|1\n|-boost|p1a: Hatterene|spd|1\n|\n|upkeep\n|turn|11\n|\n|t:|1700758864\n|move|p2a: Ribombee|Stun Spore|p1a: Hatterene|[miss]\n|-miss|p2a: Ribombee|p1a: Hatterene\n|move|p1a: Hatterene|Nuzzle|p2a: Ribombee\n|-crit|p2a: Ribombee\n|-damage|p2a: Ribombee|60\/100\n|-status|p2a: Ribombee|par\n|\n|upkeep\n|turn|12\n|\n|t:|1700758875\n|switch|p1a: Heatran|Heatran, M|100\/100\n|move|p2a: Ribombee|Stun Spore|p1a: Heatran|[miss]\n|-miss|p2a: Ribombee|p1a: Heatran\n|\n|upkeep\n|turn|13\n|\n|t:|1700758890\n|switch|p2a: Greninja|Greninja, M|84\/100\n|move|p1a: Heatran|Overheat|p2a: Greninja\n|-resisted|p2a: Greninja\n|-damage|p2a: Greninja|42\/100\n|-unboost|p1a: Heatran|spa|2\n|\n|upkeep\n|turn|14\n|\n|t:|1700758909\n|switch|p1a: Toxapex|Toxapex, M|100\/100\n|move|p2a: Greninja|Surf|p1a: Toxapex\n|-resisted|p1a: Toxapex\n|-damage|p1a: Toxapex|80\/100\n|-damage|p2a: Greninja|32\/100|[from] item: Life Orb\n|\n|upkeep\n|turn|15\n|\n|t:|1700758914\n|switch|p2a: Ribombee|Ribombee, M|60\/100 par\n|move|p1a: Toxapex|Toxic Spikes|p2a: Ribombee\n|-sidestart|p2: PeterGriffinOnline|move: Toxic Spikes\n|\n|upkeep\n|turn|16\n|\n|t:|1700758922\n|move|p2a: Ribombee|Stun Spore|p1a: Toxapex|[miss]\n|-miss|p2a: Ribombee|p1a: Toxapex\n|move|p1a: Toxapex|Chilling Water|p2a: Ribombee\n|-damage|p2a: Ribombee|43\/100 par\n|\n|upkeep\n|turn|17\n|\n|t:|1700758928\n|switch|p1a: Hatterene|Hatterene, F|100\/100\n|cant|p2a: Ribombee|par\n|\n|upkeep\n|turn|18\n|\n|t:|1700758936\n|move|p2a: Ribombee|Skill Swap|p1a: Hatterene\n|-activate|p2a: Ribombee|move: Skill Swap|Magic Bounce|Shield Dust|[of] p1a: Hatterene\n|move|p1a: Hatterene|Calm Mind|p1a: Hatterene\n|-boost|p1a: Hatterene|spa|1\n|-boost|p1a: Hatterene|spd|1\n|\n|upkeep\n|turn|19\n|\n|t:|1700758947\n|-terastallize|p1a: Hatterene|Grass\n|move|p2a: Ribombee|Sticky Web|p1a: Hatterene\n|-sidestart|p1: bobmann88|move: Sticky Web\n|move|p1a: Hatterene|Draining Kiss|p2a: Ribombee\n|-damage|p2a: Ribombee|0 fnt\n|faint|p2a: Ribombee\n|\n|upkeep\n|\n|t:|1700758954\n|switch|p2a: Kingambit|Kingambit, M|100\/100\n|-activate|p2a: Kingambit|ability: Supreme Overlord\n|-start|p2a: Kingambit|fallen3|[silent]\n|turn|20\n|\n|t:|1700758960\n|move|p2a: Kingambit|Swords Dance|p2a: Kingambit\n|-boost|p2a: Kingambit|atk|2\n|move|p1a: Hatterene|Draining Kiss|p2a: Kingambit\n|-damage|p2a: Kingambit|51\/100\n|\n|upkeep\n|turn|21\n|\n|t:|1700758968\n|move|p2a: Kingambit|Kowtow Cleave|p1a: Hatterene\n|-damage|p1a: Hatterene|0 fnt\n|faint|p1a: Hatterene\n|\n|upkeep\n|\n|t:|1700758977\n|switch|p1a: Heatran|Heatran, M|100\/100\n|-activate|p1a: Heatran|move: Sticky Web\n|-unboost|p1a: Heatran|spe|1\n|turn|22\n|\n|t:|1700758991\n|move|p2a: Kingambit|Kowtow Cleave|p1a: Heatran\n|-damage|p1a: Heatran|0 fnt\n|faint|p1a: Heatran\n|\n|upkeep\n|\n|t:|1700758997\n|switch|p1a: Toxapex|Toxapex, M|100\/100\n|-activate|p1a: Toxapex|move: Sticky Web\n|-unboost|p1a: Toxapex|spe|1\n|turn|23\n|\n|t:|1700759003\n|move|p2a: Kingambit|Kowtow Cleave|p1a: Toxapex\n|-damage|p1a: Toxapex|18\/100\n|-damage|p2a: Kingambit|35\/100|[from] item: Rocky Helmet|[of] p1a: Toxapex\n|move|p1a: Toxapex|Haze|p1a: Toxapex\n|-clearallboost\n|\n|upkeep\n|turn|24\n|\n|t:|1700759014\n|move|p2a: Kingambit|Kowtow Cleave|p1a: Toxapex\n|-damage|p1a: Toxapex|0 fnt\n|-damage|p2a: Kingambit|18\/100|[from] item: Rocky Helmet|[of] p1a: Toxapex\n|faint|p1a: Toxapex\n|\n|upkeep\n|\n|t:|1700759018\n|switch|p1a: Iron Valiant|Iron Valiant|100\/100\n|-activate|p1a: Iron Valiant|move: Sticky Web\n|-unboost|p1a: Iron Valiant|spe|1\n|-enditem|p1a: Iron Valiant|Booster Energy\n|-activate|p1a: Iron Valiant|ability: Quark Drive|[fromitem]\n|-start|p1a: Iron Valiant|quarkdriveatk\n|turn|25\n|\n|t:|1700759024\n|move|p1a: Iron Valiant|Spirit Break|p2a: Kingambit\n|-damage|p2a: Kingambit|0 fnt\n|faint|p2a: Kingambit\n|-end|p2a: Kingambit|fallen3|[silent]\n|\n|upkeep\n|\n|t:|1700759030\n|switch|p2a: Greninja|Greninja, M|32\/100\n|-status|p2a: Greninja|psn\n|turn|26\n|\n|t:|1700759047\n|-terastallize|p2a: Greninja|Water\n|move|p2a: Greninja|Surf|p1a: Iron Valiant\n|-damage|p1a: Iron Valiant|0 fnt\n|faint|p1a: Iron Valiant\n|-end|p1a: Iron Valiant|Quark Drive|[silent]\n|-damage|p2a: Greninja|22\/100 psn|[from] item: Life Orb\n|\n|win|PeterGriffinOnline\n|raw|bobmann88's rating: 1169 &rarr; <strong>1149<\/strong><br \/>(-20 for losing)\n|raw|PeterGriffinOnline's rating: 1243 &rarr; <strong>1263<\/strong><br \/>(+20 for winning)\n|c|\u2606PeterGriffinOnline|gg\n","uploadtime":1700759056,"views":2,"p1id":"bobmann88","p2id":"petergriffinonline","formatid":"gen9ou","rating":1149,"private":0,"password":""}