{"id":"gen9ou-1997485947","p1":"Rando_guy123","p2":"TheRealMoosposter","format":"[Gen 9] OU","log":"|j|\u2606Rando_guy123\n|j|\u2606TheRealMoosposter\n|t:|1700813725\n|gametype|singles\n|player|p1|Rando_guy123|266|1284\n|player|p2|TheRealMoosposter|larry|1362\n|teamsize|p1|6\n|teamsize|p2|6\n|gen|9\n|tier|[Gen 9] OU\n|rated|\n|rule|Sleep Clause Mod: Limit one foe put to sleep\n|rule|Species Clause: Limit one of each Pok\u00e9mon\n|rule|OHKO Clause: OHKO moves are banned\n|rule|Evasion Items Clause: Evasion items are banned\n|rule|Evasion Moves Clause: Evasion moves are banned\n|rule|Endless Battle Clause: Forcing endless battles is banned\n|rule|HP Percentage Mod: HP is shown in percentages\n|clearpoke\n|poke|p1|Arcanine-Hisui, M|\n|poke|p1|Greninja-*, M|\n|poke|p1|Corviknight, M|\n|poke|p1|Iron Hands|\n|poke|p1|Slowking-Galar, F|\n|poke|p1|Landorus-Therian, M|\n|poke|p2|Dragapult, M|\n|poke|p2|Great Tusk|\n|poke|p2|Ceruledge, F|\n|poke|p2|Iron Hands|\n|poke|p2|Ogerpon-Cornerstone, F|\n|poke|p2|Iron Valiant|\n|teampreview\n|\n|t:|1700813731\n|start\n|switch|p1a: Landorus|Landorus-Therian, M|100\/100\n|switch|p2a: Fuck it we ball \ud83c\udfc0|Dragapult, M|100\/100\n|-ability|p1a: Landorus|Intimidate|boost\n|-fail|p2a: Fuck it we ball \ud83c\udfc0|unboost|[from] ability: Clear Body|[of] p2a: Fuck it we ball \ud83c\udfc0\n|turn|1\n|\n|t:|1700813740\n|move|p2a: Fuck it we ball \ud83c\udfc0|Draco Meteor|p1a: Landorus\n|-damage|p1a: Landorus|39\/100\n|-unboost|p2a: Fuck it we ball \ud83c\udfc0|spa|2\n|-enditem|p2a: Fuck it we ball \ud83c\udfc0|Eject Pack\n|\n|t:|1700813746\n|switch|p2a: Stinky|Great Tusk|100\/100\n|move|p1a: Landorus|Earth Power|p2a: Stinky\n|-damage|p2a: Stinky|59\/100\n|\n|-heal|p1a: Landorus|45\/100|[from] item: Leftovers\n|upkeep\n|turn|2\n|\n|t:|1700813755\n|move|p1a: Landorus|Grass Knot|p2a: Stinky\n|-supereffective|p2a: Stinky\n|-damage|p2a: Stinky|0 fnt\n|-damage|p1a: Landorus|29\/100|[from] item: Rocky Helmet|[of] p2a: Stinky\n|faint|p2a: Stinky\n|-end|p2a: Stinky|Protosynthesis|[silent]\n|\n|-heal|p1a: Landorus|35\/100|[from] item: Leftovers\n|upkeep\n|\n|t:|1700813764\n|switch|p2a: Gooby|Ogerpon-Cornerstone, F|100\/100\n|turn|3\n|\n|t:|1700813768\n|move|p2a: Gooby|Ivy Cudgel|p1a: Landorus|[anim] Ivy Cudgel Rock\n|-damage|p1a: Landorus|0 fnt\n|faint|p1a: Landorus\n|\n|upkeep\n|\n|t:|1700813776\n|switch|p1a: Corviknight|Corviknight, M|100\/100\n|-ability|p1a: Corviknight|Pressure\n|turn|4\n|\n|t:|1700813784\n|move|p2a: Gooby|Knock Off|p1a: Corviknight\n|-damage|p1a: Corviknight|76\/100\n|-damage|p2a: Gooby|84\/100|[from] item: Rocky Helmet|[of] p1a: Corviknight\n|-enditem|p1a: Corviknight|Rocky Helmet|[from] move: Knock Off|[of] p2a: Gooby\n|move|p1a: Corviknight|U-turn|p2a: Gooby\n|-supereffective|p2a: Gooby\n|-damage|p2a: Gooby|49\/100\n|\n|t:|1700813796\n|switch|p1a: Iron Hands|Iron Hands|100\/100|[from] U-turn\n|\n|upkeep\n|turn|5\n|\n|t:|1700813802\n|move|p1a: Iron Hands|Fake Out|p2a: Gooby\n|-resisted|p2a: Gooby\n|-damage|p2a: Gooby|39\/100\n|cant|p2a: Gooby|flinch\n|\n|upkeep\n|turn|6\n|\n|t:|1700813810\n|-end|p1a: Iron Hands|Quark Drive|[silent]\n|switch|p1a: Corviknight|Corviknight, M|76\/100\n|-ability|p1a: Corviknight|Pressure\n|move|p2a: Gooby|Knock Off|p1a: Corviknight\n|-damage|p1a: Corviknight|61\/100\n|\n|upkeep\n|turn|7\n|\n|t:|1700813822\n|move|p2a: Gooby|Ivy Cudgel|p1a: Corviknight|[anim] Ivy Cudgel Rock\n|-damage|p1a: Corviknight|27\/100\n|move|p1a: Corviknight|Roost|p1a: Corviknight\n|-heal|p1a: Corviknight|77\/100\n|-singleturn|p1a: Corviknight|move: Roost\n|\n|upkeep\n|turn|8\n|\n|t:|1700813831\n|switch|p2a: Trollge|Ceruledge, F|100\/100\n|move|p1a: Corviknight|U-turn|p2a: Trollge\n|-resisted|p2a: Trollge\n|-damage|p2a: Trollge|95\/100\n|\n|t:|1700813840\n|switch|p1a: Arcanine|Arcanine-Hisui, M|100\/100|[from] U-turn\n|\n|upkeep\n|turn|9\n|\n|t:|1700813846\n|move|p1a: Arcanine|Head Smash|p2a: Trollge\n|-supereffective|p2a: Trollge\n|-damage|p2a: Trollge|0 fnt\n|faint|p2a: Trollge\n|\n|upkeep\n|\n|t:|1700813854\n|switch|p2a: Polizei|Iron Hands|100\/100\n|turn|10\n|\n|t:|1700813867\n|-terastallize|p1a: Arcanine|Fire\n|move|p1a: Arcanine|Head Smash|p2a: Polizei\n|-resisted|p2a: Polizei\n|-damage|p2a: Polizei|69\/100\n|move|p2a: Polizei|Drain Punch|p1a: Arcanine\n|-damage|p1a: Arcanine|46\/100\n|-heal|p2a: Polizei|87\/100|[from] drain|[of] p1a: Arcanine\n|\n|-heal|p2a: Polizei|93\/100|[from] item: Leftovers\n|upkeep\n|turn|11\n|\n|t:|1700813879\n|switch|p1a: Slowking|Slowking-Galar, F|100\/100\n|move|p2a: Polizei|Drain Punch|p1a: Slowking\n|-resisted|p1a: Slowking\n|-damage|p1a: Slowking|90\/100\n|-heal|p2a: Polizei|97\/100|[from] drain|[of] p1a: Slowking\n|\n|-heal|p2a: Polizei|100\/100|[from] item: Leftovers\n|upkeep\n|turn|12\n|\n|t:|1700813889\n|move|p2a: Polizei|Earthquake|p1a: Slowking\n|-supereffective|p1a: Slowking\n|-damage|p1a: Slowking|4\/100\n|move|p1a: Slowking|Future Sight|p2a: Polizei\n|-start|p1a: Slowking|move: Future Sight\n|\n|upkeep\n|turn|13\n|\n|t:|1700813898\n|move|p2a: Polizei|Drain Punch|p1a: Slowking\n|-resisted|p1a: Slowking\n|-damage|p1a: Slowking|0 fnt\n|faint|p1a: Slowking\n|\n|upkeep\n|\n|t:|1700813904\n|switch|p1a: Arcanine|Arcanine-Hisui, M, tera:Fire|46\/100\n|turn|14\n|\n|t:|1700813908\n|-end|p2a: Polizei|Quark Drive|[silent]\n|switch|p2a: Gooby|Ogerpon-Cornerstone, F|39\/100\n|move|p1a: Arcanine|Flare Blitz|p2a: Gooby\n|-damage|p2a: Gooby|0 fnt\n|faint|p2a: Gooby\n|\n|-hint|Future Sight did not hit because the target is fainted.\n|upkeep\n|\n|t:|1700813927\n|switch|p2a: Stinker|Iron Valiant|100\/100\n|turn|15\n|\n|t:|1700813936\n|switch|p1a: Corviknight|Corviknight, M|77\/100\n|-ability|p1a: Corviknight|Pressure\n|move|p2a: Stinker|Aura Sphere|p1a: Corviknight\n|-damage|p1a: Corviknight|42\/100\n|\n|upkeep\n|turn|16\n|\n|t:|1700813944\n|-end|p2a: Stinker|Quark Drive|[silent]\n|switch|p2a: Polizei|Iron Hands|100\/100\n|move|p1a: Corviknight|U-turn|p2a: Polizei\n|-resisted|p2a: Polizei\n|-damage|p2a: Polizei|96\/100\n|\n|t:|1700813949\n|switch|p1a: Arcanine|Arcanine-Hisui, M, tera:Fire|46\/100|[from] U-turn\n|\n|-heal|p2a: Polizei|100\/100|[from] item: Leftovers\n|upkeep\n|turn|17\n|\n|t:|1700813956\n|move|p1a: Arcanine|Flare Blitz|p2a: Polizei\n|-damage|p2a: Polizei|26\/100\n|move|p2a: Polizei|Drain Punch|p1a: Arcanine\n|-damage|p1a: Arcanine|0 fnt\n|-heal|p2a: Polizei|41\/100|[from] drain|[of] p1a: Arcanine\n|faint|p1a: Arcanine\n|\n|-heal|p2a: Polizei|47\/100|[from] item: Leftovers\n|upkeep\n|\n|t:|1700813966\n|switch|p1a: Greninja|Greninja, M|100\/100\n|turn|18\n|\n|t:|1700813970\n|move|p1a: Greninja|Hydro Pump|p2a: Polizei\n|-damage|p2a: Polizei|0 fnt\n|faint|p2a: Polizei\n|-end|p2a: Polizei|Quark Drive|[silent]\n|-ability|p1a: Greninja|Battle Bond|boost\n|-boost|p1a: Greninja|atk|1\n|-boost|p1a: Greninja|spa|1\n|-boost|p1a: Greninja|spe|1\n|-activate|p1a: Greninja|ability: Battle Bond\n|\n|upkeep\n|\n|t:|1700813975\n|switch|p2a: Stinker|Iron Valiant|100\/100\n|turn|19\n|\n|t:|1700813982\n|move|p1a: Greninja|Hydro Pump|p2a: Stinker\n|-damage|p2a: Stinker|0 fnt\n|faint|p2a: Stinker\n|-end|p2a: Stinker|Quark Drive|[silent]\n|\n|upkeep\n|\n|t:|1700813985\n|switch|p2a: Fuck it we ball \ud83c\udfc0|Dragapult, M|100\/100\n|turn|20\n|\n|t:|1700813990\n|move|p1a: Greninja|Hydro Pump|p2a: Fuck it we ball \ud83c\udfc0|[miss]\n|-miss|p1a: Greninja|p2a: Fuck it we ball \ud83c\udfc0\n|move|p2a: Fuck it we ball \ud83c\udfc0|U-turn|p1a: Greninja\n|-supereffective|p1a: Greninja\n|-damage|p1a: Greninja|44\/100\n|\n|upkeep\n|turn|21\n|\n|t:|1700813997\n|move|p1a: Greninja|Hydro Pump|p2a: Fuck it we ball \ud83c\udfc0|[miss]\n|-miss|p1a: Greninja|p2a: Fuck it we ball \ud83c\udfc0\n|move|p2a: Fuck it we ball \ud83c\udfc0|U-turn|p1a: Greninja\n|-supereffective|p1a: Greninja\n|-damage|p1a: Greninja|0 fnt\n|faint|p1a: Greninja\n|\n|upkeep\n|\n|t:|1700814006\n|switch|p1a: Corviknight|Corviknight, M|42\/100\n|-ability|p1a: Corviknight|Pressure\n|turn|22\n|\n|t:|1700814011\n|move|p2a: Fuck it we ball \ud83c\udfc0|Will-O-Wisp|p1a: Corviknight\n|-status|p1a: Corviknight|brn\n|move|p1a: Corviknight|U-turn|p2a: Fuck it we ball \ud83c\udfc0\n|-resisted|p2a: Fuck it we ball \ud83c\udfc0\n|-damage|p2a: Fuck it we ball \ud83c\udfc0|96\/100\n|\n|t:|1700814017\n|switch|p1a: Iron Hands|Iron Hands|100\/100|[from] U-turn\n|\n|upkeep\n|turn|23\n|\n|t:|1700814023\n|move|p2a: Fuck it we ball \ud83c\udfc0|Will-O-Wisp|p1a: Iron Hands\n|-status|p1a: Iron Hands|brn\n|move|p1a: Iron Hands|Ice Punch|p2a: Fuck it we ball \ud83c\udfc0\n|-supereffective|p2a: Fuck it we ball \ud83c\udfc0\n|-damage|p2a: Fuck it we ball \ud83c\udfc0|51\/100\n|\n|-damage|p1a: Iron Hands|94\/100 brn|[from] brn\n|upkeep\n|turn|24\n|\n|t:|1700814032\n|-terastallize|p2a: Fuck it we ball \ud83c\udfc0|Water\n|move|p2a: Fuck it we ball \ud83c\udfc0|Hex|p1a: Iron Hands\n|-damage|p1a: Iron Hands|59\/100 brn\n|move|p1a: Iron Hands|Ice Punch|p2a: Fuck it we ball \ud83c\udfc0\n|-resisted|p2a: Fuck it we ball \ud83c\udfc0\n|-damage|p2a: Fuck it we ball \ud83c\udfc0|41\/100\n|\n|-damage|p1a: Iron Hands|53\/100 brn|[from] brn\n|upkeep\n|turn|25\n|\n|t:|1700814051\n|-end|p1a: Iron Hands|Quark Drive|[silent]\n|switch|p1a: Corviknight|Corviknight, M|42\/100 brn\n|-ability|p1a: Corviknight|Pressure\n|move|p2a: Fuck it we ball \ud83c\udfc0|Hex|p1a: Corviknight\n|-damage|p1a: Corviknight|0 fnt\n|faint|p1a: Corviknight\n|\n|upkeep\n|\n|t:|1700814060\n|switch|p1a: Iron Hands|Iron Hands|53\/100 brn\n|turn|26\n|\n|t:|1700814063\n|move|p1a: Iron Hands|Fake Out|p2a: Fuck it we ball \ud83c\udfc0\n|-damage|p2a: Fuck it we ball \ud83c\udfc0|30\/100\n|cant|p2a: Fuck it we ball \ud83c\udfc0|flinch\n|\n|-damage|p1a: Iron Hands|47\/100 brn|[from] brn\n|upkeep\n|turn|27\n|\n|t:|1700814071\n|move|p2a: Fuck it we ball \ud83c\udfc0|Hex|p1a: Iron Hands\n|-crit|p1a: Iron Hands\n|-damage|p1a: Iron Hands|0 fnt\n|faint|p1a: Iron Hands\n|-end|p1a: Iron Hands|Quark Drive|[silent]\n|\n|win|TheRealMoosposter\n|raw|Rando_guy123's rating: 1284 &rarr; <strong>1265<\/strong><br \/>(-19 for losing)\n|raw|TheRealMoosposter's rating: 1362 &rarr; <strong>1378<\/strong><br \/>(+16 for winning)\n|l|\u2606Rando_guy123\n","uploadtime":1700814081,"views":4,"p1id":"randoguy123","p2id":"therealmoosposter","formatid":"gen9ou","rating":1265,"private":0,"password":""}