{"id":"gen9ou-1991304623","p1":"LonevetZ1","p2":"Luna Lana VGC","format":"[Gen 9] OU","log":"|j|\u2606LonevetZ1\n|j|\u2606Luna Lana VGC\n|t:|1700065945\n|gametype|singles\n|player|p1|LonevetZ1|giovanni|1284\n|player|p2|Luna Lana VGC|pokekid|1348\n|teamsize|p1|6\n|teamsize|p2|6\n|gen|9\n|tier|[Gen 9] OU\n|rated|\n|rule|Sleep Clause Mod: Limit one foe put to sleep\n|rule|Species Clause: Limit one of each Pok\u00e9mon\n|rule|OHKO Clause: OHKO moves are banned\n|rule|Evasion Items Clause: Evasion items are banned\n|rule|Evasion Moves Clause: Evasion moves are banned\n|rule|Endless Battle Clause: Forcing endless battles is banned\n|rule|HP Percentage Mod: HP is shown in percentages\n|clearpoke\n|poke|p1|Rillaboom, M|\n|poke|p1|Cinderace, M|\n|poke|p1|Great Tusk|\n|poke|p1|Iron Valiant|\n|poke|p1|Goodra-Hisui, M|\n|poke|p1|Dragonite, F|\n|poke|p2|Clefable, F|\n|poke|p2|Alomomola, M|\n|poke|p2|Blissey, F|\n|poke|p2|Clodsire, F|\n|poke|p2|Dondozo, M|\n|poke|p2|Amoonguss, F|\n|teampreview\n|inactive|Battle timer is ON: inactive players will automatically lose when time's up. (requested by LonevetZ1)\n|\n|t:|1700065959\n|start\n|switch|p1a: Rabbo|Cinderace, M|100\/100\n|switch|p2a: Poopsire|Clodsire, F|100\/100\n|turn|1\n|\n|t:|1700065972\n|switch|p2a: Flatfruck|Alomomola, M|100\/100\n|move|p1a: Rabbo|Will-O-Wisp|p2a: Flatfruck\n|-status|p2a: Flatfruck|brn\n|\n|-damage|p2a: Flatfruck|94\/100 brn|[from] brn\n|upkeep\n|turn|2\n|\n|t:|1700065978\n|move|p1a: Rabbo|U-turn|p2a: Flatfruck\n|-start|p1a: Rabbo|typechange|Bug|[from] ability: Libero\n|-damage|p2a: Flatfruck|80\/100 brn\n|\n|t:|1700065987\n|switch|p1a: Monke|Rillaboom, M|100\/100|[from] U-turn\n|-fieldstart|move: Grassy Terrain|[from] ability: Grassy Surge|[of] p1a: Monke\n|move|p2a: Flatfruck|Flip Turn|p1a: Monke\n|-resisted|p1a: Monke\n|-damage|p1a: Monke|96\/100\n|\n|t:|1700065992\n|switch|p2a: Amoonguss|Amoonguss, F|100\/100|[from] Flip Turn\n|\n|-heal|p1a: Monke|100\/100|[from] Grassy Terrain\n|upkeep\n|turn|3\n|\n|t:|1700065996\n|switch|p1a: TRY ME|Goodra-Hisui, M|100\/100\n|move|p2a: Amoonguss|Clear Smog|p1a: TRY ME\n|-immune|p1a: TRY ME\n|\n|upkeep\n|turn|4\n|\n|t:|1700066005\n|switch|p2a: Poopsire|Clodsire, F|100\/100\n|move|p1a: TRY ME|Fire Blast|p2a: Poopsire\n|-damage|p2a: Poopsire|81\/100\n|\n|-heal|p2a: Poopsire|87\/100|[from] Grassy Terrain\n|upkeep\n|turn|5\n|\n|t:|1700066015\n|switch|p1a: Big Boi|Great Tusk|100\/100\n|move|p2a: Poopsire|Spikes|p1a: Big Boi\n|-sidestart|p1: LonevetZ1|Spikes\n|\n|-heal|p2a: Poopsire|93\/100|[from] Grassy Terrain\n|upkeep\n|turn|6\n|\n|t:|1700066024\n|switch|p2a: Amoonguss|Amoonguss, F|100\/100\n|move|p1a: Big Boi|Rapid Spin|p2a: Amoonguss\n|-crit|p2a: Amoonguss\n|-damage|p2a: Amoonguss|84\/100\n|-boost|p1a: Big Boi|spe|1\n|-sideend|p1: LonevetZ1|Spikes|[from] move: Rapid Spin|[of] p1a: Big Boi\n|\n|-heal|p2a: Amoonguss|90\/100|[from] Grassy Terrain\n|-fieldend|move: Grassy Terrain\n|upkeep\n|turn|7\n|\n|t:|1700066051\n|-end|p1a: Big Boi|Protosynthesis|[silent]\n|switch|p1a: TRY ME|Goodra-Hisui, M|100\/100\n|move|p2a: Amoonguss|Clear Smog|p1a: TRY ME\n|-immune|p1a: TRY ME\n|\n|upkeep\n|turn|8\n|\n|t:|1700066062\n|switch|p1a: Big Boi|Great Tusk|100\/100\n|switch|p2a: Egg|Blissey, F|100\/100\n|\n|upkeep\n|turn|9\n|\n|t:|1700066068\n|switch|p2a: Amoonguss|Amoonguss, F|100\/100\n|move|p1a: Big Boi|Stealth Rock|p2a: Amoonguss\n|-sidestart|p2: Luna Lana VGC|move: Stealth Rock\n|\n|upkeep\n|turn|10\n|\n|t:|1700066077\n|-end|p1a: Big Boi|Protosynthesis|[silent]\n|switch|p1a: TRY ME|Goodra-Hisui, M|100\/100\n|move|p2a: Amoonguss|Spore|p1a: TRY ME\n|-ability|p1a: TRY ME|Sap Sipper|boost\n|-boost|p1a: TRY ME|atk|1\n|\n|upkeep\n|turn|11\n|\n|t:|1700066088\n|move|p1a: TRY ME|Draco Meteor|p2a: Amoonguss\n|-damage|p2a: Amoonguss|33\/100\n|-unboost|p1a: TRY ME|spa|2\n|move|p2a: Amoonguss|Foul Play|p1a: TRY ME\n|-crit|p1a: TRY ME\n|-damage|p1a: TRY ME|65\/100\n|\n|upkeep\n|turn|12\n|\n|t:|1700066099\n|switch|p1a: Rabbo|Cinderace, M|100\/100\n|switch|p2a: Egg|Blissey, F|100\/100\n|\n|upkeep\n|turn|13\n|\n|t:|1700066105\n|move|p1a: Rabbo|Pyro Ball|p2a: Egg\n|-damage|p2a: Egg|11\/100\n|move|p2a: Egg|Stealth Rock|p1a: Rabbo\n|-sidestart|p1: LonevetZ1|move: Stealth Rock\n|\n|upkeep\n|turn|14\n|\n|t:|1700066111\n|move|p2a: Egg|Protect|p2a: Egg\n|-singleturn|p2a: Egg|Protect\n|move|p1a: Rabbo|U-turn|p2a: Egg\n|-start|p1a: Rabbo|typechange|Bug|[from] ability: Libero\n|-activate|p2a: Egg|move: Protect\n|\n|upkeep\n|turn|15\n|\n|t:|1700066118\n|switch|p2a: Flatfruck|Alomomola, M|100\/100 brn\n|move|p1a: Rabbo|U-turn|p2a: Flatfruck\n|-damage|p2a: Flatfruck|85\/100 brn\n|\n|t:|1700066123\n|switch|p1a: Big Boi|Great Tusk|100\/100|[from] U-turn\n|-damage|p1a: Big Boi|98\/100|[from] Stealth Rock\n|\n|-damage|p2a: Flatfruck|79\/100 brn|[from] brn\n|upkeep\n|turn|16\n|\n|t:|1700066136\n|move|p1a: Big Boi|Rapid Spin|p2a: Flatfruck\n|-damage|p2a: Flatfruck|72\/100 brn\n|-boost|p1a: Big Boi|spe|1\n|-sideend|p1: LonevetZ1|Stealth Rock|[from] move: Rapid Spin|[of] p1a: Big Boi\n|move|p2a: Flatfruck|Wish|p2a: Flatfruck\n|\n|-damage|p2a: Flatfruck|65\/100 brn|[from] brn\n|upkeep\n|turn|17\n|\n|t:|1700066143\n|move|p1a: Big Boi|Earthquake|p2a: Flatfruck\n|-damage|p2a: Flatfruck|40\/100 brn\n|move|p2a: Flatfruck|Flip Turn|p1a: Big Boi\n|-supereffective|p1a: Big Boi\n|-damage|p1a: Big Boi|87\/100\n|-damage|p2a: Flatfruck|24\/100 brn|[from] item: Rocky Helmet|[of] p1a: Big Boi\n|\n|t:|1700066150\n|switch|p2a: Egg|Blissey, F|11\/100|[from] Flip Turn\n|\n|-heal|p2a: Egg|48\/100|[from] move: Wish|[wisher] Flatfruck\n|upkeep\n|turn|18\n|\n|t:|1700066160\n|switch|p2a: Flatfruck|Alomomola, M|57\/100 brn\n|move|p1a: Big Boi|Earthquake|p2a: Flatfruck\n|-damage|p2a: Flatfruck|35\/100 brn\n|\n|-damage|p2a: Flatfruck|29\/100 brn|[from] brn\n|upkeep\n|turn|19\n|\n|t:|1700066167\n|move|p1a: Big Boi|Earthquake|p2a: Flatfruck\n|-damage|p2a: Flatfruck|4\/100 brn\n|move|p2a: Flatfruck|Wish|p2a: Flatfruck\n|\n|-damage|p2a: Flatfruck|0 fnt|[from] brn\n|faint|p2a: Flatfruck\n|upkeep\n|\n|t:|1700066176\n|switch|p2a: Egg|Blissey, F|48\/100\n|turn|20\n|\n|t:|1700066179\n|move|p2a: Egg|Protect|p2a: Egg\n|-singleturn|p2a: Egg|Protect\n|move|p1a: Big Boi|Earthquake|p2a: Egg\n|-activate|p2a: Egg|move: Protect\n|\n|-heal|p2a: Egg|86\/100|[from] move: Wish|[wisher] Flatfruck\n|upkeep\n|turn|21\n|\n|t:|1700066185\n|switch|p2a: Amoonguss|Amoonguss, F|66\/100\n|move|p1a: Big Boi|Earthquake|p2a: Amoonguss\n|-damage|p2a: Amoonguss|34\/100\n|\n|upkeep\n|turn|22\n|\n|t:|1700066191\n|move|p1a: Big Boi|Ice Spinner|p2a: Amoonguss\n|-supereffective|p2a: Amoonguss\n|-damage|p2a: Amoonguss|0 fnt\n|faint|p2a: Amoonguss\n|\n|upkeep\n|-message|Luna Lana VGC forfeited.\n|\n|win|LonevetZ1\n|raw|LonevetZ1's rating: 1284 &rarr; <strong>1314<\/strong><br \/>(+30 for winning)\n|raw|Luna Lana VGC's rating: 1348 &rarr; <strong>1324<\/strong><br \/>(-24 for losing)\n|l|\u2606Luna Lana VGC\n","uploadtime":1700066204,"views":7,"p1id":"lonevetz1","p2id":"lunalanavgc","formatid":"gen9ou","rating":1314,"private":0,"password":""}