{"id":"gen9ou-1994111453","p1":"the cringelord zbz","p2":"Jpatters1000","format":"[Gen 9] OU","log":"|j|\u2606the cringelord zbz\n|j|\u2606Jpatters1000\n|t:|1700408205\n|gametype|singles\n|player|p1|the cringelord zbz|guzma|1549\n|player|p2|Jpatters1000|scientist-gen4|1616\n|teamsize|p1|6\n|teamsize|p2|6\n|gen|9\n|tier|[Gen 9] OU\n|rated|\n|rule|Sleep Clause Mod: Limit one foe put to sleep\n|rule|Species Clause: Limit one of each Pok\u00e9mon\n|rule|OHKO Clause: OHKO moves are banned\n|rule|Evasion Items Clause: Evasion items are banned\n|rule|Evasion Moves Clause: Evasion moves are banned\n|rule|Endless Battle Clause: Forcing endless battles is banned\n|rule|HP Percentage Mod: HP is shown in percentages\n|clearpoke\n|poke|p1|Iron Valiant|\n|poke|p1|Hatterene, F|\n|poke|p1|Ceruledge, F|\n|poke|p1|Garganacl, F|\n|poke|p1|Kingambit, M|\n|poke|p1|Ursaluna, F|\n|poke|p2|Jolteon, M|\n|poke|p2|Slowking-Galar, F|\n|poke|p2|Alomomola, F|\n|poke|p2|Talonflame, M|\n|poke|p2|Hoopa-Unbound|\n|poke|p2|Cinderace, F|\n|teampreview\n|inactive|Battle timer is ON: inactive players will automatically lose when time's up. (requested by the cringelord zbz)\n|\n|t:|1700408236\n|start\n|switch|p1a: Ceruledge|Ceruledge, F|100\/100\n|switch|p2a: Slowking|Slowking-Galar, F|100\/100\n|turn|1\n|\n|t:|1700408246\n|move|p1a: Ceruledge|Poltergeist|p2a: Slowking\n|-activate|p2a: Slowking|move: Poltergeist|Colbur Berry\n|-supereffective|p2a: Slowking\n|-damage|p2a: Slowking|0 fnt\n|faint|p2a: Slowking\n|\n|upkeep\n|\n|t:|1700408252\n|switch|p2a: Hoopa|Hoopa-Unbound|100\/100\n|turn|2\n|\n|t:|1700408259\n|move|p1a: Ceruledge|Destiny Bond|p1a: Ceruledge\n|-singlemove|p1a: Ceruledge|Destiny Bond\n|move|p2a: Hoopa|Dark Pulse|p1a: Ceruledge\n|-supereffective|p1a: Ceruledge\n|-enditem|p1a: Ceruledge|Focus Sash\n|-damage|p1a: Ceruledge|1\/100\n|\n|upkeep\n|turn|3\n|\n|t:|1700408267\n|move|p1a: Ceruledge|Poltergeist|p2a: Hoopa\n|-activate|p2a: Hoopa|move: Poltergeist|Choice Specs\n|-damage|p2a: Hoopa|26\/100\n|move|p2a: Hoopa|Dark Pulse|p1a: Ceruledge\n|-supereffective|p1a: Ceruledge\n|-damage|p1a: Ceruledge|0 fnt\n|faint|p1a: Ceruledge\n|\n|upkeep\n|\n|t:|1700408281\n|switch|p1a: Iron Valiant|Iron Valiant|100\/100\n|-enditem|p1a: Iron Valiant|Booster Energy\n|-activate|p1a: Iron Valiant|ability: Quark Drive|[fromitem]\n|-start|p1a: Iron Valiant|quarkdrivespe\n|turn|4\n|\n|t:|1700408287\n|switch|p2a: Talonflame|Talonflame, M|100\/100\n|move|p1a: Iron Valiant|Swords Dance|p1a: Iron Valiant\n|-boost|p1a: Iron Valiant|atk|2\n|\n|upkeep\n|turn|5\n|\n|t:|1700408307\n|move|p2a: Talonflame|Hurricane|p1a: Iron Valiant\n|-supereffective|p1a: Iron Valiant\n|-damage|p1a: Iron Valiant|0 fnt\n|faint|p1a: Iron Valiant\n|-end|p1a: Iron Valiant|Quark Drive|[silent]\n|\n|upkeep\n|\n|t:|1700408320\n|switch|p1a: Hatterene|Hatterene, F|100\/100\n|turn|6\n|\n|t:|1700408328\n|switch|p2a: Alomomola|Alomomola, F|100\/100\n|move|p1a: Hatterene|Trick Room|p1a: Hatterene\n|-fieldstart|move: Trick Room|[of] p1a: Hatterene\n|\n|upkeep\n|turn|7\n|\n|t:|1700408332\n|move|p1a: Hatterene|Dazzling Gleam|p2a: Alomomola\n|-damage|p2a: Alomomola|41\/100\n|move|p2a: Alomomola|Wish|p2a: Alomomola\n|\n|upkeep\n|turn|8\n|\n|t:|1700408344\n|switch|p2a: Cinderace|Cinderace, F|100\/100\n|move|p1a: Hatterene|Psychic|p2a: Cinderace\n|-damage|p2a: Cinderace|18\/100\n|\n|-heal|p2a: Cinderace|100\/100|[from] move: Wish|[wisher] Alomomola\n|upkeep\n|turn|9\n|\n|t:|1700408359\n|move|p1a: Hatterene|Psychic|p2a: Cinderace\n|-damage|p2a: Cinderace|28\/100\n|move|p2a: Cinderace|U-turn|p1a: Hatterene\n|-start|p2a: Cinderace|typechange|Bug|[from] ability: Libero\n|-damage|p1a: Hatterene|59\/100\n|\n|t:|1700408363\n|switch|p2a: Hoopa|Hoopa-Unbound|26\/100|[from] U-turn\n|\n|upkeep\n|turn|10\n|\n|t:|1700408365\n|move|p1a: Hatterene|Dazzling Gleam|p2a: Hoopa\n|-supereffective|p2a: Hoopa\n|-damage|p2a: Hoopa|0 fnt\n|faint|p2a: Hoopa\n|\n|-fieldend|move: Trick Room\n|upkeep\n|j| Ruinous Tusk\n|\n|t:|1700408377\n|switch|p2a: Cinderace|Cinderace, F|28\/100\n|turn|11\n|\n|t:|1700408382\n|switch|p1a: Garganacl|Garganacl, F|100\/100\n|move|p2a: Cinderace|Pyro Ball|p1a: Garganacl\n|-resisted|p1a: Garganacl\n|-damage|p1a: Garganacl|82\/100\n|\n|-heal|p1a: Garganacl|88\/100|[from] item: Leftovers\n|upkeep\n|turn|12\n|\n|t:|1700408388\n|move|p2a: Cinderace|U-turn|p1a: Garganacl\n|-start|p2a: Cinderace|typechange|Bug|[from] ability: Libero\n|-damage|p1a: Garganacl|64\/100\n|\n|t:|1700408390\n|switch|p2a: Jolteon|Jolteon, M|100\/100|[from] U-turn\n|move|p1a: Garganacl|Iron Defense|p1a: Garganacl\n|-boost|p1a: Garganacl|def|2\n|\n|-heal|p1a: Garganacl|70\/100|[from] item: Leftovers\n|-status|p2a: Jolteon|brn|[from] item: Flame Orb\n|upkeep\n|turn|13\n|\n|t:|1700408402\n|move|p2a: Jolteon|Thunderbolt|p1a: Garganacl\n|-damage|p1a: Garganacl|42\/100\n|move|p1a: Garganacl|Recover|p1a: Garganacl\n|-heal|p1a: Garganacl|92\/100\n|\n|-heal|p1a: Garganacl|98\/100|[from] item: Leftovers\n|-damage|p2a: Jolteon|94\/100 brn|[from] brn\n|upkeep\n|turn|14\n|-message|Jpatters1000 forfeited.\n|\n|win|the cringelord zbz\n|raw|the cringelord zbz's rating: 1549 &rarr; <strong>1573<\/strong><br \/>(+24 for winning)\n|raw|Jpatters1000's rating: 1616 &rarr; <strong>1592<\/strong><br \/>(-24 for losing)\n|l|\u2606Jpatters1000\n|l|\u2606the cringelord zbz\n","uploadtime":1700408429,"views":6,"p1id":"thecringelordzbz","p2id":"jpatters1000","formatid":"gen9ou","rating":1573,"private":0,"password":""}