{"id":"gen9ou-1995611407","p1":"Redribbonrenegade","p2":"PLAYB0I R0BBIE B","format":"[Gen 9] OU","log":"|j|\u2606Redribbonrenegade\n|j|\u2606PLAYB0I R0BBIE B\n|t:|1700587374\n|gametype|singles\n|player|p1|Redribbonrenegade|marshal|1289\n|player|p2|PLAYB0I R0BBIE B|eusine|1365\n|teamsize|p1|6\n|teamsize|p2|6\n|gen|9\n|tier|[Gen 9] OU\n|rated|\n|rule|Sleep Clause Mod: Limit one foe put to sleep\n|rule|Species Clause: Limit one of each Pok\u00e9mon\n|rule|OHKO Clause: OHKO moves are banned\n|rule|Evasion Items Clause: Evasion items are banned\n|rule|Evasion Moves Clause: Evasion moves are banned\n|rule|Endless Battle Clause: Forcing endless battles is banned\n|rule|HP Percentage Mod: HP is shown in percentages\n|clearpoke\n|poke|p1|Ursaluna, M|\n|poke|p1|Cresselia, F|\n|poke|p1|Volcanion|\n|poke|p1|Garganacl, F|\n|poke|p1|Sinistcha-Masterpiece|\n|poke|p1|Altaria, F|\n|poke|p2|Meowscarada, F|\n|poke|p2|Heatran, F|\n|poke|p2|Thundurus-Therian, M|\n|poke|p2|Dragapult, F|\n|poke|p2|Great Tusk|\n|poke|p2|Azumarill, F|\n|teampreview\n|\n|t:|1700587384\n|start\n|switch|p1a: Lotus \ud83d\udca3|Altaria, F, shiny|100\/100\n|switch|p2a: SICKO MODE|Meowscarada, F|100\/100\n|turn|1\n|\n|t:|1700587389\n|move|p2a: SICKO MODE|U-turn|p1a: Lotus \ud83d\udca3\n|-start|p2a: SICKO MODE|typechange|Bug|[from] ability: Protean\n|-resisted|p1a: Lotus \ud83d\udca3\n|-damage|p1a: Lotus \ud83d\udca3|75\/100\n|\n|t:|1700587393\n|switch|p2a: CAN'T SAY|Azumarill, F|100\/100|[from] U-turn\n|move|p1a: Lotus \ud83d\udca3|Will-O-Wisp|p2a: CAN'T SAY\n|-status|p2a: CAN'T SAY|brn\n|\n|-damage|p2a: CAN'T SAY|94\/100 brn|[from] brn\n|upkeep\n|turn|2\n|\n|t:|1700587398\n|switch|p1a: Forge \ud83d\ude82|Volcanion|100\/100\n|move|p2a: CAN'T SAY|Ice Spinner|p1a: Forge \ud83d\ude82\n|-resisted|p1a: Forge \ud83d\ude82\n|-damage|p1a: Forge \ud83d\ude82|97\/100\n|\n|-damage|p2a: CAN'T SAY|88\/100 brn|[from] brn\n|upkeep\n|turn|3\n|\n|t:|1700587410\n|switch|p2a: ASTROTHUNDER|Thundurus-Therian, M|100\/100\n|move|p1a: Forge \ud83d\ude82|Steam Eruption|p2a: ASTROTHUNDER|[miss]\n|-miss|p1a: Forge \ud83d\ude82|p2a: ASTROTHUNDER\n|\n|upkeep\n|turn|4\n|\n|t:|1700587434\n|switch|p1a: Wojbomb \ud83d\udce0|Garganacl, F|100\/100\n|move|p2a: ASTROTHUNDER|Grass Knot|p1a: Wojbomb \ud83d\udce0\n|-supereffective|p1a: Wojbomb \ud83d\udce0\n|-damage|p1a: Wojbomb \ud83d\udce0|0 fnt\n|faint|p1a: Wojbomb \ud83d\udce0\n|\n|upkeep\n|\n|t:|1700587440\n|switch|p1a: Rennala \ud83c\udf19|Cresselia, F|100\/100\n|turn|5\n|\n|t:|1700587450\n|switch|p2a: CAN'T SAY|Azumarill, F|88\/100 brn\n|move|p1a: Rennala \ud83c\udf19|Trick Room|p1a: Rennala \ud83c\udf19\n|-fieldstart|move: Trick Room|[of] p1a: Rennala \ud83c\udf19\n|\n|-damage|p2a: CAN'T SAY|82\/100 brn|[from] brn\n|upkeep\n|turn|6\n|\n|t:|1700587458\n|switch|p1a: Forge \ud83d\ude82|Volcanion|97\/100\n|move|p2a: CAN'T SAY|Liquidation|p1a: Forge \ud83d\ude82\n|-heal|p1a: Forge \ud83d\ude82|100\/100|[from] ability: Water Absorb|[of] p2a: CAN'T SAY\n|\n|-damage|p2a: CAN'T SAY|76\/100 brn|[from] brn\n|upkeep\n|turn|7\n|\n|t:|1700587466\n|move|p1a: Forge \ud83d\ude82|Sludge Bomb|p2a: CAN'T SAY\n|-supereffective|p2a: CAN'T SAY\n|-crit|p2a: CAN'T SAY\n|-damage|p2a: CAN'T SAY|13\/100 brn\n|move|p2a: CAN'T SAY|Ice Spinner|p1a: Forge \ud83d\ude82\n|-resisted|p1a: Forge \ud83d\ude82\n|-damage|p1a: Forge \ud83d\ude82|97\/100\n|\n|-damage|p2a: CAN'T SAY|7\/100 brn|[from] brn\n|upkeep\n|turn|8\n|\n|t:|1700587474\n|move|p1a: Forge \ud83d\ude82|Steam Eruption|p2a: CAN'T SAY\n|-resisted|p2a: CAN'T SAY\n|-damage|p2a: CAN'T SAY|0 fnt\n|faint|p2a: CAN'T SAY\n|\n|upkeep\n|\n|t:|1700587484\n|switch|p2a: NO BYSTANDERS|Dragapult, F|100\/100\n|turn|9\n|\n|t:|1700587492\n|switch|p1a: Kim Joe Un \u26f0\ufe0f|Ursaluna, M, shiny|100\/100\n|move|p2a: NO BYSTANDERS|Thunder Wave|p1a: Kim Joe Un \u26f0\ufe0f\n|-immune|p1a: Kim Joe Un \u26f0\ufe0f\n|\n|-fieldend|move: Trick Room\n|upkeep\n|turn|10\n|\n|t:|1700587503\n|move|p2a: NO BYSTANDERS|Draco Meteor|p1a: Kim Joe Un \u26f0\ufe0f\n|-damage|p1a: Kim Joe Un \u26f0\ufe0f|69\/100\n|-unboost|p2a: NO BYSTANDERS|spa|2\n|move|p1a: Kim Joe Un \u26f0\ufe0f|Smack Down|p2a: NO BYSTANDERS\n|-crit|p2a: NO BYSTANDERS\n|-damage|p2a: NO BYSTANDERS|52\/100\n|\n|upkeep\n|turn|11\n|\n|t:|1700587512\n|switch|p2a: SICKO MODE|Meowscarada, F|100\/100\n|move|p1a: Kim Joe Un \u26f0\ufe0f|Play Rough|p2a: SICKO MODE\n|-supereffective|p2a: SICKO MODE\n|-damage|p2a: SICKO MODE|0 fnt\n|faint|p2a: SICKO MODE\n|\n|upkeep\n|\n|t:|1700587516\n|switch|p2a: ASTROTHUNDER|Thundurus-Therian, M|100\/100\n|turn|12\n|\n|t:|1700587530\n|-terastallize|p2a: ASTROTHUNDER|Flying\n|-terastallize|p1a: Kim Joe Un \u26f0\ufe0f|Fairy\n|move|p2a: ASTROTHUNDER|Tera Blast|p1a: Kim Joe Un \u26f0\ufe0f|[anim] Tera Blast Flying\n|-damage|p1a: Kim Joe Un \u26f0\ufe0f|18\/100\n|move|p1a: Kim Joe Un \u26f0\ufe0f|Smack Down|p2a: ASTROTHUNDER\n|-supereffective|p2a: ASTROTHUNDER\n|-damage|p2a: ASTROTHUNDER|34\/100\n|-start|p2a: ASTROTHUNDER|Smack Down\n|\n|upkeep\n|turn|13\n|\n|t:|1700587559\n|switch|p1a: Lotus \ud83d\udca3|Altaria, F, shiny|75\/100\n|move|p2a: ASTROTHUNDER|Tera Blast|p1a: Lotus \ud83d\udca3|[anim] Tera Blast Flying\n|-damage|p1a: Lotus \ud83d\udca3|10\/100\n|\n|upkeep\n|turn|14\n|\n|t:|1700587565\n|move|p2a: ASTROTHUNDER|Tera Blast|p1a: Lotus \ud83d\udca3|[anim] Tera Blast Flying\n|-damage|p1a: Lotus \ud83d\udca3|0 fnt\n|faint|p1a: Lotus \ud83d\udca3\n|\n|upkeep\n|\n|t:|1700587567\n|switch|p1a: Forge \ud83d\ude82|Volcanion|97\/100\n|turn|15\n|\n|t:|1700587579\n|move|p2a: ASTROTHUNDER|Tera Blast|p1a: Forge \ud83d\ude82|[anim] Tera Blast Flying\n|-damage|p1a: Forge \ud83d\ude82|49\/100\n|move|p1a: Forge \ud83d\ude82|Earth Power|p2a: ASTROTHUNDER\n|-damage|p2a: ASTROTHUNDER|0 fnt\n|faint|p2a: ASTROTHUNDER\n|\n|upkeep\n|\n|t:|1700587590\n|switch|p2a: YOSEMITE|Great Tusk|100\/100\n|turn|16\n|\n|t:|1700587597\n|switch|p1a: Chi-Chi \ud83c\udf75|Sinistcha-Masterpiece, shiny|100\/100\n|move|p2a: YOSEMITE|Headlong Rush|p1a: Chi-Chi \ud83c\udf75\n|-resisted|p1a: Chi-Chi \ud83c\udf75\n|-damage|p1a: Chi-Chi \ud83c\udf75|79\/100\n|-unboost|p2a: YOSEMITE|def|1\n|-unboost|p2a: YOSEMITE|spd|1\n|\n|upkeep\n|turn|17\n|\n|t:|1700587603\n|-end|p2a: YOSEMITE|Protosynthesis|[silent]\n|switch|p2a: NO BYSTANDERS|Dragapult, F|52\/100\n|move|p1a: Chi-Chi \ud83c\udf75|Matcha Gotcha|p2a: NO BYSTANDERS\n|-resisted|p2a: NO BYSTANDERS\n|-damage|p2a: NO BYSTANDERS|28\/100\n|-heal|p1a: Chi-Chi \ud83c\udf75|90\/100|[from] drain|[of] p2a: NO BYSTANDERS\n|-status|p2a: NO BYSTANDERS|brn\n|\n|-damage|p2a: NO BYSTANDERS|22\/100 brn|[from] brn\n|upkeep\n|turn|18\n|\n|t:|1700587621\n|switch|p1a: Forge \ud83d\ude82|Volcanion|49\/100\n|move|p2a: NO BYSTANDERS|Hex|p1a: Forge \ud83d\ude82\n|-damage|p1a: Forge \ud83d\ude82|32\/100\n|\n|-damage|p2a: NO BYSTANDERS|16\/100 brn|[from] brn\n|upkeep\n|turn|19\n|\n|t:|1700587641\n|move|p2a: NO BYSTANDERS|Thunder Wave|p1a: Forge \ud83d\ude82\n|-status|p1a: Forge \ud83d\ude82|par\n|move|p1a: Forge \ud83d\ude82|Earth Power|p2a: NO BYSTANDERS\n|-damage|p2a: NO BYSTANDERS|0 fnt\n|faint|p2a: NO BYSTANDERS\n|\n|upkeep\n|\n|t:|1700587648\n|switch|p2a: 5% TINT|Heatran, F|100\/100\n|-item|p2a: 5% TINT|Air Balloon\n|turn|20\n|\n|t:|1700587655\n|move|p2a: 5% TINT|Earth Power|p1a: Forge \ud83d\ude82\n|-supereffective|p1a: Forge \ud83d\ude82\n|-damage|p1a: Forge \ud83d\ude82|0 fnt\n|faint|p1a: Forge \ud83d\ude82\n|\n|upkeep\n|\n|t:|1700587660\n|switch|p1a: Rennala \ud83c\udf19|Cresselia, F|100\/100\n|turn|21\n|\n|t:|1700587667\n|move|p2a: 5% TINT|Taunt|p1a: Rennala \ud83c\udf19\n|-start|p1a: Rennala \ud83c\udf19|move: Taunt\n|move|p1a: Rennala \ud83c\udf19|Future Sight|p2a: 5% TINT\n|-start|p1a: Rennala \ud83c\udf19|move: Future Sight\n|\n|upkeep\n|turn|22\n|\n|t:|1700587680\n|switch|p1a: Chi-Chi \ud83c\udf75|Sinistcha-Masterpiece, shiny|90\/100\n|move|p2a: 5% TINT|Magma Storm|p1a: Chi-Chi \ud83c\udf75|[miss]\n|-miss|p2a: 5% TINT|p1a: Chi-Chi \ud83c\udf75\n|\n|upkeep\n|turn|23\n|\n|t:|1700587688\n|switch|p2a: YOSEMITE|Great Tusk|100\/100\n|move|p1a: Chi-Chi \ud83c\udf75|Shadow Ball|p2a: YOSEMITE\n|-damage|p2a: YOSEMITE|55\/100\n|\n|-end|p2a: YOSEMITE|move: Future Sight\n|-supereffective|p2a: YOSEMITE\n|-damage|p2a: YOSEMITE|0 fnt\n|faint|p2a: YOSEMITE\n|-end|p2a: YOSEMITE|Protosynthesis|[silent]\n|upkeep\n|\n|t:|1700587690\n|switch|p2a: 5% TINT|Heatran, F|100\/100\n|-item|p2a: 5% TINT|Air Balloon\n|turn|24\n|\n|t:|1700587697\n|move|p2a: 5% TINT|Magma Storm|p1a: Chi-Chi \ud83c\udf75\n|-supereffective|p1a: Chi-Chi \ud83c\udf75\n|-damage|p1a: Chi-Chi \ud83c\udf75|27\/100\n|-activate|p1a: Chi-Chi \ud83c\udf75|move: Magma Storm|[of] p2a: 5% TINT\n|move|p1a: Chi-Chi \ud83c\udf75|Shadow Ball|p2a: 5% TINT\n|-damage|p2a: 5% TINT|69\/100\n|-enditem|p2a: 5% TINT|Air Balloon\n|\n|-damage|p1a: Chi-Chi \ud83c\udf75|15\/100|[from] move: Magma Storm|[partiallytrapped]\n|upkeep\n|turn|25\n|\n|t:|1700587704\n|move|p2a: 5% TINT|Earth Power|p1a: Chi-Chi \ud83c\udf75\n|-resisted|p1a: Chi-Chi \ud83c\udf75\n|-damage|p1a: Chi-Chi \ud83c\udf75|0 fnt\n|faint|p1a: Chi-Chi \ud83c\udf75\n|\n|upkeep\n|\n|t:|1700587705\n|switch|p1a: Rennala \ud83c\udf19|Cresselia, F|100\/100\n|turn|26\n|\n|t:|1700587710\n|move|p2a: 5% TINT|Taunt|p1a: Rennala \ud83c\udf19\n|-start|p1a: Rennala \ud83c\udf19|move: Taunt\n|cant|p1a: Rennala \ud83c\udf19|move: Taunt|Trick Room\n|\n|upkeep\n|turn|27\n|\n|t:|1700587714\n|move|p2a: 5% TINT|Magma Storm|p1a: Rennala \ud83c\udf19\n|-damage|p1a: Rennala \ud83c\udf19|62\/100\n|-activate|p1a: Rennala \ud83c\udf19|move: Magma Storm|[of] p2a: 5% TINT\n|move|p1a: Rennala \ud83c\udf19|Future Sight|p2a: 5% TINT\n|-start|p1a: Rennala \ud83c\udf19|move: Future Sight\n|\n|-damage|p1a: Rennala \ud83c\udf19|49\/100|[from] move: Magma Storm|[partiallytrapped]\n|upkeep\n|turn|28\n|\n|t:|1700587721\n|move|p2a: 5% TINT|Magma Storm|p1a: Rennala \ud83c\udf19\n|-damage|p1a: Rennala \ud83c\udf19|14\/100\n|move|p1a: Rennala \ud83c\udf19|Future Sight||[still]\n|-fail|p1a: Rennala \ud83c\udf19\n|\n|-damage|p1a: Rennala \ud83c\udf19|1\/100|[from] move: Magma Storm|[partiallytrapped]\n|-end|p1a: Rennala \ud83c\udf19|move: Taunt\n|upkeep\n|turn|29\n|\n|t:|1700587724\n|move|p2a: 5% TINT|Magma Storm|p1a: Rennala \ud83c\udf19\n|-damage|p1a: Rennala \ud83c\udf19|0 fnt\n|faint|p1a: Rennala \ud83c\udf19\n|\n|-end|p2a: 5% TINT|move: Future Sight\n|-resisted|p2a: 5% TINT\n|-damage|p2a: 5% TINT|54\/100\n|upkeep\n|\n|t:|1700587726\n|switch|p1a: Kim Joe Un \u26f0\ufe0f|Ursaluna, M, shiny, tera:Fairy|18\/100\n|turn|30\n|\n|t:|1700587730\n|move|p2a: 5% TINT|Earth Power|p1a: Kim Joe Un \u26f0\ufe0f\n|-damage|p1a: Kim Joe Un \u26f0\ufe0f|2\/100\n|-unboost|p1a: Kim Joe Un \u26f0\ufe0f|spd|1\n|move|p1a: Kim Joe Un \u26f0\ufe0f|Headlong Rush|p2a: 5% TINT\n|-supereffective|p2a: 5% TINT\n|-damage|p2a: 5% TINT|0 fnt\n|-unboost|p1a: Kim Joe Un \u26f0\ufe0f|def|1\n|-unboost|p1a: Kim Joe Un \u26f0\ufe0f|spd|1\n|faint|p2a: 5% TINT\n|\n|win|Redribbonrenegade\n|raw|Redribbonrenegade's rating: 1289 &rarr; <strong>1319<\/strong><br \/>(+30 for winning)\n|raw|PLAYB0I R0BBIE B's rating: 1365 &rarr; <strong>1341<\/strong><br \/>(-24 for losing)\n","uploadtime":1700587740,"views":2,"p1id":"redribbonrenegade","p2id":"playb0ir0bbieb","formatid":"gen9ou","rating":1319,"private":0,"password":""}