{"id":"gen9ou-1993934442","p1":"draco9746","p2":"idJ","format":"[Gen 9] OU","log":"|j|\u2606draco9746\n|j|\u2606idJ\n|t:|1700378181\n|gametype|singles\n|player|p1|draco9746|cynthia|1358\n|player|p2|idJ|266|1291\n|teamsize|p1|6\n|teamsize|p2|6\n|gen|9\n|tier|[Gen 9] OU\n|rated|\n|rule|Sleep Clause Mod: Limit one foe put to sleep\n|rule|Species Clause: Limit one of each Pok\u00e9mon\n|rule|OHKO Clause: OHKO moves are banned\n|rule|Evasion Items Clause: Evasion items are banned\n|rule|Evasion Moves Clause: Evasion moves are banned\n|rule|Endless Battle Clause: Forcing endless battles is banned\n|rule|HP Percentage Mod: HP is shown in percentages\n|clearpoke\n|poke|p1|Sneasler, F|\n|poke|p1|Kingambit, F|\n|poke|p1|Hatterene, F|\n|poke|p1|Zapdos|\n|poke|p1|Great Tusk|\n|poke|p1|Ninetales-Alola, F|\n|poke|p2|Infernape, M|\n|poke|p2|Gyarados, M|\n|poke|p2|Enamorus, F|\n|poke|p2|Great Tusk|\n|poke|p2|Dragapult, F|\n|poke|p2|Iron Moth|\n|teampreview\n|inactive|Battle timer is ON: inactive players will automatically lose when time's up. (requested by draco9746)\n|inactive|idJ has 120 seconds left.\n|\n|t:|1700378212\n|start\n|switch|p1a: Zapdos|Zapdos|100\/100\n|switch|p2a: Infernape|Infernape, M|100\/100\n|turn|1\n|\n|t:|1700378221\n|move|p2a: Infernape|Fake Out|p1a: Zapdos\n|-damage|p1a: Zapdos|91\/100\n|cant|p1a: Zapdos|flinch\n|\n|upkeep\n|turn|2\n|\n|t:|1700378226\n|move|p2a: Infernape|Stealth Rock|p1a: Zapdos\n|-sidestart|p1: draco9746|move: Stealth Rock\n|move|p1a: Zapdos|Hurricane|p2a: Infernape\n|-supereffective|p2a: Infernape\n|-enditem|p2a: Infernape|Focus Sash\n|-damage|p2a: Infernape|1\/100\n|\n|upkeep\n|turn|3\n|\n|t:|1700378234\n|move|p2a: Infernape|Flamethrower|p1a: Zapdos\n|-damage|p1a: Zapdos|43\/100\n|move|p1a: Zapdos|Volt Switch|p2a: Infernape\n|-damage|p2a: Infernape|0 fnt\n|faint|p2a: Infernape\n|\n|t:|1700378249\n|switch|p1a: Ninetales|Ninetales-Alola, F|100\/100|[from] Volt Switch\n|-damage|p1a: Ninetales|76\/100|[from] Stealth Rock\n|-weather|Snow|[from] ability: Snow Warning|[of] p1a: Ninetales\n|\n|-weather|Snow|[upkeep]\n|upkeep\n|inactive|idJ has 120 seconds left.\n|\n|t:|1700378295\n|switch|p2a: Enamorus|Enamorus, F|100\/100\n|turn|4\n|\n|t:|1700378300\n|move|p2a: Enamorus|Dazzling Gleam|p1a: Ninetales\n|-damage|p1a: Ninetales|32\/100\n|move|p1a: Ninetales|Aurora Veil|p1a: Ninetales\n|-sidestart|p1: draco9746|move: Aurora Veil\n|\n|-weather|Snow|[upkeep]\n|upkeep\n|turn|5\n|\n|t:|1700378307\n|move|p2a: Enamorus|Dazzling Gleam|p1a: Ninetales\n|-damage|p1a: Ninetales|13\/100\n|move|p1a: Ninetales|Freeze-Dry|p2a: Enamorus\n|-supereffective|p2a: Enamorus\n|-damage|p2a: Enamorus|38\/100\n|\n|-weather|Snow|[upkeep]\n|upkeep\n|turn|6\n|inactive|idJ has 120 seconds left.\n|\n|t:|1700378328\n|switch|p1a: Hatterene|Hatterene, F|100\/100\n|-damage|p1a: Hatterene|88\/100|[from] Stealth Rock\n|move|p2a: Enamorus|Dazzling Gleam|p1a: Hatterene\n|-damage|p1a: Hatterene|64\/100\n|\n|-weather|Snow|[upkeep]\n|-heal|p1a: Hatterene|70\/100|[from] item: Leftovers\n|upkeep\n|turn|7\n|\n|t:|1700378343\n|move|p2a: Enamorus|Dazzling Gleam|p1a: Hatterene\n|-damage|p1a: Hatterene|48\/100\n|move|p1a: Hatterene|Calm Mind|p1a: Hatterene\n|-boost|p1a: Hatterene|spa|1\n|-boost|p1a: Hatterene|spd|1\n|\n|-weather|none\n|-heal|p1a: Hatterene|54\/100|[from] item: Leftovers\n|upkeep\n|turn|8\n|\n|t:|1700378352\n|move|p2a: Enamorus|Dazzling Gleam|p1a: Hatterene\n|-damage|p1a: Hatterene|37\/100\n|move|p1a: Hatterene|Draining Kiss|p2a: Enamorus\n|-damage|p2a: Enamorus|0 fnt\n|-heal|p1a: Hatterene|63\/100|[from] drain|[of] p2a: Enamorus\n|faint|p2a: Enamorus\n|\n|-heal|p1a: Hatterene|69\/100|[from] item: Leftovers\n|upkeep\n|\n|t:|1700378363\n|switch|p2a: Gyarados|Gyarados, M, shiny|100\/100\n|-ability|p2a: Gyarados|Intimidate|boost\n|-unboost|p1a: Hatterene|atk|1\n|turn|9\n|\n|t:|1700378369\n|move|p2a: Gyarados|Dragon Dance|p2a: Gyarados\n|-boost|p2a: Gyarados|atk|1\n|-boost|p2a: Gyarados|spe|1\n|move|p1a: Hatterene|Draining Kiss|p2a: Gyarados\n|-damage|p2a: Gyarados|66\/100\n|-heal|p1a: Hatterene|96\/100|[from] drain|[of] p2a: Gyarados\n|\n|-heal|p1a: Hatterene|100\/100|[from] item: Leftovers\n|upkeep\n|turn|10\n|inactive|idJ has 120 seconds left.\n|inactive|idJ has 90 seconds left.\n|\n|t:|1700378449\n|-terastallize|p1a: Hatterene|Water\n|move|p2a: Gyarados|Waterfall|p1a: Hatterene\n|-resisted|p1a: Hatterene\n|-damage|p1a: Hatterene|88\/100\n|move|p1a: Hatterene|Draining Kiss|p2a: Gyarados\n|-damage|p2a: Gyarados|33\/100\n|-heal|p1a: Hatterene|100\/100|[from] drain|[of] p2a: Gyarados\n|\n|upkeep\n|turn|11\n|\n|t:|1700378468\n|-terastallize|p2a: Gyarados|Dark\n|move|p2a: Gyarados|Crunch|p1a: Hatterene\n|-damage|p1a: Hatterene|77\/100\n|move|p1a: Hatterene|Draining Kiss|p2a: Gyarados\n|-supereffective|p2a: Gyarados\n|-damage|p2a: Gyarados|0 fnt\n|-heal|p1a: Hatterene|100\/100|[from] drain|[of] p2a: Gyarados\n|faint|p2a: Gyarados\n|\n|-sideend|p1: draco9746|move: Aurora Veil\n|upkeep\n|inactive|idJ has 60 seconds left.\n|l|\u2606idJ\n|inactive|idJ disconnected and has a minute to reconnect!\n|player|p2|\n|inactive|idJ has 30 seconds left.\n|inactive|idJ has 20 seconds left.\n|inactive|idJ has 15 seconds left.\n|inactive|idJ has 10 seconds left.\n|inactive|idJ has 5 seconds left.\n|-message|idJ lost due to inactivity.\n|\n|win|draco9746\n|raw|draco9746's rating: 1358 &rarr; <strong>1374<\/strong><br \/>(+16 for winning)\n|raw|idJ's rating: 1291 &rarr; <strong>1271<\/strong><br \/>(-20 for losing)\n","uploadtime":1700378554,"views":10,"p1id":"draco9746","p2id":"idj","formatid":"gen9ou","rating":1271,"private":0,"password":""}