{"id":"gen9ou-1996696960","p1":"Olair.Bocsur","p2":"RANACIO","format":"[Gen 9] OU","log":"|j|\u2606Olair.Bocsur\n|j|\u2606RANACIO\n|t:|1700711035\n|gametype|singles\n|player|p1|Olair.Bocsur|169|\n|player|p2|RANACIO|266|\n|teamsize|p1|6\n|teamsize|p2|6\n|gen|9\n|tier|[Gen 9] OU\n|rule|Sleep Clause Mod: Limit one foe put to sleep\n|rule|Species Clause: Limit one of each Pok\u00e9mon\n|rule|OHKO Clause: OHKO moves are banned\n|rule|Evasion Items Clause: Evasion items are banned\n|rule|Evasion Moves Clause: Evasion moves are banned\n|rule|Endless Battle Clause: Forcing endless battles is banned\n|rule|HP Percentage Mod: HP is shown in percentages\n|clearpoke\n|poke|p1|Espeon, F|\n|poke|p1|Ogerpon-Cornerstone, F|\n|poke|p1|Chandelure, M|\n|poke|p1|Gyarados, F|\n|poke|p1|Scream Tail|\n|poke|p1|Iron Treads|\n|poke|p2|Landorus-Therian, M|\n|poke|p2|Empoleon, M|\n|poke|p2|Gholdengo|\n|poke|p2|Hoopa-Unbound|\n|poke|p2|Clodsire, M|\n|poke|p2|Snorlax, F|\n|teampreview\n|inactive|Battle timer is ON: inactive players will automatically lose when time's up. (requested by Olair.Bocsur)\n|c|\u2606Olair.Bocsur|Suerte, bro\n|\n|t:|1700711047\n|start\n|switch|p1a: Espeon|Espeon, F|100\/100\n|switch|p2a: Gholdengo|Gholdengo|100\/100\n|turn|1\n|\n|t:|1700711057\n|move|p1a: Espeon|Light Screen|p1a: Espeon\n|-sidestart|p1: Olair.Bocsur|move: Light Screen\n|move|p2a: Gholdengo|Trick|p1a: Espeon\n|-activate|p2a: Gholdengo|move: Trick|[of] p1a: Espeon\n|-item|p1a: Espeon|Rocky Helmet|[from] move: Trick\n|-item|p2a: Gholdengo|Light Clay|[from] move: Trick\n|\n|upkeep\n|turn|2\n|\n|t:|1700711068\n|move|p1a: Espeon|Reflect|p1a: Espeon\n|-sidestart|p1: Olair.Bocsur|Reflect\n|move|p2a: Gholdengo|Shadow Ball|p1a: Espeon\n|-supereffective|p1a: Espeon\n|-crit|p1a: Espeon\n|-damage|p1a: Espeon|0 fnt\n|faint|p1a: Espeon\n|\n|upkeep\n|\n|t:|1700711081\n|switch|p1a: Gyarados|Gyarados, F|100\/100\n|turn|3\n|\n|t:|1700711086\n|move|p1a: Gyarados|Dragon Dance|p1a: Gyarados\n|-boost|p1a: Gyarados|atk|1\n|-boost|p1a: Gyarados|spe|1\n|move|p2a: Gholdengo|Trick|p1a: Gyarados\n|-activate|p2a: Gholdengo|move: Trick|[of] p1a: Gyarados\n|-item|p1a: Gyarados|Light Clay|[from] move: Trick\n|-item|p2a: Gholdengo|Leftovers|[from] move: Trick\n|\n|upkeep\n|turn|4\n|\n|t:|1700711096\n|move|p1a: Gyarados|Earthquake|p2a: Gholdengo\n|-supereffective|p2a: Gholdengo\n|-damage|p2a: Gholdengo|2\/100\n|move|p2a: Gholdengo|Shadow Ball|p1a: Gyarados\n|-damage|p1a: Gyarados|81\/100\n|\n|-heal|p2a: Gholdengo|9\/100|[from] item: Leftovers\n|upkeep\n|turn|5\n|\n|t:|1700711108\n|switch|p2a: Landorus|Landorus-Therian, M|100\/100\n|-ability|p2a: Landorus|Intimidate|boost\n|-unboost|p1a: Gyarados|atk|1\n|move|p1a: Gyarados|Iron Head|p2a: Landorus\n|-damage|p2a: Landorus|72\/100\n|\n|upkeep\n|turn|6\n|\n|t:|1700711120\n|switch|p1a: Iron Treads|Iron Treads|100\/100\n|move|p2a: Landorus|Crunch|p1a: Iron Treads\n|-damage|p1a: Iron Treads|89\/100\n|\n|-heal|p1a: Iron Treads|95\/100|[from] item: Leftovers\n|-sideend|p1: Olair.Bocsur|Reflect\n|upkeep\n|turn|7\n|\n|t:|1700711130\n|move|p1a: Iron Treads|Knock Off|p2a: Landorus\n|-damage|p2a: Landorus|35\/100\n|-enditem|p2a: Landorus|Assault Vest|[from] move: Knock Off|[of] p1a: Iron Treads\n|move|p2a: Landorus|Earthquake|p1a: Iron Treads\n|-supereffective|p1a: Iron Treads\n|-damage|p1a: Iron Treads|1\/100\n|\n|-heal|p1a: Iron Treads|7\/100|[from] item: Leftovers\n|upkeep\n|turn|8\n|\n|t:|1700711145\n|move|p1a: Iron Treads|Ice Spinner|p2a: Landorus\n|-supereffective|p2a: Landorus\n|-damage|p2a: Landorus|0 fnt\n|faint|p2a: Landorus\n|\n|-heal|p1a: Iron Treads|14\/100|[from] item: Leftovers\n|-sideend|p1: Olair.Bocsur|move: Light Screen\n|upkeep\n|\n|t:|1700711152\n|switch|p2a: Hoopa|Hoopa-Unbound|100\/100\n|turn|9\n|\n|t:|1700711159\n|move|p1a: Iron Treads|Knock Off|p2a: Hoopa\n|-damage|p2a: Hoopa|60\/100\n|-enditem|p2a: Hoopa|Chople Berry|[from] move: Knock Off|[of] p1a: Iron Treads\n|move|p2a: Hoopa|Focus Blast|p1a: Iron Treads\n|-supereffective|p1a: Iron Treads\n|-damage|p1a: Iron Treads|0 fnt\n|faint|p1a: Iron Treads\n|-end|p1a: Iron Treads|Quark Drive|[silent]\n|\n|upkeep\n|\n|t:|1700711165\n|switch|p1a: Chandelure|Chandelure, M, shiny|100\/100\n|turn|10\n|\n|t:|1700711173\n|move|p1a: Chandelure|Substitute|p1a: Chandelure\n|-start|p1a: Chandelure|Substitute\n|-damage|p1a: Chandelure|76\/100\n|move|p2a: Hoopa|Calm Mind|p2a: Hoopa\n|-boost|p2a: Hoopa|spa|1\n|-boost|p2a: Hoopa|spd|1\n|\n|-heal|p1a: Chandelure|82\/100|[from] item: Leftovers\n|upkeep\n|turn|11\n|\n|t:|1700711182\n|-singleturn|p2a: Hoopa|move: Focus Punch\n|move|p1a: Chandelure|Calm Mind|p1a: Chandelure\n|-boost|p1a: Chandelure|spa|1\n|-boost|p1a: Chandelure|spd|1\n|move|p2a: Hoopa|Focus Punch|p1a: Chandelure\n|-immune|p1a: Chandelure\n|\n|-heal|p1a: Chandelure|88\/100|[from] item: Leftovers\n|upkeep\n|turn|12\n|\n|t:|1700711194\n|move|p1a: Chandelure|Flamethrower|p2a: Hoopa\n|-damage|p2a: Hoopa|18\/100\n|move|p2a: Hoopa|Calm Mind|p2a: Hoopa\n|-boost|p2a: Hoopa|spa|1\n|-boost|p2a: Hoopa|spd|1\n|\n|-heal|p1a: Chandelure|94\/100|[from] item: Leftovers\n|upkeep\n|turn|13\n|\n|t:|1700711208\n|switch|p2a: Clodsire|Clodsire, M|100\/100\n|move|p1a: Chandelure|Flamethrower|p2a: Clodsire\n|-crit|p2a: Clodsire\n|-damage|p2a: Clodsire|2\/100\n|-enditem|p2a: Clodsire|Aguav Berry|[eat]\n|-heal|p2a: Clodsire|36\/100|[from] item: Aguav Berry\n|\n|-heal|p1a: Chandelure|99\/100|[from] item: Leftovers\n|upkeep\n|turn|14\n|\n|t:|1700711220\n|move|p1a: Chandelure|Energy Ball|p2a: Clodsire\n|-damage|p2a: Clodsire|0 fnt\n|faint|p2a: Clodsire\n|\n|-heal|p1a: Chandelure|100\/100|[from] item: Leftovers\n|upkeep\n|\n|t:|1700711229\n|switch|p2a: Empoleon|Empoleon, M|100\/100\n|turn|15\n|\n|t:|1700711233\n|move|p1a: Chandelure|Energy Ball|p2a: Empoleon\n|-damage|p2a: Empoleon|51\/100\n|move|p2a: Empoleon|Hydro Pump|p1a: Chandelure\n|-supereffective|p1a: Chandelure\n|-end|p1a: Chandelure|Substitute\n|\n|upkeep\n|turn|16\n|\n|t:|1700711247\n|move|p1a: Chandelure|Energy Ball|p2a: Empoleon\n|-damage|p2a: Empoleon|4\/100\n|-unboost|p2a: Empoleon|spd|1\n|move|p2a: Empoleon|Hydro Pump|p1a: Chandelure\n|-supereffective|p1a: Chandelure\n|-damage|p1a: Chandelure|0 fnt\n|faint|p1a: Chandelure\n|\n|upkeep\n|\n|t:|1700711253\n|switch|p1a: Gyarados|Gyarados, F|81\/100\n|turn|17\n|\n|t:|1700711269\n|move|p1a: Gyarados|Waterfall|p2a: Empoleon\n|-resisted|p2a: Empoleon\n|-damage|p2a: Empoleon|0 fnt\n|faint|p2a: Empoleon\n|-ability|p1a: Gyarados|Moxie|boost\n|-boost|p1a: Gyarados|atk|1\n|\n|upkeep\n|\n|t:|1700711280\n|switch|p2a: Hoopa|Hoopa-Unbound|18\/100\n|turn|18\n|\n|t:|1700711287\n|move|p1a: Gyarados|Waterfall|p2a: Hoopa\n|-damage|p2a: Hoopa|0 fnt\n|faint|p2a: Hoopa\n|-ability|p1a: Gyarados|Moxie|boost\n|-boost|p1a: Gyarados|atk|1\n|\n|upkeep\n|\n|t:|1700711295\n|switch|p2a: Gholdengo|Gholdengo|9\/100\n|turn|19\n|\n|t:|1700711301\n|move|p1a: Gyarados|Waterfall|p2a: Gholdengo\n|-damage|p2a: Gholdengo|0 fnt\n|faint|p2a: Gholdengo\n|-ability|p1a: Gyarados|Moxie|boost\n|-boost|p1a: Gyarados|atk|1\n|\n|upkeep\n|\n|t:|1700711307\n|switch|p2a: Snorlax|Snorlax, F|100\/100\n|turn|20\n|\n|t:|1700711312\n|move|p1a: Gyarados|Iron Head|p2a: Snorlax\n|-damage|p2a: Snorlax|40\/100\n|move|p2a: Snorlax|Earthquake|p1a: Gyarados\n|-immune|p1a: Gyarados\n|\n|-damage|p2a: Snorlax|28\/100|[from] item: Black Sludge\n|upkeep\n|turn|21\n|\n|t:|1700711320\n|move|p1a: Gyarados|Iron Head|p2a: Snorlax\n|-damage|p2a: Snorlax|0 fnt\n|faint|p2a: Snorlax\n|\n|win|Olair.Bocsur\n","uploadtime":1700711325,"views":23,"p1id":"olairbocsur","p2id":"ranacio","formatid":"gen9ou","rating":0,"private":0,"password":""}