{"id":"gen9ou-1989517554","p1":"myout","p2":"GeorgiaEternatuss","format":"[Gen 9] OU","log":"|j|\u2606myout\n|j|\u2606GeorgiaEternatuss\n|t:|1699864312\n|gametype|singles\n|player|p1|myout|hexmaniac-gen6|1219\n|player|p2|GeorgiaEternatuss|steven|1313\n|teamsize|p1|6\n|teamsize|p2|6\n|gen|9\n|tier|[Gen 9] OU\n|rated|\n|rule|Sleep Clause Mod: Limit one foe put to sleep\n|rule|Species Clause: Limit one of each Pok\u00e9mon\n|rule|OHKO Clause: OHKO moves are banned\n|rule|Evasion Items Clause: Evasion items are banned\n|rule|Evasion Moves Clause: Evasion moves are banned\n|rule|Endless Battle Clause: Forcing endless battles is banned\n|rule|HP Percentage Mod: HP is shown in percentages\n|clearpoke\n|poke|p1|Gholdengo|\n|poke|p1|Weavile, F|\n|poke|p1|Tsareena, F|\n|poke|p1|Ogerpon-Cornerstone, F|\n|poke|p1|Greninja-*, M|\n|poke|p1|Clodsire, M|\n|poke|p2|Cinderace, M|\n|poke|p2|Alomomola, M|\n|poke|p2|Slowking-Galar, M|\n|poke|p2|Thundurus-Therian, M|\n|poke|p2|Great Tusk|\n|poke|p2|Ditto|\n|teampreview\n|inactive|Battle timer is ON: inactive players will automatically lose when time's up. (requested by myout)\n|\n|t:|1699864325\n|start\n|switch|p1a: Greninja|Greninja, M|100\/100\n|switch|p2a: Thundurus|Thundurus-Therian, M|100\/100\n|turn|1\n|\n|t:|1699864336\n|switch|p2a: Alomomola|Alomomola, M|100\/100\n|move|p1a: Greninja|Ice Beam|p2a: Alomomola\n|-resisted|p2a: Alomomola\n|-damage|p2a: Alomomola|86\/100\n|-enditem|p2a: Alomomola|Red Card|[of] p1a: Greninja\n|drag|p1a: Clodsire|Clodsire, M|100\/100\n|\n|upkeep\n|turn|2\n|\n|t:|1699864353\n|switch|p2a: Slowking|Slowking-Galar, M|100\/100\n|move|p1a: Clodsire|Stealth Rock|p2a: Slowking\n|-sidestart|p2: GeorgiaEternatuss|move: Stealth Rock\n|\n|upkeep\n|turn|3\n|\n|t:|1699864367\n|switch|p1a: Weavile|Weavile, F|100\/100\n|-ability|p1a: Weavile|Pressure\n|move|p2a: Slowking|Chilly Reception|p2a: Slowking\n|-weather|Snow\n|\n|t:|1699864377\n|switch|p2a: Alomomola|Alomomola, M|100\/100|[from] Chilly Reception\n|-damage|p2a: Alomomola|88\/100|[from] Stealth Rock\n|\n|-weather|Snow|[upkeep]\n|upkeep\n|turn|4\n|\n|t:|1699864390\n|switch|p1a: Clodsire|Clodsire, M|100\/100\n|move|p2a: Alomomola|Scald|p1a: Clodsire\n|-immune|p1a: Clodsire|[from] ability: Water Absorb\n|\n|-weather|Snow|[upkeep]\n|upkeep\n|turn|5\n|\n|t:|1699864399\n|move|p2a: Alomomola|Wish|p2a: Alomomola\n|move|p1a: Clodsire|Toxic|p2a: Alomomola\n|-status|p2a: Alomomola|tox\n|\n|-weather|Snow|[upkeep]\n|-damage|p2a: Alomomola|82\/100 tox|[from] psn\n|upkeep\n|turn|6\n|\n|t:|1699864408\n|switch|p2a: Slowking|Slowking-Galar, M|100\/100\n|move|p1a: Clodsire|Earthquake|p2a: Slowking\n|-supereffective|p2a: Slowking\n|-damage|p2a: Slowking|47\/100\n|\n|-weather|Snow|[upkeep]\n|-heal|p2a: Slowking|100\/100|[from] move: Wish|[wisher] Alomomola\n|upkeep\n|turn|7\n|\n|t:|1699864421\n|move|p2a: Slowking|Ice Beam|p1a: Clodsire\n|-supereffective|p1a: Clodsire\n|-damage|p1a: Clodsire|78\/100\n|move|p1a: Clodsire|Earthquake|p2a: Slowking\n|-supereffective|p2a: Slowking\n|-damage|p2a: Slowking|44\/100\n|\n|-weather|none\n|-heal|p1a: Clodsire|84\/100|[from] item: Black Sludge\n|upkeep\n|turn|8\n|\n|t:|1699864438\n|switch|p2a: Great Tusk|Great Tusk|100\/100\n|-damage|p2a: Great Tusk|98\/100|[from] Stealth Rock\n|move|p1a: Clodsire|Earthquake|p2a: Great Tusk\n|-damage|p2a: Great Tusk|78\/100\n|\n|-heal|p1a: Clodsire|91\/100|[from] item: Black Sludge\n|upkeep\n|turn|9\n|\n|t:|1699864450\n|move|p2a: Great Tusk|Rapid Spin|p1a: Clodsire\n|-damage|p1a: Clodsire|71\/100\n|-boost|p2a: Great Tusk|spe|1\n|-sideend|p2: GeorgiaEternatuss|Stealth Rock|[from] move: Rapid Spin|[of] p2a: Great Tusk\n|move|p1a: Clodsire|Toxic|p2a: Great Tusk\n|-status|p2a: Great Tusk|tox\n|\n|-heal|p1a: Clodsire|77\/100|[from] item: Black Sludge\n|-damage|p2a: Great Tusk|72\/100 tox|[from] psn\n|upkeep\n|turn|10\n|\n|t:|1699864461\n|switch|p1a: Tsareena|Tsareena, F|100\/100\n|move|p2a: Great Tusk|Headlong Rush|p1a: Tsareena\n|-resisted|p1a: Tsareena\n|-damage|p1a: Tsareena|67\/100\n|-unboost|p2a: Great Tusk|def|1\n|-unboost|p2a: Great Tusk|spd|1\n|\n|-damage|p2a: Great Tusk|59\/100 tox|[from] psn\n|upkeep\n|turn|11\n|\n|t:|1699864475\n|-end|p2a: Great Tusk|Protosynthesis|[silent]\n|switch|p2a: Thundurus|Thundurus-Therian, M|100\/100\n|move|p1a: Tsareena|Trop Kick|p2a: Thundurus\n|-resisted|p2a: Thundurus\n|-damage|p2a: Thundurus|72\/100\n|-unboost|p2a: Thundurus|atk|1\n|\n|upkeep\n|turn|12\n|\n|t:|1699864491\n|switch|p1a: Clodsire|Clodsire, M|77\/100\n|-terastallize|p2a: Thundurus|Flying\n|move|p2a: Thundurus|Tera Blast|p1a: Clodsire|[anim] Tera Blast Flying\n|-damage|p1a: Clodsire|32\/100\n|\n|-heal|p1a: Clodsire|38\/100|[from] item: Black Sludge\n|upkeep\n|turn|13\n|\n|t:|1699864501\n|move|p2a: Thundurus|Tera Blast|p1a: Clodsire|[anim] Tera Blast Flying\n|-damage|p1a: Clodsire|0 fnt\n|faint|p1a: Clodsire\n|\n|upkeep\n|\n|t:|1699864515\n|switch|p1a: Ogerpon|Ogerpon-Cornerstone, F|100\/100\n|turn|14\n|\n|t:|1699864533\n|switch|p2a: Alomomola|Alomomola, M|100\/100 tox\n|move|p1a: Ogerpon|Trailblaze|p2a: Alomomola\n|-supereffective|p2a: Alomomola\n|-damage|p2a: Alomomola|62\/100 tox\n|-boost|p1a: Ogerpon|spe|1\n|\n|-damage|p2a: Alomomola|56\/100 tox|[from] psn\n|upkeep\n|turn|15\n|\n|t:|1699864543\n|move|p1a: Ogerpon|Swords Dance|p1a: Ogerpon\n|-boost|p1a: Ogerpon|atk|2\n|move|p2a: Alomomola|Flip Turn|p1a: Ogerpon\n|-damage|p1a: Ogerpon|77\/100\n|\n|t:|1699864549\n|switch|p2a: Ditto|Ditto|100\/100|[from] Flip Turn\n|-transform|p2a: Ditto|p1a: Ogerpon|[from] ability: Imposter\n|\n|upkeep\n|turn|16\n|\n|t:|1699864565\n|move|p2a: Ditto|Horn Leech|p1a: Ogerpon\n|-damage|p1a: Ogerpon|0 fnt\n|faint|p1a: Ogerpon\n|\n|upkeep\n|\n|t:|1699864574\n|switch|p1a: Weavile|Weavile, F|100\/100\n|-ability|p1a: Weavile|Pressure\n|turn|17\n|\n|t:|1699864581\n|move|p1a: Weavile|Ice Shard|p2a: Ditto\n|-supereffective|p2a: Ditto\n|-damage|p2a: Ditto|52\/100\n|move|p2a: Ditto|Horn Leech|p1a: Weavile\n|-damage|p1a: Weavile|0 fnt\n|-heal|p2a: Ditto|99\/100|[from] drain|[of] p1a: Weavile\n|faint|p1a: Weavile\n|\n|upkeep\n|\n|t:|1699864585\n|switch|p1a: Gholdengo|Gholdengo, shiny|100\/100\n|turn|18\n|\n|t:|1699864602\n|switch|p2a: Slowking|Slowking-Galar, M|77\/100\n|move|p1a: Gholdengo|Make It Rain|p2a: Slowking\n|-damage|p2a: Slowking|35\/100\n|-unboost|p1a: Gholdengo|spa|1\n|\n|upkeep\n|turn|19\n|\n|t:|1699864615\n|switch|p2a: Thundurus|Thundurus-Therian, M, tera:Flying|72\/100\n|move|p1a: Gholdengo|Shadow Ball|p2a: Thundurus\n|-damage|p2a: Thundurus|29\/100\n|-unboost|p2a: Thundurus|spd|1\n|\n|upkeep\n|turn|20\n|\n|t:|1699864624\n|move|p2a: Thundurus|Volt Switch|p1a: Gholdengo\n|-damage|p1a: Gholdengo|39\/100\n|\n|t:|1699864633\n|switch|p2a: Slowking|Slowking-Galar, M|68\/100|[from] Volt Switch\n|move|p1a: Gholdengo|Shadow Ball|p2a: Slowking\n|-supereffective|p2a: Slowking\n|-damage|p2a: Slowking|31\/100\n|\n|upkeep\n|turn|21\n|\n|t:|1699864653\n|move|p1a: Gholdengo|Recover|p1a: Gholdengo\n|-heal|p1a: Gholdengo|89\/100\n|move|p2a: Slowking|Chilly Reception|p2a: Slowking\n|-weather|Snow\n|\n|t:|1699864660\n|switch|p2a: Cinderace|Cinderace, M|100\/100|[from] Chilly Reception\n|\n|-weather|Snow|[upkeep]\n|upkeep\n|turn|22\n|\n|t:|1699864687\n|-terastallize|p1a: Gholdengo|Normal\n|move|p2a: Cinderace|Pyro Ball|p1a: Gholdengo\n|-damage|p1a: Gholdengo|33\/100\n|move|p1a: Gholdengo|Shadow Ball|p2a: Cinderace\n|-damage|p2a: Cinderace|58\/100\n|\n|-weather|Snow|[upkeep]\n|upkeep\n|turn|23\n|\n|t:|1699864698\n|move|p2a: Cinderace|Pyro Ball|p1a: Gholdengo\n|-damage|p1a: Gholdengo|0 fnt\n|faint|p1a: Gholdengo\n|\n|-weather|Snow|[upkeep]\n|upkeep\n|\n|t:|1699864701\n|switch|p1a: Greninja|Greninja, M|100\/100\n|turn|24\n|\n|t:|1699864716\n|switch|p2a: Alomomola|Alomomola, M|89\/100 tox\n|move|p1a: Greninja|Hydro Pump|p2a: Alomomola\n|-resisted|p2a: Alomomola\n|-crit|p2a: Alomomola\n|-damage|p2a: Alomomola|45\/100 tox\n|-damage|p1a: Greninja|91\/100|[from] item: Life Orb\n|\n|-weather|Snow|[upkeep]\n|-damage|p2a: Alomomola|39\/100 tox|[from] psn\n|upkeep\n|turn|25\n|\n|t:|1699864738\n|move|p1a: Greninja|Dark Pulse|p2a: Alomomola\n|-damage|p2a: Alomomola|0 fnt\n|faint|p2a: Alomomola\n|-ability|p1a: Greninja|Battle Bond|boost\n|-boost|p1a: Greninja|atk|1\n|-boost|p1a: Greninja|spa|1\n|-boost|p1a: Greninja|spe|1\n|-activate|p1a: Greninja|ability: Battle Bond\n|-damage|p1a: Greninja|81\/100|[from] item: Life Orb\n|\n|-weather|none\n|upkeep\n|inactive|GeorgiaEternatuss has 120 seconds left.\n|\n|t:|1699864754\n|switch|p2a: Slowking|Slowking-Galar, M|65\/100\n|turn|26\n|inactive|GeorgiaEternatuss has 120 seconds left.\n|\n|t:|1699864759\n|move|p1a: Greninja|Dark Pulse|p2a: Slowking\n|-supereffective|p2a: Slowking\n|-damage|p2a: Slowking|0 fnt\n|faint|p2a: Slowking\n|-damage|p1a: Greninja|71\/100|[from] item: Life Orb\n|\n|upkeep\n|inactive|GeorgiaEternatuss has 120 seconds left.\n|\n|t:|1699864767\n|switch|p2a: Ditto|Ditto|99\/100\n|-transform|p2a: Ditto|p1a: Greninja|[from] ability: Imposter\n|turn|27\n|inactive|GeorgiaEternatuss has 120 seconds left.\n|\n|t:|1699864779\n|move|p2a: Ditto|Hydro Pump|p1a: Greninja\n|-resisted|p1a: Greninja\n|-damage|p1a: Greninja|13\/100\n|move|p1a: Greninja|Hydro Pump|p2a: Ditto\n|-resisted|p2a: Ditto\n|-damage|p2a: Ditto|27\/100\n|-damage|p1a: Greninja|4\/100|[from] item: Life Orb\n|\n|upkeep\n|turn|28\n|inactive|GeorgiaEternatuss has 120 seconds left.\n|\n|t:|1699864792\n|switch|p2a: Great Tusk|Great Tusk|59\/100 tox\n|move|p1a: Greninja|Water Shuriken|p2a: Great Tusk\n|-supereffective|p2a: Great Tusk\n|-damage|p2a: Great Tusk|19\/100 tox\n|-supereffective|p2a: Great Tusk\n|-damage|p2a: Great Tusk|0 fnt\n|faint|p2a: Great Tusk\n|-end|p2a: Great Tusk|Protosynthesis|[silent]\n|-hitcount|p2: Great Tusk|2\n|-damage|p1a: Greninja|0 fnt|[from] item: Life Orb\n|faint|p1a: Greninja\n|\n|upkeep\n|inactive|GeorgiaEternatuss has 120 seconds left.\n|\n|t:|1699864806\n|switch|p1a: Tsareena|Tsareena, F|67\/100\n|switch|p2a: Cinderace|Cinderace, M|58\/100\n|turn|29\n|\n|t:|1699864811\n|move|p2a: Cinderace|Pyro Ball|p1a: Tsareena\n|-supereffective|p1a: Tsareena\n|-damage|p1a: Tsareena|0 fnt\n|faint|p1a: Tsareena\n|\n|win|GeorgiaEternatuss\n|raw|myout's rating: 1219 &rarr; <strong>1201<\/strong><br \/>(-18 for losing)\n|raw|GeorgiaEternatuss's rating: 1313 &rarr; <strong>1328<\/strong><br \/>(+15 for winning)\n|l|\u2606myout\n","uploadtime":1699864832,"views":25,"p1id":"myout","p2id":"georgiaeternatuss","formatid":"gen9ou","rating":1201,"private":0,"password":""}