{"id":"gen9ou-1994566973","p1":"warmasfan","p2":"hehheiamcheese","format":"[Gen 9] OU","log":"|j|\u2606warmasfan\n|j|\u2606hehheiamcheese\n|t:|1700461103\n|gametype|singles\n|player|p1|warmasfan|266|1106\n|player|p2|hehheiamcheese|hilbert|1146\n|teamsize|p1|6\n|teamsize|p2|6\n|gen|9\n|tier|[Gen 9] OU\n|rated|\n|rule|Sleep Clause Mod: Limit one foe put to sleep\n|rule|Species Clause: Limit one of each Pok\u00e9mon\n|rule|OHKO Clause: OHKO moves are banned\n|rule|Evasion Items Clause: Evasion items are banned\n|rule|Evasion Moves Clause: Evasion moves are banned\n|rule|Endless Battle Clause: Forcing endless battles is banned\n|rule|HP Percentage Mod: HP is shown in percentages\n|clearpoke\n|poke|p1|Heatran, M|\n|poke|p1|Kingambit, M|\n|poke|p1|Dondozo, M|\n|poke|p1|Glimmora, F|\n|poke|p1|Alomomola, M|\n|poke|p1|Ursaluna, F|\n|poke|p2|Hydreigon, M|\n|poke|p2|Rillaboom, M|\n|poke|p2|Hawlucha, M|\n|poke|p2|Ribombee, F|\n|poke|p2|Great Tusk|\n|poke|p2|Kingambit, M|\n|teampreview\n|\n|t:|1700461122\n|start\n|switch|p1a: \u706b\u94a2\u8001\u54e5|Heatran, M|100\/100\n|switch|p2a: Ribombee|Ribombee, F|100\/100\n|turn|1\n|\n|t:|1700461134\n|move|p2a: Ribombee|Quiver Dance|p2a: Ribombee\n|-boost|p2a: Ribombee|spa|1\n|-boost|p2a: Ribombee|spd|1\n|-boost|p2a: Ribombee|spe|1\n|move|p1a: \u706b\u94a2\u8001\u54e5|Magma Storm|p2a: Ribombee\n|-supereffective|p2a: Ribombee\n|-enditem|p2a: Ribombee|Focus Sash\n|-damage|p2a: Ribombee|1\/100\n|-activate|p2a: Ribombee|move: Magma Storm|[of] p1a: \u706b\u94a2\u8001\u54e5\n|\n|-damage|p2a: Ribombee|0 fnt|[from] move: Magma Storm|[partiallytrapped]\n|faint|p2a: Ribombee\n|upkeep\n|\n|t:|1700461148\n|switch|p2a: Hydreigon|Hydreigon, M|100\/100\n|turn|2\n|\n|t:|1700461156\n|move|p1a: \u706b\u94a2\u8001\u54e5|Protect|p1a: \u706b\u94a2\u8001\u54e5\n|-singleturn|p1a: \u706b\u94a2\u8001\u54e5|Protect\n|move|p2a: Hydreigon|Focus Energy|p2a: Hydreigon\n|-start|p2a: Hydreigon|move: Focus Energy\n|\n|upkeep\n|turn|3\n|\n|t:|1700461168\n|move|p1a: \u706b\u94a2\u8001\u54e5|Protect||[still]\n|-fail|p1a: \u706b\u94a2\u8001\u54e5\n|move|p2a: Hydreigon|Focus Blast|p1a: \u706b\u94a2\u8001\u54e5\n|-supereffective|p1a: \u706b\u94a2\u8001\u54e5\n|-crit|p1a: \u706b\u94a2\u8001\u54e5\n|-damage|p1a: \u706b\u94a2\u8001\u54e5|1\/100\n|\n|-heal|p1a: \u706b\u94a2\u8001\u54e5|7\/100|[from] item: Leftovers\n|upkeep\n|turn|4\n|\n|t:|1700461185\n|move|p1a: \u706b\u94a2\u8001\u54e5|Protect|p1a: \u706b\u94a2\u8001\u54e5\n|-singleturn|p1a: \u706b\u94a2\u8001\u54e5|Protect\n|move|p2a: Hydreigon|Dark Pulse|p1a: \u706b\u94a2\u8001\u54e5\n|-activate|p1a: \u706b\u94a2\u8001\u54e5|move: Protect\n|\n|-heal|p1a: \u706b\u94a2\u8001\u54e5|13\/100|[from] item: Leftovers\n|upkeep\n|turn|5\n|\n|t:|1700461201\n|switch|p1a: \u5976\u9c7c|Alomomola, M|100\/100\n|move|p2a: Hydreigon|Dark Pulse|p1a: \u5976\u9c7c\n|-crit|p1a: \u5976\u9c7c\n|-damage|p1a: \u5976\u9c7c|29\/100\n|\n|upkeep\n|turn|6\n|\n|t:|1700461221\n|move|p1a: \u5976\u9c7c|Protect|p1a: \u5976\u9c7c\n|-singleturn|p1a: \u5976\u9c7c|Protect\n|move|p2a: Hydreigon|Dark Pulse|p1a: \u5976\u9c7c\n|-activate|p1a: \u5976\u9c7c|move: Protect\n|\n|upkeep\n|turn|7\n|\n|t:|1700461241\n|switch|p1a: \u5168\u81ea\u52a8\u6492\u6bd2\u673a|Glimmora, F|100\/100\n|move|p2a: Hydreigon|Dark Pulse|p1a: \u5168\u81ea\u52a8\u6492\u6bd2\u673a\n|-crit|p1a: \u5168\u81ea\u52a8\u6492\u6bd2\u673a\n|-damage|p1a: \u5168\u81ea\u52a8\u6492\u6bd2\u673a|29\/100\n|\n|-heal|p1a: \u5168\u81ea\u52a8\u6492\u6bd2\u673a|35\/100|[from] item: Leftovers\n|upkeep\n|turn|8\n|c|\u2606hehheiamcheese|Stall aint \u0123onna work on me\n|\n|t:|1700461253\n|move|p1a: \u5168\u81ea\u52a8\u6492\u6bd2\u673a|Spiky Shield|p1a: \u5168\u81ea\u52a8\u6492\u6bd2\u673a\n|-singleturn|p1a: \u5168\u81ea\u52a8\u6492\u6bd2\u673a|move: Protect\n|move|p2a: Hydreigon|Dark Pulse|p1a: \u5168\u81ea\u52a8\u6492\u6bd2\u673a\n|-activate|p1a: \u5168\u81ea\u52a8\u6492\u6bd2\u673a|move: Protect\n|\n|-heal|p1a: \u5168\u81ea\u52a8\u6492\u6bd2\u673a|42\/100|[from] item: Leftovers\n|upkeep\n|turn|9\n|\n|t:|1700461262\n|move|p2a: Hydreigon|Dark Pulse|p1a: \u5168\u81ea\u52a8\u6492\u6bd2\u673a\n|-crit|p1a: \u5168\u81ea\u52a8\u6492\u6bd2\u673a\n|-damage|p1a: \u5168\u81ea\u52a8\u6492\u6bd2\u673a|0 fnt\n|faint|p1a: \u5168\u81ea\u52a8\u6492\u6bd2\u673a\n|\n|upkeep\n|\n|t:|1700461268\n|switch|p1a: \u9634\u9669\u6ef4\u592a\u541b|Kingambit, M|100\/100\n|-activate|p1a: \u9634\u9669\u6ef4\u592a\u541b|ability: Supreme Overlord\n|-start|p1a: \u9634\u9669\u6ef4\u592a\u541b|fallen1|[silent]\n|turn|10\n|\n|t:|1700461279\n|move|p2a: Hydreigon|Focus Blast|p1a: \u9634\u9669\u6ef4\u592a\u541b\n|-supereffective|p1a: \u9634\u9669\u6ef4\u592a\u541b\n|-crit|p1a: \u9634\u9669\u6ef4\u592a\u541b\n|-damage|p1a: \u9634\u9669\u6ef4\u592a\u541b|0 fnt\n|faint|p1a: \u9634\u9669\u6ef4\u592a\u541b\n|-end|p1a: \u9634\u9669\u6ef4\u592a\u541b|fallen1|[silent]\n|\n|upkeep\n|\n|t:|1700461285\n|switch|p1a: \u4e11\u9738\u4e11\u9738|Dondozo, M|100\/100\n|turn|11\n|\n|t:|1700461294\n|move|p2a: Hydreigon|Dark Pulse|p1a: \u4e11\u9738\u4e11\u9738\n|-crit|p1a: \u4e11\u9738\u4e11\u9738\n|-damage|p1a: \u4e11\u9738\u4e11\u9738|40\/100\n|move|p1a: \u4e11\u9738\u4e11\u9738|Avalanche|p2a: Hydreigon\n|-supereffective|p2a: Hydreigon\n|-damage|p2a: Hydreigon|12\/100\n|\n|-heal|p1a: \u4e11\u9738\u4e11\u9738|46\/100|[from] item: Leftovers\n|upkeep\n|turn|12\n|\n|t:|1700461304\n|move|p1a: \u4e11\u9738\u4e11\u9738|Protect|p1a: \u4e11\u9738\u4e11\u9738\n|-singleturn|p1a: \u4e11\u9738\u4e11\u9738|Protect\n|move|p2a: Hydreigon|Dark Pulse|p1a: \u4e11\u9738\u4e11\u9738\n|-activate|p1a: \u4e11\u9738\u4e11\u9738|move: Protect\n|\n|-heal|p1a: \u4e11\u9738\u4e11\u9738|52\/100|[from] item: Leftovers\n|upkeep\n|turn|13\n|\n|t:|1700461338\n|move|p1a: \u4e11\u9738\u4e11\u9738|Protect||[still]\n|-fail|p1a: \u4e11\u9738\u4e11\u9738\n|move|p2a: Hydreigon|Draco Meteor|p1a: \u4e11\u9738\u4e11\u9738\n|-crit|p1a: \u4e11\u9738\u4e11\u9738\n|-damage|p1a: \u4e11\u9738\u4e11\u9738|0 fnt\n|-unboost|p2a: Hydreigon|spa|2\n|faint|p1a: \u4e11\u9738\u4e11\u9738\n|\n|upkeep\n|\n|t:|1700461346\n|switch|p1a: \u6708\u6708\u718a\u5c06\u519b|Ursaluna, F|100\/100\n|turn|14\n|\n|t:|1700461352\n|move|p2a: Hydreigon|Draco Meteor|p1a: \u6708\u6708\u718a\u5c06\u519b\n|-crit|p1a: \u6708\u6708\u718a\u5c06\u519b\n|-damage|p1a: \u6708\u6708\u718a\u5c06\u519b|16\/100\n|-unboost|p2a: Hydreigon|spa|2\n|move|p1a: \u6708\u6708\u718a\u5c06\u519b|Facade|p2a: Hydreigon\n|-damage|p2a: Hydreigon|0 fnt\n|faint|p2a: Hydreigon\n|\n|-status|p1a: \u6708\u6708\u718a\u5c06\u519b|brn|[from] item: Flame Orb\n|upkeep\n|\n|t:|1700461367\n|switch|p2a: Rillaboom|Rillaboom, M|100\/100\n|-fieldstart|move: Grassy Terrain|[from] ability: Grassy Surge|[of] p2a: Rillaboom\n|turn|15\n|\n|t:|1700461376\n|switch|p1a: \u706b\u94a2\u8001\u54e5|Heatran, M|13\/100\n|move|p2a: Rillaboom|Fake Out|p1a: \u706b\u94a2\u8001\u54e5\n|-resisted|p1a: \u706b\u94a2\u8001\u54e5\n|-damage|p1a: \u706b\u94a2\u8001\u54e5|7\/100\n|-status|p2a: Rillaboom|brn|[from] ability: Flame Body|[of] p1a: \u706b\u94a2\u8001\u54e5\n|\n|-heal|p1a: \u706b\u94a2\u8001\u54e5|13\/100|[from] Grassy Terrain\n|-heal|p1a: \u706b\u94a2\u8001\u54e5|19\/100|[from] item: Leftovers\n|-damage|p2a: Rillaboom|94\/100 brn|[from] brn\n|upkeep\n|turn|16\n|\n|t:|1700461388\n|move|p2a: Rillaboom|Wood Hammer|p1a: \u706b\u94a2\u8001\u54e5\n|-resisted|p1a: \u706b\u94a2\u8001\u54e5\n|-damage|p1a: \u706b\u94a2\u8001\u54e5|9\/100\n|-damage|p2a: Rillaboom|91\/100 brn|[from] Recoil\n|move|p1a: \u706b\u94a2\u8001\u54e5|Magma Storm|p2a: Rillaboom\n|-supereffective|p2a: Rillaboom\n|-damage|p2a: Rillaboom|0 fnt\n|faint|p2a: Rillaboom\n|\n|-heal|p1a: \u706b\u94a2\u8001\u54e5|15\/100|[from] Grassy Terrain\n|-heal|p1a: \u706b\u94a2\u8001\u54e5|21\/100|[from] item: Leftovers\n|upkeep\n|\n|t:|1700461399\n|switch|p2a: Great Tusk|Great Tusk|100\/100\n|turn|17\n|\n|t:|1700461405\n|-terastallize|p2a: Great Tusk|Water\n|move|p1a: \u706b\u94a2\u8001\u54e5|Protect|p1a: \u706b\u94a2\u8001\u54e5\n|-singleturn|p1a: \u706b\u94a2\u8001\u54e5|Protect\n|move|p2a: Great Tusk|Rapid Spin|p1a: \u706b\u94a2\u8001\u54e5\n|-activate|p1a: \u706b\u94a2\u8001\u54e5|move: Protect\n|\n|-heal|p1a: \u706b\u94a2\u8001\u54e5|28\/100|[from] Grassy Terrain\n|-heal|p1a: \u706b\u94a2\u8001\u54e5|34\/100|[from] item: Leftovers\n|upkeep\n|turn|18\n|\n|t:|1700461415\n|switch|p1a: \u5976\u9c7c|Alomomola, M|29\/100\n|move|p2a: Great Tusk|Headlong Rush|p1a: \u5976\u9c7c\n|-damage|p1a: \u5976\u9c7c|0 fnt\n|-unboost|p2a: Great Tusk|def|1\n|-unboost|p2a: Great Tusk|spd|1\n|-damage|p2a: Great Tusk|84\/100|[from] item: Rocky Helmet|[of] p1a: \u5976\u9c7c\n|faint|p1a: \u5976\u9c7c\n|\n|-heal|p2a: Great Tusk|90\/100|[from] Grassy Terrain\n|-heal|p2a: Great Tusk|96\/100|[from] item: Leftovers\n|upkeep\n|\n|t:|1700461427\n|switch|p1a: \u6708\u6708\u718a\u5c06\u519b|Ursaluna, F|16\/100 brn\n|turn|19\n|\n|t:|1700461431\n|move|p2a: Great Tusk|Rapid Spin|p1a: \u6708\u6708\u718a\u5c06\u519b\n|-damage|p1a: \u6708\u6708\u718a\u5c06\u519b|6\/100 brn\n|-boost|p2a: Great Tusk|spe|1\n|move|p1a: \u6708\u6708\u718a\u5c06\u519b|Headlong Rush|p2a: Great Tusk\n|-damage|p2a: Great Tusk|13\/100\n|-unboost|p1a: \u6708\u6708\u718a\u5c06\u519b|def|1\n|-unboost|p1a: \u6708\u6708\u718a\u5c06\u519b|spd|1\n|\n|-heal|p2a: Great Tusk|19\/100|[from] Grassy Terrain\n|-heal|p2a: Great Tusk|25\/100|[from] item: Leftovers\n|-heal|p1a: \u6708\u6708\u718a\u5c06\u519b|12\/100 brn|[from] Grassy Terrain\n|-damage|p1a: \u6708\u6708\u718a\u5c06\u519b|6\/100 brn|[from] brn\n|-fieldend|move: Grassy Terrain\n|upkeep\n|turn|20\n|\n|t:|1700461446\n|move|p2a: Great Tusk|Headlong Rush|p1a: \u6708\u6708\u718a\u5c06\u519b\n|-damage|p1a: \u6708\u6708\u718a\u5c06\u519b|0 fnt\n|-unboost|p2a: Great Tusk|def|1\n|-unboost|p2a: Great Tusk|spd|1\n|faint|p1a: \u6708\u6708\u718a\u5c06\u519b\n|\n|-heal|p2a: Great Tusk|31\/100|[from] item: Leftovers\n|upkeep\n|-message|warmasfan forfeited.\n|\n|win|hehheiamcheese\n|raw|warmasfan's rating: 1106 &rarr; <strong>1084<\/strong><br \/>(-22 for losing)\n|raw|hehheiamcheese's rating: 1146 &rarr; <strong>1168<\/strong><br \/>(+22 for winning)\n|l|\u2606warmasfan\n","uploadtime":1700461456,"views":10,"p1id":"warmasfan","p2id":"hehheiamcheese","formatid":"gen9ou","rating":1084,"private":0,"password":""}