{"id":"gen9ou-1994360502","p1":"Soosthemoose","p2":"FireWizard312","format":"[Gen 9] OU","log":"|j|\u2606Soosthemoose\n|j|\u2606FireWizard312\n|t:|1700435079\n|gametype|singles\n|player|p1|Soosthemoose|1|1560\n|player|p2|FireWizard312|102|1602\n|teamsize|p1|6\n|teamsize|p2|6\n|gen|9\n|tier|[Gen 9] OU\n|rated|\n|rule|Sleep Clause Mod: Limit one foe put to sleep\n|rule|Species Clause: Limit one of each Pok\u00e9mon\n|rule|OHKO Clause: OHKO moves are banned\n|rule|Evasion Items Clause: Evasion items are banned\n|rule|Evasion Moves Clause: Evasion moves are banned\n|rule|Endless Battle Clause: Forcing endless battles is banned\n|rule|HP Percentage Mod: HP is shown in percentages\n|clearpoke\n|poke|p1|Zapdos|\n|poke|p1|Great Tusk|\n|poke|p1|Heatran, M|\n|poke|p1|Toxapex, M|\n|poke|p1|Amoonguss, F|\n|poke|p1|Dragapult, F|\n|poke|p2|Manaphy|\n|poke|p2|Kingambit, M|\n|poke|p2|Ribombee, F|\n|poke|p2|Gholdengo|\n|poke|p2|Iron Moth|\n|poke|p2|Ogerpon-Wellspring, F|\n|teampreview\n|inactive|Battle timer is ON: inactive players will automatically lose when time's up. (requested by Soosthemoose)\n|c|\u2606FireWizard312|hey\n|c|\u2606FireWizard312|by chance are you active in the smogon discord\n|inactive|Soosthemoose has 120 seconds left.\n|c|\u2606Soosthemoose|Yes a little bit\n|\n|t:|1700435129\n|start\n|switch|p1a: Queelag|Heatran, M|100\/100\n|switch|p2a: wildfiree|Ribombee, F, shiny|100\/100\n|-item|p1a: Queelag|Air Balloon\n|turn|1\n|c|\u2606FireWizard312|did you perhaps post this team in the sv ou rates\n|\n|t:|1700435138\n|move|p2a: wildfiree|Sticky Web|p1a: Queelag\n|-sidestart|p1: Soosthemoose|move: Sticky Web\n|move|p1a: Queelag|Magma Storm|p2a: wildfiree\n|-supereffective|p2a: wildfiree\n|-crit|p2a: wildfiree\n|-enditem|p2a: wildfiree|Focus Sash\n|-damage|p2a: wildfiree|1\/100\n|-activate|p2a: wildfiree|move: Magma Storm|[of] p1a: Queelag\n|\n|-damage|p2a: wildfiree|0 fnt|[from] move: Magma Storm|[partiallytrapped]\n|faint|p2a: wildfiree\n|upkeep\n|c|\u2606Soosthemoose|yes\n|c|\u2606FireWizard312|LOL\n|c|\u2606FireWizard312|alright lets do a live rating\n|\n|t:|1700435153\n|switch|p2a: HPDARKEAGLE|Manaphy|100\/100\n|turn|2\n|c|\u2606Soosthemoose|uh oh\n|\n|t:|1700435157\n|move|p2a: HPDARKEAGLE|Take Heart|p2a: HPDARKEAGLE\n|-boost|p2a: HPDARKEAGLE|spa|1\n|-boost|p2a: HPDARKEAGLE|spd|1\n|move|p1a: Queelag|Taunt|p2a: HPDARKEAGLE\n|-start|p2a: HPDARKEAGLE|move: Taunt\n|\n|upkeep\n|turn|3\n|\n|t:|1700435160\n|switch|p1a: Mytha|Toxapex, M|100\/100\n|move|p2a: HPDARKEAGLE|Scald|p1a: Mytha\n|-resisted|p1a: Mytha\n|-damage|p1a: Mytha|83\/100\n|\n|upkeep\n|turn|4\n|\n|t:|1700435164\n|move|p2a: HPDARKEAGLE|Stored Power|p1a: Mytha\n|-supereffective|p1a: Mytha\n|-damage|p1a: Mytha|42\/100\n|move|p1a: Mytha|Toxic|p2a: HPDARKEAGLE\n|-status|p2a: HPDARKEAGLE|tox\n|\n|-damage|p2a: HPDARKEAGLE|94\/100 tox|[from] psn\n|upkeep\n|turn|5\n|\n|t:|1700435169\n|switch|p1a: Aldia|Amoonguss, F|100\/100\n|move|p2a: HPDARKEAGLE|Stored Power|p1a: Aldia\n|-supereffective|p1a: Aldia\n|-damage|p1a: Aldia|44\/100\n|\n|-heal|p2a: HPDARKEAGLE|100\/100 tox|[from] item: Leftovers\n|-damage|p2a: HPDARKEAGLE|88\/100 tox|[from] psn\n|-end|p2a: HPDARKEAGLE|move: Taunt\n|upkeep\n|turn|6\n|\n|t:|1700435174\n|switch|p1a: Ornstein|Zapdos|100\/100\n|move|p2a: HPDARKEAGLE|Take Heart|p2a: HPDARKEAGLE\n|-boost|p2a: HPDARKEAGLE|spa|1\n|-boost|p2a: HPDARKEAGLE|spd|1\n|-curestatus|p2a: HPDARKEAGLE|tox|[msg]\n|\n|-heal|p2a: HPDARKEAGLE|94\/100|[from] item: Leftovers\n|upkeep\n|turn|7\n|c|\u2606FireWizard312|so you see here manaphy is kinda a nuisance\n|c|\u2606FireWizard312|frankly you should've hazed on pex but too late now\n|c|\u2606Soosthemoose|dw i got a plan\n|\n|t:|1700435200\n|-terastallize|p2a: HPDARKEAGLE|Poison\n|move|p2a: HPDARKEAGLE|Take Heart|p2a: HPDARKEAGLE\n|-boost|p2a: HPDARKEAGLE|spa|1\n|-boost|p2a: HPDARKEAGLE|spd|1\n|move|p1a: Ornstein|Volt Switch|p2a: HPDARKEAGLE\n|-damage|p2a: HPDARKEAGLE|83\/100\n|\n|t:|1700435203\n|switch|p1a: Mytha|Toxapex, M|76\/100|[from] Volt Switch\n|\n|-heal|p2a: HPDARKEAGLE|89\/100|[from] item: Leftovers\n|upkeep\n|turn|8\n|\n|t:|1700435209\n|-terastallize|p1a: Mytha|Steel\n|move|p2a: HPDARKEAGLE|Scald|p1a: Mytha\n|-damage|p1a: Mytha|13\/100\n|move|p1a: Mytha|Haze|p1a: Mytha\n|-clearallboost\n|\n|-heal|p2a: HPDARKEAGLE|96\/100|[from] item: Leftovers\n|upkeep\n|turn|9\n|\n|t:|1700435215\n|switch|p1a: Midir|Dragapult, F|100\/100\n|-activate|p1a: Midir|move: Sticky Web\n|-unboost|p1a: Midir|spe|1\n|move|p2a: HPDARKEAGLE|Scald|p1a: Midir\n|-resisted|p1a: Midir\n|-damage|p1a: Midir|73\/100\n|\n|-heal|p2a: HPDARKEAGLE|100\/100|[from] item: Leftovers\n|upkeep\n|turn|10\n|\n|t:|1700435218\n|move|p1a: Midir|Draco Meteor|p2a: HPDARKEAGLE\n|-damage|p2a: HPDARKEAGLE|22\/100\n|-unboost|p1a: Midir|spa|2\n|move|p2a: HPDARKEAGLE|Take Heart|p2a: HPDARKEAGLE\n|-boost|p2a: HPDARKEAGLE|spa|1\n|-boost|p2a: HPDARKEAGLE|spd|1\n|\n|-heal|p2a: HPDARKEAGLE|28\/100|[from] item: Leftovers\n|upkeep\n|turn|11\n|c|\u2606FireWizard312|ow\n|\n|t:|1700435225\n|switch|p1a: Ornstein|Zapdos|100\/100\n|move|p2a: HPDARKEAGLE|Scald|p1a: Ornstein\n|-damage|p1a: Ornstein|43\/100\n|\n|-heal|p2a: HPDARKEAGLE|34\/100|[from] item: Leftovers\n|upkeep\n|turn|12\n|\n|t:|1700435229\n|move|p2a: HPDARKEAGLE|Scald|p1a: Ornstein\n|-damage|p1a: Ornstein|0 fnt\n|faint|p1a: Ornstein\n|\n|-heal|p2a: HPDARKEAGLE|40\/100|[from] item: Leftovers\n|upkeep\n|\n|t:|1700435234\n|switch|p1a: Midir|Dragapult, F|73\/100\n|-activate|p1a: Midir|move: Sticky Web\n|-unboost|p1a: Midir|spe|1\n|turn|13\n|c|\u2606FireWizard312|o boy\n|c|\u2606FireWizard312|i wonder what move he's going to click\n|\n|t:|1700435249\n|move|p1a: Midir|Draco Meteor|p2a: HPDARKEAGLE|[miss]\n|-miss|p1a: Midir|p2a: HPDARKEAGLE\n|move|p2a: HPDARKEAGLE|Scald|p1a: Midir\n|-resisted|p1a: Midir\n|-damage|p1a: Midir|31\/100\n|-status|p1a: Midir|brn\n|\n|-heal|p2a: HPDARKEAGLE|46\/100|[from] item: Leftovers\n|-damage|p1a: Midir|25\/100 brn|[from] brn\n|upkeep\n|turn|14\n|c|\u2606FireWizard312|o ok\n|c|\u2606Soosthemoose|fuck\n|\n|t:|1700435262\n|switch|p2a: wessin|Gholdengo|100\/100\n|-item|p2a: wessin|Air Balloon\n|move|p1a: Midir|Draco Meteor|p2a: wessin\n|-resisted|p2a: wessin\n|-damage|p2a: wessin|58\/100\n|-unboost|p1a: Midir|spa|2\n|-enditem|p2a: wessin|Air Balloon\n|\n|-damage|p1a: Midir|19\/100 brn|[from] brn\n|upkeep\n|turn|15\n|\n|t:|1700435266\n|switch|p1a: Queelag|Heatran, M|100\/100\n|-item|p1a: Queelag|Air Balloon\n|move|p2a: wessin|Shadow Ball|p1a: Queelag\n|-damage|p1a: Queelag|72\/100\n|-enditem|p1a: Queelag|Air Balloon\n|\n|upkeep\n|turn|16\n|c|\u2606FireWizard312|also ngl heatran kinda throwing on this team\n|c|\u2606FireWizard312|i get the point of why its there but imo its not pulling its weight\n|\n|t:|1700435278\n|move|p2a: wessin|Shadow Ball|p1a: Queelag\n|-damage|p1a: Queelag|44\/100\n|move|p1a: Queelag|Magma Storm|p2a: wessin\n|-supereffective|p2a: wessin\n|-damage|p2a: wessin|0 fnt\n|faint|p2a: wessin\n|\n|upkeep\n|\n|t:|1700435281\n|switch|p2a: HPDARKEAGLE|Manaphy, tera:Poison|46\/100\n|turn|17\n|\n|t:|1700435287\n|move|p2a: HPDARKEAGLE|Scald|p1a: Queelag\n|-supereffective|p1a: Queelag\n|-damage|p1a: Queelag|0 fnt\n|faint|p1a: Queelag\n|\n|-heal|p2a: HPDARKEAGLE|52\/100|[from] item: Leftovers\n|upkeep\n|\n|t:|1700435291\n|switch|p1a: Midir|Dragapult, F|19\/100 brn\n|-activate|p1a: Midir|move: Sticky Web\n|-unboost|p1a: Midir|spe|1\n|turn|18\n|c|\u2606Soosthemoose|noted\n|\n|t:|1700435302\n|switch|p2a: awyp|Kingambit, M|100\/100\n|-activate|p2a: awyp|ability: Supreme Overlord\n|-start|p2a: awyp|fallen2|[silent]\n|move|p1a: Midir|Draco Meteor|p2a: awyp\n|-resisted|p2a: awyp\n|-damage|p2a: awyp|51\/100\n|-unboost|p1a: Midir|spa|2\n|\n|-damage|p1a: Midir|13\/100 brn|[from] brn\n|upkeep\n|turn|19\n|\n|t:|1700435309\n|switch|p1a: Smough|Great Tusk|100\/100\n|-activate|p1a: Smough|move: Sticky Web\n|-unboost|p1a: Smough|spe|1\n|move|p2a: awyp|Swords Dance|p2a: awyp\n|-boost|p2a: awyp|atk|2\n|\n|upkeep\n|turn|20\n|\n|t:|1700435311\n|move|p2a: awyp|Sucker Punch|p1a: Smough\n|-resisted|p1a: Smough\n|-damage|p1a: Smough|69\/100\n|move|p1a: Smough|Rapid Spin|p2a: awyp\n|-resisted|p2a: awyp\n|-damage|p2a: awyp|45\/100\n|-boost|p1a: Smough|spe|1\n|-sideend|p1: Soosthemoose|Sticky Web|[from] move: Rapid Spin|[of] p1a: Smough\n|\n|-heal|p1a: Smough|75\/100|[from] item: Leftovers\n|upkeep\n|turn|21\n|\n|t:|1700435315\n|move|p1a: Smough|Earthquake|p2a: awyp\n|-supereffective|p2a: awyp\n|-damage|p2a: awyp|0 fnt\n|faint|p2a: awyp\n|-end|p2a: awyp|fallen2|[silent]\n|\n|-heal|p1a: Smough|82\/100|[from] item: Leftovers\n|upkeep\n|\n|t:|1700435318\n|switch|p2a: faya|Ogerpon-Wellspring, F|100\/100\n|turn|22\n|\n|t:|1700435322\n|-end|p1a: Smough|Protosynthesis|[silent]\n|switch|p1a: Aldia|Amoonguss, F|77\/100\n|move|p2a: faya|Swords Dance|p2a: faya\n|-boost|p2a: faya|atk|2\n|\n|upkeep\n|turn|23\n|c|\u2606Soosthemoose|heatran is here because i lose to moth\n|\n|t:|1700435337\n|switch|p2a: scarlet|Iron Moth|100\/100\n|-enditem|p2a: scarlet|Booster Energy\n|-activate|p2a: scarlet|ability: Quark Drive|[fromitem]\n|-start|p2a: scarlet|quarkdrivespe\n|move|p1a: Aldia|Foul Play|p2a: scarlet\n|-damage|p2a: scarlet|84\/100\n|\n|upkeep\n|turn|24\n|c|\u2606FireWizard312|fair\n|c|\u2606Soosthemoose|...\n|\n|t:|1700435345\n|move|p2a: scarlet|Substitute|p2a: scarlet\n|-start|p2a: scarlet|Substitute\n|-damage|p2a: scarlet|59\/100\n|move|p1a: Aldia|Spore||[still]\n|-fail|p1a: Aldia\n|\n|upkeep\n|turn|25\n|c|\u2606Soosthemoose|yeah gg\n|\n|t:|1700435352\n|move|p2a: scarlet|Fiery Dance|p1a: Aldia\n|-supereffective|p1a: Aldia\n|-damage|p1a: Aldia|0 fnt\n|faint|p1a: Aldia\n|\n|upkeep\n|-message|Soosthemoose forfeited.\n|\n|win|FireWizard312\n|raw|Soosthemoose's rating: 1560 &rarr; <strong>1542<\/strong><br \/>(-18 for losing)\n|raw|FireWizard312's rating: 1602 &rarr; <strong>1620<\/strong><br \/>(+18 for winning)\n|c|\u2606FireWizard312|yeah\n|c|\u2606FireWizard312|i get why tran but\n|c|\u2606FireWizard312|imo you're like 1 step away from stall\n|c|\u2606FireWizard312|might as well just go full stall\n|c|\u2606Soosthemoose|good point\n|c|\u2606FireWizard312|as you see here\n|c|\u2606FireWizard312|heatran cannot survive forever\n|c|\u2606Soosthemoose|who would you suggest as a replacement?\n|c|\u2606FireWizard312|well if you're going full stall\n|c|\u2606FireWizard312|blissey\n|c|\u2606Soosthemoose|and if i dont?\n|c|\u2606FireWizard312|hm\n|c|\u2606FireWizard312|if you dont want to go full stall its kinda awkward\n|c|\u2606FireWizard312|but ting lu isnt a bad pick\n|c|\u2606FireWizard312|if you swap out another defensive mon\n|c|\u2606FireWizard312|(pex)\n|c|\u2606FireWizard312|or amoonguss honestly\n|c|\u2606FireWizard312|you can switch this to spikes balance\n|c|\u2606Soosthemoose|hmmm...i'll play around with it\n|c|\u2606FireWizard312|yep\n|c|\u2606Soosthemoose|thanks for the advice\n|c|\u2606FireWizard312|this has been your official rate\n|c|\u2606Soosthemoose|I appreciate you bro\n|c|\u2606FireWizard312|np np\n|l|\u2606Soosthemoose\n","uploadtime":1700435493,"views":45,"p1id":"soosthemoose","p2id":"firewizard312","formatid":"gen9ou","rating":1542,"private":0,"password":""}