{"id":"gen9ou-1995509166","p1":"Slo Overdose","p2":"R3DL0G","format":"[Gen 9] OU","log":"|j|\u2606Slo Overdose\n|j|\u2606R3DL0G\n|t:|1700578306\n|gametype|singles\n|player|p1|Slo Overdose|anabel|1431\n|player|p2|R3DL0G|wattson|1374\n|teamsize|p1|6\n|teamsize|p2|6\n|gen|9\n|tier|[Gen 9] OU\n|rated|\n|rule|Sleep Clause Mod: Limit one foe put to sleep\n|rule|Species Clause: Limit one of each Pok\u00e9mon\n|rule|OHKO Clause: OHKO moves are banned\n|rule|Evasion Items Clause: Evasion items are banned\n|rule|Evasion Moves Clause: Evasion moves are banned\n|rule|Endless Battle Clause: Forcing endless battles is banned\n|rule|HP Percentage Mod: HP is shown in percentages\n|clearpoke\n|poke|p1|Iron Treads|\n|poke|p1|Iron Jugulis|\n|poke|p1|Iron Leaves|\n|poke|p1|Iron Hands|\n|poke|p1|Iron Valiant|\n|poke|p1|Dragapult, M|\n|poke|p2|Torkoal, M|\n|poke|p2|Walking Wake|\n|poke|p2|Iron Moth|\n|poke|p2|Kingambit, F|\n|poke|p2|Lilligant-Hisui, F|\n|poke|p2|Great Tusk|\n|teampreview\n|inactive|Battle timer is ON: inactive players will automatically lose when time's up. (requested by Slo Overdose)\n|\n|t:|1700578320\n|start\n|switch|p1a: Dragapult|Dragapult, M|100\/100\n|switch|p2a: Great Tusk|Great Tusk|100\/100\n|turn|1\n|\n|t:|1700578324\n|move|p1a: Dragapult|Draco Meteor|p2a: Great Tusk\n|-damage|p2a: Great Tusk|0 fnt\n|-unboost|p1a: Dragapult|spa|2\n|faint|p2a: Great Tusk\n|-end|p2a: Great Tusk|Protosynthesis|[silent]\n|\n|upkeep\n|\n|t:|1700578332\n|switch|p2a: Torkoal|Torkoal, M|100\/100\n|-weather|SunnyDay|[from] ability: Drought|[of] p2a: Torkoal\n|turn|2\n|\n|t:|1700578349\n|move|p1a: Dragapult|Draco Meteor|p2a: Torkoal\n|-damage|p2a: Torkoal|66\/100\n|-unboost|p1a: Dragapult|spa|2\n|move|p2a: Torkoal|Stealth Rock|p1a: Dragapult\n|-sidestart|p1: Slo Overdose|move: Stealth Rock\n|\n|-weather|SunnyDay|[upkeep]\n|upkeep\n|turn|3\n|inactive|R3DL0G has 120 seconds left.\n|\n|t:|1700578386\n|switch|p1a: Iron Treads|Iron Treads|100\/100\n|-damage|p1a: Iron Treads|97\/100|[from] Stealth Rock\n|-enditem|p1a: Iron Treads|Booster Energy\n|-activate|p1a: Iron Treads|ability: Quark Drive|[fromitem]\n|-start|p1a: Iron Treads|quarkdrivespe\n|switch|p2a: Walking Wake|Walking Wake|100\/100\n|-activate|p2a: Walking Wake|ability: Protosynthesis\n|-start|p2a: Walking Wake|protosynthesisspe\n|\n|-weather|SunnyDay|[upkeep]\n|upkeep\n|turn|4\n|inactive|R3DL0G has 120 seconds left.\n|\n|t:|1700578397\n|move|p2a: Walking Wake|Hydro Steam|p1a: Iron Treads\n|-supereffective|p1a: Iron Treads\n|-damage|p1a: Iron Treads|0 fnt\n|faint|p1a: Iron Treads\n|-end|p1a: Iron Treads|Quark Drive|[silent]\n|-damage|p2a: Walking Wake|91\/100|[from] item: Life Orb\n|\n|-weather|SunnyDay|[upkeep]\n|upkeep\n|\n|t:|1700578413\n|switch|p1a: Iron Valiant|Iron Valiant|100\/100\n|-damage|p1a: Iron Valiant|94\/100|[from] Stealth Rock\n|-enditem|p1a: Iron Valiant|Booster Energy\n|-activate|p1a: Iron Valiant|ability: Quark Drive|[fromitem]\n|-start|p1a: Iron Valiant|quarkdrivespe\n|turn|5\n|\n|t:|1700578421\n|-terastallize|p2a: Walking Wake|Fairy\n|move|p1a: Iron Valiant|Moonblast|p2a: Walking Wake\n|-damage|p2a: Walking Wake|31\/100\n|move|p2a: Walking Wake|Hydro Steam|p1a: Iron Valiant\n|-damage|p1a: Iron Valiant|0 fnt\n|faint|p1a: Iron Valiant\n|-end|p1a: Iron Valiant|Quark Drive|[silent]\n|-damage|p2a: Walking Wake|21\/100|[from] item: Life Orb\n|\n|-weather|SunnyDay|[upkeep]\n|upkeep\n|inactive|Slo Overdose has 120 seconds left.\n|\n|t:|1700578465\n|switch|p1a: Iron Leaves|Iron Leaves|100\/100\n|-damage|p1a: Iron Leaves|88\/100|[from] Stealth Rock\n|-enditem|p1a: Iron Leaves|Booster Energy\n|-activate|p1a: Iron Leaves|ability: Quark Drive|[fromitem]\n|-start|p1a: Iron Leaves|quarkdriveatk\n|turn|6\n|inactive|Slo Overdose has 90 seconds left.\n|\n|t:|1700578494\n|move|p2a: Walking Wake|Flamethrower|p1a: Iron Leaves\n|-supereffective|p1a: Iron Leaves\n|-damage|p1a: Iron Leaves|0 fnt\n|faint|p1a: Iron Leaves\n|-end|p1a: Iron Leaves|Quark Drive|[silent]\n|-damage|p2a: Walking Wake|12\/100|[from] item: Life Orb\n|\n|-weather|SunnyDay|[upkeep]\n|upkeep\n|\n|t:|1700578498\n|switch|p1a: Dragapult|Dragapult, M|100\/100\n|-damage|p1a: Dragapult|88\/100|[from] Stealth Rock\n|turn|7\n|\n|t:|1700578503\n|move|p2a: Walking Wake|Draco Meteor|p1a: Dragapult\n|-supereffective|p1a: Dragapult\n|-damage|p1a: Dragapult|0 fnt\n|-unboost|p2a: Walking Wake|spa|2\n|faint|p1a: Dragapult\n|-damage|p2a: Walking Wake|2\/100|[from] item: Life Orb\n|\n|-weather|SunnyDay|[upkeep]\n|upkeep\n|\n|t:|1700578508\n|switch|p1a: Iron Hands|Iron Hands|100\/100\n|-damage|p1a: Iron Hands|94\/100|[from] Stealth Rock\n|-enditem|p1a: Iron Hands|Booster Energy\n|-activate|p1a: Iron Hands|ability: Quark Drive|[fromitem]\n|-start|p1a: Iron Hands|quarkdriveatk\n|turn|8\n|\n|t:|1700578511\n|move|p2a: Walking Wake|Hydro Steam|p1a: Iron Hands\n|-damage|p1a: Iron Hands|62\/100\n|-damage|p2a: Walking Wake|0 fnt|[from] item: Life Orb\n|faint|p2a: Walking Wake\n|-end|p2a: Walking Wake|Protosynthesis|[silent]\n|move|p1a: Iron Hands|Swords Dance|p1a: Iron Hands\n|-boost|p1a: Iron Hands|atk|2\n|\n|-weather|SunnyDay|[upkeep]\n|upkeep\n|\n|t:|1700578529\n|switch|p2a: Lilligant|Lilligant-Hisui, F|100\/100\n|turn|9\n|inactive|Slo Overdose has 120 seconds left.\n|\n|t:|1700578540\n|-terastallize|p1a: Iron Hands|Fire\n|move|p2a: Lilligant|Solar Blade||[still]\n|-prepare|p2a: Lilligant|Solar Blade\n|-anim|p2a: Lilligant|Solar Blade|p1a: Iron Hands\n|-resisted|p1a: Iron Hands\n|-damage|p1a: Iron Hands|33\/100\n|-damage|p2a: Lilligant|91\/100|[from] item: Life Orb\n|move|p1a: Iron Hands|Drain Punch|p2a: Lilligant\n|-damage|p2a: Lilligant|0 fnt\n|-heal|p1a: Iron Hands|61\/100|[from] drain|[of] p2a: Lilligant\n|faint|p2a: Lilligant\n|\n|-weather|none\n|upkeep\n|\n|t:|1700578564\n|switch|p2a: Torkoal|Torkoal, M|66\/100\n|-weather|SunnyDay|[from] ability: Drought|[of] p2a: Torkoal\n|turn|10\n|\n|t:|1700578568\n|move|p1a: Iron Hands|Drain Punch|p2a: Torkoal\n|-damage|p2a: Torkoal|0 fnt\n|-heal|p1a: Iron Hands|86\/100|[from] drain|[of] p2a: Torkoal\n|faint|p2a: Torkoal\n|\n|-weather|SunnyDay|[upkeep]\n|upkeep\n|\n|t:|1700578573\n|switch|p2a: Iron Moth|Iron Moth|100\/100\n|-enditem|p2a: Iron Moth|Booster Energy\n|-activate|p2a: Iron Moth|ability: Quark Drive|[fromitem]\n|-start|p2a: Iron Moth|quarkdrivespe\n|turn|11\n|\n|t:|1700578578\n|move|p2a: Iron Moth|Sludge Wave|p1a: Iron Hands\n|-damage|p1a: Iron Hands|46\/100\n|move|p1a: Iron Hands|Thunder Punch|p2a: Iron Moth\n|-damage|p2a: Iron Moth|0 fnt\n|faint|p2a: Iron Moth\n|-end|p2a: Iron Moth|Quark Drive|[silent]\n|\n|-weather|SunnyDay|[upkeep]\n|upkeep\n|\n|t:|1700578581\n|switch|p2a: Kingambit|Kingambit, F|100\/100\n|-activate|p2a: Kingambit|ability: Supreme Overlord\n|-start|p2a: Kingambit|fallen5|[silent]\n|turn|12\n|\n|t:|1700578591\n|move|p2a: Kingambit|Sucker Punch|p1a: Iron Hands\n|-damage|p1a: Iron Hands|3\/100\n|move|p1a: Iron Hands|Drain Punch|p2a: Kingambit\n|-supereffective|p2a: Kingambit\n|-damage|p2a: Kingambit|0 fnt\n|-heal|p1a: Iron Hands|48\/100|[from] drain|[of] p2a: Kingambit\n|faint|p2a: Kingambit\n|-end|p2a: Kingambit|fallen5|[silent]\n|\n|win|Slo Overdose\n|raw|Slo Overdose's rating: 1431 &rarr; <strong>1448<\/strong><br \/>(+17 for winning)\n|raw|R3DL0G's rating: 1374 &rarr; <strong>1357<\/strong><br \/>(-17 for losing)\n|l|\u2606R3DL0G\n","uploadtime":1700578602,"views":7,"p1id":"slooverdose","p2id":"r3dl0g","formatid":"gen9ou","rating":1357,"private":0,"password":""}