{"id":"gen9ou-1992817940","p1":"TwiceStan","p2":"lord of noodle","format":"[Gen 9] OU","log":"|j|\u2606TwiceStan\n|j|\u2606lord of noodle\n|t:|1700238085\n|gametype|singles\n|player|p1|TwiceStan|tate-masters|1216\n|player|p2|lord of noodle|hooligans|1146\n|teamsize|p1|6\n|teamsize|p2|6\n|gen|9\n|tier|[Gen 9] OU\n|rated|\n|rule|Sleep Clause Mod: Limit one foe put to sleep\n|rule|Species Clause: Limit one of each Pok\u00e9mon\n|rule|OHKO Clause: OHKO moves are banned\n|rule|Evasion Items Clause: Evasion items are banned\n|rule|Evasion Moves Clause: Evasion moves are banned\n|rule|Endless Battle Clause: Forcing endless battles is banned\n|rule|HP Percentage Mod: HP is shown in percentages\n|clearpoke\n|poke|p1|Sylveon, M|\n|poke|p1|Dragapult, M|\n|poke|p1|Umbreon, F|\n|poke|p1|Slowbro-Galar, M|\n|poke|p1|Great Tusk|\n|poke|p1|Ting-Lu|\n|poke|p2|Zapdos|\n|poke|p2|Cinderace, F|\n|poke|p2|Clefable, F|\n|poke|p2|Greninja-*, M|\n|poke|p2|Great Tusk|\n|poke|p2|Gholdengo|\n|teampreview\n|\n|t:|1700238116\n|start\n|switch|p1a: Umbreon|Umbreon, F|100\/100\n|switch|p2a: Clefable|Clefable, F|100\/100\n|turn|1\n|\n|t:|1700238128\n|move|p1a: Umbreon|Wish|p1a: Umbreon\n|move|p2a: Clefable|Moonblast|p1a: Umbreon\n|-supereffective|p1a: Umbreon\n|-damage|p1a: Umbreon|70\/100\n|\n|-heal|p1a: Umbreon|76\/100|[from] item: Leftovers\n|upkeep\n|turn|2\n|\n|t:|1700238137\n|switch|p1a: Slowbro|Slowbro-Galar, M|100\/100\n|move|p2a: Clefable|Protect||[still]\n|-fail|p2a: Clefable\n|\n|upkeep\n|turn|3\n|-activate|p1a: Slowbro|item: Quick Claw\n|\n|t:|1700238158\n|switch|p2a: Gholdengo|Gholdengo|100\/100\n|-item|p2a: Gholdengo|Air Balloon\n|move|p1a: Slowbro|Nasty Plot|p1a: Slowbro\n|-boost|p1a: Slowbro|spa|2\n|\n|upkeep\n|turn|4\n|\n|t:|1700238172\n|move|p2a: Gholdengo|Shadow Ball|p1a: Slowbro\n|-supereffective|p1a: Slowbro\n|-crit|p1a: Slowbro\n|-damage|p1a: Slowbro|0 fnt\n|faint|p1a: Slowbro\n|\n|upkeep\n|\n|t:|1700238197\n|switch|p1a: Umbreon|Umbreon, F|76\/100\n|turn|5\n|\n|t:|1700238207\n|switch|p2a: Great Tusk|Great Tusk|100\/100\n|move|p1a: Umbreon|Foul Play|p2a: Great Tusk\n|-resisted|p2a: Great Tusk\n|-damage|p2a: Great Tusk|91\/100\n|\n|-heal|p2a: Great Tusk|97\/100|[from] item: Leftovers\n|-heal|p1a: Umbreon|82\/100|[from] item: Leftovers\n|upkeep\n|turn|6\n|\n|t:|1700238227\n|switch|p1a: Dragapult|Dragapult, M|100\/100\n|move|p2a: Great Tusk|Stealth Rock|p1a: Dragapult\n|-sidestart|p1: TwiceStan|move: Stealth Rock\n|\n|-heal|p2a: Great Tusk|100\/100|[from] item: Leftovers\n|upkeep\n|turn|7\n|\n|t:|1700238245\n|-terastallize|p1a: Dragapult|Dragon\n|move|p1a: Dragapult|Draco Meteor|p2a: Great Tusk\n|-damage|p2a: Great Tusk|0 fnt\n|-unboost|p1a: Dragapult|spa|2\n|faint|p2a: Great Tusk\n|-end|p2a: Great Tusk|Protosynthesis|[silent]\n|\n|upkeep\n|\n|t:|1700238263\n|switch|p2a: Greninja|Greninja, M|100\/100\n|turn|8\n|\n|t:|1700238269\n|switch|p1a: Umbreon|Umbreon, F|82\/100\n|-damage|p1a: Umbreon|70\/100|[from] Stealth Rock\n|move|p2a: Greninja|Ice Beam|p1a: Umbreon\n|-damage|p1a: Umbreon|52\/100\n|-damage|p2a: Greninja|91\/100|[from] item: Life Orb\n|\n|-heal|p1a: Umbreon|58\/100|[from] item: Leftovers\n|upkeep\n|turn|9\n|\n|t:|1700238279\n|move|p2a: Greninja|Hydro Pump|p1a: Umbreon\n|-damage|p1a: Umbreon|26\/100\n|-damage|p2a: Greninja|81\/100|[from] item: Life Orb\n|move|p1a: Umbreon|Wish|p1a: Umbreon\n|\n|-heal|p1a: Umbreon|32\/100|[from] item: Leftovers\n|upkeep\n|turn|10\n|\n|t:|1700238292\n|move|p1a: Umbreon|Protect|p1a: Umbreon\n|-singleturn|p1a: Umbreon|Protect\n|move|p2a: Greninja|Hydro Pump|p1a: Umbreon\n|-activate|p1a: Umbreon|move: Protect\n|\n|-heal|p1a: Umbreon|82\/100|[from] move: Wish|[wisher] Umbreon\n|-heal|p1a: Umbreon|89\/100|[from] item: Leftovers\n|upkeep\n|turn|11\n|\n|t:|1700238302\n|switch|p2a: Cinderace|Cinderace, F|100\/100\n|move|p1a: Umbreon|Foul Play|p2a: Cinderace\n|-damage|p2a: Cinderace|40\/100\n|\n|-heal|p1a: Umbreon|95\/100|[from] item: Leftovers\n|upkeep\n|turn|12\n|\n|t:|1700238311\n|move|p1a: Umbreon|Protect|p1a: Umbreon\n|-singleturn|p1a: Umbreon|Protect\n|move|p2a: Cinderace|U-turn|p1a: Umbreon\n|-start|p2a: Cinderace|typechange|Bug|[from] ability: Libero\n|-activate|p1a: Umbreon|move: Protect\n|\n|-heal|p1a: Umbreon|100\/100|[from] item: Leftovers\n|upkeep\n|turn|13\n|\n|t:|1700238322\n|move|p2a: Cinderace|U-turn|p1a: Umbreon\n|-supereffective|p1a: Umbreon\n|-damage|p1a: Umbreon|22\/100\n|\n|t:|1700238326\n|switch|p2a: Clefable|Clefable, F|100\/100|[from] U-turn\n|move|p1a: Umbreon|Toxic|p2a: Clefable\n|-status|p2a: Clefable|tox\n|\n|-heal|p1a: Umbreon|28\/100|[from] item: Leftovers\n|-damage|p2a: Clefable|94\/100 tox|[from] psn\n|upkeep\n|turn|14\n|\n|t:|1700238337\n|move|p1a: Umbreon|Protect|p1a: Umbreon\n|-singleturn|p1a: Umbreon|Protect\n|move|p2a: Clefable|Moonblast|p1a: Umbreon\n|-activate|p1a: Umbreon|move: Protect\n|\n|-heal|p1a: Umbreon|35\/100|[from] item: Leftovers\n|-heal|p2a: Clefable|100\/100 tox|[from] item: Leftovers\n|-damage|p2a: Clefable|88\/100 tox|[from] psn\n|upkeep\n|turn|15\n|\n|t:|1700238349\n|move|p1a: Umbreon|Wish|p1a: Umbreon\n|move|p2a: Clefable|Wish|p2a: Clefable\n|\n|-heal|p1a: Umbreon|41\/100|[from] item: Leftovers\n|-heal|p2a: Clefable|94\/100 tox|[from] item: Leftovers\n|-damage|p2a: Clefable|76\/100 tox|[from] psn\n|upkeep\n|turn|16\n|\n|t:|1700238360\n|move|p1a: Umbreon|Foul Play|p2a: Clefable\n|-resisted|p2a: Clefable\n|-damage|p2a: Clefable|67\/100 tox\n|move|p2a: Clefable|Moonblast|p1a: Umbreon\n|-supereffective|p1a: Umbreon\n|-damage|p1a: Umbreon|7\/100\n|\n|-heal|p2a: Clefable|100\/100 tox|[from] move: Wish|[wisher] Clefable\n|-heal|p1a: Umbreon|57\/100|[from] move: Wish|[wisher] Umbreon\n|-heal|p1a: Umbreon|63\/100|[from] item: Leftovers\n|-damage|p2a: Clefable|76\/100 tox|[from] psn\n|upkeep\n|turn|17\n|\n|t:|1700238377\n|switch|p2a: Zapdos|Zapdos|100\/100\n|move|p1a: Umbreon|Wish|p1a: Umbreon\n|\n|-heal|p1a: Umbreon|69\/100|[from] item: Leftovers\n|upkeep\n|turn|18\n|\n|t:|1700238403\n|move|p2a: Zapdos|Hurricane|p1a: Umbreon|[miss]\n|-miss|p2a: Zapdos|p1a: Umbreon\n|move|p1a: Umbreon|Toxic|p2a: Zapdos\n|-status|p2a: Zapdos|tox\n|\n|-heal|p1a: Umbreon|100\/100|[from] move: Wish|[wisher] Umbreon\n|-damage|p2a: Zapdos|94\/100 tox|[from] psn\n|upkeep\n|turn|19\n|\n|t:|1700238416\n|move|p1a: Umbreon|Protect|p1a: Umbreon\n|-singleturn|p1a: Umbreon|Protect\n|move|p2a: Zapdos|Hurricane|p1a: Umbreon\n|-activate|p1a: Umbreon|move: Protect\n|\n|-damage|p2a: Zapdos|82\/100 tox|[from] psn\n|upkeep\n|turn|20\n|\n|t:|1700238426\n|move|p2a: Zapdos|Hurricane|p1a: Umbreon\n|-damage|p1a: Umbreon|72\/100\n|-start|p1a: Umbreon|confusion\n|-activate|p1a: Umbreon|confusion\n|move|p1a: Umbreon|Wish|p1a: Umbreon\n|\n|-heal|p1a: Umbreon|78\/100|[from] item: Leftovers\n|-damage|p2a: Zapdos|63\/100 tox|[from] psn\n|upkeep\n|turn|21\n|\n|t:|1700238436\n|switch|p1a: Sylveon|Sylveon, M|100\/100\n|-damage|p1a: Sylveon|88\/100|[from] Stealth Rock\n|move|p2a: Zapdos|Volt Switch|p1a: Sylveon\n|-crit|p1a: Sylveon\n|-damage|p1a: Sylveon|52\/100\n|\n|t:|1700238442\n|switch|p2a: Gholdengo|Gholdengo|100\/100|[from] Volt Switch\n|-item|p2a: Gholdengo|Air Balloon\n|\n|-heal|p1a: Sylveon|100\/100|[from] move: Wish|[wisher] Umbreon\n|upkeep\n|turn|22\n|\n|t:|1700238450\n|move|p1a: Sylveon|Protect|p1a: Sylveon\n|-singleturn|p1a: Sylveon|Protect\n|move|p2a: Gholdengo|Nasty Plot|p2a: Gholdengo\n|-boost|p2a: Gholdengo|spa|2\n|\n|upkeep\n|turn|23\n|\n|t:|1700238461\n|move|p2a: Gholdengo|Make It Rain|p1a: Sylveon\n|-supereffective|p1a: Sylveon\n|-damage|p1a: Sylveon|0 fnt\n|-unboost|p2a: Gholdengo|spa|1\n|faint|p1a: Sylveon\n|\n|upkeep\n|\n|t:|1700238470\n|switch|p1a: Dragapult|Dragapult, M, tera:Dragon|100\/100\n|-damage|p1a: Dragapult|88\/100|[from] Stealth Rock\n|turn|24\n|\n|t:|1700238483\n|switch|p2a: Zapdos|Zapdos|63\/100 tox\n|move|p1a: Dragapult|Shadow Ball|p2a: Zapdos\n|-damage|p2a: Zapdos|5\/100 tox\n|\n|-damage|p2a: Zapdos|0 fnt|[from] psn\n|faint|p2a: Zapdos\n|upkeep\n|\n|t:|1700238491\n|switch|p2a: Clefable|Clefable, F|76\/100 tox\n|turn|25\n|\n|t:|1700238502\n|switch|p1a: Umbreon|Umbreon, F|78\/100\n|-damage|p1a: Umbreon|66\/100|[from] Stealth Rock\n|move|p2a: Clefable|Moonblast|p1a: Umbreon\n|-supereffective|p1a: Umbreon\n|-damage|p1a: Umbreon|34\/100\n|\n|-heal|p1a: Umbreon|40\/100|[from] item: Leftovers\n|-heal|p2a: Clefable|82\/100 tox|[from] item: Leftovers\n|-damage|p2a: Clefable|76\/100 tox|[from] psn\n|upkeep\n|turn|26\n|\n|t:|1700238514\n|move|p1a: Umbreon|Protect|p1a: Umbreon\n|-singleturn|p1a: Umbreon|Protect\n|move|p2a: Clefable|Wish|p2a: Clefable\n|\n|-heal|p1a: Umbreon|46\/100|[from] item: Leftovers\n|-heal|p2a: Clefable|82\/100 tox|[from] item: Leftovers\n|-damage|p2a: Clefable|70\/100 tox|[from] psn\n|upkeep\n|turn|27\n|\n|t:|1700238524\n|move|p1a: Umbreon|Wish|p1a: Umbreon\n|move|p2a: Clefable|Moonblast|p1a: Umbreon\n|-supereffective|p1a: Umbreon\n|-damage|p1a: Umbreon|12\/100\n|\n|-heal|p2a: Clefable|100\/100 tox|[from] move: Wish|[wisher] Clefable\n|-heal|p1a: Umbreon|18\/100|[from] item: Leftovers\n|-damage|p2a: Clefable|82\/100 tox|[from] psn\n|upkeep\n|turn|28\n|\n|t:|1700238542\n|switch|p2a: Cinderace|Cinderace, F|40\/100\n|move|p1a: Umbreon|Protect||[still]\n|-fail|p1a: Umbreon\n|\n|-heal|p1a: Umbreon|68\/100|[from] move: Wish|[wisher] Umbreon\n|-heal|p1a: Umbreon|74\/100|[from] item: Leftovers\n|upkeep\n|turn|29\n|\n|t:|1700238554\n|move|p2a: Cinderace|High Jump Kick|p1a: Umbreon\n|-start|p2a: Cinderace|typechange|Fighting|[from] ability: Libero\n|-supereffective|p1a: Umbreon\n|-damage|p1a: Umbreon|0 fnt\n|faint|p1a: Umbreon\n|\n|upkeep\n|\n|t:|1700238566\n|switch|p1a: Great Tusk|Great Tusk|100\/100\n|-damage|p1a: Great Tusk|98\/100|[from] Stealth Rock\n|-enditem|p1a: Great Tusk|Booster Energy\n|-activate|p1a: Great Tusk|ability: Protosynthesis|[fromitem]\n|-start|p1a: Great Tusk|protosynthesisspe\n|turn|30\n|\n|t:|1700238579\n|move|p1a: Great Tusk|Rapid Spin|p2a: Cinderace\n|-damage|p2a: Cinderace|18\/100\n|-boost|p1a: Great Tusk|spe|1\n|-sideend|p1: TwiceStan|Stealth Rock|[from] move: Rapid Spin|[of] p1a: Great Tusk\n|move|p2a: Cinderace|High Jump Kick|p1a: Great Tusk\n|-damage|p1a: Great Tusk|30\/100\n|\n|upkeep\n|turn|31\n|\n|t:|1700238594\n|move|p1a: Great Tusk|Rapid Spin|p2a: Cinderace\n|-damage|p2a: Cinderace|0 fnt\n|-boost|p1a: Great Tusk|spe|1\n|faint|p2a: Cinderace\n|\n|upkeep\n|\n|t:|1700238597\n|switch|p2a: Greninja|Greninja, M|81\/100\n|turn|32\n|\n|t:|1700238605\n|move|p2a: Greninja|Shadow Sneak|p1a: Great Tusk\n|-damage|p1a: Great Tusk|23\/100\n|-damage|p2a: Greninja|71\/100|[from] item: Life Orb\n|move|p1a: Great Tusk|Close Combat|p2a: Greninja\n|-supereffective|p2a: Greninja\n|-damage|p2a: Greninja|0 fnt\n|-unboost|p1a: Great Tusk|def|1\n|-unboost|p1a: Great Tusk|spd|1\n|faint|p2a: Greninja\n|\n|upkeep\n|\n|t:|1700238616\n|switch|p2a: Clefable|Clefable, F|82\/100 tox\n|turn|33\n|\n|t:|1700238623\n|move|p1a: Great Tusk|Stealth Rock|p2a: Clefable\n|-sidestart|p2: lord of noodle|move: Stealth Rock\n|move|p2a: Clefable|Moonblast|p1a: Great Tusk\n|-supereffective|p1a: Great Tusk\n|-damage|p1a: Great Tusk|0 fnt\n|faint|p1a: Great Tusk\n|-end|p1a: Great Tusk|Protosynthesis|[silent]\n|\n|-heal|p2a: Clefable|88\/100 tox|[from] item: Leftovers\n|-damage|p2a: Clefable|82\/100 tox|[from] psn\n|upkeep\n|\n|t:|1700238635\n|switch|p1a: Ting-Lu|Ting-Lu|100\/100\n|-ability|p1a: Ting-Lu|Vessel of Ruin\n|turn|34\n|\n|t:|1700238646\n|move|p2a: Clefable|Wish|p2a: Clefable\n|move|p1a: Ting-Lu|Spikes|p2a: Clefable\n|-sidestart|p2: lord of noodle|Spikes\n|\n|-heal|p2a: Clefable|88\/100 tox|[from] item: Leftovers\n|-damage|p2a: Clefable|76\/100 tox|[from] psn\n|upkeep\n|turn|35\n|\n|t:|1700238654\n|move|p2a: Clefable|Moonblast|p1a: Ting-Lu\n|-supereffective|p1a: Ting-Lu\n|-damage|p1a: Ting-Lu|74\/100\n|-unboost|p1a: Ting-Lu|spa|1\n|move|p1a: Ting-Lu|Ruination|p2a: Clefable\n|-damage|p2a: Clefable|38\/100 tox\n|\n|-heal|p2a: Clefable|88\/100 tox|[from] move: Wish|[wisher] Clefable\n|-heal|p2a: Clefable|94\/100 tox|[from] item: Leftovers\n|-heal|p1a: Ting-Lu|81\/100|[from] item: Leftovers\n|-damage|p2a: Clefable|76\/100 tox|[from] psn\n|upkeep\n|turn|36\n|\n|t:|1700238668\n|switch|p2a: Gholdengo|Gholdengo|100\/100\n|-damage|p2a: Gholdengo|94\/100|[from] Stealth Rock\n|-item|p2a: Gholdengo|Air Balloon\n|move|p1a: Ting-Lu|Ruination|p2a: Gholdengo\n|-damage|p2a: Gholdengo|47\/100\n|-enditem|p2a: Gholdengo|Air Balloon\n|\n|-heal|p1a: Ting-Lu|87\/100|[from] item: Leftovers\n|upkeep\n|turn|37\n|\n|t:|1700238683\n|move|p2a: Gholdengo|Make It Rain|p1a: Ting-Lu\n|-damage|p1a: Ting-Lu|61\/100\n|-unboost|p2a: Gholdengo|spa|1\n|move|p1a: Ting-Lu|Whirlwind|p2a: Gholdengo\n|-immune|p2a: Gholdengo|[from] ability: Good as Gold\n|\n|-heal|p1a: Ting-Lu|67\/100|[from] item: Leftovers\n|upkeep\n|turn|38\n|\n|t:|1700238697\n|move|p2a: Gholdengo|Recover|p2a: Gholdengo\n|-heal|p2a: Gholdengo|98\/100\n|move|p1a: Ting-Lu|Ruination|p2a: Gholdengo\n|-damage|p2a: Gholdengo|49\/100\n|\n|-heal|p1a: Ting-Lu|73\/100|[from] item: Leftovers\n|upkeep\n|turn|39\n|\n|t:|1700238706\n|switch|p1a: Dragapult|Dragapult, M, tera:Dragon|88\/100\n|move|p2a: Gholdengo|Nasty Plot|p2a: Gholdengo\n|-boost|p2a: Gholdengo|spa|2\n|\n|upkeep\n|turn|40\n|\n|t:|1700238714\n|-terastallize|p2a: Gholdengo|Fighting\n|move|p1a: Dragapult|Shadow Ball|p2a: Gholdengo\n|-damage|p2a: Gholdengo|0 fnt\n|faint|p2a: Gholdengo\n|\n|upkeep\n|\n|t:|1700238718\n|switch|p2a: Clefable|Clefable, F|76\/100 tox\n|-damage|p2a: Clefable|64\/100 tox|[from] Stealth Rock\n|-damage|p2a: Clefable|52\/100 tox|[from] Spikes\n|turn|41\n|\n|t:|1700238728\n|move|p1a: Dragapult|Shadow Ball|p2a: Clefable\n|-damage|p2a: Clefable|4\/100 tox\n|-unboost|p2a: Clefable|spd|1\n|move|p2a: Clefable|Moonblast|p1a: Dragapult\n|-supereffective|p1a: Dragapult\n|-damage|p1a: Dragapult|9\/100\n|-unboost|p1a: Dragapult|spa|1\n|\n|-heal|p2a: Clefable|10\/100 tox|[from] item: Leftovers\n|-damage|p2a: Clefable|4\/100 tox|[from] psn\n|upkeep\n|turn|42\n|\n|t:|1700238741\n|move|p2a: Clefable|Protect|p2a: Clefable\n|-singleturn|p2a: Clefable|Protect\n|move|p1a: Dragapult|Shadow Ball|p2a: Clefable\n|-activate|p2a: Clefable|move: Protect\n|\n|-heal|p2a: Clefable|10\/100 tox|[from] item: Leftovers\n|-damage|p2a: Clefable|0 fnt|[from] psn\n|faint|p2a: Clefable\n|\n|win|TwiceStan\n|upkeep\n|raw|TwiceStan's rating: 1216 &rarr; <strong>1236<\/strong><br \/>(+20 for winning)\n|raw|lord of noodle's rating: 1146 &rarr; <strong>1126<\/strong><br \/>(-20 for losing)\n|l|\u2606lord of noodle\n","uploadtime":1700238763,"views":9,"p1id":"twicestan","p2id":"lordofnoodle","formatid":"gen9ou","rating":1126,"private":0,"password":""}