{"id":"gen9ou-1999775667","p1":"NightwalkerYt","p2":"claviculacarvinc","format":"[Gen 9] OU","log":"|j|\u203dNightwalkerYt\n|j|\u2606claviculacarvinc\n|t:|1701115603\n|gametype|singles\n|player|p1|NightwalkerYt|ethan|1130\n|player|p2|claviculacarvinc|cress|1213\n|teamsize|p1|6\n|teamsize|p2|6\n|gen|9\n|tier|[Gen 9] OU\n|rated|\n|rule|Sleep Clause Mod: Limit one foe put to sleep\n|rule|Species Clause: Limit one of each Pok\u00e9mon\n|rule|OHKO Clause: OHKO moves are banned\n|rule|Evasion Items Clause: Evasion items are banned\n|rule|Evasion Moves Clause: Evasion moves are banned\n|rule|Endless Battle Clause: Forcing endless battles is banned\n|rule|HP Percentage Mod: HP is shown in percentages\n|clearpoke\n|poke|p1|Pelipper, F|\n|poke|p1|Ogerpon-Wellspring, F|\n|poke|p1|Samurott-Hisui, M|\n|poke|p1|Zapdos|\n|poke|p1|Alomomola, M|\n|poke|p1|Scizor, F|\n|poke|p2|Jolteon, F|\n|poke|p2|Landorus-Therian, M|\n|poke|p2|Rotom-Wash|\n|poke|p2|Grimmsnarl, M|\n|poke|p2|Dragapult, F|\n|poke|p2|Cinderace, F|\n|teampreview\n|\n|t:|1701115612\n|start\n|switch|p1a: Pelipper|Pelipper, F|100\/100\n|switch|p2a: Jolteon|Jolteon, F|100\/100\n|-weather|RainDance|[from] ability: Drizzle|[of] p1a: Pelipper\n|turn|1\n|\n|t:|1701115622\n|switch|p1a: Zapdos|Zapdos|100\/100\n|move|p2a: Jolteon|Volt Switch|p1a: Zapdos\n|-damage|p1a: Zapdos|63\/100\n|\n|t:|1701115646\n|switch|p2a: Landorus|Landorus-Therian, M|100\/100|[from] Volt Switch\n|-ability|p2a: Landorus|Intimidate|boost\n|-unboost|p1a: Zapdos|atk|1\n|\n|-weather|RainDance|[upkeep]\n|upkeep\n|turn|2\n|inactive|Battle timer is ON: inactive players will automatically lose when time's up. (requested by NightwalkerYt)\n|\n|t:|1701115652\n|move|p2a: Landorus|Rock Slide|p1a: Zapdos\n|-supereffective|p1a: Zapdos\n|-damage|p1a: Zapdos|0 fnt\n|faint|p1a: Zapdos\n|\n|-weather|RainDance|[upkeep]\n|upkeep\n|\n|t:|1701115662\n|switch|p1a: Samurott|Samurott-Hisui, M|100\/100\n|turn|3\n|\n|t:|1701115671\n|switch|p2a: Rotom|Rotom-Wash|100\/100\n|move|p1a: Samurott|Knock Off|p2a: Rotom\n|-damage|p2a: Rotom|67\/100\n|-enditem|p2a: Rotom|Leftovers|[from] move: Knock Off|[of] p1a: Samurott\n|\n|-weather|RainDance|[upkeep]\n|upkeep\n|turn|4\n|\n|t:|1701115683\n|switch|p1a: Alomomola|Alomomola, M|100\/100\n|move|p2a: Rotom|Volt Switch|p1a: Alomomola\n|-supereffective|p1a: Alomomola\n|-damage|p1a: Alomomola|44\/100\n|\n|t:|1701115688\n|switch|p2a: Jolteon|Jolteon, F|100\/100|[from] Volt Switch\n|\n|-weather|RainDance|[upkeep]\n|-heal|p1a: Alomomola|50\/100|[from] item: Leftovers\n|upkeep\n|turn|5\n|\n|t:|1701115705\n|move|p1a: Alomomola|Protect|p1a: Alomomola\n|-singleturn|p1a: Alomomola|Protect\n|move|p2a: Jolteon|Volt Switch|p1a: Alomomola\n|-activate|p1a: Alomomola|move: Protect\n|\n|-weather|RainDance|[upkeep]\n|-heal|p1a: Alomomola|57\/100|[from] item: Leftovers\n|upkeep\n|turn|6\n|\n|t:|1701115714\n|switch|p1a: Scizor|Scizor, F|100\/100\n|move|p2a: Jolteon|Volt Switch|p1a: Scizor\n|-damage|p1a: Scizor|64\/100\n|\n|t:|1701115722\n|switch|p2a: Rotom|Rotom-Wash|67\/100|[from] Volt Switch\n|\n|-weather|RainDance|[upkeep]\n|upkeep\n|turn|7\n|inactive|NightwalkerYt has 120 seconds left.\n|\n|t:|1701115754\n|move|p2a: Rotom|Will-O-Wisp|p1a: Scizor\n|-status|p1a: Scizor|brn\n|move|p1a: Scizor|Close Combat|p2a: Rotom\n|-damage|p2a: Rotom|49\/100\n|-unboost|p1a: Scizor|def|1\n|-unboost|p1a: Scizor|spd|1\n|\n|-weather|RainDance|[upkeep]\n|-damage|p1a: Scizor|58\/100 brn|[from] brn\n|upkeep\n|turn|8\n|inactive|NightwalkerYt has 120 seconds left.\n|\n|t:|1701115770\n|move|p2a: Rotom|Volt Switch|p1a: Scizor\n|-damage|p1a: Scizor|15\/100 brn\n|\n|t:|1701115774\n|switch|p2a: Landorus|Landorus-Therian, M|100\/100|[from] Volt Switch\n|-ability|p2a: Landorus|Intimidate|boost\n|-unboost|p1a: Scizor|atk|1\n|move|p1a: Scizor|Close Combat|p2a: Landorus\n|-resisted|p2a: Landorus\n|-damage|p2a: Landorus|91\/100\n|-unboost|p1a: Scizor|def|1\n|-unboost|p1a: Scizor|spd|1\n|\n|-weather|none\n|-damage|p1a: Scizor|9\/100 brn|[from] brn\n|upkeep\n|turn|9\n|inactive|NightwalkerYt has 120 seconds left.\n|inactive|NightwalkerYt has 90 seconds left.\n|n|\u2606NightwalkerYt|nightwalkeryt\n|c|\u2606NightwalkerYt|This was why I was always switching. gg you won\n|\n|t:|1701115843\n|move|p1a: Scizor|Bullet Punch|p2a: Landorus\n|-damage|p2a: Landorus|78\/100\n|move|p2a: Landorus|U-turn|p1a: Scizor\n|-resisted|p1a: Scizor\n|-damage|p1a: Scizor|0 fnt\n|faint|p1a: Scizor\n|inactive|claviculacarvinc has 120 seconds left.\n|\n|t:|1701115872\n|switch|p2a: Rotom|Rotom-Wash|49\/100|[from] U-turn\n|\n|upkeep\n|\n|t:|1701115886\n|switch|p1a: Samurott|Samurott-Hisui, M|100\/100\n|turn|10\n|\n|t:|1701115891\n|move|p1a: Samurott|Ceaseless Edge|p2a: Rotom\n|-crit|p2a: Rotom\n|-damage|p2a: Rotom|0 fnt\n|-sidestart|p2: claviculacarvinc|Spikes\n|faint|p2a: Rotom\n|\n|upkeep\n|\n|t:|1701115897\n|switch|p2a: Cinderace|Cinderace, F|100\/100\n|turn|11\n|\n|t:|1701115902\n|switch|p1a: Alomomola|Alomomola, M|90\/100\n|move|p2a: Cinderace|High Jump Kick|p1a: Alomomola\n|-start|p2a: Cinderace|typechange|Fighting|[from] ability: Libero\n|-damage|p1a: Alomomola|59\/100\n|\n|-heal|p1a: Alomomola|65\/100|[from] item: Leftovers\n|upkeep\n|turn|12\n|inactive|NightwalkerYt has 90 seconds left.\n|\n|t:|1701115914\n|move|p2a: Cinderace|Court Change|p2a: Cinderace\n|-swapsideconditions\n|-activate|p2a: Cinderace|move: Court Change\n|move|p1a: Alomomola|Scald|p2a: Cinderace\n|-damage|p2a: Cinderace|80\/100\n|\n|-heal|p1a: Alomomola|71\/100|[from] item: Leftovers\n|upkeep\n|turn|13\n|inactive|NightwalkerYt has 90 seconds left.\n|\n|t:|1701115922\n|move|p2a: Cinderace|U-turn|p1a: Alomomola\n|-damage|p1a: Alomomola|60\/100\n|\n|t:|1701115925\n|switch|p2a: Jolteon|Jolteon, F|100\/100|[from] U-turn\n|move|p1a: Alomomola|Scald|p2a: Jolteon\n|-damage|p2a: Jolteon|82\/100\n|\n|-heal|p1a: Alomomola|66\/100|[from] item: Leftovers\n|upkeep\n|turn|14\n|\n|t:|1701115933\n|move|p1a: Alomomola|Protect|p1a: Alomomola\n|-singleturn|p1a: Alomomola|Protect\n|move|p2a: Jolteon|Thunderbolt|p1a: Alomomola\n|-activate|p1a: Alomomola|move: Protect\n|\n|-heal|p1a: Alomomola|72\/100|[from] item: Leftovers\n|upkeep\n|turn|15\n|inactive|NightwalkerYt has 90 seconds left.\n|\n|t:|1701115959\n|move|p2a: Jolteon|Thunderbolt|p1a: Alomomola\n|-supereffective|p1a: Alomomola\n|-damage|p1a: Alomomola|0 fnt\n|faint|p1a: Alomomola\n|\n|upkeep\n|\n|t:|1701115963\n|switch|p1a: Samurott|Samurott-Hisui, M|100\/100\n|-damage|p1a: Samurott|88\/100|[from] Spikes\n|turn|16\n|\n|t:|1701115972\n|move|p1a: Samurott|Knock Off|p2a: Jolteon\n|-damage|p2a: Jolteon|0 fnt\n|-enditem|p2a: Jolteon|Black Belt|[from] move: Knock Off|[of] p1a: Samurott\n|faint|p2a: Jolteon\n|\n|upkeep\n|\n|t:|1701115979\n|switch|p2a: Cinderace|Cinderace, F|80\/100\n|turn|17\n|\n|t:|1701115987\n|switch|p1a: Pelipper|Pelipper, F|100\/100\n|-weather|RainDance|[from] ability: Drizzle|[of] p1a: Pelipper\n|move|p2a: Cinderace|U-turn|p1a: Pelipper\n|-start|p2a: Cinderace|typechange|Bug|[from] ability: Libero\n|-resisted|p1a: Pelipper\n|-damage|p1a: Pelipper|83\/100\n|\n|t:|1701115997\n|switch|p2a: Dragapult|Dragapult, F|100\/100|[from] U-turn\n|\n|-weather|RainDance|[upkeep]\n|upkeep\n|turn|18\n|\n|t:|1701116003\n|move|p2a: Dragapult|Outrage|p1a: Pelipper\n|-damage|p1a: Pelipper|0 fnt\n|faint|p1a: Pelipper\n|\n|-weather|RainDance|[upkeep]\n|upkeep\n|\n|t:|1701116008\n|switch|p1a: Samurott|Samurott-Hisui, M|88\/100\n|-damage|p1a: Samurott|76\/100|[from] Spikes\n|turn|19\n|\n|t:|1701116014\n|move|p1a: Samurott|Knock Off|p2a: Dragapult\n|-supereffective|p2a: Dragapult\n|-damage|p2a: Dragapult|0 fnt\n|-enditem|p2a: Dragapult|Choice Band|[from] move: Knock Off|[of] p1a: Samurott\n|faint|p2a: Dragapult\n|\n|-weather|RainDance|[upkeep]\n|upkeep\n|\n|t:|1701116020\n|switch|p2a: Cinderace|Cinderace, F|80\/100\n|turn|20\n|\n|t:|1701116024\n|move|p1a: Samurott|Knock Off|p2a: Cinderace\n|-damage|p2a: Cinderace|21\/100\n|-enditem|p2a: Cinderace|Heavy-Duty Boots|[from] move: Knock Off|[of] p1a: Samurott\n|move|p2a: Cinderace|High Jump Kick|p1a: Samurott|[miss]\n|-start|p2a: Cinderace|typechange|Fighting|[from] ability: Libero\n|-miss|p2a: Cinderace|p1a: Samurott\n|-damage|p2a: Cinderace|0 fnt|[from] highjumpkick\n|faint|p2a: Cinderace\n|\n|-weather|RainDance|[upkeep]\n|upkeep\n|\n|t:|1701116033\n|switch|p2a: Grimmsnarl|Grimmsnarl, M|100\/100\n|turn|21\n|\n|t:|1701116037\n|switch|p1a: Ogerpon|Ogerpon-Wellspring, F|100\/100\n|-damage|p1a: Ogerpon|88\/100|[from] Spikes\n|move|p2a: Grimmsnarl|Play Rough|p1a: Ogerpon\n|-damage|p1a: Ogerpon|41\/100\n|\n|-weather|RainDance|[upkeep]\n|upkeep\n|turn|22\n|\n|t:|1701116048\n|move|p1a: Ogerpon|Ivy Cudgel|p2a: Grimmsnarl|[anim] Ivy Cudgel Water\n|-damage|p2a: Grimmsnarl|0 fnt\n|faint|p2a: Grimmsnarl\n|\n|-weather|RainDance|[upkeep]\n|upkeep\n|\n|t:|1701116053\n|switch|p2a: Landorus|Landorus-Therian, M|78\/100\n|-ability|p2a: Landorus|Intimidate|boost\n|-unboost|p1a: Ogerpon|atk|1\n|turn|23\n|\n|t:|1701116057\n|move|p2a: Landorus|U-turn|p1a: Ogerpon\n|-supereffective|p1a: Ogerpon\n|-damage|p1a: Ogerpon|0 fnt\n|faint|p1a: Ogerpon\n|\n|-weather|RainDance|[upkeep]\n|upkeep\n|\n|t:|1701116063\n|switch|p1a: Samurott|Samurott-Hisui, M|76\/100\n|-damage|p1a: Samurott|63\/100|[from] Spikes\n|turn|24\n|\n|t:|1701116068\n|-terastallize|p1a: Samurott|Poison\n|move|p2a: Landorus|U-turn|p1a: Samurott\n|-resisted|p1a: Samurott\n|-damage|p1a: Samurott|46\/100\n|move|p1a: Samurott|Razor Shell|p2a: Landorus\n|-supereffective|p2a: Landorus\n|-damage|p2a: Landorus|0 fnt\n|faint|p2a: Landorus\n|\n|win|NightwalkerYt\n|raw|NightwalkerYt's rating: 1130 &rarr; <strong>1161<\/strong><br \/>(+31 for winning)\n|raw|claviculacarvinc's rating: 1213 &rarr; <strong>1182<\/strong><br \/>(-31 for losing)\n|c|\u2606NightwalkerYt|gg\n|l|\u2606claviculacarvinc\n","uploadtime":1701116080,"views":4,"p1id":"nightwalkeryt","p2id":"claviculacarvinc","formatid":"gen9ou","rating":1161,"private":0,"password":""}