{"id":"gen9ou-1991806565","p1":"wyverbal","p2":"brizy","format":"[Gen 9] OU","log":"|j|\u2606wyverbal\n|j|\u2606brizy\n|t:|1700120867\n|gametype|singles\n|player|p1|wyverbal|169|1119\n|player|p2|brizy|102|1182\n|teamsize|p1|6\n|teamsize|p2|6\n|gen|9\n|tier|[Gen 9] OU\n|rated|\n|rule|Sleep Clause Mod: Limit one foe put to sleep\n|rule|Species Clause: Limit one of each Pok\u00e9mon\n|rule|OHKO Clause: OHKO moves are banned\n|rule|Evasion Items Clause: Evasion items are banned\n|rule|Evasion Moves Clause: Evasion moves are banned\n|rule|Endless Battle Clause: Forcing endless battles is banned\n|rule|HP Percentage Mod: HP is shown in percentages\n|clearpoke\n|poke|p1|Armarouge, F|\n|poke|p1|Revavroom, M|\n|poke|p1|Veluza, F|\n|poke|p1|Chesnaught, M|\n|poke|p1|Vaporeon, F|\n|poke|p1|Scizor, F|\n|poke|p2|Muk-Alola, M|\n|poke|p2|Persian-Alola, M|\n|poke|p2|Conkeldurr, M|\n|poke|p2|Gardevoir, M|\n|poke|p2|Zapdos|\n|poke|p2|Great Tusk|\n|teampreview\n|inactive|Battle timer is ON: inactive players will automatically lose when time's up. (requested by wyverbal)\n|inactive|brizy has 120 seconds left.\n|\n|t:|1700120904\n|start\n|switch|p1a: Veluza|Veluza, F, shiny|100\/100\n|switch|p2a: Conkeldurr|Conkeldurr, M|100\/100\n|-ability|p1a: Veluza|Mold Breaker\n|turn|1\n|\n|t:|1700120914\n|switch|p2a: Zapdos|Zapdos|100\/100\n|move|p1a: Veluza|Zen Headbutt|p2a: Zapdos\n|-damage|p2a: Zapdos|69\/100\n|-damage|p1a: Veluza|84\/100|[from] item: Rocky Helmet|[of] p2a: Zapdos\n|\n|upkeep\n|turn|2\n|\n|t:|1700120926\n|switch|p1a: Armarouge|Armarouge, F, shiny|100\/100\n|move|p2a: Zapdos|Roost|p2a: Zapdos\n|-heal|p2a: Zapdos|100\/100\n|-singleturn|p2a: Zapdos|move: Roost\n|\n|upkeep\n|turn|3\n|\n|t:|1700120935\n|move|p2a: Zapdos|Rain Dance|p2a: Zapdos\n|-weather|RainDance\n|move|p1a: Armarouge|Armor Cannon|p2a: Zapdos\n|-damage|p2a: Zapdos|68\/100\n|-unboost|p1a: Armarouge|def|1\n|-unboost|p1a: Armarouge|spd|1\n|\n|-weather|RainDance|[upkeep]\n|upkeep\n|turn|4\n|\n|t:|1700120944\n|switch|p1a: Veluza|Veluza, F, shiny|84\/100\n|-ability|p1a: Veluza|Mold Breaker\n|move|p2a: Zapdos|Weather Ball|p1a: Veluza\n|-resisted|p1a: Veluza\n|-damage|p1a: Veluza|49\/100\n|\n|-weather|RainDance|[upkeep]\n|upkeep\n|turn|5\n|\n|t:|1700120953\n|move|p1a: Veluza|Flip Turn|p2a: Zapdos\n|-damage|p2a: Zapdos|37\/100\n|-damage|p1a: Veluza|32\/100|[from] item: Rocky Helmet|[of] p2a: Zapdos\n|\n|t:|1700120962\n|switch|p1a: Chesnaught|Chesnaught, M, shiny|100\/100|[from] Flip Turn\n|move|p2a: Zapdos|Discharge|p1a: Chesnaught\n|-resisted|p1a: Chesnaught\n|-damage|p1a: Chesnaught|77\/100\n|\n|-weather|RainDance|[upkeep]\n|-heal|p1a: Chesnaught|83\/100|[from] item: Leftovers\n|upkeep\n|turn|6\n|\n|t:|1700120972\n|move|p2a: Zapdos|Roost|p2a: Zapdos\n|-heal|p2a: Zapdos|87\/100\n|-singleturn|p2a: Zapdos|move: Roost\n|move|p1a: Chesnaught|Leech Seed|p2a: Zapdos\n|-start|p2a: Zapdos|move: Leech Seed\n|\n|-weather|RainDance|[upkeep]\n|-heal|p1a: Chesnaught|89\/100|[from] item: Leftovers\n|-damage|p2a: Zapdos|75\/100|[from] Leech Seed|[of] p1a: Chesnaught\n|-heal|p1a: Chesnaught|100\/100|[silent]\n|upkeep\n|turn|7\n|\n|t:|1700120986\n|switch|p2a: Gardevoir|Gardevoir, M|100\/100\n|-ability|p2a: Gardevoir|Bulletproof|[from] ability: Trace|[of] p1a: Chesnaught\n|move|p1a: Chesnaught|Iron Defense|p1a: Chesnaught\n|-boost|p1a: Chesnaught|def|2\n|\n|-weather|none\n|upkeep\n|turn|8\n|\n|t:|1700121002\n|move|p2a: Gardevoir|Charge Beam|p1a: Chesnaught\n|-resisted|p1a: Chesnaught\n|-damage|p1a: Chesnaught|89\/100\n|-boost|p2a: Gardevoir|spa|1\n|move|p1a: Chesnaught|Leech Seed|p2a: Gardevoir\n|-start|p2a: Gardevoir|move: Leech Seed\n|\n|-heal|p1a: Chesnaught|95\/100|[from] item: Leftovers\n|-damage|p2a: Gardevoir|88\/100|[from] Leech Seed|[of] p1a: Chesnaught\n|-heal|p1a: Chesnaught|100\/100|[silent]\n|upkeep\n|turn|9\n|\n|t:|1700121014\n|move|p2a: Gardevoir|Charge Beam|p1a: Chesnaught\n|-resisted|p1a: Chesnaught\n|-damage|p1a: Chesnaught|83\/100\n|-boost|p2a: Gardevoir|spa|1\n|move|p1a: Chesnaught|Knock Off|p2a: Gardevoir\n|-damage|p2a: Gardevoir|49\/100\n|-enditem|p2a: Gardevoir|Wise Glasses|[from] move: Knock Off|[of] p1a: Chesnaught\n|\n|-heal|p1a: Chesnaught|89\/100|[from] item: Leftovers\n|-damage|p2a: Gardevoir|37\/100|[from] Leech Seed|[of] p1a: Chesnaught\n|-heal|p1a: Chesnaught|98\/100|[silent]\n|upkeep\n|turn|10\n|\n|t:|1700121027\n|move|p2a: Gardevoir|Moonblast|p1a: Chesnaught\n|-supereffective|p1a: Chesnaught\n|-damage|p1a: Chesnaught|0 fnt\n|faint|p1a: Chesnaught\n|\n|upkeep\n|\n|t:|1700121033\n|switch|p1a: Scizor|Scizor, F, shiny|100\/100\n|turn|11\n|\n|t:|1700121039\n|switch|p2a: Zapdos|Zapdos|75\/100\n|move|p1a: Scizor|Swords Dance|p1a: Scizor\n|-boost|p1a: Scizor|atk|2\n|\n|upkeep\n|turn|12\n|\n|t:|1700121055\n|move|p2a: Zapdos|Roost|p2a: Zapdos\n|-heal|p2a: Zapdos|100\/100\n|-singleturn|p2a: Zapdos|move: Roost\n|move|p1a: Scizor|Swords Dance|p1a: Scizor\n|-boost|p1a: Scizor|atk|2\n|\n|upkeep\n|turn|13\n|\n|t:|1700121066\n|-terastallize|p1a: Scizor|Normal\n|move|p1a: Scizor|Quick Attack|p2a: Zapdos\n|-damage|p2a: Zapdos|0 fnt\n|-damage|p1a: Scizor|84\/100|[from] item: Rocky Helmet|[of] p2a: Zapdos\n|-status|p1a: Scizor|par|[from] ability: Static|[of] p2a: Zapdos\n|faint|p2a: Zapdos\n|\n|upkeep\n|\n|t:|1700121076\n|switch|p2a: Conkeldurr|Conkeldurr, M|100\/100\n|turn|14\n|\n|t:|1700121082\n|move|p2a: Conkeldurr|Mach Punch|p1a: Scizor\n|-supereffective|p1a: Scizor\n|-damage|p1a: Scizor|40\/100 par\n|-enditem|p1a: Scizor|Sitrus Berry|[eat]\n|-heal|p1a: Scizor|64\/100 par|[from] item: Sitrus Berry\n|move|p1a: Scizor|Quick Attack|p2a: Conkeldurr\n|-damage|p2a: Conkeldurr|10\/100\n|\n|-status|p2a: Conkeldurr|brn|[from] item: Flame Orb\n|upkeep\n|turn|15\n|\n|t:|1700121096\n|switch|p1a: Armarouge|Armarouge, F, shiny|100\/100\n|move|p2a: Conkeldurr|Mach Punch|p1a: Armarouge\n|-resisted|p1a: Armarouge\n|-damage|p1a: Armarouge|85\/100\n|\n|-damage|p2a: Conkeldurr|4\/100 brn|[from] brn\n|upkeep\n|turn|16\n|\n|t:|1700121109\n|switch|p2a: Muk|Muk-Alola, M|100\/100\n|move|p1a: Armarouge|Aura Sphere|p2a: Muk\n|-damage|p2a: Muk|79\/100\n|\n|upkeep\n|turn|17\n|\n|t:|1700121118\n|switch|p1a: Revavroom|Revavroom, M, shiny|100\/100\n|-item|p1a: Revavroom|Air Balloon\n|move|p2a: Muk|Curse|p2a: Muk\n|-unboost|p2a: Muk|spe|1\n|-boost|p2a: Muk|atk|1\n|-boost|p2a: Muk|def|1\n|\n|upkeep\n|turn|18\n|\n|t:|1700121128\n|move|p1a: Revavroom|Shift Gear|p1a: Revavroom\n|-boost|p1a: Revavroom|spe|2\n|-boost|p1a: Revavroom|atk|1\n|move|p2a: Muk|Knock Off|p1a: Revavroom\n|-damage|p1a: Revavroom|21\/100\n|-enditem|p1a: Revavroom|Air Balloon\n|\n|upkeep\n|turn|19\n|\n|t:|1700121137\n|move|p1a: Revavroom|High Horsepower|p2a: Muk\n|-supereffective|p2a: Muk\n|-damage|p2a: Muk|13\/100\n|-enditem|p2a: Muk|Figy Berry|[eat]\n|-heal|p2a: Muk|46\/100|[from] item: Figy Berry\n|move|p2a: Muk|Knock Off|p1a: Revavroom\n|-damage|p1a: Revavroom|0 fnt\n|faint|p1a: Revavroom\n|\n|upkeep\n|\n|t:|1700121151\n|switch|p1a: Armarouge|Armarouge, F, shiny|85\/100\n|turn|20\n|\n|t:|1700121155\n|move|p1a: Armarouge|Armor Cannon|p2a: Muk\n|-crit|p2a: Muk\n|-damage|p2a: Muk|0 fnt\n|-unboost|p1a: Armarouge|def|1\n|-unboost|p1a: Armarouge|spd|1\n|faint|p2a: Muk\n|\n|upkeep\n|\n|t:|1700121170\n|switch|p2a: Persian|Persian-Alola, M|100\/100\n|turn|21\n|\n|t:|1700121177\n|switch|p1a: Vaporeon|Vaporeon, F, shiny|100\/100\n|move|p2a: Persian|Foul Play|p1a: Vaporeon\n|-damage|p1a: Vaporeon|77\/100\n|-damage|p2a: Persian|91\/100|[from] item: Life Orb\n|\n|-heal|p1a: Vaporeon|83\/100|[from] item: Leftovers\n|upkeep\n|turn|22\n|\n|t:|1700121186\n|move|p2a: Persian|Parting Shot|p1a: Vaporeon\n|-unboost|p1a: Vaporeon|atk|1\n|-unboost|p1a: Vaporeon|spa|1\n|\n|t:|1700121190\n|switch|p2a: Gardevoir|Gardevoir, M|37\/100|[from] Parting Shot\n|-ability|p2a: Gardevoir|Water Absorb|[from] ability: Trace|[of] p1a: Vaporeon\n|move|p1a: Vaporeon|Acid Armor|p1a: Vaporeon\n|-boost|p1a: Vaporeon|def|2\n|\n|-heal|p1a: Vaporeon|89\/100|[from] item: Leftovers\n|upkeep\n|turn|23\n|\n|t:|1700121202\n|move|p2a: Gardevoir|Charge Beam|p1a: Vaporeon\n|-supereffective|p1a: Vaporeon\n|-damage|p1a: Vaporeon|71\/100\n|move|p1a: Vaporeon|Calm Mind|p1a: Vaporeon\n|-boost|p1a: Vaporeon|spa|1\n|-boost|p1a: Vaporeon|spd|1\n|\n|-heal|p1a: Vaporeon|77\/100|[from] item: Leftovers\n|upkeep\n|turn|24\n|\n|t:|1700121217\n|move|p2a: Gardevoir|Moonblast|p1a: Vaporeon\n|-damage|p1a: Vaporeon|59\/100\n|move|p1a: Vaporeon|Calm Mind|p1a: Vaporeon\n|-boost|p1a: Vaporeon|spa|1\n|-boost|p1a: Vaporeon|spd|1\n|\n|-heal|p1a: Vaporeon|65\/100|[from] item: Leftovers\n|upkeep\n|turn|25\n|\n|t:|1700121230\n|switch|p2a: Persian|Persian-Alola, M|91\/100\n|move|p1a: Vaporeon|Calm Mind|p1a: Vaporeon\n|-boost|p1a: Vaporeon|spa|1\n|-boost|p1a: Vaporeon|spd|1\n|\n|-heal|p1a: Vaporeon|71\/100|[from] item: Leftovers\n|upkeep\n|turn|26\n|\n|t:|1700121239\n|move|p2a: Persian|Taunt|p1a: Vaporeon\n|-start|p1a: Vaporeon|move: Taunt\n|move|p1a: Vaporeon|Scald|p2a: Persian\n|-damage|p2a: Persian|8\/100\n|-status|p2a: Persian|brn\n|\n|-heal|p1a: Vaporeon|77\/100|[from] item: Leftovers\n|-damage|p2a: Persian|2\/100 brn|[from] brn\n|upkeep\n|turn|27\n|\n|t:|1700121251\n|move|p2a: Persian|Foul Play|p1a: Vaporeon\n|-damage|p1a: Vaporeon|73\/100\n|-damage|p2a: Persian|0 fnt|[from] item: Life Orb\n|faint|p2a: Persian\n|move|p1a: Vaporeon|Scald|p2: Persian|[notarget]\n|-fail|p1a: Vaporeon\n|\n|-heal|p1a: Vaporeon|79\/100|[from] item: Leftovers\n|upkeep\n|\n|t:|1700121261\n|switch|p2a: Gardevoir|Gardevoir, M|37\/100\n|-ability|p2a: Gardevoir|Water Absorb|[from] ability: Trace|[of] p1a: Vaporeon\n|turn|28\n|\n|t:|1700121268\n|move|p2a: Gardevoir|Charge Beam|p1a: Vaporeon\n|-supereffective|p1a: Vaporeon\n|-damage|p1a: Vaporeon|71\/100\n|move|p1a: Vaporeon|Tera Blast|p2a: Gardevoir\n|-damage|p2a: Gardevoir|0 fnt\n|faint|p2a: Gardevoir\n|\n|-heal|p1a: Vaporeon|77\/100|[from] item: Leftovers\n|-end|p1a: Vaporeon|move: Taunt\n|upkeep\n|\n|t:|1700121283\n|switch|p2a: Great Tusk|Great Tusk|100\/100\n|-enditem|p2a: Great Tusk|Booster Energy\n|-activate|p2a: Great Tusk|ability: Protosynthesis|[fromitem]\n|-start|p2a: Great Tusk|protosynthesisatk\n|turn|29\n|\n|t:|1700121295\n|move|p2a: Great Tusk|Ice Spinner|p1a: Vaporeon\n|-resisted|p1a: Vaporeon\n|-damage|p1a: Vaporeon|66\/100\n|move|p1a: Vaporeon|Scald|p2a: Great Tusk\n|-supereffective|p2a: Great Tusk\n|-damage|p2a: Great Tusk|0 fnt\n|faint|p2a: Great Tusk\n|-end|p2a: Great Tusk|Protosynthesis|[silent]\n|\n|-heal|p1a: Vaporeon|72\/100|[from] item: Leftovers\n|upkeep\n|-message|brizy forfeited.\n|\n|win|wyverbal\n|raw|wyverbal's rating: 1119 &rarr; <strong>1148<\/strong><br \/>(+29 for winning)\n|raw|brizy's rating: 1182 &rarr; <strong>1153<\/strong><br \/>(-29 for losing)\n|l|\u2606brizy\n","uploadtime":1700121306,"views":7,"p1id":"wyverbal","p2id":"brizy","formatid":"gen9ou","rating":1148,"private":0,"password":""}