{"id":"gen9ou-1997620899","p1":"gastalies","p2":"Herris456","format":"[Gen 9] OU","log":"|j|\u2606gastalies\n|j|\u2606Herris456\n|t:|1700833999\n|gametype|singles\n|player|p1|gastalies|lucy-gen3|1404\n|player|p2|Herris456|pokekid|1383\n|teamsize|p1|6\n|teamsize|p2|6\n|gen|9\n|tier|[Gen 9] OU\n|rated|\n|rule|Sleep Clause Mod: Limit one foe put to sleep\n|rule|Species Clause: Limit one of each Pok\u00e9mon\n|rule|OHKO Clause: OHKO moves are banned\n|rule|Evasion Items Clause: Evasion items are banned\n|rule|Evasion Moves Clause: Evasion moves are banned\n|rule|Endless Battle Clause: Forcing endless battles is banned\n|rule|HP Percentage Mod: HP is shown in percentages\n|clearpoke\n|poke|p1|Ribombee, M|\n|poke|p1|Crawdaunt, M|\n|poke|p1|Heatran, F|\n|poke|p1|Kingambit, F|\n|poke|p1|Hatterene, F|\n|poke|p1|Gholdengo|\n|poke|p2|Great Tusk|\n|poke|p2|Enamorus-Therian, F|\n|poke|p2|Ninetales-Alola, M|\n|poke|p2|Dondozo, M|\n|poke|p2|Zapdos|\n|poke|p2|Ceruledge, M|\n|teampreview\n|inactive|Battle timer is ON: inactive players will automatically lose when time's up. (requested by gastalies)\n|\n|t:|1700834005\n|start\n|switch|p1a: Ribombee|Ribombee, M|100\/100\n|switch|p2a: Ninetales|Ninetales-Alola, M|100\/100\n|-weather|Snow|[from] ability: Snow Warning|[of] p2a: Ninetales\n|turn|1\n|\n|t:|1700834013\n|move|p1a: Ribombee|Stun Spore|p2a: Ninetales\n|-status|p2a: Ninetales|par\n|move|p2a: Ninetales|Aurora Veil|p2a: Ninetales\n|-sidestart|p2: Herris456|move: Aurora Veil\n|\n|-weather|Snow|[upkeep]\n|upkeep\n|turn|2\n|\n|t:|1700834017\n|switch|p2a: Enamorus|Enamorus-Therian, F|100\/100\n|move|p1a: Ribombee|Sticky Web|p2a: Enamorus\n|-sidestart|p2: Herris456|move: Sticky Web\n|\n|-weather|Snow|[upkeep]\n|upkeep\n|turn|3\n|\n|t:|1700834020\n|move|p1a: Ribombee|Stun Spore|p2a: Enamorus\n|-immune|p2a: Enamorus|[from] ability: Overcoat\n|move|p2a: Enamorus|Calm Mind|p2a: Enamorus\n|-boost|p2a: Enamorus|spa|1\n|-boost|p2a: Enamorus|spd|1\n|\n|-weather|Snow|[upkeep]\n|upkeep\n|turn|4\n|\n|t:|1700834027\n|move|p1a: Ribombee|Quiver Dance|p1a: Ribombee\n|-boost|p1a: Ribombee|spa|1\n|-boost|p1a: Ribombee|spd|1\n|-boost|p1a: Ribombee|spe|1\n|move|p2a: Enamorus|Calm Mind|p2a: Enamorus\n|-boost|p2a: Enamorus|spa|1\n|-boost|p2a: Enamorus|spd|1\n|\n|-weather|Snow|[upkeep]\n|upkeep\n|turn|5\n|\n|t:|1700834030\n|move|p1a: Ribombee|Quiver Dance|p1a: Ribombee\n|-boost|p1a: Ribombee|spa|1\n|-boost|p1a: Ribombee|spd|1\n|-boost|p1a: Ribombee|spe|1\n|move|p2a: Enamorus|Draining Kiss|p1a: Ribombee\n|-crit|p1a: Ribombee\n|-enditem|p1a: Ribombee|Focus Sash\n|-damage|p1a: Ribombee|1\/100\n|\n|-weather|none\n|upkeep\n|turn|6\n|\n|t:|1700834039\n|move|p1a: Ribombee|Moonblast|p2a: Enamorus\n|-damage|p2a: Enamorus|80\/100\n|move|p2a: Enamorus|Draining Kiss|p1a: Ribombee\n|-damage|p1a: Ribombee|0 fnt\n|-heal|p2a: Enamorus|81\/100|[from] drain|[of] p1a: Ribombee\n|faint|p1a: Ribombee\n|\n|-heal|p2a: Enamorus|87\/100|[from] item: Leftovers\n|upkeep\n|\n|t:|1700834059\n|switch|p1a: Gholdengo|Gholdengo|100\/100\n|-item|p1a: Gholdengo|Air Balloon\n|turn|7\n|\n|t:|1700834064\n|-terastallize|p2a: Enamorus|Poison\n|move|p1a: Gholdengo|Nasty Plot|p1a: Gholdengo\n|-boost|p1a: Gholdengo|spa|2\n|move|p2a: Enamorus|Draining Kiss|p1a: Gholdengo\n|-resisted|p1a: Gholdengo\n|-damage|p1a: Gholdengo|75\/100\n|-heal|p2a: Enamorus|100\/100|[from] drain|[of] p1a: Gholdengo\n|-enditem|p1a: Gholdengo|Air Balloon\n|\n|upkeep\n|turn|8\n|\n|t:|1700834071\n|move|p1a: Gholdengo|Make It Rain|p2a: Enamorus\n|-damage|p2a: Enamorus|70\/100\n|-unboost|p1a: Gholdengo|spa|1\n|move|p2a: Enamorus|Earth Power|p1a: Gholdengo\n|-supereffective|p1a: Gholdengo\n|-damage|p1a: Gholdengo|0 fnt\n|faint|p1a: Gholdengo\n|\n|-heal|p2a: Enamorus|76\/100|[from] item: Leftovers\n|-sideend|p2: Herris456|move: Aurora Veil\n|upkeep\n|\n|t:|1700834076\n|switch|p1a: Crawdaunt|Crawdaunt, M|100\/100\n|turn|9\n|\n|t:|1700834078\n|move|p1a: Crawdaunt|Crabhammer|p2a: Enamorus\n|-damage|p2a: Enamorus|18\/100\n|-damage|p1a: Crawdaunt|91\/100|[from] item: Life Orb\n|move|p2a: Enamorus|Draining Kiss|p1a: Crawdaunt\n|-supereffective|p1a: Crawdaunt\n|-damage|p1a: Crawdaunt|0 fnt\n|-heal|p2a: Enamorus|71\/100|[from] drain|[of] p1a: Crawdaunt\n|faint|p1a: Crawdaunt\n|\n|-heal|p2a: Enamorus|77\/100|[from] item: Leftovers\n|upkeep\n|-message|gastalies forfeited.\n|\n|win|Herris456\n|raw|gastalies's rating: 1419 &rarr; <strong>1397<\/strong><br \/>(-22 for losing)\n|raw|Herris456's rating: 1383 &rarr; <strong>1405<\/strong><br \/>(+22 for winning)\n|l|\u2606gastalies\n","uploadtime":1700834089,"views":31,"p1id":"gastalies","p2id":"herris456","formatid":"gen9ou","rating":1397,"private":0,"password":""}