{"id":"gen9ou-1990138294","p1":"Vedyn","p2":"MegaCrazy","format":"[Gen 9] OU","log":"|j|\u2606Vedyn\n|j|\u2606MegaCrazy\n|t:|1699928700\n|gametype|singles\n|player|p1|Vedyn|red|1400\n|player|p2|MegaCrazy|169|1463\n|teamsize|p1|6\n|teamsize|p2|6\n|gen|9\n|tier|[Gen 9] OU\n|rated|\n|rule|Sleep Clause Mod: Limit one foe put to sleep\n|rule|Species Clause: Limit one of each Pok\u00e9mon\n|rule|OHKO Clause: OHKO moves are banned\n|rule|Evasion Items Clause: Evasion items are banned\n|rule|Evasion Moves Clause: Evasion moves are banned\n|rule|Endless Battle Clause: Forcing endless battles is banned\n|rule|HP Percentage Mod: HP is shown in percentages\n|clearpoke\n|poke|p1|Torkoal, M|\n|poke|p1|Walking Wake|\n|poke|p1|Lilligant-Hisui, F|\n|poke|p1|Clefable, M|\n|poke|p1|Meloetta|\n|poke|p1|Landorus-Therian, M|\n|poke|p2|Ceruledge, F|\n|poke|p2|Ogerpon-Wellspring, F|\n|poke|p2|Rillaboom, F|\n|poke|p2|Dragapult, M|\n|poke|p2|Great Tusk|\n|poke|p2|Clefable, M|\n|teampreview\n|c|\u2606MegaCrazy|gl hf\n|inactive|Battle timer is ON: inactive players will automatically lose when time's up. (requested by Vedyn)\n|\n|t:|1699928720\n|start\n|switch|p1a: Landorus|Landorus-Therian, M|100\/100\n|switch|p2a: Clefable|Clefable, M, shiny|100\/100\n|-ability|p1a: Landorus|Intimidate|boost\n|-unboost|p2a: Clefable|atk|1\n|turn|1\n|\n|t:|1699928726\n|move|p1a: Landorus|Stealth Rock|p2a: Clefable\n|-sidestart|p2: MegaCrazy|move: Stealth Rock\n|move|p2a: Clefable|Moonblast|p1a: Landorus\n|-damage|p1a: Landorus|45\/100\n|\n|upkeep\n|turn|2\n|\n|t:|1699928731\n|switch|p1a: Meloetta|Meloetta|100\/100\n|move|p2a: Clefable|Moonblast|p1a: Meloetta\n|-damage|p1a: Meloetta|79\/100\n|\n|upkeep\n|turn|3\n|\n|t:|1699928736\n|move|p1a: Meloetta|Psyshock|p2a: Clefable\n|-damage|p2a: Clefable|52\/100\n|move|p2a: Clefable|Stealth Rock|p1a: Meloetta\n|-sidestart|p1: Vedyn|move: Stealth Rock\n|\n|upkeep\n|turn|4\n|\n|t:|1699928745\n|switch|p2a: Rillaboom|Rillaboom, F, shiny|100\/100\n|-damage|p2a: Rillaboom|88\/100|[from] Stealth Rock\n|-fieldstart|move: Grassy Terrain|[from] ability: Grassy Surge|[of] p2a: Rillaboom\n|move|p1a: Meloetta|Psyshock|p2a: Rillaboom\n|-damage|p2a: Rillaboom|36\/100\n|\n|-heal|p2a: Rillaboom|42\/100|[from] Grassy Terrain\n|-heal|p2a: Rillaboom|49\/100|[from] item: Leftovers\n|-heal|p1a: Meloetta|86\/100|[from] Grassy Terrain\n|upkeep\n|turn|5\n|\n|t:|1699928760\n|move|p2a: Rillaboom|Grassy Glide|p1a: Meloetta\n|-damage|p1a: Meloetta|49\/100\n|move|p1a: Meloetta|Psyshock|p2a: Rillaboom\n|-damage|p2a: Rillaboom|0 fnt\n|faint|p2a: Rillaboom\n|\n|-heal|p1a: Meloetta|55\/100|[from] Grassy Terrain\n|upkeep\n|\n|t:|1699928767\n|switch|p2a: Dragapult|Dragapult, M, shiny|100\/100\n|-damage|p2a: Dragapult|88\/100|[from] Stealth Rock\n|turn|6\n|\n|t:|1699928772\n|move|p2a: Dragapult|U-turn|p1a: Meloetta\n|-supereffective|p1a: Meloetta\n|-damage|p1a: Meloetta|18\/100\n|\n|t:|1699928781\n|switch|p2a: Ogerpon|Ogerpon-Wellspring, F|100\/100|[from] U-turn\n|-damage|p2a: Ogerpon|88\/100|[from] Stealth Rock\n|move|p1a: Meloetta|Shadow Ball|p2a: Ogerpon\n|-damage|p2a: Ogerpon|53\/100\n|\n|-heal|p2a: Ogerpon|59\/100|[from] Grassy Terrain\n|-heal|p1a: Meloetta|24\/100|[from] Grassy Terrain\n|upkeep\n|turn|7\n|\n|t:|1699928790\n|move|p2a: Ogerpon|Trailblaze|p1a: Meloetta\n|-damage|p1a: Meloetta|0 fnt\n|-boost|p2a: Ogerpon|spe|1\n|faint|p1a: Meloetta\n|\n|-heal|p2a: Ogerpon|65\/100|[from] Grassy Terrain\n|upkeep\n|\n|t:|1699928800\n|switch|p1a: Torkoal|Torkoal, M|100\/100\n|-damage|p1a: Torkoal|76\/100|[from] Stealth Rock\n|-weather|SunnyDay|[from] ability: Drought|[of] p1a: Torkoal\n|turn|8\n|\n|t:|1699928822\n|switch|p1a: Walking Wake|Walking Wake|100\/100\n|-damage|p1a: Walking Wake|88\/100|[from] Stealth Rock\n|-activate|p1a: Walking Wake|ability: Protosynthesis\n|-start|p1a: Walking Wake|protosynthesisspa\n|-terastallize|p2a: Ogerpon|Water\n|detailschange|p2a: Ogerpon|Ogerpon-Wellspring-Tera, F, tera:Water\n|-ability|p2a: Ogerpon|Embody Aspect (Wellspring)|boost\n|-boost|p2a: Ogerpon|spd|1\n|move|p2a: Ogerpon|Trailblaze|p1a: Walking Wake\n|-damage|p1a: Walking Wake|47\/100\n|-boost|p2a: Ogerpon|spe|1\n|\n|-weather|SunnyDay|[upkeep]\n|-heal|p2a: Ogerpon|71\/100|[from] Grassy Terrain\n|-heal|p1a: Walking Wake|54\/100|[from] Grassy Terrain\n|-fieldend|move: Grassy Terrain\n|upkeep\n|turn|9\n|\n|t:|1699928835\n|move|p2a: Ogerpon|Play Rough|p1a: Walking Wake\n|-supereffective|p1a: Walking Wake\n|-crit|p1a: Walking Wake\n|-damage|p1a: Walking Wake|0 fnt\n|faint|p1a: Walking Wake\n|-end|p1a: Walking Wake|Protosynthesis|[silent]\n|\n|-weather|SunnyDay|[upkeep]\n|upkeep\n|\n|t:|1699928838\n|switch|p1a: Lilligant|Lilligant-Hisui, F|100\/100\n|-damage|p1a: Lilligant|94\/100|[from] Stealth Rock\n|turn|10\n|\n|t:|1699928844\n|move|p2a: Ogerpon|Play Rough|p1a: Lilligant\n|-supereffective|p1a: Lilligant\n|-damage|p1a: Lilligant|0 fnt\n|faint|p1a: Lilligant\n|\n|-weather|SunnyDay|[upkeep]\n|upkeep\n|\n|t:|1699928853\n|switch|p1a: Clefable|Clefable, M|100\/100\n|-damage|p1a: Clefable|88\/100|[from] Stealth Rock\n|turn|11\n|\n|t:|1699928857\n|move|p2a: Ogerpon|Swords Dance|p2a: Ogerpon\n|-boost|p2a: Ogerpon|atk|2\n|move|p1a: Clefable|Thunder Wave|p2a: Ogerpon\n|-status|p2a: Ogerpon|par\n|\n|-weather|SunnyDay|[upkeep]\n|-heal|p1a: Clefable|94\/100|[from] item: Leftovers\n|upkeep\n|turn|12\n|\n|t:|1699928860\n|move|p2a: Ogerpon|Ivy Cudgel|p1a: Clefable\n|-damage|p1a: Clefable|62\/100\n|move|p1a: Clefable|Calm Mind|p1a: Clefable\n|-boost|p1a: Clefable|spa|1\n|-boost|p1a: Clefable|spd|1\n|\n|-weather|SunnyDay|[upkeep]\n|-heal|p1a: Clefable|68\/100|[from] item: Leftovers\n|upkeep\n|turn|13\n|\n|t:|1699928873\n|switch|p2a: Ceruledge|Ceruledge, F|100\/100\n|-damage|p2a: Ceruledge|76\/100|[from] Stealth Rock\n|move|p1a: Clefable|Calm Mind|p1a: Clefable\n|-boost|p1a: Clefable|spa|1\n|-boost|p1a: Clefable|spd|1\n|\n|-weather|SunnyDay|[upkeep]\n|-heal|p1a: Clefable|74\/100|[from] item: Leftovers\n|upkeep\n|turn|14\n|\n|t:|1699928878\n|move|p2a: Ceruledge|Bitter Blade|p1a: Clefable\n|-damage|p1a: Clefable|20\/100\n|-heal|p2a: Ceruledge|100\/100|[from] drain|[of] p1a: Clefable\n|move|p1a: Clefable|Moonblast|p2a: Ceruledge\n|-resisted|p2a: Ceruledge\n|-damage|p2a: Ceruledge|64\/100\n|\n|-weather|SunnyDay|[upkeep]\n|-heal|p1a: Clefable|26\/100|[from] item: Leftovers\n|upkeep\n|turn|15\n|\n|t:|1699928886\n|switch|p1a: Torkoal|Torkoal, M|76\/100\n|-damage|p1a: Torkoal|51\/100|[from] Stealth Rock\n|move|p2a: Ceruledge|Bitter Blade|p1a: Torkoal\n|-resisted|p1a: Torkoal\n|-damage|p1a: Torkoal|26\/100\n|-heal|p2a: Ceruledge|79\/100|[from] drain|[of] p1a: Torkoal\n|\n|-weather|none\n|upkeep\n|turn|16\n|\n|t:|1699928894\n|move|p2a: Ceruledge|Poltergeist|p1a: Torkoal\n|-activate|p1a: Torkoal|move: Poltergeist|Heat Rock\n|-damage|p1a: Torkoal|0 fnt\n|faint|p1a: Torkoal\n|\n|upkeep\n|\n|t:|1699928896\n|switch|p1a: Landorus|Landorus-Therian, M|45\/100\n|-damage|p1a: Landorus|33\/100|[from] Stealth Rock\n|-ability|p1a: Landorus|Intimidate|boost\n|-unboost|p2a: Ceruledge|atk|1\n|turn|17\n|\n|t:|1699928900\n|switch|p2a: Ogerpon|Ogerpon-Wellspring-Tera, F, tera:Water|71\/100 par\n|-damage|p2a: Ogerpon|59\/100 par|[from] Stealth Rock\n|-ability|p2a: Ogerpon|Embody Aspect (Wellspring)|boost\n|-boost|p2a: Ogerpon|spd|1\n|move|p1a: Landorus|Earthquake|p2a: Ogerpon\n|-crit|p2a: Ogerpon\n|-damage|p2a: Ogerpon|0 fnt\n|faint|p2a: Ogerpon\n|\n|upkeep\n|\n|t:|1699928906\n|switch|p2a: Great Tusk|Great Tusk, shiny|100\/100\n|-damage|p2a: Great Tusk|98\/100|[from] Stealth Rock\n|-enditem|p2a: Great Tusk|Booster Energy\n|-activate|p2a: Great Tusk|ability: Protosynthesis|[fromitem]\n|-start|p2a: Great Tusk|protosynthesisspe\n|turn|18\n|\n|t:|1699928911\n|switch|p1a: Clefable|Clefable, M|26\/100\n|-damage|p1a: Clefable|13\/100|[from] Stealth Rock\n|move|p2a: Great Tusk|Ice Spinner|p1a: Clefable\n|-damage|p1a: Clefable|0 fnt\n|faint|p1a: Clefable\n|\n|upkeep\n|\n|t:|1699928916\n|switch|p1a: Landorus|Landorus-Therian, M|33\/100\n|-damage|p1a: Landorus|21\/100|[from] Stealth Rock\n|-ability|p1a: Landorus|Intimidate|boost\n|-unboost|p2a: Great Tusk|atk|1\n|turn|19\n|\n|t:|1699928922\n|-terastallize|p1a: Landorus|Flying\n|move|p1a: Landorus|Tera Blast|p2a: Great Tusk|[anim] Tera Blast Flying\n|-supereffective|p2a: Great Tusk\n|-damage|p2a: Great Tusk|15\/100\n|move|p2a: Great Tusk|Ice Spinner|p1a: Landorus\n|-supereffective|p1a: Landorus\n|-damage|p1a: Landorus|0 fnt\n|faint|p1a: Landorus\n|\n|win|MegaCrazy\n|raw|Vedyn's rating: 1400 &rarr; <strong>1384<\/strong><br \/>(-16 for losing)\n|raw|MegaCrazy's rating: 1463 &rarr; <strong>1479<\/strong><br \/>(+16 for winning)\n|l|\u2606Vedyn\n|c|\u2606MegaCrazy|GG\n","uploadtime":1699928933,"views":14,"p1id":"vedyn","p2id":"megacrazy","formatid":"gen9ou","rating":1384,"private":0,"password":""}