{"id":"gen9ou-1996747118","p1":"Esterification","p2":"Ansoni777","format":"[Gen 9] OU","log":"|j|\u2606Esterification\n|j|\u2606Ansoni777\n|t:|1700718360\n|gametype|singles\n|player|p1|Esterification|n|1295\n|player|p2|Ansoni777|101|1221\n|teamsize|p1|6\n|teamsize|p2|6\n|gen|9\n|tier|[Gen 9] OU\n|rated|\n|rule|Sleep Clause Mod: Limit one foe put to sleep\n|rule|Species Clause: Limit one of each Pok\u00e9mon\n|rule|OHKO Clause: OHKO moves are banned\n|rule|Evasion Items Clause: Evasion items are banned\n|rule|Evasion Moves Clause: Evasion moves are banned\n|rule|Endless Battle Clause: Forcing endless battles is banned\n|rule|HP Percentage Mod: HP is shown in percentages\n|clearpoke\n|poke|p1|Iron Valiant|\n|poke|p1|Quaquaval, M|\n|poke|p1|Dragapult, F|\n|poke|p1|Kleavor, F|\n|poke|p1|Samurott-Hisui, F|\n|poke|p1|Dragonite, M|\n|poke|p2|Armarouge, F|\n|poke|p2|Ogerpon-Wellspring, F|\n|poke|p2|Rillaboom, M|\n|poke|p2|Tinkaton, F|\n|poke|p2|Great Tusk|\n|poke|p2|Dragapult, M|\n|teampreview\n|inactive|Battle timer is ON: inactive players will automatically lose when time's up. (requested by Esterification)\n|inactive|Ansoni777 has 120 seconds left.\n|\n|t:|1700718390\n|start\n|switch|p1a: Samurott|Samurott-Hisui, F, shiny|100\/100\n|switch|p2a: M'Baku|Rillaboom, M|100\/100\n|-fieldstart|move: Grassy Terrain|[from] ability: Grassy Surge|[of] p2a: M'Baku\n|turn|1\n|\n|t:|1700718401\n|move|p1a: Samurott|Ceaseless Edge|p2a: M'Baku\n|-damage|p2a: M'Baku|55\/100\n|-sidestart|p2: Ansoni777|Spikes\n|move|p2a: M'Baku|Drum Beating|p1a: Samurott\n|-supereffective|p1a: Samurott\n|-enditem|p1a: Samurott|Focus Sash\n|-damage|p1a: Samurott|1\/100\n|-unboost|p1a: Samurott|spe|1\n|\n|-heal|p2a: M'Baku|61\/100|[from] Grassy Terrain\n|-heal|p1a: Samurott|7\/100|[from] Grassy Terrain\n|upkeep\n|turn|2\n|\n|t:|1700718414\n|move|p2a: M'Baku|Grassy Glide|p1a: Samurott\n|-supereffective|p1a: Samurott\n|-damage|p1a: Samurott|0 fnt\n|faint|p1a: Samurott\n|\n|-heal|p2a: M'Baku|68\/100|[from] Grassy Terrain\n|upkeep\n|\n|t:|1700718420\n|switch|p1a: Dragapult|Dragapult, F|100\/100\n|turn|3\n|\n|t:|1700718427\n|switch|p2a: Power|Tinkaton, F|100\/100\n|-damage|p2a: Power|88\/100|[from] Spikes\n|-ability|p2a: Power|Mold Breaker\n|move|p1a: Dragapult|Shadow Ball|p2a: Power\n|-damage|p2a: Power|49\/100\n|\n|-heal|p2a: Power|55\/100|[from] Grassy Terrain\n|-heal|p2a: Power|61\/100|[from] item: Leftovers\n|upkeep\n|turn|4\n|\n|t:|1700718438\n|switch|p1a: Kleavor|Kleavor, F|100\/100\n|move|p2a: Power|Thunder Wave|p1a: Kleavor\n|-status|p1a: Kleavor|par\n|\n|-heal|p2a: Power|67\/100|[from] Grassy Terrain\n|-heal|p2a: Power|73\/100|[from] item: Leftovers\n|upkeep\n|turn|5\n|\n|t:|1700718448\n|switch|p2a: Jurrasic Tusk|Great Tusk|100\/100\n|-damage|p2a: Jurrasic Tusk|88\/100|[from] Spikes\n|move|p1a: Kleavor|Stone Axe|p2a: Jurrasic Tusk\n|-resisted|p2a: Jurrasic Tusk\n|-damage|p2a: Jurrasic Tusk|82\/100\n|-damage|p1a: Kleavor|84\/100 par|[from] item: Rocky Helmet|[of] p2a: Jurrasic Tusk\n|-sidestart|p2: Ansoni777|move: Stealth Rock\n|\n|-heal|p1a: Kleavor|90\/100 par|[from] Grassy Terrain\n|-heal|p2a: Jurrasic Tusk|88\/100|[from] Grassy Terrain\n|-fieldend|move: Grassy Terrain\n|upkeep\n|turn|6\n|\n|t:|1700718459\n|switch|p1a: Dragapult|Dragapult, F|100\/100\n|move|p2a: Jurrasic Tusk|Knock Off|p1a: Dragapult\n|-supereffective|p1a: Dragapult\n|-damage|p1a: Dragapult|21\/100\n|-enditem|p1a: Dragapult|Choice Specs|[from] move: Knock Off|[of] p2a: Jurrasic Tusk\n|\n|upkeep\n|turn|7\n|\n|t:|1700718479\n|-end|p2a: Jurrasic Tusk|Protosynthesis|[silent]\n|switch|p2a: Power|Tinkaton, F|73\/100\n|-damage|p2a: Power|61\/100|[from] Spikes\n|-damage|p2a: Power|55\/100|[from] Stealth Rock\n|-ability|p2a: Power|Mold Breaker\n|move|p1a: Dragapult|Draco Meteor|p2a: Power\n|-immune|p2a: Power\n|\n|-heal|p2a: Power|61\/100|[from] item: Leftovers\n|upkeep\n|turn|8\n|inactive|Esterification has 120 seconds left.\n|\n|t:|1700718527\n|move|p1a: Dragapult|Flamethrower|p2a: Power\n|-supereffective|p2a: Power\n|-crit|p2a: Power\n|-damage|p2a: Power|1\/100\n|-status|p2a: Power|brn\n|move|p2a: Power|Knock Off|p1a: Dragapult\n|-supereffective|p1a: Dragapult\n|-damage|p1a: Dragapult|4\/100\n|\n|-heal|p2a: Power|7\/100 brn|[from] item: Leftovers\n|-damage|p2a: Power|1\/100 brn|[from] brn\n|upkeep\n|turn|9\n|\n|t:|1700718538\n|move|p1a: Dragapult|U-turn|p2a: Power\n|-resisted|p2a: Power\n|-damage|p2a: Power|0 fnt\n|faint|p2a: Power\n|inactive|Esterification has 90 seconds left.\n|\n|t:|1700718565\n|switch|p1a: Iron Valiant|Iron Valiant|100\/100|[from] U-turn\n|-enditem|p1a: Iron Valiant|Booster Energy\n|-activate|p1a: Iron Valiant|ability: Quark Drive|[fromitem]\n|-start|p1a: Iron Valiant|quarkdrivespe\n|\n|upkeep\n|\n|t:|1700718580\n|switch|p2a: Shizue|Armarouge, F, shiny|100\/100\n|-damage|p2a: Shizue|88\/100|[from] Spikes\n|-damage|p2a: Shizue|63\/100|[from] Stealth Rock\n|turn|10\n|\n|t:|1700718593\n|move|p1a: Iron Valiant|Calm Mind|p1a: Iron Valiant\n|-boost|p1a: Iron Valiant|spa|1\n|-boost|p1a: Iron Valiant|spd|1\n|move|p2a: Shizue|Psychic|p1a: Iron Valiant\n|-supereffective|p1a: Iron Valiant\n|-damage|p1a: Iron Valiant|0 fnt\n|faint|p1a: Iron Valiant\n|-end|p1a: Iron Valiant|Quark Drive|[silent]\n|\n|upkeep\n|\n|t:|1700718599\n|switch|p1a: Quaquaval|Quaquaval, M|100\/100\n|turn|11\n|\n|t:|1700718619\n|move|p1a: Quaquaval|Close Combat|p2a: Shizue\n|-resisted|p2a: Shizue\n|-damage|p2a: Shizue|28\/100\n|-unboost|p1a: Quaquaval|def|1\n|-unboost|p1a: Quaquaval|spd|1\n|-ability|p2a: Shizue|Weak Armor|boost\n|-unboost|p2a: Shizue|def|1\n|-boost|p2a: Shizue|spe|2\n|move|p2a: Shizue|Psychic|p1a: Quaquaval\n|-supereffective|p1a: Quaquaval\n|-damage|p1a: Quaquaval|0 fnt\n|faint|p1a: Quaquaval\n|\n|upkeep\n|\n|t:|1700718626\n|switch|p1a: Dragonite|Dragonite, M, shiny|100\/100\n|turn|12\n|\n|t:|1700718638\n|move|p1a: Dragonite|Extreme Speed|p2a: Shizue\n|-damage|p2a: Shizue|0 fnt\n|faint|p2a: Shizue\n|\n|upkeep\n|\n|t:|1700718642\n|switch|p2a: Lex|Dragapult, M|100\/100\n|-damage|p2a: Lex|88\/100|[from] Spikes\n|-damage|p2a: Lex|76\/100|[from] Stealth Rock\n|turn|13\n|\n|t:|1700718658\n|switch|p1a: Kleavor|Kleavor, F|90\/100 par\n|move|p2a: Lex|Will-O-Wisp||[still]\n|-fail|p2a: Lex\n|\n|-heal|p2a: Lex|82\/100|[from] item: Leftovers\n|upkeep\n|turn|14\n|\n|t:|1700718678\n|move|p2a: Lex|Hex|p1a: Kleavor\n|-damage|p1a: Kleavor|5\/100 par\n|move|p1a: Kleavor|U-turn|p2a: Lex\n|-resisted|p2a: Lex\n|-damage|p2a: Lex|54\/100\n|inactive|Esterification has 120 seconds left.\n|\n|t:|1700718708\n|switch|p1a: Dragapult|Dragapult, F|4\/100|[from] U-turn\n|\n|-heal|p2a: Lex|60\/100|[from] item: Leftovers\n|upkeep\n|turn|15\n|inactive|Ansoni777 has 120 seconds left.\n|\n|t:|1700718728\n|-terastallize|p2a: Lex|Fairy\n|move|p1a: Dragapult|Shadow Ball|p2a: Lex\n|-damage|p2a: Lex|12\/100\n|move|p2a: Lex|Dragon Darts|p1a: Dragapult\n|-supereffective|p1a: Dragapult\n|-damage|p1a: Dragapult|0 fnt\n|faint|p1a: Dragapult\n|\n|-heal|p2a: Lex|18\/100|[from] item: Leftovers\n|upkeep\n|\n|t:|1700718735\n|switch|p1a: Dragonite|Dragonite, M, shiny|100\/100\n|turn|16\n|\n|t:|1700718743\n|move|p1a: Dragonite|Extreme Speed|p2a: Lex\n|-damage|p2a: Lex|0 fnt\n|faint|p2a: Lex\n|\n|upkeep\n|\n|t:|1700718751\n|switch|p2a: M'Baku|Rillaboom, M|68\/100\n|-damage|p2a: M'Baku|55\/100|[from] Spikes\n|-damage|p2a: M'Baku|43\/100|[from] Stealth Rock\n|-fieldstart|move: Grassy Terrain|[from] ability: Grassy Surge|[of] p2a: M'Baku\n|turn|17\n|inactive|Esterification has 120 seconds left.\n|inactive|Esterification has 90 seconds left.\n|\n|t:|1700718794\n|move|p1a: Dragonite|Extreme Speed|p2a: M'Baku\n|-damage|p2a: M'Baku|0 fnt\n|faint|p2a: M'Baku\n|\n|upkeep\n|\n|t:|1700718800\n|switch|p2a: Jurrasic Tusk|Great Tusk|88\/100\n|-damage|p2a: Jurrasic Tusk|76\/100|[from] Spikes\n|-damage|p2a: Jurrasic Tusk|73\/100|[from] Stealth Rock\n|turn|18\n|\n|t:|1700718812\n|switch|p1a: Kleavor|Kleavor, F|5\/100 par\n|move|p2a: Jurrasic Tusk|Body Press|p1a: Kleavor\n|-damage|p1a: Kleavor|0 fnt\n|faint|p1a: Kleavor\n|\n|-heal|p2a: Jurrasic Tusk|79\/100|[from] Grassy Terrain\n|upkeep\n|inactive|Esterification has 90 seconds left.\n|inactive|Esterification has 60 seconds left.\n|\n|t:|1700718877\n|switch|p1a: Dragonite|Dragonite, M, shiny|100\/100\n|turn|19\n|\n|t:|1700718890\n|move|p1a: Dragonite|Ice Spinner|p2a: Jurrasic Tusk\n|-supereffective|p2a: Jurrasic Tusk\n|-damage|p2a: Jurrasic Tusk|38\/100\n|-damage|p1a: Dragonite|84\/100|[from] item: Rocky Helmet|[of] p2a: Jurrasic Tusk\n|-fieldend|move: Grassy Terrain\n|move|p2a: Jurrasic Tusk|Rapid Spin|p1a: Dragonite\n|-damage|p1a: Dragonite|69\/100\n|-boost|p2a: Jurrasic Tusk|spe|1\n|-sideend|p2: Ansoni777|Spikes|[from] move: Rapid Spin|[of] p2a: Jurrasic Tusk\n|-sideend|p2: Ansoni777|Stealth Rock|[from] move: Rapid Spin|[of] p2a: Jurrasic Tusk\n|\n|upkeep\n|turn|20\n|\n|t:|1700718907\n|move|p2a: Jurrasic Tusk|Knock Off|p1a: Dragonite\n|-damage|p1a: Dragonite|40\/100\n|-enditem|p1a: Dragonite|Choice Band|[from] move: Knock Off|[of] p2a: Jurrasic Tusk\n|move|p1a: Dragonite|Ice Spinner|p2a: Jurrasic Tusk\n|-supereffective|p2a: Jurrasic Tusk\n|-damage|p2a: Jurrasic Tusk|8\/100\n|-damage|p1a: Dragonite|24\/100|[from] item: Rocky Helmet|[of] p2a: Jurrasic Tusk\n|\n|upkeep\n|turn|21\n|\n|t:|1700718918\n|move|p1a: Dragonite|Extreme Speed|p2a: Jurrasic Tusk\n|-damage|p2a: Jurrasic Tusk|0 fnt\n|-damage|p1a: Dragonite|7\/100|[from] item: Rocky Helmet|[of] p2a: Jurrasic Tusk\n|faint|p2a: Jurrasic Tusk\n|-end|p2a: Jurrasic Tusk|Protosynthesis|[silent]\n|\n|upkeep\n|\n|t:|1700718923\n|switch|p2a: Anya|Ogerpon-Wellspring, F|100\/100\n|turn|22\n|c|\u2606Ansoni777|gg\n|\n|t:|1700718936\n|-terastallize|p1a: Dragonite|Normal\n|move|p1a: Dragonite|Extreme Speed|p2a: Anya\n|-damage|p2a: Anya|40\/100\n|move|p2a: Anya|Ivy Cudgel|p1a: Dragonite|[anim] Ivy Cudgel Water\n|-damage|p1a: Dragonite|0 fnt\n|faint|p1a: Dragonite\n|\n|win|Ansoni777\n|raw|Esterification's rating: 1295 &rarr; <strong>1265<\/strong><br \/>(-30 for losing)\n|raw|Ansoni777's rating: 1221 &rarr; <strong>1251<\/strong><br \/>(+30 for winning)\n|l|\u2606Esterification\n","uploadtime":1700718951,"views":3,"p1id":"esterification","p2id":"ansoni777","formatid":"gen9ou","rating":1251,"private":0,"password":""}