{"id":"gen9ou-1989750190","p1":"Valorantnoob","p2":"Skaraptor2.1","format":"[Gen 9] OU","log":"|j|\u2606Valorantnoob\n|j|\u2606Skaraptor2.1\n|t:|1699892557\n|gametype|singles\n|player|p1|Valorantnoob|wallace|1238\n|player|p2|Skaraptor2.1|emma|1257\n|teamsize|p1|6\n|teamsize|p2|6\n|gen|9\n|tier|[Gen 9] OU\n|rated|\n|rule|Sleep Clause Mod: Limit one foe put to sleep\n|rule|Species Clause: Limit one of each Pok\u00e9mon\n|rule|OHKO Clause: OHKO moves are banned\n|rule|Evasion Items Clause: Evasion items are banned\n|rule|Evasion Moves Clause: Evasion moves are banned\n|rule|Endless Battle Clause: Forcing endless battles is banned\n|rule|HP Percentage Mod: HP is shown in percentages\n|clearpoke\n|poke|p1|Torkoal, F|\n|poke|p1|Walking Wake|\n|poke|p1|Hatterene, F|\n|poke|p1|Weavile, M|\n|poke|p1|Ribombee, M|\n|poke|p1|Kingambit, F|\n|poke|p2|Ribombee, M|\n|poke|p2|Ogerpon-Wellspring, F|\n|poke|p2|Iron Moth|\n|poke|p2|Zamazenta-*|\n|poke|p2|Iron Valiant|\n|poke|p2|Kingambit, F|\n|teampreview\n|inactive|Battle timer is ON: inactive players will automatically lose when time's up. (requested by Skaraptor2.1)\n|inactive|Valorantnoob also wants the timer to be on.\n|\n|t:|1699892568\n|start\n|switch|p1a: Ribombee|Ribombee, M|100\/100\n|switch|p2a: Twink|Ribombee, M|100\/100\n|turn|1\n|\n|t:|1699892572\n|switch|p1a: Hatterene|Hatterene, F|100\/100\n|move|p2a: Twink|Moonblast|p1a: Hatterene\n|-crit|p1a: Hatterene\n|-damage|p1a: Hatterene|47\/100\n|-unboost|p1a: Hatterene|spa|1\n|\n|-heal|p1a: Hatterene|53\/100|[from] item: Leftovers\n|upkeep\n|turn|2\n|\n|t:|1699892578\n|move|p2a: Twink|Skill Swap|p1a: Hatterene\n|-activate|p2a: Twink|move: Skill Swap|Magic Bounce|Shield Dust|[of] p1a: Hatterene\n|move|p1a: Hatterene|Nuzzle|p2a: Twink\n|-damage|p2a: Twink|94\/100\n|-status|p2a: Twink|par\n|\n|-heal|p1a: Hatterene|59\/100|[from] item: Leftovers\n|upkeep\n|turn|3\n|\n|t:|1699892585\n|move|p2a: Twink|Sticky Web|p1a: Hatterene\n|-sidestart|p1: Valorantnoob|move: Sticky Web\n|move|p1a: Hatterene|Shadow Ball|p2a: Twink\n|-damage|p2a: Twink|64\/100 par\n|\n|-heal|p1a: Hatterene|65\/100|[from] item: Leftovers\n|upkeep\n|turn|4\n|\n|t:|1699892593\n|move|p2a: Twink|Stun Spore|p1a: Hatterene\n|-status|p1a: Hatterene|par\n|cant|p1a: Hatterene|par\n|\n|-heal|p1a: Hatterene|71\/100 par|[from] item: Leftovers\n|upkeep\n|turn|5\n|\n|t:|1699892599\n|cant|p2a: Twink|par\n|move|p1a: Hatterene|Magic Powder|p2a: Twink\n|move|p2a: Twink|Magic Powder|p1a: Hatterene|[from]ability: Magic Bounce\n|-start|p1a: Hatterene|typechange|Psychic\n|\n|-heal|p1a: Hatterene|77\/100 par|[from] item: Leftovers\n|upkeep\n|turn|6\n|\n|t:|1699892612\n|cant|p2a: Twink|par\n|move|p1a: Hatterene|Mystical Fire|p2a: Twink\n|-supereffective|p2a: Twink\n|-damage|p2a: Twink|11\/100 par\n|-unboost|p2a: Twink|spa|1\n|\n|-heal|p1a: Hatterene|83\/100 par|[from] item: Leftovers\n|upkeep\n|turn|7\n|\n|t:|1699892619\n|cant|p2a: Twink|par\n|move|p1a: Hatterene|Mystical Fire|p2a: Twink\n|-supereffective|p2a: Twink\n|-damage|p2a: Twink|0 fnt\n|faint|p2a: Twink\n|\n|-heal|p1a: Hatterene|89\/100 par|[from] item: Leftovers\n|upkeep\n|\n|t:|1699892625\n|switch|p2a: Queengambit|Kingambit, F|100\/100\n|-activate|p2a: Queengambit|ability: Supreme Overlord\n|-start|p2a: Queengambit|fallen1|[silent]\n|turn|8\n|\n|t:|1699892628\n|switch|p1a: Torkoal|Torkoal, F|100\/100\n|-activate|p1a: Torkoal|move: Sticky Web\n|-unboost|p1a: Torkoal|spe|1\n|-weather|SunnyDay|[from] ability: Drought|[of] p1a: Torkoal\n|move|p2a: Queengambit|Sucker Punch||[still]\n|-fail|p2a: Queengambit\n|\n|-weather|SunnyDay|[upkeep]\n|upkeep\n|turn|9\n|\n|t:|1699892632\n|-terastallize|p2a: Queengambit|Fairy\n|move|p2a: Queengambit|Swords Dance|p2a: Queengambit\n|-boost|p2a: Queengambit|atk|2\n|move|p1a: Torkoal|Rapid Spin|p2a: Queengambit\n|-damage|p2a: Queengambit|94\/100\n|-boost|p1a: Torkoal|spe|1\n|-sideend|p1: Valorantnoob|Sticky Web|[from] move: Rapid Spin|[of] p1a: Torkoal\n|\n|-weather|SunnyDay|[upkeep]\n|-heal|p2a: Queengambit|99\/100|[from] item: Leftovers\n|upkeep\n|turn|10\n|\n|t:|1699892638\n|move|p2a: Queengambit|Low Kick|p1a: Torkoal\n|-damage|p1a: Torkoal|48\/100\n|move|p1a: Torkoal|Weather Ball|p2a: Queengambit\n|-damage|p2a: Queengambit|41\/100\n|\n|-weather|SunnyDay|[upkeep]\n|-heal|p2a: Queengambit|47\/100|[from] item: Leftovers\n|upkeep\n|turn|11\n|\n|t:|1699892647\n|move|p2a: Queengambit|Low Kick|p1a: Torkoal\n|-damage|p1a: Torkoal|3\/100\n|move|p1a: Torkoal|Weather Ball|p2a: Queengambit\n|-damage|p2a: Queengambit|0 fnt\n|faint|p2a: Queengambit\n|-end|p2a: Queengambit|fallen1|[silent]\n|\n|-weather|SunnyDay|[upkeep]\n|upkeep\n|\n|t:|1699892654\n|switch|p2a: Solar Panels|Iron Moth|100\/100\n|-enditem|p2a: Solar Panels|Booster Energy\n|-activate|p2a: Solar Panels|ability: Quark Drive|[fromitem]\n|-start|p2a: Solar Panels|quarkdrivespe\n|turn|12\n|c|\u2606Valorantnoob|What are yu doing ?\n|\n|t:|1699892660\n|move|p1a: Torkoal|Protect|p1a: Torkoal\n|-singleturn|p1a: Torkoal|Protect\n|move|p2a: Solar Panels|Fiery Dance|p1a: Torkoal\n|-activate|p1a: Torkoal|move: Protect\n|\n|-weather|SunnyDay|[upkeep]\n|upkeep\n|turn|13\n|\n|t:|1699892664\n|move|p2a: Solar Panels|Substitute|p2a: Solar Panels\n|-start|p2a: Solar Panels|Substitute\n|-damage|p2a: Solar Panels|76\/100\n|move|p1a: Torkoal|Weather Ball|p2a: Solar Panels\n|-resisted|p2a: Solar Panels\n|-end|p2a: Solar Panels|Substitute\n|\n|-weather|SunnyDay|[upkeep]\n|upkeep\n|turn|14\n|\n|t:|1699892668\n|move|p2a: Solar Panels|Fiery Dance|p1a: Torkoal\n|-resisted|p1a: Torkoal\n|-damage|p1a: Torkoal|0 fnt\n|-boost|p2a: Solar Panels|spa|1\n|faint|p1a: Torkoal\n|\n|-weather|SunnyDay|[upkeep]\n|upkeep\n|\n|t:|1699892674\n|switch|p1a: Walking Wake|Walking Wake|100\/100\n|-activate|p1a: Walking Wake|ability: Protosynthesis\n|-start|p1a: Walking Wake|protosynthesisspe\n|turn|15\n|\n|t:|1699892680\n|move|p2a: Solar Panels|Sludge Wave|p1a: Walking Wake\n|-damage|p1a: Walking Wake|15\/100\n|move|p1a: Walking Wake|Draco Meteor|p2a: Solar Panels\n|-damage|p2a: Solar Panels|0 fnt\n|-unboost|p1a: Walking Wake|spa|2\n|faint|p2a: Solar Panels\n|-end|p2a: Solar Panels|Quark Drive|[silent]\n|\n|-weather|none\n|-end|p1a: Walking Wake|Protosynthesis\n|upkeep\n|\n|t:|1699892694\n|switch|p2a: Bigender|Iron Valiant|100\/100\n|-enditem|p2a: Bigender|Booster Energy\n|-activate|p2a: Bigender|ability: Quark Drive|[fromitem]\n|-start|p2a: Bigender|quarkdrivespe\n|turn|16\n|\n|t:|1699892697\n|move|p2a: Bigender|Calm Mind|p2a: Bigender\n|-boost|p2a: Bigender|spa|1\n|-boost|p2a: Bigender|spd|1\n|move|p1a: Walking Wake|Draco Meteor|p2a: Bigender\n|-immune|p2a: Bigender\n|\n|upkeep\n|turn|17\n|\n|t:|1699892700\n|-end|p1a: Walking Wake|Protosynthesis|[silent]\n|switch|p1a: Hatterene|Hatterene, F|89\/100 par\n|move|p2a: Bigender|Calm Mind|p2a: Bigender\n|-boost|p2a: Bigender|spa|1\n|-boost|p2a: Bigender|spd|1\n|\n|-heal|p1a: Hatterene|95\/100 par|[from] item: Leftovers\n|upkeep\n|turn|18\n|\n|t:|1699892703\n|move|p2a: Bigender|Thunderbolt|p1a: Hatterene\n|-damage|p1a: Hatterene|34\/100 par\n|move|p1a: Hatterene|Nuzzle|p2a: Bigender\n|-damage|p2a: Bigender|95\/100\n|-status|p2a: Bigender|par\n|\n|-heal|p1a: Hatterene|40\/100 par|[from] item: Leftovers\n|upkeep\n|turn|19\n|\n|t:|1699892707\n|move|p2a: Bigender|Thunderbolt|p1a: Hatterene\n|-damage|p1a: Hatterene|0 fnt\n|faint|p1a: Hatterene\n|\n|upkeep\n|\n|t:|1699892714\n|switch|p1a: Weavile|Weavile, M|100\/100\n|-ability|p1a: Weavile|Pressure\n|turn|20\n|\n|t:|1699892728\n|move|p1a: Weavile|Poison Jab|p2a: Bigender\n|-supereffective|p2a: Bigender\n|-crit|p2a: Bigender\n|-damage|p2a: Bigender|0 fnt\n|faint|p2a: Bigender\n|-end|p2a: Bigender|Quark Drive|[silent]\n|\n|upkeep\n|\n|t:|1699892734\n|switch|p2a: Defender of Trans|Zamazenta, shiny|100\/100\n|-ability|p2a: Defender of Trans|Dauntless Shield|boost\n|-boost|p2a: Defender of Trans|def|1\n|turn|21\n|\n|t:|1699892739\n|switch|p1a: Walking Wake|Walking Wake|15\/100\n|move|p2a: Defender of Trans|Iron Defense|p2a: Defender of Trans\n|-boost|p2a: Defender of Trans|def|2\n|\n|upkeep\n|turn|22\n|\n|t:|1699892744\n|move|p2a: Defender of Trans|Body Press|p1a: Walking Wake\n|-damage|p1a: Walking Wake|0 fnt\n|faint|p1a: Walking Wake\n|-end|p1a: Walking Wake|Protosynthesis|[silent]\n|\n|upkeep\n|\n|t:|1699892749\n|switch|p1a: Ribombee|Ribombee, M|100\/100\n|turn|23\n|\n|t:|1699892751\n|move|p1a: Ribombee|Switcheroo|p2a: Defender of Trans\n|-activate|p1a: Ribombee|move: Trick|[of] p2a: Defender of Trans\n|-item|p2a: Defender of Trans|Choice Scarf|[from] move: Switcheroo\n|-item|p1a: Ribombee|Leftovers|[from] move: Switcheroo\n|move|p2a: Defender of Trans|Heavy Slam|p1a: Ribombee\n|-supereffective|p1a: Ribombee\n|-damage|p1a: Ribombee|0 fnt\n|faint|p1a: Ribombee\n|\n|upkeep\n|\n|t:|1699892759\n|switch|p1a: Kingambit|Kingambit, F|100\/100\n|-activate|p1a: Kingambit|ability: Supreme Overlord\n|-start|p1a: Kingambit|fallen4|[silent]\n|turn|24\n|\n|t:|1699892766\n|-end|p1a: Kingambit|fallen4|[silent]\n|switch|p1a: Weavile|Weavile, M|100\/100\n|-ability|p1a: Weavile|Pressure\n|move|p2a: Defender of Trans|Heavy Slam|p1a: Weavile\n|-supereffective|p1a: Weavile\n|-damage|p1a: Weavile|0 fnt\n|faint|p1a: Weavile\n|\n|upkeep\n|\n|t:|1699892772\n|switch|p1a: Kingambit|Kingambit, F|100\/100\n|-activate|p1a: Kingambit|ability: Supreme Overlord\n|-start|p1a: Kingambit|fallen5|[silent]\n|turn|25\n|\n|t:|1699892777\n|switch|p2a: Transfem|Ogerpon-Wellspring, F|100\/100\n|-terastallize|p1a: Kingambit|Flying\n|move|p1a: Kingambit|Aerial Ace|p2a: Transfem\n|-supereffective|p2a: Transfem\n|-damage|p2a: Transfem|0 fnt\n|faint|p2a: Transfem\n|\n|upkeep\n|\n|t:|1699892779\n|switch|p2a: Defender of Trans|Zamazenta, shiny|100\/100\n|turn|26\n|\n|t:|1699892785\n|move|p2a: Defender of Trans|Crunch|p1a: Kingambit\n|-damage|p1a: Kingambit|85\/100\n|move|p1a: Kingambit|Aerial Ace|p2a: Defender of Trans\n|-supereffective|p2a: Defender of Trans\n|-damage|p2a: Defender of Trans|36\/100\n|\n|upkeep\n|turn|27\n|\n|t:|1699892789\n|move|p2a: Defender of Trans|Crunch|p1a: Kingambit\n|-damage|p1a: Kingambit|70\/100\n|move|p1a: Kingambit|Aerial Ace|p2a: Defender of Trans\n|-supereffective|p2a: Defender of Trans\n|-damage|p2a: Defender of Trans|0 fnt\n|faint|p2a: Defender of Trans\n|\n|win|Valorantnoob\n|raw|Valorantnoob's rating: 1238 &rarr; <strong>1264<\/strong><br \/>(+26 for winning)\n|raw|Skaraptor2.1's rating: 1257 &rarr; <strong>1231<\/strong><br \/>(-26 for losing)\n","uploadtime":1699892796,"views":10,"p1id":"valorantnoob","p2id":"skaraptor21","formatid":"gen9ou","rating":1231,"private":0,"password":""}