{"id":"gen9ou-1993859523","p1":"wooloo supremacy","p2":"get ewrecked","format":"[Gen 9] OU","log":"|j|\u2606wooloo supremacy\n|j|\u2606get ewrecked\n|t:|1700366358\n|gametype|singles\n|player|p1|wooloo supremacy|adaman|1709\n|player|p2|get ewrecked|169|1733\n|teamsize|p1|6\n|teamsize|p2|6\n|gen|9\n|tier|[Gen 9] OU\n|rated|\n|rule|Sleep Clause Mod: Limit one foe put to sleep\n|rule|Species Clause: Limit one of each Pok\u00e9mon\n|rule|OHKO Clause: OHKO moves are banned\n|rule|Evasion Items Clause: Evasion items are banned\n|rule|Evasion Moves Clause: Evasion moves are banned\n|rule|Endless Battle Clause: Forcing endless battles is banned\n|rule|HP Percentage Mod: HP is shown in percentages\n|clearpoke\n|poke|p1|Great Tusk|\n|poke|p1|Hatterene, F|\n|poke|p1|Dondozo, F|\n|poke|p1|Mandibuzz, F|\n|poke|p1|Heatran, F|\n|poke|p1|Dragapult, F|\n|poke|p2|Zapdos|\n|poke|p2|Ogerpon-Wellspring, F|\n|poke|p2|Cinderace, F|\n|poke|p2|Corviknight, M|\n|poke|p2|Okidogi, M|\n|poke|p2|Ting-Lu|\n|teampreview\n|inactive|Battle timer is ON: inactive players will automatically lose when time's up. (requested by wooloo supremacy)\n|\n|t:|1700366392\n|start\n|switch|p1a: Dragapult|Dragapult, F|100\/100\n|switch|p2a: Ting-Lu|Ting-Lu|100\/100\n|-ability|p2a: Ting-Lu|Vessel of Ruin\n|turn|1\n|j| Roshino\n|\n|t:|1700366396\n|move|p1a: Dragapult|U-turn|p2a: Ting-Lu\n|-supereffective|p2a: Ting-Lu\n|-damage|p2a: Ting-Lu|83\/100\n|\n|t:|1700366399\n|switch|p1a: Mandibuzz|Mandibuzz, F|100\/100|[from] U-turn\n|move|p2a: Ting-Lu|Ruination|p1a: Mandibuzz\n|-damage|p1a: Mandibuzz|51\/100\n|\n|-heal|p2a: Ting-Lu|89\/100|[from] item: Leftovers\n|upkeep\n|turn|2\n|\n|t:|1700366405\n|switch|p2a: Okidogi|Okidogi, M|100\/100\n|move|p1a: Mandibuzz|Roost|p1a: Mandibuzz\n|-heal|p1a: Mandibuzz|100\/100\n|-singleturn|p1a: Mandibuzz|move: Roost\n|\n|upkeep\n|turn|3\n|\n|t:|1700366411\n|switch|p1a: Great Tusk|Great Tusk|100\/100\n|move|p2a: Okidogi|Poison Jab|p1a: Great Tusk\n|-resisted|p1a: Great Tusk\n|-damage|p1a: Great Tusk|88\/100\n|-status|p1a: Great Tusk|tox|[from] ability: Toxic Chain|[of] p2a: Okidogi\n|\n|-damage|p1a: Great Tusk|81\/100 tox|[from] psn\n|upkeep\n|turn|4\n|\n|t:|1700366419\n|switch|p2a: Corviknight|Corviknight, M|100\/100\n|-ability|p2a: Corviknight|Pressure\n|move|p1a: Great Tusk|Knock Off|p2a: Corviknight\n|-damage|p2a: Corviknight|72\/100\n|-damage|p1a: Great Tusk|65\/100 tox|[from] item: Rocky Helmet|[of] p2a: Corviknight\n|-enditem|p2a: Corviknight|Rocky Helmet|[from] move: Knock Off|[of] p1a: Great Tusk\n|\n|-damage|p1a: Great Tusk|53\/100 tox|[from] psn\n|upkeep\n|turn|5\n|\n|t:|1700366426\n|-end|p1a: Great Tusk|Protosynthesis|[silent]\n|switch|p1a: Heatran|Heatran, F|100\/100\n|move|p2a: Corviknight|U-turn|p1a: Heatran\n|-resisted|p1a: Heatran\n|-damage|p1a: Heatran|97\/100\n|\n|t:|1700366430\n|switch|p2a: Ting-Lu|Ting-Lu|89\/100|[from] U-turn\n|-ability|p2a: Ting-Lu|Vessel of Ruin\n|\n|-heal|p1a: Heatran|100\/100|[from] item: Leftovers\n|-heal|p2a: Ting-Lu|95\/100|[from] item: Leftovers\n|upkeep\n|turn|6\n|\n|t:|1700366437\n|switch|p1a: Mandibuzz|Mandibuzz, F|100\/100\n|move|p2a: Ting-Lu|Earthquake|p1a: Mandibuzz\n|-immune|p1a: Mandibuzz\n|\n|-heal|p2a: Ting-Lu|100\/100|[from] item: Leftovers\n|upkeep\n|turn|7\n|\n|t:|1700366441\n|switch|p2a: Okidogi|Okidogi, M|100\/100\n|move|p1a: Mandibuzz|U-turn|p2a: Okidogi\n|-resisted|p2a: Okidogi\n|-damage|p2a: Okidogi|98\/100\n|\n|t:|1700366446\n|switch|p1a: Great Tusk|Great Tusk|53\/100 tox|[from] U-turn\n|\n|-heal|p2a: Okidogi|100\/100|[from] item: Leftovers\n|-damage|p1a: Great Tusk|46\/100 tox|[from] psn\n|upkeep\n|turn|8\n|\n|t:|1700366449\n|switch|p2a: Corviknight|Corviknight, M|72\/100\n|-ability|p2a: Corviknight|Pressure\n|move|p1a: Great Tusk|Close Combat|p2a: Corviknight\n|-damage|p2a: Corviknight|19\/100\n|-unboost|p1a: Great Tusk|def|1\n|-unboost|p1a: Great Tusk|spd|1\n|\n|-damage|p1a: Great Tusk|34\/100 tox|[from] psn\n|upkeep\n|turn|9\n|\n|t:|1700366466\n|-end|p1a: Great Tusk|Protosynthesis|[silent]\n|switch|p1a: Heatran|Heatran, F|100\/100\n|switch|p2a: Okidogi|Okidogi, M|100\/100\n|\n|upkeep\n|turn|10\n|j| yarcii\n|\n|t:|1700366470\n|move|p1a: Heatran|Protect|p1a: Heatran\n|-singleturn|p1a: Heatran|Protect\n|move|p2a: Okidogi|Drain Punch|p1a: Heatran\n|-activate|p1a: Heatran|move: Protect\n|\n|upkeep\n|turn|11\n|\n|t:|1700366475\n|switch|p1a: Dragapult|Dragapult, F|100\/100\n|move|p2a: Okidogi|Drain Punch|p1a: Dragapult\n|-immune|p1a: Dragapult\n|\n|upkeep\n|turn|12\n|\n|t:|1700366479\n|switch|p2a: Ting-Lu|Ting-Lu|100\/100\n|-ability|p2a: Ting-Lu|Vessel of Ruin\n|move|p1a: Dragapult|U-turn|p2a: Ting-Lu\n|-supereffective|p2a: Ting-Lu\n|-damage|p2a: Ting-Lu|83\/100\n|\n|t:|1700366484\n|switch|p1a: Great Tusk|Great Tusk|34\/100 tox|[from] U-turn\n|\n|-heal|p2a: Ting-Lu|89\/100|[from] item: Leftovers\n|-damage|p1a: Great Tusk|28\/100 tox|[from] psn\n|upkeep\n|turn|13\n|\n|t:|1700366490\n|-end|p1a: Great Tusk|Protosynthesis|[silent]\n|switch|p1a: Hatterene|Hatterene, F|100\/100\n|switch|p2a: Corviknight|Corviknight, M|19\/100\n|-ability|p2a: Corviknight|Pressure\n|\n|upkeep\n|turn|14\n|\n|t:|1700366494\n|move|p2a: Corviknight|Roost|p2a: Corviknight\n|-heal|p2a: Corviknight|69\/100\n|-singleturn|p2a: Corviknight|move: Roost\n|move|p1a: Hatterene|Nuzzle|p2a: Corviknight\n|-damage|p2a: Corviknight|67\/100\n|-status|p2a: Corviknight|par\n|\n|upkeep\n|turn|15\n|\n|t:|1700366503\n|switch|p1a: Heatran|Heatran, F|100\/100\n|move|p2a: Corviknight|Roost|p2a: Corviknight\n|-heal|p2a: Corviknight|100\/100 par\n|-singleturn|p2a: Corviknight|move: Roost\n|\n|upkeep\n|turn|16\n|\n|t:|1700366507\n|switch|p2a: Ting-Lu|Ting-Lu|89\/100\n|-ability|p2a: Ting-Lu|Vessel of Ruin\n|move|p1a: Heatran|Magma Storm|p2a: Ting-Lu\n|-damage|p2a: Ting-Lu|69\/100\n|-activate|p2a: Ting-Lu|move: Magma Storm|[of] p1a: Heatran\n|\n|-heal|p2a: Ting-Lu|76\/100|[from] item: Leftovers\n|-damage|p2a: Ting-Lu|63\/100|[from] move: Magma Storm|[partiallytrapped]\n|upkeep\n|turn|17\n|\n|t:|1700366514\n|move|p1a: Heatran|Protect|p1a: Heatran\n|-singleturn|p1a: Heatran|Protect\n|move|p2a: Ting-Lu|Earthquake|p1a: Heatran\n|-activate|p1a: Heatran|move: Protect\n|\n|-heal|p2a: Ting-Lu|69\/100|[from] item: Leftovers\n|-damage|p2a: Ting-Lu|57\/100|[from] move: Magma Storm|[partiallytrapped]\n|upkeep\n|turn|18\n|j| newbie to top\n|\n|t:|1700366520\n|switch|p1a: Mandibuzz|Mandibuzz, F|100\/100\n|move|p2a: Ting-Lu|Ruination|p1a: Mandibuzz\n|-damage|p1a: Mandibuzz|51\/100\n|\n|-heal|p2a: Ting-Lu|63\/100|[from] item: Leftovers\n|-end|p2a: Ting-Lu|Magma Storm|[partiallytrapped]|[silent]\n|upkeep\n|turn|19\n|\n|t:|1700366528\n|move|p1a: Mandibuzz|U-turn|p2a: Ting-Lu\n|-supereffective|p2a: Ting-Lu\n|-damage|p2a: Ting-Lu|51\/100\n|\n|t:|1700366530\n|switch|p1a: Hatterene|Hatterene, F|100\/100|[from] U-turn\n|move|p2a: Ting-Lu|Earthquake|p1a: Hatterene\n|-damage|p1a: Hatterene|63\/100\n|\n|-heal|p2a: Ting-Lu|57\/100|[from] item: Leftovers\n|-heal|p1a: Hatterene|69\/100|[from] item: Leftovers\n|upkeep\n|turn|20\n|\n|t:|1700366539\n|switch|p2a: Okidogi|Okidogi, M|100\/100\n|move|p1a: Hatterene|Draining Kiss|p2a: Okidogi\n|-damage|p2a: Okidogi|84\/100\n|-heal|p1a: Hatterene|84\/100|[from] drain|[of] p2a: Okidogi\n|\n|-heal|p2a: Okidogi|90\/100|[from] item: Leftovers\n|-heal|p1a: Hatterene|90\/100|[from] item: Leftovers\n|upkeep\n|turn|21\n|\n|t:|1700366550\n|switch|p1a: Great Tusk|Great Tusk|28\/100 tox\n|move|p2a: Okidogi|Poison Jab|p1a: Great Tusk\n|-resisted|p1a: Great Tusk\n|-damage|p1a: Great Tusk|15\/100 tox\n|\n|-heal|p2a: Okidogi|96\/100|[from] item: Leftovers\n|-damage|p1a: Great Tusk|9\/100 tox|[from] psn\n|upkeep\n|turn|22\n|\n|t:|1700366559\n|switch|p2a: Corviknight|Corviknight, M|100\/100 par\n|-ability|p2a: Corviknight|Pressure\n|move|p1a: Great Tusk|Headlong Rush|p2a: Corviknight\n|-immune|p2a: Corviknight\n|\n|-damage|p1a: Great Tusk|0 fnt|[from] psn\n|faint|p1a: Great Tusk\n|-end|p1a: Great Tusk|Protosynthesis|[silent]\n|upkeep\n|\n|t:|1700366561\n|switch|p1a: Heatran|Heatran, F|100\/100\n|turn|23\n|\n|t:|1700366566\n|switch|p2a: Ting-Lu|Ting-Lu|57\/100\n|-ability|p2a: Ting-Lu|Vessel of Ruin\n|move|p1a: Heatran|Magma Storm|p2a: Ting-Lu|[miss]\n|-miss|p1a: Heatran|p2a: Ting-Lu\n|\n|-heal|p2a: Ting-Lu|63\/100|[from] item: Leftovers\n|upkeep\n|turn|24\n|\n|t:|1700366572\n|switch|p1a: Hatterene|Hatterene, F|90\/100\n|move|p2a: Ting-Lu|Earthquake|p1a: Hatterene\n|-damage|p1a: Hatterene|56\/100\n|\n|-heal|p2a: Ting-Lu|69\/100|[from] item: Leftovers\n|-heal|p1a: Hatterene|62\/100|[from] item: Leftovers\n|upkeep\n|turn|25\n|\n|t:|1700366588\n|switch|p2a: Corviknight|Corviknight, M|100\/100 par\n|-ability|p2a: Corviknight|Pressure\n|switch|p1a: Dragapult|Dragapult, F|100\/100\n|\n|upkeep\n|turn|26\n|\n|t:|1700366594\n|move|p1a: Dragapult|U-turn|p2a: Corviknight\n|-resisted|p2a: Corviknight\n|-damage|p2a: Corviknight|98\/100 par\n|\n|t:|1700366596\n|switch|p1a: Mandibuzz|Mandibuzz, F|51\/100|[from] U-turn\n|move|p2a: Corviknight|U-turn|p1a: Mandibuzz\n|-damage|p1a: Mandibuzz|42\/100\n|j| sonbohan\n|\n|t:|1700366613\n|switch|p2a: Zapdos|Zapdos|100\/100|[from] U-turn\n|\n|upkeep\n|turn|27\n|\n|t:|1700366621\n|switch|p1a: Heatran|Heatran, F|100\/100\n|move|p2a: Zapdos|U-turn|p1a: Heatran\n|-resisted|p1a: Heatran\n|-damage|p1a: Heatran|98\/100\n|\n|t:|1700366624\n|switch|p2a: Ogerpon|Ogerpon-Wellspring, F|100\/100|[from] U-turn\n|\n|-heal|p1a: Heatran|100\/100|[from] item: Leftovers\n|upkeep\n|turn|28\n|j| cl0n3\n|\n|t:|1700366636\n|-terastallize|p1a: Heatran|Grass\n|move|p2a: Ogerpon|Ivy Cudgel|p1a: Heatran|[anim] Ivy Cudgel Water\n|-resisted|p1a: Heatran\n|-damage|p1a: Heatran|72\/100\n|move|p1a: Heatran|Magma Storm|p2a: Ogerpon\n|-damage|p2a: Ogerpon|54\/100\n|-activate|p2a: Ogerpon|move: Magma Storm|[of] p1a: Heatran\n|\n|-heal|p1a: Heatran|79\/100|[from] item: Leftovers\n|-damage|p2a: Ogerpon|42\/100|[from] move: Magma Storm|[partiallytrapped]\n|upkeep\n|turn|29\n|\n|t:|1700366652\n|move|p1a: Heatran|Protect|p1a: Heatran\n|-singleturn|p1a: Heatran|Protect\n|move|p2a: Ogerpon|Power Whip|p1a: Heatran\n|-activate|p1a: Heatran|move: Protect\n|\n|-heal|p1a: Heatran|85\/100|[from] item: Leftovers\n|-damage|p2a: Ogerpon|30\/100|[from] move: Magma Storm|[partiallytrapped]\n|upkeep\n|turn|30\n|\n|t:|1700366656\n|move|p2a: Ogerpon|Power Whip|p1a: Heatran\n|-resisted|p1a: Heatran\n|-damage|p1a: Heatran|55\/100\n|move|p1a: Heatran|Earth Power|p2a: Ogerpon\n|-resisted|p2a: Ogerpon\n|-damage|p2a: Ogerpon|14\/100\n|\n|-heal|p1a: Heatran|61\/100|[from] item: Leftovers\n|-damage|p2a: Ogerpon|2\/100|[from] move: Magma Storm|[partiallytrapped]\n|upkeep\n|turn|31\n|\n|t:|1700366662\n|move|p1a: Heatran|Protect|p1a: Heatran\n|-singleturn|p1a: Heatran|Protect\n|move|p2a: Ogerpon|Zen Headbutt|p1a: Heatran\n|-activate|p1a: Heatran|move: Protect\n|\n|-heal|p1a: Heatran|68\/100|[from] item: Leftovers\n|-damage|p2a: Ogerpon|0 fnt|[from] move: Magma Storm|[partiallytrapped]\n|faint|p2a: Ogerpon\n|upkeep\n|\n|t:|1700366668\n|switch|p2a: Zapdos|Zapdos|100\/100\n|turn|32\n|\n|t:|1700366689\n|switch|p1a: Mandibuzz|Mandibuzz, F|42\/100\n|move|p2a: Zapdos|Hurricane|p1a: Mandibuzz\n|-damage|p1a: Mandibuzz|0 fnt\n|faint|p1a: Mandibuzz\n|\n|upkeep\n|\n|t:|1700366697\n|switch|p1a: Dragapult|Dragapult, F|100\/100\n|turn|33\n|\n|t:|1700366701\n|switch|p2a: Ting-Lu|Ting-Lu|69\/100\n|-ability|p2a: Ting-Lu|Vessel of Ruin\n|move|p1a: Dragapult|Draco Meteor|p2a: Ting-Lu\n|-damage|p2a: Ting-Lu|24\/100\n|-unboost|p1a: Dragapult|spa|2\n|\n|-heal|p2a: Ting-Lu|30\/100|[from] item: Leftovers\n|upkeep\n|turn|34\n|\n|t:|1700366715\n|switch|p1a: Hatterene|Hatterene, F|62\/100\n|switch|p2a: Cinderace|Cinderace, F|100\/100\n|\n|-heal|p1a: Hatterene|68\/100|[from] item: Leftovers\n|upkeep\n|turn|35\n|\n|t:|1700366722\n|switch|p1a: Dondozo|Dondozo, F|100\/100\n|move|p2a: Cinderace|U-turn|p1a: Dondozo\n|-start|p2a: Cinderace|typechange|Bug|[from] ability: Libero\n|-damage|p1a: Dondozo|82\/100\n|\n|t:|1700366727\n|switch|p2a: Zapdos|Zapdos|100\/100|[from] U-turn\n|\n|-heal|p1a: Dondozo|88\/100|[from] item: Leftovers\n|upkeep\n|turn|36\n|j| xXCryptoXx\n|\n|t:|1700366735\n|switch|p1a: Heatran|Heatran, F, tera:Grass|68\/100\n|move|p2a: Zapdos|Thunderbolt|p1a: Heatran\n|-resisted|p1a: Heatran\n|-damage|p1a: Heatran|53\/100\n|\n|-heal|p1a: Heatran|59\/100|[from] item: Leftovers\n|upkeep\n|turn|37\n|l| xXCryptoXx\n|\n|t:|1700366741\n|move|p2a: Zapdos|Hurricane|p1a: Heatran\n|-supereffective|p1a: Heatran\n|-damage|p1a: Heatran|0 fnt\n|faint|p1a: Heatran\n|\n|upkeep\n|\n|t:|1700366745\n|switch|p1a: Dragapult|Dragapult, F|100\/100\n|turn|38\n|\n|t:|1700366749\n|switch|p2a: Corviknight|Corviknight, M|98\/100 par\n|-ability|p2a: Corviknight|Pressure\n|move|p1a: Dragapult|Flamethrower|p2a: Corviknight\n|-supereffective|p2a: Corviknight\n|-damage|p2a: Corviknight|15\/100 par\n|\n|upkeep\n|turn|39\n|\n|t:|1700366755\n|move|p1a: Dragapult|Flamethrower|p2a: Corviknight\n|-supereffective|p2a: Corviknight\n|-damage|p2a: Corviknight|0 fnt\n|faint|p2a: Corviknight\n|\n|upkeep\n|\n|t:|1700366761\n|switch|p2a: Ting-Lu|Ting-Lu|30\/100\n|-ability|p2a: Ting-Lu|Vessel of Ruin\n|turn|40\n|\n|t:|1700366770\n|switch|p1a: Hatterene|Hatterene, F|68\/100\n|move|p2a: Ting-Lu|Earthquake|p1a: Hatterene\n|-damage|p1a: Hatterene|32\/100\n|\n|-heal|p2a: Ting-Lu|36\/100|[from] item: Leftovers\n|-heal|p1a: Hatterene|38\/100|[from] item: Leftovers\n|upkeep\n|turn|41\n|l| cl0n3\n|\n|t:|1700366775\n|move|p2a: Ting-Lu|Earthquake|p1a: Hatterene\n|-damage|p1a: Hatterene|0 fnt\n|faint|p1a: Hatterene\n|\n|-heal|p2a: Ting-Lu|43\/100|[from] item: Leftovers\n|upkeep\n|\n|t:|1700366778\n|switch|p1a: Dragapult|Dragapult, F|100\/100\n|turn|42\n|l| yarcii\n|\n|t:|1700366783\n|move|p1a: Dragapult|U-turn|p2a: Ting-Lu\n|-supereffective|p2a: Ting-Lu\n|-damage|p2a: Ting-Lu|25\/100\n|\n|t:|1700366785\n|switch|p1a: Dondozo|Dondozo, F|88\/100|[from] U-turn\n|move|p2a: Ting-Lu|Ruination|p1a: Dondozo\n|-damage|p1a: Dondozo|44\/100\n|\n|-heal|p2a: Ting-Lu|31\/100|[from] item: Leftovers\n|-heal|p1a: Dondozo|50\/100|[from] item: Leftovers\n|upkeep\n|turn|43\n|\n|t:|1700366788\n|move|p1a: Dondozo|Liquidation|p2a: Ting-Lu\n|-supereffective|p2a: Ting-Lu\n|-damage|p2a: Ting-Lu|0 fnt\n|faint|p2a: Ting-Lu\n|\n|-heal|p1a: Dondozo|57\/100|[from] item: Leftovers\n|upkeep\n|\n|t:|1700366794\n|switch|p2a: Zapdos|Zapdos|100\/100\n|turn|44\n|inactive|wooloo supremacy has 120 seconds left.\n|\n|t:|1700366841\n|move|p2a: Zapdos|Thunderbolt|p1a: Dondozo\n|-supereffective|p1a: Dondozo\n|-damage|p1a: Dondozo|0 fnt\n|faint|p1a: Dondozo\n|\n|upkeep\n|\n|t:|1700366843\n|switch|p1a: Dragapult|Dragapult, F|100\/100\n|turn|45\n|\n|t:|1700366853\n|move|p1a: Dragapult|Shadow Ball|p2a: Zapdos\n|-damage|p2a: Zapdos|38\/100\n|move|p2a: Zapdos|Hurricane|p1a: Dragapult\n|-damage|p1a: Dragapult|21\/100\n|\n|upkeep\n|turn|46\n|\n|t:|1700366859\n|move|p1a: Dragapult|Shadow Ball|p2a: Zapdos\n|-damage|p2a: Zapdos|0 fnt\n|faint|p2a: Zapdos\n|\n|upkeep\n|\n|t:|1700366861\n|switch|p2a: Cinderace|Cinderace, F|100\/100\n|turn|47\n|j| yarcii\n|inactive|wooloo supremacy has 120 seconds left.\n|c|\u2606get ewrecked|gg\n|\n|t:|1700366888\n|move|p1a: Dragapult|Shadow Ball|p2a: Cinderace\n|-damage|p2a: Cinderace|24\/100\n|move|p2a: Cinderace|Pyro Ball|p1a: Dragapult\n|-resisted|p1a: Dragapult\n|-damage|p1a: Dragapult|0 fnt\n|faint|p1a: Dragapult\n|\n|win|get ewrecked\n|raw|wooloo supremacy's rating: 1709 &rarr; <strong>1690<\/strong><br \/>(-19 for losing)\n|raw|get ewrecked's rating: 1733 &rarr; <strong>1752<\/strong><br \/>(+19 for winning)\n|l|\u2606wooloo supremacy\n|l| Roshino\n|l| newbie to top\n|l|\u2606get ewrecked\n","uploadtime":1700366925,"views":19,"p1id":"wooloosupremacy","p2id":"getewrecked","formatid":"gen9ou","rating":1690,"private":0,"password":""}