{"id":"gen9ou-1997746481","p1":"Imanjoneser","p2":"PokeLegendJack","format":"[Gen 9] OU","log":"|j|\u2606Imanjoneser\n|j|\u2606PokeLegendJack\n|t:|1700848289\n|gametype|singles\n|player|p1|Imanjoneser|bugcatcher-gen4dp|1089\n|player|p2|PokeLegendJack|101|1016\n|teamsize|p1|6\n|teamsize|p2|5\n|gen|9\n|tier|[Gen 9] OU\n|rated|\n|rule|Sleep Clause Mod: Limit one foe put to sleep\n|rule|Species Clause: Limit one of each Pok\u00e9mon\n|rule|OHKO Clause: OHKO moves are banned\n|rule|Evasion Items Clause: Evasion items are banned\n|rule|Evasion Moves Clause: Evasion moves are banned\n|rule|Endless Battle Clause: Forcing endless battles is banned\n|rule|HP Percentage Mod: HP is shown in percentages\n|clearpoke\n|poke|p1|Noivern, F|\n|poke|p1|Cinderace, M|\n|poke|p1|Maushold-Four|\n|poke|p1|Chesnaught, M|\n|poke|p1|Grafaiai, M|\n|poke|p1|Eelektross, M|\n|poke|p2|Clodsire, F|\n|poke|p2|Quagsire, M|\n|poke|p2|Lucario, M|\n|poke|p2|Greninja-*, F|\n|poke|p2|Arcanine-Hisui, F|\n|teampreview\n|\n|t:|1700848307\n|start\n|switch|p1a: Noivern|Noivern, F, shiny|100\/100\n|switch|p2a: Arcanine|Arcanine-Hisui, F, shiny|100\/100\n|turn|1\n|\n|t:|1700848316\n|-terastallize|p2a: Arcanine|Rock\n|move|p1a: Noivern|Super Fang|p2a: Arcanine\n|-damage|p2a: Arcanine|51\/100\n|move|p2a: Arcanine|Head Smash|p1a: Noivern\n|-supereffective|p1a: Noivern\n|-damage|p1a: Noivern|0 fnt\n|faint|p1a: Noivern\n|\n|upkeep\n|\n|t:|1700848324\n|switch|p1a: Chesnaught|Chesnaught, M, shiny|100\/100\n|turn|2\n|\n|t:|1700848328\n|move|p1a: Chesnaught|Spiky Shield|p1a: Chesnaught\n|-singleturn|p1a: Chesnaught|move: Protect\n|move|p2a: Arcanine|Flare Blitz|p1a: Chesnaught\n|-activate|p1a: Chesnaught|move: Protect\n|-damage|p2a: Arcanine|38\/100|[from] Spiky Shield|[of] p1a: Chesnaught\n|\n|upkeep\n|turn|3\n|\n|t:|1700848335\n|switch|p1a: Grafaiai|Grafaiai, M, shiny|100\/100\n|move|p2a: Arcanine|Flare Blitz|p1a: Grafaiai\n|-enditem|p1a: Grafaiai|Focus Sash\n|-damage|p1a: Grafaiai|1\/100\n|\n|upkeep\n|turn|4\n|\n|t:|1700848345\n|move|p1a: Grafaiai|Parting Shot|p2a: Arcanine\n|-unboost|p2a: Arcanine|atk|1\n|-unboost|p2a: Arcanine|spa|1\n|\n|t:|1700848350\n|switch|p1a: Eelektross|Eelektross, M, shiny|100\/100|[from] Parting Shot\n|move|p2a: Arcanine|Head Smash|p1a: Eelektross\n|-damage|p1a: Eelektross|26\/100\n|\n|-heal|p1a: Eelektross|32\/100|[from] item: Leftovers\n|upkeep\n|turn|5\n|\n|t:|1700848358\n|move|p2a: Arcanine|Head Smash|p1a: Eelektross\n|-damage|p1a: Eelektross|0 fnt\n|faint|p1a: Eelektross\n|\n|upkeep\n|c|\u2606Imanjoneser|oof\n|\n|t:|1700848366\n|switch|p1a: Cinderace|Cinderace, M, shiny|100\/100\n|turn|6\n|c|\u2606Imanjoneser|Hits so hard haha\n|c|\u2606PokeLegendJack|yep\n|c|\u2606PokeLegendJack|and no recoil\n|c|\u2606Imanjoneser|Yeah XD\n|c|\u2606Imanjoneser|Muscle band?\n|c|\u2606PokeLegendJack|im planning to add choice band after this match\n|\n|t:|1700848410\n|move|p1a: Cinderace|High Jump Kick|p2a: Arcanine\n|-start|p1a: Cinderace|typechange|Fighting|[from] ability: Libero\n|-supereffective|p2a: Arcanine\n|-damage|p2a: Arcanine|0 fnt\n|faint|p2a: Arcanine\n|\n|upkeep\n|\n|t:|1700848416\n|switch|p2a: Lucario|Lucario, M|100\/100\n|turn|7\n|c|\u2606Imanjoneser|I'd keep muscle band personally I like the versatility\n|\n|t:|1700848435\n|move|p2a: Lucario|Psychic|p1a: Cinderace\n|-supereffective|p1a: Cinderace\n|-damage|p1a: Cinderace|15\/100\n|move|p1a: Cinderace|Pyro Ball|p2a: Lucario\n|-supereffective|p2a: Lucario\n|-damage|p2a: Lucario|0 fnt\n|faint|p2a: Lucario\n|\n|upkeep\n|\n|t:|1700848451\n|switch|p2a: Greninja|Greninja, F|100\/100\n|turn|8\n|\n|t:|1700848456\n|move|p2a: Greninja|Water Shuriken|p1a: Cinderace\n|-damage|p1a: Cinderace|5\/100\n|-damage|p1a: Cinderace|0 fnt\n|faint|p1a: Cinderace\n|-hitcount|p1: Cinderace|2\n|\n|upkeep\n|\n|t:|1700848463\n|switch|p1a: Grafaiai|Grafaiai, M, shiny|1\/100\n|turn|9\n|c|\u2606PokeLegendJack|what\u2019s muscle band\n|c|\u2606PokeLegendJack|i have an assault vest on arcanine rn\n|\n|t:|1700848488\n|move|p2a: Greninja|Water Shuriken|p1a: Grafaiai\n|-damage|p1a: Grafaiai|0 fnt\n|faint|p1a: Grafaiai\n|-hitcount|p1: Grafaiai|1\n|\n|upkeep\n|c|\u2606Imanjoneser|It makes physical attacks stronger without forcing you to be only able to use one move like choide band\/ scarf\n|\n|t:|1700848515\n|switch|p1a: Chesnaught|Chesnaught, M, shiny|100\/100\n|turn|10\n|c|\u2606PokeLegendJack|oh ok thanks\n|c|\u2606Imanjoneser|Np!\n|c|\u2606Imanjoneser|It's a really good item\n|\n|t:|1700848541\n|move|p2a: Greninja|Substitute|p2a: Greninja\n|-start|p2a: Greninja|Substitute\n|-damage|p2a: Greninja|76\/100\n|move|p1a: Chesnaught|Drain Punch|p2a: Greninja\n|-supereffective|p2a: Greninja\n|-end|p2a: Greninja|Substitute\n|\n|upkeep\n|turn|11\n|\n|t:|1700848547\n|switch|p2a: Clodsire|Clodsire, F|100\/100\n|move|p1a: Chesnaught|Drain Punch|p2a: Clodsire\n|-resisted|p2a: Clodsire\n|-damage|p2a: Clodsire|79\/100\n|\n|-heal|p2a: Clodsire|85\/100|[from] item: Leftovers\n|upkeep\n|turn|12\n|\n|t:|1700848558\n|move|p1a: Chesnaught|Leech Seed|p2a: Clodsire\n|-start|p2a: Clodsire|move: Leech Seed\n|move|p2a: Clodsire|Toxic|p1a: Chesnaught\n|-status|p1a: Chesnaught|tox\n|\n|-heal|p2a: Clodsire|92\/100|[from] item: Leftovers\n|-damage|p2a: Clodsire|79\/100|[from] Leech Seed|[of] p1a: Chesnaught\n|-damage|p1a: Chesnaught|94\/100 tox|[from] psn\n|upkeep\n|turn|13\n|\n|t:|1700848565\n|move|p1a: Chesnaught|Knock Off|p2a: Clodsire\n|-damage|p2a: Clodsire|46\/100\n|-enditem|p2a: Clodsire|Leftovers|[from] move: Knock Off|[of] p1a: Chesnaught\n|move|p2a: Clodsire|Curse|p2a: Clodsire\n|-unboost|p2a: Clodsire|spe|1\n|-boost|p2a: Clodsire|atk|1\n|-boost|p2a: Clodsire|def|1\n|\n|-damage|p2a: Clodsire|33\/100|[from] Leech Seed|[of] p1a: Chesnaught\n|-heal|p1a: Chesnaught|100\/100 tox|[silent]\n|-damage|p1a: Chesnaught|88\/100 tox|[from] psn\n|upkeep\n|turn|14\n|\n|t:|1700848576\n|move|p1a: Chesnaught|Drain Punch|p2a: Clodsire\n|-resisted|p2a: Clodsire\n|-damage|p2a: Clodsire|18\/100\n|-heal|p1a: Chesnaught|98\/100 tox|[from] drain|[of] p2a: Clodsire\n|move|p2a: Clodsire|Recover|p2a: Clodsire\n|-heal|p2a: Clodsire|68\/100\n|\n|-damage|p2a: Clodsire|56\/100|[from] Leech Seed|[of] p1a: Chesnaught\n|-heal|p1a: Chesnaught|100\/100 tox|[silent]\n|-damage|p1a: Chesnaught|82\/100 tox|[from] psn\n|upkeep\n|turn|15\n|\n|t:|1700848592\n|move|p1a: Chesnaught|Drain Punch|p2a: Clodsire\n|-resisted|p2a: Clodsire\n|-damage|p2a: Clodsire|42\/100\n|-heal|p1a: Chesnaught|91\/100 tox|[from] drain|[of] p2a: Clodsire\n|move|p2a: Clodsire|Recover|p2a: Clodsire\n|-heal|p2a: Clodsire|92\/100\n|\n|-damage|p2a: Clodsire|80\/100|[from] Leech Seed|[of] p1a: Chesnaught\n|-heal|p1a: Chesnaught|100\/100 tox|[silent]\n|-damage|p1a: Chesnaught|76\/100 tox|[from] psn\n|upkeep\n|turn|16\n|c|\u2606PokeLegendJack|if this clodsire goes down it\u2019s gg for me\n|\n|t:|1700848604\n|switch|p1a: Maushold|Maushold-Four, shiny|100\/100\n|move|p2a: Clodsire|Curse|p2a: Clodsire\n|-unboost|p2a: Clodsire|spe|1\n|-boost|p2a: Clodsire|atk|1\n|-boost|p2a: Clodsire|def|1\n|\n|-damage|p2a: Clodsire|67\/100|[from] Leech Seed|[of] p1a: Maushold\n|upkeep\n|turn|17\n|c|\u2606Imanjoneser|Possibly haha\n|\n|t:|1700848612\n|move|p1a: Maushold|Super Fang|p2a: Clodsire\n|-damage|p2a: Clodsire|34\/100\n|move|p2a: Clodsire|Earthquake|p1a: Maushold\n|-damage|p1a: Maushold|21\/100\n|\n|-damage|p2a: Clodsire|21\/100|[from] Leech Seed|[of] p1a: Maushold\n|-heal|p1a: Maushold|41\/100|[silent]\n|upkeep\n|turn|18\n|\n|t:|1700848624\n|-terastallize|p1a: Maushold|Normal\n|move|p1a: Maushold|Population Bomb|p2a: Clodsire\n|-crit|p2a: Clodsire\n|-damage|p2a: Clodsire|0 fnt\n|faint|p2a: Clodsire\n|-hitcount|p2: Clodsire|1\n|\n|upkeep\n|c|\u2606Imanjoneser|OMG\n|\n|t:|1700848632\n|switch|p2a: Greninja|Greninja, F|76\/100\n|turn|19\n|c|\u2606Imanjoneser|That crit was nuts Xd\n|\n|t:|1700848640\n|move|p2a: Greninja|Water Shuriken|p1a: Maushold\n|-damage|p1a: Maushold|30\/100\n|-crit|p1a: Maushold\n|-damage|p1a: Maushold|15\/100\n|-damage|p1a: Maushold|5\/100\n|-damage|p1a: Maushold|0 fnt\n|faint|p1a: Maushold\n|-hitcount|p1: Maushold|4\n|\n|upkeep\n|\n|t:|1700848647\n|switch|p1a: Chesnaught|Chesnaught, M, shiny|76\/100 tox\n|turn|20\n|\n|t:|1700848660\n|move|p2a: Greninja|Dark Pulse|p1a: Chesnaught\n|-resisted|p1a: Chesnaught\n|-damage|p1a: Chesnaught|57\/100 tox\n|move|p1a: Chesnaught|Drain Punch|p2a: Greninja\n|-supereffective|p2a: Greninja\n|-crit|p2a: Greninja\n|-damage|p2a: Greninja|0 fnt\n|-heal|p1a: Chesnaught|85\/100 tox|[from] drain|[of] p2a: Greninja\n|faint|p2a: Greninja\n|\n|-damage|p1a: Chesnaught|79\/100 tox|[from] psn\n|upkeep\n|\n|t:|1700848665\n|switch|p2a: Quagsire|Quagsire, M|100\/100\n|turn|21\n|\n|t:|1700848675\n|move|p1a: Chesnaught|Leech Seed|p2a: Quagsire\n|-start|p2a: Quagsire|move: Leech Seed\n|move|p2a: Quagsire|Body Slam|p1a: Chesnaught\n|-damage|p1a: Chesnaught|62\/100 tox\n|-damage|p2a: Quagsire|84\/100|[from] item: Rocky Helmet|[of] p1a: Chesnaught\n|\n|-heal|p2a: Quagsire|90\/100|[from] item: Leftovers\n|-damage|p2a: Quagsire|78\/100|[from] Leech Seed|[of] p1a: Chesnaught\n|-heal|p1a: Chesnaught|75\/100 tox|[silent]\n|-damage|p1a: Chesnaught|63\/100 tox|[from] psn\n|upkeep\n|turn|22\n|c|\u2606Imanjoneser|Ah I see\n|\n|t:|1700848689\n|move|p1a: Chesnaught|Knock Off|p2a: Quagsire\n|-damage|p2a: Quagsire|47\/100\n|-enditem|p2a: Quagsire|Leftovers|[from] move: Knock Off|[of] p1a: Chesnaught\n|move|p2a: Quagsire|Earthquake|p1a: Chesnaught\n|-resisted|p1a: Chesnaught\n|-crit|p1a: Chesnaught\n|-damage|p1a: Chesnaught|39\/100 tox\n|\n|-damage|p2a: Quagsire|34\/100|[from] Leech Seed|[of] p1a: Chesnaught\n|-heal|p1a: Chesnaught|52\/100 tox|[silent]\n|-damage|p1a: Chesnaught|33\/100 tox|[from] psn\n|upkeep\n|turn|23\n|c|\u2606PokeLegendJack|gg well played\n|c|\u2606Imanjoneser|Woah another crit\n|\n|t:|1700848711\n|move|p1a: Chesnaught|Drain Punch|p2a: Quagsire\n|-damage|p2a: Quagsire|0 fnt\n|-heal|p1a: Chesnaught|51\/100 tox|[from] drain|[of] p2a: Quagsire\n|faint|p2a: Quagsire\n|\n|win|Imanjoneser\n|raw|Imanjoneser's rating: 1089 &rarr; <strong>1110<\/strong><br \/>(+21 for winning)\n|raw|PokeLegendJack's rating: 1016 &rarr; <strong>1006<\/strong><br \/>(-10 for losing)\n|c|\u2606Imanjoneser|Thanks man you as well!\n","uploadtime":1700848720,"views":2,"p1id":"imanjoneser","p2id":"pokelegendjack","formatid":"gen9ou","rating":1006,"private":0,"password":""}