{"id":"gen9ou-1997312606","p1":"TigerSpace02","p2":"MoEB_zaktrap182","format":"[Gen 9] OU","log":"|j|\u2606TigerSpace02\n|j|\u2606MoEB_zaktrap182\n|t:|1700788042\n|gametype|singles\n|player|p1|TigerSpace02|blackbelt-gen4dp|\n|player|p2|MoEB_zaktrap182|fisherman-gen4|\n|teamsize|p1|6\n|teamsize|p2|6\n|gen|9\n|tier|[Gen 9] OU\n|rule|Sleep Clause Mod: Limit one foe put to sleep\n|rule|Species Clause: Limit one of each Pok\u00e9mon\n|rule|OHKO Clause: OHKO moves are banned\n|rule|Evasion Items Clause: Evasion items are banned\n|rule|Evasion Moves Clause: Evasion moves are banned\n|rule|Endless Battle Clause: Forcing endless battles is banned\n|rule|HP Percentage Mod: HP is shown in percentages\n|clearpoke\n|poke|p1|Zapdos|\n|poke|p1|Slowking-Galar, M|\n|poke|p1|Perrserker, M|\n|poke|p1|Great Tusk|\n|poke|p1|Crawdaunt, F|\n|poke|p1|Mandibuzz, F|\n|poke|p2|Dragonite, F|\n|poke|p2|Clefable, M|\n|poke|p2|Enamorus, F|\n|poke|p2|Empoleon, F|\n|poke|p2|Cinderace, M|\n|poke|p2|Iron Valiant|\n|teampreview\n|\n|t:|1700788099\n|start\n|switch|p1a: Great Tusk|Great Tusk, shiny|100\/100\n|switch|p2a: Enamorus|Enamorus, F|100\/100\n|turn|1\n|\n|t:|1700788119\n|move|p2a: Enamorus|Superpower|p1a: Great Tusk\n|-damage|p1a: Great Tusk|82\/100\n|-boost|p2a: Enamorus|atk|1\n|-boost|p2a: Enamorus|def|1\n|move|p1a: Great Tusk|Ice Spinner|p2a: Enamorus\n|-supereffective|p2a: Enamorus\n|-damage|p2a: Enamorus|49\/100\n|\n|-heal|p1a: Great Tusk|88\/100|[from] item: Leftovers\n|upkeep\n|turn|2\n|\n|t:|1700788145\n|move|p2a: Enamorus|Superpower|p1a: Great Tusk\n|-damage|p1a: Great Tusk|60\/100\n|-boost|p2a: Enamorus|atk|1\n|-boost|p2a: Enamorus|def|1\n|move|p1a: Great Tusk|Ice Spinner|p2a: Enamorus\n|-supereffective|p2a: Enamorus\n|-damage|p2a: Enamorus|5\/100\n|\n|-heal|p1a: Great Tusk|67\/100|[from] item: Leftovers\n|upkeep\n|turn|3\n|\n|t:|1700788162\n|move|p2a: Enamorus|Superpower|p1a: Great Tusk\n|-damage|p1a: Great Tusk|29\/100\n|-boost|p2a: Enamorus|atk|1\n|-boost|p2a: Enamorus|def|1\n|move|p1a: Great Tusk|Rapid Spin|p2a: Enamorus\n|-damage|p2a: Enamorus|0 fnt\n|-boost|p1a: Great Tusk|spe|1\n|faint|p2a: Enamorus\n|\n|-heal|p1a: Great Tusk|36\/100|[from] item: Leftovers\n|upkeep\n|\n|t:|1700788174\n|switch|p2a: Empoleon|Empoleon, F, shiny|100\/100\n|turn|4\n|\n|t:|1700788181\n|move|p1a: Great Tusk|Earthquake|p2a: Empoleon\n|-supereffective|p2a: Empoleon\n|-damage|p2a: Empoleon|15\/100\n|move|p2a: Empoleon|Ice Beam|p1a: Great Tusk\n|-supereffective|p1a: Great Tusk\n|-damage|p1a: Great Tusk|0 fnt\n|faint|p1a: Great Tusk\n|-end|p1a: Great Tusk|Protosynthesis|[silent]\n|\n|upkeep\n|\n|t:|1700788221\n|switch|p1a: Zapdos|Zapdos|100\/100\n|turn|5\n|\n|t:|1700788240\n|switch|p2a: Clefable|Clefable, M, shiny|100\/100\n|move|p1a: Zapdos|Volt Switch|p2a: Clefable\n|-damage|p2a: Clefable|76\/100\n|\n|t:|1700788297\n|switch|p1a: Slowking|Slowking-Galar, M|100\/100|[from] Volt Switch\n|\n|-heal|p2a: Clefable|82\/100|[from] item: Leftovers\n|upkeep\n|turn|6\n|\n|t:|1700788307\n|-terastallize|p2a: Clefable|Steel\n|move|p2a: Clefable|Cosmic Power|p2a: Clefable\n|-boost|p2a: Clefable|def|1\n|-boost|p2a: Clefable|spd|1\n|move|p1a: Slowking|Future Sight|p2a: Clefable\n|-start|p1a: Slowking|move: Future Sight\n|\n|-heal|p2a: Clefable|88\/100|[from] item: Leftovers\n|upkeep\n|turn|7\n|\n|t:|1700788360\n|move|p2a: Clefable|Cosmic Power|p2a: Clefable\n|-boost|p2a: Clefable|def|1\n|-boost|p2a: Clefable|spd|1\n|move|p1a: Slowking|Trick Room|p1a: Slowking\n|-fieldstart|move: Trick Room|[of] p1a: Slowking\n|\n|-heal|p2a: Clefable|94\/100|[from] item: Leftovers\n|upkeep\n|turn|8\n|\n|t:|1700788376\n|move|p1a: Slowking|Chilly Reception|p1a: Slowking\n|-weather|Snow\n|\n|t:|1700788379\n|switch|p1a: Perrserker|Perrserker, M|100\/100|[from] Chilly Reception\n|move|p2a: Clefable|Calm Mind|p2a: Clefable\n|-boost|p2a: Clefable|spa|1\n|-boost|p2a: Clefable|spd|1\n|\n|-weather|Snow|[upkeep]\n|-end|p2a: Clefable|move: Future Sight\n|-resisted|p2a: Clefable\n|-damage|p2a: Clefable|87\/100\n|-heal|p2a: Clefable|93\/100|[from] item: Leftovers\n|upkeep\n|turn|9\n|\n|t:|1700788398\n|move|p1a: Perrserker|Gyro Ball|p2a: Clefable\n|-resisted|p2a: Clefable\n|-damage|p2a: Clefable|77\/100\n|move|p2a: Clefable|Calm Mind|p2a: Clefable\n|-boost|p2a: Clefable|spa|1\n|-boost|p2a: Clefable|spd|1\n|\n|-weather|Snow|[upkeep]\n|-heal|p2a: Clefable|83\/100|[from] item: Leftovers\n|upkeep\n|turn|10\n|\n|t:|1700788414\n|move|p1a: Perrserker|Close Combat|p2a: Clefable\n|-supereffective|p2a: Clefable\n|-damage|p2a: Clefable|44\/100\n|-unboost|p1a: Perrserker|def|1\n|-unboost|p1a: Perrserker|spd|1\n|move|p2a: Clefable|Calm Mind|p2a: Clefable\n|-boost|p2a: Clefable|spa|1\n|-boost|p2a: Clefable|spd|1\n|\n|-weather|Snow|[upkeep]\n|-heal|p2a: Clefable|50\/100|[from] item: Leftovers\n|upkeep\n|turn|11\n|\n|t:|1700788427\n|move|p1a: Perrserker|Close Combat|p2a: Clefable\n|-supereffective|p2a: Clefable\n|-damage|p2a: Clefable|9\/100\n|-unboost|p1a: Perrserker|def|1\n|-unboost|p1a: Perrserker|spd|1\n|move|p2a: Clefable|Stored Power|p1a: Perrserker\n|-resisted|p1a: Perrserker\n|-damage|p1a: Perrserker|15\/100\n|\n|-weather|Snow|[upkeep]\n|-heal|p2a: Clefable|15\/100|[from] item: Leftovers\n|-fieldend|move: Trick Room\n|upkeep\n|turn|12\n|\n|t:|1700788444\n|move|p2a: Clefable|Stored Power|p1a: Perrserker\n|-resisted|p1a: Perrserker\n|-damage|p1a: Perrserker|0 fnt\n|faint|p1a: Perrserker\n|\n|-weather|none\n|-heal|p2a: Clefable|21\/100|[from] item: Leftovers\n|upkeep\n|\n|t:|1700788503\n|switch|p1a: Zapdos|Zapdos|100\/100\n|turn|13\n|\n|t:|1700788507\n|move|p1a: Zapdos|Volt Switch|p2a: Clefable\n|-damage|p2a: Clefable|14\/100\n|\n|t:|1700788512\n|switch|p1a: Crawdaunt|Crawdaunt, F|100\/100|[from] Volt Switch\n|move|p2a: Clefable|Stored Power|p1a: Crawdaunt\n|-immune|p1a: Crawdaunt\n|\n|-heal|p2a: Clefable|20\/100|[from] item: Leftovers\n|upkeep\n|turn|14\n|\n|t:|1700788525\n|move|p2a: Clefable|Moonblast|p1a: Crawdaunt\n|-supereffective|p1a: Crawdaunt\n|-damage|p1a: Crawdaunt|0 fnt\n|faint|p1a: Crawdaunt\n|\n|-heal|p2a: Clefable|26\/100|[from] item: Leftovers\n|upkeep\n|\n|t:|1700788551\n|switch|p1a: Zapdos|Zapdos|100\/100\n|turn|15\n|\n|t:|1700788558\n|move|p1a: Zapdos|Hurricane|p2a: Clefable\n|-resisted|p2a: Clefable\n|-damage|p2a: Clefable|21\/100\n|-start|p2a: Clefable|confusion\n|-activate|p2a: Clefable|confusion\n|-damage|p2a: Clefable|18\/100|[from] confusion\n|\n|-heal|p2a: Clefable|24\/100|[from] item: Leftovers\n|upkeep\n|turn|16\n|\n|t:|1700788568\n|move|p1a: Zapdos|Thunder Wave|p2a: Clefable\n|-status|p2a: Clefable|par\n|-end|p2a: Clefable|confusion\n|move|p2a: Clefable|Moonblast|p1a: Zapdos\n|-damage|p1a: Zapdos|44\/100\n|\n|-heal|p2a: Clefable|30\/100 par|[from] item: Leftovers\n|upkeep\n|turn|17\n|\n|t:|1700788597\n|move|p1a: Zapdos|Volt Switch|p2a: Clefable\n|-damage|p2a: Clefable|23\/100 par\n|\n|t:|1700788601\n|switch|p1a: Slowking|Slowking-Galar, M|100\/100|[from] Volt Switch\n|move|p2a: Clefable|Stored Power|p1a: Slowking\n|-damage|p1a: Slowking|15\/100\n|\n|-heal|p2a: Clefable|29\/100 par|[from] item: Leftovers\n|upkeep\n|turn|18\n|\n|t:|1700788610\n|move|p2a: Clefable|Stored Power|p1a: Slowking\n|-damage|p1a: Slowking|0 fnt\n|faint|p1a: Slowking\n|\n|-heal|p2a: Clefable|35\/100 par|[from] item: Leftovers\n|upkeep\n|\n|t:|1700788620\n|switch|p1a: Zapdos|Zapdos|44\/100\n|turn|19\n|\n|t:|1700788624\n|move|p1a: Zapdos|Roost|p1a: Zapdos\n|-heal|p1a: Zapdos|94\/100\n|-singleturn|p1a: Zapdos|move: Roost\n|move|p2a: Clefable|Moonblast|p1a: Zapdos\n|-damage|p1a: Zapdos|37\/100\n|-unboost|p1a: Zapdos|spa|1\n|\n|-heal|p2a: Clefable|41\/100 par|[from] item: Leftovers\n|upkeep\n|turn|20\n|\n|t:|1700788642\n|move|p1a: Zapdos|Hurricane|p2a: Clefable\n|-resisted|p2a: Clefable\n|-damage|p2a: Clefable|37\/100 par\n|-start|p2a: Clefable|confusion\n|-activate|p2a: Clefable|confusion\n|-damage|p2a: Clefable|34\/100 par|[from] confusion\n|\n|-heal|p2a: Clefable|40\/100 par|[from] item: Leftovers\n|upkeep\n|turn|21\n|\n|t:|1700788689\n|move|p1a: Zapdos|Hurricane|p2a: Clefable\n|-resisted|p2a: Clefable\n|-damage|p2a: Clefable|35\/100 par\n|-end|p2a: Clefable|confusion\n|move|p2a: Clefable|Calm Mind|p2a: Clefable\n|-boost|p2a: Clefable|spa|1\n|-boost|p2a: Clefable|spd|1\n|\n|-heal|p2a: Clefable|41\/100 par|[from] item: Leftovers\n|upkeep\n|turn|22\n|\n|t:|1700788723\n|move|p1a: Zapdos|Hurricane|p2a: Clefable\n|-resisted|p2a: Clefable\n|-damage|p2a: Clefable|36\/100 par\n|move|p2a: Clefable|Moonblast|p1a: Zapdos\n|-damage|p1a: Zapdos|0 fnt\n|faint|p1a: Zapdos\n|\n|-heal|p2a: Clefable|42\/100 par|[from] item: Leftovers\n|upkeep\n|\n|t:|1700788736\n|switch|p1a: Mandibuzz|Mandibuzz, F|100\/100\n|turn|23\n|\n|t:|1700788739\n|move|p1a: Mandibuzz|Foul Play|p2a: Clefable\n|-damage|p2a: Clefable|33\/100 par\n|move|p2a: Clefable|Moonblast|p1a: Mandibuzz\n|-supereffective|p1a: Mandibuzz\n|-damage|p1a: Mandibuzz|0 fnt\n|faint|p1a: Mandibuzz\n|\n|win|MoEB_zaktrap182\n|c|\u2606TigerSpace02|gg\n|l|\u2606TigerSpace02\n","uploadtime":1700788750,"views":14,"p1id":"tigerspace02","p2id":"moebzaktrap182","formatid":"gen9ou","rating":0,"private":0,"password":""}