{"id":"gen9ou-2000155003","p1":"SchwulerJulius","p2":"NoobyP1ayer","format":"[Gen 9] OU","log":"|j|\u2606SchwulerJulius\n|j|\u2606NoobyP1ayer\n|t:|1701164315\n|gametype|singles\n|player|p1|SchwulerJulius|102|1050\n|player|p2|NoobyP1ayer|preschooler|1000\n|teamsize|p1|6\n|teamsize|p2|6\n|gen|9\n|tier|[Gen 9] OU\n|rated|\n|rule|Sleep Clause Mod: Limit one foe put to sleep\n|rule|Species Clause: Limit one of each Pok\u00e9mon\n|rule|OHKO Clause: OHKO moves are banned\n|rule|Evasion Items Clause: Evasion items are banned\n|rule|Evasion Moves Clause: Evasion moves are banned\n|rule|Endless Battle Clause: Forcing endless battles is banned\n|rule|HP Percentage Mod: HP is shown in percentages\n|clearpoke\n|poke|p1|Garchomp, F|\n|poke|p1|Hydreigon, M|\n|poke|p1|Corviknight, M|\n|poke|p1|Garganacl, F|\n|poke|p1|Dondozo, F|\n|poke|p1|Kingambit, M|\n|poke|p2|Lurantis, M|\n|poke|p2|Oricorio-Pa'u, M|\n|poke|p2|Sylveon, M|\n|poke|p2|Ninetales, F|\n|poke|p2|Moltres|\n|poke|p2|Chimecho, M|\n|teampreview\n|inactive|Battle timer is ON: inactive players will automatically lose when time's up. (requested by SchwulerJulius)\n|c|\u2606SchwulerJulius|glhf\n|inactive|NoobyP1ayer has 120 seconds left.\n|\n|t:|1701164346\n|start\n|switch|p1a: Garchomp|Garchomp, F|100\/100\n|switch|p2a: Lurantis|Lurantis, M|100\/100\n|turn|1\n|\n|t:|1701164355\n|move|p1a: Garchomp|Stealth Rock|p2a: Lurantis\n|-sidestart|p2: NoobyP1ayer|move: Stealth Rock\n|move|p2a: Lurantis|Leaf Storm|p1a: Garchomp|[miss]\n|-miss|p2a: Lurantis|p1a: Garchomp\n|\n|upkeep\n|turn|2\n|\n|t:|1701164363\n|move|p1a: Garchomp|Spikes|p2a: Lurantis\n|-sidestart|p2: NoobyP1ayer|Spikes\n|move|p2a: Lurantis|Defog|p1a: Garchomp\n|-unboost|p1a: Garchomp|evasion|1\n|-sideend|p2: NoobyP1ayer|Spikes|[from] move: Defog|[of] p2a: Lurantis\n|-sideend|p2: NoobyP1ayer|Stealth Rock|[from] move: Defog|[of] p2a: Lurantis\n|\n|upkeep\n|turn|3\n|\n|t:|1701164370\n|move|p2a: Lurantis|Leaf Storm|p1a: Garchomp\n|-damage|p1a: Garchomp|65\/100\n|-boost|p2a: Lurantis|spa|2\n|move|p1a: Garchomp|Dragon Tail|p2a: Lurantis\n|-damage|p2a: Lurantis|80\/100\n|drag|p2a: Sylveon|Sylveon, M|100\/100\n|\n|-heal|p1a: Garchomp|71\/100|[from] item: Leftovers\n|upkeep\n|turn|4\n|\n|t:|1701164382\n|switch|p1a: Corviknight|Corviknight, M|100\/100\n|-ability|p1a: Corviknight|Pressure\n|move|p2a: Sylveon|Hyper Voice|p1a: Corviknight\n|-resisted|p1a: Corviknight\n|-damage|p1a: Corviknight|63\/100\n|\n|upkeep\n|turn|5\n|\n|t:|1701164393\n|switch|p2a: Moltres|Moltres, shiny|100\/100\n|move|p1a: Corviknight|U-turn|p2a: Moltres\n|-resisted|p2a: Moltres\n|-damage|p2a: Moltres|96\/100\n|\n|t:|1701164400\n|switch|p1a: Dondozo|Dondozo, F|100\/100|[from] U-turn\n|\n|upkeep\n|turn|6\n|\n|t:|1701164408\n|switch|p2a: Lurantis|Lurantis, M|80\/100\n|move|p1a: Dondozo|Curse|p1a: Dondozo\n|-unboost|p1a: Dondozo|spe|1\n|-boost|p1a: Dondozo|atk|1\n|-boost|p1a: Dondozo|def|1\n|\n|upkeep\n|turn|7\n|\n|t:|1701164416\n|-terastallize|p1a: Dondozo|Normal\n|move|p2a: Lurantis|Leaf Storm|p1a: Dondozo\n|-damage|p1a: Dondozo|75\/100\n|-boost|p2a: Lurantis|spa|2\n|move|p1a: Dondozo|Curse|p1a: Dondozo\n|-unboost|p1a: Dondozo|spe|1\n|-boost|p1a: Dondozo|atk|1\n|-boost|p1a: Dondozo|def|1\n|\n|-heal|p1a: Dondozo|82\/100|[from] item: Leftovers\n|upkeep\n|turn|8\n|\n|t:|1701164429\n|move|p2a: Lurantis|Leaf Storm|p1a: Dondozo\n|-damage|p1a: Dondozo|56\/100\n|-boost|p2a: Lurantis|spa|2\n|move|p1a: Dondozo|Curse|p1a: Dondozo\n|-unboost|p1a: Dondozo|spe|1\n|-boost|p1a: Dondozo|atk|1\n|-boost|p1a: Dondozo|def|1\n|\n|-heal|p1a: Dondozo|62\/100|[from] item: Leftovers\n|upkeep\n|turn|9\n|\n|t:|1701164440\n|move|p2a: Lurantis|Leaf Storm|p1a: Dondozo\n|-damage|p1a: Dondozo|36\/100\n|-boost|p2a: Lurantis|spa|2\n|move|p1a: Dondozo|Rest|p1a: Dondozo\n|-status|p1a: Dondozo|slp|[from] move: Rest\n|-heal|p1a: Dondozo|100\/100 slp|[silent]\n|\n|upkeep\n|turn|10\n|\n|t:|1701164450\n|move|p2a: Lurantis|Synthesis|p2a: Lurantis\n|-heal|p2a: Lurantis|100\/100\n|cant|p1a: Dondozo|slp\n|move|p1a: Dondozo|Sleep Talk|p1a: Dondozo\n|move|p1a: Dondozo|Wave Crash|p2a: Lurantis|[from]move: Sleep Talk\n|-resisted|p2a: Lurantis\n|-damage|p2a: Lurantis|62\/100\n|-damage|p1a: Dondozo|92\/100 slp|[from] Recoil\n|\n|-heal|p1a: Dondozo|98\/100 slp|[from] item: Leftovers\n|upkeep\n|turn|11\n|\n|t:|1701164463\n|move|p2a: Lurantis|Synthesis|p2a: Lurantis\n|-heal|p2a: Lurantis|100\/100\n|cant|p1a: Dondozo|slp\n|move|p1a: Dondozo|Sleep Talk|p1a: Dondozo\n|move|p1a: Dondozo|Wave Crash|p2a: Lurantis|[from]move: Sleep Talk\n|-resisted|p2a: Lurantis\n|-damage|p2a: Lurantis|59\/100\n|-damage|p1a: Dondozo|89\/100 slp|[from] Recoil\n|\n|-heal|p1a: Dondozo|95\/100 slp|[from] item: Leftovers\n|upkeep\n|turn|12\n|\n|t:|1701164477\n|move|p2a: Lurantis|Leaf Storm|p1a: Dondozo|[miss]\n|-miss|p2a: Lurantis|p1a: Dondozo\n|-curestatus|p1a: Dondozo|slp|[msg]\n|move|p1a: Dondozo|Curse|p1a: Dondozo\n|-unboost|p1a: Dondozo|spe|1\n|-boost|p1a: Dondozo|atk|1\n|-boost|p1a: Dondozo|def|1\n|\n|-heal|p1a: Dondozo|100\/100|[from] item: Leftovers\n|upkeep\n|turn|13\n|\n|t:|1701164489\n|move|p2a: Lurantis|Leaf Storm|p1a: Dondozo\n|-damage|p1a: Dondozo|78\/100\n|move|p1a: Dondozo|Curse|p1a: Dondozo\n|-unboost|p1a: Dondozo|spe|1\n|-boost|p1a: Dondozo|atk|1\n|-boost|p1a: Dondozo|def|1\n|\n|-heal|p1a: Dondozo|85\/100|[from] item: Leftovers\n|upkeep\n|turn|14\n|\n|t:|1701164500\n|move|p2a: Lurantis|Synthesis|p2a: Lurantis\n|-heal|p2a: Lurantis|100\/100\n|move|p1a: Dondozo|Curse|p1a: Dondozo\n|-unboost|p1a: Dondozo|spe|1\n|-boost|p1a: Dondozo|atk|1\n|-boost|p1a: Dondozo|def|1\n|\n|-heal|p1a: Dondozo|91\/100|[from] item: Leftovers\n|upkeep\n|turn|15\n|\n|t:|1701164510\n|move|p2a: Lurantis|Leaf Storm|p1a: Dondozo\n|-damage|p1a: Dondozo|69\/100\n|move|p1a: Dondozo|Wave Crash|p2a: Lurantis\n|-resisted|p2a: Lurantis\n|-damage|p2a: Lurantis|35\/100\n|-damage|p1a: Dondozo|54\/100|[from] Recoil\n|\n|-heal|p1a: Dondozo|60\/100|[from] item: Leftovers\n|upkeep\n|turn|16\n|\n|t:|1701164533\n|move|p2a: Lurantis|Synthesis|p2a: Lurantis\n|-heal|p2a: Lurantis|85\/100\n|move|p1a: Dondozo|Wave Crash|p2a: Lurantis\n|-resisted|p2a: Lurantis\n|-damage|p2a: Lurantis|18\/100\n|-damage|p1a: Dondozo|45\/100|[from] Recoil\n|\n|-heal|p1a: Dondozo|51\/100|[from] item: Leftovers\n|upkeep\n|turn|17\n|\n|t:|1701164543\n|move|p2a: Lurantis|Tera Blast|p1a: Dondozo\n|-damage|p1a: Dondozo|41\/100\n|move|p1a: Dondozo|Rest|p1a: Dondozo\n|-status|p1a: Dondozo|slp|[from] move: Rest\n|-heal|p1a: Dondozo|100\/100 slp|[silent]\n|\n|upkeep\n|turn|18\n|inactive|NoobyP1ayer has 120 seconds left.\n|c|\u2606SchwulerJulius|gg\n|\n|t:|1701164579\n|move|p2a: Lurantis|Synthesis|p2a: Lurantis\n|-heal|p2a: Lurantis|68\/100\n|cant|p1a: Dondozo|slp\n|move|p1a: Dondozo|Sleep Talk|p1a: Dondozo\n|move|p1a: Dondozo|Curse|p1a: Dondozo|[from]move: Sleep Talk\n|\n|upkeep\n|turn|19\n|\n|t:|1701164589\n|move|p2a: Lurantis|Tera Blast|p1a: Dondozo\n|-damage|p1a: Dondozo|91\/100 slp\n|cant|p1a: Dondozo|slp\n|move|p1a: Dondozo|Sleep Talk|p1a: Dondozo\n|move|p1a: Dondozo|Rest||[from]move: Sleep Talk|[still]\n|-fail|p1a: Dondozo\n|\n|-heal|p1a: Dondozo|97\/100 slp|[from] item: Leftovers\n|upkeep\n|turn|20\n|\n|t:|1701164601\n|move|p2a: Lurantis|Tera Blast|p1a: Dondozo\n|-damage|p1a: Dondozo|88\/100 slp\n|-curestatus|p1a: Dondozo|slp|[msg]\n|move|p1a: Dondozo|Wave Crash|p2a: Lurantis\n|-resisted|p2a: Lurantis\n|-damage|p2a: Lurantis|8\/100\n|-damage|p1a: Dondozo|74\/100|[from] Recoil\n|\n|-heal|p1a: Dondozo|80\/100|[from] item: Leftovers\n|upkeep\n|turn|21\n|\n|t:|1701164613\n|move|p2a: Lurantis|Tera Blast|p1a: Dondozo\n|-damage|p1a: Dondozo|72\/100\n|move|p1a: Dondozo|Wave Crash|p2a: Lurantis\n|-resisted|p2a: Lurantis\n|-damage|p2a: Lurantis|0 fnt\n|faint|p2a: Lurantis\n|-damage|p1a: Dondozo|70\/100|[from] Recoil\n|\n|-heal|p1a: Dondozo|76\/100|[from] item: Leftovers\n|upkeep\n|\n|t:|1701164625\n|switch|p2a: Ninetales|Ninetales, F|100\/100\n|-weather|SunnyDay|[from] ability: Drought|[of] p2a: Ninetales\n|turn|22\n|\n|t:|1701164635\n|-terastallize|p2a: Ninetales|Grass\n|move|p2a: Ninetales|Solar Beam||[still]\n|-prepare|p2a: Ninetales|Solar Beam\n|-anim|p2a: Ninetales|Solar Beam|p1a: Dondozo\n|-damage|p1a: Dondozo|46\/100\n|move|p1a: Dondozo|Rest|p1a: Dondozo\n|-status|p1a: Dondozo|slp|[from] move: Rest\n|-heal|p1a: Dondozo|100\/100 slp|[silent]\n|\n|-weather|SunnyDay|[upkeep]\n|upkeep\n|turn|23\n|\n|t:|1701164648\n|move|p2a: Ninetales|Solar Beam||[still]\n|-prepare|p2a: Ninetales|Solar Beam\n|-anim|p2a: Ninetales|Solar Beam|p1a: Dondozo\n|-damage|p1a: Dondozo|69\/100 slp\n|cant|p1a: Dondozo|slp\n|move|p1a: Dondozo|Sleep Talk|p1a: Dondozo\n|move|p1a: Dondozo|Wave Crash|p2a: Ninetales|[from]move: Sleep Talk\n|-resisted|p2a: Ninetales\n|-damage|p2a: Ninetales|36\/100\n|-damage|p1a: Dondozo|57\/100 slp|[from] Recoil\n|\n|-weather|SunnyDay|[upkeep]\n|-heal|p1a: Dondozo|63\/100 slp|[from] item: Leftovers\n|upkeep\n|turn|24\n|\n|t:|1701164664\n|move|p2a: Ninetales|Solar Beam||[still]\n|-prepare|p2a: Ninetales|Solar Beam\n|-anim|p2a: Ninetales|Solar Beam|p1a: Dondozo\n|-damage|p1a: Dondozo|34\/100 slp\n|cant|p1a: Dondozo|slp\n|\n|-weather|SunnyDay|[upkeep]\n|-heal|p1a: Dondozo|41\/100 slp|[from] item: Leftovers\n|upkeep\n|turn|25\n|\n|t:|1701164674\n|move|p2a: Ninetales|Solar Beam||[still]\n|-prepare|p2a: Ninetales|Solar Beam\n|-anim|p2a: Ninetales|Solar Beam|p1a: Dondozo\n|-damage|p1a: Dondozo|10\/100 slp\n|-curestatus|p1a: Dondozo|slp|[msg]\n|move|p1a: Dondozo|Rest|p1a: Dondozo\n|-status|p1a: Dondozo|slp|[from] move: Rest\n|-heal|p1a: Dondozo|100\/100 slp|[silent]\n|\n|-weather|SunnyDay|[upkeep]\n|upkeep\n|turn|26\n|\n|t:|1701164686\n|move|p2a: Ninetales|Solar Beam||[still]\n|-prepare|p2a: Ninetales|Solar Beam\n|-anim|p2a: Ninetales|Solar Beam|p1a: Dondozo\n|-crit|p1a: Dondozo\n|-damage|p1a: Dondozo|54\/100 slp\n|cant|p1a: Dondozo|slp\n|move|p1a: Dondozo|Sleep Talk|p1a: Dondozo\n|move|p1a: Dondozo|Curse|p1a: Dondozo|[from]move: Sleep Talk\n|\n|-weather|none\n|-heal|p1a: Dondozo|60\/100 slp|[from] item: Leftovers\n|upkeep\n|turn|27\n|\n|t:|1701164704\n|switch|p2a: Oricorio|Oricorio-Pa'u, M, shiny|100\/100\n|cant|p1a: Dondozo|slp\n|move|p1a: Dondozo|Sleep Talk|p1a: Dondozo\n|move|p1a: Dondozo|Wave Crash|p2a: Oricorio|[from]move: Sleep Talk\n|-enditem|p2a: Oricorio|Focus Sash\n|-damage|p2a: Oricorio|1\/100\n|-damage|p1a: Dondozo|41\/100 slp|[from] Recoil\n|\n|-heal|p1a: Dondozo|47\/100 slp|[from] item: Leftovers\n|upkeep\n|turn|28\n|\n|t:|1701164720\n|move|p2a: Oricorio|Revelation Dance|p1a: Dondozo\n|-damage|p1a: Dondozo|23\/100 slp\n|-curestatus|p1a: Dondozo|slp|[msg]\n|move|p1a: Dondozo|Rest|p1a: Dondozo\n|-status|p1a: Dondozo|slp|[from] move: Rest\n|-heal|p1a: Dondozo|100\/100 slp|[silent]\n|\n|upkeep\n|turn|29\n|c|\u2606NoobyP1ayer|Why you stalling...\n|inactive|NoobyP1ayer has 90 seconds left.\n|\n|t:|1701164740\n|move|p2a: Oricorio|Air Slash|p1a: Dondozo\n|-damage|p1a: Dondozo|78\/100 slp\n|cant|p1a: Dondozo|slp\n|cant|p1a: Dondozo|flinch\n|\n|-heal|p1a: Dondozo|84\/100 slp|[from] item: Leftovers\n|upkeep\n|turn|30\n|c|\u2606SchwulerJulius|im sty\n|\n|t:|1701164750\n|move|p2a: Oricorio|Air Slash|p1a: Dondozo\n|-damage|p1a: Dondozo|65\/100 slp\n|cant|p1a: Dondozo|slp\n|move|p1a: Dondozo|Sleep Talk|p1a: Dondozo\n|move|p1a: Dondozo|Rest||[from]move: Sleep Talk|[still]\n|-fail|p1a: Dondozo\n|\n|-heal|p1a: Dondozo|72\/100 slp|[from] item: Leftovers\n|upkeep\n|turn|31\n|\n|t:|1701164761\n|move|p2a: Oricorio|Air Slash|p1a: Dondozo\n|-damage|p1a: Dondozo|50\/100 slp\n|-curestatus|p1a: Dondozo|slp|[msg]\n|move|p1a: Dondozo|Wave Crash|p2a: Oricorio\n|-damage|p2a: Oricorio|0 fnt\n|faint|p2a: Oricorio\n|-damage|p1a: Dondozo|49\/100|[from] Recoil\n|\n|-heal|p1a: Dondozo|55\/100|[from] item: Leftovers\n|upkeep\n|inactive|NoobyP1ayer has 90 seconds left.\n|\n|t:|1701164773\n|switch|p2a: Ninetales|Ninetales, F, tera:Grass|36\/100\n|-weather|SunnyDay|[from] ability: Drought|[of] p2a: Ninetales\n|turn|32\n|\n|t:|1701164786\n|move|p2a: Ninetales|Healing Wish|p2a: Ninetales\n|faint|p2a: Ninetales\n|move|p1a: Dondozo|Rest|p1a: Dondozo\n|-status|p1a: Dondozo|slp|[from] move: Rest\n|-heal|p1a: Dondozo|100\/100 slp|[silent]\n|\n|-weather|SunnyDay|[upkeep]\n|upkeep\n|inactive|NoobyP1ayer has 90 seconds left.\n|\n|t:|1701164799\n|switch|p2a: Sylveon|Sylveon, M|100\/100\n|turn|33\n|\n|t:|1701164806\n|move|p2a: Sylveon|Hyper Voice|p1a: Dondozo\n|-damage|p1a: Dondozo|54\/100 slp\n|cant|p1a: Dondozo|slp\n|move|p1a: Dondozo|Sleep Talk|p1a: Dondozo\n|move|p1a: Dondozo|Curse|p1a: Dondozo|[from]move: Sleep Talk\n|\n|-weather|SunnyDay|[upkeep]\n|-heal|p1a: Dondozo|60\/100 slp|[from] item: Leftovers\n|upkeep\n|turn|34\n|\n|t:|1701164817\n|move|p2a: Sylveon|Hyper Voice|p1a: Dondozo\n|-damage|p1a: Dondozo|14\/100 slp\n|cant|p1a: Dondozo|slp\n|move|p1a: Dondozo|Sleep Talk|p1a: Dondozo\n|move|p1a: Dondozo|Rest||[from]move: Sleep Talk|[still]\n|-fail|p1a: Dondozo\n|\n|-weather|SunnyDay|[upkeep]\n|-heal|p1a: Dondozo|20\/100 slp|[from] item: Leftovers\n|upkeep\n|turn|35\n|\n|t:|1701164829\n|move|p2a: Sylveon|Hyper Voice|p1a: Dondozo\n|-damage|p1a: Dondozo|0 fnt\n|faint|p1a: Dondozo\n|\n|-weather|SunnyDay|[upkeep]\n|upkeep\n|\n|t:|1701164846\n|switch|p1a: Garganacl|Garganacl, F|100\/100\n|turn|36\n|\n|t:|1701164850\n|move|p2a: Sylveon|Hyper Voice|p1a: Garganacl\n|-damage|p1a: Garganacl|50\/100\n|move|p1a: Garganacl|Salt Cure|p2a: Sylveon\n|-damage|p2a: Sylveon|79\/100\n|-start|p2a: Sylveon|Salt Cure\n|\n|-weather|none\n|-heal|p1a: Garganacl|56\/100|[from] item: Leftovers\n|-damage|p2a: Sylveon|66\/100|[from] Salt Cure\n|upkeep\n|turn|37\n|\n|t:|1701164861\n|move|p2a: Sylveon|Hyper Voice|p1a: Garganacl\n|-damage|p1a: Garganacl|8\/100\n|move|p1a: Garganacl|Recover|p1a: Garganacl\n|-heal|p1a: Garganacl|58\/100\n|\n|-heal|p1a: Garganacl|65\/100|[from] item: Leftovers\n|-damage|p2a: Sylveon|54\/100|[from] Salt Cure\n|upkeep\n|turn|38\n|c|\u2606NoobyP1ayer|Bruh...\n|c|\u2606SchwulerJulius|im so sry\u2026\n|c|\u2606NoobyP1ayer|Why so much recovery\n|inactive|NoobyP1ayer has 90 seconds left.\n|c|\u2606NoobyP1ayer|Its so annoying\n|c|\u2606SchwulerJulius|its a challange\n|\n|t:|1701164898\n|move|p2a: Sylveon|Hyper Voice|p1a: Garganacl\n|-damage|p1a: Garganacl|18\/100\n|move|p1a: Garganacl|Recover|p1a: Garganacl\n|-heal|p1a: Garganacl|68\/100\n|\n|-heal|p1a: Garganacl|75\/100|[from] item: Leftovers\n|-damage|p2a: Sylveon|42\/100|[from] Salt Cure\n|upkeep\n|turn|39\n|inactive|NoobyP1ayer has 90 seconds left.\n|c|\u2606NoobyP1ayer|Yeah right...\n|\n|t:|1701164915\n|move|p2a: Sylveon|Hyper Voice|p1a: Garganacl\n|-damage|p1a: Garganacl|26\/100\n|move|p1a: Garganacl|Recover|p1a: Garganacl\n|-heal|p1a: Garganacl|76\/100\n|\n|-heal|p1a: Garganacl|82\/100|[from] item: Leftovers\n|-damage|p2a: Sylveon|29\/100|[from] Salt Cure\n|upkeep\n|turn|40\n|\n|t:|1701164926\n|switch|p2a: Chimecho|Chimecho, M|100\/100\n|move|p1a: Garganacl|Recover|p1a: Garganacl\n|-heal|p1a: Garganacl|100\/100\n|\n|upkeep\n|turn|41\n|c|\u2606SchwulerJulius|i have to get a 5 winstreak with a tean my friend built\n|\n|t:|1701164944\n|move|p2a: Chimecho|Psyshock|p1a: Garganacl\n|-damage|p1a: Garganacl|83\/100\n|move|p1a: Garganacl|Salt Cure|p2a: Chimecho\n|-damage|p2a: Chimecho|83\/100\n|-start|p2a: Chimecho|Salt Cure\n|\n|-heal|p2a: Chimecho|89\/100|[from] item: Leftovers\n|-heal|p1a: Garganacl|89\/100|[from] item: Leftovers\n|-damage|p2a: Chimecho|77\/100|[from] Salt Cure\n|upkeep\n|turn|42\n|-message|NoobyP1ayer forfeited.\n|\n|win|SchwulerJulius\n|raw|SchwulerJulius's rating: 1050 &rarr; <strong>1078<\/strong><br \/>(+28 for winning)\n|raw|NoobyP1ayer's rating: 1000 &rarr; <strong>1000<\/strong><br \/>(+0 for losing)\n|l|\u2606NoobyP1ayer\n","uploadtime":1701164958,"views":5,"p1id":"schwulerjulius","p2id":"noobyp1ayer","formatid":"gen9ou","rating":1000,"private":0,"password":""}