{"id":"gen9ou-1992845065","p1":"akijuen","p2":"beepbooper5","format":"[Gen 9] OU","log":"|j|\u2606akijuen\n|j|\u2606beepbooper5\n|t:|1700240395\n|gametype|singles\n|player|p1|akijuen|giovanni|1476\n|player|p2|beepbooper5|unknown|1383\n|teamsize|p1|6\n|teamsize|p2|6\n|gen|9\n|tier|[Gen 9] OU\n|rated|\n|rule|Sleep Clause Mod: Limit one foe put to sleep\n|rule|Species Clause: Limit one of each Pok\u00e9mon\n|rule|OHKO Clause: OHKO moves are banned\n|rule|Evasion Items Clause: Evasion items are banned\n|rule|Evasion Moves Clause: Evasion moves are banned\n|rule|Endless Battle Clause: Forcing endless battles is banned\n|rule|HP Percentage Mod: HP is shown in percentages\n|clearpoke\n|poke|p1|Ribombee, F|\n|poke|p1|Kingambit, F|\n|poke|p1|Great Tusk|\n|poke|p1|Iron Moth|\n|poke|p1|Gholdengo|\n|poke|p1|Ogerpon-Wellspring, F|\n|poke|p2|Zamazenta-*|\n|poke|p2|Glimmora, M|\n|poke|p2|Iron Moth|\n|poke|p2|Walking Wake|\n|poke|p2|Gholdengo|\n|poke|p2|Great Tusk|\n|teampreview\n|inactive|Battle timer is ON: inactive players will automatically lose when time's up. (requested by akijuen)\n|\n|t:|1700240409\n|start\n|switch|p1a: Gholdengo|Gholdengo|100\/100\n|switch|p2a: Glimmora|Glimmora, M|100\/100\n|-item|p1a: Gholdengo|Air Balloon\n|turn|1\n|\n|t:|1700240432\n|move|p2a: Glimmora|Stealth Rock|p1a: Gholdengo\n|-sidestart|p1: akijuen|move: Stealth Rock\n|move|p1a: Gholdengo|Make It Rain|p2a: Glimmora\n|-supereffective|p2a: Glimmora\n|-enditem|p2a: Glimmora|Focus Sash\n|-damage|p2a: Glimmora|1\/100\n|-unboost|p1a: Gholdengo|spa|1\n|\n|upkeep\n|turn|2\n|\n|t:|1700240447\n|switch|p2a: Walking Wake|Walking Wake|100\/100\n|-enditem|p2a: Walking Wake|Booster Energy\n|-activate|p2a: Walking Wake|ability: Protosynthesis|[fromitem]\n|-start|p2a: Walking Wake|protosynthesisspa\n|switch|p1a: Great Tusk|Great Tusk|100\/100\n|\n|upkeep\n|turn|3\n|\n|t:|1700240459\n|-end|p1a: Great Tusk|Protosynthesis|[silent]\n|switch|p1a: Ogerpon|Ogerpon-Wellspring, F|100\/100\n|-damage|p1a: Ogerpon|88\/100|[from] Stealth Rock\n|move|p2a: Walking Wake|Dragon Pulse|p1a: Ogerpon\n|-damage|p1a: Ogerpon|10\/100\n|\n|upkeep\n|turn|4\n|\n|t:|1700240471\n|move|p1a: Ogerpon|Horn Leech|p2a: Walking Wake\n|-damage|p2a: Walking Wake|55\/100\n|-heal|p1a: Ogerpon|36\/100|[from] drain|[of] p2a: Walking Wake\n|move|p2a: Walking Wake|Agility|p2a: Walking Wake\n|-boost|p2a: Walking Wake|spe|2\n|\n|upkeep\n|turn|5\n|\n|t:|1700240493\n|move|p2a: Walking Wake|Dragon Pulse|p1a: Ogerpon\n|-damage|p1a: Ogerpon|0 fnt\n|faint|p1a: Ogerpon\n|\n|upkeep\n|\n|t:|1700240494\n|switch|p1a: Kingambit|Kingambit, F|100\/100\n|-damage|p1a: Kingambit|94\/100|[from] Stealth Rock\n|-activate|p1a: Kingambit|ability: Supreme Overlord\n|-start|p1a: Kingambit|fallen1|[silent]\n|turn|6\n|\n|t:|1700240503\n|move|p2a: Walking Wake|Hydro Pump|p1a: Kingambit\n|-damage|p1a: Kingambit|0 fnt\n|faint|p1a: Kingambit\n|-end|p1a: Kingambit|fallen1|[silent]\n|\n|upkeep\n|c|\u2606akijuen|GG\n|-message|akijuen forfeited.\n|\n|win|beepbooper5\n|raw|akijuen's rating: 1476 &rarr; <strong>1451<\/strong><br \/>(-25 for losing)\n|raw|beepbooper5's rating: 1383 &rarr; <strong>1408<\/strong><br \/>(+25 for winning)\n|l|\u2606akijuen\n","uploadtime":1700240535,"views":9,"p1id":"akijuen","p2id":"beepbooper5","formatid":"gen9ou","rating":1408,"private":0,"password":""}