{"id":"gen9ou-1988985684","p1":"qwerrorwerty","p2":"Electricratman","format":"[Gen 9] OU","log":"|j|\u2606qwerrorwerty\n|j|\u2606Electricratman\n|t:|1699798564\n|gametype|singles\n|player|p1|qwerrorwerty|169|1038\n|player|p2|Electricratman|2|1081\n|teamsize|p1|6\n|teamsize|p2|6\n|gen|9\n|tier|[Gen 9] OU\n|rated|\n|rule|Sleep Clause Mod: Limit one foe put to sleep\n|rule|Species Clause: Limit one of each Pok\u00e9mon\n|rule|OHKO Clause: OHKO moves are banned\n|rule|Evasion Items Clause: Evasion items are banned\n|rule|Evasion Moves Clause: Evasion moves are banned\n|rule|Endless Battle Clause: Forcing endless battles is banned\n|rule|HP Percentage Mod: HP is shown in percentages\n|clearpoke\n|poke|p1|Jirachi|\n|poke|p1|Rillaboom, M|\n|poke|p1|Toxapex, M|\n|poke|p1|Glimmora, F|\n|poke|p1|Goodra-Hisui, M|\n|poke|p1|Munkidori, M|\n|poke|p2|Lurantis, M|\n|poke|p2|Dondozo, F|\n|poke|p2|Venomoth, M|\n|poke|p2|Salazzle, F|\n|poke|p2|Quaquaval, M|\n|poke|p2|Landorus-Therian, M|\n|teampreview\n|\n|t:|1699798576\n|start\n|switch|p1a: Munkidori|Munkidori, M|100\/100\n|switch|p2a: Landorus|Landorus-Therian, M|100\/100\n|-ability|p2a: Landorus|Intimidate|boost\n|-unboost|p1a: Munkidori|atk|1\n|turn|1\n|\n|t:|1699798603\n|-terastallize|p1a: Munkidori|Psychic\n|move|p1a: Munkidori|Future Sight|p2a: Landorus\n|-start|p1a: Munkidori|move: Future Sight\n|move|p2a: Landorus|Earthquake|p1a: Munkidori\n|-damage|p1a: Munkidori|13\/100\n|\n|upkeep\n|turn|2\n|\n|t:|1699798621\n|move|p1a: Munkidori|Future Sight||[still]\n|-fail|p1a: Munkidori\n|move|p2a: Landorus|Stealth Rock|p1a: Munkidori\n|-sidestart|p1: qwerrorwerty|move: Stealth Rock\n|\n|upkeep\n|turn|3\n|\n|t:|1699798639\n|switch|p1a: Rillaboom|Rillaboom, M|100\/100\n|-damage|p1a: Rillaboom|88\/100|[from] Stealth Rock\n|-fieldstart|move: Grassy Terrain|[from] ability: Grassy Surge|[of] p1a: Rillaboom\n|move|p2a: Landorus|U-turn|p1a: Rillaboom\n|-supereffective|p1a: Rillaboom\n|-damage|p1a: Rillaboom|37\/100\n|\n|t:|1699798657\n|switch|p2a: Lurantis|Lurantis, M, shiny|100\/100|[from] U-turn\n|\n|-end|p2a: Lurantis|move: Future Sight\n|-enditem|p2a: Lurantis|Focus Sash\n|-damage|p2a: Lurantis|1\/100\n|-heal|p1a: Rillaboom|43\/100|[from] Grassy Terrain\n|-heal|p2a: Lurantis|7\/100|[from] Grassy Terrain\n|upkeep\n|turn|4\n|\n|t:|1699798680\n|move|p2a: Lurantis|Grassy Glide|p1a: Rillaboom\n|-resisted|p1a: Rillaboom\n|-crit|p1a: Rillaboom\n|-damage|p1a: Rillaboom|16\/100\n|move|p1a: Rillaboom|Drain Punch|p2a: Lurantis\n|-damage|p2a: Lurantis|0 fnt\n|-heal|p1a: Rillaboom|19\/100|[from] drain|[of] p2a: Lurantis\n|faint|p2a: Lurantis\n|\n|-heal|p1a: Rillaboom|25\/100|[from] Grassy Terrain\n|upkeep\n|\n|t:|1699798704\n|switch|p2a: Salazzle|Salazzle, F|100\/100\n|turn|5\n|\n|t:|1699798720\n|switch|p1a: Toxapex|Toxapex, M|100\/100\n|-damage|p1a: Toxapex|88\/100|[from] Stealth Rock\n|move|p2a: Salazzle|Flamethrower|p1a: Toxapex\n|-resisted|p1a: Toxapex\n|-damage|p1a: Toxapex|72\/100\n|\n|-heal|p1a: Toxapex|78\/100|[from] Grassy Terrain\n|-heal|p1a: Toxapex|85\/100|[from] item: Leftovers\n|upkeep\n|turn|6\n|\n|t:|1699798733\n|-terastallize|p2a: Salazzle|Flying\n|move|p2a: Salazzle|Toxic|p1a: Toxapex\n|-status|p1a: Toxapex|tox\n|move|p1a: Toxapex|Surf|p2a: Salazzle\n|-damage|p2a: Salazzle|65\/100\n|\n|-heal|p1a: Toxapex|91\/100 tox|[from] Grassy Terrain\n|-heal|p1a: Toxapex|97\/100 tox|[from] item: Leftovers\n|-damage|p1a: Toxapex|91\/100 tox|[from] psn\n|upkeep\n|turn|7\n|\n|t:|1699798768\n|switch|p2a: Dondozo|Dondozo, F|100\/100\n|move|p1a: Toxapex|Toxic|p2a: Dondozo\n|-status|p2a: Dondozo|tox\n|\n|-heal|p1a: Toxapex|97\/100 tox|[from] Grassy Terrain\n|-heal|p1a: Toxapex|100\/100 tox|[from] item: Leftovers\n|-damage|p1a: Toxapex|88\/100 tox|[from] psn\n|-damage|p2a: Dondozo|94\/100 tox|[from] psn\n|upkeep\n|turn|8\n|\n|t:|1699798789\n|switch|p1a: Glimmora|Glimmora, F|100\/100\n|-damage|p1a: Glimmora|88\/100|[from] Stealth Rock\n|move|p2a: Dondozo|Earthquake|p1a: Glimmora\n|-supereffective|p1a: Glimmora\n|-damage|p1a: Glimmora|10\/100\n|-activate|p1a: Glimmora|ability: Toxic Debris\n|-sidestart|p2: Electricratman|move: Toxic Spikes\n|\n|-heal|p1a: Glimmora|16\/100|[from] Grassy Terrain\n|-heal|p2a: Dondozo|100\/100 tox|[from] Grassy Terrain\n|-damage|p2a: Dondozo|88\/100 tox|[from] psn\n|upkeep\n|turn|9\n|\n|t:|1699798803\n|move|p1a: Glimmora|Mortal Spin|p2a: Dondozo\n|-damage|p2a: Dondozo|84\/100 tox\n|-sideend|p1: qwerrorwerty|Stealth Rock|[from] move: Mortal Spin|[of] p1a: Glimmora\n|move|p2a: Dondozo|Earthquake|p1a: Glimmora\n|-supereffective|p1a: Glimmora\n|-damage|p1a: Glimmora|0 fnt\n|-activate|p1a: Glimmora|ability: Toxic Debris\n|-sidestart|p2: Electricratman|move: Toxic Spikes\n|faint|p1a: Glimmora\n|\n|-heal|p2a: Dondozo|91\/100 tox|[from] Grassy Terrain\n|-heal|p2a: Dondozo|97\/100 tox|[from] item: Leftovers\n|-damage|p2a: Dondozo|78\/100 tox|[from] psn\n|upkeep\n|\n|t:|1699798811\n|switch|p1a: Munkidori|Munkidori, M, tera:Psychic|13\/100\n|turn|10\n|\n|t:|1699798839\n|move|p1a: Munkidori|Future Sight|p2a: Dondozo\n|-start|p1a: Munkidori|move: Future Sight\n|move|p2a: Dondozo|Earthquake|p1a: Munkidori\n|-damage|p1a: Munkidori|0 fnt\n|faint|p1a: Munkidori\n|\n|-heal|p2a: Dondozo|84\/100 tox|[from] Grassy Terrain\n|-heal|p2a: Dondozo|91\/100 tox|[from] item: Leftovers\n|-damage|p2a: Dondozo|66\/100 tox|[from] psn\n|-fieldend|move: Grassy Terrain\n|upkeep\n|\n|t:|1699798853\n|switch|p1a: Jirachi|Jirachi|100\/100\n|turn|11\n|\n|t:|1699798862\n|move|p1a: Jirachi|Iron Head|p2a: Dondozo\n|-resisted|p2a: Dondozo\n|-damage|p2a: Dondozo|56\/100 tox\n|move|p2a: Dondozo|Earthquake|p1a: Jirachi\n|-supereffective|p1a: Jirachi\n|-damage|p1a: Jirachi|42\/100\n|\n|-heal|p1a: Jirachi|48\/100|[from] item: Leftovers\n|-heal|p2a: Dondozo|63\/100 tox|[from] item: Leftovers\n|-damage|p2a: Dondozo|32\/100 tox|[from] psn\n|upkeep\n|turn|12\n|\n|t:|1699798875\n|switch|p1a: Toxapex|Toxapex, M|100\/100 tox\n|move|p2a: Dondozo|Earthquake|p1a: Toxapex\n|-supereffective|p1a: Toxapex\n|-damage|p1a: Toxapex|62\/100 tox\n|\n|-end|p2a: Dondozo|move: Future Sight\n|-damage|p2a: Dondozo|0 fnt\n|faint|p2a: Dondozo\n|-heal|p1a: Toxapex|69\/100 tox|[from] item: Leftovers\n|-damage|p1a: Toxapex|62\/100 tox|[from] psn\n|upkeep\n|\n|t:|1699798905\n|switch|p2a: Quaquaval|Quaquaval, M|100\/100\n|turn|13\n|\n|t:|1699798917\n|move|p2a: Quaquaval|Rapid Spin|p1a: Toxapex\n|-damage|p1a: Toxapex|51\/100 tox\n|-boost|p2a: Quaquaval|spe|1\n|-sideend|p2: Electricratman|Toxic Spikes|[from] move: Rapid Spin|[of] p2a: Quaquaval\n|move|p1a: Toxapex|Toxic|p2a: Quaquaval\n|-status|p2a: Quaquaval|tox\n|\n|-heal|p1a: Toxapex|58\/100 tox|[from] item: Leftovers\n|-damage|p2a: Quaquaval|94\/100 tox|[from] psn\n|-damage|p1a: Toxapex|45\/100 tox|[from] psn\n|upkeep\n|turn|14\n|\n|t:|1699798930\n|switch|p1a: Goodra|Goodra-Hisui, M|100\/100\n|move|p2a: Quaquaval|Close Combat|p1a: Goodra\n|-supereffective|p1a: Goodra\n|-damage|p1a: Goodra|0 fnt\n|-unboost|p2a: Quaquaval|def|1\n|-unboost|p2a: Quaquaval|spd|1\n|faint|p1a: Goodra\n|-ability|p2a: Quaquaval|Moxie|boost\n|-boost|p2a: Quaquaval|atk|1\n|\n|-damage|p2a: Quaquaval|82\/100 tox|[from] psn\n|upkeep\n|\n|t:|1699798951\n|switch|p1a: Rillaboom|Rillaboom, M|25\/100\n|-fieldstart|move: Grassy Terrain|[from] ability: Grassy Surge|[of] p1a: Rillaboom\n|turn|15\n|\n|t:|1699798973\n|move|p2a: Quaquaval|Close Combat|p1a: Rillaboom\n|-damage|p1a: Rillaboom|0 fnt\n|-unboost|p2a: Quaquaval|def|1\n|-unboost|p2a: Quaquaval|spd|1\n|faint|p1a: Rillaboom\n|-ability|p2a: Quaquaval|Moxie|boost\n|-boost|p2a: Quaquaval|atk|1\n|\n|-heal|p2a: Quaquaval|88\/100 tox|[from] Grassy Terrain\n|-damage|p2a: Quaquaval|70\/100 tox|[from] psn\n|upkeep\n|\n|t:|1699798977\n|switch|p1a: Toxapex|Toxapex, M|78\/100 tox\n|turn|16\n|\n|t:|1699798999\n|move|p2a: Quaquaval|Close Combat|p1a: Toxapex\n|-resisted|p1a: Toxapex\n|-damage|p1a: Toxapex|44\/100 tox\n|-unboost|p2a: Quaquaval|def|1\n|-unboost|p2a: Quaquaval|spd|1\n|move|p1a: Toxapex|Haze|p1a: Toxapex\n|-clearallboost\n|\n|-heal|p2a: Quaquaval|76\/100 tox|[from] Grassy Terrain\n|-heal|p1a: Toxapex|50\/100 tox|[from] Grassy Terrain\n|-heal|p1a: Toxapex|56\/100 tox|[from] item: Leftovers\n|-damage|p2a: Quaquaval|52\/100 tox|[from] psn\n|-damage|p1a: Toxapex|50\/100 tox|[from] psn\n|upkeep\n|turn|17\n|\n|t:|1699799028\n|switch|p1a: Jirachi|Jirachi|48\/100\n|move|p2a: Quaquaval|Close Combat|p1a: Jirachi\n|-damage|p1a: Jirachi|0 fnt\n|-unboost|p2a: Quaquaval|def|1\n|-unboost|p2a: Quaquaval|spd|1\n|faint|p1a: Jirachi\n|-ability|p2a: Quaquaval|Moxie|boost\n|-boost|p2a: Quaquaval|atk|1\n|\n|-heal|p2a: Quaquaval|58\/100 tox|[from] Grassy Terrain\n|-damage|p2a: Quaquaval|27\/100 tox|[from] psn\n|upkeep\n|-message|qwerrorwerty forfeited.\n|\n|win|Electricratman\n|raw|qwerrorwerty's rating: 1038 &rarr; <strong>1024<\/strong><br \/>(-14 for losing)\n|raw|Electricratman's rating: 1081 &rarr; <strong>1105<\/strong><br \/>(+24 for winning)\n|l|\u2606qwerrorwerty\n","uploadtime":1699799046,"views":27,"p1id":"qwerrorwerty","p2id":"electricratman","formatid":"gen9ou","rating":1024,"private":0,"password":""}