{"id":"gen9ou-1993440483","p1":"KakunaBR","p2":"Naewelp","format":"[Gen 9] OU","log":"|j|\u2606KakunaBR\n|j|\u2606Naewelp\n|t:|1700318208\n|gametype|singles\n|player|p1|KakunaBR|veteran|1553\n|player|p2|Naewelp|rosa|1554\n|teamsize|p1|6\n|teamsize|p2|6\n|gen|9\n|tier|[Gen 9] OU\n|rated|\n|rule|Sleep Clause Mod: Limit one foe put to sleep\n|rule|Species Clause: Limit one of each Pok\u00e9mon\n|rule|OHKO Clause: OHKO moves are banned\n|rule|Evasion Items Clause: Evasion items are banned\n|rule|Evasion Moves Clause: Evasion moves are banned\n|rule|Endless Battle Clause: Forcing endless battles is banned\n|rule|HP Percentage Mod: HP is shown in percentages\n|clearpoke\n|poke|p1|Gengar, M|\n|poke|p1|Dragonite, M|\n|poke|p1|Cinderace, F|\n|poke|p1|Greninja-*, M|\n|poke|p1|Zapdos|\n|poke|p1|Hawlucha, M|\n|poke|p2|Kingambit, F|\n|poke|p2|Great Tusk|\n|poke|p2|Dragapult, F|\n|poke|p2|Ogerpon-Wellspring, F|\n|poke|p2|Blissey, F|\n|poke|p2|Zapdos|\n|teampreview\n|inactive|Battle timer is ON: inactive players will automatically lose when time's up. (requested by Naewelp)\n|\n|t:|1700318260\n|start\n|switch|p1a: Zapdos|Zapdos|100\/100\n|switch|p2a: Ogerpon|Ogerpon-Wellspring, F|100\/100\n|turn|1\n|\n|t:|1700318273\n|switch|p2a: Zapdos|Zapdos|100\/100\n|move|p1a: Zapdos|Hurricane|p2a: Zapdos\n|-resisted|p2a: Zapdos\n|-damage|p2a: Zapdos|72\/100\n|-start|p2a: Zapdos|confusion\n|\n|upkeep\n|turn|2\n|\n|t:|1700318277\n|move|p1a: Zapdos|Volt Switch|p2a: Zapdos\n|-damage|p2a: Zapdos|38\/100\n|\n|t:|1700318282\n|switch|p1a: Dragonite|Dragonite, M|100\/100|[from] Volt Switch\n|-activate|p2a: Zapdos|confusion\n|move|p2a: Zapdos|Volt Switch|p1a: Dragonite\n|-damage|p1a: Dragonite|85\/100\n|\n|t:|1700318287\n|switch|p2a: Dragapult|Dragapult, F|100\/100|[from] Volt Switch\n|\n|upkeep\n|turn|3\n|\n|t:|1700318295\n|move|p2a: Dragapult|Draco Meteor|p1a: Dragonite|[miss]\n|-miss|p2a: Dragapult|p1a: Dragonite\n|move|p1a: Dragonite|Roost|p1a: Dragonite\n|-heal|p1a: Dragonite|100\/100\n|-singleturn|p1a: Dragonite|move: Roost\n|\n|upkeep\n|turn|4\n|c|\u2606Naewelp|nice\n|\n|t:|1700318309\n|switch|p2a: Zapdos|Zapdos|38\/100\n|-terastallize|p1a: Dragonite|Normal\n|move|p1a: Dragonite|Ice Punch|p2a: Zapdos\n|-supereffective|p2a: Zapdos\n|-damage|p2a: Zapdos|0 fnt\n|faint|p2a: Zapdos\n|\n|upkeep\n|c|\u2606Naewelp|nice nice\n|\n|t:|1700318318\n|switch|p2a: Ogerpon|Ogerpon-Wellspring, F|100\/100\n|turn|5\n|\n|t:|1700318332\n|switch|p1a: Gengar|Gengar, M|100\/100\n|move|p2a: Ogerpon|U-turn|p1a: Gengar\n|-resisted|p1a: Gengar\n|-damage|p1a: Gengar|87\/100\n|\n|t:|1700318340\n|switch|p2a: Blissey|Blissey, F|100\/100|[from] U-turn\n|\n|upkeep\n|turn|6\n|\n|t:|1700318344\n|move|p1a: Gengar|Trick|p2a: Blissey\n|-activate|p1a: Gengar|move: Trick|[of] p2a: Blissey\n|-item|p2a: Blissey|Choice Scarf|[from] move: Trick\n|-item|p1a: Gengar|Heavy-Duty Boots|[from] move: Trick\n|move|p2a: Blissey|Stealth Rock|p1a: Gengar\n|-sidestart|p1: KakunaBR|move: Stealth Rock\n|\n|upkeep\n|turn|7\n|\n|t:|1700318350\n|switch|p2a: Kingambit|Kingambit, F|100\/100\n|-activate|p2a: Kingambit|ability: Supreme Overlord\n|-start|p2a: Kingambit|fallen1|[silent]\n|move|p1a: Gengar|Shadow Ball|p2a: Kingambit\n|-resisted|p2a: Kingambit\n|-crit|p2a: Kingambit\n|-damage|p2a: Kingambit|61\/100\n|\n|upkeep\n|turn|8\n|\n|t:|1700318359\n|move|p1a: Gengar|Focus Blast|p2a: Kingambit\n|-supereffective|p2a: Kingambit\n|-damage|p2a: Kingambit|0 fnt\n|faint|p2a: Kingambit\n|-end|p2a: Kingambit|fallen1|[silent]\n|\n|upkeep\n|-message|Naewelp forfeited.\n|\n|win|KakunaBR\n|raw|KakunaBR's rating: 1553 &rarr; <strong>1573<\/strong><br \/>(+20 for winning)\n|raw|Naewelp's rating: 1554 &rarr; <strong>1534<\/strong><br \/>(-20 for losing)\n|l|\u2606Naewelp\n","uploadtime":1700318502,"views":9,"p1id":"kakunabr","p2id":"naewelp","formatid":"gen9ou","rating":1534,"private":0,"password":""}