{"id":"gen9ou-1998271171","p1":"Slashed-Zero","p2":"Thrownoshade","format":"[Gen 9] OU","log":"|j|\u2606Slashed-Zero\n|j|\u2606Thrownoshade\n|t:|1700922842\n|gametype|singles\n|player|p1|Slashed-Zero|lucas|1053\n|player|p2|Thrownoshade|rocketgrunt|1000\n|teamsize|p1|6\n|teamsize|p2|3\n|gen|9\n|tier|[Gen 9] OU\n|rated|\n|rule|Sleep Clause Mod: Limit one foe put to sleep\n|rule|Species Clause: Limit one of each Pok\u00e9mon\n|rule|OHKO Clause: OHKO moves are banned\n|rule|Evasion Items Clause: Evasion items are banned\n|rule|Evasion Moves Clause: Evasion moves are banned\n|rule|Endless Battle Clause: Forcing endless battles is banned\n|rule|HP Percentage Mod: HP is shown in percentages\n|clearpoke\n|poke|p1|Zoroark, M|\n|poke|p1|Rotom-Wash|\n|poke|p1|Iron Valiant|\n|poke|p1|Garchomp, F|\n|poke|p1|Great Tusk|\n|poke|p1|Blissey, F|\n|poke|p2|Garchomp, F|\n|poke|p2|Haunter, F|\n|poke|p2|Riolu, F|\n|teampreview\n|\n|t:|1700922864\n|start\n|switch|p1a: Garchomp|Garchomp, F|100\/100\n|switch|p2a: Haunter|Haunter, F|100\/100\n|turn|1\n|\n|t:|1700922874\n|move|p1a: Garchomp|Swords Dance|p1a: Garchomp\n|-boost|p1a: Garchomp|atk|2\n|move|p2a: Haunter|Toxic Spikes|p1a: Garchomp\n|-sidestart|p1: Slashed-Zero|move: Toxic Spikes\n|\n|upkeep\n|turn|2\n|\n|t:|1700922881\n|move|p1a: Garchomp|Swords Dance|p1a: Garchomp\n|-boost|p1a: Garchomp|atk|2\n|move|p2a: Haunter|Toxic Spikes|p1a: Garchomp\n|-sidestart|p1: Slashed-Zero|move: Toxic Spikes\n|\n|upkeep\n|turn|3\n|\n|t:|1700922900\n|move|p1a: Garchomp|Scale Shot|p2a: Haunter\n|-damage|p2a: Haunter|23\/100\n|-damage|p2a: Haunter|0 fnt\n|faint|p2a: Haunter\n|-hitcount|p2: Haunter|2\n|-unboost|p1a: Garchomp|def|1\n|-boost|p1a: Garchomp|spe|1\n|\n|upkeep\n|\n|t:|1700922910\n|switch|p2a: Garchomp|Garchomp, F|100\/100\n|turn|4\n|\n|t:|1700922922\n|-terastallize|p1a: Garchomp|Steel\n|-terastallize|p2a: Garchomp|Fairy\n|move|p1a: Garchomp|Scale Shot|p2a: Garchomp\n|-immune|p2a: Garchomp\n|move|p2a: Garchomp|Scale Shot|p1a: Garchomp\n|-resisted|p1a: Garchomp\n|-damage|p1a: Garchomp|90\/100\n|-resisted|p1a: Garchomp\n|-damage|p1a: Garchomp|79\/100\n|-hitcount|p1a: Garchomp|2\n|-unboost|p2a: Garchomp|def|1\n|-boost|p2a: Garchomp|spe|1\n|\n|upkeep\n|turn|5\n|\n|t:|1700922940\n|move|p1a: Garchomp|Earthquake|p2a: Garchomp\n|-damage|p2a: Garchomp|0 fnt\n|faint|p2a: Garchomp\n|\n|upkeep\n|\n|t:|1700922942\n|switch|p2a: Riolu|Riolu, F|100\/100\n|turn|6\n|\n|t:|1700922950\n|move|p1a: Garchomp|Scale Shot|p2a: Riolu\n|-damage|p2a: Riolu|35\/100\n|-damage|p2a: Riolu|0 fnt\n|faint|p2a: Riolu\n|-hitcount|p2: Riolu|2\n|\n|win|Slashed-Zero\n|raw|Slashed-Zero's rating: 1053 &rarr; <strong>1080<\/strong><br \/>(+27 for winning)\n|raw|Thrownoshade's rating: 1000 &rarr; <strong>1000<\/strong><br \/>(+0 for losing)\n","uploadtime":1700922957,"views":1,"p1id":"slashedzero","p2id":"thrownoshade","formatid":"gen9ou","rating":1000,"private":0,"password":""}