{"id":"gen9ou-1994218092","p1":"GrunkleConn","p2":"Cicilia1998","format":"[Gen 9] OU","log":"|j|\u2606GrunkleConn\n|j|\u2606Cicilia1998\n|t:|1700420095\n|gametype|singles\n|player|p1|GrunkleConn|steven|1255\n|player|p2|Cicilia1998|lucas|1298\n|teamsize|p1|6\n|teamsize|p2|6\n|gen|9\n|tier|[Gen 9] OU\n|rated|\n|rule|Sleep Clause Mod: Limit one foe put to sleep\n|rule|Species Clause: Limit one of each Pok\u00e9mon\n|rule|OHKO Clause: OHKO moves are banned\n|rule|Evasion Items Clause: Evasion items are banned\n|rule|Evasion Moves Clause: Evasion moves are banned\n|rule|Endless Battle Clause: Forcing endless battles is banned\n|rule|HP Percentage Mod: HP is shown in percentages\n|clearpoke\n|poke|p1|Iron Treads|\n|poke|p1|Ogerpon-Wellspring, F|\n|poke|p1|Zamazenta-*|\n|poke|p1|Dragapult, M|\n|poke|p1|Heatran, F|\n|poke|p1|Clefable, M|\n|poke|p2|Mandibuzz, F|\n|poke|p2|Rillaboom, M|\n|poke|p2|Azumarill, F|\n|poke|p2|Dragapult, M|\n|poke|p2|Heatran, M|\n|poke|p2|Ninetales-Alola, F|\n|teampreview\n|\n|t:|1700420100\n|start\n|switch|p1a: Dragapult|Dragapult, M|100\/100\n|switch|p2a: Ninetales|Ninetales-Alola, F|100\/100\n|-weather|Snow|[from] ability: Snow Warning|[of] p2a: Ninetales\n|turn|1\n|\n|t:|1700420108\n|move|p1a: Dragapult|U-turn|p2a: Ninetales\n|-resisted|p2a: Ninetales\n|-damage|p2a: Ninetales|94\/100\n|\n|t:|1700420111\n|switch|p1a: Heatran|Heatran, F|100\/100|[from] U-turn\n|-item|p1a: Heatran|Air Balloon\n|move|p2a: Ninetales|Aurora Veil|p2a: Ninetales\n|-sidestart|p2: Cicilia1998|move: Aurora Veil\n|\n|-weather|Snow|[upkeep]\n|upkeep\n|turn|2\n|\n|t:|1700420115\n|switch|p2a: Azumarill|Azumarill, F|100\/100\n|move|p1a: Heatran|Flash Cannon|p2a: Azumarill\n|-damage|p2a: Azumarill|76\/100\n|-unboost|p2a: Azumarill|spd|1\n|\n|-weather|Snow|[upkeep]\n|upkeep\n|turn|3\n|\n|t:|1700420130\n|switch|p1a: Ogerpon|Ogerpon-Wellspring, F|100\/100\n|move|p2a: Azumarill|Superpower|p1a: Ogerpon\n|-damage|p1a: Ogerpon|2\/100\n|-unboost|p2a: Azumarill|atk|1\n|-unboost|p2a: Azumarill|def|1\n|\n|-weather|Snow|[upkeep]\n|upkeep\n|turn|4\n|\n|t:|1700420144\n|switch|p2a: Mandibuzz|Mandibuzz, F|100\/100\n|move|p1a: Ogerpon|Horn Leech|p2a: Mandibuzz\n|-resisted|p2a: Mandibuzz\n|-damage|p2a: Mandibuzz|95\/100\n|-heal|p1a: Ogerpon|7\/100|[from] drain|[of] p2a: Mandibuzz\n|-damage|p1a: Ogerpon|0 fnt|[from] item: Rocky Helmet|[of] p2a: Mandibuzz\n|faint|p1a: Ogerpon\n|\n|-weather|Snow|[upkeep]\n|upkeep\n|\n|t:|1700420152\n|switch|p1a: Clefable|Clefable, M|100\/100\n|turn|5\n|\n|t:|1700420161\n|move|p2a: Mandibuzz|U-turn|p1a: Clefable\n|-resisted|p1a: Clefable\n|-damage|p1a: Clefable|95\/100\n|\n|t:|1700420163\n|switch|p2a: Heatran|Heatran, M|100\/100|[from] U-turn\n|move|p1a: Clefable|Thunder Wave|p2a: Heatran\n|-status|p2a: Heatran|par\n|\n|-weather|none\n|upkeep\n|turn|6\n|\n|t:|1700420179\n|switch|p1a: Heatran|Heatran, F|100\/100\n|-item|p1a: Heatran|Air Balloon\n|move|p2a: Heatran|Flash Cannon|p1a: Heatran\n|-resisted|p1a: Heatran\n|-damage|p1a: Heatran|92\/100\n|-unboost|p1a: Heatran|spd|1\n|-enditem|p1a: Heatran|Air Balloon\n|\n|upkeep\n|turn|7\n|\n|t:|1700420187\n|switch|p2a: Rillaboom|Rillaboom, M|100\/100\n|-fieldstart|move: Grassy Terrain|[from] ability: Grassy Surge|[of] p2a: Rillaboom\n|move|p1a: Heatran|Earth Power|p2a: Rillaboom\n|-resisted|p2a: Rillaboom\n|-damage|p2a: Rillaboom|90\/100\n|\n|-heal|p2a: Rillaboom|97\/100|[from] Grassy Terrain\n|-heal|p2a: Rillaboom|100\/100|[from] item: Leftovers\n|-heal|p1a: Heatran|99\/100|[from] Grassy Terrain\n|upkeep\n|turn|8\n|\n|t:|1700420194\n|switch|p1a: Dragapult|Dragapult, M|100\/100\n|move|p2a: Rillaboom|U-turn|p1a: Dragapult\n|-resisted|p1a: Dragapult\n|-damage|p1a: Dragapult|83\/100\n|\n|t:|1700420205\n|switch|p2a: Dragapult|Dragapult, M|100\/100|[from] U-turn\n|\n|-heal|p1a: Dragapult|89\/100|[from] Grassy Terrain\n|-sideend|p2: Cicilia1998|move: Aurora Veil\n|upkeep\n|turn|9\n|\n|t:|1700420219\n|move|p1a: Dragapult|Draco Meteor|p2a: Dragapult\n|-supereffective|p2a: Dragapult\n|-damage|p2a: Dragapult|0 fnt\n|-unboost|p1a: Dragapult|spa|2\n|faint|p2a: Dragapult\n|\n|-heal|p1a: Dragapult|95\/100|[from] Grassy Terrain\n|upkeep\n|\n|t:|1700420229\n|switch|p2a: Ninetales|Ninetales-Alola, F|94\/100\n|-weather|Snow|[from] ability: Snow Warning|[of] p2a: Ninetales\n|turn|10\n|inactive|Battle timer is ON: inactive players will automatically lose when time's up. (requested by Cicilia1998)\n|\n|t:|1700420249\n|switch|p1a: Iron Treads|Iron Treads|100\/100\n|move|p2a: Ninetales|Aurora Veil|p2a: Ninetales\n|-sidestart|p2: Cicilia1998|move: Aurora Veil\n|\n|-weather|Snow|[upkeep]\n|-heal|p2a: Ninetales|99\/100|[from] Grassy Terrain\n|upkeep\n|turn|11\n|\n|t:|1700420256\n|switch|p2a: Azumarill|Azumarill, F|76\/100\n|move|p1a: Iron Treads|Iron Head|p2a: Azumarill\n|-damage|p2a: Azumarill|57\/100\n|\n|-weather|Snow|[upkeep]\n|-heal|p2a: Azumarill|64\/100|[from] Grassy Terrain\n|-fieldend|move: Grassy Terrain\n|upkeep\n|turn|12\n|\n|t:|1700420279\n|-end|p1a: Iron Treads|Quark Drive|[silent]\n|switch|p1a: Clefable|Clefable, M|95\/100\n|move|p2a: Azumarill|Liquidation|p1a: Clefable\n|-damage|p1a: Clefable|7\/100\n|-unboost|p1a: Clefable|def|1\n|\n|-weather|Snow|[upkeep]\n|upkeep\n|turn|13\n|inactive|GrunkleConn has 120 seconds left.\n|\n|t:|1700420309\n|move|p1a: Clefable|Moonblast|p2a: Azumarill\n|-damage|p2a: Azumarill|48\/100\n|move|p2a: Azumarill|Liquidation|p1a: Clefable\n|-damage|p1a: Clefable|0 fnt\n|faint|p1a: Clefable\n|\n|-weather|Snow|[upkeep]\n|upkeep\n|inactive|GrunkleConn has 120 seconds left.\n|\n|t:|1700420315\n|switch|p1a: Dragapult|Dragapult, M|95\/100\n|turn|14\n|\n|t:|1700420324\n|switch|p2a: Mandibuzz|Mandibuzz, F|95\/100\n|move|p1a: Dragapult|Thunderbolt|p2a: Mandibuzz\n|-supereffective|p2a: Mandibuzz\n|-damage|p2a: Mandibuzz|32\/100\n|\n|-weather|none\n|upkeep\n|turn|15\n|\n|t:|1700420328\n|switch|p2a: Rillaboom|Rillaboom, M|100\/100\n|-fieldstart|move: Grassy Terrain|[from] ability: Grassy Surge|[of] p2a: Rillaboom\n|move|p1a: Dragapult|Thunderbolt|p2a: Rillaboom\n|-resisted|p2a: Rillaboom\n|-damage|p2a: Rillaboom|78\/100\n|\n|-heal|p1a: Dragapult|100\/100|[from] Grassy Terrain\n|-heal|p2a: Rillaboom|85\/100|[from] Grassy Terrain\n|-heal|p2a: Rillaboom|91\/100|[from] item: Leftovers\n|upkeep\n|turn|16\n|\n|t:|1700420342\n|switch|p1a: Heatran|Heatran, F|99\/100\n|move|p2a: Rillaboom|U-turn|p1a: Heatran\n|-resisted|p1a: Heatran\n|-damage|p1a: Heatran|94\/100\n|\n|t:|1700420346\n|switch|p2a: Heatran|Heatran, M|100\/100 par|[from] U-turn\n|\n|-heal|p1a: Heatran|99\/100|[from] Grassy Terrain\n|upkeep\n|turn|17\n|\n|t:|1700420352\n|move|p2a: Heatran|Earth Power|p1a: Heatran\n|-supereffective|p1a: Heatran\n|-damage|p1a: Heatran|0 fnt\n|faint|p1a: Heatran\n|\n|-sideend|p2: Cicilia1998|move: Aurora Veil\n|upkeep\n|inactive|GrunkleConn has 120 seconds left.\n|\n|t:|1700420386\n|switch|p1a: Zamazenta|Zamazenta|100\/100\n|-ability|p1a: Zamazenta|Dauntless Shield|boost\n|-boost|p1a: Zamazenta|def|1\n|turn|18\n|\n|t:|1700420393\n|switch|p2a: Azumarill|Azumarill, F|48\/100\n|move|p1a: Zamazenta|Close Combat|p2a: Azumarill\n|-resisted|p2a: Azumarill\n|-damage|p2a: Azumarill|5\/100\n|-unboost|p1a: Zamazenta|def|1\n|-unboost|p1a: Zamazenta|spd|1\n|\n|-heal|p2a: Azumarill|11\/100|[from] Grassy Terrain\n|upkeep\n|turn|19\n|\n|t:|1700420397\n|switch|p2a: Mandibuzz|Mandibuzz, F|32\/100\n|-terastallize|p1a: Zamazenta|Fighting\n|move|p1a: Zamazenta|Close Combat|p2a: Mandibuzz\n|-damage|p2a: Mandibuzz|0 fnt\n|-unboost|p1a: Zamazenta|def|1\n|-unboost|p1a: Zamazenta|spd|1\n|-damage|p1a: Zamazenta|84\/100|[from] item: Rocky Helmet|[of] p2a: Mandibuzz\n|faint|p2a: Mandibuzz\n|\n|-heal|p1a: Zamazenta|90\/100|[from] Grassy Terrain\n|-fieldend|move: Grassy Terrain\n|upkeep\n|\n|t:|1700420400\n|switch|p2a: Rillaboom|Rillaboom, M|91\/100\n|-fieldstart|move: Grassy Terrain|[from] ability: Grassy Surge|[of] p2a: Rillaboom\n|turn|20\n|\n|t:|1700420402\n|move|p1a: Zamazenta|Close Combat|p2a: Rillaboom\n|-damage|p2a: Rillaboom|0 fnt\n|-unboost|p1a: Zamazenta|def|1\n|-unboost|p1a: Zamazenta|spd|1\n|faint|p2a: Rillaboom\n|\n|-heal|p1a: Zamazenta|96\/100|[from] Grassy Terrain\n|upkeep\n|-message|Cicilia1998 forfeited.\n|\n|win|GrunkleConn\n|raw|GrunkleConn's rating: 1255 &rarr; <strong>1283<\/strong><br \/>(+28 for winning)\n|raw|Cicilia1998's rating: 1298 &rarr; <strong>1270<\/strong><br \/>(-28 for losing)\n|l|\u2606Cicilia1998\n|l|\u2606GrunkleConn\n|j|\u2606GrunkleConn\n|player|p1|GrunkleConn|steven\n","uploadtime":1700420437,"views":8,"p1id":"grunkleconn","p2id":"cicilia1998","formatid":"gen9ou","rating":1270,"private":0,"password":""}