{"id":"gen9ou-1999815717","p1":"N-Zoroark stan","p2":"Lasagna Crustle","format":"[Gen 9] OU","log":"|j|\u2606N-Zoroark stan\n|j|\u2606Lasagna Crustle\n|t:|1701119315\n|gametype|singles\n|player|p1|N-Zoroark stan|riley|\n|player|p2|Lasagna Crustle|lady-gen4|\n|teamsize|p1|6\n|teamsize|p2|6\n|gen|9\n|tier|[Gen 9] OU\n|rule|Sleep Clause Mod: Limit one foe put to sleep\n|rule|Species Clause: Limit one of each Pok\u00e9mon\n|rule|OHKO Clause: OHKO moves are banned\n|rule|Evasion Items Clause: Evasion items are banned\n|rule|Evasion Moves Clause: Evasion moves are banned\n|rule|Endless Battle Clause: Forcing endless battles is banned\n|rule|HP Percentage Mod: HP is shown in percentages\n|clearpoke\n|poke|p1|Alomomola, M|\n|poke|p1|Slowking-Galar, F|\n|poke|p1|Zoroark-Hisui, F|\n|poke|p1|Corviknight, M|\n|poke|p1|Ting-Lu|\n|poke|p1|Dragonite, M|\n|poke|p2|Iron Hands|\n|poke|p2|Zapdos|\n|poke|p2|Alomomola, F|\n|poke|p2|Corviknight, F|\n|poke|p2|Gholdengo|\n|poke|p2|Landorus-Therian, M|\n|teampreview\n|inactive|Battle timer is ON: inactive players will automatically lose when time's up. (requested by N-Zoroark stan)\n|c|\u2606Lasagna Crustle|Good luck!\n|c|\u2606N-Zoroark stan|glhf\n|inactive|N-Zoroark stan has 270 seconds left.\n|\n|t:|1701119370\n|start\n|switch|p1a: Alomomola|Alomomola, M|100\/100\n|switch|p2a: Bird Up|Zapdos, shiny|100\/100\n|turn|1\n|\n|t:|1701119376\n|switch|p1a: Ting-Lu|Ting-Lu|100\/100\n|-ability|p1a: Ting-Lu|Vessel of Ruin\n|move|p2a: Bird Up|Thunderbolt|p1a: Ting-Lu\n|-immune|p1a: Ting-Lu\n|\n|upkeep\n|turn|2\n|\n|t:|1701119391\n|move|p2a: Bird Up|U-turn|p1a: Ting-Lu\n|-supereffective|p1a: Ting-Lu\n|-damage|p1a: Ting-Lu|87\/100\n|\n|t:|1701119399\n|switch|p2a: Grumpy Old Man|Landorus-Therian, M|100\/100|[from] U-turn\n|-ability|p2a: Grumpy Old Man|Intimidate|boost\n|-unboost|p1a: Ting-Lu|atk|1\n|move|p1a: Ting-Lu|Ruination|p2a: Grumpy Old Man\n|-damage|p2a: Grumpy Old Man|50\/100\n|\n|-heal|p1a: Ting-Lu|93\/100|[from] item: Leftovers\n|upkeep\n|turn|3\n|c|\u2606N-Zoroark stan|U turn zap is foul...\n|\n|t:|1701119411\n|switch|p1a: Alomomola|Alomomola, M|100\/100\n|move|p2a: Grumpy Old Man|Taunt|p1a: Alomomola\n|-start|p1a: Alomomola|move: Taunt\n|\n|upkeep\n|turn|4\n|c|\u2606Lasagna Crustle|Low ladder me would've thought the same\n|inactive|Lasagna Crustle has 270 seconds left.\n|\n|t:|1701119443\n|move|p2a: Grumpy Old Man|Earthquake|p1a: Alomomola\n|-damage|p1a: Alomomola|74\/100\n|-enditem|p1a: Alomomola|Red Card|[of] p2a: Grumpy Old Man\n|drag|p2a: Bird Up|Zapdos, shiny|100\/100\n|move|p1a: Alomomola|Flip Turn|p2a: Bird Up\n|-damage|p2a: Bird Up|90\/100\n|\n|t:|1701119458\n|switch|p1a: Slowking|Slowking-Galar, F|100\/100|[from] Flip Turn\n|\n|upkeep\n|turn|5\n|\n|t:|1701119463\n|move|p2a: Bird Up|Thunderbolt|p1a: Slowking\n|-damage|p1a: Slowking|73\/100\n|move|p1a: Slowking|Future Sight|p2a: Bird Up\n|-start|p1a: Slowking|move: Future Sight\n|\n|-heal|p1a: Slowking|79\/100|[from] item: Leftovers\n|upkeep\n|turn|6\n|\n|t:|1701119467\n|move|p2a: Bird Up|Thunderbolt|p1a: Slowking\n|-damage|p1a: Slowking|48\/100\n|move|p1a: Slowking|Chilly Reception|p1a: Slowking\n|-weather|Snow\n|\n|t:|1701119473\n|switch|p1a: Ting-Lu|Ting-Lu|93\/100|[from] Chilly Reception\n|-ability|p1a: Ting-Lu|Vessel of Ruin\n|\n|-weather|Snow|[upkeep]\n|-heal|p1a: Ting-Lu|99\/100|[from] item: Leftovers\n|upkeep\n|turn|7\n|\n|t:|1701119481\n|move|p2a: Bird Up|U-turn|p1a: Ting-Lu\n|-supereffective|p1a: Ting-Lu\n|-damage|p1a: Ting-Lu|85\/100\n|\n|t:|1701119490\n|switch|p2a: Soaring Armor|Corviknight, F, shiny|100\/100|[from] U-turn\n|-ability|p2a: Soaring Armor|Pressure\n|move|p1a: Ting-Lu|Whirlwind|p2a: Soaring Armor\n|drag|p2a: Capitalism|Gholdengo|100\/100\n|\n|-weather|Snow|[upkeep]\n|-end|p2a: Capitalism|move: Future Sight\n|-resisted|p2a: Capitalism\n|-damage|p2a: Capitalism|87\/100\n|-heal|p2a: Capitalism|93\/100|[from] item: Leftovers\n|-heal|p1a: Ting-Lu|91\/100|[from] item: Leftovers\n|upkeep\n|turn|8\n|\n|t:|1701119506\n|switch|p2a: Grumpy Old Man|Landorus-Therian, M|50\/100\n|-ability|p2a: Grumpy Old Man|Intimidate|boost\n|-unboost|p1a: Ting-Lu|atk|1\n|move|p1a: Ting-Lu|Stealth Rock|p2a: Grumpy Old Man\n|-sidestart|p2: Lasagna Crustle|move: Stealth Rock\n|\n|-weather|Snow|[upkeep]\n|-heal|p1a: Ting-Lu|97\/100|[from] item: Leftovers\n|upkeep\n|turn|9\n|\n|t:|1701119513\n|switch|p1a: Alomomola|Alomomola, M|100\/100\n|move|p2a: Grumpy Old Man|Taunt|p1a: Alomomola\n|-start|p1a: Alomomola|move: Taunt\n|\n|-weather|Snow|[upkeep]\n|upkeep\n|turn|10\n|\n|t:|1701119518\n|move|p2a: Grumpy Old Man|U-turn|p1a: Alomomola\n|-damage|p1a: Alomomola|88\/100\n|\n|t:|1701119521\n|switch|p2a: Soaring Armor|Corviknight, F, shiny|100\/100|[from] U-turn\n|-ability|p2a: Soaring Armor|Pressure\n|move|p1a: Alomomola|Flip Turn|p2a: Soaring Armor\n|-damage|p2a: Soaring Armor|91\/100\n|\n|t:|1701119529\n|switch|p1a: Corviknight|Corviknight, M|100\/100|[from] Flip Turn\n|\n|-weather|none\n|upkeep\n|turn|11\n|\n|t:|1701119534\n|move|p1a: Corviknight|Shadow Ball|p2a: Soaring Armor\n|-damage|p2a: Soaring Armor|52\/100\n|move|p2a: Soaring Armor|Defog|p1a: Corviknight\n|-unboost|p1a: Corviknight|evasion|1\n|-sideend|p2: Lasagna Crustle|Stealth Rock|[from] move: Defog|[of] p2a: Soaring Armor\n|\n|upkeep\n|turn|12\n|\n|t:|1701119539\n|move|p1a: Corviknight|Shadow Ball|p2a: Soaring Armor\n|-damage|p2a: Soaring Armor|14\/100\n|move|p2a: Soaring Armor|Roost|p2a: Soaring Armor\n|-heal|p2a: Soaring Armor|64\/100\n|-singleturn|p2a: Soaring Armor|move: Roost\n|\n|upkeep\n|turn|13\n|\n|t:|1701119542\n|move|p1a: Corviknight|Shadow Ball|p2a: Soaring Armor\n|-damage|p2a: Soaring Armor|23\/100\n|move|p2a: Soaring Armor|Roost|p2a: Soaring Armor\n|-heal|p2a: Soaring Armor|73\/100\n|-singleturn|p2a: Soaring Armor|move: Roost\n|\n|upkeep\n|turn|14\n|\n|t:|1701119545\n|move|p1a: Corviknight|Shadow Ball|p2a: Soaring Armor\n|-damage|p2a: Soaring Armor|35\/100\n|move|p2a: Soaring Armor|Roost|p2a: Soaring Armor\n|-heal|p2a: Soaring Armor|85\/100\n|-singleturn|p2a: Soaring Armor|move: Roost\n|\n|upkeep\n|turn|15\n|\n|t:|1701119549\n|move|p1a: Corviknight|Shadow Ball|p2a: Soaring Armor\n|-damage|p2a: Soaring Armor|45\/100\n|move|p2a: Soaring Armor|U-turn|p1a: Corviknight\n|-resisted|p1a: Corviknight\n|-damage|p1a: Corviknight|85\/100\n|replace|p1a: Zoroark|Zoroark-Hisui, F, shiny\n|-end|p1a: Zoroark|Illusion\n|\n|t:|1701119564\n|switch|p2a: Bird Up|Zapdos, shiny|90\/100|[from] U-turn\n|\n|upkeep\n|turn|16\n|\n|t:|1701119568\n|switch|p1a: Ting-Lu|Ting-Lu|97\/100\n|-ability|p1a: Ting-Lu|Vessel of Ruin\n|move|p2a: Bird Up|Roost|p2a: Bird Up\n|-heal|p2a: Bird Up|100\/100\n|-singleturn|p2a: Bird Up|move: Roost\n|\n|-heal|p1a: Ting-Lu|100\/100|[from] item: Leftovers\n|upkeep\n|turn|17\n|\n|t:|1701119579\n|move|p2a: Bird Up|U-turn|p1a: Ting-Lu\n|-supereffective|p1a: Ting-Lu\n|-damage|p1a: Ting-Lu|87\/100\n|\n|t:|1701119583\n|switch|p2a: Grumpy Old Man|Landorus-Therian, M|50\/100|[from] U-turn\n|-ability|p2a: Grumpy Old Man|Intimidate|boost\n|-unboost|p1a: Ting-Lu|atk|1\n|move|p1a: Ting-Lu|Stealth Rock|p2a: Grumpy Old Man\n|-sidestart|p2: Lasagna Crustle|move: Stealth Rock\n|\n|-heal|p1a: Ting-Lu|93\/100|[from] item: Leftovers\n|upkeep\n|turn|18\n|\n|t:|1701119597\n|switch|p1a: Corviknight|Corviknight, M|85\/100\n|move|p2a: Grumpy Old Man|Taunt|p1a: Corviknight\n|-start|p1a: Corviknight|move: Taunt\n|\n|upkeep\n|turn|19\n|\n|t:|1701119604\n|move|p1a: Corviknight|Shadow Ball|p2a: Grumpy Old Man\n|-damage|p2a: Grumpy Old Man|1\/100\n|move|p2a: Grumpy Old Man|Earthquake|p1a: Corviknight\n|-damage|p1a: Corviknight|0 fnt\n|replace|p1a: Zoroark|Zoroark-Hisui, F, shiny\n|-end|p1a: Zoroark|Illusion\n|faint|p1a: Zoroark\n|\n|upkeep\n|\n|t:|1701119610\n|switch|p1a: Alomomola|Alomomola, M|100\/100\n|turn|20\n|\n|t:|1701119612\n|move|p2a: Grumpy Old Man|U-turn|p1a: Alomomola\n|-damage|p1a: Alomomola|89\/100\n|\n|t:|1701119614\n|switch|p2a: Soaring Armor|Corviknight, F, shiny|45\/100|[from] U-turn\n|-ability|p2a: Soaring Armor|Pressure\n|move|p1a: Alomomola|Flip Turn|p2a: Soaring Armor\n|-damage|p2a: Soaring Armor|36\/100\n|\n|t:|1701119619\n|switch|p1a: Dragonite|Dragonite, M|100\/100|[from] Flip Turn\n|\n|upkeep\n|turn|21\n|\n|t:|1701119625\n|move|p1a: Dragonite|Fire Punch|p2a: Soaring Armor\n|-supereffective|p2a: Soaring Armor\n|-damage|p2a: Soaring Armor|0 fnt\n|faint|p2a: Soaring Armor\n|\n|upkeep\n|\n|t:|1701119631\n|switch|p2a: Grumpy Old Man|Landorus-Therian, M|1\/100\n|-damage|p2a: Grumpy Old Man|0 fnt|[from] Stealth Rock\n|faint|p2a: Grumpy Old Man\n|\n|t:|1701119633\n|switch|p2a: Gorgeous|Alomomola, F, shiny|100\/100\n|-damage|p2a: Gorgeous|88\/100|[from] Stealth Rock\n|turn|22\n|\n|t:|1701119636\n|switch|p1a: Alomomola|Alomomola, M|100\/100\n|move|p2a: Gorgeous|Wish|p2a: Gorgeous\n|\n|upkeep\n|turn|23\n|\n|t:|1701119645\n|move|p2a: Gorgeous|Protect|p2a: Gorgeous\n|-singleturn|p2a: Gorgeous|Protect\n|move|p1a: Alomomola|Flip Turn|p2a: Gorgeous\n|-activate|p2a: Gorgeous|move: Protect\n|\n|-heal|p2a: Gorgeous|100\/100|[from] move: Wish|[wisher] Gorgeous\n|upkeep\n|turn|24\n|\n|t:|1701119655\n|switch|p2a: Bird Up|Zapdos, shiny|100\/100\n|move|p1a: Alomomola|Scald|p2a: Bird Up\n|-damage|p2a: Bird Up|89\/100\n|\n|upkeep\n|turn|25\n|\n|t:|1701119664\n|switch|p1a: Ting-Lu|Ting-Lu|93\/100\n|-ability|p1a: Ting-Lu|Vessel of Ruin\n|move|p2a: Bird Up|U-turn|p1a: Ting-Lu\n|-supereffective|p1a: Ting-Lu\n|-damage|p1a: Ting-Lu|79\/100\n|\n|t:|1701119670\n|switch|p2a: Me irl|Iron Hands|100\/100|[from] U-turn\n|-damage|p2a: Me irl|94\/100|[from] Stealth Rock\n|\n|-heal|p1a: Ting-Lu|86\/100|[from] item: Leftovers\n|upkeep\n|turn|26\n|\n|t:|1701119675\n|switch|p1a: Dragonite|Dragonite, M|100\/100\n|move|p2a: Me irl|Iron Defense|p2a: Me irl\n|-boost|p2a: Me irl|def|2\n|\n|upkeep\n|turn|27\n|\n|t:|1701119690\n|switch|p1a: Alomomola|Alomomola, M|100\/100\n|move|p2a: Me irl|Iron Defense|p2a: Me irl\n|-boost|p2a: Me irl|def|2\n|\n|upkeep\n|turn|28\n|\n|t:|1701119695\n|move|p1a: Alomomola|Scald|p2a: Me irl\n|-damage|p2a: Me irl|85\/100\n|move|p2a: Me irl|Iron Defense|p2a: Me irl\n|-boost|p2a: Me irl|def|2\n|\n|upkeep\n|turn|29\n|\n|t:|1701119703\n|move|p1a: Alomomola|Scald|p2a: Me irl\n|-damage|p2a: Me irl|75\/100\n|move|p2a: Me irl|Wild Charge|p1a: Alomomola\n|-supereffective|p1a: Alomomola\n|-damage|p1a: Alomomola|53\/100\n|-damage|p2a: Me irl|61\/100|[from] Recoil\n|\n|upkeep\n|turn|30\n|\n|t:|1701119710\n|move|p1a: Alomomola|Scald|p2a: Me irl\n|-damage|p2a: Me irl|51\/100\n|move|p2a: Me irl|Body Press|p1a: Alomomola\n|-damage|p1a: Alomomola|0 fnt\n|faint|p1a: Alomomola\n|\n|upkeep\n|c|\u2606N-Zoroark stan|1984\n|\n|t:|1701119722\n|switch|p1a: Dragonite|Dragonite, M|100\/100\n|turn|31\n|c|\u2606Lasagna Crustle|I think a covert cloak got stuck in the iron hands\n|\n|t:|1701119741\n|move|p1a: Dragonite|Earthquake|p2a: Me irl\n|-supereffective|p2a: Me irl\n|-damage|p2a: Me irl|36\/100\n|move|p2a: Me irl|Rest|p2a: Me irl\n|-status|p2a: Me irl|slp|[from] move: Rest\n|-heal|p2a: Me irl|100\/100 slp|[silent]\n|-enditem|p2a: Me irl|Chesto Berry|[eat]\n|-curestatus|p2a: Me irl|slp|[msg]\n|\n|upkeep\n|turn|32\n|\n|t:|1701119749\n|switch|p1a: Slowking|Slowking-Galar, F|81\/100\n|move|p2a: Me irl|Body Press|p1a: Slowking\n|-resisted|p1a: Slowking\n|-damage|p1a: Slowking|48\/100\n|\n|-heal|p1a: Slowking|54\/100|[from] item: Leftovers\n|upkeep\n|turn|33\n|\n|t:|1701119757\n|move|p2a: Me irl|Body Press|p1a: Slowking\n|-resisted|p1a: Slowking\n|-damage|p1a: Slowking|25\/100\n|move|p1a: Slowking|Toxic|p2a: Me irl\n|-status|p2a: Me irl|tox\n|\n|-heal|p1a: Slowking|31\/100|[from] item: Leftovers\n|-damage|p2a: Me irl|94\/100 tox|[from] psn\n|upkeep\n|turn|34\n|\n|t:|1701119771\n|switch|p1a: Corviknight|Corviknight, M|100\/100\n|move|p2a: Me irl|Body Press|p1a: Corviknight\n|-damage|p1a: Corviknight|0 fnt\n|-damage|p2a: Me irl|78\/100 tox|[from] item: Rocky Helmet|[of] p1a: Corviknight\n|faint|p1a: Corviknight\n|\n|-damage|p2a: Me irl|66\/100 tox|[from] psn\n|upkeep\n|\n|t:|1701119777\n|switch|p1a: Dragonite|Dragonite, M|100\/100\n|turn|35\n|\n|t:|1701119787\n|move|p1a: Dragonite|Earthquake|p2a: Me irl\n|-supereffective|p2a: Me irl\n|-damage|p2a: Me irl|51\/100 tox\n|move|p2a: Me irl|Rest|p2a: Me irl\n|-status|p2a: Me irl|slp|[from] move: Rest\n|-heal|p2a: Me irl|100\/100 slp|[silent]\n|\n|upkeep\n|turn|36\n|\n|t:|1701119793\n|switch|p1a: Ting-Lu|Ting-Lu|86\/100\n|-ability|p1a: Ting-Lu|Vessel of Ruin\n|-terastallize|p2a: Me irl|Flying\n|cant|p2a: Me irl|slp\n|\n|-heal|p1a: Ting-Lu|92\/100|[from] item: Leftovers\n|upkeep\n|turn|37\n|\n|t:|1701119797\n|cant|p2a: Me irl|slp\n|move|p1a: Ting-Lu|Whirlwind|p2a: Me irl\n|-end|p2a: Me irl|Quark Drive|[silent]\n|drag|p2a: Capitalism|Gholdengo|93\/100\n|-damage|p2a: Capitalism|87\/100|[from] Stealth Rock\n|\n|-heal|p2a: Capitalism|93\/100|[from] item: Leftovers\n|-heal|p1a: Ting-Lu|98\/100|[from] item: Leftovers\n|upkeep\n|turn|38\n|\n|t:|1701119804\n|move|p2a: Capitalism|Nasty Plot|p2a: Capitalism\n|-boost|p2a: Capitalism|spa|2\n|move|p1a: Ting-Lu|Ruination|p2a: Capitalism\n|-damage|p2a: Capitalism|47\/100\n|\n|-heal|p2a: Capitalism|53\/100|[from] item: Leftovers\n|-heal|p1a: Ting-Lu|100\/100|[from] item: Leftovers\n|upkeep\n|turn|39\n|\n|t:|1701119813\n|move|p2a: Capitalism|Make It Rain|p1a: Ting-Lu\n|-damage|p1a: Ting-Lu|51\/100\n|-unboost|p2a: Capitalism|spa|1\n|move|p1a: Ting-Lu|Earthquake|p2a: Capitalism\n|-supereffective|p2a: Capitalism\n|-damage|p2a: Capitalism|0 fnt\n|faint|p2a: Capitalism\n|\n|-heal|p1a: Ting-Lu|58\/100|[from] item: Leftovers\n|upkeep\n|\n|t:|1701119822\n|switch|p2a: Me irl|Iron Hands, tera:Flying|100\/100 slp\n|-damage|p2a: Me irl|76\/100 slp|[from] Stealth Rock\n|turn|40\n|\n|t:|1701119826\n|-curestatus|p2a: Me irl|slp|[msg]\n|move|p2a: Me irl|Iron Defense|p2a: Me irl\n|-boost|p2a: Me irl|def|2\n|move|p1a: Ting-Lu|Whirlwind|p2a: Me irl\n|-end|p2a: Me irl|Quark Drive|[silent]\n|drag|p2a: Gorgeous|Alomomola, F, shiny|100\/100\n|-damage|p2a: Gorgeous|88\/100|[from] Stealth Rock\n|\n|-heal|p1a: Ting-Lu|64\/100|[from] item: Leftovers\n|upkeep\n|turn|41\n|\n|t:|1701119835\n|move|p2a: Gorgeous|Wish|p2a: Gorgeous\n|move|p1a: Ting-Lu|Whirlwind|p2a: Gorgeous\n|drag|p2a: Bird Up|Zapdos, shiny|89\/100\n|\n|-heal|p1a: Ting-Lu|70\/100|[from] item: Leftovers\n|upkeep\n|turn|42\n|\n|t:|1701119843\n|move|p2a: Bird Up|Roost|p2a: Bird Up\n|-heal|p2a: Bird Up|100\/100\n|-singleturn|p2a: Bird Up|move: Roost\n|move|p1a: Ting-Lu|Whirlwind|p2a: Bird Up\n|drag|p2a: Me irl|Iron Hands, tera:Flying|76\/100\n|-damage|p2a: Me irl|51\/100|[from] Stealth Rock\n|\n|-heal|p2a: Me irl|100\/100|[from] move: Wish|[wisher] Gorgeous\n|-heal|p1a: Ting-Lu|76\/100|[from] item: Leftovers\n|upkeep\n|turn|43\n|\n|t:|1701119851\n|move|p2a: Me irl|Body Press|p1a: Ting-Lu\n|-supereffective|p1a: Ting-Lu\n|-damage|p1a: Ting-Lu|31\/100\n|move|p1a: Ting-Lu|Whirlwind|p2a: Me irl\n|-end|p2a: Me irl|Quark Drive|[silent]\n|drag|p2a: Gorgeous|Alomomola, F, shiny|100\/100\n|-damage|p2a: Gorgeous|88\/100|[from] Stealth Rock\n|\n|-heal|p1a: Ting-Lu|37\/100|[from] item: Leftovers\n|upkeep\n|turn|44\n|\n|t:|1701119858\n|switch|p1a: Slowking|Slowking-Galar, F|65\/100\n|move|p2a: Gorgeous|Wish|p2a: Gorgeous\n|\n|-heal|p1a: Slowking|71\/100|[from] item: Leftovers\n|upkeep\n|turn|45\n|\n|t:|1701119861\n|move|p2a: Gorgeous|Flip Turn|p1a: Slowking\n|-damage|p1a: Slowking|60\/100\n|\n|t:|1701119865\n|switch|p2a: Bird Up|Zapdos, shiny|100\/100|[from] Flip Turn\n|move|p1a: Slowking|Toxic|p2a: Bird Up\n|-status|p2a: Bird Up|tox\n|\n|-heal|p1a: Slowking|66\/100|[from] item: Leftovers\n|-damage|p2a: Bird Up|94\/100 tox|[from] psn\n|upkeep\n|turn|46\n|\n|t:|1701119873\n|move|p2a: Bird Up|Thunderbolt|p1a: Slowking\n|-damage|p1a: Slowking|39\/100\n|-status|p1a: Slowking|par\n|cant|p1a: Slowking|par\n|\n|-heal|p1a: Slowking|45\/100 par|[from] item: Leftovers\n|-damage|p2a: Bird Up|82\/100 tox|[from] psn\n|upkeep\n|turn|47\n|\n|t:|1701119880\n|move|p2a: Bird Up|Heat Wave|p1a: Slowking|[miss]\n|-miss|p2a: Bird Up|p1a: Slowking\n|move|p1a: Slowking|Toxic|p2a: Bird Up\n|-fail|p2a: Bird Up|tox\n|\n|-heal|p1a: Slowking|51\/100 par|[from] item: Leftovers\n|-damage|p2a: Bird Up|63\/100 tox|[from] psn\n|upkeep\n|turn|48\n|\n|t:|1701119885\n|switch|p1a: Ting-Lu|Ting-Lu|37\/100\n|-ability|p1a: Ting-Lu|Vessel of Ruin\n|move|p2a: Bird Up|Thunderbolt|p1a: Ting-Lu\n|-immune|p1a: Ting-Lu\n|\n|-heal|p1a: Ting-Lu|43\/100|[from] item: Leftovers\n|-damage|p2a: Bird Up|38\/100 tox|[from] psn\n|upkeep\n|turn|49\n|\n|t:|1701119888\n|move|p2a: Bird Up|U-turn|p1a: Ting-Lu\n|-supereffective|p1a: Ting-Lu\n|-damage|p1a: Ting-Lu|28\/100\n|\n|t:|1701119894\n|switch|p2a: Gorgeous|Alomomola, F, shiny|100\/100|[from] U-turn\n|-damage|p2a: Gorgeous|88\/100|[from] Stealth Rock\n|move|p1a: Ting-Lu|Earthquake|p2a: Gorgeous\n|-damage|p2a: Gorgeous|69\/100\n|-enditem|p2a: Gorgeous|Red Card|[of] p1a: Ting-Lu\n|drag|p1a: Slowking|Slowking-Galar, F|84\/100 par\n|\n|-heal|p1a: Slowking|90\/100 par|[from] item: Leftovers\n|upkeep\n|turn|50\n|\n|t:|1701119907\n|move|p2a: Gorgeous|Flip Turn|p1a: Slowking\n|-damage|p1a: Slowking|79\/100 par\n|\n|t:|1701119909\n|switch|p2a: Bird Up|Zapdos, shiny|38\/100 tox|[from] Flip Turn\n|move|p1a: Slowking|Toxic|p2a: Bird Up\n|-fail|p2a: Bird Up|tox\n|\n|-heal|p1a: Slowking|85\/100 par|[from] item: Leftovers\n|-damage|p2a: Bird Up|32\/100 tox|[from] psn\n|upkeep\n|turn|51\n|\n|t:|1701119914\n|move|p2a: Bird Up|Roost|p2a: Bird Up\n|-heal|p2a: Bird Up|82\/100 tox\n|-singleturn|p2a: Bird Up|move: Roost\n|move|p1a: Slowking|Future Sight|p2a: Bird Up\n|-start|p1a: Slowking|move: Future Sight\n|\n|-heal|p1a: Slowking|91\/100 par|[from] item: Leftovers\n|-damage|p2a: Bird Up|69\/100 tox|[from] psn\n|upkeep\n|turn|52\n|\n|t:|1701119921\n|move|p2a: Bird Up|U-turn|p1a: Slowking\n|-damage|p1a: Slowking|81\/100 par\n|\n|t:|1701119925\n|switch|p2a: Me irl|Iron Hands, tera:Flying|100\/100|[from] U-turn\n|-damage|p2a: Me irl|76\/100|[from] Stealth Rock\n|move|p1a: Slowking|Chilly Reception|p1a: Slowking\n|-weather|Snow\n|\n|t:|1701119928\n|switch|p1a: Dragonite|Dragonite, M|100\/100|[from] Chilly Reception\n|\n|-weather|Snow|[upkeep]\n|upkeep\n|turn|53\n|\n|t:|1701119934\n|move|p1a: Dragonite|Outrage|p2a: Me irl\n|-damage|p2a: Me irl|24\/100\n|move|p2a: Me irl|Iron Defense|p2a: Me irl\n|-boost|p2a: Me irl|def|2\n|\n|-weather|Snow|[upkeep]\n|-end|p2a: Me irl|move: Future Sight\n|-damage|p2a: Me irl|0 fnt\n|faint|p2a: Me irl\n|-end|p2a: Me irl|Quark Drive|[silent]\n|upkeep\n|\n|t:|1701119939\n|switch|p2a: Gorgeous|Alomomola, F, shiny|100\/100\n|-damage|p2a: Gorgeous|88\/100|[from] Stealth Rock\n|turn|54\n|\n|t:|1701119941\n|move|p1a: Dragonite|Outrage|p2a: Gorgeous|[from]lockedmove\n|-damage|p2a: Gorgeous|36\/100\n|-start|p1a: Dragonite|confusion|[fatigue]\n|move|p2a: Gorgeous|Scald|p1a: Dragonite\n|-resisted|p1a: Dragonite\n|-damage|p1a: Dragonite|97\/100\n|-status|p1a: Dragonite|brn\n|\n|-weather|Snow|[upkeep]\n|-damage|p1a: Dragonite|91\/100 brn|[from] brn\n|upkeep\n|turn|55\n|\n|t:|1701119949\n|switch|p1a: Slowking|Slowking-Galar, F|100\/100 par\n|move|p2a: Gorgeous|Wish|p2a: Gorgeous\n|\n|-weather|Snow|[upkeep]\n|upkeep\n|turn|56\n|\n|t:|1701119952\n|move|p2a: Gorgeous|Scald|p1a: Slowking\n|-damage|p1a: Slowking|91\/100 par\n|move|p1a: Slowking|Future Sight|p2a: Gorgeous\n|-start|p1a: Slowking|move: Future Sight\n|\n|-weather|none\n|-heal|p2a: Gorgeous|86\/100|[from] move: Wish|[wisher] Gorgeous\n|-heal|p1a: Slowking|97\/100 par|[from] item: Leftovers\n|upkeep\n|turn|57\n|\n|t:|1701119957\n|move|p2a: Gorgeous|Scald|p1a: Slowking\n|-damage|p1a: Slowking|86\/100 par\n|cant|p1a: Slowking|par\n|\n|-heal|p1a: Slowking|92\/100 par|[from] item: Leftovers\n|upkeep\n|turn|58\n|\n|t:|1701119962\n|move|p2a: Gorgeous|Scald|p1a: Slowking\n|-damage|p1a: Slowking|82\/100 par\n|move|p1a: Slowking|Toxic|p2a: Gorgeous\n|-status|p2a: Gorgeous|tox\n|\n|-end|p2a: Gorgeous|move: Future Sight\n|-damage|p2a: Gorgeous|33\/100 tox\n|-heal|p1a: Slowking|88\/100 par|[from] item: Leftovers\n|-damage|p2a: Gorgeous|27\/100 tox|[from] psn\n|upkeep\n|turn|59\n|\n|t:|1701119968\n|move|p2a: Gorgeous|Wish|p2a: Gorgeous\n|move|p1a: Slowking|Future Sight|p2a: Gorgeous\n|-start|p1a: Slowking|move: Future Sight\n|\n|-heal|p1a: Slowking|94\/100 par|[from] item: Leftovers\n|-damage|p2a: Gorgeous|14\/100 tox|[from] psn\n|upkeep\n|turn|60\n|\n|t:|1701119974\n|move|p2a: Gorgeous|Flip Turn|p1a: Slowking\n|-damage|p1a: Slowking|82\/100 par\n|\n|t:|1701119975\n|switch|p2a: Bird Up|Zapdos, shiny|69\/100 tox|[from] Flip Turn\n|move|p1a: Slowking|Sludge Bomb|p2a: Bird Up\n|-damage|p2a: Bird Up|37\/100 tox\n|\n|-heal|p2a: Bird Up|100\/100 tox|[from] move: Wish|[wisher] Gorgeous\n|-heal|p1a: Slowking|88\/100 par|[from] item: Leftovers\n|-damage|p2a: Bird Up|94\/100 tox|[from] psn\n|upkeep\n|turn|61\n|\n|t:|1701119984\n|move|p2a: Bird Up|U-turn|p1a: Slowking\n|-damage|p1a: Slowking|78\/100 par\n|\n|t:|1701119986\n|switch|p2a: Gorgeous|Alomomola, F, shiny|48\/100 tox|[from] U-turn\n|-damage|p2a: Gorgeous|35\/100 tox|[from] Stealth Rock\n|cant|p1a: Slowking|par\n|\n|-end|p2a: Gorgeous|move: Future Sight\n|-damage|p2a: Gorgeous|0 fnt\n|faint|p2a: Gorgeous\n|-heal|p1a: Slowking|84\/100 par|[from] item: Leftovers\n|upkeep\n|\n|t:|1701119992\n|switch|p2a: Bird Up|Zapdos, shiny|94\/100 tox\n|turn|62\n|\n|t:|1701119994\n|move|p2a: Bird Up|Thunderbolt|p1a: Slowking\n|-damage|p1a: Slowking|57\/100 par\n|move|p1a: Slowking|Future Sight|p2a: Bird Up\n|-start|p1a: Slowking|move: Future Sight\n|\n|-heal|p1a: Slowking|63\/100 par|[from] item: Leftovers\n|-damage|p2a: Bird Up|88\/100 tox|[from] psn\n|upkeep\n|turn|63\n|\n|t:|1701119998\n|move|p2a: Bird Up|Thunderbolt|p1a: Slowking\n|-damage|p1a: Slowking|34\/100 par\n|move|p1a: Slowking|Sludge Bomb|p2a: Bird Up\n|-damage|p2a: Bird Up|54\/100 tox\n|\n|-heal|p1a: Slowking|40\/100 par|[from] item: Leftovers\n|-damage|p2a: Bird Up|41\/100 tox|[from] psn\n|upkeep\n|turn|64\n|\n|t:|1701120002\n|switch|p1a: Ting-Lu|Ting-Lu|28\/100\n|-ability|p1a: Ting-Lu|Vessel of Ruin\n|move|p2a: Bird Up|Roost|p2a: Bird Up\n|-heal|p2a: Bird Up|91\/100 tox\n|-singleturn|p2a: Bird Up|move: Roost\n|\n|-end|p2a: Bird Up|move: Future Sight\n|-damage|p2a: Bird Up|58\/100 tox\n|-heal|p1a: Ting-Lu|35\/100|[from] item: Leftovers\n|-damage|p2a: Bird Up|39\/100 tox|[from] psn\n|upkeep\n|turn|65\n|\n|t:|1701120010\n|move|p2a: Bird Up|Roost|p2a: Bird Up\n|-heal|p2a: Bird Up|89\/100 tox\n|-singleturn|p2a: Bird Up|move: Roost\n|move|p1a: Ting-Lu|Ruination|p2a: Bird Up\n|-damage|p2a: Bird Up|45\/100 tox\n|\n|-heal|p1a: Ting-Lu|41\/100|[from] item: Leftovers\n|-damage|p2a: Bird Up|20\/100 tox|[from] psn\n|upkeep\n|turn|66\n|\n|t:|1701120016\n|move|p2a: Bird Up|Roost|p2a: Bird Up\n|-heal|p2a: Bird Up|70\/100 tox\n|-singleturn|p2a: Bird Up|move: Roost\n|move|p1a: Ting-Lu|Earthquake|p2a: Bird Up\n|-supereffective|p2a: Bird Up\n|-damage|p2a: Bird Up|15\/100 tox\n|\n|-heal|p1a: Ting-Lu|47\/100|[from] item: Leftovers\n|-damage|p2a: Bird Up|0 fnt|[from] psn\n|faint|p2a: Bird Up\n|\n|win|N-Zoroark stan\n|upkeep\n|c|\u2606N-Zoroark stan|ggwp\n|c|\u2606Lasagna Crustle|Gg\n|l|\u2606Lasagna Crustle\n","uploadtime":1701120033,"views":5,"p1id":"nzoroarkstan","p2id":"lasagnacrustle","formatid":"gen9ou","rating":0,"private":0,"password":""}