{"id":"gen9ou-1991265086","p1":"NightwalkerYt","p2":"Hacker tumbleweed","format":"[Gen 9] OU","log":"|j|\u2606NightwalkerYt\n|j|\u2606Hacker tumbleweed\n|t:|1700062565\n|gametype|singles\n|player|p1|NightwalkerYt|ethan|\n|player|p2|Hacker tumbleweed|silver|\n|teamsize|p1|6\n|teamsize|p2|6\n|gen|9\n|tier|[Gen 9] OU\n|rule|Sleep Clause Mod: Limit one foe put to sleep\n|rule|Species Clause: Limit one of each Pok\u00e9mon\n|rule|OHKO Clause: OHKO moves are banned\n|rule|Evasion Items Clause: Evasion items are banned\n|rule|Evasion Moves Clause: Evasion moves are banned\n|rule|Endless Battle Clause: Forcing endless battles is banned\n|rule|HP Percentage Mod: HP is shown in percentages\n|clearpoke\n|poke|p1|Pelipper, M|\n|poke|p1|Ogerpon-Wellspring, F|\n|poke|p1|Samurott-Hisui, F|\n|poke|p1|Zapdos|\n|poke|p1|Alomomola, F|\n|poke|p1|Scizor, M|\n|poke|p2|Glimmora, F|\n|poke|p2|Kingambit, M|\n|poke|p2|Ogerpon, F|\n|poke|p2|Ting-Lu|\n|poke|p2|Ninetales-Alola, F|\n|poke|p2|Iron Hands|\n|teampreview\n|c|\u2606NightwalkerYt|hi\n|\n|t:|1700062605\n|start\n|switch|p1a: Pelipper|Pelipper, M|100\/100\n|switch|p2a: Glimmora|Glimmora, F|100\/100\n|-weather|RainDance|[from] ability: Drizzle|[of] p1a: Pelipper\n|turn|1\n|c|\u2606Hacker tumbleweed|sup\n|\n|t:|1700062617\n|switch|p1a: Scizor|Scizor, M|100\/100\n|move|p2a: Glimmora|Stealth Rock|p1a: Scizor\n|-sidestart|p1: NightwalkerYt|move: Stealth Rock\n|\n|-weather|RainDance|[upkeep]\n|upkeep\n|turn|2\n|\n|t:|1700062629\n|switch|p2a: Iron Hands|Iron Hands|100\/100\n|move|p1a: Scizor|Swords Dance|p1a: Scizor\n|-boost|p1a: Scizor|atk|2\n|\n|-weather|RainDance|[upkeep]\n|upkeep\n|turn|3\n|\n|t:|1700062636\n|move|p2a: Iron Hands|Fake Out|p1a: Scizor\n|-resisted|p1a: Scizor\n|-damage|p1a: Scizor|94\/100\n|cant|p1a: Scizor|flinch\n|\n|-weather|RainDance|[upkeep]\n|upkeep\n|turn|4\n|\n|t:|1700062644\n|move|p1a: Scizor|Defog|p2a: Iron Hands\n|-unboost|p2a: Iron Hands|evasion|1\n|-sideend|p1: NightwalkerYt|Stealth Rock|[from] move: Defog|[of] p1a: Scizor\n|move|p2a: Iron Hands|Drain Punch|p1a: Scizor\n|-damage|p1a: Scizor|53\/100\n|\n|-weather|RainDance|[upkeep]\n|upkeep\n|turn|5\n|\n|t:|1700062653\n|move|p1a: Scizor|Close Combat|p2a: Iron Hands\n|-damage|p2a: Iron Hands|41\/100\n|-unboost|p1a: Scizor|def|1\n|-unboost|p1a: Scizor|spd|1\n|move|p2a: Iron Hands|Body Press|p1a: Scizor\n|-damage|p1a: Scizor|7\/100\n|\n|-weather|RainDance|[upkeep]\n|upkeep\n|turn|6\n|\n|t:|1700062668\n|switch|p1a: Zapdos|Zapdos|100\/100\n|move|p2a: Iron Hands|Drain Punch|p1a: Zapdos\n|-resisted|p1a: Zapdos\n|-damage|p1a: Zapdos|77\/100\n|-heal|p2a: Iron Hands|49\/100|[from] drain|[of] p1a: Zapdos\n|\n|-weather|RainDance|[upkeep]\n|upkeep\n|turn|7\n|\n|t:|1700062678\n|-end|p2a: Iron Hands|Quark Drive|[silent]\n|switch|p2a: Ting-Lu|Ting-Lu|100\/100\n|-ability|p2a: Ting-Lu|Vessel of Ruin\n|move|p1a: Zapdos|Hurricane|p2a: Ting-Lu\n|-damage|p2a: Ting-Lu|83\/100\n|\n|-weather|RainDance|[upkeep]\n|upkeep\n|turn|8\n|\n|t:|1700062693\n|switch|p1a: Alomomola|Alomomola, F|100\/100\n|move|p2a: Ting-Lu|Ruination|p1a: Alomomola\n|-damage|p1a: Alomomola|50\/100\n|\n|-weather|none\n|-heal|p1a: Alomomola|57\/100|[from] item: Leftovers\n|upkeep\n|turn|9\n|c|\u2606NightwalkerYt|fucking moose\n|c|\u2606Hacker tumbleweed|guess what it hass\n|\n|t:|1700062712\n|move|p1a: Alomomola|Wish|p1a: Alomomola\n|move|p2a: Ting-Lu|Mud-Slap|p1a: Alomomola\n|-damage|p1a: Alomomola|52\/100\n|-unboost|p1a: Alomomola|accuracy|1\n|\n|-heal|p1a: Alomomola|58\/100|[from] item: Leftovers\n|upkeep\n|turn|10\n|\n|t:|1700062727\n|switch|p2a: Glimmora|Glimmora, F|100\/100\n|move|p1a: Alomomola|Protect||[still]\n|-fail|p1a: Alomomola\n|\n|-heal|p1a: Alomomola|100\/100|[from] move: Wish|[wisher] Alomomola\n|upkeep\n|turn|11\n|c|\u2606NightwalkerYt|I hate you\n|c|\u2606Hacker tumbleweed|;)\n|\n|t:|1700062742\n|move|p2a: Glimmora|Mortal Spin|p1a: Alomomola\n|-damage|p1a: Alomomola|97\/100\n|-status|p1a: Alomomola|psn\n|move|p1a: Alomomola|Wish|p1a: Alomomola\n|\n|-heal|p1a: Alomomola|100\/100 psn|[from] item: Leftovers\n|-damage|p1a: Alomomola|88\/100 psn|[from] psn\n|upkeep\n|turn|12\n|\n|t:|1700062751\n|switch|p2a: Ninetales|Ninetales-Alola, F|100\/100\n|-weather|Snow|[from] ability: Snow Warning|[of] p2a: Ninetales\n|switch|p1a: Scizor|Scizor, M|7\/100\n|\n|-weather|Snow|[upkeep]\n|-heal|p1a: Scizor|85\/100|[from] move: Wish|[wisher] Alomomola\n|upkeep\n|turn|13\n|\n|t:|1700062766\n|switch|p2a: Ting-Lu|Ting-Lu|83\/100\n|-ability|p2a: Ting-Lu|Vessel of Ruin\n|switch|p1a: Pelipper|Pelipper, M|100\/100\n|-weather|RainDance|[from] ability: Drizzle|[of] p1a: Pelipper\n|\n|-weather|RainDance|[upkeep]\n|upkeep\n|turn|14\n|\n|t:|1700062777\n|switch|p2a: Kingambit|Kingambit, M|100\/100\n|move|p1a: Pelipper|Hydro Pump|p2a: Kingambit\n|-damage|p2a: Kingambit|48\/100\n|\n|-weather|RainDance|[upkeep]\n|upkeep\n|turn|15\n|\n|t:|1700062785\n|move|p2a: Kingambit|Sucker Punch|p1a: Pelipper\n|-damage|p1a: Pelipper|66\/100\n|move|p1a: Pelipper|Hydro Pump|p2a: Kingambit\n|-damage|p2a: Kingambit|0 fnt\n|faint|p2a: Kingambit\n|-end|p2a: Kingambit|fallenundefined|[silent]\n|\n|-weather|RainDance|[upkeep]\n|upkeep\n|\n|t:|1700062794\n|switch|p2a: Ninetales|Ninetales-Alola, F|100\/100\n|-weather|Snow|[from] ability: Snow Warning|[of] p2a: Ninetales\n|turn|16\n|\n|t:|1700062812\n|switch|p1a: Alomomola|Alomomola, F|100\/100 psn\n|move|p2a: Ninetales|Aurora Veil|p2a: Ninetales\n|-sidestart|p2: Hacker tumbleweed|move: Aurora Veil\n|\n|-weather|Snow|[upkeep]\n|-damage|p1a: Alomomola|88\/100 psn|[from] psn\n|upkeep\n|turn|17\n|\n|t:|1700062825\n|switch|p2a: Iron Hands|Iron Hands|49\/100\n|move|p1a: Alomomola|Wish|p1a: Alomomola\n|\n|-weather|Snow|[upkeep]\n|-heal|p1a: Alomomola|94\/100 psn|[from] item: Leftovers\n|-damage|p1a: Alomomola|82\/100 psn|[from] psn\n|upkeep\n|turn|18\n|\n|t:|1700062833\n|switch|p1a: Scizor|Scizor, M|85\/100\n|move|p2a: Iron Hands|Drain Punch|p1a: Scizor\n|-damage|p1a: Scizor|45\/100\n|-heal|p2a: Iron Hands|63\/100|[from] drain|[of] p1a: Scizor\n|\n|-weather|Snow|[upkeep]\n|-heal|p1a: Scizor|100\/100|[from] move: Wish|[wisher] Alomomola\n|upkeep\n|turn|19\n|\n|t:|1700062847\n|switch|p1a: Pelipper|Pelipper, M|66\/100\n|-weather|RainDance|[from] ability: Drizzle|[of] p1a: Pelipper\n|move|p2a: Iron Hands|Fake Out||[still]\n|-hint|Fake Out only works on your first turn out.\n|-fail|p2a: Iron Hands\n|\n|-weather|RainDance|[upkeep]\n|upkeep\n|turn|20\n|\n|t:|1700062855\n|move|p1a: Pelipper|U-turn|p2a: Iron Hands\n|-resisted|p2a: Iron Hands\n|-damage|p2a: Iron Hands|62\/100\n|\n|t:|1700062859\n|switch|p1a: Zapdos|Zapdos|77\/100|[from] U-turn\n|move|p2a: Iron Hands|Volt Switch|p1a: Zapdos\n|-damage|p1a: Zapdos|63\/100\n|\n|t:|1700062871\n|-end|p2a: Iron Hands|Quark Drive|[silent]\n|switch|p2a: Glimmora|Glimmora, F|100\/100|[from] Volt Switch\n|\n|-weather|RainDance|[upkeep]\n|upkeep\n|turn|21\n|\n|t:|1700062879\n|switch|p1a: Scizor|Scizor, M|100\/100\n|move|p2a: Glimmora|Mortal Spin|p1a: Scizor\n|-immune|p1a: Scizor\n|\n|-weather|RainDance|[upkeep]\n|upkeep\n|turn|22\n|\n|t:|1700062896\n|switch|p2a: Ting-Lu|Ting-Lu|83\/100\n|-ability|p2a: Ting-Lu|Vessel of Ruin\n|move|p1a: Scizor|Swords Dance|p1a: Scizor\n|-boost|p1a: Scizor|atk|2\n|\n|-weather|RainDance|[upkeep]\n|upkeep\n|turn|23\n|c|\u2606Hacker tumbleweed|do it\n|\n|t:|1700062928\n|move|p1a: Scizor|Close Combat|p2a: Ting-Lu\n|-supereffective|p2a: Ting-Lu\n|-damage|p2a: Ting-Lu|34\/100\n|-unboost|p1a: Scizor|def|1\n|-unboost|p1a: Scizor|spd|1\n|move|p2a: Ting-Lu|Mud-Slap|p1a: Scizor\n|-damage|p1a: Scizor|94\/100\n|-unboost|p1a: Scizor|accuracy|1\n|\n|-weather|RainDance|[upkeep]\n|-sideend|p2: Hacker tumbleweed|move: Aurora Veil\n|upkeep\n|turn|24\n|\n|t:|1700062941\n|move|p1a: Scizor|Close Combat|p2a: Ting-Lu\n|-supereffective|p2a: Ting-Lu\n|-damage|p2a: Ting-Lu|0 fnt\n|-unboost|p1a: Scizor|def|1\n|-unboost|p1a: Scizor|spd|1\n|faint|p2a: Ting-Lu\n|\n|-weather|RainDance|[upkeep]\n|upkeep\n|\n|t:|1700062947\n|switch|p2a: Iron Hands|Iron Hands|62\/100\n|turn|25\n|c|\u2606NightwalkerYt|die moose\n|\n|t:|1700062954\n|switch|p1a: Zapdos|Zapdos|63\/100\n|move|p2a: Iron Hands|Drain Punch|p1a: Zapdos\n|-resisted|p1a: Zapdos\n|-damage|p1a: Zapdos|39\/100\n|-heal|p2a: Iron Hands|70\/100|[from] drain|[of] p1a: Zapdos\n|\n|-weather|RainDance|[upkeep]\n|upkeep\n|turn|26\n|\n|t:|1700062965\n|move|p2a: Iron Hands|Fake Out||[still]\n|-hint|Fake Out only works on your first turn out.\n|-fail|p2a: Iron Hands\n|move|p1a: Zapdos|Hurricane|p2a: Iron Hands\n|-damage|p2a: Iron Hands|41\/100\n|\n|-weather|none\n|upkeep\n|turn|27\n|\n|t:|1700062974\n|move|p1a: Zapdos|Volt Switch|p2a: Iron Hands\n|-resisted|p2a: Iron Hands\n|-damage|p2a: Iron Hands|32\/100\n|\n|t:|1700062982\n|switch|p1a: Pelipper|Pelipper, M|66\/100|[from] Volt Switch\n|-weather|RainDance|[from] ability: Drizzle|[of] p1a: Pelipper\n|move|p2a: Iron Hands|Drain Punch|p1a: Pelipper\n|-resisted|p1a: Pelipper\n|-damage|p1a: Pelipper|46\/100\n|-heal|p2a: Iron Hands|38\/100|[from] drain|[of] p1a: Pelipper\n|\n|-weather|RainDance|[upkeep]\n|upkeep\n|turn|28\n|\n|t:|1700062996\n|-end|p2a: Iron Hands|Quark Drive|[silent]\n|switch|p2a: Ninetales|Ninetales-Alola, F|100\/100\n|-weather|Snow|[from] ability: Snow Warning|[of] p2a: Ninetales\n|move|p1a: Pelipper|U-turn|p2a: Ninetales\n|-resisted|p2a: Ninetales\n|-damage|p2a: Ninetales|96\/100\n|\n|t:|1700063008\n|switch|p1a: Scizor|Scizor, M|94\/100|[from] U-turn\n|\n|-weather|Snow|[upkeep]\n|upkeep\n|turn|29\n|\n|t:|1700063015\n|move|p1a: Scizor|Bullet Punch|p2a: Ninetales\n|-supereffective|p2a: Ninetales\n|-damage|p2a: Ninetales|0 fnt\n|faint|p2a: Ninetales\n|\n|-weather|Snow|[upkeep]\n|upkeep\n|\n|t:|1700063018\n|switch|p2a: Ogerpon|Ogerpon, F|100\/100\n|turn|30\n|\n|t:|1700063022\n|switch|p1a: Pelipper|Pelipper, M|46\/100\n|-weather|RainDance|[from] ability: Drizzle|[of] p1a: Pelipper\n|move|p2a: Ogerpon|Knock Off|p1a: Pelipper\n|-damage|p1a: Pelipper|14\/100\n|-enditem|p1a: Pelipper|Damp Rock|[from] move: Knock Off|[of] p2a: Ogerpon\n|\n|-weather|RainDance|[upkeep]\n|upkeep\n|turn|31\n|\n|t:|1700063033\n|switch|p1a: Zapdos|Zapdos|39\/100\n|move|p2a: Ogerpon|Horn Leech|p1a: Zapdos\n|-resisted|p1a: Zapdos\n|-damage|p1a: Zapdos|18\/100\n|\n|-weather|RainDance|[upkeep]\n|upkeep\n|turn|32\n|\n|t:|1700063040\n|move|p1a: Zapdos|Hurricane|p2a: Ogerpon\n|-supereffective|p2a: Ogerpon\n|-damage|p2a: Ogerpon|0 fnt\n|faint|p2a: Ogerpon\n|\n|-weather|RainDance|[upkeep]\n|upkeep\n|\n|t:|1700063043\n|switch|p2a: Iron Hands|Iron Hands|38\/100\n|turn|33\n|\n|t:|1700063054\n|switch|p1a: Alomomola|Alomomola, F|100\/100 psn\n|move|p2a: Iron Hands|Fake Out|p1a: Alomomola\n|-damage|p1a: Alomomola|92\/100 psn\n|\n|-weather|RainDance|[upkeep]\n|-heal|p1a: Alomomola|99\/100 psn|[from] item: Leftovers\n|-damage|p1a: Alomomola|86\/100 psn|[from] psn\n|upkeep\n|turn|34\n|\n|t:|1700063062\n|move|p1a: Alomomola|Wish|p1a: Alomomola\n|move|p2a: Iron Hands|Drain Punch|p1a: Alomomola\n|-damage|p1a: Alomomola|68\/100 psn\n|-heal|p2a: Iron Hands|49\/100|[from] drain|[of] p1a: Alomomola\n|\n|-weather|RainDance|[upkeep]\n|-heal|p1a: Alomomola|74\/100 psn|[from] item: Leftovers\n|-damage|p1a: Alomomola|61\/100 psn|[from] psn\n|upkeep\n|turn|35\n|\n|t:|1700063073\n|switch|p1a: Scizor|Scizor, M|94\/100\n|move|p2a: Iron Hands|Drain Punch|p1a: Scizor\n|-damage|p1a: Scizor|56\/100\n|-heal|p2a: Iron Hands|62\/100|[from] drain|[of] p1a: Scizor\n|\n|-weather|RainDance|[upkeep]\n|-heal|p1a: Scizor|100\/100|[from] move: Wish|[wisher] Alomomola\n|upkeep\n|turn|36\n|\n|t:|1700063085\n|move|p1a: Scizor|Swords Dance|p1a: Scizor\n|-boost|p1a: Scizor|atk|2\n|move|p2a: Iron Hands|Body Press|p1a: Scizor\n|-damage|p1a: Scizor|69\/100\n|\n|-weather|RainDance|[upkeep]\n|upkeep\n|turn|37\n|\n|t:|1700063094\n|move|p1a: Scizor|Swords Dance|p1a: Scizor\n|-boost|p1a: Scizor|atk|2\n|move|p2a: Iron Hands|Body Press|p1a: Scizor\n|-damage|p1a: Scizor|39\/100\n|\n|-weather|none\n|upkeep\n|turn|38\n|\n|t:|1700063101\n|move|p1a: Scizor|Close Combat|p2a: Iron Hands\n|-damage|p2a: Iron Hands|0 fnt\n|-unboost|p1a: Scizor|def|1\n|-unboost|p1a: Scizor|spd|1\n|faint|p2a: Iron Hands\n|-end|p2a: Iron Hands|Quark Drive|[silent]\n|\n|upkeep\n|\n|t:|1700063108\n|switch|p2a: Glimmora|Glimmora, F|100\/100\n|turn|39\n|c|\u2606Hacker tumbleweed|gg\n|c|\u2606NightwalkerYt|GG\n|\n|t:|1700063114\n|move|p1a: Scizor|Bullet Punch|p2a: Glimmora\n|-supereffective|p2a: Glimmora\n|-damage|p2a: Glimmora|0 fnt\n|-activate|p2a: Glimmora|ability: Toxic Debris\n|-sidestart|p1: NightwalkerYt|move: Toxic Spikes\n|faint|p2a: Glimmora\n|\n|win|NightwalkerYt\n|c|\u2606NightwalkerYt|What you think of my team?\n|c|\u2606Hacker tumbleweed|looks good\n|l|\u2606Hacker tumbleweed\n","uploadtime":1700063171,"views":9,"p1id":"nightwalkeryt","p2id":"hackertumbleweed","formatid":"gen9ou","rating":0,"private":0,"password":""}