{"id":"gen9ou-1995717097","p1":"IronNess","p2":"orlandont","format":"[Gen 9] OU","log":"|j|\u2606IronNess\n|j|\u2606orlandont\n|t:|1700596611\n|gametype|singles\n|player|p1|IronNess|169|1272\n|player|p2|orlandont|265|1319\n|teamsize|p1|6\n|teamsize|p2|6\n|gen|9\n|tier|[Gen 9] OU\n|rated|\n|rule|Sleep Clause Mod: Limit one foe put to sleep\n|rule|Species Clause: Limit one of each Pok\u00e9mon\n|rule|OHKO Clause: OHKO moves are banned\n|rule|Evasion Items Clause: Evasion items are banned\n|rule|Evasion Moves Clause: Evasion moves are banned\n|rule|Endless Battle Clause: Forcing endless battles is banned\n|rule|HP Percentage Mod: HP is shown in percentages\n|clearpoke\n|poke|p1|Kommo-o, F|\n|poke|p1|Ninetales-Alola, F|\n|poke|p1|Gholdengo|\n|poke|p1|Talonflame, M|\n|poke|p1|Ursaluna, F|\n|poke|p1|Greninja-*, M|\n|poke|p2|Ting-Lu|\n|poke|p2|Walking Wake|\n|poke|p2|Slowking-Galar, M|\n|poke|p2|Iron Hands|\n|poke|p2|Zapdos|\n|poke|p2|Cinderace, M|\n|teampreview\n|inactive|Battle timer is ON: inactive players will automatically lose when time's up. (requested by orlandont)\n|\n|t:|1700596625\n|start\n|switch|p1a: Greninja|Greninja, M|100\/100\n|switch|p2a: Cinderace|Cinderace, M|100\/100\n|turn|1\n|\n|t:|1700596643\n|switch|p2a: Iron Hands|Iron Hands|100\/100\n|move|p1a: Greninja|U-turn|p2a: Iron Hands\n|-start|p1a: Greninja|typechange|Bug|[from] ability: Protean\n|-resisted|p2a: Iron Hands\n|-damage|p2a: Iron Hands|88\/100\n|-damage|p1a: Greninja|91\/100|[from] item: Life Orb\n|inactive|IronNess has 120 seconds left.\n|\n|t:|1700596667\n|switch|p1a: Talonflame|Talonflame, M|100\/100|[from] U-turn\n|\n|upkeep\n|turn|2\n|\n|t:|1700596677\n|move|p1a: Talonflame|Will-O-Wisp|p2a: Iron Hands\n|-status|p2a: Iron Hands|brn\n|move|p2a: Iron Hands|Thunder Punch|p1a: Talonflame\n|-supereffective|p1a: Talonflame\n|-damage|p1a: Talonflame|60\/100\n|\n|-damage|p2a: Iron Hands|82\/100 brn|[from] brn\n|upkeep\n|turn|3\n|inactive|IronNess has 120 seconds left.\n|\n|t:|1700596693\n|move|p1a: Talonflame|Roost|p1a: Talonflame\n|-heal|p1a: Talonflame|100\/100\n|-singleturn|p1a: Talonflame|move: Roost\n|move|p2a: Iron Hands|Thunder Punch|p1a: Talonflame\n|-damage|p1a: Talonflame|84\/100\n|\n|-damage|p2a: Iron Hands|75\/100 brn|[from] brn\n|upkeep\n|turn|4\n|\n|t:|1700596703\n|switch|p1a: Ninetales|Ninetales-Alola, F|100\/100\n|-weather|Snow|[from] ability: Snow Warning|[of] p1a: Ninetales\n|-end|p2a: Iron Hands|Quark Drive|[silent]\n|switch|p2a: Slowking|Slowking-Galar, M|100\/100\n|\n|-weather|Snow|[upkeep]\n|upkeep\n|turn|5\n|\n|t:|1700596715\n|move|p1a: Ninetales|Aurora Veil|p1a: Ninetales\n|-sidestart|p1: IronNess|move: Aurora Veil\n|move|p2a: Slowking|Calm Mind|p2a: Slowking\n|-boost|p2a: Slowking|spa|1\n|-boost|p2a: Slowking|spd|1\n|\n|-weather|Snow|[upkeep]\n|upkeep\n|turn|6\n|\n|t:|1700596722\n|move|p1a: Ninetales|Encore|p2a: Slowking\n|-start|p2a: Slowking|Encore\n|move|p2a: Slowking|Calm Mind|p2a: Slowking\n|-boost|p2a: Slowking|spa|1\n|-boost|p2a: Slowking|spd|1\n|\n|-weather|Snow|[upkeep]\n|upkeep\n|turn|7\n|\n|t:|1700596731\n|switch|p2a: Iron Hands|Iron Hands|75\/100 brn\n|move|p1a: Ninetales|Freeze-Dry|p2a: Iron Hands\n|-damage|p2a: Iron Hands|64\/100 brn\n|\n|-weather|Snow|[upkeep]\n|-damage|p2a: Iron Hands|58\/100 brn|[from] brn\n|upkeep\n|turn|8\n|\n|t:|1700596750\n|move|p1a: Ninetales|Moonblast|p2a: Iron Hands\n|-supereffective|p2a: Iron Hands\n|-damage|p2a: Iron Hands|22\/100 brn\n|move|p2a: Iron Hands|Drain Punch|p1a: Ninetales\n|-damage|p1a: Ninetales|92\/100\n|-heal|p2a: Iron Hands|26\/100 brn|[from] drain|[of] p1a: Ninetales\n|\n|-weather|none\n|-damage|p2a: Iron Hands|19\/100 brn|[from] brn\n|upkeep\n|turn|9\n|\n|t:|1700596762\n|move|p1a: Ninetales|Moonblast|p2a: Iron Hands\n|-supereffective|p2a: Iron Hands\n|-damage|p2a: Iron Hands|0 fnt\n|faint|p2a: Iron Hands\n|-end|p2a: Iron Hands|Quark Drive|[silent]\n|\n|upkeep\n|\n|t:|1700596770\n|switch|p2a: Cinderace|Cinderace, M|100\/100\n|turn|10\n|\n|t:|1700596776\n|switch|p1a: Talonflame|Talonflame, M|84\/100\n|move|p2a: Cinderace|Court Change|p2a: Cinderace\n|-start|p2a: Cinderace|typechange|Normal|[from] ability: Libero\n|-swapsideconditions\n|-activate|p2a: Cinderace|move: Court Change\n|\n|upkeep\n|turn|11\n|\n|t:|1700596788\n|switch|p2a: Slowking|Slowking-Galar, M|100\/100\n|move|p1a: Talonflame|Brave Bird|p2a: Slowking\n|-damage|p2a: Slowking|82\/100\n|-damage|p1a: Talonflame|77\/100|[from] Recoil\n|\n|-heal|p2a: Slowking|88\/100|[from] item: Black Sludge\n|upkeep\n|turn|12\n|\n|t:|1700596801\n|switch|p1a: Ninetales|Ninetales-Alola, F|92\/100\n|-weather|Snow|[from] ability: Snow Warning|[of] p1a: Ninetales\n|move|p2a: Slowking|Calm Mind|p2a: Slowking\n|-boost|p2a: Slowking|spa|1\n|-boost|p2a: Slowking|spd|1\n|\n|-weather|Snow|[upkeep]\n|-heal|p2a: Slowking|94\/100|[from] item: Black Sludge\n|-sideend|p2: orlandont|move: Aurora Veil\n|upkeep\n|turn|13\n|\n|t:|1700596811\n|move|p1a: Ninetales|Aurora Veil|p1a: Ninetales\n|-sidestart|p1: IronNess|move: Aurora Veil\n|move|p2a: Slowking|Sludge Bomb|p1a: Ninetales\n|-supereffective|p1a: Ninetales\n|-damage|p1a: Ninetales|24\/100\n|-status|p1a: Ninetales|psn\n|\n|-weather|Snow|[upkeep]\n|-heal|p2a: Slowking|100\/100|[from] item: Black Sludge\n|-damage|p1a: Ninetales|11\/100 psn|[from] psn\n|upkeep\n|turn|14\n|\n|t:|1700596820\n|move|p1a: Ninetales|Encore|p2a: Slowking\n|-start|p2a: Slowking|Encore\n|move|p2a: Slowking|Sludge Bomb|p1a: Ninetales\n|-supereffective|p1a: Ninetales\n|-crit|p1a: Ninetales\n|-damage|p1a: Ninetales|0 fnt\n|faint|p1a: Ninetales\n|\n|-weather|Snow|[upkeep]\n|upkeep\n|\n|t:|1700596829\n|switch|p1a: Gholdengo|Gholdengo|100\/100\n|turn|15\n|\n|t:|1700596837\n|switch|p2a: Ting-Lu|Ting-Lu|100\/100\n|-ability|p2a: Ting-Lu|Vessel of Ruin\n|move|p1a: Gholdengo|Nasty Plot|p1a: Gholdengo\n|-boost|p1a: Gholdengo|spa|2\n|\n|-weather|Snow|[upkeep]\n|upkeep\n|turn|16\n|\n|t:|1700596850\n|move|p1a: Gholdengo|Nasty Plot|p1a: Gholdengo\n|-boost|p1a: Gholdengo|spa|2\n|move|p2a: Ting-Lu|Throat Chop|p1a: Gholdengo\n|-supereffective|p1a: Gholdengo\n|-damage|p1a: Gholdengo|61\/100\n|-start|p1a: Gholdengo|Throat Chop|[silent]\n|\n|-weather|none\n|-heal|p1a: Gholdengo|67\/100|[from] item: Leftovers\n|upkeep\n|turn|17\n|\n|t:|1700596867\n|move|p1a: Gholdengo|Make It Rain|p2a: Ting-Lu\n|-damage|p2a: Ting-Lu|0 fnt\n|-unboost|p1a: Gholdengo|spa|1\n|faint|p2a: Ting-Lu\n|\n|-heal|p1a: Gholdengo|73\/100|[from] item: Leftovers\n|-end|p1a: Gholdengo|Throat Chop|[silent]\n|upkeep\n|\n|t:|1700596875\n|switch|p2a: Cinderace|Cinderace, M|100\/100\n|turn|18\n|\n|t:|1700596887\n|-terastallize|p1a: Gholdengo|Flying\n|move|p2a: Cinderace|Court Change|p2a: Cinderace\n|-start|p2a: Cinderace|typechange|Normal|[from] ability: Libero\n|-swapsideconditions\n|-activate|p2a: Cinderace|move: Court Change\n|move|p1a: Gholdengo|Shadow Ball|p2a: Cinderace\n|-immune|p2a: Cinderace\n|\n|-heal|p1a: Gholdengo|79\/100|[from] item: Leftovers\n|upkeep\n|turn|19\n|\n|t:|1700596898\n|move|p2a: Cinderace|Pyro Ball|p1a: Gholdengo\n|-damage|p1a: Gholdengo|40\/100\n|move|p1a: Gholdengo|Make It Rain|p2a: Cinderace\n|-damage|p2a: Cinderace|4\/100\n|-unboost|p1a: Gholdengo|spa|1\n|\n|-heal|p1a: Gholdengo|47\/100|[from] item: Leftovers\n|upkeep\n|turn|20\n|\n|t:|1700596908\n|move|p2a: Cinderace|Pyro Ball|p1a: Gholdengo\n|-damage|p1a: Gholdengo|13\/100\n|move|p1a: Gholdengo|Recover|p1a: Gholdengo\n|-heal|p1a: Gholdengo|63\/100\n|\n|-heal|p1a: Gholdengo|69\/100|[from] item: Leftovers\n|-sideend|p2: orlandont|move: Aurora Veil\n|upkeep\n|turn|21\n|\n|t:|1700596935\n|move|p2a: Cinderace|Pyro Ball|p1a: Gholdengo|[miss]\n|-miss|p2a: Cinderace|p1a: Gholdengo\n|move|p1a: Gholdengo|Recover|p1a: Gholdengo\n|-heal|p1a: Gholdengo|100\/100\n|\n|upkeep\n|turn|22\n|inactive|orlandont has 120 seconds left.\n|\n|t:|1700596954\n|move|p2a: Cinderace|Pyro Ball|p1a: Gholdengo\n|-damage|p1a: Gholdengo|64\/100\n|move|p1a: Gholdengo|Make It Rain|p2a: Cinderace\n|-damage|p2a: Cinderace|0 fnt\n|-unboost|p1a: Gholdengo|spa|1\n|faint|p2a: Cinderace\n|\n|-heal|p1a: Gholdengo|70\/100|[from] item: Leftovers\n|upkeep\n|\n|t:|1700596956\n|switch|p2a: Zapdos|Zapdos|100\/100\n|turn|23\n|\n|t:|1700596969\n|switch|p1a: Ursaluna|Ursaluna, F|100\/100\n|move|p2a: Zapdos|Hurricane|p1a: Ursaluna\n|-crit|p1a: Ursaluna\n|-damage|p1a: Ursaluna|49\/100\n|\n|-status|p1a: Ursaluna|brn|[from] item: Flame Orb\n|upkeep\n|turn|24\n|\n|t:|1700596980\n|move|p2a: Zapdos|Hurricane|p1a: Ursaluna\n|-damage|p1a: Ursaluna|14\/100 brn\n|move|p1a: Ursaluna|Rock Tomb|p2a: Zapdos\n|-supereffective|p2a: Zapdos\n|-damage|p2a: Zapdos|38\/100\n|-unboost|p2a: Zapdos|spe|1\n|\n|-heal|p2a: Zapdos|44\/100|[from] item: Leftovers\n|-damage|p1a: Ursaluna|8\/100 brn|[from] brn\n|upkeep\n|turn|25\n|\n|t:|1700596991\n|move|p2a: Zapdos|Heat Wave|p1a: Ursaluna|[miss]\n|-miss|p2a: Zapdos|p1a: Ursaluna\n|move|p1a: Ursaluna|Facade|p2a: Zapdos\n|-damage|p2a: Zapdos|0 fnt\n|faint|p2a: Zapdos\n|\n|-damage|p1a: Ursaluna|2\/100 brn|[from] brn\n|upkeep\n|\n|t:|1700597003\n|switch|p2a: Walking Wake|Walking Wake|100\/100\n|turn|26\n|\n|t:|1700597011\n|move|p2a: Walking Wake|Dragon Pulse|p1a: Ursaluna\n|-damage|p1a: Ursaluna|0 fnt\n|faint|p1a: Ursaluna\n|-damage|p2a: Walking Wake|91\/100|[from] item: Life Orb\n|\n|upkeep\n|\n|t:|1700597021\n|switch|p1a: Gholdengo|Gholdengo, tera:Flying|70\/100\n|turn|27\n|\n|t:|1700597031\n|-end|p2a: Walking Wake|Protosynthesis|[silent]\n|switch|p2a: Slowking|Slowking-Galar, M|100\/100\n|move|p1a: Gholdengo|Recover|p1a: Gholdengo\n|-heal|p1a: Gholdengo|100\/100\n|\n|upkeep\n|turn|28\n|\n|t:|1700597040\n|move|p1a: Gholdengo|Nasty Plot|p1a: Gholdengo\n|-boost|p1a: Gholdengo|spa|2\n|move|p2a: Slowking|Sludge Bomb|p1a: Gholdengo\n|-damage|p1a: Gholdengo|61\/100\n|\n|-heal|p1a: Gholdengo|67\/100|[from] item: Leftovers\n|upkeep\n|turn|29\n|\n|t:|1700597050\n|move|p1a: Gholdengo|Shadow Ball|p2a: Slowking\n|-supereffective|p2a: Slowking\n|-damage|p2a: Slowking|0 fnt\n|faint|p2a: Slowking\n|\n|-heal|p1a: Gholdengo|73\/100|[from] item: Leftovers\n|upkeep\n|\n|t:|1700597059\n|switch|p2a: Walking Wake|Walking Wake|91\/100\n|turn|30\n|\n|t:|1700597064\n|-terastallize|p2a: Walking Wake|Water\n|move|p2a: Walking Wake|Hydro Steam|p1a: Gholdengo\n|-damage|p1a: Gholdengo|16\/100\n|-damage|p2a: Walking Wake|81\/100|[from] item: Life Orb\n|move|p1a: Gholdengo|Shadow Ball|p2a: Walking Wake\n|-damage|p2a: Walking Wake|0 fnt\n|faint|p2a: Walking Wake\n|-end|p2a: Walking Wake|Protosynthesis|[silent]\n|\n|win|IronNess\n|raw|IronNess's rating: 1272 &rarr; <strong>1302<\/strong><br \/>(+30 for winning)\n|raw|orlandont's rating: 1341 &rarr; <strong>1317<\/strong><br \/>(-24 for losing)\n|c|\u2606orlandont|gg\n|c|\u2606orlandont|wp\n|l|\u2606orlandont\n|c|\u2606IronNess|gg\n","uploadtime":1700598077,"views":8,"p1id":"ironness","p2id":"orlandont","formatid":"gen9ou","rating":1302,"private":0,"password":""}