{"id":"gen9ou-1999578887","p1":"Ace 999999999","p2":"Slo Overdose","format":"[Gen 9] OU","log":"|j|\u2606Ace 999999999\n|j|\u2606Slo Overdose\n|t:|1701098028\n|gametype|singles\n|player|p1|Ace 999999999|nate|1442\n|player|p2|Slo Overdose|anabel|1444\n|teamsize|p1|6\n|teamsize|p2|6\n|gen|9\n|tier|[Gen 9] OU\n|rated|\n|rule|Sleep Clause Mod: Limit one foe put to sleep\n|rule|Species Clause: Limit one of each Pok\u00e9mon\n|rule|OHKO Clause: OHKO moves are banned\n|rule|Evasion Items Clause: Evasion items are banned\n|rule|Evasion Moves Clause: Evasion moves are banned\n|rule|Endless Battle Clause: Forcing endless battles is banned\n|rule|HP Percentage Mod: HP is shown in percentages\n|clearpoke\n|poke|p1|Ting-Lu|\n|poke|p1|Rillaboom, F|\n|poke|p1|Samurott-Hisui, M|\n|poke|p1|Great Tusk|\n|poke|p1|Gholdengo|\n|poke|p1|Cinderace, M|\n|poke|p2|Clefable, M|\n|poke|p2|Heatran, M|\n|poke|p2|Conkeldurr, M|\n|poke|p2|Azelf|\n|poke|p2|Rillaboom, M|\n|poke|p2|Dragapult, F|\n|teampreview\n|inactive|Battle timer is ON: inactive players will automatically lose when time's up. (requested by Slo Overdose)\n|\n|t:|1701098045\n|start\n|switch|p1a: Samurott|Samurott-Hisui, M|100\/100\n|switch|p2a: Azelf|Azelf|100\/100\n|turn|1\n|\n|t:|1701098054\n|move|p1a: Samurott|Ceaseless Edge|p2a: Azelf\n|-supereffective|p2a: Azelf\n|-enditem|p2a: Azelf|Focus Sash\n|-damage|p2a: Azelf|1\/100\n|-sidestart|p2: Slo Overdose|Spikes\n|move|p2a: Azelf|Explosion|p1a: Samurott\n|-damage|p1a: Samurott|13\/100\n|faint|p2a: Azelf\n|\n|upkeep\n|\n|t:|1701098067\n|switch|p2a: Clefable|Clefable, M|100\/100\n|turn|2\n|inactive|Ace 999999999 has 120 seconds left.\n|l|\u2606Ace 999999999\n|inactive|Ace 999999999 disconnected and has a minute to reconnect!\n|player|p1|\n|inactive|Ace 999999999 has 30 seconds to reconnect!\n|j|\u2606Ace 999999999\n|inactive|Ace 999999999 reconnected and has 80 seconds left.\n|player|p1|Ace 999999999|nate\n|\n|t:|1701098143\n|switch|p1a: Gholdengo|Gholdengo|100\/100\n|move|p2a: Clefable|Charge Beam|p1a: Gholdengo\n|-damage|p1a: Gholdengo|90\/100\n|-boost|p2a: Clefable|spa|1\n|\n|-heal|p1a: Gholdengo|97\/100|[from] item: Leftovers\n|upkeep\n|turn|3\n|\n|t:|1701098150\n|switch|p2a: Heatran|Heatran, M|100\/100\n|-damage|p2a: Heatran|88\/100|[from] Spikes\n|move|p1a: Gholdengo|Make It Rain|p2a: Heatran\n|-resisted|p2a: Heatran\n|-damage|p2a: Heatran|75\/100\n|-unboost|p1a: Gholdengo|spa|1\n|\n|-heal|p2a: Heatran|81\/100|[from] item: Leftovers\n|-heal|p1a: Gholdengo|100\/100|[from] item: Leftovers\n|upkeep\n|turn|4\n|\n|t:|1701098159\n|switch|p1a: Samurott|Samurott-Hisui, M|13\/100\n|move|p2a: Heatran|Substitute|p2a: Heatran\n|-start|p2a: Heatran|Substitute\n|-damage|p2a: Heatran|56\/100\n|\n|-heal|p2a: Heatran|62\/100|[from] item: Leftovers\n|upkeep\n|turn|5\n|inactive|Ace 999999999 has 90 seconds left.\n|\n|t:|1701098166\n|move|p1a: Samurott|Ceaseless Edge|p2a: Heatran\n|-end|p2a: Heatran|Substitute\n|-sidestart|p2: Slo Overdose|Spikes\n|move|p2a: Heatran|Earth Power|p1a: Samurott\n|-damage|p1a: Samurott|0 fnt\n|faint|p1a: Samurott\n|\n|-heal|p2a: Heatran|69\/100|[from] item: Leftovers\n|upkeep\n|inactive|Ace 999999999 has 90 seconds left.\n|\n|t:|1701098172\n|switch|p1a: Great Tusk|Great Tusk|100\/100\n|turn|6\n|\n|t:|1701098175\n|switch|p2a: Rillaboom|Rillaboom, M|100\/100\n|-damage|p2a: Rillaboom|84\/100|[from] Spikes\n|-fieldstart|move: Grassy Terrain|[from] ability: Grassy Surge|[of] p2a: Rillaboom\n|move|p1a: Great Tusk|Close Combat|p2a: Rillaboom\n|-damage|p2a: Rillaboom|30\/100\n|-unboost|p1a: Great Tusk|def|1\n|-unboost|p1a: Great Tusk|spd|1\n|\n|-heal|p2a: Rillaboom|36\/100|[from] Grassy Terrain\n|upkeep\n|turn|7\n|\n|t:|1701098183\n|-end|p1a: Great Tusk|Protosynthesis|[silent]\n|switch|p1a: Gholdengo|Gholdengo|100\/100\n|move|p2a: Rillaboom|Knock Off|p1a: Gholdengo\n|-supereffective|p1a: Gholdengo\n|-damage|p1a: Gholdengo|16\/100\n|-enditem|p1a: Gholdengo|Leftovers|[from] move: Knock Off|[of] p2a: Rillaboom\n|\n|-heal|p2a: Rillaboom|42\/100|[from] Grassy Terrain\n|-heal|p1a: Gholdengo|22\/100|[from] Grassy Terrain\n|upkeep\n|turn|8\n|\n|t:|1701098194\n|switch|p2a: Heatran|Heatran, M|69\/100\n|-damage|p2a: Heatran|52\/100|[from] Spikes\n|move|p1a: Gholdengo|Shadow Ball|p2a: Heatran\n|-damage|p2a: Heatran|18\/100\n|\n|-heal|p2a: Heatran|24\/100|[from] Grassy Terrain\n|-heal|p2a: Heatran|31\/100|[from] item: Leftovers\n|-heal|p1a: Gholdengo|28\/100|[from] Grassy Terrain\n|upkeep\n|turn|9\n|inactive|Ace 999999999 has 120 seconds left.\n|\n|t:|1701098202\n|move|p2a: Heatran|Protect|p2a: Heatran\n|-singleturn|p2a: Heatran|Protect\n|move|p1a: Gholdengo|Shadow Ball|p2a: Heatran\n|-activate|p2a: Heatran|move: Protect\n|\n|-heal|p2a: Heatran|37\/100|[from] Grassy Terrain\n|-heal|p2a: Heatran|43\/100|[from] item: Leftovers\n|-heal|p1a: Gholdengo|34\/100|[from] Grassy Terrain\n|upkeep\n|turn|10\n|inactive|Ace 999999999 has 120 seconds left.\n|\n|t:|1701098217\n|move|p2a: Heatran|Magma Storm|p1a: Gholdengo\n|-supereffective|p1a: Gholdengo\n|-damage|p1a: Gholdengo|0 fnt\n|faint|p1a: Gholdengo\n|\n|-heal|p2a: Heatran|49\/100|[from] Grassy Terrain\n|-heal|p2a: Heatran|56\/100|[from] item: Leftovers\n|-fieldend|move: Grassy Terrain\n|upkeep\n|\n|t:|1701098220\n|switch|p1a: Great Tusk|Great Tusk|100\/100\n|turn|11\n|inactive|Ace 999999999 has 120 seconds left.\n|l|\u2606Ace 999999999\n|inactive|Ace 999999999 disconnected and has a minute to reconnect!\n|player|p1|\n|inactive|Ace 999999999 has 30 seconds to reconnect!\n|inactive|Ace 999999999 has 20 seconds to reconnect!\n|inactive|Ace 999999999 has 15 seconds to reconnect!\n|j|\u2606Ace 999999999\n|inactive|Ace 999999999 reconnected and has 65 seconds left.\n|player|p1|Ace 999999999|nate\n|\n|t:|1701098295\n|move|p2a: Heatran|Protect|p2a: Heatran\n|-singleturn|p2a: Heatran|Protect\n|move|p1a: Great Tusk|Stealth Rock|p2a: Heatran\n|-sidestart|p2: Slo Overdose|move: Stealth Rock\n|\n|-heal|p2a: Heatran|62\/100|[from] item: Leftovers\n|upkeep\n|turn|12\n|\n|t:|1701098307\n|switch|p2a: Rillaboom|Rillaboom, M|42\/100\n|-damage|p2a: Rillaboom|26\/100|[from] Spikes\n|-damage|p2a: Rillaboom|14\/100|[from] Stealth Rock\n|-fieldstart|move: Grassy Terrain|[from] ability: Grassy Surge|[of] p2a: Rillaboom\n|move|p1a: Great Tusk|Knock Off|p2a: Rillaboom\n|-damage|p2a: Rillaboom|0 fnt\n|-enditem|p2a: Rillaboom|Choice Band|[from] move: Knock Off|[of] p1a: Great Tusk\n|faint|p2a: Rillaboom\n|\n|upkeep\n|\n|t:|1701098318\n|switch|p2a: Conkeldurr|Conkeldurr, M|100\/100\n|-damage|p2a: Conkeldurr|84\/100|[from] Spikes\n|-damage|p2a: Conkeldurr|78\/100|[from] Stealth Rock\n|turn|13\n|inactive|Slo Overdose has 120 seconds left.\n|\n|t:|1701098339\n|switch|p2a: Dragapult|Dragapult, F|100\/100\n|-damage|p2a: Dragapult|84\/100|[from] Spikes\n|-damage|p2a: Dragapult|72\/100|[from] Stealth Rock\n|move|p1a: Great Tusk|Close Combat|p2a: Dragapult\n|-immune|p2a: Dragapult\n|\n|-heal|p2a: Dragapult|78\/100|[from] Grassy Terrain\n|upkeep\n|turn|14\n|inactive|Slo Overdose has 120 seconds left.\n|\n|t:|1701098349\n|-end|p1a: Great Tusk|Protosynthesis|[silent]\n|switch|p1a: Ting-Lu|Ting-Lu|100\/100\n|-ability|p1a: Ting-Lu|Vessel of Ruin\n|move|p2a: Dragapult|Draco Meteor|p1a: Ting-Lu\n|-damage|p1a: Ting-Lu|64\/100\n|-unboost|p2a: Dragapult|spa|2\n|\n|-heal|p2a: Dragapult|84\/100|[from] Grassy Terrain\n|-heal|p1a: Ting-Lu|70\/100|[from] Grassy Terrain\n|-heal|p1a: Ting-Lu|77\/100|[from] item: Leftovers\n|upkeep\n|turn|15\n|inactive|Ace 999999999 has 90 seconds left.\n|\n|t:|1701098355\n|switch|p2a: Conkeldurr|Conkeldurr, M|78\/100\n|-damage|p2a: Conkeldurr|62\/100|[from] Spikes\n|-damage|p2a: Conkeldurr|55\/100|[from] Stealth Rock\n|move|p1a: Ting-Lu|Spikes|p2a: Conkeldurr\n|-sidestart|p2: Slo Overdose|Spikes\n|\n|-heal|p2a: Conkeldurr|62\/100|[from] Grassy Terrain\n|-heal|p1a: Ting-Lu|83\/100|[from] Grassy Terrain\n|-heal|p1a: Ting-Lu|89\/100|[from] item: Leftovers\n|-status|p2a: Conkeldurr|brn|[from] item: Flame Orb\n|upkeep\n|turn|16\n|\n|t:|1701098360\n|switch|p1a: Great Tusk|Great Tusk|100\/100\n|move|p2a: Conkeldurr|Bulk Up|p2a: Conkeldurr\n|-boost|p2a: Conkeldurr|atk|1\n|-boost|p2a: Conkeldurr|def|1\n|\n|-heal|p2a: Conkeldurr|68\/100 brn|[from] Grassy Terrain\n|-damage|p2a: Conkeldurr|62\/100 brn|[from] brn\n|-fieldend|move: Grassy Terrain\n|upkeep\n|turn|17\n|\n|t:|1701098365\n|move|p1a: Great Tusk|Close Combat|p2a: Conkeldurr\n|-damage|p2a: Conkeldurr|29\/100 brn\n|-unboost|p1a: Great Tusk|def|1\n|-unboost|p1a: Great Tusk|spd|1\n|move|p2a: Conkeldurr|Drain Punch|p1a: Great Tusk\n|-damage|p1a: Great Tusk|40\/100\n|-heal|p2a: Conkeldurr|63\/100 brn|[from] drain|[of] p1a: Great Tusk\n|\n|-heal|p1a: Great Tusk|47\/100|[from] item: Leftovers\n|-damage|p2a: Conkeldurr|57\/100 brn|[from] brn\n|upkeep\n|turn|18\n|\n|t:|1701098371\n|move|p1a: Great Tusk|Close Combat|p2a: Conkeldurr\n|-damage|p2a: Conkeldurr|26\/100 brn\n|-unboost|p1a: Great Tusk|def|1\n|-unboost|p1a: Great Tusk|spd|1\n|move|p2a: Conkeldurr|Drain Punch|p1a: Great Tusk\n|-crit|p1a: Great Tusk\n|-damage|p1a: Great Tusk|0 fnt\n|-heal|p2a: Conkeldurr|53\/100 brn|[from] drain|[of] p1a: Great Tusk\n|faint|p1a: Great Tusk\n|-end|p1a: Great Tusk|Protosynthesis|[silent]\n|\n|-damage|p2a: Conkeldurr|47\/100 brn|[from] brn\n|upkeep\n|inactive|Ace 999999999 has 120 seconds left.\n|\n|t:|1701098383\n|switch|p1a: Rillaboom|Rillaboom, F|100\/100\n|-fieldstart|move: Grassy Terrain|[from] ability: Grassy Surge|[of] p1a: Rillaboom\n|turn|19\n|\n|t:|1701098388\n|move|p1a: Rillaboom|Wood Hammer|p2a: Conkeldurr\n|-damage|p2a: Conkeldurr|0 fnt\n|faint|p2a: Conkeldurr\n|-damage|p1a: Rillaboom|84\/100|[from] Recoil\n|\n|-heal|p1a: Rillaboom|90\/100|[from] Grassy Terrain\n|upkeep\n|\n|t:|1701098398\n|switch|p2a: Heatran|Heatran, M|62\/100\n|-damage|p2a: Heatran|37\/100|[from] Spikes\n|-damage|p2a: Heatran|24\/100|[from] Stealth Rock\n|turn|20\n|\n|t:|1701098402\n|-terastallize|p1a: Rillaboom|Grass\n|move|p2a: Heatran|Magma Storm|p1a: Rillaboom\n|-supereffective|p1a: Rillaboom\n|-damage|p1a: Rillaboom|0 fnt\n|faint|p1a: Rillaboom\n|\n|-heal|p2a: Heatran|31\/100|[from] Grassy Terrain\n|-heal|p2a: Heatran|37\/100|[from] item: Leftovers\n|upkeep\n|\n|t:|1701098407\n|switch|p1a: Ting-Lu|Ting-Lu|89\/100\n|-ability|p1a: Ting-Lu|Vessel of Ruin\n|turn|21\n|\n|t:|1701098419\n|-terastallize|p2a: Heatran|Grass\n|move|p2a: Heatran|Magma Storm|p1a: Ting-Lu\n|-damage|p1a: Ting-Lu|71\/100\n|-activate|p1a: Ting-Lu|move: Magma Storm|[of] p2a: Heatran\n|move|p1a: Ting-Lu|Earthquake|p2a: Heatran\n|-resisted|p2a: Heatran\n|-damage|p2a: Heatran|29\/100\n|\n|-heal|p2a: Heatran|36\/100|[from] Grassy Terrain\n|-heal|p2a: Heatran|42\/100|[from] item: Leftovers\n|-heal|p1a: Ting-Lu|77\/100|[from] Grassy Terrain\n|-heal|p1a: Ting-Lu|83\/100|[from] item: Leftovers\n|-damage|p1a: Ting-Lu|71\/100|[from] move: Magma Storm|[partiallytrapped]\n|upkeep\n|turn|22\n|\n|t:|1701098430\n|move|p2a: Heatran|Earth Power|p1a: Ting-Lu\n|-damage|p1a: Ting-Lu|60\/100\n|move|p1a: Ting-Lu|Whirlwind|p2a: Heatran\n|drag|p2a: Clefable|Clefable, M|100\/100\n|\n|-heal|p1a: Ting-Lu|66\/100|[from] Grassy Terrain\n|-heal|p1a: Ting-Lu|72\/100|[from] item: Leftovers\n|-end|p1a: Ting-Lu|Magma Storm|[partiallytrapped]|[silent]\n|upkeep\n|turn|23\n|\n|t:|1701098446\n|move|p2a: Clefable|Wish|p2a: Clefable\n|move|p1a: Ting-Lu|Ruination|p2a: Clefable\n|-damage|p2a: Clefable|50\/100\n|\n|-heal|p2a: Clefable|57\/100|[from] Grassy Terrain\n|-heal|p2a: Clefable|63\/100|[from] item: Leftovers\n|-heal|p1a: Ting-Lu|79\/100|[from] Grassy Terrain\n|-heal|p1a: Ting-Lu|85\/100|[from] item: Leftovers\n|-fieldend|move: Grassy Terrain\n|upkeep\n|turn|24\n|\n|t:|1701098454\n|switch|p2a: Dragapult|Dragapult, F|84\/100\n|-damage|p2a: Dragapult|59\/100|[from] Spikes\n|-damage|p2a: Dragapult|47\/100|[from] Stealth Rock\n|switch|p1a: Cinderace|Cinderace, M|100\/100\n|\n|-heal|p2a: Dragapult|100\/100|[from] move: Wish|[wisher] Clefable\n|upkeep\n|turn|25\n|\n|t:|1701098458\n|switch|p1a: Ting-Lu|Ting-Lu|85\/100\n|-ability|p1a: Ting-Lu|Vessel of Ruin\n|move|p2a: Dragapult|Draco Meteor|p1a: Ting-Lu\n|-damage|p1a: Ting-Lu|46\/100\n|-unboost|p2a: Dragapult|spa|2\n|\n|-heal|p1a: Ting-Lu|53\/100|[from] item: Leftovers\n|upkeep\n|turn|26\n|\n|t:|1701098465\n|switch|p2a: Heatran|Heatran, M, tera:Grass|42\/100\n|-damage|p2a: Heatran|17\/100|[from] Spikes\n|-damage|p2a: Heatran|4\/100|[from] Stealth Rock\n|move|p1a: Ting-Lu|Earthquake|p2a: Heatran\n|-resisted|p2a: Heatran\n|-damage|p2a: Heatran|0 fnt\n|faint|p2a: Heatran\n|\n|-heal|p1a: Ting-Lu|59\/100|[from] item: Leftovers\n|upkeep\n|\n|t:|1701098480\n|switch|p2a: Dragapult|Dragapult, F|100\/100\n|-damage|p2a: Dragapult|76\/100|[from] Spikes\n|-damage|p2a: Dragapult|63\/100|[from] Stealth Rock\n|turn|27\n|\n|t:|1701098485\n|move|p2a: Dragapult|Draco Meteor|p1a: Ting-Lu\n|-damage|p1a: Ting-Lu|19\/100\n|-unboost|p2a: Dragapult|spa|2\n|move|p1a: Ting-Lu|Earthquake|p2a: Dragapult\n|-damage|p2a: Dragapult|15\/100\n|\n|-heal|p1a: Ting-Lu|25\/100|[from] item: Leftovers\n|upkeep\n|turn|28\n|\n|t:|1701098490\n|move|p2a: Dragapult|Draco Meteor|p1a: Ting-Lu\n|-damage|p1a: Ting-Lu|7\/100\n|-unboost|p2a: Dragapult|spa|2\n|move|p1a: Ting-Lu|Earthquake|p2a: Dragapult\n|-damage|p2a: Dragapult|0 fnt\n|faint|p2a: Dragapult\n|\n|-heal|p1a: Ting-Lu|13\/100|[from] item: Leftovers\n|upkeep\n|\n|t:|1701098502\n|switch|p2a: Clefable|Clefable, M|63\/100\n|turn|29\n|\n|t:|1701098508\n|move|p2a: Clefable|Wish|p2a: Clefable\n|move|p1a: Ting-Lu|Earthquake|p2a: Clefable\n|-damage|p2a: Clefable|35\/100\n|\n|-heal|p2a: Clefable|41\/100|[from] item: Leftovers\n|-heal|p1a: Ting-Lu|20\/100|[from] item: Leftovers\n|upkeep\n|turn|30\n|\n|t:|1701098513\n|move|p2a: Clefable|Cosmic Power|p2a: Clefable\n|-boost|p2a: Clefable|def|1\n|-boost|p2a: Clefable|spd|1\n|move|p1a: Ting-Lu|Earthquake|p2a: Clefable\n|-damage|p2a: Clefable|23\/100\n|\n|-heal|p2a: Clefable|73\/100|[from] move: Wish|[wisher] Clefable\n|-heal|p2a: Clefable|79\/100|[from] item: Leftovers\n|-heal|p1a: Ting-Lu|26\/100|[from] item: Leftovers\n|upkeep\n|turn|31\n|-message|Ace 999999999 forfeited.\n|\n|win|Slo Overdose\n|raw|Ace 999999999's rating: 1442 &rarr; <strong>1422<\/strong><br \/>(-20 for losing)\n|raw|Slo Overdose's rating: 1444 &rarr; <strong>1464<\/strong><br \/>(+20 for winning)\n|l|\u2606Ace 999999999\n","uploadtime":1701098526,"views":5,"p1id":"ace999999999","p2id":"slooverdose","formatid":"gen9ou","rating":1422,"private":0,"password":""}