{"id":"gen9ou-2000055041","p1":"doodieray","p2":"Johnny tots","format":"[Gen 9] OU","log":"|j|\u2606doodieray\n|j|\u2606Johnny tots\n|t:|1701146912\n|gametype|singles\n|player|p1|doodieray|102|1473\n|player|p2|Johnny tots|1|1472\n|teamsize|p1|6\n|teamsize|p2|6\n|gen|9\n|tier|[Gen 9] OU\n|rated|\n|rule|Sleep Clause Mod: Limit one foe put to sleep\n|rule|Species Clause: Limit one of each Pok\u00e9mon\n|rule|OHKO Clause: OHKO moves are banned\n|rule|Evasion Items Clause: Evasion items are banned\n|rule|Evasion Moves Clause: Evasion moves are banned\n|rule|Endless Battle Clause: Forcing endless battles is banned\n|rule|HP Percentage Mod: HP is shown in percentages\n|clearpoke\n|poke|p1|Breloom, F|\n|poke|p1|Zamazenta-*|\n|poke|p1|Goodra-Hisui, M|\n|poke|p1|Quaquaval, M|\n|poke|p1|Iron Moth|\n|poke|p1|Alomomola, F|\n|poke|p2|Clefable, M|\n|poke|p2|Dragonite, F|\n|poke|p2|Thundurus-Therian, M|\n|poke|p2|Manaphy|\n|poke|p2|Iron Valiant|\n|poke|p2|Klefki, M|\n|teampreview\n|inactive|Battle timer is ON: inactive players will automatically lose when time's up. (requested by Johnny tots)\n|inactive|doodieray has 120 seconds left.\n|\n|t:|1701146976\n|start\n|switch|p1a: Breloom|Breloom, F|100\/100\n|switch|p2a: Klefki|Klefki, M|100\/100\n|turn|1\n|\n|t:|1701146984\n|move|p2a: Klefki|Thunder Wave|p1a: Breloom\n|-status|p1a: Breloom|par\n|move|p1a: Breloom|Spore|p2a: Klefki\n|-status|p2a: Klefki|slp|[from] move: Spore\n|\n|upkeep\n|turn|2\n|\n|t:|1701146988\n|switch|p2a: Clefable|Clefable, M|100\/100\n|move|p1a: Breloom|Swords Dance|p1a: Breloom\n|-boost|p1a: Breloom|atk|2\n|\n|upkeep\n|turn|3\n|\n|t:|1701146991\n|move|p2a: Clefable|Moonblast|p1a: Breloom\n|-supereffective|p1a: Breloom\n|-enditem|p1a: Breloom|Focus Sash\n|-damage|p1a: Breloom|1\/100 par\n|move|p1a: Breloom|Bullet Seed|p2a: Clefable\n|-damage|p2a: Clefable|62\/100\n|-damage|p2a: Clefable|24\/100\n|-hitcount|p2a: Clefable|2\n|\n|-heal|p2a: Clefable|30\/100|[from] item: Leftovers\n|upkeep\n|turn|4\n|\n|t:|1701147000\n|move|p1a: Breloom|Mach Punch|p2a: Clefable\n|-resisted|p2a: Clefable\n|-damage|p2a: Clefable|0 fnt\n|faint|p2a: Clefable\n|\n|upkeep\n|inactive|Johnny tots has 120 seconds left.\n|\n|t:|1701147044\n|switch|p2a: Thundurus|Thundurus-Therian, M|100\/100\n|turn|5\n|\n|t:|1701147055\n|cant|p1a: Breloom|par\n|move|p2a: Thundurus|Thunderbolt|p1a: Breloom\n|-resisted|p1a: Breloom\n|-crit|p1a: Breloom\n|-damage|p1a: Breloom|0 fnt\n|faint|p1a: Breloom\n|\n|upkeep\n|\n|t:|1701147063\n|switch|p1a: Goodra|Goodra-Hisui, M|100\/100\n|turn|6\n|\n|t:|1701147076\n|switch|p2a: Klefki|Klefki, M|100\/100 slp\n|move|p1a: Goodra|Fire Blast|p2a: Klefki\n|-supereffective|p2a: Klefki\n|-damage|p2a: Klefki|14\/100 slp\n|\n|upkeep\n|turn|7\n|\n|t:|1701147086\n|cant|p2a: Klefki|slp\n|move|p1a: Goodra|Flash Cannon|p2a: Klefki\n|-damage|p2a: Klefki|0 fnt\n|faint|p2a: Klefki\n|\n|upkeep\n|\n|t:|1701147091\n|switch|p2a: Manaphy|Manaphy|100\/100\n|turn|8\n|\n|t:|1701147105\n|switch|p1a: Quaquaval|Quaquaval, M|100\/100\n|move|p2a: Manaphy|Tail Glow|p2a: Manaphy\n|-boost|p2a: Manaphy|spa|3\n|\n|upkeep\n|turn|9\n|\n|t:|1701147116\n|move|p2a: Manaphy|Scald|p1a: Quaquaval\n|-resisted|p1a: Quaquaval\n|-damage|p1a: Quaquaval|39\/100\n|move|p1a: Quaquaval|Close Combat|p2a: Manaphy\n|-damage|p2a: Manaphy|44\/100\n|-unboost|p1a: Quaquaval|def|1\n|-unboost|p1a: Quaquaval|spd|1\n|\n|-heal|p2a: Manaphy|50\/100|[from] item: Leftovers\n|-heal|p1a: Quaquaval|45\/100|[from] item: Leftovers\n|upkeep\n|turn|10\n|\n|t:|1701147123\n|switch|p1a: Alomomola|Alomomola, F|100\/100\n|move|p2a: Manaphy|Scald|p1a: Alomomola\n|-resisted|p1a: Alomomola\n|-damage|p1a: Alomomola|62\/100\n|-enditem|p1a: Alomomola|Red Card|[of] p2a: Manaphy\n|drag|p2a: Thundurus|Thundurus-Therian, M|100\/100\n|\n|upkeep\n|turn|11\n|\n|t:|1701147131\n|switch|p1a: Goodra|Goodra-Hisui, M|100\/100\n|move|p2a: Thundurus|Nasty Plot|p2a: Thundurus\n|-boost|p2a: Thundurus|spa|2\n|\n|upkeep\n|turn|12\n|\n|t:|1701147156\n|-terastallize|p2a: Thundurus|Electric\n|move|p2a: Thundurus|Thunderbolt|p1a: Goodra\n|-resisted|p1a: Goodra\n|-damage|p1a: Goodra|63\/100\n|move|p1a: Goodra|Draco Meteor|p2a: Thundurus\n|-damage|p2a: Thundurus|23\/100\n|-unboost|p1a: Goodra|spa|2\n|\n|upkeep\n|turn|13\n|inactive|Johnny tots has 120 seconds left.\n|\n|t:|1701147173\n|switch|p2a: Iron Valiant|Iron Valiant|100\/100\n|-enditem|p2a: Iron Valiant|Booster Energy\n|-activate|p2a: Iron Valiant|ability: Quark Drive|[fromitem]\n|-start|p2a: Iron Valiant|quarkdrivespe\n|move|p1a: Goodra|Draco Meteor|p2a: Iron Valiant\n|-immune|p2a: Iron Valiant\n|\n|upkeep\n|turn|14\n|\n|t:|1701147180\n|switch|p1a: Alomomola|Alomomola, F|95\/100\n|move|p2a: Iron Valiant|Calm Mind|p2a: Iron Valiant\n|-boost|p2a: Iron Valiant|spa|1\n|-boost|p2a: Iron Valiant|spd|1\n|\n|upkeep\n|turn|15\n|inactive|Johnny tots has 120 seconds left.\n|\n|t:|1701147212\n|move|p2a: Iron Valiant|Moonblast|p1a: Alomomola\n|-damage|p1a: Alomomola|36\/100\n|move|p1a: Alomomola|Acrobatics|p2a: Iron Valiant\n|-supereffective|p2a: Iron Valiant\n|-damage|p2a: Iron Valiant|49\/100\n|\n|upkeep\n|turn|16\n|\n|t:|1701147224\n|switch|p1a: Quaquaval|Quaquaval, M|45\/100\n|move|p2a: Iron Valiant|Moonblast|p1a: Quaquaval\n|-supereffective|p1a: Quaquaval\n|-damage|p1a: Quaquaval|0 fnt\n|faint|p1a: Quaquaval\n|\n|upkeep\n|\n|t:|1701147239\n|switch|p1a: Alomomola|Alomomola, F|69\/100\n|turn|17\n|\n|t:|1701147242\n|move|p2a: Iron Valiant|Moonblast|p1a: Alomomola\n|-damage|p1a: Alomomola|6\/100\n|move|p1a: Alomomola|Acrobatics|p2a: Iron Valiant\n|-supereffective|p2a: Iron Valiant\n|-damage|p2a: Iron Valiant|0 fnt\n|faint|p2a: Iron Valiant\n|-end|p2a: Iron Valiant|Quark Drive|[silent]\n|\n|upkeep\n|\n|t:|1701147251\n|switch|p2a: Dragonite|Dragonite, F|100\/100\n|turn|18\n|\n|t:|1701147257\n|move|p2a: Dragonite|Dragon Dance|p2a: Dragonite\n|-boost|p2a: Dragonite|atk|1\n|-boost|p2a: Dragonite|spe|1\n|move|p1a: Alomomola|Flip Turn|p2a: Dragonite\n|-resisted|p2a: Dragonite\n|-damage|p2a: Dragonite|96\/100\n|\n|t:|1701147266\n|switch|p1a: Zamazenta|Zamazenta|100\/100|[from] Flip Turn\n|-ability|p1a: Zamazenta|Dauntless Shield|boost\n|-boost|p1a: Zamazenta|def|1\n|\n|upkeep\n|turn|19\n|\n|t:|1701147282\n|move|p2a: Dragonite|Dragon Claw|p1a: Zamazenta\n|-damage|p1a: Zamazenta|62\/100\n|move|p1a: Zamazenta|Stone Edge|p2a: Dragonite\n|-supereffective|p2a: Dragonite\n|-damage|p2a: Dragonite|21\/100\n|\n|upkeep\n|turn|20\n|\n|t:|1701147287\n|move|p2a: Dragonite|Dragon Claw|p1a: Zamazenta\n|-damage|p1a: Zamazenta|19\/100\n|move|p1a: Zamazenta|Crunch|p2a: Dragonite\n|-damage|p2a: Dragonite|0 fnt\n|faint|p2a: Dragonite\n|\n|upkeep\n|-message|Johnny tots forfeited.\n|\n|win|doodieray\n|raw|doodieray's rating: 1473 &rarr; <strong>1491<\/strong><br \/>(+18 for winning)\n|raw|Johnny tots's rating: 1446 &rarr; <strong>1428<\/strong><br \/>(-18 for losing)\n|l|\u2606Johnny tots\n","uploadtime":1701147295,"views":2,"p1id":"doodieray","p2id":"johnnytots","formatid":"gen9ou","rating":1428,"private":0,"password":""}