{"id":"gen9ou-1993109626","p1":"blisteringbigfoot","p2":"Asta_RPPLF","format":"[Gen 9] OU","log":"|j|\u2606blisteringbigfoot\n|j|\u2606Asta_RPPLF\n|t:|1700265874\n|gametype|singles\n|player|p1|blisteringbigfoot|2|1319\n|player|p2|Asta_RPPLF|#wcop2023belgium|1426\n|teamsize|p1|6\n|teamsize|p2|6\n|gen|9\n|tier|[Gen 9] OU\n|rated|\n|rule|Sleep Clause Mod: Limit one foe put to sleep\n|rule|Species Clause: Limit one of each Pok\u00e9mon\n|rule|OHKO Clause: OHKO moves are banned\n|rule|Evasion Items Clause: Evasion items are banned\n|rule|Evasion Moves Clause: Evasion moves are banned\n|rule|Endless Battle Clause: Forcing endless battles is banned\n|rule|HP Percentage Mod: HP is shown in percentages\n|clearpoke\n|poke|p1|Iron Moth|\n|poke|p1|Iron Valiant|\n|poke|p1|Hydreigon, F|\n|poke|p1|Ogerpon-Wellspring, F|\n|poke|p1|Landorus-Therian, M|\n|poke|p1|Great Tusk|\n|poke|p2|Ambipom, M|\n|poke|p2|Slowking-Galar, M|\n|poke|p2|Cinderace, F|\n|poke|p2|Zamazenta-*|\n|poke|p2|Greninja-*, F|\n|poke|p2|Landorus-Therian, M|\n|teampreview\n|inactive|Battle timer is ON: inactive players will automatically lose when time's up. (requested by blisteringbigfoot)\n|inactive|Asta_RPPLF has 120 seconds left.\n|\n|t:|1700265905\n|start\n|switch|p1a: Landorus|Landorus-Therian, M|100\/100\n|switch|p2a: Ambipom|Ambipom, M|100\/100\n|-ability|p1a: Landorus|Intimidate|boost\n|-unboost|p2a: Ambipom|atk|1\n|turn|1\n|\n|t:|1700265924\n|move|p2a: Ambipom|Fake Out|p1a: Landorus\n|-damage|p1a: Landorus|86\/100\n|-damage|p2a: Ambipom|84\/100|[from] item: Rocky Helmet|[of] p1a: Landorus\n|cant|p1a: Landorus|flinch\n|\n|upkeep\n|turn|2\n|\n|t:|1700265934\n|switch|p2a: Landorus|Landorus-Therian, M|100\/100\n|-ability|p2a: Landorus|Intimidate|boost\n|-unboost|p1a: Landorus|atk|1\n|move|p1a: Landorus|Stealth Rock|p2a: Landorus\n|-sidestart|p2: Asta_RPPLF|move: Stealth Rock\n|\n|upkeep\n|turn|3\n|inactive|Asta_RPPLF has 120 seconds left.\n|\n|t:|1700265978\n|move|p2a: Landorus|Earthquake|p1a: Landorus\n|-immune|p1a: Landorus\n|move|p1a: Landorus|Taunt|p2a: Landorus\n|-start|p2a: Landorus|move: Taunt\n|\n|upkeep\n|turn|4\n|inactive|blisteringbigfoot has 120 seconds left.\n|inactive|blisteringbigfoot has 90 seconds left.\n|\n|t:|1700266053\n|move|p2a: Landorus|Stone Edge|p1a: Landorus\n|-damage|p1a: Landorus|58\/100\n|move|p1a: Landorus|U-turn|p2a: Landorus\n|-resisted|p2a: Landorus\n|-damage|p2a: Landorus|93\/100\n|\n|t:|1700266062\n|switch|p1a: Ogerpon|Ogerpon-Wellspring, F|100\/100|[from] U-turn\n|\n|upkeep\n|turn|5\n|inactive|Asta_RPPLF has 120 seconds left.\n|\n|t:|1700266090\n|-terastallize|p2a: Landorus|Water\n|move|p1a: Ogerpon|Swords Dance|p1a: Ogerpon\n|-boost|p1a: Ogerpon|atk|2\n|move|p2a: Landorus|U-turn|p1a: Ogerpon\n|-supereffective|p1a: Ogerpon\n|-damage|p1a: Ogerpon|24\/100\n|inactive|Asta_RPPLF has 90 seconds left.\n|\n|t:|1700266122\n|switch|p2a: Cinderace|Cinderace, F|100\/100|[from] U-turn\n|\n|upkeep\n|turn|6\n|inactive|blisteringbigfoot has 90 seconds left.\n|inactive|blisteringbigfoot has 60 seconds left.\n|\n|t:|1700266169\n|move|p2a: Cinderace|U-turn|p1a: Ogerpon\n|-supereffective|p1a: Ogerpon\n|-damage|p1a: Ogerpon|0 fnt\n|faint|p1a: Ogerpon\n|inactive|Asta_RPPLF has 60 seconds left.\n|\n|t:|1700266205\n|switch|p2a: Slowking|Slowking-Galar, M|100\/100|[from] U-turn\n|\n|upkeep\n|inactive|blisteringbigfoot has 60 seconds left.\n|\n|t:|1700266225\n|switch|p1a: Landorus|Landorus-Therian, M|58\/100\n|-ability|p1a: Landorus|Intimidate|boost\n|-unboost|p2a: Slowking|atk|1\n|turn|7\n|\n|t:|1700266234\n|move|p1a: Landorus|Taunt|p2a: Slowking\n|-start|p2a: Slowking|move: Taunt\n|move|p2a: Slowking|Ice Beam|p1a: Landorus\n|-supereffective|p1a: Landorus\n|-damage|p1a: Landorus|0 fnt\n|faint|p1a: Landorus\n|\n|upkeep\n|inactive|blisteringbigfoot has 60 seconds left.\n|\n|t:|1700266245\n|switch|p1a: Hydreigon|Hydreigon, F|100\/100\n|turn|8\n|inactive|blisteringbigfoot has 60 seconds left.\n|\n|t:|1700266253\n|move|p1a: Hydreigon|Substitute|p1a: Hydreigon\n|-start|p1a: Hydreigon|Substitute\n|-damage|p1a: Hydreigon|76\/100\n|move|p2a: Slowking|Ice Beam|p1a: Hydreigon\n|-supereffective|p1a: Hydreigon\n|-end|p1a: Hydreigon|Substitute\n|\n|-heal|p1a: Hydreigon|82\/100|[from] item: Leftovers\n|upkeep\n|turn|9\n|\n|t:|1700266261\n|-terastallize|p1a: Hydreigon|Steel\n|move|p1a: Hydreigon|Dark Pulse|p2a: Slowking\n|-supereffective|p2a: Slowking\n|-damage|p2a: Slowking|36\/100\n|cant|p2a: Slowking|flinch\n|\n|-heal|p1a: Hydreigon|88\/100|[from] item: Leftovers\n|-end|p2a: Slowking|move: Taunt\n|upkeep\n|turn|10\n|\n|t:|1700266286\n|switch|p2a: Cinderace|Cinderace, F|100\/100\n|move|p1a: Hydreigon|Substitute|p1a: Hydreigon\n|-start|p1a: Hydreigon|Substitute\n|-damage|p1a: Hydreigon|63\/100\n|\n|-heal|p1a: Hydreigon|69\/100|[from] item: Leftovers\n|upkeep\n|turn|11\n|inactive|blisteringbigfoot has 60 seconds left.\n|\n|t:|1700266335\n|move|p2a: Cinderace|Pyro Ball|p1a: Hydreigon\n|-supereffective|p1a: Hydreigon\n|-end|p1a: Hydreigon|Substitute\n|move|p1a: Hydreigon|Dark Pulse|p2a: Cinderace\n|-damage|p2a: Cinderace|41\/100\n|\n|-heal|p1a: Hydreigon|75\/100|[from] item: Leftovers\n|upkeep\n|turn|12\n|\n|t:|1700266348\n|switch|p1a: Great Tusk|Great Tusk|100\/100\n|-enditem|p1a: Great Tusk|Booster Energy\n|-activate|p1a: Great Tusk|ability: Protosynthesis|[fromitem]\n|-start|p1a: Great Tusk|protosynthesisspe\n|move|p2a: Cinderace|Pyro Ball|p1a: Great Tusk\n|-damage|p1a: Great Tusk|65\/100\n|\n|upkeep\n|turn|13\n|\n|t:|1700266369\n|switch|p2a: Landorus|Landorus-Therian, M, tera:Water|93\/100\n|-damage|p2a: Landorus|80\/100|[from] Stealth Rock\n|-ability|p2a: Landorus|Intimidate|boost\n|-unboost|p1a: Great Tusk|atk|1\n|move|p1a: Great Tusk|Bulk Up|p1a: Great Tusk\n|-boost|p1a: Great Tusk|atk|1\n|-boost|p1a: Great Tusk|def|1\n|\n|upkeep\n|turn|14\n|\n|t:|1700266383\n|switch|p2a: Zamazenta|Zamazenta|100\/100\n|-damage|p2a: Zamazenta|94\/100|[from] Stealth Rock\n|-ability|p2a: Zamazenta|Dauntless Shield|boost\n|-boost|p2a: Zamazenta|def|1\n|move|p1a: Great Tusk|Headlong Rush|p2a: Zamazenta\n|-damage|p2a: Zamazenta|69\/100\n|-unboost|p1a: Great Tusk|def|1\n|-unboost|p1a: Great Tusk|spd|1\n|\n|-heal|p2a: Zamazenta|75\/100|[from] item: Leftovers\n|upkeep\n|turn|15\n|inactive|Asta_RPPLF has 60 seconds left.\n|\n|t:|1700266404\n|move|p1a: Great Tusk|Bulk Up|p1a: Great Tusk\n|-boost|p1a: Great Tusk|atk|1\n|-boost|p1a: Great Tusk|def|1\n|move|p2a: Zamazenta|Iron Defense|p2a: Zamazenta\n|-boost|p2a: Zamazenta|def|2\n|\n|-heal|p2a: Zamazenta|81\/100|[from] item: Leftovers\n|upkeep\n|turn|16\n|\n|t:|1700266414\n|move|p1a: Great Tusk|Headlong Rush|p2a: Zamazenta\n|-damage|p2a: Zamazenta|57\/100\n|-unboost|p1a: Great Tusk|def|1\n|-unboost|p1a: Great Tusk|spd|1\n|move|p2a: Zamazenta|Iron Defense|p2a: Zamazenta\n|-boost|p2a: Zamazenta|def|2\n|\n|-heal|p2a: Zamazenta|63\/100|[from] item: Leftovers\n|upkeep\n|turn|17\n|\n|t:|1700266429\n|move|p1a: Great Tusk|Headlong Rush|p2a: Zamazenta\n|-damage|p2a: Zamazenta|48\/100\n|-unboost|p1a: Great Tusk|def|1\n|-unboost|p1a: Great Tusk|spd|1\n|move|p2a: Zamazenta|Body Press|p1a: Great Tusk\n|-crit|p1a: Great Tusk\n|-damage|p1a: Great Tusk|0 fnt\n|faint|p1a: Great Tusk\n|-end|p1a: Great Tusk|Protosynthesis|[silent]\n|\n|-heal|p2a: Zamazenta|54\/100|[from] item: Leftovers\n|upkeep\n|inactive|blisteringbigfoot has 30 seconds left.\n|inactive|blisteringbigfoot has 20 seconds left.\n|inactive|blisteringbigfoot has 15 seconds left.\n|inactive|blisteringbigfoot has 10 seconds left.\n|\n|t:|1700266478\n|switch|p1a: Hemlock|Iron Moth|100\/100\n|-enditem|p1a: Hemlock|Booster Energy\n|-activate|p1a: Hemlock|ability: Quark Drive|[fromitem]\n|-start|p1a: Hemlock|quarkdrivespe\n|turn|18\n|inactive|blisteringbigfoot has 20 seconds left this turn.\n|\n|t:|1700266487\n|move|p1a: Hemlock|Substitute|p1a: Hemlock\n|-start|p1a: Hemlock|Substitute\n|-damage|p1a: Hemlock|76\/100\n|move|p2a: Zamazenta|Body Press|p1a: Hemlock\n|-resisted|p1a: Hemlock\n|-end|p1a: Hemlock|Substitute\n|\n|-heal|p2a: Zamazenta|60\/100|[from] item: Leftovers\n|upkeep\n|turn|19\n|inactive|blisteringbigfoot has 30 seconds left this turn.\n|\n|t:|1700266496\n|move|p1a: Hemlock|Sludge Wave|p2a: Zamazenta\n|-damage|p2a: Zamazenta|20\/100\n|move|p2a: Zamazenta|Body Press|p1a: Hemlock\n|-resisted|p1a: Hemlock\n|-damage|p1a: Hemlock|0 fnt\n|faint|p1a: Hemlock\n|-end|p1a: Hemlock|Quark Drive|[silent]\n|\n|-heal|p2a: Zamazenta|27\/100|[from] item: Leftovers\n|upkeep\n|inactive|blisteringbigfoot has 30 seconds left this turn.\n|\n|t:|1700266505\n|switch|p1a: Hydreigon|Hydreigon, F, tera:Steel|75\/100\n|turn|20\n|inactive|Asta_RPPLF has 90 seconds left.\n|\n|t:|1700266514\n|move|p2a: Zamazenta|Body Press|p1a: Hydreigon\n|-supereffective|p1a: Hydreigon\n|-damage|p1a: Hydreigon|0 fnt\n|faint|p1a: Hydreigon\n|\n|-heal|p2a: Zamazenta|33\/100|[from] item: Leftovers\n|upkeep\n|inactive|blisteringbigfoot has 30 seconds left.\n|\n|t:|1700266527\n|switch|p1a: Iron Valiant|Iron Valiant|100\/100\n|-enditem|p1a: Iron Valiant|Booster Energy\n|-activate|p1a: Iron Valiant|ability: Quark Drive|[fromitem]\n|-start|p1a: Iron Valiant|quarkdrivespe\n|turn|21\n|inactive|Asta_RPPLF has 90 seconds left.\n|\n|t:|1700266543\n|move|p1a: Iron Valiant|Spirit Break|p2a: Zamazenta\n|-supereffective|p2a: Zamazenta\n|-damage|p2a: Zamazenta|17\/100\n|-unboost|p2a: Zamazenta|spa|1\n|move|p2a: Zamazenta|Heavy Slam|p1a: Iron Valiant\n|-supereffective|p1a: Iron Valiant\n|-damage|p1a: Iron Valiant|15\/100\n|\n|-heal|p2a: Zamazenta|23\/100|[from] item: Leftovers\n|upkeep\n|turn|22\n|inactive|Asta_RPPLF has 90 seconds left.\n|inactive|blisteringbigfoot has 30 seconds left.\n|\n|t:|1700266565\n|move|p1a: Iron Valiant|Spirit Break|p2a: Zamazenta\n|-supereffective|p2a: Zamazenta\n|-damage|p2a: Zamazenta|7\/100\n|-unboost|p2a: Zamazenta|spa|1\n|move|p2a: Zamazenta|Heavy Slam|p1a: Iron Valiant\n|-supereffective|p1a: Iron Valiant\n|-damage|p1a: Iron Valiant|0 fnt\n|faint|p1a: Iron Valiant\n|-end|p1a: Iron Valiant|Quark Drive|[silent]\n|\n|win|Asta_RPPLF\n|raw|blisteringbigfoot's rating: 1298 &rarr; <strong>1282<\/strong><br \/>(-16 for losing)\n|raw|Asta_RPPLF's rating: 1426 &rarr; <strong>1439<\/strong><br \/>(+13 for winning)\n|l|\u2606blisteringbigfoot\n","uploadtime":1700266581,"views":11,"p1id":"blisteringbigfoot","p2id":"astarpplf","formatid":"gen9ou","rating":1282,"private":0,"password":""}