{"id":"gen9ou-1989802146","p1":"69NintendosAllDay","p2":"Vladimir47","format":"[Gen 9] OU","log":"|j|\u260669NintendosAllDay\n|j|\u2606Vladimir47\n|t:|1699896954\n|gametype|singles\n|player|p1|69NintendosAllDay|doubleteam|1199\n|player|p2|Vladimir47|pokekid|1141\n|teamsize|p1|6\n|teamsize|p2|6\n|gen|9\n|tier|[Gen 9] OU\n|rated|\n|rule|Sleep Clause Mod: Limit one foe put to sleep\n|rule|Species Clause: Limit one of each Pok\u00e9mon\n|rule|OHKO Clause: OHKO moves are banned\n|rule|Evasion Items Clause: Evasion items are banned\n|rule|Evasion Moves Clause: Evasion moves are banned\n|rule|Endless Battle Clause: Forcing endless battles is banned\n|rule|HP Percentage Mod: HP is shown in percentages\n|clearpoke\n|poke|p1|Tyranitar, M|\n|poke|p1|Blissey, F|\n|poke|p1|Ditto|\n|poke|p1|Rotom-Heat|\n|poke|p1|Amoonguss, F|\n|poke|p1|Corviknight, M|\n|poke|p2|Morpeko, M|\n|poke|p2|Ogerpon-Cornerstone, F|\n|poke|p2|Ninetales-Alola, M|\n|poke|p2|Ceruledge, F|\n|poke|p2|Kommo-o, M|\n|poke|p2|Great Tusk|\n|teampreview\n|\n|t:|1699896971\n|start\n|switch|p1a: Tyranitar|Tyranitar, M|100\/100\n|switch|p2a: Ceruledge|Ceruledge, F|100\/100\n|-weather|Sandstorm|[from] ability: Sand Stream|[of] p1a: Tyranitar\n|turn|1\n|l|\u2606Vladimir47\n|player|p2|\n|inactive|Battle timer is ON: inactive players will automatically lose when time's up. (requested by 69NintendosAllDay)\n|inactive|Vladimir47 has 30 seconds to reconnect!\n|j|\u2606Vladimir47\n|inactive|Vladimir47 reconnected and has 115 seconds left.\n|player|p2|Vladimir47|pokekid\n|\n|t:|1699897056\n|move|p2a: Ceruledge|Close Combat|p1a: Tyranitar\n|-supereffective|p1a: Tyranitar\n|-damage|p1a: Tyranitar|0 fnt\n|-unboost|p2a: Ceruledge|def|1\n|-unboost|p2a: Ceruledge|spd|1\n|faint|p1a: Tyranitar\n|\n|-weather|Sandstorm|[upkeep]\n|-damage|p2a: Ceruledge|94\/100|[from] Sandstorm\n|upkeep\n|\n|t:|1699897074\n|switch|p1a: Ditto|Ditto, shiny|100\/100\n|-transform|p1a: Ditto|p2a: Ceruledge|[from] ability: Imposter\n|turn|2\n|\n|t:|1699897097\n|move|p1a: Ditto|Shadow Sneak|p2a: Ceruledge\n|-supereffective|p2a: Ceruledge\n|-damage|p2a: Ceruledge|13\/100\n|-ability|p2a: Ceruledge|Weak Armor|boost\n|-unboost|p2a: Ceruledge|def|1\n|-boost|p2a: Ceruledge|spe|2\n|move|p2a: Ceruledge|Shadow Sneak|p1a: Ditto\n|-supereffective|p1a: Ditto\n|-damage|p1a: Ditto|10\/100\n|-ability|p1a: Ditto|Weak Armor|boost\n|-unboost|p1a: Ditto|def|1\n|-boost|p1a: Ditto|spe|2\n|\n|-weather|Sandstorm|[upkeep]\n|-damage|p1a: Ditto|4\/100|[from] Sandstorm\n|-damage|p2a: Ceruledge|7\/100|[from] Sandstorm\n|upkeep\n|turn|3\n|inactive|69NintendosAllDay has 120 seconds left.\n|\n|t:|1699897117\n|switch|p1a: Blissey|Blissey, F, shiny|100\/100\n|move|p2a: Ceruledge|Shadow Sneak|p1a: Blissey\n|-immune|p1a: Blissey\n|\n|-weather|Sandstorm|[upkeep]\n|-damage|p2a: Ceruledge|1\/100|[from] Sandstorm\n|-damage|p1a: Blissey|94\/100|[from] Sandstorm\n|-heal|p1a: Blissey|100\/100|[from] item: Leftovers\n|upkeep\n|turn|4\n|inactive|69NintendosAllDay has 120 seconds left.\n|\n|t:|1699897134\n|switch|p1a: Ditto|Ditto, shiny|4\/100\n|-transform|p1a: Ditto|p2a: Ceruledge|[from] ability: Imposter\n|move|p2a: Ceruledge|Close Combat|p1a: Ditto\n|-immune|p1a: Ditto\n|\n|-weather|Sandstorm|[upkeep]\n|-damage|p1a: Ditto|0 fnt|[from] Sandstorm\n|-damage|p2a: Ceruledge|0 fnt|[from] Sandstorm\n|faint|p1a: Ditto\n|faint|p2a: Ceruledge\n|upkeep\n|inactive|69NintendosAllDay has 120 seconds left.\n|n|!Vladimir47|vladimir47\n|\n|t:|1699897157\n|switch|p2a: Kommo-o|Kommo-o, M|100\/100\n|switch|p1a: Corviknight|Corviknight, M|100\/100\n|-ability|p1a: Corviknight|Pressure\n|turn|5\n|inactive|Vladimir47 has 120 seconds left.\n|\n|t:|1699897177\n|switch|p1a: Amoonguss|Amoonguss, F, shiny|100\/100\n|move|p2a: Kommo-o|Clangorous Soul|p2a: Kommo-o\n|-boost|p2a: Kommo-o|atk|1\n|-boost|p2a: Kommo-o|def|1\n|-boost|p2a: Kommo-o|spa|1\n|-boost|p2a: Kommo-o|spd|1\n|-boost|p2a: Kommo-o|spe|1\n|-damage|p2a: Kommo-o|68\/100\n|-enditem|p2a: Kommo-o|Throat Spray\n|-boost|p2a: Kommo-o|spa|1|[from] item: Throat Spray\n|\n|-weather|none\n|upkeep\n|turn|6\n|inactive|Vladimir47 has 120 seconds left.\n|\n|t:|1699897203\n|move|p2a: Kommo-o|Clanging Scales|p1a: Amoonguss\n|-damage|p1a: Amoonguss|19\/100\n|-unboost|p2a: Kommo-o|def|1\n|move|p1a: Amoonguss|Spore|p2a: Kommo-o\n|-status|p2a: Kommo-o|slp|[from] move: Spore\n|\n|-heal|p1a: Amoonguss|25\/100|[from] item: Black Sludge\n|upkeep\n|turn|7\n|\n|t:|1699897213\n|cant|p2a: Kommo-o|slp\n|move|p1a: Amoonguss|Giga Drain|p2a: Kommo-o\n|-resisted|p2a: Kommo-o\n|-damage|p2a: Kommo-o|58\/100 slp\n|-heal|p1a: Amoonguss|29\/100|[from] drain|[of] p2a: Kommo-o\n|\n|-heal|p1a: Amoonguss|35\/100|[from] item: Black Sludge\n|upkeep\n|turn|8\n|\n|t:|1699897231\n|switch|p1a: Corviknight|Corviknight, M|100\/100\n|-ability|p1a: Corviknight|Pressure\n|cant|p2a: Kommo-o|slp\n|\n|upkeep\n|turn|9\n|inactive|Vladimir47 has 120 seconds left.\n|\n|t:|1699897238\n|-curestatus|p2a: Kommo-o|slp|[msg]\n|move|p2a: Kommo-o|Clanging Scales|p1a: Corviknight\n|-resisted|p1a: Corviknight\n|-damage|p1a: Corviknight|68\/100\n|-unboost|p2a: Kommo-o|def|1\n|move|p1a: Corviknight|Iron Defense|p1a: Corviknight\n|-boost|p1a: Corviknight|def|2\n|\n|upkeep\n|turn|10\n|inactive|Vladimir47 has 120 seconds left.\n|\n|t:|1699897251\n|move|p2a: Kommo-o|Drain Punch|p1a: Corviknight\n|-damage|p1a: Corviknight|50\/100\n|-heal|p2a: Kommo-o|71\/100|[from] drain|[of] p1a: Corviknight\n|-damage|p2a: Kommo-o|54\/100|[from] item: Rocky Helmet|[of] p1a: Corviknight\n|move|p1a: Corviknight|Body Press|p2a: Kommo-o\n|-damage|p2a: Kommo-o|0 fnt\n|faint|p2a: Kommo-o\n|\n|upkeep\n|inactive|Vladimir47 has 120 seconds left.\n|\n|t:|1699897261\n|switch|p2a: Morpeko|Morpeko, M|100\/100\n|turn|11\n|\n|t:|1699897270\n|move|p2a: Morpeko|Aura Wheel|p1a: Corviknight\n|-supereffective|p1a: Corviknight\n|-damage|p1a: Corviknight|15\/100\n|-boost|p2a: Morpeko|spe|1\n|move|p1a: Corviknight|Roost|p1a: Corviknight\n|-heal|p1a: Corviknight|65\/100\n|-singleturn|p1a: Corviknight|move: Roost\n|\n|-formechange|p2a: Morpeko|Morpeko-Hangry||[from] ability: Hunger Switch\n|upkeep\n|turn|12\n|\n|t:|1699897287\n|move|p2a: Morpeko|Crunch|p1a: Corviknight\n|-damage|p1a: Corviknight|50\/100\n|-damage|p2a: Morpeko|84\/100|[from] item: Rocky Helmet|[of] p1a: Corviknight\n|move|p1a: Corviknight|Body Press|p2a: Morpeko\n|-supereffective|p2a: Morpeko\n|-damage|p2a: Morpeko|0 fnt\n|faint|p2a: Morpeko\n|\n|upkeep\n|inactive|Vladimir47 has 120 seconds left.\n|\n|t:|1699897299\n|switch|p2a: Ogerpon|Ogerpon-Cornerstone, F|100\/100\n|turn|13\n|\n|t:|1699897311\n|switch|p1a: Amoonguss|Amoonguss, F, shiny|68\/100\n|-terastallize|p2a: Ogerpon|Rock\n|detailschange|p2a: Ogerpon|Ogerpon-Cornerstone-Tera, F, tera:Rock\n|-ability|p2a: Ogerpon|Embody Aspect (Cornerstone)|boost\n|-boost|p2a: Ogerpon|def|1\n|move|p2a: Ogerpon|Ivy Cudgel|p1a: Amoonguss\n|-crit|p1a: Amoonguss\n|-damage|p1a: Amoonguss|0 fnt\n|faint|p1a: Amoonguss\n|\n|upkeep\n|\n|t:|1699897327\n|switch|p1a: Corviknight|Corviknight, M|50\/100\n|-ability|p1a: Corviknight|Pressure\n|turn|14\n|\n|t:|1699897337\n|move|p2a: Ogerpon|Ivy Cudgel|p1a: Corviknight\n|-crit|p1a: Corviknight\n|-damage|p1a: Corviknight|0 fnt\n|faint|p1a: Corviknight\n|\n|upkeep\n|\n|t:|1699897348\n|switch|p1a: Rotom|Rotom-Heat, shiny|100\/100\n|turn|15\n|\n|t:|1699897355\n|move|p1a: Rotom|Will-O-Wisp|p2a: Ogerpon|[miss]\n|-miss|p1a: Rotom|p2a: Ogerpon\n|move|p2a: Ogerpon|Ivy Cudgel|p1a: Rotom\n|-supereffective|p1a: Rotom\n|-damage|p1a: Rotom|0 fnt\n|faint|p1a: Rotom\n|\n|upkeep\n|\n|t:|1699897361\n|switch|p1a: Blissey|Blissey, F, shiny|100\/100\n|turn|16\n|-message|69NintendosAllDay forfeited.\n|\n|win|Vladimir47\n|raw|69NintendosAllDay's rating: 1199 &rarr; <strong>1170<\/strong><br \/>(-29 for losing)\n|raw|Vladimir47's rating: 1141 &rarr; <strong>1170<\/strong><br \/>(+29 for winning)\n","uploadtime":1699897143,"views":7,"p1id":"69nintendosallday","p2id":"vladimir47","formatid":"gen9ou","rating":1170,"private":0,"password":""}