{"id":"gen9ou-1989060962","p1":"markx","p2":"littensalt","format":"[Gen 9] OU","log":"|j|\u2606markx\n|j|\u2606littensalt\n|t:|1699807857\n|gametype|singles\n|player|p1|markx|hugh|1258\n|player|p2|littensalt|calem|1267\n|teamsize|p1|6\n|teamsize|p2|6\n|gen|9\n|tier|[Gen 9] OU\n|rated|\n|rule|Sleep Clause Mod: Limit one foe put to sleep\n|rule|Species Clause: Limit one of each Pok\u00e9mon\n|rule|OHKO Clause: OHKO moves are banned\n|rule|Evasion Items Clause: Evasion items are banned\n|rule|Evasion Moves Clause: Evasion moves are banned\n|rule|Endless Battle Clause: Forcing endless battles is banned\n|rule|HP Percentage Mod: HP is shown in percentages\n|clearpoke\n|poke|p1|Iron Valiant|\n|poke|p1|Zamazenta-*|\n|poke|p1|Glimmora, F|\n|poke|p1|Ogerpon-Wellspring, F|\n|poke|p1|Kingambit, M|\n|poke|p1|Enamorus, F|\n|poke|p2|Thundurus-Therian, M|\n|poke|p2|Weezing-Galar, F|\n|poke|p2|Cinderace, M|\n|poke|p2|Dragapult, F|\n|poke|p2|Greninja-*, M|\n|poke|p2|Landorus-Therian, M|\n|teampreview\n|inactive|Battle timer is ON: inactive players will automatically lose when time's up. (requested by markx)\n|\n|t:|1699807879\n|start\n|switch|p1a: Glimmora|Glimmora, F, shiny|100\/100\n|switch|p2a: Thundurus|Thundurus-Therian, M, shiny|100\/100\n|turn|1\n|\n|t:|1699807886\n|move|p2a: Thundurus|Volt Switch|p1a: Glimmora\n|-damage|p1a: Glimmora|30\/100\n|\n|t:|1699807894\n|switch|p2a: N95|Greninja, M|100\/100|[from] Volt Switch\n|move|p1a: Glimmora|Toxic|p2a: N95\n|-status|p2a: N95|tox\n|\n|-damage|p2a: N95|95\/100 tox|[from] psn\n|upkeep\n|turn|2\n|\n|t:|1699807903\n|switch|p1a: Ogerpon|Ogerpon-Wellspring, F|100\/100\n|move|p2a: N95|Dark Pulse|p1a: Ogerpon\n|-damage|p1a: Ogerpon|47\/100\n|-damage|p2a: N95|85\/100 tox|[from] item: Life Orb\n|\n|-damage|p2a: N95|73\/100 tox|[from] psn\n|upkeep\n|turn|3\n|\n|t:|1699807911\n|move|p2a: N95|Dark Pulse|p1a: Ogerpon\n|-damage|p1a: Ogerpon|0 fnt\n|faint|p1a: Ogerpon\n|-ability|p2a: N95|Battle Bond|boost\n|-boost|p2a: N95|atk|1\n|-boost|p2a: N95|spa|1\n|-boost|p2a: N95|spe|1\n|-activate|p2a: N95|ability: Battle Bond\n|-damage|p2a: N95|63\/100 tox|[from] item: Life Orb\n|\n|-damage|p2a: N95|45\/100 tox|[from] psn\n|upkeep\n|\n|t:|1699807924\n|switch|p1a: Kingambit|Kingambit, M|100\/100\n|-activate|p1a: Kingambit|ability: Supreme Overlord\n|-start|p1a: Kingambit|fallen1|[silent]\n|turn|4\n|\n|t:|1699807928\n|move|p2a: N95|Water Shuriken|p1a: Kingambit\n|-damage|p1a: Kingambit|87\/100\n|-damage|p1a: Kingambit|71\/100\n|-hitcount|p1a: Kingambit|2\n|-damage|p2a: N95|35\/100 tox|[from] item: Life Orb\n|move|p1a: Kingambit|Sucker Punch||[still]\n|-fail|p1a: Kingambit\n|\n|-heal|p1a: Kingambit|78\/100|[from] item: Leftovers\n|-damage|p2a: N95|11\/100 tox|[from] psn\n|upkeep\n|turn|5\n|\n|t:|1699807941\n|move|p2a: N95|Water Shuriken|p1a: Kingambit\n|-damage|p1a: Kingambit|64\/100\n|-damage|p1a: Kingambit|49\/100\n|-damage|p1a: Kingambit|34\/100\n|-hitcount|p1a: Kingambit|3\n|-damage|p2a: N95|2\/100 tox|[from] item: Life Orb\n|move|p1a: Kingambit|Kowtow Cleave|p2a: N95\n|-resisted|p2a: N95\n|-damage|p2a: N95|0 fnt\n|faint|p2a: N95\n|\n|-heal|p1a: Kingambit|40\/100|[from] item: Leftovers\n|upkeep\n|\n|t:|1699807961\n|switch|p2a: wheezy outta here|Weezing-Galar, F, shiny|100\/100\n|-ability|p2a: wheezy outta here|Neutralizing Gas\n|turn|6\n|\n|t:|1699807990\n|-terastallize|p1a: Kingambit|Fairy\n|move|p2a: wheezy outta here|Will-O-Wisp|p1a: Kingambit\n|-status|p1a: Kingambit|brn\n|move|p1a: Kingambit|Swords Dance|p1a: Kingambit\n|-boost|p1a: Kingambit|atk|2\n|\n|-heal|p1a: Kingambit|47\/100 brn|[from] item: Leftovers\n|-damage|p1a: Kingambit|40\/100 brn|[from] brn\n|upkeep\n|turn|7\n|\n|t:|1699808001\n|move|p2a: wheezy outta here|Haze|p2a: wheezy outta here\n|-clearallboost\n|move|p1a: Kingambit|Iron Head|p2a: wheezy outta here\n|-supereffective|p2a: wheezy outta here\n|-damage|p2a: wheezy outta here|72\/100\n|-damage|p1a: Kingambit|24\/100 brn|[from] item: Rocky Helmet|[of] p2a: wheezy outta here\n|\n|-heal|p1a: Kingambit|30\/100 brn|[from] item: Leftovers\n|-damage|p1a: Kingambit|24\/100 brn|[from] brn\n|upkeep\n|turn|8\n|\n|t:|1699808019\n|-end|p1a: Kingambit|fallen1|[silent]\n|switch|p1a: Glimmora|Glimmora, F, shiny|30\/100\n|move|p2a: wheezy outta here|Strange Steam|p1a: Glimmora\n|-resisted|p1a: Glimmora\n|-damage|p1a: Glimmora|15\/100\n|\n|upkeep\n|turn|9\n|-enditem|p1a: Glimmora|Custap Berry|[eat]\n|-activate|p1a: Glimmora|item: Custap Berry|[consumed]\n|\n|t:|1699808026\n|move|p1a: Glimmora|Toxic|p2a: wheezy outta here\n|-immune|p2a: wheezy outta here\n|move|p2a: wheezy outta here|Strange Steam|p1a: Glimmora\n|-resisted|p1a: Glimmora\n|-damage|p1a: Glimmora|1\/100\n|-start|p1a: Glimmora|confusion\n|\n|upkeep\n|turn|10\n|-message|markx forfeited.\n|\n|win|littensalt\n|raw|markx's rating: 1258 &rarr; <strong>1234<\/strong><br \/>(-24 for losing)\n|raw|littensalt's rating: 1267 &rarr; <strong>1291<\/strong><br \/>(+24 for winning)\n|l|\u2606markx\n","uploadtime":1699808041,"views":9,"p1id":"markx","p2id":"littensalt","formatid":"gen9ou","rating":1234,"private":0,"password":""}