{"id":"gen9ou-1991193763","p1":"OKOK Tryhard","p2":"dilkem","format":"[Gen 9] OU","log":"|j|\u2606OKOK Tryhard\n|j|\u203ddilkem\n|t:|1700055742\n|gametype|singles\n|player|p1|OKOK Tryhard|bruno|1335\n|player|p2|dilkem|worker|1420\n|teamsize|p1|6\n|teamsize|p2|6\n|gen|9\n|tier|[Gen 9] OU\n|rated|\n|rule|Sleep Clause Mod: Limit one foe put to sleep\n|rule|Species Clause: Limit one of each Pok\u00e9mon\n|rule|OHKO Clause: OHKO moves are banned\n|rule|Evasion Items Clause: Evasion items are banned\n|rule|Evasion Moves Clause: Evasion moves are banned\n|rule|Endless Battle Clause: Forcing endless battles is banned\n|rule|HP Percentage Mod: HP is shown in percentages\n|clearpoke\n|poke|p1|Kleavor, F|\n|poke|p1|Gholdengo|\n|poke|p1|Samurott-Hisui, M|\n|poke|p1|Great Tusk|\n|poke|p1|Walking Wake|\n|poke|p1|Hatterene, F|\n|poke|p2|Slowbro, M|\n|poke|p2|Diancie|\n|poke|p2|Slither Wing|\n|poke|p2|Donphan, M|\n|poke|p2|Arcanine-Hisui, M|\n|poke|p2|Revavroom, M|\n|teampreview\n|inactive|Battle timer is ON: inactive players will automatically lose when time's up. (requested by dilkem)\n|\n|t:|1700055758\n|start\n|switch|p1a: Samurott|Samurott-Hisui, M|100\/100\n|switch|p2a: Slither Wing|Slither Wing|100\/100\n|turn|1\n|\n|t:|1700055764\n|move|p1a: Samurott|Aqua Cutter|p2a: Slither Wing\n|-damage|p2a: Slither Wing|42\/100\n|move|p2a: Slither Wing|U-turn|p1a: Samurott\n|-supereffective|p1a: Samurott\n|-enditem|p1a: Samurott|Focus Sash\n|-damage|p1a: Samurott|1\/100\n|\n|t:|1700055771\n|-end|p2a: Slither Wing|Protosynthesis|[silent]\n|switch|p2a: Donphan|Donphan, M|100\/100|[from] U-turn\n|\n|upkeep\n|turn|2\n|\n|t:|1700055776\n|move|p2a: Donphan|Ice Shard|p1a: Samurott\n|-resisted|p1a: Samurott\n|-damage|p1a: Samurott|0 fnt\n|faint|p1a: Samurott\n|\n|upkeep\n|\n|t:|1700055788\n|switch|p1a: Kleavor|Kleavor, F|100\/100\n|turn|3\n|\n|t:|1700055792\n|move|p1a: Kleavor|U-turn|p2a: Donphan\n|-damage|p2a: Donphan|66\/100\n|\n|t:|1700055795\n|switch|p1a: Hatterene|Hatterene, F|100\/100|[from] U-turn\n|move|p2a: Donphan|Rapid Spin|p1a: Hatterene\n|-damage|p1a: Hatterene|85\/100\n|-boost|p2a: Donphan|spe|1\n|\n|-heal|p2a: Donphan|72\/100|[from] item: Leftovers\n|-heal|p1a: Hatterene|91\/100|[from] item: Leftovers\n|upkeep\n|turn|4\n|\n|t:|1700055811\n|switch|p2a: Revavroom|Revavroom, M|100\/100\n|move|p1a: Hatterene|Mystical Fire|p2a: Revavroom\n|-supereffective|p2a: Revavroom\n|-damage|p2a: Revavroom|72\/100\n|-unboost|p2a: Revavroom|spa|1\n|\n|-heal|p2a: Revavroom|79\/100|[from] item: Black Sludge\n|-heal|p1a: Hatterene|97\/100|[from] item: Leftovers\n|upkeep\n|turn|5\n|\n|t:|1700055822\n|switch|p1a: Great Tusk|Great Tusk|100\/100\n|move|p2a: Revavroom|Iron Head|p1a: Great Tusk\n|-damage|p1a: Great Tusk|78\/100\n|\n|-heal|p2a: Revavroom|85\/100|[from] item: Black Sludge\n|upkeep\n|turn|6\n|\n|t:|1700055831\n|switch|p2a: Slither Wing|Slither Wing|42\/100\n|move|p1a: Great Tusk|Knock Off|p2a: Slither Wing\n|-resisted|p2a: Slither Wing\n|-damage|p2a: Slither Wing|25\/100\n|-enditem|p2a: Slither Wing|Insect Plate|[from] move: Knock Off|[of] p1a: Great Tusk\n|\n|upkeep\n|turn|7\n|\n|t:|1700055839\n|move|p1a: Great Tusk|Headlong Rush|p2a: Slither Wing\n|-resisted|p2a: Slither Wing\n|-damage|p2a: Slither Wing|0 fnt\n|-unboost|p1a: Great Tusk|def|1\n|-unboost|p1a: Great Tusk|spd|1\n|faint|p2a: Slither Wing\n|-end|p2a: Slither Wing|Protosynthesis|[silent]\n|\n|upkeep\n|\n|t:|1700055858\n|switch|p2a: Slowbro|Slowbro, M, shiny|100\/100\n|turn|8\n|\n|t:|1700055866\n|-end|p1a: Great Tusk|Protosynthesis|[silent]\n|switch|p1a: Hatterene|Hatterene, F|97\/100\n|move|p2a: Slowbro|Trick Room|p2a: Slowbro\n|-fieldstart|move: Trick Room|[of] p2a: Slowbro\n|\n|-heal|p1a: Hatterene|100\/100|[from] item: Leftovers\n|upkeep\n|turn|9\n|\n|t:|1700055874\n|move|p2a: Slowbro|Surf|p1a: Hatterene\n|-damage|p1a: Hatterene|52\/100\n|move|p1a: Hatterene|Calm Mind|p1a: Hatterene\n|-boost|p1a: Hatterene|spa|1\n|-boost|p1a: Hatterene|spd|1\n|\n|-heal|p1a: Hatterene|58\/100|[from] item: Leftovers\n|upkeep\n|turn|10\n|\n|t:|1700055882\n|switch|p2a: Revavroom|Revavroom, M|85\/100\n|move|p1a: Hatterene|Draining Kiss|p2a: Revavroom\n|-resisted|p2a: Revavroom\n|-damage|p2a: Revavroom|77\/100\n|-heal|p1a: Hatterene|65\/100|[from] drain|[of] p2a: Revavroom\n|\n|-heal|p1a: Hatterene|71\/100|[from] item: Leftovers\n|-heal|p2a: Revavroom|83\/100|[from] item: Black Sludge\n|upkeep\n|turn|11\n|\n|t:|1700055891\n|switch|p1a: Great Tusk|Great Tusk|78\/100\n|move|p2a: Revavroom|Iron Head|p1a: Great Tusk\n|-damage|p1a: Great Tusk|54\/100\n|\n|-heal|p2a: Revavroom|90\/100|[from] item: Black Sludge\n|upkeep\n|turn|12\n|\n|t:|1700055899\n|move|p2a: Revavroom|Parting Shot|p1a: Great Tusk\n|-unboost|p1a: Great Tusk|atk|1\n|-unboost|p1a: Great Tusk|spa|1\n|\n|t:|1700055902\n|switch|p2a: Slowbro|Slowbro, M, shiny|100\/100|[from] Parting Shot\n|move|p1a: Great Tusk|Knock Off|p2a: Slowbro\n|-supereffective|p2a: Slowbro\n|-damage|p2a: Slowbro|66\/100\n|-enditem|p2a: Slowbro|Weakness Policy\n|-boost|p2a: Slowbro|atk|2|[from] item: Weakness Policy\n|-boost|p2a: Slowbro|spa|2|[from] item: Weakness Policy\n|\n|-fieldend|move: Trick Room\n|upkeep\n|turn|13\n|\n|t:|1700055914\n|move|p1a: Great Tusk|Headlong Rush|p2a: Slowbro\n|-damage|p2a: Slowbro|33\/100\n|-unboost|p1a: Great Tusk|def|1\n|-unboost|p1a: Great Tusk|spd|1\n|move|p2a: Slowbro|Trick Room|p2a: Slowbro\n|-fieldstart|move: Trick Room|[of] p2a: Slowbro\n|\n|upkeep\n|turn|14\n|\n|t:|1700055922\n|move|p2a: Slowbro|Surf|p1a: Great Tusk\n|-supereffective|p1a: Great Tusk\n|-damage|p1a: Great Tusk|0 fnt\n|faint|p1a: Great Tusk\n|-end|p1a: Great Tusk|Protosynthesis|[silent]\n|\n|upkeep\n|\n|t:|1700055925\n|switch|p1a: Hatterene|Hatterene, F|71\/100\n|turn|15\n|\n|t:|1700055929\n|move|p2a: Slowbro|Surf|p1a: Hatterene\n|-damage|p1a: Hatterene|0 fnt\n|faint|p1a: Hatterene\n|\n|upkeep\n|\n|t:|1700055935\n|switch|p1a: Walking Wake|Walking Wake|100\/100\n|-enditem|p1a: Walking Wake|Booster Energy\n|-activate|p1a: Walking Wake|ability: Protosynthesis|[fromitem]\n|-start|p1a: Walking Wake|protosynthesisspa\n|turn|16\n|\n|t:|1700055939\n|move|p2a: Slowbro|Psychic|p1a: Walking Wake\n|-damage|p1a: Walking Wake|0 fnt\n|faint|p1a: Walking Wake\n|-end|p1a: Walking Wake|Protosynthesis|[silent]\n|\n|upkeep\n|\n|t:|1700055946\n|switch|p1a: Gholdengo|Gholdengo|100\/100\n|-item|p1a: Gholdengo|Air Balloon\n|turn|17\n|\n|t:|1700055950\n|move|p2a: Slowbro|Surf|p1a: Gholdengo\n|-damage|p1a: Gholdengo|9\/100\n|-enditem|p1a: Gholdengo|Air Balloon\n|move|p1a: Gholdengo|Shadow Ball|p2a: Slowbro\n|-supereffective|p2a: Slowbro\n|-damage|p2a: Slowbro|0 fnt\n|faint|p2a: Slowbro\n|\n|-fieldend|move: Trick Room\n|upkeep\n|\n|t:|1700055962\n|switch|p2a: Arcanine|Arcanine-Hisui, M|100\/100\n|turn|18\n|\n|t:|1700055976\n|move|p2a: Arcanine|Flare Blitz|p1a: Gholdengo\n|-supereffective|p1a: Gholdengo\n|-damage|p1a: Gholdengo|0 fnt\n|faint|p1a: Gholdengo\n|\n|upkeep\n|\n|t:|1700055978\n|switch|p1a: Kleavor|Kleavor, F|100\/100\n|turn|19\n|\n|t:|1700055983\n|switch|p2a: Revavroom|Revavroom, M|90\/100\n|-terastallize|p1a: Kleavor|Dark\n|move|p1a: Kleavor|Night Slash|p2a: Revavroom\n|-damage|p2a: Revavroom|32\/100\n|\n|-heal|p2a: Revavroom|38\/100|[from] item: Black Sludge\n|upkeep\n|turn|20\n|-message|OKOK Tryhard forfeited.\n|\n|win|dilkem\n|raw|OKOK Tryhard's rating: 1335 &rarr; <strong>1320<\/strong><br \/>(-15 for losing)\n|raw|dilkem's rating: 1420 &rarr; <strong>1435<\/strong><br \/>(+15 for winning)\n|l|\u2606OKOK Tryhard\n","uploadtime":1700056021,"views":8,"p1id":"okoktryhard","p2id":"dilkem","formatid":"gen9ou","rating":1320,"private":0,"password":""}