{"id":"gen9ou-1994696350","p1":"pokewaiter","p2":"Sle3pyonSh0wdown11","format":"[Gen 9] OU","log":"|j|\u2606pokewaiter\n|j|\u2606Sle3pyonSh0wdown11\n|t:|1700482397\n|gametype|singles\n|player|p1|pokewaiter|waiter-gen4|1214\n|player|p2|Sle3pyonSh0wdown11|102|1123\n|teamsize|p1|6\n|teamsize|p2|6\n|gen|9\n|tier|[Gen 9] OU\n|rated|\n|rule|Sleep Clause Mod: Limit one foe put to sleep\n|rule|Species Clause: Limit one of each Pok\u00e9mon\n|rule|OHKO Clause: OHKO moves are banned\n|rule|Evasion Items Clause: Evasion items are banned\n|rule|Evasion Moves Clause: Evasion moves are banned\n|rule|Endless Battle Clause: Forcing endless battles is banned\n|rule|HP Percentage Mod: HP is shown in percentages\n|clearpoke\n|poke|p1|Alomomola, F|\n|poke|p1|Slowking-Galar, F|\n|poke|p1|Kingambit, F|\n|poke|p1|Great Tusk|\n|poke|p1|Cinderace, F|\n|poke|p1|Thundurus-Therian, M|\n|poke|p2|Blissey, F|\n|poke|p2|Azumarill, F|\n|poke|p2|Scizor, M|\n|poke|p2|Quagsire, M|\n|poke|p2|Slowking, M|\n|poke|p2|Piloswine, F|\n|teampreview\n|inactive|Battle timer is ON: inactive players will automatically lose when time's up. (requested by pokewaiter)\n|\n|t:|1700482427\n|start\n|switch|p1a: Great Tusk|Great Tusk|100\/100\n|switch|p2a: Slowking|Slowking, M|100\/100\n|turn|1\n|\n|t:|1700482451\n|-end|p1a: Great Tusk|Protosynthesis|[silent]\n|switch|p1a: Kingambit|Kingambit, F|100\/100\n|move|p2a: Slowking|Chilly Reception|p2a: Slowking\n|-weather|Snow\n|\n|t:|1700482457\n|switch|p2a: Piloswine|Piloswine, F|100\/100|[from] Chilly Reception\n|\n|-weather|Snow|[upkeep]\n|upkeep\n|turn|2\n|inactive|pokewaiter has 120 seconds left.\n|\n|t:|1700482487\n|move|p1a: Kingambit|Swords Dance|p1a: Kingambit\n|-boost|p1a: Kingambit|atk|2\n|move|p2a: Piloswine|Earthquake|p1a: Kingambit\n|-supereffective|p1a: Kingambit\n|-damage|p1a: Kingambit|30\/100\n|\n|-weather|Snow|[upkeep]\n|-heal|p1a: Kingambit|36\/100|[from] item: Leftovers\n|upkeep\n|turn|3\n|inactive|pokewaiter has 120 seconds left.\n|\n|t:|1700482498\n|switch|p2a: Quagsire|Quagsire, M|100\/100\n|-terastallize|p1a: Kingambit|Flying\n|move|p1a: Kingambit|Iron Head|p2a: Quagsire\n|-resisted|p2a: Quagsire\n|-damage|p2a: Quagsire|83\/100\n|\n|-weather|Snow|[upkeep]\n|-heal|p1a: Kingambit|42\/100|[from] item: Leftovers\n|-heal|p2a: Quagsire|89\/100|[from] item: Leftovers\n|upkeep\n|turn|4\n|\n|t:|1700482507\n|move|p1a: Kingambit|Kowtow Cleave|p2a: Quagsire\n|-damage|p2a: Quagsire|51\/100\n|move|p2a: Quagsire|Toxic|p1a: Kingambit\n|-status|p1a: Kingambit|tox\n|\n|-weather|Snow|[upkeep]\n|-heal|p1a: Kingambit|48\/100 tox|[from] item: Leftovers\n|-heal|p2a: Quagsire|57\/100|[from] item: Leftovers\n|-damage|p1a: Kingambit|42\/100 tox|[from] psn\n|upkeep\n|turn|5\n|\n|t:|1700482519\n|move|p1a: Kingambit|Kowtow Cleave|p2a: Quagsire\n|-damage|p2a: Quagsire|21\/100\n|move|p2a: Quagsire|Recover|p2a: Quagsire\n|-heal|p2a: Quagsire|71\/100\n|\n|-weather|none\n|-heal|p1a: Kingambit|48\/100 tox|[from] item: Leftovers\n|-heal|p2a: Quagsire|77\/100|[from] item: Leftovers\n|-damage|p1a: Kingambit|36\/100 tox|[from] psn\n|upkeep\n|turn|6\n|\n|t:|1700482529\n|-end|p1a: Kingambit|fallenundefined|[silent]\n|switch|p1a: Thundurus|Thundurus-Therian, M|100\/100\n|move|p2a: Quagsire|Stealth Rock|p1a: Thundurus\n|-sidestart|p1: pokewaiter|move: Stealth Rock\n|\n|-heal|p2a: Quagsire|83\/100|[from] item: Leftovers\n|upkeep\n|turn|7\n|\n|t:|1700482544\n|switch|p2a: Blissey|Blissey, F|100\/100\n|move|p1a: Thundurus|Grass Knot|p2a: Blissey\n|-damage|p2a: Blissey|89\/100\n|\n|upkeep\n|turn|8\n|\n|t:|1700482556\n|switch|p1a: Great Tusk|Great Tusk|100\/100\n|-damage|p1a: Great Tusk|98\/100|[from] Stealth Rock\n|move|p2a: Blissey|Seismic Toss|p1a: Great Tusk\n|-damage|p1a: Great Tusk|71\/100\n|-damage|p2a: Blissey|73\/100|[from] item: Rocky Helmet|[of] p1a: Great Tusk\n|\n|upkeep\n|turn|9\n|\n|t:|1700482569\n|switch|p2a: Slowking|Slowking, M|100\/100\n|move|p1a: Great Tusk|Rapid Spin|p2a: Slowking\n|-damage|p2a: Slowking|86\/100\n|-boost|p1a: Great Tusk|spe|1\n|-sideend|p1: pokewaiter|Stealth Rock|[from] move: Rapid Spin|[of] p1a: Great Tusk\n|\n|upkeep\n|turn|10\n|\n|t:|1700482580\n|-end|p1a: Great Tusk|Protosynthesis|[silent]\n|switch|p1a: Slowking|Slowking-Galar, F|100\/100\n|move|p2a: Slowking|Scald|p1a: Slowking\n|-damage|p1a: Slowking|84\/100\n|\n|upkeep\n|turn|11\n|\n|t:|1700482589\n|move|p2a: Slowking|Chilly Reception|p2a: Slowking\n|-weather|Snow\n|\n|t:|1700482593\n|switch|p2a: Piloswine|Piloswine, F|100\/100|[from] Chilly Reception\n|move|p1a: Slowking|Future Sight|p2a: Piloswine\n|-start|p1a: Slowking|move: Future Sight\n|\n|-weather|Snow|[upkeep]\n|upkeep\n|turn|12\n|\n|t:|1700482613\n|switch|p1a: Alomomola|Alomomola, F|100\/100\n|move|p2a: Piloswine|Ice Shard|p1a: Alomomola\n|-resisted|p1a: Alomomola\n|-damage|p1a: Alomomola|94\/100\n|-enditem|p1a: Alomomola|Red Card|[of] p2a: Piloswine\n|drag|p2a: Azumarill|Azumarill, F|100\/100\n|\n|-weather|Snow|[upkeep]\n|upkeep\n|turn|13\n|\n|t:|1700482631\n|move|p2a: Azumarill|Belly Drum|p2a: Azumarill\n|-damage|p2a: Azumarill|50\/100\n|-setboost|p2a: Azumarill|atk|6|[from] move: Belly Drum\n|-enditem|p2a: Azumarill|Sitrus Berry|[eat]\n|-heal|p2a: Azumarill|75\/100|[from] item: Sitrus Berry\n|move|p1a: Alomomola|Flip Turn|p2a: Azumarill\n|-resisted|p2a: Azumarill\n|-damage|p2a: Azumarill|67\/100\n|inactive|pokewaiter has 120 seconds left.\n|\n|t:|1700482657\n|switch|p1a: Great Tusk|Great Tusk|71\/100|[from] Flip Turn\n|\n|-weather|Snow|[upkeep]\n|-end|p2a: Azumarill|move: Future Sight\n|-damage|p2a: Azumarill|22\/100\n|upkeep\n|turn|14\n|inactive|pokewaiter has 120 seconds left.\n|\n|t:|1700482666\n|move|p2a: Azumarill|Aqua Jet|p1a: Great Tusk\n|-supereffective|p1a: Great Tusk\n|-damage|p1a: Great Tusk|0 fnt\n|-damage|p2a: Azumarill|5\/100|[from] item: Rocky Helmet|[of] p1a: Great Tusk\n|faint|p1a: Great Tusk\n|-end|p1a: Great Tusk|Protosynthesis|[silent]\n|\n|-weather|Snow|[upkeep]\n|upkeep\n|\n|t:|1700482670\n|switch|p1a: Alomomola|Alomomola, F|100\/100\n|turn|15\n|\n|t:|1700482677\n|move|p2a: Azumarill|Aqua Jet|p1a: Alomomola\n|-resisted|p1a: Alomomola\n|-damage|p1a: Alomomola|70\/100\n|move|p1a: Alomomola|Flip Turn|p2a: Azumarill\n|-resisted|p2a: Azumarill\n|-damage|p2a: Azumarill|0 fnt\n|faint|p2a: Azumarill\n|\n|t:|1700482684\n|switch|p1a: Thundurus|Thundurus-Therian, M|100\/100|[from] Flip Turn\n|\n|-weather|none\n|upkeep\n|\n|t:|1700482693\n|switch|p2a: Piloswine|Piloswine, F|100\/100\n|turn|16\n|\n|t:|1700482704\n|switch|p1a: Cinderace|Cinderace, F|100\/100\n|move|p2a: Piloswine|Freeze-Dry|p1a: Cinderace\n|-resisted|p1a: Cinderace\n|-damage|p1a: Cinderace|89\/100\n|\n|upkeep\n|turn|17\n|\n|t:|1700482713\n|move|p1a: Cinderace|U-turn|p2a: Piloswine\n|-start|p1a: Cinderace|typechange|Bug|[from] ability: Libero\n|-damage|p2a: Piloswine|79\/100\n|\n|t:|1700482715\n|switch|p1a: Thundurus|Thundurus-Therian, M|100\/100|[from] U-turn\n|move|p2a: Piloswine|Earthquake|p1a: Thundurus\n|-immune|p1a: Thundurus\n|\n|upkeep\n|turn|18\n|\n|t:|1700482725\n|switch|p2a: Blissey|Blissey, F|73\/100\n|move|p1a: Thundurus|Grass Knot|p2a: Blissey\n|-damage|p2a: Blissey|63\/100\n|\n|upkeep\n|turn|19\n|\n|t:|1700482734\n|switch|p1a: Kingambit|Kingambit, F, tera:Flying|36\/100 tox\n|-activate|p1a: Kingambit|ability: Supreme Overlord\n|-start|p1a: Kingambit|fallen1|[silent]\n|move|p2a: Blissey|Soft-Boiled|p2a: Blissey\n|-heal|p2a: Blissey|100\/100\n|\n|-heal|p1a: Kingambit|42\/100 tox|[from] item: Leftovers\n|-damage|p1a: Kingambit|36\/100 tox|[from] psn\n|upkeep\n|turn|20\n|\n|t:|1700482763\n|switch|p2a: Scizor|Scizor, M|100\/100\n|move|p1a: Kingambit|Kowtow Cleave|p2a: Scizor\n|-damage|p2a: Scizor|43\/100\n|\n|-heal|p1a: Kingambit|42\/100 tox|[from] item: Leftovers\n|-damage|p1a: Kingambit|30\/100 tox|[from] psn\n|upkeep\n|turn|21\n|\n|t:|1700482775\n|move|p2a: Scizor|Bullet Punch|p1a: Kingambit\n|-damage|p1a: Kingambit|0 fnt\n|faint|p1a: Kingambit\n|-end|p1a: Kingambit|fallen1|[silent]\n|\n|upkeep\n|\n|t:|1700482779\n|switch|p1a: Cinderace|Cinderace, F|89\/100\n|turn|22\n|\n|t:|1700482784\n|switch|p2a: Slowking|Slowking, M|100\/100\n|move|p1a: Cinderace|Will-O-Wisp|p2a: Slowking\n|-status|p2a: Slowking|brn\n|\n|-damage|p2a: Slowking|94\/100 brn|[from] brn\n|upkeep\n|turn|23\n|\n|t:|1700482808\n|move|p1a: Cinderace|U-turn|p2a: Slowking\n|-start|p1a: Cinderace|typechange|Bug|[from] ability: Libero\n|-supereffective|p2a: Slowking\n|-damage|p2a: Slowking|41\/100 brn\n|\n|t:|1700482822\n|switch|p1a: Thundurus|Thundurus-Therian, M|100\/100|[from] U-turn\n|move|p2a: Slowking|Chilly Reception|p2a: Slowking\n|-weather|Snow\n|\n|t:|1700482841\n|switch|p2a: Quagsire|Quagsire, M|83\/100|[from] Chilly Reception\n|\n|-weather|Snow|[upkeep]\n|-heal|p2a: Quagsire|89\/100|[from] item: Leftovers\n|upkeep\n|turn|24\n|\n|t:|1700482851\n|-terastallize|p2a: Quagsire|Grass\n|move|p1a: Thundurus|Grass Knot|p2a: Quagsire\n|-resisted|p2a: Quagsire\n|-damage|p2a: Quagsire|59\/100\n|move|p2a: Quagsire|Toxic|p1a: Thundurus\n|-status|p1a: Thundurus|tox\n|\n|-weather|Snow|[upkeep]\n|-heal|p2a: Quagsire|65\/100|[from] item: Leftovers\n|-damage|p1a: Thundurus|94\/100 tox|[from] psn\n|upkeep\n|turn|25\n|\n|t:|1700482863\n|switch|p1a: Slowking|Slowking-Galar, F|100\/100\n|move|p2a: Quagsire|Stealth Rock|p1a: Slowking\n|-sidestart|p1: pokewaiter|move: Stealth Rock\n|\n|-weather|Snow|[upkeep]\n|-heal|p2a: Quagsire|71\/100|[from] item: Leftovers\n|upkeep\n|turn|26\n|\n|t:|1700482870\n|move|p2a: Quagsire|Earthquake|p1a: Slowking\n|-supereffective|p1a: Slowking\n|-damage|p1a: Slowking|37\/100\n|move|p1a: Slowking|Sludge Bomb|p2a: Quagsire\n|-supereffective|p2a: Quagsire\n|-damage|p2a: Quagsire|0 fnt\n|faint|p2a: Quagsire\n|\n|-weather|Snow|[upkeep]\n|upkeep\n|\n|t:|1700482886\n|switch|p2a: Scizor|Scizor, M|43\/100\n|turn|27\n|\n|t:|1700482893\n|switch|p1a: Alomomola|Alomomola, F|100\/100\n|-damage|p1a: Alomomola|88\/100|[from] Stealth Rock\n|move|p2a: Scizor|U-turn|p1a: Alomomola\n|-damage|p1a: Alomomola|52\/100\n|\n|t:|1700482908\n|switch|p2a: Slowking|Slowking, M|74\/100 brn|[from] U-turn\n|\n|-weather|none\n|-damage|p2a: Slowking|68\/100 brn|[from] brn\n|upkeep\n|turn|28\n|\n|t:|1700482924\n|move|p1a: Alomomola|Wish|p1a: Alomomola\n|move|p2a: Slowking|Chilly Reception|p2a: Slowking\n|-weather|Snow\n|inactive|Sle3pyonSh0wdown11 has 120 seconds left.\n|\n|t:|1700482935\n|switch|p2a: Blissey|Blissey, F|100\/100|[from] Chilly Reception\n|\n|-weather|Snow|[upkeep]\n|upkeep\n|turn|29\n|\n|t:|1700482943\n|move|p2a: Blissey|Seismic Toss|p1a: Alomomola\n|-damage|p1a: Alomomola|30\/100\n|move|p1a: Alomomola|Flip Turn|p2a: Blissey\n|-damage|p2a: Blissey|85\/100\n|\n|t:|1700482952\n|switch|p1a: Cinderace|Cinderace, F|89\/100|[from] Flip Turn\n|\n|-weather|Snow|[upkeep]\n|-heal|p1a: Cinderace|100\/100|[from] move: Wish|[wisher] Alomomola\n|upkeep\n|turn|30\n|inactive|Sle3pyonSh0wdown11 has 120 seconds left.\n|\n|t:|1700482974\n|switch|p2a: Scizor|Scizor, M|43\/100\n|move|p1a: Cinderace|U-turn|p2a: Scizor\n|-start|p1a: Cinderace|typechange|Bug|[from] ability: Libero\n|-resisted|p2a: Scizor\n|-damage|p2a: Scizor|26\/100\n|\n|t:|1700482985\n|switch|p1a: Alomomola|Alomomola, F|64\/100|[from] U-turn\n|-damage|p1a: Alomomola|51\/100|[from] Stealth Rock\n|\n|-weather|Snow|[upkeep]\n|upkeep\n|turn|31\n|\n|t:|1700482994\n|move|p2a: Scizor|U-turn|p1a: Alomomola\n|-damage|p1a: Alomomola|13\/100\n|\n|t:|1700483006\n|switch|p2a: Slowking|Slowking, M|100\/100 brn|[from] U-turn\n|move|p1a: Alomomola|Wish|p1a: Alomomola\n|\n|-weather|Snow|[upkeep]\n|-damage|p2a: Slowking|94\/100 brn|[from] brn\n|upkeep\n|turn|32\n|inactive|Sle3pyonSh0wdown11 has 120 seconds left.\n|\n|t:|1700483030\n|switch|p1a: Slowking|Slowking-Galar, F|71\/100\n|move|p2a: Slowking|Thunder Wave|p1a: Slowking\n|-status|p1a: Slowking|par\n|\n|-weather|none\n|-heal|p1a: Slowking|100\/100 par|[from] move: Wish|[wisher] Alomomola\n|-damage|p2a: Slowking|88\/100 brn|[from] brn\n|upkeep\n|turn|33\n|inactive|Sle3pyonSh0wdown11 has 120 seconds left.\n|\n|t:|1700483055\n|move|p2a: Slowking|Scald|p1a: Slowking\n|-damage|p1a: Slowking|84\/100 par\n|move|p1a: Slowking|Future Sight|p2a: Slowking\n|-start|p1a: Slowking|move: Future Sight\n|\n|-damage|p2a: Slowking|82\/100 brn|[from] brn\n|upkeep\n|turn|34\n|\n|t:|1700483063\n|move|p2a: Slowking|Chilly Reception|p2a: Slowking\n|-weather|Snow\n|\n|t:|1700483066\n|switch|p2a: Blissey|Blissey, F|85\/100|[from] Chilly Reception\n|cant|p1a: Slowking|par\n|\n|-weather|Snow|[upkeep]\n|upkeep\n|turn|35\n|\n|t:|1700483076\n|move|p2a: Blissey|Shadow Ball|p1a: Slowking\n|-supereffective|p1a: Slowking\n|-damage|p1a: Slowking|67\/100 par\n|move|p1a: Slowking|Chilly Reception|p1a: Slowking\n|\n|t:|1700483092\n|switch|p1a: Cinderace|Cinderace, F|100\/100|[from] Chilly Reception\n|\n|-weather|Snow|[upkeep]\n|-end|p2a: Blissey|move: Future Sight\n|-damage|p2a: Blissey|70\/100\n|upkeep\n|turn|36\n|inactive|Sle3pyonSh0wdown11 has 120 seconds left.\n|inactive|Sle3pyonSh0wdown11 has 90 seconds left.\n|\n|t:|1700483128\n|switch|p2a: Piloswine|Piloswine, F|79\/100\n|move|p1a: Cinderace|Court Change|p1a: Cinderace\n|-start|p1a: Cinderace|typechange|Normal|[from] ability: Libero\n|-swapsideconditions\n|-activate|p1a: Cinderace|move: Court Change\n|\n|-weather|Snow|[upkeep]\n|upkeep\n|turn|37\n|inactive|Sle3pyonSh0wdown11 has 90 seconds left.\n|\n|t:|1700483146\n|move|p1a: Cinderace|Will-O-Wisp|p2a: Piloswine\n|-status|p2a: Piloswine|brn\n|move|p2a: Piloswine|Earthquake|p1a: Cinderace\n|-damage|p1a: Cinderace|67\/100\n|\n|-weather|Snow|[upkeep]\n|-damage|p2a: Piloswine|73\/100 brn|[from] brn\n|upkeep\n|turn|38\n|inactive|Sle3pyonSh0wdown11 has 90 seconds left.\n|\n|t:|1700483165\n|move|p1a: Cinderace|U-turn|p2a: Piloswine\n|-damage|p2a: Piloswine|63\/100 brn\n|\n|t:|1700483175\n|switch|p1a: Alomomola|Alomomola, F|46\/100|[from] U-turn\n|move|p2a: Piloswine|Earthquake|p1a: Alomomola\n|-damage|p1a: Alomomola|33\/100\n|\n|-weather|none\n|-damage|p2a: Piloswine|57\/100 brn|[from] brn\n|upkeep\n|turn|39\n|inactive|Sle3pyonSh0wdown11 has 90 seconds left.\n|\n|t:|1700483186\n|move|p2a: Piloswine|Freeze-Dry|p1a: Alomomola\n|-supereffective|p1a: Alomomola\n|-damage|p1a: Alomomola|2\/100\n|move|p1a: Alomomola|Wish|p1a: Alomomola\n|\n|-damage|p2a: Piloswine|50\/100 brn|[from] brn\n|upkeep\n|turn|40\n|inactive|Sle3pyonSh0wdown11 has 90 seconds left.\n|\n|t:|1700483201\n|switch|p1a: Thundurus|Thundurus-Therian, M|94\/100 tox\n|move|p2a: Piloswine|Ice Shard|p1a: Thundurus\n|-supereffective|p1a: Thundurus\n|-damage|p1a: Thundurus|65\/100 tox\n|\n|-heal|p1a: Thundurus|100\/100 tox|[from] move: Wish|[wisher] Alomomola\n|-damage|p1a: Thundurus|94\/100 tox|[from] psn\n|-damage|p2a: Piloswine|44\/100 brn|[from] brn\n|upkeep\n|turn|41\n|inactive|Sle3pyonSh0wdown11 has 90 seconds left.\n|\n|t:|1700483215\n|switch|p2a: Blissey|Blissey, F|70\/100\n|move|p1a: Thundurus|Volt Switch|p2a: Blissey\n|-damage|p2a: Blissey|51\/100\n|\n|t:|1700483221\n|switch|p1a: Cinderace|Cinderace, F|67\/100|[from] Volt Switch\n|\n|upkeep\n|turn|42\n|inactive|Sle3pyonSh0wdown11 has 90 seconds left.\n|\n|t:|1700483239\n|move|p1a: Cinderace|Pyro Ball|p2a: Blissey\n|-damage|p2a: Blissey|0 fnt\n|faint|p2a: Blissey\n|\n|upkeep\n|inactive|Sle3pyonSh0wdown11 has 90 seconds left.\n|\n|t:|1700483245\n|switch|p2a: Slowking|Slowking, M|100\/100 brn\n|turn|43\n|\n|t:|1700483250\n|move|p1a: Cinderace|U-turn|p2a: Slowking\n|-start|p1a: Cinderace|typechange|Bug|[from] ability: Libero\n|-supereffective|p2a: Slowking\n|-damage|p2a: Slowking|41\/100 brn\n|\n|t:|1700483254\n|switch|p1a: Thundurus|Thundurus-Therian, M|94\/100 tox|[from] U-turn\n|move|p2a: Slowking|Thunder Wave|p1a: Thundurus\n|-heal|p1a: Thundurus|100\/100 tox|[from] ability: Volt Absorb|[of] p2a: Slowking\n|\n|-damage|p1a: Thundurus|94\/100 tox|[from] psn\n|-damage|p2a: Slowking|35\/100 brn|[from] brn\n|upkeep\n|turn|44\n|c|\u2606pokewaiter|thanks\n|c|\u2606Sle3pyonSh0wdown11|yeah gg\n|c|\u2606Sle3pyonSh0wdown11|had to gamble\n|c|\u2606pokewaiter|your stall team is kinda weird\n|inactive|Sle3pyonSh0wdown11 has 90 seconds left.\n|c|\u2606pokewaiter|why use so many bad mons\n|c|\u2606Sle3pyonSh0wdown11|doing monogens with friends\n|c|\u2606Sle3pyonSh0wdown11|gen 2 is dog\n|c|\u2606pokewaiter|ah i see\n|c|\u2606pokewaiter|fr\n|c|\u2606pokewaiter|still stall is formidable\n|c|\u2606Sle3pyonSh0wdown11|yup\n|c|\u2606Sle3pyonSh0wdown11|happy i got this far\n|c|\u2606Sle3pyonSh0wdown11|gg\n|c|\u2606pokewaiter|wouldnt be surprised if you could get people to rq off the start\n|inactive|Sle3pyonSh0wdown11 has 60 seconds left.\n|c|\u2606pokewaiter|gg\n|-message|Sle3pyonSh0wdown11 forfeited.\n|\n|win|pokewaiter\n|raw|pokewaiter's rating: 1214 &rarr; <strong>1233<\/strong><br \/>(+19 for winning)\n|raw|Sle3pyonSh0wdown11's rating: 1123 &rarr; <strong>1104<\/strong><br \/>(-19 for losing)\n|l|\u2606Sle3pyonSh0wdown11\n","uploadtime":1700483322,"views":7,"p1id":"pokewaiter","p2id":"sle3pyonsh0wdown11","formatid":"gen9ou","rating":1104,"private":0,"password":""}