{"id":"gen9ou-1990535930","p1":"taw","p2":"MooMooPookie","format":"[Gen 9] OU","log":"|j|\u2606taw\n|j|\u2606MooMooPookie\n|t:|1699979502\n|gametype|singles\n|player|p1|taw|2|1589\n|player|p2|MooMooPookie|misty|1483\n|teamsize|p1|6\n|teamsize|p2|6\n|gen|9\n|tier|[Gen 9] OU\n|rated|\n|rule|Sleep Clause Mod: Limit one foe put to sleep\n|rule|Species Clause: Limit one of each Pok\u00e9mon\n|rule|OHKO Clause: OHKO moves are banned\n|rule|Evasion Items Clause: Evasion items are banned\n|rule|Evasion Moves Clause: Evasion moves are banned\n|rule|Endless Battle Clause: Forcing endless battles is banned\n|rule|HP Percentage Mod: HP is shown in percentages\n|clearpoke\n|poke|p1|Zapdos|\n|poke|p1|Dragapult, F|\n|poke|p1|Heatran, M|\n|poke|p1|Quaquaval, M|\n|poke|p1|Glimmora, M|\n|poke|p1|Greninja-*, M|\n|poke|p2|Slowking-Galar, F|\n|poke|p2|Iron Moth|\n|poke|p2|Corviknight, F|\n|poke|p2|Dondozo, F|\n|poke|p2|Meowscarada, F|\n|poke|p2|Thundurus-Therian, M|\n|teampreview\n|\n|t:|1699979509\n|start\n|switch|p1a: Glimmora|Glimmora, M|100\/100\n|switch|p2a: Slowking|Slowking-Galar, F|100\/100\n|turn|1\n|\n|t:|1699979517\n|move|p1a: Glimmora|Earth Power|p2a: Slowking\n|-supereffective|p2a: Slowking\n|-damage|p2a: Slowking|61\/100\n|move|p2a: Slowking|Future Sight|p1a: Glimmora\n|-start|p2a: Slowking|move: Future Sight\n|\n|-heal|p2a: Slowking|68\/100|[from] item: Black Sludge\n|upkeep\n|turn|2\n|\n|t:|1699979524\n|move|p1a: Glimmora|Stealth Rock|p2a: Slowking\n|-sidestart|p2: MooMooPookie|move: Stealth Rock\n|move|p2a: Slowking|Chilly Reception|p2a: Slowking\n|-weather|Snow\n|\n|t:|1699979530\n|switch|p2a: Corviknight|Corviknight, F, shiny|100\/100|[from] Chilly Reception\n|-damage|p2a: Corviknight|88\/100|[from] Stealth Rock\n|-ability|p2a: Corviknight|Pressure\n|\n|-weather|Snow|[upkeep]\n|upkeep\n|turn|3\n|\n|t:|1699979539\n|switch|p1a: Heatran|Heatran, M|100\/100\n|move|p2a: Corviknight|Defog|p1a: Heatran\n|-unboost|p1a: Heatran|evasion|1\n|-sideend|p2: MooMooPookie|Stealth Rock|[from] move: Defog|[of] p2a: Corviknight\n|\n|-weather|Snow|[upkeep]\n|-end|p1a: Heatran|move: Future Sight\n|-resisted|p1a: Heatran\n|-damage|p1a: Heatran|87\/100\n|-heal|p1a: Heatran|93\/100|[from] item: Leftovers\n|upkeep\n|turn|4\n|\n|t:|1699979554\n|switch|p2a: Slowking|Slowking-Galar, F|100\/100\n|move|p1a: Heatran|Magma Storm|p2a: Slowking|[miss]\n|-miss|p1a: Heatran|p2a: Slowking\n|\n|-weather|Snow|[upkeep]\n|-heal|p1a: Heatran|99\/100|[from] item: Leftovers\n|upkeep\n|turn|5\n|\n|t:|1699979563\n|switch|p2a: Thundurus|Thundurus-Therian, M|100\/100\n|move|p1a: Heatran|Will-O-Wisp|p2a: Thundurus|[miss]\n|-miss|p1a: Heatran|p2a: Thundurus\n|\n|-weather|Snow|[upkeep]\n|-heal|p1a: Heatran|100\/100|[from] item: Leftovers\n|upkeep\n|turn|6\n|\n|t:|1699979576\n|move|p2a: Thundurus|Volt Switch|p1a: Heatran\n|-damage|p1a: Heatran|73\/100\n|\n|t:|1699979580\n|switch|p2a: Slowking|Slowking-Galar, F|100\/100|[from] Volt Switch\n|move|p1a: Heatran|Magma Storm|p2a: Slowking\n|-damage|p2a: Slowking|76\/100\n|-activate|p2a: Slowking|move: Magma Storm|[of] p1a: Heatran\n|\n|-weather|none\n|-heal|p1a: Heatran|80\/100|[from] item: Leftovers\n|-heal|p2a: Slowking|82\/100|[from] item: Black Sludge\n|-damage|p2a: Slowking|70\/100|[from] move: Magma Storm|[partiallytrapped]\n|upkeep\n|turn|7\n|-message|MooMooPookie forfeited.\n|\n|win|taw\n|raw|taw's rating: 1589 &rarr; <strong>1603<\/strong><br \/>(+14 for winning)\n|raw|MooMooPookie's rating: 1483 &rarr; <strong>1469<\/strong><br \/>(-14 for losing)\n|l|\u2606MooMooPookie\n","uploadtime":1699979594,"views":5,"p1id":"taw","p2id":"moomoopookie","formatid":"gen9ou","rating":1469,"private":0,"password":""}