{"id":"gen9ou-1993880484","p1":"Rhyfinn08","p2":"Professor Doomsday","format":"[Gen 9] OU","log":"|j|\u2606Rhyfinn08\n|j|\u2606Professor Doomsday\n|t:|1700369306\n|gametype|singles\n|player|p1|Rhyfinn08|ninjaboy|1034\n|player|p2|Professor Doomsday|lass-gen4dp|1065\n|teamsize|p1|6\n|teamsize|p2|6\n|gen|9\n|tier|[Gen 9] OU\n|rated|\n|rule|Sleep Clause Mod: Limit one foe put to sleep\n|rule|Species Clause: Limit one of each Pok\u00e9mon\n|rule|OHKO Clause: OHKO moves are banned\n|rule|Evasion Items Clause: Evasion items are banned\n|rule|Evasion Moves Clause: Evasion moves are banned\n|rule|Endless Battle Clause: Forcing endless battles is banned\n|rule|HP Percentage Mod: HP is shown in percentages\n|clearpoke\n|poke|p1|Ribombee, F|\n|poke|p1|Ogerpon-Cornerstone, F|\n|poke|p1|Gholdengo|\n|poke|p1|Kingambit, F|\n|poke|p1|Iron Moth|\n|poke|p1|Manaphy|\n|poke|p2|Rillaboom, M|\n|poke|p2|Sneasler, F|\n|poke|p2|Heatran, F|\n|poke|p2|Great Tusk|\n|poke|p2|Greninja-*, M|\n|poke|p2|Dragonite, M|\n|teampreview\n|inactive|Battle timer is ON: inactive players will automatically lose when time's up. (requested by Rhyfinn08)\n|\n|t:|1700369310\n|start\n|switch|p1a: Ribombee|Ribombee, F|100\/100\n|switch|p2a: Heatran|Heatran, F|100\/100\n|turn|1\n|\n|t:|1700369318\n|move|p1a: Ribombee|Sticky Web|p2a: Heatran\n|-sidestart|p2: Professor Doomsday|move: Sticky Web\n|move|p2a: Heatran|Taunt|p1a: Ribombee\n|-start|p1a: Ribombee|move: Taunt\n|\n|upkeep\n|turn|2\n|\n|t:|1700369327\n|switch|p1a: Manaphy|Manaphy|100\/100\n|move|p2a: Heatran|Magma Storm|p1a: Manaphy\n|-resisted|p1a: Manaphy\n|-damage|p1a: Manaphy|73\/100\n|-activate|p1a: Manaphy|move: Magma Storm|[of] p2a: Heatran\n|\n|-heal|p1a: Manaphy|79\/100|[from] item: Leftovers\n|-damage|p1a: Manaphy|66\/100|[from] move: Magma Storm|[partiallytrapped]\n|upkeep\n|turn|3\n|\n|t:|1700369349\n|move|p1a: Manaphy|Tail Glow|p1a: Manaphy\n|-boost|p1a: Manaphy|spa|3\n|move|p2a: Heatran|Magma Storm|p1a: Manaphy\n|-resisted|p1a: Manaphy\n|-damage|p1a: Manaphy|40\/100\n|\n|-heal|p1a: Manaphy|46\/100|[from] item: Leftovers\n|-damage|p1a: Manaphy|34\/100|[from] move: Magma Storm|[partiallytrapped]\n|upkeep\n|turn|4\n|inactive|Professor Doomsday has 120 seconds left.\n|\n|t:|1700369372\n|-terastallize|p2a: Heatran|Grass\n|move|p1a: Manaphy|Surf|p2a: Heatran\n|-resisted|p2a: Heatran\n|-damage|p2a: Heatran|50\/100\n|move|p2a: Heatran|Magma Storm|p1a: Manaphy\n|-resisted|p1a: Manaphy\n|-damage|p1a: Manaphy|6\/100\n|\n|-heal|p1a: Manaphy|13\/100|[from] item: Leftovers\n|-heal|p2a: Heatran|56\/100|[from] item: Leftovers\n|-damage|p1a: Manaphy|0 fnt|[from] move: Magma Storm|[partiallytrapped]\n|faint|p1a: Manaphy\n|upkeep\n|\n|t:|1700369392\n|switch|p1a: Ogerpon|Ogerpon-Cornerstone, F|100\/100\n|turn|5\n|\n|t:|1700369402\n|move|p1a: Ogerpon|Ivy Cudgel|p2a: Heatran|[anim] Ivy Cudgel Rock\n|-damage|p2a: Heatran|0 fnt\n|faint|p2a: Heatran\n|\n|upkeep\n|\n|t:|1700369406\n|switch|p2a: Great Tusk|Great Tusk|100\/100\n|turn|6\n|\n|t:|1700369410\n|switch|p1a: Gholdengo|Gholdengo|100\/100\n|move|p2a: Great Tusk|Rapid Spin|p1a: Gholdengo\n|-immune|p1a: Gholdengo\n|\n|upkeep\n|turn|7\n|\n|t:|1700369417\n|move|p1a: Gholdengo|Make It Rain|p2a: Great Tusk\n|-damage|p2a: Great Tusk|11\/100\n|-unboost|p1a: Gholdengo|spa|1\n|move|p2a: Great Tusk|Headlong Rush|p1a: Gholdengo\n|-supereffective|p1a: Gholdengo\n|-crit|p1a: Gholdengo\n|-damage|p1a: Gholdengo|0 fnt\n|-unboost|p2a: Great Tusk|def|1\n|-unboost|p2a: Great Tusk|spd|1\n|faint|p1a: Gholdengo\n|\n|upkeep\n|\n|t:|1700369428\n|switch|p1a: Ribombee|Ribombee, F|100\/100\n|turn|8\n|\n|t:|1700369448\n|-end|p2a: Great Tusk|Protosynthesis|[silent]\n|switch|p2a: Sneasler|Sneasler, F|100\/100\n|-activate|p2a: Sneasler|move: Sticky Web\n|-unboost|p2a: Sneasler|spe|1\n|move|p1a: Ribombee|Moonblast|p2a: Sneasler\n|-damage|p2a: Sneasler|63\/100\n|-unboost|p2a: Sneasler|spa|1\n|\n|upkeep\n|turn|9\n|\n|t:|1700369458\n|move|p1a: Ribombee|Psychic|p2a: Sneasler\n|-supereffective|p2a: Sneasler\n|-damage|p2a: Sneasler|0 fnt\n|faint|p2a: Sneasler\n|\n|upkeep\n|\n|t:|1700369468\n|switch|p2a: Rillaboom|Rillaboom, M|100\/100\n|-activate|p2a: Rillaboom|move: Sticky Web\n|-unboost|p2a: Rillaboom|spe|1\n|-fieldstart|move: Grassy Terrain|[from] ability: Grassy Surge|[of] p2a: Rillaboom\n|turn|10\n|\n|t:|1700369487\n|move|p2a: Rillaboom|Grassy Glide|p1a: Ribombee\n|-resisted|p1a: Ribombee\n|-damage|p1a: Ribombee|55\/100\n|move|p1a: Ribombee|Moonblast|p2a: Rillaboom\n|-damage|p2a: Rillaboom|57\/100\n|\n|-heal|p1a: Ribombee|61\/100|[from] Grassy Terrain\n|-heal|p2a: Rillaboom|64\/100|[from] Grassy Terrain\n|upkeep\n|turn|11\n|\n|t:|1700369497\n|switch|p1a: Iron Moth|Iron Moth|100\/100\n|-enditem|p1a: Iron Moth|Booster Energy\n|-activate|p1a: Iron Moth|ability: Quark Drive|[fromitem]\n|-start|p1a: Iron Moth|quarkdrivespa\n|move|p2a: Rillaboom|Grassy Glide|p1a: Iron Moth\n|-resisted|p1a: Iron Moth\n|-damage|p1a: Iron Moth|77\/100\n|\n|-heal|p1a: Iron Moth|83\/100|[from] Grassy Terrain\n|-heal|p2a: Rillaboom|70\/100|[from] Grassy Terrain\n|upkeep\n|turn|12\n|\n|t:|1700369514\n|switch|p2a: Greninja|Greninja, M|100\/100\n|-activate|p2a: Greninja|move: Sticky Web\n|-unboost|p2a: Greninja|spe|1\n|move|p1a: Iron Moth|Substitute|p1a: Iron Moth\n|-start|p1a: Iron Moth|Substitute\n|-damage|p1a: Iron Moth|58\/100\n|\n|-heal|p1a: Iron Moth|64\/100|[from] Grassy Terrain\n|upkeep\n|turn|13\n|\n|t:|1700369525\n|move|p2a: Greninja|Water Shuriken|p1a: Iron Moth\n|-supereffective|p1a: Iron Moth\n|-activate|p1a: Iron Moth|move: Substitute|[damage]\n|-supereffective|p1a: Iron Moth\n|-end|p1a: Iron Moth|Substitute\n|-supereffective|p1a: Iron Moth\n|-damage|p1a: Iron Moth|45\/100\n|-supereffective|p1a: Iron Moth\n|-damage|p1a: Iron Moth|27\/100\n|-supereffective|p1a: Iron Moth\n|-damage|p1a: Iron Moth|9\/100\n|-hitcount|p1a: Iron Moth|5\n|-damage|p2a: Greninja|91\/100|[from] item: Life Orb\n|move|p1a: Iron Moth|Discharge|p2a: Greninja\n|-supereffective|p2a: Greninja\n|-damage|p2a: Greninja|0 fnt\n|faint|p2a: Greninja\n|\n|-heal|p1a: Iron Moth|15\/100|[from] Grassy Terrain\n|upkeep\n|inactive|Professor Doomsday has 120 seconds left.\n|\n|t:|1700369540\n|switch|p2a: Dragonite|Dragonite, M|100\/100\n|turn|14\n|\n|t:|1700369551\n|-end|p1a: Iron Moth|Quark Drive|[silent]\n|switch|p1a: Ribombee|Ribombee, F|61\/100\n|move|p2a: Dragonite|Dragon Dance|p2a: Dragonite\n|-boost|p2a: Dragonite|atk|1\n|-boost|p2a: Dragonite|spe|1\n|\n|-heal|p1a: Ribombee|67\/100|[from] Grassy Terrain\n|-fieldend|move: Grassy Terrain\n|upkeep\n|turn|15\n|\n|t:|1700369559\n|move|p2a: Dragonite|Extreme Speed|p1a: Ribombee\n|-damage|p1a: Ribombee|0 fnt\n|faint|p1a: Ribombee\n|\n|upkeep\n|\n|t:|1700369561\n|switch|p1a: Ogerpon|Ogerpon-Cornerstone, F|100\/100\n|turn|16\n|\n|t:|1700369571\n|-terastallize|p1a: Ogerpon|Rock\n|detailschange|p1a: Ogerpon|Ogerpon-Cornerstone-Tera, F, tera:Rock\n|-ability|p1a: Ogerpon|Embody Aspect (Cornerstone)|boost\n|-boost|p1a: Ogerpon|def|1\n|move|p1a: Ogerpon|Ivy Cudgel|p2a: Dragonite|[anim] Ivy Cudgel Rock\n|-supereffective|p2a: Dragonite\n|-damage|p2a: Dragonite|26\/100\n|move|p2a: Dragonite|Earthquake|p1a: Ogerpon\n|-supereffective|p1a: Ogerpon\n|-damage|p1a: Ogerpon|5\/100\n|\n|upkeep\n|turn|17\n|\n|t:|1700369581\n|move|p2a: Dragonite|Extreme Speed|p1a: Ogerpon\n|-resisted|p1a: Ogerpon\n|-damage|p1a: Ogerpon|0 fnt\n|faint|p1a: Ogerpon\n|\n|upkeep\n|\n|t:|1700369587\n|switch|p1a: Kingambit|Kingambit, F|100\/100\n|-activate|p1a: Kingambit|ability: Supreme Overlord\n|-start|p1a: Kingambit|fallen4|[silent]\n|turn|18\n|\n|t:|1700369595\n|move|p2a: Dragonite|Roost|p2a: Dragonite\n|-heal|p2a: Dragonite|77\/100\n|-singleturn|p2a: Dragonite|move: Roost\n|move|p1a: Kingambit|Brick Break|p2a: Dragonite\n|-damage|p2a: Dragonite|28\/100\n|\n|upkeep\n|turn|19\n|\n|t:|1700369603\n|move|p2a: Dragonite|Roost|p2a: Dragonite\n|-heal|p2a: Dragonite|78\/100\n|-singleturn|p2a: Dragonite|move: Roost\n|move|p1a: Kingambit|Iron Head|p2a: Dragonite\n|-damage|p2a: Dragonite|9\/100\n|\n|upkeep\n|turn|20\n|\n|t:|1700369612\n|move|p1a: Kingambit|Sucker Punch|p2a: Dragonite\n|-damage|p2a: Dragonite|0 fnt\n|faint|p2a: Dragonite\n|\n|upkeep\n|\n|t:|1700369621\n|switch|p2a: Great Tusk|Great Tusk|11\/100\n|turn|21\n|\n|t:|1700369627\n|move|p1a: Kingambit|Sucker Punch|p2a: Great Tusk\n|-resisted|p2a: Great Tusk\n|-damage|p2a: Great Tusk|0 fnt\n|faint|p2a: Great Tusk\n|-end|p2a: Great Tusk|Protosynthesis|[silent]\n|\n|upkeep\n|-message|Professor Doomsday forfeited.\n|\n|win|Rhyfinn08\n|raw|Rhyfinn08's rating: 1034 &rarr; <strong>1072<\/strong><br \/>(+38 for winning)\n|raw|Professor Doomsday's rating: 1065 &rarr; <strong>1043<\/strong><br \/>(-22 for losing)\n|l|\u2606Professor Doomsday\n","uploadtime":1700369634,"views":10,"p1id":"rhyfinn08","p2id":"professordoomsday","formatid":"gen9ou","rating":1043,"private":0,"password":""}