{"id":"gen9ou-1989401086","p1":"gock glocker","p2":"Catannihilator","format":"[Gen 9] OU","log":"|j|\u2606gock glocker\n|j|\u2606Catannihilator\n|t:|1699845522\n|gametype|singles\n|player|p1|gock glocker|acerola-masters|1733\n|player|p2|Catannihilator|169|1674\n|teamsize|p1|6\n|teamsize|p2|6\n|gen|9\n|tier|[Gen 9] OU\n|rated|\n|rule|Sleep Clause Mod: Limit one foe put to sleep\n|rule|Species Clause: Limit one of each Pok\u00e9mon\n|rule|OHKO Clause: OHKO moves are banned\n|rule|Evasion Items Clause: Evasion items are banned\n|rule|Evasion Moves Clause: Evasion moves are banned\n|rule|Endless Battle Clause: Forcing endless battles is banned\n|rule|HP Percentage Mod: HP is shown in percentages\n|clearpoke\n|poke|p1|Landorus-Therian, M|\n|poke|p1|Kingambit, M|\n|poke|p1|Ogerpon-Wellspring, F|\n|poke|p1|Glimmora, F|\n|poke|p1|Dragapult, F|\n|poke|p1|Zapdos|\n|poke|p2|Manaphy|\n|poke|p2|Dragapult, M|\n|poke|p2|Iron Valiant|\n|poke|p2|Cinderace, F|\n|poke|p2|Tornadus-Therian, M|\n|poke|p2|Ogerpon-Cornerstone, F|\n|teampreview\n|inactive|Battle timer is ON: inactive players will automatically lose when time's up. (requested by gock glocker)\n|\n|t:|1699845542\n|start\n|switch|p1a: Glimmora|Glimmora, F|100\/100\n|switch|p2a: Ogerpon|Ogerpon-Cornerstone, F|100\/100\n|turn|1\n|\n|t:|1699845550\n|move|p2a: Ogerpon|Spikes|p1a: Glimmora\n|-sidestart|p1: gock glocker|Spikes\n|move|p1a: Glimmora|Stealth Rock|p2a: Ogerpon\n|-sidestart|p2: Catannihilator|move: Stealth Rock\n|\n|upkeep\n|turn|2\n|\n|t:|1699845552\n|move|p2a: Ogerpon|Ivy Cudgel|p1a: Glimmora\n|-damage|p1a: Glimmora|23\/100\n|-activate|p1a: Glimmora|ability: Toxic Debris\n|-sidestart|p2: Catannihilator|move: Toxic Spikes\n|move|p1a: Glimmora|Mortal Spin|p2a: Ogerpon\n|-damage|p2a: Ogerpon|92\/100\n|-status|p2a: Ogerpon|psn\n|-sideend|p1: gock glocker|Spikes|[from] move: Mortal Spin|[of] p1a: Glimmora\n|\n|-damage|p2a: Ogerpon|80\/100 psn|[from] psn\n|upkeep\n|turn|3\n|\n|t:|1699845559\n|move|p2a: Ogerpon|Spikes|p1a: Glimmora\n|-sidestart|p1: gock glocker|Spikes\n|move|p1a: Glimmora|Mortal Spin|p2a: Ogerpon\n|-damage|p2a: Ogerpon|72\/100 psn\n|-sideend|p1: gock glocker|Spikes|[from] move: Mortal Spin|[of] p1a: Glimmora\n|\n|-damage|p2a: Ogerpon|60\/100 psn|[from] psn\n|upkeep\n|turn|4\n|\n|t:|1699845564\n|move|p2a: Ogerpon|Ivy Cudgel|p1a: Glimmora\n|-crit|p1a: Glimmora\n|-damage|p1a: Glimmora|0 fnt\n|-activate|p1a: Glimmora|ability: Toxic Debris\n|-sidestart|p2: Catannihilator|move: Toxic Spikes\n|faint|p1a: Glimmora\n|\n|-damage|p2a: Ogerpon|47\/100 psn|[from] psn\n|upkeep\n|j| cheese miestro\n|\n|t:|1699845569\n|switch|p1a: Dragapult|Dragapult, F|100\/100\n|turn|5\n|\n|t:|1699845572\n|move|p1a: Dragapult|Shadow Ball|p2a: Ogerpon\n|-crit|p2a: Ogerpon\n|-damage|p2a: Ogerpon|0 fnt\n|faint|p2a: Ogerpon\n|\n|upkeep\n|\n|t:|1699845577\n|switch|p2a: Cinderace|Cinderace, F|100\/100\n|turn|6\n|\n|t:|1699845584\n|-terastallize|p1a: Dragapult|Ghost\n|move|p1a: Dragapult|Shadow Ball|p2a: Cinderace\n|-damage|p2a: Cinderace|0 fnt\n|faint|p2a: Cinderace\n|\n|upkeep\n|\n|t:|1699845597\n|switch|p2a: Tornadus|Tornadus-Therian, M|100\/100\n|turn|7\n|\n|t:|1699845605\n|switch|p1a: Zapdos|Zapdos|100\/100\n|-terastallize|p2a: Tornadus|Dark\n|move|p2a: Tornadus|Knock Off|p1a: Zapdos\n|-damage|p1a: Zapdos|61\/100\n|-enditem|p1a: Zapdos|Heavy-Duty Boots|[from] move: Knock Off|[of] p2a: Tornadus\n|\n|upkeep\n|turn|8\n|\n|t:|1699845613\n|move|p2a: Tornadus|Taunt|p1a: Zapdos\n|-start|p1a: Zapdos|move: Taunt\n|move|p1a: Zapdos|Volt Switch|p2a: Tornadus\n|-damage|p2a: Tornadus|63\/100\n|\n|t:|1699845623\n|switch|p1a: Dragapult|Dragapult, F, tera:Ghost|100\/100|[from] Volt Switch\n|\n|upkeep\n|turn|9\n|\n|t:|1699845628\n|move|p1a: Dragapult|U-turn|p2a: Tornadus\n|-supereffective|p2a: Tornadus\n|-damage|p2a: Tornadus|27\/100\n|\n|t:|1699845630\n|switch|p1a: Zapdos|Zapdos|61\/100|[from] U-turn\n|move|p2a: Tornadus|Knock Off|p1a: Zapdos\n|-crit|p1a: Zapdos\n|-damage|p1a: Zapdos|23\/100\n|\n|upkeep\n|turn|10\n|\n|t:|1699845634\n|move|p2a: Tornadus|Knock Off|p1a: Zapdos\n|-damage|p1a: Zapdos|0 fnt\n|faint|p1a: Zapdos\n|\n|upkeep\n|\n|t:|1699845637\n|switch|p1a: Dragapult|Dragapult, F, tera:Ghost|100\/100\n|turn|11\n|\n|t:|1699845639\n|move|p1a: Dragapult|U-turn|p2a: Tornadus\n|-supereffective|p2a: Tornadus\n|-damage|p2a: Tornadus|0 fnt\n|faint|p2a: Tornadus\n|\n|t:|1699845645\n|switch|p1a: Kingambit|Kingambit, M|100\/100|[from] U-turn\n|-activate|p1a: Kingambit|ability: Supreme Overlord\n|-start|p1a: Kingambit|fallen2|[silent]\n|\n|upkeep\n|\n|t:|1699845653\n|switch|p2a: Manaphy|Manaphy|100\/100\n|-damage|p2a: Manaphy|88\/100|[from] Stealth Rock\n|-status|p2a: Manaphy|tox\n|turn|12\n|\n|t:|1699845657\n|move|p2a: Manaphy|Acid Armor|p2a: Manaphy\n|-boost|p2a: Manaphy|def|2\n|move|p1a: Kingambit|Swords Dance|p1a: Kingambit\n|-boost|p1a: Kingambit|atk|2\n|\n|-heal|p2a: Manaphy|94\/100 tox|[from] item: Leftovers\n|-damage|p2a: Manaphy|88\/100 tox|[from] psn\n|upkeep\n|turn|13\n|\n|t:|1699845659\n|move|p2a: Manaphy|Take Heart|p2a: Manaphy\n|-boost|p2a: Manaphy|spa|1\n|-boost|p2a: Manaphy|spd|1\n|-curestatus|p2a: Manaphy|tox|[msg]\n|move|p1a: Kingambit|Kowtow Cleave|p2a: Manaphy\n|-damage|p2a: Manaphy|51\/100\n|\n|-heal|p2a: Manaphy|57\/100|[from] item: Leftovers\n|upkeep\n|turn|14\n|\n|t:|1699845664\n|move|p2a: Manaphy|Acid Armor|p2a: Manaphy\n|-boost|p2a: Manaphy|def|2\n|move|p1a: Kingambit|Kowtow Cleave|p2a: Manaphy\n|-damage|p2a: Manaphy|32\/100\n|\n|-heal|p2a: Manaphy|38\/100|[from] item: Leftovers\n|upkeep\n|turn|15\n|\n|t:|1699845669\n|move|p2a: Manaphy|Scald|p1a: Kingambit\n|-damage|p1a: Kingambit|61\/100\n|-status|p1a: Kingambit|brn\n|move|p1a: Kingambit|Kowtow Cleave|p2a: Manaphy\n|-damage|p2a: Manaphy|26\/100\n|\n|-heal|p2a: Manaphy|32\/100|[from] item: Leftovers\n|-heal|p1a: Kingambit|68\/100 brn|[from] item: Leftovers\n|-damage|p1a: Kingambit|61\/100 brn|[from] brn\n|upkeep\n|turn|16\n|\n|t:|1699845674\n|move|p2a: Manaphy|Acid Armor|p2a: Manaphy\n|-boost|p2a: Manaphy|def|2\n|move|p1a: Kingambit|Kowtow Cleave|p2a: Manaphy\n|-damage|p2a: Manaphy|23\/100\n|\n|-heal|p2a: Manaphy|29\/100|[from] item: Leftovers\n|-heal|p1a: Kingambit|68\/100 brn|[from] item: Leftovers\n|-damage|p1a: Kingambit|61\/100 brn|[from] brn\n|upkeep\n|turn|17\n|\n|t:|1699845677\n|-end|p1a: Kingambit|fallen2|[silent]\n|switch|p1a: Ogerpon|Ogerpon-Wellspring, F|100\/100\n|move|p2a: Manaphy|Scald|p1a: Ogerpon\n|-immune|p1a: Ogerpon|[from] ability: Water Absorb\n|\n|-heal|p2a: Manaphy|36\/100|[from] item: Leftovers\n|upkeep\n|turn|18\n|\n|t:|1699845683\n|move|p1a: Ogerpon|Horn Leech|p2a: Manaphy\n|-supereffective|p2a: Manaphy\n|-damage|p2a: Manaphy|22\/100\n|move|p2a: Manaphy|Stored Power|p1a: Ogerpon\n|-damage|p1a: Ogerpon|33\/100\n|\n|-heal|p2a: Manaphy|28\/100|[from] item: Leftovers\n|upkeep\n|turn|19\n|\n|t:|1699845689\n|move|p1a: Ogerpon|Horn Leech|p2a: Manaphy\n|-supereffective|p2a: Manaphy\n|-damage|p2a: Manaphy|15\/100\n|-heal|p1a: Ogerpon|42\/100|[from] drain|[of] p2a: Manaphy\n|move|p2a: Manaphy|Stored Power|p1a: Ogerpon\n|-damage|p1a: Ogerpon|0 fnt\n|faint|p1a: Ogerpon\n|\n|-heal|p2a: Manaphy|21\/100|[from] item: Leftovers\n|upkeep\n|\n|t:|1699845692\n|switch|p1a: Dragapult|Dragapult, F, tera:Ghost|100\/100\n|turn|20\n|\n|t:|1699845694\n|move|p1a: Dragapult|Shadow Ball|p2a: Manaphy\n|-damage|p2a: Manaphy|0 fnt\n|faint|p2a: Manaphy\n|\n|upkeep\n|\n|t:|1699845706\n|switch|p2a: Dragapult|Dragapult, M|100\/100\n|-damage|p2a: Dragapult|88\/100|[from] Stealth Rock\n|-status|p2a: Dragapult|tox\n|turn|21\n|\n|t:|1699845714\n|switch|p1a: Kingambit|Kingambit, M|61\/100 brn\n|-activate|p1a: Kingambit|ability: Supreme Overlord\n|-start|p1a: Kingambit|fallen3|[silent]\n|move|p2a: Dragapult|U-turn|p1a: Kingambit\n|-damage|p1a: Kingambit|49\/100 brn\n|\n|t:|1699845716\n|switch|p2a: Iron Valiant|Iron Valiant|100\/100|[from] U-turn\n|-damage|p2a: Iron Valiant|94\/100|[from] Stealth Rock\n|-status|p2a: Iron Valiant|tox\n|-enditem|p2a: Iron Valiant|Booster Energy\n|-activate|p2a: Iron Valiant|ability: Quark Drive|[fromitem]\n|-start|p2a: Iron Valiant|quarkdrivespe\n|\n|-heal|p1a: Kingambit|55\/100 brn|[from] item: Leftovers\n|-damage|p2a: Iron Valiant|88\/100 tox|[from] psn\n|-damage|p1a: Kingambit|49\/100 brn|[from] brn\n|upkeep\n|turn|22\n|\n|t:|1699845721\n|move|p2a: Iron Valiant|Moonblast|p1a: Kingambit\n|-damage|p1a: Kingambit|2\/100 brn\n|-unboost|p1a: Kingambit|spa|1\n|move|p1a: Kingambit|Iron Head|p2a: Iron Valiant\n|-supereffective|p2a: Iron Valiant\n|-damage|p2a: Iron Valiant|5\/100 tox\n|\n|-heal|p1a: Kingambit|8\/100 brn|[from] item: Leftovers\n|-damage|p2a: Iron Valiant|0 fnt|[from] psn\n|faint|p2a: Iron Valiant\n|-end|p2a: Iron Valiant|Quark Drive|[silent]\n|-damage|p1a: Kingambit|2\/100 brn|[from] brn\n|upkeep\n|-message|Catannihilator forfeited.\n|\n|win|gock glocker\n|raw|gock glocker's rating: 1733 &rarr; <strong>1750<\/strong><br \/>(+17 for winning)\n|raw|Catannihilator's rating: 1674 &rarr; <strong>1657<\/strong><br \/>(-17 for losing)\n|l|\u2606Catannihilator\n|c|\u2606gock glocker|gg\n","uploadtime":1699845733,"views":27,"p1id":"gockglocker","p2id":"catannihilator","formatid":"gen9ou","rating":1657,"private":0,"password":""}