{"id":"gen9ou-1992115252","p1":"GeorgiaEternatuss","p2":"kekexaxa","format":"[Gen 9] OU","log":"|j|\u2606GeorgiaEternatuss\n|j|\u2606kekexaxa\n|t:|1700156342\n|gametype|singles\n|player|p1|GeorgiaEternatuss|steven|1225\n|player|p2|kekexaxa|266|1202\n|teamsize|p1|6\n|teamsize|p2|6\n|gen|9\n|tier|[Gen 9] OU\n|rated|\n|rule|Sleep Clause Mod: Limit one foe put to sleep\n|rule|Species Clause: Limit one of each Pok\u00e9mon\n|rule|OHKO Clause: OHKO moves are banned\n|rule|Evasion Items Clause: Evasion items are banned\n|rule|Evasion Moves Clause: Evasion moves are banned\n|rule|Endless Battle Clause: Forcing endless battles is banned\n|rule|HP Percentage Mod: HP is shown in percentages\n|clearpoke\n|poke|p1|Torterra, M|\n|poke|p1|Ribombee, F|\n|poke|p1|Gholdengo|\n|poke|p1|Iron Moth|\n|poke|p1|Great Tusk|\n|poke|p1|Walking Wake|\n|poke|p2|Great Tusk|\n|poke|p2|Iron Moth|\n|poke|p2|Kingambit, F|\n|poke|p2|Toxapex, F|\n|poke|p2|Clefable, M|\n|poke|p2|Dragapult, F|\n|teampreview\n|inactive|Battle timer is ON: inactive players will automatically lose when time's up. (requested by kekexaxa)\n|\n|t:|1700156348\n|start\n|switch|p1a: Ribombee|Ribombee, F|100\/100\n|switch|p2a: Toxapex|Toxapex, F|100\/100\n|turn|1\n|\n|t:|1700156366\n|move|p1a: Ribombee|Sticky Web|p2a: Toxapex\n|-sidestart|p2: kekexaxa|move: Sticky Web\n|move|p2a: Toxapex|Toxic|p1a: Ribombee\n|-status|p1a: Ribombee|tox\n|\n|-damage|p1a: Ribombee|94\/100 tox|[from] psn\n|upkeep\n|turn|2\n|\n|t:|1700156382\n|move|p1a: Ribombee|Psychic|p2a: Toxapex\n|-supereffective|p2a: Toxapex\n|-damage|p2a: Toxapex|59\/100\n|move|p2a: Toxapex|Toxic Spikes|p1a: Ribombee\n|-sidestart|p1: GeorgiaEternatuss|move: Toxic Spikes\n|\n|-heal|p2a: Toxapex|65\/100|[from] item: Leftovers\n|-damage|p1a: Ribombee|82\/100 tox|[from] psn\n|upkeep\n|turn|3\n|\n|t:|1700156391\n|move|p1a: Ribombee|Psychic|p2a: Toxapex\n|-supereffective|p2a: Toxapex\n|-damage|p2a: Toxapex|23\/100\n|move|p2a: Toxapex|Recover|p2a: Toxapex\n|-heal|p2a: Toxapex|73\/100\n|\n|-heal|p2a: Toxapex|79\/100|[from] item: Leftovers\n|-damage|p1a: Ribombee|64\/100 tox|[from] psn\n|upkeep\n|turn|4\n|\n|t:|1700156402\n|switch|p1a: Iron Moth|Iron Moth|100\/100\n|-sideend|p1: GeorgiaEternatuss|move: Toxic Spikes|[of] p1a: Iron Moth\n|-enditem|p1a: Iron Moth|Booster Energy\n|-activate|p1a: Iron Moth|ability: Quark Drive|[fromitem]\n|-start|p1a: Iron Moth|quarkdrivespa\n|move|p2a: Toxapex|Recover|p2a: Toxapex\n|-heal|p2a: Toxapex|100\/100\n|\n|upkeep\n|turn|5\n|\n|t:|1700156414\n|move|p1a: Iron Moth|Substitute|p1a: Iron Moth\n|-start|p1a: Iron Moth|Substitute\n|-damage|p1a: Iron Moth|76\/100\n|move|p2a: Toxapex|Haze|p2a: Toxapex\n|-clearallboost\n|\n|upkeep\n|turn|6\n|\n|t:|1700156435\n|switch|p2a: Great Tusk|Great Tusk|100\/100\n|-activate|p2a: Great Tusk|move: Sticky Web\n|-unboost|p2a: Great Tusk|spe|1\n|move|p1a: Iron Moth|Psychic|p2a: Great Tusk\n|-supereffective|p2a: Great Tusk\n|-damage|p2a: Great Tusk|0 fnt\n|faint|p2a: Great Tusk\n|-end|p2a: Great Tusk|Protosynthesis|[silent]\n|\n|upkeep\n|\n|t:|1700156445\n|switch|p2a: Clefable|Clefable, M|100\/100\n|-activate|p2a: Clefable|move: Sticky Web\n|-unboost|p2a: Clefable|spe|1\n|turn|7\n|\n|t:|1700156452\n|switch|p2a: Kingambit|Kingambit, F|100\/100\n|-activate|p2a: Kingambit|move: Sticky Web\n|-unboost|p2a: Kingambit|spe|1\n|-activate|p2a: Kingambit|ability: Supreme Overlord\n|-start|p2a: Kingambit|fallen1|[silent]\n|move|p1a: Iron Moth|Sludge Wave|p2a: Kingambit\n|-immune|p2a: Kingambit\n|\n|upkeep\n|turn|8\n|-message|kekexaxa forfeited.\n|\n|win|GeorgiaEternatuss\n|raw|GeorgiaEternatuss's rating: 1225 &rarr; <strong>1248<\/strong><br \/>(+23 for winning)\n|raw|kekexaxa's rating: 1202 &rarr; <strong>1179<\/strong><br \/>(-23 for losing)\n|l|\u2606kekexaxa\n","uploadtime":1700156477,"views":18,"p1id":"georgiaeternatuss","p2id":"kekexaxa","formatid":"gen9ou","rating":1179,"private":0,"password":""}