{"id":"gen9ou-1993483521","p1":"imap usay","p2":"trezapois","format":"[Gen 9] OU","log":"|j|\u2606imap usay\n|j|\u2606trezapois\n|inactive|Battle timer is ON: inactive players will automatically lose when time's up.\n|t:|1700323357\n|gametype|singles\n|player|p1|imap usay|swimmerf-gen4dp|\n|player|p2|trezapois|juan|\n|teamsize|p1|3\n|teamsize|p2|3\n|gen|9\n|tier|[Gen 9] OU\n|rated|Tournament battle\n|rule|Sleep Clause Mod: Limit one foe put to sleep\n|rule|Species Clause: Limit one of each Pok\u00e9mon\n|rule|OHKO Clause: OHKO moves are banned\n|rule|Evasion Items Clause: Evasion items are banned\n|rule|Evasion Moves Clause: Evasion moves are banned\n|rule|Endless Battle Clause: Forcing endless battles is banned\n|rule|HP Percentage Mod: HP is shown in percentages\n|clearpoke\n|poke|p1|Slowbro, F|\n|poke|p1|Toxicroak, M|\n|poke|p1|Arcanine-Hisui, F|\n|poke|p2|Salazzle, F|\n|poke|p2|Medicham, F|\n|poke|p2|Ursaring, M|\n|teampreview\n|j|*Lady Monita \u2746\n|\n|t:|1700323385\n|start\n|switch|p1a: Arcanine|Arcanine-Hisui, F|100\/100\n|switch|p2a: Medicham|Medicham, F|100\/100\n|turn|1\n|j| Fiddlw\n|\n|t:|1700323393\n|switch|p1a: Slowbro|Slowbro, F|100\/100\n|move|p2a: Medicham|Close Combat|p1a: Slowbro\n|-resisted|p1a: Slowbro\n|-damage|p1a: Slowbro|64\/100\n|-unboost|p2a: Medicham|def|1\n|-unboost|p2a: Medicham|spd|1\n|\n|upkeep\n|turn|2\n|\n|t:|1700323398\n|switch|p2a: Ursaring|Ursaring, M|100\/100\n|move|p1a: Slowbro|Slack Off|p1a: Slowbro\n|-heal|p1a: Slowbro|100\/100\n|\n|upkeep\n|turn|3\n|\n|t:|1700323404\n|move|p2a: Ursaring|Body Slam|p1a: Slowbro\n|-damage|p1a: Slowbro|73\/100\n|-status|p1a: Slowbro|par\n|move|p1a: Slowbro|Body Press|p2a: Ursaring\n|-supereffective|p2a: Ursaring\n|-damage|p2a: Ursaring|57\/100\n|\n|upkeep\n|turn|4\n|\n|t:|1700323408\n|move|p2a: Ursaring|Body Slam|p1a: Slowbro\n|-damage|p1a: Slowbro|44\/100 par\n|move|p1a: Slowbro|Body Press|p2a: Ursaring\n|-supereffective|p2a: Ursaring\n|-damage|p2a: Ursaring|14\/100\n|\n|upkeep\n|turn|5\n|\n|t:|1700323413\n|move|p2a: Ursaring|Rest|p2a: Ursaring\n|-status|p2a: Ursaring|slp|[from] move: Rest\n|-heal|p2a: Ursaring|100\/100 slp|[silent]\n|move|p1a: Slowbro|Body Press|p2a: Ursaring\n|-supereffective|p2a: Ursaring\n|-damage|p2a: Ursaring|60\/100 slp\n|\n|upkeep\n|turn|6\n|\n|t:|1700323416\n|cant|p2a: Ursaring|slp\n|move|p2a: Ursaring|Sleep Talk|p2a: Ursaring\n|move|p2a: Ursaring|Earthquake|p1a: Slowbro|[from]move: Sleep Talk\n|-damage|p1a: Slowbro|12\/100 par\n|move|p1a: Slowbro|Body Press|p2a: Ursaring\n|-supereffective|p2a: Ursaring\n|-damage|p2a: Ursaring|20\/100 slp\n|\n|upkeep\n|turn|7\n|j| Kyropasta\n|\n|t:|1700323420\n|cant|p2a: Ursaring|slp\n|move|p2a: Ursaring|Sleep Talk|p2a: Ursaring\n|move|p2a: Ursaring|Rest||[from]move: Sleep Talk|[still]\n|-fail|p2a: Ursaring\n|cant|p1a: Slowbro|par\n|\n|upkeep\n|turn|8\n|l| Kyropasta\n|j| yuli998\n|\n|t:|1700323425\n|-curestatus|p2a: Ursaring|slp|[msg]\n|move|p2a: Ursaring|Rest|p2a: Ursaring\n|-status|p2a: Ursaring|slp|[from] move: Rest\n|-heal|p2a: Ursaring|100\/100 slp|[silent]\n|move|p1a: Slowbro|Body Press|p2a: Ursaring\n|-supereffective|p2a: Ursaring\n|-damage|p2a: Ursaring|56\/100 slp\n|\n|upkeep\n|turn|9\n|c| Fiddlw|physical slowbro lol\n|\n|t:|1700323431\n|switch|p1a: Toxicroak|Toxicroak, M|100\/100\n|cant|p2a: Ursaring|slp\n|move|p2a: Ursaring|Sleep Talk|p2a: Ursaring\n|move|p2a: Ursaring|Earthquake|p1a: Toxicroak|[from]move: Sleep Talk\n|-supereffective|p1a: Toxicroak\n|-damage|p1a: Toxicroak|0 fnt\n|faint|p1a: Toxicroak\n|\n|upkeep\n|j| Magiquaza\n|c|\u2606imap usay|damn\n|\n|t:|1700323439\n|switch|p1a: Arcanine|Arcanine-Hisui, F|100\/100\n|turn|10\n|c| Fiddlw|lucky\n|\n|t:|1700323444\n|move|p1a: Arcanine|Head Smash|p2a: Ursaring\n|-damage|p2a: Ursaring|0 fnt\n|faint|p2a: Ursaring\n|\n|upkeep\n|\n|t:|1700323451\n|switch|p2a: Salazzle|Salazzle, F|100\/100\n|turn|11\n|l| yuli998\n|\n|t:|1700323466\n|-terastallize|p2a: Salazzle|Poison\n|move|p1a: Arcanine|Head Smash|p2a: Salazzle\n|-enditem|p2a: Salazzle|Focus Sash\n|-damage|p2a: Salazzle|1\/100\n|move|p2a: Salazzle|Sludge Bomb|p1a: Arcanine\n|-resisted|p1a: Arcanine\n|-damage|p1a: Arcanine|68\/100\n|\n|upkeep\n|turn|12\n|\n|t:|1700323473\n|move|p1a: Arcanine|Head Smash|p2a: Salazzle|[miss]\n|-miss|p1a: Arcanine|p2a: Salazzle\n|move|p2a: Salazzle|Sludge Bomb|p1a: Arcanine\n|-resisted|p1a: Arcanine\n|-damage|p1a: Arcanine|36\/100\n|\n|upkeep\n|turn|13\n|\n|t:|1700323476\n|move|p1a: Arcanine|Head Smash|p2a: Salazzle\n|-damage|p2a: Salazzle|0 fnt\n|faint|p2a: Salazzle\n|\n|upkeep\n|\n|t:|1700323478\n|switch|p2a: Medicham|Medicham, F|100\/100\n|turn|14\n|\n|t:|1700323486\n|-terastallize|p1a: Arcanine|Rock\n|move|p1a: Arcanine|Head Smash|p2a: Medicham\n|-resisted|p2a: Medicham\n|-damage|p2a: Medicham|11\/100\n|move|p2a: Medicham|Close Combat|p1a: Arcanine\n|-supereffective|p1a: Arcanine\n|-damage|p1a: Arcanine|0 fnt\n|-unboost|p2a: Medicham|def|1\n|-unboost|p2a: Medicham|spd|1\n|faint|p1a: Arcanine\n|\n|upkeep\n|\n|t:|1700323490\n|switch|p1a: Slowbro|Slowbro, F|45\/100 par\n|turn|15\n|\n|t:|1700323493\n|move|p2a: Medicham|Close Combat|p1a: Slowbro\n|-resisted|p1a: Slowbro\n|-damage|p1a: Slowbro|7\/100 par\n|-unboost|p2a: Medicham|def|1\n|-unboost|p2a: Medicham|spd|1\n|move|p1a: Slowbro|Surf|p2a: Medicham\n|-damage|p2a: Medicham|0 fnt\n|faint|p2a: Medicham\n|\n|win|imap usay\n|n|\u2606imap usay|imapusay\n|n|\u2606trezapois|trezapois\n|n|*Lady Monita \u2746|ladymonita\n|n| Fiddlw|fiddlw\n|n| Magiquaza|magiquaza\n","uploadtime":1700323494,"views":10,"p1id":"imapusay","p2id":"trezapois","formatid":"gen9ou","rating":0,"private":0,"password":""}