{"id":"gen9ou-1995502897","p1":"Smoore996","p2":"RCSTARS","format":"[Gen 9] OU","log":"|j|\u203dSmoore996\n|j|\u2606RCSTARS\n|t:|1700577717\n|gametype|singles\n|player|p1|Smoore996|volo|1109\n|player|p2|RCSTARS|265|1071\n|teamsize|p1|6\n|teamsize|p2|6\n|gen|9\n|tier|[Gen 9] OU\n|rated|\n|rule|Sleep Clause Mod: Limit one foe put to sleep\n|rule|Species Clause: Limit one of each Pok\u00e9mon\n|rule|OHKO Clause: OHKO moves are banned\n|rule|Evasion Items Clause: Evasion items are banned\n|rule|Evasion Moves Clause: Evasion moves are banned\n|rule|Endless Battle Clause: Forcing endless battles is banned\n|rule|HP Percentage Mod: HP is shown in percentages\n|clearpoke\n|poke|p1|Decidueye-Hisui, F|\n|poke|p1|Rillaboom, M|\n|poke|p1|Jumpluff, F|\n|poke|p1|Ogerpon-Wellspring, F|\n|poke|p1|Tyranitar, M|\n|poke|p1|Iron Treads|\n|poke|p2|Ambipom, F|\n|poke|p2|Torterra, M|\n|poke|p2|Infernape, M|\n|poke|p2|Milotic, F|\n|poke|p2|Gholdengo|\n|poke|p2|Glimmora, M|\n|teampreview\n|\n|t:|1700577746\n|start\n|switch|p1a: Rillaboom|Rillaboom, M, shiny|100\/100\n|switch|p2a: Infernape|Infernape, M|100\/100\n|-fieldstart|move: Grassy Terrain|[from] ability: Grassy Surge|[of] p1a: Rillaboom\n|turn|1\n|\n|t:|1700577757\n|switch|p1a: Ogerpon|Ogerpon-Wellspring, F|100\/100\n|move|p2a: Infernape|U-turn|p1a: Ogerpon\n|-supereffective|p1a: Ogerpon\n|-damage|p1a: Ogerpon|43\/100\n|\n|t:|1700577764\n|switch|p2a: Ambipom|Ambipom, F|100\/100|[from] U-turn\n|\n|-heal|p1a: Ogerpon|50\/100|[from] Grassy Terrain\n|upkeep\n|turn|2\n|\n|t:|1700577778\n|switch|p1a: Tyranitar|Tyranitar, M, shiny|100\/100\n|-weather|Sandstorm|[from] ability: Sand Stream|[of] p1a: Tyranitar\n|move|p2a: Ambipom|Fake Out|p1a: Tyranitar\n|-enditem|p2a: Ambipom|Normal Gem|[from] gem\n|-resisted|p1a: Tyranitar\n|-damage|p1a: Tyranitar|86\/100\n|\n|-weather|Sandstorm|[upkeep]\n|-damage|p2a: Ambipom|94\/100|[from] Sandstorm\n|-heal|p2a: Ambipom|100\/100|[from] Grassy Terrain\n|-heal|p1a: Tyranitar|92\/100|[from] Grassy Terrain\n|-heal|p1a: Tyranitar|98\/100|[from] item: Leftovers\n|upkeep\n|turn|3\n|\n|t:|1700577799\n|switch|p2a: Torterra|Torterra, M|100\/100\n|move|p1a: Tyranitar|Dragon Dance|p1a: Tyranitar\n|-boost|p1a: Tyranitar|atk|1\n|-boost|p1a: Tyranitar|spe|1\n|\n|-weather|Sandstorm|[upkeep]\n|-heal|p1a: Tyranitar|100\/100|[from] Grassy Terrain\n|upkeep\n|turn|4\n|\n|t:|1700577818\n|-terastallize|p1a: Tyranitar|Flying\n|move|p1a: Tyranitar|Dragon Dance|p1a: Tyranitar\n|-boost|p1a: Tyranitar|atk|1\n|-boost|p1a: Tyranitar|spe|1\n|move|p2a: Torterra|Shell Smash|p2a: Torterra\n|-unboost|p2a: Torterra|def|1\n|-unboost|p2a: Torterra|spd|1\n|-boost|p2a: Torterra|atk|2\n|-boost|p2a: Torterra|spa|2\n|-boost|p2a: Torterra|spe|2\n|\n|-weather|Sandstorm|[upkeep]\n|-damage|p1a: Tyranitar|94\/100|[from] Sandstorm\n|-heal|p1a: Tyranitar|100\/100|[from] item: Leftovers\n|upkeep\n|turn|5\n|\n|t:|1700577832\n|move|p1a: Tyranitar|Tera Blast|p2a: Torterra|[anim] Tera Blast Flying\n|-supereffective|p2a: Torterra\n|-damage|p2a: Torterra|0 fnt\n|faint|p2a: Torterra\n|\n|-weather|Sandstorm|[upkeep]\n|-damage|p1a: Tyranitar|94\/100|[from] Sandstorm\n|-heal|p1a: Tyranitar|100\/100|[from] item: Leftovers\n|upkeep\n|\n|t:|1700577846\n|switch|p2a: Ambipom|Ambipom, F|100\/100\n|turn|6\n|\n|t:|1700577851\n|-terastallize|p2a: Ambipom|Normal\n|move|p2a: Ambipom|Fake Out|p1a: Tyranitar\n|-damage|p1a: Tyranitar|66\/100\n|cant|p1a: Tyranitar|flinch\n|\n|-weather|none\n|-heal|p1a: Tyranitar|72\/100|[from] item: Leftovers\n|upkeep\n|turn|7\n|\n|t:|1700577866\n|switch|p2a: Glimmora|Glimmora, M|100\/100\n|-item|p2a: Glimmora|Air Balloon\n|move|p1a: Tyranitar|Crunch|p2a: Glimmora\n|-damage|p2a: Glimmora|38\/100\n|-activate|p2a: Glimmora|ability: Toxic Debris\n|-sidestart|p1: Smoore996|move: Toxic Spikes\n|-enditem|p2a: Glimmora|Air Balloon\n|\n|-heal|p1a: Tyranitar|78\/100|[from] item: Leftovers\n|-heal|p2a: Glimmora|44\/100|[from] Grassy Terrain\n|upkeep\n|turn|8\n|\n|t:|1700577885\n|move|p1a: Tyranitar|Crunch|p2a: Glimmora\n|-damage|p2a: Glimmora|0 fnt\n|-activate|p2a: Glimmora|ability: Toxic Debris\n|-sidestart|p1: Smoore996|move: Toxic Spikes\n|faint|p2a: Glimmora\n|\n|-heal|p1a: Tyranitar|84\/100|[from] item: Leftovers\n|-fieldend|move: Grassy Terrain\n|upkeep\n|\n|t:|1700577902\n|switch|p2a: Gholdengo|Gholdengo|100\/100\n|turn|9\n|\n|t:|1700577906\n|move|p1a: Tyranitar|Crunch|p2a: Gholdengo\n|-supereffective|p2a: Gholdengo\n|-crit|p2a: Gholdengo\n|-damage|p2a: Gholdengo|0 fnt\n|faint|p2a: Gholdengo\n|\n|-heal|p1a: Tyranitar|90\/100|[from] item: Leftovers\n|upkeep\n|\n|t:|1700577914\n|switch|p2a: Ambipom|Ambipom, F, tera:Normal|100\/100\n|turn|10\n|\n|t:|1700577918\n|move|p2a: Ambipom|Fake Out|p1a: Tyranitar\n|-damage|p1a: Tyranitar|58\/100\n|cant|p1a: Tyranitar|flinch\n|\n|-heal|p1a: Tyranitar|64\/100|[from] item: Leftovers\n|upkeep\n|turn|11\n|\n|t:|1700577927\n|move|p1a: Tyranitar|Crunch|p2a: Ambipom\n|-damage|p2a: Ambipom|0 fnt\n|faint|p2a: Ambipom\n|\n|-heal|p1a: Tyranitar|71\/100|[from] item: Leftovers\n|upkeep\n|\n|t:|1700577934\n|switch|p2a: Milotic|Milotic, F|100\/100\n|turn|12\n|\n|t:|1700577939\n|move|p1a: Tyranitar|Crunch|p2a: Milotic\n|-damage|p2a: Milotic|8\/100\n|-unboost|p2a: Milotic|def|1\n|-ability|p2a: Milotic|Competitive|boost\n|-boost|p2a: Milotic|spa|2\n|move|p2a: Milotic|Haze|p2a: Milotic\n|-clearallboost\n|\n|-heal|p1a: Tyranitar|77\/100|[from] item: Leftovers\n|-heal|p2a: Milotic|14\/100|[from] item: Leftovers\n|upkeep\n|turn|13\n|\n|t:|1700577953\n|move|p1a: Tyranitar|Dragon Dance|p1a: Tyranitar\n|-boost|p1a: Tyranitar|atk|1\n|-boost|p1a: Tyranitar|spe|1\n|move|p2a: Milotic|Scald|p1a: Tyranitar\n|-damage|p1a: Tyranitar|35\/100\n|-status|p1a: Tyranitar|brn\n|\n|-heal|p1a: Tyranitar|41\/100 brn|[from] item: Leftovers\n|-heal|p2a: Milotic|20\/100|[from] item: Leftovers\n|-damage|p1a: Tyranitar|35\/100 brn|[from] brn\n|upkeep\n|turn|14\n|\n|t:|1700577968\n|move|p1a: Tyranitar|Crunch|p2a: Milotic\n|-damage|p2a: Milotic|0 fnt\n|faint|p2a: Milotic\n|\n|-heal|p1a: Tyranitar|41\/100 brn|[from] item: Leftovers\n|-damage|p1a: Tyranitar|35\/100 brn|[from] brn\n|upkeep\n|\n|t:|1700577976\n|switch|p2a: Infernape|Infernape, M|100\/100\n|turn|15\n|\n|t:|1700577982\n|move|p2a: Infernape|Flare Blitz|p1a: Tyranitar\n|-damage|p1a: Tyranitar|0 fnt\n|faint|p1a: Tyranitar\n|-damage|p2a: Infernape|87\/100|[from] Recoil\n|\n|upkeep\n|\n|t:|1700577988\n|switch|p1a: Jumpluff|Jumpluff, F, shiny|100\/100\n|turn|16\n|\n|t:|1700577992\n|move|p2a: Infernape|Flare Blitz|p1a: Jumpluff\n|-supereffective|p1a: Jumpluff\n|-damage|p1a: Jumpluff|0 fnt\n|faint|p1a: Jumpluff\n|-damage|p2a: Infernape|47\/100|[from] Recoil\n|\n|upkeep\n|\n|t:|1700577999\n|switch|p1a: Iron Treads|Iron Treads|100\/100\n|turn|17\n|\n|t:|1700578002\n|move|p2a: Infernape|Flare Blitz|p1a: Iron Treads\n|-supereffective|p1a: Iron Treads\n|-damage|p1a: Iron Treads|6\/100\n|-damage|p2a: Infernape|13\/100|[from] Recoil\n|move|p1a: Iron Treads|Earthquake|p2a: Infernape\n|-supereffective|p2a: Infernape\n|-crit|p2a: Infernape\n|-damage|p2a: Infernape|0 fnt\n|faint|p2a: Infernape\n|-damage|p1a: Iron Treads|0 fnt|[from] item: Life Orb\n|faint|p1a: Iron Treads\n|-end|p1a: Iron Treads|Quark Drive|[silent]\n|\n|win|Smoore996\n|raw|Smoore996's rating: 1109 &rarr; <strong>1131<\/strong><br \/>(+22 for winning)\n|raw|RCSTARS's rating: 1071 &rarr; <strong>1053<\/strong><br \/>(-18 for losing)\n|l|\u2606RCSTARS\n","uploadtime":1700578031,"views":2,"p1id":"smoore996","p2id":"rcstars","formatid":"gen9ou","rating":1053,"private":0,"password":""}