{"id":"gen9ou-1996703243","p1":"Alivart Woquer","p2":"GhostMasterMorty","format":"[Gen 9] OU","log":"|j|\u2606Alivart Woquer\n|j|\u2606GhostMasterMorty\n|t:|1700711872\n|gametype|singles\n|player|p1|Alivart Woquer|ghetsis-gen5bw|1090\n|player|p2|GhostMasterMorty|morty|1108\n|teamsize|p1|6\n|teamsize|p2|6\n|gen|9\n|tier|[Gen 9] OU\n|rated|\n|rule|Sleep Clause Mod: Limit one foe put to sleep\n|rule|Species Clause: Limit one of each Pok\u00e9mon\n|rule|OHKO Clause: OHKO moves are banned\n|rule|Evasion Items Clause: Evasion items are banned\n|rule|Evasion Moves Clause: Evasion moves are banned\n|rule|Endless Battle Clause: Forcing endless battles is banned\n|rule|HP Percentage Mod: HP is shown in percentages\n|clearpoke\n|poke|p1|Torkoal, M|\n|poke|p1|Ninetales, F|\n|poke|p1|Volcanion|\n|poke|p1|Shiftry, M|\n|poke|p1|Dragapult, M|\n|poke|p1|Cinderace, F|\n|poke|p2|Hawlucha, M|\n|poke|p2|Weezing-Galar, F|\n|poke|p2|Glimmora, M|\n|poke|p2|Magnezone|\n|poke|p2|Corviknight, F|\n|poke|p2|Samurott-Hisui, M|\n|teampreview\n|c|\u2606GhostMasterMorty|GLHF\n|inactive|Battle timer is ON: inactive players will automatically lose when time's up. (requested by Alivart Woquer)\n|c|\u2606Alivart Woquer|gl hf\n|\n|t:|1700711909\n|start\n|switch|p1a: Nina|Ninetales, F|100\/100\n|switch|p2a: Weezing|Weezing-Galar, F|100\/100\n|-weather|SunnyDay|[from] ability: Drought|[of] p1a: Nina\n|-fieldstart|move: Misty Terrain|[from] ability: Misty Surge|[of] p2a: Weezing\n|turn|1\n|\n|t:|1700711935\n|switch|p2a: Glimmora|Glimmora, M, shiny|100\/100\n|move|p1a: Nina|Overheat|p2a: Glimmora\n|-resisted|p2a: Glimmora\n|-crit|p2a: Glimmora\n|-damage|p2a: Glimmora|37\/100\n|-unboost|p1a: Nina|spa|2\n|\n|-weather|SunnyDay|[upkeep]\n|upkeep\n|turn|2\n|c|\u2606GhostMasterMorty|Ninetales named Nina is just gorgeous tbh\n|inactive|Alivart Woquer has 120 seconds left.\n|\n|t:|1700711961\n|move|p1a: Nina|Overheat|p2a: Glimmora|[miss]\n|-miss|p1a: Nina|p2a: Glimmora\n|move|p2a: Glimmora|Ancient Power|p1a: Nina\n|-supereffective|p1a: Nina\n|-damage|p1a: Nina|25\/100\n|\n|-weather|SunnyDay|[upkeep]\n|upkeep\n|turn|3\n|\n|t:|1700711974\n|switch|p1a: Trapito|Dragapult, M|100\/100\n|move|p2a: Glimmora|Ancient Power|p1a: Trapito\n|-damage|p1a: Trapito|74\/100\n|\n|-weather|SunnyDay|[upkeep]\n|upkeep\n|turn|4\n|\n|t:|1700711985\n|move|p1a: Trapito|Shadow Ball|p2a: Glimmora\n|-damage|p2a: Glimmora|9\/100\n|move|p2a: Glimmora|Ancient Power|p1a: Trapito\n|-damage|p1a: Trapito|43\/100\n|\n|-weather|SunnyDay|[upkeep]\n|upkeep\n|turn|5\n|\n|t:|1700712004\n|switch|p2a: Corviknight|Corviknight, F|100\/100\n|-ability|p2a: Corviknight|Pressure\n|move|p1a: Trapito|Shadow Ball|p2a: Corviknight\n|-damage|p2a: Corviknight|65\/100\n|\n|-weather|none\n|-fieldend|Misty Terrain\n|upkeep\n|turn|6\n|inactive|Alivart Woquer has 120 seconds left.\n|\n|t:|1700712015\n|move|p1a: Trapito|Flamethrower|p2a: Corviknight\n|-supereffective|p2a: Corviknight\n|-damage|p2a: Corviknight|12\/100\n|move|p2a: Corviknight|Tailwind|p2a: Corviknight\n|-sidestart|p2: GhostMasterMorty|move: Tailwind\n|\n|upkeep\n|turn|7\n|inactive|Alivart Woquer has 120 seconds left.\n|\n|t:|1700712028\n|switch|p1a: Margaro|Torkoal, M|100\/100\n|-weather|SunnyDay|[from] ability: Drought|[of] p1a: Margaro\n|switch|p2a: Glimmora|Glimmora, M, shiny|9\/100\n|\n|-weather|SunnyDay|[upkeep]\n|upkeep\n|turn|8\n|inactive|Alivart Woquer has 120 seconds left.\n|\n|t:|1700712042\n|move|p2a: Glimmora|Ancient Power|p1a: Margaro\n|-supereffective|p1a: Margaro\n|-damage|p1a: Margaro|24\/100\n|move|p1a: Margaro|Rapid Spin|p2a: Glimmora\n|-resisted|p2a: Glimmora\n|-damage|p2a: Glimmora|3\/100\n|-boost|p1a: Margaro|spe|1\n|-activate|p2a: Glimmora|ability: Toxic Debris\n|-sidestart|p1: Alivart Woquer|move: Toxic Spikes\n|-sideend|p1: Alivart Woquer|Toxic Spikes|[from] move: Rapid Spin|[of] p1a: Margaro\n|\n|-weather|SunnyDay|[upkeep]\n|upkeep\n|turn|9\n|inactive|Alivart Woquer has 120 seconds left.\n|c|\u2606Alivart Woquer|ohh nonono\n|\n|t:|1700712059\n|move|p2a: Glimmora|Ancient Power|p1a: Margaro\n|-supereffective|p1a: Margaro\n|-damage|p1a: Margaro|0 fnt\n|faint|p1a: Margaro\n|\n|-weather|SunnyDay|[upkeep]\n|-sideend|p2: GhostMasterMorty|move: Tailwind\n|upkeep\n|\n|t:|1700712071\n|switch|p1a: El Bandido|Shiftry, M|100\/100\n|turn|10\n|c|\u2606GhostMasterMorty|Glimmora putting in work Jesus Christ\n|\n|t:|1700712084\n|switch|p2a: Weezing|Weezing-Galar, F|100\/100\n|-fieldstart|move: Misty Terrain|[from] ability: Misty Surge|[of] p2a: Weezing\n|move|p1a: El Bandido|Knock Off|p2a: Weezing\n|-resisted|p2a: Weezing\n|-damage|p2a: Weezing|75\/100\n|-enditem|p2a: Weezing|Eject Button|[from] move: Knock Off|[of] p1a: El Bandido\n|-damage|p1a: El Bandido|91\/100|[from] item: Life Orb\n|\n|-weather|SunnyDay|[upkeep]\n|upkeep\n|turn|11\n|\n|t:|1700712103\n|switch|p1a: Trapito|Dragapult, M|43\/100\n|move|p2a: Weezing|Strange Steam|p1a: Trapito|[miss]\n|-miss|p2a: Weezing|p1a: Trapito\n|\n|-weather|SunnyDay|[upkeep]\n|upkeep\n|turn|12\n|c|\u2606Alivart Woquer|im bad\n|\n|t:|1700712124\n|switch|p2a: Glimmora|Glimmora, M, shiny|3\/100\n|move|p1a: Trapito|Flamethrower|p2a: Glimmora\n|-resisted|p2a: Glimmora\n|-damage|p2a: Glimmora|0 fnt\n|faint|p2a: Glimmora\n|\n|-weather|SunnyDay|[upkeep]\n|upkeep\n|\n|t:|1700712133\n|switch|p2a: Samurott|Samurott-Hisui, M, shiny|100\/100\n|turn|13\n|inactive|Alivart Woquer has 120 seconds left.\n|\n|t:|1700712143\n|move|p1a: Trapito|Draco Meteor|p2a: Samurott\n|-damage|p2a: Samurott|81\/100\n|-unboost|p1a: Trapito|spa|2\n|move|p2a: Samurott|Ceaseless Edge|p1a: Trapito\n|-supereffective|p1a: Trapito\n|-damage|p1a: Trapito|0 fnt\n|-sidestart|p1: Alivart Woquer|Spikes\n|faint|p1a: Trapito\n|\n|-weather|SunnyDay|[upkeep]\n|upkeep\n|c|\u2606GhostMasterMorty|You FOOL\n|\n|t:|1700712153\n|switch|p1a: El Bandido|Shiftry, M|91\/100\n|-damage|p1a: El Bandido|78\/100|[from] Spikes\n|turn|14\n|c|\u2606GhostMasterMorty|I am VESTED\n|inactive|Alivart Woquer has 120 seconds left.\n|c|\u2606Alivart Woquer|nicencie\n|\n|t:|1700712171\n|switch|p2a: Weezing|Weezing-Galar, F|75\/100\n|move|p1a: El Bandido|Growth|p1a: El Bandido\n|-boost|p1a: El Bandido|atk|2\n|-boost|p1a: El Bandido|spa|2\n|\n|-weather|none\n|-fieldend|Misty Terrain\n|upkeep\n|turn|15\n|inactive|Alivart Woquer has 120 seconds left.\n|\n|t:|1700712183\n|-terastallize|p1a: El Bandido|Dark\n|move|p1a: El Bandido|Knock Off|p2a: Weezing\n|-resisted|p2a: Weezing\n|-damage|p2a: Weezing|32\/100\n|-damage|p1a: El Bandido|68\/100|[from] item: Life Orb\n|move|p2a: Weezing|Strange Steam|p1a: El Bandido\n|-supereffective|p1a: El Bandido\n|-damage|p1a: El Bandido|0 fnt\n|faint|p1a: El Bandido\n|\n|upkeep\n|inactive|Alivart Woquer has 120 seconds left.\n|-message|Alivart Woquer forfeited.\n|\n|win|GhostMasterMorty\n|raw|Alivart Woquer's rating: 1090 &rarr; <strong>1068<\/strong><br \/>(-22 for losing)\n|raw|GhostMasterMorty's rating: 1108 &rarr; <strong>1132<\/strong><br \/>(+24 for winning)\n|l|\u2606Alivart Woquer\n","uploadtime":1700712197,"views":14,"p1id":"alivartwoquer","p2id":"ghostmastermorty","formatid":"gen9ou","rating":1068,"private":0,"password":""}