{"id":"gen9ou-1991138984","p1":"Chabbott918","p2":"SilverNick","format":"[Gen 9] OU","log":"|j|\u2606Chabbott918\n|j|\u2606SilverNick\n|t:|1700048833\n|gametype|singles\n|player|p1|Chabbott918|raifort|1305\n|player|p2|SilverNick|hugh|1334\n|teamsize|p1|6\n|teamsize|p2|6\n|gen|9\n|tier|[Gen 9] OU\n|rated|\n|rule|Sleep Clause Mod: Limit one foe put to sleep\n|rule|Species Clause: Limit one of each Pok\u00e9mon\n|rule|OHKO Clause: OHKO moves are banned\n|rule|Evasion Items Clause: Evasion items are banned\n|rule|Evasion Moves Clause: Evasion moves are banned\n|rule|Endless Battle Clause: Forcing endless battles is banned\n|rule|HP Percentage Mod: HP is shown in percentages\n|clearpoke\n|poke|p1|Iron Leaves|\n|poke|p1|Ribombee, F|\n|poke|p1|Corviknight, M|\n|poke|p1|Ceruledge, M|\n|poke|p1|Greninja-*, M|\n|poke|p1|Kommo-o, M|\n|poke|p2|Iron Thorns|\n|poke|p2|Great Tusk|\n|poke|p2|Scizor, M|\n|poke|p2|Rillaboom, M|\n|poke|p2|Hatterene, F|\n|poke|p2|Iron Moth|\n|teampreview\n|\n|t:|1700048844\n|start\n|switch|p1a: Corviknight|Corviknight, M|100\/100\n|switch|p2a: Iron Thorns|Iron Thorns|100\/100\n|-item|p2a: Iron Thorns|Air Balloon\n|-ability|p1a: Corviknight|Pressure\n|turn|1\n|inactive|Battle timer is ON: inactive players will automatically lose when time's up. (requested by SilverNick)\n|\n|t:|1700048865\n|move|p2a: Iron Thorns|Spikes|p1a: Corviknight\n|-sidestart|p1: Chabbott918|Spikes\n|move|p1a: Corviknight|Reflect|p1a: Corviknight\n|-sidestart|p1: Chabbott918|Reflect\n|\n|upkeep\n|turn|2\n|\n|t:|1700048870\n|move|p2a: Iron Thorns|Spikes|p1a: Corviknight\n|-sidestart|p1: Chabbott918|Spikes\n|move|p1a: Corviknight|Light Screen|p1a: Corviknight\n|-sidestart|p1: Chabbott918|move: Light Screen\n|\n|upkeep\n|turn|3\n|\n|t:|1700048873\n|move|p2a: Iron Thorns|Spikes|p1a: Corviknight\n|-sidestart|p1: Chabbott918|Spikes\n|move|p1a: Corviknight|U-turn|p2a: Iron Thorns\n|-damage|p2a: Iron Thorns|89\/100\n|-enditem|p2a: Iron Thorns|Air Balloon\n|\n|t:|1700048889\n|switch|p1a: Ribombee|Ribombee, F, shiny|100\/100|[from] U-turn\n|-damage|p1a: Ribombee|76\/100|[from] Spikes\n|\n|upkeep\n|turn|4\n|\n|t:|1700048899\n|move|p1a: Ribombee|Quiver Dance|p1a: Ribombee\n|-boost|p1a: Ribombee|spa|1\n|-boost|p1a: Ribombee|spd|1\n|-boost|p1a: Ribombee|spe|1\n|move|p2a: Iron Thorns|Fire Blast|p1a: Ribombee\n|-supereffective|p1a: Ribombee\n|-damage|p1a: Ribombee|50\/100\n|\n|upkeep\n|turn|5\n|\n|t:|1700048907\n|move|p1a: Ribombee|Draining Kiss|p2a: Iron Thorns\n|-damage|p2a: Iron Thorns|59\/100\n|-heal|p1a: Ribombee|80\/100|[from] drain|[of] p2a: Iron Thorns\n|-damage|p1a: Ribombee|70\/100|[from] item: Life Orb\n|move|p2a: Iron Thorns|Fire Blast|p1a: Ribombee\n|-supereffective|p1a: Ribombee\n|-damage|p1a: Ribombee|48\/100\n|\n|upkeep\n|turn|6\n|\n|t:|1700048913\n|move|p1a: Ribombee|Quiver Dance|p1a: Ribombee\n|-boost|p1a: Ribombee|spa|1\n|-boost|p1a: Ribombee|spd|1\n|-boost|p1a: Ribombee|spe|1\n|move|p2a: Iron Thorns|Volt Switch|p1a: Ribombee\n|-damage|p1a: Ribombee|40\/100\n|\n|t:|1700048915\n|-end|p2a: Iron Thorns|Quark Drive|[silent]\n|switch|p2a: Scizor|Scizor, M|100\/100|[from] Volt Switch\n|\n|upkeep\n|turn|7\n|\n|t:|1700048918\n|-terastallize|p1a: Ribombee|Fire\n|move|p2a: Scizor|Bullet Punch|p1a: Ribombee\n|-resisted|p1a: Ribombee\n|-damage|p1a: Ribombee|27\/100\n|-damage|p2a: Scizor|91\/100|[from] item: Life Orb\n|move|p1a: Ribombee|Tera Blast|p2a: Scizor|[anim] Tera Blast Fire\n|-supereffective|p2a: Scizor\n|-damage|p2a: Scizor|0 fnt\n|faint|p2a: Scizor\n|-damage|p1a: Ribombee|17\/100|[from] item: Life Orb\n|\n|upkeep\n|inactive|SilverNick has 120 seconds left.\n|inactive|SilverNick has 90 seconds left.\n|inactive|SilverNick has 60 seconds left.\n|inactive|SilverNick has 30 seconds left.\n|inactive|SilverNick has 20 seconds left.\n|inactive|SilverNick has 15 seconds left.\n|inactive|SilverNick has 10 seconds left.\n|inactive|SilverNick has 5 seconds left.\n|-message|SilverNick lost due to inactivity.\n|\n|win|Chabbott918\n|raw|Chabbott918's rating: 1305 &rarr; <strong>1327<\/strong><br \/>(+22 for winning)\n|raw|SilverNick's rating: 1334 &rarr; <strong>1312<\/strong><br \/>(-22 for losing)\n|l|\u2606SilverNick\n","uploadtime":1700049078,"views":20,"p1id":"chabbott918","p2id":"silvernick","formatid":"gen9ou","rating":1312,"private":0,"password":""}