{"id":"gen9ou-1994785658","p1":"Master of Ultramar","p2":"ZuluVeineux","format":"[Gen 9] OU","log":"|j|\u2606Master of Ultramar\n|j|\u2606ZuluVeineux\n|t:|1700492579\n|gametype|singles\n|player|p1|Master of Ultramar|swimmer-gen4dp|1247\n|player|p2|ZuluVeineux|gentleman-gen1|1329\n|teamsize|p1|6\n|teamsize|p2|6\n|gen|9\n|tier|[Gen 9] OU\n|rated|\n|rule|Sleep Clause Mod: Limit one foe put to sleep\n|rule|Species Clause: Limit one of each Pok\u00e9mon\n|rule|OHKO Clause: OHKO moves are banned\n|rule|Evasion Items Clause: Evasion items are banned\n|rule|Evasion Moves Clause: Evasion moves are banned\n|rule|Endless Battle Clause: Forcing endless battles is banned\n|rule|HP Percentage Mod: HP is shown in percentages\n|clearpoke\n|poke|p1|Walking Wake|\n|poke|p1|Maushold-Four|\n|poke|p1|Dragonite, F|\n|poke|p1|Weezing-Galar, M|\n|poke|p1|Great Tusk|\n|poke|p1|Muk-Alola, M|\n|poke|p2|Kingambit, M|\n|poke|p2|Great Tusk|\n|poke|p2|Dragapult, F|\n|poke|p2|Ogerpon-Wellspring, F|\n|poke|p2|Blissey, F|\n|poke|p2|Zapdos|\n|teampreview\n|inactive|Battle timer is ON: inactive players will automatically lose when time's up. (requested by ZuluVeineux)\n|\n|t:|1700492606\n|start\n|switch|p1a: Muk|Muk-Alola, M|100\/100\n|switch|p2a: Dragapult|Dragapult, F|100\/100\n|turn|1\n|\n|t:|1700492618\n|switch|p2a: Kingambit|Kingambit, M|100\/100\n|move|p1a: Muk|Knock Off|p2a: Kingambit\n|-resisted|p2a: Kingambit\n|-damage|p2a: Kingambit|87\/100\n|-enditem|p2a: Kingambit|Mental Herb|[from] move: Knock Off|[of] p1a: Muk\n|\n|upkeep\n|turn|2\n|\n|t:|1700492623\n|move|p2a: Kingambit|Iron Head|p1a: Muk\n|-damage|p1a: Muk|47\/100\n|move|p1a: Muk|Drain Punch|p2a: Kingambit\n|-supereffective|p2a: Kingambit\n|-damage|p2a: Kingambit|28\/100\n|-heal|p1a: Muk|74\/100|[from] drain|[of] p2a: Kingambit\n|\n|-heal|p1a: Muk|80\/100|[from] item: Leftovers\n|upkeep\n|turn|3\n|\n|t:|1700492627\n|move|p1a: Muk|Protect|p1a: Muk\n|-singleturn|p1a: Muk|Protect\n|move|p2a: Kingambit|Iron Head|p1a: Muk\n|-activate|p1a: Muk|move: Protect\n|\n|-heal|p1a: Muk|86\/100|[from] item: Leftovers\n|upkeep\n|turn|4\n|\n|t:|1700492638\n|move|p2a: Kingambit|Iron Head|p1a: Muk\n|-damage|p1a: Muk|38\/100\n|move|p1a: Muk|Drain Punch|p2a: Kingambit\n|-supereffective|p2a: Kingambit\n|-damage|p2a: Kingambit|0 fnt\n|-heal|p1a: Muk|50\/100|[from] drain|[of] p2a: Kingambit\n|faint|p2a: Kingambit\n|-end|p2a: Kingambit|fallenundefined|[silent]\n|\n|-heal|p1a: Muk|56\/100|[from] item: Leftovers\n|upkeep\n|\n|t:|1700492647\n|switch|p2a: Great Tusk|Great Tusk|100\/100\n|turn|5\n|\n|t:|1700492651\n|switch|p1a: Great Tusk|Great Tusk|100\/100\n|move|p2a: Great Tusk|Earthquake|p1a: Great Tusk\n|-damage|p1a: Great Tusk|80\/100\n|\n|upkeep\n|turn|6\n|\n|t:|1700492655\n|-end|p2a: Great Tusk|Protosynthesis|[silent]\n|switch|p2a: Zapdos|Zapdos|100\/100\n|move|p1a: Great Tusk|Stealth Rock|p2a: Zapdos\n|-sidestart|p2: ZuluVeineux|move: Stealth Rock\n|\n|upkeep\n|turn|7\n|\n|t:|1700492662\n|-end|p1a: Great Tusk|Protosynthesis|[silent]\n|switch|p1a: Muk|Muk-Alola, M|56\/100\n|move|p2a: Zapdos|Hurricane|p1a: Muk\n|-damage|p1a: Muk|28\/100\n|\n|-heal|p1a: Muk|34\/100|[from] item: Leftovers\n|upkeep\n|turn|8\n|\n|t:|1700492668\n|move|p2a: Zapdos|Volt Switch|p1a: Muk\n|-damage|p1a: Muk|17\/100\n|\n|t:|1700492673\n|switch|p2a: Great Tusk|Great Tusk|100\/100|[from] Volt Switch\n|-damage|p2a: Great Tusk|98\/100|[from] Stealth Rock\n|move|p1a: Muk|Poison Jab|p2a: Great Tusk\n|-resisted|p2a: Great Tusk\n|-damage|p2a: Great Tusk|89\/100\n|-status|p2a: Great Tusk|psn\n|\n|-heal|p2a: Great Tusk|95\/100 psn|[from] item: Leftovers\n|-heal|p1a: Muk|23\/100|[from] item: Leftovers\n|-damage|p2a: Great Tusk|82\/100 psn|[from] psn\n|upkeep\n|turn|9\n|\n|t:|1700492677\n|move|p1a: Muk|Protect|p1a: Muk\n|-singleturn|p1a: Muk|Protect\n|move|p2a: Great Tusk|Rapid Spin|p1a: Muk\n|-activate|p1a: Muk|move: Protect\n|\n|-heal|p2a: Great Tusk|89\/100 psn|[from] item: Leftovers\n|-heal|p1a: Muk|29\/100|[from] item: Leftovers\n|-damage|p2a: Great Tusk|76\/100 psn|[from] psn\n|upkeep\n|turn|10\n|\n|t:|1700492684\n|switch|p1a: Great Tusk|Great Tusk|80\/100\n|move|p2a: Great Tusk|Earthquake|p1a: Great Tusk\n|-damage|p1a: Great Tusk|61\/100\n|\n|-heal|p2a: Great Tusk|82\/100 psn|[from] item: Leftovers\n|-damage|p2a: Great Tusk|70\/100 psn|[from] psn\n|upkeep\n|turn|11\n|\n|t:|1700492688\n|move|p2a: Great Tusk|Rapid Spin|p1a: Great Tusk\n|-damage|p1a: Great Tusk|55\/100\n|-boost|p2a: Great Tusk|spe|1\n|-damage|p2a: Great Tusk|53\/100 psn|[from] item: Rocky Helmet|[of] p1a: Great Tusk\n|-sideend|p2: ZuluVeineux|Stealth Rock|[from] move: Rapid Spin|[of] p2a: Great Tusk\n|move|p1a: Great Tusk|Ice Spinner|p2a: Great Tusk\n|-supereffective|p2a: Great Tusk\n|-damage|p2a: Great Tusk|24\/100 psn\n|\n|-heal|p2a: Great Tusk|30\/100 psn|[from] item: Leftovers\n|-damage|p2a: Great Tusk|18\/100 psn|[from] psn\n|upkeep\n|turn|12\n|\n|t:|1700492692\n|move|p2a: Great Tusk|Knock Off|p1a: Great Tusk\n|-resisted|p1a: Great Tusk\n|-damage|p1a: Great Tusk|49\/100\n|-damage|p2a: Great Tusk|1\/100 psn|[from] item: Rocky Helmet|[of] p1a: Great Tusk\n|-enditem|p1a: Great Tusk|Rocky Helmet|[from] move: Knock Off|[of] p2a: Great Tusk\n|move|p1a: Great Tusk|Stealth Rock|p2a: Great Tusk\n|-sidestart|p2: ZuluVeineux|move: Stealth Rock\n|\n|-heal|p2a: Great Tusk|8\/100 psn|[from] item: Leftovers\n|-damage|p2a: Great Tusk|0 fnt|[from] psn\n|faint|p2a: Great Tusk\n|-end|p2a: Great Tusk|Protosynthesis|[silent]\n|upkeep\n|\n|t:|1700492698\n|switch|p2a: Ogerpon|Ogerpon-Wellspring, F|100\/100\n|-damage|p2a: Ogerpon|88\/100|[from] Stealth Rock\n|turn|13\n|\n|t:|1700492706\n|move|p2a: Ogerpon|Power Whip|p1a: Great Tusk\n|-supereffective|p1a: Great Tusk\n|-crit|p1a: Great Tusk\n|-damage|p1a: Great Tusk|0 fnt\n|faint|p1a: Great Tusk\n|-end|p1a: Great Tusk|Protosynthesis|[silent]\n|\n|upkeep\n|\n|t:|1700492712\n|switch|p1a: Walking Wake|Walking Wake|100\/100\n|turn|14\n|\n|t:|1700492715\n|switch|p2a: Blissey|Blissey, F|100\/100\n|move|p1a: Walking Wake|Draco Meteor|p2a: Blissey\n|-crit|p2a: Blissey\n|-damage|p2a: Blissey|64\/100\n|-unboost|p1a: Walking Wake|spa|2\n|\n|upkeep\n|turn|15\n|\n|t:|1700492718\n|-end|p1a: Walking Wake|Protosynthesis|[silent]\n|switch|p1a: Muk|Muk-Alola, M|29\/100\n|move|p2a: Blissey|Soft-Boiled|p2a: Blissey\n|-heal|p2a: Blissey|100\/100\n|\n|-heal|p1a: Muk|35\/100|[from] item: Leftovers\n|upkeep\n|turn|16\n|\n|t:|1700492726\n|switch|p2a: Zapdos|Zapdos|100\/100\n|move|p1a: Muk|Poison Jab|p2a: Zapdos\n|-damage|p2a: Zapdos|76\/100\n|-status|p2a: Zapdos|psn\n|\n|-heal|p1a: Muk|41\/100|[from] item: Leftovers\n|-damage|p2a: Zapdos|64\/100 psn|[from] psn\n|upkeep\n|turn|17\n|\n|t:|1700492733\n|move|p1a: Muk|Protect|p1a: Muk\n|-singleturn|p1a: Muk|Protect\n|move|p2a: Zapdos|Roost|p2a: Zapdos\n|-heal|p2a: Zapdos|100\/100 psn\n|-singleturn|p2a: Zapdos|move: Roost\n|\n|-heal|p1a: Muk|47\/100|[from] item: Leftovers\n|-damage|p2a: Zapdos|88\/100 psn|[from] psn\n|upkeep\n|turn|18\n|\n|t:|1700492736\n|move|p2a: Zapdos|Volt Switch|p1a: Muk\n|-damage|p1a: Muk|31\/100\n|\n|t:|1700492740\n|switch|p2a: Ogerpon|Ogerpon-Wellspring, F|88\/100|[from] Volt Switch\n|-damage|p2a: Ogerpon|76\/100|[from] Stealth Rock\n|move|p1a: Muk|Knock Off|p2a: Ogerpon\n|-damage|p2a: Ogerpon|46\/100\n|\n|-heal|p1a: Muk|37\/100|[from] item: Leftovers\n|upkeep\n|turn|19\n|\n|t:|1700492746\n|move|p2a: Ogerpon|Ivy Cudgel|p1a: Muk|[anim] Ivy Cudgel Water\n|-damage|p1a: Muk|0 fnt\n|faint|p1a: Muk\n|\n|upkeep\n|\n|t:|1700492756\n|switch|p1a: Dragonite|Dragonite, F|100\/100\n|turn|20\n|\n|t:|1700492766\n|move|p2a: Ogerpon|Ivy Cudgel|p1a: Dragonite|[anim] Ivy Cudgel Water\n|-resisted|p1a: Dragonite\n|-crit|p1a: Dragonite\n|-damage|p1a: Dragonite|79\/100\n|move|p1a: Dragonite|Outrage|p2a: Ogerpon\n|-damage|p2a: Ogerpon|0 fnt\n|faint|p2a: Ogerpon\n|\n|upkeep\n|\n|t:|1700492773\n|switch|p2a: Zapdos|Zapdos|88\/100 psn\n|turn|21\n|\n|t:|1700492777\n|move|p2a: Zapdos|Volt Switch|p1a: Dragonite\n|-damage|p1a: Dragonite|51\/100\n|\n|t:|1700492783\n|switch|p2a: Blissey|Blissey, F|100\/100|[from] Volt Switch\n|move|p1a: Dragonite|Outrage|p2a: Blissey|[from]lockedmove\n|-damage|p2a: Blissey|13\/100\n|-start|p1a: Dragonite|confusion|[fatigue]\n|\n|upkeep\n|turn|22\n|\n|t:|1700492792\n|switch|p1a: Walking Wake|Walking Wake|100\/100\n|move|p2a: Blissey|Thunder Wave|p1a: Walking Wake|[miss]\n|-miss|p2a: Blissey|p1a: Walking Wake\n|\n|upkeep\n|turn|23\n|\n|t:|1700492797\n|move|p1a: Walking Wake|Flip Turn|p2a: Blissey\n|-damage|p2a: Blissey|0 fnt\n|faint|p2a: Blissey\n|\n|t:|1700492805\n|-end|p1a: Walking Wake|Protosynthesis|[silent]\n|switch|p1a: Weezing|Weezing-Galar, M|100\/100|[from] Flip Turn\n|\n|upkeep\n|\n|t:|1700492807\n|switch|p2a: Zapdos|Zapdos|88\/100 psn\n|turn|24\n|\n|t:|1700492811\n|move|p2a: Zapdos|Hurricane|p1a: Weezing|[miss]\n|-miss|p2a: Zapdos|p1a: Weezing\n|move|p1a: Weezing|Strange Steam|p2a: Zapdos|[miss]\n|-miss|p1a: Weezing|p2a: Zapdos\n|\n|-damage|p2a: Zapdos|75\/100 psn|[from] psn\n|upkeep\n|turn|25\n|\n|t:|1700492814\n|move|p2a: Zapdos|Hurricane|p1a: Weezing\n|-damage|p1a: Weezing|26\/100\n|-start|p1a: Weezing|confusion\n|-activate|p1a: Weezing|confusion\n|-damage|p1a: Weezing|19\/100|[from] confusion\n|\n|-damage|p2a: Zapdos|63\/100 psn|[from] psn\n|upkeep\n|turn|26\n|\n|t:|1700492817\n|move|p2a: Zapdos|Heat Wave|p1a: Weezing\n|-damage|p1a: Weezing|0 fnt\n|faint|p1a: Weezing\n|\n|-damage|p2a: Zapdos|50\/100 psn|[from] psn\n|upkeep\n|\n|t:|1700492820\n|switch|p1a: Walking Wake|Walking Wake|100\/100\n|turn|27\n|\n|t:|1700492824\n|move|p1a: Walking Wake|Draco Meteor|p2a: Zapdos\n|-damage|p2a: Zapdos|0 fnt\n|-unboost|p1a: Walking Wake|spa|2\n|faint|p2a: Zapdos\n|\n|upkeep\n|\n|t:|1700492826\n|switch|p2a: Dragapult|Dragapult, F|100\/100\n|-damage|p2a: Dragapult|88\/100|[from] Stealth Rock\n|turn|28\n|\n|t:|1700492830\n|move|p1a: Walking Wake|Draco Meteor|p2a: Dragapult\n|-supereffective|p2a: Dragapult\n|-damage|p2a: Dragapult|6\/100\n|-unboost|p1a: Walking Wake|spa|2\n|move|p2a: Dragapult|Shadow Ball|p1a: Walking Wake\n|-damage|p1a: Walking Wake|35\/100\n|\n|upkeep\n|turn|29\n|\n|t:|1700492833\n|move|p1a: Walking Wake|Draco Meteor|p2a: Dragapult\n|-supereffective|p2a: Dragapult\n|-damage|p2a: Dragapult|0 fnt\n|-unboost|p1a: Walking Wake|spa|2\n|faint|p2a: Dragapult\n|\n|win|Master of Ultramar\n|raw|Master of Ultramar's rating: 1247 &rarr; <strong>1278<\/strong><br \/>(+31 for winning)\n|raw|ZuluVeineux's rating: 1329 &rarr; <strong>1304<\/strong><br \/>(-25 for losing)\n|l|\u2606ZuluVeineux\n|c|\u2606Master of Ultramar|gg\n","uploadtime":1700492840,"views":5,"p1id":"masterofultramar","p2id":"zuluveineux","formatid":"gen9ou","rating":1278,"private":0,"password":""}