{"id":"gen9ou-1990445384","p1":"SS_Wobblewok","p2":"Carter_eiro","format":"[Gen 9] OU","log":"|j|\u2606SS_Wobblewok\n|j|\u2606Carter_eiro\n|t:|1699971672\n|gametype|singles\n|player|p1|SS_Wobblewok|parasollady|1121\n|player|p2|Carter_eiro|lance|1160\n|teamsize|p1|6\n|teamsize|p2|6\n|gen|9\n|tier|[Gen 9] OU\n|rated|\n|rule|Sleep Clause Mod: Limit one foe put to sleep\n|rule|Species Clause: Limit one of each Pok\u00e9mon\n|rule|OHKO Clause: OHKO moves are banned\n|rule|Evasion Items Clause: Evasion items are banned\n|rule|Evasion Moves Clause: Evasion moves are banned\n|rule|Endless Battle Clause: Forcing endless battles is banned\n|rule|HP Percentage Mod: HP is shown in percentages\n|clearpoke\n|poke|p1|Rillaboom, F|\n|poke|p1|Sneasler, F|\n|poke|p1|Great Tusk|\n|poke|p1|Ogerpon-Wellspring, F|\n|poke|p1|Ceruledge, M|\n|poke|p1|Landorus-Therian, M|\n|poke|p2|Garchomp, M|\n|poke|p2|Ribombee, M|\n|poke|p2|Gholdengo|\n|poke|p2|Manaphy|\n|poke|p2|Great Tusk|\n|poke|p2|Iron Moth|\n|teampreview\n|\n|t:|1699971705\n|start\n|switch|p1a: Sneasler|Sneasler, F|100\/100\n|switch|p2a: Ribombee|Ribombee, M|100\/100\n|turn|1\n|\n|t:|1699971738\n|move|p1a: Sneasler|Fake Out|p2a: Ribombee\n|-damage|p2a: Ribombee|69\/100\n|move|p2a: Ribombee|Switcheroo|p1a: Sneasler\n|-activate|p2a: Ribombee|move: Trick|[of] p1a: Sneasler\n|-item|p1a: Sneasler|Focus Sash|[from] move: Switcheroo\n|-item|p2a: Ribombee|Mirror Herb|[from] move: Switcheroo\n|\n|upkeep\n|turn|2\n|inactive|Battle timer is ON: inactive players will automatically lose when time's up. (requested by SS_Wobblewok)\n|inactive|SS_Wobblewok has 120 seconds left.\n|\n|t:|1699971773\n|switch|p1a: Ceruledge|Ceruledge, M|100\/100\n|move|p2a: Ribombee|Sticky Web|p1a: Ceruledge\n|-sidestart|p1: SS_Wobblewok|move: Sticky Web\n|\n|upkeep\n|turn|3\n|inactive|Carter_eiro has 120 seconds left.\n|\n|t:|1699971811\n|switch|p2a: Manaphy|Manaphy|100\/100\n|move|p1a: Ceruledge|Swords Dance|p1a: Ceruledge\n|-boost|p1a: Ceruledge|atk|2\n|\n|upkeep\n|turn|4\n|inactive|Carter_eiro has 120 seconds left.\n|\n|t:|1699971820\n|move|p2a: Manaphy|Surf|p1a: Ceruledge\n|-supereffective|p1a: Ceruledge\n|-damage|p1a: Ceruledge|14\/100\n|move|p1a: Ceruledge|Close Combat|p2a: Manaphy\n|-damage|p2a: Manaphy|15\/100\n|-unboost|p1a: Ceruledge|def|1\n|-unboost|p1a: Ceruledge|spd|1\n|\n|-heal|p2a: Manaphy|21\/100|[from] item: Leftovers\n|upkeep\n|turn|5\n|inactive|Carter_eiro has 120 seconds left.\n|\n|t:|1699971841\n|switch|p2a: Garchomp|Garchomp, M|100\/100\n|move|p1a: Ceruledge|Shadow Sneak|p2a: Garchomp\n|-damage|p2a: Garchomp|60\/100\n|-damage|p1a: Ceruledge|2\/100|[from] ability: Rough Skin|[of] p2a: Garchomp\n|\n|upkeep\n|turn|6\n|\n|t:|1699971854\n|move|p1a: Ceruledge|Shadow Sneak|p2a: Garchomp\n|-damage|p2a: Garchomp|16\/100\n|-damage|p1a: Ceruledge|0 fnt|[from] ability: Rough Skin|[of] p2a: Garchomp\n|faint|p1a: Ceruledge\n|move|p2a: Garchomp|Scale Shot|p1: Ceruledge|[notarget]\n|-fail|p2a: Garchomp\n|\n|upkeep\n|\n|t:|1699971865\n|switch|p1a: Great Tusk|Great Tusk|100\/100\n|-activate|p1a: Great Tusk|move: Sticky Web\n|-unboost|p1a: Great Tusk|spe|1\n|turn|7\n|inactive|Carter_eiro has 120 seconds left.\n|\n|t:|1699971897\n|move|p2a: Garchomp|Earthquake|p1a: Great Tusk\n|-damage|p1a: Great Tusk|62\/100\n|move|p1a: Great Tusk|Ice Spinner|p2a: Garchomp\n|-supereffective|p2a: Garchomp\n|-damage|p2a: Garchomp|0 fnt\n|-damage|p1a: Great Tusk|50\/100|[from] ability: Rough Skin|[of] p2a: Garchomp\n|faint|p2a: Garchomp\n|\n|-heal|p1a: Great Tusk|56\/100|[from] item: Leftovers\n|upkeep\n|inactive|Carter_eiro has 90 seconds left.\n|\n|t:|1699971919\n|switch|p2a: Manaphy|Manaphy|21\/100\n|turn|8\n|\n|t:|1699971931\n|move|p2a: Manaphy|Ice Beam|p1a: Great Tusk\n|-supereffective|p1a: Great Tusk\n|-damage|p1a: Great Tusk|0 fnt\n|faint|p1a: Great Tusk\n|-end|p1a: Great Tusk|Protosynthesis|[silent]\n|\n|-heal|p2a: Manaphy|27\/100|[from] item: Leftovers\n|upkeep\n|\n|t:|1699971936\n|switch|p1a: Rillaboom|Rillaboom, F|100\/100\n|-activate|p1a: Rillaboom|move: Sticky Web\n|-unboost|p1a: Rillaboom|spe|1\n|-fieldstart|move: Grassy Terrain|[from] ability: Grassy Surge|[of] p1a: Rillaboom\n|turn|9\n|inactive|Carter_eiro has 90 seconds left.\n|\n|t:|1699971950\n|move|p1a: Rillaboom|Grassy Glide|p2a: Manaphy\n|-supereffective|p2a: Manaphy\n|-damage|p2a: Manaphy|0 fnt\n|faint|p2a: Manaphy\n|\n|upkeep\n|\n|t:|1699971973\n|switch|p2a: Iron Moth|Iron Moth|100\/100\n|-enditem|p2a: Iron Moth|Booster Energy\n|-activate|p2a: Iron Moth|ability: Quark Drive|[fromitem]\n|-start|p2a: Iron Moth|quarkdrivespa\n|turn|10\n|\n|t:|1699971989\n|switch|p1a: Landorus|Landorus-Therian, M|100\/100\n|-ability|p1a: Landorus|Intimidate|boost\n|-unboost|p2a: Iron Moth|atk|1\n|move|p2a: Iron Moth|Sludge Wave|p1a: Landorus\n|-resisted|p1a: Landorus\n|-damage|p1a: Landorus|56\/100\n|-status|p1a: Landorus|psn\n|\n|-heal|p1a: Landorus|62\/100 psn|[from] item: Leftovers\n|-damage|p1a: Landorus|50\/100 psn|[from] psn\n|upkeep\n|turn|11\n|\n|t:|1699972003\n|move|p2a: Iron Moth|Psychic|p1a: Landorus\n|-damage|p1a: Landorus|0 fnt\n|faint|p1a: Landorus\n|\n|upkeep\n|\n|t:|1699972019\n|switch|p1a: Ogerpon|Ogerpon-Wellspring, F|100\/100\n|-activate|p1a: Ogerpon|move: Sticky Web\n|-unboost|p1a: Ogerpon|spe|1\n|turn|12\n|\n|t:|1699972028\n|-terastallize|p1a: Ogerpon|Water\n|detailschange|p1a: Ogerpon|Ogerpon-Wellspring-Tera, F, tera:Water\n|-ability|p1a: Ogerpon|Embody Aspect (Wellspring)|boost\n|-boost|p1a: Ogerpon|spd|1\n|move|p2a: Iron Moth|Sludge Wave|p1a: Ogerpon\n|-damage|p1a: Ogerpon|46\/100\n|-status|p1a: Ogerpon|psn\n|move|p1a: Ogerpon|Power Whip|p2a: Iron Moth\n|-resisted|p2a: Iron Moth\n|-damage|p2a: Iron Moth|61\/100\n|\n|-heal|p2a: Iron Moth|67\/100|[from] Grassy Terrain\n|-heal|p1a: Ogerpon|52\/100 psn|[from] Grassy Terrain\n|-damage|p1a: Ogerpon|40\/100 psn|[from] psn\n|upkeep\n|turn|13\n|\n|t:|1699972041\n|move|p2a: Iron Moth|Sludge Wave|p1a: Ogerpon\n|-damage|p1a: Ogerpon|0 fnt\n|faint|p1a: Ogerpon\n|\n|-heal|p2a: Iron Moth|73\/100|[from] Grassy Terrain\n|-fieldend|move: Grassy Terrain\n|upkeep\n|c|\u2606SS_Wobblewok|i blundered\n|\n|t:|1699972047\n|switch|p1a: Rillaboom|Rillaboom, F|100\/100\n|-activate|p1a: Rillaboom|move: Sticky Web\n|-unboost|p1a: Rillaboom|spe|1\n|-fieldstart|move: Grassy Terrain|[from] ability: Grassy Surge|[of] p1a: Rillaboom\n|turn|14\n|\n|t:|1699972052\n|move|p1a: Rillaboom|Grassy Glide|p2a: Iron Moth\n|-resisted|p2a: Iron Moth\n|-damage|p2a: Iron Moth|46\/100\n|move|p2a: Iron Moth|Sludge Wave|p1a: Rillaboom\n|-supereffective|p1a: Rillaboom\n|-damage|p1a: Rillaboom|0 fnt\n|faint|p1a: Rillaboom\n|\n|-heal|p2a: Iron Moth|52\/100|[from] Grassy Terrain\n|upkeep\n|\n|t:|1699972056\n|switch|p1a: Sneasler|Sneasler, F|100\/100\n|-activate|p1a: Sneasler|move: Sticky Web\n|-unboost|p1a: Sneasler|spe|1\n|turn|15\n|\n|t:|1699972066\n|move|p1a: Sneasler|Fake Out|p2a: Iron Moth\n|-damage|p2a: Iron Moth|26\/100\n|cant|p2a: Iron Moth|flinch\n|\n|-heal|p2a: Iron Moth|32\/100|[from] Grassy Terrain\n|upkeep\n|turn|16\n|\n|t:|1699972072\n|move|p2a: Iron Moth|Psychic|p1a: Sneasler\n|-supereffective|p1a: Sneasler\n|-enditem|p1a: Sneasler|Focus Sash\n|-damage|p1a: Sneasler|1\/100\n|move|p1a: Sneasler|Acrobatics|p2a: Iron Moth\n|-damage|p2a: Iron Moth|0 fnt\n|faint|p2a: Iron Moth\n|-end|p2a: Iron Moth|Quark Drive|[silent]\n|\n|-heal|p1a: Sneasler|7\/100|[from] Grassy Terrain\n|upkeep\n|inactive|Carter_eiro has 90 seconds left.\n|\n|t:|1699972095\n|switch|p2a: Gholdengo|Gholdengo|100\/100\n|-item|p2a: Gholdengo|Air Balloon\n|turn|17\n|inactive|Carter_eiro has 90 seconds left.\n|\n|t:|1699972105\n|move|p1a: Sneasler|Acrobatics|p2a: Gholdengo\n|-resisted|p2a: Gholdengo\n|-damage|p2a: Gholdengo|79\/100\n|-enditem|p2a: Gholdengo|Air Balloon\n|move|p2a: Gholdengo|Make It Rain|p1a: Sneasler\n|-damage|p1a: Sneasler|0 fnt\n|-unboost|p2a: Gholdengo|spa|1\n|faint|p1a: Sneasler\n|\n|win|Carter_eiro\n|raw|SS_Wobblewok's rating: 1121 &rarr; <strong>1099<\/strong><br \/>(-22 for losing)\n|raw|Carter_eiro's rating: 1160 &rarr; <strong>1182<\/strong><br \/>(+22 for winning)\n|l|\u2606SS_Wobblewok\n","uploadtime":1699972126,"views":9,"p1id":"sswobblewok","p2id":"cartereiro","formatid":"gen9ou","rating":1099,"private":0,"password":""}