{"id":"gen9ou-1989958043","p1":"PokeFan1748","p2":"PLAYB0I R0BBIE B","format":"[Gen 9] OU","log":"|j|\u2606PokeFan1748\n|j|\u2606PLAYB0I R0BBIE B\n|t:|1699910164\n|gametype|singles\n|player|p1|PokeFan1748|169|1345\n|player|p2|PLAYB0I R0BBIE B|eusine|1353\n|teamsize|p1|6\n|teamsize|p2|6\n|gen|9\n|tier|[Gen 9] OU\n|rated|\n|rule|Sleep Clause Mod: Limit one foe put to sleep\n|rule|Species Clause: Limit one of each Pok\u00e9mon\n|rule|OHKO Clause: OHKO moves are banned\n|rule|Evasion Items Clause: Evasion items are banned\n|rule|Evasion Moves Clause: Evasion moves are banned\n|rule|Endless Battle Clause: Forcing endless battles is banned\n|rule|HP Percentage Mod: HP is shown in percentages\n|clearpoke\n|poke|p1|Alomomola, F|\n|poke|p1|Slowking-Galar, F|\n|poke|p1|Kingambit, F|\n|poke|p1|Great Tusk|\n|poke|p1|Cinderace, F|\n|poke|p1|Thundurus-Therian, M|\n|poke|p2|Glimmora, F|\n|poke|p2|Meowscarada, F|\n|poke|p2|Thundurus-Therian, M|\n|poke|p2|Dragapult, F|\n|poke|p2|Heatran, F|\n|poke|p2|Great Tusk|\n|teampreview\n|\n|t:|1699910175\n|start\n|switch|p1a: Thundurus|Thundurus-Therian, M|100\/100\n|switch|p2a: Thundurus|Thundurus-Therian, M|100\/100\n|turn|1\n|inactive|Battle timer is ON: inactive players will automatically lose when time's up. (requested by PLAYB0I R0BBIE B)\n|\n|t:|1699910193\n|move|p1a: Thundurus|Knock Off|p2a: Thundurus\n|-damage|p2a: Thundurus|69\/100\n|-enditem|p2a: Thundurus|Choice Specs|[from] move: Knock Off|[of] p1a: Thundurus\n|move|p2a: Thundurus|Knock Off|p1a: Thundurus\n|-damage|p1a: Thundurus|69\/100\n|-enditem|p1a: Thundurus|Choice Specs|[from] move: Knock Off|[of] p2a: Thundurus\n|\n|upkeep\n|turn|2\n|\n|t:|1699910215\n|switch|p1a: Slowking|Slowking-Galar, F|100\/100\n|move|p2a: Thundurus|Knock Off|p1a: Slowking\n|-supereffective|p1a: Slowking\n|-damage|p1a: Slowking|60\/100\n|-enditem|p1a: Slowking|Heavy-Duty Boots|[from] move: Knock Off|[of] p2a: Thundurus\n|\n|upkeep\n|turn|3\n|\n|t:|1699910232\n|switch|p2a: Heatran|Heatran, F|100\/100\n|-item|p2a: Heatran|Air Balloon\n|move|p1a: Slowking|Chilly Reception|p1a: Slowking\n|-weather|Snow\n|inactive|PokeFan1748 has 120 seconds left.\n|\n|t:|1699910243\n|switch|p1a: Thundurus|Thundurus-Therian, M|69\/100|[from] Chilly Reception\n|\n|-weather|Snow|[upkeep]\n|upkeep\n|turn|4\n|\n|t:|1699910252\n|move|p1a: Thundurus|Volt Switch|p2a: Heatran\n|-damage|p2a: Heatran|66\/100\n|-enditem|p2a: Heatran|Air Balloon\n|\n|t:|1699910262\n|switch|p1a: Great Tusk|Great Tusk|100\/100|[from] Volt Switch\n|move|p2a: Heatran|Magma Storm|p1a: Great Tusk\n|-damage|p1a: Great Tusk|17\/100\n|-activate|p1a: Great Tusk|move: Magma Storm|[of] p2a: Heatran\n|\n|-weather|Snow|[upkeep]\n|-damage|p1a: Great Tusk|5\/100|[from] move: Magma Storm|[partiallytrapped]\n|upkeep\n|turn|5\n|\n|t:|1699910274\n|switch|p2a: Glimmora|Glimmora, F|100\/100\n|move|p1a: Great Tusk|Headlong Rush|p2a: Glimmora\n|-supereffective|p2a: Glimmora\n|-enditem|p2a: Glimmora|Focus Sash\n|-damage|p2a: Glimmora|1\/100\n|-unboost|p1a: Great Tusk|def|1\n|-unboost|p1a: Great Tusk|spd|1\n|-activate|p2a: Glimmora|ability: Toxic Debris\n|-sidestart|p1: PokeFan1748|move: Toxic Spikes\n|\n|-weather|Snow|[upkeep]\n|-end|p1a: Great Tusk|Magma Storm|[partiallytrapped]|[silent]\n|upkeep\n|turn|6\n|inactive|PokeFan1748 has 120 seconds left.\n|\n|t:|1699910302\n|move|p1a: Great Tusk|Ice Spinner|p2a: Glimmora\n|-damage|p2a: Glimmora|0 fnt\n|-activate|p2a: Glimmora|ability: Toxic Debris\n|-sidestart|p1: PokeFan1748|move: Toxic Spikes\n|faint|p2a: Glimmora\n|\n|-weather|Snow|[upkeep]\n|upkeep\n|\n|t:|1699910305\n|switch|p2a: Meowscarada|Meowscarada, F|100\/100\n|turn|7\n|inactive|PokeFan1748 has 120 seconds left.\n|\n|t:|1699910328\n|move|p2a: Meowscarada|Knock Off|p1a: Great Tusk\n|-start|p2a: Meowscarada|typechange|Dark|[from] ability: Protean\n|-resisted|p1a: Great Tusk\n|-damage|p1a: Great Tusk|0 fnt\n|-damage|p2a: Meowscarada|84\/100|[from] item: Rocky Helmet|[of] p1a: Great Tusk\n|-enditem|p1a: Great Tusk|Rocky Helmet|[from] move: Knock Off|[of] p2a: Meowscarada\n|faint|p1a: Great Tusk\n|-end|p1a: Great Tusk|Protosynthesis|[silent]\n|\n|-weather|none\n|upkeep\n|\n|t:|1699910345\n|switch|p1a: Cinderace|Cinderace, F|100\/100\n|turn|8\n|\n|t:|1699910359\n|move|p2a: Meowscarada|Knock Off|p1a: Cinderace\n|-damage|p1a: Cinderace|7\/100\n|-enditem|p1a: Cinderace|Heavy-Duty Boots|[from] move: Knock Off|[of] p2a: Meowscarada\n|move|p1a: Cinderace|Pyro Ball|p2a: Meowscarada\n|-damage|p2a: Meowscarada|0 fnt\n|faint|p2a: Meowscarada\n|\n|upkeep\n|\n|t:|1699910367\n|switch|p2a: Dragapult|Dragapult, F|100\/100\n|turn|9\n|\n|t:|1699910384\n|switch|p1a: Slowking|Slowking-Galar, F|94\/100\n|-sideend|p1: PokeFan1748|move: Toxic Spikes|[of] p1a: Slowking\n|move|p2a: Dragapult|U-turn|p1a: Slowking\n|-damage|p1a: Slowking|73\/100\n|\n|t:|1699910387\n|switch|p2a: Heatran|Heatran, F|66\/100|[from] U-turn\n|\n|upkeep\n|turn|10\n|inactive|PokeFan1748 has 90 seconds left.\n|inactive|PokeFan1748 has 60 seconds left.\n|\n|t:|1699910443\n|switch|p1a: Alomomola|Alomomola, F|100\/100\n|move|p2a: Heatran|Taunt|p1a: Alomomola\n|-start|p1a: Alomomola|move: Taunt\n|\n|upkeep\n|turn|11\n|inactive|PokeFan1748 has 60 seconds left.\n|\n|t:|1699910460\n|move|p2a: Heatran|Stealth Rock|p1a: Alomomola\n|-sidestart|p1: PokeFan1748|move: Stealth Rock\n|move|p1a: Alomomola|Flip Turn|p2a: Heatran\n|-supereffective|p2a: Heatran\n|-damage|p2a: Heatran|33\/100\n|inactive|PokeFan1748 has 30 seconds left.\n|\n|t:|1699910486\n|switch|p1a: Thundurus|Thundurus-Therian, M|69\/100|[from] Flip Turn\n|-damage|p1a: Thundurus|44\/100|[from] Stealth Rock\n|\n|upkeep\n|turn|12\n|\n|t:|1699910498\n|switch|p2a: Dragapult|Dragapult, F|100\/100\n|move|p1a: Thundurus|Volt Switch|p2a: Dragapult\n|-resisted|p2a: Dragapult\n|-damage|p2a: Dragapult|72\/100\n|\n|t:|1699910507\n|switch|p1a: Kingambit|Kingambit, F|100\/100|[from] Volt Switch\n|-damage|p1a: Kingambit|94\/100|[from] Stealth Rock\n|-activate|p1a: Kingambit|ability: Supreme Overlord\n|-start|p1a: Kingambit|fallen1|[silent]\n|\n|-heal|p1a: Kingambit|100\/100|[from] item: Leftovers\n|upkeep\n|turn|13\n|\n|t:|1699910517\n|move|p2a: Dragapult|Thunder Wave|p1a: Kingambit\n|-status|p1a: Kingambit|par\n|move|p1a: Kingambit|Swords Dance|p1a: Kingambit\n|-boost|p1a: Kingambit|atk|2\n|\n|upkeep\n|turn|14\n|\n|t:|1699910529\n|switch|p2a: Heatran|Heatran, F|33\/100\n|move|p1a: Kingambit|Kowtow Cleave|p2a: Heatran\n|-damage|p2a: Heatran|0 fnt\n|faint|p2a: Heatran\n|\n|upkeep\n|\n|t:|1699910532\n|switch|p2a: Great Tusk|Great Tusk|100\/100\n|turn|15\n|inactive|PokeFan1748 has 30 seconds left.\n|inactive|PokeFan1748 has 20 seconds left.\n|\n|t:|1699910566\n|-terastallize|p1a: Kingambit|Flying\n|move|p2a: Great Tusk|Ice Spinner|p1a: Kingambit\n|-supereffective|p1a: Kingambit\n|-damage|p1a: Kingambit|58\/100 par\n|move|p1a: Kingambit|Kowtow Cleave|p2a: Great Tusk\n|-resisted|p2a: Great Tusk\n|-damage|p2a: Great Tusk|58\/100\n|\n|-heal|p1a: Kingambit|64\/100 par|[from] item: Leftovers\n|upkeep\n|turn|16\n|inactive|PokeFan1748 has 30 seconds left this turn.\n|inactive|PokeFan1748 has 20 seconds left.\n|\n|t:|1699910576\n|move|p2a: Great Tusk|Ice Spinner|p1a: Kingambit\n|-supereffective|p1a: Kingambit\n|-damage|p1a: Kingambit|24\/100 par\n|move|p1a: Kingambit|Kowtow Cleave|p2a: Great Tusk\n|-resisted|p2a: Great Tusk\n|-damage|p2a: Great Tusk|15\/100\n|\n|-heal|p1a: Kingambit|31\/100 par|[from] item: Leftovers\n|upkeep\n|turn|17\n|inactive|PokeFan1748 has 30 seconds left this turn.\n|inactive|PokeFan1748 has 20 seconds left.\n|\n|t:|1699910588\n|-end|p2a: Great Tusk|Protosynthesis|[silent]\n|switch|p2a: Thundurus|Thundurus-Therian, M|69\/100\n|move|p1a: Kingambit|Sucker Punch||[still]\n|-fail|p1a: Kingambit\n|\n|-heal|p1a: Kingambit|37\/100 par|[from] item: Leftovers\n|upkeep\n|turn|18\n|inactive|PokeFan1748 has 30 seconds left this turn.\n|inactive|PokeFan1748 has 20 seconds left.\n|inactive|PokeFan1748 has 15 seconds left.\n|inactive|PokeFan1748 has 10 seconds left.\n|\n|t:|1699910609\n|-end|p1a: Kingambit|fallen1|[silent]\n|switch|p1a: Thundurus|Thundurus-Therian, M|44\/100\n|-damage|p1a: Thundurus|20\/100|[from] Stealth Rock\n|-terastallize|p2a: Thundurus|Flying\n|move|p2a: Thundurus|Tera Blast|p1a: Thundurus|[anim] Tera Blast Flying\n|-resisted|p1a: Thundurus\n|-damage|p1a: Thundurus|0 fnt\n|faint|p1a: Thundurus\n|\n|upkeep\n|inactive|PokeFan1748 has 15 seconds left this turn.\n|inactive|PokeFan1748 has 10 seconds left.\n|inactive|PokeFan1748 has 5 seconds left.\n|\n|t:|1699910622\n|switch|p1a: Slowking|Slowking-Galar, F|100\/100\n|-damage|p1a: Slowking|88\/100|[from] Stealth Rock\n|turn|19\n|inactive|PokeFan1748 has 15 seconds left this turn.\n|inactive|PokeFan1748 has 10 seconds left.\n|inactive|PokeFan1748 has 5 seconds left.\n|\n|t:|1699910632\n|move|p2a: Thundurus|Volt Switch|p1a: Slowking\n|-damage|p1a: Slowking|66\/100\n|inactive|PokeFan1748 has 10 seconds left this turn.\n|\n|t:|1699910635\n|switch|p2a: Dragapult|Dragapult, F|72\/100|[from] Volt Switch\n|move|p1a: Slowking|Ice Beam|p2a: Dragapult\n|-supereffective|p2a: Dragapult\n|-damage|p2a: Dragapult|14\/100\n|\n|upkeep\n|turn|20\n|inactive|PokeFan1748 has 20 seconds left this turn.\n|inactive|PokeFan1748 has 15 seconds left.\n|inactive|PokeFan1748 has 10 seconds left.\n|\n|t:|1699910647\n|switch|p1a: Kingambit|Kingambit, F, tera:Flying|37\/100 par\n|-damage|p1a: Kingambit|12\/100 par|[from] Stealth Rock\n|-activate|p1a: Kingambit|ability: Supreme Overlord\n|-start|p1a: Kingambit|fallen2|[silent]\n|move|p2a: Dragapult|Draco Meteor|p1a: Kingambit\n|-damage|p1a: Kingambit|0 fnt\n|-unboost|p2a: Dragapult|spa|2\n|faint|p1a: Kingambit\n|-end|p1a: Kingambit|fallen2|[silent]\n|\n|upkeep\n|inactive|PokeFan1748 has 15 seconds left this turn.\n|inactive|PokeFan1748 has 10 seconds left.\n|inactive|PokeFan1748 has 5 seconds left.\n|\n|t:|1699910657\n|switch|p1a: Slowking|Slowking-Galar, F|99\/100\n|-damage|p1a: Slowking|87\/100|[from] Stealth Rock\n|turn|21\n|inactive|PokeFan1748 has 15 seconds left this turn.\n|\n|t:|1699910663\n|move|p2a: Dragapult|Thunder Wave|p1a: Slowking\n|-status|p1a: Slowking|par\n|move|p1a: Slowking|Ice Beam|p2a: Dragapult\n|-supereffective|p2a: Dragapult\n|-damage|p2a: Dragapult|0 fnt\n|faint|p2a: Dragapult\n|\n|upkeep\n|inactive|PokeFan1748 has 20 seconds left this turn.\n|\n|t:|1699910669\n|switch|p2a: Great Tusk|Great Tusk|15\/100\n|turn|22\n|inactive|PokeFan1748 has 30 seconds left this turn.\n|\n|t:|1699910674\n|switch|p1a: Alomomola|Alomomola, F|100\/100\n|-damage|p1a: Alomomola|88\/100|[from] Stealth Rock\n|move|p2a: Great Tusk|Headlong Rush|p1a: Alomomola\n|-damage|p1a: Alomomola|50\/100\n|-unboost|p2a: Great Tusk|def|1\n|-unboost|p2a: Great Tusk|spd|1\n|-enditem|p1a: Alomomola|Red Card|[of] p2a: Great Tusk\n|-end|p2a: Great Tusk|Protosynthesis|[silent]\n|drag|p2a: Thundurus|Thundurus-Therian, M, tera:Flying|69\/100\n|\n|upkeep\n|turn|23\n|inactive|PokeFan1748 has 30 seconds left.\n|\n|t:|1699910691\n|move|p2a: Thundurus|Tera Blast|p1a: Alomomola|[anim] Tera Blast Flying\n|-damage|p1a: Alomomola|0 fnt\n|faint|p1a: Alomomola\n|\n|upkeep\n|inactive|PokeFan1748 has 30 seconds left this turn.\n|\n|t:|1699910695\n|switch|p1a: Slowking|Slowking-Galar, F|100\/100 par\n|-damage|p1a: Slowking|88\/100 par|[from] Stealth Rock\n|turn|24\n|\n|t:|1699910702\n|move|p2a: Thundurus|Tera Blast|p1a: Slowking|[anim] Tera Blast Flying\n|-damage|p1a: Slowking|53\/100 par\n|move|p1a: Slowking|Ice Beam|p2a: Thundurus\n|-supereffective|p2a: Thundurus\n|-damage|p2a: Thundurus|3\/100\n|\n|upkeep\n|turn|25\n|\n|t:|1699910708\n|move|p2a: Thundurus|Tera Blast|p1a: Slowking|[anim] Tera Blast Flying\n|-damage|p1a: Slowking|20\/100 par\n|cant|p1a: Slowking|par\n|\n|upkeep\n|turn|26\n|\n|t:|1699910712\n|move|p2a: Thundurus|Tera Blast|p1a: Slowking|[anim] Tera Blast Flying\n|-damage|p1a: Slowking|0 fnt\n|faint|p1a: Slowking\n|\n|upkeep\n|c|\u2606PLAYB0I R0BBIE B|ggwp\n|-message|PokeFan1748 forfeited.\n|\n|win|PLAYB0I R0BBIE B\n|raw|PokeFan1748's rating: 1345 &rarr; <strong>1325<\/strong><br \/>(-20 for losing)\n|raw|PLAYB0I R0BBIE B's rating: 1353 &rarr; <strong>1373<\/strong><br \/>(+20 for winning)\n|l|\u2606PokeFan1748\n","uploadtime":1699910724,"views":23,"p1id":"pokefan1748","p2id":"playb0ir0bbieb","formatid":"gen9ou","rating":1325,"private":0,"password":""}