{"id":"gen9ou-1995130404","p1":"VTO Antares","p2":"lavatwocan","format":"[Gen 9] OU","log":"|j|\u2606VTO Antares\n|j|\u2606lavatwocan\n|t:|1700525931\n|gametype|singles\n|player|p1|VTO Antares|falkner|1265\n|player|p2|lavatwocan|dawn|1341\n|teamsize|p1|6\n|teamsize|p2|6\n|gen|9\n|tier|[Gen 9] OU\n|rated|\n|rule|Sleep Clause Mod: Limit one foe put to sleep\n|rule|Species Clause: Limit one of each Pok\u00e9mon\n|rule|OHKO Clause: OHKO moves are banned\n|rule|Evasion Items Clause: Evasion items are banned\n|rule|Evasion Moves Clause: Evasion moves are banned\n|rule|Endless Battle Clause: Forcing endless battles is banned\n|rule|HP Percentage Mod: HP is shown in percentages\n|clearpoke\n|poke|p1|Great Tusk|\n|poke|p1|Zapdos|\n|poke|p1|Blissey, F|\n|poke|p1|Ogerpon-Wellspring, F|\n|poke|p1|Kingambit, M|\n|poke|p1|Dragapult, M|\n|poke|p2|Pelipper, M|\n|poke|p2|Barraskewda, F|\n|poke|p2|Zapdos|\n|poke|p2|Great Tusk|\n|poke|p2|Kingambit, F|\n|poke|p2|Ogerpon-Wellspring, F|\n|teampreview\n|\n|t:|1700525961\n|start\n|switch|p1a: Dragapult|Dragapult, M|100\/100\n|switch|p2a: Toilet Bird|Pelipper, M, shiny|100\/100\n|-weather|RainDance|[from] ability: Drizzle|[of] p2a: Toilet Bird\n|turn|1\n|\n|t:|1700525968\n|move|p1a: Dragapult|Draco Meteor|p2a: Toilet Bird\n|-damage|p2a: Toilet Bird|0 fnt\n|-unboost|p1a: Dragapult|spa|2\n|faint|p2a: Toilet Bird\n|\n|-weather|RainDance|[upkeep]\n|upkeep\n|\n|t:|1700525974\n|switch|p2a: Fast and Fishious|Barraskewda, F|100\/100\n|turn|2\n|\n|t:|1700525981\n|switch|p1a: Ogerpon|Ogerpon-Wellspring, F|100\/100\n|move|p2a: Fast and Fishious|Liquidation|p1a: Ogerpon\n|-immune|p1a: Ogerpon|[from] ability: Water Absorb\n|\n|-weather|RainDance|[upkeep]\n|upkeep\n|turn|3\n|\n|t:|1700525989\n|switch|p2a: KFC|Zapdos|100\/100\n|move|p1a: Ogerpon|Power Whip|p2a: KFC\n|-resisted|p2a: KFC\n|-damage|p2a: KFC|54\/100\n|-status|p1a: Ogerpon|par|[from] ability: Static|[of] p2a: KFC\n|\n|-weather|RainDance|[upkeep]\n|upkeep\n|turn|4\n|\n|t:|1700526001\n|move|p2a: KFC|Hurricane|p1a: Ogerpon\n|-supereffective|p1a: Ogerpon\n|-damage|p1a: Ogerpon|0 fnt\n|faint|p1a: Ogerpon\n|\n|-weather|RainDance|[upkeep]\n|upkeep\n|\n|t:|1700526015\n|switch|p1a: Dragapult|Dragapult, M|100\/100\n|turn|5\n|\n|t:|1700526034\n|move|p1a: Dragapult|Shadow Ball|p2a: KFC\n|-damage|p2a: KFC|0 fnt\n|faint|p2a: KFC\n|\n|-weather|RainDance|[upkeep]\n|upkeep\n|\n|t:|1700526039\n|switch|p2a: Fast and Fishious|Barraskewda, F|100\/100\n|turn|6\n|\n|t:|1700526048\n|switch|p1a: Zapdos|Zapdos|100\/100\n|-terastallize|p2a: Fast and Fishious|Water\n|move|p2a: Fast and Fishious|Liquidation|p1a: Zapdos\n|-damage|p1a: Zapdos|0 fnt\n|faint|p1a: Zapdos\n|\n|-weather|RainDance|[upkeep]\n|upkeep\n|\n|t:|1700526062\n|switch|p1a: Kingambit|Kingambit, M|100\/100\n|-activate|p1a: Kingambit|ability: Supreme Overlord\n|-start|p1a: Kingambit|fallen2|[silent]\n|turn|7\n|\n|t:|1700526070\n|switch|p2a: Elon Tusk|Great Tusk|100\/100\n|-enditem|p2a: Elon Tusk|Booster Energy\n|-activate|p2a: Elon Tusk|ability: Protosynthesis|[fromitem]\n|-start|p2a: Elon Tusk|protosynthesisspe\n|-terastallize|p1a: Kingambit|Dark\n|move|p1a: Kingambit|Sucker Punch||[still]\n|-fail|p1a: Kingambit\n|\n|-weather|RainDance|[upkeep]\n|upkeep\n|turn|8\n|\n|t:|1700526085\n|-end|p1a: Kingambit|fallen2|[silent]\n|switch|p1a: Great Tusk|Great Tusk|100\/100\n|move|p2a: Elon Tusk|Ice Spinner|p1a: Great Tusk\n|-supereffective|p1a: Great Tusk\n|-damage|p1a: Great Tusk|72\/100\n|\n|-weather|none\n|-heal|p1a: Great Tusk|78\/100|[from] item: Leftovers\n|upkeep\n|turn|9\n|\n|t:|1700526094\n|move|p2a: Elon Tusk|Ice Spinner|p1a: Great Tusk\n|-supereffective|p1a: Great Tusk\n|-damage|p1a: Great Tusk|47\/100\n|move|p1a: Great Tusk|Knock Off|p2a: Elon Tusk\n|-resisted|p2a: Elon Tusk\n|-damage|p2a: Elon Tusk|94\/100\n|\n|-heal|p1a: Great Tusk|53\/100|[from] item: Leftovers\n|upkeep\n|turn|10\n|\n|t:|1700526110\n|-end|p1a: Great Tusk|Protosynthesis|[silent]\n|switch|p1a: Blissey|Blissey, F|100\/100\n|move|p2a: Elon Tusk|Ice Spinner|p1a: Blissey\n|-damage|p1a: Blissey|80\/100\n|\n|upkeep\n|turn|11\n|\n|t:|1700526117\n|move|p2a: Elon Tusk|Headlong Rush|p1a: Blissey\n|-damage|p1a: Blissey|32\/100\n|-unboost|p2a: Elon Tusk|def|1\n|-unboost|p2a: Elon Tusk|spd|1\n|move|p1a: Blissey|Stealth Rock|p2a: Elon Tusk\n|-sidestart|p2: lavatwocan|move: Stealth Rock\n|\n|upkeep\n|turn|12\n|\n|t:|1700526127\n|switch|p1a: Dragapult|Dragapult, M|100\/100\n|move|p2a: Elon Tusk|Headlong Rush|p1a: Dragapult\n|-damage|p1a: Dragapult|24\/100\n|-unboost|p2a: Elon Tusk|def|1\n|-unboost|p2a: Elon Tusk|spd|1\n|\n|upkeep\n|turn|13\n|\n|t:|1700526147\n|-end|p2a: Elon Tusk|Protosynthesis|[silent]\n|switch|p2a: Shrek|Ogerpon-Wellspring, F|100\/100\n|-damage|p2a: Shrek|88\/100|[from] Stealth Rock\n|move|p1a: Dragapult|Draco Meteor|p2a: Shrek|[miss]\n|-miss|p1a: Dragapult|p2a: Shrek\n|\n|upkeep\n|turn|14\n|\n|t:|1700526157\n|move|p1a: Dragapult|Draco Meteor|p2a: Shrek|[miss]\n|-miss|p1a: Dragapult|p2a: Shrek\n|move|p2a: Shrek|U-turn|p1a: Dragapult\n|-resisted|p1a: Dragapult\n|-damage|p1a: Dragapult|6\/100\n|\n|t:|1700526165\n|switch|p2a: Elon Tusk|Great Tusk|94\/100|[from] U-turn\n|-damage|p2a: Elon Tusk|91\/100|[from] Stealth Rock\n|\n|upkeep\n|turn|15\n|\n|t:|1700526172\n|move|p1a: Dragapult|Draco Meteor|p2a: Elon Tusk\n|-damage|p2a: Elon Tusk|0 fnt\n|-unboost|p1a: Dragapult|spa|2\n|faint|p2a: Elon Tusk\n|-end|p2a: Elon Tusk|Protosynthesis|[silent]\n|\n|upkeep\n|\n|t:|1700526178\n|switch|p2a: OUBL|Kingambit, F|100\/100\n|-damage|p2a: OUBL|94\/100|[from] Stealth Rock\n|-activate|p2a: OUBL|ability: Supreme Overlord\n|-start|p2a: OUBL|fallen3|[silent]\n|turn|16\n|\n|t:|1700526186\n|switch|p1a: Great Tusk|Great Tusk|53\/100\n|move|p2a: OUBL|Kowtow Cleave|p1a: Great Tusk\n|-resisted|p1a: Great Tusk\n|-damage|p1a: Great Tusk|33\/100\n|\n|-heal|p1a: Great Tusk|40\/100|[from] item: Leftovers\n|-heal|p2a: OUBL|100\/100|[from] item: Leftovers\n|upkeep\n|turn|17\n|\n|t:|1700526198\n|-end|p2a: OUBL|fallen3|[silent]\n|switch|p2a: Shrek|Ogerpon-Wellspring, F|88\/100\n|-damage|p2a: Shrek|76\/100|[from] Stealth Rock\n|move|p1a: Great Tusk|Earthquake|p2a: Shrek\n|-resisted|p2a: Shrek\n|-damage|p2a: Shrek|49\/100\n|\n|-heal|p1a: Great Tusk|46\/100|[from] item: Leftovers\n|upkeep\n|turn|18\n|\n|t:|1700526209\n|-end|p1a: Great Tusk|Protosynthesis|[silent]\n|switch|p1a: Blissey|Blissey, F|32\/100\n|move|p2a: Shrek|Horn Leech|p1a: Blissey\n|-damage|p1a: Blissey|0 fnt\n|-heal|p2a: Shrek|87\/100|[from] drain|[of] p1a: Blissey\n|faint|p1a: Blissey\n|\n|upkeep\n|\n|t:|1700526217\n|switch|p1a: Dragapult|Dragapult, M|6\/100\n|turn|19\n|\n|t:|1700526223\n|move|p1a: Dragapult|Draco Meteor|p2a: Shrek|[miss]\n|-miss|p1a: Dragapult|p2a: Shrek\n|move|p2a: Shrek|Ivy Cudgel|p1a: Dragapult|[anim] Ivy Cudgel Water\n|-resisted|p1a: Dragapult\n|-crit|p1a: Dragapult\n|-damage|p1a: Dragapult|0 fnt\n|faint|p1a: Dragapult\n|\n|upkeep\n|\n|t:|1700526231\n|switch|p1a: Kingambit|Kingambit, M, tera:Dark|100\/100\n|-activate|p1a: Kingambit|ability: Supreme Overlord\n|-start|p1a: Kingambit|fallen4|[silent]\n|turn|20\n|\n|t:|1700526236\n|move|p1a: Kingambit|Sucker Punch|p2a: Shrek\n|-damage|p2a: Shrek|0 fnt\n|faint|p2a: Shrek\n|\n|upkeep\n|\n|t:|1700526239\n|switch|p2a: Fast and Fishious|Barraskewda, F, tera:Water|100\/100\n|-damage|p2a: Fast and Fishious|88\/100|[from] Stealth Rock\n|turn|21\n|\n|t:|1700526246\n|move|p2a: Fast and Fishious|Aqua Jet|p1a: Kingambit\n|-damage|p1a: Kingambit|63\/100\n|move|p1a: Kingambit|Sucker Punch||[still]\n|-fail|p1a: Kingambit\n|\n|upkeep\n|turn|22\n|\n|t:|1700526253\n|move|p2a: Fast and Fishious|Aqua Jet|p1a: Kingambit\n|-damage|p1a: Kingambit|31\/100\n|move|p1a: Kingambit|Kowtow Cleave|p2a: Fast and Fishious\n|-damage|p2a: Fast and Fishious|0 fnt\n|faint|p2a: Fast and Fishious\n|\n|upkeep\n|\n|t:|1700526259\n|switch|p2a: OUBL|Kingambit, F|100\/100\n|-damage|p2a: OUBL|94\/100|[from] Stealth Rock\n|-activate|p2a: OUBL|ability: Supreme Overlord\n|-start|p2a: OUBL|fallen5|[silent]\n|turn|23\n|\n|t:|1700526268\n|move|p1a: Kingambit|Sucker Punch|p2a: OUBL\n|-resisted|p2a: OUBL\n|-damage|p2a: OUBL|66\/100\n|move|p2a: OUBL|Sucker Punch||[still]\n|-fail|p2a: OUBL\n|\n|-heal|p2a: OUBL|72\/100|[from] item: Leftovers\n|upkeep\n|turn|24\n|\n|t:|1700526280\n|move|p1a: Kingambit|Sucker Punch||[still]\n|-fail|p1a: Kingambit\n|move|p2a: OUBL|Swords Dance|p2a: OUBL\n|-boost|p2a: OUBL|atk|2\n|\n|-heal|p2a: OUBL|78\/100|[from] item: Leftovers\n|upkeep\n|turn|25\n|\n|t:|1700526291\n|move|p1a: Kingambit|Kowtow Cleave|p2a: OUBL\n|-resisted|p2a: OUBL\n|-damage|p2a: OUBL|45\/100\n|move|p2a: OUBL|Iron Head|p1a: Kingambit\n|-damage|p1a: Kingambit|0 fnt\n|faint|p1a: Kingambit\n|-end|p1a: Kingambit|fallen4|[silent]\n|\n|-heal|p2a: OUBL|52\/100|[from] item: Leftovers\n|upkeep\n|\n|t:|1700526299\n|switch|p1a: Great Tusk|Great Tusk|46\/100\n|turn|26\n|\n|t:|1700526303\n|move|p2a: OUBL|Sucker Punch||[still]\n|-fail|p2a: OUBL\n|move|p1a: Great Tusk|Bulk Up|p1a: Great Tusk\n|-boost|p1a: Great Tusk|atk|1\n|-boost|p1a: Great Tusk|def|1\n|\n|-heal|p1a: Great Tusk|52\/100|[from] item: Leftovers\n|-heal|p2a: OUBL|58\/100|[from] item: Leftovers\n|upkeep\n|turn|27\n|\n|t:|1700526312\n|move|p2a: OUBL|Sucker Punch|p1a: Great Tusk\n|-resisted|p1a: Great Tusk\n|-damage|p1a: Great Tusk|26\/100\n|move|p1a: Great Tusk|Earthquake|p2a: OUBL\n|-supereffective|p2a: OUBL\n|-damage|p2a: OUBL|0 fnt\n|faint|p2a: OUBL\n|-end|p2a: OUBL|fallen5|[silent]\n|\n|win|VTO Antares\n|raw|VTO Antares's rating: 1265 &rarr; <strong>1295<\/strong><br \/>(+30 for winning)\n|raw|lavatwocan's rating: 1341 &rarr; <strong>1317<\/strong><br \/>(-24 for losing)\n|l|\u2606lavatwocan\n","uploadtime":1700526328,"views":6,"p1id":"vtoantares","p2id":"lavatwocan","formatid":"gen9ou","rating":1295,"private":0,"password":""}