{"id":"gen9ou-1990642407","p1":"nooby 4 pvp","p2":"CthunsChosen","format":"[Gen 9] OU","log":"|j|\u2606nooby 4 pvp\n|j|\u2606CthunsChosen\n|t:|1699988104\n|gametype|singles\n|player|p1|nooby 4 pvp|266|1265\n|player|p2|CthunsChosen|lusamine-nihilego|1187\n|teamsize|p1|6\n|teamsize|p2|6\n|gen|9\n|tier|[Gen 9] OU\n|rated|\n|rule|Sleep Clause Mod: Limit one foe put to sleep\n|rule|Species Clause: Limit one of each Pok\u00e9mon\n|rule|OHKO Clause: OHKO moves are banned\n|rule|Evasion Items Clause: Evasion items are banned\n|rule|Evasion Moves Clause: Evasion moves are banned\n|rule|Endless Battle Clause: Forcing endless battles is banned\n|rule|HP Percentage Mod: HP is shown in percentages\n|clearpoke\n|poke|p1|Glimmora, M|\n|poke|p1|Gholdengo|\n|poke|p1|Mew|\n|poke|p1|Great Tusk|\n|poke|p1|Cinderace, F|\n|poke|p1|Kingambit, F|\n|poke|p2|Clefable, M|\n|poke|p2|Alomomola, F|\n|poke|p2|Blissey, F|\n|poke|p2|Clodsire, F|\n|poke|p2|Dondozo, M|\n|poke|p2|Amoonguss, M|\n|teampreview\n|\n|t:|1699988113\n|start\n|switch|p1a: Glimmora|Glimmora, M|100\/100\n|switch|p2a: Dondozo|Dondozo, M|100\/100\n|turn|1\n|\n|t:|1699988116\n|move|p1a: Glimmora|Stealth Rock|p2a: Dondozo\n|-sidestart|p2: CthunsChosen|move: Stealth Rock\n|move|p2a: Dondozo|Waterfall|p1a: Glimmora\n|-supereffective|p1a: Glimmora\n|-damage|p1a: Glimmora|30\/100\n|-activate|p1a: Glimmora|ability: Toxic Debris\n|-sidestart|p2: CthunsChosen|move: Toxic Spikes\n|\n|upkeep\n|turn|2\n|\n|t:|1699988124\n|move|p1a: Glimmora|Sludge Wave|p2a: Dondozo\n|-damage|p2a: Dondozo|53\/100\n|move|p2a: Dondozo|Waterfall|p1a: Glimmora\n|-supereffective|p1a: Glimmora\n|-damage|p1a: Glimmora|0 fnt\n|-activate|p1a: Glimmora|ability: Toxic Debris\n|-sidestart|p2: CthunsChosen|move: Toxic Spikes\n|faint|p1a: Glimmora\n|\n|upkeep\n|\n|t:|1699988134\n|switch|p1a: Great Tusk|Great Tusk|100\/100\n|-enditem|p1a: Great Tusk|Booster Energy\n|-activate|p1a: Great Tusk|ability: Protosynthesis|[fromitem]\n|-start|p1a: Great Tusk|protosynthesisspe\n|turn|3\n|\n|t:|1699988139\n|move|p1a: Great Tusk|Bulk Up|p1a: Great Tusk\n|-boost|p1a: Great Tusk|atk|1\n|-boost|p1a: Great Tusk|def|1\n|move|p2a: Dondozo|Rest|p2a: Dondozo\n|-status|p2a: Dondozo|slp|[from] move: Rest\n|-heal|p2a: Dondozo|100\/100 slp|[silent]\n|\n|upkeep\n|turn|4\n|\n|t:|1699988144\n|move|p1a: Great Tusk|Bulk Up|p1a: Great Tusk\n|-boost|p1a: Great Tusk|atk|1\n|-boost|p1a: Great Tusk|def|1\n|cant|p2a: Dondozo|slp\n|move|p2a: Dondozo|Sleep Talk|p2a: Dondozo\n|move|p2a: Dondozo|Waterfall|p1a: Great Tusk|[from]move: Sleep Talk\n|-supereffective|p1a: Great Tusk\n|-damage|p1a: Great Tusk|65\/100\n|\n|upkeep\n|turn|5\n|\n|t:|1699988156\n|move|p1a: Great Tusk|Close Combat|p2a: Dondozo\n|-damage|p2a: Dondozo|76\/100 slp\n|-unboost|p1a: Great Tusk|def|1\n|-unboost|p1a: Great Tusk|spd|1\n|cant|p2a: Dondozo|slp\n|move|p2a: Dondozo|Sleep Talk|p2a: Dondozo\n|move|p2a: Dondozo|Rest||[from]move: Sleep Talk|[still]\n|-fail|p2a: Dondozo\n|\n|upkeep\n|turn|6\n|\n|t:|1699988161\n|move|p1a: Great Tusk|Close Combat|p2a: Dondozo\n|-damage|p2a: Dondozo|51\/100 slp\n|-unboost|p1a: Great Tusk|def|1\n|-unboost|p1a: Great Tusk|spd|1\n|-curestatus|p2a: Dondozo|slp|[msg]\n|move|p2a: Dondozo|Sleep Talk||[still]\n|-fail|p2a: Dondozo\n|\n|upkeep\n|turn|7\n|\n|t:|1699988166\n|move|p1a: Great Tusk|Close Combat|p2a: Dondozo\n|-damage|p2a: Dondozo|26\/100\n|-unboost|p1a: Great Tusk|def|1\n|-unboost|p1a: Great Tusk|spd|1\n|move|p2a: Dondozo|Waterfall|p1a: Great Tusk\n|-supereffective|p1a: Great Tusk\n|-damage|p1a: Great Tusk|27\/100\n|\n|upkeep\n|turn|8\n|\n|t:|1699988194\n|move|p1a: Great Tusk|Close Combat|p2a: Dondozo\n|-damage|p2a: Dondozo|4\/100\n|-unboost|p1a: Great Tusk|def|1\n|-unboost|p1a: Great Tusk|spd|1\n|move|p2a: Dondozo|Rest|p2a: Dondozo\n|-status|p2a: Dondozo|slp|[from] move: Rest\n|-heal|p2a: Dondozo|100\/100 slp|[silent]\n|\n|upkeep\n|turn|9\n|\n|t:|1699988201\n|-end|p1a: Great Tusk|Protosynthesis|[silent]\n|switch|p1a: Gholdengo|Gholdengo|100\/100\n|cant|p2a: Dondozo|slp\n|move|p2a: Dondozo|Sleep Talk|p2a: Dondozo\n|move|p2a: Dondozo|Rest||[from]move: Sleep Talk|[still]\n|-fail|p2a: Dondozo\n|\n|upkeep\n|turn|10\n|\n|t:|1699988206\n|switch|p2a: Clodsire|Clodsire, F|100\/100\n|-sideend|p2: CthunsChosen|move: Toxic Spikes|[of] p2a: Clodsire\n|move|p1a: Gholdengo|Trick|p2a: Clodsire\n|-activate|p1a: Gholdengo|move: Trick|[of] p2a: Clodsire\n|-item|p2a: Clodsire|Choice Scarf|[from] move: Trick\n|-item|p1a: Gholdengo|Heavy-Duty Boots|[from] move: Trick\n|\n|upkeep\n|turn|11\n|\n|t:|1699988218\n|move|p1a: Gholdengo|Shadow Ball|p2a: Clodsire\n|-damage|p2a: Clodsire|80\/100\n|move|p2a: Clodsire|Amnesia|p2a: Clodsire\n|-boost|p2a: Clodsire|spd|2\n|\n|upkeep\n|turn|12\n|\n|t:|1699988224\n|switch|p1a: Mew|Mew|100\/100\n|move|p2a: Clodsire|Amnesia|p2a: Clodsire\n|-boost|p2a: Clodsire|spd|2\n|\n|upkeep\n|turn|13\n|\n|t:|1699988227\n|move|p1a: Mew|Dragon Dance|p1a: Mew\n|-boost|p1a: Mew|atk|1\n|-boost|p1a: Mew|spe|1\n|move|p2a: Clodsire|Amnesia|p2a: Clodsire\n|-boost|p2a: Clodsire|spd|2\n|\n|upkeep\n|turn|14\n|\n|t:|1699988241\n|switch|p2a: Dondozo|Dondozo, M|100\/100 slp\n|move|p1a: Mew|Psychic Fangs|p2a: Dondozo\n|-damage|p2a: Dondozo|77\/100 slp\n|-damage|p1a: Mew|91\/100|[from] item: Life Orb\n|\n|upkeep\n|turn|15\n|\n|t:|1699988253\n|move|p1a: Mew|Knock Off|p2a: Dondozo\n|-crit|p2a: Dondozo\n|-damage|p2a: Dondozo|48\/100 slp\n|-enditem|p2a: Dondozo|Heavy-Duty Boots|[from] move: Knock Off|[of] p1a: Mew\n|-damage|p1a: Mew|81\/100|[from] item: Life Orb\n|cant|p2a: Dondozo|slp\n|\n|upkeep\n|turn|16\n|\n|t:|1699988265\n|-terastallize|p1a: Mew|Fighting\n|move|p1a: Mew|Close Combat|p2a: Dondozo\n|-damage|p2a: Dondozo|12\/100 slp\n|-unboost|p1a: Mew|def|1\n|-unboost|p1a: Mew|spd|1\n|-damage|p1a: Mew|71\/100|[from] item: Life Orb\n|-curestatus|p2a: Dondozo|slp|[msg]\n|move|p2a: Dondozo|Rest|p2a: Dondozo\n|-status|p2a: Dondozo|slp|[from] move: Rest\n|-heal|p2a: Dondozo|100\/100 slp|[silent]\n|\n|upkeep\n|turn|17\n|\n|t:|1699988286\n|switch|p1a: Gholdengo|Gholdengo|100\/100\n|switch|p2a: Clefable|Clefable, M|100\/100\n|\n|upkeep\n|turn|18\n|\n|t:|1699988298\n|switch|p2a: Clodsire|Clodsire, F|80\/100\n|-damage|p2a: Clodsire|74\/100|[from] Stealth Rock\n|move|p1a: Gholdengo|Make It Rain|p2a: Clodsire\n|-damage|p2a: Clodsire|40\/100\n|-unboost|p1a: Gholdengo|spa|1\n|\n|upkeep\n|turn|19\n|\n|t:|1699988326\n|switch|p1a: Mew|Mew, tera:Fighting|71\/100\n|move|p2a: Clodsire|Recover|p2a: Clodsire\n|-heal|p2a: Clodsire|90\/100\n|\n|upkeep\n|turn|20\n|inactive|Battle timer is ON: inactive players will automatically lose when time's up. (requested by CthunsChosen)\n|\n|t:|1699988333\n|switch|p1a: Gholdengo|Gholdengo|100\/100\n|switch|p2a: Dondozo|Dondozo, M|100\/100 slp\n|-damage|p2a: Dondozo|88\/100 slp|[from] Stealth Rock\n|\n|upkeep\n|turn|21\n|inactive|nooby 4 pvp has 120 seconds left.\n|\n|t:|1699988368\n|switch|p2a: Blissey|Blissey, F|100\/100\n|move|p1a: Gholdengo|Shadow Ball|p2a: Blissey\n|-immune|p2a: Blissey\n|\n|upkeep\n|turn|22\n|inactive|nooby 4 pvp has 120 seconds left.\n|c|\u2606nooby 4 pvp|bro is it all heavy duty boots\n|c|\u2606nooby 4 pvp|what type of stall is this\n|c|\u2606CthunsChosen|no\n|c|\u2606CthunsChosen|also most stall\n|\n|t:|1699988389\n|move|p1a: Gholdengo|Trick|p2a: Blissey\n|-activate|p1a: Gholdengo|move: Trick|[of] p2a: Blissey\n|-item|p2a: Blissey|Heavy-Duty Boots|[from] move: Trick\n|-item|p1a: Gholdengo|Heavy-Duty Boots|[from] move: Trick\n|move|p2a: Blissey|Stealth Rock|p1a: Gholdengo\n|-sidestart|p1: nooby 4 pvp|move: Stealth Rock\n|\n|upkeep\n|turn|23\n|c|\u2606CthunsChosen|is\n|c|\u2606CthunsChosen|all heavy duty\n|c|\u2606CthunsChosen|lmao\n|c|\u2606nooby 4 pvp|bro what am i playing against\n|\n|t:|1699988412\n|switch|p2a: Clodsire|Clodsire, F|90\/100\n|-damage|p2a: Clodsire|84\/100|[from] Stealth Rock\n|move|p1a: Gholdengo|Shadow Ball|p2a: Clodsire\n|-damage|p2a: Clodsire|62\/100\n|\n|upkeep\n|turn|24\n|c|\u2606CthunsChosen|stall\n|c|\u2606CthunsChosen|you are playing against stall\n|c|\u2606nooby 4 pvp|this isnt stall\n|\n|t:|1699988421\n|move|p1a: Gholdengo|Make It Rain|p2a: Clodsire\n|-damage|p2a: Clodsire|30\/100\n|-unboost|p1a: Gholdengo|spa|1\n|move|p2a: Clodsire|Recover|p2a: Clodsire\n|-heal|p2a: Clodsire|80\/100\n|\n|upkeep\n|turn|25\n|c|\u2606CthunsChosen|yeah it is lmao\n|c|\u2606nooby 4 pvp|what type of stall runs 6 tanks\n|c|\u2606CthunsChosen|most stalls...\n|c|\u2606nooby 4 pvp|4 walls 2 sweepers\n|c|\u2606CthunsChosen|post gliscor ban\n|c|\u2606nooby 4 pvp|tf\n|inactive|nooby 4 pvp has 90 seconds left.\n|inactive|CthunsChosen has 120 seconds left.\n|\n|t:|1699988460\n|move|p1a: Gholdengo|Make It Rain|p2a: Clodsire\n|-damage|p2a: Clodsire|46\/100\n|-unboost|p1a: Gholdengo|spa|1\n|move|p2a: Clodsire|Recover|p2a: Clodsire\n|-heal|p2a: Clodsire|96\/100\n|\n|upkeep\n|turn|26\n|inactive|CthunsChosen has 120 seconds left.\n|\n|t:|1699988472\n|switch|p1a: Mew|Mew, tera:Fighting|71\/100\n|-damage|p1a: Mew|64\/100|[from] Stealth Rock\n|switch|p2a: Alomomola|Alomomola, F|100\/100\n|\n|upkeep\n|turn|27\n|inactive|CthunsChosen has 120 seconds left.\n|\n|t:|1699988480\n|move|p1a: Mew|Knock Off|p2a: Alomomola\n|-damage|p2a: Alomomola|79\/100\n|-enditem|p2a: Alomomola|Heavy-Duty Boots|[from] move: Knock Off|[of] p1a: Mew\n|-damage|p1a: Mew|54\/100|[from] item: Life Orb\n|move|p2a: Alomomola|Wish|p2a: Alomomola\n|\n|upkeep\n|turn|28\n|\n|t:|1699988486\n|move|p1a: Mew|Dragon Dance|p1a: Mew\n|-boost|p1a: Mew|atk|1\n|-boost|p1a: Mew|spe|1\n|move|p2a: Alomomola|Flip Turn|p1a: Mew\n|-damage|p1a: Mew|37\/100\n|inactive|CthunsChosen has 120 seconds left.\n|\n|t:|1699988499\n|switch|p2a: Blissey|Blissey, F|100\/100|[from] Flip Turn\n|\n|upkeep\n|turn|29\n|inactive|CthunsChosen has 120 seconds left.\n|\n|t:|1699988511\n|switch|p2a: Dondozo|Dondozo, M|88\/100 slp\n|-damage|p2a: Dondozo|76\/100 slp|[from] Stealth Rock\n|move|p1a: Mew|Close Combat|p2a: Dondozo\n|-damage|p2a: Dondozo|45\/100 slp\n|-unboost|p1a: Mew|def|1\n|-unboost|p1a: Mew|spd|1\n|-damage|p1a: Mew|27\/100|[from] item: Life Orb\n|\n|upkeep\n|turn|30\n|inactive|CthunsChosen has 120 seconds left.\n|\n|t:|1699988523\n|move|p1a: Mew|Close Combat|p2a: Dondozo\n|-damage|p2a: Dondozo|10\/100 slp\n|-unboost|p1a: Mew|def|1\n|-unboost|p1a: Mew|spd|1\n|-damage|p1a: Mew|17\/100|[from] item: Life Orb\n|cant|p2a: Dondozo|slp\n|move|p2a: Dondozo|Sleep Talk|p2a: Dondozo\n|move|p2a: Dondozo|Rest||[from]move: Sleep Talk|[still]\n|-fail|p2a: Dondozo\n|\n|upkeep\n|turn|31\n|inactive|nooby 4 pvp has 120 seconds left.\n|inactive|CthunsChosen has 120 seconds left.\n|\n|t:|1699988534\n|switch|p2a: Alomomola|Alomomola, F|100\/100\n|-damage|p2a: Alomomola|88\/100|[from] Stealth Rock\n|move|p1a: Mew|Close Combat|p2a: Alomomola\n|-damage|p2a: Alomomola|27\/100\n|-unboost|p1a: Mew|def|1\n|-unboost|p1a: Mew|spd|1\n|-damage|p1a: Mew|7\/100|[from] item: Life Orb\n|\n|upkeep\n|turn|32\n|inactive|nooby 4 pvp has 120 seconds left.\n|inactive|CthunsChosen has 120 seconds left.\n|\n|t:|1699988549\n|move|p2a: Alomomola|Protect|p2a: Alomomola\n|-singleturn|p2a: Alomomola|Protect\n|move|p1a: Mew|Close Combat|p2a: Alomomola\n|-activate|p2a: Alomomola|move: Protect\n|\n|upkeep\n|turn|33\n|inactive|CthunsChosen has 120 seconds left.\n|c|\u2606nooby 4 pvp|rate the mew set\n|c|\u2606nooby 4 pvp|fr\n|\n|t:|1699988579\n|switch|p2a: Amoonguss|Amoonguss, M|100\/100\n|move|p1a: Mew|Psychic Fangs|p2a: Amoonguss\n|-supereffective|p2a: Amoonguss\n|-damage|p2a: Amoonguss|0 fnt\n|faint|p2a: Amoonguss\n|-damage|p1a: Mew|0 fnt|[from] item: Life Orb\n|faint|p1a: Mew\n|\n|upkeep\n|c|\u2606CthunsChosen|good predict\n|\n|t:|1699988603\n|switch|p1a: Cinderace|Cinderace, F|100\/100\n|switch|p2a: Alomomola|Alomomola, F|60\/100\n|-damage|p2a: Alomomola|47\/100|[from] Stealth Rock\n|turn|34\n|\n|t:|1699988615\n|move|p1a: Cinderace|High Jump Kick|p2a: Alomomola\n|-start|p1a: Cinderace|typechange|Fighting|[from] ability: Libero\n|-damage|p2a: Alomomola|14\/100\n|move|p2a: Alomomola|Wish|p2a: Alomomola\n|\n|upkeep\n|turn|35\n|c|\u2606nooby 4 pvp|!dt alomomola\n|raw|<div class=\"message\"><ul class=\"utilichart\"><li class=\"result\"><span class=\"col numcol\">OU<\/span> <span class=\"col iconcol\"><psicon pokemon=\"alomomola\"\/><\/span> <span class=\"col pokemonnamecol\" style=\"white-space:nowrap\"><a href=\"https:\/\/dex.pokemonshowdown.com\/pokemon\/alomomola\" target=\"_blank\">Alomomola<\/a><\/span> <span class=\"col typecol\"><img src=\"https:\/\/play.pokemonshowdown.com\/sprites\/types\/Water.png\" alt=\"Water\" height=\"14\" width=\"32\"><\/span> <span style=\"float:left;min-height:26px\"><span class=\"col twoabilitycol\">Healer<br \/>Hydration<\/span><span class=\"col abilitycol\"><em>Regenerator<\/em><\/span><\/span><span style=\"float:left;min-height:26px\"><span class=\"col statcol\"><em>HP<\/em><br \/>165<\/span> <span class=\"col statcol\"><em>Atk<\/em><br \/>75<\/span> <span class=\"col statcol\"><em>Def<\/em><br \/>80<\/span> <span class=\"col statcol\"><em>SpA<\/em><br \/>40<\/span> <span class=\"col statcol\"><em>SpD<\/em><br \/>45<\/span> <span class=\"col statcol\"><em>Spe<\/em><br \/>65<\/span> <span class=\"col bstcol\"><em>BST<br \/>470<\/em><\/span> <\/span><\/li><li style=\"clear:both\"><\/li><\/ul><\/div>\n|raw|<font size=\"1\"><font color=\"#686868\">Dex#:<\/font> 594&nbsp;|&ThickSpace;<font color=\"#686868\">Gen:<\/font> 5&nbsp;|&ThickSpace;<font color=\"#686868\">Height:<\/font> 1.2 m&nbsp;|&ThickSpace;<font color=\"#686868\">Weight:<\/font> 31.6 kg <em>(60 BP)<\/em>&nbsp;|&ThickSpace;<font color=\"#686868\">Dex Colour:<\/font> Pink&nbsp;|&ThickSpace;<font color=\"#686868\">Egg Group(s):<\/font> Water 1, Water 2&nbsp;|&ThickSpace;<font color=\"#686868\">Does Not Evolve<\/font><\/font>\n\n|c|\u2606CthunsChosen|I fr thought you were going close combat lol\n|inactive|nooby 4 pvp has 120 seconds left.\n|\n|t:|1699988643\n|switch|p1a: Gholdengo|Gholdengo|100\/100\n|move|p2a: Alomomola|Protect||[still]\n|-fail|p2a: Alomomola\n|\n|-heal|p2a: Alomomola|64\/100|[from] move: Wish|[wisher] Alomomola\n|upkeep\n|turn|36\n|\n|t:|1699988652\n|switch|p1a: Cinderace|Cinderace, F|100\/100\n|switch|p2a: Clodsire|Clodsire, F|96\/100\n|-damage|p2a: Clodsire|90\/100|[from] Stealth Rock\n|\n|upkeep\n|turn|37\n|\n|t:|1699988661\n|switch|p2a: Alomomola|Alomomola, F|97\/100\n|-damage|p2a: Alomomola|85\/100|[from] Stealth Rock\n|move|p1a: Cinderace|U-turn|p2a: Alomomola\n|-start|p1a: Cinderace|typechange|Bug|[from] ability: Libero\n|-damage|p2a: Alomomola|66\/100\n|\n|t:|1699988666\n|switch|p1a: Gholdengo|Gholdengo|100\/100|[from] U-turn\n|\n|upkeep\n|turn|38\n|\n|t:|1699988675\n|switch|p2a: Clodsire|Clodsire, F|90\/100\n|-damage|p2a: Clodsire|84\/100|[from] Stealth Rock\n|move|p1a: Gholdengo|Make It Rain|p2a: Clodsire\n|-damage|p2a: Clodsire|51\/100\n|-unboost|p1a: Gholdengo|spa|1\n|\n|upkeep\n|turn|39\n|\n|t:|1699988685\n|switch|p1a: Cinderace|Cinderace, F|100\/100\n|move|p2a: Clodsire|Recover|p2a: Clodsire\n|-heal|p2a: Clodsire|100\/100\n|\n|upkeep\n|turn|40\n|\n|t:|1699988695\n|switch|p2a: Clefable|Clefable, M|100\/100\n|move|p1a: Cinderace|U-turn|p2a: Clefable\n|-start|p1a: Cinderace|typechange|Bug|[from] ability: Libero\n|-resisted|p2a: Clefable\n|-damage|p2a: Clefable|88\/100\n|\n|t:|1699988703\n|switch|p1a: Gholdengo|Gholdengo|100\/100|[from] U-turn\n|\n|-heal|p2a: Clefable|94\/100|[from] item: Leftovers\n|upkeep\n|turn|41\n|\n|t:|1699988719\n|switch|p2a: Clodsire|Clodsire, F|100\/100\n|-damage|p2a: Clodsire|94\/100|[from] Stealth Rock\n|move|p1a: Gholdengo|Make It Rain|p2a: Clodsire\n|-crit|p2a: Clodsire\n|-damage|p2a: Clodsire|41\/100\n|-unboost|p1a: Gholdengo|spa|1\n|\n|upkeep\n|turn|42\n|c|\u2606nooby 4 pvp|is this enjoyable\n|c|\u2606nooby 4 pvp|???\n|\n|t:|1699988732\n|switch|p1a: Cinderace|Cinderace, F|100\/100\n|move|p2a: Clodsire|Recover|p2a: Clodsire\n|-heal|p2a: Clodsire|91\/100\n|\n|upkeep\n|turn|43\n|\n|t:|1699988744\n|switch|p2a: Alomomola|Alomomola, F|99\/100\n|-damage|p2a: Alomomola|87\/100|[from] Stealth Rock\n|move|p1a: Cinderace|U-turn|p2a: Alomomola\n|-start|p1a: Cinderace|typechange|Bug|[from] ability: Libero\n|-damage|p2a: Alomomola|68\/100\n|\n|t:|1699988749\n|switch|p1a: Kingambit|Kingambit, F|100\/100|[from] U-turn\n|-damage|p1a: Kingambit|94\/100|[from] Stealth Rock\n|-activate|p1a: Kingambit|ability: Supreme Overlord\n|-start|p1a: Kingambit|fallen2|[silent]\n|\n|upkeep\n|turn|44\n|\n|t:|1699988755\n|move|p1a: Kingambit|Swords Dance|p1a: Kingambit\n|-boost|p1a: Kingambit|atk|2\n|move|p2a: Alomomola|Wish|p2a: Alomomola\n|\n|upkeep\n|turn|45\n|\n|t:|1699988764\n|move|p1a: Kingambit|Swords Dance|p1a: Kingambit\n|-boost|p1a: Kingambit|atk|2\n|move|p2a: Alomomola|Flip Turn|p1a: Kingambit\n|-damage|p1a: Kingambit|82\/100\n|\n|t:|1699988767\n|switch|p2a: Dondozo|Dondozo, M|10\/100 slp|[from] Flip Turn\n|-damage|p2a: Dondozo|0 fnt|[from] Stealth Rock\n|faint|p2a: Dondozo\n|\n|upkeep\n|\n|t:|1699988794\n|switch|p2a: Clefable|Clefable, M|94\/100\n|turn|46\n|c|\u2606nooby 4 pvp|yo i think i won\n|\n|t:|1699988805\n|-terastallize|p2a: Clefable|Ghost\n|move|p2a: Clefable|Knock Off|p1a: Kingambit\n|-resisted|p1a: Kingambit\n|-damage|p1a: Kingambit|77\/100\n|-enditem|p1a: Kingambit|Black Glasses|[from] move: Knock Off|[of] p2a: Clefable\n|move|p1a: Kingambit|Iron Head|p2a: Clefable\n|-damage|p2a: Clefable|0 fnt\n|faint|p2a: Clefable\n|\n|upkeep\n|inactive|CthunsChosen has 120 seconds left.\n|\n|t:|1699988818\n|switch|p2a: Alomomola|Alomomola, F|100\/100\n|-damage|p2a: Alomomola|88\/100|[from] Stealth Rock\n|turn|47\n|\n|t:|1699988825\n|move|p1a: Kingambit|Kowtow Cleave|p2a: Alomomola\n|-damage|p2a: Alomomola|0 fnt\n|faint|p2a: Alomomola\n|\n|upkeep\n|\n|t:|1699988829\n|switch|p2a: Clodsire|Clodsire, F|91\/100\n|-damage|p2a: Clodsire|85\/100|[from] Stealth Rock\n|turn|48\n|\n|t:|1699988833\n|move|p1a: Kingambit|Kowtow Cleave|p2a: Clodsire\n|-damage|p2a: Clodsire|26\/100\n|move|p2a: Clodsire|Recover|p2a: Clodsire\n|-heal|p2a: Clodsire|76\/100\n|\n|upkeep\n|turn|49\n|c|\u2606nooby 4 pvp|gg\n|\n|t:|1699988836\n|move|p1a: Kingambit|Kowtow Cleave|p2a: Clodsire\n|-damage|p2a: Clodsire|15\/100\n|move|p2a: Clodsire|Recover|p2a: Clodsire\n|-heal|p2a: Clodsire|65\/100\n|\n|upkeep\n|turn|50\n|\n|t:|1699988841\n|move|p1a: Kingambit|Swords Dance|p1a: Kingambit\n|-boost|p1a: Kingambit|atk|2\n|move|p2a: Clodsire|Recover|p2a: Clodsire\n|-heal|p2a: Clodsire|100\/100\n|\n|upkeep\n|turn|51\n|\n|t:|1699988844\n|switch|p2a: Blissey|Blissey, F|100\/100\n|move|p1a: Kingambit|Kowtow Cleave|p2a: Blissey\n|-damage|p2a: Blissey|0 fnt\n|faint|p2a: Blissey\n|\n|upkeep\n|\n|t:|1699988850\n|switch|p2a: Clodsire|Clodsire, F|100\/100\n|-damage|p2a: Clodsire|94\/100|[from] Stealth Rock\n|turn|52\n|c|\u2606nooby 4 pvp|unaware or water obsorb\n|c|\u2606nooby 4 pvp|i wonder which one\n|\n|t:|1699988859\n|move|p1a: Kingambit|Kowtow Cleave|p2a: Clodsire\n|-damage|p2a: Clodsire|29\/100\n|move|p2a: Clodsire|Spikes|p1a: Kingambit\n|-sidestart|p1: nooby 4 pvp|Spikes\n|\n|upkeep\n|turn|53\n|\n|t:|1699988864\n|move|p1a: Kingambit|Iron Head|p2a: Clodsire\n|-damage|p2a: Clodsire|0 fnt\n|faint|p2a: Clodsire\n|\n|win|nooby 4 pvp\n|raw|nooby 4 pvp's rating: 1265 &rarr; <strong>1284<\/strong><br \/>(+19 for winning)\n|raw|CthunsChosen's rating: 1187 &rarr; <strong>1168<\/strong><br \/>(-19 for losing)\n|c|\u2606CthunsChosen|gg\n|c|\u2606CthunsChosen|that mew predict\n|c|\u2606CthunsChosen|is what won you the game\n|c|\u2606CthunsChosen|I applaud\n|c|\u2606nooby 4 pvp|mew da goat\n","uploadtime":1699988900,"views":7,"p1id":"nooby4pvp","p2id":"cthunschosen","formatid":"gen9ou","rating":1168,"private":0,"password":""}