{"id":"gen9ou-1992737758","p1":"Slinky69","p2":"UrSheerForce","format":"[Gen 9] OU","log":"|j|\u2606Slinky69\n|j|\u2606UrSheerForce\n|t:|1700230765\n|gametype|singles\n|player|p1|Slinky69|gambler|1472\n|player|p2|UrSheerForce|bruno-gen2|1550\n|teamsize|p1|6\n|teamsize|p2|6\n|gen|9\n|tier|[Gen 9] OU\n|rated|\n|rule|Sleep Clause Mod: Limit one foe put to sleep\n|rule|Species Clause: Limit one of each Pok\u00e9mon\n|rule|OHKO Clause: OHKO moves are banned\n|rule|Evasion Items Clause: Evasion items are banned\n|rule|Evasion Moves Clause: Evasion moves are banned\n|rule|Endless Battle Clause: Forcing endless battles is banned\n|rule|HP Percentage Mod: HP is shown in percentages\n|clearpoke\n|poke|p1|Meowscarada, F|\n|poke|p1|Landorus-Therian, M|\n|poke|p1|Iron Valiant|\n|poke|p1|Slowking-Galar, M|\n|poke|p1|Cinderace, M|\n|poke|p1|Zapdos|\n|poke|p2|Sinistcha-Masterpiece|\n|poke|p2|Ogerpon-Wellspring, F|\n|poke|p2|Heatran, M|\n|poke|p2|Kingambit, M|\n|poke|p2|Iron Valiant|\n|poke|p2|Great Tusk|\n|teampreview\n|inactive|Battle timer is ON: inactive players will automatically lose when time's up. (requested by Slinky69)\n|inactive|UrSheerForce also wants the timer to be on.\n|inactive|UrSheerForce has 120 seconds left.\n|\n|t:|1700230797\n|start\n|switch|p1a: Meowscarada|Meowscarada, F|100\/100\n|switch|p2a: Gilliam II|Heatran, M|100\/100\n|-item|p2a: Gilliam II|Air Balloon\n|turn|1\n|\n|t:|1700230821\n|move|p1a: Meowscarada|U-turn|p2a: Gilliam II\n|-start|p1a: Meowscarada|typechange|Bug|[from] ability: Protean\n|-resisted|p2a: Gilliam II\n|-damage|p2a: Gilliam II|93\/100\n|-enditem|p2a: Gilliam II|Air Balloon\n|\n|t:|1700230826\n|switch|p1a: Slowking|Slowking-Galar, M|100\/100|[from] U-turn\n|move|p2a: Gilliam II|Magma Storm|p1a: Slowking\n|-damage|p1a: Slowking|76\/100\n|-activate|p1a: Slowking|move: Magma Storm|[of] p2a: Gilliam II\n|\n|-damage|p1a: Slowking|64\/100|[from] move: Magma Storm|[partiallytrapped]\n|upkeep\n|turn|2\n|\n|t:|1700230835\n|move|p2a: Gilliam II|Taunt|p1a: Slowking\n|-start|p1a: Slowking|move: Taunt\n|move|p1a: Slowking|Future Sight|p2a: Gilliam II\n|-start|p1a: Slowking|move: Future Sight\n|\n|-damage|p1a: Slowking|51\/100|[from] move: Magma Storm|[partiallytrapped]\n|upkeep\n|turn|3\n|inactive|Slinky69 has 120 seconds left.\n|\n|t:|1700230867\n|move|p2a: Gilliam II|Earth Power|p1a: Slowking\n|-supereffective|p1a: Slowking\n|-damage|p1a: Slowking|22\/100\n|-unboost|p1a: Slowking|spd|1\n|move|p1a: Slowking|Ice Beam|p2a: Gilliam II\n|-resisted|p2a: Gilliam II\n|-damage|p2a: Gilliam II|87\/100\n|-status|p2a: Gilliam II|frz\n|\n|-damage|p1a: Slowking|10\/100|[from] move: Magma Storm|[partiallytrapped]\n|upkeep\n|turn|4\n|\n|t:|1700230883\n|cant|p2a: Gilliam II|frz\n|move|p1a: Slowking|Ice Beam|p2a: Gilliam II\n|-resisted|p2a: Gilliam II\n|-damage|p2a: Gilliam II|81\/100 frz\n|\n|-end|p2a: Gilliam II|move: Future Sight\n|-resisted|p2a: Gilliam II\n|-damage|p2a: Gilliam II|55\/100 frz\n|-damage|p1a: Slowking|0 fnt|[from] move: Magma Storm|[partiallytrapped]\n|faint|p1a: Slowking\n|upkeep\n|\n|t:|1700230892\n|switch|p1a: Landorus|Landorus-Therian, M|100\/100\n|-ability|p1a: Landorus|Intimidate|boost\n|-unboost|p2a: Gilliam II|atk|1\n|turn|5\n|\n|t:|1700230898\n|switch|p2a: Jim Hawking|Sinistcha-Masterpiece|100\/100\n|move|p1a: Landorus|Earthquake|p2a: Jim Hawking\n|-resisted|p2a: Jim Hawking\n|-damage|p2a: Jim Hawking|84\/100\n|\n|-heal|p2a: Jim Hawking|90\/100|[from] item: Leftovers\n|upkeep\n|turn|6\n|\n|t:|1700230906\n|move|p1a: Landorus|U-turn|p2a: Jim Hawking\n|-damage|p2a: Jim Hawking|75\/100\n|\n|t:|1700230908\n|switch|p1a: Meowscarada|Meowscarada, F|100\/100|[from] U-turn\n|move|p2a: Jim Hawking|Matcha Gotcha|p1a: Meowscarada\n|-resisted|p1a: Meowscarada\n|-damage|p1a: Meowscarada|74\/100\n|-heal|p2a: Jim Hawking|86\/100|[from] drain|[of] p1a: Meowscarada\n|\n|-heal|p2a: Jim Hawking|92\/100|[from] item: Leftovers\n|upkeep\n|turn|7\n|\n|t:|1700230916\n|move|p1a: Meowscarada|Knock Off|p2a: Jim Hawking\n|-start|p1a: Meowscarada|typechange|Dark|[from] ability: Protean\n|-supereffective|p2a: Jim Hawking\n|-damage|p2a: Jim Hawking|31\/100\n|-enditem|p2a: Jim Hawking|Leftovers|[from] move: Knock Off|[of] p1a: Meowscarada\n|move|p2a: Jim Hawking|Strength Sap|p1a: Meowscarada\n|-unboost|p1a: Meowscarada|atk|1\n|-heal|p2a: Jim Hawking|100\/100\n|\n|upkeep\n|turn|8\n|\n|t:|1700230921\n|switch|p1a: Cinderace|Cinderace, M|100\/100\n|move|p2a: Jim Hawking|Matcha Gotcha|p1a: Cinderace\n|-resisted|p1a: Cinderace\n|-damage|p1a: Cinderace|76\/100\n|\n|upkeep\n|turn|9\n|\n|t:|1700230924\n|move|p1a: Cinderace|Pyro Ball|p2a: Jim Hawking\n|-supereffective|p2a: Jim Hawking\n|-damage|p2a: Jim Hawking|64\/100\n|move|p2a: Jim Hawking|Strength Sap|p1a: Cinderace\n|-unboost|p1a: Cinderace|atk|1\n|-heal|p2a: Jim Hawking|100\/100\n|\n|upkeep\n|turn|10\n|\n|t:|1700230929\n|switch|p1a: Zapdos|Zapdos|100\/100\n|move|p2a: Jim Hawking|Calm Mind|p2a: Jim Hawking\n|-boost|p2a: Jim Hawking|spa|1\n|-boost|p2a: Jim Hawking|spd|1\n|\n|upkeep\n|turn|11\n|c|\u2606Slinky69|....\n|\n|t:|1700230936\n|-terastallize|p2a: Jim Hawking|Steel\n|move|p1a: Zapdos|Hurricane|p2a: Jim Hawking\n|-resisted|p2a: Jim Hawking\n|-damage|p2a: Jim Hawking|83\/100\n|move|p2a: Jim Hawking|Calm Mind|p2a: Jim Hawking\n|-boost|p2a: Jim Hawking|spa|1\n|-boost|p2a: Jim Hawking|spd|1\n|\n|upkeep\n|turn|12\n|c|\u2606Slinky69|fu\n|\n|t:|1700230940\n|move|p1a: Zapdos|Heat Wave|p2a: Jim Hawking\n|-supereffective|p2a: Jim Hawking\n|-damage|p2a: Jim Hawking|68\/100\n|move|p2a: Jim Hawking|Shadow Ball|p1a: Zapdos\n|-damage|p1a: Zapdos|42\/100\n|-unboost|p1a: Zapdos|spd|1\n|\n|upkeep\n|turn|13\n|\n|t:|1700230943\n|move|p1a: Zapdos|Heat Wave|p2a: Jim Hawking\n|-supereffective|p2a: Jim Hawking\n|-crit|p2a: Jim Hawking\n|-damage|p2a: Jim Hawking|23\/100\n|move|p2a: Jim Hawking|Matcha Gotcha|p1a: Zapdos\n|-resisted|p1a: Zapdos\n|-damage|p1a: Zapdos|0 fnt\n|-heal|p2a: Jim Hawking|47\/100|[from] drain|[of] p1a: Zapdos\n|faint|p1a: Zapdos\n|\n|upkeep\n|\n|t:|1700230946\n|switch|p1a: Landorus|Landorus-Therian, M|100\/100\n|-ability|p1a: Landorus|Intimidate|boost\n|-unboost|p2a: Jim Hawking|atk|1\n|turn|14\n|\n|t:|1700230952\n|switch|p2a: Treadwrong Crush|Great Tusk|100\/100\n|move|p1a: Landorus|Earthquake|p2a: Treadwrong Crush\n|-crit|p2a: Treadwrong Crush\n|-damage|p2a: Treadwrong Crush|51\/100\n|\n|upkeep\n|turn|15\n|\n|t:|1700230964\n|move|p2a: Treadwrong Crush|Ice Spinner|p1a: Landorus\n|-supereffective|p1a: Landorus\n|-damage|p1a: Landorus|27\/100\n|-damage|p2a: Treadwrong Crush|35\/100|[from] item: Rocky Helmet|[of] p1a: Landorus\n|move|p1a: Landorus|U-turn|p2a: Treadwrong Crush\n|-resisted|p2a: Treadwrong Crush\n|-damage|p2a: Treadwrong Crush|27\/100\n|\n|t:|1700230972\n|switch|p1a: Cinderace|Cinderace, M|76\/100|[from] U-turn\n|\n|upkeep\n|turn|16\n|\n|t:|1700230976\n|-end|p2a: Treadwrong Crush|Protosynthesis|[silent]\n|switch|p2a: Gilliam II|Heatran, M|55\/100 frz\n|move|p1a: Cinderace|Pyro Ball|p2a: Gilliam II\n|-start|p2a: Gilliam II|ability: Flash Fire\n|\n|upkeep\n|turn|17\n|\n|t:|1700230980\n|switch|p1a: Landorus|Landorus-Therian, M|27\/100\n|-ability|p1a: Landorus|Intimidate|boost\n|-unboost|p2a: Gilliam II|atk|1\n|cant|p2a: Gilliam II|frz\n|\n|upkeep\n|turn|18\n|\n|t:|1700230985\n|cant|p2a: Gilliam II|frz\n|move|p1a: Landorus|Earthquake|p2a: Gilliam II\n|-supereffective|p2a: Gilliam II\n|-damage|p2a: Gilliam II|0 fnt\n|faint|p2a: Gilliam II\n|\n|upkeep\n|\n|t:|1700230993\n|switch|p2a: Twilight Suzuka|Ogerpon-Wellspring, F|100\/100\n|turn|19\n|\n|t:|1700230997\n|move|p2a: Twilight Suzuka|Ivy Cudgel|p1a: Landorus|[anim] Ivy Cudgel Water\n|-supereffective|p1a: Landorus\n|-damage|p1a: Landorus|0 fnt\n|faint|p1a: Landorus\n|\n|upkeep\n|\n|t:|1700231003\n|switch|p1a: Cinderace|Cinderace, M|76\/100\n|turn|20\n|\n|t:|1700231012\n|switch|p2a: Treadwrong Crush|Great Tusk|27\/100\n|move|p1a: Cinderace|Gunk Shot|p2a: Treadwrong Crush\n|-start|p1a: Cinderace|typechange|Poison|[from] ability: Libero\n|-resisted|p2a: Treadwrong Crush\n|-damage|p2a: Treadwrong Crush|6\/100\n|\n|upkeep\n|turn|21\n|\n|t:|1700231017\n|move|p1a: Cinderace|U-turn|p2a: Treadwrong Crush\n|-resisted|p2a: Treadwrong Crush\n|-crit|p2a: Treadwrong Crush\n|-damage|p2a: Treadwrong Crush|0 fnt\n|faint|p2a: Treadwrong Crush\n|-end|p2a: Treadwrong Crush|Protosynthesis|[silent]\n|\n|t:|1700231021\n|switch|p1a: Meowscarada|Meowscarada, F|74\/100|[from] U-turn\n|\n|upkeep\n|\n|t:|1700231024\n|switch|p2a: Gene Starwind|Kingambit, M|100\/100\n|-activate|p2a: Gene Starwind|ability: Supreme Overlord\n|-start|p2a: Gene Starwind|fallen2|[silent]\n|turn|22\n|\n|t:|1700231036\n|move|p1a: Meowscarada|Play Rough|p2a: Gene Starwind\n|-start|p1a: Meowscarada|typechange|Fairy|[from] ability: Protean\n|-damage|p2a: Gene Starwind|67\/100\n|move|p2a: Gene Starwind|Kowtow Cleave|p1a: Meowscarada\n|-resisted|p1a: Meowscarada\n|-damage|p1a: Meowscarada|24\/100\n|\n|-heal|p2a: Gene Starwind|74\/100|[from] item: Leftovers\n|upkeep\n|turn|23\n|\n|t:|1700231047\n|move|p1a: Meowscarada|Play Rough|p2a: Gene Starwind\n|-damage|p2a: Gene Starwind|42\/100\n|move|p2a: Gene Starwind|Kowtow Cleave|p1a: Meowscarada\n|-resisted|p1a: Meowscarada\n|-damage|p1a: Meowscarada|0 fnt\n|faint|p1a: Meowscarada\n|\n|-heal|p2a: Gene Starwind|48\/100|[from] item: Leftovers\n|upkeep\n|\n|t:|1700231052\n|switch|p1a: Cinderace|Cinderace, M|76\/100\n|turn|24\n|\n|t:|1700231057\n|move|p2a: Gene Starwind|Sucker Punch|p1a: Cinderace\n|-damage|p1a: Cinderace|1\/100\n|move|p1a: Cinderace|Pyro Ball|p2a: Gene Starwind\n|-supereffective|p2a: Gene Starwind\n|-damage|p2a: Gene Starwind|0 fnt\n|faint|p2a: Gene Starwind\n|-end|p2a: Gene Starwind|fallen2|[silent]\n|\n|upkeep\n|\n|t:|1700231063\n|switch|p2a: Melfina|Iron Valiant|100\/100\n|-enditem|p2a: Melfina|Booster Energy\n|-activate|p2a: Melfina|ability: Quark Drive|[fromitem]\n|-start|p2a: Melfina|quarkdrivespe\n|turn|25\n|\n|t:|1700231066\n|move|p2a: Melfina|Moonblast|p1a: Cinderace\n|-resisted|p1a: Cinderace\n|-damage|p1a: Cinderace|0 fnt\n|faint|p1a: Cinderace\n|\n|upkeep\n|\n|t:|1700231068\n|switch|p1a: Iron Valiant|Iron Valiant|100\/100\n|-enditem|p1a: Iron Valiant|Booster Energy\n|-activate|p1a: Iron Valiant|ability: Quark Drive|[fromitem]\n|-start|p1a: Iron Valiant|quarkdrivespe\n|turn|26\n|c|\u2606Slinky69|gg\n|c|\u2606Slinky69|wp\n|\n|t:|1700231075\n|move|p1a: Iron Valiant|Moonblast|p2a: Melfina\n|-supereffective|p2a: Melfina\n|-damage|p2a: Melfina|0 fnt\n|faint|p2a: Melfina\n|-end|p2a: Melfina|Quark Drive|[silent]\n|\n|upkeep\n|\n|t:|1700231081\n|switch|p2a: Jim Hawking|Sinistcha-Masterpiece, tera:Steel|47\/100\n|turn|27\n|c|\u2606Slinky69|i have no chance\n|\n|t:|1700231086\n|move|p1a: Iron Valiant|Thunderbolt|p2a: Jim Hawking\n|-damage|p2a: Jim Hawking|9\/100\n|move|p2a: Jim Hawking|Strength Sap|p1a: Iron Valiant\n|-unboost|p1a: Iron Valiant|atk|1\n|-heal|p2a: Jim Hawking|78\/100\n|\n|upkeep\n|turn|28\n|\n|t:|1700231092\n|move|p1a: Iron Valiant|Thunderbolt|p2a: Jim Hawking\n|-damage|p2a: Jim Hawking|45\/100\n|move|p2a: Jim Hawking|Matcha Gotcha|p1a: Iron Valiant\n|-damage|p1a: Iron Valiant|47\/100\n|-heal|p2a: Jim Hawking|67\/100|[from] drain|[of] p1a: Iron Valiant\n|\n|upkeep\n|turn|29\n|c|\u2606Slinky69|yea and that\n|c|\u2606UrSheerForce|ggs\n|c|\u2606Slinky69|gg\n|\n|t:|1700231100\n|move|p1a: Iron Valiant|Thunderbolt|p2a: Jim Hawking\n|-damage|p2a: Jim Hawking|33\/100\n|move|p2a: Jim Hawking|Shadow Ball|p1a: Iron Valiant\n|-damage|p1a: Iron Valiant|0 fnt\n|faint|p1a: Iron Valiant\n|-end|p1a: Iron Valiant|Quark Drive|[silent]\n|\n|win|UrSheerForce\n|raw|Slinky69's rating: 1472 &rarr; <strong>1456<\/strong><br \/>(-16 for losing)\n|raw|UrSheerForce's rating: 1550 &rarr; <strong>1566<\/strong><br \/>(+16 for winning)\n|l|\u2606Slinky69\n","uploadtime":1700231104,"views":11,"p1id":"slinky69","p2id":"ursheerforce","formatid":"gen9ou","rating":1456,"private":0,"password":""}