{"id":"gen9ou-1988478603","p1":"Kaiserdestroyer","p2":"Fredy2297","format":"[Gen 9] OU","log":"|j|\u2606Kaiserdestroyer\n|j|\u2606Fredy2297\n|t:|1699727279\n|gametype|singles\n|player|p1|Kaiserdestroyer|steven|\n|player|p2|Fredy2297|265|\n|teamsize|p1|6\n|teamsize|p2|6\n|gen|9\n|tier|[Gen 9] OU\n|rule|Sleep Clause Mod: Limit one foe put to sleep\n|rule|Species Clause: Limit one of each Pok\u00e9mon\n|rule|OHKO Clause: OHKO moves are banned\n|rule|Evasion Items Clause: Evasion items are banned\n|rule|Evasion Moves Clause: Evasion moves are banned\n|rule|Endless Battle Clause: Forcing endless battles is banned\n|rule|HP Percentage Mod: HP is shown in percentages\n|clearpoke\n|poke|p1|Great Tusk|\n|poke|p1|Glimmora, F|\n|poke|p1|Iron Moth|\n|poke|p1|Garganacl, M|\n|poke|p1|Vaporeon, M|\n|poke|p1|Iron Thorns|\n|poke|p2|Basculegion-F, F|\n|poke|p2|Pelipper, F|\n|poke|p2|Kilowattrel, M|\n|poke|p2|Overqwil, M|\n|poke|p2|Rillaboom, F|\n|poke|p2|Quaquaval, M|\n|teampreview\n|\n|t:|1699727315\n|start\n|switch|p1a: Glimmora|Glimmora, F|100\/100\n|switch|p2a: Pelipper|Pelipper, F|100\/100\n|-weather|RainDance|[from] ability: Drizzle|[of] p2a: Pelipper\n|turn|1\n|\n|t:|1699727330\n|move|p1a: Glimmora|Stealth Rock|p2a: Pelipper\n|-sidestart|p2: Fredy2297|move: Stealth Rock\n|move|p2a: Pelipper|Surf|p1a: Glimmora\n|-supereffective|p1a: Glimmora\n|-crit|p1a: Glimmora\n|-enditem|p1a: Glimmora|Focus Sash\n|-damage|p1a: Glimmora|1\/100\n|\n|-weather|RainDance|[upkeep]\n|upkeep\n|turn|2\n|\n|t:|1699727343\n|switch|p2a: Rillaboom|Rillaboom, F|100\/100\n|-damage|p2a: Rillaboom|88\/100|[from] Stealth Rock\n|-fieldstart|move: Grassy Terrain|[from] ability: Grassy Surge|[of] p2a: Rillaboom\n|move|p1a: Glimmora|Energy Ball|p2a: Rillaboom\n|-resisted|p2a: Rillaboom\n|-damage|p2a: Rillaboom|72\/100\n|-unboost|p2a: Rillaboom|spd|1\n|\n|-weather|RainDance|[upkeep]\n|-heal|p1a: Glimmora|7\/100|[from] Grassy Terrain\n|-heal|p2a: Rillaboom|78\/100|[from] Grassy Terrain\n|upkeep\n|turn|3\n|\n|t:|1699727357\n|move|p2a: Rillaboom|Grassy Glide|p1a: Glimmora\n|-damage|p1a: Glimmora|0 fnt\n|-activate|p1a: Glimmora|ability: Toxic Debris\n|-sidestart|p2: Fredy2297|move: Toxic Spikes\n|faint|p1a: Glimmora\n|\n|-weather|RainDance|[upkeep]\n|-heal|p2a: Rillaboom|85\/100|[from] Grassy Terrain\n|upkeep\n|\n|t:|1699727385\n|switch|p1a: Iron Moth|Iron Moth|100\/100\n|-enditem|p1a: Iron Moth|Booster Energy\n|-activate|p1a: Iron Moth|ability: Quark Drive|[fromitem]\n|-start|p1a: Iron Moth|quarkdrivespe\n|turn|4\n|\n|t:|1699727397\n|move|p1a: Iron Moth|Sludge Wave|p2a: Rillaboom\n|-supereffective|p2a: Rillaboom\n|-damage|p2a: Rillaboom|0 fnt\n|faint|p2a: Rillaboom\n|\n|-weather|RainDance|[upkeep]\n|upkeep\n|\n|t:|1699727403\n|switch|p2a: Overqwil|Overqwil, M|100\/100\n|-damage|p2a: Overqwil|88\/100|[from] Stealth Rock\n|-sideend|p2: Fredy2297|move: Toxic Spikes|[of] p2a: Overqwil\n|turn|5\n|\n|t:|1699727419\n|-end|p1a: Iron Moth|Quark Drive|[silent]\n|switch|p1a: Vaporeon|Vaporeon, M|100\/100\n|move|p2a: Overqwil|Liquidation|p1a: Vaporeon\n|-immune|p1a: Vaporeon|[from] ability: Water Absorb\n|\n|-weather|RainDance|[upkeep]\n|-heal|p2a: Overqwil|94\/100|[from] Grassy Terrain\n|upkeep\n|turn|6\n|\n|t:|1699727429\n|switch|p2a: Basculegion|Basculegion-F, F|100\/100\n|-damage|p2a: Basculegion|88\/100|[from] Stealth Rock\n|move|p1a: Vaporeon|Scald|p2a: Basculegion\n|-resisted|p2a: Basculegion\n|-damage|p2a: Basculegion|65\/100\n|\n|-weather|RainDance|[upkeep]\n|-heal|p2a: Basculegion|71\/100|[from] Grassy Terrain\n|-fieldend|move: Grassy Terrain\n|upkeep\n|turn|7\n|\n|t:|1699727441\n|move|p2a: Basculegion|Shadow Ball|p1a: Vaporeon\n|-damage|p1a: Vaporeon|57\/100\n|-unboost|p1a: Vaporeon|spd|1\n|move|p1a: Vaporeon|Scald|p2a: Basculegion\n|-resisted|p2a: Basculegion\n|-damage|p2a: Basculegion|47\/100\n|\n|-weather|RainDance|[upkeep]\n|-heal|p1a: Vaporeon|63\/100|[from] item: Leftovers\n|upkeep\n|turn|8\n|\n|t:|1699727456\n|move|p1a: Vaporeon|Protect|p1a: Vaporeon\n|-singleturn|p1a: Vaporeon|Protect\n|move|p2a: Basculegion|Shadow Ball|p1a: Vaporeon\n|-activate|p1a: Vaporeon|move: Protect\n|\n|-weather|none\n|-heal|p1a: Vaporeon|69\/100|[from] item: Leftovers\n|upkeep\n|turn|9\n|\n|t:|1699727465\n|switch|p1a: Garganacl|Garganacl, M|100\/100\n|move|p2a: Basculegion|Shadow Ball|p1a: Garganacl\n|-damage|p1a: Garganacl|80\/100\n|-unboost|p1a: Garganacl|spd|1\n|\n|-heal|p1a: Garganacl|87\/100|[from] item: Leftovers\n|upkeep\n|turn|10\n|\n|t:|1699727476\n|switch|p2a: Pelipper|Pelipper, F|100\/100\n|-damage|p2a: Pelipper|76\/100|[from] Stealth Rock\n|-weather|RainDance|[from] ability: Drizzle|[of] p2a: Pelipper\n|switch|p1a: Vaporeon|Vaporeon, M|69\/100\n|\n|-weather|RainDance|[upkeep]\n|-heal|p1a: Vaporeon|75\/100|[from] item: Leftovers\n|upkeep\n|turn|11\n|\n|t:|1699727487\n|move|p1a: Vaporeon|Wish|p1a: Vaporeon\n|move|p2a: Pelipper|Hurricane|p1a: Vaporeon\n|-damage|p1a: Vaporeon|49\/100\n|\n|-weather|RainDance|[upkeep]\n|-heal|p1a: Vaporeon|55\/100|[from] item: Leftovers\n|upkeep\n|turn|12\n|\n|t:|1699727495\n|switch|p2a: Kilowattrel|Kilowattrel, M|100\/100\n|move|p1a: Vaporeon|Scald|p2a: Kilowattrel\n|-damage|p2a: Kilowattrel|18\/100\n|\n|-weather|RainDance|[upkeep]\n|-heal|p1a: Vaporeon|100\/100|[from] move: Wish|[wisher] Vaporeon\n|upkeep\n|turn|13\n|\n|t:|1699727509\n|move|p1a: Vaporeon|Protect|p1a: Vaporeon\n|-singleturn|p1a: Vaporeon|Protect\n|move|p2a: Kilowattrel|Thunder|p1a: Vaporeon\n|-activate|p1a: Vaporeon|move: Protect\n|\n|-weather|RainDance|[upkeep]\n|upkeep\n|turn|14\n|\n|t:|1699727522\n|-terastallize|p1a: Vaporeon|Poison\n|move|p2a: Kilowattrel|Thunder|p1a: Vaporeon\n|-damage|p1a: Vaporeon|65\/100\n|move|p1a: Vaporeon|Scald|p2a: Kilowattrel\n|-damage|p2a: Kilowattrel|0 fnt\n|faint|p2a: Kilowattrel\n|\n|-weather|RainDance|[upkeep]\n|-heal|p1a: Vaporeon|71\/100|[from] item: Leftovers\n|upkeep\n|\n|t:|1699727536\n|switch|p2a: Basculegion|Basculegion-F, F|47\/100\n|-damage|p2a: Basculegion|35\/100|[from] Stealth Rock\n|turn|15\n|\n|t:|1699727541\n|-terastallize|p2a: Basculegion|Ghost\n|move|p2a: Basculegion|Shadow Ball|p1a: Vaporeon\n|-damage|p1a: Vaporeon|9\/100\n|move|p1a: Vaporeon|Scald|p2a: Basculegion\n|-damage|p2a: Basculegion|0 fnt\n|faint|p2a: Basculegion\n|\n|-weather|RainDance|[upkeep]\n|-heal|p1a: Vaporeon|15\/100|[from] item: Leftovers\n|upkeep\n|\n|t:|1699727554\n|switch|p2a: Quaquaval|Quaquaval, M|100\/100\n|turn|16\n|\n|t:|1699727560\n|move|p1a: Vaporeon|Protect|p1a: Vaporeon\n|-singleturn|p1a: Vaporeon|Protect\n|move|p2a: Quaquaval|Rapid Spin|p1a: Vaporeon\n|-activate|p1a: Vaporeon|move: Protect\n|\n|-weather|RainDance|[upkeep]\n|-heal|p1a: Vaporeon|21\/100|[from] item: Leftovers\n|upkeep\n|turn|17\n|\n|t:|1699727571\n|move|p2a: Quaquaval|Knock Off|p1a: Vaporeon\n|-damage|p1a: Vaporeon|2\/100\n|-enditem|p1a: Vaporeon|Leftovers|[from] move: Knock Off|[of] p2a: Quaquaval\n|move|p1a: Vaporeon|Wish|p1a: Vaporeon\n|\n|-weather|none\n|upkeep\n|turn|18\n|\n|t:|1699727580\n|move|p1a: Vaporeon|Protect|p1a: Vaporeon\n|-singleturn|p1a: Vaporeon|Protect\n|move|p2a: Quaquaval|Rapid Spin|p1a: Vaporeon\n|-activate|p1a: Vaporeon|move: Protect\n|\n|-heal|p1a: Vaporeon|52\/100|[from] move: Wish|[wisher] Vaporeon\n|upkeep\n|turn|19\n|\n|t:|1699727590\n|move|p2a: Quaquaval|Rapid Spin|p1a: Vaporeon\n|-damage|p1a: Vaporeon|43\/100\n|-boost|p2a: Quaquaval|spe|1\n|-sideend|p2: Fredy2297|Stealth Rock|[from] move: Rapid Spin|[of] p2a: Quaquaval\n|move|p1a: Vaporeon|Scald|p2a: Quaquaval\n|-resisted|p2a: Quaquaval\n|-damage|p2a: Quaquaval|83\/100\n|\n|upkeep\n|turn|20\n|\n|t:|1699727601\n|switch|p2a: Pelipper|Pelipper, F|76\/100\n|-weather|RainDance|[from] ability: Drizzle|[of] p2a: Pelipper\n|move|p1a: Vaporeon|Haze|p1a: Vaporeon\n|-clearallboost\n|\n|-weather|RainDance|[upkeep]\n|upkeep\n|turn|21\n|\n|t:|1699727611\n|move|p1a: Vaporeon|Wish|p1a: Vaporeon\n|move|p2a: Pelipper|Hurricane|p1a: Vaporeon\n|-damage|p1a: Vaporeon|15\/100\n|\n|-weather|RainDance|[upkeep]\n|upkeep\n|turn|22\n|\n|t:|1699727618\n|move|p1a: Vaporeon|Protect|p1a: Vaporeon\n|-singleturn|p1a: Vaporeon|Protect\n|move|p2a: Pelipper|Hurricane|p1a: Vaporeon\n|-activate|p1a: Vaporeon|move: Protect\n|\n|-weather|RainDance|[upkeep]\n|-heal|p1a: Vaporeon|65\/100|[from] move: Wish|[wisher] Vaporeon\n|upkeep\n|turn|23\n|\n|t:|1699727627\n|move|p1a: Vaporeon|Wish|p1a: Vaporeon\n|move|p2a: Pelipper|Hurricane|p1a: Vaporeon\n|-damage|p1a: Vaporeon|37\/100\n|\n|-weather|RainDance|[upkeep]\n|upkeep\n|turn|24\n|\n|t:|1699727634\n|move|p1a: Vaporeon|Protect|p1a: Vaporeon\n|-singleturn|p1a: Vaporeon|Protect\n|move|p2a: Pelipper|Hurricane|p1a: Vaporeon\n|-activate|p1a: Vaporeon|move: Protect\n|\n|-weather|RainDance|[upkeep]\n|-heal|p1a: Vaporeon|87\/100|[from] move: Wish|[wisher] Vaporeon\n|upkeep\n|turn|25\n|\n|t:|1699727643\n|switch|p1a: Garganacl|Garganacl, M|87\/100\n|move|p2a: Pelipper|Hurricane|p1a: Garganacl\n|-resisted|p1a: Garganacl\n|-damage|p1a: Garganacl|75\/100\n|\n|-weather|RainDance|[upkeep]\n|-heal|p1a: Garganacl|81\/100|[from] item: Leftovers\n|upkeep\n|turn|26\n|\n|t:|1699727652\n|move|p2a: Pelipper|Surf|p1a: Garganacl\n|-supereffective|p1a: Garganacl\n|-damage|p1a: Garganacl|21\/100\n|move|p1a: Garganacl|Salt Cure|p2a: Pelipper\n|-supereffective|p2a: Pelipper\n|-damage|p2a: Pelipper|53\/100\n|-start|p2a: Pelipper|Salt Cure\n|\n|-weather|RainDance|[upkeep]\n|-heal|p1a: Garganacl|27\/100|[from] item: Leftovers\n|-damage|p2a: Pelipper|28\/100|[from] Salt Cure\n|upkeep\n|turn|27\n|\n|t:|1699727664\n|switch|p1a: Vaporeon|Vaporeon, M, tera:Poison|87\/100\n|move|p2a: Pelipper|Hurricane|p1a: Vaporeon\n|-damage|p1a: Vaporeon|58\/100\n|\n|-weather|none\n|-damage|p2a: Pelipper|3\/100|[from] Salt Cure\n|upkeep\n|turn|28\n|\n|t:|1699727673\n|move|p1a: Vaporeon|Wish|p1a: Vaporeon\n|move|p2a: Pelipper|Roost|p2a: Pelipper\n|-heal|p2a: Pelipper|53\/100\n|-singleturn|p2a: Pelipper|move: Roost\n|\n|-damage|p2a: Pelipper|29\/100|[from] Salt Cure\n|upkeep\n|turn|29\n|\n|t:|1699727681\n|switch|p2a: Overqwil|Overqwil, M|94\/100\n|move|p1a: Vaporeon|Scald|p2a: Overqwil\n|-damage|p2a: Overqwil|49\/100\n|-status|p2a: Overqwil|brn\n|-enditem|p2a: Overqwil|Lum Berry|[eat]\n|-curestatus|p2a: Overqwil|brn|[msg]\n|\n|-heal|p1a: Vaporeon|100\/100|[from] move: Wish|[wisher] Vaporeon\n|upkeep\n|turn|30\n|\n|t:|1699727696\n|switch|p1a: Iron Moth|Iron Moth|100\/100\n|move|p2a: Overqwil|Swords Dance|p2a: Overqwil\n|-boost|p2a: Overqwil|atk|2\n|\n|upkeep\n|turn|31\n|\n|t:|1699727702\n|move|p1a: Iron Moth|Fiery Dance|p2a: Overqwil\n|-damage|p2a: Overqwil|0 fnt\n|faint|p2a: Overqwil\n|\n|upkeep\n|\n|t:|1699727708\n|switch|p2a: Quaquaval|Quaquaval, M|83\/100\n|turn|32\n|\n|t:|1699727713\n|move|p1a: Iron Moth|Energy Ball|p2a: Quaquaval\n|-supereffective|p2a: Quaquaval\n|-damage|p2a: Quaquaval|9\/100\n|move|p2a: Quaquaval|Aqua Step|p1a: Iron Moth\n|-supereffective|p1a: Iron Moth\n|-damage|p1a: Iron Moth|9\/100\n|-boost|p2a: Quaquaval|spe|1\n|\n|upkeep\n|turn|33\n|\n|t:|1699727722\n|move|p2a: Quaquaval|Rapid Spin|p1a: Iron Moth\n|-damage|p1a: Iron Moth|0 fnt\n|-boost|p2a: Quaquaval|spe|1\n|faint|p1a: Iron Moth\n|-end|p1a: Iron Moth|Quark Drive|[silent]\n|-ability|p2a: Quaquaval|Moxie|boost\n|-boost|p2a: Quaquaval|atk|1\n|\n|upkeep\n|\n|t:|1699727731\n|switch|p1a: Great Tusk|Great Tusk|100\/100\n|turn|34\n|\n|t:|1699727734\n|move|p2a: Quaquaval|Aqua Step|p1a: Great Tusk\n|-supereffective|p1a: Great Tusk\n|-damage|p1a: Great Tusk|56\/100\n|-boost|p2a: Quaquaval|spe|1\n|move|p1a: Great Tusk|Rapid Spin|p2a: Quaquaval\n|-damage|p2a: Quaquaval|0 fnt\n|-boost|p1a: Great Tusk|spe|1\n|faint|p2a: Quaquaval\n|\n|-heal|p1a: Great Tusk|62\/100|[from] item: Leftovers\n|upkeep\n|\n|t:|1699727746\n|switch|p2a: Pelipper|Pelipper, F|29\/100\n|-weather|RainDance|[from] ability: Drizzle|[of] p2a: Pelipper\n|turn|35\n|\n|t:|1699727752\n|move|p1a: Great Tusk|Knock Off|p2a: Pelipper\n|-damage|p2a: Pelipper|6\/100\n|-enditem|p2a: Pelipper|Damp Rock|[from] move: Knock Off|[of] p1a: Great Tusk\n|move|p2a: Pelipper|Surf|p1a: Great Tusk\n|-supereffective|p1a: Great Tusk\n|-damage|p1a: Great Tusk|0 fnt\n|faint|p1a: Great Tusk\n|-end|p1a: Great Tusk|Protosynthesis|[silent]\n|\n|-weather|RainDance|[upkeep]\n|upkeep\n|\n|t:|1699727757\n|switch|p1a: Iron Thorns|Iron Thorns|100\/100\n|-enditem|p1a: Iron Thorns|Booster Energy\n|-activate|p1a: Iron Thorns|ability: Quark Drive|[fromitem]\n|-start|p1a: Iron Thorns|quarkdriveatk\n|turn|36\n|\n|t:|1699727767\n|move|p1a: Iron Thorns|Wild Charge|p2a: Pelipper\n|-supereffective|p2a: Pelipper\n|-damage|p2a: Pelipper|0 fnt\n|faint|p2a: Pelipper\n|-damage|p1a: Iron Thorns|99\/100|[from] Recoil\n|\n|win|Kaiserdestroyer\n","uploadtime":1699727777,"views":28,"p1id":"kaiserdestroyer","p2id":"fredy2297","formatid":"gen9ou","rating":0,"private":0,"password":""}