{"id":"gen9ou-1994685714","p1":"xy0n abimdir","p2":"sticky one still","format":"[Gen 9] OU","log":"|j|\u2606xy0n abimdir\n|j|\u2606sticky one still\n|t:|1700480850\n|gametype|singles\n|player|p1|xy0n abimdir|1|1302\n|player|p2|sticky one still|marlon|1405\n|teamsize|p1|6\n|teamsize|p2|6\n|gen|9\n|tier|[Gen 9] OU\n|rated|\n|rule|Sleep Clause Mod: Limit one foe put to sleep\n|rule|Species Clause: Limit one of each Pok\u00e9mon\n|rule|OHKO Clause: OHKO moves are banned\n|rule|Evasion Items Clause: Evasion items are banned\n|rule|Evasion Moves Clause: Evasion moves are banned\n|rule|Endless Battle Clause: Forcing endless battles is banned\n|rule|HP Percentage Mod: HP is shown in percentages\n|clearpoke\n|poke|p1|Gholdengo|\n|poke|p1|Landorus-Therian, M|\n|poke|p1|Forretress, F|\n|poke|p1|Iron Valiant|\n|poke|p1|Toxapex, F|\n|poke|p1|Cinderace, F|\n|poke|p2|Conkeldurr, F|\n|poke|p2|Samurott-Hisui, M|\n|poke|p2|Ninetales-Alola, M|\n|poke|p2|Zamazenta-*|\n|poke|p2|Heatran, M|\n|poke|p2|Enamorus-Therian, F|\n|teampreview\n|\n|t:|1700480873\n|start\n|switch|p1a: Cinderace|Cinderace, F|100\/100\n|switch|p2a: coldstone|Ninetales-Alola, M|100\/100\n|-weather|Snow|[from] ability: Snow Warning|[of] p2a: coldstone\n|turn|1\n|\n|t:|1700480926\n|switch|p2a: pompeiin|Heatran, M|100\/100\n|move|p1a: Cinderace|Pyro Ball|p2a: pompeiin\n|-start|p2a: pompeiin|ability: Flash Fire\n|\n|-weather|Snow|[upkeep]\n|upkeep\n|turn|2\n|\n|t:|1700480933\n|-end|p2a: pompeiin|ability: Flash Fire|[silent]\n|switch|p2a: vietnamourus|Enamorus-Therian, F|100\/100\n|move|p1a: Cinderace|U-turn|p2a: vietnamourus\n|-start|p1a: Cinderace|typechange|Bug|[from] ability: Libero\n|-resisted|p2a: vietnamourus\n|-damage|p2a: vietnamourus|95\/100\n|\n|t:|1700480939\n|switch|p1a: Toxapex|Toxapex, F|100\/100|[from] U-turn\n|\n|-weather|Snow|[upkeep]\n|-heal|p2a: vietnamourus|100\/100|[from] item: Leftovers\n|upkeep\n|turn|3\n|\n|t:|1700480950\n|switch|p2a: bonk|Conkeldurr, F|100\/100\n|move|p1a: Toxapex|Toxic|p2a: bonk\n|-status|p2a: bonk|tox\n|\n|-weather|Snow|[upkeep]\n|-damage|p2a: bonk|94\/100 tox|[from] psn\n|upkeep\n|turn|4\n|\n|t:|1700480958\n|move|p2a: bonk|Facade|p1a: Toxapex\n|-damage|p1a: Toxapex|31\/100\n|move|p1a: Toxapex|Liquidation|p2a: bonk\n|-damage|p2a: bonk|78\/100 tox\n|\n|-weather|Snow|[upkeep]\n|-heal|p1a: Toxapex|37\/100|[from] item: Black Sludge\n|-damage|p2a: bonk|66\/100 tox|[from] psn\n|upkeep\n|turn|5\n|\n|t:|1700480962\n|move|p1a: Toxapex|Baneful Bunker|p1a: Toxapex\n|-singleturn|p1a: Toxapex|move: Protect\n|move|p2a: bonk|Knock Off|p1a: Toxapex\n|-activate|p1a: Toxapex|move: Protect\n|\n|-weather|none\n|-heal|p1a: Toxapex|43\/100|[from] item: Black Sludge\n|-damage|p2a: bonk|47\/100 tox|[from] psn\n|upkeep\n|turn|6\n|\n|t:|1700480971\n|switch|p1a: Forretress|Forretress, F|100\/100\n|move|p2a: bonk|Facade|p1a: Forretress\n|-resisted|p1a: Forretress\n|-crit|p1a: Forretress\n|-damage|p1a: Forretress|65\/100\n|\n|-damage|p2a: bonk|22\/100 tox|[from] psn\n|upkeep\n|turn|7\n|\n|t:|1700480977\n|move|p2a: bonk|Knock Off|p1a: Forretress\n|-damage|p1a: Forretress|33\/100\n|-enditem|p1a: Forretress|Heavy-Duty Boots|[from] move: Knock Off|[of] p2a: bonk\n|move|p1a: Forretress|Stealth Rock|p2a: bonk\n|-sidestart|p2: sticky one still|move: Stealth Rock\n|\n|-damage|p2a: bonk|0 fnt|[from] psn\n|faint|p2a: bonk\n|upkeep\n|\n|t:|1700480987\n|switch|p2a: die by the sword|Samurott-Hisui, M|100\/100\n|-damage|p2a: die by the sword|88\/100|[from] Stealth Rock\n|turn|8\n|\n|t:|1700480993\n|move|p2a: die by the sword|Ceaseless Edge|p1a: Forretress\n|-damage|p1a: Forretress|2\/100\n|-sidestart|p1: xy0n abimdir|Spikes\n|move|p1a: Forretress|Rapid Spin|p2a: die by the sword\n|-damage|p2a: die by the sword|77\/100\n|-boost|p1a: Forretress|spe|1\n|-sideend|p1: xy0n abimdir|Spikes|[from] move: Rapid Spin|[of] p1a: Forretress\n|\n|upkeep\n|turn|9\n|\n|t:|1700481000\n|move|p2a: die by the sword|Ceaseless Edge|p1a: Forretress\n|-damage|p1a: Forretress|0 fnt\n|-sidestart|p1: xy0n abimdir|Spikes\n|faint|p1a: Forretress\n|\n|upkeep\n|\n|t:|1700481008\n|switch|p1a: Iron Valiant|Iron Valiant|100\/100\n|-damage|p1a: Iron Valiant|88\/100|[from] Spikes\n|-enditem|p1a: Iron Valiant|Booster Energy\n|-activate|p1a: Iron Valiant|ability: Quark Drive|[fromitem]\n|-start|p1a: Iron Valiant|quarkdrivespe\n|turn|10\n|\n|t:|1700481015\n|switch|p2a: pompeiin|Heatran, M|100\/100\n|-damage|p2a: pompeiin|88\/100|[from] Stealth Rock\n|move|p1a: Iron Valiant|Calm Mind|p1a: Iron Valiant\n|-boost|p1a: Iron Valiant|spa|1\n|-boost|p1a: Iron Valiant|spd|1\n|\n|-heal|p2a: pompeiin|94\/100|[from] item: Leftovers\n|upkeep\n|turn|11\n|\n|t:|1700481053\n|move|p1a: Iron Valiant|Focus Blast|p2a: pompeiin\n|-supereffective|p2a: pompeiin\n|-crit|p2a: pompeiin\n|-damage|p2a: pompeiin|0 fnt\n|faint|p2a: pompeiin\n|\n|upkeep\n|\n|t:|1700481057\n|switch|p2a: vietnamourus|Enamorus-Therian, F|100\/100\n|-damage|p2a: vietnamourus|75\/100|[from] Stealth Rock\n|turn|12\n|\n|t:|1700481063\n|-terastallize|p2a: vietnamourus|Poison\n|move|p1a: Iron Valiant|Moonblast|p2a: vietnamourus\n|-resisted|p2a: vietnamourus\n|-damage|p2a: vietnamourus|40\/100\n|move|p2a: vietnamourus|Draining Kiss|p1a: Iron Valiant\n|-supereffective|p1a: Iron Valiant\n|-damage|p1a: Iron Valiant|34\/100\n|-heal|p2a: vietnamourus|73\/100|[from] drain|[of] p1a: Iron Valiant\n|\n|-heal|p2a: vietnamourus|79\/100|[from] item: Leftovers\n|upkeep\n|turn|13\n|\n|t:|1700481069\n|move|p1a: Iron Valiant|Stored Power|p2a: vietnamourus\n|-supereffective|p2a: vietnamourus\n|-damage|p2a: vietnamourus|25\/100\n|move|p2a: vietnamourus|Draining Kiss|p1a: Iron Valiant\n|-supereffective|p1a: Iron Valiant\n|-damage|p1a: Iron Valiant|0 fnt\n|-heal|p2a: vietnamourus|45\/100|[from] drain|[of] p1a: Iron Valiant\n|faint|p1a: Iron Valiant\n|-end|p1a: Iron Valiant|Quark Drive|[silent]\n|\n|-heal|p2a: vietnamourus|52\/100|[from] item: Leftovers\n|upkeep\n|\n|t:|1700481076\n|switch|p1a: Cinderace|Cinderace, F|100\/100\n|turn|14\n|\n|t:|1700481081\n|move|p1a: Cinderace|Pyro Ball|p2a: vietnamourus\n|-damage|p2a: vietnamourus|10\/100\n|-status|p2a: vietnamourus|brn\n|move|p2a: vietnamourus|Earth Power|p1a: Cinderace\n|-supereffective|p1a: Cinderace\n|-damage|p1a: Cinderace|25\/100\n|\n|-heal|p2a: vietnamourus|16\/100 brn|[from] item: Leftovers\n|-damage|p2a: vietnamourus|10\/100 brn|[from] brn\n|upkeep\n|turn|15\n|\n|t:|1700481087\n|move|p1a: Cinderace|Pyro Ball|p2a: vietnamourus\n|-crit|p2a: vietnamourus\n|-damage|p2a: vietnamourus|0 fnt\n|faint|p2a: vietnamourus\n|\n|upkeep\n|\n|t:|1700481099\n|switch|p2a: smoking za|Zamazenta|100\/100\n|-damage|p2a: smoking za|94\/100|[from] Stealth Rock\n|-ability|p2a: smoking za|Dauntless Shield|boost\n|-boost|p2a: smoking za|def|1\n|turn|16\n|\n|t:|1700481105\n|move|p2a: smoking za|Crunch|p1a: Cinderace\n|-damage|p1a: Cinderace|0 fnt\n|faint|p1a: Cinderace\n|\n|-heal|p2a: smoking za|100\/100|[from] item: Leftovers\n|upkeep\n|\n|t:|1700481109\n|switch|p1a: Toxapex|Toxapex, F|76\/100\n|-damage|p1a: Toxapex|64\/100|[from] Spikes\n|turn|17\n|\n|t:|1700481148\n|switch|p2a: coldstone|Ninetales-Alola, M|100\/100\n|-damage|p2a: coldstone|76\/100|[from] Stealth Rock\n|-weather|Snow|[from] ability: Snow Warning|[of] p2a: coldstone\n|move|p1a: Toxapex|Toxic|p2a: coldstone\n|-status|p2a: coldstone|tox\n|\n|-weather|Snow|[upkeep]\n|-heal|p1a: Toxapex|70\/100|[from] item: Black Sludge\n|-damage|p2a: coldstone|70\/100 tox|[from] psn\n|upkeep\n|turn|18\n|\n|t:|1700481155\n|move|p2a: coldstone|Aurora Veil|p2a: coldstone\n|-sidestart|p2: sticky one still|move: Aurora Veil\n|move|p1a: Toxapex|Recover|p1a: Toxapex\n|-heal|p1a: Toxapex|100\/100\n|\n|-weather|Snow|[upkeep]\n|-damage|p2a: coldstone|58\/100 tox|[from] psn\n|upkeep\n|turn|19\n|\n|t:|1700481159\n|move|p2a: coldstone|Encore|p1a: Toxapex\n|-start|p1a: Toxapex|Encore\n|move|p1a: Toxapex|Recover||[still]\n|-fail|p1a: Toxapex|heal\n|\n|-weather|Snow|[upkeep]\n|-damage|p2a: coldstone|40\/100 tox|[from] psn\n|upkeep\n|turn|20\n|\n|t:|1700481162\n|move|p2a: coldstone|Freeze-Dry|p1a: Toxapex\n|-supereffective|p1a: Toxapex\n|-damage|p1a: Toxapex|74\/100\n|move|p1a: Toxapex|Recover|p1a: Toxapex\n|-heal|p1a: Toxapex|100\/100\n|\n|-weather|Snow|[upkeep]\n|-damage|p2a: coldstone|16\/100 tox|[from] psn\n|upkeep\n|turn|21\n|\n|t:|1700481165\n|move|p2a: coldstone|Freeze-Dry|p1a: Toxapex\n|-supereffective|p1a: Toxapex\n|-damage|p1a: Toxapex|76\/100\n|move|p1a: Toxapex|Recover|p1a: Toxapex\n|-heal|p1a: Toxapex|100\/100\n|\n|-weather|none\n|-damage|p2a: coldstone|0 fnt|[from] psn\n|faint|p2a: coldstone\n|-end|p1a: Toxapex|Encore\n|upkeep\n|\n|t:|1700481170\n|switch|p2a: die by the sword|Samurott-Hisui, M|77\/100\n|-damage|p2a: die by the sword|64\/100|[from] Stealth Rock\n|turn|22\n|\n|t:|1700481174\n|move|p2a: die by the sword|Ceaseless Edge|p1a: Toxapex|[miss]\n|-miss|p2a: die by the sword|p1a: Toxapex\n|move|p1a: Toxapex|Toxic|p2a: die by the sword\n|-status|p2a: die by the sword|tox\n|\n|-damage|p2a: die by the sword|58\/100 tox|[from] psn\n|upkeep\n|turn|23\n|\n|t:|1700481180\n|move|p2a: die by the sword|Ceaseless Edge|p1a: Toxapex\n|-damage|p1a: Toxapex|60\/100\n|-sidestart|p1: xy0n abimdir|Spikes\n|move|p1a: Toxapex|Liquidation|p2a: die by the sword\n|-resisted|p2a: die by the sword\n|-damage|p2a: die by the sword|52\/100 tox\n|\n|-heal|p1a: Toxapex|66\/100|[from] item: Black Sludge\n|-damage|p2a: die by the sword|40\/100 tox|[from] psn\n|upkeep\n|turn|24\n|\n|t:|1700481190\n|move|p1a: Toxapex|Baneful Bunker|p1a: Toxapex\n|-singleturn|p1a: Toxapex|move: Protect\n|move|p2a: die by the sword|Ceaseless Edge|p1a: Toxapex\n|-activate|p1a: Toxapex|move: Protect\n|\n|-heal|p1a: Toxapex|72\/100|[from] item: Black Sludge\n|-damage|p2a: die by the sword|21\/100 tox|[from] psn\n|upkeep\n|turn|25\n|\n|t:|1700481194\n|move|p2a: die by the sword|Ceaseless Edge|p1a: Toxapex|[miss]\n|-miss|p2a: die by the sword|p1a: Toxapex\n|move|p1a: Toxapex|Recover|p1a: Toxapex\n|-heal|p1a: Toxapex|100\/100\n|\n|-damage|p2a: die by the sword|0 fnt|[from] psn\n|faint|p2a: die by the sword\n|-sideend|p2: sticky one still|move: Aurora Veil\n|upkeep\n|\n|t:|1700481198\n|switch|p2a: smoking za|Zamazenta|100\/100\n|-damage|p2a: smoking za|94\/100|[from] Stealth Rock\n|turn|26\n|\n|t:|1700481204\n|move|p2a: smoking za|Iron Defense|p2a: smoking za\n|-boost|p2a: smoking za|def|2\n|move|p1a: Toxapex|Toxic|p2a: smoking za\n|-status|p2a: smoking za|tox\n|\n|-heal|p2a: smoking za|100\/100 tox|[from] item: Leftovers\n|-damage|p2a: smoking za|94\/100 tox|[from] psn\n|upkeep\n|turn|27\n|\n|t:|1700481212\n|move|p2a: smoking za|Iron Defense|p2a: smoking za\n|-boost|p2a: smoking za|def|2\n|move|p1a: Toxapex|Liquidation|p2a: smoking za\n|-damage|p2a: smoking za|89\/100 tox\n|\n|-heal|p2a: smoking za|96\/100 tox|[from] item: Leftovers\n|-damage|p2a: smoking za|83\/100 tox|[from] psn\n|upkeep\n|turn|28\n|\n|t:|1700481220\n|move|p2a: smoking za|Iron Defense|p2a: smoking za\n|-boost|p2a: smoking za|def|2\n|move|p1a: Toxapex|Liquidation|p2a: smoking za\n|-damage|p2a: smoking za|80\/100 tox\n|\n|-heal|p2a: smoking za|86\/100 tox|[from] item: Leftovers\n|-damage|p2a: smoking za|67\/100 tox|[from] psn\n|upkeep\n|turn|29\n|\n|t:|1700481223\n|switch|p1a: Gholdengo|Gholdengo|100\/100\n|-item|p1a: Gholdengo|Air Balloon\n|move|p2a: smoking za|Body Press|p1a: Gholdengo\n|-immune|p1a: Gholdengo\n|\n|-heal|p2a: smoking za|73\/100 tox|[from] item: Leftovers\n|-damage|p2a: smoking za|48\/100 tox|[from] psn\n|upkeep\n|turn|30\n|\n|t:|1700481230\n|move|p2a: smoking za|Crunch|p1a: Gholdengo\n|-supereffective|p1a: Gholdengo\n|-damage|p1a: Gholdengo|50\/100\n|-enditem|p1a: Gholdengo|Air Balloon\n|move|p1a: Gholdengo|Hex|p2a: smoking za\n|-damage|p2a: smoking za|0 fnt\n|faint|p2a: smoking za\n|\n|win|xy0n abimdir\n|raw|xy0n abimdir's rating: 1302 &rarr; <strong>1328<\/strong><br \/>(+26 for winning)\n|raw|sticky one still's rating: 1405 &rarr; <strong>1379<\/strong><br \/>(-26 for losing)\n|l|\u2606sticky one still\n","uploadtime":1700481240,"views":19,"p1id":"xy0nabimdir","p2id":"stickyonestill","formatid":"gen9ou","rating":1328,"private":0,"password":""}