{"id":"gen9ou-1991113597","p1":"simplegent","p2":"Pytrax","format":"[Gen 9] OU","log":"|j|\u2606simplegent\n|j|\u2606Pytrax\n|t:|1700045003\n|gametype|singles\n|player|p1|simplegent|169|1674\n|player|p2|Pytrax|emma|1654\n|teamsize|p1|6\n|teamsize|p2|6\n|gen|9\n|tier|[Gen 9] OU\n|rated|\n|rule|Sleep Clause Mod: Limit one foe put to sleep\n|rule|Species Clause: Limit one of each Pok\u00e9mon\n|rule|OHKO Clause: OHKO moves are banned\n|rule|Evasion Items Clause: Evasion items are banned\n|rule|Evasion Moves Clause: Evasion moves are banned\n|rule|Endless Battle Clause: Forcing endless battles is banned\n|rule|HP Percentage Mod: HP is shown in percentages\n|clearpoke\n|poke|p1|Dragapult, M|\n|poke|p1|Mandibuzz, F|\n|poke|p1|Corviknight, F|\n|poke|p1|Samurott-Hisui, F|\n|poke|p1|Sandy Shocks|\n|poke|p1|Sneasler, M|\n|poke|p2|Zamazenta-*|\n|poke|p2|Slowking-Galar, F|\n|poke|p2|Landorus-Therian, M|\n|poke|p2|Kingambit, F|\n|poke|p2|Scream Tail|\n|poke|p2|Cinderace, F|\n|teampreview\n|inactive|Battle timer is ON: inactive players will automatically lose when time's up. (requested by simplegent)\n|j| Ctannn\n|inactive|simplegent has 120 seconds left.\n|\n|t:|1700045049\n|start\n|switch|p1a: Sneasler|Sneasler, M|100\/100\n|switch|p2a: Landorus|Landorus-Therian, M|100\/100\n|-ability|p2a: Landorus|Intimidate|boost\n|-unboost|p1a: Sneasler|atk|1\n|turn|1\n|\n|t:|1700045061\n|switch|p1a: Mandibuzz|Mandibuzz, F|100\/100\n|switch|p2a: Kingambit|Kingambit, F|100\/100\n|\n|upkeep\n|turn|2\n|\n|t:|1700045070\n|move|p1a: Mandibuzz|U-turn|p2a: Kingambit\n|-damage|p2a: Kingambit|92\/100\n|\n|t:|1700045079\n|switch|p1a: Sandy Shocks|Sandy Shocks|100\/100|[from] U-turn\n|move|p2a: Kingambit|Swords Dance|p2a: Kingambit\n|-boost|p2a: Kingambit|atk|2\n|\n|-heal|p2a: Kingambit|98\/100|[from] item: Leftovers\n|upkeep\n|turn|3\n|\n|t:|1700045088\n|move|p1a: Sandy Shocks|Earth Power|p2a: Kingambit\n|-supereffective|p2a: Kingambit\n|-damage|p2a: Kingambit|8\/100\n|move|p2a: Kingambit|Kowtow Cleave|p1a: Sandy Shocks\n|-damage|p1a: Sandy Shocks|0 fnt\n|faint|p1a: Sandy Shocks\n|-end|p1a: Sandy Shocks|Protosynthesis|[silent]\n|\n|-heal|p2a: Kingambit|14\/100|[from] item: Leftovers\n|upkeep\n|\n|t:|1700045092\n|switch|p1a: Samurott|Samurott-Hisui, F|100\/100\n|turn|4\n|\n|t:|1700045106\n|-end|p2a: Kingambit|fallenundefined|[silent]\n|switch|p2a: Scream Tail|Scream Tail|100\/100\n|move|p1a: Samurott|Knock Off|p2a: Scream Tail\n|-damage|p2a: Scream Tail|66\/100\n|-enditem|p2a: Scream Tail|Leftovers|[from] move: Knock Off|[of] p1a: Samurott\n|\n|upkeep\n|turn|5\n|\n|t:|1700045114\n|move|p2a: Scream Tail|Wish|p2a: Scream Tail\n|move|p1a: Samurott|Flip Turn|p2a: Scream Tail\n|-damage|p2a: Scream Tail|46\/100\n|\n|t:|1700045125\n|switch|p1a: Sneasler|Sneasler, M|100\/100|[from] Flip Turn\n|\n|upkeep\n|turn|6\n|\n|t:|1700045131\n|-end|p2a: Scream Tail|Protosynthesis|[silent]\n|switch|p2a: Kingambit|Kingambit, F|14\/100\n|move|p1a: Sneasler|Dire Claw|p2a: Kingambit\n|-immune|p2a: Kingambit\n|\n|-heal|p2a: Kingambit|68\/100|[from] move: Wish|[wisher] Scream Tail\n|-heal|p2a: Kingambit|74\/100|[from] item: Leftovers\n|upkeep\n|turn|7\n|\n|t:|1700045145\n|switch|p1a: Samurott|Samurott-Hisui, F|100\/100\n|-end|p2a: Kingambit|fallenundefined|[silent]\n|switch|p2a: Landorus|Landorus-Therian, M|100\/100\n|-ability|p2a: Landorus|Intimidate|boost\n|-unboost|p1a: Samurott|atk|1\n|\n|upkeep\n|turn|8\n|\n|t:|1700045157\n|switch|p1a: Mandibuzz|Mandibuzz, F|100\/100\n|move|p2a: Landorus|U-turn|p1a: Mandibuzz\n|-damage|p1a: Mandibuzz|89\/100\n|\n|t:|1700045161\n|switch|p2a: Scream Tail|Scream Tail|46\/100|[from] U-turn\n|\n|upkeep\n|turn|9\n|\n|t:|1700045166\n|switch|p1a: Sneasler|Sneasler, M|100\/100\n|move|p2a: Scream Tail|Wish|p2a: Scream Tail\n|\n|upkeep\n|turn|10\n|\n|t:|1700045171\n|move|p2a: Scream Tail|Protect|p2a: Scream Tail\n|-singleturn|p2a: Scream Tail|Protect\n|move|p1a: Sneasler|U-turn|p2a: Scream Tail\n|-activate|p2a: Scream Tail|move: Protect\n|\n|-heal|p2a: Scream Tail|96\/100|[from] move: Wish|[wisher] Scream Tail\n|upkeep\n|turn|11\n|\n|t:|1700045185\n|move|p1a: Sneasler|U-turn|p2a: Scream Tail\n|-damage|p2a: Scream Tail|77\/100\n|-status|p2a: Scream Tail|psn|[from] ability: Poison Touch|[of] p1a: Sneasler\n|\n|t:|1700045189\n|switch|p1a: Corviknight|Corviknight, F|100\/100|[from] U-turn\n|-ability|p1a: Corviknight|Pressure\n|move|p2a: Scream Tail|Wish|p2a: Scream Tail\n|\n|-damage|p2a: Scream Tail|64\/100 psn|[from] psn\n|upkeep\n|turn|12\n|\n|t:|1700045208\n|-end|p2a: Scream Tail|Protosynthesis|[silent]\n|switch|p2a: Cinderace|Cinderace, F|100\/100\n|move|p1a: Corviknight|Brave Bird|p2a: Cinderace\n|-damage|p2a: Cinderace|56\/100\n|-damage|p1a: Corviknight|87\/100|[from] Recoil\n|\n|-heal|p2a: Cinderace|100\/100|[from] move: Wish|[wisher] Scream Tail\n|-heal|p1a: Corviknight|93\/100|[from] item: Leftovers\n|upkeep\n|turn|13\n|\n|t:|1700045214\n|switch|p1a: Mandibuzz|Mandibuzz, F|89\/100\n|move|p2a: Cinderace|Will-O-Wisp|p1a: Mandibuzz\n|-status|p1a: Mandibuzz|brn\n|\n|-damage|p1a: Mandibuzz|83\/100 brn|[from] brn\n|upkeep\n|turn|14\n|\n|t:|1700045219\n|move|p2a: Cinderace|U-turn|p1a: Mandibuzz\n|-damage|p1a: Mandibuzz|73\/100 brn\n|\n|t:|1700045222\n|switch|p2a: Scream Tail|Scream Tail|64\/100 psn|[from] U-turn\n|move|p1a: Mandibuzz|U-turn|p2a: Scream Tail\n|-damage|p2a: Scream Tail|59\/100 psn\n|\n|t:|1700045241\n|switch|p1a: Sneasler|Sneasler, M|100\/100|[from] U-turn\n|\n|-damage|p2a: Scream Tail|47\/100 psn|[from] psn\n|upkeep\n|turn|15\n|inactive|simplegent has 120 seconds left.\n|\n|t:|1700045290\n|move|p2a: Scream Tail|Protect|p2a: Scream Tail\n|-singleturn|p2a: Scream Tail|Protect\n|move|p1a: Sneasler|Dire Claw|p2a: Scream Tail\n|-activate|p2a: Scream Tail|move: Protect\n|\n|-damage|p2a: Scream Tail|34\/100 psn|[from] psn\n|upkeep\n|turn|16\n|inactive|simplegent has 90 seconds left.\n|\n|t:|1700045314\n|switch|p1a: Samurott|Samurott-Hisui, F|100\/100\n|-end|p2a: Scream Tail|Protosynthesis|[silent]\n|switch|p2a: Kingambit|Kingambit, F|74\/100\n|\n|-heal|p2a: Kingambit|80\/100|[from] item: Leftovers\n|upkeep\n|turn|17\n|inactive|simplegent has 90 seconds left.\n|\n|t:|1700045325\n|-end|p2a: Kingambit|fallenundefined|[silent]\n|switch|p2a: Scream Tail|Scream Tail|34\/100 psn\n|move|p1a: Samurott|Flip Turn|p2a: Scream Tail\n|-damage|p2a: Scream Tail|12\/100 psn\n|inactive|simplegent has 90 seconds left.\n|\n|t:|1700045330\n|switch|p1a: Sneasler|Sneasler, M|100\/100|[from] Flip Turn\n|\n|-damage|p2a: Scream Tail|0 fnt|[from] psn\n|faint|p2a: Scream Tail\n|-end|p2a: Scream Tail|Protosynthesis|[silent]\n|upkeep\n|\n|t:|1700045344\n|switch|p2a: Landorus|Landorus-Therian, M|100\/100\n|-ability|p2a: Landorus|Intimidate|boost\n|-unboost|p1a: Sneasler|atk|1\n|turn|18\n|\n|t:|1700045348\n|move|p1a: Sneasler|U-turn|p2a: Landorus\n|-resisted|p2a: Landorus\n|-damage|p2a: Landorus|93\/100\n|\n|t:|1700045354\n|switch|p1a: Mandibuzz|Mandibuzz, F|73\/100 brn|[from] U-turn\n|move|p2a: Landorus|Stealth Rock|p1a: Mandibuzz\n|-sidestart|p1: simplegent|move: Stealth Rock\n|\n|-heal|p2a: Landorus|99\/100|[from] item: Leftovers\n|-damage|p1a: Mandibuzz|66\/100 brn|[from] brn\n|upkeep\n|turn|19\n|\n|t:|1700045360\n|move|p2a: Landorus|U-turn|p1a: Mandibuzz\n|-damage|p1a: Mandibuzz|55\/100 brn\n|\n|t:|1700045362\n|switch|p2a: Kingambit|Kingambit, F|80\/100|[from] U-turn\n|-activate|p2a: Kingambit|ability: Supreme Overlord\n|-start|p2a: Kingambit|fallen1|[silent]\n|move|p1a: Mandibuzz|Defog|p2a: Kingambit\n|-unboost|p2a: Kingambit|evasion|1\n|-sideend|p1: simplegent|Stealth Rock|[from] move: Defog|[of] p1a: Mandibuzz\n|\n|-heal|p2a: Kingambit|86\/100|[from] item: Leftovers\n|-damage|p1a: Mandibuzz|49\/100 brn|[from] brn\n|upkeep\n|turn|20\n|\n|t:|1700045376\n|move|p1a: Mandibuzz|Roost|p1a: Mandibuzz\n|-heal|p1a: Mandibuzz|99\/100 brn\n|-singleturn|p1a: Mandibuzz|move: Roost\n|move|p2a: Kingambit|Kowtow Cleave|p1a: Mandibuzz\n|-resisted|p1a: Mandibuzz\n|-damage|p1a: Mandibuzz|84\/100 brn\n|\n|-heal|p2a: Kingambit|92\/100|[from] item: Leftovers\n|-damage|p1a: Mandibuzz|78\/100 brn|[from] brn\n|upkeep\n|turn|21\n|\n|t:|1700045381\n|move|p1a: Mandibuzz|U-turn|p2a: Kingambit\n|-damage|p2a: Kingambit|88\/100\n|\n|t:|1700045388\n|switch|p1a: Samurott|Samurott-Hisui, F|100\/100|[from] U-turn\n|move|p2a: Kingambit|Iron Head|p1a: Samurott\n|-resisted|p1a: Samurott\n|-damage|p1a: Samurott|66\/100\n|\n|-heal|p2a: Kingambit|94\/100|[from] item: Leftovers\n|upkeep\n|turn|22\n|\n|t:|1700045402\n|-end|p2a: Kingambit|fallen1|[silent]\n|switch|p2a: Landorus|Landorus-Therian, M|99\/100\n|-ability|p2a: Landorus|Intimidate|boost\n|-unboost|p1a: Samurott|atk|1\n|move|p1a: Samurott|Knock Off|p2a: Landorus\n|-damage|p2a: Landorus|73\/100\n|-enditem|p2a: Landorus|Leftovers|[from] move: Knock Off|[of] p1a: Samurott\n|\n|upkeep\n|turn|23\n|\n|t:|1700045409\n|switch|p1a: Mandibuzz|Mandibuzz, F|78\/100 brn\n|move|p2a: Landorus|U-turn|p1a: Mandibuzz\n|-damage|p1a: Mandibuzz|66\/100 brn\n|\n|t:|1700045419\n|switch|p2a: Kingambit|Kingambit, F|94\/100|[from] U-turn\n|-activate|p2a: Kingambit|ability: Supreme Overlord\n|-start|p2a: Kingambit|fallen1|[silent]\n|\n|-heal|p2a: Kingambit|99\/100|[from] item: Leftovers\n|-damage|p1a: Mandibuzz|60\/100 brn|[from] brn\n|upkeep\n|turn|24\n|\n|t:|1700045427\n|move|p1a: Mandibuzz|U-turn|p2a: Kingambit\n|-damage|p2a: Kingambit|96\/100\n|\n|t:|1700045437\n|switch|p1a: Samurott|Samurott-Hisui, F|66\/100|[from] U-turn\n|move|p2a: Kingambit|Swords Dance|p2a: Kingambit\n|-boost|p2a: Kingambit|atk|2\n|\n|-heal|p2a: Kingambit|100\/100|[from] item: Leftovers\n|upkeep\n|turn|25\n|\n|t:|1700045448\n|-end|p2a: Kingambit|fallen1|[silent]\n|switch|p2a: Landorus|Landorus-Therian, M|73\/100\n|-ability|p2a: Landorus|Intimidate|boost\n|-unboost|p1a: Samurott|atk|1\n|move|p1a: Samurott|Ceaseless Edge|p2a: Landorus|[miss]\n|-miss|p1a: Samurott|p2a: Landorus\n|\n|upkeep\n|turn|26\n|\n|t:|1700045458\n|move|p1a: Samurott|Flip Turn|p2a: Landorus\n|-supereffective|p2a: Landorus\n|-damage|p2a: Landorus|39\/100\n|\n|t:|1700045468\n|switch|p1a: Corviknight|Corviknight, F|93\/100|[from] Flip Turn\n|-ability|p1a: Corviknight|Pressure\n|move|p2a: Landorus|U-turn|p1a: Corviknight\n|-resisted|p1a: Corviknight\n|-damage|p1a: Corviknight|89\/100\n|\n|t:|1700045473\n|switch|p2a: Cinderace|Cinderace, F|100\/100|[from] U-turn\n|\n|-heal|p1a: Corviknight|95\/100|[from] item: Leftovers\n|upkeep\n|turn|27\n|\n|t:|1700045476\n|switch|p1a: Mandibuzz|Mandibuzz, F|60\/100 brn\n|move|p2a: Cinderace|Pyro Ball|p1a: Mandibuzz\n|-damage|p1a: Mandibuzz|33\/100 brn\n|\n|-damage|p1a: Mandibuzz|27\/100 brn|[from] brn\n|upkeep\n|turn|28\n|\n|t:|1700045489\n|move|p2a: Cinderace|Pyro Ball|p1a: Mandibuzz\n|-damage|p1a: Mandibuzz|1\/100 brn\n|move|p1a: Mandibuzz|Roost|p1a: Mandibuzz\n|-heal|p1a: Mandibuzz|51\/100 brn\n|-singleturn|p1a: Mandibuzz|move: Roost\n|\n|-damage|p1a: Mandibuzz|45\/100 brn|[from] brn\n|upkeep\n|turn|29\n|\n|t:|1700045494\n|move|p2a: Cinderace|U-turn|p1a: Mandibuzz\n|-damage|p1a: Mandibuzz|34\/100 brn\n|\n|t:|1700045497\n|switch|p2a: Kingambit|Kingambit, F|100\/100|[from] U-turn\n|-activate|p2a: Kingambit|ability: Supreme Overlord\n|-start|p2a: Kingambit|fallen1|[silent]\n|move|p1a: Mandibuzz|Roost|p1a: Mandibuzz\n|-heal|p1a: Mandibuzz|84\/100 brn\n|-singleturn|p1a: Mandibuzz|move: Roost\n|\n|-damage|p1a: Mandibuzz|78\/100 brn|[from] brn\n|upkeep\n|turn|30\n|\n|t:|1700045502\n|move|p1a: Mandibuzz|Foul Play|p2a: Kingambit\n|-resisted|p2a: Kingambit\n|-damage|p2a: Kingambit|90\/100\n|move|p2a: Kingambit|Swords Dance|p2a: Kingambit\n|-boost|p2a: Kingambit|atk|2\n|\n|-heal|p2a: Kingambit|96\/100|[from] item: Leftovers\n|-damage|p1a: Mandibuzz|71\/100 brn|[from] brn\n|upkeep\n|turn|31\n|\n|t:|1700045507\n|move|p1a: Mandibuzz|Foul Play|p2a: Kingambit\n|-resisted|p2a: Kingambit\n|-damage|p2a: Kingambit|74\/100\n|move|p2a: Kingambit|Iron Head|p1a: Mandibuzz\n|-damage|p1a: Mandibuzz|14\/100 brn\n|\n|-heal|p2a: Kingambit|80\/100|[from] item: Leftovers\n|-damage|p1a: Mandibuzz|8\/100 brn|[from] brn\n|upkeep\n|turn|32\n|\n|t:|1700045511\n|move|p1a: Mandibuzz|Roost|p1a: Mandibuzz\n|-heal|p1a: Mandibuzz|58\/100 brn\n|-singleturn|p1a: Mandibuzz|move: Roost\n|move|p2a: Kingambit|Iron Head|p1a: Mandibuzz\n|-damage|p1a: Mandibuzz|3\/100 brn\n|\n|-heal|p2a: Kingambit|86\/100|[from] item: Leftovers\n|-damage|p1a: Mandibuzz|0 fnt|[from] brn\n|faint|p1a: Mandibuzz\n|upkeep\n|\n|t:|1700045514\n|switch|p1a: Sneasler|Sneasler, M|100\/100\n|turn|33\n|\n|t:|1700045532\n|-end|p2a: Kingambit|fallen1|[silent]\n|switch|p2a: Landorus|Landorus-Therian, M|39\/100\n|-ability|p2a: Landorus|Intimidate|boost\n|-unboost|p1a: Sneasler|atk|1\n|move|p1a: Sneasler|Close Combat|p2a: Landorus\n|-resisted|p2a: Landorus\n|-damage|p2a: Landorus|20\/100\n|-unboost|p1a: Sneasler|def|1\n|-unboost|p1a: Sneasler|spd|1\n|-status|p2a: Landorus|psn|[from] ability: Poison Touch|[of] p1a: Sneasler\n|\n|-damage|p2a: Landorus|8\/100 psn|[from] psn\n|upkeep\n|turn|34\n|\n|t:|1700045537\n|switch|p1a: Corviknight|Corviknight, F|95\/100\n|-ability|p1a: Corviknight|Pressure\n|move|p2a: Landorus|Earth Power|p1a: Corviknight\n|-immune|p1a: Corviknight\n|\n|-heal|p1a: Corviknight|100\/100|[from] item: Leftovers\n|-damage|p2a: Landorus|0 fnt|[from] psn\n|faint|p2a: Landorus\n|upkeep\n|\n|t:|1700045539\n|switch|p2a: Cinderace|Cinderace, F|100\/100\n|turn|35\n|\n|t:|1700045544\n|switch|p1a: Samurott|Samurott-Hisui, F|66\/100\n|move|p2a: Cinderace|Will-O-Wisp|p1a: Samurott\n|-status|p1a: Samurott|brn\n|\n|-damage|p1a: Samurott|59\/100 brn|[from] brn\n|upkeep\n|turn|36\n|\n|t:|1700045551\n|move|p2a: Cinderace|U-turn|p1a: Samurott\n|-supereffective|p1a: Samurott\n|-crit|p1a: Samurott\n|-damage|p1a: Samurott|0 fnt\n|faint|p1a: Samurott\n|\n|t:|1700045557\n|switch|p2a: Kingambit|Kingambit, F|86\/100|[from] U-turn\n|-activate|p2a: Kingambit|ability: Supreme Overlord\n|-start|p2a: Kingambit|fallen2|[silent]\n|\n|-heal|p2a: Kingambit|92\/100|[from] item: Leftovers\n|upkeep\n|l| Ctannn\n|\n|t:|1700045570\n|switch|p1a: Sneasler|Sneasler, M|100\/100\n|turn|37\n|\n|t:|1700045575\n|-end|p2a: Kingambit|fallen2|[silent]\n|switch|p2a: Slowking|Slowking-Galar, F|100\/100\n|move|p1a: Sneasler|Switcheroo|p2a: Slowking\n|-activate|p1a: Sneasler|move: Trick|[of] p2a: Slowking\n|-item|p2a: Slowking|Choice Scarf|[from] move: Switcheroo\n|-item|p1a: Sneasler|Assault Vest|[from] move: Switcheroo\n|\n|upkeep\n|turn|38\n|\n|t:|1700045582\n|move|p1a: Sneasler|U-turn|p2a: Slowking\n|-damage|p2a: Slowking|74\/100\n|\n|t:|1700045585\n|switch|p1a: Corviknight|Corviknight, F|100\/100|[from] U-turn\n|-ability|p1a: Corviknight|Pressure\n|move|p2a: Slowking|Future Sight|p1a: Corviknight\n|-start|p2a: Slowking|move: Future Sight\n|\n|upkeep\n|turn|39\n|\n|t:|1700045606\n|switch|p1a: Dragapult|Dragapult, M|100\/100\n|switch|p2a: Cinderace|Cinderace, F|100\/100\n|\n|upkeep\n|turn|40\n|\n|t:|1700045616\n|switch|p2a: Slowking|Slowking-Galar, F|100\/100\n|move|p1a: Dragapult|Will-O-Wisp|p2a: Slowking|[miss]\n|-miss|p1a: Dragapult|p2a: Slowking\n|\n|-end|p1a: Dragapult|move: Future Sight\n|-damage|p1a: Dragapult|35\/100\n|upkeep\n|turn|41\n|\n|t:|1700045627\n|switch|p1a: Corviknight|Corviknight, F|100\/100\n|-ability|p1a: Corviknight|Pressure\n|move|p2a: Slowking|Flamethrower|p1a: Corviknight\n|-supereffective|p1a: Corviknight\n|-damage|p1a: Corviknight|64\/100\n|\n|-heal|p1a: Corviknight|70\/100|[from] item: Leftovers\n|upkeep\n|turn|42\n|\n|t:|1700045632\n|move|p1a: Corviknight|Substitute|p1a: Corviknight\n|-start|p1a: Corviknight|Substitute\n|-damage|p1a: Corviknight|46\/100\n|move|p2a: Slowking|Flamethrower|p1a: Corviknight\n|-supereffective|p1a: Corviknight\n|-end|p1a: Corviknight|Substitute\n|\n|-heal|p1a: Corviknight|52\/100|[from] item: Leftovers\n|upkeep\n|turn|43\n|\n|t:|1700045634\n|move|p1a: Corviknight|Roost|p1a: Corviknight\n|-heal|p1a: Corviknight|100\/100\n|-singleturn|p1a: Corviknight|move: Roost\n|move|p2a: Slowking|Flamethrower|p1a: Corviknight\n|-supereffective|p1a: Corviknight\n|-damage|p1a: Corviknight|67\/100\n|-status|p1a: Corviknight|brn\n|\n|-heal|p1a: Corviknight|73\/100 brn|[from] item: Leftovers\n|-damage|p1a: Corviknight|67\/100 brn|[from] brn\n|upkeep\n|turn|44\n|-message|simplegent forfeited.\n|\n|win|Pytrax\n|raw|simplegent's rating: 1674 &rarr; <strong>1653<\/strong><br \/>(-21 for losing)\n|raw|Pytrax's rating: 1654 &rarr; <strong>1675<\/strong><br \/>(+21 for winning)\n|l|\u2606simplegent\n|l|\u2606Pytrax\n","uploadtime":1700045712,"views":8,"p1id":"simplegent","p2id":"pytrax","formatid":"gen9ou","rating":1653,"private":0,"password":""}