{"id":"gen9ou-1995123264","p1":"Sarit56","p2":"sorryforbeingfat","format":"[Gen 9] OU","log":"|j|\u2606Sarit56\n|j|\u2606sorryforbeingfat\n|t:|1700525130\n|gametype|singles\n|player|p1|Sarit56|n|1231\n|player|p2|sorryforbeingfat|raifort|1140\n|teamsize|p1|6\n|teamsize|p2|6\n|gen|9\n|tier|[Gen 9] OU\n|rated|\n|rule|Sleep Clause Mod: Limit one foe put to sleep\n|rule|Species Clause: Limit one of each Pok\u00e9mon\n|rule|OHKO Clause: OHKO moves are banned\n|rule|Evasion Items Clause: Evasion items are banned\n|rule|Evasion Moves Clause: Evasion moves are banned\n|rule|Endless Battle Clause: Forcing endless battles is banned\n|rule|HP Percentage Mod: HP is shown in percentages\n|clearpoke\n|poke|p1|Farigiraf, F|\n|poke|p1|Iron Valiant|\n|poke|p1|Zapdos|\n|poke|p1|Great Tusk|\n|poke|p1|Pelipper, F|\n|poke|p1|Basculegion-F, F|\n|poke|p2|Alomomola, F|\n|poke|p2|Thundurus-Therian, M|\n|poke|p2|Cinderace, F|\n|poke|p2|Slowking-Galar, F|\n|poke|p2|Kingambit, F|\n|poke|p2|Great Tusk|\n|teampreview\n|inactive|Battle timer is ON: inactive players will automatically lose when time's up. (requested by sorryforbeingfat)\n|\n|t:|1700525141\n|start\n|switch|p1a: Pelipper|Pelipper, F|100\/100\n|switch|p2a: Skibidi|Cinderace, F|100\/100\n|-weather|RainDance|[from] ability: Drizzle|[of] p1a: Pelipper\n|turn|1\n|\n|t:|1700525148\n|move|p2a: Skibidi|U-turn|p1a: Pelipper\n|-start|p2a: Skibidi|typechange|Bug|[from] ability: Libero\n|-resisted|p1a: Pelipper\n|-damage|p1a: Pelipper|84\/100\n|\n|t:|1700525154\n|switch|p2a: fanum tax|Slowking-Galar, F|100\/100|[from] U-turn\n|move|p1a: Pelipper|Chilling Water|p2a: fanum tax\n|-damage|p2a: fanum tax|86\/100\n|-unboost|p2a: fanum tax|atk|1\n|\n|-weather|RainDance|[upkeep]\n|upkeep\n|turn|2\n|\n|t:|1700525162\n|move|p1a: Pelipper|Knock Off|p2a: fanum tax\n|-supereffective|p2a: fanum tax\n|-damage|p2a: fanum tax|58\/100\n|-enditem|p2a: fanum tax|Heavy-Duty Boots|[from] move: Knock Off|[of] p1a: Pelipper\n|move|p2a: fanum tax|Chilly Reception|p2a: fanum tax\n|-weather|Snow\n|\n|t:|1700525167\n|switch|p2a: Rizzler|Thundurus-Therian, M|100\/100|[from] Chilly Reception\n|\n|-weather|Snow|[upkeep]\n|upkeep\n|turn|3\n|\n|t:|1700525175\n|switch|p1a: Great Tusk|Great Tusk|100\/100\n|move|p2a: Rizzler|Grass Knot|p1a: Great Tusk\n|-supereffective|p1a: Great Tusk\n|-damage|p1a: Great Tusk|0 fnt\n|faint|p1a: Great Tusk\n|-end|p1a: Great Tusk|Protosynthesis|[silent]\n|\n|-weather|Snow|[upkeep]\n|upkeep\n|\n|t:|1700525185\n|switch|p1a: Pelipper|Pelipper, F|84\/100\n|-weather|RainDance|[from] ability: Drizzle|[of] p1a: Pelipper\n|turn|4\n|\n|t:|1700525200\n|switch|p2a: fanum tax|Slowking-Galar, F|91\/100\n|-terastallize|p1a: Pelipper|Ground\n|move|p1a: Pelipper|Chilling Water|p2a: fanum tax\n|-damage|p2a: fanum tax|76\/100\n|-unboost|p2a: fanum tax|atk|1\n|\n|-weather|RainDance|[upkeep]\n|upkeep\n|turn|5\n|\n|t:|1700525222\n|switch|p1a: Iron Valiant|Iron Valiant|100\/100\n|-enditem|p1a: Iron Valiant|Booster Energy\n|-activate|p1a: Iron Valiant|ability: Quark Drive|[fromitem]\n|-start|p1a: Iron Valiant|quarkdrivespe\n|move|p2a: fanum tax|Chilly Reception|p2a: fanum tax\n|-weather|Snow\n|\n|t:|1700525237\n|switch|p2a: Sigma|Kingambit, F|100\/100|[from] Chilly Reception\n|\n|-weather|Snow|[upkeep]\n|upkeep\n|turn|6\n|\n|t:|1700525242\n|-end|p2a: Sigma|fallenundefined|[silent]\n|switch|p2a: GYATT|Alomomola, F|100\/100\n|move|p1a: Iron Valiant|Close Combat|p2a: GYATT\n|-crit|p2a: GYATT\n|-damage|p2a: GYATT|44\/100\n|-unboost|p1a: Iron Valiant|def|1\n|-unboost|p1a: Iron Valiant|spd|1\n|-enditem|p2a: GYATT|Red Card|[of] p1a: Iron Valiant\n|-end|p1a: Iron Valiant|Quark Drive|[silent]\n|drag|p1a: Basculegion|Basculegion-F, F|100\/100\n|\n|-weather|Snow|[upkeep]\n|upkeep\n|turn|7\n|\n|t:|1700525257\n|switch|p2a: Rizzler|Thundurus-Therian, M|100\/100\n|move|p1a: Basculegion|Shadow Ball|p2a: Rizzler\n|-damage|p2a: Rizzler|16\/100\n|\n|-weather|Snow|[upkeep]\n|upkeep\n|turn|8\n|\n|t:|1700525264\n|switch|p1a: Pelipper|Pelipper, F, tera:Ground|84\/100\n|-weather|RainDance|[from] ability: Drizzle|[of] p1a: Pelipper\n|move|p2a: Rizzler|Volt Switch|p1a: Pelipper\n|-immune|p1a: Pelipper\n|\n|-weather|RainDance|[upkeep]\n|upkeep\n|turn|9\n|\n|t:|1700525272\n|switch|p2a: fanum tax|Slowking-Galar, F|100\/100\n|move|p1a: Pelipper|Chilling Water|p2a: fanum tax\n|-damage|p2a: fanum tax|85\/100\n|-unboost|p2a: fanum tax|atk|1\n|\n|-weather|RainDance|[upkeep]\n|upkeep\n|turn|10\n|\n|t:|1700525286\n|switch|p1a: Basculegion|Basculegion-F, F|100\/100\n|move|p2a: fanum tax|Ice Beam|p1a: Basculegion\n|-resisted|p1a: Basculegion\n|-damage|p1a: Basculegion|88\/100\n|\n|-weather|RainDance|[upkeep]\n|upkeep\n|turn|11\n|\n|t:|1700525301\n|move|p1a: Basculegion|Surf|p2a: fanum tax\n|-damage|p2a: fanum tax|27\/100\n|move|p2a: fanum tax|Chilly Reception|p2a: fanum tax\n|-weather|Snow\n|inactive|sorryforbeingfat has 120 seconds left.\n|\n|t:|1700525337\n|switch|p2a: Rizzler|Thundurus-Therian, M|16\/100|[from] Chilly Reception\n|\n|-weather|Snow|[upkeep]\n|upkeep\n|turn|12\n|inactive|sorryforbeingfat has 120 seconds left.\n|\n|t:|1700525342\n|switch|p1a: Pelipper|Pelipper, F, tera:Ground|84\/100\n|-weather|RainDance|[from] ability: Drizzle|[of] p1a: Pelipper\n|move|p2a: Rizzler|Volt Switch|p1a: Pelipper\n|-immune|p1a: Pelipper\n|\n|-weather|RainDance|[upkeep]\n|upkeep\n|turn|13\n|\n|t:|1700525350\n|switch|p2a: GYATT|Alomomola, F|78\/100\n|move|p1a: Pelipper|Knock Off|p2a: GYATT\n|-damage|p2a: GYATT|72\/100\n|\n|-weather|RainDance|[upkeep]\n|upkeep\n|turn|14\n|\n|t:|1700525358\n|switch|p1a: Zapdos|Zapdos|100\/100\n|move|p2a: GYATT|Scald|p1a: Zapdos\n|-damage|p1a: Zapdos|75\/100\n|\n|-weather|RainDance|[upkeep]\n|upkeep\n|turn|15\n|\n|t:|1700525368\n|move|p1a: Zapdos|Volt Switch|p2a: GYATT\n|-supereffective|p2a: GYATT\n|-damage|p2a: GYATT|12\/100\n|\n|t:|1700525373\n|switch|p1a: Basculegion|Basculegion-F, F|88\/100|[from] Volt Switch\n|move|p2a: GYATT|Wish|p2a: GYATT\n|\n|-weather|RainDance|[upkeep]\n|upkeep\n|turn|16\n|\n|t:|1700525378\n|switch|p2a: fanum tax|Slowking-Galar, F|60\/100\n|move|p1a: Basculegion|Shadow Ball|p2a: fanum tax\n|-supereffective|p2a: fanum tax\n|-damage|p2a: fanum tax|0 fnt\n|faint|p2a: fanum tax\n|\n|-weather|RainDance|[upkeep]\n|upkeep\n|\n|t:|1700525389\n|switch|p2a: Sigma|Kingambit, F|100\/100\n|-activate|p2a: Sigma|ability: Supreme Overlord\n|-start|p2a: Sigma|fallen1|[silent]\n|turn|17\n|\n|t:|1700525404\n|switch|p1a: Iron Valiant|Iron Valiant|100\/100\n|move|p2a: Sigma|Swords Dance|p2a: Sigma\n|-boost|p2a: Sigma|atk|2\n|\n|-weather|RainDance|[upkeep]\n|upkeep\n|turn|18\n|\n|t:|1700525412\n|-terastallize|p2a: Sigma|Flying\n|move|p2a: Sigma|Sucker Punch|p1a: Iron Valiant\n|-resisted|p1a: Iron Valiant\n|-damage|p1a: Iron Valiant|69\/100\n|move|p1a: Iron Valiant|Close Combat|p2a: Sigma\n|-resisted|p2a: Sigma\n|-damage|p2a: Sigma|78\/100\n|-unboost|p1a: Iron Valiant|def|1\n|-unboost|p1a: Iron Valiant|spd|1\n|\n|-weather|RainDance|[upkeep]\n|-heal|p2a: Sigma|85\/100|[from] item: Leftovers\n|upkeep\n|turn|19\n|\n|t:|1700525427\n|move|p1a: Iron Valiant|Spirit Break|p2a: Sigma\n|-damage|p2a: Sigma|55\/100\n|-unboost|p2a: Sigma|spa|1\n|move|p2a: Sigma|Iron Head|p1a: Iron Valiant\n|-supereffective|p1a: Iron Valiant\n|-damage|p1a: Iron Valiant|0 fnt\n|faint|p1a: Iron Valiant\n|-end|p1a: Iron Valiant|Quark Drive|[silent]\n|\n|-weather|none\n|-heal|p2a: Sigma|61\/100|[from] item: Leftovers\n|upkeep\n|inactive|Sarit56 has 120 seconds left.\n|\n|t:|1700525454\n|switch|p1a: Farigiraf|Farigiraf, F|100\/100\n|turn|20\n|\n|t:|1700525470\n|move|p2a: Sigma|Sucker Punch||[still]\n|-fail|p2a: Sigma\n|move|p1a: Farigiraf|Agility|p1a: Farigiraf\n|-boost|p1a: Farigiraf|spe|2\n|\n|-heal|p2a: Sigma|68\/100|[from] item: Leftovers\n|upkeep\n|turn|21\n|\n|t:|1700525477\n|move|p2a: Sigma|Sucker Punch||[still]\n|-fail|p2a: Sigma\n|move|p1a: Farigiraf|Agility|p1a: Farigiraf\n|-boost|p1a: Farigiraf|spe|2\n|\n|-heal|p2a: Sigma|74\/100|[from] item: Leftovers\n|upkeep\n|turn|22\n|\n|t:|1700525486\n|move|p2a: Sigma|Sucker Punch|p1a: Farigiraf\n|-supereffective|p1a: Farigiraf\n|-damage|p1a: Farigiraf|0 fnt\n|faint|p1a: Farigiraf\n|\n|-heal|p2a: Sigma|80\/100|[from] item: Leftovers\n|upkeep\n|c|\u2606sorryforbeingfat|:)\n|\n|t:|1700525493\n|switch|p1a: Pelipper|Pelipper, F, tera:Ground|84\/100\n|-weather|RainDance|[from] ability: Drizzle|[of] p1a: Pelipper\n|turn|23\n|\n|t:|1700525501\n|move|p1a: Pelipper|Knock Off|p2a: Sigma\n|-damage|p2a: Sigma|70\/100\n|-enditem|p2a: Sigma|Leftovers|[from] move: Knock Off|[of] p1a: Pelipper\n|move|p2a: Sigma|Kowtow Cleave|p1a: Pelipper\n|-damage|p1a: Pelipper|0 fnt\n|faint|p1a: Pelipper\n|\n|-weather|RainDance|[upkeep]\n|upkeep\n|\n|t:|1700525508\n|switch|p1a: Basculegion|Basculegion-F, F|88\/100\n|turn|24\n|\n|t:|1700525512\n|move|p2a: Sigma|Sucker Punch|p1a: Basculegion\n|-supereffective|p1a: Basculegion\n|-damage|p1a: Basculegion|0 fnt\n|faint|p1a: Basculegion\n|\n|-weather|RainDance|[upkeep]\n|upkeep\n|\n|t:|1700525518\n|switch|p1a: Zapdos|Zapdos|75\/100\n|turn|25\n|\n|t:|1700525524\n|move|p2a: Sigma|Sucker Punch|p1a: Zapdos\n|-damage|p1a: Zapdos|0 fnt\n|-status|p2a: Sigma|par|[from] ability: Static|[of] p1a: Zapdos\n|faint|p1a: Zapdos\n|\n|win|sorryforbeingfat\n|raw|Sarit56's rating: 1231 &rarr; <strong>1200<\/strong><br \/>(-31 for losing)\n|raw|sorryforbeingfat's rating: 1140 &rarr; <strong>1171<\/strong><br \/>(+31 for winning)\n|l|\u2606Sarit56\n","uploadtime":1700525544,"views":5,"p1id":"sarit56","p2id":"sorryforbeingfat","formatid":"gen9ou","rating":1171,"private":0,"password":""}