{"id":"gen9ou-1993952149","p1":"Audio Peel","p2":"GengartoOU","format":"[Gen 9] OU","log":"|j|\u2606Audio Peel\n|j|\u2606GengartoOU\n|t:|1700381635\n|gametype|singles\n|player|p1|Audio Peel|102|1687\n|player|p2|GengartoOU|1|1612\n|teamsize|p1|6\n|teamsize|p2|6\n|gen|9\n|tier|[Gen 9] OU\n|rated|\n|rule|Sleep Clause Mod: Limit one foe put to sleep\n|rule|Species Clause: Limit one of each Pok\u00e9mon\n|rule|OHKO Clause: OHKO moves are banned\n|rule|Evasion Items Clause: Evasion items are banned\n|rule|Evasion Moves Clause: Evasion moves are banned\n|rule|Endless Battle Clause: Forcing endless battles is banned\n|rule|HP Percentage Mod: HP is shown in percentages\n|clearpoke\n|poke|p1|Garganacl, M|\n|poke|p1|Corviknight, M|\n|poke|p1|Kingambit, F|\n|poke|p1|Zamazenta-*|\n|poke|p1|Clefable, F|\n|poke|p1|Dragapult, F|\n|poke|p2|Glimmora, M|\n|poke|p2|Greninja-*, M|\n|poke|p2|Sneasler, M|\n|poke|p2|Ogerpon-Wellspring, F|\n|poke|p2|Kingambit, F|\n|poke|p2|Great Tusk|\n|teampreview\n|inactive|Battle timer is ON: inactive players will automatically lose when time's up. (requested by GengartoOU)\n|\n|t:|1700381645\n|start\n|switch|p1a: Zamazenta|Zamazenta|100\/100\n|switch|p2a: AD (hurt)|Glimmora, M|100\/100\n|-ability|p1a: Zamazenta|Dauntless Shield|boost\n|-boost|p1a: Zamazenta|def|1\n|turn|1\n|\n|t:|1700381648\n|move|p1a: Zamazenta|Substitute|p1a: Zamazenta\n|-start|p1a: Zamazenta|Substitute\n|-damage|p1a: Zamazenta|76\/100\n|move|p2a: AD (hurt)|Stealth Rock|p1a: Zamazenta\n|-sidestart|p1: Audio Peel|move: Stealth Rock\n|\n|-heal|p1a: Zamazenta|82\/100|[from] item: Leftovers\n|upkeep\n|turn|2\n|\n|t:|1700381653\n|move|p1a: Zamazenta|Iron Defense|p1a: Zamazenta\n|-boost|p1a: Zamazenta|def|2\n|move|p2a: AD (hurt)|Earth Power|p1a: Zamazenta\n|-end|p1a: Zamazenta|Substitute\n|\n|-heal|p1a: Zamazenta|88\/100|[from] item: Leftovers\n|upkeep\n|turn|3\n|\n|t:|1700381658\n|move|p1a: Zamazenta|Substitute|p1a: Zamazenta\n|-start|p1a: Zamazenta|Substitute\n|-damage|p1a: Zamazenta|63\/100\n|move|p2a: AD (hurt)|Earth Power|p1a: Zamazenta\n|-activate|p1a: Zamazenta|move: Substitute|[damage]\n|\n|-heal|p1a: Zamazenta|69\/100|[from] item: Leftovers\n|upkeep\n|turn|4\n|\n|t:|1700381664\n|move|p1a: Zamazenta|Iron Defense|p1a: Zamazenta\n|-boost|p1a: Zamazenta|def|2\n|move|p2a: AD (hurt)|Earth Power|p1a: Zamazenta\n|-end|p1a: Zamazenta|Substitute\n|\n|-heal|p1a: Zamazenta|76\/100|[from] item: Leftovers\n|upkeep\n|turn|5\n|\n|t:|1700381671\n|move|p1a: Zamazenta|Body Press|p2a: AD (hurt)\n|-enditem|p2a: AD (hurt)|Focus Sash\n|-damage|p2a: AD (hurt)|1\/100\n|-activate|p2a: AD (hurt)|ability: Toxic Debris\n|-sidestart|p1: Audio Peel|move: Toxic Spikes\n|move|p2a: AD (hurt)|Earth Power|p1a: Zamazenta\n|-damage|p1a: Zamazenta|50\/100\n|\n|-heal|p1a: Zamazenta|56\/100|[from] item: Leftovers\n|upkeep\n|turn|6\n|\n|t:|1700381677\n|move|p1a: Zamazenta|Body Press|p2a: AD (hurt)\n|-damage|p2a: AD (hurt)|0 fnt\n|-activate|p2a: AD (hurt)|ability: Toxic Debris\n|-sidestart|p1: Audio Peel|move: Toxic Spikes\n|faint|p2a: AD (hurt)\n|\n|-heal|p1a: Zamazenta|62\/100|[from] item: Leftovers\n|upkeep\n|\n|t:|1700381679\n|switch|p2a: Curry|Sneasler, M|100\/100\n|turn|7\n|\n|t:|1700381686\n|move|p2a: Curry|Fake Out|p1a: Zamazenta\n|-damage|p1a: Zamazenta|59\/100\n|cant|p1a: Zamazenta|flinch\n|\n|-heal|p1a: Zamazenta|65\/100|[from] item: Leftovers\n|upkeep\n|turn|8\n|\n|t:|1700381689\n|move|p1a: Zamazenta|Substitute|p1a: Zamazenta\n|-start|p1a: Zamazenta|Substitute\n|-damage|p1a: Zamazenta|40\/100\n|move|p2a: Curry|Dire Claw|p1a: Zamazenta\n|-activate|p1a: Zamazenta|move: Substitute|[damage]\n|\n|-heal|p1a: Zamazenta|46\/100|[from] item: Leftovers\n|upkeep\n|turn|9\n|\n|t:|1700381694\n|move|p1a: Zamazenta|Body Press|p2a: Curry\n|-resisted|p2a: Curry\n|-damage|p2a: Curry|3\/100\n|move|p2a: Curry|Close Combat|p1a: Zamazenta\n|-activate|p1a: Zamazenta|move: Substitute|[damage]\n|-unboost|p2a: Curry|def|1\n|-unboost|p2a: Curry|spd|1\n|\n|-heal|p1a: Zamazenta|52\/100|[from] item: Leftovers\n|upkeep\n|turn|10\n|\n|t:|1700381697\n|move|p1a: Zamazenta|Body Press|p2a: Curry\n|-resisted|p2a: Curry\n|-damage|p2a: Curry|0 fnt\n|faint|p2a: Curry\n|\n|-heal|p1a: Zamazenta|59\/100|[from] item: Leftovers\n|upkeep\n|\n|t:|1700381702\n|switch|p2a: Embiid|Great Tusk|100\/100\n|turn|11\n|\n|t:|1700381706\n|move|p1a: Zamazenta|Iron Defense|p1a: Zamazenta\n|-boost|p1a: Zamazenta|def|1\n|move|p2a: Embiid|Earthquake|p1a: Zamazenta\n|-end|p1a: Zamazenta|Substitute\n|\n|-heal|p1a: Zamazenta|65\/100|[from] item: Leftovers\n|upkeep\n|turn|12\n|\n|t:|1700381711\n|move|p1a: Zamazenta|Substitute|p1a: Zamazenta\n|-start|p1a: Zamazenta|Substitute\n|-damage|p1a: Zamazenta|40\/100\n|move|p2a: Embiid|Earthquake|p1a: Zamazenta\n|-activate|p1a: Zamazenta|move: Substitute|[damage]\n|\n|-heal|p1a: Zamazenta|46\/100|[from] item: Leftovers\n|upkeep\n|turn|13\n|\n|t:|1700381713\n|move|p1a: Zamazenta|Body Press|p2a: Embiid\n|-damage|p2a: Embiid|42\/100\n|move|p2a: Embiid|Earthquake|p1a: Zamazenta\n|-activate|p1a: Zamazenta|move: Substitute|[damage]\n|\n|-heal|p1a: Zamazenta|52\/100|[from] item: Leftovers\n|-heal|p2a: Embiid|49\/100|[from] item: Leftovers\n|upkeep\n|turn|14\n|\n|t:|1700381717\n|move|p1a: Zamazenta|Body Press|p2a: Embiid\n|-damage|p2a: Embiid|0 fnt\n|faint|p2a: Embiid\n|-end|p2a: Embiid|Protosynthesis|[silent]\n|\n|-heal|p1a: Zamazenta|59\/100|[from] item: Leftovers\n|upkeep\n|-message|GengartoOU forfeited.\n|\n|win|Audio Peel\n|raw|Audio Peel's rating: 1687 &rarr; <strong>1703<\/strong><br \/>(+16 for winning)\n|raw|GengartoOU's rating: 1612 &rarr; <strong>1596<\/strong><br \/>(-16 for losing)\n|l|\u2606GengartoOU\n","uploadtime":1700381724,"views":16,"p1id":"audiopeel","p2id":"gengartoou","formatid":"gen9ou","rating":1596,"private":0,"password":""}