{"id":"gen9ou-1991736874","p1":"Theruffletkid","p2":"KalosKonqueror","format":"[Gen 9] OU","log":"|j|\u2606Theruffletkid\n|j|\u203dKalosKonqueror\n|t:|1700108908\n|gametype|singles\n|player|p1|Theruffletkid|wattson|1346\n|player|p2|KalosKonqueror|iris-gen5bw2|1421\n|teamsize|p1|6\n|teamsize|p2|6\n|gen|9\n|tier|[Gen 9] OU\n|rated|\n|rule|Sleep Clause Mod: Limit one foe put to sleep\n|rule|Species Clause: Limit one of each Pok\u00e9mon\n|rule|OHKO Clause: OHKO moves are banned\n|rule|Evasion Items Clause: Evasion items are banned\n|rule|Evasion Moves Clause: Evasion moves are banned\n|rule|Endless Battle Clause: Forcing endless battles is banned\n|rule|HP Percentage Mod: HP is shown in percentages\n|clearpoke\n|poke|p1|Slowking-Galar, M|\n|poke|p1|Garganacl, M|\n|poke|p1|Sneasler, F|\n|poke|p1|Great Tusk|\n|poke|p1|Heatran, F|\n|poke|p1|Zamazenta-*|\n|poke|p2|Iron Moth|\n|poke|p2|Slowking-Galar, F|\n|poke|p2|Dragapult, F|\n|poke|p2|Great Tusk|\n|poke|p2|Cinderace, F|\n|poke|p2|Thundurus-Therian, M|\n|teampreview\n|\n|t:|1700108969\n|start\n|switch|p1a: Great Tusk|Great Tusk|100\/100\n|switch|p2a: Thundurus|Thundurus-Therian, M|100\/100\n|turn|1\n|\n|t:|1700108984\n|-end|p1a: Great Tusk|Protosynthesis|[silent]\n|switch|p1a: Slowking|Slowking-Galar, M|100\/100\n|move|p2a: Thundurus|Grass Knot|p1a: Slowking\n|-resisted|p1a: Slowking\n|-damage|p1a: Slowking|86\/100\n|\n|upkeep\n|turn|2\n|\n|t:|1700108989\n|switch|p2a: Slowking|Slowking-Galar, F|100\/100\n|move|p1a: Slowking|Future Sight|p2a: Slowking\n|-start|p1a: Slowking|move: Future Sight\n|\n|upkeep\n|turn|3\n|\n|t:|1700108993\n|move|p2a: Slowking|Future Sight|p1a: Slowking\n|-start|p2a: Slowking|move: Future Sight\n|move|p1a: Slowking|Chilly Reception|p1a: Slowking\n|-weather|Snow\n|\n|t:|1700108999\n|switch|p1a: Heatran|Heatran, F|100\/100|[from] Chilly Reception\n|\n|-weather|Snow|[upkeep]\n|upkeep\n|turn|4\n|\n|t:|1700109004\n|move|p1a: Heatran|Taunt|p2a: Slowking\n|-start|p2a: Slowking|move: Taunt\n|cant|p2a: Slowking|move: Taunt|Chilly Reception\n|\n|-weather|Snow|[upkeep]\n|-end|p2a: Slowking|move: Future Sight\n|-damage|p2a: Slowking|72\/100\n|upkeep\n|turn|5\n|\n|t:|1700109059\n|switch|p2a: Dragapult|Dragapult, F|100\/100\n|move|p1a: Heatran|Magma Storm|p2a: Dragapult\n|-resisted|p2a: Dragapult\n|-damage|p2a: Dragapult|73\/100\n|-activate|p2a: Dragapult|move: Magma Storm|[of] p1a: Heatran\n|\n|-weather|Snow|[upkeep]\n|-end|p1a: Heatran|move: Future Sight\n|-resisted|p1a: Heatran\n|-damage|p1a: Heatran|87\/100\n|-heal|p1a: Heatran|93\/100|[from] item: Leftovers\n|-damage|p2a: Dragapult|61\/100|[from] move: Magma Storm|[partiallytrapped]\n|upkeep\n|turn|6\n|\n|t:|1700109069\n|move|p2a: Dragapult|Phantom Force||[still]\n|-prepare|p2a: Dragapult|Phantom Force\n|move|p1a: Heatran|Earth Power|p2a: Dragapult|[miss]\n|-miss|p1a: Heatran|p2a: Dragapult\n|\n|-weather|Snow|[upkeep]\n|-heal|p1a: Heatran|99\/100|[from] item: Leftovers\n|-damage|p2a: Dragapult|49\/100|[from] move: Magma Storm|[partiallytrapped]\n|upkeep\n|turn|7\n|\n|t:|1700109074\n|move|p2a: Dragapult|Phantom Force|p1a: Heatran|[from]lockedmove\n|-damage|p1a: Heatran|45\/100\n|move|p1a: Heatran|Earth Power|p2a: Dragapult\n|-damage|p2a: Dragapult|11\/100\n|\n|-weather|none\n|-heal|p1a: Heatran|51\/100|[from] item: Leftovers\n|-damage|p2a: Dragapult|0 fnt|[from] move: Magma Storm|[partiallytrapped]\n|faint|p2a: Dragapult\n|upkeep\n|\n|t:|1700109078\n|switch|p2a: Great Tusk|Great Tusk|100\/100\n|turn|8\n|\n|t:|1700109087\n|switch|p1a: Great Tusk|Great Tusk|100\/100\n|move|p2a: Great Tusk|Bulk Up|p2a: Great Tusk\n|-boost|p2a: Great Tusk|atk|1\n|-boost|p2a: Great Tusk|def|1\n|\n|upkeep\n|turn|9\n|\n|t:|1700109099\n|move|p1a: Great Tusk|Ice Spinner|p2a: Great Tusk\n|-supereffective|p2a: Great Tusk\n|-damage|p2a: Great Tusk|81\/100\n|move|p2a: Great Tusk|Rapid Spin|p1a: Great Tusk\n|-damage|p1a: Great Tusk|85\/100\n|-boost|p2a: Great Tusk|spe|1\n|\n|-heal|p2a: Great Tusk|87\/100|[from] item: Leftovers\n|upkeep\n|turn|10\n|\n|t:|1700109106\n|move|p2a: Great Tusk|Bulk Up|p2a: Great Tusk\n|-boost|p2a: Great Tusk|atk|1\n|-boost|p2a: Great Tusk|def|1\n|move|p1a: Great Tusk|Headlong Rush|p2a: Great Tusk\n|-crit|p2a: Great Tusk\n|-damage|p2a: Great Tusk|37\/100\n|-unboost|p1a: Great Tusk|def|1\n|-unboost|p1a: Great Tusk|spd|1\n|\n|-heal|p2a: Great Tusk|44\/100|[from] item: Leftovers\n|upkeep\n|turn|11\n|\n|t:|1700109119\n|move|p2a: Great Tusk|Rapid Spin|p1a: Great Tusk\n|-damage|p1a: Great Tusk|54\/100\n|-boost|p2a: Great Tusk|spe|1\n|move|p1a: Great Tusk|Headlong Rush|p2a: Great Tusk\n|-damage|p2a: Great Tusk|29\/100\n|-unboost|p1a: Great Tusk|def|1\n|-unboost|p1a: Great Tusk|spd|1\n|\n|-heal|p2a: Great Tusk|35\/100|[from] item: Leftovers\n|upkeep\n|turn|12\n|\n|t:|1700109131\n|move|p2a: Great Tusk|Earthquake|p1a: Great Tusk\n|-damage|p1a: Great Tusk|0 fnt\n|faint|p1a: Great Tusk\n|-end|p1a: Great Tusk|Protosynthesis|[silent]\n|\n|-heal|p2a: Great Tusk|42\/100|[from] item: Leftovers\n|upkeep\n|\n|t:|1700109137\n|switch|p1a: Garganacl|Garganacl, M|100\/100\n|turn|13\n|\n|t:|1700109141\n|-terastallize|p1a: Garganacl|Water\n|move|p2a: Great Tusk|Earthquake|p1a: Garganacl\n|-damage|p1a: Garganacl|37\/100\n|move|p1a: Garganacl|Salt Cure|p2a: Great Tusk\n|-resisted|p2a: Great Tusk\n|-damage|p2a: Great Tusk|41\/100\n|-start|p2a: Great Tusk|Salt Cure\n|\n|-heal|p2a: Great Tusk|47\/100|[from] item: Leftovers\n|-heal|p1a: Garganacl|43\/100|[from] item: Leftovers\n|-damage|p2a: Great Tusk|35\/100|[from] Salt Cure\n|upkeep\n|turn|14\n|\n|t:|1700109157\n|move|p2a: Great Tusk|Earthquake|p1a: Garganacl\n|-damage|p1a: Garganacl|0 fnt\n|faint|p1a: Garganacl\n|\n|-heal|p2a: Great Tusk|41\/100|[from] item: Leftovers\n|-damage|p2a: Great Tusk|28\/100|[from] Salt Cure\n|upkeep\n|\n|t:|1700109164\n|switch|p1a: Zamazenta|Zamazenta|100\/100\n|-ability|p1a: Zamazenta|Dauntless Shield|boost\n|-boost|p1a: Zamazenta|def|1\n|turn|15\n|\n|t:|1700109169\n|move|p2a: Great Tusk|Knock Off|p1a: Zamazenta\n|-resisted|p1a: Zamazenta\n|-damage|p1a: Zamazenta|84\/100\n|-enditem|p1a: Zamazenta|Choice Band|[from] move: Knock Off|[of] p2a: Great Tusk\n|move|p1a: Zamazenta|Close Combat|p2a: Great Tusk\n|-damage|p2a: Great Tusk|14\/100\n|-unboost|p1a: Zamazenta|def|1\n|-unboost|p1a: Zamazenta|spd|1\n|\n|-heal|p2a: Great Tusk|21\/100|[from] item: Leftovers\n|-damage|p2a: Great Tusk|8\/100|[from] Salt Cure\n|upkeep\n|turn|16\n|\n|t:|1700109180\n|move|p2a: Great Tusk|Earthquake|p1a: Zamazenta\n|-damage|p1a: Zamazenta|0 fnt\n|faint|p1a: Zamazenta\n|\n|-heal|p2a: Great Tusk|14\/100|[from] item: Leftovers\n|-damage|p2a: Great Tusk|2\/100|[from] Salt Cure\n|upkeep\n|\n|t:|1700109184\n|switch|p1a: Sneasler|Sneasler, F|100\/100\n|turn|17\n|\n|t:|1700109187\n|move|p1a: Sneasler|Fake Out|p2a: Great Tusk\n|-damage|p2a: Great Tusk|0 fnt\n|faint|p2a: Great Tusk\n|-end|p2a: Great Tusk|Protosynthesis|[silent]\n|\n|upkeep\n|\n|t:|1700109203\n|switch|p2a: Thundurus|Thundurus-Therian, M|100\/100\n|turn|18\n|\n|t:|1700109224\n|move|p1a: Sneasler|U-turn|p2a: Thundurus\n|-resisted|p2a: Thundurus\n|-damage|p2a: Thundurus|81\/100\n|\n|t:|1700109226\n|switch|p1a: Slowking|Slowking-Galar, M|100\/100|[from] U-turn\n|move|p2a: Thundurus|Thunderbolt|p1a: Slowking\n|-damage|p1a: Slowking|55\/100\n|\n|upkeep\n|turn|19\n|\n|t:|1700109232\n|move|p2a: Thundurus|Thunderbolt|p1a: Slowking\n|-damage|p1a: Slowking|5\/100\n|move|p1a: Slowking|Chilly Reception|p1a: Slowking\n|-weather|Snow\n|\n|t:|1700109237\n|switch|p1a: Sneasler|Sneasler, F|100\/100|[from] Chilly Reception\n|\n|-weather|Snow|[upkeep]\n|upkeep\n|turn|20\n|\n|t:|1700109246\n|switch|p2a: Cinderace|Cinderace, F|100\/100\n|move|p1a: Sneasler|Fake Out|p2a: Cinderace\n|-damage|p2a: Cinderace|79\/100\n|-status|p2a: Cinderace|psn|[from] ability: Poison Touch|[of] p1a: Sneasler\n|\n|-weather|Snow|[upkeep]\n|-damage|p2a: Cinderace|67\/100 psn|[from] psn\n|upkeep\n|turn|21\n|\n|t:|1700109258\n|move|p1a: Sneasler|Close Combat|p2a: Cinderace\n|-damage|p2a: Cinderace|0 fnt\n|-unboost|p1a: Sneasler|def|1\n|-unboost|p1a: Sneasler|spd|1\n|faint|p2a: Cinderace\n|\n|-weather|Snow|[upkeep]\n|upkeep\n|\n|t:|1700109264\n|switch|p2a: Thundurus|Thundurus-Therian, M|81\/100\n|turn|22\n|\n|t:|1700109268\n|-terastallize|p2a: Thundurus|Flying\n|move|p1a: Sneasler|U-turn|p2a: Thundurus\n|-resisted|p2a: Thundurus\n|-crit|p2a: Thundurus\n|-damage|p2a: Thundurus|56\/100\n|\n|t:|1700109279\n|switch|p1a: Slowking|Slowking-Galar, M|39\/100|[from] U-turn\n|move|p2a: Thundurus|Tera Blast|p1a: Slowking|[anim] Tera Blast Flying\n|-crit|p1a: Slowking\n|-damage|p1a: Slowking|0 fnt\n|faint|p1a: Slowking\n|\n|-weather|Snow|[upkeep]\n|upkeep\n|\n|t:|1700109281\n|switch|p1a: Sneasler|Sneasler, F|100\/100\n|turn|23\n|\n|t:|1700109285\n|switch|p2a: Iron Moth|Iron Moth|100\/100\n|-enditem|p2a: Iron Moth|Booster Energy\n|-activate|p2a: Iron Moth|ability: Quark Drive|[fromitem]\n|-start|p2a: Iron Moth|quarkdrivespe\n|move|p1a: Sneasler|Fake Out|p2a: Iron Moth\n|-damage|p2a: Iron Moth|80\/100\n|\n|-weather|none\n|upkeep\n|turn|24\n|\n|t:|1700109292\n|move|p2a: Iron Moth|Fiery Dance|p1a: Sneasler\n|-damage|p1a: Sneasler|43\/100\n|-boost|p2a: Iron Moth|spa|1\n|move|p1a: Sneasler|U-turn|p2a: Iron Moth\n|-resisted|p2a: Iron Moth\n|-damage|p2a: Iron Moth|71\/100\n|\n|t:|1700109298\n|switch|p1a: Heatran|Heatran, F|51\/100|[from] U-turn\n|\n|-heal|p1a: Heatran|57\/100|[from] item: Leftovers\n|upkeep\n|turn|25\n|\n|t:|1700109308\n|move|p2a: Iron Moth|Energy Ball|p1a: Heatran\n|-resisted|p1a: Heatran\n|-damage|p1a: Heatran|50\/100\n|move|p1a: Heatran|Magma Storm|p2a: Iron Moth\n|-resisted|p2a: Iron Moth\n|-damage|p2a: Iron Moth|47\/100\n|-activate|p2a: Iron Moth|move: Magma Storm|[of] p1a: Heatran\n|\n|-heal|p1a: Heatran|56\/100|[from] item: Leftovers\n|-damage|p2a: Iron Moth|35\/100|[from] move: Magma Storm|[partiallytrapped]\n|upkeep\n|turn|26\n|\n|t:|1700109315\n|move|p2a: Iron Moth|Energy Ball|p1a: Heatran\n|-resisted|p1a: Heatran\n|-damage|p1a: Heatran|50\/100\n|move|p1a: Heatran|Earth Power|p2a: Iron Moth\n|-supereffective|p2a: Iron Moth\n|-damage|p2a: Iron Moth|0 fnt\n|faint|p2a: Iron Moth\n|-end|p2a: Iron Moth|Quark Drive|[silent]\n|\n|-heal|p1a: Heatran|56\/100|[from] item: Leftovers\n|upkeep\n|\n|t:|1700109318\n|switch|p2a: Thundurus|Thundurus-Therian, M, tera:Flying|56\/100\n|turn|27\n|\n|t:|1700109332\n|move|p2a: Thundurus|Thunderbolt|p1a: Heatran\n|-damage|p1a: Heatran|5\/100\n|move|p1a: Heatran|Magma Storm|p2a: Thundurus\n|-damage|p2a: Thundurus|0 fnt\n|faint|p2a: Thundurus\n|\n|-heal|p1a: Heatran|11\/100|[from] item: Leftovers\n|upkeep\n|\n|t:|1700109335\n|switch|p2a: Slowking|Slowking-Galar, F|100\/100\n|turn|28\n|\n|t:|1700109345\n|move|p1a: Heatran|Earth Power|p2a: Slowking\n|-supereffective|p2a: Slowking\n|-damage|p2a: Slowking|71\/100\n|move|p2a: Slowking|Future Sight|p1a: Heatran\n|-start|p2a: Slowking|move: Future Sight\n|\n|-heal|p1a: Heatran|17\/100|[from] item: Leftovers\n|upkeep\n|turn|29\n|\n|t:|1700109353\n|move|p1a: Heatran|Earth Power|p2a: Slowking\n|-supereffective|p2a: Slowking\n|-damage|p2a: Slowking|39\/100\n|move|p2a: Slowking|Sludge Bomb|p1a: Heatran\n|-immune|p1a: Heatran\n|\n|-heal|p1a: Heatran|23\/100|[from] item: Leftovers\n|upkeep\n|turn|30\n|\n|t:|1700109358\n|move|p1a: Heatran|Earth Power|p2a: Slowking\n|-supereffective|p2a: Slowking\n|-damage|p2a: Slowking|8\/100\n|move|p2a: Slowking|Chilly Reception|p2a: Slowking\n|-weather|Snow\n|\n|-weather|Snow|[upkeep]\n|-end|p1a: Heatran|move: Future Sight\n|-resisted|p1a: Heatran\n|-damage|p1a: Heatran|11\/100\n|-heal|p1a: Heatran|17\/100|[from] item: Leftovers\n|upkeep\n|turn|31\n|-message|KalosKonqueror forfeited.\n|\n|win|Theruffletkid\n|raw|Theruffletkid's rating: 1346 &rarr; <strong>1370<\/strong><br \/>(+24 for winning)\n|raw|KalosKonqueror's rating: 1421 &rarr; <strong>1397<\/strong><br \/>(-24 for losing)\n|l|\u203dKalosKonqueror\n","uploadtime":1700109369,"views":10,"p1id":"theruffletkid","p2id":"kaloskonqueror","formatid":"gen9ou","rating":1370,"private":0,"password":""}