{"id":"gen9ou-1988609089","p1":"gcy9","p2":"Salty coco","format":"[Gen 9] OU","log":"|j|\u2606gcy9\n|j|\u2606Salty coco\n|t:|1699741544\n|gametype|singles\n|player|p1|gcy9|265|1358\n|player|p2|Salty coco|fisherman-gen4|1425\n|teamsize|p1|6\n|teamsize|p2|6\n|gen|9\n|tier|[Gen 9] OU\n|rated|\n|rule|Sleep Clause Mod: Limit one foe put to sleep\n|rule|Species Clause: Limit one of each Pok\u00e9mon\n|rule|OHKO Clause: OHKO moves are banned\n|rule|Evasion Items Clause: Evasion items are banned\n|rule|Evasion Moves Clause: Evasion moves are banned\n|rule|Endless Battle Clause: Forcing endless battles is banned\n|rule|HP Percentage Mod: HP is shown in percentages\n|clearpoke\n|poke|p1|Mandibuzz, F|\n|poke|p1|Jirachi|\n|poke|p1|Garchomp, F|\n|poke|p1|Slowking-Galar, M|\n|poke|p1|Ogerpon, F|\n|poke|p1|Tauros-Paldea-Aqua, M|\n|poke|p2|Ninetales-Alola, M|\n|poke|p2|Glimmora, M|\n|poke|p2|Ogerpon-Wellspring, F|\n|poke|p2|Dragapult, F|\n|poke|p2|Zapdos|\n|poke|p2|Great Tusk|\n|teampreview\n|inactive|Battle timer is ON: inactive players will automatically lose when time's up. (requested by Salty coco)\n|\n|t:|1699741578\n|start\n|switch|p1a: Happy|Jirachi|100\/100\n|switch|p2a: Ban lightclay|Ninetales-Alola, M|100\/100\n|-weather|Snow|[from] ability: Snow Warning|[of] p2a: Ban lightclay\n|turn|1\n|\n|t:|1699741592\n|switch|p2a: Thor|Zapdos|100\/100\n|move|p1a: Happy|Doom Desire|p2a: Thor\n|-start|p1a: Happy|Doom Desire\n|\n|-weather|Snow|[upkeep]\n|upkeep\n|turn|2\n|\n|t:|1699741609\n|switch|p1a: Slowking|Slowking-Galar, M|100\/100\n|move|p2a: Thor|Discharge|p1a: Slowking\n|-damage|p1a: Slowking|75\/100\n|-status|p1a: Slowking|par\n|\n|-weather|Snow|[upkeep]\n|-heal|p1a: Slowking|81\/100 par|[from] item: Black Sludge\n|upkeep\n|turn|3\n|\n|t:|1699741619\n|move|p2a: Thor|Volt Switch|p1a: Slowking\n|-damage|p1a: Slowking|58\/100 par\n|\n|t:|1699741622\n|switch|p2a: Great Tusk|Great Tusk|100\/100|[from] Volt Switch\n|move|p1a: Slowking|Trick|p2a: Great Tusk\n|-activate|p1a: Slowking|move: Trick|[of] p2a: Great Tusk\n|-item|p2a: Great Tusk|Black Sludge|[from] move: Trick\n|-item|p1a: Slowking|Assault Vest|[from] move: Trick\n|\n|-weather|Snow|[upkeep]\n|-end|p2a: Great Tusk|move: Doom Desire\n|-damage|p2a: Great Tusk|46\/100\n|-damage|p2a: Great Tusk|34\/100|[from] item: Black Sludge\n|upkeep\n|turn|4\n|\n|t:|1699741647\n|switch|p1a: Mandibuzz|Mandibuzz, F|100\/100\n|move|p2a: Great Tusk|Knock Off|p1a: Mandibuzz\n|-resisted|p1a: Mandibuzz\n|-damage|p1a: Mandibuzz|91\/100\n|-enditem|p1a: Mandibuzz|Heavy-Duty Boots|[from] move: Knock Off|[of] p2a: Great Tusk\n|\n|-weather|Snow|[upkeep]\n|-damage|p2a: Great Tusk|21\/100|[from] item: Black Sludge\n|upkeep\n|turn|5\n|\n|t:|1699741660\n|move|p2a: Great Tusk|Ice Spinner|p1a: Mandibuzz\n|-supereffective|p1a: Mandibuzz\n|-damage|p1a: Mandibuzz|60\/100\n|move|p1a: Mandibuzz|Foul Play|p2a: Great Tusk\n|-resisted|p2a: Great Tusk\n|-damage|p2a: Great Tusk|8\/100\n|\n|-weather|none\n|-damage|p2a: Great Tusk|0 fnt|[from] item: Black Sludge\n|faint|p2a: Great Tusk\n|-end|p2a: Great Tusk|Protosynthesis|[silent]\n|upkeep\n|\n|t:|1699741673\n|switch|p2a: Ban lightclay|Ninetales-Alola, M|100\/100\n|-weather|Snow|[from] ability: Snow Warning|[of] p2a: Ban lightclay\n|turn|6\n|\n|t:|1699741681\n|switch|p1a: Happy|Jirachi|100\/100\n|move|p2a: Ban lightclay|Blizzard|p1a: Happy\n|-resisted|p1a: Happy\n|-damage|p1a: Happy|77\/100\n|-status|p1a: Happy|frz\n|\n|-weather|Snow|[upkeep]\n|-heal|p1a: Happy|83\/100 frz|[from] item: Leftovers\n|upkeep\n|turn|7\n|\n|t:|1699741692\n|move|p2a: Ban lightclay|Aurora Veil|p2a: Ban lightclay\n|-sidestart|p2: Salty coco|move: Aurora Veil\n|cant|p1a: Happy|frz\n|\n|-weather|Snow|[upkeep]\n|-heal|p1a: Happy|89\/100 frz|[from] item: Leftovers\n|upkeep\n|turn|8\n|\n|t:|1699741700\n|switch|p2a: Zen|Ogerpon-Wellspring, F|100\/100\n|-curestatus|p1a: Happy|frz|[msg]\n|move|p1a: Happy|Aura Sphere|p2a: Zen\n|-damage|p2a: Zen|86\/100\n|\n|-weather|Snow|[upkeep]\n|-heal|p1a: Happy|95\/100|[from] item: Leftovers\n|upkeep\n|turn|9\n|\n|t:|1699741716\n|move|p2a: Zen|Swords Dance|p2a: Zen\n|-boost|p2a: Zen|atk|2\n|move|p1a: Happy|U-turn|p2a: Zen\n|-supereffective|p2a: Zen\n|-damage|p2a: Zen|68\/100\n|\n|t:|1699741731\n|switch|p1a: Ogerpon|Ogerpon, F|100\/100|[from] U-turn\n|\n|-weather|Snow|[upkeep]\n|upkeep\n|turn|10\n|\n|t:|1699741742\n|move|p2a: Zen|Ivy Cudgel|p1a: Ogerpon\n|-resisted|p1a: Ogerpon\n|-damage|p1a: Ogerpon|18\/100\n|move|p1a: Ogerpon|Swords Dance|p1a: Ogerpon\n|-boost|p1a: Ogerpon|atk|2\n|\n|-weather|none\n|upkeep\n|turn|11\n|\n|t:|1699741751\n|-terastallize|p1a: Ogerpon|Grass\n|detailschange|p1a: Ogerpon|Ogerpon-Teal-Tera, F, tera:Grass\n|-ability|p1a: Ogerpon|Embody Aspect (Teal)|boost\n|-boost|p1a: Ogerpon|spe|1\n|move|p1a: Ogerpon|Ivy Cudgel|p2a: Zen\n|-damage|p2a: Zen|0 fnt\n|faint|p2a: Zen\n|\n|-sideend|p2: Salty coco|move: Aurora Veil\n|upkeep\n|\n|t:|1699741769\n|switch|p2a: Toxic spikes|Glimmora, M|100\/100\n|turn|12\n|\n|t:|1699741781\n|move|p1a: Ogerpon|Ivy Cudgel|p2a: Toxic spikes\n|-enditem|p2a: Toxic spikes|Focus Sash\n|-damage|p2a: Toxic spikes|1\/100\n|-activate|p2a: Toxic spikes|ability: Toxic Debris\n|-sidestart|p1: gcy9|move: Toxic Spikes\n|move|p2a: Toxic spikes|Mortal Spin|p1a: Ogerpon\n|-supereffective|p1a: Ogerpon\n|-damage|p1a: Ogerpon|4\/100\n|-status|p1a: Ogerpon|psn\n|\n|-damage|p1a: Ogerpon|0 fnt|[from] psn\n|faint|p1a: Ogerpon\n|upkeep\n|\n|t:|1699741786\n|switch|p1a: Slowking|Slowking-Galar, M|91\/100 par\n|-sideend|p1: gcy9|move: Toxic Spikes|[of] p1a: Slowking\n|turn|13\n|\n|t:|1699741798\n|move|p2a: Toxic spikes|Earth Power|p1a: Slowking\n|-supereffective|p1a: Slowking\n|-damage|p1a: Slowking|58\/100 par\n|move|p1a: Slowking|Future Sight|p2a: Toxic spikes\n|-start|p1a: Slowking|move: Future Sight\n|\n|upkeep\n|turn|14\n|\n|t:|1699741804\n|move|p2a: Toxic spikes|Earth Power|p1a: Slowking\n|-supereffective|p1a: Slowking\n|-damage|p1a: Slowking|26\/100 par\n|move|p1a: Slowking|Ice Beam|p2a: Toxic spikes\n|-damage|p2a: Toxic spikes|0 fnt\n|faint|p2a: Toxic spikes\n|\n|upkeep\n|\n|t:|1699741829\n|switch|p2a: I'm vengeance|Dragapult, F, shiny|100\/100\n|turn|15\n|\n|t:|1699741836\n|switch|p1a: Mandibuzz|Mandibuzz, F|60\/100\n|move|p2a: I'm vengeance|Dragon Dance|p2a: I'm vengeance\n|-boost|p2a: I'm vengeance|atk|1\n|-boost|p2a: I'm vengeance|spe|1\n|\n|-end|p2a: I'm vengeance|move: Future Sight\n|-damage|p2a: I'm vengeance|41\/100\n|upkeep\n|turn|16\n|\n|t:|1699741847\n|move|p2a: I'm vengeance|Dragon Darts|p1a: Mandibuzz\n|-damage|p1a: Mandibuzz|39\/100\n|-anim|p2a: I'm vengeance|Dragon Darts|p1a: Mandibuzz\n|-crit|p1a: Mandibuzz\n|-damage|p1a: Mandibuzz|10\/100\n|move|p1a: Mandibuzz|Foul Play|p2a: I'm vengeance\n|-supereffective|p2a: I'm vengeance\n|-damage|p2a: I'm vengeance|0 fnt\n|faint|p2a: I'm vengeance\n|\n|upkeep\n|\n|t:|1699741860\n|switch|p2a: Thor|Zapdos|100\/100\n|turn|17\n|\n|t:|1699741867\n|move|p2a: Thor|Hurricane|p1a: Mandibuzz\n|-damage|p1a: Mandibuzz|0 fnt\n|faint|p1a: Mandibuzz\n|\n|upkeep\n|\n|t:|1699741872\n|switch|p1a: Slowking|Slowking-Galar, M|59\/100 par\n|turn|18\n|\n|t:|1699741878\n|move|p2a: Thor|Hurricane|p1a: Slowking\n|-damage|p1a: Slowking|35\/100 par\n|cant|p1a: Slowking|par\n|\n|upkeep\n|turn|19\n|\n|t:|1699741884\n|move|p2a: Thor|Hurricane|p1a: Slowking|[miss]\n|-miss|p2a: Thor|p1a: Slowking\n|move|p1a: Slowking|Future Sight|p2a: Thor\n|-start|p1a: Slowking|move: Future Sight\n|\n|upkeep\n|turn|20\n|\n|t:|1699741892\n|move|p2a: Thor|Hurricane|p1a: Slowking\n|-damage|p1a: Slowking|13\/100 par\n|-start|p1a: Slowking|confusion\n|-activate|p1a: Slowking|confusion\n|move|p1a: Slowking|Ice Beam|p2a: Thor\n|-supereffective|p2a: Thor\n|-damage|p2a: Thor|60\/100\n|\n|upkeep\n|turn|21\n|\n|t:|1699741902\n|switch|p1a: Happy|Jirachi|95\/100\n|move|p2a: Thor|Roost|p2a: Thor\n|-heal|p2a: Thor|100\/100\n|-singleturn|p2a: Thor|move: Roost\n|\n|-end|p2a: Thor|move: Future Sight\n|-damage|p2a: Thor|59\/100\n|-heal|p1a: Happy|100\/100|[from] item: Leftovers\n|upkeep\n|turn|22\n|\n|t:|1699741914\n|move|p1a: Happy|Doom Desire|p2a: Thor\n|-start|p1a: Happy|Doom Desire\n|move|p2a: Thor|Discharge|p1a: Happy\n|-damage|p1a: Happy|66\/100\n|-status|p1a: Happy|par\n|\n|-heal|p1a: Happy|72\/100 par|[from] item: Leftovers\n|upkeep\n|turn|23\n|\n|t:|1699741922\n|move|p2a: Thor|Roost|p2a: Thor\n|-heal|p2a: Thor|100\/100\n|-singleturn|p2a: Thor|move: Roost\n|move|p1a: Happy|U-turn|p2a: Thor\n|-damage|p2a: Thor|88\/100\n|\n|t:|1699741926\n|switch|p1a: Slowking|Slowking-Galar, M|46\/100 par|[from] U-turn\n|\n|upkeep\n|turn|24\n|\n|t:|1699741933\n|move|p2a: Thor|Hurricane|p1a: Slowking\n|-damage|p1a: Slowking|21\/100 par\n|cant|p1a: Slowking|par\n|\n|-end|p2a: Thor|move: Doom Desire\n|-resisted|p2a: Thor\n|-damage|p2a: Thor|58\/100\n|upkeep\n|turn|25\n|\n|t:|1699741952\n|switch|p1a: Garchomp|Garchomp, F|100\/100\n|move|p2a: Thor|Roost|p2a: Thor\n|-heal|p2a: Thor|100\/100\n|-singleturn|p2a: Thor|move: Roost\n|\n|upkeep\n|turn|26\n|\n|t:|1699741960\n|move|p2a: Thor|Hurricane|p1a: Garchomp|[miss]\n|-miss|p2a: Thor|p1a: Garchomp\n|move|p1a: Garchomp|Dragon Tail|p2a: Thor\n|-damage|p2a: Thor|75\/100\n|-status|p1a: Garchomp|par|[from] ability: Static|[of] p2a: Thor\n|drag|p2a: Ban lightclay|Ninetales-Alola, M|100\/100\n|-weather|Snow|[from] ability: Snow Warning|[of] p2a: Ban lightclay\n|\n|-weather|Snow|[upkeep]\n|upkeep\n|turn|27\n|\n|t:|1699741974\n|switch|p1a: Slowking|Slowking-Galar, M|54\/100 par\n|move|p2a: Ban lightclay|Blizzard|p1a: Slowking\n|-damage|p1a: Slowking|30\/100 par\n|\n|-weather|Snow|[upkeep]\n|upkeep\n|turn|28\n|\n|t:|1699741983\n|move|p2a: Ban lightclay|Blizzard|p1a: Slowking\n|-damage|p1a: Slowking|5\/100 par\n|move|p1a: Slowking|Future Sight|p2a: Ban lightclay\n|-start|p1a: Slowking|move: Future Sight\n|\n|-weather|Snow|[upkeep]\n|upkeep\n|turn|29\n|\n|t:|1699741994\n|switch|p2a: Thor|Zapdos|75\/100\n|switch|p1a: Tauros|Tauros-Paldea-Aqua, M|100\/100\n|-ability|p1a: Tauros|Intimidate|boost\n|-unboost|p2a: Thor|atk|1\n|\n|-weather|Snow|[upkeep]\n|upkeep\n|turn|30\n|\n|t:|1699742007\n|move|p2a: Thor|Discharge|p1a: Tauros\n|-supereffective|p1a: Tauros\n|-damage|p1a: Tauros|19\/100\n|move|p1a: Tauros|Raging Bull|p2a: Thor\n|-crit|p2a: Thor\n|-damage|p2a: Thor|25\/100\n|\n|-weather|none\n|-end|p2a: Thor|move: Future Sight\n|-damage|p2a: Thor|0 fnt\n|faint|p2a: Thor\n|-heal|p1a: Tauros|25\/100|[from] item: Leftovers\n|upkeep\n|\n|t:|1699742019\n|switch|p2a: Ban lightclay|Ninetales-Alola, M|100\/100\n|-weather|Snow|[from] ability: Snow Warning|[of] p2a: Ban lightclay\n|turn|31\n|\n|t:|1699742026\n|move|p2a: Ban lightclay|Freeze-Dry|p1a: Tauros\n|-supereffective|p1a: Tauros\n|-damage|p1a: Tauros|0 fnt\n|faint|p1a: Tauros\n|\n|-weather|Snow|[upkeep]\n|upkeep\n|\n|t:|1699742030\n|switch|p1a: Happy|Jirachi|72\/100 par\n|turn|32\n|\n|t:|1699742040\n|-terastallize|p2a: Ban lightclay|Ice\n|move|p2a: Ban lightclay|Blizzard|p1a: Happy\n|-resisted|p1a: Happy\n|-damage|p1a: Happy|38\/100 par\n|move|p1a: Happy|Doom Desire|p2a: Ban lightclay\n|-start|p1a: Happy|Doom Desire\n|\n|-weather|Snow|[upkeep]\n|-heal|p1a: Happy|44\/100 par|[from] item: Leftovers\n|upkeep\n|turn|33\n|\n|t:|1699742050\n|move|p2a: Ban lightclay|Blizzard|p1a: Happy\n|-resisted|p1a: Happy\n|-damage|p1a: Happy|13\/100 par\n|move|p1a: Happy|Aura Sphere|p2a: Ban lightclay\n|-supereffective|p2a: Ban lightclay\n|-damage|p2a: Ban lightclay|48\/100\n|\n|-weather|Snow|[upkeep]\n|-heal|p1a: Happy|20\/100 par|[from] item: Leftovers\n|upkeep\n|turn|34\n|\n|t:|1699742062\n|move|p2a: Ban lightclay|Aurora Veil|p2a: Ban lightclay\n|-sidestart|p2: Salty coco|move: Aurora Veil\n|move|p1a: Happy|U-turn|p2a: Ban lightclay\n|-damage|p2a: Ban lightclay|40\/100\n|\n|t:|1699742066\n|switch|p1a: Slowking|Slowking-Galar, M|39\/100 par|[from] U-turn\n|\n|-weather|Snow|[upkeep]\n|-end|p2a: Ban lightclay|move: Doom Desire\n|-supereffective|p2a: Ban lightclay\n|-damage|p2a: Ban lightclay|0 fnt\n|faint|p2a: Ban lightclay\n|\n|win|gcy9\n|upkeep\n|raw|gcy9's rating: 1358 &rarr; <strong>1382<\/strong><br \/>(+24 for winning)\n|raw|Salty coco's rating: 1425 &rarr; <strong>1401<\/strong><br \/>(-24 for losing)\n","uploadtime":1699742076,"views":10,"p1id":"gcy9","p2id":"saltycoco","formatid":"gen9ou","rating":1382,"private":0,"password":""}