{"id":"gen9ou-1993432761","p1":"agwsv","p2":"wizard_gang","format":"[Gen 9] OU","log":"|j|\u2606agwsv\n|j|\u2606wizard_gang\n|t:|1700317223\n|gametype|singles\n|player|p1|agwsv|170|1000\n|player|p2|wizard_gang|2|1100\n|teamsize|p1|6\n|teamsize|p2|6\n|gen|9\n|tier|[Gen 9] OU\n|rated|\n|rule|Sleep Clause Mod: Limit one foe put to sleep\n|rule|Species Clause: Limit one of each Pok\u00e9mon\n|rule|OHKO Clause: OHKO moves are banned\n|rule|Evasion Items Clause: Evasion items are banned\n|rule|Evasion Moves Clause: Evasion moves are banned\n|rule|Endless Battle Clause: Forcing endless battles is banned\n|rule|HP Percentage Mod: HP is shown in percentages\n|clearpoke\n|poke|p1|Talonflame, M|\n|poke|p1|Alomomola, F|\n|poke|p1|Clodsire, M|\n|poke|p1|Dondozo, F|\n|poke|p1|Toxapex, M|\n|poke|p1|Blissey, F|\n|poke|p2|Gholdengo|\n|poke|p2|Zapdos|\n|poke|p2|Ninetales-Alola, M|\n|poke|p2|Furret, M|\n|poke|p2|Regidrago|\n|poke|p2|Greninja-*, M|\n|teampreview\n|inactive|Battle timer is ON: inactive players will automatically lose when time's up. (requested by agwsv)\n|\n|t:|1700317230\n|start\n|switch|p1a: Toxapex|Toxapex, M|100\/100\n|switch|p2a: Ninetales|Ninetales-Alola, M|100\/100\n|-weather|Snow|[from] ability: Snow Warning|[of] p2a: Ninetales\n|turn|1\n|\n|t:|1700317234\n|move|p2a: Ninetales|Aurora Veil|p2a: Ninetales\n|-sidestart|p2: wizard_gang|move: Aurora Veil\n|move|p1a: Toxapex|Toxic|p2a: Ninetales\n|-status|p2a: Ninetales|tox\n|\n|-weather|Snow|[upkeep]\n|-damage|p2a: Ninetales|95\/100 tox|[from] psn\n|upkeep\n|turn|2\n|\n|t:|1700317236\n|switch|p1a: Blissey|Blissey, F, shiny|100\/100\n|move|p2a: Ninetales|Encore||[still]\n|-fail|p2a: Ninetales\n|\n|-weather|Snow|[upkeep]\n|-damage|p2a: Ninetales|83\/100 tox|[from] psn\n|upkeep\n|turn|3\n|\n|t:|1700317242\n|move|p2a: Ninetales|Moonblast|p1a: Blissey\n|-damage|p1a: Blissey|90\/100\n|move|p1a: Blissey|Stealth Rock|p2a: Ninetales\n|-sidestart|p2: wizard_gang|move: Stealth Rock\n|\n|-weather|Snow|[upkeep]\n|-damage|p2a: Ninetales|65\/100 tox|[from] psn\n|upkeep\n|turn|4\n|\n|t:|1700317246\n|move|p2a: Ninetales|Encore|p1a: Blissey\n|-start|p1a: Blissey|Encore\n|move|p1a: Blissey|Stealth Rock||[still]\n|-fail|p1a: Blissey\n|\n|-weather|Snow|[upkeep]\n|-damage|p2a: Ninetales|41\/100 tox|[from] psn\n|upkeep\n|turn|5\n|\n|t:|1700317250\n|switch|p2a: Furret|Furret, M|100\/100\n|-item|p1a: Blissey|Heavy-Duty Boots|[from] ability: Frisk|[of] p2a: Furret|[identify]\n|switch|p1a: Toxapex|Toxapex, M|100\/100\n|\n|-weather|none\n|upkeep\n|turn|6\n|\n|t:|1700317254\n|switch|p2a: Ninetales|Ninetales-Alola, M|41\/100 tox\n|-damage|p2a: Ninetales|17\/100 tox|[from] Stealth Rock\n|-weather|Snow|[from] ability: Snow Warning|[of] p2a: Ninetales\n|move|p1a: Toxapex|Toxic|p2a: Ninetales\n|-fail|p2a: Ninetales|tox\n|\n|-weather|Snow|[upkeep]\n|-damage|p2a: Ninetales|11\/100 tox|[from] psn\n|upkeep\n|turn|7\n|\n|t:|1700317264\n|move|p2a: Ninetales|Moonblast|p1a: Toxapex\n|-resisted|p1a: Toxapex\n|-damage|p1a: Toxapex|85\/100\n|-unboost|p1a: Toxapex|spa|1\n|move|p1a: Toxapex|Infestation|p2a: Ninetales\n|-resisted|p2a: Ninetales\n|-damage|p2a: Ninetales|10\/100 tox\n|-activate|p2a: Ninetales|move: Infestation|[of] p1a: Toxapex\n|\n|-weather|Snow|[upkeep]\n|-damage|p2a: Ninetales|0 fnt|[from] psn\n|faint|p2a: Ninetales\n|upkeep\n|\n|t:|1700317273\n|switch|p2a: Gholdengo|Gholdengo|100\/100\n|-damage|p2a: Gholdengo|94\/100|[from] Stealth Rock\n|turn|8\n|\n|t:|1700317276\n|switch|p1a: Blissey|Blissey, F, shiny|90\/100\n|move|p2a: Gholdengo|Nasty Plot|p2a: Gholdengo\n|-boost|p2a: Gholdengo|spa|2\n|\n|-weather|Snow|[upkeep]\n|-heal|p2a: Gholdengo|100\/100|[from] item: Leftovers\n|-sideend|p2: wizard_gang|move: Aurora Veil\n|upkeep\n|turn|9\n|\n|t:|1700317283\n|move|p2a: Gholdengo|Nasty Plot|p2a: Gholdengo\n|-boost|p2a: Gholdengo|spa|2\n|move|p1a: Blissey|Shadow Ball|p2a: Gholdengo\n|-supereffective|p2a: Gholdengo\n|-damage|p2a: Gholdengo|67\/100\n|\n|-weather|Snow|[upkeep]\n|-heal|p2a: Gholdengo|73\/100|[from] item: Leftovers\n|upkeep\n|turn|10\n|\n|t:|1700317288\n|switch|p1a: Clodsire|Clodsire, M|100\/100\n|move|p2a: Gholdengo|Nasty Plot|p2a: Gholdengo\n|-boost|p2a: Gholdengo|spa|2\n|\n|-weather|none\n|-heal|p2a: Gholdengo|79\/100|[from] item: Leftovers\n|upkeep\n|turn|11\n|\n|t:|1700317293\n|move|p2a: Gholdengo|Shadow Ball|p1a: Clodsire\n|-damage|p1a: Clodsire|73\/100\n|move|p1a: Clodsire|Earthquake|p2a: Gholdengo\n|-supereffective|p2a: Gholdengo\n|-damage|p2a: Gholdengo|16\/100\n|\n|-heal|p2a: Gholdengo|22\/100|[from] item: Leftovers\n|upkeep\n|turn|12\n|\n|t:|1700317300\n|switch|p2a: Zapdos|Zapdos|100\/100\n|move|p1a: Clodsire|Earthquake|p2a: Zapdos\n|-immune|p2a: Zapdos\n|\n|upkeep\n|turn|13\n|\n|t:|1700317310\n|move|p2a: Zapdos|Tailwind|p2a: Zapdos\n|-sidestart|p2: wizard_gang|move: Tailwind\n|move|p1a: Clodsire|Toxic|p2a: Zapdos\n|-status|p2a: Zapdos|tox\n|\n|-damage|p2a: Zapdos|94\/100 tox|[from] psn\n|upkeep\n|turn|14\n|\n|t:|1700317314\n|move|p2a: Zapdos|Hurricane|p1a: Clodsire\n|-damage|p1a: Clodsire|46\/100\n|move|p1a: Clodsire|Recover|p1a: Clodsire\n|-heal|p1a: Clodsire|96\/100\n|\n|-damage|p2a: Zapdos|82\/100 tox|[from] psn\n|upkeep\n|turn|15\n|\n|t:|1700317317\n|switch|p2a: Regidrago|Regidrago|100\/100\n|-damage|p2a: Regidrago|88\/100|[from] Stealth Rock\n|switch|p1a: Blissey|Blissey, F, shiny|90\/100\n|\n|upkeep\n|turn|16\n|\n|t:|1700317323\n|switch|p2a: Gholdengo|Gholdengo|22\/100\n|-damage|p2a: Gholdengo|16\/100|[from] Stealth Rock\n|move|p1a: Blissey|Seismic Toss|p2a: Gholdengo\n|-immune|p2a: Gholdengo\n|\n|-heal|p2a: Gholdengo|22\/100|[from] item: Leftovers\n|-sideend|p2: wizard_gang|move: Tailwind\n|upkeep\n|turn|17\n|\n|t:|1700317326\n|move|p2a: Gholdengo|Recover|p2a: Gholdengo\n|-heal|p2a: Gholdengo|72\/100\n|move|p1a: Blissey|Shadow Ball|p2a: Gholdengo\n|-supereffective|p2a: Gholdengo\n|-damage|p2a: Gholdengo|38\/100\n|\n|-heal|p2a: Gholdengo|44\/100|[from] item: Leftovers\n|upkeep\n|turn|18\n|\n|t:|1700317329\n|move|p2a: Gholdengo|Recover|p2a: Gholdengo\n|-heal|p2a: Gholdengo|94\/100\n|move|p1a: Blissey|Shadow Ball|p2a: Gholdengo\n|-supereffective|p2a: Gholdengo\n|-damage|p2a: Gholdengo|60\/100\n|-unboost|p2a: Gholdengo|spd|1\n|\n|-heal|p2a: Gholdengo|67\/100|[from] item: Leftovers\n|upkeep\n|turn|19\n|\n|t:|1700317333\n|switch|p2a: Furret|Furret, M|100\/100\n|-item|p1a: Blissey|Heavy-Duty Boots|[from] ability: Frisk|[of] p2a: Furret|[identify]\n|move|p1a: Blissey|Shadow Ball|p2a: Furret\n|-immune|p2a: Furret\n|\n|upkeep\n|turn|20\n|\n|t:|1700317337\n|switch|p1a: Alomomola|Alomomola, F|100\/100\n|move|p2a: Furret|Tidy Up|p2a: Furret\n|-sideend|p2: wizard_gang|Stealth Rock\n|-activate|p2a: Furret|move: Tidy Up\n|-boost|p2a: Furret|atk|1\n|-boost|p2a: Furret|spe|1\n|\n|upkeep\n|turn|21\n|\n|t:|1700317343\n|move|p2a: Furret|Tidy Up|p2a: Furret\n|-boost|p2a: Furret|atk|1\n|-boost|p2a: Furret|spe|1\n|move|p1a: Alomomola|Flip Turn|p2a: Furret\n|-damage|p2a: Furret|76\/100\n|\n|t:|1700317345\n|switch|p1a: Dondozo|Dondozo, F|100\/100|[from] Flip Turn\n|\n|upkeep\n|turn|22\n|\n|t:|1700317349\n|move|p2a: Furret|Knock Off|p1a: Dondozo\n|-damage|p1a: Dondozo|89\/100\n|-enditem|p1a: Dondozo|Heavy-Duty Boots|[from] move: Knock Off|[of] p2a: Furret\n|move|p1a: Dondozo|Body Press|p2a: Furret\n|-supereffective|p2a: Furret\n|-damage|p2a: Furret|0 fnt\n|faint|p2a: Furret\n|\n|upkeep\n|\n|t:|1700317356\n|switch|p2a: Regidrago|Regidrago|88\/100\n|turn|23\n|\n|t:|1700317360\n|switch|p1a: Blissey|Blissey, F, shiny|90\/100\n|-terastallize|p2a: Regidrago|Dragon\n|move|p2a: Regidrago|Dragon Energy|p1a: Blissey\n|-damage|p1a: Blissey|55\/100\n|\n|upkeep\n|turn|24\n|\n|t:|1700317366\n|move|p2a: Regidrago|Dragon Energy|p1a: Blissey\n|-damage|p1a: Blissey|20\/100\n|move|p1a: Blissey|Soft-Boiled|p1a: Blissey\n|-heal|p1a: Blissey|70\/100\n|\n|upkeep\n|turn|25\n|\n|t:|1700317372\n|switch|p2a: Gholdengo|Gholdengo|67\/100\n|move|p1a: Blissey|Soft-Boiled|p1a: Blissey\n|-heal|p1a: Blissey|100\/100\n|\n|-heal|p2a: Gholdengo|73\/100|[from] item: Leftovers\n|upkeep\n|turn|26\n|\n|t:|1700317375\n|move|p2a: Gholdengo|Nasty Plot|p2a: Gholdengo\n|-boost|p2a: Gholdengo|spa|2\n|move|p1a: Blissey|Shadow Ball|p2a: Gholdengo\n|-supereffective|p2a: Gholdengo\n|-damage|p2a: Gholdengo|39\/100\n|\n|-heal|p2a: Gholdengo|45\/100|[from] item: Leftovers\n|upkeep\n|turn|27\n|\n|t:|1700317378\n|move|p2a: Gholdengo|Recover|p2a: Gholdengo\n|-heal|p2a: Gholdengo|95\/100\n|move|p1a: Blissey|Shadow Ball|p2a: Gholdengo\n|-supereffective|p2a: Gholdengo\n|-crit|p2a: Gholdengo\n|-damage|p2a: Gholdengo|47\/100\n|\n|-heal|p2a: Gholdengo|54\/100|[from] item: Leftovers\n|upkeep\n|turn|28\n|\n|t:|1700317381\n|move|p2a: Gholdengo|Nasty Plot|p2a: Gholdengo\n|-boost|p2a: Gholdengo|spa|2\n|move|p1a: Blissey|Shadow Ball|p2a: Gholdengo\n|-supereffective|p2a: Gholdengo\n|-damage|p2a: Gholdengo|20\/100\n|\n|-heal|p2a: Gholdengo|26\/100|[from] item: Leftovers\n|upkeep\n|turn|29\n|\n|t:|1700317383\n|move|p2a: Gholdengo|Recover|p2a: Gholdengo\n|-heal|p2a: Gholdengo|76\/100\n|move|p1a: Blissey|Shadow Ball|p2a: Gholdengo\n|-supereffective|p2a: Gholdengo\n|-damage|p2a: Gholdengo|42\/100\n|-unboost|p2a: Gholdengo|spd|1\n|\n|-heal|p2a: Gholdengo|48\/100|[from] item: Leftovers\n|upkeep\n|turn|30\n|\n|t:|1700317391\n|switch|p2a: Greninja|Greninja, M|100\/100\n|switch|p1a: Clodsire|Clodsire, M|96\/100\n|\n|upkeep\n|turn|31\n|\n|t:|1700317395\n|switch|p1a: Toxapex|Toxapex, M|100\/100\n|move|p2a: Greninja|Ice Beam|p1a: Toxapex\n|-resisted|p1a: Toxapex\n|-damage|p1a: Toxapex|90\/100\n|\n|upkeep\n|turn|32\n|\n|t:|1700317398\n|move|p2a: Greninja|Dark Pulse|p1a: Toxapex\n|-damage|p1a: Toxapex|59\/100\n|move|p1a: Toxapex|Infestation|p2a: Greninja\n|-supereffective|p2a: Greninja\n|-damage|p2a: Greninja|91\/100\n|-activate|p2a: Greninja|move: Infestation|[of] p1a: Toxapex\n|\n|-damage|p2a: Greninja|78\/100|[from] move: Infestation|[partiallytrapped]\n|upkeep\n|turn|33\n|\n|t:|1700317402\n|move|p2a: Greninja|Dark Pulse|p1a: Toxapex\n|-damage|p1a: Toxapex|27\/100\n|move|p1a: Toxapex|Recover|p1a: Toxapex\n|-heal|p1a: Toxapex|77\/100\n|\n|-damage|p2a: Greninja|66\/100|[from] move: Infestation|[partiallytrapped]\n|upkeep\n|turn|34\n|\n|t:|1700317405\n|move|p2a: Greninja|Dark Pulse|p1a: Toxapex\n|-damage|p1a: Toxapex|49\/100\n|cant|p1a: Toxapex|flinch\n|\n|-damage|p2a: Greninja|54\/100|[from] move: Infestation|[partiallytrapped]\n|upkeep\n|turn|35\n|\n|t:|1700317409\n|switch|p1a: Blissey|Blissey, F, shiny|100\/100\n|move|p2a: Greninja|Dark Pulse|p1a: Blissey\n|-damage|p1a: Blissey|90\/100\n|\n|-end|p2a: Greninja|Infestation|[partiallytrapped]|[silent]\n|upkeep\n|turn|36\n|\n|t:|1700317412\n|switch|p2a: Gholdengo|Gholdengo|48\/100\n|switch|p1a: Toxapex|Toxapex, M|82\/100\n|\n|-heal|p2a: Gholdengo|54\/100|[from] item: Leftovers\n|upkeep\n|turn|37\n|\n|t:|1700317417\n|switch|p1a: Clodsire|Clodsire, M|96\/100\n|move|p2a: Gholdengo|Recover|p2a: Gholdengo\n|-heal|p2a: Gholdengo|100\/100\n|\n|upkeep\n|turn|38\n|\n|t:|1700317420\n|switch|p2a: Zapdos|Zapdos|82\/100 tox\n|move|p1a: Clodsire|Earthquake|p2a: Zapdos\n|-immune|p2a: Zapdos\n|\n|-damage|p2a: Zapdos|76\/100 tox|[from] psn\n|upkeep\n|turn|39\n|\n|t:|1700317426\n|switch|p1a: Blissey|Blissey, F, shiny|90\/100\n|move|p2a: Zapdos|Hurricane|p1a: Blissey\n|-damage|p1a: Blissey|76\/100\n|-start|p1a: Blissey|confusion\n|\n|-damage|p2a: Zapdos|63\/100 tox|[from] psn\n|upkeep\n|turn|40\n|\n|t:|1700317429\n|switch|p1a: Clodsire|Clodsire, M|96\/100\n|move|p2a: Zapdos|Thunder Wave|p1a: Clodsire\n|-immune|p1a: Clodsire\n|\n|-damage|p2a: Zapdos|44\/100 tox|[from] psn\n|upkeep\n|turn|41\n|\n|t:|1700317433\n|switch|p2a: Gholdengo|Gholdengo|100\/100\n|switch|p1a: Blissey|Blissey, F, shiny|76\/100\n|\n|upkeep\n|turn|42\n|\n|t:|1700317437\n|switch|p2a: Zapdos|Zapdos|44\/100 tox\n|switch|p1a: Clodsire|Clodsire, M|96\/100\n|\n|-damage|p2a: Zapdos|38\/100 tox|[from] psn\n|upkeep\n|turn|43\n|\n|t:|1700317442\n|switch|p2a: Greninja|Greninja, M|54\/100\n|move|p1a: Clodsire|Earthquake|p2a: Greninja\n|-damage|p2a: Greninja|4\/100\n|-enditem|p2a: Greninja|Petaya Berry|[eat]\n|-boost|p2a: Greninja|spa|1|[from] item: Petaya Berry\n|\n|upkeep\n|turn|44\n|\n|t:|1700317448\n|switch|p1a: Toxapex|Toxapex, M|100\/100\n|move|p2a: Greninja|Ice Beam|p1a: Toxapex\n|-resisted|p1a: Toxapex\n|-damage|p1a: Toxapex|83\/100\n|\n|upkeep\n|turn|45\n|\n|t:|1700317451\n|move|p2a: Greninja|Dark Pulse|p1a: Toxapex\n|-damage|p1a: Toxapex|41\/100\n|cant|p1a: Toxapex|flinch\n|\n|upkeep\n|turn|46\n|\n|t:|1700317456\n|switch|p1a: Blissey|Blissey, F, shiny|76\/100\n|move|p2a: Greninja|Dark Pulse|p1a: Blissey\n|-damage|p1a: Blissey|63\/100\n|\n|upkeep\n|turn|47\n|\n|t:|1700317459\n|move|p2a: Greninja|Surf|p1a: Blissey\n|-damage|p1a: Blissey|37\/100\n|move|p1a: Blissey|Soft-Boiled|p1a: Blissey\n|-heal|p1a: Blissey|87\/100\n|\n|upkeep\n|turn|48\n|\n|t:|1700317463\n|move|p2a: Greninja|Surf|p1a: Blissey\n|-damage|p1a: Blissey|64\/100\n|move|p1a: Blissey|Stealth Rock|p2a: Greninja\n|-sidestart|p2: wizard_gang|move: Stealth Rock\n|\n|upkeep\n|turn|49\n|\n|t:|1700317466\n|move|p2a: Greninja|Surf|p1a: Blissey\n|-damage|p1a: Blissey|37\/100\n|move|p1a: Blissey|Soft-Boiled|p1a: Blissey\n|-heal|p1a: Blissey|87\/100\n|\n|upkeep\n|turn|50\n|\n|t:|1700317468\n|move|p2a: Greninja|Surf|p1a: Blissey\n|-damage|p1a: Blissey|63\/100\n|move|p1a: Blissey|Seismic Toss|p2a: Greninja\n|-damage|p2a: Greninja|0 fnt\n|faint|p2a: Greninja\n|\n|upkeep\n|\n|t:|1700317471\n|switch|p2a: Gholdengo|Gholdengo|100\/100\n|-damage|p2a: Gholdengo|94\/100|[from] Stealth Rock\n|turn|51\n|\n|t:|1700317475\n|switch|p1a: Clodsire|Clodsire, M|96\/100\n|move|p2a: Gholdengo|Nasty Plot|p2a: Gholdengo\n|-boost|p2a: Gholdengo|spa|2\n|\n|-heal|p2a: Gholdengo|100\/100|[from] item: Leftovers\n|upkeep\n|turn|52\n|\n|t:|1700317478\n|move|p2a: Gholdengo|Shadow Ball|p1a: Clodsire\n|-damage|p1a: Clodsire|69\/100\n|move|p1a: Clodsire|Earthquake|p2a: Gholdengo\n|-supereffective|p2a: Gholdengo\n|-damage|p2a: Gholdengo|34\/100\n|\n|-heal|p2a: Gholdengo|40\/100|[from] item: Leftovers\n|upkeep\n|turn|53\n|\n|t:|1700317481\n|switch|p2a: Regidrago|Regidrago, tera:Dragon|88\/100\n|-damage|p2a: Regidrago|76\/100|[from] Stealth Rock\n|move|p1a: Clodsire|Earthquake|p2a: Regidrago\n|-damage|p2a: Regidrago|44\/100\n|\n|upkeep\n|turn|54\n|\n|t:|1700317484\n|switch|p1a: Blissey|Blissey, F, shiny|63\/100\n|move|p2a: Regidrago|Dragon Energy|p1a: Blissey\n|-damage|p1a: Blissey|46\/100\n|\n|upkeep\n|turn|55\n|\n|t:|1700317486\n|switch|p2a: Zapdos|Zapdos|38\/100 tox\n|move|p1a: Blissey|Soft-Boiled|p1a: Blissey\n|-heal|p1a: Blissey|96\/100\n|\n|-damage|p2a: Zapdos|32\/100 tox|[from] psn\n|upkeep\n|turn|56\n|\n|t:|1700317490\n|move|p2a: Zapdos|Thunder Wave|p1a: Blissey\n|-status|p1a: Blissey|par\n|move|p1a: Blissey|Seismic Toss|p2a: Zapdos\n|-damage|p2a: Zapdos|1\/100 tox\n|\n|-damage|p2a: Zapdos|0 fnt|[from] psn\n|faint|p2a: Zapdos\n|upkeep\n|\n|t:|1700317493\n|switch|p2a: Gholdengo|Gholdengo|40\/100\n|-damage|p2a: Gholdengo|34\/100|[from] Stealth Rock\n|turn|57\n|\n|t:|1700317495\n|-curestatus|p1a: Blissey|par|[from] ability: Natural Cure\n|switch|p1a: Clodsire|Clodsire, M|69\/100\n|move|p2a: Gholdengo|Recover|p2a: Gholdengo\n|-heal|p2a: Gholdengo|84\/100\n|\n|-heal|p2a: Gholdengo|90\/100|[from] item: Leftovers\n|upkeep\n|turn|58\n|-message|wizard_gang forfeited.\n|\n|win|agwsv\n|raw|agwsv's rating: 1000 &rarr; <strong>1051<\/strong><br \/>(+51 for winning)\n|raw|wizard_gang's rating: 1100 &rarr; <strong>1068<\/strong><br \/>(-32 for losing)\n|l|\u2606wizard_gang\n","uploadtime":1700317505,"views":10,"p1id":"agwsv","p2id":"wizardgang","formatid":"gen9ou","rating":1051,"private":0,"password":""}