{"id":"gen9ou-1996123412","p1":"BananaOnToast","p2":"palestjade","format":"[Gen 9] OU","log":"|j|\u203dBananaOnToast\n|j|\u2606palestjade\n|t:|1700647701\n|gametype|singles\n|player|p1|BananaOnToast|li|1537\n|player|p2|palestjade|n-masters3|1623\n|teamsize|p1|6\n|teamsize|p2|6\n|gen|9\n|tier|[Gen 9] OU\n|rated|\n|rule|Sleep Clause Mod: Limit one foe put to sleep\n|rule|Species Clause: Limit one of each Pok\u00e9mon\n|rule|OHKO Clause: OHKO moves are banned\n|rule|Evasion Items Clause: Evasion items are banned\n|rule|Evasion Moves Clause: Evasion moves are banned\n|rule|Endless Battle Clause: Forcing endless battles is banned\n|rule|HP Percentage Mod: HP is shown in percentages\n|clearpoke\n|poke|p1|Gholdengo|\n|poke|p1|Kingambit, M|\n|poke|p1|Clefable, M|\n|poke|p1|Tornadus-Therian, M|\n|poke|p1|Lokix, M|\n|poke|p1|Ting-Lu|\n|poke|p2|Ceruledge, F|\n|poke|p2|Iron Valiant|\n|poke|p2|Maushold|\n|poke|p2|Ninetales-Alola, M|\n|poke|p2|Dragapult, M|\n|poke|p2|Kingambit, F|\n|teampreview\n|inactive|Battle timer is ON: inactive players will automatically lose when time's up. (requested by palestjade)\n|\n|t:|1700647715\n|start\n|switch|p1a: Kingambit|Kingambit, M|100\/100\n|switch|p2a: aurora|Ninetales-Alola, M|100\/100\n|-weather|Snow|[from] ability: Snow Warning|[of] p2a: aurora\n|turn|1\n|c|\u2606palestjade|gl\n|\n|t:|1700647721\n|move|p2a: aurora|Aurora Veil|p2a: aurora\n|-sidestart|p2: palestjade|move: Aurora Veil\n|move|p1a: Kingambit|Iron Head|p2a: aurora\n|-supereffective|p2a: aurora\n|-damage|p2a: aurora|20\/100\n|\n|-weather|Snow|[upkeep]\n|upkeep\n|turn|2\n|\n|t:|1700647731\n|move|p2a: aurora|Encore|p1a: Kingambit\n|-start|p1a: Kingambit|Encore\n|move|p1a: Kingambit|Iron Head|p2a: aurora\n|-supereffective|p2a: aurora\n|-damage|p2a: aurora|0 fnt\n|faint|p2a: aurora\n|\n|-weather|Snow|[upkeep]\n|upkeep\n|\n|t:|1700647734\n|switch|p2a: kris|Ceruledge, F|100\/100\n|turn|3\n|\n|t:|1700647741\n|-end|p1a: Kingambit|fallenundefined|[silent]\n|switch|p1a: Clefable|Clefable, M|100\/100\n|move|p2a: kris|Bulk Up|p2a: kris\n|-boost|p2a: kris|atk|1\n|-boost|p2a: kris|def|1\n|\n|-weather|Snow|[upkeep]\n|upkeep\n|turn|4\n|\n|t:|1700647746\n|move|p2a: kris|Bitter Blade|p1a: Clefable\n|-damage|p1a: Clefable|65\/100\n|move|p1a: Clefable|Cosmic Power|p1a: Clefable\n|-boost|p1a: Clefable|def|1\n|-boost|p1a: Clefable|spd|1\n|\n|-weather|Snow|[upkeep]\n|-heal|p1a: Clefable|71\/100|[from] item: Leftovers\n|upkeep\n|turn|5\n|\n|t:|1700647754\n|switch|p2a: mauswheel|Maushold|100\/100\n|move|p1a: Clefable|Cosmic Power|p1a: Clefable\n|-boost|p1a: Clefable|def|1\n|-boost|p1a: Clefable|spd|1\n|\n|-weather|none\n|-heal|p1a: Clefable|77\/100|[from] item: Leftovers\n|upkeep\n|turn|6\n|\n|t:|1700647763\n|move|p2a: mauswheel|Encore|p1a: Clefable\n|-start|p1a: Clefable|Encore\n|move|p1a: Clefable|Cosmic Power|p1a: Clefable\n|-boost|p1a: Clefable|def|1\n|-boost|p1a: Clefable|spd|1\n|\n|-heal|p1a: Clefable|83\/100|[from] item: Leftovers\n|upkeep\n|turn|7\n|\n|t:|1700647780\n|move|p2a: mauswheel|Population Bomb|p1a: Clefable\n|-damage|p1a: Clefable|80\/100\n|-damage|p1a: Clefable|76\/100\n|-damage|p1a: Clefable|73\/100\n|-damage|p1a: Clefable|69\/100\n|-damage|p1a: Clefable|66\/100\n|-damage|p1a: Clefable|62\/100\n|-damage|p1a: Clefable|58\/100\n|-damage|p1a: Clefable|54\/100\n|-crit|p1a: Clefable\n|-damage|p1a: Clefable|41\/100\n|-damage|p1a: Clefable|37\/100\n|-hitcount|p1a: Clefable|10\n|move|p1a: Clefable|Cosmic Power|p1a: Clefable\n|-boost|p1a: Clefable|def|1\n|-boost|p1a: Clefable|spd|1\n|\n|-heal|p1a: Clefable|43\/100|[from] item: Leftovers\n|upkeep\n|turn|8\n|j| atec123\n|\n|t:|1700647790\n|switch|p1a: Gholdengo|Gholdengo|100\/100\n|move|p2a: mauswheel|Population Bomb|p1a: Gholdengo\n|-immune|p1a: Gholdengo\n|\n|-sideend|p2: palestjade|move: Aurora Veil\n|upkeep\n|turn|9\n|\n|t:|1700647803\n|switch|p1a: Lokix|Lokix, M|100\/100\n|move|p2a: mauswheel|Tidy Up|p2a: mauswheel\n|-boost|p2a: mauswheel|atk|1\n|-boost|p2a: mauswheel|spe|1\n|\n|upkeep\n|turn|10\n|\n|t:|1700647810\n|move|p1a: Lokix|First Impression|p2a: mauswheel\n|-damage|p2a: mauswheel|0 fnt\n|faint|p2a: mauswheel\n|\n|upkeep\n|\n|t:|1700647814\n|switch|p2a: kris|Ceruledge, F|100\/100\n|turn|11\n|\n|t:|1700647820\n|switch|p1a: Ting-Lu|Ting-Lu|100\/100\n|-ability|p1a: Ting-Lu|Vessel of Ruin\n|move|p2a: kris|Bulk Up|p2a: kris\n|-boost|p2a: kris|atk|1\n|-boost|p2a: kris|def|1\n|\n|upkeep\n|turn|12\n|\n|t:|1700647828\n|-terastallize|p2a: kris|Bug\n|move|p2a: kris|Bulk Up|p2a: kris\n|-boost|p2a: kris|atk|1\n|-boost|p2a: kris|def|1\n|move|p1a: Ting-Lu|Stealth Rock|p2a: kris\n|-sidestart|p2: palestjade|move: Stealth Rock\n|\n|upkeep\n|turn|13\n|\n|t:|1700647832\n|move|p2a: kris|Close Combat|p1a: Ting-Lu\n|-supereffective|p1a: Ting-Lu\n|-damage|p1a: Ting-Lu|4\/100\n|-unboost|p2a: kris|def|1\n|-unboost|p2a: kris|spd|1\n|move|p1a: Ting-Lu|Whirlwind|p2a: kris\n|drag|p2a: life's a drag|Dragapult, M|100\/100\n|-damage|p2a: life's a drag|88\/100|[from] Stealth Rock\n|\n|-heal|p1a: Ting-Lu|10\/100|[from] item: Leftovers\n|upkeep\n|turn|14\n|\n|t:|1700647837\n|move|p2a: life's a drag|Shadow Ball|p1a: Ting-Lu\n|-resisted|p1a: Ting-Lu\n|-damage|p1a: Ting-Lu|0 fnt\n|faint|p1a: Ting-Lu\n|\n|upkeep\n|\n|t:|1700647849\n|switch|p1a: Lokix|Lokix, M|100\/100\n|turn|15\n|\n|t:|1700647857\n|move|p1a: Lokix|First Impression|p2a: life's a drag\n|-resisted|p2a: life's a drag\n|-crit|p2a: life's a drag\n|-damage|p2a: life's a drag|0 fnt\n|faint|p2a: life's a drag\n|\n|upkeep\n|\n|t:|1700647863\n|switch|p2a: kris|Ceruledge, F, tera:Bug|100\/100\n|turn|16\n|\n|t:|1700647870\n|switch|p1a: Tornadus|Tornadus-Therian, M|100\/100\n|move|p2a: kris|Bulk Up|p2a: kris\n|-boost|p2a: kris|atk|1\n|-boost|p2a: kris|def|1\n|\n|upkeep\n|turn|17\n|\n|t:|1700647876\n|move|p1a: Tornadus|Bleakwind Storm|p2a: kris\n|-supereffective|p2a: kris\n|-crit|p2a: kris\n|-damage|p2a: kris|0 fnt\n|faint|p2a: kris\n|\n|upkeep\n|c|\u2606palestjade|Crit mattered\n|c|\u2606palestjade|252 SpA Tornadus-Therian Bleakwind Storm vs. 252 HP \/ 4 SpD Tera Bug Ceruledge: 290-344 (81.9 - 97.1%) -- guaranteed 2HKO\n|l| atec123\n|c|\u2606palestjade|this game sucks\n|\n|t:|1700647901\n|switch|p2a: gender|Iron Valiant|100\/100\n|-damage|p2a: gender|94\/100|[from] Stealth Rock\n|-enditem|p2a: gender|Booster Energy\n|-activate|p2a: gender|ability: Quark Drive|[fromitem]\n|-start|p2a: gender|quarkdrivespe\n|turn|18\n|c|\u2606palestjade|gg\n|\n|t:|1700647908\n|move|p2a: gender|Calm Mind|p2a: gender\n|-boost|p2a: gender|spa|1\n|-boost|p2a: gender|spd|1\n|move|p1a: Tornadus|Bleakwind Storm|p2a: gender\n|-supereffective|p2a: gender\n|-damage|p2a: gender|7\/100\n|\n|upkeep\n|turn|19\n|\n|t:|1700647916\n|move|p2a: gender|Thunderbolt|p1a: Tornadus\n|-supereffective|p1a: Tornadus\n|-damage|p1a: Tornadus|11\/100\n|move|p1a: Tornadus|Bleakwind Storm|p2a: gender\n|-supereffective|p2a: gender\n|-damage|p2a: gender|0 fnt\n|faint|p2a: gender\n|-end|p2a: gender|Quark Drive|[silent]\n|\n|upkeep\n|\n|t:|1700647920\n|switch|p2a: deadcoin|Kingambit, F|100\/100\n|-damage|p2a: deadcoin|94\/100|[from] Stealth Rock\n|-activate|p2a: deadcoin|ability: Supreme Overlord\n|-start|p2a: deadcoin|fallen5|[silent]\n|turn|20\n|j| Ruinous Tusk\n|inactive|BananaOnToast has 120 seconds left.\n|n|\u2606BananaOnToast|bananaontoast\n|inactive|BananaOnToast has 90 seconds left.\n|inactive|BananaOnToast has 60 seconds left.\n|c|\u2606BananaOnToast|unless I missed the next one it did not matter since you failed to kill me with bitter blade into sneak anyway\n|\n|t:|1700648023\n|move|p1a: Tornadus|Taunt|p2a: deadcoin\n|-start|p2a: deadcoin|move: Taunt\n|cant|p2a: deadcoin|move: Taunt|Swords Dance\n|\n|upkeep\n|turn|21\n|inactive|palestjade has 120 seconds left.\n|c|\u2606palestjade|+1 252+ Atk Ceruledge Bitter Blade vs. 0 HP \/ 0 Def Tornadus-Therian: 283-334 (94.6 - 111.7%) -- guaranteed OHKO\n|c|\u2606palestjade|Ok\n|\n|t:|1700648074\n|move|p1a: Tornadus|Knock Off|p2a: deadcoin\n|-resisted|p2a: deadcoin\n|-damage|p2a: deadcoin|85\/100\n|-enditem|p2a: deadcoin|Black Glasses|[from] move: Knock Off|[of] p1a: Tornadus\n|move|p2a: deadcoin|Kowtow Cleave|p1a: Tornadus\n|-damage|p1a: Tornadus|0 fnt\n|faint|p1a: Tornadus\n|\n|upkeep\n|inactive|BananaOnToast has 60 seconds left.\n|c|\u2606BananaOnToast|i have evs\n|\n|t:|1700648100\n|switch|p1a: Lokix|Lokix, M|100\/100\n|turn|22\n|\n|t:|1700648108\n|move|p1a: Lokix|Leech Life|p2a: deadcoin\n|-damage|p2a: deadcoin|35\/100\n|move|p2a: deadcoin|Iron Head|p1a: Lokix\n|-damage|p1a: Lokix|0 fnt\n|faint|p1a: Lokix\n|\n|-end|p2a: deadcoin|move: Taunt\n|upkeep\n|c|\u2606palestjade|shadow sneak would have killed anyways\n|j| dfghhhg\n|inactive|BananaOnToast has 30 seconds left.\n|inactive|BananaOnToast has 20 seconds left.\n|c|\u2606BananaOnToast|i had sucker and first impression\n|inactive|BananaOnToast has 15 seconds left.\n|c|\u2606BananaOnToast|unaware water clef\n|\n|t:|1700648147\n|switch|p1a: Kingambit|Kingambit, M|100\/100\n|-activate|p1a: Kingambit|ability: Supreme Overlord\n|-start|p1a: Kingambit|fallen3|[silent]\n|turn|23\n|inactive|BananaOnToast has 25 seconds left this turn.\n|c|\u2606palestjade|yeah but that kill would have done a Good Amount\n|inactive|palestjade has 120 seconds left.\n|c|\u2606BananaOnToast|water ghold\n|c|\u2606palestjade|anyways gg\n|\n|t:|1700648167\n|move|p2a: deadcoin|Swords Dance|p2a: deadcoin\n|-boost|p2a: deadcoin|atk|2\n|move|p1a: Kingambit|Kowtow Cleave|p2a: deadcoin\n|-resisted|p2a: deadcoin\n|-damage|p2a: deadcoin|7\/100\n|\n|upkeep\n|turn|24\n|\n|t:|1700648172\n|move|p2a: deadcoin|Sucker Punch|p1a: Kingambit\n|-resisted|p1a: Kingambit\n|-damage|p1a: Kingambit|54\/100\n|move|p1a: Kingambit|Kowtow Cleave|p2a: deadcoin\n|-resisted|p2a: deadcoin\n|-damage|p2a: deadcoin|0 fnt\n|faint|p2a: deadcoin\n|-end|p2a: deadcoin|fallen5|[silent]\n|\n|win|BananaOnToast\n|raw|BananaOnToast's rating: 1537 &rarr; <strong>1562<\/strong><br \/>(+25 for winning)\n|raw|palestjade's rating: 1623 &rarr; <strong>1598<\/strong><br \/>(-25 for losing)\n","uploadtime":1700648175,"views":0,"p1id":"bananaontoast","p2id":"palestjade","formatid":"gen9ou","rating":1562,"private":0,"password":""}