{"id":"gen9ou-1991054355","p1":"WhackAnImp","p2":"Th3Shr3mp","format":"[Gen 9] OU","log":"|j|\u2606WhackAnImp\n|j|\u2606Th3Shr3mp\n|t:|1700035444\n|gametype|singles\n|player|p1|WhackAnImp|mars|\n|player|p2|Th3Shr3mp|youngcouple|\n|teamsize|p1|6\n|teamsize|p2|6\n|gen|9\n|tier|[Gen 9] OU\n|rule|Sleep Clause Mod: Limit one foe put to sleep\n|rule|Species Clause: Limit one of each Pok\u00e9mon\n|rule|OHKO Clause: OHKO moves are banned\n|rule|Evasion Items Clause: Evasion items are banned\n|rule|Evasion Moves Clause: Evasion moves are banned\n|rule|Endless Battle Clause: Forcing endless battles is banned\n|rule|HP Percentage Mod: HP is shown in percentages\n|clearpoke\n|poke|p1|Basculegion-F, F|\n|poke|p1|Bisharp, M|\n|poke|p1|Enamorus, F|\n|poke|p1|Empoleon, M|\n|poke|p1|Ninetales-Alola, M|\n|poke|p1|Noivern, M|\n|poke|p2|Kilowattrel, M|\n|poke|p2|Kingambit, M|\n|poke|p2|Eiscue, M|\n|poke|p2|Enamorus, F|\n|poke|p2|Vivillon-River, F|\n|poke|p2|Vespiquen, F|\n|teampreview\n|\n|t:|1700035479\n|start\n|switch|p1a: Empoleon|Empoleon, M|100\/100\n|switch|p2a: Vivillon|Vivillon-River, F|100\/100\n|turn|1\n|\n|t:|1700035490\n|move|p2a: Vivillon|Tailwind|p2a: Vivillon\n|-sidestart|p2: Th3Shr3mp|move: Tailwind\n|move|p1a: Empoleon|Flip Turn|p2a: Vivillon\n|-damage|p2a: Vivillon|71\/100\n|\n|t:|1700035506\n|switch|p1a: Noivern|Noivern, M|100\/100|[from] Flip Turn\n|\n|upkeep\n|turn|2\n|\n|t:|1700035512\n|move|p2a: Vivillon|Rain Dance|p2a: Vivillon\n|-weather|RainDance\n|move|p1a: Noivern|Flamethrower|p2a: Vivillon\n|-supereffective|p2a: Vivillon\n|-damage|p2a: Vivillon|29\/100\n|\n|-weather|RainDance|[upkeep]\n|upkeep\n|turn|3\n|\n|t:|1700035519\n|move|p2a: Vivillon|Rain Dance||[still]\n|-fail|p2a: Vivillon\n|move|p1a: Noivern|Flamethrower|p2a: Vivillon\n|-supereffective|p2a: Vivillon\n|-damage|p2a: Vivillon|0 fnt\n|faint|p2a: Vivillon\n|\n|-weather|RainDance|[upkeep]\n|upkeep\n|\n|t:|1700035523\n|switch|p2a: Kilowattrel|Kilowattrel, M|100\/100\n|turn|4\n|\n|t:|1700035537\n|move|p2a: Kilowattrel|Thunder|p1a: Noivern\n|-damage|p1a: Noivern|10\/100\n|-damage|p2a: Kilowattrel|91\/100|[from] item: Life Orb\n|move|p1a: Noivern|Draco Meteor|p2a: Kilowattrel\n|-damage|p2a: Kilowattrel|0 fnt\n|-unboost|p1a: Noivern|spa|2\n|faint|p2a: Kilowattrel\n|\n|-weather|RainDance|[upkeep]\n|-sideend|p2: Th3Shr3mp|move: Tailwind\n|upkeep\n|\n|t:|1700035552\n|switch|p2a: Enamorus|Enamorus, F|100\/100\n|turn|5\n|\n|t:|1700035570\n|move|p1a: Noivern|Flamethrower|p2a: Enamorus\n|-damage|p2a: Enamorus|92\/100\n|move|p2a: Enamorus|Springtide Storm|p1a: Noivern\n|-supereffective|p1a: Noivern\n|-damage|p1a: Noivern|0 fnt\n|faint|p1a: Noivern\n|\n|-weather|RainDance|[upkeep]\n|upkeep\n|\n|t:|1700035601\n|switch|p1a: Basculegion|Basculegion-F, F|100\/100\n|turn|6\n|\n|t:|1700035623\n|move|p1a: Basculegion|Ice Beam|p2a: Enamorus\n|-supereffective|p2a: Enamorus\n|-damage|p2a: Enamorus|24\/100\n|move|p2a: Enamorus|Springtide Storm|p1a: Basculegion|[miss]\n|-miss|p2a: Enamorus|p1a: Basculegion\n|\n|-weather|RainDance|[upkeep]\n|upkeep\n|turn|7\n|\n|t:|1700035637\n|move|p1a: Basculegion|Ice Beam|p2a: Enamorus\n|-supereffective|p2a: Enamorus\n|-crit|p2a: Enamorus\n|-damage|p2a: Enamorus|0 fnt\n|faint|p2a: Enamorus\n|\n|-weather|RainDance|[upkeep]\n|upkeep\n|\n|t:|1700035646\n|switch|p2a: Vespiquen|Vespiquen, F|100\/100\n|-ability|p2a: Vespiquen|Unnerve\n|turn|8\n|\n|t:|1700035657\n|move|p1a: Basculegion|Ice Beam|p2a: Vespiquen\n|-supereffective|p2a: Vespiquen\n|-damage|p2a: Vespiquen|63\/100\n|move|p2a: Vespiquen|Defend Order|p2a: Vespiquen\n|-boost|p2a: Vespiquen|def|1\n|-boost|p2a: Vespiquen|spd|1\n|\n|-weather|RainDance|[upkeep]\n|-heal|p2a: Vespiquen|69\/100|[from] item: Leftovers\n|upkeep\n|turn|9\n|\n|t:|1700035673\n|switch|p1a: Ninetales|Ninetales-Alola, M|100\/100\n|-weather|Snow|[from] ability: Snow Warning|[of] p1a: Ninetales\n|move|p2a: Vespiquen|Roost|p2a: Vespiquen\n|-heal|p2a: Vespiquen|100\/100\n|-singleturn|p2a: Vespiquen|move: Roost\n|\n|-weather|Snow|[upkeep]\n|upkeep\n|turn|10\n|\n|t:|1700035689\n|move|p1a: Ninetales|Encore|p2a: Vespiquen\n|-start|p2a: Vespiquen|Encore\n|move|p2a: Vespiquen|Roost||[still]\n|-fail|p2a: Vespiquen|heal\n|\n|-weather|Snow|[upkeep]\n|upkeep\n|turn|11\n|\n|t:|1700035703\n|move|p1a: Ninetales|Freeze-Dry|p2a: Vespiquen\n|-supereffective|p2a: Vespiquen\n|-damage|p2a: Vespiquen|77\/100\n|move|p2a: Vespiquen|Roost|p2a: Vespiquen\n|-heal|p2a: Vespiquen|100\/100\n|-singleturn|p2a: Vespiquen|move: Roost\n|\n|-weather|Snow|[upkeep]\n|upkeep\n|turn|12\n|\n|t:|1700035716\n|move|p1a: Ninetales|Freeze-Dry|p2a: Vespiquen\n|-supereffective|p2a: Vespiquen\n|-damage|p2a: Vespiquen|80\/100\n|move|p2a: Vespiquen|Roost|p2a: Vespiquen\n|-heal|p2a: Vespiquen|100\/100\n|-singleturn|p2a: Vespiquen|move: Roost\n|\n|-weather|Snow|[upkeep]\n|-end|p2a: Vespiquen|Encore\n|upkeep\n|turn|13\n|\n|t:|1700035742\n|move|p1a: Ninetales|Encore|p2a: Vespiquen\n|-start|p2a: Vespiquen|Encore\n|move|p2a: Vespiquen|Roost||[still]\n|-fail|p2a: Vespiquen|heal\n|\n|-weather|none\n|upkeep\n|turn|14\n|\n|t:|1700035756\n|switch|p1a: Enamorus|Enamorus, F|100\/100\n|switch|p2a: Eiscue|Eiscue, M|100\/100\n|\n|upkeep\n|turn|15\n|\n|t:|1700035804\n|move|p1a: Enamorus|Mystical Fire|p2a: Eiscue\n|-supereffective|p2a: Eiscue\n|-damage|p2a: Eiscue|11\/100\n|-unboost|p2a: Eiscue|spa|1\n|-enditem|p2a: Eiscue|Iapapa Berry|[eat]\n|-heal|p2a: Eiscue|45\/100|[from] item: Iapapa Berry\n|move|p2a: Eiscue|Ice Spinner|p1a: Enamorus\n|-supereffective|p1a: Enamorus\n|-damage|p1a: Enamorus|0 fnt\n|faint|p1a: Enamorus\n|\n|upkeep\n|\n|t:|1700035829\n|switch|p1a: Basculegion|Basculegion-F, F|100\/100\n|turn|16\n|\n|t:|1700035841\n|move|p1a: Basculegion|Shadow Ball|p2a: Eiscue\n|-damage|p2a: Eiscue|0 fnt\n|faint|p2a: Eiscue\n|\n|upkeep\n|\n|t:|1700035852\n|switch|p2a: Vespiquen|Vespiquen, F|100\/100\n|-ability|p2a: Vespiquen|Unnerve\n|turn|17\n|\n|t:|1700035885\n|switch|p1a: Ninetales|Ninetales-Alola, M|100\/100\n|-weather|Snow|[from] ability: Snow Warning|[of] p1a: Ninetales\n|move|p2a: Vespiquen|Toxic|p1a: Ninetales\n|-status|p1a: Ninetales|tox\n|\n|-weather|Snow|[upkeep]\n|-damage|p1a: Ninetales|94\/100 tox|[from] psn\n|upkeep\n|turn|18\n|\n|t:|1700035900\n|move|p1a: Ninetales|Freeze-Dry|p2a: Vespiquen\n|-supereffective|p2a: Vespiquen\n|-damage|p2a: Vespiquen|71\/100\n|move|p2a: Vespiquen|Attack Order|p1a: Ninetales\n|-resisted|p1a: Ninetales\n|-damage|p1a: Ninetales|82\/100 tox\n|\n|-weather|Snow|[upkeep]\n|-heal|p2a: Vespiquen|77\/100|[from] item: Leftovers\n|-damage|p1a: Ninetales|70\/100 tox|[from] psn\n|upkeep\n|turn|19\n|\n|t:|1700035916\n|switch|p2a: Kingambit|Kingambit, M|100\/100\n|-activate|p2a: Kingambit|ability: Supreme Overlord\n|-start|p2a: Kingambit|fallen4|[silent]\n|move|p1a: Ninetales|Aurora Veil|p1a: Ninetales\n|-sidestart|p1: WhackAnImp|move: Aurora Veil\n|\n|-weather|Snow|[upkeep]\n|-damage|p1a: Ninetales|52\/100 tox|[from] psn\n|upkeep\n|turn|20\n|\n|t:|1700035929\n|move|p1a: Ninetales|Moonblast|p2a: Kingambit\n|-damage|p2a: Kingambit|74\/100\n|move|p2a: Kingambit|Kowtow Cleave|p1a: Ninetales\n|-resisted|p1a: Ninetales\n|-damage|p1a: Ninetales|37\/100 tox\n|\n|-weather|Snow|[upkeep]\n|-heal|p2a: Kingambit|80\/100|[from] item: Leftovers\n|-damage|p1a: Ninetales|13\/100 tox|[from] psn\n|upkeep\n|turn|21\n|\n|t:|1700035944\n|move|p2a: Kingambit|Sucker Punch|p1a: Ninetales\n|-resisted|p1a: Ninetales\n|-damage|p1a: Ninetales|2\/100 tox\n|move|p1a: Ninetales|Moonblast|p2a: Kingambit\n|-damage|p2a: Kingambit|55\/100\n|\n|-weather|none\n|-heal|p2a: Kingambit|61\/100|[from] item: Leftovers\n|-damage|p1a: Ninetales|0 fnt|[from] psn\n|faint|p1a: Ninetales\n|upkeep\n|\n|t:|1700035948\n|switch|p1a: Bisharp|Bisharp, M|100\/100\n|turn|22\n|\n|t:|1700035966\n|move|p1a: Bisharp|Swords Dance|p1a: Bisharp\n|-boost|p1a: Bisharp|atk|2\n|move|p2a: Kingambit|Stone Edge|p1a: Bisharp\n|-resisted|p1a: Bisharp\n|-damage|p1a: Bisharp|88\/100\n|\n|-heal|p2a: Kingambit|67\/100|[from] item: Leftovers\n|upkeep\n|turn|23\n|\n|t:|1700035981\n|move|p1a: Bisharp|Low Kick|p2a: Kingambit\n|-supereffective|p2a: Kingambit\n|-damage|p2a: Kingambit|0 fnt\n|faint|p2a: Kingambit\n|-end|p2a: Kingambit|fallen4|[silent]\n|\n|upkeep\n|\n|t:|1700035987\n|switch|p2a: Vespiquen|Vespiquen, F|77\/100\n|-ability|p2a: Vespiquen|Unnerve\n|turn|24\n|\n|t:|1700036016\n|move|p1a: Bisharp|Iron Head|p2a: Vespiquen\n|-damage|p2a: Vespiquen|0 fnt\n|faint|p2a: Vespiquen\n|\n|win|WhackAnImp\n|l|\u2606Th3Shr3mp\n","uploadtime":1700036041,"views":9,"p1id":"whackanimp","p2id":"th3shr3mp","formatid":"gen9ou","rating":0,"private":0,"password":""}