{"id":"gen9ou-1993558947","p1":"Welcometoearth420","p2":"An^nsi","format":"[Gen 9] OU","log":"|j|\u2606Welcometoearth420\n|j|\u2606An^nsi\n|t:|1700331663\n|gametype|singles\n|player|p1|Welcometoearth420|102|1430\n|player|p2|An^nsi|burglar|1394\n|teamsize|p1|6\n|teamsize|p2|6\n|gen|9\n|tier|[Gen 9] OU\n|rated|\n|rule|Sleep Clause Mod: Limit one foe put to sleep\n|rule|Species Clause: Limit one of each Pok\u00e9mon\n|rule|OHKO Clause: OHKO moves are banned\n|rule|Evasion Items Clause: Evasion items are banned\n|rule|Evasion Moves Clause: Evasion moves are banned\n|rule|Endless Battle Clause: Forcing endless battles is banned\n|rule|HP Percentage Mod: HP is shown in percentages\n|clearpoke\n|poke|p1|Amoonguss, M|\n|poke|p1|Gholdengo|\n|poke|p1|Zamazenta-*|\n|poke|p1|Ting-Lu|\n|poke|p1|Zapdos|\n|poke|p1|Slowking-Galar, F|\n|poke|p2|Samurott-Hisui, F|\n|poke|p2|Iron Valiant|\n|poke|p2|Thundurus-Therian, M|\n|poke|p2|Gholdengo|\n|poke|p2|Iron Treads|\n|poke|p2|Hoopa-Unbound|\n|teampreview\n|inactive|Battle timer is ON: inactive players will automatically lose when time's up. (requested by An^nsi)\n|\n|t:|1700331675\n|start\n|switch|p1a: Ting-Lu|Ting-Lu|100\/100\n|switch|p2a: Katrina|Thundurus-Therian, M, shiny|100\/100\n|-ability|p1a: Ting-Lu|Vessel of Ruin\n|turn|1\n|\n|t:|1700331683\n|switch|p2a: Sith|Samurott-Hisui, F, shiny|100\/100\n|move|p1a: Ting-Lu|Stealth Rock|p2a: Sith\n|-sidestart|p2: An^nsi|move: Stealth Rock\n|\n|upkeep\n|turn|2\n|l|\u2606An^nsi\n|inactive|An^nsi disconnected and has a minute to reconnect!\n|player|p2|\n|j|\u2606An^nsi\n|inactive|An^nsi reconnected and has 125 seconds left.\n|player|p2|An^nsi|burglar\n|\n|t:|1700331711\n|switch|p1a: Zapdos|Zapdos|100\/100\n|move|p2a: Sith|Razor Shell|p1a: Zapdos\n|-damage|p1a: Zapdos|60\/100\n|\n|upkeep\n|turn|3\n|\n|t:|1700331724\n|switch|p2a: Katrina|Thundurus-Therian, M, shiny|100\/100\n|-damage|p2a: Katrina|75\/100|[from] Stealth Rock\n|move|p1a: Zapdos|Roost|p1a: Zapdos\n|-heal|p1a: Zapdos|100\/100\n|-singleturn|p1a: Zapdos|move: Roost\n|\n|upkeep\n|turn|4\n|\n|t:|1700331737\n|switch|p1a: Slowking|Slowking-Galar, F|100\/100\n|move|p2a: Katrina|Tera Blast|p1a: Slowking\n|-damage|p1a: Slowking|76\/100\n|-damage|p2a: Katrina|65\/100|[from] item: Life Orb\n|\n|upkeep\n|turn|5\n|\n|t:|1700331747\n|move|p2a: Katrina|Volt Switch|p1a: Slowking\n|-damage|p1a: Slowking|46\/100\n|-damage|p2a: Katrina|56\/100|[from] item: Life Orb\n|l|\u2606An^nsi\n|inactive|An^nsi disconnected and has a minute to reconnect!\n|player|p2|\n|j|\u2606An^nsi\n|inactive|An^nsi reconnected and has 130 seconds left.\n|player|p2|An^nsi|burglar\n|\n|t:|1700331766\n|switch|p2a: Hot Wheelz|Iron Treads|100\/100|[from] Volt Switch\n|-damage|p2a: Hot Wheelz|98\/100|[from] Stealth Rock\n|-enditem|p2a: Hot Wheelz|Booster Energy\n|-activate|p2a: Hot Wheelz|ability: Quark Drive|[fromitem]\n|-start|p2a: Hot Wheelz|quarkdrivespe\n|move|p1a: Slowking|Chilly Reception|p1a: Slowking\n|-weather|Snow\n|\n|t:|1700331786\n|switch|p1a: Zamazenta|Zamazenta|100\/100|[from] Chilly Reception\n|-ability|p1a: Zamazenta|Dauntless Shield|boost\n|-boost|p1a: Zamazenta|def|1\n|\n|-weather|Snow|[upkeep]\n|upkeep\n|turn|6\n|inactive|An^nsi has 120 seconds left.\n|\n|t:|1700331824\n|-end|p2a: Hot Wheelz|Quark Drive|[silent]\n|switch|p2a: Pinkerton|Gholdengo, shiny|100\/100\n|-damage|p2a: Pinkerton|94\/100|[from] Stealth Rock\n|move|p1a: Zamazenta|Close Combat|p2a: Pinkerton\n|-immune|p2a: Pinkerton\n|\n|-weather|Snow|[upkeep]\n|upkeep\n|turn|7\n|\n|t:|1700331831\n|move|p1a: Zamazenta|Crunch|p2a: Pinkerton\n|-supereffective|p2a: Pinkerton\n|-damage|p2a: Pinkerton|58\/100\n|-enditem|p2a: Pinkerton|Red Card|[of] p1a: Zamazenta\n|drag|p1a: Gholdengo|Gholdengo|100\/100\n|move|p2a: Pinkerton|Nasty Plot|p2a: Pinkerton\n|-boost|p2a: Pinkerton|spa|2\n|\n|-weather|Snow|[upkeep]\n|upkeep\n|turn|8\n|\n|t:|1700331838\n|-terastallize|p2a: Pinkerton|Fairy\n|move|p1a: Gholdengo|Shadow Ball|p2a: Pinkerton\n|-damage|p2a: Pinkerton|0 fnt\n|faint|p2a: Pinkerton\n|\n|-weather|Snow|[upkeep]\n|upkeep\n|\n|t:|1700331848\n|switch|p2a: Sith|Samurott-Hisui, F, shiny|100\/100\n|-damage|p2a: Sith|88\/100|[from] Stealth Rock\n|turn|9\n|\n|t:|1700331854\n|switch|p1a: Amoonguss|Amoonguss, M|100\/100\n|move|p2a: Sith|Ceaseless Edge|p1a: Amoonguss\n|-damage|p1a: Amoonguss|65\/100\n|-sidestart|p1: Welcometoearth420|Spikes\n|\n|-weather|none\n|upkeep\n|turn|10\n|\n|t:|1700331860\n|move|p2a: Sith|Ceaseless Edge|p1a: Amoonguss\n|-damage|p1a: Amoonguss|25\/100\n|-sidestart|p1: Welcometoearth420|Spikes\n|move|p1a: Amoonguss|Giga Drain|p2a: Sith\n|-supereffective|p2a: Sith\n|-damage|p2a: Sith|25\/100\n|-heal|p1a: Amoonguss|48\/100|[from] drain|[of] p2a: Sith\n|\n|upkeep\n|turn|11\n|\n|t:|1700331870\n|move|p2a: Sith|Ceaseless Edge|p1a: Amoonguss\n|-damage|p1a: Amoonguss|13\/100\n|-sidestart|p1: Welcometoearth420|Spikes\n|move|p1a: Amoonguss|Giga Drain|p2a: Sith\n|-supereffective|p2a: Sith\n|-damage|p2a: Sith|0 fnt\n|-heal|p1a: Amoonguss|22\/100|[from] drain|[of] p2a: Sith\n|faint|p2a: Sith\n|\n|upkeep\n|\n|t:|1700331876\n|switch|p2a: Hot Wheelz|Iron Treads|98\/100\n|-damage|p2a: Hot Wheelz|95\/100|[from] Stealth Rock\n|turn|12\n|\n|t:|1700331883\n|switch|p1a: Zamazenta|Zamazenta|100\/100\n|-damage|p1a: Zamazenta|76\/100|[from] Spikes\n|move|p2a: Hot Wheelz|Knock Off|p1a: Zamazenta\n|-resisted|p1a: Zamazenta\n|-damage|p1a: Zamazenta|66\/100\n|-enditem|p1a: Zamazenta|Leftovers|[from] move: Knock Off|[of] p2a: Hot Wheelz\n|\n|upkeep\n|turn|13\n|\n|t:|1700331890\n|move|p1a: Zamazenta|Close Combat|p2a: Hot Wheelz\n|-supereffective|p2a: Hot Wheelz\n|-damage|p2a: Hot Wheelz|14\/100\n|-unboost|p1a: Zamazenta|def|1\n|-unboost|p1a: Zamazenta|spd|1\n|move|p2a: Hot Wheelz|Rapid Spin|p1a: Zamazenta\n|-crit|p1a: Zamazenta\n|-damage|p1a: Zamazenta|42\/100\n|-boost|p2a: Hot Wheelz|spe|1\n|-sideend|p2: An^nsi|Stealth Rock|[from] move: Rapid Spin|[of] p2a: Hot Wheelz\n|\n|upkeep\n|turn|14\n|\n|t:|1700331897\n|switch|p1a: Zapdos|Zapdos|100\/100\n|move|p2a: Hot Wheelz|Earthquake|p1a: Zapdos\n|-immune|p1a: Zapdos\n|\n|upkeep\n|turn|15\n|\n|t:|1700331905\n|move|p2a: Hot Wheelz|Ice Spinner|p1a: Zapdos\n|-supereffective|p1a: Zapdos\n|-damage|p1a: Zapdos|72\/100\n|-status|p2a: Hot Wheelz|par|[from] ability: Static|[of] p1a: Zapdos\n|move|p1a: Zapdos|Hurricane|p2a: Hot Wheelz\n|-resisted|p2a: Hot Wheelz\n|-damage|p2a: Hot Wheelz|0 fnt\n|faint|p2a: Hot Wheelz\n|-end|p2a: Hot Wheelz|Quark Drive|[silent]\n|\n|upkeep\n|\n|t:|1700331914\n|switch|p2a: Vishnu|Hoopa-Unbound|100\/100\n|turn|16\n|\n|t:|1700331923\n|switch|p1a: Ting-Lu|Ting-Lu|100\/100\n|-damage|p1a: Ting-Lu|76\/100|[from] Spikes\n|-ability|p1a: Ting-Lu|Vessel of Ruin\n|move|p2a: Vishnu|Psychic|p1a: Ting-Lu\n|-immune|p1a: Ting-Lu\n|\n|-heal|p1a: Ting-Lu|82\/100|[from] item: Leftovers\n|upkeep\n|turn|17\n|\n|t:|1700331929\n|move|p2a: Vishnu|Drain Punch|p1a: Ting-Lu\n|-supereffective|p1a: Ting-Lu\n|-damage|p1a: Ting-Lu|50\/100\n|move|p1a: Ting-Lu|Stealth Rock|p2a: Vishnu\n|-sidestart|p2: An^nsi|move: Stealth Rock\n|\n|-heal|p1a: Ting-Lu|57\/100|[from] item: Leftovers\n|upkeep\n|turn|18\n|\n|t:|1700331939\n|move|p2a: Vishnu|Drain Punch|p1a: Ting-Lu\n|-supereffective|p1a: Ting-Lu\n|-damage|p1a: Ting-Lu|26\/100\n|move|p1a: Ting-Lu|Whirlwind|p2a: Vishnu\n|drag|p2a: Wally.exe|Iron Valiant|100\/100\n|-damage|p2a: Wally.exe|94\/100|[from] Stealth Rock\n|-enditem|p2a: Wally.exe|Booster Energy\n|-activate|p2a: Wally.exe|ability: Quark Drive|[fromitem]\n|-start|p2a: Wally.exe|quarkdrivespe\n|\n|-heal|p1a: Ting-Lu|32\/100|[from] item: Leftovers\n|upkeep\n|turn|19\n|\n|t:|1700331950\n|switch|p1a: Gholdengo|Gholdengo|100\/100\n|-damage|p1a: Gholdengo|76\/100|[from] Spikes\n|move|p2a: Wally.exe|Moonblast|p1a: Gholdengo\n|-resisted|p1a: Gholdengo\n|-damage|p1a: Gholdengo|48\/100\n|-unboost|p1a: Gholdengo|spa|1\n|\n|upkeep\n|turn|20\n|\n|t:|1700331979\n|-end|p2a: Wally.exe|Quark Drive|[silent]\n|switch|p2a: Vishnu|Hoopa-Unbound|100\/100\n|-damage|p2a: Vishnu|88\/100|[from] Stealth Rock\n|move|p1a: Gholdengo|Make It Rain|p2a: Vishnu\n|-damage|p2a: Vishnu|58\/100\n|-unboost|p1a: Gholdengo|spa|1\n|\n|upkeep\n|turn|21\n|\n|t:|1700331997\n|switch|p1a: Ting-Lu|Ting-Lu|32\/100\n|-damage|p1a: Ting-Lu|7\/100|[from] Spikes\n|-ability|p1a: Ting-Lu|Vessel of Ruin\n|move|p2a: Vishnu|Knock Off|p1a: Ting-Lu\n|-resisted|p1a: Ting-Lu\n|-damage|p1a: Ting-Lu|0 fnt\n|-enditem|p1a: Ting-Lu|Leftovers|[from] move: Knock Off|[of] p2a: Vishnu\n|faint|p1a: Ting-Lu\n|\n|upkeep\n|\n|t:|1700332006\n|switch|p1a: Zapdos|Zapdos|72\/100\n|turn|22\n|\n|t:|1700332017\n|move|p1a: Zapdos|Hurricane|p2a: Vishnu|[miss]\n|-miss|p1a: Zapdos|p2a: Vishnu\n|move|p2a: Vishnu|Psychic|p1a: Zapdos\n|-damage|p1a: Zapdos|18\/100\n|\n|upkeep\n|turn|23\n|\n|t:|1700332031\n|move|p1a: Zapdos|Hurricane|p2a: Vishnu|[miss]\n|-miss|p1a: Zapdos|p2a: Vishnu\n|move|p2a: Vishnu|Psychic|p1a: Zapdos\n|-damage|p1a: Zapdos|0 fnt\n|faint|p1a: Zapdos\n|\n|upkeep\n|\n|t:|1700332033\n|switch|p1a: Zamazenta|Zamazenta|42\/100\n|-damage|p1a: Zamazenta|17\/100|[from] Spikes\n|turn|24\n|\n|t:|1700332042\n|move|p1a: Zamazenta|Close Combat|p2a: Vishnu\n|-damage|p2a: Vishnu|0 fnt\n|-unboost|p1a: Zamazenta|def|1\n|-unboost|p1a: Zamazenta|spd|1\n|faint|p2a: Vishnu\n|\n|upkeep\n|\n|t:|1700332050\n|switch|p2a: Wally.exe|Iron Valiant|94\/100\n|-damage|p2a: Wally.exe|88\/100|[from] Stealth Rock\n|turn|25\n|\n|t:|1700332053\n|-terastallize|p1a: Zamazenta|Steel\n|move|p1a: Zamazenta|Heavy Slam|p2a: Wally.exe\n|-supereffective|p2a: Wally.exe\n|-damage|p2a: Wally.exe|0 fnt\n|faint|p2a: Wally.exe\n|-end|p2a: Wally.exe|Quark Drive|[silent]\n|\n|upkeep\n|\n|t:|1700332058\n|switch|p2a: Katrina|Thundurus-Therian, M, shiny|56\/100\n|-damage|p2a: Katrina|30\/100|[from] Stealth Rock\n|turn|26\n|\n|t:|1700332061\n|move|p1a: Zamazenta|Stone Edge|p2a: Katrina\n|-supereffective|p2a: Katrina\n|-damage|p2a: Katrina|0 fnt\n|faint|p2a: Katrina\n|\n|win|Welcometoearth420\n|raw|Welcometoearth420's rating: 1430 &rarr; <strong>1448<\/strong><br \/>(+18 for winning)\n|raw|An^nsi's rating: 1394 &rarr; <strong>1376<\/strong><br \/>(-18 for losing)\n|l|\u2606An^nsi\n|c|\u2606Welcometoearth420|gg\n","uploadtime":1700332066,"views":9,"p1id":"welcometoearth420","p2id":"annsi","formatid":"gen9ou","rating":1376,"private":0,"password":""}