{"id":"gen9ou-1997810158","p1":"INsane Necrozma","p2":"hhet","format":"[Gen 9] OU","log":"|j|\u2606INsane Necrozma\n|j|\u2606hhet\n|t:|1700855127\n|gametype|singles\n|player|p1|INsane Necrozma|linebacker|1305\n|player|p2|hhet|cynthia-gen4|1304\n|teamsize|p1|6\n|teamsize|p2|6\n|gen|9\n|tier|[Gen 9] OU\n|rated|\n|rule|Sleep Clause Mod: Limit one foe put to sleep\n|rule|Species Clause: Limit one of each Pok\u00e9mon\n|rule|OHKO Clause: OHKO moves are banned\n|rule|Evasion Items Clause: Evasion items are banned\n|rule|Evasion Moves Clause: Evasion moves are banned\n|rule|Endless Battle Clause: Forcing endless battles is banned\n|rule|HP Percentage Mod: HP is shown in percentages\n|clearpoke\n|poke|p1|Garchomp, F|\n|poke|p1|Ogerpon-Wellspring, F|\n|poke|p1|Enamorus, F|\n|poke|p1|Gholdengo|\n|poke|p1|Alomomola, F|\n|poke|p1|Ribombee, F|\n|poke|p2|Gholdengo|\n|poke|p2|Ribombee, F|\n|poke|p2|Iron Valiant|\n|poke|p2|Kingambit, F|\n|poke|p2|Iron Moth|\n|poke|p2|Dragonite, M|\n|teampreview\n|\n|t:|1700855145\n|start\n|switch|p1a: Ribombee|Ribombee, F, shiny|100\/100\n|switch|p2a: Ribombee|Ribombee, F|100\/100\n|turn|1\n|\n|t:|1700855150\n|move|p2a: Ribombee|Sticky Web|p1a: Ribombee\n|-sidestart|p1: INsane Necrozma|move: Sticky Web\n|move|p1a: Ribombee|Stun Spore|p2a: Ribombee\n|-status|p2a: Ribombee|par\n|\n|upkeep\n|turn|2\n|\n|t:|1700855168\n|move|p1a: Ribombee|Sticky Web|p2a: Ribombee\n|-sidestart|p2: hhet|move: Sticky Web\n|cant|p2a: Ribombee|par\n|\n|upkeep\n|turn|3\n|\n|t:|1700855172\n|move|p1a: Ribombee|Moonblast|p2a: Ribombee\n|-damage|p2a: Ribombee|28\/100 par\n|move|p2a: Ribombee|Moonblast|p1a: Ribombee\n|-damage|p1a: Ribombee|27\/100\n|\n|upkeep\n|turn|4\n|inactive|Battle timer is ON: inactive players will automatically lose when time's up. (requested by INsane Necrozma)\n|\n|t:|1700855191\n|move|p1a: Ribombee|Moonblast|p2a: Ribombee\n|-damage|p2a: Ribombee|0 fnt\n|faint|p2a: Ribombee\n|\n|upkeep\n|\n|t:|1700855199\n|switch|p2a: Gholdengo|Gholdengo|100\/100\n|-activate|p2a: Gholdengo|move: Sticky Web\n|-unboost|p2a: Gholdengo|spe|1\n|turn|5\n|\n|t:|1700855210\n|switch|p1a: Alomomola|Alomomola, F|100\/100\n|move|p2a: Gholdengo|Shadow Ball|p1a: Alomomola\n|-damage|p1a: Alomomola|50\/100\n|\n|upkeep\n|turn|6\n|\n|t:|1700855218\n|move|p2a: Gholdengo|Shadow Ball|p1a: Alomomola\n|-damage|p1a: Alomomola|0 fnt\n|faint|p1a: Alomomola\n|\n|upkeep\n|\n|t:|1700855223\n|switch|p1a: UUBL|Garchomp, F|100\/100\n|-activate|p1a: UUBL|move: Sticky Web\n|-unboost|p1a: UUBL|spe|1\n|turn|7\n|\n|t:|1700855244\n|switch|p2a: Iron Valiant|Iron Valiant|100\/100\n|-activate|p2a: Iron Valiant|move: Sticky Web\n|-unboost|p2a: Iron Valiant|spe|1\n|-enditem|p2a: Iron Valiant|Booster Energy\n|-activate|p2a: Iron Valiant|ability: Quark Drive|[fromitem]\n|-start|p2a: Iron Valiant|quarkdrivespa\n|move|p1a: UUBL|Swords Dance|p1a: UUBL\n|-boost|p1a: UUBL|atk|2\n|\n|upkeep\n|turn|8\n|\n|t:|1700855251\n|-terastallize|p1a: UUBL|Steel\n|move|p2a: Iron Valiant|Encore|p1a: UUBL\n|-start|p1a: UUBL|Encore\n|move|p1a: UUBL|Swords Dance|p1a: UUBL\n|-boost|p1a: UUBL|atk|2\n|\n|upkeep\n|turn|9\n|\n|t:|1700855257\n|-end|p2a: Iron Valiant|Quark Drive|[silent]\n|switch|p2a: Iron Moth|Iron Moth|100\/100\n|-activate|p2a: Iron Moth|move: Sticky Web\n|-unboost|p2a: Iron Moth|spe|1\n|-enditem|p2a: Iron Moth|Booster Energy\n|-activate|p2a: Iron Moth|ability: Quark Drive|[fromitem]\n|-start|p2a: Iron Moth|quarkdrivespa\n|move|p1a: UUBL|Swords Dance|p1a: UUBL\n|-boost|p1a: UUBL|atk|2\n|\n|upkeep\n|turn|10\n|\n|t:|1700855267\n|switch|p1a: Ogerpon|Ogerpon-Wellspring, F|100\/100\n|-activate|p1a: Ogerpon|move: Sticky Web\n|-unboost|p1a: Ogerpon|spe|1\n|move|p2a: Iron Moth|Fiery Dance|p1a: Ogerpon\n|-damage|p1a: Ogerpon|36\/100\n|-boost|p2a: Iron Moth|spa|1\n|\n|upkeep\n|turn|11\n|\n|t:|1700855275\n|-terastallize|p2a: Iron Moth|Grass\n|move|p2a: Iron Moth|Fiery Dance|p1a: Ogerpon\n|-damage|p1a: Ogerpon|0 fnt\n|-boost|p2a: Iron Moth|spa|1\n|faint|p1a: Ogerpon\n|\n|upkeep\n|\n|t:|1700855277\n|switch|p1a: Enamorus|Enamorus, F|100\/100\n|turn|12\n|-message|INsane Necrozma forfeited.\n|\n|win|hhet\n|raw|INsane Necrozma's rating: 1305 &rarr; <strong>1285<\/strong><br \/>(-20 for losing)\n|raw|hhet's rating: 1304 &rarr; <strong>1324<\/strong><br \/>(+20 for winning)\n|l|\u2606INsane Necrozma\n","uploadtime":1700855284,"views":3,"p1id":"insanenecrozma","p2id":"hhet","formatid":"gen9ou","rating":1285,"private":0,"password":""}