{"id":"gen9ou-1994180477","p1":"TadaNoSlime","p2":"PLAYB0I R0BBIE B","format":"[Gen 9] OU","log":"|j|\u2606TadaNoSlime\n|j|\u2606PLAYB0I R0BBIE B\n|t:|1700416041\n|gametype|singles\n|player|p1|TadaNoSlime|maid|1111\n|player|p2|PLAYB0I R0BBIE B|eusine|1199\n|teamsize|p1|6\n|teamsize|p2|6\n|gen|9\n|tier|[Gen 9] OU\n|rated|\n|rule|Sleep Clause Mod: Limit one foe put to sleep\n|rule|Species Clause: Limit one of each Pok\u00e9mon\n|rule|OHKO Clause: OHKO moves are banned\n|rule|Evasion Items Clause: Evasion items are banned\n|rule|Evasion Moves Clause: Evasion moves are banned\n|rule|Endless Battle Clause: Forcing endless battles is banned\n|rule|HP Percentage Mod: HP is shown in percentages\n|clearpoke\n|poke|p1|Chansey, F|\n|poke|p1|Toxapex, M|\n|poke|p1|Kingambit, F|\n|poke|p1|Dragapult, M|\n|poke|p1|Thundurus-Therian, M|\n|poke|p1|Haxorus, F|\n|poke|p2|Meowscarada, F|\n|poke|p2|Thundurus-Therian, M|\n|poke|p2|Dragapult, F|\n|poke|p2|Heatran, F|\n|poke|p2|Great Tusk|\n|poke|p2|Slowking-Galar, F|\n|teampreview\n|inactive|Battle timer is ON: inactive players will automatically lose when time's up. (requested by PLAYB0I R0BBIE B)\n|\n|t:|1700416068\n|start\n|switch|p1a: Kingambit|Kingambit, F|100\/100\n|switch|p2a: ASTROTHUNDER|Thundurus-Therian, M|100\/100\n|turn|1\n|\n|t:|1700416078\n|-end|p1a: Kingambit|fallenundefined|[silent]\n|switch|p1a: Chansey|Chansey, F|100\/100\n|move|p2a: ASTROTHUNDER|Volt Switch|p1a: Chansey\n|-damage|p1a: Chansey|86\/100\n|\n|t:|1700416082\n|switch|p2a: SICKO MODE|Meowscarada, F|100\/100|[from] Volt Switch\n|\n|upkeep\n|turn|2\n|\n|t:|1700416094\n|switch|p1a: Toxapex|Toxapex, M|100\/100\n|move|p2a: SICKO MODE|Knock Off|p1a: Toxapex\n|-start|p2a: SICKO MODE|typechange|Dark|[from] ability: Protean\n|-damage|p1a: Toxapex|60\/100\n|-enditem|p1a: Toxapex|Black Sludge|[from] move: Knock Off|[of] p2a: SICKO MODE\n|\n|upkeep\n|turn|3\n|\n|t:|1700416104\n|switch|p2a: WAKE UP|Slowking-Galar, F|100\/100\n|move|p1a: Toxapex|Iron Defense|p1a: Toxapex\n|-boost|p1a: Toxapex|def|2\n|\n|upkeep\n|turn|4\n|\n|t:|1700416114\n|switch|p1a: Chansey|Chansey, F|86\/100\n|move|p2a: WAKE UP|Future Sight|p1a: Chansey\n|-start|p2a: WAKE UP|move: Future Sight\n|\n|upkeep\n|turn|5\n|\n|t:|1700416119\n|switch|p2a: ASTROTHUNDER|Thundurus-Therian, M|100\/100\n|move|p1a: Chansey|Stealth Rock|p2a: ASTROTHUNDER\n|-sidestart|p2: PLAYB0I R0BBIE B|move: Stealth Rock\n|\n|upkeep\n|turn|6\n|\n|t:|1700416129\n|move|p2a: ASTROTHUNDER|Knock Off|p1a: Chansey\n|-damage|p1a: Chansey|53\/100\n|-enditem|p1a: Chansey|Eviolite|[from] move: Knock Off|[of] p2a: ASTROTHUNDER\n|move|p1a: Chansey|Thunder Wave|p2a: ASTROTHUNDER\n|-immune|p2a: ASTROTHUNDER|[from] ability: Volt Absorb\n|\n|-end|p1a: Chansey|move: Future Sight\n|-damage|p1a: Chansey|35\/100\n|upkeep\n|turn|7\n|\n|t:|1700416148\n|switch|p2a: YOSEMITE|Great Tusk|100\/100\n|move|p1a: Chansey|Soft-Boiled|p1a: Chansey\n|-heal|p1a: Chansey|85\/100\n|\n|upkeep\n|turn|8\n|\n|t:|1700416155\n|move|p2a: YOSEMITE|Ice Spinner|p1a: Chansey\n|-damage|p1a: Chansey|11\/100\n|move|p1a: Chansey|Seismic Toss|p2a: YOSEMITE\n|-damage|p2a: YOSEMITE|74\/100\n|\n|upkeep\n|turn|9\n|\n|t:|1700416163\n|switch|p1a: Toxapex|Toxapex, M|93\/100\n|move|p2a: YOSEMITE|Rapid Spin|p1a: Toxapex\n|-damage|p1a: Toxapex|82\/100\n|-boost|p2a: YOSEMITE|spe|1\n|-sideend|p2: PLAYB0I R0BBIE B|Stealth Rock|[from] move: Rapid Spin|[of] p2a: YOSEMITE\n|\n|upkeep\n|turn|10\n|\n|t:|1700416172\n|move|p2a: YOSEMITE|Headlong Rush|p1a: Toxapex\n|-supereffective|p1a: Toxapex\n|-damage|p1a: Toxapex|11\/100\n|-unboost|p2a: YOSEMITE|def|1\n|-unboost|p2a: YOSEMITE|spd|1\n|move|p1a: Toxapex|Iron Defense|p1a: Toxapex\n|-boost|p1a: Toxapex|def|2\n|\n|upkeep\n|turn|11\n|\n|t:|1700416182\n|move|p1a: Toxapex|Baneful Bunker|p1a: Toxapex\n|-singleturn|p1a: Toxapex|move: Protect\n|move|p2a: YOSEMITE|Headlong Rush|p1a: Toxapex\n|-activate|p1a: Toxapex|move: Protect\n|-status|p2a: YOSEMITE|psn\n|\n|-damage|p2a: YOSEMITE|61\/100 psn|[from] psn\n|upkeep\n|turn|12\n|\n|t:|1700416206\n|switch|p1a: Thundurus|Thundurus-Therian, M|100\/100\n|move|p2a: YOSEMITE|Headlong Rush|p1a: Thundurus\n|-immune|p1a: Thundurus\n|\n|-damage|p2a: YOSEMITE|49\/100 psn|[from] psn\n|upkeep\n|turn|13\n|\n|t:|1700416213\n|-end|p2a: YOSEMITE|Protosynthesis|[silent]\n|switch|p2a: ASTROTHUNDER|Thundurus-Therian, M|100\/100\n|move|p1a: Thundurus|Grass Knot|p2a: ASTROTHUNDER\n|-resisted|p2a: ASTROTHUNDER\n|-damage|p2a: ASTROTHUNDER|79\/100\n|\n|upkeep\n|turn|14\n|\n|t:|1700416237\n|move|p2a: ASTROTHUNDER|Tera Blast|p1a: Thundurus\n|-damage|p1a: Thundurus|34\/100\n|move|p1a: Thundurus|Focus Blast|p2a: ASTROTHUNDER\n|-resisted|p2a: ASTROTHUNDER\n|-damage|p2a: ASTROTHUNDER|47\/100\n|\n|upkeep\n|turn|15\n|\n|t:|1700416248\n|switch|p1a: Toxapex|Toxapex, M|44\/100\n|move|p2a: ASTROTHUNDER|Tera Blast|p1a: Toxapex\n|-damage|p1a: Toxapex|4\/100\n|\n|upkeep\n|turn|16\n|\n|t:|1700416261\n|move|p1a: Toxapex|Baneful Bunker|p1a: Toxapex\n|-singleturn|p1a: Toxapex|move: Protect\n|move|p2a: ASTROTHUNDER|Tera Blast|p1a: Toxapex\n|-activate|p1a: Toxapex|move: Protect\n|\n|upkeep\n|turn|17\n|\n|t:|1700416276\n|switch|p1a: Dragapult|Dragapult, M|100\/100\n|move|p2a: ASTROTHUNDER|Tera Blast|p1a: Dragapult\n|-immune|p1a: Dragapult\n|\n|upkeep\n|turn|18\n|\n|t:|1700416285\n|switch|p2a: YOSEMITE|Great Tusk|49\/100 psn\n|move|p1a: Dragapult|Substitute|p1a: Dragapult\n|-start|p1a: Dragapult|Substitute\n|-damage|p1a: Dragapult|76\/100\n|\n|-heal|p1a: Dragapult|82\/100|[from] item: Leftovers\n|-damage|p2a: YOSEMITE|36\/100 psn|[from] psn\n|upkeep\n|turn|19\n|\n|t:|1700416296\n|move|p1a: Dragapult|Dragon Dance|p1a: Dragapult\n|-boost|p1a: Dragapult|atk|1\n|-boost|p1a: Dragapult|spe|1\n|move|p2a: YOSEMITE|Ice Spinner|p1a: Dragapult\n|-supereffective|p1a: Dragapult\n|-end|p1a: Dragapult|Substitute\n|\n|-heal|p1a: Dragapult|88\/100|[from] item: Leftovers\n|-damage|p2a: YOSEMITE|24\/100 psn|[from] psn\n|upkeep\n|turn|20\n|\n|t:|1700416308\n|move|p1a: Dragapult|Substitute|p1a: Dragapult\n|-start|p1a: Dragapult|Substitute\n|-damage|p1a: Dragapult|63\/100\n|move|p2a: YOSEMITE|Ice Spinner|p1a: Dragapult\n|-supereffective|p1a: Dragapult\n|-end|p1a: Dragapult|Substitute\n|\n|-heal|p1a: Dragapult|69\/100|[from] item: Leftovers\n|-damage|p2a: YOSEMITE|12\/100 psn|[from] psn\n|upkeep\n|turn|21\n|\n|t:|1700416321\n|move|p1a: Dragapult|Dragon Darts|p2a: YOSEMITE\n|-damage|p2a: YOSEMITE|0 fnt\n|faint|p2a: YOSEMITE\n|-end|p2a: YOSEMITE|Protosynthesis|[silent]\n|\n|-heal|p1a: Dragapult|75\/100|[from] item: Leftovers\n|upkeep\n|inactive|PLAYB0I R0BBIE B has 120 seconds left.\n|\n|t:|1700416351\n|switch|p2a: 5% TINT|Heatran, F|100\/100\n|-item|p2a: 5% TINT|Air Balloon\n|turn|22\n|\n|t:|1700416358\n|move|p1a: Dragapult|Substitute|p1a: Dragapult\n|-start|p1a: Dragapult|Substitute\n|-damage|p1a: Dragapult|50\/100\n|move|p2a: 5% TINT|Magma Storm|p1a: Dragapult\n|-resisted|p1a: Dragapult\n|-end|p1a: Dragapult|Substitute\n|\n|-heal|p1a: Dragapult|56\/100|[from] item: Leftovers\n|upkeep\n|turn|23\n|\n|t:|1700416366\n|move|p1a: Dragapult|Dragon Darts|p2a: 5% TINT\n|-resisted|p2a: 5% TINT\n|-damage|p2a: 5% TINT|83\/100\n|-enditem|p2a: 5% TINT|Air Balloon\n|-anim|p1a: Dragapult|Dragon Darts|p2a: 5% TINT\n|-resisted|p2a: 5% TINT\n|-damage|p2a: 5% TINT|66\/100\n|move|p2a: 5% TINT|Magma Storm|p1a: Dragapult\n|-resisted|p1a: Dragapult\n|-damage|p1a: Dragapult|22\/100\n|-activate|p1a: Dragapult|move: Magma Storm|[of] p2a: 5% TINT\n|\n|-heal|p1a: Dragapult|28\/100|[from] item: Leftovers\n|-damage|p1a: Dragapult|15\/100|[from] move: Magma Storm|[partiallytrapped]\n|upkeep\n|turn|24\n|\n|t:|1700416374\n|switch|p1a: Toxapex|Toxapex, M|37\/100\n|move|p2a: 5% TINT|Earth Power|p1a: Toxapex\n|-supereffective|p1a: Toxapex\n|-crit|p1a: Toxapex\n|-damage|p1a: Toxapex|0 fnt\n|faint|p1a: Toxapex\n|\n|upkeep\n|\n|t:|1700416386\n|switch|p1a: Haxorus|Haxorus, F|100\/100\n|-ability|p1a: Haxorus|Mold Breaker\n|turn|25\n|\n|t:|1700416395\n|switch|p2a: NO BYSTANDERS|Dragapult, F|100\/100\n|move|p1a: Haxorus|Close Combat|p2a: NO BYSTANDERS\n|-immune|p2a: NO BYSTANDERS\n|\n|upkeep\n|turn|26\n|\n|t:|1700416399\n|move|p2a: NO BYSTANDERS|Thunder Wave|p1a: Haxorus\n|-status|p1a: Haxorus|par\n|move|p1a: Haxorus|Earthquake|p2a: NO BYSTANDERS\n|-crit|p2a: NO BYSTANDERS\n|-damage|p2a: NO BYSTANDERS|0 fnt\n|faint|p2a: NO BYSTANDERS\n|-damage|p1a: Haxorus|91\/100 par|[from] item: Life Orb\n|\n|upkeep\n|\n|t:|1700416411\n|switch|p2a: ASTROTHUNDER|Thundurus-Therian, M|47\/100\n|turn|27\n|\n|t:|1700416418\n|-terastallize|p2a: ASTROTHUNDER|Flying\n|move|p2a: ASTROTHUNDER|Tera Blast|p1a: Haxorus|[anim] Tera Blast Flying\n|-damage|p1a: Haxorus|0 fnt\n|faint|p1a: Haxorus\n|\n|upkeep\n|\n|t:|1700416427\n|switch|p1a: Thundurus|Thundurus-Therian, M|34\/100\n|turn|28\n|\n|t:|1700416435\n|move|p1a: Thundurus|Thunderbolt|p2a: ASTROTHUNDER\n|-heal|p2a: ASTROTHUNDER|72\/100|[from] ability: Volt Absorb|[of] p1a: Thundurus\n|move|p2a: ASTROTHUNDER|Tera Blast|p1a: Thundurus|[anim] Tera Blast Flying\n|-resisted|p1a: Thundurus\n|-damage|p1a: Thundurus|0 fnt\n|faint|p1a: Thundurus\n|\n|upkeep\n|\n|t:|1700416446\n|switch|p1a: Chansey|Chansey, F|11\/100\n|turn|29\n|\n|t:|1700416450\n|move|p2a: ASTROTHUNDER|Tera Blast|p1a: Chansey|[anim] Tera Blast Flying\n|-damage|p1a: Chansey|0 fnt\n|faint|p1a: Chansey\n|\n|upkeep\n|\n|t:|1700416454\n|switch|p1a: Dragapult|Dragapult, M|15\/100\n|turn|30\n|\n|t:|1700416463\n|switch|p2a: 5% TINT|Heatran, F|66\/100\n|move|p1a: Dragapult|Dragon Darts|p2a: 5% TINT\n|-resisted|p2a: 5% TINT\n|-damage|p2a: 5% TINT|55\/100\n|-anim|p1a: Dragapult|Dragon Darts|p2a: 5% TINT\n|-resisted|p2a: 5% TINT\n|-damage|p2a: 5% TINT|44\/100\n|\n|-heal|p1a: Dragapult|21\/100|[from] item: Leftovers\n|upkeep\n|turn|31\n|\n|t:|1700416479\n|move|p1a: Dragapult|Dragon Darts|p2a: 5% TINT\n|-resisted|p2a: 5% TINT\n|-damage|p2a: 5% TINT|33\/100\n|-anim|p1a: Dragapult|Dragon Darts|p2a: 5% TINT\n|-resisted|p2a: 5% TINT\n|-damage|p2a: 5% TINT|22\/100\n|move|p2a: 5% TINT|Earth Power|p1a: Dragapult\n|-crit|p1a: Dragapult\n|-damage|p1a: Dragapult|0 fnt\n|faint|p1a: Dragapult\n|\n|upkeep\n|\n|t:|1700416484\n|switch|p1a: Kingambit|Kingambit, F|100\/100\n|-activate|p1a: Kingambit|ability: Supreme Overlord\n|-start|p1a: Kingambit|fallen5|[silent]\n|turn|32\n|\n|t:|1700416489\n|move|p2a: 5% TINT|Magma Storm|p1a: Kingambit\n|-supereffective|p1a: Kingambit\n|-damage|p1a: Kingambit|0 fnt\n|faint|p1a: Kingambit\n|-end|p1a: Kingambit|fallen5|[silent]\n|\n|win|PLAYB0I R0BBIE B\n|raw|TadaNoSlime's rating: 1111 &rarr; <strong>1092<\/strong><br \/>(-19 for losing)\n|raw|PLAYB0I R0BBIE B's rating: 1199 &rarr; <strong>1218<\/strong><br \/>(+19 for winning)\n","uploadtime":1700416493,"views":8,"p1id":"tadanoslime","p2id":"playb0ir0bbieb","formatid":"gen9ou","rating":1092,"private":0,"password":""}