{"id":"gen9ou-1992189420","p1":"TheDarkMasterUwU","p2":"Wo-Chielupa Deluxe","format":"[Gen 9] OU","log":"|j|\u2606TheDarkMasterUwU\n|j|\u2606Wo-Chielupa Deluxe\n|t:|1700162398\n|gametype|singles\n|player|p1|TheDarkMasterUwU|102|1486\n|player|p2|Wo-Chielupa Deluxe|ingo|1458\n|teamsize|p1|6\n|teamsize|p2|6\n|gen|9\n|tier|[Gen 9] OU\n|rated|\n|rule|Sleep Clause Mod: Limit one foe put to sleep\n|rule|Species Clause: Limit one of each Pok\u00e9mon\n|rule|OHKO Clause: OHKO moves are banned\n|rule|Evasion Items Clause: Evasion items are banned\n|rule|Evasion Moves Clause: Evasion moves are banned\n|rule|Endless Battle Clause: Forcing endless battles is banned\n|rule|HP Percentage Mod: HP is shown in percentages\n|clearpoke\n|poke|p1|Enamorus, F|\n|poke|p1|Dragapult, M|\n|poke|p1|Iron Valiant|\n|poke|p1|Gholdengo|\n|poke|p1|Iron Treads|\n|poke|p1|Dragonite, M|\n|poke|p2|Torkoal, F|\n|poke|p2|Walking Wake|\n|poke|p2|Sneasler, M|\n|poke|p2|Rillaboom, M|\n|poke|p2|Great Tusk|\n|poke|p2|Tornadus-Therian, M|\n|teampreview\n|inactive|Battle timer is ON: inactive players will automatically lose when time's up. (requested by TheDarkMasterUwU)\n|\n|t:|1700162412\n|start\n|switch|p1a: Iron Treads|Iron Treads|100\/100\n|switch|p2a: Tornadus|Tornadus-Therian, M|100\/100\n|-enditem|p1a: Iron Treads|Booster Energy\n|-activate|p1a: Iron Treads|ability: Quark Drive|[fromitem]\n|-start|p1a: Iron Treads|quarkdrivespe\n|turn|1\n|\n|t:|1700162415\n|move|p1a: Iron Treads|Stealth Rock|p2a: Tornadus\n|-sidestart|p2: Wo-Chielupa Deluxe|move: Stealth Rock\n|move|p2a: Tornadus|U-turn|p1a: Iron Treads\n|-resisted|p1a: Iron Treads\n|-damage|p1a: Iron Treads|94\/100\n|\n|t:|1700162420\n|switch|p2a: Great Tusk|Great Tusk|100\/100|[from] U-turn\n|\n|upkeep\n|turn|2\n|\n|t:|1700162422\n|move|p1a: Iron Treads|Knock Off|p2a: Great Tusk\n|-resisted|p2a: Great Tusk\n|-damage|p2a: Great Tusk|92\/100\n|-enditem|p2a: Great Tusk|Heavy-Duty Boots|[from] move: Knock Off|[of] p1a: Iron Treads\n|move|p2a: Great Tusk|Knock Off|p1a: Iron Treads\n|-damage|p1a: Iron Treads|75\/100\n|\n|upkeep\n|turn|3\n|\n|t:|1700162426\n|-end|p1a: Iron Treads|Quark Drive|[silent]\n|switch|p1a: Gholdengo|Gholdengo|100\/100\n|-item|p1a: Gholdengo|Air Balloon\n|move|p2a: Great Tusk|Rapid Spin|p1a: Gholdengo\n|-immune|p1a: Gholdengo\n|\n|upkeep\n|turn|4\n|\n|t:|1700162431\n|-end|p2a: Great Tusk|Protosynthesis|[silent]\n|switch|p2a: Tornadus|Tornadus-Therian, M|100\/100\n|move|p1a: Gholdengo|Make It Rain|p2a: Tornadus\n|-damage|p2a: Tornadus|27\/100\n|-unboost|p1a: Gholdengo|spa|1\n|\n|upkeep\n|turn|5\n|\n|t:|1700162438\n|switch|p1a: Iron Treads|Iron Treads|75\/100\n|move|p2a: Tornadus|U-turn|p1a: Iron Treads\n|-resisted|p1a: Iron Treads\n|-damage|p1a: Iron Treads|69\/100\n|\n|t:|1700162440\n|switch|p2a: Great Tusk|Great Tusk|92\/100|[from] U-turn\n|-damage|p2a: Great Tusk|89\/100|[from] Stealth Rock\n|\n|upkeep\n|turn|6\n|\n|t:|1700162446\n|move|p1a: Iron Treads|Knock Off|p2a: Great Tusk\n|-resisted|p2a: Great Tusk\n|-damage|p2a: Great Tusk|84\/100\n|move|p2a: Great Tusk|Knock Off|p1a: Iron Treads\n|-damage|p1a: Iron Treads|51\/100\n|\n|upkeep\n|turn|7\n|\n|t:|1700162451\n|move|p1a: Iron Treads|Earthquake|p2a: Great Tusk\n|-damage|p2a: Great Tusk|55\/100\n|move|p2a: Great Tusk|Knock Off|p1a: Iron Treads\n|-damage|p1a: Iron Treads|34\/100\n|\n|upkeep\n|turn|8\n|\n|t:|1700162456\n|move|p1a: Iron Treads|Earthquake|p2a: Great Tusk\n|-damage|p2a: Great Tusk|26\/100\n|move|p2a: Great Tusk|Knock Off|p1a: Iron Treads\n|-damage|p1a: Iron Treads|17\/100\n|\n|upkeep\n|turn|9\n|\n|t:|1700162459\n|move|p1a: Iron Treads|Earthquake|p2a: Great Tusk\n|-damage|p2a: Great Tusk|0 fnt\n|faint|p2a: Great Tusk\n|-end|p2a: Great Tusk|Protosynthesis|[silent]\n|\n|upkeep\n|\n|t:|1700162463\n|switch|p2a: Rillaboom|Rillaboom, M|100\/100\n|-damage|p2a: Rillaboom|88\/100|[from] Stealth Rock\n|-fieldstart|move: Grassy Terrain|[from] ability: Grassy Surge|[of] p2a: Rillaboom\n|turn|10\n|\n|t:|1700162466\n|move|p1a: Iron Treads|Knock Off|p2a: Rillaboom\n|-damage|p2a: Rillaboom|60\/100\n|-enditem|p2a: Rillaboom|Choice Band|[from] move: Knock Off|[of] p1a: Iron Treads\n|move|p2a: Rillaboom|U-turn|p1a: Iron Treads\n|-resisted|p1a: Iron Treads\n|-crit|p1a: Iron Treads\n|-damage|p1a: Iron Treads|2\/100\n|\n|t:|1700162468\n|switch|p2a: Sneasler|Sneasler, M|100\/100|[from] U-turn\n|-damage|p2a: Sneasler|94\/100|[from] Stealth Rock\n|-enditem|p2a: Sneasler|Grassy Seed\n|-boost|p2a: Sneasler|def|1|[from] item: Grassy Seed\n|\n|-heal|p2a: Sneasler|100\/100|[from] Grassy Terrain\n|-heal|p1a: Iron Treads|9\/100|[from] Grassy Terrain\n|upkeep\n|turn|11\n|\n|t:|1700162474\n|move|p2a: Sneasler|Swords Dance|p2a: Sneasler\n|-boost|p2a: Sneasler|atk|2\n|move|p1a: Iron Treads|Earthquake|p2a: Sneasler\n|-supereffective|p2a: Sneasler\n|-damage|p2a: Sneasler|62\/100\n|\n|-heal|p2a: Sneasler|68\/100|[from] Grassy Terrain\n|-heal|p1a: Iron Treads|15\/100|[from] Grassy Terrain\n|upkeep\n|turn|12\n|\n|t:|1700162477\n|move|p2a: Sneasler|Shadow Claw|p1a: Iron Treads\n|-damage|p1a: Iron Treads|0 fnt\n|faint|p1a: Iron Treads\n|-end|p1a: Iron Treads|Quark Drive|[silent]\n|\n|-heal|p2a: Sneasler|74\/100|[from] Grassy Terrain\n|upkeep\n|\n|t:|1700162486\n|switch|p1a: Dragapult|Dragapult, M|100\/100\n|turn|13\n|\n|t:|1700162491\n|move|p2a: Sneasler|Shadow Claw|p1a: Dragapult\n|-supereffective|p1a: Dragapult\n|-enditem|p1a: Dragapult|Focus Sash\n|-damage|p1a: Dragapult|1\/100\n|move|p1a: Dragapult|Dragon Darts|p2a: Sneasler\n|-damage|p2a: Sneasler|47\/100\n|-anim|p1a: Dragapult|Dragon Darts|p2a: Sneasler\n|-damage|p2a: Sneasler|23\/100\n|\n|-heal|p2a: Sneasler|29\/100|[from] Grassy Terrain\n|-heal|p1a: Dragapult|7\/100|[from] Grassy Terrain\n|upkeep\n|turn|14\n|\n|t:|1700162494\n|move|p2a: Sneasler|Shadow Claw|p1a: Dragapult\n|-supereffective|p1a: Dragapult\n|-damage|p1a: Dragapult|0 fnt\n|faint|p1a: Dragapult\n|\n|-heal|p2a: Sneasler|35\/100|[from] Grassy Terrain\n|-fieldend|move: Grassy Terrain\n|upkeep\n|\n|t:|1700162508\n|switch|p1a: Dragonite|Dragonite, M|100\/100\n|turn|15\n|\n|t:|1700162511\n|-terastallize|p2a: Sneasler|Ghost\n|move|p1a: Dragonite|Extreme Speed|p2a: Sneasler\n|-immune|p2a: Sneasler\n|move|p2a: Sneasler|Dire Claw|p1a: Dragonite\n|-damage|p1a: Dragonite|49\/100\n|-status|p1a: Dragonite|slp\n|\n|upkeep\n|turn|16\n|\n|t:|1700162519\n|move|p2a: Sneasler|Swords Dance|p2a: Sneasler\n|-boost|p2a: Sneasler|atk|2\n|cant|p1a: Dragonite|slp\n|\n|upkeep\n|turn|17\n|\n|t:|1700162521\n|move|p2a: Sneasler|Dire Claw|p1a: Dragonite\n|-damage|p1a: Dragonite|0 fnt\n|faint|p1a: Dragonite\n|\n|upkeep\n|\n|t:|1700162529\n|switch|p1a: Gholdengo|Gholdengo|100\/100\n|-item|p1a: Gholdengo|Air Balloon\n|turn|18\n|\n|t:|1700162532\n|move|p2a: Sneasler|Shadow Claw|p1a: Gholdengo\n|-supereffective|p1a: Gholdengo\n|-damage|p1a: Gholdengo|0 fnt\n|-enditem|p1a: Gholdengo|Air Balloon\n|faint|p1a: Gholdengo\n|\n|upkeep\n|inactive|TheDarkMasterUwU has 120 seconds left.\n|\n|t:|1700162566\n|switch|p1a: Iron Valiant|Iron Valiant|100\/100\n|-enditem|p1a: Iron Valiant|Booster Energy\n|-activate|p1a: Iron Valiant|ability: Quark Drive|[fromitem]\n|-start|p1a: Iron Valiant|quarkdrivespe\n|turn|19\n|\n|t:|1700162570\n|-terastallize|p1a: Iron Valiant|Steel\n|move|p2a: Sneasler|Dire Claw|p1a: Iron Valiant\n|-immune|p1a: Iron Valiant\n|move|p1a: Iron Valiant|Moonblast|p2a: Sneasler\n|-damage|p2a: Sneasler|0 fnt\n|faint|p2a: Sneasler\n|\n|upkeep\n|\n|t:|1700162575\n|switch|p2a: Torkoal|Torkoal, F|100\/100\n|-damage|p2a: Torkoal|76\/100|[from] Stealth Rock\n|-weather|SunnyDay|[from] ability: Drought|[of] p2a: Torkoal\n|turn|20\n|\n|t:|1700162583\n|-end|p1a: Iron Valiant|Quark Drive|[silent]\n|switch|p1a: Enamorus|Enamorus, F|100\/100\n|move|p2a: Torkoal|Yawn|p1a: Enamorus\n|-start|p1a: Enamorus|move: Yawn|[of] p2a: Torkoal\n|\n|-weather|SunnyDay|[upkeep]\n|upkeep\n|turn|21\n|\n|t:|1700162589\n|switch|p1a: Iron Valiant|Iron Valiant, tera:Steel|100\/100\n|move|p2a: Torkoal|Stealth Rock|p1a: Iron Valiant\n|-sidestart|p1: TheDarkMasterUwU|move: Stealth Rock\n|\n|-weather|SunnyDay|[upkeep]\n|upkeep\n|turn|22\n|\n|t:|1700162592\n|move|p1a: Iron Valiant|Encore|p2a: Torkoal\n|-start|p2a: Torkoal|Encore\n|move|p2a: Torkoal|Stealth Rock||[still]\n|-fail|p2a: Torkoal\n|\n|-weather|SunnyDay|[upkeep]\n|upkeep\n|turn|23\n|\n|t:|1700162596\n|switch|p2a: Tornadus|Tornadus-Therian, M|61\/100\n|move|p1a: Iron Valiant|Calm Mind|p1a: Iron Valiant\n|-boost|p1a: Iron Valiant|spa|1\n|-boost|p1a: Iron Valiant|spd|1\n|\n|-weather|SunnyDay|[upkeep]\n|upkeep\n|turn|24\n|\n|t:|1700162601\n|move|p2a: Tornadus|Weather Ball|p1a: Iron Valiant\n|-supereffective|p1a: Iron Valiant\n|-damage|p1a: Iron Valiant|0 fnt\n|faint|p1a: Iron Valiant\n|-end|p1a: Iron Valiant|Quark Drive|[silent]\n|\n|-weather|SunnyDay|[upkeep]\n|upkeep\n|\n|t:|1700162604\n|switch|p1a: Enamorus|Enamorus, F|100\/100\n|-damage|p1a: Enamorus|76\/100|[from] Stealth Rock\n|turn|25\n|\n|t:|1700162606\n|move|p2a: Tornadus|Air Slash|p1a: Enamorus\n|-damage|p1a: Enamorus|25\/100\n|move|p1a: Enamorus|Calm Mind|p1a: Enamorus\n|-boost|p1a: Enamorus|spa|1\n|-boost|p1a: Enamorus|spd|1\n|\n|-weather|SunnyDay|[upkeep]\n|-heal|p1a: Enamorus|32\/100|[from] item: Leftovers\n|upkeep\n|turn|26\n|\n|t:|1700162610\n|move|p2a: Tornadus|Air Slash|p1a: Enamorus\n|-damage|p1a: Enamorus|0 fnt\n|faint|p1a: Enamorus\n|\n|win|Wo-Chielupa Deluxe\n|raw|TheDarkMasterUwU's rating: 1486 &rarr; <strong>1464<\/strong><br \/>(-22 for losing)\n|raw|Wo-Chielupa Deluxe's rating: 1458 &rarr; <strong>1480<\/strong><br \/>(+22 for winning)\n|l|\u2606TheDarkMasterUwU\n","uploadtime":1700162619,"views":20,"p1id":"thedarkmasteruwu","p2id":"wochielupadeluxe","formatid":"gen9ou","rating":1464,"private":0,"password":""}