{"id":"gen9ou-1991746566","p1":"fungus53465","p2":"gamb_over","format":"[Gen 9] OU","log":"|j|\u2606fungus53465\n|j|\u2606gamb_over\n|t:|1700110307\n|gametype|singles\n|player|p1|fungus53465|2|1424\n|player|p2|gamb_over|biker-gen4|1401\n|teamsize|p1|6\n|teamsize|p2|6\n|gen|9\n|tier|[Gen 9] OU\n|rated|\n|rule|Sleep Clause Mod: Limit one foe put to sleep\n|rule|Species Clause: Limit one of each Pok\u00e9mon\n|rule|OHKO Clause: OHKO moves are banned\n|rule|Evasion Items Clause: Evasion items are banned\n|rule|Evasion Moves Clause: Evasion moves are banned\n|rule|Endless Battle Clause: Forcing endless battles is banned\n|rule|HP Percentage Mod: HP is shown in percentages\n|clearpoke\n|poke|p1|Glimmora, F|\n|poke|p1|Gholdengo|\n|poke|p1|Great Tusk|\n|poke|p1|Rillaboom, M|\n|poke|p1|Sneasler, M|\n|poke|p1|Clefable, M|\n|poke|p2|Ribombee, M|\n|poke|p2|Samurott-Hisui, F|\n|poke|p2|Glimmora, F|\n|poke|p2|Ninetales-Alola, F|\n|poke|p2|Iron Treads|\n|poke|p2|Kingambit, F|\n|teampreview\n|inactive|Battle timer is ON: inactive players will automatically lose when time's up. (requested by fungus53465)\n|\n|t:|1700110334\n|start\n|switch|p1a: Glimmora|Glimmora, F|100\/100\n|switch|p2a: TSPIKE META|Glimmora, F|100\/100\n|turn|1\n|c|\u2606fungus53465|YEEEEEEAH\n|\n|t:|1700110347\n|move|p2a: TSPIKE META|Earth Power|p1a: Glimmora\n|-supereffective|p1a: Glimmora\n|-enditem|p1a: Glimmora|Focus Sash\n|-damage|p1a: Glimmora|1\/100\n|move|p1a: Glimmora|Spikes|p2a: TSPIKE META\n|-sidestart|p2: gamb_over|Spikes\n|\n|upkeep\n|turn|2\n|\n|t:|1700110373\n|move|p1a: Glimmora|Memento|p2a: TSPIKE META\n|-unboost|p2a: TSPIKE META|atk|2\n|-unboost|p2a: TSPIKE META|spa|2\n|faint|p1a: Glimmora\n|move|p2a: TSPIKE META|Mortal Spin|p1: Glimmora|[notarget]\n|-fail|p2a: TSPIKE META\n|\n|upkeep\n|inactive|fungus53465 has 120 seconds left.\n|\n|t:|1700110390\n|switch|p1a: Gholdengo|Gholdengo|100\/100\n|turn|3\n|inactive|fungus53465 has 120 seconds left.\n|\n|t:|1700110399\n|move|p2a: TSPIKE META|Earth Power|p1a: Gholdengo\n|-supereffective|p1a: Gholdengo\n|-damage|p1a: Gholdengo|65\/100\n|move|p1a: Gholdengo|Make It Rain|p2a: TSPIKE META\n|-supereffective|p2a: TSPIKE META\n|-enditem|p2a: TSPIKE META|Focus Sash\n|-damage|p2a: TSPIKE META|1\/100\n|-unboost|p1a: Gholdengo|spa|1\n|\n|-heal|p1a: Gholdengo|71\/100|[from] item: Leftovers\n|upkeep\n|turn|4\n|inactive|fungus53465 has 120 seconds left.\n|\n|t:|1700110411\n|move|p2a: TSPIKE META|Stealth Rock|p1a: Gholdengo\n|-sidestart|p1: fungus53465|move: Stealth Rock\n|move|p1a: Gholdengo|Recover|p1a: Gholdengo\n|-heal|p1a: Gholdengo|100\/100\n|\n|upkeep\n|turn|5\n|\n|t:|1700110416\n|move|p2a: TSPIKE META|Earth Power|p1a: Gholdengo\n|-supereffective|p1a: Gholdengo\n|-damage|p1a: Gholdengo|70\/100\n|move|p1a: Gholdengo|Shadow Ball|p2a: TSPIKE META\n|-damage|p2a: TSPIKE META|0 fnt\n|faint|p2a: TSPIKE META\n|\n|-heal|p1a: Gholdengo|76\/100|[from] item: Leftovers\n|upkeep\n|j| Prinplup forever\n|\n|t:|1700110420\n|switch|p2a: IRON TUSK 69|Iron Treads|100\/100\n|-damage|p2a: IRON TUSK 69|88\/100|[from] Spikes\n|-enditem|p2a: IRON TUSK 69|Booster Energy\n|-activate|p2a: IRON TUSK 69|ability: Quark Drive|[fromitem]\n|-start|p2a: IRON TUSK 69|quarkdrivespe\n|turn|6\n|\n|t:|1700110438\n|switch|p1a: Rillaboom|Rillaboom, M|100\/100\n|-damage|p1a: Rillaboom|88\/100|[from] Stealth Rock\n|-fieldstart|move: Grassy Terrain|[from] ability: Grassy Surge|[of] p1a: Rillaboom\n|move|p2a: IRON TUSK 69|Earth Power|p1a: Rillaboom\n|-resisted|p1a: Rillaboom\n|-damage|p1a: Rillaboom|63\/100\n|-unboost|p1a: Rillaboom|spd|1\n|\n|-heal|p2a: IRON TUSK 69|94\/100|[from] Grassy Terrain\n|-heal|p1a: Rillaboom|69\/100|[from] Grassy Terrain\n|upkeep\n|turn|7\n|inactive|fungus53465 has 120 seconds left.\n|inactive|gamb_over has 120 seconds left.\n|j| Voscoa\n|j| Possum26 Gamer\n|\n|t:|1700110483\n|move|p2a: IRON TUSK 69|Steel Beam|p1a: Rillaboom\n|-damage|p1a: Rillaboom|0 fnt\n|-damage|p2a: IRON TUSK 69|44\/100|[from] steelbeam\n|faint|p1a: Rillaboom\n|\n|-heal|p2a: IRON TUSK 69|50\/100|[from] Grassy Terrain\n|upkeep\n|j| Jamalzin\n|inactive|fungus53465 has 120 seconds left.\n|\n|t:|1700110499\n|switch|p1a: Sneasler|Sneasler, M|100\/100\n|-damage|p1a: Sneasler|95\/100|[from] Stealth Rock\n|-enditem|p1a: Sneasler|Grassy Seed\n|-boost|p1a: Sneasler|def|1|[from] item: Grassy Seed\n|turn|8\n|\n|t:|1700110507\n|move|p1a: Sneasler|Close Combat|p2a: IRON TUSK 69\n|-supereffective|p2a: IRON TUSK 69\n|-damage|p2a: IRON TUSK 69|0 fnt\n|-unboost|p1a: Sneasler|def|1\n|-unboost|p1a: Sneasler|spd|1\n|faint|p2a: IRON TUSK 69\n|-end|p2a: IRON TUSK 69|Quark Drive|[silent]\n|\n|-heal|p1a: Sneasler|100\/100|[from] Grassy Terrain\n|upkeep\n|c| Voscoa|steel beam tusk?\n|j| Pure Hackmons\n|inactive|gamb_over has 120 seconds left.\n|c|\u2606gamb_over|yes\n|c|\u2606fungus53465|Bro is cooking\n|l| Pure Hackmons\n|\n|t:|1700110530\n|switch|p2a: 69tales|Ninetales-Alola, F|100\/100\n|-damage|p2a: 69tales|88\/100|[from] Spikes\n|-weather|Snow|[from] ability: Snow Warning|[of] p2a: 69tales\n|turn|9\n|c| Voscoa|i mean treads lol\n|\n|t:|1700110537\n|-terastallize|p2a: 69tales|Ghost\n|move|p1a: Sneasler|Dire Claw|p2a: 69tales\n|-resisted|p2a: 69tales\n|-damage|p2a: 69tales|58\/100\n|move|p2a: 69tales|Aurora Veil|p2a: 69tales\n|-sidestart|p2: gamb_over|move: Aurora Veil\n|\n|-weather|Snow|[upkeep]\n|-heal|p2a: 69tales|64\/100|[from] Grassy Terrain\n|upkeep\n|turn|10\n|inactive|gamb_over has 120 seconds left.\n|\n|t:|1700110553\n|move|p1a: Sneasler|Swords Dance|p1a: Sneasler\n|-boost|p1a: Sneasler|atk|2\n|move|p2a: 69tales|Encore|p1a: Sneasler\n|-start|p1a: Sneasler|Encore\n|\n|-weather|Snow|[upkeep]\n|-heal|p2a: 69tales|70\/100|[from] Grassy Terrain\n|-fieldend|move: Grassy Terrain\n|upkeep\n|turn|11\n|\n|t:|1700110562\n|switch|p1a: Gholdengo|Gholdengo|76\/100\n|-damage|p1a: Gholdengo|70\/100|[from] Stealth Rock\n|switch|p2a: WEB META|Ribombee, M|100\/100\n|-damage|p2a: WEB META|88\/100|[from] Spikes\n|\n|-weather|Snow|[upkeep]\n|-heal|p1a: Gholdengo|76\/100|[from] item: Leftovers\n|upkeep\n|turn|12\n|j| nked'nd'afraid\n|\n|t:|1700110583\n|switch|p1a: Sneasler|Sneasler, M|100\/100\n|-damage|p1a: Sneasler|95\/100|[from] Stealth Rock\n|move|p2a: WEB META|Moonblast|p1a: Sneasler\n|-damage|p1a: Sneasler|43\/100\n|\n|-weather|Snow|[upkeep]\n|upkeep\n|turn|13\n|j| Random Competitor\n|\n|t:|1700110595\n|switch|p1a: Gholdengo|Gholdengo|76\/100\n|-damage|p1a: Gholdengo|70\/100|[from] Stealth Rock\n|move|p2a: WEB META|Moonblast|p1a: Gholdengo\n|-resisted|p1a: Gholdengo\n|-damage|p1a: Gholdengo|49\/100\n|\n|-weather|none\n|-heal|p1a: Gholdengo|55\/100|[from] item: Leftovers\n|upkeep\n|turn|14\n|j| MorningStar53\n|c| Prinplup forever|gamb_over maybe you should do this during suspect week\n|l| nked'nd'afraid\n|\n|t:|1700110606\n|switch|p2a: SPIKE META|Samurott-Hisui, F|100\/100\n|-damage|p2a: SPIKE META|88\/100|[from] Spikes\n|move|p1a: Gholdengo|Recover|p1a: Gholdengo\n|-heal|p1a: Gholdengo|100\/100\n|\n|upkeep\n|turn|15\n|c| Prinplup forever|many ouvt players running stall\n|\n|t:|1700110619\n|switch|p1a: Clefable|Clefable, M|100\/100\n|move|p2a: SPIKE META|Ceaseless Edge|p1a: Clefable|[miss]\n|-miss|p2a: SPIKE META|p1a: Clefable\n|\n|upkeep\n|turn|16\n|c|\u2606gamb_over|this loses hard to stall\n|c| Random Competitor|Needs bidoof on your team\n|c|\u2606gamb_over|lol\n|\n|t:|1700110629\n|move|p2a: SPIKE META|Ceaseless Edge|p1a: Clefable\n|-resisted|p1a: Clefable\n|-damage|p1a: Clefable|79\/100\n|-sidestart|p1: fungus53465|Spikes\n|move|p1a: Clefable|Stealth Rock|p2a: SPIKE META\n|-sidestart|p2: gamb_over|move: Stealth Rock\n|\n|-heal|p1a: Clefable|85\/100|[from] item: Leftovers\n|-sideend|p2: gamb_over|move: Aurora Veil\n|upkeep\n|turn|17\n|\n|t:|1700110637\n|move|p2a: SPIKE META|Flip Turn|p1a: Clefable\n|-damage|p1a: Clefable|58\/100\n|\n|t:|1700110639\n|switch|p2a: 69tales|Ninetales-Alola, F, tera:Ghost|70\/100|[from] Flip Turn\n|-damage|p2a: 69tales|58\/100|[from] Spikes\n|-damage|p2a: 69tales|46\/100|[from] Stealth Rock\n|-weather|Snow|[from] ability: Snow Warning|[of] p2a: 69tales\n|move|p1a: Clefable|Wish|p1a: Clefable\n|\n|-weather|Snow|[upkeep]\n|-heal|p1a: Clefable|64\/100|[from] item: Leftovers\n|upkeep\n|turn|18\n|c| Random Competitor|Looks like its game\n|c| Prinplup forever|poor low ladder guys they are casual players, yet ouvt guys stalling em from 1000 elo\n|c|\u2606gamb_over|suspect voters usually run balance in low lad\n|c|\u2606gamb_over|not stall\n|inactive|fungus53465 has 120 seconds left.\n|c|\u2606gamb_over|MPTJEF FOZv]rsphuo;efpaw\n|c|\u2606gamb_over|egmfl.J\n|c| Prinplup forever|I did get req though\n|c| Prinplup forever|I run weird ass team\n|c|\u2606gamb_over|OOH NICE\n|c|\u2606gamb_over|WAIT WHATS UR MAIN\n|c| Prinplup forever|after 1500 i run standard\n|c|\u2606gamb_over|sorry caps lock was on\n|c| Random Competitor|Yeah, you'll see a lot of low ladders in lobbies and unrated. They're so annoying to deal with\n|inactive|fungus53465 has 90 seconds left.\n|\n|t:|1700110701\n|switch|p1a: Gholdengo|Gholdengo|100\/100\n|-damage|p1a: Gholdengo|94\/100|[from] Stealth Rock\n|-damage|p1a: Gholdengo|82\/100|[from] Spikes\n|move|p2a: 69tales|Aurora Veil|p2a: 69tales\n|-sidestart|p2: gamb_over|move: Aurora Veil\n|\n|-weather|Snow|[upkeep]\n|-heal|p1a: Gholdengo|100\/100|[from] move: Wish|[wisher] Clefable\n|upkeep\n|turn|19\n|l| Jamalzin\n|inactive|fungus53465 has 90 seconds left.\n|\n|t:|1700110724\n|switch|p2a: SPIKE META|Samurott-Hisui, F|88\/100\n|-damage|p2a: SPIKE META|76\/100|[from] Spikes\n|-damage|p2a: SPIKE META|63\/100|[from] Stealth Rock\n|switch|p1a: Great Tusk|Great Tusk|100\/100\n|-damage|p1a: Great Tusk|98\/100|[from] Stealth Rock\n|-damage|p1a: Great Tusk|85\/100|[from] Spikes\n|\n|-weather|Snow|[upkeep]\n|-heal|p1a: Great Tusk|91\/100|[from] item: Leftovers\n|upkeep\n|turn|20\n|l| MorningStar53\n|\n|t:|1700110737\n|move|p2a: SPIKE META|Surf|p1a: Great Tusk\n|-supereffective|p1a: Great Tusk\n|-damage|p1a: Great Tusk|0 fnt\n|faint|p1a: Great Tusk\n|-end|p1a: Great Tusk|Protosynthesis|[silent]\n|\n|-weather|Snow|[upkeep]\n|upkeep\n|c|\u2606gamb_over|Oh!\n|-message|fungus53465 forfeited.\n|\n|win|gamb_over\n|raw|fungus53465's rating: 1424 &rarr; <strong>1403<\/strong><br \/>(-21 for losing)\n|raw|gamb_over's rating: 1401 &rarr; <strong>1422<\/strong><br \/>(+21 for winning)\n|l|\u2606fungus53465\n|c|\u2606gamb_over|ty\n|c|\u2606gamb_over|gg\n|l| Possum26 Gamer\n|c| Random Competitor|Surf??\n|c| Random Competitor|damn\n|c| Random Competitor|didnt see that coming\n|c| Random Competitor|wow\n|c|\u2606gamb_over|yeah\n|c|\u2606gamb_over|good option on hrott\n|c|\u2606gamb_over|bc it does bait tusk\n|c|\u2606gamb_over|sadly max speed tusk is common\n|c|\u2606gamb_over|and hrott cant outspeed max speed tusk\n|c| Random Competitor|Then, play water gun. its super effective\n|j| GothDogGirl\n|l| Random Competitor\n|l| Voscoa\n|l| Prinplup forever\n|n|\u2606gamb_over|gambover\n|l| GothDogGirl\n|l|\u2606gamb_over\n|j| 32332ddss\n","uploadtime":1700111013,"views":7,"p1id":"fungus53465","p2id":"gambover","formatid":"gen9ou","rating":1403,"private":0,"password":""}