{"id":"gen9ou-1991712005","p1":"Acroporuh","p2":"KOTONOHOUSE","format":"[Gen 9] OU","log":"|j|\u2606Acroporuh\n|j|\u2606KOTONOHOUSE\n|t:|1700105694\n|gametype|singles\n|player|p1|Acroporuh|pokemonbreeder|1337\n|player|p2|KOTONOHOUSE|unknown|1459\n|teamsize|p1|6\n|teamsize|p2|6\n|gen|9\n|tier|[Gen 9] OU\n|rated|\n|rule|Sleep Clause Mod: Limit one foe put to sleep\n|rule|Species Clause: Limit one of each Pok\u00e9mon\n|rule|OHKO Clause: OHKO moves are banned\n|rule|Evasion Items Clause: Evasion items are banned\n|rule|Evasion Moves Clause: Evasion moves are banned\n|rule|Endless Battle Clause: Forcing endless battles is banned\n|rule|HP Percentage Mod: HP is shown in percentages\n|clearpoke\n|poke|p1|Kingambit, F|\n|poke|p1|Enamorus, F|\n|poke|p1|Zapdos|\n|poke|p1|Ninetales-Alola, F|\n|poke|p1|Ting-Lu|\n|poke|p1|Heatran, F|\n|poke|p2|Kingambit, F|\n|poke|p2|Heatran, F|\n|poke|p2|Garchomp, F|\n|poke|p2|Scizor, M|\n|poke|p2|Samurott-Hisui, M|\n|poke|p2|Cresselia, F|\n|teampreview\n|inactive|Battle timer is ON: inactive players will automatically lose when time's up. (requested by KOTONOHOUSE)\n|\n|t:|1700105703\n|start\n|switch|p1a: Ting-Lu|Ting-Lu|100\/100\n|switch|p2a: Scizor|Scizor, M|100\/100\n|-ability|p1a: Ting-Lu|Vessel of Ruin\n|turn|1\n|\n|t:|1700105716\n|move|p2a: Scizor|U-turn|p1a: Ting-Lu\n|-supereffective|p1a: Ting-Lu\n|-damage|p1a: Ting-Lu|49\/100\n|-damage|p2a: Scizor|91\/100|[from] item: Life Orb\n|\n|t:|1700105723\n|switch|p2a: Samurott|Samurott-Hisui, M|100\/100|[from] U-turn\n|move|p1a: Ting-Lu|Ruination|p2a: Samurott\n|-damage|p2a: Samurott|51\/100\n|\n|-heal|p1a: Ting-Lu|55\/100|[from] item: Leftovers\n|upkeep\n|turn|2\n|\n|t:|1700105732\n|switch|p1a: Zapdos|Zapdos|100\/100\n|move|p2a: Samurott|Razor Shell|p1a: Zapdos\n|-damage|p1a: Zapdos|47\/100\n|\n|upkeep\n|turn|3\n|\n|t:|1700105745\n|move|p2a: Samurott|Ceaseless Edge|p1a: Zapdos|[miss]\n|-miss|p2a: Samurott|p1a: Zapdos\n|move|p1a: Zapdos|Roost|p1a: Zapdos\n|-heal|p1a: Zapdos|97\/100\n|-singleturn|p1a: Zapdos|move: Roost\n|\n|upkeep\n|turn|4\n|\n|t:|1700105752\n|move|p2a: Samurott|Ceaseless Edge|p1a: Zapdos\n|-damage|p1a: Zapdos|51\/100\n|-sidestart|p1: Acroporuh|Spikes\n|move|p1a: Zapdos|Thunderbolt|p2a: Samurott\n|-supereffective|p2a: Samurott\n|-damage|p2a: Samurott|0 fnt\n|faint|p2a: Samurott\n|\n|upkeep\n|\n|t:|1700105762\n|switch|p2a: Heatran|Heatran, F|100\/100\n|turn|5\n|\n|t:|1700105765\n|move|p1a: Zapdos|Volt Switch|p2a: Heatran\n|-damage|p2a: Heatran|74\/100\n|\n|t:|1700105768\n|switch|p1a: Heatran|Heatran, F|100\/100|[from] Volt Switch\n|-damage|p1a: Heatran|88\/100|[from] Spikes\n|move|p2a: Heatran|Magma Storm|p1a: Heatran\n|-start|p1a: Heatran|ability: Flash Fire\n|\n|-heal|p2a: Heatran|80\/100|[from] item: Leftovers\n|upkeep\n|turn|6\n|\n|t:|1700105779\n|-terastallize|p2a: Heatran|Grass\n|move|p2a: Heatran|Earth Power|p1a: Heatran\n|-supereffective|p1a: Heatran\n|-damage|p1a: Heatran|16\/100\n|move|p1a: Heatran|Earth Power|p2a: Heatran\n|-resisted|p2a: Heatran\n|-damage|p2a: Heatran|64\/100\n|\n|-heal|p2a: Heatran|70\/100|[from] item: Leftovers\n|upkeep\n|turn|7\n|\n|t:|1700105790\n|-end|p1a: Heatran|ability: Flash Fire|[silent]\n|switch|p1a: Zapdos|Zapdos|51\/100\n|move|p2a: Heatran|Earth Power|p1a: Zapdos\n|-immune|p1a: Zapdos\n|\n|-heal|p2a: Heatran|76\/100|[from] item: Leftovers\n|upkeep\n|turn|8\n|\n|t:|1700105794\n|move|p1a: Zapdos|Hurricane|p2a: Heatran\n|-supereffective|p2a: Heatran\n|-damage|p2a: Heatran|0 fnt\n|faint|p2a: Heatran\n|\n|upkeep\n|\n|t:|1700105806\n|switch|p2a: Garchomp|Garchomp, F|100\/100\n|turn|9\n|\n|t:|1700105809\n|move|p2a: Garchomp|Stealth Rock|p1a: Zapdos\n|-sidestart|p1: Acroporuh|move: Stealth Rock\n|move|p1a: Zapdos|Roost|p1a: Zapdos\n|-heal|p1a: Zapdos|100\/100\n|-singleturn|p1a: Zapdos|move: Roost\n|\n|upkeep\n|turn|10\n|\n|t:|1700105813\n|move|p1a: Zapdos|Hurricane|p2a: Garchomp\n|-damage|p2a: Garchomp|46\/100\n|move|p2a: Garchomp|Dragon Tail|p1a: Zapdos\n|-damage|p1a: Zapdos|74\/100\n|drag|p1a: Ninetales|Ninetales-Alola, F|100\/100\n|-damage|p1a: Ninetales|88\/100|[from] Spikes\n|-damage|p1a: Ninetales|64\/100|[from] Stealth Rock\n|-weather|Snow|[from] ability: Snow Warning|[of] p1a: Ninetales\n|\n|-weather|Snow|[upkeep]\n|upkeep\n|turn|11\n|\n|t:|1700105827\n|switch|p1a: Ting-Lu|Ting-Lu|55\/100\n|-damage|p1a: Ting-Lu|43\/100|[from] Spikes\n|-damage|p1a: Ting-Lu|36\/100|[from] Stealth Rock\n|-ability|p1a: Ting-Lu|Vessel of Ruin\n|move|p2a: Garchomp|Earthquake|p1a: Ting-Lu\n|-damage|p1a: Ting-Lu|15\/100\n|\n|-weather|Snow|[upkeep]\n|-heal|p1a: Ting-Lu|21\/100|[from] item: Leftovers\n|upkeep\n|turn|12\n|\n|t:|1700105841\n|switch|p1a: Zapdos|Zapdos|74\/100\n|move|p2a: Garchomp|Dragon Tail|p1a: Zapdos\n|-damage|p1a: Zapdos|46\/100\n|drag|p1a: Ting-Lu|Ting-Lu|21\/100\n|-damage|p1a: Ting-Lu|8\/100|[from] Spikes\n|-damage|p1a: Ting-Lu|2\/100|[from] Stealth Rock\n|-ability|p1a: Ting-Lu|Vessel of Ruin\n|\n|-weather|Snow|[upkeep]\n|-heal|p1a: Ting-Lu|8\/100|[from] item: Leftovers\n|upkeep\n|turn|13\n|\n|t:|1700105856\n|switch|p1a: Enamorus|Enamorus, F, shiny|100\/100\n|move|p2a: Garchomp|Dragon Tail|p1a: Enamorus\n|-immune|p1a: Enamorus\n|\n|-weather|Snow|[upkeep]\n|upkeep\n|turn|14\n|\n|t:|1700105865\n|move|p1a: Enamorus|Superpower|p2a: Garchomp\n|-damage|p2a: Garchomp|15\/100\n|-boost|p1a: Enamorus|atk|1\n|-boost|p1a: Enamorus|def|1\n|-damage|p1a: Enamorus|88\/100|[from] ability: Rough Skin|[of] p2a: Garchomp\n|-damage|p1a: Enamorus|71\/100|[from] item: Rocky Helmet|[of] p2a: Garchomp\n|move|p2a: Garchomp|Spikes|p1a: Enamorus\n|-sidestart|p1: Acroporuh|Spikes\n|\n|-weather|none\n|upkeep\n|turn|15\n|\n|t:|1700105878\n|move|p1a: Enamorus|Substitute|p1a: Enamorus\n|-start|p1a: Enamorus|Substitute\n|-damage|p1a: Enamorus|47\/100\n|move|p2a: Garchomp|Spikes|p1a: Enamorus\n|-sidestart|p1: Acroporuh|Spikes\n|\n|upkeep\n|turn|16\n|\n|t:|1700105897\n|move|p1a: Enamorus|Superpower|p2a: Garchomp\n|-damage|p2a: Garchomp|0 fnt\n|-boost|p1a: Enamorus|atk|1\n|-boost|p1a: Enamorus|def|1\n|-damage|p1a: Enamorus|34\/100|[from] ability: Rough Skin|[of] p2a: Garchomp\n|-damage|p1a: Enamorus|17\/100|[from] item: Rocky Helmet|[of] p2a: Garchomp\n|faint|p2a: Garchomp\n|\n|upkeep\n|\n|t:|1700105904\n|switch|p2a: Scizor|Scizor, M|91\/100\n|turn|17\n|\n|t:|1700105915\n|move|p2a: Scizor|Bullet Punch|p1a: Enamorus\n|-supereffective|p1a: Enamorus\n|-end|p1a: Enamorus|Substitute\n|-damage|p2a: Scizor|81\/100|[from] item: Life Orb\n|move|p1a: Enamorus|Superpower|p2a: Scizor\n|-damage|p2a: Scizor|4\/100\n|-boost|p1a: Enamorus|atk|1\n|-boost|p1a: Enamorus|def|1\n|\n|upkeep\n|turn|18\n|\n|t:|1700105925\n|move|p2a: Scizor|Bullet Punch|p1a: Enamorus\n|-supereffective|p1a: Enamorus\n|-damage|p1a: Enamorus|0 fnt\n|faint|p1a: Enamorus\n|-damage|p2a: Scizor|0 fnt|[from] item: Life Orb\n|faint|p2a: Scizor\n|\n|upkeep\n|\n|t:|1700105934\n|switch|p1a: Heatran|Heatran, F|16\/100\n|switch|p2a: Cresselia|Cresselia, F|100\/100\n|-damage|p1a: Heatran|0 fnt|[from] Spikes\n|faint|p1a: Heatran\n|\n|t:|1700105937\n|switch|p1a: Ting-Lu|Ting-Lu|8\/100\n|-damage|p1a: Ting-Lu|0 fnt|[from] Spikes\n|faint|p1a: Ting-Lu\n|\n|t:|1700105941\n|switch|p1a: Kingambit|Kingambit, F|100\/100\n|-damage|p1a: Kingambit|76\/100|[from] Spikes\n|-damage|p1a: Kingambit|70\/100|[from] Stealth Rock\n|-activate|p1a: Kingambit|ability: Supreme Overlord\n|-start|p1a: Kingambit|fallen3|[silent]\n|turn|19\n|\n|t:|1700105955\n|move|p2a: Cresselia|Calm Mind|p2a: Cresselia\n|-boost|p2a: Cresselia|spa|1\n|-boost|p2a: Cresselia|spd|1\n|move|p1a: Kingambit|Swords Dance|p1a: Kingambit\n|-boost|p1a: Kingambit|atk|2\n|\n|upkeep\n|turn|20\n|\n|t:|1700105980\n|move|p2a: Cresselia|Moonblast|p1a: Kingambit\n|-damage|p1a: Kingambit|41\/100\n|-unboost|p1a: Kingambit|spa|1\n|move|p1a: Kingambit|Iron Head|p2a: Cresselia\n|-damage|p2a: Cresselia|45\/100\n|\n|-heal|p2a: Cresselia|51\/100|[from] item: Leftovers\n|upkeep\n|turn|21\n|\n|t:|1700105992\n|move|p2a: Cresselia|Moonblast|p1a: Kingambit\n|-damage|p1a: Kingambit|13\/100\n|move|p1a: Kingambit|Iron Head|p2a: Cresselia\n|-damage|p2a: Cresselia|0 fnt\n|faint|p2a: Cresselia\n|\n|upkeep\n|\n|t:|1700105999\n|switch|p2a: Kingambit|Kingambit, F|100\/100\n|-activate|p2a: Kingambit|ability: Supreme Overlord\n|-start|p2a: Kingambit|fallen5|[silent]\n|turn|22\n|\n|t:|1700106004\n|move|p2a: Kingambit|Sucker Punch|p1a: Kingambit\n|-resisted|p1a: Kingambit\n|-damage|p1a: Kingambit|0 fnt\n|faint|p1a: Kingambit\n|-end|p1a: Kingambit|fallen3|[silent]\n|\n|upkeep\n|\n|t:|1700106007\n|switch|p1a: Ninetales|Ninetales-Alola, F|64\/100\n|-damage|p1a: Ninetales|39\/100|[from] Spikes\n|-damage|p1a: Ninetales|14\/100|[from] Stealth Rock\n|-weather|Snow|[from] ability: Snow Warning|[of] p1a: Ninetales\n|turn|23\n|\n|t:|1700106015\n|move|p2a: Kingambit|Sucker Punch|p1a: Ninetales\n|-resisted|p1a: Ninetales\n|-damage|p1a: Ninetales|0 fnt\n|faint|p1a: Ninetales\n|\n|-weather|Snow|[upkeep]\n|upkeep\n|\n|t:|1700106016\n|switch|p1a: Zapdos|Zapdos|46\/100\n|turn|24\n|\n|t:|1700106023\n|move|p2a: Kingambit|Sucker Punch||[still]\n|-fail|p2a: Kingambit\n|move|p1a: Zapdos|Roost|p1a: Zapdos\n|-heal|p1a: Zapdos|96\/100\n|-singleturn|p1a: Zapdos|move: Roost\n|\n|-weather|Snow|[upkeep]\n|upkeep\n|turn|25\n|\n|t:|1700106029\n|-terastallize|p1a: Zapdos|Electric\n|move|p2a: Kingambit|Sucker Punch|p1a: Zapdos\n|-damage|p1a: Zapdos|30\/100\n|-status|p2a: Kingambit|par|[from] ability: Static|[of] p1a: Zapdos\n|move|p1a: Zapdos|Thunderbolt|p2a: Kingambit\n|-damage|p2a: Kingambit|30\/100 par\n|\n|-weather|Snow|[upkeep]\n|-heal|p2a: Kingambit|36\/100 par|[from] item: Leftovers\n|upkeep\n|turn|26\n|\n|t:|1700106044\n|move|p1a: Zapdos|Roost|p1a: Zapdos\n|-heal|p1a: Zapdos|80\/100\n|move|p2a: Kingambit|Iron Head|p1a: Zapdos\n|-resisted|p1a: Zapdos\n|-damage|p1a: Zapdos|47\/100\n|\n|-weather|Snow|[upkeep]\n|-heal|p2a: Kingambit|42\/100 par|[from] item: Leftovers\n|upkeep\n|turn|27\n|\n|t:|1700106054\n|move|p1a: Zapdos|Roost|p1a: Zapdos\n|-heal|p1a: Zapdos|97\/100\n|move|p2a: Kingambit|Iron Head|p1a: Zapdos\n|-resisted|p1a: Zapdos\n|-damage|p1a: Zapdos|63\/100\n|\n|-weather|none\n|-heal|p2a: Kingambit|48\/100 par|[from] item: Leftovers\n|upkeep\n|turn|28\n|\n|t:|1700106064\n|move|p2a: Kingambit|Sucker Punch|p1a: Zapdos\n|-damage|p1a: Zapdos|0 fnt\n|faint|p1a: Zapdos\n|\n|win|KOTONOHOUSE\n|raw|Acroporuh's rating: 1337 &rarr; <strong>1324<\/strong><br \/>(-13 for losing)\n|raw|KOTONOHOUSE's rating: 1459 &rarr; <strong>1472<\/strong><br \/>(+13 for winning)\n|c|\u2606Acroporuh|Gg\n|c|\u2606KOTONOHOUSE|gg\n|l|\u2606Acroporuh\n","uploadtime":1700106078,"views":7,"p1id":"acroporuh","p2id":"kotonohouse","formatid":"gen9ou","rating":1324,"private":0,"password":""}