{"id":"gen9ou-1989061159","p1":"swampass911","p2":"frosty bazaar","format":"[Gen 9] OU","log":"|j|\u2606swampass911\n|j|\u2606frosty bazaar\n|t:|1699807881\n|gametype|singles\n|player|p1|swampass911|swimmerf|1624\n|player|p2|frosty bazaar|steven|1655\n|teamsize|p1|6\n|teamsize|p2|6\n|gen|9\n|tier|[Gen 9] OU\n|rated|\n|rule|Sleep Clause Mod: Limit one foe put to sleep\n|rule|Species Clause: Limit one of each Pok\u00e9mon\n|rule|OHKO Clause: OHKO moves are banned\n|rule|Evasion Items Clause: Evasion items are banned\n|rule|Evasion Moves Clause: Evasion moves are banned\n|rule|Endless Battle Clause: Forcing endless battles is banned\n|rule|HP Percentage Mod: HP is shown in percentages\n|clearpoke\n|poke|p1|Clefable, M|\n|poke|p1|Dragapult, F|\n|poke|p1|Mandibuzz, F|\n|poke|p1|Milotic, F|\n|poke|p1|Skeledirge, M|\n|poke|p1|Ting-Lu|\n|poke|p2|Manaphy|\n|poke|p2|Kingambit, M|\n|poke|p2|Ribombee, M|\n|poke|p2|Gholdengo|\n|poke|p2|Iron Moth|\n|poke|p2|Ogerpon-Wellspring, F|\n|teampreview\n|inactive|Battle timer is ON: inactive players will automatically lose when time's up. (requested by swampass911)\n|\n|t:|1699807899\n|start\n|switch|p1a: Ting-Lu|Ting-Lu|100\/100\n|switch|p2a: Ribombee|Ribombee, M, shiny|100\/100\n|-ability|p1a: Ting-Lu|Vessel of Ruin\n|turn|1\n|\n|t:|1699807903\n|move|p2a: Ribombee|Stun Spore|p1a: Ting-Lu\n|-status|p1a: Ting-Lu|par\n|move|p1a: Ting-Lu|Spikes|p2a: Ribombee\n|-sidestart|p2: frosty bazaar|Spikes\n|\n|upkeep\n|turn|2\n|\n|t:|1699807905\n|move|p2a: Ribombee|Sticky Web|p1a: Ting-Lu\n|-sidestart|p1: swampass911|move: Sticky Web\n|move|p1a: Ting-Lu|Spikes|p2a: Ribombee\n|-sidestart|p2: frosty bazaar|Spikes\n|\n|upkeep\n|turn|3\n|\n|t:|1699807907\n|move|p2a: Ribombee|Moonblast|p1a: Ting-Lu\n|-supereffective|p1a: Ting-Lu\n|-damage|p1a: Ting-Lu|67\/100 par\n|move|p1a: Ting-Lu|Spikes|p2a: Ribombee\n|-sidestart|p2: frosty bazaar|Spikes\n|\n|-heal|p1a: Ting-Lu|74\/100 par|[from] item: Leftovers\n|upkeep\n|turn|4\n|\n|t:|1699807912\n|move|p2a: Ribombee|Moonblast|p1a: Ting-Lu\n|-supereffective|p1a: Ting-Lu\n|-damage|p1a: Ting-Lu|37\/100 par\n|move|p1a: Ting-Lu|Ruination|p2a: Ribombee\n|-damage|p2a: Ribombee|51\/100\n|\n|-heal|p1a: Ting-Lu|44\/100 par|[from] item: Leftovers\n|upkeep\n|turn|5\n|\n|t:|1699807917\n|move|p2a: Ribombee|Moonblast|p1a: Ting-Lu\n|-supereffective|p1a: Ting-Lu\n|-damage|p1a: Ting-Lu|12\/100 par\n|cant|p1a: Ting-Lu|par\n|\n|-heal|p1a: Ting-Lu|18\/100 par|[from] item: Leftovers\n|upkeep\n|turn|6\n|j| Bssjdhdjdid\n|\n|t:|1699807921\n|move|p2a: Ribombee|Moonblast|p1a: Ting-Lu\n|-supereffective|p1a: Ting-Lu\n|-damage|p1a: Ting-Lu|0 fnt\n|faint|p1a: Ting-Lu\n|\n|upkeep\n|l| Bssjdhdjdid\n|\n|t:|1699807934\n|switch|p1a: Milotic|Milotic, F|100\/100\n|turn|7\n|\n|t:|1699807942\n|move|p2a: Ribombee|Stun Spore|p1a: Milotic\n|-status|p1a: Milotic|par\n|cant|p1a: Milotic|par\n|\n|upkeep\n|turn|8\n|\n|t:|1699807946\n|move|p2a: Ribombee|Moonblast|p1a: Milotic\n|-damage|p1a: Milotic|75\/100 par\n|move|p1a: Milotic|Mirror Coat|p2a: Ribombee\n|-damage|p2a: Ribombee|0 fnt\n|faint|p2a: Ribombee\n|\n|upkeep\n|\n|t:|1699807957\n|switch|p2a: Manaphy|Manaphy|100\/100\n|-damage|p2a: Manaphy|76\/100|[from] Spikes\n|turn|9\n|j| YungSethlon\n|\n|t:|1699807961\n|move|p2a: Manaphy|Take Heart|p2a: Manaphy\n|-boost|p2a: Manaphy|spa|1\n|-boost|p2a: Manaphy|spd|1\n|cant|p1a: Milotic|par\n|\n|-heal|p2a: Manaphy|82\/100|[from] item: Leftovers\n|upkeep\n|turn|10\n|\n|t:|1699807967\n|move|p2a: Manaphy|Take Heart|p2a: Manaphy\n|-boost|p2a: Manaphy|spa|1\n|-boost|p2a: Manaphy|spd|1\n|cant|p1a: Milotic|par\n|\n|-heal|p2a: Manaphy|88\/100|[from] item: Leftovers\n|upkeep\n|turn|11\n|\n|t:|1699807974\n|move|p2a: Manaphy|Stored Power|p1a: Milotic\n|-damage|p1a: Milotic|41\/100 par\n|move|p1a: Milotic|Haze|p1a: Milotic\n|-clearallboost\n|\n|-heal|p2a: Manaphy|94\/100|[from] item: Leftovers\n|upkeep\n|turn|12\n|\n|t:|1699807982\n|move|p2a: Manaphy|Take Heart|p2a: Manaphy\n|-boost|p2a: Manaphy|spa|1\n|-boost|p2a: Manaphy|spd|1\n|cant|p1a: Milotic|par\n|\n|-heal|p2a: Manaphy|99\/100|[from] item: Leftovers\n|upkeep\n|turn|13\n|\n|t:|1699807985\n|move|p2a: Manaphy|Take Heart|p2a: Manaphy\n|-boost|p2a: Manaphy|spa|1\n|-boost|p2a: Manaphy|spd|1\n|move|p1a: Milotic|Recover|p1a: Milotic\n|-heal|p1a: Milotic|91\/100 par\n|\n|-heal|p2a: Manaphy|100\/100|[from] item: Leftovers\n|upkeep\n|turn|14\n|\n|t:|1699807989\n|move|p2a: Manaphy|Take Heart|p2a: Manaphy\n|-boost|p2a: Manaphy|spa|1\n|-boost|p2a: Manaphy|spd|1\n|move|p1a: Milotic|Mirror Coat||[still]\n|-fail|p1a: Milotic\n|\n|upkeep\n|turn|15\n|\n|t:|1699807992\n|move|p2a: Manaphy|Stored Power|p1a: Milotic\n|-damage|p1a: Milotic|31\/100 par\n|move|p1a: Milotic|Mirror Coat|p2a: Manaphy\n|-damage|p2a: Manaphy|0 fnt\n|faint|p2a: Manaphy\n|\n|upkeep\n|\n|t:|1699807998\n|switch|p2a: Kingambit|Kingambit, M|100\/100\n|-damage|p2a: Kingambit|76\/100|[from] Spikes\n|-activate|p2a: Kingambit|ability: Supreme Overlord\n|-start|p2a: Kingambit|fallen2|[silent]\n|turn|16\n|\n|t:|1699808007\n|switch|p1a: Mandibuzz|Mandibuzz, F|100\/100\n|move|p2a: Kingambit|Kowtow Cleave|p1a: Mandibuzz\n|-resisted|p1a: Mandibuzz\n|-damage|p1a: Mandibuzz|81\/100\n|\n|upkeep\n|turn|17\n|j|+Shellnuts\n|l|+Shellnuts\n|\n|t:|1699808035\n|-end|p2a: Kingambit|fallen2|[silent]\n|switch|p2a: Iron Moth|Iron Moth|100\/100\n|-damage|p2a: Iron Moth|76\/100|[from] Spikes\n|-enditem|p2a: Iron Moth|Booster Energy\n|-activate|p2a: Iron Moth|ability: Quark Drive|[fromitem]\n|-start|p2a: Iron Moth|quarkdrivespe\n|move|p1a: Mandibuzz|Foul Play|p2a: Iron Moth\n|-damage|p2a: Iron Moth|51\/100\n|\n|upkeep\n|turn|18\n|\n|t:|1699808047\n|switch|p1a: Milotic|Milotic, F|31\/100 par\n|move|p2a: Iron Moth|Dazzling Gleam|p1a: Milotic\n|-damage|p1a: Milotic|16\/100 par\n|\n|upkeep\n|turn|19\n|\n|t:|1699808052\n|move|p2a: Iron Moth|Dazzling Gleam|p1a: Milotic\n|-damage|p1a: Milotic|1\/100 par\n|move|p1a: Milotic|Mirror Coat|p2a: Iron Moth\n|-damage|p2a: Iron Moth|11\/100\n|\n|upkeep\n|turn|20\n|\n|t:|1699808056\n|move|p2a: Iron Moth|Dazzling Gleam|p1a: Milotic\n|-damage|p1a: Milotic|0 fnt\n|faint|p1a: Milotic\n|\n|upkeep\n|\n|t:|1699808061\n|switch|p1a: Skeledirge|Skeledirge, M|100\/100\n|turn|21\n|\n|t:|1699808066\n|move|p2a: Iron Moth|Psychic|p1a: Skeledirge\n|-damage|p1a: Skeledirge|75\/100\n|move|p1a: Skeledirge|Torch Song|p2a: Iron Moth\n|-resisted|p2a: Iron Moth\n|-damage|p2a: Iron Moth|0 fnt\n|-boost|p1a: Skeledirge|spa|1\n|faint|p2a: Iron Moth\n|-end|p2a: Iron Moth|Quark Drive|[silent]\n|\n|upkeep\n|\n|t:|1699808071\n|switch|p2a: Ogerpon|Ogerpon-Wellspring, F|100\/100\n|-damage|p2a: Ogerpon|76\/100|[from] Spikes\n|turn|22\n|\n|t:|1699808086\n|-terastallize|p2a: Ogerpon|Water\n|detailschange|p2a: Ogerpon|Ogerpon-Wellspring-Tera, F, tera:Water\n|-ability|p2a: Ogerpon|Embody Aspect (Wellspring)|boost\n|-boost|p2a: Ogerpon|spd|1\n|move|p2a: Ogerpon|Encore|p1a: Skeledirge\n|-start|p1a: Skeledirge|Encore\n|move|p1a: Skeledirge|Torch Song|p2a: Ogerpon\n|-resisted|p2a: Ogerpon\n|-crit|p2a: Ogerpon\n|-damage|p2a: Ogerpon|38\/100\n|-boost|p1a: Skeledirge|spa|1\n|\n|upkeep\n|turn|23\n|\n|t:|1699808096\n|move|p2a: Ogerpon|Ivy Cudgel|p1a: Skeledirge\n|-supereffective|p1a: Skeledirge\n|-damage|p1a: Skeledirge|0 fnt\n|faint|p1a: Skeledirge\n|\n|upkeep\n|\n|t:|1699808099\n|switch|p1a: Dragapult|Dragapult, F|100\/100\n|turn|24\n|\n|t:|1699808108\n|move|p1a: Dragapult|Will-O-Wisp|p2a: Ogerpon|[miss]\n|-miss|p1a: Dragapult|p2a: Ogerpon\n|move|p2a: Ogerpon|Ivy Cudgel|p1a: Dragapult\n|-resisted|p1a: Dragapult\n|-damage|p1a: Dragapult|43\/100\n|\n|upkeep\n|turn|25\n|\n|t:|1699808127\n|switch|p2a: Gholdengo|Gholdengo|100\/100\n|-item|p2a: Gholdengo|Air Balloon\n|move|p1a: Dragapult|Draco Meteor|p2a: Gholdengo|[miss]\n|-miss|p1a: Dragapult|p2a: Gholdengo\n|\n|upkeep\n|turn|26\n|\n|t:|1699808133\n|move|p1a: Dragapult|U-turn|p2a: Gholdengo\n|-resisted|p2a: Gholdengo\n|-damage|p2a: Gholdengo|97\/100\n|-enditem|p2a: Gholdengo|Air Balloon\n|\n|t:|1699808135\n|switch|p1a: Mandibuzz|Mandibuzz, F|81\/100|[from] U-turn\n|move|p2a: Gholdengo|Shadow Ball|p1a: Mandibuzz\n|-resisted|p1a: Mandibuzz\n|-damage|p1a: Mandibuzz|62\/100\n|\n|upkeep\n|turn|27\n|\n|t:|1699808140\n|move|p2a: Gholdengo|Nasty Plot|p2a: Gholdengo\n|-boost|p2a: Gholdengo|spa|2\n|move|p1a: Mandibuzz|Roost|p1a: Mandibuzz\n|-heal|p1a: Mandibuzz|100\/100\n|-singleturn|p1a: Mandibuzz|move: Roost\n|\n|upkeep\n|turn|28\n|\n|t:|1699808145\n|move|p2a: Gholdengo|Make It Rain|p1a: Mandibuzz\n|-damage|p1a: Mandibuzz|0 fnt\n|-unboost|p2a: Gholdengo|spa|1\n|faint|p1a: Mandibuzz\n|\n|upkeep\n|\n|t:|1699808152\n|switch|p1a: Dragapult|Dragapult, F|43\/100\n|turn|29\n|\n|t:|1699808155\n|move|p1a: Dragapult|Hex|p2a: Gholdengo\n|-supereffective|p2a: Gholdengo\n|-damage|p2a: Gholdengo|32\/100\n|move|p2a: Gholdengo|Shadow Ball|p1a: Dragapult\n|-supereffective|p1a: Dragapult\n|-damage|p1a: Dragapult|0 fnt\n|faint|p1a: Dragapult\n|\n|upkeep\n|-message|swampass911 forfeited.\n|\n|win|frosty bazaar\n|raw|swampass911's rating: 1624 &rarr; <strong>1606<\/strong><br \/>(-18 for losing)\n|raw|frosty bazaar's rating: 1655 &rarr; <strong>1673<\/strong><br \/>(+18 for winning)\n|l|\u2606swampass911\n","uploadtime":1699808212,"views":9,"p1id":"swampass911","p2id":"frostybazaar","formatid":"gen9ou","rating":1606,"private":0,"password":""}