{"id":"gen9ou-1989541928","p1":"KL 5","p2":"Jakespeare","format":"[Gen 9] OU","log":"|j|\u2606KL 5\n|j|\u203dJakespeare\n|t:|1699868419\n|gametype|singles\n|player|p1|KL 5|psychic-gen4|1385\n|player|p2|Jakespeare|depotagent|1305\n|teamsize|p1|6\n|teamsize|p2|6\n|gen|9\n|tier|[Gen 9] OU\n|rated|\n|rule|Sleep Clause Mod: Limit one foe put to sleep\n|rule|Species Clause: Limit one of each Pok\u00e9mon\n|rule|OHKO Clause: OHKO moves are banned\n|rule|Evasion Items Clause: Evasion items are banned\n|rule|Evasion Moves Clause: Evasion moves are banned\n|rule|Endless Battle Clause: Forcing endless battles is banned\n|rule|HP Percentage Mod: HP is shown in percentages\n|clearpoke\n|poke|p1|Iron Valiant|\n|poke|p1|Ogerpon-Wellspring, F|\n|poke|p1|Gholdengo|\n|poke|p1|Dragonite, F|\n|poke|p1|Great Tusk|\n|poke|p1|Slowking-Galar, F|\n|poke|p2|Iron Hands|\n|poke|p2|Kingambit, M|\n|poke|p2|Azumarill, M|\n|poke|p2|Glimmora, M|\n|poke|p2|Iron Valiant|\n|poke|p2|Ceruledge, F|\n|teampreview\n|inactive|Battle timer is ON: inactive players will automatically lose when time's up. (requested by Jakespeare)\n|\n|t:|1699868423\n|start\n|switch|p1a: Great Tusk|Great Tusk|100\/100\n|switch|p2a: Glimmora|Glimmora, M|100\/100\n|turn|1\n|j| littlestinker123\n|\n|t:|1699868429\n|move|p2a: Glimmora|Energy Ball|p1a: Great Tusk\n|-supereffective|p1a: Great Tusk\n|-damage|p1a: Great Tusk|23\/100\n|move|p1a: Great Tusk|Rapid Spin|p2a: Glimmora\n|-resisted|p2a: Glimmora\n|-damage|p2a: Glimmora|92\/100\n|-boost|p1a: Great Tusk|spe|1\n|-activate|p2a: Glimmora|ability: Toxic Debris\n|-sidestart|p1: KL 5|move: Toxic Spikes\n|-sideend|p1: KL 5|Toxic Spikes|[from] move: Rapid Spin|[of] p1a: Great Tusk\n|\n|upkeep\n|turn|2\n|\n|t:|1699868432\n|move|p1a: Great Tusk|Earthquake|p2a: Glimmora\n|-supereffective|p2a: Glimmora\n|-damage|p2a: Glimmora|0 fnt\n|-activate|p2a: Glimmora|ability: Toxic Debris\n|-sidestart|p1: KL 5|move: Toxic Spikes\n|faint|p2a: Glimmora\n|\n|upkeep\n|\n|t:|1699868435\n|switch|p2a: Azumarill|Azumarill, M|100\/100\n|turn|3\n|inactive|KL 5 has 120 seconds left.\n|inactive|KL 5 has 90 seconds left.\n|\n|t:|1699868517\n|move|p1a: Great Tusk|Stealth Rock|p2a: Azumarill\n|-sidestart|p2: Jakespeare|move: Stealth Rock\n|move|p2a: Azumarill|Belly Drum|p2a: Azumarill\n|-damage|p2a: Azumarill|50\/100\n|-setboost|p2a: Azumarill|atk|6|[from] move: Belly Drum\n|-enditem|p2a: Azumarill|Sitrus Berry|[eat]\n|-heal|p2a: Azumarill|75\/100|[from] item: Sitrus Berry\n|\n|upkeep\n|turn|4\n|inactive|KL 5 has 60 seconds left.\n|inactive|KL 5 has 30 seconds left.\n|inactive|KL 5 has 20 seconds left.\n|inactive|KL 5 has 15 seconds left.\n|inactive|KL 5 has 10 seconds left.\n|\n|t:|1699868592\n|move|p2a: Azumarill|Aqua Jet|p1a: Great Tusk\n|-supereffective|p1a: Great Tusk\n|-damage|p1a: Great Tusk|0 fnt\n|faint|p1a: Great Tusk\n|-end|p1a: Great Tusk|Protosynthesis|[silent]\n|\n|upkeep\n|inactive|KL 5 has 15 seconds left this turn.\n|inactive|KL 5 has 10 seconds left.\n|\n|t:|1699868599\n|switch|p1a: Ogerpon|Ogerpon-Wellspring, F|100\/100\n|-status|p1a: Ogerpon|psn\n|turn|5\n|inactive|KL 5 has 20 seconds left this turn.\n|inactive|KL 5 has 15 seconds left.\n|\n|t:|1699868605\n|switch|p1a: Slowking|Slowking-Galar, F|100\/100\n|-sideend|p1: KL 5|move: Toxic Spikes|[of] p1a: Slowking\n|move|p2a: Azumarill|Play Rough|p1a: Slowking\n|-resisted|p1a: Slowking\n|-damage|p1a: Slowking|0 fnt\n|faint|p1a: Slowking\n|\n|upkeep\n|inactive|KL 5 has 20 seconds left this turn.\n|inactive|KL 5 has 15 seconds left.\n|inactive|KL 5 has 10 seconds left.\n|\n|t:|1699868618\n|switch|p1a: Ogerpon|Ogerpon-Wellspring, F|100\/100 psn\n|turn|6\n|inactive|KL 5 has 20 seconds left this turn.\n|inactive|KL 5 has 15 seconds left.\n|inactive|KL 5 has 10 seconds left.\n|\n|t:|1699868630\n|move|p1a: Ogerpon|Power Whip|p2a: Azumarill\n|-supereffective|p2a: Azumarill\n|-damage|p2a: Azumarill|0 fnt\n|faint|p2a: Azumarill\n|\n|-damage|p1a: Ogerpon|88\/100 psn|[from] psn\n|upkeep\n|inactive|KL 5 has 15 seconds left this turn.\n|\n|t:|1699868635\n|switch|p2a: Iron Hands|Iron Hands|100\/100\n|-damage|p2a: Iron Hands|94\/100|[from] Stealth Rock\n|turn|7\n|inactive|KL 5 has 25 seconds left this turn.\n|inactive|KL 5 has 20 seconds left.\n|inactive|KL 5 has 15 seconds left.\n|\n|t:|1699868646\n|switch|p1a: Gholdengo|Gholdengo|100\/100\n|move|p2a: Iron Hands|Swords Dance|p2a: Iron Hands\n|-boost|p2a: Iron Hands|atk|2\n|\n|-heal|p2a: Iron Hands|100\/100|[from] item: Leftovers\n|upkeep\n|turn|8\n|inactive|KL 5 has 25 seconds left this turn.\n|inactive|KL 5 has 20 seconds left.\n|\n|t:|1699868656\n|-terastallize|p2a: Iron Hands|Flying\n|move|p1a: Gholdengo|Shadow Ball|p2a: Iron Hands\n|-damage|p2a: Iron Hands|59\/100\n|move|p2a: Iron Hands|Earthquake|p1a: Gholdengo\n|-supereffective|p1a: Gholdengo\n|-damage|p1a: Gholdengo|0 fnt\n|faint|p1a: Gholdengo\n|\n|-heal|p2a: Iron Hands|65\/100|[from] item: Leftovers\n|upkeep\n|inactive|KL 5 has 25 seconds left this turn.\n|inactive|KL 5 has 20 seconds left.\n|inactive|KL 5 has 15 seconds left.\n|inactive|KL 5 has 10 seconds left.\n|\n|t:|1699868672\n|switch|p1a: Iron Valiant|Iron Valiant|100\/100\n|-enditem|p1a: Iron Valiant|Booster Energy\n|-activate|p1a: Iron Valiant|ability: Quark Drive|[fromitem]\n|-start|p1a: Iron Valiant|quarkdrivespe\n|turn|9\n|inactive|KL 5 has 20 seconds left this turn.\n|inactive|KL 5 has 15 seconds left.\n|\n|t:|1699868682\n|move|p1a: Iron Valiant|Thunderbolt|p2a: Iron Hands\n|-supereffective|p2a: Iron Hands\n|-damage|p2a: Iron Hands|11\/100\n|move|p2a: Iron Hands|Thunder Punch|p1a: Iron Valiant\n|-damage|p1a: Iron Valiant|0 fnt\n|faint|p1a: Iron Valiant\n|-end|p1a: Iron Valiant|Quark Drive|[silent]\n|\n|-heal|p2a: Iron Hands|17\/100|[from] item: Leftovers\n|upkeep\n|inactive|KL 5 has 20 seconds left this turn.\n|inactive|KL 5 has 15 seconds left.\n|inactive|KL 5 has 10 seconds left.\n|inactive|KL 5 has 5 seconds left.\n|-message|KL 5 lost due to inactivity.\n|\n|win|Jakespeare\n|raw|KL 5's rating: 1385 &rarr; <strong>1360<\/strong><br \/>(-25 for losing)\n|raw|Jakespeare's rating: 1305 &rarr; <strong>1330<\/strong><br \/>(+25 for winning)\n|l|\u2606KL 5\n","uploadtime":1699868715,"views":15,"p1id":"kl5","p2id":"jakespeare","formatid":"gen9ou","rating":1330,"private":0,"password":""}