{"id":"gen9ou-1996133896","p1":"SDL_ABDU","p2":"Bramhakamalam","format":"[Gen 9] OU","log":"|j|\u2606SDL_ABDU\n|j|\u2606Bramhakamalam\n|t:|1700649288\n|gametype|singles\n|player|p1|SDL_ABDU|youngster-gen4dp|1406\n|player|p2|Bramhakamalam|parasollady|1463\n|teamsize|p1|6\n|teamsize|p2|6\n|gen|9\n|tier|[Gen 9] OU\n|rated|\n|rule|Sleep Clause Mod: Limit one foe put to sleep\n|rule|Species Clause: Limit one of each Pok\u00e9mon\n|rule|OHKO Clause: OHKO moves are banned\n|rule|Evasion Items Clause: Evasion items are banned\n|rule|Evasion Moves Clause: Evasion moves are banned\n|rule|Endless Battle Clause: Forcing endless battles is banned\n|rule|HP Percentage Mod: HP is shown in percentages\n|clearpoke\n|poke|p1|Corviknight, F|\n|poke|p1|Dragonite, M|\n|poke|p1|Meowscarada, F|\n|poke|p1|Slowking-Galar, M|\n|poke|p1|Glimmora, F|\n|poke|p1|Landorus-Therian, M|\n|poke|p2|Spiritomb, F|\n|poke|p2|Ninetales-Alola, F|\n|poke|p2|Glimmora, F|\n|poke|p2|Rillaboom, F|\n|poke|p2|Kingambit, F|\n|poke|p2|Gardevoir, F|\n|teampreview\n|inactive|Battle timer is ON: inactive players will automatically lose when time's up. (requested by SDL_ABDU)\n|j| fsausad95987\n|l| fsausad95987\n|\n|t:|1700649298\n|start\n|switch|p1a: Meowscarada|Meowscarada, F|100\/100\n|switch|p2a: Ninetales|Ninetales-Alola, F, shiny|100\/100\n|-weather|Snow|[from] ability: Snow Warning|[of] p2a: Ninetales\n|turn|1\n|\n|t:|1700649301\n|move|p1a: Meowscarada|Knock Off|p2a: Ninetales\n|-start|p1a: Meowscarada|typechange|Dark|[from] ability: Protean\n|-resisted|p2a: Ninetales\n|-damage|p2a: Ninetales|66\/100\n|-enditem|p2a: Ninetales|Light Clay|[from] move: Knock Off|[of] p1a: Meowscarada\n|move|p2a: Ninetales|Aurora Veil|p2a: Ninetales\n|-sidestart|p2: Bramhakamalam|move: Aurora Veil\n|\n|-weather|Snow|[upkeep]\n|upkeep\n|turn|2\n|\n|t:|1700649313\n|switch|p1a: Corviknight|Corviknight, F|100\/100\n|move|p2a: Ninetales|Moonblast|p1a: Corviknight\n|-resisted|p1a: Corviknight\n|-crit|p1a: Corviknight\n|-damage|p1a: Corviknight|75\/100\n|\n|-weather|Snow|[upkeep]\n|upkeep\n|turn|3\n|\n|t:|1700649317\n|switch|p2a: Spiritomb|Spiritomb, F, shiny|100\/100\n|move|p1a: Corviknight|U-turn|p2a: Spiritomb\n|-damage|p2a: Spiritomb|93\/100\n|\n|t:|1700649324\n|switch|p1a: Glimmora|Glimmora, F|100\/100|[from] U-turn\n|-item|p1a: Glimmora|Air Balloon\n|\n|-weather|Snow|[upkeep]\n|upkeep\n|turn|4\n|\n|t:|1700649331\n|move|p1a: Glimmora|Mortal Spin|p2a: Spiritomb\n|-resisted|p2a: Spiritomb\n|-damage|p2a: Spiritomb|91\/100\n|-status|p2a: Spiritomb|psn\n|move|p2a: Spiritomb|Hypnosis|p1a: Glimmora\n|-status|p1a: Glimmora|slp|[from] move: Hypnosis\n|\n|-weather|Snow|[upkeep]\n|-damage|p2a: Spiritomb|79\/100 psn|[from] psn\n|upkeep\n|turn|5\n|j| Ruinous Tusk\n|\n|t:|1700649339\n|switch|p1a: Meowscarada|Meowscarada, F|100\/100\n|move|p2a: Spiritomb|Dream Eater|p1a: Meowscarada\n|-immune|p1a: Meowscarada\n|\n|-weather|none\n|-damage|p2a: Spiritomb|67\/100 psn|[from] psn\n|-sideend|p2: Bramhakamalam|move: Aurora Veil\n|upkeep\n|turn|6\n|\n|t:|1700649345\n|move|p1a: Meowscarada|Knock Off|p2a: Spiritomb\n|-start|p1a: Meowscarada|typechange|Dark|[from] ability: Protean\n|-damage|p2a: Spiritomb|0 fnt\n|-enditem|p2a: Spiritomb|Zoom Lens|[from] move: Knock Off|[of] p1a: Meowscarada\n|faint|p2a: Spiritomb\n|\n|upkeep\n|\n|t:|1700649352\n|switch|p2a: Glimmora|Glimmora, F|100\/100\n|turn|7\n|\n|t:|1700649355\n|switch|p1a: Glimmora|Glimmora, F|100\/100 slp\n|-item|p1a: Glimmora|Air Balloon\n|move|p2a: Glimmora|Sludge Wave|p1a: Glimmora\n|-resisted|p1a: Glimmora\n|-damage|p1a: Glimmora|89\/100 slp\n|-enditem|p1a: Glimmora|Air Balloon\n|\n|upkeep\n|turn|8\n|\n|t:|1700649358\n|move|p2a: Glimmora|Power Gem|p1a: Glimmora\n|-damage|p1a: Glimmora|44\/100 slp\n|cant|p1a: Glimmora|slp\n|\n|upkeep\n|turn|9\n|\n|t:|1700649362\n|cant|p1a: Glimmora|slp\n|move|p2a: Glimmora|Power Gem|p1a: Glimmora\n|-damage|p1a: Glimmora|0 fnt\n|faint|p1a: Glimmora\n|\n|upkeep\n|\n|t:|1700649366\n|switch|p1a: Landorus|Landorus-Therian, M|100\/100\n|-ability|p1a: Landorus|Intimidate|boost\n|-unboost|p2a: Glimmora|atk|1\n|turn|10\n|\n|t:|1700649376\n|-terastallize|p2a: Glimmora|Grass\n|move|p1a: Landorus|Earthquake|p2a: Glimmora\n|-resisted|p2a: Glimmora\n|-damage|p2a: Glimmora|72\/100\n|-activate|p2a: Glimmora|ability: Toxic Debris\n|-sidestart|p1: SDL_ABDU|move: Toxic Spikes\n|move|p2a: Glimmora|Energy Ball|p1a: Landorus\n|-damage|p1a: Landorus|44\/100\n|\n|-heal|p1a: Landorus|50\/100|[from] item: Leftovers\n|upkeep\n|turn|11\n|\n|t:|1700649382\n|move|p1a: Landorus|U-turn|p2a: Glimmora\n|-supereffective|p2a: Glimmora\n|-damage|p2a: Glimmora|20\/100\n|-activate|p2a: Glimmora|ability: Toxic Debris\n|-sidestart|p1: SDL_ABDU|move: Toxic Spikes\n|\n|t:|1700649384\n|switch|p1a: Slowking|Slowking-Galar, M|100\/100|[from] U-turn\n|-sideend|p1: SDL_ABDU|move: Toxic Spikes|[of] p1a: Slowking\n|move|p2a: Glimmora|Energy Ball|p1a: Slowking\n|-resisted|p1a: Slowking\n|-damage|p1a: Slowking|88\/100\n|\n|-heal|p1a: Slowking|94\/100|[from] item: Black Sludge\n|upkeep\n|turn|12\n|\n|t:|1700649404\n|move|p2a: Glimmora|Power Gem|p1a: Slowking\n|-damage|p1a: Slowking|70\/100\n|move|p1a: Slowking|Chilly Reception|p1a: Slowking\n|-weather|Snow\n|\n|t:|1700649407\n|switch|p1a: Landorus|Landorus-Therian, M|50\/100|[from] Chilly Reception\n|-ability|p1a: Landorus|Intimidate|boost\n|-unboost|p2a: Glimmora|atk|1\n|\n|-weather|Snow|[upkeep]\n|-heal|p1a: Landorus|57\/100|[from] item: Leftovers\n|upkeep\n|turn|13\n|\n|t:|1700649413\n|move|p1a: Landorus|U-turn|p2a: Glimmora\n|-supereffective|p2a: Glimmora\n|-damage|p2a: Glimmora|0 fnt\n|-activate|p2a: Glimmora|ability: Toxic Debris\n|-sidestart|p1: SDL_ABDU|move: Toxic Spikes\n|faint|p2a: Glimmora\n|\n|t:|1700649426\n|switch|p1a: Meowscarada|Meowscarada, F|100\/100|[from] U-turn\n|-status|p1a: Meowscarada|psn\n|\n|-weather|Snow|[upkeep]\n|-damage|p1a: Meowscarada|88\/100 psn|[from] psn\n|upkeep\n|\n|t:|1700649447\n|switch|p2a: Rillaboom|Rillaboom, F|100\/100\n|-fieldstart|move: Grassy Terrain|[from] ability: Grassy Surge|[of] p2a: Rillaboom\n|turn|14\n|\n|t:|1700649452\n|move|p1a: Meowscarada|U-turn|p2a: Rillaboom\n|-start|p1a: Meowscarada|typechange|Bug|[from] ability: Protean\n|-supereffective|p2a: Rillaboom\n|-damage|p2a: Rillaboom|0 fnt\n|faint|p2a: Rillaboom\n|\n|t:|1700649476\n|switch|p1a: Dragonite|Dragonite, M|100\/100|[from] U-turn\n|\n|-weather|Snow|[upkeep]\n|upkeep\n|\n|t:|1700649485\n|switch|p2a: Gardevoir|Gardevoir, F, shiny|100\/100\n|-ability|p2a: Gardevoir|Multiscale|[from] ability: Trace|[of] p1a: Dragonite\n|turn|15\n|\n|t:|1700649493\n|switch|p1a: Slowking|Slowking-Galar, M|100\/100\n|-sideend|p1: SDL_ABDU|move: Toxic Spikes|[of] p1a: Slowking\n|move|p2a: Gardevoir|Calm Mind|p2a: Gardevoir\n|-boost|p2a: Gardevoir|spa|1\n|-boost|p2a: Gardevoir|spd|1\n|\n|-weather|Snow|[upkeep]\n|upkeep\n|turn|16\n|\n|t:|1700649500\n|move|p2a: Gardevoir|Calm Mind|p2a: Gardevoir\n|-boost|p2a: Gardevoir|spa|1\n|-boost|p2a: Gardevoir|spd|1\n|move|p1a: Slowking|Sludge Bomb|p2a: Gardevoir\n|-supereffective|p2a: Gardevoir\n|-damage|p2a: Gardevoir|81\/100\n|\n|-weather|none\n|-heal|p2a: Gardevoir|87\/100|[from] Grassy Terrain\n|upkeep\n|turn|17\n|\n|t:|1700649510\n|move|p2a: Gardevoir|Calm Mind|p2a: Gardevoir\n|-boost|p2a: Gardevoir|spa|1\n|-boost|p2a: Gardevoir|spd|1\n|move|p1a: Slowking|Sludge Bomb|p2a: Gardevoir\n|-supereffective|p2a: Gardevoir\n|-crit|p2a: Gardevoir\n|-damage|p2a: Gardevoir|0 fnt\n|faint|p2a: Gardevoir\n|\n|upkeep\n|\n|t:|1700649516\n|switch|p2a: Kingambit|Kingambit, F|100\/100\n|-activate|p2a: Kingambit|ability: Supreme Overlord\n|-start|p2a: Kingambit|fallen4|[silent]\n|turn|18\n|\n|t:|1700649519\n|-end|p2a: Kingambit|fallen4|[silent]\n|switch|p2a: Ninetales|Ninetales-Alola, F, shiny|66\/100\n|-weather|Snow|[from] ability: Snow Warning|[of] p2a: Ninetales\n|switch|p1a: Landorus|Landorus-Therian, M|57\/100\n|-ability|p1a: Landorus|Intimidate|boost\n|-unboost|p2a: Ninetales|atk|1\n|\n|-weather|Snow|[upkeep]\n|-heal|p2a: Ninetales|72\/100|[from] Grassy Terrain\n|-heal|p1a: Landorus|63\/100|[from] item: Leftovers\n|-fieldend|move: Grassy Terrain\n|upkeep\n|turn|19\n|\n|t:|1700649524\n|move|p2a: Ninetales|Aurora Veil|p2a: Ninetales\n|-sidestart|p2: Bramhakamalam|move: Aurora Veil\n|move|p1a: Landorus|Stealth Rock|p2a: Ninetales\n|-sidestart|p2: Bramhakamalam|move: Stealth Rock\n|\n|-weather|Snow|[upkeep]\n|-heal|p1a: Landorus|69\/100|[from] item: Leftovers\n|upkeep\n|turn|20\n|\n|t:|1700649529\n|switch|p1a: Slowking|Slowking-Galar, M|100\/100\n|move|p2a: Ninetales|Blizzard|p1a: Slowking\n|-damage|p1a: Slowking|75\/100\n|\n|-weather|Snow|[upkeep]\n|-heal|p1a: Slowking|81\/100|[from] item: Black Sludge\n|upkeep\n|turn|21\n|\n|t:|1700649533\n|switch|p2a: Kingambit|Kingambit, F|100\/100\n|-damage|p2a: Kingambit|94\/100|[from] Stealth Rock\n|-activate|p2a: Kingambit|ability: Supreme Overlord\n|-start|p2a: Kingambit|fallen4|[silent]\n|move|p1a: Slowking|Chilly Reception|p1a: Slowking\n|\n|t:|1700649537\n|switch|p1a: Landorus|Landorus-Therian, M|69\/100|[from] Chilly Reception\n|-ability|p1a: Landorus|Intimidate|boost\n|-unboost|p2a: Kingambit|atk|1\n|\n|-weather|Snow|[upkeep]\n|-heal|p1a: Landorus|75\/100|[from] item: Leftovers\n|-heal|p2a: Kingambit|100\/100|[from] item: Leftovers\n|upkeep\n|turn|22\n|-message|Bramhakamalam forfeited.\n|\n|win|SDL_ABDU\n|raw|SDL_ABDU's rating: 1406 &rarr; <strong>1429<\/strong><br \/>(+23 for winning)\n|raw|Bramhakamalam's rating: 1463 &rarr; <strong>1440<\/strong><br \/>(-23 for losing)\n|l|\u2606Bramhakamalam\n","uploadtime":1700649545,"views":0,"p1id":"sdlabdu","p2id":"bramhakamalam","formatid":"gen9ou","rating":1429,"private":0,"password":""}