{"id":"gen9ou-1996480582","p1":"ian9275","p2":"hartattack914","format":"[Gen 9] OU","log":"|j|\u2606ian9275\n|j|\u2606hartattack914\n|t:|1700686135\n|gametype|singles\n|player|p1|ian9275|tuber|1057\n|player|p2|hartattack914|pokemaniac|1000\n|teamsize|p1|6\n|teamsize|p2|6\n|gen|9\n|tier|[Gen 9] OU\n|rated|\n|rule|Sleep Clause Mod: Limit one foe put to sleep\n|rule|Species Clause: Limit one of each Pok\u00e9mon\n|rule|OHKO Clause: OHKO moves are banned\n|rule|Evasion Items Clause: Evasion items are banned\n|rule|Evasion Moves Clause: Evasion moves are banned\n|rule|Endless Battle Clause: Forcing endless battles is banned\n|rule|HP Percentage Mod: HP is shown in percentages\n|clearpoke\n|poke|p1|Torkoal, M|\n|poke|p1|Arcanine-Hisui, M|\n|poke|p1|Volcanion|\n|poke|p1|Ceruledge, F|\n|poke|p1|Moltres|\n|poke|p1|Iron Moth|\n|poke|p2|Greninja-*, M|\n|poke|p2|Garchomp, F|\n|poke|p2|Mew|\n|poke|p2|Dragonite, M|\n|poke|p2|Ambipom, F|\n|poke|p2|Dondozo, M|\n|teampreview\n|inactive|Battle timer is ON: inactive players will automatically lose when time's up. (requested by ian9275)\n|\n|t:|1700686147\n|start\n|switch|p1a: Moltres|Moltres|100\/100\n|switch|p2a: bro|Greninja, M|100\/100\n|-ability|p1a: Moltres|Pressure\n|turn|1\n|\n|t:|1700686155\n|move|p2a: bro|Surf|p1a: Moltres\n|-supereffective|p1a: Moltres\n|-damage|p1a: Moltres|2\/100\n|-damage|p2a: bro|91\/100|[from] item: Life Orb\n|move|p1a: Moltres|Will-O-Wisp|p2a: bro\n|-status|p2a: bro|brn\n|\n|-heal|p1a: Moltres|9\/100|[from] item: Leftovers\n|-damage|p2a: bro|85\/100 brn|[from] brn\n|upkeep\n|turn|2\n|\n|t:|1700686169\n|switch|p1a: Volcanion|Volcanion|100\/100\n|move|p2a: bro|Ice Beam|p1a: Volcanion\n|-resisted|p1a: Volcanion\n|-damage|p1a: Volcanion|92\/100\n|-damage|p2a: bro|75\/100 brn|[from] item: Life Orb\n|\n|-heal|p1a: Volcanion|98\/100|[from] item: Leftovers\n|-damage|p2a: bro|69\/100 brn|[from] brn\n|upkeep\n|turn|3\n|inactive|ian9275 has 120 seconds left.\n|inactive|hartattack914 has 120 seconds left.\n|\n|t:|1700686202\n|switch|p2a: chompy|Garchomp, F|100\/100\n|move|p1a: Volcanion|Steam Eruption|p2a: chompy\n|-damage|p2a: chompy|36\/100\n|\n|-heal|p1a: Volcanion|100\/100|[from] item: Leftovers\n|upkeep\n|turn|4\n|inactive|ian9275 has 120 seconds left.\n|\n|t:|1700686220\n|move|p2a: chompy|Earthquake|p1a: Volcanion\n|-supereffective|p1a: Volcanion\n|-damage|p1a: Volcanion|6\/100\n|move|p1a: Volcanion|Steam Eruption|p2a: chompy\n|-damage|p2a: chompy|0 fnt\n|faint|p2a: chompy\n|\n|-heal|p1a: Volcanion|12\/100|[from] item: Leftovers\n|upkeep\n|inactive|hartattack914 has 120 seconds left.\n|\n|t:|1700686247\n|switch|p2a: bro|Greninja, M|69\/100 brn\n|turn|5\n|inactive|ian9275 has 120 seconds left.\n|\n|t:|1700686268\n|move|p2a: bro|Dark Pulse|p1a: Volcanion\n|-damage|p1a: Volcanion|0 fnt\n|faint|p1a: Volcanion\n|-ability|p2a: bro|Battle Bond|boost\n|-boost|p2a: bro|atk|1\n|-boost|p2a: bro|spa|1\n|-boost|p2a: bro|spe|1\n|-activate|p2a: bro|ability: Battle Bond\n|-damage|p2a: bro|59\/100 brn|[from] item: Life Orb\n|\n|-damage|p2a: bro|53\/100 brn|[from] brn\n|upkeep\n|\n|t:|1700686292\n|switch|p1a: Arcanine|Arcanine-Hisui, M|100\/100\n|-ability|p1a: Arcanine|Intimidate|boost\n|-unboost|p2a: bro|atk|1\n|turn|6\n|inactive|hartattack914 has 120 seconds left.\n|\n|t:|1700686312\n|-terastallize|p1a: Arcanine|Normal\n|move|p1a: Arcanine|Extreme Speed|p2a: bro\n|-damage|p2a: bro|0 fnt\n|faint|p2a: bro\n|-damage|p1a: Arcanine|91\/100|[from] item: Life Orb\n|\n|upkeep\n|\n|t:|1700686320\n|switch|p2a: big fishy|Dondozo, M|100\/100\n|turn|7\n|\n|t:|1700686330\n|switch|p1a: Moltres|Moltres|9\/100\n|-ability|p1a: Moltres|Pressure\n|move|p2a: big fishy|Wave Crash|p1a: Moltres\n|-supereffective|p1a: Moltres\n|-damage|p1a: Moltres|0 fnt\n|faint|p1a: Moltres\n|-damage|p2a: big fishy|99\/100|[from] Recoil\n|\n|-heal|p2a: big fishy|100\/100|[from] item: Leftovers\n|upkeep\n|\n|t:|1700686344\n|switch|p1a: Torkoal|Torkoal, M|100\/100\n|-weather|SunnyDay|[from] ability: Drought|[of] p1a: Torkoal\n|turn|8\n|inactive|hartattack914 has 120 seconds left.\n|\n|t:|1700686350\n|move|p2a: big fishy|Wave Crash|p1a: Torkoal\n|-supereffective|p1a: Torkoal\n|-damage|p1a: Torkoal|75\/100\n|-damage|p2a: big fishy|96\/100|[from] Recoil\n|move|p1a: Torkoal|Solar Beam||[still]\n|-prepare|p1a: Torkoal|Solar Beam\n|-anim|p1a: Torkoal|Solar Beam|p2a: big fishy\n|-supereffective|p2a: big fishy\n|-damage|p2a: big fishy|32\/100\n|\n|-weather|SunnyDay|[upkeep]\n|-heal|p2a: big fishy|38\/100|[from] item: Leftovers\n|upkeep\n|turn|9\n|inactive|hartattack914 has 120 seconds left.\n|\n|t:|1700686366\n|move|p2a: big fishy|Rest|p2a: big fishy\n|-status|p2a: big fishy|slp|[from] move: Rest\n|-heal|p2a: big fishy|100\/100 slp|[silent]\n|move|p1a: Torkoal|Solar Beam||[still]\n|-prepare|p1a: Torkoal|Solar Beam\n|-anim|p1a: Torkoal|Solar Beam|p2a: big fishy\n|-supereffective|p2a: big fishy\n|-damage|p2a: big fishy|43\/100 slp\n|\n|-weather|SunnyDay|[upkeep]\n|-heal|p2a: big fishy|49\/100 slp|[from] item: Leftovers\n|upkeep\n|turn|10\n|inactive|hartattack914 has 120 seconds left.\n|\n|t:|1700686377\n|cant|p2a: big fishy|slp\n|move|p2a: big fishy|Sleep Talk|p2a: big fishy\n|move|p2a: big fishy|Wave Crash|p1a: Torkoal|[from]move: Sleep Talk\n|-supereffective|p1a: Torkoal\n|-damage|p1a: Torkoal|49\/100\n|-damage|p2a: big fishy|44\/100 slp|[from] Recoil\n|move|p1a: Torkoal|Solar Beam||[still]\n|-prepare|p1a: Torkoal|Solar Beam\n|-anim|p1a: Torkoal|Solar Beam|p2a: big fishy\n|-supereffective|p2a: big fishy\n|-damage|p2a: big fishy|0 fnt\n|faint|p2a: big fishy\n|\n|-weather|SunnyDay|[upkeep]\n|upkeep\n|inactive|hartattack914 has 120 seconds left.\n|\n|t:|1700686409\n|switch|p2a: boxer|Ambipom, F|100\/100\n|turn|11\n|\n|t:|1700686417\n|move|p2a: boxer|Taunt|p1a: Torkoal\n|-start|p1a: Torkoal|move: Taunt\n|move|p1a: Torkoal|Overheat|p2a: boxer\n|-damage|p2a: boxer|0 fnt\n|-unboost|p1a: Torkoal|spa|2\n|faint|p2a: boxer\n|\n|-weather|SunnyDay|[upkeep]\n|upkeep\n|c|\u2606ian9275|ok\n|\n|t:|1700686425\n|switch|p2a: dude|Mew|100\/100\n|turn|12\n|inactive|ian9275 has 120 seconds left.\n|\n|t:|1700686439\n|switch|p1a: Arcanine|Arcanine-Hisui, M, tera:Normal|91\/100\n|-ability|p1a: Arcanine|Intimidate|boost\n|-unboost|p2a: dude|atk|1\n|move|p2a: dude|Knock Off|p1a: Arcanine\n|-damage|p1a: Arcanine|72\/100\n|-enditem|p1a: Arcanine|Life Orb|[from] move: Knock Off|[of] p2a: dude\n|\n|-weather|none\n|upkeep\n|turn|13\n|inactive|ian9275 has 120 seconds left.\n|\n|t:|1700686451\n|move|p1a: Arcanine|Extreme Speed|p2a: dude\n|-damage|p2a: dude|62\/100\n|move|p2a: dude|Ice Beam|p1a: Arcanine\n|-damage|p1a: Arcanine|48\/100\n|\n|-heal|p2a: dude|68\/100|[from] item: Leftovers\n|upkeep\n|turn|14\n|\n|t:|1700686460\n|move|p1a: Arcanine|Extreme Speed|p2a: dude\n|-damage|p2a: dude|27\/100\n|move|p2a: dude|Ice Beam|p1a: Arcanine\n|-damage|p1a: Arcanine|22\/100\n|\n|-heal|p2a: dude|33\/100|[from] item: Leftovers\n|upkeep\n|turn|15\n|inactive|hartattack914 has 120 seconds left.\n|inactive|ian9275 has 120 seconds left.\n|\n|t:|1700686481\n|switch|p1a: Iron Moth|Iron Moth|100\/100\n|-enditem|p1a: Iron Moth|Booster Energy\n|-activate|p1a: Iron Moth|ability: Quark Drive|[fromitem]\n|-start|p1a: Iron Moth|quarkdrivespa\n|switch|p2a: ted|Dragonite, M|100\/100\n|\n|upkeep\n|turn|16\n|inactive|ian9275 has 120 seconds left.\n|inactive|hartattack914 has 120 seconds left.\n|\n|t:|1700686507\n|switch|p2a: dude|Mew|33\/100\n|move|p1a: Iron Moth|Sludge Wave|p2a: dude\n|-damage|p2a: dude|0 fnt\n|faint|p2a: dude\n|\n|upkeep\n|\n|t:|1700686514\n|switch|p2a: ted|Dragonite, M|100\/100\n|turn|17\n|\n|t:|1700686519\n|move|p1a: Iron Moth|Sludge Wave|p2a: ted\n|-damage|p2a: ted|65\/100\n|move|p2a: ted|Earthquake|p1a: Iron Moth\n|-supereffective|p1a: Iron Moth\n|-damage|p1a: Iron Moth|0 fnt\n|faint|p1a: Iron Moth\n|-end|p1a: Iron Moth|Quark Drive|[silent]\n|\n|upkeep\n|\n|t:|1700686527\n|switch|p1a: Ceruledge|Ceruledge, F|100\/100\n|turn|18\n|\n|t:|1700686538\n|move|p1a: Ceruledge|Poltergeist|p2a: ted|[miss]\n|-miss|p1a: Ceruledge|p2a: ted\n|move|p2a: ted|Earthquake|p1a: Ceruledge\n|-supereffective|p1a: Ceruledge\n|-damage|p1a: Ceruledge|0 fnt\n|faint|p1a: Ceruledge\n|\n|upkeep\n|c|\u2606ian9275|kkk\n|c|\u2606ian9275|funny\n|\n|t:|1700686550\n|switch|p1a: Torkoal|Torkoal, M|49\/100\n|-weather|SunnyDay|[from] ability: Drought|[of] p1a: Torkoal\n|turn|19\n|\n|t:|1700686558\n|move|p2a: ted|Earthquake|p1a: Torkoal\n|-supereffective|p1a: Torkoal\n|-damage|p1a: Torkoal|0 fnt\n|faint|p1a: Torkoal\n|\n|-weather|SunnyDay|[upkeep]\n|upkeep\n|\n|t:|1700686563\n|switch|p1a: Arcanine|Arcanine-Hisui, M, tera:Normal|22\/100\n|-ability|p1a: Arcanine|Intimidate|boost\n|-unboost|p2a: ted|atk|1\n|turn|20\n|\n|t:|1700686571\n|move|p1a: Arcanine|Wild Charge|p2a: ted\n|-damage|p2a: ted|32\/100\n|-damage|p1a: Arcanine|14\/100|[from] Recoil\n|move|p2a: ted|Earthquake|p1a: Arcanine\n|-damage|p1a: Arcanine|0 fnt\n|faint|p1a: Arcanine\n|\n|win|hartattack914\n|raw|ian9275's rating: 1057 &rarr; <strong>1035<\/strong><br \/>(-22 for losing)\n|raw|hartattack914's rating: 1000 &rarr; <strong>1047<\/strong><br \/>(+47 for winning)\n|l|\u2606ian9275\n","uploadtime":1700686765,"views":10,"p1id":"ian9275","p2id":"hartattack914","formatid":"gen9ou","rating":1035,"private":0,"password":""}