{"id":"gen9ou-1989314736","p1":"Onte bad","p2":"Jama347","format":"[Gen 9] OU","log":"|j|\u2606Onte bad\n|j|\u2606Jama347\n|t:|1699835340\n|gametype|singles\n|player|p1|Onte bad|1|1171\n|player|p2|Jama347|schoolkidf|1111\n|teamsize|p1|6\n|teamsize|p2|6\n|gen|9\n|tier|[Gen 9] OU\n|rated|\n|rule|Sleep Clause Mod: Limit one foe put to sleep\n|rule|Species Clause: Limit one of each Pok\u00e9mon\n|rule|OHKO Clause: OHKO moves are banned\n|rule|Evasion Items Clause: Evasion items are banned\n|rule|Evasion Moves Clause: Evasion moves are banned\n|rule|Endless Battle Clause: Forcing endless battles is banned\n|rule|HP Percentage Mod: HP is shown in percentages\n|clearpoke\n|poke|p1|Gholdengo|\n|poke|p1|Glimmora, F|\n|poke|p1|Ribombee, M|\n|poke|p1|Cinderace, M|\n|poke|p1|Dragonite, F|\n|poke|p1|Thundurus-Therian, M|\n|poke|p2|Hatterene, F|\n|poke|p2|Corviknight, F|\n|poke|p2|Iron Valiant|\n|poke|p2|Cinderace, F|\n|poke|p2|Glimmora, F|\n|poke|p2|Rillaboom, M|\n|teampreview\n|\n|t:|1699835352\n|start\n|switch|p1a: Thundurus|Thundurus-Therian, M|100\/100\n|switch|p2a: Iron Valiant|Iron Valiant|100\/100\n|-enditem|p2a: Iron Valiant|Booster Energy\n|-activate|p2a: Iron Valiant|ability: Quark Drive|[fromitem]\n|-start|p2a: Iron Valiant|quarkdrivespe\n|turn|1\n|\n|t:|1699835363\n|move|p2a: Iron Valiant|Thunderbolt|p1a: Thundurus\n|-immune|p1a: Thundurus|[from] ability: Volt Absorb\n|move|p1a: Thundurus|Volt Switch|p2a: Iron Valiant\n|-damage|p2a: Iron Valiant|0 fnt\n|faint|p2a: Iron Valiant\n|-end|p2a: Iron Valiant|Quark Drive|[silent]\n|\n|t:|1699835371\n|switch|p1a: Cinderace|Cinderace, M|100\/100|[from] Volt Switch\n|\n|upkeep\n|\n|t:|1699835378\n|switch|p2a: Hatterene|Hatterene, F|100\/100\n|turn|2\n|\n|t:|1699835384\n|move|p1a: Cinderace|Pyro Ball|p2a: Hatterene\n|-damage|p2a: Hatterene|50\/100\n|move|p2a: Hatterene|Calm Mind|p2a: Hatterene\n|-boost|p2a: Hatterene|spa|1\n|-boost|p2a: Hatterene|spd|1\n|\n|-heal|p2a: Hatterene|56\/100|[from] item: Leftovers\n|upkeep\n|turn|3\n|\n|t:|1699835397\n|move|p1a: Cinderace|Pyro Ball|p2a: Hatterene\n|-damage|p2a: Hatterene|8\/100\n|move|p2a: Hatterene|Psyshock|p1a: Cinderace\n|-damage|p1a: Cinderace|29\/100\n|\n|-heal|p2a: Hatterene|14\/100|[from] item: Leftovers\n|upkeep\n|turn|4\n|\n|t:|1699835406\n|switch|p2a: Glimmora|Glimmora, F|100\/100\n|move|p1a: Cinderace|U-turn|p2a: Glimmora\n|-start|p1a: Cinderace|typechange|Bug|[from] ability: Libero\n|-resisted|p2a: Glimmora\n|-damage|p2a: Glimmora|80\/100\n|-activate|p2a: Glimmora|ability: Toxic Debris\n|-sidestart|p1: Onte bad|move: Toxic Spikes\n|\n|t:|1699835409\n|switch|p1a: Glimmora|Glimmora, F|100\/100|[from] U-turn\n|-sideend|p1: Onte bad|move: Toxic Spikes|[of] p1a: Glimmora\n|\n|upkeep\n|turn|5\n|\n|t:|1699835418\n|move|p1a: Glimmora|Earth Power|p2a: Glimmora\n|-supereffective|p2a: Glimmora\n|-damage|p2a: Glimmora|0 fnt\n|faint|p2a: Glimmora\n|\n|upkeep\n|\n|t:|1699835439\n|switch|p2a: Rillaboom|Rillaboom, M|100\/100\n|-fieldstart|move: Grassy Terrain|[from] ability: Grassy Surge|[of] p2a: Rillaboom\n|turn|6\n|\n|t:|1699835452\n|move|p1a: Glimmora|Stealth Rock|p2a: Rillaboom\n|-sidestart|p2: Jama347|move: Stealth Rock\n|move|p2a: Rillaboom|Wood Hammer|p1a: Glimmora\n|-enditem|p1a: Glimmora|Focus Sash\n|-damage|p1a: Glimmora|1\/100\n|-activate|p1a: Glimmora|ability: Toxic Debris\n|-sidestart|p2: Jama347|move: Toxic Spikes\n|-damage|p2a: Rillaboom|65\/100|[from] Recoil\n|\n|-heal|p1a: Glimmora|7\/100|[from] Grassy Terrain\n|-heal|p2a: Rillaboom|71\/100|[from] Grassy Terrain\n|upkeep\n|turn|7\n|\n|t:|1699835463\n|switch|p1a: Thundurus|Thundurus-Therian, M|100\/100\n|move|p2a: Rillaboom|Wood Hammer|p1a: Thundurus\n|-resisted|p1a: Thundurus\n|-damage|p1a: Thundurus|9\/100\n|-damage|p2a: Rillaboom|44\/100|[from] Recoil\n|\n|-heal|p2a: Rillaboom|51\/100|[from] Grassy Terrain\n|upkeep\n|turn|8\n|\n|t:|1699835473\n|move|p1a: Thundurus|Volt Switch|p2a: Rillaboom\n|-resisted|p2a: Rillaboom\n|-damage|p2a: Rillaboom|13\/100\n|\n|t:|1699835475\n|switch|p1a: Dragonite|Dragonite, F|100\/100|[from] Volt Switch\n|move|p2a: Rillaboom|Wood Hammer|p1a: Dragonite\n|-resisted|p1a: Dragonite\n|-damage|p1a: Dragonite|83\/100\n|-damage|p2a: Rillaboom|8\/100|[from] Recoil\n|\n|-heal|p2a: Rillaboom|14\/100|[from] Grassy Terrain\n|-heal|p1a: Dragonite|89\/100|[from] item: Leftovers\n|upkeep\n|turn|9\n|inactive|Battle timer is ON: inactive players will automatically lose when time's up. (requested by Onte bad)\n|\n|t:|1699835485\n|move|p1a: Dragonite|Extreme Speed|p2a: Rillaboom\n|-damage|p2a: Rillaboom|0 fnt\n|faint|p2a: Rillaboom\n|\n|-heal|p1a: Dragonite|96\/100|[from] item: Leftovers\n|upkeep\n|\n|t:|1699835493\n|switch|p2a: Hatterene|Hatterene, F|14\/100\n|-damage|p2a: Hatterene|1\/100|[from] Stealth Rock\n|-status|p2a: Hatterene|psn\n|turn|10\n|\n|t:|1699835515\n|move|p1a: Dragonite|Extreme Speed|p2a: Hatterene\n|-crit|p2a: Hatterene\n|-damage|p2a: Hatterene|0 fnt\n|faint|p2a: Hatterene\n|\n|-heal|p1a: Dragonite|100\/100|[from] item: Leftovers\n|-fieldend|move: Grassy Terrain\n|upkeep\n|\n|t:|1699835525\n|switch|p2a: Corviknight|Corviknight, F|100\/100\n|-damage|p2a: Corviknight|88\/100|[from] Stealth Rock\n|-ability|p2a: Corviknight|Pressure\n|turn|11\n|\n|t:|1699835531\n|switch|p1a: Glimmora|Glimmora, F|7\/100\n|move|p2a: Corviknight|Brave Bird|p1a: Glimmora\n|-resisted|p1a: Glimmora\n|-damage|p1a: Glimmora|0 fnt\n|-activate|p1a: Glimmora|ability: Toxic Debris\n|-sidestart|p2: Jama347|move: Toxic Spikes\n|faint|p1a: Glimmora\n|-damage|p2a: Corviknight|86\/100|[from] Recoil\n|\n|upkeep\n|\n|t:|1699835536\n|switch|p1a: Thundurus|Thundurus-Therian, M|9\/100\n|turn|12\n|\n|t:|1699835543\n|move|p1a: Thundurus|Thunderbolt|p2a: Corviknight\n|-supereffective|p2a: Corviknight\n|-damage|p2a: Corviknight|0 fnt\n|faint|p2a: Corviknight\n|\n|upkeep\n|\n|t:|1699835548\n|switch|p2a: Cinderace|Cinderace, F|100\/100\n|turn|13\n|\n|t:|1699835555\n|move|p2a: Cinderace|Pyro Ball|p1a: Thundurus\n|-damage|p1a: Thundurus|0 fnt\n|faint|p1a: Thundurus\n|\n|upkeep\n|\n|t:|1699835569\n|switch|p1a: Ribombee|Ribombee, M|100\/100\n|turn|14\n|\n|t:|1699835579\n|move|p1a: Ribombee|Moonblast|p2a: Cinderace\n|-resisted|p2a: Cinderace\n|-damage|p2a: Cinderace|73\/100\n|-unboost|p2a: Cinderace|spa|1\n|move|p2a: Cinderace|Pyro Ball|p1a: Ribombee\n|-supereffective|p1a: Ribombee\n|-enditem|p1a: Ribombee|Focus Sash\n|-damage|p1a: Ribombee|1\/100\n|\n|upkeep\n|turn|15\n|\n|t:|1699835588\n|move|p1a: Ribombee|Moonblast|p2a: Cinderace\n|-resisted|p2a: Cinderace\n|-damage|p2a: Cinderace|45\/100\n|move|p2a: Cinderace|Pyro Ball|p1a: Ribombee\n|-supereffective|p1a: Ribombee\n|-damage|p1a: Ribombee|0 fnt\n|faint|p1a: Ribombee\n|\n|upkeep\n|\n|t:|1699835592\n|switch|p1a: Dragonite|Dragonite, F|100\/100\n|turn|16\n|\n|t:|1699835601\n|move|p2a: Cinderace|Sucker Punch||[still]\n|-fail|p2a: Cinderace\n|move|p1a: Dragonite|Dragon Dance|p1a: Dragonite\n|-boost|p1a: Dragonite|atk|1\n|-boost|p1a: Dragonite|spe|1\n|\n|upkeep\n|turn|17\n|\n|t:|1699835610\n|move|p1a: Dragonite|Earthquake|p2a: Cinderace\n|-supereffective|p2a: Cinderace\n|-damage|p2a: Cinderace|0 fnt\n|faint|p2a: Cinderace\n|\n|win|Onte bad\n|raw|Onte bad's rating: 1171 &rarr; <strong>1192<\/strong><br \/>(+21 for winning)\n|raw|Jama347's rating: 1111 &rarr; <strong>1090<\/strong><br \/>(-21 for losing)\n","uploadtime":1699835613,"views":10,"p1id":"ontebad","p2id":"jama347","formatid":"gen9ou","rating":1090,"private":0,"password":""}