{"id":"gen9ou-1988607869","p1":"Skoomabangbang","p2":"yayou","format":"[Gen 9] OU","log":"|j|\u2606Skoomabangbang\n|j|\u2606yayou\n|t:|1699741412\n|gametype|singles\n|player|p1|Skoomabangbang|shadowtriad|\n|player|p2|yayou|volkner|\n|teamsize|p1|6\n|teamsize|p2|6\n|gen|9\n|tier|[Gen 9] OU\n|rule|Sleep Clause Mod: Limit one foe put to sleep\n|rule|Species Clause: Limit one of each Pok\u00e9mon\n|rule|OHKO Clause: OHKO moves are banned\n|rule|Evasion Items Clause: Evasion items are banned\n|rule|Evasion Moves Clause: Evasion moves are banned\n|rule|Endless Battle Clause: Forcing endless battles is banned\n|rule|HP Percentage Mod: HP is shown in percentages\n|clearpoke\n|poke|p1|Indeedee-F, F|\n|poke|p1|Azelf|\n|poke|p1|Gallade, M|\n|poke|p1|Hoopa-Unbound|\n|poke|p1|Delphox, F|\n|poke|p1|Slowbro, M|\n|poke|p2|Hoopa-Unbound|\n|poke|p2|Hatterene, F|\n|poke|p2|Jirachi|\n|poke|p2|Delphox, M|\n|poke|p2|Braviary-Hisui, M|\n|poke|p2|Slowbro, M|\n|teampreview\n|\n|t:|1699741447\n|start\n|switch|p1a: Indeedee|Indeedee-F, F, shiny|100\/100\n|switch|p2a: Hatterene|Hatterene, F, shiny|100\/100\n|-fieldstart|move: Psychic Terrain|[from] ability: Psychic Surge|[of] p1a: Indeedee\n|turn|1\n|\n|t:|1699741473\n|switch|p1a: Pero\u00f1a|Delphox, F, shiny|100\/100\n|move|p2a: Hatterene|Calm Mind|p2a: Hatterene\n|-boost|p2a: Hatterene|spa|1\n|-boost|p2a: Hatterene|spd|1\n|\n|upkeep\n|turn|2\n|\n|t:|1699741484\n|move|p1a: Pero\u00f1a|Psyshock|p2a: Hatterene\n|-resisted|p2a: Hatterene\n|-damage|p2a: Hatterene|80\/100\n|move|p2a: Hatterene|Calm Mind|p2a: Hatterene\n|-boost|p2a: Hatterene|spa|1\n|-boost|p2a: Hatterene|spd|1\n|\n|-heal|p2a: Hatterene|86\/100|[from] item: Leftovers\n|upkeep\n|turn|3\n|\n|t:|1699741500\n|move|p1a: Pero\u00f1a|Flamethrower|p2a: Hatterene\n|-damage|p2a: Hatterene|62\/100\n|move|p2a: Hatterene|Dark Pulse|p1a: Pero\u00f1a\n|-supereffective|p1a: Pero\u00f1a\n|-damage|p1a: Pero\u00f1a|0 fnt\n|faint|p1a: Pero\u00f1a\n|\n|-heal|p2a: Hatterene|68\/100|[from] item: Leftovers\n|upkeep\n|\n|t:|1699741517\n|switch|p1a: Bagy|Hoopa-Unbound|100\/100\n|turn|4\n|\n|t:|1699741537\n|-terastallize|p2a: Hatterene|Fairy\n|move|p1a: Bagy|Phantom Force||[still]\n|-prepare|p1a: Bagy|Phantom Force\n|move|p2a: Hatterene|Draining Kiss|p1a: Bagy|[miss]\n|-miss|p2a: Hatterene|p1a: Bagy\n|\n|-heal|p2a: Hatterene|74\/100|[from] item: Leftovers\n|upkeep\n|turn|5\n|\n|t:|1699741546\n|move|p1a: Bagy|Phantom Force|p2a: Hatterene|[from]lockedmove\n|-damage|p2a: Hatterene|33\/100\n|-damage|p1a: Bagy|91\/100|[from] item: Life Orb\n|move|p2a: Hatterene|Draining Kiss|p1a: Bagy\n|-supereffective|p1a: Bagy\n|-damage|p1a: Bagy|0 fnt\n|-heal|p2a: Hatterene|97\/100|[from] drain|[of] p1a: Bagy\n|faint|p1a: Bagy\n|\n|-heal|p2a: Hatterene|100\/100|[from] item: Leftovers\n|-fieldend|move: Psychic Terrain\n|upkeep\n|\n|t:|1699741569\n|switch|p1a: Indeedee|Indeedee-F, F, shiny|100\/100\n|-fieldstart|move: Psychic Terrain|[from] ability: Psychic Surge|[of] p1a: Indeedee\n|turn|6\n|\n|t:|1699741578\n|move|p1a: Indeedee|Light Screen|p1a: Indeedee\n|-sidestart|p1: Skoomabangbang|move: Light Screen\n|move|p2a: Hatterene|Dark Pulse|p1a: Indeedee\n|-supereffective|p1a: Indeedee\n|-damage|p1a: Indeedee|52\/100\n|\n|upkeep\n|turn|7\n|\n|t:|1699741588\n|switch|p1a: Gallade|Gallade, M, shiny|100\/100\n|move|p2a: Hatterene|Calm Mind|p2a: Hatterene\n|-boost|p2a: Hatterene|spa|1\n|-boost|p2a: Hatterene|spd|1\n|\n|upkeep\n|turn|8\n|\n|t:|1699741608\n|move|p1a: Gallade|Psycho Cut|p2a: Hatterene\n|-crit|p2a: Hatterene\n|-damage|p2a: Hatterene|1\/100\n|move|p2a: Hatterene|Draining Kiss|p1a: Gallade\n|-supereffective|p1a: Gallade\n|-damage|p1a: Gallade|0 fnt\n|-heal|p2a: Hatterene|67\/100|[from] drain|[of] p1a: Gallade\n|faint|p1a: Gallade\n|\n|-heal|p2a: Hatterene|73\/100|[from] item: Leftovers\n|upkeep\n|\n|t:|1699741623\n|switch|p1a: Soolking|Slowbro, M, shiny|100\/100\n|turn|9\n|\n|t:|1699741634\n|move|p1a: Soolking|Scald|p2a: Hatterene\n|-damage|p2a: Hatterene|55\/100\n|-status|p2a: Hatterene|brn\n|move|p2a: Hatterene|Giga Drain|p1a: Soolking\n|-supereffective|p1a: Soolking\n|-damage|p1a: Soolking|58\/100\n|-heal|p2a: Hatterene|79\/100 brn|[from] drain|[of] p1a: Soolking\n|\n|-heal|p2a: Hatterene|85\/100 brn|[from] item: Leftovers\n|-damage|p2a: Hatterene|79\/100 brn|[from] brn\n|upkeep\n|turn|10\n|\n|t:|1699741651\n|switch|p1a: Azelf|Azelf|100\/100\n|move|p2a: Hatterene|Giga Drain|p1a: Azelf\n|-damage|p1a: Azelf|59\/100\n|-heal|p2a: Hatterene|98\/100 brn|[from] drain|[of] p1a: Azelf\n|\n|-heal|p1a: Azelf|66\/100|[from] item: Leftovers\n|-heal|p2a: Hatterene|100\/100 brn|[from] item: Leftovers\n|-damage|p2a: Hatterene|95\/100 brn|[from] brn\n|-fieldend|move: Psychic Terrain\n|upkeep\n|turn|11\n|\n|t:|1699741674\n|move|p1a: Azelf|Knock Off|p2a: Hatterene\n|-resisted|p2a: Hatterene\n|-damage|p2a: Hatterene|82\/100 brn\n|-enditem|p2a: Hatterene|Leftovers|[from] move: Knock Off|[of] p1a: Azelf\n|move|p2a: Hatterene|Draining Kiss|p1a: Azelf\n|-damage|p1a: Azelf|0 fnt\n|-heal|p2a: Hatterene|100\/100 brn|[from] drain|[of] p1a: Azelf\n|faint|p1a: Azelf\n|\n|-damage|p2a: Hatterene|95\/100 brn|[from] brn\n|upkeep\n|\n|t:|1699741691\n|switch|p1a: Soolking|Slowbro, M, shiny|92\/100\n|turn|12\n|\n|t:|1699741695\n|move|p1a: Soolking|Flamethrower|p2a: Hatterene\n|-damage|p2a: Hatterene|83\/100 brn\n|move|p2a: Hatterene|Dark Pulse|p1a: Soolking\n|-supereffective|p1a: Soolking\n|-damage|p1a: Soolking|46\/100\n|\n|-damage|p2a: Hatterene|77\/100 brn|[from] brn\n|upkeep\n|turn|13\n|\n|t:|1699741716\n|-terastallize|p1a: Soolking|Fire\n|move|p1a: Soolking|Flamethrower|p2a: Hatterene\n|-damage|p2a: Hatterene|58\/100 brn\n|move|p2a: Hatterene|Dark Pulse|p1a: Soolking\n|-damage|p1a: Soolking|22\/100\n|\n|-damage|p2a: Hatterene|52\/100 brn|[from] brn\n|-sideend|p1: Skoomabangbang|move: Light Screen\n|upkeep\n|turn|14\n|\n|t:|1699741727\n|switch|p1a: Indeedee|Indeedee-F, F, shiny|52\/100\n|-fieldstart|move: Psychic Terrain|[from] ability: Psychic Surge|[of] p1a: Indeedee\n|move|p2a: Hatterene|Dark Pulse|p1a: Indeedee\n|-supereffective|p1a: Indeedee\n|-damage|p1a: Indeedee|0 fnt\n|faint|p1a: Indeedee\n|\n|-damage|p2a: Hatterene|46\/100 brn|[from] brn\n|upkeep\n|\n|t:|1699741738\n|switch|p1a: Soolking|Slowbro, M, shiny, tera:Fire|55\/100\n|turn|15\n|\n|t:|1699741742\n|move|p1a: Soolking|Flamethrower|p2a: Hatterene\n|-damage|p2a: Hatterene|29\/100 brn\n|move|p2a: Hatterene|Dark Pulse|p1a: Soolking\n|-damage|p1a: Soolking|9\/100\n|\n|-damage|p2a: Hatterene|23\/100 brn|[from] brn\n|upkeep\n|turn|16\n|\n|t:|1699741751\n|move|p1a: Soolking|Flamethrower|p2a: Hatterene\n|-damage|p2a: Hatterene|4\/100 brn\n|move|p2a: Hatterene|Dark Pulse|p1a: Soolking\n|-damage|p1a: Soolking|0 fnt\n|faint|p1a: Soolking\n|\n|win|yayou\n|l|\u2606Skoomabangbang\n","uploadtime":1699741761,"views":13,"p1id":"skoomabangbang","p2id":"yayou","formatid":"gen9ou","rating":0,"private":0,"password":""}