{"id":"gen9ou-1995102725","p1":"marmotashow","p2":"PLAYB0I R0BBIE B","format":"[Gen 9] OU","log":"|j|\u2606marmotashow\n|j|\u2606PLAYB0I R0BBIE B\n|t:|1700522832\n|gametype|singles\n|player|p1|marmotashow|266|1196\n|player|p2|PLAYB0I R0BBIE B|eusine|1298\n|teamsize|p1|6\n|teamsize|p2|6\n|gen|9\n|tier|[Gen 9] OU\n|rated|\n|rule|Sleep Clause Mod: Limit one foe put to sleep\n|rule|Species Clause: Limit one of each Pok\u00e9mon\n|rule|OHKO Clause: OHKO moves are banned\n|rule|Evasion Items Clause: Evasion items are banned\n|rule|Evasion Moves Clause: Evasion moves are banned\n|rule|Endless Battle Clause: Forcing endless battles is banned\n|rule|HP Percentage Mod: HP is shown in percentages\n|clearpoke\n|poke|p1|Greninja-*, M|\n|poke|p1|Pelipper, M|\n|poke|p1|Zapdos|\n|poke|p1|Clodsire, M|\n|poke|p1|Dragonite, M|\n|poke|p1|Tsareena, F|\n|poke|p2|Meowscarada, F|\n|poke|p2|Heatran, F|\n|poke|p2|Thundurus-Therian, M|\n|poke|p2|Dragapult, F|\n|poke|p2|Great Tusk|\n|poke|p2|Azumarill, F|\n|teampreview\n|\n|t:|1700522856\n|start\n|switch|p1a: Pelipper|Pelipper, M|100\/100\n|switch|p2a: ASTROTHUNDER|Thundurus-Therian, M|100\/100\n|-weather|RainDance|[from] ability: Drizzle|[of] p1a: Pelipper\n|turn|1\n|\n|t:|1700522946\n|switch|p1a: Clodsire|Clodsire, M|100\/100\n|-terastallize|p2a: ASTROTHUNDER|Flying\n|move|p2a: ASTROTHUNDER|Tera Blast|p1a: Clodsire|[anim] Tera Blast Flying\n|-damage|p1a: Clodsire|52\/100\n|\n|-weather|RainDance|[upkeep]\n|-heal|p1a: Clodsire|58\/100|[from] item: Leftovers\n|upkeep\n|turn|2\n|inactive|Battle timer is ON: inactive players will automatically lose when time's up. (requested by PLAYB0I R0BBIE B)\n|\n|t:|1700522957\n|switch|p2a: 5% TINT|Heatran, F|100\/100\n|-item|p2a: 5% TINT|Air Balloon\n|move|p1a: Clodsire|Toxic|p2a: 5% TINT\n|-immune|p2a: 5% TINT\n|\n|-weather|RainDance|[upkeep]\n|-heal|p1a: Clodsire|64\/100|[from] item: Leftovers\n|upkeep\n|turn|3\n|\n|t:|1700522967\n|switch|p1a: Greninja|Greninja, M|100\/100\n|move|p2a: 5% TINT|Stealth Rock|p1a: Greninja\n|-sidestart|p1: marmotashow|move: Stealth Rock\n|\n|-weather|RainDance|[upkeep]\n|upkeep\n|turn|4\n|\n|t:|1700522982\n|switch|p2a: CAN'T SAY|Azumarill, F|100\/100\n|move|p1a: Greninja|Surf|p2a: CAN'T SAY\n|-resisted|p2a: CAN'T SAY\n|-damage|p2a: CAN'T SAY|73\/100\n|-damage|p1a: Greninja|91\/100|[from] item: Life Orb\n|\n|-weather|RainDance|[upkeep]\n|upkeep\n|turn|5\n|\n|t:|1700522999\n|move|p1a: Greninja|Grass Knot|p2a: CAN'T SAY\n|-supereffective|p2a: CAN'T SAY\n|-damage|p2a: CAN'T SAY|42\/100\n|-damage|p1a: Greninja|81\/100|[from] item: Life Orb\n|move|p2a: CAN'T SAY|Play Rough|p1a: Greninja|[miss]\n|-miss|p2a: CAN'T SAY|p1a: Greninja\n|\n|-weather|RainDance|[upkeep]\n|upkeep\n|turn|6\n|\n|t:|1700523014\n|-terastallize|p1a: Greninja|Water\n|move|p1a: Greninja|Surf|p2a: CAN'T SAY\n|-resisted|p2a: CAN'T SAY\n|-damage|p2a: CAN'T SAY|6\/100\n|-damage|p1a: Greninja|71\/100|[from] item: Life Orb\n|move|p2a: CAN'T SAY|Play Rough|p1a: Greninja\n|-damage|p1a: Greninja|0 fnt\n|faint|p1a: Greninja\n|\n|-weather|RainDance|[upkeep]\n|upkeep\n|\n|t:|1700523023\n|switch|p1a: Zapdos|Zapdos|100\/100\n|-damage|p1a: Zapdos|76\/100|[from] Stealth Rock\n|turn|7\n|\n|t:|1700523042\n|switch|p2a: 5% TINT|Heatran, F|100\/100\n|-item|p2a: 5% TINT|Air Balloon\n|move|p1a: Zapdos|Hurricane|p2a: 5% TINT\n|-resisted|p2a: 5% TINT\n|-damage|p2a: 5% TINT|64\/100\n|-start|p2a: 5% TINT|confusion\n|-enditem|p2a: 5% TINT|Air Balloon\n|\n|-weather|RainDance|[upkeep]\n|upkeep\n|turn|8\n|\n|t:|1700523046\n|move|p1a: Zapdos|Hurricane|p2a: 5% TINT\n|-resisted|p2a: 5% TINT\n|-damage|p2a: 5% TINT|29\/100\n|-activate|p2a: 5% TINT|confusion\n|move|p2a: 5% TINT|Magma Storm|p1a: Zapdos\n|-damage|p1a: Zapdos|43\/100\n|-activate|p1a: Zapdos|move: Magma Storm|[of] p2a: 5% TINT\n|\n|-weather|none\n|-damage|p1a: Zapdos|30\/100|[from] move: Magma Storm|[partiallytrapped]\n|upkeep\n|turn|9\n|\n|t:|1700523058\n|move|p1a: Zapdos|Hurricane|p2a: 5% TINT\n|-resisted|p2a: 5% TINT\n|-damage|p2a: 5% TINT|0 fnt\n|faint|p2a: 5% TINT\n|\n|-end|p1a: Zapdos|Magma Storm|[partiallytrapped]|[silent]\n|upkeep\n|\n|t:|1700523079\n|switch|p2a: ASTROTHUNDER|Thundurus-Therian, M, tera:Flying|100\/100\n|turn|10\n|\n|t:|1700523085\n|switch|p1a: Pelipper|Pelipper, M|100\/100\n|-damage|p1a: Pelipper|76\/100|[from] Stealth Rock\n|-weather|RainDance|[from] ability: Drizzle|[of] p1a: Pelipper\n|move|p2a: ASTROTHUNDER|Tera Blast|p1a: Pelipper|[anim] Tera Blast Flying\n|-damage|p1a: Pelipper|0 fnt\n|faint|p1a: Pelipper\n|\n|-weather|RainDance|[upkeep]\n|upkeep\n|\n|t:|1700523087\n|switch|p1a: Tsareena|Tsareena, F|100\/100\n|turn|11\n|\n|t:|1700523090\n|move|p2a: ASTROTHUNDER|Tera Blast|p1a: Tsareena|[anim] Tera Blast Flying\n|-supereffective|p1a: Tsareena\n|-damage|p1a: Tsareena|0 fnt\n|faint|p1a: Tsareena\n|\n|-weather|RainDance|[upkeep]\n|upkeep\n|\n|t:|1700523098\n|switch|p1a: Clodsire|Clodsire, M|64\/100\n|-damage|p1a: Clodsire|58\/100|[from] Stealth Rock\n|turn|12\n|\n|t:|1700523104\n|switch|p2a: CAN'T SAY|Azumarill, F|6\/100\n|move|p1a: Clodsire|Toxic|p2a: CAN'T SAY\n|-status|p2a: CAN'T SAY|tox\n|\n|-weather|RainDance|[upkeep]\n|-heal|p1a: Clodsire|64\/100|[from] item: Leftovers\n|-damage|p2a: CAN'T SAY|0 fnt|[from] psn\n|faint|p2a: CAN'T SAY\n|upkeep\n|\n|t:|1700523106\n|switch|p2a: YOSEMITE|Great Tusk|100\/100\n|turn|13\n|\n|t:|1700523111\n|move|p2a: YOSEMITE|Rapid Spin|p1a: Clodsire\n|-damage|p1a: Clodsire|44\/100\n|-boost|p2a: YOSEMITE|spe|1\n|move|p1a: Clodsire|Toxic|p2a: YOSEMITE\n|-status|p2a: YOSEMITE|tox\n|\n|-weather|RainDance|[upkeep]\n|-heal|p1a: Clodsire|50\/100|[from] item: Leftovers\n|-damage|p2a: YOSEMITE|94\/100 tox|[from] psn\n|upkeep\n|turn|14\n|\n|t:|1700523120\n|move|p1a: Clodsire|Protect|p1a: Clodsire\n|-singleturn|p1a: Clodsire|Protect\n|move|p2a: YOSEMITE|Ice Spinner|p1a: Clodsire\n|-activate|p1a: Clodsire|move: Protect\n|\n|-weather|RainDance|[upkeep]\n|-heal|p1a: Clodsire|56\/100|[from] item: Leftovers\n|-damage|p2a: YOSEMITE|82\/100 tox|[from] psn\n|upkeep\n|turn|15\n|\n|t:|1700523124\n|move|p2a: YOSEMITE|Ice Spinner|p1a: Clodsire\n|-supereffective|p1a: Clodsire\n|-damage|p1a: Clodsire|0 fnt\n|faint|p1a: Clodsire\n|\n|-weather|RainDance|[upkeep]\n|-damage|p2a: YOSEMITE|63\/100 tox|[from] psn\n|upkeep\n|\n|t:|1700523127\n|switch|p1a: Zapdos|Zapdos|30\/100\n|-damage|p1a: Zapdos|5\/100|[from] Stealth Rock\n|turn|16\n|\n|t:|1700523131\n|move|p2a: YOSEMITE|Rapid Spin|p1a: Zapdos\n|-damage|p1a: Zapdos|0 fnt\n|-boost|p2a: YOSEMITE|spe|1\n|faint|p1a: Zapdos\n|\n|-weather|RainDance|[upkeep]\n|-damage|p2a: YOSEMITE|39\/100 tox|[from] psn\n|upkeep\n|\n|t:|1700523134\n|switch|p1a: Dragonite|Dragonite, M|100\/100\n|-damage|p1a: Dragonite|76\/100|[from] Stealth Rock\n|turn|17\n|\n|t:|1700523136\n|move|p2a: YOSEMITE|Ice Spinner|p1a: Dragonite\n|-supereffective|p1a: Dragonite\n|-damage|p1a: Dragonite|0 fnt\n|faint|p1a: Dragonite\n|\n|win|PLAYB0I R0BBIE B\n|raw|marmotashow's rating: 1196 &rarr; <strong>1178<\/strong><br \/>(-18 for losing)\n|raw|PLAYB0I R0BBIE B's rating: 1298 &rarr; <strong>1316<\/strong><br \/>(+18 for winning)\n|l|\u2606marmotashow\n","uploadtime":1700523143,"views":5,"p1id":"marmotashow","p2id":"playb0ir0bbieb","formatid":"gen9ou","rating":1178,"private":0,"password":""}