{"id":"gen9ou-1991594728","p1":"ZachyW5","p2":"Jude Belligol","format":"[Gen 9] OU","log":"|j|\u2606ZachyW5\n|j|\u2606Jude Belligol\n|t:|1700092166\n|gametype|singles\n|player|p1|ZachyW5|aaron|1043\n|player|p2|Jude Belligol|psychicf-gen4|1065\n|teamsize|p1|6\n|teamsize|p2|6\n|gen|9\n|tier|[Gen 9] OU\n|rated|\n|rule|Sleep Clause Mod: Limit one foe put to sleep\n|rule|Species Clause: Limit one of each Pok\u00e9mon\n|rule|OHKO Clause: OHKO moves are banned\n|rule|Evasion Items Clause: Evasion items are banned\n|rule|Evasion Moves Clause: Evasion moves are banned\n|rule|Endless Battle Clause: Forcing endless battles is banned\n|rule|HP Percentage Mod: HP is shown in percentages\n|clearpoke\n|poke|p1|Okidogi, M|\n|poke|p1|Meowscarada, F|\n|poke|p1|Polteageist|\n|poke|p1|Weezing-Galar, M|\n|poke|p1|Samurott-Hisui, M|\n|poke|p1|Mamoswine, M|\n|poke|p2|Gholdengo|\n|poke|p2|Iron Valiant|\n|poke|p2|Cinderace, F|\n|poke|p2|Ninetales-Alola, M|\n|poke|p2|Garganacl, M|\n|poke|p2|Kingambit, M|\n|teampreview\n|inactive|Battle timer is ON: inactive players will automatically lose when time's up. (requested by Jude Belligol)\n|\n|t:|1700092183\n|start\n|switch|p1a: Polteageist|Polteageist|100\/100\n|switch|p2a: Cinderace|Cinderace, F|100\/100\n|turn|1\n|inactive|Jude Belligol has 120 seconds left.\n|\n|t:|1700092236\n|move|p2a: Cinderace|U-turn|p1a: Polteageist\n|-start|p2a: Cinderace|typechange|Bug|[from] ability: Libero\n|-resisted|p1a: Polteageist\n|-damage|p1a: Polteageist|69\/100\n|-ability|p1a: Polteageist|Weak Armor|boost\n|-unboost|p1a: Polteageist|def|1\n|-boost|p1a: Polteageist|spe|2\n|-enditem|p1a: Polteageist|White Herb\n|-clearnegativeboost|p1a: Polteageist|[silent]\n|inactive|Jude Belligol has 90 seconds left.\n|\n|t:|1700092253\n|switch|p2a: Iron Valiant|Iron Valiant|100\/100|[from] U-turn\n|-enditem|p2a: Iron Valiant|Booster Energy\n|-activate|p2a: Iron Valiant|ability: Quark Drive|[fromitem]\n|-start|p2a: Iron Valiant|quarkdrivespe\n|move|p1a: Polteageist|Shell Smash|p1a: Polteageist\n|-unboost|p1a: Polteageist|def|1\n|-unboost|p1a: Polteageist|spd|1\n|-boost|p1a: Polteageist|atk|2\n|-boost|p1a: Polteageist|spa|2\n|-boost|p1a: Polteageist|spe|2\n|\n|upkeep\n|turn|2\n|\n|t:|1700092271\n|move|p1a: Polteageist|Stored Power|p2a: Iron Valiant\n|-supereffective|p2a: Iron Valiant\n|-damage|p2a: Iron Valiant|0 fnt\n|faint|p2a: Iron Valiant\n|-end|p2a: Iron Valiant|Quark Drive|[silent]\n|\n|upkeep\n|inactive|Jude Belligol has 90 seconds left.\n|\n|t:|1700092292\n|switch|p2a: Garganacl|Garganacl, M|100\/100\n|turn|3\n|\n|t:|1700092303\n|move|p1a: Polteageist|Giga Drain|p2a: Garganacl\n|-supereffective|p2a: Garganacl\n|-damage|p2a: Garganacl|35\/100\n|-heal|p1a: Polteageist|100\/100|[from] drain|[of] p2a: Garganacl\n|move|p2a: Garganacl|Salt Cure|p1a: Polteageist\n|-damage|p1a: Polteageist|60\/100\n|-start|p1a: Polteageist|Salt Cure\n|-ability|p1a: Polteageist|Weak Armor|boost\n|-unboost|p1a: Polteageist|def|1\n|-boost|p1a: Polteageist|spe|2\n|\n|-heal|p2a: Garganacl|41\/100|[from] item: Leftovers\n|-damage|p1a: Polteageist|48\/100|[from] Salt Cure\n|upkeep\n|turn|4\n|inactive|Jude Belligol has 90 seconds left.\n|\n|t:|1700092323\n|move|p1a: Polteageist|Giga Drain|p2a: Garganacl\n|-supereffective|p2a: Garganacl\n|-damage|p2a: Garganacl|0 fnt\n|-heal|p1a: Polteageist|79\/100|[from] drain|[of] p2a: Garganacl\n|faint|p2a: Garganacl\n|\n|-damage|p1a: Polteageist|67\/100|[from] Salt Cure\n|upkeep\n|\n|t:|1700092324\n|switch|p2a: Kingambit|Kingambit, M|100\/100\n|-activate|p2a: Kingambit|ability: Supreme Overlord\n|-start|p2a: Kingambit|fallen2|[silent]\n|turn|5\n|\n|t:|1700092346\n|move|p2a: Kingambit|Sucker Punch||[still]\n|-fail|p2a: Kingambit\n|move|p1a: Polteageist|Shell Smash|p1a: Polteageist\n|-unboost|p1a: Polteageist|def|1\n|-unboost|p1a: Polteageist|spd|1\n|-boost|p1a: Polteageist|atk|2\n|-boost|p1a: Polteageist|spa|2\n|-boost|p1a: Polteageist|spe|0\n|\n|-damage|p1a: Polteageist|55\/100|[from] Salt Cure\n|upkeep\n|turn|6\n|\n|t:|1700092365\n|move|p2a: Kingambit|Sucker Punch|p1a: Polteageist\n|-supereffective|p1a: Polteageist\n|-damage|p1a: Polteageist|0 fnt\n|faint|p1a: Polteageist\n|\n|upkeep\n|\n|t:|1700092370\n|switch|p1a: Okidogi|Okidogi, M|100\/100\n|turn|7\n|\n|t:|1700092373\n|-end|p2a: Kingambit|fallen2|[silent]\n|switch|p2a: Ninetales|Ninetales-Alola, M, shiny|100\/100\n|-weather|Snow|[from] ability: Snow Warning|[of] p2a: Ninetales\n|move|p1a: Okidogi|Bulk Up|p1a: Okidogi\n|-boost|p1a: Okidogi|atk|1\n|-boost|p1a: Okidogi|def|1\n|\n|-weather|Snow|[upkeep]\n|upkeep\n|turn|8\n|\n|t:|1700092383\n|move|p2a: Ninetales|Encore|p1a: Okidogi\n|-start|p1a: Okidogi|Encore\n|move|p1a: Okidogi|Bulk Up|p1a: Okidogi\n|-boost|p1a: Okidogi|atk|1\n|-boost|p1a: Okidogi|def|1\n|\n|-weather|Snow|[upkeep]\n|upkeep\n|turn|9\n|\n|t:|1700092389\n|move|p2a: Ninetales|Aurora Veil|p2a: Ninetales\n|-sidestart|p2: Jude Belligol|move: Aurora Veil\n|move|p1a: Okidogi|Bulk Up|p1a: Okidogi\n|-boost|p1a: Okidogi|atk|1\n|-boost|p1a: Okidogi|def|1\n|\n|-weather|Snow|[upkeep]\n|upkeep\n|turn|10\n|\n|t:|1700092393\n|move|p2a: Ninetales|Moonblast|p1a: Okidogi\n|-damage|p1a: Okidogi|73\/100\n|move|p1a: Okidogi|Bulk Up|p1a: Okidogi\n|-boost|p1a: Okidogi|atk|1\n|-boost|p1a: Okidogi|def|1\n|\n|-weather|Snow|[upkeep]\n|-heal|p1a: Okidogi|79\/100|[from] item: Leftovers\n|-end|p1a: Okidogi|Encore\n|upkeep\n|turn|11\n|\n|t:|1700092399\n|move|p2a: Ninetales|Encore|p1a: Okidogi\n|-start|p1a: Okidogi|Encore\n|move|p1a: Okidogi|Bulk Up|p1a: Okidogi\n|-boost|p1a: Okidogi|atk|1\n|-boost|p1a: Okidogi|def|1\n|\n|-weather|none\n|-heal|p1a: Okidogi|85\/100|[from] item: Leftovers\n|upkeep\n|turn|12\n|\n|t:|1700092405\n|move|p2a: Ninetales|Moonblast|p1a: Okidogi\n|-damage|p1a: Okidogi|61\/100\n|move|p1a: Okidogi|Bulk Up|p1a: Okidogi\n|-boost|p1a: Okidogi|atk|1\n|-boost|p1a: Okidogi|def|1\n|\n|-heal|p1a: Okidogi|67\/100|[from] item: Leftovers\n|upkeep\n|turn|13\n|\n|t:|1700092411\n|move|p2a: Ninetales|Moonblast|p1a: Okidogi\n|-damage|p1a: Okidogi|42\/100\n|move|p1a: Okidogi|Bulk Up|p1a: Okidogi\n|-boost|p1a: Okidogi|atk|0\n|-boost|p1a: Okidogi|def|0\n|\n|-heal|p1a: Okidogi|48\/100|[from] item: Leftovers\n|-end|p1a: Okidogi|Encore\n|upkeep\n|turn|14\n|\n|t:|1700092415\n|move|p2a: Ninetales|Encore|p1a: Okidogi\n|-start|p1a: Okidogi|Encore\n|move|p1a: Okidogi|Bulk Up|p1a: Okidogi\n|-boost|p1a: Okidogi|atk|0\n|-boost|p1a: Okidogi|def|0\n|\n|-heal|p1a: Okidogi|54\/100|[from] item: Leftovers\n|upkeep\n|turn|15\n|\n|t:|1700092437\n|switch|p2a: Gholdengo|Gholdengo|100\/100\n|move|p1a: Okidogi|Bulk Up|p1a: Okidogi\n|-boost|p1a: Okidogi|atk|0\n|-boost|p1a: Okidogi|def|0\n|\n|-heal|p1a: Okidogi|60\/100|[from] item: Leftovers\n|upkeep\n|turn|16\n|\n|t:|1700092442\n|switch|p2a: Ninetales|Ninetales-Alola, M, shiny|100\/100\n|-weather|Snow|[from] ability: Snow Warning|[of] p2a: Ninetales\n|move|p1a: Okidogi|Bulk Up|p1a: Okidogi\n|-boost|p1a: Okidogi|atk|0\n|-boost|p1a: Okidogi|def|0\n|\n|-weather|Snow|[upkeep]\n|-heal|p1a: Okidogi|67\/100|[from] item: Leftovers\n|-end|p1a: Okidogi|Encore\n|-sideend|p2: Jude Belligol|move: Aurora Veil\n|upkeep\n|turn|17\n|\n|t:|1700092452\n|move|p1a: Okidogi|Protect|p1a: Okidogi\n|-singleturn|p1a: Okidogi|Protect\n|move|p2a: Ninetales|Encore|p1a: Okidogi\n|-activate|p1a: Okidogi|move: Protect\n|\n|-weather|Snow|[upkeep]\n|-heal|p1a: Okidogi|73\/100|[from] item: Leftovers\n|upkeep\n|turn|18\n|\n|t:|1700092458\n|move|p2a: Ninetales|Encore|p1a: Okidogi\n|-start|p1a: Okidogi|Encore\n|move|p1a: Okidogi|Protect||[still]\n|-fail|p1a: Okidogi\n|\n|-weather|Snow|[upkeep]\n|-heal|p1a: Okidogi|79\/100|[from] item: Leftovers\n|upkeep\n|turn|19\n|\n|t:|1700092463\n|move|p1a: Okidogi|Protect|p1a: Okidogi\n|-singleturn|p1a: Okidogi|Protect\n|move|p2a: Ninetales|Aurora Veil|p2a: Ninetales\n|-sidestart|p2: Jude Belligol|move: Aurora Veil\n|\n|-weather|Snow|[upkeep]\n|-heal|p1a: Okidogi|85\/100|[from] item: Leftovers\n|upkeep\n|turn|20\n|\n|t:|1700092474\n|move|p1a: Okidogi|Protect||[still]\n|-fail|p1a: Okidogi\n|move|p2a: Ninetales|Moonblast|p1a: Okidogi\n|-damage|p1a: Okidogi|58\/100\n|\n|-weather|none\n|-heal|p1a: Okidogi|64\/100|[from] item: Leftovers\n|-end|p1a: Okidogi|Encore\n|upkeep\n|turn|21\n|\n|t:|1700092478\n|move|p2a: Ninetales|Encore|p1a: Okidogi\n|-start|p1a: Okidogi|Encore\n|move|p1a: Okidogi|Protect||[still]\n|-fail|p1a: Okidogi\n|\n|-heal|p1a: Okidogi|70\/100|[from] item: Leftovers\n|upkeep\n|turn|22\n|\n|t:|1700092491\n|move|p1a: Okidogi|Protect|p1a: Okidogi\n|-singleturn|p1a: Okidogi|Protect\n|move|p2a: Ninetales|Moonblast|p1a: Okidogi\n|-activate|p1a: Okidogi|move: Protect\n|\n|-heal|p1a: Okidogi|76\/100|[from] item: Leftovers\n|upkeep\n|turn|23\n|\n|t:|1700092493\n|move|p1a: Okidogi|Protect||[still]\n|-fail|p1a: Okidogi\n|move|p2a: Ninetales|Moonblast|p1a: Okidogi\n|-damage|p1a: Okidogi|51\/100\n|-unboost|p1a: Okidogi|spa|1\n|\n|-heal|p1a: Okidogi|57\/100|[from] item: Leftovers\n|-end|p1a: Okidogi|Encore\n|upkeep\n|turn|24\n|\n|t:|1700092504\n|move|p2a: Ninetales|Encore|p1a: Okidogi\n|-start|p1a: Okidogi|Encore\n|move|p1a: Okidogi|Protect||[still]\n|-fail|p1a: Okidogi\n|\n|-heal|p1a: Okidogi|63\/100|[from] item: Leftovers\n|upkeep\n|turn|25\n|\n|t:|1700092509\n|switch|p2a: Gholdengo|Gholdengo|100\/100\n|move|p1a: Okidogi|Protect||[still]\n|-fail|p1a: Okidogi\n|\n|-heal|p1a: Okidogi|69\/100|[from] item: Leftovers\n|upkeep\n|turn|26\n|\n|t:|1700092528\n|move|p1a: Okidogi|Protect|p1a: Okidogi\n|-singleturn|p1a: Okidogi|Protect\n|move|p2a: Gholdengo|Trick|p1a: Okidogi\n|-activate|p1a: Okidogi|move: Protect\n|\n|-heal|p1a: Okidogi|75\/100|[from] item: Leftovers\n|-end|p1a: Okidogi|Encore\n|-sideend|p2: Jude Belligol|move: Aurora Veil\n|upkeep\n|turn|27\n|c|\u2606Jude Belligol|You\u2019re fucking annoying\n|\n|t:|1700092544\n|move|p2a: Gholdengo|Trick|p1a: Okidogi\n|-activate|p2a: Gholdengo|move: Trick|[of] p1a: Okidogi\n|-item|p1a: Okidogi|Choice Scarf|[from] move: Trick\n|-item|p2a: Gholdengo|Leftovers|[from] move: Trick\n|move|p1a: Okidogi|Knock Off|p2a: Gholdengo\n|-supereffective|p2a: Gholdengo\n|-damage|p2a: Gholdengo|0 fnt\n|-enditem|p2a: Gholdengo|Leftovers|[from] move: Knock Off|[of] p1a: Okidogi\n|faint|p2a: Gholdengo\n|\n|upkeep\n|n|!Jude Belligol|judebelligol\n|-message|Jude Belligol forfeited.\n|\n|win|ZachyW5\n|raw|ZachyW5's rating: 1043 &rarr; <strong>1079<\/strong><br \/>(+36 for winning)\n|raw|Jude Belligol's rating: 1065 &rarr; <strong>1044<\/strong><br \/>(-21 for losing)\n|l|!Jude Belligol\n","uploadtime":1700092557,"views":23,"p1id":"zachyw5","p2id":"judebelligol","formatid":"gen9ou","rating":1044,"private":0,"password":""}