{"id":"gen9ou-1996423040","p1":"CoffeeBeanz2","p2":"RSstar","format":"[Gen 9] OU","log":"|j|\u2606CoffeeBeanz2\n|j|\u2606RSstar\n|t:|1700680572\n|gametype|singles\n|player|p1|CoffeeBeanz2|lysandre|\n|player|p2|RSstar|drayden|\n|teamsize|p1|6\n|teamsize|p2|6\n|gen|9\n|tier|[Gen 9] OU\n|rule|Sleep Clause Mod: Limit one foe put to sleep\n|rule|Species Clause: Limit one of each Pok\u00e9mon\n|rule|OHKO Clause: OHKO moves are banned\n|rule|Evasion Items Clause: Evasion items are banned\n|rule|Evasion Moves Clause: Evasion moves are banned\n|rule|Endless Battle Clause: Forcing endless battles is banned\n|rule|HP Percentage Mod: HP is shown in percentages\n|clearpoke\n|poke|p1|Numel, M|\n|poke|p1|Bramblin, M|\n|poke|p1|Mienfoo, M|\n|poke|p1|Glimmora, F|\n|poke|p1|Mandibuzz, F|\n|poke|p1|Corphish, M|\n|poke|p2|Ogerpon-Wellspring, F|\n|poke|p2|Vikavolt, M|\n|poke|p2|Gholdengo|\n|poke|p2|Ceruledge, M|\n|poke|p2|Tornadus-Therian, M|\n|poke|p2|Great Tusk|\n|teampreview\n|c|\u2606RSstar|Damn it\n|c|\u2606CoffeeBeanz2|L\n|c|\u2606RSstar|It wasn't supposed to be the same team \ud83d\ude2d\n|c|\u2606CoffeeBeanz2|tough luck buddy\n|\n|t:|1700680606\n|start\n|switch|p1a: Numel|Numel, M|100\/100\n|switch|p2a: Great Tusk|Great Tusk|100\/100\n|turn|1\n|c|\u2606RSstar|Meanie\n|\n|t:|1700680618\n|switch|p1a: Mandibuzz|Mandibuzz, F|100\/100\n|move|p2a: Great Tusk|Stealth Rock|p1a: Mandibuzz\n|-sidestart|p1: CoffeeBeanz2|move: Stealth Rock\n|\n|upkeep\n|turn|2\n|\n|t:|1700680629\n|-end|p2a: Great Tusk|Protosynthesis|[silent]\n|switch|p2a: Gholdengo|Gholdengo|100\/100\n|move|p1a: Mandibuzz|Defog|p2a: Gholdengo\n|-immune|p2a: Gholdengo|[from] ability: Good as Gold\n|\n|upkeep\n|turn|3\n|\n|t:|1700680638\n|move|p2a: Gholdengo|Nasty Plot|p2a: Gholdengo\n|-boost|p2a: Gholdengo|spa|2\n|move|p1a: Mandibuzz|Foul Play|p2a: Gholdengo\n|-supereffective|p2a: Gholdengo\n|-damage|p2a: Gholdengo|64\/100\n|\n|-heal|p2a: Gholdengo|70\/100|[from] item: Leftovers\n|upkeep\n|turn|4\n|\n|t:|1700680647\n|move|p2a: Gholdengo|Thunderbolt|p1a: Mandibuzz\n|-supereffective|p1a: Mandibuzz\n|-damage|p1a: Mandibuzz|0 fnt\n|faint|p1a: Mandibuzz\n|\n|-heal|p2a: Gholdengo|76\/100|[from] item: Leftovers\n|upkeep\n|\n|t:|1700680660\n|switch|p1a: Glimmora|Glimmora, F|100\/100\n|-damage|p1a: Glimmora|88\/100|[from] Stealth Rock\n|turn|5\n|c|\u2606CoffeeBeanz2|wait\n|c|\u2606CoffeeBeanz2|this is the wrong set\n|c|\u2606CoffeeBeanz2|fuck\n|\n|t:|1700680677\n|move|p1a: Glimmora|Earth Power|p2a: Gholdengo\n|-supereffective|p2a: Gholdengo\n|-damage|p2a: Gholdengo|0 fnt\n|faint|p2a: Gholdengo\n|\n|upkeep\n|\n|t:|1700680693\n|switch|p2a: Great Tusk|Great Tusk|100\/100\n|turn|6\n|c|\u2606RSstar|I mean the wrong set worked\ud83d\udc80\n|c|\u2606CoffeeBeanz2|true\n|\n|t:|1700680715\n|move|p1a: Glimmora|Energy Ball|p2a: Great Tusk\n|-supereffective|p2a: Great Tusk\n|-damage|p2a: Great Tusk|14\/100\n|move|p2a: Great Tusk|Rapid Spin|p1a: Glimmora\n|-resisted|p1a: Glimmora\n|-damage|p1a: Glimmora|77\/100\n|-boost|p2a: Great Tusk|spe|1\n|-activate|p1a: Glimmora|ability: Toxic Debris\n|-sidestart|p2: RSstar|move: Toxic Spikes\n|-sideend|p2: RSstar|Toxic Spikes|[from] move: Rapid Spin|[of] p2a: Great Tusk\n|\n|upkeep\n|turn|7\n|\n|t:|1700680729\n|move|p2a: Great Tusk|Headlong Rush|p1a: Glimmora\n|-supereffective|p1a: Glimmora\n|-damage|p1a: Glimmora|0 fnt\n|-unboost|p2a: Great Tusk|def|1\n|-unboost|p2a: Great Tusk|spd|1\n|-activate|p1a: Glimmora|ability: Toxic Debris\n|-sidestart|p2: RSstar|move: Toxic Spikes\n|faint|p1a: Glimmora\n|\n|upkeep\n|\n|t:|1700680733\n|switch|p1a: Bramblin|Bramblin, M|100\/100\n|-damage|p1a: Bramblin|88\/100|[from] Stealth Rock\n|turn|8\n|\n|t:|1700680756\n|move|p2a: Great Tusk|Ice Spinner|p1a: Bramblin\n|-supereffective|p1a: Bramblin\n|-damage|p1a: Bramblin|0 fnt\n|faint|p1a: Bramblin\n|\n|upkeep\n|\n|t:|1700680768\n|switch|p1a: Corphish|Corphish, M|100\/100\n|-damage|p1a: Corphish|88\/100|[from] Stealth Rock\n|turn|9\n|\n|t:|1700680775\n|move|p1a: Corphish|Aqua Jet|p2a: Great Tusk\n|-supereffective|p2a: Great Tusk\n|-damage|p2a: Great Tusk|0 fnt\n|-damage|p1a: Corphish|72\/100|[from] item: Rocky Helmet|[of] p2a: Great Tusk\n|faint|p2a: Great Tusk\n|-end|p2a: Great Tusk|Protosynthesis|[silent]\n|\n|upkeep\n|c|\u2606RSstar|CORPISH IS HIM?\n|\n|t:|1700680787\n|switch|p2a: Tornadus|Tornadus-Therian, M|100\/100\n|turn|10\n|\n|t:|1700680794\n|move|p1a: Corphish|Aqua Jet|p2a: Tornadus\n|-damage|p2a: Tornadus|72\/100\n|move|p2a: Tornadus|Grass Knot|p1a: Corphish\n|-supereffective|p1a: Corphish\n|-damage|p1a: Corphish|2\/100\n|-damage|p2a: Tornadus|63\/100|[from] item: Life Orb\n|\n|upkeep\n|turn|11\n|c|\u2606CoffeeBeanz2|he is him\n|c|\u2606RSstar|Ummm that corpish is actually strong...\n|c|\u2606CoffeeBeanz2|special evs..\n|\n|t:|1700680826\n|move|p1a: Corphish|Aqua Jet|p2a: Tornadus\n|-damage|p2a: Tornadus|37\/100\n|move|p2a: Tornadus|Grass Knot|p1a: Corphish\n|-supereffective|p1a: Corphish\n|-damage|p1a: Corphish|0 fnt\n|faint|p1a: Corphish\n|-damage|p2a: Tornadus|28\/100|[from] item: Life Orb\n|\n|upkeep\n|\n|t:|1700680842\n|switch|p1a: Mienfoo|Mienfoo, M|100\/100\n|-damage|p1a: Mienfoo|94\/100|[from] Stealth Rock\n|turn|12\n|c|\u2606RSstar|Man life orb is so depressing at times\n|c|\u2606CoffeeBeanz2|true\n|\n|t:|1700680860\n|move|p1a: Mienfoo|Knock Off|p2a: Tornadus\n|-damage|p2a: Tornadus|0 fnt\n|-enditem|p2a: Tornadus|Life Orb|[from] move: Knock Off|[of] p1a: Mienfoo\n|faint|p2a: Tornadus\n|\n|upkeep\n|c|\u2606RSstar|I'm scared wtf\n|\n|t:|1700680873\n|switch|p2a: Vikavolt|Vikavolt, M|100\/100\n|turn|13\n|c|\u2606CoffeeBeanz2|u should be\n|\n|t:|1700680880\n|switch|p1a: Numel|Numel, M|100\/100\n|-damage|p1a: Numel|88\/100|[from] Stealth Rock\n|move|p2a: Vikavolt|Thunderbolt|p1a: Numel\n|-immune|p1a: Numel\n|\n|upkeep\n|turn|14\n|\n|t:|1700680894\n|move|p1a: Numel|Stockpile|p1a: Numel\n|-start|p1a: Numel|stockpile1\n|-boost|p1a: Numel|def|2\n|-boost|p1a: Numel|spd|2\n|move|p2a: Vikavolt|Sticky Web|p1a: Numel\n|-sidestart|p1: CoffeeBeanz2|move: Sticky Web\n|\n|upkeep\n|turn|15\n|\n|t:|1700680902\n|move|p1a: Numel|Stockpile|p1a: Numel\n|-start|p1a: Numel|stockpile2\n|-boost|p1a: Numel|def|2\n|-boost|p1a: Numel|spd|2\n|move|p2a: Vikavolt|Bug Buzz|p1a: Numel\n|-resisted|p1a: Numel\n|-damage|p1a: Numel|80\/100\n|-unboost|p1a: Numel|spd|2\n|\n|upkeep\n|turn|16\n|\n|t:|1700680923\n|switch|p2a: Ceruledge|Ceruledge, M|100\/100\n|-status|p2a: Ceruledge|psn\n|move|p1a: Numel|Flame Charge|p2a: Ceruledge\n|-resisted|p2a: Ceruledge\n|-damage|p2a: Ceruledge|92\/100 psn\n|-boost|p1a: Numel|spe|2\n|-ability|p2a: Ceruledge|Weak Armor|boost\n|-unboost|p2a: Ceruledge|def|1\n|-boost|p2a: Ceruledge|spe|2\n|\n|-damage|p2a: Ceruledge|80\/100 psn|[from] psn\n|upkeep\n|turn|17\n|\n|t:|1700680940\n|move|p2a: Ceruledge|Poltergeist|p1a: Numel\n|-activate|p1a: Numel|move: Poltergeist|Eviolite\n|-damage|p1a: Numel|52\/100\n|move|p1a: Numel|Stockpile|p1a: Numel\n|-start|p1a: Numel|stockpile3\n|-boost|p1a: Numel|def|2\n|-boost|p1a: Numel|spd|2\n|\n|-damage|p2a: Ceruledge|68\/100 psn|[from] psn\n|upkeep\n|turn|18\n|\n|t:|1700680958\n|move|p2a: Ceruledge|Swords Dance|p2a: Ceruledge\n|-boost|p2a: Ceruledge|atk|2\n|move|p1a: Numel|Flame Charge|p2a: Ceruledge\n|-resisted|p2a: Ceruledge\n|-damage|p2a: Ceruledge|56\/100 psn\n|-boost|p1a: Numel|spe|2\n|-ability|p2a: Ceruledge|Weak Armor|boost\n|-unboost|p2a: Ceruledge|def|1\n|-boost|p2a: Ceruledge|spe|2\n|\n|-damage|p2a: Ceruledge|44\/100 psn|[from] psn\n|upkeep\n|turn|19\n|\n|t:|1700680973\n|move|p2a: Ceruledge|Poltergeist|p1a: Numel\n|-activate|p1a: Numel|move: Poltergeist|Eviolite\n|-damage|p1a: Numel|8\/100\n|move|p1a: Numel|Rest|p1a: Numel\n|-status|p1a: Numel|slp|[from] move: Rest\n|-heal|p1a: Numel|100\/100 slp|[silent]\n|\n|-damage|p2a: Ceruledge|31\/100 psn|[from] psn\n|upkeep\n|turn|20\n|\n|t:|1700680990\n|switch|p2a: Ogerpon|Ogerpon-Wellspring, F|100\/100\n|-status|p2a: Ogerpon|psn\n|cant|p1a: Numel|slp\n|\n|-damage|p2a: Ogerpon|88\/100 psn|[from] psn\n|upkeep\n|turn|21\n|\n|t:|1700681003\n|-terastallize|p1a: Numel|Fighting\n|-terastallize|p2a: Ogerpon|Water\n|detailschange|p2a: Ogerpon|Ogerpon-Wellspring-Tera, F, tera:Water\n|-ability|p2a: Ogerpon|Embody Aspect (Wellspring)|boost\n|-boost|p2a: Ogerpon|spd|1\n|cant|p1a: Numel|slp\n|move|p2a: Ogerpon|Ivy Cudgel|p1a: Numel|[anim] Ivy Cudgel Water\n|-damage|p1a: Numel|73\/100 slp\n|\n|-damage|p2a: Ogerpon|76\/100 psn|[from] psn\n|upkeep\n|turn|22\n|\n|t:|1700681017\n|-curestatus|p1a: Numel|slp|[msg]\n|move|p1a: Numel|Body Press|p2a: Ogerpon\n|-damage|p2a: Ogerpon|0 fnt\n|faint|p2a: Ogerpon\n|\n|upkeep\n|\n|t:|1700681027\n|switch|p2a: Ceruledge|Ceruledge, M|31\/100 psn\n|turn|23\n|\n|t:|1700681037\n|move|p1a: Numel|Flame Charge|p2a: Ceruledge\n|-resisted|p2a: Ceruledge\n|-damage|p2a: Ceruledge|24\/100 psn\n|-boost|p1a: Numel|spe|2\n|-ability|p2a: Ceruledge|Weak Armor|boost\n|-unboost|p2a: Ceruledge|def|1\n|-boost|p2a: Ceruledge|spe|2\n|move|p2a: Ceruledge|Poltergeist|p1a: Numel|[miss]\n|-miss|p2a: Ceruledge|p1a: Numel\n|\n|-damage|p2a: Ceruledge|11\/100 psn|[from] psn\n|upkeep\n|turn|24\n|c|\u2606CoffeeBeanz2|NO WAY\n|\n|t:|1700681053\n|move|p1a: Numel|Flame Charge|p2a: Ceruledge\n|-resisted|p2a: Ceruledge\n|-damage|p2a: Ceruledge|0 fnt\n|faint|p2a: Ceruledge\n|\n|upkeep\n|\n|t:|1700681059\n|switch|p2a: Vikavolt|Vikavolt, M|100\/100\n|turn|25\n|\n|t:|1700681067\n|move|p1a: Numel|Body Press|p2a: Vikavolt\n|-resisted|p2a: Vikavolt\n|-damage|p2a: Vikavolt|67\/100\n|move|p2a: Vikavolt|Thunder Wave|p1a: Numel\n|-status|p1a: Numel|par\n|\n|-heal|p2a: Vikavolt|73\/100|[from] item: Leftovers\n|upkeep\n|turn|26\n|\n|t:|1700681077\n|move|p1a: Numel|Flame Charge|p2a: Vikavolt\n|-supereffective|p2a: Vikavolt\n|-damage|p2a: Vikavolt|53\/100\n|move|p2a: Vikavolt|Thunderbolt|p1a: Numel\n|-damage|p1a: Numel|55\/100 par\n|\n|-heal|p2a: Vikavolt|59\/100|[from] item: Leftovers\n|upkeep\n|turn|27\n|\n|t:|1700681087\n|move|p1a: Numel|Body Press|p2a: Vikavolt\n|-resisted|p2a: Vikavolt\n|-damage|p2a: Vikavolt|27\/100\n|move|p2a: Vikavolt|Thunderbolt|p1a: Numel\n|-damage|p1a: Numel|37\/100 par\n|\n|-heal|p2a: Vikavolt|33\/100|[from] item: Leftovers\n|upkeep\n|turn|28\n|\n|t:|1700681097\n|move|p1a: Numel|Body Press|p2a: Vikavolt\n|-resisted|p2a: Vikavolt\n|-damage|p2a: Vikavolt|0 fnt\n|faint|p2a: Vikavolt\n|\n|win|CoffeeBeanz2\n|c|\u2606RSstar|Gg\n|c|\u2606CoffeeBeanz2|gg\n","uploadtime":1700681121,"views":6,"p1id":"coffeebeanz2","p2id":"rsstar","formatid":"gen9ou","rating":0,"private":0,"password":""}