{"id":"gen9ou-1998381164","p1":"iufgewiayfl","p2":"Legendary crybaby","format":"[Gen 9] OU","log":"|j|\u2606iufgewiayfl\n|j|\u2606Legendary crybaby\n|t:|1700935944\n|gametype|singles\n|player|p1|iufgewiayfl|169|1120\n|player|p2|Legendary crybaby|265|1117\n|teamsize|p1|6\n|teamsize|p2|6\n|gen|9\n|tier|[Gen 9] OU\n|rated|\n|rule|Sleep Clause Mod: Limit one foe put to sleep\n|rule|Species Clause: Limit one of each Pok\u00e9mon\n|rule|OHKO Clause: OHKO moves are banned\n|rule|Evasion Items Clause: Evasion items are banned\n|rule|Evasion Moves Clause: Evasion moves are banned\n|rule|Endless Battle Clause: Forcing endless battles is banned\n|rule|HP Percentage Mod: HP is shown in percentages\n|clearpoke\n|poke|p1|Great Tusk|\n|poke|p1|Greninja-*, M|\n|poke|p1|Glimmora, M|\n|poke|p1|Alomomola, F|\n|poke|p1|Iron Moth|\n|poke|p1|Kingambit, M|\n|poke|p2|Grimmsnarl, M|\n|poke|p2|Grafaiai, M|\n|poke|p2|Quaquaval, M|\n|poke|p2|Scizor, M|\n|poke|p2|Drifblim, M|\n|poke|p2|Gardevoir, F|\n|teampreview\n|\n|t:|1700935960\n|start\n|switch|p1a: Alomomola|Alomomola, F, shiny|100\/100\n|switch|p2a: Straight Trollin|Grimmsnarl, M|100\/100\n|turn|1\n|\n|t:|1700935966\n|move|p2a: Straight Trollin|Thunder Wave|p1a: Alomomola\n|-status|p1a: Alomomola|par\n|move|p1a: Alomomola|Flip Turn|p2a: Straight Trollin\n|-damage|p2a: Straight Trollin|85\/100\n|\n|t:|1700935980\n|switch|p1a: Great Tusk|Great Tusk|100\/100|[from] Flip Turn\n|-enditem|p1a: Great Tusk|Booster Energy\n|-activate|p1a: Great Tusk|ability: Protosynthesis|[fromitem]\n|-start|p1a: Great Tusk|protosynthesisatk\n|\n|upkeep\n|turn|2\n|\n|t:|1700935988\n|move|p2a: Straight Trollin|Thunder Wave|p1a: Great Tusk\n|-immune|p1a: Great Tusk\n|move|p1a: Great Tusk|Headlong Rush|p2a: Straight Trollin\n|-damage|p2a: Straight Trollin|0 fnt\n|-unboost|p1a: Great Tusk|def|1\n|-unboost|p1a: Great Tusk|spd|1\n|faint|p2a: Straight Trollin\n|\n|upkeep\n|\n|t:|1700935995\n|switch|p2a: Obviously Trollin|Grafaiai, M|100\/100\n|turn|3\n|\n|t:|1700936005\n|-end|p1a: Great Tusk|Protosynthesis|[silent]\n|switch|p1a: Alomomola|Alomomola, F, shiny|100\/100 par\n|move|p2a: Obviously Trollin|Parting Shot|p1a: Alomomola\n|-unboost|p1a: Alomomola|atk|1\n|-unboost|p1a: Alomomola|spa|1\n|\n|t:|1700936015\n|switch|p2a: Kinda buggin|Scizor, M|100\/100|[from] Parting Shot\n|\n|upkeep\n|turn|4\n|\n|t:|1700936023\n|move|p2a: Kinda buggin|U-turn|p1a: Alomomola\n|-crit|p1a: Alomomola\n|-damage|p1a: Alomomola|67\/100 par\n|\n|t:|1700936028\n|switch|p2a: Obviously Trollin|Grafaiai, M|100\/100|[from] U-turn\n|move|p1a: Alomomola|Scald|p2a: Obviously Trollin\n|-damage|p2a: Obviously Trollin|91\/100\n|\n|-heal|p2a: Obviously Trollin|97\/100|[from] item: Leftovers\n|-heal|p1a: Alomomola|73\/100 par|[from] item: Leftovers\n|upkeep\n|turn|5\n|\n|t:|1700936045\n|move|p2a: Obviously Trollin|Parting Shot|p1a: Alomomola\n|-unboost|p1a: Alomomola|atk|1\n|-unboost|p1a: Alomomola|spa|1\n|\n|t:|1700936051\n|switch|p2a: Kinda buggin|Scizor, M|100\/100|[from] Parting Shot\n|move|p1a: Alomomola|Scald|p2a: Kinda buggin\n|-damage|p2a: Kinda buggin|91\/100\n|\n|-heal|p1a: Alomomola|79\/100 par|[from] item: Leftovers\n|upkeep\n|turn|6\n|\n|t:|1700936062\n|move|p2a: Kinda buggin|U-turn|p1a: Alomomola\n|-damage|p1a: Alomomola|58\/100 par\n|-heal|p2a: Kinda buggin|96\/100|[from] item: Shell Bell|[of] p1a: Alomomola\n|\n|t:|1700936067\n|switch|p2a: Trollcetta|Gardevoir, F|100\/100|[from] U-turn\n|-ability|p2a: Trollcetta|Regenerator|[from] ability: Trace|[of] p1a: Alomomola\n|move|p1a: Alomomola|Flip Turn|p2a: Trollcetta\n|-damage|p2a: Trollcetta|87\/100\n|\n|t:|1700936087\n|switch|p1a: Kingambit|Kingambit, M|100\/100|[from] Flip Turn\n|\n|upkeep\n|turn|7\n|\n|t:|1700936099\n|move|p2a: Trollcetta|Trick|p1a: Kingambit\n|-activate|p2a: Trollcetta|move: Trick|[of] p1a: Kingambit\n|-item|p1a: Kingambit|Choice Scarf|[from] move: Trick\n|-item|p2a: Trollcetta|Choice Band|[from] move: Trick\n|move|p1a: Kingambit|Iron Head|p2a: Trollcetta\n|-supereffective|p2a: Trollcetta\n|-damage|p2a: Trollcetta|0 fnt\n|faint|p2a: Trollcetta\n|\n|upkeep\n|inactive|Battle timer is ON: inactive players will automatically lose when time's up. (requested by iufgewiayfl)\n|\n|t:|1700936123\n|switch|p2a: Obviously Trollin|Grafaiai, M|97\/100\n|turn|8\n|\n|t:|1700936129\n|-end|p1a: Kingambit|fallenundefined|[silent]\n|switch|p1a: Alomomola|Alomomola, F, shiny|91\/100 par\n|move|p2a: Obviously Trollin|Low Kick|p1a: Alomomola\n|-damage|p1a: Alomomola|84\/100 par\n|\n|-heal|p2a: Obviously Trollin|100\/100|[from] item: Leftovers\n|-heal|p1a: Alomomola|90\/100 par|[from] item: Leftovers\n|upkeep\n|turn|9\n|\n|t:|1700936142\n|move|p2a: Obviously Trollin|Parting Shot|p1a: Alomomola\n|-unboost|p1a: Alomomola|atk|1\n|-unboost|p1a: Alomomola|spa|1\n|\n|t:|1700936146\n|switch|p2a: Don't trust it...|Drifblim, M|100\/100|[from] Parting Shot\n|move|p1a: Alomomola|Scald|p2a: Don't trust it...\n|-damage|p2a: Don't trust it...|90\/100\n|-enditem|p2a: Don't trust it...|Red Card|[of] p1a: Alomomola\n|drag|p1a: Glimmora|Glimmora, M|100\/100\n|\n|upkeep\n|turn|10\n|\n|t:|1700936156\n|move|p2a: Don't trust it...|Substitute|p2a: Don't trust it...\n|-start|p2a: Don't trust it...|Substitute\n|-damage|p2a: Don't trust it...|66\/100\n|move|p1a: Glimmora|Stealth Rock|p2a: Don't trust it...\n|-sidestart|p2: Legendary crybaby|move: Stealth Rock\n|\n|upkeep\n|turn|11\n|\n|t:|1700936166\n|move|p2a: Don't trust it...|Calm Mind|p2a: Don't trust it...\n|-boost|p2a: Don't trust it...|spa|1\n|-boost|p2a: Don't trust it...|spd|1\n|move|p1a: Glimmora|Mortal Spin|p2a: Don't trust it...\n|-resisted|p2a: Don't trust it...\n|-activate|p2a: Don't trust it...|move: Substitute|[damage]\n|\n|upkeep\n|turn|12\n|\n|t:|1700936179\n|move|p2a: Don't trust it...|Strength Sap|p1a: Glimmora\n|-unboost|p1a: Glimmora|atk|1\n|-heal|p2a: Don't trust it...|96\/100\n|move|p1a: Glimmora|Mortal Spin|p2a: Don't trust it...\n|-resisted|p2a: Don't trust it...\n|-activate|p2a: Don't trust it...|move: Substitute|[damage]\n|\n|upkeep\n|turn|13\n|\n|t:|1700936194\n|switch|p1a: Greninja|Greninja, M|100\/100\n|move|p2a: Don't trust it...|Calm Mind|p2a: Don't trust it...\n|-boost|p2a: Don't trust it...|spa|1\n|-boost|p2a: Don't trust it...|spd|1\n|\n|upkeep\n|turn|14\n|\n|t:|1700936202\n|move|p2a: Don't trust it...|Air Slash|p1a: Greninja\n|-damage|p1a: Greninja|0 fnt\n|faint|p1a: Greninja\n|\n|upkeep\n|\n|t:|1700936226\n|switch|p1a: Kingambit|Kingambit, M|100\/100\n|-activate|p1a: Kingambit|ability: Supreme Overlord\n|-start|p1a: Kingambit|fallen1|[silent]\n|turn|15\n|\n|t:|1700936235\n|move|p1a: Kingambit|Sucker Punch|p2a: Don't trust it...\n|-supereffective|p2a: Don't trust it...\n|-end|p2a: Don't trust it...|Substitute\n|move|p2a: Don't trust it...|Air Slash|p1a: Kingambit\n|-resisted|p1a: Kingambit\n|-damage|p1a: Kingambit|69\/100\n|\n|upkeep\n|turn|16\n|\n|t:|1700936238\n|move|p1a: Kingambit|Sucker Punch||[still]\n|-fail|p1a: Kingambit\n|move|p2a: Don't trust it...|Substitute|p2a: Don't trust it...\n|-start|p2a: Don't trust it...|Substitute\n|-damage|p2a: Don't trust it...|71\/100\n|\n|upkeep\n|turn|17\n|\n|t:|1700936243\n|move|p1a: Kingambit|Sucker Punch||[still]\n|-fail|p1a: Kingambit\n|move|p2a: Don't trust it...|Strength Sap|p1a: Kingambit\n|-unboost|p1a: Kingambit|atk|1\n|-heal|p2a: Don't trust it...|100\/100\n|\n|upkeep\n|turn|18\n|\n|t:|1700936247\n|move|p1a: Kingambit|Sucker Punch||[still]\n|-fail|p1a: Kingambit\n|move|p2a: Don't trust it...|Strength Sap|p1a: Kingambit\n|-unboost|p1a: Kingambit|atk|1\n|\n|upkeep\n|turn|19\n|-message|iufgewiayfl forfeited.\n|\n|win|Legendary crybaby\n|raw|iufgewiayfl's rating: 1120 &rarr; <strong>1095<\/strong><br \/>(-25 for losing)\n|raw|Legendary crybaby's rating: 1117 &rarr; <strong>1142<\/strong><br \/>(+25 for winning)\n|l|\u2606iufgewiayfl\n","uploadtime":1700936259,"views":0,"p1id":"iufgewiayfl","p2id":"legendarycrybaby","formatid":"gen9ou","rating":1095,"private":0,"password":""}