{"id":"gen9ou-1992110374","p1":"pok3monjake","p2":"FleetFoxxx","format":"[Gen 9] OU","log":"|j|\u2606pok3monjake\n|j|\u2606FleetFoxxx\n|t:|1700155944\n|gametype|singles\n|player|p1|pok3monjake|unknown|1535\n|player|p2|FleetFoxxx|265|1655\n|teamsize|p1|6\n|teamsize|p2|6\n|gen|9\n|tier|[Gen 9] OU\n|rated|\n|rule|Sleep Clause Mod: Limit one foe put to sleep\n|rule|Species Clause: Limit one of each Pok\u00e9mon\n|rule|OHKO Clause: OHKO moves are banned\n|rule|Evasion Items Clause: Evasion items are banned\n|rule|Evasion Moves Clause: Evasion moves are banned\n|rule|Endless Battle Clause: Forcing endless battles is banned\n|rule|HP Percentage Mod: HP is shown in percentages\n|clearpoke\n|poke|p1|Sandslash-Alola, M|\n|poke|p1|Slowking-Galar, M|\n|poke|p1|Cinderace, M|\n|poke|p1|Ninetales-Alola, F|\n|poke|p1|Kingambit, F|\n|poke|p1|Great Tusk|\n|poke|p2|Rillaboom, F|\n|poke|p2|Sneasler, F|\n|poke|p2|Zamazenta-*|\n|poke|p2|Ting-Lu|\n|poke|p2|Hatterene, F|\n|poke|p2|Manaphy|\n|teampreview\n|\n|t:|1700155952\n|start\n|switch|p1a: Cinderace|Cinderace, M|100\/100\n|switch|p2a: Ting-Lu|Ting-Lu|100\/100\n|-ability|p2a: Ting-Lu|Vessel of Ruin\n|turn|1\n|inactive|Battle timer is ON: inactive players will automatically lose when time's up. (requested by pok3monjake)\n|\n|t:|1700155959\n|move|p1a: Cinderace|U-turn|p2a: Ting-Lu\n|-start|p1a: Cinderace|typechange|Bug|[from] ability: Libero\n|-supereffective|p2a: Ting-Lu\n|-damage|p2a: Ting-Lu|62\/100\n|\n|t:|1700155964\n|switch|p1a: Great Tusk|Great Tusk|100\/100|[from] U-turn\n|move|p2a: Ting-Lu|Earthquake|p1a: Great Tusk\n|-damage|p1a: Great Tusk|78\/100\n|\n|-heal|p1a: Great Tusk|84\/100|[from] item: Leftovers\n|-heal|p2a: Ting-Lu|68\/100|[from] item: Leftovers\n|upkeep\n|turn|2\n|\n|t:|1700155980\n|switch|p2a: Manaphy|Manaphy|100\/100\n|move|p1a: Great Tusk|Ice Spinner|p2a: Manaphy\n|-resisted|p2a: Manaphy\n|-damage|p2a: Manaphy|91\/100\n|\n|-heal|p2a: Manaphy|97\/100|[from] item: Leftovers\n|-heal|p1a: Great Tusk|90\/100|[from] item: Leftovers\n|upkeep\n|turn|3\n|\n|t:|1700155987\n|-end|p1a: Great Tusk|Protosynthesis|[silent]\n|switch|p1a: Ninetales|Ninetales-Alola, F|100\/100\n|-weather|Snow|[from] ability: Snow Warning|[of] p1a: Ninetales\n|move|p2a: Manaphy|Scald|p1a: Ninetales\n|-damage|p1a: Ninetales|69\/100\n|\n|-weather|Snow|[upkeep]\n|-heal|p2a: Manaphy|100\/100|[from] item: Leftovers\n|upkeep\n|turn|4\n|\n|t:|1700156000\n|move|p1a: Ninetales|Freeze-Dry|p2a: Manaphy\n|-supereffective|p2a: Manaphy\n|-damage|p2a: Manaphy|51\/100\n|move|p2a: Manaphy|Scald|p1a: Ninetales\n|-damage|p1a: Ninetales|39\/100\n|-status|p1a: Ninetales|brn\n|\n|-weather|Snow|[upkeep]\n|-heal|p2a: Manaphy|57\/100|[from] item: Leftovers\n|-damage|p1a: Ninetales|33\/100 brn|[from] brn\n|upkeep\n|turn|5\n|\n|t:|1700156013\n|switch|p2a: Hatterene|Hatterene, F|100\/100\n|move|p1a: Ninetales|Freeze-Dry|p2a: Hatterene\n|-damage|p2a: Hatterene|74\/100\n|\n|-weather|Snow|[upkeep]\n|-damage|p1a: Ninetales|27\/100 brn|[from] brn\n|upkeep\n|turn|6\n|\n|t:|1700156022\n|switch|p1a: Slowking|Slowking-Galar, M|100\/100\n|move|p2a: Hatterene|Calm Mind|p2a: Hatterene\n|-boost|p2a: Hatterene|spa|1\n|-boost|p2a: Hatterene|spd|1\n|\n|-weather|Snow|[upkeep]\n|upkeep\n|turn|7\n|\n|t:|1700156031\n|move|p2a: Hatterene|Psyshock|p1a: Slowking\n|-damage|p1a: Slowking|42\/100\n|move|p1a: Slowking|Sludge Bomb|p2a: Hatterene\n|-supereffective|p2a: Hatterene\n|-damage|p2a: Hatterene|24\/100\n|-status|p2a: Hatterene|psn\n|\n|-weather|Snow|[upkeep]\n|-damage|p2a: Hatterene|12\/100 psn|[from] psn\n|upkeep\n|turn|8\n|\n|t:|1700156042\n|switch|p1a: Kingambit|Kingambit, F|100\/100\n|move|p2a: Hatterene|Draining Kiss|p1a: Kingambit\n|-damage|p1a: Kingambit|67\/100\n|-heal|p2a: Hatterene|41\/100 psn|[from] drain|[of] p1a: Kingambit\n|\n|-weather|Snow|[upkeep]\n|-heal|p1a: Kingambit|73\/100|[from] item: Leftovers\n|-damage|p2a: Hatterene|29\/100 psn|[from] psn\n|upkeep\n|turn|9\n|\n|t:|1700156047\n|move|p1a: Kingambit|Kowtow Cleave|p2a: Hatterene\n|-damage|p2a: Hatterene|0 fnt\n|faint|p2a: Hatterene\n|\n|-weather|Snow|[upkeep]\n|-heal|p1a: Kingambit|79\/100|[from] item: Leftovers\n|upkeep\n|\n|t:|1700156051\n|switch|p2a: Sneasler|Sneasler, F|100\/100\n|turn|10\n|\n|t:|1700156057\n|-end|p1a: Kingambit|fallenundefined|[silent]\n|switch|p1a: Slowking|Slowking-Galar, M|75\/100\n|move|p2a: Sneasler|Close Combat|p1a: Slowking\n|-resisted|p1a: Slowking\n|-damage|p1a: Slowking|59\/100\n|-unboost|p2a: Sneasler|def|1\n|-unboost|p2a: Sneasler|spd|1\n|\n|-weather|none\n|upkeep\n|turn|11\n|\n|t:|1700156062\n|switch|p2a: Ting-Lu|Ting-Lu|68\/100\n|-ability|p2a: Ting-Lu|Vessel of Ruin\n|move|p1a: Slowking|Chilly Reception|p1a: Slowking\n|-weather|Snow\n|\n|t:|1700156073\n|switch|p1a: Cinderace|Cinderace, M|100\/100|[from] Chilly Reception\n|\n|-weather|Snow|[upkeep]\n|-heal|p2a: Ting-Lu|74\/100|[from] item: Leftovers\n|upkeep\n|turn|12\n|\n|t:|1700156078\n|move|p1a: Cinderace|U-turn|p2a: Ting-Lu\n|-start|p1a: Cinderace|typechange|Bug|[from] ability: Libero\n|-supereffective|p2a: Ting-Lu\n|-damage|p2a: Ting-Lu|36\/100\n|\n|t:|1700156080\n|switch|p1a: Great Tusk|Great Tusk|90\/100|[from] U-turn\n|move|p2a: Ting-Lu|Earthquake|p1a: Great Tusk\n|-damage|p1a: Great Tusk|66\/100\n|\n|-weather|Snow|[upkeep]\n|-heal|p1a: Great Tusk|72\/100|[from] item: Leftovers\n|-heal|p2a: Ting-Lu|42\/100|[from] item: Leftovers\n|upkeep\n|turn|13\n|\n|t:|1700156104\n|switch|p2a: Manaphy|Manaphy|57\/100\n|move|p1a: Great Tusk|Earthquake|p2a: Manaphy\n|-damage|p2a: Manaphy|25\/100\n|\n|-weather|Snow|[upkeep]\n|-heal|p2a: Manaphy|31\/100|[from] item: Leftovers\n|-heal|p1a: Great Tusk|78\/100|[from] item: Leftovers\n|upkeep\n|turn|14\n|inactive|pok3monjake has 120 seconds left.\n|\n|t:|1700156147\n|move|p2a: Manaphy|Scald|p1a: Great Tusk\n|-supereffective|p1a: Great Tusk\n|-damage|p1a: Great Tusk|9\/100\n|move|p1a: Great Tusk|Earthquake|p2a: Manaphy\n|-damage|p2a: Manaphy|0 fnt\n|faint|p2a: Manaphy\n|\n|-weather|Snow|[upkeep]\n|-heal|p1a: Great Tusk|15\/100|[from] item: Leftovers\n|upkeep\n|inactive|FleetFoxxx has 120 seconds left.\n|\n|t:|1700156168\n|switch|p2a: Sneasler|Sneasler, F|100\/100\n|turn|15\n|\n|t:|1700156177\n|-end|p1a: Great Tusk|Protosynthesis|[silent]\n|switch|p1a: Slowking|Slowking-Galar, M|92\/100\n|move|p2a: Sneasler|Shadow Claw|p1a: Slowking\n|-supereffective|p1a: Slowking\n|-damage|p1a: Slowking|41\/100\n|\n|-weather|none\n|upkeep\n|turn|16\n|j| iampsykick\n|\n|t:|1700156200\n|switch|p1a: Ninetales|Ninetales-Alola, F|27\/100 brn\n|-weather|Snow|[from] ability: Snow Warning|[of] p1a: Ninetales\n|move|p2a: Sneasler|Shadow Claw|p1a: Ninetales\n|-damage|p1a: Ninetales|0 fnt\n|faint|p1a: Ninetales\n|\n|-weather|Snow|[upkeep]\n|upkeep\n|inactive|pok3monjake has 90 seconds left.\n|\n|t:|1700156228\n|switch|p1a: Sandslash|Sandslash-Alola, M|100\/100\n|turn|17\n|\n|t:|1700156244\n|switch|p2a: Zamazenta|Zamazenta|100\/100\n|-ability|p2a: Zamazenta|Dauntless Shield|boost\n|-boost|p2a: Zamazenta|def|1\n|move|p1a: Sandslash|Swords Dance|p1a: Sandslash\n|-boost|p1a: Sandslash|atk|2\n|\n|-weather|Snow|[upkeep]\n|upkeep\n|turn|18\n|inactive|pok3monjake has 60 seconds left.\n|\n|t:|1700156294\n|-terastallize|p1a: Sandslash|Flying\n|move|p1a: Sandslash|Knock Off|p2a: Zamazenta\n|-resisted|p2a: Zamazenta\n|-damage|p2a: Zamazenta|86\/100\n|-enditem|p2a: Zamazenta|Leftovers|[from] move: Knock Off|[of] p1a: Sandslash\n|move|p2a: Zamazenta|Body Press|p1a: Sandslash\n|-resisted|p1a: Sandslash\n|-damage|p1a: Sandslash|73\/100\n|\n|-weather|Snow|[upkeep]\n|upkeep\n|turn|19\n|\n|t:|1700156303\n|move|p1a: Sandslash|Icicle Spear|p2a: Zamazenta\n|-damage|p2a: Zamazenta|75\/100\n|-damage|p2a: Zamazenta|63\/100\n|-damage|p2a: Zamazenta|51\/100\n|-damage|p2a: Zamazenta|40\/100\n|-damage|p2a: Zamazenta|28\/100\n|-hitcount|p2a: Zamazenta|5\n|move|p2a: Zamazenta|Iron Defense|p2a: Zamazenta\n|-boost|p2a: Zamazenta|def|2\n|\n|-weather|Snow|[upkeep]\n|upkeep\n|turn|20\n|\n|t:|1700156312\n|-terastallize|p2a: Zamazenta|Steel\n|move|p1a: Sandslash|Icicle Spear|p2a: Zamazenta\n|-resisted|p2a: Zamazenta\n|-damage|p2a: Zamazenta|25\/100\n|-resisted|p2a: Zamazenta\n|-damage|p2a: Zamazenta|21\/100\n|-resisted|p2a: Zamazenta\n|-damage|p2a: Zamazenta|18\/100\n|-resisted|p2a: Zamazenta\n|-damage|p2a: Zamazenta|14\/100\n|-hitcount|p2a: Zamazenta|4\n|move|p2a: Zamazenta|Body Press|p1a: Sandslash\n|-resisted|p1a: Sandslash\n|-damage|p1a: Sandslash|24\/100\n|\n|-weather|Snow|[upkeep]\n|upkeep\n|turn|21\n|\n|t:|1700156324\n|move|p1a: Sandslash|Earthquake|p2a: Zamazenta\n|-supereffective|p2a: Zamazenta\n|-damage|p2a: Zamazenta|0 fnt\n|faint|p2a: Zamazenta\n|\n|-weather|Snow|[upkeep]\n|upkeep\n|\n|t:|1700156327\n|switch|p2a: Rillaboom|Rillaboom, F|100\/100\n|-fieldstart|move: Grassy Terrain|[from] ability: Grassy Surge|[of] p2a: Rillaboom\n|turn|22\n|inactive|pok3monjake has 60 seconds left.\n|\n|t:|1700156355\n|move|p2a: Rillaboom|Grassy Glide|p1a: Sandslash\n|-resisted|p1a: Sandslash\n|-damage|p1a: Sandslash|0 fnt\n|faint|p1a: Sandslash\n|\n|-weather|Snow|[upkeep]\n|upkeep\n|\n|t:|1700156382\n|switch|p1a: Cinderace|Cinderace, M|100\/100\n|turn|23\n|\n|t:|1700156384\n|switch|p2a: Ting-Lu|Ting-Lu|42\/100\n|-ability|p2a: Ting-Lu|Vessel of Ruin\n|move|p1a: Cinderace|Will-O-Wisp|p2a: Ting-Lu\n|-status|p2a: Ting-Lu|brn\n|\n|-weather|none\n|-heal|p2a: Ting-Lu|48\/100 brn|[from] Grassy Terrain\n|-heal|p2a: Ting-Lu|54\/100 brn|[from] item: Leftovers\n|-damage|p2a: Ting-Lu|48\/100 brn|[from] brn\n|upkeep\n|turn|24\n|\n|t:|1700156389\n|move|p1a: Cinderace|Will-O-Wisp|p2a: Ting-Lu\n|-fail|p2a: Ting-Lu|brn\n|move|p2a: Ting-Lu|Whirlwind|p1a: Cinderace\n|drag|p1a: Great Tusk|Great Tusk|15\/100\n|\n|-heal|p1a: Great Tusk|22\/100|[from] Grassy Terrain\n|-heal|p1a: Great Tusk|28\/100|[from] item: Leftovers\n|-heal|p2a: Ting-Lu|54\/100 brn|[from] Grassy Terrain\n|-heal|p2a: Ting-Lu|60\/100 brn|[from] item: Leftovers\n|-damage|p2a: Ting-Lu|54\/100 brn|[from] brn\n|upkeep\n|turn|25\n|inactive|pok3monjake has 60 seconds left.\n|\n|t:|1700156398\n|move|p1a: Great Tusk|Ice Spinner|p2a: Ting-Lu\n|-supereffective|p2a: Ting-Lu\n|-damage|p2a: Ting-Lu|30\/100 brn\n|-fieldend|move: Grassy Terrain\n|move|p2a: Ting-Lu|Earthquake|p1a: Great Tusk\n|-damage|p1a: Great Tusk|17\/100\n|\n|-heal|p1a: Great Tusk|23\/100|[from] item: Leftovers\n|-heal|p2a: Ting-Lu|36\/100 brn|[from] item: Leftovers\n|-damage|p2a: Ting-Lu|30\/100 brn|[from] brn\n|upkeep\n|turn|26\n|inactive|pok3monjake has 60 seconds left.\n|\n|t:|1700156433\n|move|p1a: Great Tusk|Ice Spinner|p2a: Ting-Lu\n|-supereffective|p2a: Ting-Lu\n|-damage|p2a: Ting-Lu|3\/100 brn\n|move|p2a: Ting-Lu|Earthquake|p1a: Great Tusk\n|-damage|p1a: Great Tusk|12\/100\n|\n|-heal|p1a: Great Tusk|19\/100|[from] item: Leftovers\n|-heal|p2a: Ting-Lu|9\/100 brn|[from] item: Leftovers\n|-damage|p2a: Ting-Lu|3\/100 brn|[from] brn\n|upkeep\n|turn|27\n|inactive|pok3monjake has 30 seconds left.\n|inactive|pok3monjake has 20 seconds left.\n|\n|t:|1700156459\n|move|p1a: Great Tusk|Rapid Spin|p2a: Ting-Lu\n|-damage|p2a: Ting-Lu|0 fnt\n|-boost|p1a: Great Tusk|spe|1\n|faint|p2a: Ting-Lu\n|\n|-heal|p1a: Great Tusk|25\/100|[from] item: Leftovers\n|upkeep\n|inactive|pok3monjake has 25 seconds left this turn.\n|\n|t:|1700156461\n|switch|p2a: Rillaboom|Rillaboom, F|100\/100\n|-fieldstart|move: Grassy Terrain|[from] ability: Grassy Surge|[of] p2a: Rillaboom\n|turn|28\n|\n|t:|1700156463\n|move|p2a: Rillaboom|Grassy Glide|p1a: Great Tusk\n|-supereffective|p1a: Great Tusk\n|-damage|p1a: Great Tusk|0 fnt\n|faint|p1a: Great Tusk\n|-end|p1a: Great Tusk|Protosynthesis|[silent]\n|\n|upkeep\n|\n|t:|1700156465\n|switch|p1a: Cinderace|Cinderace, M|100\/100\n|turn|29\n|\n|t:|1700156467\n|move|p2a: Rillaboom|Grassy Glide|p1a: Cinderace\n|-resisted|p1a: Cinderace\n|-damage|p1a: Cinderace|59\/100\n|move|p1a: Cinderace|Will-O-Wisp|p2a: Rillaboom\n|-status|p2a: Rillaboom|brn\n|\n|-heal|p1a: Cinderace|65\/100|[from] Grassy Terrain\n|-damage|p2a: Rillaboom|94\/100 brn|[from] brn\n|upkeep\n|turn|30\n|\n|t:|1700156473\n|switch|p1a: Slowking|Slowking-Galar, M|74\/100\n|move|p2a: Rillaboom|Grassy Glide|p1a: Slowking\n|-resisted|p1a: Slowking\n|-damage|p1a: Slowking|58\/100\n|\n|-heal|p2a: Rillaboom|100\/100 brn|[from] Grassy Terrain\n|-heal|p1a: Slowking|64\/100|[from] Grassy Terrain\n|-damage|p2a: Rillaboom|94\/100 brn|[from] brn\n|upkeep\n|turn|31\n|\n|t:|1700156477\n|switch|p2a: Sneasler|Sneasler, F|100\/100\n|-enditem|p2a: Sneasler|Grassy Seed\n|-boost|p2a: Sneasler|def|1|[from] item: Grassy Seed\n|move|p1a: Slowking|Future Sight|p2a: Sneasler\n|-start|p1a: Slowking|move: Future Sight\n|\n|-heal|p1a: Slowking|70\/100|[from] Grassy Terrain\n|upkeep\n|turn|32\n|\n|t:|1700156483\n|move|p2a: Sneasler|Shadow Claw|p1a: Slowking\n|-supereffective|p1a: Slowking\n|-damage|p1a: Slowking|10\/100\n|move|p1a: Slowking|Chilly Reception|p1a: Slowking\n|-weather|Snow\n|\n|t:|1700156486\n|switch|p1a: Kingambit|Kingambit, F|79\/100|[from] Chilly Reception\n|-activate|p1a: Kingambit|ability: Supreme Overlord\n|-start|p1a: Kingambit|fallen3|[silent]\n|\n|-weather|Snow|[upkeep]\n|-heal|p1a: Kingambit|86\/100|[from] Grassy Terrain\n|-heal|p1a: Kingambit|92\/100|[from] item: Leftovers\n|-fieldend|move: Grassy Terrain\n|upkeep\n|turn|33\n|\n|t:|1700156500\n|switch|p2a: Rillaboom|Rillaboom, F|94\/100 brn\n|-fieldstart|move: Grassy Terrain|[from] ability: Grassy Surge|[of] p2a: Rillaboom\n|-end|p1a: Kingambit|fallen3|[silent]\n|switch|p1a: Slowking|Slowking-Galar, M|44\/100\n|\n|-weather|Snow|[upkeep]\n|-end|p2a: Rillaboom|move: Future Sight\n|-damage|p2a: Rillaboom|43\/100 brn\n|-heal|p2a: Rillaboom|49\/100 brn|[from] Grassy Terrain\n|-heal|p1a: Slowking|50\/100|[from] Grassy Terrain\n|-damage|p2a: Rillaboom|43\/100 brn|[from] brn\n|upkeep\n|turn|34\n|inactive|FleetFoxxx has 120 seconds left.\n|\n|t:|1700156538\n|switch|p1a: Cinderace|Cinderace, M|65\/100\n|move|p2a: Rillaboom|Knock Off|p1a: Cinderace\n|-damage|p1a: Cinderace|24\/100\n|-enditem|p1a: Cinderace|Heavy-Duty Boots|[from] move: Knock Off|[of] p2a: Rillaboom\n|\n|-weather|Snow|[upkeep]\n|-heal|p1a: Cinderace|30\/100|[from] Grassy Terrain\n|-heal|p2a: Rillaboom|49\/100 brn|[from] Grassy Terrain\n|-damage|p2a: Rillaboom|43\/100 brn|[from] brn\n|upkeep\n|turn|35\n|inactive|pok3monjake has 60 seconds left.\n|\n|t:|1700156555\n|move|p1a: Cinderace|U-turn|p2a: Rillaboom\n|-start|p1a: Cinderace|typechange|Bug|[from] ability: Libero\n|-supereffective|p2a: Rillaboom\n|-damage|p2a: Rillaboom|0 fnt\n|faint|p2a: Rillaboom\n|\n|t:|1700156557\n|switch|p1a: Slowking|Slowking-Galar, M|83\/100|[from] U-turn\n|\n|-weather|Snow|[upkeep]\n|-heal|p1a: Slowking|89\/100|[from] Grassy Terrain\n|upkeep\n|\n|t:|1700156567\n|switch|p2a: Sneasler|Sneasler, F|100\/100\n|turn|36\n|\n|t:|1700156571\n|move|p2a: Sneasler|Shadow Claw|p1a: Slowking\n|-supereffective|p1a: Slowking\n|-damage|p1a: Slowking|38\/100\n|move|p1a: Slowking|Future Sight|p2a: Sneasler\n|-start|p1a: Slowking|move: Future Sight\n|\n|-weather|none\n|-heal|p1a: Slowking|44\/100|[from] Grassy Terrain\n|upkeep\n|turn|37\n|\n|t:|1700156596\n|switch|p1a: Kingambit|Kingambit, F|92\/100\n|-activate|p1a: Kingambit|ability: Supreme Overlord\n|-start|p1a: Kingambit|fallen3|[silent]\n|move|p2a: Sneasler|Shadow Claw|p1a: Kingambit\n|-resisted|p1a: Kingambit\n|-damage|p1a: Kingambit|82\/100\n|\n|-heal|p1a: Kingambit|88\/100|[from] Grassy Terrain\n|-heal|p1a: Kingambit|94\/100|[from] item: Leftovers\n|-fieldend|move: Grassy Terrain\n|upkeep\n|turn|38\n|\n|t:|1700156602\n|-end|p1a: Kingambit|fallen3|[silent]\n|switch|p1a: Slowking|Slowking-Galar, M|77\/100\n|move|p2a: Sneasler|Close Combat|p1a: Slowking\n|-resisted|p1a: Slowking\n|-damage|p1a: Slowking|60\/100\n|-unboost|p2a: Sneasler|def|1\n|-unboost|p2a: Sneasler|spd|1\n|\n|-end|p2a: Sneasler|move: Future Sight\n|-supereffective|p2a: Sneasler\n|-damage|p2a: Sneasler|0 fnt\n|faint|p2a: Sneasler\n|\n|win|pok3monjake\n|upkeep\n|raw|pok3monjake's rating: 1535 &rarr; <strong>1562<\/strong><br \/>(+27 for winning)\n|raw|FleetFoxxx's rating: 1670 &rarr; <strong>1643<\/strong><br \/>(-27 for losing)\n|l|\u2606FleetFoxxx\n","uploadtime":1700156606,"views":9,"p1id":"pok3monjake","p2id":"fleetfoxxx","formatid":"gen9ou","rating":1562,"private":0,"password":""}