{"id":"gen9ou-1992935430","p1":"Zorrodxl","p2":"iPad Kiddo","format":"[Gen 9] OU","log":"|j|\u2606Zorrodxl\n|j|\u2606iPad Kiddo\n|t:|1700248255\n|gametype|singles\n|player|p1|Zorrodxl|gentleman-gen4|1040\n|player|p2|iPad Kiddo|pokekid|1085\n|teamsize|p1|6\n|teamsize|p2|6\n|gen|9\n|tier|[Gen 9] OU\n|rated|\n|rule|Sleep Clause Mod: Limit one foe put to sleep\n|rule|Species Clause: Limit one of each Pok\u00e9mon\n|rule|OHKO Clause: OHKO moves are banned\n|rule|Evasion Items Clause: Evasion items are banned\n|rule|Evasion Moves Clause: Evasion moves are banned\n|rule|Endless Battle Clause: Forcing endless battles is banned\n|rule|HP Percentage Mod: HP is shown in percentages\n|clearpoke\n|poke|p1|Manaphy|\n|poke|p1|Kingambit, F|\n|poke|p1|Ribombee, M|\n|poke|p1|Gholdengo|\n|poke|p1|Iron Moth|\n|poke|p1|Ogerpon-Wellspring, F|\n|poke|p2|Gallade, M|\n|poke|p2|Veluza, F|\n|poke|p2|Kleavor, M|\n|poke|p2|Sylveon, F|\n|poke|p2|Polteageist-Antique|\n|poke|p2|Dudunsparce-*, M|\n|teampreview\n|inactive|Battle timer is ON: inactive players will automatically lose when time's up. (requested by iPad Kiddo)\n|\n|t:|1700248263\n|start\n|switch|p1a: 2HKO BOT|Ribombee, M, shiny|100\/100\n|switch|p2a: Polteageist|Polteageist-Antique|100\/100\n|turn|1\n|\n|t:|1700248274\n|move|p1a: 2HKO BOT|Sticky Web|p2a: Polteageist\n|-sidestart|p2: iPad Kiddo|move: Sticky Web\n|move|p2a: Polteageist|Shell Smash|p2a: Polteageist\n|-unboost|p2a: Polteageist|def|1\n|-unboost|p2a: Polteageist|spd|1\n|-boost|p2a: Polteageist|atk|2\n|-boost|p2a: Polteageist|spa|2\n|-boost|p2a: Polteageist|spe|2\n|-enditem|p2a: Polteageist|White Herb\n|-clearnegativeboost|p2a: Polteageist|[silent]\n|\n|upkeep\n|turn|2\n|\n|t:|1700248283\n|move|p2a: Polteageist|Stored Power|p1a: 2HKO BOT\n|-enditem|p1a: 2HKO BOT|Focus Sash\n|-damage|p1a: 2HKO BOT|1\/100\n|move|p1a: 2HKO BOT|Stun Spore|p2a: Polteageist\n|-status|p2a: Polteageist|par\n|\n|upkeep\n|turn|3\n|\n|t:|1700248292\n|move|p1a: 2HKO BOT|Moonblast|p2a: Polteageist\n|-damage|p2a: Polteageist|53\/100 par\n|-start|p1a: 2HKO BOT|Disable|Moonblast|[from] ability: Cursed Body|[of] p2a: Polteageist\n|move|p2a: Polteageist|Giga Drain|p1a: 2HKO BOT\n|-resisted|p1a: 2HKO BOT\n|-damage|p1a: 2HKO BOT|0 fnt\n|-heal|p2a: Polteageist|53\/100 par|[from] drain|[of] p1a: 2HKO BOT\n|faint|p1a: 2HKO BOT\n|\n|upkeep\n|inactive|Zorrodxl has 120 seconds left.\n|\n|t:|1700248329\n|switch|p1a: GOATdengo|Gholdengo|100\/100\n|-item|p1a: GOATdengo|Air Balloon\n|turn|4\n|inactive|Zorrodxl has 120 seconds left.\n|\n|t:|1700248335\n|move|p1a: GOATdengo|Shadow Ball|p2a: Polteageist\n|-supereffective|p2a: Polteageist\n|-damage|p2a: Polteageist|0 fnt\n|faint|p2a: Polteageist\n|\n|upkeep\n|\n|t:|1700248341\n|switch|p2a: Sylveon|Sylveon, F, shiny|100\/100\n|-activate|p2a: Sylveon|move: Sticky Web\n|-unboost|p2a: Sylveon|spe|1\n|turn|5\n|\n|t:|1700248353\n|-terastallize|p2a: Sylveon|Fire\n|move|p1a: GOATdengo|Make It Rain|p2a: Sylveon\n|-resisted|p2a: Sylveon\n|-damage|p2a: Sylveon|85\/100\n|-unboost|p1a: GOATdengo|spa|1\n|move|p2a: Sylveon|Tera Blast|p1a: GOATdengo|[anim] Tera Blast Fire\n|-supereffective|p1a: GOATdengo\n|-damage|p1a: GOATdengo|37\/100\n|-enditem|p1a: GOATdengo|Air Balloon\n|\n|upkeep\n|turn|6\n|inactive|Zorrodxl has 120 seconds left.\n|inactive|Zorrodxl has 90 seconds left.\n|\n|t:|1700248405\n|switch|p1a: die rain|Ogerpon-Wellspring, F|100\/100\n|move|p2a: Sylveon|Tera Blast|p1a: die rain|[anim] Tera Blast Fire\n|-damage|p1a: die rain|68\/100\n|\n|upkeep\n|turn|7\n|inactive|Zorrodxl has 90 seconds left.\n|\n|t:|1700248429\n|move|p1a: die rain|Ivy Cudgel|p2a: Sylveon|[anim] Ivy Cudgel Water\n|-supereffective|p2a: Sylveon\n|-damage|p2a: Sylveon|0 fnt\n|faint|p2a: Sylveon\n|\n|upkeep\n|inactive|iPad Kiddo has 120 seconds left.\n|\n|t:|1700248444\n|switch|p2a: Dudunsparce|Dudunsparce-Three-Segment, M|100\/100\n|-activate|p2a: Dudunsparce|move: Sticky Web\n|-unboost|p2a: Dudunsparce|spe|1\n|turn|8\n|inactive|Zorrodxl has 90 seconds left.\n|inactive|Zorrodxl has 60 seconds left.\n|\n|t:|1700248489\n|move|p1a: die rain|Swords Dance|p1a: die rain\n|-boost|p1a: die rain|atk|2\n|move|p2a: Dudunsparce|Thunder|p1a: die rain|[miss]\n|-miss|p2a: Dudunsparce|p1a: die rain\n|\n|upkeep\n|turn|9\n|inactive|Zorrodxl has 60 seconds left.\n|\n|t:|1700248503\n|move|p1a: die rain|Power Whip|p2a: Dudunsparce|[miss]\n|-miss|p1a: die rain|p2a: Dudunsparce\n|move|p2a: Dudunsparce|Calm Mind|p2a: Dudunsparce\n|-boost|p2a: Dudunsparce|spa|1\n|-boost|p2a: Dudunsparce|spd|1\n|\n|upkeep\n|turn|10\n|inactive|Zorrodxl has 60 seconds left.\n|\n|t:|1700248513\n|move|p1a: die rain|Power Whip|p2a: Dudunsparce\n|-damage|p2a: Dudunsparce|0 fnt\n|faint|p2a: Dudunsparce\n|\n|upkeep\n|\n|t:|1700248522\n|switch|p2a: Gallade|Gallade, M|100\/100\n|-activate|p2a: Gallade|move: Sticky Web\n|-unboost|p2a: Gallade|spe|1\n|turn|11\n|inactive|Zorrodxl has 60 seconds left.\n|-message|iPad Kiddo forfeited.\n|\n|win|Zorrodxl\n|raw|Zorrodxl's rating: 1040 &rarr; <strong>1078<\/strong><br \/>(+38 for winning)\n|raw|iPad Kiddo's rating: 1085 &rarr; <strong>1059<\/strong><br \/>(-26 for losing)\n|l|\u2606iPad Kiddo\n","uploadtime":1700248569,"views":15,"p1id":"zorrodxl","p2id":"ipadkiddo","formatid":"gen9ou","rating":1059,"private":0,"password":""}