{"id":"gen9ou-2000425640","p1":"Firer","p2":"Chokst du","format":"[Gen 9] OU","log":"|j|\u2606Firer\n|j|\u2606Chokst du\n|t:|1701193754\n|gametype|singles\n|player|p1|Firer|palmer|1871\n|player|p2|Chokst du|266|1849\n|teamsize|p1|6\n|teamsize|p2|6\n|gen|9\n|tier|[Gen 9] OU\n|rated|\n|rule|Sleep Clause Mod: Limit one foe put to sleep\n|rule|Species Clause: Limit one of each Pok\u00e9mon\n|rule|OHKO Clause: OHKO moves are banned\n|rule|Evasion Items Clause: Evasion items are banned\n|rule|Evasion Moves Clause: Evasion moves are banned\n|rule|Endless Battle Clause: Forcing endless battles is banned\n|rule|HP Percentage Mod: HP is shown in percentages\n|clearpoke\n|poke|p1|Slowking-Galar, F|\n|poke|p1|Ogerpon-Cornerstone, F|\n|poke|p1|Tauros-Paldea-Blaze, M|\n|poke|p1|Salamence, M|\n|poke|p1|Samurott-Hisui, F|\n|poke|p1|Brambleghast, M|\n|poke|p2|Great Tusk|\n|poke|p2|Dragapult, F|\n|poke|p2|Toxapex, M|\n|poke|p2|Heatran, M|\n|poke|p2|Tornadus-Therian, M|\n|poke|p2|Iron Valiant|\n|teampreview\n|inactive|Battle timer is ON: inactive players will automatically lose when time's up. (requested by Firer)\n|inactive|Firer has 120 seconds left.\n|\n|t:|1701193793\n|start\n|switch|p1a: Ogerpon|Ogerpon-Cornerstone, F|100\/100\n|switch|p2a: Iron Valiant|Iron Valiant|100\/100\n|-enditem|p2a: Iron Valiant|Booster Energy\n|-activate|p2a: Iron Valiant|ability: Quark Drive|[fromitem]\n|-start|p2a: Iron Valiant|quarkdrivespe\n|turn|1\n|\n|t:|1701193800\n|switch|p1a: Slowking|Slowking-Galar, F|100\/100\n|move|p2a: Iron Valiant|Hypnosis|p1a: Slowking\n|-status|p1a: Slowking|slp|[from] move: Hypnosis\n|\n|upkeep\n|turn|2\n|\n|t:|1701193804\n|move|p2a: Iron Valiant|Calm Mind|p2a: Iron Valiant\n|-boost|p2a: Iron Valiant|spa|1\n|-boost|p2a: Iron Valiant|spd|1\n|cant|p1a: Slowking|slp\n|\n|upkeep\n|turn|3\n|\n|t:|1701193809\n|move|p2a: Iron Valiant|Calm Mind|p2a: Iron Valiant\n|-boost|p2a: Iron Valiant|spa|1\n|-boost|p2a: Iron Valiant|spd|1\n|cant|p1a: Slowking|slp\n|\n|upkeep\n|turn|4\n|j| Jan7498\n|\n|t:|1701193812\n|move|p2a: Iron Valiant|Psyshock|p1a: Slowking\n|-damage|p1a: Slowking|48\/100 slp\n|cant|p1a: Slowking|slp\n|\n|upkeep\n|turn|5\n|\n|t:|1701193827\n|move|p2a: Iron Valiant|Moonblast|p1a: Slowking\n|-resisted|p1a: Slowking\n|-damage|p1a: Slowking|21\/100 slp\n|-curestatus|p1a: Slowking|slp|[msg]\n|move|p1a: Slowking|Sludge Bomb|p2a: Iron Valiant\n|-supereffective|p2a: Iron Valiant\n|-damage|p2a: Iron Valiant|36\/100\n|\n|upkeep\n|turn|6\n|inactive|Firer has 120 seconds left.\n|j| stone xo\n|l| Jan7498\n|\n|t:|1701193874\n|switch|p1a: Tauros|Tauros-Paldea-Blaze, M|100\/100\n|-ability|p1a: Tauros|Intimidate|boost\n|-unboost|p2a: Iron Valiant|atk|1\n|move|p2a: Iron Valiant|Moonblast|p1a: Tauros\n|-damage|p1a: Tauros|0 fnt\n|faint|p1a: Tauros\n|\n|upkeep\n|j| Arkhenys\n|\n|t:|1701193891\n|switch|p1a: Salamence|Salamence, M|100\/100\n|-ability|p1a: Salamence|Intimidate|boost\n|-unboost|p2a: Iron Valiant|atk|1\n|turn|7\n|\n|t:|1701193899\n|-terastallize|p1a: Salamence|Steel\n|move|p2a: Iron Valiant|Moonblast|p1a: Salamence\n|-resisted|p1a: Salamence\n|-damage|p1a: Salamence|55\/100\n|move|p1a: Salamence|Hurricane|p2a: Iron Valiant\n|-supereffective|p2a: Iron Valiant\n|-damage|p2a: Iron Valiant|0 fnt\n|faint|p2a: Iron Valiant\n|-end|p2a: Iron Valiant|Quark Drive|[silent]\n|\n|upkeep\n|j| Ran Kob\n|j| basically_am_baby\n|\n|t:|1701193920\n|switch|p2a: Tornadus|Tornadus-Therian, M|100\/100\n|turn|8\n|\n|t:|1701193931\n|move|p2a: Tornadus|Heat Wave|p1a: Salamence\n|-supereffective|p1a: Salamence\n|-damage|p1a: Salamence|8\/100\n|move|p1a: Salamence|Roost|p1a: Salamence\n|-heal|p1a: Salamence|58\/100\n|\n|upkeep\n|turn|9\n|\n|t:|1701193936\n|move|p2a: Tornadus|Knock Off|p1a: Salamence\n|-damage|p1a: Salamence|38\/100\n|-enditem|p1a: Salamence|Heavy-Duty Boots|[from] move: Knock Off|[of] p2a: Tornadus\n|move|p1a: Salamence|Roost|p1a: Salamence\n|-heal|p1a: Salamence|88\/100\n|\n|upkeep\n|turn|10\n|j| VicBossMG\n|\n|t:|1701193939\n|switch|p1a: Slowking|Slowking-Galar, F|54\/100\n|move|p2a: Tornadus|Heat Wave|p1a: Slowking\n|-damage|p1a: Slowking|41\/100\n|\n|upkeep\n|turn|11\n|\n|t:|1701193946\n|switch|p1a: Salamence|Salamence, M, tera:Steel|88\/100\n|-ability|p1a: Salamence|Intimidate|boost\n|-unboost|p2a: Tornadus|atk|1\n|move|p2a: Tornadus|Knock Off|p1a: Salamence\n|-damage|p1a: Salamence|79\/100\n|\n|upkeep\n|turn|12\n|l| stone xo\n|\n|t:|1701193955\n|switch|p1a: Slowking|Slowking-Galar, F|74\/100\n|move|p2a: Tornadus|Heat Wave|p1a: Slowking\n|-damage|p1a: Slowking|61\/100\n|\n|upkeep\n|turn|13\n|\n|t:|1701193957\n|move|p2a: Tornadus|Knock Off|p1a: Slowking\n|-supereffective|p1a: Slowking\n|-damage|p1a: Slowking|35\/100\n|-enditem|p1a: Slowking|Heavy-Duty Boots|[from] move: Knock Off|[of] p2a: Tornadus\n|move|p1a: Slowking|Thunder Wave|p2a: Tornadus\n|-status|p2a: Tornadus|par\n|\n|upkeep\n|turn|14\n|\n|t:|1701193965\n|cant|p2a: Tornadus|par\n|move|p1a: Slowking|Future Sight|p2a: Tornadus\n|-start|p1a: Slowking|move: Future Sight\n|\n|upkeep\n|turn|15\n|\n|t:|1701193970\n|move|p2a: Tornadus|U-turn|p1a: Slowking\n|-damage|p1a: Slowking|25\/100\n|\n|t:|1701193971\n|switch|p2a: Heatran|Heatran, M|100\/100|[from] U-turn\n|move|p1a: Slowking|Chilly Reception|p1a: Slowking\n|-weather|Snow\n|j| NicksRokaya\n|\n|t:|1701193978\n|switch|p1a: Samurott|Samurott-Hisui, F|100\/100|[from] Chilly Reception\n|\n|-weather|Snow|[upkeep]\n|upkeep\n|turn|16\n|\n|t:|1701193989\n|move|p1a: Samurott|Razor Shell|p2a: Heatran\n|-supereffective|p2a: Heatran\n|-damage|p2a: Heatran|18\/100\n|-unboost|p2a: Heatran|def|1\n|move|p2a: Heatran|Will-O-Wisp|p1a: Samurott\n|-status|p1a: Samurott|brn\n|\n|-weather|Snow|[upkeep]\n|-end|p2a: Heatran|move: Future Sight\n|-resisted|p2a: Heatran\n|-damage|p2a: Heatran|3\/100\n|-heal|p2a: Heatran|9\/100|[from] item: Leftovers\n|-damage|p1a: Samurott|94\/100 brn|[from] brn\n|upkeep\n|turn|17\n|\n|t:|1701194003\n|switch|p2a: Tornadus|Tornadus-Therian, M|100\/100 par\n|move|p1a: Samurott|Ceaseless Edge|p2a: Tornadus|[miss]\n|-miss|p1a: Samurott|p2a: Tornadus\n|\n|-weather|Snow|[upkeep]\n|-damage|p1a: Samurott|88\/100 brn|[from] brn\n|upkeep\n|turn|18\n|\n|t:|1701194010\n|move|p1a: Samurott|Ceaseless Edge|p2a: Tornadus\n|-damage|p2a: Tornadus|78\/100 par\n|-sidestart|p2: Chokst du|Spikes\n|move|p2a: Tornadus|U-turn|p1a: Samurott\n|-supereffective|p1a: Samurott\n|-damage|p1a: Samurott|50\/100 brn\n|\n|t:|1701194013\n|switch|p2a: Great Tusk|Great Tusk|100\/100|[from] U-turn\n|-damage|p2a: Great Tusk|88\/100|[from] Spikes\n|-enditem|p2a: Great Tusk|Booster Energy\n|-activate|p2a: Great Tusk|ability: Protosynthesis|[fromitem]\n|-start|p2a: Great Tusk|protosynthesisspe\n|\n|-weather|Snow|[upkeep]\n|-damage|p1a: Samurott|44\/100 brn|[from] brn\n|upkeep\n|turn|19\n|\n|t:|1701194021\n|move|p2a: Great Tusk|Bulk Up|p2a: Great Tusk\n|-boost|p2a: Great Tusk|atk|1\n|-boost|p2a: Great Tusk|def|1\n|move|p1a: Samurott|Encore|p2a: Great Tusk\n|-start|p2a: Great Tusk|Encore\n|\n|-weather|none\n|-damage|p1a: Samurott|38\/100 brn|[from] brn\n|upkeep\n|turn|20\n|\n|t:|1701194030\n|switch|p1a: Salamence|Salamence, M, tera:Steel|79\/100\n|-ability|p1a: Salamence|Intimidate|boost\n|-unboost|p2a: Great Tusk|atk|1\n|move|p2a: Great Tusk|Bulk Up|p2a: Great Tusk\n|-boost|p2a: Great Tusk|atk|1\n|-boost|p2a: Great Tusk|def|1\n|\n|upkeep\n|turn|21\n|\n|t:|1701194038\n|-terastallize|p2a: Great Tusk|Ground\n|move|p2a: Great Tusk|Bulk Up|p2a: Great Tusk\n|-boost|p2a: Great Tusk|atk|1\n|-boost|p2a: Great Tusk|def|1\n|move|p1a: Salamence|Hurricane|p2a: Great Tusk\n|-damage|p2a: Great Tusk|35\/100\n|\n|upkeep\n|turn|22\n|\n|t:|1701194043\n|move|p2a: Great Tusk|Bulk Up|p2a: Great Tusk\n|-boost|p2a: Great Tusk|atk|1\n|-boost|p2a: Great Tusk|def|1\n|move|p1a: Salamence|Dragon Tail|p2a: Great Tusk\n|-damage|p2a: Great Tusk|29\/100\n|-end|p2a: Great Tusk|Protosynthesis|[silent]\n|drag|p2a: Dragapult|Dragapult, F|100\/100\n|-damage|p2a: Dragapult|88\/100|[from] Spikes\n|\n|upkeep\n|turn|23\n|j| stone xo\n|\n|t:|1701194054\n|move|p2a: Dragapult|Shadow Ball|p1a: Salamence\n|-damage|p1a: Salamence|26\/100\n|move|p1a: Salamence|Dragon Tail|p2a: Dragapult\n|-supereffective|p2a: Dragapult\n|-damage|p2a: Dragapult|23\/100\n|drag|p2a: Toxapex|Toxapex, M|100\/100\n|-damage|p2a: Toxapex|88\/100|[from] Spikes\n|\n|-heal|p2a: Toxapex|94\/100|[from] item: Leftovers\n|upkeep\n|turn|24\n|\n|t:|1701194063\n|switch|p2a: Great Tusk|Great Tusk, tera:Ground|29\/100\n|-damage|p2a: Great Tusk|17\/100|[from] Spikes\n|move|p1a: Salamence|Roost|p1a: Salamence\n|-heal|p1a: Salamence|76\/100\n|\n|upkeep\n|turn|25\n|l| NicksRokaya\n|\n|t:|1701194073\n|move|p1a: Salamence|Fire Blast|p2a: Great Tusk\n|-damage|p2a: Great Tusk|0 fnt\n|faint|p2a: Great Tusk\n|-end|p2a: Great Tusk|Protosynthesis|[silent]\n|\n|upkeep\n|-message|Chokst du forfeited.\n|\n|win|Firer\n|raw|Firer's rating: 1871 &rarr; <strong>1890<\/strong><br \/>(+19 for winning)\n|raw|Chokst du's rating: 1849 &rarr; <strong>1830<\/strong><br \/>(-19 for losing)\n|l|\u2606Chokst du\n|l| VicBossMG\n|c|\u2606Firer|ggs\n","uploadtime":1701194102,"views":26,"p1id":"firer","p2id":"chokstdu","formatid":"gen9ou","rating":1830,"private":0,"password":""}