{"id":"gen9ou-1995602578","p1":"PLAYB0I R0BBIE B","p2":"Roonscapemaster","format":"[Gen 9] OU","log":"|j|\u2606PLAYB0I R0BBIE B\n|j|\u2606Roonscapemaster\n|t:|1700586607\n|gametype|singles\n|player|p1|PLAYB0I R0BBIE B|eusine|1371\n|player|p2|Roonscapemaster|2|1432\n|teamsize|p1|6\n|teamsize|p2|6\n|gen|9\n|tier|[Gen 9] OU\n|rated|\n|rule|Sleep Clause Mod: Limit one foe put to sleep\n|rule|Species Clause: Limit one of each Pok\u00e9mon\n|rule|OHKO Clause: OHKO moves are banned\n|rule|Evasion Items Clause: Evasion items are banned\n|rule|Evasion Moves Clause: Evasion moves are banned\n|rule|Endless Battle Clause: Forcing endless battles is banned\n|rule|HP Percentage Mod: HP is shown in percentages\n|clearpoke\n|poke|p1|Meowscarada, F|\n|poke|p1|Heatran, F|\n|poke|p1|Thundurus-Therian, M|\n|poke|p1|Dragapult, F|\n|poke|p1|Great Tusk|\n|poke|p1|Azumarill, F|\n|poke|p2|Clodsire, F|\n|poke|p2|Heatran, F|\n|poke|p2|Great Tusk|\n|poke|p2|Kingambit, M|\n|poke|p2|Dragonite, F|\n|poke|p2|Ogerpon-Wellspring, F|\n|teampreview\n|\n|t:|1700586615\n|start\n|switch|p1a: SICKO MODE|Meowscarada, F|100\/100\n|switch|p2a: Ogerpon|Ogerpon-Wellspring, F|100\/100\n|turn|1\n|inactive|Battle timer is ON: inactive players will automatically lose when time's up. (requested by PLAYB0I R0BBIE B)\n|\n|t:|1700586629\n|switch|p2a: Heatran|Heatran, F|100\/100\n|move|p1a: SICKO MODE|U-turn|p2a: Heatran\n|-start|p1a: SICKO MODE|typechange|Bug|[from] ability: Protean\n|-resisted|p2a: Heatran\n|-damage|p2a: Heatran|91\/100\n|\n|t:|1700586633\n|switch|p1a: 5% TINT|Heatran, F|100\/100|[from] U-turn\n|-item|p1a: 5% TINT|Air Balloon\n|\n|-heal|p2a: Heatran|97\/100|[from] item: Leftovers\n|upkeep\n|turn|2\n|\n|t:|1700586655\n|switch|p2a: Great Tusk|Great Tusk|100\/100\n|-enditem|p2a: Great Tusk|Booster Energy\n|-activate|p2a: Great Tusk|ability: Protosynthesis|[fromitem]\n|-start|p2a: Great Tusk|protosynthesisatk\n|move|p1a: 5% TINT|Earth Power|p2a: Great Tusk\n|-damage|p2a: Great Tusk|51\/100\n|\n|upkeep\n|turn|3\n|\n|t:|1700586663\n|switch|p1a: CAN'T SAY|Azumarill, F|100\/100\n|move|p2a: Great Tusk|Knock Off|p1a: CAN'T SAY\n|-resisted|p1a: CAN'T SAY\n|-damage|p1a: CAN'T SAY|79\/100\n|-enditem|p1a: CAN'T SAY|Assault Vest|[from] move: Knock Off|[of] p2a: Great Tusk\n|\n|upkeep\n|turn|4\n|\n|t:|1700586675\n|-end|p2a: Great Tusk|Protosynthesis|[silent]\n|switch|p2a: Ogerpon|Ogerpon-Wellspring, F|100\/100\n|move|p1a: CAN'T SAY|Play Rough|p2a: Ogerpon\n|-damage|p2a: Ogerpon|32\/100\n|\n|upkeep\n|turn|5\n|\n|t:|1700586683\n|switch|p1a: NO BYSTANDERS|Dragapult, F|100\/100\n|move|p2a: Ogerpon|Horn Leech|p1a: NO BYSTANDERS\n|-resisted|p1a: NO BYSTANDERS\n|-damage|p1a: NO BYSTANDERS|68\/100\n|-heal|p2a: Ogerpon|49\/100|[from] drain|[of] p1a: NO BYSTANDERS\n|\n|upkeep\n|turn|6\n|\n|t:|1700586692\n|switch|p2a: Clodsire|Clodsire, F|100\/100\n|move|p1a: NO BYSTANDERS|U-turn|p2a: Clodsire\n|-resisted|p2a: Clodsire\n|-damage|p2a: Clodsire|93\/100\n|\n|t:|1700586705\n|switch|p1a: 5% TINT|Heatran, F|100\/100|[from] U-turn\n|-item|p1a: 5% TINT|Air Balloon\n|\n|-heal|p2a: Clodsire|99\/100|[from] item: Leftovers\n|upkeep\n|turn|7\n|\n|t:|1700586712\n|move|p1a: 5% TINT|Magma Storm|p2a: Clodsire\n|-damage|p2a: Clodsire|63\/100\n|-activate|p2a: Clodsire|move: Magma Storm|[of] p1a: 5% TINT\n|move|p2a: Clodsire|Stealth Rock|p1a: 5% TINT\n|-sidestart|p1: PLAYB0I R0BBIE B|move: Stealth Rock\n|\n|-heal|p2a: Clodsire|69\/100|[from] item: Leftovers\n|-damage|p2a: Clodsire|57\/100|[from] move: Magma Storm|[partiallytrapped]\n|upkeep\n|turn|8\n|\n|t:|1700586717\n|move|p1a: 5% TINT|Taunt|p2a: Clodsire\n|-start|p2a: Clodsire|move: Taunt\n|cant|p2a: Clodsire|move: Taunt|Recover\n|\n|-heal|p2a: Clodsire|63\/100|[from] item: Leftovers\n|-damage|p2a: Clodsire|50\/100|[from] move: Magma Storm|[partiallytrapped]\n|upkeep\n|turn|9\n|inactive|Roonscapemaster has 120 seconds left.\n|\n|t:|1700586749\n|move|p1a: 5% TINT|Earth Power|p2a: Clodsire\n|-supereffective|p2a: Clodsire\n|-damage|p2a: Clodsire|6\/100\n|move|p2a: Clodsire|Earthquake|p1a: 5% TINT\n|-immune|p1a: 5% TINT\n|\n|-heal|p2a: Clodsire|13\/100|[from] item: Leftovers\n|-damage|p2a: Clodsire|0 fnt|[from] move: Magma Storm|[partiallytrapped]\n|faint|p2a: Clodsire\n|upkeep\n|inactive|Roonscapemaster has 120 seconds left.\n|\n|t:|1700586771\n|switch|p2a: Ogerpon|Ogerpon-Wellspring, F|49\/100\n|turn|10\n|\n|t:|1700586794\n|switch|p1a: NO BYSTANDERS|Dragapult, F|68\/100\n|-terastallize|p2a: Ogerpon|Water\n|detailschange|p2a: Ogerpon|Ogerpon-Wellspring-Tera, F, tera:Water\n|-ability|p2a: Ogerpon|Embody Aspect (Wellspring)|boost\n|-boost|p2a: Ogerpon|spd|1\n|move|p2a: Ogerpon|Ivy Cudgel|p1a: NO BYSTANDERS|[anim] Ivy Cudgel Water\n|-resisted|p1a: NO BYSTANDERS\n|-damage|p1a: NO BYSTANDERS|6\/100\n|\n|upkeep\n|turn|11\n|\n|t:|1700586807\n|switch|p2a: Heatran|Heatran, F|97\/100\n|move|p1a: NO BYSTANDERS|Thunder Wave|p2a: Heatran\n|-status|p2a: Heatran|par\n|\n|-heal|p2a: Heatran|100\/100 par|[from] item: Leftovers\n|upkeep\n|turn|12\n|\n|t:|1700586816\n|switch|p2a: Ogerpon|Ogerpon-Wellspring-Tera, F, tera:Water|49\/100\n|-ability|p2a: Ogerpon|Embody Aspect (Wellspring)|boost\n|-boost|p2a: Ogerpon|spd|1\n|move|p1a: NO BYSTANDERS|U-turn|p2a: Ogerpon\n|-damage|p2a: Ogerpon|24\/100\n|\n|t:|1700586821\n|switch|p1a: SICKO MODE|Meowscarada, F|100\/100|[from] U-turn\n|-damage|p1a: SICKO MODE|88\/100|[from] Stealth Rock\n|\n|upkeep\n|turn|13\n|\n|t:|1700586829\n|switch|p2a: Heatran|Heatran, F|100\/100 par\n|move|p1a: SICKO MODE|Low Kick|p2a: Heatran\n|-start|p1a: SICKO MODE|typechange|Fighting|[from] ability: Protean\n|-supereffective|p2a: Heatran\n|-damage|p2a: Heatran|0 fnt\n|faint|p2a: Heatran\n|\n|upkeep\n|\n|t:|1700586834\n|switch|p2a: Dragonite|Dragonite, F|100\/100\n|turn|14\n|\n|t:|1700586844\n|switch|p1a: CAN'T SAY|Azumarill, F|79\/100\n|-damage|p1a: CAN'T SAY|67\/100|[from] Stealth Rock\n|move|p2a: Dragonite|Hurricane|p1a: CAN'T SAY\n|-damage|p1a: CAN'T SAY|31\/100\n|\n|upkeep\n|turn|15\n|\n|t:|1700586853\n|move|p2a: Dragonite|Hurricane|p1a: CAN'T SAY|[miss]\n|-miss|p2a: Dragonite|p1a: CAN'T SAY\n|move|p1a: CAN'T SAY|Ice Spinner|p2a: Dragonite\n|-supereffective|p2a: Dragonite\n|-damage|p2a: Dragonite|22\/100\n|\n|upkeep\n|turn|16\n|\n|t:|1700586859\n|move|p2a: Dragonite|Hurricane|p1a: CAN'T SAY|[miss]\n|-miss|p2a: Dragonite|p1a: CAN'T SAY\n|move|p1a: CAN'T SAY|Ice Spinner|p2a: Dragonite\n|-supereffective|p2a: Dragonite\n|-damage|p2a: Dragonite|0 fnt\n|faint|p2a: Dragonite\n|\n|upkeep\n|-message|Roonscapemaster forfeited.\n|\n|win|PLAYB0I R0BBIE B\n|raw|PLAYB0I R0BBIE B's rating: 1371 &rarr; <strong>1394<\/strong><br \/>(+23 for winning)\n|raw|Roonscapemaster's rating: 1432 &rarr; <strong>1409<\/strong><br \/>(-23 for losing)\n|l|\u2606Roonscapemaster\n","uploadtime":1700586866,"views":2,"p1id":"playb0ir0bbieb","p2id":"roonscapemaster","formatid":"gen9ou","rating":1394,"private":0,"password":""}