{"id":"gen9ou-1990219202","p1":"scotchbrite3m","p2":"Jadenhess","format":"[Gen 9] OU","log":"|j|\u2606scotchbrite3m\n|j|\u2606Jadenhess\n|t:|1699939233\n|gametype|singles\n|player|p1|scotchbrite3m|silver|1399\n|player|p2|Jadenhess|266|1386\n|teamsize|p1|6\n|teamsize|p2|6\n|gen|9\n|tier|[Gen 9] OU\n|rated|\n|rule|Sleep Clause Mod: Limit one foe put to sleep\n|rule|Species Clause: Limit one of each Pok\u00e9mon\n|rule|OHKO Clause: OHKO moves are banned\n|rule|Evasion Items Clause: Evasion items are banned\n|rule|Evasion Moves Clause: Evasion moves are banned\n|rule|Endless Battle Clause: Forcing endless battles is banned\n|rule|HP Percentage Mod: HP is shown in percentages\n|clearpoke\n|poke|p1|Ceruledge, F|\n|poke|p1|Cinderace, M|\n|poke|p1|Ninetales-Alola, F|\n|poke|p1|Manaphy|\n|poke|p1|Samurott-Hisui, M|\n|poke|p1|Zamazenta-*|\n|poke|p2|Iron Leaves|\n|poke|p2|Pincurchin, F|\n|poke|p2|Pawmot, M|\n|poke|p2|Rabsca, F|\n|poke|p2|Greninja-*, M|\n|poke|p2|Ribombee, F|\n|teampreview\n|inactive|Battle timer is ON: inactive players will automatically lose when time's up. (requested by scotchbrite3m)\n|\n|t:|1699939255\n|start\n|switch|p1a: my one desire|Cinderace, M|100\/100\n|switch|p2a: Ribombee|Ribombee, F|100\/100\n|turn|1\n|\n|t:|1699939261\n|move|p2a: Ribombee|Switcheroo|p1a: my one desire\n|-activate|p2a: Ribombee|move: Trick|[of] p1a: my one desire\n|-item|p1a: my one desire|Choice Specs|[from] move: Switcheroo\n|-item|p2a: Ribombee|Heavy-Duty Boots|[from] move: Switcheroo\n|move|p1a: my one desire|Will-O-Wisp|p2a: Ribombee\n|-status|p2a: Ribombee|brn\n|\n|-damage|p2a: Ribombee|94\/100 brn|[from] brn\n|upkeep\n|turn|2\n|\n|t:|1699939279\n|switch|p1a: i want it that way|Manaphy|100\/100\n|move|p2a: Ribombee|Sticky Web|p1a: i want it that way\n|-sidestart|p1: scotchbrite3m|move: Sticky Web\n|\n|-damage|p2a: Ribombee|88\/100 brn|[from] brn\n|upkeep\n|turn|3\n|\n|t:|1699939286\n|switch|p1a: my one desire|Cinderace, M|100\/100\n|-activate|p1a: my one desire|move: Sticky Web\n|-unboost|p1a: my one desire|spe|1\n|move|p2a: Ribombee|Switcheroo|p1a: my one desire\n|-activate|p2a: Ribombee|move: Trick|[of] p1a: my one desire\n|-item|p1a: my one desire|Heavy-Duty Boots|[from] move: Switcheroo\n|-item|p2a: Ribombee|Choice Specs|[from] move: Switcheroo\n|\n|-damage|p2a: Ribombee|82\/100 brn|[from] brn\n|upkeep\n|turn|4\n|\n|t:|1699939295\n|move|p2a: Ribombee|Switcheroo|p1a: my one desire\n|-activate|p2a: Ribombee|move: Trick|[of] p1a: my one desire\n|-item|p1a: my one desire|Choice Specs|[from] move: Switcheroo\n|-item|p2a: Ribombee|Heavy-Duty Boots|[from] move: Switcheroo\n|move|p1a: my one desire|Court Change|p1a: my one desire\n|-swapsideconditions\n|-activate|p1a: my one desire|move: Court Change\n|\n|-damage|p2a: Ribombee|76\/100 brn|[from] brn\n|upkeep\n|turn|5\n|\n|t:|1699939304\n|switch|p1a: i want it that way|Manaphy|100\/100\n|move|p2a: Ribombee|Sticky Web|p1a: i want it that way\n|-sidestart|p1: scotchbrite3m|move: Sticky Web\n|\n|-damage|p2a: Ribombee|70\/100 brn|[from] brn\n|upkeep\n|turn|6\n|\n|t:|1699939316\n|switch|p2a: Iron Leaves|Iron Leaves|100\/100\n|-activate|p2a: Iron Leaves|move: Sticky Web\n|-unboost|p2a: Iron Leaves|spe|1\n|move|p1a: i want it that way|Take Heart|p1a: i want it that way\n|-boost|p1a: i want it that way|spa|1\n|-boost|p1a: i want it that way|spd|1\n|\n|upkeep\n|turn|7\n|\n|t:|1699939332\n|switch|p1a: you are my fire|Ceruledge, F|100\/100\n|-activate|p1a: you are my fire|move: Sticky Web\n|-unboost|p1a: you are my fire|spe|1\n|move|p2a: Iron Leaves|Leaf Blade|p1a: you are my fire\n|-resisted|p1a: you are my fire\n|-damage|p1a: you are my fire|48\/100\n|-ability|p1a: you are my fire|Weak Armor|boost\n|-unboost|p1a: you are my fire|def|1\n|-boost|p1a: you are my fire|spe|2\n|\n|upkeep\n|turn|8\n|\n|t:|1699939350\n|-end|p2a: Iron Leaves|Quark Drive|[silent]\n|switch|p2a: Ribombee|Ribombee, F|70\/100 brn\n|move|p1a: you are my fire|Bitter Blade|p2a: Ribombee\n|-supereffective|p2a: Ribombee\n|-damage|p2a: Ribombee|0 fnt\n|-heal|p1a: you are my fire|79\/100|[from] drain|[of] p2a: Ribombee\n|faint|p2a: Ribombee\n|\n|upkeep\n|\n|t:|1699939360\n|switch|p2a: Pawmot|Pawmot, M|100\/100\n|-activate|p2a: Pawmot|move: Sticky Web\n|-unboost|p2a: Pawmot|spe|1\n|turn|9\n|\n|t:|1699939366\n|move|p1a: you are my fire|Swords Dance|p1a: you are my fire\n|-boost|p1a: you are my fire|atk|2\n|move|p2a: Pawmot|Double Shock|p1a: you are my fire\n|-damage|p1a: you are my fire|0 fnt\n|-start|p2a: Pawmot|typechange|???\/Fighting|[from] move: Double Shock\n|faint|p1a: you are my fire\n|\n|upkeep\n|\n|t:|1699939383\n|switch|p1a: believe when i say|Ninetales-Alola, F|100\/100\n|-activate|p1a: believe when i say|move: Sticky Web\n|-unboost|p1a: believe when i say|spe|1\n|-weather|Snow|[from] ability: Snow Warning|[of] p1a: believe when i say\n|turn|10\n|\n|t:|1699939391\n|move|p1a: believe when i say|Freeze-Dry|p2a: Pawmot\n|-damage|p2a: Pawmot|64\/100\n|move|p2a: Pawmot|Close Combat|p1a: believe when i say\n|-damage|p1a: believe when i say|53\/100\n|-unboost|p2a: Pawmot|def|1\n|-unboost|p2a: Pawmot|spd|1\n|\n|-weather|Snow|[upkeep]\n|upkeep\n|turn|11\n|\n|t:|1699939402\n|switch|p2a: Rabsca|Rabsca, F|100\/100\n|-activate|p2a: Rabsca|move: Sticky Web\n|-unboost|p2a: Rabsca|spe|1\n|move|p1a: believe when i say|Aurora Veil|p1a: believe when i say\n|-sidestart|p1: scotchbrite3m|move: Aurora Veil\n|\n|-weather|Snow|[upkeep]\n|upkeep\n|turn|12\n|\n|t:|1699939411\n|move|p1a: believe when i say|Freeze-Dry|p2a: Rabsca\n|-damage|p2a: Rabsca|81\/100\n|move|p2a: Rabsca|Speed Swap|p1a: believe when i say\n|-activate|p2a: Rabsca|move: Speed Swap|[of] p1a: believe when i say\n|\n|-weather|Snow|[upkeep]\n|upkeep\n|turn|13\n|c|\u2606scotchbrite3m|bro what are these moves lmfao\n|inactive|Jadenhess has 120 seconds left.\n|\n|t:|1699939451\n|move|p2a: Rabsca|Psychic|p1a: believe when i say\n|-damage|p1a: believe when i say|35\/100\n|move|p1a: believe when i say|Freeze-Dry|p2a: Rabsca\n|-damage|p2a: Rabsca|61\/100\n|\n|-weather|Snow|[upkeep]\n|upkeep\n|turn|14\n|c|\u2606scotchbrite3m|you're interesting to say the least\n|\n|t:|1699939465\n|switch|p1a: i want it that way|Manaphy|100\/100\n|-activate|p1a: i want it that way|move: Sticky Web\n|-unboost|p1a: i want it that way|spe|1\n|move|p2a: Rabsca|Psychic|p1a: i want it that way\n|-damage|p1a: i want it that way|87\/100\n|\n|-weather|none\n|-heal|p1a: i want it that way|93\/100|[from] item: Leftovers\n|upkeep\n|turn|15\n|\n|t:|1699939475\n|move|p2a: Rabsca|Revival Blessing|p2a: Rabsca\n|-enditem|p2a: Rabsca|Leppa Berry|[eat]\n|-activate|p2a: Rabsca|item: Leppa Berry|Revival Blessing|[consumed]\n|\n|t:|1699939477\n|-heal|p2: Ribombee|50\/100|[from] move: Revival Blessing\n|move|p1a: i want it that way|Take Heart|p1a: i want it that way\n|-boost|p1a: i want it that way|spa|1\n|-boost|p1a: i want it that way|spd|1\n|\n|-heal|p1a: i want it that way|99\/100|[from] item: Leftovers\n|upkeep\n|turn|16\n|\n|t:|1699939491\n|switch|p2a: Pincurchin|Pincurchin, F|100\/100\n|-activate|p2a: Pincurchin|move: Sticky Web\n|-unboost|p2a: Pincurchin|spe|1\n|-fieldstart|move: Electric Terrain|[from] ability: Electric Surge|[of] p2a: Pincurchin\n|move|p1a: i want it that way|Take Heart|p1a: i want it that way\n|-boost|p1a: i want it that way|spa|1\n|-boost|p1a: i want it that way|spd|1\n|\n|-heal|p1a: i want it that way|100\/100|[from] item: Leftovers\n|upkeep\n|turn|17\n|\n|t:|1699939505\n|move|p1a: i want it that way|Acid Armor|p1a: i want it that way\n|-boost|p1a: i want it that way|def|2\n|move|p2a: Pincurchin|Spikes|p1a: i want it that way\n|-sidestart|p1: scotchbrite3m|Spikes\n|\n|upkeep\n|turn|18\n|\n|t:|1699939518\n|move|p1a: i want it that way|Take Heart|p1a: i want it that way\n|-boost|p1a: i want it that way|spa|1\n|-boost|p1a: i want it that way|spd|1\n|move|p2a: Pincurchin|Memento|p1a: i want it that way\n|-unboost|p1a: i want it that way|atk|2\n|-unboost|p1a: i want it that way|spa|2\n|faint|p2a: Pincurchin\n|\n|-sideend|p1: scotchbrite3m|move: Aurora Veil\n|upkeep\n|\n|t:|1699939522\n|switch|p2a: Ribombee|Ribombee, F|50\/100\n|turn|19\n|\n|t:|1699939530\n|move|p2a: Ribombee|Switcheroo|p1a: i want it that way\n|-activate|p2a: Ribombee|move: Trick|[of] p1a: i want it that way\n|-item|p1a: i want it that way|Heavy-Duty Boots|[from] move: Switcheroo\n|-item|p2a: Ribombee|Leftovers|[from] move: Switcheroo\n|move|p1a: i want it that way|Stored Power|p2a: Ribombee\n|-damage|p2a: Ribombee|0 fnt\n|faint|p2a: Ribombee\n|\n|upkeep\n|\n|t:|1699939539\n|switch|p2a: Iron Leaves|Iron Leaves|100\/100\n|-activate|p2a: Iron Leaves|move: Sticky Web\n|-unboost|p2a: Iron Leaves|spe|1\n|-activate|p2a: Iron Leaves|ability: Quark Drive\n|-start|p2a: Iron Leaves|quarkdriveatk\n|turn|20\n|\n|t:|1699939548\n|switch|p1a: my one desire|Cinderace, M|100\/100\n|-activate|p1a: my one desire|move: Sticky Web\n|-unboost|p1a: my one desire|spe|1\n|-damage|p1a: my one desire|88\/100|[from] Spikes\n|move|p2a: Iron Leaves|Leaf Blade|p1a: my one desire\n|-resisted|p1a: my one desire\n|-damage|p1a: my one desire|32\/100\n|\n|upkeep\n|turn|21\n|\n|t:|1699939559\n|move|p1a: my one desire|Pyro Ball|p2a: Iron Leaves\n|-supereffective|p2a: Iron Leaves\n|-damage|p2a: Iron Leaves|0 fnt\n|faint|p2a: Iron Leaves\n|-end|p2a: Iron Leaves|Quark Drive|[silent]\n|\n|upkeep\n|\n|t:|1699939563\n|switch|p2a: Greninja|Greninja, M|100\/100\n|-activate|p2a: Greninja|move: Sticky Web\n|-unboost|p2a: Greninja|spe|1\n|turn|22\n|\n|t:|1699939569\n|switch|p1a: number five|Samurott-Hisui, M|100\/100\n|-activate|p1a: number five|move: Sticky Web\n|-unboost|p1a: number five|spe|1\n|-damage|p1a: number five|88\/100|[from] Spikes\n|move|p2a: Greninja|Dark Pulse|p1a: number five\n|-start|p2a: Greninja|typechange|Dark|[from] ability: Protean\n|-resisted|p1a: number five\n|-damage|p1a: number five|58\/100\n|\n|upkeep\n|turn|23\n|\n|t:|1699939581\n|move|p2a: Greninja|Dark Pulse|p1a: number five\n|-resisted|p1a: number five\n|-damage|p1a: number five|26\/100\n|move|p1a: number five|Ceaseless Edge|p2a: Greninja\n|-resisted|p2a: Greninja\n|-damage|p2a: Greninja|65\/100\n|-sidestart|p2: Jadenhess|Spikes\n|\n|-fieldend|move: Electric Terrain\n|upkeep\n|turn|24\n|\n|t:|1699939591\n|move|p2a: Greninja|Dark Pulse|p1a: number five\n|-resisted|p1a: number five\n|-damage|p1a: number five|0 fnt\n|faint|p1a: number five\n|\n|upkeep\n|\n|t:|1699939602\n|switch|p1a: believe when i say|Ninetales-Alola, F|35\/100\n|-activate|p1a: believe when i say|move: Sticky Web\n|-unboost|p1a: believe when i say|spe|1\n|-damage|p1a: believe when i say|23\/100|[from] Spikes\n|-weather|Snow|[from] ability: Snow Warning|[of] p1a: believe when i say\n|turn|25\n|\n|t:|1699939609\n|move|p2a: Greninja|Dark Pulse|p1a: believe when i say\n|-resisted|p1a: believe when i say\n|-damage|p1a: believe when i say|4\/100\n|move|p1a: believe when i say|Aurora Veil|p1a: believe when i say\n|-sidestart|p1: scotchbrite3m|move: Aurora Veil\n|\n|-weather|Snow|[upkeep]\n|upkeep\n|turn|26\n|\n|t:|1699939616\n|move|p2a: Greninja|Dark Pulse|p1a: believe when i say\n|-resisted|p1a: believe when i say\n|-damage|p1a: believe when i say|0 fnt\n|faint|p1a: believe when i say\n|\n|-weather|Snow|[upkeep]\n|upkeep\n|\n|t:|1699939622\n|switch|p1a: tell me why|Zamazenta|100\/100\n|-activate|p1a: tell me why|move: Sticky Web\n|-unboost|p1a: tell me why|spe|1\n|-damage|p1a: tell me why|88\/100|[from] Spikes\n|-ability|p1a: tell me why|Dauntless Shield|boost\n|-boost|p1a: tell me why|def|1\n|turn|27\n|\n|t:|1699939632\n|switch|p2a: Rabsca|Rabsca, F|61\/100\n|-activate|p2a: Rabsca|move: Sticky Web\n|-unboost|p2a: Rabsca|spe|1\n|-damage|p2a: Rabsca|49\/100|[from] Spikes\n|move|p1a: tell me why|Substitute|p1a: tell me why\n|-start|p1a: tell me why|Substitute\n|-damage|p1a: tell me why|63\/100\n|\n|-weather|Snow|[upkeep]\n|-heal|p1a: tell me why|69\/100|[from] item: Leftovers\n|upkeep\n|turn|28\n|\n|t:|1699939645\n|-terastallize|p1a: tell me why|Steel\n|move|p1a: tell me why|Crunch|p2a: Rabsca\n|-supereffective|p2a: Rabsca\n|-damage|p2a: Rabsca|12\/100\n|move|p2a: Rabsca|Speed Swap|p1a: tell me why\n|-activate|p2a: Rabsca|move: Speed Swap|[of] p1a: tell me why\n|\n|-weather|Snow|[upkeep]\n|-heal|p1a: tell me why|76\/100|[from] item: Leftovers\n|upkeep\n|turn|29\n|\n|t:|1699939660\n|move|p2a: Rabsca|Revival Blessing|p2a: Rabsca\n|\n|t:|1699939670\n|-heal|p2: Iron Leaves|50\/100|[from] move: Revival Blessing\n|move|p1a: tell me why|Iron Defense|p1a: tell me why\n|-boost|p1a: tell me why|def|2\n|\n|-weather|none\n|-heal|p1a: tell me why|82\/100|[from] item: Leftovers\n|upkeep\n|turn|30\n|\n|t:|1699939683\n|move|p2a: Rabsca|Psychic|p1a: tell me why\n|-resisted|p1a: tell me why\n|-activate|p1a: tell me why|move: Substitute|[damage]\n|move|p1a: tell me why|Iron Defense|p1a: tell me why\n|-boost|p1a: tell me why|def|2\n|\n|-heal|p1a: tell me why|88\/100|[from] item: Leftovers\n|upkeep\n|turn|31\n|\n|t:|1699939694\n|move|p2a: Rabsca|Psychic|p1a: tell me why\n|-resisted|p1a: tell me why\n|-activate|p1a: tell me why|move: Substitute|[damage]\n|move|p1a: tell me why|Iron Defense|p1a: tell me why\n|-boost|p1a: tell me why|def|1\n|\n|-heal|p1a: tell me why|94\/100|[from] item: Leftovers\n|upkeep\n|turn|32\n|\n|t:|1699939703\n|move|p2a: Rabsca|Bug Buzz|p1a: tell me why\n|-resisted|p1a: tell me why\n|-damage|p1a: tell me why|87\/100\n|move|p1a: tell me why|Body Press|p2a: Rabsca\n|-resisted|p2a: Rabsca\n|-damage|p2a: Rabsca|0 fnt\n|faint|p2a: Rabsca\n|\n|-heal|p1a: tell me why|94\/100|[from] item: Leftovers\n|-sideend|p1: scotchbrite3m|move: Aurora Veil\n|upkeep\n|\n|t:|1699939723\n|switch|p2a: Pawmot|Pawmot, M|64\/100\n|-activate|p2a: Pawmot|move: Sticky Web\n|-unboost|p2a: Pawmot|spe|1\n|-damage|p2a: Pawmot|51\/100|[from] Spikes\n|turn|33\n|\n|t:|1699939731\n|move|p2a: Pawmot|Close Combat|p1a: tell me why\n|-supereffective|p1a: tell me why\n|-end|p1a: tell me why|Substitute\n|-unboost|p2a: Pawmot|def|1\n|-unboost|p2a: Pawmot|spd|1\n|move|p1a: tell me why|Body Press|p2a: Pawmot\n|-damage|p2a: Pawmot|0 fnt\n|faint|p2a: Pawmot\n|\n|-heal|p1a: tell me why|99\/100|[from] item: Leftovers\n|upkeep\n|\n|t:|1699939752\n|switch|p2a: Iron Leaves|Iron Leaves|50\/100\n|-activate|p2a: Iron Leaves|move: Sticky Web\n|-unboost|p2a: Iron Leaves|spe|1\n|-damage|p2a: Iron Leaves|38\/100|[from] Spikes\n|turn|34\n|\n|t:|1699939759\n|move|p2a: Iron Leaves|Close Combat|p1a: tell me why\n|-supereffective|p1a: tell me why\n|-damage|p1a: tell me why|73\/100\n|-unboost|p2a: Iron Leaves|def|1\n|-unboost|p2a: Iron Leaves|spd|1\n|move|p1a: tell me why|Body Press|p2a: Iron Leaves\n|-resisted|p2a: Iron Leaves\n|-damage|p2a: Iron Leaves|0 fnt\n|faint|p2a: Iron Leaves\n|-end|p2a: Iron Leaves|Quark Drive|[silent]\n|\n|-heal|p1a: tell me why|79\/100|[from] item: Leftovers\n|upkeep\n|\n|t:|1699939762\n|switch|p2a: Greninja|Greninja, M|65\/100\n|-activate|p2a: Greninja|move: Sticky Web\n|-unboost|p2a: Greninja|spe|1\n|-damage|p2a: Greninja|52\/100|[from] Spikes\n|turn|35\n|\n|t:|1699939775\n|move|p2a: Greninja|Dark Pulse|p1a: tell me why\n|-start|p2a: Greninja|typechange|Dark|[from] ability: Protean\n|-damage|p1a: tell me why|52\/100\n|move|p1a: tell me why|Body Press|p2a: Greninja\n|-supereffective|p2a: Greninja\n|-damage|p2a: Greninja|0 fnt\n|faint|p2a: Greninja\n|\n|win|scotchbrite3m\n|raw|scotchbrite3m's rating: 1399 &rarr; <strong>1418<\/strong><br \/>(+19 for winning)\n|raw|Jadenhess's rating: 1386 &rarr; <strong>1367<\/strong><br \/>(-19 for losing)\n|c|\u2606scotchbrite3m|gg\n|l|\u2606Jadenhess\n","uploadtime":1699939786,"views":14,"p1id":"scotchbrite3m","p2id":"jadenhess","formatid":"gen9ou","rating":1367,"private":0,"password":""}