{"id":"gen9ou-1992363515","p1":"swellow is stronk","p2":"Drafeon","format":"[Gen 9] OU","log":"|j|\u2606swellow is stronk\n|j|\u2606Drafeon\n|t:|1700178982\n|gametype|singles\n|player|p1|swellow is stronk|265|1706\n|player|p2|Drafeon|elesa|1750\n|teamsize|p1|6\n|teamsize|p2|6\n|gen|9\n|tier|[Gen 9] OU\n|rated|\n|rule|Sleep Clause Mod: Limit one foe put to sleep\n|rule|Species Clause: Limit one of each Pok\u00e9mon\n|rule|OHKO Clause: OHKO moves are banned\n|rule|Evasion Items Clause: Evasion items are banned\n|rule|Evasion Moves Clause: Evasion moves are banned\n|rule|Endless Battle Clause: Forcing endless battles is banned\n|rule|HP Percentage Mod: HP is shown in percentages\n|clearpoke\n|poke|p1|Sinistcha-Masterpiece|\n|poke|p1|Blissey, F|\n|poke|p1|Clodsire, M|\n|poke|p1|Dondozo, F|\n|poke|p1|Alomomola, M|\n|poke|p1|Clefable, F|\n|poke|p2|Iron Hands|\n|poke|p2|Greninja-*, F|\n|poke|p2|Landorus-Therian, M|\n|poke|p2|Kingambit, F|\n|poke|p2|Weezing-Galar, M|\n|poke|p2|Hatterene, F|\n|teampreview\n|inactive|Battle timer is ON: inactive players will automatically lose when time's up. (requested by Drafeon)\n|\n|t:|1700178997\n|start\n|switch|p1a: Clefable|Clefable, F|100\/100\n|switch|p2a: Kingambit|Kingambit, F|100\/100\n|-item|p2a: Kingambit|Air Balloon\n|turn|1\n|\n|t:|1700179003\n|move|p2a: Kingambit|Iron Head|p1a: Clefable\n|-supereffective|p1a: Clefable\n|-damage|p1a: Clefable|33\/100\n|move|p1a: Clefable|Knock Off|p2a: Kingambit\n|-resisted|p2a: Kingambit\n|-damage|p2a: Kingambit|94\/100\n|-enditem|p2a: Kingambit|Air Balloon\n|\n|-heal|p1a: Clefable|40\/100|[from] item: Leftovers\n|upkeep\n|turn|2\n|\n|t:|1700179007\n|move|p1a: Clefable|Protect|p1a: Clefable\n|-singleturn|p1a: Clefable|Protect\n|move|p2a: Kingambit|Kowtow Cleave|p1a: Clefable\n|-activate|p1a: Clefable|move: Protect\n|\n|-heal|p1a: Clefable|46\/100|[from] item: Leftovers\n|upkeep\n|turn|3\n|\n|t:|1700179009\n|switch|p1a: Alomomola|Alomomola, M, shiny|100\/100\n|move|p2a: Kingambit|Iron Head|p1a: Alomomola\n|-resisted|p1a: Alomomola\n|-damage|p1a: Alomomola|86\/100\n|\n|upkeep\n|turn|4\n|\n|t:|1700179017\n|move|p2a: Kingambit|Swords Dance|p2a: Kingambit\n|-boost|p2a: Kingambit|atk|2\n|move|p1a: Alomomola|Flip Turn|p2a: Kingambit\n|-damage|p2a: Kingambit|81\/100\n|\n|t:|1700179024\n|switch|p1a: Dondozo|Dondozo, F|100\/100|[from] Flip Turn\n|\n|upkeep\n|turn|5\n|\n|t:|1700179026\n|-end|p2a: Kingambit|fallenundefined|[silent]\n|switch|p2a: Hatterene|Hatterene, F|100\/100\n|move|p1a: Dondozo|Body Press|p2a: Hatterene\n|-resisted|p2a: Hatterene\n|-damage|p2a: Hatterene|93\/100\n|\n|upkeep\n|turn|6\n|\n|t:|1700179030\n|switch|p1a: Clodsire|Clodsire, M|100\/100\n|move|p2a: Hatterene|Trick Room|p2a: Hatterene\n|-fieldstart|move: Trick Room|[of] p2a: Hatterene\n|\n|upkeep\n|turn|7\n|\n|t:|1700179033\n|move|p1a: Clodsire|Poison Jab|p2a: Hatterene\n|-supereffective|p2a: Hatterene\n|-damage|p2a: Hatterene|48\/100\n|move|p2a: Hatterene|Psyshock|p1a: Clodsire\n|-supereffective|p1a: Clodsire\n|-damage|p1a: Clodsire|0 fnt\n|faint|p1a: Clodsire\n|-damage|p2a: Hatterene|38\/100|[from] item: Life Orb\n|\n|upkeep\n|\n|t:|1700179041\n|switch|p1a: Sinistcha|Sinistcha-Masterpiece|100\/100\n|turn|8\n|\n|t:|1700179053\n|move|p2a: Hatterene|Draining Kiss|p1a: Sinistcha\n|-damage|p1a: Sinistcha|50\/100\n|-heal|p2a: Hatterene|77\/100|[from] drain|[of] p1a: Sinistcha\n|-damage|p2a: Hatterene|67\/100|[from] item: Life Orb\n|move|p1a: Sinistcha|Shadow Ball|p2a: Hatterene\n|-supereffective|p2a: Hatterene\n|-damage|p2a: Hatterene|0 fnt\n|faint|p2a: Hatterene\n|\n|upkeep\n|j| ddytyttycvcvhjhjh\n|\n|t:|1700179072\n|switch|p2a: Iron Hands|Iron Hands|100\/100\n|-enditem|p2a: Iron Hands|Booster Energy\n|-activate|p2a: Iron Hands|ability: Quark Drive|[fromitem]\n|-start|p2a: Iron Hands|quarkdriveatk\n|turn|9\n|\n|t:|1700179081\n|switch|p1a: Alomomola|Alomomola, M, shiny|100\/100\n|move|p2a: Iron Hands|Ice Punch|p1a: Alomomola\n|-resisted|p1a: Alomomola\n|-damage|p1a: Alomomola|89\/100\n|\n|upkeep\n|turn|10\n|\n|t:|1700179086\n|move|p1a: Alomomola|Flip Turn|p2a: Iron Hands\n|-damage|p2a: Iron Hands|90\/100\n|\n|t:|1700179089\n|switch|p1a: Sinistcha|Sinistcha-Masterpiece|50\/100|[from] Flip Turn\n|move|p2a: Iron Hands|Thunder Punch|p1a: Sinistcha\n|-resisted|p1a: Sinistcha\n|-crit|p1a: Sinistcha\n|-damage|p1a: Sinistcha|17\/100\n|\n|-fieldend|move: Trick Room\n|upkeep\n|turn|11\n|\n|t:|1700179094\n|move|p1a: Sinistcha|Strength Sap|p2a: Iron Hands\n|-unboost|p2a: Iron Hands|atk|1\n|-heal|p1a: Sinistcha|100\/100\n|move|p2a: Iron Hands|Thunder Punch|p1a: Sinistcha\n|-resisted|p1a: Sinistcha\n|-damage|p1a: Sinistcha|87\/100\n|\n|upkeep\n|turn|12\n|\n|t:|1700179099\n|move|p1a: Sinistcha|Matcha Gotcha|p2a: Iron Hands\n|-damage|p2a: Iron Hands|60\/100\n|-heal|p1a: Sinistcha|100\/100|[from] drain|[of] p2a: Iron Hands\n|move|p2a: Iron Hands|Swords Dance|p2a: Iron Hands\n|-boost|p2a: Iron Hands|atk|2\n|\n|upkeep\n|turn|13\n|\n|t:|1700179105\n|move|p1a: Sinistcha|Matcha Gotcha|p2a: Iron Hands\n|-crit|p2a: Iron Hands\n|-damage|p2a: Iron Hands|19\/100\n|move|p2a: Iron Hands|Swords Dance|p2a: Iron Hands\n|-boost|p2a: Iron Hands|atk|2\n|\n|upkeep\n|turn|14\n|\n|t:|1700179110\n|move|p1a: Sinistcha|Shadow Ball|p2a: Iron Hands\n|-crit|p2a: Iron Hands\n|-damage|p2a: Iron Hands|0 fnt\n|faint|p2a: Iron Hands\n|-end|p2a: Iron Hands|Quark Drive|[silent]\n|\n|upkeep\n|-message|Drafeon forfeited.\n|\n|win|swellow is stronk\n|raw|swellow is stronk's rating: 1706 &rarr; <strong>1729<\/strong><br \/>(+23 for winning)\n|raw|Drafeon's rating: 1750 &rarr; <strong>1727<\/strong><br \/>(-23 for losing)\n|l|\u2606Drafeon\n|l|\u2606swellow is stronk\n","uploadtime":1700179122,"views":8,"p1id":"swellowisstronk","p2id":"drafeon","formatid":"gen9ou","rating":1727,"private":0,"password":""}