{"id":"gen9ou-1988992609","p1":"Pressure is Cool","p2":"SatyrTGM","format":"[Gen 9] OU","log":"|j|\u2606Pressure is Cool\n|j|\u2606SatyrTGM\n|t:|1699799516\n|gametype|singles\n|player|p1|Pressure is Cool|pokemonbreeder-gen4|1345\n|player|p2|SatyrTGM|266|1224\n|teamsize|p1|6\n|teamsize|p2|6\n|gen|9\n|tier|[Gen 9] OU\n|rated|\n|rule|Sleep Clause Mod: Limit one foe put to sleep\n|rule|Species Clause: Limit one of each Pok\u00e9mon\n|rule|OHKO Clause: OHKO moves are banned\n|rule|Evasion Items Clause: Evasion items are banned\n|rule|Evasion Moves Clause: Evasion moves are banned\n|rule|Endless Battle Clause: Forcing endless battles is banned\n|rule|HP Percentage Mod: HP is shown in percentages\n|clearpoke\n|poke|p1|Maushold|\n|poke|p1|Gengar, F|\n|poke|p1|Dragapult, M|\n|poke|p1|Kingambit, F|\n|poke|p1|Walking Wake|\n|poke|p1|Cinderace, M|\n|poke|p2|Iron Moth|\n|poke|p2|Kommo-o, M|\n|poke|p2|Ninetales-Alola, F|\n|poke|p2|Hatterene, F|\n|poke|p2|Kingambit, M|\n|poke|p2|Great Tusk|\n|teampreview\n|inactive|Battle timer is ON: inactive players will automatically lose when time's up. (requested by Pressure is Cool)\n|\n|t:|1699799525\n|start\n|switch|p1a: Gengar|Gengar, F|100\/100\n|switch|p2a: Ninetales|Ninetales-Alola, F|100\/100\n|-weather|Snow|[from] ability: Snow Warning|[of] p2a: Ninetales\n|turn|1\n|\n|t:|1699799531\n|move|p1a: Gengar|Sludge Bomb|p2a: Ninetales\n|-supereffective|p2a: Ninetales\n|-damage|p2a: Ninetales|0 fnt\n|faint|p2a: Ninetales\n|\n|-weather|Snow|[upkeep]\n|upkeep\n|\n|t:|1699799537\n|switch|p2a: Kingambit|Kingambit, M|100\/100\n|-activate|p2a: Kingambit|ability: Supreme Overlord\n|-start|p2a: Kingambit|fallen1|[silent]\n|turn|2\n|\n|t:|1699799551\n|switch|p1a: Kingambit|Kingambit, F|100\/100\n|move|p2a: Kingambit|Swords Dance|p2a: Kingambit\n|-boost|p2a: Kingambit|atk|2\n|\n|-weather|Snow|[upkeep]\n|upkeep\n|turn|3\n|\n|t:|1699799558\n|move|p2a: Kingambit|Low Kick|p1a: Kingambit\n|-supereffective|p1a: Kingambit\n|-damage|p1a: Kingambit|0 fnt\n|faint|p1a: Kingambit\n|-end|p1a: Kingambit|fallenundefined|[silent]\n|\n|-weather|Snow|[upkeep]\n|upkeep\n|\n|t:|1699799561\n|switch|p1a: Cinderace|Cinderace, M|100\/100\n|turn|4\n|\n|t:|1699799568\n|-end|p2a: Kingambit|fallen1|[silent]\n|switch|p2a: Iron Moth|Iron Moth|100\/100\n|-enditem|p2a: Iron Moth|Booster Energy\n|-activate|p2a: Iron Moth|ability: Quark Drive|[fromitem]\n|-start|p2a: Iron Moth|quarkdrivespe\n|move|p1a: Cinderace|Will-O-Wisp|p2a: Iron Moth|[miss]\n|-miss|p1a: Cinderace|p2a: Iron Moth\n|\n|-weather|Snow|[upkeep]\n|upkeep\n|turn|5\n|\n|t:|1699799578\n|move|p2a: Iron Moth|Sludge Wave|p1a: Cinderace\n|-damage|p1a: Cinderace|43\/100\n|move|p1a: Cinderace|U-turn|p2a: Iron Moth\n|-resisted|p2a: Iron Moth\n|-damage|p2a: Iron Moth|94\/100\n|\n|t:|1699799581\n|switch|p1a: Walking Wake|Walking Wake|100\/100|[from] U-turn\n|\n|-weather|none\n|upkeep\n|turn|6\n|\n|t:|1699799593\n|-end|p2a: Iron Moth|Quark Drive|[silent]\n|switch|p2a: Hatterene|Hatterene, F|100\/100\n|move|p1a: Walking Wake|Flip Turn|p2a: Hatterene\n|-damage|p2a: Hatterene|83\/100\n|-enditem|p2a: Hatterene|Kee Berry|[eat]\n|-boost|p2a: Hatterene|def|1|[from] item: Kee Berry\n|\n|t:|1699799606\n|-end|p1a: Walking Wake|Protosynthesis|[silent]\n|switch|p1a: Gengar|Gengar, F|100\/100|[from] Flip Turn\n|\n|upkeep\n|turn|7\n|\n|t:|1699799614\n|switch|p2a: Iron Moth|Iron Moth|94\/100\n|move|p1a: Gengar|Trick|p2a: Iron Moth\n|-activate|p1a: Gengar|move: Trick|[of] p2a: Iron Moth\n|-item|p2a: Iron Moth|Choice Specs|[from] move: Trick\n|-enditem|p1a: Gengar|Choice Specs|[silent]|[from] move: Trick\n|\n|upkeep\n|turn|8\n|\n|t:|1699799642\n|move|p1a: Gengar|Shadow Ball|p2a: Iron Moth\n|-damage|p2a: Iron Moth|46\/100\n|move|p2a: Iron Moth|Sludge Wave|p1a: Gengar\n|-resisted|p1a: Gengar\n|-damage|p1a: Gengar|69\/100\n|-start|p2a: Iron Moth|Disable|Sludge Wave|[from] ability: Cursed Body|[of] p1a: Gengar\n|\n|upkeep\n|turn|9\n|\n|t:|1699799654\n|-end|p2a: Iron Moth|Quark Drive|[silent]\n|switch|p2a: Kingambit|Kingambit, M|100\/100\n|-activate|p2a: Kingambit|ability: Supreme Overlord\n|-start|p2a: Kingambit|fallen1|[silent]\n|move|p1a: Gengar|Trick|p2a: Kingambit\n|-activate|p1a: Gengar|move: Trick|[of] p2a: Kingambit\n|-enditem|p2a: Kingambit|Leftovers|[silent]|[from] move: Trick\n|-item|p1a: Gengar|Leftovers|[from] move: Trick\n|\n|-heal|p1a: Gengar|75\/100|[from] item: Leftovers\n|upkeep\n|turn|10\n|inactive|SatyrTGM has 120 seconds left.\n|\n|t:|1699799670\n|switch|p1a: Cinderace|Cinderace, M|43\/100\n|move|p2a: Kingambit|Sucker Punch||[still]\n|-fail|p2a: Kingambit\n|\n|upkeep\n|turn|11\n|\n|t:|1699799677\n|-end|p2a: Kingambit|fallen1|[silent]\n|switch|p2a: Hatterene|Hatterene, F|83\/100\n|move|p1a: Cinderace|U-turn|p2a: Hatterene\n|-damage|p2a: Hatterene|62\/100\n|\n|t:|1699799686\n|switch|p1a: Gengar|Gengar, F|75\/100|[from] U-turn\n|\n|-heal|p1a: Gengar|81\/100|[from] item: Leftovers\n|upkeep\n|turn|12\n|\n|t:|1699799692\n|switch|p1a: Cinderace|Cinderace, M|43\/100\n|switch|p2a: Great Tusk|Great Tusk|100\/100\n|-enditem|p2a: Great Tusk|Booster Energy\n|-activate|p2a: Great Tusk|ability: Protosynthesis|[fromitem]\n|-start|p2a: Great Tusk|protosynthesisatk\n|\n|upkeep\n|turn|13\n|\n|t:|1699799705\n|move|p1a: Cinderace|U-turn|p2a: Great Tusk\n|-resisted|p2a: Great Tusk\n|-damage|p2a: Great Tusk|93\/100\n|\n|t:|1699799707\n|switch|p1a: Walking Wake|Walking Wake|100\/100|[from] U-turn\n|move|p2a: Great Tusk|Rapid Spin|p1a: Walking Wake\n|-damage|p1a: Walking Wake|76\/100\n|-boost|p2a: Great Tusk|spe|1\n|\n|upkeep\n|turn|14\n|\n|t:|1699799717\n|move|p2a: Great Tusk|Ice Spinner|p1a: Walking Wake\n|-damage|p1a: Walking Wake|39\/100\n|move|p1a: Walking Wake|Scald|p2a: Great Tusk\n|-supereffective|p2a: Great Tusk\n|-damage|p2a: Great Tusk|0 fnt\n|faint|p2a: Great Tusk\n|-end|p2a: Great Tusk|Protosynthesis|[silent]\n|\n|upkeep\n|\n|t:|1699799730\n|switch|p2a: Hatterene|Hatterene, F|62\/100\n|turn|15\n|\n|t:|1699799741\n|move|p1a: Walking Wake|Flip Turn|p2a: Hatterene\n|-crit|p2a: Hatterene\n|-damage|p2a: Hatterene|34\/100\n|\n|t:|1699799743\n|-end|p1a: Walking Wake|Protosynthesis|[silent]\n|switch|p1a: Dragapult|Dragapult, M|100\/100|[from] Flip Turn\n|move|p2a: Hatterene|Agility|p2a: Hatterene\n|-boost|p2a: Hatterene|spe|2\n|\n|upkeep\n|turn|16\n|\n|t:|1699799751\n|move|p1a: Dragapult|Dragon Dance|p1a: Dragapult\n|-boost|p1a: Dragapult|atk|1\n|-boost|p1a: Dragapult|spe|1\n|move|p2a: Hatterene|Draining Kiss|p1a: Dragapult\n|-supereffective|p1a: Dragapult\n|-damage|p1a: Dragapult|38\/100\n|-heal|p2a: Hatterene|81\/100|[from] drain|[of] p1a: Dragapult\n|\n|upkeep\n|turn|17\n|\n|t:|1699799764\n|move|p1a: Dragapult|Phantom Force||[still]\n|-prepare|p1a: Dragapult|Phantom Force\n|move|p2a: Hatterene|Draining Kiss|p1a: Dragapult|[miss]\n|-miss|p2a: Hatterene|p1a: Dragapult\n|\n|upkeep\n|turn|18\n|\n|t:|1699799769\n|switch|p2a: Kingambit|Kingambit, M|100\/100\n|-activate|p2a: Kingambit|ability: Supreme Overlord\n|-start|p2a: Kingambit|fallen2|[silent]\n|move|p1a: Dragapult|Phantom Force|p2a: Kingambit|[from]lockedmove\n|-resisted|p2a: Kingambit\n|-damage|p2a: Kingambit|73\/100\n|\n|upkeep\n|turn|19\n|\n|t:|1699799783\n|move|p2a: Kingambit|Sucker Punch||[still]\n|-fail|p2a: Kingambit\n|move|p1a: Dragapult|Dragon Dance|p1a: Dragapult\n|-boost|p1a: Dragapult|atk|1\n|-boost|p1a: Dragapult|spe|1\n|\n|upkeep\n|turn|20\n|\n|t:|1699799790\n|-terastallize|p1a: Dragapult|Fighting\n|move|p1a: Dragapult|Tera Blast|p2a: Kingambit|[anim] Tera Blast Fighting\n|-supereffective|p2a: Kingambit\n|-damage|p2a: Kingambit|0 fnt\n|faint|p2a: Kingambit\n|-end|p2a: Kingambit|fallen2|[silent]\n|\n|upkeep\n|\n|t:|1699799796\n|switch|p2a: Iron Moth|Iron Moth|46\/100\n|turn|21\n|\n|t:|1699799801\n|move|p1a: Dragapult|Phantom Force||[still]\n|-prepare|p1a: Dragapult|Phantom Force\n|move|p2a: Iron Moth|Dazzling Gleam|p1a: Dragapult|[miss]\n|-miss|p2a: Iron Moth|p1a: Dragapult\n|\n|upkeep\n|turn|22\n|-message|SatyrTGM forfeited.\n|\n|win|Pressure is Cool\n|raw|Pressure is Cool's rating: 1345 &rarr; <strong>1358<\/strong><br \/>(+13 for winning)\n|raw|SatyrTGM's rating: 1224 &rarr; <strong>1207<\/strong><br \/>(-17 for losing)\n|l|\u2606SatyrTGM\n","uploadtime":1699799833,"views":9,"p1id":"pressureiscool","p2id":"satyrtgm","formatid":"gen9ou","rating":1207,"private":0,"password":""}