{"id":"gen9ou-1997835864","p1":"ShaggySniper","p2":"beegernerd","format":"[Gen 9] OU","log":"|j|\u2606ShaggySniper\n|j|\u2606beegernerd\n|t:|1700857946\n|gametype|singles\n|player|p1|ShaggySniper|169|1179\n|player|p2|beegernerd|steven|1100\n|teamsize|p1|6\n|teamsize|p2|6\n|gen|9\n|tier|[Gen 9] OU\n|rated|\n|rule|Sleep Clause Mod: Limit one foe put to sleep\n|rule|Species Clause: Limit one of each Pok\u00e9mon\n|rule|OHKO Clause: OHKO moves are banned\n|rule|Evasion Items Clause: Evasion items are banned\n|rule|Evasion Moves Clause: Evasion moves are banned\n|rule|Endless Battle Clause: Forcing endless battles is banned\n|rule|HP Percentage Mod: HP is shown in percentages\n|clearpoke\n|poke|p1|Typhlosion, F|\n|poke|p1|Slowking, F|\n|poke|p1|Tyranitar, M|\n|poke|p1|Sunflora, F|\n|poke|p1|Forretress, F|\n|poke|p1|Piloswine, F|\n|poke|p2|Landorus-Therian, M|\n|poke|p2|Gholdengo|\n|poke|p2|Cinderace, M|\n|poke|p2|Ogerpon-Wellspring, F|\n|poke|p2|Iron Valiant|\n|poke|p2|Glimmora, F|\n|teampreview\n|inactive|Battle timer is ON: inactive players will automatically lose when time's up. (requested by ShaggySniper)\n|\n|t:|1700857962\n|start\n|switch|p1a: Slowking|Slowking, F|100\/100\n|switch|p2a: kodiak glimmora|Glimmora, F|100\/100\n|turn|1\n|\n|t:|1700857969\n|move|p2a: kodiak glimmora|Energy Ball|p1a: Slowking\n|-supereffective|p1a: Slowking\n|-damage|p1a: Slowking|44\/100\n|move|p1a: Slowking|Trick Room|p1a: Slowking\n|-fieldstart|move: Trick Room|[of] p1a: Slowking\n|\n|upkeep\n|turn|2\n|\n|t:|1700857977\n|-terastallize|p2a: kodiak glimmora|Grass\n|move|p1a: Slowking|Chilly Reception|p1a: Slowking\n|-weather|Snow\n|\n|t:|1700857991\n|switch|p1a: Sunflora|Sunflora, F|100\/100|[from] Chilly Reception\n|move|p2a: kodiak glimmora|Energy Ball|p1a: Sunflora\n|-resisted|p1a: Sunflora\n|-damage|p1a: Sunflora|62\/100\n|\n|-weather|Snow|[upkeep]\n|upkeep\n|turn|3\n|\n|t:|1700858006\n|move|p1a: Sunflora|Sludge Bomb|p2a: kodiak glimmora\n|-supereffective|p2a: kodiak glimmora\n|-damage|p2a: kodiak glimmora|0 fnt\n|faint|p2a: kodiak glimmora\n|\n|-weather|Snow|[upkeep]\n|upkeep\n|\n|t:|1700858010\n|switch|p2a: i hate this mf|Gholdengo|100\/100\n|-item|p2a: i hate this mf|Air Balloon\n|turn|4\n|\n|t:|1700858021\n|switch|p1a: Tyranitar|Tyranitar, M|100\/100\n|-weather|Sandstorm|[from] ability: Sand Stream|[of] p1a: Tyranitar\n|move|p2a: i hate this mf|Shadow Ball|p1a: Tyranitar\n|-resisted|p1a: Tyranitar\n|-damage|p1a: Tyranitar|86\/100\n|\n|-weather|Sandstorm|[upkeep]\n|upkeep\n|turn|5\n|\n|t:|1700858032\n|move|p1a: Tyranitar|Knock Off|p2a: i hate this mf\n|-supereffective|p2a: i hate this mf\n|-damage|p2a: i hate this mf|0 fnt\n|-enditem|p2a: i hate this mf|Air Balloon\n|faint|p2a: i hate this mf\n|\n|-weather|Sandstorm|[upkeep]\n|-fieldend|move: Trick Room\n|upkeep\n|\n|t:|1700858039\n|switch|p2a: bonk|Cinderace, M|100\/100\n|turn|6\n|c|\u2606ShaggySniper|Why u use it then? Lol\n|n|!beegernerd|beegernerd\n|\n|t:|1700858064\n|-terastallize|p1a: Tyranitar|Flying\n|move|p2a: bonk|High Jump Kick|p1a: Tyranitar\n|-start|p2a: bonk|typechange|Fighting|[from] ability: Libero\n|-resisted|p1a: Tyranitar\n|-damage|p1a: Tyranitar|57\/100\n|move|p1a: Tyranitar|Tera Blast|p2a: bonk|[anim] Tera Blast Flying\n|-supereffective|p2a: bonk\n|-damage|p2a: bonk|0 fnt\n|faint|p2a: bonk\n|\n|-weather|Sandstorm|[upkeep]\n|-damage|p1a: Tyranitar|51\/100|[from] Sandstorm\n|upkeep\n|-message|beegernerd forfeited.\n|\n|win|ShaggySniper\n|raw|ShaggySniper's rating: 1179 &rarr; <strong>1198<\/strong><br \/>(+19 for winning)\n|raw|beegernerd's rating: 1100 &rarr; <strong>1081<\/strong><br \/>(-19 for losing)\n|l|!beegernerd\n","uploadtime":1700858052,"views":3,"p1id":"shaggysniper","p2id":"beegernerd","formatid":"gen9ou","rating":1081,"private":0,"password":""}