{"id":"gen9ou-1997865748","p1":"SerenasCousin","p2":"soy bebe","format":"[Gen 9] OU","log":"|j|\u2606SerenasCousin\n|j|\u2606soy bebe\n|t:|1700861343\n|gametype|singles\n|player|p1|SerenasCousin|1|1479\n|player|p2|soy bebe|winona-gen3|1506\n|teamsize|p1|6\n|teamsize|p2|6\n|gen|9\n|tier|[Gen 9] OU\n|rated|\n|rule|Sleep Clause Mod: Limit one foe put to sleep\n|rule|Species Clause: Limit one of each Pok\u00e9mon\n|rule|OHKO Clause: OHKO moves are banned\n|rule|Evasion Items Clause: Evasion items are banned\n|rule|Evasion Moves Clause: Evasion moves are banned\n|rule|Endless Battle Clause: Forcing endless battles is banned\n|rule|HP Percentage Mod: HP is shown in percentages\n|clearpoke\n|poke|p1|Garganacl, F|\n|poke|p1|Rillaboom, M|\n|poke|p1|Hawlucha, M|\n|poke|p1|Ninetales-Alola, F|\n|poke|p1|Cinderace, F|\n|poke|p1|Greninja-*, M|\n|poke|p2|Politoed, M|\n|poke|p2|Zapdos|\n|poke|p2|Iron Treads|\n|poke|p2|Basculegion-F, F|\n|poke|p2|Quaquaval, M|\n|poke|p2|Meowscarada, F|\n|teampreview\n|\n|t:|1700861393\n|start\n|switch|p1a: Garganacci|Garganacl, F|100\/100\n|switch|p2a: Silly Cayt|Meowscarada, F, shiny|100\/100\n|turn|1\n|\n|t:|1700861406\n|switch|p1a: Rillaboom|Rillaboom, M|100\/100\n|-fieldstart|move: Grassy Terrain|[from] ability: Grassy Surge|[of] p1a: Rillaboom\n|move|p2a: Silly Cayt|Knock Off|p1a: Rillaboom\n|-start|p2a: Silly Cayt|typechange|Dark|[from] ability: Protean\n|-damage|p1a: Rillaboom|60\/100\n|-enditem|p1a: Rillaboom|Choice Band|[from] move: Knock Off|[of] p2a: Silly Cayt\n|\n|-heal|p1a: Rillaboom|67\/100|[from] Grassy Terrain\n|upkeep\n|turn|2\n|inactive|Battle timer is ON: inactive players will automatically lose when time's up. (requested by soy bebe)\n|\n|t:|1700861416\n|switch|p2a: Tempo|Zapdos, shiny|100\/100\n|move|p1a: Rillaboom|U-turn|p2a: Tempo\n|-resisted|p2a: Tempo\n|-damage|p2a: Tempo|88\/100\n|\n|t:|1700861420\n|switch|p1a: Ninetales|Ninetales-Alola, F|100\/100|[from] U-turn\n|-weather|Snow|[from] ability: Snow Warning|[of] p1a: Ninetales\n|\n|-weather|Snow|[upkeep]\n|upkeep\n|turn|3\n|\n|t:|1700861427\n|switch|p1a: Garganacci|Garganacl, F|100\/100\n|move|p2a: Tempo|Volt Switch|p1a: Garganacci\n|-damage|p1a: Garganacci|76\/100\n|\n|t:|1700861433\n|switch|p2a: PoliSwirl~|Politoed, M, shiny|100\/100|[from] Volt Switch\n|-weather|RainDance|[from] ability: Drizzle|[of] p2a: PoliSwirl~\n|\n|-weather|RainDance|[upkeep]\n|-heal|p1a: Garganacci|82\/100|[from] Grassy Terrain\n|-heal|p1a: Garganacci|88\/100|[from] item: Leftovers\n|upkeep\n|turn|4\n|\n|t:|1700861458\n|-terastallize|p1a: Garganacci|Electric\n|move|p2a: PoliSwirl~|Surf|p1a: Garganacci\n|-damage|p1a: Garganacci|40\/100\n|move|p1a: Garganacci|Salt Cure|p2a: PoliSwirl~\n|-damage|p2a: PoliSwirl~|84\/100\n|-start|p2a: PoliSwirl~|Salt Cure\n|\n|-weather|RainDance|[upkeep]\n|-heal|p2a: PoliSwirl~|90\/100|[from] Grassy Terrain\n|-heal|p1a: Garganacci|46\/100|[from] Grassy Terrain\n|-heal|p1a: Garganacci|52\/100|[from] item: Leftovers\n|-damage|p2a: PoliSwirl~|65\/100|[from] Salt Cure\n|upkeep\n|turn|5\n|\n|t:|1700861470\n|move|p1a: Garganacci|Protect|p1a: Garganacci\n|-singleturn|p1a: Garganacci|Protect\n|move|p2a: PoliSwirl~|Earth Power|p1a: Garganacci\n|-activate|p1a: Garganacci|move: Protect\n|\n|-weather|RainDance|[upkeep]\n|-heal|p2a: PoliSwirl~|71\/100|[from] Grassy Terrain\n|-heal|p1a: Garganacci|58\/100|[from] Grassy Terrain\n|-heal|p1a: Garganacci|65\/100|[from] item: Leftovers\n|-damage|p2a: PoliSwirl~|46\/100|[from] Salt Cure\n|-fieldend|move: Grassy Terrain\n|upkeep\n|turn|6\n|\n|t:|1700861485\n|switch|p2a: Golden Girl|Basculegion-F, F, shiny|100\/100\n|switch|p1a: Rillaboom|Rillaboom, M|67\/100\n|-fieldstart|move: Grassy Terrain|[from] ability: Grassy Surge|[of] p1a: Rillaboom\n|\n|-weather|RainDance|[upkeep]\n|-heal|p1a: Rillaboom|73\/100|[from] Grassy Terrain\n|upkeep\n|turn|7\n|\n|t:|1700861496\n|switch|p2a: Tempo|Zapdos, shiny|88\/100\n|switch|p1a: Ninetales|Ninetales-Alola, F|100\/100\n|-weather|Snow|[from] ability: Snow Warning|[of] p1a: Ninetales\n|\n|-weather|Snow|[upkeep]\n|upkeep\n|turn|8\n|\n|t:|1700861509\n|switch|p2a: PoliSwirl~|Politoed, M, shiny|46\/100\n|-weather|RainDance|[from] ability: Drizzle|[of] p2a: PoliSwirl~\n|move|p1a: Ninetales|Blizzard|p2a: PoliSwirl~|[miss]\n|-miss|p1a: Ninetales|p2a: PoliSwirl~\n|\n|-weather|RainDance|[upkeep]\n|-heal|p2a: PoliSwirl~|52\/100|[from] Grassy Terrain\n|upkeep\n|turn|9\n|\n|t:|1700861519\n|switch|p1a: Rillaboom|Rillaboom, M|73\/100\n|switch|p2a: Golden Girl|Basculegion-F, F, shiny|100\/100\n|\n|-weather|RainDance|[upkeep]\n|-heal|p1a: Rillaboom|79\/100|[from] Grassy Terrain\n|upkeep\n|turn|10\n|\n|t:|1700861529\n|switch|p1a: Ninetales|Ninetales-Alola, F|100\/100\n|-weather|Snow|[from] ability: Snow Warning|[of] p1a: Ninetales\n|move|p2a: Golden Girl|Ice Beam|p1a: Ninetales\n|-resisted|p1a: Ninetales\n|-damage|p1a: Ninetales|80\/100\n|\n|-weather|Snow|[upkeep]\n|-heal|p1a: Ninetales|86\/100|[from] Grassy Terrain\n|-fieldend|move: Grassy Terrain\n|upkeep\n|turn|11\n|\n|t:|1700861546\n|switch|p1a: Greninja|Greninja, M|100\/100\n|switch|p2a: PoliSwirl~|Politoed, M, shiny|52\/100\n|-weather|RainDance|[from] ability: Drizzle|[of] p2a: PoliSwirl~\n|\n|-weather|RainDance|[upkeep]\n|upkeep\n|turn|12\n|\n|t:|1700861560\n|switch|p2a: Silly Cayt|Meowscarada, F, shiny|100\/100\n|move|p1a: Greninja|Surf|p2a: Silly Cayt\n|-resisted|p2a: Silly Cayt\n|-damage|p2a: Silly Cayt|40\/100\n|-damage|p1a: Greninja|91\/100|[from] item: Life Orb\n|\n|-weather|RainDance|[upkeep]\n|upkeep\n|turn|13\n|\n|t:|1700861573\n|switch|p1a: Rillaboom|Rillaboom, M|79\/100\n|-fieldstart|move: Grassy Terrain|[from] ability: Grassy Surge|[of] p1a: Rillaboom\n|move|p2a: Silly Cayt|U-turn|p1a: Rillaboom\n|-start|p2a: Silly Cayt|typechange|Bug|[from] ability: Protean\n|-supereffective|p1a: Rillaboom\n|-damage|p1a: Rillaboom|18\/100\n|\n|t:|1700861584\n|switch|p2a: Tempo|Zapdos, shiny|88\/100|[from] U-turn\n|\n|-weather|RainDance|[upkeep]\n|-heal|p1a: Rillaboom|24\/100|[from] Grassy Terrain\n|upkeep\n|turn|14\n|\n|t:|1700861600\n|switch|p1a: Garganacci|Garganacl, F, tera:Electric|65\/100\n|move|p2a: Tempo|Volt Switch|p1a: Garganacci\n|-resisted|p1a: Garganacci\n|-damage|p1a: Garganacci|52\/100\n|\n|t:|1700861607\n|switch|p2a: Golden Girl|Basculegion-F, F, shiny|100\/100|[from] Volt Switch\n|\n|-weather|RainDance|[upkeep]\n|-heal|p1a: Garganacci|59\/100|[from] Grassy Terrain\n|-heal|p1a: Garganacci|65\/100|[from] item: Leftovers\n|upkeep\n|turn|15\n|\n|t:|1700861616\n|move|p1a: Garganacci|Protect|p1a: Garganacci\n|-singleturn|p1a: Garganacci|Protect\n|move|p2a: Golden Girl|Surf|p1a: Garganacci\n|-activate|p1a: Garganacci|move: Protect\n|\n|-weather|RainDance|[upkeep]\n|-heal|p1a: Garganacci|71\/100|[from] Grassy Terrain\n|-heal|p1a: Garganacci|77\/100|[from] item: Leftovers\n|upkeep\n|turn|16\n|\n|t:|1700861624\n|switch|p1a: Ninetales|Ninetales-Alola, F|86\/100\n|-weather|Snow|[from] ability: Snow Warning|[of] p1a: Ninetales\n|move|p2a: Golden Girl|Surf|p1a: Ninetales\n|-damage|p1a: Ninetales|18\/100\n|\n|-weather|Snow|[upkeep]\n|-heal|p1a: Ninetales|24\/100|[from] Grassy Terrain\n|upkeep\n|turn|17\n|\n|t:|1700861634\n|switch|p1a: Greninja|Greninja, M|91\/100\n|switch|p2a: PoliSwirl~|Politoed, M, shiny|52\/100\n|-weather|RainDance|[from] ability: Drizzle|[of] p2a: PoliSwirl~\n|\n|-weather|RainDance|[upkeep]\n|-heal|p1a: Greninja|97\/100|[from] Grassy Terrain\n|-heal|p2a: PoliSwirl~|58\/100|[from] Grassy Terrain\n|-fieldend|move: Grassy Terrain\n|upkeep\n|turn|18\n|\n|t:|1700861641\n|switch|p2a: Golden Girl|Basculegion-F, F, shiny|100\/100\n|move|p1a: Greninja|Surf|p2a: Golden Girl\n|-resisted|p2a: Golden Girl\n|-damage|p2a: Golden Girl|55\/100\n|-damage|p1a: Greninja|87\/100|[from] item: Life Orb\n|\n|-weather|RainDance|[upkeep]\n|upkeep\n|turn|19\n|\n|t:|1700861649\n|move|p2a: Golden Girl|Hydro Pump|p1a: Greninja\n|-resisted|p1a: Greninja\n|-damage|p1a: Greninja|0 fnt\n|faint|p1a: Greninja\n|\n|-weather|RainDance|[upkeep]\n|upkeep\n|\n|t:|1700861652\n|switch|p1a: Rillaboom|Rillaboom, M|24\/100\n|-fieldstart|move: Grassy Terrain|[from] ability: Grassy Surge|[of] p1a: Rillaboom\n|turn|20\n|\n|t:|1700861674\n|switch|p2a: Tempo|Zapdos, shiny|88\/100\n|move|p1a: Rillaboom|Grassy Glide|p2a: Tempo\n|-resisted|p2a: Tempo\n|-damage|p2a: Tempo|70\/100\n|\n|-weather|RainDance|[upkeep]\n|-heal|p1a: Rillaboom|30\/100|[from] Grassy Terrain\n|upkeep\n|turn|21\n|\n|t:|1700861686\n|move|p2a: Tempo|Hurricane|p1a: Rillaboom\n|-supereffective|p1a: Rillaboom\n|-damage|p1a: Rillaboom|0 fnt\n|faint|p1a: Rillaboom\n|\n|-weather|RainDance|[upkeep]\n|upkeep\n|\n|t:|1700861691\n|switch|p1a: Garganacci|Garganacl, F, tera:Electric|77\/100\n|turn|22\n|\n|t:|1700861700\n|move|p2a: Tempo|Volt Switch|p1a: Garganacci\n|-resisted|p1a: Garganacci\n|-damage|p1a: Garganacci|64\/100\n|\n|t:|1700861709\n|switch|p2a: Silly Cayt|Meowscarada, F, shiny|40\/100|[from] Volt Switch\n|move|p1a: Garganacci|Salt Cure|p2a: Silly Cayt\n|-damage|p2a: Silly Cayt|17\/100\n|-start|p2a: Silly Cayt|Salt Cure\n|\n|-weather|RainDance|[upkeep]\n|-heal|p2a: Silly Cayt|23\/100|[from] Grassy Terrain\n|-heal|p1a: Garganacci|70\/100|[from] Grassy Terrain\n|-heal|p1a: Garganacci|76\/100|[from] item: Leftovers\n|-damage|p2a: Silly Cayt|10\/100|[from] Salt Cure\n|upkeep\n|turn|23\n|\n|t:|1700861719\n|switch|p1a: Hawlucha|Hawlucha, M|100\/100\n|-enditem|p1a: Hawlucha|Grassy Seed\n|-boost|p1a: Hawlucha|def|1|[from] item: Grassy Seed\n|move|p2a: Silly Cayt|Play Rough|p1a: Hawlucha\n|-start|p2a: Silly Cayt|typechange|Fairy|[from] ability: Protean\n|-supereffective|p1a: Hawlucha\n|-damage|p1a: Hawlucha|34\/100\n|\n|-weather|RainDance|[upkeep]\n|-heal|p2a: Silly Cayt|17\/100|[from] Grassy Terrain\n|-damage|p2a: Silly Cayt|4\/100|[from] Salt Cure\n|upkeep\n|turn|24\n|\n|t:|1700861738\n|move|p2a: Silly Cayt|Play Rough|p1a: Hawlucha\n|-supereffective|p1a: Hawlucha\n|-damage|p1a: Hawlucha|0 fnt\n|faint|p1a: Hawlucha\n|\n|-weather|none\n|-heal|p2a: Silly Cayt|10\/100|[from] Grassy Terrain\n|-damage|p2a: Silly Cayt|0 fnt|[from] Salt Cure\n|faint|p2a: Silly Cayt\n|-fieldend|move: Grassy Terrain\n|upkeep\n|\n|t:|1700861752\n|switch|p2a: Treadtianna|Iron Treads, shiny|100\/100\n|switch|p1a: Cinderace|Cinderace, F|100\/100\n|-enditem|p2a: Treadtianna|Booster Energy\n|-activate|p2a: Treadtianna|ability: Quark Drive|[fromitem]\n|-start|p2a: Treadtianna|quarkdrivespe\n|turn|25\n|\n|t:|1700861761\n|move|p2a: Treadtianna|Earthquake|p1a: Cinderace\n|-supereffective|p1a: Cinderace\n|-damage|p1a: Cinderace|0 fnt\n|faint|p1a: Cinderace\n|\n|upkeep\n|\n|t:|1700861765\n|switch|p1a: Garganacci|Garganacl, F, tera:Electric|76\/100\n|turn|26\n|-message|SerenasCousin forfeited.\n|\n|win|soy bebe\n|raw|SerenasCousin's rating: 1479 &rarr; <strong>1461<\/strong><br \/>(-18 for losing)\n|raw|soy bebe's rating: 1506 &rarr; <strong>1524<\/strong><br \/>(+18 for winning)\n|l|\u2606SerenasCousin\n","uploadtime":1700861782,"views":2,"p1id":"serenascousin","p2id":"soybebe","formatid":"gen9ou","rating":1461,"private":0,"password":""}