{"id":"gen9ou-1994512676","p1":"IcySwishBangTrey","p2":"veerim","format":"[Gen 9] OU","log":"|j|\u2606IcySwishBangTrey\n|j|\u203dveerim\n|t:|1700452849\n|gametype|singles\n|player|p1|IcySwishBangTrey|101|1277\n|player|p2|veerim|102|1194\n|teamsize|p1|6\n|teamsize|p2|6\n|gen|9\n|tier|[Gen 9] OU\n|rated|\n|rule|Sleep Clause Mod: Limit one foe put to sleep\n|rule|Species Clause: Limit one of each Pok\u00e9mon\n|rule|OHKO Clause: OHKO moves are banned\n|rule|Evasion Items Clause: Evasion items are banned\n|rule|Evasion Moves Clause: Evasion moves are banned\n|rule|Endless Battle Clause: Forcing endless battles is banned\n|rule|HP Percentage Mod: HP is shown in percentages\n|clearpoke\n|poke|p1|Pelipper, M|\n|poke|p1|Iron Treads|\n|poke|p1|Manaphy|\n|poke|p1|Barraskewda, M|\n|poke|p1|Amoonguss, M|\n|poke|p1|Zapdos|\n|poke|p2|Pelipper, F|\n|poke|p2|Zapdos|\n|poke|p2|Manaphy|\n|poke|p2|Zamazenta-*|\n|poke|p2|Great Tusk|\n|poke|p2|Basculegion-F, F|\n|teampreview\n|\n|t:|1700452864\n|start\n|switch|p1a: Pelipper|Pelipper, M|100\/100\n|switch|p2a: Zapdos|Zapdos|100\/100\n|-weather|RainDance|[from] ability: Drizzle|[of] p1a: Pelipper\n|turn|1\n|inactive|Battle timer is ON: inactive players will automatically lose when time's up. (requested by veerim)\n|\n|t:|1700452884\n|switch|p1a: Zapdos|Zapdos|100\/100\n|move|p2a: Zapdos|Hurricane|p1a: Zapdos\n|-resisted|p1a: Zapdos\n|-damage|p1a: Zapdos|66\/100\n|\n|-weather|RainDance|[upkeep]\n|upkeep\n|turn|2\n|\n|t:|1700452894\n|move|p2a: Zapdos|Volt Switch|p1a: Zapdos\n|-damage|p1a: Zapdos|26\/100\n|\n|t:|1700452897\n|switch|p2a: Great Tusk|Great Tusk|100\/100|[from] Volt Switch\n|move|p1a: Zapdos|Thunder|p2a: Great Tusk\n|-immune|p2a: Great Tusk\n|\n|-weather|RainDance|[upkeep]\n|upkeep\n|turn|3\n|\n|t:|1700452902\n|move|p1a: Zapdos|Weather Ball|p2a: Great Tusk\n|-supereffective|p2a: Great Tusk\n|-damage|p2a: Great Tusk|0 fnt\n|faint|p2a: Great Tusk\n|-end|p2a: Great Tusk|Protosynthesis|[silent]\n|\n|-weather|RainDance|[upkeep]\n|upkeep\n|\n|t:|1700452910\n|switch|p2a: Basculegion|Basculegion-F, F|100\/100\n|turn|4\n|\n|t:|1700452916\n|switch|p1a: Amoonguss|Amoonguss, M, shiny|100\/100\n|move|p2a: Basculegion|Ice Beam|p1a: Amoonguss\n|-supereffective|p1a: Amoonguss\n|-damage|p1a: Amoonguss|32\/100\n|-enditem|p1a: Amoonguss|Eject Button\n|\n|t:|1700452931\n|switch|p1a: Manaphy|Manaphy|100\/100\n|\n|-weather|RainDance|[upkeep]\n|upkeep\n|turn|5\n|\n|t:|1700452941\n|switch|p2a: Zapdos|Zapdos|100\/100\n|move|p1a: Manaphy|Tail Glow|p1a: Manaphy\n|-boost|p1a: Manaphy|spa|3\n|\n|-weather|RainDance|[upkeep]\n|upkeep\n|turn|6\n|\n|t:|1700452952\n|-terastallize|p1a: Manaphy|Grass\n|move|p2a: Zapdos|Thunder|p1a: Manaphy\n|-resisted|p1a: Manaphy\n|-damage|p1a: Manaphy|77\/100\n|move|p1a: Manaphy|Scald|p2a: Zapdos\n|-damage|p2a: Zapdos|0 fnt\n|faint|p2a: Zapdos\n|\n|-weather|RainDance|[upkeep]\n|-heal|p1a: Manaphy|83\/100|[from] item: Leftovers\n|upkeep\n|\n|t:|1700452958\n|switch|p2a: Basculegion|Basculegion-F, F|100\/100\n|turn|7\n|inactive|IcySwishBangTrey has 120 seconds left.\n|\n|t:|1700452998\n|switch|p1a: Iron Treads|Iron Treads|100\/100\n|-enditem|p1a: Iron Treads|Booster Energy\n|-activate|p1a: Iron Treads|ability: Quark Drive|[fromitem]\n|-start|p1a: Iron Treads|quarkdrivespe\n|move|p2a: Basculegion|Ice Beam|p1a: Iron Treads\n|-damage|p1a: Iron Treads|34\/100\n|\n|-weather|RainDance|[upkeep]\n|upkeep\n|turn|8\n|inactive|IcySwishBangTrey has 120 seconds left.\n|\n|t:|1700453012\n|move|p1a: Iron Treads|Earthquake|p2a: Basculegion\n|-damage|p2a: Basculegion|38\/100\n|move|p2a: Basculegion|Ice Beam|p1a: Iron Treads\n|-damage|p1a: Iron Treads|0 fnt\n|faint|p1a: Iron Treads\n|-end|p1a: Iron Treads|Quark Drive|[silent]\n|\n|-weather|none\n|upkeep\n|\n|t:|1700453021\n|switch|p1a: Zapdos|Zapdos|26\/100\n|turn|9\n|inactive|IcySwishBangTrey has 120 seconds left.\n|\n|t:|1700453026\n|switch|p2a: Zamazenta|Zamazenta|100\/100\n|-ability|p2a: Zamazenta|Dauntless Shield|boost\n|-boost|p2a: Zamazenta|def|1\n|move|p1a: Zapdos|Thunderbolt|p2a: Zamazenta\n|-damage|p2a: Zamazenta|57\/100\n|\n|upkeep\n|turn|10\n|\n|t:|1700453034\n|move|p2a: Zamazenta|Crunch|p1a: Zapdos\n|-damage|p1a: Zapdos|0 fnt\n|faint|p1a: Zapdos\n|\n|upkeep\n|inactive|IcySwishBangTrey has 120 seconds left.\n|\n|t:|1700453046\n|switch|p1a: Pelipper|Pelipper, M|100\/100\n|-weather|RainDance|[from] ability: Drizzle|[of] p1a: Pelipper\n|turn|11\n|\n|t:|1700453050\n|move|p2a: Zamazenta|Stone Edge|p1a: Pelipper\n|-supereffective|p1a: Pelipper\n|-damage|p1a: Pelipper|45\/100\n|move|p1a: Pelipper|Hurricane|p2a: Zamazenta\n|-supereffective|p2a: Zamazenta\n|-damage|p2a: Zamazenta|0 fnt\n|faint|p2a: Zamazenta\n|\n|-weather|RainDance|[upkeep]\n|upkeep\n|\n|t:|1700453054\n|switch|p2a: Basculegion|Basculegion-F, F|38\/100\n|turn|12\n|\n|t:|1700453077\n|move|p2a: Basculegion|Ice Beam|p1a: Pelipper\n|-damage|p1a: Pelipper|0 fnt\n|faint|p1a: Pelipper\n|\n|-weather|RainDance|[upkeep]\n|upkeep\n|\n|t:|1700453082\n|switch|p1a: Barraskewda|Barraskewda, M|100\/100\n|turn|13\n|\n|t:|1700453088\n|switch|p2a: Pelipper|Pelipper, F, shiny|100\/100\n|move|p1a: Barraskewda|Liquidation|p2a: Pelipper\n|-resisted|p2a: Pelipper\n|-damage|p2a: Pelipper|61\/100\n|-unboost|p2a: Pelipper|def|1\n|\n|-weather|RainDance|[upkeep]\n|upkeep\n|turn|14\n|\n|t:|1700453096\n|move|p1a: Barraskewda|Liquidation|p2a: Pelipper\n|-resisted|p2a: Pelipper\n|-damage|p2a: Pelipper|3\/100\n|move|p2a: Pelipper|U-turn|p1a: Barraskewda\n|-damage|p1a: Barraskewda|83\/100\n|\n|t:|1700453101\n|switch|p2a: Manaphy|Manaphy|100\/100|[from] U-turn\n|\n|-weather|RainDance|[upkeep]\n|upkeep\n|turn|15\n|\n|t:|1700453116\n|switch|p1a: Amoonguss|Amoonguss, M, shiny|66\/100\n|move|p2a: Manaphy|Scald|p1a: Amoonguss\n|-resisted|p1a: Amoonguss\n|-damage|p1a: Amoonguss|43\/100\n|-status|p1a: Amoonguss|brn\n|\n|-weather|RainDance|[upkeep]\n|-damage|p1a: Amoonguss|37\/100 brn|[from] brn\n|upkeep\n|turn|16\n|\n|t:|1700453131\n|switch|p1a: Manaphy|Manaphy, tera:Grass|83\/100\n|move|p2a: Manaphy|Ice Beam|p1a: Manaphy\n|-supereffective|p1a: Manaphy\n|-damage|p1a: Manaphy|37\/100\n|\n|-weather|RainDance|[upkeep]\n|-heal|p1a: Manaphy|43\/100|[from] item: Leftovers\n|upkeep\n|turn|17\n|\n|t:|1700453139\n|move|p2a: Manaphy|Ice Beam|p1a: Manaphy\n|-supereffective|p1a: Manaphy\n|-damage|p1a: Manaphy|1\/100\n|move|p1a: Manaphy|Energy Ball|p2a: Manaphy\n|-supereffective|p2a: Manaphy\n|-damage|p2a: Manaphy|14\/100\n|\n|-weather|RainDance|[upkeep]\n|-heal|p2a: Manaphy|20\/100|[from] item: Leftovers\n|-heal|p1a: Manaphy|8\/100|[from] item: Leftovers\n|upkeep\n|turn|18\n|\n|t:|1700453153\n|move|p2a: Manaphy|Ice Beam|p1a: Manaphy\n|-supereffective|p1a: Manaphy\n|-damage|p1a: Manaphy|0 fnt\n|faint|p1a: Manaphy\n|\n|-weather|none\n|-heal|p2a: Manaphy|26\/100|[from] item: Leftovers\n|upkeep\n|\n|t:|1700453158\n|switch|p1a: Barraskewda|Barraskewda, M|83\/100\n|turn|19\n|\n|t:|1700453192\n|move|p1a: Barraskewda|Psychic Fangs|p2a: Manaphy\n|-damage|p2a: Manaphy|0 fnt\n|faint|p2a: Manaphy\n|\n|upkeep\n|\n|t:|1700453195\n|switch|p2a: Pelipper|Pelipper, F, shiny|3\/100\n|-weather|RainDance|[from] ability: Drizzle|[of] p2a: Pelipper\n|turn|20\n|\n|t:|1700453199\n|move|p1a: Barraskewda|Psychic Fangs|p2a: Pelipper\n|-damage|p2a: Pelipper|0 fnt\n|faint|p2a: Pelipper\n|\n|-weather|RainDance|[upkeep]\n|upkeep\n|-message|veerim forfeited.\n|\n|win|IcySwishBangTrey\n|raw|IcySwishBangTrey's rating: 1277 &rarr; <strong>1296<\/strong><br \/>(+19 for winning)\n|raw|veerim's rating: 1194 &rarr; <strong>1175<\/strong><br \/>(-19 for losing)\n|l|\u203dveerim\n","uploadtime":1700453208,"views":18,"p1id":"icyswishbangtrey","p2id":"veerim","formatid":"gen9ou","rating":1175,"private":0,"password":""}