{"id":"gen9ou-1995041631","p1":"CanelitaRomero","p2":"FiodorD.","format":"[Gen 9] OU","log":"|j|\u2606CanelitaRomero\n|j|\u2606FiodorD.\n|t:|1700516280\n|gametype|singles\n|player|p1|CanelitaRomero|102|\n|player|p2|FiodorD.|2|\n|teamsize|p1|6\n|teamsize|p2|6\n|gen|9\n|tier|[Gen 9] OU\n|rule|Sleep Clause Mod: Limit one foe put to sleep\n|rule|Species Clause: Limit one of each Pok\u00e9mon\n|rule|OHKO Clause: OHKO moves are banned\n|rule|Evasion Items Clause: Evasion items are banned\n|rule|Evasion Moves Clause: Evasion moves are banned\n|rule|Endless Battle Clause: Forcing endless battles is banned\n|rule|HP Percentage Mod: HP is shown in percentages\n|clearpoke\n|poke|p1|Great Tusk|\n|poke|p1|Umbreon, F|\n|poke|p1|Scizor, F|\n|poke|p1|Slowbro, M|\n|poke|p1|Heatran, M|\n|poke|p1|Manaphy|\n|poke|p2|Torterra, F|\n|poke|p2|Ribombee, F|\n|poke|p2|Gholdengo|\n|poke|p2|Iron Moth|\n|poke|p2|Great Tusk|\n|poke|p2|Walking Wake|\n|teampreview\n|inactive|Battle timer is ON: inactive players will automatically lose when time's up. (requested by FiodorD.)\n|\n|t:|1700516323\n|start\n|switch|p1a: Scizor|Scizor, F|100\/100\n|switch|p2a: Ribombee|Ribombee, F|100\/100\n|turn|1\n|\n|t:|1700516340\n|move|p1a: Scizor|Bullet Punch|p2a: Ribombee\n|-supereffective|p2a: Ribombee\n|-enditem|p2a: Ribombee|Focus Sash\n|-damage|p2a: Ribombee|1\/100\n|move|p2a: Ribombee|Sticky Web|p1a: Scizor\n|-sidestart|p1: CanelitaRomero|move: Sticky Web\n|\n|upkeep\n|turn|2\n|\n|t:|1700516352\n|move|p1a: Scizor|Bullet Punch|p2a: Ribombee\n|-supereffective|p2a: Ribombee\n|-damage|p2a: Ribombee|0 fnt\n|faint|p2a: Ribombee\n|\n|upkeep\n|\n|t:|1700516358\n|switch|p2a: Torterra|Torterra, F|100\/100\n|turn|3\n|inactive|CanelitaRomero has 270 seconds left.\n|\n|t:|1700516391\n|switch|p1a: Umbreon|Umbreon, F|100\/100\n|-activate|p1a: Umbreon|move: Sticky Web\n|-unboost|p1a: Umbreon|spe|1\n|move|p2a: Torterra|Shell Smash|p2a: Torterra\n|-unboost|p2a: Torterra|def|1\n|-unboost|p2a: Torterra|spd|1\n|-boost|p2a: Torterra|atk|2\n|-boost|p2a: Torterra|spa|2\n|-boost|p2a: Torterra|spe|2\n|\n|upkeep\n|turn|4\n|inactive|CanelitaRomero has 270 seconds left.\n|\n|t:|1700516411\n|move|p2a: Torterra|Bullet Seed|p1a: Umbreon\n|-damage|p1a: Umbreon|81\/100\n|-damage|p1a: Umbreon|61\/100\n|-damage|p1a: Umbreon|42\/100\n|-damage|p1a: Umbreon|24\/100\n|-damage|p1a: Umbreon|2\/100\n|-hitcount|p1a: Umbreon|5\n|move|p1a: Umbreon|Toxic|p2a: Torterra\n|-status|p2a: Torterra|tox\n|\n|-heal|p1a: Umbreon|8\/100|[from] item: Leftovers\n|-damage|p2a: Torterra|94\/100 tox|[from] psn\n|upkeep\n|turn|5\n|inactive|CanelitaRomero has 270 seconds left.\n|\n|t:|1700516431\n|move|p1a: Umbreon|Protect|p1a: Umbreon\n|-singleturn|p1a: Umbreon|Protect\n|move|p2a: Torterra|Bullet Seed|p1a: Umbreon\n|-activate|p1a: Umbreon|move: Protect\n|\n|-heal|p1a: Umbreon|14\/100|[from] item: Leftovers\n|-damage|p2a: Torterra|82\/100 tox|[from] psn\n|upkeep\n|turn|6\n|inactive|FiodorD. has 270 seconds left.\n|\n|t:|1700516461\n|switch|p1a: Scizor|Scizor, F|100\/100\n|-activate|p1a: Scizor|move: Sticky Web\n|-unboost|p1a: Scizor|spe|1\n|move|p2a: Torterra|Bullet Seed|p1a: Scizor\n|-resisted|p1a: Scizor\n|-damage|p1a: Scizor|93\/100\n|-resisted|p1a: Scizor\n|-damage|p1a: Scizor|85\/100\n|-resisted|p1a: Scizor\n|-damage|p1a: Scizor|77\/100\n|-resisted|p1a: Scizor\n|-damage|p1a: Scizor|71\/100\n|-resisted|p1a: Scizor\n|-damage|p1a: Scizor|63\/100\n|-hitcount|p1a: Scizor|5\n|\n|-damage|p2a: Torterra|64\/100 tox|[from] psn\n|upkeep\n|turn|7\n|inactive|FiodorD. has 270 seconds left.\n|inactive|CanelitaRomero has 240 seconds left.\n|\n|t:|1700516494\n|move|p1a: Scizor|Bullet Punch|p2a: Torterra\n|-damage|p2a: Torterra|0 fnt\n|faint|p2a: Torterra\n|\n|upkeep\n|\n|t:|1700516508\n|switch|p2a: Iron Moth|Iron Moth|100\/100\n|-enditem|p2a: Iron Moth|Booster Energy\n|-activate|p2a: Iron Moth|ability: Quark Drive|[fromitem]\n|-start|p2a: Iron Moth|quarkdrivespa\n|turn|8\n|inactive|CanelitaRomero has 240 seconds left.\n|\n|t:|1700516522\n|switch|p1a: Slowbro|Slowbro, M|100\/100\n|-activate|p1a: Slowbro|move: Sticky Web\n|-unboost|p1a: Slowbro|spe|1\n|move|p2a: Iron Moth|Fiery Dance|p1a: Slowbro\n|-resisted|p1a: Slowbro\n|-damage|p1a: Slowbro|70\/100\n|\n|-heal|p1a: Slowbro|76\/100|[from] item: Leftovers\n|upkeep\n|turn|9\n|inactive|CanelitaRomero has 240 seconds left.\n|inactive|FiodorD. has 240 seconds left.\n|\n|t:|1700516557\n|-terastallize|p2a: Iron Moth|Ghost\n|move|p2a: Iron Moth|Substitute|p2a: Iron Moth\n|-start|p2a: Iron Moth|Substitute\n|-damage|p2a: Iron Moth|76\/100\n|move|p1a: Slowbro|Psyshock|p2a: Iron Moth\n|-end|p2a: Iron Moth|Substitute\n|\n|-heal|p1a: Slowbro|82\/100|[from] item: Leftovers\n|upkeep\n|turn|10\n|inactive|FiodorD. has 210 seconds left.\n|inactive|FiodorD. has 180 seconds left.\n|\n|t:|1700516635\n|move|p2a: Iron Moth|Sludge Wave|p1a: Slowbro\n|-damage|p1a: Slowbro|17\/100\n|move|p1a: Slowbro|Psyshock|p2a: Iron Moth\n|-damage|p2a: Iron Moth|28\/100\n|\n|-heal|p1a: Slowbro|23\/100|[from] item: Leftovers\n|upkeep\n|turn|11\n|inactive|CanelitaRomero has 210 seconds left.\n|\n|t:|1700516658\n|switch|p1a: Umbreon|Umbreon, F|14\/100\n|-activate|p1a: Umbreon|move: Sticky Web\n|-unboost|p1a: Umbreon|spe|1\n|move|p2a: Iron Moth|Sludge Wave|p1a: Umbreon\n|-damage|p1a: Umbreon|0 fnt\n|faint|p1a: Umbreon\n|\n|upkeep\n|inactive|CanelitaRomero has 210 seconds left.\n|\n|t:|1700516672\n|switch|p1a: Scizor|Scizor, F|63\/100\n|-activate|p1a: Scizor|move: Sticky Web\n|-unboost|p1a: Scizor|spe|1\n|turn|12\n|\n|t:|1700516681\n|move|p1a: Scizor|Bullet Punch|p2a: Iron Moth\n|-damage|p2a: Iron Moth|0 fnt\n|faint|p2a: Iron Moth\n|-end|p2a: Iron Moth|Quark Drive|[silent]\n|\n|upkeep\n|\n|t:|1700516697\n|switch|p2a: WhenSeptEnds|Walking Wake|100\/100\n|-enditem|p2a: WhenSeptEnds|Booster Energy\n|-activate|p2a: WhenSeptEnds|ability: Protosynthesis|[fromitem]\n|-start|p2a: WhenSeptEnds|protosynthesisspa\n|turn|13\n|inactive|CanelitaRomero has 210 seconds left.\n|\n|t:|1700516727\n|move|p1a: Scizor|Bullet Punch|p2a: WhenSeptEnds\n|-resisted|p2a: WhenSeptEnds\n|-damage|p2a: WhenSeptEnds|74\/100\n|move|p2a: WhenSeptEnds|Substitute|p2a: WhenSeptEnds\n|-start|p2a: WhenSeptEnds|Substitute\n|-damage|p2a: WhenSeptEnds|49\/100\n|\n|upkeep\n|turn|14\n|inactive|CanelitaRomero has 210 seconds left.\n|\n|t:|1700516737\n|move|p1a: Scizor|Bullet Punch|p2a: WhenSeptEnds\n|-resisted|p2a: WhenSeptEnds\n|-end|p2a: WhenSeptEnds|Substitute\n|move|p2a: WhenSeptEnds|Flamethrower|p1a: Scizor\n|-supereffective|p1a: Scizor\n|-damage|p1a: Scizor|0 fnt\n|faint|p1a: Scizor\n|\n|upkeep\n|\n|t:|1700516759\n|switch|p1a: Manaphy|Manaphy|100\/100\n|-activate|p1a: Manaphy|move: Sticky Web\n|-unboost|p1a: Manaphy|spe|1\n|turn|15\n|\n|t:|1700516768\n|move|p2a: WhenSeptEnds|Substitute|p2a: WhenSeptEnds\n|-start|p2a: WhenSeptEnds|Substitute\n|-damage|p2a: WhenSeptEnds|24\/100\n|move|p1a: Manaphy|Dazzling Gleam|p2a: WhenSeptEnds\n|-supereffective|p2a: WhenSeptEnds\n|-end|p2a: WhenSeptEnds|Substitute\n|\n|upkeep\n|turn|16\n|\n|t:|1700516776\n|move|p2a: WhenSeptEnds|Dragon Pulse|p1a: Manaphy\n|-damage|p1a: Manaphy|37\/100\n|move|p1a: Manaphy|Dazzling Gleam|p2a: WhenSeptEnds\n|-supereffective|p2a: WhenSeptEnds\n|-damage|p2a: WhenSeptEnds|0 fnt\n|faint|p2a: WhenSeptEnds\n|-end|p2a: WhenSeptEnds|Protosynthesis|[silent]\n|\n|upkeep\n|\n|t:|1700516791\n|switch|p2a: Gholdengo|Gholdengo|100\/100\n|-item|p2a: Gholdengo|Air Balloon\n|turn|17\n|inactive|CanelitaRomero has 210 seconds left.\n|\n|t:|1700516815\n|switch|p1a: Heatran|Heatran, M|100\/100\n|-activate|p1a: Heatran|move: Sticky Web\n|-unboost|p1a: Heatran|spe|1\n|move|p2a: Gholdengo|Shadow Ball|p1a: Heatran\n|-damage|p1a: Heatran|56\/100\n|-unboost|p1a: Heatran|spd|1\n|\n|-heal|p1a: Heatran|62\/100|[from] item: Leftovers\n|upkeep\n|turn|18\n|inactive|CanelitaRomero has 180 seconds left.\n|inactive|CanelitaRomero has 150 seconds left.\n|\n|t:|1700516880\n|switch|p1a: Manaphy|Manaphy|37\/100\n|-activate|p1a: Manaphy|move: Sticky Web\n|-unboost|p1a: Manaphy|spe|1\n|move|p2a: Gholdengo|Shadow Ball|p1a: Manaphy\n|-damage|p1a: Manaphy|0 fnt\n|faint|p1a: Manaphy\n|\n|upkeep\n|\n|t:|1700516891\n|switch|p1a: Heatran|Heatran, M|62\/100\n|-activate|p1a: Heatran|move: Sticky Web\n|-unboost|p1a: Heatran|spe|1\n|turn|19\n|\n|t:|1700516920\n|move|p2a: Gholdengo|Shadow Ball|p1a: Heatran\n|-damage|p1a: Heatran|16\/100\n|move|p1a: Heatran|Magma Storm|p2a: Gholdengo\n|-supereffective|p2a: Gholdengo\n|-damage|p2a: Gholdengo|0 fnt\n|-enditem|p2a: Gholdengo|Air Balloon\n|faint|p2a: Gholdengo\n|\n|-heal|p1a: Heatran|22\/100|[from] item: Leftovers\n|upkeep\n|\n|t:|1700516926\n|switch|p2a: Tusky|Great Tusk|100\/100\n|-enditem|p2a: Tusky|Booster Energy\n|-activate|p2a: Tusky|ability: Protosynthesis|[fromitem]\n|-start|p2a: Tusky|protosynthesisatk\n|turn|20\n|\n|t:|1700516944\n|move|p2a: Tusky|Earthquake|p1a: Heatran\n|-supereffective|p1a: Heatran\n|-damage|p1a: Heatran|0 fnt\n|faint|p1a: Heatran\n|\n|upkeep\n|inactive|CanelitaRomero has 120 seconds left.\n|\n|t:|1700516962\n|switch|p1a: Slowbro|Slowbro, M|56\/100\n|-activate|p1a: Slowbro|move: Sticky Web\n|-unboost|p1a: Slowbro|spe|1\n|turn|21\n|inactive|CanelitaRomero has 120 seconds left.\n|inactive|FiodorD. has 210 seconds left.\n|\n|t:|1700516991\n|move|p2a: Tusky|Earthquake|p1a: Slowbro\n|-damage|p1a: Slowbro|15\/100\n|move|p1a: Slowbro|Slack Off|p1a: Slowbro\n|-heal|p1a: Slowbro|65\/100\n|\n|-heal|p1a: Slowbro|71\/100|[from] item: Leftovers\n|upkeep\n|turn|22\n|inactive|FiodorD. has 210 seconds left.\n|\n|t:|1700517004\n|move|p2a: Tusky|Earthquake|p1a: Slowbro\n|-damage|p1a: Slowbro|30\/100\n|move|p1a: Slowbro|Slack Off|p1a: Slowbro\n|-heal|p1a: Slowbro|80\/100\n|\n|-heal|p1a: Slowbro|87\/100|[from] item: Leftovers\n|upkeep\n|turn|23\n|\n|t:|1700517014\n|move|p2a: Tusky|Bulk Up|p2a: Tusky\n|-boost|p2a: Tusky|atk|1\n|-boost|p2a: Tusky|def|1\n|move|p1a: Slowbro|Scald|p2a: Tusky\n|-supereffective|p2a: Tusky\n|-damage|p2a: Tusky|13\/100\n|\n|-heal|p1a: Slowbro|93\/100|[from] item: Leftovers\n|upkeep\n|turn|24\n|\n|t:|1700517024\n|move|p2a: Tusky|Earthquake|p1a: Slowbro\n|-damage|p1a: Slowbro|32\/100\n|move|p1a: Slowbro|Scald|p2a: Tusky\n|-supereffective|p2a: Tusky\n|-damage|p2a: Tusky|0 fnt\n|faint|p2a: Tusky\n|-end|p2a: Tusky|Protosynthesis|[silent]\n|\n|win|CanelitaRomero\n","uploadtime":1700517036,"views":28,"p1id":"canelitaromero","p2id":"fiodord","formatid":"gen9ou","rating":0,"private":0,"password":""}