{"id":"gen9ou-1995157384","p1":"8thjim","p2":"ookillemd-tan","format":"[Gen 9] OU","log":"|j|\u26068thjim\n|j|\u2606ookillemd-tan\n|t:|1700528983\n|gametype|singles\n|player|p1|8thjim|raihan|1794\n|player|p2|ookillemd-tan|2|1783\n|teamsize|p1|6\n|teamsize|p2|6\n|gen|9\n|tier|[Gen 9] OU\n|rated|\n|rule|Sleep Clause Mod: Limit one foe put to sleep\n|rule|Species Clause: Limit one of each Pok\u00e9mon\n|rule|OHKO Clause: OHKO moves are banned\n|rule|Evasion Items Clause: Evasion items are banned\n|rule|Evasion Moves Clause: Evasion moves are banned\n|rule|Endless Battle Clause: Forcing endless battles is banned\n|rule|HP Percentage Mod: HP is shown in percentages\n|clearpoke\n|poke|p1|Ceruledge, M|\n|poke|p1|Goodra-Hisui, M|\n|poke|p1|Zamazenta-*|\n|poke|p1|Zapdos|\n|poke|p1|Sinistcha|\n|poke|p1|Garganacl, M|\n|poke|p2|Iron Valiant|\n|poke|p2|Alomomola, F|\n|poke|p2|Slowking-Galar, F|\n|poke|p2|Rillaboom, F|\n|poke|p2|Cinderace, M|\n|poke|p2|Samurott-Hisui, M|\n|teampreview\n|\n|t:|1700529014\n|start\n|switch|p1a: Zapdos|Zapdos|100\/100\n|switch|p2a: Samurott|Samurott-Hisui, M|100\/100\n|turn|1\n|\n|t:|1700529024\n|switch|p2a: Slowking|Slowking-Galar, F|100\/100\n|move|p1a: Zapdos|Thunderbolt|p2a: Slowking\n|-damage|p2a: Slowking|71\/100\n|\n|upkeep\n|turn|2\n|\n|t:|1700529032\n|move|p1a: Zapdos|Thunderbolt|p2a: Slowking\n|-damage|p2a: Slowking|44\/100\n|move|p2a: Slowking|Future Sight|p1a: Zapdos\n|-start|p2a: Slowking|move: Future Sight\n|\n|upkeep\n|turn|3\n|\n|t:|1700529037\n|move|p1a: Zapdos|Thunderbolt|p2a: Slowking\n|-damage|p2a: Slowking|15\/100\n|move|p2a: Slowking|Chilly Reception|p2a: Slowking\n|-weather|Snow\n|\n|t:|1700529061\n|switch|p2a: Cinderace|Cinderace, M|100\/100|[from] Chilly Reception\n|\n|-weather|Snow|[upkeep]\n|upkeep\n|turn|4\n|\n|t:|1700529068\n|move|p2a: Cinderace|Pyro Ball|p1a: Zapdos\n|-crit|p1a: Zapdos\n|-damage|p1a: Zapdos|0 fnt\n|faint|p1a: Zapdos\n|\n|-weather|Snow|[upkeep]\n|-hint|Future Sight did not hit because the target is fainted.\n|upkeep\n|\n|t:|1700529081\n|switch|p1a: Ceruledge|Ceruledge, M|100\/100\n|turn|5\n|inactive|Battle timer is ON: inactive players will automatically lose when time's up. (requested by 8thjim)\n|\n|t:|1700529120\n|switch|p2a: Alomomola|Alomomola, F|100\/100\n|move|p1a: Ceruledge|Bitter Blade|p2a: Alomomola\n|-resisted|p2a: Alomomola\n|-damage|p2a: Alomomola|87\/100\n|\n|-weather|Snow|[upkeep]\n|upkeep\n|turn|6\n|\n|t:|1700529134\n|switch|p1a: Garganacl|Garganacl, M|100\/100\n|move|p2a: Alomomola|Flip Turn|p1a: Garganacl\n|-supereffective|p1a: Garganacl\n|-damage|p1a: Garganacl|81\/100\n|j| westcottike\n|\n|t:|1700529162\n|switch|p2a: Iron Valiant|Iron Valiant|100\/100|[from] Flip Turn\n|\n|-weather|Snow|[upkeep]\n|-heal|p1a: Garganacl|87\/100|[from] item: Leftovers\n|upkeep\n|turn|7\n|inactive|ookillemd-tan has 120 seconds left.\n|\n|t:|1700529183\n|switch|p1a: Sinistcha|Sinistcha|100\/100\n|-terastallize|p2a: Iron Valiant|Fairy\n|move|p2a: Iron Valiant|Moonblast|p1a: Sinistcha\n|-damage|p1a: Sinistcha|9\/100\n|-unboost|p1a: Sinistcha|spa|1\n|-damage|p2a: Iron Valiant|91\/100|[from] item: Life Orb\n|\n|-weather|none\n|-heal|p1a: Sinistcha|16\/100|[from] item: Leftovers\n|upkeep\n|turn|8\n|\n|t:|1700529192\n|move|p2a: Iron Valiant|Moonblast|p1a: Sinistcha\n|-damage|p1a: Sinistcha|0 fnt\n|faint|p1a: Sinistcha\n|-damage|p2a: Iron Valiant|81\/100|[from] item: Life Orb\n|\n|upkeep\n|\n|t:|1700529201\n|switch|p1a: Goodra|Goodra-Hisui, M|100\/100\n|turn|9\n|inactive|ookillemd-tan has 120 seconds left.\n|\n|t:|1700529230\n|move|p2a: Iron Valiant|Close Combat|p1a: Goodra\n|-supereffective|p1a: Goodra\n|-damage|p1a: Goodra|0 fnt\n|-unboost|p2a: Iron Valiant|def|1\n|-unboost|p2a: Iron Valiant|spd|1\n|faint|p1a: Goodra\n|-damage|p2a: Iron Valiant|71\/100|[from] item: Life Orb\n|\n|upkeep\n|\n|t:|1700529235\n|switch|p1a: Zamazenta|Zamazenta|100\/100\n|-ability|p1a: Zamazenta|Dauntless Shield|boost\n|-boost|p1a: Zamazenta|def|1\n|turn|10\n|\n|t:|1700529242\n|-end|p2a: Iron Valiant|Quark Drive|[silent]\n|switch|p2a: Slowking|Slowking-Galar, F|49\/100\n|move|p1a: Zamazenta|Heavy Slam|p2a: Slowking\n|-damage|p2a: Slowking|31\/100\n|\n|upkeep\n|turn|11\n|\n|t:|1700529248\n|switch|p2a: Alomomola|Alomomola, F|100\/100\n|move|p1a: Zamazenta|Substitute|p1a: Zamazenta\n|-start|p1a: Zamazenta|Substitute\n|-damage|p1a: Zamazenta|76\/100\n|\n|-heal|p1a: Zamazenta|82\/100|[from] item: Leftovers\n|upkeep\n|turn|12\n|j| Outdated AHH Team\n|inactive|ookillemd-tan has 120 seconds left.\n|j| helloofd\n|j| Electronno\n|inactive|ookillemd-tan has 90 seconds left.\n|j| DukeStarr\n|l| helloofd\n|c|\u26068thjim|Sigh calc it up my guy\n|inactive|ookillemd-tan has 60 seconds left.\n|j| Ozzy365\n|inactive|ookillemd-tan has 30 seconds left.\n|inactive|ookillemd-tan has 20 seconds left.\n|inactive|ookillemd-tan has 15 seconds left.\n|inactive|ookillemd-tan has 10 seconds left.\n|inactive|ookillemd-tan has 5 seconds left.\n|c|\u26068thjim|Gg\n|c|\u26068thjim|I guess\n|-message|ookillemd-tan lost due to inactivity.\n|\n|win|8thjim\n|raw|8thjim's rating: 1794 &rarr; <strong>1813<\/strong><br \/>(+19 for winning)\n|raw|ookillemd-tan's rating: 1783 &rarr; <strong>1764<\/strong><br \/>(-19 for losing)\n|l| DukeStarr\n|l| Electronno\n|l|\u26068thjim\n|l| Ozzy365\n|l| westcottike\n","uploadtime":1700529550,"views":13,"p1id":"8thjim","p2id":"ookillemdtan","formatid":"gen9ou","rating":1764,"private":0,"password":""}