{"id":"gen9ou-1990667722","p1":"Sherlock4580","p2":"Landv23","format":"[Gen 9] OU","log":"|j|\u2606Sherlock4580\n|j|\u2606Landv23\n|t:|1699990183\n|gametype|singles\n|player|p1|Sherlock4580|silver|1091\n|player|p2|Landv23|169|1085\n|teamsize|p1|6\n|teamsize|p2|6\n|gen|9\n|tier|[Gen 9] OU\n|rated|\n|rule|Sleep Clause Mod: Limit one foe put to sleep\n|rule|Species Clause: Limit one of each Pok\u00e9mon\n|rule|OHKO Clause: OHKO moves are banned\n|rule|Evasion Items Clause: Evasion items are banned\n|rule|Evasion Moves Clause: Evasion moves are banned\n|rule|Endless Battle Clause: Forcing endless battles is banned\n|rule|HP Percentage Mod: HP is shown in percentages\n|clearpoke\n|poke|p1|Kingambit, F|\n|poke|p1|Great Tusk|\n|poke|p1|Alomomola, M|\n|poke|p1|Breloom, M|\n|poke|p1|Heatran, F|\n|poke|p1|Lokix, F|\n|poke|p2|Samurott-Hisui, M|\n|poke|p2|Fezandipiti, M|\n|poke|p2|Great Tusk|\n|poke|p2|Dragapult, M|\n|poke|p2|Garganacl, M|\n|poke|p2|Amoonguss, F|\n|teampreview\n|\n|t:|1699990196\n|start\n|switch|p1a: Great Tusk|Great Tusk|100\/100\n|switch|p2a: Amoonguss|Amoonguss, F|100\/100\n|turn|1\n|\n|t:|1699990205\n|-end|p1a: Great Tusk|Protosynthesis|[silent]\n|switch|p1a: Heatran|Heatran, F|100\/100\n|-item|p1a: Heatran|Air Balloon\n|move|p2a: Amoonguss|Giga Drain|p1a: Heatran\n|-resisted|p1a: Heatran\n|-damage|p1a: Heatran|95\/100\n|-enditem|p1a: Heatran|Air Balloon\n|\n|upkeep\n|turn|2\n|\n|t:|1699990213\n|move|p1a: Heatran|Magma Storm|p2a: Amoonguss\n|-supereffective|p2a: Amoonguss\n|-damage|p2a: Amoonguss|0 fnt\n|faint|p2a: Amoonguss\n|\n|upkeep\n|\n|t:|1699990219\n|switch|p2a: Great Tusk|Great Tusk|100\/100\n|-enditem|p2a: Great Tusk|Booster Energy\n|-activate|p2a: Great Tusk|ability: Protosynthesis|[fromitem]\n|-start|p2a: Great Tusk|protosynthesisspe\n|turn|3\n|\n|t:|1699990225\n|move|p2a: Great Tusk|Bulk Up|p2a: Great Tusk\n|-boost|p2a: Great Tusk|atk|1\n|-boost|p2a: Great Tusk|def|1\n|move|p1a: Heatran|Magma Storm|p2a: Great Tusk\n|-damage|p2a: Great Tusk|29\/100\n|-activate|p2a: Great Tusk|move: Magma Storm|[of] p1a: Heatran\n|\n|-damage|p2a: Great Tusk|17\/100|[from] move: Magma Storm|[partiallytrapped]\n|upkeep\n|turn|4\n|\n|t:|1699990239\n|move|p2a: Great Tusk|Close Combat|p1a: Heatran\n|-supereffective|p1a: Heatran\n|-damage|p1a: Heatran|0 fnt\n|-unboost|p2a: Great Tusk|def|1\n|-unboost|p2a: Great Tusk|spd|1\n|faint|p1a: Heatran\n|\n|-end|p2a: Great Tusk|Magma Storm|[partiallytrapped]|[silent]\n|upkeep\n|\n|t:|1699990247\n|switch|p1a: Kingambit|Kingambit, F|100\/100\n|-activate|p1a: Kingambit|ability: Supreme Overlord\n|-start|p1a: Kingambit|fallen1|[silent]\n|turn|5\n|\n|t:|1699990260\n|-end|p2a: Great Tusk|Protosynthesis|[silent]\n|switch|p2a: Samurott|Samurott-Hisui, M|100\/100\n|move|p1a: Kingambit|Sucker Punch||[still]\n|-fail|p1a: Kingambit\n|\n|upkeep\n|turn|6\n|\n|t:|1699990269\n|-terastallize|p1a: Kingambit|Flying\n|move|p2a: Samurott|Knock Off|p1a: Kingambit\n|-damage|p1a: Kingambit|71\/100\n|-enditem|p1a: Kingambit|Life Orb|[from] move: Knock Off|[of] p2a: Samurott\n|move|p1a: Kingambit|Swords Dance|p1a: Kingambit\n|-boost|p1a: Kingambit|atk|2\n|\n|upkeep\n|turn|7\n|\n|t:|1699990280\n|move|p2a: Samurott|Razor Shell|p1a: Kingambit\n|-damage|p1a: Kingambit|36\/100\n|-unboost|p1a: Kingambit|def|1\n|move|p1a: Kingambit|Swords Dance|p1a: Kingambit\n|-boost|p1a: Kingambit|atk|2\n|\n|upkeep\n|turn|8\n|\n|t:|1699990288\n|move|p2a: Samurott|Aqua Jet|p1a: Kingambit\n|-damage|p1a: Kingambit|15\/100\n|move|p1a: Kingambit|Sucker Punch||[still]\n|-fail|p1a: Kingambit\n|\n|upkeep\n|turn|9\n|\n|t:|1699990293\n|move|p2a: Samurott|Aqua Jet|p1a: Kingambit\n|-damage|p1a: Kingambit|0 fnt\n|faint|p1a: Kingambit\n|-end|p1a: Kingambit|fallen1|[silent]\n|\n|upkeep\n|\n|t:|1699990297\n|switch|p1a: Breloom|Breloom, M|100\/100\n|turn|10\n|\n|t:|1699990308\n|switch|p2a: Great Tusk|Great Tusk|17\/100\n|move|p1a: Breloom|Swords Dance|p1a: Breloom\n|-boost|p1a: Breloom|atk|2\n|\n|upkeep\n|turn|11\n|\n|t:|1699990313\n|move|p2a: Great Tusk|Ice Spinner|p1a: Breloom\n|-supereffective|p1a: Breloom\n|-damage|p1a: Breloom|45\/100\n|move|p1a: Breloom|Bullet Seed|p2a: Great Tusk\n|-supereffective|p2a: Great Tusk\n|-damage|p2a: Great Tusk|0 fnt\n|faint|p2a: Great Tusk\n|-end|p2a: Great Tusk|Protosynthesis|[silent]\n|-hitcount|p2: Great Tusk|1\n|\n|upkeep\n|\n|t:|1699990330\n|switch|p2a: Dragapult|Dragapult, M|100\/100\n|turn|12\n|\n|t:|1699990335\n|move|p2a: Dragapult|Draco Meteor|p1a: Breloom\n|-damage|p1a: Breloom|0 fnt\n|-unboost|p2a: Dragapult|spa|2\n|faint|p1a: Breloom\n|\n|upkeep\n|\n|t:|1699990341\n|switch|p1a: Lokix|Lokix, F|100\/100\n|turn|13\n|\n|t:|1699990345\n|switch|p2a: Garganacl|Garganacl, M|100\/100\n|move|p1a: Lokix|Knock Off|p2a: Garganacl\n|-damage|p2a: Garganacl|75\/100\n|-enditem|p2a: Garganacl|Leftovers|[from] move: Knock Off|[of] p1a: Lokix\n|\n|upkeep\n|turn|14\n|\n|t:|1699990353\n|move|p1a: Lokix|Swords Dance|p1a: Lokix\n|-boost|p1a: Lokix|atk|2\n|move|p2a: Garganacl|Salt Cure|p1a: Lokix\n|-supereffective|p1a: Lokix\n|-damage|p1a: Lokix|60\/100\n|-start|p1a: Lokix|Salt Cure\n|\n|-damage|p1a: Lokix|48\/100|[from] Salt Cure\n|upkeep\n|turn|15\n|\n|t:|1699990361\n|move|p1a: Lokix|Double Kick|p2a: Garganacl\n|-supereffective|p2a: Garganacl\n|-damage|p2a: Garganacl|54\/100\n|-supereffective|p2a: Garganacl\n|-damage|p2a: Garganacl|35\/100\n|-hitcount|p2a: Garganacl|2\n|move|p2a: Garganacl|Salt Cure|p1a: Lokix\n|-supereffective|p1a: Lokix\n|-damage|p1a: Lokix|8\/100\n|-enditem|p1a: Lokix|Aguav Berry|[eat]\n|-heal|p1a: Lokix|41\/100|[from] item: Aguav Berry\n|\n|-damage|p1a: Lokix|28\/100|[from] Salt Cure\n|upkeep\n|turn|16\n|\n|t:|1699990373\n|move|p2a: Garganacl|Protect|p2a: Garganacl\n|-singleturn|p2a: Garganacl|Protect\n|move|p1a: Lokix|Double Kick|p2a: Garganacl\n|-activate|p2a: Garganacl|move: Protect\n|\n|-damage|p1a: Lokix|16\/100|[from] Salt Cure\n|upkeep\n|turn|17\n|\n|t:|1699990380\n|switch|p2a: Dragapult|Dragapult, M|100\/100\n|move|p1a: Lokix|Double Kick|p2a: Dragapult\n|-immune|p2a: Dragapult\n|\n|-damage|p1a: Lokix|4\/100|[from] Salt Cure\n|upkeep\n|turn|18\n|\n|t:|1699990390\n|move|p2a: Dragapult|Shadow Ball|p1a: Lokix\n|-resisted|p1a: Lokix\n|-crit|p1a: Lokix\n|-damage|p1a: Lokix|0 fnt\n|faint|p1a: Lokix\n|\n|upkeep\n|\n|t:|1699990397\n|switch|p1a: Great Tusk|Great Tusk|100\/100\n|turn|19\n|\n|t:|1699990405\n|switch|p2a: Garganacl|Garganacl, M|35\/100\n|move|p1a: Great Tusk|Headlong Rush|p2a: Garganacl\n|-supereffective|p2a: Garganacl\n|-damage|p2a: Garganacl|0 fnt\n|-unboost|p1a: Great Tusk|def|1\n|-unboost|p1a: Great Tusk|spd|1\n|faint|p2a: Garganacl\n|\n|upkeep\n|\n|t:|1699990425\n|switch|p2a: Samurott|Samurott-Hisui, M|100\/100\n|turn|20\n|\n|t:|1699990431\n|move|p1a: Great Tusk|Close Combat|p2a: Samurott\n|-supereffective|p2a: Samurott\n|-damage|p2a: Samurott|0 fnt\n|-unboost|p1a: Great Tusk|def|1\n|-unboost|p1a: Great Tusk|spd|1\n|faint|p2a: Samurott\n|\n|upkeep\n|\n|t:|1699990439\n|switch|p2a: Fezandipiti|Fezandipiti, M|100\/100\n|turn|21\n|\n|t:|1699990443\n|-end|p1a: Great Tusk|Protosynthesis|[silent]\n|switch|p1a: Alomomola|Alomomola, M|100\/100\n|-terastallize|p2a: Fezandipiti|Water\n|move|p2a: Fezandipiti|Play Rough|p1a: Alomomola\n|-damage|p1a: Alomomola|84\/100\n|\n|upkeep\n|turn|22\n|\n|t:|1699990453\n|move|p2a: Fezandipiti|Toxic|p1a: Alomomola\n|-status|p1a: Alomomola|tox\n|move|p1a: Alomomola|Scald|p2a: Fezandipiti\n|-resisted|p2a: Fezandipiti\n|-damage|p2a: Fezandipiti|97\/100\n|-status|p2a: Fezandipiti|brn\n|\n|-heal|p2a: Fezandipiti|100\/100 brn|[from] item: Leftovers\n|-damage|p1a: Alomomola|78\/100 tox|[from] psn\n|-damage|p2a: Fezandipiti|94\/100 brn|[from] brn\n|upkeep\n|turn|23\n|\n|t:|1699990473\n|move|p2a: Fezandipiti|Play Rough|p1a: Alomomola|[miss]\n|-miss|p2a: Fezandipiti|p1a: Alomomola\n|move|p1a: Alomomola|Wish|p1a: Alomomola\n|\n|-heal|p2a: Fezandipiti|100\/100 brn|[from] item: Leftovers\n|-damage|p1a: Alomomola|66\/100 tox|[from] psn\n|-damage|p2a: Fezandipiti|94\/100 brn|[from] brn\n|upkeep\n|turn|24\n|\n|t:|1699990482\n|move|p2a: Fezandipiti|Play Rough|p1a: Alomomola\n|-damage|p1a: Alomomola|58\/100 tox\n|move|p1a: Alomomola|Light Screen|p1a: Alomomola\n|-sidestart|p1: Sherlock4580|move: Light Screen\n|\n|-heal|p1a: Alomomola|100\/100 tox|[from] move: Wish|[wisher] Alomomola\n|-heal|p2a: Fezandipiti|100\/100 brn|[from] item: Leftovers\n|-damage|p1a: Alomomola|82\/100 tox|[from] psn\n|-damage|p2a: Fezandipiti|94\/100 brn|[from] brn\n|upkeep\n|turn|25\n|\n|t:|1699990494\n|move|p2a: Fezandipiti|Play Rough|p1a: Alomomola\n|-damage|p1a: Alomomola|74\/100 tox\n|move|p1a: Alomomola|Wish|p1a: Alomomola\n|\n|-heal|p2a: Fezandipiti|100\/100 brn|[from] item: Leftovers\n|-damage|p1a: Alomomola|50\/100 tox|[from] psn\n|-damage|p2a: Fezandipiti|94\/100 brn|[from] brn\n|upkeep\n|turn|26\n|\n|t:|1699990502\n|move|p1a: Alomomola|Protect|p1a: Alomomola\n|-singleturn|p1a: Alomomola|Protect\n|move|p2a: Fezandipiti|Play Rough|p1a: Alomomola\n|-activate|p1a: Alomomola|move: Protect\n|\n|-heal|p1a: Alomomola|99\/100 tox|[from] move: Wish|[wisher] Alomomola\n|-heal|p2a: Fezandipiti|100\/100 brn|[from] item: Leftovers\n|-damage|p1a: Alomomola|69\/100 tox|[from] psn\n|-damage|p2a: Fezandipiti|94\/100 brn|[from] brn\n|upkeep\n|turn|27\n|\n|t:|1699990531\n|move|p2a: Fezandipiti|Play Rough|p1a: Alomomola|[miss]\n|-miss|p2a: Fezandipiti|p1a: Alomomola\n|move|p1a: Alomomola|Wish|p1a: Alomomola\n|\n|-heal|p2a: Fezandipiti|100\/100 brn|[from] item: Leftovers\n|-damage|p1a: Alomomola|32\/100 tox|[from] psn\n|-damage|p2a: Fezandipiti|94\/100 brn|[from] brn\n|upkeep\n|turn|28\n|\n|t:|1699990539\n|move|p1a: Alomomola|Protect|p1a: Alomomola\n|-singleturn|p1a: Alomomola|Protect\n|move|p2a: Fezandipiti|Play Rough|p1a: Alomomola\n|-activate|p1a: Alomomola|move: Protect\n|\n|-heal|p1a: Alomomola|82\/100 tox|[from] move: Wish|[wisher] Alomomola\n|-heal|p2a: Fezandipiti|100\/100 brn|[from] item: Leftovers\n|-damage|p1a: Alomomola|39\/100 tox|[from] psn\n|-damage|p2a: Fezandipiti|94\/100 brn|[from] brn\n|upkeep\n|turn|29\n|\n|t:|1699990550\n|move|p1a: Alomomola|Protect||[still]\n|-fail|p1a: Alomomola\n|move|p2a: Fezandipiti|Play Rough|p1a: Alomomola\n|-damage|p1a: Alomomola|31\/100 tox\n|\n|-heal|p2a: Fezandipiti|100\/100 brn|[from] item: Leftovers\n|-damage|p1a: Alomomola|0 fnt|[from] psn\n|faint|p1a: Alomomola\n|-damage|p2a: Fezandipiti|94\/100 brn|[from] brn\n|upkeep\n|\n|t:|1699990552\n|switch|p1a: Great Tusk|Great Tusk|100\/100\n|turn|30\n|\n|t:|1699990565\n|move|p1a: Great Tusk|Rapid Spin|p2a: Fezandipiti\n|-damage|p2a: Fezandipiti|76\/100 brn\n|-boost|p1a: Great Tusk|spe|1\n|move|p2a: Fezandipiti|Play Rough|p1a: Great Tusk\n|-supereffective|p1a: Great Tusk\n|-damage|p1a: Great Tusk|81\/100\n|-status|p1a: Great Tusk|tox|[from] ability: Toxic Chain|[of] p2a: Fezandipiti\n|\n|-heal|p2a: Fezandipiti|82\/100 brn|[from] item: Leftovers\n|-damage|p1a: Great Tusk|75\/100 tox|[from] psn\n|-damage|p2a: Fezandipiti|76\/100 brn|[from] brn\n|upkeep\n|turn|31\n|\n|t:|1699990578\n|move|p1a: Great Tusk|Headlong Rush|p2a: Fezandipiti\n|-damage|p2a: Fezandipiti|4\/100 brn\n|-unboost|p1a: Great Tusk|def|1\n|-unboost|p1a: Great Tusk|spd|1\n|move|p2a: Fezandipiti|Play Rough|p1a: Great Tusk\n|-supereffective|p1a: Great Tusk\n|-damage|p1a: Great Tusk|44\/100 tox\n|\n|-heal|p2a: Fezandipiti|10\/100 brn|[from] item: Leftovers\n|-damage|p1a: Great Tusk|32\/100 tox|[from] psn\n|-damage|p2a: Fezandipiti|4\/100 brn|[from] brn\n|-sideend|p1: Sherlock4580|move: Light Screen\n|upkeep\n|turn|32\n|\n|t:|1699990589\n|move|p1a: Great Tusk|Headlong Rush|p2a: Fezandipiti\n|-damage|p2a: Fezandipiti|0 fnt\n|-unboost|p1a: Great Tusk|def|1\n|-unboost|p1a: Great Tusk|spd|1\n|faint|p2a: Fezandipiti\n|\n|-damage|p1a: Great Tusk|13\/100 tox|[from] psn\n|upkeep\n|-enditem|p1a: Great Tusk|Aguav Berry|[eat]\n|-heal|p1a: Great Tusk|47\/100 tox|[from] item: Aguav Berry\n|\n|t:|1699990598\n|switch|p2a: Dragapult|Dragapult, M|100\/100\n|turn|33\n|\n|t:|1699990602\n|move|p1a: Great Tusk|Headlong Rush|p2a: Dragapult\n|-crit|p2a: Dragapult\n|-damage|p2a: Dragapult|0 fnt\n|-unboost|p1a: Great Tusk|def|1\n|-unboost|p1a: Great Tusk|spd|1\n|faint|p2a: Dragapult\n|\n|win|Sherlock4580\n|raw|Sherlock4580's rating: 1091 &rarr; <strong>1117<\/strong><br \/>(+26 for winning)\n|raw|Landv23's rating: 1085 &rarr; <strong>1063<\/strong><br \/>(-22 for losing)\n","uploadtime":1699990606,"views":5,"p1id":"sherlock4580","p2id":"landv23","formatid":"gen9ou","rating":1063,"private":0,"password":""}