{"id":"gen9ou-1991560557","p1":"tacodog 123412","p2":"pocketdog","format":"[Gen 9] OU","log":"|j|\u2606tacodog 123412\n|j|\u2606pocketdog\n|t:|1700088453\n|gametype|singles\n|player|p1|tacodog 123412|kieran-festival|1551\n|player|p2|pocketdog|ethan|1565\n|teamsize|p1|6\n|teamsize|p2|6\n|gen|9\n|tier|[Gen 9] OU\n|rated|\n|rule|Sleep Clause Mod: Limit one foe put to sleep\n|rule|Species Clause: Limit one of each Pok\u00e9mon\n|rule|OHKO Clause: OHKO moves are banned\n|rule|Evasion Items Clause: Evasion items are banned\n|rule|Evasion Moves Clause: Evasion moves are banned\n|rule|Endless Battle Clause: Forcing endless battles is banned\n|rule|HP Percentage Mod: HP is shown in percentages\n|clearpoke\n|poke|p1|Weavile, F|\n|poke|p1|Amoonguss, M|\n|poke|p1|Garganacl, M|\n|poke|p1|Maushold|\n|poke|p1|Kingambit, F|\n|poke|p1|Samurott-Hisui, M|\n|poke|p2|Zoroark-Hisui, F|\n|poke|p2|Hoopa-Unbound|\n|poke|p2|Scizor, F|\n|poke|p2|Weezing-Galar, M|\n|poke|p2|Quaquaval, M|\n|poke|p2|Volcanion|\n|teampreview\n|inactive|Battle timer is ON: inactive players will automatically lose when time's up. (requested by tacodog 123412)\n|\n|t:|1700088468\n|start\n|switch|p1a: Garganacl|Garganacl, M|100\/100\n|switch|p2a: Scizor|Scizor, F|100\/100\n|turn|1\n|\n|t:|1700088477\n|-terastallize|p1a: Garganacl|Fairy\n|move|p2a: Scizor|Bullet Punch|p1a: Garganacl\n|-supereffective|p1a: Garganacl\n|-damage|p1a: Garganacl|31\/100\n|move|p1a: Garganacl|Salt Cure|p2a: Scizor\n|-damage|p2a: Scizor|86\/100\n|-start|p2a: Scizor|Salt Cure\n|\n|-heal|p1a: Garganacl|37\/100|[from] item: Leftovers\n|-damage|p2a: Scizor|61\/100|[from] Salt Cure\n|upkeep\n|turn|2\n|\n|t:|1700088486\n|switch|p2a: Volcanion|Volcanion|100\/100\n|switch|p1a: Samurott|Samurott-Hisui, M, shiny|100\/100\n|\n|upkeep\n|turn|3\n|\n|t:|1700088493\n|switch|p2a: Weezing|Weezing-Galar, M|100\/100\n|move|p1a: Samurott|Swords Dance|p1a: Samurott\n|-boost|p1a: Samurott|atk|2\n|\n|upkeep\n|turn|4\n|\n|t:|1700088498\n|move|p1a: Samurott|Aqua Cutter|p2a: Weezing\n|-damage|p2a: Weezing|18\/100\n|move|p2a: Weezing|Strange Steam|p1a: Samurott\n|-supereffective|p1a: Samurott\n|-damage|p1a: Samurott|22\/100\n|\n|upkeep\n|turn|5\n|\n|t:|1700088507\n|move|p1a: Samurott|Ceaseless Edge|p2a: Weezing|[miss]\n|-miss|p1a: Samurott|p2a: Weezing\n|move|p2a: Weezing|Strange Steam|p1a: Samurott\n|-supereffective|p1a: Samurott\n|-damage|p1a: Samurott|0 fnt\n|faint|p1a: Samurott\n|\n|upkeep\n|\n|t:|1700088521\n|switch|p1a: Maushold|Maushold|100\/100\n|turn|6\n|\n|t:|1700088526\n|move|p1a: Maushold|Population Bomb|p2a: Weezing\n|-damage|p2a: Weezing|11\/100\n|-damage|p1a: Maushold|84\/100|[from] item: Rocky Helmet|[of] p2a: Weezing\n|-damage|p2a: Weezing|4\/100\n|-damage|p1a: Maushold|67\/100|[from] item: Rocky Helmet|[of] p2a: Weezing\n|-damage|p2a: Weezing|0 fnt\n|-damage|p1a: Maushold|51\/100|[from] item: Rocky Helmet|[of] p2a: Weezing\n|faint|p2a: Weezing\n|-hitcount|p2: Weezing|3\n|\n|upkeep\n|\n|t:|1700088544\n|switch|p2a: Scizor|Scizor, F|61\/100\n|turn|7\n|\n|t:|1700088549\n|switch|p1a: Amoonguss|Amoonguss, M, shiny|100\/100\n|move|p2a: Scizor|U-turn|p1a: Amoonguss\n|-damage|p1a: Amoonguss|61\/100\n|-enditem|p1a: Amoonguss|Red Card|[of] p2a: Scizor\n|drag|p2a: Quaquaval|Quaquaval, M|100\/100\n|\n|upkeep\n|turn|8\n|\n|t:|1700088559\n|move|p2a: Quaquaval|Knock Off|p1a: Amoonguss\n|-damage|p1a: Amoonguss|47\/100\n|move|p1a: Amoonguss|Spore|p2a: Quaquaval\n|-status|p2a: Quaquaval|slp|[from] move: Spore\n|\n|upkeep\n|turn|9\n|\n|t:|1700088564\n|switch|p2a: Volcanion|Volcanion|100\/100\n|switch|p1a: Maushold|Maushold|51\/100\n|\n|upkeep\n|turn|10\n|\n|t:|1700088575\n|switch|p1a: Amoonguss|Amoonguss, M, shiny|81\/100\n|move|p2a: Volcanion|Hyper Voice|p1a: Amoonguss\n|-damage|p1a: Amoonguss|20\/100\n|\n|upkeep\n|turn|11\n|\n|t:|1700088580\n|switch|p1a: Kingambit|Kingambit, F|100\/100\n|-activate|p1a: Kingambit|ability: Supreme Overlord\n|-start|p1a: Kingambit|fallen1|[silent]\n|move|p2a: Volcanion|Hyper Voice|p1a: Kingambit\n|-resisted|p1a: Kingambit\n|-damage|p1a: Kingambit|61\/100\n|\n|-heal|p1a: Kingambit|67\/100|[from] item: Leftovers\n|upkeep\n|turn|12\n|\n|t:|1700088588\n|switch|p2a: Quaquaval|Quaquaval, M|100\/100 slp\n|move|p1a: Kingambit|Swords Dance|p1a: Kingambit\n|-boost|p1a: Kingambit|atk|2\n|\n|-heal|p1a: Kingambit|73\/100|[from] item: Leftovers\n|upkeep\n|turn|13\n|\n|t:|1700088592\n|cant|p2a: Quaquaval|slp\n|move|p1a: Kingambit|Kowtow Cleave|p2a: Quaquaval\n|-resisted|p2a: Quaquaval\n|-damage|p2a: Quaquaval|35\/100 slp\n|\n|-heal|p1a: Kingambit|79\/100|[from] item: Leftovers\n|upkeep\n|turn|14\n|\n|t:|1700088597\n|move|p1a: Kingambit|Sucker Punch|p2a: Quaquaval\n|-resisted|p2a: Quaquaval\n|-damage|p2a: Quaquaval|0 fnt\n|faint|p2a: Quaquaval\n|\n|-heal|p1a: Kingambit|86\/100|[from] item: Leftovers\n|upkeep\n|\n|t:|1700088601\n|switch|p2a: Volcanion|Volcanion|100\/100\n|turn|15\n|\n|t:|1700088620\n|-end|p1a: Kingambit|fallen1|[silent]\n|switch|p1a: Amoonguss|Amoonguss, M, shiny|54\/100\n|move|p2a: Volcanion|Steam Eruption|p1a: Amoonguss\n|-resisted|p1a: Amoonguss\n|-damage|p1a: Amoonguss|7\/100\n|\n|upkeep\n|turn|16\n|\n|t:|1700088628\n|move|p2a: Volcanion|Steam Eruption|p1a: Amoonguss\n|-resisted|p1a: Amoonguss\n|-damage|p1a: Amoonguss|0 fnt\n|faint|p1a: Amoonguss\n|\n|upkeep\n|\n|t:|1700088630\n|switch|p1a: Garganacl|Garganacl, M, tera:Fairy|37\/100\n|turn|17\n|\n|t:|1700088634\n|move|p2a: Volcanion|Steam Eruption|p1a: Garganacl\n|-crit|p1a: Garganacl\n|-damage|p1a: Garganacl|0 fnt\n|faint|p1a: Garganacl\n|\n|upkeep\n|\n|t:|1700088641\n|switch|p1a: Maushold|Maushold|51\/100\n|turn|18\n|\n|t:|1700088649\n|switch|p2a: Scizor|Scizor, F|61\/100\n|move|p1a: Maushold|Tidy Up|p1a: Maushold\n|-boost|p1a: Maushold|atk|1\n|-boost|p1a: Maushold|spe|1\n|\n|upkeep\n|turn|19\n|\n|t:|1700088655\n|move|p2a: Scizor|Bullet Punch|p1a: Maushold\n|-damage|p1a: Maushold|0 fnt\n|faint|p1a: Maushold\n|\n|upkeep\n|\n|t:|1700088661\n|switch|p1a: Weavile|Weavile, F|100\/100\n|-ability|p1a: Weavile|Pressure\n|turn|20\n|\n|t:|1700088665\n|move|p2a: Scizor|Bullet Punch|p1a: Weavile\n|-supereffective|p1a: Weavile\n|-damage|p1a: Weavile|0 fnt\n|faint|p1a: Weavile\n|\n|upkeep\n|\n|t:|1700088667\n|switch|p1a: Kingambit|Kingambit, F|86\/100\n|-activate|p1a: Kingambit|ability: Supreme Overlord\n|-start|p1a: Kingambit|fallen5|[silent]\n|turn|21\n|\n|t:|1700088671\n|switch|p2a: Hoopa|Hoopa-Unbound|100\/100\n|move|p1a: Kingambit|Swords Dance|p1a: Kingambit\n|-boost|p1a: Kingambit|atk|2\n|\n|-heal|p1a: Kingambit|92\/100|[from] item: Leftovers\n|upkeep\n|turn|22\n|\n|t:|1700088678\n|move|p1a: Kingambit|Sucker Punch|p2a: Hoopa\n|-supereffective|p2a: Hoopa\n|-damage|p2a: Hoopa|0 fnt\n|replace|p2a: Zoroark|Zoroark-Hisui, F\n|-end|p2a: Zoroark|Illusion\n|faint|p2a: Zoroark\n|\n|-heal|p1a: Kingambit|98\/100|[from] item: Leftovers\n|upkeep\n|\n|t:|1700088681\n|switch|p2a: Volcanion|Volcanion|100\/100\n|turn|23\n|\n|t:|1700088686\n|move|p1a: Kingambit|Sucker Punch|p2a: Volcanion\n|-crit|p2a: Volcanion\n|-damage|p2a: Volcanion|0 fnt\n|faint|p2a: Volcanion\n|\n|-heal|p1a: Kingambit|100\/100|[from] item: Leftovers\n|upkeep\n|c|\u2606pocketdog|Wow\n|\n|t:|1700088698\n|switch|p2a: Hoopa|Hoopa-Unbound|100\/100\n|turn|24\n|\n|t:|1700088700\n|move|p1a: Kingambit|Sucker Punch|p2a: Hoopa\n|-damage|p2a: Hoopa|0 fnt\n|faint|p2a: Hoopa\n|\n|upkeep\n|\n|t:|1700088706\n|switch|p2a: Scizor|Scizor, F|61\/100\n|turn|25\n|\n|t:|1700088708\n|move|p1a: Kingambit|Sucker Punch|p2a: Scizor\n|-damage|p2a: Scizor|0 fnt\n|faint|p2a: Scizor\n|\n|win|tacodog 123412\n|raw|tacodog 123412's rating: 1551 &rarr; <strong>1572<\/strong><br \/>(+21 for winning)\n|raw|pocketdog's rating: 1565 &rarr; <strong>1544<\/strong><br \/>(-21 for losing)\n|c|\u2606tacodog 123412|gg\n|l|\u2606pocketdog\n","uploadtime":1700088715,"views":23,"p1id":"tacodog123412","p2id":"pocketdog","formatid":"gen9ou","rating":1544,"private":0,"password":""}