{"id":"gen9ou-1992011583","p1":"Gjifrz77","p2":"JTtuRcla1NuTfkZik5","format":"[Gen 9] OU","log":"|j|\u2606Gjifrz77\n|j|\u2606JTtuRcla1NuTfkZik5\n|t:|1700147581\n|gametype|singles\n|player|p1|Gjifrz77|ghetsis|1000\n|player|p2|JTtuRcla1NuTfkZik5|265|1000\n|teamsize|p1|6\n|teamsize|p2|6\n|gen|9\n|tier|[Gen 9] OU\n|rated|\n|rule|Sleep Clause Mod: Limit one foe put to sleep\n|rule|Species Clause: Limit one of each Pok\u00e9mon\n|rule|OHKO Clause: OHKO moves are banned\n|rule|Evasion Items Clause: Evasion items are banned\n|rule|Evasion Moves Clause: Evasion moves are banned\n|rule|Endless Battle Clause: Forcing endless battles is banned\n|rule|HP Percentage Mod: HP is shown in percentages\n|clearpoke\n|poke|p1|Corviknight, M|\n|poke|p1|Kommo-o, M|\n|poke|p1|Braviary-Hisui, M|\n|poke|p1|Arcanine-Hisui, M|\n|poke|p1|Decidueye-Hisui, F|\n|poke|p1|Blissey, F|\n|poke|p2|Manaphy|\n|poke|p2|Kingambit, F|\n|poke|p2|Ribombee, F|\n|poke|p2|Gholdengo|\n|poke|p2|Iron Moth|\n|poke|p2|Ogerpon-Wellspring, F|\n|teampreview\n|inactive|Battle timer is ON: inactive players will automatically lose when time's up. (requested by JTtuRcla1NuTfkZik5)\n|\n|t:|1700147591\n|start\n|switch|p1a: Blissey|Blissey, F|100\/100\n|switch|p2a: Ribombee|Ribombee, F, shiny|100\/100\n|turn|1\n|\n|t:|1700147596\n|move|p2a: Ribombee|Sticky Web|p1a: Blissey\n|-sidestart|p1: Gjifrz77|move: Sticky Web\n|move|p1a: Blissey|Ice Beam|p2a: Ribombee\n|-damage|p2a: Ribombee|71\/100\n|\n|upkeep\n|turn|2\n|\n|t:|1700147607\n|switch|p2a: Ogerpon|Ogerpon-Wellspring, F|100\/100\n|move|p1a: Blissey|Ice Beam|p2a: Ogerpon\n|-damage|p2a: Ogerpon|80\/100\n|\n|upkeep\n|turn|3\n|\n|t:|1700147615\n|move|p2a: Ogerpon|Swords Dance|p2a: Ogerpon\n|-boost|p2a: Ogerpon|atk|2\n|move|p1a: Blissey|Ice Beam|p2a: Ogerpon\n|-damage|p2a: Ogerpon|59\/100\n|\n|upkeep\n|turn|4\n|\n|t:|1700147624\n|move|p2a: Ogerpon|Ivy Cudgel|p1a: Blissey|[anim] Ivy Cudgel Water\n|-damage|p1a: Blissey|0 fnt\n|faint|p1a: Blissey\n|\n|upkeep\n|\n|t:|1700147631\n|switch|p1a: Arcanine|Arcanine-Hisui, M|100\/100\n|-ability|p1a: Arcanine|Intimidate|boost\n|-unboost|p2a: Ogerpon|atk|1\n|turn|5\n|\n|t:|1700147636\n|move|p2a: Ogerpon|Ivy Cudgel|p1a: Arcanine|[anim] Ivy Cudgel Water\n|-supereffective|p1a: Arcanine\n|-damage|p1a: Arcanine|0 fnt\n|faint|p1a: Arcanine\n|\n|upkeep\n|\n|t:|1700147641\n|switch|p1a: Decidueye|Decidueye-Hisui, F, shiny|100\/100\n|-activate|p1a: Decidueye|move: Sticky Web\n|-unboost|p1a: Decidueye|spe|1\n|turn|6\n|\n|t:|1700147649\n|switch|p2a: Ribombee|Ribombee, F, shiny|71\/100\n|move|p1a: Decidueye|Leaf Blade|p2a: Ribombee\n|-resisted|p2a: Ribombee\n|-damage|p2a: Ribombee|35\/100\n|\n|upkeep\n|turn|7\n|\n|t:|1700147661\n|move|p2a: Ribombee|Moonblast|p1a: Decidueye\n|-supereffective|p1a: Decidueye\n|-damage|p1a: Decidueye|30\/100\n|-unboost|p1a: Decidueye|spa|1\n|move|p1a: Decidueye|Leaf Blade|p2a: Ribombee\n|-resisted|p2a: Ribombee\n|-damage|p2a: Ribombee|0 fnt\n|faint|p2a: Ribombee\n|\n|upkeep\n|\n|t:|1700147667\n|switch|p2a: Iron Moth|Iron Moth|100\/100\n|-enditem|p2a: Iron Moth|Booster Energy\n|-activate|p2a: Iron Moth|ability: Quark Drive|[fromitem]\n|-start|p2a: Iron Moth|quarkdrivespe\n|turn|8\n|\n|t:|1700147678\n|move|p2a: Iron Moth|Fiery Dance|p1a: Decidueye\n|-supereffective|p1a: Decidueye\n|-damage|p1a: Decidueye|0 fnt\n|faint|p1a: Decidueye\n|\n|upkeep\n|\n|t:|1700147686\n|switch|p1a: Braviary|Braviary-Hisui, M|100\/100\n|turn|9\n|\n|t:|1700147693\n|-end|p2a: Iron Moth|Quark Drive|[silent]\n|switch|p2a: Kingambit|Kingambit, F|100\/100\n|-activate|p2a: Kingambit|ability: Supreme Overlord\n|-start|p2a: Kingambit|fallen1|[silent]\n|move|p1a: Braviary|Acrobatics|p2a: Kingambit\n|-resisted|p2a: Kingambit\n|-damage|p2a: Kingambit|65\/100\n|\n|upkeep\n|turn|10\n|\n|t:|1700147704\n|move|p2a: Kingambit|Kowtow Cleave|p1a: Braviary\n|-supereffective|p1a: Braviary\n|-damage|p1a: Braviary|0 fnt\n|faint|p1a: Braviary\n|\n|upkeep\n|\n|t:|1700147711\n|switch|p1a: Corviknight|Corviknight, M|100\/100\n|-ability|p1a: Corviknight|Pressure\n|turn|11\n|\n|t:|1700147719\n|-end|p2a: Kingambit|fallen1|[silent]\n|switch|p2a: Gholdengo|Gholdengo|100\/100\n|-item|p2a: Gholdengo|Air Balloon\n|move|p1a: Corviknight|Iron Defense|p1a: Corviknight\n|-boost|p1a: Corviknight|def|2\n|\n|upkeep\n|turn|12\n|\n|t:|1700147726\n|move|p2a: Gholdengo|Nasty Plot|p2a: Gholdengo\n|-boost|p2a: Gholdengo|spa|2\n|move|p1a: Corviknight|Iron Defense|p1a: Corviknight\n|-boost|p1a: Corviknight|def|2\n|\n|upkeep\n|turn|13\n|\n|t:|1700147731\n|move|p2a: Gholdengo|Shadow Ball|p1a: Corviknight\n|-damage|p1a: Corviknight|25\/100\n|-enditem|p1a: Corviknight|Aguav Berry|[eat]\n|-heal|p1a: Corviknight|59\/100|[from] item: Aguav Berry\n|move|p1a: Corviknight|Iron Defense|p1a: Corviknight\n|-boost|p1a: Corviknight|def|2\n|\n|upkeep\n|turn|14\n|\n|t:|1700147739\n|move|p2a: Gholdengo|Shadow Ball|p1a: Corviknight\n|-damage|p1a: Corviknight|0 fnt\n|faint|p1a: Corviknight\n|\n|upkeep\n|\n|t:|1700147743\n|switch|p1a: Ricky|Kommo-o, M|100\/100\n|-activate|p1a: Ricky|move: Sticky Web\n|-unboost|p1a: Ricky|spe|1\n|turn|15\n|\n|t:|1700147747\n|-terastallize|p1a: Ricky|Poison\n|move|p2a: Gholdengo|Make It Rain|p1a: Ricky\n|-damage|p1a: Ricky|0 fnt\n|-unboost|p2a: Gholdengo|spa|1\n|faint|p1a: Ricky\n|\n|win|JTtuRcla1NuTfkZik5\n|raw|Gjifrz77's rating: 1000 &rarr; <strong>1000<\/strong><br \/>(+0 for losing)\n|raw|JTtuRcla1NuTfkZik5's rating: 1000 &rarr; <strong>1040<\/strong><br \/>(+40 for winning)\n|l|\u2606Gjifrz77\n","uploadtime":1700147759,"views":7,"p1id":"gjifrz77","p2id":"jtturcla1nutfkzik5","formatid":"gen9ou","rating":1000,"private":0,"password":""}