{"id":"gen9ou-1992469246","p1":"nba baltoy","p2":"CyBorges","format":"[Gen 9] OU","log":"|j|\u2606nba baltoy\n|j|\u2606CyBorges\n|t:|1700191392\n|gametype|singles\n|player|p1|nba baltoy|shauntal|1490\n|player|p2|CyBorges|2|1380\n|teamsize|p1|6\n|teamsize|p2|6\n|gen|9\n|tier|[Gen 9] OU\n|rated|\n|rule|Sleep Clause Mod: Limit one foe put to sleep\n|rule|Species Clause: Limit one of each Pok\u00e9mon\n|rule|OHKO Clause: OHKO moves are banned\n|rule|Evasion Items Clause: Evasion items are banned\n|rule|Evasion Moves Clause: Evasion moves are banned\n|rule|Endless Battle Clause: Forcing endless battles is banned\n|rule|HP Percentage Mod: HP is shown in percentages\n|clearpoke\n|poke|p1|Tornadus-Therian, M|\n|poke|p1|Scizor, M|\n|poke|p1|Great Tusk|\n|poke|p1|Skeledirge, M|\n|poke|p1|Heatran, F|\n|poke|p1|Thundurus-Therian, M|\n|poke|p2|Zamazenta-*|\n|poke|p2|Dondozo, M|\n|poke|p2|Kingambit, F|\n|poke|p2|Heatran, F|\n|poke|p2|Corviknight, F|\n|poke|p2|Clefable, M|\n|teampreview\n|inactive|Battle timer is ON: inactive players will automatically lose when time's up. (requested by nba baltoy)\n|\n|t:|1700191406\n|start\n|switch|p1a: Tornadus|Tornadus-Therian, M|100\/100\n|switch|p2a: Heatran|Heatran, F|100\/100\n|turn|1\n|\n|t:|1700191414\n|move|p1a: Tornadus|Knock Off|p2a: Heatran\n|-damage|p2a: Heatran|80\/100\n|-enditem|p2a: Heatran|Leftovers|[from] move: Knock Off|[of] p1a: Tornadus\n|move|p2a: Heatran|Stealth Rock|p1a: Tornadus\n|-sidestart|p1: nba baltoy|move: Stealth Rock\n|\n|upkeep\n|turn|2\n|\n|t:|1700191423\n|move|p1a: Tornadus|U-turn|p2a: Heatran\n|-resisted|p2a: Heatran\n|-damage|p2a: Heatran|77\/100\n|\n|t:|1700191426\n|switch|p1a: Heatran|Heatran, F|100\/100|[from] U-turn\n|-damage|p1a: Heatran|88\/100|[from] Stealth Rock\n|move|p2a: Heatran|Magma Storm|p1a: Heatran\n|-start|p1a: Heatran|ability: Flash Fire\n|\n|-heal|p1a: Heatran|94\/100|[from] item: Leftovers\n|upkeep\n|turn|3\n|\n|t:|1700191438\n|-terastallize|p2a: Heatran|Grass\n|move|p2a: Heatran|Earth Power|p1a: Heatran\n|-supereffective|p1a: Heatran\n|-damage|p1a: Heatran|14\/100\n|move|p1a: Heatran|Stealth Rock|p2a: Heatran\n|-sidestart|p2: CyBorges|move: Stealth Rock\n|\n|-heal|p1a: Heatran|20\/100|[from] item: Leftovers\n|upkeep\n|turn|4\n|\n|t:|1700191459\n|-end|p1a: Heatran|ability: Flash Fire|[silent]\n|switch|p1a: Tornadus|Tornadus-Therian, M|100\/100\n|-damage|p1a: Tornadus|76\/100|[from] Stealth Rock\n|move|p2a: Heatran|Earth Power|p1a: Tornadus\n|-immune|p1a: Tornadus\n|\n|upkeep\n|turn|5\n|\n|t:|1700191471\n|switch|p2a: Corviknight|Corviknight, F|100\/100\n|-damage|p2a: Corviknight|88\/100|[from] Stealth Rock\n|-ability|p2a: Corviknight|Pressure\n|move|p1a: Tornadus|Bleakwind Storm|p2a: Corviknight\n|-resisted|p2a: Corviknight\n|-damage|p2a: Corviknight|70\/100\n|\n|upkeep\n|turn|6\n|inactive|CyBorges has 120 seconds left.\n|\n|t:|1700191504\n|move|p1a: Tornadus|Knock Off|p2a: Corviknight\n|-crit|p2a: Corviknight\n|-damage|p2a: Corviknight|52\/100\n|-damage|p1a: Tornadus|59\/100|[from] item: Rocky Helmet|[of] p2a: Corviknight\n|-enditem|p2a: Corviknight|Rocky Helmet|[from] move: Knock Off|[of] p1a: Tornadus\n|move|p2a: Corviknight|U-turn|p1a: Tornadus\n|-resisted|p1a: Tornadus\n|-damage|p1a: Tornadus|50\/100\n|inactive|CyBorges has 120 seconds left.\n|\n|t:|1700191511\n|switch|p2a: Clefable|Clefable, M|100\/100|[from] U-turn\n|\n|upkeep\n|turn|7\n|\n|t:|1700191520\n|move|p1a: Tornadus|Knock Off|p2a: Clefable\n|-resisted|p2a: Clefable\n|-damage|p2a: Clefable|90\/100\n|-enditem|p2a: Clefable|Life Orb|[from] move: Knock Off|[of] p1a: Tornadus\n|move|p2a: Clefable|Calm Mind|p2a: Clefable\n|-boost|p2a: Clefable|spa|1\n|-boost|p2a: Clefable|spd|1\n|\n|upkeep\n|turn|8\n|\n|t:|1700191529\n|move|p1a: Tornadus|U-turn|p2a: Clefable\n|-resisted|p2a: Clefable\n|-damage|p2a: Clefable|83\/100\n|\n|t:|1700191535\n|switch|p1a: Heatran|Heatran, F|20\/100|[from] U-turn\n|-damage|p1a: Heatran|8\/100|[from] Stealth Rock\n|move|p2a: Clefable|Thunderbolt|p1a: Heatran\n|-crit|p1a: Heatran\n|-damage|p1a: Heatran|0 fnt\n|faint|p1a: Heatran\n|\n|upkeep\n|\n|t:|1700191541\n|switch|p1a: Scizor|Scizor, M|100\/100\n|-damage|p1a: Scizor|88\/100|[from] Stealth Rock\n|turn|9\n|\n|t:|1700191552\n|switch|p2a: Dondozo|Dondozo, M|100\/100\n|move|p1a: Scizor|Knock Off|p2a: Dondozo\n|-damage|p2a: Dondozo|86\/100\n|-enditem|p2a: Dondozo|Heavy-Duty Boots|[from] move: Knock Off|[of] p1a: Scizor\n|\n|-heal|p1a: Scizor|94\/100|[from] item: Leftovers\n|upkeep\n|turn|10\n|\n|t:|1700191563\n|switch|p1a: Tornadus|Tornadus-Therian, M|84\/100\n|-damage|p1a: Tornadus|59\/100|[from] Stealth Rock\n|move|p2a: Dondozo|Liquidation|p1a: Tornadus\n|-damage|p1a: Tornadus|27\/100\n|\n|upkeep\n|turn|11\n|\n|t:|1700191573\n|switch|p2a: Corviknight|Corviknight, F|52\/100\n|-damage|p2a: Corviknight|40\/100|[from] Stealth Rock\n|-ability|p2a: Corviknight|Pressure\n|move|p1a: Tornadus|U-turn|p2a: Corviknight\n|-resisted|p2a: Corviknight\n|-damage|p2a: Corviknight|38\/100\n|\n|t:|1700191576\n|switch|p1a: Thundurus|Thundurus-Therian, M|100\/100|[from] U-turn\n|\n|upkeep\n|turn|12\n|\n|t:|1700191590\n|switch|p2a: Heatran|Heatran, F, tera:Grass|77\/100\n|-damage|p2a: Heatran|65\/100|[from] Stealth Rock\n|move|p1a: Thundurus|Taunt|p2a: Heatran\n|-start|p2a: Heatran|move: Taunt\n|\n|upkeep\n|turn|13\n|\n|t:|1700191599\n|move|p1a: Thundurus|Volt Switch|p2a: Heatran\n|-resisted|p2a: Heatran\n|-damage|p2a: Heatran|45\/100\n|\n|t:|1700191602\n|switch|p1a: Tornadus|Tornadus-Therian, M|60\/100|[from] Volt Switch\n|-damage|p1a: Tornadus|36\/100|[from] Stealth Rock\n|move|p2a: Heatran|Magma Storm|p1a: Tornadus|[miss]\n|-miss|p2a: Heatran|p1a: Tornadus\n|\n|upkeep\n|turn|14\n|\n|t:|1700191617\n|switch|p2a: Clefable|Clefable, M|83\/100\n|move|p1a: Tornadus|U-turn|p2a: Clefable\n|-resisted|p2a: Clefable\n|-damage|p2a: Clefable|77\/100\n|\n|t:|1700191619\n|switch|p1a: Scizor|Scizor, M|94\/100|[from] U-turn\n|-damage|p1a: Scizor|82\/100|[from] Stealth Rock\n|\n|-heal|p1a: Scizor|88\/100|[from] item: Leftovers\n|upkeep\n|turn|15\n|\n|t:|1700191636\n|switch|p1a: Thundurus|Thundurus-Therian, M|100\/100\n|switch|p2a: Kingambit|Kingambit, F|100\/100\n|-damage|p2a: Kingambit|94\/100|[from] Stealth Rock\n|\n|-heal|p2a: Kingambit|100\/100|[from] item: Leftovers\n|upkeep\n|turn|16\n|\n|t:|1700191646\n|switch|p1a: Great Tusk|Great Tusk|100\/100\n|move|p2a: Kingambit|Swords Dance|p2a: Kingambit\n|-boost|p2a: Kingambit|atk|2\n|\n|upkeep\n|turn|17\n|\n|t:|1700191652\n|-end|p2a: Kingambit|fallenundefined|[silent]\n|switch|p2a: Dondozo|Dondozo, M|86\/100\n|-damage|p2a: Dondozo|73\/100|[from] Stealth Rock\n|move|p1a: Great Tusk|Bulk Up|p1a: Great Tusk\n|-boost|p1a: Great Tusk|atk|1\n|-boost|p1a: Great Tusk|def|1\n|\n|upkeep\n|turn|18\n|\n|t:|1700191661\n|move|p1a: Great Tusk|Rapid Spin|p2a: Dondozo\n|-damage|p2a: Dondozo|67\/100\n|-boost|p1a: Great Tusk|spe|1\n|-sideend|p1: nba baltoy|Stealth Rock|[from] move: Rapid Spin|[of] p1a: Great Tusk\n|move|p2a: Dondozo|Liquidation|p1a: Great Tusk\n|-supereffective|p1a: Great Tusk\n|-damage|p1a: Great Tusk|60\/100\n|\n|upkeep\n|turn|19\n|\n|t:|1700191670\n|-end|p1a: Great Tusk|Protosynthesis|[silent]\n|switch|p1a: Tornadus|Tornadus-Therian, M|69\/100\n|move|p2a: Dondozo|Liquidation|p1a: Tornadus\n|-damage|p1a: Tornadus|36\/100\n|\n|upkeep\n|turn|20\n|\n|t:|1700191678\n|switch|p2a: Corviknight|Corviknight, F|38\/100\n|-damage|p2a: Corviknight|25\/100|[from] Stealth Rock\n|-ability|p2a: Corviknight|Pressure\n|move|p1a: Tornadus|Grass Knot|p2a: Corviknight\n|-resisted|p2a: Corviknight\n|-damage|p2a: Corviknight|21\/100\n|\n|upkeep\n|turn|21\n|\n|t:|1700191687\n|move|p1a: Tornadus|U-turn|p2a: Corviknight\n|-resisted|p2a: Corviknight\n|-damage|p2a: Corviknight|19\/100\n|\n|t:|1700191692\n|switch|p1a: Thundurus|Thundurus-Therian, M|100\/100|[from] U-turn\n|move|p2a: Corviknight|Defog|p1a: Thundurus\n|-unboost|p1a: Thundurus|evasion|1\n|-sideend|p2: CyBorges|Stealth Rock|[from] move: Defog|[of] p2a: Corviknight\n|\n|upkeep\n|turn|22\n|\n|t:|1700191700\n|switch|p2a: Heatran|Heatran, F, tera:Grass|45\/100\n|move|p1a: Thundurus|Volt Switch|p2a: Heatran\n|-resisted|p2a: Heatran\n|-damage|p2a: Heatran|25\/100\n|\n|t:|1700191703\n|switch|p1a: Tornadus|Tornadus-Therian, M|70\/100|[from] Volt Switch\n|\n|upkeep\n|turn|23\n|\n|t:|1700191712\n|switch|p2a: Clefable|Clefable, M|77\/100\n|move|p1a: Tornadus|U-turn|p2a: Clefable\n|-resisted|p2a: Clefable\n|-damage|p2a: Clefable|69\/100\n|\n|t:|1700191726\n|switch|p1a: Scizor|Scizor, M|88\/100|[from] U-turn\n|\n|-heal|p1a: Scizor|94\/100|[from] item: Leftovers\n|upkeep\n|turn|24\n|\n|t:|1700191734\n|move|p1a: Scizor|Bullet Punch|p2a: Clefable\n|-supereffective|p2a: Clefable\n|-damage|p2a: Clefable|14\/100\n|move|p2a: Clefable|Thunderbolt|p1a: Scizor\n|-damage|p1a: Scizor|67\/100\n|\n|-heal|p1a: Scizor|73\/100|[from] item: Leftovers\n|upkeep\n|turn|25\n|\n|t:|1700191743\n|switch|p2a: Dondozo|Dondozo, M|67\/100\n|move|p1a: Scizor|Bullet Punch|p2a: Dondozo\n|-resisted|p2a: Dondozo\n|-damage|p2a: Dondozo|60\/100\n|\n|-heal|p1a: Scizor|79\/100|[from] item: Leftovers\n|upkeep\n|turn|26\n|\n|t:|1700191751\n|switch|p1a: Tornadus|Tornadus-Therian, M|100\/100\n|move|p2a: Dondozo|Curse|p2a: Dondozo\n|-unboost|p2a: Dondozo|spe|1\n|-boost|p2a: Dondozo|atk|1\n|-boost|p2a: Dondozo|def|1\n|\n|upkeep\n|turn|27\n|\n|t:|1700191759\n|move|p1a: Tornadus|Grass Knot|p2a: Dondozo\n|-supereffective|p2a: Dondozo\n|-damage|p2a: Dondozo|6\/100\n|move|p2a: Dondozo|Liquidation|p1a: Tornadus\n|-damage|p1a: Tornadus|51\/100\n|-unboost|p1a: Tornadus|def|1\n|\n|upkeep\n|turn|28\n|\n|t:|1700191772\n|move|p1a: Tornadus|Grass Knot|p2a: Dondozo\n|-supereffective|p2a: Dondozo\n|-damage|p2a: Dondozo|0 fnt\n|faint|p2a: Dondozo\n|\n|upkeep\n|\n|t:|1700191778\n|switch|p2a: Zamazenta|Zamazenta|100\/100\n|-ability|p2a: Zamazenta|Dauntless Shield|boost\n|-boost|p2a: Zamazenta|def|1\n|turn|29\n|\n|t:|1700191789\n|move|p2a: Zamazenta|Stone Edge|p1a: Tornadus\n|-supereffective|p1a: Tornadus\n|-damage|p1a: Tornadus|0 fnt\n|faint|p1a: Tornadus\n|\n|upkeep\n|\n|t:|1700191803\n|switch|p1a: Skeledirge|Skeledirge, M|100\/100\n|turn|30\n|\n|t:|1700191824\n|-terastallize|p1a: Skeledirge|Water\n|move|p2a: Zamazenta|Stone Edge|p1a: Skeledirge\n|-damage|p1a: Skeledirge|82\/100\n|move|p1a: Skeledirge|Torch Song|p2a: Zamazenta\n|-damage|p2a: Zamazenta|73\/100\n|-boost|p1a: Skeledirge|spa|1\n|\n|upkeep\n|turn|31\n|\n|t:|1700191835\n|switch|p2a: Heatran|Heatran, F, tera:Grass|25\/100\n|move|p1a: Skeledirge|Hex|p2a: Heatran\n|-damage|p2a: Heatran|0 fnt\n|faint|p2a: Heatran\n|\n|upkeep\n|\n|t:|1700191847\n|switch|p2a: Zamazenta|Zamazenta|73\/100\n|turn|32\n|\n|t:|1700191853\n|move|p2a: Zamazenta|Close Combat|p1a: Skeledirge\n|-damage|p1a: Skeledirge|45\/100\n|-unboost|p2a: Zamazenta|def|1\n|-unboost|p2a: Zamazenta|spd|1\n|move|p1a: Skeledirge|Torch Song|p2a: Zamazenta\n|-damage|p2a: Zamazenta|32\/100\n|-boost|p1a: Skeledirge|spa|1\n|\n|upkeep\n|turn|33\n|\n|t:|1700191863\n|move|p2a: Zamazenta|Close Combat|p1a: Skeledirge\n|-damage|p1a: Skeledirge|11\/100\n|-unboost|p2a: Zamazenta|def|1\n|-unboost|p2a: Zamazenta|spd|1\n|move|p1a: Skeledirge|Slack Off|p1a: Skeledirge\n|-heal|p1a: Skeledirge|62\/100\n|\n|upkeep\n|turn|34\n|-message|CyBorges forfeited.\n|\n|win|nba baltoy\n|raw|nba baltoy's rating: 1490 &rarr; <strong>1504<\/strong><br \/>(+14 for winning)\n|raw|CyBorges's rating: 1380 &rarr; <strong>1366<\/strong><br \/>(-14 for losing)\n|l|\u2606CyBorges\n","uploadtime":1700191877,"views":18,"p1id":"nbabaltoy","p2id":"cyborges","formatid":"gen9ou","rating":1366,"private":0,"password":""}