{"id":"gen9ou-1988835981","p1":"gucciflipflaps","p2":"Rubyboi711","format":"[Gen 9] OU","log":"|j|\u2606gucciflipflaps\n|j|\u2606Rubyboi711\n|t:|1699770690\n|gametype|singles\n|player|p1|gucciflipflaps|richboy|1374\n|player|p2|Rubyboi711|volkner|1320\n|teamsize|p1|6\n|teamsize|p2|6\n|gen|9\n|tier|[Gen 9] OU\n|rated|\n|rule|Sleep Clause Mod: Limit one foe put to sleep\n|rule|Species Clause: Limit one of each Pok\u00e9mon\n|rule|OHKO Clause: OHKO moves are banned\n|rule|Evasion Items Clause: Evasion items are banned\n|rule|Evasion Moves Clause: Evasion moves are banned\n|rule|Endless Battle Clause: Forcing endless battles is banned\n|rule|HP Percentage Mod: HP is shown in percentages\n|clearpoke\n|poke|p1|Iron Moth|\n|poke|p1|Cinderace, M|\n|poke|p1|Goodra-Hisui, M|\n|poke|p1|Mew|\n|poke|p1|Conkeldurr, M|\n|poke|p1|Donphan, F|\n|poke|p2|Zamazenta-*|\n|poke|p2|Gyarados, M|\n|poke|p2|Forretress, M|\n|poke|p2|Ogerpon-Cornerstone, F|\n|poke|p2|Kommo-o, F|\n|poke|p2|Electrode-Hisui|\n|teampreview\n|inactive|Battle timer is ON: inactive players will automatically lose when time's up. (requested by gucciflipflaps)\n|\n|t:|1699770705\n|start\n|switch|p1a: Cinderace|Cinderace, M|100\/100\n|switch|p2a: Forretress|Forretress, M|100\/100\n|turn|1\n|\n|t:|1699770711\n|move|p1a: Cinderace|Pyro Ball|p2a: Forretress\n|-supereffective|p2a: Forretress\n|-ability|p2a: Forretress|Sturdy\n|-damage|p2a: Forretress|1\/100\n|move|p2a: Forretress|Gyro Ball|p1a: Cinderace\n|-resisted|p1a: Cinderace\n|-damage|p1a: Cinderace|75\/100\n|\n|upkeep\n|turn|2\n|-enditem|p2a: Forretress|Custap Berry|[eat]\n|-activate|p2a: Forretress|item: Custap Berry|[consumed]\n|\n|t:|1699770720\n|move|p2a: Forretress|Explosion|p1a: Cinderace\n|-damage|p1a: Cinderace|1\/100\n|faint|p2a: Forretress\n|move|p1a: Cinderace|Pyro Ball|p2: Forretress|[notarget]\n|-fail|p1a: Cinderace\n|\n|upkeep\n|\n|t:|1699770736\n|switch|p2a: Kommo-o|Kommo-o, F|100\/100\n|turn|3\n|\n|t:|1699770747\n|move|p1a: Cinderace|Pyro Ball|p2a: Kommo-o\n|-immune|p2a: Kommo-o|[from] ability: Bulletproof\n|move|p2a: Kommo-o|Clangorous Soul|p2a: Kommo-o\n|-boost|p2a: Kommo-o|atk|1\n|-boost|p2a: Kommo-o|def|1\n|-boost|p2a: Kommo-o|spa|1\n|-boost|p2a: Kommo-o|spd|1\n|-boost|p2a: Kommo-o|spe|1\n|-damage|p2a: Kommo-o|68\/100\n|-enditem|p2a: Kommo-o|Throat Spray\n|-boost|p2a: Kommo-o|spa|1|[from] item: Throat Spray\n|\n|upkeep\n|turn|4\n|\n|t:|1699770754\n|move|p2a: Kommo-o|Clangorous Soul|p2a: Kommo-o\n|-boost|p2a: Kommo-o|atk|1\n|-boost|p2a: Kommo-o|def|1\n|-boost|p2a: Kommo-o|spa|1\n|-boost|p2a: Kommo-o|spd|1\n|-boost|p2a: Kommo-o|spe|1\n|-damage|p2a: Kommo-o|35\/100\n|move|p1a: Cinderace|Gunk Shot|p2a: Kommo-o\n|-start|p1a: Cinderace|typechange|Poison|[from] ability: Libero\n|-damage|p2a: Kommo-o|7\/100\n|\n|upkeep\n|turn|5\n|\n|t:|1699770765\n|move|p2a: Kommo-o|Vacuum Wave|p1a: Cinderace\n|-resisted|p1a: Cinderace\n|-damage|p1a: Cinderace|0 fnt\n|faint|p1a: Cinderace\n|\n|upkeep\n|\n|t:|1699770769\n|switch|p1a: Donphan|Donphan, F|100\/100\n|turn|6\n|\n|t:|1699770772\n|move|p2a: Kommo-o|Vacuum Wave|p1a: Donphan\n|-damage|p1a: Donphan|42\/100\n|move|p1a: Donphan|Ice Shard|p2a: Kommo-o\n|-supereffective|p2a: Kommo-o\n|-damage|p2a: Kommo-o|0 fnt\n|faint|p2a: Kommo-o\n|\n|upkeep\n|\n|t:|1699770786\n|switch|p2a: Gyarados|Gyarados, M, shiny|100\/100\n|turn|7\n|\n|t:|1699770790\n|move|p2a: Gyarados|Dragon Dance|p2a: Gyarados\n|-boost|p2a: Gyarados|atk|1\n|-boost|p2a: Gyarados|spe|1\n|move|p1a: Donphan|Knock Off|p2a: Gyarados\n|-damage|p2a: Gyarados|50\/100\n|-enditem|p2a: Gyarados|Wacan Berry|[from] move: Knock Off|[of] p1a: Donphan\n|\n|upkeep\n|turn|8\n|\n|t:|1699770797\n|move|p1a: Donphan|Ice Shard|p2a: Gyarados\n|-crit|p2a: Gyarados\n|-damage|p2a: Gyarados|18\/100\n|move|p2a: Gyarados|Waterfall|p1a: Donphan\n|-supereffective|p1a: Donphan\n|-damage|p1a: Donphan|0 fnt\n|-damage|p2a: Gyarados|1\/100|[from] item: Rocky Helmet|[of] p1a: Donphan\n|faint|p1a: Donphan\n|-ability|p2a: Gyarados|Moxie|boost\n|-boost|p2a: Gyarados|atk|1\n|\n|upkeep\n|\n|t:|1699770808\n|switch|p1a: Conkeldurr|Conkeldurr, M|100\/100\n|turn|9\n|\n|t:|1699770813\n|move|p1a: Conkeldurr|Mach Punch|p2a: Gyarados\n|-resisted|p2a: Gyarados\n|-damage|p2a: Gyarados|0 fnt\n|faint|p2a: Gyarados\n|\n|-status|p1a: Conkeldurr|brn|[from] item: Flame Orb\n|upkeep\n|\n|t:|1699770816\n|switch|p2a: Electrode|Electrode-Hisui|100\/100\n|turn|10\n|\n|t:|1699770825\n|move|p1a: Conkeldurr|Mach Punch|p2a: Electrode\n|-damage|p2a: Electrode|40\/100\n|move|p2a: Electrode|Chloroblast|p1a: Conkeldurr\n|-crit|p1a: Conkeldurr\n|-damage|p1a: Conkeldurr|0 fnt\n|faint|p1a: Conkeldurr\n|-damage|p2a: Electrode|0 fnt|[from] Recoil\n|faint|p2a: Electrode\n|\n|upkeep\n|\n|t:|1699770836\n|switch|p2a: Ogerpon|Ogerpon-Cornerstone, F|100\/100\n|switch|p1a: Mew|Mew|100\/100\n|turn|11\n|\n|t:|1699770844\n|move|p2a: Ogerpon|Swords Dance|p2a: Ogerpon\n|-boost|p2a: Ogerpon|atk|2\n|move|p1a: Mew|Transform|p2a: Ogerpon\n|-transform|p1a: Mew|p2a: Ogerpon\n|\n|upkeep\n|turn|12\n|\n|t:|1699770852\n|move|p1a: Mew|Horn Leech|p2a: Ogerpon\n|-damage|p2a: Ogerpon|2\/100\n|move|p2a: Ogerpon|Knock Off|p1a: Mew\n|-damage|p1a: Mew|31\/100\n|-enditem|p1a: Mew|Leftovers|[from] move: Knock Off|[of] p2a: Ogerpon\n|\n|upkeep\n|turn|13\n|\n|t:|1699770861\n|switch|p2a: Zamazenta|Zamazenta|100\/100\n|-ability|p2a: Zamazenta|Dauntless Shield|boost\n|-boost|p2a: Zamazenta|def|1\n|move|p1a: Mew|Horn Leech|p2a: Zamazenta\n|-damage|p2a: Zamazenta|52\/100\n|-heal|p1a: Mew|50\/100|[from] drain|[of] p2a: Zamazenta\n|\n|upkeep\n|turn|14\n|\n|t:|1699770869\n|move|p2a: Zamazenta|Close Combat|p1a: Mew\n|-supereffective|p1a: Mew\n|-damage|p1a: Mew|0 fnt\n|-unboost|p2a: Zamazenta|def|1\n|-unboost|p2a: Zamazenta|spd|1\n|faint|p1a: Mew\n|\n|upkeep\n|\n|t:|1699770873\n|switch|p1a: Iron Moth|Iron Moth|100\/100\n|turn|15\n|\n|t:|1699770882\n|-terastallize|p1a: Iron Moth|Flying\n|move|p2a: Zamazenta|Close Combat|p1a: Iron Moth\n|-resisted|p1a: Iron Moth\n|-damage|p1a: Iron Moth|27\/100\n|-unboost|p2a: Zamazenta|def|1\n|-unboost|p2a: Zamazenta|spd|1\n|move|p1a: Iron Moth|Tera Blast|p2a: Zamazenta|[anim] Tera Blast Flying\n|-supereffective|p2a: Zamazenta\n|-damage|p2a: Zamazenta|0 fnt\n|faint|p2a: Zamazenta\n|\n|upkeep\n|\n|t:|1699770891\n|switch|p2a: Ogerpon|Ogerpon-Cornerstone, F|2\/100\n|turn|16\n|\n|t:|1699770896\n|move|p2a: Ogerpon|Ivy Cudgel|p1a: Iron Moth\n|-supereffective|p1a: Iron Moth\n|-damage|p1a: Iron Moth|0 fnt\n|faint|p1a: Iron Moth\n|-end|p1a: Iron Moth|Quark Drive|[silent]\n|\n|upkeep\n|\n|t:|1699770898\n|switch|p1a: Goodra|Goodra-Hisui, M|100\/100\n|turn|17\n|c|\u2606Rubyboi711|Gg\n|\n|t:|1699770912\n|move|p2a: Ogerpon|Ivy Cudgel|p1a: Goodra\n|-resisted|p1a: Goodra\n|-damage|p1a: Goodra|79\/100\n|move|p1a: Goodra|Knock Off|p2a: Ogerpon\n|-damage|p2a: Ogerpon|0 fnt\n|faint|p2a: Ogerpon\n|\n|win|gucciflipflaps\n|raw|gucciflipflaps's rating: 1374 &rarr; <strong>1391<\/strong><br \/>(+17 for winning)\n|raw|Rubyboi711's rating: 1320 &rarr; <strong>1303<\/strong><br \/>(-17 for losing)\n|c|\u2606gucciflipflaps|Gg\n","uploadtime":1699770916,"views":10,"p1id":"gucciflipflaps","p2id":"rubyboi711","formatid":"gen9ou","rating":1303,"private":0,"password":""}