{"id":"gen9ou-1988446147","p1":"emo\u70ab18\u7537\u9ad8","p2":"MukYaUp","format":"[Gen 9] OU","log":"|j|\u2606emo\u70ab18\u7537\u9ad8\n|j|\u2606MukYaUp\n|t:|1699723799\n|gametype|singles\n|player|p1|emo\u70ab18\u7537\u9ad8|steven|1205\n|player|p2|MukYaUp|koga|1239\n|teamsize|p1|6\n|teamsize|p2|6\n|gen|9\n|tier|[Gen 9] OU\n|rated|\n|rule|Sleep Clause Mod: Limit one foe put to sleep\n|rule|Species Clause: Limit one of each Pok\u00e9mon\n|rule|OHKO Clause: OHKO moves are banned\n|rule|Evasion Items Clause: Evasion items are banned\n|rule|Evasion Moves Clause: Evasion moves are banned\n|rule|Endless Battle Clause: Forcing endless battles is banned\n|rule|HP Percentage Mod: HP is shown in percentages\n|clearpoke\n|poke|p1|Milotic, M|\n|poke|p1|Ninetales-Alola, M|\n|poke|p1|Sylveon, M|\n|poke|p1|Gliscor, M|\n|poke|p1|Ogerpon-Wellspring, F|\n|poke|p1|Sneasler, M|\n|poke|p2|Maushold-Four|\n|poke|p2|Weezing-Galar, F|\n|poke|p2|Dragonite, M|\n|poke|p2|Walking Wake|\n|poke|p2|Muk-Alola, M|\n|poke|p2|Great Tusk|\n|teampreview\n|\n|t:|1699723818\n|start\n|switch|p1a: Gliscor|Gliscor, M, shiny|100\/100\n|switch|p2a: ChinaAttacks|Maushold-Four|100\/100\n|turn|1\n|inactive|Battle timer is ON: inactive players will automatically lose when time's up. (requested by MukYaUp)\n|\n|t:|1699723832\n|move|p2a: ChinaAttacks|Tidy Up|p2a: ChinaAttacks\n|-boost|p2a: ChinaAttacks|atk|1\n|-boost|p2a: ChinaAttacks|spe|1\n|move|p1a: Gliscor|Toxic|p2a: ChinaAttacks\n|-status|p2a: ChinaAttacks|tox\n|\n|-damage|p2a: ChinaAttacks|94\/100 tox|[from] psn\n|-status|p1a: Gliscor|tox|[from] item: Toxic Orb\n|upkeep\n|turn|2\n|\n|t:|1699723840\n|move|p1a: Gliscor|Protect|p1a: Gliscor\n|-singleturn|p1a: Gliscor|Protect\n|move|p2a: ChinaAttacks|Tidy Up|p2a: ChinaAttacks\n|-boost|p2a: ChinaAttacks|atk|1\n|-boost|p2a: ChinaAttacks|spe|1\n|\n|-damage|p2a: ChinaAttacks|82\/100 tox|[from] psn\n|upkeep\n|turn|3\n|\n|t:|1699723850\n|switch|p1a: Milotic|Milotic, M, shiny|100\/100\n|move|p2a: ChinaAttacks|Population Bomb|p1a: Milotic\n|-damage|p1a: Milotic|81\/100\n|-damage|p1a: Milotic|63\/100\n|-damage|p1a: Milotic|45\/100\n|-damage|p1a: Milotic|28\/100\n|-damage|p1a: Milotic|8\/100\n|-damage|p1a: Milotic|0 fnt\n|faint|p1a: Milotic\n|-hitcount|p1: Milotic|6\n|\n|-damage|p2a: ChinaAttacks|63\/100 tox|[from] psn\n|upkeep\n|\n|t:|1699723856\n|switch|p1a: Sneasler|Sneasler, M, shiny|100\/100\n|turn|4\n|\n|t:|1699723863\n|move|p1a: Sneasler|Fake Out|p2a: ChinaAttacks\n|-enditem|p1a: Sneasler|Normal Gem|[from] gem\n|-damage|p2a: ChinaAttacks|34\/100 tox\n|cant|p2a: ChinaAttacks|flinch\n|\n|-damage|p2a: ChinaAttacks|9\/100 tox|[from] psn\n|upkeep\n|turn|5\n|\n|t:|1699723869\n|move|p2a: ChinaAttacks|Population Bomb|p1a: Sneasler\n|-damage|p1a: Sneasler|66\/100\n|-damage|p1a: Sneasler|30\/100\n|-damage|p1a: Sneasler|0 fnt\n|faint|p1a: Sneasler\n|-hitcount|p1: Sneasler|3\n|\n|-damage|p2a: ChinaAttacks|0 fnt|[from] psn\n|faint|p2a: ChinaAttacks\n|upkeep\n|\n|t:|1699723890\n|switch|p2a: WalkingMid|Walking Wake|100\/100\n|switch|p1a: Gliscor|Gliscor, M, shiny|100\/100 tox\n|turn|6\n|\n|t:|1699723896\n|move|p2a: WalkingMid|Draco Meteor|p1a: Gliscor\n|-damage|p1a: Gliscor|28\/100 tox\n|-unboost|p2a: WalkingMid|spa|2\n|move|p1a: Gliscor|Toxic|p2a: WalkingMid\n|-status|p2a: WalkingMid|tox\n|\n|-damage|p2a: WalkingMid|94\/100 tox|[from] psn\n|-heal|p1a: Gliscor|41\/100 tox|[from] ability: Poison Heal\n|upkeep\n|turn|7\n|\n|t:|1699723903\n|-end|p2a: WalkingMid|Protosynthesis|[silent]\n|switch|p2a: Beyblade|Great Tusk|100\/100\n|move|p1a: Gliscor|Protect||[still]\n|-fail|p1a: Gliscor\n|\n|-heal|p1a: Gliscor|53\/100 tox|[from] ability: Poison Heal\n|upkeep\n|turn|8\n|\n|t:|1699723908\n|move|p1a: Gliscor|Protect|p1a: Gliscor\n|-singleturn|p1a: Gliscor|Protect\n|move|p2a: Beyblade|Stealth Rock|p1a: Gliscor\n|-sidestart|p1: emo\u70ab18\u7537\u9ad8|move: Stealth Rock\n|\n|-heal|p1a: Gliscor|65\/100 tox|[from] ability: Poison Heal\n|upkeep\n|turn|9\n|\n|t:|1699723915\n|move|p1a: Gliscor|Toxic|p2a: Beyblade\n|-status|p2a: Beyblade|tox\n|move|p2a: Beyblade|Ice Spinner|p1a: Gliscor\n|-supereffective|p1a: Gliscor\n|-damage|p1a: Gliscor|0 fnt\n|faint|p1a: Gliscor\n|\n|-damage|p2a: Beyblade|94\/100 tox|[from] psn\n|upkeep\n|\n|t:|1699723923\n|switch|p1a: Ogerpon|Ogerpon-Wellspring, F|100\/100\n|-damage|p1a: Ogerpon|88\/100|[from] Stealth Rock\n|turn|10\n|\n|t:|1699723930\n|-terastallize|p1a: Ogerpon|Water\n|detailschange|p1a: Ogerpon|Ogerpon-Wellspring-Tera, F, tera:Water\n|-ability|p1a: Ogerpon|Embody Aspect (Wellspring)|boost\n|-boost|p1a: Ogerpon|spd|1\n|move|p1a: Ogerpon|Swords Dance|p1a: Ogerpon\n|-boost|p1a: Ogerpon|atk|2\n|move|p2a: Beyblade|Earthquake|p1a: Ogerpon\n|-damage|p1a: Ogerpon|33\/100\n|\n|-damage|p2a: Beyblade|82\/100 tox|[from] psn\n|upkeep\n|turn|11\n|\n|t:|1699723942\n|-terastallize|p2a: Beyblade|Dragon\n|move|p1a: Ogerpon|Trailblaze|p2a: Beyblade\n|-resisted|p2a: Beyblade\n|-damage|p2a: Beyblade|68\/100 tox\n|-boost|p1a: Ogerpon|spe|1\n|-damage|p1a: Ogerpon|17\/100|[from] item: Rocky Helmet|[of] p2a: Beyblade\n|move|p2a: Beyblade|Earthquake|p1a: Ogerpon\n|-damage|p1a: Ogerpon|0 fnt\n|faint|p1a: Ogerpon\n|\n|-damage|p2a: Beyblade|49\/100 tox|[from] psn\n|upkeep\n|\n|t:|1699723952\n|switch|p1a: Ninetales|Ninetales-Alola, M, shiny|100\/100\n|-damage|p1a: Ninetales|76\/100|[from] Stealth Rock\n|-weather|Snow|[from] ability: Snow Warning|[of] p1a: Ninetales\n|turn|12\n|\n|t:|1699723957\n|move|p1a: Ninetales|Blizzard|p2a: Beyblade\n|-supereffective|p2a: Beyblade\n|-damage|p2a: Beyblade|0 fnt\n|faint|p2a: Beyblade\n|-end|p2a: Beyblade|Protosynthesis|[silent]\n|\n|-weather|Snow|[upkeep]\n|upkeep\n|\n|t:|1699723965\n|switch|p2a: Pride \ud83c\udf08|Muk-Alola, M|100\/100\n|turn|13\n|\n|t:|1699723972\n|move|p1a: Ninetales|Blizzard|p2a: Pride \ud83c\udf08\n|-damage|p2a: Pride \ud83c\udf08|66\/100\n|move|p2a: Pride \ud83c\udf08|Poison Jab|p1a: Ninetales\n|-supereffective|p1a: Ninetales\n|-damage|p1a: Ninetales|17\/100\n|-status|p1a: Ninetales|psn\n|\n|-weather|Snow|[upkeep]\n|-heal|p2a: Pride \ud83c\udf08|72\/100|[from] item: Black Sludge\n|-damage|p1a: Ninetales|4\/100 psn|[from] psn\n|upkeep\n|turn|14\n|\n|t:|1699723980\n|move|p2a: Pride \ud83c\udf08|Protect|p2a: Pride \ud83c\udf08\n|-singleturn|p2a: Pride \ud83c\udf08|Protect\n|move|p1a: Ninetales|Blizzard|p2a: Pride \ud83c\udf08\n|-activate|p2a: Pride \ud83c\udf08|move: Protect\n|\n|-weather|Snow|[upkeep]\n|-heal|p2a: Pride \ud83c\udf08|78\/100|[from] item: Black Sludge\n|-damage|p1a: Ninetales|0 fnt|[from] psn\n|faint|p1a: Ninetales\n|upkeep\n|\n|t:|1699723983\n|switch|p1a: Sylveon|Sylveon, M, shiny|100\/100\n|-damage|p1a: Sylveon|88\/100|[from] Stealth Rock\n|turn|15\n|\n|t:|1699723989\n|move|p1a: Sylveon|Calm Mind|p1a: Sylveon\n|-boost|p1a: Sylveon|spa|1\n|-boost|p1a: Sylveon|spd|1\n|move|p2a: Pride \ud83c\udf08|Poison Jab|p1a: Sylveon\n|-supereffective|p1a: Sylveon\n|-damage|p1a: Sylveon|6\/100\n|-status|p1a: Sylveon|psn\n|\n|-weather|Snow|[upkeep]\n|-heal|p2a: Pride \ud83c\udf08|85\/100|[from] item: Black Sludge\n|-damage|p1a: Sylveon|0 fnt|[from] psn\n|faint|p1a: Sylveon\n|\n|win|MukYaUp\n|upkeep\n|raw|emo\u70ab18\u7537\u9ad8's rating: 1205 &rarr; <strong>1182<\/strong><br \/>(-23 for losing)\n|raw|MukYaUp's rating: 1239 &rarr; <strong>1262<\/strong><br \/>(+23 for winning)\n|l|\u2606emo\u70ab18\u7537\u9ad8\n","uploadtime":1699724002,"views":43,"p1id":"emo18","p2id":"mukyaup","formatid":"gen9ou","rating":1182,"private":0,"password":""}