{"id":"gen9ou-2000259067","p1":"TheNutmeg33","p2":"testtmptmp2","format":"[Gen 9] OU","log":"|j|\u2606TheNutmeg33\n|j|\u2606testtmptmp2\n|t:|1701178563\n|gametype|singles\n|player|p1|TheNutmeg33|169|1542\n|player|p2|testtmptmp2|102|1569\n|teamsize|p1|6\n|teamsize|p2|6\n|gen|9\n|tier|[Gen 9] OU\n|rated|\n|rule|Sleep Clause Mod: Limit one foe put to sleep\n|rule|Species Clause: Limit one of each Pok\u00e9mon\n|rule|OHKO Clause: OHKO moves are banned\n|rule|Evasion Items Clause: Evasion items are banned\n|rule|Evasion Moves Clause: Evasion moves are banned\n|rule|Endless Battle Clause: Forcing endless battles is banned\n|rule|HP Percentage Mod: HP is shown in percentages\n|clearpoke\n|poke|p1|Iron Moth|\n|poke|p1|Great Tusk|\n|poke|p1|Clodsire, F|\n|poke|p1|Garganacl, M|\n|poke|p1|Corviknight, M|\n|poke|p1|Samurott-Hisui, F|\n|poke|p2|Garganacl, F|\n|poke|p2|Kingambit, F|\n|poke|p2|Samurott-Hisui, M|\n|poke|p2|Iron Valiant|\n|poke|p2|Gholdengo|\n|poke|p2|Zapdos|\n|teampreview\n|inactive|Battle timer is ON: inactive players will automatically lose when time's up. (requested by testtmptmp2)\n|\n|t:|1701178573\n|start\n|switch|p1a: Corviknight|Corviknight, M, shiny|100\/100\n|switch|p2a: Samurott|Samurott-Hisui, M|100\/100\n|-ability|p1a: Corviknight|Pressure\n|turn|1\n|\n|t:|1701178580\n|switch|p2a: Zapdos|Zapdos|100\/100\n|move|p1a: Corviknight|Brave Bird|p2a: Zapdos\n|-resisted|p2a: Zapdos\n|-crit|p2a: Zapdos\n|-damage|p2a: Zapdos|77\/100\n|-status|p1a: Corviknight|par|[from] ability: Static|[of] p2a: Zapdos\n|-damage|p1a: Corviknight|93\/100 par|[from] Recoil\n|\n|upkeep\n|turn|2\n|\n|t:|1701178593\n|switch|p1a: Clodsire|Clodsire, F, shiny|100\/100\n|move|p2a: Zapdos|U-turn|p1a: Clodsire\n|-resisted|p1a: Clodsire\n|-damage|p1a: Clodsire|93\/100\n|\n|t:|1701178602\n|switch|p2a: Samurott|Samurott-Hisui, M|100\/100|[from] U-turn\n|\n|-heal|p1a: Clodsire|99\/100|[from] item: Black Sludge\n|upkeep\n|turn|3\n|\n|t:|1701178607\n|move|p2a: Samurott|Ceaseless Edge|p1a: Clodsire\n|-damage|p1a: Clodsire|47\/100\n|-sidestart|p1: TheNutmeg33|Spikes\n|move|p1a: Clodsire|Toxic|p2a: Samurott\n|-status|p2a: Samurott|tox\n|\n|-heal|p1a: Clodsire|53\/100|[from] item: Black Sludge\n|-damage|p2a: Samurott|94\/100 tox|[from] psn\n|upkeep\n|turn|4\n|\n|t:|1701178615\n|switch|p1a: Corviknight|Corviknight, M, shiny|93\/100 par\n|-ability|p1a: Corviknight|Pressure\n|move|p2a: Samurott|Ceaseless Edge|p1a: Corviknight\n|-damage|p1a: Corviknight|67\/100 par\n|-damage|p2a: Samurott|78\/100 tox|[from] item: Rocky Helmet|[of] p1a: Corviknight\n|-sidestart|p1: TheNutmeg33|Spikes\n|\n|-damage|p2a: Samurott|65\/100 tox|[from] psn\n|upkeep\n|turn|5\n|\n|t:|1701178629\n|switch|p2a: Zapdos|Zapdos|77\/100\n|move|p1a: Corviknight|U-turn|p2a: Zapdos\n|-resisted|p2a: Zapdos\n|-damage|p2a: Zapdos|71\/100\n|\n|t:|1701178634\n|switch|p1a: Clodsire|Clodsire, F, shiny|53\/100|[from] U-turn\n|-damage|p1a: Clodsire|37\/100|[from] Spikes\n|\n|-heal|p1a: Clodsire|43\/100|[from] item: Black Sludge\n|upkeep\n|turn|6\n|\n|t:|1701178641\n|move|p2a: Zapdos|Hurricane|p1a: Clodsire\n|-damage|p1a: Clodsire|21\/100\n|move|p1a: Clodsire|Recover|p1a: Clodsire\n|-heal|p1a: Clodsire|71\/100\n|\n|-heal|p1a: Clodsire|77\/100|[from] item: Black Sludge\n|upkeep\n|turn|7\n|\n|t:|1701178648\n|move|p2a: Zapdos|U-turn|p1a: Clodsire\n|-resisted|p1a: Clodsire\n|-damage|p1a: Clodsire|69\/100\n|\n|t:|1701178652\n|switch|p2a: Garganacl|Garganacl, F, shiny|100\/100|[from] U-turn\n|move|p1a: Clodsire|Toxic|p2a: Garganacl\n|-immune|p2a: Garganacl|[from] ability: Purifying Salt\n|\n|-heal|p1a: Clodsire|75\/100|[from] item: Black Sludge\n|upkeep\n|turn|8\n|\n|t:|1701178660\n|move|p1a: Clodsire|Spikes|p2a: Garganacl\n|-sidestart|p2: testtmptmp2|Spikes\n|move|p2a: Garganacl|Salt Cure|p1a: Clodsire\n|-resisted|p1a: Clodsire\n|-damage|p1a: Clodsire|68\/100\n|-start|p1a: Clodsire|Salt Cure\n|\n|-heal|p1a: Clodsire|74\/100|[from] item: Black Sludge\n|-damage|p1a: Clodsire|61\/100|[from] Salt Cure\n|upkeep\n|turn|9\n|\n|t:|1701178668\n|move|p1a: Clodsire|Spikes|p2a: Garganacl\n|-sidestart|p2: testtmptmp2|Spikes\n|move|p2a: Garganacl|Earthquake|p1a: Clodsire\n|-supereffective|p1a: Clodsire\n|-damage|p1a: Clodsire|8\/100\n|\n|-heal|p1a: Clodsire|14\/100|[from] item: Black Sludge\n|-damage|p1a: Clodsire|2\/100|[from] Salt Cure\n|upkeep\n|turn|10\n|\n|t:|1701178682\n|switch|p1a: Great Tusk|Great Tusk, shiny|100\/100\n|move|p2a: Garganacl|Stealth Rock|p1a: Great Tusk\n|-sidestart|p1: TheNutmeg33|move: Stealth Rock\n|\n|upkeep\n|turn|11\n|\n|t:|1701178689\n|switch|p2a: Gholdengo|Gholdengo|100\/100\n|-item|p2a: Gholdengo|Air Balloon\n|move|p1a: Great Tusk|Rapid Spin|p2a: Gholdengo\n|-immune|p2a: Gholdengo\n|\n|upkeep\n|turn|12\n|\n|t:|1701178699\n|move|p1a: Great Tusk|Knock Off|p2a: Gholdengo\n|-supereffective|p2a: Gholdengo\n|-damage|p2a: Gholdengo|28\/100\n|-enditem|p2a: Gholdengo|Air Balloon\n|move|p2a: Gholdengo|Shadow Ball|p1a: Great Tusk\n|-damage|p1a: Great Tusk|34\/100\n|\n|upkeep\n|turn|13\n|\n|t:|1701178708\n|move|p1a: Great Tusk|Headlong Rush|p2a: Gholdengo\n|-supereffective|p2a: Gholdengo\n|-damage|p2a: Gholdengo|0 fnt\n|-unboost|p1a: Great Tusk|def|1\n|-unboost|p1a: Great Tusk|spd|1\n|faint|p2a: Gholdengo\n|\n|upkeep\n|\n|t:|1701178722\n|switch|p2a: Zapdos|Zapdos|71\/100\n|turn|14\n|inactive|TheNutmeg33 has 120 seconds left.\n|\n|t:|1701178768\n|-end|p1a: Great Tusk|Protosynthesis|[silent]\n|switch|p1a: Clodsire|Clodsire, F, shiny|2\/100\n|-damage|p1a: Clodsire|0 fnt|[from] Spikes\n|faint|p1a: Clodsire\n|move|p2a: Zapdos|Heat Wave|p1: Clodsire|[notarget]\n|-fail|p2a: Zapdos\n|\n|upkeep\n|\n|t:|1701178772\n|switch|p1a: Garganacl|Garganacl, M, shiny|100\/100\n|-damage|p1a: Garganacl|84\/100|[from] Spikes\n|-damage|p1a: Garganacl|72\/100|[from] Stealth Rock\n|turn|15\n|\n|t:|1701178780\n|move|p2a: Zapdos|U-turn|p1a: Garganacl\n|-damage|p1a: Garganacl|64\/100\n|\n|t:|1701178785\n|switch|p2a: Garganacl|Garganacl, F, shiny|100\/100|[from] U-turn\n|-damage|p2a: Garganacl|84\/100|[from] Spikes\n|move|p1a: Garganacl|Salt Cure|p2a: Garganacl\n|-damage|p2a: Garganacl|75\/100\n|-start|p2a: Garganacl|Salt Cure\n|\n|-heal|p1a: Garganacl|71\/100|[from] item: Leftovers\n|-heal|p2a: Garganacl|82\/100|[from] item: Leftovers\n|-damage|p2a: Garganacl|69\/100|[from] Salt Cure\n|upkeep\n|turn|16\n|\n|t:|1701178796\n|switch|p2a: Samurott|Samurott-Hisui, M|65\/100 tox\n|-damage|p2a: Samurott|49\/100 tox|[from] Spikes\n|-terastallize|p1a: Garganacl|Ghost\n|move|p1a: Garganacl|Stealth Rock|p2a: Samurott\n|-sidestart|p2: testtmptmp2|move: Stealth Rock\n|\n|-heal|p1a: Garganacl|77\/100|[from] item: Leftovers\n|-damage|p2a: Samurott|43\/100 tox|[from] psn\n|upkeep\n|turn|17\n|\n|t:|1701178810\n|move|p1a: Garganacl|Protect|p1a: Garganacl\n|-singleturn|p1a: Garganacl|Protect\n|move|p2a: Samurott|Ceaseless Edge|p1a: Garganacl\n|-activate|p1a: Garganacl|move: Protect\n|\n|-heal|p1a: Garganacl|83\/100|[from] item: Leftovers\n|-damage|p2a: Samurott|30\/100 tox|[from] psn\n|upkeep\n|turn|18\n|inactive|TheNutmeg33 has 120 seconds left.\n|inactive|TheNutmeg33 has 90 seconds left.\n|\n|t:|1701178881\n|switch|p1a: Corviknight|Corviknight, M, shiny|67\/100 par\n|-damage|p1a: Corviknight|55\/100 par|[from] Stealth Rock\n|-ability|p1a: Corviknight|Pressure\n|move|p2a: Samurott|Ceaseless Edge|p1a: Corviknight\n|-damage|p1a: Corviknight|29\/100 par\n|-damage|p2a: Samurott|14\/100 tox|[from] item: Rocky Helmet|[of] p1a: Corviknight\n|-sidestart|p1: TheNutmeg33|Spikes\n|\n|-damage|p2a: Samurott|0 fnt|[from] psn\n|faint|p2a: Samurott\n|upkeep\n|\n|t:|1701178907\n|switch|p2a: Zapdos|Zapdos|71\/100\n|turn|19\n|\n|t:|1701178911\n|move|p2a: Zapdos|Heat Wave|p1a: Corviknight\n|-supereffective|p1a: Corviknight\n|-damage|p1a: Corviknight|0 fnt\n|faint|p1a: Corviknight\n|\n|upkeep\n|\n|t:|1701178913\n|switch|p1a: Great Tusk|Great Tusk, shiny|34\/100\n|turn|20\n|\n|t:|1701178921\n|move|p2a: Zapdos|Hurricane|p1a: Great Tusk|[miss]\n|-miss|p2a: Zapdos|p1a: Great Tusk\n|move|p1a: Great Tusk|Rapid Spin|p2a: Zapdos\n|-damage|p2a: Zapdos|56\/100\n|-boost|p1a: Great Tusk|spe|1\n|-sideend|p1: TheNutmeg33|Spikes|[from] move: Rapid Spin|[of] p1a: Great Tusk\n|-sideend|p1: TheNutmeg33|Stealth Rock|[from] move: Rapid Spin|[of] p1a: Great Tusk\n|\n|upkeep\n|turn|21\n|\n|t:|1701178931\n|move|p1a: Great Tusk|Knock Off|p2a: Zapdos\n|-damage|p2a: Zapdos|25\/100\n|-enditem|p2a: Zapdos|Heavy-Duty Boots|[from] move: Knock Off|[of] p1a: Great Tusk\n|move|p2a: Zapdos|Hurricane|p1a: Great Tusk\n|-supereffective|p1a: Great Tusk\n|-damage|p1a: Great Tusk|0 fnt\n|faint|p1a: Great Tusk\n|-end|p1a: Great Tusk|Protosynthesis|[silent]\n|\n|upkeep\n|\n|t:|1701178941\n|switch|p1a: Garganacl|Garganacl, M, shiny, tera:Ghost|83\/100\n|turn|22\n|\n|t:|1701178945\n|move|p2a: Zapdos|Roost|p2a: Zapdos\n|-heal|p2a: Zapdos|75\/100\n|-singleturn|p2a: Zapdos|move: Roost\n|move|p1a: Garganacl|Salt Cure|p2a: Zapdos\n|-damage|p2a: Zapdos|62\/100\n|-start|p2a: Zapdos|Salt Cure\n|\n|-heal|p1a: Garganacl|89\/100|[from] item: Leftovers\n|-damage|p2a: Zapdos|49\/100|[from] Salt Cure\n|upkeep\n|turn|23\n|\n|t:|1701178956\n|move|p2a: Zapdos|Roost|p2a: Zapdos\n|-heal|p2a: Zapdos|99\/100\n|-singleturn|p2a: Zapdos|move: Roost\n|move|p1a: Garganacl|Salt Cure|p2a: Zapdos\n|-damage|p2a: Zapdos|87\/100\n|\n|-heal|p1a: Garganacl|95\/100|[from] item: Leftovers\n|-damage|p2a: Zapdos|74\/100|[from] Salt Cure\n|upkeep\n|turn|24\n|\n|t:|1701178965\n|move|p2a: Zapdos|U-turn|p1a: Garganacl\n|-resisted|p1a: Garganacl\n|-damage|p1a: Garganacl|91\/100\n|\n|t:|1701178970\n|switch|p2a: Garganacl|Garganacl, F, shiny|69\/100|[from] U-turn\n|-damage|p2a: Garganacl|53\/100|[from] Spikes\n|-damage|p2a: Garganacl|40\/100|[from] Stealth Rock\n|move|p1a: Garganacl|Salt Cure|p2a: Garganacl\n|-damage|p2a: Garganacl|32\/100\n|-start|p2a: Garganacl|Salt Cure\n|\n|-heal|p1a: Garganacl|98\/100|[from] item: Leftovers\n|-heal|p2a: Garganacl|39\/100|[from] item: Leftovers\n|-damage|p2a: Garganacl|26\/100|[from] Salt Cure\n|upkeep\n|turn|25\n|\n|t:|1701178982\n|switch|p1a: Samurott|Samurott-Hisui, F|100\/100\n|move|p2a: Garganacl|Recover|p2a: Garganacl\n|-heal|p2a: Garganacl|76\/100\n|\n|-heal|p2a: Garganacl|82\/100|[from] item: Leftovers\n|-damage|p2a: Garganacl|70\/100|[from] Salt Cure\n|upkeep\n|turn|26\n|\n|t:|1701178991\n|-terastallize|p2a: Garganacl|Water\n|move|p1a: Samurott|Razor Shell|p2a: Garganacl\n|-resisted|p2a: Garganacl\n|-damage|p2a: Garganacl|54\/100\n|move|p2a: Garganacl|Salt Cure|p1a: Samurott\n|-damage|p1a: Samurott|84\/100\n|-start|p1a: Samurott|Salt Cure\n|\n|-heal|p2a: Garganacl|60\/100|[from] item: Leftovers\n|-damage|p1a: Samurott|59\/100|[from] Salt Cure\n|-damage|p2a: Garganacl|35\/100|[from] Salt Cure\n|upkeep\n|turn|27\n|\n|t:|1701179008\n|switch|p1a: Garganacl|Garganacl, M, shiny, tera:Ghost|98\/100\n|move|p2a: Garganacl|Recover|p2a: Garganacl\n|-heal|p2a: Garganacl|85\/100\n|\n|-heal|p1a: Garganacl|100\/100|[from] item: Leftovers\n|-heal|p2a: Garganacl|91\/100|[from] item: Leftovers\n|-damage|p2a: Garganacl|67\/100|[from] Salt Cure\n|upkeep\n|turn|28\n|\n|t:|1701179022\n|switch|p2a: Zapdos|Zapdos|74\/100\n|-damage|p2a: Zapdos|49\/100|[from] Stealth Rock\n|move|p1a: Garganacl|Salt Cure|p2a: Zapdos\n|-supereffective|p2a: Zapdos\n|-damage|p2a: Zapdos|23\/100\n|-start|p2a: Zapdos|Salt Cure\n|\n|-damage|p2a: Zapdos|10\/100|[from] Salt Cure\n|upkeep\n|turn|29\n|\n|t:|1701179031\n|move|p2a: Zapdos|Roost|p2a: Zapdos\n|-heal|p2a: Zapdos|60\/100\n|-singleturn|p2a: Zapdos|move: Roost\n|move|p1a: Garganacl|Salt Cure|p2a: Zapdos\n|-damage|p2a: Zapdos|47\/100\n|\n|-damage|p2a: Zapdos|34\/100|[from] Salt Cure\n|upkeep\n|turn|30\n|\n|t:|1701179039\n|move|p1a: Garganacl|Protect|p1a: Garganacl\n|-singleturn|p1a: Garganacl|Protect\n|move|p2a: Zapdos|Roost|p2a: Zapdos\n|-heal|p2a: Zapdos|84\/100\n|-singleturn|p2a: Zapdos|move: Roost\n|\n|-damage|p2a: Zapdos|72\/100|[from] Salt Cure\n|upkeep\n|turn|31\n|\n|t:|1701179048\n|move|p2a: Zapdos|U-turn|p1a: Garganacl\n|-resisted|p1a: Garganacl\n|-damage|p1a: Garganacl|97\/100\n|\n|t:|1701179061\n|switch|p2a: Iron Valiant|Iron Valiant|100\/100|[from] U-turn\n|-damage|p2a: Iron Valiant|84\/100|[from] Spikes\n|-damage|p2a: Iron Valiant|78\/100|[from] Stealth Rock\n|-enditem|p2a: Iron Valiant|Booster Energy\n|-activate|p2a: Iron Valiant|ability: Quark Drive|[fromitem]\n|-start|p2a: Iron Valiant|quarkdrivespe\n|move|p1a: Garganacl|Salt Cure|p2a: Iron Valiant\n|-resisted|p2a: Iron Valiant\n|-damage|p2a: Iron Valiant|68\/100\n|-start|p2a: Iron Valiant|Salt Cure\n|\n|-heal|p1a: Garganacl|100\/100|[from] item: Leftovers\n|-damage|p2a: Iron Valiant|56\/100|[from] Salt Cure\n|upkeep\n|turn|32\n|\n|t:|1701179075\n|move|p1a: Garganacl|Protect|p1a: Garganacl\n|-singleturn|p1a: Garganacl|Protect\n|move|p2a: Iron Valiant|Encore|p1a: Garganacl\n|-activate|p1a: Garganacl|move: Protect\n|\n|-damage|p2a: Iron Valiant|43\/100|[from] Salt Cure\n|upkeep\n|turn|33\n|\n|t:|1701179082\n|switch|p1a: Samurott|Samurott-Hisui, F|59\/100\n|move|p2a: Iron Valiant|Knock Off|p1a: Samurott\n|-resisted|p1a: Samurott\n|-damage|p1a: Samurott|42\/100\n|-enditem|p1a: Samurott|Assault Vest|[from] move: Knock Off|[of] p2a: Iron Valiant\n|\n|-damage|p2a: Iron Valiant|31\/100|[from] Salt Cure\n|upkeep\n|turn|34\n|\n|t:|1701179090\n|move|p1a: Samurott|Sucker Punch|p2a: Iron Valiant\n|-resisted|p2a: Iron Valiant\n|-damage|p2a: Iron Valiant|20\/100\n|move|p2a: Iron Valiant|Moonblast|p1a: Samurott\n|-supereffective|p1a: Samurott\n|-damage|p1a: Samurott|0 fnt\n|faint|p1a: Samurott\n|\n|-damage|p2a: Iron Valiant|7\/100|[from] Salt Cure\n|upkeep\n|\n|t:|1701179093\n|switch|p1a: Garganacl|Garganacl, M, shiny, tera:Ghost|100\/100\n|turn|35\n|\n|t:|1701179104\n|move|p1a: Garganacl|Protect|p1a: Garganacl\n|-singleturn|p1a: Garganacl|Protect\n|move|p2a: Iron Valiant|Knock Off|p1a: Garganacl\n|-activate|p1a: Garganacl|move: Protect\n|\n|-damage|p2a: Iron Valiant|0 fnt|[from] Salt Cure\n|faint|p2a: Iron Valiant\n|-end|p2a: Iron Valiant|Quark Drive|[silent]\n|upkeep\n|\n|t:|1701179112\n|switch|p2a: Kingambit|Kingambit, F|100\/100\n|-damage|p2a: Kingambit|84\/100|[from] Spikes\n|-damage|p2a: Kingambit|78\/100|[from] Stealth Rock\n|-activate|p2a: Kingambit|ability: Supreme Overlord\n|-start|p2a: Kingambit|fallen3|[silent]\n|turn|36\n|\n|t:|1701179118\n|move|p2a: Kingambit|Kowtow Cleave|p1a: Garganacl\n|-supereffective|p1a: Garganacl\n|-damage|p1a: Garganacl|7\/100\n|move|p1a: Garganacl|Salt Cure|p2a: Kingambit\n|-resisted|p2a: Kingambit\n|-damage|p2a: Kingambit|73\/100\n|-start|p2a: Kingambit|Salt Cure\n|\n|-heal|p1a: Garganacl|13\/100|[from] item: Leftovers\n|-damage|p2a: Kingambit|48\/100|[from] Salt Cure\n|upkeep\n|turn|37\n|\n|t:|1701179139\n|move|p2a: Kingambit|Kowtow Cleave|p1a: Garganacl\n|-supereffective|p1a: Garganacl\n|-damage|p1a: Garganacl|0 fnt\n|faint|p1a: Garganacl\n|\n|-damage|p2a: Kingambit|23\/100|[from] Salt Cure\n|upkeep\n|\n|t:|1701179142\n|switch|p1a: Iron Moth|Iron Moth, shiny|100\/100\n|-enditem|p1a: Iron Moth|Booster Energy\n|-activate|p1a: Iron Moth|ability: Quark Drive|[fromitem]\n|-start|p1a: Iron Moth|quarkdrivespe\n|turn|38\n|\n|t:|1701179149\n|move|p2a: Kingambit|Sucker Punch||[still]\n|-fail|p2a: Kingambit\n|move|p1a: Iron Moth|Substitute|p1a: Iron Moth\n|-start|p1a: Iron Moth|Substitute\n|-damage|p1a: Iron Moth|76\/100\n|\n|-damage|p2a: Kingambit|0 fnt|[from] Salt Cure\n|faint|p2a: Kingambit\n|-end|p2a: Kingambit|fallen3|[silent]\n|upkeep\n|\n|t:|1701179159\n|switch|p2a: Garganacl|Garganacl, F, shiny, tera:Water|67\/100\n|-damage|p2a: Garganacl|50\/100|[from] Spikes\n|-damage|p2a: Garganacl|38\/100|[from] Stealth Rock\n|turn|39\n|\n|t:|1701179164\n|move|p1a: Iron Moth|Energy Ball|p2a: Garganacl\n|-supereffective|p2a: Garganacl\n|-damage|p2a: Garganacl|0 fnt\n|faint|p2a: Garganacl\n|\n|upkeep\n|\n|t:|1701179169\n|switch|p2a: Zapdos|Zapdos|72\/100\n|-damage|p2a: Zapdos|47\/100|[from] Stealth Rock\n|turn|40\n|\n|t:|1701179173\n|move|p1a: Iron Moth|Fiery Dance|p2a: Zapdos\n|-damage|p2a: Zapdos|8\/100\n|-boost|p1a: Iron Moth|spa|1\n|move|p2a: Zapdos|Hurricane|p1a: Iron Moth\n|-end|p1a: Iron Moth|Substitute\n|\n|upkeep\n|turn|41\n|\n|t:|1701179183\n|move|p1a: Iron Moth|Fiery Dance|p2a: Zapdos\n|-damage|p2a: Zapdos|0 fnt\n|faint|p2a: Zapdos\n|\n|win|TheNutmeg33\n|raw|TheNutmeg33's rating: 1542 &rarr; <strong>1564<\/strong><br \/>(+22 for winning)\n|raw|testtmptmp2's rating: 1569 &rarr; <strong>1547<\/strong><br \/>(-22 for losing)\n|l|\u2606testtmptmp2\n","uploadtime":1701179198,"views":22,"p1id":"thenutmeg33","p2id":"testtmptmp2","formatid":"gen9ou","rating":1547,"private":0,"password":""}