{"id":"gen9ou-1992524093","p1":"knexhawk2","p2":"Gen4OULARP","format":"[Gen 9] OU","log":"|j|\u2606knexhawk2\n|j|\u2606Gen4OULARP\n|inactive|Battle timer is ON: inactive players will automatically lose when time's up.\n|t:|1700199348\n|gametype|singles\n|player|p1|knexhawk2|red-masters|\n|player|p2|Gen4OULARP|lucas|\n|teamsize|p1|6\n|teamsize|p2|6\n|gen|9\n|tier|[Gen 9] OU\n|rated|Tournament battle\n|rule|Sleep Clause Mod: Limit one foe put to sleep\n|rule|Species Clause: Limit one of each Pok\u00e9mon\n|rule|OHKO Clause: OHKO moves are banned\n|rule|Evasion Items Clause: Evasion items are banned\n|rule|Evasion Moves Clause: Evasion moves are banned\n|rule|Endless Battle Clause: Forcing endless battles is banned\n|rule|HP Percentage Mod: HP is shown in percentages\n|clearpoke\n|poke|p1|Goodra-Hisui, M|\n|poke|p1|Blissey, F|\n|poke|p1|Dondozo, F|\n|poke|p1|Cyclizar, F|\n|poke|p1|Alomomola, F|\n|poke|p1|Clodsire, F|\n|poke|p2|Weavile, F|\n|poke|p2|Heatran, F|\n|poke|p2|Scizor, F|\n|poke|p2|Zapdos|\n|poke|p2|Rotom-Wash|\n|poke|p2|Garchomp, M|\n|teampreview\n|j| cg stinky\n|c|\u2606Gen4OULARP|glhf\n|c|\u2606knexhawk2|name checks out\n|c|\u2606knexhawk2|but theres a chomp\n|j| CaterpieSenpai6\n|c|\u2606Gen4OULARP|yeah I am a fraud\n|c|\u2606Gen4OULARP|I play Chomp\n|c|\u2606knexhawk2|looks more like a gen8 team\n|c|\u2606knexhawk2|ngl\n|c| CaterpieSenpai6|good luck guys\n|inactive|knexhawk2 has 120 seconds left.\n|inactive|Gen4OULARP has 120 seconds left.\n|c|\u2606knexhawk2|glhf\n|c|\u2606Gen4OULARP|ngl, K just kinda grabbed dudes that were popular in Gen 4\n|c|\u2606Gen4OULARP|glhf\n|\n|t:|1700199388\n|start\n|switch|p1a: Alomomola|Alomomola, F|100\/100\n|switch|p2a: Rotom-Trash|Rotom-Wash|100\/100\n|turn|1\n|c|\u2606knexhawk2|fair enough\n|j| aaronontheair\n|\n|t:|1700199393\n|switch|p1a: Cyclizar|Cyclizar, F|100\/100\n|move|p2a: Rotom-Trash|Trick|p1a: Cyclizar\n|-activate|p2a: Rotom-Trash|move: Trick|[of] p1a: Cyclizar\n|-item|p1a: Cyclizar|Choice Scarf|[from] move: Trick\n|-item|p2a: Rotom-Trash|Heavy-Duty Boots|[from] move: Trick\n|\n|upkeep\n|turn|2\n|j| VicBossMG\n|\n|t:|1700199403\n|move|p1a: Cyclizar|Knock Off|p2a: Rotom-Trash\n|-damage|p2a: Rotom-Trash|70\/100\n|-enditem|p2a: Rotom-Trash|Heavy-Duty Boots|[from] move: Knock Off|[of] p1a: Cyclizar\n|move|p2a: Rotom-Trash|Will-O-Wisp|p1a: Cyclizar\n|-status|p1a: Cyclizar|brn\n|\n|-damage|p1a: Cyclizar|94\/100 brn|[from] brn\n|upkeep\n|turn|3\n|\n|t:|1700199408\n|move|p1a: Cyclizar|Knock Off|p2a: Rotom-Trash\n|-damage|p2a: Rotom-Trash|61\/100\n|move|p2a: Rotom-Trash|Volt Switch|p1a: Cyclizar\n|-resisted|p1a: Cyclizar\n|-damage|p1a: Cyclizar|77\/100 brn\n|l| aaronontheair\n|\n|t:|1700199415\n|switch|p2a: Chien Pwnd|Weavile, F|100\/100|[from] Volt Switch\n|-ability|p2a: Chien Pwnd|Pressure\n|\n|-damage|p1a: Cyclizar|71\/100 brn|[from] brn\n|upkeep\n|turn|4\n|j| impregnator sufys\n|\n|t:|1700199423\n|switch|p1a: Alomomola|Alomomola, F|100\/100\n|move|p2a: Chien Pwnd|Ice Shard|p1a: Alomomola\n|-resisted|p1a: Alomomola\n|-damage|p1a: Alomomola|93\/100\n|-damage|p2a: Chien Pwnd|91\/100|[from] item: Life Orb\n|\n|upkeep\n|turn|5\n|\n|t:|1700199427\n|move|p2a: Chien Pwnd|Knock Off|p1a: Alomomola\n|-damage|p1a: Alomomola|58\/100\n|-enditem|p1a: Alomomola|Heavy-Duty Boots|[from] move: Knock Off|[of] p2a: Chien Pwnd\n|-damage|p2a: Chien Pwnd|81\/100|[from] item: Life Orb\n|move|p1a: Alomomola|Scald|p2a: Chien Pwnd\n|-damage|p2a: Chien Pwnd|62\/100\n|\n|upkeep\n|turn|6\n|c| impregnator sufys|....\n|c| impregnator sufys|if this dosent end in 100 turns I am flipping\n|c|\u2606knexhawk2|yes mr impregnator\n|\n|t:|1700199440\n|switch|p2a: Rotom-Trash|Rotom-Wash|61\/100\n|move|p1a: Alomomola|Wish|p1a: Alomomola\n|\n|upkeep\n|turn|7\n|\n|t:|1700199447\n|switch|p1a: Goodra|Goodra-Hisui, M|100\/100\n|move|p2a: Rotom-Trash|Will-O-Wisp|p1a: Goodra\n|-status|p1a: Goodra|brn\n|\n|-damage|p1a: Goodra|94\/100 brn|[from] brn\n|upkeep\n|turn|8\n|c|\u2606knexhawk2|dude theres no chance this takes anywhere near 100\n|\n|t:|1700199463\n|switch|p1a: Cyclizar|Cyclizar, F|100\/100 brn\n|move|p2a: Rotom-Trash|Volt Switch|p1a: Cyclizar\n|-resisted|p1a: Cyclizar\n|-damage|p1a: Cyclizar|83\/100 brn\n|c|\u2606knexhawk2|unless hes like rest on everything\n|\n|t:|1700199470\n|switch|p2a: Forg|Heatran, F|100\/100|[from] Volt Switch\n|\n|-damage|p1a: Cyclizar|77\/100 brn|[from] brn\n|upkeep\n|turn|9\n|\n|t:|1700199472\n|move|p2a: Forg|Protect|p2a: Forg\n|-singleturn|p2a: Forg|Protect\n|move|p1a: Cyclizar|Knock Off|p2a: Forg\n|-activate|p2a: Forg|move: Protect\n|\n|-damage|p1a: Cyclizar|71\/100 brn|[from] brn\n|upkeep\n|turn|10\n|c| impregnator sufys|U better win before 100\n|\n|t:|1700199480\n|move|p1a: Cyclizar|Knock Off|p2a: Forg\n|-damage|p2a: Forg|91\/100\n|-enditem|p2a: Forg|Leftovers|[from] move: Knock Off|[of] p1a: Cyclizar\n|move|p2a: Forg|Magma Storm|p1a: Cyclizar\n|-resisted|p1a: Cyclizar\n|-damage|p1a: Cyclizar|48\/100 brn\n|-activate|p1a: Cyclizar|move: Magma Storm|[of] p2a: Forg\n|\n|-damage|p1a: Cyclizar|42\/100 brn|[from] brn\n|-damage|p1a: Cyclizar|30\/100 brn|[from] move: Magma Storm|[partiallytrapped]\n|upkeep\n|turn|11\n|c| impregnator sufys|or win a 50\/50\n|\n|t:|1700199488\n|move|p1a: Cyclizar|Knock Off|p2a: Forg\n|-damage|p2a: Forg|85\/100\n|move|p2a: Forg|Stealth Rock|p1a: Cyclizar\n|-sidestart|p1: knexhawk2|move: Stealth Rock\n|\n|-damage|p1a: Cyclizar|23\/100 brn|[from] brn\n|-damage|p1a: Cyclizar|11\/100 brn|[from] move: Magma Storm|[partiallytrapped]\n|upkeep\n|turn|12\n|\n|t:|1700199491\n|move|p2a: Forg|Protect|p2a: Forg\n|-singleturn|p2a: Forg|Protect\n|move|p1a: Cyclizar|Knock Off|p2a: Forg\n|-activate|p2a: Forg|move: Protect\n|\n|-damage|p1a: Cyclizar|5\/100 brn|[from] brn\n|-damage|p1a: Cyclizar|0 fnt|[from] move: Magma Storm|[partiallytrapped]\n|faint|p1a: Cyclizar\n|upkeep\n|\n|t:|1700199492\n|switch|p1a: Blissey|Blissey, F|100\/100\n|turn|13\n|\n|t:|1700199498\n|switch|p2a: Chien Pwnd|Weavile, F|62\/100\n|-ability|p2a: Chien Pwnd|Pressure\n|move|p1a: Blissey|Stealth Rock|p2a: Chien Pwnd\n|-sidestart|p2: Gen4OULARP|move: Stealth Rock\n|\n|upkeep\n|turn|14\n|\n|t:|1700199503\n|switch|p1a: Alomomola|Alomomola, F|92\/100\n|-damage|p1a: Alomomola|79\/100|[from] Stealth Rock\n|move|p2a: Chien Pwnd|Knock Off|p1a: Alomomola\n|-damage|p1a: Alomomola|57\/100\n|-damage|p2a: Chien Pwnd|52\/100|[from] item: Life Orb\n|\n|upkeep\n|turn|15\n|\n|t:|1700199508\n|switch|p2a: Zippy Zappy|Zapdos|100\/100\n|move|p1a: Alomomola|Wish|p1a: Alomomola\n|\n|upkeep\n|turn|16\n|\n|t:|1700199516\n|switch|p2a: STFU Jaxby|Scizor, F|100\/100\n|-damage|p2a: STFU Jaxby|88\/100|[from] Stealth Rock\n|move|p1a: Alomomola|Protect||[still]\n|-fail|p1a: Alomomola\n|\n|-heal|p1a: Alomomola|100\/100|[from] move: Wish|[wisher] Alomomola\n|-heal|p2a: STFU Jaxby|94\/100|[from] item: Leftovers\n|upkeep\n|turn|17\n|\n|t:|1700199522\n|move|p2a: STFU Jaxby|Defog|p1a: Alomomola\n|-unboost|p1a: Alomomola|evasion|1\n|-sideend|p1: knexhawk2|Stealth Rock|[from] move: Defog|[of] p2a: STFU Jaxby\n|-sideend|p2: Gen4OULARP|Stealth Rock|[from] move: Defog|[of] p2a: STFU Jaxby\n|move|p1a: Alomomola|Scald|p2a: STFU Jaxby\n|-damage|p2a: STFU Jaxby|77\/100\n|\n|-heal|p2a: STFU Jaxby|83\/100|[from] item: Leftovers\n|upkeep\n|turn|18\n|\n|t:|1700199525\n|move|p2a: STFU Jaxby|U-turn|p1a: Alomomola\n|-crit|p1a: Alomomola\n|-damage|p1a: Alomomola|69\/100\n|c|\u2606knexhawk2|you know\n|c|\u2606knexhawk2|i forgot that guy had defog\n|c|\u2606knexhawk2|entirely\n|c|\u2606Gen4OULARP|everyone does\n|\n|t:|1700199537\n|switch|p2a: Rotom-Trash|Rotom-Wash|61\/100|[from] U-turn\n|move|p1a: Alomomola|Scald|p2a: Rotom-Trash\n|-resisted|p2a: Rotom-Trash\n|-damage|p2a: Rotom-Trash|52\/100\n|-status|p2a: Rotom-Trash|brn\n|\n|-damage|p2a: Rotom-Trash|45\/100 brn|[from] brn\n|upkeep\n|turn|19\n|c|\u2606knexhawk2|like it never uses it\n|\n|t:|1700199545\n|move|p1a: Alomomola|Protect|p1a: Alomomola\n|-singleturn|p1a: Alomomola|Protect\n|move|p2a: Rotom-Trash|Volt Switch|p1a: Alomomola\n|-activate|p1a: Alomomola|move: Protect\n|\n|-damage|p2a: Rotom-Trash|39\/100 brn|[from] brn\n|upkeep\n|turn|20\n|\n|t:|1700199548\n|switch|p1a: Goodra|Goodra-Hisui, M|94\/100 brn\n|move|p2a: Rotom-Trash|Volt Switch|p1a: Goodra\n|-resisted|p1a: Goodra\n|-damage|p1a: Goodra|85\/100 brn\n|\n|t:|1700199552\n|switch|p2a: Snuggles|Garchomp, M, shiny|100\/100|[from] Volt Switch\n|\n|-damage|p1a: Goodra|79\/100 brn|[from] brn\n|upkeep\n|turn|21\n|c|\u2606knexhawk2|kleavor does on the rare occasion you see that\n|\n|t:|1700199558\n|switch|p1a: Alomomola|Alomomola, F|100\/100\n|move|p2a: Snuggles|Earthquake|p1a: Alomomola\n|-crit|p1a: Alomomola\n|-damage|p1a: Alomomola|62\/100\n|\n|upkeep\n|turn|22\n|\n|t:|1700199563\n|switch|p2a: Rotom-Trash|Rotom-Wash|39\/100 brn\n|move|p1a: Alomomola|Protect||[still]\n|-fail|p1a: Alomomola\n|\n|-damage|p2a: Rotom-Trash|33\/100 brn|[from] brn\n|upkeep\n|turn|23\n|\n|t:|1700199568\n|move|p1a: Alomomola|Protect|p1a: Alomomola\n|-singleturn|p1a: Alomomola|Protect\n|move|p2a: Rotom-Trash|Volt Switch|p1a: Alomomola\n|-activate|p1a: Alomomola|move: Protect\n|\n|-damage|p2a: Rotom-Trash|27\/100 brn|[from] brn\n|upkeep\n|turn|24\n|j| LaraLuiza0001\n|\n|t:|1700199573\n|switch|p1a: Clodsire|Clodsire, F|100\/100\n|move|p2a: Rotom-Trash|Volt Switch|p1a: Clodsire\n|-immune|p1a: Clodsire\n|\n|-damage|p2a: Rotom-Trash|20\/100 brn|[from] brn\n|upkeep\n|turn|25\n|\n|t:|1700199577\n|move|p2a: Rotom-Trash|Will-O-Wisp|p1a: Clodsire\n|-status|p1a: Clodsire|brn\n|move|p1a: Clodsire|Spikes|p2a: Rotom-Trash\n|-sidestart|p2: Gen4OULARP|Spikes\n|\n|-damage|p2a: Rotom-Trash|14\/100 brn|[from] brn\n|-damage|p1a: Clodsire|94\/100 brn|[from] brn\n|upkeep\n|turn|26\n|\n|t:|1700199581\n|switch|p2a: STFU Jaxby|Scizor, F|83\/100\n|-damage|p2a: STFU Jaxby|70\/100|[from] Spikes\n|switch|p1a: Blissey|Blissey, F|100\/100\n|\n|-heal|p2a: STFU Jaxby|76\/100|[from] item: Leftovers\n|upkeep\n|turn|27\n|\n|t:|1700199586\n|move|p2a: STFU Jaxby|Swords Dance|p2a: STFU Jaxby\n|-boost|p2a: STFU Jaxby|atk|2\n|move|p1a: Blissey|Heal Bell|p1a: Blissey\n|-activate|p1a: Blissey|move: Heal Bell\n|-curestatus|p1: Goodra|brn|[msg]\n|-curestatus|p1: Clodsire|brn|[msg]\n|\n|-heal|p2a: STFU Jaxby|82\/100|[from] item: Leftovers\n|upkeep\n|turn|28\n|\n|t:|1700199592\n|switch|p1a: Alomomola|Alomomola, F|95\/100\n|move|p2a: STFU Jaxby|Defog|p1a: Alomomola\n|-unboost|p1a: Alomomola|evasion|1\n|-sideend|p2: Gen4OULARP|Spikes|[from] move: Defog|[of] p2a: STFU Jaxby\n|\n|-heal|p2a: STFU Jaxby|89\/100|[from] item: Leftovers\n|upkeep\n|turn|29\n|\n|t:|1700199596\n|move|p2a: STFU Jaxby|U-turn|p1a: Alomomola\n|-damage|p1a: Alomomola|55\/100\n|\n|t:|1700199599\n|switch|p2a: Zippy Zappy|Zapdos|100\/100|[from] U-turn\n|move|p1a: Alomomola|Scald|p2a: Zippy Zappy\n|-damage|p2a: Zippy Zappy|88\/100\n|-status|p2a: Zippy Zappy|brn\n|\n|-damage|p2a: Zippy Zappy|82\/100 brn|[from] brn\n|upkeep\n|turn|30\n|\n|t:|1700199608\n|move|p1a: Alomomola|Protect|p1a: Alomomola\n|-singleturn|p1a: Alomomola|Protect\n|move|p2a: Zippy Zappy|Volt Switch|p1a: Alomomola\n|-activate|p1a: Alomomola|move: Protect\n|\n|-damage|p2a: Zippy Zappy|76\/100 brn|[from] brn\n|upkeep\n|turn|31\n|c|\u2606knexhawk2|man scald is a fucking stupid move and i love it\n|c|\u2606Gen4OULARP|yeah\n|c|\u2606Gen4OULARP|as BKC once said\n|c|\u2606Gen4OULARP|\"Scald is broken\n|c|\u2606knexhawk2|i mean tbh mola does the same thing without scald\n|c|\u2606Gen4OULARP|this is true\n|c|\u2606knexhawk2|it just clicks whirlpool on zapdos\n|c|\u2606knexhawk2|and misses\n|c|\u2606knexhawk2|because whirlpool fuckiing sucks and has 50% accuracy\n|inactive|Gen4OULARP has 120 seconds left.\n|c|\u2606Gen4OULARP|As someone who played tf out of this fish in UU?\n|c| LaraLuiza0001|scald 30% is at least 60%\n|c|\u2606Gen4OULARP|You right\n|c| LaraLuiza0001|idk\n|\n|t:|1700199642\n|switch|p1a: Clodsire|Clodsire, F|94\/100\n|move|p2a: Zippy Zappy|Volt Switch|p1a: Clodsire\n|-immune|p1a: Clodsire\n|\n|-damage|p2a: Zippy Zappy|70\/100 brn|[from] brn\n|upkeep\n|turn|32\n|\n|t:|1700199648\n|switch|p2a: STFU Jaxby|Scizor, F|89\/100\n|move|p1a: Clodsire|Spikes|p2a: STFU Jaxby\n|-sidestart|p2: Gen4OULARP|Spikes\n|\n|-heal|p2a: STFU Jaxby|95\/100|[from] item: Leftovers\n|upkeep\n|turn|33\n|\n|t:|1700199652\n|switch|p1a: Alomomola|Alomomola, F|89\/100\n|move|p2a: STFU Jaxby|Defog|p1a: Alomomola\n|-unboost|p1a: Alomomola|evasion|1\n|-sideend|p2: Gen4OULARP|Spikes|[from] move: Defog|[of] p2a: STFU Jaxby\n|\n|-heal|p2a: STFU Jaxby|100\/100|[from] item: Leftovers\n|upkeep\n|turn|34\n|\n|t:|1700199654\n|move|p2a: STFU Jaxby|U-turn|p1a: Alomomola\n|-damage|p1a: Alomomola|69\/100\n|\n|t:|1700199656\n|switch|p2a: Zippy Zappy|Zapdos|70\/100 brn|[from] U-turn\n|move|p1a: Alomomola|Whirlpool|p2a: Zippy Zappy\n|-damage|p2a: Zippy Zappy|64\/100 brn\n|-activate|p2a: Zippy Zappy|move: Whirlpool|[of] p1a: Alomomola\n|\n|-damage|p2a: Zippy Zappy|58\/100 brn|[from] brn\n|-damage|p2a: Zippy Zappy|46\/100 brn|[from] move: Whirlpool|[partiallytrapped]\n|upkeep\n|turn|35\n|c|\u2606knexhawk2|i hate the matchup where its tusk vs mola\n|c|\u2606knexhawk2|and it goes for rocks or w\/e\n|c|\u2606knexhawk2|and u miss whirlpool\n|c|\u2606knexhawk2|like iif you hit that tusk was dead\n|c|\u2606Gen4OULARP|yeah that's actually the most annoying shit\n|\n|t:|1700199677\n|switch|p1a: Goodra|Goodra-Hisui, M|79\/100\n|move|p2a: Zippy Zappy|Roost|p2a: Zippy Zappy\n|-heal|p2a: Zippy Zappy|96\/100 brn\n|-singleturn|p2a: Zippy Zappy|move: Roost\n|\n|-damage|p2a: Zippy Zappy|90\/100 brn|[from] brn\n|-end|p2a: Zippy Zappy|Whirlpool|[partiallytrapped]|[silent]\n|upkeep\n|turn|36\n|\n|t:|1700199683\n|move|p2a: Zippy Zappy|Volt Switch|p1a: Goodra\n|-resisted|p1a: Goodra\n|-damage|p1a: Goodra|70\/100\n|\n|t:|1700199686\n|switch|p2a: Snuggles|Garchomp, M, shiny|100\/100|[from] Volt Switch\n|move|p1a: Goodra|Knock Off|p2a: Snuggles\n|-damage|p2a: Snuggles|79\/100\n|-damage|p1a: Goodra|57\/100|[from] ability: Rough Skin|[of] p2a: Snuggles\n|-enditem|p2a: Snuggles|Loaded Dice|[from] move: Knock Off|[of] p1a: Goodra\n|\n|upkeep\n|turn|37\n|\n|t:|1700199691\n|switch|p1a: Alomomola|Alomomola, F|100\/100\n|move|p2a: Snuggles|Swords Dance|p2a: Snuggles\n|-boost|p2a: Snuggles|atk|2\n|\n|upkeep\n|turn|38\n|c|\u2606knexhawk2|we got a gambler out here\n|\n|t:|1700199697\n|move|p2a: Snuggles|Earthquake|p1a: Alomomola\n|-damage|p1a: Alomomola|50\/100\n|move|p1a: Alomomola|Scald|p2a: Snuggles\n|-damage|p2a: Snuggles|64\/100\n|-status|p2a: Snuggles|brn\n|\n|-damage|p2a: Snuggles|57\/100 brn|[from] brn\n|upkeep\n|turn|39\n|c|\u2606knexhawk2|lol im sorry\n|c|\u2606Gen4OULARP|eh\n|c|\u2606Gen4OULARP|this is mons\n|c|\u2606Gen4OULARP|bad thing happens? That's part of the game\n|c|\u2606knexhawk2|true\n|c|\u2606knexhawk2|i think dozo shits on this but idk ur 4th\n|inactive|Gen4OULARP has 120 seconds left.\n|c|\u2606Gen4OULARP|Nah, Dozo does\n|c|\u2606knexhawk2|could be some like tera dragon draco shit\n|c|\u2606Gen4OULARP|it's why I am not heartbroken\n|\n|t:|1700199740\n|switch|p2a: Zippy Zappy|Zapdos|90\/100 brn\n|switch|p1a: Dondozo|Dondozo, F|100\/100\n|\n|-damage|p2a: Zippy Zappy|84\/100 brn|[from] brn\n|upkeep\n|turn|40\n|c|\u2606knexhawk2|fair enough\n|\n|t:|1700199745\n|switch|p1a: Goodra|Goodra-Hisui, M|57\/100\n|move|p2a: Zippy Zappy|Discharge|p1a: Goodra\n|-resisted|p1a: Goodra\n|-damage|p1a: Goodra|46\/100\n|-status|p1a: Goodra|par\n|\n|-damage|p2a: Zippy Zappy|78\/100 brn|[from] brn\n|upkeep\n|turn|41\n|\n|t:|1700199751\n|move|p2a: Zippy Zappy|Volt Switch|p1a: Goodra\n|-resisted|p1a: Goodra\n|-damage|p1a: Goodra|35\/100 par\n|c| LaraLuiza0001|what\u2019s ur dozo tera\n|c|\u2606knexhawk2|fighting\n|\n|t:|1700199757\n|switch|p2a: Forg|Heatran, F|85\/100|[from] Volt Switch\n|move|p1a: Goodra|Rest|p1a: Goodra\n|-status|p1a: Goodra|slp|[from] move: Rest\n|-heal|p1a: Goodra|100\/100 slp|[silent]\n|\n|upkeep\n|turn|42\n|c|\u2606knexhawk2|gambit exists\n|\n|t:|1700199762\n|switch|p1a: Blissey|Blissey, F|100\/100\n|move|p2a: Forg|Magma Storm|p1a: Blissey\n|-damage|p1a: Blissey|87\/100\n|-activate|p1a: Blissey|move: Magma Storm|[of] p2a: Forg\n|\n|-damage|p1a: Blissey|74\/100|[from] move: Magma Storm|[partiallytrapped]\n|upkeep\n|turn|43\n|\n|t:|1700199772\n|switch|p2a: STFU Jaxby|Scizor, F|100\/100\n|move|p1a: Blissey|Soft-Boiled|p1a: Blissey\n|-heal|p1a: Blissey|100\/100\n|\n|-end|p1a: Blissey|Magma Storm|[partiallytrapped]|[silent]\n|upkeep\n|turn|44\n|\n|t:|1700199777\n|switch|p1a: Alomomola|Alomomola, F|83\/100\n|move|p2a: STFU Jaxby|Swords Dance|p2a: STFU Jaxby\n|-boost|p2a: STFU Jaxby|atk|2\n|\n|upkeep\n|turn|45\n|c| LaraLuiza0001|ic was wondering if it just auto won from that\n|\n|t:|1700199780\n|move|p2a: STFU Jaxby|Swords Dance|p2a: STFU Jaxby\n|-boost|p2a: STFU Jaxby|atk|2\n|move|p1a: Alomomola|Whirlpool|p2a: STFU Jaxby|[miss]\n|-miss|p1a: Alomomola|p2a: STFU Jaxby\n|\n|upkeep\n|turn|46\n|\n|t:|1700199784\n|switch|p1a: Dondozo|Dondozo, F|100\/100\n|move|p2a: STFU Jaxby|U-turn|p1a: Dondozo\n|-crit|p1a: Dondozo\n|-damage|p1a: Dondozo|74\/100\n|c| LaraLuiza0001|bc zap still kills\n|c| LaraLuiza0001|but**\n|c|\u2606knexhawk2|im never stayin in\n|c|\u2606knexhawk2|on zap with dozo\n|\n|t:|1700199799\n|switch|p2a: Rotom-Trash|Rotom-Wash|14\/100 brn|[from] U-turn\n|\n|-damage|p2a: Rotom-Trash|8\/100 brn|[from] brn\n|upkeep\n|turn|47\n|c|\u2606knexhawk2|i got a whole clod, blissey, and hoodra\n|c| LaraLuiza0001|i mean if you were spdef\n|\n|t:|1700199805\n|switch|p1a: Goodra|Goodra-Hisui, M|100\/100 slp\n|move|p2a: Rotom-Trash|Trick|p1a: Goodra\n|-activate|p2a: Rotom-Trash|move: Trick|[of] p1a: Goodra\n|-enditem|p1a: Goodra|Heavy-Duty Boots|[silent]|[from] move: Trick\n|-item|p2a: Rotom-Trash|Heavy-Duty Boots|[from] move: Trick\n|\n|-damage|p2a: Rotom-Trash|2\/100 brn|[from] brn\n|upkeep\n|turn|48\n|\n|t:|1700199812\n|move|p2a: Rotom-Trash|Volt Switch|p1a: Goodra\n|-resisted|p1a: Goodra\n|-damage|p1a: Goodra|91\/100 slp\n|\n|t:|1700199815\n|switch|p2a: Chien Pwnd|Weavile, F|52\/100|[from] Volt Switch\n|-ability|p2a: Chien Pwnd|Pressure\n|cant|p1a: Goodra|slp\n|\n|upkeep\n|turn|49\n|c|\u2606knexhawk2|stall never runs spdef\n|c|\u2606knexhawk2|you need to beat gambiit\n|c| LaraLuiza0001|fair\n|\n|t:|1700199823\n|switch|p1a: Dondozo|Dondozo, F|74\/100\n|move|p2a: Chien Pwnd|Low Kick|p1a: Dondozo\n|-damage|p1a: Dondozo|50\/100\n|-damage|p2a: Chien Pwnd|42\/100|[from] item: Life Orb\n|\n|upkeep\n|turn|50\n|\n|t:|1700199829\n|move|p2a: Chien Pwnd|Knock Off|p1a: Dondozo\n|-damage|p1a: Dondozo|23\/100\n|-enditem|p1a: Dondozo|Heavy-Duty Boots|[from] move: Knock Off|[of] p2a: Chien Pwnd\n|-damage|p2a: Chien Pwnd|32\/100|[from] item: Life Orb\n|move|p1a: Dondozo|Rest|p1a: Dondozo\n|-status|p1a: Dondozo|slp|[from] move: Rest\n|-heal|p1a: Dondozo|100\/100 slp|[silent]\n|\n|upkeep\n|turn|51\n|\n|t:|1700199836\n|switch|p2a: Forg|Heatran, F|85\/100\n|cant|p1a: Dondozo|slp\n|move|p1a: Dondozo|Sleep Talk|p1a: Dondozo\n|move|p1a: Dondozo|Curse|p1a: Dondozo|[from]move: Sleep Talk\n|-unboost|p1a: Dondozo|spe|1\n|-boost|p1a: Dondozo|atk|1\n|-boost|p1a: Dondozo|def|1\n|\n|upkeep\n|turn|52\n|\n|t:|1700199840\n|move|p2a: Forg|Magma Storm|p1a: Dondozo\n|-resisted|p1a: Dondozo\n|-damage|p1a: Dondozo|79\/100 slp\n|-activate|p1a: Dondozo|move: Magma Storm|[of] p2a: Forg\n|cant|p1a: Dondozo|slp\n|move|p1a: Dondozo|Sleep Talk|p1a: Dondozo\n|move|p1a: Dondozo|Curse|p1a: Dondozo|[from]move: Sleep Talk\n|-unboost|p1a: Dondozo|spe|1\n|-boost|p1a: Dondozo|atk|1\n|-boost|p1a: Dondozo|def|1\n|\n|-damage|p1a: Dondozo|67\/100 slp|[from] move: Magma Storm|[partiallytrapped]\n|upkeep\n|turn|53\n|\n|t:|1700199848\n|switch|p2a: Zippy Zappy|Zapdos|78\/100 brn\n|-curestatus|p1a: Dondozo|slp|[msg]\n|move|p1a: Dondozo|Waterfall|p2a: Zippy Zappy\n|-damage|p2a: Zippy Zappy|39\/100 brn\n|-status|p1a: Dondozo|par|[from] ability: Static|[of] p2a: Zippy Zappy\n|\n|-damage|p2a: Zippy Zappy|33\/100 brn|[from] brn\n|-end|p1a: Dondozo|Magma Storm|[partiallytrapped]|[silent]\n|upkeep\n|turn|54\n|l| VicBossMG\n|\n|t:|1700199859\n|switch|p2a: Rotom-Trash|Rotom-Wash|2\/100 brn\n|switch|p1a: Blissey|Blissey, F|100\/100\n|\n|-damage|p2a: Rotom-Trash|0 fnt|[from] brn\n|faint|p2a: Rotom-Trash\n|upkeep\n|j| VicBossMG\n|\n|t:|1700199868\n|switch|p2a: STFU Jaxby|Scizor, F|100\/100\n|turn|55\n|\n|t:|1700199871\n|switch|p1a: Alomomola|Alomomola, F|100\/100\n|move|p2a: STFU Jaxby|Swords Dance|p2a: STFU Jaxby\n|-boost|p2a: STFU Jaxby|atk|2\n|\n|upkeep\n|turn|56\n|\n|t:|1700199873\n|move|p2a: STFU Jaxby|U-turn|p1a: Alomomola\n|-damage|p1a: Alomomola|56\/100\n|\n|t:|1700199875\n|switch|p2a: Forg|Heatran, F|85\/100|[from] U-turn\n|move|p1a: Alomomola|Wish|p1a: Alomomola\n|\n|upkeep\n|turn|57\n|\n|t:|1700199881\n|switch|p1a: Blissey|Blissey, F|100\/100\n|move|p2a: Forg|Stealth Rock|p1a: Blissey\n|-sidestart|p1: knexhawk2|move: Stealth Rock\n|\n|upkeep\n|turn|58\n|\n|t:|1700199885\n|switch|p2a: STFU Jaxby|Scizor, F|100\/100\n|move|p1a: Blissey|Seismic Toss|p2a: STFU Jaxby\n|-damage|p2a: STFU Jaxby|71\/100\n|\n|-heal|p2a: STFU Jaxby|78\/100|[from] item: Leftovers\n|upkeep\n|turn|59\n|\n|t:|1700199890\n|move|p2a: STFU Jaxby|Swords Dance|p2a: STFU Jaxby\n|-boost|p2a: STFU Jaxby|atk|2\n|move|p1a: Blissey|Stealth Rock|p2a: STFU Jaxby\n|-sidestart|p2: Gen4OULARP|move: Stealth Rock\n|\n|-heal|p2a: STFU Jaxby|84\/100|[from] item: Leftovers\n|upkeep\n|turn|60\n|\n|t:|1700199892\n|switch|p1a: Alomomola|Alomomola, F|89\/100\n|-damage|p1a: Alomomola|77\/100|[from] Stealth Rock\n|move|p2a: STFU Jaxby|Swords Dance|p2a: STFU Jaxby\n|-boost|p2a: STFU Jaxby|atk|2\n|\n|-heal|p2a: STFU Jaxby|90\/100|[from] item: Leftovers\n|upkeep\n|turn|61\n|\n|t:|1700199897\n|switch|p1a: Clodsire|Clodsire, F|94\/100\n|move|p2a: STFU Jaxby|Swords Dance|p2a: STFU Jaxby\n|-boost|p2a: STFU Jaxby|atk|2\n|\n|-heal|p2a: STFU Jaxby|96\/100|[from] item: Leftovers\n|upkeep\n|turn|62\n|\n|t:|1700199902\n|move|p2a: STFU Jaxby|Bullet Punch|p1a: Clodsire\n|-damage|p1a: Clodsire|59\/100\n|move|p1a: Clodsire|Spikes|p2a: STFU Jaxby\n|-sidestart|p2: Gen4OULARP|Spikes\n|\n|-heal|p2a: STFU Jaxby|100\/100|[from] item: Leftovers\n|upkeep\n|turn|63\n|\n|t:|1700199907\n|-terastallize|p1a: Clodsire|Steel\n|move|p2a: STFU Jaxby|Defog|p1a: Clodsire\n|-unboost|p1a: Clodsire|evasion|1\n|-sideend|p1: knexhawk2|Stealth Rock|[from] move: Defog|[of] p2a: STFU Jaxby\n|-sideend|p2: Gen4OULARP|Spikes|[from] move: Defog|[of] p2a: STFU Jaxby\n|-sideend|p2: Gen4OULARP|Stealth Rock|[from] move: Defog|[of] p2a: STFU Jaxby\n|move|p1a: Clodsire|Recover|p1a: Clodsire\n|-heal|p1a: Clodsire|100\/100\n|\n|upkeep\n|turn|64\n|c|\u2606Gen4OULARP|ngl\n|c|\u2606Gen4OULARP|Spent the whole game thinking it was water absorb\n|c|\u2606knexhawk2|nah they are all unaware on stall\n|\n|t:|1700199930\n|move|p2a: STFU Jaxby|Bullet Punch|p1a: Clodsire\n|-resisted|p1a: Clodsire\n|-damage|p1a: Clodsire|84\/100\n|move|p1a: Clodsire|Spikes|p2a: STFU Jaxby\n|-sidestart|p2: Gen4OULARP|Spikes\n|\n|upkeep\n|turn|65\n|\n|t:|1700199934\n|move|p2a: STFU Jaxby|Bullet Punch|p1a: Clodsire\n|-resisted|p1a: Clodsire\n|-damage|p1a: Clodsire|66\/100\n|move|p1a: Clodsire|Spikes|p2a: STFU Jaxby\n|-sidestart|p2: Gen4OULARP|Spikes\n|\n|upkeep\n|turn|66\n|\n|t:|1700199937\n|move|p2a: STFU Jaxby|Bullet Punch|p1a: Clodsire\n|-resisted|p1a: Clodsire\n|-damage|p1a: Clodsire|48\/100\n|move|p1a: Clodsire|Recover|p1a: Clodsire\n|-heal|p1a: Clodsire|98\/100\n|\n|upkeep\n|turn|67\n|\n|t:|1700199940\n|switch|p1a: Alomomola|Alomomola, F|100\/100\n|move|p2a: STFU Jaxby|Defog|p1a: Alomomola\n|-unboost|p1a: Alomomola|evasion|1\n|-sideend|p2: Gen4OULARP|Spikes|[from] move: Defog|[of] p2a: STFU Jaxby\n|\n|upkeep\n|turn|68\n|\n|t:|1700199944\n|move|p2a: STFU Jaxby|U-turn|p1a: Alomomola\n|-damage|p1a: Alomomola|22\/100\n|\n|t:|1700199948\n|switch|p2a: Zippy Zappy|Zapdos|33\/100 brn|[from] U-turn\n|move|p1a: Alomomola|Wish|p1a: Alomomola\n|\n|-damage|p2a: Zippy Zappy|27\/100 brn|[from] brn\n|upkeep\n|turn|69\n|c|\u2606knexhawk2|its a real shame haviing only uturn\n|c|\u2606knexhawk2|for waters\n|\n|t:|1700199955\n|move|p1a: Alomomola|Protect|p1a: Alomomola\n|-singleturn|p1a: Alomomola|Protect\n|move|p2a: Zippy Zappy|Roost|p2a: Zippy Zappy\n|-heal|p2a: Zippy Zappy|77\/100 brn\n|-singleturn|p2a: Zippy Zappy|move: Roost\n|\n|-heal|p1a: Alomomola|72\/100|[from] move: Wish|[wisher] Alomomola\n|-damage|p2a: Zippy Zappy|71\/100 brn|[from] brn\n|upkeep\n|turn|70\n|j| Bad Players\n|\n|t:|1700199958\n|switch|p1a: Blissey|Blissey, F|100\/100\n|move|p2a: Zippy Zappy|Discharge|p1a: Blissey\n|-damage|p1a: Blissey|91\/100\n|-status|p1a: Blissey|par\n|\n|-damage|p2a: Zippy Zappy|65\/100 brn|[from] brn\n|upkeep\n|turn|71\n|\n|t:|1700199964\n|move|p2a: Zippy Zappy|Volt Switch|p1a: Blissey\n|-damage|p1a: Blissey|81\/100 par\n|c|\u2606knexhawk2|doesnt scizor get knock again\n|\n|t:|1700199973\n|switch|p2a: STFU Jaxby|Scizor, F|100\/100|[from] Volt Switch\n|cant|p1a: Blissey|par\n|\n|upkeep\n|turn|72\n|c|\u2606knexhawk2|!learn scizor, knock off\n|c| knexhawk2|\/raw <div class=\"infobox\">In [Gen 9] OU, Scizor <span class=\"message-learn-canlearn\">can<\/span> learn Knock Off from:<ul class=\"message-learn-list\"><li>anywhere (move is level-up\/tutor\/TM\/HM\/egg in Gen 9)<\/ul><\/div>\n|c|\u2606Gen4OULARP|No idea\n|\n|t:|1700199979\n|-curestatus|p1a: Blissey|par|[from] ability: Natural Cure\n|switch|p1a: Alomomola|Alomomola, F|100\/100\n|move|p2a: STFU Jaxby|Swords Dance|p2a: STFU Jaxby\n|-boost|p2a: STFU Jaxby|atk|2\n|\n|upkeep\n|turn|73\n|c|\u2606knexhawk2|its back.\n|l| VicBossMG\n|\n|t:|1700199984\n|move|p2a: STFU Jaxby|U-turn|p1a: Alomomola\n|-damage|p1a: Alomomola|58\/100\n|c|\u2606knexhawk2|threat.\n|\n|t:|1700199987\n|switch|p2a: Forg|Heatran, F|85\/100|[from] U-turn\n|move|p1a: Alomomola|Scald|p2a: Forg\n|-supereffective|p2a: Forg\n|-damage|p2a: Forg|70\/100\n|\n|upkeep\n|turn|74\n|\n|t:|1700199992\n|switch|p1a: Blissey|Blissey, F|81\/100\n|move|p2a: Forg|Magma Storm|p1a: Blissey\n|-damage|p1a: Blissey|68\/100\n|-activate|p1a: Blissey|move: Magma Storm|[of] p2a: Forg\n|\n|-damage|p1a: Blissey|55\/100|[from] move: Magma Storm|[partiallytrapped]\n|upkeep\n|turn|75\n|\n|t:|1700200000\n|move|p2a: Forg|Stealth Rock|p1a: Blissey\n|-sidestart|p1: knexhawk2|move: Stealth Rock\n|move|p1a: Blissey|Soft-Boiled|p1a: Blissey\n|-heal|p1a: Blissey|100\/100\n|\n|-damage|p1a: Blissey|88\/100|[from] move: Magma Storm|[partiallytrapped]\n|upkeep\n|turn|76\n|\n|t:|1700200007\n|switch|p2a: Chien Pwnd|Weavile, F|32\/100\n|-ability|p2a: Chien Pwnd|Pressure\n|move|p1a: Blissey|Heal Bell|p1a: Blissey\n|-activate|p1a: Blissey|move: Heal Bell\n|-curestatus|p1: Dondozo|par|[msg]\n|-curestatus|p1: Goodra|slp|[msg]\n|\n|-end|p1a: Blissey|Magma Storm|[partiallytrapped]|[silent]\n|upkeep\n|turn|77\n|\n|t:|1700200012\n|switch|p1a: Alomomola|Alomomola, F|92\/100\n|-damage|p1a: Alomomola|79\/100|[from] Stealth Rock\n|move|p2a: Chien Pwnd|Knock Off|p1a: Alomomola\n|-damage|p1a: Alomomola|55\/100\n|-damage|p2a: Chien Pwnd|22\/100|[from] item: Life Orb\n|\n|upkeep\n|turn|78\n|\n|t:|1700200019\n|move|p2a: Chien Pwnd|Knock Off|p1a: Alomomola\n|-damage|p1a: Alomomola|33\/100\n|-damage|p2a: Chien Pwnd|12\/100|[from] item: Life Orb\n|move|p1a: Alomomola|Wish|p1a: Alomomola\n|\n|upkeep\n|turn|79\n|\n|t:|1700200023\n|switch|p2a: Zippy Zappy|Zapdos|65\/100 brn\n|move|p1a: Alomomola|Protect||[still]\n|-fail|p1a: Alomomola\n|\n|-heal|p1a: Alomomola|83\/100|[from] move: Wish|[wisher] Alomomola\n|-damage|p2a: Zippy Zappy|59\/100 brn|[from] brn\n|upkeep\n|turn|80\n|\n|t:|1700200027\n|switch|p1a: Blissey|Blissey, F|88\/100\n|move|p2a: Zippy Zappy|Volt Switch|p1a: Blissey\n|-damage|p1a: Blissey|78\/100\n|\n|t:|1700200033\n|switch|p2a: STFU Jaxby|Scizor, F|100\/100|[from] Volt Switch\n|\n|upkeep\n|turn|81\n|c| Bad Players|I always underestimate Weavile in this gen\n|\n|t:|1700200039\n|switch|p1a: Alomomola|Alomomola, F|100\/100\n|-damage|p1a: Alomomola|88\/100|[from] Stealth Rock\n|move|p2a: STFU Jaxby|Swords Dance|p2a: STFU Jaxby\n|-boost|p2a: STFU Jaxby|atk|2\n|\n|upkeep\n|turn|82\n|c|\u2606knexhawk2|im glad itis life orb\n|\n|t:|1700200045\n|move|p2a: STFU Jaxby|Swords Dance|p2a: STFU Jaxby\n|-boost|p2a: STFU Jaxby|atk|2\n|move|p1a: Alomomola|Whirlpool|p2a: STFU Jaxby|[miss]\n|-miss|p1a: Alomomola|p2a: STFU Jaxby\n|\n|upkeep\n|turn|83\n|c|\u2606knexhawk2|or it would be rlly scary\n|\n|t:|1700200049\n|move|p2a: STFU Jaxby|Swords Dance|p2a: STFU Jaxby\n|-boost|p2a: STFU Jaxby|atk|2\n|move|p1a: Alomomola|Scald|p2a: STFU Jaxby\n|-damage|p2a: STFU Jaxby|84\/100\n|\n|-heal|p2a: STFU Jaxby|90\/100|[from] item: Leftovers\n|upkeep\n|turn|84\n|\n|t:|1700200052\n|move|p1a: Alomomola|Protect|p1a: Alomomola\n|-singleturn|p1a: Alomomola|Protect\n|move|p2a: STFU Jaxby|Bullet Punch|p1a: Alomomola\n|-activate|p1a: Alomomola|move: Protect\n|\n|-heal|p2a: STFU Jaxby|96\/100|[from] item: Leftovers\n|upkeep\n|turn|85\n|\n|t:|1700200056\n|switch|p1a: Clodsire|Clodsire, F, tera:Steel|98\/100\n|move|p2a: STFU Jaxby|U-turn|p1a: Clodsire\n|-resisted|p1a: Clodsire\n|-damage|p1a: Clodsire|79\/100\n|\n|t:|1700200061\n|switch|p2a: Forg|Heatran, F|70\/100|[from] U-turn\n|\n|upkeep\n|turn|86\n|\n|t:|1700200065\n|switch|p2a: STFU Jaxby|Scizor, F|96\/100\n|switch|p1a: Blissey|Blissey, F|78\/100\n|\n|-heal|p2a: STFU Jaxby|100\/100|[from] item: Leftovers\n|upkeep\n|turn|87\n|\n|t:|1700200070\n|switch|p1a: Alomomola|Alomomola, F|100\/100\n|-damage|p1a: Alomomola|88\/100|[from] Stealth Rock\n|move|p2a: STFU Jaxby|Swords Dance|p2a: STFU Jaxby\n|-boost|p2a: STFU Jaxby|atk|2\n|\n|upkeep\n|turn|88\n|\n|t:|1700200076\n|move|p2a: STFU Jaxby|U-turn|p1a: Alomomola\n|-damage|p1a: Alomomola|46\/100\n|\n|t:|1700200078\n|switch|p2a: Zippy Zappy|Zapdos|59\/100 brn|[from] U-turn\n|move|p1a: Alomomola|Scald|p2a: Zippy Zappy\n|-damage|p2a: Zippy Zappy|45\/100 brn\n|\n|-damage|p2a: Zippy Zappy|39\/100 brn|[from] brn\n|upkeep\n|turn|89\n|\n|t:|1700200084\n|switch|p1a: Blissey|Blissey, F|78\/100\n|move|p2a: Zippy Zappy|Volt Switch|p1a: Blissey\n|-damage|p1a: Blissey|70\/100\n|\n|t:|1700200089\n|switch|p2a: STFU Jaxby|Scizor, F|100\/100|[from] Volt Switch\n|\n|upkeep\n|turn|90\n|\n|t:|1700200091\n|switch|p1a: Goodra|Goodra-Hisui, M|91\/100\n|-damage|p1a: Goodra|85\/100|[from] Stealth Rock\n|move|p2a: STFU Jaxby|Swords Dance|p2a: STFU Jaxby\n|-boost|p2a: STFU Jaxby|atk|2\n|\n|upkeep\n|turn|91\n|c|\u2606knexhawk2|ngl\n|c|\u2606knexhawk2|i forgot i had this\n|\n|t:|1700200101\n|move|p2a: STFU Jaxby|U-turn|p1a: Goodra\n|-resisted|p1a: Goodra\n|-damage|p1a: Goodra|56\/100\n|c| cg stinky|it's really abt to be 100 turns\n|c|\u2606knexhawk2|yeah lol\n|\n|t:|1700200105\n|switch|p2a: Forg|Heatran, F|70\/100|[from] U-turn\n|move|p1a: Goodra|Acid Armor|p1a: Goodra\n|-boost|p1a: Goodra|def|2\n|\n|upkeep\n|turn|92\n|\n|t:|1700200109\n|move|p2a: Forg|Magma Storm|p1a: Goodra\n|-damage|p1a: Goodra|27\/100\n|-activate|p1a: Goodra|move: Magma Storm|[of] p2a: Forg\n|move|p1a: Goodra|Body Press|p2a: Forg\n|-supereffective|p2a: Forg\n|-damage|p2a: Forg|0 fnt\n|faint|p2a: Forg\n|\n|-end|p1a: Goodra|Magma Storm|[partiallytrapped]|[silent]\n|upkeep\n|\n|t:|1700200116\n|switch|p2a: Chien Pwnd|Weavile, F|12\/100\n|-ability|p2a: Chien Pwnd|Pressure\n|turn|93\n|\n|t:|1700200118\n|move|p2a: Chien Pwnd|Low Kick|p1a: Goodra\n|-supereffective|p1a: Goodra\n|-damage|p1a: Goodra|0 fnt\n|faint|p1a: Goodra\n|-damage|p2a: Chien Pwnd|2\/100|[from] item: Life Orb\n|\n|upkeep\n|\n|t:|1700200120\n|switch|p1a: Alomomola|Alomomola, F|79\/100\n|-damage|p1a: Alomomola|67\/100|[from] Stealth Rock\n|turn|94\n|\n|t:|1700200130\n|switch|p2a: Zippy Zappy|Zapdos|39\/100 brn\n|move|p1a: Alomomola|Wish|p1a: Alomomola\n|\n|-damage|p2a: Zippy Zappy|33\/100 brn|[from] brn\n|upkeep\n|turn|95\n|c|\u2606knexhawk2|scizor is far more annoying than expectd\n|\n|t:|1700200136\n|switch|p1a: Clodsire|Clodsire, F, tera:Steel|79\/100\n|move|p2a: Zippy Zappy|Roost|p2a: Zippy Zappy\n|-heal|p2a: Zippy Zappy|84\/100 brn\n|-singleturn|p2a: Zippy Zappy|move: Roost\n|\n|-heal|p1a: Clodsire|100\/100|[from] move: Wish|[wisher] Alomomola\n|-damage|p2a: Zippy Zappy|78\/100 brn|[from] brn\n|upkeep\n|turn|96\n|\n|t:|1700200142\n|move|p2a: Zippy Zappy|Heat Wave|p1a: Clodsire\n|-supereffective|p1a: Clodsire\n|-damage|p1a: Clodsire|72\/100\n|move|p1a: Clodsire|Spikes|p2a: Zippy Zappy\n|-sidestart|p2: Gen4OULARP|Spikes\n|\n|-damage|p2a: Zippy Zappy|72\/100 brn|[from] brn\n|upkeep\n|turn|97\n|\n|t:|1700200145\n|move|p2a: Zippy Zappy|Volt Switch|p1a: Clodsire\n|-damage|p1a: Clodsire|54\/100\n|\n|t:|1700200147\n|switch|p2a: STFU Jaxby|Scizor, F|100\/100|[from] Volt Switch\n|-damage|p2a: STFU Jaxby|88\/100|[from] Spikes\n|move|p1a: Clodsire|Amnesia|p1a: Clodsire\n|-boost|p1a: Clodsire|spd|2\n|\n|-heal|p2a: STFU Jaxby|94\/100|[from] item: Leftovers\n|upkeep\n|turn|98\n|\n|t:|1700200153\n|move|p2a: STFU Jaxby|Bullet Punch|p1a: Clodsire\n|-resisted|p1a: Clodsire\n|-damage|p1a: Clodsire|36\/100\n|move|p1a: Clodsire|Recover|p1a: Clodsire\n|-heal|p1a: Clodsire|86\/100\n|\n|-heal|p2a: STFU Jaxby|99\/100|[from] item: Leftovers\n|upkeep\n|turn|99\n|\n|t:|1700200158\n|move|p2a: STFU Jaxby|Bullet Punch|p1a: Clodsire\n|-resisted|p1a: Clodsire\n|-crit|p1a: Clodsire\n|-damage|p1a: Clodsire|62\/100\n|move|p1a: Clodsire|Spikes|p2a: STFU Jaxby\n|-sidestart|p2: Gen4OULARP|Spikes\n|\n|-heal|p2a: STFU Jaxby|100\/100|[from] item: Leftovers\n|upkeep\n|turn|100\n|\n|t:|1700200162\n|move|p2a: STFU Jaxby|Bullet Punch|p1a: Clodsire\n|-resisted|p1a: Clodsire\n|-damage|p1a: Clodsire|45\/100\n|move|p1a: Clodsire|Spikes|p2a: STFU Jaxby\n|-sidestart|p2: Gen4OULARP|Spikes\n|\n|upkeep\n|turn|101\n|\n|t:|1700200164\n|move|p2a: STFU Jaxby|Defog|p1a: Clodsire\n|-unboost|p1a: Clodsire|evasion|1\n|-sideend|p1: knexhawk2|Stealth Rock|[from] move: Defog|[of] p2a: STFU Jaxby\n|-sideend|p2: Gen4OULARP|Spikes|[from] move: Defog|[of] p2a: STFU Jaxby\n|move|p1a: Clodsire|Recover|p1a: Clodsire\n|-heal|p1a: Clodsire|96\/100\n|\n|upkeep\n|turn|102\n|\n|t:|1700200169\n|switch|p1a: Alomomola|Alomomola, F|99\/100\n|move|p2a: STFU Jaxby|Bullet Punch|p1a: Alomomola\n|-resisted|p1a: Alomomola\n|-damage|p1a: Alomomola|91\/100\n|\n|upkeep\n|turn|103\n|\n|t:|1700200171\n|move|p2a: STFU Jaxby|U-turn|p1a: Alomomola\n|-damage|p1a: Alomomola|70\/100\n|\n|t:|1700200173\n|switch|p2a: Zippy Zappy|Zapdos|72\/100 brn|[from] U-turn\n|move|p1a: Alomomola|Whirlpool|p2a: Zippy Zappy\n|-damage|p2a: Zippy Zappy|66\/100 brn\n|-activate|p2a: Zippy Zappy|move: Whirlpool|[of] p1a: Alomomola\n|\n|-damage|p2a: Zippy Zappy|60\/100 brn|[from] brn\n|-damage|p2a: Zippy Zappy|48\/100 brn|[from] move: Whirlpool|[partiallytrapped]\n|upkeep\n|turn|104\n|\n|t:|1700200177\n|move|p1a: Alomomola|Protect|p1a: Alomomola\n|-singleturn|p1a: Alomomola|Protect\n|move|p2a: Zippy Zappy|Roost|p2a: Zippy Zappy\n|-heal|p2a: Zippy Zappy|98\/100 brn\n|-singleturn|p2a: Zippy Zappy|move: Roost\n|\n|-damage|p2a: Zippy Zappy|92\/100 brn|[from] brn\n|-damage|p2a: Zippy Zappy|80\/100 brn|[from] move: Whirlpool|[partiallytrapped]\n|upkeep\n|turn|105\n|\n|t:|1700200180\n|switch|p1a: Blissey|Blissey, F|70\/100\n|move|p2a: Zippy Zappy|Volt Switch|p1a: Blissey\n|-damage|p1a: Blissey|61\/100\n|\n|t:|1700200187\n|switch|p2a: STFU Jaxby|Scizor, F|100\/100|[from] Volt Switch\n|\n|upkeep\n|turn|106\n|j| FroggyGamer\n|\n|t:|1700200190\n|switch|p1a: Alomomola|Alomomola, F|100\/100\n|move|p2a: STFU Jaxby|U-turn|p1a: Alomomola\n|-damage|p1a: Alomomola|77\/100\n|\n|t:|1700200195\n|switch|p2a: Zippy Zappy|Zapdos|80\/100 brn|[from] U-turn\n|\n|-damage|p2a: Zippy Zappy|74\/100 brn|[from] brn\n|upkeep\n|turn|107\n|\n|t:|1700200198\n|switch|p1a: Blissey|Blissey, F|61\/100\n|move|p2a: Zippy Zappy|Volt Switch|p1a: Blissey\n|-damage|p1a: Blissey|52\/100\n|\n|t:|1700200200\n|switch|p2a: STFU Jaxby|Scizor, F|100\/100|[from] Volt Switch\n|\n|upkeep\n|turn|108\n|\n|t:|1700200202\n|move|p2a: STFU Jaxby|U-turn|p1a: Blissey\n|-damage|p1a: Blissey|10\/100\n|\n|t:|1700200205\n|switch|p2a: Zippy Zappy|Zapdos|74\/100 brn|[from] U-turn\n|move|p1a: Blissey|Soft-Boiled|p1a: Blissey\n|-heal|p1a: Blissey|60\/100\n|\n|-damage|p2a: Zippy Zappy|68\/100 brn|[from] brn\n|upkeep\n|turn|109\n|\n|t:|1700200207\n|move|p2a: Zippy Zappy|Volt Switch|p1a: Blissey\n|-damage|p1a: Blissey|51\/100\n|\n|t:|1700200210\n|switch|p2a: STFU Jaxby|Scizor, F|100\/100|[from] Volt Switch\n|move|p1a: Blissey|Stealth Rock|p2a: STFU Jaxby\n|-sidestart|p2: Gen4OULARP|move: Stealth Rock\n|\n|upkeep\n|turn|110\n|\n|t:|1700200212\n|move|p2a: STFU Jaxby|Defog|p1a: Blissey\n|-unboost|p1a: Blissey|evasion|1\n|-sideend|p2: Gen4OULARP|Stealth Rock|[from] move: Defog|[of] p2a: STFU Jaxby\n|move|p1a: Blissey|Soft-Boiled|p1a: Blissey\n|-heal|p1a: Blissey|100\/100\n|\n|upkeep\n|turn|111\n|\n|t:|1700200218\n|switch|p1a: Alomomola|Alomomola, F|100\/100\n|move|p2a: STFU Jaxby|Swords Dance|p2a: STFU Jaxby\n|-boost|p2a: STFU Jaxby|atk|2\n|\n|upkeep\n|turn|112\n|\n|t:|1700200221\n|move|p2a: STFU Jaxby|U-turn|p1a: Alomomola\n|-damage|p1a: Alomomola|58\/100\n|\n|t:|1700200223\n|switch|p2a: Zippy Zappy|Zapdos|68\/100 brn|[from] U-turn\n|move|p1a: Alomomola|Whirlpool|p2a: Zippy Zappy\n|-damage|p2a: Zippy Zappy|62\/100 brn\n|-activate|p2a: Zippy Zappy|move: Whirlpool|[of] p1a: Alomomola\n|\n|-damage|p2a: Zippy Zappy|56\/100 brn|[from] brn\n|-damage|p2a: Zippy Zappy|44\/100 brn|[from] move: Whirlpool|[partiallytrapped]\n|upkeep\n|turn|113\n|\n|t:|1700200228\n|move|p1a: Alomomola|Protect|p1a: Alomomola\n|-singleturn|p1a: Alomomola|Protect\n|move|p2a: Zippy Zappy|Roost|p2a: Zippy Zappy\n|-heal|p2a: Zippy Zappy|94\/100 brn\n|-singleturn|p2a: Zippy Zappy|move: Roost\n|\n|-damage|p2a: Zippy Zappy|88\/100 brn|[from] brn\n|-damage|p2a: Zippy Zappy|75\/100 brn|[from] move: Whirlpool|[partiallytrapped]\n|upkeep\n|turn|114\n|\n|t:|1700200231\n|switch|p1a: Blissey|Blissey, F|100\/100\n|move|p2a: Zippy Zappy|Volt Switch|p1a: Blissey\n|-damage|p1a: Blissey|91\/100\n|\n|t:|1700200234\n|switch|p2a: STFU Jaxby|Scizor, F|100\/100|[from] Volt Switch\n|\n|upkeep\n|turn|115\n|\n|t:|1700200236\n|switch|p1a: Alomomola|Alomomola, F|91\/100\n|move|p2a: STFU Jaxby|Swords Dance|p2a: STFU Jaxby\n|-boost|p2a: STFU Jaxby|atk|2\n|\n|upkeep\n|turn|116\n|\n|t:|1700200238\n|move|p2a: STFU Jaxby|Swords Dance|p2a: STFU Jaxby\n|-boost|p2a: STFU Jaxby|atk|2\n|move|p1a: Alomomola|Whirlpool|p2a: STFU Jaxby\n|-damage|p2a: STFU Jaxby|93\/100\n|-activate|p2a: STFU Jaxby|move: Whirlpool|[of] p1a: Alomomola\n|\n|-heal|p2a: STFU Jaxby|99\/100|[from] item: Leftovers\n|-damage|p2a: STFU Jaxby|86\/100|[from] move: Whirlpool|[partiallytrapped]\n|upkeep\n|turn|117\n|\n|t:|1700200241\n|move|p2a: STFU Jaxby|Swords Dance|p2a: STFU Jaxby\n|-boost|p2a: STFU Jaxby|atk|2\n|move|p1a: Alomomola|Scald|p2a: STFU Jaxby\n|-damage|p2a: STFU Jaxby|70\/100\n|-status|p2a: STFU Jaxby|brn\n|\n|-heal|p2a: STFU Jaxby|76\/100 brn|[from] item: Leftovers\n|-damage|p2a: STFU Jaxby|70\/100 brn|[from] brn\n|-damage|p2a: STFU Jaxby|57\/100 brn|[from] move: Whirlpool|[partiallytrapped]\n|upkeep\n|turn|118\n|c|\u2606knexhawk2|ah gg\n|c|\u2606Gen4OULARP|alright\n|c|\u2606Gen4OULARP|now it's heartbreaking\n|c|\u2606knexhawk2|cool team\n|c|\u2606Gen4OULARP|lmfao\n|c|\u2606Gen4OULARP|thanks\n|c|\u2606knexhawk2|fair enough\n|c|\u2606Gen4OULARP|gg man\n|c|\u2606knexhawk2|ggs\n|-message|Gen4OULARP forfeited.\n|\n|win|knexhawk2\n|n|\u2606knexhawk2|knexhawk2\n|n|\u2606Gen4OULARP|gen4oularp\n|n| cg stinky|cgstinky\n|n| CaterpieSenpai6|caterpiesenpai6\n|n| impregnator sufys|impregnatorsufys\n|n| LaraLuiza0001|laraluiza0001\n|n| Bad Players|badplayers\n|n| FroggyGamer|froggygamer\n","uploadtime":1700200267,"views":8,"p1id":"knexhawk2","p2id":"gen4oularp","formatid":"gen9ou","rating":0,"private":0,"password":""}