{"id":"gen9ou-1995863330","p1":"n1 gholdengo hater","p2":"HawthorneSouthside","format":"[Gen 9] OU","log":"|j|\u2606n1 gholdengo hater\n|j|\u2606HawthorneSouthside\n|t:|1700610977\n|gametype|singles\n|player|p1|n1 gholdengo hater|266|1201\n|player|p2|HawthorneSouthside|janitor|1209\n|teamsize|p1|6\n|teamsize|p2|6\n|gen|9\n|tier|[Gen 9] OU\n|rated|\n|rule|Sleep Clause Mod: Limit one foe put to sleep\n|rule|Species Clause: Limit one of each Pok\u00e9mon\n|rule|OHKO Clause: OHKO moves are banned\n|rule|Evasion Items Clause: Evasion items are banned\n|rule|Evasion Moves Clause: Evasion moves are banned\n|rule|Endless Battle Clause: Forcing endless battles is banned\n|rule|HP Percentage Mod: HP is shown in percentages\n|clearpoke\n|poke|p1|Clodsire, F|\n|poke|p1|Ninetales-Alola, M|\n|poke|p1|Talonflame, M|\n|poke|p1|Ogerpon-Wellspring, F|\n|poke|p1|Rillaboom, M|\n|poke|p1|Drifblim, F|\n|poke|p2|Garganacl, M|\n|poke|p2|Great Tusk|\n|poke|p2|Gholdengo|\n|poke|p2|Iron Valiant|\n|poke|p2|Dragonite, F|\n|poke|p2|Zapdos|\n|teampreview\n|inactive|Battle timer is ON: inactive players will automatically lose when time's up. (requested by HawthorneSouthside)\n|\n|t:|1700611007\n|start\n|switch|p1a: Rillaboom|Rillaboom, M|100\/100\n|switch|p2a: Garganacl|Garganacl, M|100\/100\n|-fieldstart|move: Grassy Terrain|[from] ability: Grassy Surge|[of] p1a: Rillaboom\n|turn|1\n|inactive|HawthorneSouthside has 120 seconds left.\n|\n|t:|1700611050\n|switch|p2a: Zapdos|Zapdos|100\/100\n|move|p1a: Rillaboom|Knock Off|p2a: Zapdos\n|-damage|p2a: Zapdos|48\/100\n|-enditem|p2a: Zapdos|Heavy-Duty Boots|[from] move: Knock Off|[of] p1a: Rillaboom\n|\n|upkeep\n|turn|2\n|\n|t:|1700611063\n|switch|p1a: Clodsire|Clodsire, F|100\/100\n|move|p2a: Zapdos|Hurricane|p1a: Clodsire\n|-damage|p1a: Clodsire|65\/100\n|\n|-heal|p1a: Clodsire|71\/100|[from] Grassy Terrain\n|-heal|p1a: Clodsire|77\/100|[from] item: Leftovers\n|upkeep\n|turn|3\n|\n|t:|1700611071\n|move|p2a: Zapdos|Roost|p2a: Zapdos\n|-heal|p2a: Zapdos|98\/100\n|-singleturn|p2a: Zapdos|move: Roost\n|move|p1a: Clodsire|Spikes|p2a: Zapdos\n|-sidestart|p2: HawthorneSouthside|Spikes\n|\n|-heal|p2a: Zapdos|100\/100|[from] Grassy Terrain\n|-heal|p1a: Clodsire|83\/100|[from] Grassy Terrain\n|-heal|p1a: Clodsire|90\/100|[from] item: Leftovers\n|upkeep\n|turn|4\n|\n|t:|1700611077\n|switch|p2a: Great Tusk|Great Tusk|100\/100\n|move|p1a: Clodsire|Toxic|p2a: Great Tusk\n|-status|p2a: Great Tusk|tox\n|\n|-heal|p1a: Clodsire|96\/100|[from] Grassy Terrain\n|-heal|p1a: Clodsire|100\/100|[from] item: Leftovers\n|-damage|p2a: Great Tusk|94\/100 tox|[from] psn\n|upkeep\n|turn|5\n|\n|t:|1700611086\n|switch|p1a: Talonflame|Talonflame, M|100\/100\n|move|p2a: Great Tusk|Stealth Rock|p1a: Talonflame\n|-sidestart|p1: n1 gholdengo hater|move: Stealth Rock\n|\n|-heal|p2a: Great Tusk|100\/100 tox|[from] Grassy Terrain\n|-damage|p2a: Great Tusk|88\/100 tox|[from] psn\n|-fieldend|move: Grassy Terrain\n|upkeep\n|turn|6\n|\n|t:|1700611091\n|move|p1a: Talonflame|U-turn|p2a: Great Tusk\n|-resisted|p2a: Great Tusk\n|-damage|p2a: Great Tusk|83\/100 tox\n|\n|t:|1700611095\n|switch|p1a: Rillaboom|Rillaboom, M|100\/100|[from] U-turn\n|-damage|p1a: Rillaboom|88\/100|[from] Stealth Rock\n|-fieldstart|move: Grassy Terrain|[from] ability: Grassy Surge|[of] p1a: Rillaboom\n|move|p2a: Great Tusk|Knock Off|p1a: Rillaboom\n|-damage|p1a: Rillaboom|51\/100\n|-enditem|p1a: Rillaboom|Choice Band|[from] move: Knock Off|[of] p2a: Great Tusk\n|\n|-heal|p2a: Great Tusk|89\/100 tox|[from] Grassy Terrain\n|-heal|p1a: Rillaboom|57\/100|[from] Grassy Terrain\n|-damage|p2a: Great Tusk|71\/100 tox|[from] psn\n|upkeep\n|turn|7\n|\n|t:|1700611106\n|switch|p1a: Ninetales|Ninetales-Alola, M|100\/100\n|-damage|p1a: Ninetales|76\/100|[from] Stealth Rock\n|-weather|Snow|[from] ability: Snow Warning|[of] p1a: Ninetales\n|move|p2a: Great Tusk|Ice Spinner|p1a: Ninetales\n|-resisted|p1a: Ninetales\n|-damage|p1a: Ninetales|65\/100\n|-fieldend|move: Grassy Terrain\n|\n|-weather|Snow|[upkeep]\n|-damage|p2a: Great Tusk|46\/100 tox|[from] psn\n|upkeep\n|turn|8\n|\n|t:|1700611114\n|move|p1a: Ninetales|Aurora Veil|p1a: Ninetales\n|-sidestart|p1: n1 gholdengo hater|move: Aurora Veil\n|move|p2a: Great Tusk|Headlong Rush|p1a: Ninetales\n|-damage|p1a: Ninetales|41\/100\n|-unboost|p2a: Great Tusk|def|1\n|-unboost|p2a: Great Tusk|spd|1\n|\n|-weather|Snow|[upkeep]\n|-damage|p2a: Great Tusk|15\/100 tox|[from] psn\n|upkeep\n|turn|9\n|\n|t:|1700611130\n|switch|p1a: Talonflame|Talonflame, M|100\/100\n|move|p2a: Great Tusk|Ice Spinner|p1a: Talonflame\n|-damage|p1a: Talonflame|83\/100\n|\n|-weather|Snow|[upkeep]\n|-damage|p2a: Great Tusk|0 fnt|[from] psn\n|faint|p2a: Great Tusk\n|-end|p2a: Great Tusk|Protosynthesis|[silent]\n|upkeep\n|\n|t:|1700611145\n|switch|p2a: Garganacl|Garganacl, M|100\/100\n|-damage|p2a: Garganacl|88\/100|[from] Spikes\n|turn|10\n|\n|t:|1700611153\n|move|p1a: Talonflame|U-turn|p2a: Garganacl\n|-crit|p2a: Garganacl\n|-damage|p2a: Garganacl|77\/100\n|\n|t:|1700611157\n|switch|p1a: Clodsire|Clodsire, F|100\/100|[from] U-turn\n|-damage|p1a: Clodsire|94\/100|[from] Stealth Rock\n|move|p2a: Garganacl|Salt Cure|p1a: Clodsire\n|-resisted|p1a: Clodsire\n|-damage|p1a: Clodsire|92\/100\n|-start|p1a: Clodsire|Salt Cure\n|\n|-weather|Snow|[upkeep]\n|-heal|p2a: Garganacl|83\/100|[from] item: Leftovers\n|-heal|p1a: Clodsire|98\/100|[from] item: Leftovers\n|-damage|p1a: Clodsire|85\/100|[from] Salt Cure\n|upkeep\n|turn|11\n|\n|t:|1700611176\n|switch|p1a: Rillaboom|Rillaboom, M|57\/100\n|-damage|p1a: Rillaboom|44\/100|[from] Stealth Rock\n|-fieldstart|move: Grassy Terrain|[from] ability: Grassy Surge|[of] p1a: Rillaboom\n|move|p2a: Garganacl|Curse|p2a: Garganacl\n|-unboost|p2a: Garganacl|spe|1\n|-boost|p2a: Garganacl|atk|1\n|-boost|p2a: Garganacl|def|1\n|\n|-weather|none\n|-heal|p1a: Rillaboom|51\/100|[from] Grassy Terrain\n|-heal|p2a: Garganacl|89\/100|[from] Grassy Terrain\n|-heal|p2a: Garganacl|96\/100|[from] item: Leftovers\n|upkeep\n|turn|12\n|\n|t:|1700611185\n|move|p1a: Rillaboom|Wood Hammer|p2a: Garganacl\n|-supereffective|p2a: Garganacl\n|-damage|p2a: Garganacl|33\/100\n|-damage|p1a: Rillaboom|26\/100|[from] Recoil\n|move|p2a: Garganacl|Salt Cure|p1a: Rillaboom\n|-damage|p1a: Rillaboom|16\/100\n|-start|p1a: Rillaboom|Salt Cure\n|\n|-heal|p1a: Rillaboom|22\/100|[from] Grassy Terrain\n|-heal|p2a: Garganacl|39\/100|[from] Grassy Terrain\n|-heal|p2a: Garganacl|46\/100|[from] item: Leftovers\n|-damage|p1a: Rillaboom|10\/100|[from] Salt Cure\n|upkeep\n|turn|13\n|\n|t:|1700611203\n|switch|p2a: Zapdos|Zapdos|100\/100\n|move|p1a: Rillaboom|U-turn|p2a: Zapdos\n|-resisted|p2a: Zapdos\n|-damage|p2a: Zapdos|88\/100\n|\n|t:|1700611222\n|switch|p1a: Drifblim|Drifblim, F|100\/100|[from] U-turn\n|-damage|p1a: Drifblim|76\/100|[from] Stealth Rock\n|-enditem|p1a: Drifblim|Grassy Seed\n|-boost|p1a: Drifblim|def|1|[from] item: Grassy Seed\n|\n|upkeep\n|turn|14\n|\n|t:|1700611229\n|-terastallize|p1a: Drifblim|Fairy\n|move|p1a: Drifblim|Calm Mind|p1a: Drifblim\n|-boost|p1a: Drifblim|spa|1\n|-boost|p1a: Drifblim|spd|1\n|move|p2a: Zapdos|Discharge|p1a: Drifblim\n|-damage|p1a: Drifblim|62\/100\n|-status|p1a: Drifblim|par\n|\n|-heal|p1a: Drifblim|69\/100 par|[from] Grassy Terrain\n|upkeep\n|turn|15\n|\n|t:|1700611242\n|switch|p2a: Gholdengo|Gholdengo|100\/100\n|-item|p2a: Gholdengo|Air Balloon\n|cant|p1a: Drifblim|par\n|\n|-heal|p1a: Drifblim|75\/100 par|[from] Grassy Terrain\n|-sideend|p1: n1 gholdengo hater|move: Aurora Veil\n|-fieldend|move: Grassy Terrain\n|upkeep\n|turn|16\n|\n|t:|1700611249\n|move|p1a: Drifblim|Shadow Ball|p2a: Gholdengo\n|-supereffective|p2a: Gholdengo\n|-damage|p2a: Gholdengo|2\/100\n|-enditem|p2a: Gholdengo|Air Balloon\n|move|p2a: Gholdengo|Make It Rain|p1a: Drifblim\n|-supereffective|p1a: Drifblim\n|-damage|p1a: Drifblim|0 fnt\n|-unboost|p2a: Gholdengo|spa|1\n|faint|p1a: Drifblim\n|\n|upkeep\n|\n|t:|1700611270\n|switch|p1a: Rillaboom|Rillaboom, M|10\/100\n|-damage|p1a: Rillaboom|0 fnt|[from] Stealth Rock\n|faint|p1a: Rillaboom\n|\n|t:|1700611278\n|switch|p1a: Talonflame|Talonflame, M|83\/100\n|turn|17\n|\n|t:|1700611287\n|move|p1a: Talonflame|U-turn|p2a: Gholdengo\n|-resisted|p2a: Gholdengo\n|-damage|p2a: Gholdengo|0 fnt\n|faint|p2a: Gholdengo\n|\n|t:|1700611299\n|switch|p1a: Clodsire|Clodsire, F|85\/100|[from] U-turn\n|-damage|p1a: Clodsire|79\/100|[from] Stealth Rock\n|\n|-heal|p1a: Clodsire|85\/100|[from] item: Leftovers\n|upkeep\n|\n|t:|1700611318\n|switch|p2a: Iron Valiant|Iron Valiant|100\/100\n|turn|18\n|\n|t:|1700611327\n|move|p2a: Iron Valiant|Knock Off|p1a: Clodsire\n|-damage|p1a: Clodsire|65\/100\n|-enditem|p1a: Clodsire|Leftovers|[from] move: Knock Off|[of] p2a: Iron Valiant\n|move|p1a: Clodsire|Toxic|p2a: Iron Valiant\n|-status|p2a: Iron Valiant|tox\n|\n|-damage|p2a: Iron Valiant|94\/100 tox|[from] psn\n|upkeep\n|turn|19\n|\n|t:|1700611351\n|-end|p2a: Iron Valiant|Quark Drive|[silent]\n|switch|p2a: Garganacl|Garganacl, M|46\/100\n|-damage|p2a: Garganacl|33\/100|[from] Spikes\n|move|p1a: Clodsire|Toxic|p2a: Garganacl\n|-immune|p2a: Garganacl|[from] ability: Purifying Salt\n|\n|-heal|p2a: Garganacl|39\/100|[from] item: Leftovers\n|upkeep\n|turn|20\n|\n|t:|1700611357\n|switch|p1a: Ogerpon|Ogerpon-Wellspring, F|100\/100\n|-damage|p1a: Ogerpon|88\/100|[from] Stealth Rock\n|move|p2a: Garganacl|Recover|p2a: Garganacl\n|-heal|p2a: Garganacl|89\/100\n|\n|-heal|p2a: Garganacl|96\/100|[from] item: Leftovers\n|upkeep\n|turn|21\n|\n|t:|1700611383\n|-terastallize|p2a: Garganacl|Water\n|move|p1a: Ogerpon|Swords Dance|p1a: Ogerpon\n|-boost|p1a: Ogerpon|atk|2\n|move|p2a: Garganacl|Salt Cure|p1a: Ogerpon\n|-damage|p1a: Ogerpon|69\/100\n|-start|p1a: Ogerpon|Salt Cure\n|\n|-heal|p2a: Garganacl|100\/100|[from] item: Leftovers\n|-damage|p1a: Ogerpon|44\/100|[from] Salt Cure\n|upkeep\n|turn|22\n|\n|t:|1700611389\n|switch|p2a: Zapdos|Zapdos|88\/100\n|move|p1a: Ogerpon|Power Whip|p2a: Zapdos\n|-resisted|p2a: Zapdos\n|-damage|p2a: Zapdos|14\/100\n|\n|-damage|p1a: Ogerpon|19\/100|[from] Salt Cure\n|upkeep\n|turn|23\n|\n|t:|1700611399\n|move|p1a: Ogerpon|Power Whip|p2a: Zapdos\n|-resisted|p2a: Zapdos\n|-crit|p2a: Zapdos\n|-damage|p2a: Zapdos|0 fnt\n|faint|p2a: Zapdos\n|\n|-damage|p1a: Ogerpon|0 fnt|[from] Salt Cure\n|faint|p1a: Ogerpon\n|upkeep\n|\n|t:|1700611405\n|switch|p1a: Ninetales|Ninetales-Alola, M|41\/100\n|switch|p2a: Garganacl|Garganacl, M, tera:Water|100\/100\n|-damage|p1a: Ninetales|16\/100|[from] Stealth Rock\n|-weather|Snow|[from] ability: Snow Warning|[of] p1a: Ninetales\n|-damage|p2a: Garganacl|88\/100|[from] Spikes\n|turn|24\n|\n|t:|1700611415\n|move|p1a: Ninetales|Aurora Veil|p1a: Ninetales\n|-sidestart|p1: n1 gholdengo hater|move: Aurora Veil\n|move|p2a: Garganacl|Salt Cure|p1a: Ninetales\n|-supereffective|p1a: Ninetales\n|-damage|p1a: Ninetales|4\/100\n|-start|p1a: Ninetales|Salt Cure\n|\n|-weather|Snow|[upkeep]\n|-heal|p2a: Garganacl|94\/100|[from] item: Leftovers\n|-damage|p1a: Ninetales|0 fnt|[from] Salt Cure\n|faint|p1a: Ninetales\n|upkeep\n|\n|t:|1700611419\n|switch|p1a: Talonflame|Talonflame, M|83\/100\n|turn|25\n|-message|n1 gholdengo hater forfeited.\n|\n|win|HawthorneSouthside\n|raw|n1 gholdengo hater's rating: 1201 &rarr; <strong>1177<\/strong><br \/>(-24 for losing)\n|raw|HawthorneSouthside's rating: 1209 &rarr; <strong>1233<\/strong><br \/>(+24 for winning)\n|l|\u2606n1 gholdengo hater\n|c|\u2606HawthorneSouthside|gg\n|l|\u2606HawthorneSouthside\n|j|\u2606HawthorneSouthside\n|player|p2|HawthorneSouthside|janitor\n","uploadtime":1700611458,"views":11,"p1id":"n1gholdengohater","p2id":"hawthornesouthside","formatid":"gen9ou","rating":1177,"private":0,"password":""}