{"id":"gen9ou-1988485369","p1":"Nikitas","p2":"SiderisVGC","format":"[Gen 9] OU","log":"|j|\u2606Nikitas\n|j|\u2606SiderisVGC\n|t:|1699728006\n|gametype|singles\n|player|p1|Nikitas|pokefanf-gen4|\n|player|p2|SiderisVGC|1|\n|teamsize|p1|6\n|teamsize|p2|6\n|gen|9\n|tier|[Gen 9] OU\n|rule|Sleep Clause Mod: Limit one foe put to sleep\n|rule|Species Clause: Limit one of each Pok\u00e9mon\n|rule|OHKO Clause: OHKO moves are banned\n|rule|Evasion Items Clause: Evasion items are banned\n|rule|Evasion Moves Clause: Evasion moves are banned\n|rule|Endless Battle Clause: Forcing endless battles is banned\n|rule|HP Percentage Mod: HP is shown in percentages\n|clearpoke\n|poke|p1|Gholdengo|\n|poke|p1|Zapdos|\n|poke|p1|Walking Wake|\n|poke|p1|Gliscor, F|\n|poke|p1|Iron Valiant|\n|poke|p1|Iron Treads|\n|poke|p2|Great Tusk|\n|poke|p2|Clefable, F|\n|poke|p2|Ogerpon-Wellspring, F|\n|poke|p2|Dragonite, F|\n|poke|p2|Moltres|\n|poke|p2|Thundurus-Therian, M|\n|teampreview\n|c|\u2606SiderisVGC|gl\n|inactive|Battle timer is ON: inactive players will automatically lose when time's up. (requested by SiderisVGC)\n|c|\u2606Nikitas|glhf\n|inactive|SiderisVGC has 270 seconds left.\n|j| Lindsey Paraeah\n|j| Coach ataman\n|inactive|SiderisVGC has 240 seconds left.\n|inactive|SiderisVGC has 210 seconds left.\n|\n|t:|1699728127\n|start\n|switch|p1a: Walking Wake|Walking Wake|100\/100\n|switch|p2a: Great Tusk|Great Tusk|100\/100\n|turn|1\n|inactive|SiderisVGC has 240 seconds left.\n|\n|t:|1699728163\n|-end|p2a: Great Tusk|Protosynthesis|[silent]\n|switch|p2a: Ogerpon|Ogerpon-Wellspring, F|100\/100\n|move|p1a: Walking Wake|Draco Meteor|p2a: Ogerpon\n|-damage|p2a: Ogerpon|0 fnt\n|-unboost|p1a: Walking Wake|spa|2\n|faint|p2a: Ogerpon\n|\n|upkeep\n|inactive|SiderisVGC has 210 seconds left.\n|\n|t:|1699728196\n|switch|p2a: Clefable|Clefable, F|100\/100\n|turn|2\n|inactive|SiderisVGC has 210 seconds left.\n|\n|t:|1699728209\n|-end|p1a: Walking Wake|Protosynthesis|[silent]\n|switch|p1a: Zapdos|Zapdos|100\/100\n|move|p2a: Clefable|Knock Off|p1a: Zapdos\n|-damage|p1a: Zapdos|82\/100\n|-enditem|p1a: Zapdos|Heavy-Duty Boots|[from] move: Knock Off|[of] p2a: Clefable\n|\n|upkeep\n|turn|3\n|inactive|SiderisVGC has 210 seconds left.\n|\n|t:|1699728222\n|move|p1a: Zapdos|Hurricane|p2a: Clefable\n|-damage|p2a: Clefable|62\/100\n|move|p2a: Clefable|Ice Beam|p1a: Zapdos\n|-supereffective|p1a: Zapdos\n|-damage|p1a: Zapdos|42\/100\n|\n|-heal|p2a: Clefable|69\/100|[from] item: Leftovers\n|upkeep\n|turn|4\n|inactive|SiderisVGC has 210 seconds left.\n|\n|t:|1699728240\n|move|p1a: Zapdos|Roost|p1a: Zapdos\n|-heal|p1a: Zapdos|92\/100\n|-singleturn|p1a: Zapdos|move: Roost\n|move|p2a: Clefable|Moonlight|p2a: Clefable\n|-heal|p2a: Clefable|100\/100\n|\n|upkeep\n|turn|5\n|\n|t:|1699728246\n|move|p1a: Zapdos|Hurricane|p2a: Clefable\n|-damage|p2a: Clefable|59\/100\n|move|p2a: Clefable|Ice Beam|p1a: Zapdos\n|-supereffective|p1a: Zapdos\n|-damage|p1a: Zapdos|50\/100\n|\n|-heal|p2a: Clefable|65\/100|[from] item: Leftovers\n|upkeep\n|turn|6\n|inactive|SiderisVGC has 210 seconds left.\n|\n|t:|1699728254\n|move|p1a: Zapdos|Volt Switch|p2a: Clefable\n|-damage|p2a: Clefable|39\/100\n|\n|t:|1699728256\n|switch|p1a: Gholdengo|Gholdengo|100\/100|[from] Volt Switch\n|move|p2a: Clefable|Ice Beam|p1a: Gholdengo\n|-resisted|p1a: Gholdengo\n|-damage|p1a: Gholdengo|89\/100\n|\n|-heal|p2a: Clefable|45\/100|[from] item: Leftovers\n|upkeep\n|turn|7\n|inactive|SiderisVGC has 210 seconds left.\n|\n|t:|1699728272\n|switch|p2a: Moltres|Moltres|100\/100\n|move|p1a: Gholdengo|Shadow Ball|p2a: Moltres\n|-damage|p2a: Moltres|38\/100\n|\n|upkeep\n|turn|8\n|inactive|SiderisVGC has 210 seconds left.\n|\n|t:|1699728285\n|move|p1a: Gholdengo|Shadow Ball|p2a: Moltres\n|-damage|p2a: Moltres|0 fnt\n|faint|p2a: Moltres\n|\n|upkeep\n|inactive|SiderisVGC has 210 seconds left.\n|\n|t:|1699728301\n|switch|p2a: Dragonite|Dragonite, F|100\/100\n|turn|9\n|\n|t:|1699728313\n|-terastallize|p2a: Dragonite|Normal\n|move|p1a: Gholdengo|Shadow Ball|p2a: Dragonite\n|-immune|p2a: Dragonite\n|move|p2a: Dragonite|Dragon Dance|p2a: Dragonite\n|-boost|p2a: Dragonite|atk|1\n|-boost|p2a: Dragonite|spe|1\n|\n|upkeep\n|turn|10\n|\n|t:|1699728327\n|switch|p1a: Walking Wake|Walking Wake|100\/100\n|move|p2a: Dragonite|Dragon Dance|p2a: Dragonite\n|-boost|p2a: Dragonite|atk|1\n|-boost|p2a: Dragonite|spe|1\n|\n|upkeep\n|turn|11\n|\n|t:|1699728341\n|move|p2a: Dragonite|Extreme Speed|p1a: Walking Wake\n|-damage|p1a: Walking Wake|7\/100\n|move|p1a: Walking Wake|Hydro Steam|p2a: Dragonite\n|-damage|p2a: Dragonite|73\/100\n|\n|upkeep\n|turn|12\n|\n|t:|1699728348\n|-end|p1a: Walking Wake|Protosynthesis|[silent]\n|switch|p1a: Gholdengo|Gholdengo|89\/100\n|move|p2a: Dragonite|Roost|p2a: Dragonite\n|-heal|p2a: Dragonite|100\/100\n|\n|upkeep\n|turn|13\n|\n|t:|1699728353\n|-terastallize|p1a: Gholdengo|Ghost\n|move|p2a: Dragonite|Earthquake|p1a: Gholdengo\n|-damage|p1a: Gholdengo|0 fnt\n|faint|p1a: Gholdengo\n|\n|upkeep\n|\n|t:|1699728360\n|switch|p1a: Zapdos|Zapdos|50\/100\n|turn|14\n|\n|t:|1699728365\n|move|p2a: Dragonite|Extreme Speed|p1a: Zapdos\n|-damage|p1a: Zapdos|0 fnt\n|faint|p1a: Zapdos\n|\n|upkeep\n|c|\u2606Nikitas|gg\n|-message|Nikitas forfeited.\n|\n|win|SiderisVGC\n|c|\u2606SiderisVGC|gg\n","uploadtime":1699728388,"views":17,"p1id":"nikitas","p2id":"siderisvgc","formatid":"gen9ou","rating":0,"private":0,"password":""}