{"id":"gen9ou-1990861171","p1":"taco920","p2":"uuwoohoo","format":"[Gen 9] OU","log":"|j|\u2606taco920\n|j|\u2606uuwoohoo\n|t:|1700008651\n|gametype|singles\n|player|p1|taco920|101|1346\n|player|p2|uuwoohoo|169|1441\n|teamsize|p1|6\n|teamsize|p2|6\n|gen|9\n|tier|[Gen 9] OU\n|rated|\n|rule|Sleep Clause Mod: Limit one foe put to sleep\n|rule|Species Clause: Limit one of each Pok\u00e9mon\n|rule|OHKO Clause: OHKO moves are banned\n|rule|Evasion Items Clause: Evasion items are banned\n|rule|Evasion Moves Clause: Evasion moves are banned\n|rule|Endless Battle Clause: Forcing endless battles is banned\n|rule|HP Percentage Mod: HP is shown in percentages\n|clearpoke\n|poke|p1|Poliwrath, M|\n|poke|p1|Pelipper, F|\n|poke|p1|Overqwil, M|\n|poke|p1|Rillaboom, F|\n|poke|p1|Iron Treads|\n|poke|p1|Zapdos|\n|poke|p2|Pelipper, F|\n|poke|p2|Barraskewda, M|\n|poke|p2|Zapdos|\n|poke|p2|Greninja-*, M|\n|poke|p2|Maushold|\n|poke|p2|Samurott-Hisui, F|\n|teampreview\n|\n|t:|1700008676\n|start\n|switch|p1a: Zapdos|Zapdos|100\/100\n|switch|p2a: Maushold|Maushold|100\/100\n|turn|1\n|\n|t:|1700008684\n|move|p2a: Maushold|Tidy Up|p2a: Maushold\n|-boost|p2a: Maushold|atk|1\n|-boost|p2a: Maushold|spe|1\n|move|p1a: Zapdos|Thunder|p2a: Maushold\n|-damage|p2a: Maushold|16\/100\n|\n|upkeep\n|turn|2\n|inactive|Battle timer is ON: inactive players will automatically lose when time's up. (requested by uuwoohoo)\n|inactive|taco920 has 120 seconds left.\n|\n|t:|1700008761\n|move|p2a: Maushold|Population Bomb|p1a: Zapdos\n|-damage|p1a: Zapdos|82\/100\n|-damage|p1a: Zapdos|62\/100\n|-crit|p1a: Zapdos\n|-damage|p1a: Zapdos|32\/100\n|-damage|p1a: Zapdos|12\/100\n|-damage|p1a: Zapdos|0 fnt\n|faint|p1a: Zapdos\n|-hitcount|p1: Zapdos|5\n|\n|upkeep\n|\n|t:|1700008770\n|switch|p1a: Rillaboom|Rillaboom, F|100\/100\n|-fieldstart|move: Grassy Terrain|[from] ability: Grassy Surge|[of] p1a: Rillaboom\n|turn|3\n|\n|t:|1700008781\n|move|p1a: Rillaboom|Grassy Glide|p2a: Maushold\n|-damage|p2a: Maushold|0 fnt\n|faint|p2a: Maushold\n|\n|upkeep\n|\n|t:|1700008784\n|switch|p2a: Samurott|Samurott-Hisui, F|100\/100\n|turn|4\n|\n|t:|1700008808\n|move|p1a: Rillaboom|Grassy Glide|p2a: Samurott\n|-supereffective|p2a: Samurott\n|-enditem|p2a: Samurott|Focus Sash\n|-damage|p2a: Samurott|1\/100\n|move|p2a: Samurott|Ceaseless Edge|p1a: Rillaboom\n|-damage|p1a: Rillaboom|49\/100\n|-sidestart|p1: taco920|Spikes\n|\n|-heal|p2a: Samurott|7\/100|[from] Grassy Terrain\n|-heal|p1a: Rillaboom|55\/100|[from] Grassy Terrain\n|upkeep\n|turn|5\n|\n|t:|1700008819\n|move|p2a: Samurott|Aqua Jet|p1a: Rillaboom\n|-resisted|p1a: Rillaboom\n|-damage|p1a: Rillaboom|45\/100\n|move|p1a: Rillaboom|Grassy Glide|p2a: Samurott\n|-supereffective|p2a: Samurott\n|-damage|p2a: Samurott|0 fnt\n|faint|p2a: Samurott\n|\n|-heal|p1a: Rillaboom|51\/100|[from] Grassy Terrain\n|upkeep\n|\n|t:|1700008833\n|switch|p2a: Pelipper|Pelipper, F|100\/100\n|-weather|RainDance|[from] ability: Drizzle|[of] p2a: Pelipper\n|turn|6\n|\n|t:|1700008858\n|switch|p1a: Pelipper|Pelipper, F|100\/100\n|move|p2a: Pelipper|U-turn|p1a: Pelipper\n|-resisted|p1a: Pelipper\n|-damage|p1a: Pelipper|96\/100\n|\n|t:|1700008863\n|switch|p2a: Zapdos|Zapdos|100\/100|[from] U-turn\n|\n|-weather|RainDance|[upkeep]\n|upkeep\n|turn|7\n|\n|t:|1700008868\n|switch|p1a: Iron Treads|Iron Treads|100\/100\n|-damage|p1a: Iron Treads|88\/100|[from] Spikes\n|move|p2a: Zapdos|Hurricane|p1a: Iron Treads\n|-resisted|p1a: Iron Treads\n|-damage|p1a: Iron Treads|47\/100\n|\n|-weather|RainDance|[upkeep]\n|-heal|p1a: Iron Treads|53\/100|[from] Grassy Terrain\n|-fieldend|move: Grassy Terrain\n|upkeep\n|turn|8\n|\n|t:|1700008878\n|move|p2a: Zapdos|Hurricane|p1a: Iron Treads\n|-resisted|p1a: Iron Treads\n|-damage|p1a: Iron Treads|13\/100\n|-start|p1a: Iron Treads|confusion\n|-activate|p1a: Iron Treads|confusion\n|move|p1a: Iron Treads|Rapid Spin|p2a: Zapdos\n|-damage|p2a: Zapdos|82\/100\n|-boost|p1a: Iron Treads|spe|1\n|-status|p1a: Iron Treads|par|[from] ability: Static|[of] p2a: Zapdos\n|-sideend|p1: taco920|Spikes|[from] move: Rapid Spin|[of] p1a: Iron Treads\n|\n|-weather|RainDance|[upkeep]\n|upkeep\n|turn|9\n|\n|t:|1700008898\n|move|p2a: Zapdos|Hurricane|p1a: Iron Treads\n|-resisted|p1a: Iron Treads\n|-damage|p1a: Iron Treads|0 fnt\n|faint|p1a: Iron Treads\n|-end|p1a: Iron Treads|Quark Drive|[silent]\n|\n|-weather|RainDance|[upkeep]\n|upkeep\n|inactive|taco920 has 120 seconds left.\n|\n|t:|1700008915\n|switch|p1a: Poliwrath|Poliwrath, M|100\/100\n|turn|10\n|inactive|taco920 has 120 seconds left.\n|\n|t:|1700008928\n|-terastallize|p1a: Poliwrath|Poison\n|move|p1a: Poliwrath|Belly Drum|p1a: Poliwrath\n|-damage|p1a: Poliwrath|50\/100\n|-setboost|p1a: Poliwrath|atk|6|[from] move: Belly Drum\n|-enditem|p1a: Poliwrath|Sitrus Berry|[eat]\n|-heal|p1a: Poliwrath|75\/100|[from] item: Sitrus Berry\n|move|p2a: Zapdos|Hurricane|p1a: Poliwrath\n|-damage|p1a: Poliwrath|0 fnt\n|faint|p1a: Poliwrath\n|\n|-weather|RainDance|[upkeep]\n|upkeep\n|inactive|taco920 has 120 seconds left.\n|\n|t:|1700008944\n|switch|p1a: Overqwil|Overqwil, M|100\/100\n|turn|11\n|\n|t:|1700008949\n|move|p1a: Overqwil|Gunk Shot|p2a: Zapdos\n|-damage|p2a: Zapdos|0 fnt\n|faint|p2a: Zapdos\n|-damage|p1a: Overqwil|91\/100|[from] item: Life Orb\n|\n|-weather|RainDance|[upkeep]\n|upkeep\n|\n|t:|1700008953\n|switch|p2a: Barraskewda|Barraskewda, M|100\/100\n|turn|12\n|\n|t:|1700008957\n|-terastallize|p2a: Barraskewda|Fighting\n|move|p2a: Barraskewda|Close Combat|p1a: Overqwil\n|-damage|p1a: Overqwil|0 fnt\n|-unboost|p2a: Barraskewda|def|1\n|-unboost|p2a: Barraskewda|spd|1\n|faint|p1a: Overqwil\n|\n|-weather|RainDance|[upkeep]\n|upkeep\n|\n|t:|1700008967\n|switch|p1a: Rillaboom|Rillaboom, F|51\/100\n|-fieldstart|move: Grassy Terrain|[from] ability: Grassy Surge|[of] p1a: Rillaboom\n|turn|13\n|\n|t:|1700008972\n|switch|p2a: Pelipper|Pelipper, F|100\/100\n|move|p1a: Rillaboom|Grassy Glide|p2a: Pelipper\n|-damage|p2a: Pelipper|53\/100\n|\n|-weather|none\n|-heal|p1a: Rillaboom|57\/100|[from] Grassy Terrain\n|upkeep\n|turn|14\n|\n|t:|1700008982\n|switch|p1a: Pelipper|Pelipper, F|96\/100\n|-weather|RainDance|[from] ability: Drizzle|[of] p1a: Pelipper\n|move|p2a: Pelipper|Roost|p2a: Pelipper\n|-heal|p2a: Pelipper|100\/100\n|-singleturn|p2a: Pelipper|move: Roost\n|\n|-weather|RainDance|[upkeep]\n|upkeep\n|turn|15\n|\n|t:|1700008992\n|move|p1a: Pelipper|Hurricane|p2a: Pelipper\n|-damage|p2a: Pelipper|48\/100\n|-start|p2a: Pelipper|confusion\n|-activate|p2a: Pelipper|confusion\n|move|p2a: Pelipper|Hurricane|p1a: Pelipper\n|-damage|p1a: Pelipper|54\/100\n|\n|-weather|RainDance|[upkeep]\n|upkeep\n|turn|16\n|\n|t:|1700009000\n|move|p1a: Pelipper|Hurricane|p2a: Pelipper\n|-damage|p2a: Pelipper|0 fnt\n|faint|p2a: Pelipper\n|\n|-weather|RainDance|[upkeep]\n|upkeep\n|\n|t:|1700009011\n|switch|p2a: Greninja|Greninja, M|100\/100\n|turn|17\n|\n|t:|1700009018\n|move|p2a: Greninja|Ice Beam|p1a: Pelipper\n|-damage|p1a: Pelipper|28\/100\n|move|p1a: Pelipper|Hurricane|p2a: Greninja\n|-damage|p2a: Greninja|38\/100\n|\n|-weather|RainDance|[upkeep]\n|-heal|p2a: Greninja|44\/100|[from] Grassy Terrain\n|-fieldend|move: Grassy Terrain\n|upkeep\n|turn|18\n|\n|t:|1700009027\n|move|p2a: Greninja|Dark Pulse|p1a: Pelipper\n|-damage|p1a: Pelipper|0 fnt\n|faint|p1a: Pelipper\n|-ability|p2a: Greninja|Battle Bond|boost\n|-boost|p2a: Greninja|atk|1\n|-boost|p2a: Greninja|spa|1\n|-boost|p2a: Greninja|spe|1\n|-activate|p2a: Greninja|ability: Battle Bond\n|\n|-weather|RainDance|[upkeep]\n|upkeep\n|\n|t:|1700009036\n|switch|p1a: Rillaboom|Rillaboom, F|57\/100\n|-fieldstart|move: Grassy Terrain|[from] ability: Grassy Surge|[of] p1a: Rillaboom\n|turn|19\n|\n|t:|1700009040\n|move|p2a: Greninja|Water Shuriken|p1a: Rillaboom\n|-resisted|p1a: Rillaboom\n|-damage|p1a: Rillaboom|47\/100\n|-resisted|p1a: Rillaboom\n|-damage|p1a: Rillaboom|37\/100\n|-resisted|p1a: Rillaboom\n|-damage|p1a: Rillaboom|27\/100\n|-resisted|p1a: Rillaboom\n|-damage|p1a: Rillaboom|16\/100\n|-resisted|p1a: Rillaboom\n|-damage|p1a: Rillaboom|6\/100\n|-hitcount|p1a: Rillaboom|5\n|move|p1a: Rillaboom|Grassy Glide|p2a: Greninja\n|-supereffective|p2a: Greninja\n|-damage|p2a: Greninja|0 fnt\n|faint|p2a: Greninja\n|\n|-weather|RainDance|[upkeep]\n|-heal|p1a: Rillaboom|13\/100|[from] Grassy Terrain\n|upkeep\n|\n|t:|1700009051\n|switch|p2a: Barraskewda|Barraskewda, M, tera:Fighting|100\/100\n|turn|20\n|\n|t:|1700009057\n|move|p1a: Rillaboom|Grassy Glide|p2a: Barraskewda\n|-damage|p2a: Barraskewda|0 fnt\n|faint|p2a: Barraskewda\n|\n|win|taco920\n|raw|taco920's rating: 1346 &rarr; <strong>1371<\/strong><br \/>(+25 for winning)\n|raw|uuwoohoo's rating: 1441 &rarr; <strong>1416<\/strong><br \/>(-25 for losing)\n|c|\u2606taco920|gg\n","uploadtime":1700009065,"views":21,"p1id":"taco920","p2id":"uuwoohoo","formatid":"gen9ou","rating":1371,"private":0,"password":""}