{"id":"gen9ou-1989856445","p1":"th1_lls","p2":"Ozzie and Fizzy","format":"[Gen 9] OU","log":"|j|\u2606th1_lls\n|j|\u2606Ozzie and Fizzy\n|t:|1699901452\n|gametype|singles\n|player|p1|th1_lls|ingo|1145\n|player|p2|Ozzie and Fizzy|caitlin|1161\n|teamsize|p1|6\n|teamsize|p2|6\n|gen|9\n|tier|[Gen 9] OU\n|rated|\n|rule|Sleep Clause Mod: Limit one foe put to sleep\n|rule|Species Clause: Limit one of each Pok\u00e9mon\n|rule|OHKO Clause: OHKO moves are banned\n|rule|Evasion Items Clause: Evasion items are banned\n|rule|Evasion Moves Clause: Evasion moves are banned\n|rule|Endless Battle Clause: Forcing endless battles is banned\n|rule|HP Percentage Mod: HP is shown in percentages\n|clearpoke\n|poke|p1|Vaporeon, F|\n|poke|p1|Kingambit, F|\n|poke|p1|Dondozo, M|\n|poke|p1|Thundurus-Therian, M|\n|poke|p1|Cinderace, F|\n|poke|p1|Meowscarada, M|\n|poke|p2|Torkoal, M|\n|poke|p2|Walking Wake|\n|poke|p2|Ribombee, M|\n|poke|p2|Iron Moth|\n|poke|p2|Slowking-Galar, M|\n|poke|p2|Slither Wing|\n|teampreview\n|inactive|Battle timer is ON: inactive players will automatically lose when time's up. (requested by th1_lls)\n|\n|t:|1699901457\n|start\n|switch|p1a: saturn|Thundurus-Therian, M|100\/100\n|switch|p2a: Ribombee|Ribombee, M, shiny|100\/100\n|turn|1\n|\n|t:|1699901464\n|move|p2a: Ribombee|Sticky Web|p1a: saturn\n|-sidestart|p1: th1_lls|move: Sticky Web\n|move|p1a: saturn|Volt Switch|p2a: Ribombee\n|-damage|p2a: Ribombee|14\/100\n|\n|t:|1699901470\n|switch|p1a: katara|Vaporeon, F|100\/100|[from] Volt Switch\n|-activate|p1a: katara|move: Sticky Web\n|-unboost|p1a: katara|spe|1\n|\n|upkeep\n|turn|2\n|\n|t:|1699901474\n|move|p2a: Ribombee|Stun Spore|p1a: katara|[miss]\n|-miss|p2a: Ribombee|p1a: katara\n|move|p1a: katara|Scald|p2a: Ribombee\n|-damage|p2a: Ribombee|0 fnt\n|faint|p2a: Ribombee\n|\n|upkeep\n|\n|t:|1699901484\n|switch|p2a: Torkoal|Torkoal, M, shiny|100\/100\n|-weather|SunnyDay|[from] ability: Drought|[of] p2a: Torkoal\n|turn|3\n|\n|t:|1699901496\n|move|p1a: katara|Scald|p2a: Torkoal\n|-supereffective|p2a: Torkoal\n|-damage|p2a: Torkoal|62\/100\n|move|p2a: Torkoal|Yawn|p1a: katara\n|-start|p1a: katara|move: Yawn|[of] p2a: Torkoal\n|\n|-weather|SunnyDay|[upkeep]\n|-heal|p2a: Torkoal|68\/100|[from] item: Leftovers\n|upkeep\n|turn|4\n|\n|t:|1699901505\n|switch|p1a: saturn|Thundurus-Therian, M|100\/100\n|switch|p2a: Walking Wake|Walking Wake|100\/100\n|-activate|p2a: Walking Wake|ability: Protosynthesis\n|-start|p2a: Walking Wake|protosynthesisspa\n|\n|-weather|SunnyDay|[upkeep]\n|upkeep\n|turn|5\n|\n|t:|1699901520\n|move|p2a: Walking Wake|Hydro Steam|p1a: saturn\n|-damage|p1a: saturn|0 fnt\n|faint|p1a: saturn\n|\n|-weather|SunnyDay|[upkeep]\n|upkeep\n|c|\u2606th1_lls|......\n|\n|t:|1699901540\n|switch|p1a: Dondozo|Dondozo, M|100\/100\n|-activate|p1a: Dondozo|move: Sticky Web\n|-unboost|p1a: Dondozo|spe|1\n|turn|6\n|\n|t:|1699901547\n|-end|p2a: Walking Wake|Protosynthesis|[silent]\n|switch|p2a: Slowking|Slowking-Galar, M, shiny|100\/100\n|move|p1a: Dondozo|Yawn|p2a: Slowking\n|-start|p2a: Slowking|move: Yawn|[of] p1a: Dondozo\n|\n|-weather|SunnyDay|[upkeep]\n|upkeep\n|turn|7\n|\n|t:|1699901565\n|switch|p1a: Cinderace|Cinderace, F|100\/100\n|move|p2a: Slowking|Thunder Wave|p1a: Cinderace\n|-status|p1a: Cinderace|par\n|\n|-weather|none\n|-end|p2a: Slowking|move: Yawn|[silent]\n|-status|p2a: Slowking|slp\n|upkeep\n|turn|8\n|\n|t:|1699901575\n|move|p1a: Cinderace|Court Change|p1a: Cinderace\n|-start|p1a: Cinderace|typechange|Normal|[from] ability: Libero\n|-swapsideconditions\n|-activate|p1a: Cinderace|move: Court Change\n|cant|p2a: Slowking|slp\n|\n|upkeep\n|turn|9\n|\n|t:|1699901584\n|move|p1a: Cinderace|Taunt|p2a: Slowking\n|-start|p2a: Slowking|move: Taunt\n|-curestatus|p2a: Slowking|slp|[msg]\n|move|p2a: Slowking|Future Sight|p1a: Cinderace\n|-start|p2a: Slowking|move: Future Sight\n|\n|upkeep\n|turn|10\n|\n|t:|1699901591\n|switch|p2a: Torkoal|Torkoal, M, shiny|68\/100\n|-activate|p2a: Torkoal|move: Sticky Web\n|-unboost|p2a: Torkoal|spe|1\n|-weather|SunnyDay|[from] ability: Drought|[of] p2a: Torkoal\n|move|p1a: Cinderace|U-turn|p2a: Torkoal\n|-resisted|p2a: Torkoal\n|-damage|p2a: Torkoal|61\/100\n|\n|t:|1699901606\n|switch|p1a: katara|Vaporeon, F|100\/100|[from] U-turn\n|\n|-weather|SunnyDay|[upkeep]\n|-heal|p2a: Torkoal|67\/100|[from] item: Leftovers\n|upkeep\n|turn|11\n|\n|t:|1699901616\n|switch|p2a: Iron Moth|Iron Moth|100\/100\n|-activate|p2a: Iron Moth|move: Sticky Web\n|-unboost|p2a: Iron Moth|spe|1\n|-enditem|p2a: Iron Moth|Booster Energy\n|-activate|p2a: Iron Moth|ability: Quark Drive|[fromitem]\n|-start|p2a: Iron Moth|quarkdrivespa\n|move|p1a: katara|Scald|p2a: Iron Moth\n|-supereffective|p2a: Iron Moth\n|-damage|p2a: Iron Moth|63\/100\n|\n|-weather|SunnyDay|[upkeep]\n|-end|p1a: katara|move: Future Sight\n|-damage|p1a: katara|75\/100\n|-heal|p1a: katara|81\/100|[from] item: Leftovers\n|upkeep\n|turn|12\n|\n|t:|1699901625\n|move|p2a: Iron Moth|Energy Ball|p1a: katara\n|-supereffective|p1a: katara\n|-damage|p1a: katara|29\/100\n|move|p1a: katara|Scald|p2a: Iron Moth\n|-supereffective|p2a: Iron Moth\n|-damage|p2a: Iron Moth|24\/100\n|\n|-weather|SunnyDay|[upkeep]\n|-heal|p1a: katara|35\/100|[from] item: Leftovers\n|upkeep\n|turn|13\n|\n|t:|1699901639\n|move|p1a: katara|Protect|p1a: katara\n|-singleturn|p1a: katara|Protect\n|move|p2a: Iron Moth|Energy Ball|p1a: katara\n|-activate|p1a: katara|move: Protect\n|\n|-weather|SunnyDay|[upkeep]\n|-heal|p1a: katara|42\/100|[from] item: Leftovers\n|upkeep\n|turn|14\n|\n|t:|1699901645\n|switch|p1a: Cinderace|Cinderace, F|100\/100 par\n|move|p2a: Iron Moth|Energy Ball|p1a: Cinderace\n|-resisted|p1a: Cinderace\n|-damage|p1a: Cinderace|72\/100 par\n|\n|-weather|none\n|upkeep\n|turn|15\n|\n|t:|1699901654\n|move|p2a: Iron Moth|Sludge Wave|p1a: Cinderace\n|-damage|p1a: Cinderace|0 fnt\n|faint|p1a: Cinderace\n|\n|upkeep\n|\n|t:|1699901664\n|switch|p1a: boa|Meowscarada, M|100\/100\n|turn|16\n|\n|t:|1699901668\n|move|p1a: boa|Shadow Claw|p2a: Iron Moth\n|-start|p1a: boa|typechange|Ghost|[from] ability: Protean\n|-damage|p2a: Iron Moth|0 fnt\n|faint|p2a: Iron Moth\n|-end|p2a: Iron Moth|Quark Drive|[silent]\n|\n|upkeep\n|\n|t:|1699901675\n|switch|p2a: Torkoal|Torkoal, M, shiny|67\/100\n|-activate|p2a: Torkoal|move: Sticky Web\n|-unboost|p2a: Torkoal|spe|1\n|-weather|SunnyDay|[from] ability: Drought|[of] p2a: Torkoal\n|turn|17\n|\n|t:|1699901681\n|move|p1a: boa|Shadow Claw|p2a: Torkoal\n|-damage|p2a: Torkoal|43\/100\n|move|p2a: Torkoal|Yawn|p1a: boa\n|-start|p1a: boa|move: Yawn|[of] p2a: Torkoal\n|\n|-weather|SunnyDay|[upkeep]\n|-heal|p2a: Torkoal|49\/100|[from] item: Leftovers\n|upkeep\n|turn|18\n|\n|t:|1699901688\n|switch|p1a: katara|Vaporeon, F|42\/100\n|move|p2a: Torkoal|Will-O-Wisp|p1a: katara\n|-status|p1a: katara|brn\n|\n|-weather|SunnyDay|[upkeep]\n|-heal|p1a: katara|48\/100 brn|[from] item: Leftovers\n|-heal|p2a: Torkoal|55\/100|[from] item: Leftovers\n|-damage|p1a: katara|42\/100 brn|[from] brn\n|upkeep\n|turn|19\n|\n|t:|1699901700\n|switch|p2a: Slither Wing|Slither Wing|100\/100\n|-activate|p2a: Slither Wing|move: Sticky Web\n|-unboost|p2a: Slither Wing|spe|1\n|-activate|p2a: Slither Wing|ability: Protosynthesis\n|-start|p2a: Slither Wing|protosynthesisatk\n|move|p1a: katara|Scald|p2a: Slither Wing\n|-damage|p2a: Slither Wing|80\/100\n|\n|-weather|SunnyDay|[upkeep]\n|-heal|p1a: katara|48\/100 brn|[from] item: Leftovers\n|-damage|p1a: katara|42\/100 brn|[from] brn\n|upkeep\n|turn|20\n|\n|t:|1699901712\n|move|p2a: Slither Wing|U-turn|p1a: katara\n|-damage|p1a: katara|0 fnt\n|faint|p1a: katara\n|\n|t:|1699901716\n|-end|p2a: Slither Wing|Protosynthesis|[silent]\n|switch|p2a: Slowking|Slowking-Galar, M, shiny|100\/100|[from] U-turn\n|\n|-weather|SunnyDay|[upkeep]\n|upkeep\n|\n|t:|1699901727\n|switch|p1a: Kingambit|Kingambit, F|100\/100\n|-activate|p1a: Kingambit|ability: Supreme Overlord\n|-start|p1a: Kingambit|fallen3|[silent]\n|-item|p1a: Kingambit|Air Balloon\n|turn|21\n|\n|t:|1699901737\n|move|p1a: Kingambit|Iron Head|p2a: Slowking\n|-damage|p2a: Slowking|60\/100\n|move|p2a: Slowking|Thunder Wave|p1a: Kingambit\n|-status|p1a: Kingambit|par\n|\n|-weather|none\n|upkeep\n|turn|22\n|\n|t:|1699901746\n|switch|p2a: Torkoal|Torkoal, M, shiny|55\/100\n|-activate|p2a: Torkoal|move: Sticky Web\n|-unboost|p2a: Torkoal|spe|1\n|-weather|SunnyDay|[from] ability: Drought|[of] p2a: Torkoal\n|move|p1a: Kingambit|Swords Dance|p1a: Kingambit\n|-boost|p1a: Kingambit|atk|2\n|\n|-weather|SunnyDay|[upkeep]\n|-heal|p2a: Torkoal|61\/100|[from] item: Leftovers\n|upkeep\n|turn|23\n|\n|t:|1699901754\n|move|p1a: Kingambit|Sucker Punch||[still]\n|-fail|p1a: Kingambit\n|move|p2a: Torkoal|Will-O-Wisp||[still]\n|-fail|p2a: Torkoal\n|\n|-weather|SunnyDay|[upkeep]\n|-heal|p2a: Torkoal|67\/100|[from] item: Leftovers\n|upkeep\n|turn|24\n|n|!th1_lls|th1lls\n|\n|t:|1699901771\n|cant|p1a: Kingambit|par\n|move|p2a: Torkoal|Weather Ball|p1a: Kingambit\n|-supereffective|p1a: Kingambit\n|-damage|p1a: Kingambit|11\/100 par\n|-enditem|p1a: Kingambit|Air Balloon\n|\n|-weather|SunnyDay|[upkeep]\n|-heal|p2a: Torkoal|73\/100|[from] item: Leftovers\n|upkeep\n|turn|25\n|\n|t:|1699901778\n|move|p1a: Kingambit|Iron Head|p2a: Torkoal\n|-resisted|p2a: Torkoal\n|-damage|p2a: Torkoal|34\/100\n|move|p2a: Torkoal|Weather Ball|p1a: Kingambit\n|-supereffective|p1a: Kingambit\n|-damage|p1a: Kingambit|0 fnt\n|faint|p1a: Kingambit\n|-end|p1a: Kingambit|fallen3|[silent]\n|\n|-weather|SunnyDay|[upkeep]\n|-heal|p2a: Torkoal|40\/100|[from] item: Leftovers\n|upkeep\n|\n|t:|1699901784\n|switch|p1a: Dondozo|Dondozo, M|100\/100\n|turn|26\n|\n|t:|1699901788\n|move|p1a: Dondozo|Chilling Water|p2a: Torkoal\n|-supereffective|p2a: Torkoal\n|-damage|p2a: Torkoal|28\/100\n|-unboost|p2a: Torkoal|atk|1\n|move|p2a: Torkoal|Yawn|p1a: Dondozo\n|-start|p1a: Dondozo|move: Yawn|[of] p2a: Torkoal\n|\n|-weather|none\n|-heal|p2a: Torkoal|34\/100|[from] item: Leftovers\n|upkeep\n|turn|27\n|\n|t:|1699901797\n|switch|p2a: Slowking|Slowking-Galar, M, shiny|93\/100\n|move|p1a: Dondozo|Yawn|p2a: Slowking\n|-start|p2a: Slowking|move: Yawn|[of] p1a: Dondozo\n|\n|-end|p1a: Dondozo|move: Yawn|[silent]\n|-status|p1a: Dondozo|slp\n|upkeep\n|turn|28\n|\n|t:|1699901805\n|switch|p2a: Torkoal|Torkoal, M, shiny|34\/100\n|-activate|p2a: Torkoal|move: Sticky Web\n|-unboost|p2a: Torkoal|spe|1\n|-weather|SunnyDay|[from] ability: Drought|[of] p2a: Torkoal\n|cant|p1a: Dondozo|slp\n|\n|-weather|SunnyDay|[upkeep]\n|-heal|p2a: Torkoal|40\/100|[from] item: Leftovers\n|upkeep\n|turn|29\n|\n|t:|1699901812\n|switch|p2a: Walking Wake|Walking Wake|100\/100\n|-activate|p2a: Walking Wake|move: Sticky Web\n|-unboost|p2a: Walking Wake|spe|1\n|-activate|p2a: Walking Wake|ability: Protosynthesis\n|-start|p2a: Walking Wake|protosynthesisspa\n|cant|p1a: Dondozo|slp\n|\n|-weather|SunnyDay|[upkeep]\n|upkeep\n|turn|30\n|\n|t:|1699901819\n|move|p2a: Walking Wake|Draco Meteor|p1a: Dondozo\n|-damage|p1a: Dondozo|0 fnt\n|-unboost|p2a: Walking Wake|spa|2\n|faint|p1a: Dondozo\n|\n|-weather|SunnyDay|[upkeep]\n|upkeep\n|\n|t:|1699901824\n|switch|p1a: boa|Meowscarada, M|100\/100\n|turn|31\n|\n|t:|1699901842\n|-end|p2a: Walking Wake|Protosynthesis|[silent]\n|switch|p2a: Slowking|Slowking-Galar, M, shiny|100\/100\n|move|p1a: boa|Foul Play|p2a: Slowking\n|-start|p1a: boa|typechange|Dark|[from] ability: Protean\n|-supereffective|p2a: Slowking\n|-damage|p2a: Slowking|74\/100\n|\n|-weather|SunnyDay|[upkeep]\n|upkeep\n|turn|32\n|\n|t:|1699901848\n|move|p1a: boa|Foul Play|p2a: Slowking\n|-supereffective|p2a: Slowking\n|-damage|p2a: Slowking|45\/100\n|move|p2a: Slowking|Thunder Wave|p1a: boa|[miss]\n|-miss|p2a: Slowking|p1a: boa\n|\n|-weather|none\n|upkeep\n|turn|33\n|\n|t:|1699901853\n|move|p1a: boa|Foul Play|p2a: Slowking\n|-supereffective|p2a: Slowking\n|-damage|p2a: Slowking|19\/100\n|move|p2a: Slowking|Thunder Wave|p1a: boa\n|-status|p1a: boa|par\n|\n|upkeep\n|turn|34\n|\n|t:|1699901861\n|move|p1a: boa|Foul Play|p2a: Slowking\n|-supereffective|p2a: Slowking\n|-damage|p2a: Slowking|0 fnt\n|faint|p2a: Slowking\n|\n|upkeep\n|\n|t:|1699901866\n|switch|p2a: Torkoal|Torkoal, M, shiny|40\/100\n|-activate|p2a: Torkoal|move: Sticky Web\n|-unboost|p2a: Torkoal|spe|1\n|-weather|SunnyDay|[from] ability: Drought|[of] p2a: Torkoal\n|turn|35\n|\n|t:|1699901872\n|switch|p2a: Slither Wing|Slither Wing|80\/100\n|-activate|p2a: Slither Wing|move: Sticky Web\n|-unboost|p2a: Slither Wing|spe|1\n|-activate|p2a: Slither Wing|ability: Protosynthesis\n|-start|p2a: Slither Wing|protosynthesisatk\n|move|p1a: boa|Foul Play|p2a: Slither Wing\n|-resisted|p2a: Slither Wing\n|-crit|p2a: Slither Wing\n|-damage|p2a: Slither Wing|26\/100\n|\n|-weather|SunnyDay|[upkeep]\n|upkeep\n|turn|36\n|\n|t:|1699901880\n|move|p2a: Slither Wing|First Impression|p1a: boa\n|-supereffective|p1a: boa\n|-damage|p1a: boa|0 fnt\n|faint|p1a: boa\n|\n|win|Ozzie and Fizzy\n|raw|th1_lls's rating: 1145 &rarr; <strong>1121<\/strong><br \/>(-24 for losing)\n|raw|Ozzie and Fizzy's rating: 1161 &rarr; <strong>1185<\/strong><br \/>(+24 for winning)\n","uploadtime":1699901762,"views":10,"p1id":"th1lls","p2id":"ozzieandfizzy","formatid":"gen9ou","rating":1121,"private":0,"password":""}