{"id":"gen9ou-1995394879","p1":"loling-man","p2":"IC1","format":"[Gen 9] OU","log":"|j|\u2606loling-man\n|j|\u2606IC1\n|t:|1700565011\n|gametype|singles\n|player|p1|loling-man|1|1196\n|player|p2|IC1|firebreather|1113\n|teamsize|p1|6\n|teamsize|p2|6\n|gen|9\n|tier|[Gen 9] OU\n|rated|\n|rule|Sleep Clause Mod: Limit one foe put to sleep\n|rule|Species Clause: Limit one of each Pok\u00e9mon\n|rule|OHKO Clause: OHKO moves are banned\n|rule|Evasion Items Clause: Evasion items are banned\n|rule|Evasion Moves Clause: Evasion moves are banned\n|rule|Endless Battle Clause: Forcing endless battles is banned\n|rule|HP Percentage Mod: HP is shown in percentages\n|clearpoke\n|poke|p1|Enamorus, F|\n|poke|p1|Gholdengo|\n|poke|p1|Great Tusk|\n|poke|p1|Greninja-*, M|\n|poke|p1|Iron Moth|\n|poke|p1|Rillaboom, M|\n|poke|p2|Ogerpon-Wellspring, F|\n|poke|p2|Iron Valiant|\n|poke|p2|Kingambit, M|\n|poke|p2|Cinderace, M|\n|poke|p2|Great Tusk|\n|poke|p2|Dragapult, F|\n|teampreview\n|c|\u2606IC1|glhf\n|inactive|Battle timer is ON: inactive players will automatically lose when time's up. (requested by IC1)\n|inactive|loling-man has 120 seconds left.\n|\n|t:|1700565063\n|start\n|switch|p1a: Iron Moth|Iron Moth|100\/100\n|switch|p2a: Ogerpon|Ogerpon-Wellspring, F|100\/100\n|-enditem|p1a: Iron Moth|Booster Energy\n|-activate|p1a: Iron Moth|ability: Quark Drive|[fromitem]\n|-start|p1a: Iron Moth|quarkdrivespe\n|turn|1\n|\n|t:|1700565074\n|-terastallize|p2a: Ogerpon|Water\n|detailschange|p2a: Ogerpon|Ogerpon-Wellspring-Tera, F, tera:Water\n|-ability|p2a: Ogerpon|Embody Aspect (Wellspring)|boost\n|-boost|p2a: Ogerpon|spd|1\n|move|p1a: Iron Moth|Substitute|p1a: Iron Moth\n|-start|p1a: Iron Moth|Substitute\n|-damage|p1a: Iron Moth|75\/100\n|move|p2a: Ogerpon|Ivy Cudgel|p1a: Iron Moth|[anim] Ivy Cudgel Water\n|-supereffective|p1a: Iron Moth\n|-end|p1a: Iron Moth|Substitute\n|\n|upkeep\n|turn|2\n|\n|t:|1700565082\n|move|p1a: Iron Moth|Energy Ball|p2a: Ogerpon\n|-supereffective|p2a: Ogerpon\n|-damage|p2a: Ogerpon|53\/100\n|move|p2a: Ogerpon|Ivy Cudgel|p1a: Iron Moth|[anim] Ivy Cudgel Water\n|-supereffective|p1a: Iron Moth\n|-damage|p1a: Iron Moth|0 fnt\n|faint|p1a: Iron Moth\n|-end|p1a: Iron Moth|Quark Drive|[silent]\n|\n|upkeep\n|\n|t:|1700565086\n|switch|p1a: Rillaboom|Rillaboom, M|100\/100\n|-fieldstart|move: Grassy Terrain|[from] ability: Grassy Surge|[of] p1a: Rillaboom\n|turn|3\n|\n|t:|1700565093\n|switch|p2a: Cinderace|Cinderace, M|100\/100\n|move|p1a: Rillaboom|Grassy Glide|p2a: Cinderace\n|-resisted|p2a: Cinderace\n|-damage|p2a: Cinderace|66\/100\n|\n|-heal|p2a: Cinderace|72\/100|[from] Grassy Terrain\n|upkeep\n|turn|4\n|\n|t:|1700565107\n|switch|p1a: Greninja|Greninja, M|100\/100\n|move|p2a: Cinderace|Will-O-Wisp|p1a: Greninja\n|-status|p1a: Greninja|brn\n|\n|-heal|p2a: Cinderace|78\/100|[from] Grassy Terrain\n|-damage|p1a: Greninja|95\/100 brn|[from] brn\n|upkeep\n|turn|5\n|\n|t:|1700565123\n|move|p1a: Greninja|Surf|p2a: Cinderace\n|-supereffective|p2a: Cinderace\n|-damage|p2a: Cinderace|0 fnt\n|faint|p2a: Cinderace\n|-ability|p1a: Greninja|Battle Bond|boost\n|-boost|p1a: Greninja|atk|1\n|-boost|p1a: Greninja|spa|1\n|-boost|p1a: Greninja|spe|1\n|-activate|p1a: Greninja|ability: Battle Bond\n|\n|-heal|p1a: Greninja|100\/100 brn|[from] Grassy Terrain\n|-damage|p1a: Greninja|95\/100 brn|[from] brn\n|upkeep\n|\n|t:|1700565141\n|switch|p2a: Ogerpon|Ogerpon-Wellspring-Tera, F, tera:Water|53\/100\n|-ability|p2a: Ogerpon|Embody Aspect (Wellspring)|boost\n|-boost|p2a: Ogerpon|spd|1\n|turn|6\n|inactive|loling-man has 120 seconds left.\n|\n|t:|1700565188\n|move|p1a: Greninja|Surf|p2a: Ogerpon\n|-resisted|p2a: Ogerpon\n|-damage|p2a: Ogerpon|15\/100\n|move|p2a: Ogerpon|Horn Leech|p1a: Greninja\n|-supereffective|p1a: Greninja\n|-damage|p1a: Greninja|0 fnt\n|-heal|p2a: Ogerpon|60\/100|[from] drain|[of] p1a: Greninja\n|faint|p1a: Greninja\n|\n|-heal|p2a: Ogerpon|66\/100|[from] Grassy Terrain\n|upkeep\n|\n|t:|1700565192\n|switch|p1a: Enamorus|Enamorus, F|100\/100\n|turn|7\n|inactive|IC1 has 120 seconds left.\n|\n|t:|1700565230\n|move|p1a: Enamorus|Moonblast|p2a: Ogerpon\n|-damage|p2a: Ogerpon|23\/100\n|move|p2a: Ogerpon|Ivy Cudgel|p1a: Enamorus|[anim] Ivy Cudgel Water\n|-damage|p1a: Enamorus|0 fnt\n|faint|p1a: Enamorus\n|\n|-heal|p2a: Ogerpon|29\/100|[from] Grassy Terrain\n|-fieldend|move: Grassy Terrain\n|upkeep\n|inactive|loling-man has 120 seconds left.\n|inactive|loling-man has 90 seconds left.\n|inactive|loling-man has 60 seconds left.\n|inactive|loling-man has 30 seconds left.\n|inactive|loling-man has 20 seconds left.\n|inactive|loling-man has 15 seconds left.\n|inactive|loling-man has 10 seconds left.\n|inactive|loling-man has 5 seconds left.\n|-message|loling-man lost due to inactivity.\n|\n|win|IC1\n|raw|loling-man's rating: 1196 &rarr; <strong>1165<\/strong><br \/>(-31 for losing)\n|raw|IC1's rating: 1113 &rarr; <strong>1144<\/strong><br \/>(+31 for winning)\n","uploadtime":1700565368,"views":4,"p1id":"lolingman","p2id":"ic1","formatid":"gen9ou","rating":1144,"private":0,"password":""}