{"id":"gen9ou-1998296525","p1":"VanhominTest","p2":"C0balt_375","format":"[Gen 9] OU","log":"|j|\u2606VanhominTest\n|j|\u2606C0balt_375\n|t:|1700926152\n|gametype|singles\n|player|p1|VanhominTest|scientist-gen4|1437\n|player|p2|C0balt_375|101|1389\n|teamsize|p1|6\n|teamsize|p2|6\n|gen|9\n|tier|[Gen 9] OU\n|rated|\n|rule|Sleep Clause Mod: Limit one foe put to sleep\n|rule|Species Clause: Limit one of each Pok\u00e9mon\n|rule|OHKO Clause: OHKO moves are banned\n|rule|Evasion Items Clause: Evasion items are banned\n|rule|Evasion Moves Clause: Evasion moves are banned\n|rule|Endless Battle Clause: Forcing endless battles is banned\n|rule|HP Percentage Mod: HP is shown in percentages\n|clearpoke\n|poke|p1|Ditto|\n|poke|p1|Ninetales-Alola, F|\n|poke|p1|Garganacl, M|\n|poke|p1|Lokix, M|\n|poke|p1|Enamorus, F|\n|poke|p1|Corviknight, M|\n|poke|p2|Iron Jugulis|\n|poke|p2|Ogerpon-Wellspring, F|\n|poke|p2|Tinkaton, F|\n|poke|p2|Iron Moth|\n|poke|p2|Great Tusk|\n|poke|p2|Dragapult, F|\n|teampreview\n|inactive|Battle timer is ON: inactive players will automatically lose when time's up. (requested by VanhominTest)\n|\n|t:|1700926168\n|start\n|switch|p1a: Giiwedin|Ninetales-Alola, F|100\/100\n|switch|p2a: TWINKATON|Tinkaton, F|100\/100\n|-weather|Snow|[from] ability: Snow Warning|[of] p1a: Giiwedin\n|-item|p2a: TWINKATON|Air Balloon\n|turn|1\n|\n|t:|1700926176\n|move|p1a: Giiwedin|Aurora Veil|p1a: Giiwedin\n|-sidestart|p1: VanhominTest|move: Aurora Veil\n|move|p2a: TWINKATON|Thunder Wave|p1a: Giiwedin\n|-status|p1a: Giiwedin|par\n|\n|-weather|Snow|[upkeep]\n|upkeep\n|turn|2\n|\n|t:|1700926190\n|switch|p1a: Mordred|Corviknight, M|100\/100\n|-ability|p1a: Mordred|Pressure\n|move|p2a: TWINKATON|Encore||[still]\n|-fail|p2a: TWINKATON\n|\n|-weather|Snow|[upkeep]\n|upkeep\n|turn|3\n|\n|t:|1700926195\n|move|p2a: TWINKATON|Thunder Wave|p1a: Mordred\n|-status|p1a: Mordred|par\n|cant|p1a: Mordred|par\n|\n|-weather|Snow|[upkeep]\n|upkeep\n|turn|4\n|\n|t:|1700926200\n|move|p2a: TWINKATON|Stealth Rock|p1a: Mordred\n|-sidestart|p1: VanhominTest|move: Stealth Rock\n|cant|p1a: Mordred|par\n|\n|-weather|Snow|[upkeep]\n|upkeep\n|turn|5\n|c|\u2606C0balt_375|Yiiikes\n|\n|t:|1700926221\n|move|p2a: TWINKATON|Play Rough|p1a: Mordred\n|-resisted|p1a: Mordred\n|-damage|p1a: Mordred|97\/100 par\n|-unboost|p1a: Mordred|atk|1\n|-damage|p2a: TWINKATON|84\/100|[from] item: Rocky Helmet|[of] p1a: Mordred\n|cant|p1a: Mordred|par\n|\n|-weather|none\n|upkeep\n|turn|6\n|c|\u2606C0balt_375|What???\n|\n|t:|1700926239\n|move|p2a: TWINKATON|Thunder Wave|p1a: Mordred\n|-fail|p1a: Mordred|par\n|cant|p1a: Mordred|par\n|\n|upkeep\n|turn|7\n|\n|t:|1700926250\n|move|p2a: TWINKATON|Thunder Wave|p1a: Mordred|[miss]\n|-miss|p2a: TWINKATON|p1a: Mordred\n|cant|p1a: Mordred|par\n|\n|upkeep\n|turn|8\n|c|\u2606C0balt_375|How...\n|\n|t:|1700926262\n|move|p2a: TWINKATON|Thunder Wave|p1a: Mordred\n|-fail|p1a: Mordred|par\n|move|p1a: Mordred|Defog|p2a: TWINKATON\n|-unboost|p2a: TWINKATON|evasion|1\n|-sideend|p1: VanhominTest|Stealth Rock|[from] move: Defog|[of] p1a: Mordred\n|\n|-sideend|p1: VanhominTest|move: Aurora Veil\n|upkeep\n|turn|9\n|\n|t:|1700926271\n|move|p2a: TWINKATON|Stealth Rock|p1a: Mordred\n|-sidestart|p1: VanhominTest|move: Stealth Rock\n|cant|p1a: Mordred|par\n|\n|upkeep\n|turn|10\n|\n|t:|1700926279\n|move|p2a: TWINKATON|Thunder Wave|p1a: Mordred|[miss]\n|-miss|p2a: TWINKATON|p1a: Mordred\n|move|p1a: Mordred|Defog|p2a: TWINKATON\n|-unboost|p2a: TWINKATON|evasion|1\n|-sideend|p1: VanhominTest|Stealth Rock|[from] move: Defog|[of] p1a: Mordred\n|\n|upkeep\n|turn|11\n|\n|t:|1700926286\n|move|p2a: TWINKATON|Stealth Rock|p1a: Mordred\n|-sidestart|p1: VanhominTest|move: Stealth Rock\n|move|p1a: Mordred|U-turn|p2a: TWINKATON\n|-resisted|p2a: TWINKATON\n|-damage|p2a: TWINKATON|81\/100\n|-enditem|p2a: TWINKATON|Air Balloon\n|-enditem|p1a: Mordred|Rocky Helmet|[silent]|[from] ability: Pickpocket|[of] p1a: Mordred\n|-item|p2a: TWINKATON|Rocky Helmet|[from] ability: Pickpocket|[of] p1a: Mordred\n|\n|t:|1700926289\n|switch|p1a: Enamorus|Enamorus, F|100\/100|[from] U-turn\n|-damage|p1a: Enamorus|76\/100|[from] Stealth Rock\n|\n|-heal|p1a: Enamorus|82\/100|[from] item: Leftovers\n|upkeep\n|turn|12\n|\n|t:|1700926317\n|-terastallize|p2a: TWINKATON|Water\n|move|p1a: Enamorus|Substitute|p1a: Enamorus\n|-start|p1a: Enamorus|Substitute\n|-damage|p1a: Enamorus|57\/100\n|move|p2a: TWINKATON|Thunder Wave||[still]\n|-fail|p2a: TWINKATON\n|\n|-heal|p1a: Enamorus|63\/100|[from] item: Leftovers\n|upkeep\n|turn|13\n|\n|t:|1700926326\n|move|p1a: Enamorus|Moonblast|p2a: TWINKATON\n|-damage|p2a: TWINKATON|37\/100\n|move|p2a: TWINKATON|Play Rough|p1a: Enamorus|[miss]\n|-miss|p2a: TWINKATON|p1a: Enamorus\n|\n|-heal|p1a: Enamorus|69\/100|[from] item: Leftovers\n|upkeep\n|turn|14\n|\n|t:|1700926334\n|move|p1a: Enamorus|Moonblast|p2a: TWINKATON\n|-damage|p2a: TWINKATON|0 fnt\n|faint|p2a: TWINKATON\n|\n|-heal|p1a: Enamorus|76\/100|[from] item: Leftovers\n|upkeep\n|\n|t:|1700926341\n|switch|p2a: Ogerpon|Ogerpon-Wellspring, F|100\/100\n|turn|15\n|\n|t:|1700926347\n|move|p2a: Ogerpon|Ivy Cudgel|p1a: Enamorus|[anim] Ivy Cudgel Water\n|-end|p1a: Enamorus|Substitute\n|move|p1a: Enamorus|Moonblast|p2a: Ogerpon\n|-damage|p2a: Ogerpon|42\/100\n|\n|-heal|p1a: Enamorus|82\/100|[from] item: Leftovers\n|upkeep\n|turn|16\n|\n|t:|1700926355\n|switch|p1a: Mordred|Corviknight, M|97\/100 par\n|-damage|p1a: Mordred|84\/100 par|[from] Stealth Rock\n|-ability|p1a: Mordred|Pressure\n|move|p2a: Ogerpon|Ivy Cudgel|p1a: Mordred|[anim] Ivy Cudgel Water\n|-damage|p1a: Mordred|50\/100 par\n|\n|upkeep\n|turn|17\n|\n|t:|1700926370\n|move|p2a: Ogerpon|U-turn|p1a: Mordred\n|-resisted|p1a: Mordred\n|-damage|p1a: Mordred|46\/100 par\n|\n|t:|1700926385\n|switch|p2a: Dragapult|Dragapult, F|100\/100|[from] U-turn\n|move|p1a: Mordred|Roost|p1a: Mordred\n|-heal|p1a: Mordred|96\/100 par\n|-singleturn|p1a: Mordred|move: Roost\n|\n|upkeep\n|turn|18\n|\n|t:|1700926392\n|move|p2a: Dragapult|Thunderbolt|p1a: Mordred\n|-supereffective|p1a: Mordred\n|-damage|p1a: Mordred|21\/100 par\n|move|p1a: Mordred|Defog|p2a: Dragapult\n|-fail|p2a: Dragapult|unboost|[from] ability: Clear Body|[of] p2a: Dragapult\n|-sideend|p1: VanhominTest|Stealth Rock|[from] move: Defog|[of] p1a: Mordred\n|\n|upkeep\n|turn|19\n|\n|t:|1700926421\n|switch|p1a: Recursion|Ditto|100\/100\n|-transform|p1a: Recursion|p2a: Dragapult|[from] ability: Imposter\n|move|p2a: Dragapult|Thunderbolt|p1a: Recursion\n|-resisted|p1a: Recursion\n|-damage|p1a: Recursion|75\/100\n|\n|upkeep\n|turn|20\n|\n|t:|1700926450\n|switch|p2a: Iron Moth|Iron Moth|100\/100\n|-enditem|p2a: Iron Moth|Booster Energy\n|-activate|p2a: Iron Moth|ability: Quark Drive|[fromitem]\n|-start|p2a: Iron Moth|quarkdrivespe\n|move|p1a: Recursion|Draco Meteor|p2a: Iron Moth\n|-damage|p2a: Iron Moth|38\/100\n|-unboost|p1a: Recursion|spa|2\n|\n|upkeep\n|turn|21\n|\n|t:|1700926461\n|switch|p1a: Catalyst|Garganacl, M|100\/100\n|move|p2a: Iron Moth|Dazzling Gleam|p1a: Catalyst\n|-damage|p1a: Catalyst|81\/100\n|\n|-heal|p1a: Catalyst|88\/100|[from] item: Leftovers\n|upkeep\n|turn|22\n|\n|t:|1700926475\n|-end|p2a: Iron Moth|Quark Drive|[silent]\n|switch|p2a: Dragapult|Dragapult, F|100\/100\n|move|p1a: Catalyst|Salt Cure|p2a: Dragapult\n|-damage|p2a: Dragapult|82\/100\n|-start|p2a: Dragapult|Salt Cure\n|\n|-heal|p1a: Catalyst|94\/100|[from] item: Leftovers\n|-damage|p2a: Dragapult|69\/100|[from] Salt Cure\n|upkeep\n|turn|23\n|\n|t:|1700926484\n|move|p2a: Dragapult|Draco Meteor|p1a: Catalyst\n|-damage|p1a: Catalyst|33\/100\n|-unboost|p2a: Dragapult|spa|2\n|move|p1a: Catalyst|Recover|p1a: Catalyst\n|-heal|p1a: Catalyst|83\/100\n|\n|-heal|p1a: Catalyst|89\/100|[from] item: Leftovers\n|-damage|p2a: Dragapult|57\/100|[from] Salt Cure\n|upkeep\n|turn|24\n|\n|t:|1700926495\n|switch|p2a: Iron Jugulis|Iron Jugulis|100\/100\n|-enditem|p2a: Iron Jugulis|Booster Energy\n|-activate|p2a: Iron Jugulis|ability: Quark Drive|[fromitem]\n|-start|p2a: Iron Jugulis|quarkdrivespe\n|move|p1a: Catalyst|Salt Cure|p2a: Iron Jugulis\n|-supereffective|p2a: Iron Jugulis\n|-damage|p2a: Iron Jugulis|68\/100\n|-start|p2a: Iron Jugulis|Salt Cure\n|\n|-heal|p1a: Catalyst|95\/100|[from] item: Leftovers\n|-damage|p2a: Iron Jugulis|55\/100|[from] Salt Cure\n|upkeep\n|turn|25\n|\n|t:|1700926507\n|move|p2a: Iron Jugulis|Taunt|p1a: Catalyst\n|-start|p1a: Catalyst|move: Taunt\n|move|p1a: Catalyst|Salt Cure|p2a: Iron Jugulis\n|-supereffective|p2a: Iron Jugulis\n|-damage|p2a: Iron Jugulis|21\/100\n|\n|-heal|p1a: Catalyst|100\/100|[from] item: Leftovers\n|-damage|p2a: Iron Jugulis|8\/100|[from] Salt Cure\n|upkeep\n|turn|26\n|\n|t:|1700926516\n|move|p2a: Iron Jugulis|Knock Off|p1a: Catalyst\n|-damage|p1a: Catalyst|81\/100\n|-enditem|p1a: Catalyst|Leftovers|[from] move: Knock Off|[of] p2a: Iron Jugulis\n|move|p1a: Catalyst|Salt Cure|p2a: Iron Jugulis\n|-supereffective|p2a: Iron Jugulis\n|-damage|p2a: Iron Jugulis|0 fnt\n|faint|p2a: Iron Jugulis\n|-end|p2a: Iron Jugulis|Quark Drive|[silent]\n|\n|upkeep\n|\n|t:|1700926523\n|switch|p2a: Ogerpon|Ogerpon-Wellspring, F|42\/100\n|turn|27\n|\n|t:|1700926530\n|switch|p1a: Mordred|Corviknight, M|21\/100 par\n|-ability|p1a: Mordred|Pressure\n|move|p2a: Ogerpon|Horn Leech|p1a: Mordred\n|-resisted|p1a: Mordred\n|-damage|p1a: Mordred|15\/100 par\n|-heal|p2a: Ogerpon|47\/100|[from] drain|[of] p1a: Mordred\n|\n|upkeep\n|turn|28\n|\n|t:|1700926538\n|move|p2a: Ogerpon|Ivy Cudgel|p1a: Mordred|[anim] Ivy Cudgel Water\n|-damage|p1a: Mordred|0 fnt\n|faint|p1a: Mordred\n|\n|upkeep\n|\n|t:|1700926540\n|switch|p1a: Lokix|Lokix, M|100\/100\n|turn|29\n|\n|t:|1700926555\n|switch|p2a: Iron Moth|Iron Moth|38\/100\n|move|p1a: Lokix|Sucker Punch||[still]\n|-fail|p1a: Lokix\n|\n|upkeep\n|turn|30\n|\n|t:|1700926563\n|move|p1a: Lokix|Sucker Punch|p2a: Iron Moth\n|-damage|p2a: Iron Moth|0 fnt\n|faint|p2a: Iron Moth\n|-end|p2a: Iron Moth|Quark Drive|[silent]\n|\n|upkeep\n|\n|t:|1700926568\n|switch|p2a: Great Tusk|Great Tusk|100\/100\n|-enditem|p2a: Great Tusk|Booster Energy\n|-activate|p2a: Great Tusk|ability: Protosynthesis|[fromitem]\n|-start|p2a: Great Tusk|protosynthesisspe\n|turn|31\n|\n|t:|1700926587\n|move|p2a: Great Tusk|Bulk Up|p2a: Great Tusk\n|-boost|p2a: Great Tusk|atk|1\n|-boost|p2a: Great Tusk|def|1\n|move|p1a: Lokix|U-turn|p2a: Great Tusk\n|-resisted|p2a: Great Tusk\n|-damage|p2a: Great Tusk|87\/100\n|\n|t:|1700926597\n|switch|p1a: Enamorus|Enamorus, F|82\/100|[from] U-turn\n|\n|-heal|p1a: Enamorus|88\/100|[from] item: Leftovers\n|upkeep\n|turn|32\n|\n|t:|1700926603\n|-terastallize|p1a: Enamorus|Fairy\n|move|p2a: Great Tusk|Ice Spinner|p1a: Enamorus\n|-damage|p1a: Enamorus|32\/100\n|move|p1a: Enamorus|Moonblast|p2a: Great Tusk\n|-supereffective|p2a: Great Tusk\n|-damage|p2a: Great Tusk|0 fnt\n|faint|p2a: Great Tusk\n|-end|p2a: Great Tusk|Protosynthesis|[silent]\n|\n|-heal|p1a: Enamorus|39\/100|[from] item: Leftovers\n|upkeep\n|\n|t:|1700926613\n|switch|p2a: Ogerpon|Ogerpon-Wellspring, F|47\/100\n|turn|33\n|\n|t:|1700926618\n|move|p2a: Ogerpon|Ivy Cudgel|p1a: Enamorus|[anim] Ivy Cudgel Water\n|-damage|p1a: Enamorus|0 fnt\n|faint|p1a: Enamorus\n|\n|upkeep\n|\n|t:|1700926624\n|switch|p1a: Recursion|Ditto|75\/100\n|-transform|p1a: Recursion|p2a: Ogerpon|[from] ability: Imposter\n|turn|34\n|c|\u2606C0balt_375|Gg\n|\n|t:|1700926632\n|switch|p2a: Dragapult|Dragapult, F|57\/100\n|move|p1a: Recursion|Horn Leech|p2a: Dragapult\n|-resisted|p2a: Dragapult\n|-damage|p2a: Dragapult|32\/100\n|-heal|p1a: Recursion|88\/100|[from] drain|[of] p2a: Dragapult\n|\n|upkeep\n|turn|35\n|\n|t:|1700926640\n|switch|p1a: Giiwedin|Ninetales-Alola, F|100\/100 par\n|-weather|Snow|[from] ability: Snow Warning|[of] p1a: Giiwedin\n|move|p2a: Dragapult|Draco Meteor|p1a: Giiwedin\n|-immune|p1a: Giiwedin\n|\n|-weather|Snow|[upkeep]\n|upkeep\n|turn|36\n|\n|t:|1700926643\n|switch|p2a: Ogerpon|Ogerpon-Wellspring, F|47\/100\n|move|p1a: Giiwedin|Freeze-Dry|p2a: Ogerpon\n|-supereffective|p2a: Ogerpon\n|-damage|p2a: Ogerpon|0 fnt\n|faint|p2a: Ogerpon\n|\n|-weather|Snow|[upkeep]\n|upkeep\n|\n|t:|1700926645\n|switch|p2a: Dragapult|Dragapult, F|32\/100\n|turn|37\n|\n|t:|1700926648\n|move|p2a: Dragapult|Shadow Ball|p1a: Giiwedin\n|-damage|p1a: Giiwedin|51\/100 par\n|move|p1a: Giiwedin|Moonblast|p2a: Dragapult\n|-supereffective|p2a: Dragapult\n|-damage|p2a: Dragapult|0 fnt\n|faint|p2a: Dragapult\n|\n|win|VanhominTest\n|raw|VanhominTest's rating: 1437 &rarr; <strong>1454<\/strong><br \/>(+17 for winning)\n|raw|C0balt_375's rating: 1389 &rarr; <strong>1372<\/strong><br \/>(-17 for losing)\n|l|\u2606C0balt_375\n","uploadtime":1700926657,"views":3,"p1id":"vanhomintest","p2id":"c0balt375","formatid":"gen9ou","rating":1372,"private":0,"password":""}