{"id":"gen9ou-1993354385","p1":"deetznutzzzz","p2":"angelvaldes","format":"[Gen 9] OU","log":"|j|\u203ddeetznutzzzz\n|j|\u2606angelvaldes\n|t:|1700304628\n|gametype|singles\n|player|p1|deetznutzzzz|1|1287\n|player|p2|angelvaldes|roxie|1370\n|teamsize|p1|6\n|teamsize|p2|6\n|gen|9\n|tier|[Gen 9] OU\n|rated|\n|rule|Sleep Clause Mod: Limit one foe put to sleep\n|rule|Species Clause: Limit one of each Pok\u00e9mon\n|rule|OHKO Clause: OHKO moves are banned\n|rule|Evasion Items Clause: Evasion items are banned\n|rule|Evasion Moves Clause: Evasion moves are banned\n|rule|Endless Battle Clause: Forcing endless battles is banned\n|rule|HP Percentage Mod: HP is shown in percentages\n|clearpoke\n|poke|p1|Fezandipiti, M|\n|poke|p1|Walking Wake|\n|poke|p1|Cinderace, F|\n|poke|p1|Empoleon, M|\n|poke|p1|Landorus-Therian, M|\n|poke|p1|Great Tusk|\n|poke|p2|Kingambit, M|\n|poke|p2|Glimmora, F|\n|poke|p2|Zamazenta-*|\n|poke|p2|Iron Valiant|\n|poke|p2|Iron Moth|\n|poke|p2|Ogerpon-Wellspring, F|\n|teampreview\n|inactive|Battle timer is ON: inactive players will automatically lose when time's up. (requested by angelvaldes)\n|\n|t:|1700304633\n|start\n|switch|p1a: Landorus|Landorus-Therian, M|100\/100\n|switch|p2a: Glimmora|Glimmora, F|100\/100\n|-ability|p1a: Landorus|Intimidate|boost\n|-unboost|p2a: Glimmora|atk|1\n|turn|1\n|\n|t:|1700304642\n|move|p2a: Glimmora|Stealth Rock|p1a: Landorus\n|-sidestart|p1: deetznutzzzz|move: Stealth Rock\n|move|p1a: Landorus|Bulk Up|p1a: Landorus\n|-boost|p1a: Landorus|atk|1\n|-boost|p1a: Landorus|def|1\n|\n|upkeep\n|turn|2\n|\n|t:|1700304648\n|move|p2a: Glimmora|Power Gem|p1a: Landorus\n|-damage|p1a: Landorus|67\/100\n|move|p1a: Landorus|Earthquake|p2a: Glimmora\n|-supereffective|p2a: Glimmora\n|-enditem|p2a: Glimmora|Focus Sash\n|-damage|p2a: Glimmora|1\/100\n|-activate|p2a: Glimmora|ability: Toxic Debris\n|-sidestart|p1: deetznutzzzz|move: Toxic Spikes\n|\n|-heal|p1a: Landorus|73\/100|[from] item: Leftovers\n|upkeep\n|turn|3\n|\n|t:|1700304662\n|move|p2a: Glimmora|Power Gem|p1a: Landorus\n|-damage|p1a: Landorus|44\/100\n|move|p1a: Landorus|Earthquake|p2a: Glimmora\n|-supereffective|p2a: Glimmora\n|-damage|p2a: Glimmora|0 fnt\n|-activate|p2a: Glimmora|ability: Toxic Debris\n|-sidestart|p1: deetznutzzzz|move: Toxic Spikes\n|faint|p2a: Glimmora\n|\n|-heal|p1a: Landorus|50\/100|[from] item: Leftovers\n|upkeep\n|\n|t:|1700304667\n|switch|p2a: Ogerpon|Ogerpon-Wellspring, F|100\/100\n|turn|4\n|\n|t:|1700304675\n|-terastallize|p1a: Landorus|Water\n|move|p2a: Ogerpon|Ivy Cudgel|p1a: Landorus|[anim] Ivy Cudgel Water\n|-resisted|p1a: Landorus\n|-damage|p1a: Landorus|30\/100\n|move|p1a: Landorus|U-turn|p2a: Ogerpon\n|-supereffective|p2a: Ogerpon\n|-damage|p2a: Ogerpon|13\/100\n|\n|t:|1700304684\n|switch|p1a: Cinderace|Cinderace, F|100\/100|[from] U-turn\n|\n|upkeep\n|turn|5\n|\n|t:|1700304696\n|move|p1a: Cinderace|Court Change|p1a: Cinderace\n|-start|p1a: Cinderace|typechange|Normal|[from] ability: Libero\n|-swapsideconditions\n|-activate|p1a: Cinderace|move: Court Change\n|move|p2a: Ogerpon|Knock Off|p1a: Cinderace\n|-damage|p1a: Cinderace|46\/100\n|-enditem|p1a: Cinderace|Heavy-Duty Boots|[from] move: Knock Off|[of] p2a: Ogerpon\n|\n|upkeep\n|turn|6\n|\n|t:|1700304704\n|move|p1a: Cinderace|U-turn|p2a: Ogerpon\n|-supereffective|p2a: Ogerpon\n|-damage|p2a: Ogerpon|0 fnt\n|faint|p2a: Ogerpon\n|\n|t:|1700304709\n|switch|p1a: Landorus|Landorus-Therian, M, tera:Water|30\/100|[from] U-turn\n|\n|-heal|p1a: Landorus|36\/100|[from] item: Leftovers\n|upkeep\n|\n|t:|1700304726\n|switch|p2a: Kingambit|Kingambit, M, shiny|100\/100\n|-damage|p2a: Kingambit|94\/100|[from] Stealth Rock\n|-activate|p2a: Kingambit|ability: Supreme Overlord\n|-start|p2a: Kingambit|fallen2|[silent]\n|turn|7\n|\n|t:|1700304735\n|switch|p1a: Great Tusk|Great Tusk|100\/100\n|-terastallize|p2a: Kingambit|Flying\n|move|p2a: Kingambit|Swords Dance|p2a: Kingambit\n|-boost|p2a: Kingambit|atk|2\n|\n|upkeep\n|turn|8\n|\n|t:|1700304743\n|move|p1a: Great Tusk|Knock Off|p2a: Kingambit\n|-damage|p2a: Kingambit|68\/100\n|-enditem|p2a: Kingambit|Black Glasses|[from] move: Knock Off|[of] p1a: Great Tusk\n|move|p2a: Kingambit|Swords Dance|p2a: Kingambit\n|-boost|p2a: Kingambit|atk|2\n|\n|upkeep\n|turn|9\n|\n|t:|1700304754\n|move|p1a: Great Tusk|Rapid Spin|p2a: Kingambit\n|-damage|p2a: Kingambit|54\/100\n|-boost|p1a: Great Tusk|spe|1\n|move|p2a: Kingambit|Iron Head|p1a: Great Tusk\n|-damage|p1a: Great Tusk|17\/100\n|\n|-heal|p1a: Great Tusk|23\/100|[from] item: Leftovers\n|upkeep\n|turn|10\n|\n|t:|1700304764\n|move|p2a: Kingambit|Sucker Punch||[still]\n|-fail|p2a: Kingambit\n|move|p1a: Great Tusk|Stealth Rock||[still]\n|-fail|p1a: Great Tusk\n|\n|-heal|p1a: Great Tusk|30\/100|[from] item: Leftovers\n|upkeep\n|turn|11\n|\n|t:|1700304770\n|move|p2a: Kingambit|Sucker Punch|p1a: Great Tusk\n|-resisted|p1a: Great Tusk\n|-crit|p1a: Great Tusk\n|-damage|p1a: Great Tusk|0 fnt\n|faint|p1a: Great Tusk\n|-end|p1a: Great Tusk|Protosynthesis|[silent]\n|\n|upkeep\n|\n|t:|1700304776\n|switch|p1a: Landorus|Landorus-Therian, M, tera:Water|36\/100\n|-ability|p1a: Landorus|Intimidate|boost\n|-unboost|p2a: Kingambit|atk|1\n|turn|12\n|\n|t:|1700304783\n|switch|p1a: Cinderace|Cinderace, F|46\/100\n|move|p2a: Kingambit|Kowtow Cleave|p1a: Cinderace\n|-damage|p1a: Cinderace|0 fnt\n|faint|p1a: Cinderace\n|\n|upkeep\n|\n|t:|1700304791\n|switch|p1a: Fezandipiti|Fezandipiti, M|100\/100\n|turn|13\n|\n|t:|1700304798\n|move|p1a: Fezandipiti|Sludge Bomb|p2a: Kingambit\n|-damage|p2a: Kingambit|15\/100\n|move|p2a: Kingambit|Iron Head|p1a: Fezandipiti\n|-supereffective|p1a: Fezandipiti\n|-damage|p1a: Fezandipiti|0 fnt\n|faint|p1a: Fezandipiti\n|\n|upkeep\n|\n|t:|1700304805\n|switch|p1a: Landorus|Landorus-Therian, M, tera:Water|36\/100\n|-ability|p1a: Landorus|Intimidate|boost\n|-unboost|p2a: Kingambit|atk|1\n|turn|14\n|\n|t:|1700304809\n|switch|p1a: Empoleon|Empoleon, M|100\/100\n|move|p2a: Kingambit|Sucker Punch||[still]\n|-fail|p2a: Kingambit\n|\n|upkeep\n|turn|15\n|\n|t:|1700304815\n|move|p2a: Kingambit|Sucker Punch|p1a: Empoleon\n|-damage|p1a: Empoleon|1\/100\n|move|p1a: Empoleon|Surf|p2a: Kingambit\n|-damage|p2a: Kingambit|0 fnt\n|faint|p2a: Kingambit\n|-end|p2a: Kingambit|fallen2|[silent]\n|\n|-heal|p1a: Empoleon|7\/100|[from] item: Leftovers\n|upkeep\n|\n|t:|1700304820\n|switch|p2a: Iron Valiant|Iron Valiant, shiny|100\/100\n|-damage|p2a: Iron Valiant|94\/100|[from] Stealth Rock\n|-status|p2a: Iron Valiant|tox\n|-enditem|p2a: Iron Valiant|Booster Energy\n|-activate|p2a: Iron Valiant|ability: Quark Drive|[fromitem]\n|-start|p2a: Iron Valiant|quarkdrivespe\n|turn|16\n|\n|t:|1700304830\n|move|p2a: Iron Valiant|Aura Sphere|p1a: Empoleon\n|-supereffective|p1a: Empoleon\n|-damage|p1a: Empoleon|0 fnt\n|faint|p1a: Empoleon\n|\n|-damage|p2a: Iron Valiant|88\/100 tox|[from] psn\n|upkeep\n|\n|t:|1700304837\n|switch|p1a: Landorus|Landorus-Therian, M, tera:Water|36\/100\n|-ability|p1a: Landorus|Intimidate|boost\n|-unboost|p2a: Iron Valiant|atk|1\n|turn|17\n|\n|t:|1700304841\n|move|p2a: Iron Valiant|Moonblast|p1a: Landorus\n|-damage|p1a: Landorus|4\/100\n|move|p1a: Landorus|Earthquake|p2a: Iron Valiant\n|-damage|p2a: Iron Valiant|25\/100 tox\n|\n|-heal|p1a: Landorus|10\/100|[from] item: Leftovers\n|-damage|p2a: Iron Valiant|12\/100 tox|[from] psn\n|upkeep\n|turn|18\n|\n|t:|1700304850\n|move|p2a: Iron Valiant|Moonblast|p1a: Landorus\n|-damage|p1a: Landorus|0 fnt\n|faint|p1a: Landorus\n|\n|-damage|p2a: Iron Valiant|0 fnt|[from] psn\n|faint|p2a: Iron Valiant\n|-end|p2a: Iron Valiant|Quark Drive|[silent]\n|upkeep\n|\n|t:|1700304856\n|switch|p2a: Iron Moth|Iron Moth|100\/100\n|switch|p1a: Walking Wake|Walking Wake|100\/100\n|-damage|p2a: Iron Moth|76\/100|[from] Stealth Rock\n|-sideend|p2: angelvaldes|move: Toxic Spikes|[of] p2a: Iron Moth\n|-enditem|p2a: Iron Moth|Booster Energy\n|-activate|p2a: Iron Moth|ability: Quark Drive|[fromitem]\n|-start|p2a: Iron Moth|quarkdrivespe\n|turn|19\n|\n|t:|1700304864\n|move|p2a: Iron Moth|Dazzling Gleam|p1a: Walking Wake\n|-supereffective|p1a: Walking Wake\n|-damage|p1a: Walking Wake|56\/100\n|move|p1a: Walking Wake|Hydro Steam|p2a: Iron Moth\n|-supereffective|p2a: Iron Moth\n|-damage|p2a: Iron Moth|0 fnt\n|faint|p2a: Iron Moth\n|-end|p2a: Iron Moth|Quark Drive|[silent]\n|\n|upkeep\n|\n|t:|1700304867\n|switch|p2a: Zamazenta|Zamazenta|100\/100\n|-damage|p2a: Zamazenta|94\/100|[from] Stealth Rock\n|-ability|p2a: Zamazenta|Dauntless Shield|boost\n|-boost|p2a: Zamazenta|def|1\n|turn|20\n|\n|t:|1700304876\n|move|p2a: Zamazenta|Body Press|p1a: Walking Wake\n|-damage|p1a: Walking Wake|0 fnt\n|faint|p1a: Walking Wake\n|-end|p1a: Walking Wake|Protosynthesis|[silent]\n|\n|win|angelvaldes\n|raw|deetznutzzzz's rating: 1287 &rarr; <strong>1268<\/strong><br \/>(-19 for losing)\n|raw|angelvaldes's rating: 1370 &rarr; <strong>1385<\/strong><br \/>(+15 for winning)\n|c|\u2606angelvaldes|gg\n","uploadtime":1700304912,"views":9,"p1id":"deetznutzzzz","p2id":"angelvaldes","formatid":"gen9ou","rating":1268,"private":0,"password":""}