{"id":"gen9ou-2000519181","p1":"Ethanr2000","p2":"HicHac","format":"[Gen 9] OU","log":"|j|\u2606Ethanr2000\n|j|\u2606HicHac\n|t:|1701201643\n|gametype|singles\n|player|p1|Ethanr2000|ethan|1248\n|player|p2|HicHac|102|1307\n|teamsize|p1|6\n|teamsize|p2|6\n|gen|9\n|tier|[Gen 9] OU\n|rated|\n|rule|Sleep Clause Mod: Limit one foe put to sleep\n|rule|Species Clause: Limit one of each Pok\u00e9mon\n|rule|OHKO Clause: OHKO moves are banned\n|rule|Evasion Items Clause: Evasion items are banned\n|rule|Evasion Moves Clause: Evasion moves are banned\n|rule|Endless Battle Clause: Forcing endless battles is banned\n|rule|HP Percentage Mod: HP is shown in percentages\n|clearpoke\n|poke|p1|Cinderace, F|\n|poke|p1|Gholdengo|\n|poke|p1|Ogerpon-Wellspring, F|\n|poke|p1|Great Tusk|\n|poke|p1|Clefable, F|\n|poke|p1|Dragonite, M|\n|poke|p2|Ogerpon-Cornerstone, F|\n|poke|p2|Mamoswine, F|\n|poke|p2|Great Tusk|\n|poke|p2|Iron Moth|\n|poke|p2|Slowking-Galar, M|\n|poke|p2|Thundurus-Therian, M|\n|teampreview\n|inactive|Battle timer is ON: inactive players will automatically lose when time's up. (requested by Ethanr2000)\n|\n|t:|1701201668\n|start\n|switch|p1a: Cinderace|Cinderace, F|100\/100\n|switch|p2a: Thundurus|Thundurus-Therian, M|100\/100\n|turn|1\n|\n|t:|1701201676\n|move|p1a: Cinderace|Pyro Ball|p2a: Thundurus\n|-damage|p2a: Thundurus|15\/100\n|move|p2a: Thundurus|Volt Switch|p1a: Cinderace\n|-damage|p1a: Cinderace|41\/100\n|\n|t:|1701201694\n|switch|p2a: Great Tusk|Great Tusk|100\/100|[from] Volt Switch\n|\n|upkeep\n|turn|2\n|\n|t:|1701201702\n|move|p1a: Cinderace|U-turn|p2a: Great Tusk\n|-start|p1a: Cinderace|typechange|Bug|[from] ability: Libero\n|-resisted|p2a: Great Tusk\n|-damage|p2a: Great Tusk|93\/100\n|\n|t:|1701201711\n|switch|p1a: Clefable|Clefable, F|100\/100|[from] U-turn\n|move|p2a: Great Tusk|Knock Off|p1a: Clefable\n|-resisted|p1a: Clefable\n|-damage|p1a: Clefable|89\/100\n|-enditem|p1a: Clefable|Leftovers|[from] move: Knock Off|[of] p2a: Great Tusk\n|\n|-heal|p2a: Great Tusk|99\/100|[from] item: Leftovers\n|upkeep\n|turn|3\n|\n|t:|1701201718\n|-end|p2a: Great Tusk|Protosynthesis|[silent]\n|switch|p2a: Slowking|Slowking-Galar, M|100\/100\n|move|p1a: Clefable|Moonblast|p2a: Slowking\n|-resisted|p2a: Slowking\n|-damage|p2a: Slowking|91\/100\n|\n|upkeep\n|turn|4\n|\n|t:|1701201725\n|switch|p1a: Gholdengo|Gholdengo|100\/100\n|move|p2a: Slowking|Chilly Reception|p2a: Slowking\n|-weather|Snow\n|\n|t:|1701201733\n|switch|p2a: Thundurus|Thundurus-Therian, M|15\/100|[from] Chilly Reception\n|\n|-weather|Snow|[upkeep]\n|upkeep\n|turn|5\n|\n|t:|1701201738\n|move|p2a: Thundurus|Volt Switch|p1a: Gholdengo\n|-damage|p1a: Gholdengo|56\/100\n|\n|t:|1701201751\n|switch|p2a: Slowking|Slowking-Galar, M|100\/100|[from] Volt Switch\n|move|p1a: Gholdengo|Shadow Ball|p2a: Slowking\n|-supereffective|p2a: Slowking\n|-crit|p2a: Slowking\n|-damage|p2a: Slowking|24\/100\n|-unboost|p2a: Slowking|spd|1\n|\n|-weather|Snow|[upkeep]\n|upkeep\n|turn|6\n|\n|t:|1701201760\n|move|p1a: Gholdengo|Shadow Ball|p2a: Slowking\n|-supereffective|p2a: Slowking\n|-damage|p2a: Slowking|0 fnt\n|faint|p2a: Slowking\n|\n|-weather|Snow|[upkeep]\n|upkeep\n|\n|t:|1701201764\n|switch|p2a: Iron Moth|Iron Moth|100\/100\n|-enditem|p2a: Iron Moth|Booster Energy\n|-activate|p2a: Iron Moth|ability: Quark Drive|[fromitem]\n|-start|p2a: Iron Moth|quarkdrivespe\n|turn|7\n|\n|t:|1701201784\n|switch|p1a: Great Tusk|Great Tusk|100\/100\n|-enditem|p1a: Great Tusk|Booster Energy\n|-activate|p1a: Great Tusk|ability: Protosynthesis|[fromitem]\n|-start|p1a: Great Tusk|protosynthesisatk\n|move|p2a: Iron Moth|Fiery Dance|p1a: Great Tusk\n|-damage|p1a: Great Tusk|38\/100\n|-boost|p2a: Iron Moth|spa|1\n|\n|-weather|Snow|[upkeep]\n|upkeep\n|turn|8\n|\n|t:|1701201798\n|move|p2a: Iron Moth|Fiery Dance|p1a: Great Tusk\n|-damage|p1a: Great Tusk|0 fnt\n|faint|p1a: Great Tusk\n|-end|p1a: Great Tusk|Protosynthesis|[silent]\n|\n|-weather|none\n|upkeep\n|\n|t:|1701201809\n|switch|p1a: Ogerpon|Ogerpon-Wellspring, F|100\/100\n|turn|9\n|\n|t:|1701201827\n|-terastallize|p2a: Iron Moth|Fairy\n|-terastallize|p1a: Ogerpon|Water\n|detailschange|p1a: Ogerpon|Ogerpon-Wellspring-Tera, F, tera:Water\n|-ability|p1a: Ogerpon|Embody Aspect (Wellspring)|boost\n|-boost|p1a: Ogerpon|spd|1\n|move|p2a: Iron Moth|Dazzling Gleam|p1a: Ogerpon\n|-damage|p1a: Ogerpon|50\/100\n|move|p1a: Ogerpon|Ivy Cudgel|p2a: Iron Moth|[anim] Ivy Cudgel Water\n|-damage|p2a: Iron Moth|0 fnt\n|faint|p2a: Iron Moth\n|-end|p2a: Iron Moth|Quark Drive|[silent]\n|\n|upkeep\n|\n|t:|1701201841\n|switch|p2a: Ogerpon|Ogerpon-Cornerstone, F|100\/100\n|turn|10\n|\n|t:|1701201845\n|move|p2a: Ogerpon|Trailblaze|p1a: Ogerpon\n|-supereffective|p1a: Ogerpon\n|-damage|p1a: Ogerpon|0 fnt\n|-boost|p2a: Ogerpon|spe|1\n|faint|p1a: Ogerpon\n|\n|upkeep\n|\n|t:|1701201858\n|switch|p1a: Dragonite|Dragonite, M|100\/100\n|turn|11\n|\n|t:|1701201868\n|move|p2a: Ogerpon|Ivy Cudgel|p1a: Dragonite|[anim] Ivy Cudgel Rock\n|-supereffective|p1a: Dragonite\n|-damage|p1a: Dragonite|41\/100\n|move|p1a: Dragonite|Fire Punch|p2a: Ogerpon\n|-damage|p2a: Ogerpon|48\/100\n|\n|upkeep\n|turn|12\n|\n|t:|1701201877\n|switch|p1a: Clefable|Clefable, F|89\/100\n|move|p2a: Ogerpon|Ivy Cudgel|p1a: Clefable|[anim] Ivy Cudgel Rock\n|-damage|p1a: Clefable|44\/100\n|\n|upkeep\n|turn|13\n|\n|t:|1701201884\n|move|p2a: Ogerpon|Ivy Cudgel|p1a: Clefable|[anim] Ivy Cudgel Rock\n|-damage|p1a: Clefable|0 fnt\n|faint|p1a: Clefable\n|\n|upkeep\n|\n|t:|1701201892\n|switch|p1a: Cinderace|Cinderace, F|41\/100\n|turn|14\n|\n|t:|1701201896\n|switch|p2a: Great Tusk|Great Tusk|99\/100\n|move|p1a: Cinderace|Pyro Ball|p2a: Great Tusk\n|-damage|p2a: Great Tusk|70\/100\n|\n|-heal|p2a: Great Tusk|76\/100|[from] item: Leftovers\n|upkeep\n|turn|15\n|\n|t:|1701201906\n|move|p1a: Cinderace|High Jump Kick|p2a: Great Tusk\n|-start|p1a: Cinderace|typechange|Fighting|[from] ability: Libero\n|-damage|p2a: Great Tusk|48\/100\n|move|p2a: Great Tusk|Knock Off|p1a: Cinderace\n|-resisted|p1a: Cinderace\n|-damage|p1a: Cinderace|19\/100\n|-enditem|p1a: Cinderace|Heavy-Duty Boots|[from] move: Knock Off|[of] p2a: Great Tusk\n|\n|-heal|p2a: Great Tusk|55\/100|[from] item: Leftovers\n|upkeep\n|turn|16\n|\n|t:|1701201916\n|move|p1a: Cinderace|High Jump Kick|p2a: Great Tusk\n|-damage|p2a: Great Tusk|23\/100\n|move|p2a: Great Tusk|Stealth Rock|p1a: Cinderace\n|-sidestart|p1: Ethanr2000|move: Stealth Rock\n|\n|-heal|p2a: Great Tusk|30\/100|[from] item: Leftovers\n|upkeep\n|turn|17\n|\n|t:|1701201921\n|move|p1a: Cinderace|High Jump Kick|p2a: Great Tusk\n|-damage|p2a: Great Tusk|0 fnt\n|faint|p2a: Great Tusk\n|-end|p2a: Great Tusk|Protosynthesis|[silent]\n|\n|upkeep\n|\n|t:|1701201927\n|switch|p2a: Mamoswine|Mamoswine, F|100\/100\n|turn|18\n|\n|t:|1701201931\n|move|p2a: Mamoswine|Ice Shard|p1a: Cinderace\n|-damage|p1a: Cinderace|0 fnt\n|faint|p1a: Cinderace\n|\n|upkeep\n|\n|t:|1701201936\n|switch|p1a: Gholdengo|Gholdengo|56\/100\n|-damage|p1a: Gholdengo|50\/100|[from] Stealth Rock\n|turn|19\n|\n|t:|1701201940\n|switch|p2a: Thundurus|Thundurus-Therian, M|15\/100\n|move|p1a: Gholdengo|Shadow Ball|p2a: Thundurus\n|-damage|p2a: Thundurus|0 fnt\n|faint|p2a: Thundurus\n|\n|upkeep\n|\n|t:|1701201942\n|switch|p2a: Mamoswine|Mamoswine, F|100\/100\n|turn|20\n|\n|t:|1701201949\n|move|p1a: Gholdengo|Make It Rain|p2a: Mamoswine\n|-supereffective|p2a: Mamoswine\n|-damage|p2a: Mamoswine|0 fnt\n|-unboost|p1a: Gholdengo|spa|1\n|faint|p2a: Mamoswine\n|\n|upkeep\n|\n|t:|1701201952\n|switch|p2a: Ogerpon|Ogerpon-Cornerstone, F|48\/100\n|turn|21\n|\n|t:|1701201957\n|move|p2a: Ogerpon|Ivy Cudgel|p1a: Gholdengo|[anim] Ivy Cudgel Rock\n|-resisted|p1a: Gholdengo\n|-crit|p1a: Gholdengo\n|-damage|p1a: Gholdengo|2\/100\n|move|p1a: Gholdengo|Shadow Ball|p2a: Ogerpon\n|-damage|p2a: Ogerpon|12\/100\n|\n|upkeep\n|turn|22\n|\n|t:|1701201965\n|move|p2a: Ogerpon|Trailblaze|p1a: Gholdengo\n|-resisted|p1a: Gholdengo\n|-damage|p1a: Gholdengo|0 fnt\n|-boost|p2a: Ogerpon|spe|1\n|faint|p1a: Gholdengo\n|\n|upkeep\n|\n|t:|1701201967\n|switch|p1a: Dragonite|Dragonite, M|41\/100\n|-damage|p1a: Dragonite|16\/100|[from] Stealth Rock\n|turn|23\n|\n|t:|1701201969\n|move|p1a: Dragonite|Extreme Speed|p2a: Ogerpon\n|-resisted|p2a: Ogerpon\n|-damage|p2a: Ogerpon|0 fnt\n|faint|p2a: Ogerpon\n|\n|win|Ethanr2000\n|raw|Ethanr2000's rating: 1248 &rarr; <strong>1277<\/strong><br \/>(+29 for winning)\n|raw|HicHac's rating: 1307 &rarr; <strong>1284<\/strong><br \/>(-23 for losing)\n|c|\u2606Ethanr2000|Gg\n","uploadtime":1701201991,"views":6,"p1id":"ethanr2000","p2id":"hichac","formatid":"gen9ou","rating":1277,"private":0,"password":""}