{"id":"gen9ou-1999354801","p1":"Hold DEEZNUUTZ","p2":"SebGamer_33","format":"[Gen 9] OU","log":"|j|\u2606Hold DEEZNUUTZ\n|j|\u2606SebGamer_33\n|t:|1701065578\n|gametype|singles\n|player|p1|Hold DEEZNUUTZ|cyclist|1423\n|player|p2|SebGamer_33|266|1417\n|teamsize|p1|6\n|teamsize|p2|6\n|gen|9\n|tier|[Gen 9] OU\n|rated|\n|rule|Sleep Clause Mod: Limit one foe put to sleep\n|rule|Species Clause: Limit one of each Pok\u00e9mon\n|rule|OHKO Clause: OHKO moves are banned\n|rule|Evasion Items Clause: Evasion items are banned\n|rule|Evasion Moves Clause: Evasion moves are banned\n|rule|Endless Battle Clause: Forcing endless battles is banned\n|rule|HP Percentage Mod: HP is shown in percentages\n|clearpoke\n|poke|p1|Corviknight, F|\n|poke|p1|Dragapult, M|\n|poke|p1|Hatterene, F|\n|poke|p1|Chansey, F|\n|poke|p1|Slowking-Galar, M|\n|poke|p1|Weavile, F|\n|poke|p2|Hatterene, F|\n|poke|p2|Landorus-Therian, M|\n|poke|p2|Quaquaval, M|\n|poke|p2|Kingambit, F|\n|poke|p2|Clefable, F|\n|poke|p2|Dragapult, M|\n|teampreview\n|inactive|Battle timer is ON: inactive players will automatically lose when time's up. (requested by Hold DEEZNUUTZ)\n|j| SegaSunnyD\n|\n|t:|1701065593\n|start\n|switch|p1a: Dragapult|Dragapult, M|100\/100\n|switch|p2a: Quaquaval|Quaquaval, M|100\/100\n|turn|1\n|\n|t:|1701065601\n|switch|p2a: Clefable|Clefable, F|100\/100\n|move|p1a: Dragapult|Will-O-Wisp|p2a: Clefable\n|-status|p2a: Clefable|brn\n|\n|-damage|p2a: Clefable|94\/100 brn|[from] brn\n|upkeep\n|turn|2\n|\n|t:|1701065609\n|switch|p1a: Slowking|Slowking-Galar, M|100\/100\n|move|p2a: Clefable|Knock Off|p1a: Slowking\n|-supereffective|p1a: Slowking\n|-damage|p1a: Slowking|85\/100\n|-enditem|p1a: Slowking|Life Orb|[from] move: Knock Off|[of] p2a: Clefable\n|\n|-damage|p2a: Clefable|88\/100 brn|[from] brn\n|upkeep\n|turn|3\n|\n|t:|1701065616\n|switch|p2a: Kingambit|Kingambit, F|100\/100\n|move|p1a: Slowking|Trick Room|p1a: Slowking\n|-fieldstart|move: Trick Room|[of] p1a: Slowking\n|\n|upkeep\n|turn|4\n|\n|t:|1701065623\n|switch|p1a: Corviknight|Corviknight, F|100\/100\n|-ability|p1a: Corviknight|Pressure\n|move|p2a: Kingambit|Kowtow Cleave|p1a: Corviknight\n|-damage|p1a: Corviknight|70\/100\n|\n|-heal|p1a: Corviknight|76\/100|[from] item: Leftovers\n|upkeep\n|turn|5\n|\n|t:|1701065631\n|-end|p2a: Kingambit|fallenundefined|[silent]\n|switch|p2a: Landorus|Landorus-Therian, M|100\/100\n|-ability|p2a: Landorus|Intimidate|boost\n|-unboost|p1a: Corviknight|atk|1\n|move|p1a: Corviknight|Body Press|p2a: Landorus\n|-resisted|p2a: Landorus\n|-damage|p2a: Landorus|91\/100\n|-damage|p1a: Corviknight|59\/100|[from] item: Rocky Helmet|[of] p2a: Landorus\n|\n|-heal|p1a: Corviknight|65\/100|[from] item: Leftovers\n|upkeep\n|turn|6\n|\n|t:|1701065637\n|move|p1a: Corviknight|Roost|p1a: Corviknight\n|-heal|p1a: Corviknight|100\/100\n|-singleturn|p1a: Corviknight|move: Roost\n|move|p2a: Landorus|Stealth Rock|p1a: Corviknight\n|-sidestart|p1: Hold DEEZNUUTZ|move: Stealth Rock\n|\n|upkeep\n|turn|7\n|\n|t:|1701065640\n|move|p1a: Corviknight|Defog|p2a: Landorus\n|-unboost|p2a: Landorus|evasion|1\n|-sideend|p1: Hold DEEZNUUTZ|Stealth Rock|[from] move: Defog|[of] p1a: Corviknight\n|move|p2a: Landorus|Taunt|p1a: Corviknight\n|-start|p1a: Corviknight|move: Taunt\n|\n|-fieldend|move: Trick Room\n|upkeep\n|turn|8\n|\n|t:|1701065647\n|switch|p1a: Dragapult|Dragapult, M|100\/100\n|move|p2a: Landorus|U-turn|p1a: Dragapult\n|-resisted|p1a: Dragapult\n|-damage|p1a: Dragapult|88\/100\n|\n|t:|1701065651\n|switch|p2a: Dragapult|Dragapult, M|100\/100|[from] U-turn\n|\n|-heal|p1a: Dragapult|95\/100|[from] item: Leftovers\n|upkeep\n|turn|9\n|\n|t:|1701065654\n|switch|p1a: Chansey|Chansey, F|100\/100\n|move|p2a: Dragapult|Shadow Ball|p1a: Chansey\n|-immune|p1a: Chansey\n|\n|upkeep\n|turn|10\n|\n|t:|1701065660\n|switch|p2a: Clefable|Clefable, F|88\/100 brn\n|move|p1a: Chansey|Seismic Toss|p2a: Clefable\n|-damage|p2a: Clefable|63\/100 brn\n|\n|-damage|p2a: Clefable|57\/100 brn|[from] brn\n|upkeep\n|turn|11\n|\n|t:|1701065668\n|switch|p1a: Slowking|Slowking-Galar, M|100\/100\n|move|p2a: Clefable|Moonlight|p2a: Clefable\n|-heal|p2a: Clefable|100\/100 brn\n|\n|-damage|p2a: Clefable|94\/100 brn|[from] brn\n|upkeep\n|turn|12\n|\n|t:|1701065674\n|move|p2a: Clefable|Thunder Wave|p1a: Slowking\n|-status|p1a: Slowking|par\n|move|p1a: Slowking|Trick Room|p1a: Slowking\n|-fieldstart|move: Trick Room|[of] p1a: Slowking\n|\n|-damage|p2a: Clefable|88\/100 brn|[from] brn\n|upkeep\n|turn|13\n|\n|t:|1701065683\n|switch|p2a: Kingambit|Kingambit, F|100\/100\n|move|p1a: Slowking|Sludge Bomb|p2a: Kingambit\n|-immune|p2a: Kingambit\n|\n|upkeep\n|turn|14\n|\n|t:|1701065689\n|switch|p1a: Corviknight|Corviknight, F|100\/100\n|-ability|p1a: Corviknight|Pressure\n|move|p2a: Kingambit|Kowtow Cleave|p1a: Corviknight\n|-damage|p1a: Corviknight|73\/100\n|\n|-heal|p1a: Corviknight|79\/100|[from] item: Leftovers\n|upkeep\n|turn|15\n|\n|t:|1701065705\n|-end|p2a: Kingambit|fallenundefined|[silent]\n|switch|p2a: Dragapult|Dragapult, M|100\/100\n|switch|p1a: Chansey|Chansey, F|100\/100\n|\n|upkeep\n|turn|16\n|\n|t:|1701065709\n|switch|p2a: Clefable|Clefable, F|88\/100 brn\n|move|p1a: Chansey|Stealth Rock|p2a: Clefable\n|-sidestart|p2: SebGamer_33|move: Stealth Rock\n|\n|-damage|p2a: Clefable|82\/100 brn|[from] brn\n|-fieldend|move: Trick Room\n|upkeep\n|turn|17\n|\n|t:|1701065721\n|switch|p1a: Slowking|Slowking-Galar, M|100\/100 par\n|move|p2a: Clefable|Knock Off|p1a: Slowking\n|-supereffective|p1a: Slowking\n|-damage|p1a: Slowking|90\/100 par\n|\n|-damage|p2a: Clefable|76\/100 brn|[from] brn\n|upkeep\n|turn|18\n|\n|t:|1701065727\n|switch|p2a: Quaquaval|Quaquaval, M|100\/100\n|-damage|p2a: Quaquaval|94\/100|[from] Stealth Rock\n|move|p1a: Slowking|Sludge Bomb|p2a: Quaquaval\n|-damage|p2a: Quaquaval|35\/100\n|\n|upkeep\n|turn|19\n|\n|t:|1701065736\n|move|p2a: Quaquaval|Aqua Step|p1a: Slowking\n|-damage|p1a: Slowking|34\/100 par\n|-boost|p2a: Quaquaval|spe|1\n|-damage|p2a: Quaquaval|25\/100|[from] item: Life Orb\n|move|p1a: Slowking|Sludge Bomb|p2a: Quaquaval\n|-damage|p2a: Quaquaval|0 fnt\n|faint|p2a: Quaquaval\n|\n|upkeep\n|\n|t:|1701065741\n|switch|p2a: Dragapult|Dragapult, M|100\/100\n|-damage|p2a: Dragapult|88\/100|[from] Stealth Rock\n|turn|20\n|\n|t:|1701065745\n|switch|p1a: Chansey|Chansey, F|100\/100\n|move|p2a: Dragapult|U-turn|p1a: Chansey\n|-damage|p1a: Chansey|90\/100\n|\n|t:|1701065749\n|switch|p2a: Kingambit|Kingambit, F|100\/100|[from] U-turn\n|-damage|p2a: Kingambit|94\/100|[from] Stealth Rock\n|-activate|p2a: Kingambit|ability: Supreme Overlord\n|-start|p2a: Kingambit|fallen1|[silent]\n|\n|upkeep\n|turn|21\n|\n|t:|1701065753\n|move|p2a: Kingambit|Kowtow Cleave|p1a: Chansey\n|-damage|p1a: Chansey|56\/100\n|move|p1a: Chansey|Thunder Wave|p2a: Kingambit\n|-status|p2a: Kingambit|par\n|\n|upkeep\n|turn|22\n|l|\u2606SebGamer_33\n|inactive|SebGamer_33 disconnected and has a minute to reconnect!\n|player|p2|\n|c|\u2606Hold DEEZNUUTZ|run\n|inactive|SebGamer_33 has 30 seconds to reconnect!\n|inactive|SebGamer_33 has 20 seconds to reconnect!\n|inactive|SebGamer_33 has 15 seconds to reconnect!\n|inactive|SebGamer_33 has 10 seconds to reconnect!\n|inactive|SebGamer_33 has 5 seconds to reconnect!\n|-message|SebGamer_33 lost due to inactivity.\n|\n|win|Hold DEEZNUUTZ\n|raw|Hold DEEZNUUTZ's rating: 1423 &rarr; <strong>1443<\/strong><br \/>(+20 for winning)\n|raw|SebGamer_33's rating: 1417 &rarr; <strong>1397<\/strong><br \/>(-20 for losing)\n","uploadtime":1701065886,"views":4,"p1id":"holddeeznuutz","p2id":"sebgamer33","formatid":"gen9ou","rating":1397,"private":0,"password":""}