{"id":"gen9ou-1992359825","p1":"ababwa","p2":"BugCatcherN8R1X","format":"[Gen 9] OU","log":"|j|\u2606ababwa\n|j|\u2606BugCatcherN8R1X\n|t:|1700178574\n|gametype|singles\n|player|p1|ababwa|ghetsis|1049\n|player|p2|BugCatcherN8R1X|bugcatcher-gen4dp|1136\n|teamsize|p1|6\n|teamsize|p2|6\n|gen|9\n|tier|[Gen 9] OU\n|rated|\n|rule|Sleep Clause Mod: Limit one foe put to sleep\n|rule|Species Clause: Limit one of each Pok\u00e9mon\n|rule|OHKO Clause: OHKO moves are banned\n|rule|Evasion Items Clause: Evasion items are banned\n|rule|Evasion Moves Clause: Evasion moves are banned\n|rule|Endless Battle Clause: Forcing endless battles is banned\n|rule|HP Percentage Mod: HP is shown in percentages\n|clearpoke\n|poke|p1|Iron Valiant|\n|poke|p1|Munkidori, M|\n|poke|p1|Ogerpon-Cornerstone, F|\n|poke|p1|Samurott-Hisui, M|\n|poke|p1|Goodra-Hisui, M|\n|poke|p1|Mamoswine, M|\n|poke|p2|Kleavor, M|\n|poke|p2|Lokix, M|\n|poke|p2|Yanmega, M|\n|poke|p2|Slither Wing|\n|poke|p2|Scizor, M|\n|poke|p2|Frosmoth, M|\n|teampreview\n|inactive|Battle timer is ON: inactive players will automatically lose when time's up. (requested by BugCatcherN8R1X)\n|inactive|ababwa also wants the timer to be on.\n|\n|t:|1700178591\n|start\n|switch|p1a: Samurott|Samurott-Hisui, M|100\/100\n|switch|p2a: Nidhogg|Yanmega, M|100\/100\n|turn|1\n|\n|t:|1700178597\n|move|p2a: Nidhogg|Protect|p2a: Nidhogg\n|-singleturn|p2a: Nidhogg|Protect\n|move|p1a: Samurott|Ceaseless Edge|p2a: Nidhogg\n|-activate|p2a: Nidhogg|move: Protect\n|\n|-ability|p2a: Nidhogg|Speed Boost|boost\n|-boost|p2a: Nidhogg|spe|1\n|upkeep\n|turn|2\n|\n|t:|1700178609\n|move|p2a: Nidhogg|Bug Buzz|p1a: Samurott\n|-supereffective|p1a: Samurott\n|-enditem|p1a: Samurott|Focus Sash\n|-damage|p1a: Samurott|1\/100\n|-enditem|p2a: Nidhogg|Throat Spray\n|-boost|p2a: Nidhogg|spa|1|[from] item: Throat Spray\n|move|p1a: Samurott|Ceaseless Edge|p2a: Nidhogg\n|-damage|p2a: Nidhogg|41\/100\n|-sidestart|p2: BugCatcherN8R1X|Spikes\n|\n|-ability|p2a: Nidhogg|Speed Boost|boost\n|-boost|p2a: Nidhogg|spe|1\n|upkeep\n|turn|3\n|\n|t:|1700178622\n|move|p1a: Samurott|Aqua Jet|p2a: Nidhogg\n|-damage|p2a: Nidhogg|18\/100\n|move|p2a: Nidhogg|Giga Drain|p1a: Samurott\n|-supereffective|p1a: Samurott\n|-damage|p1a: Samurott|0 fnt\n|-heal|p2a: Nidhogg|19\/100|[from] drain|[of] p1a: Samurott\n|faint|p1a: Samurott\n|\n|-ability|p2a: Nidhogg|Speed Boost|boost\n|-boost|p2a: Nidhogg|spe|1\n|upkeep\n|\n|t:|1700178625\n|switch|p1a: Mamoswine|Mamoswine, M|100\/100\n|turn|4\n|\n|t:|1700178636\n|move|p2a: Nidhogg|Protect|p2a: Nidhogg\n|-singleturn|p2a: Nidhogg|Protect\n|move|p1a: Mamoswine|Ice Shard|p2a: Nidhogg\n|-activate|p2a: Nidhogg|move: Protect\n|\n|-ability|p2a: Nidhogg|Speed Boost|boost\n|-boost|p2a: Nidhogg|spe|1\n|upkeep\n|turn|5\n|inactive|BugCatcherN8R1X has 120 seconds left.\n|\n|t:|1700178685\n|switch|p2a: Boreas|Frosmoth, M|100\/100\n|move|p1a: Mamoswine|Ice Shard|p2a: Boreas\n|-resisted|p2a: Boreas\n|-crit|p2a: Boreas\n|-damage|p2a: Boreas|70\/100\n|\n|upkeep\n|turn|6\n|\n|t:|1700178696\n|move|p1a: Mamoswine|Trailblaze|p2a: Boreas\n|-resisted|p2a: Boreas\n|-damage|p2a: Boreas|53\/100\n|-boost|p1a: Mamoswine|spe|1\n|move|p2a: Boreas|Substitute|p2a: Boreas\n|-start|p2a: Boreas|Substitute\n|-damage|p2a: Boreas|28\/100\n|\n|upkeep\n|turn|7\n|\n|t:|1700178717\n|move|p1a: Mamoswine|Icicle Crash|p2a: Boreas\n|-resisted|p2a: Boreas\n|-end|p2a: Boreas|Substitute\n|move|p2a: Boreas|Quiver Dance|p2a: Boreas\n|-boost|p2a: Boreas|spa|1\n|-boost|p2a: Boreas|spd|1\n|-boost|p2a: Boreas|spe|1\n|\n|upkeep\n|turn|8\n|\n|t:|1700178722\n|move|p1a: Mamoswine|Icicle Crash|p2a: Boreas\n|-resisted|p2a: Boreas\n|-damage|p2a: Boreas|0 fnt\n|faint|p2a: Boreas\n|\n|upkeep\n|\n|t:|1700178725\n|switch|p2a: Ares|Scizor, M|100\/100\n|-damage|p2a: Ares|88\/100|[from] Spikes\n|turn|9\n|\n|t:|1700178737\n|move|p1a: Mamoswine|Earthquake|p2a: Ares\n|-damage|p2a: Ares|37\/100\n|move|p2a: Ares|Swords Dance|p2a: Ares\n|-boost|p2a: Ares|atk|2\n|\n|upkeep\n|turn|10\n|\n|t:|1700178741\n|move|p2a: Ares|Bullet Punch|p1a: Mamoswine\n|-supereffective|p1a: Mamoswine\n|-damage|p1a: Mamoswine|0 fnt\n|faint|p1a: Mamoswine\n|-heal|p2a: Ares|50\/100|[from] item: Shell Bell|[of] p1: Mamoswine\n|\n|upkeep\n|\n|t:|1700178750\n|switch|p1a: Goodra|Goodra-Hisui, M|100\/100\n|turn|11\n|\n|t:|1700178758\n|move|p2a: Ares|Knock Off|p1a: Goodra\n|-damage|p1a: Goodra|29\/100\n|-enditem|p1a: Goodra|Leftovers|[from] move: Knock Off|[of] p2a: Ares\n|-heal|p2a: Ares|60\/100|[from] item: Shell Bell|[of] p1a: Goodra\n|move|p1a: Goodra|Flamethrower|p2a: Ares\n|-supereffective|p2a: Ares\n|-damage|p2a: Ares|0 fnt\n|faint|p2a: Ares\n|\n|upkeep\n|inactive|BugCatcherN8R1X has 120 seconds left.\n|\n|t:|1700178783\n|switch|p2a: Erebus|Lokix, M|100\/100\n|turn|12\n|\n|t:|1700178789\n|move|p2a: Erebus|Axe Kick|p1a: Goodra\n|-supereffective|p1a: Goodra\n|-damage|p1a: Goodra|0 fnt\n|faint|p1a: Goodra\n|\n|upkeep\n|\n|t:|1700178800\n|switch|p1a: Iron Valiant|Iron Valiant|100\/100\n|-enditem|p1a: Iron Valiant|Booster Energy\n|-activate|p1a: Iron Valiant|ability: Quark Drive|[fromitem]\n|-start|p1a: Iron Valiant|quarkdrivespe\n|turn|13\n|\n|t:|1700178806\n|move|p1a: Iron Valiant|Moonblast|p2a: Erebus\n|-supereffective|p2a: Erebus\n|-damage|p2a: Erebus|0 fnt\n|faint|p2a: Erebus\n|\n|upkeep\n|\n|t:|1700178816\n|switch|p2a: Nidhogg|Yanmega, M|19\/100\n|turn|14\n|\n|t:|1700178823\n|move|p2a: Nidhogg|Protect|p2a: Nidhogg\n|-singleturn|p2a: Nidhogg|Protect\n|move|p1a: Iron Valiant|Moonblast|p2a: Nidhogg\n|-activate|p2a: Nidhogg|move: Protect\n|\n|-ability|p2a: Nidhogg|Speed Boost|boost\n|-boost|p2a: Nidhogg|spe|1\n|upkeep\n|turn|15\n|\n|t:|1700178833\n|move|p1a: Iron Valiant|Moonblast|p2a: Nidhogg\n|-damage|p2a: Nidhogg|0 fnt\n|faint|p2a: Nidhogg\n|\n|upkeep\n|\n|t:|1700178845\n|switch|p2a: Hachiman|Kleavor, M|100\/100\n|-damage|p2a: Hachiman|88\/100|[from] Spikes\n|turn|16\n|\n|t:|1700178856\n|move|p1a: Iron Valiant|Moonblast|p2a: Hachiman\n|-damage|p2a: Hachiman|10\/100\n|move|p2a: Hachiman|Aerial Ace|p1a: Iron Valiant\n|-supereffective|p1a: Iron Valiant\n|-damage|p1a: Iron Valiant|0 fnt\n|faint|p1a: Iron Valiant\n|-end|p1a: Iron Valiant|Quark Drive|[silent]\n|\n|upkeep\n|\n|t:|1700178869\n|switch|p1a: Ogerpon|Ogerpon-Cornerstone, F|100\/100\n|turn|17\n|\n|t:|1700178873\n|move|p2a: Hachiman|Aerial Ace|p1a: Ogerpon\n|-damage|p1a: Ogerpon|56\/100\n|move|p1a: Ogerpon|Trailblaze|p2a: Hachiman\n|-damage|p2a: Hachiman|0 fnt\n|-boost|p1a: Ogerpon|spe|1\n|faint|p2a: Hachiman\n|\n|upkeep\n|\n|t:|1700178878\n|switch|p2a: Apollo|Slither Wing|100\/100\n|-damage|p2a: Apollo|88\/100|[from] Spikes\n|turn|18\n|\n|t:|1700178896\n|-terastallize|p2a: Apollo|Electric\n|move|p1a: Ogerpon|Play Rough|p2a: Apollo\n|-damage|p2a: Apollo|57\/100\n|move|p2a: Apollo|Leech Life|p1a: Ogerpon\n|-supereffective|p1a: Ogerpon\n|-damage|p1a: Ogerpon|0 fnt\n|-heal|p2a: Apollo|79\/100|[from] drain|[of] p1a: Ogerpon\n|faint|p1a: Ogerpon\n|\n|upkeep\n|\n|t:|1700178914\n|switch|p1a: Munkidori|Munkidori, M|100\/100\n|turn|19\n|\n|t:|1700178932\n|move|p1a: Munkidori|Fake Out|p2a: Apollo\n|-damage|p2a: Apollo|73\/100\n|cant|p2a: Apollo|flinch\n|\n|upkeep\n|turn|20\n|\n|t:|1700178942\n|move|p1a: Munkidori|Sludge Wave|p2a: Apollo\n|-damage|p2a: Apollo|46\/100\n|-status|p2a: Apollo|tox|[from] ability: Toxic Chain|[of] p1a: Munkidori\n|move|p2a: Apollo|Flame Charge|p1a: Munkidori\n|-crit|p1a: Munkidori\n|-damage|p1a: Munkidori|64\/100\n|-boost|p2a: Apollo|spe|1\n|\n|-heal|p1a: Munkidori|70\/100|[from] item: Leftovers\n|-damage|p2a: Apollo|40\/100 tox|[from] psn\n|upkeep\n|turn|21\n|\n|t:|1700178951\n|move|p1a: Munkidori|Hex|p2a: Apollo\n|-damage|p2a: Apollo|18\/100 tox\n|move|p2a: Apollo|Wild Charge|p1a: Munkidori\n|-crit|p1a: Munkidori\n|-damage|p1a: Munkidori|0 fnt\n|faint|p1a: Munkidori\n|-damage|p2a: Apollo|3\/100 tox|[from] Recoil\n|\n|win|BugCatcherN8R1X\n|raw|ababwa's rating: 1049 &rarr; <strong>1036<\/strong><br \/>(-13 for losing)\n|raw|BugCatcherN8R1X's rating: 1136 &rarr; <strong>1155<\/strong><br \/>(+19 for winning)\n|l|\u2606ababwa\n","uploadtime":1700178969,"views":7,"p1id":"ababwa","p2id":"bugcatchern8r1x","formatid":"gen9ou","rating":1036,"private":0,"password":""}