{"id":"gen9ou-1996886988","p1":"shaboofus","p2":"Cleo_Stealsmith","format":"[Gen 9] OU","log":"|j|\u2606shaboofus\n|j|\u2606Cleo_Stealsmith\n|t:|1700740468\n|gametype|singles\n|player|p1|shaboofus|n|1360\n|player|p2|Cleo_Stealsmith|clair|1374\n|teamsize|p1|6\n|teamsize|p2|6\n|gen|9\n|tier|[Gen 9] OU\n|rated|\n|rule|Sleep Clause Mod: Limit one foe put to sleep\n|rule|Species Clause: Limit one of each Pok\u00e9mon\n|rule|OHKO Clause: OHKO moves are banned\n|rule|Evasion Items Clause: Evasion items are banned\n|rule|Evasion Moves Clause: Evasion moves are banned\n|rule|Endless Battle Clause: Forcing endless battles is banned\n|rule|HP Percentage Mod: HP is shown in percentages\n|clearpoke\n|poke|p1|Alomomola, F|\n|poke|p1|Slowking-Galar, F|\n|poke|p1|Kingambit, F|\n|poke|p1|Great Tusk|\n|poke|p1|Cinderace, F|\n|poke|p1|Thundurus-Therian, M|\n|poke|p2|Garganacl, F|\n|poke|p2|Rotom-Mow|\n|poke|p2|Talonflame, M|\n|poke|p2|Regidrago|\n|poke|p2|Muk-Alola, M|\n|poke|p2|Great Tusk|\n|teampreview\n|inactive|Battle timer is ON: inactive players will automatically lose when time's up. (requested by shaboofus)\n|\n|t:|1700740483\n|start\n|switch|p1a: Alomomola|Alomomola, F|100\/100\n|switch|p2a: Chopper|Rotom-Mow|100\/100\n|turn|1\n|\n|t:|1700740492\n|switch|p1a: Slowking|Slowking-Galar, F|100\/100\n|move|p2a: Chopper|Leaf Storm|p1a: Slowking\n|-resisted|p1a: Slowking\n|-damage|p1a: Slowking|86\/100\n|-unboost|p2a: Chopper|spa|2\n|\n|upkeep\n|turn|2\n|\n|t:|1700740520\n|move|p2a: Chopper|Volt Switch|p1a: Slowking\n|-damage|p1a: Slowking|79\/100\n|\n|t:|1700740535\n|switch|p2a: Magellan|Muk-Alola, M, shiny|100\/100|[from] Volt Switch\n|move|p1a: Slowking|Future Sight|p2a: Magellan\n|-start|p1a: Slowking|move: Future Sight\n|\n|upkeep\n|turn|3\n|inactive|Cleo_Stealsmith has 120 seconds left.\n|\n|t:|1700740569\n|move|p2a: Magellan|Knock Off|p1a: Slowking\n|-supereffective|p1a: Slowking\n|-crit|p1a: Slowking\n|-damage|p1a: Slowking|0 fnt\n|-enditem|p1a: Slowking|Heavy-Duty Boots|[from] move: Knock Off|[of] p2a: Magellan\n|faint|p1a: Slowking\n|\n|upkeep\n|\n|t:|1700740578\n|switch|p1a: Great Tusk|Great Tusk|100\/100\n|turn|4\n|\n|t:|1700740589\n|switch|p2a: Ace|Talonflame, M|100\/100\n|move|p1a: Great Tusk|Stealth Rock|p2a: Ace\n|-sidestart|p2: Cleo_Stealsmith|move: Stealth Rock\n|\n|-end|p2a: Ace|move: Future Sight\n|-damage|p2a: Ace|39\/100\n|upkeep\n|turn|5\n|inactive|Cleo_Stealsmith has 120 seconds left.\n|\n|t:|1700740607\n|switch|p2a: Garganacl|Garganacl, F|100\/100\n|-damage|p2a: Garganacl|88\/100|[from] Stealth Rock\n|move|p1a: Great Tusk|Rapid Spin|p2a: Garganacl\n|-resisted|p2a: Garganacl\n|-damage|p2a: Garganacl|83\/100\n|-boost|p1a: Great Tusk|spe|1\n|-damage|p1a: Great Tusk|84\/100|[from] item: Rocky Helmet|[of] p2a: Garganacl\n|\n|upkeep\n|turn|6\n|inactive|Cleo_Stealsmith has 120 seconds left.\n|inactive|Cleo_Stealsmith has 90 seconds left.\n|\n|t:|1700740668\n|switch|p2a: Chopper|Rotom-Mow|100\/100\n|-damage|p2a: Chopper|88\/100|[from] Stealth Rock\n|move|p1a: Great Tusk|Headlong Rush|p2a: Chopper\n|-immune|p2a: Chopper|[from] ability: Levitate\n|\n|-heal|p2a: Chopper|94\/100|[from] item: Leftovers\n|upkeep\n|turn|7\n|\n|t:|1700740680\n|move|p1a: Great Tusk|Ice Spinner|p2a: Chopper\n|-supereffective|p2a: Chopper\n|-damage|p2a: Chopper|50\/100\n|move|p2a: Chopper|Will-O-Wisp|p1a: Great Tusk\n|-status|p1a: Great Tusk|brn\n|\n|-heal|p2a: Chopper|56\/100|[from] item: Leftovers\n|-damage|p1a: Great Tusk|78\/100 brn|[from] brn\n|upkeep\n|turn|8\n|\n|t:|1700740694\n|move|p1a: Great Tusk|Ice Spinner|p2a: Chopper\n|-supereffective|p2a: Chopper\n|-damage|p2a: Chopper|32\/100\n|move|p2a: Chopper|Volt Switch|p1a: Great Tusk\n|-immune|p1a: Great Tusk\n|\n|-heal|p2a: Chopper|38\/100|[from] item: Leftovers\n|-damage|p1a: Great Tusk|72\/100 brn|[from] brn\n|upkeep\n|turn|9\n|\n|t:|1700740708\n|move|p1a: Great Tusk|Ice Spinner|p2a: Chopper\n|-supereffective|p2a: Chopper\n|-damage|p2a: Chopper|16\/100\n|move|p2a: Chopper|Leaf Storm|p1a: Great Tusk\n|-supereffective|p1a: Great Tusk\n|-damage|p1a: Great Tusk|0 fnt\n|-unboost|p2a: Chopper|spa|2\n|faint|p1a: Great Tusk\n|-end|p1a: Great Tusk|Protosynthesis|[silent]\n|\n|-heal|p2a: Chopper|23\/100|[from] item: Leftovers\n|upkeep\n|\n|t:|1700740715\n|switch|p1a: Cinderace|Cinderace, F|100\/100\n|turn|10\n|inactive|Cleo_Stealsmith has 90 seconds left.\n|\n|t:|1700740726\n|switch|p2a: Garganacl|Garganacl, F|83\/100\n|-damage|p2a: Garganacl|71\/100|[from] Stealth Rock\n|move|p1a: Cinderace|U-turn|p2a: Garganacl\n|-start|p1a: Cinderace|typechange|Bug|[from] ability: Libero\n|-damage|p2a: Garganacl|53\/100\n|-damage|p1a: Cinderace|84\/100|[from] item: Rocky Helmet|[of] p2a: Garganacl\n|\n|t:|1700740736\n|switch|p1a: Alomomola|Alomomola, F|100\/100|[from] U-turn\n|\n|upkeep\n|turn|11\n|\n|t:|1700740743\n|move|p1a: Alomomola|Scald|p2a: Garganacl\n|-supereffective|p2a: Garganacl\n|-damage|p2a: Garganacl|29\/100\n|move|p2a: Garganacl|Recover|p2a: Garganacl\n|-heal|p2a: Garganacl|79\/100\n|\n|upkeep\n|turn|12\n|\n|t:|1700740748\n|move|p1a: Alomomola|Scald|p2a: Garganacl\n|-supereffective|p2a: Garganacl\n|-damage|p2a: Garganacl|55\/100\n|move|p2a: Garganacl|Salt Cure|p1a: Alomomola\n|-damage|p1a: Alomomola|92\/100\n|-start|p1a: Alomomola|Salt Cure\n|-enditem|p1a: Alomomola|Red Card|[of] p2a: Garganacl\n|drag|p2a: Chopper|Rotom-Mow|23\/100\n|-damage|p2a: Chopper|10\/100|[from] Stealth Rock\n|\n|-heal|p2a: Chopper|16\/100|[from] item: Leftovers\n|-damage|p1a: Alomomola|67\/100|[from] Salt Cure\n|upkeep\n|turn|13\n|\n|t:|1700740762\n|move|p2a: Chopper|Leaf Storm|p1a: Alomomola\n|-supereffective|p1a: Alomomola\n|-crit|p1a: Alomomola\n|-damage|p1a: Alomomola|0 fnt\n|-unboost|p2a: Chopper|spa|2\n|faint|p1a: Alomomola\n|\n|-heal|p2a: Chopper|23\/100|[from] item: Leftovers\n|upkeep\n|\n|t:|1700740767\n|switch|p1a: Thundurus|Thundurus-Therian, M|100\/100\n|turn|14\n|inactive|Cleo_Stealsmith has 120 seconds left.\n|\n|t:|1700740795\n|switch|p2a: Regidrago|Regidrago|100\/100\n|-damage|p2a: Regidrago|88\/100|[from] Stealth Rock\n|-terastallize|p1a: Thundurus|Flying\n|move|p1a: Thundurus|Tera Blast|p2a: Regidrago|[anim] Tera Blast Flying\n|-damage|p2a: Regidrago|0 fnt\n|faint|p2a: Regidrago\n|\n|upkeep\n|inactive|Cleo_Stealsmith has 90 seconds left.\n|inactive|Cleo_Stealsmith has 60 seconds left.\n|\n|t:|1700740850\n|switch|p2a: Garganacl|Garganacl, F|55\/100\n|-damage|p2a: Garganacl|43\/100|[from] Stealth Rock\n|turn|15\n|\n|t:|1700740865\n|switch|p1a: Cinderace|Cinderace, F|84\/100\n|move|p2a: Garganacl|Stealth Rock|p1a: Cinderace\n|-sidestart|p1: shaboofus|move: Stealth Rock\n|\n|upkeep\n|turn|16\n|\n|t:|1700740873\n|move|p1a: Cinderace|U-turn|p2a: Garganacl\n|-start|p1a: Cinderace|typechange|Bug|[from] ability: Libero\n|-damage|p2a: Garganacl|25\/100\n|-damage|p1a: Cinderace|67\/100|[from] item: Rocky Helmet|[of] p2a: Garganacl\n|\n|t:|1700740875\n|switch|p1a: Kingambit|Kingambit, F|100\/100|[from] U-turn\n|-damage|p1a: Kingambit|94\/100|[from] Stealth Rock\n|-activate|p1a: Kingambit|ability: Supreme Overlord\n|-start|p1a: Kingambit|fallen3|[silent]\n|move|p2a: Garganacl|Recover|p2a: Garganacl\n|-heal|p2a: Garganacl|75\/100\n|\n|-heal|p1a: Kingambit|100\/100|[from] item: Leftovers\n|upkeep\n|turn|17\n|\n|t:|1700740887\n|move|p1a: Kingambit|Iron Head|p2a: Garganacl\n|-supereffective|p2a: Garganacl\n|-damage|p2a: Garganacl|5\/100\n|-damage|p1a: Kingambit|84\/100|[from] item: Rocky Helmet|[of] p2a: Garganacl\n|cant|p2a: Garganacl|flinch\n|\n|-heal|p1a: Kingambit|90\/100|[from] item: Leftovers\n|upkeep\n|turn|18\n|\n|t:|1700740896\n|switch|p2a: Great Tusk|Great Tusk|100\/100\n|-damage|p2a: Great Tusk|98\/100|[from] Stealth Rock\n|move|p1a: Kingambit|Iron Head|p2a: Great Tusk\n|-damage|p2a: Great Tusk|54\/100\n|\n|-heal|p2a: Great Tusk|60\/100|[from] item: Leftovers\n|-heal|p1a: Kingambit|96\/100|[from] item: Leftovers\n|upkeep\n|turn|19\n|\n|t:|1700740914\n|move|p2a: Great Tusk|Headlong Rush|p1a: Kingambit\n|-supereffective|p1a: Kingambit\n|-damage|p1a: Kingambit|0 fnt\n|-unboost|p2a: Great Tusk|def|1\n|-unboost|p2a: Great Tusk|spd|1\n|faint|p1a: Kingambit\n|-end|p1a: Kingambit|fallen3|[silent]\n|\n|-heal|p2a: Great Tusk|66\/100|[from] item: Leftovers\n|upkeep\n|\n|t:|1700740926\n|switch|p1a: Thundurus|Thundurus-Therian, M, tera:Flying|100\/100\n|-damage|p1a: Thundurus|76\/100|[from] Stealth Rock\n|turn|20\n|inactive|Cleo_Stealsmith has 60 seconds left.\n|\n|t:|1700740957\n|-end|p2a: Great Tusk|Protosynthesis|[silent]\n|switch|p2a: Magellan|Muk-Alola, M, shiny|100\/100\n|-damage|p2a: Magellan|88\/100|[from] Stealth Rock\n|move|p1a: Thundurus|Tera Blast|p2a: Magellan|[anim] Tera Blast Flying\n|-damage|p2a: Magellan|52\/100\n|\n|upkeep\n|turn|21\n|\n|t:|1700740967\n|switch|p1a: Cinderace|Cinderace, F|67\/100\n|move|p2a: Magellan|Knock Off|p1a: Cinderace\n|-damage|p1a: Cinderace|19\/100\n|-status|p1a: Cinderace|psn|[from] ability: Poison Touch|[of] p2a: Magellan\n|-enditem|p1a: Cinderace|Heavy-Duty Boots|[from] move: Knock Off|[of] p2a: Magellan\n|\n|-damage|p1a: Cinderace|7\/100 psn|[from] psn\n|upkeep\n|turn|22\n|inactive|Cleo_Stealsmith has 60 seconds left.\n|\n|t:|1700740973\n|move|p1a: Cinderace|Pyro Ball|p2a: Magellan\n|-damage|p2a: Magellan|0 fnt\n|faint|p2a: Magellan\n|\n|-damage|p1a: Cinderace|0 fnt|[from] psn\n|faint|p1a: Cinderace\n|upkeep\n|inactive|Cleo_Stealsmith has 60 seconds left.\n|\n|t:|1700740997\n|switch|p1a: Thundurus|Thundurus-Therian, M, tera:Flying|76\/100\n|switch|p2a: Ace|Talonflame, M|39\/100\n|-damage|p1a: Thundurus|51\/100|[from] Stealth Rock\n|turn|23\n|\n|t:|1700741010\n|move|p2a: Ace|Flare Blitz|p1a: Thundurus\n|-damage|p1a: Thundurus|0 fnt\n|faint|p1a: Thundurus\n|-damage|p2a: Ace|25\/100|[from] Recoil\n|\n|win|Cleo_Stealsmith\n|raw|shaboofus's rating: 1360 &rarr; <strong>1341<\/strong><br \/>(-19 for losing)\n|raw|Cleo_Stealsmith's rating: 1374 &rarr; <strong>1393<\/strong><br \/>(+19 for winning)\n|l|\u2606shaboofus\n","uploadtime":1700741017,"views":4,"p1id":"shaboofus","p2id":"cleostealsmith","formatid":"gen9ou","rating":1341,"private":0,"password":""}