{"id":"gen9ou-1992227538","p1":"moth.o","p2":"diobrando7","format":"[Gen 9] OU","log":"|j|\u2606moth.o\n|j|\u2606diobrando7\n|t:|1700165653\n|gametype|singles\n|player|p1|moth.o|roxie|1325\n|player|p2|diobrando7|red|1298\n|teamsize|p1|6\n|teamsize|p2|6\n|gen|9\n|tier|[Gen 9] OU\n|rated|\n|rule|Sleep Clause Mod: Limit one foe put to sleep\n|rule|Species Clause: Limit one of each Pok\u00e9mon\n|rule|OHKO Clause: OHKO moves are banned\n|rule|Evasion Items Clause: Evasion items are banned\n|rule|Evasion Moves Clause: Evasion moves are banned\n|rule|Endless Battle Clause: Forcing endless battles is banned\n|rule|HP Percentage Mod: HP is shown in percentages\n|clearpoke\n|poke|p1|Hydreigon, F|\n|poke|p1|Tinkaton, F|\n|poke|p1|Slowbro, M|\n|poke|p1|Toedscruel, F|\n|poke|p1|Slither Wing|\n|poke|p1|Chandelure, F|\n|poke|p2|Gholdengo|\n|poke|p2|Iron Valiant|\n|poke|p2|Kingambit, F|\n|poke|p2|Cinderace, M|\n|poke|p2|Toxapex, M|\n|poke|p2|Garganacl, M|\n|teampreview\n|inactive|Battle timer is ON: inactive players will automatically lose when time's up. (requested by diobrando7)\n|\n|t:|1700165668\n|start\n|switch|p1a: Sapho|Tinkaton, F|100\/100\n|switch|p2a: Garganacl|Garganacl, M|100\/100\n|-ability|p1a: Sapho|Mold Breaker\n|turn|1\n|\n|t:|1700165680\n|-terastallize|p2a: Garganacl|Flying\n|move|p1a: Sapho|Knock Off|p2a: Garganacl\n|-damage|p2a: Garganacl|91\/100\n|-enditem|p2a: Garganacl|Leftovers|[from] move: Knock Off|[of] p1a: Sapho\n|move|p2a: Garganacl|Salt Cure|p1a: Sapho\n|-resisted|p1a: Sapho\n|-damage|p1a: Sapho|94\/100\n|-start|p1a: Sapho|Salt Cure\n|\n|-damage|p1a: Sapho|69\/100|[from] Salt Cure\n|upkeep\n|turn|2\n|\n|t:|1700165692\n|move|p1a: Sapho|Stealth Rock|p2a: Garganacl\n|-sidestart|p2: diobrando7|move: Stealth Rock\n|move|p2a: Garganacl|Salt Cure|p1a: Sapho\n|-resisted|p1a: Sapho\n|-damage|p1a: Sapho|64\/100\n|\n|-damage|p1a: Sapho|39\/100|[from] Salt Cure\n|upkeep\n|turn|3\n|\n|t:|1700165710\n|move|p1a: Sapho|Thunder Wave|p2a: Garganacl\n|-status|p2a: Garganacl|par\n|move|p2a: Garganacl|Stealth Rock|p1a: Sapho\n|-sidestart|p1: moth.o|move: Stealth Rock\n|\n|-damage|p1a: Sapho|14\/100|[from] Salt Cure\n|upkeep\n|turn|4\n|\n|t:|1700165720\n|switch|p1a: Toedscruel|Toedscruel, F, shiny|100\/100\n|-damage|p1a: Toedscruel|94\/100|[from] Stealth Rock\n|move|p2a: Garganacl|Salt Cure|p1a: Toedscruel\n|-resisted|p1a: Toedscruel\n|-damage|p1a: Toedscruel|88\/100\n|-start|p1a: Toedscruel|Salt Cure\n|\n|-damage|p1a: Toedscruel|75\/100|[from] Salt Cure\n|upkeep\n|turn|5\n|\n|t:|1700165736\n|move|p1a: Toedscruel|Rapid Spin|p2a: Garganacl\n|-damage|p2a: Garganacl|86\/100 par\n|-boost|p1a: Toedscruel|spe|1\n|-sideend|p1: moth.o|Stealth Rock|[from] move: Rapid Spin|[of] p1a: Toedscruel\n|move|p2a: Garganacl|Body Press|p1a: Toedscruel\n|-damage|p1a: Toedscruel|46\/100\n|-enditem|p1a: Toedscruel|Sitrus Berry|[eat]\n|-heal|p1a: Toedscruel|71\/100|[from] item: Sitrus Berry\n|\n|-damage|p1a: Toedscruel|58\/100|[from] Salt Cure\n|upkeep\n|turn|6\n|\n|t:|1700165759\n|move|p1a: Toedscruel|Giga Drain|p2a: Garganacl\n|-resisted|p2a: Garganacl\n|-damage|p2a: Garganacl|76\/100 par\n|-heal|p1a: Toedscruel|63\/100|[from] drain|[of] p2a: Garganacl\n|move|p2a: Garganacl|Salt Cure|p1a: Toedscruel\n|-resisted|p1a: Toedscruel\n|-damage|p1a: Toedscruel|55\/100\n|\n|-damage|p1a: Toedscruel|43\/100|[from] Salt Cure\n|upkeep\n|turn|7\n|inactive|moth.o has 120 seconds left.\n|inactive|diobrando7 has 120 seconds left.\n|\n|t:|1700165810\n|cant|p2a: Garganacl|par\n|move|p1a: Toedscruel|Toxic Spikes|p2a: Garganacl\n|-sidestart|p2: diobrando7|move: Toxic Spikes\n|\n|-damage|p1a: Toedscruel|30\/100|[from] Salt Cure\n|upkeep\n|turn|8\n|inactive|moth.o has 120 seconds left.\n|\n|t:|1700165834\n|move|p2a: Garganacl|Stealth Rock|p1a: Toedscruel\n|-sidestart|p1: moth.o|move: Stealth Rock\n|move|p1a: Toedscruel|Toxic Spikes|p2a: Garganacl\n|-sidestart|p2: diobrando7|move: Toxic Spikes\n|\n|-damage|p1a: Toedscruel|18\/100|[from] Salt Cure\n|upkeep\n|turn|9\n|inactive|diobrando7 has 90 seconds left.\n|inactive|diobrando7 has 60 seconds left.\n|\n|t:|1700165898\n|move|p1a: Toedscruel|Rapid Spin|p2a: Garganacl\n|-damage|p2a: Garganacl|72\/100 par\n|-boost|p1a: Toedscruel|spe|1\n|-sideend|p1: moth.o|Stealth Rock|[from] move: Rapid Spin|[of] p1a: Toedscruel\n|cant|p2a: Garganacl|par\n|\n|-damage|p1a: Toedscruel|6\/100|[from] Salt Cure\n|upkeep\n|turn|10\n|inactive|diobrando7 has 60 seconds left.\n|\n|t:|1700165907\n|move|p1a: Toedscruel|Giga Drain|p2a: Garganacl\n|-resisted|p2a: Garganacl\n|-damage|p2a: Garganacl|63\/100 par\n|-heal|p1a: Toedscruel|10\/100|[from] drain|[of] p2a: Garganacl\n|move|p2a: Garganacl|Recover|p2a: Garganacl\n|-heal|p2a: Garganacl|100\/100 par\n|\n|-damage|p1a: Toedscruel|0 fnt|[from] Salt Cure\n|faint|p1a: Toedscruel\n|upkeep\n|\n|t:|1700165919\n|switch|p1a: Eureka|Hydreigon, F, shiny|100\/100\n|turn|11\n|c|\u2606diobrando7|bro\n|\n|t:|1700165925\n|move|p1a: Eureka|Dark Pulse|p2a: Garganacl\n|-damage|p2a: Garganacl|69\/100 par\n|move|p2a: Garganacl|Salt Cure|p1a: Eureka\n|-damage|p1a: Eureka|85\/100\n|-start|p1a: Eureka|Salt Cure\n|\n|-damage|p1a: Eureka|73\/100|[from] Salt Cure\n|upkeep\n|turn|12\n|inactive|moth.o has 120 seconds left.\n|c|\u2606diobrando7|i don't understand\n|c|\u2606diobrando7|why are you trying\n|c|\u2606diobrando7|you already lost\n|\n|t:|1700165945\n|move|p1a: Eureka|Dark Pulse|p2a: Garganacl\n|-crit|p2a: Garganacl\n|-damage|p2a: Garganacl|15\/100 par\n|cant|p2a: Garganacl|flinch\n|\n|-damage|p1a: Eureka|61\/100|[from] Salt Cure\n|upkeep\n|turn|13\n|\n|t:|1700165953\n|move|p1a: Eureka|Dark Pulse|p2a: Garganacl\n|-damage|p2a: Garganacl|0 fnt\n|faint|p2a: Garganacl\n|\n|-damage|p1a: Eureka|48\/100|[from] Salt Cure\n|upkeep\n|\n|t:|1700165963\n|switch|p2a: Toxapex|Toxapex, M|100\/100\n|-damage|p2a: Toxapex|88\/100|[from] Stealth Rock\n|-sideend|p2: diobrando7|move: Toxic Spikes|[of] p2a: Toxapex\n|turn|14\n|\n|t:|1700165973\n|switch|p1a: Sapho|Tinkaton, F|14\/100\n|-ability|p1a: Sapho|Mold Breaker\n|move|p2a: Toxapex|Toxic|p1a: Sapho\n|-immune|p1a: Sapho\n|\n|-heal|p2a: Toxapex|94\/100|[from] item: Leftovers\n|upkeep\n|turn|15\n|inactive|diobrando7 has 90 seconds left.\n|\n|t:|1700165988\n|move|p1a: Sapho|Thunder Wave|p2a: Toxapex\n|-status|p2a: Toxapex|par\n|cant|p2a: Toxapex|par\n|\n|-heal|p2a: Toxapex|100\/100 par|[from] item: Leftovers\n|upkeep\n|turn|16\n|\n|t:|1700165999\n|switch|p1a: Atolondrao|Slowbro, M|100\/100\n|move|p2a: Toxapex|Chilling Water|p1a: Atolondrao\n|-resisted|p1a: Atolondrao\n|-damage|p1a: Atolondrao|95\/100\n|-unboost|p1a: Atolondrao|atk|1\n|\n|upkeep\n|turn|17\n|\n|t:|1700166011\n|-terastallize|p1a: Atolondrao|Poison\n|move|p1a: Atolondrao|Calm Mind|p1a: Atolondrao\n|-boost|p1a: Atolondrao|spa|1\n|-boost|p1a: Atolondrao|spd|1\n|move|p2a: Toxapex|Toxic|p1a: Atolondrao\n|-immune|p1a: Atolondrao\n|\n|upkeep\n|turn|18\n|\n|t:|1700166025\n|switch|p2a: Gholdengo|Gholdengo|100\/100\n|-damage|p2a: Gholdengo|94\/100|[from] Stealth Rock\n|move|p1a: Atolondrao|Calm Mind|p1a: Atolondrao\n|-boost|p1a: Atolondrao|spa|1\n|-boost|p1a: Atolondrao|spd|1\n|\n|upkeep\n|turn|19\n|\n|t:|1700166033\n|move|p2a: Gholdengo|Shadow Ball|p1a: Atolondrao\n|-damage|p1a: Atolondrao|61\/100\n|-damage|p2a: Gholdengo|85\/100|[from] item: Life Orb\n|move|p1a: Atolondrao|Stored Power|p2a: Gholdengo\n|-resisted|p2a: Gholdengo\n|-damage|p2a: Gholdengo|48\/100\n|\n|upkeep\n|turn|20\n|\n|t:|1700166044\n|move|p2a: Gholdengo|Recover|p2a: Gholdengo\n|-heal|p2a: Gholdengo|98\/100\n|move|p1a: Atolondrao|Calm Mind|p1a: Atolondrao\n|-boost|p1a: Atolondrao|spa|1\n|-boost|p1a: Atolondrao|spd|1\n|\n|upkeep\n|turn|21\n|\n|t:|1700166053\n|move|p2a: Gholdengo|Make It Rain|p1a: Atolondrao\n|-damage|p1a: Atolondrao|22\/100\n|-unboost|p2a: Gholdengo|spa|1\n|-enditem|p1a: Atolondrao|Sitrus Berry|[eat]\n|-heal|p1a: Atolondrao|47\/100|[from] item: Sitrus Berry\n|-damage|p2a: Gholdengo|88\/100|[from] item: Life Orb\n|move|p1a: Atolondrao|Calm Mind|p1a: Atolondrao\n|-boost|p1a: Atolondrao|spa|1\n|-boost|p1a: Atolondrao|spd|1\n|\n|upkeep\n|turn|22\n|inactive|diobrando7 has 120 seconds left.\n|\n|t:|1700166065\n|move|p2a: Gholdengo|Shadow Ball|p1a: Atolondrao\n|-damage|p1a: Atolondrao|33\/100\n|-damage|p2a: Gholdengo|78\/100|[from] item: Life Orb\n|move|p1a: Atolondrao|Slack Off|p1a: Atolondrao\n|-heal|p1a: Atolondrao|83\/100\n|\n|upkeep\n|turn|23\n|inactive|diobrando7 has 120 seconds left.\n|\n|t:|1700166074\n|move|p2a: Gholdengo|Shadow Ball|p1a: Atolondrao\n|-damage|p1a: Atolondrao|69\/100\n|-unboost|p1a: Atolondrao|spd|1\n|-damage|p2a: Gholdengo|68\/100|[from] item: Life Orb\n|move|p1a: Atolondrao|Stored Power|p2a: Gholdengo\n|-resisted|p2a: Gholdengo\n|-damage|p2a: Gholdengo|0 fnt\n|faint|p2a: Gholdengo\n|\n|upkeep\n|inactive|diobrando7 has 120 seconds left.\n|\n|t:|1700166083\n|switch|p2a: Cinderace|Cinderace, M|100\/100\n|-damage|p2a: Cinderace|76\/100|[from] Stealth Rock\n|turn|24\n|\n|t:|1700166088\n|move|p2a: Cinderace|Zen Headbutt|p1a: Atolondrao\n|-start|p2a: Cinderace|typechange|Psychic|[from] ability: Libero\n|-supereffective|p1a: Atolondrao\n|-damage|p1a: Atolondrao|20\/100\n|cant|p1a: Atolondrao|flinch\n|\n|upkeep\n|turn|25\n|\n|t:|1700166097\n|move|p2a: Cinderace|Zen Headbutt|p1a: Atolondrao|[miss]\n|-miss|p2a: Cinderace|p1a: Atolondrao\n|move|p1a: Atolondrao|Stored Power|p2a: Cinderace\n|-resisted|p2a: Cinderace\n|-damage|p2a: Cinderace|0 fnt\n|faint|p2a: Cinderace\n|\n|upkeep\n|c|\u2606diobrando7|lucky af\n|\n|t:|1700166107\n|switch|p2a: Iron Valiant|Iron Valiant|100\/100\n|-damage|p2a: Iron Valiant|94\/100|[from] Stealth Rock\n|-enditem|p2a: Iron Valiant|Booster Energy\n|-activate|p2a: Iron Valiant|ability: Quark Drive|[fromitem]\n|-start|p2a: Iron Valiant|quarkdrivespe\n|turn|26\n|\n|t:|1700166115\n|move|p2a: Iron Valiant|Knock Off|p1a: Atolondrao\n|-damage|p1a: Atolondrao|7\/100\n|move|p1a: Atolondrao|Slack Off|p1a: Atolondrao\n|-heal|p1a: Atolondrao|57\/100\n|\n|upkeep\n|turn|27\n|c|\u2606diobrando7|ff\n|c|\u2606diobrando7|you don't deserve the win\n|\n|t:|1700166133\n|move|p2a: Iron Valiant|Spirit Break|p1a: Atolondrao\n|-resisted|p1a: Atolondrao\n|-damage|p1a: Atolondrao|44\/100\n|-unboost|p1a: Atolondrao|spa|1\n|move|p1a: Atolondrao|Slack Off|p1a: Atolondrao\n|-heal|p1a: Atolondrao|94\/100\n|\n|upkeep\n|turn|28\n|\n|t:|1700166144\n|move|p2a: Iron Valiant|Shadow Claw|p1a: Atolondrao\n|-damage|p1a: Atolondrao|80\/100\n|move|p1a: Atolondrao|Stored Power|p2a: Iron Valiant\n|-supereffective|p2a: Iron Valiant\n|-damage|p2a: Iron Valiant|0 fnt\n|faint|p2a: Iron Valiant\n|-end|p2a: Iron Valiant|Quark Drive|[silent]\n|\n|upkeep\n|\n|t:|1700166152\n|switch|p2a: Kingambit|Kingambit, F|100\/100\n|-damage|p2a: Kingambit|94\/100|[from] Stealth Rock\n|-activate|p2a: Kingambit|ability: Supreme Overlord\n|-start|p2a: Kingambit|fallen4|[silent]\n|turn|29\n|\n|t:|1700166159\n|move|p2a: Kingambit|Zen Headbutt|p1a: Atolondrao|[miss]\n|-miss|p2a: Kingambit|p1a: Atolondrao\n|move|p1a: Atolondrao|Body Press|p2a: Kingambit\n|-supereffective|p2a: Kingambit\n|-damage|p2a: Kingambit|23\/100\n|\n|-heal|p2a: Kingambit|29\/100|[from] item: Leftovers\n|upkeep\n|turn|30\n|c|\u2606diobrando7|fck you\n|c|\u2606diobrando7|fcking trash\n|\n|t:|1700166170\n|move|p2a: Kingambit|Zen Headbutt|p1a: Atolondrao\n|-supereffective|p1a: Atolondrao\n|-damage|p1a: Atolondrao|29\/100\n|move|p1a: Atolondrao|Body Press|p2a: Kingambit\n|-supereffective|p2a: Kingambit\n|-damage|p2a: Kingambit|0 fnt\n|faint|p2a: Kingambit\n|-end|p2a: Kingambit|fallen4|[silent]\n|\n|upkeep\n|-message|diobrando7 forfeited.\n|\n|win|moth.o\n|raw|moth.o's rating: 1325 &rarr; <strong>1343<\/strong><br \/>(+18 for winning)\n|raw|diobrando7's rating: 1298 &rarr; <strong>1275<\/strong><br \/>(-23 for losing)\n|l|\u2606diobrando7\n","uploadtime":1700166372,"views":28,"p1id":"motho","p2id":"diobrando7","formatid":"gen9ou","rating":1275,"private":0,"password":""}