{"id":"gen9ou-1995365780","p1":"liaoya","p2":"Woodowl","format":"[Gen 9] OU","log":"|j|\u2606liaoya\n|j|\u2606Woodowl\n|t:|1700560591\n|gametype|singles\n|player|p1|liaoya|petrel|1564\n|player|p2|Woodowl|drayden|1559\n|teamsize|p1|6\n|teamsize|p2|6\n|gen|9\n|tier|[Gen 9] OU\n|rated|\n|rule|Sleep Clause Mod: Limit one foe put to sleep\n|rule|Species Clause: Limit one of each Pok\u00e9mon\n|rule|OHKO Clause: OHKO moves are banned\n|rule|Evasion Items Clause: Evasion items are banned\n|rule|Evasion Moves Clause: Evasion moves are banned\n|rule|Endless Battle Clause: Forcing endless battles is banned\n|rule|HP Percentage Mod: HP is shown in percentages\n|clearpoke\n|poke|p1|Drifblim, M|\n|poke|p1|Garganacl, M|\n|poke|p1|Umbreon, F|\n|poke|p1|Rotom-Wash|\n|poke|p1|Glimmora, M|\n|poke|p1|Espeon, F|\n|poke|p2|Pelipper, F|\n|poke|p2|Greninja-*, M|\n|poke|p2|Basculegion, M|\n|poke|p2|Zapdos|\n|poke|p2|Sandy Shocks|\n|poke|p2|Scizor, M|\n|teampreview\n|inactive|Battle timer is ON: inactive players will automatically lose when time's up. (requested by liaoya)\n|\n|t:|1700560597\n|start\n|switch|p1a: Rotom|Rotom-Wash|100\/100\n|switch|p2a: Greninja|Greninja, M|100\/100\n|turn|1\n|\n|t:|1700560605\n|switch|p2a: Sandy Shocks|Sandy Shocks|100\/100\n|-enditem|p2a: Sandy Shocks|Booster Energy\n|-activate|p2a: Sandy Shocks|ability: Protosynthesis|[fromitem]\n|-start|p2a: Sandy Shocks|protosynthesisspe\n|move|p1a: Rotom|Volt Switch|p2a: Sandy Shocks\n|-immune|p2a: Sandy Shocks\n|\n|upkeep\n|turn|2\n|\n|t:|1700560622\n|switch|p1a: Espeon|Espeon, F|100\/100\n|move|p2a: Sandy Shocks|Stealth Rock|p1a: Espeon\n|move|p1a: Espeon|Stealth Rock|p2a: Sandy Shocks|[from]ability: Magic Bounce\n|-sidestart|p2: Woodowl|move: Stealth Rock\n|\n|upkeep\n|turn|3\n|\n|t:|1700560629\n|move|p2a: Sandy Shocks|Thunderbolt|p1a: Espeon\n|-damage|p1a: Espeon|59\/100\n|move|p1a: Espeon|Psyshock|p2a: Sandy Shocks\n|-damage|p2a: Sandy Shocks|61\/100\n|\n|upkeep\n|turn|4\n|\n|t:|1700560636\n|switch|p1a: Rotom|Rotom-Wash|100\/100\n|move|p2a: Sandy Shocks|Earth Power|p1a: Rotom\n|-immune|p1a: Rotom|[from] ability: Levitate\n|\n|upkeep\n|turn|5\n|\n|t:|1700560640\n|move|p2a: Sandy Shocks|Thunderbolt|p1a: Rotom\n|-damage|p1a: Rotom|53\/100\n|move|p1a: Rotom|Hydro Pump|p2a: Sandy Shocks\n|-supereffective|p2a: Sandy Shocks\n|-damage|p2a: Sandy Shocks|0 fnt\n|faint|p2a: Sandy Shocks\n|-end|p2a: Sandy Shocks|Protosynthesis|[silent]\n|\n|upkeep\n|\n|t:|1700560652\n|switch|p2a: Greninja|Greninja, M|100\/100\n|-damage|p2a: Greninja|88\/100|[from] Stealth Rock\n|turn|6\n|\n|t:|1700560656\n|switch|p1a: Umbreon|Umbreon, F, shiny|100\/100\n|-terastallize|p2a: Greninja|Dark\n|move|p2a: Greninja|Dark Pulse|p1a: Umbreon\n|-resisted|p1a: Umbreon\n|-damage|p1a: Umbreon|80\/100\n|-damage|p2a: Greninja|78\/100|[from] item: Life Orb\n|\n|-heal|p1a: Umbreon|86\/100|[from] item: Leftovers\n|upkeep\n|turn|7\n|\n|t:|1700560664\n|switch|p2a: Pelipper|Pelipper, F|100\/100\n|-damage|p2a: Pelipper|76\/100|[from] Stealth Rock\n|-weather|RainDance|[from] ability: Drizzle|[of] p2a: Pelipper\n|move|p1a: Umbreon|Wish|p1a: Umbreon\n|\n|-weather|RainDance|[upkeep]\n|-heal|p1a: Umbreon|92\/100|[from] item: Leftovers\n|upkeep\n|turn|8\n|\n|t:|1700560673\n|switch|p1a: Rotom|Rotom-Wash|53\/100\n|move|p2a: Pelipper|U-turn|p1a: Rotom\n|-damage|p1a: Rotom|44\/100\n|\n|t:|1700560689\n|switch|p2a: Greninja|Greninja, M, tera:Dark|78\/100|[from] U-turn\n|-damage|p2a: Greninja|66\/100|[from] Stealth Rock\n|\n|-weather|RainDance|[upkeep]\n|-heal|p1a: Rotom|100\/100|[from] move: Wish|[wisher] Umbreon\n|upkeep\n|turn|9\n|\n|t:|1700560699\n|move|p2a: Greninja|Dark Pulse|p1a: Rotom\n|-damage|p1a: Rotom|34\/100\n|-damage|p2a: Greninja|56\/100|[from] item: Life Orb\n|move|p1a: Rotom|Hydro Pump|p2a: Greninja\n|-damage|p2a: Greninja|0 fnt\n|faint|p2a: Greninja\n|\n|-weather|RainDance|[upkeep]\n|upkeep\n|-message|Woodowl forfeited.\n|\n|win|liaoya\n|raw|liaoya's rating: 1564 &rarr; <strong>1584<\/strong><br \/>(+20 for winning)\n|raw|Woodowl's rating: 1559 &rarr; <strong>1539<\/strong><br \/>(-20 for losing)\n|l|\u2606Woodowl\n","uploadtime":1700560710,"views":1,"p1id":"liaoya","p2id":"woodowl","formatid":"gen9ou","rating":1539,"private":0,"password":""}