{"id":"gen9ou-1995137177","p1":"Zapsuki","p2":"af lele.tomas","format":"[Gen 9] OU","log":"|j|\u2606Zapsuki\n|j|\u2606af lele.tomas\n|t:|1700526700\n|gametype|singles\n|player|p1|Zapsuki|serena-masters2|1611\n|player|p2|af lele.tomas|nate|1638\n|teamsize|p1|6\n|teamsize|p2|6\n|gen|9\n|tier|[Gen 9] OU\n|rated|\n|rule|Sleep Clause Mod: Limit one foe put to sleep\n|rule|Species Clause: Limit one of each Pok\u00e9mon\n|rule|OHKO Clause: OHKO moves are banned\n|rule|Evasion Items Clause: Evasion items are banned\n|rule|Evasion Moves Clause: Evasion moves are banned\n|rule|Endless Battle Clause: Forcing endless battles is banned\n|rule|HP Percentage Mod: HP is shown in percentages\n|clearpoke\n|poke|p1|Dragonite, F|\n|poke|p1|Garchomp, M|\n|poke|p1|Kommo-o, F|\n|poke|p1|Dragapult, M|\n|poke|p1|Tinkaton, F|\n|poke|p1|Walking Wake|\n|poke|p2|Indeedee, M|\n|poke|p2|Armarouge, M|\n|poke|p2|Iron Treads|\n|poke|p2|Polteageist|\n|poke|p2|Hatterene, F|\n|poke|p2|Gengar, M|\n|teampreview\n|inactive|Battle timer is ON: inactive players will automatically lose when time's up. (requested by af lele.tomas)\n|inactive|Zapsuki also wants the timer to be on.\n|\n|t:|1700526713\n|start\n|switch|p1a: Garchomp|Garchomp, M|100\/100\n|switch|p2a: Indeedee|Indeedee, M|100\/100\n|-fieldstart|move: Psychic Terrain|[from] ability: Psychic Surge|[of] p2a: Indeedee\n|turn|1\n|\n|t:|1700526718\n|switch|p2a: Hatterene|Hatterene, F|100\/100\n|move|p1a: Garchomp|Earthquake|p2a: Hatterene\n|-damage|p2a: Hatterene|66\/100\n|-enditem|p2a: Hatterene|Eject Button\n|\n|t:|1700526724\n|switch|p2a: Armarouge|Armarouge, M|100\/100\n|\n|upkeep\n|turn|2\n|\n|t:|1700526730\n|move|p2a: Armarouge|Expanding Force|p1a: Garchomp\n|-damage|p1a: Garchomp|20\/100\n|move|p1a: Garchomp|Dragon Tail|p2a: Armarouge\n|-crit|p2a: Armarouge\n|-damage|p2a: Armarouge|55\/100\n|-ability|p2a: Armarouge|Weak Armor|boost\n|-unboost|p2a: Armarouge|def|1\n|-boost|p2a: Armarouge|spe|2\n|drag|p2a: Polteageist|Polteageist|100\/100\n|\n|upkeep\n|turn|3\n|\n|t:|1700526741\n|switch|p2a: Hatterene|Hatterene, F|66\/100\n|move|p1a: Garchomp|Dragon Tail|p2a: Hatterene\n|-immune|p2a: Hatterene\n|\n|upkeep\n|turn|4\n|\n|t:|1700526745\n|switch|p1a: Tinkaton|Tinkaton, F, shiny|100\/100\n|-ability|p1a: Tinkaton|Mold Breaker\n|move|p2a: Hatterene|Healing Wish|p2a: Hatterene\n|faint|p2a: Hatterene\n|\n|upkeep\n|\n|t:|1700526752\n|switch|p2a: Iron Treads|Iron Treads|100\/100\n|-enditem|p2a: Iron Treads|Booster Energy\n|-activate|p2a: Iron Treads|ability: Quark Drive|[fromitem]\n|-start|p2a: Iron Treads|quarkdrivespe\n|turn|5\n|inactive|Zapsuki has 120 seconds left.\n|\n|t:|1700526798\n|switch|p1a: Walking Wake|Walking Wake|100\/100\n|move|p2a: Iron Treads|Stealth Rock|p1a: Walking Wake\n|-sidestart|p1: Zapsuki|move: Stealth Rock\n|\n|upkeep\n|turn|6\n|\n|t:|1700526812\n|move|p2a: Iron Treads|Earthquake|p1a: Walking Wake\n|-crit|p1a: Walking Wake\n|-damage|p1a: Walking Wake|28\/100\n|move|p1a: Walking Wake|Scald|p2a: Iron Treads\n|-supereffective|p2a: Iron Treads\n|-damage|p2a: Iron Treads|0 fnt\n|faint|p2a: Iron Treads\n|-end|p2a: Iron Treads|Quark Drive|[silent]\n|\n|upkeep\n|\n|t:|1700526817\n|switch|p2a: Gengar|Gengar, M|100\/100\n|turn|7\n|inactive|Zapsuki has 120 seconds left.\n|\n|t:|1700526830\n|move|p2a: Gengar|Sludge Bomb|p1a: Walking Wake\n|-damage|p1a: Walking Wake|0 fnt\n|faint|p1a: Walking Wake\n|-end|p1a: Walking Wake|Protosynthesis|[silent]\n|\n|upkeep\n|inactive|Zapsuki has 120 seconds left.\n|inactive|Zapsuki has 90 seconds left.\n|\n|t:|1700526867\n|switch|p1a: Kommo-o|Kommo-o, F|100\/100\n|turn|8\n|inactive|Zapsuki has 90 seconds left.\n|\n|t:|1700526883\n|move|p2a: Gengar|Sludge Bomb|p1a: Kommo-o\n|-immune|p1a: Kommo-o|[from] ability: Bulletproof\n|move|p1a: Kommo-o|Clangorous Soul|p1a: Kommo-o\n|-boost|p1a: Kommo-o|atk|1\n|-boost|p1a: Kommo-o|def|1\n|-boost|p1a: Kommo-o|spa|1\n|-boost|p1a: Kommo-o|spd|1\n|-boost|p1a: Kommo-o|spe|1\n|-damage|p1a: Kommo-o|68\/100\n|\n|-fieldend|move: Psychic Terrain\n|upkeep\n|turn|9\n|inactive|Zapsuki has 90 seconds left.\n|\n|t:|1700526904\n|switch|p2a: Armarouge|Armarouge, M|55\/100\n|-heal|p2a: Armarouge|100\/100|[from] move: Healing Wish\n|move|p1a: Kommo-o|Clangorous Soul|p1a: Kommo-o\n|-boost|p1a: Kommo-o|atk|1\n|-boost|p1a: Kommo-o|def|1\n|-boost|p1a: Kommo-o|spa|1\n|-boost|p1a: Kommo-o|spd|1\n|-boost|p1a: Kommo-o|spe|1\n|-damage|p1a: Kommo-o|35\/100\n|\n|upkeep\n|turn|10\n|\n|t:|1700526911\n|move|p1a: Kommo-o|Clanging Scales|p2a: Armarouge\n|-enditem|p2a: Armarouge|Focus Sash\n|-damage|p2a: Armarouge|1\/100\n|-unboost|p1a: Kommo-o|def|1\n|move|p2a: Armarouge|Expanding Force|p1a: Kommo-o\n|-supereffective|p1a: Kommo-o\n|-damage|p1a: Kommo-o|0 fnt\n|faint|p1a: Kommo-o\n|\n|upkeep\n|j| SpiderKing3261\n|l| SpiderKing3261\n|\n|t:|1700526922\n|switch|p1a: Dragapult|Dragapult, M|100\/100\n|turn|11\n|\n|t:|1700526936\n|move|p1a: Dragapult|Dragon Darts|p2a: Armarouge\n|-damage|p2a: Armarouge|0 fnt\n|faint|p2a: Armarouge\n|\n|upkeep\n|\n|t:|1700526944\n|switch|p2a: Indeedee|Indeedee, M|100\/100\n|-fieldstart|move: Psychic Terrain|[from] ability: Psychic Surge|[of] p2a: Indeedee\n|turn|12\n|inactive|Zapsuki has 90 seconds left.\n|\n|t:|1700526966\n|switch|p1a: Tinkaton|Tinkaton, F, shiny|100\/100\n|-damage|p1a: Tinkaton|94\/100|[from] Stealth Rock\n|-ability|p1a: Tinkaton|Mold Breaker\n|move|p2a: Indeedee|Dazzling Gleam|p1a: Tinkaton\n|-resisted|p1a: Tinkaton\n|-damage|p1a: Tinkaton|87\/100\n|\n|-heal|p1a: Tinkaton|93\/100|[from] item: Leftovers\n|upkeep\n|turn|13\n|inactive|Zapsuki has 90 seconds left.\n|\n|t:|1700526977\n|switch|p2a: Gengar|Gengar, M|100\/100\n|move|p1a: Tinkaton|Knock Off|p2a: Gengar\n|-supereffective|p2a: Gengar\n|-damage|p2a: Gengar|28\/100\n|-enditem|p2a: Gengar|Focus Sash|[from] move: Knock Off|[of] p1a: Tinkaton\n|\n|-heal|p1a: Tinkaton|99\/100|[from] item: Leftovers\n|upkeep\n|turn|14\n|inactive|Zapsuki has 90 seconds left.\n|\n|t:|1700526992\n|switch|p1a: Garchomp|Garchomp, M|20\/100\n|-damage|p1a: Garchomp|14\/100|[from] Stealth Rock\n|move|p2a: Gengar|Shadow Ball|p1a: Garchomp\n|-damage|p1a: Garchomp|0 fnt\n|faint|p1a: Garchomp\n|\n|upkeep\n|inactive|Zapsuki has 90 seconds left.\n|\n|t:|1700526997\n|switch|p1a: Dragapult|Dragapult, M|100\/100\n|turn|15\n|\n|t:|1700527004\n|move|p1a: Dragapult|Dragon Darts|p2a: Gengar\n|-damage|p2a: Gengar|0 fnt\n|-start|p1a: Dragapult|Disable|Dragon Darts|[from] ability: Cursed Body|[of] p2a: Gengar\n|faint|p2a: Gengar\n|\n|upkeep\n|\n|t:|1700527009\n|switch|p2a: Polteageist|Polteageist|100\/100\n|turn|16\n|\n|t:|1700527023\n|switch|p1a: Tinkaton|Tinkaton, F, shiny|99\/100\n|-damage|p1a: Tinkaton|93\/100|[from] Stealth Rock\n|-ability|p1a: Tinkaton|Mold Breaker\n|move|p2a: Polteageist|Shell Smash|p2a: Polteageist\n|-unboost|p2a: Polteageist|def|1\n|-unboost|p2a: Polteageist|spd|1\n|-boost|p2a: Polteageist|atk|2\n|-boost|p2a: Polteageist|spa|2\n|-boost|p2a: Polteageist|spe|2\n|\n|-heal|p1a: Tinkaton|99\/100|[from] item: Leftovers\n|upkeep\n|turn|17\n|\n|t:|1700527034\n|move|p2a: Polteageist|Shell Smash|p2a: Polteageist\n|-unboost|p2a: Polteageist|def|1\n|-unboost|p2a: Polteageist|spd|1\n|-boost|p2a: Polteageist|atk|2\n|-boost|p2a: Polteageist|spa|2\n|-boost|p2a: Polteageist|spe|2\n|move|p1a: Tinkaton|Encore|p2a: Polteageist\n|-start|p2a: Polteageist|Encore\n|\n|-heal|p1a: Tinkaton|100\/100|[from] item: Leftovers\n|upkeep\n|turn|18\n|\n|t:|1700527043\n|move|p2a: Polteageist|Shell Smash|p2a: Polteageist\n|-unboost|p2a: Polteageist|def|1\n|-unboost|p2a: Polteageist|spd|1\n|-boost|p2a: Polteageist|atk|2\n|-boost|p2a: Polteageist|spa|2\n|-boost|p2a: Polteageist|spe|2\n|move|p1a: Tinkaton|Knock Off|p2a: Polteageist\n|-supereffective|p2a: Polteageist\n|-enditem|p2a: Polteageist|Focus Sash\n|-damage|p2a: Polteageist|1\/100\n|-ability|p2a: Polteageist|Weak Armor|boost\n|-unboost|p2a: Polteageist|def|1\n|\n|upkeep\n|turn|19\n|\n|t:|1700527047\n|switch|p2a: Indeedee|Indeedee, M|100\/100\n|move|p1a: Tinkaton|Knock Off|p2a: Indeedee\n|-supereffective|p2a: Indeedee\n|-damage|p2a: Indeedee|32\/100\n|-enditem|p2a: Indeedee|Terrain Extender|[from] move: Knock Off|[of] p1a: Tinkaton\n|\n|-fieldend|move: Psychic Terrain\n|upkeep\n|turn|20\n|\n|t:|1700527052\n|move|p2a: Indeedee|Healing Wish|p2a: Indeedee\n|faint|p2a: Indeedee\n|move|p1a: Tinkaton|Gigaton Hammer|p2: Indeedee|[notarget]\n|-fail|p1a: Tinkaton\n|\n|upkeep\n|-message|af lele.tomas forfeited.\n|\n|win|Zapsuki\n|raw|Zapsuki's rating: 1611 &rarr; <strong>1633<\/strong><br \/>(+22 for winning)\n|raw|af lele.tomas's rating: 1638 &rarr; <strong>1616<\/strong><br \/>(-22 for losing)\n|l|\u2606af lele.tomas\n","uploadtime":1700527067,"views":5,"p1id":"zapsuki","p2id":"afleletomas","formatid":"gen9ou","rating":1616,"private":0,"password":""}