{"id":"gen9ou-1990638331","p1":"Username momento","p2":"Aerowblack","format":"[Gen 9] OU","log":"|j|\u2606Username momento\n|j|\u2606Aerowblack\n|t:|1699987781\n|gametype|singles\n|player|p1|Username momento|ninjaboy|1505\n|player|p2|Aerowblack|266|1400\n|teamsize|p1|6\n|teamsize|p2|6\n|gen|9\n|tier|[Gen 9] OU\n|rated|\n|rule|Sleep Clause Mod: Limit one foe put to sleep\n|rule|Species Clause: Limit one of each Pok\u00e9mon\n|rule|OHKO Clause: OHKO moves are banned\n|rule|Evasion Items Clause: Evasion items are banned\n|rule|Evasion Moves Clause: Evasion moves are banned\n|rule|Endless Battle Clause: Forcing endless battles is banned\n|rule|HP Percentage Mod: HP is shown in percentages\n|clearpoke\n|poke|p1|Meowscarada, F|\n|poke|p1|Kingambit, F|\n|poke|p1|Zapdos|\n|poke|p1|Zamazenta-*|\n|poke|p1|Great Tusk|\n|poke|p1|Iron Moth|\n|poke|p2|Dragonite, M|\n|poke|p2|Great Tusk|\n|poke|p2|Empoleon, F|\n|poke|p2|Sinistcha|\n|poke|p2|Skeledirge, M|\n|poke|p2|Slaking, M|\n|teampreview\n|inactive|Battle timer is ON: inactive players will automatically lose when time's up. (requested by Username momento)\n|\n|t:|1699987801\n|start\n|switch|p1a: Meowscarada|Meowscarada, F|100\/100\n|switch|p2a: Dragonite|Dragonite, M|100\/100\n|turn|1\n|\n|t:|1699987810\n|move|p1a: Meowscarada|U-turn|p2a: Dragonite\n|-start|p1a: Meowscarada|typechange|Bug|[from] ability: Protean\n|-resisted|p2a: Dragonite\n|-damage|p2a: Dragonite|90\/100\n|\n|t:|1699987819\n|switch|p1a: Zapdos|Zapdos|100\/100|[from] U-turn\n|move|p2a: Dragonite|Thunder Wave|p1a: Zapdos\n|-immune|p1a: Zapdos\n|\n|upkeep\n|turn|2\n|\n|t:|1699987844\n|switch|p2a: Great Tusk|Great Tusk|100\/100\n|-enditem|p2a: Great Tusk|Booster Energy\n|-activate|p2a: Great Tusk|ability: Protosynthesis|[fromitem]\n|-start|p2a: Great Tusk|protosynthesisspe\n|move|p1a: Zapdos|Hurricane|p2a: Great Tusk|[miss]\n|-miss|p1a: Zapdos|p2a: Great Tusk\n|\n|upkeep\n|turn|3\n|inactive|Aerowblack has 120 seconds left.\n|\n|t:|1699987861\n|move|p2a: Great Tusk|Ice Spinner|p1a: Zapdos\n|-supereffective|p1a: Zapdos\n|-damage|p1a: Zapdos|46\/100\n|-status|p2a: Great Tusk|par|[from] ability: Static|[of] p1a: Zapdos\n|move|p1a: Zapdos|Hurricane|p2a: Great Tusk\n|-supereffective|p2a: Great Tusk\n|-damage|p2a: Great Tusk|0 fnt\n|faint|p2a: Great Tusk\n|-end|p2a: Great Tusk|Protosynthesis|[silent]\n|\n|upkeep\n|inactive|Aerowblack has 120 seconds left.\n|\n|t:|1699987870\n|switch|p2a: Slaking|Slaking, M, shiny|100\/100\n|turn|4\n|\n|t:|1699987888\n|move|p1a: Zapdos|Volt Switch|p2a: Slaking\n|-damage|p2a: Slaking|61\/100\n|\n|t:|1699987890\n|switch|p1a: Kingambit|Kingambit, F|100\/100|[from] Volt Switch\n|move|p2a: Slaking|Giga Impact|p1a: Kingambit\n|-resisted|p1a: Kingambit\n|-damage|p1a: Kingambit|43\/100\n|-mustrecharge|p2a: Slaking\n|\n|-heal|p1a: Kingambit|50\/100|[from] item: Leftovers\n|upkeep\n|turn|5\n|\n|t:|1699987905\n|cant|p2a: Slaking|recharge\n|move|p1a: Kingambit|Kowtow Cleave|p2a: Slaking\n|-damage|p2a: Slaking|20\/100\n|\n|-heal|p1a: Kingambit|56\/100|[from] item: Leftovers\n|upkeep\n|turn|6\n|\n|t:|1699987918\n|switch|p2a: Empoleon|Empoleon, F|100\/100\n|move|p1a: Kingambit|Sucker Punch||[still]\n|-fail|p1a: Kingambit\n|\n|-heal|p1a: Kingambit|62\/100|[from] item: Leftovers\n|upkeep\n|turn|7\n|\n|t:|1699987928\n|move|p2a: Empoleon|Surf|p1a: Kingambit\n|-damage|p1a: Kingambit|19\/100\n|move|p1a: Kingambit|Swords Dance|p1a: Kingambit\n|-boost|p1a: Kingambit|atk|2\n|\n|-heal|p1a: Kingambit|26\/100|[from] item: Leftovers\n|upkeep\n|turn|8\n|\n|t:|1699987943\n|switch|p2a: Skeledirge|Skeledirge, M|100\/100\n|-item|p2a: Skeledirge|Air Balloon\n|move|p1a: Kingambit|Sucker Punch||[still]\n|-fail|p1a: Kingambit\n|\n|-heal|p1a: Kingambit|32\/100|[from] item: Leftovers\n|upkeep\n|turn|9\n|\n|t:|1699987953\n|move|p2a: Skeledirge|Will-O-Wisp|p1a: Kingambit|[miss]\n|-miss|p2a: Skeledirge|p1a: Kingambit\n|move|p1a: Kingambit|Kowtow Cleave|p2a: Skeledirge\n|-supereffective|p2a: Skeledirge\n|-crit|p2a: Skeledirge\n|-damage|p2a: Skeledirge|0 fnt\n|-enditem|p2a: Skeledirge|Air Balloon\n|faint|p2a: Skeledirge\n|\n|-heal|p1a: Kingambit|38\/100|[from] item: Leftovers\n|upkeep\n|c|\u2606Username momento|Man\n|\n|t:|1699987968\n|switch|p2a: Empoleon|Empoleon, F|100\/100\n|turn|10\n|\n|t:|1699987972\n|move|p1a: Kingambit|Sucker Punch|p2a: Empoleon\n|-damage|p2a: Empoleon|23\/100\n|move|p2a: Empoleon|Surf|p1a: Kingambit\n|-damage|p1a: Kingambit|0 fnt\n|faint|p1a: Kingambit\n|-end|p1a: Kingambit|fallenundefined|[silent]\n|\n|upkeep\n|\n|t:|1699987977\n|switch|p1a: Meowscarada|Meowscarada, F|100\/100\n|turn|11\n|\n|t:|1699987984\n|move|p1a: Meowscarada|Knock Off|p2a: Empoleon\n|-start|p1a: Meowscarada|typechange|Dark|[from] ability: Protean\n|-damage|p2a: Empoleon|0 fnt\n|-enditem|p2a: Empoleon|Assault Vest|[from] move: Knock Off|[of] p1a: Meowscarada\n|faint|p2a: Empoleon\n|\n|upkeep\n|\n|t:|1699987995\n|switch|p2a: Slaking|Slaking, M, shiny|20\/100\n|turn|12\n|\n|t:|1699988003\n|move|p1a: Meowscarada|Knock Off|p2a: Slaking\n|-damage|p2a: Slaking|0 fnt\n|-enditem|p2a: Slaking|Choice Band|[from] move: Knock Off|[of] p1a: Meowscarada\n|faint|p2a: Slaking\n|\n|upkeep\n|\n|t:|1699988009\n|switch|p2a: Dragonite|Dragonite, M|90\/100\n|turn|13\n|\n|t:|1699988012\n|move|p1a: Meowscarada|Knock Off|p2a: Dragonite\n|-damage|p2a: Dragonite|28\/100\n|-enditem|p2a: Dragonite|Heavy-Duty Boots|[from] move: Knock Off|[of] p1a: Meowscarada\n|move|p2a: Dragonite|Thunder Wave|p1a: Meowscarada\n|-status|p1a: Meowscarada|par\n|\n|upkeep\n|turn|14\n|\n|t:|1699988020\n|move|p2a: Dragonite|Roost|p2a: Dragonite\n|-heal|p2a: Dragonite|78\/100\n|-singleturn|p2a: Dragonite|move: Roost\n|cant|p1a: Meowscarada|par\n|\n|upkeep\n|turn|15\n|\n|t:|1699988030\n|switch|p1a: Zapdos|Zapdos|46\/100\n|move|p2a: Dragonite|Roost|p2a: Dragonite\n|-heal|p2a: Dragonite|100\/100\n|-singleturn|p2a: Dragonite|move: Roost\n|\n|upkeep\n|turn|16\n|\n|t:|1699988039\n|move|p1a: Zapdos|Roost|p1a: Zapdos\n|-heal|p1a: Zapdos|96\/100\n|-singleturn|p1a: Zapdos|move: Roost\n|move|p2a: Dragonite|Dragon Rush|p1a: Zapdos\n|-damage|p1a: Zapdos|35\/100\n|\n|upkeep\n|turn|17\n|\n|t:|1699988054\n|-terastallize|p1a: Zapdos|Steel\n|move|p1a: Zapdos|Roost|p1a: Zapdos\n|-heal|p1a: Zapdos|85\/100\n|move|p2a: Dragonite|Dragon Rush|p1a: Zapdos|[miss]\n|-miss|p2a: Dragonite|p1a: Zapdos\n|\n|upkeep\n|turn|18\n|\n|t:|1699988063\n|move|p1a: Zapdos|Discharge|p2a: Dragonite\n|-damage|p2a: Dragonite|83\/100\n|move|p2a: Dragonite|Thunder Wave|p1a: Zapdos\n|-status|p1a: Zapdos|par\n|\n|upkeep\n|turn|19\n|\n|t:|1699988074\n|move|p2a: Dragonite|Roost|p2a: Dragonite\n|-heal|p2a: Dragonite|100\/100\n|-singleturn|p2a: Dragonite|move: Roost\n|move|p1a: Zapdos|Discharge|p2a: Dragonite\n|-resisted|p2a: Dragonite\n|-damage|p2a: Dragonite|92\/100\n|\n|upkeep\n|turn|20\n|\n|t:|1699988084\n|move|p2a: Dragonite|Roost|p2a: Dragonite\n|-heal|p2a: Dragonite|100\/100\n|-singleturn|p2a: Dragonite|move: Roost\n|move|p1a: Zapdos|Discharge|p2a: Dragonite\n|-resisted|p2a: Dragonite\n|-damage|p2a: Dragonite|91\/100\n|\n|upkeep\n|turn|21\n|\n|t:|1699988092\n|switch|p2a: Sinistcha|Sinistcha, shiny|100\/100\n|move|p1a: Zapdos|Discharge|p2a: Sinistcha\n|-resisted|p2a: Sinistcha\n|-damage|p2a: Sinistcha|78\/100\n|-status|p2a: Sinistcha|par\n|\n|-heal|p2a: Sinistcha|85\/100 par|[from] item: Leftovers\n|upkeep\n|turn|22\n|\n|t:|1699988104\n|-terastallize|p2a: Sinistcha|Poison\n|cant|p1a: Zapdos|par\n|move|p2a: Sinistcha|Calm Mind|p2a: Sinistcha\n|-boost|p2a: Sinistcha|spa|1\n|-boost|p2a: Sinistcha|spd|1\n|\n|-heal|p2a: Sinistcha|91\/100 par|[from] item: Leftovers\n|upkeep\n|turn|23\n|\n|t:|1699988124\n|switch|p1a: Great Tusk|Great Tusk|100\/100\n|-enditem|p1a: Great Tusk|Booster Energy\n|-activate|p1a: Great Tusk|ability: Protosynthesis|[fromitem]\n|-start|p1a: Great Tusk|protosynthesisatk\n|move|p2a: Sinistcha|Calm Mind|p2a: Sinistcha\n|-boost|p2a: Sinistcha|spa|1\n|-boost|p2a: Sinistcha|spd|1\n|\n|-heal|p2a: Sinistcha|97\/100 par|[from] item: Leftovers\n|upkeep\n|turn|24\n|\n|t:|1699988137\n|move|p1a: Great Tusk|Earthquake|p2a: Sinistcha\n|-supereffective|p2a: Sinistcha\n|-damage|p2a: Sinistcha|0 fnt\n|faint|p2a: Sinistcha\n|\n|upkeep\n|\n|t:|1699988142\n|switch|p2a: Dragonite|Dragonite, M|91\/100\n|turn|25\n|\n|t:|1699988147\n|move|p1a: Great Tusk|Ice Spinner|p2a: Dragonite\n|-supereffective|p2a: Dragonite\n|-damage|p2a: Dragonite|0 fnt\n|faint|p2a: Dragonite\n|\n|win|Username momento\n|raw|Username momento's rating: 1505 &rarr; <strong>1519<\/strong><br \/>(+14 for winning)\n|raw|Aerowblack's rating: 1400 &rarr; <strong>1386<\/strong><br \/>(-14 for losing)\n","uploadtime":1699988159,"views":7,"p1id":"usernamemomento","p2id":"aerowblack","formatid":"gen9ou","rating":1386,"private":0,"password":""}