{"id":"gen9ou-1993203083","p1":"jumboDorito","p2":"6APA","format":"[Gen 9] OU","log":"|j|\u2606jumboDorito\n|j|\u26066APA\n|t:|1700277536\n|gametype|singles\n|player|p1|jumboDorito|juan|1141\n|player|p2|6APA|hiker-gen4|1137\n|teamsize|p1|6\n|teamsize|p2|6\n|gen|9\n|tier|[Gen 9] OU\n|rated|\n|rule|Sleep Clause Mod: Limit one foe put to sleep\n|rule|Species Clause: Limit one of each Pok\u00e9mon\n|rule|OHKO Clause: OHKO moves are banned\n|rule|Evasion Items Clause: Evasion items are banned\n|rule|Evasion Moves Clause: Evasion moves are banned\n|rule|Endless Battle Clause: Forcing endless battles is banned\n|rule|HP Percentage Mod: HP is shown in percentages\n|clearpoke\n|poke|p1|Iron Leaves|\n|poke|p1|Thundurus, M|\n|poke|p1|Electrode-Hisui|\n|poke|p1|Avalugg-Hisui, F|\n|poke|p1|Golem-Alola, F|\n|poke|p1|Okidogi, M|\n|poke|p2|Iron Moth|\n|poke|p2|Cinderace, M|\n|poke|p2|Alomomola, F|\n|poke|p2|Zapdos|\n|poke|p2|Gholdengo|\n|poke|p2|Great Tusk|\n|teampreview\n|inactive|Battle timer is ON: inactive players will automatically lose when time's up. (requested by 6APA)\n|\n|t:|1700277564\n|start\n|switch|p1a: Djinn Darin|Thundurus, M|100\/100\n|switch|p2a: Great Tusk|Great Tusk|100\/100\n|turn|1\n|\n|t:|1700277577\n|move|p1a: Djinn Darin|Knock Off|p2a: Great Tusk\n|-resisted|p2a: Great Tusk\n|-crit|p2a: Great Tusk\n|-damage|p2a: Great Tusk|90\/100\n|-enditem|p2a: Great Tusk|Leftovers|[from] move: Knock Off|[of] p1a: Djinn Darin\n|move|p2a: Great Tusk|Ice Spinner|p1a: Djinn Darin\n|-supereffective|p1a: Djinn Darin\n|-damage|p1a: Djinn Darin|11\/100\n|\n|upkeep\n|turn|2\n|\n|t:|1700277592\n|move|p1a: Djinn Darin|Electric Terrain|p1a: Djinn Darin\n|-fieldstart|move: Electric Terrain\n|move|p2a: Great Tusk|Rapid Spin|p1a: Djinn Darin\n|-damage|p1a: Djinn Darin|0 fnt\n|-boost|p2a: Great Tusk|spe|1\n|faint|p1a: Djinn Darin\n|\n|upkeep\n|\n|t:|1700277599\n|switch|p1a: Virizion 5G|Iron Leaves|100\/100\n|-activate|p1a: Virizion 5G|ability: Quark Drive\n|-start|p1a: Virizion 5G|quarkdrivespe\n|-enditem|p1a: Virizion 5G|Electric Seed\n|-boost|p1a: Virizion 5G|def|1|[from] item: Electric Seed\n|turn|3\n|\n|t:|1700277606\n|move|p1a: Virizion 5G|Swords Dance|p1a: Virizion 5G\n|-boost|p1a: Virizion 5G|atk|2\n|move|p2a: Great Tusk|Ice Spinner|p1a: Virizion 5G\n|-supereffective|p1a: Virizion 5G\n|-damage|p1a: Virizion 5G|51\/100\n|-fieldend|move: Electric Terrain\n|-end|p1a: Virizion 5G|Quark Drive\n|\n|upkeep\n|turn|4\n|\n|t:|1700277614\n|move|p1a: Virizion 5G|Leaf Blade|p2a: Great Tusk\n|-supereffective|p2a: Great Tusk\n|-crit|p2a: Great Tusk\n|-damage|p2a: Great Tusk|0 fnt\n|faint|p2a: Great Tusk\n|-end|p2a: Great Tusk|Protosynthesis|[silent]\n|\n|upkeep\n|\n|t:|1700277618\n|switch|p2a: Iron Moth|Iron Moth|100\/100\n|turn|5\n|\n|t:|1700277628\n|-end|p1a: Virizion 5G|Quark Drive|[silent]\n|switch|p1a: Super Mario|Golem-Alola, F, shiny|100\/100\n|move|p2a: Iron Moth|Fiery Dance|p1a: Super Mario\n|-resisted|p1a: Super Mario\n|-damage|p1a: Super Mario|67\/100\n|\n|upkeep\n|turn|6\n|\n|t:|1700277633\n|-end|p2a: Iron Moth|Quark Drive|[silent]\n|switch|p2a: Alomomola|Alomomola, F|100\/100\n|move|p1a: Super Mario|Stone Edge|p2a: Alomomola\n|-damage|p2a: Alomomola|74\/100\n|\n|-heal|p2a: Alomomola|80\/100|[from] item: Leftovers\n|upkeep\n|turn|7\n|\n|t:|1700277642\n|move|p2a: Alomomola|Protect|p2a: Alomomola\n|-singleturn|p2a: Alomomola|Protect\n|move|p1a: Super Mario|Explosion|p2a: Alomomola\n|-activate|p2a: Alomomola|move: Protect\n|faint|p1a: Super Mario\n|\n|-heal|p2a: Alomomola|86\/100|[from] item: Leftovers\n|upkeep\n|\n|t:|1700277648\n|switch|p1a: Big Baller|Electrode-Hisui, shiny|100\/100\n|turn|8\n|\n|t:|1700277668\n|switch|p2a: Zapdos|Zapdos|100\/100\n|move|p1a: Big Baller|Electric Terrain|p1a: Big Baller\n|-fieldstart|move: Electric Terrain\n|\n|upkeep\n|turn|9\n|\n|t:|1700277673\n|move|p1a: Big Baller|Volt Switch|p2a: Zapdos\n|-damage|p2a: Zapdos|57\/100\n|\n|t:|1700277677\n|switch|p1a: Titanic #1 Enemy|Avalugg-Hisui, F|100\/100|[from] Volt Switch\n|move|p2a: Zapdos|Hurricane|p1a: Titanic #1 Enemy\n|-resisted|p1a: Titanic #1 Enemy\n|-damage|p1a: Titanic #1 Enemy|44\/100\n|\n|upkeep\n|turn|10\n|\n|t:|1700277689\n|move|p2a: Zapdos|U-turn|p1a: Titanic #1 Enemy\n|-damage|p1a: Titanic #1 Enemy|37\/100\n|\n|t:|1700277690\n|switch|p2a: Gholdengo|Gholdengo|100\/100|[from] U-turn\n|move|p1a: Titanic #1 Enemy|Mountain Gale|p2a: Gholdengo\n|-resisted|p2a: Gholdengo\n|-damage|p2a: Gholdengo|69\/100\n|\n|upkeep\n|turn|11\n|\n|t:|1700277705\n|move|p2a: Gholdengo|Psychic|p1a: Titanic #1 Enemy\n|-damage|p1a: Titanic #1 Enemy|0 fnt\n|faint|p1a: Titanic #1 Enemy\n|\n|upkeep\n|\n|t:|1700277716\n|switch|p1a: Virizion 5G|Iron Leaves|51\/100\n|-activate|p1a: Virizion 5G|ability: Quark Drive\n|-start|p1a: Virizion 5G|quarkdrivespe\n|turn|12\n|\n|t:|1700277720\n|move|p1a: Virizion 5G|Psyblade|p2a: Gholdengo\n|-resisted|p2a: Gholdengo\n|-damage|p2a: Gholdengo|37\/100\n|move|p2a: Gholdengo|Psychic|p1a: Virizion 5G\n|-resisted|p1a: Virizion 5G\n|-damage|p1a: Virizion 5G|37\/100\n|\n|upkeep\n|turn|13\n|\n|t:|1700277731\n|move|p1a: Virizion 5G|Wild Charge|p2a: Gholdengo\n|-damage|p2a: Gholdengo|0 fnt\n|faint|p2a: Gholdengo\n|-damage|p1a: Virizion 5G|28\/100|[from] Recoil\n|\n|upkeep\n|\n|t:|1700277734\n|switch|p2a: Iron Moth|Iron Moth|100\/100\n|-activate|p2a: Iron Moth|ability: Quark Drive\n|-start|p2a: Iron Moth|quarkdrivespa\n|turn|14\n|\n|t:|1700277739\n|-terastallize|p2a: Iron Moth|Fairy\n|move|p1a: Virizion 5G|Psyblade|p2a: Iron Moth\n|-damage|p2a: Iron Moth|0 fnt\n|faint|p2a: Iron Moth\n|-end|p2a: Iron Moth|Quark Drive|[silent]\n|\n|upkeep\n|-message|6APA forfeited.\n|\n|win|jumboDorito\n|raw|jumboDorito's rating: 1141 &rarr; <strong>1166<\/strong><br \/>(+25 for winning)\n|raw|6APA's rating: 1137 &rarr; <strong>1112<\/strong><br \/>(-25 for losing)\n|l|\u26066APA\n","uploadtime":1700277756,"views":14,"p1id":"jumbodorito","p2id":"6apa","formatid":"gen9ou","rating":1112,"private":0,"password":""}