{"id":"gen9ou-1988692654","p1":"taoke","p2":"xiaoheizi114514","format":"[Gen 9] OU","log":"|j|\u2606taoke\n|j|\u2606xiaoheizi114514\n|t:|1699751359\n|gametype|singles\n|player|p1|taoke|cyclist|\n|player|p2|xiaoheizi114514|cyclist|\n|teamsize|p1|6\n|teamsize|p2|6\n|gen|9\n|tier|[Gen 9] OU\n|rated|Tournament battle\n|rule|Sleep Clause Mod: Limit one foe put to sleep\n|rule|Species Clause: Limit one of each Pok\u00e9mon\n|rule|OHKO Clause: OHKO moves are banned\n|rule|Evasion Items Clause: Evasion items are banned\n|rule|Evasion Moves Clause: Evasion moves are banned\n|rule|Endless Battle Clause: Forcing endless battles is banned\n|rule|HP Percentage Mod: HP is shown in percentages\n|clearpoke\n|poke|p1|Walking Wake|\n|poke|p1|Great Tusk|\n|poke|p1|Ting-Lu|\n|poke|p1|Gholdengo|\n|poke|p1|Vaporeon, F|\n|poke|p1|Kingambit, M|\n|poke|p2|Dragapult, M|\n|poke|p2|Alomomola, F|\n|poke|p2|Slowking-Galar, F|\n|poke|p2|Great Tusk|\n|poke|p2|Ting-Lu|\n|poke|p2|Kingambit, M|\n|teampreview\n|c|\u2606xiaoheizi114514|\u9003\u8bfe\u8001\u5e08\u597d\n|c|\u2606taoke|\u4e0a\u5348\u597d\n|j| XYStarshine.\u661f\u8000\n|\n|t:|1699751387\n|start\n|switch|p1a: Walking Wake|Walking Wake|100\/100\n|switch|p2a: Dragapult|Dragapult, M|100\/100\n|turn|1\n|\n|t:|1699751398\n|-end|p1a: Walking Wake|Protosynthesis|[silent]\n|switch|p1a: Ting-Lu|Ting-Lu|100\/100\n|-ability|p1a: Ting-Lu|Vessel of Ruin\n|move|p2a: Dragapult|Draco Meteor|p1a: Ting-Lu|[miss]\n|-miss|p2a: Dragapult|p1a: Ting-Lu\n|\n|upkeep\n|turn|2\n|\n|t:|1699751403\n|switch|p2a: Great Tusk|Great Tusk|100\/100\n|move|p1a: Ting-Lu|Stealth Rock|p2a: Great Tusk\n|-sidestart|p2: xiaoheizi114514|move: Stealth Rock\n|\n|upkeep\n|turn|3\n|\n|t:|1699751407\n|move|p2a: Great Tusk|Knock Off|p1a: Ting-Lu\n|-resisted|p1a: Ting-Lu\n|-damage|p1a: Ting-Lu|94\/100\n|-enditem|p1a: Ting-Lu|Leftovers|[from] move: Knock Off|[of] p2a: Great Tusk\n|move|p1a: Ting-Lu|Ruination|p2a: Great Tusk\n|-damage|p2a: Great Tusk|50\/100\n|\n|-heal|p2a: Great Tusk|57\/100|[from] item: Leftovers\n|upkeep\n|turn|4\n|\n|t:|1699751411\n|switch|p1a: Great Tusk|Great Tusk|100\/100\n|move|p2a: Great Tusk|Close Combat|p1a: Great Tusk\n|-damage|p1a: Great Tusk|64\/100\n|-unboost|p2a: Great Tusk|def|1\n|-unboost|p2a: Great Tusk|spd|1\n|\n|-heal|p1a: Great Tusk|70\/100|[from] item: Leftovers\n|-heal|p2a: Great Tusk|63\/100|[from] item: Leftovers\n|upkeep\n|turn|5\n|\n|t:|1699751416\n|move|p1a: Great Tusk|Ice Spinner|p2a: Great Tusk\n|-supereffective|p2a: Great Tusk\n|-damage|p2a: Great Tusk|24\/100\n|move|p2a: Great Tusk|Rapid Spin|p1a: Great Tusk\n|-damage|p1a: Great Tusk|60\/100\n|-boost|p2a: Great Tusk|spe|1\n|-sideend|p2: xiaoheizi114514|Stealth Rock|[from] move: Rapid Spin|[of] p2a: Great Tusk\n|\n|-heal|p2a: Great Tusk|30\/100|[from] item: Leftovers\n|-heal|p1a: Great Tusk|66\/100|[from] item: Leftovers\n|upkeep\n|turn|6\n|\n|t:|1699751425\n|-end|p2a: Great Tusk|Protosynthesis|[silent]\n|switch|p2a: Alomomola|Alomomola, F, shiny|100\/100\n|move|p1a: Great Tusk|Headlong Rush|p2a: Alomomola\n|-damage|p2a: Alomomola|67\/100\n|-unboost|p1a: Great Tusk|def|1\n|-unboost|p1a: Great Tusk|spd|1\n|\n|-heal|p1a: Great Tusk|72\/100|[from] item: Leftovers\n|upkeep\n|turn|7\n|\n|t:|1699751434\n|-end|p1a: Great Tusk|Protosynthesis|[silent]\n|switch|p1a: Walking Wake|Walking Wake|100\/100\n|move|p2a: Alomomola|Wish|p2a: Alomomola\n|\n|upkeep\n|turn|8\n|\n|t:|1699751444\n|switch|p2a: Ting-Lu|Ting-Lu|100\/100\n|-ability|p2a: Ting-Lu|Vessel of Ruin\n|move|p1a: Walking Wake|Draco Meteor|p2a: Ting-Lu\n|-damage|p2a: Ting-Lu|57\/100\n|-unboost|p1a: Walking Wake|spa|2\n|\n|-heal|p2a: Ting-Lu|100\/100|[from] move: Wish|[wisher] Alomomola\n|upkeep\n|turn|9\n|\n|t:|1699751453\n|-end|p1a: Walking Wake|Protosynthesis|[silent]\n|switch|p1a: Ting-Lu|Ting-Lu|94\/100\n|-ability|p1a: Ting-Lu|Vessel of Ruin\n|switch|p2a: Alomomola|Alomomola, F, shiny|100\/100\n|\n|upkeep\n|turn|10\n|j| hainiumm\n|j| EonDuoLatias\n|j| quiteghost\n|\n|t:|1699751458\n|move|p1a: Ting-Lu|Stealth Rock|p2a: Alomomola\n|-sidestart|p2: xiaoheizi114514|move: Stealth Rock\n|move|p2a: Alomomola|Scald|p1a: Ting-Lu\n|-supereffective|p1a: Ting-Lu\n|-damage|p1a: Ting-Lu|82\/100\n|\n|upkeep\n|turn|11\n|\n|t:|1699751463\n|switch|p1a: Vaporeon|Vaporeon, F|100\/100\n|move|p2a: Alomomola|Scald|p1a: Vaporeon\n|-immune|p1a: Vaporeon|[from] ability: Water Absorb\n|\n|upkeep\n|turn|12\n|\n|t:|1699751468\n|move|p1a: Vaporeon|Scald|p2a: Alomomola\n|-resisted|p2a: Alomomola\n|-damage|p2a: Alomomola|82\/100\n|-status|p2a: Alomomola|brn\n|move|p2a: Alomomola|Wish|p2a: Alomomola\n|\n|-damage|p2a: Alomomola|76\/100 brn|[from] brn\n|upkeep\n|turn|13\n|\n|t:|1699751476\n|switch|p2a: Dragapult|Dragapult, M|100\/100\n|-damage|p2a: Dragapult|88\/100|[from] Stealth Rock\n|move|p1a: Vaporeon|Scald|p2a: Dragapult\n|-resisted|p2a: Dragapult\n|-damage|p2a: Dragapult|67\/100\n|\n|-heal|p2a: Dragapult|100\/100|[from] move: Wish|[wisher] Alomomola\n|upkeep\n|turn|14\n|\n|t:|1699751485\n|-terastallize|p2a: Dragapult|Dragon\n|move|p1a: Vaporeon|Protect|p1a: Vaporeon\n|-singleturn|p1a: Vaporeon|Protect\n|move|p2a: Dragapult|Draco Meteor|p1a: Vaporeon\n|-activate|p1a: Vaporeon|move: Protect\n|\n|upkeep\n|turn|15\n|\n|t:|1699751493\n|switch|p1a: Kingambit|Kingambit, M|100\/100\n|move|p2a: Dragapult|Draco Meteor|p1a: Kingambit\n|-resisted|p1a: Kingambit\n|-damage|p1a: Kingambit|43\/100\n|-unboost|p2a: Dragapult|spa|2\n|\n|-heal|p1a: Kingambit|49\/100|[from] item: Leftovers\n|upkeep\n|turn|16\n|\n|t:|1699751502\n|switch|p2a: Ting-Lu|Ting-Lu|100\/100\n|-damage|p2a: Ting-Lu|94\/100|[from] Stealth Rock\n|-ability|p2a: Ting-Lu|Vessel of Ruin\n|move|p1a: Kingambit|Iron Head|p2a: Ting-Lu\n|-damage|p2a: Ting-Lu|70\/100\n|\n|-heal|p1a: Kingambit|55\/100|[from] item: Leftovers\n|-heal|p2a: Ting-Lu|76\/100|[from] item: Leftovers\n|upkeep\n|turn|17\n|\n|t:|1699751512\n|-end|p1a: Kingambit|fallenundefined|[silent]\n|switch|p1a: Great Tusk|Great Tusk|72\/100\n|move|p2a: Ting-Lu|Earthquake|p1a: Great Tusk\n|-damage|p1a: Great Tusk|44\/100\n|\n|-heal|p1a: Great Tusk|50\/100|[from] item: Leftovers\n|-heal|p2a: Ting-Lu|82\/100|[from] item: Leftovers\n|upkeep\n|turn|18\n|\n|t:|1699751517\n|switch|p2a: Alomomola|Alomomola, F, shiny|100\/100 brn\n|move|p1a: Great Tusk|Close Combat|p2a: Alomomola\n|-damage|p2a: Alomomola|67\/100 brn\n|-unboost|p1a: Great Tusk|def|1\n|-unboost|p1a: Great Tusk|spd|1\n|\n|-heal|p1a: Great Tusk|57\/100|[from] item: Leftovers\n|-damage|p2a: Alomomola|61\/100 brn|[from] brn\n|upkeep\n|turn|19\n|\n|t:|1699751525\n|-end|p1a: Great Tusk|Protosynthesis|[silent]\n|switch|p1a: Walking Wake|Walking Wake|100\/100\n|move|p2a: Alomomola|Wish|p2a: Alomomola\n|\n|-damage|p2a: Alomomola|55\/100 brn|[from] brn\n|upkeep\n|turn|20\n|\n|t:|1699751532\n|switch|p2a: Slowking|Slowking-Galar, F|100\/100\n|move|p1a: Walking Wake|Dragon Pulse|p2a: Slowking\n|-damage|p2a: Slowking|46\/100\n|\n|-heal|p2a: Slowking|100\/100|[from] move: Wish|[wisher] Alomomola\n|upkeep\n|turn|21\n|\n|t:|1699751541\n|move|p1a: Walking Wake|Dragon Pulse|p2a: Slowking\n|-damage|p2a: Slowking|51\/100\n|move|p2a: Slowking|Sludge Bomb|p1a: Walking Wake\n|-damage|p1a: Walking Wake|62\/100\n|\n|upkeep\n|turn|22\n|\n|t:|1699751546\n|move|p1a: Walking Wake|Dragon Pulse|p2a: Slowking\n|-damage|p2a: Slowking|1\/100\n|move|p2a: Slowking|Chilly Reception|p2a: Slowking\n|-weather|Snow\n|\n|t:|1699751550\n|switch|p2a: Kingambit|Kingambit, M|100\/100|[from] Chilly Reception\n|-damage|p2a: Kingambit|94\/100|[from] Stealth Rock\n|\n|-weather|Snow|[upkeep]\n|upkeep\n|turn|23\n|\n|t:|1699751558\n|-end|p1a: Walking Wake|Protosynthesis|[silent]\n|switch|p1a: Ting-Lu|Ting-Lu|82\/100\n|-ability|p1a: Ting-Lu|Vessel of Ruin\n|-end|p2a: Kingambit|fallenundefined|[silent]\n|switch|p2a: Dragapult|Dragapult, M, tera:Dragon|100\/100\n|-damage|p2a: Dragapult|88\/100|[from] Stealth Rock\n|\n|-weather|Snow|[upkeep]\n|upkeep\n|turn|24\n|\n|t:|1699751566\n|move|p2a: Dragapult|Draco Meteor|p1a: Ting-Lu\n|-damage|p1a: Ting-Lu|33\/100\n|-unboost|p2a: Dragapult|spa|2\n|move|p1a: Ting-Lu|Earthquake|p2a: Dragapult\n|-crit|p2a: Dragapult\n|-damage|p2a: Dragapult|11\/100\n|\n|-weather|Snow|[upkeep]\n|upkeep\n|turn|25\n|c|\u2606xiaoheizi114514|uh\n|\n|t:|1699751589\n|switch|p2a: Alomomola|Alomomola, F, shiny|88\/100 brn\n|move|p1a: Ting-Lu|Earthquake|p2a: Alomomola\n|-damage|p2a: Alomomola|69\/100 brn\n|\n|-weather|Snow|[upkeep]\n|-damage|p2a: Alomomola|63\/100 brn|[from] brn\n|upkeep\n|turn|26\n|inactive|Battle timer is ON: inactive players will automatically lose when time's up. (requested by xiaoheizi114514)\n|\n|t:|1699751596\n|switch|p1a: Vaporeon|Vaporeon, F|100\/100\n|move|p2a: Alomomola|Protect||[still]\n|-fail|p2a: Alomomola\n|\n|-weather|none\n|-damage|p2a: Alomomola|57\/100 brn|[from] brn\n|upkeep\n|turn|27\n|\n|t:|1699751603\n|switch|p2a: Slowking|Slowking-Galar, F|34\/100\n|move|p1a: Vaporeon|Scald|p2a: Slowking\n|-damage|p2a: Slowking|12\/100\n|\n|upkeep\n|turn|28\n|\n|t:|1699751610\n|switch|p2a: Alomomola|Alomomola, F, shiny|90\/100 brn\n|move|p1a: Vaporeon|Scald|p2a: Alomomola\n|-resisted|p2a: Alomomola\n|-damage|p2a: Alomomola|74\/100 brn\n|\n|-damage|p2a: Alomomola|68\/100 brn|[from] brn\n|upkeep\n|turn|29\n|\n|t:|1699751617\n|move|p1a: Vaporeon|Wish|p1a: Vaporeon\n|move|p2a: Alomomola|Wish|p2a: Alomomola\n|\n|-damage|p2a: Alomomola|62\/100 brn|[from] brn\n|upkeep\n|turn|30\n|\n|t:|1699751628\n|switch|p2a: Great Tusk|Great Tusk|30\/100\n|-damage|p2a: Great Tusk|27\/100|[from] Stealth Rock\n|move|p1a: Vaporeon|Scald|p2a: Great Tusk\n|-supereffective|p2a: Great Tusk\n|-damage|p2a: Great Tusk|0 fnt\n|faint|p2a: Great Tusk\n|-end|p2a: Great Tusk|Protosynthesis|[silent]\n|\n|upkeep\n|\n|t:|1699751635\n|switch|p2a: Ting-Lu|Ting-Lu|82\/100\n|-damage|p2a: Ting-Lu|76\/100|[from] Stealth Rock\n|-ability|p2a: Ting-Lu|Vessel of Ruin\n|turn|31\n|\n|t:|1699751639\n|move|p1a: Vaporeon|Scald|p2a: Ting-Lu\n|-supereffective|p2a: Ting-Lu\n|-damage|p2a: Ting-Lu|50\/100\n|move|p2a: Ting-Lu|Stealth Rock|p1a: Vaporeon\n|-sidestart|p1: taoke|move: Stealth Rock\n|\n|-heal|p2a: Ting-Lu|56\/100|[from] item: Leftovers\n|upkeep\n|turn|32\n|\n|t:|1699751646\n|switch|p2a: Slowking|Slowking-Galar, F|45\/100\n|move|p1a: Vaporeon|Scald|p2a: Slowking\n|-damage|p2a: Slowking|22\/100\n|\n|upkeep\n|turn|33\n|l| quiteghost\n|\n|t:|1699751652\n|switch|p2a: Alomomola|Alomomola, F, shiny|95\/100 brn\n|move|p1a: Vaporeon|Scald|p2a: Alomomola\n|-resisted|p2a: Alomomola\n|-crit|p2a: Alomomola\n|-damage|p2a: Alomomola|70\/100 brn\n|\n|-damage|p2a: Alomomola|64\/100 brn|[from] brn\n|upkeep\n|turn|34\n|\n|t:|1699751661\n|switch|p2a: Slowking|Slowking-Galar, F|56\/100\n|move|p1a: Vaporeon|Wish|p1a: Vaporeon\n|\n|upkeep\n|turn|35\n|\n|t:|1699751672\n|switch|p1a: Great Tusk|Great Tusk|57\/100\n|-damage|p1a: Great Tusk|54\/100|[from] Stealth Rock\n|move|p2a: Slowking|Sludge Bomb|p1a: Great Tusk\n|-resisted|p1a: Great Tusk\n|-damage|p1a: Great Tusk|27\/100\n|\n|-heal|p1a: Great Tusk|90\/100|[from] move: Wish|[wisher] Vaporeon\n|-heal|p1a: Great Tusk|96\/100|[from] item: Leftovers\n|upkeep\n|turn|36\n|\n|t:|1699751685\n|move|p1a: Great Tusk|Headlong Rush|p2a: Slowking\n|-supereffective|p2a: Slowking\n|-damage|p2a: Slowking|0 fnt\n|-unboost|p1a: Great Tusk|def|1\n|-unboost|p1a: Great Tusk|spd|1\n|faint|p2a: Slowking\n|\n|-heal|p1a: Great Tusk|100\/100|[from] item: Leftovers\n|upkeep\n|j| YJLF2\n|\n|t:|1699751691\n|switch|p2a: Alomomola|Alomomola, F, shiny|98\/100 brn\n|turn|37\n|\n|t:|1699751697\n|switch|p2a: Dragapult|Dragapult, M, tera:Dragon|11\/100\n|-damage|p2a: Dragapult|0 fnt|[from] Stealth Rock\n|faint|p2a: Dragapult\n|move|p1a: Great Tusk|Rapid Spin|p2: Dragapult|[notarget]\n|-fail|p1a: Great Tusk\n|\n|upkeep\n|\n|t:|1699751703\n|switch|p2a: Alomomola|Alomomola, F, shiny|100\/100 brn\n|turn|38\n|\n|t:|1699751706\n|move|p1a: Great Tusk|Rapid Spin|p2a: Alomomola\n|-damage|p2a: Alomomola|92\/100 brn\n|-boost|p1a: Great Tusk|spe|1\n|-sideend|p1: taoke|Stealth Rock|[from] move: Rapid Spin|[of] p1a: Great Tusk\n|move|p2a: Alomomola|Scald|p1a: Great Tusk\n|-supereffective|p1a: Great Tusk\n|-damage|p1a: Great Tusk|42\/100\n|\n|-heal|p1a: Great Tusk|48\/100|[from] item: Leftovers\n|-damage|p2a: Alomomola|85\/100 brn|[from] brn\n|upkeep\n|turn|39\n|\n|t:|1699751719\n|-end|p1a: Great Tusk|Protosynthesis|[silent]\n|switch|p1a: Walking Wake|Walking Wake|62\/100\n|switch|p2a: Ting-Lu|Ting-Lu|56\/100\n|-damage|p2a: Ting-Lu|50\/100|[from] Stealth Rock\n|-ability|p2a: Ting-Lu|Vessel of Ruin\n|\n|-heal|p2a: Ting-Lu|56\/100|[from] item: Leftovers\n|upkeep\n|turn|40\n|\n|t:|1699751726\n|move|p1a: Walking Wake|Hydro Steam|p2a: Ting-Lu\n|-supereffective|p2a: Ting-Lu\n|-damage|p2a: Ting-Lu|7\/100\n|move|p2a: Ting-Lu|Earthquake|p1a: Walking Wake\n|-damage|p1a: Walking Wake|23\/100\n|\n|-heal|p2a: Ting-Lu|13\/100|[from] item: Leftovers\n|upkeep\n|turn|41\n|\n|t:|1699751731\n|move|p1a: Walking Wake|Hydro Steam|p2a: Ting-Lu\n|-supereffective|p2a: Ting-Lu\n|-crit|p2a: Ting-Lu\n|-damage|p2a: Ting-Lu|0 fnt\n|faint|p2a: Ting-Lu\n|\n|upkeep\n|\n|t:|1699751733\n|switch|p2a: Kingambit|Kingambit, M|94\/100\n|-damage|p2a: Kingambit|88\/100|[from] Stealth Rock\n|-activate|p2a: Kingambit|ability: Supreme Overlord\n|-start|p2a: Kingambit|fallen4|[silent]\n|turn|42\n|\n|t:|1699751736\n|move|p1a: Walking Wake|Hydro Steam|p2a: Kingambit\n|-damage|p2a: Kingambit|25\/100\n|move|p2a: Kingambit|Swords Dance|p2a: Kingambit\n|-boost|p2a: Kingambit|atk|2\n|\n|upkeep\n|turn|43\n|\n|t:|1699751743\n|move|p2a: Kingambit|Sucker Punch|p1a: Walking Wake\n|-damage|p1a: Walking Wake|0 fnt\n|faint|p1a: Walking Wake\n|-end|p1a: Walking Wake|Protosynthesis|[silent]\n|\n|upkeep\n|\n|t:|1699751761\n|switch|p1a: Vaporeon|Vaporeon, F|100\/100\n|turn|44\n|\n|t:|1699751772\n|move|p1a: Vaporeon|Scald|p2a: Kingambit\n|-damage|p2a: Kingambit|0 fnt\n|faint|p2a: Kingambit\n|-end|p2a: Kingambit|fallen4|[silent]\n|\n|upkeep\n|-message|xiaoheizi114514 forfeited.\n|\n|win|taoke\n|n|\u2606taoke|taoke\n|n|\u2606xiaoheizi114514|xiaoheizi114514\n|n| XYStarshine.\u661f\u8000|xystarshine\n|n| hainiumm|hainiumm\n|n| EonDuoLatias|eonduolatias\n|n| YJLF2|yjlf2\n","uploadtime":1699751778,"views":12,"p1id":"taoke","p2id":"xiaoheizi114514","formatid":"gen9ou","rating":0,"private":0,"password":""}