{"id":"gen9ou-1993324515","p1":"pepitodu14","p2":"4Roses","format":"[Gen 9] OU","log":"|j|\u2606pepitodu14\n|j|\u26064Roses\n|t:|1700298519\n|gametype|singles\n|player|p1|pepitodu14|grimsley|1522\n|player|p2|4Roses|fantina|1491\n|teamsize|p1|6\n|teamsize|p2|6\n|gen|9\n|tier|[Gen 9] OU\n|rated|\n|rule|Sleep Clause Mod: Limit one foe put to sleep\n|rule|Species Clause: Limit one of each Pok\u00e9mon\n|rule|OHKO Clause: OHKO moves are banned\n|rule|Evasion Items Clause: Evasion items are banned\n|rule|Evasion Moves Clause: Evasion moves are banned\n|rule|Endless Battle Clause: Forcing endless battles is banned\n|rule|HP Percentage Mod: HP is shown in percentages\n|clearpoke\n|poke|p1|Walking Wake|\n|poke|p1|Zamazenta-*|\n|poke|p1|Iron Moth|\n|poke|p1|Kingambit, F|\n|poke|p1|Dragonite, M|\n|poke|p1|Great Tusk|\n|poke|p2|Iron Moth|\n|poke|p2|Enamorus, F|\n|poke|p2|Heatran, F|\n|poke|p2|Ogerpon-Wellspring, F|\n|poke|p2|Great Tusk|\n|poke|p2|Clefable, M|\n|teampreview\n|inactive|Battle timer is ON: inactive players will automatically lose when time's up. (requested by 4Roses)\n|\n|t:|1700298547\n|start\n|switch|p1a: Iron Moth|Iron Moth|100\/100\n|switch|p2a: Clefable|Clefable, M|100\/100\n|-enditem|p1a: Iron Moth|Booster Energy\n|-activate|p1a: Iron Moth|ability: Quark Drive|[fromitem]\n|-start|p1a: Iron Moth|quarkdrivespe\n|turn|1\n|\n|t:|1700298554\n|-end|p1a: Iron Moth|Quark Drive|[silent]\n|switch|p1a: Walking Wake|Walking Wake|100\/100\n|-enditem|p1a: Walking Wake|Booster Energy\n|-activate|p1a: Walking Wake|ability: Protosynthesis|[fromitem]\n|-start|p1a: Walking Wake|protosynthesisspa\n|switch|p2a: Heatran|Heatran, F|100\/100\n|\n|upkeep\n|turn|2\n|\n|t:|1700298562\n|switch|p2a: Ogerpon|Ogerpon-Wellspring, F|100\/100\n|move|p1a: Walking Wake|Dragon Pulse|p2a: Ogerpon\n|-damage|p2a: Ogerpon|29\/100\n|\n|upkeep\n|turn|3\n|\n|t:|1700298569\n|move|p2a: Ogerpon|Wood Hammer|p1a: Walking Wake\n|-damage|p1a: Walking Wake|26\/100\n|-damage|p2a: Ogerpon|0 fnt|[from] Recoil\n|faint|p2a: Ogerpon\n|move|p1a: Walking Wake|Flamethrower|p2: Ogerpon|[notarget]\n|-fail|p1a: Walking Wake\n|\n|upkeep\n|\n|t:|1700298572\n|switch|p2a: Enamorus|Enamorus, F|100\/100\n|turn|4\n|\n|t:|1700298578\n|-end|p1a: Walking Wake|Protosynthesis|[silent]\n|switch|p1a: Iron Moth|Iron Moth|100\/100\n|move|p2a: Enamorus|Moonblast|p1a: Iron Moth\n|-resisted|p1a: Iron Moth\n|-damage|p1a: Iron Moth|88\/100\n|-unboost|p1a: Iron Moth|spa|1\n|\n|upkeep\n|turn|5\n|\n|t:|1700298585\n|switch|p2a: Heatran|Heatran, F|100\/100\n|-end|p1a: Iron Moth|Quark Drive|[silent]\n|switch|p1a: Walking Wake|Walking Wake|26\/100\n|\n|upkeep\n|turn|6\n|\n|t:|1700298604\n|-terastallize|p2a: Heatran|Grass\n|move|p1a: Walking Wake|Surf|p2a: Heatran\n|-resisted|p2a: Heatran\n|-damage|p2a: Heatran|84\/100\n|move|p2a: Heatran|Earth Power|p1a: Walking Wake\n|-damage|p1a: Walking Wake|0 fnt\n|faint|p1a: Walking Wake\n|-end|p1a: Walking Wake|Protosynthesis|[silent]\n|\n|-heal|p2a: Heatran|91\/100|[from] item: Leftovers\n|upkeep\n|\n|t:|1700298624\n|switch|p1a: Dragonite|Dragonite, M|100\/100\n|turn|7\n|inactive|4Roses has 120 seconds left.\n|\n|t:|1700298667\n|move|p1a: Dragonite|Dragon Dance|p1a: Dragonite\n|-boost|p1a: Dragonite|atk|1\n|-boost|p1a: Dragonite|spe|1\n|move|p2a: Heatran|Magma Storm|p1a: Dragonite\n|-resisted|p1a: Dragonite\n|-damage|p1a: Dragonite|89\/100\n|-activate|p1a: Dragonite|move: Magma Storm|[of] p2a: Heatran\n|\n|-heal|p2a: Heatran|97\/100|[from] item: Leftovers\n|-damage|p1a: Dragonite|77\/100|[from] move: Magma Storm|[partiallytrapped]\n|upkeep\n|turn|8\n|\n|t:|1700298676\n|move|p1a: Dragonite|Ice Spinner|p2a: Heatran\n|-supereffective|p2a: Heatran\n|-damage|p2a: Heatran|19\/100\n|move|p2a: Heatran|Taunt|p1a: Dragonite\n|-start|p1a: Dragonite|move: Taunt\n|\n|-heal|p2a: Heatran|25\/100|[from] item: Leftovers\n|-damage|p1a: Dragonite|64\/100|[from] move: Magma Storm|[partiallytrapped]\n|upkeep\n|turn|9\n|inactive|4Roses has 120 seconds left.\n|\n|t:|1700298685\n|move|p2a: Heatran|Protect|p2a: Heatran\n|-singleturn|p2a: Heatran|Protect\n|move|p1a: Dragonite|Ice Spinner|p2a: Heatran\n|-activate|p2a: Heatran|move: Protect\n|\n|-heal|p2a: Heatran|31\/100|[from] item: Leftovers\n|-damage|p1a: Dragonite|52\/100|[from] move: Magma Storm|[partiallytrapped]\n|upkeep\n|turn|10\n|\n|t:|1700298692\n|switch|p2a: Clefable|Clefable, M|100\/100\n|move|p1a: Dragonite|Ice Spinner|p2a: Clefable\n|-crit|p2a: Clefable\n|-damage|p2a: Clefable|4\/100\n|\n|-end|p1a: Dragonite|Magma Storm|[partiallytrapped]|[silent]\n|upkeep\n|turn|11\n|\n|t:|1700298699\n|move|p1a: Dragonite|Extreme Speed|p2a: Clefable\n|-damage|p2a: Clefable|0 fnt\n|faint|p2a: Clefable\n|\n|-end|p1a: Dragonite|move: Taunt\n|upkeep\n|\n|t:|1700298704\n|switch|p2a: Great Tusk|Great Tusk|100\/100\n|turn|12\n|\n|t:|1700298717\n|move|p1a: Dragonite|Ice Spinner|p2a: Great Tusk\n|-supereffective|p2a: Great Tusk\n|-damage|p2a: Great Tusk|46\/100\n|move|p2a: Great Tusk|Stealth Rock|p1a: Dragonite\n|-sidestart|p1: pepitodu14|move: Stealth Rock\n|\n|-heal|p2a: Great Tusk|52\/100|[from] item: Leftovers\n|upkeep\n|turn|13\n|\n|t:|1700298727\n|move|p1a: Dragonite|Ice Spinner|p2a: Great Tusk\n|-supereffective|p2a: Great Tusk\n|-damage|p2a: Great Tusk|0 fnt\n|faint|p2a: Great Tusk\n|-end|p2a: Great Tusk|Protosynthesis|[silent]\n|\n|upkeep\n|\n|t:|1700298729\n|switch|p2a: Iron Moth|Iron Moth|100\/100\n|-enditem|p2a: Iron Moth|Booster Energy\n|-activate|p2a: Iron Moth|ability: Quark Drive|[fromitem]\n|-start|p2a: Iron Moth|quarkdrivespe\n|turn|14\n|\n|t:|1700298735\n|-terastallize|p1a: Dragonite|Normal\n|move|p1a: Dragonite|Extreme Speed|p2a: Iron Moth\n|-crit|p2a: Iron Moth\n|-damage|p2a: Iron Moth|0 fnt\n|faint|p2a: Iron Moth\n|-end|p2a: Iron Moth|Quark Drive|[silent]\n|\n|upkeep\n|\n|t:|1700298742\n|switch|p2a: Enamorus|Enamorus, F|100\/100\n|turn|15\n|\n|t:|1700298748\n|move|p1a: Dragonite|Extreme Speed|p2a: Enamorus\n|-damage|p2a: Enamorus|0 fnt\n|faint|p2a: Enamorus\n|\n|upkeep\n|-message|4Roses forfeited.\n|\n|win|pepitodu14\n|raw|pepitodu14's rating: 1522 &rarr; <strong>1540<\/strong><br \/>(+18 for winning)\n|raw|4Roses's rating: 1491 &rarr; <strong>1473<\/strong><br \/>(-18 for losing)\n|l|\u26064Roses\n","uploadtime":1700298771,"views":10,"p1id":"pepitodu14","p2id":"4roses","formatid":"gen9ou","rating":1473,"private":0,"password":""}