{"id":"gen9ou-1997492358","p1":"Rmcarmicheal","p2":"Inciniratr","format":"[Gen 9] OU","log":"|j|\u2606Rmcarmicheal\n|j|\u2606Inciniratr\n|t:|1700814784\n|gametype|singles\n|player|p1|Rmcarmicheal|102|1298\n|player|p2|Inciniratr|veteran|1350\n|teamsize|p1|6\n|teamsize|p2|6\n|gen|9\n|tier|[Gen 9] OU\n|rated|\n|rule|Sleep Clause Mod: Limit one foe put to sleep\n|rule|Species Clause: Limit one of each Pok\u00e9mon\n|rule|OHKO Clause: OHKO moves are banned\n|rule|Evasion Items Clause: Evasion items are banned\n|rule|Evasion Moves Clause: Evasion moves are banned\n|rule|Endless Battle Clause: Forcing endless battles is banned\n|rule|HP Percentage Mod: HP is shown in percentages\n|clearpoke\n|poke|p1|Glimmora, M|\n|poke|p1|Sinistcha|\n|poke|p1|Cinderace, M|\n|poke|p1|Alomomola, M|\n|poke|p1|Ditto|\n|poke|p1|Gholdengo|\n|poke|p2|Iron Valiant|\n|poke|p2|Thundurus-Therian, M|\n|poke|p2|Cinderace, F|\n|poke|p2|Garganacl, M|\n|poke|p2|Kingambit, M|\n|poke|p2|Dragapult, F|\n|teampreview\n|inactive|Battle timer is ON: inactive players will automatically lose when time's up. (requested by Rmcarmicheal)\n|\n|t:|1700814796\n|start\n|switch|p1a: Glimmora|Glimmora, M|100\/100\n|switch|p2a: Garganacl|Garganacl, M|100\/100\n|turn|1\n|\n|t:|1700814823\n|move|p1a: Glimmora|Earth Power|p2a: Garganacl\n|-supereffective|p2a: Garganacl\n|-damage|p2a: Garganacl|65\/100\n|move|p2a: Garganacl|Salt Cure|p1a: Glimmora\n|-damage|p1a: Glimmora|87\/100\n|-start|p1a: Glimmora|Salt Cure\n|-activate|p1a: Glimmora|ability: Toxic Debris\n|-sidestart|p2: Inciniratr|move: Toxic Spikes\n|\n|-heal|p2a: Garganacl|71\/100|[from] item: Leftovers\n|-damage|p1a: Glimmora|74\/100|[from] Salt Cure\n|upkeep\n|turn|2\n|\n|t:|1700814835\n|switch|p1a: Gholdengo|Gholdengo|100\/100\n|move|p2a: Garganacl|Curse|p2a: Garganacl\n|-unboost|p2a: Garganacl|spe|1\n|-boost|p2a: Garganacl|atk|1\n|-boost|p2a: Garganacl|def|1\n|\n|-heal|p2a: Garganacl|77\/100|[from] item: Leftovers\n|upkeep\n|turn|3\n|\n|t:|1700814840\n|move|p1a: Gholdengo|Make It Rain|p2a: Garganacl\n|-supereffective|p2a: Garganacl\n|-damage|p2a: Garganacl|0 fnt\n|-unboost|p1a: Gholdengo|spa|1\n|faint|p2a: Garganacl\n|\n|upkeep\n|\n|t:|1700814844\n|switch|p2a: Cinderace|Cinderace, F|100\/100\n|turn|4\n|\n|t:|1700814849\n|-terastallize|p1a: Gholdengo|Steel\n|move|p1a: Gholdengo|Make It Rain|p2a: Cinderace\n|-resisted|p2a: Cinderace\n|-damage|p2a: Cinderace|65\/100\n|-unboost|p1a: Gholdengo|spa|1\n|move|p2a: Cinderace|Pyro Ball|p1a: Gholdengo|[miss]\n|-miss|p2a: Cinderace|p1a: Gholdengo\n|\n|upkeep\n|turn|5\n|\n|t:|1700814854\n|switch|p1a: Alomomola|Alomomola, M|100\/100\n|move|p2a: Cinderace|Court Change|p2a: Cinderace\n|-start|p2a: Cinderace|typechange|Normal|[from] ability: Libero\n|-swapsideconditions\n|-activate|p2a: Cinderace|move: Court Change\n|\n|upkeep\n|turn|6\n|\n|t:|1700814859\n|switch|p2a: Thundurus|Thundurus-Therian, M|100\/100\n|move|p1a: Alomomola|Flip Turn|p2a: Thundurus\n|-damage|p2a: Thundurus|77\/100\n|\n|t:|1700814862\n|switch|p1a: Glimmora|Glimmora, M|74\/100|[from] Flip Turn\n|-sideend|p1: Rmcarmicheal|move: Toxic Spikes|[of] p1a: Glimmora\n|\n|upkeep\n|turn|7\n|\n|t:|1700814870\n|move|p2a: Thundurus|Volt Switch|p1a: Glimmora\n|-damage|p1a: Glimmora|30\/100\n|\n|t:|1700814876\n|switch|p2a: Kingambit|Kingambit, M|100\/100|[from] Volt Switch\n|-activate|p2a: Kingambit|ability: Supreme Overlord\n|-start|p2a: Kingambit|fallen1|[silent]\n|move|p1a: Glimmora|Toxic|p2a: Kingambit\n|-immune|p2a: Kingambit\n|\n|upkeep\n|turn|8\n|\n|t:|1700814887\n|switch|p1a: Cinderace|Cinderace, M|100\/100\n|move|p2a: Kingambit|Sucker Punch||[still]\n|-fail|p2a: Kingambit\n|\n|upkeep\n|turn|9\n|\n|t:|1700814890\n|-terastallize|p2a: Kingambit|Dark\n|move|p1a: Cinderace|Will-O-Wisp|p2a: Kingambit\n|-status|p2a: Kingambit|brn\n|move|p2a: Kingambit|Kowtow Cleave|p1a: Cinderace\n|-damage|p1a: Cinderace|34\/100\n|\n|-damage|p2a: Kingambit|94\/100 brn|[from] brn\n|upkeep\n|turn|10\n|\n|t:|1700814903\n|switch|p1a: Glimmora|Glimmora, M|30\/100\n|move|p2a: Kingambit|Kowtow Cleave|p1a: Glimmora\n|-damage|p1a: Glimmora|0 fnt\n|-activate|p1a: Glimmora|ability: Toxic Debris\n|-sidestart|p2: Inciniratr|move: Toxic Spikes\n|faint|p1a: Glimmora\n|\n|-damage|p2a: Kingambit|88\/100 brn|[from] brn\n|upkeep\n|\n|t:|1700814911\n|switch|p1a: Alomomola|Alomomola, M|100\/100\n|turn|11\n|\n|t:|1700814914\n|move|p2a: Kingambit|Kowtow Cleave|p1a: Alomomola\n|-damage|p1a: Alomomola|76\/100\n|-damage|p2a: Kingambit|72\/100 brn|[from] item: Rocky Helmet|[of] p1a: Alomomola\n|move|p1a: Alomomola|Whirlpool|p2a: Kingambit\n|-damage|p2a: Kingambit|64\/100 brn\n|-activate|p2a: Kingambit|move: Whirlpool|[of] p1a: Alomomola\n|\n|-damage|p2a: Kingambit|58\/100 brn|[from] brn\n|-damage|p2a: Kingambit|46\/100 brn|[from] move: Whirlpool|[partiallytrapped]\n|upkeep\n|turn|12\n|\n|t:|1700814918\n|move|p2a: Kingambit|Kowtow Cleave|p1a: Alomomola\n|-damage|p1a: Alomomola|49\/100\n|-damage|p2a: Kingambit|30\/100 brn|[from] item: Rocky Helmet|[of] p1a: Alomomola\n|move|p1a: Alomomola|Wish|p1a: Alomomola\n|\n|-damage|p2a: Kingambit|23\/100 brn|[from] brn\n|-damage|p2a: Kingambit|11\/100 brn|[from] move: Whirlpool|[partiallytrapped]\n|upkeep\n|turn|13\n|\n|t:|1700814922\n|move|p1a: Alomomola|Protect|p1a: Alomomola\n|-singleturn|p1a: Alomomola|Protect\n|move|p2a: Kingambit|Swords Dance|p2a: Kingambit\n|-boost|p2a: Kingambit|atk|2\n|\n|-heal|p1a: Alomomola|99\/100|[from] move: Wish|[wisher] Alomomola\n|-damage|p2a: Kingambit|5\/100 brn|[from] brn\n|-damage|p2a: Kingambit|0 fnt|[from] move: Whirlpool|[partiallytrapped]\n|faint|p2a: Kingambit\n|-end|p2a: Kingambit|fallen1|[silent]\n|upkeep\n|\n|t:|1700814925\n|switch|p2a: Cinderace|Cinderace, F|65\/100\n|turn|14\n|\n|t:|1700814927\n|move|p2a: Cinderace|Court Change|p2a: Cinderace\n|-start|p2a: Cinderace|typechange|Normal|[from] ability: Libero\n|-swapsideconditions\n|-activate|p2a: Cinderace|move: Court Change\n|move|p1a: Alomomola|Whirlpool|p2a: Cinderace\n|-damage|p2a: Cinderace|57\/100\n|-activate|p2a: Cinderace|move: Whirlpool|[of] p1a: Alomomola\n|\n|-damage|p2a: Cinderace|45\/100|[from] move: Whirlpool|[partiallytrapped]\n|upkeep\n|turn|15\n|\n|t:|1700814930\n|move|p1a: Alomomola|Protect|p1a: Alomomola\n|-singleturn|p1a: Alomomola|Protect\n|move|p2a: Cinderace|U-turn|p1a: Alomomola\n|-activate|p1a: Alomomola|move: Protect\n|\n|-damage|p2a: Cinderace|33\/100|[from] move: Whirlpool|[partiallytrapped]\n|upkeep\n|turn|16\n|\n|t:|1700814935\n|move|p2a: Cinderace|U-turn|p1a: Alomomola\n|-damage|p1a: Alomomola|87\/100\n|-damage|p2a: Cinderace|16\/100|[from] item: Rocky Helmet|[of] p1a: Alomomola\n|\n|t:|1700814941\n|switch|p2a: Thundurus|Thundurus-Therian, M|77\/100|[from] U-turn\n|move|p1a: Alomomola|Flip Turn|p2a: Thundurus\n|-damage|p2a: Thundurus|53\/100\n|\n|t:|1700814945\n|switch|p1a: Cinderace|Cinderace, M|34\/100|[from] Flip Turn\n|\n|upkeep\n|turn|17\n|\n|t:|1700814948\n|move|p2a: Thundurus|Volt Switch|p1a: Cinderace\n|-damage|p1a: Cinderace|0 fnt\n|faint|p1a: Cinderace\n|\n|t:|1700814952\n|switch|p2a: Cinderace|Cinderace, F|16\/100|[from] Volt Switch\n|\n|upkeep\n|\n|t:|1700814955\n|switch|p1a: Gholdengo|Gholdengo, tera:Steel|100\/100\n|turn|18\n|\n|t:|1700814958\n|move|p1a: Gholdengo|Shadow Ball|p2a: Cinderace\n|-damage|p2a: Cinderace|0 fnt\n|faint|p2a: Cinderace\n|\n|upkeep\n|\n|t:|1700814962\n|switch|p2a: Iron Valiant|Iron Valiant|100\/100\n|-enditem|p2a: Iron Valiant|Booster Energy\n|-activate|p2a: Iron Valiant|ability: Quark Drive|[fromitem]\n|-start|p2a: Iron Valiant|quarkdrivespe\n|turn|19\n|\n|t:|1700814969\n|switch|p1a: Alomomola|Alomomola, M|100\/100\n|-status|p1a: Alomomola|psn\n|move|p2a: Iron Valiant|Calm Mind|p2a: Iron Valiant\n|-boost|p2a: Iron Valiant|spa|1\n|-boost|p2a: Iron Valiant|spd|1\n|\n|-damage|p1a: Alomomola|88\/100 psn|[from] psn\n|upkeep\n|turn|20\n|\n|t:|1700814971\n|move|p2a: Iron Valiant|Moonblast|p1a: Alomomola\n|-damage|p1a: Alomomola|11\/100 psn\n|-unboost|p1a: Alomomola|spa|1\n|move|p1a: Alomomola|Flip Turn|p2a: Iron Valiant\n|-damage|p2a: Iron Valiant|81\/100\n|\n|t:|1700814974\n|switch|p1a: Ditto|Ditto|100\/100|[from] Flip Turn\n|-status|p1a: Ditto|psn\n|-transform|p1a: Ditto|p2a: Iron Valiant|[from] ability: Imposter\n|\n|-damage|p1a: Ditto|88\/100 psn|[from] psn\n|upkeep\n|turn|21\n|\n|t:|1700814980\n|move|p2a: Iron Valiant|Moonblast|p1a: Ditto\n|-supereffective|p1a: Ditto\n|-crit|p1a: Ditto\n|-damage|p1a: Ditto|0 fnt\n|faint|p1a: Ditto\n|-end|p1a: Ditto|Quark Drive|[silent]\n|\n|upkeep\n|\n|t:|1700814982\n|switch|p1a: Gholdengo|Gholdengo, tera:Steel|100\/100\n|turn|22\n|\n|t:|1700814987\n|move|p2a: Iron Valiant|Aura Sphere|p1a: Gholdengo\n|-supereffective|p1a: Gholdengo\n|-damage|p1a: Gholdengo|0 fnt\n|faint|p1a: Gholdengo\n|\n|upkeep\n|\n|t:|1700814995\n|switch|p1a: Sinistcha|Sinistcha|100\/100\n|-status|p1a: Sinistcha|psn\n|turn|23\n|\n|t:|1700814998\n|move|p2a: Iron Valiant|Calm Mind|p2a: Iron Valiant\n|-boost|p2a: Iron Valiant|spa|1\n|-boost|p2a: Iron Valiant|spd|1\n|move|p1a: Sinistcha|Calm Mind|p1a: Sinistcha\n|-boost|p1a: Sinistcha|spa|1\n|-boost|p1a: Sinistcha|spd|1\n|\n|-damage|p1a: Sinistcha|88\/100 psn|[from] psn\n|upkeep\n|turn|24\n|\n|t:|1700815000\n|move|p2a: Iron Valiant|Moonblast|p1a: Sinistcha\n|-damage|p1a: Sinistcha|20\/100 psn\n|-unboost|p1a: Sinistcha|spa|1\n|move|p1a: Sinistcha|Calm Mind|p1a: Sinistcha\n|-boost|p1a: Sinistcha|spa|1\n|-boost|p1a: Sinistcha|spd|1\n|\n|-heal|p1a: Sinistcha|27\/100 psn|[from] item: Leftovers\n|-damage|p1a: Sinistcha|14\/100 psn|[from] psn\n|upkeep\n|turn|25\n|l|\u2606Rmcarmicheal\n|inactive|Rmcarmicheal disconnected and has a minute to reconnect!\n|player|p1|\n|inactive|Rmcarmicheal has 30 seconds to reconnect!\n|inactive|Rmcarmicheal has 20 seconds to reconnect!\n|inactive|Rmcarmicheal has 15 seconds to reconnect!\n|inactive|Rmcarmicheal has 10 seconds to reconnect!\n|inactive|Rmcarmicheal has 5 seconds to reconnect!\n|-message|Rmcarmicheal lost due to inactivity.\n|\n|win|Inciniratr\n|raw|Rmcarmicheal's rating: 1298 &rarr; <strong>1277<\/strong><br \/>(-21 for losing)\n|raw|Inciniratr's rating: 1350 &rarr; <strong>1367<\/strong><br \/>(+17 for winning)\n","uploadtime":1700815262,"views":3,"p1id":"rmcarmicheal","p2id":"inciniratr","formatid":"gen9ou","rating":1277,"private":0,"password":""}