{"id":"gen9ou-1995601738","p1":"lvcinda","p2":"FireFrostDragon","format":"[Gen 9] OU","log":"|j|\u2606lvcinda\n|j|\u2606FireFrostDragon\n|inactive|Battle timer is ON: inactive players will automatically lose when time's up.\n|t:|1700586531\n|gametype|singles\n|player|p1|lvcinda|cynthia-anime2|\n|player|p2|FireFrostDragon|acetrainerf|\n|teamsize|p1|2\n|teamsize|p2|2\n|gen|9\n|tier|[Gen 9] OU\n|rated|Tournament battle\n|rule|Sleep Clause Mod: Limit one foe put to sleep\n|rule|Species Clause: Limit one of each Pok\u00e9mon\n|rule|OHKO Clause: OHKO moves are banned\n|rule|Evasion Items Clause: Evasion items are banned\n|rule|Evasion Moves Clause: Evasion moves are banned\n|rule|Endless Battle Clause: Forcing endless battles is banned\n|rule|HP Percentage Mod: HP is shown in percentages\n|clearpoke\n|poke|p1|Toedscool, F|\n|poke|p1|Eelektross, M|\n|poke|p2|Meowth-Galar, F|\n|poke|p2|Misdreavus, M|\n|teampreview\n|j|*Lady Monita \u2746\n|\n|t:|1700586546\n|start\n|switch|p1a: Eelektross|Eelektross, M|100\/100\n|switch|p2a: Meowth|Meowth-Galar, F|100\/100\n|turn|1\n|\n|t:|1700586551\n|move|p2a: Meowth|Fake Out|p1a: Eelektross\n|-damage|p1a: Eelektross|88\/100\n|cant|p1a: Eelektross|flinch\n|\n|-heal|p1a: Eelektross|94\/100|[from] item: Leftovers\n|upkeep\n|turn|2\n|\n|t:|1700586553\n|move|p2a: Meowth|Taunt|p1a: Eelektross\n|-start|p1a: Eelektross|move: Taunt\n|cant|p1a: Eelektross|move: Taunt|Coil\n|\n|-heal|p1a: Eelektross|100\/100|[from] item: Leftovers\n|upkeep\n|turn|3\n|\n|t:|1700586558\n|move|p2a: Meowth|Knock Off|p1a: Eelektross\n|-damage|p1a: Eelektross|69\/100\n|-enditem|p1a: Eelektross|Leftovers|[from] move: Knock Off|[of] p2a: Meowth\n|move|p1a: Eelektross|Knock Off|p2a: Meowth\n|-damage|p2a: Meowth|24\/100\n|-enditem|p2a: Meowth|Focus Sash|[from] move: Knock Off|[of] p1a: Eelektross\n|\n|upkeep\n|turn|4\n|\n|t:|1700586568\n|move|p2a: Meowth|Iron Head|p1a: Eelektross\n|-resisted|p1a: Eelektross\n|-damage|p1a: Eelektross|52\/100\n|cant|p1a: Eelektross|flinch\n|\n|-end|p1a: Eelektross|move: Taunt\n|upkeep\n|turn|5\n|\n|t:|1700586572\n|move|p2a: Meowth|Taunt|p1a: Eelektross\n|-start|p1a: Eelektross|move: Taunt\n|move|p1a: Eelektross|Drain Punch|p2a: Meowth\n|-supereffective|p2a: Meowth\n|-damage|p2a: Meowth|0 fnt\n|-heal|p1a: Eelektross|59\/100|[from] drain|[of] p2a: Meowth\n|faint|p2a: Meowth\n|\n|upkeep\n|\n|t:|1700586576\n|switch|p2a: Misdreavus|Misdreavus, M|100\/100\n|turn|6\n|\n|t:|1700586579\n|move|p2a: Misdreavus|Will-O-Wisp|p1a: Eelektross\n|-status|p1a: Eelektross|brn\n|move|p1a: Eelektross|Knock Off|p2a: Misdreavus\n|-supereffective|p2a: Misdreavus\n|-damage|p2a: Misdreavus|63\/100\n|-enditem|p2a: Misdreavus|Eviolite|[from] move: Knock Off|[of] p1a: Eelektross\n|\n|-damage|p1a: Eelektross|53\/100 brn|[from] brn\n|upkeep\n|turn|7\n|\n|t:|1700586586\n|switch|p1a: Toedscool|Toedscool, F|100\/100\n|move|p2a: Misdreavus|Hex|p1a: Toedscool\n|-damage|p1a: Toedscool|78\/100\n|\n|upkeep\n|turn|8\n|\n|t:|1700586605\n|move|p2a: Misdreavus|Will-O-Wisp|p1a: Toedscool\n|-status|p1a: Toedscool|brn\n|move|p1a: Toedscool|Spore|p2a: Misdreavus\n|-status|p2a: Misdreavus|slp|[from] move: Spore\n|\n|-damage|p1a: Toedscool|72\/100 brn|[from] brn\n|upkeep\n|turn|9\n|\n|t:|1700586614\n|cant|p2a: Misdreavus|slp\n|move|p1a: Toedscool|Power Whip|p2a: Misdreavus\n|-damage|p2a: Misdreavus|38\/100 slp\n|\n|-damage|p1a: Toedscool|66\/100 brn|[from] brn\n|upkeep\n|turn|10\n|\n|t:|1700586629\n|-terastallize|p2a: Misdreavus|Fairy\n|cant|p2a: Misdreavus|slp\n|move|p1a: Toedscool|Knock Off|p2a: Misdreavus\n|-resisted|p2a: Misdreavus\n|-damage|p2a: Misdreavus|33\/100 slp\n|\n|-damage|p1a: Toedscool|60\/100 brn|[from] brn\n|upkeep\n|turn|11\n|\n|t:|1700586632\n|cant|p2a: Misdreavus|slp\n|move|p1a: Toedscool|Power Whip|p2a: Misdreavus\n|-damage|p2a: Misdreavus|5\/100 slp\n|\n|-damage|p1a: Toedscool|54\/100 brn|[from] brn\n|upkeep\n|turn|12\n|inactive|FireFrostDragon has 120 seconds left.\n|\n|t:|1700586675\n|-curestatus|p2a: Misdreavus|slp|[msg]\n|move|p2a: Misdreavus|Hex|p1a: Toedscool\n|-damage|p1a: Toedscool|5\/100 brn\n|move|p1a: Toedscool|Spore|p2a: Misdreavus\n|-status|p2a: Misdreavus|slp|[from] move: Spore\n|\n|-damage|p1a: Toedscool|0 fnt|[from] brn\n|faint|p1a: Toedscool\n|upkeep\n|\n|t:|1700586679\n|switch|p1a: Eelektross|Eelektross, M|53\/100 brn\n|turn|13\n|\n|t:|1700586683\n|-terastallize|p1a: Eelektross|Electric\n|cant|p2a: Misdreavus|slp\n|move|p1a: Eelektross|Tera Blast|p2a: Misdreavus|[anim] Tera Blast Electric\n|-damage|p2a: Misdreavus|0 fnt\n|faint|p2a: Misdreavus\n|\n|win|lvcinda\n|n|\u2606lvcinda|lvcinda\n|n|\u2606FireFrostDragon|firefrostdragon\n|n|*Lady Monita \u2746|ladymonita\n","uploadtime":1700586684,"views":1,"p1id":"lvcinda","p2id":"firefrostdragon","formatid":"gen9ou","rating":0,"private":0,"password":""}