{"id":"gen9ou-2000215247","p1":"laosai","p2":"ClemWer","format":"[Gen 9] OU","log":"|j|\u203dlaosai\n|j|\u2606ClemWer\n|t:|1701173218\n|gametype|singles\n|player|p1|laosai|bellelba|1476\n|player|p2|ClemWer|101|1578\n|teamsize|p1|6\n|teamsize|p2|6\n|gen|9\n|tier|[Gen 9] OU\n|rated|\n|rule|Sleep Clause Mod: Limit one foe put to sleep\n|rule|Species Clause: Limit one of each Pok\u00e9mon\n|rule|OHKO Clause: OHKO moves are banned\n|rule|Evasion Items Clause: Evasion items are banned\n|rule|Evasion Moves Clause: Evasion moves are banned\n|rule|Endless Battle Clause: Forcing endless battles is banned\n|rule|HP Percentage Mod: HP is shown in percentages\n|clearpoke\n|poke|p1|Tatsugiri-Droopy, F|\n|poke|p1|Alomomola, M|\n|poke|p1|Iron Valiant|\n|poke|p1|Landorus-Therian, M|\n|poke|p1|Dragapult, F|\n|poke|p1|Slowking-Galar, F|\n|poke|p2|Cresselia, F|\n|poke|p2|Hatterene, F|\n|poke|p2|Slowking, M|\n|poke|p2|Enamorus-Therian, F|\n|poke|p2|Ursaluna, M|\n|poke|p2|Kingambit, M|\n|teampreview\n|inactive|Battle timer is ON: inactive players will automatically lose when time's up. (requested by ClemWer)\n|\n|t:|1701173253\n|start\n|switch|p1a: Slowking|Slowking-Galar, F|100\/100\n|switch|p2a: Cresselia|Cresselia, F|100\/100\n|turn|1\n|\n|t:|1701173258\n|move|p1a: Slowking|Future Sight|p2a: Cresselia\n|-start|p1a: Slowking|move: Future Sight\n|move|p2a: Cresselia|Trick Room|p2a: Cresselia\n|-fieldstart|move: Trick Room|[of] p2a: Cresselia\n|\n|upkeep\n|turn|2\n|\n|t:|1701173263\n|switch|p1a: Alomomola|Alomomola, M|100\/100\n|switch|p2a: Ursaluna|Ursaluna, M|100\/100\n|\n|-status|p2a: Ursaluna|brn|[from] item: Flame Orb\n|upkeep\n|turn|3\n|\n|t:|1701173272\n|-terastallize|p2a: Ursaluna|Normal\n|move|p2a: Ursaluna|Facade|p1a: Alomomola\n|-damage|p1a: Alomomola|1\/100\n|-enditem|p1a: Alomomola|Red Card|[of] p2a: Ursaluna\n|drag|p2a: Slowking|Slowking, M|100\/100\n|move|p1a: Alomomola|Scald|p2a: Slowking\n|-resisted|p2a: Slowking\n|-damage|p2a: Slowking|97\/100\n|\n|-end|p2a: Slowking|move: Future Sight\n|-resisted|p2a: Slowking\n|-damage|p2a: Slowking|83\/100\n|upkeep\n|turn|4\n|\n|t:|1701173284\n|switch|p1a: Tatsugiri|Tatsugiri-Droopy, F|100\/100\n|move|p2a: Slowking|Scald|p1a: Tatsugiri\n|-ability|p1a: Tatsugiri|Storm Drain|boost\n|-boost|p1a: Tatsugiri|spa|1\n|\n|upkeep\n|turn|5\n|\n|t:|1701173292\n|move|p2a: Slowking|Psychic|p1a: Tatsugiri\n|-damage|p1a: Tatsugiri|67\/100\n|move|p1a: Tatsugiri|Nasty Plot|p1a: Tatsugiri\n|-boost|p1a: Tatsugiri|spa|2\n|\n|-fieldend|move: Trick Room\n|upkeep\n|turn|6\n|\n|t:|1701173295\n|move|p1a: Tatsugiri|Draco Meteor|p2a: Slowking\n|-damage|p2a: Slowking|0 fnt\n|-unboost|p1a: Tatsugiri|spa|2\n|faint|p2a: Slowking\n|\n|upkeep\n|\n|t:|1701173299\n|switch|p2a: Cresselia|Cresselia, F|100\/100\n|turn|7\n|\n|t:|1701173304\n|move|p1a: Tatsugiri|Draco Meteor|p2a: Cresselia\n|-damage|p2a: Cresselia|48\/100\n|-unboost|p1a: Tatsugiri|spa|2\n|move|p2a: Cresselia|Trick Room|p2a: Cresselia\n|-fieldstart|move: Trick Room|[of] p2a: Cresselia\n|\n|upkeep\n|turn|8\n|\n|t:|1701173309\n|switch|p1a: Alomomola|Alomomola, M|34\/100\n|move|p2a: Cresselia|Moonlight|p2a: Cresselia\n|-heal|p2a: Cresselia|98\/100\n|\n|upkeep\n|turn|9\n|\n|t:|1701173313\n|switch|p2a: Ursaluna|Ursaluna, M, tera:Normal|100\/100 brn\n|move|p1a: Alomomola|Wish|p1a: Alomomola\n|\n|-damage|p2a: Ursaluna|94\/100 brn|[from] brn\n|upkeep\n|turn|10\n|\n|t:|1701173321\n|switch|p1a: Dragapult|Dragapult, F|100\/100\n|move|p2a: Ursaluna|Facade|p1a: Dragapult\n|-immune|p1a: Dragapult\n|\n|-damage|p2a: Ursaluna|88\/100 brn|[from] brn\n|upkeep\n|turn|11\n|\n|t:|1701173327\n|switch|p1a: Landorus|Landorus-Therian, M|100\/100\n|-ability|p1a: Landorus|Intimidate|boost\n|-unboost|p2a: Ursaluna|atk|1\n|move|p2a: Ursaluna|Earthquake|p1a: Landorus\n|-immune|p1a: Landorus\n|\n|-damage|p2a: Ursaluna|82\/100 brn|[from] brn\n|-fieldend|move: Trick Room\n|upkeep\n|turn|12\n|\n|t:|1701173332\n|move|p1a: Landorus|U-turn|p2a: Ursaluna\n|-damage|p2a: Ursaluna|62\/100 brn\n|\n|t:|1701173336\n|switch|p1a: Dragapult|Dragapult, F|100\/100|[from] U-turn\n|move|p2a: Ursaluna|Facade|p1a: Dragapult\n|-immune|p1a: Dragapult\n|\n|-damage|p2a: Ursaluna|56\/100 brn|[from] brn\n|upkeep\n|turn|13\n|\n|t:|1701173341\n|switch|p2a: Cresselia|Cresselia, F|98\/100\n|move|p1a: Dragapult|Draco Meteor|p2a: Cresselia\n|-damage|p2a: Cresselia|66\/100\n|-unboost|p1a: Dragapult|spa|2\n|\n|upkeep\n|turn|14\n|\n|t:|1701173346\n|move|p1a: Dragapult|Thunder Wave|p2a: Cresselia|[miss]\n|-miss|p1a: Dragapult|p2a: Cresselia\n|move|p2a: Cresselia|Trick Room|p2a: Cresselia\n|-fieldstart|move: Trick Room|[of] p2a: Cresselia\n|\n|upkeep\n|turn|15\n|\n|t:|1701173350\n|switch|p2a: Ursaluna|Ursaluna, M, tera:Normal|56\/100 brn\n|move|p1a: Dragapult|U-turn|p2a: Ursaluna\n|-damage|p2a: Ursaluna|45\/100 brn\n|\n|t:|1701173353\n|switch|p1a: Landorus|Landorus-Therian, M|100\/100|[from] U-turn\n|-ability|p1a: Landorus|Intimidate|boost\n|-unboost|p2a: Ursaluna|atk|1\n|\n|-damage|p2a: Ursaluna|39\/100 brn|[from] brn\n|upkeep\n|turn|16\n|\n|t:|1701173356\n|switch|p1a: Dragapult|Dragapult, F|100\/100\n|move|p2a: Ursaluna|Facade|p1a: Dragapult\n|-immune|p1a: Dragapult\n|\n|-damage|p2a: Ursaluna|33\/100 brn|[from] brn\n|upkeep\n|turn|17\n|\n|t:|1701173359\n|move|p2a: Ursaluna|Facade|p1a: Dragapult\n|-immune|p1a: Dragapult\n|move|p1a: Dragapult|Draco Meteor|p2a: Ursaluna\n|-damage|p2a: Ursaluna|0 fnt\n|-unboost|p1a: Dragapult|spa|2\n|faint|p2a: Ursaluna\n|\n|upkeep\n|\n|t:|1701173365\n|switch|p2a: Enamorus|Enamorus-Therian, F|100\/100\n|turn|18\n|\n|t:|1701173368\n|switch|p1a: Slowking|Slowking-Galar, F|100\/100\n|move|p2a: Enamorus|Earth Power|p1a: Slowking\n|-supereffective|p1a: Slowking\n|-damage|p1a: Slowking|60\/100\n|-damage|p2a: Enamorus|91\/100|[from] item: Life Orb\n|\n|-fieldend|move: Trick Room\n|upkeep\n|turn|19\n|\n|t:|1701173373\n|move|p1a: Slowking|Sludge Bomb|p2a: Enamorus\n|-supereffective|p2a: Enamorus\n|-damage|p2a: Enamorus|15\/100\n|move|p2a: Enamorus|Earth Power|p1a: Slowking\n|-supereffective|p1a: Slowking\n|-damage|p1a: Slowking|21\/100\n|-damage|p2a: Enamorus|5\/100|[from] item: Life Orb\n|\n|upkeep\n|turn|20\n|\n|t:|1701173383\n|switch|p1a: Landorus|Landorus-Therian, M|100\/100\n|-ability|p1a: Landorus|Intimidate|boost\n|-unboost|p2a: Enamorus|atk|1\n|move|p2a: Enamorus|Moonblast|p1a: Landorus\n|-damage|p1a: Landorus|15\/100\n|-damage|p2a: Enamorus|0 fnt|[from] item: Life Orb\n|faint|p2a: Enamorus\n|\n|-heal|p1a: Landorus|21\/100|[from] item: Leftovers\n|upkeep\n|\n|t:|1701173395\n|switch|p2a: Cresselia|Cresselia, F|66\/100\n|turn|21\n|\n|t:|1701173398\n|move|p1a: Landorus|U-turn|p2a: Cresselia\n|-supereffective|p2a: Cresselia\n|-damage|p2a: Cresselia|36\/100\n|\n|t:|1701173400\n|switch|p1a: Alomomola|Alomomola, M|67\/100|[from] U-turn\n|move|p2a: Cresselia|Trick Room|p2a: Cresselia\n|-fieldstart|move: Trick Room|[of] p2a: Cresselia\n|\n|upkeep\n|turn|22\n|\n|t:|1701173406\n|move|p2a: Cresselia|Lunar Dance|p2a: Cresselia\n|faint|p2a: Cresselia\n|move|p1a: Alomomola|Wish|p1a: Alomomola\n|\n|upkeep\n|\n|t:|1701173409\n|switch|p2a: Kingambit|Kingambit, M|100\/100\n|-activate|p2a: Kingambit|ability: Supreme Overlord\n|-start|p2a: Kingambit|fallen4|[silent]\n|turn|23\n|\n|t:|1701173411\n|move|p2a: Kingambit|Swords Dance|p2a: Kingambit\n|-boost|p2a: Kingambit|atk|2\n|move|p1a: Alomomola|Scald|p2a: Kingambit\n|-damage|p2a: Kingambit|88\/100\n|\n|-heal|p1a: Alomomola|100\/100|[from] move: Wish|[wisher] Alomomola\n|upkeep\n|turn|24\n|\n|t:|1701173420\n|move|p2a: Kingambit|Kowtow Cleave|p1a: Alomomola\n|-damage|p1a: Alomomola|0 fnt\n|faint|p1a: Alomomola\n|-damage|p2a: Kingambit|78\/100|[from] item: Life Orb\n|\n|upkeep\n|\n|t:|1701173424\n|switch|p1a: Landorus|Landorus-Therian, M|21\/100\n|-ability|p1a: Landorus|Intimidate|boost\n|-unboost|p2a: Kingambit|atk|1\n|turn|25\n|\n|t:|1701173426\n|move|p2a: Kingambit|Kowtow Cleave|p1a: Landorus\n|-damage|p1a: Landorus|0 fnt\n|faint|p1a: Landorus\n|-damage|p2a: Kingambit|68\/100|[from] item: Life Orb\n|\n|-fieldend|move: Trick Room\n|upkeep\n|\n|t:|1701173429\n|switch|p1a: Iron Valiant|Iron Valiant|100\/100\n|-enditem|p1a: Iron Valiant|Booster Energy\n|-activate|p1a: Iron Valiant|ability: Quark Drive|[fromitem]\n|-start|p1a: Iron Valiant|quarkdrivespe\n|turn|26\n|\n|t:|1701173437\n|-end|p1a: Iron Valiant|Quark Drive|[silent]\n|switch|p1a: Dragapult|Dragapult, F|100\/100\n|-end|p2a: Kingambit|fallen4|[silent]\n|switch|p2a: Hatterene|Hatterene, F|100\/100\n|\n|upkeep\n|turn|27\n|\n|t:|1701173441\n|move|p1a: Dragapult|Hex|p2a: Hatterene\n|-supereffective|p2a: Hatterene\n|-damage|p2a: Hatterene|48\/100\n|move|p2a: Hatterene|Trick Room|p2a: Hatterene\n|-fieldstart|move: Trick Room|[of] p2a: Hatterene\n|\n|upkeep\n|turn|28\n|inactive|laosai has 120 seconds left.\n|\n|t:|1701173471\n|switch|p1a: Slowking|Slowking-Galar, F|55\/100\n|move|p2a: Hatterene|Healing Wish|p2a: Hatterene\n|faint|p2a: Hatterene\n|\n|upkeep\n|\n|t:|1701173475\n|switch|p2a: Kingambit|Kingambit, M|68\/100\n|-heal|p2a: Kingambit|100\/100|[from] move: Healing Wish\n|-heal|p2a: Kingambit|100\/100|[from] move: Lunar Dance\n|-activate|p2a: Kingambit|ability: Supreme Overlord\n|-start|p2a: Kingambit|fallen5|[silent]\n|turn|29\n|\n|t:|1701173483\n|switch|p1a: Tatsugiri|Tatsugiri-Droopy, F|67\/100\n|move|p2a: Kingambit|Swords Dance|p2a: Kingambit\n|-boost|p2a: Kingambit|atk|2\n|\n|upkeep\n|turn|30\n|\n|t:|1701173487\n|move|p2a: Kingambit|Kowtow Cleave|p1a: Tatsugiri\n|-damage|p1a: Tatsugiri|0 fnt\n|faint|p1a: Tatsugiri\n|-damage|p2a: Kingambit|91\/100|[from] item: Life Orb\n|\n|upkeep\n|\n|t:|1701173492\n|switch|p1a: Slowking|Slowking-Galar, F|88\/100\n|turn|31\n|\n|t:|1701173495\n|move|p2a: Kingambit|Swords Dance|p2a: Kingambit\n|-boost|p2a: Kingambit|atk|2\n|move|p1a: Slowking|Flamethrower|p2a: Kingambit\n|-supereffective|p2a: Kingambit\n|-damage|p2a: Kingambit|43\/100\n|\n|-fieldend|move: Trick Room\n|upkeep\n|turn|32\n|\n|t:|1701173500\n|move|p1a: Slowking|Flamethrower|p2a: Kingambit\n|-supereffective|p2a: Kingambit\n|-damage|p2a: Kingambit|0 fnt\n|faint|p2a: Kingambit\n|-end|p2a: Kingambit|fallen5|[silent]\n|\n|win|laosai\n|raw|laosai's rating: 1476 &rarr; <strong>1502<\/strong><br \/>(+26 for winning)\n|raw|ClemWer's rating: 1578 &rarr; <strong>1552<\/strong><br \/>(-26 for losing)\n|l|\u2606ClemWer\n","uploadtime":1701173505,"views":3,"p1id":"laosai","p2id":"clemwer","formatid":"gen9ou","rating":1502,"private":0,"password":""}