{"id":"gen9ou-1989387025","p1":"S3PP1","p2":"CRIPPYwitdaGRIPPY","format":"[Gen 9] OU","log":"|j|\u2606S3PP1\n|j|\u2606CRIPPYwitdaGRIPPY\n|t:|1699843778\n|gametype|singles\n|player|p1|S3PP1|chuck|\n|player|p2|CRIPPYwitdaGRIPPY|caitlin|\n|teamsize|p1|6\n|teamsize|p2|6\n|gen|9\n|tier|[Gen 9] OU\n|rule|Sleep Clause Mod: Limit one foe put to sleep\n|rule|Species Clause: Limit one of each Pok\u00e9mon\n|rule|OHKO Clause: OHKO moves are banned\n|rule|Evasion Items Clause: Evasion items are banned\n|rule|Evasion Moves Clause: Evasion moves are banned\n|rule|Endless Battle Clause: Forcing endless battles is banned\n|rule|HP Percentage Mod: HP is shown in percentages\n|clearpoke\n|poke|p1|Walking Wake|\n|poke|p1|Trevenant, M|\n|poke|p1|Tornadus, M|\n|poke|p1|Mienshao, F|\n|poke|p1|Pawmot, M|\n|poke|p1|Braviary-Hisui, M|\n|poke|p2|Dragonite, F|\n|poke|p2|Heatran, F|\n|poke|p2|Kleavor, F|\n|poke|p2|Pelipper, F|\n|poke|p2|Decidueye-Hisui, F|\n|poke|p2|Noivern, F|\n|teampreview\n|inactive|Battle timer is ON: inactive players will automatically lose when time's up. (requested by S3PP1)\n|\n|t:|1699843798\n|start\n|switch|p1a: SexyDogWoman|Mienshao, F, shiny|100\/100\n|switch|p2a: gaydramgon|Dragonite, F|100\/100\n|turn|1\n|\n|t:|1699843809\n|move|p1a: SexyDogWoman|Fake Out|p2a: gaydramgon\n|-damage|p2a: gaydramgon|93\/100\n|cant|p2a: gaydramgon|flinch\n|\n|upkeep\n|turn|2\n|\n|t:|1699843816\n|move|p1a: SexyDogWoman|U-turn|p2a: gaydramgon\n|-resisted|p2a: gaydramgon\n|-damage|p2a: gaydramgon|80\/100\n|\n|t:|1699843820\n|switch|p1a: JustABirb|Braviary-Hisui, M|100\/100|[from] U-turn\n|move|p2a: gaydramgon|Draco Meteor|p1a: JustABirb\n|-damage|p1a: JustABirb|48\/100\n|-unboost|p2a: gaydramgon|spa|2\n|\n|upkeep\n|turn|3\n|\n|t:|1699843831\n|move|p2a: gaydramgon|Extreme Speed|p1a: JustABirb\n|-damage|p1a: JustABirb|12\/100\n|move|p1a: JustABirb|Hyper Voice|p2a: gaydramgon\n|-damage|p2a: gaydramgon|45\/100\n|-enditem|p1a: JustABirb|Throat Spray\n|-boost|p1a: JustABirb|spa|1|[from] item: Throat Spray\n|\n|upkeep\n|turn|4\n|\n|t:|1699843847\n|move|p2a: gaydramgon|Extreme Speed|p1a: JustABirb\n|-damage|p1a: JustABirb|0 fnt\n|faint|p1a: JustABirb\n|\n|upkeep\n|\n|t:|1699843856\n|switch|p1a: SexyAirMan|Tornadus, M|100\/100\n|turn|5\n|\n|t:|1699843869\n|move|p1a: SexyAirMan|Sunny Day|p1a: SexyAirMan\n|-weather|SunnyDay\n|move|p2a: gaydramgon|Draco Meteor|p1a: SexyAirMan\n|-damage|p1a: SexyAirMan|80\/100\n|-unboost|p2a: gaydramgon|spa|2\n|\n|-weather|SunnyDay|[upkeep]\n|upkeep\n|turn|6\n|inactive|CRIPPYwitdaGRIPPY has 270 seconds left.\n|c|\u2606S3PP1|!dt weakness dragonite\n|error|No Pok\u00e9mon, item, move, ability or nature named 'weakness dragonite' was found. (Check your spelling?)\n|\n|t:|1699843911\n|move|p2a: gaydramgon|Extreme Speed|p1a: SexyAirMan\n|-damage|p1a: SexyAirMan|39\/100\n|move|p1a: SexyAirMan|U-turn|p2a: gaydramgon\n|-resisted|p2a: gaydramgon\n|-damage|p2a: gaydramgon|36\/100\n|\n|t:|1699843922\n|switch|p1a: JustATree|Trevenant, M|100\/100|[from] U-turn\n|\n|-weather|SunnyDay|[upkeep]\n|upkeep\n|turn|7\n|inactive|CRIPPYwitdaGRIPPY has 270 seconds left.\n|\n|t:|1699843931\n|move|p2a: gaydramgon|Fire Punch|p1a: JustATree\n|-supereffective|p1a: JustATree\n|-damage|p1a: JustATree|0 fnt\n|faint|p1a: JustATree\n|\n|-weather|SunnyDay|[upkeep]\n|upkeep\n|\n|t:|1699843933\n|switch|p1a: Clever Girl|Walking Wake|100\/100\n|-activate|p1a: Clever Girl|ability: Protosynthesis\n|-start|p1a: Clever Girl|protosynthesisspe\n|turn|8\n|\n|t:|1699843949\n|move|p1a: Clever Girl|Hydro Steam|p2a: gaydramgon\n|-resisted|p2a: gaydramgon\n|-damage|p2a: gaydramgon|0 fnt\n|faint|p2a: gaydramgon\n|\n|-weather|SunnyDay|[upkeep]\n|upkeep\n|\n|t:|1699843957\n|switch|p2a: emojapanese|Decidueye-Hisui, F|100\/100\n|turn|9\n|j| BeardoftheRed\n|\n|t:|1699843974\n|-end|p1a: Clever Girl|Protosynthesis|[silent]\n|switch|p1a: SexyDogWoman|Mienshao, F, shiny|100\/100\n|move|p2a: emojapanese|Knock Off|p1a: SexyDogWoman\n|-resisted|p1a: SexyDogWoman\n|-damage|p1a: SexyDogWoman|77\/100\n|-enditem|p1a: SexyDogWoman|Heavy-Duty Boots|[from] move: Knock Off|[of] p2a: emojapanese\n|\n|-weather|SunnyDay|[upkeep]\n|upkeep\n|turn|10\n|\n|t:|1699843983\n|move|p1a: SexyDogWoman|Fake Out|p2a: emojapanese\n|-damage|p2a: emojapanese|89\/100\n|cant|p2a: emojapanese|flinch\n|\n|-weather|SunnyDay|[upkeep]\n|upkeep\n|turn|11\n|\n|t:|1699843996\n|move|p1a: SexyDogWoman|Close Combat|p2a: emojapanese\n|-damage|p2a: emojapanese|37\/100\n|-unboost|p1a: SexyDogWoman|def|1\n|-unboost|p1a: SexyDogWoman|spd|1\n|move|p2a: emojapanese|Triple Arrows|p1a: SexyDogWoman\n|-damage|p1a: SexyDogWoman|0 fnt\n|faint|p1a: SexyDogWoman\n|\n|-weather|SunnyDay|[upkeep]\n|upkeep\n|\n|t:|1699843999\n|switch|p1a: Defibulator|Pawmot, M|100\/100\n|turn|12\n|\n|t:|1699844010\n|move|p1a: Defibulator|Revival Blessing|p1a: Defibulator\n|-enditem|p1a: Defibulator|Leppa Berry|[eat]\n|-activate|p1a: Defibulator|item: Leppa Berry|Revival Blessing|[consumed]\n|\n|t:|1699844016\n|-heal|p1: JustATree|50\/100|[from] move: Revival Blessing\n|move|p2a: emojapanese|Giga Drain|p1a: Defibulator\n|-damage|p1a: Defibulator|61\/100\n|-heal|p2a: emojapanese|52\/100|[from] drain|[of] p1a: Defibulator\n|\n|-weather|none\n|upkeep\n|turn|13\n|\n|t:|1699844025\n|move|p1a: Defibulator|Revival Blessing|p1a: Defibulator\n|\n|t:|1699844027\n|-heal|p1: JustABirb|50\/100|[from] move: Revival Blessing\n|move|p2a: emojapanese|Roost|p2a: emojapanese\n|-heal|p2a: emojapanese|100\/100\n|-singleturn|p2a: emojapanese|move: Roost\n|\n|upkeep\n|turn|14\n|\n|t:|1699844037\n|move|p1a: Defibulator|Knock Off|p2a: emojapanese\n|-resisted|p2a: emojapanese\n|-damage|p2a: emojapanese|89\/100\n|-enditem|p2a: emojapanese|Heavy-Duty Boots|[from] move: Knock Off|[of] p1a: Defibulator\n|move|p2a: emojapanese|Knock Off|p1a: Defibulator\n|-resisted|p1a: Defibulator\n|-damage|p1a: Defibulator|47\/100\n|\n|upkeep\n|turn|15\n|\n|t:|1699844045\n|move|p1a: Defibulator|Double Shock|p2a: emojapanese\n|-resisted|p2a: emojapanese\n|-damage|p2a: emojapanese|66\/100\n|-start|p1a: Defibulator|typechange|???\/Fighting|[from] move: Double Shock\n|move|p2a: emojapanese|Triple Arrows|p1a: Defibulator\n|-damage|p1a: Defibulator|0 fnt\n|faint|p1a: Defibulator\n|\n|upkeep\n|\n|t:|1699844055\n|switch|p1a: JustABirb|Braviary-Hisui, M|50\/100\n|turn|16\n|\n|t:|1699844073\n|move|p1a: JustABirb|Esper Wing|p2a: emojapanese\n|-supereffective|p2a: emojapanese\n|-crit|p2a: emojapanese\n|-damage|p2a: emojapanese|0 fnt\n|-boost|p1a: JustABirb|spe|1\n|faint|p2a: emojapanese\n|\n|upkeep\n|\n|t:|1699844084\n|switch|p2a: batb1tch|Noivern, F, shiny|100\/100\n|turn|17\n|\n|t:|1699844089\n|move|p2a: batb1tch|Draco Meteor|p1a: JustABirb|[miss]\n|-miss|p2a: batb1tch|p1a: JustABirb\n|move|p1a: JustABirb|Esper Wing|p2a: batb1tch\n|-damage|p2a: batb1tch|49\/100\n|-boost|p1a: JustABirb|spe|1\n|\n|upkeep\n|turn|18\n|\n|t:|1699844101\n|move|p1a: JustABirb|Esper Wing|p2a: batb1tch\n|-crit|p2a: batb1tch\n|-damage|p2a: batb1tch|0 fnt\n|-boost|p1a: JustABirb|spe|1\n|faint|p2a: batb1tch\n|\n|upkeep\n|\n|t:|1699844109\n|switch|p2a: rocky|Kleavor, F, shiny|100\/100\n|turn|19\n|\n|t:|1699844128\n|move|p1a: JustABirb|Esper Wing|p2a: rocky\n|-damage|p2a: rocky|39\/100\n|-boost|p1a: JustABirb|spe|1\n|move|p2a: rocky|Close Combat|p1a: JustABirb\n|-resisted|p1a: JustABirb\n|-damage|p1a: JustABirb|37\/100\n|-unboost|p2a: rocky|def|1\n|-unboost|p2a: rocky|spd|1\n|\n|upkeep\n|turn|20\n|\n|t:|1699844147\n|move|p1a: JustABirb|Esper Wing|p2a: rocky\n|-damage|p2a: rocky|0 fnt\n|-boost|p1a: JustABirb|spe|1\n|faint|p2a: rocky\n|\n|upkeep\n|\n|t:|1699844154\n|switch|p2a: pelipuss|Pelipper, F|100\/100\n|-weather|RainDance|[from] ability: Drizzle|[of] p2a: pelipuss\n|turn|21\n|\n|t:|1699844162\n|move|p1a: JustABirb|Esper Wing|p2a: pelipuss\n|-damage|p2a: pelipuss|37\/100\n|-boost|p1a: JustABirb|spe|1\n|move|p2a: pelipuss|Surf|p1a: JustABirb\n|-damage|p1a: JustABirb|0 fnt\n|faint|p1a: JustABirb\n|\n|-weather|RainDance|[upkeep]\n|upkeep\n|\n|t:|1699844169\n|switch|p1a: SexyAirMan|Tornadus, M|39\/100\n|turn|22\n|\n|t:|1699844173\n|move|p1a: SexyAirMan|Sunny Day|p1a: SexyAirMan\n|-weather|SunnyDay\n|move|p2a: pelipuss|Surf|p1a: SexyAirMan\n|-damage|p1a: SexyAirMan|24\/100\n|\n|-weather|SunnyDay|[upkeep]\n|upkeep\n|turn|23\n|\n|t:|1699844179\n|move|p1a: SexyAirMan|Bleakwind Storm|p2a: pelipuss\n|-damage|p2a: pelipuss|0 fnt\n|faint|p2a: pelipuss\n|\n|-weather|SunnyDay|[upkeep]\n|upkeep\n|\n|t:|1699844184\n|switch|p2a: fire bug|Heatran, F|100\/100\n|turn|24\n|\n|t:|1699844191\n|move|p1a: SexyAirMan|Bleakwind Storm|p2a: fire bug|[miss]\n|-miss|p1a: SexyAirMan|p2a: fire bug\n|move|p2a: fire bug|Fire Blast|p1a: SexyAirMan\n|-damage|p1a: SexyAirMan|0 fnt\n|faint|p1a: SexyAirMan\n|\n|-weather|SunnyDay|[upkeep]\n|upkeep\n|\n|t:|1699844196\n|switch|p1a: JustATree|Trevenant, M|50\/100\n|-enditem|p1a: JustATree|Sitrus Berry|[eat]\n|-heal|p1a: JustATree|75\/100|[from] item: Sitrus Berry\n|turn|25\n|\n|t:|1699844206\n|-terastallize|p1a: JustATree|Ghost\n|move|p1a: JustATree|Protect|p1a: JustATree\n|-singleturn|p1a: JustATree|Protect\n|move|p2a: fire bug|Magma Storm|p1a: JustATree\n|-activate|p1a: JustATree|move: Protect\n|\n|-weather|SunnyDay|[upkeep]\n|-item|p1a: JustATree|Sitrus Berry|[from] ability: Harvest\n|upkeep\n|turn|26\n|\n|t:|1699844216\n|move|p2a: fire bug|Fire Blast|p1a: JustATree\n|-damage|p1a: JustATree|0 fnt\n|faint|p1a: JustATree\n|\n|-weather|SunnyDay|[upkeep]\n|upkeep\n|\n|t:|1699844219\n|switch|p1a: Clever Girl|Walking Wake|100\/100\n|-activate|p1a: Clever Girl|ability: Protosynthesis\n|-start|p1a: Clever Girl|protosynthesisspe\n|turn|27\n|\n|t:|1699844226\n|move|p1a: Clever Girl|Hydro Steam|p2a: fire bug\n|-supereffective|p2a: fire bug\n|-damage|p2a: fire bug|0 fnt\n|faint|p2a: fire bug\n|\n|win|S3PP1\n|l|\u2606S3PP1\n|j|\u2606S3PP1\n|player|p1|S3PP1|chuck\n","uploadtime":1699844243,"views":26,"p1id":"s3pp1","p2id":"crippywitdagrippy","formatid":"gen9ou","rating":0,"private":0,"password":""}