{"id":"gen9ou-1991773024","p1":"Peratest","p2":"SeigneurFou","format":"[Gen 9] OU","log":"|j|\u2606Peratest\n|j|\u2606SeigneurFou\n|t:|1700114662\n|gametype|singles\n|player|p1|Peratest|linebacker|1563\n|player|p2|SeigneurFou|169|1683\n|teamsize|p1|6\n|teamsize|p2|6\n|gen|9\n|tier|[Gen 9] OU\n|rated|\n|rule|Sleep Clause Mod: Limit one foe put to sleep\n|rule|Species Clause: Limit one of each Pok\u00e9mon\n|rule|OHKO Clause: OHKO moves are banned\n|rule|Evasion Items Clause: Evasion items are banned\n|rule|Evasion Moves Clause: Evasion moves are banned\n|rule|Endless Battle Clause: Forcing endless battles is banned\n|rule|HP Percentage Mod: HP is shown in percentages\n|clearpoke\n|poke|p1|Ogerpon, F|\n|poke|p1|Dragonite, M|\n|poke|p1|Iron Valiant|\n|poke|p1|Ursaluna, M|\n|poke|p1|Corviknight, M|\n|poke|p1|Zamazenta-*|\n|poke|p2|Greninja-*, M|\n|poke|p2|Kingambit, F|\n|poke|p2|Gholdengo|\n|poke|p2|Heatran, F|\n|poke|p2|Zapdos|\n|poke|p2|Glimmora, M|\n|teampreview\n|inactive|Battle timer is ON: inactive players will automatically lose when time's up. (requested by SeigneurFou)\n|\n|t:|1700114673\n|start\n|switch|p1a: Ursaluna|Ursaluna, M, shiny|100\/100\n|switch|p2a: Glimmora|Glimmora, M|100\/100\n|turn|1\n|\n|t:|1700114684\n|move|p2a: Glimmora|Earth Power|p1a: Ursaluna\n|-damage|p1a: Ursaluna|82\/100\n|move|p1a: Ursaluna|Earthquake|p2a: Glimmora\n|-supereffective|p2a: Glimmora\n|-enditem|p2a: Glimmora|Focus Sash\n|-damage|p2a: Glimmora|1\/100\n|-activate|p2a: Glimmora|ability: Toxic Debris\n|-sidestart|p1: Peratest|move: Toxic Spikes\n|\n|upkeep\n|turn|2\n|\n|t:|1700114696\n|move|p2a: Glimmora|Memento|p1a: Ursaluna\n|-unboost|p1a: Ursaluna|atk|2\n|-unboost|p1a: Ursaluna|spa|2\n|faint|p2a: Glimmora\n|move|p1a: Ursaluna|Body Slam|p2: Glimmora|[notarget]\n|-fail|p1a: Ursaluna\n|\n|upkeep\n|inactive|SeigneurFou has 120 seconds left.\n|\n|t:|1700114730\n|switch|p2a: Zapdos|Zapdos|100\/100\n|turn|3\n|\n|t:|1700114735\n|switch|p1a: Corviknight|Corviknight, M, shiny|100\/100\n|-ability|p1a: Corviknight|Pressure\n|move|p2a: Zapdos|Hurricane|p1a: Corviknight|[miss]\n|-miss|p2a: Zapdos|p1a: Corviknight\n|\n|upkeep\n|turn|4\n|\n|t:|1700114745\n|switch|p2a: Gholdengo|Gholdengo|100\/100\n|move|p1a: Corviknight|U-turn|p2a: Gholdengo\n|-resisted|p2a: Gholdengo\n|-damage|p2a: Gholdengo|97\/100\n|\n|t:|1700114765\n|switch|p1a: Dragonite|Dragonite, M, shiny|100\/100|[from] U-turn\n|\n|upkeep\n|turn|5\n|\n|t:|1700114770\n|move|p2a: Gholdengo|Trick|p1a: Dragonite\n|-activate|p2a: Gholdengo|move: Trick|[of] p1a: Dragonite\n|-item|p1a: Dragonite|Choice Scarf|[from] move: Trick\n|-item|p2a: Gholdengo|Heavy-Duty Boots|[from] move: Trick\n|move|p1a: Dragonite|Dragon Dance|p1a: Dragonite\n|-boost|p1a: Dragonite|atk|1\n|-boost|p1a: Dragonite|spe|1\n|\n|upkeep\n|turn|6\n|\n|t:|1700114779\n|switch|p1a: Ursaluna|Ursaluna, M, shiny|82\/100\n|-status|p1a: Ursaluna|psn\n|switch|p2a: Heatran|Heatran, F|100\/100\n|-item|p2a: Heatran|Air Balloon\n|\n|-damage|p1a: Ursaluna|70\/100 psn|[from] psn\n|upkeep\n|turn|7\n|\n|t:|1700114790\n|move|p2a: Heatran|Stealth Rock|p1a: Ursaluna\n|-sidestart|p1: Peratest|move: Stealth Rock\n|move|p1a: Ursaluna|Drain Punch|p2a: Heatran\n|-supereffective|p2a: Heatran\n|-damage|p2a: Heatran|40\/100\n|-heal|p1a: Ursaluna|92\/100 psn|[from] drain|[of] p2a: Heatran\n|-enditem|p2a: Heatran|Air Balloon\n|\n|-damage|p1a: Ursaluna|80\/100 psn|[from] psn\n|upkeep\n|turn|8\n|\n|t:|1700114803\n|switch|p2a: Zapdos|Zapdos|100\/100\n|move|p1a: Ursaluna|Body Slam|p2a: Zapdos\n|-crit|p2a: Zapdos\n|-damage|p2a: Zapdos|17\/100\n|\n|-heal|p2a: Zapdos|23\/100|[from] item: Leftovers\n|-damage|p1a: Ursaluna|67\/100 psn|[from] psn\n|upkeep\n|turn|9\n|\n|t:|1700114817\n|move|p2a: Zapdos|Hurricane|p1a: Ursaluna\n|-damage|p1a: Ursaluna|44\/100 psn\n|move|p1a: Ursaluna|Ice Punch|p2a: Zapdos\n|-supereffective|p2a: Zapdos\n|-damage|p2a: Zapdos|0 fnt\n|faint|p2a: Zapdos\n|\n|-damage|p1a: Ursaluna|31\/100 psn|[from] psn\n|upkeep\n|\n|t:|1700114834\n|switch|p2a: Gholdengo|Gholdengo|97\/100\n|turn|10\n|\n|t:|1700114847\n|-terastallize|p1a: Ursaluna|Fire\n|move|p2a: Gholdengo|Make It Rain|p1a: Ursaluna\n|-resisted|p1a: Ursaluna\n|-damage|p1a: Ursaluna|14\/100 psn\n|-unboost|p2a: Gholdengo|spa|1\n|move|p1a: Ursaluna|Earthquake|p2a: Gholdengo\n|-supereffective|p2a: Gholdengo\n|-crit|p2a: Gholdengo\n|-damage|p2a: Gholdengo|0 fnt\n|faint|p2a: Gholdengo\n|\n|-damage|p1a: Ursaluna|1\/100 psn|[from] psn\n|upkeep\n|\n|t:|1700114860\n|switch|p2a: Greninja|Greninja, M|100\/100\n|turn|11\n|\n|t:|1700114871\n|switch|p1a: Zamazenta|Zamazenta, shiny|100\/100\n|-status|p1a: Zamazenta|psn\n|-damage|p1a: Zamazenta|94\/100 psn|[from] Stealth Rock\n|-ability|p1a: Zamazenta|Dauntless Shield|boost\n|-boost|p1a: Zamazenta|def|1\n|move|p2a: Greninja|Ice Beam|p1a: Zamazenta\n|-damage|p1a: Zamazenta|70\/100 psn\n|\n|-damage|p1a: Zamazenta|58\/100 psn|[from] psn\n|upkeep\n|turn|12\n|\n|t:|1700114889\n|-terastallize|p2a: Greninja|Water\n|move|p1a: Zamazenta|Close Combat|p2a: Greninja\n|-damage|p2a: Greninja|0 fnt\n|-unboost|p1a: Zamazenta|def|1\n|-unboost|p1a: Zamazenta|spd|1\n|faint|p2a: Greninja\n|\n|-damage|p1a: Zamazenta|46\/100 psn|[from] psn\n|upkeep\n|-message|SeigneurFou forfeited.\n|\n|win|Peratest\n|raw|Peratest's rating: 1563 &rarr; <strong>1590<\/strong><br \/>(+27 for winning)\n|raw|SeigneurFou's rating: 1683 &rarr; <strong>1656<\/strong><br \/>(-27 for losing)\n|l|\u2606SeigneurFou\n","uploadtime":1700114909,"views":8,"p1id":"peratest","p2id":"seigneurfou","formatid":"gen9ou","rating":1590,"private":0,"password":""}