{"id":"gen9ou-1999522463","p1":"pannnn","p2":"Senhor de Canavial","format":"[Gen 9] OU","log":"|j|\u2606pannnn\n|j|\u2606Senhor de Canavial\n|t:|1701092179\n|gametype|singles\n|player|p1|pannnn|nurseryaide|\n|player|p2|Senhor de Canavial|265|\n|teamsize|p1|6\n|teamsize|p2|6\n|gen|9\n|tier|[Gen 9] OU\n|rule|Sleep Clause Mod: Limit one foe put to sleep\n|rule|Species Clause: Limit one of each Pok\u00e9mon\n|rule|OHKO Clause: OHKO moves are banned\n|rule|Evasion Items Clause: Evasion items are banned\n|rule|Evasion Moves Clause: Evasion moves are banned\n|rule|Endless Battle Clause: Forcing endless battles is banned\n|rule|HP Percentage Mod: HP is shown in percentages\n|clearpoke\n|poke|p1|Chandelure, M|\n|poke|p1|Samurott-Hisui, M|\n|poke|p1|Gastrodon, M|\n|poke|p1|Tinkaton, F|\n|poke|p1|Heracross, F|\n|poke|p1|Toedscruel, F|\n|poke|p2|Bisharp, M|\n|poke|p2|Sylveon, M|\n|poke|p2|Salamence, F|\n|poke|p2|Clawitzer, M|\n|poke|p2|Glimmet, F|\n|poke|p2|Cryogonal|\n|teampreview\n|inactive|Battle timer is ON: inactive players will automatically lose when time's up. (requested by pannnn)\n|inactiveoff|Battle timer is now OFF.\n|\n|t:|1701092203\n|start\n|switch|p1a: Samurott|Samurott-Hisui, M|100\/100\n|switch|p2a: Glimmet|Glimmet, F|100\/100\n|turn|1\n|\n|t:|1701092231\n|move|p1a: Samurott|Ceaseless Edge|p2a: Glimmet\n|-enditem|p2a: Glimmet|Focus Sash\n|-damage|p2a: Glimmet|1\/100\n|-activate|p2a: Glimmet|ability: Toxic Debris\n|-sidestart|p1: pannnn|move: Toxic Spikes\n|-sidestart|p2: Senhor de Canavial|Spikes\n|move|p2a: Glimmet|Stealth Rock|p1a: Samurott\n|-sidestart|p1: pannnn|move: Stealth Rock\n|\n|upkeep\n|turn|2\n|\n|t:|1701092250\n|move|p1a: Samurott|Sucker Punch||[still]\n|-fail|p1a: Samurott\n|move|p2a: Glimmet|Memento|p1a: Samurott\n|-unboost|p1a: Samurott|atk|2\n|-unboost|p1a: Samurott|spa|2\n|faint|p2a: Glimmet\n|\n|upkeep\n|\n|t:|1701092271\n|switch|p2a: Bisharp|Bisharp, M|100\/100\n|-damage|p2a: Bisharp|88\/100|[from] Spikes\n|turn|3\n|\n|t:|1701092278\n|switch|p1a: Toedscruel|Toedscruel, F|100\/100\n|-status|p1a: Toedscruel|psn\n|-damage|p1a: Toedscruel|94\/100 psn|[from] Stealth Rock\n|move|p2a: Bisharp|Swords Dance|p2a: Bisharp\n|-boost|p2a: Bisharp|atk|2\n|\n|-damage|p1a: Toedscruel|82\/100 psn|[from] psn\n|upkeep\n|turn|4\n|\n|t:|1701092301\n|-terastallize|p2a: Bisharp|Flying\n|move|p1a: Toedscruel|Rapid Spin|p2a: Bisharp\n|-damage|p2a: Bisharp|84\/100\n|-boost|p1a: Toedscruel|spe|1\n|-sideend|p1: pannnn|Toxic Spikes|[from] move: Rapid Spin|[of] p1a: Toedscruel\n|-sideend|p1: pannnn|Stealth Rock|[from] move: Rapid Spin|[of] p1a: Toedscruel\n|move|p2a: Bisharp|Substitute|p2a: Bisharp\n|-start|p2a: Bisharp|Substitute\n|-damage|p2a: Bisharp|59\/100\n|\n|-damage|p1a: Toedscruel|70\/100 psn|[from] psn\n|upkeep\n|turn|5\n|\n|t:|1701092323\n|move|p1a: Toedscruel|Leaf Storm|p2a: Bisharp\n|-resisted|p2a: Bisharp\n|-activate|p2a: Bisharp|move: Substitute|[damage]\n|-unboost|p1a: Toedscruel|spa|2\n|move|p2a: Bisharp|Iron Head|p1a: Toedscruel\n|-damage|p1a: Toedscruel|13\/100 psn\n|\n|-damage|p1a: Toedscruel|0 fnt|[from] psn\n|faint|p1a: Toedscruel\n|upkeep\n|\n|t:|1701092363\n|switch|p1a: Heracross|Heracross, F|100\/100\n|turn|6\n|\n|t:|1701092399\n|move|p1a: Heracross|Rock Blast|p2a: Bisharp\n|-supereffective|p2a: Bisharp\n|-end|p2a: Bisharp|Substitute\n|-supereffective|p2a: Bisharp\n|-damage|p2a: Bisharp|51\/100\n|-hitcount|p2a: Bisharp|2\n|move|p2a: Bisharp|Iron Head|p1a: Heracross\n|-damage|p1a: Heracross|11\/100\n|\n|upkeep\n|turn|7\n|\n|t:|1701092419\n|move|p2a: Bisharp|Sucker Punch|p1a: Heracross\n|-resisted|p1a: Heracross\n|-damage|p1a: Heracross|0 fnt\n|faint|p1a: Heracross\n|\n|upkeep\n|\n|t:|1701092437\n|switch|p1a: Tinkaton|Tinkaton, F|100\/100\n|-item|p1a: Tinkaton|Air Balloon\n|turn|8\n|\n|t:|1701092463\n|move|p1a: Tinkaton|Encore|p2a: Bisharp\n|-start|p2a: Bisharp|Encore\n|move|p2a: Bisharp|Sucker Punch||[still]\n|-fail|p2a: Bisharp\n|\n|upkeep\n|turn|9\n|\n|t:|1701092494\n|switch|p2a: Clawitzer|Clawitzer, M|100\/100\n|-damage|p2a: Clawitzer|88\/100|[from] Spikes\n|move|p1a: Tinkaton|Gigaton Hammer|p2a: Clawitzer\n|-resisted|p2a: Clawitzer\n|-damage|p2a: Clawitzer|64\/100\n|\n|upkeep\n|turn|10\n|\n|t:|1701092549\n|switch|p2a: Cryogonal|Cryogonal|100\/100\n|move|p1a: Tinkaton|Thunder Wave|p2a: Cryogonal\n|-status|p2a: Cryogonal|par\n|\n|upkeep\n|turn|11\n|\n|t:|1701092567\n|switch|p1a: Samurott|Samurott-Hisui, M|100\/100\n|move|p2a: Cryogonal|Rapid Spin|p1a: Samurott\n|-damage|p1a: Samurott|93\/100\n|-boost|p2a: Cryogonal|spe|1\n|-sideend|p2: Senhor de Canavial|Spikes|[from] move: Rapid Spin|[of] p2a: Cryogonal\n|\n|upkeep\n|turn|12\n|\n|t:|1701092573\n|move|p1a: Samurott|Swords Dance|p1a: Samurott\n|-boost|p1a: Samurott|atk|2\n|move|p2a: Cryogonal|Freeze-Dry|p1a: Samurott\n|-supereffective|p1a: Samurott\n|-damage|p1a: Samurott|28\/100\n|\n|upkeep\n|turn|13\n|\n|t:|1701092584\n|move|p1a: Samurott|Ceaseless Edge|p2a: Cryogonal\n|-damage|p2a: Cryogonal|0 fnt\n|-sidestart|p2: Senhor de Canavial|Spikes\n|faint|p2a: Cryogonal\n|\n|upkeep\n|\n|t:|1701092591\n|switch|p2a: N DA TERAA|Salamence, F|100\/100\n|-ability|p2a: N DA TERAA|Intimidate|boost\n|-unboost|p1a: Samurott|atk|1\n|turn|14\n|\n|t:|1701092640\n|move|p1a: Samurott|Sucker Punch||[still]\n|-fail|p1a: Samurott\n|move|p2a: N DA TERAA|Dragon Dance|p2a: N DA TERAA\n|-boost|p2a: N DA TERAA|atk|1\n|-boost|p2a: N DA TERAA|spe|1\n|\n|upkeep\n|turn|15\n|\n|t:|1701092653\n|move|p1a: Samurott|Sucker Punch|p2a: N DA TERAA\n|-damage|p2a: N DA TERAA|60\/100\n|-enditem|p2a: N DA TERAA|Eject Button\n|\n|t:|1701092663\n|switch|p2a: Sylveon|Sylveon, M|100\/100\n|-damage|p2a: Sylveon|88\/100|[from] Spikes\n|\n|upkeep\n|turn|16\n|\n|t:|1701092691\n|move|p1a: Samurott|Razor Shell|p2a: Sylveon\n|-damage|p2a: Sylveon|0 fnt\n|faint|p2a: Sylveon\n|\n|upkeep\n|\n|t:|1701092695\n|switch|p2a: N DA TERAA|Salamence, F|60\/100\n|-ability|p2a: N DA TERAA|Intimidate|boost\n|-unboost|p1a: Samurott|atk|1\n|turn|17\n|\n|t:|1701092704\n|move|p1a: Samurott|Ceaseless Edge|p2a: N DA TERAA\n|-damage|p2a: N DA TERAA|23\/100\n|-sidestart|p2: Senhor de Canavial|Spikes\n|move|p2a: N DA TERAA|Roost|p2a: N DA TERAA\n|-heal|p2a: N DA TERAA|73\/100\n|-singleturn|p2a: N DA TERAA|move: Roost\n|\n|upkeep\n|turn|18\n|\n|t:|1701092723\n|move|p1a: Samurott|Razor Shell|p2a: N DA TERAA\n|-resisted|p2a: N DA TERAA\n|-damage|p2a: N DA TERAA|52\/100\n|-unboost|p2a: N DA TERAA|def|1\n|move|p2a: N DA TERAA|Dragon Dance|p2a: N DA TERAA\n|-boost|p2a: N DA TERAA|atk|1\n|-boost|p2a: N DA TERAA|spe|1\n|\n|upkeep\n|turn|19\n|\n|t:|1701092736\n|move|p2a: N DA TERAA|Dual Wingbeat|p1a: Samurott\n|-damage|p1a: Samurott|0 fnt\n|faint|p1a: Samurott\n|-hitcount|p1: Samurott|1\n|\n|upkeep\n|\n|t:|1701092746\n|switch|p1a: Tinkaton|Tinkaton, F|100\/100\n|-item|p1a: Tinkaton|Air Balloon\n|turn|20\n|\n|t:|1701092768\n|switch|p2a: Clawitzer|Clawitzer, M|64\/100\n|-damage|p2a: Clawitzer|48\/100|[from] Spikes\n|move|p1a: Tinkaton|Thunder Wave|p2a: Clawitzer\n|-status|p2a: Clawitzer|par\n|\n|upkeep\n|turn|21\n|\n|t:|1701092783\n|switch|p1a: Gastrodon|Gastrodon, M|100\/100\n|move|p2a: Clawitzer|Water Pulse|p1a: Gastrodon\n|-ability|p1a: Gastrodon|Storm Drain|boost\n|-boost|p1a: Gastrodon|spa|1\n|\n|upkeep\n|turn|22\n|\n|t:|1701092792\n|move|p1a: Gastrodon|Stealth Rock|p2a: Clawitzer\n|-sidestart|p2: Senhor de Canavial|move: Stealth Rock\n|move|p2a: Clawitzer|Water Pulse|p1a: Gastrodon\n|-ability|p1a: Gastrodon|Storm Drain|boost\n|-boost|p1a: Gastrodon|spa|1\n|\n|upkeep\n|turn|23\n|\n|t:|1701092802\n|switch|p2a: Bisharp|Bisharp, M, tera:Flying|51\/100\n|-damage|p2a: Bisharp|26\/100|[from] Stealth Rock\n|move|p1a: Gastrodon|Earth Power|p2a: Bisharp\n|-immune|p2a: Bisharp\n|\n|upkeep\n|turn|24\n|\n|t:|1701092816\n|move|p2a: Bisharp|Substitute|p2a: Bisharp\n|-start|p2a: Bisharp|Substitute\n|-damage|p2a: Bisharp|1\/100\n|move|p1a: Gastrodon|Yawn||[still]\n|-fail|p1a: Gastrodon\n|\n|upkeep\n|turn|25\n|\n|t:|1701092833\n|switch|p1a: Chandelure|Chandelure, M|100\/100\n|move|p2a: Bisharp|Swords Dance|p2a: Bisharp\n|-boost|p2a: Bisharp|atk|2\n|\n|upkeep\n|turn|26\n|\n|t:|1701092852\n|-terastallize|p1a: Chandelure|Grass\n|move|p2a: Bisharp|Sucker Punch|p1a: Chandelure\n|-damage|p1a: Chandelure|20\/100\n|move|p1a: Chandelure|Energy Ball|p2a: Bisharp\n|-resisted|p2a: Bisharp\n|-end|p2a: Bisharp|Substitute\n|\n|upkeep\n|turn|27\n|\n|t:|1701092867\n|move|p2a: Bisharp|Sucker Punch|p1a: Chandelure\n|-damage|p1a: Chandelure|0 fnt\n|faint|p1a: Chandelure\n|\n|upkeep\n|\n|t:|1701092876\n|switch|p1a: Tinkaton|Tinkaton, F|100\/100\n|-item|p1a: Tinkaton|Air Balloon\n|turn|28\n|\n|t:|1701092893\n|move|p1a: Tinkaton|Gigaton Hammer|p2a: Bisharp\n|-damage|p2a: Bisharp|0 fnt\n|faint|p2a: Bisharp\n|\n|upkeep\n|\n|t:|1701092900\n|switch|p2a: N DA TERAA|Salamence, F|52\/100\n|-damage|p2a: N DA TERAA|27\/100|[from] Stealth Rock\n|-ability|p2a: N DA TERAA|Intimidate|boost\n|-unboost|p1a: Tinkaton|atk|1\n|turn|29\n|\n|t:|1701092906\n|move|p1a: Tinkaton|Thunder Wave|p2a: N DA TERAA\n|-status|p2a: N DA TERAA|par\n|move|p2a: N DA TERAA|Roost|p2a: N DA TERAA\n|-heal|p2a: N DA TERAA|77\/100 par\n|-singleturn|p2a: N DA TERAA|move: Roost\n|\n|upkeep\n|turn|30\n|\n|t:|1701092918\n|move|p1a: Tinkaton|Gigaton Hammer|p2a: N DA TERAA\n|-damage|p2a: N DA TERAA|53\/100 par\n|move|p2a: N DA TERAA|Dragon Dance|p2a: N DA TERAA\n|-boost|p2a: N DA TERAA|atk|1\n|-boost|p2a: N DA TERAA|spe|1\n|\n|upkeep\n|turn|31\n|\n|t:|1701092925\n|move|p1a: Tinkaton|Knock Off|p2a: N DA TERAA\n|-damage|p2a: N DA TERAA|47\/100 par\n|cant|p2a: N DA TERAA|par\n|\n|upkeep\n|turn|32\n|\n|t:|1701092940\n|move|p1a: Tinkaton|Gigaton Hammer|p2a: N DA TERAA\n|-damage|p2a: N DA TERAA|24\/100 par\n|move|p2a: N DA TERAA|Roost|p2a: N DA TERAA\n|-heal|p2a: N DA TERAA|74\/100 par\n|-singleturn|p2a: N DA TERAA|move: Roost\n|\n|upkeep\n|turn|33\n|\n|t:|1701092948\n|move|p1a: Tinkaton|Encore|p2a: N DA TERAA\n|-start|p2a: N DA TERAA|Encore\n|cant|p2a: N DA TERAA|par\n|\n|upkeep\n|turn|34\n|\n|t:|1701092953\n|switch|p1a: Gastrodon|Gastrodon, M|100\/100\n|move|p2a: N DA TERAA|Roost|p2a: N DA TERAA\n|-heal|p2a: N DA TERAA|100\/100 par\n|-singleturn|p2a: N DA TERAA|move: Roost\n|\n|upkeep\n|turn|35\n|\n|t:|1701092963\n|move|p2a: N DA TERAA|Roost||[still]\n|-fail|p2a: N DA TERAA|heal\n|move|p1a: Gastrodon|Earth Power|p2a: N DA TERAA\n|-immune|p2a: N DA TERAA\n|\n|-end|p2a: N DA TERAA|Encore\n|upkeep\n|turn|36\n|\n|t:|1701092978\n|switch|p1a: Tinkaton|Tinkaton, F|100\/100\n|-item|p1a: Tinkaton|Air Balloon\n|cant|p2a: N DA TERAA|par\n|\n|upkeep\n|turn|37\n|\n|t:|1701092985\n|move|p1a: Tinkaton|Encore|p2a: N DA TERAA\n|-start|p2a: N DA TERAA|Encore\n|move|p2a: N DA TERAA|Roost||[still]\n|-fail|p2a: N DA TERAA|heal\n|\n|upkeep\n|turn|38\n|\n|t:|1701092991\n|move|p1a: Tinkaton|Gigaton Hammer|p2a: N DA TERAA\n|-damage|p2a: N DA TERAA|68\/100 par\n|cant|p2a: N DA TERAA|par\n|\n|upkeep\n|turn|39\n|\n|t:|1701092996\n|move|p1a: Tinkaton|Knock Off|p2a: N DA TERAA\n|-damage|p2a: N DA TERAA|57\/100 par\n|cant|p2a: N DA TERAA|par\n|\n|-end|p2a: N DA TERAA|Encore\n|upkeep\n|turn|40\n|\n|t:|1701093006\n|move|p1a: Tinkaton|Gigaton Hammer|p2a: N DA TERAA\n|-damage|p2a: N DA TERAA|24\/100 par\n|cant|p2a: N DA TERAA|par\n|\n|upkeep\n|turn|41\n|\n|t:|1701093012\n|move|p1a: Tinkaton|Encore|p2a: N DA TERAA\n|-start|p2a: N DA TERAA|Encore\n|move|p2a: N DA TERAA|Roost|p2a: N DA TERAA\n|-heal|p2a: N DA TERAA|74\/100 par\n|-singleturn|p2a: N DA TERAA|move: Roost\n|\n|upkeep\n|turn|42\n|\n|t:|1701093022\n|switch|p1a: Gastrodon|Gastrodon, M|100\/100\n|move|p2a: N DA TERAA|Roost|p2a: N DA TERAA\n|-heal|p2a: N DA TERAA|100\/100 par\n|-singleturn|p2a: N DA TERAA|move: Roost\n|\n|-end|p2a: N DA TERAA|Encore\n|upkeep\n|turn|43\n|\n|t:|1701093036\n|switch|p1a: Tinkaton|Tinkaton, F|100\/100\n|-item|p1a: Tinkaton|Air Balloon\n|move|p2a: N DA TERAA|Dragon Dance|p2a: N DA TERAA\n|-boost|p2a: N DA TERAA|atk|1\n|-boost|p2a: N DA TERAA|spe|1\n|\n|upkeep\n|turn|44\n|\n|t:|1701093044\n|move|p1a: Tinkaton|Encore|p2a: N DA TERAA\n|-start|p2a: N DA TERAA|Encore\n|cant|p2a: N DA TERAA|par\n|\n|upkeep\n|turn|45\n|\n|t:|1701093048\n|move|p1a: Tinkaton|Gigaton Hammer|p2a: N DA TERAA\n|-damage|p2a: N DA TERAA|64\/100 par\n|move|p2a: N DA TERAA|Dragon Dance|p2a: N DA TERAA\n|-boost|p2a: N DA TERAA|atk|1\n|-boost|p2a: N DA TERAA|spe|1\n|\n|upkeep\n|turn|46\n|\n|t:|1701093054\n|move|p2a: N DA TERAA|Dragon Dance|p2a: N DA TERAA\n|-boost|p2a: N DA TERAA|atk|1\n|-boost|p2a: N DA TERAA|spe|1\n|move|p1a: Tinkaton|Knock Off|p2a: N DA TERAA\n|-damage|p2a: N DA TERAA|53\/100 par\n|\n|-end|p2a: N DA TERAA|Encore\n|upkeep\n|turn|47\n|\n|t:|1701093060\n|cant|p2a: N DA TERAA|par\n|move|p1a: Tinkaton|Gigaton Hammer|p2a: N DA TERAA\n|-crit|p2a: N DA TERAA\n|-damage|p2a: N DA TERAA|0 fnt\n|faint|p2a: N DA TERAA\n|\n|upkeep\n|c|\u2606Senhor de Canavial|a\n|\n|t:|1701093069\n|switch|p2a: Clawitzer|Clawitzer, M|48\/100 par\n|-damage|p2a: Clawitzer|31\/100 par|[from] Spikes\n|-damage|p2a: Clawitzer|19\/100 par|[from] Stealth Rock\n|turn|48\n|c|\u2606pannnn|CACETE FUNCINOU\n|\n|t:|1701093075\n|move|p1a: Tinkaton|Knock Off|p2a: Clawitzer\n|-damage|p2a: Clawitzer|0 fnt\n|-enditem|p2a: Clawitzer|Choice Specs|[from] move: Knock Off|[of] p1a: Tinkaton\n|faint|p2a: Clawitzer\n|\n|win|pannnn\n|c|\u2606Senhor de Canavial|fica assim entao esse turno ai\n|c|\u2606Senhor de Canavial|aoskdpasd\n|c|\u2606Senhor de Canavial|gg\n|c|\u2606Senhor de Canavial|manda la q to no pc do estagio asdopkapsod\n|c|\u2606pannnn|beleza\n","uploadtime":1701093101,"views":20,"p1id":"pannnn","p2id":"senhordecanavial","formatid":"gen9ou","rating":0,"private":0,"password":""}