{"id":"gen9ou-1997323065","p1":"Meteor Metagroos","p2":"WraxiusGaming","format":"[Gen 9] OU","log":"|j|\u203dMeteor Metagroos\n|j|\u2606WraxiusGaming\n|t:|1700789352\n|gametype|singles\n|player|p1|Meteor Metagroos|artist-gen4|1198\n|player|p2|WraxiusGaming|elesa|1229\n|teamsize|p1|6\n|teamsize|p2|6\n|gen|9\n|tier|[Gen 9] OU\n|rated|\n|rule|Sleep Clause Mod: Limit one foe put to sleep\n|rule|Species Clause: Limit one of each Pok\u00e9mon\n|rule|OHKO Clause: OHKO moves are banned\n|rule|Evasion Items Clause: Evasion items are banned\n|rule|Evasion Moves Clause: Evasion moves are banned\n|rule|Endless Battle Clause: Forcing endless battles is banned\n|rule|HP Percentage Mod: HP is shown in percentages\n|clearpoke\n|poke|p1|Samurott-Hisui, M|\n|poke|p1|Shiftry, F|\n|poke|p1|Moltres|\n|poke|p1|Landorus-Therian, M|\n|poke|p1|Gholdengo|\n|poke|p1|Torkoal, M|\n|poke|p2|Crawdaunt, F|\n|poke|p2|Alomomola, F|\n|poke|p2|Iron Moth|\n|poke|p2|Ribombee, F|\n|poke|p2|Gholdengo|\n|poke|p2|Ting-Lu|\n|teampreview\n|inactive|Battle timer is ON: inactive players will automatically lose when time's up. (requested by WraxiusGaming)\n|\n|t:|1700789362\n|start\n|switch|p1a: Landorus|Landorus-Therian, M|100\/100\n|switch|p2a: Ribombee|Ribombee, F|100\/100\n|-ability|p1a: Landorus|Intimidate|boost\n|-unboost|p2a: Ribombee|atk|1\n|turn|1\n|\n|t:|1700789366\n|move|p2a: Ribombee|Sticky Web|p1a: Landorus\n|-sidestart|p1: Meteor Metagroos|move: Sticky Web\n|move|p1a: Landorus|U-turn|p2a: Ribombee\n|-resisted|p2a: Ribombee\n|-damage|p2a: Ribombee|63\/100\n|\n|t:|1700789372\n|switch|p1a: Torkoal|Torkoal, M|100\/100|[from] U-turn\n|-activate|p1a: Torkoal|move: Sticky Web\n|-unboost|p1a: Torkoal|spe|1\n|-weather|SunnyDay|[from] ability: Drought|[of] p1a: Torkoal\n|\n|-weather|SunnyDay|[upkeep]\n|upkeep\n|turn|2\n|\n|t:|1700789376\n|move|p2a: Ribombee|Stun Spore|p1a: Torkoal\n|-status|p1a: Torkoal|par\n|cant|p1a: Torkoal|par\n|\n|-weather|SunnyDay|[upkeep]\n|upkeep\n|turn|3\n|\n|t:|1700789383\n|switch|p2a: Alomomola|Alomomola, F|100\/100\n|move|p1a: Torkoal|Lava Plume|p2a: Alomomola\n|-resisted|p2a: Alomomola\n|-damage|p2a: Alomomola|80\/100\n|\n|-weather|SunnyDay|[upkeep]\n|upkeep\n|turn|4\n|\n|t:|1700789388\n|move|p2a: Alomomola|Scald|p1a: Torkoal\n|-supereffective|p1a: Torkoal\n|-damage|p1a: Torkoal|90\/100 par\n|move|p1a: Torkoal|Rapid Spin|p2a: Alomomola\n|-damage|p2a: Alomomola|75\/100\n|-boost|p1a: Torkoal|spe|1\n|-sideend|p1: Meteor Metagroos|Sticky Web|[from] move: Rapid Spin|[of] p1a: Torkoal\n|\n|-weather|SunnyDay|[upkeep]\n|-heal|p1a: Torkoal|96\/100 par|[from] item: Leftovers\n|upkeep\n|turn|5\n|\n|t:|1700789395\n|switch|p1a: Samurott|Samurott-Hisui, M|100\/100\n|move|p2a: Alomomola|Scald|p1a: Samurott\n|-resisted|p1a: Samurott\n|-damage|p1a: Samurott|95\/100\n|\n|-weather|none\n|-heal|p1a: Samurott|100\/100|[from] item: Leftovers\n|upkeep\n|turn|6\n|\n|t:|1700789398\n|move|p1a: Samurott|Taunt|p2a: Alomomola\n|-start|p2a: Alomomola|move: Taunt\n|move|p2a: Alomomola|Flip Turn|p1a: Samurott\n|-resisted|p1a: Samurott\n|-damage|p1a: Samurott|89\/100\n|\n|t:|1700789406\n|switch|p2a: Ribombee|Ribombee, F|63\/100|[from] Flip Turn\n|\n|-heal|p1a: Samurott|96\/100|[from] item: Leftovers\n|upkeep\n|turn|7\n|\n|t:|1700789408\n|move|p2a: Ribombee|Moonblast|p1a: Samurott\n|-supereffective|p1a: Samurott\n|-damage|p1a: Samurott|0 fnt\n|faint|p1a: Samurott\n|\n|upkeep\n|\n|t:|1700789412\n|switch|p1a: Gholdengo|Gholdengo|100\/100\n|turn|8\n|\n|t:|1700789417\n|switch|p2a: Ting-Lu|Ting-Lu|100\/100\n|-ability|p2a: Ting-Lu|Vessel of Ruin\n|move|p1a: Gholdengo|Make It Rain|p2a: Ting-Lu\n|-damage|p2a: Ting-Lu|74\/100\n|-unboost|p1a: Gholdengo|spa|1\n|\n|-heal|p2a: Ting-Lu|80\/100|[from] item: Leftovers\n|upkeep\n|turn|9\n|\n|t:|1700789427\n|switch|p1a: Shiftry|Shiftry, F|100\/100\n|move|p2a: Ting-Lu|Spikes|p1a: Shiftry\n|-sidestart|p1: Meteor Metagroos|Spikes\n|\n|-heal|p2a: Ting-Lu|87\/100|[from] item: Leftovers\n|upkeep\n|turn|10\n|\n|t:|1700789433\n|move|p1a: Shiftry|Tailwind|p1a: Shiftry\n|-sidestart|p1: Meteor Metagroos|move: Tailwind\n|-ability|p1a: Shiftry|Wind Rider|boost\n|-boost|p1a: Shiftry|atk|1\n|move|p2a: Ting-Lu|Spikes|p1a: Shiftry\n|-sidestart|p1: Meteor Metagroos|Spikes\n|\n|-heal|p2a: Ting-Lu|93\/100|[from] item: Leftovers\n|upkeep\n|turn|11\n|\n|t:|1700789438\n|move|p1a: Shiftry|Leaf Blade|p2a: Ting-Lu\n|-supereffective|p2a: Ting-Lu\n|-damage|p2a: Ting-Lu|33\/100\n|move|p2a: Ting-Lu|Spikes|p1a: Shiftry\n|-sidestart|p1: Meteor Metagroos|Spikes\n|\n|-heal|p2a: Ting-Lu|40\/100|[from] item: Leftovers\n|upkeep\n|turn|12\n|\n|t:|1700789454\n|switch|p2a: Iron Moth|Iron Moth|100\/100\n|-enditem|p2a: Iron Moth|Booster Energy\n|-activate|p2a: Iron Moth|ability: Quark Drive|[fromitem]\n|-start|p2a: Iron Moth|quarkdrivespe\n|move|p1a: Shiftry|Leaf Blade|p2a: Iron Moth\n|-resisted|p2a: Iron Moth\n|-damage|p2a: Iron Moth|81\/100\n|\n|upkeep\n|turn|13\n|\n|t:|1700789472\n|move|p2a: Iron Moth|Fiery Dance|p1a: Shiftry\n|-supereffective|p1a: Shiftry\n|-enditem|p1a: Shiftry|Focus Sash\n|-damage|p1a: Shiftry|1\/100\n|-boost|p2a: Iron Moth|spa|1\n|move|p1a: Shiftry|Toxic Spikes|p2a: Iron Moth\n|-sidestart|p2: WraxiusGaming|move: Toxic Spikes\n|\n|-sideend|p1: Meteor Metagroos|move: Tailwind\n|upkeep\n|turn|14\n|\n|t:|1700789481\n|move|p2a: Iron Moth|Fiery Dance|p1a: Shiftry\n|-supereffective|p1a: Shiftry\n|-damage|p1a: Shiftry|0 fnt\n|-boost|p2a: Iron Moth|spa|1\n|faint|p1a: Shiftry\n|\n|upkeep\n|\n|t:|1700789484\n|switch|p1a: Moltres|Moltres|100\/100\n|turn|15\n|\n|t:|1700789502\n|move|p2a: Iron Moth|Psychic|p1a: Moltres\n|-damage|p1a: Moltres|56\/100\n|move|p1a: Moltres|Hurricane|p2a: Iron Moth\n|-damage|p2a: Iron Moth|33\/100\n|\n|upkeep\n|turn|16\n|\n|t:|1700789512\n|move|p2a: Iron Moth|Psychic|p1a: Moltres\n|-damage|p1a: Moltres|12\/100\n|move|p1a: Moltres|Hurricane|p2a: Iron Moth\n|-damage|p2a: Iron Moth|0 fnt\n|faint|p2a: Iron Moth\n|-end|p2a: Iron Moth|Quark Drive|[silent]\n|\n|upkeep\n|\n|t:|1700789523\n|switch|p2a: Gholdengo|Gholdengo|100\/100\n|-item|p2a: Gholdengo|Air Balloon\n|turn|17\n|\n|t:|1700789530\n|-terastallize|p2a: Gholdengo|Fighting\n|move|p2a: Gholdengo|Shadow Ball|p1a: Moltres\n|-damage|p1a: Moltres|0 fnt\n|faint|p1a: Moltres\n|\n|upkeep\n|\n|t:|1700789533\n|switch|p1a: Torkoal|Torkoal, M|96\/100 par\n|-damage|p1a: Torkoal|71\/100 par|[from] Spikes\n|-weather|SunnyDay|[from] ability: Drought|[of] p1a: Torkoal\n|turn|18\n|\n|t:|1700789556\n|move|p2a: Gholdengo|Nasty Plot|p2a: Gholdengo\n|-boost|p2a: Gholdengo|spa|2\n|move|p1a: Torkoal|Rapid Spin|p2a: Gholdengo\n|-damage|p2a: Gholdengo|90\/100\n|-boost|p1a: Torkoal|spe|1\n|-enditem|p2a: Gholdengo|Air Balloon\n|-sideend|p1: Meteor Metagroos|Spikes|[from] move: Rapid Spin|[of] p1a: Torkoal\n|\n|-weather|SunnyDay|[upkeep]\n|-heal|p1a: Torkoal|77\/100 par|[from] item: Leftovers\n|upkeep\n|turn|19\n|\n|t:|1700789572\n|move|p2a: Gholdengo|Shadow Ball|p1a: Torkoal\n|-damage|p1a: Torkoal|5\/100 par\n|move|p1a: Torkoal|Body Press|p2a: Gholdengo\n|-damage|p2a: Gholdengo|60\/100\n|\n|-weather|SunnyDay|[upkeep]\n|-heal|p1a: Torkoal|11\/100 par|[from] item: Leftovers\n|upkeep\n|turn|20\n|\n|t:|1700789579\n|move|p2a: Gholdengo|Recover|p2a: Gholdengo\n|-heal|p2a: Gholdengo|100\/100\n|cant|p1a: Torkoal|par\n|\n|-weather|SunnyDay|[upkeep]\n|-heal|p1a: Torkoal|17\/100 par|[from] item: Leftovers\n|upkeep\n|turn|21\n|\n|t:|1700789583\n|move|p2a: Gholdengo|Shadow Ball|p1a: Torkoal\n|-damage|p1a: Torkoal|0 fnt\n|faint|p1a: Torkoal\n|\n|-weather|SunnyDay|[upkeep]\n|upkeep\n|\n|t:|1700789585\n|switch|p1a: Landorus|Landorus-Therian, M|100\/100\n|-ability|p1a: Landorus|Intimidate|boost\n|-unboost|p2a: Gholdengo|atk|1\n|turn|22\n|\n|t:|1700789588\n|-terastallize|p1a: Landorus|Flying\n|move|p1a: Landorus|Tera Blast|p2a: Gholdengo|[anim] Tera Blast Flying\n|-supereffective|p2a: Gholdengo\n|-damage|p2a: Gholdengo|0 fnt\n|faint|p2a: Gholdengo\n|\n|-weather|none\n|upkeep\n|inactive|WraxiusGaming has 120 seconds left.\n|\n|t:|1700789634\n|switch|p2a: Crawdaunt|Crawdaunt, F|100\/100\n|-status|p2a: Crawdaunt|psn\n|turn|23\n|\n|t:|1700789642\n|move|p1a: Landorus|Tera Blast|p2a: Crawdaunt|[anim] Tera Blast Flying\n|-damage|p2a: Crawdaunt|0 fnt\n|faint|p2a: Crawdaunt\n|\n|upkeep\n|\n|t:|1700789657\n|switch|p2a: Ribombee|Ribombee, F|63\/100\n|-status|p2a: Ribombee|psn\n|turn|24\n|\n|t:|1700789660\n|move|p2a: Ribombee|Moonblast|p1a: Landorus\n|-damage|p1a: Landorus|46\/100\n|move|p1a: Landorus|Tera Blast|p2a: Ribombee|[anim] Tera Blast Flying\n|-supereffective|p2a: Ribombee\n|-damage|p2a: Ribombee|0 fnt\n|faint|p2a: Ribombee\n|\n|upkeep\n|\n|t:|1700789666\n|switch|p2a: Alomomola|Alomomola, F|100\/100\n|turn|25\n|\n|t:|1700789682\n|move|p1a: Landorus|Tera Blast|p2a: Alomomola|[anim] Tera Blast Flying\n|-damage|p2a: Alomomola|56\/100\n|move|p2a: Alomomola|Scald|p1a: Landorus\n|-damage|p1a: Landorus|26\/100\n|\n|upkeep\n|turn|26\n|\n|t:|1700789695\n|move|p1a: Landorus|Tera Blast|p2a: Alomomola|[anim] Tera Blast Flying\n|-crit|p2a: Alomomola\n|-damage|p2a: Alomomola|0 fnt\n|faint|p2a: Alomomola\n|\n|upkeep\n|\n|t:|1700789697\n|switch|p2a: Ting-Lu|Ting-Lu|40\/100\n|-status|p2a: Ting-Lu|psn\n|-ability|p2a: Ting-Lu|Vessel of Ruin\n|turn|27\n|\n|t:|1700789701\n|move|p1a: Landorus|Tera Blast|p2a: Ting-Lu|[anim] Tera Blast Flying\n|-damage|p2a: Ting-Lu|0 fnt\n|faint|p2a: Ting-Lu\n|\n|win|Meteor Metagroos\n|raw|Meteor Metagroos's rating: 1198 &rarr; <strong>1225<\/strong><br \/>(+27 for winning)\n|raw|WraxiusGaming's rating: 1229 &rarr; <strong>1202<\/strong><br \/>(-27 for losing)\n","uploadtime":1700789708,"views":32,"p1id":"meteormetagroos","p2id":"wraxiusgaming","formatid":"gen9ou","rating":1202,"private":0,"password":""}