{"id":"gen9ou-1996668387","p1":"BiEla","p2":"Aeziolu","format":"[Gen 9] OU","log":"|j|\u2606BiEla\n|j|\u2606Aeziolu\n|t:|1700707394\n|gametype|singles\n|player|p1|BiEla|101|1436\n|player|p2|Aeziolu|wally|1531\n|teamsize|p1|6\n|teamsize|p2|6\n|gen|9\n|tier|[Gen 9] OU\n|rated|\n|rule|Sleep Clause Mod: Limit one foe put to sleep\n|rule|Species Clause: Limit one of each Pok\u00e9mon\n|rule|OHKO Clause: OHKO moves are banned\n|rule|Evasion Items Clause: Evasion items are banned\n|rule|Evasion Moves Clause: Evasion moves are banned\n|rule|Endless Battle Clause: Forcing endless battles is banned\n|rule|HP Percentage Mod: HP is shown in percentages\n|clearpoke\n|poke|p1|Toxapex, F|\n|poke|p1|Blissey, F|\n|poke|p1|Sableye, M|\n|poke|p1|Clodsire, M|\n|poke|p1|Quagsire, F|\n|poke|p1|Corviknight, F|\n|poke|p2|Ogerpon-Wellspring, F|\n|poke|p2|Cinderace, F|\n|poke|p2|Ting-Lu|\n|poke|p2|Clefable, F|\n|poke|p2|Slowking-Galar, M|\n|poke|p2|Dragonite, M|\n|teampreview\n|\n|t:|1700707413\n|start\n|switch|p1a: Toxapex|Toxapex, F|100\/100\n|switch|p2a: Slowking|Slowking-Galar, M|100\/100\n|turn|1\n|\n|t:|1700707417\n|move|p1a: Toxapex|Toxic Spikes|p2a: Slowking\n|-sidestart|p2: Aeziolu|move: Toxic Spikes\n|move|p2a: Slowking|Future Sight|p1a: Toxapex\n|-start|p2a: Slowking|move: Future Sight\n|\n|upkeep\n|turn|2\n|\n|t:|1700707423\n|switch|p1a: Blissey|Blissey, F|100\/100\n|move|p2a: Slowking|Chilly Reception|p2a: Slowking\n|-weather|Snow\n|\n|t:|1700707432\n|switch|p2a: Cinderace|Cinderace, F|100\/100|[from] Chilly Reception\n|\n|-weather|Snow|[upkeep]\n|upkeep\n|turn|3\n|\n|t:|1700707438\n|switch|p1a: Toxapex|Toxapex, F|100\/100\n|move|p2a: Cinderace|High Jump Kick|p1a: Toxapex\n|-start|p2a: Cinderace|typechange|Fighting|[from] ability: Libero\n|-resisted|p1a: Toxapex\n|-damage|p1a: Toxapex|82\/100\n|\n|-weather|Snow|[upkeep]\n|-end|p1a: Toxapex|move: Future Sight\n|-supereffective|p1a: Toxapex\n|-damage|p1a: Toxapex|0 fnt\n|faint|p1a: Toxapex\n|upkeep\n|c|\u2606BiEla|lol\n|c|\u2606BiEla|im noob\n|c|\u2606Aeziolu|it happens dw\n|c|\u2606BiEla|i miss\n|\n|t:|1700707473\n|switch|p1a: Clodsire|Clodsire, M|100\/100\n|turn|4\n|\n|t:|1700707478\n|move|p2a: Cinderace|U-turn|p1a: Clodsire\n|-resisted|p1a: Clodsire\n|-damage|p1a: Clodsire|88\/100\n|\n|t:|1700707484\n|switch|p2a: Slowking|Slowking-Galar, M|100\/100|[from] U-turn\n|-sideend|p2: Aeziolu|move: Toxic Spikes|[of] p2a: Slowking\n|move|p1a: Clodsire|Spikes|p2a: Slowking\n|-sidestart|p2: Aeziolu|Spikes\n|\n|-weather|Snow|[upkeep]\n|-heal|p1a: Clodsire|94\/100|[from] item: Leftovers\n|upkeep\n|turn|5\n|\n|t:|1700707489\n|move|p2a: Slowking|Future Sight|p1a: Clodsire\n|-start|p2a: Slowking|move: Future Sight\n|move|p1a: Clodsire|Spikes|p2a: Slowking\n|-sidestart|p2: Aeziolu|Spikes\n|\n|-weather|Snow|[upkeep]\n|-heal|p1a: Clodsire|100\/100|[from] item: Leftovers\n|upkeep\n|turn|6\n|\n|t:|1700707494\n|move|p2a: Slowking|Chilly Reception|p2a: Slowking\n|\n|t:|1700707501\n|switch|p2a: Dragonite|Dragonite, M|100\/100|[from] Chilly Reception\n|move|p1a: Clodsire|Spikes|p2a: Dragonite\n|-sidestart|p2: Aeziolu|Spikes\n|\n|-weather|none\n|upkeep\n|turn|7\n|\n|t:|1700707506\n|switch|p1a: Sableye|Sableye, M|100\/100\n|move|p2a: Dragonite|Earthquake|p1a: Sableye\n|-damage|p1a: Sableye|61\/100\n|\n|-end|p1a: Sableye|move: Future Sight\n|-immune|p1a: Sableye\n|-heal|p1a: Sableye|68\/100|[from] item: Leftovers\n|upkeep\n|turn|8\n|\n|t:|1700707519\n|switch|p2a: Cinderace|Cinderace, F|100\/100\n|move|p1a: Sableye|Taunt|p2a: Cinderace\n|-start|p2a: Cinderace|move: Taunt\n|\n|-heal|p1a: Sableye|74\/100|[from] item: Leftovers\n|upkeep\n|turn|9\n|\n|t:|1700707522\n|move|p2a: Cinderace|Pyro Ball|p1a: Sableye\n|-damage|p1a: Sableye|20\/100\n|move|p1a: Sableye|Foul Play|p2a: Cinderace\n|-damage|p2a: Cinderace|38\/100\n|\n|-heal|p1a: Sableye|26\/100|[from] item: Leftovers\n|upkeep\n|turn|10\n|\n|t:|1700707533\n|move|p1a: Sableye|Recover|p1a: Sableye\n|-heal|p1a: Sableye|76\/100\n|move|p2a: Cinderace|U-turn|p1a: Sableye\n|-start|p2a: Cinderace|typechange|Bug|[from] ability: Libero\n|-damage|p1a: Sableye|40\/100\n|\n|t:|1700707538\n|switch|p2a: Slowking|Slowking-Galar, M|100\/100|[from] U-turn\n|\n|-heal|p1a: Sableye|46\/100|[from] item: Leftovers\n|upkeep\n|turn|11\n|\n|t:|1700707545\n|move|p1a: Sableye|Recover|p1a: Sableye\n|-heal|p1a: Sableye|96\/100\n|move|p2a: Slowking|Chilly Reception|p2a: Slowking\n|-weather|Snow\n|\n|t:|1700707548\n|switch|p2a: Cinderace|Cinderace, F|38\/100|[from] Chilly Reception\n|\n|-weather|Snow|[upkeep]\n|-heal|p1a: Sableye|100\/100|[from] item: Leftovers\n|upkeep\n|turn|12\n|\n|t:|1700707555\n|move|p2a: Cinderace|Court Change|p2a: Cinderace\n|-start|p2a: Cinderace|typechange|Normal|[from] ability: Libero\n|-swapsideconditions\n|-activate|p2a: Cinderace|move: Court Change\n|move|p1a: Sableye|Foul Play|p2a: Cinderace\n|-damage|p2a: Cinderace|0 fnt\n|faint|p2a: Cinderace\n|\n|-weather|Snow|[upkeep]\n|upkeep\n|\n|t:|1700707564\n|switch|p2a: Ting-Lu|Ting-Lu|100\/100\n|-ability|p2a: Ting-Lu|Vessel of Ruin\n|turn|13\n|\n|t:|1700707570\n|move|p1a: Sableye|Will-O-Wisp|p2a: Ting-Lu\n|-hint|Since gen 7, Dark is immune to Prankster moves.\n|-immune|p2a: Ting-Lu\n|move|p2a: Ting-Lu|Whirlwind|p1a: Sableye\n|drag|p1a: Quagsire|Quagsire, F|100\/100\n|-damage|p1a: Quagsire|76\/100|[from] Spikes\n|\n|-weather|Snow|[upkeep]\n|-heal|p1a: Quagsire|82\/100|[from] item: Leftovers\n|upkeep\n|turn|14\n|\n|t:|1700707579\n|switch|p2a: Clefable|Clefable, F|100\/100\n|move|p1a: Quagsire|Toxic|p2a: Clefable\n|-status|p2a: Clefable|tox\n|\n|-weather|Snow|[upkeep]\n|-heal|p1a: Quagsire|88\/100|[from] item: Leftovers\n|upkeep\n|turn|15\n|\n|t:|1700707584\n|switch|p1a: Corviknight|Corviknight, F|100\/100\n|-ability|p1a: Corviknight|Pressure\n|move|p2a: Clefable|Fire Blast|p1a: Corviknight\n|-supereffective|p1a: Corviknight\n|-crit|p1a: Corviknight\n|-damage|p1a: Corviknight|2\/100\n|\n|-weather|none\n|-heal|p1a: Corviknight|8\/100|[from] item: Leftovers\n|upkeep\n|turn|16\n|\n|t:|1700707591\n|move|p2a: Clefable|Moonblast|p1a: Corviknight\n|-resisted|p1a: Corviknight\n|-crit|p1a: Corviknight\n|-damage|p1a: Corviknight|0 fnt\n|faint|p1a: Corviknight\n|\n|upkeep\n|\n|t:|1700707595\n|switch|p1a: Clodsire|Clodsire, M|100\/100\n|-damage|p1a: Clodsire|75\/100|[from] Spikes\n|turn|17\n|\n|t:|1700707604\n|move|p2a: Clefable|Calm Mind|p2a: Clefable\n|-boost|p2a: Clefable|spa|1\n|-boost|p2a: Clefable|spd|1\n|move|p1a: Clodsire|Spikes|p2a: Clefable\n|-sidestart|p2: Aeziolu|Spikes\n|\n|-heal|p1a: Clodsire|82\/100|[from] item: Leftovers\n|upkeep\n|turn|18\n|\n|t:|1700707609\n|move|p2a: Clefable|Moonblast|p1a: Clodsire\n|-resisted|p1a: Clodsire\n|-damage|p1a: Clodsire|72\/100\n|-unboost|p1a: Clodsire|spa|1\n|move|p1a: Clodsire|Spikes|p2a: Clefable\n|-sidestart|p2: Aeziolu|Spikes\n|\n|-heal|p1a: Clodsire|78\/100|[from] item: Leftovers\n|upkeep\n|turn|19\n|\n|t:|1700707612\n|move|p2a: Clefable|Calm Mind|p2a: Clefable\n|-boost|p2a: Clefable|spa|1\n|-boost|p2a: Clefable|spd|1\n|move|p1a: Clodsire|Spikes|p2a: Clefable\n|-sidestart|p2: Aeziolu|Spikes\n|\n|-heal|p1a: Clodsire|84\/100|[from] item: Leftovers\n|upkeep\n|turn|20\n|\n|t:|1700707619\n|switch|p1a: Blissey|Blissey, F|100\/100\n|-damage|p1a: Blissey|76\/100|[from] Spikes\n|move|p2a: Clefable|Moonblast|p1a: Blissey\n|-crit|p1a: Blissey\n|-damage|p1a: Blissey|32\/100\n|\n|-heal|p1a: Blissey|38\/100|[from] item: Leftovers\n|upkeep\n|turn|21\n|c|\u2606Aeziolu|mb\n|\n|t:|1700707625\n|move|p2a: Clefable|Calm Mind|p2a: Clefable\n|-boost|p2a: Clefable|spa|1\n|-boost|p2a: Clefable|spd|1\n|move|p1a: Blissey|Soft-Boiled|p1a: Blissey\n|-heal|p1a: Blissey|88\/100\n|\n|-heal|p1a: Blissey|95\/100|[from] item: Leftovers\n|upkeep\n|turn|22\n|\n|t:|1700707629\n|move|p2a: Clefable|Calm Mind|p2a: Clefable\n|-boost|p2a: Clefable|spa|1\n|-boost|p2a: Clefable|spd|1\n|move|p1a: Blissey|Stealth Rock|p2a: Clefable\n|-sidestart|p2: Aeziolu|move: Stealth Rock\n|\n|-heal|p1a: Blissey|100\/100|[from] item: Leftovers\n|upkeep\n|turn|23\n|\n|t:|1700707636\n|switch|p1a: Clodsire|Clodsire, M|84\/100\n|-damage|p1a: Clodsire|59\/100|[from] Spikes\n|move|p2a: Clefable|Calm Mind|p2a: Clefable\n|-boost|p2a: Clefable|spa|1\n|-boost|p2a: Clefable|spd|1\n|\n|-heal|p1a: Clodsire|65\/100|[from] item: Leftovers\n|upkeep\n|turn|24\n|\n|t:|1700707639\n|move|p2a: Clefable|Moonblast|p1a: Clodsire\n|-resisted|p1a: Clodsire\n|-damage|p1a: Clodsire|55\/100\n|move|p1a: Clodsire|Poison Jab|p2a: Clefable\n|-supereffective|p2a: Clefable\n|-damage|p2a: Clefable|68\/100 tox\n|\n|-heal|p1a: Clodsire|61\/100|[from] item: Leftovers\n|upkeep\n|turn|25\n|\n|t:|1700707643\n|move|p2a: Clefable|Moonblast|p1a: Clodsire\n|-resisted|p1a: Clodsire\n|-crit|p1a: Clodsire\n|-damage|p1a: Clodsire|45\/100\n|move|p1a: Clodsire|Poison Jab|p2a: Clefable\n|-supereffective|p2a: Clefable\n|-damage|p2a: Clefable|33\/100 tox\n|\n|-heal|p1a: Clodsire|51\/100|[from] item: Leftovers\n|upkeep\n|turn|26\n|\n|t:|1700707647\n|move|p2a: Clefable|Moonlight|p2a: Clefable\n|-heal|p2a: Clefable|83\/100 tox\n|move|p1a: Clodsire|Recover|p1a: Clodsire\n|-heal|p1a: Clodsire|100\/100\n|\n|upkeep\n|turn|27\n|\n|t:|1700707649\n|move|p2a: Clefable|Fire Blast|p1a: Clodsire\n|-crit|p1a: Clodsire\n|-damage|p1a: Clodsire|74\/100\n|-status|p1a: Clodsire|brn\n|move|p1a: Clodsire|Poison Jab|p2a: Clefable\n|-supereffective|p2a: Clefable\n|-damage|p2a: Clefable|67\/100 tox\n|\n|-heal|p1a: Clodsire|81\/100 brn|[from] item: Leftovers\n|-damage|p1a: Clodsire|74\/100 brn|[from] brn\n|upkeep\n|turn|28\n|c|\u2606Aeziolu|my crits this game\n|\n|t:|1700707660\n|move|p2a: Clefable|Moonlight|p2a: Clefable\n|-heal|p2a: Clefable|100\/100 tox\n|move|p1a: Clodsire|Poison Jab|p2a: Clefable\n|-supereffective|p2a: Clefable\n|-damage|p2a: Clefable|83\/100 tox\n|\n|-heal|p1a: Clodsire|81\/100 brn|[from] item: Leftovers\n|-damage|p1a: Clodsire|74\/100 brn|[from] brn\n|upkeep\n|turn|29\n|\n|t:|1700707680\n|switch|p2a: Slowking|Slowking-Galar, M|100\/100\n|move|p1a: Clodsire|Poison Jab|p2a: Slowking\n|-resisted|p2a: Slowking\n|-damage|p2a: Slowking|95\/100\n|\n|-heal|p1a: Clodsire|81\/100 brn|[from] item: Leftovers\n|-damage|p1a: Clodsire|74\/100 brn|[from] brn\n|upkeep\n|turn|30\n|\n|t:|1700707684\n|switch|p1a: Blissey|Blissey, F|100\/100\n|-damage|p1a: Blissey|76\/100|[from] Spikes\n|move|p2a: Slowking|Chilly Reception|p2a: Slowking\n|-weather|Snow\n|\n|t:|1700707690\n|switch|p2a: Ogerpon|Ogerpon-Wellspring, F|100\/100|[from] Chilly Reception\n|-damage|p2a: Ogerpon|75\/100|[from] Spikes\n|-damage|p2a: Ogerpon|63\/100|[from] Stealth Rock\n|\n|-weather|Snow|[upkeep]\n|-heal|p1a: Blissey|82\/100|[from] item: Leftovers\n|upkeep\n|turn|31\n|\n|t:|1700707701\n|switch|p1a: Sableye|Sableye, M|100\/100\n|-damage|p1a: Sableye|75\/100|[from] Spikes\n|move|p2a: Ogerpon|Ivy Cudgel|p1a: Sableye|[anim] Ivy Cudgel Water\n|-damage|p1a: Sableye|23\/100\n|\n|-weather|Snow|[upkeep]\n|-heal|p1a: Sableye|29\/100|[from] item: Leftovers\n|upkeep\n|turn|32\n|\n|t:|1700707710\n|switch|p2a: Clefable|Clefable, F|83\/100 tox\n|move|p1a: Sableye|Recover|p1a: Sableye\n|-heal|p1a: Sableye|79\/100\n|\n|-weather|Snow|[upkeep]\n|-heal|p1a: Sableye|86\/100|[from] item: Leftovers\n|upkeep\n|turn|33\n|\n|t:|1700707716\n|switch|p1a: Blissey|Blissey, F|82\/100\n|-damage|p1a: Blissey|57\/100|[from] Spikes\n|move|p2a: Clefable|Moonblast|p1a: Blissey\n|-damage|p1a: Blissey|43\/100\n|\n|-weather|Snow|[upkeep]\n|-heal|p1a: Blissey|50\/100|[from] item: Leftovers\n|upkeep\n|turn|34\n|\n|t:|1700707720\n|switch|p2a: Ogerpon|Ogerpon-Wellspring, F|63\/100\n|-damage|p2a: Ogerpon|38\/100|[from] Spikes\n|-damage|p2a: Ogerpon|26\/100|[from] Stealth Rock\n|move|p1a: Blissey|Heal Bell|p1a: Blissey\n|-activate|p1a: Blissey|move: Heal Bell\n|-curestatus|p1: Clodsire|brn|[msg]\n|\n|-weather|none\n|-heal|p1a: Blissey|56\/100|[from] item: Leftovers\n|upkeep\n|turn|35\n|\n|t:|1700707725\n|switch|p1a: Sableye|Sableye, M|86\/100\n|-damage|p1a: Sableye|61\/100|[from] Spikes\n|move|p2a: Ogerpon|Synthesis|p2a: Ogerpon\n|-heal|p2a: Ogerpon|76\/100\n|\n|-heal|p1a: Sableye|67\/100|[from] item: Leftovers\n|upkeep\n|turn|36\n|\n|t:|1700707733\n|switch|p2a: Clefable|Clefable, F|83\/100 tox\n|move|p1a: Sableye|Foul Play|p2a: Clefable\n|-resisted|p2a: Clefable\n|-damage|p2a: Clefable|76\/100 tox\n|\n|-heal|p1a: Sableye|73\/100|[from] item: Leftovers\n|upkeep\n|turn|37\n|\n|t:|1700707739\n|switch|p1a: Clodsire|Clodsire, M|74\/100\n|-damage|p1a: Clodsire|49\/100|[from] Spikes\n|move|p2a: Clefable|Moonblast|p1a: Clodsire\n|-resisted|p1a: Clodsire\n|-damage|p1a: Clodsire|38\/100\n|\n|-heal|p1a: Clodsire|45\/100|[from] item: Leftovers\n|upkeep\n|turn|38\n|\n|t:|1700707745\n|switch|p2a: Ting-Lu|Ting-Lu|100\/100\n|-damage|p2a: Ting-Lu|76\/100|[from] Spikes\n|-damage|p2a: Ting-Lu|69\/100|[from] Stealth Rock\n|-ability|p2a: Ting-Lu|Vessel of Ruin\n|move|p1a: Clodsire|Recover|p1a: Clodsire\n|-heal|p1a: Clodsire|95\/100\n|\n|-heal|p2a: Ting-Lu|76\/100|[from] item: Leftovers\n|-heal|p1a: Clodsire|100\/100|[from] item: Leftovers\n|upkeep\n|turn|39\n|\n|t:|1700707753\n|move|p2a: Ting-Lu|Earthquake|p1a: Clodsire\n|-supereffective|p1a: Clodsire\n|-damage|p1a: Clodsire|3\/100\n|move|p1a: Clodsire|Earthquake|p2a: Ting-Lu\n|-damage|p2a: Ting-Lu|59\/100\n|\n|-heal|p2a: Ting-Lu|65\/100|[from] item: Leftovers\n|-heal|p1a: Clodsire|9\/100|[from] item: Leftovers\n|upkeep\n|turn|40\n|\n|t:|1700707759\n|switch|p1a: Sableye|Sableye, M|73\/100\n|-damage|p1a: Sableye|48\/100|[from] Spikes\n|move|p2a: Ting-Lu|Whirlwind|p1a: Sableye\n|drag|p1a: Blissey|Blissey, F|56\/100\n|-damage|p1a: Blissey|31\/100|[from] Spikes\n|\n|-heal|p1a: Blissey|37\/100|[from] item: Leftovers\n|-heal|p2a: Ting-Lu|71\/100|[from] item: Leftovers\n|upkeep\n|turn|41\n|\n|t:|1700707766\n|move|p1a: Blissey|Soft-Boiled|p1a: Blissey\n|-heal|p1a: Blissey|87\/100\n|move|p2a: Ting-Lu|Earthquake|p1a: Blissey\n|-damage|p1a: Blissey|50\/100\n|\n|-heal|p1a: Blissey|56\/100|[from] item: Leftovers\n|-heal|p2a: Ting-Lu|77\/100|[from] item: Leftovers\n|upkeep\n|turn|42\n|\n|t:|1700707775\n|move|p1a: Blissey|Seismic Toss|p2a: Ting-Lu\n|-damage|p2a: Ting-Lu|57\/100\n|move|p2a: Ting-Lu|Whirlwind|p1a: Blissey\n|drag|p1a: Sableye|Sableye, M|48\/100\n|-damage|p1a: Sableye|23\/100|[from] Spikes\n|\n|-heal|p1a: Sableye|29\/100|[from] item: Leftovers\n|-heal|p2a: Ting-Lu|63\/100|[from] item: Leftovers\n|upkeep\n|turn|43\n|\n|t:|1700707782\n|move|p1a: Sableye|Recover|p1a: Sableye\n|-heal|p1a: Sableye|79\/100\n|move|p2a: Ting-Lu|Whirlwind|p1a: Sableye\n|drag|p1a: Blissey|Blissey, F|56\/100\n|-damage|p1a: Blissey|31\/100|[from] Spikes\n|\n|-heal|p1a: Blissey|37\/100|[from] item: Leftovers\n|-heal|p2a: Ting-Lu|69\/100|[from] item: Leftovers\n|upkeep\n|turn|44\n|\n|t:|1700707787\n|move|p1a: Blissey|Soft-Boiled|p1a: Blissey\n|-heal|p1a: Blissey|87\/100\n|move|p2a: Ting-Lu|Whirlwind|p1a: Blissey\n|drag|p1a: Quagsire|Quagsire, F|88\/100\n|-damage|p1a: Quagsire|63\/100|[from] Spikes\n|\n|-heal|p2a: Ting-Lu|75\/100|[from] item: Leftovers\n|-heal|p1a: Quagsire|69\/100|[from] item: Leftovers\n|upkeep\n|turn|45\n|\n|t:|1700707794\n|switch|p2a: Clefable|Clefable, F|76\/100 tox\n|move|p1a: Quagsire|Toxic|p2a: Clefable\n|-fail|p2a: Clefable|tox\n|\n|-heal|p1a: Quagsire|75\/100|[from] item: Leftovers\n|upkeep\n|turn|46\n|\n|t:|1700707800\n|switch|p2a: Ting-Lu|Ting-Lu|75\/100\n|-damage|p2a: Ting-Lu|50\/100|[from] Spikes\n|-damage|p2a: Ting-Lu|44\/100|[from] Stealth Rock\n|-ability|p2a: Ting-Lu|Vessel of Ruin\n|move|p1a: Quagsire|Stockpile|p1a: Quagsire\n|-start|p1a: Quagsire|stockpile1\n|-boost|p1a: Quagsire|def|1\n|-boost|p1a: Quagsire|spd|1\n|\n|-heal|p2a: Ting-Lu|50\/100|[from] item: Leftovers\n|-heal|p1a: Quagsire|81\/100|[from] item: Leftovers\n|upkeep\n|turn|47\n|\n|t:|1700707805\n|move|p1a: Quagsire|Stockpile|p1a: Quagsire\n|-start|p1a: Quagsire|stockpile2\n|-boost|p1a: Quagsire|def|1\n|-boost|p1a: Quagsire|spd|1\n|move|p2a: Ting-Lu|Whirlwind|p1a: Quagsire\n|drag|p1a: Blissey|Blissey, F|87\/100\n|-damage|p1a: Blissey|63\/100|[from] Spikes\n|\n|-heal|p1a: Blissey|69\/100|[from] item: Leftovers\n|-heal|p2a: Ting-Lu|57\/100|[from] item: Leftovers\n|upkeep\n|turn|48\n|\n|t:|1700707811\n|move|p1a: Blissey|Seismic Toss|p2a: Ting-Lu\n|-damage|p2a: Ting-Lu|36\/100\n|move|p2a: Ting-Lu|Whirlwind|p1a: Blissey\n|drag|p1a: Clodsire|Clodsire, M|9\/100\n|-damage|p1a: Clodsire|0 fnt|[from] Spikes\n|faint|p1a: Clodsire\n|\n|-heal|p2a: Ting-Lu|42\/100|[from] item: Leftovers\n|upkeep\n|\n|t:|1700707819\n|switch|p1a: Quagsire|Quagsire, F|81\/100\n|-damage|p1a: Quagsire|56\/100|[from] Spikes\n|turn|49\n|\n|t:|1700707824\n|move|p1a: Quagsire|Recover|p1a: Quagsire\n|-heal|p1a: Quagsire|100\/100\n|move|p2a: Ting-Lu|Whirlwind|p1a: Quagsire\n|drag|p1a: Sableye|Sableye, M|79\/100\n|-damage|p1a: Sableye|54\/100|[from] Spikes\n|\n|-heal|p1a: Sableye|61\/100|[from] item: Leftovers\n|-heal|p2a: Ting-Lu|48\/100|[from] item: Leftovers\n|upkeep\n|turn|50\n|\n|t:|1700707829\n|move|p1a: Sableye|Taunt|p2a: Ting-Lu\n|-hint|Since gen 7, Dark is immune to Prankster moves.\n|-immune|p2a: Ting-Lu\n|move|p2a: Ting-Lu|Whirlwind|p1a: Sableye\n|drag|p1a: Quagsire|Quagsire, F|100\/100\n|-damage|p1a: Quagsire|76\/100|[from] Spikes\n|\n|-heal|p2a: Ting-Lu|55\/100|[from] item: Leftovers\n|-heal|p1a: Quagsire|82\/100|[from] item: Leftovers\n|upkeep\n|turn|51\n|\n|t:|1700707836\n|switch|p2a: Clefable|Clefable, F|76\/100 tox\n|move|p1a: Quagsire|Toxic|p2a: Clefable\n|-fail|p2a: Clefable|tox\n|\n|-heal|p1a: Quagsire|88\/100|[from] item: Leftovers\n|upkeep\n|turn|52\n|\n|t:|1700707840\n|move|p2a: Clefable|Calm Mind|p2a: Clefable\n|-boost|p2a: Clefable|spa|1\n|-boost|p2a: Clefable|spd|1\n|move|p1a: Quagsire|Stockpile|p1a: Quagsire\n|-start|p1a: Quagsire|stockpile1\n|-boost|p1a: Quagsire|def|1\n|-boost|p1a: Quagsire|spd|1\n|\n|-heal|p1a: Quagsire|94\/100|[from] item: Leftovers\n|upkeep\n|turn|53\n|\n|t:|1700707844\n|move|p2a: Clefable|Moonblast|p1a: Quagsire\n|-damage|p1a: Quagsire|59\/100\n|-unboost|p1a: Quagsire|spa|1\n|move|p1a: Quagsire|Stockpile|p1a: Quagsire\n|-start|p1a: Quagsire|stockpile2\n|-boost|p1a: Quagsire|def|1\n|-boost|p1a: Quagsire|spd|1\n|\n|-heal|p1a: Quagsire|65\/100|[from] item: Leftovers\n|upkeep\n|turn|54\n|\n|t:|1700707857\n|switch|p2a: Ogerpon|Ogerpon-Wellspring, F|76\/100\n|-damage|p2a: Ogerpon|51\/100|[from] Spikes\n|-damage|p2a: Ogerpon|38\/100|[from] Stealth Rock\n|move|p1a: Quagsire|Liquidation|p2a: Ogerpon\n|-heal|p2a: Ogerpon|63\/100|[from] ability: Water Absorb|[of] p1a: Quagsire\n|\n|-heal|p1a: Quagsire|71\/100|[from] item: Leftovers\n|upkeep\n|turn|55\n|\n|t:|1700707866\n|move|p2a: Ogerpon|Knock Off|p1a: Quagsire\n|-damage|p1a: Quagsire|58\/100\n|-enditem|p1a: Quagsire|Leftovers|[from] move: Knock Off|[of] p2a: Ogerpon\n|move|p1a: Quagsire|Toxic|p2a: Ogerpon\n|-status|p2a: Ogerpon|tox\n|\n|-damage|p2a: Ogerpon|57\/100 tox|[from] psn\n|upkeep\n|turn|56\n|\n|t:|1700707872\n|switch|p1a: Sableye|Sableye, M|61\/100\n|-damage|p1a: Sableye|36\/100|[from] Spikes\n|move|p2a: Ogerpon|Ivy Cudgel|p1a: Sableye|[anim] Ivy Cudgel Water\n|-damage|p1a: Sableye|0 fnt\n|faint|p1a: Sableye\n|\n|-damage|p2a: Ogerpon|45\/100 tox|[from] psn\n|upkeep\n|-message|BiEla forfeited.\n|\n|win|Aeziolu\n|raw|BiEla's rating: 1436 &rarr; <strong>1421<\/strong><br \/>(-15 for losing)\n|raw|Aeziolu's rating: 1531 &rarr; <strong>1546<\/strong><br \/>(+15 for winning)\n|l|\u2606BiEla\n","uploadtime":1700707908,"views":3,"p1id":"biela","p2id":"aeziolu","formatid":"gen9ou","rating":1421,"private":0,"password":""}