{"id":"gen9ou-2000014555","p1":"Yo Azz Is GOOBED","p2":"lord denominator","format":"[Gen 9] OU","log":"|j|\u2606Yo Azz Is GOOBED\n|j|\u203dlord denominator\n|t:|1701141332\n|gametype|singles\n|player|p1|Yo Azz Is GOOBED|1|1524\n|player|p2|lord denominator|carmine|1656\n|teamsize|p1|6\n|teamsize|p2|6\n|gen|9\n|tier|[Gen 9] OU\n|rated|\n|rule|Sleep Clause Mod: Limit one foe put to sleep\n|rule|Species Clause: Limit one of each Pok\u00e9mon\n|rule|OHKO Clause: OHKO moves are banned\n|rule|Evasion Items Clause: Evasion items are banned\n|rule|Evasion Moves Clause: Evasion moves are banned\n|rule|Endless Battle Clause: Forcing endless battles is banned\n|rule|HP Percentage Mod: HP is shown in percentages\n|clearpoke\n|poke|p1|Skeledirge, M|\n|poke|p1|Mandibuzz, F|\n|poke|p1|Milotic, M|\n|poke|p1|Gholdengo|\n|poke|p1|Weezing-Galar, F|\n|poke|p1|Great Tusk|\n|poke|p2|Clefable, M|\n|poke|p2|Slowking-Galar, M|\n|poke|p2|Dragapult, M|\n|poke|p2|Ting-Lu|\n|poke|p2|Zapdos|\n|poke|p2|Zamazenta-*|\n|teampreview\n|inactive|Battle timer is ON: inactive players will automatically lose when time's up. (requested by Yo Azz Is GOOBED)\n|j| NicksRokaya\n|inactive|lord denominator has 120 seconds left.\n|\n|t:|1701141372\n|start\n|switch|p1a: Gholdengo|Gholdengo|100\/100\n|switch|p2a: Dragapult|Dragapult, M|100\/100\n|turn|1\n|\n|t:|1701141380\n|switch|p2a: Ting-Lu|Ting-Lu|100\/100\n|-ability|p2a: Ting-Lu|Vessel of Ruin\n|move|p1a: Gholdengo|Shadow Ball|p2a: Ting-Lu\n|-resisted|p2a: Ting-Lu\n|-damage|p2a: Ting-Lu|91\/100\n|-unboost|p2a: Ting-Lu|spd|1\n|\n|-heal|p2a: Ting-Lu|97\/100|[from] item: Leftovers\n|upkeep\n|turn|2\n|l| NicksRokaya\n|\n|t:|1701141388\n|switch|p1a: Milotic|Milotic, M|100\/100\n|move|p2a: Ting-Lu|Ruination|p1a: Milotic\n|-damage|p1a: Milotic|51\/100\n|\n|-heal|p2a: Ting-Lu|100\/100|[from] item: Leftovers\n|upkeep\n|turn|3\n|\n|t:|1701141397\n|switch|p2a: Slowking|Slowking-Galar, M|100\/100\n|move|p1a: Milotic|Recover|p1a: Milotic\n|-heal|p1a: Milotic|100\/100\n|\n|upkeep\n|turn|4\n|\n|t:|1701141402\n|move|p1a: Milotic|Scald|p2a: Slowking\n|-damage|p2a: Slowking|83\/100\n|move|p2a: Slowking|Future Sight|p1a: Milotic\n|-start|p2a: Slowking|move: Future Sight\n|\n|upkeep\n|turn|5\n|\n|t:|1701141407\n|move|p1a: Milotic|Scald|p2a: Slowking\n|-damage|p2a: Slowking|66\/100\n|-status|p2a: Slowking|brn\n|move|p2a: Slowking|Thunder Wave|p1a: Milotic\n|-status|p1a: Milotic|par\n|\n|-damage|p2a: Slowking|60\/100 brn|[from] brn\n|upkeep\n|turn|6\n|\n|t:|1701141422\n|move|p2a: Slowking|Chilly Reception|p2a: Slowking\n|-weather|Snow\n|\n|t:|1701141427\n|switch|p2a: Clefable|Clefable, M|100\/100|[from] Chilly Reception\n|move|p1a: Milotic|Dragon Tail|p2a: Clefable\n|-immune|p2a: Clefable\n|\n|-weather|Snow|[upkeep]\n|-end|p1a: Milotic|move: Future Sight\n|-damage|p1a: Milotic|75\/100 par\n|upkeep\n|turn|7\n|j| Zorrodxl\n|\n|t:|1701141433\n|switch|p1a: Weezing|Weezing-Galar, F|100\/100\n|-ability|p1a: Weezing|Neutralizing Gas\n|move|p2a: Clefable|Knock Off|p1a: Weezing\n|-resisted|p1a: Weezing\n|-damage|p1a: Weezing|96\/100\n|-enditem|p1a: Weezing|Leftovers|[from] move: Knock Off|[of] p2a: Clefable\n|\n|-weather|Snow|[upkeep]\n|upkeep\n|turn|8\n|\n|t:|1701141442\n|switch|p2a: Slowking|Slowking-Galar, M|93\/100 brn\n|move|p1a: Weezing|Toxic Spikes|p2a: Slowking\n|-sidestart|p2: lord denominator|move: Toxic Spikes\n|\n|-weather|Snow|[upkeep]\n|-damage|p2a: Slowking|87\/100 brn|[from] brn\n|upkeep\n|turn|9\n|\n|t:|1701141447\n|-end|p1a: Weezing|ability: Neutralizing Gas\n|switch|p1a: Gholdengo|Gholdengo|100\/100\n|move|p2a: Slowking|Future Sight|p1a: Gholdengo\n|-start|p2a: Slowking|move: Future Sight\n|\n|-weather|Snow|[upkeep]\n|-damage|p2a: Slowking|81\/100 brn|[from] brn\n|upkeep\n|turn|10\n|\n|t:|1701141455\n|switch|p2a: Zapdos|Zapdos|100\/100\n|move|p1a: Gholdengo|Shadow Ball|p2a: Zapdos\n|-damage|p2a: Zapdos|60\/100\n|\n|-weather|none\n|upkeep\n|turn|11\n|\n|t:|1701141462\n|move|p1a: Gholdengo|Shadow Ball|p2a: Zapdos\n|-damage|p2a: Zapdos|19\/100\n|move|p2a: Zapdos|Roost|p2a: Zapdos\n|-heal|p2a: Zapdos|69\/100\n|-singleturn|p2a: Zapdos|move: Roost\n|\n|-end|p1a: Gholdengo|move: Future Sight\n|-resisted|p1a: Gholdengo\n|-damage|p1a: Gholdengo|76\/100\n|upkeep\n|turn|12\n|\n|t:|1701141474\n|move|p1a: Gholdengo|Shadow Ball|p2a: Zapdos\n|-crit|p2a: Zapdos\n|-damage|p2a: Zapdos|3\/100\n|move|p2a: Zapdos|Roost|p2a: Zapdos\n|-heal|p2a: Zapdos|53\/100\n|-singleturn|p2a: Zapdos|move: Roost\n|\n|upkeep\n|turn|13\n|\n|t:|1701141482\n|switch|p2a: Slowking|Slowking-Galar, M|100\/100 brn\n|-sideend|p2: lord denominator|move: Toxic Spikes|[of] p2a: Slowking\n|move|p1a: Gholdengo|Shadow Ball|p2a: Slowking\n|-supereffective|p2a: Slowking\n|-damage|p2a: Slowking|53\/100 brn\n|-unboost|p2a: Slowking|spd|1\n|\n|-damage|p2a: Slowking|47\/100 brn|[from] brn\n|upkeep\n|turn|14\n|\n|t:|1701141486\n|switch|p1a: Great Tusk|Great Tusk|100\/100\n|-enditem|p1a: Great Tusk|Booster Energy\n|-activate|p1a: Great Tusk|ability: Protosynthesis|[fromitem]\n|-start|p1a: Great Tusk|protosynthesisspe\n|switch|p2a: Ting-Lu|Ting-Lu|100\/100\n|-ability|p2a: Ting-Lu|Vessel of Ruin\n|\n|upkeep\n|turn|15\n|\n|t:|1701141492\n|move|p1a: Great Tusk|Bulk Up|p1a: Great Tusk\n|-boost|p1a: Great Tusk|atk|1\n|-boost|p1a: Great Tusk|def|1\n|move|p2a: Ting-Lu|Whirlwind|p1a: Great Tusk\n|-end|p1a: Great Tusk|Protosynthesis|[silent]\n|drag|p1a: Mandibuzz|Mandibuzz, F|100\/100\n|\n|upkeep\n|turn|16\n|\n|t:|1701141497\n|switch|p2a: Clefable|Clefable, M|100\/100\n|move|p1a: Mandibuzz|Toxic|p2a: Clefable\n|-status|p2a: Clefable|tox\n|\n|upkeep\n|turn|17\n|\n|t:|1701141501\n|switch|p1a: Weezing|Weezing-Galar, F|96\/100\n|-ability|p1a: Weezing|Neutralizing Gas\n|move|p2a: Clefable|Knock Off|p1a: Weezing\n|-resisted|p1a: Weezing\n|-damage|p1a: Weezing|92\/100\n|\n|-damage|p2a: Clefable|88\/100 tox|[from] psn\n|upkeep\n|turn|18\n|\n|t:|1701141507\n|move|p2a: Clefable|Wish|p2a: Clefable\n|move|p1a: Weezing|Toxic Spikes|p2a: Clefable\n|-sidestart|p2: lord denominator|move: Toxic Spikes\n|\n|-heal|p2a: Clefable|94\/100 tox|[from] item: Leftovers\n|-damage|p2a: Clefable|76\/100 tox|[from] psn\n|upkeep\n|turn|19\n|\n|t:|1701141513\n|switch|p2a: Slowking|Slowking-Galar, M|80\/100 brn\n|-sideend|p2: lord denominator|move: Toxic Spikes|[of] p2a: Slowking\n|-end|p1a: Weezing|ability: Neutralizing Gas\n|switch|p1a: Great Tusk|Great Tusk|100\/100\n|\n|-heal|p2a: Slowking|100\/100 brn|[from] move: Wish|[wisher] Clefable\n|-damage|p2a: Slowking|94\/100 brn|[from] brn\n|upkeep\n|turn|20\n|\n|t:|1701141520\n|switch|p2a: Zapdos|Zapdos|53\/100\n|move|p1a: Great Tusk|Knock Off|p2a: Zapdos\n|-damage|p2a: Zapdos|28\/100\n|-status|p1a: Great Tusk|par|[from] ability: Static|[of] p2a: Zapdos\n|-enditem|p2a: Zapdos|Heavy-Duty Boots|[from] move: Knock Off|[of] p1a: Great Tusk\n|\n|upkeep\n|turn|21\n|\n|t:|1701141525\n|-end|p1a: Great Tusk|Protosynthesis|[silent]\n|switch|p1a: Gholdengo|Gholdengo|76\/100\n|move|p2a: Zapdos|Roost|p2a: Zapdos\n|-heal|p2a: Zapdos|78\/100\n|-singleturn|p2a: Zapdos|move: Roost\n|\n|upkeep\n|turn|22\n|\n|t:|1701141529\n|move|p1a: Gholdengo|Shadow Ball|p2a: Zapdos\n|-damage|p2a: Zapdos|36\/100\n|move|p2a: Zapdos|Volt Switch|p1a: Gholdengo\n|-damage|p1a: Gholdengo|44\/100\n|\n|t:|1701141534\n|switch|p2a: Dragapult|Dragapult, M|100\/100|[from] Volt Switch\n|\n|upkeep\n|turn|23\n|\n|t:|1701141540\n|switch|p2a: Ting-Lu|Ting-Lu|100\/100\n|-ability|p2a: Ting-Lu|Vessel of Ruin\n|move|p1a: Gholdengo|Shadow Ball|p2a: Ting-Lu\n|-resisted|p2a: Ting-Lu\n|-damage|p2a: Ting-Lu|92\/100\n|-unboost|p2a: Ting-Lu|spd|1\n|\n|-heal|p2a: Ting-Lu|98\/100|[from] item: Leftovers\n|upkeep\n|turn|24\n|\n|t:|1701141548\n|switch|p1a: Milotic|Milotic, M|75\/100 par\n|move|p2a: Ting-Lu|Ruination|p1a: Milotic|[miss]\n|-miss|p2a: Ting-Lu|p1a: Milotic\n|\n|-heal|p2a: Ting-Lu|100\/100|[from] item: Leftovers\n|upkeep\n|turn|25\n|\n|t:|1701141554\n|switch|p2a: Dragapult|Dragapult, M|100\/100\n|move|p1a: Milotic|Scald|p2a: Dragapult\n|-resisted|p2a: Dragapult\n|-damage|p2a: Dragapult|82\/100\n|\n|upkeep\n|turn|26\n|\n|t:|1701141562\n|switch|p1a: Mandibuzz|Mandibuzz, F|100\/100\n|move|p2a: Dragapult|Hex|p1a: Mandibuzz\n|-resisted|p1a: Mandibuzz\n|-damage|p1a: Mandibuzz|81\/100\n|\n|upkeep\n|turn|27\n|\n|t:|1701141571\n|switch|p2a: Clefable|Clefable, M|76\/100 tox\n|move|p1a: Mandibuzz|Foul Play|p2a: Clefable\n|-resisted|p2a: Clefable\n|-damage|p2a: Clefable|68\/100 tox\n|\n|-heal|p2a: Clefable|74\/100 tox|[from] item: Leftovers\n|upkeep\n|turn|28\n|\n|t:|1701141575\n|switch|p1a: Gholdengo|Gholdengo|44\/100\n|move|p2a: Clefable|Wish|p2a: Clefable\n|\n|-heal|p2a: Clefable|80\/100 tox|[from] item: Leftovers\n|upkeep\n|turn|29\n|\n|t:|1701141579\n|move|p2a: Clefable|Protect|p2a: Clefable\n|-singleturn|p2a: Clefable|Protect\n|move|p1a: Gholdengo|Trick|p2a: Clefable\n|-activate|p2a: Clefable|move: Protect\n|\n|-heal|p2a: Clefable|100\/100 tox|[from] move: Wish|[wisher] Clefable\n|upkeep\n|turn|30\n|\n|t:|1701141592\n|switch|p2a: Zamazenta|Zamazenta|100\/100\n|-ability|p2a: Zamazenta|Dauntless Shield|boost\n|-boost|p2a: Zamazenta|def|1\n|move|p1a: Gholdengo|Trick|p2a: Zamazenta\n|-activate|p1a: Gholdengo|move: Trick|[of] p2a: Zamazenta\n|-item|p2a: Zamazenta|Choice Scarf|[from] move: Trick\n|-item|p1a: Gholdengo|Choice Band|[from] move: Trick\n|\n|upkeep\n|turn|31\n|\n|t:|1701141601\n|switch|p1a: Weezing|Weezing-Galar, F|92\/100\n|-ability|p1a: Weezing|Neutralizing Gas\n|move|p2a: Zamazenta|Crunch|p1a: Weezing\n|-resisted|p1a: Weezing\n|-damage|p1a: Weezing|84\/100\n|\n|upkeep\n|turn|32\n|\n|t:|1701141608\n|switch|p2a: Slowking|Slowking-Galar, M|100\/100 brn\n|move|p1a: Weezing|Toxic Spikes|p2a: Slowking\n|-sidestart|p2: lord denominator|move: Toxic Spikes\n|\n|-damage|p2a: Slowking|94\/100 brn|[from] brn\n|upkeep\n|turn|33\n|\n|t:|1701141611\n|-end|p1a: Weezing|ability: Neutralizing Gas\n|switch|p1a: Gholdengo|Gholdengo|44\/100\n|move|p2a: Slowking|Future Sight|p1a: Gholdengo\n|-start|p2a: Slowking|move: Future Sight\n|\n|-damage|p2a: Slowking|88\/100 brn|[from] brn\n|upkeep\n|turn|34\n|\n|t:|1701141619\n|move|p1a: Gholdengo|Recover|p1a: Gholdengo\n|-heal|p1a: Gholdengo|94\/100\n|move|p2a: Slowking|Chilly Reception|p2a: Slowking\n|-weather|Snow\n|\n|t:|1701141624\n|switch|p2a: Zapdos|Zapdos|36\/100|[from] Chilly Reception\n|\n|-weather|Snow|[upkeep]\n|upkeep\n|turn|35\n|\n|t:|1701141638\n|switch|p1a: Milotic|Milotic, M|75\/100 par\n|move|p2a: Zapdos|Roost|p2a: Zapdos\n|-heal|p2a: Zapdos|86\/100\n|-singleturn|p2a: Zapdos|move: Roost\n|\n|-weather|Snow|[upkeep]\n|-end|p1a: Milotic|move: Future Sight\n|-damage|p1a: Milotic|51\/100 par\n|upkeep\n|turn|36\n|\n|t:|1701141645\n|switch|p1a: Great Tusk|Great Tusk|100\/100 par\n|move|p2a: Zapdos|Volt Switch|p1a: Great Tusk\n|-immune|p1a: Great Tusk\n|\n|-weather|Snow|[upkeep]\n|upkeep\n|turn|37\n|\n|t:|1701141651\n|-end|p1a: Great Tusk|Protosynthesis|[silent]\n|switch|p1a: Milotic|Milotic, M|51\/100 par\n|move|p2a: Zapdos|Hurricane|p1a: Milotic\n|-damage|p1a: Milotic|24\/100 par\n|\n|-weather|Snow|[upkeep]\n|upkeep\n|turn|38\n|\n|t:|1701141657\n|move|p2a: Zapdos|Hurricane|p1a: Milotic\n|-damage|p1a: Milotic|0 fnt\n|faint|p1a: Milotic\n|\n|-weather|none\n|upkeep\n|\n|t:|1701141664\n|switch|p1a: Gholdengo|Gholdengo|94\/100\n|turn|39\n|\n|t:|1701141667\n|move|p2a: Zapdos|Volt Switch|p1a: Gholdengo\n|-damage|p1a: Gholdengo|62\/100\n|\n|t:|1701141671\n|switch|p2a: Slowking|Slowking-Galar, M|100\/100 brn|[from] Volt Switch\n|-sideend|p2: lord denominator|move: Toxic Spikes|[of] p2a: Slowking\n|move|p1a: Gholdengo|Trick|p2a: Slowking\n|-activate|p1a: Gholdengo|move: Trick|[of] p2a: Slowking\n|-item|p2a: Slowking|Choice Band|[from] move: Trick\n|-item|p1a: Gholdengo|Heavy-Duty Boots|[from] move: Trick\n|\n|-damage|p2a: Slowking|94\/100 brn|[from] brn\n|upkeep\n|turn|40\n|\n|t:|1701141677\n|move|p1a: Gholdengo|Shadow Ball|p2a: Slowking\n|-supereffective|p2a: Slowking\n|-damage|p2a: Slowking|48\/100 brn\n|move|p2a: Slowking|Chilly Reception|p2a: Slowking\n|-weather|Snow\n|\n|t:|1701141681\n|switch|p2a: Dragapult|Dragapult, M|82\/100|[from] Chilly Reception\n|\n|-weather|Snow|[upkeep]\n|upkeep\n|turn|41\n|\n|t:|1701141686\n|switch|p1a: Mandibuzz|Mandibuzz, F|81\/100\n|move|p2a: Dragapult|Shadow Ball|p1a: Mandibuzz\n|-resisted|p1a: Mandibuzz\n|-damage|p1a: Mandibuzz|59\/100\n|\n|-weather|Snow|[upkeep]\n|upkeep\n|turn|42\n|\n|t:|1701141694\n|switch|p2a: Clefable|Clefable, M|100\/100 tox\n|move|p1a: Mandibuzz|Roost|p1a: Mandibuzz\n|-heal|p1a: Mandibuzz|100\/100\n|-singleturn|p1a: Mandibuzz|move: Roost\n|\n|-weather|Snow|[upkeep]\n|upkeep\n|turn|43\n|\n|t:|1701141699\n|switch|p1a: Weezing|Weezing-Galar, F|84\/100\n|-ability|p1a: Weezing|Neutralizing Gas\n|switch|p2a: Slowking|Slowking-Galar, M|81\/100 brn\n|\n|-weather|Snow|[upkeep]\n|-damage|p2a: Slowking|75\/100 brn|[from] brn\n|upkeep\n|turn|44\n|\n|t:|1701141705\n|move|p1a: Weezing|Toxic Spikes|p2a: Slowking\n|-sidestart|p2: lord denominator|move: Toxic Spikes\n|move|p2a: Slowking|Future Sight|p1a: Weezing\n|-start|p2a: Slowking|move: Future Sight\n|\n|-weather|none\n|-damage|p2a: Slowking|69\/100 brn|[from] brn\n|upkeep\n|turn|45\n|\n|t:|1701141710\n|switch|p2a: Zapdos|Zapdos|86\/100\n|move|p1a: Weezing|Sludge Bomb|p2a: Zapdos\n|-crit|p2a: Zapdos\n|-damage|p2a: Zapdos|45\/100\n|\n|upkeep\n|turn|46\n|\n|t:|1701141719\n|-end|p1a: Weezing|ability: Neutralizing Gas\n|switch|p1a: Gholdengo|Gholdengo|62\/100\n|move|p2a: Zapdos|Volt Switch|p1a: Gholdengo\n|-damage|p1a: Gholdengo|29\/100\n|\n|t:|1701141724\n|switch|p2a: Slowking|Slowking-Galar, M|69\/100 brn|[from] Volt Switch\n|-sideend|p2: lord denominator|move: Toxic Spikes|[of] p2a: Slowking\n|\n|-end|p1a: Gholdengo|move: Future Sight\n|-resisted|p1a: Gholdengo\n|-damage|p1a: Gholdengo|4\/100\n|-damage|p2a: Slowking|63\/100 brn|[from] brn\n|upkeep\n|turn|47\n|\n|t:|1701141729\n|move|p1a: Gholdengo|Recover|p1a: Gholdengo\n|-heal|p1a: Gholdengo|54\/100\n|move|p2a: Slowking|Future Sight|p1a: Gholdengo\n|-start|p2a: Slowking|move: Future Sight\n|\n|-damage|p2a: Slowking|57\/100 brn|[from] brn\n|upkeep\n|turn|48\n|\n|t:|1701141734\n|switch|p2a: Zapdos|Zapdos|45\/100\n|move|p1a: Gholdengo|Recover|p1a: Gholdengo\n|-heal|p1a: Gholdengo|100\/100\n|\n|upkeep\n|turn|49\n|\n|t:|1701141741\n|move|p2a: Zapdos|Roost|p2a: Zapdos\n|-heal|p2a: Zapdos|95\/100\n|-singleturn|p2a: Zapdos|move: Roost\n|move|p1a: Gholdengo|Shadow Ball|p2a: Zapdos\n|-damage|p2a: Zapdos|53\/100\n|\n|-end|p1a: Gholdengo|move: Future Sight\n|-resisted|p1a: Gholdengo\n|-damage|p1a: Gholdengo|75\/100\n|upkeep\n|turn|50\n|\n|t:|1701141749\n|move|p2a: Zapdos|Volt Switch|p1a: Gholdengo\n|-damage|p1a: Gholdengo|42\/100\n|\n|t:|1701141752\n|switch|p2a: Ting-Lu|Ting-Lu|100\/100|[from] Volt Switch\n|-ability|p2a: Ting-Lu|Vessel of Ruin\n|move|p1a: Gholdengo|Recover|p1a: Gholdengo\n|-heal|p1a: Gholdengo|92\/100\n|\n|upkeep\n|turn|51\n|\n|t:|1701141762\n|switch|p1a: Great Tusk|Great Tusk|100\/100 par\n|move|p2a: Ting-Lu|Ruination|p1a: Great Tusk\n|-damage|p1a: Great Tusk|51\/100 par\n|\n|upkeep\n|turn|52\n|\n|t:|1701141768\n|cant|p1a: Great Tusk|par\n|move|p2a: Ting-Lu|Spikes|p1a: Great Tusk\n|-sidestart|p1: Yo Azz Is GOOBED|Spikes\n|\n|upkeep\n|turn|53\n|l| Zorrodxl\n|\n|t:|1701141774\n|move|p1a: Great Tusk|Close Combat|p2a: Ting-Lu\n|-supereffective|p2a: Ting-Lu\n|-damage|p2a: Ting-Lu|42\/100\n|-unboost|p1a: Great Tusk|def|1\n|-unboost|p1a: Great Tusk|spd|1\n|move|p2a: Ting-Lu|Spikes|p1a: Great Tusk\n|-sidestart|p1: Yo Azz Is GOOBED|Spikes\n|\n|-heal|p2a: Ting-Lu|48\/100|[from] item: Leftovers\n|upkeep\n|turn|54\n|\n|t:|1701141780\n|switch|p2a: Dragapult|Dragapult, M|82\/100\n|move|p1a: Great Tusk|Ice Spinner|p2a: Dragapult\n|-supereffective|p2a: Dragapult\n|-damage|p2a: Dragapult|19\/100\n|\n|upkeep\n|turn|55\n|\n|t:|1701141786\n|-end|p1a: Great Tusk|Protosynthesis|[silent]\n|switch|p1a: Mandibuzz|Mandibuzz, F|100\/100\n|move|p2a: Dragapult|Draco Meteor|p1a: Mandibuzz\n|-damage|p1a: Mandibuzz|27\/100\n|-unboost|p2a: Dragapult|spa|2\n|\n|upkeep\n|turn|56\n|\n|t:|1701141793\n|switch|p1a: Weezing|Weezing-Galar, F|84\/100\n|-ability|p1a: Weezing|Neutralizing Gas\n|-damage|p1a: Weezing|67\/100|[from] Spikes\n|move|p2a: Dragapult|Draco Meteor|p1a: Weezing\n|-immune|p1a: Weezing\n|\n|upkeep\n|turn|57\n|\n|t:|1701141799\n|switch|p2a: Slowking|Slowking-Galar, M|90\/100 brn\n|move|p1a: Weezing|Defog|p2a: Slowking\n|-unboost|p2a: Slowking|evasion|1\n|-sideend|p1: Yo Azz Is GOOBED|Spikes|[from] move: Defog|[of] p1a: Weezing\n|\n|-damage|p2a: Slowking|84\/100 brn|[from] brn\n|upkeep\n|turn|58\n|\n|t:|1701141806\n|-end|p1a: Weezing|ability: Neutralizing Gas\n|switch|p1a: Mandibuzz|Mandibuzz, F|27\/100\n|move|p2a: Slowking|Future Sight|p1a: Mandibuzz\n|-start|p2a: Slowking|move: Future Sight\n|\n|-damage|p2a: Slowking|78\/100 brn|[from] brn\n|upkeep\n|turn|59\n|\n|t:|1701141812\n|switch|p2a: Clefable|Clefable, M|100\/100 tox\n|move|p1a: Mandibuzz|Roost|p1a: Mandibuzz\n|-heal|p1a: Mandibuzz|77\/100\n|-singleturn|p1a: Mandibuzz|move: Roost\n|\n|upkeep\n|turn|60\n|\n|t:|1701141815\n|switch|p1a: Gholdengo|Gholdengo|92\/100\n|move|p2a: Clefable|Wish|p2a: Clefable\n|\n|-end|p1a: Gholdengo|move: Future Sight\n|-resisted|p1a: Gholdengo\n|-damage|p1a: Gholdengo|64\/100\n|upkeep\n|turn|61\n|\n|t:|1701141824\n|switch|p2a: Zapdos|Zapdos|53\/100\n|move|p1a: Gholdengo|Make It Rain|p2a: Zapdos\n|-resisted|p2a: Zapdos\n|-damage|p2a: Zapdos|22\/100\n|-unboost|p1a: Gholdengo|spa|1\n|\n|-heal|p2a: Zapdos|74\/100|[from] move: Wish|[wisher] Clefable\n|upkeep\n|turn|62\n|\n|t:|1701141834\n|move|p2a: Zapdos|Volt Switch|p1a: Gholdengo\n|-damage|p1a: Gholdengo|31\/100\n|\n|t:|1701141837\n|switch|p2a: Ting-Lu|Ting-Lu|48\/100|[from] Volt Switch\n|-ability|p2a: Ting-Lu|Vessel of Ruin\n|move|p1a: Gholdengo|Recover|p1a: Gholdengo\n|-heal|p1a: Gholdengo|81\/100\n|\n|-heal|p2a: Ting-Lu|54\/100|[from] item: Leftovers\n|upkeep\n|turn|63\n|\n|t:|1701141843\n|move|p1a: Gholdengo|Trick|p2a: Ting-Lu\n|-activate|p1a: Gholdengo|move: Trick|[of] p2a: Ting-Lu\n|-item|p2a: Ting-Lu|Heavy-Duty Boots|[from] move: Trick\n|-item|p1a: Gholdengo|Leftovers|[from] move: Trick\n|move|p2a: Ting-Lu|Earthquake|p1a: Gholdengo\n|-supereffective|p1a: Gholdengo\n|-damage|p1a: Gholdengo|0 fnt\n|faint|p1a: Gholdengo\n|\n|upkeep\n|\n|t:|1701141853\n|switch|p1a: Great Tusk|Great Tusk|51\/100 par\n|turn|64\n|\n|t:|1701141858\n|switch|p2a: Clefable|Clefable, M|100\/100 tox\n|move|p1a: Great Tusk|Ice Spinner|p2a: Clefable\n|-damage|p2a: Clefable|83\/100 tox\n|\n|-heal|p2a: Clefable|89\/100 tox|[from] item: Leftovers\n|upkeep\n|turn|65\n|\n|t:|1701141863\n|-end|p1a: Great Tusk|Protosynthesis|[silent]\n|switch|p1a: Weezing|Weezing-Galar, F|67\/100\n|-ability|p1a: Weezing|Neutralizing Gas\n|move|p2a: Clefable|Wish|p2a: Clefable\n|\n|-heal|p2a: Clefable|95\/100 tox|[from] item: Leftovers\n|-damage|p2a: Clefable|83\/100 tox|[from] psn\n|upkeep\n|turn|66\n|\n|t:|1701141871\n|switch|p2a: Ting-Lu|Ting-Lu|54\/100\n|move|p1a: Weezing|Sludge Bomb|p2a: Ting-Lu\n|-resisted|p2a: Ting-Lu\n|-damage|p2a: Ting-Lu|46\/100\n|-status|p2a: Ting-Lu|psn\n|\n|-heal|p2a: Ting-Lu|85\/100 psn|[from] move: Wish|[wisher] Clefable\n|-damage|p2a: Ting-Lu|72\/100 psn|[from] psn\n|upkeep\n|turn|67\n|\n|t:|1701141884\n|-end|p1a: Weezing|ability: Neutralizing Gas\n|-ability|p2a: Ting-Lu|Vessel of Ruin\n|switch|p1a: Great Tusk|Great Tusk|51\/100 par\n|move|p2a: Ting-Lu|Ruination|p1a: Great Tusk\n|-damage|p1a: Great Tusk|26\/100 par\n|\n|-damage|p2a: Ting-Lu|60\/100 psn|[from] psn\n|upkeep\n|turn|68\n|\n|t:|1701141895\n|switch|p2a: Clefable|Clefable, M|83\/100 tox\n|move|p1a: Great Tusk|Knock Off|p2a: Clefable\n|-resisted|p2a: Clefable\n|-damage|p2a: Clefable|72\/100 tox\n|-enditem|p2a: Clefable|Leftovers|[from] move: Knock Off|[of] p1a: Great Tusk\n|\n|upkeep\n|turn|69\n|\n|t:|1701141902\n|switch|p2a: Zapdos|Zapdos|74\/100\n|-end|p1a: Great Tusk|Protosynthesis|[silent]\n|switch|p1a: Weezing|Weezing-Galar, F|67\/100\n|-ability|p1a: Weezing|Neutralizing Gas\n|\n|upkeep\n|turn|70\n|\n|t:|1701141907\n|-end|p1a: Weezing|ability: Neutralizing Gas\n|switch|p1a: Great Tusk|Great Tusk|26\/100 par\n|move|p2a: Zapdos|Volt Switch|p1a: Great Tusk\n|-immune|p1a: Great Tusk\n|\n|upkeep\n|turn|71\n|\n|t:|1701141914\n|move|p2a: Zapdos|Hurricane|p1a: Great Tusk\n|-supereffective|p1a: Great Tusk\n|-damage|p1a: Great Tusk|0 fnt\n|faint|p1a: Great Tusk\n|-end|p1a: Great Tusk|Protosynthesis|[silent]\n|\n|upkeep\n|\n|t:|1701141917\n|switch|p1a: Skeledirge|Skeledirge, M|100\/100\n|turn|72\n|\n|t:|1701141920\n|move|p2a: Zapdos|Thunder Wave|p1a: Skeledirge\n|-status|p1a: Skeledirge|par\n|cant|p1a: Skeledirge|par\n|\n|upkeep\n|turn|73\n|\n|t:|1701141925\n|move|p2a: Zapdos|Volt Switch|p1a: Skeledirge\n|-damage|p1a: Skeledirge|76\/100 par\n|\n|t:|1701141928\n|switch|p2a: Ting-Lu|Ting-Lu|60\/100 psn|[from] Volt Switch\n|-ability|p2a: Ting-Lu|Vessel of Ruin\n|cant|p1a: Skeledirge|par\n|\n|-damage|p2a: Ting-Lu|47\/100 psn|[from] psn\n|upkeep\n|turn|74\n|c|\u2606Yo Azz Is GOOBED|These parahaxes are insane\n|\n|t:|1701141949\n|switch|p1a: Mandibuzz|Mandibuzz, F|77\/100\n|move|p2a: Ting-Lu|Ruination|p1a: Mandibuzz\n|-damage|p1a: Mandibuzz|39\/100\n|\n|-damage|p2a: Ting-Lu|35\/100 psn|[from] psn\n|upkeep\n|turn|75\n|\n|t:|1701141953\n|switch|p2a: Zapdos|Zapdos|74\/100\n|move|p1a: Mandibuzz|Roost|p1a: Mandibuzz\n|-heal|p1a: Mandibuzz|89\/100\n|-singleturn|p1a: Mandibuzz|move: Roost\n|\n|upkeep\n|turn|76\n|\n|t:|1701141959\n|switch|p1a: Skeledirge|Skeledirge, M|76\/100 par\n|move|p2a: Zapdos|Volt Switch|p1a: Skeledirge\n|-damage|p1a: Skeledirge|54\/100 par\n|\n|t:|1701141965\n|switch|p2a: Dragapult|Dragapult, M|19\/100|[from] Volt Switch\n|\n|upkeep\n|turn|77\n|\n|t:|1701141970\n|switch|p1a: Weezing|Weezing-Galar, F|67\/100\n|-ability|p1a: Weezing|Neutralizing Gas\n|move|p2a: Dragapult|Hex|p1a: Weezing\n|-damage|p1a: Weezing|7\/100\n|\n|upkeep\n|turn|78\n|-message|Yo Azz Is GOOBED forfeited.\n|\n|win|lord denominator\n|raw|Yo Azz Is GOOBED's rating: 1524 &rarr; <strong>1511<\/strong><br \/>(-13 for losing)\n|raw|lord denominator's rating: 1656 &rarr; <strong>1669<\/strong><br \/>(+13 for winning)\n|l|\u2606Yo Azz Is GOOBED\n","uploadtime":1701141983,"views":4,"p1id":"yoazzisgoobed","p2id":"lorddenominator","formatid":"gen9ou","rating":1511,"private":0,"password":""}