{"id":"gen9ou-1988481686","p1":"ARFALA","p2":"t114514","format":"[Gen 9] OU","log":"|j|\u2606ARFALA\n|j|\u2606t114514\n|t:|1699727612\n|gametype|singles\n|player|p1|ARFALA|pokemonbreederf-gen4|\n|player|p2|t114514|norman|\n|teamsize|p1|6\n|teamsize|p2|6\n|gen|9\n|tier|[Gen 9] OU\n|rule|Sleep Clause Mod: Limit one foe put to sleep\n|rule|Species Clause: Limit one of each Pok\u00e9mon\n|rule|OHKO Clause: OHKO moves are banned\n|rule|Evasion Items Clause: Evasion items are banned\n|rule|Evasion Moves Clause: Evasion moves are banned\n|rule|Endless Battle Clause: Forcing endless battles is banned\n|rule|HP Percentage Mod: HP is shown in percentages\n|clearpoke\n|poke|p1|Kingambit, F|\n|poke|p1|Samurott-Hisui, M|\n|poke|p1|Ting-Lu|\n|poke|p1|Meowscarada, M|\n|poke|p1|Hydreigon, M|\n|poke|p1|Greninja-*, M|\n|poke|p2|Ogerpon-Cornerstone, F|\n|poke|p2|Tyranitar, F|\n|poke|p2|Arcanine-Hisui, F|\n|poke|p2|Garganacl, F|\n|poke|p2|Diancie|\n|poke|p2|Glimmora, M|\n|teampreview\n|\n|t:|1699727625\n|start\n|switch|p1a: Samurott|Samurott-Hisui, M|100\/100\n|switch|p2a: Glimmora|Glimmora, M|100\/100\n|turn|1\n|l|\u2606t114514\n|player|p2|\n|c|\u2606ARFALA|\u8bf4\u597d\u7684\u53cc\u5200\u67f1\u5b50\u5462\n|j|\u2606t114514\n|player|p2|t114514|norman\n|\n|t:|1699727667\n|move|p2a: Glimmora|Energy Ball|p1a: Samurott\n|-supereffective|p1a: Samurott\n|-damage|p1a: Samurott|14\/100\n|move|p1a: Samurott|Razor Shell|p2a: Glimmora\n|-supereffective|p2a: Glimmora\n|-enditem|p2a: Glimmora|Focus Sash\n|-damage|p2a: Glimmora|1\/100\n|-activate|p2a: Glimmora|ability: Toxic Debris\n|-sidestart|p1: ARFALA|move: Toxic Spikes\n|\n|upkeep\n|turn|2\n|\n|t:|1699727680\n|move|p1a: Samurott|Aqua Jet|p2a: Glimmora\n|-supereffective|p2a: Glimmora\n|-damage|p2a: Glimmora|0 fnt\n|-activate|p2a: Glimmora|ability: Toxic Debris\n|-sidestart|p1: ARFALA|move: Toxic Spikes\n|faint|p2a: Glimmora\n|\n|upkeep\n|\n|t:|1699727690\n|switch|p2a: Arcanine|Arcanine-Hisui, F|100\/100\n|turn|3\n|\n|t:|1699727700\n|move|p2a: Arcanine|Extreme Speed|p1a: Samurott\n|-damage|p1a: Samurott|0 fnt\n|faint|p1a: Samurott\n|\n|upkeep\n|\n|t:|1699727725\n|switch|p1a: Greninja|Greninja, M|100\/100\n|-status|p1a: Greninja|tox\n|turn|4\n|\n|t:|1699727742\n|switch|p2a: Tyranitar|Tyranitar, F|100\/100\n|-weather|Sandstorm|[from] ability: Sand Stream|[of] p2a: Tyranitar\n|move|p1a: Greninja|Hydro Pump|p2a: Tyranitar\n|-supereffective|p2a: Tyranitar\n|-damage|p2a: Tyranitar|14\/100\n|-damage|p1a: Greninja|91\/100 tox|[from] item: Life Orb\n|\n|-weather|Sandstorm|[upkeep]\n|-damage|p1a: Greninja|85\/100 tox|[from] Sandstorm\n|-damage|p1a: Greninja|79\/100 tox|[from] psn\n|upkeep\n|turn|5\n|\n|t:|1699727759\n|move|p1a: Greninja|Water Shuriken|p2a: Tyranitar\n|-supereffective|p2a: Tyranitar\n|-damage|p2a: Tyranitar|1\/100\n|-supereffective|p2a: Tyranitar\n|-damage|p2a: Tyranitar|0 fnt\n|faint|p2a: Tyranitar\n|-ability|p1a: Greninja|Battle Bond|boost\n|-boost|p1a: Greninja|atk|1\n|-boost|p1a: Greninja|spa|1\n|-boost|p1a: Greninja|spe|1\n|-activate|p1a: Greninja|ability: Battle Bond\n|-hitcount|p2: Tyranitar|2\n|-damage|p1a: Greninja|69\/100 tox|[from] item: Life Orb\n|\n|-weather|Sandstorm|[upkeep]\n|-damage|p1a: Greninja|63\/100 tox|[from] Sandstorm\n|-damage|p1a: Greninja|51\/100 tox|[from] psn\n|upkeep\n|\n|t:|1699727792\n|switch|p2a: Garganacl|Garganacl, F|100\/100\n|turn|6\n|\n|t:|1699727798\n|move|p2a: Garganacl|Protect|p2a: Garganacl\n|-singleturn|p2a: Garganacl|Protect\n|move|p1a: Greninja|Hydro Pump|p2a: Garganacl\n|-activate|p2a: Garganacl|move: Protect\n|\n|-weather|Sandstorm|[upkeep]\n|-damage|p1a: Greninja|45\/100 tox|[from] Sandstorm\n|-damage|p1a: Greninja|27\/100 tox|[from] psn\n|upkeep\n|turn|7\n|\n|t:|1699727812\n|move|p1a: Greninja|Grass Knot|p2a: Garganacl\n|-supereffective|p2a: Garganacl\n|-damage|p2a: Garganacl|45\/100\n|-damage|p1a: Greninja|17\/100 tox|[from] item: Life Orb\n|move|p2a: Garganacl|Stealth Rock|p1a: Greninja\n|-sidestart|p1: ARFALA|move: Stealth Rock\n|\n|-weather|Sandstorm|[upkeep]\n|-damage|p1a: Greninja|11\/100 tox|[from] Sandstorm\n|-heal|p2a: Garganacl|51\/100|[from] item: Leftovers\n|-damage|p1a: Greninja|0 fnt|[from] psn\n|faint|p1a: Greninja\n|upkeep\n|\n|t:|1699727824\n|switch|p1a: Meowscarada|Meowscarada, M|100\/100\n|-status|p1a: Meowscarada|tox\n|-damage|p1a: Meowscarada|88\/100 tox|[from] Stealth Rock\n|turn|8\n|\n|t:|1699727836\n|move|p2a: Garganacl|Protect|p2a: Garganacl\n|-singleturn|p2a: Garganacl|Protect\n|move|p1a: Meowscarada|Trick|p2a: Garganacl\n|-start|p1a: Meowscarada|typechange|Psychic|[from] ability: Protean\n|-activate|p2a: Garganacl|move: Protect\n|\n|-weather|Sandstorm|[upkeep]\n|-damage|p1a: Meowscarada|82\/100 tox|[from] Sandstorm\n|-heal|p2a: Garganacl|57\/100|[from] item: Leftovers\n|-damage|p1a: Meowscarada|76\/100 tox|[from] psn\n|upkeep\n|turn|9\n|\n|t:|1699727853\n|switch|p2a: Ogerpon|Ogerpon-Cornerstone, F|100\/100\n|move|p1a: Meowscarada|Trick||[still]\n|-fail|p1a: Meowscarada\n|\n|-weather|Sandstorm|[upkeep]\n|-damage|p1a: Meowscarada|70\/100 tox|[from] Sandstorm\n|-damage|p1a: Meowscarada|57\/100 tox|[from] psn\n|upkeep\n|turn|10\n|\n|t:|1699727861\n|switch|p1a: Hydreigon|Hydreigon, M|100\/100\n|-damage|p1a: Hydreigon|88\/100|[from] Stealth Rock\n|move|p2a: Ogerpon|Swords Dance|p2a: Ogerpon\n|-boost|p2a: Ogerpon|atk|2\n|\n|-weather|Sandstorm|[upkeep]\n|-damage|p1a: Hydreigon|82\/100|[from] Sandstorm\n|-heal|p1a: Hydreigon|88\/100|[from] item: Leftovers\n|upkeep\n|turn|11\n|\n|t:|1699727888\n|move|p2a: Ogerpon|Ivy Cudgel|p1a: Hydreigon\n|-damage|p1a: Hydreigon|0 fnt\n|faint|p1a: Hydreigon\n|\n|-weather|none\n|upkeep\n|\n|t:|1699727904\n|switch|p1a: Meowscarada|Meowscarada, M|57\/100 tox\n|-damage|p1a: Meowscarada|45\/100 tox|[from] Stealth Rock\n|turn|12\n|\n|t:|1699727909\n|move|p1a: Meowscarada|Flower Trick|p2a: Ogerpon\n|-start|p1a: Meowscarada|typechange|Grass|[from] ability: Protean\n|-crit|p2a: Ogerpon\n|-damage|p2a: Ogerpon|37\/100\n|move|p2a: Ogerpon|Brick Break|p1a: Meowscarada\n|-damage|p1a: Meowscarada|0 fnt\n|faint|p1a: Meowscarada\n|\n|upkeep\n|\n|t:|1699727918\n|switch|p1a: Ting-Lu|Ting-Lu|100\/100\n|-status|p1a: Ting-Lu|tox\n|-damage|p1a: Ting-Lu|94\/100 tox|[from] Stealth Rock\n|-ability|p1a: Ting-Lu|Vessel of Ruin\n|turn|13\n|\n|t:|1699727926\n|move|p2a: Ogerpon|Brick Break|p1a: Ting-Lu\n|-supereffective|p1a: Ting-Lu\n|-damage|p1a: Ting-Lu|29\/100 tox\n|move|p1a: Ting-Lu|Stealth Rock|p2a: Ogerpon\n|-sidestart|p2: t114514|move: Stealth Rock\n|\n|-heal|p1a: Ting-Lu|35\/100 tox|[from] item: Leftovers\n|-damage|p1a: Ting-Lu|29\/100 tox|[from] psn\n|upkeep\n|turn|14\n|\n|t:|1699727932\n|move|p2a: Ogerpon|Brick Break|p1a: Ting-Lu\n|-supereffective|p1a: Ting-Lu\n|-damage|p1a: Ting-Lu|0 fnt\n|faint|p1a: Ting-Lu\n|\n|upkeep\n|\n|t:|1699727935\n|switch|p1a: Kingambit|Kingambit, F|100\/100\n|-damage|p1a: Kingambit|94\/100|[from] Stealth Rock\n|-activate|p1a: Kingambit|ability: Supreme Overlord\n|-start|p1a: Kingambit|fallen5|[silent]\n|turn|15\n|\n|t:|1699727947\n|move|p2a: Ogerpon|Spiky Shield|p2a: Ogerpon\n|-singleturn|p2a: Ogerpon|move: Protect\n|move|p1a: Kingambit|Sucker Punch||[still]\n|-fail|p1a: Kingambit\n|\n|upkeep\n|turn|16\n|\n|t:|1699727957\n|move|p1a: Kingambit|Sucker Punch||[still]\n|-fail|p1a: Kingambit\n|move|p2a: Ogerpon|Swords Dance|p2a: Ogerpon\n|-boost|p2a: Ogerpon|atk|2\n|\n|upkeep\n|turn|17\n|c|\u2606t114514|\u9501\u4e86\uff1f\n|\n|t:|1699727969\n|move|p2a: Ogerpon|Spiky Shield|p2a: Ogerpon\n|-singleturn|p2a: Ogerpon|move: Protect\n|move|p1a: Kingambit|Iron Head|p2a: Ogerpon\n|-activate|p2a: Ogerpon|move: Protect\n|-damage|p1a: Kingambit|82\/100|[from] Spiky Shield|[of] p2a: Ogerpon\n|\n|upkeep\n|turn|18\n|\n|t:|1699727976\n|move|p1a: Kingambit|Sucker Punch||[still]\n|-fail|p1a: Kingambit\n|move|p2a: Ogerpon|Swords Dance|p2a: Ogerpon\n|-boost|p2a: Ogerpon|atk|2\n|\n|upkeep\n|turn|19\n|\n|t:|1699727983\n|move|p2a: Ogerpon|Brick Break|p1a: Kingambit\n|-supereffective|p1a: Kingambit\n|-damage|p1a: Kingambit|0 fnt\n|faint|p1a: Kingambit\n|-end|p1a: Kingambit|fallen5|[silent]\n|\n|win|t114514\n|l|\u2606ARFALA\n","uploadtime":1699728086,"views":14,"p1id":"arfala","p2id":"t114514","formatid":"gen9ou","rating":0,"private":0,"password":""}