{"id":"gen9ou-1996773006","p1":"hason2","p2":"Thehombre","format":"[Gen 9] OU","log":"|j|\u2606hason2\n|j|\u2606Thehombre\n|t:|1700722836\n|gametype|singles\n|player|p1|hason2|hiker|1151\n|player|p2|Thehombre|1|1183\n|teamsize|p1|6\n|teamsize|p2|6\n|gen|9\n|tier|[Gen 9] OU\n|rated|\n|rule|Sleep Clause Mod: Limit one foe put to sleep\n|rule|Species Clause: Limit one of each Pok\u00e9mon\n|rule|OHKO Clause: OHKO moves are banned\n|rule|Evasion Items Clause: Evasion items are banned\n|rule|Evasion Moves Clause: Evasion moves are banned\n|rule|Endless Battle Clause: Forcing endless battles is banned\n|rule|HP Percentage Mod: HP is shown in percentages\n|clearpoke\n|poke|p1|Garganacl, M|\n|poke|p1|Ursaluna, M|\n|poke|p1|Hatterene, F|\n|poke|p1|Great Tusk|\n|poke|p1|Slowking-Galar, F|\n|poke|p1|Kingambit, F|\n|poke|p2|Kingambit, M|\n|poke|p2|Ninetales-Alola, M|\n|poke|p2|Samurott-Hisui, M|\n|poke|p2|Masquerain, M|\n|poke|p2|Manaphy|\n|poke|p2|Maushold-Four|\n|teampreview\n|inactive|Battle timer is ON: inactive players will automatically lose when time's up. (requested by Thehombre)\n|\n|t:|1700722857\n|start\n|switch|p1a: Hatterene|Hatterene, F|100\/100\n|switch|p2a: Samurott|Samurott-Hisui, M|100\/100\n|turn|1\n|\n|t:|1700722864\n|move|p2a: Samurott|Ceaseless Edge|p1a: Hatterene\n|-damage|p1a: Hatterene|49\/100\n|-sidestart|p1: hason2|Spikes\n|move|p1a: Hatterene|Trick Room|p1a: Hatterene\n|-fieldstart|move: Trick Room|[of] p1a: Hatterene\n|\n|-heal|p1a: Hatterene|55\/100|[from] item: Leftovers\n|upkeep\n|turn|2\n|\n|t:|1700722874\n|move|p1a: Hatterene|Dazzling Gleam|p2a: Samurott\n|-supereffective|p2a: Samurott\n|-damage|p2a: Samurott|0 fnt\n|faint|p2a: Samurott\n|\n|-heal|p1a: Hatterene|61\/100|[from] item: Leftovers\n|upkeep\n|\n|t:|1700722878\n|switch|p2a: Ninetales|Ninetales-Alola, M|100\/100\n|-weather|Snow|[from] ability: Snow Warning|[of] p2a: Ninetales\n|turn|3\n|\n|t:|1700722892\n|switch|p1a: Ursaluna|Ursaluna, M|100\/100\n|-damage|p1a: Ursaluna|88\/100|[from] Spikes\n|move|p2a: Ninetales|Aurora Veil|p2a: Ninetales\n|-sidestart|p2: Thehombre|move: Aurora Veil\n|\n|-weather|Snow|[upkeep]\n|-status|p1a: Ursaluna|brn|[from] item: Flame Orb\n|upkeep\n|turn|4\n|\n|t:|1700722903\n|move|p1a: Ursaluna|Facade|p2a: Ninetales\n|-damage|p2a: Ninetales|37\/100\n|move|p2a: Ninetales|Blizzard|p1a: Ursaluna\n|-supereffective|p1a: Ursaluna\n|-damage|p1a: Ursaluna|18\/100 brn\n|\n|-weather|Snow|[upkeep]\n|-damage|p1a: Ursaluna|12\/100 brn|[from] brn\n|upkeep\n|turn|5\n|\n|t:|1700722911\n|move|p1a: Ursaluna|Facade|p2a: Ninetales\n|-damage|p2a: Ninetales|0 fnt\n|faint|p2a: Ninetales\n|\n|-weather|Snow|[upkeep]\n|-damage|p1a: Ursaluna|6\/100 brn|[from] brn\n|-fieldend|move: Trick Room\n|upkeep\n|\n|t:|1700722919\n|switch|p2a: Masquerain|Masquerain, M|100\/100\n|-ability|p2a: Masquerain|Intimidate|boost\n|-unboost|p1a: Ursaluna|atk|1\n|turn|6\n|\n|t:|1700722923\n|move|p2a: Masquerain|Bug Buzz|p1a: Ursaluna\n|-damage|p1a: Ursaluna|0 fnt\n|faint|p1a: Ursaluna\n|\n|-weather|Snow|[upkeep]\n|upkeep\n|\n|t:|1700722930\n|switch|p1a: Great Tusk|Great Tusk|100\/100\n|-damage|p1a: Great Tusk|88\/100|[from] Spikes\n|turn|7\n|\n|t:|1700722936\n|move|p2a: Masquerain|Hydro Pump|p1a: Great Tusk|[miss]\n|-miss|p2a: Masquerain|p1a: Great Tusk\n|move|p1a: Great Tusk|Rapid Spin|p2a: Masquerain\n|-damage|p2a: Masquerain|85\/100\n|-boost|p1a: Great Tusk|spe|1\n|-sideend|p1: hason2|Spikes|[from] move: Rapid Spin|[of] p1a: Great Tusk\n|\n|-weather|none\n|-heal|p1a: Great Tusk|94\/100|[from] item: Leftovers\n|upkeep\n|turn|8\n|\n|t:|1700722948\n|-end|p1a: Great Tusk|Protosynthesis|[silent]\n|switch|p1a: Slowking|Slowking-Galar, F|100\/100\n|move|p2a: Masquerain|Hydro Pump|p1a: Slowking\n|-damage|p1a: Slowking|81\/100\n|\n|-heal|p1a: Slowking|87\/100|[from] item: Leftovers\n|upkeep\n|turn|9\n|\n|t:|1700722957\n|move|p2a: Masquerain|Sticky Web|p1a: Slowking\n|-sidestart|p1: hason2|move: Sticky Web\n|move|p1a: Slowking|Trick Room|p1a: Slowking\n|-fieldstart|move: Trick Room|[of] p1a: Slowking\n|\n|-heal|p1a: Slowking|93\/100|[from] item: Leftovers\n|upkeep\n|turn|10\n|\n|t:|1700722985\n|switch|p2a: Kingambit|Kingambit, M|100\/100\n|-activate|p2a: Kingambit|ability: Supreme Overlord\n|-start|p2a: Kingambit|fallen2|[silent]\n|move|p1a: Slowking|Psychic|p2a: Kingambit\n|-immune|p2a: Kingambit\n|\n|-heal|p1a: Slowking|99\/100|[from] item: Leftovers\n|-sideend|p2: Thehombre|move: Aurora Veil\n|upkeep\n|turn|11\n|\n|t:|1700722996\n|switch|p1a: Great Tusk|Great Tusk|94\/100\n|-activate|p1a: Great Tusk|move: Sticky Web\n|-unboost|p1a: Great Tusk|spe|1\n|move|p2a: Kingambit|Swords Dance|p2a: Kingambit\n|-boost|p2a: Kingambit|atk|2\n|\n|-heal|p1a: Great Tusk|100\/100|[from] item: Leftovers\n|upkeep\n|turn|12\n|\n|t:|1700723008\n|move|p2a: Kingambit|Iron Head|p1a: Great Tusk\n|-damage|p1a: Great Tusk|34\/100\n|move|p1a: Great Tusk|Earthquake|p2a: Kingambit\n|-supereffective|p2a: Kingambit\n|-damage|p2a: Kingambit|28\/100\n|\n|-heal|p1a: Great Tusk|40\/100|[from] item: Leftovers\n|upkeep\n|turn|13\n|\n|t:|1700723016\n|move|p2a: Kingambit|Iron Head|p1a: Great Tusk\n|-damage|p1a: Great Tusk|0 fnt\n|faint|p1a: Great Tusk\n|-end|p1a: Great Tusk|Protosynthesis|[silent]\n|\n|-fieldend|move: Trick Room\n|upkeep\n|\n|t:|1700723023\n|switch|p1a: Garganacl|Garganacl, M|100\/100\n|-activate|p1a: Garganacl|move: Sticky Web\n|-unboost|p1a: Garganacl|spe|1\n|turn|14\n|\n|t:|1700723029\n|move|p2a: Kingambit|Iron Head|p1a: Garganacl\n|-supereffective|p1a: Garganacl\n|-damage|p1a: Garganacl|0 fnt\n|faint|p1a: Garganacl\n|\n|upkeep\n|\n|t:|1700723041\n|switch|p1a: Slowking|Slowking-Galar, F|100\/100\n|-activate|p1a: Slowking|move: Sticky Web\n|-unboost|p1a: Slowking|spe|1\n|turn|15\n|\n|t:|1700723052\n|move|p2a: Kingambit|Kowtow Cleave|p1a: Slowking\n|-supereffective|p1a: Slowking\n|-damage|p1a: Slowking|0 fnt\n|faint|p1a: Slowking\n|\n|upkeep\n|\n|t:|1700723057\n|switch|p1a: Kingambit|Kingambit, F|100\/100\n|-activate|p1a: Kingambit|move: Sticky Web\n|-unboost|p1a: Kingambit|spe|1\n|-activate|p1a: Kingambit|ability: Supreme Overlord\n|-start|p1a: Kingambit|fallen4|[silent]\n|turn|16\n|\n|t:|1700723069\n|move|p2a: Kingambit|Kowtow Cleave|p1a: Kingambit\n|-resisted|p1a: Kingambit\n|-damage|p1a: Kingambit|51\/100\n|move|p1a: Kingambit|X-Scissor|p2a: Kingambit\n|-damage|p2a: Kingambit|0 fnt\n|faint|p2a: Kingambit\n|-end|p2a: Kingambit|fallen2|[silent]\n|-damage|p1a: Kingambit|41\/100|[from] item: Life Orb\n|\n|upkeep\n|\n|t:|1700723076\n|switch|p2a: Masquerain|Masquerain, M|85\/100\n|-ability|p2a: Masquerain|Intimidate|boost\n|-unboost|p1a: Kingambit|atk|1\n|turn|17\n|\n|t:|1700723080\n|move|p2a: Masquerain|Bug Buzz|p1a: Kingambit\n|-damage|p1a: Kingambit|1\/100\n|move|p1a: Kingambit|Swords Dance|p1a: Kingambit\n|-boost|p1a: Kingambit|atk|2\n|\n|upkeep\n|turn|18\n|\n|t:|1700723088\n|switch|p2a: Maushold|Maushold-Four|100\/100\n|move|p1a: Kingambit|Sucker Punch||[still]\n|-fail|p1a: Kingambit\n|\n|upkeep\n|turn|19\n|\n|t:|1700723094\n|move|p1a: Kingambit|Sucker Punch|p2a: Maushold\n|-damage|p2a: Maushold|0 fnt\n|faint|p2a: Maushold\n|-damage|p1a: Kingambit|0 fnt|[from] item: Life Orb\n|faint|p1a: Kingambit\n|-end|p1a: Kingambit|fallen4|[silent]\n|\n|upkeep\n|\n|t:|1700723100\n|switch|p2a: Manaphy|Manaphy|100\/100\n|switch|p1a: Hatterene|Hatterene, F|61\/100\n|-activate|p1a: Hatterene|move: Sticky Web\n|-unboost|p1a: Hatterene|spe|1\n|turn|20\n|\n|t:|1700723106\n|move|p2a: Manaphy|Scald|p1a: Hatterene\n|-damage|p1a: Hatterene|25\/100\n|move|p1a: Hatterene|Calm Mind|p1a: Hatterene\n|-boost|p1a: Hatterene|spa|1\n|-boost|p1a: Hatterene|spd|1\n|\n|-heal|p1a: Hatterene|31\/100|[from] item: Leftovers\n|upkeep\n|turn|21\n|\n|t:|1700723114\n|-terastallize|p2a: Manaphy|Water\n|move|p2a: Manaphy|Scald|p1a: Hatterene\n|-damage|p1a: Hatterene|0 fnt\n|faint|p1a: Hatterene\n|\n|win|Thehombre\n|raw|hason2's rating: 1151 &rarr; <strong>1128<\/strong><br \/>(-23 for losing)\n|raw|Thehombre's rating: 1183 &rarr; <strong>1206<\/strong><br \/>(+23 for winning)\n","uploadtime":1700723121,"views":3,"p1id":"hason2","p2id":"thehombre","formatid":"gen9ou","rating":1128,"private":0,"password":""}