{"id":"gen9ou-1996463519","p1":"Sleepythun","p2":"Username momento","format":"[Gen 9] OU","log":"|j|\u2606Sleepythun\n|j|\u2606Username momento\n|t:|1700684474\n|gametype|singles\n|player|p1|Sleepythun|lucas-gen4pt|1486\n|player|p2|Username momento|ninjaboy|1598\n|teamsize|p1|6\n|teamsize|p2|6\n|gen|9\n|tier|[Gen 9] OU\n|rated|\n|rule|Sleep Clause Mod: Limit one foe put to sleep\n|rule|Species Clause: Limit one of each Pok\u00e9mon\n|rule|OHKO Clause: OHKO moves are banned\n|rule|Evasion Items Clause: Evasion items are banned\n|rule|Evasion Moves Clause: Evasion moves are banned\n|rule|Endless Battle Clause: Forcing endless battles is banned\n|rule|HP Percentage Mod: HP is shown in percentages\n|clearpoke\n|poke|p1|Ribombee, F|\n|poke|p1|Gholdengo|\n|poke|p1|Great Tusk|\n|poke|p1|Ogerpon-Wellspring, F|\n|poke|p1|Arcanine-Hisui, M|\n|poke|p1|Salamence, M|\n|poke|p2|Meowscarada, M|\n|poke|p2|Kingambit, M|\n|poke|p2|Zapdos|\n|poke|p2|Zamazenta-*|\n|poke|p2|Great Tusk|\n|poke|p2|Iron Moth|\n|teampreview\n|inactive|Battle timer is ON: inactive players will automatically lose when time's up. (requested by Username momento)\n|\n|t:|1700684489\n|start\n|switch|p1a: Arcanine|Arcanine-Hisui, M|100\/100\n|switch|p2a: Iron Moth|Iron Moth|100\/100\n|-enditem|p2a: Iron Moth|Booster Energy\n|-activate|p2a: Iron Moth|ability: Quark Drive|[fromitem]\n|-start|p2a: Iron Moth|quarkdrivespe\n|turn|1\n|\n|t:|1700684496\n|-terastallize|p2a: Iron Moth|Ground\n|move|p2a: Iron Moth|Tera Blast|p1a: Arcanine|[anim] Tera Blast Ground\n|-supereffective|p1a: Arcanine\n|-damage|p1a: Arcanine|0 fnt\n|faint|p1a: Arcanine\n|\n|upkeep\n|\n|t:|1700684508\n|switch|p1a: Ogerpon|Ogerpon-Wellspring, F|100\/100\n|turn|2\n|\n|t:|1700684510\n|-terastallize|p1a: Ogerpon|Water\n|detailschange|p1a: Ogerpon|Ogerpon-Wellspring-Tera, F, tera:Water\n|-ability|p1a: Ogerpon|Embody Aspect (Wellspring)|boost\n|-boost|p1a: Ogerpon|spd|1\n|move|p2a: Iron Moth|Sludge Wave|p1a: Ogerpon\n|-damage|p1a: Ogerpon|59\/100\n|move|p1a: Ogerpon|Ivy Cudgel|p2a: Iron Moth|[anim] Ivy Cudgel Water\n|-supereffective|p2a: Iron Moth\n|-damage|p2a: Iron Moth|0 fnt\n|faint|p2a: Iron Moth\n|-end|p2a: Iron Moth|Quark Drive|[silent]\n|\n|upkeep\n|\n|t:|1700684515\n|switch|p2a: Meowscarada|Meowscarada, M|100\/100\n|turn|3\n|\n|t:|1700684518\n|switch|p1a: Salamence|Salamence, M|100\/100\n|-ability|p1a: Salamence|Intimidate|boost\n|-unboost|p2a: Meowscarada|atk|1\n|move|p2a: Meowscarada|U-turn|p1a: Salamence\n|-start|p2a: Meowscarada|typechange|Bug|[from] ability: Protean\n|-resisted|p1a: Salamence\n|-damage|p1a: Salamence|85\/100\n|-damage|p2a: Meowscarada|84\/100|[from] item: Rocky Helmet|[of] p1a: Salamence\n|\n|t:|1700684521\n|switch|p2a: Zapdos|Zapdos|100\/100|[from] U-turn\n|\n|upkeep\n|turn|4\n|\n|t:|1700684531\n|move|p2a: Zapdos|Discharge|p1a: Salamence\n|-damage|p1a: Salamence|55\/100\n|-status|p1a: Salamence|par\n|move|p1a: Salamence|Draco Meteor|p2a: Zapdos\n|-damage|p2a: Zapdos|49\/100\n|-unboost|p1a: Salamence|spa|2\n|\n|upkeep\n|turn|5\n|\n|t:|1700684537\n|move|p2a: Zapdos|Roost|p2a: Zapdos\n|-heal|p2a: Zapdos|99\/100\n|-singleturn|p2a: Zapdos|move: Roost\n|move|p1a: Salamence|Roost|p1a: Salamence\n|-heal|p1a: Salamence|100\/100 par\n|-singleturn|p1a: Salamence|move: Roost\n|\n|upkeep\n|turn|6\n|\n|t:|1700684541\n|switch|p1a: Gholdengo|Gholdengo|100\/100\n|move|p2a: Zapdos|Hurricane|p1a: Gholdengo\n|-resisted|p1a: Gholdengo\n|-damage|p1a: Gholdengo|84\/100\n|\n|-heal|p1a: Gholdengo|90\/100|[from] item: Leftovers\n|upkeep\n|turn|7\n|\n|t:|1700684546\n|move|p2a: Zapdos|Discharge|p1a: Gholdengo\n|-damage|p1a: Gholdengo|64\/100\n|-status|p1a: Gholdengo|par\n|move|p1a: Gholdengo|Shadow Ball|p2a: Zapdos\n|-damage|p2a: Zapdos|66\/100\n|-unboost|p2a: Zapdos|spd|1\n|\n|-heal|p1a: Gholdengo|70\/100 par|[from] item: Leftovers\n|upkeep\n|turn|8\n|\n|t:|1700684553\n|switch|p1a: Ribombee|Ribombee, F|100\/100\n|move|p2a: Zapdos|Discharge|p1a: Ribombee\n|-damage|p1a: Ribombee|51\/100\n|\n|upkeep\n|turn|9\n|\n|t:|1700684558\n|move|p1a: Ribombee|Sticky Web|p2a: Zapdos\n|-sidestart|p2: Username momento|move: Sticky Web\n|move|p2a: Zapdos|Hurricane|p1a: Ribombee\n|-supereffective|p1a: Ribombee\n|-damage|p1a: Ribombee|0 fnt\n|faint|p1a: Ribombee\n|\n|upkeep\n|\n|t:|1700684562\n|switch|p1a: Ogerpon|Ogerpon-Wellspring-Tera, F, tera:Water|59\/100\n|-ability|p1a: Ogerpon|Embody Aspect (Wellspring)|boost\n|-boost|p1a: Ogerpon|spd|1\n|turn|10\n|\n|t:|1700684568\n|move|p1a: Ogerpon|Ivy Cudgel|p2a: Zapdos|[anim] Ivy Cudgel Water\n|-damage|p2a: Zapdos|6\/100\n|move|p2a: Zapdos|Discharge|p1a: Ogerpon\n|-supereffective|p1a: Ogerpon\n|-damage|p1a: Ogerpon|1\/100\n|\n|upkeep\n|turn|11\n|\n|t:|1700684573\n|move|p1a: Ogerpon|Horn Leech|p2a: Zapdos\n|-resisted|p2a: Zapdos\n|-damage|p2a: Zapdos|0 fnt\n|-heal|p1a: Ogerpon|5\/100|[from] drain|[of] p2a: Zapdos\n|-status|p1a: Ogerpon|par|[from] ability: Static|[of] p2a: Zapdos\n|faint|p2a: Zapdos\n|\n|upkeep\n|\n|t:|1700684585\n|switch|p2a: Great Tusk|Great Tusk|100\/100\n|-activate|p2a: Great Tusk|move: Sticky Web\n|-unboost|p2a: Great Tusk|spe|1\n|-enditem|p2a: Great Tusk|Booster Energy\n|-activate|p2a: Great Tusk|ability: Protosynthesis|[fromitem]\n|-start|p2a: Great Tusk|protosynthesisatk\n|turn|12\n|\n|t:|1700684589\n|move|p2a: Great Tusk|Rapid Spin|p1a: Ogerpon\n|-damage|p1a: Ogerpon|0 fnt\n|-boost|p2a: Great Tusk|spe|1\n|-sideend|p2: Username momento|Sticky Web|[from] move: Rapid Spin|[of] p2a: Great Tusk\n|faint|p1a: Ogerpon\n|\n|upkeep\n|\n|t:|1700684592\n|switch|p1a: Salamence|Salamence, M|100\/100 par\n|-ability|p1a: Salamence|Intimidate|boost\n|-unboost|p2a: Great Tusk|atk|1\n|turn|13\n|\n|t:|1700684594\n|move|p2a: Great Tusk|Ice Spinner|p1a: Salamence\n|-supereffective|p1a: Salamence\n|-damage|p1a: Salamence|3\/100 par\n|-damage|p2a: Great Tusk|84\/100|[from] item: Rocky Helmet|[of] p1a: Salamence\n|move|p1a: Salamence|Hurricane|p2a: Great Tusk\n|-supereffective|p2a: Great Tusk\n|-damage|p2a: Great Tusk|0 fnt\n|faint|p2a: Great Tusk\n|-end|p2a: Great Tusk|Protosynthesis|[silent]\n|\n|upkeep\n|\n|t:|1700684599\n|switch|p2a: Meowscarada|Meowscarada, M|84\/100\n|turn|14\n|\n|t:|1700684606\n|move|p2a: Meowscarada|U-turn|p1a: Salamence\n|-start|p2a: Meowscarada|typechange|Bug|[from] ability: Protean\n|-resisted|p1a: Salamence\n|-damage|p1a: Salamence|0 fnt\n|-damage|p2a: Meowscarada|68\/100|[from] item: Rocky Helmet|[of] p1a: Salamence\n|faint|p1a: Salamence\n|\n|t:|1700684609\n|switch|p2a: Zamazenta|Zamazenta|100\/100|[from] U-turn\n|-ability|p2a: Zamazenta|Dauntless Shield|boost\n|-boost|p2a: Zamazenta|def|1\n|\n|upkeep\n|\n|t:|1700684612\n|switch|p1a: Gholdengo|Gholdengo|70\/100 par\n|turn|15\n|\n|t:|1700684617\n|move|p2a: Zamazenta|Crunch|p1a: Gholdengo\n|-supereffective|p1a: Gholdengo\n|-damage|p1a: Gholdengo|33\/100 par\n|move|p1a: Gholdengo|Make It Rain|p2a: Zamazenta\n|-damage|p2a: Zamazenta|55\/100\n|-unboost|p1a: Gholdengo|spa|1\n|\n|-heal|p2a: Zamazenta|62\/100|[from] item: Leftovers\n|-heal|p1a: Gholdengo|39\/100 par|[from] item: Leftovers\n|upkeep\n|turn|16\n|\n|t:|1700684625\n|move|p2a: Zamazenta|Crunch|p1a: Gholdengo\n|-supereffective|p1a: Gholdengo\n|-damage|p1a: Gholdengo|0 fnt\n|faint|p1a: Gholdengo\n|\n|-heal|p2a: Zamazenta|68\/100|[from] item: Leftovers\n|upkeep\n|\n|t:|1700684628\n|switch|p1a: Great Tusk|Great Tusk|100\/100\n|turn|17\n|\n|t:|1700684634\n|move|p2a: Zamazenta|Iron Defense|p2a: Zamazenta\n|-boost|p2a: Zamazenta|def|2\n|move|p1a: Great Tusk|Rapid Spin|p2a: Zamazenta\n|-damage|p2a: Zamazenta|63\/100\n|-boost|p1a: Great Tusk|spe|1\n|\n|-heal|p2a: Zamazenta|69\/100|[from] item: Leftovers\n|upkeep\n|turn|18\n|\n|t:|1700684639\n|move|p1a: Great Tusk|Knock Off|p2a: Zamazenta\n|-resisted|p2a: Zamazenta\n|-damage|p2a: Zamazenta|64\/100\n|-enditem|p2a: Zamazenta|Leftovers|[from] move: Knock Off|[of] p1a: Great Tusk\n|move|p2a: Zamazenta|Body Press|p1a: Great Tusk\n|-crit|p1a: Great Tusk\n|-damage|p1a: Great Tusk|7\/100\n|-enditem|p1a: Great Tusk|Sitrus Berry|[eat]\n|-heal|p1a: Great Tusk|31\/100|[from] item: Sitrus Berry\n|\n|upkeep\n|turn|19\n|\n|t:|1700684641\n|move|p1a: Great Tusk|Headlong Rush|p2a: Zamazenta\n|-damage|p2a: Zamazenta|48\/100\n|-unboost|p1a: Great Tusk|def|1\n|-unboost|p1a: Great Tusk|spd|1\n|move|p2a: Zamazenta|Body Press|p1a: Great Tusk\n|-damage|p1a: Great Tusk|0 fnt\n|faint|p1a: Great Tusk\n|-end|p1a: Great Tusk|Protosynthesis|[silent]\n|\n|win|Username momento\n|raw|Sleepythun's rating: 1486 &rarr; <strong>1472<\/strong><br \/>(-14 for losing)\n|raw|Username momento's rating: 1598 &rarr; <strong>1612<\/strong><br \/>(+14 for winning)\n|l|\u2606Sleepythun\n","uploadtime":1700684654,"views":0,"p1id":"sleepythun","p2id":"usernamemomento","formatid":"gen9ou","rating":1472,"private":0,"password":""}