{"id":"gen9ou-1988314851","p1":"dlksyu","p2":"lolwotda","format":"[Gen 9] OU","log":"|j|\u2606dlksyu\n|j|\u2606lolwotda\n|t:|1699707066\n|gametype|singles\n|player|p1|dlksyu|1|1058\n|player|p2|lolwotda|colress|1111\n|teamsize|p1|6\n|teamsize|p2|6\n|gen|9\n|tier|[Gen 9] OU\n|rated|\n|rule|Sleep Clause Mod: Limit one foe put to sleep\n|rule|Species Clause: Limit one of each Pok\u00e9mon\n|rule|OHKO Clause: OHKO moves are banned\n|rule|Evasion Items Clause: Evasion items are banned\n|rule|Evasion Moves Clause: Evasion moves are banned\n|rule|Endless Battle Clause: Forcing endless battles is banned\n|rule|HP Percentage Mod: HP is shown in percentages\n|clearpoke\n|poke|p1|Dondozo, F|\n|poke|p1|Corviknight, M|\n|poke|p1|Glimmora, F|\n|poke|p1|Clodsire, F|\n|poke|p1|Garganacl, M|\n|poke|p1|Blissey, F|\n|poke|p2|Dragonite, M|\n|poke|p2|Empoleon, F|\n|poke|p2|Iron Treads|\n|poke|p2|Grimmsnarl, M|\n|poke|p2|Sinistcha|\n|poke|p2|Cinderace, F|\n|teampreview\n|\n|t:|1699707079\n|start\n|switch|p1a: Glimmora|Glimmora, F|100\/100\n|switch|p2a: Iron Treads|Iron Treads|100\/100\n|turn|1\n|inactive|Battle timer is ON: inactive players will automatically lose when time's up. (requested by dlksyu)\n|\n|t:|1699707088\n|move|p2a: Iron Treads|Earthquake|p1a: Glimmora\n|-supereffective|p1a: Glimmora\n|-crit|p1a: Glimmora\n|-damage|p1a: Glimmora|0 fnt\n|-activate|p1a: Glimmora|ability: Toxic Debris\n|-sidestart|p2: lolwotda|move: Toxic Spikes\n|faint|p1a: Glimmora\n|\n|upkeep\n|\n|t:|1699707094\n|switch|p1a: Corviknight|Corviknight, M|100\/100\n|-ability|p1a: Corviknight|Pressure\n|turn|2\n|\n|t:|1699707099\n|move|p2a: Iron Treads|Rapid Spin|p1a: Corviknight\n|-resisted|p1a: Corviknight\n|-damage|p1a: Corviknight|96\/100\n|-boost|p2a: Iron Treads|spe|1\n|-sideend|p2: lolwotda|Toxic Spikes|[from] move: Rapid Spin|[of] p2a: Iron Treads\n|move|p1a: Corviknight|Body Press|p2a: Iron Treads\n|-supereffective|p2a: Iron Treads\n|-damage|p2a: Iron Treads|66\/100\n|\n|-heal|p2a: Iron Treads|72\/100|[from] item: Leftovers\n|-heal|p1a: Corviknight|100\/100|[from] item: Leftovers\n|upkeep\n|turn|3\n|\n|t:|1699707111\n|move|p2a: Iron Treads|Volt Switch|p1a: Corviknight\n|-supereffective|p1a: Corviknight\n|-damage|p1a: Corviknight|77\/100\n|\n|t:|1699707120\n|-end|p2a: Iron Treads|Quark Drive|[silent]\n|switch|p2a: Cinderace|Cinderace, F|100\/100|[from] Volt Switch\n|move|p1a: Corviknight|Iron Defense|p1a: Corviknight\n|-boost|p1a: Corviknight|def|2\n|\n|-heal|p1a: Corviknight|83\/100|[from] item: Leftovers\n|upkeep\n|turn|4\n|\n|t:|1699707132\n|switch|p1a: Garganacl|Garganacl, M|100\/100\n|move|p2a: Cinderace|Pyro Ball|p1a: Garganacl\n|-resisted|p1a: Garganacl\n|-damage|p1a: Garganacl|75\/100\n|\n|-heal|p1a: Garganacl|82\/100|[from] item: Leftovers\n|upkeep\n|turn|5\n|\n|t:|1699707140\n|switch|p2a: Sinistcha|Sinistcha|100\/100\n|move|p1a: Garganacl|Salt Cure|p2a: Sinistcha\n|-damage|p2a: Sinistcha|91\/100\n|-start|p2a: Sinistcha|Salt Cure\n|\n|-heal|p2a: Sinistcha|97\/100|[from] item: Leftovers\n|-heal|p1a: Garganacl|88\/100|[from] item: Leftovers\n|-damage|p2a: Sinistcha|84\/100|[from] Salt Cure\n|upkeep\n|turn|6\n|\n|t:|1699707164\n|switch|p1a: Blissey|Blissey, F|100\/100\n|move|p2a: Sinistcha|Matcha Gotcha|p1a: Blissey\n|-damage|p1a: Blissey|91\/100\n|-heal|p2a: Sinistcha|94\/100|[from] drain|[of] p1a: Blissey\n|-status|p1a: Blissey|brn\n|\n|-heal|p2a: Sinistcha|99\/100|[from] item: Leftovers\n|-damage|p1a: Blissey|85\/100 brn|[from] brn\n|-damage|p2a: Sinistcha|88\/100|[from] Salt Cure\n|upkeep\n|turn|7\n|\n|t:|1699707176\n|switch|p2a: Iron Treads|Iron Treads|72\/100\n|move|p1a: Blissey|Shadow Ball|p2a: Iron Treads\n|-damage|p2a: Iron Treads|56\/100\n|\n|-heal|p2a: Iron Treads|62\/100|[from] item: Leftovers\n|-damage|p1a: Blissey|79\/100 brn|[from] brn\n|upkeep\n|turn|8\n|\n|t:|1699707188\n|-curestatus|p1a: Blissey|brn|[from] ability: Natural Cure\n|switch|p1a: Corviknight|Corviknight, M|83\/100\n|-ability|p1a: Corviknight|Pressure\n|move|p2a: Iron Treads|Stealth Rock|p1a: Corviknight\n|-sidestart|p1: dlksyu|move: Stealth Rock\n|\n|-heal|p2a: Iron Treads|68\/100|[from] item: Leftovers\n|-heal|p1a: Corviknight|89\/100|[from] item: Leftovers\n|upkeep\n|turn|9\n|\n|t:|1699707198\n|move|p2a: Iron Treads|Volt Switch|p1a: Corviknight\n|-supereffective|p1a: Corviknight\n|-damage|p1a: Corviknight|68\/100\n|\n|t:|1699707201\n|-end|p2a: Iron Treads|Quark Drive|[silent]\n|switch|p2a: Cinderace|Cinderace, F|100\/100|[from] Volt Switch\n|move|p1a: Corviknight|Defog|p2a: Cinderace\n|-unboost|p2a: Cinderace|evasion|1\n|-sideend|p1: dlksyu|Stealth Rock|[from] move: Defog|[of] p1a: Corviknight\n|\n|-heal|p1a: Corviknight|74\/100|[from] item: Leftovers\n|upkeep\n|turn|10\n|\n|t:|1699707210\n|switch|p1a: Garganacl|Garganacl, M|88\/100\n|move|p2a: Cinderace|U-turn|p1a: Garganacl\n|-start|p2a: Cinderace|typechange|Bug|[from] ability: Libero\n|-damage|p1a: Garganacl|60\/100\n|\n|t:|1699707225\n|switch|p2a: Empoleon|Empoleon, F|100\/100|[from] U-turn\n|\n|-heal|p1a: Garganacl|66\/100|[from] item: Leftovers\n|upkeep\n|turn|11\n|\n|t:|1699707234\n|move|p2a: Empoleon|Knock Off|p1a: Garganacl\n|-damage|p1a: Garganacl|55\/100\n|-enditem|p1a: Garganacl|Leftovers|[from] move: Knock Off|[of] p2a: Empoleon\n|move|p1a: Garganacl|Recover|p1a: Garganacl\n|-heal|p1a: Garganacl|100\/100\n|\n|upkeep\n|turn|12\n|\n|t:|1699707242\n|move|p2a: Empoleon|Surf|p1a: Garganacl\n|-supereffective|p1a: Garganacl\n|-damage|p1a: Garganacl|49\/100\n|move|p1a: Garganacl|Salt Cure|p2a: Empoleon\n|-resisted|p2a: Empoleon\n|-damage|p2a: Empoleon|93\/100\n|-start|p2a: Empoleon|Salt Cure\n|\n|-heal|p2a: Empoleon|99\/100|[from] item: Leftovers\n|-damage|p2a: Empoleon|74\/100|[from] Salt Cure\n|upkeep\n|turn|13\n|\n|t:|1699707260\n|switch|p1a: Blissey|Blissey, F|79\/100\n|move|p2a: Empoleon|Flip Turn|p1a: Blissey\n|-damage|p1a: Blissey|39\/100\n|\n|t:|1699707266\n|switch|p2a: Cinderace|Cinderace, F|100\/100|[from] Flip Turn\n|\n|upkeep\n|turn|14\n|\n|t:|1699707280\n|switch|p1a: Dondozo|Dondozo, F|100\/100\n|move|p2a: Cinderace|U-turn|p1a: Dondozo\n|-start|p2a: Cinderace|typechange|Bug|[from] ability: Libero\n|-damage|p1a: Dondozo|77\/100\n|\n|t:|1699707291\n|switch|p2a: Sinistcha|Sinistcha|88\/100|[from] U-turn\n|\n|-heal|p2a: Sinistcha|94\/100|[from] item: Leftovers\n|upkeep\n|turn|15\n|\n|t:|1699707301\n|switch|p1a: Blissey|Blissey, F|39\/100\n|move|p2a: Sinistcha|Matcha Gotcha|p1a: Blissey\n|-damage|p1a: Blissey|30\/100\n|-heal|p2a: Sinistcha|100\/100|[from] drain|[of] p1a: Blissey\n|\n|upkeep\n|turn|16\n|\n|t:|1699707309\n|switch|p2a: Empoleon|Empoleon, F|74\/100\n|move|p1a: Blissey|Soft-Boiled|p1a: Blissey\n|-heal|p1a: Blissey|80\/100\n|\n|-heal|p2a: Empoleon|81\/100|[from] item: Leftovers\n|upkeep\n|turn|17\n|\n|t:|1699707318\n|move|p1a: Blissey|Shadow Ball|p2a: Empoleon\n|-damage|p2a: Empoleon|72\/100\n|move|p2a: Empoleon|Flip Turn|p1a: Blissey\n|-damage|p1a: Blissey|43\/100\n|\n|t:|1699707326\n|switch|p2a: Cinderace|Cinderace, F|100\/100|[from] Flip Turn\n|\n|upkeep\n|turn|18\n|\n|t:|1699707330\n|move|p2a: Cinderace|Pyro Ball|p1a: Blissey|[miss]\n|-miss|p2a: Cinderace|p1a: Blissey\n|move|p1a: Blissey|Soft-Boiled|p1a: Blissey\n|-heal|p1a: Blissey|93\/100\n|\n|upkeep\n|turn|19\n|\n|t:|1699707344\n|switch|p1a: Garganacl|Garganacl, M|49\/100\n|move|p2a: Cinderace|Pyro Ball|p1a: Garganacl\n|-resisted|p1a: Garganacl\n|-damage|p1a: Garganacl|25\/100\n|\n|upkeep\n|turn|20\n|\n|t:|1699707350\n|move|p2a: Cinderace|Pyro Ball|p1a: Garganacl\n|-resisted|p1a: Garganacl\n|-damage|p1a: Garganacl|2\/100\n|move|p1a: Garganacl|Recover|p1a: Garganacl\n|-heal|p1a: Garganacl|52\/100\n|\n|upkeep\n|turn|21\n|\n|t:|1699707359\n|switch|p2a: Sinistcha|Sinistcha|100\/100\n|move|p1a: Garganacl|Recover|p1a: Garganacl\n|-heal|p1a: Garganacl|100\/100\n|\n|upkeep\n|turn|22\n|\n|t:|1699707372\n|switch|p1a: Blissey|Blissey, F|93\/100\n|move|p2a: Sinistcha|Matcha Gotcha|p1a: Blissey\n|-damage|p1a: Blissey|84\/100\n|\n|upkeep\n|turn|23\n|\n|t:|1699707379\n|switch|p2a: Iron Treads|Iron Treads|68\/100\n|move|p1a: Blissey|Shadow Ball|p2a: Iron Treads\n|-damage|p2a: Iron Treads|51\/100\n|\n|-heal|p2a: Iron Treads|57\/100|[from] item: Leftovers\n|upkeep\n|turn|24\n|\n|t:|1699707387\n|switch|p1a: Corviknight|Corviknight, M|74\/100\n|-ability|p1a: Corviknight|Pressure\n|move|p2a: Iron Treads|Volt Switch|p1a: Corviknight\n|-supereffective|p1a: Corviknight\n|-damage|p1a: Corviknight|52\/100\n|\n|t:|1699707397\n|-end|p2a: Iron Treads|Quark Drive|[silent]\n|switch|p2a: Cinderace|Cinderace, F|100\/100|[from] Volt Switch\n|\n|-heal|p1a: Corviknight|58\/100|[from] item: Leftovers\n|upkeep\n|turn|25\n|\n|t:|1699707405\n|move|p2a: Cinderace|U-turn|p1a: Corviknight\n|-start|p2a: Cinderace|typechange|Bug|[from] ability: Libero\n|-resisted|p1a: Corviknight\n|-damage|p1a: Corviknight|49\/100\n|\n|t:|1699707411\n|switch|p2a: Sinistcha|Sinistcha|100\/100|[from] U-turn\n|move|p1a: Corviknight|Roost|p1a: Corviknight\n|-heal|p1a: Corviknight|99\/100\n|-singleturn|p1a: Corviknight|move: Roost\n|\n|-heal|p1a: Corviknight|100\/100|[from] item: Leftovers\n|upkeep\n|turn|26\n|\n|t:|1699707425\n|switch|p1a: Blissey|Blissey, F|84\/100\n|move|p2a: Sinistcha|Scald|p1a: Blissey\n|-damage|p1a: Blissey|78\/100\n|\n|upkeep\n|turn|27\n|\n|t:|1699707432\n|switch|p2a: Empoleon|Empoleon, F|72\/100\n|move|p1a: Blissey|Shadow Ball|p2a: Empoleon\n|-crit|p2a: Empoleon\n|-damage|p2a: Empoleon|58\/100\n|\n|-heal|p2a: Empoleon|64\/100|[from] item: Leftovers\n|upkeep\n|turn|28\n|\n|t:|1699707441\n|switch|p1a: Clodsire|Clodsire, F|100\/100\n|move|p2a: Empoleon|Roost|p2a: Empoleon\n|-heal|p2a: Empoleon|100\/100\n|-singleturn|p2a: Empoleon|move: Roost\n|\n|upkeep\n|turn|29\n|\n|t:|1699707454\n|move|p2a: Empoleon|Knock Off|p1a: Clodsire\n|-damage|p1a: Clodsire|80\/100\n|-enditem|p1a: Clodsire|Leftovers|[from] move: Knock Off|[of] p2a: Empoleon\n|move|p1a: Clodsire|Stealth Rock|p2a: Empoleon\n|-sidestart|p2: lolwotda|move: Stealth Rock\n|\n|upkeep\n|turn|30\n|\n|t:|1699707462\n|move|p2a: Empoleon|Flip Turn|p1a: Clodsire\n|-heal|p1a: Clodsire|100\/100|[from] ability: Water Absorb|[of] p2a: Empoleon\n|move|p1a: Clodsire|Earthquake|p2a: Empoleon\n|-supereffective|p2a: Empoleon\n|-damage|p2a: Empoleon|49\/100\n|\n|-heal|p2a: Empoleon|55\/100|[from] item: Leftovers\n|upkeep\n|turn|31\n|\n|t:|1699707472\n|switch|p2a: Dragonite|Dragonite, M|100\/100\n|-damage|p2a: Dragonite|76\/100|[from] Stealth Rock\n|move|p1a: Clodsire|Toxic|p2a: Dragonite\n|-status|p2a: Dragonite|tox\n|\n|-heal|p2a: Dragonite|82\/100 tox|[from] item: Leftovers\n|-damage|p2a: Dragonite|76\/100 tox|[from] psn\n|upkeep\n|turn|32\n|\n|t:|1699707485\n|switch|p1a: Garganacl|Garganacl, M|100\/100\n|move|p2a: Dragonite|Earthquake|p1a: Garganacl\n|-supereffective|p1a: Garganacl\n|-crit|p1a: Garganacl\n|-damage|p1a: Garganacl|49\/100\n|\n|-heal|p2a: Dragonite|82\/100 tox|[from] item: Leftovers\n|-damage|p2a: Dragonite|69\/100 tox|[from] psn\n|upkeep\n|turn|33\n|\n|t:|1699707494\n|move|p2a: Dragonite|Dragon Dance|p2a: Dragonite\n|-boost|p2a: Dragonite|atk|1\n|-boost|p2a: Dragonite|spe|1\n|move|p1a: Garganacl|Recover|p1a: Garganacl\n|-heal|p1a: Garganacl|99\/100\n|\n|-heal|p2a: Dragonite|76\/100 tox|[from] item: Leftovers\n|-damage|p2a: Dragonite|57\/100 tox|[from] psn\n|upkeep\n|turn|34\n|\n|t:|1699707505\n|move|p2a: Dragonite|Earthquake|p1a: Garganacl\n|-supereffective|p1a: Garganacl\n|-damage|p1a: Garganacl|51\/100\n|move|p1a: Garganacl|Iron Defense|p1a: Garganacl\n|-boost|p1a: Garganacl|def|2\n|\n|-heal|p2a: Dragonite|63\/100 tox|[from] item: Leftovers\n|-damage|p2a: Dragonite|38\/100 tox|[from] psn\n|upkeep\n|turn|35\n|\n|t:|1699707513\n|move|p2a: Dragonite|Earthquake|p1a: Garganacl\n|-supereffective|p1a: Garganacl\n|-damage|p1a: Garganacl|27\/100\n|move|p1a: Garganacl|Recover|p1a: Garganacl\n|-heal|p1a: Garganacl|77\/100\n|\n|-heal|p2a: Dragonite|45\/100 tox|[from] item: Leftovers\n|-damage|p2a: Dragonite|13\/100 tox|[from] psn\n|upkeep\n|turn|36\n|\n|t:|1699707522\n|move|p2a: Dragonite|Earthquake|p1a: Garganacl\n|-supereffective|p1a: Garganacl\n|-damage|p1a: Garganacl|52\/100\n|move|p1a: Garganacl|Recover|p1a: Garganacl\n|-heal|p1a: Garganacl|100\/100\n|\n|-heal|p2a: Dragonite|20\/100 tox|[from] item: Leftovers\n|-damage|p2a: Dragonite|0 fnt|[from] psn\n|faint|p2a: Dragonite\n|upkeep\n|\n|t:|1699707531\n|switch|p2a: Sinistcha|Sinistcha|100\/100\n|-damage|p2a: Sinistcha|88\/100|[from] Stealth Rock\n|turn|37\n|\n|t:|1699707537\n|switch|p1a: Blissey|Blissey, F|78\/100\n|move|p2a: Sinistcha|Matcha Gotcha|p1a: Blissey\n|-damage|p1a: Blissey|69\/100\n|-heal|p2a: Sinistcha|98\/100|[from] drain|[of] p1a: Blissey\n|\n|-heal|p2a: Sinistcha|100\/100|[from] item: Leftovers\n|upkeep\n|turn|38\n|\n|t:|1699707556\n|switch|p2a: Iron Treads|Iron Treads|57\/100\n|-damage|p2a: Iron Treads|54\/100|[from] Stealth Rock\n|switch|p1a: Clodsire|Clodsire, F|100\/100\n|\n|-heal|p2a: Iron Treads|60\/100|[from] item: Leftovers\n|upkeep\n|turn|39\n|\n|t:|1699707570\n|switch|p1a: Corviknight|Corviknight, M|100\/100\n|-ability|p1a: Corviknight|Pressure\n|-terastallize|p2a: Iron Treads|Water\n|move|p2a: Iron Treads|Stealth Rock|p1a: Corviknight\n|-sidestart|p1: dlksyu|move: Stealth Rock\n|\n|-heal|p2a: Iron Treads|67\/100|[from] item: Leftovers\n|upkeep\n|turn|40\n|\n|t:|1699707580\n|move|p2a: Iron Treads|Rapid Spin|p1a: Corviknight\n|-resisted|p1a: Corviknight\n|-crit|p1a: Corviknight\n|-damage|p1a: Corviknight|94\/100\n|-boost|p2a: Iron Treads|spe|1\n|-sideend|p2: lolwotda|Stealth Rock|[from] move: Rapid Spin|[of] p2a: Iron Treads\n|move|p1a: Corviknight|Defog|p2a: Iron Treads\n|-unboost|p2a: Iron Treads|evasion|1\n|-sideend|p1: dlksyu|Stealth Rock|[from] move: Defog|[of] p1a: Corviknight\n|\n|-heal|p2a: Iron Treads|73\/100|[from] item: Leftovers\n|-heal|p1a: Corviknight|100\/100|[from] item: Leftovers\n|upkeep\n|turn|41\n|\n|t:|1699707590\n|move|p2a: Iron Treads|Volt Switch|p1a: Corviknight\n|-supereffective|p1a: Corviknight\n|-damage|p1a: Corviknight|80\/100\n|\n|t:|1699707596\n|-end|p2a: Iron Treads|Quark Drive|[silent]\n|switch|p2a: Sinistcha|Sinistcha|100\/100|[from] Volt Switch\n|move|p1a: Corviknight|Body Press|p2a: Sinistcha\n|-immune|p2a: Sinistcha\n|\n|-heal|p1a: Corviknight|86\/100|[from] item: Leftovers\n|upkeep\n|turn|42\n|\n|t:|1699707603\n|switch|p1a: Blissey|Blissey, F|69\/100\n|switch|p2a: Cinderace|Cinderace, F|100\/100\n|\n|upkeep\n|turn|43\n|\n|t:|1699707611\n|switch|p1a: Garganacl|Garganacl, M|100\/100\n|move|p2a: Cinderace|U-turn|p1a: Garganacl\n|-start|p2a: Cinderace|typechange|Bug|[from] ability: Libero\n|-crit|p1a: Garganacl\n|-damage|p1a: Garganacl|63\/100\n|\n|t:|1699707619\n|switch|p2a: Grimmsnarl|Grimmsnarl, M|100\/100|[from] U-turn\n|\n|upkeep\n|turn|44\n|\n|t:|1699707627\n|move|p2a: Grimmsnarl|Thunder Wave|p1a: Garganacl\n|-immune|p1a: Garganacl|[from] ability: Purifying Salt\n|move|p1a: Garganacl|Salt Cure|p2a: Grimmsnarl\n|-damage|p2a: Grimmsnarl|83\/100\n|-start|p2a: Grimmsnarl|Salt Cure\n|\n|-heal|p2a: Grimmsnarl|89\/100|[from] item: Leftovers\n|-damage|p2a: Grimmsnarl|76\/100|[from] Salt Cure\n|upkeep\n|turn|45\n|\n|t:|1699707638\n|move|p2a: Grimmsnarl|Parting Shot|p1a: Garganacl\n|-unboost|p1a: Garganacl|atk|1\n|-unboost|p1a: Garganacl|spa|1\n|\n|t:|1699707643\n|switch|p2a: Empoleon|Empoleon, F|55\/100|[from] Parting Shot\n|move|p1a: Garganacl|Recover|p1a: Garganacl\n|-heal|p1a: Garganacl|100\/100\n|\n|-heal|p2a: Empoleon|61\/100|[from] item: Leftovers\n|upkeep\n|turn|46\n|\n|t:|1699707652\n|switch|p1a: Clodsire|Clodsire, F|100\/100\n|move|p2a: Empoleon|Roost|p2a: Empoleon\n|-heal|p2a: Empoleon|100\/100\n|-singleturn|p2a: Empoleon|move: Roost\n|\n|upkeep\n|turn|47\n|\n|t:|1699707663\n|switch|p2a: Iron Treads|Iron Treads, tera:Water|73\/100\n|move|p1a: Clodsire|Toxic|p2a: Iron Treads\n|-status|p2a: Iron Treads|tox\n|\n|-heal|p2a: Iron Treads|79\/100 tox|[from] item: Leftovers\n|-damage|p2a: Iron Treads|73\/100 tox|[from] psn\n|upkeep\n|turn|48\n|\n|t:|1699707670\n|switch|p1a: Corviknight|Corviknight, M|86\/100\n|-ability|p1a: Corviknight|Pressure\n|move|p2a: Iron Treads|Volt Switch|p1a: Corviknight\n|-supereffective|p1a: Corviknight\n|-damage|p1a: Corviknight|63\/100\n|\n|t:|1699707677\n|-end|p2a: Iron Treads|Quark Drive|[silent]\n|switch|p2a: Cinderace|Cinderace, F|100\/100|[from] Volt Switch\n|\n|-heal|p1a: Corviknight|69\/100|[from] item: Leftovers\n|upkeep\n|turn|49\n|\n|t:|1699707686\n|move|p2a: Cinderace|Pyro Ball|p1a: Corviknight\n|-supereffective|p1a: Corviknight\n|-damage|p1a: Corviknight|0 fnt\n|faint|p1a: Corviknight\n|\n|upkeep\n|\n|t:|1699707694\n|switch|p1a: Garganacl|Garganacl, M|100\/100\n|turn|50\n|\n|t:|1699707698\n|switch|p2a: Sinistcha|Sinistcha|100\/100\n|move|p1a: Garganacl|Salt Cure|p2a: Sinistcha\n|-damage|p2a: Sinistcha|90\/100\n|-start|p2a: Sinistcha|Salt Cure\n|\n|-heal|p2a: Sinistcha|96\/100|[from] item: Leftovers\n|-damage|p2a: Sinistcha|84\/100|[from] Salt Cure\n|upkeep\n|turn|51\n|\n|t:|1699707710\n|switch|p1a: Blissey|Blissey, F|69\/100\n|move|p2a: Sinistcha|Matcha Gotcha|p1a: Blissey\n|-damage|p1a: Blissey|59\/100\n|-heal|p2a: Sinistcha|94\/100|[from] drain|[of] p1a: Blissey\n|\n|-heal|p2a: Sinistcha|99\/100|[from] item: Leftovers\n|-damage|p2a: Sinistcha|87\/100|[from] Salt Cure\n|upkeep\n|turn|52\n|\n|t:|1699707720\n|switch|p2a: Iron Treads|Iron Treads, tera:Water|73\/100 tox\n|move|p1a: Blissey|Soft-Boiled|p1a: Blissey\n|-heal|p1a: Blissey|100\/100\n|\n|-heal|p2a: Iron Treads|79\/100 tox|[from] item: Leftovers\n|-damage|p2a: Iron Treads|73\/100 tox|[from] psn\n|upkeep\n|turn|53\n|\n|t:|1699707736\n|move|p2a: Iron Treads|Stealth Rock|p1a: Blissey\n|-sidestart|p1: dlksyu|move: Stealth Rock\n|move|p1a: Blissey|Soft-Boiled||[still]\n|-fail|p1a: Blissey|heal\n|\n|-heal|p2a: Iron Treads|79\/100 tox|[from] item: Leftovers\n|-damage|p2a: Iron Treads|67\/100 tox|[from] psn\n|upkeep\n|turn|54\n|\n|t:|1699707744\n|move|p2a: Iron Treads|Volt Switch|p1a: Blissey\n|-damage|p1a: Blissey|98\/100\n|\n|t:|1699707751\n|-end|p2a: Iron Treads|Quark Drive|[silent]\n|switch|p2a: Grimmsnarl|Grimmsnarl, M|76\/100|[from] Volt Switch\n|move|p1a: Blissey|Seismic Toss|p2a: Grimmsnarl\n|-damage|p2a: Grimmsnarl|51\/100\n|\n|-heal|p2a: Grimmsnarl|57\/100|[from] item: Leftovers\n|upkeep\n|turn|55\n|\n|t:|1699707761\n|move|p2a: Grimmsnarl|Thunder Wave|p1a: Blissey|[miss]\n|-miss|p2a: Grimmsnarl|p1a: Blissey\n|move|p1a: Blissey|Calm Mind|p1a: Blissey\n|-boost|p1a: Blissey|spa|1\n|-boost|p1a: Blissey|spd|1\n|\n|-heal|p2a: Grimmsnarl|63\/100|[from] item: Leftovers\n|upkeep\n|turn|56\n|\n|t:|1699707769\n|move|p2a: Grimmsnarl|Thunder Wave|p1a: Blissey\n|-status|p1a: Blissey|par\n|cant|p1a: Blissey|par\n|\n|-heal|p2a: Grimmsnarl|69\/100|[from] item: Leftovers\n|upkeep\n|turn|57\n|\n|t:|1699707778\n|move|p2a: Grimmsnarl|Crunch|p1a: Blissey\n|-damage|p1a: Blissey|8\/100 par\n|move|p1a: Blissey|Calm Mind|p1a: Blissey\n|-boost|p1a: Blissey|spa|1\n|-boost|p1a: Blissey|spd|1\n|\n|-heal|p2a: Grimmsnarl|75\/100|[from] item: Leftovers\n|upkeep\n|turn|58\n|-message|dlksyu forfeited.\n|l|\u2606dlksyu\n|inactive|dlksyu disconnected and has a minute to reconnect!\n|player|p1|\n|\n|win|lolwotda\n|raw|dlksyu's rating: 1058 &rarr; <strong>1042<\/strong><br \/>(-16 for losing)\n|raw|lolwotda's rating: 1111 &rarr; <strong>1132<\/strong><br \/>(+21 for winning)\n","uploadtime":1699707804,"views":25,"p1id":"dlksyu","p2id":"lolwotda","formatid":"gen9ou","rating":1042,"private":0,"password":""}