{"id":"gen9ou-1988917673","p1":"pecurto23","p2":"agency paid actor","format":"[Gen 9] OU","log":"|j|\u2606pecurto23\n|j|\u2606agency paid actor\n|t:|1699787467\n|gametype|singles\n|player|p1|pecurto23|rosa|1689\n|player|p2|agency paid actor|rocketgruntf|1616\n|teamsize|p1|6\n|teamsize|p2|6\n|gen|9\n|tier|[Gen 9] OU\n|rated|\n|rule|Sleep Clause Mod: Limit one foe put to sleep\n|rule|Species Clause: Limit one of each Pok\u00e9mon\n|rule|OHKO Clause: OHKO moves are banned\n|rule|Evasion Items Clause: Evasion items are banned\n|rule|Evasion Moves Clause: Evasion moves are banned\n|rule|Endless Battle Clause: Forcing endless battles is banned\n|rule|HP Percentage Mod: HP is shown in percentages\n|clearpoke\n|poke|p1|Rillaboom, F|\n|poke|p1|Sneasler, M|\n|poke|p1|Zamazenta-*|\n|poke|p1|Manaphy|\n|poke|p1|Heatran, M|\n|poke|p1|Hatterene, F|\n|poke|p2|Glimmora, M|\n|poke|p2|Magnezone|\n|poke|p2|Iron Leaves|\n|poke|p2|Iron Valiant|\n|poke|p2|Landorus-Therian, M|\n|poke|p2|Dragonite, M|\n|teampreview\n|inactive|Battle timer is ON: inactive players will automatically lose when time's up. (requested by agency paid actor)\n|inactive|agency paid actor has 120 seconds left.\n|\n|t:|1699787510\n|start\n|switch|p1a: Heatran|Heatran, M|100\/100\n|switch|p2a: Landorus|Landorus-Therian, M|100\/100\n|-ability|p2a: Landorus|Intimidate|boost\n|-unboost|p1a: Heatran|atk|1\n|-item|p1a: Heatran|Air Balloon\n|turn|1\n|j| carti > emMIDem\n|inactive|pecurto23 has 120 seconds left.\n|\n|t:|1699787549\n|move|p2a: Landorus|U-turn|p1a: Heatran\n|-resisted|p1a: Heatran\n|-damage|p1a: Heatran|95\/100\n|-enditem|p1a: Heatran|Air Balloon\n|inactive|agency paid actor has 120 seconds left.\n|\n|t:|1699787582\n|switch|p2a: Glimmora|Glimmora, M|100\/100|[from] U-turn\n|move|p1a: Heatran|Will-O-Wisp|p2a: Glimmora\n|-status|p2a: Glimmora|brn\n|\n|-damage|p2a: Glimmora|94\/100 brn|[from] brn\n|upkeep\n|turn|2\n|inactive|agency paid actor has 120 seconds left.\n|\n|t:|1699787593\n|switch|p1a: Hatterene|Hatterene, F, shiny|100\/100\n|move|p2a: Glimmora|Earth Power|p1a: Hatterene\n|-crit|p1a: Hatterene\n|-damage|p1a: Hatterene|54\/100\n|\n|-damage|p2a: Glimmora|88\/100 brn|[from] brn\n|upkeep\n|turn|3\n|inactive|agency paid actor has 120 seconds left.\n|\n|t:|1699787608\n|move|p2a: Glimmora|Mortal Spin|p1a: Hatterene\n|-supereffective|p1a: Hatterene\n|-damage|p1a: Hatterene|49\/100\n|-status|p1a: Hatterene|psn\n|move|p1a: Hatterene|Psyshock|p2a: Glimmora\n|-supereffective|p2a: Glimmora\n|-damage|p2a: Glimmora|0 fnt\n|faint|p2a: Glimmora\n|\n|-damage|p1a: Hatterene|37\/100 psn|[from] psn\n|upkeep\n|\n|t:|1699787632\n|switch|p2a: Magnezone|Magnezone|100\/100\n|turn|4\n|\n|t:|1699787636\n|move|p2a: Magnezone|Volt Switch|p1a: Hatterene\n|-damage|p1a: Hatterene|0 fnt\n|faint|p1a: Hatterene\n|\n|t:|1699787647\n|switch|p2a: Landorus|Landorus-Therian, M|100\/100|[from] Volt Switch\n|\n|upkeep\n|j| westcottike\n|inactive|pecurto23 has 120 seconds left.\n|\n|t:|1699787681\n|switch|p1a: Rillaboom|Rillaboom, F|100\/100\n|-fieldstart|move: Grassy Terrain|[from] ability: Grassy Surge|[of] p1a: Rillaboom\n|turn|5\n|\n|t:|1699787687\n|switch|p1a: Heatran|Heatran, M|95\/100\n|move|p2a: Landorus|U-turn|p1a: Heatran\n|-resisted|p1a: Heatran\n|-damage|p1a: Heatran|89\/100\n|\n|t:|1699787705\n|switch|p2a: Iron Valiant|Iron Valiant|100\/100|[from] U-turn\n|-enditem|p2a: Iron Valiant|Booster Energy\n|-activate|p2a: Iron Valiant|ability: Quark Drive|[fromitem]\n|-start|p2a: Iron Valiant|quarkdrivespe\n|\n|-heal|p1a: Heatran|95\/100|[from] Grassy Terrain\n|upkeep\n|turn|6\n|\n|t:|1699787714\n|switch|p1a: Sneasler|Sneasler, M|100\/100\n|-enditem|p1a: Sneasler|Grassy Seed\n|-boost|p1a: Sneasler|def|1|[from] item: Grassy Seed\n|move|p2a: Iron Valiant|Close Combat|p1a: Sneasler\n|-resisted|p1a: Sneasler\n|-damage|p1a: Sneasler|72\/100\n|-unboost|p2a: Iron Valiant|def|1\n|-unboost|p2a: Iron Valiant|spd|1\n|\n|-heal|p1a: Sneasler|78\/100|[from] Grassy Terrain\n|upkeep\n|turn|7\n|inactive|agency paid actor has 120 seconds left.\n|\n|t:|1699787743\n|-end|p2a: Iron Valiant|Quark Drive|[silent]\n|switch|p2a: Landorus|Landorus-Therian, M|100\/100\n|-ability|p2a: Landorus|Intimidate|boost\n|-unboost|p1a: Sneasler|atk|1\n|move|p1a: Sneasler|Dire Claw|p2a: Landorus\n|-resisted|p2a: Landorus\n|-damage|p2a: Landorus|83\/100\n|\n|-heal|p1a: Sneasler|85\/100|[from] Grassy Terrain\n|upkeep\n|turn|8\n|\n|t:|1699787757\n|move|p1a: Sneasler|Dire Claw|p2a: Landorus\n|-resisted|p2a: Landorus\n|-damage|p2a: Landorus|64\/100\n|-status|p2a: Landorus|par\n|move|p2a: Landorus|Earthquake|p1a: Sneasler\n|-supereffective|p1a: Sneasler\n|-damage|p1a: Sneasler|31\/100\n|\n|-heal|p1a: Sneasler|37\/100|[from] Grassy Terrain\n|upkeep\n|turn|9\n|\n|t:|1699787770\n|switch|p1a: Manaphy|Manaphy, shiny|100\/100\n|move|p2a: Landorus|Earthquake|p1a: Manaphy\n|-damage|p1a: Manaphy|78\/100\n|\n|-heal|p1a: Manaphy|84\/100|[from] Grassy Terrain\n|-fieldend|move: Grassy Terrain\n|upkeep\n|turn|10\n|\n|t:|1699787783\n|switch|p2a: Magnezone|Magnezone|100\/100\n|move|p1a: Manaphy|Ice Beam|p2a: Magnezone\n|-resisted|p2a: Magnezone\n|-damage|p2a: Magnezone|86\/100\n|\n|upkeep\n|turn|11\n|inactive|agency paid actor has 120 seconds left.\n|\n|t:|1699787797\n|switch|p1a: Sneasler|Sneasler, M|37\/100\n|move|p2a: Magnezone|Volt Switch|p1a: Sneasler\n|-damage|p1a: Sneasler|0 fnt\n|faint|p1a: Sneasler\n|\n|t:|1699787808\n|switch|p2a: Iron Leaves|Iron Leaves|100\/100|[from] Volt Switch\n|-enditem|p2a: Iron Leaves|Booster Energy\n|-activate|p2a: Iron Leaves|ability: Quark Drive|[fromitem]\n|-start|p2a: Iron Leaves|quarkdriveatk\n|\n|upkeep\n|\n|t:|1699787836\n|switch|p1a: Rillaboom|Rillaboom, F|100\/100\n|-fieldstart|move: Grassy Terrain|[from] ability: Grassy Surge|[of] p1a: Rillaboom\n|turn|12\n|inactive|agency paid actor has 120 seconds left.\n|\n|t:|1699787849\n|-terastallize|p2a: Iron Leaves|Fighting\n|move|p2a: Iron Leaves|Swords Dance|p2a: Iron Leaves\n|-boost|p2a: Iron Leaves|atk|2\n|move|p1a: Rillaboom|U-turn|p2a: Iron Leaves\n|-resisted|p2a: Iron Leaves\n|-damage|p2a: Iron Leaves|77\/100\n|\n|t:|1699787860\n|switch|p1a: Heatran|Heatran, M|95\/100|[from] U-turn\n|\n|-heal|p2a: Iron Leaves|83\/100|[from] Grassy Terrain\n|-heal|p1a: Heatran|100\/100|[from] Grassy Terrain\n|upkeep\n|turn|13\n|\n|t:|1699787874\n|-terastallize|p1a: Heatran|Ghost\n|move|p2a: Iron Leaves|Close Combat|p1a: Heatran\n|-immune|p1a: Heatran\n|move|p1a: Heatran|Will-O-Wisp|p2a: Iron Leaves\n|-status|p2a: Iron Leaves|brn\n|\n|-heal|p2a: Iron Leaves|89\/100 brn|[from] Grassy Terrain\n|-damage|p2a: Iron Leaves|83\/100 brn|[from] brn\n|upkeep\n|turn|14\n|\n|t:|1699787884\n|move|p2a: Iron Leaves|Leaf Blade|p1a: Heatran\n|-damage|p1a: Heatran|36\/100\n|move|p1a: Heatran|Magma Storm|p2a: Iron Leaves\n|-damage|p2a: Iron Leaves|40\/100 brn\n|-activate|p2a: Iron Leaves|move: Magma Storm|[of] p1a: Heatran\n|\n|-heal|p2a: Iron Leaves|46\/100 brn|[from] Grassy Terrain\n|-heal|p1a: Heatran|42\/100|[from] Grassy Terrain\n|-damage|p2a: Iron Leaves|40\/100 brn|[from] brn\n|-damage|p2a: Iron Leaves|28\/100 brn|[from] move: Magma Storm|[partiallytrapped]\n|upkeep\n|turn|15\n|j| cheese miestro\n|\n|t:|1699787902\n|move|p2a: Iron Leaves|Swords Dance|p2a: Iron Leaves\n|-boost|p2a: Iron Leaves|atk|2\n|move|p1a: Heatran|Magma Storm|p2a: Iron Leaves\n|-damage|p2a: Iron Leaves|0 fnt\n|faint|p2a: Iron Leaves\n|-end|p2a: Iron Leaves|Quark Drive|[silent]\n|\n|-heal|p1a: Heatran|48\/100|[from] Grassy Terrain\n|upkeep\n|c| cheese miestro|opinions on glisc ban?\n|c|\u2606agency paid actor|good\n|c|\u2606agency paid actor|fuck that thing\n|c|\u2606agency paid actor|but\n|c|\u2606pecurto23|bad\n|c|\u2606agency paid actor|finch unqualified\n|c|\u2606pecurto23|terrible ban\n|c|\u2606agency paid actor|dodesnt solve the issue\n|c|\u2606agency paid actor|ban tera\n|c|\u2606agency paid actor|:)\n|\n|t:|1699787925\n|switch|p2a: Magnezone|Magnezone|86\/100\n|turn|16\n|c|\u2606pecurto23|tera doesn't need to go imo, not rn\n|c|\u2606pecurto23|but now we're back to kingambit flips\n|c|\u2606pecurto23|so maybe\n|c|\u2606pecurto23|shrug\n|c|\u2606pecurto23|this meta is shit\n|inactive|pecurto23 has 120 seconds left.\n|c|\u2606agency paid actor|ban tera\n|\n|t:|1699787957\n|move|p2a: Magnezone|Volt Switch|p1a: Heatran\n|-damage|p1a: Heatran|16\/100\n|c|\u2606agency paid actor|and like\n|c|\u2606agency paid actor|99% of it is better\n|\n|t:|1699787968\n|switch|p2a: Iron Valiant|Iron Valiant|100\/100|[from] Volt Switch\n|move|p1a: Heatran|Magma Storm|p2a: Iron Valiant\n|-damage|p2a: Iron Valiant|8\/100\n|-activate|p2a: Iron Valiant|move: Magma Storm|[of] p1a: Heatran\n|\n|-heal|p2a: Iron Valiant|14\/100|[from] Grassy Terrain\n|-heal|p1a: Heatran|22\/100|[from] Grassy Terrain\n|-damage|p2a: Iron Valiant|2\/100|[from] move: Magma Storm|[partiallytrapped]\n|-fieldend|move: Grassy Terrain\n|upkeep\n|turn|17\n|inactive|pecurto23 has 120 seconds left.\n|c|\u2606pecurto23|ehh\n|c|\u2606pecurto23|debatable\n|\n|t:|1699787994\n|move|p2a: Iron Valiant|Knock Off|p1a: Heatran\n|-supereffective|p1a: Heatran\n|-damage|p1a: Heatran|0 fnt\n|faint|p1a: Heatran\n|\n|-end|p2a: Iron Valiant|Magma Storm|[partiallytrapped]|[silent]\n|upkeep\n|c|\u2606agency paid actor|also finch having\n|c|\u2606agency paid actor|a phobia\n|c|\u2606agency paid actor|for complex bans\n|inactive|pecurto23 has 90 seconds left.\n|c|\u2606pecurto23|bro tbf u're 1600 on the ladder i don't think you have the morale to call finch unqualified\n|c|\u2606agency paid actor|this is an alt\n|c|\u2606agency paid actor|LOL\n|c|\u2606pecurto23|idc\n|c|\u2606pecurto23|u still are\n|c|\u2606agency paid actor|zzzz\n|\n|t:|1699788037\n|switch|p1a: Rillaboom|Rillaboom, F|100\/100\n|-fieldstart|move: Grassy Terrain|[from] ability: Grassy Surge|[of] p1a: Rillaboom\n|turn|18\n|\n|t:|1699788047\n|-end|p2a: Iron Valiant|Quark Drive|[silent]\n|switch|p2a: Landorus|Landorus-Therian, M|64\/100 par\n|-ability|p2a: Landorus|Intimidate|boost\n|-unboost|p1a: Rillaboom|atk|1\n|move|p1a: Rillaboom|U-turn|p2a: Landorus\n|-resisted|p2a: Landorus\n|-damage|p2a: Landorus|47\/100 par\n|\n|t:|1699788053\n|switch|p1a: Manaphy|Manaphy, shiny|84\/100|[from] U-turn\n|\n|-heal|p1a: Manaphy|90\/100|[from] Grassy Terrain\n|upkeep\n|turn|19\n|\n|t:|1699788057\n|move|p1a: Manaphy|Tail Glow|p1a: Manaphy\n|-boost|p1a: Manaphy|spa|3\n|move|p2a: Landorus|Grass Knot|p1a: Manaphy\n|-supereffective|p1a: Manaphy\n|-damage|p1a: Manaphy|82\/100\n|\n|-heal|p1a: Manaphy|89\/100|[from] Grassy Terrain\n|upkeep\n|turn|20\n|\n|t:|1699788063\n|switch|p2a: Dragonite|Dragonite, M|100\/100\n|move|p1a: Manaphy|Surf|p2a: Dragonite\n|-resisted|p2a: Dragonite\n|-damage|p2a: Dragonite|80\/100\n|\n|-heal|p1a: Manaphy|95\/100|[from] Grassy Terrain\n|upkeep\n|turn|21\n|j| torito25\n|\n|t:|1699788068\n|move|p2a: Dragonite|Extreme Speed|p1a: Manaphy\n|-damage|p1a: Manaphy|69\/100\n|move|p1a: Manaphy|Ice Beam|p2a: Dragonite\n|-supereffective|p2a: Dragonite\n|-damage|p2a: Dragonite|0 fnt\n|faint|p2a: Dragonite\n|\n|-heal|p1a: Manaphy|75\/100|[from] Grassy Terrain\n|upkeep\n|\n|t:|1699788073\n|switch|p2a: Magnezone|Magnezone|86\/100\n|turn|22\n|\n|t:|1699788080\n|move|p1a: Manaphy|Surf|p2a: Magnezone\n|-damage|p2a: Magnezone|0 fnt\n|faint|p2a: Magnezone\n|\n|-heal|p1a: Manaphy|81\/100|[from] Grassy Terrain\n|-fieldend|move: Grassy Terrain\n|upkeep\n|\n|t:|1699788082\n|switch|p2a: Iron Valiant|Iron Valiant|2\/100\n|turn|23\n|\n|t:|1699788085\n|move|p2a: Iron Valiant|Thunderbolt|p1a: Manaphy\n|-supereffective|p1a: Manaphy\n|-damage|p1a: Manaphy|33\/100\n|-enditem|p1a: Manaphy|Sitrus Berry|[eat]\n|-heal|p1a: Manaphy|58\/100|[from] item: Sitrus Berry\n|move|p1a: Manaphy|Surf|p2a: Iron Valiant\n|-damage|p2a: Iron Valiant|0 fnt\n|faint|p2a: Iron Valiant\n|-end|p2a: Iron Valiant|Quark Drive|[silent]\n|\n|upkeep\n|\n|t:|1699788087\n|switch|p2a: Landorus|Landorus-Therian, M|47\/100 par\n|-ability|p2a: Landorus|Intimidate|boost\n|-unboost|p1a: Manaphy|atk|1\n|turn|24\n|c|\u2606pecurto23|gg\n|c|\u2606agency paid actor|gtg\n|\n|t:|1699788091\n|move|p1a: Manaphy|Ice Beam|p2a: Landorus\n|-supereffective|p2a: Landorus\n|-damage|p2a: Landorus|0 fnt\n|faint|p2a: Landorus\n|\n|win|pecurto23\n|raw|pecurto23's rating: 1689 &rarr; <strong>1705<\/strong><br \/>(+16 for winning)\n|raw|agency paid actor's rating: 1616 &rarr; <strong>1600<\/strong><br \/>(-16 for losing)\n|c|\u2606agency paid actor|gg\n|c|\u2606agency paid actor|ggs\n|c|\u2606agency paid actor|LOL\n|l|\u2606agency paid actor\n","uploadtime":1699788107,"views":30,"p1id":"pecurto23","p2id":"agencypaidactor","formatid":"gen9ou","rating":1600,"private":0,"password":""}