{"id":"gen9ou-1994468025","p1":"Poison Ivy Thorns","p2":"chenfff","format":"[Gen 9] OU","log":"|j|\u2606Poison Ivy Thorns\n|j|\u2606chenfff\n|t:|1700447374\n|gametype|singles\n|player|p1|Poison Ivy Thorns|ethan-gen2|1341\n|player|p2|chenfff|hilda|1285\n|teamsize|p1|6\n|teamsize|p2|6\n|gen|9\n|tier|[Gen 9] OU\n|rated|\n|rule|Sleep Clause Mod: Limit one foe put to sleep\n|rule|Species Clause: Limit one of each Pok\u00e9mon\n|rule|OHKO Clause: OHKO moves are banned\n|rule|Evasion Items Clause: Evasion items are banned\n|rule|Evasion Moves Clause: Evasion moves are banned\n|rule|Endless Battle Clause: Forcing endless battles is banned\n|rule|HP Percentage Mod: HP is shown in percentages\n|clearpoke\n|poke|p1|Mew|\n|poke|p1|Enamorus, F|\n|poke|p1|Heatran, F|\n|poke|p1|Mandibuzz, F|\n|poke|p1|Dragapult, M|\n|poke|p1|Toxapex, F|\n|poke|p2|Pelipper, M|\n|poke|p2|Greninja-*, M|\n|poke|p2|Basculegion, M|\n|poke|p2|Zapdos|\n|poke|p2|Sandy Shocks|\n|poke|p2|Scizor, M|\n|teampreview\n|inactive|Battle timer is ON: inactive players will automatically lose when time's up. (requested by Poison Ivy Thorns)\n|inactive|chenfff also wants the timer to be on.\n|\n|t:|1700447397\n|start\n|switch|p1a: Dragapult|Dragapult, M|100\/100\n|switch|p2a: Sandy Shocks|Sandy Shocks|100\/100\n|-enditem|p2a: Sandy Shocks|Booster Energy\n|-activate|p2a: Sandy Shocks|ability: Protosynthesis|[fromitem]\n|-start|p2a: Sandy Shocks|protosynthesisspe\n|turn|1\n|\n|t:|1700447410\n|-terastallize|p2a: Sandy Shocks|Ice\n|move|p2a: Sandy Shocks|Tera Blast|p1a: Dragapult|[anim] Tera Blast Ice\n|-supereffective|p1a: Dragapult\n|-crit|p1a: Dragapult\n|-damage|p1a: Dragapult|0 fnt\n|faint|p1a: Dragapult\n|\n|upkeep\n|\n|t:|1700447419\n|switch|p1a: Enamorus|Enamorus, F|100\/100\n|turn|2\n|\n|t:|1700447440\n|-terastallize|p1a: Enamorus|Steel\n|move|p1a: Enamorus|Tera Blast|p2a: Sandy Shocks|[anim] Tera Blast Steel\n|-supereffective|p2a: Sandy Shocks\n|-damage|p2a: Sandy Shocks|0 fnt\n|faint|p2a: Sandy Shocks\n|-end|p2a: Sandy Shocks|Protosynthesis|[silent]\n|\n|upkeep\n|\n|t:|1700447444\n|switch|p2a: Scizor|Scizor, M|100\/100\n|turn|3\n|\n|t:|1700447451\n|switch|p1a: Heatran|Heatran, F|100\/100\n|move|p2a: Scizor|Close Combat|p1a: Heatran\n|-supereffective|p1a: Heatran\n|-damage|p1a: Heatran|0 fnt\n|-unboost|p2a: Scizor|def|1\n|-unboost|p2a: Scizor|spd|1\n|faint|p1a: Heatran\n|\n|upkeep\n|\n|t:|1700447457\n|switch|p1a: Mew|Mew|100\/100\n|turn|4\n|\n|t:|1700447459\n|move|p1a: Mew|Fire Blast|p2a: Scizor\n|-supereffective|p2a: Scizor\n|-damage|p2a: Scizor|0 fnt\n|faint|p2a: Scizor\n|\n|upkeep\n|\n|t:|1700447462\n|switch|p2a: Pelipper|Pelipper, M|100\/100\n|-weather|RainDance|[from] ability: Drizzle|[of] p2a: Pelipper\n|turn|5\n|\n|t:|1700447466\n|switch|p1a: Toxapex|Toxapex, F|100\/100\n|move|p2a: Pelipper|Surf|p1a: Toxapex\n|-resisted|p1a: Toxapex\n|-damage|p1a: Toxapex|74\/100\n|\n|-weather|RainDance|[upkeep]\n|upkeep\n|turn|6\n|\n|t:|1700447472\n|move|p2a: Pelipper|U-turn|p1a: Toxapex\n|-resisted|p1a: Toxapex\n|-damage|p1a: Toxapex|71\/100\n|\n|t:|1700447475\n|switch|p2a: Zapdos|Zapdos|100\/100|[from] U-turn\n|move|p1a: Toxapex|Toxic|p2a: Zapdos\n|-status|p2a: Zapdos|tox\n|\n|-weather|RainDance|[upkeep]\n|-damage|p2a: Zapdos|94\/100 tox|[from] psn\n|upkeep\n|turn|7\n|\n|t:|1700447488\n|switch|p1a: Mew|Mew|100\/100\n|move|p2a: Zapdos|Thunder|p1a: Mew\n|-damage|p1a: Mew|52\/100\n|\n|-weather|RainDance|[upkeep]\n|-damage|p2a: Zapdos|82\/100 tox|[from] psn\n|upkeep\n|turn|8\n|\n|t:|1700447499\n|move|p1a: Mew|Psychic|p2a: Zapdos\n|-damage|p2a: Zapdos|19\/100 tox\n|-unboost|p2a: Zapdos|spd|1\n|move|p2a: Zapdos|Thunder|p1a: Mew\n|-damage|p1a: Mew|5\/100\n|\n|-weather|RainDance|[upkeep]\n|-damage|p2a: Zapdos|1\/100 tox|[from] psn\n|upkeep\n|turn|9\n|\n|t:|1700447507\n|move|p1a: Mew|Psychic|p2a: Zapdos\n|-damage|p2a: Zapdos|0 fnt\n|faint|p2a: Zapdos\n|\n|-weather|RainDance|[upkeep]\n|upkeep\n|\n|t:|1700447511\n|switch|p2a: Greninja|Greninja, M|100\/100\n|turn|10\n|\n|t:|1700447516\n|switch|p1a: Toxapex|Toxapex, F|100\/100\n|move|p2a: Greninja|Surf|p1a: Toxapex\n|-resisted|p1a: Toxapex\n|-damage|p1a: Toxapex|66\/100\n|-damage|p2a: Greninja|91\/100|[from] item: Life Orb\n|\n|-weather|RainDance|[upkeep]\n|upkeep\n|turn|11\n|\n|t:|1700447522\n|move|p2a: Greninja|Dark Pulse|p1a: Toxapex\n|-damage|p1a: Toxapex|27\/100\n|-damage|p2a: Greninja|81\/100|[from] item: Life Orb\n|move|p1a: Toxapex|Recover|p1a: Toxapex\n|-heal|p1a: Toxapex|77\/100\n|\n|-weather|RainDance|[upkeep]\n|upkeep\n|turn|12\n|\n|t:|1700447528\n|move|p2a: Greninja|Dark Pulse|p1a: Toxapex\n|-damage|p1a: Toxapex|41\/100\n|-damage|p2a: Greninja|71\/100|[from] item: Life Orb\n|move|p1a: Toxapex|Recover|p1a: Toxapex\n|-heal|p1a: Toxapex|92\/100\n|\n|-weather|none\n|upkeep\n|turn|13\n|\n|t:|1700447533\n|switch|p2a: Pelipper|Pelipper, M|100\/100\n|-weather|RainDance|[from] ability: Drizzle|[of] p2a: Pelipper\n|move|p1a: Toxapex|Toxic|p2a: Pelipper\n|-status|p2a: Pelipper|tox\n|\n|-weather|RainDance|[upkeep]\n|-damage|p2a: Pelipper|95\/100 tox|[from] psn\n|upkeep\n|turn|14\n|\n|t:|1700447541\n|move|p2a: Pelipper|U-turn|p1a: Toxapex\n|-resisted|p1a: Toxapex\n|-damage|p1a: Toxapex|89\/100\n|\n|t:|1700447543\n|switch|p2a: Basculegion|Basculegion, M|100\/100|[from] U-turn\n|move|p1a: Toxapex|Toxic|p2a: Basculegion\n|-status|p2a: Basculegion|tox\n|\n|-weather|RainDance|[upkeep]\n|-damage|p2a: Basculegion|94\/100 tox|[from] psn\n|upkeep\n|turn|15\n|\n|t:|1700447548\n|switch|p1a: Mew|Mew|5\/100\n|move|p2a: Basculegion|Wave Crash|p1a: Mew\n|-damage|p1a: Mew|0 fnt\n|faint|p1a: Mew\n|-damage|p2a: Basculegion|93\/100 tox|[from] Recoil\n|\n|-weather|RainDance|[upkeep]\n|-damage|p2a: Basculegion|81\/100 tox|[from] psn\n|upkeep\n|\n|t:|1700447567\n|switch|p1a: Mandibuzz|Mandibuzz, F|100\/100\n|turn|16\n|\n|t:|1700447582\n|move|p2a: Basculegion|Wave Crash|p1a: Mandibuzz\n|-damage|p1a: Mandibuzz|28\/100\n|-damage|p2a: Basculegion|55\/100 tox|[from] Recoil\n|move|p1a: Mandibuzz|Roost|p1a: Mandibuzz\n|-heal|p1a: Mandibuzz|78\/100\n|-singleturn|p1a: Mandibuzz|move: Roost\n|\n|-weather|RainDance|[upkeep]\n|-damage|p2a: Basculegion|36\/100 tox|[from] psn\n|upkeep\n|turn|17\n|\n|t:|1700447586\n|move|p2a: Basculegion|Wave Crash|p1a: Mandibuzz\n|-damage|p1a: Mandibuzz|0 fnt\n|faint|p1a: Mandibuzz\n|-damage|p2a: Basculegion|8\/100 tox|[from] Recoil\n|\n|-weather|RainDance|[upkeep]\n|-damage|p2a: Basculegion|0 fnt|[from] psn\n|faint|p2a: Basculegion\n|upkeep\n|\n|t:|1700447597\n|switch|p2a: Pelipper|Pelipper, M|95\/100 tox\n|switch|p1a: Enamorus|Enamorus, F, tera:Steel|100\/100\n|turn|18\n|\n|t:|1700447602\n|switch|p1a: Toxapex|Toxapex, F|100\/100\n|move|p2a: Pelipper|Surf|p1a: Toxapex\n|-resisted|p1a: Toxapex\n|-damage|p1a: Toxapex|76\/100\n|\n|-weather|RainDance|[upkeep]\n|-damage|p2a: Pelipper|89\/100 tox|[from] psn\n|upkeep\n|turn|19\n|\n|t:|1700447607\n|move|p2a: Pelipper|Surf|p1a: Toxapex\n|-resisted|p1a: Toxapex\n|-damage|p1a: Toxapex|52\/100\n|move|p1a: Toxapex|Recover|p1a: Toxapex\n|-heal|p1a: Toxapex|100\/100\n|\n|-weather|RainDance|[upkeep]\n|-damage|p2a: Pelipper|77\/100 tox|[from] psn\n|upkeep\n|turn|20\n|\n|t:|1700447611\n|move|p2a: Pelipper|U-turn|p1a: Toxapex\n|-resisted|p1a: Toxapex\n|-damage|p1a: Toxapex|98\/100\n|\n|t:|1700447613\n|switch|p2a: Greninja|Greninja, M|71\/100|[from] U-turn\n|move|p1a: Toxapex|Surf|p2a: Greninja\n|-resisted|p2a: Greninja\n|-damage|p2a: Greninja|50\/100\n|\n|-weather|none\n|upkeep\n|turn|21\n|\n|t:|1700447616\n|move|p2a: Greninja|Dark Pulse|p1a: Toxapex\n|-damage|p1a: Toxapex|58\/100\n|-damage|p2a: Greninja|40\/100|[from] item: Life Orb\n|move|p1a: Toxapex|Toxic|p2a: Greninja\n|-status|p2a: Greninja|tox\n|\n|-damage|p2a: Greninja|34\/100 tox|[from] psn\n|upkeep\n|turn|22\n|\n|t:|1700447622\n|switch|p1a: Enamorus|Enamorus, F, tera:Steel|100\/100\n|move|p2a: Greninja|Dark Pulse|p1a: Enamorus\n|-damage|p1a: Enamorus|31\/100\n|-damage|p2a: Greninja|24\/100 tox|[from] item: Life Orb\n|\n|-damage|p2a: Greninja|12\/100 tox|[from] psn\n|upkeep\n|turn|23\n|\n|t:|1700447626\n|switch|p1a: Toxapex|Toxapex, F|91\/100\n|move|p2a: Greninja|Surf|p1a: Toxapex\n|-resisted|p1a: Toxapex\n|-damage|p1a: Toxapex|70\/100\n|-damage|p2a: Greninja|3\/100 tox|[from] item: Life Orb\n|\n|-damage|p2a: Greninja|0 fnt|[from] psn\n|faint|p2a: Greninja\n|upkeep\n|\n|t:|1700447628\n|switch|p2a: Pelipper|Pelipper, M|77\/100 tox\n|-weather|RainDance|[from] ability: Drizzle|[of] p2a: Pelipper\n|turn|24\n|-message|chenfff forfeited.\n|\n|win|Poison Ivy Thorns\n|raw|Poison Ivy Thorns's rating: 1341 &rarr; <strong>1358<\/strong><br \/>(+17 for winning)\n|raw|chenfff's rating: 1285 &rarr; <strong>1264<\/strong><br \/>(-21 for losing)\n|l|\u2606chenfff\n","uploadtime":1700447636,"views":11,"p1id":"poisonivythorns","p2id":"chenfff","formatid":"gen9ou","rating":1264,"private":0,"password":""}