{"id":"gen9ou-1988560726","p1":"SDK04","p2":"ouzd king bandit","format":"[Gen 9] OU","log":"|j|\u2606SDK04\n|j|\u2606ouzd king bandit\n|t:|1699736222\n|gametype|singles\n|player|p1|SDK04|unknown|1571\n|player|p2|ouzd king bandit|265|1677\n|teamsize|p1|6\n|teamsize|p2|6\n|gen|9\n|tier|[Gen 9] OU\n|rated|\n|rule|Sleep Clause Mod: Limit one foe put to sleep\n|rule|Species Clause: Limit one of each Pok\u00e9mon\n|rule|OHKO Clause: OHKO moves are banned\n|rule|Evasion Items Clause: Evasion items are banned\n|rule|Evasion Moves Clause: Evasion moves are banned\n|rule|Endless Battle Clause: Forcing endless battles is banned\n|rule|HP Percentage Mod: HP is shown in percentages\n|clearpoke\n|poke|p1|Ribombee, F|\n|poke|p1|Manaphy|\n|poke|p1|Iron Moth|\n|poke|p1|Kingambit, F|\n|poke|p1|Gholdengo|\n|poke|p1|Breloom, M|\n|poke|p2|Florges, F|\n|poke|p2|Rillaboom, M|\n|poke|p2|Ninetales-Alola, M|\n|poke|p2|Sinistcha|\n|poke|p2|Moltres-Galar|\n|poke|p2|Skeledirge, F|\n|teampreview\n|\n|t:|1699736236\n|start\n|switch|p1a: Ribombee|Ribombee, F|100\/100\n|switch|p2a: Ninetales|Ninetales-Alola, M|100\/100\n|-weather|Snow|[from] ability: Snow Warning|[of] p2a: Ninetales\n|turn|1\n|inactive|Battle timer is ON: inactive players will automatically lose when time's up. (requested by SDK04)\n|\n|t:|1699736252\n|move|p1a: Ribombee|Stun Spore|p2a: Ninetales|[miss]\n|-miss|p1a: Ribombee|p2a: Ninetales\n|move|p2a: Ninetales|Aurora Veil|p2a: Ninetales\n|-sidestart|p2: ouzd king bandit|move: Aurora Veil\n|\n|-weather|Snow|[upkeep]\n|upkeep\n|turn|2\n|j| Ajax772\n|j| Kyurem\n|j| georgiethefirst\n|\n|t:|1699736261\n|switch|p2a: Rillaboom|Rillaboom, M|100\/100\n|-fieldstart|move: Grassy Terrain|[from] ability: Grassy Surge|[of] p2a: Rillaboom\n|move|p1a: Ribombee|Sticky Web|p2a: Rillaboom\n|-sidestart|p2: ouzd king bandit|move: Sticky Web\n|\n|-weather|Snow|[upkeep]\n|upkeep\n|turn|3\n|j| sandveil10\n|\n|t:|1699736267\n|move|p1a: Ribombee|Moonblast|p2a: Rillaboom\n|-damage|p2a: Rillaboom|76\/100\n|move|p2a: Rillaboom|U-turn|p1a: Ribombee\n|-resisted|p1a: Ribombee\n|-damage|p1a: Ribombee|76\/100\n|\n|t:|1699736268\n|switch|p2a: Florges|Florges, F|100\/100|[from] U-turn\n|-activate|p2a: Florges|move: Sticky Web\n|-unboost|p2a: Florges|spe|1\n|\n|-weather|Snow|[upkeep]\n|-heal|p1a: Ribombee|82\/100|[from] Grassy Terrain\n|upkeep\n|turn|4\n|\n|t:|1699736273\n|-terastallize|p2a: Florges|Grass\n|move|p1a: Ribombee|Stun Spore|p2a: Florges\n|-immune|p2a: Florges\n|move|p2a: Florges|Draining Kiss|p1a: Ribombee\n|-damage|p1a: Ribombee|47\/100\n|\n|-weather|Snow|[upkeep]\n|-heal|p1a: Ribombee|53\/100|[from] Grassy Terrain\n|upkeep\n|turn|5\n|\n|t:|1699736279\n|switch|p1a: Iron Moth|Iron Moth|100\/100\n|-enditem|p1a: Iron Moth|Booster Energy\n|-activate|p1a: Iron Moth|ability: Quark Drive|[fromitem]\n|-start|p1a: Iron Moth|quarkdrivespa\n|switch|p2a: Skeledirge|Skeledirge, F|100\/100\n|-activate|p2a: Skeledirge|move: Sticky Web\n|-unboost|p2a: Skeledirge|spe|1\n|\n|-weather|none\n|upkeep\n|turn|6\n|\n|t:|1699736282\n|move|p1a: Iron Moth|Psychic|p2a: Skeledirge\n|-damage|p2a: Skeledirge|82\/100\n|move|p2a: Skeledirge|Torch Song|p1a: Iron Moth\n|-resisted|p1a: Iron Moth\n|-damage|p1a: Iron Moth|86\/100\n|-boost|p2a: Skeledirge|spa|1\n|\n|-heal|p1a: Iron Moth|92\/100|[from] Grassy Terrain\n|-heal|p2a: Skeledirge|88\/100|[from] Grassy Terrain\n|-heal|p2a: Skeledirge|94\/100|[from] item: Leftovers\n|upkeep\n|turn|7\n|l| georgiethefirst\n|\n|t:|1699736286\n|move|p1a: Iron Moth|Psychic|p2a: Skeledirge\n|-damage|p2a: Skeledirge|75\/100\n|move|p2a: Skeledirge|Torch Song|p1a: Iron Moth\n|-resisted|p1a: Iron Moth\n|-damage|p1a: Iron Moth|69\/100\n|-boost|p2a: Skeledirge|spa|1\n|\n|-heal|p1a: Iron Moth|75\/100|[from] Grassy Terrain\n|-heal|p2a: Skeledirge|81\/100|[from] Grassy Terrain\n|-heal|p2a: Skeledirge|87\/100|[from] item: Leftovers\n|upkeep\n|turn|8\n|\n|t:|1699736292\n|move|p1a: Iron Moth|Psychic|p2a: Skeledirge\n|-damage|p2a: Skeledirge|68\/100\n|move|p2a: Skeledirge|Flame Charge|p1a: Iron Moth\n|-resisted|p1a: Iron Moth\n|-damage|p1a: Iron Moth|65\/100\n|-boost|p2a: Skeledirge|spe|1\n|\n|-heal|p1a: Iron Moth|71\/100|[from] Grassy Terrain\n|-heal|p2a: Skeledirge|74\/100|[from] Grassy Terrain\n|-heal|p2a: Skeledirge|80\/100|[from] item: Leftovers\n|-sideend|p2: ouzd king bandit|move: Aurora Veil\n|upkeep\n|turn|9\n|\n|t:|1699736296\n|move|p1a: Iron Moth|Psychic|p2a: Skeledirge\n|-damage|p2a: Skeledirge|46\/100\n|move|p2a: Skeledirge|Torch Song|p1a: Iron Moth\n|-resisted|p1a: Iron Moth\n|-damage|p1a: Iron Moth|39\/100\n|-boost|p2a: Skeledirge|spa|1\n|\n|-heal|p1a: Iron Moth|45\/100|[from] Grassy Terrain\n|-heal|p2a: Skeledirge|52\/100|[from] Grassy Terrain\n|-heal|p2a: Skeledirge|58\/100|[from] item: Leftovers\n|-fieldend|move: Grassy Terrain\n|upkeep\n|turn|10\n|\n|t:|1699736300\n|move|p1a: Iron Moth|Psychic|p2a: Skeledirge\n|-damage|p2a: Skeledirge|24\/100\n|move|p2a: Skeledirge|Slack Off|p2a: Skeledirge\n|-heal|p2a: Skeledirge|74\/100\n|\n|-heal|p2a: Skeledirge|80\/100|[from] item: Leftovers\n|upkeep\n|turn|11\n|\n|t:|1699736304\n|move|p1a: Iron Moth|Psychic|p2a: Skeledirge\n|-damage|p2a: Skeledirge|46\/100\n|move|p2a: Skeledirge|Flame Charge|p1a: Iron Moth\n|-resisted|p1a: Iron Moth\n|-damage|p1a: Iron Moth|35\/100\n|-boost|p2a: Skeledirge|spe|1\n|\n|-heal|p2a: Skeledirge|52\/100|[from] item: Leftovers\n|upkeep\n|turn|12\n|\n|t:|1699736307\n|move|p1a: Iron Moth|Psychic|p2a: Skeledirge\n|-damage|p2a: Skeledirge|18\/100\n|move|p2a: Skeledirge|Slack Off|p2a: Skeledirge\n|-heal|p2a: Skeledirge|68\/100\n|\n|-heal|p2a: Skeledirge|74\/100|[from] item: Leftovers\n|upkeep\n|turn|13\n|\n|t:|1699736312\n|move|p1a: Iron Moth|Psychic|p2a: Skeledirge\n|-damage|p2a: Skeledirge|36\/100\n|move|p2a: Skeledirge|Flame Charge|p1a: Iron Moth\n|-resisted|p1a: Iron Moth\n|-damage|p1a: Iron Moth|25\/100\n|-boost|p2a: Skeledirge|spe|1\n|\n|-heal|p2a: Skeledirge|42\/100|[from] item: Leftovers\n|upkeep\n|turn|14\n|\n|t:|1699736315\n|move|p2a: Skeledirge|Slack Off|p2a: Skeledirge\n|-heal|p2a: Skeledirge|92\/100\n|move|p1a: Iron Moth|Psychic|p2a: Skeledirge\n|-damage|p2a: Skeledirge|57\/100\n|\n|-heal|p2a: Skeledirge|63\/100|[from] item: Leftovers\n|upkeep\n|turn|15\n|\n|t:|1699736320\n|move|p2a: Skeledirge|Torch Song|p1a: Iron Moth\n|-resisted|p1a: Iron Moth\n|-damage|p1a: Iron Moth|0 fnt\n|-boost|p2a: Skeledirge|spa|1\n|faint|p1a: Iron Moth\n|-end|p1a: Iron Moth|Quark Drive|[silent]\n|\n|-heal|p2a: Skeledirge|69\/100|[from] item: Leftovers\n|upkeep\n|\n|t:|1699736325\n|switch|p1a: Manaphy|Manaphy|100\/100\n|turn|16\n|c| Ajax772|welp\n|\n|t:|1699736333\n|move|p2a: Skeledirge|Shadow Ball|p1a: Manaphy\n|-damage|p1a: Manaphy|22\/100\n|move|p1a: Manaphy|Surf|p2a: Skeledirge\n|-supereffective|p2a: Skeledirge\n|-crit|p2a: Skeledirge\n|-damage|p2a: Skeledirge|0 fnt\n|faint|p2a: Skeledirge\n|\n|-heal|p1a: Manaphy|29\/100|[from] item: Leftovers\n|upkeep\n|l| Kyurem\n|\n|t:|1699736341\n|switch|p2a: Rillaboom|Rillaboom, M|76\/100\n|-activate|p2a: Rillaboom|move: Sticky Web\n|-unboost|p2a: Rillaboom|spe|1\n|-fieldstart|move: Grassy Terrain|[from] ability: Grassy Surge|[of] p2a: Rillaboom\n|turn|17\n|c| Ajax772|oh wow\n|\n|t:|1699736345\n|switch|p1a: Ribombee|Ribombee, F|53\/100\n|move|p2a: Rillaboom|Grassy Glide|p1a: Ribombee\n|-resisted|p1a: Ribombee\n|-damage|p1a: Ribombee|17\/100\n|\n|-heal|p1a: Ribombee|23\/100|[from] Grassy Terrain\n|-heal|p2a: Rillaboom|83\/100|[from] Grassy Terrain\n|upkeep\n|turn|18\n|\n|t:|1699736347\n|move|p2a: Rillaboom|Grassy Glide|p1a: Ribombee\n|-resisted|p1a: Ribombee\n|-damage|p1a: Ribombee|0 fnt\n|faint|p1a: Ribombee\n|\n|-heal|p2a: Rillaboom|89\/100|[from] Grassy Terrain\n|upkeep\n|\n|t:|1699736350\n|switch|p1a: Breloom|Breloom, M|100\/100\n|turn|19\n|\n|t:|1699736352\n|move|p1a: Breloom|Swords Dance|p1a: Breloom\n|-boost|p1a: Breloom|atk|2\n|move|p2a: Rillaboom|U-turn|p1a: Breloom\n|-damage|p1a: Breloom|60\/100\n|\n|t:|1699736355\n|switch|p2a: Sinistcha|Sinistcha|100\/100|[from] U-turn\n|-activate|p2a: Sinistcha|move: Sticky Web\n|-unboost|p2a: Sinistcha|spe|1\n|\n|-heal|p1a: Breloom|66\/100|[from] Grassy Terrain\n|upkeep\n|turn|20\n|\n|t:|1699736359\n|move|p1a: Breloom|Bullet Seed|p2a: Sinistcha\n|-resisted|p2a: Sinistcha\n|-damage|p2a: Sinistcha|81\/100\n|-resisted|p2a: Sinistcha\n|-damage|p2a: Sinistcha|63\/100\n|-resisted|p2a: Sinistcha\n|-damage|p2a: Sinistcha|42\/100\n|-resisted|p2a: Sinistcha\n|-damage|p2a: Sinistcha|20\/100\n|-resisted|p2a: Sinistcha\n|-damage|p2a: Sinistcha|1\/100\n|-hitcount|p2a: Sinistcha|5\n|move|p2a: Sinistcha|Strength Sap|p1a: Breloom\n|-unboost|p1a: Breloom|atk|1\n|-heal|p2a: Sinistcha|100\/100\n|\n|-heal|p1a: Breloom|73\/100|[from] Grassy Terrain\n|upkeep\n|turn|21\n|\n|t:|1699736370\n|move|p1a: Breloom|Swords Dance|p1a: Breloom\n|-boost|p1a: Breloom|atk|2\n|move|p2a: Sinistcha|Matcha Gotcha|p1a: Breloom\n|-resisted|p1a: Breloom\n|-damage|p1a: Breloom|35\/100\n|\n|-heal|p1a: Breloom|41\/100|[from] Grassy Terrain\n|upkeep\n|turn|22\n|\n|t:|1699736379\n|move|p1a: Breloom|Bullet Seed|p2a: Sinistcha\n|-resisted|p2a: Sinistcha\n|-damage|p2a: Sinistcha|74\/100\n|-resisted|p2a: Sinistcha\n|-damage|p2a: Sinistcha|48\/100\n|-resisted|p2a: Sinistcha\n|-crit|p2a: Sinistcha\n|-damage|p2a: Sinistcha|12\/100\n|-resisted|p2a: Sinistcha\n|-damage|p2a: Sinistcha|0 fnt\n|faint|p2a: Sinistcha\n|-hitcount|p2: Sinistcha|4\n|\n|-heal|p1a: Breloom|47\/100|[from] Grassy Terrain\n|upkeep\n|\n|t:|1699736386\n|switch|p2a: Moltres|Moltres-Galar|100\/100\n|turn|23\n|\n|t:|1699736390\n|switch|p1a: Kingambit|Kingambit, F|100\/100\n|-activate|p1a: Kingambit|ability: Supreme Overlord\n|-start|p1a: Kingambit|fallen2|[silent]\n|move|p2a: Moltres|Fiery Wrath|p1a: Kingambit\n|-resisted|p1a: Kingambit\n|-damage|p1a: Kingambit|77\/100\n|\n|-heal|p1a: Kingambit|83\/100|[from] Grassy Terrain\n|upkeep\n|turn|24\n|\n|t:|1699736393\n|switch|p2a: Ninetales|Ninetales-Alola, M|100\/100\n|-activate|p2a: Ninetales|move: Sticky Web\n|-unboost|p2a: Ninetales|spe|1\n|-weather|Snow|[from] ability: Snow Warning|[of] p2a: Ninetales\n|move|p1a: Kingambit|Swords Dance|p1a: Kingambit\n|-boost|p1a: Kingambit|atk|2\n|\n|-weather|Snow|[upkeep]\n|-heal|p1a: Kingambit|90\/100|[from] Grassy Terrain\n|-fieldend|move: Grassy Terrain\n|upkeep\n|turn|25\n|\n|t:|1699736396\n|-terastallize|p1a: Kingambit|Fairy\n|move|p2a: Ninetales|Encore|p1a: Kingambit\n|-start|p1a: Kingambit|Encore\n|move|p1a: Kingambit|Swords Dance|p1a: Kingambit\n|-boost|p1a: Kingambit|atk|2\n|\n|-weather|Snow|[upkeep]\n|upkeep\n|turn|26\n|\n|t:|1699736401\n|-end|p1a: Kingambit|fallen2|[silent]\n|switch|p1a: Gholdengo|Gholdengo|100\/100\n|-item|p1a: Gholdengo|Air Balloon\n|move|p2a: Ninetales|Moonblast|p1a: Gholdengo\n|-resisted|p1a: Gholdengo\n|-damage|p1a: Gholdengo|86\/100\n|-unboost|p1a: Gholdengo|spa|1\n|-enditem|p1a: Gholdengo|Air Balloon\n|\n|-weather|Snow|[upkeep]\n|upkeep\n|turn|27\n|\n|t:|1699736404\n|switch|p2a: Rillaboom|Rillaboom, M|89\/100\n|-activate|p2a: Rillaboom|move: Sticky Web\n|-unboost|p2a: Rillaboom|spe|1\n|-fieldstart|move: Grassy Terrain|[from] ability: Grassy Surge|[of] p2a: Rillaboom\n|move|p1a: Gholdengo|Nasty Plot|p1a: Gholdengo\n|-boost|p1a: Gholdengo|spa|2\n|\n|-weather|Snow|[upkeep]\n|-heal|p1a: Gholdengo|92\/100|[from] Grassy Terrain\n|-heal|p2a: Rillaboom|95\/100|[from] Grassy Terrain\n|upkeep\n|turn|28\n|\n|t:|1699736406\n|move|p1a: Gholdengo|Shadow Ball|p2a: Rillaboom\n|-damage|p2a: Rillaboom|24\/100\n|move|p2a: Rillaboom|Knock Off|p1a: Gholdengo\n|-supereffective|p1a: Gholdengo\n|-damage|p1a: Gholdengo|35\/100\n|\n|-weather|none\n|-heal|p1a: Gholdengo|41\/100|[from] Grassy Terrain\n|-heal|p2a: Rillaboom|30\/100|[from] Grassy Terrain\n|upkeep\n|turn|29\n|\n|t:|1699736412\n|move|p1a: Gholdengo|Dazzling Gleam|p2a: Rillaboom\n|-crit|p2a: Rillaboom\n|-damage|p2a: Rillaboom|0 fnt\n|faint|p2a: Rillaboom\n|\n|-heal|p1a: Gholdengo|47\/100|[from] Grassy Terrain\n|upkeep\n|j| theflameingbill\n|\n|t:|1699736416\n|switch|p2a: Florges|Florges, F, tera:Grass|100\/100\n|-activate|p2a: Florges|move: Sticky Web\n|-block|p2a: Florges|ability: Flower Veil|[of] p2a: Florges\n|turn|30\n|\n|t:|1699736419\n|move|p1a: Gholdengo|Nasty Plot|p1a: Gholdengo\n|-boost|p1a: Gholdengo|spa|2\n|move|p2a: Florges|Calm Mind|p2a: Florges\n|-boost|p2a: Florges|spa|1\n|-boost|p2a: Florges|spd|1\n|\n|-heal|p1a: Gholdengo|53\/100|[from] Grassy Terrain\n|upkeep\n|turn|31\n|\n|t:|1699736422\n|move|p1a: Gholdengo|Psyshock|p2a: Florges\n|-damage|p2a: Florges|40\/100\n|move|p2a: Florges|Calm Mind|p2a: Florges\n|-boost|p2a: Florges|spa|1\n|-boost|p2a: Florges|spd|1\n|\n|-heal|p1a: Gholdengo|59\/100|[from] Grassy Terrain\n|-heal|p2a: Florges|46\/100|[from] Grassy Terrain\n|-heal|p2a: Florges|52\/100|[from] item: Leftovers\n|upkeep\n|turn|32\n|\n|t:|1699736424\n|switch|p2a: Moltres|Moltres-Galar|100\/100\n|move|p1a: Gholdengo|Psyshock|p2a: Moltres\n|-immune|p2a: Moltres\n|\n|-heal|p1a: Gholdengo|65\/100|[from] Grassy Terrain\n|upkeep\n|turn|33\n|\n|t:|1699736427\n|move|p1a: Gholdengo|Dazzling Gleam|p2a: Moltres\n|-supereffective|p2a: Moltres\n|-damage|p2a: Moltres|0 fnt\n|faint|p2a: Moltres\n|\n|-heal|p1a: Gholdengo|71\/100|[from] Grassy Terrain\n|upkeep\n|c|\u2606SDK04|gg\n|c|\u2606SDK04|wp\n|-message|ouzd king bandit forfeited.\n|\n|win|SDK04\n|raw|SDK04's rating: 1571 &rarr; <strong>1597<\/strong><br \/>(+26 for winning)\n|raw|ouzd king bandit's rating: 1677 &rarr; <strong>1651<\/strong><br \/>(-26 for losing)\n|l| theflameingbill\n|l| Ajax772\n|l|\u2606ouzd king bandit\n|j| Iceman8911\n","uploadtime":1699736436,"views":13,"p1id":"sdk04","p2id":"ouzdkingbandit","formatid":"gen9ou","rating":1597,"private":0,"password":""}