{"id":"gen9ou-1991357784","p1":"Gabry06","p2":"2021MarkelleFultz","format":"[Gen 9] OU","log":"|j|\u2606Gabry06\n|j|\u26062021MarkelleFultz\n|t:|1700070434\n|gametype|singles\n|player|p1|Gabry06|acetrainer-gen4dp|1392\n|player|p2|2021MarkelleFultz|caitlin|1492\n|teamsize|p1|6\n|teamsize|p2|6\n|gen|9\n|tier|[Gen 9] OU\n|rated|\n|rule|Sleep Clause Mod: Limit one foe put to sleep\n|rule|Species Clause: Limit one of each Pok\u00e9mon\n|rule|OHKO Clause: OHKO moves are banned\n|rule|Evasion Items Clause: Evasion items are banned\n|rule|Evasion Moves Clause: Evasion moves are banned\n|rule|Endless Battle Clause: Forcing endless battles is banned\n|rule|HP Percentage Mod: HP is shown in percentages\n|clearpoke\n|poke|p1|Walking Wake|\n|poke|p1|Torkoal, F|\n|poke|p1|Moltres|\n|poke|p1|Meowscarada, F|\n|poke|p1|Great Tusk|\n|poke|p1|Ribombee, F|\n|poke|p2|Pelipper, F|\n|poke|p2|Barraskewda, F|\n|poke|p2|Great Tusk|\n|poke|p2|Zapdos|\n|poke|p2|Maushold|\n|poke|p2|Overqwil, M|\n|teampreview\n|inactive|Battle timer is ON: inactive players will automatically lose when time's up. (requested by 2021MarkelleFultz)\n|\n|t:|1700070446\n|start\n|switch|p1a: Meowscarada|Meowscarada, F|100\/100\n|switch|p2a: Quandale Wingull|Pelipper, F|100\/100\n|-weather|RainDance|[from] ability: Drizzle|[of] p2a: Quandale Wingull\n|turn|1\n|\n|t:|1700070463\n|move|p1a: Meowscarada|U-turn|p2a: Quandale Wingull\n|-start|p1a: Meowscarada|typechange|Bug|[from] ability: Protean\n|-resisted|p2a: Quandale Wingull\n|-damage|p2a: Quandale Wingull|81\/100\n|\n|t:|1700070470\n|switch|p1a: Torkoal|Torkoal, F|100\/100|[from] U-turn\n|-weather|SunnyDay|[from] ability: Drought|[of] p1a: Torkoal\n|move|p2a: Quandale Wingull|Hurricane|p1a: Torkoal|[miss]\n|-miss|p2a: Quandale Wingull|p1a: Torkoal\n|\n|-weather|SunnyDay|[upkeep]\n|upkeep\n|turn|2\n|\n|t:|1700070496\n|switch|p1a: Moltres|Moltres|100\/100\n|move|p2a: Quandale Wingull|U-turn|p1a: Moltres\n|-resisted|p1a: Moltres\n|-damage|p1a: Moltres|99\/100\n|\n|t:|1700070505\n|switch|p2a: Chirp Holmgren|Zapdos|100\/100|[from] U-turn\n|\n|-weather|SunnyDay|[upkeep]\n|-heal|p1a: Moltres|100\/100|[from] item: Leftovers\n|upkeep\n|turn|3\n|\n|t:|1700070518\n|switch|p1a: Great Tusk|Great Tusk|100\/100\n|-activate|p1a: Great Tusk|ability: Protosynthesis\n|-start|p1a: Great Tusk|protosynthesisatk\n|move|p2a: Chirp Holmgren|Hurricane|p1a: Great Tusk|[miss]\n|-miss|p2a: Chirp Holmgren|p1a: Great Tusk\n|\n|-weather|SunnyDay|[upkeep]\n|upkeep\n|turn|4\n|c|\u26062021MarkelleFultz|alr\n|\n|t:|1700070531\n|switch|p2a: Quandale Wingull|Pelipper, F|81\/100\n|-weather|RainDance|[from] ability: Drizzle|[of] p2a: Quandale Wingull\n|-end|p1a: Great Tusk|Protosynthesis\n|move|p1a: Great Tusk|Ice Spinner|p2a: Quandale Wingull\n|-damage|p2a: Quandale Wingull|56\/100\n|\n|-weather|RainDance|[upkeep]\n|upkeep\n|turn|5\n|\n|t:|1700070549\n|-end|p1a: Great Tusk|Protosynthesis|[silent]\n|switch|p1a: Torkoal|Torkoal, F|100\/100\n|-weather|SunnyDay|[from] ability: Drought|[of] p1a: Torkoal\n|move|p2a: Quandale Wingull|Roost|p2a: Quandale Wingull\n|-heal|p2a: Quandale Wingull|100\/100\n|-singleturn|p2a: Quandale Wingull|move: Roost\n|\n|-weather|SunnyDay|[upkeep]\n|upkeep\n|turn|6\n|inactive|Gabry06 has 120 seconds left.\n|\n|t:|1700070575\n|switch|p1a: Ribombee|Ribombee, F|100\/100\n|move|p2a: Quandale Wingull|U-turn|p1a: Ribombee\n|-resisted|p1a: Ribombee\n|-damage|p1a: Ribombee|93\/100\n|\n|t:|1700070583\n|switch|p2a: Chirp Holmgren|Zapdos|100\/100|[from] U-turn\n|\n|-weather|SunnyDay|[upkeep]\n|upkeep\n|turn|7\n|inactive|Gabry06 has 120 seconds left.\n|\n|t:|1700070600\n|move|p2a: Chirp Holmgren|Weather Ball|p1a: Ribombee\n|-supereffective|p1a: Ribombee\n|-damage|p1a: Ribombee|0 fnt\n|faint|p1a: Ribombee\n|\n|-weather|SunnyDay|[upkeep]\n|upkeep\n|\n|t:|1700070612\n|switch|p1a: Moltres|Moltres|100\/100\n|turn|8\n|\n|t:|1700070624\n|switch|p2a: Quandale Wingull|Pelipper, F|100\/100\n|-weather|RainDance|[from] ability: Drizzle|[of] p2a: Quandale Wingull\n|move|p1a: Moltres|Air Slash|p2a: Quandale Wingull\n|-damage|p2a: Quandale Wingull|49\/100\n|\n|-weather|RainDance|[upkeep]\n|upkeep\n|turn|9\n|\n|t:|1700070637\n|switch|p2a: Chirp Holmgren|Zapdos|100\/100\n|move|p1a: Moltres|Air Slash|p2a: Chirp Holmgren\n|-resisted|p2a: Chirp Holmgren\n|-damage|p2a: Chirp Holmgren|80\/100\n|\n|-weather|RainDance|[upkeep]\n|upkeep\n|turn|10\n|\n|t:|1700070662\n|switch|p1a: Torkoal|Torkoal, F|100\/100\n|-weather|SunnyDay|[from] ability: Drought|[of] p1a: Torkoal\n|move|p2a: Chirp Holmgren|Weather Ball|p1a: Torkoal\n|-resisted|p1a: Torkoal\n|-damage|p1a: Torkoal|75\/100\n|\n|-weather|SunnyDay|[upkeep]\n|upkeep\n|turn|11\n|inactive|Gabry06 has 90 seconds left.\n|\n|t:|1700070684\n|switch|p2a: Quandale Wingull|Pelipper, F|49\/100\n|-weather|RainDance|[from] ability: Drizzle|[of] p2a: Quandale Wingull\n|switch|p1a: Walking Wake|Walking Wake|100\/100\n|\n|-weather|RainDance|[upkeep]\n|upkeep\n|turn|12\n|inactive|Gabry06 has 90 seconds left.\n|\n|t:|1700070699\n|move|p1a: Walking Wake|Substitute|p1a: Walking Wake\n|-start|p1a: Walking Wake|Substitute\n|-damage|p1a: Walking Wake|75\/100\n|move|p2a: Quandale Wingull|Roost|p2a: Quandale Wingull\n|-heal|p2a: Quandale Wingull|99\/100\n|-singleturn|p2a: Quandale Wingull|move: Roost\n|\n|-weather|RainDance|[upkeep]\n|upkeep\n|turn|13\n|inactive|Gabry06 has 90 seconds left.\n|\n|t:|1700070709\n|move|p1a: Walking Wake|Hydro Steam|p2a: Quandale Wingull\n|-resisted|p2a: Quandale Wingull\n|-damage|p2a: Quandale Wingull|47\/100\n|move|p2a: Quandale Wingull|Hurricane|p1a: Walking Wake\n|-end|p1a: Walking Wake|Substitute\n|\n|-weather|RainDance|[upkeep]\n|upkeep\n|turn|14\n|inactive|Gabry06 has 90 seconds left.\n|\n|t:|1700070722\n|move|p1a: Walking Wake|Hydro Steam|p2a: Quandale Wingull\n|-resisted|p2a: Quandale Wingull\n|-damage|p2a: Quandale Wingull|0 fnt\n|faint|p2a: Quandale Wingull\n|\n|-weather|RainDance|[upkeep]\n|upkeep\n|\n|t:|1700070731\n|switch|p2a: Lou Qwilliams|Overqwil, M|100\/100\n|turn|15\n|\n|t:|1700070739\n|move|p2a: Lou Qwilliams|Scale Shot|p1a: Walking Wake\n|-supereffective|p1a: Walking Wake\n|-damage|p1a: Walking Wake|57\/100\n|-supereffective|p1a: Walking Wake\n|-damage|p1a: Walking Wake|39\/100\n|-supereffective|p1a: Walking Wake\n|-damage|p1a: Walking Wake|19\/100\n|-hitcount|p1a: Walking Wake|3\n|-unboost|p2a: Lou Qwilliams|def|1\n|-boost|p2a: Lou Qwilliams|spe|1\n|move|p1a: Walking Wake|Hydro Steam|p2a: Lou Qwilliams\n|-damage|p2a: Lou Qwilliams|26\/100\n|\n|-weather|RainDance|[upkeep]\n|upkeep\n|turn|16\n|inactive|Gabry06 has 90 seconds left.\n|\n|t:|1700070785\n|-end|p1a: Walking Wake|Protosynthesis|[silent]\n|switch|p1a: Meowscarada|Meowscarada, F|100\/100\n|-terastallize|p2a: Lou Qwilliams|Bug\n|move|p2a: Lou Qwilliams|Fell Stinger|p1a: Meowscarada\n|-supereffective|p1a: Meowscarada\n|-damage|p1a: Meowscarada|0 fnt\n|faint|p1a: Meowscarada\n|-boost|p2a: Lou Qwilliams|atk|3\n|\n|-weather|RainDance|[upkeep]\n|upkeep\n|inactive|Gabry06 has 60 seconds left.\n|\n|t:|1700070810\n|switch|p1a: Torkoal|Torkoal, F|75\/100\n|-weather|SunnyDay|[from] ability: Drought|[of] p1a: Torkoal\n|turn|17\n|\n|t:|1700070831\n|-terastallize|p1a: Torkoal|Grass\n|move|p2a: Lou Qwilliams|Crunch|p1a: Torkoal\n|-damage|p1a: Torkoal|0 fnt\n|faint|p1a: Torkoal\n|\n|-weather|SunnyDay|[upkeep]\n|upkeep\n|inactive|Gabry06 has 30 seconds left.\n|\n|t:|1700070854\n|switch|p1a: Walking Wake|Walking Wake|19\/100\n|-activate|p1a: Walking Wake|ability: Protosynthesis\n|-start|p1a: Walking Wake|protosynthesisspe\n|turn|18\n|inactive|Gabry06 has 30 seconds left.\n|\n|t:|1700070863\n|move|p1a: Walking Wake|Hydro Steam|p2a: Lou Qwilliams\n|-damage|p2a: Lou Qwilliams|0 fnt\n|faint|p2a: Lou Qwilliams\n|\n|-weather|SunnyDay|[upkeep]\n|upkeep\n|\n|t:|1700070870\n|switch|p2a: Chirp Holmgren|Zapdos|80\/100\n|turn|19\n|\n|t:|1700070879\n|move|p1a: Walking Wake|Draco Meteor|p2a: Chirp Holmgren|[miss]\n|-miss|p1a: Walking Wake|p2a: Chirp Holmgren\n|move|p2a: Chirp Holmgren|Volt Switch|p1a: Walking Wake\n|-damage|p1a: Walking Wake|0 fnt\n|faint|p1a: Walking Wake\n|-end|p1a: Walking Wake|Protosynthesis|[silent]\n|\n|t:|1700070885\n|switch|p2a: Shanks|Maushold|100\/100|[from] Volt Switch\n|\n|-weather|SunnyDay|[upkeep]\n|upkeep\n|\n|t:|1700070900\n|switch|p1a: Moltres|Moltres|100\/100\n|turn|20\n|\n|t:|1700070906\n|move|p2a: Shanks|Population Bomb|p1a: Moltres\n|-damage|p1a: Moltres|92\/100\n|-status|p2a: Shanks|brn|[from] ability: Flame Body|[of] p1a: Moltres\n|-damage|p1a: Moltres|87\/100\n|-damage|p1a: Moltres|82\/100\n|-damage|p1a: Moltres|78\/100\n|-damage|p1a: Moltres|73\/100\n|-damage|p1a: Moltres|68\/100\n|-damage|p1a: Moltres|64\/100\n|-damage|p1a: Moltres|59\/100\n|-damage|p1a: Moltres|55\/100\n|-damage|p1a: Moltres|50\/100\n|-hitcount|p1a: Moltres|10\n|move|p1a: Moltres|Flamethrower|p2a: Shanks\n|-damage|p2a: Shanks|5\/100 brn\n|\n|-weather|SunnyDay|[upkeep]\n|-heal|p1a: Moltres|56\/100|[from] item: Leftovers\n|-damage|p2a: Shanks|0 fnt|[from] brn\n|faint|p2a: Shanks\n|upkeep\n|\n|t:|1700070913\n|switch|p2a: ScHoolBoy Skew|Barraskewda, F|100\/100\n|turn|21\n|inactive|Gabry06 has 60 seconds left.\n|inactive|Gabry06 has 30 seconds left.\n|\n|t:|1700070951\n|move|p2a: ScHoolBoy Skew|Liquidation|p1a: Moltres\n|-supereffective|p1a: Moltres\n|-damage|p1a: Moltres|0 fnt\n|-status|p2a: ScHoolBoy Skew|brn|[from] ability: Flame Body|[of] p1a: Moltres\n|faint|p1a: Moltres\n|\n|-weather|SunnyDay|[upkeep]\n|-damage|p2a: ScHoolBoy Skew|94\/100 brn|[from] brn\n|upkeep\n|inactive|Gabry06 has 30 seconds left.\n|\n|t:|1700070960\n|switch|p1a: Great Tusk|Great Tusk|100\/100\n|-activate|p1a: Great Tusk|ability: Protosynthesis\n|-start|p1a: Great Tusk|protosynthesisatk\n|turn|22\n|\n|t:|1700070968\n|move|p2a: ScHoolBoy Skew|Liquidation|p1a: Great Tusk\n|-supereffective|p1a: Great Tusk\n|-damage|p1a: Great Tusk|78\/100\n|move|p1a: Great Tusk|Rapid Spin|p2a: ScHoolBoy Skew\n|-damage|p2a: ScHoolBoy Skew|48\/100 brn\n|-boost|p1a: Great Tusk|spe|1\n|\n|-weather|SunnyDay|[upkeep]\n|-damage|p2a: ScHoolBoy Skew|42\/100 brn|[from] brn\n|upkeep\n|turn|23\n|inactive|Gabry06 has 30 seconds left.\n|\n|t:|1700070987\n|move|p2a: ScHoolBoy Skew|Liquidation|p1a: Great Tusk\n|-supereffective|p1a: Great Tusk\n|-damage|p1a: Great Tusk|56\/100\n|-unboost|p1a: Great Tusk|def|1\n|move|p1a: Great Tusk|Rapid Spin|p2a: ScHoolBoy Skew\n|-damage|p2a: ScHoolBoy Skew|0 fnt\n|-boost|p1a: Great Tusk|spe|1\n|faint|p2a: ScHoolBoy Skew\n|\n|-weather|SunnyDay|[upkeep]\n|upkeep\n|\n|t:|1700070989\n|switch|p2a: Chirp Holmgren|Zapdos|80\/100\n|turn|24\n|\n|t:|1700071001\n|move|p2a: Chirp Holmgren|Hurricane|p1a: Great Tusk|[miss]\n|-miss|p2a: Chirp Holmgren|p1a: Great Tusk\n|move|p1a: Great Tusk|Ice Spinner|p2a: Chirp Holmgren\n|-supereffective|p2a: Chirp Holmgren\n|-damage|p2a: Chirp Holmgren|0 fnt\n|faint|p2a: Chirp Holmgren\n|\n|-weather|none\n|-end|p1a: Great Tusk|Protosynthesis\n|upkeep\n|c|\u26062021MarkelleFultz|lmao\n|\n|t:|1700071011\n|switch|p2a: Tusky Depot|Great Tusk|100\/100\n|-enditem|p2a: Tusky Depot|Booster Energy\n|-activate|p2a: Tusky Depot|ability: Protosynthesis|[fromitem]\n|-start|p2a: Tusky Depot|protosynthesisatk\n|turn|25\n|\n|t:|1700071019\n|move|p1a: Great Tusk|Ice Spinner|p2a: Tusky Depot\n|-supereffective|p2a: Tusky Depot\n|-damage|p2a: Tusky Depot|57\/100\n|move|p2a: Tusky Depot|Headlong Rush|p1a: Great Tusk\n|-damage|p1a: Great Tusk|0 fnt\n|-unboost|p2a: Tusky Depot|def|1\n|-unboost|p2a: Tusky Depot|spd|1\n|faint|p1a: Great Tusk\n|-end|p1a: Great Tusk|Protosynthesis|[silent]\n|\n|win|2021MarkelleFultz\n|raw|Gabry06's rating: 1392 &rarr; <strong>1378<\/strong><br \/>(-14 for losing)\n|raw|2021MarkelleFultz's rating: 1492 &rarr; <strong>1506<\/strong><br \/>(+14 for winning)\n|c|\u26062021MarkelleFultz|all that luck\n|c|\u26062021MarkelleFultz|to lose\n|l|\u26062021MarkelleFultz\n","uploadtime":1700071058,"views":7,"p1id":"gabry06","p2id":"2021markellefultz","formatid":"gen9ou","rating":1378,"private":0,"password":""}