{"id":"gen9ou-1990160032","p1":"MilkTeaWayGalaxy","p2":"ChillyChills","format":"[Gen 9] OU","log":"|j|\u2606MilkTeaWayGalaxy\n|j|\u2606ChillyChills\n|t:|1699931191\n|gametype|singles\n|player|p1|MilkTeaWayGalaxy|lady|\n|player|p2|ChillyChills|alec-anime|\n|teamsize|p1|6\n|teamsize|p2|6\n|gen|9\n|tier|[Gen 9] OU\n|rule|Sleep Clause Mod: Limit one foe put to sleep\n|rule|Species Clause: Limit one of each Pok\u00e9mon\n|rule|OHKO Clause: OHKO moves are banned\n|rule|Evasion Items Clause: Evasion items are banned\n|rule|Evasion Moves Clause: Evasion moves are banned\n|rule|Endless Battle Clause: Forcing endless battles is banned\n|rule|HP Percentage Mod: HP is shown in percentages\n|clearpoke\n|poke|p1|Munkidori, M|\n|poke|p1|Hatterene, F|\n|poke|p1|Iron Valiant|\n|poke|p1|Dragonite, F|\n|poke|p1|Dusknoir, F|\n|poke|p1|Slowbro-Galar, M|\n|poke|p2|Gengar, M|\n|poke|p2|Grimmsnarl, M|\n|poke|p2|Munkidori, M|\n|poke|p2|Dusknoir, F|\n|poke|p2|Slowking-Galar, F|\n|poke|p2|Muk-Alola, M|\n|teampreview\n|c|\u2606MilkTeaWayGalaxy|glhf pt2\n|\n|t:|1699931199\n|start\n|switch|p1a: Mm... Dwagon.|Dragonite, F|100\/100\n|switch|p2a: Gengar|Gengar, M|100\/100\n|turn|1\n|c|\u2606ChillyChills|glgl\n|\n|t:|1699931217\n|-terastallize|p1a: Mm... Dwagon.|Rock\n|move|p2a: Gengar|Metronome|p2a: Gengar\n|move|p2a: Gengar|Surf|p1a: Mm... Dwagon.|[from]move: Metronome\n|-supereffective|p1a: Mm... Dwagon.\n|-damage|p1a: Mm... Dwagon.|77\/100\n|-enditem|p1a: Mm... Dwagon.|Weakness Policy\n|-boost|p1a: Mm... Dwagon.|atk|2|[from] item: Weakness Policy\n|-boost|p1a: Mm... Dwagon.|spa|2|[from] item: Weakness Policy\n|move|p1a: Mm... Dwagon.|Metronome|p1a: Mm... Dwagon.\n|move|p1a: Mm... Dwagon.|Agility|p1a: Mm... Dwagon.|[from]move: Metronome\n|-boost|p1a: Mm... Dwagon.|spe|2\n|\n|upkeep\n|turn|2\n|c|\u2606ChillyChills|omfg\n|c|\u2606MilkTeaWayGalaxy|omg\n|\n|t:|1699931229\n|move|p1a: Mm... Dwagon.|Metronome|p1a: Mm... Dwagon.\n|move|p1a: Mm... Dwagon.|Pain Split|p2a: Gengar|[from]move: Metronome\n|-sethp|p2a: Gengar|96\/100|[from] move: Pain Split|[silent]\n|-sethp|p1a: Mm... Dwagon.|81\/100|[from] move: Pain Split\n|move|p2a: Gengar|Metronome|p2a: Gengar\n|move|p2a: Gengar|Blood Moon|p1a: Mm... Dwagon.|[from]move: Metronome\n|-resisted|p1a: Mm... Dwagon.\n|-damage|p1a: Mm... Dwagon.|62\/100\n|\n|-heal|p2a: Gengar|100\/100|[from] item: Black Sludge\n|upkeep\n|turn|3\n|c|\u2606ChillyChills|ayo Blood moon???\n|\n|t:|1699931242\n|move|p1a: Mm... Dwagon.|Metronome|p1a: Mm... Dwagon.\n|move|p1a: Mm... Dwagon.|Rising Voltage|p2a: Gengar|[from]move: Metronome\n|-damage|p2a: Gengar|56\/100\n|-start|p1a: Mm... Dwagon.|Disable|Metronome|[from] ability: Cursed Body|[of] p2a: Gengar\n|move|p2a: Gengar|Metronome|p2a: Gengar\n|move|p2a: Gengar|Night Shade|p1a: Mm... Dwagon.|[from]move: Metronome\n|-damage|p1a: Mm... Dwagon.|37\/100\n|\n|-heal|p2a: Gengar|62\/100|[from] item: Black Sludge\n|upkeep\n|turn|4\n|\n|t:|1699931255\n|switch|p2a: Slowking|Slowking-Galar, F|100\/100\n|-activate|p1a: Mm... Dwagon.|move: Struggle\n|move|p1a: Mm... Dwagon.|Struggle|p2a: Slowking\n|-damage|p2a: Slowking|74\/100\n|-damage|p1a: Mm... Dwagon.|11\/100|[from] recoil\n|\n|upkeep\n|turn|5\n|c|\u2606MilkTeaWayGalaxy|If I may be entirely honest\n|c|\u2606MilkTeaWayGalaxy|Your team kinda mega cringe xP\n|\n|t:|1699931269\n|-activate|p1a: Mm... Dwagon.|move: Struggle\n|move|p1a: Mm... Dwagon.|Struggle|p2a: Slowking\n|-damage|p2a: Slowking|46\/100\n|-damage|p1a: Mm... Dwagon.|0 fnt|[from] recoil\n|faint|p1a: Mm... Dwagon.\n|move|p2a: Slowking|Metronome|p2a: Slowking\n|move|p2a: Slowking|Tailwind|p2a: Slowking|[from]move: Metronome\n|-sidestart|p2: ChillyChills|move: Tailwind\n|\n|upkeep\n|c|\u2606ChillyChills|nah ur valid\n|c|\u2606ChillyChills|but tbh steve was worse lmao\n|\n|t:|1699931289\n|switch|p1a: Shhhhhh|Hatterene, F|100\/100\n|turn|6\n|\n|t:|1699931298\n|switch|p2a: Dusknoir|Dusknoir, F|100\/100\n|-ability|p2a: Dusknoir|Pressure\n|move|p1a: Shhhhhh|Metronome|p1a: Shhhhhh\n|move|p1a: Shhhhhh|Spite||[from]move: Metronome|[still]\n|-fail|p1a: Shhhhhh\n|\n|upkeep\n|turn|7\n|\n|t:|1699931305\n|switch|p1a: Big Hug! :D|Dusknoir, F|100\/100\n|-ability|p1a: Big Hug! :D|Pressure\n|move|p2a: Dusknoir|Metronome|p2a: Dusknoir\n|move|p2a: Dusknoir|Barb Barrage|p1a: Big Hug! :D|[from]move: Metronome\n|-resisted|p1a: Big Hug! :D\n|-damage|p1a: Big Hug! :D|95\/100\n|\n|-heal|p1a: Big Hug! :D|100\/100|[from] item: Leftovers\n|upkeep\n|turn|8\n|\n|t:|1699931309\n|move|p2a: Dusknoir|Metronome|p2a: Dusknoir\n|move|p2a: Dusknoir|Cross Chop|p1a: Big Hug! :D|[from]move: Metronome\n|-immune|p1a: Big Hug! :D\n|move|p1a: Big Hug! :D|Metronome|p1a: Big Hug! :D\n|move|p1a: Big Hug! :D|Cotton Guard|p1a: Big Hug! :D|[from]move: Metronome\n|-boost|p1a: Big Hug! :D|def|3\n|\n|-sideend|p2: ChillyChills|move: Tailwind\n|upkeep\n|turn|9\n|c|\u2606ChillyChills|owww\n|\n|t:|1699931318\n|switch|p2a: Munkidori|Munkidori, M|100\/100\n|move|p1a: Big Hug! :D|Metronome|p1a: Big Hug! :D\n|move|p1a: Big Hug! :D|Lunar Blessing||[from]move: Metronome|[still]\n|-fail|p1a: Big Hug! :D\n|\n|upkeep\n|turn|10\n|\n|t:|1699931323\n|move|p2a: Munkidori|Metronome|p2a: Munkidori\n|move|p2a: Munkidori|Sweet Scent|p1a: Big Hug! :D|[from]move: Metronome\n|-unboost|p1a: Big Hug! :D|evasion|2\n|move|p1a: Big Hug! :D|Metronome|p1a: Big Hug! :D\n|move|p1a: Big Hug! :D|Sunny Day|p1a: Big Hug! :D|[from]move: Metronome\n|-weather|SunnyDay\n|\n|-weather|SunnyDay|[upkeep]\n|upkeep\n|turn|11\n|\n|t:|1699931331\n|switch|p1a: In Memorium...|Slowbro-Galar, M, shiny|100\/100\n|move|p2a: Munkidori|Metronome|p2a: Munkidori\n|move|p2a: Munkidori|Trop Kick|p1a: In Memorium...|[from]move: Metronome\n|-resisted|p1a: In Memorium...\n|-damage|p1a: In Memorium...|94\/100\n|-unboost|p1a: In Memorium...|atk|1\n|\n|-weather|SunnyDay|[upkeep]\n|upkeep\n|turn|12\n|\n|t:|1699931337\n|switch|p2a: Slowking|Slowking-Galar, F|80\/100\n|move|p1a: In Memorium...|Metronome|p1a: In Memorium...\n|move|p1a: In Memorium...|Blast Burn|p2a: Slowking|[from]move: Metronome\n|-damage|p2a: Slowking|32\/100\n|-mustrecharge|p1a: In Memorium...\n|\n|-weather|SunnyDay|[upkeep]\n|upkeep\n|turn|13\n|\n|t:|1699931343\n|move|p2a: Slowking|Metronome|p2a: Slowking\n|move|p2a: Slowking|Fake Tears|p1a: In Memorium...|[from]move: Metronome\n|-unboost|p1a: In Memorium...|spd|2\n|cant|p1a: In Memorium...|recharge\n|\n|-weather|SunnyDay|[upkeep]\n|upkeep\n|turn|14\n|c|\u2606ChillyChills|oh wow\n|c|\u2606MilkTeaWayGalaxy|oh wow\n|\n|t:|1699931349\n|move|p2a: Slowking|Metronome|p2a: Slowking\n|move|p2a: Slowking|Frenzy Plant|p1a: In Memorium...|[from]move: Metronome\n|-resisted|p1a: In Memorium...\n|-damage|p1a: In Memorium...|54\/100\n|-mustrecharge|p2a: Slowking\n|move|p1a: In Memorium...|Metronome|p1a: In Memorium...\n|move|p1a: In Memorium...|Clear Smog|p2a: Slowking|[from]move: Metronome\n|-resisted|p2a: Slowking\n|-damage|p2a: Slowking|23\/100\n|-clearboost|p2a: Slowking\n|\n|-weather|none\n|upkeep\n|turn|15\n|c|\u2606MilkTeaWayGalaxy|owie\n|c|\u2606ChillyChills|omfg lm<o\n|c|\u2606ChillyChills|lmao*\n|\n|t:|1699931360\n|move|p1a: In Memorium...|Metronome|p1a: In Memorium...\n|move|p1a: In Memorium...|Confide|p2a: Slowking|[from]move: Metronome\n|-unboost|p2a: Slowking|spa|1\n|cant|p2a: Slowking|recharge\n|\n|upkeep\n|turn|16\n|\n|t:|1699931370\n|switch|p1a: Big Hug! :D|Dusknoir, F|100\/100\n|-ability|p1a: Big Hug! :D|Pressure\n|switch|p2a: Munkidori|Munkidori, M|100\/100\n|\n|upkeep\n|turn|17\n|\n|t:|1699931376\n|switch|p1a: In Memorium...|Slowbro-Galar, M, shiny|88\/100\n|move|p2a: Munkidori|Metronome|p2a: Munkidori\n|move|p2a: Munkidori|Final Gambit|p1a: In Memorium...|[from]move: Metronome\n|-damage|p1a: In Memorium...|0 fnt\n|faint|p2a: Munkidori\n|faint|p1a: In Memorium...\n|\n|upkeep\n|c|\u2606ChillyChills|o\n|c|\u2606MilkTeaWayGalaxy|b r u h\n|c|\u2606MilkTeaWayGalaxy|gg\n|\n|t:|1699931396\n|switch|p2a: Gengar|Gengar, M|62\/100\n|switch|p1a: mmmmmonkeee|Munkidori, M|100\/100\n|turn|18\n|c|\u2606ChillyChills|wait gg?\n|\n|t:|1699931401\n|switch|p1a: Shhhhhh|Hatterene, F|100\/100\n|move|p2a: Gengar|Metronome|p2a: Gengar\n|move|p2a: Gengar|Whirlpool|p1a: Shhhhhh|[from]move: Metronome\n|-damage|p1a: Shhhhhh|90\/100\n|-activate|p1a: Shhhhhh|move: Whirlpool|[of] p2a: Gengar\n|\n|-heal|p2a: Gengar|68\/100|[from] item: Black Sludge\n|-damage|p1a: Shhhhhh|78\/100|[from] move: Whirlpool|[partiallytrapped]\n|upkeep\n|turn|19\n|c|\u2606MilkTeaWayGalaxy|Probably\n|\n|t:|1699931406\n|move|p2a: Gengar|Metronome|p2a: Gengar\n|move|p2a: Gengar|Recycle||[from]move: Metronome|[still]\n|-fail|p2a: Gengar\n|move|p1a: Shhhhhh|Metronome|p1a: Shhhhhh\n|move|p1a: Shhhhhh|Moonlight|p1a: Shhhhhh|[from]move: Metronome\n|-heal|p1a: Shhhhhh|100\/100\n|\n|-heal|p2a: Gengar|74\/100|[from] item: Black Sludge\n|-damage|p1a: Shhhhhh|88\/100|[from] move: Whirlpool|[partiallytrapped]\n|upkeep\n|turn|20\n|\n|t:|1699931412\n|move|p2a: Gengar|Metronome|p2a: Gengar\n|move|p2a: Gengar|Psychic Fangs|p1a: Shhhhhh|[from]move: Metronome\n|-resisted|p1a: Shhhhhh\n|-damage|p1a: Shhhhhh|80\/100\n|move|p1a: Shhhhhh|Metronome|p1a: Shhhhhh\n|move|p1a: Shhhhhh|Circle Throw|p2a: Gengar|[from]move: Metronome\n|-immune|p2a: Gengar\n|\n|-heal|p2a: Gengar|80\/100|[from] item: Black Sludge\n|-damage|p1a: Shhhhhh|68\/100|[from] move: Whirlpool|[partiallytrapped]\n|upkeep\n|turn|21\n|\n|t:|1699931420\n|move|p2a: Gengar|Metronome|p2a: Gengar\n|move|p2a: Gengar|Dragon Pulse|p1a: Shhhhhh|[from]move: Metronome\n|-immune|p1a: Shhhhhh\n|move|p1a: Shhhhhh|Metronome|p1a: Shhhhhh\n|move|p1a: Shhhhhh|Morning Sun|p1a: Shhhhhh|[from]move: Metronome\n|-heal|p1a: Shhhhhh|100\/100\n|\n|-heal|p2a: Gengar|87\/100|[from] item: Black Sludge\n|-damage|p1a: Shhhhhh|88\/100|[from] move: Whirlpool|[partiallytrapped]\n|upkeep\n|turn|22\n|c|\u2606ChillyChills|omg\n|\n|t:|1699931427\n|move|p2a: Gengar|Metronome|p2a: Gengar\n|move|p2a: Gengar|Bulldoze|p1a: Shhhhhh|[from]move: Metronome\n|-crit|p1a: Shhhhhh\n|-damage|p1a: Shhhhhh|71\/100\n|-unboost|p1a: Shhhhhh|spe|1\n|move|p1a: Shhhhhh|Metronome|p1a: Shhhhhh\n|move|p1a: Shhhhhh|Teeter Dance|p2a: Gengar|[from]move: Metronome\n|-start|p2a: Gengar|confusion\n|\n|-heal|p2a: Gengar|93\/100|[from] item: Black Sludge\n|-end|p1a: Shhhhhh|Whirlpool|[partiallytrapped]\n|upkeep\n|turn|23\n|\n|t:|1699931438\n|switch|p1a: Big Hug! :D|Dusknoir, F|100\/100\n|-ability|p1a: Big Hug! :D|Pressure\n|-activate|p2a: Gengar|confusion\n|move|p2a: Gengar|Metronome|p2a: Gengar\n|move|p2a: Gengar|Trick Room|p2a: Gengar|[from]move: Metronome\n|-fieldstart|move: Trick Room|[of] p2a: Gengar\n|\n|-heal|p2a: Gengar|99\/100|[from] item: Black Sludge\n|upkeep\n|turn|24\n|c|\u2606MilkTeaWayGalaxy|welp\n|\n|t:|1699931445\n|move|p1a: Big Hug! :D|Metronome|p1a: Big Hug! :D\n|move|p1a: Big Hug! :D|Ice Spinner|p2a: Gengar|[from]move: Metronome\n|-damage|p2a: Gengar|79\/100\n|-activate|p2a: Gengar|confusion\n|-damage|p2a: Gengar|71\/100|[from] confusion\n|\n|-heal|p2a: Gengar|78\/100|[from] item: Black Sludge\n|upkeep\n|turn|25\n|\n|t:|1699931452\n|move|p1a: Big Hug! :D|Metronome|p1a: Big Hug! :D\n|move|p1a: Big Hug! :D|Mud-Slap|p2a: Gengar|[from]move: Metronome\n|-supereffective|p2a: Gengar\n|-damage|p2a: Gengar|68\/100\n|-unboost|p2a: Gengar|accuracy|1\n|-activate|p2a: Gengar|confusion\n|move|p2a: Gengar|Metronome|p2a: Gengar\n|move|p2a: Gengar|Seismic Toss|p1a: Big Hug! :D|[from]move: Metronome\n|-immune|p1a: Big Hug! :D\n|\n|-heal|p2a: Gengar|75\/100|[from] item: Black Sludge\n|upkeep\n|turn|26\n|c|\u2606ChillyChills|bonk\n|\n|t:|1699931463\n|move|p1a: Big Hug! :D|Metronome|p1a: Big Hug! :D\n|move|p1a: Big Hug! :D|Glaive Rush|p2a: Gengar|[from]move: Metronome\n|-damage|p2a: Gengar|47\/100\n|-singlemove|p1a: Big Hug! :D|Glaive Rush|[silent]\n|-start|p1a: Big Hug! :D|Disable|Metronome|[from] ability: Cursed Body|[of] p2a: Gengar\n|-end|p2a: Gengar|confusion\n|move|p2a: Gengar|Metronome|p2a: Gengar\n|move|p2a: Gengar|Flare Blitz|p1a: Big Hug! :D|[from]move: Metronome\n|-damage|p1a: Big Hug! :D|73\/100\n|-damage|p2a: Gengar|39\/100|[from] Recoil\n|\n|-heal|p1a: Big Hug! :D|79\/100|[from] item: Leftovers\n|-heal|p2a: Gengar|45\/100|[from] item: Black Sludge\n|upkeep\n|turn|27\n|\n|t:|1699931478\n|switch|p1a: Shhhhhh|Hatterene, F|71\/100\n|move|p2a: Gengar|Metronome|p2a: Gengar\n|move|p2a: Gengar|Torch Song|p1a: Shhhhhh|[from]move: Metronome\n|-damage|p1a: Shhhhhh|47\/100\n|-boost|p2a: Gengar|spa|1\n|\n|-heal|p2a: Gengar|51\/100|[from] item: Black Sludge\n|-fieldend|move: Trick Room\n|upkeep\n|turn|28\n|\n|t:|1699931486\n|move|p2a: Gengar|Metronome|p2a: Gengar\n|move|p2a: Gengar|Extrasensory|p1a: Shhhhhh|[from]move: Metronome|[miss]\n|-miss|p2a: Gengar|p1a: Shhhhhh\n|move|p1a: Shhhhhh|Metronome|p1a: Shhhhhh\n|move|p1a: Shhhhhh|Quick Attack|p2a: Gengar|[from]move: Metronome\n|-immune|p2a: Gengar\n|\n|-heal|p2a: Gengar|57\/100|[from] item: Black Sludge\n|upkeep\n|turn|29\n|c|\u2606ChillyChills|gdi\n|\n|t:|1699931494\n|-activate|p2a: Gengar|move: Struggle\n|move|p2a: Gengar|Struggle|p1a: Shhhhhh\n|-damage|p1a: Shhhhhh|38\/100\n|-damage|p2a: Gengar|32\/100|[from] recoil\n|move|p1a: Shhhhhh|Metronome|p1a: Shhhhhh\n|move|p1a: Shhhhhh|Retaliate|p2a: Gengar|[from]move: Metronome\n|-immune|p2a: Gengar\n|\n|-heal|p2a: Gengar|38\/100|[from] item: Black Sludge\n|upkeep\n|turn|30\n|\n|t:|1699931501\n|-activate|p2a: Gengar|move: Struggle\n|move|p2a: Gengar|Struggle|p1a: Shhhhhh\n|-damage|p1a: Shhhhhh|28\/100\n|-damage|p2a: Gengar|13\/100|[from] recoil\n|move|p1a: Shhhhhh|Metronome|p1a: Shhhhhh\n|move|p1a: Shhhhhh|Infestation|p2a: Gengar|[from]move: Metronome\n|-resisted|p2a: Gengar\n|-crit|p2a: Gengar\n|-damage|p2a: Gengar|8\/100\n|-activate|p2a: Gengar|move: Infestation|[of] p1a: Shhhhhh\n|\n|-heal|p2a: Gengar|14\/100|[from] item: Black Sludge\n|-damage|p2a: Gengar|1\/100|[from] move: Infestation|[partiallytrapped]\n|upkeep\n|turn|31\n|\n|t:|1699931515\n|switch|p1a: Big Hug! :D|Dusknoir, F|79\/100\n|-ability|p1a: Big Hug! :D|Pressure\n|-activate|p2a: Gengar|move: Struggle\n|move|p2a: Gengar|Struggle|p1a: Big Hug! :D\n|-damage|p1a: Big Hug! :D|74\/100\n|-damage|p2a: Gengar|0 fnt|[from] recoil\n|faint|p2a: Gengar\n|\n|-heal|p1a: Big Hug! :D|80\/100|[from] item: Leftovers\n|upkeep\n|\n|t:|1699931518\n|switch|p2a: Grimmsnarl|Grimmsnarl, M|100\/100\n|turn|32\n|\n|t:|1699931529\n|switch|p1a: Shhhhhh|Hatterene, F|28\/100\n|move|p2a: Grimmsnarl|Metronome|p2a: Grimmsnarl\n|move|p2a: Grimmsnarl|Sucker Punch||[from]move: Metronome|[still]\n|-fail|p2a: Grimmsnarl\n|\n|upkeep\n|turn|33\n|\n|t:|1699931534\n|move|p2a: Grimmsnarl|Metronome|p2a: Grimmsnarl\n|move|p2a: Grimmsnarl|Coil|p2a: Grimmsnarl|[from]move: Metronome\n|-boost|p2a: Grimmsnarl|atk|1\n|-boost|p2a: Grimmsnarl|def|1\n|-boost|p2a: Grimmsnarl|accuracy|1\n|move|p1a: Shhhhhh|Metronome|p1a: Shhhhhh\n|move|p1a: Shhhhhh|Acid Spray|p2a: Grimmsnarl|[from]move: Metronome\n|-supereffective|p2a: Grimmsnarl\n|-damage|p2a: Grimmsnarl|55\/100\n|-unboost|p2a: Grimmsnarl|spd|2\n|\n|upkeep\n|turn|34\n|c|\u2606ChillyChills|ow\n|\n|t:|1699931542\n|move|p2a: Grimmsnarl|Metronome|p2a: Grimmsnarl\n|move|p2a: Grimmsnarl|Chloroblast|p1a: Shhhhhh|[from]move: Metronome\n|-crit|p1a: Shhhhhh\n|-damage|p1a: Shhhhhh|0 fnt\n|faint|p1a: Shhhhhh\n|-damage|p2a: Grimmsnarl|5\/100|[from] Recoil\n|\n|upkeep\n|c|\u2606MilkTeaWayGalaxy|ow\n|c|\u2606ChillyChills|my health wait\n|c|\u2606ChillyChills|):\n|\n|t:|1699931561\n|switch|p1a: mmmmmonkeee|Munkidori, M|100\/100\n|turn|35\n|\n|t:|1699931563\n|move|p1a: mmmmmonkeee|Metronome|p1a: mmmmmonkeee\n|move|p1a: mmmmmonkeee|Mortal Spin|p2a: Grimmsnarl|[from]move: Metronome\n|-supereffective|p2a: Grimmsnarl\n|-damage|p2a: Grimmsnarl|0 fnt\n|-enditem|p2a: Grimmsnarl|Jaboca Berry|[eat]\n|-damage|p1a: mmmmmonkeee|88\/100|[from] item: Jaboca Berry|[of] p2a: Grimmsnarl\n|faint|p2a: Grimmsnarl\n|\n|-heal|p1a: mmmmmonkeee|94\/100|[from] item: Black Sludge\n|upkeep\n|\n|t:|1699931573\n|switch|p2a: Muk|Muk-Alola, M|100\/100\n|turn|36\n|\n|t:|1699931580\n|move|p1a: mmmmmonkeee|Metronome|p1a: mmmmmonkeee\n|move|p1a: mmmmmonkeee|Zing Zap|p2a: Muk|[from]move: Metronome\n|-damage|p2a: Muk|89\/100\n|move|p2a: Muk|Metronome|p2a: Muk\n|move|p2a: Muk|Drain Punch|p1a: mmmmmonkeee|[from]move: Metronome\n|-resisted|p1a: mmmmmonkeee\n|-damage|p1a: mmmmmonkeee|88\/100\n|-heal|p2a: Muk|91\/100|[from] drain|[of] p1a: mmmmmonkeee\n|\n|-heal|p1a: mmmmmonkeee|94\/100|[from] item: Black Sludge\n|-heal|p2a: Muk|97\/100|[from] item: Black Sludge\n|upkeep\n|turn|37\n|\n|t:|1699931586\n|move|p1a: mmmmmonkeee|Metronome|p1a: mmmmmonkeee\n|move|p1a: mmmmmonkeee|Chloroblast|p2a: Muk|[from]move: Metronome\n|-resisted|p2a: Muk\n|-damage|p2a: Muk|75\/100\n|-damage|p1a: mmmmmonkeee|44\/100|[from] Recoil\n|move|p2a: Muk|Metronome|p2a: Muk\n|move|p2a: Muk|Rest|p2a: Muk|[from]move: Metronome\n|-status|p2a: Muk|slp|[from] move: Rest\n|-heal|p2a: Muk|100\/100 slp|[silent]\n|\n|-heal|p1a: mmmmmonkeee|50\/100|[from] item: Black Sludge\n|upkeep\n|turn|38\n|c|\u2606MilkTeaWayGalaxy|o w\n|c|\u2606ChillyChills|oww\n|c|\u2606ChillyChills|shleep\n|\n|t:|1699931609\n|switch|p1a: Big Hug! :D|Dusknoir, F|80\/100\n|-ability|p1a: Big Hug! :D|Pressure\n|cant|p2a: Muk|slp\n|\n|-heal|p1a: Big Hug! :D|86\/100|[from] item: Leftovers\n|upkeep\n|turn|39\n|\n|t:|1699931616\n|switch|p1a: mmmmmonkeee|Munkidori, M|50\/100\n|cant|p2a: Muk|slp\n|\n|-heal|p1a: mmmmmonkeee|56\/100|[from] item: Black Sludge\n|upkeep\n|turn|40\n|\n|t:|1699931619\n|move|p1a: mmmmmonkeee|Metronome|p1a: mmmmmonkeee\n|move|p1a: mmmmmonkeee|No Retreat|p1a: mmmmmonkeee|[from]move: Metronome\n|-boost|p1a: mmmmmonkeee|atk|1\n|-boost|p1a: mmmmmonkeee|def|1\n|-boost|p1a: mmmmmonkeee|spa|1\n|-boost|p1a: mmmmmonkeee|spd|1\n|-boost|p1a: mmmmmonkeee|spe|1\n|-start|p1a: mmmmmonkeee|move: No Retreat\n|-curestatus|p2a: Muk|slp|[msg]\n|move|p2a: Muk|Metronome|p2a: Muk\n|move|p2a: Muk|Work Up|p2a: Muk|[from]move: Metronome\n|-boost|p2a: Muk|atk|1\n|-boost|p2a: Muk|spa|1\n|\n|-heal|p1a: mmmmmonkeee|62\/100|[from] item: Black Sludge\n|upkeep\n|turn|41\n|c|\u2606ChillyChills|o\n|c|\u2606MilkTeaWayGalaxy|oh\n|\n|t:|1699931627\n|move|p1a: mmmmmonkeee|Metronome|p1a: mmmmmonkeee\n|move|p1a: mmmmmonkeee|Hydro Cannon|p2a: Muk|[from]move: Metronome|[miss]\n|-miss|p1a: mmmmmonkeee|p2a: Muk\n|move|p2a: Muk|Metronome|p2a: Muk\n|move|p2a: Muk|Swallow||[from]move: Metronome|[still]\n|-fail|p2a: Muk\n|\n|-heal|p1a: mmmmmonkeee|68\/100|[from] item: Black Sludge\n|upkeep\n|turn|42\n|c|\u2606MilkTeaWayGalaxy|okay\n|c|\u2606MilkTeaWayGalaxy|okay\n|\n|t:|1699931634\n|move|p1a: mmmmmonkeee|Metronome|p1a: mmmmmonkeee\n|move|p1a: mmmmmonkeee|Play Nice|p2a: Muk|[from]move: Metronome\n|-unboost|p2a: Muk|atk|1\n|move|p2a: Muk|Metronome|p2a: Muk\n|move|p2a: Muk|Take Heart|p2a: Muk|[from]move: Metronome\n|-boost|p2a: Muk|spa|1\n|-boost|p2a: Muk|spd|1\n|\n|-heal|p1a: mmmmmonkeee|74\/100|[from] item: Black Sludge\n|upkeep\n|turn|43\n|c|\u2606ChillyChills|bruh\n|\n|t:|1699931642\n|move|p1a: mmmmmonkeee|Metronome|p1a: mmmmmonkeee\n|move|p1a: mmmmmonkeee|Focus Energy|p1a: mmmmmonkeee|[from]move: Metronome\n|-start|p1a: mmmmmonkeee|move: Focus Energy\n|move|p2a: Muk|Metronome|p2a: Muk\n|move|p2a: Muk|Fairy Wind|p1a: mmmmmonkeee|[from]move: Metronome\n|-resisted|p1a: mmmmmonkeee\n|-crit|p1a: mmmmmonkeee\n|-damage|p1a: mmmmmonkeee|62\/100\n|\n|-heal|p1a: mmmmmonkeee|68\/100|[from] item: Black Sludge\n|upkeep\n|turn|44\n|c|\u2606ChillyChills|OK THATS SCARY\n|\n|t:|1699931651\n|move|p1a: mmmmmonkeee|Metronome|p1a: mmmmmonkeee\n|move|p1a: mmmmmonkeee|Dark Pulse|p2a: Muk|[from]move: Metronome\n|-resisted|p2a: Muk\n|-crit|p2a: Muk\n|-damage|p2a: Muk|75\/100\n|move|p2a: Muk|Metronome|p2a: Muk\n|move|p2a: Muk|High Horsepower|p1a: mmmmmonkeee|[from]move: Metronome\n|-supereffective|p1a: mmmmmonkeee\n|-crit|p1a: mmmmmonkeee\n|-damage|p1a: mmmmmonkeee|0 fnt\n|faint|p1a: mmmmmonkeee\n|\n|-heal|p2a: Muk|81\/100|[from] item: Black Sludge\n|upkeep\n|c|\u2606ChillyChills|o\n|c|\u2606MilkTeaWayGalaxy|okay game\n|c|\u2606ChillyChills|Im so sorry\n|\n|t:|1699931672\n|switch|p1a: Big Hug! :D|Dusknoir, F|86\/100\n|-ability|p1a: Big Hug! :D|Pressure\n|turn|45\n|\n|t:|1699931676\n|move|p2a: Muk|Metronome|p2a: Muk\n|move|p2a: Muk|Dream Eater|p1a: Big Hug! :D|[from]move: Metronome\n|-immune|p1a: Big Hug! :D\n|move|p1a: Big Hug! :D|Metronome|p1a: Big Hug! :D\n|move|p1a: Big Hug! :D|Stored Power|p2a: Muk|[from]move: Metronome\n|-immune|p2a: Muk\n|\n|-heal|p2a: Muk|87\/100|[from] item: Black Sludge\n|-heal|p1a: Big Hug! :D|92\/100|[from] item: Leftovers\n|upkeep\n|turn|46\n|\n|t:|1699931683\n|move|p2a: Muk|Metronome|p2a: Muk\n|move|p2a: Muk|Mystical Power|p1a: Big Hug! :D|[from]move: Metronome\n|-damage|p1a: Big Hug! :D|72\/100\n|-boost|p2a: Muk|spa|1\n|move|p1a: Big Hug! :D|Metronome|p1a: Big Hug! :D\n|move|p1a: Big Hug! :D|Flare Blitz|p2a: Muk|[from]move: Metronome\n|-damage|p2a: Muk|67\/100\n|-damage|p1a: Big Hug! :D|63\/100|[from] Recoil\n|\n|-heal|p2a: Muk|73\/100|[from] item: Black Sludge\n|-heal|p1a: Big Hug! :D|69\/100|[from] item: Leftovers\n|upkeep\n|turn|47\n|\n|t:|1699931692\n|move|p2a: Muk|Metronome|p2a: Muk\n|move|p2a: Muk|Mud-Slap|p1a: Big Hug! :D|[from]move: Metronome\n|-damage|p1a: Big Hug! :D|62\/100\n|-unboost|p1a: Big Hug! :D|accuracy|1\n|move|p1a: Big Hug! :D|Metronome|p1a: Big Hug! :D\n|move|p1a: Big Hug! :D|Safeguard|p1a: Big Hug! :D|[from]move: Metronome\n|-sidestart|p1: MilkTeaWayGalaxy|Safeguard\n|\n|-heal|p2a: Muk|79\/100|[from] item: Black Sludge\n|-heal|p1a: Big Hug! :D|68\/100|[from] item: Leftovers\n|upkeep\n|turn|48\n|\n|t:|1699931698\n|move|p2a: Muk|Metronome|p2a: Muk\n|move|p2a: Muk|Zap Cannon|p1a: Big Hug! :D|[from]move: Metronome|[miss]\n|-miss|p2a: Muk|p1a: Big Hug! :D\n|move|p1a: Big Hug! :D|Metronome|p1a: Big Hug! :D\n|move|p1a: Big Hug! :D|Shell Smash|p1a: Big Hug! :D|[from]move: Metronome\n|-unboost|p1a: Big Hug! :D|def|1\n|-unboost|p1a: Big Hug! :D|spd|1\n|-boost|p1a: Big Hug! :D|atk|2\n|-boost|p1a: Big Hug! :D|spa|2\n|-boost|p1a: Big Hug! :D|spe|2\n|\n|-heal|p1a: Big Hug! :D|74\/100|[from] item: Leftovers\n|-heal|p2a: Muk|85\/100|[from] item: Black Sludge\n|upkeep\n|turn|49\n|\n|t:|1699931704\n|move|p1a: Big Hug! :D|Metronome|p1a: Big Hug! :D\n|move|p1a: Big Hug! :D|Attack Order|p2a: Muk|[from]move: Metronome|[miss]\n|-miss|p1a: Big Hug! :D|p2a: Muk\n|move|p2a: Muk|Metronome|p2a: Muk\n|move|p2a: Muk|Confuse Ray|p1a: Big Hug! :D|[from]move: Metronome\n|-activate|p1a: Big Hug! :D|move: Safeguard\n|\n|-heal|p1a: Big Hug! :D|80\/100|[from] item: Leftovers\n|-heal|p2a: Muk|91\/100|[from] item: Black Sludge\n|upkeep\n|turn|50\n|\n|t:|1699931712\n|move|p1a: Big Hug! :D|Metronome|p1a: Big Hug! :D\n|move|p1a: Big Hug! :D|Clanging Scales|p2a: Muk|[from]move: Metronome\n|-damage|p2a: Muk|74\/100\n|-unboost|p1a: Big Hug! :D|def|1\n|-activate|p2a: Muk|move: Struggle\n|move|p2a: Muk|Struggle|p1a: Big Hug! :D\n|-damage|p1a: Big Hug! :D|64\/100\n|-damage|p2a: Muk|49\/100|[from] recoil\n|\n|-heal|p1a: Big Hug! :D|70\/100|[from] item: Leftovers\n|-heal|p2a: Muk|55\/100|[from] item: Black Sludge\n|upkeep\n|turn|51\n|\n|t:|1699931721\n|move|p1a: Big Hug! :D|Metronome|p1a: Big Hug! :D\n|move|p1a: Big Hug! :D|Charm|p2a: Muk|[from]move: Metronome|[miss]\n|-miss|p1a: Big Hug! :D|p2a: Muk\n|-activate|p2a: Muk|move: Struggle\n|move|p2a: Muk|Struggle|p1a: Big Hug! :D\n|-damage|p1a: Big Hug! :D|52\/100\n|-damage|p2a: Muk|29\/100|[from] recoil\n|\n|-heal|p1a: Big Hug! :D|58\/100|[from] item: Leftovers\n|-heal|p2a: Muk|36\/100|[from] item: Black Sludge\n|-sideend|p1: MilkTeaWayGalaxy|Safeguard\n|upkeep\n|turn|52\n|\n|t:|1699931729\n|move|p1a: Big Hug! :D|Metronome|p1a: Big Hug! :D\n|move|p1a: Big Hug! :D|Earthquake|p2a: Muk|[from]move: Metronome|[miss]\n|-miss|p1a: Big Hug! :D|p2a: Muk\n|-activate|p2a: Muk|move: Struggle\n|move|p2a: Muk|Struggle|p1a: Big Hug! :D\n|-damage|p1a: Big Hug! :D|41\/100\n|-damage|p2a: Muk|10\/100|[from] recoil\n|\n|-heal|p1a: Big Hug! :D|47\/100|[from] item: Leftovers\n|-heal|p2a: Muk|16\/100|[from] item: Black Sludge\n|upkeep\n|turn|53\n|c|\u2606MilkTeaWayGalaxy|I've missed a lot more than you did\n|\n|t:|1699931740\n|move|p1a: Big Hug! :D|Metronome|p1a: Big Hug! :D\n|move|p1a: Big Hug! :D|Fury Swipes|p2a: Muk|[from]move: Metronome\n|-damage|p2a: Muk|10\/100\n|-crit|p2a: Muk\n|-damage|p2a: Muk|0 fnt\n|faint|p2a: Muk\n|-hitcount|p2: Muk|2\n|\n|-heal|p1a: Big Hug! :D|53\/100|[from] item: Leftovers\n|upkeep\n|\n|t:|1699931751\n|switch|p2a: Dusknoir|Dusknoir, F|100\/100\n|-ability|p2a: Dusknoir|Pressure\n|turn|54\n|\n|t:|1699931755\n|move|p1a: Big Hug! :D|Metronome|p1a: Big Hug! :D\n|move|p1a: Big Hug! :D|Rock Tomb|p2a: Dusknoir|[from]move: Metronome\n|-damage|p2a: Dusknoir|81\/100\n|-unboost|p2a: Dusknoir|spe|1\n|move|p2a: Dusknoir|Metronome|p2a: Dusknoir\n|move|p2a: Dusknoir|Fire Punch|p1a: Big Hug! :D|[from]move: Metronome\n|-damage|p1a: Big Hug! :D|27\/100\n|\n|-heal|p1a: Big Hug! :D|33\/100|[from] item: Leftovers\n|-heal|p2a: Dusknoir|87\/100|[from] item: Leftovers\n|upkeep\n|turn|55\n|\n|t:|1699931766\n|-activate|p1a: Big Hug! :D|move: Struggle\n|move|p1a: Big Hug! :D|Struggle|p2a: Dusknoir\n|-damage|p2a: Dusknoir|71\/100\n|-damage|p1a: Big Hug! :D|8\/100|[from] recoil\n|move|p2a: Dusknoir|Metronome|p2a: Dusknoir\n|move|p2a: Dusknoir|Horn Leech|p1a: Big Hug! :D|[from]move: Metronome\n|-damage|p1a: Big Hug! :D|0 fnt\n|-heal|p2a: Dusknoir|75\/100|[from] drain|[of] p1a: Big Hug! :D\n|faint|p1a: Big Hug! :D\n|\n|-heal|p2a: Dusknoir|81\/100|[from] item: Leftovers\n|upkeep\n|\n|t:|1699931770\n|switch|p1a: Very Gender|Iron Valiant, shiny|100\/100\n|-enditem|p1a: Very Gender|Booster Energy\n|-activate|p1a: Very Gender|ability: Quark Drive|[fromitem]\n|-start|p1a: Very Gender|quarkdriveatk\n|turn|56\n|\n|t:|1699931774\n|move|p1a: Very Gender|Metronome|p1a: Very Gender\n|move|p1a: Very Gender|Future Sight|p2a: Dusknoir|[from]move: Metronome\n|-start|p1a: Very Gender|move: Future Sight\n|move|p2a: Dusknoir|Metronome|p2a: Dusknoir\n|move|p2a: Dusknoir|Heal Bell||[from]move: Metronome|[still]\n|-activate|p2a: Dusknoir|move: Heal Bell\n|-fail|p2a: Dusknoir\n|\n|-heal|p2a: Dusknoir|87\/100|[from] item: Leftovers\n|upkeep\n|turn|57\n|\n|t:|1699931782\n|move|p1a: Very Gender|Metronome|p1a: Very Gender\n|move|p1a: Very Gender|Double-Edge|p2a: Dusknoir|[from]move: Metronome\n|-immune|p2a: Dusknoir\n|move|p2a: Dusknoir|Metronome|p2a: Dusknoir\n|move|p2a: Dusknoir|Earthquake|p1a: Very Gender|[from]move: Metronome\n|-damage|p1a: Very Gender|71\/100\n|\n|-heal|p2a: Dusknoir|93\/100|[from] item: Leftovers\n|upkeep\n|turn|58\n|c|\u2606MilkTeaWayGalaxy|ok\n|\n|t:|1699931791\n|move|p1a: Very Gender|Metronome|p1a: Very Gender\n|move|p1a: Very Gender|Glare|p2a: Dusknoir|[from]move: Metronome\n|-status|p2a: Dusknoir|par\n|move|p2a: Dusknoir|Metronome|p2a: Dusknoir\n|move|p2a: Dusknoir|Acid Spray|p1a: Very Gender|[from]move: Metronome\n|-supereffective|p1a: Very Gender\n|-damage|p1a: Very Gender|44\/100\n|-unboost|p1a: Very Gender|spd|2\n|\n|-end|p2a: Dusknoir|move: Future Sight\n|-damage|p2a: Dusknoir|66\/100 par\n|-heal|p2a: Dusknoir|72\/100 par|[from] item: Leftovers\n|upkeep\n|turn|59\n|c|\u2606MilkTeaWayGalaxy|ok\n|\n|t:|1699931802\n|move|p1a: Very Gender|Metronome|p1a: Very Gender\n|move|p1a: Very Gender|Cosmic Power|p1a: Very Gender|[from]move: Metronome\n|-boost|p1a: Very Gender|def|1\n|-boost|p1a: Very Gender|spd|1\n|move|p2a: Dusknoir|Metronome|p2a: Dusknoir\n|move|p2a: Dusknoir|Jaw Lock|p1a: Very Gender|[from]move: Metronome\n|-resisted|p1a: Very Gender\n|-damage|p1a: Very Gender|41\/100\n|-activate|p1a: Very Gender|trapped\n|\n|-heal|p2a: Dusknoir|78\/100 par|[from] item: Leftovers\n|upkeep\n|turn|60\n|c|\u2606MilkTeaWayGalaxy|ok\n|c|\u2606ChillyChills|the game was genuinely not nice Im so sorry\n|\n|t:|1699931812\n|move|p1a: Very Gender|Metronome|p1a: Very Gender\n|move|p1a: Very Gender|Synthesis|p1a: Very Gender|[from]move: Metronome\n|-heal|p1a: Very Gender|91\/100\n|cant|p2a: Dusknoir|par\n|\n|-heal|p2a: Dusknoir|85\/100 par|[from] item: Leftovers\n|upkeep\n|turn|61\n|c|\u2606MilkTeaWayGalaxy|ok\n|\n|t:|1699931819\n|move|p1a: Very Gender|Metronome|p1a: Very Gender\n|move|p1a: Very Gender|Rock Polish|p1a: Very Gender|[from]move: Metronome\n|-boost|p1a: Very Gender|spe|2\n|move|p2a: Dusknoir|Metronome|p2a: Dusknoir\n|move|p2a: Dusknoir|Hydro Pump|p1a: Very Gender|[from]move: Metronome\n|-damage|p1a: Very Gender|38\/100\n|\n|-heal|p2a: Dusknoir|91\/100 par|[from] item: Leftovers\n|upkeep\n|turn|62\n|c|\u2606MilkTeaWayGalaxy|ok\n|\n|t:|1699931828\n|move|p1a: Very Gender|Metronome|p1a: Very Gender\n|move|p1a: Very Gender|Happy Hour|p1a: Very Gender|[from]move: Metronome\n|move|p2a: Dusknoir|Metronome|p2a: Dusknoir\n|move|p2a: Dusknoir|Vine Whip|p1a: Very Gender|[from]move: Metronome\n|-crit|p1a: Very Gender\n|-damage|p1a: Very Gender|18\/100\n|\n|-heal|p2a: Dusknoir|97\/100 par|[from] item: Leftovers\n|upkeep\n|turn|63\n|c|\u2606MilkTeaWayGalaxy|ok\n|\n|t:|1699931836\n|move|p1a: Very Gender|Metronome|p1a: Very Gender\n|move|p1a: Very Gender|Fury Cutter|p2a: Dusknoir|[from]move: Metronome\n|-resisted|p2a: Dusknoir\n|-damage|p2a: Dusknoir|90\/100 par\n|move|p2a: Dusknoir|Metronome|p2a: Dusknoir\n|move|p2a: Dusknoir|Roost|p2a: Dusknoir|[from]move: Metronome\n|-heal|p2a: Dusknoir|100\/100 par\n|-singleturn|p2a: Dusknoir|move: Roost\n|\n|upkeep\n|turn|64\n|c|\u2606MilkTeaWayGalaxy|ok\n|\n|t:|1699931844\n|move|p1a: Very Gender|Metronome|p1a: Very Gender\n|move|p1a: Very Gender|Moonlight|p1a: Very Gender|[from]move: Metronome\n|-heal|p1a: Very Gender|68\/100\n|move|p2a: Dusknoir|Metronome|p2a: Dusknoir\n|move|p2a: Dusknoir|Force Palm|p1a: Very Gender|[from]move: Metronome\n|-resisted|p1a: Very Gender\n|-damage|p1a: Very Gender|62\/100\n|\n|upkeep\n|turn|65\n|c|\u2606MilkTeaWayGalaxy|ok\n|\n|t:|1699931851\n|move|p1a: Very Gender|Metronome|p1a: Very Gender\n|move|p1a: Very Gender|Rock Blast|p2a: Dusknoir|[from]move: Metronome\n|-damage|p2a: Dusknoir|92\/100 par\n|-damage|p2a: Dusknoir|83\/100 par\n|-hitcount|p2a: Dusknoir|2\n|-activate|p2a: Dusknoir|move: Struggle\n|move|p2a: Dusknoir|Struggle|p1a: Very Gender\n|-damage|p1a: Very Gender|51\/100\n|-damage|p2a: Dusknoir|58\/100 par|[from] recoil\n|\n|-heal|p2a: Dusknoir|64\/100 par|[from] item: Leftovers\n|upkeep\n|turn|66\n|c|\u2606MilkTeaWayGalaxy|only 2 ok\n|\n|t:|1699931862\n|move|p1a: Very Gender|Metronome|p1a: Very Gender\n|move|p1a: Very Gender|Heal Pulse|p2a: Dusknoir|[from]move: Metronome\n|-heal|p2a: Dusknoir|100\/100 par\n|-activate|p2a: Dusknoir|move: Struggle\n|move|p2a: Dusknoir|Struggle|p1a: Very Gender\n|-damage|p1a: Very Gender|41\/100\n|-damage|p2a: Dusknoir|75\/100 par|[from] recoil\n|\n|-heal|p2a: Dusknoir|81\/100 par|[from] item: Leftovers\n|upkeep\n|turn|67\n|c|\u2606MilkTeaWayGalaxy|ok\n|\n|t:|1699931871\n|-activate|p1a: Very Gender|move: Struggle\n|move|p1a: Very Gender|Struggle|p2a: Dusknoir\n|-damage|p2a: Dusknoir|63\/100 par\n|-damage|p1a: Very Gender|16\/100|[from] recoil\n|-activate|p2a: Dusknoir|move: Struggle\n|move|p2a: Dusknoir|Struggle|p1a: Very Gender\n|-damage|p1a: Very Gender|6\/100\n|-damage|p2a: Dusknoir|38\/100 par|[from] recoil\n|\n|-heal|p2a: Dusknoir|44\/100 par|[from] item: Leftovers\n|upkeep\n|turn|68\n|c|\u2606ChillyChills|Im so sorry\n|\n|t:|1699931879\n|-activate|p1a: Very Gender|move: Struggle\n|move|p1a: Very Gender|Struggle|p2a: Dusknoir\n|-damage|p2a: Dusknoir|28\/100 par\n|-damage|p1a: Very Gender|0 fnt|[from] recoil\n|faint|p1a: Very Gender\n|-end|p1a: Very Gender|Quark Drive|[silent]\n|\n|win|ChillyChills\n|c|\u2606MilkTeaWayGalaxy|That one was not gg\n|c|\u2606MilkTeaWayGalaxy|genuinely got nothing\n|c|\u2606ChillyChills|no like ur so right\n|c|\u2606ChillyChills|rng was garbage\n|c|\u2606MilkTeaWayGalaxy|and both games Cursed Body activated the first hit\n|c|\u2606ChillyChills|u did get robbed Im so sorry\n|c|\u2606MilkTeaWayGalaxy|it's fine lol\n","uploadtime":1699931974,"views":14,"p1id":"milkteawaygalaxy","p2id":"chillychills","formatid":"gen9ou","rating":0,"private":0,"password":""}