{"id":"gen9ou-2000255447","p1":"LucyLikePizza","p2":"Savouras","format":"[Gen 9] OU","log":"|j|\u2606LucyLikePizza\n|j|\u2606Savouras\n|t:|1701178144\n|gametype|singles\n|player|p1|LucyLikePizza|102|1808\n|player|p2|Savouras|#bdspplempoleonshow|1887\n|teamsize|p1|6\n|teamsize|p2|6\n|gen|9\n|tier|[Gen 9] OU\n|rated|\n|rule|Sleep Clause Mod: Limit one foe put to sleep\n|rule|Species Clause: Limit one of each Pok\u00e9mon\n|rule|OHKO Clause: OHKO moves are banned\n|rule|Evasion Items Clause: Evasion items are banned\n|rule|Evasion Moves Clause: Evasion moves are banned\n|rule|Endless Battle Clause: Forcing endless battles is banned\n|rule|HP Percentage Mod: HP is shown in percentages\n|clearpoke\n|poke|p1|Ribombee, F|\n|poke|p1|Great Tusk|\n|poke|p1|Gholdengo|\n|poke|p1|Manaphy|\n|poke|p1|Kingambit, F|\n|poke|p1|Iron Moth|\n|poke|p2|Zamazenta-*|\n|poke|p2|Zoroark-Hisui, M|\n|poke|p2|Dragonite, M|\n|poke|p2|Heatran, M|\n|poke|p2|Great Tusk|\n|poke|p2|Toxapex, F|\n|teampreview\n|inactive|Battle timer is ON: inactive players will automatically lose when time's up. (requested by LucyLikePizza)\n|j| xxCOALLAxx\n|inactive|Savouras has 120 seconds left.\n|\n|t:|1701178203\n|start\n|switch|p1a: Manaphy|Manaphy|100\/100\n|switch|p2a: Toxapex|Toxapex, F|100\/100\n|turn|1\n|\n|t:|1701178209\n|move|p1a: Manaphy|Scald|p2a: Toxapex\n|-resisted|p2a: Toxapex\n|-damage|p2a: Toxapex|91\/100\n|move|p2a: Toxapex|Toxic Spikes|p1a: Manaphy\n|-sidestart|p1: LucyLikePizza|move: Toxic Spikes\n|\n|-heal|p2a: Toxapex|98\/100|[from] item: Leftovers\n|upkeep\n|turn|2\n|\n|t:|1701178218\n|move|p1a: Manaphy|Take Heart|p1a: Manaphy\n|-boost|p1a: Manaphy|spa|1\n|-boost|p1a: Manaphy|spd|1\n|move|p2a: Toxapex|Surf|p1a: Manaphy\n|-resisted|p1a: Manaphy\n|-damage|p1a: Manaphy|95\/100\n|\n|-heal|p1a: Manaphy|100\/100|[from] item: Leftovers\n|-heal|p2a: Toxapex|100\/100|[from] item: Leftovers\n|upkeep\n|turn|3\n|\n|t:|1701178226\n|move|p1a: Manaphy|Scald|p2a: Toxapex\n|-resisted|p2a: Toxapex\n|-damage|p2a: Toxapex|86\/100\n|move|p2a: Toxapex|Haze|p2a: Toxapex\n|-clearallboost\n|\n|-heal|p2a: Toxapex|93\/100|[from] item: Leftovers\n|upkeep\n|turn|4\n|j| cdx\n|j| Ran Kob\n|\n|t:|1701178241\n|switch|p2a: Great Tusk|Great Tusk|100\/100\n|move|p1a: Manaphy|Scald|p2a: Great Tusk\n|-supereffective|p2a: Great Tusk\n|-damage|p2a: Great Tusk|24\/100\n|\n|-heal|p2a: Great Tusk|31\/100|[from] item: Leftovers\n|upkeep\n|turn|5\n|j| Elaia_64\n|j| fmn027\n|\n|t:|1701178249\n|-terastallize|p2a: Great Tusk|Dragon\n|move|p1a: Manaphy|Scald|p2a: Great Tusk\n|-resisted|p2a: Great Tusk\n|-damage|p2a: Great Tusk|12\/100\n|-status|p2a: Great Tusk|brn\n|move|p2a: Great Tusk|Knock Off|p1a: Manaphy\n|-damage|p1a: Manaphy|88\/100\n|-enditem|p1a: Manaphy|Leftovers|[from] move: Knock Off|[of] p2a: Great Tusk\n|\n|-heal|p2a: Great Tusk|18\/100 brn|[from] item: Leftovers\n|-damage|p2a: Great Tusk|12\/100 brn|[from] brn\n|upkeep\n|turn|6\n|\n|t:|1701178262\n|-end|p2a: Great Tusk|Protosynthesis|[silent]\n|switch|p2a: Toxapex|Toxapex, F|100\/100\n|move|p1a: Manaphy|Scald|p2a: Toxapex\n|-resisted|p2a: Toxapex\n|-damage|p2a: Toxapex|91\/100\n|\n|-heal|p2a: Toxapex|97\/100|[from] item: Leftovers\n|upkeep\n|turn|7\n|\n|t:|1701178266\n|move|p1a: Manaphy|Scald|p2a: Toxapex\n|-resisted|p2a: Toxapex\n|-damage|p2a: Toxapex|87\/100\n|move|p2a: Toxapex|Surf|p1a: Manaphy\n|-resisted|p1a: Manaphy\n|-damage|p1a: Manaphy|80\/100\n|\n|-heal|p2a: Toxapex|94\/100|[from] item: Leftovers\n|upkeep\n|turn|8\n|\n|t:|1701178271\n|move|p1a: Manaphy|Scald|p2a: Toxapex\n|-resisted|p2a: Toxapex\n|-damage|p2a: Toxapex|85\/100\n|move|p2a: Toxapex|Surf|p1a: Manaphy\n|-resisted|p1a: Manaphy\n|-crit|p1a: Manaphy\n|-damage|p1a: Manaphy|68\/100\n|\n|-heal|p2a: Toxapex|91\/100|[from] item: Leftovers\n|upkeep\n|turn|9\n|\n|t:|1701178273\n|move|p1a: Manaphy|Scald|p2a: Toxapex\n|-resisted|p2a: Toxapex\n|-damage|p2a: Toxapex|82\/100\n|move|p2a: Toxapex|Surf|p1a: Manaphy\n|-resisted|p1a: Manaphy\n|-damage|p1a: Manaphy|60\/100\n|\n|-heal|p2a: Toxapex|88\/100|[from] item: Leftovers\n|upkeep\n|turn|10\n|\n|t:|1701178275\n|move|p1a: Manaphy|Scald|p2a: Toxapex\n|-resisted|p2a: Toxapex\n|-damage|p2a: Toxapex|79\/100\n|move|p2a: Toxapex|Surf|p1a: Manaphy\n|-resisted|p1a: Manaphy\n|-damage|p1a: Manaphy|52\/100\n|\n|-heal|p2a: Toxapex|85\/100|[from] item: Leftovers\n|upkeep\n|turn|11\n|\n|t:|1701178282\n|move|p1a: Manaphy|Scald|p2a: Toxapex\n|-resisted|p2a: Toxapex\n|-damage|p2a: Toxapex|77\/100\n|-status|p2a: Toxapex|brn\n|move|p2a: Toxapex|Surf|p1a: Manaphy\n|-resisted|p1a: Manaphy\n|-damage|p1a: Manaphy|44\/100\n|\n|-heal|p2a: Toxapex|83\/100 brn|[from] item: Leftovers\n|-damage|p2a: Toxapex|77\/100 brn|[from] brn\n|upkeep\n|turn|12\n|\n|t:|1701178286\n|switch|p1a: Gholdengo|Gholdengo|100\/100\n|-item|p1a: Gholdengo|Air Balloon\n|move|p2a: Toxapex|Surf|p1a: Gholdengo\n|-damage|p1a: Gholdengo|79\/100\n|-enditem|p1a: Gholdengo|Air Balloon\n|\n|-heal|p2a: Toxapex|83\/100 brn|[from] item: Leftovers\n|-damage|p2a: Toxapex|77\/100 brn|[from] brn\n|upkeep\n|turn|13\n|\n|t:|1701178292\n|switch|p2a: Great Tusk|Great Tusk|100\/100\n|move|p1a: Gholdengo|Psyshock|p2a: Great Tusk\n|-damage|p2a: Great Tusk|44\/100\n|replace|p2a: Zoroark|Zoroark-Hisui, M\n|-end|p2a: Zoroark|Illusion\n|\n|upkeep\n|turn|14\n|\n|t:|1701178312\n|-terastallize|p1a: Gholdengo|Water\n|move|p2a: Zoroark|Focus Blast|p1a: Gholdengo\n|-damage|p1a: Gholdengo|32\/100\n|move|p1a: Gholdengo|Psyshock|p2a: Zoroark\n|-damage|p2a: Zoroark|0 fnt\n|faint|p2a: Zoroark\n|\n|upkeep\n|\n|t:|1701178321\n|switch|p2a: Zamazenta|Zamazenta|100\/100\n|-ability|p2a: Zamazenta|Dauntless Shield|boost\n|-boost|p2a: Zamazenta|def|1\n|turn|15\n|\n|t:|1701178325\n|move|p2a: Zamazenta|Body Press|p1a: Gholdengo\n|-damage|p1a: Gholdengo|0 fnt\n|faint|p1a: Gholdengo\n|\n|upkeep\n|\n|t:|1701178336\n|switch|p1a: Iron Moth|Iron Moth|100\/100\n|-sideend|p1: LucyLikePizza|move: Toxic Spikes|[of] p1a: Iron Moth\n|-enditem|p1a: Iron Moth|Booster Energy\n|-activate|p1a: Iron Moth|ability: Quark Drive|[fromitem]\n|-start|p1a: Iron Moth|quarkdrivespe\n|turn|16\n|\n|t:|1701178342\n|switch|p2a: Heatran|Heatran, M|100\/100\n|move|p1a: Iron Moth|Fiery Dance|p2a: Heatran\n|-start|p2a: Heatran|ability: Flash Fire\n|\n|upkeep\n|turn|17\n|\n|t:|1701178350\n|-end|p1a: Iron Moth|Quark Drive|[silent]\n|switch|p1a: Manaphy|Manaphy|44\/100\n|move|p2a: Heatran|Magma Storm|p1a: Manaphy\n|-resisted|p1a: Manaphy\n|-damage|p1a: Manaphy|18\/100\n|-activate|p1a: Manaphy|move: Magma Storm|[of] p2a: Heatran\n|\n|-damage|p1a: Manaphy|5\/100|[from] move: Magma Storm|[partiallytrapped]\n|upkeep\n|turn|18\n|\n|t:|1701178358\n|-end|p2a: Heatran|ability: Flash Fire|[silent]\n|switch|p2a: Toxapex|Toxapex, F|100\/100 brn\n|move|p1a: Manaphy|Scald|p2a: Toxapex\n|-resisted|p2a: Toxapex\n|-damage|p2a: Toxapex|92\/100 brn\n|\n|-heal|p2a: Toxapex|98\/100 brn|[from] item: Leftovers\n|-damage|p2a: Toxapex|92\/100 brn|[from] brn\n|-end|p1a: Manaphy|Magma Storm|[partiallytrapped]|[silent]\n|upkeep\n|turn|19\n|\n|t:|1701178363\n|move|p1a: Manaphy|Scald|p2a: Toxapex\n|-resisted|p2a: Toxapex\n|-damage|p2a: Toxapex|82\/100 brn\n|move|p2a: Toxapex|Toxic Spikes|p1a: Manaphy\n|-sidestart|p1: LucyLikePizza|move: Toxic Spikes\n|\n|-heal|p2a: Toxapex|89\/100 brn|[from] item: Leftovers\n|-damage|p2a: Toxapex|82\/100 brn|[from] brn\n|upkeep\n|turn|20\n|\n|t:|1701178371\n|switch|p1a: Iron Moth|Iron Moth|100\/100\n|-sideend|p1: LucyLikePizza|move: Toxic Spikes|[of] p1a: Iron Moth\n|move|p2a: Toxapex|Surf|p1a: Iron Moth\n|-supereffective|p1a: Iron Moth\n|-damage|p1a: Iron Moth|62\/100\n|\n|-heal|p2a: Toxapex|89\/100 brn|[from] item: Leftovers\n|-damage|p2a: Toxapex|82\/100 brn|[from] brn\n|upkeep\n|turn|21\n|\n|t:|1701178379\n|-end|p1a: Iron Moth|Quark Drive|[silent]\n|switch|p1a: Ribombee|Ribombee, F|100\/100\n|move|p2a: Toxapex|Toxic Spikes|p1a: Ribombee\n|-sidestart|p1: LucyLikePizza|move: Toxic Spikes\n|\n|-heal|p2a: Toxapex|89\/100 brn|[from] item: Leftovers\n|-damage|p2a: Toxapex|82\/100 brn|[from] brn\n|upkeep\n|turn|22\n|\n|t:|1701178391\n|move|p1a: Ribombee|Sticky Web|p2a: Toxapex\n|-sidestart|p2: Savouras|move: Sticky Web\n|move|p2a: Toxapex|Surf|p1a: Ribombee\n|-damage|p1a: Ribombee|69\/100\n|\n|-heal|p2a: Toxapex|89\/100 brn|[from] item: Leftovers\n|-damage|p2a: Toxapex|82\/100 brn|[from] brn\n|upkeep\n|turn|23\n|\n|t:|1701178398\n|move|p1a: Ribombee|Psychic|p2a: Toxapex\n|-supereffective|p2a: Toxapex\n|-damage|p2a: Toxapex|48\/100 brn\n|move|p2a: Toxapex|Surf|p1a: Ribombee\n|-damage|p1a: Ribombee|38\/100\n|\n|-heal|p2a: Toxapex|54\/100 brn|[from] item: Leftovers\n|-damage|p2a: Toxapex|48\/100 brn|[from] brn\n|upkeep\n|turn|24\n|\n|t:|1701178406\n|move|p1a: Ribombee|Moonblast|p2a: Toxapex\n|-resisted|p2a: Toxapex\n|-damage|p2a: Toxapex|33\/100 brn\n|-unboost|p2a: Toxapex|spa|1\n|move|p2a: Toxapex|Recover|p2a: Toxapex\n|-heal|p2a: Toxapex|83\/100 brn\n|\n|-heal|p2a: Toxapex|89\/100 brn|[from] item: Leftovers\n|-damage|p2a: Toxapex|83\/100 brn|[from] brn\n|upkeep\n|turn|25\n|\n|t:|1701178415\n|move|p1a: Ribombee|Psychic|p2a: Toxapex\n|-supereffective|p2a: Toxapex\n|-damage|p2a: Toxapex|49\/100 brn\n|move|p2a: Toxapex|Surf|p1a: Ribombee\n|-damage|p1a: Ribombee|18\/100\n|\n|-heal|p2a: Toxapex|55\/100 brn|[from] item: Leftovers\n|-damage|p2a: Toxapex|49\/100 brn|[from] brn\n|upkeep\n|turn|26\n|\n|t:|1701178423\n|switch|p1a: Iron Moth|Iron Moth|62\/100\n|-sideend|p1: LucyLikePizza|move: Toxic Spikes|[of] p1a: Iron Moth\n|switch|p2a: Heatran|Heatran, M|100\/100\n|-activate|p2a: Heatran|move: Sticky Web\n|-unboost|p2a: Heatran|spe|1\n|\n|upkeep\n|turn|27\n|\n|t:|1701178436\n|-end|p1a: Iron Moth|Quark Drive|[silent]\n|switch|p1a: Manaphy|Manaphy|5\/100\n|switch|p2a: Toxapex|Toxapex, F|82\/100 brn\n|-activate|p2a: Toxapex|move: Sticky Web\n|-unboost|p2a: Toxapex|spe|1\n|\n|-heal|p2a: Toxapex|88\/100 brn|[from] item: Leftovers\n|-damage|p2a: Toxapex|82\/100 brn|[from] brn\n|upkeep\n|turn|28\n|\n|t:|1701178445\n|switch|p1a: Great Tusk|Great Tusk|100\/100\n|move|p2a: Toxapex|Toxic Spikes|p1a: Great Tusk\n|-sidestart|p1: LucyLikePizza|move: Toxic Spikes\n|\n|-heal|p2a: Toxapex|88\/100 brn|[from] item: Leftovers\n|-damage|p2a: Toxapex|82\/100 brn|[from] brn\n|upkeep\n|turn|29\n|j| DukeStarr\n|\n|t:|1701178455\n|move|p1a: Great Tusk|Earthquake|p2a: Toxapex\n|-supereffective|p2a: Toxapex\n|-damage|p2a: Toxapex|12\/100 brn\n|move|p2a: Toxapex|Surf|p1a: Great Tusk\n|-supereffective|p1a: Great Tusk\n|-damage|p1a: Great Tusk|47\/100\n|\n|-heal|p1a: Great Tusk|53\/100|[from] item: Leftovers\n|-heal|p2a: Toxapex|18\/100 brn|[from] item: Leftovers\n|-damage|p2a: Toxapex|12\/100 brn|[from] brn\n|upkeep\n|turn|30\n|l| DukeStarr\n|inactive|Savouras has 120 seconds left.\n|l| cdx\n|\n|t:|1701178493\n|switch|p2a: Dragonite|Dragonite, M|100\/100\n|move|p1a: Great Tusk|Bulk Up|p1a: Great Tusk\n|-boost|p1a: Great Tusk|atk|1\n|-boost|p1a: Great Tusk|def|1\n|\n|-heal|p1a: Great Tusk|59\/100|[from] item: Leftovers\n|upkeep\n|turn|31\n|inactive|Savouras has 120 seconds left.\n|\n|t:|1701178509\n|switch|p2a: Zamazenta|Zamazenta|100\/100\n|-activate|p2a: Zamazenta|move: Sticky Web\n|-unboost|p2a: Zamazenta|spe|1\n|move|p1a: Great Tusk|Ice Spinner|p2a: Zamazenta\n|-damage|p2a: Zamazenta|64\/100\n|\n|-heal|p1a: Great Tusk|65\/100|[from] item: Leftovers\n|-heal|p2a: Zamazenta|70\/100|[from] item: Leftovers\n|upkeep\n|turn|32\n|\n|t:|1701178519\n|move|p1a: Great Tusk|Earthquake|p2a: Zamazenta\n|-damage|p2a: Zamazenta|0 fnt\n|faint|p2a: Zamazenta\n|\n|-heal|p1a: Great Tusk|71\/100|[from] item: Leftovers\n|upkeep\n|-message|Savouras forfeited.\n|\n|win|LucyLikePizza\n|raw|LucyLikePizza's rating: 1808 &rarr; <strong>1832<\/strong><br \/>(+24 for winning)\n|raw|Savouras's rating: 1887 &rarr; <strong>1863<\/strong><br \/>(-24 for losing)\n|l|\u2606Savouras\n|l| Elaia_64\n|l|\u2606LucyLikePizza\n","uploadtime":1701178584,"views":3,"p1id":"lucylikepizza","p2id":"savouras","formatid":"gen9ou","rating":1832,"private":0,"password":""}