{"id":"gen9ou-2000452651","p1":"yinmeng","p2":"dimito10","format":"[Gen 9] OU","log":"|j|\u2606yinmeng\n|j|\u2606dimito10\n|t:|1701196040\n|gametype|singles\n|player|p1|yinmeng|norman|1106\n|player|p2|dimito10|brock|1167\n|teamsize|p1|6\n|teamsize|p2|6\n|gen|9\n|tier|[Gen 9] OU\n|rated|\n|rule|Sleep Clause Mod: Limit one foe put to sleep\n|rule|Species Clause: Limit one of each Pok\u00e9mon\n|rule|OHKO Clause: OHKO moves are banned\n|rule|Evasion Items Clause: Evasion items are banned\n|rule|Evasion Moves Clause: Evasion moves are banned\n|rule|Endless Battle Clause: Forcing endless battles is banned\n|rule|HP Percentage Mod: HP is shown in percentages\n|clearpoke\n|poke|p1|Iron Hands|\n|poke|p1|Garchomp, M|\n|poke|p1|Grimmsnarl, M|\n|poke|p1|Ogerpon-Cornerstone, F|\n|poke|p1|Kleavor, M|\n|poke|p1|Iron Treads|\n|poke|p2|Lurantis, M|\n|poke|p2|Skeledirge, F|\n|poke|p2|Alomomola, M|\n|poke|p2|Yanmega, M|\n|poke|p2|Great Tusk|\n|poke|p2|Sylveon, M|\n|teampreview\n|\n|t:|1701196049\n|start\n|switch|p1a: Kleavor|Kleavor, M|100\/100\n|switch|p2a: Alomomola|Alomomola, M|100\/100\n|turn|1\n|\n|t:|1701196056\n|move|p1a: Kleavor|Stone Axe|p2a: Alomomola\n|-damage|p2a: Alomomola|72\/100\n|-sidestart|p2: dimito10|move: Stealth Rock\n|move|p2a: Alomomola|Flip Turn|p1a: Kleavor\n|-supereffective|p1a: Kleavor\n|-damage|p1a: Kleavor|66\/100\n|\n|t:|1701196069\n|switch|p2a: Great Tusk|Great Tusk|100\/100|[from] Flip Turn\n|-damage|p2a: Great Tusk|98\/100|[from] Stealth Rock\n|-enditem|p2a: Great Tusk|Booster Energy\n|-activate|p2a: Great Tusk|ability: Protosynthesis|[fromitem]\n|-start|p2a: Great Tusk|protosynthesisatk\n|\n|upkeep\n|turn|2\n|\n|t:|1701196089\n|switch|p1a: Grimmsnarl|Grimmsnarl, M|100\/100\n|move|p2a: Great Tusk|Close Combat|p1a: Grimmsnarl\n|-damage|p1a: Grimmsnarl|23\/100\n|-unboost|p2a: Great Tusk|def|1\n|-unboost|p2a: Great Tusk|spd|1\n|\n|upkeep\n|turn|3\n|\n|t:|1701196103\n|move|p1a: Grimmsnarl|Fake Out|p2a: Great Tusk\n|-damage|p2a: Great Tusk|87\/100\n|cant|p2a: Great Tusk|flinch\n|\n|upkeep\n|turn|4\n|\n|t:|1701196111\n|move|p1a: Grimmsnarl|Parting Shot|p2a: Great Tusk\n|-unboost|p2a: Great Tusk|atk|1\n|-unboost|p2a: Great Tusk|spa|1\n|\n|t:|1701196119\n|switch|p1a: Iron Hands|Iron Hands|100\/100|[from] Parting Shot\n|move|p2a: Great Tusk|Rapid Spin|p1a: Iron Hands\n|-damage|p1a: Iron Hands|91\/100\n|-boost|p2a: Great Tusk|spe|1\n|-sideend|p2: dimito10|Stealth Rock|[from] move: Rapid Spin|[of] p2a: Great Tusk\n|\n|-heal|p1a: Iron Hands|97\/100|[from] item: Leftovers\n|upkeep\n|turn|5\n|\n|t:|1701196131\n|move|p2a: Great Tusk|Headlong Rush|p1a: Iron Hands\n|-supereffective|p1a: Iron Hands\n|-damage|p1a: Iron Hands|37\/100\n|-unboost|p2a: Great Tusk|def|1\n|-unboost|p2a: Great Tusk|spd|1\n|move|p1a: Iron Hands|Swords Dance|p1a: Iron Hands\n|-boost|p1a: Iron Hands|atk|2\n|\n|-heal|p1a: Iron Hands|43\/100|[from] item: Leftovers\n|upkeep\n|turn|6\n|\n|t:|1701196142\n|-terastallize|p1a: Iron Hands|Fighting\n|move|p2a: Great Tusk|Headlong Rush|p1a: Iron Hands\n|-damage|p1a: Iron Hands|12\/100\n|-unboost|p2a: Great Tusk|def|1\n|-unboost|p2a: Great Tusk|spd|1\n|move|p1a: Iron Hands|Drain Punch|p2a: Great Tusk\n|-damage|p2a: Great Tusk|0 fnt\n|-heal|p1a: Iron Hands|43\/100|[from] drain|[of] p2a: Great Tusk\n|faint|p2a: Great Tusk\n|-end|p2a: Great Tusk|Protosynthesis|[silent]\n|\n|-heal|p1a: Iron Hands|49\/100|[from] item: Leftovers\n|upkeep\n|\n|t:|1701196173\n|switch|p2a: Alomomola|Alomomola, M|100\/100\n|turn|7\n|\n|t:|1701196180\n|move|p2a: Alomomola|Flip Turn|p1a: Iron Hands\n|-damage|p1a: Iron Hands|41\/100\n|\n|t:|1701196188\n|switch|p2a: Sylveon|Sylveon, M|100\/100|[from] Flip Turn\n|move|p1a: Iron Hands|Drain Punch|p2a: Sylveon\n|-resisted|p2a: Sylveon\n|-damage|p2a: Sylveon|49\/100\n|-heal|p1a: Iron Hands|61\/100|[from] drain|[of] p2a: Sylveon\n|\n|-heal|p2a: Sylveon|55\/100|[from] item: Leftovers\n|-heal|p1a: Iron Hands|67\/100|[from] item: Leftovers\n|upkeep\n|turn|8\n|\n|t:|1701196200\n|switch|p2a: Skeledirge|Skeledirge, F|100\/100\n|move|p1a: Iron Hands|Iron Head|p2a: Skeledirge\n|-resisted|p2a: Skeledirge\n|-damage|p2a: Skeledirge|91\/100\n|\n|-heal|p1a: Iron Hands|73\/100|[from] item: Leftovers\n|upkeep\n|turn|9\n|\n|t:|1701196214\n|-end|p1a: Iron Hands|Quark Drive|[silent]\n|switch|p1a: Kleavor|Kleavor, M|66\/100\n|move|p2a: Skeledirge|Torch Song|p1a: Kleavor\n|-damage|p1a: Kleavor|2\/100\n|-boost|p2a: Skeledirge|spa|1\n|\n|upkeep\n|turn|10\n|\n|t:|1701196225\n|move|p1a: Kleavor|Stone Axe|p2a: Skeledirge\n|-supereffective|p2a: Skeledirge\n|-damage|p2a: Skeledirge|9\/100\n|-sidestart|p2: dimito10|move: Stealth Rock\n|move|p2a: Skeledirge|Torch Song|p1a: Kleavor\n|-damage|p1a: Kleavor|0 fnt\n|-boost|p2a: Skeledirge|spa|1\n|faint|p1a: Kleavor\n|\n|upkeep\n|\n|t:|1701196233\n|switch|p1a: Ogerpon|Ogerpon-Cornerstone, F|100\/100\n|turn|11\n|\n|t:|1701196241\n|move|p1a: Ogerpon|Ivy Cudgel|p2a: Skeledirge|[anim] Ivy Cudgel Rock\n|-supereffective|p2a: Skeledirge\n|-damage|p2a: Skeledirge|0 fnt\n|faint|p2a: Skeledirge\n|\n|upkeep\n|\n|t:|1701196255\n|switch|p2a: Lurantis|Lurantis, M|100\/100\n|-damage|p2a: Lurantis|88\/100|[from] Stealth Rock\n|turn|12\n|\n|t:|1701196270\n|move|p1a: Ogerpon|Swords Dance|p1a: Ogerpon\n|-boost|p1a: Ogerpon|atk|2\n|move|p2a: Lurantis|Superpower|p1a: Ogerpon\n|-supereffective|p1a: Ogerpon\n|-ability|p1a: Ogerpon|Sturdy\n|-damage|p1a: Ogerpon|1\/100\n|-boost|p2a: Lurantis|atk|1\n|-boost|p2a: Lurantis|def|1\n|\n|upkeep\n|turn|13\n|\n|t:|1701196282\n|move|p1a: Ogerpon|Ivy Cudgel|p2a: Lurantis|[anim] Ivy Cudgel Rock\n|-crit|p2a: Lurantis\n|-damage|p2a: Lurantis|0 fnt\n|faint|p2a: Lurantis\n|\n|upkeep\n|\n|t:|1701196310\n|switch|p2a: Alomomola|Alomomola, M|100\/100\n|-damage|p2a: Alomomola|88\/100|[from] Stealth Rock\n|turn|14\n|\n|t:|1701196317\n|move|p1a: Ogerpon|Horn Leech|p2a: Alomomola\n|-supereffective|p2a: Alomomola\n|-damage|p2a: Alomomola|0 fnt\n|-heal|p1a: Ogerpon|78\/100|[from] drain|[of] p2a: Alomomola\n|faint|p2a: Alomomola\n|\n|upkeep\n|\n|t:|1701196327\n|switch|p2a: Yanmega|Yanmega, M|100\/100\n|-damage|p2a: Yanmega|51\/100|[from] Stealth Rock\n|turn|15\n|\n|t:|1701196335\n|-terastallize|p2a: Yanmega|Ground\n|move|p1a: Ogerpon|Ivy Cudgel|p2a: Yanmega|[anim] Ivy Cudgel Rock\n|-resisted|p2a: Yanmega\n|-damage|p2a: Yanmega|0 fnt\n|faint|p2a: Yanmega\n|\n|upkeep\n|\n|t:|1701196344\n|switch|p2a: Sylveon|Sylveon, M|55\/100\n|-damage|p2a: Sylveon|42\/100|[from] Stealth Rock\n|turn|16\n|\n|t:|1701196349\n|move|p1a: Ogerpon|Ivy Cudgel|p2a: Sylveon|[anim] Ivy Cudgel Rock\n|-damage|p2a: Sylveon|0 fnt\n|faint|p2a: Sylveon\n|\n|win|yinmeng\n|raw|yinmeng's rating: 1106 &rarr; <strong>1135<\/strong><br \/>(+29 for winning)\n|raw|dimito10's rating: 1167 &rarr; <strong>1138<\/strong><br \/>(-29 for losing)\n","uploadtime":1701196357,"views":28,"p1id":"yinmeng","p2id":"dimito10","formatid":"gen9ou","rating":1135,"private":0,"password":""}