{"id":"gen9ou-1992431381","p1":"tiny clips","p2":"coomploud","format":"[Gen 9] OU","log":"|j|\u203dtiny clips\n|j|\u2606coomploud\n|t:|1700186788\n|gametype|singles\n|player|p1|tiny clips|liza|1122\n|player|p2|coomploud|brycen|1134\n|teamsize|p1|6\n|teamsize|p2|6\n|gen|9\n|tier|[Gen 9] OU\n|rated|\n|rule|Sleep Clause Mod: Limit one foe put to sleep\n|rule|Species Clause: Limit one of each Pok\u00e9mon\n|rule|OHKO Clause: OHKO moves are banned\n|rule|Evasion Items Clause: Evasion items are banned\n|rule|Evasion Moves Clause: Evasion moves are banned\n|rule|Endless Battle Clause: Forcing endless battles is banned\n|rule|HP Percentage Mod: HP is shown in percentages\n|clearpoke\n|poke|p1|Gholdengo|\n|poke|p1|Garchomp, M|\n|poke|p1|Kingambit, F|\n|poke|p1|Toxapex, M|\n|poke|p1|Ting-Lu|\n|poke|p1|Manaphy|\n|poke|p2|Cresselia, F|\n|poke|p2|Polteageist|\n|poke|p2|Landorus-Therian, M|\n|poke|p2|Tatsugiri-Stretchy, F|\n|poke|p2|Hawlucha, F|\n|poke|p2|Rillaboom, F|\n|teampreview\n|inactive|Battle timer is ON: inactive players will automatically lose when time's up. (requested by coomploud)\n|inactive|tiny clips has 120 seconds left.\n|\n|t:|1700186837\n|start\n|switch|p1a: Garchomp|Garchomp, M|100\/100\n|switch|p2a: Tatsugiri|Tatsugiri-Stretchy, F|100\/100\n|turn|1\n|\n|t:|1700186859\n|move|p1a: Garchomp|Stealth Rock|p2a: Tatsugiri\n|-sidestart|p2: coomploud|move: Stealth Rock\n|move|p2a: Tatsugiri|Dragon Pulse|p1a: Garchomp\n|-supereffective|p1a: Garchomp\n|-damage|p1a: Garchomp|13\/100\n|\n|upkeep\n|turn|2\n|\n|t:|1700186871\n|switch|p1a: Toxapex|Toxapex, M|100\/100\n|move|p2a: Tatsugiri|Dragon Pulse|p1a: Toxapex\n|-damage|p1a: Toxapex|74\/100\n|\n|-heal|p1a: Toxapex|80\/100|[from] item: Black Sludge\n|upkeep\n|turn|3\n|\n|t:|1700186886\n|move|p2a: Tatsugiri|Rapid Spin|p1a: Toxapex\n|-damage|p1a: Toxapex|75\/100\n|-boost|p2a: Tatsugiri|spe|1\n|-sideend|p2: coomploud|Stealth Rock|[from] move: Rapid Spin|[of] p2a: Tatsugiri\n|move|p1a: Toxapex|Toxic Spikes|p2a: Tatsugiri\n|-sidestart|p2: coomploud|move: Toxic Spikes\n|\n|-heal|p1a: Toxapex|81\/100|[from] item: Black Sludge\n|upkeep\n|turn|4\n|inactive|tiny clips has 120 seconds left.\n|\n|t:|1700186922\n|move|p2a: Tatsugiri|Rapid Spin|p1a: Toxapex\n|-damage|p1a: Toxapex|76\/100\n|-boost|p2a: Tatsugiri|spe|1\n|-sideend|p2: coomploud|Toxic Spikes|[from] move: Rapid Spin|[of] p2a: Tatsugiri\n|move|p1a: Toxapex|Toxic Spikes|p2a: Tatsugiri\n|-sidestart|p2: coomploud|move: Toxic Spikes\n|\n|-heal|p1a: Toxapex|82\/100|[from] item: Black Sludge\n|upkeep\n|turn|5\n|\n|t:|1700186935\n|move|p2a: Tatsugiri|Rapid Spin|p1a: Toxapex\n|-damage|p1a: Toxapex|77\/100\n|-boost|p2a: Tatsugiri|spe|1\n|-sideend|p2: coomploud|Toxic Spikes|[from] move: Rapid Spin|[of] p2a: Tatsugiri\n|move|p1a: Toxapex|Chilling Water|p2a: Tatsugiri\n|-ability|p2a: Tatsugiri|Storm Drain|boost\n|-boost|p2a: Tatsugiri|spa|1\n|\n|-heal|p1a: Toxapex|83\/100|[from] item: Black Sludge\n|upkeep\n|turn|6\n|\n|t:|1700186950\n|move|p2a: Tatsugiri|Dragon Pulse|p1a: Toxapex\n|-damage|p1a: Toxapex|38\/100\n|move|p1a: Toxapex|Haze|p1a: Toxapex\n|-clearallboost\n|\n|-heal|p1a: Toxapex|44\/100|[from] item: Black Sludge\n|upkeep\n|turn|7\n|\n|t:|1700186956\n|switch|p2a: Cresselia|Cresselia, F|100\/100\n|switch|p1a: Gholdengo|Gholdengo|100\/100\n|\n|upkeep\n|turn|8\n|inactive|tiny clips has 120 seconds left.\n|\n|t:|1700186969\n|switch|p2a: Landorus|Landorus-Therian, M|100\/100\n|-ability|p2a: Landorus|Intimidate|boost\n|-unboost|p1a: Gholdengo|atk|1\n|move|p1a: Gholdengo|Shadow Ball|p2a: Landorus\n|-damage|p2a: Landorus|32\/100\n|\n|upkeep\n|turn|9\n|inactive|tiny clips has 120 seconds left.\n|\n|t:|1700186992\n|switch|p1a: Ting-Lu|Ting-Lu|100\/100\n|-ability|p1a: Ting-Lu|Vessel of Ruin\n|move|p2a: Landorus|Earthquake|p1a: Ting-Lu\n|-damage|p1a: Ting-Lu|82\/100\n|\n|-heal|p1a: Ting-Lu|89\/100|[from] item: Leftovers\n|upkeep\n|turn|10\n|\n|t:|1700187006\n|move|p2a: Landorus|U-turn|p1a: Ting-Lu\n|-supereffective|p1a: Ting-Lu\n|-damage|p1a: Ting-Lu|70\/100\n|\n|t:|1700187015\n|switch|p2a: Tatsugiri|Tatsugiri-Stretchy, F|100\/100|[from] U-turn\n|move|p1a: Ting-Lu|Spikes|p2a: Tatsugiri\n|-sidestart|p2: coomploud|Spikes\n|\n|-heal|p1a: Ting-Lu|77\/100|[from] item: Leftovers\n|upkeep\n|turn|11\n|\n|t:|1700187022\n|switch|p1a: Gholdengo|Gholdengo|100\/100\n|move|p2a: Tatsugiri|Surf|p1a: Gholdengo\n|-damage|p1a: Gholdengo|43\/100\n|\n|upkeep\n|turn|12\n|inactive|tiny clips has 120 seconds left.\n|\n|t:|1700187031\n|move|p1a: Gholdengo|Shadow Ball|p2a: Tatsugiri\n|-damage|p2a: Tatsugiri|50\/100\n|move|p2a: Tatsugiri|Surf|p1a: Gholdengo\n|-damage|p1a: Gholdengo|0 fnt\n|faint|p1a: Gholdengo\n|\n|upkeep\n|inactive|tiny clips has 120 seconds left.\n|\n|t:|1700187038\n|switch|p1a: Kingambit|Kingambit, F|100\/100\n|-activate|p1a: Kingambit|ability: Supreme Overlord\n|-start|p1a: Kingambit|fallen1|[silent]\n|turn|13\n|\n|t:|1700187047\n|move|p2a: Tatsugiri|Rapid Spin|p1a: Kingambit\n|-resisted|p1a: Kingambit\n|-damage|p1a: Kingambit|98\/100\n|-boost|p2a: Tatsugiri|spe|1\n|-sideend|p2: coomploud|Spikes|[from] move: Rapid Spin|[of] p2a: Tatsugiri\n|move|p1a: Kingambit|Swords Dance|p1a: Kingambit\n|-boost|p1a: Kingambit|atk|2\n|\n|upkeep\n|turn|14\n|\n|t:|1700187054\n|move|p2a: Tatsugiri|Surf|p1a: Kingambit\n|-damage|p1a: Kingambit|55\/100\n|move|p1a: Kingambit|Lash Out|p2a: Tatsugiri\n|-damage|p2a: Tatsugiri|0 fnt\n|faint|p2a: Tatsugiri\n|\n|upkeep\n|\n|t:|1700187078\n|switch|p2a: Hawlucha|Hawlucha, F|100\/100\n|turn|15\n|\n|t:|1700187083\n|-end|p1a: Kingambit|fallen1|[silent]\n|switch|p1a: Garchomp|Garchomp, M|13\/100\n|move|p2a: Hawlucha|Close Combat|p1a: Garchomp\n|-damage|p1a: Garchomp|0 fnt\n|-unboost|p2a: Hawlucha|def|1\n|-unboost|p2a: Hawlucha|spd|1\n|-damage|p2a: Hawlucha|88\/100|[from] ability: Rough Skin|[of] p1a: Garchomp\n|-damage|p2a: Hawlucha|71\/100|[from] item: Rocky Helmet|[of] p1a: Garchomp\n|faint|p1a: Garchomp\n|\n|upkeep\n|\n|t:|1700187108\n|switch|p1a: Toxapex|Toxapex, M|77\/100\n|turn|16\n|\n|t:|1700187116\n|switch|p2a: Landorus|Landorus-Therian, M|32\/100\n|-ability|p2a: Landorus|Intimidate|boost\n|-unboost|p1a: Toxapex|atk|1\n|move|p1a: Toxapex|Toxic Spikes|p2a: Landorus\n|-sidestart|p2: coomploud|move: Toxic Spikes\n|\n|-heal|p1a: Toxapex|84\/100|[from] item: Black Sludge\n|upkeep\n|turn|17\n|\n|t:|1700187127\n|move|p2a: Landorus|Earthquake|p1a: Toxapex\n|-supereffective|p1a: Toxapex\n|-damage|p1a: Toxapex|5\/100\n|move|p1a: Toxapex|Toxic Spikes|p2a: Landorus\n|-sidestart|p2: coomploud|move: Toxic Spikes\n|\n|-heal|p1a: Toxapex|11\/100|[from] item: Black Sludge\n|upkeep\n|turn|18\n|\n|t:|1700187131\n|switch|p1a: Ting-Lu|Ting-Lu|77\/100\n|-ability|p1a: Ting-Lu|Vessel of Ruin\n|move|p2a: Landorus|Earthquake|p1a: Ting-Lu\n|-damage|p1a: Ting-Lu|58\/100\n|\n|-heal|p1a: Ting-Lu|64\/100|[from] item: Leftovers\n|upkeep\n|turn|19\n|\n|t:|1700187138\n|move|p2a: Landorus|U-turn|p1a: Ting-Lu\n|-supereffective|p1a: Ting-Lu\n|-damage|p1a: Ting-Lu|46\/100\n|\n|t:|1700187144\n|switch|p2a: Rillaboom|Rillaboom, F|100\/100|[from] U-turn\n|-status|p2a: Rillaboom|tox\n|-fieldstart|move: Grassy Terrain|[from] ability: Grassy Surge|[of] p2a: Rillaboom\n|move|p1a: Ting-Lu|Spikes|p2a: Rillaboom\n|-sidestart|p2: coomploud|Spikes\n|\n|-heal|p1a: Ting-Lu|53\/100|[from] Grassy Terrain\n|-heal|p1a: Ting-Lu|59\/100|[from] item: Leftovers\n|-damage|p2a: Rillaboom|94\/100 tox|[from] psn\n|upkeep\n|turn|20\n|inactive|tiny clips has 120 seconds left.\n|\n|t:|1700187200\n|switch|p1a: Toxapex|Toxapex, M|44\/100\n|move|p2a: Rillaboom|Grassy Glide|p1a: Toxapex\n|-damage|p1a: Toxapex|0 fnt\n|faint|p1a: Toxapex\n|\n|-heal|p2a: Rillaboom|100\/100 tox|[from] Grassy Terrain\n|-damage|p2a: Rillaboom|88\/100 tox|[from] psn\n|upkeep\n|\n|t:|1700187210\n|switch|p1a: Kingambit|Kingambit, F|55\/100\n|-activate|p1a: Kingambit|ability: Supreme Overlord\n|-start|p1a: Kingambit|fallen3|[silent]\n|turn|21\n|\n|t:|1700187220\n|-terastallize|p2a: Rillaboom|Grass\n|move|p2a: Rillaboom|Grassy Glide|p1a: Kingambit\n|-resisted|p1a: Kingambit\n|-damage|p1a: Kingambit|24\/100\n|move|p1a: Kingambit|Lash Out|p2a: Rillaboom\n|-damage|p2a: Rillaboom|26\/100 tox\n|\n|-heal|p2a: Rillaboom|32\/100 tox|[from] Grassy Terrain\n|-heal|p1a: Kingambit|30\/100|[from] Grassy Terrain\n|-damage|p2a: Rillaboom|14\/100 tox|[from] psn\n|upkeep\n|turn|22\n|inactive|tiny clips has 90 seconds left.\n|\n|t:|1700187264\n|switch|p2a: Landorus|Landorus-Therian, M|32\/100\n|-ability|p2a: Landorus|Intimidate|boost\n|-unboost|p1a: Kingambit|atk|1\n|-end|p1a: Kingambit|fallen3|[silent]\n|switch|p1a: Ting-Lu|Ting-Lu|59\/100\n|-ability|p1a: Ting-Lu|Vessel of Ruin\n|\n|-heal|p1a: Ting-Lu|65\/100|[from] Grassy Terrain\n|-heal|p1a: Ting-Lu|71\/100|[from] item: Leftovers\n|upkeep\n|turn|23\n|inactive|tiny clips has 60 seconds left.\n|inactive|tiny clips has 30 seconds left.\n|\n|t:|1700187311\n|move|p2a: Landorus|U-turn|p1a: Ting-Lu\n|-supereffective|p1a: Ting-Lu\n|-damage|p1a: Ting-Lu|53\/100\n|\n|t:|1700187314\n|switch|p2a: Cresselia|Cresselia, F|100\/100|[from] U-turn\n|move|p1a: Ting-Lu|Whirlwind|p2a: Cresselia\n|drag|p2a: Landorus|Landorus-Therian, M|32\/100\n|-ability|p2a: Landorus|Intimidate|boost\n|-unboost|p1a: Ting-Lu|atk|1\n|\n|-heal|p1a: Ting-Lu|60\/100|[from] Grassy Terrain\n|-heal|p1a: Ting-Lu|66\/100|[from] item: Leftovers\n|-fieldend|move: Grassy Terrain\n|upkeep\n|turn|24\n|inactive|tiny clips has 30 seconds left.\n|inactive|tiny clips has 20 seconds left.\n|inactive|tiny clips has 15 seconds left.\n|\n|t:|1700187345\n|move|p2a: Landorus|U-turn|p1a: Ting-Lu\n|-supereffective|p1a: Ting-Lu\n|-damage|p1a: Ting-Lu|46\/100\n|inactive|tiny clips has 20 seconds left this turn.\n|\n|t:|1700187347\n|switch|p2a: Cresselia|Cresselia, F|100\/100|[from] U-turn\n|move|p1a: Ting-Lu|Whirlwind|p2a: Cresselia\n|drag|p2a: Rillaboom|Rillaboom, F, tera:Grass|14\/100 tox\n|-damage|p2a: Rillaboom|1\/100 tox|[from] Spikes\n|-fieldstart|move: Grassy Terrain|[from] ability: Grassy Surge|[of] p2a: Rillaboom\n|\n|-heal|p2a: Rillaboom|8\/100 tox|[from] Grassy Terrain\n|-heal|p1a: Ting-Lu|53\/100|[from] Grassy Terrain\n|-heal|p1a: Ting-Lu|59\/100|[from] item: Leftovers\n|-damage|p2a: Rillaboom|1\/100 tox|[from] psn\n|upkeep\n|turn|25\n|inactive|tiny clips has 30 seconds left this turn.\n|inactive|tiny clips has 20 seconds left.\n|\n|t:|1700187358\n|move|p2a: Rillaboom|U-turn|p1a: Ting-Lu\n|-supereffective|p1a: Ting-Lu\n|-crit|p1a: Ting-Lu\n|-damage|p1a: Ting-Lu|8\/100\n|inactive|tiny clips has 25 seconds left this turn.\n|\n|t:|1700187366\n|switch|p2a: Landorus|Landorus-Therian, M|32\/100|[from] U-turn\n|-ability|p2a: Landorus|Intimidate|boost\n|-unboost|p1a: Ting-Lu|atk|1\n|move|p1a: Ting-Lu|Spikes|p2a: Landorus\n|-sidestart|p2: coomploud|Spikes\n|\n|-heal|p1a: Ting-Lu|15\/100|[from] Grassy Terrain\n|-heal|p1a: Ting-Lu|21\/100|[from] item: Leftovers\n|upkeep\n|turn|26\n|inactive|tiny clips has 30 seconds left.\n|\n|t:|1700187374\n|move|p2a: Landorus|U-turn|p1a: Ting-Lu\n|-supereffective|p1a: Ting-Lu\n|-damage|p1a: Ting-Lu|1\/100\n|\n|t:|1700187379\n|switch|p2a: Polteageist|Polteageist|100\/100|[from] U-turn\n|-status|p2a: Polteageist|tox\n|-damage|p2a: Polteageist|84\/100 tox|[from] Spikes\n|move|p1a: Ting-Lu|Whirlwind|p2a: Polteageist\n|drag|p2a: Landorus|Landorus-Therian, M|32\/100\n|-ability|p2a: Landorus|Intimidate|boost\n|-unboost|p1a: Ting-Lu|atk|1\n|\n|-heal|p1a: Ting-Lu|8\/100|[from] Grassy Terrain\n|-heal|p1a: Ting-Lu|14\/100|[from] item: Leftovers\n|upkeep\n|turn|27\n|inactive|tiny clips has 30 seconds left.\n|\n|t:|1700187396\n|move|p2a: Landorus|U-turn|p1a: Ting-Lu\n|-supereffective|p1a: Ting-Lu\n|-damage|p1a: Ting-Lu|0 fnt\n|faint|p1a: Ting-Lu\n|\n|t:|1700187400\n|switch|p2a: Cresselia|Cresselia, F|100\/100|[from] U-turn\n|\n|upkeep\n|\n|t:|1700187405\n|switch|p1a: Manaphy|Manaphy|100\/100\n|turn|28\n|\n|t:|1700187408\n|move|p1a: Manaphy|Substitute|p1a: Manaphy\n|-start|p1a: Manaphy|Substitute\n|-damage|p1a: Manaphy|75\/100\n|move|p2a: Cresselia|Thunder Wave||[still]\n|-fail|p2a: Cresselia\n|\n|-heal|p1a: Manaphy|82\/100|[from] Grassy Terrain\n|-heal|p1a: Manaphy|88\/100|[from] item: Leftovers\n|-fieldend|move: Grassy Terrain\n|upkeep\n|turn|29\n|\n|t:|1700187416\n|move|p1a: Manaphy|Tail Glow|p1a: Manaphy\n|-boost|p1a: Manaphy|spa|3\n|move|p2a: Cresselia|Psychic|p1a: Manaphy\n|-activate|p1a: Manaphy|move: Substitute|[damage]\n|\n|-heal|p1a: Manaphy|94\/100|[from] item: Leftovers\n|upkeep\n|turn|30\n|\n|t:|1700187420\n|move|p1a: Manaphy|Tail Glow|p1a: Manaphy\n|-boost|p1a: Manaphy|spa|3\n|move|p2a: Cresselia|Psychic|p1a: Manaphy\n|-end|p1a: Manaphy|Substitute\n|\n|-heal|p1a: Manaphy|100\/100|[from] item: Leftovers\n|upkeep\n|turn|31\n|\n|t:|1700187428\n|move|p1a: Manaphy|Substitute|p1a: Manaphy\n|-start|p1a: Manaphy|Substitute\n|-damage|p1a: Manaphy|75\/100\n|move|p2a: Cresselia|Psychic|p1a: Manaphy\n|-activate|p1a: Manaphy|move: Substitute|[damage]\n|\n|-heal|p1a: Manaphy|82\/100|[from] item: Leftovers\n|upkeep\n|turn|32\n|\n|t:|1700187437\n|move|p1a: Manaphy|Scald|p2a: Cresselia\n|-damage|p2a: Cresselia|13\/100\n|move|p2a: Cresselia|Psychic|p1a: Manaphy\n|-end|p1a: Manaphy|Substitute\n|\n|-heal|p1a: Manaphy|88\/100|[from] item: Leftovers\n|upkeep\n|turn|33\n|\n|t:|1700187441\n|move|p1a: Manaphy|Substitute|p1a: Manaphy\n|-start|p1a: Manaphy|Substitute\n|-damage|p1a: Manaphy|63\/100\n|move|p2a: Cresselia|Thunder Wave||[still]\n|-fail|p2a: Cresselia\n|\n|-heal|p1a: Manaphy|69\/100|[from] item: Leftovers\n|upkeep\n|turn|34\n|-message|coomploud forfeited.\n|\n|win|tiny clips\n|raw|tiny clips's rating: 1122 &rarr; <strong>1148<\/strong><br \/>(+26 for winning)\n|raw|coomploud's rating: 1134 &rarr; <strong>1108<\/strong><br \/>(-26 for losing)\n|l|\u2606coomploud\n","uploadtime":1700187474,"views":7,"p1id":"tinyclips","p2id":"coomploud","formatid":"gen9ou","rating":1108,"private":0,"password":""}