{"id":"gen9ou-1989272358","p1":"allmighty04","p2":"Hutch8989","format":"[Gen 9] OU","log":"|j|\u2606allmighty04\n|j|\u2606Hutch8989\n|t:|1699830421\n|gametype|singles\n|player|p1|allmighty04|101|\n|player|p2|Hutch8989|ethan|\n|teamsize|p1|6\n|teamsize|p2|6\n|gen|9\n|tier|[Gen 9] OU\n|rule|Sleep Clause Mod: Limit one foe put to sleep\n|rule|Species Clause: Limit one of each Pok\u00e9mon\n|rule|OHKO Clause: OHKO moves are banned\n|rule|Evasion Items Clause: Evasion items are banned\n|rule|Evasion Moves Clause: Evasion moves are banned\n|rule|Endless Battle Clause: Forcing endless battles is banned\n|rule|HP Percentage Mod: HP is shown in percentages\n|clearpoke\n|poke|p1|Dragapult, F|\n|poke|p1|Hippowdon, M|\n|poke|p1|Chansey, F|\n|poke|p1|Umbreon, F|\n|poke|p1|Kilowattrel, M|\n|poke|p1|Quaquaval, F|\n|poke|p2|Ursaring, F|\n|poke|p2|Alomomola, M|\n|poke|p2|Slowking-Galar, F|\n|poke|p2|Enamorus, F|\n|poke|p2|Arcanine, F|\n|poke|p2|Breloom, M|\n|teampreview\n|j| GROOMS_654321\n|\n|t:|1699830443\n|start\n|switch|p1a: Hippowdon|Hippowdon, M|100\/100\n|switch|p2a: Breloom|Breloom, M|100\/100\n|-weather|Sandstorm|[from] ability: Sand Stream|[of] p1a: Hippowdon\n|turn|1\n|\n|t:|1699830498\n|move|p2a: Breloom|Bullet Seed|p1a: Hippowdon\n|-supereffective|p1a: Hippowdon\n|-damage|p1a: Hippowdon|79\/100\n|-supereffective|p1a: Hippowdon\n|-damage|p1a: Hippowdon|55\/100\n|-supereffective|p1a: Hippowdon\n|-damage|p1a: Hippowdon|32\/100\n|-hitcount|p1a: Hippowdon|3\n|move|p1a: Hippowdon|Stealth Rock|p2a: Breloom\n|-sidestart|p2: Hutch8989|move: Stealth Rock\n|\n|-weather|Sandstorm|[upkeep]\n|-damage|p2a: Breloom|94\/100|[from] Sandstorm\n|-heal|p1a: Hippowdon|38\/100|[from] item: Leftovers\n|upkeep\n|turn|2\n|\n|t:|1699830534\n|switch|p1a: Chansey|Chansey, F|100\/100\n|move|p2a: Breloom|Bullet Seed|p1a: Chansey\n|-damage|p1a: Chansey|87\/100\n|-damage|p1a: Chansey|73\/100\n|-damage|p1a: Chansey|59\/100\n|-damage|p1a: Chansey|45\/100\n|-damage|p1a: Chansey|32\/100\n|-hitcount|p1a: Chansey|5\n|\n|-weather|Sandstorm|[upkeep]\n|-damage|p2a: Breloom|88\/100|[from] Sandstorm\n|-damage|p1a: Chansey|25\/100|[from] Sandstorm\n|upkeep\n|turn|3\n|\n|t:|1699830574\n|switch|p2a: Arcanine|Arcanine, F|100\/100\n|-damage|p2a: Arcanine|76\/100|[from] Stealth Rock\n|-ability|p2a: Arcanine|Intimidate|boost\n|-unboost|p1a: Chansey|atk|1\n|switch|p1a: Dragapult|Dragapult, F|100\/100\n|\n|-weather|Sandstorm|[upkeep]\n|-damage|p1a: Dragapult|94\/100|[from] Sandstorm\n|-damage|p2a: Arcanine|70\/100|[from] Sandstorm\n|-heal|p2a: Arcanine|76\/100|[from] item: Leftovers\n|upkeep\n|turn|4\n|\n|t:|1699830592\n|switch|p2a: Ursaring|Ursaring, F|100\/100\n|-damage|p2a: Ursaring|88\/100|[from] Stealth Rock\n|move|p1a: Dragapult|Draco Meteor|p2a: Ursaring\n|-damage|p2a: Ursaring|47\/100\n|-unboost|p1a: Dragapult|spa|2\n|-damage|p1a: Dragapult|85\/100|[from] item: Life Orb\n|\n|-weather|Sandstorm|[upkeep]\n|-damage|p1a: Dragapult|79\/100|[from] Sandstorm\n|-damage|p2a: Ursaring|41\/100|[from] Sandstorm\n|upkeep\n|turn|5\n|\n|t:|1699830612\n|move|p1a: Dragapult|Draco Meteor|p2a: Ursaring\n|-damage|p2a: Ursaring|19\/100\n|-unboost|p1a: Dragapult|spa|2\n|-damage|p1a: Dragapult|69\/100|[from] item: Life Orb\n|move|p2a: Ursaring|Body Slam|p1a: Dragapult\n|-immune|p1a: Dragapult\n|\n|-weather|none\n|upkeep\n|turn|6\n|\n|t:|1699830628\n|move|p1a: Dragapult|Draco Meteor|p2a: Ursaring\n|-damage|p2a: Ursaring|4\/100\n|-unboost|p1a: Dragapult|spa|2\n|-damage|p1a: Dragapult|59\/100|[from] item: Life Orb\n|move|p2a: Ursaring|Crunch|p1a: Dragapult\n|-supereffective|p1a: Dragapult\n|-damage|p1a: Dragapult|11\/100\n|\n|upkeep\n|turn|7\n|\n|t:|1699830638\n|move|p1a: Dragapult|Draco Meteor|p2a: Ursaring\n|-damage|p2a: Ursaring|0 fnt\n|faint|p2a: Ursaring\n|-damage|p1a: Dragapult|1\/100|[from] item: Life Orb\n|\n|upkeep\n|\n|t:|1699830685\n|switch|p2a: Arcanine|Arcanine, F|76\/100\n|-damage|p2a: Arcanine|51\/100|[from] Stealth Rock\n|-ability|p2a: Arcanine|Intimidate|boost\n|-fail|p1a: Dragapult|unboost|[from] ability: Clear Body|[of] p1a: Dragapult\n|turn|8\n|\n|t:|1699830698\n|move|p1a: Dragapult|Draco Meteor|p2a: Arcanine\n|-damage|p2a: Arcanine|25\/100\n|-damage|p1a: Dragapult|0 fnt|[from] item: Life Orb\n|faint|p1a: Dragapult\n|move|p2a: Arcanine|Crunch|p1: Dragapult|[notarget]\n|-fail|p2a: Arcanine\n|\n|-heal|p2a: Arcanine|31\/100|[from] item: Leftovers\n|upkeep\n|\n|t:|1699830722\n|switch|p1a: Quaquaval|Quaquaval, F|100\/100\n|turn|9\n|\n|t:|1699830728\n|switch|p2a: Alomomola|Alomomola, M|100\/100\n|-damage|p2a: Alomomola|88\/100|[from] Stealth Rock\n|move|p1a: Quaquaval|Aqua Step|p2a: Alomomola\n|-resisted|p2a: Alomomola\n|-damage|p2a: Alomomola|76\/100\n|-boost|p1a: Quaquaval|spe|1\n|-damage|p1a: Quaquaval|84\/100|[from] item: Rocky Helmet|[of] p2a: Alomomola\n|\n|upkeep\n|turn|10\n|\n|t:|1699830749\n|move|p1a: Quaquaval|Close Combat|p2a: Alomomola\n|-damage|p2a: Alomomola|39\/100\n|-unboost|p1a: Quaquaval|def|1\n|-unboost|p1a: Quaquaval|spd|1\n|-damage|p1a: Quaquaval|67\/100|[from] item: Rocky Helmet|[of] p2a: Alomomola\n|move|p2a: Alomomola|Chilling Water|p1a: Quaquaval\n|-resisted|p1a: Quaquaval\n|-damage|p1a: Quaquaval|60\/100\n|-unboost|p1a: Quaquaval|atk|1\n|\n|upkeep\n|turn|11\n|\n|t:|1699830761\n|move|p1a: Quaquaval|Roost|p1a: Quaquaval\n|-heal|p1a: Quaquaval|100\/100\n|-singleturn|p1a: Quaquaval|move: Roost\n|move|p2a: Alomomola|Wish|p2a: Alomomola\n|\n|upkeep\n|turn|12\n|\n|t:|1699830771\n|move|p1a: Quaquaval|Close Combat|p2a: Alomomola\n|-damage|p2a: Alomomola|15\/100\n|-unboost|p1a: Quaquaval|def|1\n|-unboost|p1a: Quaquaval|spd|1\n|-damage|p1a: Quaquaval|84\/100|[from] item: Rocky Helmet|[of] p2a: Alomomola\n|move|p2a: Alomomola|Chilling Water|p1a: Quaquaval\n|-resisted|p1a: Quaquaval\n|-damage|p1a: Quaquaval|74\/100\n|-unboost|p1a: Quaquaval|atk|1\n|\n|-heal|p2a: Alomomola|65\/100|[from] move: Wish|[wisher] Alomomola\n|upkeep\n|turn|13\n|\n|t:|1699830784\n|move|p1a: Quaquaval|Roost|p1a: Quaquaval\n|-heal|p1a: Quaquaval|100\/100\n|-singleturn|p1a: Quaquaval|move: Roost\n|move|p2a: Alomomola|Psychic|p1a: Quaquaval\n|-supereffective|p1a: Quaquaval\n|-damage|p1a: Quaquaval|50\/100\n|\n|upkeep\n|turn|14\n|\n|t:|1699830797\n|move|p1a: Quaquaval|Aqua Step|p2a: Alomomola\n|-resisted|p2a: Alomomola\n|-damage|p2a: Alomomola|59\/100\n|-boost|p1a: Quaquaval|spe|1\n|-damage|p1a: Quaquaval|34\/100|[from] item: Rocky Helmet|[of] p2a: Alomomola\n|move|p2a: Alomomola|Chilling Water|p1a: Quaquaval\n|-resisted|p1a: Quaquaval\n|-damage|p1a: Quaquaval|24\/100\n|-unboost|p1a: Quaquaval|atk|1\n|\n|upkeep\n|turn|15\n|\n|t:|1699830806\n|move|p1a: Quaquaval|Roost|p1a: Quaquaval\n|-heal|p1a: Quaquaval|74\/100\n|-singleturn|p1a: Quaquaval|move: Roost\n|move|p2a: Alomomola|Psychic|p1a: Quaquaval\n|-supereffective|p1a: Quaquaval\n|-damage|p1a: Quaquaval|30\/100\n|\n|upkeep\n|turn|16\n|\n|t:|1699830819\n|move|p1a: Quaquaval|Roost|p1a: Quaquaval\n|-heal|p1a: Quaquaval|80\/100\n|-singleturn|p1a: Quaquaval|move: Roost\n|move|p2a: Alomomola|Wish|p2a: Alomomola\n|\n|upkeep\n|turn|17\n|\n|t:|1699830833\n|switch|p1a: Chansey|Chansey, F|25\/100\n|move|p2a: Alomomola|Psychic|p1a: Chansey\n|-damage|p1a: Chansey|22\/100\n|\n|-heal|p2a: Alomomola|100\/100|[from] move: Wish|[wisher] Alomomola\n|upkeep\n|turn|18\n|\n|t:|1699830842\n|switch|p2a: Breloom|Breloom, M|88\/100\n|-damage|p2a: Breloom|82\/100|[from] Stealth Rock\n|move|p1a: Chansey|Soft-Boiled|p1a: Chansey\n|-heal|p1a: Chansey|72\/100\n|\n|upkeep\n|turn|19\n|\n|t:|1699830870\n|move|p2a: Breloom|Close Combat|p1a: Chansey\n|-supereffective|p1a: Chansey\n|-damage|p1a: Chansey|0 fnt\n|-unboost|p2a: Breloom|def|1\n|-unboost|p2a: Breloom|spd|1\n|faint|p1a: Chansey\n|\n|upkeep\n|\n|t:|1699830907\n|switch|p1a: Kilowattrel|Kilowattrel, M|100\/100\n|turn|20\n|\n|t:|1699830926\n|switch|p2a: Arcanine|Arcanine, F|31\/100\n|-damage|p2a: Arcanine|6\/100|[from] Stealth Rock\n|-ability|p2a: Arcanine|Intimidate|boost\n|-unboost|p1a: Kilowattrel|atk|1\n|-ability|p1a: Kilowattrel|Competitive|boost\n|-boost|p1a: Kilowattrel|spa|2\n|move|p1a: Kilowattrel|Thunder Wave|p2a: Arcanine\n|-status|p2a: Arcanine|par\n|\n|-heal|p2a: Arcanine|12\/100 par|[from] item: Leftovers\n|upkeep\n|turn|21\n|\n|t:|1699830950\n|move|p1a: Kilowattrel|Quick Attack|p2a: Arcanine\n|-damage|p2a: Arcanine|7\/100 par\n|move|p2a: Arcanine|Flare Blitz|p1a: Kilowattrel\n|-damage|p1a: Kilowattrel|12\/100\n|-status|p1a: Kilowattrel|brn\n|-damage|p2a: Arcanine|0 fnt|[from] Recoil\n|faint|p2a: Arcanine\n|\n|-heal|p1a: Kilowattrel|18\/100 brn|[from] item: Leftovers\n|-damage|p1a: Kilowattrel|12\/100 brn|[from] brn\n|upkeep\n|\n|t:|1699830970\n|switch|p2a: Slowking|Slowking-Galar, F|100\/100\n|-damage|p2a: Slowking|88\/100|[from] Stealth Rock\n|turn|22\n|\n|t:|1699830987\n|move|p1a: Kilowattrel|Thunder Wave|p2a: Slowking\n|-status|p2a: Slowking|par\n|move|p2a: Slowking|Ice Beam|p1a: Kilowattrel\n|-supereffective|p1a: Kilowattrel\n|-damage|p1a: Kilowattrel|0 fnt\n|faint|p1a: Kilowattrel\n|\n|-heal|p2a: Slowking|94\/100 par|[from] item: Black Sludge\n|upkeep\n|\n|t:|1699831014\n|switch|p1a: Umbreon|Umbreon, F|100\/100\n|turn|23\n|\n|t:|1699831024\n|move|p1a: Umbreon|Foul Play|p2a: Slowking\n|-supereffective|p2a: Slowking\n|-damage|p2a: Slowking|56\/100 par\n|move|p2a: Slowking|Chilly Reception|p2a: Slowking\n|-weather|Snow\n|\n|t:|1699831030\n|switch|p2a: Enamorus|Enamorus, F|100\/100|[from] Chilly Reception\n|-damage|p2a: Enamorus|76\/100|[from] Stealth Rock\n|\n|-weather|Snow|[upkeep]\n|upkeep\n|turn|24\n|\n|t:|1699831070\n|move|p2a: Enamorus|Moonblast|p1a: Umbreon\n|-supereffective|p1a: Umbreon\n|-crit|p1a: Umbreon\n|-damage|p1a: Umbreon|19\/100\n|move|p1a: Umbreon|Wish|p1a: Umbreon\n|\n|-weather|Snow|[upkeep]\n|-heal|p1a: Umbreon|25\/100|[from] item: Leftovers\n|upkeep\n|turn|25\n|\n|t:|1699831110\n|switch|p2a: Breloom|Breloom, M|82\/100\n|-damage|p2a: Breloom|76\/100|[from] Stealth Rock\n|move|p1a: Umbreon|Thunder Wave|p2a: Breloom\n|-status|p2a: Breloom|par\n|\n|-weather|Snow|[upkeep]\n|-heal|p1a: Umbreon|75\/100|[from] move: Wish|[wisher] Umbreon\n|-heal|p1a: Umbreon|81\/100|[from] item: Leftovers\n|upkeep\n|turn|26\n|\n|t:|1699831150\n|move|p1a: Umbreon|Wish|p1a: Umbreon\n|cant|p2a: Breloom|par\n|\n|-weather|Snow|[upkeep]\n|-heal|p1a: Umbreon|88\/100|[from] item: Leftovers\n|upkeep\n|turn|27\n|\n|t:|1699831169\n|move|p1a: Umbreon|Foul Play|p2a: Breloom\n|-resisted|p2a: Breloom\n|-damage|p2a: Breloom|42\/100 par\n|cant|p2a: Breloom|par\n|\n|-weather|none\n|-heal|p1a: Umbreon|100\/100|[from] move: Wish|[wisher] Umbreon\n|upkeep\n|turn|28\n|\n|t:|1699831186\n|move|p1a: Umbreon|Foul Play|p2a: Breloom\n|-resisted|p2a: Breloom\n|-damage|p2a: Breloom|5\/100 par\n|move|p2a: Breloom|Close Combat|p1a: Umbreon\n|-supereffective|p1a: Umbreon\n|-damage|p1a: Umbreon|0 fnt\n|-unboost|p2a: Breloom|def|1\n|-unboost|p2a: Breloom|spd|1\n|faint|p1a: Umbreon\n|\n|upkeep\n|\n|t:|1699831220\n|switch|p1a: Quaquaval|Quaquaval, F|80\/100\n|turn|29\n|\n|t:|1699831232\n|move|p1a: Quaquaval|Roost|p1a: Quaquaval\n|-heal|p1a: Quaquaval|100\/100\n|-singleturn|p1a: Quaquaval|move: Roost\n|move|p2a: Breloom|Bullet Seed|p1a: Quaquaval\n|-supereffective|p1a: Quaquaval\n|-damage|p1a: Quaquaval|54\/100\n|-supereffective|p1a: Quaquaval\n|-damage|p1a: Quaquaval|4\/100\n|-supereffective|p1a: Quaquaval\n|-damage|p1a: Quaquaval|0 fnt\n|faint|p1a: Quaquaval\n|-hitcount|p1: Quaquaval|3\n|\n|upkeep\n|\n|t:|1699831241\n|switch|p1a: Hippowdon|Hippowdon, M|38\/100\n|-weather|Sandstorm|[from] ability: Sand Stream|[of] p1a: Hippowdon\n|turn|30\n|\n|t:|1699831257\n|move|p1a: Hippowdon|Earthquake|p2a: Breloom\n|-resisted|p2a: Breloom\n|-damage|p2a: Breloom|0 fnt\n|faint|p2a: Breloom\n|\n|-weather|Sandstorm|[upkeep]\n|-heal|p1a: Hippowdon|44\/100|[from] item: Leftovers\n|upkeep\n|\n|t:|1699831261\n|switch|p2a: Enamorus|Enamorus, F|76\/100\n|-damage|p2a: Enamorus|51\/100|[from] Stealth Rock\n|turn|31\n|\n|t:|1699831268\n|move|p2a: Enamorus|Grass Knot|p1a: Hippowdon\n|-supereffective|p1a: Hippowdon\n|-damage|p1a: Hippowdon|0 fnt\n|faint|p1a: Hippowdon\n|\n|win|Hutch8989\n|l|\u2606allmighty04\n|l| GROOMS_654321\n","uploadtime":1699831311,"views":46,"p1id":"allmighty04","p2id":"hutch8989","formatid":"gen9ou","rating":0,"private":0,"password":""}