{"id":"gen9ou-1992815473","p1":"Steez Ibanez","p2":"DiffusedTurtle","format":"[Gen 9] OU","log":"|j|\u2606Steez Ibanez\n|j|\u2606DiffusedTurtle\n|t:|1700237873\n|gametype|singles\n|player|p1|Steez Ibanez|lance-gen2|1649\n|player|p2|DiffusedTurtle|musician|1719\n|teamsize|p1|6\n|teamsize|p2|6\n|gen|9\n|tier|[Gen 9] OU\n|rated|\n|rule|Sleep Clause Mod: Limit one foe put to sleep\n|rule|Species Clause: Limit one of each Pok\u00e9mon\n|rule|OHKO Clause: OHKO moves are banned\n|rule|Evasion Items Clause: Evasion items are banned\n|rule|Evasion Moves Clause: Evasion moves are banned\n|rule|Endless Battle Clause: Forcing endless battles is banned\n|rule|HP Percentage Mod: HP is shown in percentages\n|clearpoke\n|poke|p1|Cinderace, F|\n|poke|p1|Zapdos|\n|poke|p1|Garganacl, M|\n|poke|p1|Dragapult, M|\n|poke|p1|Ting-Lu|\n|poke|p1|Azumarill, M|\n|poke|p2|Ceruledge, F|\n|poke|p2|Cinderace, F|\n|poke|p2|Ninetales-Alola, M|\n|poke|p2|Manaphy|\n|poke|p2|Samurott-Hisui, F|\n|poke|p2|Zamazenta-*|\n|teampreview\n|inactive|Battle timer is ON: inactive players will automatically lose when time's up. (requested by DiffusedTurtle)\n|j| richest in boston\n|j| dfghhhg\n|j| Tiranito\n|c|\u2606DiffusedTurtle|glhf\n|\n|t:|1700237893\n|start\n|switch|p1a: Kenny Omega|Cinderace, F|100\/100\n|switch|p2a: number five|Samurott-Hisui, F|100\/100\n|turn|1\n|\n|t:|1700237900\n|move|p1a: Kenny Omega|U-turn|p2a: number five\n|-start|p1a: Kenny Omega|typechange|Bug|[from] ability: Libero\n|-supereffective|p2a: number five\n|-damage|p2a: number five|10\/100\n|\n|t:|1700237904\n|switch|p1a: Mort|Azumarill, M|100\/100|[from] U-turn\n|move|p2a: number five|Knock Off|p1a: Mort\n|-resisted|p1a: Mort\n|-damage|p1a: Mort|79\/100\n|-enditem|p1a: Mort|Assault Vest|[from] move: Knock Off|[of] p2a: number five\n|\n|upkeep\n|turn|2\n|\n|t:|1700237917\n|move|p2a: number five|Sucker Punch|p1a: Mort\n|-resisted|p1a: Mort\n|-damage|p1a: Mort|62\/100\n|move|p1a: Mort|Aqua Jet|p2a: number five\n|-resisted|p2a: number five\n|-damage|p2a: number five|0 fnt\n|faint|p2a: number five\n|\n|upkeep\n|\n|t:|1700237925\n|switch|p2a: believe when i say|Ninetales-Alola, M|100\/100\n|-weather|Snow|[from] ability: Snow Warning|[of] p2a: believe when i say\n|turn|3\n|\n|t:|1700237932\n|switch|p1a: Kong|Garganacl, M|100\/100\n|move|p2a: believe when i say|Aurora Veil|p2a: believe when i say\n|-sidestart|p2: DiffusedTurtle|move: Aurora Veil\n|\n|-weather|Snow|[upkeep]\n|upkeep\n|turn|4\n|\n|t:|1700237940\n|move|p2a: believe when i say|Freeze-Dry|p1a: Kong\n|-damage|p1a: Kong|84\/100\n|move|p1a: Kong|Salt Cure|p2a: believe when i say\n|-supereffective|p2a: believe when i say\n|-damage|p2a: believe when i say|89\/100\n|-start|p2a: believe when i say|Salt Cure\n|\n|-weather|Snow|[upkeep]\n|-heal|p1a: Kong|90\/100|[from] item: Leftovers\n|-damage|p2a: believe when i say|77\/100|[from] Salt Cure\n|upkeep\n|turn|5\n|\n|t:|1700237943\n|move|p2a: believe when i say|Encore|p1a: Kong\n|-start|p1a: Kong|Encore\n|move|p1a: Kong|Salt Cure|p2a: believe when i say\n|-supereffective|p2a: believe when i say\n|-damage|p2a: believe when i say|65\/100\n|\n|-weather|Snow|[upkeep]\n|-heal|p1a: Kong|97\/100|[from] item: Leftovers\n|-damage|p2a: believe when i say|52\/100|[from] Salt Cure\n|upkeep\n|turn|6\n|j| bpewn\n|j| westcottike\n|l| bpewn\n|inactive|DiffusedTurtle has 120 seconds left.\n|inactive|DiffusedTurtle has 90 seconds left.\n|\n|t:|1700238003\n|move|p2a: believe when i say|Freeze-Dry|p1a: Kong\n|-damage|p1a: Kong|79\/100\n|move|p1a: Kong|Salt Cure|p2a: believe when i say\n|-supereffective|p2a: believe when i say\n|-damage|p2a: believe when i say|40\/100\n|\n|-weather|Snow|[upkeep]\n|-heal|p1a: Kong|86\/100|[from] item: Leftovers\n|-damage|p2a: believe when i say|28\/100|[from] Salt Cure\n|upkeep\n|turn|7\n|\n|t:|1700238007\n|move|p2a: believe when i say|Freeze-Dry|p1a: Kong\n|-damage|p1a: Kong|69\/100\n|move|p1a: Kong|Salt Cure|p2a: believe when i say\n|-supereffective|p2a: believe when i say\n|-damage|p2a: believe when i say|17\/100\n|\n|-weather|none\n|-heal|p1a: Kong|75\/100|[from] item: Leftovers\n|-damage|p2a: believe when i say|4\/100|[from] Salt Cure\n|-end|p1a: Kong|Encore\n|upkeep\n|turn|8\n|\n|t:|1700238012\n|switch|p1a: Kenny Omega|Cinderace, F|100\/100\n|move|p2a: believe when i say|Freeze-Dry|p1a: Kenny Omega\n|-resisted|p1a: Kenny Omega\n|-damage|p1a: Kenny Omega|86\/100\n|\n|-damage|p2a: believe when i say|0 fnt|[from] Salt Cure\n|faint|p2a: believe when i say\n|upkeep\n|\n|t:|1700238029\n|switch|p2a: you are my fire|Ceruledge, F|100\/100\n|turn|9\n|\n|t:|1700238033\n|move|p1a: Kenny Omega|Court Change|p1a: Kenny Omega\n|-start|p1a: Kenny Omega|typechange|Normal|[from] ability: Libero\n|-swapsideconditions\n|-activate|p1a: Kenny Omega|move: Court Change\n|move|p2a: you are my fire|Swords Dance|p2a: you are my fire\n|-boost|p2a: you are my fire|atk|2\n|\n|upkeep\n|turn|10\n|\n|t:|1700238042\n|switch|p1a: Kong|Garganacl, M|75\/100\n|move|p2a: you are my fire|Swords Dance|p2a: you are my fire\n|-boost|p2a: you are my fire|atk|2\n|\n|-heal|p1a: Kong|82\/100|[from] item: Leftovers\n|-sideend|p1: Steez Ibanez|move: Aurora Veil\n|upkeep\n|turn|11\n|inactive|DiffusedTurtle has 120 seconds left.\n|\n|t:|1700238050\n|move|p2a: you are my fire|Poltergeist|p1a: Kong\n|-activate|p1a: Kong|move: Poltergeist|Leftovers\n|-damage|p1a: Kong|30\/100\n|move|p1a: Kong|Salt Cure|p2a: you are my fire\n|-supereffective|p2a: you are my fire\n|-damage|p2a: you are my fire|61\/100\n|-start|p2a: you are my fire|Salt Cure\n|-ability|p2a: you are my fire|Weak Armor|boost\n|-unboost|p2a: you are my fire|def|1\n|-boost|p2a: you are my fire|spe|2\n|\n|-heal|p1a: Kong|37\/100|[from] item: Leftovers\n|-damage|p2a: you are my fire|49\/100|[from] Salt Cure\n|upkeep\n|turn|12\n|\n|t:|1700238060\n|move|p2a: you are my fire|Poltergeist|p1a: Kong\n|-activate|p1a: Kong|move: Poltergeist|Leftovers\n|-damage|p1a: Kong|0 fnt\n|faint|p1a: Kong\n|\n|-damage|p2a: you are my fire|37\/100|[from] Salt Cure\n|upkeep\n|\n|t:|1700238063\n|switch|p1a: Mort|Azumarill, M|62\/100\n|turn|13\n|\n|t:|1700238066\n|switch|p2a: i want it that way|Manaphy|100\/100\n|move|p1a: Mort|Aqua Jet|p2a: i want it that way\n|-resisted|p2a: i want it that way\n|-damage|p2a: i want it that way|92\/100\n|\n|-heal|p2a: i want it that way|99\/100|[from] item: Leftovers\n|upkeep\n|turn|14\n|\n|t:|1700238086\n|switch|p1a: Clicker|Ting-Lu|100\/100\n|-ability|p1a: Clicker|Vessel of Ruin\n|move|p2a: i want it that way|Take Heart|p2a: i want it that way\n|-boost|p2a: i want it that way|spa|1\n|-boost|p2a: i want it that way|spd|1\n|\n|-heal|p2a: i want it that way|100\/100|[from] item: Leftovers\n|upkeep\n|turn|15\n|\n|t:|1700238090\n|move|p2a: i want it that way|Scald|p1a: Clicker\n|-supereffective|p1a: Clicker\n|-damage|p1a: Clicker|65\/100\n|move|p1a: Clicker|Ruination|p2a: i want it that way\n|-damage|p2a: i want it that way|50\/100\n|\n|-heal|p2a: i want it that way|57\/100|[from] item: Leftovers\n|-heal|p1a: Clicker|72\/100|[from] item: Leftovers\n|upkeep\n|turn|16\n|\n|t:|1700238098\n|move|p2a: i want it that way|Scald|p1a: Clicker\n|-supereffective|p1a: Clicker\n|-damage|p1a: Clicker|39\/100\n|move|p1a: Clicker|Stealth Rock|p2a: i want it that way\n|-sidestart|p2: DiffusedTurtle|move: Stealth Rock\n|\n|-heal|p2a: i want it that way|63\/100|[from] item: Leftovers\n|-heal|p1a: Clicker|45\/100|[from] item: Leftovers\n|upkeep\n|turn|17\n|\n|t:|1700238104\n|-terastallize|p1a: Clicker|Poison\n|move|p2a: i want it that way|Scald|p1a: Clicker\n|-damage|p1a: Clicker|28\/100\n|-status|p1a: Clicker|brn\n|move|p1a: Clicker|Ruination|p2a: i want it that way\n|-damage|p2a: i want it that way|32\/100\n|\n|-heal|p2a: i want it that way|38\/100|[from] item: Leftovers\n|-heal|p1a: Clicker|34\/100 brn|[from] item: Leftovers\n|-damage|p1a: Clicker|28\/100 brn|[from] brn\n|upkeep\n|turn|18\n|\n|t:|1700238113\n|move|p2a: i want it that way|Take Heart|p2a: i want it that way\n|-boost|p2a: i want it that way|spa|1\n|-boost|p2a: i want it that way|spd|1\n|move|p1a: Clicker|Whirlwind|p2a: i want it that way\n|drag|p2a: my one desire|Cinderace, F|100\/100\n|\n|-heal|p1a: Clicker|34\/100 brn|[from] item: Leftovers\n|-damage|p1a: Clicker|28\/100 brn|[from] brn\n|upkeep\n|turn|19\n|\n|t:|1700238117\n|move|p2a: my one desire|Court Change|p2a: my one desire\n|-swapsideconditions\n|-activate|p2a: my one desire|move: Court Change\n|move|p1a: Clicker|Stealth Rock|p2a: my one desire\n|-sidestart|p2: DiffusedTurtle|move: Stealth Rock\n|\n|-heal|p1a: Clicker|34\/100 brn|[from] item: Leftovers\n|-damage|p1a: Clicker|28\/100 brn|[from] brn\n|upkeep\n|turn|20\n|\n|t:|1700238120\n|move|p2a: my one desire|Pyro Ball|p1a: Clicker\n|-damage|p1a: Clicker|0 fnt\n|faint|p1a: Clicker\n|\n|upkeep\n|\n|t:|1700238124\n|switch|p1a: Mort|Azumarill, M|62\/100\n|-damage|p1a: Mort|50\/100|[from] Stealth Rock\n|turn|21\n|\n|t:|1700238132\n|move|p2a: my one desire|Will-O-Wisp|p1a: Mort\n|-status|p1a: Mort|brn\n|move|p1a: Mort|Liquidation|p2a: my one desire\n|-supereffective|p2a: my one desire\n|-damage|p2a: my one desire|30\/100\n|\n|-damage|p1a: Mort|44\/100 brn|[from] brn\n|upkeep\n|turn|22\n|\n|t:|1700238143\n|switch|p2a: i want it that way|Manaphy|38\/100\n|-damage|p2a: i want it that way|25\/100|[from] Stealth Rock\n|move|p1a: Mort|Play Rough|p2a: i want it that way\n|-damage|p2a: i want it that way|5\/100\n|\n|-heal|p2a: i want it that way|12\/100|[from] item: Leftovers\n|-damage|p1a: Mort|38\/100 brn|[from] brn\n|upkeep\n|turn|23\n|\n|t:|1700238160\n|move|p2a: i want it that way|Scald|p1a: Mort\n|-resisted|p1a: Mort\n|-damage|p1a: Mort|24\/100 brn\n|move|p1a: Mort|Play Rough|p2a: i want it that way\n|-damage|p2a: i want it that way|0 fnt\n|faint|p2a: i want it that way\n|\n|-damage|p1a: Mort|17\/100 brn|[from] brn\n|upkeep\n|\n|t:|1700238163\n|switch|p2a: tell me why|Zamazenta|100\/100\n|-damage|p2a: tell me why|94\/100|[from] Stealth Rock\n|-ability|p2a: tell me why|Dauntless Shield|boost\n|-boost|p2a: tell me why|def|1\n|turn|24\n|\n|t:|1700238167\n|move|p2a: tell me why|Iron Defense|p2a: tell me why\n|-boost|p2a: tell me why|def|2\n|move|p1a: Mort|Play Rough|p2a: tell me why\n|-supereffective|p2a: tell me why\n|-damage|p2a: tell me why|77\/100\n|\n|-heal|p2a: tell me why|83\/100|[from] item: Leftovers\n|-damage|p1a: Mort|11\/100 brn|[from] brn\n|upkeep\n|turn|25\n|\n|t:|1700238173\n|move|p2a: tell me why|Substitute|p2a: tell me why\n|-start|p2a: tell me why|Substitute\n|-damage|p2a: tell me why|59\/100\n|move|p1a: Mort|Play Rough|p2a: tell me why\n|-supereffective|p2a: tell me why\n|-activate|p2a: tell me why|move: Substitute|[damage]\n|\n|-heal|p2a: tell me why|65\/100|[from] item: Leftovers\n|-damage|p1a: Mort|5\/100 brn|[from] brn\n|upkeep\n|turn|26\n|\n|t:|1700238180\n|move|p1a: Mort|Aqua Jet|p2a: tell me why\n|-activate|p2a: tell me why|move: Substitute|[damage]\n|move|p2a: tell me why|Body Press|p1a: Mort\n|-resisted|p1a: Mort\n|-damage|p1a: Mort|0 fnt\n|faint|p1a: Mort\n|\n|-heal|p2a: tell me why|71\/100|[from] item: Leftovers\n|upkeep\n|\n|t:|1700238182\n|switch|p1a: Toothless|Dragapult, M|100\/100\n|turn|27\n|\n|t:|1700238185\n|move|p1a: Toothless|Thunder Wave|p2a: tell me why\n|-status|p2a: tell me why|par\n|move|p2a: tell me why|Crunch|p1a: Toothless\n|-supereffective|p1a: Toothless\n|-damage|p1a: Toothless|34\/100\n|\n|-heal|p2a: tell me why|77\/100 par|[from] item: Leftovers\n|upkeep\n|turn|28\n|\n|t:|1700238188\n|move|p1a: Toothless|Hex|p2a: tell me why\n|-damage|p2a: tell me why|34\/100 par\n|move|p2a: tell me why|Crunch|p1a: Toothless\n|-supereffective|p1a: Toothless\n|-damage|p1a: Toothless|0 fnt\n|faint|p1a: Toothless\n|\n|-heal|p2a: tell me why|40\/100 par|[from] item: Leftovers\n|upkeep\n|\n|t:|1700238190\n|switch|p1a: Zeus|Zapdos|100\/100\n|turn|29\n|\n|t:|1700238193\n|move|p1a: Zeus|Hurricane|p2a: tell me why\n|-supereffective|p2a: tell me why\n|-crit|p2a: tell me why\n|-end|p2a: tell me why|Substitute\n|move|p2a: tell me why|Body Press|p1a: Zeus\n|-resisted|p1a: Zeus\n|-damage|p1a: Zeus|59\/100\n|\n|-heal|p2a: tell me why|46\/100 par|[from] item: Leftovers\n|upkeep\n|turn|30\n|\n|t:|1700238209\n|-terastallize|p2a: tell me why|Steel\n|move|p1a: Zeus|Hurricane|p2a: tell me why\n|-resisted|p2a: tell me why\n|-damage|p2a: tell me why|28\/100 par\n|cant|p2a: tell me why|par\n|\n|-heal|p2a: tell me why|35\/100 par|[from] item: Leftovers\n|upkeep\n|turn|31\n|\n|t:|1700238218\n|move|p1a: Zeus|Volt Switch|p2a: tell me why\n|-damage|p2a: tell me why|12\/100 par\n|\n|t:|1700238220\n|switch|p1a: Kenny Omega|Cinderace, F|86\/100|[from] Volt Switch\n|move|p2a: tell me why|Body Press|p1a: Kenny Omega\n|-damage|p1a: Kenny Omega|0 fnt\n|faint|p1a: Kenny Omega\n|\n|-heal|p2a: tell me why|18\/100 par|[from] item: Leftovers\n|upkeep\n|\n|t:|1700238222\n|switch|p1a: Zeus|Zapdos|59\/100\n|turn|32\n|\n|t:|1700238226\n|move|p1a: Zeus|Volt Switch|p2a: tell me why\n|-damage|p2a: tell me why|0 fnt\n|faint|p2a: tell me why\n|\n|upkeep\n|\n|t:|1700238229\n|switch|p2a: you are my fire|Ceruledge, F|37\/100\n|-damage|p2a: you are my fire|12\/100|[from] Stealth Rock\n|turn|33\n|\n|t:|1700238233\n|move|p1a: Zeus|Volt Switch|p2a: you are my fire\n|-damage|p2a: you are my fire|0 fnt\n|faint|p2a: you are my fire\n|\n|upkeep\n|\n|t:|1700238235\n|switch|p2a: my one desire|Cinderace, F|30\/100\n|turn|34\n|\n|t:|1700238238\n|move|p2a: my one desire|Pyro Ball|p1a: Zeus\n|-damage|p1a: Zeus|0 fnt\n|faint|p1a: Zeus\n|\n|win|DiffusedTurtle\n|raw|Steez Ibanez's rating: 1649 &rarr; <strong>1633<\/strong><br \/>(-16 for losing)\n|raw|DiffusedTurtle's rating: 1719 &rarr; <strong>1735<\/strong><br \/>(+16 for winning)\n|c|\u2606DiffusedTurtle|gg\n|c|\u2606Steez Ibanez|gg\n|l|\u2606Steez Ibanez\n|l| richest in boston\n","uploadtime":1700238268,"views":11,"p1id":"steezibanez","p2id":"diffusedturtle","formatid":"gen9ou","rating":1633,"private":0,"password":""}