{"id":"gen9ou-1989375425","p1":"CTE World","p2":"GymLeader Avery","format":"[Gen 9] OU","log":"|j|\u2606CTE World\n|j|\u2606GymLeader Avery\n|t:|1699842397\n|gametype|singles\n|player|p1|CTE World|ghetsis|\n|player|p2|GymLeader Avery|nobunaga-conquest|\n|teamsize|p1|6\n|teamsize|p2|6\n|gen|9\n|tier|[Gen 9] OU\n|rule|Sleep Clause Mod: Limit one foe put to sleep\n|rule|Species Clause: Limit one of each Pok\u00e9mon\n|rule|OHKO Clause: OHKO moves are banned\n|rule|Evasion Items Clause: Evasion items are banned\n|rule|Evasion Moves Clause: Evasion moves are banned\n|rule|Endless Battle Clause: Forcing endless battles is banned\n|rule|HP Percentage Mod: HP is shown in percentages\n|clearpoke\n|poke|p1|Heatran, M|\n|poke|p1|Iron Hands|\n|poke|p1|Hydreigon, M|\n|poke|p1|Quagsire, M|\n|poke|p1|Muk, F|\n|poke|p1|Houndstone, F|\n|poke|p2|Glastrier|\n|poke|p2|Kleavor, M|\n|poke|p2|Klefki, F|\n|poke|p2|Persian-Alola, M|\n|poke|p2|Scream Tail|\n|poke|p2|Tauros-Paldea-Blaze, M|\n|teampreview\n|inactive|Battle timer is ON: inactive players will automatically lose when time's up. (requested by CTE World)\n|inactiveoff|Battle timer is now OFF.\n|j| muffinATEthat\n|j| TheRatedRSuperTars\n|j| mindyourmoney\n|j| burberry bax\n|j| KevinF_VGC\n|c| TheRatedRSuperTars|holy shit, kobra backwards spotted\n|j| DomNeedsHelp\n|c| muffinATEthat|CUM ??\n|c|\u2606GymLeader Avery|muffin.\n|c| muffinATEthat|my fault\n|c| TheRatedRSuperTars|You're better than me\n|c| TheRatedRSuperTars|almost asked if that was a question or command\n|c| DomNeedsHelp|Go!\n|inactive|Battle timer is ON: inactive players will automatically lose when time's up. (requested by CTE World)\n|c| muffinATEthat|jesus\n|c|\u2606GymLeader Avery|shoutout sprite cranberry\n|\n|t:|1699842523\n|start\n|switch|p1a: John Handle|Iron Hands|100\/100\n|switch|p2a: Me or the PS5|Tauros-Paldea-Blaze, M|100\/100\n|-ability|p2a: Me or the PS5|Intimidate|boost\n|-unboost|p1a: John Handle|atk|1\n|turn|1\n|c| TheRatedRSuperTars|rest in peace\n|c| TheRatedRSuperTars|talmbout some\n|c| TheRatedRSuperTars|winter spice\n|c| TheRatedRSuperTars|I'll K word them\n|\n|t:|1699842539\n|move|p2a: Me or the PS5|Will-O-Wisp|p1a: John Handle\n|-status|p1a: John Handle|brn\n|move|p1a: John Handle|Volt Switch|p2a: Me or the PS5\n|-damage|p2a: Me or the PS5|83\/100\n|c| KevinF_VGC|Thats real\n|\n|t:|1699842546\n|-end|p1a: John Handle|Quark Drive|[silent]\n|switch|p1a: Mud Grant|Quagsire, M|100\/100|[from] Volt Switch\n|\n|-heal|p2a: Me or the PS5|89\/100|[from] item: Leftovers\n|upkeep\n|turn|2\n|\n|t:|1699842560\n|move|p2a: Me or the PS5|Will-O-Wisp|p1a: Mud Grant|[miss]\n|-miss|p2a: Me or the PS5|p1a: Mud Grant\n|move|p1a: Mud Grant|Toxic Spikes|p2a: Me or the PS5\n|-sidestart|p2: GymLeader Avery|move: Toxic Spikes\n|\n|-heal|p2a: Me or the PS5|95\/100|[from] item: Leftovers\n|upkeep\n|turn|3\n|\n|t:|1699842564\n|move|p2a: Me or the PS5|Fire Spin|p1a: Mud Grant\n|-resisted|p1a: Mud Grant\n|-damage|p1a: Mud Grant|97\/100\n|-activate|p1a: Mud Grant|move: Fire Spin|[of] p2a: Me or the PS5\n|move|p1a: Mud Grant|Stealth Rock|p2a: Me or the PS5\n|-sidestart|p2: GymLeader Avery|move: Stealth Rock\n|\n|-heal|p2a: Me or the PS5|100\/100|[from] item: Leftovers\n|-heal|p1a: Mud Grant|100\/100|[from] item: Leftovers\n|-damage|p1a: Mud Grant|88\/100|[from] move: Fire Spin|[partiallytrapped]\n|upkeep\n|turn|4\n|\n|t:|1699842568\n|move|p2a: Me or the PS5|Substitute|p2a: Me or the PS5\n|-start|p2a: Me or the PS5|Substitute\n|-damage|p2a: Me or the PS5|76\/100\n|move|p1a: Mud Grant|Chilling Water|p2a: Me or the PS5\n|-supereffective|p2a: Me or the PS5\n|-end|p2a: Me or the PS5|Substitute\n|\n|-heal|p2a: Me or the PS5|82\/100|[from] item: Leftovers\n|-heal|p1a: Mud Grant|94\/100|[from] item: Leftovers\n|-damage|p1a: Mud Grant|82\/100|[from] move: Fire Spin|[partiallytrapped]\n|upkeep\n|turn|5\n|\n|t:|1699842575\n|-terastallize|p2a: Me or the PS5|Fairy\n|move|p2a: Me or the PS5|Substitute|p2a: Me or the PS5\n|-start|p2a: Me or the PS5|Substitute\n|-damage|p2a: Me or the PS5|57\/100\n|move|p1a: Mud Grant|Chilling Water|p2a: Me or the PS5\n|-activate|p2a: Me or the PS5|move: Substitute|[damage]\n|\n|-heal|p2a: Me or the PS5|63\/100|[from] item: Leftovers\n|-heal|p1a: Mud Grant|88\/100|[from] item: Leftovers\n|-damage|p1a: Mud Grant|75\/100|[from] move: Fire Spin|[partiallytrapped]\n|upkeep\n|turn|6\n|\n|t:|1699842580\n|move|p2a: Me or the PS5|Trailblaze|p1a: Mud Grant\n|-supereffective|p1a: Mud Grant\n|-damage|p1a: Mud Grant|34\/100\n|-boost|p2a: Me or the PS5|spe|1\n|move|p1a: Mud Grant|Chilling Water|p2a: Me or the PS5\n|-end|p2a: Me or the PS5|Substitute\n|\n|-heal|p2a: Me or the PS5|69\/100|[from] item: Leftovers\n|-heal|p1a: Mud Grant|40\/100|[from] item: Leftovers\n|-damage|p1a: Mud Grant|27\/100|[from] move: Fire Spin|[partiallytrapped]\n|upkeep\n|turn|7\n|\n|t:|1699842598\n|move|p2a: Me or the PS5|Fire Spin|p1a: Mud Grant\n|-resisted|p1a: Mud Grant\n|-damage|p1a: Mud Grant|25\/100\n|move|p1a: Mud Grant|Recover|p1a: Mud Grant\n|-heal|p1a: Mud Grant|75\/100\n|\n|-heal|p2a: Me or the PS5|76\/100|[from] item: Leftovers\n|-heal|p1a: Mud Grant|81\/100|[from] item: Leftovers\n|-end|p1a: Mud Grant|Fire Spin|[partiallytrapped]\n|upkeep\n|turn|8\n|\n|t:|1699842612\n|switch|p1a: Tran Tarkenton|Heatran, M, shiny|100\/100\n|move|p2a: Me or the PS5|Substitute|p2a: Me or the PS5\n|-start|p2a: Me or the PS5|Substitute\n|-damage|p2a: Me or the PS5|51\/100\n|\n|-heal|p2a: Me or the PS5|57\/100|[from] item: Leftovers\n|upkeep\n|turn|9\n|\n|t:|1699842625\n|switch|p2a: Final Message|Klefki, F, shiny|100\/100\n|-damage|p2a: Final Message|95\/100|[from] Stealth Rock\n|move|p1a: Tran Tarkenton|Flamethrower|p2a: Final Message\n|-supereffective|p2a: Final Message\n|-damage|p2a: Final Message|0 fnt\n|faint|p2a: Final Message\n|\n|upkeep\n|\n|t:|1699842630\n|switch|p2a: Cricket|Kleavor, M, shiny|100\/100\n|turn|10\n|\n|t:|1699842645\n|move|p2a: Cricket|Defog|p1a: Tran Tarkenton\n|-unboost|p1a: Tran Tarkenton|evasion|1\n|-sideend|p2: GymLeader Avery|Toxic Spikes|[from] move: Defog|[of] p2a: Cricket\n|-sideend|p2: GymLeader Avery|Stealth Rock|[from] move: Defog|[of] p2a: Cricket\n|move|p1a: Tran Tarkenton|Flamethrower|p2a: Cricket\n|-damage|p2a: Cricket|0 fnt\n|faint|p2a: Cricket\n|\n|upkeep\n|\n|t:|1699842656\n|switch|p2a: honse|Glastrier|100\/100\n|turn|11\n|\n|t:|1699842675\n|switch|p2a: Me or the PS5|Tauros-Paldea-Blaze, M, tera:Fairy|57\/100\n|-ability|p2a: Me or the PS5|Intimidate|boost\n|-unboost|p1a: Tran Tarkenton|atk|1\n|move|p1a: Tran Tarkenton|Flamethrower|p2a: Me or the PS5\n|-damage|p2a: Me or the PS5|0 fnt\n|faint|p2a: Me or the PS5\n|\n|upkeep\n|\n|t:|1699842681\n|switch|p2a: honse|Glastrier|100\/100\n|turn|12\n|\n|t:|1699842687\n|move|p1a: Tran Tarkenton|Flamethrower|p2a: honse\n|-supereffective|p2a: honse\n|-damage|p2a: honse|30\/100\n|move|p2a: honse|High Horsepower|p1a: Tran Tarkenton\n|-supereffective|p1a: Tran Tarkenton\n|-damage|p1a: Tran Tarkenton|1\/100\n|-status|p2a: honse|brn|[from] ability: Flame Body|[of] p1a: Tran Tarkenton\n|\n|-damage|p2a: honse|24\/100 brn|[from] brn\n|upkeep\n|turn|13\n|\n|t:|1699842707\n|move|p1a: Tran Tarkenton|Flamethrower|p2a: honse\n|-supereffective|p2a: honse\n|-damage|p2a: honse|0 fnt\n|faint|p2a: honse\n|\n|upkeep\n|\n|t:|1699842709\n|switch|p2a: Giovanni|Persian-Alola, M, shiny|100\/100\n|turn|14\n|\n|t:|1699842714\n|move|p2a: Giovanni|Dark Pulse|p1a: Tran Tarkenton\n|-damage|p1a: Tran Tarkenton|0 fnt\n|faint|p1a: Tran Tarkenton\n|\n|upkeep\n|\n|t:|1699842721\n|switch|p1a: John Handle|Iron Hands|100\/100 brn\n|turn|15\n|\n|t:|1699842725\n|move|p2a: Giovanni|Parting Shot|p1a: John Handle\n|-unboost|p1a: John Handle|atk|1\n|-unboost|p1a: John Handle|spa|1\n|\n|t:|1699842728\n|switch|p2a: Heartbreaker|Scream Tail|100\/100|[from] Parting Shot\n|move|p1a: John Handle|Volt Switch|p2a: Heartbreaker\n|-damage|p2a: Heartbreaker|94\/100\n|\n|t:|1699842730\n|-end|p1a: John Handle|Quark Drive|[silent]\n|switch|p1a: Muk Foreman|Muk, F|100\/100|[from] Volt Switch\n|\n|-heal|p2a: Heartbreaker|99\/100|[from] item: Leftovers\n|upkeep\n|turn|16\n|j| TBK Renegades\n|\n|t:|1699842741\n|-end|p2a: Heartbreaker|Protosynthesis|[silent]\n|switch|p2a: Giovanni|Persian-Alola, M, shiny|100\/100\n|move|p1a: Muk Foreman|Knock Off|p2a: Giovanni\n|-resisted|p2a: Giovanni\n|-damage|p2a: Giovanni|90\/100\n|-enditem|p2a: Giovanni|Expert Belt|[from] move: Knock Off|[of] p1a: Muk Foreman\n|\n|upkeep\n|turn|17\n|\n|t:|1699842756\n|move|p2a: Giovanni|Nasty Plot|p2a: Giovanni\n|-boost|p2a: Giovanni|spa|2\n|move|p1a: Muk Foreman|Drain Punch|p2a: Giovanni\n|-supereffective|p2a: Giovanni\n|-damage|p2a: Giovanni|59\/100\n|\n|upkeep\n|turn|18\n|\n|t:|1699842777\n|move|p2a: Giovanni|Dark Pulse|p1a: Muk Foreman\n|-damage|p1a: Muk Foreman|59\/100\n|move|p1a: Muk Foreman|Drain Punch|p2a: Giovanni\n|-supereffective|p2a: Giovanni\n|-damage|p2a: Giovanni|29\/100\n|-heal|p1a: Muk Foreman|70\/100|[from] drain|[of] p2a: Giovanni\n|\n|-heal|p1a: Muk Foreman|76\/100|[from] item: Black Sludge\n|upkeep\n|turn|19\n|\n|t:|1699842780\n|move|p2a: Giovanni|Dark Pulse|p1a: Muk Foreman\n|-crit|p1a: Muk Foreman\n|-damage|p1a: Muk Foreman|11\/100\n|move|p1a: Muk Foreman|Drain Punch|p2a: Giovanni\n|-supereffective|p2a: Giovanni\n|-damage|p2a: Giovanni|0 fnt\n|-heal|p1a: Muk Foreman|22\/100|[from] drain|[of] p2a: Giovanni\n|faint|p2a: Giovanni\n|\n|-heal|p1a: Muk Foreman|28\/100|[from] item: Black Sludge\n|upkeep\n|\n|t:|1699842788\n|switch|p2a: Heartbreaker|Scream Tail|99\/100\n|turn|20\n|\n|t:|1699842794\n|move|p2a: Heartbreaker|Dazzling Gleam|p1a: Muk Foreman\n|-resisted|p1a: Muk Foreman\n|-damage|p1a: Muk Foreman|20\/100\n|move|p1a: Muk Foreman|Gunk Shot|p2a: Heartbreaker\n|-supereffective|p2a: Heartbreaker\n|-damage|p2a: Heartbreaker|35\/100\n|-status|p2a: Heartbreaker|psn\n|\n|-heal|p2a: Heartbreaker|41\/100 psn|[from] item: Leftovers\n|-heal|p1a: Muk Foreman|26\/100|[from] item: Black Sludge\n|-damage|p2a: Heartbreaker|29\/100 psn|[from] psn\n|upkeep\n|turn|21\n|\n|t:|1699842797\n|move|p2a: Heartbreaker|Dazzling Gleam|p1a: Muk Foreman\n|-resisted|p1a: Muk Foreman\n|-damage|p1a: Muk Foreman|16\/100\n|move|p1a: Muk Foreman|Gunk Shot|p2a: Heartbreaker\n|-supereffective|p2a: Heartbreaker\n|-damage|p2a: Heartbreaker|0 fnt\n|faint|p2a: Heartbreaker\n|-end|p2a: Heartbreaker|Protosynthesis|[silent]\n|\n|win|CTE World\n|c|\u2606CTE World|gg\n|c|\u2606CTE World|no swaps\n|c|\u2606GymLeader Avery|glastrier for electrode\n|c|\u2606CTE World|bet\n|c|\u2606GymLeader Avery|send up\n|l|\u2606GymLeader Avery\n|l| muffinATEthat\n|l| KevinF_VGC\n|l| TheRatedRSuperTars\n|l| burberry bax\n","uploadtime":1699842804,"views":23,"p1id":"cteworld","p2id":"gymleaderavery","formatid":"gen9ou","rating":0,"private":0,"password":""}