{"id":"gen9ou-1992243822","p1":"imnotgrate","p2":"abcde76543","format":"[Gen 9] OU","log":"|j|\u2606imnotgrate\n|j|\u2606abcde76543\n|t:|1700167110\n|gametype|singles\n|player|p1|imnotgrate|bertha|1239\n|player|p2|abcde76543|skierf-gen4dp|1333\n|teamsize|p1|6\n|teamsize|p2|6\n|gen|9\n|tier|[Gen 9] OU\n|rated|\n|rule|Sleep Clause Mod: Limit one foe put to sleep\n|rule|Species Clause: Limit one of each Pok\u00e9mon\n|rule|OHKO Clause: OHKO moves are banned\n|rule|Evasion Items Clause: Evasion items are banned\n|rule|Evasion Moves Clause: Evasion moves are banned\n|rule|Endless Battle Clause: Forcing endless battles is banned\n|rule|HP Percentage Mod: HP is shown in percentages\n|clearpoke\n|poke|p1|Alomomola, M|\n|poke|p1|Forretress, M|\n|poke|p1|Magnezone|\n|poke|p1|Cloyster, F|\n|poke|p1|Tyranitar, F|\n|poke|p1|Volcanion|\n|poke|p2|Kingambit, F|\n|poke|p2|Armarouge, F|\n|poke|p2|Gholdengo|\n|poke|p2|Cyclizar, F|\n|poke|p2|Samurott-Hisui, M|\n|poke|p2|Noivern, M|\n|teampreview\n|inactive|Battle timer is ON: inactive players will automatically lose when time's up. (requested by imnotgrate)\n|c|\u2606abcde76543|hf\n|c|\u2606imnotgrate|u2\n|inactive|abcde76543 has 120 seconds left.\n|\n|t:|1700167151\n|start\n|switch|p1a: Magnezone|Magnezone|100\/100\n|switch|p2a: The Winged Hassar|Noivern, M|100\/100\n|turn|1\n|\n|t:|1700167157\n|move|p2a: The Winged Hassar|U-turn|p1a: Magnezone\n|-resisted|p1a: Magnezone\n|-damage|p1a: Magnezone|95\/100\n|\n|t:|1700167160\n|switch|p2a: Night Witch|Cyclizar, F|100\/100|[from] U-turn\n|move|p1a: Magnezone|Volt Switch|p2a: Night Witch\n|-resisted|p2a: Night Witch\n|-damage|p2a: Night Witch|70\/100\n|\n|t:|1700167165\n|switch|p1a: Cloyster|Cloyster, F|100\/100|[from] Volt Switch\n|\n|upkeep\n|turn|2\n|\n|t:|1700167168\n|move|p1a: Cloyster|Icicle Spear|p2a: Night Witch\n|-supereffective|p2a: Night Witch\n|-damage|p2a: Night Witch|42\/100\n|-supereffective|p2a: Night Witch\n|-damage|p2a: Night Witch|14\/100\n|-supereffective|p2a: Night Witch\n|-crit|p2a: Night Witch\n|-damage|p2a: Night Witch|0 fnt\n|faint|p2a: Night Witch\n|-hitcount|p2: Night Witch|3\n|\n|upkeep\n|c|\u2606abcde76543|scarf cloyster\n|c|\u2606abcde76543|ok\n|\n|t:|1700167180\n|switch|p2a: Lost Battalion|Samurott-Hisui, M|100\/100\n|turn|3\n|\n|t:|1700167185\n|switch|p1a: Volcanion|Volcanion|100\/100\n|move|p2a: Lost Battalion|Ceaseless Edge|p1a: Volcanion\n|-damage|p1a: Volcanion|67\/100\n|-sidestart|p1: imnotgrate|Spikes\n|\n|upkeep\n|turn|4\n|\n|t:|1700167188\n|move|p2a: Lost Battalion|Ceaseless Edge|p1a: Volcanion\n|-damage|p1a: Volcanion|32\/100\n|-sidestart|p1: imnotgrate|Spikes\n|move|p1a: Volcanion|Sludge Bomb|p2a: Lost Battalion\n|-crit|p2a: Lost Battalion\n|-damage|p2a: Lost Battalion|23\/100\n|-status|p2a: Lost Battalion|psn\n|\n|-damage|p2a: Lost Battalion|11\/100 psn|[from] psn\n|upkeep\n|turn|5\n|\n|t:|1700167196\n|switch|p1a: Alomomola|Alomomola, M|100\/100\n|move|p2a: Lost Battalion|Ceaseless Edge|p1a: Alomomola|[miss]\n|-miss|p2a: Lost Battalion|p1a: Alomomola\n|\n|-damage|p2a: Lost Battalion|0 fnt|[from] psn\n|faint|p2a: Lost Battalion\n|upkeep\n|inactive|abcde76543 has 120 seconds left.\n|\n|t:|1700167244\n|switch|p2a: The Winged Hassar|Noivern, M|100\/100\n|turn|6\n|\n|t:|1700167251\n|move|p2a: The Winged Hassar|Draco Meteor|p1a: Alomomola\n|-damage|p1a: Alomomola|14\/100\n|-unboost|p2a: The Winged Hassar|spa|2\n|move|p1a: Alomomola|Wish|p1a: Alomomola\n|\n|upkeep\n|turn|7\n|\n|t:|1700167273\n|move|p1a: Alomomola|Protect|p1a: Alomomola\n|-singleturn|p1a: Alomomola|Protect\n|move|p2a: The Winged Hassar|Draco Meteor|p1a: Alomomola\n|-activate|p1a: Alomomola|move: Protect\n|\n|-heal|p1a: Alomomola|64\/100|[from] move: Wish|[wisher] Alomomola\n|upkeep\n|turn|8\n|inactive|abcde76543 has 120 seconds left.\n|\n|t:|1700167280\n|switch|p2a: Metal Machine|Armarouge, F|100\/100\n|move|p1a: Alomomola|Wish|p1a: Alomomola\n|\n|upkeep\n|turn|9\n|\n|t:|1700167287\n|move|p2a: Metal Machine|Energy Ball|p1a: Alomomola\n|-supereffective|p1a: Alomomola\n|-damage|p1a: Alomomola|0 fnt\n|faint|p1a: Alomomola\n|\n|upkeep\n|\n|t:|1700167295\n|switch|p1a: Forretress|Forretress, M|100\/100\n|turn|10\n|\n|t:|1700167297\n|switch|p2a: Ghost Division|Gholdengo|100\/100\n|-item|p2a: Ghost Division|Air Balloon\n|move|p1a: Forretress|Rapid Spin|p2a: Ghost Division\n|-immune|p2a: Ghost Division\n|\n|upkeep\n|turn|11\n|\n|t:|1700167308\n|switch|p1a: Volcanion|Volcanion|32\/100\n|-damage|p1a: Volcanion|15\/100|[from] Spikes\n|move|p2a: Ghost Division|Shadow Ball|p1a: Volcanion\n|-damage|p1a: Volcanion|0 fnt\n|faint|p1a: Volcanion\n|\n|upkeep\n|\n|t:|1700167313\n|switch|p1a: Magnezone|Magnezone|95\/100\n|turn|12\n|\n|t:|1700167323\n|switch|p2a: The Winged Hassar|Noivern, M|100\/100\n|move|p1a: Magnezone|Volt Switch|p2a: The Winged Hassar\n|-damage|p2a: The Winged Hassar|51\/100\n|\n|t:|1700167329\n|switch|p1a: Cloyster|Cloyster, F|100\/100|[from] Volt Switch\n|-damage|p1a: Cloyster|84\/100|[from] Spikes\n|\n|upkeep\n|turn|13\n|\n|t:|1700167336\n|switch|p2a: Metal Machine|Armarouge, F|100\/100\n|move|p1a: Cloyster|Icicle Spear|p2a: Metal Machine\n|-resisted|p2a: Metal Machine\n|-damage|p2a: Metal Machine|95\/100\n|-ability|p2a: Metal Machine|Weak Armor|boost\n|-unboost|p2a: Metal Machine|def|1\n|-boost|p2a: Metal Machine|spe|2\n|-resisted|p2a: Metal Machine\n|-damage|p2a: Metal Machine|87\/100\n|-ability|p2a: Metal Machine|Weak Armor|boost\n|-unboost|p2a: Metal Machine|def|1\n|-boost|p2a: Metal Machine|spe|2\n|-resisted|p2a: Metal Machine\n|-damage|p2a: Metal Machine|75\/100\n|-ability|p2a: Metal Machine|Weak Armor|boost\n|-unboost|p2a: Metal Machine|def|1\n|-boost|p2a: Metal Machine|spe|2\n|-resisted|p2a: Metal Machine\n|-damage|p2a: Metal Machine|61\/100\n|-ability|p2a: Metal Machine|Weak Armor|boost\n|-unboost|p2a: Metal Machine|def|1\n|-resisted|p2a: Metal Machine\n|-damage|p2a: Metal Machine|43\/100\n|-ability|p2a: Metal Machine|Weak Armor|boost\n|-unboost|p2a: Metal Machine|def|1\n|-hitcount|p2a: Metal Machine|5\n|\n|upkeep\n|turn|14\n|\n|t:|1700167362\n|switch|p1a: Forretress|Forretress, M|100\/100\n|move|p2a: Metal Machine|Aura Sphere|p1a: Forretress\n|-damage|p1a: Forretress|16\/100\n|\n|upkeep\n|turn|15\n|\n|t:|1700167368\n|move|p2a: Metal Machine|Aura Sphere|p1a: Forretress\n|-damage|p1a: Forretress|0 fnt\n|faint|p1a: Forretress\n|\n|upkeep\n|\n|t:|1700167371\n|switch|p1a: Magnezone|Magnezone|95\/100\n|turn|16\n|\n|t:|1700167381\n|move|p2a: Metal Machine|Aura Sphere|p1a: Magnezone\n|-supereffective|p1a: Magnezone\n|-damage|p1a: Magnezone|7\/100\n|move|p1a: Magnezone|Volt Switch|p2a: Metal Machine\n|-damage|p2a: Metal Machine|0 fnt\n|faint|p2a: Metal Machine\n|\n|t:|1700167386\n|switch|p1a: Tyranitar|Tyranitar, F|100\/100|[from] Volt Switch\n|-ability|p1a: Tyranitar|Unnerve\n|-damage|p1a: Tyranitar|84\/100|[from] Spikes\n|\n|upkeep\n|\n|t:|1700167408\n|switch|p2a: Shiroyama|Kingambit, F|100\/100\n|-activate|p2a: Shiroyama|ability: Supreme Overlord\n|-start|p2a: Shiroyama|fallen3|[silent]\n|turn|17\n|\n|t:|1700167413\n|-terastallize|p1a: Tyranitar|Flying\n|-terastallize|p2a: Shiroyama|Fairy\n|move|p1a: Tyranitar|Dragon Dance|p1a: Tyranitar\n|-boost|p1a: Tyranitar|atk|1\n|-boost|p1a: Tyranitar|spe|1\n|move|p2a: Shiroyama|Tera Blast|p1a: Tyranitar|[anim] Tera Blast Fairy\n|-damage|p1a: Tyranitar|30\/100\n|\n|upkeep\n|turn|18\n|\n|t:|1700167422\n|move|p2a: Shiroyama|Sucker Punch|p1a: Tyranitar\n|-damage|p1a: Tyranitar|0 fnt\n|faint|p1a: Tyranitar\n|\n|upkeep\n|\n|t:|1700167425\n|switch|p1a: Magnezone|Magnezone|7\/100\n|turn|19\n|\n|t:|1700167428\n|move|p2a: Shiroyama|Sucker Punch|p1a: Magnezone\n|-damage|p1a: Magnezone|0 fnt\n|faint|p1a: Magnezone\n|\n|upkeep\n|\n|t:|1700167429\n|switch|p1a: Cloyster|Cloyster, F|84\/100\n|-damage|p1a: Cloyster|67\/100|[from] Spikes\n|turn|20\n|\n|t:|1700167434\n|move|p1a: Cloyster|Icicle Spear|p2a: Shiroyama\n|-damage|p2a: Shiroyama|92\/100\n|-crit|p2a: Shiroyama\n|-damage|p2a: Shiroyama|81\/100\n|-damage|p2a: Shiroyama|73\/100\n|-damage|p2a: Shiroyama|66\/100\n|-damage|p2a: Shiroyama|57\/100\n|-hitcount|p2a: Shiroyama|5\n|move|p2a: Shiroyama|Kowtow Cleave|p1a: Cloyster\n|-crit|p1a: Cloyster\n|-damage|p1a: Cloyster|0 fnt\n|faint|p1a: Cloyster\n|\n|win|abcde76543\n|raw|imnotgrate's rating: 1239 &rarr; <strong>1221<\/strong><br \/>(-18 for losing)\n|raw|abcde76543's rating: 1333 &rarr; <strong>1348<\/strong><br \/>(+15 for winning)\n","uploadtime":1700167438,"views":10,"p1id":"imnotgrate","p2id":"abcde76543","formatid":"gen9ou","rating":1221,"private":0,"password":""}