{"id":"gen9ou-1997103020","p1":"Hotels proches","p2":"Sleo2123","format":"[Gen 9] OU","log":"|j|\u2606Hotels proches\n|j|\u2606Sleo2123\n|t:|1700764797\n|gametype|singles\n|player|p1|Hotels proches|lyra|1316\n|player|p2|Sleo2123|265|1234\n|teamsize|p1|6\n|teamsize|p2|6\n|gen|9\n|tier|[Gen 9] OU\n|rated|\n|rule|Sleep Clause Mod: Limit one foe put to sleep\n|rule|Species Clause: Limit one of each Pok\u00e9mon\n|rule|OHKO Clause: OHKO moves are banned\n|rule|Evasion Items Clause: Evasion items are banned\n|rule|Evasion Moves Clause: Evasion moves are banned\n|rule|Endless Battle Clause: Forcing endless battles is banned\n|rule|HP Percentage Mod: HP is shown in percentages\n|clearpoke\n|poke|p1|Manaphy|\n|poke|p1|Shaymin|\n|poke|p1|Infernape, M|\n|poke|p1|Mamoswine, M|\n|poke|p1|Enamorus, F|\n|poke|p1|Kingambit, F|\n|poke|p2|Ribombee, F|\n|poke|p2|Hoopa-Unbound|\n|poke|p2|Cloyster, F|\n|poke|p2|Breloom, F|\n|poke|p2|Great Tusk|\n|poke|p2|Greninja-*, M|\n|teampreview\n|inactive|Battle timer is ON: inactive players will automatically lose when time's up. (requested by Sleo2123)\n|inactive|Hotels proches has 120 seconds left.\n|\n|t:|1700764840\n|start\n|switch|p1a: Enamorus|Enamorus, F|100\/100\n|switch|p2a: Hoopa|Hoopa-Unbound|100\/100\n|turn|1\n|\n|t:|1700764855\n|move|p1a: Enamorus|Moonblast|p2a: Hoopa\n|-supereffective|p2a: Hoopa\n|-damage|p2a: Hoopa|2\/100\n|move|p2a: Hoopa|Zen Headbutt|p1a: Enamorus\n|-damage|p1a: Enamorus|0 fnt\n|faint|p1a: Enamorus\n|\n|upkeep\n|inactive|Hotels proches has 120 seconds left.\n|\n|t:|1700764889\n|switch|p1a: Infernape|Infernape, M|100\/100\n|turn|2\n|\n|t:|1700764905\n|move|p1a: Infernape|U-turn|p2a: Hoopa\n|-supereffective|p2a: Hoopa\n|-damage|p2a: Hoopa|0 fnt\n|faint|p2a: Hoopa\n|inactive|Hotels proches has 120 seconds left.\n|\n|t:|1700764933\n|switch|p1a: Kingambit|Kingambit, F|100\/100|[from] U-turn\n|-activate|p1a: Kingambit|ability: Supreme Overlord\n|-start|p1a: Kingambit|fallen1|[silent]\n|\n|upkeep\n|\n|t:|1700764937\n|switch|p2a: Breloom|Breloom, F|100\/100\n|turn|3\n|inactive|Hotels proches has 120 seconds left.\n|\n|t:|1700764956\n|-end|p1a: Kingambit|fallen1|[silent]\n|switch|p1a: Shaymin|Shaymin|100\/100\n|move|p2a: Breloom|Spore|p1a: Shaymin\n|-immune|p1a: Shaymin\n|\n|upkeep\n|turn|4\n|\n|t:|1700764966\n|switch|p2a: Ribombee|Ribombee, F|100\/100\n|move|p1a: Shaymin|Trailblaze|p2a: Ribombee\n|-resisted|p2a: Ribombee\n|-damage|p2a: Ribombee|83\/100\n|-boost|p1a: Shaymin|spe|1\n|-damage|p1a: Shaymin|91\/100|[from] item: Life Orb\n|\n|upkeep\n|turn|5\n|\n|t:|1700764992\n|move|p1a: Shaymin|Seed Flare|p2a: Ribombee\n|-resisted|p2a: Ribombee\n|-damage|p2a: Ribombee|37\/100\n|-damage|p1a: Shaymin|81\/100|[from] item: Life Orb\n|move|p2a: Ribombee|Sticky Web|p1a: Shaymin\n|-sidestart|p1: Hotels proches|move: Sticky Web\n|\n|upkeep\n|turn|6\n|\n|t:|1700764998\n|move|p1a: Shaymin|Seed Flare|p2a: Ribombee\n|-resisted|p2a: Ribombee\n|-damage|p2a: Ribombee|0 fnt\n|faint|p2a: Ribombee\n|-damage|p1a: Shaymin|71\/100|[from] item: Life Orb\n|\n|upkeep\n|inactive|Sleo2123 has 120 seconds left.\n|\n|t:|1700765024\n|switch|p2a: Breloom|Breloom, F|100\/100\n|turn|7\n|\n|t:|1700765038\n|-terastallize|p1a: Shaymin|Fire\n|move|p1a: Shaymin|Tera Blast|p2a: Breloom|[anim] Tera Blast Fire\n|-supereffective|p2a: Breloom\n|-damage|p2a: Breloom|0 fnt\n|faint|p2a: Breloom\n|-damage|p1a: Shaymin|61\/100|[from] item: Life Orb\n|\n|upkeep\n|\n|t:|1700765047\n|switch|p2a: Greninja|Greninja, M|100\/100\n|turn|8\n|\n|t:|1700765051\n|move|p1a: Shaymin|Seed Flare|p2a: Greninja\n|-supereffective|p2a: Greninja\n|-damage|p2a: Greninja|0 fnt\n|faint|p2a: Greninja\n|-damage|p1a: Shaymin|51\/100|[from] item: Life Orb\n|\n|upkeep\n|\n|t:|1700765053\n|switch|p2a: Cloyster|Cloyster, F|100\/100\n|turn|9\n|\n|t:|1700765056\n|move|p1a: Shaymin|Seed Flare|p2a: Cloyster\n|-supereffective|p2a: Cloyster\n|-damage|p2a: Cloyster|0 fnt\n|faint|p2a: Cloyster\n|-damage|p1a: Shaymin|41\/100|[from] item: Life Orb\n|\n|upkeep\n|-message|Sleo2123 forfeited.\n|\n|win|Hotels proches\n|raw|Hotels proches's rating: 1316 &rarr; <strong>1330<\/strong><br \/>(+14 for winning)\n|raw|Sleo2123's rating: 1205 &rarr; <strong>1188<\/strong><br \/>(-17 for losing)\n|l|\u2606Sleo2123\n","uploadtime":1700765070,"views":5,"p1id":"hotelsproches","p2id":"sleo2123","formatid":"gen9ou","rating":1188,"private":0,"password":""}