{"id":"gen9ou-1988989243","p1":"albiggwp","p2":"wyverbal","format":"[Gen 9] OU","log":"|j|\u2606albiggwp\n|j|\u2606wyverbal\n|t:|1699799065\n|gametype|singles\n|player|p1|albiggwp|twins-gen4dp|1219\n|player|p2|wyverbal|2|1251\n|teamsize|p1|6\n|teamsize|p2|6\n|gen|9\n|tier|[Gen 9] OU\n|rated|\n|rule|Sleep Clause Mod: Limit one foe put to sleep\n|rule|Species Clause: Limit one of each Pok\u00e9mon\n|rule|OHKO Clause: OHKO moves are banned\n|rule|Evasion Items Clause: Evasion items are banned\n|rule|Evasion Moves Clause: Evasion moves are banned\n|rule|Endless Battle Clause: Forcing endless battles is banned\n|rule|HP Percentage Mod: HP is shown in percentages\n|clearpoke\n|poke|p1|Conkeldurr, F|\n|poke|p1|Cinderace, M|\n|poke|p1|Ribombee, M|\n|poke|p1|Gyarados, F|\n|poke|p1|Landorus-Therian, M|\n|poke|p1|Slowking-Galar, M|\n|poke|p2|Zamazenta-*|\n|poke|p2|Kommo-o, M|\n|poke|p2|Ceruledge, F|\n|poke|p2|Tornadus, M|\n|poke|p2|Greninja-*, M|\n|poke|p2|Sandslash, M|\n|teampreview\n|inactive|Battle timer is ON: inactive players will automatically lose when time's up. (requested by wyverbal)\n|\n|t:|1699799073\n|start\n|switch|p1a: Ribombee|Ribombee, M|100\/100\n|switch|p2a: Tornadus|Tornadus, M, shiny|100\/100\n|turn|1\n|\n|t:|1699799086\n|move|p2a: Tornadus|Taunt|p1a: Ribombee\n|-start|p1a: Ribombee|move: Taunt\n|cant|p1a: Ribombee|move: Taunt|Sticky Web\n|\n|upkeep\n|turn|2\n|\n|t:|1699799100\n|switch|p1a: Slowking|Slowking-Galar, M|100\/100\n|move|p2a: Tornadus|Sandstorm|p2a: Tornadus\n|-weather|Sandstorm\n|\n|-weather|Sandstorm|[upkeep]\n|-damage|p2a: Tornadus|94\/100|[from] Sandstorm\n|-damage|p1a: Slowking|94\/100|[from] Sandstorm\n|upkeep\n|turn|3\n|\n|t:|1699799108\n|move|p2a: Tornadus|Taunt|p1a: Slowking\n|-start|p1a: Slowking|move: Taunt\n|move|p1a: Slowking|Ice Beam|p2a: Tornadus\n|-supereffective|p2a: Tornadus\n|-damage|p2a: Tornadus|24\/100\n|\n|-weather|Sandstorm|[upkeep]\n|-damage|p2a: Tornadus|18\/100|[from] Sandstorm\n|-damage|p1a: Slowking|88\/100|[from] Sandstorm\n|upkeep\n|turn|4\n|\n|t:|1699799125\n|switch|p2a: Zamazenta|Zamazenta, shiny|100\/100\n|-ability|p2a: Zamazenta|Dauntless Shield|boost\n|-boost|p2a: Zamazenta|def|1\n|move|p1a: Slowking|Ice Beam|p2a: Zamazenta\n|-damage|p2a: Zamazenta|82\/100\n|\n|-weather|Sandstorm|[upkeep]\n|-damage|p2a: Zamazenta|76\/100|[from] Sandstorm\n|-damage|p1a: Slowking|82\/100|[from] Sandstorm\n|upkeep\n|turn|5\n|\n|t:|1699799138\n|move|p2a: Zamazenta|Light Screen|p2a: Zamazenta\n|-sidestart|p2: wyverbal|move: Light Screen\n|move|p1a: Slowking|Psychic|p2a: Zamazenta\n|-supereffective|p2a: Zamazenta\n|-damage|p2a: Zamazenta|47\/100\n|\n|-weather|Sandstorm|[upkeep]\n|-damage|p2a: Zamazenta|41\/100|[from] Sandstorm\n|-damage|p1a: Slowking|76\/100|[from] Sandstorm\n|-end|p1a: Slowking|move: Taunt\n|upkeep\n|turn|6\n|\n|t:|1699799144\n|move|p2a: Zamazenta|Reflect|p2a: Zamazenta\n|-sidestart|p2: wyverbal|Reflect\n|move|p1a: Slowking|Psychic|p2a: Zamazenta\n|-supereffective|p2a: Zamazenta\n|-damage|p2a: Zamazenta|9\/100\n|\n|-weather|Sandstorm|[upkeep]\n|-damage|p2a: Zamazenta|3\/100|[from] Sandstorm\n|-damage|p1a: Slowking|70\/100|[from] Sandstorm\n|upkeep\n|turn|7\n|\n|t:|1699799155\n|switch|p2a: Greninja|Greninja, M|100\/100\n|switch|p1a: Ribombee|Ribombee, M|100\/100\n|\n|-weather|Sandstorm|[upkeep]\n|-damage|p1a: Ribombee|94\/100|[from] Sandstorm\n|-damage|p2a: Greninja|95\/100|[from] Sandstorm\n|upkeep\n|turn|8\n|\n|t:|1699799166\n|move|p1a: Ribombee|Moonblast|p2a: Greninja\n|-supereffective|p2a: Greninja\n|-damage|p2a: Greninja|28\/100\n|-unboost|p2a: Greninja|spa|1\n|move|p2a: Greninja|Surf|p1a: Ribombee\n|-damage|p1a: Ribombee|28\/100\n|-damage|p2a: Greninja|18\/100|[from] item: Life Orb\n|\n|-weather|Sandstorm|[upkeep]\n|-damage|p1a: Ribombee|22\/100|[from] Sandstorm\n|-damage|p2a: Greninja|12\/100|[from] Sandstorm\n|upkeep\n|turn|9\n|\n|t:|1699799176\n|move|p2a: Greninja|Water Shuriken|p1a: Ribombee\n|-damage|p1a: Ribombee|13\/100\n|-damage|p1a: Ribombee|2\/100\n|-damage|p1a: Ribombee|0 fnt\n|faint|p1a: Ribombee\n|-ability|p2a: Greninja|Battle Bond|boost\n|-boost|p2a: Greninja|atk|1\n|-boost|p2a: Greninja|spa|1\n|-boost|p2a: Greninja|spe|1\n|-activate|p2a: Greninja|ability: Battle Bond\n|-hitcount|p1: Ribombee|3\n|-damage|p2a: Greninja|2\/100|[from] item: Life Orb\n|\n|-weather|none\n|upkeep\n|\n|t:|1699799188\n|switch|p1a: Conkeldurr|Conkeldurr, F|100\/100\n|turn|10\n|\n|t:|1699799195\n|switch|p2a: Ceruledge|Ceruledge, F, shiny|100\/100\n|move|p1a: Conkeldurr|Mach Punch|p2a: Ceruledge\n|-immune|p2a: Ceruledge\n|\n|-status|p1a: Conkeldurr|brn|[from] item: Flame Orb\n|upkeep\n|turn|11\n|\n|t:|1699799204\n|move|p2a: Ceruledge|Taunt|p1a: Conkeldurr\n|-start|p1a: Conkeldurr|move: Taunt\n|move|p1a: Conkeldurr|Knock Off|p2a: Ceruledge\n|-supereffective|p2a: Ceruledge\n|-damage|p2a: Ceruledge|17\/100\n|-enditem|p2a: Ceruledge|Heavy-Duty Boots|[from] move: Knock Off|[of] p1a: Conkeldurr\n|\n|-damage|p1a: Conkeldurr|94\/100 brn|[from] brn\n|upkeep\n|turn|12\n|\n|t:|1699799210\n|move|p2a: Ceruledge|Bitter Blade|p1a: Conkeldurr\n|-damage|p1a: Conkeldurr|53\/100 brn\n|-heal|p2a: Ceruledge|45\/100|[from] drain|[of] p1a: Conkeldurr\n|move|p1a: Conkeldurr|Knock Off|p2a: Ceruledge\n|-supereffective|p2a: Ceruledge\n|-damage|p2a: Ceruledge|0 fnt\n|faint|p2a: Ceruledge\n|\n|-damage|p1a: Conkeldurr|47\/100 brn|[from] brn\n|-sideend|p2: wyverbal|move: Light Screen\n|upkeep\n|\n|t:|1699799219\n|switch|p2a: Kommo-o|Kommo-o, M, shiny|100\/100\n|turn|13\n|\n|t:|1699799231\n|switch|p1a: Landorus|Landorus-Therian, M|100\/100\n|-ability|p1a: Landorus|Intimidate|boost\n|-unboost|p2a: Kommo-o|atk|1\n|move|p2a: Kommo-o|Iron Defense|p2a: Kommo-o\n|-boost|p2a: Kommo-o|def|2\n|\n|-sideend|p2: wyverbal|Reflect\n|upkeep\n|turn|14\n|\n|t:|1699799243\n|move|p1a: Landorus|U-turn|p2a: Kommo-o\n|-resisted|p2a: Kommo-o\n|-damage|p2a: Kommo-o|97\/100\n|\n|t:|1699799246\n|switch|p1a: Slowking|Slowking-Galar, M|100\/100|[from] U-turn\n|move|p2a: Kommo-o|Iron Defense|p2a: Kommo-o\n|-boost|p2a: Kommo-o|def|2\n|\n|upkeep\n|turn|15\n|\n|t:|1699799256\n|-terastallize|p2a: Kommo-o|Steel\n|-terastallize|p1a: Slowking|Fairy\n|move|p1a: Slowking|Psychic|p2a: Kommo-o\n|-resisted|p2a: Kommo-o\n|-damage|p2a: Kommo-o|80\/100\n|move|p2a: Kommo-o|Dragon Tail|p1a: Slowking\n|-immune|p1a: Slowking\n|\n|upkeep\n|turn|16\n|\n|t:|1699799267\n|move|p2a: Kommo-o|Body Press|p1a: Slowking\n|-resisted|p1a: Slowking\n|-damage|p1a: Slowking|37\/100\n|move|p1a: Slowking|Surf|p2a: Kommo-o\n|-damage|p2a: Kommo-o|59\/100\n|\n|upkeep\n|turn|17\n|\n|t:|1699799283\n|switch|p1a: Conkeldurr|Conkeldurr, F|47\/100 brn\n|move|p2a: Kommo-o|Body Press|p1a: Conkeldurr\n|-damage|p1a: Conkeldurr|0 fnt\n|faint|p1a: Conkeldurr\n|\n|upkeep\n|\n|t:|1699799289\n|switch|p1a: Cinderace|Cinderace, M|100\/100\n|turn|18\n|\n|t:|1699799295\n|move|p1a: Cinderace|High Jump Kick|p2a: Kommo-o\n|-start|p1a: Cinderace|typechange|Fighting|[from] ability: Libero\n|-supereffective|p2a: Kommo-o\n|-damage|p2a: Kommo-o|35\/100\n|move|p2a: Kommo-o|Iron Defense|p2a: Kommo-o\n|-boost|p2a: Kommo-o|def|2\n|\n|upkeep\n|turn|19\n|\n|t:|1699799304\n|move|p1a: Cinderace|High Jump Kick|p2a: Kommo-o\n|-supereffective|p2a: Kommo-o\n|-damage|p2a: Kommo-o|17\/100\n|move|p2a: Kommo-o|Rest|p2a: Kommo-o\n|-status|p2a: Kommo-o|slp|[from] move: Rest\n|-heal|p2a: Kommo-o|100\/100 slp|[silent]\n|-enditem|p2a: Kommo-o|Chesto Berry|[eat]\n|-curestatus|p2a: Kommo-o|slp|[msg]\n|\n|upkeep\n|turn|20\n|-message|albiggwp forfeited.\n|\n|win|wyverbal\n|raw|albiggwp's rating: 1219 &rarr; <strong>1196<\/strong><br \/>(-23 for losing)\n|raw|wyverbal's rating: 1251 &rarr; <strong>1274<\/strong><br \/>(+23 for winning)\n|l|\u2606albiggwp\n","uploadtime":1699799318,"views":8,"p1id":"albiggwp","p2id":"wyverbal","formatid":"gen9ou","rating":1196,"private":0,"password":""}