{"id":"gen9ou-1992774734","p1":"pok3monjake","p2":"Cacahead","format":"[Gen 9] OU","log":"|j|\u2606pok3monjake\n|j|\u2606Cacahead\n|t:|1700234321\n|gametype|singles\n|player|p1|pok3monjake|unknown|1473\n|player|p2|Cacahead|266|1426\n|teamsize|p1|6\n|teamsize|p2|6\n|gen|9\n|tier|[Gen 9] OU\n|rated|\n|rule|Sleep Clause Mod: Limit one foe put to sleep\n|rule|Species Clause: Limit one of each Pok\u00e9mon\n|rule|OHKO Clause: OHKO moves are banned\n|rule|Evasion Items Clause: Evasion items are banned\n|rule|Evasion Moves Clause: Evasion moves are banned\n|rule|Endless Battle Clause: Forcing endless battles is banned\n|rule|HP Percentage Mod: HP is shown in percentages\n|clearpoke\n|poke|p1|Sandslash-Alola, F|\n|poke|p1|Slowking, F|\n|poke|p1|Glaceon, F|\n|poke|p1|Heatran, M|\n|poke|p1|Weezing-Galar, F|\n|poke|p1|Zapdos|\n|poke|p2|Sneasler, M|\n|poke|p2|Rillaboom, F|\n|poke|p2|Dondozo, M|\n|poke|p2|Clefable, M|\n|poke|p2|Great Tusk|\n|poke|p2|Iron Moth|\n|teampreview\n|\n|t:|1700234330\n|start\n|switch|p1a: Slowking|Slowking, F|100\/100\n|switch|p2a: Rillaboom|Rillaboom, F|100\/100\n|-fieldstart|move: Grassy Terrain|[from] ability: Grassy Surge|[of] p2a: Rillaboom\n|turn|1\n|inactive|Battle timer is ON: inactive players will automatically lose when time's up. (requested by pok3monjake)\n|\n|t:|1700234336\n|switch|p1a: Zapdos|Zapdos|100\/100\n|move|p2a: Rillaboom|Knock Off|p1a: Zapdos\n|-damage|p1a: Zapdos|54\/100\n|-enditem|p1a: Zapdos|Heavy-Duty Boots|[from] move: Knock Off|[of] p2a: Rillaboom\n|\n|upkeep\n|turn|2\n|\n|t:|1700234357\n|switch|p2a: Clefable|Clefable, M|100\/100\n|move|p1a: Zapdos|Hurricane|p2a: Clefable\n|-damage|p2a: Clefable|58\/100\n|\n|-heal|p2a: Clefable|64\/100|[from] Grassy Terrain\n|upkeep\n|turn|3\n|\n|t:|1700234368\n|move|p1a: Zapdos|Volt Switch|p2a: Clefable\n|-damage|p2a: Clefable|34\/100\n|\n|t:|1700234373\n|switch|p1a: Slowking|Slowking, F|100\/100|[from] Volt Switch\n|move|p2a: Clefable|Calm Mind|p2a: Clefable\n|-boost|p2a: Clefable|spa|1\n|-boost|p2a: Clefable|spd|1\n|\n|-heal|p2a: Clefable|40\/100|[from] Grassy Terrain\n|upkeep\n|turn|4\n|\n|t:|1700234393\n|move|p2a: Clefable|Moonlight|p2a: Clefable\n|-heal|p2a: Clefable|90\/100\n|move|p1a: Slowking|Chilly Reception|p1a: Slowking\n|-weather|Snow\n|\n|t:|1700234400\n|switch|p1a: Heatran|Heatran, M|100\/100|[from] Chilly Reception\n|-item|p1a: Heatran|Air Balloon\n|\n|-weather|Snow|[upkeep]\n|-heal|p2a: Clefable|96\/100|[from] Grassy Terrain\n|upkeep\n|turn|5\n|\n|t:|1700234410\n|switch|p2a: Dondozo|Dondozo, M|100\/100\n|move|p1a: Heatran|Taunt|p2a: Dondozo\n|-start|p2a: Dondozo|move: Taunt\n|\n|-weather|Snow|[upkeep]\n|-fieldend|move: Grassy Terrain\n|upkeep\n|turn|6\n|\n|t:|1700234416\n|switch|p1a: Zapdos|Zapdos|54\/100\n|move|p2a: Dondozo|Body Press|p1a: Zapdos\n|-resisted|p1a: Zapdos\n|-damage|p1a: Zapdos|41\/100\n|\n|-weather|Snow|[upkeep]\n|upkeep\n|turn|7\n|\n|t:|1700234428\n|switch|p2a: Clefable|Clefable, M|96\/100\n|move|p1a: Zapdos|Volt Switch|p2a: Clefable\n|-damage|p2a: Clefable|71\/100\n|\n|t:|1700234433\n|switch|p1a: Glaceon|Glaceon, F|100\/100|[from] Volt Switch\n|\n|-weather|Snow|[upkeep]\n|upkeep\n|turn|8\n|\n|t:|1700234440\n|move|p1a: Glaceon|Blizzard|p2a: Clefable\n|-damage|p2a: Clefable|0 fnt\n|faint|p2a: Clefable\n|\n|-weather|Snow|[upkeep]\n|upkeep\n|\n|t:|1700234447\n|switch|p2a: Iron Moth|Iron Moth|100\/100\n|-enditem|p2a: Iron Moth|Booster Energy\n|-activate|p2a: Iron Moth|ability: Quark Drive|[fromitem]\n|-start|p2a: Iron Moth|quarkdrivespe\n|turn|9\n|\n|t:|1700234456\n|switch|p1a: Heatran|Heatran, M|100\/100\n|-item|p1a: Heatran|Air Balloon\n|move|p2a: Iron Moth|Substitute|p2a: Iron Moth\n|-start|p2a: Iron Moth|Substitute\n|-damage|p2a: Iron Moth|75\/100\n|\n|-weather|Snow|[upkeep]\n|upkeep\n|turn|10\n|\n|t:|1700234460\n|move|p2a: Iron Moth|Dazzling Gleam|p1a: Heatran\n|-resisted|p1a: Heatran\n|-damage|p1a: Heatran|93\/100\n|-enditem|p1a: Heatran|Air Balloon\n|move|p1a: Heatran|Earth Power|p2a: Iron Moth\n|-supereffective|p2a: Iron Moth\n|-end|p2a: Iron Moth|Substitute\n|\n|-weather|Snow|[upkeep]\n|upkeep\n|turn|11\n|\n|t:|1700234484\n|-end|p2a: Iron Moth|Quark Drive|[silent]\n|switch|p2a: Dondozo|Dondozo, M|100\/100\n|switch|p1a: Slowking|Slowking, F|100\/100\n|\n|-weather|none\n|upkeep\n|turn|12\n|\n|t:|1700234493\n|switch|p2a: Rillaboom|Rillaboom, F|100\/100\n|-fieldstart|move: Grassy Terrain|[from] ability: Grassy Surge|[of] p2a: Rillaboom\n|move|p1a: Slowking|Chilly Reception|p1a: Slowking\n|-weather|Snow\n|\n|t:|1700234499\n|switch|p1a: Glaceon|Glaceon, F|100\/100|[from] Chilly Reception\n|\n|-weather|Snow|[upkeep]\n|upkeep\n|turn|13\n|\n|t:|1700234507\n|move|p2a: Rillaboom|Drain Punch|p1a: Glaceon\n|-supereffective|p1a: Glaceon\n|-damage|p1a: Glaceon|36\/100\n|move|p1a: Glaceon|Blizzard|p2a: Rillaboom\n|-supereffective|p2a: Rillaboom\n|-damage|p2a: Rillaboom|0 fnt\n|faint|p2a: Rillaboom\n|\n|-weather|Snow|[upkeep]\n|-heal|p1a: Glaceon|42\/100|[from] ability: Ice Body\n|-heal|p1a: Glaceon|48\/100|[from] Grassy Terrain\n|upkeep\n|\n|t:|1700234510\n|switch|p2a: Sneasler|Sneasler, M|100\/100\n|-enditem|p2a: Sneasler|Grassy Seed\n|-boost|p2a: Sneasler|def|1|[from] item: Grassy Seed\n|turn|14\n|\n|t:|1700234531\n|switch|p1a: Weezing|Weezing-Galar, F|100\/100\n|-ability|p1a: Weezing|Neutralizing Gas\n|move|p2a: Sneasler|Dire Claw|p1a: Weezing\n|-damage|p1a: Weezing|71\/100\n|\n|-weather|Snow|[upkeep]\n|-heal|p1a: Weezing|77\/100|[from] Grassy Terrain\n|upkeep\n|turn|15\n|\n|t:|1700234547\n|-terastallize|p2a: Sneasler|Flying\n|move|p2a: Sneasler|Acrobatics|p1a: Weezing\n|-damage|p1a: Weezing|39\/100\n|move|p1a: Weezing|Will-O-Wisp|p2a: Sneasler|[miss]\n|-miss|p1a: Weezing|p2a: Sneasler\n|\n|-weather|Snow|[upkeep]\n|-heal|p1a: Weezing|45\/100|[from] Grassy Terrain\n|upkeep\n|turn|16\n|inactive|Cacahead has 120 seconds left.\n|\n|t:|1700234565\n|switch|p2a: Iron Moth|Iron Moth|75\/100\n|move|p1a: Weezing|Will-O-Wisp|p2a: Iron Moth\n|-immune|p2a: Iron Moth\n|\n|-weather|Snow|[upkeep]\n|-heal|p2a: Iron Moth|82\/100|[from] Grassy Terrain\n|-heal|p1a: Weezing|51\/100|[from] Grassy Terrain\n|-fieldend|move: Grassy Terrain\n|upkeep\n|turn|17\n|\n|t:|1700234572\n|-end|p1a: Weezing|ability: Neutralizing Gas\n|switch|p1a: Heatran|Heatran, M|93\/100\n|move|p2a: Iron Moth|Fiery Dance|p1a: Heatran\n|-start|p1a: Heatran|ability: Flash Fire\n|\n|-weather|Snow|[upkeep]\n|upkeep\n|turn|18\n|\n|t:|1700234579\n|-end|p2a: Iron Moth|Quark Drive|[silent]\n|switch|p2a: Dondozo|Dondozo, M|100\/100\n|move|p1a: Heatran|Earth Power|p2a: Dondozo\n|-damage|p2a: Dondozo|68\/100\n|\n|-weather|Snow|[upkeep]\n|upkeep\n|turn|19\n|\n|t:|1700234586\n|-end|p1a: Heatran|ability: Flash Fire|[silent]\n|switch|p1a: Slowking|Slowking, F|100\/100\n|move|p2a: Dondozo|Liquidation|p1a: Slowking\n|-resisted|p1a: Slowking\n|-damage|p1a: Slowking|87\/100\n|\n|-weather|none\n|upkeep\n|turn|20\n|\n|t:|1700234598\n|switch|p2a: Sneasler|Sneasler, M, tera:Flying|100\/100\n|move|p1a: Slowking|Chilly Reception|p1a: Slowking\n|-weather|Snow\n|\n|t:|1700234609\n|switch|p1a: Sandslash|Sandslash-Alola, F|100\/100|[from] Chilly Reception\n|\n|-weather|Snow|[upkeep]\n|upkeep\n|turn|21\n|\n|t:|1700234613\n|move|p1a: Sandslash|Icicle Spear|p2a: Sneasler\n|-supereffective|p2a: Sneasler\n|-damage|p2a: Sneasler|62\/100\n|-supereffective|p2a: Sneasler\n|-damage|p2a: Sneasler|22\/100\n|-supereffective|p2a: Sneasler\n|-damage|p2a: Sneasler|0 fnt\n|faint|p2a: Sneasler\n|-hitcount|p2: Sneasler|3\n|\n|-weather|Snow|[upkeep]\n|upkeep\n|\n|t:|1700234617\n|switch|p2a: Great Tusk|Great Tusk|100\/100\n|turn|22\n|\n|t:|1700234631\n|-terastallize|p1a: Sandslash|Flying\n|move|p1a: Sandslash|Icicle Spear|p2a: Great Tusk\n|-supereffective|p2a: Great Tusk\n|-damage|p2a: Great Tusk|82\/100\n|-supereffective|p2a: Great Tusk\n|-damage|p2a: Great Tusk|62\/100\n|-supereffective|p2a: Great Tusk\n|-damage|p2a: Great Tusk|44\/100\n|-supereffective|p2a: Great Tusk\n|-damage|p2a: Great Tusk|24\/100\n|-supereffective|p2a: Great Tusk\n|-damage|p2a: Great Tusk|7\/100\n|-hitcount|p2a: Great Tusk|5\n|move|p2a: Great Tusk|Rapid Spin|p1a: Sandslash\n|-damage|p1a: Sandslash|84\/100\n|-boost|p2a: Great Tusk|spe|1\n|\n|-weather|Snow|[upkeep]\n|upkeep\n|turn|23\n|\n|t:|1700234640\n|move|p1a: Sandslash|Icicle Spear|p2a: Great Tusk\n|-supereffective|p2a: Great Tusk\n|-crit|p2a: Great Tusk\n|-damage|p2a: Great Tusk|0 fnt\n|faint|p2a: Great Tusk\n|-end|p2a: Great Tusk|Protosynthesis|[silent]\n|-hitcount|p2: Great Tusk|1\n|\n|-weather|Snow|[upkeep]\n|upkeep\n|\n|t:|1700234643\n|switch|p2a: Iron Moth|Iron Moth|82\/100\n|turn|24\n|\n|t:|1700234645\n|move|p1a: Sandslash|Earthquake|p2a: Iron Moth\n|-supereffective|p2a: Iron Moth\n|-damage|p2a: Iron Moth|0 fnt\n|faint|p2a: Iron Moth\n|-end|p2a: Iron Moth|Quark Drive|[silent]\n|\n|-weather|Snow|[upkeep]\n|upkeep\n|\n|t:|1700234647\n|switch|p2a: Dondozo|Dondozo, M|68\/100\n|turn|25\n|\n|t:|1700234655\n|move|p1a: Sandslash|Knock Off|p2a: Dondozo\n|-damage|p2a: Dondozo|54\/100\n|-enditem|p2a: Dondozo|Heavy-Duty Boots|[from] move: Knock Off|[of] p1a: Sandslash\n|move|p2a: Dondozo|Liquidation|p1a: Sandslash\n|-damage|p1a: Sandslash|53\/100\n|-unboost|p1a: Sandslash|def|1\n|\n|-weather|Snow|[upkeep]\n|upkeep\n|turn|26\n|\n|t:|1700234664\n|move|p1a: Sandslash|Earthquake|p2a: Dondozo\n|-damage|p2a: Dondozo|41\/100\n|move|p2a: Dondozo|Liquidation|p1a: Sandslash\n|-damage|p1a: Sandslash|26\/100\n|-unboost|p1a: Sandslash|def|1\n|\n|-weather|Snow|[upkeep]\n|upkeep\n|turn|27\n|\n|t:|1700234667\n|move|p1a: Sandslash|Earthquake|p2a: Dondozo\n|-damage|p2a: Dondozo|27\/100\n|move|p2a: Dondozo|Liquidation|p1a: Sandslash\n|-damage|p1a: Sandslash|0 fnt\n|faint|p1a: Sandslash\n|\n|-weather|none\n|upkeep\n|\n|t:|1700234669\n|switch|p1a: Glaceon|Glaceon, F|48\/100\n|turn|28\n|\n|t:|1700234673\n|move|p1a: Glaceon|Freeze-Dry|p2a: Dondozo\n|-supereffective|p2a: Dondozo\n|-damage|p2a: Dondozo|0 fnt\n|faint|p2a: Dondozo\n|\n|win|pok3monjake\n|raw|pok3monjake's rating: 1473 &rarr; <strong>1490<\/strong><br \/>(+17 for winning)\n|raw|Cacahead's rating: 1426 &rarr; <strong>1409<\/strong><br \/>(-17 for losing)\n|l|\u2606Cacahead\n","uploadtime":1700234677,"views":11,"p1id":"pok3monjake","p2id":"cacahead","formatid":"gen9ou","rating":1409,"private":0,"password":""}