{"id":"gen9ou-2000569070","p1":"Golemfan789","p2":"burgercute","format":"[Gen 9] OU","log":"|j|\u2606Golemfan789\n|j|\u2606burgercute\n|t:|1701206196\n|gametype|singles\n|player|p1|Golemfan789|flannery|1321\n|player|p2|burgercute|iris|1322\n|teamsize|p1|6\n|teamsize|p2|6\n|gen|9\n|tier|[Gen 9] OU\n|rated|\n|rule|Sleep Clause Mod: Limit one foe put to sleep\n|rule|Species Clause: Limit one of each Pok\u00e9mon\n|rule|OHKO Clause: OHKO moves are banned\n|rule|Evasion Items Clause: Evasion items are banned\n|rule|Evasion Moves Clause: Evasion moves are banned\n|rule|Endless Battle Clause: Forcing endless battles is banned\n|rule|HP Percentage Mod: HP is shown in percentages\n|clearpoke\n|poke|p1|Torterra, M|\n|poke|p1|Iron Valiant|\n|poke|p1|Great Tusk|\n|poke|p1|Delibird, F|\n|poke|p1|Hatterene, F|\n|poke|p1|Ogerpon-Wellspring, F|\n|poke|p2|Indeedee, M|\n|poke|p2|Toedscruel, F|\n|poke|p2|Pelipper, M|\n|poke|p2|Floatzel, F|\n|poke|p2|Polteageist|\n|poke|p2|Forretress, F|\n|teampreview\n|inactive|Battle timer is ON: inactive players will automatically lose when time's up. (requested by burgercute)\n|inactive|Golemfan789 also wants the timer to be on.\n|\n|t:|1701206207\n|start\n|switch|p1a: Hatterene|Hatterene, F|100\/100\n|switch|p2a: Toedscruel|Toedscruel, F|100\/100\n|turn|1\n|\n|t:|1701206217\n|move|p1a: Hatterene|Psychic|p2a: Toedscruel\n|-damage|p2a: Toedscruel|78\/100\n|move|p2a: Toedscruel|Toxic|p1a: Hatterene\n|-status|p1a: Hatterene|tox\n|\n|-heal|p2a: Toedscruel|84\/100|[from] item: Leftovers\n|-damage|p1a: Hatterene|95\/100 tox|[from] psn\n|upkeep\n|turn|2\n|\n|t:|1701206223\n|move|p1a: Hatterene|Psychic|p2a: Toedscruel\n|-damage|p2a: Toedscruel|62\/100\n|move|p2a: Toedscruel|Leech Seed|p1a: Hatterene\n|-start|p1a: Hatterene|move: Leech Seed\n|\n|-heal|p2a: Toedscruel|68\/100|[from] item: Leftovers\n|-heal|p1a: Hatterene|100\/100 tox|[from] item: Leftovers\n|-damage|p1a: Hatterene|88\/100 tox|[from] Leech Seed|[of] p2a: Toedscruel\n|-heal|p2a: Toedscruel|79\/100|[silent]\n|-damage|p1a: Hatterene|76\/100 tox|[from] psn\n|upkeep\n|turn|3\n|\n|t:|1701206235\n|switch|p1a: Delibird|Delibird, F|100\/100\n|move|p2a: Toedscruel|Rapid Spin|p1a: Delibird\n|-damage|p1a: Delibird|77\/100\n|-boost|p2a: Toedscruel|spe|1\n|\n|-heal|p2a: Toedscruel|85\/100|[from] item: Leftovers\n|upkeep\n|turn|4\n|\n|t:|1701206244\n|switch|p2a: Forretress|Forretress, F, shiny|100\/100\n|move|p1a: Delibird|Brave Bird|p2a: Forretress\n|-damage|p2a: Forretress|73\/100\n|-damage|p1a: Delibird|61\/100|[from] item: Rocky Helmet|[of] p2a: Forretress\n|-damage|p1a: Delibird|47\/100|[from] Recoil\n|\n|upkeep\n|turn|5\n|\n|t:|1701206249\n|switch|p1a: Hatterene|Hatterene, F|76\/100 tox\n|move|p2a: Forretress|Volt Switch|p1a: Hatterene\n|-damage|p1a: Hatterene|66\/100 tox\n|\n|t:|1701206255\n|switch|p2a: Free Wave Crash|Floatzel, F, shiny|100\/100|[from] Volt Switch\n|\n|-heal|p1a: Hatterene|72\/100 tox|[from] item: Leftovers\n|-damage|p1a: Hatterene|66\/100 tox|[from] psn\n|upkeep\n|turn|6\n|\n|t:|1701206261\n|move|p2a: Free Wave Crash|Wave Crash|p1a: Hatterene\n|-damage|p1a: Hatterene|0 fnt\n|faint|p1a: Hatterene\n|-damage|p2a: Free Wave Crash|79\/100|[from] Recoil\n|\n|upkeep\n|\n|t:|1701206264\n|switch|p1a: Ogerpon|Ogerpon-Wellspring, F|100\/100\n|turn|7\n|\n|t:|1701206270\n|switch|p2a: Forretress|Forretress, F, shiny|73\/100\n|move|p1a: Ogerpon|Ivy Cudgel|p2a: Forretress|[anim] Ivy Cudgel Water\n|-damage|p2a: Forretress|42\/100\n|\n|upkeep\n|turn|8\n|\n|t:|1701206278\n|move|p1a: Ogerpon|Taunt|p2a: Forretress\n|-start|p2a: Forretress|move: Taunt\n|move|p2a: Forretress|Counter||[still]\n|-fail|p2a: Forretress\n|\n|upkeep\n|turn|9\n|\n|t:|1701206286\n|move|p1a: Ogerpon|Ivy Cudgel|p2a: Forretress|[anim] Ivy Cudgel Water\n|-damage|p2a: Forretress|12\/100\n|move|p2a: Forretress|Body Press|p1a: Ogerpon\n|-damage|p1a: Ogerpon|54\/100\n|\n|upkeep\n|turn|10\n|\n|t:|1701206294\n|move|p1a: Ogerpon|Ivy Cudgel|p2a: Forretress|[anim] Ivy Cudgel Water\n|-damage|p2a: Forretress|0 fnt\n|faint|p2a: Forretress\n|\n|upkeep\n|\n|t:|1701206297\n|switch|p2a: Pelipper|Pelipper, M|100\/100\n|-weather|RainDance|[from] ability: Drizzle|[of] p2a: Pelipper\n|turn|11\n|\n|t:|1701206307\n|move|p1a: Ogerpon|U-turn|p2a: Pelipper\n|-resisted|p2a: Pelipper\n|-damage|p2a: Pelipper|86\/100\n|\n|t:|1701206311\n|switch|p1a: Delibird|Delibird, F|47\/100|[from] U-turn\n|move|p2a: Pelipper|Hurricane|p1a: Delibird\n|-damage|p1a: Delibird|0 fnt\n|faint|p1a: Delibird\n|\n|-weather|RainDance|[upkeep]\n|upkeep\n|\n|t:|1701206318\n|switch|p1a: Iron Valiant|Iron Valiant|100\/100\n|-enditem|p1a: Iron Valiant|Booster Energy\n|-activate|p1a: Iron Valiant|ability: Quark Drive|[fromitem]\n|-start|p1a: Iron Valiant|quarkdrivespe\n|turn|12\n|\n|t:|1701206324\n|switch|p2a: Toedscruel|Toedscruel, F|85\/100\n|move|p1a: Iron Valiant|Thunderbolt|p2a: Toedscruel\n|-immune|p2a: Toedscruel\n|\n|-weather|RainDance|[upkeep]\n|-heal|p2a: Toedscruel|91\/100|[from] item: Leftovers\n|upkeep\n|turn|13\n|\n|t:|1701206349\n|move|p1a: Iron Valiant|Moonblast|p2a: Toedscruel\n|-damage|p2a: Toedscruel|63\/100\n|move|p2a: Toedscruel|Toxic|p1a: Iron Valiant\n|-status|p1a: Iron Valiant|tox\n|\n|-weather|RainDance|[upkeep]\n|-heal|p2a: Toedscruel|69\/100|[from] item: Leftovers\n|-damage|p1a: Iron Valiant|94\/100 tox|[from] psn\n|upkeep\n|turn|14\n|\n|t:|1701206355\n|move|p1a: Iron Valiant|Close Combat|p2a: Toedscruel\n|-damage|p2a: Toedscruel|5\/100\n|-unboost|p1a: Iron Valiant|def|1\n|-unboost|p1a: Iron Valiant|spd|1\n|move|p2a: Toedscruel|Leech Seed|p1a: Iron Valiant\n|-start|p1a: Iron Valiant|move: Leech Seed\n|\n|-weather|RainDance|[upkeep]\n|-heal|p2a: Toedscruel|11\/100|[from] item: Leftovers\n|-damage|p1a: Iron Valiant|82\/100 tox|[from] Leech Seed|[of] p2a: Toedscruel\n|-heal|p2a: Toedscruel|21\/100|[silent]\n|-damage|p1a: Iron Valiant|69\/100 tox|[from] psn\n|upkeep\n|turn|15\n|\n|t:|1701206367\n|move|p1a: Iron Valiant|Moonblast|p2a: Toedscruel\n|-damage|p2a: Toedscruel|0 fnt\n|faint|p2a: Toedscruel\n|\n|-weather|RainDance|[upkeep]\n|-damage|p1a: Iron Valiant|51\/100 tox|[from] psn\n|upkeep\n|\n|t:|1701206371\n|switch|p2a: Free Wave Crash|Floatzel, F, shiny|79\/100\n|turn|16\n|\n|t:|1701206380\n|-end|p1a: Iron Valiant|Quark Drive|[silent]\n|switch|p1a: Ogerpon|Ogerpon-Wellspring, F|54\/100\n|-terastallize|p2a: Free Wave Crash|Grass\n|move|p2a: Free Wave Crash|Tera Blast|p1a: Ogerpon|[anim] Tera Blast Grass\n|-damage|p1a: Ogerpon|0 fnt\n|faint|p1a: Ogerpon\n|\n|-weather|RainDance|[upkeep]\n|upkeep\n|\n|t:|1701206391\n|switch|p1a: Torterra|Torterra, M|100\/100\n|turn|17\n|\n|t:|1701206394\n|move|p2a: Free Wave Crash|Tera Blast|p1a: Torterra|[anim] Tera Blast Grass\n|-damage|p1a: Torterra|49\/100\n|move|p1a: Torterra|Shell Smash|p1a: Torterra\n|-unboost|p1a: Torterra|def|1\n|-unboost|p1a: Torterra|spd|1\n|-boost|p1a: Torterra|atk|2\n|-boost|p1a: Torterra|spa|2\n|-boost|p1a: Torterra|spe|2\n|\n|-weather|RainDance|[upkeep]\n|upkeep\n|turn|18\n|c|\u2606burgercute|:-\/\n|\n|t:|1701206412\n|move|p2a: Free Wave Crash|Tera Blast|p1a: Torterra|[anim] Tera Blast Grass\n|-damage|p1a: Torterra|0 fnt\n|faint|p1a: Torterra\n|\n|-weather|none\n|upkeep\n|\n|t:|1701206418\n|switch|p1a: Iron Valiant|Iron Valiant|51\/100 tox\n|turn|19\n|\n|t:|1701206424\n|switch|p2a: Pelipper|Pelipper, M|86\/100\n|-weather|RainDance|[from] ability: Drizzle|[of] p2a: Pelipper\n|move|p1a: Iron Valiant|Moonblast|p2a: Pelipper\n|-damage|p2a: Pelipper|1\/100\n|\n|-weather|RainDance|[upkeep]\n|-damage|p1a: Iron Valiant|44\/100 tox|[from] psn\n|upkeep\n|turn|20\n|\n|t:|1701206430\n|move|p1a: Iron Valiant|Moonblast|p2a: Pelipper\n|-damage|p2a: Pelipper|0 fnt\n|faint|p2a: Pelipper\n|\n|-weather|RainDance|[upkeep]\n|-damage|p1a: Iron Valiant|32\/100 tox|[from] psn\n|upkeep\n|\n|t:|1701206432\n|switch|p2a: Free Wave Crash|Floatzel, F, shiny, tera:Grass|79\/100\n|turn|21\n|c|\u2606burgercute|gg\n|\n|t:|1701206439\n|move|p2a: Free Wave Crash|Wave Crash|p1a: Iron Valiant\n|-damage|p1a: Iron Valiant|0 fnt\n|faint|p1a: Iron Valiant\n|-end|p1a: Iron Valiant|Quark Drive|[silent]\n|-damage|p2a: Free Wave Crash|69\/100|[from] Recoil\n|\n|-weather|RainDance|[upkeep]\n|upkeep\n|\n|t:|1701206443\n|switch|p1a: Great Tusk|Great Tusk|100\/100\n|turn|22\n|\n|t:|1701206448\n|-terastallize|p1a: Great Tusk|Ghost\n|move|p2a: Free Wave Crash|Wave Crash|p1a: Great Tusk\n|-damage|p1a: Great Tusk|40\/100\n|-damage|p2a: Free Wave Crash|42\/100|[from] Recoil\n|move|p1a: Great Tusk|Body Press|p2a: Free Wave Crash\n|-damage|p2a: Free Wave Crash|0 fnt\n|faint|p2a: Free Wave Crash\n|\n|-weather|RainDance|[upkeep]\n|-heal|p1a: Great Tusk|47\/100|[from] item: Leftovers\n|upkeep\n|\n|t:|1701206452\n|switch|p2a: Indeedee|Indeedee, M|100\/100\n|-fieldstart|move: Psychic Terrain|[from] ability: Psychic Surge|[of] p2a: Indeedee\n|turn|23\n|\n|t:|1701206457\n|move|p2a: Indeedee|Psychic|p1a: Great Tusk\n|-damage|p1a: Great Tusk|0 fnt\n|faint|p1a: Great Tusk\n|-end|p1a: Great Tusk|Protosynthesis|[silent]\n|\n|win|burgercute\n|raw|Golemfan789's rating: 1321 &rarr; <strong>1301<\/strong><br \/>(-20 for losing)\n|raw|burgercute's rating: 1322 &rarr; <strong>1342<\/strong><br \/>(+20 for winning)\n|l|\u2606Golemfan789\n","uploadtime":1701206466,"views":0,"p1id":"golemfan789","p2id":"burgercute","formatid":"gen9ou","rating":1301,"private":0,"password":""}