{"id":"gen9ou-1992061222","p1":"Aygguan","p2":"Sasuna","format":"[Gen 9] OU","log":"|j|\u2606Aygguan\n|j|\u2606Sasuna\n|t:|1700151820\n|gametype|singles\n|player|p1|Aygguan|102|1000\n|player|p2|Sasuna|lucas|1000\n|teamsize|p1|6\n|teamsize|p2|6\n|gen|9\n|tier|[Gen 9] OU\n|rated|\n|rule|Sleep Clause Mod: Limit one foe put to sleep\n|rule|Species Clause: Limit one of each Pok\u00e9mon\n|rule|OHKO Clause: OHKO moves are banned\n|rule|Evasion Items Clause: Evasion items are banned\n|rule|Evasion Moves Clause: Evasion moves are banned\n|rule|Endless Battle Clause: Forcing endless battles is banned\n|rule|HP Percentage Mod: HP is shown in percentages\n|clearpoke\n|poke|p1|Sneasler, F|\n|poke|p1|Rillaboom, M|\n|poke|p1|Dragapult, M|\n|poke|p1|Skeledirge, F|\n|poke|p1|Kingambit, M|\n|poke|p1|Ogerpon-Cornerstone, F|\n|poke|p2|Cloyster, F|\n|poke|p2|Polteageist|\n|poke|p2|Torterra, F|\n|poke|p2|Forretress, F|\n|poke|p2|Kommo-o, M|\n|poke|p2|Samurott-Hisui, M|\n|teampreview\n|inactive|Battle timer is ON: inactive players will automatically lose when time's up. (requested by Aygguan)\n|\n|t:|1700151836\n|start\n|switch|p1a: Dragapult|Dragapult, M|100\/100\n|switch|p2a: Kommo-o|Kommo-o, M|100\/100\n|turn|1\n|\n|t:|1700151844\n|switch|p2a: Forretress|Forretress, F|100\/100\n|move|p1a: Dragapult|Thunder Wave|p2a: Forretress|[miss]\n|-miss|p1a: Dragapult|p2a: Forretress\n|\n|upkeep\n|turn|2\n|\n|t:|1700151851\n|move|p1a: Dragapult|Thunder Wave|p2a: Forretress\n|-status|p2a: Forretress|par\n|move|p2a: Forretress|Gyro Ball|p1a: Dragapult\n|-damage|p1a: Dragapult|14\/100\n|\n|upkeep\n|turn|3\n|\n|t:|1700151858\n|move|p1a: Dragapult|U-turn|p2a: Forretress\n|-resisted|p2a: Forretress\n|-damage|p2a: Forretress|95\/100 par\n|\n|t:|1700151865\n|switch|p1a: Skeledirge|Skeledirge, F|100\/100|[from] U-turn\n|move|p2a: Forretress|Gyro Ball|p1a: Skeledirge\n|-resisted|p1a: Skeledirge\n|-crit|p1a: Skeledirge\n|-damage|p1a: Skeledirge|68\/100\n|\n|upkeep\n|turn|4\n|\n|t:|1700151877\n|move|p1a: Skeledirge|Torch Song|p2a: Forretress\n|-supereffective|p2a: Forretress\n|-damage|p2a: Forretress|0 fnt\n|-boost|p1a: Skeledirge|spa|1\n|faint|p2a: Forretress\n|\n|upkeep\n|\n|t:|1700151892\n|switch|p2a: Kommo-o|Kommo-o, M|100\/100\n|turn|5\n|\n|t:|1700151896\n|move|p2a: Kommo-o|Drain Punch|p1a: Skeledirge\n|-immune|p1a: Skeledirge\n|move|p1a: Skeledirge|Will-O-Wisp|p2a: Kommo-o|[miss]\n|-miss|p1a: Skeledirge|p2a: Kommo-o\n|\n|upkeep\n|turn|6\n|\n|t:|1700151905\n|switch|p2a: Samurott|Samurott-Hisui, M|100\/100\n|move|p1a: Skeledirge|Will-O-Wisp|p2a: Samurott|[miss]\n|-miss|p1a: Skeledirge|p2a: Samurott\n|\n|upkeep\n|turn|7\n|\n|t:|1700151911\n|switch|p1a: Dragapult|Dragapult, M|14\/100\n|move|p2a: Samurott|Swords Dance|p2a: Samurott\n|-boost|p2a: Samurott|atk|2\n|\n|upkeep\n|turn|8\n|\n|t:|1700151916\n|move|p2a: Samurott|Aqua Jet|p1a: Dragapult\n|-resisted|p1a: Dragapult\n|-damage|p1a: Dragapult|0 fnt\n|faint|p1a: Dragapult\n|\n|upkeep\n|\n|t:|1700151918\n|switch|p1a: Rillaboom|Rillaboom, M|100\/100\n|-fieldstart|move: Grassy Terrain|[from] ability: Grassy Surge|[of] p1a: Rillaboom\n|turn|9\n|\n|t:|1700151927\n|move|p2a: Samurott|Ceaseless Edge|p1a: Rillaboom\n|-damage|p1a: Rillaboom|18\/100\n|-sidestart|p1: Aygguan|Spikes\n|move|p1a: Rillaboom|Swords Dance|p1a: Rillaboom\n|-boost|p1a: Rillaboom|atk|2\n|\n|-heal|p1a: Rillaboom|24\/100|[from] Grassy Terrain\n|upkeep\n|turn|10\n|\n|t:|1700151933\n|move|p1a: Rillaboom|Grassy Glide|p2a: Samurott\n|-supereffective|p2a: Samurott\n|-enditem|p2a: Samurott|Focus Sash\n|-damage|p2a: Samurott|1\/100\n|move|p2a: Samurott|Ceaseless Edge|p1a: Rillaboom\n|-damage|p1a: Rillaboom|0 fnt\n|-sidestart|p1: Aygguan|Spikes\n|faint|p1a: Rillaboom\n|\n|-heal|p2a: Samurott|7\/100|[from] Grassy Terrain\n|upkeep\n|\n|t:|1700151946\n|switch|p1a: Kingambit|Kingambit, M|100\/100\n|-damage|p1a: Kingambit|84\/100|[from] Spikes\n|-activate|p1a: Kingambit|ability: Supreme Overlord\n|-start|p1a: Kingambit|fallen2|[silent]\n|turn|11\n|\n|t:|1700151949\n|move|p2a: Samurott|Aqua Jet|p1a: Kingambit\n|-damage|p1a: Kingambit|55\/100\n|move|p1a: Kingambit|Sucker Punch||[still]\n|-fail|p1a: Kingambit\n|\n|-heal|p2a: Samurott|13\/100|[from] Grassy Terrain\n|-heal|p1a: Kingambit|61\/100|[from] Grassy Terrain\n|upkeep\n|turn|12\n|\n|t:|1700151953\n|move|p2a: Samurott|Aqua Tail|p1a: Kingambit\n|-crit|p1a: Kingambit\n|-damage|p1a: Kingambit|0 fnt\n|faint|p1a: Kingambit\n|-end|p1a: Kingambit|fallen2|[silent]\n|\n|-heal|p2a: Samurott|20\/100|[from] Grassy Terrain\n|upkeep\n|\n|t:|1700151956\n|switch|p1a: Sneasler|Sneasler, F|100\/100\n|-damage|p1a: Sneasler|84\/100|[from] Spikes\n|-enditem|p1a: Sneasler|Grassy Seed\n|-boost|p1a: Sneasler|def|1|[from] item: Grassy Seed\n|turn|13\n|\n|t:|1700151960\n|move|p2a: Samurott|Aqua Jet|p1a: Sneasler\n|-damage|p1a: Sneasler|48\/100\n|move|p1a: Sneasler|Dire Claw|p2a: Samurott\n|-damage|p2a: Samurott|0 fnt\n|faint|p2a: Samurott\n|\n|-heal|p1a: Sneasler|54\/100|[from] Grassy Terrain\n|-fieldend|move: Grassy Terrain\n|upkeep\n|\n|t:|1700151968\n|switch|p2a: Polteageist|Polteageist|100\/100\n|turn|14\n|\n|t:|1700151972\n|move|p1a: Sneasler|Shadow Claw|p2a: Polteageist\n|-supereffective|p2a: Polteageist\n|-crit|p2a: Polteageist\n|-enditem|p2a: Polteageist|Focus Sash\n|-damage|p2a: Polteageist|1\/100\n|-ability|p2a: Polteageist|Weak Armor|boost\n|-unboost|p2a: Polteageist|def|1\n|-boost|p2a: Polteageist|spe|2\n|move|p2a: Polteageist|Shadow Ball|p1a: Sneasler\n|-damage|p1a: Sneasler|0 fnt\n|faint|p1a: Sneasler\n|\n|upkeep\n|\n|t:|1700151977\n|switch|p1a: Skeledirge|Skeledirge, F|68\/100\n|turn|15\n|\n|t:|1700151987\n|move|p2a: Polteageist|Stored Power|p1a: Skeledirge\n|-damage|p1a: Skeledirge|42\/100\n|move|p1a: Skeledirge|Slack Off|p1a: Skeledirge\n|-heal|p1a: Skeledirge|92\/100\n|\n|upkeep\n|turn|16\n|\n|t:|1700151997\n|move|p2a: Polteageist|Stored Power|p1a: Skeledirge\n|-damage|p1a: Skeledirge|70\/100\n|move|p1a: Skeledirge|Torch Song|p2a: Polteageist\n|-damage|p2a: Polteageist|0 fnt\n|-boost|p1a: Skeledirge|spa|1\n|faint|p2a: Polteageist\n|\n|upkeep\n|\n|t:|1700152005\n|switch|p2a: Kommo-o|Kommo-o, M|100\/100\n|turn|17\n|\n|t:|1700152014\n|move|p2a: Kommo-o|Thunder Punch|p1a: Skeledirge\n|-damage|p1a: Skeledirge|52\/100\n|move|p1a: Skeledirge|Will-O-Wisp|p2a: Kommo-o\n|-status|p2a: Kommo-o|brn\n|\n|-damage|p2a: Kommo-o|94\/100 brn|[from] brn\n|upkeep\n|turn|18\n|\n|t:|1700152026\n|move|p2a: Kommo-o|Drain Punch|p1a: Skeledirge\n|-immune|p1a: Skeledirge\n|move|p1a: Skeledirge|Slack Off|p1a: Skeledirge\n|-heal|p1a: Skeledirge|100\/100\n|\n|-damage|p2a: Kommo-o|88\/100 brn|[from] brn\n|upkeep\n|turn|19\n|\n|t:|1700152043\n|move|p2a: Kommo-o|Thunder Punch|p1a: Skeledirge\n|-damage|p1a: Skeledirge|92\/100\n|move|p1a: Skeledirge|Hex|p2a: Kommo-o\n|-damage|p2a: Kommo-o|20\/100 brn\n|-enditem|p2a: Kommo-o|Salac Berry|[eat]\n|-boost|p2a: Kommo-o|spe|1|[from] item: Salac Berry\n|\n|-damage|p2a: Kommo-o|14\/100 brn|[from] brn\n|upkeep\n|turn|20\n|\n|t:|1700152054\n|move|p2a: Kommo-o|Thunder Punch|p1a: Skeledirge\n|-damage|p1a: Skeledirge|84\/100\n|move|p1a: Skeledirge|Torch Song|p2a: Kommo-o\n|-resisted|p2a: Kommo-o\n|-damage|p2a: Kommo-o|0 fnt\n|-boost|p1a: Skeledirge|spa|1\n|faint|p2a: Kommo-o\n|\n|upkeep\n|\n|t:|1700152064\n|switch|p2a: Torterra|Torterra, F|100\/100\n|turn|21\n|\n|t:|1700152069\n|move|p1a: Skeledirge|Will-O-Wisp|p2a: Torterra|[miss]\n|-miss|p1a: Skeledirge|p2a: Torterra\n|move|p2a: Torterra|Shell Smash|p2a: Torterra\n|-unboost|p2a: Torterra|def|1\n|-unboost|p2a: Torterra|spd|1\n|-boost|p2a: Torterra|atk|2\n|-boost|p2a: Torterra|spa|2\n|-boost|p2a: Torterra|spe|2\n|\n|upkeep\n|turn|22\n|\n|t:|1700152075\n|switch|p2a: Cloyster|Cloyster, F|100\/100\n|move|p1a: Skeledirge|Will-O-Wisp|p2a: Cloyster\n|-status|p2a: Cloyster|brn\n|\n|-damage|p2a: Cloyster|94\/100 brn|[from] brn\n|upkeep\n|turn|23\n|\n|t:|1700152086\n|-terastallize|p1a: Skeledirge|Steel\n|move|p2a: Cloyster|Rock Blast|p1a: Skeledirge\n|-resisted|p1a: Skeledirge\n|-damage|p1a: Skeledirge|83\/100\n|-resisted|p1a: Skeledirge\n|-damage|p1a: Skeledirge|81\/100\n|-resisted|p1a: Skeledirge\n|-damage|p1a: Skeledirge|80\/100\n|-resisted|p1a: Skeledirge\n|-damage|p1a: Skeledirge|79\/100\n|-resisted|p1a: Skeledirge\n|-damage|p1a: Skeledirge|77\/100\n|-hitcount|p1a: Skeledirge|5\n|move|p1a: Skeledirge|Hex|p2a: Cloyster\n|-damage|p2a: Cloyster|0 fnt\n|faint|p2a: Cloyster\n|\n|upkeep\n|\n|t:|1700152103\n|switch|p2a: Torterra|Torterra, F|100\/100\n|turn|24\n|\n|t:|1700152108\n|move|p1a: Skeledirge|Will-O-Wisp|p2a: Torterra\n|-status|p2a: Torterra|brn\n|move|p2a: Torterra|Bullet Seed|p1a: Skeledirge\n|-resisted|p1a: Skeledirge\n|-damage|p1a: Skeledirge|75\/100\n|-resisted|p1a: Skeledirge\n|-damage|p1a: Skeledirge|73\/100\n|-resisted|p1a: Skeledirge\n|-damage|p1a: Skeledirge|70\/100\n|-resisted|p1a: Skeledirge\n|-damage|p1a: Skeledirge|68\/100\n|-hitcount|p1a: Skeledirge|4\n|\n|-damage|p2a: Torterra|94\/100 brn|[from] brn\n|upkeep\n|turn|25\n|\n|t:|1700152115\n|move|p1a: Skeledirge|Torch Song|p2a: Torterra\n|-supereffective|p2a: Torterra\n|-damage|p2a: Torterra|0 fnt\n|-boost|p1a: Skeledirge|spa|1\n|faint|p2a: Torterra\n|\n|win|Aygguan\n|raw|Aygguan's rating: 1000 &rarr; <strong>1040<\/strong><br \/>(+40 for winning)\n|raw|Sasuna's rating: 1000 &rarr; <strong>1000<\/strong><br \/>(+0 for losing)\n|l|\u2606Aygguan\n","uploadtime":1700152128,"views":37,"p1id":"aygguan","p2id":"sasuna","formatid":"gen9ou","rating":1000,"private":0,"password":""}