{"id":"gen9ou-1990932959","p1":"AquiIo","p2":"Stinko Man","format":"[Gen 9] OU","log":"|j|\u2606AquiIo\n|j|\u2606Stinko Man\n|t:|1700016700\n|gametype|singles\n|player|p1|AquiIo|psychic|\n|player|p2|Stinko Man|nate|\n|teamsize|p1|6\n|teamsize|p2|6\n|gen|9\n|tier|[Gen 9] OU\n|rule|Sleep Clause Mod: Limit one foe put to sleep\n|rule|Species Clause: Limit one of each Pok\u00e9mon\n|rule|OHKO Clause: OHKO moves are banned\n|rule|Evasion Items Clause: Evasion items are banned\n|rule|Evasion Moves Clause: Evasion moves are banned\n|rule|Endless Battle Clause: Forcing endless battles is banned\n|rule|HP Percentage Mod: HP is shown in percentages\n|clearpoke\n|poke|p1|Enamorus-Therian, F|\n|poke|p1|Ninetales-Alola, M|\n|poke|p1|Ceruledge, F|\n|poke|p1|Kingambit, F|\n|poke|p1|Iron Moth|\n|poke|p1|Zamazenta-*|\n|poke|p2|Sinistcha-Masterpiece|\n|poke|p2|Heatran, F|\n|poke|p2|Hatterene, F|\n|poke|p2|Kingambit, F|\n|poke|p2|Ogerpon-Wellspring, F|\n|poke|p2|Landorus-Therian, M|\n|teampreview\n|inactive|Battle timer is ON: inactive players will automatically lose when time's up. (requested by AquiIo)\n|\n|t:|1700016721\n|start\n|switch|p1a: Veiled Up|Ninetales-Alola, M|100\/100\n|switch|p2a: Fork|Landorus-Therian, M|100\/100\n|-ability|p2a: Fork|Intimidate|boost\n|-unboost|p1a: Veiled Up|atk|1\n|-weather|Snow|[from] ability: Snow Warning|[of] p1a: Veiled Up\n|turn|1\n|j| Couch Potato309\n|inactive|AquiIo has 270 seconds left.\n|inactive|AquiIo has 240 seconds left.\n|\n|t:|1700016798\n|move|p2a: Fork|U-turn|p1a: Veiled Up\n|-resisted|p1a: Veiled Up\n|-damage|p1a: Veiled Up|90\/100\n|\n|t:|1700016809\n|switch|p2a: Kleg|Heatran, F|100\/100|[from] U-turn\n|move|p1a: Veiled Up|Aurora Veil|p1a: Veiled Up\n|-sidestart|p1: AquiIo|move: Aurora Veil\n|\n|-weather|Snow|[upkeep]\n|upkeep\n|turn|2\n|inactive|AquiIo has 210 seconds left.\n|\n|t:|1700016840\n|switch|p1a: Edgelord|Ceruledge, F|100\/100\n|move|p2a: Kleg|Magma Storm|p1a: Edgelord\n|-start|p1a: Edgelord|ability: Flash Fire\n|\n|-weather|Snow|[upkeep]\n|upkeep\n|turn|3\n|inactive|AquiIo has 210 seconds left.\n|\n|t:|1700016852\n|move|p1a: Edgelord|Taunt|p2a: Kleg\n|-start|p2a: Kleg|move: Taunt\n|cant|p2a: Kleg|move: Taunt|Taunt\n|\n|-weather|Snow|[upkeep]\n|upkeep\n|turn|4\n|\n|t:|1700016857\n|move|p1a: Edgelord|Bulk Up|p1a: Edgelord\n|-boost|p1a: Edgelord|atk|1\n|-boost|p1a: Edgelord|def|1\n|move|p2a: Kleg|Earth Power|p1a: Edgelord\n|-supereffective|p1a: Edgelord\n|-damage|p1a: Edgelord|81\/100\n|\n|-weather|Snow|[upkeep]\n|-heal|p1a: Edgelord|88\/100|[from] item: Leftovers\n|upkeep\n|turn|5\n|\n|t:|1700016883\n|switch|p2a: Fork|Landorus-Therian, M|100\/100\n|-ability|p2a: Fork|Intimidate|boost\n|-unboost|p1a: Edgelord|atk|1\n|move|p1a: Edgelord|Bulk Up|p1a: Edgelord\n|-boost|p1a: Edgelord|atk|1\n|-boost|p1a: Edgelord|def|1\n|\n|-weather|none\n|-heal|p1a: Edgelord|94\/100|[from] item: Leftovers\n|upkeep\n|turn|6\n|inactive|Stinko Man has 270 seconds left.\n|\n|t:|1700016901\n|-terastallize|p1a: Edgelord|Bug\n|move|p2a: Fork|Earthquake|p1a: Edgelord\n|-resisted|p1a: Edgelord\n|-damage|p1a: Edgelord|85\/100\n|move|p1a: Edgelord|Bitter Blade|p2a: Fork\n|-damage|p2a: Fork|1\/100\n|-heal|p1a: Edgelord|100\/100|[from] drain|[of] p2a: Fork\n|\n|upkeep\n|turn|7\n|inactive|Stinko Man has 270 seconds left.\n|\n|t:|1700016911\n|switch|p2a: Kleg|Heatran, F|100\/100\n|move|p1a: Edgelord|Bulk Up|p1a: Edgelord\n|-boost|p1a: Edgelord|atk|1\n|-boost|p1a: Edgelord|def|1\n|\n|upkeep\n|turn|8\n|\n|t:|1700016917\n|move|p1a: Edgelord|Poltergeist|p2a: Kleg\n|-activate|p2a: Kleg|move: Poltergeist|Leftovers\n|-damage|p2a: Kleg|19\/100\n|move|p2a: Kleg|Earth Power|p1a: Edgelord\n|-resisted|p1a: Edgelord\n|-damage|p1a: Edgelord|96\/100\n|\n|-heal|p1a: Edgelord|100\/100|[from] item: Leftovers\n|-heal|p2a: Kleg|25\/100|[from] item: Leftovers\n|-sideend|p1: AquiIo|move: Aurora Veil\n|upkeep\n|turn|9\n|inactive|AquiIo has 240 seconds left.\n|inactive|Stinko Man has 270 seconds left.\n|\n|t:|1700016932\n|move|p1a: Edgelord|Bulk Up|p1a: Edgelord\n|-boost|p1a: Edgelord|atk|1\n|-boost|p1a: Edgelord|def|1\n|move|p2a: Kleg|Earth Power|p1a: Edgelord\n|-resisted|p1a: Edgelord\n|-damage|p1a: Edgelord|90\/100\n|\n|-heal|p1a: Edgelord|96\/100|[from] item: Leftovers\n|-heal|p2a: Kleg|31\/100|[from] item: Leftovers\n|upkeep\n|turn|10\n|inactive|Stinko Man has 270 seconds left.\n|\n|t:|1700016967\n|switch|p2a: Fork|Landorus-Therian, M|1\/100\n|-ability|p2a: Fork|Intimidate|boost\n|-unboost|p1a: Edgelord|atk|1\n|move|p1a: Edgelord|Taunt|p2a: Fork\n|-start|p2a: Fork|move: Taunt\n|\n|-heal|p1a: Edgelord|100\/100|[from] item: Leftovers\n|upkeep\n|turn|11\n|\n|t:|1700016974\n|move|p2a: Fork|U-turn|p1a: Edgelord\n|-damage|p1a: Edgelord|90\/100\n|\n|t:|1700016980\n|switch|p2a: Kleg|Heatran, F|31\/100|[from] U-turn\n|move|p1a: Edgelord|Bitter Blade|p2a: Kleg\n|-start|p2a: Kleg|ability: Flash Fire\n|\n|-heal|p1a: Edgelord|96\/100|[from] item: Leftovers\n|-heal|p2a: Kleg|37\/100|[from] item: Leftovers\n|upkeep\n|turn|12\n|\n|t:|1700016989\n|-end|p2a: Kleg|ability: Flash Fire|[silent]\n|switch|p2a: Fork|Landorus-Therian, M|1\/100\n|-ability|p2a: Fork|Intimidate|boost\n|-unboost|p1a: Edgelord|atk|1\n|move|p1a: Edgelord|Taunt|p2a: Fork\n|-start|p2a: Fork|move: Taunt\n|\n|-heal|p1a: Edgelord|100\/100|[from] item: Leftovers\n|upkeep\n|turn|13\n|\n|t:|1700016996\n|move|p2a: Fork|U-turn|p1a: Edgelord\n|-damage|p1a: Edgelord|90\/100\n|\n|t:|1700017005\n|switch|p2a: Kleg|Heatran, F|37\/100|[from] U-turn\n|move|p1a: Edgelord|Bulk Up|p1a: Edgelord\n|-boost|p1a: Edgelord|atk|1\n|-boost|p1a: Edgelord|def|1\n|\n|-heal|p1a: Edgelord|97\/100|[from] item: Leftovers\n|-heal|p2a: Kleg|44\/100|[from] item: Leftovers\n|upkeep\n|turn|14\n|inactive|Stinko Man has 270 seconds left.\n|\n|t:|1700017022\n|switch|p2a: Fork|Landorus-Therian, M|1\/100\n|-ability|p2a: Fork|Intimidate|boost\n|-unboost|p1a: Edgelord|atk|1\n|move|p1a: Edgelord|Poltergeist|p2a: Fork\n|-activate|p2a: Fork|move: Poltergeist|Choice Scarf\n|-damage|p2a: Fork|0 fnt\n|faint|p2a: Fork\n|\n|-heal|p1a: Edgelord|100\/100|[from] item: Leftovers\n|upkeep\n|\n|t:|1700017036\n|switch|p2a: Giblin|Sinistcha-Masterpiece|100\/100\n|turn|15\n|\n|t:|1700017043\n|-terastallize|p2a: Giblin|Water\n|move|p1a: Edgelord|Taunt|p2a: Giblin\n|-start|p2a: Giblin|move: Taunt\n|move|p2a: Giblin|Matcha Gotcha|p1a: Edgelord\n|-resisted|p1a: Edgelord\n|-damage|p1a: Edgelord|88\/100\n|\n|-heal|p1a: Edgelord|94\/100|[from] item: Leftovers\n|upkeep\n|turn|16\n|inactive|Stinko Man has 270 seconds left.\n|\n|t:|1700017053\n|move|p1a: Edgelord|Poltergeist|p2a: Giblin\n|-activate|p2a: Giblin|move: Poltergeist|Heavy-Duty Boots\n|-damage|p2a: Giblin|49\/100\n|move|p2a: Giblin|Matcha Gotcha|p1a: Edgelord\n|-resisted|p1a: Edgelord\n|-damage|p1a: Edgelord|83\/100\n|-heal|p2a: Giblin|55\/100|[from] drain|[of] p1a: Edgelord\n|-status|p1a: Edgelord|brn\n|\n|-heal|p1a: Edgelord|89\/100 brn|[from] item: Leftovers\n|-damage|p1a: Edgelord|83\/100 brn|[from] brn\n|upkeep\n|turn|17\n|inactive|Stinko Man has 270 seconds left.\n|inactive|Stinko Man has 240 seconds left.\n|\n|t:|1700017098\n|move|p1a: Edgelord|Bulk Up|p1a: Edgelord\n|-boost|p1a: Edgelord|atk|1\n|-boost|p1a: Edgelord|def|1\n|move|p2a: Giblin|Shadow Ball|p1a: Edgelord\n|-damage|p1a: Edgelord|59\/100 brn\n|\n|-heal|p1a: Edgelord|65\/100 brn|[from] item: Leftovers\n|-damage|p1a: Edgelord|59\/100 brn|[from] brn\n|-end|p2a: Giblin|move: Taunt\n|upkeep\n|turn|18\n|inactive|Stinko Man has 240 seconds left.\n|\n|t:|1700017110\n|move|p1a: Edgelord|Poltergeist|p2a: Giblin\n|-activate|p2a: Giblin|move: Poltergeist|Heavy-Duty Boots\n|-damage|p2a: Giblin|22\/100\n|move|p2a: Giblin|Matcha Gotcha|p1a: Edgelord\n|-resisted|p1a: Edgelord\n|-damage|p1a: Edgelord|46\/100 brn\n|-heal|p2a: Giblin|29\/100|[from] drain|[of] p1a: Edgelord\n|\n|-heal|p1a: Edgelord|52\/100 brn|[from] item: Leftovers\n|-damage|p1a: Edgelord|46\/100 brn|[from] brn\n|upkeep\n|turn|19\n|inactive|Stinko Man has 240 seconds left.\n|\n|t:|1700017122\n|move|p1a: Edgelord|Poltergeist|p2a: Giblin|[miss]\n|-miss|p1a: Edgelord|p2a: Giblin\n|move|p2a: Giblin|Strength Sap|p1a: Edgelord\n|-unboost|p1a: Edgelord|atk|1\n|-heal|p2a: Giblin|100\/100\n|\n|-heal|p1a: Edgelord|52\/100 brn|[from] item: Leftovers\n|-damage|p1a: Edgelord|46\/100 brn|[from] brn\n|upkeep\n|turn|20\n|inactive|Stinko Man has 240 seconds left.\n|\n|t:|1700017137\n|move|p1a: Edgelord|Bulk Up|p1a: Edgelord\n|-boost|p1a: Edgelord|atk|1\n|-boost|p1a: Edgelord|def|0\n|move|p2a: Giblin|Calm Mind|p2a: Giblin\n|-boost|p2a: Giblin|spa|1\n|-boost|p2a: Giblin|spd|1\n|\n|-heal|p1a: Edgelord|52\/100 brn|[from] item: Leftovers\n|-damage|p1a: Edgelord|46\/100 brn|[from] brn\n|upkeep\n|turn|21\n|inactive|Stinko Man has 240 seconds left.\n|\n|t:|1700017151\n|move|p1a: Edgelord|Taunt|p2a: Giblin\n|-start|p2a: Giblin|move: Taunt\n|cant|p2a: Giblin|move: Taunt|Strength Sap\n|\n|-heal|p1a: Edgelord|52\/100 brn|[from] item: Leftovers\n|-damage|p1a: Edgelord|46\/100 brn|[from] brn\n|upkeep\n|turn|22\n|\n|t:|1700017155\n|move|p1a: Edgelord|Poltergeist|p2a: Giblin|[miss]\n|-miss|p1a: Edgelord|p2a: Giblin\n|move|p2a: Giblin|Shadow Ball|p1a: Edgelord\n|-damage|p1a: Edgelord|12\/100 brn\n|-unboost|p1a: Edgelord|spd|1\n|\n|-heal|p1a: Edgelord|18\/100 brn|[from] item: Leftovers\n|-damage|p1a: Edgelord|12\/100 brn|[from] brn\n|upkeep\n|turn|23\n|\n|t:|1700017165\n|move|p1a: Edgelord|Poltergeist|p2a: Giblin\n|-activate|p2a: Giblin|move: Poltergeist|Heavy-Duty Boots\n|-damage|p2a: Giblin|66\/100\n|move|p2a: Giblin|Shadow Ball|p1a: Edgelord\n|-damage|p1a: Edgelord|0 fnt\n|faint|p1a: Edgelord\n|\n|-end|p2a: Giblin|move: Taunt\n|upkeep\n|\n|t:|1700017182\n|switch|p1a: Veiled Up|Ninetales-Alola, M|90\/100\n|-weather|Snow|[from] ability: Snow Warning|[of] p1a: Veiled Up\n|turn|24\n|\n|t:|1700017196\n|move|p1a: Veiled Up|Aurora Veil|p1a: Veiled Up\n|-sidestart|p1: AquiIo|move: Aurora Veil\n|move|p2a: Giblin|Calm Mind|p2a: Giblin\n|-boost|p2a: Giblin|spa|1\n|-boost|p2a: Giblin|spd|1\n|\n|-weather|Snow|[upkeep]\n|upkeep\n|turn|25\n|\n|t:|1700017204\n|move|p1a: Veiled Up|Encore|p2a: Giblin\n|-start|p2a: Giblin|Encore\n|move|p2a: Giblin|Calm Mind|p2a: Giblin\n|-boost|p2a: Giblin|spa|1\n|-boost|p2a: Giblin|spd|1\n|\n|-weather|Snow|[upkeep]\n|upkeep\n|turn|26\n|\n|t:|1700017207\n|switch|p1a: Anaconda|Enamorus-Therian, F|100\/100\n|move|p2a: Giblin|Calm Mind|p2a: Giblin\n|-boost|p2a: Giblin|spa|1\n|-boost|p2a: Giblin|spd|1\n|\n|-weather|Snow|[upkeep]\n|upkeep\n|turn|27\n|\n|t:|1700017213\n|move|p2a: Giblin|Calm Mind|p2a: Giblin\n|-boost|p2a: Giblin|spa|1\n|-boost|p2a: Giblin|spd|1\n|move|p1a: Anaconda|Substitute|p1a: Anaconda\n|-start|p1a: Anaconda|Substitute\n|-damage|p1a: Anaconda|75\/100\n|\n|-weather|Snow|[upkeep]\n|-end|p2a: Giblin|Encore\n|upkeep\n|turn|28\n|\n|t:|1700017224\n|move|p2a: Giblin|Matcha Gotcha|p1a: Anaconda\n|-resisted|p1a: Anaconda\n|-crit|p1a: Anaconda\n|-end|p1a: Anaconda|Substitute\n|-heal|p2a: Giblin|79\/100|[from] drain|[of] p1a: Anaconda\n|move|p1a: Anaconda|Calm Mind|p1a: Anaconda\n|-boost|p1a: Anaconda|spa|1\n|-boost|p1a: Anaconda|spd|1\n|\n|-weather|none\n|upkeep\n|turn|29\n|\n|t:|1700017233\n|move|p2a: Giblin|Matcha Gotcha|p1a: Anaconda\n|-resisted|p1a: Anaconda\n|-damage|p1a: Anaconda|58\/100\n|-heal|p2a: Giblin|88\/100|[from] drain|[of] p1a: Anaconda\n|move|p1a: Anaconda|Calm Mind|p1a: Anaconda\n|-boost|p1a: Anaconda|spa|1\n|-boost|p1a: Anaconda|spd|1\n|\n|upkeep\n|turn|30\n|\n|t:|1700017241\n|move|p2a: Giblin|Shadow Ball|p1a: Anaconda\n|-damage|p1a: Anaconda|33\/100\n|-unboost|p1a: Anaconda|spd|1\n|move|p1a: Anaconda|Draining Kiss|p2a: Giblin\n|-damage|p2a: Giblin|72\/100\n|-heal|p1a: Anaconda|45\/100|[from] drain|[of] p2a: Giblin\n|\n|upkeep\n|turn|31\n|\n|t:|1700017248\n|move|p2a: Giblin|Shadow Ball|p1a: Anaconda\n|-damage|p1a: Anaconda|8\/100\n|-unboost|p1a: Anaconda|spd|1\n|move|p1a: Anaconda|Draining Kiss|p2a: Giblin\n|-damage|p2a: Giblin|55\/100\n|-heal|p1a: Anaconda|20\/100|[from] drain|[of] p2a: Giblin\n|\n|-sideend|p1: AquiIo|move: Aurora Veil\n|upkeep\n|turn|32\n|\n|t:|1700017253\n|move|p2a: Giblin|Shadow Ball|p1a: Anaconda\n|-damage|p1a: Anaconda|0 fnt\n|faint|p1a: Anaconda\n|\n|upkeep\n|\n|t:|1700017269\n|switch|p1a: Veiled Up|Ninetales-Alola, M|90\/100\n|-weather|Snow|[from] ability: Snow Warning|[of] p1a: Veiled Up\n|turn|33\n|\n|t:|1700017273\n|move|p1a: Veiled Up|Aurora Veil|p1a: Veiled Up\n|-sidestart|p1: AquiIo|move: Aurora Veil\n|move|p2a: Giblin|Matcha Gotcha|p1a: Veiled Up\n|-damage|p1a: Veiled Up|32\/100\n|-heal|p2a: Giblin|85\/100|[from] drain|[of] p1a: Veiled Up\n|\n|-weather|Snow|[upkeep]\n|upkeep\n|turn|34\n|\n|t:|1700017284\n|move|p1a: Veiled Up|Encore|p2a: Giblin\n|-start|p2a: Giblin|Encore\n|move|p2a: Giblin|Matcha Gotcha|p1a: Veiled Up\n|-damage|p1a: Veiled Up|0 fnt\n|-heal|p2a: Giblin|100\/100|[from] drain|[of] p1a: Veiled Up\n|faint|p1a: Veiled Up\n|\n|-weather|Snow|[upkeep]\n|upkeep\n|\n|t:|1700017286\n|switch|p1a: Bastion|Zamazenta|100\/100\n|-ability|p1a: Bastion|Dauntless Shield|boost\n|-boost|p1a: Bastion|def|1\n|turn|35\n|\n|t:|1700017294\n|move|p1a: Bastion|Iron Defense|p1a: Bastion\n|-boost|p1a: Bastion|def|2\n|move|p2a: Giblin|Matcha Gotcha|p1a: Bastion\n|-damage|p1a: Bastion|49\/100\n|-status|p1a: Bastion|brn\n|\n|-weather|Snow|[upkeep]\n|-heal|p1a: Bastion|55\/100 brn|[from] item: Leftovers\n|-damage|p1a: Bastion|49\/100 brn|[from] brn\n|upkeep\n|turn|36\n|-message|AquiIo forfeited.\n|\n|win|Stinko Man\n|l|\u2606AquiIo\n|l| Couch Potato309\n","uploadtime":1700018941,"views":12,"p1id":"aquiio","p2id":"stinkoman","formatid":"gen9ou","rating":0,"private":0,"password":""}