{"id":"gen9ou-1993175770","p1":"Public EnemeZ 1","p2":"SirBoogerBrain","format":"[Gen 9] OU","log":"|j|\u2606Public EnemeZ 1\n|j|\u2606SirBoogerBrain\n|t:|1700274044\n|gametype|singles\n|player|p1|Public EnemeZ 1|2|1107\n|player|p2|SirBoogerBrain|burglar-gen2|1148\n|teamsize|p1|6\n|teamsize|p2|6\n|gen|9\n|tier|[Gen 9] OU\n|rated|\n|rule|Sleep Clause Mod: Limit one foe put to sleep\n|rule|Species Clause: Limit one of each Pok\u00e9mon\n|rule|OHKO Clause: OHKO moves are banned\n|rule|Evasion Items Clause: Evasion items are banned\n|rule|Evasion Moves Clause: Evasion moves are banned\n|rule|Endless Battle Clause: Forcing endless battles is banned\n|rule|HP Percentage Mod: HP is shown in percentages\n|clearpoke\n|poke|p1|Bellibolt, M|\n|poke|p1|Alomomola, F|\n|poke|p1|Kingambit, M|\n|poke|p1|Zamazenta-*|\n|poke|p1|Hatterene, F|\n|poke|p1|Vikavolt, F|\n|poke|p2|Iron Valiant|\n|poke|p2|Kingambit, F|\n|poke|p2|Great Tusk|\n|poke|p2|Garchomp, F|\n|poke|p2|Moltres|\n|poke|p2|Amoonguss, F|\n|teampreview\n|inactive|Battle timer is ON: inactive players will automatically lose when time's up. (requested by SirBoogerBrain)\n|inactive|Public EnemeZ 1 has 120 seconds left.\n|inactive|SirBoogerBrain has 120 seconds left.\n|\n|t:|1700274104\n|start\n|switch|p1a: Vikavolt|Vikavolt, F|100\/100\n|switch|p2a: Bloom Warden|Amoonguss, F|100\/100\n|turn|1\n|\n|t:|1700274110\n|move|p1a: Vikavolt|Sticky Web|p2a: Bloom Warden\n|-sidestart|p2: SirBoogerBrain|move: Sticky Web\n|move|p2a: Bloom Warden|Spore|p1a: Vikavolt\n|-status|p1a: Vikavolt|slp|[from] move: Spore\n|\n|upkeep\n|turn|2\n|\n|t:|1700274130\n|switch|p1a: Alomomola|Alomomola, F|100\/100\n|move|p2a: Bloom Warden|Sludge Bomb|p1a: Alomomola\n|-damage|p1a: Alomomola|76\/100\n|\n|-heal|p1a: Alomomola|83\/100|[from] item: Leftovers\n|upkeep\n|turn|3\n|\n|t:|1700274152\n|move|p1a: Alomomola|Protect|p1a: Alomomola\n|-singleturn|p1a: Alomomola|Protect\n|move|p2a: Bloom Warden|Giga Drain|p1a: Alomomola\n|-activate|p1a: Alomomola|move: Protect\n|\n|-heal|p1a: Alomomola|89\/100|[from] item: Leftovers\n|upkeep\n|turn|4\n|inactive|SirBoogerBrain has 120 seconds left.\n|\n|t:|1700274175\n|move|p1a: Alomomola|Wish|p1a: Alomomola\n|move|p2a: Bloom Warden|Giga Drain|p1a: Alomomola\n|-supereffective|p1a: Alomomola\n|-damage|p1a: Alomomola|53\/100\n|\n|-heal|p1a: Alomomola|60\/100|[from] item: Leftovers\n|upkeep\n|turn|5\n|\n|t:|1700274178\n|move|p1a: Alomomola|Scald|p2a: Bloom Warden\n|-resisted|p2a: Bloom Warden\n|-damage|p2a: Bloom Warden|95\/100\n|move|p2a: Bloom Warden|Sludge Bomb|p1a: Alomomola\n|-damage|p1a: Alomomola|37\/100\n|\n|-heal|p1a: Alomomola|87\/100|[from] move: Wish|[wisher] Alomomola\n|-heal|p1a: Alomomola|93\/100|[from] item: Leftovers\n|upkeep\n|turn|6\n|\n|t:|1700274191\n|move|p1a: Alomomola|Flip Turn|p2a: Bloom Warden\n|-resisted|p2a: Bloom Warden\n|-damage|p2a: Bloom Warden|88\/100\n|-damage|p1a: Alomomola|77\/100|[from] item: Rocky Helmet|[of] p2a: Bloom Warden\n|\n|t:|1700274192\n|switch|p1a: Kingambit|Kingambit, M|100\/100|[from] Flip Turn\n|move|p2a: Bloom Warden|Sludge Bomb|p1a: Kingambit\n|-immune|p1a: Kingambit\n|\n|upkeep\n|turn|7\n|inactive|SirBoogerBrain has 120 seconds left.\n|\n|t:|1700274227\n|switch|p2a: Pyre Raptor|Moltres|100\/100\n|move|p1a: Kingambit|Zen Headbutt|p2a: Pyre Raptor\n|-damage|p2a: Pyre Raptor|71\/100\n|-status|p1a: Kingambit|brn|[from] ability: Flame Body|[of] p2a: Pyre Raptor\n|-damage|p1a: Kingambit|91\/100 brn|[from] item: Life Orb\n|\n|-damage|p1a: Kingambit|84\/100 brn|[from] brn\n|upkeep\n|turn|8\n|inactive|SirBoogerBrain has 120 seconds left.\n|\n|t:|1700274242\n|move|p2a: Pyre Raptor|Flamethrower|p1a: Kingambit\n|-supereffective|p1a: Kingambit\n|-damage|p1a: Kingambit|16\/100 brn\n|move|p1a: Kingambit|Kowtow Cleave|p2a: Pyre Raptor\n|-damage|p2a: Pyre Raptor|45\/100\n|-damage|p1a: Kingambit|6\/100 brn|[from] item: Life Orb\n|\n|-damage|p1a: Kingambit|0 fnt|[from] brn\n|faint|p1a: Kingambit\n|-end|p1a: Kingambit|fallenundefined|[silent]\n|upkeep\n|inactive|Public EnemeZ 1 has 120 seconds left.\n|\n|t:|1700274276\n|switch|p1a: Alomomola|Alomomola, F|100\/100\n|turn|9\n|inactive|SirBoogerBrain has 120 seconds left.\n|\n|t:|1700274291\n|move|p2a: Pyre Raptor|Roost|p2a: Pyre Raptor\n|-heal|p2a: Pyre Raptor|95\/100\n|-singleturn|p2a: Pyre Raptor|move: Roost\n|move|p1a: Alomomola|Scald|p2a: Pyre Raptor\n|-supereffective|p2a: Pyre Raptor\n|-damage|p2a: Pyre Raptor|73\/100\n|\n|upkeep\n|turn|10\n|\n|t:|1700274301\n|move|p2a: Pyre Raptor|Will-O-Wisp|p1a: Alomomola\n|-status|p1a: Alomomola|brn\n|move|p1a: Alomomola|Wish|p1a: Alomomola\n|\n|-damage|p1a: Alomomola|94\/100 brn|[from] brn\n|upkeep\n|turn|11\n|\n|t:|1700274317\n|move|p2a: Pyre Raptor|Flamethrower|p1a: Alomomola\n|-resisted|p1a: Alomomola\n|-damage|p1a: Alomomola|77\/100 brn\n|move|p1a: Alomomola|Scald|p2a: Pyre Raptor\n|-supereffective|p2a: Pyre Raptor\n|-damage|p2a: Pyre Raptor|49\/100\n|\n|-heal|p1a: Alomomola|100\/100 brn|[from] move: Wish|[wisher] Alomomola\n|-damage|p1a: Alomomola|94\/100 brn|[from] brn\n|upkeep\n|turn|12\n|\n|t:|1700274326\n|move|p2a: Pyre Raptor|Roost|p2a: Pyre Raptor\n|-heal|p2a: Pyre Raptor|99\/100\n|-singleturn|p2a: Pyre Raptor|move: Roost\n|move|p1a: Alomomola|Wish|p1a: Alomomola\n|\n|-heal|p1a: Alomomola|100\/100 brn|[from] item: Leftovers\n|-damage|p1a: Alomomola|94\/100 brn|[from] brn\n|upkeep\n|turn|13\n|\n|t:|1700274340\n|switch|p2a: Bloom Warden|Amoonguss, F|100\/100\n|-activate|p2a: Bloom Warden|move: Sticky Web\n|-unboost|p2a: Bloom Warden|spe|1\n|move|p1a: Alomomola|Flip Turn|p2a: Bloom Warden\n|-resisted|p2a: Bloom Warden\n|-damage|p2a: Bloom Warden|97\/100\n|-damage|p1a: Alomomola|78\/100 brn|[from] item: Rocky Helmet|[of] p2a: Bloom Warden\n|\n|t:|1700274350\n|switch|p1a: Vikavolt|Vikavolt, F|100\/100 slp|[from] Flip Turn\n|\n|upkeep\n|turn|14\n|\n|t:|1700274377\n|cant|p1a: Vikavolt|slp\n|move|p2a: Bloom Warden|Sludge Bomb|p1a: Vikavolt\n|-damage|p1a: Vikavolt|67\/100 slp\n|\n|upkeep\n|turn|15\n|\n|t:|1700274387\n|cant|p1a: Vikavolt|slp\n|move|p2a: Bloom Warden|Sludge Bomb|p1a: Vikavolt\n|-damage|p1a: Vikavolt|33\/100 slp\n|\n|upkeep\n|turn|16\n|\n|t:|1700274395\n|-curestatus|p1a: Vikavolt|slp|[msg]\n|move|p1a: Vikavolt|Discharge|p2a: Bloom Warden\n|-resisted|p2a: Bloom Warden\n|-damage|p2a: Bloom Warden|77\/100\n|move|p2a: Bloom Warden|Spore|p1a: Vikavolt\n|-status|p1a: Vikavolt|slp|[from] move: Spore\n|\n|upkeep\n|turn|17\n|\n|t:|1700274401\n|switch|p2a: Stonebreaker|Great Tusk|100\/100\n|-activate|p2a: Stonebreaker|move: Sticky Web\n|-unboost|p2a: Stonebreaker|spe|1\n|cant|p1a: Vikavolt|slp\n|\n|upkeep\n|turn|18\n|\n|t:|1700274415\n|move|p2a: Stonebreaker|Rapid Spin|p1a: Vikavolt\n|-damage|p1a: Vikavolt|17\/100 slp\n|-boost|p2a: Stonebreaker|spe|1\n|-damage|p2a: Stonebreaker|84\/100|[from] item: Rocky Helmet|[of] p1a: Vikavolt\n|-sideend|p2: SirBoogerBrain|Sticky Web|[from] move: Rapid Spin|[of] p2a: Stonebreaker\n|cant|p1a: Vikavolt|slp\n|\n|-heal|p2a: Stonebreaker|90\/100|[from] item: Leftovers\n|upkeep\n|turn|19\n|\n|t:|1700274434\n|move|p2a: Stonebreaker|Knock Off|p1a: Vikavolt\n|-crit|p1a: Vikavolt\n|-damage|p1a: Vikavolt|0 fnt\n|-damage|p2a: Stonebreaker|73\/100|[from] item: Rocky Helmet|[of] p1a: Vikavolt\n|-enditem|p1a: Vikavolt|Rocky Helmet|[from] move: Knock Off|[of] p2a: Stonebreaker\n|faint|p1a: Vikavolt\n|\n|-heal|p2a: Stonebreaker|79\/100|[from] item: Leftovers\n|upkeep\n|\n|t:|1700274440\n|switch|p1a: Hatterene|Hatterene, F|100\/100\n|turn|20\n|\n|t:|1700274466\n|-end|p2a: Stonebreaker|Protosynthesis|[silent]\n|switch|p2a: Pyre Raptor|Moltres|99\/100\n|move|p1a: Hatterene|Draining Kiss|p2a: Pyre Raptor\n|-resisted|p2a: Pyre Raptor\n|-damage|p2a: Pyre Raptor|89\/100\n|\n|upkeep\n|turn|21\n|\n|t:|1700274473\n|switch|p1a: Alomomola|Alomomola, F|100\/100 brn\n|move|p2a: Pyre Raptor|U-turn|p1a: Alomomola\n|-damage|p1a: Alomomola|91\/100 brn\n|\n|t:|1700274480\n|switch|p2a: Stonebreaker|Great Tusk|79\/100|[from] U-turn\n|\n|-heal|p2a: Stonebreaker|85\/100|[from] item: Leftovers\n|-heal|p1a: Alomomola|97\/100 brn|[from] item: Leftovers\n|-damage|p1a: Alomomola|91\/100 brn|[from] brn\n|upkeep\n|turn|22\n|\n|t:|1700274491\n|-end|p2a: Stonebreaker|Protosynthesis|[silent]\n|switch|p2a: Bloom Warden|Amoonguss, F|100\/100\n|move|p1a: Alomomola|Scald|p2a: Bloom Warden\n|-resisted|p2a: Bloom Warden\n|-damage|p2a: Bloom Warden|95\/100\n|-status|p2a: Bloom Warden|brn\n|\n|-heal|p1a: Alomomola|97\/100 brn|[from] item: Leftovers\n|-damage|p1a: Alomomola|91\/100 brn|[from] brn\n|-damage|p2a: Bloom Warden|89\/100 brn|[from] brn\n|upkeep\n|turn|23\n|\n|t:|1700274499\n|move|p1a: Alomomola|Wish|p1a: Alomomola\n|move|p2a: Bloom Warden|Giga Drain|p1a: Alomomola\n|-supereffective|p1a: Alomomola\n|-damage|p1a: Alomomola|49\/100 brn\n|-heal|p2a: Bloom Warden|100\/100 brn|[from] drain|[of] p1a: Alomomola\n|\n|-heal|p1a: Alomomola|55\/100 brn|[from] item: Leftovers\n|-damage|p1a: Alomomola|49\/100 brn|[from] brn\n|-damage|p2a: Bloom Warden|94\/100 brn|[from] brn\n|upkeep\n|turn|24\n|\n|t:|1700274516\n|switch|p1a: Hatterene|Hatterene, F|100\/100\n|move|p2a: Bloom Warden|Spore|p1a: Hatterene\n|move|p1a: Hatterene|Spore|p2a: Bloom Warden|[from]ability: Magic Bounce\n|-immune|p2a: Bloom Warden\n|\n|-damage|p2a: Bloom Warden|88\/100 brn|[from] brn\n|upkeep\n|turn|25\n|\n|t:|1700274535\n|-terastallize|p2a: Bloom Warden|Steel\n|move|p2a: Bloom Warden|Sludge Bomb|p1a: Hatterene\n|-supereffective|p1a: Hatterene\n|-damage|p1a: Hatterene|42\/100\n|-status|p1a: Hatterene|psn\n|move|p1a: Hatterene|Psychic|p2a: Bloom Warden\n|-resisted|p2a: Bloom Warden\n|-damage|p2a: Bloom Warden|68\/100 brn\n|\n|-heal|p1a: Hatterene|48\/100 psn|[from] item: Leftovers\n|-damage|p1a: Hatterene|36\/100 psn|[from] psn\n|-damage|p2a: Bloom Warden|62\/100 brn|[from] brn\n|upkeep\n|turn|26\n|inactive|Public EnemeZ 1 has 120 seconds left.\n|inactive|SirBoogerBrain has 120 seconds left.\n|\n|t:|1700274574\n|switch|p1a: Alomomola|Alomomola, F|82\/100 brn\n|move|p2a: Bloom Warden|Sludge Bomb|p1a: Alomomola\n|-damage|p1a: Alomomola|59\/100 brn\n|\n|-heal|p1a: Alomomola|65\/100 brn|[from] item: Leftovers\n|-damage|p1a: Alomomola|59\/100 brn|[from] brn\n|-damage|p2a: Bloom Warden|56\/100 brn|[from] brn\n|upkeep\n|turn|27\n|\n|t:|1700274579\n|move|p1a: Alomomola|Wish|p1a: Alomomola\n|move|p2a: Bloom Warden|Giga Drain|p1a: Alomomola\n|-supereffective|p1a: Alomomola\n|-crit|p1a: Alomomola\n|-damage|p1a: Alomomola|0 fnt\n|-heal|p2a: Bloom Warden|92\/100 brn|[from] drain|[of] p1a: Alomomola\n|faint|p1a: Alomomola\n|\n|-damage|p2a: Bloom Warden|86\/100 brn|[from] brn\n|upkeep\n|inactive|Public EnemeZ 1 has 120 seconds left.\n|\n|t:|1700274587\n|switch|p1a: Hatterene|Hatterene, F|36\/100 psn\n|turn|28\n|\n|t:|1700274592\n|-terastallize|p1a: Hatterene|Fire\n|move|p2a: Bloom Warden|Sludge Bomb|p1a: Hatterene\n|-damage|p1a: Hatterene|6\/100 psn\n|move|p1a: Hatterene|Mystical Fire|p2a: Bloom Warden\n|-supereffective|p2a: Bloom Warden\n|-damage|p2a: Bloom Warden|23\/100 brn\n|-unboost|p2a: Bloom Warden|spa|1\n|\n|-heal|p1a: Hatterene|89\/100 psn|[from] move: Wish|[wisher] Alomomola\n|-heal|p1a: Hatterene|95\/100 psn|[from] item: Leftovers\n|-damage|p1a: Hatterene|83\/100 psn|[from] psn\n|-damage|p2a: Bloom Warden|17\/100 brn|[from] brn\n|upkeep\n|turn|29\n|inactive|SirBoogerBrain has 120 seconds left.\n|\n|t:|1700274626\n|switch|p2a: Pyre Raptor|Moltres|89\/100\n|move|p1a: Hatterene|Psychic|p2a: Pyre Raptor\n|-damage|p2a: Pyre Raptor|48\/100\n|\n|-heal|p1a: Hatterene|89\/100 psn|[from] item: Leftovers\n|-damage|p1a: Hatterene|77\/100 psn|[from] psn\n|upkeep\n|turn|30\n|\n|t:|1700274637\n|move|p2a: Pyre Raptor|Roost|p2a: Pyre Raptor\n|-heal|p2a: Pyre Raptor|98\/100\n|-singleturn|p2a: Pyre Raptor|move: Roost\n|move|p1a: Hatterene|Calm Mind|p1a: Hatterene\n|-boost|p1a: Hatterene|spa|1\n|-boost|p1a: Hatterene|spd|1\n|\n|-heal|p1a: Hatterene|83\/100 psn|[from] item: Leftovers\n|-damage|p1a: Hatterene|71\/100 psn|[from] psn\n|upkeep\n|turn|31\n|\n|t:|1700274646\n|move|p2a: Pyre Raptor|U-turn|p1a: Hatterene\n|-resisted|p1a: Hatterene\n|-damage|p1a: Hatterene|63\/100 psn\n|\n|t:|1700274655\n|switch|p2a: Abyssal Fin|Garchomp, F|100\/100|[from] U-turn\n|move|p1a: Hatterene|Psychic|p2a: Abyssal Fin\n|-damage|p2a: Abyssal Fin|35\/100\n|\n|-heal|p2a: Abyssal Fin|42\/100|[from] item: Leftovers\n|-heal|p1a: Hatterene|69\/100 psn|[from] item: Leftovers\n|-damage|p1a: Hatterene|57\/100 psn|[from] psn\n|upkeep\n|turn|32\n|\n|t:|1700274662\n|move|p2a: Abyssal Fin|Earthquake|p1a: Hatterene\n|-supereffective|p1a: Hatterene\n|-crit|p1a: Hatterene\n|-damage|p1a: Hatterene|0 fnt\n|faint|p1a: Hatterene\n|\n|-heal|p2a: Abyssal Fin|48\/100|[from] item: Leftovers\n|upkeep\n|\n|t:|1700274667\n|switch|p1a: Zamazenta|Zamazenta|100\/100\n|-ability|p1a: Zamazenta|Dauntless Shield|boost\n|-boost|p1a: Zamazenta|def|1\n|turn|33\n|\n|t:|1700274691\n|move|p1a: Zamazenta|Body Press|p2a: Abyssal Fin\n|-damage|p2a: Abyssal Fin|11\/100\n|-damage|p1a: Zamazenta|88\/100|[from] ability: Rough Skin|[of] p2a: Abyssal Fin\n|move|p2a: Abyssal Fin|Earthquake|p1a: Zamazenta\n|-crit|p1a: Zamazenta\n|-damage|p1a: Zamazenta|24\/100\n|\n|-heal|p2a: Abyssal Fin|18\/100|[from] item: Leftovers\n|upkeep\n|turn|34\n|c|\u2606Public EnemeZ 1|All the luck in the world damn bruh\n|-message|Public EnemeZ 1 forfeited.\n|\n|win|SirBoogerBrain\n|raw|Public EnemeZ 1's rating: 1107 &rarr; <strong>1085<\/strong><br \/>(-22 for losing)\n|raw|SirBoogerBrain's rating: 1148 &rarr; <strong>1170<\/strong><br \/>(+22 for winning)\n|l|\u2606Public EnemeZ 1\n|c|\u2606SirBoogerBrain|which turn?\n","uploadtime":1700274787,"views":13,"p1id":"publicenemez1","p2id":"sirboogerbrain","formatid":"gen9ou","rating":1085,"private":0,"password":""}