{"id":"gen9ou-1999806345","p1":"TR23 testing","p2":"jotao10_10","format":"[Gen 9] OU","log":"|j|\u2606TR23 testing\n|j|\u2606jotao10_10\n|t:|1701118418\n|gametype|singles\n|player|p1|TR23 testing|2|1509\n|player|p2|jotao10_10|ingo|1537\n|teamsize|p1|6\n|teamsize|p2|6\n|gen|9\n|tier|[Gen 9] OU\n|rated|\n|rule|Sleep Clause Mod: Limit one foe put to sleep\n|rule|Species Clause: Limit one of each Pok\u00e9mon\n|rule|OHKO Clause: OHKO moves are banned\n|rule|Evasion Items Clause: Evasion items are banned\n|rule|Evasion Moves Clause: Evasion moves are banned\n|rule|Endless Battle Clause: Forcing endless battles is banned\n|rule|HP Percentage Mod: HP is shown in percentages\n|clearpoke\n|poke|p1|Ribombee, M|\n|poke|p1|Ogerpon-Wellspring, F|\n|poke|p1|Iron Moth|\n|poke|p1|Kingambit, M|\n|poke|p1|Gholdengo|\n|poke|p1|Iron Valiant|\n|poke|p2|Maushold|\n|poke|p2|Rillaboom, M|\n|poke|p2|Great Tusk|\n|poke|p2|Heatran, M|\n|poke|p2|Enamorus, F|\n|poke|p2|Kingambit, F|\n|teampreview\n|\n|t:|1701118431\n|start\n|switch|p1a: Ribombee|Ribombee, M|100\/100\n|switch|p2a: Maushold|Maushold|100\/100\n|turn|1\n|inactive|Battle timer is ON: inactive players will automatically lose when time's up. (requested by TR23 testing)\n|\n|t:|1701118437\n|move|p1a: Ribombee|Sticky Web|p2a: Maushold\n|-sidestart|p2: jotao10_10|move: Sticky Web\n|move|p2a: Maushold|Tidy Up|p2a: Maushold\n|-sideend|p2: jotao10_10|Sticky Web\n|-activate|p2a: Maushold|move: Tidy Up\n|-boost|p2a: Maushold|atk|1\n|-boost|p2a: Maushold|spe|1\n|\n|upkeep\n|turn|2\n|\n|t:|1701118444\n|switch|p1a: Kingambit|Kingambit, M|100\/100\n|move|p2a: Maushold|Population Bomb|p1a: Kingambit\n|-resisted|p1a: Kingambit\n|-damage|p1a: Kingambit|94\/100\n|-resisted|p1a: Kingambit\n|-damage|p1a: Kingambit|86\/100\n|-resisted|p1a: Kingambit\n|-damage|p1a: Kingambit|79\/100\n|-resisted|p1a: Kingambit\n|-damage|p1a: Kingambit|73\/100\n|-resisted|p1a: Kingambit\n|-damage|p1a: Kingambit|66\/100\n|-resisted|p1a: Kingambit\n|-damage|p1a: Kingambit|59\/100\n|-hitcount|p1a: Kingambit|6\n|\n|upkeep\n|turn|3\n|\n|t:|1701118454\n|move|p2a: Maushold|Tidy Up|p2a: Maushold\n|-boost|p2a: Maushold|atk|1\n|-boost|p2a: Maushold|spe|1\n|move|p1a: Kingambit|Iron Head|p2a: Maushold\n|-damage|p2a: Maushold|22\/100\n|\n|upkeep\n|turn|4\n|\n|t:|1701118462\n|move|p2a: Maushold|Tidy Up|p2a: Maushold\n|-boost|p2a: Maushold|atk|1\n|-boost|p2a: Maushold|spe|1\n|move|p1a: Kingambit|Iron Head|p2a: Maushold\n|-damage|p2a: Maushold|0 fnt\n|faint|p2a: Maushold\n|\n|upkeep\n|\n|t:|1701118465\n|switch|p2a: Great Tusk|Great Tusk|100\/100\n|turn|5\n|\n|t:|1701118473\n|-end|p1a: Kingambit|fallenundefined|[silent]\n|switch|p1a: Gholdengo|Gholdengo|100\/100\n|-item|p1a: Gholdengo|Air Balloon\n|move|p2a: Great Tusk|Rapid Spin|p1a: Gholdengo\n|-immune|p1a: Gholdengo\n|\n|upkeep\n|turn|6\n|\n|t:|1701118481\n|-end|p2a: Great Tusk|Protosynthesis|[silent]\n|switch|p2a: Heatran|Heatran, M|100\/100\n|move|p1a: Gholdengo|Dazzling Gleam|p2a: Heatran\n|-resisted|p2a: Heatran\n|-damage|p2a: Heatran|96\/100\n|\n|-heal|p2a: Heatran|100\/100|[from] item: Leftovers\n|upkeep\n|turn|7\n|\n|t:|1701118504\n|move|p1a: Gholdengo|Shadow Ball|p2a: Heatran\n|-damage|p2a: Heatran|71\/100\n|move|p2a: Heatran|Magma Storm|p1a: Gholdengo\n|-supereffective|p1a: Gholdengo\n|-damage|p1a: Gholdengo|3\/100\n|-activate|p1a: Gholdengo|move: Magma Storm|[of] p2a: Heatran\n|-enditem|p1a: Gholdengo|Air Balloon\n|\n|-heal|p2a: Heatran|78\/100|[from] item: Leftovers\n|-damage|p1a: Gholdengo|0 fnt|[from] move: Magma Storm|[partiallytrapped]\n|faint|p1a: Gholdengo\n|upkeep\n|inactive|TR23 testing has 120 seconds left.\n|\n|t:|1701118520\n|switch|p1a: Iron Valiant|Iron Valiant|100\/100\n|-enditem|p1a: Iron Valiant|Booster Energy\n|-activate|p1a: Iron Valiant|ability: Quark Drive|[fromitem]\n|-start|p1a: Iron Valiant|quarkdrivespe\n|turn|8\n|\n|t:|1701118533\n|switch|p2a: Enamorus|Enamorus, F|100\/100\n|move|p1a: Iron Valiant|Close Combat|p2a: Enamorus\n|-resisted|p2a: Enamorus\n|-damage|p2a: Enamorus|78\/100\n|-unboost|p1a: Iron Valiant|def|1\n|-unboost|p1a: Iron Valiant|spd|1\n|\n|upkeep\n|turn|9\n|\n|t:|1701118548\n|move|p1a: Iron Valiant|Destiny Bond|p1a: Iron Valiant\n|-singlemove|p1a: Iron Valiant|Destiny Bond\n|move|p2a: Enamorus|Moonblast|p1a: Iron Valiant\n|-supereffective|p1a: Iron Valiant\n|-damage|p1a: Iron Valiant|0 fnt\n|faint|p1a: Iron Valiant\n|-activate|p1a: Iron Valiant|move: Destiny Bond\n|-end|p1a: Iron Valiant|Quark Drive|[silent]\n|faint|p2a: Enamorus\n|\n|upkeep\n|\n|t:|1701118555\n|switch|p1a: Ribombee|Ribombee, M|100\/100\n|switch|p2a: Great Tusk|Great Tusk|100\/100\n|turn|10\n|\n|t:|1701118561\n|move|p1a: Ribombee|Moonblast|p2a: Great Tusk\n|-supereffective|p2a: Great Tusk\n|-damage|p2a: Great Tusk|0 fnt\n|faint|p2a: Great Tusk\n|-end|p2a: Great Tusk|Protosynthesis|[silent]\n|\n|upkeep\n|\n|t:|1701118566\n|switch|p2a: devindian|Kingambit, F|100\/100\n|-activate|p2a: devindian|ability: Supreme Overlord\n|-start|p2a: devindian|fallen3|[silent]\n|turn|11\n|\n|t:|1701118579\n|move|p1a: Ribombee|Moonblast|p2a: devindian\n|-damage|p2a: devindian|63\/100\n|move|p2a: devindian|Iron Head|p1a: Ribombee\n|-supereffective|p1a: Ribombee\n|-enditem|p1a: Ribombee|Focus Sash\n|-damage|p1a: Ribombee|1\/100\n|\n|-heal|p2a: devindian|70\/100|[from] item: Leftovers\n|upkeep\n|turn|12\n|\n|t:|1701118585\n|move|p1a: Ribombee|Stun Spore|p2a: devindian|[miss]\n|-miss|p1a: Ribombee|p2a: devindian\n|move|p2a: devindian|Kowtow Cleave|p1a: Ribombee\n|-resisted|p1a: Ribombee\n|-damage|p1a: Ribombee|0 fnt\n|faint|p1a: Ribombee\n|\n|-heal|p2a: devindian|76\/100|[from] item: Leftovers\n|upkeep\n|\n|t:|1701118588\n|switch|p1a: Kingambit|Kingambit, M|59\/100\n|-activate|p1a: Kingambit|ability: Supreme Overlord\n|-start|p1a: Kingambit|fallen3|[silent]\n|turn|13\n|\n|t:|1701118593\n|-end|p2a: devindian|fallen3|[silent]\n|switch|p2a: Rillaboom|Rillaboom, M|100\/100\n|-fieldstart|move: Grassy Terrain|[from] ability: Grassy Surge|[of] p2a: Rillaboom\n|move|p1a: Kingambit|Low Kick|p2a: Rillaboom\n|-damage|p2a: Rillaboom|56\/100\n|\n|-heal|p2a: Rillaboom|62\/100|[from] Grassy Terrain\n|-heal|p1a: Kingambit|65\/100|[from] Grassy Terrain\n|upkeep\n|turn|14\n|\n|t:|1701118600\n|-end|p1a: Kingambit|fallen3|[silent]\n|switch|p1a: Iron Moth|Iron Moth|100\/100\n|-enditem|p1a: Iron Moth|Booster Energy\n|-activate|p1a: Iron Moth|ability: Quark Drive|[fromitem]\n|-start|p1a: Iron Moth|quarkdrivespa\n|move|p2a: Rillaboom|Wood Hammer|p1a: Iron Moth\n|-resisted|p1a: Iron Moth\n|-damage|p1a: Iron Moth|48\/100\n|-damage|p2a: Rillaboom|47\/100|[from] Recoil\n|\n|-heal|p1a: Iron Moth|54\/100|[from] Grassy Terrain\n|-heal|p2a: Rillaboom|53\/100|[from] Grassy Terrain\n|upkeep\n|turn|15\n|\n|t:|1701118609\n|switch|p2a: Heatran|Heatran, M|78\/100\n|move|p1a: Iron Moth|Psychic|p2a: Heatran\n|-resisted|p2a: Heatran\n|-damage|p2a: Heatran|63\/100\n|\n|-heal|p1a: Iron Moth|60\/100|[from] Grassy Terrain\n|-heal|p2a: Heatran|69\/100|[from] Grassy Terrain\n|-heal|p2a: Heatran|75\/100|[from] item: Leftovers\n|upkeep\n|turn|16\n|\n|t:|1701118619\n|move|p1a: Iron Moth|Substitute|p1a: Iron Moth\n|-start|p1a: Iron Moth|Substitute\n|-damage|p1a: Iron Moth|35\/100\n|move|p2a: Heatran|Stealth Rock|p1a: Iron Moth\n|-sidestart|p1: TR23 testing|move: Stealth Rock\n|\n|-heal|p1a: Iron Moth|41\/100|[from] Grassy Terrain\n|-heal|p2a: Heatran|82\/100|[from] Grassy Terrain\n|-heal|p2a: Heatran|88\/100|[from] item: Leftovers\n|upkeep\n|turn|17\n|\n|t:|1701118621\n|move|p1a: Iron Moth|Psychic|p2a: Heatran\n|-resisted|p2a: Heatran\n|-damage|p2a: Heatran|73\/100\n|move|p2a: Heatran|Earth Power|p1a: Iron Moth\n|-supereffective|p1a: Iron Moth\n|-end|p1a: Iron Moth|Substitute\n|\n|-heal|p1a: Iron Moth|47\/100|[from] Grassy Terrain\n|-heal|p2a: Heatran|79\/100|[from] Grassy Terrain\n|-heal|p2a: Heatran|85\/100|[from] item: Leftovers\n|-fieldend|move: Grassy Terrain\n|upkeep\n|turn|18\n|\n|t:|1701118625\n|move|p1a: Iron Moth|Psychic|p2a: Heatran\n|-resisted|p2a: Heatran\n|-damage|p2a: Heatran|71\/100\n|move|p2a: Heatran|Earth Power|p1a: Iron Moth\n|-supereffective|p1a: Iron Moth\n|-damage|p1a: Iron Moth|0 fnt\n|faint|p1a: Iron Moth\n|-end|p1a: Iron Moth|Quark Drive|[silent]\n|\n|-heal|p2a: Heatran|77\/100|[from] item: Leftovers\n|upkeep\n|\n|t:|1701118627\n|switch|p1a: Ogerpon|Ogerpon-Wellspring, F|100\/100\n|-damage|p1a: Ogerpon|88\/100|[from] Stealth Rock\n|turn|19\n|\n|t:|1701118632\n|-terastallize|p2a: Heatran|Grass\n|move|p1a: Ogerpon|Ivy Cudgel|p2a: Heatran|[anim] Ivy Cudgel Water\n|-resisted|p2a: Heatran\n|-crit|p2a: Heatran\n|-damage|p2a: Heatran|39\/100\n|move|p2a: Heatran|Magma Storm|p1a: Ogerpon\n|-damage|p1a: Ogerpon|37\/100\n|-activate|p1a: Ogerpon|move: Magma Storm|[of] p2a: Heatran\n|\n|-heal|p2a: Heatran|46\/100|[from] item: Leftovers\n|-damage|p1a: Ogerpon|25\/100|[from] move: Magma Storm|[partiallytrapped]\n|upkeep\n|turn|20\n|\n|t:|1701118642\n|-terastallize|p1a: Ogerpon|Water\n|detailschange|p1a: Ogerpon|Ogerpon-Wellspring-Tera, F, tera:Water\n|-ability|p1a: Ogerpon|Embody Aspect (Wellspring)|boost\n|-boost|p1a: Ogerpon|spd|1\n|move|p1a: Ogerpon|Ivy Cudgel|p2a: Heatran|[anim] Ivy Cudgel Water\n|-resisted|p2a: Heatran\n|-crit|p2a: Heatran\n|-damage|p2a: Heatran|0 fnt\n|faint|p2a: Heatran\n|\n|-end|p1a: Ogerpon|Magma Storm|[partiallytrapped]|[silent]\n|upkeep\n|\n|t:|1701118654\n|switch|p2a: Rillaboom|Rillaboom, M|53\/100\n|-fieldstart|move: Grassy Terrain|[from] ability: Grassy Surge|[of] p2a: Rillaboom\n|turn|21\n|\n|t:|1701118657\n|switch|p1a: Kingambit|Kingambit, M|65\/100\n|-damage|p1a: Kingambit|59\/100|[from] Stealth Rock\n|-activate|p1a: Kingambit|ability: Supreme Overlord\n|-start|p1a: Kingambit|fallen4|[silent]\n|move|p2a: Rillaboom|Grassy Glide|p1a: Kingambit\n|-resisted|p1a: Kingambit\n|-damage|p1a: Kingambit|31\/100\n|\n|-heal|p2a: Rillaboom|59\/100|[from] Grassy Terrain\n|-heal|p1a: Kingambit|37\/100|[from] Grassy Terrain\n|upkeep\n|turn|22\n|\n|t:|1701118667\n|move|p2a: Rillaboom|Grassy Glide|p1a: Kingambit\n|-resisted|p1a: Kingambit\n|-damage|p1a: Kingambit|11\/100\n|move|p1a: Kingambit|Low Kick|p2a: Rillaboom\n|-damage|p2a: Rillaboom|11\/100\n|\n|-heal|p2a: Rillaboom|18\/100|[from] Grassy Terrain\n|-heal|p1a: Kingambit|17\/100|[from] Grassy Terrain\n|upkeep\n|turn|23\n|\n|t:|1701118670\n|move|p2a: Rillaboom|Grassy Glide|p1a: Kingambit\n|-resisted|p1a: Kingambit\n|-damage|p1a: Kingambit|0 fnt\n|faint|p1a: Kingambit\n|-end|p1a: Kingambit|fallen4|[silent]\n|\n|-heal|p2a: Rillaboom|24\/100|[from] Grassy Terrain\n|upkeep\n|\n|t:|1701118672\n|switch|p1a: Ogerpon|Ogerpon-Wellspring-Tera, F, tera:Water|25\/100\n|-damage|p1a: Ogerpon|12\/100|[from] Stealth Rock\n|-ability|p1a: Ogerpon|Embody Aspect (Wellspring)|boost\n|-boost|p1a: Ogerpon|spd|1\n|turn|24\n|-message|TR23 testing forfeited.\n|\n|win|jotao10_10\n|raw|TR23 testing's rating: 1509 &rarr; <strong>1491<\/strong><br \/>(-18 for losing)\n|raw|jotao10_10's rating: 1537 &rarr; <strong>1555<\/strong><br \/>(+18 for winning)\n|l|\u2606TR23 testing\n","uploadtime":1701118678,"views":3,"p1id":"tr23testing","p2id":"jotao1010","formatid":"gen9ou","rating":1491,"private":0,"password":""}