{"id":"gen9ou-1995084413","p1":"FreeedTheDolfin","p2":"273_Kalstor","format":"[Gen 9] OU","log":"|j|\u2606FreeedTheDolfin\n|j|\u2606273_Kalstor\n|t:|1700520819\n|gametype|singles\n|player|p1|FreeedTheDolfin|170|1117\n|player|p2|273_Kalstor|acetrainerf-gen4dp|1132\n|teamsize|p1|6\n|teamsize|p2|6\n|gen|9\n|tier|[Gen 9] OU\n|rated|\n|rule|Sleep Clause Mod: Limit one foe put to sleep\n|rule|Species Clause: Limit one of each Pok\u00e9mon\n|rule|OHKO Clause: OHKO moves are banned\n|rule|Evasion Items Clause: Evasion items are banned\n|rule|Evasion Moves Clause: Evasion moves are banned\n|rule|Endless Battle Clause: Forcing endless battles is banned\n|rule|HP Percentage Mod: HP is shown in percentages\n|clearpoke\n|poke|p1|Meowscarada, M|\n|poke|p1|Slowking-Galar, F|\n|poke|p1|Cetitan, M|\n|poke|p1|Sandslash-Alola, F|\n|poke|p1|Moltres-Galar|\n|poke|p1|Indeedee, M|\n|poke|p2|Chandelure, M|\n|poke|p2|Torkoal, F|\n|poke|p2|Great Tusk|\n|poke|p2|Zapdos|\n|poke|p2|Rillaboom, M|\n|poke|p2|Ogerpon-Wellspring, F|\n|teampreview\n|\n|t:|1700520829\n|start\n|switch|p1a: Meowscarada|Meowscarada, M|100\/100\n|switch|p2a: Torkoal|Torkoal, F|100\/100\n|-weather|SunnyDay|[from] ability: Drought|[of] p2a: Torkoal\n|turn|1\n|\n|t:|1700520837\n|move|p1a: Meowscarada|U-turn|p2a: Torkoal\n|-start|p1a: Meowscarada|typechange|Bug|[from] ability: Protean\n|-resisted|p2a: Torkoal\n|-damage|p2a: Torkoal|87\/100\n|\n|t:|1700520843\n|switch|p1a: Slowking|Slowking-Galar, F|100\/100|[from] U-turn\n|move|p2a: Torkoal|Flamethrower|p1a: Slowking\n|-damage|p1a: Slowking|52\/100\n|\n|-weather|SunnyDay|[upkeep]\n|upkeep\n|turn|2\n|\n|t:|1700520851\n|move|p1a: Slowking|Chilly Reception|p1a: Slowking\n|-weather|Snow\n|inactive|Battle timer is ON: inactive players will automatically lose when time's up. (requested by 273_Kalstor)\n|\n|t:|1700520865\n|switch|p1a: Indeedee|Indeedee, M|100\/100|[from] Chilly Reception\n|-fieldstart|move: Psychic Terrain|[from] ability: Psychic Surge|[of] p1a: Indeedee\n|move|p2a: Torkoal|Yawn|p1a: Indeedee\n|-start|p1a: Indeedee|move: Yawn|[of] p2a: Torkoal\n|\n|-weather|Snow|[upkeep]\n|upkeep\n|turn|3\n|\n|t:|1700520886\n|move|p1a: Indeedee|Dazzling Gleam|p2a: Torkoal\n|-resisted|p2a: Torkoal\n|-damage|p2a: Torkoal|74\/100\n|move|p2a: Torkoal|Stealth Rock|p1a: Indeedee\n|-sidestart|p1: FreeedTheDolfin|move: Stealth Rock\n|\n|-weather|Snow|[upkeep]\n|-end|p1a: Indeedee|move: Yawn|[silent]\n|-status|p1a: Indeedee|slp\n|upkeep\n|turn|4\n|\n|t:|1700520895\n|switch|p1a: Sandslash|Sandslash-Alola, F|100\/100\n|-damage|p1a: Sandslash|88\/100|[from] Stealth Rock\n|switch|p2a: Rillaboom|Rillaboom, M|100\/100\n|-fieldstart|move: Grassy Terrain|[from] ability: Grassy Surge|[of] p2a: Rillaboom\n|\n|-weather|Snow|[upkeep]\n|-heal|p1a: Sandslash|94\/100|[from] Grassy Terrain\n|upkeep\n|turn|5\n|\n|t:|1700520907\n|switch|p2a: Chandelure|Chandelure, M|100\/100\n|move|p1a: Sandslash|Ice Spinner|p2a: Chandelure\n|-resisted|p2a: Chandelure\n|-damage|p2a: Chandelure|74\/100\n|-fieldend|move: Grassy Terrain\n|\n|-weather|Snow|[upkeep]\n|upkeep\n|turn|6\n|\n|t:|1700520915\n|move|p2a: Chandelure|Heat Wave|p1a: Sandslash\n|-supereffective|p1a: Sandslash\n|-damage|p1a: Sandslash|0 fnt\n|faint|p1a: Sandslash\n|\n|-weather|Snow|[upkeep]\n|upkeep\n|\n|t:|1700520921\n|switch|p1a: Cetitan|Cetitan, M|100\/100\n|-damage|p1a: Cetitan|76\/100|[from] Stealth Rock\n|turn|7\n|\n|t:|1700520928\n|move|p1a: Cetitan|Earthquake|p2a: Chandelure\n|-supereffective|p2a: Chandelure\n|-damage|p2a: Chandelure|0 fnt\n|faint|p2a: Chandelure\n|\n|-weather|Snow|[upkeep]\n|upkeep\n|\n|t:|1700520932\n|switch|p2a: Torkoal|Torkoal, F|74\/100\n|-weather|SunnyDay|[from] ability: Drought|[of] p2a: Torkoal\n|turn|8\n|\n|t:|1700520945\n|switch|p1a: Slowking|Slowking-Galar, F|85\/100\n|-damage|p1a: Slowking|72\/100|[from] Stealth Rock\n|move|p2a: Torkoal|Flamethrower|p1a: Slowking\n|-damage|p1a: Slowking|30\/100\n|\n|-weather|SunnyDay|[upkeep]\n|upkeep\n|turn|9\n|\n|t:|1700520952\n|move|p1a: Slowking|Chilly Reception|p1a: Slowking\n|-weather|Snow\n|\n|t:|1700520957\n|switch|p1a: Indeedee|Indeedee, M|100\/100 slp|[from] Chilly Reception\n|-damage|p1a: Indeedee|88\/100 slp|[from] Stealth Rock\n|-fieldstart|move: Psychic Terrain|[from] ability: Psychic Surge|[of] p1a: Indeedee\n|move|p2a: Torkoal|Flamethrower|p1a: Indeedee\n|-damage|p1a: Indeedee|49\/100 slp\n|\n|-weather|Snow|[upkeep]\n|upkeep\n|turn|10\n|\n|t:|1700520968\n|switch|p2a: Great Tusk|Great Tusk|100\/100\n|cant|p1a: Indeedee|slp\n|\n|-weather|Snow|[upkeep]\n|upkeep\n|turn|11\n|\n|t:|1700520982\n|cant|p1a: Indeedee|slp\n|move|p2a: Great Tusk|Bulk Up|p2a: Great Tusk\n|-boost|p2a: Great Tusk|atk|1\n|-boost|p2a: Great Tusk|def|1\n|\n|-weather|Snow|[upkeep]\n|upkeep\n|turn|12\n|\n|t:|1700520992\n|-curestatus|p1a: Indeedee|slp|[msg]\n|move|p1a: Indeedee|Encore|p2a: Great Tusk\n|-start|p2a: Great Tusk|Encore\n|move|p2a: Great Tusk|Bulk Up|p2a: Great Tusk\n|-boost|p2a: Great Tusk|atk|1\n|-boost|p2a: Great Tusk|def|1\n|\n|-weather|Snow|[upkeep]\n|upkeep\n|turn|13\n|\n|t:|1700521002\n|switch|p1a: Moltres|Moltres-Galar|100\/100\n|-damage|p1a: Moltres|76\/100|[from] Stealth Rock\n|-end|p2a: Great Tusk|Protosynthesis|[silent]\n|switch|p2a: Torkoal|Torkoal, F|74\/100\n|-weather|SunnyDay|[from] ability: Drought|[of] p2a: Torkoal\n|\n|-weather|SunnyDay|[upkeep]\n|upkeep\n|turn|14\n|\n|t:|1700521021\n|move|p1a: Moltres|Agility|p1a: Moltres\n|-boost|p1a: Moltres|spe|2\n|move|p2a: Torkoal|Yawn|p1a: Moltres\n|-start|p1a: Moltres|move: Yawn|[of] p2a: Torkoal\n|\n|-weather|SunnyDay|[upkeep]\n|upkeep\n|turn|15\n|\n|t:|1700521030\n|move|p1a: Moltres|Fiery Wrath|p2a: Torkoal\n|-damage|p2a: Torkoal|22\/100\n|move|p2a: Torkoal|Flamethrower|p1a: Moltres\n|-damage|p1a: Moltres|26\/100\n|-ability|p1a: Moltres|Berserk|boost\n|-boost|p1a: Moltres|spa|1\n|-enditem|p1a: Moltres|Sitrus Berry|[eat]\n|-heal|p1a: Moltres|51\/100|[from] item: Sitrus Berry\n|\n|-weather|SunnyDay|[upkeep]\n|-end|p1a: Moltres|move: Yawn|[silent]\n|-status|p1a: Moltres|slp\n|upkeep\n|turn|16\n|\n|t:|1700521041\n|cant|p1a: Moltres|slp\n|move|p2a: Torkoal|Flamethrower|p1a: Moltres\n|-damage|p1a: Moltres|0 fnt\n|faint|p1a: Moltres\n|\n|-weather|SunnyDay|[upkeep]\n|-fieldend|move: Psychic Terrain\n|upkeep\n|\n|t:|1700521049\n|switch|p1a: Indeedee|Indeedee, M|49\/100\n|-damage|p1a: Indeedee|37\/100|[from] Stealth Rock\n|-fieldstart|move: Psychic Terrain|[from] ability: Psychic Surge|[of] p1a: Indeedee\n|turn|17\n|\n|t:|1700521055\n|move|p1a: Indeedee|Fake Out|p2a: Torkoal\n|-activate|p2a: Torkoal|move: Psychic Terrain\n|move|p2a: Torkoal|Flamethrower|p1a: Indeedee\n|-damage|p1a: Indeedee|0 fnt\n|faint|p1a: Indeedee\n|\n|-weather|SunnyDay|[upkeep]\n|upkeep\n|\n|t:|1700521064\n|switch|p1a: Slowking|Slowking-Galar, F|63\/100\n|-damage|p1a: Slowking|50\/100|[from] Stealth Rock\n|turn|18\n|\n|t:|1700521070\n|move|p1a: Slowking|Power Gem|p2a: Torkoal\n|-supereffective|p2a: Torkoal\n|-damage|p2a: Torkoal|0 fnt\n|faint|p2a: Torkoal\n|\n|-weather|SunnyDay|[upkeep]\n|upkeep\n|\n|t:|1700521077\n|switch|p2a: Ogerpon|Ogerpon-Wellspring, F|100\/100\n|turn|19\n|\n|t:|1700521080\n|move|p2a: Ogerpon|Knock Off|p1a: Slowking\n|-supereffective|p1a: Slowking\n|-damage|p1a: Slowking|0 fnt\n|-enditem|p1a: Slowking|Icy Rock|[from] move: Knock Off|[of] p2a: Ogerpon\n|faint|p1a: Slowking\n|\n|-weather|SunnyDay|[upkeep]\n|upkeep\n|\n|t:|1700521087\n|switch|p1a: Meowscarada|Meowscarada, M|100\/100\n|-damage|p1a: Meowscarada|88\/100|[from] Stealth Rock\n|turn|20\n|\n|t:|1700521098\n|-terastallize|p1a: Meowscarada|Grass\n|move|p2a: Ogerpon|Spiky Shield|p2a: Ogerpon\n|-singleturn|p2a: Ogerpon|move: Protect\n|move|p1a: Meowscarada|Flower Trick|p2a: Ogerpon\n|-activate|p2a: Ogerpon|move: Protect\n|\n|-weather|none\n|upkeep\n|turn|21\n|\n|t:|1700521111\n|switch|p2a: Zapdos|Zapdos|100\/100\n|move|p1a: Meowscarada|Flower Trick|p2a: Zapdos\n|-resisted|p2a: Zapdos\n|-crit|p2a: Zapdos\n|-damage|p2a: Zapdos|70\/100\n|\n|upkeep\n|turn|22\n|\n|t:|1700521121\n|move|p1a: Meowscarada|U-turn|p2a: Zapdos\n|-resisted|p2a: Zapdos\n|-damage|p2a: Zapdos|59\/100\n|\n|t:|1700521123\n|switch|p1a: Cetitan|Cetitan, M|76\/100|[from] U-turn\n|-damage|p1a: Cetitan|51\/100|[from] Stealth Rock\n|move|p2a: Zapdos|Air Cutter|p1a: Cetitan\n|-damage|p1a: Cetitan|12\/100\n|-enditem|p1a: Cetitan|Sitrus Berry|[eat]\n|-heal|p1a: Cetitan|37\/100|[from] item: Sitrus Berry\n|\n|upkeep\n|turn|23\n|\n|t:|1700521132\n|move|p1a: Cetitan|Ice Spinner|p2a: Zapdos\n|-supereffective|p2a: Zapdos\n|-damage|p2a: Zapdos|0 fnt\n|-status|p1a: Cetitan|par|[from] ability: Static|[of] p2a: Zapdos\n|-fieldend|move: Psychic Terrain\n|faint|p2a: Zapdos\n|\n|upkeep\n|\n|t:|1700521136\n|switch|p2a: Great Tusk|Great Tusk|100\/100\n|turn|24\n|\n|t:|1700521142\n|move|p2a: Great Tusk|Knock Off|p1a: Cetitan\n|-damage|p1a: Cetitan|12\/100 par\n|move|p1a: Cetitan|Play Rough|p2a: Great Tusk\n|-supereffective|p2a: Great Tusk\n|-damage|p2a: Great Tusk|62\/100\n|\n|upkeep\n|turn|25\n|\n|t:|1700521155\n|move|p2a: Great Tusk|Knock Off|p1a: Cetitan\n|-damage|p1a: Cetitan|0 fnt\n|faint|p1a: Cetitan\n|\n|upkeep\n|\n|t:|1700521159\n|switch|p1a: Meowscarada|Meowscarada, M, tera:Grass|88\/100\n|-damage|p1a: Meowscarada|76\/100|[from] Stealth Rock\n|turn|26\n|\n|t:|1700521165\n|move|p1a: Meowscarada|Flower Trick|p2a: Great Tusk\n|-supereffective|p2a: Great Tusk\n|-crit|p2a: Great Tusk\n|-damage|p2a: Great Tusk|0 fnt\n|faint|p2a: Great Tusk\n|-end|p2a: Great Tusk|Protosynthesis|[silent]\n|\n|upkeep\n|\n|t:|1700521169\n|switch|p2a: Ogerpon|Ogerpon-Wellspring, F|100\/100\n|turn|27\n|\n|t:|1700521179\n|move|p1a: Meowscarada|Flower Trick|p2a: Ogerpon\n|-crit|p2a: Ogerpon\n|-damage|p2a: Ogerpon|17\/100\n|move|p2a: Ogerpon|Knock Off|p1a: Meowscarada\n|-damage|p1a: Meowscarada|16\/100\n|-enditem|p1a: Meowscarada|Focus Sash|[from] move: Knock Off|[of] p2a: Ogerpon\n|\n|upkeep\n|turn|28\n|\n|t:|1700521188\n|move|p1a: Meowscarada|U-turn|p2a: Ogerpon\n|-supereffective|p2a: Ogerpon\n|-damage|p2a: Ogerpon|0 fnt\n|faint|p2a: Ogerpon\n|\n|upkeep\n|\n|t:|1700521191\n|switch|p2a: Rillaboom|Rillaboom, M|100\/100\n|-fieldstart|move: Grassy Terrain|[from] ability: Grassy Surge|[of] p2a: Rillaboom\n|turn|29\n|\n|t:|1700521199\n|-terastallize|p2a: Rillaboom|Grass\n|move|p2a: Rillaboom|Grassy Glide|p1a: Meowscarada\n|-resisted|p1a: Meowscarada\n|-damage|p1a: Meowscarada|0 fnt\n|faint|p1a: Meowscarada\n|\n|win|273_Kalstor\n|raw|FreeedTheDolfin's rating: 1117 &rarr; <strong>1093<\/strong><br \/>(-24 for losing)\n|raw|273_Kalstor's rating: 1132 &rarr; <strong>1156<\/strong><br \/>(+24 for winning)\n|l|\u2606FreeedTheDolfin\n","uploadtime":1700521487,"views":17,"p1id":"freeedthedolfin","p2id":"273kalstor","formatid":"gen9ou","rating":1093,"private":0,"password":""}