{"id":"gen9ou-2000431528","p1":"Firer","p2":"PLLV52 Macaxandre","format":"[Gen 9] OU","log":"|j|\u2606Firer\n|j|\u2606PLLV52 Macaxandre\n|t:|1701194247\n|gametype|singles\n|player|p1|Firer|palmer|1890\n|player|p2|PLLV52 Macaxandre|cynthia-gen4|1885\n|teamsize|p1|6\n|teamsize|p2|6\n|gen|9\n|tier|[Gen 9] OU\n|rated|\n|rule|Sleep Clause Mod: Limit one foe put to sleep\n|rule|Species Clause: Limit one of each Pok\u00e9mon\n|rule|OHKO Clause: OHKO moves are banned\n|rule|Evasion Items Clause: Evasion items are banned\n|rule|Evasion Moves Clause: Evasion moves are banned\n|rule|Endless Battle Clause: Forcing endless battles is banned\n|rule|HP Percentage Mod: HP is shown in percentages\n|clearpoke\n|poke|p1|Slowking-Galar, F|\n|poke|p1|Ogerpon-Cornerstone, F|\n|poke|p1|Tauros-Paldea-Blaze, M|\n|poke|p1|Salamence, F|\n|poke|p1|Samurott-Hisui, F|\n|poke|p1|Brambleghast, F|\n|poke|p2|Greninja-*, M|\n|poke|p2|Ogerpon-Cornerstone, F|\n|poke|p2|Hatterene, F|\n|poke|p2|Dragonite, F|\n|poke|p2|Ceruledge, F|\n|poke|p2|Glimmora, M|\n|teampreview\n|inactive|Battle timer is ON: inactive players will automatically lose when time's up. (requested by Firer)\n|j| stone xo\n|\n|t:|1701194264\n|start\n|switch|p1a: Ogerpon|Ogerpon-Cornerstone, F|100\/100\n|switch|p2a: Glimmora|Glimmora, M|100\/100\n|turn|1\n|j| rickzkk8\n|\n|t:|1701194269\n|move|p1a: Ogerpon|Ivy Cudgel|p2a: Glimmora|[anim] Ivy Cudgel Rock\n|-damage|p2a: Glimmora|24\/100\n|-activate|p2a: Glimmora|ability: Toxic Debris\n|-sidestart|p1: Firer|move: Toxic Spikes\n|move|p2a: Glimmora|Stealth Rock|p1a: Ogerpon\n|-sidestart|p1: Firer|move: Stealth Rock\n|\n|upkeep\n|turn|2\n|\n|t:|1701194287\n|move|p1a: Ogerpon|Ivy Cudgel|p2a: Glimmora|[anim] Ivy Cudgel Rock\n|-damage|p2a: Glimmora|0 fnt\n|-activate|p2a: Glimmora|ability: Toxic Debris\n|-sidestart|p1: Firer|move: Toxic Spikes\n|faint|p2a: Glimmora\n|\n|upkeep\n|\n|t:|1701194290\n|switch|p2a: Ceruledge|Ceruledge, F|100\/100\n|turn|3\n|j| PLLV52Kindy\n|j| basically_am_baby\n|inactive|Firer has 120 seconds left.\n|j| Jan7498\n|\n|t:|1701194342\n|move|p1a: Ogerpon|Ivy Cudgel|p2a: Ceruledge|[anim] Ivy Cudgel Rock\n|-supereffective|p2a: Ceruledge\n|-enditem|p2a: Ceruledge|Focus Sash\n|-damage|p2a: Ceruledge|1\/100\n|-ability|p2a: Ceruledge|Weak Armor|boost\n|-unboost|p2a: Ceruledge|def|1\n|-boost|p2a: Ceruledge|spe|2\n|move|p2a: Ceruledge|Swords Dance|p2a: Ceruledge\n|-boost|p2a: Ceruledge|atk|2\n|\n|upkeep\n|turn|4\n|j| Patatex\n|inactive|Firer has 90 seconds left.\n|\n|t:|1701194382\n|switch|p1a: Samurott|Samurott-Hisui, F|100\/100\n|move|p2a: Ceruledge|Destiny Bond|p2a: Ceruledge\n|-singlemove|p2a: Ceruledge|Destiny Bond\n|\n|upkeep\n|turn|5\n|inactive|Firer has 90 seconds left.\n|\n|t:|1701194393\n|move|p2a: Ceruledge|Bitter Blade|p1a: Samurott\n|-resisted|p1a: Samurott\n|-damage|p1a: Samurott|44\/100\n|-heal|p2a: Ceruledge|32\/100|[from] drain|[of] p1a: Samurott\n|move|p1a: Samurott|Ceaseless Edge|p2a: Ceruledge\n|-supereffective|p2a: Ceruledge\n|-damage|p2a: Ceruledge|0 fnt\n|-sidestart|p2: PLLV52 Macaxandre|Spikes\n|faint|p2a: Ceruledge\n|\n|upkeep\n|\n|t:|1701194402\n|switch|p2a: No check challenge|Ogerpon-Cornerstone, F|100\/100\n|-damage|p2a: No check challenge|88\/100|[from] Spikes\n|turn|6\n|inactive|Firer has 90 seconds left.\n|\n|t:|1701194421\n|move|p1a: Samurott|Sucker Punch|p2a: No check challenge\n|-damage|p2a: No check challenge|50\/100\n|move|p2a: No check challenge|Horn Leech|p1a: Samurott\n|-supereffective|p1a: Samurott\n|-damage|p1a: Samurott|0 fnt\n|-heal|p2a: No check challenge|73\/100|[from] drain|[of] p1a: Samurott\n|faint|p1a: Samurott\n|\n|upkeep\n|j| Ruinous Tusk\n|\n|t:|1701194450\n|switch|p1a: Slowking|Slowking-Galar, F|100\/100\n|-sideend|p1: Firer|move: Toxic Spikes|[of] p1a: Slowking\n|turn|7\n|\n|t:|1701194457\n|switch|p1a: Tauros|Tauros-Paldea-Blaze, M|100\/100\n|-damage|p1a: Tauros|88\/100|[from] Stealth Rock\n|-ability|p1a: Tauros|Intimidate|boost\n|-unboost|p2a: No check challenge|atk|1\n|move|p2a: No check challenge|Swords Dance|p2a: No check challenge\n|-boost|p2a: No check challenge|atk|2\n|\n|-heal|p1a: Tauros|94\/100|[from] item: Leftovers\n|upkeep\n|turn|8\n|\n|t:|1701194470\n|move|p2a: No check challenge|Ivy Cudgel|p1a: Tauros|[anim] Ivy Cudgel Rock\n|-damage|p1a: Tauros|38\/100\n|move|p1a: Tauros|Body Press|p2a: No check challenge\n|-supereffective|p2a: No check challenge\n|-damage|p2a: No check challenge|0 fnt\n|faint|p2a: No check challenge\n|\n|-heal|p1a: Tauros|44\/100|[from] item: Leftovers\n|upkeep\n|\n|t:|1701194481\n|switch|p2a: Greninja|Greninja, M|100\/100\n|-damage|p2a: Greninja|88\/100|[from] Spikes\n|turn|9\n|\n|t:|1701194497\n|move|p1a: Tauros|Protect|p1a: Tauros\n|-singleturn|p1a: Tauros|Protect\n|move|p2a: Greninja|Surf|p1a: Tauros\n|-activate|p1a: Tauros|move: Protect\n|\n|-heal|p1a: Tauros|50\/100|[from] item: Leftovers\n|upkeep\n|turn|10\n|\n|t:|1701194509\n|switch|p1a: Slowking|Slowking-Galar, F|100\/100\n|move|p2a: Greninja|Surf|p1a: Slowking\n|-damage|p1a: Slowking|68\/100\n|-damage|p2a: Greninja|78\/100|[from] item: Life Orb\n|\n|upkeep\n|turn|11\n|j| Partynparadise\n|j| Ran Kob\n|j| burgercute\n|j| AxCypher\n|inactive|Firer has 60 seconds left.\n|\n|t:|1701194552\n|move|p2a: Greninja|Dark Pulse|p1a: Slowking\n|-supereffective|p1a: Slowking\n|-damage|p1a: Slowking|12\/100\n|-damage|p2a: Greninja|69\/100|[from] item: Life Orb\n|cant|p1a: Slowking|flinch\n|\n|upkeep\n|turn|12\n|\n|t:|1701194564\n|move|p2a: Greninja|Dark Pulse|p1a: Slowking\n|-supereffective|p1a: Slowking\n|-crit|p1a: Slowking\n|-damage|p1a: Slowking|0 fnt\n|faint|p1a: Slowking\n|-ability|p2a: Greninja|Battle Bond|boost\n|-boost|p2a: Greninja|atk|1\n|-boost|p2a: Greninja|spa|1\n|-boost|p2a: Greninja|spe|1\n|-activate|p2a: Greninja|ability: Battle Bond\n|-damage|p2a: Greninja|59\/100|[from] item: Life Orb\n|\n|upkeep\n|\n|t:|1701194568\n|switch|p1a: Salamence|Salamence, F|100\/100\n|-ability|p1a: Salamence|Intimidate|boost\n|-unboost|p2a: Greninja|atk|1\n|turn|13\n|\n|t:|1701194580\n|-terastallize|p1a: Salamence|Steel\n|move|p2a: Greninja|Ice Beam|p1a: Salamence\n|-resisted|p1a: Salamence\n|-damage|p1a: Salamence|74\/100\n|-damage|p2a: Greninja|49\/100|[from] item: Life Orb\n|move|p1a: Salamence|Dragon Tail|p2a: Greninja\n|-damage|p2a: Greninja|11\/100\n|drag|p2a: Dragonite|Dragonite, F|100\/100\n|\n|upkeep\n|turn|14\n|l| basically_am_baby\n|inactive|Firer has 60 seconds left.\n|\n|t:|1701194592\n|move|p1a: Salamence|Hurricane|p2a: Dragonite\n|-damage|p2a: Dragonite|80\/100\n|move|p2a: Dragonite|Encore|p1a: Salamence\n|-start|p1a: Salamence|Encore\n|\n|-heal|p2a: Dragonite|86\/100|[from] item: Leftovers\n|upkeep\n|turn|15\n|inactive|Firer has 60 seconds left.\n|\n|t:|1701194623\n|switch|p1a: Brambleghast|Brambleghast, F|100\/100\n|move|p2a: Dragonite|Dragon Dance|p2a: Dragonite\n|-boost|p2a: Dragonite|atk|1\n|-boost|p2a: Dragonite|spe|1\n|\n|-heal|p2a: Dragonite|92\/100|[from] item: Leftovers\n|upkeep\n|turn|16\n|\n|t:|1701194634\n|move|p2a: Dragonite|Dragon Dance|p2a: Dragonite\n|-boost|p2a: Dragonite|atk|1\n|-boost|p2a: Dragonite|spe|1\n|move|p1a: Brambleghast|Poltergeist|p2a: Dragonite\n|-activate|p2a: Dragonite|move: Poltergeist|Leftovers\n|-damage|p2a: Dragonite|43\/100\n|\n|-heal|p2a: Dragonite|49\/100|[from] item: Leftovers\n|upkeep\n|turn|17\n|\n|t:|1701194644\n|move|p2a: Dragonite|Fly||[still]\n|-prepare|p2a: Dragonite|Fly\n|move|p1a: Brambleghast|Poltergeist|p2a: Dragonite|[miss]\n|-miss|p1a: Brambleghast|p2a: Dragonite\n|\n|-heal|p2a: Dragonite|56\/100|[from] item: Leftovers\n|upkeep\n|turn|18\n|inactive|Firer has 60 seconds left.\n|c|\u2606Firer|the heck\n|\n|t:|1701194653\n|switch|p1a: Salamence|Salamence, F, tera:Steel|74\/100\n|-ability|p1a: Salamence|Intimidate|boost\n|-unboost|p2a: Dragonite|atk|1\n|move|p2a: Dragonite|Fly|p1a: Salamence|[from]lockedmove\n|-resisted|p1a: Salamence\n|-damage|p1a: Salamence|36\/100\n|\n|-heal|p2a: Dragonite|62\/100|[from] item: Leftovers\n|upkeep\n|turn|19\n|inactive|Firer has 60 seconds left.\n|\n|t:|1701194671\n|move|p2a: Dragonite|Fly||[still]\n|-prepare|p2a: Dragonite|Fly\n|move|p1a: Salamence|Roost|p1a: Salamence\n|-heal|p1a: Salamence|86\/100\n|\n|-heal|p2a: Dragonite|68\/100|[from] item: Leftovers\n|upkeep\n|turn|20\n|\n|t:|1701194674\n|move|p2a: Dragonite|Fly|p1a: Salamence|[from]lockedmove\n|-resisted|p1a: Salamence\n|-damage|p1a: Salamence|52\/100\n|move|p1a: Salamence|Dragon Tail|p2a: Dragonite\n|-supereffective|p2a: Dragonite\n|-damage|p2a: Dragonite|24\/100\n|drag|p2a: Greninja|Greninja, M|11\/100\n|-damage|p2a: Greninja|0 fnt|[from] Spikes\n|faint|p2a: Greninja\n|\n|upkeep\n|\n|t:|1701194681\n|switch|p2a: tu ne passera pas|Hatterene, F|100\/100\n|-damage|p2a: tu ne passera pas|88\/100|[from] Spikes\n|turn|21\n|c|\u2606PLLV52 Macaxandre|why i not t\u00e9ra\n|j| Arkhenys\n|\n|t:|1701194698\n|move|p1a: Salamence|Hurricane|p2a: tu ne passera pas|[miss]\n|-miss|p1a: Salamence|p2a: tu ne passera pas\n|move|p2a: tu ne passera pas|Calm Mind|p2a: tu ne passera pas\n|-boost|p2a: tu ne passera pas|spa|1\n|-boost|p2a: tu ne passera pas|spd|1\n|\n|-heal|p2a: tu ne passera pas|94\/100|[from] item: Leftovers\n|upkeep\n|turn|22\n|c| Patatex|on sent que t'es fran\u00e7ais l\u00e0\n|\n|t:|1701194706\n|move|p1a: Salamence|Hurricane|p2a: tu ne passera pas|[miss]\n|-miss|p1a: Salamence|p2a: tu ne passera pas\n|move|p2a: tu ne passera pas|Calm Mind|p2a: tu ne passera pas\n|-boost|p2a: tu ne passera pas|spa|1\n|-boost|p2a: tu ne passera pas|spd|1\n|\n|-heal|p2a: tu ne passera pas|100\/100|[from] item: Leftovers\n|upkeep\n|turn|23\n|\n|t:|1701194712\n|move|p1a: Salamence|Hurricane|p2a: tu ne passera pas\n|-damage|p2a: tu ne passera pas|78\/100\n|move|p2a: tu ne passera pas|Calm Mind|p2a: tu ne passera pas\n|-boost|p2a: tu ne passera pas|spa|1\n|-boost|p2a: tu ne passera pas|spd|1\n|\n|-heal|p2a: tu ne passera pas|85\/100|[from] item: Leftovers\n|upkeep\n|turn|24\n|\n|t:|1701194716\n|move|p1a: Salamence|Hurricane|p2a: tu ne passera pas\n|-damage|p2a: tu ne passera pas|67\/100\n|move|p2a: tu ne passera pas|Calm Mind|p2a: tu ne passera pas\n|-boost|p2a: tu ne passera pas|spa|1\n|-boost|p2a: tu ne passera pas|spd|1\n|\n|-heal|p2a: tu ne passera pas|73\/100|[from] item: Leftovers\n|upkeep\n|turn|25\n|\n|t:|1701194724\n|move|p1a: Salamence|Hurricane|p2a: tu ne passera pas\n|-damage|p2a: tu ne passera pas|57\/100\n|-start|p2a: tu ne passera pas|confusion\n|-activate|p2a: tu ne passera pas|confusion\n|-damage|p2a: tu ne passera pas|51\/100|[from] confusion\n|\n|-heal|p2a: tu ne passera pas|58\/100|[from] item: Leftovers\n|upkeep\n|turn|26\n|j| dttd\n|\n|t:|1701194729\n|move|p1a: Salamence|Hurricane|p2a: tu ne passera pas\n|-crit|p2a: tu ne passera pas\n|-damage|p2a: tu ne passera pas|0 fnt\n|faint|p2a: tu ne passera pas\n|\n|upkeep\n|c|\u2606PLLV52 Macaxandre|wp you are better\n|\n|t:|1701194741\n|switch|p2a: Dragonite|Dragonite, F|24\/100\n|turn|27\n|l| Patatex\n|\n|t:|1701194755\n|switch|p1a: Brambleghast|Brambleghast, F|100\/100\n|-terastallize|p2a: Dragonite|Flying\n|move|p2a: Dragonite|Roost|p2a: Dragonite\n|-heal|p2a: Dragonite|74\/100\n|-hint|If a Flying Terastallized Pokemon uses Roost, it remains Flying-type.\n|\n|-heal|p2a: Dragonite|81\/100|[from] item: Leftovers\n|upkeep\n|turn|28\n|\n|t:|1701194761\n|move|p1a: Brambleghast|Poltergeist|p2a: Dragonite|[miss]\n|-miss|p1a: Brambleghast|p2a: Dragonite\n|move|p2a: Dragonite|Roost|p2a: Dragonite\n|-heal|p2a: Dragonite|100\/100\n|-hint|If a Flying Terastallized Pokemon uses Roost, it remains Flying-type.\n|\n|upkeep\n|turn|29\n|\n|t:|1701194769\n|move|p1a: Brambleghast|Rapid Spin|p2a: Dragonite\n|-damage|p2a: Dragonite|94\/100\n|-boost|p1a: Brambleghast|spe|1\n|-sideend|p1: Firer|Stealth Rock|[from] move: Rapid Spin|[of] p1a: Brambleghast\n|move|p2a: Dragonite|Dragon Dance|p2a: Dragonite\n|-boost|p2a: Dragonite|atk|1\n|-boost|p2a: Dragonite|spe|1\n|\n|-heal|p2a: Dragonite|99\/100|[from] item: Leftovers\n|upkeep\n|turn|30\n|j| vanthoci\n|\n|t:|1701194776\n|move|p1a: Brambleghast|Poltergeist|p2a: Dragonite\n|-activate|p2a: Dragonite|move: Poltergeist|Leftovers\n|-damage|p2a: Dragonite|51\/100\n|move|p2a: Dragonite|Dragon Dance|p2a: Dragonite\n|-boost|p2a: Dragonite|atk|1\n|-boost|p2a: Dragonite|spe|1\n|\n|-heal|p2a: Dragonite|57\/100|[from] item: Leftovers\n|upkeep\n|turn|31\n|\n|t:|1701194796\n|move|p1a: Brambleghast|Rapid Spin|p2a: Dragonite\n|-damage|p2a: Dragonite|41\/100\n|-boost|p1a: Brambleghast|spe|1\n|move|p2a: Dragonite|Roost|p2a: Dragonite\n|-heal|p2a: Dragonite|91\/100\n|-hint|If a Flying Terastallized Pokemon uses Roost, it remains Flying-type.\n|\n|-heal|p2a: Dragonite|98\/100|[from] item: Leftovers\n|upkeep\n|turn|32\n|l| Jan7498\n|\n|t:|1701194805\n|move|p1a: Brambleghast|Rapid Spin|p2a: Dragonite\n|-crit|p2a: Dragonite\n|-damage|p2a: Dragonite|73\/100\n|-boost|p1a: Brambleghast|spe|1\n|move|p2a: Dragonite|Fly||[still]\n|-prepare|p2a: Dragonite|Fly\n|\n|-heal|p2a: Dragonite|79\/100|[from] item: Leftovers\n|upkeep\n|turn|33\n|\n|t:|1701194812\n|move|p1a: Brambleghast|Strength Sap|p2a: Dragonite|[miss]\n|-miss|p1a: Brambleghast|p2a: Dragonite\n|move|p2a: Dragonite|Fly|p1a: Brambleghast|[from]lockedmove\n|-supereffective|p1a: Brambleghast\n|-damage|p1a: Brambleghast|0 fnt\n|faint|p1a: Brambleghast\n|\n|-heal|p2a: Dragonite|85\/100|[from] item: Leftovers\n|upkeep\n|\n|t:|1701194814\n|switch|p1a: Ogerpon|Ogerpon-Cornerstone, F|100\/100\n|turn|34\n|\n|t:|1701194824\n|move|p2a: Dragonite|Fly||[still]\n|-prepare|p2a: Dragonite|Fly\n|move|p1a: Ogerpon|Ivy Cudgel|p2a: Dragonite|[anim] Ivy Cudgel Rock|[miss]\n|-miss|p1a: Ogerpon|p2a: Dragonite\n|\n|-heal|p2a: Dragonite|91\/100|[from] item: Leftovers\n|upkeep\n|turn|35\n|\n|t:|1701194829\n|move|p2a: Dragonite|Fly|p1a: Ogerpon|[from]lockedmove\n|-ability|p1a: Ogerpon|Sturdy\n|-damage|p1a: Ogerpon|1\/100\n|move|p1a: Ogerpon|Ivy Cudgel|p2a: Dragonite|[anim] Ivy Cudgel Rock\n|-supereffective|p2a: Dragonite\n|-damage|p2a: Dragonite|0 fnt\n|faint|p2a: Dragonite\n|\n|win|Firer\n|raw|Firer's rating: 1890 &rarr; <strong>1910<\/strong><br \/>(+20 for winning)\n|raw|PLLV52 Macaxandre's rating: 1885 &rarr; <strong>1865<\/strong><br \/>(-20 for losing)\n|c|\u2606PLLV52 Macaxandre|gg for crit\n|l| dttd\n","uploadtime":1701194844,"views":8,"p1id":"firer","p2id":"pllv52macaxandre","formatid":"gen9ou","rating":1865,"private":0,"password":""}