{"id":"gen9ou-1997469382","p1":"TheZalmancer","p2":"Eliprogamer","format":"[Gen 9] OU","log":"|j|\u2606TheZalmancer\n|j|\u2606Eliprogamer\n|t:|1700810845\n|gametype|singles\n|player|p1|TheZalmancer|skyla|1338\n|player|p2|Eliprogamer|biker-gen4|1360\n|teamsize|p1|6\n|teamsize|p2|6\n|gen|9\n|tier|[Gen 9] OU\n|rated|\n|rule|Sleep Clause Mod: Limit one foe put to sleep\n|rule|Species Clause: Limit one of each Pok\u00e9mon\n|rule|OHKO Clause: OHKO moves are banned\n|rule|Evasion Items Clause: Evasion items are banned\n|rule|Evasion Moves Clause: Evasion moves are banned\n|rule|Endless Battle Clause: Forcing endless battles is banned\n|rule|HP Percentage Mod: HP is shown in percentages\n|clearpoke\n|poke|p1|Ogerpon-Wellspring, F|\n|poke|p1|Ninetales-Alola, F|\n|poke|p1|Corviknight, F|\n|poke|p1|Slowking-Galar, F|\n|poke|p1|Iron Moth|\n|poke|p1|Zamazenta-*|\n|poke|p2|Mamoswine, F|\n|poke|p2|Corviknight, M|\n|poke|p2|Staraptor, M|\n|poke|p2|Cinderace, M|\n|poke|p2|Clodsire, F|\n|poke|p2|Greninja-*, F|\n|teampreview\n|\n|t:|1700810852\n|start\n|switch|p1a: Zamazenta|Zamazenta|100\/100\n|switch|p2a: Cinderace|Cinderace, M|100\/100\n|-ability|p1a: Zamazenta|Dauntless Shield|boost\n|-boost|p1a: Zamazenta|def|1\n|turn|1\n|inactive|Battle timer is ON: inactive players will automatically lose when time's up. (requested by Eliprogamer)\n|\n|t:|1700810863\n|switch|p2a: Corviknight|Corviknight, M|100\/100\n|-ability|p2a: Corviknight|Pressure\n|move|p1a: Zamazenta|Close Combat|p2a: Corviknight\n|-damage|p2a: Corviknight|52\/100\n|-unboost|p1a: Zamazenta|def|1\n|-unboost|p1a: Zamazenta|spd|1\n|-damage|p1a: Zamazenta|84\/100|[from] item: Rocky Helmet|[of] p2a: Corviknight\n|\n|upkeep\n|turn|2\n|\n|t:|1700810873\n|switch|p1a: Slowking|Slowking-Galar, F|100\/100\n|move|p2a: Corviknight|U-turn|p1a: Slowking\n|-damage|p1a: Slowking|85\/100\n|\n|t:|1700810875\n|switch|p2a: r\/chonkers|Mamoswine, F|100\/100|[from] U-turn\n|\n|-heal|p1a: Slowking|91\/100|[from] item: Leftovers\n|upkeep\n|turn|3\n|\n|t:|1700810880\n|switch|p1a: Corviknight|Corviknight, F, shiny|100\/100\n|-ability|p1a: Corviknight|Pressure\n|move|p2a: r\/chonkers|Knock Off|p1a: Corviknight\n|-damage|p1a: Corviknight|68\/100\n|-enditem|p1a: Corviknight|Leftovers|[from] move: Knock Off|[of] p2a: r\/chonkers\n|-damage|p2a: r\/chonkers|91\/100|[from] item: Life Orb\n|\n|upkeep\n|turn|4\n|\n|t:|1700810887\n|switch|p2a: Cinderace|Cinderace, M|100\/100\n|move|p1a: Corviknight|U-turn|p2a: Cinderace\n|-resisted|p2a: Cinderace\n|-damage|p2a: Cinderace|91\/100\n|\n|t:|1700810896\n|switch|p1a: Zamazenta|Zamazenta|84\/100|[from] U-turn\n|\n|upkeep\n|turn|5\n|\n|t:|1700810900\n|switch|p2a: Corviknight|Corviknight, M|52\/100\n|-ability|p2a: Corviknight|Pressure\n|move|p1a: Zamazenta|Close Combat|p2a: Corviknight\n|-damage|p2a: Corviknight|0 fnt\n|-unboost|p1a: Zamazenta|def|1\n|-unboost|p1a: Zamazenta|spd|1\n|-damage|p1a: Zamazenta|67\/100|[from] item: Rocky Helmet|[of] p2a: Corviknight\n|faint|p2a: Corviknight\n|\n|upkeep\n|\n|t:|1700810907\n|switch|p2a: Staraptor|Staraptor, M|100\/100\n|turn|6\n|\n|t:|1700810912\n|switch|p1a: Corviknight|Corviknight, F, shiny|68\/100\n|-ability|p1a: Corviknight|Pressure\n|move|p2a: Staraptor|Brave Bird|p1a: Corviknight\n|-resisted|p1a: Corviknight\n|-damage|p1a: Corviknight|48\/100\n|-damage|p2a: Staraptor|92\/100|[from] Recoil\n|\n|upkeep\n|turn|7\n|\n|t:|1700810918\n|switch|p2a: Cinderace|Cinderace, M|91\/100\n|move|p1a: Corviknight|U-turn|p2a: Cinderace\n|-resisted|p2a: Cinderace\n|-damage|p2a: Cinderace|81\/100\n|\n|t:|1700810921\n|switch|p1a: Zamazenta|Zamazenta|67\/100|[from] U-turn\n|\n|upkeep\n|turn|8\n|\n|t:|1700810926\n|switch|p2a: Clodsire|Clodsire, F|100\/100\n|move|p1a: Zamazenta|Close Combat|p2a: Clodsire\n|-resisted|p2a: Clodsire\n|-damage|p2a: Clodsire|54\/100\n|-unboost|p1a: Zamazenta|def|1\n|-unboost|p1a: Zamazenta|spd|1\n|\n|-heal|p2a: Clodsire|60\/100|[from] item: Leftovers\n|upkeep\n|turn|9\n|\n|t:|1700810932\n|switch|p1a: Ninetales|Ninetales-Alola, F, shiny|100\/100\n|-weather|Snow|[from] ability: Snow Warning|[of] p1a: Ninetales\n|move|p2a: Clodsire|Stealth Rock|p1a: Ninetales\n|-sidestart|p1: TheZalmancer|move: Stealth Rock\n|\n|-weather|Snow|[upkeep]\n|-heal|p2a: Clodsire|66\/100|[from] item: Leftovers\n|upkeep\n|turn|10\n|\n|t:|1700810937\n|switch|p2a: r\/chonkers|Mamoswine, F|91\/100\n|move|p1a: Ninetales|Aurora Veil|p1a: Ninetales\n|-sidestart|p1: TheZalmancer|move: Aurora Veil\n|\n|-weather|Snow|[upkeep]\n|upkeep\n|turn|11\n|\n|t:|1700810947\n|switch|p1a: Ogerpon|Ogerpon-Wellspring, F|100\/100\n|-damage|p1a: Ogerpon|88\/100|[from] Stealth Rock\n|move|p2a: r\/chonkers|Earthquake|p1a: Ogerpon\n|-resisted|p1a: Ogerpon\n|-damage|p1a: Ogerpon|64\/100\n|-damage|p2a: r\/chonkers|81\/100|[from] item: Life Orb\n|\n|-weather|Snow|[upkeep]\n|upkeep\n|turn|12\n|\n|t:|1700810955\n|switch|p2a: Clodsire|Clodsire, F|66\/100\n|move|p1a: Ogerpon|Swords Dance|p1a: Ogerpon\n|-boost|p1a: Ogerpon|atk|2\n|\n|-weather|Snow|[upkeep]\n|-heal|p2a: Clodsire|72\/100|[from] item: Leftovers\n|upkeep\n|turn|13\n|l|\u2606Eliprogamer\n|inactive|Eliprogamer disconnected and has a minute to reconnect!\n|player|p2|\n|inactive|Eliprogamer has 30 seconds to reconnect!\n|inactive|Eliprogamer has 20 seconds to reconnect!\n|inactive|Eliprogamer has 15 seconds to reconnect!\n|inactive|Eliprogamer has 10 seconds to reconnect!\n|inactive|Eliprogamer has 5 seconds to reconnect!\n|-message|Eliprogamer lost due to inactivity.\n|\n|win|TheZalmancer\n|raw|TheZalmancer's rating: 1338 &rarr; <strong>1359<\/strong><br \/>(+21 for winning)\n|raw|Eliprogamer's rating: 1360 &rarr; <strong>1339<\/strong><br \/>(-21 for losing)\n|c|\u2606TheZalmancer|ggs\n","uploadtime":1700811027,"views":6,"p1id":"thezalmancer","p2id":"eliprogamer","formatid":"gen9ou","rating":1339,"private":0,"password":""}