{"id":"gen9ou-1999750066","p1":"WAIT IM GOATED","p2":"Hold DEEZNUUTZ","format":"[Gen 9] OU","log":"|j|\u2606WAIT IM GOATED\n|j|\u2606Hold DEEZNUUTZ\n|t:|1701113351\n|gametype|singles\n|player|p1|WAIT IM GOATED|170|1385\n|player|p2|Hold DEEZNUUTZ|cyclist|1454\n|teamsize|p1|6\n|teamsize|p2|6\n|gen|9\n|tier|[Gen 9] OU\n|rated|\n|rule|Sleep Clause Mod: Limit one foe put to sleep\n|rule|Species Clause: Limit one of each Pok\u00e9mon\n|rule|OHKO Clause: OHKO moves are banned\n|rule|Evasion Items Clause: Evasion items are banned\n|rule|Evasion Moves Clause: Evasion moves are banned\n|rule|Endless Battle Clause: Forcing endless battles is banned\n|rule|HP Percentage Mod: HP is shown in percentages\n|clearpoke\n|poke|p1|Weavile, M|\n|poke|p1|Dragapult, M|\n|poke|p1|Heatran, M|\n|poke|p1|Great Tusk|\n|poke|p1|Amoonguss, M|\n|poke|p1|Enamorus, F|\n|poke|p2|Corviknight, F|\n|poke|p2|Dragapult, F|\n|poke|p2|Hatterene, F|\n|poke|p2|Chansey, F|\n|poke|p2|Slowking-Galar, M|\n|poke|p2|Meowscarada, F|\n|teampreview\n|inactive|Battle timer is ON: inactive players will automatically lose when time's up. (requested by Hold DEEZNUUTZ)\n|inactive|WAIT IM GOATED also wants the timer to be on.\n|\n|t:|1701113362\n|start\n|switch|p1a: Dragapult|Dragapult, M|100\/100\n|switch|p2a: Chansey|Chansey, F|100\/100\n|turn|1\n|\n|t:|1701113366\n|move|p1a: Dragapult|U-turn|p2a: Chansey\n|-damage|p2a: Chansey|88\/100\n|\n|t:|1701113369\n|switch|p1a: Great Tusk|Great Tusk|100\/100|[from] U-turn\n|move|p2a: Chansey|Stealth Rock|p1a: Great Tusk\n|-sidestart|p1: WAIT IM GOATED|move: Stealth Rock\n|\n|upkeep\n|turn|2\n|\n|t:|1701113379\n|switch|p2a: Corviknight|Corviknight, F|100\/100\n|-ability|p2a: Corviknight|Pressure\n|move|p1a: Great Tusk|Ice Spinner|p2a: Corviknight\n|-damage|p2a: Corviknight|81\/100\n|\n|-heal|p2a: Corviknight|87\/100|[from] item: Leftovers\n|upkeep\n|turn|3\n|\n|t:|1701113388\n|switch|p2a: Dragapult|Dragapult, F|100\/100\n|move|p1a: Great Tusk|Rapid Spin|p2a: Dragapult\n|-immune|p2a: Dragapult\n|\n|upkeep\n|turn|4\n|\n|t:|1701113397\n|move|p2a: Dragapult|Will-O-Wisp|p1a: Great Tusk\n|-status|p1a: Great Tusk|brn\n|move|p1a: Great Tusk|Ice Spinner|p2a: Dragapult\n|-supereffective|p2a: Dragapult\n|-damage|p2a: Dragapult|65\/100\n|\n|-heal|p2a: Dragapult|71\/100|[from] item: Leftovers\n|-damage|p1a: Great Tusk|94\/100 brn|[from] brn\n|upkeep\n|turn|5\n|\n|t:|1701113401\n|-end|p1a: Great Tusk|Protosynthesis|[silent]\n|switch|p1a: Heatran|Heatran, M|100\/100\n|-damage|p1a: Heatran|88\/100|[from] Stealth Rock\n|-item|p1a: Heatran|Air Balloon\n|move|p2a: Dragapult|Hex|p1a: Heatran\n|-damage|p1a: Heatran|67\/100\n|-enditem|p1a: Heatran|Air Balloon\n|\n|-heal|p2a: Dragapult|77\/100|[from] item: Leftovers\n|upkeep\n|turn|6\n|\n|t:|1701113405\n|move|p2a: Dragapult|Substitute|p2a: Dragapult\n|-start|p2a: Dragapult|Substitute\n|-damage|p2a: Dragapult|52\/100\n|move|p1a: Heatran|Magma Storm|p2a: Dragapult\n|-resisted|p2a: Dragapult\n|-end|p2a: Dragapult|Substitute\n|\n|-heal|p2a: Dragapult|58\/100|[from] item: Leftovers\n|upkeep\n|turn|7\n|\n|t:|1701113408\n|move|p2a: Dragapult|Substitute|p2a: Dragapult\n|-start|p2a: Dragapult|Substitute\n|-damage|p2a: Dragapult|34\/100\n|move|p1a: Heatran|Magma Storm|p2a: Dragapult|[miss]\n|-miss|p1a: Heatran|p2a: Dragapult\n|\n|-heal|p2a: Dragapult|40\/100|[from] item: Leftovers\n|upkeep\n|turn|8\n|c|\u2606Hold DEEZNUUTZ|miss\n|c|\u2606Hold DEEZNUUTZ|see\n|\n|t:|1701113415\n|move|p2a: Dragapult|Thunder Wave|p1a: Heatran\n|-status|p1a: Heatran|par\n|move|p1a: Heatran|Earth Power|p2a: Dragapult\n|-end|p2a: Dragapult|Substitute\n|\n|-heal|p2a: Dragapult|46\/100|[from] item: Leftovers\n|upkeep\n|turn|9\n|\n|t:|1701113418\n|move|p2a: Dragapult|Substitute|p2a: Dragapult\n|-start|p2a: Dragapult|Substitute\n|-damage|p2a: Dragapult|21\/100\n|move|p1a: Heatran|Earth Power|p2a: Dragapult\n|-end|p2a: Dragapult|Substitute\n|\n|-heal|p2a: Dragapult|27\/100|[from] item: Leftovers\n|upkeep\n|turn|10\n|c|\u2606Hold DEEZNUUTZ|miss\n|\n|t:|1701113424\n|move|p2a: Dragapult|Substitute|p2a: Dragapult\n|-start|p2a: Dragapult|Substitute\n|-damage|p2a: Dragapult|3\/100\n|move|p1a: Heatran|Earth Power|p2a: Dragapult\n|-end|p2a: Dragapult|Substitute\n|\n|-heal|p2a: Dragapult|9\/100|[from] item: Leftovers\n|upkeep\n|turn|11\n|\n|t:|1701113429\n|switch|p2a: Chansey|Chansey, F|88\/100\n|move|p1a: Heatran|Earth Power|p2a: Chansey\n|-damage|p2a: Chansey|77\/100\n|\n|upkeep\n|turn|12\n|c|\u2606Hold DEEZNUUTZ|kek\n|\n|t:|1701113435\n|move|p2a: Chansey|Seismic Toss|p1a: Heatran\n|-damage|p1a: Heatran|39\/100 par\n|move|p1a: Heatran|Stealth Rock|p2a: Chansey\n|-sidestart|p2: Hold DEEZNUUTZ|move: Stealth Rock\n|\n|upkeep\n|turn|13\n|\n|t:|1701113442\n|switch|p1a: Weavile|Weavile, M|100\/100\n|-damage|p1a: Weavile|76\/100|[from] Stealth Rock\n|move|p2a: Chansey|Seismic Toss|p1a: Weavile\n|-damage|p1a: Weavile|40\/100\n|\n|upkeep\n|turn|14\n|\n|t:|1701113446\n|move|p1a: Weavile|Knock Off|p2a: Chansey\n|-damage|p2a: Chansey|46\/100\n|-enditem|p2a: Chansey|Eviolite|[from] move: Knock Off|[of] p1a: Weavile\n|move|p2a: Chansey|Thunder Wave|p1a: Weavile|[miss]\n|-miss|p2a: Chansey|p1a: Weavile\n|\n|upkeep\n|turn|15\n|\n|t:|1701113452\n|move|p1a: Weavile|Icicle Crash|p2a: Chansey\n|-damage|p2a: Chansey|0 fnt\n|faint|p2a: Chansey\n|\n|upkeep\n|c|\u2606Hold DEEZNUUTZ|bad\n|c|\u2606Hold DEEZNUUTZ|n lucky\n|\n|t:|1701113461\n|switch|p2a: Corviknight|Corviknight, F|87\/100\n|-damage|p2a: Corviknight|75\/100|[from] Stealth Rock\n|-ability|p2a: Corviknight|Pressure\n|turn|16\n|\n|t:|1701113472\n|switch|p1a: Heatran|Heatran, M|39\/100 par\n|-damage|p1a: Heatran|27\/100 par|[from] Stealth Rock\n|move|p2a: Corviknight|Defog|p1a: Heatran\n|-unboost|p1a: Heatran|evasion|1\n|-sideend|p1: WAIT IM GOATED|Stealth Rock|[from] move: Defog|[of] p2a: Corviknight\n|-sideend|p2: Hold DEEZNUUTZ|Stealth Rock|[from] move: Defog|[of] p2a: Corviknight\n|\n|-heal|p2a: Corviknight|81\/100|[from] item: Leftovers\n|upkeep\n|turn|17\n|c|\u2606Hold DEEZNUUTZ|para\n|\n|t:|1701113479\n|move|p2a: Corviknight|Body Press|p1a: Heatran\n|-supereffective|p1a: Heatran\n|-damage|p1a: Heatran|0 fnt\n|faint|p1a: Heatran\n|\n|-heal|p2a: Corviknight|87\/100|[from] item: Leftovers\n|upkeep\n|c|\u2606Hold DEEZNUUTZ|steeel\n|\n|t:|1701113486\n|switch|p1a: Dragapult|Dragapult, M|100\/100\n|turn|18\n|\n|t:|1701113495\n|move|p1a: Dragapult|Hex|p2a: Corviknight\n|-damage|p2a: Corviknight|59\/100\n|move|p2a: Corviknight|Roost|p2a: Corviknight\n|-heal|p2a: Corviknight|100\/100\n|-singleturn|p2a: Corviknight|move: Roost\n|\n|upkeep\n|turn|19\n|\n|t:|1701113506\n|move|p1a: Dragapult|Thunder Wave|p2a: Corviknight|[miss]\n|-miss|p1a: Dragapult|p2a: Corviknight\n|move|p2a: Corviknight|Body Press|p1a: Dragapult\n|-immune|p1a: Dragapult\n|\n|upkeep\n|turn|20\n|c|\u2606Hold DEEZNUUTZ|this boy copy my set\n|\n|t:|1701113518\n|switch|p2a: Hatterene|Hatterene, F|100\/100\n|move|p1a: Dragapult|U-turn|p2a: Hatterene\n|-damage|p2a: Hatterene|84\/100\n|\n|t:|1701113524\n|switch|p1a: Enamorus|Enamorus, F|100\/100|[from] U-turn\n|\n|-heal|p2a: Hatterene|90\/100|[from] item: Leftovers\n|upkeep\n|turn|21\n|\n|t:|1701113527\n|move|p1a: Enamorus|Calm Mind|p1a: Enamorus\n|-boost|p1a: Enamorus|spa|1\n|-boost|p1a: Enamorus|spd|1\n|move|p2a: Hatterene|Trick Room|p2a: Hatterene\n|-fieldstart|move: Trick Room|[of] p2a: Hatterene\n|\n|-heal|p2a: Hatterene|96\/100|[from] item: Leftovers\n|upkeep\n|turn|22\n|\n|t:|1701113534\n|move|p2a: Hatterene|Calm Mind|p2a: Hatterene\n|-boost|p2a: Hatterene|spa|1\n|-boost|p2a: Hatterene|spd|1\n|move|p1a: Enamorus|Calm Mind|p1a: Enamorus\n|-boost|p1a: Enamorus|spa|1\n|-boost|p1a: Enamorus|spd|1\n|\n|-heal|p2a: Hatterene|100\/100|[from] item: Leftovers\n|upkeep\n|turn|23\n|c|\u2606Hold DEEZNUUTZ|counter?\n|\n|t:|1701113538\n|move|p2a: Hatterene|Calm Mind|p2a: Hatterene\n|-boost|p2a: Hatterene|spa|1\n|-boost|p2a: Hatterene|spd|1\n|move|p1a: Enamorus|Calm Mind|p1a: Enamorus\n|-boost|p1a: Enamorus|spa|1\n|-boost|p1a: Enamorus|spd|1\n|\n|upkeep\n|turn|24\n|\n|t:|1701113549\n|move|p2a: Hatterene|Stored Power|p1a: Enamorus\n|-damage|p1a: Enamorus|53\/100\n|move|p1a: Enamorus|Calm Mind|p1a: Enamorus\n|-boost|p1a: Enamorus|spa|1\n|-boost|p1a: Enamorus|spd|1\n|\n|upkeep\n|turn|25\n|\n|t:|1701113560\n|-terastallize|p1a: Enamorus|Steel\n|move|p2a: Hatterene|Stored Power|p1a: Enamorus\n|-resisted|p1a: Enamorus\n|-damage|p1a: Enamorus|33\/100\n|move|p1a: Enamorus|Moonblast|p2a: Hatterene\n|-damage|p2a: Hatterene|23\/100\n|\n|-heal|p2a: Hatterene|29\/100|[from] item: Leftovers\n|-fieldend|move: Trick Room\n|upkeep\n|turn|26\n|\n|t:|1701113571\n|move|p1a: Enamorus|Moonblast|p2a: Hatterene\n|-damage|p2a: Hatterene|0 fnt\n|faint|p2a: Hatterene\n|\n|upkeep\n|\n|t:|1701113574\n|switch|p2a: Meowscarada|Meowscarada, F|100\/100\n|turn|27\n|c|\u2606Hold DEEZNUUTZ|1 tera\n|c|\u2606Hold DEEZNUUTZ|game changer\n|\n|t:|1701113599\n|move|p2a: Meowscarada|Knock Off|p1a: Enamorus\n|-start|p2a: Meowscarada|typechange|Dark|[from] ability: Protean\n|-damage|p1a: Enamorus|0 fnt\n|-enditem|p1a: Enamorus|Heavy-Duty Boots|[from] move: Knock Off|[of] p2a: Meowscarada\n|faint|p1a: Enamorus\n|\n|upkeep\n|\n|t:|1701113605\n|switch|p1a: Great Tusk|Great Tusk|94\/100 brn\n|turn|28\n|\n|t:|1701113615\n|switch|p2a: Corviknight|Corviknight, F|100\/100\n|-ability|p2a: Corviknight|Pressure\n|move|p1a: Great Tusk|Ice Spinner|p2a: Corviknight\n|-crit|p2a: Corviknight\n|-damage|p2a: Corviknight|87\/100\n|\n|-heal|p1a: Great Tusk|100\/100 brn|[from] item: Leftovers\n|-heal|p2a: Corviknight|93\/100|[from] item: Leftovers\n|-damage|p1a: Great Tusk|94\/100 brn|[from] brn\n|upkeep\n|turn|29\n|\n|t:|1701113626\n|-end|p1a: Great Tusk|Protosynthesis|[silent]\n|switch|p1a: Amoonguss|Amoonguss, M|100\/100\n|switch|p2a: Meowscarada|Meowscarada, F|100\/100\n|\n|upkeep\n|turn|30\n|\n|t:|1701113635\n|move|p2a: Meowscarada|U-turn|p1a: Amoonguss\n|-start|p2a: Meowscarada|typechange|Bug|[from] ability: Protean\n|-damage|p1a: Amoonguss|46\/100\n|-enditem|p1a: Amoonguss|Red Card|[of] p2a: Meowscarada\n|drag|p2a: Slowking|Slowking-Galar, M|100\/100\n|move|p1a: Amoonguss|Spore|p2a: Slowking\n|-status|p2a: Slowking|slp|[from] move: Spore\n|\n|upkeep\n|turn|31\n|\n|t:|1701113644\n|switch|p1a: Dragapult|Dragapult, M|100\/100\n|cant|p2a: Slowking|slp\n|\n|upkeep\n|turn|32\n|\n|t:|1701113650\n|move|p1a: Dragapult|Hex|p2a: Slowking\n|-supereffective|p2a: Slowking\n|-damage|p2a: Slowking|7\/100 slp\n|cant|p2a: Slowking|slp\n|\n|upkeep\n|turn|33\n|\n|t:|1701113654\n|switch|p2a: Meowscarada|Meowscarada, F|100\/100\n|move|p1a: Dragapult|Dragon Darts|p2a: Meowscarada\n|-damage|p2a: Meowscarada|67\/100\n|-anim|p1a: Dragapult|Dragon Darts|p2a: Meowscarada\n|-damage|p2a: Meowscarada|33\/100\n|\n|upkeep\n|turn|34\n|\n|t:|1701113663\n|move|p2a: Meowscarada|Sucker Punch|p1a: Dragapult\n|-start|p2a: Meowscarada|typechange|Dark|[from] ability: Protean\n|-supereffective|p1a: Dragapult\n|-damage|p1a: Dragapult|0 fnt\n|faint|p1a: Dragapult\n|\n|upkeep\n|\n|t:|1701113667\n|switch|p1a: Weavile|Weavile, M|40\/100\n|turn|35\n|c|\u2606Hold DEEZNUUTZ|oof\n|\n|t:|1701113674\n|switch|p2a: Corviknight|Corviknight, F|93\/100\n|-ability|p2a: Corviknight|Pressure\n|move|p1a: Weavile|Ice Shard|p2a: Corviknight\n|-damage|p2a: Corviknight|79\/100\n|\n|-heal|p2a: Corviknight|85\/100|[from] item: Leftovers\n|upkeep\n|turn|36\n|\n|t:|1701113680\n|switch|p1a: Amoonguss|Amoonguss, M|80\/100\n|move|p2a: Corviknight|Iron Defense|p2a: Corviknight\n|-boost|p2a: Corviknight|def|2\n|\n|-heal|p2a: Corviknight|91\/100|[from] item: Leftovers\n|upkeep\n|turn|37\n|c|\u2606Hold DEEZNUUTZ|gg\n|\n|t:|1701113686\n|switch|p1a: Great Tusk|Great Tusk|94\/100 brn\n|move|p2a: Corviknight|Iron Defense|p2a: Corviknight\n|-boost|p2a: Corviknight|def|2\n|\n|-heal|p1a: Great Tusk|100\/100 brn|[from] item: Leftovers\n|-heal|p2a: Corviknight|97\/100|[from] item: Leftovers\n|-damage|p1a: Great Tusk|94\/100 brn|[from] brn\n|upkeep\n|turn|38\n|-message|WAIT IM GOATED forfeited.\n|\n|win|Hold DEEZNUUTZ\n|raw|WAIT IM GOATED's rating: 1385 &rarr; <strong>1369<\/strong><br \/>(-16 for losing)\n|raw|Hold DEEZNUUTZ's rating: 1454 &rarr; <strong>1470<\/strong><br \/>(+16 for winning)\n|l|\u2606WAIT IM GOATED\n","uploadtime":1701113693,"views":15,"p1id":"waitimgoated","p2id":"holddeeznuutz","formatid":"gen9ou","rating":1369,"private":0,"password":""}