{"id":"gen9ou-1994020222","p1":"superiax","p2":"Alendathebest","format":"[Gen 9] OU","log":"|j|\u2606superiax\n|j|\u2606Alendathebest\n|t:|1700394826\n|gametype|singles\n|player|p1|superiax|whitney|1320\n|player|p2|Alendathebest|266|1370\n|teamsize|p1|6\n|teamsize|p2|6\n|gen|9\n|tier|[Gen 9] OU\n|rated|\n|rule|Sleep Clause Mod: Limit one foe put to sleep\n|rule|Species Clause: Limit one of each Pok\u00e9mon\n|rule|OHKO Clause: OHKO moves are banned\n|rule|Evasion Items Clause: Evasion items are banned\n|rule|Evasion Moves Clause: Evasion moves are banned\n|rule|Endless Battle Clause: Forcing endless battles is banned\n|rule|HP Percentage Mod: HP is shown in percentages\n|clearpoke\n|poke|p1|Ribombee, F|\n|poke|p1|Ninetales-Alola, F|\n|poke|p1|Kingambit, M|\n|poke|p1|Iron Moth|\n|poke|p1|Gholdengo|\n|poke|p1|Ogerpon-Wellspring, F|\n|poke|p2|Samurott-Hisui, F|\n|poke|p2|Gholdengo|\n|poke|p2|Kingambit, M|\n|poke|p2|Ogerpon-Wellspring, F|\n|poke|p2|Iron Moth|\n|poke|p2|Iron Treads|\n|teampreview\n|\n|t:|1700394836\n|start\n|switch|p1a: Mirror Master|Ribombee, F, shiny|100\/100\n|switch|p2a: Samurott|Samurott-Hisui, F|100\/100\n|turn|1\n|inactive|Battle timer is ON: inactive players will automatically lose when time's up. (requested by superiax)\n|\n|t:|1700394846\n|move|p2a: Samurott|Ceaseless Edge|p1a: Mirror Master\n|-resisted|p1a: Mirror Master\n|-damage|p1a: Mirror Master|56\/100\n|-sidestart|p1: superiax|Spikes\n|move|p1a: Mirror Master|Sticky Web|p2a: Samurott\n|-sidestart|p2: Alendathebest|move: Sticky Web\n|\n|upkeep\n|turn|2\n|\n|t:|1700394853\n|move|p2a: Samurott|Ceaseless Edge|p1a: Mirror Master\n|-resisted|p1a: Mirror Master\n|-damage|p1a: Mirror Master|13\/100\n|-sidestart|p1: superiax|Spikes\n|move|p1a: Mirror Master|Moonblast|p2a: Samurott\n|-supereffective|p2a: Samurott\n|-damage|p2a: Samurott|0 fnt\n|faint|p2a: Samurott\n|\n|upkeep\n|\n|t:|1700394859\n|switch|p2a: Iron Treads|Iron Treads|100\/100\n|-activate|p2a: Iron Treads|move: Sticky Web\n|-unboost|p2a: Iron Treads|spe|1\n|turn|3\n|\n|t:|1700394878\n|switch|p1a: Golden Glider|Gholdengo|100\/100\n|-damage|p1a: Golden Glider|84\/100|[from] Spikes\n|move|p2a: Iron Treads|Rapid Spin|p1a: Golden Glider\n|-immune|p1a: Golden Glider\n|\n|upkeep\n|turn|4\n|\n|t:|1700394889\n|move|p2a: Iron Treads|Rapid Spin|p1a: Golden Glider\n|-immune|p1a: Golden Glider\n|move|p1a: Golden Glider|Nasty Plot|p1a: Golden Glider\n|-boost|p1a: Golden Glider|spa|2\n|\n|upkeep\n|turn|5\n|\n|t:|1700394901\n|move|p2a: Iron Treads|Earthquake|p1a: Golden Glider\n|-supereffective|p1a: Golden Glider\n|-damage|p1a: Golden Glider|28\/100\n|move|p1a: Golden Glider|Recover|p1a: Golden Glider\n|-heal|p1a: Golden Glider|78\/100\n|\n|upkeep\n|turn|6\n|\n|t:|1700394912\n|-terastallize|p2a: Iron Treads|Ground\n|move|p2a: Iron Treads|Earthquake|p1a: Golden Glider\n|-supereffective|p1a: Golden Glider\n|-damage|p1a: Golden Glider|6\/100\n|move|p1a: Golden Glider|Shadow Ball|p2a: Iron Treads\n|-damage|p2a: Iron Treads|0 fnt\n|faint|p2a: Iron Treads\n|-end|p2a: Iron Treads|Quark Drive|[silent]\n|\n|upkeep\n|\n|t:|1700394920\n|switch|p2a: Ogerpon|Ogerpon-Wellspring, F|100\/100\n|-activate|p2a: Ogerpon|move: Sticky Web\n|-unboost|p2a: Ogerpon|spe|1\n|turn|7\n|\n|t:|1700394940\n|move|p2a: Ogerpon|Trailblaze|p1a: Golden Glider\n|-resisted|p1a: Golden Glider\n|-damage|p1a: Golden Glider|0 fnt\n|-boost|p2a: Ogerpon|spe|1\n|faint|p1a: Golden Glider\n|\n|upkeep\n|\n|t:|1700394954\n|switch|p1a: Heatwave|Iron Moth, shiny|100\/100\n|turn|8\n|inactive|Alendathebest has 120 seconds left.\n|\n|t:|1700394991\n|move|p1a: Heatwave|Sludge Wave|p2a: Ogerpon\n|-supereffective|p2a: Ogerpon\n|-damage|p2a: Ogerpon|0 fnt\n|faint|p2a: Ogerpon\n|\n|upkeep\n|\n|t:|1700395000\n|switch|p2a: Iron Moth|Iron Moth|100\/100\n|-activate|p2a: Iron Moth|move: Sticky Web\n|-unboost|p2a: Iron Moth|spe|1\n|-enditem|p2a: Iron Moth|Booster Energy\n|-activate|p2a: Iron Moth|ability: Quark Drive|[fromitem]\n|-start|p2a: Iron Moth|quarkdrivespa\n|turn|9\n|inactive|Alendathebest has 120 seconds left.\n|\n|t:|1700395021\n|move|p1a: Heatwave|Fiery Dance|p2a: Iron Moth\n|-resisted|p2a: Iron Moth\n|-damage|p2a: Iron Moth|81\/100\n|-boost|p1a: Heatwave|spa|1\n|move|p2a: Iron Moth|Substitute|p2a: Iron Moth\n|-start|p2a: Iron Moth|Substitute\n|-damage|p2a: Iron Moth|56\/100\n|\n|upkeep\n|turn|10\n|\n|t:|1700395032\n|move|p1a: Heatwave|Fiery Dance|p2a: Iron Moth\n|-resisted|p2a: Iron Moth\n|-end|p2a: Iron Moth|Substitute\n|-boost|p1a: Heatwave|spa|1\n|move|p2a: Iron Moth|Fiery Dance|p1a: Heatwave\n|-resisted|p1a: Heatwave\n|-damage|p1a: Heatwave|72\/100\n|\n|upkeep\n|turn|11\n|\n|t:|1700395049\n|move|p1a: Heatwave|Sludge Wave|p2a: Iron Moth\n|-resisted|p2a: Iron Moth\n|-damage|p2a: Iron Moth|4\/100\n|move|p2a: Iron Moth|Fiery Dance|p1a: Heatwave\n|-resisted|p1a: Heatwave\n|-damage|p1a: Heatwave|46\/100\n|-boost|p2a: Iron Moth|spa|1\n|\n|upkeep\n|turn|12\n|\n|t:|1700395057\n|move|p1a: Heatwave|Fiery Dance|p2a: Iron Moth\n|-resisted|p2a: Iron Moth\n|-damage|p2a: Iron Moth|0 fnt\n|faint|p2a: Iron Moth\n|-end|p2a: Iron Moth|Quark Drive|[silent]\n|\n|upkeep\n|\n|t:|1700395066\n|switch|p2a: Kingambit|Kingambit, M|100\/100\n|-activate|p2a: Kingambit|move: Sticky Web\n|-unboost|p2a: Kingambit|spe|1\n|-activate|p2a: Kingambit|ability: Supreme Overlord\n|-start|p2a: Kingambit|fallen4|[silent]\n|turn|13\n|\n|t:|1700395072\n|-end|p1a: Heatwave|Quark Drive|[silent]\n|switch|p1a: Mirror Master|Ribombee, F, shiny|13\/100\n|-damage|p1a: Mirror Master|0 fnt|[from] Spikes\n|faint|p1a: Mirror Master\n|move|p2a: Kingambit|Sucker Punch|p1: Mirror Master|[notarget]\n|-fail|p2a: Kingambit\n|\n|upkeep\n|\n|t:|1700395080\n|switch|p1a: Captain Cold|Ninetales-Alola, F, shiny|100\/100\n|-damage|p1a: Captain Cold|84\/100|[from] Spikes\n|-weather|Snow|[from] ability: Snow Warning|[of] p1a: Captain Cold\n|turn|14\n|\n|t:|1700395089\n|-end|p2a: Kingambit|fallen4|[silent]\n|switch|p2a: Gholdengo|Gholdengo|100\/100\n|-item|p2a: Gholdengo|Air Balloon\n|move|p1a: Captain Cold|Aurora Veil|p1a: Captain Cold\n|-sidestart|p1: superiax|move: Aurora Veil\n|\n|-weather|Snow|[upkeep]\n|upkeep\n|turn|15\n|\n|t:|1700395096\n|move|p1a: Captain Cold|Moonblast|p2a: Gholdengo\n|-resisted|p2a: Gholdengo\n|-damage|p2a: Gholdengo|88\/100\n|-enditem|p2a: Gholdengo|Air Balloon\n|move|p2a: Gholdengo|Substitute|p2a: Gholdengo\n|-start|p2a: Gholdengo|Substitute\n|-damage|p2a: Gholdengo|63\/100\n|\n|-weather|Snow|[upkeep]\n|upkeep\n|turn|16\n|\n|t:|1700395104\n|move|p1a: Captain Cold|Moonblast|p2a: Gholdengo\n|-resisted|p2a: Gholdengo\n|-activate|p2a: Gholdengo|move: Substitute|[damage]\n|move|p2a: Gholdengo|Nasty Plot|p2a: Gholdengo\n|-boost|p2a: Gholdengo|spa|2\n|\n|-weather|Snow|[upkeep]\n|upkeep\n|turn|17\n|\n|t:|1700395110\n|move|p1a: Captain Cold|Moonblast|p2a: Gholdengo\n|-resisted|p2a: Gholdengo\n|-end|p2a: Gholdengo|Substitute\n|move|p2a: Gholdengo|Make It Rain|p1a: Captain Cold\n|-supereffective|p1a: Captain Cold\n|-damage|p1a: Captain Cold|0 fnt\n|-unboost|p2a: Gholdengo|spa|1\n|faint|p1a: Captain Cold\n|\n|-weather|Snow|[upkeep]\n|upkeep\n|\n|t:|1700395121\n|switch|p1a: Heatwave|Iron Moth, shiny|46\/100\n|turn|18\n|\n|t:|1700395129\n|move|p1a: Heatwave|Fiery Dance|p2a: Gholdengo\n|-supereffective|p2a: Gholdengo\n|-damage|p2a: Gholdengo|0 fnt\n|-boost|p1a: Heatwave|spa|1\n|faint|p2a: Gholdengo\n|\n|-weather|none\n|upkeep\n|\n|t:|1700395132\n|switch|p2a: Kingambit|Kingambit, M|100\/100\n|-activate|p2a: Kingambit|move: Sticky Web\n|-unboost|p2a: Kingambit|spe|1\n|-activate|p2a: Kingambit|ability: Supreme Overlord\n|-start|p2a: Kingambit|fallen5|[silent]\n|turn|19\n|\n|t:|1700395140\n|move|p2a: Kingambit|Sucker Punch|p1a: Heatwave\n|-damage|p1a: Heatwave|0 fnt\n|faint|p1a: Heatwave\n|-end|p1a: Heatwave|Quark Drive|[silent]\n|\n|upkeep\n|\n|t:|1700395144\n|switch|p1a: Weather Wizard|Ogerpon-Wellspring, F|100\/100\n|-damage|p1a: Weather Wizard|84\/100|[from] Spikes\n|turn|20\n|\n|t:|1700395148\n|move|p1a: Weather Wizard|Substitute|p1a: Weather Wizard\n|-start|p1a: Weather Wizard|Substitute\n|-damage|p1a: Weather Wizard|59\/100\n|move|p2a: Kingambit|Swords Dance|p2a: Kingambit\n|-boost|p2a: Kingambit|atk|2\n|\n|upkeep\n|turn|21\n|\n|t:|1700395156\n|move|p1a: Weather Wizard|Ivy Cudgel|p2a: Kingambit|[anim] Ivy Cudgel Water\n|-damage|p2a: Kingambit|56\/100\n|move|p2a: Kingambit|Tera Blast|p1a: Weather Wizard\n|-activate|p1a: Weather Wizard|move: Substitute|[damage]\n|\n|-sideend|p1: superiax|move: Aurora Veil\n|upkeep\n|turn|22\n|\n|t:|1700395172\n|move|p2a: Kingambit|Sucker Punch|p1a: Weather Wizard\n|-end|p1a: Weather Wizard|Substitute\n|move|p1a: Weather Wizard|Ivy Cudgel|p2a: Kingambit|[anim] Ivy Cudgel Water\n|-damage|p2a: Kingambit|13\/100\n|\n|upkeep\n|turn|23\n|\n|t:|1700395180\n|move|p2a: Kingambit|Sucker Punch|p1a: Weather Wizard\n|-damage|p1a: Weather Wizard|0 fnt\n|faint|p1a: Weather Wizard\n|\n|upkeep\n|\n|t:|1700395184\n|switch|p1a: Captain Boomerang|Kingambit, M, shiny|100\/100\n|-damage|p1a: Captain Boomerang|84\/100|[from] Spikes\n|-activate|p1a: Captain Boomerang|ability: Supreme Overlord\n|-start|p1a: Captain Boomerang|fallen5|[silent]\n|turn|24\n|\n|t:|1700395191\n|move|p1a: Captain Boomerang|Sucker Punch|p2a: Kingambit\n|-resisted|p2a: Kingambit\n|-damage|p2a: Kingambit|0 fnt\n|faint|p2a: Kingambit\n|-end|p2a: Kingambit|fallen5|[silent]\n|\n|win|superiax\n|raw|superiax's rating: 1320 &rarr; <strong>1343<\/strong><br \/>(+23 for winning)\n|raw|Alendathebest's rating: 1370 &rarr; <strong>1347<\/strong><br \/>(-23 for losing)\n|c|\u2606superiax|gg\n","uploadtime":1700395199,"views":6,"p1id":"superiax","p2id":"alendathebest","formatid":"gen9ou","rating":1343,"private":0,"password":""}