{"id":"gen9ou-1992116064","p1":"poncy3","p2":"not_lolu","format":"[Gen 9] OU","log":"|j|\u2606poncy3\n|j|\u2606not_lolu\n|t:|1700156408\n|gametype|singles\n|player|p1|poncy3|steven|\n|player|p2|not_lolu|101|\n|teamsize|p1|6\n|teamsize|p2|6\n|gen|9\n|tier|[Gen 9] OU\n|rule|Sleep Clause Mod: Limit one foe put to sleep\n|rule|Species Clause: Limit one of each Pok\u00e9mon\n|rule|OHKO Clause: OHKO moves are banned\n|rule|Evasion Items Clause: Evasion items are banned\n|rule|Evasion Moves Clause: Evasion moves are banned\n|rule|Endless Battle Clause: Forcing endless battles is banned\n|rule|HP Percentage Mod: HP is shown in percentages\n|clearpoke\n|poke|p1|Blissey, F|\n|poke|p1|Clefable, F|\n|poke|p1|Corviknight, M|\n|poke|p1|Dragapult, M|\n|poke|p1|Toxapex, M|\n|poke|p1|Zapdos|\n|poke|p2|Sylveon, M|\n|poke|p2|Meowscarada, M|\n|poke|p2|Toxapex, F|\n|poke|p2|Corviknight, F|\n|poke|p2|Blissey, F|\n|poke|p2|Dragapult, F|\n|teampreview\n|inactive|Battle timer is ON: inactive players will automatically lose when time's up. (requested by poncy3)\n|\n|t:|1700156434\n|start\n|switch|p1a: Clefable|Clefable, F|100\/100\n|switch|p2a: Dragapult|Dragapult, F|100\/100\n|turn|1\n|\n|t:|1700156443\n|move|p2a: Dragapult|U-turn|p1a: Clefable\n|-resisted|p1a: Clefable\n|-damage|p1a: Clefable|89\/100\n|-damage|p2a: Dragapult|91\/100|[from] item: Life Orb\n|\n|t:|1700156455\n|switch|p2a: Meowscarada|Meowscarada, M|100\/100|[from] U-turn\n|move|p1a: Clefable|Stealth Rock|p2a: Meowscarada\n|-sidestart|p2: not_lolu|move: Stealth Rock\n|\n|-heal|p1a: Clefable|95\/100|[from] item: Leftovers\n|upkeep\n|turn|2\n|\n|t:|1700156461\n|move|p1a: Clefable|Protect|p1a: Clefable\n|-singleturn|p1a: Clefable|Protect\n|move|p2a: Meowscarada|Knock Off|p1a: Clefable\n|-start|p2a: Meowscarada|typechange|Dark|[from] ability: Protean\n|-activate|p1a: Clefable|move: Protect\n|\n|-heal|p1a: Clefable|100\/100|[from] item: Leftovers\n|upkeep\n|turn|3\n|\n|t:|1700156466\n|switch|p1a: Zapdos|Zapdos|100\/100\n|move|p2a: Meowscarada|Knock Off|p1a: Zapdos\n|-damage|p1a: Zapdos|14\/100\n|-status|p2a: Meowscarada|par|[from] ability: Static|[of] p1a: Zapdos\n|-enditem|p1a: Zapdos|Leftovers|[from] move: Knock Off|[of] p2a: Meowscarada\n|\n|upkeep\n|turn|4\n|\n|t:|1700156475\n|switch|p2a: Sylveon|Sylveon, M|100\/100\n|-damage|p2a: Sylveon|88\/100|[from] Stealth Rock\n|move|p1a: Zapdos|Heat Wave|p2a: Sylveon\n|-damage|p2a: Sylveon|71\/100\n|\n|-heal|p2a: Sylveon|77\/100|[from] item: Leftovers\n|upkeep\n|turn|5\n|\n|t:|1700156482\n|switch|p1a: Toxapex|Toxapex, M|100\/100\n|move|p2a: Sylveon|Calm Mind|p2a: Sylveon\n|-boost|p2a: Sylveon|spa|1\n|-boost|p2a: Sylveon|spd|1\n|\n|-heal|p2a: Sylveon|83\/100|[from] item: Leftovers\n|upkeep\n|turn|6\n|\n|t:|1700156489\n|move|p2a: Sylveon|Protect|p2a: Sylveon\n|-singleturn|p2a: Sylveon|Protect\n|move|p1a: Toxapex|Toxic|p2a: Sylveon\n|-activate|p2a: Sylveon|move: Protect\n|\n|-heal|p2a: Sylveon|89\/100|[from] item: Leftovers\n|upkeep\n|turn|7\n|\n|t:|1700156497\n|switch|p2a: Meowscarada|Meowscarada, M|100\/100 par\n|-damage|p2a: Meowscarada|88\/100 par|[from] Stealth Rock\n|move|p1a: Toxapex|Haze|p1a: Toxapex\n|-clearallboost\n|\n|upkeep\n|turn|8\n|\n|t:|1700156505\n|move|p2a: Meowscarada|Knock Off|p1a: Toxapex\n|-start|p2a: Meowscarada|typechange|Dark|[from] ability: Protean\n|-damage|p1a: Toxapex|60\/100\n|-enditem|p1a: Toxapex|Leftovers|[from] move: Knock Off|[of] p2a: Meowscarada\n|move|p1a: Toxapex|Chilling Water|p2a: Meowscarada\n|-damage|p2a: Meowscarada|72\/100 par\n|-unboost|p2a: Meowscarada|atk|1\n|\n|upkeep\n|turn|9\n|\n|t:|1700156520\n|switch|p2a: Corviknight|Corviknight, F|100\/100\n|-damage|p2a: Corviknight|88\/100|[from] Stealth Rock\n|switch|p1a: Clefable|Clefable, F|100\/100\n|\n|-heal|p2a: Corviknight|94\/100|[from] item: Leftovers\n|upkeep\n|turn|10\n|\n|t:|1700156532\n|move|p2a: Corviknight|Brave Bird|p1a: Clefable\n|-damage|p1a: Clefable|72\/100\n|-damage|p2a: Corviknight|85\/100|[from] Recoil\n|move|p1a: Clefable|Wish|p1a: Clefable\n|\n|-heal|p2a: Corviknight|91\/100|[from] item: Leftovers\n|-heal|p1a: Clefable|78\/100|[from] item: Leftovers\n|upkeep\n|turn|11\n|\n|t:|1700156541\n|switch|p1a: Zapdos|Zapdos|14\/100\n|move|p2a: Corviknight|Defog|p1a: Zapdos\n|-unboost|p1a: Zapdos|evasion|1\n|-sideend|p2: not_lolu|Stealth Rock|[from] move: Defog|[of] p2a: Corviknight\n|\n|-heal|p1a: Zapdos|76\/100|[from] move: Wish|[wisher] Clefable\n|-heal|p2a: Corviknight|97\/100|[from] item: Leftovers\n|upkeep\n|turn|12\n|\n|t:|1700156551\n|switch|p2a: Sylveon|Sylveon, M|89\/100\n|move|p1a: Zapdos|Discharge|p2a: Sylveon\n|-damage|p2a: Sylveon|69\/100\n|\n|-heal|p2a: Sylveon|75\/100|[from] item: Leftovers\n|upkeep\n|turn|13\n|\n|t:|1700156559\n|switch|p1a: Toxapex|Toxapex, M|93\/100\n|move|p2a: Sylveon|Hyper Voice|p1a: Toxapex\n|-resisted|p1a: Toxapex\n|-damage|p1a: Toxapex|78\/100\n|\n|-heal|p2a: Sylveon|81\/100|[from] item: Leftovers\n|upkeep\n|turn|14\n|\n|t:|1700156567\n|move|p2a: Sylveon|Wish|p2a: Sylveon\n|move|p1a: Toxapex|Chilling Water|p2a: Sylveon\n|-damage|p2a: Sylveon|75\/100\n|-unboost|p2a: Sylveon|atk|1\n|\n|-heal|p2a: Sylveon|81\/100|[from] item: Leftovers\n|upkeep\n|turn|15\n|\n|t:|1700156570\n|switch|p2a: Meowscarada|Meowscarada, M|72\/100 par\n|move|p1a: Toxapex|Toxic||[still]\n|-fail|p1a: Toxapex\n|\n|-heal|p2a: Meowscarada|100\/100 par|[from] move: Wish|[wisher] Sylveon\n|upkeep\n|turn|16\n|\n|t:|1700156577\n|move|p2a: Meowscarada|Flower Trick|p1a: Toxapex\n|-start|p2a: Meowscarada|typechange|Grass|[from] ability: Protean\n|-crit|p1a: Toxapex\n|-damage|p1a: Toxapex|33\/100\n|move|p1a: Toxapex|Chilling Water|p2a: Meowscarada\n|-resisted|p2a: Meowscarada\n|-damage|p2a: Meowscarada|93\/100 par\n|-unboost|p2a: Meowscarada|atk|1\n|\n|upkeep\n|turn|17\n|\n|t:|1700156585\n|switch|p1a: Dragapult|Dragapult, M|100\/100\n|cant|p2a: Meowscarada|par\n|\n|upkeep\n|turn|18\n|\n|t:|1700156596\n|switch|p2a: Toxapex|Toxapex, F|100\/100\n|move|p1a: Dragapult|Dragon Dance|p1a: Dragapult\n|-boost|p1a: Dragapult|atk|1\n|-boost|p1a: Dragapult|spe|1\n|\n|upkeep\n|turn|19\n|\n|t:|1700156603\n|move|p1a: Dragapult|Dragon Darts|p2a: Toxapex\n|-damage|p2a: Toxapex|75\/100\n|-anim|p1a: Dragapult|Dragon Darts|p2a: Toxapex\n|-damage|p2a: Toxapex|50\/100\n|move|p2a: Toxapex|Haze|p2a: Toxapex\n|-clearallboost\n|\n|-heal|p2a: Toxapex|56\/100|[from] item: Leftovers\n|upkeep\n|turn|20\n|\n|t:|1700156609\n|move|p1a: Dragapult|Dragon Darts|p2a: Toxapex\n|-crit|p2a: Toxapex\n|-damage|p2a: Toxapex|31\/100\n|-anim|p1a: Dragapult|Dragon Darts|p2a: Toxapex\n|-crit|p2a: Toxapex\n|-damage|p2a: Toxapex|7\/100\n|move|p2a: Toxapex|Toxic|p1a: Dragapult\n|-status|p1a: Dragapult|tox\n|-enditem|p1a: Dragapult|Lum Berry|[eat]\n|-curestatus|p1a: Dragapult|tox|[msg]\n|\n|-heal|p2a: Toxapex|14\/100|[from] item: Leftovers\n|upkeep\n|turn|21\n|\n|t:|1700156623\n|switch|p2a: Sylveon|Sylveon, M|81\/100\n|move|p1a: Dragapult|Acrobatics|p2a: Sylveon\n|-damage|p2a: Sylveon|33\/100\n|\n|-heal|p2a: Sylveon|39\/100|[from] item: Leftovers\n|upkeep\n|turn|22\n|\n|t:|1700156626\n|switch|p2a: Toxapex|Toxapex, F|47\/100\n|move|p1a: Dragapult|Acrobatics|p2a: Toxapex\n|-damage|p2a: Toxapex|21\/100\n|\n|-heal|p2a: Toxapex|27\/100|[from] item: Leftovers\n|upkeep\n|turn|23\n|\n|t:|1700156634\n|switch|p2a: Corviknight|Corviknight, F|97\/100\n|move|p1a: Dragapult|Dragon Darts|p2a: Corviknight\n|-resisted|p2a: Corviknight\n|-damage|p2a: Corviknight|89\/100\n|-anim|p1a: Dragapult|Dragon Darts|p2a: Corviknight\n|-resisted|p2a: Corviknight\n|-damage|p2a: Corviknight|81\/100\n|\n|-heal|p2a: Corviknight|87\/100|[from] item: Leftovers\n|upkeep\n|turn|24\n|\n|t:|1700156640\n|switch|p2a: Toxapex|Toxapex, F|61\/100\n|move|p1a: Dragapult|Dragon Dance|p1a: Dragapult\n|-boost|p1a: Dragapult|atk|1\n|-boost|p1a: Dragapult|spe|1\n|\n|-heal|p2a: Toxapex|67\/100|[from] item: Leftovers\n|upkeep\n|turn|25\n|\n|t:|1700156647\n|-terastallize|p1a: Dragapult|Poison\n|move|p1a: Dragapult|Acrobatics|p2a: Toxapex\n|-damage|p2a: Toxapex|31\/100\n|move|p2a: Toxapex|Haze|p2a: Toxapex\n|-clearallboost\n|\n|-heal|p2a: Toxapex|37\/100|[from] item: Leftovers\n|upkeep\n|turn|26\n|\n|t:|1700156660\n|switch|p2a: Corviknight|Corviknight, F|87\/100\n|move|p1a: Dragapult|Dragon Dance|p1a: Dragapult\n|-boost|p1a: Dragapult|atk|1\n|-boost|p1a: Dragapult|spe|1\n|\n|-heal|p2a: Corviknight|93\/100|[from] item: Leftovers\n|upkeep\n|turn|27\n|\n|t:|1700156665\n|switch|p2a: Toxapex|Toxapex, F|71\/100\n|move|p1a: Dragapult|Dragon Dance|p1a: Dragapult\n|-boost|p1a: Dragapult|atk|1\n|-boost|p1a: Dragapult|spe|1\n|\n|-heal|p2a: Toxapex|77\/100|[from] item: Leftovers\n|upkeep\n|turn|28\n|\n|t:|1700156668\n|move|p1a: Dragapult|Dragon Darts|p2a: Toxapex\n|-damage|p2a: Toxapex|43\/100\n|-anim|p1a: Dragapult|Dragon Darts|p2a: Toxapex\n|-damage|p2a: Toxapex|10\/100\n|move|p2a: Toxapex|Haze|p2a: Toxapex\n|-clearallboost\n|\n|-heal|p2a: Toxapex|17\/100|[from] item: Leftovers\n|upkeep\n|turn|29\n|\n|t:|1700156677\n|switch|p2a: Corviknight|Corviknight, F|93\/100\n|move|p1a: Dragapult|Acrobatics|p2a: Corviknight\n|-resisted|p2a: Corviknight\n|-damage|p2a: Corviknight|82\/100\n|\n|-heal|p2a: Corviknight|88\/100|[from] item: Leftovers\n|upkeep\n|turn|30\n|\n|t:|1700156686\n|move|p1a: Dragapult|Dragon Dance|p1a: Dragapult\n|-boost|p1a: Dragapult|atk|1\n|-boost|p1a: Dragapult|spe|1\n|move|p2a: Corviknight|Brave Bird|p1a: Dragapult\n|-damage|p1a: Dragapult|48\/100\n|-damage|p2a: Corviknight|74\/100|[from] Recoil\n|\n|-heal|p2a: Corviknight|80\/100|[from] item: Leftovers\n|upkeep\n|turn|31\n|\n|t:|1700156697\n|switch|p1a: Corviknight|Corviknight, M|100\/100\n|-ability|p1a: Corviknight|Pressure\n|move|p2a: Corviknight|Brave Bird|p1a: Corviknight\n|-resisted|p1a: Corviknight\n|-damage|p1a: Corviknight|88\/100\n|-damage|p2a: Corviknight|76\/100|[from] Recoil\n|\n|-heal|p1a: Corviknight|95\/100|[from] item: Leftovers\n|-heal|p2a: Corviknight|82\/100|[from] item: Leftovers\n|upkeep\n|turn|32\n|\n|t:|1700156701\n|switch|p1a: Toxapex|Toxapex, M|66\/100\n|switch|p2a: Toxapex|Toxapex, F|50\/100\n|\n|-heal|p2a: Toxapex|56\/100|[from] item: Leftovers\n|upkeep\n|turn|33\n|\n|t:|1700156709\n|switch|p1a: Corviknight|Corviknight, M|95\/100\n|-ability|p1a: Corviknight|Pressure\n|switch|p2a: Meowscarada|Meowscarada, M|93\/100 par\n|\n|-heal|p1a: Corviknight|100\/100|[from] item: Leftovers\n|upkeep\n|turn|34\n|\n|t:|1700156713\n|move|p2a: Meowscarada|Knock Off|p1a: Corviknight\n|-start|p2a: Meowscarada|typechange|Dark|[from] ability: Protean\n|-damage|p1a: Corviknight|60\/100\n|-enditem|p1a: Corviknight|Leftovers|[from] move: Knock Off|[of] p2a: Meowscarada\n|move|p1a: Corviknight|Brave Bird|p2a: Meowscarada\n|-damage|p2a: Meowscarada|31\/100 par\n|-damage|p1a: Corviknight|45\/100|[from] Recoil\n|\n|upkeep\n|turn|35\n|\n|t:|1700156742\n|switch|p2a: Dragapult|Dragapult, F|91\/100\n|switch|p1a: Zapdos|Zapdos|76\/100\n|\n|upkeep\n|turn|36\n|\n|t:|1700156749\n|move|p2a: Dragapult|Will-O-Wisp|p1a: Zapdos\n|-status|p1a: Zapdos|brn\n|move|p1a: Zapdos|Thunder Wave|p2a: Dragapult\n|-status|p2a: Dragapult|par\n|\n|-damage|p1a: Zapdos|69\/100 brn|[from] brn\n|upkeep\n|turn|37\n|c|\u2606poncy3|I\"M\n|c|\u2606poncy3|A\n|c|\u2606poncy3|SPECAIL\n|c|\u2606poncy3|ATTACKER\n|c|\u2606not_lolu|nerd\n|c|\u2606not_lolu|krill your shelf\n|\n|t:|1700156767\n|switch|p2a: Blissey|Blissey, F|100\/100\n|move|p1a: Zapdos|Hurricane|p2a: Blissey|[miss]\n|-miss|p1a: Zapdos|p2a: Blissey\n|\n|-damage|p1a: Zapdos|63\/100 brn|[from] brn\n|upkeep\n|turn|38\n|\n|t:|1700156776\n|switch|p1a: Toxapex|Toxapex, M|99\/100\n|move|p2a: Blissey|Seismic Toss|p1a: Toxapex\n|-damage|p1a: Toxapex|67\/100\n|\n|upkeep\n|turn|39\n|\n|t:|1700156784\n|switch|p2a: Sylveon|Sylveon, M|39\/100\n|move|p1a: Toxapex|Toxic|p2a: Sylveon\n|-status|p2a: Sylveon|tox\n|\n|-heal|p2a: Sylveon|45\/100 tox|[from] item: Leftovers\n|-damage|p2a: Sylveon|39\/100 tox|[from] psn\n|upkeep\n|turn|40\n|\n|t:|1700156788\n|move|p2a: Sylveon|Wish|p2a: Sylveon\n|move|p1a: Toxapex|Chilling Water|p2a: Sylveon\n|-damage|p2a: Sylveon|34\/100 tox\n|-unboost|p2a: Sylveon|atk|1\n|\n|-heal|p2a: Sylveon|40\/100 tox|[from] item: Leftovers\n|-damage|p2a: Sylveon|28\/100 tox|[from] psn\n|upkeep\n|turn|41\n|\n|t:|1700156801\n|move|p2a: Sylveon|Protect|p2a: Sylveon\n|-singleturn|p2a: Sylveon|Protect\n|move|p1a: Toxapex|Chilling Water|p2a: Sylveon\n|-activate|p2a: Sylveon|move: Protect\n|\n|-heal|p2a: Sylveon|78\/100 tox|[from] move: Wish|[wisher] Sylveon\n|-heal|p2a: Sylveon|84\/100 tox|[from] item: Leftovers\n|-damage|p2a: Sylveon|65\/100 tox|[from] psn\n|upkeep\n|turn|42\n|\n|t:|1700156812\n|switch|p2a: Blissey|Blissey, F|100\/100\n|move|p1a: Toxapex|Chilling Water|p2a: Blissey\n|-damage|p2a: Blissey|97\/100\n|-unboost|p2a: Blissey|atk|1\n|\n|-heal|p2a: Blissey|100\/100|[from] item: Leftovers\n|upkeep\n|turn|43\n|\n|t:|1700156817\n|move|p2a: Blissey|Heal Bell|p2a: Blissey\n|-activate|p2a: Blissey|move: Heal Bell\n|-curestatus|p2: Meowscarada|par|[msg]\n|-curestatus|p2: Sylveon|tox|[msg]\n|-curestatus|p2: Dragapult|par|[msg]\n|move|p1a: Toxapex|Toxic|p2a: Blissey\n|-status|p2a: Blissey|tox\n|\n|-damage|p2a: Blissey|94\/100 tox|[from] psn\n|upkeep\n|turn|44\n|\n|t:|1700156837\n|-curestatus|p2a: Blissey|tox|[from] ability: Natural Cure\n|switch|p2a: Sylveon|Sylveon, M|65\/100\n|switch|p1a: Clefable|Clefable, F|78\/100\n|\n|-heal|p1a: Clefable|84\/100|[from] item: Leftovers\n|-heal|p2a: Sylveon|72\/100|[from] item: Leftovers\n|upkeep\n|turn|45\n|\n|t:|1700156841\n|move|p1a: Clefable|Stealth Rock|p2a: Sylveon\n|-sidestart|p2: not_lolu|move: Stealth Rock\n|move|p2a: Sylveon|Wish|p2a: Sylveon\n|\n|-heal|p1a: Clefable|90\/100|[from] item: Leftovers\n|-heal|p2a: Sylveon|78\/100|[from] item: Leftovers\n|upkeep\n|turn|46\n|\n|t:|1700156847\n|switch|p2a: Meowscarada|Meowscarada, M|31\/100\n|-damage|p2a: Meowscarada|18\/100|[from] Stealth Rock\n|switch|p1a: Dragapult|Dragapult, M, tera:Poison|48\/100\n|\n|-heal|p2a: Meowscarada|85\/100|[from] move: Wish|[wisher] Sylveon\n|upkeep\n|turn|47\n|\n|t:|1700156857\n|switch|p2a: Corviknight|Corviknight, F|82\/100\n|-damage|p2a: Corviknight|70\/100|[from] Stealth Rock\n|move|p1a: Dragapult|Acrobatics|p2a: Corviknight\n|-resisted|p2a: Corviknight\n|-damage|p2a: Corviknight|59\/100\n|\n|-heal|p2a: Corviknight|65\/100|[from] item: Leftovers\n|upkeep\n|turn|48\n|\n|t:|1700156864\n|switch|p1a: Toxapex|Toxapex, M|99\/100\n|move|p2a: Corviknight|Brave Bird|p1a: Toxapex\n|-damage|p1a: Toxapex|79\/100\n|-damage|p2a: Corviknight|59\/100|[from] Recoil\n|\n|-heal|p2a: Corviknight|65\/100|[from] item: Leftovers\n|upkeep\n|turn|49\n|\n|t:|1700156870\n|switch|p2a: Meowscarada|Meowscarada, M|85\/100\n|-damage|p2a: Meowscarada|73\/100|[from] Stealth Rock\n|move|p1a: Toxapex|Chilling Water|p2a: Meowscarada\n|-resisted|p2a: Meowscarada\n|-damage|p2a: Meowscarada|65\/100\n|-unboost|p2a: Meowscarada|atk|1\n|\n|upkeep\n|turn|50\n|\n|t:|1700156875\n|move|p2a: Meowscarada|U-turn|p1a: Toxapex\n|-start|p2a: Meowscarada|typechange|Bug|[from] ability: Protean\n|-resisted|p1a: Toxapex\n|-damage|p1a: Toxapex|70\/100\n|\n|t:|1700156881\n|switch|p2a: Corviknight|Corviknight, F|65\/100|[from] U-turn\n|-damage|p2a: Corviknight|53\/100|[from] Stealth Rock\n|move|p1a: Toxapex|Toxic|p2a: Corviknight\n|-immune|p2a: Corviknight\n|\n|-heal|p2a: Corviknight|59\/100|[from] item: Leftovers\n|upkeep\n|turn|51\n|\n|t:|1700156887\n|move|p2a: Corviknight|Defog|p1a: Toxapex\n|-unboost|p1a: Toxapex|evasion|1\n|-sideend|p2: not_lolu|Stealth Rock|[from] move: Defog|[of] p2a: Corviknight\n|move|p1a: Toxapex|Chilling Water|p2a: Corviknight\n|-damage|p2a: Corviknight|49\/100\n|-ability|p2a: Corviknight|Mirror Armor\n|-unboost|p1a: Toxapex|atk|1\n|\n|-heal|p2a: Corviknight|55\/100|[from] item: Leftovers\n|upkeep\n|turn|52\n|\n|t:|1700156905\n|switch|p2a: Blissey|Blissey, F|94\/100\n|switch|p1a: Corviknight|Corviknight, M|45\/100\n|-ability|p1a: Corviknight|Pressure\n|\n|-heal|p2a: Blissey|100\/100|[from] item: Leftovers\n|upkeep\n|turn|53\n|\n|t:|1700156916\n|move|p1a: Corviknight|Taunt|p2a: Blissey\n|-start|p2a: Blissey|move: Taunt\n|move|p2a: Blissey|Seismic Toss|p1a: Corviknight\n|-damage|p1a: Corviknight|20\/100\n|\n|upkeep\n|turn|54\n|\n|t:|1700156924\n|switch|p2a: Meowscarada|Meowscarada, M|65\/100\n|move|p1a: Corviknight|Roost|p1a: Corviknight\n|-heal|p1a: Corviknight|70\/100\n|-singleturn|p1a: Corviknight|move: Roost\n|\n|upkeep\n|turn|55\n|\n|t:|1700156929\n|move|p2a: Meowscarada|U-turn|p1a: Corviknight\n|-start|p2a: Meowscarada|typechange|Bug|[from] ability: Protean\n|-resisted|p1a: Corviknight\n|-damage|p1a: Corviknight|62\/100\n|\n|t:|1700156939\n|switch|p2a: Toxapex|Toxapex, F|89\/100|[from] U-turn\n|move|p1a: Corviknight|Brave Bird|p2a: Toxapex\n|-damage|p2a: Toxapex|68\/100\n|-damage|p1a: Corviknight|57\/100|[from] Recoil\n|\n|-heal|p2a: Toxapex|74\/100|[from] item: Leftovers\n|upkeep\n|turn|56\n|\n|t:|1700156948\n|switch|p1a: Clefable|Clefable, F|90\/100\n|move|p2a: Toxapex|Chilling Water|p1a: Clefable\n|-damage|p1a: Clefable|80\/100\n|-unboost|p1a: Clefable|atk|1\n|\n|-heal|p1a: Clefable|87\/100|[from] item: Leftovers\n|-heal|p2a: Toxapex|80\/100|[from] item: Leftovers\n|upkeep\n|turn|57\n|\n|t:|1700156955\n|switch|p2a: Sylveon|Sylveon, M|78\/100\n|move|p1a: Clefable|Stealth Rock|p2a: Sylveon\n|-sidestart|p2: not_lolu|move: Stealth Rock\n|\n|-heal|p2a: Sylveon|84\/100|[from] item: Leftovers\n|-heal|p1a: Clefable|93\/100|[from] item: Leftovers\n|upkeep\n|turn|58\n|\n|t:|1700156960\n|move|p2a: Sylveon|Wish|p2a: Sylveon\n|move|p1a: Clefable|Wish|p1a: Clefable\n|\n|-heal|p2a: Sylveon|90\/100|[from] item: Leftovers\n|-heal|p1a: Clefable|99\/100|[from] item: Leftovers\n|upkeep\n|turn|59\n|\n|t:|1700156965\n|switch|p1a: Dragapult|Dragapult, M, tera:Poison|48\/100\n|switch|p2a: Meowscarada|Meowscarada, M|65\/100\n|-damage|p2a: Meowscarada|53\/100|[from] Stealth Rock\n|\n|-heal|p2a: Meowscarada|100\/100|[from] move: Wish|[wisher] Sylveon\n|-heal|p1a: Dragapult|100\/100|[from] move: Wish|[wisher] Clefable\n|upkeep\n|turn|60\n|\n|t:|1700156983\n|-terastallize|p2a: Meowscarada|Fire\n|move|p1a: Dragapult|Acrobatics|p2a: Meowscarada\n|-damage|p2a: Meowscarada|41\/100\n|move|p2a: Meowscarada|U-turn|p1a: Dragapult\n|-resisted|p1a: Dragapult\n|-crit|p1a: Dragapult\n|-damage|p1a: Dragapult|66\/100\n|\n|t:|1700156992\n|switch|p2a: Corviknight|Corviknight, F|55\/100|[from] U-turn\n|-damage|p2a: Corviknight|43\/100|[from] Stealth Rock\n|\n|-heal|p2a: Corviknight|49\/100|[from] item: Leftovers\n|upkeep\n|turn|61\n|\n|t:|1700157001\n|switch|p1a: Toxapex|Toxapex, M|100\/100\n|move|p2a: Corviknight|Brave Bird|p1a: Toxapex\n|-damage|p1a: Toxapex|77\/100\n|-damage|p2a: Corviknight|43\/100|[from] Recoil\n|\n|-heal|p2a: Corviknight|49\/100|[from] item: Leftovers\n|upkeep\n|turn|62\n|\n|t:|1700157005\n|move|p2a: Corviknight|Defog|p1a: Toxapex\n|-unboost|p1a: Toxapex|evasion|1\n|-sideend|p2: not_lolu|Stealth Rock|[from] move: Defog|[of] p2a: Corviknight\n|move|p1a: Toxapex|Chilling Water|p2a: Corviknight\n|-damage|p2a: Corviknight|39\/100\n|-ability|p2a: Corviknight|Mirror Armor\n|-unboost|p1a: Toxapex|atk|1\n|\n|-heal|p2a: Corviknight|45\/100|[from] item: Leftovers\n|upkeep\n|turn|63\n|\n|t:|1700157017\n|switch|p1a: Corviknight|Corviknight, M|57\/100\n|-ability|p1a: Corviknight|Pressure\n|move|p2a: Corviknight|Roost|p2a: Corviknight\n|-heal|p2a: Corviknight|95\/100\n|-singleturn|p2a: Corviknight|move: Roost\n|\n|-heal|p2a: Corviknight|100\/100|[from] item: Leftovers\n|upkeep\n|turn|64\n|\n|t:|1700157024\n|switch|p2a: Toxapex|Toxapex, F|100\/100\n|move|p1a: Corviknight|Taunt|p2a: Toxapex\n|-start|p2a: Toxapex|move: Taunt\n|\n|upkeep\n|turn|65\n|\n|t:|1700157034\n|switch|p1a: Clefable|Clefable, F|99\/100\n|switch|p2a: Corviknight|Corviknight, F|100\/100\n|\n|-heal|p1a: Clefable|100\/100|[from] item: Leftovers\n|upkeep\n|turn|66\n|\n|t:|1700157046\n|switch|p2a: Meowscarada|Meowscarada, M, tera:Fire|41\/100\n|move|p1a: Clefable|Stealth Rock|p2a: Meowscarada\n|-sidestart|p2: not_lolu|move: Stealth Rock\n|\n|upkeep\n|turn|67\n|\n|t:|1700157053\n|move|p1a: Clefable|Protect|p1a: Clefable\n|-singleturn|p1a: Clefable|Protect\n|move|p2a: Meowscarada|Knock Off|p1a: Clefable\n|-activate|p1a: Clefable|move: Protect\n|\n|upkeep\n|turn|68\n|\n|t:|1700157058\n|switch|p1a: Toxapex|Toxapex, M|100\/100\n|move|p2a: Meowscarada|Knock Off|p1a: Toxapex\n|-damage|p1a: Toxapex|75\/100\n|\n|upkeep\n|turn|69\n|\n|t:|1700157066\n|switch|p2a: Corviknight|Corviknight, F|100\/100\n|-damage|p2a: Corviknight|88\/100|[from] Stealth Rock\n|move|p1a: Toxapex|Chilling Water|p2a: Corviknight\n|-damage|p2a: Corviknight|78\/100\n|-ability|p2a: Corviknight|Mirror Armor\n|-unboost|p1a: Toxapex|atk|1\n|\n|-heal|p2a: Corviknight|84\/100|[from] item: Leftovers\n|upkeep\n|turn|70\n|\n|t:|1700157082\n|switch|p1a: Corviknight|Corviknight, M|57\/100\n|-ability|p1a: Corviknight|Pressure\n|move|p2a: Corviknight|Defog|p1a: Corviknight\n|-unboost|p1a: Corviknight|evasion|1\n|-sideend|p2: not_lolu|Stealth Rock|[from] move: Defog|[of] p2a: Corviknight\n|\n|-heal|p2a: Corviknight|90\/100|[from] item: Leftovers\n|upkeep\n|turn|71\n|\n|t:|1700157110\n|switch|p2a: Dragapult|Dragapult, F|91\/100\n|move|p1a: Corviknight|Taunt|p2a: Dragapult\n|-start|p2a: Dragapult|move: Taunt\n|\n|upkeep\n|turn|72\n|\n|t:|1700157119\n|switch|p1a: Toxapex|Toxapex, M|100\/100\n|move|p2a: Dragapult|Fire Blast|p1a: Toxapex\n|-resisted|p1a: Toxapex\n|-damage|p1a: Toxapex|87\/100\n|-damage|p2a: Dragapult|81\/100|[from] item: Life Orb\n|\n|upkeep\n|turn|73\n|\n|t:|1700157125\n|move|p2a: Dragapult|Dragon Darts|p1a: Toxapex\n|-damage|p1a: Toxapex|66\/100\n|-anim|p2a: Dragapult|Dragon Darts|p1a: Toxapex\n|-damage|p1a: Toxapex|48\/100\n|-damage|p2a: Dragapult|71\/100|[from] item: Life Orb\n|move|p1a: Toxapex|Chilling Water|p2a: Dragapult\n|-resisted|p2a: Dragapult\n|-damage|p2a: Dragapult|65\/100\n|-unboost|p2a: Dragapult|atk|1\n|\n|-end|p2a: Dragapult|move: Taunt\n|upkeep\n|turn|74\n|\n|t:|1700157137\n|move|p2a: Dragapult|Dragon Darts|p1a: Toxapex\n|-damage|p1a: Toxapex|35\/100\n|-anim|p2a: Dragapult|Dragon Darts|p1a: Toxapex\n|-damage|p1a: Toxapex|23\/100\n|-damage|p2a: Dragapult|55\/100|[from] item: Life Orb\n|move|p1a: Toxapex|Toxic|p2a: Dragapult\n|-status|p2a: Dragapult|tox\n|\n|-damage|p2a: Dragapult|49\/100 tox|[from] psn\n|upkeep\n|turn|75\n|\n|t:|1700157144\n|switch|p1a: Clefable|Clefable, F|100\/100\n|move|p2a: Dragapult|Will-O-Wisp|p1a: Clefable\n|-status|p1a: Clefable|brn\n|\n|-damage|p2a: Dragapult|37\/100 tox|[from] psn\n|upkeep\n|turn|76\n|\n|t:|1700157150\n|switch|p2a: Sylveon|Sylveon, M|90\/100\n|move|p1a: Clefable|Stealth Rock|p2a: Sylveon\n|-sidestart|p2: not_lolu|move: Stealth Rock\n|\n|-heal|p2a: Sylveon|96\/100|[from] item: Leftovers\n|upkeep\n|turn|77\n|\n|t:|1700157156\n|switch|p1a: Toxapex|Toxapex, M|56\/100\n|move|p2a: Sylveon|Calm Mind|p2a: Sylveon\n|-boost|p2a: Sylveon|spa|1\n|-boost|p2a: Sylveon|spd|1\n|\n|-heal|p2a: Sylveon|100\/100|[from] item: Leftovers\n|upkeep\n|turn|78\n|\n|t:|1700157161\n|move|p2a: Sylveon|Calm Mind|p2a: Sylveon\n|-boost|p2a: Sylveon|spa|1\n|-boost|p2a: Sylveon|spd|1\n|move|p1a: Toxapex|Toxic|p2a: Sylveon\n|-status|p2a: Sylveon|tox\n|\n|-damage|p2a: Sylveon|94\/100 tox|[from] psn\n|upkeep\n|turn|79\n|\n|t:|1700157174\n|switch|p1a: Blissey|Blissey, F|100\/100\n|move|p2a: Sylveon|Calm Mind|p2a: Sylveon\n|-boost|p2a: Sylveon|spa|1\n|-boost|p2a: Sylveon|spd|1\n|\n|-heal|p2a: Sylveon|100\/100 tox|[from] item: Leftovers\n|-damage|p2a: Sylveon|88\/100 tox|[from] psn\n|upkeep\n|turn|80\n|\n|t:|1700157180\n|move|p2a: Sylveon|Hyper Voice|p1a: Blissey\n|-damage|p1a: Blissey|65\/100\n|move|p1a: Blissey|Seismic Toss|p2a: Sylveon\n|-damage|p2a: Sylveon|63\/100 tox\n|\n|-heal|p2a: Sylveon|69\/100 tox|[from] item: Leftovers\n|-heal|p1a: Blissey|71\/100|[from] item: Leftovers\n|-damage|p2a: Sylveon|51\/100 tox|[from] psn\n|upkeep\n|turn|81\n|\n|t:|1700157193\n|switch|p2a: Blissey|Blissey, F|100\/100\n|-damage|p2a: Blissey|88\/100|[from] Stealth Rock\n|switch|p1a: Toxapex|Toxapex, M|90\/100\n|\n|-heal|p2a: Blissey|94\/100|[from] item: Leftovers\n|upkeep\n|turn|82\n|\n|t:|1700157199\n|move|p2a: Blissey|Thunder Wave|p1a: Toxapex\n|-status|p1a: Toxapex|par\n|cant|p1a: Toxapex|par\n|\n|-heal|p2a: Blissey|99\/100|[from] item: Leftovers\n|upkeep\n|turn|83\n|\n|t:|1700157202\n|move|p2a: Blissey|Seismic Toss|p1a: Toxapex\n|-damage|p1a: Toxapex|57\/100 par\n|cant|p1a: Toxapex|par\n|\n|-heal|p2a: Blissey|100\/100|[from] item: Leftovers\n|upkeep\n|turn|84\n|\n|t:|1700157207\n|move|p2a: Blissey|Seismic Toss|p1a: Toxapex\n|-damage|p1a: Toxapex|24\/100 par\n|move|p1a: Toxapex|Toxic|p2a: Blissey\n|-status|p2a: Blissey|tox\n|\n|-damage|p2a: Blissey|94\/100 tox|[from] psn\n|upkeep\n|turn|85\n|\n|t:|1700157226\n|switch|p1a: Corviknight|Corviknight, M|57\/100\n|-ability|p1a: Corviknight|Pressure\n|move|p2a: Blissey|Thunder Wave|p1a: Corviknight\n|-status|p1a: Corviknight|par\n|\n|-heal|p2a: Blissey|100\/100 tox|[from] item: Leftovers\n|-damage|p2a: Blissey|88\/100 tox|[from] psn\n|upkeep\n|turn|86\n|\n|t:|1700157237\n|-curestatus|p2a: Blissey|tox|[from] ability: Natural Cure\n|switch|p2a: Corviknight|Corviknight, F|90\/100\n|-damage|p2a: Corviknight|78\/100|[from] Stealth Rock\n|cant|p1a: Corviknight|par\n|\n|-heal|p2a: Corviknight|84\/100|[from] item: Leftovers\n|upkeep\n|turn|87\n|\n|t:|1700157247\n|switch|p1a: Toxapex|Toxapex, M|57\/100 par\n|move|p2a: Corviknight|Defog|p1a: Toxapex\n|-unboost|p1a: Toxapex|evasion|1\n|-sideend|p2: not_lolu|Stealth Rock|[from] move: Defog|[of] p2a: Corviknight\n|\n|-heal|p2a: Corviknight|90\/100|[from] item: Leftovers\n|upkeep\n|turn|88\n|\n|t:|1700157254\n|switch|p2a: Meowscarada|Meowscarada, M, tera:Fire|41\/100\n|switch|p1a: Corviknight|Corviknight, M|57\/100 par\n|-ability|p1a: Corviknight|Pressure\n|\n|upkeep\n|turn|89\n|\n|t:|1700157262\n|move|p2a: Meowscarada|U-turn|p1a: Corviknight\n|-resisted|p1a: Corviknight\n|-damage|p1a: Corviknight|52\/100 par\n|\n|t:|1700157273\n|switch|p2a: Toxapex|Toxapex, F|100\/100|[from] U-turn\n|move|p1a: Corviknight|Brave Bird|p2a: Toxapex\n|-damage|p2a: Toxapex|77\/100\n|-damage|p1a: Corviknight|46\/100 par|[from] Recoil\n|\n|-heal|p2a: Toxapex|83\/100|[from] item: Leftovers\n|upkeep\n|turn|90\n|\n|t:|1700157303\n|switch|p1a: Blissey|Blissey, F|71\/100\n|move|p2a: Toxapex|Chilling Water|p1a: Blissey\n|-damage|p1a: Blissey|67\/100\n|-unboost|p1a: Blissey|atk|1\n|\n|-heal|p1a: Blissey|74\/100|[from] item: Leftovers\n|-heal|p2a: Toxapex|89\/100|[from] item: Leftovers\n|upkeep\n|turn|91\n|\n|t:|1700157320\n|switch|p2a: Meowscarada|Meowscarada, M, tera:Fire|41\/100\n|move|p1a: Blissey|Heal Bell|p1a: Blissey\n|-activate|p1a: Blissey|move: Heal Bell\n|-curestatus|p1: Corviknight|par|[msg]\n|-curestatus|p1: Clefable|brn|[msg]\n|-curestatus|p1: Zapdos|brn|[msg]\n|-curestatus|p1: Toxapex|par|[msg]\n|\n|-heal|p1a: Blissey|80\/100|[from] item: Leftovers\n|upkeep\n|turn|92\n|\n|t:|1700157330\n|switch|p1a: Toxapex|Toxapex, M|90\/100\n|move|p2a: Meowscarada|Knock Off|p1a: Toxapex\n|-damage|p1a: Toxapex|62\/100\n|\n|upkeep\n|turn|93\n|\n|t:|1700157338\n|switch|p2a: Blissey|Blissey, F|88\/100\n|move|p1a: Toxapex|Chilling Water|p2a: Blissey\n|-damage|p2a: Blissey|85\/100\n|-unboost|p2a: Blissey|atk|1\n|\n|-heal|p2a: Blissey|91\/100|[from] item: Leftovers\n|upkeep\n|turn|94\n|\n|t:|1700157344\n|move|p2a: Blissey|Heal Bell|p2a: Blissey\n|-activate|p2a: Blissey|move: Heal Bell\n|-curestatus|p2: Dragapult|tox|[msg]\n|-curestatus|p2: Sylveon|tox|[msg]\n|move|p1a: Toxapex|Toxic|p2a: Blissey\n|-status|p2a: Blissey|tox\n|\n|-heal|p2a: Blissey|97\/100 tox|[from] item: Leftovers\n|-damage|p2a: Blissey|91\/100 tox|[from] psn\n|upkeep\n|turn|95\n|\n|t:|1700157349\n|-curestatus|p2a: Blissey|tox|[from] ability: Natural Cure\n|switch|p2a: Toxapex|Toxapex, F|100\/100\n|switch|p1a: Zapdos|Zapdos|63\/100\n|\n|upkeep\n|turn|96\n|\n|t:|1700157359\n|switch|p1a: Corviknight|Corviknight, M|46\/100\n|-ability|p1a: Corviknight|Pressure\n|switch|p2a: Sylveon|Sylveon, M|51\/100\n|\n|-heal|p2a: Sylveon|57\/100|[from] item: Leftovers\n|upkeep\n|turn|97\n|\n|t:|1700157367\n|move|p2a: Sylveon|Protect|p2a: Sylveon\n|-singleturn|p2a: Sylveon|Protect\n|move|p1a: Corviknight|Brave Bird|p2a: Sylveon\n|-activate|p2a: Sylveon|move: Protect\n|\n|-heal|p2a: Sylveon|63\/100|[from] item: Leftovers\n|upkeep\n|turn|98\n|\n|t:|1700157372\n|switch|p2a: Toxapex|Toxapex, F|100\/100\n|move|p1a: Corviknight|Roost|p1a: Corviknight\n|-heal|p1a: Corviknight|96\/100\n|-singleturn|p1a: Corviknight|move: Roost\n|\n|upkeep\n|turn|99\n|\n|t:|1700157379\n|move|p1a: Corviknight|Taunt|p2a: Toxapex\n|-start|p2a: Toxapex|move: Taunt\n|move|p2a: Toxapex|Chilling Water|p1a: Corviknight\n|-damage|p1a: Corviknight|85\/100\n|-unboost|p1a: Corviknight|atk|1\n|\n|upkeep\n|turn|100\n|\n|t:|1700157385\n|switch|p1a: Blissey|Blissey, F|80\/100\n|switch|p2a: Corviknight|Corviknight, F|90\/100\n|\n|-heal|p2a: Corviknight|96\/100|[from] item: Leftovers\n|-heal|p1a: Blissey|86\/100|[from] item: Leftovers\n|upkeep\n|turn|101\n|\n|t:|1700157392\n|switch|p2a: Sylveon|Sylveon, M|63\/100\n|switch|p1a: Corviknight|Corviknight, M|85\/100\n|-ability|p1a: Corviknight|Pressure\n|\n|-heal|p2a: Sylveon|69\/100|[from] item: Leftovers\n|upkeep\n|turn|102\n|\n|t:|1700157395\n|move|p2a: Sylveon|Protect|p2a: Sylveon\n|-singleturn|p2a: Sylveon|Protect\n|move|p1a: Corviknight|Taunt|p2a: Sylveon\n|-activate|p2a: Sylveon|move: Protect\n|\n|-heal|p2a: Sylveon|75\/100|[from] item: Leftovers\n|upkeep\n|turn|103\n|\n|t:|1700157405\n|switch|p2a: Toxapex|Toxapex, F|100\/100\n|move|p1a: Corviknight|Brave Bird|p2a: Toxapex\n|-damage|p2a: Toxapex|76\/100\n|-damage|p1a: Corviknight|79\/100|[from] Recoil\n|\n|-heal|p2a: Toxapex|82\/100|[from] item: Leftovers\n|upkeep\n|turn|104\n|\n|t:|1700157409\n|switch|p1a: Blissey|Blissey, F|86\/100\n|switch|p2a: Sylveon|Sylveon, M|75\/100\n|\n|-heal|p2a: Sylveon|81\/100|[from] item: Leftovers\n|-heal|p1a: Blissey|92\/100|[from] item: Leftovers\n|upkeep\n|turn|105\n|\n|t:|1700157416\n|move|p2a: Sylveon|Wish|p2a: Sylveon\n|move|p1a: Blissey|Seismic Toss|p2a: Sylveon\n|-damage|p2a: Sylveon|56\/100\n|\n|-heal|p2a: Sylveon|62\/100|[from] item: Leftovers\n|-heal|p1a: Blissey|98\/100|[from] item: Leftovers\n|upkeep\n|turn|106\n|\n|t:|1700157420\n|switch|p2a: Meowscarada|Meowscarada, M, tera:Fire|41\/100\n|move|p1a: Blissey|Seismic Toss|p2a: Meowscarada\n|-damage|p2a: Meowscarada|7\/100\n|\n|-heal|p2a: Meowscarada|75\/100|[from] move: Wish|[wisher] Sylveon\n|-heal|p1a: Blissey|100\/100|[from] item: Leftovers\n|upkeep\n|turn|107\n|\n|t:|1700157429\n|switch|p1a: Toxapex|Toxapex, M|95\/100\n|move|p2a: Meowscarada|Flower Trick|p1a: Toxapex\n|-crit|p1a: Toxapex\n|-damage|p1a: Toxapex|53\/100\n|\n|upkeep\n|turn|108\n|\n|t:|1700157434\n|move|p2a: Meowscarada|Flower Trick|p1a: Toxapex\n|-crit|p1a: Toxapex\n|-damage|p1a: Toxapex|7\/100\n|move|p1a: Toxapex|Toxic|p2a: Meowscarada\n|-status|p2a: Meowscarada|tox\n|\n|-damage|p2a: Meowscarada|68\/100 tox|[from] psn\n|upkeep\n|turn|109\n|\n|t:|1700157447\n|switch|p2a: Blissey|Blissey, F|91\/100\n|switch|p1a: Corviknight|Corviknight, M|79\/100\n|-ability|p1a: Corviknight|Pressure\n|\n|-heal|p2a: Blissey|97\/100|[from] item: Leftovers\n|upkeep\n|turn|110\n|\n|t:|1700157456\n|switch|p2a: Toxapex|Toxapex, F|100\/100\n|move|p1a: Corviknight|Brave Bird|p2a: Toxapex\n|-damage|p2a: Toxapex|77\/100\n|-damage|p1a: Corviknight|73\/100|[from] Recoil\n|\n|-heal|p2a: Toxapex|83\/100|[from] item: Leftovers\n|upkeep\n|turn|111\n|\n|t:|1700157460\n|switch|p1a: Toxapex|Toxapex, M|41\/100\n|switch|p2a: Corviknight|Corviknight, F|96\/100\n|\n|-heal|p2a: Corviknight|100\/100|[from] item: Leftovers\n|upkeep\n|turn|112\n|\n|t:|1700157470\n|switch|p2a: Blissey|Blissey, F|97\/100\n|switch|p1a: Corviknight|Corviknight, M|73\/100\n|-ability|p1a: Corviknight|Pressure\n|\n|-heal|p2a: Blissey|100\/100|[from] item: Leftovers\n|upkeep\n|turn|113\n|c|\u2606not_lolu|this is gonna take forever\n|\n|t:|1700157498\n|switch|p2a: Corviknight|Corviknight, F|100\/100\n|move|p1a: Corviknight|Taunt|p2a: Corviknight\n|-start|p2a: Corviknight|move: Taunt\n|\n|upkeep\n|turn|114\n|c|\u2606poncy3|forfeitbutton is right therepal\n|inactive|poncy3 has 270 seconds left.\n|c|\u2606not_lolu|nuh uh\n|c|\u2606not_lolu|you press it\n|\n|t:|1700157516\n|switch|p2a: Toxapex|Toxapex, F|100\/100\n|switch|p1a: Dragapult|Dragapult, M, tera:Poison|66\/100\n|\n|upkeep\n|turn|115\n|\n|t:|1700157523\n|move|p1a: Dragapult|Dragon Darts|p2a: Toxapex\n|-damage|p2a: Toxapex|83\/100\n|-anim|p1a: Dragapult|Dragon Darts|p2a: Toxapex\n|-damage|p2a: Toxapex|67\/100\n|move|p2a: Toxapex|Chilling Water|p1a: Dragapult\n|-damage|p1a: Dragapult|52\/100\n|-unboost|p1a: Dragapult|atk|1\n|\n|-heal|p2a: Toxapex|74\/100|[from] item: Leftovers\n|upkeep\n|turn|116\n|\n|t:|1700157528\n|switch|p1a: Blissey|Blissey, F|100\/100\n|move|p2a: Toxapex|Chilling Water|p1a: Blissey\n|-damage|p1a: Blissey|97\/100\n|-unboost|p1a: Blissey|atk|1\n|\n|-heal|p1a: Blissey|100\/100|[from] item: Leftovers\n|-heal|p2a: Toxapex|80\/100|[from] item: Leftovers\n|upkeep\n|turn|117\n|\n|t:|1700157541\n|switch|p2a: Dragapult|Dragapult, F|37\/100\n|move|p1a: Blissey|Seismic Toss|p2a: Dragapult\n|-immune|p2a: Dragapult\n|\n|upkeep\n|turn|118\n|\n|t:|1700157551\n|switch|p1a: Clefable|Clefable, F|100\/100\n|move|p2a: Dragapult|Dragon Darts|p1a: Clefable\n|-immune|p1a: Clefable\n|\n|upkeep\n|turn|119\n|\n|t:|1700157554\n|move|p2a: Dragapult|U-turn|p1a: Clefable\n|-resisted|p1a: Clefable\n|-damage|p1a: Clefable|90\/100\n|-damage|p2a: Dragapult|27\/100|[from] item: Life Orb\n|\n|t:|1700157559\n|switch|p2a: Sylveon|Sylveon, M|62\/100|[from] U-turn\n|move|p1a: Clefable|Stealth Rock|p2a: Sylveon\n|-sidestart|p2: not_lolu|move: Stealth Rock\n|\n|-heal|p2a: Sylveon|68\/100|[from] item: Leftovers\n|-heal|p1a: Clefable|96\/100|[from] item: Leftovers\n|upkeep\n|turn|120\n|\n|t:|1700157567\n|switch|p1a: Toxapex|Toxapex, M|74\/100\n|move|p2a: Sylveon|Wish|p2a: Sylveon\n|\n|-heal|p2a: Sylveon|74\/100|[from] item: Leftovers\n|upkeep\n|turn|121\n|\n|t:|1700157572\n|switch|p2a: Dragapult|Dragapult, F|27\/100\n|-damage|p2a: Dragapult|15\/100|[from] Stealth Rock\n|move|p1a: Toxapex|Chilling Water|p2a: Dragapult\n|-resisted|p2a: Dragapult\n|-damage|p2a: Dragapult|8\/100\n|-unboost|p2a: Dragapult|atk|1\n|\n|-heal|p2a: Dragapult|70\/100|[from] move: Wish|[wisher] Sylveon\n|upkeep\n|turn|122\n|\n|t:|1700157582\n|move|p2a: Dragapult|Will-O-Wisp|p1a: Toxapex\n|-status|p1a: Toxapex|brn\n|move|p1a: Toxapex|Toxic|p2a: Dragapult\n|-status|p2a: Dragapult|tox\n|\n|-damage|p2a: Dragapult|64\/100 tox|[from] psn\n|-damage|p1a: Toxapex|68\/100 brn|[from] brn\n|upkeep\n|turn|123\n|\n|t:|1700157598\n|switch|p2a: Sylveon|Sylveon, M|74\/100\n|-damage|p2a: Sylveon|62\/100|[from] Stealth Rock\n|switch|p1a: Clefable|Clefable, F|96\/100\n|\n|-heal|p2a: Sylveon|68\/100|[from] item: Leftovers\n|-heal|p1a: Clefable|100\/100|[from] item: Leftovers\n|upkeep\n|turn|124\n|\n|t:|1700157609\n|switch|p1a: Dragapult|Dragapult, M, tera:Poison|52\/100\n|move|p2a: Sylveon|Calm Mind|p2a: Sylveon\n|-boost|p2a: Sylveon|spa|1\n|-boost|p2a: Sylveon|spd|1\n|\n|-heal|p2a: Sylveon|74\/100|[from] item: Leftovers\n|upkeep\n|turn|125\n|\n|t:|1700157620\n|switch|p2a: Toxapex|Toxapex, F|100\/100\n|-damage|p2a: Toxapex|88\/100|[from] Stealth Rock\n|move|p1a: Dragapult|Tera Blast|p2a: Toxapex|[anim] Tera Blast Poison\n|-resisted|p2a: Toxapex\n|-crit|p2a: Toxapex\n|-damage|p2a: Toxapex|68\/100\n|\n|-heal|p2a: Toxapex|75\/100|[from] item: Leftovers\n|upkeep\n|turn|126\n|\n|t:|1700157626\n|switch|p1a: Blissey|Blissey, F|100\/100\n|move|p2a: Toxapex|Chilling Water|p1a: Blissey\n|-damage|p1a: Blissey|97\/100\n|-unboost|p1a: Blissey|atk|1\n|\n|-heal|p1a: Blissey|100\/100|[from] item: Leftovers\n|-heal|p2a: Toxapex|81\/100|[from] item: Leftovers\n|upkeep\n|turn|127\n|\n|t:|1700157640\n|switch|p1a: Clefable|Clefable, F|100\/100\n|move|p2a: Toxapex|Toxic|p1a: Clefable\n|-status|p1a: Clefable|tox\n|\n|-heal|p2a: Toxapex|87\/100|[from] item: Leftovers\n|upkeep\n|turn|128\n|\n|t:|1700157648\n|switch|p1a: Toxapex|Toxapex, M|100\/100 brn\n|move|p2a: Toxapex|Chilling Water|p1a: Toxapex\n|-resisted|p1a: Toxapex\n|-damage|p1a: Toxapex|97\/100 brn\n|-unboost|p1a: Toxapex|atk|1\n|\n|-heal|p2a: Toxapex|93\/100|[from] item: Leftovers\n|-damage|p1a: Toxapex|90\/100 brn|[from] brn\n|upkeep\n|turn|129\n|\n|t:|1700157653\n|switch|p1a: Clefable|Clefable, F|100\/100 tox\n|switch|p2a: Corviknight|Corviknight, F|100\/100\n|-damage|p2a: Corviknight|88\/100|[from] Stealth Rock\n|\n|-heal|p2a: Corviknight|94\/100|[from] item: Leftovers\n|upkeep\n|turn|130\n|\n|t:|1700157661\n|switch|p1a: Zapdos|Zapdos|63\/100\n|move|p2a: Corviknight|Brave Bird|p1a: Zapdos\n|-resisted|p1a: Zapdos\n|-damage|p1a: Zapdos|41\/100\n|-status|p2a: Corviknight|par|[from] ability: Static|[of] p1a: Zapdos\n|-damage|p2a: Corviknight|88\/100 par|[from] Recoil\n|\n|-heal|p2a: Corviknight|94\/100 par|[from] item: Leftovers\n|upkeep\n|turn|131\n|\n|t:|1700157678\n|switch|p1a: Dragapult|Dragapult, M, tera:Poison|52\/100\n|switch|p2a: Sylveon|Sylveon, M|74\/100\n|-damage|p2a: Sylveon|61\/100|[from] Stealth Rock\n|\n|-heal|p2a: Sylveon|68\/100|[from] item: Leftovers\n|upkeep\n|turn|132\n|\n|t:|1700157682\n|switch|p2a: Corviknight|Corviknight, F|94\/100 par\n|-damage|p2a: Corviknight|82\/100 par|[from] Stealth Rock\n|move|p1a: Dragapult|Tera Blast|p2a: Corviknight|[anim] Tera Blast Poison\n|-immune|p2a: Corviknight\n|\n|-heal|p2a: Corviknight|88\/100 par|[from] item: Leftovers\n|upkeep\n|turn|133\n|\n|t:|1700157690\n|switch|p1a: Clefable|Clefable, F|100\/100 tox\n|move|p2a: Corviknight|Defog|p1a: Clefable\n|-unboost|p1a: Clefable|evasion|1\n|-sideend|p2: not_lolu|Stealth Rock|[from] move: Defog|[of] p2a: Corviknight\n|\n|-heal|p2a: Corviknight|94\/100 par|[from] item: Leftovers\n|upkeep\n|turn|134\n|\n|t:|1700157714\n|switch|p2a: Blissey|Blissey, F|100\/100\n|move|p1a: Clefable|Wish|p1a: Clefable\n|\n|upkeep\n|turn|135\n|\n|t:|1700157722\n|switch|p1a: Dragapult|Dragapult, M, tera:Poison|52\/100\n|move|p2a: Blissey|Seismic Toss|p1a: Dragapult\n|-damage|p1a: Dragapult|20\/100\n|\n|-heal|p1a: Dragapult|82\/100|[from] move: Wish|[wisher] Clefable\n|upkeep\n|turn|136\n|\n|t:|1700157734\n|switch|p2a: Corviknight|Corviknight, F|94\/100 par\n|move|p1a: Dragapult|Dragon Darts|p2a: Corviknight\n|-resisted|p2a: Corviknight\n|-damage|p2a: Corviknight|86\/100 par\n|-anim|p1a: Dragapult|Dragon Darts|p2a: Corviknight\n|-resisted|p2a: Corviknight\n|-damage|p2a: Corviknight|78\/100 par\n|\n|-heal|p2a: Corviknight|84\/100 par|[from] item: Leftovers\n|upkeep\n|turn|137\n|\n|t:|1700157743\n|switch|p1a: Toxapex|Toxapex, M|100\/100 brn\n|move|p2a: Corviknight|Brave Bird|p1a: Toxapex\n|-damage|p1a: Toxapex|76\/100 brn\n|-damage|p2a: Corviknight|78\/100 par|[from] Recoil\n|\n|-heal|p2a: Corviknight|84\/100 par|[from] item: Leftovers\n|-damage|p1a: Toxapex|70\/100 brn|[from] brn\n|upkeep\n|turn|138\n|\n|t:|1700157758\n|switch|p2a: Sylveon|Sylveon, M|68\/100\n|move|p1a: Toxapex|Chilling Water|p2a: Sylveon\n|-damage|p2a: Sylveon|62\/100\n|-unboost|p2a: Sylveon|atk|1\n|\n|-heal|p2a: Sylveon|68\/100|[from] item: Leftovers\n|-damage|p1a: Toxapex|64\/100 brn|[from] brn\n|upkeep\n|turn|139\n|\n|t:|1700157778\n|switch|p1a: Blissey|Blissey, F|100\/100\n|move|p2a: Sylveon|Hyper Voice|p1a: Blissey\n|-damage|p1a: Blissey|86\/100\n|\n|-heal|p2a: Sylveon|74\/100|[from] item: Leftovers\n|-heal|p1a: Blissey|93\/100|[from] item: Leftovers\n|upkeep\n|turn|140\n|\n|t:|1700157791\n|switch|p2a: Blissey|Blissey, F|100\/100\n|move|p1a: Blissey|Thunder Wave|p2a: Blissey\n|-status|p2a: Blissey|par\n|\n|-heal|p1a: Blissey|99\/100|[from] item: Leftovers\n|upkeep\n|turn|141\n|\n|t:|1700157796\n|move|p1a: Blissey|Seismic Toss|p2a: Blissey\n|-damage|p2a: Blissey|86\/100 par\n|move|p2a: Blissey|Heal Bell|p2a: Blissey\n|-activate|p2a: Blissey|move: Heal Bell\n|-curestatus|p2a: Blissey|par|[msg]\n|-curestatus|p2: Meowscarada|tox|[msg]\n|-curestatus|p2: Corviknight|par|[msg]\n|-curestatus|p2: Dragapult|tox|[msg]\n|\n|-heal|p1a: Blissey|100\/100|[from] item: Leftovers\n|-heal|p2a: Blissey|93\/100|[from] item: Leftovers\n|upkeep\n|turn|142\n|\n|t:|1700157806\n|move|p1a: Blissey|Seismic Toss|p2a: Blissey\n|-damage|p2a: Blissey|79\/100\n|move|p2a: Blissey|Seismic Toss|p1a: Blissey\n|-damage|p1a: Blissey|86\/100\n|\n|-heal|p2a: Blissey|85\/100|[from] item: Leftovers\n|-heal|p1a: Blissey|93\/100|[from] item: Leftovers\n|upkeep\n|turn|143\n|\n|t:|1700157813\n|move|p1a: Blissey|Seismic Toss|p2a: Blissey\n|-damage|p2a: Blissey|71\/100\n|move|p2a: Blissey|Seismic Toss|p1a: Blissey\n|-damage|p1a: Blissey|79\/100\n|\n|-heal|p2a: Blissey|77\/100|[from] item: Leftovers\n|-heal|p1a: Blissey|85\/100|[from] item: Leftovers\n|upkeep\n|turn|144\n|\n|t:|1700157817\n|move|p2a: Blissey|Seismic Toss|p1a: Blissey\n|-damage|p1a: Blissey|71\/100\n|move|p1a: Blissey|Seismic Toss|p2a: Blissey\n|-damage|p2a: Blissey|63\/100\n|\n|-heal|p2a: Blissey|69\/100|[from] item: Leftovers\n|-heal|p1a: Blissey|77\/100|[from] item: Leftovers\n|upkeep\n|turn|145\n|\n|t:|1700157826\n|move|p1a: Blissey|Thunder Wave|p2a: Blissey\n|-status|p2a: Blissey|par\n|move|p2a: Blissey|Seismic Toss|p1a: Blissey\n|-damage|p1a: Blissey|63\/100\n|\n|-heal|p1a: Blissey|69\/100|[from] item: Leftovers\n|-heal|p2a: Blissey|75\/100 par|[from] item: Leftovers\n|upkeep\n|turn|146\n|\n|t:|1700157841\n|-curestatus|p2a: Blissey|par|[from] ability: Natural Cure\n|switch|p2a: Meowscarada|Meowscarada, M, tera:Fire|68\/100\n|move|p1a: Blissey|Seismic Toss|p2a: Meowscarada\n|-damage|p2a: Meowscarada|34\/100\n|\n|-heal|p1a: Blissey|75\/100|[from] item: Leftovers\n|upkeep\n|turn|147\n|\n|t:|1700157847\n|switch|p1a: Toxapex|Toxapex, M|97\/100 brn\n|move|p2a: Meowscarada|Knock Off|p1a: Toxapex\n|-damage|p1a: Toxapex|69\/100 brn\n|\n|-damage|p1a: Toxapex|62\/100 brn|[from] brn\n|upkeep\n|turn|148\n|\n|t:|1700157853\n|move|p2a: Meowscarada|Knock Off|p1a: Toxapex\n|-damage|p1a: Toxapex|34\/100 brn\n|move|p1a: Toxapex|Chilling Water|p2a: Meowscarada\n|-supereffective|p2a: Meowscarada\n|-damage|p2a: Meowscarada|0 fnt\n|faint|p2a: Meowscarada\n|\n|-damage|p1a: Toxapex|28\/100 brn|[from] brn\n|upkeep\n|c|\u2606not_lolu|MY BAD\n|\n|t:|1700157880\n|switch|p2a: Dragapult|Dragapult, F|64\/100\n|turn|149\n|c|\u2606not_lolu|mb,,\n|\n|t:|1700157908\n|switch|p1a: Clefable|Clefable, F|100\/100 tox\n|move|p2a: Dragapult|Dragon Darts|p1a: Clefable\n|-immune|p1a: Clefable\n|\n|upkeep\n|turn|150\n|\n|t:|1700157917\n|move|p2a: Dragapult|Fire Blast|p1a: Clefable\n|-damage|p1a: Clefable|68\/100 tox\n|-damage|p2a: Dragapult|54\/100|[from] item: Life Orb\n|move|p1a: Clefable|Stealth Rock|p2a: Dragapult\n|-sidestart|p2: not_lolu|move: Stealth Rock\n|\n|-heal|p1a: Clefable|74\/100 tox|[from] item: Leftovers\n|upkeep\n|turn|151\n|\n|t:|1700157929\n|switch|p1a: Toxapex|Toxapex, M|61\/100 brn\n|move|p2a: Dragapult|Dragon Darts|p1a: Toxapex\n|-damage|p1a: Toxapex|42\/100 brn\n|-anim|p2a: Dragapult|Dragon Darts|p1a: Toxapex\n|-damage|p1a: Toxapex|23\/100 brn\n|-damage|p2a: Dragapult|45\/100|[from] item: Life Orb\n|\n|-damage|p1a: Toxapex|16\/100 brn|[from] brn\n|upkeep\n|turn|152\n|\n|t:|1700157932\n|switch|p1a: Clefable|Clefable, F|74\/100 tox\n|move|p2a: Dragapult|Dragon Darts|p1a: Clefable\n|-immune|p1a: Clefable\n|\n|-heal|p1a: Clefable|80\/100 tox|[from] item: Leftovers\n|upkeep\n|turn|153\n|\n|t:|1700157937\n|move|p1a: Clefable|Protect|p1a: Clefable\n|-singleturn|p1a: Clefable|Protect\n|move|p2a: Dragapult|Fire Blast|p1a: Clefable\n|-activate|p1a: Clefable|move: Protect\n|\n|-heal|p1a: Clefable|86\/100 tox|[from] item: Leftovers\n|upkeep\n|turn|154\n|\n|t:|1700157944\n|move|p2a: Dragapult|Fire Blast|p1a: Clefable\n|-damage|p1a: Clefable|55\/100 tox\n|-damage|p2a: Dragapult|35\/100|[from] item: Life Orb\n|move|p1a: Clefable|Wish|p1a: Clefable\n|\n|-heal|p1a: Clefable|61\/100 tox|[from] item: Leftovers\n|upkeep\n|turn|155\n|\n|t:|1700157967\n|switch|p2a: Sylveon|Sylveon, M|74\/100\n|-damage|p2a: Sylveon|62\/100|[from] Stealth Rock\n|move|p1a: Clefable|Psychic|p2a: Sylveon\n|-damage|p2a: Sylveon|50\/100\n|\n|-heal|p1a: Clefable|100\/100 tox|[from] move: Wish|[wisher] Clefable\n|-heal|p2a: Sylveon|56\/100|[from] item: Leftovers\n|upkeep\n|turn|156\n|\n|t:|1700157983\n|switch|p1a: Toxapex|Toxapex, M|50\/100 brn\n|move|p2a: Sylveon|Wish|p2a: Sylveon\n|\n|-heal|p2a: Sylveon|62\/100|[from] item: Leftovers\n|-damage|p1a: Toxapex|43\/100 brn|[from] brn\n|upkeep\n|turn|157\n|\n|t:|1700157991\n|move|p2a: Sylveon|Calm Mind|p2a: Sylveon\n|-boost|p2a: Sylveon|spa|1\n|-boost|p2a: Sylveon|spd|1\n|move|p1a: Toxapex|Toxic|p2a: Sylveon\n|-status|p2a: Sylveon|tox\n|\n|-heal|p2a: Sylveon|100\/100 tox|[from] move: Wish|[wisher] Sylveon\n|-damage|p2a: Sylveon|94\/100 tox|[from] psn\n|-damage|p1a: Toxapex|37\/100 brn|[from] brn\n|upkeep\n|turn|158\n|\n|t:|1700158008\n|switch|p1a: Blissey|Blissey, F|75\/100\n|move|p2a: Sylveon|Hyper Voice|p1a: Blissey\n|-damage|p1a: Blissey|53\/100\n|\n|-heal|p2a: Sylveon|100\/100 tox|[from] item: Leftovers\n|-heal|p1a: Blissey|59\/100|[from] item: Leftovers\n|-damage|p2a: Sylveon|88\/100 tox|[from] psn\n|upkeep\n|turn|159\n|\n|t:|1700158016\n|switch|p2a: Corviknight|Corviknight, F|84\/100\n|-damage|p2a: Corviknight|72\/100|[from] Stealth Rock\n|move|p1a: Blissey|Seismic Toss|p2a: Corviknight\n|-damage|p2a: Corviknight|47\/100\n|\n|-heal|p2a: Corviknight|53\/100|[from] item: Leftovers\n|-heal|p1a: Blissey|65\/100|[from] item: Leftovers\n|upkeep\n|turn|160\n|\n|t:|1700158024\n|switch|p2a: Sylveon|Sylveon, M|88\/100 tox\n|-damage|p2a: Sylveon|76\/100 tox|[from] Stealth Rock\n|switch|p1a: Toxapex|Toxapex, M|70\/100 brn\n|\n|-heal|p2a: Sylveon|82\/100 tox|[from] item: Leftovers\n|-damage|p2a: Sylveon|76\/100 tox|[from] psn\n|-damage|p1a: Toxapex|64\/100 brn|[from] brn\n|upkeep\n|turn|161\n|\n|t:|1700158035\n|switch|p1a: Corviknight|Corviknight, M|73\/100\n|-ability|p1a: Corviknight|Pressure\n|move|p2a: Sylveon|Wish|p2a: Sylveon\n|\n|-heal|p2a: Sylveon|82\/100 tox|[from] item: Leftovers\n|-damage|p2a: Sylveon|70\/100 tox|[from] psn\n|upkeep\n|turn|162\n|\n|t:|1700158047\n|switch|p2a: Dragapult|Dragapult, F|35\/100\n|-damage|p2a: Dragapult|23\/100|[from] Stealth Rock\n|move|p1a: Corviknight|Taunt|p2a: Dragapult\n|-start|p2a: Dragapult|move: Taunt\n|\n|-heal|p2a: Dragapult|85\/100|[from] move: Wish|[wisher] Sylveon\n|upkeep\n|turn|163\n|\n|t:|1700158053\n|switch|p1a: Toxapex|Toxapex, M|97\/100 brn\n|move|p2a: Dragapult|Fire Blast|p1a: Toxapex\n|-resisted|p1a: Toxapex\n|-damage|p1a: Toxapex|84\/100 brn\n|-damage|p2a: Dragapult|75\/100|[from] item: Life Orb\n|\n|-damage|p1a: Toxapex|78\/100 brn|[from] brn\n|upkeep\n|turn|164\n|\n|t:|1700158066\n|move|p2a: Dragapult|Dragon Darts|p1a: Toxapex\n|-damage|p1a: Toxapex|57\/100 brn\n|-anim|p2a: Dragapult|Dragon Darts|p1a: Toxapex\n|-damage|p1a: Toxapex|38\/100 brn\n|-damage|p2a: Dragapult|65\/100|[from] item: Life Orb\n|move|p1a: Toxapex|Chilling Water|p2a: Dragapult\n|-resisted|p2a: Dragapult\n|-damage|p2a: Dragapult|59\/100\n|-unboost|p2a: Dragapult|atk|1\n|\n|-damage|p1a: Toxapex|31\/100 brn|[from] brn\n|-end|p2a: Dragapult|move: Taunt\n|upkeep\n|turn|165\n|\n|t:|1700158078\n|switch|p1a: Clefable|Clefable, F|100\/100 tox\n|move|p2a: Dragapult|Dragon Darts|p1a: Clefable\n|-immune|p1a: Clefable\n|\n|upkeep\n|turn|166\n|\n|t:|1700158088\n|switch|p2a: Toxapex|Toxapex, F|100\/100\n|-damage|p2a: Toxapex|88\/100|[from] Stealth Rock\n|move|p1a: Clefable|Psychic|p2a: Toxapex\n|-supereffective|p2a: Toxapex\n|-damage|p2a: Toxapex|53\/100\n|\n|-heal|p2a: Toxapex|59\/100|[from] item: Leftovers\n|upkeep\n|turn|167\n|\n|t:|1700158102\n|switch|p1a: Zapdos|Zapdos|41\/100\n|move|p2a: Toxapex|Chilling Water|p1a: Zapdos\n|-damage|p1a: Zapdos|28\/100\n|-unboost|p1a: Zapdos|atk|1\n|\n|-heal|p2a: Toxapex|66\/100|[from] item: Leftovers\n|upkeep\n|turn|168\n|\n|t:|1700158107\n|switch|p2a: Blissey|Blissey, F|75\/100\n|-damage|p2a: Blissey|63\/100|[from] Stealth Rock\n|move|p1a: Zapdos|Discharge|p2a: Blissey\n|-damage|p2a: Blissey|52\/100\n|\n|-heal|p2a: Blissey|58\/100|[from] item: Leftovers\n|upkeep\n|turn|169\n|\n|t:|1700158119\n|switch|p1a: Corviknight|Corviknight, M|73\/100\n|-ability|p1a: Corviknight|Pressure\n|move|p2a: Blissey|Seismic Toss|p1a: Corviknight\n|-damage|p1a: Corviknight|48\/100\n|\n|-heal|p2a: Blissey|65\/100|[from] item: Leftovers\n|upkeep\n|turn|170\n|\n|t:|1700158126\n|switch|p2a: Toxapex|Toxapex, F|99\/100\n|-damage|p2a: Toxapex|86\/100|[from] Stealth Rock\n|move|p1a: Corviknight|Brave Bird|p2a: Toxapex\n|-damage|p2a: Toxapex|65\/100\n|-damage|p1a: Corviknight|42\/100|[from] Recoil\n|\n|-heal|p2a: Toxapex|71\/100|[from] item: Leftovers\n|upkeep\n|turn|171\n|\n|t:|1700158132\n|move|p1a: Corviknight|Roost|p1a: Corviknight\n|-heal|p1a: Corviknight|92\/100\n|-singleturn|p1a: Corviknight|move: Roost\n|move|p2a: Toxapex|Chilling Water|p1a: Corviknight\n|-damage|p1a: Corviknight|82\/100\n|-unboost|p1a: Corviknight|atk|1\n|\n|-heal|p2a: Toxapex|77\/100|[from] item: Leftovers\n|upkeep\n|turn|172\n|\n|t:|1700158142\n|switch|p1a: Clefable|Clefable, F|100\/100 tox\n|switch|p2a: Corviknight|Corviknight, F|53\/100\n|-damage|p2a: Corviknight|40\/100|[from] Stealth Rock\n|\n|-heal|p2a: Corviknight|46\/100|[from] item: Leftovers\n|upkeep\n|turn|173\n|\n|t:|1700158147\n|switch|p2a: Blissey|Blissey, F|65\/100\n|-damage|p2a: Blissey|52\/100|[from] Stealth Rock\n|move|p1a: Clefable|Wish|p1a: Clefable\n|\n|-heal|p2a: Blissey|58\/100|[from] item: Leftovers\n|upkeep\n|turn|174\n|\n|t:|1700158153\n|switch|p1a: Zapdos|Zapdos|28\/100\n|move|p2a: Blissey|Seismic Toss|p1a: Zapdos\n|-damage|p1a: Zapdos|0 fnt\n|-status|p2a: Blissey|par|[from] ability: Static|[of] p1a: Zapdos\n|faint|p1a: Zapdos\n|\n|-heal|p2a: Blissey|65\/100 par|[from] item: Leftovers\n|upkeep\n|\n|t:|1700158172\n|switch|p1a: Dragapult|Dragapult, M, tera:Poison|82\/100\n|turn|175\n|\n|t:|1700158197\n|switch|p1a: Toxapex|Toxapex, M|65\/100 brn\n|-curestatus|p2a: Blissey|par|[from] ability: Natural Cure\n|switch|p2a: Corviknight|Corviknight, F|46\/100\n|-damage|p2a: Corviknight|34\/100|[from] Stealth Rock\n|\n|-heal|p2a: Corviknight|40\/100|[from] item: Leftovers\n|-damage|p1a: Toxapex|58\/100 brn|[from] brn\n|upkeep\n|turn|176\n|inactive|poncy3 has 270 seconds left.\n|\n|t:|1700158228\n|switch|p1a: Corviknight|Corviknight, M|82\/100\n|-ability|p1a: Corviknight|Pressure\n|move|p2a: Corviknight|Roost|p2a: Corviknight\n|-heal|p2a: Corviknight|90\/100\n|-singleturn|p2a: Corviknight|move: Roost\n|\n|-heal|p2a: Corviknight|96\/100|[from] item: Leftovers\n|upkeep\n|turn|177\n|c|\u2606not_lolu|btw pressure doesn't apply the on turn you switch in,,\n|\n|t:|1700158241\n|switch|p2a: Toxapex|Toxapex, F|100\/100\n|-damage|p2a: Toxapex|88\/100|[from] Stealth Rock\n|move|p1a: Corviknight|Taunt|p2a: Toxapex\n|-start|p2a: Toxapex|move: Taunt\n|\n|-heal|p2a: Toxapex|94\/100|[from] item: Leftovers\n|upkeep\n|turn|178\n|\n|t:|1700158250\n|switch|p1a: Blissey|Blissey, F|65\/100\n|switch|p2a: Corviknight|Corviknight, F|96\/100\n|-damage|p2a: Corviknight|84\/100|[from] Stealth Rock\n|\n|-heal|p2a: Corviknight|90\/100|[from] item: Leftovers\n|-heal|p1a: Blissey|71\/100|[from] item: Leftovers\n|upkeep\n|turn|179\n|\n|t:|1700158257\n|switch|p1a: Toxapex|Toxapex, M|92\/100 brn\n|move|p2a: Corviknight|Defog|p1a: Toxapex\n|-unboost|p1a: Toxapex|evasion|1\n|-sideend|p2: not_lolu|Stealth Rock|[from] move: Defog|[of] p2a: Corviknight\n|\n|-heal|p2a: Corviknight|96\/100|[from] item: Leftovers\n|-damage|p1a: Toxapex|85\/100 brn|[from] brn\n|upkeep\n|turn|180\n|\n|t:|1700158263\n|switch|p2a: Dragapult|Dragapult, F|59\/100\n|switch|p1a: Corviknight|Corviknight, M|82\/100\n|-ability|p1a: Corviknight|Pressure\n|\n|upkeep\n|turn|181\n|\n|t:|1700158269\n|switch|p1a: Toxapex|Toxapex, M|100\/100 brn\n|move|p2a: Dragapult|Will-O-Wisp|p1a: Toxapex\n|-fail|p1a: Toxapex|brn\n|\n|-damage|p1a: Toxapex|94\/100 brn|[from] brn\n|upkeep\n|turn|182\n|\n|t:|1700158274\n|move|p2a: Dragapult|Dragon Darts|p1a: Toxapex\n|-damage|p1a: Toxapex|74\/100 brn\n|-anim|p2a: Dragapult|Dragon Darts|p1a: Toxapex\n|-damage|p1a: Toxapex|55\/100 brn\n|-damage|p2a: Dragapult|49\/100|[from] item: Life Orb\n|move|p1a: Toxapex|Chilling Water|p2a: Dragapult\n|-resisted|p2a: Dragapult\n|-damage|p2a: Dragapult|42\/100\n|-unboost|p2a: Dragapult|atk|1\n|\n|-damage|p1a: Toxapex|49\/100 brn|[from] brn\n|upkeep\n|turn|183\n|\n|t:|1700158283\n|switch|p1a: Clefable|Clefable, F|100\/100 tox\n|move|p2a: Dragapult|Dragon Darts|p1a: Clefable\n|-immune|p1a: Clefable\n|\n|upkeep\n|turn|184\n|\n|t:|1700158288\n|move|p2a: Dragapult|U-turn|p1a: Clefable\n|-resisted|p1a: Clefable\n|-damage|p1a: Clefable|93\/100 tox\n|-damage|p2a: Dragapult|32\/100|[from] item: Life Orb\n|\n|t:|1700158294\n|switch|p2a: Blissey|Blissey, F|65\/100|[from] U-turn\n|move|p1a: Clefable|Stealth Rock|p2a: Blissey\n|-sidestart|p2: not_lolu|move: Stealth Rock\n|\n|-heal|p1a: Clefable|99\/100 tox|[from] item: Leftovers\n|-heal|p2a: Blissey|71\/100|[from] item: Leftovers\n|upkeep\n|turn|185\n|\n|t:|1700158309\n|move|p1a: Clefable|Protect|p1a: Clefable\n|-singleturn|p1a: Clefable|Protect\n|move|p2a: Blissey|Seismic Toss|p1a: Clefable\n|-activate|p1a: Clefable|move: Protect\n|\n|-heal|p1a: Clefable|100\/100 tox|[from] item: Leftovers\n|-heal|p2a: Blissey|77\/100|[from] item: Leftovers\n|upkeep\n|turn|186\n|\n|t:|1700158317\n|switch|p1a: Blissey|Blissey, F|71\/100\n|move|p2a: Blissey|Seismic Toss|p1a: Blissey\n|-damage|p1a: Blissey|57\/100\n|\n|-heal|p2a: Blissey|83\/100|[from] item: Leftovers\n|-heal|p1a: Blissey|63\/100|[from] item: Leftovers\n|upkeep\n|turn|187\n|\n|t:|1700158326\n|move|p1a: Blissey|Thunder Wave|p2a: Blissey\n|-status|p2a: Blissey|par\n|move|p2a: Blissey|Seismic Toss|p1a: Blissey\n|-damage|p1a: Blissey|49\/100\n|\n|-heal|p1a: Blissey|55\/100|[from] item: Leftovers\n|-heal|p2a: Blissey|89\/100 par|[from] item: Leftovers\n|upkeep\n|turn|188\n|\n|t:|1700158335\n|move|p1a: Blissey|Seismic Toss|p2a: Blissey\n|-damage|p2a: Blissey|75\/100 par\n|move|p2a: Blissey|Seismic Toss|p1a: Blissey\n|-damage|p1a: Blissey|41\/100\n|\n|-heal|p1a: Blissey|48\/100|[from] item: Leftovers\n|-heal|p2a: Blissey|81\/100 par|[from] item: Leftovers\n|upkeep\n|turn|189\n|\n|t:|1700158343\n|move|p1a: Blissey|Seismic Toss|p2a: Blissey\n|-damage|p2a: Blissey|67\/100 par\n|cant|p2a: Blissey|par\n|\n|-heal|p1a: Blissey|54\/100|[from] item: Leftovers\n|-heal|p2a: Blissey|73\/100 par|[from] item: Leftovers\n|upkeep\n|turn|190\n|\n|t:|1700158346\n|move|p1a: Blissey|Seismic Toss|p2a: Blissey\n|-damage|p2a: Blissey|59\/100 par\n|move|p2a: Blissey|Seismic Toss|p1a: Blissey\n|-damage|p1a: Blissey|40\/100\n|\n|-heal|p1a: Blissey|46\/100|[from] item: Leftovers\n|-heal|p2a: Blissey|66\/100 par|[from] item: Leftovers\n|upkeep\n|turn|191\n|\n|t:|1700158350\n|move|p1a: Blissey|Seismic Toss|p2a: Blissey\n|-damage|p2a: Blissey|52\/100 par\n|move|p2a: Blissey|Seismic Toss|p1a: Blissey\n|-damage|p1a: Blissey|32\/100\n|\n|-heal|p1a: Blissey|38\/100|[from] item: Leftovers\n|-heal|p2a: Blissey|58\/100 par|[from] item: Leftovers\n|upkeep\n|turn|192\n|\n|t:|1700158357\n|move|p1a: Blissey|Seismic Toss|p2a: Blissey\n|-damage|p2a: Blissey|44\/100 par\n|move|p2a: Blissey|Seismic Toss|p1a: Blissey\n|-damage|p1a: Blissey|24\/100\n|\n|-heal|p1a: Blissey|30\/100|[from] item: Leftovers\n|-heal|p2a: Blissey|50\/100 par|[from] item: Leftovers\n|upkeep\n|turn|193\n|\n|t:|1700158364\n|move|p1a: Blissey|Soft-Boiled|p1a: Blissey\n|-heal|p1a: Blissey|80\/100\n|move|p2a: Blissey|Seismic Toss|p1a: Blissey\n|-damage|p1a: Blissey|66\/100\n|\n|-heal|p1a: Blissey|72\/100|[from] item: Leftovers\n|-heal|p2a: Blissey|56\/100 par|[from] item: Leftovers\n|upkeep\n|turn|194\n|\n|t:|1700158367\n|move|p1a: Blissey|Seismic Toss|p2a: Blissey\n|-damage|p2a: Blissey|42\/100 par\n|move|p2a: Blissey|Seismic Toss|p1a: Blissey\n|-damage|p1a: Blissey|58\/100\n|\n|-heal|p1a: Blissey|65\/100|[from] item: Leftovers\n|-heal|p2a: Blissey|48\/100 par|[from] item: Leftovers\n|upkeep\n|turn|195\n|\n|t:|1700158370\n|move|p1a: Blissey|Seismic Toss|p2a: Blissey\n|-damage|p2a: Blissey|34\/100 par\n|move|p2a: Blissey|Soft-Boiled|p2a: Blissey\n|-heal|p2a: Blissey|84\/100 par\n|\n|-heal|p1a: Blissey|71\/100|[from] item: Leftovers\n|-heal|p2a: Blissey|90\/100 par|[from] item: Leftovers\n|upkeep\n|turn|196\n|\n|t:|1700158377\n|move|p1a: Blissey|Seismic Toss|p2a: Blissey\n|-damage|p2a: Blissey|76\/100 par\n|cant|p2a: Blissey|par\n|\n|-heal|p1a: Blissey|77\/100|[from] item: Leftovers\n|-heal|p2a: Blissey|83\/100 par|[from] item: Leftovers\n|upkeep\n|turn|197\n|\n|t:|1700158383\n|move|p1a: Blissey|Seismic Toss|p2a: Blissey\n|-damage|p2a: Blissey|69\/100 par\n|move|p2a: Blissey|Thunder Wave|p1a: Blissey\n|-status|p1a: Blissey|par\n|\n|-heal|p2a: Blissey|75\/100 par|[from] item: Leftovers\n|-heal|p1a: Blissey|83\/100 par|[from] item: Leftovers\n|upkeep\n|turn|198\n|\n|t:|1700158401\n|-curestatus|p1a: Blissey|par|[from] ability: Natural Cure\n|switch|p1a: Toxapex|Toxapex, M|82\/100 brn\n|cant|p2a: Blissey|par\n|\n|-heal|p2a: Blissey|81\/100 par|[from] item: Leftovers\n|-damage|p1a: Toxapex|76\/100 brn|[from] brn\n|upkeep\n|turn|199\n|\n|t:|1700158413\n|-curestatus|p2a: Blissey|par|[from] ability: Natural Cure\n|switch|p2a: Toxapex|Toxapex, F|100\/100\n|-damage|p2a: Toxapex|88\/100|[from] Stealth Rock\n|move|p1a: Toxapex|Chilling Water|p2a: Toxapex\n|-resisted|p2a: Toxapex\n|-damage|p2a: Toxapex|83\/100\n|-unboost|p2a: Toxapex|atk|1\n|\n|-heal|p2a: Toxapex|90\/100|[from] item: Leftovers\n|-damage|p1a: Toxapex|70\/100 brn|[from] brn\n|upkeep\n|turn|200\n|\n|t:|1700158420\n|switch|p1a: Blissey|Blissey, F|83\/100\n|move|p2a: Toxapex|Chilling Water|p1a: Blissey\n|-damage|p1a: Blissey|79\/100\n|-unboost|p1a: Blissey|atk|1\n|\n|-heal|p1a: Blissey|85\/100|[from] item: Leftovers\n|-heal|p2a: Toxapex|96\/100|[from] item: Leftovers\n|upkeep\n|turn|201\n|\n|t:|1700158422\n|switch|p2a: Blissey|Blissey, F|81\/100\n|-damage|p2a: Blissey|68\/100|[from] Stealth Rock\n|move|p1a: Blissey|Thunder Wave|p2a: Blissey|[miss]\n|-miss|p1a: Blissey|p2a: Blissey\n|\n|-heal|p1a: Blissey|92\/100|[from] item: Leftovers\n|-heal|p2a: Blissey|75\/100|[from] item: Leftovers\n|upkeep\n|turn|202\n|\n|t:|1700158431\n|move|p1a: Blissey|Thunder Wave|p2a: Blissey\n|-status|p2a: Blissey|par\n|move|p2a: Blissey|Thunder Wave|p1a: Blissey|[miss]\n|-miss|p2a: Blissey|p1a: Blissey\n|\n|-heal|p1a: Blissey|98\/100|[from] item: Leftovers\n|-heal|p2a: Blissey|81\/100 par|[from] item: Leftovers\n|upkeep\n|turn|203\n|\n|t:|1700158440\n|switch|p1a: Toxapex|Toxapex, M|100\/100 brn\n|move|p2a: Blissey|Thunder Wave||[still]\n|-fail|p2a: Blissey\n|\n|-heal|p2a: Blissey|87\/100 par|[from] item: Leftovers\n|-damage|p1a: Toxapex|94\/100 brn|[from] brn\n|upkeep\n|turn|204\n|\n|t:|1700158452\n|switch|p1a: Blissey|Blissey, F|98\/100\n|-curestatus|p2a: Blissey|par|[from] ability: Natural Cure\n|switch|p2a: Toxapex|Toxapex, F|100\/100\n|-damage|p2a: Toxapex|88\/100|[from] Stealth Rock\n|\n|-heal|p1a: Blissey|100\/100|[from] item: Leftovers\n|-heal|p2a: Toxapex|94\/100|[from] item: Leftovers\n|upkeep\n|turn|205\n|\n|t:|1700158455\n|move|p1a: Blissey|Thunder Wave|p2a: Toxapex|[miss]\n|-miss|p1a: Blissey|p2a: Toxapex\n|move|p2a: Toxapex|Toxic|p1a: Blissey\n|-status|p1a: Blissey|tox\n|\n|-heal|p2a: Toxapex|100\/100|[from] item: Leftovers\n|-damage|p1a: Blissey|94\/100 tox|[from] psn\n|upkeep\n|turn|206\n|\n|t:|1700158468\n|switch|p2a: Blissey|Blissey, F|87\/100\n|-damage|p2a: Blissey|74\/100|[from] Stealth Rock\n|move|p1a: Blissey|Thunder Wave|p2a: Blissey\n|-status|p2a: Blissey|par\n|\n|-heal|p1a: Blissey|100\/100 tox|[from] item: Leftovers\n|-heal|p2a: Blissey|81\/100 par|[from] item: Leftovers\n|-damage|p1a: Blissey|88\/100 tox|[from] psn\n|upkeep\n|turn|207\n|inactive|poncy3 has 270 seconds left.\n|\n|t:|1700158510\n|-curestatus|p1a: Blissey|tox|[from] ability: Natural Cure\n|switch|p1a: Toxapex|Toxapex, M|100\/100 brn\n|-curestatus|p2a: Blissey|par|[from] ability: Natural Cure\n|switch|p2a: Corviknight|Corviknight, F|96\/100\n|-damage|p2a: Corviknight|84\/100|[from] Stealth Rock\n|\n|-heal|p2a: Corviknight|90\/100|[from] item: Leftovers\n|-damage|p1a: Toxapex|94\/100 brn|[from] brn\n|upkeep\n|turn|208\n|\n|t:|1700158530\n|switch|p1a: Corviknight|Corviknight, M|82\/100\n|-ability|p1a: Corviknight|Pressure\n|move|p2a: Corviknight|Defog|p1a: Corviknight\n|-unboost|p1a: Corviknight|evasion|1\n|-sideend|p2: not_lolu|Stealth Rock|[from] move: Defog|[of] p2a: Corviknight\n|\n|-heal|p2a: Corviknight|96\/100|[from] item: Leftovers\n|upkeep\n|turn|209\n|\n|t:|1700158554\n|switch|p2a: Toxapex|Toxapex, F|100\/100\n|switch|p1a: Toxapex|Toxapex, M|100\/100 brn\n|\n|-damage|p1a: Toxapex|94\/100 brn|[from] brn\n|upkeep\n|turn|210\n|c|\u2606not_lolu|we're about to run out of time before this ends\n|\n|t:|1700158571\n|switch|p1a: Blissey|Blissey, F|88\/100\n|switch|p2a: Blissey|Blissey, F|81\/100\n|\n|-heal|p2a: Blissey|87\/100|[from] item: Leftovers\n|-heal|p1a: Blissey|94\/100|[from] item: Leftovers\n|upkeep\n|turn|211\n|c|\u2606not_lolu|no i will not forfeit\n|\n|t:|1700158595\n|move|p1a: Blissey|Thunder Wave|p2a: Blissey\n|-status|p2a: Blissey|par\n|move|p2a: Blissey|Thunder Wave|p1a: Blissey\n|-status|p1a: Blissey|par\n|\n|-heal|p2a: Blissey|93\/100 par|[from] item: Leftovers\n|-heal|p1a: Blissey|100\/100 par|[from] item: Leftovers\n|upkeep\n|turn|212\n|\n|t:|1700158604\n|-curestatus|p1a: Blissey|par|[from] ability: Natural Cure\n|switch|p1a: Toxapex|Toxapex, M|100\/100 brn\n|cant|p2a: Blissey|par\n|\n|-heal|p2a: Blissey|99\/100 par|[from] item: Leftovers\n|-damage|p1a: Toxapex|94\/100 brn|[from] brn\n|upkeep\n|turn|213\n|\n|t:|1700158615\n|switch|p1a: Blissey|Blissey, F|100\/100\n|move|p2a: Blissey|Heal Bell|p2a: Blissey\n|-activate|p2a: Blissey|move: Heal Bell\n|-curestatus|p2a: Blissey|par|[msg]\n|-curestatus|p2: Sylveon|tox|[msg]\n|\n|-heal|p2a: Blissey|100\/100|[from] item: Leftovers\n|upkeep\n|turn|214\n|\n|t:|1700158623\n|move|p2a: Blissey|Thunder Wave|p1a: Blissey\n|-status|p1a: Blissey|par\n|cant|p1a: Blissey|par\n|\n|upkeep\n|turn|215\n|\n|t:|1700158627\n|switch|p2a: Sylveon|Sylveon, M|70\/100\n|cant|p1a: Blissey|par\n|\n|-heal|p2a: Sylveon|76\/100|[from] item: Leftovers\n|upkeep\n|turn|216\n|\n|t:|1700158635\n|move|p2a: Sylveon|Wish|p2a: Sylveon\n|move|p1a: Blissey|Thunder Wave|p2a: Sylveon\n|-status|p2a: Sylveon|par\n|\n|-heal|p2a: Sylveon|82\/100 par|[from] item: Leftovers\n|upkeep\n|turn|217\n|\n|t:|1700158653\n|switch|p2a: Dragapult|Dragapult, F|32\/100\n|-curestatus|p1a: Blissey|par|[from] ability: Natural Cure\n|switch|p1a: Toxapex|Toxapex, M|100\/100 brn\n|\n|-heal|p2a: Dragapult|94\/100|[from] move: Wish|[wisher] Sylveon\n|-damage|p1a: Toxapex|94\/100 brn|[from] brn\n|upkeep\n|turn|218\n|\n|t:|1700158668\n|move|p2a: Dragapult|U-turn|p1a: Toxapex\n|-resisted|p1a: Toxapex\n|-crit|p1a: Toxapex\n|-damage|p1a: Toxapex|80\/100 brn\n|-damage|p2a: Dragapult|84\/100|[from] item: Life Orb\n|\n|t:|1700158676\n|switch|p2a: Blissey|Blissey, F|100\/100|[from] U-turn\n|move|p1a: Toxapex|Chilling Water|p2a: Blissey\n|-damage|p2a: Blissey|98\/100\n|-unboost|p2a: Blissey|atk|1\n|\n|-heal|p2a: Blissey|100\/100|[from] item: Leftovers\n|-damage|p1a: Toxapex|74\/100 brn|[from] brn\n|upkeep\n|turn|219\n|\n|t:|1700158685\n|switch|p1a: Blissey|Blissey, F|100\/100\n|move|p2a: Blissey|Seismic Toss|p1a: Blissey\n|-damage|p1a: Blissey|86\/100\n|\n|-heal|p1a: Blissey|93\/100|[from] item: Leftovers\n|upkeep\n|turn|220\n|\n|t:|1700158688\n|move|p2a: Blissey|Thunder Wave|p1a: Blissey\n|-status|p1a: Blissey|par\n|move|p1a: Blissey|Thunder Wave|p2a: Blissey\n|-status|p2a: Blissey|par\n|\n|-heal|p1a: Blissey|99\/100 par|[from] item: Leftovers\n|upkeep\n|turn|221\n|\n|t:|1700158704\n|-curestatus|p1a: Blissey|par|[from] ability: Natural Cure\n|switch|p1a: Toxapex|Toxapex, M|100\/100 brn\n|-curestatus|p2a: Blissey|par|[from] ability: Natural Cure\n|switch|p2a: Toxapex|Toxapex, F|100\/100\n|\n|-damage|p1a: Toxapex|94\/100 brn|[from] brn\n|upkeep\n|turn|222\n|\n|t:|1700158714\n|switch|p1a: Blissey|Blissey, F|99\/100\n|switch|p2a: Blissey|Blissey, F|100\/100\n|\n|-heal|p1a: Blissey|100\/100|[from] item: Leftovers\n|upkeep\n|turn|223\n|\n|t:|1700158729\n|switch|p1a: Toxapex|Toxapex, M|100\/100 brn\n|switch|p2a: Dragapult|Dragapult, F|84\/100\n|\n|-damage|p1a: Toxapex|94\/100 brn|[from] brn\n|upkeep\n|turn|224\n|\n|t:|1700158744\n|switch|p2a: Toxapex|Toxapex, F|100\/100\n|move|p1a: Toxapex|Chilling Water|p2a: Toxapex\n|-resisted|p2a: Toxapex\n|-damage|p2a: Toxapex|96\/100\n|-unboost|p2a: Toxapex|atk|1\n|\n|-heal|p2a: Toxapex|100\/100|[from] item: Leftovers\n|-damage|p1a: Toxapex|88\/100 brn|[from] brn\n|upkeep\n|turn|225\n|\n|t:|1700158757\n|switch|p1a: Blissey|Blissey, F|100\/100\n|switch|p2a: Corviknight|Corviknight, F|96\/100\n|\n|-heal|p2a: Corviknight|100\/100|[from] item: Leftovers\n|upkeep\n|turn|226\n|\n|t:|1700158765\n|switch|p2a: Blissey|Blissey, F|100\/100\n|switch|p1a: Toxapex|Toxapex, M|100\/100 brn\n|\n|-damage|p1a: Toxapex|94\/100 brn|[from] brn\n|upkeep\n|turn|227\n|\n|t:|1700158772\n|switch|p2a: Corviknight|Corviknight, F|100\/100\n|switch|p1a: Blissey|Blissey, F|100\/100\n|\n|upkeep\n|turn|228\n|\n|t:|1700158777\n|switch|p2a: Blissey|Blissey, F|100\/100\n|switch|p1a: Corviknight|Corviknight, M|82\/100\n|-ability|p1a: Corviknight|Pressure\n|\n|upkeep\n|turn|229\n|\n|t:|1700158784\n|switch|p1a: Clefable|Clefable, F|100\/100 tox\n|move|p2a: Blissey|Thunder Wave||[still]\n|-fail|p2a: Blissey\n|\n|upkeep\n|turn|230\n|\n|t:|1700158793\n|switch|p2a: Toxapex|Toxapex, F|100\/100\n|move|p1a: Clefable|Stealth Rock|p2a: Toxapex\n|-sidestart|p2: not_lolu|move: Stealth Rock\n|\n|upkeep\n|turn|231\n|\n|t:|1700158804\n|switch|p1a: Toxapex|Toxapex, M|100\/100 brn\n|switch|p2a: Corviknight|Corviknight, F|100\/100\n|-damage|p2a: Corviknight|88\/100|[from] Stealth Rock\n|\n|-heal|p2a: Corviknight|94\/100|[from] item: Leftovers\n|-damage|p1a: Toxapex|94\/100 brn|[from] brn\n|upkeep\n|turn|232\n|\n|t:|1700158814\n|switch|p1a: Clefable|Clefable, F|100\/100 tox\n|move|p2a: Corviknight|Brave Bird|p1a: Clefable\n|-damage|p1a: Clefable|71\/100 tox\n|-damage|p2a: Corviknight|84\/100|[from] Recoil\n|\n|-heal|p2a: Corviknight|90\/100|[from] item: Leftovers\n|-heal|p1a: Clefable|77\/100 tox|[from] item: Leftovers\n|upkeep\n|turn|233\n|\n|t:|1700158818\n|switch|p1a: Toxapex|Toxapex, M|100\/100 brn\n|move|p2a: Corviknight|Brave Bird|p1a: Toxapex\n|-damage|p1a: Toxapex|79\/100 brn\n|-damage|p2a: Corviknight|85\/100|[from] Recoil\n|\n|-heal|p2a: Corviknight|91\/100|[from] item: Leftovers\n|-damage|p1a: Toxapex|73\/100 brn|[from] brn\n|upkeep\n|turn|234\n|\n|t:|1700158828\n|switch|p2a: Toxapex|Toxapex, F|100\/100\n|-damage|p2a: Toxapex|88\/100|[from] Stealth Rock\n|switch|p1a: Corviknight|Corviknight, M|82\/100\n|-ability|p1a: Corviknight|Pressure\n|\n|-heal|p2a: Toxapex|94\/100|[from] item: Leftovers\n|upkeep\n|turn|235\n|\n|t:|1700158839\n|switch|p2a: Corviknight|Corviknight, F|91\/100\n|-damage|p2a: Corviknight|79\/100|[from] Stealth Rock\n|move|p1a: Corviknight|Taunt|p2a: Corviknight\n|-start|p2a: Corviknight|move: Taunt\n|\n|-heal|p2a: Corviknight|85\/100|[from] item: Leftovers\n|upkeep\n|turn|236\n|\n|t:|1700158847\n|switch|p2a: Toxapex|Toxapex, F|100\/100\n|-damage|p2a: Toxapex|88\/100|[from] Stealth Rock\n|switch|p1a: Toxapex|Toxapex, M|100\/100 brn\n|\n|-heal|p2a: Toxapex|94\/100|[from] item: Leftovers\n|-damage|p1a: Toxapex|94\/100 brn|[from] brn\n|upkeep\n|turn|237\n|\n|t:|1700158856\n|switch|p2a: Corviknight|Corviknight, F|85\/100\n|-damage|p2a: Corviknight|73\/100|[from] Stealth Rock\n|switch|p1a: Blissey|Blissey, F|100\/100\n|\n|-heal|p2a: Corviknight|79\/100|[from] item: Leftovers\n|upkeep\n|turn|238\n|\n|t:|1700158862\n|switch|p2a: Blissey|Blissey, F|100\/100\n|-damage|p2a: Blissey|88\/100|[from] Stealth Rock\n|switch|p1a: Toxapex|Toxapex, M|100\/100 brn\n|\n|-heal|p2a: Blissey|94\/100|[from] item: Leftovers\n|-damage|p1a: Toxapex|94\/100 brn|[from] brn\n|upkeep\n|turn|239\n|\n|t:|1700158875\n|switch|p1a: Blissey|Blissey, F|100\/100\n|move|p2a: Blissey|Thunder Wave|p1a: Blissey\n|-status|p1a: Blissey|par\n|\n|-heal|p2a: Blissey|99\/100|[from] item: Leftovers\n|upkeep\n|turn|240\n|\n|t:|1700158885\n|switch|p2a: Sylveon|Sylveon, M|82\/100 par\n|-damage|p2a: Sylveon|70\/100 par|[from] Stealth Rock\n|-curestatus|p1a: Blissey|par|[from] ability: Natural Cure\n|switch|p1a: Toxapex|Toxapex, M|100\/100 brn\n|\n|-heal|p2a: Sylveon|76\/100 par|[from] item: Leftovers\n|-damage|p1a: Toxapex|94\/100 brn|[from] brn\n|upkeep\n|turn|241\n|\n|t:|1700158893\n|switch|p1a: Blissey|Blissey, F|100\/100\n|move|p2a: Sylveon|Hyper Voice|p1a: Blissey\n|-damage|p1a: Blissey|86\/100\n|\n|-heal|p1a: Blissey|93\/100|[from] item: Leftovers\n|-heal|p2a: Sylveon|82\/100 par|[from] item: Leftovers\n|upkeep\n|turn|242\n|\n|t:|1700158899\n|switch|p1a: Toxapex|Toxapex, M|100\/100 brn\n|cant|p2a: Sylveon|par\n|\n|-heal|p2a: Sylveon|88\/100 par|[from] item: Leftovers\n|-damage|p1a: Toxapex|94\/100 brn|[from] brn\n|upkeep\n|turn|243\n|\n|t:|1700158902\n|switch|p1a: Blissey|Blissey, F|93\/100\n|move|p2a: Sylveon|Calm Mind|p2a: Sylveon\n|-boost|p2a: Sylveon|spa|1\n|-boost|p2a: Sylveon|spd|1\n|\n|-heal|p1a: Blissey|99\/100|[from] item: Leftovers\n|-heal|p2a: Sylveon|94\/100 par|[from] item: Leftovers\n|upkeep\n|turn|244\n|\n|t:|1700158913\n|switch|p1a: Dragapult|Dragapult, M, tera:Poison|82\/100\n|move|p2a: Sylveon|Calm Mind|p2a: Sylveon\n|-boost|p2a: Sylveon|spa|1\n|-boost|p2a: Sylveon|spd|1\n|\n|-heal|p2a: Sylveon|99\/100 par|[from] item: Leftovers\n|upkeep\n|turn|245\n|\n|t:|1700158923\n|switch|p2a: Corviknight|Corviknight, F|79\/100\n|-damage|p2a: Corviknight|66\/100|[from] Stealth Rock\n|move|p1a: Dragapult|Tera Blast|p2a: Corviknight|[anim] Tera Blast Poison\n|-immune|p2a: Corviknight\n|\n|-heal|p2a: Corviknight|72\/100|[from] item: Leftovers\n|upkeep\n|turn|246\n|\n|t:|1700158934\n|switch|p1a: Toxapex|Toxapex, M|100\/100 brn\n|switch|p2a: Toxapex|Toxapex, F|100\/100\n|-damage|p2a: Toxapex|88\/100|[from] Stealth Rock\n|\n|-heal|p2a: Toxapex|94\/100|[from] item: Leftovers\n|-damage|p1a: Toxapex|94\/100 brn|[from] brn\n|upkeep\n|turn|247\n|inactive|poncy3 has 270 seconds left.\n|inactive|poncy3 has 240 seconds left.\n|\n|t:|1700159018\n|switch|p1a: Blissey|Blissey, F|99\/100\n|move|p2a: Toxapex|Haze|p2a: Toxapex\n|-clearallboost\n|\n|-heal|p1a: Blissey|100\/100|[from] item: Leftovers\n|-heal|p2a: Toxapex|100\/100|[from] item: Leftovers\n|upkeep\n|turn|248\n|inactiveoff|Battle timer is now OFF.\n|\n|t:|1700159035\n|switch|p2a: Dragapult|Dragapult, F|84\/100\n|-damage|p2a: Dragapult|72\/100|[from] Stealth Rock\n|move|p1a: Blissey|Thunder Wave|p2a: Dragapult\n|-status|p2a: Dragapult|par\n|\n|upkeep\n|turn|249\n|\n|t:|1700159045\n|switch|p1a: Toxapex|Toxapex, M|100\/100 brn\n|move|p2a: Dragapult|U-turn|p1a: Toxapex\n|-resisted|p1a: Toxapex\n|-damage|p1a: Toxapex|92\/100 brn\n|-damage|p2a: Dragapult|62\/100 par|[from] item: Life Orb\n|\n|t:|1700159051\n|switch|p2a: Corviknight|Corviknight, F|72\/100|[from] U-turn\n|-damage|p2a: Corviknight|60\/100|[from] Stealth Rock\n|\n|-heal|p2a: Corviknight|66\/100|[from] item: Leftovers\n|-damage|p1a: Toxapex|86\/100 brn|[from] brn\n|upkeep\n|turn|250\n|\n|t:|1700159061\n|switch|p1a: Corviknight|Corviknight, M|82\/100\n|-ability|p1a: Corviknight|Pressure\n|move|p2a: Corviknight|Brave Bird|p1a: Corviknight\n|-resisted|p1a: Corviknight\n|-damage|p1a: Corviknight|72\/100\n|-damage|p2a: Corviknight|63\/100|[from] Recoil\n|\n|-heal|p2a: Corviknight|69\/100|[from] item: Leftovers\n|upkeep\n|turn|251\n|\n|t:|1700159072\n|switch|p1a: Toxapex|Toxapex, M|100\/100 brn\n|move|p2a: Corviknight|Steel Wing|p1a: Toxapex\n|-resisted|p1a: Toxapex\n|-damage|p1a: Toxapex|94\/100 brn\n|\n|-heal|p2a: Corviknight|75\/100|[from] item: Leftovers\n|-damage|p1a: Toxapex|87\/100 brn|[from] brn\n|upkeep\n|turn|252\n|\n|t:|1700159082\n|switch|p1a: Corviknight|Corviknight, M|72\/100\n|-ability|p1a: Corviknight|Pressure\n|move|p2a: Corviknight|Steel Wing|p1a: Corviknight\n|-resisted|p1a: Corviknight\n|-damage|p1a: Corviknight|65\/100\n|\n|-heal|p2a: Corviknight|81\/100|[from] item: Leftovers\n|upkeep\n|turn|253\n|\n|t:|1700159115\n|switch|p1a: Toxapex|Toxapex, M|100\/100 brn\n|move|p2a: Corviknight|Steel Wing|p1a: Toxapex\n|-resisted|p1a: Toxapex\n|-damage|p1a: Toxapex|94\/100 brn\n|\n|-heal|p2a: Corviknight|87\/100|[from] item: Leftovers\n|-damage|p1a: Toxapex|87\/100 brn|[from] brn\n|upkeep\n|turn|254\n|\n|t:|1700159126\n|switch|p1a: Corviknight|Corviknight, M|65\/100\n|-ability|p1a: Corviknight|Pressure\n|move|p2a: Corviknight|Steel Wing|p1a: Corviknight\n|-resisted|p1a: Corviknight\n|-damage|p1a: Corviknight|59\/100\n|\n|-heal|p2a: Corviknight|93\/100|[from] item: Leftovers\n|upkeep\n|turn|255\n|\n|t:|1700159169\n|switch|p1a: Toxapex|Toxapex, M|100\/100 brn\n|move|p2a: Corviknight|Steel Wing|p1a: Toxapex\n|-resisted|p1a: Toxapex\n|-damage|p1a: Toxapex|94\/100 brn\n|\n|-heal|p2a: Corviknight|99\/100|[from] item: Leftovers\n|-damage|p1a: Toxapex|87\/100 brn|[from] brn\n|upkeep\n|turn|256\n|\n|t:|1700159181\n|switch|p2a: Toxapex|Toxapex, F|100\/100\n|-damage|p2a: Toxapex|88\/100|[from] Stealth Rock\n|switch|p1a: Corviknight|Corviknight, M|59\/100\n|-ability|p1a: Corviknight|Pressure\n|\n|-heal|p2a: Toxapex|94\/100|[from] item: Leftovers\n|upkeep\n|turn|257\n|\n|t:|1700159184\n|switch|p2a: Corviknight|Corviknight, F|99\/100\n|-damage|p2a: Corviknight|86\/100|[from] Stealth Rock\n|move|p1a: Corviknight|Taunt|p2a: Corviknight\n|-start|p2a: Corviknight|move: Taunt\n|\n|-heal|p2a: Corviknight|92\/100|[from] item: Leftovers\n|upkeep\n|turn|258\n|\n|t:|1700159191\n|switch|p2a: Toxapex|Toxapex, F|100\/100\n|-damage|p2a: Toxapex|88\/100|[from] Stealth Rock\n|switch|p1a: Toxapex|Toxapex, M|100\/100 brn\n|\n|-heal|p2a: Toxapex|94\/100|[from] item: Leftovers\n|-damage|p1a: Toxapex|94\/100 brn|[from] brn\n|upkeep\n|turn|259\n|\n|t:|1700159194\n|switch|p2a: Corviknight|Corviknight, F|92\/100\n|-damage|p2a: Corviknight|80\/100|[from] Stealth Rock\n|switch|p1a: Blissey|Blissey, F|100\/100\n|\n|-heal|p2a: Corviknight|86\/100|[from] item: Leftovers\n|upkeep\n|turn|260\n|\n|t:|1700159203\n|switch|p2a: Blissey|Blissey, F|99\/100\n|-damage|p2a: Blissey|88\/100|[from] Stealth Rock\n|move|p1a: Blissey|Thunder Wave|p2a: Blissey\n|-status|p2a: Blissey|par\n|\n|-heal|p2a: Blissey|94\/100 par|[from] item: Leftovers\n|upkeep\n|turn|261\n|\n|t:|1700159217\n|switch|p1a: Toxapex|Toxapex, M|100\/100 brn\n|move|p2a: Blissey|Thunder Wave||[still]\n|-fail|p2a: Blissey\n|\n|-heal|p2a: Blissey|99\/100 par|[from] item: Leftovers\n|-damage|p1a: Toxapex|94\/100 brn|[from] brn\n|upkeep\n|turn|262\n|\n|t:|1700159222\n|switch|p1a: Blissey|Blissey, F|100\/100\n|-curestatus|p2a: Blissey|par|[from] ability: Natural Cure\n|switch|p2a: Toxapex|Toxapex, F|100\/100\n|-damage|p2a: Toxapex|88\/100|[from] Stealth Rock\n|\n|-heal|p2a: Toxapex|94\/100|[from] item: Leftovers\n|upkeep\n|turn|263\n|\n|t:|1700159225\n|switch|p2a: Blissey|Blissey, F|99\/100\n|-damage|p2a: Blissey|88\/100|[from] Stealth Rock\n|move|p1a: Blissey|Thunder Wave|p2a: Blissey\n|-status|p2a: Blissey|par\n|\n|-heal|p2a: Blissey|94\/100 par|[from] item: Leftovers\n|upkeep\n|turn|264\n|\n|t:|1700159233\n|switch|p1a: Toxapex|Toxapex, M|100\/100 brn\n|-curestatus|p2a: Blissey|par|[from] ability: Natural Cure\n|switch|p2a: Sylveon|Sylveon, M|99\/100 par\n|-damage|p2a: Sylveon|88\/100 par|[from] Stealth Rock\n|\n|-heal|p2a: Sylveon|94\/100 par|[from] item: Leftovers\n|-damage|p1a: Toxapex|94\/100 brn|[from] brn\n|upkeep\n|turn|265\n|\n|t:|1700159266\n|switch|p1a: Blissey|Blissey, F|100\/100\n|switch|p2a: Blissey|Blissey, F|94\/100\n|-damage|p2a: Blissey|81\/100|[from] Stealth Rock\n|\n|-heal|p2a: Blissey|88\/100|[from] item: Leftovers\n|upkeep\n|turn|266\n|\n|t:|1700159293\n|switch|p1a: Toxapex|Toxapex, M|100\/100 brn\n|move|p2a: Blissey|Thunder Wave||[still]\n|-fail|p2a: Blissey\n|\n|-heal|p2a: Blissey|94\/100|[from] item: Leftovers\n|-damage|p1a: Toxapex|94\/100 brn|[from] brn\n|upkeep\n|turn|267\n|\n|t:|1700159307\n|switch|p2a: Toxapex|Toxapex, F|100\/100\n|-damage|p2a: Toxapex|88\/100|[from] Stealth Rock\n|switch|p1a: Blissey|Blissey, F|100\/100\n|\n|-heal|p2a: Toxapex|94\/100|[from] item: Leftovers\n|upkeep\n|turn|268\n|\n|t:|1700159314\n|switch|p2a: Sylveon|Sylveon, M|94\/100 par\n|-damage|p2a: Sylveon|81\/100 par|[from] Stealth Rock\n|move|p1a: Blissey|Thunder Wave|p2a: Sylveon\n|-fail|p2a: Sylveon|par\n|\n|-heal|p2a: Sylveon|87\/100 par|[from] item: Leftovers\n|upkeep\n|turn|269\n|\n|t:|1700159327\n|switch|p1a: Toxapex|Toxapex, M|100\/100 brn\n|switch|p2a: Blissey|Blissey, F|94\/100\n|-damage|p2a: Blissey|81\/100|[from] Stealth Rock\n|\n|-heal|p2a: Blissey|87\/100|[from] item: Leftovers\n|-damage|p1a: Toxapex|94\/100 brn|[from] brn\n|upkeep\n|turn|270\n|\n|t:|1700159332\n|switch|p2a: Sylveon|Sylveon, M|87\/100 par\n|-damage|p2a: Sylveon|75\/100 par|[from] Stealth Rock\n|switch|p1a: Blissey|Blissey, F|100\/100\n|\n|-heal|p2a: Sylveon|81\/100 par|[from] item: Leftovers\n|upkeep\n|turn|271\n|\n|t:|1700159349\n|switch|p1a: Dragapult|Dragapult, M, tera:Poison|82\/100\n|switch|p2a: Blissey|Blissey, F|87\/100\n|-damage|p2a: Blissey|75\/100|[from] Stealth Rock\n|\n|-heal|p2a: Blissey|81\/100|[from] item: Leftovers\n|upkeep\n|turn|272\n|\n|t:|1700159357\n|switch|p2a: Toxapex|Toxapex, F|100\/100\n|-damage|p2a: Toxapex|88\/100|[from] Stealth Rock\n|move|p1a: Dragapult|Acrobatics|p2a: Toxapex\n|-damage|p2a: Toxapex|63\/100\n|\n|-heal|p2a: Toxapex|70\/100|[from] item: Leftovers\n|upkeep\n|turn|273\n|\n|t:|1700159365\n|move|p1a: Dragapult|Acrobatics|p2a: Toxapex\n|-damage|p2a: Toxapex|45\/100\n|move|p2a: Toxapex|Chilling Water|p1a: Dragapult\n|-damage|p1a: Dragapult|68\/100\n|-unboost|p1a: Dragapult|atk|1\n|\n|-heal|p2a: Toxapex|51\/100|[from] item: Leftovers\n|upkeep\n|turn|274\n|\n|t:|1700159372\n|switch|p1a: Toxapex|Toxapex, M|100\/100 brn\n|switch|p2a: Corviknight|Corviknight, F|86\/100\n|-damage|p2a: Corviknight|74\/100|[from] Stealth Rock\n|\n|-heal|p2a: Corviknight|80\/100|[from] item: Leftovers\n|-damage|p1a: Toxapex|94\/100 brn|[from] brn\n|upkeep\n|turn|275\n|\n|t:|1700159387\n|switch|p2a: Sylveon|Sylveon, M|81\/100 par\n|-damage|p2a: Sylveon|69\/100 par|[from] Stealth Rock\n|move|p1a: Toxapex|Recover|p1a: Toxapex\n|-heal|p1a: Toxapex|100\/100 brn\n|\n|-heal|p2a: Sylveon|75\/100 par|[from] item: Leftovers\n|-damage|p1a: Toxapex|94\/100 brn|[from] brn\n|upkeep\n|turn|276\n|\n|t:|1700159423\n|switch|p1a: Dragapult|Dragapult, M, tera:Poison|68\/100\n|switch|p2a: Blissey|Blissey, F|81\/100\n|-damage|p2a: Blissey|69\/100|[from] Stealth Rock\n|\n|-heal|p2a: Blissey|75\/100|[from] item: Leftovers\n|upkeep\n|turn|277\n|\n|t:|1700159430\n|switch|p1a: Blissey|Blissey, F|100\/100\n|switch|p2a: Corviknight|Corviknight, F|80\/100\n|-damage|p2a: Corviknight|68\/100|[from] Stealth Rock\n|\n|-heal|p2a: Corviknight|74\/100|[from] item: Leftovers\n|upkeep\n|turn|278\n|\n|t:|1700159433\n|switch|p2a: Blissey|Blissey, F|75\/100\n|-damage|p2a: Blissey|62\/100|[from] Stealth Rock\n|move|p1a: Blissey|Thunder Wave|p2a: Blissey\n|-status|p2a: Blissey|par\n|\n|-heal|p2a: Blissey|69\/100 par|[from] item: Leftovers\n|upkeep\n|turn|279\n|\n|t:|1700159444\n|-curestatus|p2a: Blissey|par|[from] ability: Natural Cure\n|switch|p2a: Corviknight|Corviknight, F|74\/100\n|-damage|p2a: Corviknight|61\/100|[from] Stealth Rock\n|move|p1a: Blissey|Seismic Toss|p2a: Corviknight\n|-damage|p2a: Corviknight|36\/100\n|\n|-heal|p2a: Corviknight|42\/100|[from] item: Leftovers\n|upkeep\n|turn|280\n|\n|t:|1700159453\n|switch|p2a: Sylveon|Sylveon, M|75\/100 par\n|-damage|p2a: Sylveon|62\/100 par|[from] Stealth Rock\n|switch|p1a: Dragapult|Dragapult, M, tera:Poison|68\/100\n|\n|-heal|p2a: Sylveon|68\/100 par|[from] item: Leftovers\n|upkeep\n|turn|281\n|\n|t:|1700159460\n|switch|p2a: Corviknight|Corviknight, F|42\/100\n|-damage|p2a: Corviknight|30\/100|[from] Stealth Rock\n|move|p1a: Dragapult|Acrobatics|p2a: Corviknight\n|-resisted|p2a: Corviknight\n|-damage|p2a: Corviknight|17\/100\n|\n|-heal|p2a: Corviknight|23\/100|[from] item: Leftovers\n|upkeep\n|turn|282\n|\n|t:|1700159469\n|switch|p1a: Corviknight|Corviknight, M|59\/100\n|-ability|p1a: Corviknight|Pressure\n|move|p2a: Corviknight|Roost|p2a: Corviknight\n|-heal|p2a: Corviknight|73\/100\n|-singleturn|p2a: Corviknight|move: Roost\n|\n|-heal|p2a: Corviknight|79\/100|[from] item: Leftovers\n|upkeep\n|turn|283\n|l|\u2606poncy3\n|player|p1|\n|inactive|Battle timer is ON: inactive players will automatically lose when time's up. (requested by not_lolu)\n|inactive|poncy3 has 270 seconds to reconnect!\n|inactive|not_lolu has 270 seconds left.\n|inactive|poncy3 has 240 seconds to reconnect!\n|inactive|not_lolu has 240 seconds left.\n|inactive|poncy3 has 210 seconds to reconnect!\n|inactive|not_lolu has 210 seconds left.\n|l|\u2606not_lolu\n|inactive|not_lolu disconnected and has 300 seconds to reconnect!\n|player|p2|\n|inactive|poncy3 has 180 seconds to reconnect!\n|inactive|not_lolu has 270 seconds to reconnect!\n|inactive|poncy3 has 150 seconds to reconnect!\n|inactive|not_lolu has 240 seconds to reconnect!\n|inactive|poncy3 has 120 seconds to reconnect!\n|inactive|not_lolu has 210 seconds to reconnect!\n|j|\u2606not_lolu\n|inactive|not_lolu reconnected and has 210 seconds left.\n|player|p2|not_lolu|101\n|c|\u2606not_lolu|bro???\n|inactive|poncy3 has 90 seconds to reconnect!\n|c|\u2606not_lolu|oh\n|inactive|not_lolu has 180 seconds left.\n|inactive|poncy3 has 60 seconds to reconnect!\n|inactive|poncy3 has 30 seconds to reconnect!\n|inactive|poncy3 has 20 seconds to reconnect!\n|inactive|poncy3 has 15 seconds to reconnect!\n|inactive|poncy3 has 10 seconds to reconnect!\n|inactive|poncy3 has 5 seconds to reconnect!\n|-message|poncy3 lost due to inactivity.\n|\n|win|not_lolu\n","uploadtime":1700159812,"views":34,"p1id":"poncy3","p2id":"notlolu","formatid":"gen9ou","rating":0,"private":0,"password":""}