{"id":"gen9ou-1997323089","p1":"ToastSpirit","p2":"AshKetchup1503","format":"[Gen 9] OU","log":"|j|\u2606ToastSpirit\n|j|\u2606AshKetchup1503\n|t:|1700789355\n|gametype|singles\n|player|p1|ToastSpirit|n|1374\n|player|p2|AshKetchup1503|hooligans|1349\n|teamsize|p1|6\n|teamsize|p2|6\n|gen|9\n|tier|[Gen 9] OU\n|rated|\n|rule|Sleep Clause Mod: Limit one foe put to sleep\n|rule|Species Clause: Limit one of each Pok\u00e9mon\n|rule|OHKO Clause: OHKO moves are banned\n|rule|Evasion Items Clause: Evasion items are banned\n|rule|Evasion Moves Clause: Evasion moves are banned\n|rule|Endless Battle Clause: Forcing endless battles is banned\n|rule|HP Percentage Mod: HP is shown in percentages\n|clearpoke\n|poke|p1|Ninetales-Alola, F|\n|poke|p1|Ogerpon-Wellspring, F|\n|poke|p1|Manaphy|\n|poke|p1|Great Tusk|\n|poke|p1|Gholdengo|\n|poke|p1|Garganacl, F|\n|poke|p2|Ribombee, F|\n|poke|p2|Ogerpon-Wellspring, F|\n|poke|p2|Iron Moth|\n|poke|p2|Kingambit, F|\n|poke|p2|Gholdengo|\n|poke|p2|Iron Valiant|\n|teampreview\n|\n|t:|1700789365\n|start\n|switch|p1a: :D|Ninetales-Alola, F|100\/100\n|switch|p2a: Ribombee|Ribombee, F|100\/100\n|-weather|Snow|[from] ability: Snow Warning|[of] p1a: :D\n|turn|1\n|\n|t:|1700789380\n|move|p2a: Ribombee|Stun Spore|p1a: :D\n|-status|p1a: :D|par\n|cant|p1a: :D|par\n|\n|-weather|Snow|[upkeep]\n|upkeep\n|turn|2\n|\n|t:|1700789385\n|move|p2a: Ribombee|Sticky Web|p1a: :D\n|-sidestart|p1: ToastSpirit|move: Sticky Web\n|move|p1a: :D|Aurora Veil|p1a: :D\n|-sidestart|p1: ToastSpirit|move: Aurora Veil\n|\n|-weather|Snow|[upkeep]\n|upkeep\n|turn|3\n|\n|t:|1700789394\n|move|p2a: Ribombee|Moonblast|p1a: :D\n|-damage|p1a: :D|76\/100 par\n|-unboost|p1a: :D|spa|1\n|move|p1a: :D|Blizzard|p2a: Ribombee\n|-damage|p2a: Ribombee|53\/100\n|\n|-weather|Snow|[upkeep]\n|upkeep\n|turn|4\n|\n|t:|1700789405\n|switch|p1a: cheesestick|Gholdengo|100\/100\n|-activate|p1a: cheesestick|move: Sticky Web\n|-unboost|p1a: cheesestick|spe|1\n|move|p2a: Ribombee|Moonblast|p1a: cheesestick\n|-resisted|p1a: cheesestick\n|-crit|p1a: cheesestick\n|-damage|p1a: cheesestick|67\/100\n|-unboost|p1a: cheesestick|spa|1\n|\n|-weather|Snow|[upkeep]\n|upkeep\n|turn|5\n|c|\u2606ToastSpirit|nice\n|\n|t:|1700789418\n|move|p2a: Ribombee|Psychic|p1a: cheesestick\n|-resisted|p1a: cheesestick\n|-damage|p1a: cheesestick|60\/100\n|-unboost|p1a: cheesestick|spd|1\n|move|p1a: cheesestick|Make It Rain|p2a: Ribombee\n|-supereffective|p2a: Ribombee\n|-damage|p2a: Ribombee|0 fnt\n|-unboost|p1a: cheesestick|spa|1\n|faint|p2a: Ribombee\n|\n|-weather|none\n|upkeep\n|\n|t:|1700789427\n|switch|p2a: Iron Moth|Iron Moth|100\/100\n|-enditem|p2a: Iron Moth|Booster Energy\n|-activate|p2a: Iron Moth|ability: Quark Drive|[fromitem]\n|-start|p2a: Iron Moth|quarkdrivespa\n|turn|6\n|\n|t:|1700789436\n|switch|p1a: prince|Manaphy|100\/100\n|-activate|p1a: prince|move: Sticky Web\n|-unboost|p1a: prince|spe|1\n|move|p2a: Iron Moth|Substitute|p2a: Iron Moth\n|-start|p2a: Iron Moth|Substitute\n|-damage|p2a: Iron Moth|76\/100\n|\n|upkeep\n|turn|7\n|\n|t:|1700789447\n|-terastallize|p2a: Iron Moth|Ghost\n|move|p2a: Iron Moth|Sludge Wave|p1a: prince\n|-damage|p1a: prince|72\/100\n|move|p1a: prince|Scald|p2a: Iron Moth\n|-end|p2a: Iron Moth|Substitute\n|\n|-heal|p1a: prince|78\/100|[from] item: Leftovers\n|upkeep\n|turn|8\n|\n|t:|1700789464\n|-end|p2a: Iron Moth|Quark Drive|[silent]\n|switch|p2a: Ogerpon|Ogerpon-Wellspring, F|100\/100\n|move|p1a: prince|Tail Glow|p1a: prince\n|-boost|p1a: prince|spa|3\n|\n|-heal|p1a: prince|85\/100|[from] item: Leftovers\n|upkeep\n|turn|9\n|\n|t:|1700789474\n|move|p2a: Ogerpon|Power Whip|p1a: prince|[miss]\n|-miss|p2a: Ogerpon|p1a: prince\n|move|p1a: prince|Psychic|p2a: Ogerpon\n|-damage|p2a: Ogerpon|10\/100\n|\n|-heal|p1a: prince|91\/100|[from] item: Leftovers\n|-sideend|p1: ToastSpirit|move: Aurora Veil\n|upkeep\n|turn|10\n|\n|t:|1700789482\n|-terastallize|p1a: prince|Grass\n|move|p2a: Ogerpon|Power Whip|p1a: prince\n|-resisted|p1a: prince\n|-crit|p1a: prince\n|-damage|p1a: prince|44\/100\n|move|p1a: prince|Psychic|p2a: Ogerpon\n|-damage|p2a: Ogerpon|0 fnt\n|faint|p2a: Ogerpon\n|\n|-heal|p1a: prince|50\/100|[from] item: Leftovers\n|upkeep\n|\n|t:|1700789489\n|switch|p2a: Iron Moth|Iron Moth, tera:Ghost|76\/100\n|turn|11\n|\n|t:|1700789504\n|switch|p1a: salt|Garganacl, F|100\/100\n|-activate|p1a: salt|move: Sticky Web\n|-unboost|p1a: salt|spe|1\n|move|p2a: Iron Moth|Sludge Wave|p1a: salt\n|-resisted|p1a: salt\n|-damage|p1a: salt|76\/100\n|\n|-heal|p1a: salt|82\/100|[from] item: Leftovers\n|upkeep\n|turn|12\n|\n|t:|1700789519\n|-end|p2a: Iron Moth|Quark Drive|[silent]\n|switch|p2a: Kingambit|Kingambit, F|100\/100\n|-activate|p2a: Kingambit|ability: Supreme Overlord\n|-start|p2a: Kingambit|fallen2|[silent]\n|move|p1a: salt|Stealth Rock|p2a: Kingambit\n|-sidestart|p2: AshKetchup1503|move: Stealth Rock\n|\n|-heal|p1a: salt|88\/100|[from] item: Leftovers\n|upkeep\n|turn|13\n|\n|t:|1700789563\n|move|p2a: Kingambit|Low Kick|p1a: salt\n|-supereffective|p1a: salt\n|-damage|p1a: salt|35\/100\n|move|p1a: salt|Body Press|p2a: Kingambit\n|-supereffective|p2a: Kingambit\n|-damage|p2a: Kingambit|1\/100\n|\n|-heal|p1a: salt|42\/100|[from] item: Leftovers\n|upkeep\n|turn|14\n|\n|t:|1700789575\n|switch|p1a: elephant|Great Tusk|100\/100\n|-activate|p1a: elephant|move: Sticky Web\n|-unboost|p1a: elephant|spe|1\n|move|p2a: Kingambit|Low Kick|p1a: elephant\n|-damage|p1a: elephant|65\/100\n|\n|-heal|p1a: elephant|71\/100|[from] item: Leftovers\n|upkeep\n|turn|15\n|\n|t:|1700789589\n|move|p2a: Kingambit|Low Kick|p1a: elephant\n|-damage|p1a: elephant|37\/100\n|move|p1a: elephant|Earthquake|p2a: Kingambit\n|-supereffective|p2a: Kingambit\n|-damage|p2a: Kingambit|0 fnt\n|faint|p2a: Kingambit\n|-end|p2a: Kingambit|fallen2|[silent]\n|\n|-heal|p1a: elephant|43\/100|[from] item: Leftovers\n|upkeep\n|\n|t:|1700789597\n|switch|p2a: Iron Moth|Iron Moth, tera:Ghost|76\/100\n|-damage|p2a: Iron Moth|63\/100|[from] Stealth Rock\n|turn|16\n|\n|t:|1700789605\n|-end|p1a: elephant|Protosynthesis|[silent]\n|switch|p1a: salt|Garganacl, F|42\/100\n|-activate|p1a: salt|move: Sticky Web\n|-unboost|p1a: salt|spe|1\n|move|p2a: Iron Moth|Psychic|p1a: salt\n|-damage|p1a: salt|12\/100\n|\n|-heal|p1a: salt|18\/100|[from] item: Leftovers\n|upkeep\n|turn|17\n|\n|t:|1700789613\n|move|p2a: Iron Moth|Psychic|p1a: salt\n|-damage|p1a: salt|0 fnt\n|faint|p1a: salt\n|\n|upkeep\n|\n|t:|1700789646\n|switch|p1a: ogre|Ogerpon-Wellspring, F|100\/100\n|-activate|p1a: ogre|move: Sticky Web\n|-unboost|p1a: ogre|spe|1\n|turn|18\n|\n|t:|1700789651\n|move|p2a: Iron Moth|Sludge Wave|p1a: ogre\n|-supereffective|p1a: ogre\n|-damage|p1a: ogre|0 fnt\n|faint|p1a: ogre\n|\n|upkeep\n|\n|t:|1700789658\n|switch|p1a: cheesestick|Gholdengo|60\/100\n|-activate|p1a: cheesestick|move: Sticky Web\n|-unboost|p1a: cheesestick|spe|1\n|turn|19\n|\n|t:|1700789663\n|move|p2a: Iron Moth|Fiery Dance|p1a: cheesestick\n|-supereffective|p1a: cheesestick\n|-damage|p1a: cheesestick|0 fnt\n|-boost|p2a: Iron Moth|spa|1\n|faint|p1a: cheesestick\n|\n|upkeep\n|\n|t:|1700789668\n|switch|p1a: prince|Manaphy, tera:Grass|50\/100\n|-activate|p1a: prince|move: Sticky Web\n|-unboost|p1a: prince|spe|1\n|turn|20\n|\n|t:|1700789673\n|move|p2a: Iron Moth|Sludge Wave|p1a: prince\n|-supereffective|p1a: prince\n|-damage|p1a: prince|0 fnt\n|faint|p1a: prince\n|\n|upkeep\n|\n|t:|1700789682\n|switch|p1a: :D|Ninetales-Alola, F|76\/100 par\n|-activate|p1a: :D|move: Sticky Web\n|-unboost|p1a: :D|spe|1\n|-weather|Snow|[from] ability: Snow Warning|[of] p1a: :D\n|turn|21\n|\n|t:|1700789689\n|move|p2a: Iron Moth|Fiery Dance|p1a: :D\n|-supereffective|p1a: :D\n|-damage|p1a: :D|0 fnt\n|faint|p1a: :D\n|\n|-weather|Snow|[upkeep]\n|upkeep\n|\n|t:|1700789693\n|switch|p1a: elephant|Great Tusk|43\/100\n|-activate|p1a: elephant|move: Sticky Web\n|-unboost|p1a: elephant|spe|1\n|turn|22\n|\n|t:|1700789697\n|move|p2a: Iron Moth|Psychic|p1a: elephant\n|-supereffective|p1a: elephant\n|-damage|p1a: elephant|0 fnt\n|faint|p1a: elephant\n|-end|p1a: elephant|Protosynthesis|[silent]\n|\n|win|AshKetchup1503\n|raw|ToastSpirit's rating: 1374 &rarr; <strong>1353<\/strong><br \/>(-21 for losing)\n|raw|AshKetchup1503's rating: 1349 &rarr; <strong>1370<\/strong><br \/>(+21 for winning)\n|l|\u2606ToastSpirit\n","uploadtime":1700789720,"views":9,"p1id":"toastspirit","p2id":"ashketchup1503","formatid":"gen9ou","rating":1353,"private":0,"password":""}