{"id":"gen9ou-1996421135","p1":"Andrews Finn3","p2":"ShadowB2W2","format":"[Gen 9] OU","log":"|j|\u2606Andrews Finn3\n|j|\u2606ShadowB2W2\n|t:|1700680385\n|gametype|singles\n|player|p1|Andrews Finn3|steven|1172\n|player|p2|ShadowB2W2|nate|1085\n|teamsize|p1|6\n|teamsize|p2|6\n|gen|9\n|tier|[Gen 9] OU\n|rated|\n|rule|Sleep Clause Mod: Limit one foe put to sleep\n|rule|Species Clause: Limit one of each Pok\u00e9mon\n|rule|OHKO Clause: OHKO moves are banned\n|rule|Evasion Items Clause: Evasion items are banned\n|rule|Evasion Moves Clause: Evasion moves are banned\n|rule|Endless Battle Clause: Forcing endless battles is banned\n|rule|HP Percentage Mod: HP is shown in percentages\n|clearpoke\n|poke|p1|Alomomola, F|\n|poke|p1|Slowking-Galar, F|\n|poke|p1|Kingambit, F|\n|poke|p1|Great Tusk|\n|poke|p1|Cinderace, F|\n|poke|p1|Thundurus-Therian, M|\n|poke|p2|Kleavor, M|\n|poke|p2|Iron Hands|\n|poke|p2|Cramorant, M|\n|poke|p2|Cyclizar, M|\n|poke|p2|Grimmsnarl, M|\n|poke|p2|Sinistcha-Masterpiece|\n|teampreview\n|\n|t:|1700680397\n|start\n|switch|p1a: Great Tusk|Great Tusk|100\/100\n|switch|p2a: Dracodrift|Cyclizar, M|100\/100\n|turn|1\n|\n|t:|1700680405\n|move|p1a: Great Tusk|Stealth Rock|p2a: Dracodrift\n|-sidestart|p2: ShadowB2W2|move: Stealth Rock\n|move|p2a: Dracodrift|Dragon Tail|p1a: Great Tusk\n|-damage|p1a: Great Tusk|82\/100\n|-damage|p2a: Dracodrift|84\/100|[from] item: Rocky Helmet|[of] p1a: Great Tusk\n|-end|p1a: Great Tusk|Protosynthesis|[silent]\n|drag|p1a: Thundurus|Thundurus-Therian, M|100\/100\n|\n|upkeep\n|turn|2\n|\n|t:|1700680413\n|move|p2a: Dracodrift|Rapid Spin|p1a: Thundurus\n|-damage|p1a: Thundurus|69\/100\n|-boost|p2a: Dracodrift|spe|1\n|-sideend|p2: ShadowB2W2|Stealth Rock|[from] move: Rapid Spin|[of] p2a: Dracodrift\n|move|p1a: Thundurus|Knock Off|p2a: Dracodrift\n|-crit|p2a: Dracodrift\n|-damage|p2a: Dracodrift|27\/100\n|-enditem|p2a: Dracodrift|Insect Plate|[from] move: Knock Off|[of] p1a: Thundurus\n|\n|upkeep\n|turn|3\n|\n|t:|1700680428\n|switch|p1a: Alomomola|Alomomola, F|100\/100\n|move|p2a: Dracodrift|Ice Spinner|p1a: Alomomola\n|-resisted|p1a: Alomomola\n|-crit|p1a: Alomomola\n|-damage|p1a: Alomomola|91\/100\n|-enditem|p1a: Alomomola|Red Card|[of] p2a: Dracodrift\n|drag|p2a: Grimsly|Grimmsnarl, M, shiny|100\/100\n|\n|upkeep\n|turn|4\n|\n|t:|1700680438\n|move|p2a: Grimsly|Thunder Wave|p1a: Alomomola\n|-status|p1a: Alomomola|par\n|move|p1a: Alomomola|Wish|p1a: Alomomola\n|\n|upkeep\n|turn|5\n|\n|t:|1700680450\n|move|p2a: Grimsly|Spirit Break|p1a: Alomomola\n|-damage|p1a: Alomomola|68\/100 par\n|-unboost|p1a: Alomomola|spa|1\n|move|p1a: Alomomola|Flip Turn|p2a: Grimsly\n|-damage|p2a: Grimsly|80\/100\n|\n|t:|1700680459\n|switch|p1a: Kingambit|Kingambit, F|100\/100|[from] Flip Turn\n|\n|upkeep\n|turn|6\n|\n|t:|1700680473\n|move|p2a: Grimsly|Draining Kiss|p1a: Kingambit\n|-damage|p1a: Kingambit|86\/100\n|-heal|p2a: Grimsly|91\/100|[from] drain|[of] p1a: Kingambit\n|move|p1a: Kingambit|Iron Head|p2a: Grimsly\n|-supereffective|p2a: Grimsly\n|-damage|p2a: Grimsly|0 fnt\n|faint|p2a: Grimsly\n|\n|-heal|p1a: Kingambit|93\/100|[from] item: Leftovers\n|upkeep\n|\n|t:|1700680482\n|switch|p2a: UpChuck|Cramorant, M|100\/100\n|turn|7\n|\n|t:|1700680488\n|-end|p1a: Kingambit|fallenundefined|[silent]\n|switch|p1a: Slowking|Slowking-Galar, F|100\/100\n|move|p2a: UpChuck|Dive||[still]\n|-formechange|p2a: UpChuck|Cramorant-Gulping|\n|-prepare|p2a: UpChuck|Dive\n|\n|upkeep\n|turn|8\n|\n|t:|1700680494\n|move|p2a: UpChuck|Dive|p1a: Slowking|[from]lockedmove\n|-damage|p1a: Slowking|74\/100\n|move|p1a: Slowking|Chilly Reception|p1a: Slowking\n|-weather|Snow\n|\n|t:|1700680499\n|switch|p1a: Thundurus|Thundurus-Therian, M|69\/100|[from] Chilly Reception\n|\n|-weather|Snow|[upkeep]\n|upkeep\n|turn|9\n|\n|t:|1700680507\n|move|p1a: Thundurus|Volt Switch|p2a: UpChuck\n|-supereffective|p2a: UpChuck\n|-damage|p2a: UpChuck|0 fnt\n|-damage|p1a: Thundurus|44\/100|[from] ability: Gulp Missile|[of] p2a: UpChuck\n|-unboost|p1a: Thundurus|def|1\n|-formechange|p2a: UpChuck|Cramorant|\n|faint|p2a: UpChuck\n|\n|t:|1700680521\n|switch|p1a: Cinderace|Cinderace, F|100\/100|[from] Volt Switch\n|\n|-weather|Snow|[upkeep]\n|upkeep\n|\n|t:|1700680525\n|switch|p2a: Puddin|Sinistcha-Masterpiece, shiny|100\/100\n|turn|10\n|\n|t:|1700680531\n|move|p1a: Cinderace|Pyro Ball|p2a: Puddin\n|-supereffective|p2a: Puddin\n|-damage|p2a: Puddin|43\/100\n|move|p2a: Puddin|Scald|p1a: Cinderace\n|-supereffective|p1a: Cinderace\n|-damage|p1a: Cinderace|15\/100\n|\n|-weather|Snow|[upkeep]\n|upkeep\n|turn|11\n|\n|t:|1700680541\n|move|p1a: Cinderace|Pyro Ball|p2a: Puddin\n|-supereffective|p2a: Puddin\n|-damage|p2a: Puddin|0 fnt\n|faint|p2a: Puddin\n|\n|-weather|Snow|[upkeep]\n|upkeep\n|\n|t:|1700680547\n|switch|p2a: Dracodrift|Cyclizar, M|60\/100\n|turn|12\n|\n|t:|1700680558\n|switch|p1a: Great Tusk|Great Tusk|82\/100\n|move|p2a: Dracodrift|Rapid Spin|p1a: Great Tusk\n|-damage|p1a: Great Tusk|68\/100\n|-boost|p2a: Dracodrift|spe|1\n|-damage|p2a: Dracodrift|44\/100|[from] item: Rocky Helmet|[of] p1a: Great Tusk\n|\n|-weather|none\n|upkeep\n|turn|13\n|\n|t:|1700680568\n|move|p2a: Dracodrift|Ice Spinner|p1a: Great Tusk\n|-supereffective|p1a: Great Tusk\n|-damage|p1a: Great Tusk|35\/100\n|-damage|p2a: Dracodrift|27\/100|[from] item: Rocky Helmet|[of] p1a: Great Tusk\n|move|p1a: Great Tusk|Stealth Rock|p2a: Dracodrift\n|-sidestart|p2: ShadowB2W2|move: Stealth Rock\n|\n|upkeep\n|turn|14\n|\n|t:|1700680575\n|-end|p1a: Great Tusk|Protosynthesis|[silent]\n|switch|p1a: Alomomola|Alomomola, F|100\/100 par\n|move|p2a: Dracodrift|Rapid Spin|p1a: Alomomola\n|-damage|p1a: Alomomola|88\/100 par\n|-boost|p2a: Dracodrift|spe|1\n|-sideend|p2: ShadowB2W2|Stealth Rock|[from] move: Rapid Spin|[of] p2a: Dracodrift\n|\n|upkeep\n|turn|15\n|\n|t:|1700680583\n|move|p1a: Alomomola|Wish|p1a: Alomomola\n|move|p2a: Dracodrift|Dragon Tail|p1a: Alomomola\n|-damage|p1a: Alomomola|72\/100 par\n|drag|p1a: Kingambit|Kingambit, F|93\/100\n|\n|-heal|p1a: Kingambit|99\/100|[from] item: Leftovers\n|upkeep\n|turn|16\n|\n|t:|1700680595\n|move|p1a: Kingambit|Sucker Punch|p2a: Dracodrift\n|-damage|p2a: Dracodrift|0 fnt\n|faint|p2a: Dracodrift\n|\n|-heal|p1a: Kingambit|100\/100|[from] move: Wish|[wisher] Alomomola\n|upkeep\n|\n|t:|1700680603\n|switch|p2a: Iron Hands|Iron Hands|100\/100\n|-enditem|p2a: Iron Hands|Booster Energy\n|-activate|p2a: Iron Hands|ability: Quark Drive|[fromitem]\n|-start|p2a: Iron Hands|quarkdriveatk\n|turn|17\n|\n|t:|1700680619\n|-end|p1a: Kingambit|fallenundefined|[silent]\n|switch|p1a: Thundurus|Thundurus-Therian, M|44\/100\n|move|p2a: Iron Hands|Drain Punch|p1a: Thundurus\n|-resisted|p1a: Thundurus\n|-damage|p1a: Thundurus|0 fnt\n|faint|p1a: Thundurus\n|\n|upkeep\n|\n|t:|1700680629\n|switch|p1a: Slowking|Slowking-Galar, F|100\/100\n|turn|18\n|\n|t:|1700680638\n|move|p2a: Iron Hands|Earthquake|p1a: Slowking\n|-supereffective|p1a: Slowking\n|-damage|p1a: Slowking|0 fnt\n|faint|p1a: Slowking\n|\n|upkeep\n|\n|t:|1700680645\n|switch|p1a: Cinderace|Cinderace, F|15\/100\n|turn|19\n|\n|t:|1700680650\n|move|p1a: Cinderace|Will-O-Wisp|p2a: Iron Hands\n|-status|p2a: Iron Hands|brn\n|move|p2a: Iron Hands|Drain Punch|p1a: Cinderace\n|-damage|p1a: Cinderace|0 fnt\n|faint|p1a: Cinderace\n|\n|-damage|p2a: Iron Hands|94\/100 brn|[from] brn\n|upkeep\n|\n|t:|1700680660\n|switch|p1a: Great Tusk|Great Tusk|35\/100\n|turn|20\n|\n|t:|1700680667\n|move|p1a: Great Tusk|Headlong Rush|p2a: Iron Hands\n|-supereffective|p2a: Iron Hands\n|-damage|p2a: Iron Hands|18\/100 brn\n|-unboost|p1a: Great Tusk|def|1\n|-unboost|p1a: Great Tusk|spd|1\n|move|p2a: Iron Hands|Drain Punch|p1a: Great Tusk\n|-damage|p1a: Great Tusk|6\/100\n|-heal|p2a: Iron Hands|28\/100 brn|[from] drain|[of] p1a: Great Tusk\n|-damage|p2a: Iron Hands|12\/100 brn|[from] item: Rocky Helmet|[of] p1a: Great Tusk\n|\n|-damage|p2a: Iron Hands|6\/100 brn|[from] brn\n|upkeep\n|turn|21\n|\n|t:|1700680679\n|move|p1a: Great Tusk|Rapid Spin|p2a: Iron Hands\n|-damage|p2a: Iron Hands|0 fnt\n|-boost|p1a: Great Tusk|spe|1\n|faint|p2a: Iron Hands\n|-end|p2a: Iron Hands|Quark Drive|[silent]\n|\n|upkeep\n|\n|t:|1700680684\n|switch|p2a: Axe2Axe|Kleavor, M|100\/100\n|turn|22\n|\n|t:|1700680692\n|-terastallize|p2a: Axe2Axe|Bug\n|move|p1a: Great Tusk|Headlong Rush|p2a: Axe2Axe\n|-resisted|p2a: Axe2Axe\n|-damage|p2a: Axe2Axe|60\/100\n|-unboost|p1a: Great Tusk|def|1\n|-unboost|p1a: Great Tusk|spd|1\n|move|p2a: Axe2Axe|Trailblaze|p1a: Great Tusk\n|-supereffective|p1a: Great Tusk\n|-damage|p1a: Great Tusk|0 fnt\n|-boost|p2a: Axe2Axe|spe|1\n|-damage|p2a: Axe2Axe|44\/100|[from] item: Rocky Helmet|[of] p1a: Great Tusk\n|faint|p1a: Great Tusk\n|-end|p1a: Great Tusk|Protosynthesis|[silent]\n|\n|upkeep\n|\n|t:|1700680705\n|switch|p1a: Alomomola|Alomomola, F|100\/100 par\n|turn|23\n|\n|t:|1700680709\n|move|p2a: Axe2Axe|Swords Dance|p2a: Axe2Axe\n|-boost|p2a: Axe2Axe|atk|2\n|cant|p1a: Alomomola|par\n|\n|upkeep\n|turn|24\n|\n|t:|1700680719\n|move|p2a: Axe2Axe|Stone Axe|p1a: Alomomola|[miss]\n|-miss|p2a: Axe2Axe|p1a: Alomomola\n|move|p1a: Alomomola|Scald|p2a: Axe2Axe\n|-damage|p2a: Axe2Axe|21\/100\n|\n|upkeep\n|turn|25\n|\n|t:|1700680726\n|move|p2a: Axe2Axe|X-Scissor|p1a: Alomomola\n|-damage|p1a: Alomomola|0 fnt\n|faint|p1a: Alomomola\n|\n|upkeep\n|\n|t:|1700680730\n|switch|p1a: Kingambit|Kingambit, F|100\/100\n|-activate|p1a: Kingambit|ability: Supreme Overlord\n|-start|p1a: Kingambit|fallen5|[silent]\n|turn|26\n|\n|t:|1700680740\n|move|p2a: Axe2Axe|X-Scissor|p1a: Kingambit\n|-damage|p1a: Kingambit|0 fnt\n|faint|p1a: Kingambit\n|-end|p1a: Kingambit|fallen5|[silent]\n|\n|win|ShadowB2W2\n|raw|Andrews Finn3's rating: 1172 &rarr; <strong>1141<\/strong><br \/>(-31 for losing)\n|raw|ShadowB2W2's rating: 1085 &rarr; <strong>1119<\/strong><br \/>(+34 for winning)\n|l|\u2606Andrews Finn3\n|c|\u2606ShadowB2W2|gg\n","uploadtime":1700680747,"views":0,"p1id":"andrewsfinn3","p2id":"shadowb2w2","formatid":"gen9ou","rating":1119,"private":0,"password":""}