{"id":"gen9ou-1989294655","p1":"Blacki971","p2":"soccersniper","format":"[Gen 9] OU","log":"|j|\u2606Blacki971\n|j|\u2606soccersniper\n|t:|1699832986\n|gametype|singles\n|player|p1|Blacki971|hala|1429\n|player|p2|soccersniper|1|1384\n|teamsize|p1|6\n|teamsize|p2|6\n|gen|9\n|tier|[Gen 9] OU\n|rated|\n|rule|Sleep Clause Mod: Limit one foe put to sleep\n|rule|Species Clause: Limit one of each Pok\u00e9mon\n|rule|OHKO Clause: OHKO moves are banned\n|rule|Evasion Items Clause: Evasion items are banned\n|rule|Evasion Moves Clause: Evasion moves are banned\n|rule|Endless Battle Clause: Forcing endless battles is banned\n|rule|HP Percentage Mod: HP is shown in percentages\n|clearpoke\n|poke|p1|Sinistcha|\n|poke|p1|Crawdaunt, M|\n|poke|p1|Hatterene, F|\n|poke|p1|Salazzle, F|\n|poke|p1|Corviknight, F|\n|poke|p1|Ursaluna, M|\n|poke|p2|Garganacl, M|\n|poke|p2|Rillaboom, M|\n|poke|p2|Sneasler, M|\n|poke|p2|Ogerpon-Wellspring, F|\n|poke|p2|Greninja-*, M|\n|poke|p2|Landorus-Therian, M|\n|teampreview\n|inactive|Battle timer is ON: inactive players will automatically lose when time's up. (requested by Blacki971)\n|inactive|soccersniper has 120 seconds left.\n|\n|t:|1699833020\n|start\n|switch|p1a: Hatterene|Hatterene, F|100\/100\n|switch|p2a: Landorus|Landorus-Therian, M|100\/100\n|-ability|p2a: Landorus|Intimidate|boost\n|-unboost|p1a: Hatterene|atk|1\n|turn|1\n|\n|t:|1699833030\n|move|p2a: Landorus|U-turn|p1a: Hatterene\n|-damage|p1a: Hatterene|74\/100\n|\n|t:|1699833033\n|switch|p2a: Garganacl|Garganacl, M|100\/100|[from] U-turn\n|move|p1a: Hatterene|Draining Kiss|p2a: Garganacl\n|-damage|p2a: Garganacl|80\/100\n|-heal|p1a: Hatterene|99\/100|[from] drain|[of] p2a: Garganacl\n|\n|-heal|p2a: Garganacl|86\/100|[from] item: Leftovers\n|-heal|p1a: Hatterene|100\/100|[from] item: Leftovers\n|upkeep\n|turn|2\n|\n|t:|1699833040\n|move|p2a: Garganacl|Salt Cure|p1a: Hatterene\n|-damage|p1a: Hatterene|83\/100\n|-start|p1a: Hatterene|Salt Cure\n|move|p1a: Hatterene|Calm Mind|p1a: Hatterene\n|-boost|p1a: Hatterene|spa|1\n|-boost|p1a: Hatterene|spd|1\n|\n|-heal|p2a: Garganacl|92\/100|[from] item: Leftovers\n|-heal|p1a: Hatterene|89\/100|[from] item: Leftovers\n|-damage|p1a: Hatterene|77\/100|[from] Salt Cure\n|upkeep\n|turn|3\n|\n|t:|1699833046\n|switch|p2a: Rillaboom|Rillaboom, M|100\/100\n|-fieldstart|move: Grassy Terrain|[from] ability: Grassy Surge|[of] p2a: Rillaboom\n|move|p1a: Hatterene|Draining Kiss|p2a: Rillaboom\n|-damage|p2a: Rillaboom|45\/100\n|-heal|p1a: Hatterene|100\/100|[from] drain|[of] p2a: Rillaboom\n|\n|-heal|p2a: Rillaboom|51\/100|[from] Grassy Terrain\n|-damage|p1a: Hatterene|88\/100|[from] Salt Cure\n|upkeep\n|turn|4\n|\n|t:|1699833061\n|switch|p1a: Sinistcha|Sinistcha|100\/100\n|move|p2a: Rillaboom|Knock Off|p1a: Sinistcha\n|-supereffective|p1a: Sinistcha\n|-damage|p1a: Sinistcha|11\/100\n|-enditem|p1a: Sinistcha|Leftovers|[from] move: Knock Off|[of] p2a: Rillaboom\n|\n|-heal|p2a: Rillaboom|57\/100|[from] Grassy Terrain\n|-heal|p1a: Sinistcha|17\/100|[from] Grassy Terrain\n|upkeep\n|turn|5\n|\n|t:|1699833069\n|move|p2a: Rillaboom|Knock Off|p1a: Sinistcha\n|-supereffective|p1a: Sinistcha\n|-damage|p1a: Sinistcha|0 fnt\n|faint|p1a: Sinistcha\n|\n|-heal|p2a: Rillaboom|64\/100|[from] Grassy Terrain\n|upkeep\n|\n|t:|1699833086\n|switch|p1a: Salazzle|Salazzle, F|100\/100\n|turn|6\n|\n|t:|1699833111\n|switch|p2a: Garganacl|Garganacl, M|92\/100\n|move|p1a: Salazzle|Substitute|p1a: Salazzle\n|-start|p1a: Salazzle|Substitute\n|-damage|p1a: Salazzle|76\/100\n|\n|-heal|p1a: Salazzle|82\/100|[from] Grassy Terrain\n|-heal|p1a: Salazzle|88\/100|[from] item: Leftovers\n|-heal|p2a: Garganacl|98\/100|[from] Grassy Terrain\n|-heal|p2a: Garganacl|100\/100|[from] item: Leftovers\n|upkeep\n|turn|7\n|\n|t:|1699833119\n|move|p1a: Salazzle|Sludge Bomb|p2a: Garganacl\n|-resisted|p2a: Garganacl\n|-damage|p2a: Garganacl|88\/100\n|move|p2a: Garganacl|Salt Cure|p1a: Salazzle\n|-supereffective|p1a: Salazzle\n|-end|p1a: Salazzle|Substitute\n|\n|-heal|p1a: Salazzle|94\/100|[from] Grassy Terrain\n|-heal|p1a: Salazzle|99\/100|[from] item: Leftovers\n|-heal|p2a: Garganacl|94\/100|[from] Grassy Terrain\n|-heal|p2a: Garganacl|99\/100|[from] item: Leftovers\n|-fieldend|move: Grassy Terrain\n|upkeep\n|turn|8\n|\n|t:|1699833124\n|switch|p1a: Ursaluna|Ursaluna, M|100\/100\n|move|p2a: Garganacl|Salt Cure|p1a: Ursaluna\n|-resisted|p1a: Ursaluna\n|-damage|p1a: Ursaluna|96\/100\n|-start|p1a: Ursaluna|Salt Cure\n|\n|-heal|p2a: Garganacl|100\/100|[from] item: Leftovers\n|-damage|p1a: Ursaluna|83\/100|[from] Salt Cure\n|-status|p1a: Ursaluna|brn|[from] item: Flame Orb\n|upkeep\n|turn|9\n|\n|t:|1699833130\n|switch|p2a: Landorus|Landorus-Therian, M|100\/100\n|-ability|p2a: Landorus|Intimidate|boost\n|-unboost|p1a: Ursaluna|atk|1\n|move|p1a: Ursaluna|Facade|p2a: Landorus\n|-damage|p2a: Landorus|46\/100\n|-damage|p1a: Ursaluna|66\/100 brn|[from] item: Rocky Helmet|[of] p2a: Landorus\n|\n|-damage|p1a: Ursaluna|60\/100 brn|[from] brn\n|-damage|p1a: Ursaluna|48\/100 brn|[from] Salt Cure\n|upkeep\n|turn|10\n|\n|t:|1699833145\n|switch|p1a: Corviknight|Corviknight, F|100\/100\n|-ability|p1a: Corviknight|Pressure\n|move|p2a: Landorus|Grass Knot|p1a: Corviknight\n|-resisted|p1a: Corviknight\n|-damage|p1a: Corviknight|97\/100\n|\n|-heal|p1a: Corviknight|100\/100|[from] item: Leftovers\n|upkeep\n|turn|11\n|\n|t:|1699833155\n|switch|p2a: Garganacl|Garganacl, M|100\/100\n|move|p1a: Corviknight|Brave Bird|p2a: Garganacl\n|-resisted|p2a: Garganacl\n|-damage|p2a: Garganacl|89\/100\n|-damage|p1a: Corviknight|97\/100|[from] Recoil\n|\n|-heal|p1a: Corviknight|100\/100|[from] item: Leftovers\n|-heal|p2a: Garganacl|95\/100|[from] item: Leftovers\n|upkeep\n|turn|12\n|\n|t:|1699833158\n|switch|p1a: Hatterene|Hatterene, F|88\/100\n|move|p2a: Garganacl|Salt Cure|p1a: Hatterene\n|-damage|p1a: Hatterene|71\/100\n|-start|p1a: Hatterene|Salt Cure\n|\n|-heal|p2a: Garganacl|100\/100|[from] item: Leftovers\n|-heal|p1a: Hatterene|77\/100|[from] item: Leftovers\n|-damage|p1a: Hatterene|64\/100|[from] Salt Cure\n|upkeep\n|turn|13\n|\n|t:|1699833165\n|switch|p2a: Landorus|Landorus-Therian, M|46\/100\n|-ability|p2a: Landorus|Intimidate|boost\n|-unboost|p1a: Hatterene|atk|1\n|move|p1a: Hatterene|Draining Kiss|p2a: Landorus\n|-damage|p2a: Landorus|13\/100\n|-heal|p1a: Hatterene|100\/100|[from] drain|[of] p2a: Landorus\n|-damage|p1a: Hatterene|84\/100|[from] item: Rocky Helmet|[of] p2a: Landorus\n|\n|-heal|p1a: Hatterene|90\/100|[from] item: Leftovers\n|-damage|p1a: Hatterene|78\/100|[from] Salt Cure\n|upkeep\n|turn|14\n|\n|t:|1699833180\n|switch|p1a: Corviknight|Corviknight, F|100\/100\n|-ability|p1a: Corviknight|Pressure\n|move|p2a: Landorus|Stealth Rock|p1a: Corviknight\n|-sidestart|p1: Blacki971|move: Stealth Rock\n|\n|upkeep\n|turn|15\n|\n|t:|1699833186\n|move|p2a: Landorus|U-turn|p1a: Corviknight\n|-resisted|p1a: Corviknight\n|-damage|p1a: Corviknight|97\/100\n|\n|t:|1699833188\n|switch|p2a: Garganacl|Garganacl, M|100\/100|[from] U-turn\n|move|p1a: Corviknight|Defog|p2a: Garganacl\n|-unboost|p2a: Garganacl|evasion|1\n|-sideend|p1: Blacki971|Stealth Rock|[from] move: Defog|[of] p1a: Corviknight\n|\n|-heal|p1a: Corviknight|100\/100|[from] item: Leftovers\n|upkeep\n|turn|16\n|\n|t:|1699833207\n|move|p1a: Corviknight|Iron Head|p2a: Garganacl\n|-supereffective|p2a: Garganacl\n|-damage|p2a: Garganacl|66\/100\n|cant|p2a: Garganacl|flinch\n|\n|-heal|p2a: Garganacl|72\/100|[from] item: Leftovers\n|upkeep\n|turn|17\n|\n|t:|1699833212\n|move|p1a: Corviknight|Iron Head|p2a: Garganacl\n|-supereffective|p2a: Garganacl\n|-damage|p2a: Garganacl|39\/100\n|cant|p2a: Garganacl|flinch\n|\n|-heal|p2a: Garganacl|45\/100|[from] item: Leftovers\n|upkeep\n|turn|18\n|\n|t:|1699833219\n|move|p1a: Corviknight|Iron Head|p2a: Garganacl\n|-supereffective|p2a: Garganacl\n|-damage|p2a: Garganacl|9\/100\n|cant|p2a: Garganacl|flinch\n|\n|-heal|p2a: Garganacl|15\/100|[from] item: Leftovers\n|upkeep\n|turn|19\n|c|\u2606soccersniper|super cool\n|\n|t:|1699833238\n|switch|p2a: Landorus|Landorus-Therian, M|13\/100\n|-ability|p2a: Landorus|Intimidate|boost\n|-unboost|p1a: Corviknight|atk|1\n|move|p1a: Corviknight|Iron Head|p2a: Landorus\n|-damage|p2a: Landorus|1\/100\n|-damage|p1a: Corviknight|84\/100|[from] item: Rocky Helmet|[of] p2a: Landorus\n|\n|-heal|p1a: Corviknight|90\/100|[from] item: Leftovers\n|upkeep\n|turn|20\n|\n|t:|1699833242\n|move|p2a: Landorus|Stealth Rock|p1a: Corviknight\n|-sidestart|p1: Blacki971|move: Stealth Rock\n|move|p1a: Corviknight|Brave Bird|p2a: Landorus\n|-damage|p2a: Landorus|0 fnt\n|-damage|p1a: Corviknight|74\/100|[from] item: Rocky Helmet|[of] p2a: Landorus\n|faint|p2a: Landorus\n|-damage|p1a: Corviknight|73\/100|[from] Recoil\n|\n|-heal|p1a: Corviknight|80\/100|[from] item: Leftovers\n|upkeep\n|\n|t:|1699833246\n|switch|p2a: Rillaboom|Rillaboom, M|64\/100\n|-fieldstart|move: Grassy Terrain|[from] ability: Grassy Surge|[of] p2a: Rillaboom\n|turn|21\n|\n|t:|1699833258\n|move|p2a: Rillaboom|Knock Off|p1a: Corviknight\n|-damage|p1a: Corviknight|39\/100\n|-enditem|p1a: Corviknight|Leftovers|[from] move: Knock Off|[of] p2a: Rillaboom\n|move|p1a: Corviknight|Roost|p1a: Corviknight\n|-heal|p1a: Corviknight|89\/100\n|-singleturn|p1a: Corviknight|move: Roost\n|\n|-heal|p2a: Rillaboom|70\/100|[from] Grassy Terrain\n|-heal|p1a: Corviknight|95\/100|[from] Grassy Terrain\n|upkeep\n|turn|22\n|\n|t:|1699833264\n|move|p2a: Rillaboom|Knock Off|p1a: Corviknight\n|-damage|p1a: Corviknight|67\/100\n|move|p1a: Corviknight|Defog|p2a: Rillaboom\n|-unboost|p2a: Rillaboom|evasion|1\n|-sideend|p1: Blacki971|Stealth Rock|[from] move: Defog|[of] p1a: Corviknight\n|-fieldend|move: Grassy Terrain\n|\n|upkeep\n|turn|23\n|\n|t:|1699833270\n|move|p2a: Rillaboom|Knock Off|p1a: Corviknight\n|-damage|p1a: Corviknight|41\/100\n|move|p1a: Corviknight|Roost|p1a: Corviknight\n|-heal|p1a: Corviknight|91\/100\n|-singleturn|p1a: Corviknight|move: Roost\n|\n|upkeep\n|turn|24\n|\n|t:|1699833277\n|move|p2a: Rillaboom|Knock Off|p1a: Corviknight\n|-damage|p1a: Corviknight|66\/100\n|move|p1a: Corviknight|Brave Bird|p2a: Rillaboom\n|-supereffective|p2a: Rillaboom\n|-damage|p2a: Rillaboom|15\/100\n|-damage|p1a: Corviknight|50\/100|[from] Recoil\n|\n|upkeep\n|turn|25\n|\n|t:|1699833285\n|move|p2a: Rillaboom|Knock Off|p1a: Corviknight\n|-damage|p1a: Corviknight|22\/100\n|move|p1a: Corviknight|Roost|p1a: Corviknight\n|-heal|p1a: Corviknight|72\/100\n|-singleturn|p1a: Corviknight|move: Roost\n|\n|upkeep\n|turn|26\n|\n|t:|1699833289\n|move|p2a: Rillaboom|Knock Off|p1a: Corviknight\n|-damage|p1a: Corviknight|48\/100\n|move|p1a: Corviknight|Roost|p1a: Corviknight\n|-heal|p1a: Corviknight|98\/100\n|-singleturn|p1a: Corviknight|move: Roost\n|\n|upkeep\n|turn|27\n|\n|t:|1699833294\n|move|p2a: Rillaboom|Knock Off|p1a: Corviknight\n|-damage|p1a: Corviknight|69\/100\n|move|p1a: Corviknight|Iron Head|p2a: Rillaboom\n|-damage|p2a: Rillaboom|0 fnt\n|faint|p2a: Rillaboom\n|\n|upkeep\n|\n|t:|1699833306\n|switch|p2a: Ogerpon|Ogerpon-Wellspring, F|100\/100\n|turn|28\n|\n|t:|1699833308\n|move|p2a: Ogerpon|Encore|p1a: Corviknight\n|-start|p1a: Corviknight|Encore\n|move|p1a: Corviknight|Iron Head|p2a: Ogerpon\n|-resisted|p2a: Ogerpon\n|-damage|p2a: Ogerpon|89\/100\n|\n|upkeep\n|turn|29\n|\n|t:|1699833311\n|switch|p2a: Sneasler|Sneasler, M|100\/100\n|move|p1a: Corviknight|Iron Head|p2a: Sneasler\n|-damage|p2a: Sneasler|72\/100\n|\n|upkeep\n|turn|30\n|\n|t:|1699833319\n|switch|p1a: Ursaluna|Ursaluna, M|48\/100 brn\n|move|p2a: Sneasler|Swords Dance|p2a: Sneasler\n|-boost|p2a: Sneasler|atk|2\n|\n|-damage|p1a: Ursaluna|41\/100 brn|[from] brn\n|upkeep\n|turn|31\n|\n|t:|1699833324\n|move|p2a: Sneasler|Close Combat|p1a: Ursaluna\n|-supereffective|p1a: Ursaluna\n|-damage|p1a: Ursaluna|0 fnt\n|-unboost|p2a: Sneasler|def|1\n|-unboost|p2a: Sneasler|spd|1\n|faint|p1a: Ursaluna\n|\n|upkeep\n|\n|t:|1699833327\n|switch|p1a: Crawdaunt|Crawdaunt, M|100\/100\n|turn|32\n|\n|t:|1699833334\n|switch|p2a: Garganacl|Garganacl, M|15\/100\n|move|p1a: Crawdaunt|Aqua Jet|p2a: Garganacl\n|-supereffective|p2a: Garganacl\n|-damage|p2a: Garganacl|0 fnt\n|faint|p2a: Garganacl\n|\n|upkeep\n|\n|t:|1699833341\n|switch|p2a: Ogerpon|Ogerpon-Wellspring, F|89\/100\n|turn|33\n|\n|t:|1699833349\n|switch|p1a: Corviknight|Corviknight, F|69\/100\n|-ability|p1a: Corviknight|Pressure\n|move|p2a: Ogerpon|Ivy Cudgel|p1a: Corviknight\n|-damage|p1a: Corviknight|29\/100\n|\n|upkeep\n|turn|34\n|\n|t:|1699833355\n|move|p2a: Ogerpon|Ivy Cudgel|p1a: Corviknight\n|-damage|p1a: Corviknight|0 fnt\n|faint|p1a: Corviknight\n|\n|upkeep\n|\n|t:|1699833357\n|switch|p1a: Salazzle|Salazzle, F|99\/100\n|turn|35\n|\n|t:|1699833365\n|-terastallize|p2a: Ogerpon|Water\n|detailschange|p2a: Ogerpon|Ogerpon-Wellspring-Tera, F, tera:Water\n|-ability|p2a: Ogerpon|Embody Aspect (Wellspring)|boost\n|-boost|p2a: Ogerpon|spd|1\n|move|p1a: Salazzle|Substitute|p1a: Salazzle\n|-start|p1a: Salazzle|Substitute\n|-damage|p1a: Salazzle|75\/100\n|move|p2a: Ogerpon|Ivy Cudgel|p1a: Salazzle\n|-supereffective|p1a: Salazzle\n|-end|p1a: Salazzle|Substitute\n|\n|-heal|p1a: Salazzle|81\/100|[from] item: Leftovers\n|upkeep\n|turn|36\n|\n|t:|1699833374\n|move|p1a: Salazzle|Sludge Bomb|p2a: Ogerpon\n|-damage|p2a: Ogerpon|58\/100\n|-status|p2a: Ogerpon|psn\n|move|p2a: Ogerpon|Ivy Cudgel|p1a: Salazzle\n|-supereffective|p1a: Salazzle\n|-damage|p1a: Salazzle|0 fnt\n|faint|p1a: Salazzle\n|\n|-damage|p2a: Ogerpon|46\/100 psn|[from] psn\n|upkeep\n|\n|t:|1699833377\n|switch|p1a: Hatterene|Hatterene, F|78\/100\n|turn|37\n|\n|t:|1699833384\n|move|p2a: Ogerpon|Ivy Cudgel|p1a: Hatterene\n|-damage|p1a: Hatterene|0 fnt\n|faint|p1a: Hatterene\n|\n|-damage|p2a: Ogerpon|34\/100 psn|[from] psn\n|upkeep\n|\n|t:|1699833386\n|switch|p1a: Crawdaunt|Crawdaunt, M|100\/100\n|turn|38\n|\n|t:|1699833390\n|-terastallize|p1a: Crawdaunt|Water\n|move|p1a: Crawdaunt|Aqua Jet|p2a: Ogerpon\n|-resisted|p2a: Ogerpon\n|-damage|p2a: Ogerpon|12\/100 psn\n|move|p2a: Ogerpon|Superpower|p1a: Crawdaunt\n|-damage|p1a: Crawdaunt|28\/100\n|-unboost|p2a: Ogerpon|atk|1\n|-unboost|p2a: Ogerpon|def|1\n|\n|-heal|p1a: Crawdaunt|34\/100|[from] item: Leftovers\n|-damage|p2a: Ogerpon|0 fnt|[from] psn\n|faint|p2a: Ogerpon\n|upkeep\n|\n|t:|1699833401\n|switch|p2a: Sneasler|Sneasler, M|72\/100\n|turn|39\n|\n|t:|1699833404\n|move|p1a: Crawdaunt|Aqua Jet|p2a: Sneasler\n|-damage|p2a: Sneasler|17\/100\n|move|p2a: Sneasler|Close Combat|p1a: Crawdaunt\n|-damage|p1a: Crawdaunt|0 fnt\n|-unboost|p2a: Sneasler|def|1\n|-unboost|p2a: Sneasler|spd|1\n|faint|p1a: Crawdaunt\n|\n|win|soccersniper\n|raw|Blacki971's rating: 1449 &rarr; <strong>1425<\/strong><br \/>(-24 for losing)\n|raw|soccersniper's rating: 1384 &rarr; <strong>1408<\/strong><br \/>(+24 for winning)\n|c|\u2606soccersniper|gg\n|l|\u2606Blacki971\n","uploadtime":1699833471,"views":10,"p1id":"blacki971","p2id":"soccersniper","formatid":"gen9ou","rating":1408,"private":0,"password":""}