{"id":"gen9ou-1999727243","p1":"Choice Bandington","p2":"I Siegs I","format":"[Gen 9] OU","log":"|j|\u2606Choice Bandington\n|j|\u2606I Siegs I\n|t:|1701111362\n|gametype|singles\n|player|p1|Choice Bandington|265|1403\n|player|p2|I Siegs I|marshal|1308\n|teamsize|p1|6\n|teamsize|p2|6\n|gen|9\n|tier|[Gen 9] OU\n|rated|\n|rule|Sleep Clause Mod: Limit one foe put to sleep\n|rule|Species Clause: Limit one of each Pok\u00e9mon\n|rule|OHKO Clause: OHKO moves are banned\n|rule|Evasion Items Clause: Evasion items are banned\n|rule|Evasion Moves Clause: Evasion moves are banned\n|rule|Endless Battle Clause: Forcing endless battles is banned\n|rule|HP Percentage Mod: HP is shown in percentages\n|clearpoke\n|poke|p1|Rillaboom, F|\n|poke|p1|Hatterene, F|\n|poke|p1|Manaphy|\n|poke|p1|Cinderace, F|\n|poke|p1|Dragapult, F|\n|poke|p1|Ogerpon-Wellspring, F|\n|poke|p2|Alomomola, F|\n|poke|p2|Slowking-Galar, F|\n|poke|p2|Kingambit, F|\n|poke|p2|Great Tusk|\n|poke|p2|Cinderace, F|\n|poke|p2|Thundurus-Therian, M|\n|teampreview\n|inactive|Battle timer is ON: inactive players will automatically lose when time's up. (requested by Choice Bandington)\n|\n|t:|1701111365\n|start\n|switch|p1a: Rillaboom|Rillaboom, F|100\/100\n|switch|p2a: Slowking|Slowking-Galar, F|100\/100\n|-fieldstart|move: Grassy Terrain|[from] ability: Grassy Surge|[of] p1a: Rillaboom\n|turn|1\n|\n|t:|1701111376\n|move|p1a: Rillaboom|Knock Off|p2a: Slowking\n|-supereffective|p2a: Slowking\n|-damage|p2a: Slowking|0 fnt\n|-enditem|p2a: Slowking|Heavy-Duty Boots|[from] move: Knock Off|[of] p1a: Rillaboom\n|faint|p2a: Slowking\n|\n|upkeep\n|\n|t:|1701111382\n|switch|p2a: Thundurus|Thundurus-Therian, M|100\/100\n|turn|2\n|\n|t:|1701111410\n|switch|p1a: Dragapult|Dragapult, F|100\/100\n|-terastallize|p2a: Thundurus|Flying\n|move|p2a: Thundurus|Tera Blast|p1a: Dragapult|[anim] Tera Blast Flying\n|-damage|p1a: Dragapult|0 fnt\n|faint|p1a: Dragapult\n|\n|upkeep\n|\n|t:|1701111417\n|switch|p1a: Hatterene|Hatterene, F|100\/100\n|-enditem|p1a: Hatterene|Grassy Seed\n|-boost|p1a: Hatterene|def|1|[from] item: Grassy Seed\n|turn|3\n|\n|t:|1701111424\n|-terastallize|p1a: Hatterene|Steel\n|move|p2a: Thundurus|Tera Blast|p1a: Hatterene|[anim] Tera Blast Flying\n|-resisted|p1a: Hatterene\n|-damage|p1a: Hatterene|50\/100\n|move|p1a: Hatterene|Calm Mind|p1a: Hatterene\n|-boost|p1a: Hatterene|spa|1\n|-boost|p1a: Hatterene|spd|1\n|\n|-heal|p1a: Hatterene|56\/100|[from] Grassy Terrain\n|upkeep\n|turn|4\n|\n|t:|1701111439\n|switch|p2a: Cinderace|Cinderace, F|100\/100\n|move|p1a: Hatterene|Draining Kiss|p2a: Cinderace\n|-resisted|p2a: Cinderace\n|-crit|p2a: Cinderace\n|-damage|p2a: Cinderace|62\/100\n|-heal|p1a: Hatterene|84\/100|[from] drain|[of] p2a: Cinderace\n|\n|-heal|p2a: Cinderace|68\/100|[from] Grassy Terrain\n|-heal|p1a: Hatterene|90\/100|[from] Grassy Terrain\n|upkeep\n|turn|5\n|c|\u2606I Siegs I|is this the agility set?\n|\n|t:|1701111449\n|switch|p1a: Manaphy|Manaphy|100\/100\n|move|p2a: Cinderace|Pyro Ball|p1a: Manaphy\n|-resisted|p1a: Manaphy\n|-damage|p1a: Manaphy|70\/100\n|\n|-heal|p2a: Cinderace|74\/100|[from] Grassy Terrain\n|-heal|p1a: Manaphy|76\/100|[from] Grassy Terrain\n|-heal|p1a: Manaphy|82\/100|[from] item: Leftovers\n|-fieldend|move: Grassy Terrain\n|upkeep\n|turn|6\n|c|\u2606Choice Bandington|no\n|\n|t:|1701111466\n|move|p2a: Cinderace|U-turn|p1a: Manaphy\n|-start|p2a: Cinderace|typechange|Bug|[from] ability: Libero\n|-damage|p1a: Manaphy|47\/100\n|c|\u2606I Siegs I|I used the agility set w electric seed and that was a lot of fun to use\n|c|\u2606I Siegs I|w tera water\n|\n|t:|1701111486\n|switch|p2a: Thundurus|Thundurus-Therian, M, tera:Flying|100\/100|[from] U-turn\n|move|p1a: Manaphy|Scald|p2a: Thundurus\n|-damage|p2a: Thundurus|58\/100\n|\n|-heal|p1a: Manaphy|54\/100|[from] item: Leftovers\n|upkeep\n|turn|7\n|inactive|Choice Bandington has 120 seconds left.\n|c|\u2606Choice Bandington|cm nuzzle draining kiss psyshock\n|\n|t:|1701111530\n|switch|p1a: Rillaboom|Rillaboom, F|100\/100\n|-fieldstart|move: Grassy Terrain|[from] ability: Grassy Surge|[of] p1a: Rillaboom\n|move|p2a: Thundurus|Volt Switch|p1a: Rillaboom\n|-resisted|p1a: Rillaboom\n|-damage|p1a: Rillaboom|64\/100\n|\n|t:|1701111544\n|switch|p2a: Great Tusk|Great Tusk|100\/100|[from] Volt Switch\n|\n|-heal|p1a: Rillaboom|71\/100|[from] Grassy Terrain\n|upkeep\n|turn|8\n|n|!Choice Bandington|choicebandington\n|\n|t:|1701111551\n|-end|p2a: Great Tusk|Protosynthesis|[silent]\n|switch|p2a: Kingambit|Kingambit, F|100\/100\n|-activate|p2a: Kingambit|ability: Supreme Overlord\n|-start|p2a: Kingambit|fallen1|[silent]\n|move|p1a: Rillaboom|Grassy Glide|p2a: Kingambit\n|-resisted|p2a: Kingambit\n|-damage|p2a: Kingambit|81\/100\n|\n|-heal|p1a: Rillaboom|77\/100|[from] Grassy Terrain\n|-heal|p2a: Kingambit|87\/100|[from] Grassy Terrain\n|-heal|p2a: Kingambit|93\/100|[from] item: Leftovers\n|upkeep\n|turn|9\n|c|\u2606I Siegs I|i like that set too\n|\n|t:|1701111562\n|switch|p1a: Cinderace|Cinderace, F|100\/100\n|move|p2a: Kingambit|Kowtow Cleave|p1a: Cinderace\n|-damage|p1a: Cinderace|21\/100\n|\n|-heal|p1a: Cinderace|27\/100|[from] Grassy Terrain\n|-heal|p2a: Kingambit|99\/100|[from] Grassy Terrain\n|-heal|p2a: Kingambit|100\/100|[from] item: Leftovers\n|upkeep\n|turn|10\n|\n|t:|1701111567\n|-end|p2a: Kingambit|fallen1|[silent]\n|switch|p2a: Alomomola|Alomomola, F|100\/100\n|move|p1a: Cinderace|Will-O-Wisp|p2a: Alomomola\n|-status|p2a: Alomomola|brn\n|\n|-heal|p1a: Cinderace|33\/100|[from] Grassy Terrain\n|-damage|p2a: Alomomola|94\/100 brn|[from] brn\n|upkeep\n|turn|11\n|\n|t:|1701111572\n|move|p1a: Cinderace|U-turn|p2a: Alomomola\n|-damage|p2a: Alomomola|80\/100 brn\n|-enditem|p2a: Alomomola|Red Card|[of] p1a: Cinderace\n|drag|p1a: Ogerpon|Ogerpon-Wellspring, F|100\/100\n|move|p2a: Alomomola|Flip Turn|p1a: Ogerpon\n|-immune|p1a: Ogerpon|[from] ability: Water Absorb\n|\n|-heal|p2a: Alomomola|86\/100 brn|[from] Grassy Terrain\n|-damage|p2a: Alomomola|80\/100 brn|[from] brn\n|-fieldend|move: Grassy Terrain\n|upkeep\n|turn|12\n|\n|t:|1701111578\n|switch|p1a: Rillaboom|Rillaboom, F|77\/100\n|-fieldstart|move: Grassy Terrain|[from] ability: Grassy Surge|[of] p1a: Rillaboom\n|switch|p2a: Kingambit|Kingambit, F|100\/100\n|-activate|p2a: Kingambit|ability: Supreme Overlord\n|-start|p2a: Kingambit|fallen1|[silent]\n|\n|-heal|p1a: Rillaboom|83\/100|[from] Grassy Terrain\n|upkeep\n|turn|13\n|\n|t:|1701111590\n|move|p1a: Rillaboom|U-turn|p2a: Kingambit\n|-damage|p2a: Kingambit|76\/100\n|\n|t:|1701111593\n|switch|p1a: Ogerpon|Ogerpon-Wellspring, F|100\/100|[from] U-turn\n|move|p2a: Kingambit|Kowtow Cleave|p1a: Ogerpon\n|-damage|p1a: Ogerpon|33\/100\n|\n|-heal|p1a: Ogerpon|39\/100|[from] Grassy Terrain\n|-heal|p2a: Kingambit|82\/100|[from] Grassy Terrain\n|-heal|p2a: Kingambit|88\/100|[from] item: Leftovers\n|upkeep\n|turn|14\n|\n|t:|1701111597\n|move|p1a: Ogerpon|Ivy Cudgel|p2a: Kingambit|[anim] Ivy Cudgel Water\n|-damage|p2a: Kingambit|45\/100\n|move|p2a: Kingambit|Kowtow Cleave|p1a: Ogerpon\n|-damage|p1a: Ogerpon|0 fnt\n|faint|p1a: Ogerpon\n|\n|-heal|p2a: Kingambit|51\/100|[from] Grassy Terrain\n|-heal|p2a: Kingambit|57\/100|[from] item: Leftovers\n|upkeep\n|\n|t:|1701111602\n|switch|p1a: Cinderace|Cinderace, F|33\/100\n|turn|15\n|\n|t:|1701111605\n|-end|p2a: Kingambit|fallen1|[silent]\n|switch|p2a: Alomomola|Alomomola, F|100\/100 brn\n|move|p1a: Cinderace|Pyro Ball|p2a: Alomomola\n|-resisted|p2a: Alomomola\n|-damage|p2a: Alomomola|72\/100 brn\n|\n|-heal|p1a: Cinderace|39\/100|[from] Grassy Terrain\n|-heal|p2a: Alomomola|78\/100 brn|[from] Grassy Terrain\n|-damage|p2a: Alomomola|72\/100 brn|[from] brn\n|upkeep\n|turn|16\n|\n|t:|1701111607\n|move|p1a: Cinderace|U-turn|p2a: Alomomola\n|-damage|p2a: Alomomola|60\/100 brn\n|\n|t:|1701111610\n|switch|p1a: Rillaboom|Rillaboom, F|83\/100|[from] U-turn\n|move|p2a: Alomomola|Flip Turn|p1a: Rillaboom\n|-resisted|p1a: Rillaboom\n|-damage|p1a: Rillaboom|79\/100\n|\n|t:|1701111616\n|switch|p2a: Kingambit|Kingambit, F|57\/100|[from] Flip Turn\n|-activate|p2a: Kingambit|ability: Supreme Overlord\n|-start|p2a: Kingambit|fallen1|[silent]\n|\n|-heal|p1a: Rillaboom|85\/100|[from] Grassy Terrain\n|-heal|p2a: Kingambit|63\/100|[from] Grassy Terrain\n|-heal|p2a: Kingambit|69\/100|[from] item: Leftovers\n|-fieldend|move: Grassy Terrain\n|upkeep\n|turn|17\n|\n|t:|1701111621\n|move|p1a: Rillaboom|Wood Hammer|p2a: Kingambit\n|-resisted|p2a: Kingambit\n|-damage|p2a: Kingambit|36\/100\n|-damage|p1a: Rillaboom|72\/100|[from] Recoil\n|move|p2a: Kingambit|Kowtow Cleave|p1a: Rillaboom\n|-damage|p1a: Rillaboom|8\/100\n|\n|-heal|p2a: Kingambit|42\/100|[from] item: Leftovers\n|upkeep\n|turn|18\n|\n|t:|1701111631\n|move|p2a: Kingambit|Sucker Punch|p1a: Rillaboom\n|-damage|p1a: Rillaboom|0 fnt\n|faint|p1a: Rillaboom\n|\n|-heal|p2a: Kingambit|48\/100|[from] item: Leftovers\n|upkeep\n|\n|t:|1701111634\n|switch|p1a: Manaphy|Manaphy|54\/100\n|turn|19\n|\n|t:|1701111645\n|move|p1a: Manaphy|Scald|p2a: Kingambit\n|-damage|p2a: Kingambit|18\/100\n|-status|p2a: Kingambit|brn\n|move|p2a: Kingambit|Kowtow Cleave|p1a: Manaphy\n|-damage|p1a: Manaphy|25\/100\n|\n|-heal|p1a: Manaphy|32\/100|[from] item: Leftovers\n|-heal|p2a: Kingambit|24\/100 brn|[from] item: Leftovers\n|-damage|p2a: Kingambit|18\/100 brn|[from] brn\n|upkeep\n|turn|20\n|\n|t:|1701111653\n|-end|p2a: Kingambit|fallen1|[silent]\n|switch|p2a: Alomomola|Alomomola, F|93\/100 brn\n|move|p1a: Manaphy|Scald|p2a: Alomomola\n|-resisted|p2a: Alomomola\n|-damage|p2a: Alomomola|78\/100 brn\n|\n|-heal|p1a: Manaphy|38\/100|[from] item: Leftovers\n|-damage|p2a: Alomomola|72\/100 brn|[from] brn\n|upkeep\n|turn|21\n|\n|t:|1701111656\n|move|p1a: Manaphy|Take Heart|p1a: Manaphy\n|-boost|p1a: Manaphy|spa|1\n|-boost|p1a: Manaphy|spd|1\n|move|p2a: Alomomola|Flip Turn|p1a: Manaphy\n|-resisted|p1a: Manaphy\n|-crit|p1a: Manaphy\n|-damage|p1a: Manaphy|32\/100\n|\n|t:|1701111658\n|switch|p2a: Thundurus|Thundurus-Therian, M, tera:Flying|58\/100|[from] Flip Turn\n|\n|-heal|p1a: Manaphy|38\/100|[from] item: Leftovers\n|upkeep\n|turn|22\n|\n|t:|1701111664\n|switch|p1a: Hatterene|Hatterene, F, tera:Steel|90\/100\n|move|p2a: Thundurus|Volt Switch|p1a: Hatterene\n|-damage|p1a: Hatterene|33\/100\n|\n|t:|1701111680\n|switch|p2a: Great Tusk|Great Tusk|100\/100|[from] Volt Switch\n|\n|upkeep\n|turn|23\n|\n|t:|1701111685\n|move|p2a: Great Tusk|Rapid Spin|p1a: Hatterene\n|-resisted|p1a: Hatterene\n|-damage|p1a: Hatterene|26\/100\n|-boost|p2a: Great Tusk|spe|1\n|move|p1a: Hatterene|Draining Kiss|p2a: Great Tusk\n|-supereffective|p2a: Great Tusk\n|-damage|p2a: Great Tusk|36\/100\n|-heal|p1a: Hatterene|82\/100|[from] drain|[of] p2a: Great Tusk\n|-damage|p1a: Hatterene|66\/100|[from] item: Rocky Helmet|[of] p2a: Great Tusk\n|\n|upkeep\n|turn|24\n|\n|t:|1701111691\n|move|p2a: Great Tusk|Headlong Rush|p1a: Hatterene\n|-supereffective|p1a: Hatterene\n|-damage|p1a: Hatterene|0 fnt\n|-unboost|p2a: Great Tusk|def|1\n|-unboost|p2a: Great Tusk|spd|1\n|faint|p1a: Hatterene\n|\n|upkeep\n|\n|t:|1701111694\n|switch|p1a: Manaphy|Manaphy|38\/100\n|turn|25\n|\n|t:|1701111698\n|move|p2a: Great Tusk|Headlong Rush|p1a: Manaphy\n|-damage|p1a: Manaphy|0 fnt\n|-unboost|p2a: Great Tusk|def|1\n|-unboost|p2a: Great Tusk|spd|1\n|faint|p1a: Manaphy\n|\n|upkeep\n|c|\u2606I Siegs I|gg\n|\n|t:|1701111704\n|switch|p1a: Cinderace|Cinderace, F|39\/100\n|turn|26\n|c|\u2606I Siegs I|this was a fun game\n|\n|t:|1701111707\n|move|p2a: Great Tusk|Headlong Rush|p1a: Cinderace\n|-supereffective|p1a: Cinderace\n|-crit|p1a: Cinderace\n|-damage|p1a: Cinderace|0 fnt\n|-unboost|p2a: Great Tusk|def|1\n|-unboost|p2a: Great Tusk|spd|1\n|faint|p1a: Cinderace\n|\n|win|I Siegs I\n|raw|Choice Bandington's rating: 1403 &rarr; <strong>1378<\/strong><br \/>(-25 for losing)\n|raw|I Siegs I's rating: 1308 &rarr; <strong>1333<\/strong><br \/>(+25 for winning)\n","uploadtime":1701111550,"views":2,"p1id":"choicebandington","p2id":"isiegsi","formatid":"gen9ou","rating":1333,"private":0,"password":""}