{"id":"gen9ou-1993386656","p1":"Nikolobstar","p2":"tomisginger","format":"[Gen 9] OU","log":"|j|\u2606Nikolobstar\n|j|\u2606tomisginger\n|t:|1700310397\n|gametype|singles\n|player|p1|Nikolobstar|lucas-gen4pt|\n|player|p2|tomisginger|alder|\n|teamsize|p1|6\n|teamsize|p2|6\n|gen|9\n|tier|[Gen 9] OU\n|rule|Sleep Clause Mod: Limit one foe put to sleep\n|rule|Species Clause: Limit one of each Pok\u00e9mon\n|rule|OHKO Clause: OHKO moves are banned\n|rule|Evasion Items Clause: Evasion items are banned\n|rule|Evasion Moves Clause: Evasion moves are banned\n|rule|Endless Battle Clause: Forcing endless battles is banned\n|rule|HP Percentage Mod: HP is shown in percentages\n|clearpoke\n|poke|p1|Walking Wake|\n|poke|p1|Slowking, M|\n|poke|p1|Arcanine-Hisui, M|\n|poke|p1|Zoroark-Hisui, F|\n|poke|p1|Armarouge, M|\n|poke|p1|Vikavolt, F|\n|poke|p2|Ting-Lu|\n|poke|p2|Cresselia, F|\n|poke|p2|Fezandipiti, M|\n|poke|p2|Qwilfish-Hisui, M|\n|poke|p2|Breloom, F|\n|poke|p2|Floatzel, F|\n|teampreview\n|j| Corbinc\n|j| F8S\n|\n|t:|1700310440\n|start\n|switch|p1a: Vikavolt|Vikavolt, F|100\/100\n|switch|p2a: Breloom|Breloom, F|100\/100\n|turn|1\n|\n|t:|1700310483\n|switch|p1a: Armarouge|Armarouge, M|100\/100\n|move|p2a: Breloom|Spore|p1a: Armarouge\n|-status|p1a: Armarouge|slp|[from] move: Spore\n|\n|upkeep\n|turn|2\n|\n|t:|1700310521\n|switch|p2a: Qwilfish|Qwilfish-Hisui, M|100\/100\n|-ability|p2a: Qwilfish|Intimidate|boost\n|-unboost|p1a: Armarouge|atk|1\n|cant|p1a: Armarouge|slp\n|\n|upkeep\n|turn|3\n|\n|t:|1700310601\n|-curestatus|p1a: Armarouge|slp|[msg]\n|move|p1a: Armarouge|Armor Cannon|p2a: Qwilfish\n|-damage|p2a: Qwilfish|31\/100\n|-unboost|p1a: Armarouge|def|1\n|-unboost|p1a: Armarouge|spd|1\n|move|p2a: Qwilfish|Toxic Spikes|p1a: Armarouge\n|-sidestart|p1: Nikolobstar|move: Toxic Spikes\n|\n|upkeep\n|turn|4\n|\n|t:|1700310649\n|switch|p1a: Slowking|Slowking, M|100\/100\n|move|p2a: Qwilfish|Barb Barrage|p1a: Slowking\n|-damage|p1a: Slowking|85\/100\n|-status|p1a: Slowking|psn\n|\n|-damage|p1a: Slowking|73\/100 psn|[from] psn\n|upkeep\n|turn|5\n|\n|t:|1700310679\n|move|p2a: Qwilfish|Taunt|p1a: Slowking\n|-start|p1a: Slowking|move: Taunt\n|cant|p1a: Slowking|move: Taunt|Chilly Reception\n|\n|-damage|p1a: Slowking|60\/100 psn|[from] psn\n|upkeep\n|turn|6\n|\n|t:|1700310741\n|switch|p1a: Arcanine|Arcanine-Hisui, M|100\/100\n|-status|p1a: Arcanine|psn\n|move|p2a: Qwilfish|Barb Barrage|p1a: Arcanine\n|-resisted|p1a: Arcanine\n|-damage|p1a: Arcanine|74\/100 psn\n|\n|-damage|p1a: Arcanine|62\/100 psn|[from] psn\n|upkeep\n|turn|7\n|\n|t:|1700310825\n|move|p1a: Arcanine|Flare Blitz|p2a: Qwilfish\n|-damage|p2a: Qwilfish|0 fnt\n|faint|p2a: Qwilfish\n|\n|-damage|p1a: Arcanine|49\/100 psn|[from] psn\n|upkeep\n|\n|t:|1700310835\n|switch|p2a: Floatzel|Floatzel, F|100\/100\n|turn|8\n|\n|t:|1700310854\n|switch|p1a: Slowking|Slowking, M|94\/100 psn\n|move|p2a: Floatzel|Flip Turn|p1a: Slowking\n|-resisted|p1a: Slowking\n|-damage|p1a: Slowking|82\/100 psn\n|\n|t:|1700310865\n|switch|p2a: Breloom|Breloom, F|100\/100|[from] Flip Turn\n|\n|-damage|p1a: Slowking|70\/100 psn|[from] psn\n|upkeep\n|turn|9\n|\n|t:|1700310900\n|switch|p1a: Vikavolt|Vikavolt, F|100\/100\n|move|p2a: Breloom|Bullet Seed|p1a: Vikavolt\n|-resisted|p1a: Vikavolt\n|-damage|p1a: Vikavolt|91\/100\n|-resisted|p1a: Vikavolt\n|-damage|p1a: Vikavolt|82\/100\n|-resisted|p1a: Vikavolt\n|-damage|p1a: Vikavolt|72\/100\n|-resisted|p1a: Vikavolt\n|-damage|p1a: Vikavolt|61\/100\n|-resisted|p1a: Vikavolt\n|-damage|p1a: Vikavolt|52\/100\n|-hitcount|p1a: Vikavolt|5\n|\n|upkeep\n|turn|10\n|\n|t:|1700310934\n|move|p2a: Breloom|Spore|p1a: Vikavolt\n|-status|p1a: Vikavolt|slp|[from] move: Spore\n|cant|p1a: Vikavolt|slp\n|\n|upkeep\n|turn|11\n|\n|t:|1700310982\n|switch|p1a: Arcanine|Arcanine-Hisui, M|49\/100 psn\n|move|p2a: Breloom|Bullet Seed|p1a: Arcanine\n|-damage|p1a: Arcanine|23\/100 psn\n|-damage|p1a: Arcanine|0 fnt\n|faint|p1a: Arcanine\n|-hitcount|p1: Arcanine|2\n|\n|upkeep\n|\n|t:|1700311025\n|switch|p1a: Walking Wake|Walking Wake|100\/100\n|-status|p1a: Walking Wake|psn\n|turn|12\n|\n|t:|1700311061\n|switch|p2a: Fezandipiti|Fezandipiti, M|100\/100\n|move|p1a: Walking Wake|Flamethrower|p2a: Fezandipiti\n|-damage|p2a: Fezandipiti|73\/100\n|\n|-heal|p2a: Fezandipiti|79\/100|[from] item: Leftovers\n|-damage|p1a: Walking Wake|88\/100 psn|[from] psn\n|upkeep\n|turn|13\n|\n|t:|1700311093\n|-end|p1a: Walking Wake|Protosynthesis|[silent]\n|switch|p1a: Armarouge|Armarouge, M|100\/100\n|-status|p1a: Armarouge|psn\n|move|p2a: Fezandipiti|U-turn|p1a: Armarouge\n|-damage|p1a: Armarouge|86\/100 psn\n|-ability|p1a: Armarouge|Weak Armor|boost\n|-unboost|p1a: Armarouge|def|1\n|-boost|p1a: Armarouge|spe|2\n|\n|t:|1700311101\n|switch|p2a: Floatzel|Floatzel, F|100\/100|[from] U-turn\n|\n|-damage|p1a: Armarouge|73\/100 psn|[from] psn\n|upkeep\n|turn|14\n|\n|t:|1700311138\n|switch|p1a: Slowking|Slowking, M|100\/100 psn\n|move|p2a: Floatzel|Flip Turn|p1a: Slowking\n|-resisted|p1a: Slowking\n|-crit|p1a: Slowking\n|-damage|p1a: Slowking|81\/100 psn\n|\n|t:|1700311149\n|switch|p2a: Breloom|Breloom, F|100\/100|[from] Flip Turn\n|\n|-damage|p1a: Slowking|69\/100 psn|[from] psn\n|upkeep\n|turn|15\n|\n|t:|1700311188\n|switch|p1a: Armarouge|Armarouge, M|73\/100 psn\n|move|p2a: Breloom|Bullet Seed|p1a: Armarouge\n|-resisted|p1a: Armarouge\n|-damage|p1a: Armarouge|63\/100 psn\n|-ability|p1a: Armarouge|Weak Armor|boost\n|-unboost|p1a: Armarouge|def|1\n|-boost|p1a: Armarouge|spe|2\n|-resisted|p1a: Armarouge\n|-damage|p1a: Armarouge|45\/100 psn\n|-ability|p1a: Armarouge|Weak Armor|boost\n|-unboost|p1a: Armarouge|def|1\n|-boost|p1a: Armarouge|spe|2\n|-resisted|p1a: Armarouge\n|-damage|p1a: Armarouge|21\/100 psn\n|-ability|p1a: Armarouge|Weak Armor|boost\n|-unboost|p1a: Armarouge|def|1\n|-boost|p1a: Armarouge|spe|2\n|-resisted|p1a: Armarouge\n|-damage|p1a: Armarouge|0 fnt\n|faint|p1a: Armarouge\n|-hitcount|p1: Armarouge|4\n|\n|upkeep\n|\n|t:|1700311220\n|switch|p1a: Walking Wake|Walking Wake|88\/100 psn\n|turn|16\n|\n|t:|1700311238\n|switch|p2a: Fezandipiti|Fezandipiti, M|79\/100\n|move|p1a: Walking Wake|Scald|p2a: Fezandipiti\n|-damage|p2a: Fezandipiti|43\/100\n|\n|-heal|p2a: Fezandipiti|49\/100|[from] item: Leftovers\n|-damage|p1a: Walking Wake|76\/100 psn|[from] psn\n|upkeep\n|turn|17\n|\n|t:|1700311261\n|-end|p1a: Walking Wake|Protosynthesis|[silent]\n|switch|p1a: Slowking|Slowking, M|100\/100\n|-status|p1a: Slowking|psn\n|move|p2a: Fezandipiti|Roost|p2a: Fezandipiti\n|-heal|p2a: Fezandipiti|99\/100\n|-singleturn|p2a: Fezandipiti|move: Roost\n|\n|-heal|p2a: Fezandipiti|100\/100|[from] item: Leftovers\n|-damage|p1a: Slowking|88\/100 psn|[from] psn\n|upkeep\n|turn|18\n|\n|t:|1700311286\n|move|p1a: Slowking|Trick|p2a: Fezandipiti\n|-activate|p1a: Slowking|move: Trick|[of] p2a: Fezandipiti\n|-item|p2a: Fezandipiti|Choice Scarf|[from] move: Trick\n|-item|p1a: Slowking|Leftovers|[from] move: Trick\n|move|p2a: Fezandipiti|U-turn|p1a: Slowking\n|-resisted|p1a: Slowking\n|-damage|p1a: Slowking|76\/100 psn\n|replace|p1a: Zoroark|Zoroark-Hisui, F\n|-end|p1a: Zoroark|Illusion\n|\n|t:|1700311295\n|switch|p2a: Floatzel|Floatzel, F|100\/100|[from] U-turn\n|\n|-heal|p1a: Zoroark|82\/100 psn|[from] item: Leftovers\n|-damage|p1a: Zoroark|70\/100 psn|[from] psn\n|upkeep\n|turn|19\n|\n|t:|1700311335\n|switch|p1a: Walking Wake|Walking Wake|76\/100 psn\n|move|p2a: Floatzel|Crunch|p1a: Walking Wake\n|-damage|p1a: Walking Wake|49\/100 psn\n|\n|-damage|p1a: Walking Wake|37\/100 psn|[from] psn\n|upkeep\n|turn|20\n|\n|t:|1700311356\n|move|p2a: Floatzel|Flip Turn|p1a: Walking Wake\n|-resisted|p1a: Walking Wake\n|-damage|p1a: Walking Wake|27\/100 psn\n|\n|t:|1700311359\n|switch|p2a: Fezandipiti|Fezandipiti, M|100\/100|[from] Flip Turn\n|move|p1a: Walking Wake|Scald|p2a: Fezandipiti\n|-damage|p2a: Fezandipiti|69\/100\n|\n|-damage|p1a: Walking Wake|15\/100 psn|[from] psn\n|upkeep\n|turn|21\n|\n|t:|1700311381\n|-end|p1a: Walking Wake|Protosynthesis|[silent]\n|switch|p1a: Vikavolt|Vikavolt, F|52\/100 slp\n|move|p2a: Fezandipiti|U-turn|p1a: Vikavolt\n|-damage|p1a: Vikavolt|40\/100 slp\n|\n|t:|1700311389\n|switch|p2a: Breloom|Breloom, F|100\/100|[from] U-turn\n|\n|upkeep\n|turn|22\n|\n|t:|1700311427\n|switch|p1a: Slowking|Slowking, M|70\/100 psn\n|move|p2a: Breloom|Bullet Seed|p1a: Slowking\n|-damage|p1a: Slowking|27\/100 psn\n|replace|p1a: Zoroark|Zoroark-Hisui, F\n|-end|p1a: Zoroark|Illusion\n|-damage|p1a: Zoroark|0 fnt\n|faint|p1a: Zoroark\n|-hitcount|p1: Zoroark|2\n|\n|upkeep\n|\n|t:|1700311435\n|switch|p1a: Vikavolt|Vikavolt, F|40\/100 slp\n|turn|23\n|\n|t:|1700311439\n|move|p2a: Breloom|Bullet Seed|p1a: Vikavolt\n|-resisted|p1a: Vikavolt\n|-damage|p1a: Vikavolt|30\/100 slp\n|-resisted|p1a: Vikavolt\n|-damage|p1a: Vikavolt|20\/100 slp\n|-resisted|p1a: Vikavolt\n|-damage|p1a: Vikavolt|10\/100 slp\n|-resisted|p1a: Vikavolt\n|-damage|p1a: Vikavolt|0 fnt\n|faint|p1a: Vikavolt\n|-hitcount|p1: Vikavolt|4\n|\n|upkeep\n|\n|t:|1700311447\n|switch|p1a: Slowking|Slowking, M|100\/100 psn\n|turn|24\n|\n|t:|1700311456\n|move|p2a: Breloom|Bullet Seed|p1a: Slowking\n|-supereffective|p1a: Slowking\n|-damage|p1a: Slowking|67\/100 psn\n|-supereffective|p1a: Slowking\n|-crit|p1a: Slowking\n|-damage|p1a: Slowking|18\/100 psn\n|-supereffective|p1a: Slowking\n|-damage|p1a: Slowking|0 fnt\n|faint|p1a: Slowking\n|-hitcount|p1: Slowking|3\n|\n|upkeep\n|\n|t:|1700311463\n|switch|p1a: Walking Wake|Walking Wake|15\/100 psn\n|turn|25\n|\n|t:|1700311467\n|move|p2a: Breloom|Mach Punch|p1a: Walking Wake\n|-damage|p1a: Walking Wake|0 fnt\n|faint|p1a: Walking Wake\n|-end|p1a: Walking Wake|Protosynthesis|[silent]\n|\n|win|tomisginger\n|l|\u2606Nikolobstar\n|l| F8S\n|j| F8S\n","uploadtime":1700311501,"views":9,"p1id":"nikolobstar","p2id":"tomisginger","formatid":"gen9ou","rating":0,"private":0,"password":""}