{"id":"gen9ou-1989654385","p1":"Dmeta","p2":"StallUntilYouRage","format":"[Gen 9] OU","log":"|j|\u2606Dmeta\n|j|\u2606StallUntilYouRage\n|t:|1699883643\n|gametype|singles\n|player|p1|Dmeta|n|1288\n|player|p2|StallUntilYouRage|wattson|1300\n|teamsize|p1|6\n|teamsize|p2|6\n|gen|9\n|tier|[Gen 9] OU\n|rated|\n|rule|Sleep Clause Mod: Limit one foe put to sleep\n|rule|Species Clause: Limit one of each Pok\u00e9mon\n|rule|OHKO Clause: OHKO moves are banned\n|rule|Evasion Items Clause: Evasion items are banned\n|rule|Evasion Moves Clause: Evasion moves are banned\n|rule|Endless Battle Clause: Forcing endless battles is banned\n|rule|HP Percentage Mod: HP is shown in percentages\n|clearpoke\n|poke|p1|Ribombee, M|\n|poke|p1|Ogerpon-Wellspring, F|\n|poke|p1|Cinderace, M|\n|poke|p1|Great Tusk|\n|poke|p1|Manaphy|\n|poke|p1|Gholdengo|\n|poke|p2|Clodsire, F|\n|poke|p2|Dondozo, F|\n|poke|p2|Alomomola, F|\n|poke|p2|Toxapex, F|\n|poke|p2|Blissey, F|\n|poke|p2|Sneasler, F|\n|teampreview\n|inactive|Battle timer is ON: inactive players will automatically lose when time's up. (requested by StallUntilYouRage)\n|\n|t:|1699883655\n|start\n|switch|p1a: Ribombee|Ribombee, M|100\/100\n|switch|p2a: Sneasler|Sneasler, F|100\/100\n|-item|p2a: Sneasler|Air Balloon\n|turn|1\n|\n|t:|1699883659\n|-terastallize|p2a: Sneasler|Dark\n|move|p1a: Ribombee|Stun Spore|p2a: Sneasler\n|-status|p2a: Sneasler|par\n|move|p2a: Sneasler|Dire Claw|p1a: Ribombee\n|-supereffective|p1a: Ribombee\n|-enditem|p1a: Ribombee|Focus Sash\n|-damage|p1a: Ribombee|1\/100\n|-block|p1a: Ribombee|ability: Sweet Veil|[of] p1a: Ribombee\n|\n|upkeep\n|turn|2\n|\n|t:|1699883669\n|move|p1a: Ribombee|Sticky Web|p2a: Sneasler\n|-sidestart|p2: StallUntilYouRage|move: Sticky Web\n|cant|p2a: Sneasler|par\n|\n|upkeep\n|turn|3\n|\n|t:|1699883673\n|move|p1a: Ribombee|U-turn|p2a: Sneasler\n|-supereffective|p2a: Sneasler\n|-damage|p2a: Sneasler|56\/100 par\n|-enditem|p2a: Sneasler|Air Balloon\n|\n|t:|1699883680\n|switch|p1a: Gholdengo|Gholdengo|100\/100|[from] U-turn\n|move|p2a: Sneasler|U-turn|p1a: Gholdengo\n|-resisted|p1a: Gholdengo\n|-damage|p1a: Gholdengo|94\/100\n|\n|t:|1699883692\n|switch|p2a: Clodsire|Clodsire, F|100\/100|[from] U-turn\n|\n|-heal|p1a: Gholdengo|99\/100|[from] item: Leftovers\n|upkeep\n|turn|4\n|\n|t:|1699883708\n|switch|p1a: Great Tusk|Great Tusk|100\/100\n|move|p2a: Clodsire|Earthquake|p1a: Great Tusk\n|-damage|p1a: Great Tusk|82\/100\n|\n|upkeep\n|turn|5\n|\n|t:|1699883717\n|switch|p2a: Alomomola|Alomomola, F|100\/100\n|move|p1a: Great Tusk|Stealth Rock|p2a: Alomomola\n|-sidestart|p2: StallUntilYouRage|move: Stealth Rock\n|\n|upkeep\n|turn|6\n|\n|t:|1699883727\n|-end|p1a: Great Tusk|Protosynthesis|[silent]\n|switch|p1a: Ogerpon|Ogerpon-Wellspring, F|100\/100\n|switch|p2a: Toxapex|Toxapex, F|100\/100\n|\n|upkeep\n|turn|7\n|\n|t:|1699883752\n|switch|p1a: Gholdengo|Gholdengo|99\/100\n|move|p2a: Toxapex|Toxic|p1a: Gholdengo\n|-immune|p1a: Gholdengo|[from] ability: Good as Gold\n|\n|-heal|p1a: Gholdengo|100\/100|[from] item: Leftovers\n|upkeep\n|turn|8\n|\n|t:|1699883766\n|switch|p2a: Blissey|Blissey, F|100\/100\n|move|p1a: Gholdengo|Nasty Plot|p1a: Gholdengo\n|-boost|p1a: Gholdengo|spa|2\n|\n|upkeep\n|turn|9\n|\n|t:|1699883784\n|move|p1a: Gholdengo|Focus Blast|p2a: Blissey\n|-supereffective|p2a: Blissey\n|-damage|p2a: Blissey|54\/100\n|move|p2a: Blissey|Stealth Rock|p1a: Gholdengo\n|-sidestart|p1: Dmeta|move: Stealth Rock\n|\n|upkeep\n|turn|10\n|\n|t:|1699883791\n|switch|p2a: Clodsire|Clodsire, F|100\/100\n|move|p1a: Gholdengo|Nasty Plot|p1a: Gholdengo\n|-boost|p1a: Gholdengo|spa|2\n|\n|upkeep\n|turn|11\n|\n|t:|1699883796\n|move|p1a: Gholdengo|Shadow Ball|p2a: Clodsire\n|-crit|p2a: Clodsire\n|-damage|p2a: Clodsire|69\/100\n|move|p2a: Clodsire|Earthquake|p1a: Gholdengo\n|-supereffective|p1a: Gholdengo\n|-damage|p1a: Gholdengo|34\/100\n|\n|-heal|p1a: Gholdengo|40\/100|[from] item: Leftovers\n|upkeep\n|turn|12\n|\n|t:|1699883805\n|move|p1a: Gholdengo|Shadow Ball|p2a: Clodsire\n|-damage|p2a: Clodsire|46\/100\n|-unboost|p2a: Clodsire|spd|1\n|move|p2a: Clodsire|Toxic|p1a: Gholdengo\n|-immune|p1a: Gholdengo|[from] ability: Good as Gold\n|\n|-heal|p1a: Gholdengo|46\/100|[from] item: Leftovers\n|upkeep\n|turn|13\n|\n|t:|1699883814\n|switch|p2a: Blissey|Blissey, F|54\/100\n|move|p1a: Gholdengo|Shadow Ball|p2a: Blissey\n|-immune|p2a: Blissey\n|\n|-heal|p1a: Gholdengo|52\/100|[from] item: Leftovers\n|upkeep\n|turn|14\n|\n|t:|1699883828\n|move|p1a: Gholdengo|Focus Blast|p2a: Blissey|[miss]\n|-miss|p1a: Gholdengo|p2a: Blissey\n|move|p2a: Blissey|Soft-Boiled|p2a: Blissey\n|-heal|p2a: Blissey|100\/100\n|\n|-heal|p1a: Gholdengo|58\/100|[from] item: Leftovers\n|upkeep\n|turn|15\n|\n|t:|1699883831\n|move|p1a: Gholdengo|Focus Blast|p2a: Blissey|[miss]\n|-miss|p1a: Gholdengo|p2a: Blissey\n|move|p2a: Blissey|Heal Bell|p2a: Blissey\n|-activate|p2a: Blissey|move: Heal Bell\n|-curestatus|p2: Sneasler|par|[msg]\n|\n|-heal|p1a: Gholdengo|64\/100|[from] item: Leftovers\n|upkeep\n|turn|16\n|\n|t:|1699883844\n|switch|p2a: Dondozo|Dondozo, F|100\/100\n|move|p1a: Gholdengo|Nasty Plot|p1a: Gholdengo\n|-boost|p1a: Gholdengo|spa|2\n|\n|-heal|p1a: Gholdengo|70\/100|[from] item: Leftovers\n|upkeep\n|turn|17\n|\n|t:|1699883851\n|move|p1a: Gholdengo|Shadow Ball|p2a: Dondozo\n|-damage|p2a: Dondozo|61\/100\n|move|p2a: Dondozo|Liquidation|p1a: Gholdengo\n|-damage|p1a: Gholdengo|40\/100\n|-unboost|p1a: Gholdengo|def|1\n|\n|-heal|p1a: Gholdengo|46\/100|[from] item: Leftovers\n|upkeep\n|turn|18\n|\n|t:|1699883860\n|move|p1a: Gholdengo|Shadow Ball|p2a: Dondozo\n|-damage|p2a: Dondozo|21\/100\n|move|p2a: Dondozo|Rest|p2a: Dondozo\n|-status|p2a: Dondozo|slp|[from] move: Rest\n|-heal|p2a: Dondozo|100\/100 slp|[silent]\n|\n|-heal|p1a: Gholdengo|52\/100|[from] item: Leftovers\n|upkeep\n|turn|19\n|\n|t:|1699883865\n|move|p1a: Gholdengo|Shadow Ball|p2a: Dondozo\n|-damage|p2a: Dondozo|62\/100 slp\n|cant|p2a: Dondozo|slp\n|move|p2a: Dondozo|Sleep Talk|p2a: Dondozo\n|move|p2a: Dondozo|Body Press|p1a: Gholdengo|[from]move: Sleep Talk\n|-immune|p1a: Gholdengo\n|\n|-heal|p1a: Gholdengo|58\/100|[from] item: Leftovers\n|upkeep\n|turn|20\n|\n|t:|1699883869\n|switch|p2a: Blissey|Blissey, F|100\/100\n|move|p1a: Gholdengo|Shadow Ball|p2a: Blissey\n|-immune|p2a: Blissey\n|\n|-heal|p1a: Gholdengo|64\/100|[from] item: Leftovers\n|upkeep\n|turn|21\n|\n|t:|1699883872\n|move|p1a: Gholdengo|Focus Blast|p2a: Blissey|[miss]\n|-miss|p1a: Gholdengo|p2a: Blissey\n|move|p2a: Blissey|Soft-Boiled||[still]\n|-fail|p2a: Blissey|heal\n|\n|-heal|p1a: Gholdengo|70\/100|[from] item: Leftovers\n|upkeep\n|turn|22\n|\n|t:|1699883879\n|move|p1a: Gholdengo|Focus Blast|p2a: Blissey\n|-supereffective|p2a: Blissey\n|-damage|p2a: Blissey|14\/100\n|move|p2a: Blissey|Seismic Toss|p1a: Gholdengo\n|-immune|p1a: Gholdengo\n|\n|-heal|p1a: Gholdengo|76\/100|[from] item: Leftovers\n|upkeep\n|turn|23\n|\n|t:|1699883884\n|move|p1a: Gholdengo|Focus Blast|p2a: Blissey\n|-supereffective|p2a: Blissey\n|-damage|p2a: Blissey|0 fnt\n|faint|p2a: Blissey\n|\n|-heal|p1a: Gholdengo|82\/100|[from] item: Leftovers\n|upkeep\n|\n|t:|1699883887\n|switch|p2a: Clodsire|Clodsire, F|46\/100\n|turn|24\n|\n|t:|1699883891\n|move|p1a: Gholdengo|Shadow Ball|p2a: Clodsire\n|-damage|p2a: Clodsire|22\/100\n|move|p2a: Clodsire|Recover|p2a: Clodsire\n|-heal|p2a: Clodsire|72\/100\n|\n|-heal|p1a: Gholdengo|88\/100|[from] item: Leftovers\n|upkeep\n|turn|25\n|\n|t:|1699883901\n|move|p1a: Gholdengo|Make It Rain|p2a: Clodsire\n|-damage|p2a: Clodsire|38\/100\n|-unboost|p1a: Gholdengo|spa|1\n|move|p2a: Clodsire|Recover|p2a: Clodsire\n|-heal|p2a: Clodsire|88\/100\n|\n|-heal|p1a: Gholdengo|94\/100|[from] item: Leftovers\n|upkeep\n|turn|26\n|\n|t:|1699883905\n|move|p1a: Gholdengo|Make It Rain|p2a: Clodsire\n|-damage|p2a: Clodsire|57\/100\n|-unboost|p1a: Gholdengo|spa|1\n|move|p2a: Clodsire|Earthquake|p1a: Gholdengo\n|-supereffective|p1a: Gholdengo\n|-damage|p1a: Gholdengo|33\/100\n|\n|-heal|p1a: Gholdengo|39\/100|[from] item: Leftovers\n|upkeep\n|turn|27\n|\n|t:|1699883911\n|move|p1a: Gholdengo|Make It Rain|p2a: Clodsire\n|-damage|p2a: Clodsire|24\/100\n|-unboost|p1a: Gholdengo|spa|1\n|move|p2a: Clodsire|Recover|p2a: Clodsire\n|-heal|p2a: Clodsire|74\/100\n|\n|-heal|p1a: Gholdengo|45\/100|[from] item: Leftovers\n|upkeep\n|turn|28\n|\n|t:|1699883915\n|move|p1a: Gholdengo|Make It Rain|p2a: Clodsire\n|-damage|p2a: Clodsire|38\/100\n|-unboost|p1a: Gholdengo|spa|1\n|move|p2a: Clodsire|Recover|p2a: Clodsire\n|-heal|p2a: Clodsire|88\/100\n|\n|-heal|p1a: Gholdengo|51\/100|[from] item: Leftovers\n|upkeep\n|turn|29\n|\n|t:|1699883918\n|move|p1a: Gholdengo|Make It Rain|p2a: Clodsire\n|-damage|p2a: Clodsire|51\/100\n|-unboost|p1a: Gholdengo|spa|1\n|move|p2a: Clodsire|Earthquake|p1a: Gholdengo\n|-supereffective|p1a: Gholdengo\n|-damage|p1a: Gholdengo|0 fnt\n|faint|p1a: Gholdengo\n|\n|upkeep\n|\n|t:|1699883923\n|switch|p1a: Great Tusk|Great Tusk|82\/100\n|turn|30\n|\n|t:|1699883931\n|switch|p2a: Alomomola|Alomomola, F|100\/100\n|move|p1a: Great Tusk|Rapid Spin|p2a: Alomomola\n|-damage|p2a: Alomomola|91\/100\n|-boost|p1a: Great Tusk|spe|1\n|-sideend|p1: Dmeta|Stealth Rock|[from] move: Rapid Spin|[of] p1a: Great Tusk\n|\n|upkeep\n|turn|31\n|\n|t:|1699883938\n|-end|p1a: Great Tusk|Protosynthesis|[silent]\n|switch|p1a: Ogerpon|Ogerpon-Wellspring, F|100\/100\n|switch|p2a: Sneasler|Sneasler, F, tera:Dark|56\/100\n|-activate|p2a: Sneasler|move: Sticky Web\n|-unboost|p2a: Sneasler|spe|1\n|-damage|p2a: Sneasler|44\/100|[from] Stealth Rock\n|\n|upkeep\n|turn|32\n|\n|t:|1699883943\n|move|p2a: Sneasler|Fake Out|p1a: Ogerpon\n|-damage|p1a: Ogerpon|82\/100\n|cant|p1a: Ogerpon|flinch\n|\n|upkeep\n|turn|33\n|\n|t:|1699883958\n|switch|p2a: Toxapex|Toxapex, F|100\/100\n|move|p1a: Ogerpon|Ivy Cudgel|p2a: Toxapex\n|-resisted|p2a: Toxapex\n|-damage|p2a: Toxapex|83\/100\n|\n|upkeep\n|turn|34\n|\n|t:|1699883975\n|switch|p1a: Ribombee|Ribombee, M|1\/100\n|move|p2a: Toxapex|Toxic|p1a: Ribombee\n|-status|p1a: Ribombee|tox\n|\n|-damage|p1a: Ribombee|0 fnt|[from] psn\n|faint|p1a: Ribombee\n|upkeep\n|\n|t:|1699883981\n|switch|p1a: Great Tusk|Great Tusk|82\/100\n|turn|35\n|\n|t:|1699884003\n|switch|p2a: Alomomola|Alomomola, F|100\/100\n|-terastallize|p1a: Great Tusk|Ground\n|move|p1a: Great Tusk|Earthquake|p2a: Alomomola\n|-damage|p2a: Alomomola|66\/100\n|\n|upkeep\n|turn|36\n|\n|t:|1699884013\n|-end|p1a: Great Tusk|Protosynthesis|[silent]\n|switch|p1a: Ogerpon|Ogerpon-Wellspring, F|82\/100\n|move|p2a: Alomomola|Wish|p2a: Alomomola\n|\n|upkeep\n|turn|37\n|\n|t:|1699884017\n|switch|p2a: Dondozo|Dondozo, F|62\/100 slp\n|move|p1a: Ogerpon|Swords Dance|p1a: Ogerpon\n|-boost|p1a: Ogerpon|atk|2\n|\n|-heal|p2a: Dondozo|100\/100 slp|[from] move: Wish|[wisher] Alomomola\n|upkeep\n|turn|38\n|\n|t:|1699884025\n|move|p1a: Ogerpon|Swords Dance|p1a: Ogerpon\n|-boost|p1a: Ogerpon|atk|2\n|cant|p2a: Dondozo|slp\n|move|p2a: Dondozo|Sleep Talk|p2a: Dondozo\n|move|p2a: Dondozo|Liquidation|p1a: Ogerpon|[from]move: Sleep Talk\n|-heal|p1a: Ogerpon|100\/100|[from] ability: Water Absorb|[of] p2a: Dondozo\n|\n|upkeep\n|turn|39\n|\n|t:|1699884037\n|switch|p2a: Sneasler|Sneasler, F, tera:Dark|44\/100\n|-activate|p2a: Sneasler|move: Sticky Web\n|-unboost|p2a: Sneasler|spe|1\n|-damage|p2a: Sneasler|31\/100|[from] Stealth Rock\n|move|p1a: Ogerpon|Swords Dance|p1a: Ogerpon\n|-boost|p1a: Ogerpon|atk|2\n|\n|upkeep\n|turn|40\n|\n|t:|1699884042\n|move|p2a: Sneasler|Fake Out|p1a: Ogerpon\n|-damage|p1a: Ogerpon|81\/100\n|cant|p1a: Ogerpon|flinch\n|\n|upkeep\n|turn|41\n|\n|t:|1699884051\n|switch|p2a: Alomomola|Alomomola, F|99\/100\n|move|p1a: Ogerpon|Horn Leech|p2a: Alomomola\n|-supereffective|p2a: Alomomola\n|-damage|p2a: Alomomola|0 fnt\n|-heal|p1a: Ogerpon|100\/100|[from] drain|[of] p2a: Alomomola\n|faint|p2a: Alomomola\n|\n|upkeep\n|\n|t:|1699884053\n|switch|p2a: Sneasler|Sneasler, F, tera:Dark|31\/100\n|-activate|p2a: Sneasler|move: Sticky Web\n|-unboost|p2a: Sneasler|spe|1\n|-damage|p2a: Sneasler|19\/100|[from] Stealth Rock\n|turn|42\n|\n|t:|1699884060\n|move|p2a: Sneasler|Fake Out|p1a: Ogerpon\n|-damage|p1a: Ogerpon|82\/100\n|cant|p1a: Ogerpon|flinch\n|\n|upkeep\n|turn|43\n|\n|t:|1699884072\n|switch|p2a: Toxapex|Toxapex, F|100\/100\n|move|p1a: Ogerpon|Horn Leech|p2a: Toxapex\n|-damage|p2a: Toxapex|0 fnt\n|-heal|p1a: Ogerpon|100\/100|[from] drain|[of] p2a: Toxapex\n|faint|p2a: Toxapex\n|\n|upkeep\n|\n|t:|1699884074\n|switch|p2a: Sneasler|Sneasler, F, tera:Dark|19\/100\n|-activate|p2a: Sneasler|move: Sticky Web\n|-unboost|p2a: Sneasler|spe|1\n|-damage|p2a: Sneasler|7\/100|[from] Stealth Rock\n|turn|44\n|\n|t:|1699884077\n|move|p2a: Sneasler|Fake Out|p1a: Ogerpon\n|-damage|p1a: Ogerpon|84\/100\n|cant|p1a: Ogerpon|flinch\n|\n|upkeep\n|turn|45\n|c|\u2606StallUntilYouRage|fucking poison touch aint working\n|c|\u2606StallUntilYouRage|nooo\n|\n|t:|1699884089\n|move|p1a: Ogerpon|Horn Leech|p2a: Sneasler\n|-damage|p2a: Sneasler|0 fnt\n|-heal|p1a: Ogerpon|87\/100|[from] drain|[of] p2a: Sneasler\n|faint|p2a: Sneasler\n|\n|upkeep\n|\n|t:|1699884092\n|switch|p2a: Dondozo|Dondozo, F|100\/100 slp\n|turn|46\n|c|\u2606Dmeta|rip\n|\n|t:|1699884097\n|move|p1a: Ogerpon|Horn Leech|p2a: Dondozo\n|-supereffective|p2a: Dondozo\n|-damage|p2a: Dondozo|60\/100 slp\n|-heal|p1a: Ogerpon|100\/100|[from] drain|[of] p2a: Dondozo\n|-curestatus|p2a: Dondozo|slp|[msg]\n|move|p2a: Dondozo|Body Press|p1a: Ogerpon\n|-damage|p1a: Ogerpon|62\/100\n|\n|upkeep\n|turn|47\n|\n|t:|1699884101\n|move|p1a: Ogerpon|Horn Leech|p2a: Dondozo\n|-supereffective|p2a: Dondozo\n|-crit|p2a: Dondozo\n|-damage|p2a: Dondozo|5\/100\n|-heal|p1a: Ogerpon|100\/100|[from] drain|[of] p2a: Dondozo\n|move|p2a: Dondozo|Rest|p2a: Dondozo\n|-status|p2a: Dondozo|slp|[from] move: Rest\n|-heal|p2a: Dondozo|100\/100 slp|[silent]\n|\n|upkeep\n|turn|48\n|\n|t:|1699884104\n|move|p1a: Ogerpon|Horn Leech|p2a: Dondozo\n|-supereffective|p2a: Dondozo\n|-damage|p2a: Dondozo|64\/100 slp\n|cant|p2a: Dondozo|slp\n|move|p2a: Dondozo|Sleep Talk|p2a: Dondozo\n|move|p2a: Dondozo|Rest||[from]move: Sleep Talk|[still]\n|-fail|p2a: Dondozo\n|\n|upkeep\n|turn|49\n|\n|t:|1699884106\n|move|p1a: Ogerpon|Horn Leech|p2a: Dondozo\n|-supereffective|p2a: Dondozo\n|-damage|p2a: Dondozo|24\/100 slp\n|cant|p2a: Dondozo|slp\n|move|p2a: Dondozo|Sleep Talk|p2a: Dondozo\n|move|p2a: Dondozo|Liquidation|p1a: Ogerpon|[from]move: Sleep Talk\n|-immune|p1a: Ogerpon|[from] ability: Water Absorb\n|\n|upkeep\n|turn|50\n|\n|t:|1699884108\n|move|p1a: Ogerpon|Horn Leech|p2a: Dondozo\n|-supereffective|p2a: Dondozo\n|-damage|p2a: Dondozo|0 fnt\n|faint|p2a: Dondozo\n|\n|upkeep\n|l|\u2606StallUntilYouRage\n|inactive|StallUntilYouRage disconnected and has a minute to reconnect!\n|player|p2|\n|inactive|StallUntilYouRage has 30 seconds to reconnect!\n|inactive|StallUntilYouRage has 20 seconds to reconnect!\n|inactive|StallUntilYouRage has 15 seconds to reconnect!\n|inactive|StallUntilYouRage has 10 seconds to reconnect!\n|inactive|StallUntilYouRage has 5 seconds to reconnect!\n|-message|StallUntilYouRage lost due to inactivity.\n|\n|win|Dmeta\n|raw|Dmeta's rating: 1288 &rarr; <strong>1314<\/strong><br \/>(+26 for winning)\n|raw|StallUntilYouRage's rating: 1300 &rarr; <strong>1274<\/strong><br \/>(-26 for losing)\n","uploadtime":1699884214,"views":10,"p1id":"dmeta","p2id":"stalluntilyourage","formatid":"gen9ou","rating":1274,"private":0,"password":""}