{"id":"gen9ou-1993213830","p1":"mizdrev","p2":"tuvie","format":"[Gen 9] OU","log":"|j|\u2606mizdrev\n|j|\u2606tuvie\n|t:|1700278957\n|gametype|singles\n|player|p1|mizdrev|bellelba|1111\n|player|p2|tuvie|2|1109\n|teamsize|p1|6\n|teamsize|p2|6\n|gen|9\n|tier|[Gen 9] OU\n|rated|\n|rule|Sleep Clause Mod: Limit one foe put to sleep\n|rule|Species Clause: Limit one of each Pok\u00e9mon\n|rule|OHKO Clause: OHKO moves are banned\n|rule|Evasion Items Clause: Evasion items are banned\n|rule|Evasion Moves Clause: Evasion moves are banned\n|rule|Endless Battle Clause: Forcing endless battles is banned\n|rule|HP Percentage Mod: HP is shown in percentages\n|clearpoke\n|poke|p1|Dragapult, F|\n|poke|p1|Kingambit, F|\n|poke|p1|Landorus-Therian, M|\n|poke|p1|Toxapex, F|\n|poke|p1|Corviknight, F|\n|poke|p1|Sneasler, F|\n|poke|p2|Ribombee, M|\n|poke|p2|Pelipper, F|\n|poke|p2|Azumarill, F|\n|poke|p2|Zapdos|\n|poke|p2|Arcanine-Hisui, M|\n|poke|p2|Iron Moth|\n|teampreview\n|\n|t:|1700278979\n|start\n|switch|p1a: Dragapult|Dragapult, F, shiny|100\/100\n|switch|p2a: Lemondrop|Azumarill, F, shiny|100\/100\n|turn|1\n|\n|t:|1700278989\n|switch|p2a: Ribombee|Ribombee, M|100\/100\n|move|p1a: Dragapult|U-turn|p2a: Ribombee\n|-resisted|p2a: Ribombee\n|-damage|p2a: Ribombee|60\/100\n|\n|t:|1700278996\n|switch|p1a: Corviknight|Corviknight, F, shiny|100\/100|[from] U-turn\n|\n|upkeep\n|turn|2\n|c|\u2606tuvie|!weakness corviknight\n|c| tuvie|\/raw <div class=\"infobox\">Corviknight (ignoring abilities):<br \/><span class=\"message-effect-weak\">Weaknesses<\/span>: Electric, Fire<br \/><span class=\"message-effect-resist\">Resistances<\/span>: <b>Bug<\/b>, Dragon, Fairy, Flying, <b>Grass<\/b>, Normal, Psychic, Steel<br \/><span class=\"message-effect-immune\">Immunities<\/span>: Ground, Poison, Sandstorm damage, Toxic<\/div>\n|inactive|Battle timer is ON: inactive players will automatically lose when time's up. (requested by mizdrev)\n|\n|t:|1700279031\n|move|p2a: Ribombee|Sticky Web|p1a: Corviknight\n|-sidestart|p1: mizdrev|move: Sticky Web\n|move|p1a: Corviknight|Brave Bird|p2a: Ribombee\n|-supereffective|p2a: Ribombee\n|-damage|p2a: Ribombee|0 fnt\n|faint|p2a: Ribombee\n|-damage|p1a: Corviknight|88\/100|[from] Recoil\n|\n|-heal|p1a: Corviknight|94\/100|[from] item: Leftovers\n|upkeep\n|inactive|tuvie has 120 seconds left.\n|\n|t:|1700279071\n|switch|p2a: Arcanine|Arcanine-Hisui, M|100\/100\n|turn|3\n|\n|t:|1700279078\n|-terastallize|p1a: Corviknight|Fighting\n|move|p2a: Arcanine|Flare Blitz|p1a: Corviknight\n|-damage|p1a: Corviknight|46\/100\n|move|p1a: Corviknight|Body Press|p2a: Arcanine\n|-supereffective|p2a: Arcanine\n|-damage|p2a: Arcanine|30\/100\n|\n|-heal|p1a: Corviknight|52\/100|[from] item: Leftovers\n|upkeep\n|turn|4\n|inactive|tuvie has 120 seconds left.\n|\n|t:|1700279104\n|move|p2a: Arcanine|Flare Blitz|p1a: Corviknight\n|-damage|p1a: Corviknight|4\/100\n|move|p1a: Corviknight|Body Press|p2a: Arcanine\n|-supereffective|p2a: Arcanine\n|-damage|p2a: Arcanine|0 fnt\n|faint|p2a: Arcanine\n|\n|-heal|p1a: Corviknight|10\/100|[from] item: Leftovers\n|upkeep\n|\n|t:|1700279112\n|switch|p2a: Lemondrop|Azumarill, F, shiny|100\/100\n|turn|5\n|\n|t:|1700279125\n|move|p2a: Lemondrop|Aqua Jet|p1a: Corviknight\n|-damage|p1a: Corviknight|0 fnt\n|faint|p1a: Corviknight\n|\n|upkeep\n|inactive|mizdrev has 120 seconds left.\n|\n|t:|1700279154\n|switch|p1a: Sneasler|Sneasler, F, shiny|100\/100\n|-activate|p1a: Sneasler|move: Sticky Web\n|-unboost|p1a: Sneasler|spe|1\n|turn|6\n|inactive|tuvie has 120 seconds left.\n|\n|t:|1700279165\n|-terastallize|p2a: Lemondrop|Grass\n|move|p1a: Sneasler|Swords Dance|p1a: Sneasler\n|-boost|p1a: Sneasler|atk|2\n|move|p2a: Lemondrop|Belly Drum|p2a: Lemondrop\n|-damage|p2a: Lemondrop|50\/100\n|-setboost|p2a: Lemondrop|atk|6|[from] move: Belly Drum\n|-enditem|p2a: Lemondrop|Sitrus Berry|[eat]\n|-heal|p2a: Lemondrop|75\/100|[from] item: Sitrus Berry\n|\n|upkeep\n|turn|7\n|inactive|tuvie has 120 seconds left.\n|\n|t:|1700279182\n|switch|p1a: Kingambit|Kingambit, F, shiny|100\/100\n|-activate|p1a: Kingambit|move: Sticky Web\n|-unboost|p1a: Kingambit|spe|1\n|-activate|p1a: Kingambit|ability: Supreme Overlord\n|-start|p1a: Kingambit|fallen1|[silent]\n|move|p2a: Lemondrop|Aqua Jet|p1a: Kingambit\n|-damage|p1a: Kingambit|31\/100\n|\n|-heal|p1a: Kingambit|37\/100|[from] item: Leftovers\n|upkeep\n|turn|8\n|inactive|mizdrev has 120 seconds left.\n|\n|t:|1700279202\n|-end|p1a: Kingambit|fallen1|[silent]\n|switch|p1a: Sneasler|Sneasler, F, shiny|100\/100\n|-activate|p1a: Sneasler|move: Sticky Web\n|-unboost|p1a: Sneasler|spe|1\n|move|p2a: Lemondrop|Aqua Jet|p1a: Sneasler\n|-damage|p1a: Sneasler|0 fnt\n|faint|p1a: Sneasler\n|\n|upkeep\n|\n|t:|1700279211\n|switch|p1a: Toxapex|Toxapex, F, shiny|100\/100\n|-activate|p1a: Toxapex|move: Sticky Web\n|-unboost|p1a: Toxapex|spe|1\n|turn|9\n|\n|t:|1700279216\n|move|p2a: Lemondrop|Trailblaze|p1a: Toxapex\n|-damage|p1a: Toxapex|8\/100\n|-boost|p2a: Lemondrop|spe|1\n|move|p1a: Toxapex|Haze|p1a: Toxapex\n|-clearallboost\n|\n|-heal|p1a: Toxapex|14\/100|[from] item: Leftovers\n|upkeep\n|turn|10\n|\n|t:|1700279224\n|move|p1a: Toxapex|Baneful Bunker|p1a: Toxapex\n|-singleturn|p1a: Toxapex|move: Protect\n|move|p2a: Lemondrop|Aqua Jet|p1a: Toxapex\n|-activate|p1a: Toxapex|move: Protect\n|-status|p2a: Lemondrop|psn\n|\n|-heal|p1a: Toxapex|20\/100|[from] item: Leftovers\n|-damage|p2a: Lemondrop|63\/100 psn|[from] psn\n|upkeep\n|turn|11\n|\n|t:|1700279234\n|move|p2a: Lemondrop|Play Rough|p1a: Toxapex\n|-resisted|p1a: Toxapex\n|-damage|p1a: Toxapex|4\/100\n|move|p1a: Toxapex|Recover|p1a: Toxapex\n|-heal|p1a: Toxapex|54\/100\n|\n|-heal|p1a: Toxapex|60\/100|[from] item: Leftovers\n|-damage|p2a: Lemondrop|51\/100 psn|[from] psn\n|upkeep\n|turn|12\n|\n|t:|1700279261\n|switch|p2a: Ivy|Pelipper, F, shiny|100\/100\n|-weather|RainDance|[from] ability: Drizzle|[of] p2a: Ivy\n|move|p1a: Toxapex|Surf|p2a: Ivy\n|-resisted|p2a: Ivy\n|-damage|p2a: Ivy|79\/100\n|\n|-weather|RainDance|[upkeep]\n|-heal|p1a: Toxapex|67\/100|[from] item: Leftovers\n|upkeep\n|turn|13\n|\n|t:|1700279275\n|switch|p1a: Dragapult|Dragapult, F, shiny|100\/100\n|-activate|p1a: Dragapult|move: Sticky Web\n|-unboost|p1a: Dragapult|spe|1\n|move|p2a: Ivy|Air Slash|p1a: Dragapult\n|-crit|p1a: Dragapult\n|-damage|p1a: Dragapult|32\/100\n|\n|-weather|RainDance|[upkeep]\n|upkeep\n|turn|14\n|\n|t:|1700279287\n|move|p1a: Dragapult|Sucker Punch|p2a: Ivy\n|-damage|p2a: Ivy|32\/100\n|move|p2a: Ivy|Ice Beam|p1a: Dragapult\n|-supereffective|p1a: Dragapult\n|-damage|p1a: Dragapult|0 fnt\n|faint|p1a: Dragapult\n|\n|-weather|RainDance|[upkeep]\n|upkeep\n|\n|t:|1700279301\n|switch|p1a: Kingambit|Kingambit, F, shiny|37\/100\n|-activate|p1a: Kingambit|move: Sticky Web\n|-unboost|p1a: Kingambit|spe|1\n|-activate|p1a: Kingambit|ability: Supreme Overlord\n|-start|p1a: Kingambit|fallen3|[silent]\n|turn|15\n|\n|t:|1700279309\n|move|p2a: Ivy|Tailwind|p2a: Ivy\n|-sidestart|p2: tuvie|move: Tailwind\n|move|p1a: Kingambit|Kowtow Cleave|p2a: Ivy\n|-damage|p2a: Ivy|0 fnt\n|faint|p2a: Ivy\n|\n|-weather|RainDance|[upkeep]\n|-heal|p1a: Kingambit|43\/100|[from] item: Leftovers\n|upkeep\n|\n|t:|1700279332\n|switch|p2a: Silky|Iron Moth, shiny|100\/100\n|-enditem|p2a: Silky|Booster Energy\n|-activate|p2a: Silky|ability: Quark Drive|[fromitem]\n|-start|p2a: Silky|quarkdrivespe\n|turn|16\n|\n|t:|1700279342\n|-end|p1a: Kingambit|fallen3|[silent]\n|switch|p1a: Toxapex|Toxapex, F, shiny|99\/100\n|-activate|p1a: Toxapex|move: Sticky Web\n|-unboost|p1a: Toxapex|spe|1\n|move|p2a: Silky|Flamethrower|p1a: Toxapex\n|-resisted|p1a: Toxapex\n|-damage|p1a: Toxapex|91\/100\n|-status|p1a: Toxapex|brn\n|\n|-weather|RainDance|[upkeep]\n|-heal|p1a: Toxapex|98\/100 brn|[from] item: Leftovers\n|-damage|p1a: Toxapex|91\/100 brn|[from] brn\n|upkeep\n|turn|17\n|\n|t:|1700279367\n|-end|p2a: Silky|Quark Drive|[silent]\n|switch|p2a: Zakeru|Zapdos, shiny|100\/100\n|move|p1a: Toxapex|Baneful Bunker||[still]\n|-fail|p1a: Toxapex\n|\n|-weather|RainDance|[upkeep]\n|-heal|p1a: Toxapex|98\/100 brn|[from] item: Leftovers\n|-damage|p1a: Toxapex|91\/100 brn|[from] brn\n|upkeep\n|turn|18\n|\n|t:|1700279379\n|move|p2a: Zakeru|Hurricane|p1a: Toxapex\n|-damage|p1a: Toxapex|29\/100 brn\n|-damage|p2a: Zakeru|91\/100|[from] item: Life Orb\n|move|p1a: Toxapex|Recover|p1a: Toxapex\n|-heal|p1a: Toxapex|79\/100 brn\n|\n|-weather|RainDance|[upkeep]\n|-heal|p1a: Toxapex|86\/100 brn|[from] item: Leftovers\n|-damage|p1a: Toxapex|79\/100 brn|[from] brn\n|-sideend|p2: tuvie|move: Tailwind\n|upkeep\n|turn|19\n|\n|t:|1700279391\n|move|p1a: Toxapex|Baneful Bunker|p1a: Toxapex\n|-singleturn|p1a: Toxapex|move: Protect\n|move|p2a: Zakeru|Thunder|p1a: Toxapex\n|-activate|p1a: Toxapex|move: Protect\n|\n|-weather|none\n|-heal|p1a: Toxapex|86\/100 brn|[from] item: Leftovers\n|-damage|p1a: Toxapex|79\/100 brn|[from] brn\n|upkeep\n|turn|20\n|\n|t:|1700279403\n|switch|p1a: Landorus|Landorus-Therian, M, shiny|100\/100\n|-ability|p1a: Landorus|Intimidate|boost\n|-unboost|p2a: Zakeru|atk|1\n|move|p2a: Zakeru|Hurricane|p1a: Landorus|[miss]\n|-miss|p2a: Zakeru|p1a: Landorus\n|\n|upkeep\n|turn|21\n|\n|t:|1700279409\n|move|p1a: Landorus|Smack Down|p2a: Zakeru\n|-supereffective|p2a: Zakeru\n|-damage|p2a: Zakeru|54\/100\n|-start|p2a: Zakeru|Smack Down\n|move|p2a: Zakeru|Tailwind|p2a: Zakeru\n|-sidestart|p2: tuvie|move: Tailwind\n|\n|upkeep\n|turn|22\n|\n|t:|1700279416\n|move|p2a: Zakeru|Hurricane|p1a: Landorus\n|-damage|p1a: Landorus|0 fnt\n|faint|p1a: Landorus\n|-damage|p2a: Zakeru|44\/100|[from] item: Life Orb\n|\n|upkeep\n|\n|t:|1700279423\n|switch|p1a: Kingambit|Kingambit, F, shiny|43\/100\n|-activate|p1a: Kingambit|move: Sticky Web\n|-unboost|p1a: Kingambit|spe|1\n|-activate|p1a: Kingambit|ability: Supreme Overlord\n|-start|p1a: Kingambit|fallen4|[silent]\n|turn|23\n|\n|t:|1700279433\n|move|p2a: Zakeru|Thunder|p1a: Kingambit|[miss]\n|-miss|p2a: Zakeru|p1a: Kingambit\n|move|p1a: Kingambit|Kowtow Cleave|p2a: Zakeru\n|-damage|p2a: Zakeru|0 fnt\n|faint|p2a: Zakeru\n|\n|-heal|p1a: Kingambit|49\/100|[from] item: Leftovers\n|upkeep\n|\n|t:|1700279436\n|switch|p2a: Lemondrop|Azumarill, F, shiny, tera:Grass|51\/100 psn\n|turn|24\n|\n|t:|1700279445\n|move|p2a: Lemondrop|Aqua Jet|p1a: Kingambit\n|-damage|p1a: Kingambit|30\/100\n|move|p1a: Kingambit|Iron Head|p2a: Lemondrop\n|-damage|p2a: Lemondrop|0 fnt\n|faint|p2a: Lemondrop\n|\n|-heal|p1a: Kingambit|37\/100|[from] item: Leftovers\n|-sideend|p2: tuvie|move: Tailwind\n|upkeep\n|\n|t:|1700279448\n|switch|p2a: Silky|Iron Moth, shiny|100\/100\n|turn|25\n|\n|t:|1700279461\n|move|p2a: Silky|Psychic|p1a: Kingambit\n|-immune|p1a: Kingambit\n|move|p1a: Kingambit|Kowtow Cleave|p2a: Silky\n|-damage|p2a: Silky|0 fnt\n|faint|p2a: Silky\n|-end|p2a: Silky|Quark Drive|[silent]\n|\n|win|mizdrev\n|raw|mizdrev's rating: 1111 &rarr; <strong>1136<\/strong><br \/>(+25 for winning)\n|raw|tuvie's rating: 1109 &rarr; <strong>1084<\/strong><br \/>(-25 for losing)\n|c|\u2606mizdrev|gg\n|l|\u2606tuvie\n","uploadtime":1700279632,"views":17,"p1id":"mizdrev","p2id":"tuvie","formatid":"gen9ou","rating":1084,"private":0,"password":""}