{"id":"gen9ou-1991213615","p1":"syah7991","p2":"my name is champ","format":"[Gen 9] OU","log":"|j|\u2606syah7991\n|j|\u2606my name is champ\n|t:|1700057822\n|gametype|singles\n|player|p1|syah7991|brycenman|1512\n|player|p2|my name is champ|veteran|1548\n|teamsize|p1|6\n|teamsize|p2|6\n|gen|9\n|tier|[Gen 9] OU\n|rated|\n|rule|Sleep Clause Mod: Limit one foe put to sleep\n|rule|Species Clause: Limit one of each Pok\u00e9mon\n|rule|OHKO Clause: OHKO moves are banned\n|rule|Evasion Items Clause: Evasion items are banned\n|rule|Evasion Moves Clause: Evasion moves are banned\n|rule|Endless Battle Clause: Forcing endless battles is banned\n|rule|HP Percentage Mod: HP is shown in percentages\n|clearpoke\n|poke|p1|Lokix, M|\n|poke|p1|Great Tusk|\n|poke|p1|Skeledirge, F|\n|poke|p1|Garganacl, M|\n|poke|p1|Rotom-Wash|\n|poke|p1|Dragapult, F|\n|poke|p2|Iron Jugulis|\n|poke|p2|Ogerpon-Wellspring, F|\n|poke|p2|Tinkaton, F|\n|poke|p2|Iron Moth|\n|poke|p2|Great Tusk|\n|poke|p2|Dragapult, M|\n|teampreview\n|\n|t:|1700057843\n|start\n|switch|p1a: Lokix|Lokix, M, shiny|100\/100\n|switch|p2a: TWINKATON|Tinkaton, F|100\/100\n|-item|p2a: TWINKATON|Air Balloon\n|turn|1\n|\n|t:|1700057847\n|move|p1a: Lokix|First Impression|p2a: TWINKATON\n|-resisted|p2a: TWINKATON\n|-damage|p2a: TWINKATON|66\/100\n|-enditem|p2a: TWINKATON|Air Balloon\n|-enditem|p1a: Lokix|Choice Band|[silent]|[from] ability: Pickpocket|[of] p1a: Lokix\n|-item|p2a: TWINKATON|Choice Band|[from] ability: Pickpocket|[of] p1a: Lokix\n|move|p2a: TWINKATON|Stealth Rock|p1a: Lokix\n|-sidestart|p1: syah7991|move: Stealth Rock\n|\n|upkeep\n|turn|2\n|\n|t:|1700057855\n|switch|p2a: Iron Jugulis|Iron Jugulis|100\/100\n|-enditem|p2a: Iron Jugulis|Booster Energy\n|-activate|p2a: Iron Jugulis|ability: Quark Drive|[fromitem]\n|-start|p2a: Iron Jugulis|quarkdrivespe\n|move|p1a: Lokix|U-turn|p2a: Iron Jugulis\n|-damage|p2a: Iron Jugulis|57\/100\n|\n|t:|1700057858\n|switch|p1a: Rotom|Rotom-Wash|100\/100|[from] U-turn\n|-damage|p1a: Rotom|88\/100|[from] Stealth Rock\n|\n|-heal|p1a: Rotom|94\/100|[from] item: Leftovers\n|upkeep\n|turn|3\n|\n|t:|1700057866\n|-end|p2a: Iron Jugulis|Quark Drive|[silent]\n|switch|p2a: TWINKATON|Tinkaton, F|66\/100\n|move|p1a: Rotom|Volt Switch|p2a: TWINKATON\n|-damage|p2a: TWINKATON|45\/100\n|\n|t:|1700057875\n|switch|p1a: Great Tusk|Great Tusk|100\/100|[from] Volt Switch\n|-damage|p1a: Great Tusk|97\/100|[from] Stealth Rock\n|\n|-heal|p1a: Great Tusk|100\/100|[from] item: Leftovers\n|upkeep\n|turn|4\n|\n|t:|1700057881\n|move|p2a: TWINKATON|Play Rough|p1a: Great Tusk\n|-supereffective|p1a: Great Tusk\n|-damage|p1a: Great Tusk|58\/100\n|move|p1a: Great Tusk|Rapid Spin|p2a: TWINKATON\n|-resisted|p2a: TWINKATON\n|-damage|p2a: TWINKATON|37\/100\n|-boost|p1a: Great Tusk|spe|1\n|-sideend|p1: syah7991|Stealth Rock|[from] move: Rapid Spin|[of] p1a: Great Tusk\n|\n|-heal|p1a: Great Tusk|64\/100|[from] item: Leftovers\n|upkeep\n|turn|5\n|j| No Nice Names Left\n|\n|t:|1700057887\n|move|p1a: Great Tusk|Earthquake|p2a: TWINKATON\n|-supereffective|p2a: TWINKATON\n|-damage|p2a: TWINKATON|0 fnt\n|faint|p2a: TWINKATON\n|\n|-heal|p1a: Great Tusk|70\/100|[from] item: Leftovers\n|upkeep\n|inactive|Battle timer is ON: inactive players will automatically lose when time's up. (requested by syah7991)\n|\n|t:|1700057897\n|switch|p2a: Great Tusk|Great Tusk|100\/100\n|-enditem|p2a: Great Tusk|Booster Energy\n|-activate|p2a: Great Tusk|ability: Protosynthesis|[fromitem]\n|-start|p2a: Great Tusk|protosynthesisspe\n|turn|6\n|\n|t:|1700057901\n|move|p2a: Great Tusk|Bulk Up|p2a: Great Tusk\n|-boost|p2a: Great Tusk|atk|1\n|-boost|p2a: Great Tusk|def|1\n|move|p1a: Great Tusk|Bulk Up|p1a: Great Tusk\n|-boost|p1a: Great Tusk|atk|1\n|-boost|p1a: Great Tusk|def|1\n|\n|-heal|p1a: Great Tusk|76\/100|[from] item: Leftovers\n|upkeep\n|turn|7\n|\n|t:|1700057906\n|move|p2a: Great Tusk|Bulk Up|p2a: Great Tusk\n|-boost|p2a: Great Tusk|atk|1\n|-boost|p2a: Great Tusk|def|1\n|move|p1a: Great Tusk|Earthquake|p2a: Great Tusk\n|-damage|p2a: Great Tusk|80\/100\n|\n|-heal|p1a: Great Tusk|82\/100|[from] item: Leftovers\n|upkeep\n|turn|8\n|\n|t:|1700057909\n|move|p2a: Great Tusk|Bulk Up|p2a: Great Tusk\n|-boost|p2a: Great Tusk|atk|1\n|-boost|p2a: Great Tusk|def|1\n|move|p1a: Great Tusk|Bulk Up|p1a: Great Tusk\n|-boost|p1a: Great Tusk|atk|1\n|-boost|p1a: Great Tusk|def|1\n|\n|-heal|p1a: Great Tusk|88\/100|[from] item: Leftovers\n|upkeep\n|turn|9\n|\n|t:|1700057914\n|move|p2a: Great Tusk|Bulk Up|p2a: Great Tusk\n|-boost|p2a: Great Tusk|atk|1\n|-boost|p2a: Great Tusk|def|1\n|move|p1a: Great Tusk|Rapid Spin|p2a: Great Tusk\n|-damage|p2a: Great Tusk|74\/100\n|-boost|p1a: Great Tusk|spe|1\n|\n|-heal|p1a: Great Tusk|94\/100|[from] item: Leftovers\n|upkeep\n|turn|10\n|\n|t:|1700057920\n|move|p2a: Great Tusk|Bulk Up|p2a: Great Tusk\n|-boost|p2a: Great Tusk|atk|1\n|-boost|p2a: Great Tusk|def|1\n|move|p1a: Great Tusk|Bulk Up|p1a: Great Tusk\n|-boost|p1a: Great Tusk|atk|1\n|-boost|p1a: Great Tusk|def|1\n|\n|-heal|p1a: Great Tusk|100\/100|[from] item: Leftovers\n|upkeep\n|turn|11\n|\n|t:|1700057927\n|move|p2a: Great Tusk|Bulk Up|p2a: Great Tusk\n|-boost|p2a: Great Tusk|atk|1\n|-boost|p2a: Great Tusk|def|1\n|move|p1a: Great Tusk|Bulk Up|p1a: Great Tusk\n|-boost|p1a: Great Tusk|atk|1\n|-boost|p1a: Great Tusk|def|1\n|\n|upkeep\n|turn|12\n|\n|t:|1700057931\n|move|p2a: Great Tusk|Ice Spinner|p1a: Great Tusk\n|-supereffective|p1a: Great Tusk\n|-damage|p1a: Great Tusk|66\/100\n|move|p1a: Great Tusk|Bulk Up|p1a: Great Tusk\n|-boost|p1a: Great Tusk|atk|1\n|-boost|p1a: Great Tusk|def|1\n|\n|-heal|p1a: Great Tusk|72\/100|[from] item: Leftovers\n|upkeep\n|turn|13\n|\n|t:|1700057936\n|move|p2a: Great Tusk|Headlong Rush|p1a: Great Tusk\n|-damage|p1a: Great Tusk|38\/100\n|-unboost|p2a: Great Tusk|def|1\n|-unboost|p2a: Great Tusk|spd|1\n|move|p1a: Great Tusk|Earthquake|p2a: Great Tusk\n|-damage|p2a: Great Tusk|47\/100\n|\n|-heal|p1a: Great Tusk|44\/100|[from] item: Leftovers\n|upkeep\n|turn|14\n|\n|t:|1700057943\n|move|p2a: Great Tusk|Ice Spinner|p1a: Great Tusk\n|-supereffective|p1a: Great Tusk\n|-damage|p1a: Great Tusk|15\/100\n|move|p1a: Great Tusk|Earthquake|p2a: Great Tusk\n|-damage|p2a: Great Tusk|18\/100\n|\n|-heal|p1a: Great Tusk|21\/100|[from] item: Leftovers\n|upkeep\n|turn|15\n|\n|t:|1700057964\n|-terastallize|p1a: Great Tusk|Steel\n|move|p2a: Great Tusk|Ice Spinner|p1a: Great Tusk\n|-resisted|p1a: Great Tusk\n|-damage|p1a: Great Tusk|13\/100\n|move|p1a: Great Tusk|Rapid Spin|p2a: Great Tusk\n|-damage|p2a: Great Tusk|10\/100\n|-boost|p1a: Great Tusk|spe|1\n|\n|-heal|p1a: Great Tusk|20\/100|[from] item: Leftovers\n|upkeep\n|turn|16\n|\n|t:|1700057971\n|move|p1a: Great Tusk|Earthquake|p2a: Great Tusk\n|-damage|p2a: Great Tusk|0 fnt\n|faint|p2a: Great Tusk\n|-end|p2a: Great Tusk|Protosynthesis|[silent]\n|\n|-heal|p1a: Great Tusk|26\/100|[from] item: Leftovers\n|upkeep\n|\n|t:|1700057979\n|switch|p2a: Rika|Ogerpon-Wellspring, F|100\/100\n|turn|17\n|\n|t:|1700057984\n|move|p1a: Great Tusk|Knock Off|p2a: Rika\n|-damage|p2a: Rika|8\/100\n|move|p2a: Rika|Ivy Cudgel|p1a: Great Tusk|[anim] Ivy Cudgel Water\n|-damage|p1a: Great Tusk|16\/100\n|\n|-heal|p1a: Great Tusk|23\/100|[from] item: Leftovers\n|upkeep\n|turn|18\n|\n|t:|1700057989\n|move|p1a: Great Tusk|Knock Off|p2a: Rika\n|-damage|p2a: Rika|0 fnt\n|faint|p2a: Rika\n|\n|-heal|p1a: Great Tusk|29\/100|[from] item: Leftovers\n|upkeep\n|\n|t:|1700057994\n|switch|p2a: Iron Jugulis|Iron Jugulis|57\/100\n|turn|19\n|\n|t:|1700057997\n|move|p1a: Great Tusk|Knock Off|p2a: Iron Jugulis\n|-resisted|p2a: Iron Jugulis\n|-damage|p2a: Iron Jugulis|16\/100\n|move|p2a: Iron Jugulis|Earth Power|p1a: Great Tusk\n|-supereffective|p1a: Great Tusk\n|-damage|p1a: Great Tusk|0 fnt\n|faint|p1a: Great Tusk\n|-end|p1a: Great Tusk|Protosynthesis|[silent]\n|\n|upkeep\n|\n|t:|1700058000\n|switch|p1a: Lokix|Lokix, M, shiny|100\/100\n|turn|20\n|\n|t:|1700058005\n|-end|p2a: Iron Jugulis|Quark Drive|[silent]\n|switch|p2a: Iron Moth|Iron Moth|100\/100\n|-enditem|p2a: Iron Moth|Booster Energy\n|-activate|p2a: Iron Moth|ability: Quark Drive|[fromitem]\n|-start|p2a: Iron Moth|quarkdrivespe\n|move|p1a: Lokix|First Impression|p2a: Iron Moth\n|-resisted|p2a: Iron Moth\n|-damage|p2a: Iron Moth|70\/100\n|\n|upkeep\n|turn|21\n|\n|t:|1700058011\n|switch|p1a: Rotom|Rotom-Wash|94\/100\n|move|p2a: Iron Moth|Fiery Dance|p1a: Rotom\n|-resisted|p1a: Rotom\n|-damage|p1a: Rotom|77\/100\n|-boost|p2a: Iron Moth|spa|1\n|\n|-heal|p1a: Rotom|83\/100|[from] item: Leftovers\n|upkeep\n|turn|22\n|\n|t:|1700058018\n|move|p2a: Iron Moth|Sludge Wave|p1a: Rotom\n|-damage|p1a: Rotom|24\/100\n|move|p1a: Rotom|Thunder Wave|p2a: Iron Moth\n|-status|p2a: Iron Moth|par\n|\n|-heal|p1a: Rotom|30\/100|[from] item: Leftovers\n|upkeep\n|turn|23\n|\n|t:|1700058022\n|move|p2a: Iron Moth|Sludge Wave|p1a: Rotom\n|-damage|p1a: Rotom|0 fnt\n|faint|p1a: Rotom\n|\n|upkeep\n|\n|t:|1700058034\n|switch|p1a: Skeledirge|Skeledirge, F|100\/100\n|turn|24\n|\n|t:|1700058038\n|-terastallize|p2a: Iron Moth|Ground\n|move|p2a: Iron Moth|Tera Blast|p1a: Skeledirge|[anim] Tera Blast Ground\n|-supereffective|p1a: Skeledirge\n|-damage|p1a: Skeledirge|44\/100\n|move|p1a: Skeledirge|Torch Song|p2a: Iron Moth\n|-damage|p2a: Iron Moth|37\/100 par\n|-boost|p1a: Skeledirge|spa|1\n|\n|upkeep\n|turn|25\n|\n|t:|1700058049\n|cant|p2a: Iron Moth|par\n|move|p1a: Skeledirge|Torch Song|p2a: Iron Moth\n|-damage|p2a: Iron Moth|0 fnt\n|-boost|p1a: Skeledirge|spa|1\n|faint|p2a: Iron Moth\n|-end|p2a: Iron Moth|Quark Drive|[silent]\n|\n|upkeep\n|\n|t:|1700058053\n|switch|p2a: Iron Jugulis|Iron Jugulis|16\/100\n|turn|26\n|\n|t:|1700058055\n|move|p2a: Iron Jugulis|Earth Power|p1a: Skeledirge\n|-supereffective|p1a: Skeledirge\n|-damage|p1a: Skeledirge|1\/100\n|move|p1a: Skeledirge|Torch Song|p2a: Iron Jugulis\n|-damage|p2a: Iron Jugulis|0 fnt\n|-boost|p1a: Skeledirge|spa|1\n|faint|p2a: Iron Jugulis\n|-end|p2a: Iron Jugulis|Quark Drive|[silent]\n|\n|upkeep\n|\n|t:|1700058060\n|switch|p2a: Mahoraga|Dragapult, M|100\/100\n|turn|27\n|\n|t:|1700058065\n|move|p2a: Mahoraga|Shadow Ball|p1a: Skeledirge\n|-supereffective|p1a: Skeledirge\n|-damage|p1a: Skeledirge|0 fnt\n|faint|p1a: Skeledirge\n|\n|upkeep\n|\n|t:|1700058067\n|switch|p1a: Lokix|Lokix, M, shiny|100\/100\n|turn|28\n|\n|t:|1700058070\n|move|p1a: Lokix|Sucker Punch|p2a: Mahoraga\n|-supereffective|p2a: Mahoraga\n|-damage|p2a: Mahoraga|10\/100\n|move|p2a: Mahoraga|Shadow Ball|p1a: Lokix\n|-resisted|p1a: Lokix\n|-damage|p1a: Lokix|55\/100\n|\n|upkeep\n|turn|29\n|\n|t:|1700058074\n|move|p1a: Lokix|Sucker Punch|p2a: Mahoraga\n|-supereffective|p2a: Mahoraga\n|-damage|p2a: Mahoraga|0 fnt\n|faint|p2a: Mahoraga\n|\n|win|syah7991\n|raw|syah7991's rating: 1512 &rarr; <strong>1534<\/strong><br \/>(+22 for winning)\n|raw|my name is champ's rating: 1548 &rarr; <strong>1526<\/strong><br \/>(-22 for losing)\n|l|\u2606my name is champ\n|l|\u2606syah7991\n","uploadtime":1700058375,"views":5,"p1id":"syah7991","p2id":"mynameischamp","formatid":"gen9ou","rating":1526,"private":0,"password":""}