{"id":"gen9ou-1991498483","p1":"GioOnPluto","p2":"KlingofTrials","format":"[Gen 9] OU","log":"|j|\u2606GioOnPluto\n|j|\u2606KlingofTrials\n|t:|1700082459\n|gametype|singles\n|player|p1|GioOnPluto|ninjaboy|1273\n|player|p2|KlingofTrials|170|1302\n|teamsize|p1|6\n|teamsize|p2|6\n|gen|9\n|tier|[Gen 9] OU\n|rated|\n|rule|Sleep Clause Mod: Limit one foe put to sleep\n|rule|Species Clause: Limit one of each Pok\u00e9mon\n|rule|OHKO Clause: OHKO moves are banned\n|rule|Evasion Items Clause: Evasion items are banned\n|rule|Evasion Moves Clause: Evasion moves are banned\n|rule|Endless Battle Clause: Forcing endless battles is banned\n|rule|HP Percentage Mod: HP is shown in percentages\n|clearpoke\n|poke|p1|Ogerpon-Wellspring, F|\n|poke|p1|Arcanine-Hisui, M|\n|poke|p1|Landorus-Therian, M|\n|poke|p1|Hatterene, F|\n|poke|p1|Goodra-Hisui, F|\n|poke|p1|Samurott-Hisui, M|\n|poke|p2|Rillaboom, M|\n|poke|p2|Ribombee, F|\n|poke|p2|Great Tusk|\n|poke|p2|Zapdos|\n|poke|p2|Pelipper, F|\n|poke|p2|Dondozo, M|\n|teampreview\n|c|\u2606KlingofTrials|Very cool team\n|c|\u2606KlingofTrials|glhf\n|c|\u2606GioOnPluto|u2\n|\n|t:|1700082483\n|start\n|switch|p1a: Goodra|Goodra-Hisui, F|100\/100\n|switch|p2a: Pelipper|Pelipper, F|100\/100\n|-weather|RainDance|[from] ability: Drizzle|[of] p2a: Pelipper\n|turn|1\n|inactive|Battle timer is ON: inactive players will automatically lose when time's up. (requested by KlingofTrials)\n|\n|t:|1700082511\n|move|p2a: Pelipper|Knock Off|p1a: Goodra\n|-damage|p1a: Goodra|89\/100\n|-enditem|p1a: Goodra|Assault Vest|[from] move: Knock Off|[of] p2a: Pelipper\n|move|p1a: Goodra|Draco Meteor|p2a: Pelipper|[miss]\n|-miss|p1a: Goodra|p2a: Pelipper\n|\n|-weather|RainDance|[upkeep]\n|upkeep\n|turn|2\n|\n|t:|1700082523\n|move|p2a: Pelipper|U-turn|p1a: Goodra\n|-resisted|p1a: Goodra\n|-damage|p1a: Goodra|85\/100\n|\n|t:|1700082526\n|switch|p2a: Dondozo|Dondozo, M|100\/100|[from] U-turn\n|move|p1a: Goodra|Flash Cannon|p2a: Dondozo\n|-resisted|p2a: Dondozo\n|-damage|p2a: Dondozo|88\/100\n|-unboost|p2a: Dondozo|spd|1\n|\n|-weather|RainDance|[upkeep]\n|-heal|p2a: Dondozo|94\/100|[from] item: Leftovers\n|upkeep\n|turn|3\n|\n|t:|1700082537\n|move|p1a: Goodra|Draco Meteor|p2a: Dondozo\n|-damage|p2a: Dondozo|33\/100\n|-unboost|p1a: Goodra|spa|2\n|move|p2a: Dondozo|Earthquake|p1a: Goodra\n|-supereffective|p1a: Goodra\n|-damage|p1a: Goodra|41\/100\n|\n|-weather|RainDance|[upkeep]\n|-heal|p2a: Dondozo|39\/100|[from] item: Leftovers\n|upkeep\n|turn|4\n|\n|t:|1700082549\n|switch|p1a: Samurott|Samurott-Hisui, M, shiny|100\/100\n|move|p2a: Dondozo|Rest|p2a: Dondozo\n|-status|p2a: Dondozo|slp|[from] move: Rest\n|-heal|p2a: Dondozo|100\/100 slp|[silent]\n|\n|-weather|RainDance|[upkeep]\n|upkeep\n|turn|5\n|c|\u2606KlingofTrials|Oh man, that shiny looks sick\n|\n|t:|1700082567\n|move|p1a: Samurott|Ceaseless Edge|p2a: Dondozo\n|-damage|p2a: Dondozo|75\/100 slp\n|-sidestart|p2: KlingofTrials|Spikes\n|cant|p2a: Dondozo|slp\n|move|p2a: Dondozo|Sleep Talk|p2a: Dondozo\n|move|p2a: Dondozo|Liquidation|p1a: Samurott|[from]move: Sleep Talk\n|-resisted|p1a: Samurott\n|-crit|p1a: Samurott\n|-damage|p1a: Samurott|59\/100\n|\n|-weather|RainDance|[upkeep]\n|-heal|p2a: Dondozo|81\/100 slp|[from] item: Leftovers\n|upkeep\n|turn|6\n|\n|t:|1700082580\n|move|p1a: Samurott|Ceaseless Edge|p2a: Dondozo\n|-damage|p2a: Dondozo|54\/100 slp\n|-sidestart|p2: KlingofTrials|Spikes\n|cant|p2a: Dondozo|slp\n|move|p2a: Dondozo|Sleep Talk|p2a: Dondozo\n|move|p2a: Dondozo|Rest||[from]move: Sleep Talk|[still]\n|-fail|p2a: Dondozo\n|\n|-weather|RainDance|[upkeep]\n|-heal|p2a: Dondozo|60\/100 slp|[from] item: Leftovers\n|upkeep\n|turn|7\n|\n|t:|1700082595\n|switch|p2a: Ribombee|Ribombee, F|100\/100\n|-damage|p2a: Ribombee|84\/100|[from] Spikes\n|move|p1a: Samurott|Ceaseless Edge|p2a: Ribombee\n|-resisted|p2a: Ribombee\n|-damage|p2a: Ribombee|46\/100\n|-sidestart|p2: KlingofTrials|Spikes\n|\n|-weather|RainDance|[upkeep]\n|upkeep\n|turn|8\n|\n|t:|1700082605\n|switch|p1a: Hatterene|Hatterene, F, shiny|100\/100\n|move|p2a: Ribombee|Bug Buzz|p1a: Hatterene\n|-damage|p1a: Hatterene|69\/100\n|\n|-weather|none\n|-heal|p1a: Hatterene|75\/100|[from] item: Leftovers\n|upkeep\n|turn|9\n|\n|t:|1700082615\n|move|p2a: Ribombee|Bug Buzz|p1a: Hatterene\n|-damage|p1a: Hatterene|44\/100\n|move|p1a: Hatterene|Draining Kiss|p2a: Ribombee\n|-damage|p2a: Ribombee|3\/100\n|-heal|p1a: Hatterene|77\/100|[from] drain|[of] p2a: Ribombee\n|\n|-heal|p1a: Hatterene|83\/100|[from] item: Leftovers\n|upkeep\n|turn|10\n|\n|t:|1700082626\n|move|p2a: Ribombee|Trick|p1a: Hatterene\n|-activate|p2a: Ribombee|move: Trick|[of] p1a: Hatterene\n|-item|p1a: Hatterene|Focus Sash|[from] move: Trick\n|-item|p2a: Ribombee|Leftovers|[from] move: Trick\n|move|p1a: Hatterene|Draining Kiss|p2a: Ribombee\n|-damage|p2a: Ribombee|0 fnt\n|-heal|p1a: Hatterene|85\/100|[from] drain|[of] p2a: Ribombee\n|faint|p2a: Ribombee\n|\n|upkeep\n|\n|t:|1700082637\n|switch|p2a: Rillaboom|Rillaboom, M|100\/100\n|-damage|p2a: Rillaboom|75\/100|[from] Spikes\n|-fieldstart|move: Grassy Terrain|[from] ability: Grassy Surge|[of] p2a: Rillaboom\n|turn|11\n|\n|t:|1700082644\n|move|p2a: Rillaboom|Knock Off|p1a: Hatterene\n|-damage|p1a: Hatterene|45\/100\n|-enditem|p1a: Hatterene|Focus Sash|[from] move: Knock Off|[of] p2a: Rillaboom\n|move|p1a: Hatterene|Nuzzle|p2a: Rillaboom\n|-resisted|p2a: Rillaboom\n|-damage|p2a: Rillaboom|74\/100\n|-status|p2a: Rillaboom|par\n|\n|-heal|p2a: Rillaboom|80\/100 par|[from] Grassy Terrain\n|-heal|p1a: Hatterene|51\/100|[from] Grassy Terrain\n|upkeep\n|turn|12\n|\n|t:|1700082660\n|switch|p1a: Landorus|Landorus-Therian, M|100\/100\n|-ability|p1a: Landorus|Intimidate|boost\n|-unboost|p2a: Rillaboom|atk|1\n|move|p2a: Rillaboom|Knock Off|p1a: Landorus\n|-damage|p1a: Landorus|83\/100\n|-damage|p2a: Rillaboom|63\/100 par|[from] item: Rocky Helmet|[of] p1a: Landorus\n|-enditem|p1a: Landorus|Rocky Helmet|[from] move: Knock Off|[of] p2a: Rillaboom\n|\n|-heal|p2a: Rillaboom|69\/100 par|[from] Grassy Terrain\n|upkeep\n|turn|13\n|\n|t:|1700082674\n|switch|p2a: Pelipper|Pelipper, F|100\/100\n|-weather|RainDance|[from] ability: Drizzle|[of] p2a: Pelipper\n|move|p1a: Landorus|Stealth Rock|p2a: Pelipper\n|-sidestart|p2: KlingofTrials|move: Stealth Rock\n|\n|-weather|RainDance|[upkeep]\n|upkeep\n|turn|14\n|\n|t:|1700082687\n|move|p1a: Landorus|U-turn|p2a: Pelipper\n|-resisted|p2a: Pelipper\n|-damage|p2a: Pelipper|89\/100\n|\n|t:|1700082694\n|switch|p1a: Ogerpon|Ogerpon-Wellspring, F|100\/100|[from] U-turn\n|move|p2a: Pelipper|Hurricane|p1a: Ogerpon\n|-supereffective|p1a: Ogerpon\n|-damage|p1a: Ogerpon|0 fnt\n|faint|p1a: Ogerpon\n|\n|-weather|RainDance|[upkeep]\n|upkeep\n|c|\u2606GioOnPluto|nice play\n|c|\u2606KlingofTrials|Water moves are back on the menu\n|\n|t:|1700082712\n|switch|p1a: Goodra|Goodra-Hisui, F|41\/100\n|turn|15\n|c|\u2606KlingofTrials|I was expecting Goodra tbh\n|\n|t:|1700082735\n|move|p2a: Pelipper|U-turn|p1a: Goodra\n|-resisted|p1a: Goodra\n|-damage|p1a: Goodra|38\/100\n|\n|t:|1700082738\n|switch|p2a: Great Tusk|Great Tusk|100\/100|[from] U-turn\n|-damage|p2a: Great Tusk|75\/100|[from] Spikes\n|-damage|p2a: Great Tusk|73\/100|[from] Stealth Rock\n|move|p1a: Goodra|Draco Meteor|p2a: Great Tusk\n|-damage|p2a: Great Tusk|0 fnt\n|-unboost|p1a: Goodra|spa|2\n|faint|p2a: Great Tusk\n|-end|p2a: Great Tusk|Protosynthesis|[silent]\n|\n|-weather|RainDance|[upkeep]\n|-heal|p1a: Goodra|44\/100|[from] Grassy Terrain\n|-fieldend|move: Grassy Terrain\n|upkeep\n|\n|t:|1700082752\n|switch|p2a: Zapdos|Zapdos|100\/100\n|turn|16\n|\n|t:|1700082764\n|move|p2a: Zapdos|Hurricane|p1a: Goodra\n|-resisted|p1a: Goodra\n|-damage|p1a: Goodra|25\/100\n|-start|p1a: Goodra|confusion\n|-activate|p1a: Goodra|confusion\n|move|p1a: Goodra|Draco Meteor|p2a: Zapdos\n|-damage|p2a: Zapdos|60\/100\n|-unboost|p1a: Goodra|spa|2\n|\n|-weather|RainDance|[upkeep]\n|upkeep\n|turn|17\n|\n|t:|1700082776\n|move|p2a: Zapdos|Hurricane|p1a: Goodra\n|-resisted|p1a: Goodra\n|-damage|p1a: Goodra|4\/100\n|-activate|p1a: Goodra|confusion\n|-damage|p1a: Goodra|0 fnt|[from] confusion\n|faint|p1a: Goodra\n|\n|-weather|RainDance|[upkeep]\n|upkeep\n|\n|t:|1700082798\n|switch|p1a: Hatterene|Hatterene, F, shiny|51\/100\n|turn|18\n|\n|t:|1700082805\n|move|p2a: Zapdos|Thunderbolt|p1a: Hatterene\n|-damage|p1a: Hatterene|0 fnt\n|faint|p1a: Hatterene\n|\n|-weather|RainDance|[upkeep]\n|upkeep\n|\n|t:|1700082818\n|switch|p1a: Arcanine|Arcanine-Hisui, M, shiny|100\/100\n|turn|19\n|\n|t:|1700082826\n|move|p1a: Arcanine|Head Smash|p2a: Zapdos\n|-supereffective|p2a: Zapdos\n|-damage|p2a: Zapdos|0 fnt\n|faint|p2a: Zapdos\n|\n|-weather|RainDance|[upkeep]\n|upkeep\n|\n|t:|1700082833\n|switch|p2a: Dondozo|Dondozo, M|60\/100 slp\n|-damage|p2a: Dondozo|35\/100 slp|[from] Spikes\n|-damage|p2a: Dondozo|22\/100 slp|[from] Stealth Rock\n|turn|20\n|c|\u2606KlingofTrials|Oof\n|c|\u2606KlingofTrials|gg\n|\n|t:|1700082840\n|move|p1a: Arcanine|Head Smash|p2a: Dondozo|[miss]\n|-miss|p1a: Arcanine|p2a: Dondozo\n|-curestatus|p2a: Dondozo|slp|[msg]\n|move|p2a: Dondozo|Rest|p2a: Dondozo\n|-status|p2a: Dondozo|slp|[from] move: Rest\n|-heal|p2a: Dondozo|100\/100 slp|[silent]\n|\n|-weather|none\n|upkeep\n|turn|21\n|\n|t:|1700082858\n|-terastallize|p1a: Arcanine|Normal\n|move|p1a: Arcanine|Head Smash|p2a: Dondozo\n|-damage|p2a: Dondozo|34\/100 slp\n|cant|p2a: Dondozo|slp\n|move|p2a: Dondozo|Sleep Talk|p2a: Dondozo\n|move|p2a: Dondozo|Rest||[from]move: Sleep Talk|[still]\n|-fail|p2a: Dondozo\n|\n|-heal|p2a: Dondozo|40\/100 slp|[from] item: Leftovers\n|upkeep\n|turn|22\n|\n|t:|1700082871\n|move|p1a: Arcanine|Head Smash|p2a: Dondozo|[miss]\n|-miss|p1a: Arcanine|p2a: Dondozo\n|cant|p2a: Dondozo|slp\n|move|p2a: Dondozo|Sleep Talk|p2a: Dondozo\n|move|p2a: Dondozo|Rest||[from]move: Sleep Talk|[still]\n|-fail|p2a: Dondozo\n|\n|-heal|p2a: Dondozo|47\/100 slp|[from] item: Leftovers\n|upkeep\n|turn|23\n|c|\u2606KlingofTrials|Good work dozo\n|\n|t:|1700082891\n|move|p1a: Arcanine|Head Smash|p2a: Dondozo\n|-damage|p2a: Dondozo|0 fnt\n|faint|p2a: Dondozo\n|\n|upkeep\n|\n|t:|1700082902\n|switch|p2a: Rillaboom|Rillaboom, M|69\/100 par\n|-damage|p2a: Rillaboom|44\/100 par|[from] Spikes\n|-damage|p2a: Rillaboom|32\/100 par|[from] Stealth Rock\n|-fieldstart|move: Grassy Terrain|[from] ability: Grassy Surge|[of] p2a: Rillaboom\n|turn|24\n|\n|t:|1700082910\n|switch|p1a: Landorus|Landorus-Therian, M|83\/100\n|-ability|p1a: Landorus|Intimidate|boost\n|-unboost|p2a: Rillaboom|atk|1\n|move|p2a: Rillaboom|Drain Punch|p1a: Landorus\n|-resisted|p1a: Landorus\n|-damage|p1a: Landorus|77\/100\n|-heal|p2a: Rillaboom|35\/100 par|[from] drain|[of] p1a: Landorus\n|\n|-heal|p2a: Rillaboom|41\/100 par|[from] Grassy Terrain\n|upkeep\n|turn|25\n|\n|t:|1700082922\n|switch|p2a: Pelipper|Pelipper, F|89\/100\n|-damage|p2a: Pelipper|64\/100|[from] Stealth Rock\n|-weather|RainDance|[from] ability: Drizzle|[of] p2a: Pelipper\n|move|p1a: Landorus|Smack Down|p2a: Pelipper\n|-supereffective|p2a: Pelipper\n|-damage|p2a: Pelipper|27\/100\n|-start|p2a: Pelipper|Smack Down\n|\n|-weather|RainDance|[upkeep]\n|-heal|p2a: Pelipper|34\/100|[from] Grassy Terrain\n|upkeep\n|turn|26\n|\n|t:|1700082947\n|-terastallize|p2a: Pelipper|Grass\n|move|p1a: Landorus|Smack Down|p2a: Pelipper\n|-damage|p2a: Pelipper|17\/100\n|move|p2a: Pelipper|Hydro Pump|p1a: Landorus\n|-supereffective|p1a: Landorus\n|-damage|p1a: Landorus|0 fnt\n|faint|p1a: Landorus\n|\n|-weather|RainDance|[upkeep]\n|-heal|p2a: Pelipper|24\/100|[from] Grassy Terrain\n|upkeep\n|\n|t:|1700082956\n|switch|p1a: Arcanine|Arcanine-Hisui, M, shiny, tera:Normal|100\/100\n|turn|27\n|c|\u2606GioOnPluto|gg\n|\n|t:|1700082963\n|move|p1a: Arcanine|Extreme Speed|p2a: Pelipper\n|-damage|p2a: Pelipper|0 fnt\n|faint|p2a: Pelipper\n|\n|-weather|RainDance|[upkeep]\n|upkeep\n|\n|t:|1700082969\n|switch|p2a: Rillaboom|Rillaboom, M|41\/100 par\n|-damage|p2a: Rillaboom|16\/100 par|[from] Spikes\n|-damage|p2a: Rillaboom|4\/100 par|[from] Stealth Rock\n|turn|28\n|\n|t:|1700082974\n|move|p1a: Arcanine|Extreme Speed|p2a: Rillaboom\n|-crit|p2a: Rillaboom\n|-damage|p2a: Rillaboom|0 fnt\n|faint|p2a: Rillaboom\n|\n|win|GioOnPluto\n|raw|GioOnPluto's rating: 1273 &rarr; <strong>1300<\/strong><br \/>(+27 for winning)\n|raw|KlingofTrials's rating: 1302 &rarr; <strong>1280<\/strong><br \/>(-22 for losing)\n|l|\u2606KlingofTrials\n","uploadtime":1700082992,"views":9,"p1id":"gioonpluto","p2id":"klingoftrials","formatid":"gen9ou","rating":1280,"private":0,"password":""}