{"id":"gen9ou-1997794644","p1":"Akiiel","p2":"Pls_help__me_god","format":"[Gen 9] OU","log":"|j|\u2606Akiiel\n|j|\u2606Pls_help__me_god\n|t:|1700853449\n|gametype|singles\n|player|p1|Akiiel|n|1438\n|player|p2|Pls_help__me_god|pokemonranger|1465\n|teamsize|p1|6\n|teamsize|p2|6\n|gen|9\n|tier|[Gen 9] OU\n|rated|\n|rule|Sleep Clause Mod: Limit one foe put to sleep\n|rule|Species Clause: Limit one of each Pok\u00e9mon\n|rule|OHKO Clause: OHKO moves are banned\n|rule|Evasion Items Clause: Evasion items are banned\n|rule|Evasion Moves Clause: Evasion moves are banned\n|rule|Endless Battle Clause: Forcing endless battles is banned\n|rule|HP Percentage Mod: HP is shown in percentages\n|clearpoke\n|poke|p1|Blissey, F|\n|poke|p1|Gholdengo|\n|poke|p1|Garganacl, F|\n|poke|p1|Garchomp, M|\n|poke|p1|Kilowattrel, F|\n|poke|p1|Zamazenta-*|\n|poke|p2|Maushold|\n|poke|p2|Samurott-Hisui, M|\n|poke|p2|Kingambit, M|\n|poke|p2|Garganacl, M|\n|poke|p2|Amoonguss, M|\n|poke|p2|Weavile, F|\n|teampreview\n|inactive|Battle timer is ON: inactive players will automatically lose when time's up. (requested by Akiiel)\n|\n|t:|1700853460\n|start\n|switch|p1a: Kilowattrel|Kilowattrel, F|100\/100\n|switch|p2a: Samurott|Samurott-Hisui, M, shiny|100\/100\n|turn|1\n|\n|t:|1700853470\n|switch|p2a: Garganacl|Garganacl, M|100\/100\n|move|p1a: Kilowattrel|Volt Switch|p2a: Garganacl\n|-damage|p2a: Garganacl|65\/100\n|\n|t:|1700853477\n|switch|p1a: Garchomp|Garchomp, M|100\/100|[from] Volt Switch\n|\n|-heal|p2a: Garganacl|71\/100|[from] item: Leftovers\n|upkeep\n|turn|2\n|\n|t:|1700853486\n|-terastallize|p2a: Garganacl|Fairy\n|move|p1a: Garchomp|Stealth Rock|p2a: Garganacl\n|-sidestart|p2: Pls_help__me_god|move: Stealth Rock\n|move|p2a: Garganacl|Iron Defense|p2a: Garganacl\n|-boost|p2a: Garganacl|def|2\n|\n|-heal|p2a: Garganacl|77\/100|[from] item: Leftovers\n|upkeep\n|turn|3\n|\n|t:|1700853496\n|move|p1a: Garchomp|Iron Head|p2a: Garganacl\n|-supereffective|p2a: Garganacl\n|-damage|p2a: Garganacl|62\/100\n|move|p2a: Garganacl|Salt Cure|p1a: Garchomp\n|-resisted|p1a: Garchomp\n|-damage|p1a: Garchomp|96\/100\n|-start|p1a: Garchomp|Salt Cure\n|\n|-heal|p2a: Garganacl|68\/100|[from] item: Leftovers\n|-damage|p1a: Garchomp|84\/100|[from] Salt Cure\n|upkeep\n|turn|4\n|\n|t:|1700853506\n|switch|p1a: Gholdengo|Gholdengo|100\/100\n|move|p2a: Garganacl|Salt Cure|p1a: Gholdengo\n|-resisted|p1a: Gholdengo\n|-damage|p1a: Gholdengo|94\/100\n|-start|p1a: Gholdengo|Salt Cure\n|\n|-heal|p2a: Garganacl|75\/100|[from] item: Leftovers\n|-damage|p1a: Gholdengo|69\/100|[from] Salt Cure\n|upkeep\n|turn|5\n|\n|t:|1700853516\n|move|p1a: Gholdengo|Trick|p2a: Garganacl\n|-activate|p1a: Gholdengo|move: Trick|[of] p2a: Garganacl\n|-item|p2a: Garganacl|Choice Scarf|[from] move: Trick\n|-item|p1a: Gholdengo|Leftovers|[from] move: Trick\n|move|p2a: Garganacl|Recover|p2a: Garganacl\n|-heal|p2a: Garganacl|100\/100\n|\n|-heal|p1a: Gholdengo|75\/100|[from] item: Leftovers\n|-damage|p1a: Gholdengo|50\/100|[from] Salt Cure\n|upkeep\n|turn|6\n|\n|t:|1700853532\n|switch|p2a: Kingambit|Kingambit, M|100\/100\n|-damage|p2a: Kingambit|94\/100|[from] Stealth Rock\n|move|p1a: Gholdengo|Make It Rain|p2a: Kingambit\n|-resisted|p2a: Kingambit\n|-damage|p2a: Kingambit|58\/100\n|-unboost|p1a: Gholdengo|spa|1\n|\n|-heal|p1a: Gholdengo|56\/100|[from] item: Leftovers\n|-heal|p2a: Kingambit|65\/100|[from] item: Leftovers\n|-damage|p1a: Gholdengo|31\/100|[from] Salt Cure\n|upkeep\n|turn|7\n|inactive|Akiiel has 120 seconds left.\n|\n|t:|1700853565\n|switch|p1a: Garchomp|Garchomp, M|84\/100\n|-end|p2a: Kingambit|fallenundefined|[silent]\n|switch|p2a: Samurott|Samurott-Hisui, M, shiny|100\/100\n|-damage|p2a: Samurott|88\/100|[from] Stealth Rock\n|\n|upkeep\n|turn|8\n|\n|t:|1700853575\n|move|p2a: Samurott|Ceaseless Edge|p1a: Garchomp\n|-damage|p1a: Garchomp|53\/100\n|-damage|p2a: Samurott|76\/100|[from] ability: Rough Skin|[of] p1a: Garchomp\n|-damage|p2a: Samurott|59\/100|[from] item: Rocky Helmet|[of] p1a: Garchomp\n|-sidestart|p1: Akiiel|Spikes\n|move|p1a: Garchomp|Dragon Tail|p2a: Samurott\n|-damage|p2a: Samurott|28\/100\n|drag|p2a: Garganacl|Garganacl, M, tera:Fairy|100\/100\n|-damage|p2a: Garganacl|88\/100|[from] Stealth Rock\n|\n|upkeep\n|turn|9\n|\n|t:|1700853588\n|move|p1a: Garchomp|Iron Head|p2a: Garganacl\n|-supereffective|p2a: Garganacl\n|-damage|p2a: Garganacl|57\/100\n|move|p2a: Garganacl|Salt Cure|p1a: Garchomp\n|-resisted|p1a: Garchomp\n|-damage|p1a: Garchomp|48\/100\n|-start|p1a: Garchomp|Salt Cure\n|\n|-damage|p1a: Garchomp|35\/100|[from] Salt Cure\n|upkeep\n|turn|10\n|\n|t:|1700853598\n|switch|p1a: Blissey|Blissey, F|100\/100\n|move|p2a: Garganacl|Salt Cure|p1a: Blissey\n|-damage|p1a: Blissey|88\/100\n|-start|p1a: Blissey|Salt Cure\n|\n|-damage|p1a: Blissey|75\/100|[from] Salt Cure\n|upkeep\n|turn|11\n|\n|t:|1700853606\n|move|p2a: Garganacl|Salt Cure|p1a: Blissey\n|-damage|p1a: Blissey|64\/100\n|move|p1a: Blissey|Seismic Toss|p2a: Garganacl\n|-damage|p2a: Garganacl|32\/100\n|\n|-damage|p1a: Blissey|51\/100|[from] Salt Cure\n|upkeep\n|turn|12\n|\n|t:|1700853622\n|switch|p2a: Weavile|Weavile, F|100\/100\n|-ability|p2a: Weavile|Pressure\n|move|p1a: Blissey|Healing Wish|p1a: Blissey\n|faint|p1a: Blissey\n|\n|upkeep\n|inactive|Akiiel has 120 seconds left.\n|\n|t:|1700853654\n|switch|p1a: Garchomp|Garchomp, M|35\/100\n|-heal|p1a: Garchomp|100\/100|[from] move: Healing Wish\n|-damage|p1a: Garchomp|88\/100|[from] Spikes\n|turn|13\n|inactive|Akiiel has 120 seconds left.\n|\n|t:|1700853664\n|switch|p1a: Gholdengo|Gholdengo|31\/100\n|-damage|p1a: Gholdengo|19\/100|[from] Spikes\n|move|p2a: Weavile|Swords Dance|p2a: Weavile\n|-boost|p2a: Weavile|atk|2\n|\n|-heal|p1a: Gholdengo|25\/100|[from] item: Leftovers\n|upkeep\n|turn|14\n|\n|t:|1700853671\n|move|p2a: Weavile|Knock Off|p1a: Gholdengo\n|-supereffective|p1a: Gholdengo\n|-damage|p1a: Gholdengo|0 fnt\n|-enditem|p1a: Gholdengo|Leftovers|[from] move: Knock Off|[of] p2a: Weavile\n|faint|p1a: Gholdengo\n|\n|upkeep\n|inactive|Akiiel has 120 seconds left.\n|\n|t:|1700853701\n|switch|p1a: Garchomp|Garchomp, M|88\/100\n|-damage|p1a: Garchomp|76\/100|[from] Spikes\n|turn|15\n|\n|t:|1700853715\n|-terastallize|p1a: Garchomp|Water\n|move|p2a: Weavile|Knock Off|p1a: Garchomp\n|-damage|p1a: Garchomp|17\/100\n|-damage|p2a: Weavile|88\/100|[from] ability: Rough Skin|[of] p1a: Garchomp\n|-damage|p2a: Weavile|72\/100|[from] item: Rocky Helmet|[of] p1a: Garchomp\n|-enditem|p1a: Garchomp|Rocky Helmet|[from] move: Knock Off|[of] p2a: Weavile\n|move|p1a: Garchomp|Dragon Tail|p2a: Weavile|[miss]\n|-miss|p1a: Garchomp|p2a: Weavile\n|\n|upkeep\n|turn|16\n|\n|t:|1700853728\n|move|p2a: Weavile|Knock Off|p1a: Garchomp\n|-damage|p1a: Garchomp|0 fnt\n|-damage|p2a: Weavile|59\/100|[from] ability: Rough Skin|[of] p1a: Garchomp\n|faint|p1a: Garchomp\n|\n|upkeep\n|\n|t:|1700853732\n|switch|p1a: Zamazenta|Zamazenta|100\/100\n|-damage|p1a: Zamazenta|88\/100|[from] Spikes\n|-ability|p1a: Zamazenta|Dauntless Shield|boost\n|-boost|p1a: Zamazenta|def|1\n|turn|17\n|\n|t:|1700853742\n|move|p2a: Weavile|Ice Shard|p1a: Zamazenta\n|-damage|p1a: Zamazenta|64\/100\n|move|p1a: Zamazenta|Iron Head|p2a: Weavile\n|-supereffective|p2a: Weavile\n|-damage|p2a: Weavile|0 fnt\n|faint|p2a: Weavile\n|-damage|p1a: Zamazenta|54\/100|[from] item: Life Orb\n|\n|upkeep\n|inactive|Pls_help__me_god has 120 seconds left.\n|\n|t:|1700853796\n|switch|p2a: Garganacl|Garganacl, M, tera:Fairy|32\/100\n|-damage|p2a: Garganacl|20\/100|[from] Stealth Rock\n|turn|18\n|\n|t:|1700853801\n|move|p1a: Zamazenta|Iron Head|p2a: Garganacl\n|-supereffective|p2a: Garganacl\n|-damage|p2a: Garganacl|0 fnt\n|faint|p2a: Garganacl\n|-damage|p1a: Zamazenta|44\/100|[from] item: Life Orb\n|\n|upkeep\n|inactive|Pls_help__me_god has 90 seconds left.\n|\n|t:|1700853847\n|switch|p2a: Amoonguss|Amoonguss, M, shiny|100\/100\n|-damage|p2a: Amoonguss|88\/100|[from] Stealth Rock\n|turn|19\n|\n|t:|1700853854\n|move|p1a: Zamazenta|Psychic Fangs|p2a: Amoonguss\n|-supereffective|p2a: Amoonguss\n|-damage|p2a: Amoonguss|32\/100\n|-enditem|p2a: Amoonguss|Red Card|[of] p1a: Zamazenta\n|drag|p1a: Garganacl|Garganacl, F|100\/100\n|-damage|p1a: Garganacl|88\/100|[from] Spikes\n|move|p2a: Amoonguss|Spore|p1a: Garganacl\n|-immune|p1a: Garganacl|[from] ability: Purifying Salt\n|\n|-heal|p1a: Garganacl|94\/100|[from] item: Leftovers\n|upkeep\n|turn|20\n|\n|t:|1700853864\n|move|p1a: Garganacl|Salt Cure|p2a: Amoonguss\n|-damage|p2a: Amoonguss|22\/100\n|-start|p2a: Amoonguss|Salt Cure\n|move|p2a: Amoonguss|Grass Knot|p1a: Garganacl\n|-supereffective|p1a: Garganacl\n|-damage|p1a: Garganacl|25\/100\n|\n|-heal|p1a: Garganacl|32\/100|[from] item: Leftovers\n|-damage|p2a: Amoonguss|9\/100|[from] Salt Cure\n|upkeep\n|turn|21\n|\n|t:|1700853875\n|move|p1a: Garganacl|Recover|p1a: Garganacl\n|-heal|p1a: Garganacl|82\/100\n|move|p2a: Amoonguss|Grass Knot|p1a: Garganacl\n|-supereffective|p1a: Garganacl\n|-damage|p1a: Garganacl|12\/100\n|\n|-heal|p1a: Garganacl|18\/100|[from] item: Leftovers\n|-damage|p2a: Amoonguss|0 fnt|[from] Salt Cure\n|faint|p2a: Amoonguss\n|upkeep\n|\n|t:|1700853888\n|switch|p2a: Samurott|Samurott-Hisui, M, shiny|28\/100\n|-damage|p2a: Samurott|16\/100|[from] Stealth Rock\n|turn|22\n|\n|t:|1700853897\n|move|p1a: Garganacl|Protect|p1a: Garganacl\n|-singleturn|p1a: Garganacl|Protect\n|move|p2a: Samurott|Aqua Cutter|p1a: Garganacl\n|-activate|p1a: Garganacl|move: Protect\n|\n|-heal|p1a: Garganacl|24\/100|[from] item: Leftovers\n|upkeep\n|turn|23\n|\n|t:|1700853909\n|move|p2a: Samurott|Aqua Cutter|p1a: Garganacl\n|-supereffective|p1a: Garganacl\n|-damage|p1a: Garganacl|0 fnt\n|faint|p1a: Garganacl\n|\n|upkeep\n|\n|t:|1700853914\n|switch|p1a: Kilowattrel|Kilowattrel, F|100\/100\n|turn|24\n|inactive|Pls_help__me_god has 90 seconds left.\n|\n|t:|1700853931\n|move|p2a: Samurott|Aqua Jet|p1a: Kilowattrel\n|-damage|p1a: Kilowattrel|56\/100\n|move|p1a: Kilowattrel|Volt Switch|p2a: Samurott\n|-supereffective|p2a: Samurott\n|-damage|p2a: Samurott|0 fnt\n|faint|p2a: Samurott\n|\n|t:|1700853940\n|switch|p1a: Zamazenta|Zamazenta|44\/100|[from] Volt Switch\n|-damage|p1a: Zamazenta|32\/100|[from] Spikes\n|\n|upkeep\n|\n|t:|1700853945\n|switch|p2a: Maushold|Maushold|100\/100\n|-damage|p2a: Maushold|88\/100|[from] Stealth Rock\n|turn|25\n|\n|t:|1700853958\n|move|p1a: Zamazenta|Crunch|p2a: Maushold\n|-damage|p2a: Maushold|33\/100\n|-damage|p1a: Zamazenta|22\/100|[from] item: Life Orb\n|move|p2a: Maushold|Tidy Up|p2a: Maushold\n|-sideend|p2: Pls_help__me_god|Stealth Rock\n|-sideend|p1: Akiiel|Spikes\n|-activate|p2a: Maushold|move: Tidy Up\n|-boost|p2a: Maushold|atk|1\n|-boost|p2a: Maushold|spe|1\n|\n|upkeep\n|turn|26\n|\n|t:|1700853969\n|move|p2a: Maushold|Population Bomb|p1a: Zamazenta\n|-damage|p1a: Zamazenta|6\/100\n|-damage|p1a: Zamazenta|0 fnt\n|faint|p1a: Zamazenta\n|-hitcount|p1: Zamazenta|2\n|\n|upkeep\n|-message|Akiiel forfeited.\n|\n|win|Pls_help__me_god\n|raw|Akiiel's rating: 1438 &rarr; <strong>1420<\/strong><br \/>(-18 for losing)\n|raw|Pls_help__me_god's rating: 1465 &rarr; <strong>1483<\/strong><br \/>(+18 for winning)\n|l|\u2606Akiiel\n","uploadtime":1700854003,"views":7,"p1id":"akiiel","p2id":"plshelpmegod","formatid":"gen9ou","rating":1420,"private":0,"password":""}