{"id":"gen9ou-2000001324","p1":"Lightningboy4219","p2":"Add 6669420","format":"[Gen 9] OU","log":"|j|\u2606Lightningboy4219\n|j|\u2606Add 6669420\n|t:|1701139700\n|gametype|singles\n|player|p1|Lightningboy4219|lucas|1232\n|player|p2|Add 6669420|ash-sinnoh|1283\n|teamsize|p1|6\n|teamsize|p2|6\n|gen|9\n|tier|[Gen 9] OU\n|rated|\n|rule|Sleep Clause Mod: Limit one foe put to sleep\n|rule|Species Clause: Limit one of each Pok\u00e9mon\n|rule|OHKO Clause: OHKO moves are banned\n|rule|Evasion Items Clause: Evasion items are banned\n|rule|Evasion Moves Clause: Evasion moves are banned\n|rule|Endless Battle Clause: Forcing endless battles is banned\n|rule|HP Percentage Mod: HP is shown in percentages\n|clearpoke\n|poke|p1|Dragapult, M|\n|poke|p1|Iron Moth|\n|poke|p1|Ceruledge, M|\n|poke|p1|Moltres-Galar|\n|poke|p1|Iron Valiant|\n|poke|p1|Samurott-Hisui, F|\n|poke|p2|Zarude|\n|poke|p2|Cinderace, M|\n|poke|p2|Zapdos|\n|poke|p2|Haxorus, F|\n|poke|p2|Slowking-Galar, F|\n|poke|p2|Landorus-Therian, M|\n|teampreview\n|c|\u2606Add 6669420|glhf\n|inactive|Battle timer is ON: inactive players will automatically lose when time's up. (requested by Add 6669420)\n|\n|t:|1701139714\n|start\n|switch|p1a: Iron Moth|Iron Moth|100\/100\n|switch|p2a: Cinderace|Cinderace, M|100\/100\n|turn|1\n|\n|t:|1701139720\n|-terastallize|p1a: Iron Moth|Fire\n|move|p2a: Cinderace|U-turn|p1a: Iron Moth\n|-start|p2a: Cinderace|typechange|Bug|[from] ability: Libero\n|-resisted|p1a: Iron Moth\n|-damage|p1a: Iron Moth|77\/100\n|\n|t:|1701139726\n|switch|p2a: Landorus|Landorus-Therian, M|100\/100|[from] U-turn\n|-ability|p2a: Landorus|Intimidate|boost\n|-unboost|p1a: Iron Moth|atk|1\n|move|p1a: Iron Moth|Fiery Dance|p2a: Landorus\n|-damage|p2a: Landorus|32\/100\n|-boost|p1a: Iron Moth|spa|1\n|\n|upkeep\n|turn|2\n|\n|t:|1701139732\n|switch|p2a: Slowking|Slowking-Galar, F|100\/100\n|move|p1a: Iron Moth|Fiery Dance|p2a: Slowking\n|-damage|p2a: Slowking|29\/100\n|-boost|p1a: Iron Moth|spa|1\n|\n|upkeep\n|turn|3\n|c|\u2606Add 6669420|nahh\n|\n|t:|1701139746\n|move|p1a: Iron Moth|Fiery Dance|p2a: Slowking\n|-damage|p2a: Slowking|0 fnt\n|-boost|p1a: Iron Moth|spa|1\n|faint|p2a: Slowking\n|\n|upkeep\n|\n|t:|1701139748\n|switch|p2a: Haxorus|Haxorus, F, shiny|100\/100\n|-ability|p2a: Haxorus|Mold Breaker\n|turn|4\n|\n|t:|1701139754\n|move|p1a: Iron Moth|Fiery Dance|p2a: Haxorus\n|-resisted|p2a: Haxorus\n|-damage|p2a: Haxorus|0 fnt\n|-boost|p1a: Iron Moth|spa|1\n|faint|p2a: Haxorus\n|\n|upkeep\n|\n|t:|1701139757\n|switch|p2a: Cinderace|Cinderace, M|100\/100\n|turn|5\n|\n|t:|1701139759\n|move|p2a: Cinderace|Pyro Ball|p1a: Iron Moth\n|-resisted|p1a: Iron Moth\n|-damage|p1a: Iron Moth|35\/100\n|move|p1a: Iron Moth|Fiery Dance|p2a: Cinderace\n|-resisted|p2a: Cinderace\n|-damage|p2a: Cinderace|0 fnt\n|-boost|p1a: Iron Moth|spa|1\n|faint|p2a: Cinderace\n|\n|upkeep\n|c|\u2606Add 6669420|this just aisnt fun\n|c|\u2606Add 6669420|oh nah\n|\n|t:|1701139772\n|switch|p2a: Zapdos|Zapdos, shiny|100\/100\n|turn|6\n|\n|t:|1701139775\n|-terastallize|p2a: Zapdos|Water\n|move|p1a: Iron Moth|Fiery Dance|p2a: Zapdos\n|-resisted|p2a: Zapdos\n|-damage|p2a: Zapdos|0 fnt\n|-boost|p1a: Iron Moth|spa|1\n|faint|p2a: Zapdos\n|\n|upkeep\n|\n|t:|1701139780\n|switch|p2a: Zarude|Zarude|100\/100\n|turn|7\n|\n|t:|1701139784\n|move|p1a: Iron Moth|Fiery Dance|p2a: Zarude\n|-supereffective|p2a: Zarude\n|-damage|p2a: Zarude|0 fnt\n|faint|p2a: Zarude\n|\n|upkeep\n|\n|t:|1701139787\n|switch|p2a: Landorus|Landorus-Therian, M|32\/100\n|-ability|p2a: Landorus|Intimidate|boost\n|-unboost|p1a: Iron Moth|atk|1\n|turn|8\n|\n|t:|1701139790\n|move|p1a: Iron Moth|Fiery Dance|p2a: Landorus\n|-damage|p2a: Landorus|0 fnt\n|faint|p2a: Landorus\n|\n|win|Lightningboy4219\n|raw|Lightningboy4219's rating: 1232 &rarr; <strong>1261<\/strong><br \/>(+29 for winning)\n|raw|Add 6669420's rating: 1283 &rarr; <strong>1254<\/strong><br \/>(-29 for losing)\n|c|\u2606Lightningboy4219|gg\n|c|\u2606Add 6669420|nahh\n","uploadtime":1701139801,"views":17,"p1id":"lightningboy4219","p2id":"add6669420","formatid":"gen9ou","rating":1254,"private":0,"password":""}