{"id":"gen9ou-1990985298","p1":"cosmic ducko","p2":"jghghjg","format":"[Gen 9] OU","log":"|j|\u2606cosmic ducko\n|j|\u2606jghghjg\n|t:|1700023488\n|gametype|singles\n|player|p1|cosmic ducko|170|1000\n|player|p2|jghghjg|pokemonbreeder-gen4|1109\n|teamsize|p1|6\n|teamsize|p2|6\n|gen|9\n|tier|[Gen 9] OU\n|rated|\n|rule|Sleep Clause Mod: Limit one foe put to sleep\n|rule|Species Clause: Limit one of each Pok\u00e9mon\n|rule|OHKO Clause: OHKO moves are banned\n|rule|Evasion Items Clause: Evasion items are banned\n|rule|Evasion Moves Clause: Evasion moves are banned\n|rule|Endless Battle Clause: Forcing endless battles is banned\n|rule|HP Percentage Mod: HP is shown in percentages\n|clearpoke\n|poke|p1|Tyranitar, M|\n|poke|p1|Abomasnow, F|\n|poke|p1|Hatterene, F|\n|poke|p1|Avalugg, F|\n|poke|p1|Blissey, F|\n|poke|p1|Hippowdon, F|\n|poke|p2|Golem, F|\n|poke|p2|Ogerpon-Cornerstone, F|\n|poke|p2|Hatterene, F|\n|poke|p2|Gholdengo|\n|poke|p2|Iron Valiant|\n|poke|p2|Greninja-*, M|\n|teampreview\n|inactive|Battle timer is ON: inactive players will automatically lose when time's up. (requested by jghghjg)\n|\n|t:|1700023495\n|start\n|switch|p1a: TYRANT|Tyranitar, M|100\/100\n|switch|p2a: Ogerpon|Ogerpon-Cornerstone, F|100\/100\n|-weather|Sandstorm|[from] ability: Sand Stream|[of] p1a: TYRANT\n|turn|1\n|\n|t:|1700023507\n|move|p2a: Ogerpon|Low Kick|p1a: TYRANT\n|-supereffective|p1a: TYRANT\n|-damage|p1a: TYRANT|0 fnt\n|faint|p1a: TYRANT\n|\n|-weather|Sandstorm|[upkeep]\n|upkeep\n|\n|t:|1700023514\n|switch|p1a: pure bliss...NOT|Blissey, F|100\/100\n|turn|2\n|\n|t:|1700023528\n|move|p2a: Ogerpon|Ivy Cudgel|p1a: pure bliss...NOT|[anim] Ivy Cudgel Rock\n|-damage|p1a: pure bliss...NOT|0 fnt\n|faint|p1a: pure bliss...NOT\n|\n|-weather|Sandstorm|[upkeep]\n|upkeep\n|\n|t:|1700023535\n|switch|p1a: hippo :D|Hippowdon, F|100\/100\n|turn|3\n|\n|t:|1700023541\n|move|p2a: Ogerpon|Power Whip|p1a: hippo :D\n|-supereffective|p1a: hippo :D\n|-damage|p1a: hippo :D|0 fnt\n|faint|p1a: hippo :D\n|\n|-weather|Sandstorm|[upkeep]\n|upkeep\n|\n|t:|1700023547\n|switch|p1a: the HAT|Hatterene, F|100\/100\n|turn|4\n|\n|t:|1700023561\n|switch|p2a: Gholdengo|Gholdengo|100\/100\n|move|p1a: the HAT|Reflect|p1a: the HAT\n|-sidestart|p1: cosmic ducko|Reflect\n|\n|-weather|Sandstorm|[upkeep]\n|-damage|p1a: the HAT|94\/100|[from] Sandstorm\n|-heal|p1a: the HAT|100\/100|[from] item: Leftovers\n|upkeep\n|turn|5\n|\n|t:|1700023572\n|move|p1a: the HAT|Protect|p1a: the HAT\n|-singleturn|p1a: the HAT|Protect\n|move|p2a: Gholdengo|Trick|p1a: the HAT\n|-activate|p1a: the HAT|move: Protect\n|\n|-weather|Sandstorm|[upkeep]\n|-damage|p1a: the HAT|94\/100|[from] Sandstorm\n|-heal|p1a: the HAT|100\/100|[from] item: Leftovers\n|upkeep\n|turn|6\n|\n|t:|1700023584\n|switch|p1a: frosty :)|Abomasnow, F|100\/100\n|-weather|Snow|[from] ability: Snow Warning|[of] p1a: frosty :)\n|move|p2a: Gholdengo|Trick|p1a: frosty :)\n|-activate|p2a: Gholdengo|move: Trick|[of] p1a: frosty :)\n|-item|p1a: frosty :)|Choice Specs|[from] move: Trick\n|-item|p2a: Gholdengo|Never-Melt Ice|[from] move: Trick\n|\n|-weather|Snow|[upkeep]\n|upkeep\n|turn|7\n|\n|t:|1700023594\n|move|p1a: frosty :)|Protect|p1a: frosty :)\n|-singleturn|p1a: frosty :)|Protect\n|move|p2a: Gholdengo|Make It Rain|p1a: frosty :)\n|-activate|p1a: frosty :)|move: Protect\n|\n|-weather|Snow|[upkeep]\n|upkeep\n|turn|8\n|\n|t:|1700023606\n|switch|p1a: FROST SPIDER|Avalugg, F|100\/100\n|move|p2a: Gholdengo|Make It Rain|p1a: FROST SPIDER\n|-supereffective|p1a: FROST SPIDER\n|-damage|p1a: FROST SPIDER|0 fnt\n|-unboost|p2a: Gholdengo|spa|1\n|faint|p1a: FROST SPIDER\n|\n|-weather|Snow|[upkeep]\n|-sideend|p1: cosmic ducko|Reflect\n|upkeep\n|\n|t:|1700023616\n|switch|p1a: frosty :)|Abomasnow, F|100\/100\n|turn|9\n|\n|t:|1700023628\n|move|p1a: frosty :)|Protect|p1a: frosty :)\n|-singleturn|p1a: frosty :)|Protect\n|move|p2a: Gholdengo|Make It Rain|p1a: frosty :)\n|-activate|p1a: frosty :)|move: Protect\n|\n|-weather|Snow|[upkeep]\n|upkeep\n|turn|10\n|\n|t:|1700023638\n|move|p1a: frosty :)|Protect||[still]\n|-fail|p1a: frosty :)\n|move|p2a: Gholdengo|Nasty Plot|p2a: Gholdengo\n|-boost|p2a: Gholdengo|spa|2\n|\n|-weather|none\n|upkeep\n|turn|11\n|\n|t:|1700023645\n|switch|p1a: the HAT|Hatterene, F|100\/100\n|move|p2a: Gholdengo|Nasty Plot|p2a: Gholdengo\n|-boost|p2a: Gholdengo|spa|2\n|\n|upkeep\n|turn|12\n|\n|t:|1700023656\n|-terastallize|p1a: the HAT|Psychic\n|move|p2a: Gholdengo|Shadow Ball|p1a: the HAT\n|-supereffective|p1a: the HAT\n|-damage|p1a: the HAT|0 fnt\n|faint|p1a: the HAT\n|\n|upkeep\n|\n|t:|1700023662\n|switch|p1a: frosty :)|Abomasnow, F|100\/100\n|-weather|Snow|[from] ability: Snow Warning|[of] p1a: frosty :)\n|turn|13\n|\n|t:|1700023669\n|move|p2a: Gholdengo|Make It Rain|p1a: frosty :)\n|-supereffective|p1a: frosty :)\n|-damage|p1a: frosty :)|0 fnt\n|-unboost|p2a: Gholdengo|spa|1\n|faint|p1a: frosty :)\n|\n|win|jghghjg\n|raw|cosmic ducko's rating: 1000 &rarr; <strong>1000<\/strong><br \/>(+0 for losing)\n|raw|jghghjg's rating: 1109 &rarr; <strong>1126<\/strong><br \/>(+17 for winning)\n|l|\u2606cosmic ducko\n","uploadtime":1700023678,"views":7,"p1id":"cosmicducko","p2id":"jghghjg","formatid":"gen9ou","rating":1000,"private":0,"password":""}