{"id":"gen9ou-1998216884","p1":"Quimet_cg","p2":"magicgril","format":"[Gen 9] OU","log":"|j|\u2606Quimet_cg\n|j|\u2606magicgril\n|t:|1700914406\n|gametype|singles\n|player|p1|Quimet_cg|266|1328\n|player|p2|magicgril|iono|1334\n|teamsize|p1|6\n|teamsize|p2|6\n|gen|9\n|tier|[Gen 9] OU\n|rated|\n|rule|Sleep Clause Mod: Limit one foe put to sleep\n|rule|Species Clause: Limit one of each Pok\u00e9mon\n|rule|OHKO Clause: OHKO moves are banned\n|rule|Evasion Items Clause: Evasion items are banned\n|rule|Evasion Moves Clause: Evasion moves are banned\n|rule|Endless Battle Clause: Forcing endless battles is banned\n|rule|HP Percentage Mod: HP is shown in percentages\n|clearpoke\n|poke|p1|Ceruledge, M|\n|poke|p1|Garchomp, F|\n|poke|p1|Iron Valiant|\n|poke|p1|Sinistcha|\n|poke|p1|Clefable, F|\n|poke|p1|Vikavolt, F|\n|poke|p2|Ribombee, F|\n|poke|p2|Ogerpon-Cornerstone, F|\n|poke|p2|Greninja-*, M|\n|poke|p2|Ceruledge, M|\n|poke|p2|Gholdengo|\n|poke|p2|Enamorus, F|\n|teampreview\n|\n|t:|1700914434\n|start\n|switch|p1a: Vikavolt|Vikavolt, F, shiny|100\/100\n|switch|p2a: Ribombee|Ribombee, F|100\/100\n|turn|1\n|\n|t:|1700914441\n|move|p2a: Ribombee|Sticky Web|p1a: Vikavolt\n|-sidestart|p1: Quimet_cg|move: Sticky Web\n|move|p1a: Vikavolt|Sticky Web|p2a: Ribombee\n|-sidestart|p2: magicgril|move: Sticky Web\n|\n|upkeep\n|turn|2\n|\n|t:|1700914450\n|move|p2a: Ribombee|Moonblast|p1a: Vikavolt\n|-damage|p1a: Vikavolt|54\/100\n|-unboost|p1a: Vikavolt|spa|1\n|move|p1a: Vikavolt|Thunderbolt|p2a: Ribombee\n|-damage|p2a: Ribombee|38\/100\n|\n|upkeep\n|turn|3\n|\n|t:|1700914458\n|move|p2a: Ribombee|Moonblast|p1a: Vikavolt\n|-damage|p1a: Vikavolt|6\/100\n|-unboost|p1a: Vikavolt|spa|1\n|move|p1a: Vikavolt|Volt Switch|p2a: Ribombee\n|-damage|p2a: Ribombee|0 fnt\n|faint|p2a: Ribombee\n|inactive|Battle timer is ON: inactive players will automatically lose when time's up. (requested by magicgril)\n|\n|t:|1700914466\n|switch|p1a: Sinistcha|Sinistcha|100\/100|[from] Volt Switch\n|-activate|p1a: Sinistcha|move: Sticky Web\n|-unboost|p1a: Sinistcha|spe|1\n|\n|upkeep\n|\n|t:|1700914476\n|switch|p2a: Ceruledge|Ceruledge, M|100\/100\n|-activate|p2a: Ceruledge|move: Sticky Web\n|-unboost|p2a: Ceruledge|spe|1\n|turn|4\n|\n|t:|1700914481\n|move|p2a: Ceruledge|Swords Dance|p2a: Ceruledge\n|-boost|p2a: Ceruledge|atk|2\n|move|p1a: Sinistcha|Strength Sap|p2a: Ceruledge\n|-unboost|p2a: Ceruledge|atk|1\n|\n|upkeep\n|turn|5\n|\n|t:|1700914488\n|-terastallize|p2a: Ceruledge|Ghost\n|move|p2a: Ceruledge|Poltergeist|p1a: Sinistcha\n|-activate|p1a: Sinistcha|move: Poltergeist|Leftovers\n|-supereffective|p1a: Sinistcha\n|-damage|p1a: Sinistcha|0 fnt\n|faint|p1a: Sinistcha\n|\n|upkeep\n|\n|t:|1700914497\n|switch|p1a: Garchomp|Garchomp, F|100\/100\n|-activate|p1a: Garchomp|move: Sticky Web\n|-unboost|p1a: Garchomp|spe|1\n|turn|6\n|\n|t:|1700914502\n|move|p2a: Ceruledge|Swords Dance|p2a: Ceruledge\n|-boost|p2a: Ceruledge|atk|2\n|move|p1a: Garchomp|Earthquake|p2a: Ceruledge\n|-damage|p2a: Ceruledge|17\/100\n|-ability|p2a: Ceruledge|Weak Armor|boost\n|-unboost|p2a: Ceruledge|def|1\n|-boost|p2a: Ceruledge|spe|2\n|\n|upkeep\n|turn|7\n|\n|t:|1700914513\n|move|p2a: Ceruledge|Poltergeist|p1a: Garchomp\n|-activate|p1a: Garchomp|move: Poltergeist|Rocky Helmet\n|-damage|p1a: Garchomp|0 fnt\n|faint|p1a: Garchomp\n|\n|upkeep\n|\n|t:|1700914526\n|switch|p1a: Iron Valiant|Iron Valiant, shiny|100\/100\n|-activate|p1a: Iron Valiant|move: Sticky Web\n|-unboost|p1a: Iron Valiant|spe|1\n|-enditem|p1a: Iron Valiant|Booster Energy\n|-activate|p1a: Iron Valiant|ability: Quark Drive|[fromitem]\n|-start|p1a: Iron Valiant|quarkdriveatk\n|turn|8\n|\n|t:|1700914533\n|move|p2a: Ceruledge|Bitter Blade|p1a: Iron Valiant\n|-damage|p1a: Iron Valiant|0 fnt\n|-heal|p2a: Ceruledge|67\/100|[from] drain|[of] p1a: Iron Valiant\n|faint|p1a: Iron Valiant\n|-end|p1a: Iron Valiant|Quark Drive|[silent]\n|\n|upkeep\n|\n|t:|1700914546\n|switch|p1a: Vikavolt|Vikavolt, F, shiny|6\/100\n|turn|9\n|\n|t:|1700914549\n|move|p2a: Ceruledge|Bitter Blade|p1a: Vikavolt\n|-supereffective|p1a: Vikavolt\n|-damage|p1a: Vikavolt|0 fnt\n|-heal|p2a: Ceruledge|71\/100|[from] drain|[of] p1a: Vikavolt\n|faint|p1a: Vikavolt\n|\n|upkeep\n|\n|t:|1700914554\n|switch|p1a: Clefable|Clefable, F|100\/100\n|-activate|p1a: Clefable|move: Sticky Web\n|-unboost|p1a: Clefable|spe|1\n|turn|10\n|\n|t:|1700914565\n|move|p2a: Ceruledge|Bitter Blade|p1a: Clefable\n|-damage|p1a: Clefable|0 fnt\n|-heal|p2a: Ceruledge|100\/100|[from] drain|[of] p1a: Clefable\n|faint|p1a: Clefable\n|\n|upkeep\n|\n|t:|1700914570\n|switch|p1a: Ceruledge|Ceruledge, M|100\/100\n|-activate|p1a: Ceruledge|move: Sticky Web\n|-unboost|p1a: Ceruledge|spe|1\n|turn|11\n|\n|t:|1700914577\n|move|p2a: Ceruledge|Poltergeist|p1a: Ceruledge\n|-activate|p1a: Ceruledge|move: Poltergeist|Life Orb\n|-supereffective|p1a: Ceruledge\n|-damage|p1a: Ceruledge|0 fnt\n|faint|p1a: Ceruledge\n|\n|win|magicgril\n|raw|Quimet_cg's rating: 1328 &rarr; <strong>1308<\/strong><br \/>(-20 for losing)\n|raw|magicgril's rating: 1334 &rarr; <strong>1354<\/strong><br \/>(+20 for winning)\n","uploadtime":1700914582,"views":1,"p1id":"quimetcg","p2id":"magicgril","formatid":"gen9ou","rating":1308,"private":0,"password":""}