{"id":"gen9ou-1991705896","p1":"Gen 9 Dr Eggman","p2":"KenBond007","format":"[Gen 9] OU","log":"|j|\u2606Gen 9 Dr Eggman\n|j|\u2606KenBond007\n|t:|1700104917\n|gametype|singles\n|player|p1|Gen 9 Dr Eggman|101|1196\n|player|p2|KenBond007|cynthia|1117\n|teamsize|p1|6\n|teamsize|p2|6\n|gen|9\n|tier|[Gen 9] OU\n|rated|\n|rule|Sleep Clause Mod: Limit one foe put to sleep\n|rule|Species Clause: Limit one of each Pok\u00e9mon\n|rule|OHKO Clause: OHKO moves are banned\n|rule|Evasion Items Clause: Evasion items are banned\n|rule|Evasion Moves Clause: Evasion moves are banned\n|rule|Endless Battle Clause: Forcing endless battles is banned\n|rule|HP Percentage Mod: HP is shown in percentages\n|clearpoke\n|poke|p1|Ogerpon-Cornerstone, F|\n|poke|p1|Greninja-*, M|\n|poke|p1|Rillaboom, M|\n|poke|p1|Iron Valiant|\n|poke|p1|Slowking-Galar, F|\n|poke|p1|Hawlucha, F|\n|poke|p2|Kingambit, M|\n|poke|p2|Gyarados, F|\n|poke|p2|Charizard, M|\n|poke|p2|Gardevoir, F|\n|poke|p2|Garchomp, F|\n|poke|p2|Meowscarada, M|\n|teampreview\n|inactive|Battle timer is ON: inactive players will automatically lose when time's up. (requested by KenBond007)\n|\n|t:|1700104928\n|start\n|switch|p1a: Greninja|Greninja, M|100\/100\n|switch|p2a: Shady|Meowscarada, M|100\/100\n|turn|1\n|\n|t:|1700104937\n|switch|p1a: Slowking|Slowking-Galar, F|100\/100\n|move|p2a: Shady|Flower Trick|p1a: Slowking\n|-start|p2a: Shady|typechange|Grass|[from] ability: Protean\n|-resisted|p1a: Slowking\n|-crit|p1a: Slowking\n|-damage|p1a: Slowking|60\/100\n|\n|upkeep\n|turn|2\n|\n|t:|1700104948\n|move|p2a: Shady|Flower Trick|p1a: Slowking\n|-resisted|p1a: Slowking\n|-crit|p1a: Slowking\n|-damage|p1a: Slowking|25\/100\n|move|p1a: Slowking|Thunder Wave|p2a: Shady\n|-status|p2a: Shady|par\n|\n|upkeep\n|turn|3\n|\n|t:|1700104957\n|switch|p1a: Rillaboom|Rillaboom, M|100\/100\n|-fieldstart|move: Grassy Terrain|[from] ability: Grassy Surge|[of] p1a: Rillaboom\n|cant|p2a: Shady|par\n|\n|upkeep\n|turn|4\n|\n|t:|1700104963\n|move|p1a: Rillaboom|U-turn|p2a: Shady\n|-supereffective|p2a: Shady\n|-damage|p2a: Shady|0 fnt\n|faint|p2a: Shady\n|\n|t:|1700104969\n|switch|p1a: Slowking|Slowking-Galar, F|58\/100|[from] U-turn\n|\n|-heal|p1a: Slowking|64\/100|[from] Grassy Terrain\n|upkeep\n|\n|t:|1700104975\n|switch|p2a: Kaine|Kingambit, M|100\/100\n|-activate|p2a: Kaine|ability: Supreme Overlord\n|-start|p2a: Kaine|fallen1|[silent]\n|turn|5\n|\n|t:|1700104986\n|move|p2a: Kaine|Iron Head|p1a: Slowking\n|-damage|p1a: Slowking|0 fnt\n|faint|p1a: Slowking\n|\n|upkeep\n|\n|t:|1700104997\n|switch|p1a: Iron Valiant|Iron Valiant|100\/100\n|-enditem|p1a: Iron Valiant|Booster Energy\n|-activate|p1a: Iron Valiant|ability: Quark Drive|[fromitem]\n|-start|p1a: Iron Valiant|quarkdrivespe\n|turn|6\n|\n|t:|1700105007\n|move|p1a: Iron Valiant|Moonblast|p2a: Kaine\n|-damage|p2a: Kaine|62\/100\n|move|p2a: Kaine|Iron Head|p1a: Iron Valiant\n|-supereffective|p1a: Iron Valiant\n|-damage|p1a: Iron Valiant|0 fnt\n|faint|p1a: Iron Valiant\n|-end|p1a: Iron Valiant|Quark Drive|[silent]\n|\n|-heal|p2a: Kaine|68\/100|[from] Grassy Terrain\n|upkeep\n|\n|t:|1700105014\n|switch|p1a: Hawlucha|Hawlucha, F|100\/100\n|-enditem|p1a: Hawlucha|Grassy Seed\n|-boost|p1a: Hawlucha|def|1|[from] item: Grassy Seed\n|turn|7\n|\n|t:|1700105020\n|move|p1a: Hawlucha|Swords Dance|p1a: Hawlucha\n|-boost|p1a: Hawlucha|atk|2\n|move|p2a: Kaine|Iron Head|p1a: Hawlucha\n|-damage|p1a: Hawlucha|30\/100\n|\n|-heal|p2a: Kaine|74\/100|[from] Grassy Terrain\n|-fieldend|move: Grassy Terrain\n|upkeep\n|turn|8\n|\n|t:|1700105033\n|-terastallize|p2a: Kaine|Ghost\n|move|p1a: Hawlucha|Close Combat|p2a: Kaine\n|-immune|p2a: Kaine\n|move|p2a: Kaine|Iron Head|p1a: Hawlucha\n|-damage|p1a: Hawlucha|0 fnt\n|faint|p1a: Hawlucha\n|\n|upkeep\n|\n|t:|1700105037\n|switch|p1a: Greninja|Greninja, M|100\/100\n|turn|9\n|\n|t:|1700105052\n|-end|p2a: Kaine|fallen1|[silent]\n|switch|p2a: Ridley|Garchomp, F|100\/100\n|move|p1a: Greninja|Dark Pulse|p2a: Ridley\n|-crit|p2a: Ridley\n|-damage|p2a: Ridley|15\/100\n|\n|upkeep\n|turn|10\n|\n|t:|1700105059\n|move|p1a: Greninja|Dark Pulse|p2a: Ridley\n|-damage|p2a: Ridley|0 fnt\n|faint|p2a: Ridley\n|-ability|p1a: Greninja|Battle Bond|boost\n|-boost|p1a: Greninja|atk|1\n|-boost|p1a: Greninja|spa|1\n|-boost|p1a: Greninja|spe|1\n|-activate|p1a: Greninja|ability: Battle Bond\n|\n|upkeep\n|\n|t:|1700105067\n|switch|p2a: Naomi|Gardevoir, F, shiny|100\/100\n|turn|11\n|\n|t:|1700105071\n|-terastallize|p1a: Greninja|Fairy\n|move|p1a: Greninja|Dark Pulse|p2a: Naomi\n|-damage|p2a: Naomi|11\/100\n|move|p2a: Naomi|Moonblast|p1a: Greninja\n|-damage|p1a: Greninja|29\/100\n|-unboost|p1a: Greninja|spa|1\n|\n|upkeep\n|turn|12\n|\n|t:|1700105080\n|move|p1a: Greninja|Dark Pulse|p2a: Naomi\n|-damage|p2a: Naomi|0 fnt\n|faint|p2a: Naomi\n|\n|upkeep\n|\n|t:|1700105085\n|switch|p2a: Naydra|Gyarados, F|100\/100\n|-ability|p2a: Naydra|Intimidate|boost\n|-unboost|p1a: Greninja|atk|1\n|turn|13\n|\n|t:|1700105094\n|move|p1a: Greninja|Dark Pulse|p2a: Naydra\n|-damage|p2a: Naydra|50\/100\n|cant|p2a: Naydra|flinch\n|\n|upkeep\n|turn|14\n|\n|t:|1700105099\n|move|p1a: Greninja|Dark Pulse|p2a: Naydra\n|-damage|p2a: Naydra|0 fnt\n|faint|p2a: Naydra\n|\n|upkeep\n|\n|t:|1700105108\n|switch|p2a: Tyr|Charizard, M|100\/100\n|turn|15\n|\n|t:|1700105112\n|move|p1a: Greninja|Dark Pulse|p2a: Tyr\n|-damage|p2a: Tyr|29\/100\n|move|p2a: Tyr|Flamethrower|p1a: Greninja\n|-damage|p1a: Greninja|0 fnt\n|faint|p1a: Greninja\n|\n|upkeep\n|\n|t:|1700105118\n|switch|p1a: Ogerpon|Ogerpon-Cornerstone, F|100\/100\n|turn|16\n|\n|t:|1700105125\n|move|p1a: Ogerpon|Ivy Cudgel|p2a: Tyr|[anim] Ivy Cudgel Rock\n|-supereffective|p2a: Tyr\n|-damage|p2a: Tyr|0 fnt\n|faint|p2a: Tyr\n|\n|upkeep\n|c|\u2606Gen 9 Dr Eggman|Good game.\n|\n|t:|1700105130\n|switch|p2a: Kaine|Kingambit, M, tera:Ghost|74\/100\n|-activate|p2a: Kaine|ability: Supreme Overlord\n|-start|p2a: Kaine|fallen5|[silent]\n|turn|17\n|\n|t:|1700105136\n|move|p2a: Kaine|Sucker Punch|p1a: Ogerpon\n|-ability|p1a: Ogerpon|Sturdy\n|-damage|p1a: Ogerpon|1\/100\n|move|p1a: Ogerpon|Ivy Cudgel|p2a: Kaine|[anim] Ivy Cudgel Rock\n|-damage|p2a: Kaine|30\/100\n|\n|upkeep\n|turn|18\n|\n|t:|1700105143\n|move|p2a: Kaine|Sucker Punch||[still]\n|-fail|p2a: Kaine\n|move|p1a: Ogerpon|Leech Seed|p2a: Kaine\n|-start|p2a: Kaine|move: Leech Seed\n|\n|-damage|p2a: Kaine|18\/100|[from] Leech Seed|[of] p1a: Ogerpon\n|-heal|p1a: Ogerpon|17\/100|[silent]\n|upkeep\n|turn|19\n|-message|KenBond007 forfeited.\n|\n|win|Gen 9 Dr Eggman\n|raw|Gen 9 Dr Eggman's rating: 1196 &rarr; <strong>1215<\/strong><br \/>(+19 for winning)\n|raw|KenBond007's rating: 1117 &rarr; <strong>1098<\/strong><br \/>(-19 for losing)\n|l|\u2606KenBond007\n","uploadtime":1700105157,"views":8,"p1id":"gen9dreggman","p2id":"kenbond007","formatid":"gen9ou","rating":1098,"private":0,"password":""}