{"id":"gen9ou-1998006135","p1":"maybenotxand","p2":"Jo Seph GD","format":"[Gen 9] OU","log":"|j|\u2606maybenotxand\n|j|\u2606Jo Seph GD\n|t:|1700878070\n|gametype|singles\n|player|p1|maybenotxand|dawn|\n|player|p2|Jo Seph GD|hilbert-wonderlauncher|\n|teamsize|p1|6\n|teamsize|p2|6\n|gen|9\n|tier|[Gen 9] OU\n|rule|Sleep Clause Mod: Limit one foe put to sleep\n|rule|Species Clause: Limit one of each Pok\u00e9mon\n|rule|OHKO Clause: OHKO moves are banned\n|rule|Evasion Items Clause: Evasion items are banned\n|rule|Evasion Moves Clause: Evasion moves are banned\n|rule|Endless Battle Clause: Forcing endless battles is banned\n|rule|HP Percentage Mod: HP is shown in percentages\n|clearpoke\n|poke|p1|Ceruledge, F|\n|poke|p1|Meowscarada, F|\n|poke|p1|Torkoal, F|\n|poke|p1|Samurott-Hisui, F|\n|poke|p1|Scizor, M|\n|poke|p1|Iron Valiant|\n|poke|p2|Rillaboom, M|\n|poke|p2|Slowking-Galar, M|\n|poke|p2|Manaphy|\n|poke|p2|Pelipper, F|\n|poke|p2|Armarouge, F|\n|poke|p2|Landorus-Therian, M|\n|teampreview\n|\n|t:|1700878099\n|start\n|switch|p1a: L Pokemon|Meowscarada, F|100\/100\n|switch|p2a: Pelipper|Pelipper, F, shiny|100\/100\n|-weather|RainDance|[from] ability: Drizzle|[of] p2a: Pelipper\n|turn|1\n|\n|t:|1700878106\n|move|p1a: L Pokemon|Flower Trick|p2a: Pelipper\n|-start|p1a: L Pokemon|typechange|Grass|[from] ability: Protean\n|-crit|p2a: Pelipper\n|-damage|p2a: Pelipper|46\/100\n|move|p2a: Pelipper|U-turn|p1a: L Pokemon\n|-supereffective|p1a: L Pokemon\n|-damage|p1a: L Pokemon|73\/100\n|\n|t:|1700878128\n|switch|p2a: Armarouge|Armarouge, F|100\/100|[from] U-turn\n|\n|-weather|RainDance|[upkeep]\n|upkeep\n|turn|2\n|\n|t:|1700878151\n|switch|p1a: Hot Turtle|Torkoal, F, shiny|100\/100\n|-weather|SunnyDay|[from] ability: Drought|[of] p1a: Hot Turtle\n|move|p2a: Armarouge|Destiny Bond|p2a: Armarouge\n|-singlemove|p2a: Armarouge|Destiny Bond\n|\n|-weather|SunnyDay|[upkeep]\n|upkeep\n|turn|3\n|\n|t:|1700878169\n|switch|p2a: Slowking|Slowking-Galar, M, shiny|100\/100\n|switch|p1a: Fryden|Ceruledge, F|100\/100\n|\n|-weather|SunnyDay|[upkeep]\n|upkeep\n|turn|4\n|\n|t:|1700878186\n|move|p1a: Fryden|Solar Blade||[still]\n|-prepare|p1a: Fryden|Solar Blade\n|-anim|p1a: Fryden|Solar Blade|p2a: Slowking\n|-resisted|p2a: Slowking\n|-damage|p2a: Slowking|79\/100\n|move|p2a: Slowking|Toxic Spikes|p1a: Fryden\n|-sidestart|p1: maybenotxand|move: Toxic Spikes\n|\n|-weather|SunnyDay|[upkeep]\n|-heal|p2a: Slowking|85\/100|[from] item: Black Sludge\n|upkeep\n|turn|5\n|\n|t:|1700878200\n|move|p1a: Fryden|Swords Dance|p1a: Fryden\n|-boost|p1a: Fryden|atk|2\n|move|p2a: Slowking|Sludge Bomb|p1a: Fryden\n|-resisted|p1a: Fryden\n|-damage|p1a: Fryden|73\/100\n|-status|p1a: Fryden|psn\n|\n|-weather|SunnyDay|[upkeep]\n|-heal|p2a: Slowking|91\/100|[from] item: Black Sludge\n|-damage|p1a: Fryden|61\/100 psn|[from] psn\n|upkeep\n|turn|6\n|\n|t:|1700878211\n|switch|p2a: Pelipper|Pelipper, F, shiny|46\/100\n|-weather|RainDance|[from] ability: Drizzle|[of] p2a: Pelipper\n|move|p1a: Fryden|Bitter Blade|p2a: Pelipper\n|-resisted|p2a: Pelipper\n|-damage|p2a: Pelipper|31\/100\n|-heal|p1a: Fryden|70\/100 psn|[from] drain|[of] p2a: Pelipper\n|\n|-weather|RainDance|[upkeep]\n|-damage|p1a: Fryden|57\/100 psn|[from] psn\n|upkeep\n|turn|7\n|\n|t:|1700878224\n|move|p1a: Fryden|Shadow Sneak|p2a: Pelipper\n|-damage|p2a: Pelipper|1\/100\n|move|p2a: Pelipper|Hurricane|p1a: Fryden\n|-damage|p1a: Fryden|15\/100 psn\n|\n|-weather|RainDance|[upkeep]\n|-damage|p1a: Fryden|3\/100 psn|[from] psn\n|upkeep\n|turn|8\n|\n|t:|1700878243\n|switch|p2a: Armarouge|Armarouge, F|100\/100\n|move|p1a: Fryden|Bitter Blade|p2a: Armarouge\n|-resisted|p2a: Armarouge\n|-damage|p2a: Armarouge|78\/100\n|-heal|p1a: Fryden|15\/100 psn|[from] drain|[of] p2a: Armarouge\n|-ability|p2a: Armarouge|Weak Armor|boost\n|-unboost|p2a: Armarouge|def|1\n|-boost|p2a: Armarouge|spe|2\n|\n|-weather|RainDance|[upkeep]\n|-damage|p1a: Fryden|3\/100 psn|[from] psn\n|upkeep\n|turn|9\n|\n|t:|1700878256\n|move|p2a: Armarouge|Tera Blast|p1a: Fryden\n|-immune|p1a: Fryden\n|move|p1a: Fryden|Bitter Blade|p2a: Armarouge\n|-resisted|p2a: Armarouge\n|-damage|p2a: Armarouge|42\/100\n|-heal|p1a: Fryden|23\/100 psn|[from] drain|[of] p2a: Armarouge\n|-ability|p2a: Armarouge|Weak Armor|boost\n|-unboost|p2a: Armarouge|def|1\n|-boost|p2a: Armarouge|spe|2\n|\n|-weather|RainDance|[upkeep]\n|-damage|p1a: Fryden|10\/100 psn|[from] psn\n|upkeep\n|turn|10\n|\n|t:|1700878269\n|-terastallize|p2a: Armarouge|Ghost\n|move|p1a: Fryden|Shadow Sneak|p2a: Armarouge\n|-supereffective|p2a: Armarouge\n|-damage|p2a: Armarouge|0 fnt\n|faint|p2a: Armarouge\n|\n|-weather|RainDance|[upkeep]\n|-damage|p1a: Fryden|0 fnt|[from] psn\n|faint|p1a: Fryden\n|upkeep\n|\n|t:|1700878297\n|switch|p1a: Piplott|Samurott-Hisui, F|100\/100\n|switch|p2a: Slowking|Slowking-Galar, M, shiny|100\/100\n|-status|p1a: Piplott|psn\n|turn|11\n|\n|t:|1700878319\n|switch|p2a: Landorus|Landorus-Therian, M, shiny|100\/100\n|-ability|p2a: Landorus|Intimidate|boost\n|-unboost|p1a: Piplott|atk|1\n|move|p1a: Piplott|Swords Dance|p1a: Piplott\n|-boost|p1a: Piplott|atk|2\n|\n|-weather|RainDance|[upkeep]\n|-damage|p1a: Piplott|88\/100 psn|[from] psn\n|upkeep\n|turn|12\n|\n|t:|1700878334\n|move|p2a: Landorus|Protect|p2a: Landorus\n|-singleturn|p2a: Landorus|Protect\n|move|p1a: Piplott|Aqua Cutter|p2a: Landorus\n|-activate|p2a: Landorus|move: Protect\n|\n|-weather|RainDance|[upkeep]\n|-damage|p1a: Piplott|76\/100 psn|[from] psn\n|upkeep\n|turn|13\n|\n|t:|1700878344\n|switch|p2a: Manaphy|Manaphy|100\/100\n|move|p1a: Piplott|Aqua Cutter|p2a: Manaphy\n|-resisted|p2a: Manaphy\n|-damage|p2a: Manaphy|46\/100\n|\n|-weather|none\n|-damage|p1a: Piplott|63\/100 psn|[from] psn\n|upkeep\n|turn|14\n|\n|t:|1700878356\n|move|p1a: Piplott|Sucker Punch|p2a: Manaphy\n|-damage|p2a: Manaphy|0 fnt\n|faint|p2a: Manaphy\n|\n|-damage|p1a: Piplott|51\/100 psn|[from] psn\n|upkeep\n|\n|t:|1700878364\n|switch|p2a: Rillaboom|Rillaboom, M|100\/100\n|-fieldstart|move: Grassy Terrain|[from] ability: Grassy Surge|[of] p2a: Rillaboom\n|turn|15\n|\n|t:|1700878368\n|move|p1a: Piplott|Sucker Punch|p2a: Rillaboom\n|-damage|p2a: Rillaboom|52\/100\n|move|p2a: Rillaboom|Drum Beating|p1a: Piplott\n|-supereffective|p1a: Piplott\n|-damage|p1a: Piplott|0 fnt\n|faint|p1a: Piplott\n|\n|-heal|p2a: Rillaboom|58\/100|[from] Grassy Terrain\n|-heal|p2a: Rillaboom|64\/100|[from] item: Leftovers\n|upkeep\n|\n|t:|1700878380\n|switch|p1a: Reaper|Scizor, M|100\/100\n|turn|16\n|\n|t:|1700878386\n|move|p2a: Rillaboom|Brick Break|p1a: Reaper\n|-damage|p1a: Reaper|71\/100\n|move|p1a: Reaper|Tailwind|p1a: Reaper\n|-sidestart|p1: maybenotxand|move: Tailwind\n|\n|-heal|p1a: Reaper|77\/100|[from] Grassy Terrain\n|-heal|p2a: Rillaboom|70\/100|[from] Grassy Terrain\n|-heal|p2a: Rillaboom|76\/100|[from] item: Leftovers\n|upkeep\n|turn|17\n|\n|t:|1700878403\n|switch|p2a: Landorus|Landorus-Therian, M, shiny|100\/100\n|-ability|p2a: Landorus|Intimidate|boost\n|-unboost|p1a: Reaper|atk|1\n|move|p1a: Reaper|Bullet Punch|p2a: Landorus\n|-damage|p2a: Landorus|80\/100\n|-damage|p1a: Reaper|67\/100|[from] item: Life Orb\n|\n|-heal|p1a: Reaper|73\/100|[from] Grassy Terrain\n|upkeep\n|turn|18\n|\n|t:|1700878420\n|switch|p1a: Jetlag|Iron Valiant, shiny|100\/100\n|-status|p1a: Jetlag|psn\n|move|p2a: Landorus|Earthquake|p1a: Jetlag\n|-damage|p1a: Jetlag|70\/100 psn\n|\n|-heal|p1a: Jetlag|76\/100 psn|[from] Grassy Terrain\n|-damage|p1a: Jetlag|64\/100 psn|[from] psn\n|upkeep\n|turn|19\n|\n|t:|1700878439\n|move|p1a: Jetlag|Shadow Ball|p2a: Landorus\n|-damage|p2a: Landorus|30\/100\n|-unboost|p2a: Landorus|spd|1\n|move|p2a: Landorus|Stealth Rock|p1a: Jetlag\n|-sidestart|p1: maybenotxand|move: Stealth Rock\n|\n|-heal|p1a: Jetlag|70\/100 psn|[from] Grassy Terrain\n|-damage|p1a: Jetlag|58\/100 psn|[from] psn\n|-sideend|p1: maybenotxand|move: Tailwind\n|-fieldend|move: Grassy Terrain\n|upkeep\n|turn|20\n|\n|t:|1700878452\n|switch|p2a: Slowking|Slowking-Galar, M, shiny|100\/100\n|move|p1a: Jetlag|Shadow Ball|p2a: Slowking\n|-supereffective|p2a: Slowking\n|-damage|p2a: Slowking|42\/100\n|\n|-heal|p2a: Slowking|48\/100|[from] item: Black Sludge\n|-damage|p1a: Jetlag|45\/100 psn|[from] psn\n|upkeep\n|turn|21\n|\n|t:|1700878470\n|switch|p2a: Rillaboom|Rillaboom, M|76\/100\n|-fieldstart|move: Grassy Terrain|[from] ability: Grassy Surge|[of] p2a: Rillaboom\n|move|p1a: Jetlag|Shadow Ball|p2a: Rillaboom\n|-damage|p2a: Rillaboom|20\/100\n|-unboost|p2a: Rillaboom|spd|1\n|\n|-heal|p1a: Jetlag|51\/100 psn|[from] Grassy Terrain\n|-heal|p2a: Rillaboom|26\/100|[from] Grassy Terrain\n|-heal|p2a: Rillaboom|32\/100|[from] item: Leftovers\n|-damage|p1a: Jetlag|39\/100 psn|[from] psn\n|upkeep\n|turn|22\n|\n|t:|1700878487\n|move|p2a: Rillaboom|Protect|p2a: Rillaboom\n|-singleturn|p2a: Rillaboom|Protect\n|move|p1a: Jetlag|Shadow Ball|p2a: Rillaboom\n|-activate|p2a: Rillaboom|move: Protect\n|\n|-heal|p1a: Jetlag|45\/100 psn|[from] Grassy Terrain\n|-heal|p2a: Rillaboom|38\/100|[from] Grassy Terrain\n|-heal|p2a: Rillaboom|44\/100|[from] item: Leftovers\n|-damage|p1a: Jetlag|33\/100 psn|[from] psn\n|upkeep\n|turn|23\n|\n|t:|1700878517\n|switch|p2a: Slowking|Slowking-Galar, M, shiny|81\/100\n|move|p1a: Jetlag|Shadow Ball|p2a: Slowking\n|-supereffective|p2a: Slowking\n|-damage|p2a: Slowking|17\/100\n|\n|-heal|p1a: Jetlag|39\/100 psn|[from] Grassy Terrain\n|-heal|p2a: Slowking|23\/100|[from] Grassy Terrain\n|-heal|p2a: Slowking|29\/100|[from] item: Black Sludge\n|-damage|p1a: Jetlag|26\/100 psn|[from] psn\n|upkeep\n|turn|24\n|\n|t:|1700878531\n|-end|p1a: Jetlag|Quark Drive|[silent]\n|switch|p1a: Reaper|Scizor, M|73\/100\n|-damage|p1a: Reaper|60\/100|[from] Stealth Rock\n|move|p2a: Slowking|Psychic|p1a: Reaper\n|-resisted|p1a: Reaper\n|-damage|p1a: Reaper|26\/100\n|\n|-heal|p1a: Reaper|32\/100|[from] Grassy Terrain\n|-heal|p2a: Slowking|35\/100|[from] Grassy Terrain\n|-heal|p2a: Slowking|41\/100|[from] item: Black Sludge\n|upkeep\n|turn|25\n|\n|t:|1700878545\n|switch|p2a: Landorus|Landorus-Therian, M, shiny|30\/100\n|-ability|p2a: Landorus|Intimidate|boost\n|-unboost|p1a: Reaper|atk|1\n|move|p1a: Reaper|Bullet Punch|p2a: Landorus\n|-damage|p2a: Landorus|7\/100\n|-damage|p1a: Reaper|22\/100|[from] item: Life Orb\n|\n|-heal|p1a: Reaper|29\/100|[from] Grassy Terrain\n|-fieldend|move: Grassy Terrain\n|upkeep\n|turn|26\n|\n|t:|1700878557\n|move|p2a: Landorus|Protect|p2a: Landorus\n|-singleturn|p2a: Landorus|Protect\n|move|p1a: Reaper|Bullet Punch|p2a: Landorus\n|-activate|p2a: Landorus|move: Protect\n|\n|upkeep\n|turn|27\n|\n|t:|1700878564\n|switch|p2a: Rillaboom|Rillaboom, M|44\/100\n|-fieldstart|move: Grassy Terrain|[from] ability: Grassy Surge|[of] p2a: Rillaboom\n|move|p1a: Reaper|Bullet Punch|p2a: Rillaboom\n|-damage|p2a: Rillaboom|12\/100\n|-damage|p1a: Reaper|18\/100|[from] item: Life Orb\n|\n|-heal|p2a: Rillaboom|18\/100|[from] Grassy Terrain\n|-heal|p2a: Rillaboom|25\/100|[from] item: Leftovers\n|-heal|p1a: Reaper|24\/100|[from] Grassy Terrain\n|upkeep\n|turn|28\n|\n|t:|1700878581\n|move|p1a: Reaper|Bullet Punch|p2a: Rillaboom\n|-crit|p2a: Rillaboom\n|-damage|p2a: Rillaboom|0 fnt\n|faint|p2a: Rillaboom\n|-damage|p1a: Reaper|15\/100|[from] item: Life Orb\n|\n|-heal|p1a: Reaper|20\/100|[from] Grassy Terrain\n|upkeep\n|\n|t:|1700878588\n|switch|p2a: Slowking|Slowking-Galar, M, shiny|75\/100\n|turn|29\n|\n|t:|1700878593\n|move|p1a: Reaper|Close Combat|p2a: Slowking\n|-resisted|p2a: Slowking\n|-damage|p2a: Slowking|64\/100\n|-unboost|p1a: Reaper|def|1\n|-unboost|p1a: Reaper|spd|1\n|-damage|p1a: Reaper|10\/100|[from] item: Life Orb\n|move|p2a: Slowking|Psychic|p1a: Reaper\n|-resisted|p1a: Reaper\n|-damage|p1a: Reaper|0 fnt\n|faint|p1a: Reaper\n|\n|-heal|p2a: Slowking|71\/100|[from] Grassy Terrain\n|-heal|p2a: Slowking|77\/100|[from] item: Black Sludge\n|upkeep\n|\n|t:|1700878610\n|switch|p1a: L Pokemon|Meowscarada, F|73\/100\n|-status|p1a: L Pokemon|psn\n|-damage|p1a: L Pokemon|60\/100 psn|[from] Stealth Rock\n|turn|30\n|\n|t:|1700878618\n|-terastallize|p1a: L Pokemon|Fairy\n|move|p1a: L Pokemon|Shadow Claw|p2a: Slowking\n|-supereffective|p2a: Slowking\n|-damage|p2a: Slowking|4\/100\n|move|p2a: Slowking|Sludge Bomb|p1a: L Pokemon\n|-supereffective|p1a: L Pokemon\n|-damage|p1a: L Pokemon|0 fnt\n|faint|p1a: L Pokemon\n|\n|-heal|p2a: Slowking|10\/100|[from] Grassy Terrain\n|-heal|p2a: Slowking|16\/100|[from] item: Black Sludge\n|upkeep\n|\n|t:|1700878630\n|switch|p1a: Hot Turtle|Torkoal, F, shiny|100\/100\n|-status|p1a: Hot Turtle|psn\n|-damage|p1a: Hot Turtle|76\/100 psn|[from] Stealth Rock\n|-weather|SunnyDay|[from] ability: Drought|[of] p1a: Hot Turtle\n|turn|31\n|\n|t:|1700878645\n|move|p2a: Slowking|Sludge Bomb|p1a: Hot Turtle\n|-damage|p1a: Hot Turtle|38\/100 psn\n|move|p1a: Hot Turtle|Will-O-Wisp|p2a: Slowking\n|-status|p2a: Slowking|brn\n|\n|-weather|SunnyDay|[upkeep]\n|-heal|p2a: Slowking|22\/100 brn|[from] Grassy Terrain\n|-heal|p2a: Slowking|28\/100 brn|[from] item: Black Sludge\n|-heal|p1a: Hot Turtle|44\/100 psn|[from] Grassy Terrain\n|-damage|p1a: Hot Turtle|32\/100 psn|[from] psn\n|-damage|p2a: Slowking|22\/100 brn|[from] brn\n|-fieldend|move: Grassy Terrain\n|upkeep\n|turn|32\n|\n|t:|1700878670\n|move|p2a: Slowking|Psychic|p1a: Hot Turtle\n|-damage|p1a: Hot Turtle|0 fnt\n|faint|p1a: Hot Turtle\n|\n|-weather|SunnyDay|[upkeep]\n|-heal|p2a: Slowking|28\/100 brn|[from] item: Black Sludge\n|-damage|p2a: Slowking|22\/100 brn|[from] brn\n|upkeep\n|\n|t:|1700878676\n|switch|p1a: Jetlag|Iron Valiant, shiny|26\/100 psn\n|-damage|p1a: Jetlag|20\/100 psn|[from] Stealth Rock\n|turn|33\n|\n|t:|1700878701\n|switch|p2a: Pelipper|Pelipper, F, shiny|1\/100\n|-weather|RainDance|[from] ability: Drizzle|[of] p2a: Pelipper\n|move|p1a: Jetlag|Shadow Ball|p2a: Pelipper\n|-damage|p2a: Pelipper|0 fnt\n|faint|p2a: Pelipper\n|\n|-weather|RainDance|[upkeep]\n|-damage|p1a: Jetlag|8\/100 psn|[from] psn\n|upkeep\n|\n|t:|1700878710\n|switch|p2a: Landorus|Landorus-Therian, M, shiny|7\/100\n|-ability|p2a: Landorus|Intimidate|boost\n|-unboost|p1a: Jetlag|atk|1\n|turn|34\n|\n|t:|1700878714\n|move|p2a: Landorus|Protect|p2a: Landorus\n|-singleturn|p2a: Landorus|Protect\n|move|p1a: Jetlag|Shadow Ball|p2a: Landorus\n|-activate|p2a: Landorus|move: Protect\n|\n|-weather|RainDance|[upkeep]\n|-damage|p1a: Jetlag|0 fnt|[from] psn\n|faint|p1a: Jetlag\n|-end|p1a: Jetlag|Quark Drive|[silent]\n|\n|win|Jo Seph GD\n|upkeep\n","uploadtime":1700878726,"views":2,"p1id":"maybenotxand","p2id":"josephgd","formatid":"gen9ou","rating":0,"private":0,"password":""}