{"id":"gen9ou-1992315085","p1":"jokingjester3","p2":"Tubaguia_Ofc","format":"[Gen 9] OU","log":"|j|\u2606jokingjester3\n|j|\u2606Tubaguia_Ofc\n|t:|1700173834\n|gametype|singles\n|player|p1|jokingjester3|266|\n|player|p2|Tubaguia_Ofc|iris-gen5bw2|\n|teamsize|p1|6\n|teamsize|p2|6\n|gen|9\n|tier|[Gen 9] OU\n|rule|Sleep Clause Mod: Limit one foe put to sleep\n|rule|Species Clause: Limit one of each Pok\u00e9mon\n|rule|OHKO Clause: OHKO moves are banned\n|rule|Evasion Items Clause: Evasion items are banned\n|rule|Evasion Moves Clause: Evasion moves are banned\n|rule|Endless Battle Clause: Forcing endless battles is banned\n|rule|HP Percentage Mod: HP is shown in percentages\n|clearpoke\n|poke|p1|Ogerpon-Cornerstone, F|\n|poke|p1|Glimmora, M|\n|poke|p1|Arcanine-Hisui, M|\n|poke|p1|Diancie|\n|poke|p1|Tyranitar, M|\n|poke|p1|Garganacl, F|\n|poke|p2|Heatran, M|\n|poke|p2|Iron Treads|\n|poke|p2|Gholdengo|\n|poke|p2|Scizor, F|\n|poke|p2|Kingambit, F|\n|poke|p2|Corviknight, M|\n|teampreview\n|inactive|Battle timer is ON: inactive players will automatically lose when time's up. (requested by jokingjester3)\n|\n|t:|1700173856\n|start\n|switch|p1a: Diancie|Diancie|100\/100\n|switch|p2a: Fire blob :3|Heatran, M, shiny|100\/100\n|turn|1\n|\n|t:|1700173861\n|move|p2a: Fire blob :3|Earth Power|p1a: Diancie\n|-supereffective|p1a: Diancie\n|-damage|p1a: Diancie|57\/100\n|-enditem|p1a: Diancie|Weakness Policy\n|-boost|p1a: Diancie|atk|2|[from] item: Weakness Policy\n|-boost|p1a: Diancie|spa|2|[from] item: Weakness Policy\n|move|p1a: Diancie|Trick Room|p1a: Diancie\n|-fieldstart|move: Trick Room|[of] p1a: Diancie\n|\n|upkeep\n|turn|2\n|j| Sencopion\n|\n|t:|1700173881\n|move|p1a: Diancie|Body Press|p2a: Fire blob :3\n|-supereffective|p2a: Fire blob :3\n|-enditem|p2a: Fire blob :3|Chople Berry|[eat]\n|-enditem|p2a: Fire blob :3|Chople Berry|[weaken]\n|-damage|p2a: Fire blob :3|80\/100\n|move|p2a: Fire blob :3|Flash Cannon|p1a: Diancie\n|-supereffective|p1a: Diancie\n|-damage|p1a: Diancie|0 fnt\n|faint|p1a: Diancie\n|\n|upkeep\n|\n|t:|1700173889\n|switch|p1a: Garganacl|Garganacl, F|100\/100\n|turn|3\n|\n|t:|1700173906\n|switch|p2a: Golden radiance|Gholdengo, shiny|100\/100\n|move|p1a: Garganacl|Salt Cure|p2a: Golden radiance\n|-resisted|p2a: Golden radiance\n|-damage|p2a: Golden radiance|94\/100\n|-start|p2a: Golden radiance|Salt Cure\n|\n|-damage|p2a: Golden radiance|69\/100|[from] Salt Cure\n|upkeep\n|turn|4\n|\n|t:|1700173918\n|move|p1a: Garganacl|Earthquake|p2a: Golden radiance\n|-supereffective|p2a: Golden radiance\n|-crit|p2a: Golden radiance\n|-enditem|p2a: Golden radiance|Shuca Berry|[eat]\n|-enditem|p2a: Golden radiance|Shuca Berry|[weaken]\n|-damage|p2a: Golden radiance|35\/100\n|move|p2a: Golden radiance|Thunder Wave|p1a: Garganacl|[miss]\n|-miss|p2a: Golden radiance|p1a: Garganacl\n|\n|-damage|p2a: Golden radiance|10\/100|[from] Salt Cure\n|upkeep\n|turn|5\n|j| LogIce\n|\n|t:|1700173929\n|switch|p2a: Birb|Corviknight, M, shiny|100\/100\n|-ability|p2a: Birb|Pressure\n|move|p1a: Garganacl|Curse|p1a: Garganacl\n|-unboost|p1a: Garganacl|spe|1\n|-boost|p1a: Garganacl|atk|1\n|-boost|p1a: Garganacl|def|1\n|\n|-fieldend|move: Trick Room\n|upkeep\n|turn|6\n|\n|t:|1700173942\n|switch|p2a: Fire blob :3|Heatran, M, shiny|80\/100\n|move|p1a: Garganacl|Salt Cure|p2a: Fire blob :3\n|-damage|p2a: Fire blob :3|65\/100\n|-start|p2a: Fire blob :3|Salt Cure\n|\n|-damage|p2a: Fire blob :3|40\/100|[from] Salt Cure\n|upkeep\n|turn|7\n|\n|t:|1700173951\n|move|p2a: Fire blob :3|Flash Cannon|p1a: Garganacl\n|-supereffective|p1a: Garganacl\n|-damage|p1a: Garganacl|30\/100\n|move|p1a: Garganacl|Earthquake|p2a: Fire blob :3\n|-supereffective|p2a: Fire blob :3\n|-damage|p2a: Fire blob :3|0 fnt\n|faint|p2a: Fire blob :3\n|\n|-heal|p1a: Garganacl|36\/100|[from] item: Leftovers\n|upkeep\n|\n|t:|1700173964\n|switch|p2a: Spin round round|Iron Treads, shiny|100\/100\n|-enditem|p2a: Spin round round|Booster Energy\n|-activate|p2a: Spin round round|ability: Quark Drive|[fromitem]\n|-start|p2a: Spin round round|quarkdrivespe\n|turn|8\n|\n|t:|1700173974\n|move|p2a: Spin round round|Earthquake|p1a: Garganacl\n|-supereffective|p1a: Garganacl\n|-damage|p1a: Garganacl|4\/100\n|move|p1a: Garganacl|Salt Cure|p2a: Spin round round\n|-resisted|p2a: Spin round round\n|-damage|p2a: Spin round round|96\/100\n|-start|p2a: Spin round round|Salt Cure\n|\n|-heal|p1a: Garganacl|10\/100|[from] item: Leftovers\n|-damage|p2a: Spin round round|71\/100|[from] Salt Cure\n|upkeep\n|turn|9\n|\n|t:|1700173988\n|move|p2a: Spin round round|Iron Head|p1a: Garganacl\n|-supereffective|p1a: Garganacl\n|-damage|p1a: Garganacl|0 fnt\n|faint|p1a: Garganacl\n|\n|-damage|p2a: Spin round round|46\/100|[from] Salt Cure\n|upkeep\n|\n|t:|1700173994\n|switch|p1a: Tyranitar|Tyranitar, M|100\/100\n|-weather|Sandstorm|[from] ability: Sand Stream|[of] p1a: Tyranitar\n|turn|10\n|\n|t:|1700174003\n|move|p2a: Spin round round|Volt Switch|p1a: Tyranitar\n|-damage|p1a: Tyranitar|95\/100\n|\n|t:|1700174015\n|-end|p2a: Spin round round|Quark Drive|[silent]\n|switch|p2a: Birb|Corviknight, M, shiny|100\/100|[from] Volt Switch\n|-ability|p2a: Birb|Pressure\n|move|p1a: Tyranitar|Earthquake|p2a: Birb\n|-immune|p2a: Birb\n|\n|-weather|Sandstorm|[upkeep]\n|-heal|p1a: Tyranitar|100\/100|[from] item: Leftovers\n|upkeep\n|turn|11\n|\n|t:|1700174022\n|move|p2a: Birb|Iron Defense|p2a: Birb\n|-boost|p2a: Birb|def|2\n|move|p1a: Tyranitar|Stealth Rock|p2a: Birb\n|-sidestart|p2: Tubaguia_Ofc|move: Stealth Rock\n|\n|-weather|Sandstorm|[upkeep]\n|upkeep\n|turn|12\n|\n|t:|1700174029\n|move|p2a: Birb|Tailwind|p2a: Birb\n|-sidestart|p2: Tubaguia_Ofc|move: Tailwind\n|move|p1a: Tyranitar|Stone Edge|p2a: Birb\n|-damage|p2a: Birb|78\/100\n|\n|-weather|Sandstorm|[upkeep]\n|-heal|p2a: Birb|84\/100|[from] item: Leftovers\n|upkeep\n|turn|13\n|\n|t:|1700174039\n|move|p2a: Birb|Body Press|p1a: Tyranitar\n|-supereffective|p1a: Tyranitar\n|-damage|p1a: Tyranitar|0 fnt\n|faint|p1a: Tyranitar\n|\n|-weather|Sandstorm|[upkeep]\n|-heal|p2a: Birb|90\/100|[from] item: Leftovers\n|upkeep\n|\n|t:|1700174052\n|switch|p1a: Glimmora|Glimmora, M|100\/100\n|turn|14\n|\n|t:|1700174069\n|move|p1a: Glimmora|Power Gem|p2a: Birb\n|-damage|p2a: Birb|51\/100\n|move|p2a: Birb|Iron Defense|p2a: Birb\n|-boost|p2a: Birb|def|2\n|\n|-weather|none\n|-heal|p2a: Birb|57\/100|[from] item: Leftovers\n|upkeep\n|turn|15\n|\n|t:|1700174080\n|move|p1a: Glimmora|Power Gem|p2a: Birb\n|-damage|p2a: Birb|20\/100\n|move|p2a: Birb|Roost|p2a: Birb\n|-heal|p2a: Birb|70\/100\n|-singleturn|p2a: Birb|move: Roost\n|\n|-heal|p2a: Birb|76\/100|[from] item: Leftovers\n|-sideend|p2: Tubaguia_Ofc|move: Tailwind\n|upkeep\n|turn|16\n|\n|t:|1700174086\n|move|p1a: Glimmora|Power Gem|p2a: Birb\n|-damage|p2a: Birb|36\/100\n|move|p2a: Birb|Body Press|p1a: Glimmora\n|-damage|p1a: Glimmora|10\/100\n|-activate|p1a: Glimmora|ability: Toxic Debris\n|-sidestart|p2: Tubaguia_Ofc|move: Toxic Spikes\n|\n|-heal|p2a: Birb|42\/100|[from] item: Leftovers\n|upkeep\n|turn|17\n|\n|t:|1700174096\n|move|p1a: Glimmora|Power Gem|p2a: Birb\n|-damage|p2a: Birb|2\/100\n|move|p2a: Birb|Body Press|p1a: Glimmora\n|-crit|p1a: Glimmora\n|-damage|p1a: Glimmora|0 fnt\n|-activate|p1a: Glimmora|ability: Toxic Debris\n|-sidestart|p2: Tubaguia_Ofc|move: Toxic Spikes\n|faint|p1a: Glimmora\n|\n|-heal|p2a: Birb|8\/100|[from] item: Leftovers\n|upkeep\n|\n|t:|1700174102\n|switch|p1a: Arcanine|Arcanine-Hisui, M|100\/100\n|turn|18\n|\n|t:|1700174107\n|move|p1a: Arcanine|Extreme Speed|p2a: Birb\n|-resisted|p2a: Birb\n|-damage|p2a: Birb|4\/100\n|move|p2a: Birb|Tailwind|p2a: Birb\n|-sidestart|p2: Tubaguia_Ofc|move: Tailwind\n|\n|-heal|p2a: Birb|10\/100|[from] item: Leftovers\n|upkeep\n|turn|19\n|\n|t:|1700174112\n|switch|p1a: Ogerpon|Ogerpon-Cornerstone, F|100\/100\n|move|p2a: Birb|Body Press|p1a: Ogerpon\n|-supereffective|p1a: Ogerpon\n|-ability|p1a: Ogerpon|Sturdy\n|-damage|p1a: Ogerpon|1\/100\n|\n|-heal|p2a: Birb|16\/100|[from] item: Leftovers\n|upkeep\n|turn|20\n|\n|t:|1700174119\n|move|p1a: Ogerpon|Ivy Cudgel|p2a: Birb|[anim] Ivy Cudgel Rock\n|-damage|p2a: Birb|2\/100\n|move|p2a: Birb|Body Press|p1a: Ogerpon\n|-supereffective|p1a: Ogerpon\n|-damage|p1a: Ogerpon|0 fnt\n|faint|p1a: Ogerpon\n|\n|-heal|p2a: Birb|8\/100|[from] item: Leftovers\n|upkeep\n|\n|t:|1700174122\n|switch|p1a: Arcanine|Arcanine-Hisui, M|100\/100\n|turn|21\n|\n|t:|1700174126\n|move|p2a: Birb|Roost|p2a: Birb\n|-heal|p2a: Birb|58\/100\n|-singleturn|p2a: Birb|move: Roost\n|move|p1a: Arcanine|Flare Blitz|p2a: Birb\n|-supereffective|p2a: Birb\n|-damage|p2a: Birb|17\/100\n|\n|-heal|p2a: Birb|23\/100|[from] item: Leftovers\n|-sideend|p2: Tubaguia_Ofc|move: Tailwind\n|upkeep\n|turn|22\n|\n|t:|1700174140\n|move|p1a: Arcanine|Flare Blitz|p2a: Birb\n|-supereffective|p2a: Birb\n|-damage|p2a: Birb|0 fnt\n|faint|p2a: Birb\n|\n|upkeep\n|\n|t:|1700174158\n|switch|p2a: Spin round round|Iron Treads, shiny|46\/100\n|-damage|p2a: Spin round round|43\/100|[from] Stealth Rock\n|turn|23\n|\n|t:|1700174162\n|move|p2a: Spin round round|Earthquake|p1a: Arcanine\n|-supereffective|p1a: Arcanine\n|-damage|p1a: Arcanine|0 fnt\n|faint|p1a: Arcanine\n|\n|win|Tubaguia_Ofc\n|c|\u2606Tubaguia_Ofc|Gg\n","uploadtime":1700174170,"views":39,"p1id":"jokingjester3","p2id":"tubaguiaofc","formatid":"gen9ou","rating":0,"private":0,"password":""}