{"id":"gen9ou-1989352570","p1":"pizzadeliverygirl","p2":"swumpy mumpus","format":"[Gen 9] OU","log":"|j|\u2606pizzadeliverygirl\n|j|\u2606swumpy mumpus\n|t:|1699839712\n|gametype|singles\n|player|p1|pizzadeliverygirl|may-masters|1612\n|player|p2|swumpy mumpus|169|1667\n|teamsize|p1|6\n|teamsize|p2|6\n|gen|9\n|tier|[Gen 9] OU\n|rated|\n|rule|Sleep Clause Mod: Limit one foe put to sleep\n|rule|Species Clause: Limit one of each Pok\u00e9mon\n|rule|OHKO Clause: OHKO moves are banned\n|rule|Evasion Items Clause: Evasion items are banned\n|rule|Evasion Moves Clause: Evasion moves are banned\n|rule|Endless Battle Clause: Forcing endless battles is banned\n|rule|HP Percentage Mod: HP is shown in percentages\n|clearpoke\n|poke|p1|Garganacl, F|\n|poke|p1|Zamazenta-*|\n|poke|p1|Forretress, M|\n|poke|p1|Dondozo, F|\n|poke|p1|Clefable, F|\n|poke|p1|Mismagius, M|\n|poke|p2|Great Tusk|\n|poke|p2|Rotom-Wash|\n|poke|p2|Rillaboom, M|\n|poke|p2|Dragapult, M|\n|poke|p2|Fezandipiti, M|\n|poke|p2|Sneasler, F|\n|teampreview\n|j| FaronAan\n|j| FatherSuperior7\n|inactive|Battle timer is ON: inactive players will automatically lose when time's up. (requested by swumpy mumpus)\n|inactive|pizzadeliverygirl has 120 seconds left.\n|\n|t:|1699839773\n|start\n|switch|p1a: Mismagius|Mismagius, M|100\/100\n|switch|p2a: Dragapult|Dragapult, M|100\/100\n|turn|1\n|\n|t:|1699839779\n|move|p1a: Mismagius|Shadow Ball|p2a: Dragapult\n|-supereffective|p2a: Dragapult\n|-damage|p2a: Dragapult|0 fnt\n|faint|p2a: Dragapult\n|\n|upkeep\n|\n|t:|1699839785\n|switch|p2a: Fezandipiti|Fezandipiti, M|100\/100\n|turn|2\n|\n|t:|1699839790\n|switch|p1a: Forretress|Forretress, M|100\/100\n|move|p2a: Fezandipiti|U-turn|p1a: Forretress\n|-resisted|p1a: Forretress\n|-damage|p1a: Forretress|97\/100\n|\n|t:|1699839795\n|switch|p2a: Rotom|Rotom-Wash|100\/100|[from] U-turn\n|\n|-heal|p1a: Forretress|100\/100|[from] item: Leftovers\n|upkeep\n|turn|3\n|\n|t:|1699839805\n|switch|p1a: Clefable|Clefable, F|100\/100\n|move|p2a: Rotom|Hydro Pump|p1a: Clefable\n|-damage|p1a: Clefable|73\/100\n|\n|upkeep\n|turn|4\n|\n|t:|1699839808\n|move|p2a: Rotom|Thunder Wave|p1a: Clefable\n|-status|p1a: Clefable|par\n|cant|p1a: Clefable|par\n|\n|upkeep\n|turn|5\n|\n|t:|1699839813\n|move|p2a: Rotom|Volt Switch|p1a: Clefable\n|-damage|p1a: Clefable|57\/100 par\n|\n|t:|1699839816\n|switch|p2a: Rillaboom|Rillaboom, M|100\/100|[from] Volt Switch\n|-fieldstart|move: Grassy Terrain|[from] ability: Grassy Surge|[of] p2a: Rillaboom\n|move|p1a: Clefable|Wish|p1a: Clefable\n|\n|-heal|p1a: Clefable|63\/100 par|[from] Grassy Terrain\n|upkeep\n|turn|6\n|\n|t:|1699839822\n|move|p1a: Clefable|Protect|p1a: Clefable\n|-singleturn|p1a: Clefable|Protect\n|move|p2a: Rillaboom|Knock Off|p1a: Clefable\n|-activate|p1a: Clefable|move: Protect\n|\n|-heal|p1a: Clefable|100\/100 par|[from] move: Wish|[wisher] Clefable\n|upkeep\n|turn|7\n|\n|t:|1699839841\n|switch|p1a: Forretress|Forretress, M|100\/100\n|move|p2a: Rillaboom|Knock Off|p1a: Forretress\n|-damage|p1a: Forretress|69\/100\n|-enditem|p1a: Forretress|Leftovers|[from] move: Knock Off|[of] p2a: Rillaboom\n|\n|-heal|p1a: Forretress|76\/100|[from] Grassy Terrain\n|upkeep\n|turn|8\n|\n|t:|1699839848\n|switch|p2a: Rotom|Rotom-Wash|100\/100\n|move|p1a: Forretress|Volt Switch|p2a: Rotom\n|-damage|p2a: Rotom|93\/100\n|\n|t:|1699839852\n|switch|p1a: Garganacl|Garganacl, F|100\/100|[from] Volt Switch\n|\n|-heal|p2a: Rotom|99\/100|[from] item: Leftovers\n|upkeep\n|turn|9\n|\n|t:|1699839858\n|move|p2a: Rotom|Hydro Pump|p1a: Garganacl\n|-supereffective|p1a: Garganacl\n|-damage|p1a: Garganacl|25\/100\n|move|p1a: Garganacl|Salt Cure|p2a: Rotom\n|-damage|p2a: Rotom|84\/100\n|-start|p2a: Rotom|Salt Cure\n|\n|-heal|p2a: Rotom|90\/100|[from] item: Leftovers\n|-heal|p1a: Garganacl|31\/100|[from] Grassy Terrain\n|-heal|p1a: Garganacl|37\/100|[from] item: Leftovers\n|-damage|p2a: Rotom|65\/100|[from] Salt Cure\n|-fieldend|move: Grassy Terrain\n|upkeep\n|turn|10\n|\n|t:|1699839861\n|move|p1a: Garganacl|Protect|p1a: Garganacl\n|-singleturn|p1a: Garganacl|Protect\n|move|p2a: Rotom|Volt Switch|p1a: Garganacl\n|-activate|p1a: Garganacl|move: Protect\n|\n|-heal|p2a: Rotom|71\/100|[from] item: Leftovers\n|-heal|p1a: Garganacl|43\/100|[from] item: Leftovers\n|-damage|p2a: Rotom|46\/100|[from] Salt Cure\n|upkeep\n|turn|11\n|\n|t:|1699839869\n|move|p2a: Rotom|Volt Switch|p1a: Garganacl\n|-damage|p1a: Garganacl|19\/100\n|\n|t:|1699839871\n|switch|p2a: Great Tusk|Great Tusk, shiny|100\/100|[from] Volt Switch\n|move|p1a: Garganacl|Recover|p1a: Garganacl\n|-heal|p1a: Garganacl|69\/100\n|\n|-heal|p1a: Garganacl|75\/100|[from] item: Leftovers\n|upkeep\n|turn|12\n|\n|t:|1699839878\n|switch|p1a: Dondozo|Dondozo, F|100\/100\n|move|p2a: Great Tusk|Stealth Rock|p1a: Dondozo\n|-sidestart|p1: pizzadeliverygirl|move: Stealth Rock\n|\n|upkeep\n|turn|13\n|\n|t:|1699839884\n|-end|p2a: Great Tusk|Protosynthesis|[silent]\n|switch|p2a: Rotom|Rotom-Wash|46\/100\n|switch|p1a: Forretress|Forretress, M|76\/100\n|-damage|p1a: Forretress|63\/100|[from] Stealth Rock\n|\n|-heal|p2a: Rotom|52\/100|[from] item: Leftovers\n|upkeep\n|turn|14\n|\n|t:|1699839886\n|move|p2a: Rotom|Hydro Pump|p1a: Forretress\n|-damage|p1a: Forretress|10\/100\n|move|p1a: Forretress|Rapid Spin|p2a: Rotom\n|-damage|p2a: Rotom|42\/100\n|-boost|p1a: Forretress|spe|1\n|-sideend|p1: pizzadeliverygirl|Stealth Rock|[from] move: Rapid Spin|[of] p1a: Forretress\n|\n|-heal|p2a: Rotom|48\/100|[from] item: Leftovers\n|upkeep\n|turn|15\n|\n|t:|1699839894\n|switch|p1a: Dondozo|Dondozo, F|100\/100\n|move|p2a: Rotom|Volt Switch|p1a: Dondozo\n|-supereffective|p1a: Dondozo\n|-crit|p1a: Dondozo\n|-damage|p1a: Dondozo|30\/100\n|\n|t:|1699839897\n|switch|p2a: Rillaboom|Rillaboom, M|100\/100|[from] Volt Switch\n|-fieldstart|move: Grassy Terrain|[from] ability: Grassy Surge|[of] p2a: Rillaboom\n|\n|-heal|p1a: Dondozo|36\/100|[from] Grassy Terrain\n|-heal|p1a: Dondozo|42\/100|[from] item: Leftovers\n|upkeep\n|turn|16\n|\n|t:|1699839904\n|switch|p1a: Zamazenta|Zamazenta|100\/100\n|-ability|p1a: Zamazenta|Dauntless Shield|boost\n|-boost|p1a: Zamazenta|def|1\n|-terastallize|p2a: Rillaboom|Grass\n|move|p2a: Rillaboom|Wood Hammer|p1a: Zamazenta\n|-damage|p1a: Zamazenta|0 fnt\n|faint|p1a: Zamazenta\n|-damage|p2a: Rillaboom|69\/100|[from] Recoil\n|\n|-heal|p2a: Rillaboom|75\/100|[from] Grassy Terrain\n|upkeep\n|\n|t:|1699839910\n|switch|p1a: Mismagius|Mismagius, M|100\/100\n|turn|17\n|\n|t:|1699839917\n|switch|p2a: Fezandipiti|Fezandipiti, M|100\/100\n|move|p1a: Mismagius|Shadow Ball|p2a: Fezandipiti\n|-damage|p2a: Fezandipiti|74\/100\n|\n|-heal|p2a: Fezandipiti|80\/100|[from] Grassy Terrain\n|upkeep\n|turn|18\n|\n|t:|1699839923\n|move|p1a: Mismagius|Shadow Ball|p2a: Fezandipiti\n|-damage|p2a: Fezandipiti|53\/100\n|move|p2a: Fezandipiti|U-turn|p1a: Mismagius\n|-resisted|p1a: Mismagius\n|-damage|p1a: Mismagius|87\/100\n|\n|t:|1699839927\n|switch|p2a: Rotom|Rotom-Wash|48\/100|[from] U-turn\n|\n|-heal|p2a: Rotom|54\/100|[from] item: Leftovers\n|upkeep\n|turn|19\n|\n|t:|1699839930\n|move|p2a: Rotom|Protect|p2a: Rotom\n|-singleturn|p2a: Rotom|Protect\n|move|p1a: Mismagius|Shadow Ball|p2a: Rotom\n|-activate|p2a: Rotom|move: Protect\n|\n|-heal|p2a: Rotom|60\/100|[from] item: Leftovers\n|-fieldend|move: Grassy Terrain\n|upkeep\n|turn|20\n|\n|t:|1699839933\n|switch|p1a: Garganacl|Garganacl, F|75\/100\n|move|p2a: Rotom|Volt Switch|p1a: Garganacl\n|-damage|p1a: Garganacl|53\/100\n|\n|t:|1699839936\n|switch|p2a: Rillaboom|Rillaboom, M, tera:Grass|75\/100|[from] Volt Switch\n|-fieldstart|move: Grassy Terrain|[from] ability: Grassy Surge|[of] p2a: Rillaboom\n|\n|-heal|p2a: Rillaboom|81\/100|[from] Grassy Terrain\n|-heal|p1a: Garganacl|59\/100|[from] Grassy Terrain\n|-heal|p1a: Garganacl|65\/100|[from] item: Leftovers\n|upkeep\n|turn|21\n|\n|t:|1699839940\n|move|p1a: Garganacl|Protect|p1a: Garganacl\n|-singleturn|p1a: Garganacl|Protect\n|move|p2a: Rillaboom|Wood Hammer|p1a: Garganacl\n|-activate|p1a: Garganacl|move: Protect\n|\n|-heal|p2a: Rillaboom|88\/100|[from] Grassy Terrain\n|-heal|p1a: Garganacl|71\/100|[from] Grassy Terrain\n|-heal|p1a: Garganacl|77\/100|[from] item: Leftovers\n|upkeep\n|turn|22\n|\n|t:|1699839945\n|switch|p1a: Forretress|Forretress, M|10\/100\n|move|p2a: Rillaboom|Wood Hammer|p1a: Forretress\n|-resisted|p1a: Forretress\n|-damage|p1a: Forretress|0 fnt\n|faint|p1a: Forretress\n|-damage|p2a: Rillaboom|84\/100|[from] Recoil\n|\n|-heal|p2a: Rillaboom|90\/100|[from] Grassy Terrain\n|upkeep\n|\n|t:|1699839948\n|switch|p1a: Mismagius|Mismagius, M|87\/100\n|turn|23\n|\n|t:|1699839953\n|switch|p2a: Rotom|Rotom-Wash|60\/100\n|move|p1a: Mismagius|Destiny Bond|p1a: Mismagius\n|-singlemove|p1a: Mismagius|Destiny Bond\n|\n|-heal|p2a: Rotom|67\/100|[from] item: Leftovers\n|upkeep\n|turn|24\n|\n|t:|1699839957\n|switch|p1a: Garganacl|Garganacl, F|77\/100\n|move|p2a: Rotom|Volt Switch|p1a: Garganacl\n|-damage|p1a: Garganacl|56\/100\n|\n|t:|1699839959\n|switch|p2a: Rillaboom|Rillaboom, M, tera:Grass|90\/100|[from] Volt Switch\n|\n|-heal|p2a: Rillaboom|96\/100|[from] Grassy Terrain\n|-heal|p1a: Garganacl|62\/100|[from] Grassy Terrain\n|-heal|p1a: Garganacl|68\/100|[from] item: Leftovers\n|-fieldend|move: Grassy Terrain\n|upkeep\n|turn|25\n|\n|t:|1699839962\n|move|p1a: Garganacl|Protect|p1a: Garganacl\n|-singleturn|p1a: Garganacl|Protect\n|move|p2a: Rillaboom|Wood Hammer|p1a: Garganacl\n|-activate|p1a: Garganacl|move: Protect\n|\n|-heal|p1a: Garganacl|74\/100|[from] item: Leftovers\n|upkeep\n|turn|26\n|\n|t:|1699839964\n|move|p2a: Rillaboom|Wood Hammer|p1a: Garganacl\n|-supereffective|p1a: Garganacl\n|-damage|p1a: Garganacl|0 fnt\n|faint|p1a: Garganacl\n|-damage|p2a: Rillaboom|68\/100|[from] Recoil\n|\n|upkeep\n|\n|t:|1699839968\n|switch|p1a: Clefable|Clefable, F|100\/100 par\n|turn|27\n|\n|t:|1699839974\n|switch|p2a: Fezandipiti|Fezandipiti, M|53\/100\n|cant|p1a: Clefable|par\n|\n|upkeep\n|turn|28\n|\n|t:|1699839977\n|move|p2a: Fezandipiti|Roost|p2a: Fezandipiti\n|-heal|p2a: Fezandipiti|100\/100\n|-singleturn|p2a: Fezandipiti|move: Roost\n|move|p1a: Clefable|Wish|p1a: Clefable\n|\n|upkeep\n|turn|29\n|\n|t:|1699839980\n|switch|p1a: Dondozo|Dondozo, F|42\/100\n|move|p2a: Fezandipiti|Moonblast|p1a: Dondozo\n|-damage|p1a: Dondozo|18\/100\n|\n|-heal|p1a: Dondozo|57\/100|[from] move: Wish|[wisher] Clefable\n|-heal|p1a: Dondozo|63\/100|[from] item: Leftovers\n|upkeep\n|turn|30\n|\n|t:|1699839991\n|switch|p1a: Mismagius|Mismagius, M|87\/100\n|move|p2a: Fezandipiti|Moonblast|p1a: Mismagius\n|-damage|p1a: Mismagius|58\/100\n|\n|upkeep\n|turn|31\n|\n|t:|1699839997\n|move|p1a: Mismagius|Trick|p2a: Fezandipiti\n|-activate|p1a: Mismagius|move: Trick|[of] p2a: Fezandipiti\n|-item|p2a: Fezandipiti|Choice Scarf|[from] move: Trick\n|-item|p1a: Mismagius|Heavy-Duty Boots|[from] move: Trick\n|move|p2a: Fezandipiti|Moonblast|p1a: Mismagius\n|-damage|p1a: Mismagius|29\/100\n|-status|p1a: Mismagius|tox|[from] ability: Toxic Chain|[of] p2a: Fezandipiti\n|\n|-damage|p1a: Mismagius|23\/100 tox|[from] psn\n|upkeep\n|turn|32\n|\n|t:|1699840005\n|switch|p1a: Clefable|Clefable, F|100\/100 par\n|move|p2a: Fezandipiti|Moonblast|p1a: Clefable\n|-damage|p1a: Clefable|83\/100 par\n|\n|upkeep\n|turn|33\n|\n|t:|1699840012\n|move|p2a: Fezandipiti|Moonblast|p1a: Clefable\n|-damage|p1a: Clefable|67\/100 par\n|move|p1a: Clefable|Moonblast|p2a: Fezandipiti\n|-resisted|p2a: Fezandipiti\n|-damage|p2a: Fezandipiti|90\/100\n|\n|upkeep\n|turn|34\n|\n|t:|1699840017\n|move|p2a: Fezandipiti|Moonblast|p1a: Clefable\n|-damage|p1a: Clefable|49\/100 par\n|move|p1a: Clefable|Wish|p1a: Clefable\n|\n|upkeep\n|turn|35\n|\n|t:|1699840029\n|move|p2a: Fezandipiti|Moonblast|p1a: Clefable\n|-damage|p1a: Clefable|33\/100 par\n|cant|p1a: Clefable|par\n|\n|-heal|p1a: Clefable|83\/100 par|[from] move: Wish|[wisher] Clefable\n|upkeep\n|turn|36\n|\n|t:|1699840032\n|move|p2a: Fezandipiti|Moonblast|p1a: Clefable\n|-damage|p1a: Clefable|65\/100 par\n|move|p1a: Clefable|Wish|p1a: Clefable\n|\n|upkeep\n|turn|37\n|\n|t:|1699840034\n|move|p2a: Fezandipiti|Moonblast|p1a: Clefable\n|-damage|p1a: Clefable|48\/100 par\n|cant|p1a: Clefable|par\n|\n|-heal|p1a: Clefable|98\/100 par|[from] move: Wish|[wisher] Clefable\n|upkeep\n|turn|38\n|\n|t:|1699840036\n|move|p2a: Fezandipiti|Moonblast|p1a: Clefable\n|-damage|p1a: Clefable|82\/100 par\n|move|p1a: Clefable|Moonblast|p2a: Fezandipiti\n|-resisted|p2a: Fezandipiti\n|-damage|p2a: Fezandipiti|80\/100\n|-unboost|p2a: Fezandipiti|spa|1\n|\n|upkeep\n|turn|39\n|\n|t:|1699840038\n|move|p2a: Fezandipiti|Moonblast|p1a: Clefable\n|-damage|p1a: Clefable|65\/100 par\n|move|p1a: Clefable|Wish|p1a: Clefable\n|\n|upkeep\n|turn|40\n|\n|t:|1699840041\n|move|p2a: Fezandipiti|Moonblast|p1a: Clefable\n|-damage|p1a: Clefable|50\/100 par\n|move|p1a: Clefable|Moonblast|p2a: Fezandipiti\n|-resisted|p2a: Fezandipiti\n|-damage|p2a: Fezandipiti|70\/100\n|\n|-heal|p1a: Clefable|99\/100 par|[from] move: Wish|[wisher] Clefable\n|upkeep\n|turn|41\n|\n|t:|1699840044\n|move|p2a: Fezandipiti|Moonblast|p1a: Clefable\n|-damage|p1a: Clefable|83\/100 par\n|move|p1a: Clefable|Wish|p1a: Clefable\n|\n|upkeep\n|turn|42\n|\n|t:|1699840048\n|move|p2a: Fezandipiti|Moonblast|p1a: Clefable\n|-damage|p1a: Clefable|68\/100 par\n|move|p1a: Clefable|Moonblast|p2a: Fezandipiti\n|-resisted|p2a: Fezandipiti\n|-damage|p2a: Fezandipiti|60\/100\n|-unboost|p2a: Fezandipiti|spa|1\n|\n|-heal|p1a: Clefable|100\/100 par|[from] move: Wish|[wisher] Clefable\n|upkeep\n|turn|43\n|\n|t:|1699840052\n|switch|p2a: Rillaboom|Rillaboom, M, tera:Grass|68\/100\n|-fieldstart|move: Grassy Terrain|[from] ability: Grassy Surge|[of] p2a: Rillaboom\n|move|p1a: Clefable|Wish|p1a: Clefable\n|\n|-heal|p2a: Rillaboom|74\/100|[from] Grassy Terrain\n|upkeep\n|turn|44\n|\n|t:|1699840054\n|move|p2a: Rillaboom|Wood Hammer|p1a: Clefable\n|-damage|p1a: Clefable|0 fnt\n|faint|p1a: Clefable\n|-damage|p2a: Rillaboom|36\/100|[from] Recoil\n|\n|-heal|p2a: Rillaboom|42\/100|[from] Grassy Terrain\n|upkeep\n|\n|t:|1699840058\n|switch|p1a: Mismagius|Mismagius, M|23\/100 tox\n|turn|45\n|inactive|pizzadeliverygirl has 120 seconds left.\n|\n|t:|1699840115\n|switch|p2a: Rotom|Rotom-Wash|67\/100\n|move|p1a: Mismagius|Shadow Ball|p2a: Rotom\n|-damage|p2a: Rotom|35\/100\n|-unboost|p2a: Rotom|spd|1\n|\n|-heal|p2a: Rotom|41\/100|[from] item: Leftovers\n|-damage|p1a: Mismagius|17\/100 tox|[from] psn\n|upkeep\n|turn|46\n|\n|t:|1699840143\n|move|p2a: Rotom|Protect|p2a: Rotom\n|-singleturn|p2a: Rotom|Protect\n|move|p1a: Mismagius|Shadow Ball|p2a: Rotom\n|-activate|p2a: Rotom|move: Protect\n|\n|-heal|p2a: Rotom|48\/100|[from] item: Leftovers\n|-damage|p1a: Mismagius|5\/100 tox|[from] psn\n|upkeep\n|turn|47\n|\n|t:|1699840156\n|switch|p1a: Dondozo|Dondozo, F|63\/100\n|move|p2a: Rotom|Thunder Wave|p1a: Dondozo\n|-status|p1a: Dondozo|par\n|\n|-heal|p2a: Rotom|54\/100|[from] item: Leftovers\n|-heal|p1a: Dondozo|69\/100 par|[from] Grassy Terrain\n|-heal|p1a: Dondozo|75\/100 par|[from] item: Leftovers\n|-fieldend|move: Grassy Terrain\n|upkeep\n|turn|48\n|-message|pizzadeliverygirl forfeited.\n|\n|win|swumpy mumpus\n|raw|pizzadeliverygirl's rating: 1612 &rarr; <strong>1595<\/strong><br \/>(-17 for losing)\n|raw|swumpy mumpus's rating: 1667 &rarr; <strong>1684<\/strong><br \/>(+17 for winning)\n|l|\u2606pizzadeliverygirl\n|l|\u2606swumpy mumpus\n|l| FaronAan\n|l| FatherSuperior7\n","uploadtime":1699840731,"views":6,"p1id":"pizzadeliverygirl","p2id":"swumpymumpus","formatid":"gen9ou","rating":1595,"private":0,"password":""}