{"id":"gen9ou-1995185350","p1":"henny inna cup","p2":"Kalico_Legend","format":"[Gen 9] OU","log":"|j|\u2606henny inna cup\n|j|\u2606Kalico_Legend\n|t:|1700532151\n|gametype|singles\n|player|p1|henny inna cup|hiker-gen4|1230\n|player|p2|Kalico_Legend|2|1175\n|teamsize|p1|6\n|teamsize|p2|6\n|gen|9\n|tier|[Gen 9] OU\n|rated|\n|rule|Sleep Clause Mod: Limit one foe put to sleep\n|rule|Species Clause: Limit one of each Pok\u00e9mon\n|rule|OHKO Clause: OHKO moves are banned\n|rule|Evasion Items Clause: Evasion items are banned\n|rule|Evasion Moves Clause: Evasion moves are banned\n|rule|Endless Battle Clause: Forcing endless battles is banned\n|rule|HP Percentage Mod: HP is shown in percentages\n|clearpoke\n|poke|p1|Okidogi, M|\n|poke|p1|Ninetales-Alola, F|\n|poke|p1|Manaphy|\n|poke|p1|Kingambit, M|\n|poke|p1|Ditto|\n|poke|p1|Dragapult, F|\n|poke|p2|Cinderace, M|\n|poke|p2|Slowking-Galar, M|\n|poke|p2|Ogerpon-Wellspring, F|\n|poke|p2|Gholdengo|\n|poke|p2|Great Tusk|\n|poke|p2|Ninetales-Alola, M|\n|teampreview\n|\n|t:|1700532160\n|start\n|switch|p1a: Kingambit|Kingambit, M|100\/100\n|switch|p2a: Maestro|Slowking-Galar, M|100\/100\n|-item|p1a: Kingambit|Air Balloon\n|turn|1\n|\n|t:|1700532170\n|switch|p2a: Tusk|Great Tusk|100\/100\n|move|p1a: Kingambit|Swords Dance|p1a: Kingambit\n|-boost|p1a: Kingambit|atk|2\n|\n|upkeep\n|turn|2\n|\n|t:|1700532181\n|move|p2a: Tusk|Close Combat|p1a: Kingambit\n|-supereffective|p1a: Kingambit\n|-damage|p1a: Kingambit|0 fnt\n|-unboost|p2a: Tusk|def|1\n|-unboost|p2a: Tusk|spd|1\n|-enditem|p1a: Kingambit|Air Balloon\n|faint|p1a: Kingambit\n|-end|p1a: Kingambit|fallenundefined|[silent]\n|\n|upkeep\n|\n|t:|1700532186\n|switch|p1a: Manaphy|Manaphy|100\/100\n|turn|3\n|\n|t:|1700532190\n|-end|p2a: Tusk|Protosynthesis|[silent]\n|switch|p2a: Oni Chan|Ogerpon-Wellspring, F|100\/100\n|move|p1a: Manaphy|Acid Armor|p1a: Manaphy\n|-boost|p1a: Manaphy|def|2\n|\n|upkeep\n|turn|4\n|\n|t:|1700532205\n|move|p2a: Oni Chan|Leech Seed|p1a: Manaphy\n|-start|p1a: Manaphy|move: Leech Seed\n|move|p1a: Manaphy|Acid Armor|p1a: Manaphy\n|-boost|p1a: Manaphy|def|2\n|\n|-damage|p1a: Manaphy|88\/100|[from] Leech Seed|[of] p2a: Oni Chan\n|upkeep\n|turn|5\n|\n|t:|1700532214\n|move|p2a: Oni Chan|Horn Leech|p1a: Manaphy\n|-supereffective|p1a: Manaphy\n|-damage|p1a: Manaphy|63\/100\n|move|p1a: Manaphy|Take Heart|p1a: Manaphy\n|-boost|p1a: Manaphy|spa|1\n|-boost|p1a: Manaphy|spd|1\n|\n|-heal|p1a: Manaphy|69\/100|[from] item: Leftovers\n|-damage|p1a: Manaphy|57\/100|[from] Leech Seed|[of] p2a: Oni Chan\n|upkeep\n|turn|6\n|j| Maxedout9\n|\n|t:|1700532228\n|-terastallize|p1a: Manaphy|Fairy\n|move|p2a: Oni Chan|Horn Leech|p1a: Manaphy\n|-damage|p1a: Manaphy|45\/100\n|move|p1a: Manaphy|Take Heart|p1a: Manaphy\n|-boost|p1a: Manaphy|spa|1\n|-boost|p1a: Manaphy|spd|1\n|\n|-heal|p1a: Manaphy|51\/100|[from] item: Leftovers\n|-damage|p1a: Manaphy|38\/100|[from] Leech Seed|[of] p2a: Oni Chan\n|upkeep\n|turn|7\n|\n|t:|1700532237\n|move|p2a: Oni Chan|Ivy Cudgel|p1a: Manaphy|[anim] Ivy Cudgel Water\n|-damage|p1a: Manaphy|21\/100\n|move|p1a: Manaphy|Stored Power|p2a: Oni Chan\n|-damage|p2a: Oni Chan|0 fnt\n|faint|p2a: Oni Chan\n|\n|-heal|p1a: Manaphy|27\/100|[from] item: Leftovers\n|upkeep\n|\n|t:|1700532246\n|switch|p2a: Revel II|Cinderace, M|100\/100\n|turn|8\n|\n|t:|1700532258\n|move|p2a: Revel II|Sucker Punch|p1a: Manaphy\n|-start|p2a: Revel II|typechange|Dark|[from] ability: Libero\n|-resisted|p1a: Manaphy\n|-damage|p1a: Manaphy|23\/100\n|move|p1a: Manaphy|Scald|p2a: Revel II\n|-damage|p2a: Revel II|0 fnt\n|faint|p2a: Revel II\n|\n|-heal|p1a: Manaphy|29\/100|[from] item: Leftovers\n|upkeep\n|\n|t:|1700532273\n|switch|p2a: Johnny Cash|Gholdengo|100\/100\n|-item|p2a: Johnny Cash|Air Balloon\n|turn|9\n|\n|t:|1700532278\n|move|p2a: Johnny Cash|Shadow Ball|p1a: Manaphy\n|-damage|p1a: Manaphy|10\/100\n|move|p1a: Manaphy|Scald|p2a: Johnny Cash\n|-damage|p2a: Johnny Cash|3\/100\n|-enditem|p2a: Johnny Cash|Air Balloon\n|\n|-heal|p1a: Manaphy|16\/100|[from] item: Leftovers\n|-damage|p1a: Manaphy|4\/100|[from] Leech Seed|[of] p2a: Johnny Cash\n|-heal|p2a: Johnny Cash|19\/100|[silent]\n|upkeep\n|turn|10\n|\n|t:|1700532288\n|move|p2a: Johnny Cash|Make It Rain|p1a: Manaphy\n|-supereffective|p1a: Manaphy\n|-damage|p1a: Manaphy|0 fnt\n|-unboost|p2a: Johnny Cash|spa|1\n|faint|p1a: Manaphy\n|\n|upkeep\n|\n|t:|1700532293\n|switch|p1a: Okidogi|Okidogi, M|100\/100\n|turn|11\n|\n|t:|1700532298\n|move|p2a: Johnny Cash|Recover|p2a: Johnny Cash\n|-heal|p2a: Johnny Cash|69\/100\n|move|p1a: Okidogi|Bulk Up|p1a: Okidogi\n|-boost|p1a: Okidogi|atk|1\n|-boost|p1a: Okidogi|def|1\n|\n|upkeep\n|turn|12\n|\n|t:|1700532309\n|switch|p2a: Maestro|Slowking-Galar, M|100\/100\n|move|p1a: Okidogi|Bulk Up|p1a: Okidogi\n|-boost|p1a: Okidogi|atk|1\n|-boost|p1a: Okidogi|def|1\n|\n|upkeep\n|turn|13\n|c| Maxedout9|I got my money on johnny\n|\n|t:|1700532318\n|move|p1a: Okidogi|Knock Off|p2a: Maestro\n|-supereffective|p2a: Maestro\n|-enditem|p2a: Maestro|Colbur Berry|[eat]\n|-enditem|p2a: Maestro|Colbur Berry|[weaken]\n|-damage|p2a: Maestro|48\/100\n|move|p2a: Maestro|Thunder Wave|p1a: Okidogi\n|-status|p1a: Okidogi|par\n|\n|upkeep\n|turn|14\n|\n|t:|1700532326\n|move|p1a: Okidogi|Knock Off|p2a: Maestro\n|-supereffective|p2a: Maestro\n|-damage|p2a: Maestro|0 fnt\n|faint|p2a: Maestro\n|\n|upkeep\n|\n|t:|1700532332\n|switch|p2a: Tusk|Great Tusk|100\/100\n|turn|15\n|\n|t:|1700532340\n|-terastallize|p2a: Tusk|Ground\n|move|p2a: Tusk|Headlong Rush|p1a: Okidogi\n|-supereffective|p1a: Okidogi\n|-damage|p1a: Okidogi|29\/100 par\n|-unboost|p2a: Tusk|def|1\n|-unboost|p2a: Tusk|spd|1\n|move|p1a: Okidogi|Drain Punch|p2a: Tusk\n|-damage|p2a: Tusk|12\/100\n|-heal|p1a: Okidogi|76\/100 par|[from] drain|[of] p2a: Tusk\n|\n|-heal|p2a: Tusk|19\/100|[from] item: Leftovers\n|-heal|p1a: Okidogi|82\/100 par|[from] item: Leftovers\n|upkeep\n|turn|16\n|-message|Kalico_Legend forfeited.\n|\n|win|henny inna cup\n|raw|henny inna cup's rating: 1230 &rarr; <strong>1251<\/strong><br \/>(+21 for winning)\n|raw|Kalico_Legend's rating: 1175 &rarr; <strong>1154<\/strong><br \/>(-21 for losing)\n|l|\u2606Kalico_Legend\n","uploadtime":1700532358,"views":5,"p1id":"hennyinnacup","p2id":"kalicolegend","formatid":"gen9ou","rating":1154,"private":0,"password":""}