{"id":"gen9ou-2000100402","p1":"Dmise","p2":"ViceEater","format":"[Gen 9] OU","log":"|j|\u2606Dmise\n|j|\u2606ViceEater\n|t:|1701154814\n|gametype|singles\n|player|p1|Dmise|169|1098\n|player|p2|ViceEater|101|1010\n|teamsize|p1|6\n|teamsize|p2|6\n|gen|9\n|tier|[Gen 9] OU\n|rated|\n|rule|Sleep Clause Mod: Limit one foe put to sleep\n|rule|Species Clause: Limit one of each Pok\u00e9mon\n|rule|OHKO Clause: OHKO moves are banned\n|rule|Evasion Items Clause: Evasion items are banned\n|rule|Evasion Moves Clause: Evasion moves are banned\n|rule|Endless Battle Clause: Forcing endless battles is banned\n|rule|HP Percentage Mod: HP is shown in percentages\n|clearpoke\n|poke|p1|Great Tusk|\n|poke|p1|Slowking-Galar, M|\n|poke|p1|Jolteon, F|\n|poke|p1|Rillaboom, M|\n|poke|p1|Alomomola, M|\n|poke|p1|Ninetales-Alola, F|\n|poke|p2|Arcanine-Hisui, M|\n|poke|p2|Greninja-*, M|\n|poke|p2|Corviknight, M|\n|poke|p2|Iron Hands|\n|poke|p2|Slowking-Galar, F|\n|poke|p2|Landorus-Therian, M|\n|teampreview\n|inactive|Battle timer is ON: inactive players will automatically lose when time's up. (requested by ViceEater)\n|\n|t:|1701154848\n|start\n|switch|p1a: Jolteon|Jolteon, F, shiny|100\/100\n|switch|p2a: Arcanine|Arcanine-Hisui, M|100\/100\n|turn|1\n|\n|t:|1701154855\n|switch|p1a: Great Tusk|Great Tusk|100\/100\n|move|p2a: Arcanine|Rock Blast|p1a: Great Tusk\n|-resisted|p1a: Great Tusk\n|-damage|p1a: Great Tusk|98\/100\n|-resisted|p1a: Great Tusk\n|-damage|p1a: Great Tusk|95\/100\n|-hitcount|p1a: Great Tusk|2\n|\n|-heal|p1a: Great Tusk|100\/100|[from] item: Leftovers\n|upkeep\n|turn|2\n|\n|t:|1701154862\n|switch|p2a: Greninja|Greninja, M|100\/100\n|move|p1a: Great Tusk|Stealth Rock|p2a: Greninja\n|-sidestart|p2: ViceEater|move: Stealth Rock\n|\n|upkeep\n|turn|3\n|\n|t:|1701154882\n|-end|p1a: Great Tusk|Protosynthesis|[silent]\n|switch|p1a: Slowking|Slowking-Galar, M|100\/100\n|move|p2a: Greninja|Ice Beam|p1a: Slowking\n|-damage|p1a: Slowking|77\/100\n|-status|p1a: Slowking|frz\n|\n|upkeep\n|turn|4\n|c|\u2606Dmise|Your kidding\n|inactive|ViceEater has 120 seconds left.\n|inactive|Dmise has 120 seconds left.\n|\n|t:|1701154913\n|switch|p2a: Landorus|Landorus-Therian, M|100\/100\n|-damage|p2a: Landorus|88\/100|[from] Stealth Rock\n|-ability|p2a: Landorus|Intimidate|boost\n|-unboost|p1a: Slowking|atk|1\n|cant|p1a: Slowking|frz\n|\n|-heal|p2a: Landorus|94\/100|[from] item: Leftovers\n|upkeep\n|turn|5\n|inactive|ViceEater has 120 seconds left.\n|\n|t:|1701154921\n|switch|p1a: Rillaboom|Rillaboom, M, shiny|100\/100\n|-fieldstart|move: Grassy Terrain|[from] ability: Grassy Surge|[of] p1a: Rillaboom\n|move|p2a: Landorus|Stealth Rock|p1a: Rillaboom\n|-sidestart|p1: Dmise|move: Stealth Rock\n|\n|-heal|p2a: Landorus|99\/100|[from] item: Leftovers\n|upkeep\n|turn|6\n|inactive|ViceEater has 120 seconds left.\n|\n|t:|1701154940\n|switch|p1a: Great Tusk|Great Tusk|100\/100\n|-damage|p1a: Great Tusk|98\/100|[from] Stealth Rock\n|move|p2a: Landorus|Earth Power|p1a: Great Tusk\n|-damage|p1a: Great Tusk|51\/100\n|\n|-heal|p1a: Great Tusk|57\/100|[from] Grassy Terrain\n|-heal|p1a: Great Tusk|63\/100|[from] item: Leftovers\n|-heal|p2a: Landorus|100\/100|[from] item: Leftovers\n|upkeep\n|turn|7\n|inactive|ViceEater has 120 seconds left.\n|\n|t:|1701154953\n|move|p1a: Great Tusk|Rapid Spin|p2a: Landorus\n|-damage|p2a: Landorus|88\/100\n|-boost|p1a: Great Tusk|spe|1\n|-sideend|p1: Dmise|Stealth Rock|[from] move: Rapid Spin|[of] p1a: Great Tusk\n|move|p2a: Landorus|Earth Power|p1a: Great Tusk\n|-damage|p1a: Great Tusk|12\/100\n|\n|-heal|p1a: Great Tusk|19\/100|[from] Grassy Terrain\n|-heal|p1a: Great Tusk|25\/100|[from] item: Leftovers\n|-heal|p2a: Landorus|94\/100|[from] item: Leftovers\n|upkeep\n|turn|8\n|inactive|ViceEater has 120 seconds left.\n|\n|t:|1701154967\n|-end|p1a: Great Tusk|Protosynthesis|[silent]\n|switch|p1a: Ninetales|Ninetales-Alola, F, shiny|100\/100\n|-weather|Snow|[from] ability: Snow Warning|[of] p1a: Ninetales\n|move|p2a: Landorus|U-turn|p1a: Ninetales\n|-resisted|p1a: Ninetales\n|-damage|p1a: Ninetales|93\/100\n|\n|t:|1701154974\n|switch|p2a: Arcanine|Arcanine-Hisui, M|100\/100|[from] U-turn\n|-damage|p2a: Arcanine|76\/100|[from] Stealth Rock\n|\n|-weather|Snow|[upkeep]\n|-heal|p1a: Ninetales|99\/100|[from] Grassy Terrain\n|-heal|p2a: Arcanine|82\/100|[from] Grassy Terrain\n|upkeep\n|turn|9\n|\n|t:|1701154979\n|move|p1a: Ninetales|Aurora Veil|p1a: Ninetales\n|-sidestart|p1: Dmise|move: Aurora Veil\n|move|p2a: Arcanine|Flare Blitz|p1a: Ninetales\n|-supereffective|p1a: Ninetales\n|-damage|p1a: Ninetales|27\/100\n|-status|p1a: Ninetales|brn\n|\n|-weather|Snow|[upkeep]\n|-heal|p1a: Ninetales|33\/100 brn|[from] Grassy Terrain\n|-heal|p2a: Arcanine|88\/100|[from] Grassy Terrain\n|-damage|p1a: Ninetales|27\/100 brn|[from] brn\n|-fieldend|move: Grassy Terrain\n|upkeep\n|turn|10\n|\n|t:|1701154987\n|move|p1a: Ninetales|Moonblast|p2a: Arcanine\n|-resisted|p2a: Arcanine\n|-crit|p2a: Arcanine\n|-damage|p2a: Arcanine|61\/100\n|move|p2a: Arcanine|Flare Blitz|p1a: Ninetales\n|-supereffective|p1a: Ninetales\n|-damage|p1a: Ninetales|0 fnt\n|faint|p1a: Ninetales\n|\n|-weather|Snow|[upkeep]\n|upkeep\n|\n|t:|1701154989\n|switch|p1a: Jolteon|Jolteon, F, shiny|100\/100\n|turn|11\n|\n|t:|1701155005\n|switch|p2a: Landorus|Landorus-Therian, M|94\/100\n|-damage|p2a: Landorus|82\/100|[from] Stealth Rock\n|-ability|p2a: Landorus|Intimidate|boost\n|-unboost|p1a: Jolteon|atk|1\n|-terastallize|p1a: Jolteon|Ice\n|move|p1a: Jolteon|Calm Mind|p1a: Jolteon\n|-boost|p1a: Jolteon|spa|1\n|-boost|p1a: Jolteon|spd|1\n|\n|-weather|Snow|[upkeep]\n|-heal|p2a: Landorus|88\/100|[from] item: Leftovers\n|-status|p1a: Jolteon|brn|[from] item: Flame Orb\n|upkeep\n|turn|12\n|\n|t:|1701155017\n|move|p1a: Jolteon|Calm Mind|p1a: Jolteon\n|-boost|p1a: Jolteon|spa|1\n|-boost|p1a: Jolteon|spd|1\n|move|p2a: Landorus|U-turn|p1a: Jolteon\n|-damage|p1a: Jolteon|88\/100 brn\n|\n|t:|1701155020\n|switch|p2a: Arcanine|Arcanine-Hisui, M|61\/100|[from] U-turn\n|-damage|p2a: Arcanine|36\/100|[from] Stealth Rock\n|\n|-weather|none\n|-damage|p1a: Jolteon|81\/100 brn|[from] brn\n|upkeep\n|turn|13\n|\n|t:|1701155025\n|-terastallize|p2a: Arcanine|Fire\n|move|p1a: Jolteon|Tera Blast|p2a: Arcanine|[anim] Tera Blast Ice\n|-resisted|p2a: Arcanine\n|-damage|p2a: Arcanine|0 fnt\n|faint|p2a: Arcanine\n|\n|-damage|p1a: Jolteon|75\/100 brn|[from] brn\n|upkeep\n|\n|t:|1701155032\n|switch|p2a: Landorus|Landorus-Therian, M|88\/100\n|-damage|p2a: Landorus|75\/100|[from] Stealth Rock\n|-ability|p2a: Landorus|Intimidate|boost\n|-unboost|p1a: Jolteon|atk|1\n|turn|14\n|\n|t:|1701155035\n|move|p1a: Jolteon|Tera Blast|p2a: Landorus|[anim] Tera Blast Ice\n|-supereffective|p2a: Landorus\n|-damage|p2a: Landorus|0 fnt\n|faint|p2a: Landorus\n|\n|-damage|p1a: Jolteon|69\/100 brn|[from] brn\n|upkeep\n|-message|ViceEater forfeited.\n|\n|win|Dmise\n|raw|Dmise's rating: 1098 &rarr; <strong>1117<\/strong><br \/>(+19 for winning)\n|raw|ViceEater's rating: 1010 &rarr; <strong>1001<\/strong><br \/>(-9 for losing)\n|l|\u2606ViceEater\n","uploadtime":1701155052,"views":6,"p1id":"dmise","p2id":"viceeater","formatid":"gen9ou","rating":1001,"private":0,"password":""}