{"id":"gen9ou-1992879306","p1":"Kaz2109","p2":"Basssil","format":"[Gen 9] OU","log":"|j|\u2606Kaz2109\n|j|\u2606Basssil\n|t:|1700243338\n|gametype|singles\n|player|p1|Kaz2109|policeman-gen4|1319\n|player|p2|Basssil|elesa|1228\n|teamsize|p1|6\n|teamsize|p2|6\n|gen|9\n|tier|[Gen 9] OU\n|rated|\n|rule|Sleep Clause Mod: Limit one foe put to sleep\n|rule|Species Clause: Limit one of each Pok\u00e9mon\n|rule|OHKO Clause: OHKO moves are banned\n|rule|Evasion Items Clause: Evasion items are banned\n|rule|Evasion Moves Clause: Evasion moves are banned\n|rule|Endless Battle Clause: Forcing endless battles is banned\n|rule|HP Percentage Mod: HP is shown in percentages\n|clearpoke\n|poke|p1|Arboliva, F|\n|poke|p1|Azumarill, F|\n|poke|p1|Cinderace, F|\n|poke|p1|Iron Valiant|\n|poke|p1|Blissey, F|\n|poke|p1|Great Tusk|\n|poke|p2|Dragonite, F|\n|poke|p2|Iron Valiant|\n|poke|p2|Garchomp, F|\n|poke|p2|Gholdengo|\n|poke|p2|Basculegion, M|\n|poke|p2|Greninja-*, M|\n|teampreview\n|\n|t:|1700243349\n|start\n|switch|p1a: Arboliva|Arboliva, F|100\/100\n|switch|p2a: Basculegion|Basculegion, M, shiny|100\/100\n|turn|1\n|inactive|Battle timer is ON: inactive players will automatically lose when time's up. (requested by Kaz2109)\n|\n|t:|1700243362\n|-terastallize|p2a: Basculegion|Dragon\n|move|p2a: Basculegion|Outrage|p1a: Arboliva\n|-damage|p1a: Arboliva|39\/100\n|-enditem|p1a: Arboliva|Sitrus Berry|[eat]\n|-heal|p1a: Arboliva|64\/100|[from] item: Sitrus Berry\n|move|p1a: Arboliva|Leech Seed|p2a: Basculegion\n|-start|p2a: Basculegion|move: Leech Seed\n|\n|-damage|p2a: Basculegion|88\/100|[from] Leech Seed|[of] p1a: Arboliva\n|-heal|p1a: Arboliva|79\/100|[silent]\n|-item|p1a: Arboliva|Sitrus Berry|[from] ability: Harvest\n|upkeep\n|turn|2\n|\n|t:|1700243373\n|switch|p1a: Azumarill|Azumarill, F|100\/100\n|move|p2a: Basculegion|Outrage|p1a: Azumarill|[from]lockedmove\n|-immune|p1a: Azumarill\n|-start|p2a: Basculegion|confusion|[fatigue]\n|\n|-damage|p2a: Basculegion|76\/100|[from] Leech Seed|[of] p1a: Azumarill\n|upkeep\n|turn|3\n|\n|t:|1700243385\n|switch|p2a: Djanghol|Gholdengo|100\/100\n|move|p1a: Azumarill|Knock Off|p2a: Djanghol\n|-supereffective|p2a: Djanghol\n|-damage|p2a: Djanghol|5\/100\n|-enditem|p2a: Djanghol|Choice Scarf|[from] move: Knock Off|[of] p1a: Azumarill\n|\n|upkeep\n|turn|4\n|\n|t:|1700243402\n|move|p1a: Azumarill|Aqua Jet|p2a: Djanghol\n|-damage|p2a: Djanghol|0 fnt\n|faint|p2a: Djanghol\n|\n|upkeep\n|\n|t:|1700243410\n|switch|p2a: Speedy 'Gonzales|Dragonite, F|100\/100\n|turn|5\n|\n|t:|1700243414\n|move|p2a: Speedy 'Gonzales|Dragon Dance|p2a: Speedy 'Gonzales\n|-boost|p2a: Speedy 'Gonzales|atk|1\n|-boost|p2a: Speedy 'Gonzales|spe|1\n|move|p1a: Azumarill|Play Rough|p2a: Speedy 'Gonzales\n|-supereffective|p2a: Speedy 'Gonzales\n|-damage|p2a: Speedy 'Gonzales|32\/100\n|\n|upkeep\n|turn|6\n|\n|t:|1700243421\n|move|p2a: Speedy 'Gonzales|Extreme Speed|p1a: Azumarill\n|-damage|p1a: Azumarill|54\/100\n|move|p1a: Azumarill|Knock Off|p2a: Speedy 'Gonzales\n|-damage|p2a: Speedy 'Gonzales|0 fnt\n|-enditem|p2a: Speedy 'Gonzales|Heavy-Duty Boots|[from] move: Knock Off|[of] p1a: Azumarill\n|faint|p2a: Speedy 'Gonzales\n|\n|upkeep\n|\n|t:|1700243429\n|switch|p2a: Ed. Laserhands|Iron Valiant|100\/100\n|turn|7\n|\n|t:|1700243432\n|move|p2a: Ed. Laserhands|Thunderbolt|p1a: Azumarill\n|-supereffective|p1a: Azumarill\n|-damage|p1a: Azumarill|0 fnt\n|faint|p1a: Azumarill\n|\n|upkeep\n|\n|t:|1700243439\n|switch|p1a: Arboliva|Arboliva, F|79\/100\n|turn|8\n|\n|t:|1700243444\n|-end|p2a: Ed. Laserhands|Quark Drive|[silent]\n|switch|p2a: Greninja|Greninja, M|100\/100\n|move|p1a: Arboliva|Leech Seed|p2a: Greninja\n|-start|p2a: Greninja|move: Leech Seed\n|\n|-damage|p2a: Greninja|88\/100|[from] Leech Seed|[of] p1a: Arboliva\n|-heal|p1a: Arboliva|89\/100|[silent]\n|upkeep\n|turn|9\n|\n|t:|1700243454\n|move|p1a: Arboliva|Protect|p1a: Arboliva\n|-singleturn|p1a: Arboliva|Protect\n|move|p2a: Greninja|Ice Beam|p1a: Arboliva\n|-activate|p1a: Arboliva|move: Protect\n|\n|-damage|p2a: Greninja|76\/100|[from] Leech Seed|[of] p1a: Arboliva\n|-heal|p1a: Arboliva|99\/100|[silent]\n|upkeep\n|turn|10\n|\n|t:|1700243462\n|-terastallize|p1a: Arboliva|Steel\n|move|p2a: Greninja|Ice Beam|p1a: Arboliva\n|-resisted|p1a: Arboliva\n|-damage|p1a: Arboliva|86\/100\n|move|p1a: Arboliva|Giga Drain|p2a: Greninja\n|-supereffective|p2a: Greninja\n|-damage|p2a: Greninja|0 fnt\n|-heal|p1a: Arboliva|100\/100|[from] drain|[of] p2a: Greninja\n|faint|p2a: Greninja\n|\n|upkeep\n|\n|t:|1700243469\n|switch|p2a: Rockheed Martin|Garchomp, F, shiny|100\/100\n|turn|11\n|\n|t:|1700243475\n|move|p2a: Rockheed Martin|Earthquake|p1a: Arboliva\n|-supereffective|p1a: Arboliva\n|-damage|p1a: Arboliva|40\/100\n|-enditem|p1a: Arboliva|Sitrus Berry|[eat]\n|-heal|p1a: Arboliva|65\/100|[from] item: Sitrus Berry\n|move|p1a: Arboliva|Leech Seed|p2a: Rockheed Martin\n|-start|p2a: Rockheed Martin|move: Leech Seed\n|\n|-damage|p2a: Rockheed Martin|88\/100|[from] Leech Seed|[of] p1a: Arboliva\n|-heal|p1a: Arboliva|79\/100|[silent]\n|upkeep\n|turn|12\n|\n|t:|1700243484\n|move|p2a: Rockheed Martin|Earthquake|p1a: Arboliva\n|-supereffective|p1a: Arboliva\n|-damage|p1a: Arboliva|18\/100\n|move|p1a: Arboliva|Giga Drain|p2a: Rockheed Martin\n|-damage|p2a: Rockheed Martin|61\/100\n|-heal|p1a: Arboliva|34\/100|[from] drain|[of] p2a: Rockheed Martin\n|\n|-damage|p2a: Rockheed Martin|49\/100|[from] Leech Seed|[of] p1a: Arboliva\n|-heal|p1a: Arboliva|48\/100|[silent]\n|-item|p1a: Arboliva|Sitrus Berry|[from] ability: Harvest\n|upkeep\n|-enditem|p1a: Arboliva|Sitrus Berry|[eat]\n|-heal|p1a: Arboliva|73\/100|[from] item: Sitrus Berry\n|turn|13\n|j| Th3Bl4ckL0udred\n|\n|t:|1700243497\n|move|p2a: Rockheed Martin|Earthquake|p1a: Arboliva\n|-supereffective|p1a: Arboliva\n|-damage|p1a: Arboliva|14\/100\n|move|p1a: Arboliva|Giga Drain|p2a: Rockheed Martin\n|-damage|p2a: Rockheed Martin|22\/100\n|-heal|p1a: Arboliva|30\/100|[from] drain|[of] p2a: Rockheed Martin\n|\n|-damage|p2a: Rockheed Martin|10\/100|[from] Leech Seed|[of] p1a: Arboliva\n|-heal|p1a: Arboliva|45\/100|[silent]\n|-item|p1a: Arboliva|Sitrus Berry|[from] ability: Harvest\n|upkeep\n|-enditem|p1a: Arboliva|Sitrus Berry|[eat]\n|-heal|p1a: Arboliva|69\/100|[from] item: Sitrus Berry\n|turn|14\n|\n|t:|1700243509\n|move|p2a: Rockheed Martin|Earthquake|p1a: Arboliva\n|-supereffective|p1a: Arboliva\n|-damage|p1a: Arboliva|0 fnt\n|faint|p1a: Arboliva\n|\n|upkeep\n|\n|t:|1700243518\n|switch|p1a: Iron Valiant|Iron Valiant|100\/100\n|-enditem|p1a: Iron Valiant|Booster Energy\n|-activate|p1a: Iron Valiant|ability: Quark Drive|[fromitem]\n|-start|p1a: Iron Valiant|quarkdrivespe\n|turn|15\n|\n|t:|1700243527\n|move|p1a: Iron Valiant|Moonblast|p2a: Rockheed Martin\n|-supereffective|p2a: Rockheed Martin\n|-crit|p2a: Rockheed Martin\n|-damage|p2a: Rockheed Martin|0 fnt\n|faint|p2a: Rockheed Martin\n|\n|upkeep\n|\n|t:|1700243530\n|switch|p2a: Ed. Laserhands|Iron Valiant|100\/100\n|turn|16\n|\n|t:|1700243534\n|move|p1a: Iron Valiant|Moonblast|p2a: Ed. Laserhands\n|-supereffective|p2a: Ed. Laserhands\n|-damage|p2a: Ed. Laserhands|0 fnt\n|faint|p2a: Ed. Laserhands\n|-end|p2a: Ed. Laserhands|Quark Drive|[silent]\n|\n|upkeep\n|\n|t:|1700243536\n|switch|p2a: Basculegion|Basculegion, M, shiny, tera:Dragon|76\/100\n|turn|17\n|\n|t:|1700243540\n|move|p2a: Basculegion|Aqua Jet|p1a: Iron Valiant\n|-damage|p1a: Iron Valiant|73\/100\n|move|p1a: Iron Valiant|Moonblast|p2a: Basculegion\n|-supereffective|p2a: Basculegion\n|-damage|p2a: Basculegion|10\/100\n|\n|upkeep\n|turn|18\n|\n|t:|1700243547\n|move|p1a: Iron Valiant|Moonblast|p2a: Basculegion\n|-supereffective|p2a: Basculegion\n|-damage|p2a: Basculegion|0 fnt\n|faint|p2a: Basculegion\n|\n|win|Kaz2109\n|raw|Kaz2109's rating: 1319 &rarr; <strong>1334<\/strong><br \/>(+15 for winning)\n|raw|Basssil's rating: 1228 &rarr; <strong>1209<\/strong><br \/>(-19 for losing)\n|l|\u2606Basssil\n","uploadtime":1700243555,"views":15,"p1id":"kaz2109","p2id":"basssil","formatid":"gen9ou","rating":1209,"private":0,"password":""}