{"id":"gen9ou-1997796002","p1":"AlexisBryan","p2":"Imanjoneser","format":"[Gen 9] OU","log":"|j|\u2606AlexisBryan\n|j|\u2606Imanjoneser\n|t:|1700853594\n|gametype|singles\n|player|p1|AlexisBryan|hiker-gen4|1073\n|player|p2|Imanjoneser|bugcatcher-gen4dp|1058\n|teamsize|p1|6\n|teamsize|p2|6\n|gen|9\n|tier|[Gen 9] OU\n|rated|\n|rule|Sleep Clause Mod: Limit one foe put to sleep\n|rule|Species Clause: Limit one of each Pok\u00e9mon\n|rule|OHKO Clause: OHKO moves are banned\n|rule|Evasion Items Clause: Evasion items are banned\n|rule|Evasion Moves Clause: Evasion moves are banned\n|rule|Endless Battle Clause: Forcing endless battles is banned\n|rule|HP Percentage Mod: HP is shown in percentages\n|clearpoke\n|poke|p1|Masquerain, F|\n|poke|p1|Glimmora, M|\n|poke|p1|Okidogi, M|\n|poke|p1|Umbreon, M|\n|poke|p1|Slowbro-Galar, F|\n|poke|p1|Infernape, M|\n|poke|p2|Chesnaught, M|\n|poke|p2|Infernape, F|\n|poke|p2|Meowscarada, M|\n|poke|p2|Skeledirge, F|\n|poke|p2|Quaquaval, M|\n|poke|p2|Inteleon, F|\n|teampreview\n|\n|t:|1700853604\n|start\n|switch|p1a: Johnny|Glimmora, M|100\/100\n|switch|p2a: Skeledirge|Skeledirge, F, shiny|100\/100\n|turn|1\n|\n|t:|1700853615\n|move|p1a: Johnny|Earth Power|p2a: Skeledirge\n|-supereffective|p2a: Skeledirge\n|-damage|p2a: Skeledirge|23\/100\n|move|p2a: Skeledirge|Earth Power|p1a: Johnny\n|-supereffective|p1a: Johnny\n|-enditem|p1a: Johnny|Focus Sash\n|-damage|p1a: Johnny|1\/100\n|\n|-heal|p2a: Skeledirge|29\/100|[from] item: Leftovers\n|upkeep\n|turn|2\n|\n|t:|1700853631\n|move|p1a: Johnny|Earth Power|p2a: Skeledirge\n|-supereffective|p2a: Skeledirge\n|-damage|p2a: Skeledirge|0 fnt\n|faint|p2a: Skeledirge\n|\n|upkeep\n|\n|t:|1700853635\n|switch|p2a: Inteleon|Inteleon, F, shiny|100\/100\n|turn|3\n|\n|t:|1700853641\n|move|p1a: Johnny|Endure|p1a: Johnny\n|-singleturn|p1a: Johnny|move: Endure\n|move|p2a: Inteleon|Vacuum Wave|p1a: Johnny\n|-activate|p1a: Johnny|move: Endure\n|-damage|p1a: Johnny|1\/100\n|\n|upkeep\n|turn|4\n|\n|t:|1700853652\n|move|p2a: Inteleon|Snipe Shot|p1a: Johnny\n|-supereffective|p1a: Johnny\n|-damage|p1a: Johnny|0 fnt\n|faint|p1a: Johnny\n|\n|upkeep\n|\n|t:|1700853661\n|switch|p1a: Jack|Okidogi, M|100\/100\n|turn|5\n|\n|t:|1700853675\n|-terastallize|p1a: Jack|Poison\n|move|p2a: Inteleon|Snipe Shot|p1a: Jack\n|-damage|p1a: Jack|57\/100\n|move|p1a: Jack|Gunk Shot|p2a: Inteleon\n|-damage|p2a: Inteleon|0 fnt\n|faint|p2a: Inteleon\n|\n|-heal|p1a: Jack|63\/100|[from] item: Leftovers\n|upkeep\n|\n|t:|1700853690\n|switch|p2a: Meowscarada|Meowscarada, M, shiny|100\/100\n|turn|6\n|\n|t:|1700853700\n|move|p2a: Meowscarada|Charm|p1a: Jack\n|-start|p2a: Meowscarada|typechange|Fairy|[from] ability: Protean\n|-unboost|p1a: Jack|atk|2\n|move|p1a: Jack|Drain Punch|p2a: Meowscarada\n|-resisted|p2a: Meowscarada\n|-damage|p2a: Meowscarada|87\/100\n|-heal|p1a: Jack|69\/100|[from] drain|[of] p2a: Meowscarada\n|-status|p2a: Meowscarada|tox|[from] ability: Toxic Chain|[of] p1a: Jack\n|\n|-heal|p1a: Jack|75\/100|[from] item: Leftovers\n|-damage|p2a: Meowscarada|81\/100 tox|[from] psn\n|upkeep\n|turn|7\n|\n|t:|1700853717\n|switch|p2a: Quaquaval|Quaquaval, M, shiny|100\/100\n|move|p1a: Jack|Gunk Shot|p2a: Quaquaval\n|-crit|p2a: Quaquaval\n|-damage|p2a: Quaquaval|0 fnt\n|faint|p2a: Quaquaval\n|\n|-heal|p1a: Jack|81\/100|[from] item: Leftovers\n|upkeep\n|c|\u2606Imanjoneser|dude\n|\n|t:|1700853725\n|switch|p2a: Infernape|Infernape, F, shiny|100\/100\n|turn|8\n|c|\u2606Imanjoneser|Screw me I guess lmfao\n|\n|t:|1700853733\n|move|p2a: Infernape|Swords Dance|p2a: Infernape\n|-boost|p2a: Infernape|atk|2\n|move|p1a: Jack|Knock Off|p2a: Infernape\n|-resisted|p2a: Infernape\n|-damage|p2a: Infernape|89\/100\n|-enditem|p2a: Infernape|Focus Sash|[from] move: Knock Off|[of] p1a: Jack\n|\n|-heal|p1a: Jack|87\/100|[from] item: Leftovers\n|upkeep\n|turn|9\n|\n|t:|1700853746\n|move|p2a: Infernape|Fire Punch|p1a: Jack\n|-damage|p1a: Jack|11\/100\n|move|p1a: Jack|Gunk Shot|p2a: Infernape\n|-damage|p2a: Infernape|34\/100\n|\n|-heal|p1a: Jack|17\/100|[from] item: Leftovers\n|upkeep\n|turn|10\n|\n|t:|1700853758\n|move|p2a: Infernape|Fire Punch|p1a: Jack\n|-damage|p1a: Jack|0 fnt\n|faint|p1a: Jack\n|\n|upkeep\n|\n|t:|1700853764\n|switch|p1a: Lali|Masquerain, F|100\/100\n|-ability|p1a: Lali|Intimidate|boost\n|-unboost|p2a: Infernape|atk|1\n|turn|11\n|\n|t:|1700853772\n|move|p2a: Infernape|Fire Punch|p1a: Lali\n|-supereffective|p1a: Lali\n|-crit|p1a: Lali\n|-damage|p1a: Lali|0 fnt\n|faint|p1a: Lali\n|\n|upkeep\n|\n|t:|1700853775\n|switch|p1a: Rocky|Umbreon, M|100\/100\n|turn|12\n|\n|t:|1700853782\n|move|p2a: Infernape|Drain Punch|p1a: Rocky\n|-supereffective|p1a: Rocky\n|-damage|p1a: Rocky|0 fnt\n|-heal|p2a: Infernape|91\/100|[from] drain|[of] p1a: Rocky\n|-damage|p2a: Infernape|74\/100|[from] item: Rocky Helmet|[of] p1a: Rocky\n|faint|p1a: Rocky\n|\n|upkeep\n|\n|t:|1700853786\n|switch|p1a: El Pajaron|Slowbro-Galar, F|100\/100\n|turn|13\n|\n|t:|1700853791\n|-terastallize|p2a: Infernape|Fire\n|move|p2a: Infernape|Fire Punch|p1a: El Pajaron\n|-damage|p1a: El Pajaron|17\/100\n|move|p1a: El Pajaron|Psychic|p2a: Infernape\n|-damage|p2a: Infernape|19\/100\n|-unboost|p2a: Infernape|spd|1\n|\n|upkeep\n|turn|14\n|-activate|p1a: El Pajaron|ability: Quick Draw\n|\n|t:|1700853798\n|move|p1a: El Pajaron|Psychic|p2a: Infernape\n|-damage|p2a: Infernape|0 fnt\n|faint|p2a: Infernape\n|\n|upkeep\n|\n|t:|1700853805\n|switch|p2a: Meowscarada|Meowscarada, M, shiny|81\/100 tox\n|turn|15\n|\n|t:|1700853810\n|move|p1a: El Pajaron|Protect|p1a: El Pajaron\n|-singleturn|p1a: El Pajaron|Protect\n|move|p2a: Meowscarada|Knock Off|p1a: El Pajaron\n|-start|p2a: Meowscarada|typechange|Dark|[from] ability: Protean\n|-activate|p1a: El Pajaron|move: Protect\n|\n|-damage|p2a: Meowscarada|75\/100 tox|[from] psn\n|upkeep\n|turn|16\n|c|\u2606Imanjoneser|....\n|c|\u2606Imanjoneser|Messed up man lol\n|\n|t:|1700853822\n|move|p2a: Meowscarada|Knock Off|p1a: El Pajaron\n|-supereffective|p1a: El Pajaron\n|-damage|p1a: El Pajaron|0 fnt\n|-enditem|p1a: El Pajaron|Quick Claw|[from] move: Knock Off|[of] p2a: Meowscarada\n|faint|p1a: El Pajaron\n|\n|-damage|p2a: Meowscarada|62\/100 tox|[from] psn\n|upkeep\n|\n|t:|1700853825\n|switch|p1a: Meu Amigo|Infernape, M|100\/100\n|turn|17\n|\n|t:|1700853833\n|move|p2a: Meowscarada|Charm|p1a: Meu Amigo\n|-unboost|p1a: Meu Amigo|atk|2\n|move|p1a: Meu Amigo|Fire Punch|p2a: Meowscarada\n|-damage|p2a: Meowscarada|30\/100 tox\n|\n|-damage|p2a: Meowscarada|12\/100 tox|[from] psn\n|upkeep\n|turn|18\n|\n|t:|1700853846\n|move|p2a: Meowscarada|Charm|p1a: Meu Amigo\n|-unboost|p1a: Meu Amigo|atk|2\n|move|p1a: Meu Amigo|Fire Punch|p2a: Meowscarada\n|-damage|p2a: Meowscarada|0 fnt\n|faint|p2a: Meowscarada\n|\n|upkeep\n|\n|t:|1700853851\n|switch|p2a: Chesnaught|Chesnaught, M, shiny|100\/100\n|turn|19\n|\n|t:|1700853856\n|move|p1a: Meu Amigo|Knock Off|p2a: Chesnaught\n|-resisted|p2a: Chesnaught\n|-damage|p2a: Chesnaught|97\/100\n|-damage|p1a: Meu Amigo|84\/100|[from] item: Rocky Helmet|[of] p2a: Chesnaught\n|-enditem|p2a: Chesnaught|Rocky Helmet|[from] move: Knock Off|[of] p1a: Meu Amigo\n|move|p2a: Chesnaught|Leech Seed|p1a: Meu Amigo\n|-start|p1a: Meu Amigo|move: Leech Seed\n|\n|-damage|p1a: Meu Amigo|72\/100|[from] Leech Seed|[of] p2a: Chesnaught\n|-heal|p2a: Chesnaught|100\/100|[silent]\n|upkeep\n|turn|20\n|c|\u2606Imanjoneser|I might have this\n|c|\u2606Imanjoneser|gg man\n|\n|t:|1700853871\n|move|p1a: Meu Amigo|Fire Punch|p2a: Chesnaught\n|-supereffective|p2a: Chesnaught\n|-damage|p2a: Chesnaught|82\/100\n|move|p2a: Chesnaught|Drain Punch|p1a: Meu Amigo\n|-damage|p1a: Meu Amigo|13\/100\n|-heal|p2a: Chesnaught|100\/100|[from] drain|[of] p1a: Meu Amigo\n|\n|-damage|p1a: Meu Amigo|1\/100|[from] Leech Seed|[of] p2a: Chesnaught\n|upkeep\n|turn|21\n|\n|t:|1700853880\n|move|p2a: Chesnaught|Spiky Shield|p2a: Chesnaught\n|-singleturn|p2a: Chesnaught|move: Protect\n|move|p1a: Meu Amigo|Drain Punch|p2a: Chesnaught\n|-activate|p2a: Chesnaught|move: Protect\n|-damage|p1a: Meu Amigo|0 fnt|[from] Spiky Shield|[of] p2a: Chesnaught\n|faint|p1a: Meu Amigo\n|\n|win|Imanjoneser\n|raw|AlexisBryan's rating: 1073 &rarr; <strong>1051<\/strong><br \/>(-22 for losing)\n|raw|Imanjoneser's rating: 1058 &rarr; <strong>1091<\/strong><br \/>(+33 for winning)\n|l|\u2606AlexisBryan\n","uploadtime":1700853889,"views":3,"p1id":"alexisbryan","p2id":"imanjoneser","formatid":"gen9ou","rating":1051,"private":0,"password":""}