{"id":"gen9ou-1988784742","p1":"ShadowDawg","p2":"solarsunne","format":"[Gen 9] OU","log":"|j|\u2606ShadowDawg\n|j|\u2606solarsunne\n|t:|1699762783\n|gametype|singles\n|player|p1|ShadowDawg|brawly|1507\n|player|p2|solarsunne|guzma|1448\n|teamsize|p1|6\n|teamsize|p2|6\n|gen|9\n|tier|[Gen 9] OU\n|rated|\n|rule|Sleep Clause Mod: Limit one foe put to sleep\n|rule|Species Clause: Limit one of each Pok\u00e9mon\n|rule|OHKO Clause: OHKO moves are banned\n|rule|Evasion Items Clause: Evasion items are banned\n|rule|Evasion Moves Clause: Evasion moves are banned\n|rule|Endless Battle Clause: Forcing endless battles is banned\n|rule|HP Percentage Mod: HP is shown in percentages\n|clearpoke\n|poke|p1|Gliscor, F|\n|poke|p1|Kingambit, M|\n|poke|p1|Dragapult, F|\n|poke|p1|Ceruledge, M|\n|poke|p1|Zamazenta-*|\n|poke|p1|Cinderace, M|\n|poke|p2|Ribombee, F|\n|poke|p2|Great Tusk|\n|poke|p2|Gholdengo|\n|poke|p2|Manaphy|\n|poke|p2|Kingambit, F|\n|poke|p2|Iron Moth|\n|teampreview\n|inactive|Battle timer is ON: inactive players will automatically lose when time's up. (requested by solarsunne)\n|inactive|ShadowDawg also wants the timer to be on.\n|inactive|solarsunne has 120 seconds left.\n|\n|t:|1699762840\n|start\n|switch|p1a: Cinderace|Cinderace, M|100\/100\n|switch|p2a: Ribombee|Ribombee, F|100\/100\n|turn|1\n|\n|t:|1699762846\n|move|p2a: Ribombee|Sticky Web|p1a: Cinderace\n|-sidestart|p1: ShadowDawg|move: Sticky Web\n|move|p1a: Cinderace|Pyro Ball|p2a: Ribombee\n|-supereffective|p2a: Ribombee\n|-enditem|p2a: Ribombee|Focus Sash\n|-damage|p2a: Ribombee|1\/100\n|\n|upkeep\n|turn|2\n|\n|t:|1699762852\n|move|p2a: Ribombee|Moonblast|p1a: Cinderace\n|-resisted|p1a: Cinderace\n|-damage|p1a: Cinderace|70\/100\n|-unboost|p1a: Cinderace|spa|1\n|move|p1a: Cinderace|Court Change|p1a: Cinderace\n|-start|p1a: Cinderace|typechange|Normal|[from] ability: Libero\n|-swapsideconditions\n|-activate|p1a: Cinderace|move: Court Change\n|\n|upkeep\n|turn|3\n|\n|t:|1699762862\n|move|p2a: Ribombee|Sticky Web|p1a: Cinderace\n|-sidestart|p1: ShadowDawg|move: Sticky Web\n|move|p1a: Cinderace|Pyro Ball|p2a: Ribombee\n|-supereffective|p2a: Ribombee\n|-damage|p2a: Ribombee|0 fnt\n|faint|p2a: Ribombee\n|\n|upkeep\n|\n|t:|1699762868\n|switch|p2a: Great Tusk|Great Tusk|100\/100\n|-activate|p2a: Great Tusk|move: Sticky Web\n|-unboost|p2a: Great Tusk|spe|1\n|turn|4\n|\n|t:|1699762876\n|switch|p1a: Ceruledge|Ceruledge, M|100\/100\n|-activate|p1a: Ceruledge|move: Sticky Web\n|-unboost|p1a: Ceruledge|spe|1\n|move|p2a: Great Tusk|Ice Spinner|p1a: Ceruledge\n|-resisted|p1a: Ceruledge\n|-damage|p1a: Ceruledge|80\/100\n|\n|upkeep\n|turn|5\n|\n|t:|1699762885\n|switch|p1a: Dragapult|Dragapult, F, shiny|100\/100\n|-activate|p1a: Dragapult|move: Sticky Web\n|-unboost|p1a: Dragapult|spe|1\n|move|p2a: Great Tusk|Bulk Up|p2a: Great Tusk\n|-boost|p2a: Great Tusk|atk|1\n|-boost|p2a: Great Tusk|def|1\n|\n|upkeep\n|turn|6\n|\n|t:|1699762894\n|-terastallize|p2a: Great Tusk|Electric\n|move|p1a: Dragapult|Draco Meteor|p2a: Great Tusk\n|-damage|p2a: Great Tusk|0 fnt\n|-unboost|p1a: Dragapult|spa|2\n|faint|p2a: Great Tusk\n|-end|p2a: Great Tusk|Protosynthesis|[silent]\n|\n|upkeep\n|inactive|solarsunne has 120 seconds left.\n|j| DojimaDog\n|c| DojimaDog|own this fraud\n|inactive|solarsunne has 90 seconds left.\n|n|!solarsunne|solarsunne\n|\n|t:|1699762980\n|switch|p2a: Kingambit|Kingambit, F|100\/100\n|-activate|p2a: Kingambit|move: Sticky Web\n|-unboost|p2a: Kingambit|spe|1\n|-activate|p2a: Kingambit|ability: Supreme Overlord\n|-start|p2a: Kingambit|fallen2|[silent]\n|turn|7\n|c|\u2606ShadowDawg|whos the fraud?\n|\n|t:|1699762988\n|switch|p1a: Zamazenta|Zamazenta|100\/100\n|-activate|p1a: Zamazenta|move: Sticky Web\n|-unboost|p1a: Zamazenta|spe|1\n|-ability|p1a: Zamazenta|Dauntless Shield|boost\n|-boost|p1a: Zamazenta|def|1\n|move|p2a: Kingambit|Kowtow Cleave|p1a: Zamazenta\n|-resisted|p1a: Zamazenta\n|-damage|p1a: Zamazenta|85\/100\n|\n|-heal|p1a: Zamazenta|91\/100|[from] item: Leftovers\n|upkeep\n|turn|8\n|\n|t:|1699762999\n|-end|p2a: Kingambit|fallen2|[silent]\n|switch|p2a: Iron Moth|Iron Moth|100\/100\n|-activate|p2a: Iron Moth|move: Sticky Web\n|-unboost|p2a: Iron Moth|spe|1\n|-enditem|p2a: Iron Moth|Booster Energy\n|-activate|p2a: Iron Moth|ability: Quark Drive|[fromitem]\n|-start|p2a: Iron Moth|quarkdrivespa\n|move|p1a: Zamazenta|Substitute|p1a: Zamazenta\n|-start|p1a: Zamazenta|Substitute\n|-damage|p1a: Zamazenta|66\/100\n|\n|-heal|p1a: Zamazenta|73\/100|[from] item: Leftovers\n|upkeep\n|turn|9\n|inactive|solarsunne has 90 seconds left.\n|c| DojimaDog|up to interpretation\n|\n|t:|1699763012\n|move|p1a: Zamazenta|Crunch|p2a: Iron Moth\n|-damage|p2a: Iron Moth|69\/100\n|move|p2a: Iron Moth|Fiery Dance|p1a: Zamazenta\n|-end|p1a: Zamazenta|Substitute\n|-boost|p2a: Iron Moth|spa|1\n|\n|-heal|p1a: Zamazenta|79\/100|[from] item: Leftovers\n|upkeep\n|turn|10\n|\n|t:|1699763021\n|switch|p1a: Ceruledge|Ceruledge, M|80\/100\n|-activate|p1a: Ceruledge|move: Sticky Web\n|-unboost|p1a: Ceruledge|spe|1\n|move|p2a: Iron Moth|Sludge Wave|p1a: Ceruledge\n|-resisted|p1a: Ceruledge\n|-damage|p1a: Ceruledge|55\/100\n|\n|upkeep\n|turn|11\n|\n|t:|1699763029\n|move|p2a: Iron Moth|Substitute|p2a: Iron Moth\n|-start|p2a: Iron Moth|Substitute\n|-damage|p2a: Iron Moth|44\/100\n|move|p1a: Ceruledge|Bitter Blade|p2a: Iron Moth\n|-resisted|p2a: Iron Moth\n|-end|p2a: Iron Moth|Substitute\n|-heal|p1a: Ceruledge|68\/100|[from] drain|[of] p2a: Iron Moth\n|\n|upkeep\n|turn|12\n|\n|t:|1699763037\n|move|p2a: Iron Moth|Psychic|p1a: Ceruledge\n|-damage|p1a: Ceruledge|37\/100\n|-unboost|p1a: Ceruledge|spd|1\n|move|p1a: Ceruledge|Bitter Blade|p2a: Iron Moth\n|-resisted|p2a: Iron Moth\n|-damage|p2a: Iron Moth|11\/100\n|-heal|p1a: Ceruledge|54\/100|[from] drain|[of] p2a: Iron Moth\n|\n|upkeep\n|turn|13\n|-message|solarsunne forfeited.\n|\n|win|ShadowDawg\n|raw|ShadowDawg's rating: 1507 &rarr; <strong>1524<\/strong><br \/>(+17 for winning)\n|raw|solarsunne's rating: 1448 &rarr; <strong>1431<\/strong><br \/>(-17 for losing)\n","uploadtime":1699762966,"views":9,"p1id":"shadowdawg","p2id":"solarsunne","formatid":"gen9ou","rating":1431,"private":0,"password":""}