{"id":"gen9ou-1995311392","p1":"Apamea","p2":"El Lieceeee","format":"[Gen 9] OU","log":"|j|\u2606Apamea\n|j|\u2606El Lieceeee\n|t:|1700551571\n|gametype|singles\n|player|p1|Apamea|rosa-wonderlauncher|1256\n|player|p2|El Lieceeee|170|1219\n|teamsize|p1|6\n|teamsize|p2|6\n|gen|9\n|tier|[Gen 9] OU\n|rated|\n|rule|Sleep Clause Mod: Limit one foe put to sleep\n|rule|Species Clause: Limit one of each Pok\u00e9mon\n|rule|OHKO Clause: OHKO moves are banned\n|rule|Evasion Items Clause: Evasion items are banned\n|rule|Evasion Moves Clause: Evasion moves are banned\n|rule|Endless Battle Clause: Forcing endless battles is banned\n|rule|HP Percentage Mod: HP is shown in percentages\n|clearpoke\n|poke|p1|Glimmora, F|\n|poke|p1|Gholdengo|\n|poke|p1|Kingambit, M|\n|poke|p1|Ting-Lu|\n|poke|p1|Dragapult, F|\n|poke|p1|Ogerpon-Wellspring, F|\n|poke|p2|Ogerpon-Wellspring, F|\n|poke|p2|Landorus-Therian, M|\n|poke|p2|Cinderace, M|\n|poke|p2|Hatterene, F|\n|poke|p2|Slowking-Galar, M|\n|poke|p2|Scizor, M|\n|teampreview\n|inactive|Battle timer is ON: inactive players will automatically lose when time's up. (requested by Apamea)\n|\n|t:|1700551590\n|start\n|switch|p1a: Ogerpon|Ogerpon-Wellspring, F|100\/100\n|switch|p2a: Landorus|Landorus-Therian, M|100\/100\n|-ability|p2a: Landorus|Intimidate|boost\n|-unboost|p1a: Ogerpon|atk|1\n|turn|1\n|\n|t:|1700551603\n|switch|p1a: Glimmora|Glimmora, F|100\/100\n|move|p2a: Landorus|U-turn|p1a: Glimmora\n|-resisted|p1a: Glimmora\n|-damage|p1a: Glimmora|86\/100\n|-activate|p1a: Glimmora|ability: Toxic Debris\n|-sidestart|p2: El Lieceeee|move: Toxic Spikes\n|\n|t:|1700551613\n|switch|p2a: Cinderace|Cinderace, M, shiny|100\/100|[from] U-turn\n|\n|upkeep\n|turn|2\n|\n|t:|1700551619\n|move|p2a: Cinderace|U-turn|p1a: Glimmora\n|-start|p2a: Cinderace|typechange|Bug|[from] ability: Libero\n|-resisted|p1a: Glimmora\n|-damage|p1a: Glimmora|65\/100\n|-activate|p1a: Glimmora|ability: Toxic Debris\n|-sidestart|p2: El Lieceeee|move: Toxic Spikes\n|\n|t:|1700551626\n|switch|p2a: Landorus|Landorus-Therian, M|100\/100|[from] U-turn\n|-ability|p2a: Landorus|Intimidate|boost\n|-unboost|p1a: Glimmora|atk|1\n|move|p1a: Glimmora|Earth Power|p2a: Landorus\n|-immune|p2a: Landorus\n|\n|upkeep\n|turn|3\n|\n|t:|1700551640\n|switch|p1a: Ogerpon|Ogerpon-Wellspring, F|100\/100\n|move|p2a: Landorus|Earthquake|p1a: Ogerpon\n|-resisted|p1a: Ogerpon\n|-damage|p1a: Ogerpon|67\/100\n|\n|upkeep\n|turn|4\n|\n|t:|1700551653\n|move|p1a: Ogerpon|Ivy Cudgel|p2a: Landorus|[anim] Ivy Cudgel Water\n|-supereffective|p2a: Landorus\n|-damage|p2a: Landorus|23\/100\n|move|p2a: Landorus|U-turn|p1a: Ogerpon\n|-supereffective|p1a: Ogerpon\n|-damage|p1a: Ogerpon|7\/100\n|\n|t:|1700551660\n|switch|p2a: Cinderace|Cinderace, M, shiny|100\/100|[from] U-turn\n|\n|upkeep\n|turn|5\n|\n|t:|1700551665\n|switch|p1a: Glimmora|Glimmora, F|65\/100\n|move|p2a: Cinderace|Sucker Punch||[still]\n|-fail|p2a: Cinderace\n|\n|upkeep\n|turn|6\n|\n|t:|1700551677\n|move|p2a: Cinderace|U-turn|p1a: Glimmora\n|-start|p2a: Cinderace|typechange|Bug|[from] ability: Libero\n|-resisted|p1a: Glimmora\n|-damage|p1a: Glimmora|43\/100\n|\n|t:|1700551682\n|switch|p2a: Landorus|Landorus-Therian, M|23\/100|[from] U-turn\n|-ability|p2a: Landorus|Intimidate|boost\n|-unboost|p1a: Glimmora|atk|1\n|move|p1a: Glimmora|Stealth Rock|p2a: Landorus\n|-sidestart|p2: El Lieceeee|move: Stealth Rock\n|\n|upkeep\n|turn|7\n|\n|t:|1700551702\n|move|p1a: Glimmora|Earth Power|p2a: Landorus\n|-immune|p2a: Landorus\n|move|p2a: Landorus|U-turn|p1a: Glimmora\n|-resisted|p1a: Glimmora\n|-damage|p1a: Glimmora|29\/100\n|\n|t:|1700551718\n|switch|p2a: Scizor|Scizor, M|100\/100|[from] U-turn\n|-damage|p2a: Scizor|88\/100|[from] Stealth Rock\n|\n|upkeep\n|turn|8\n|\n|t:|1700551727\n|switch|p1a: Gholdengo|Gholdengo|100\/100\n|move|p2a: Scizor|Swords Dance|p2a: Scizor\n|-boost|p2a: Scizor|atk|2\n|\n|upkeep\n|turn|9\n|\n|t:|1700551743\n|move|p1a: Gholdengo|Shadow Ball|p2a: Scizor\n|-damage|p2a: Scizor|40\/100\n|move|p2a: Scizor|Dual Wingbeat|p1a: Gholdengo\n|-resisted|p1a: Gholdengo\n|-damage|p1a: Gholdengo|68\/100\n|-resisted|p1a: Gholdengo\n|-damage|p1a: Gholdengo|34\/100\n|-hitcount|p1a: Gholdengo|2\n|-damage|p2a: Scizor|30\/100|[from] item: Life Orb\n|\n|upkeep\n|turn|10\n|\n|t:|1700551752\n|move|p2a: Scizor|Bullet Punch|p1a: Gholdengo\n|-resisted|p1a: Gholdengo\n|-damage|p1a: Gholdengo|0 fnt\n|faint|p1a: Gholdengo\n|-damage|p2a: Scizor|20\/100|[from] item: Life Orb\n|\n|upkeep\n|\n|t:|1700551763\n|switch|p1a: Ting-Lu|Ting-Lu|100\/100\n|-ability|p1a: Ting-Lu|Vessel of Ruin\n|turn|11\n|\n|t:|1700551769\n|move|p2a: Scizor|Close Combat|p1a: Ting-Lu\n|-supereffective|p1a: Ting-Lu\n|-damage|p1a: Ting-Lu|0 fnt\n|-unboost|p2a: Scizor|def|1\n|-unboost|p2a: Scizor|spd|1\n|faint|p1a: Ting-Lu\n|-damage|p2a: Scizor|10\/100|[from] item: Life Orb\n|\n|upkeep\n|\n|t:|1700551787\n|switch|p1a: Ogerpon|Ogerpon-Wellspring, F|7\/100\n|turn|12\n|\n|t:|1700551795\n|move|p2a: Scizor|Bullet Punch|p1a: Ogerpon\n|-resisted|p1a: Ogerpon\n|-damage|p1a: Ogerpon|0 fnt\n|faint|p1a: Ogerpon\n|-damage|p2a: Scizor|0 fnt|[from] item: Life Orb\n|faint|p2a: Scizor\n|\n|upkeep\n|\n|t:|1700551801\n|switch|p1a: Glimmora|Glimmora, F|29\/100\n|switch|p2a: Cinderace|Cinderace, M, shiny|100\/100\n|turn|13\n|\n|t:|1700551820\n|move|p2a: Cinderace|U-turn|p1a: Glimmora\n|-start|p2a: Cinderace|typechange|Bug|[from] ability: Libero\n|-resisted|p1a: Glimmora\n|-damage|p1a: Glimmora|10\/100\n|\n|t:|1700551826\n|switch|p2a: Slowking|Slowking-Galar, M|100\/100|[from] U-turn\n|-sideend|p2: El Lieceeee|move: Toxic Spikes|[of] p2a: Slowking\n|-damage|p2a: Slowking|88\/100|[from] Stealth Rock\n|move|p1a: Glimmora|Mortal Spin|p2a: Slowking\n|-resisted|p2a: Slowking\n|-damage|p2a: Slowking|85\/100\n|\n|-heal|p2a: Slowking|91\/100|[from] item: Black Sludge\n|upkeep\n|turn|14\n|\n|t:|1700551833\n|move|p1a: Glimmora|Earth Power|p2a: Slowking\n|-supereffective|p2a: Slowking\n|-damage|p2a: Slowking|56\/100\n|move|p2a: Slowking|Ice Beam|p1a: Glimmora\n|-damage|p1a: Glimmora|0 fnt\n|faint|p1a: Glimmora\n|\n|-heal|p2a: Slowking|62\/100|[from] item: Black Sludge\n|upkeep\n|\n|t:|1700551838\n|switch|p1a: Dragapult|Dragapult, F|100\/100\n|turn|15\n|\n|t:|1700551847\n|-terastallize|p2a: Slowking|Poison\n|move|p1a: Dragapult|Light Screen|p1a: Dragapult\n|-sidestart|p1: Apamea|move: Light Screen\n|move|p2a: Slowking|Ice Beam|p1a: Dragapult\n|-supereffective|p1a: Dragapult\n|-damage|p1a: Dragapult|75\/100\n|\n|-heal|p2a: Slowking|69\/100|[from] item: Black Sludge\n|upkeep\n|turn|16\n|\n|t:|1700551856\n|move|p1a: Dragapult|Thunder Wave|p2a: Slowking\n|-status|p2a: Slowking|par\n|move|p2a: Slowking|Ice Beam|p1a: Dragapult\n|-supereffective|p1a: Dragapult\n|-damage|p1a: Dragapult|48\/100\n|-status|p1a: Dragapult|frz\n|\n|-heal|p2a: Slowking|75\/100 par|[from] item: Black Sludge\n|upkeep\n|turn|17\n|\n|t:|1700551862\n|cant|p1a: Dragapult|frz\n|move|p2a: Slowking|Chilly Reception|p2a: Slowking\n|-weather|Snow\n|\n|t:|1700551865\n|switch|p2a: Ogerpon|Ogerpon-Wellspring, F|100\/100|[from] Chilly Reception\n|-damage|p2a: Ogerpon|88\/100|[from] Stealth Rock\n|\n|-weather|Snow|[upkeep]\n|upkeep\n|turn|18\n|\n|t:|1700551869\n|cant|p1a: Dragapult|frz\n|move|p2a: Ogerpon|Substitute|p2a: Ogerpon\n|-start|p2a: Ogerpon|Substitute\n|-damage|p2a: Ogerpon|63\/100\n|\n|-weather|Snow|[upkeep]\n|upkeep\n|turn|19\n|\n|t:|1700551873\n|-curestatus|p1a: Dragapult|frz|[msg]\n|move|p1a: Dragapult|Reflect|p1a: Dragapult\n|-sidestart|p1: Apamea|Reflect\n|move|p2a: Ogerpon|Swords Dance|p2a: Ogerpon\n|-boost|p2a: Ogerpon|atk|2\n|\n|-weather|Snow|[upkeep]\n|upkeep\n|turn|20\n|\n|t:|1700551879\n|move|p1a: Dragapult|Curse|p2a: Ogerpon\n|-start|p2a: Ogerpon|Curse|[of] p1a: Dragapult\n|-damage|p1a: Dragapult|0 fnt\n|faint|p1a: Dragapult\n|move|p2a: Ogerpon|Swords Dance|p2a: Ogerpon\n|-boost|p2a: Ogerpon|atk|2\n|\n|-weather|Snow|[upkeep]\n|-damage|p2a: Ogerpon|38\/100|[from] Curse\n|upkeep\n|\n|t:|1700551885\n|switch|p1a: Kingambit|Kingambit, M|100\/100\n|-activate|p1a: Kingambit|ability: Supreme Overlord\n|-start|p1a: Kingambit|fallen5|[silent]\n|turn|21\n|\n|t:|1700551891\n|move|p2a: Ogerpon|Ivy Cudgel|p1a: Kingambit|[anim] Ivy Cudgel Water\n|-damage|p1a: Kingambit|23\/100\n|move|p1a: Kingambit|Night Slash|p2a: Ogerpon\n|-end|p2a: Ogerpon|Substitute\n|\n|-weather|none\n|-heal|p1a: Kingambit|29\/100|[from] item: Leftovers\n|-damage|p2a: Ogerpon|13\/100|[from] Curse\n|upkeep\n|turn|22\n|\n|t:|1700551914\n|move|p1a: Kingambit|Sucker Punch|p2a: Ogerpon\n|-damage|p2a: Ogerpon|0 fnt\n|faint|p2a: Ogerpon\n|\n|-heal|p1a: Kingambit|35\/100|[from] item: Leftovers\n|-sideend|p1: Apamea|move: Light Screen\n|upkeep\n|\n|t:|1700551919\n|switch|p2a: Landorus|Landorus-Therian, M|23\/100\n|-damage|p2a: Landorus|11\/100|[from] Stealth Rock\n|-ability|p2a: Landorus|Intimidate|boost\n|-unboost|p1a: Kingambit|atk|1\n|turn|23\n|inactive|Apamea has 120 seconds left.\n|\n|t:|1700551965\n|switch|p2a: Slowking|Slowking-Galar, M, tera:Poison|100\/100 par\n|-damage|p2a: Slowking|88\/100 par|[from] Stealth Rock\n|-terastallize|p1a: Kingambit|Fairy\n|move|p1a: Kingambit|Swords Dance|p1a: Kingambit\n|-boost|p1a: Kingambit|atk|2\n|\n|-heal|p1a: Kingambit|41\/100|[from] item: Leftovers\n|-heal|p2a: Slowking|94\/100 par|[from] item: Black Sludge\n|upkeep\n|turn|24\n|\n|t:|1700551980\n|move|p1a: Kingambit|Night Slash|p2a: Slowking\n|-damage|p2a: Slowking|0 fnt\n|faint|p2a: Slowking\n|\n|-heal|p1a: Kingambit|47\/100|[from] item: Leftovers\n|upkeep\n|\n|t:|1700551984\n|switch|p2a: Landorus|Landorus-Therian, M|11\/100\n|-damage|p2a: Landorus|0 fnt|[from] Stealth Rock\n|faint|p2a: Landorus\n|\n|t:|1700551990\n|switch|p2a: Hatterene|Hatterene, F|100\/100\n|-damage|p2a: Hatterene|88\/100|[from] Stealth Rock\n|turn|25\n|\n|t:|1700552000\n|move|p1a: Kingambit|Tera Blast|p2a: Hatterene|[anim] Tera Blast Fairy\n|-damage|p2a: Hatterene|1\/100\n|move|p2a: Hatterene|Draining Kiss|p1a: Kingambit\n|-damage|p1a: Kingambit|23\/100\n|-heal|p2a: Hatterene|21\/100|[from] drain|[of] p1a: Kingambit\n|\n|-heal|p1a: Kingambit|30\/100|[from] item: Leftovers\n|-heal|p2a: Hatterene|27\/100|[from] item: Leftovers\n|upkeep\n|turn|26\n|inactive|Apamea has 120 seconds left.\n|\n|t:|1700552009\n|move|p1a: Kingambit|Night Slash|p2a: Hatterene\n|-damage|p2a: Hatterene|0 fnt\n|faint|p2a: Hatterene\n|\n|-heal|p1a: Kingambit|36\/100|[from] item: Leftovers\n|-sideend|p1: Apamea|Reflect\n|upkeep\n|\n|t:|1700552012\n|switch|p2a: Cinderace|Cinderace, M, shiny|100\/100\n|turn|27\n|\n|t:|1700552015\n|move|p1a: Kingambit|Sucker Punch|p2a: Cinderace\n|-damage|p2a: Cinderace|0 fnt\n|faint|p2a: Cinderace\n|\n|win|Apamea\n|raw|Apamea's rating: 1256 &rarr; <strong>1278<\/strong><br \/>(+22 for winning)\n|raw|El Lieceeee's rating: 1219 &rarr; <strong>1197<\/strong><br \/>(-22 for losing)\n","uploadtime":1700552019,"views":6,"p1id":"apamea","p2id":"ellieceeee","formatid":"gen9ou","rating":1197,"private":0,"password":""}