{"id":"gen9ou-1997470898","p1":"Skaraptor2.1","p2":"Dummy Sauce","format":"[Gen 9] OU","log":"|j|\u2606Skaraptor2.1\n|j|\u2606Dummy Sauce\n|t:|1700811120\n|gametype|singles\n|player|p1|Skaraptor2.1|bodybuilderf-gen9|1362\n|player|p2|Dummy Sauce|waiter|1336\n|teamsize|p1|6\n|teamsize|p2|6\n|gen|9\n|tier|[Gen 9] OU\n|rated|\n|rule|Sleep Clause Mod: Limit one foe put to sleep\n|rule|Species Clause: Limit one of each Pok\u00e9mon\n|rule|OHKO Clause: OHKO moves are banned\n|rule|Evasion Items Clause: Evasion items are banned\n|rule|Evasion Moves Clause: Evasion moves are banned\n|rule|Endless Battle Clause: Forcing endless battles is banned\n|rule|HP Percentage Mod: HP is shown in percentages\n|clearpoke\n|poke|p1|Ribombee, M|\n|poke|p1|Ogerpon-Wellspring, F|\n|poke|p1|Great Tusk|\n|poke|p1|Zamazenta-*|\n|poke|p1|Iron Valiant|\n|poke|p1|Kingambit, F|\n|poke|p2|Zapdos|\n|poke|p2|Great Tusk|\n|poke|p2|Dragonite, M|\n|poke|p2|Heatran, F|\n|poke|p2|Clefable, F|\n|poke|p2|Ogerpon-Wellspring, F|\n|teampreview\n|inactive|Battle timer is ON: inactive players will automatically lose when time's up. (requested by Dummy Sauce)\n|inactive|Skaraptor2.1 also wants the timer to be on.\n|\n|t:|1700811128\n|start\n|switch|p1a: Transfem|Ogerpon-Wellspring, F|100\/100\n|switch|p2a: Heatran|Heatran, F|100\/100\n|turn|1\n|\n|t:|1700811144\n|-terastallize|p2a: Heatran|Grass\n|move|p1a: Transfem|Knock Off|p2a: Heatran\n|-damage|p2a: Heatran|70\/100\n|-enditem|p2a: Heatran|Leftovers|[from] move: Knock Off|[of] p1a: Transfem\n|move|p2a: Heatran|Will-O-Wisp|p1a: Transfem\n|-status|p1a: Transfem|brn\n|\n|-damage|p1a: Transfem|95\/100 brn|[from] brn\n|upkeep\n|turn|2\n|\n|t:|1700811165\n|move|p1a: Transfem|Swords Dance|p1a: Transfem\n|-boost|p1a: Transfem|atk|2\n|move|p2a: Heatran|Stealth Rock|p1a: Transfem\n|-sidestart|p1: Skaraptor2.1|move: Stealth Rock\n|\n|-damage|p1a: Transfem|89\/100 brn|[from] brn\n|upkeep\n|turn|3\n|\n|t:|1700811174\n|move|p1a: Transfem|Swords Dance|p1a: Transfem\n|-boost|p1a: Transfem|atk|2\n|move|p2a: Heatran|Fire Blast|p1a: Transfem\n|-damage|p1a: Transfem|31\/100 brn\n|\n|-damage|p1a: Transfem|25\/100 brn|[from] brn\n|upkeep\n|turn|4\n|\n|t:|1700811180\n|move|p1a: Transfem|Horn Leech|p2a: Heatran\n|-resisted|p2a: Heatran\n|-damage|p2a: Heatran|45\/100\n|-heal|p1a: Transfem|41\/100 brn|[from] drain|[of] p2a: Heatran\n|move|p2a: Heatran|Fire Blast|p1a: Transfem\n|-damage|p1a: Transfem|0 fnt\n|faint|p1a: Transfem\n|\n|upkeep\n|\n|t:|1700811187\n|switch|p1a: Raging Queer|Great Tusk|100\/100\n|turn|5\n|\n|t:|1700811191\n|-end|p1a: Raging Queer|Protosynthesis|[silent]\n|switch|p1a: Bigender|Iron Valiant|100\/100\n|-damage|p1a: Bigender|94\/100|[from] Stealth Rock\n|-enditem|p1a: Bigender|Booster Energy\n|-activate|p1a: Bigender|ability: Quark Drive|[fromitem]\n|-start|p1a: Bigender|quarkdrivespe\n|move|p2a: Heatran|Will-O-Wisp|p1a: Bigender\n|-status|p1a: Bigender|brn\n|\n|-damage|p1a: Bigender|88\/100 brn|[from] brn\n|upkeep\n|turn|6\n|\n|t:|1700811195\n|switch|p2a: Clefable|Clefable, F|100\/100\n|move|p1a: Bigender|Moonblast|p2a: Clefable\n|-damage|p2a: Clefable|55\/100\n|\n|-damage|p1a: Bigender|82\/100 brn|[from] brn\n|upkeep\n|turn|7\n|\n|t:|1700811210\n|-terastallize|p1a: Bigender|Electric\n|move|p1a: Bigender|Moonblast|p2a: Clefable\n|-damage|p2a: Clefable|13\/100\n|-unboost|p2a: Clefable|spa|1\n|move|p2a: Clefable|Moonblast|p1a: Bigender\n|-damage|p1a: Bigender|14\/100 brn\n|\n|-damage|p1a: Bigender|8\/100 brn|[from] brn\n|upkeep\n|turn|8\n|\n|t:|1700811233\n|move|p1a: Bigender|Moonblast|p2a: Clefable\n|-damage|p2a: Clefable|0 fnt\n|faint|p2a: Clefable\n|\n|-damage|p1a: Bigender|2\/100 brn|[from] brn\n|upkeep\n|\n|t:|1700811237\n|switch|p2a: Dragonite|Dragonite, M|100\/100\n|turn|9\n|\n|t:|1700811239\n|move|p2a: Dragonite|Extreme Speed|p1a: Bigender\n|-damage|p1a: Bigender|0 fnt\n|faint|p1a: Bigender\n|-end|p1a: Bigender|Quark Drive|[silent]\n|\n|upkeep\n|\n|t:|1700811243\n|switch|p1a: Raging Queer|Great Tusk|100\/100\n|turn|10\n|\n|t:|1700811246\n|move|p1a: Raging Queer|Rapid Spin|p2a: Dragonite\n|-damage|p2a: Dragonite|91\/100\n|-boost|p1a: Raging Queer|spe|1\n|-sideend|p1: Skaraptor2.1|Stealth Rock|[from] move: Rapid Spin|[of] p1a: Raging Queer\n|move|p2a: Dragonite|Outrage|p1a: Raging Queer\n|-damage|p1a: Raging Queer|49\/100\n|\n|upkeep\n|turn|11\n|\n|t:|1700811250\n|move|p1a: Raging Queer|Taunt|p2a: Dragonite\n|-start|p2a: Dragonite|move: Taunt\n|move|p2a: Dragonite|Outrage|p1a: Raging Queer|[from]lockedmove\n|-damage|p1a: Raging Queer|2\/100\n|\n|upkeep\n|turn|12\n|\n|t:|1700811258\n|move|p1a: Raging Queer|Knock Off|p2a: Dragonite\n|-damage|p2a: Dragonite|51\/100\n|-enditem|p2a: Dragonite|Lum Berry|[from] move: Knock Off|[of] p1a: Raging Queer\n|move|p2a: Dragonite|Outrage|p1a: Raging Queer|[from]lockedmove\n|-damage|p1a: Raging Queer|0 fnt\n|faint|p1a: Raging Queer\n|-end|p1a: Raging Queer|Protosynthesis|[silent]\n|-start|p2a: Dragonite|confusion|[fatigue]\n|\n|upkeep\n|\n|t:|1700811265\n|switch|p1a: Twink|Ribombee, M|100\/100\n|turn|13\n|\n|t:|1700811271\n|-activate|p2a: Dragonite|confusion\n|move|p2a: Dragonite|Extreme Speed|p1a: Twink\n|-damage|p1a: Twink|48\/100\n|move|p1a: Twink|Sticky Web|p2a: Dragonite\n|-sidestart|p2: Dummy Sauce|move: Sticky Web\n|\n|-end|p2a: Dragonite|move: Taunt\n|upkeep\n|turn|14\n|\n|t:|1700811276\n|-activate|p2a: Dragonite|confusion\n|move|p2a: Dragonite|Extreme Speed|p1a: Twink\n|-damage|p1a: Twink|0 fnt\n|faint|p1a: Twink\n|\n|upkeep\n|\n|t:|1700811279\n|switch|p1a: Defender of Trans|Zamazenta, shiny|100\/100\n|-ability|p1a: Defender of Trans|Dauntless Shield|boost\n|-boost|p1a: Defender of Trans|def|1\n|turn|15\n|\n|t:|1700811283\n|move|p1a: Defender of Trans|Iron Defense|p1a: Defender of Trans\n|-boost|p1a: Defender of Trans|def|2\n|-activate|p2a: Dragonite|confusion\n|move|p2a: Dragonite|Outrage|p1a: Defender of Trans\n|-damage|p1a: Defender of Trans|83\/100\n|\n|-heal|p1a: Defender of Trans|90\/100|[from] item: Leftovers\n|upkeep\n|turn|16\n|\n|t:|1700811286\n|move|p1a: Defender of Trans|Iron Defense|p1a: Defender of Trans\n|-boost|p1a: Defender of Trans|def|2\n|-activate|p2a: Dragonite|confusion\n|-damage|p2a: Dragonite|35\/100|[from] confusion\n|\n|-heal|p1a: Defender of Trans|96\/100|[from] item: Leftovers\n|upkeep\n|turn|17\n|\n|t:|1700811289\n|move|p1a: Defender of Trans|Body Press|p2a: Dragonite\n|-resisted|p2a: Dragonite\n|-crit|p2a: Dragonite\n|-damage|p2a: Dragonite|0 fnt\n|faint|p2a: Dragonite\n|\n|-heal|p1a: Defender of Trans|100\/100|[from] item: Leftovers\n|upkeep\n|\n|t:|1700811297\n|switch|p2a: Zapdos|Zapdos|100\/100\n|turn|18\n|\n|t:|1700811303\n|move|p1a: Defender of Trans|Iron Defense|p1a: Defender of Trans\n|-boost|p1a: Defender of Trans|def|1\n|move|p2a: Zapdos|Hurricane|p1a: Defender of Trans|[miss]\n|-miss|p2a: Zapdos|p1a: Defender of Trans\n|\n|upkeep\n|turn|19\n|\n|t:|1700811307\n|move|p1a: Defender of Trans|Body Press|p2a: Zapdos\n|-resisted|p2a: Zapdos\n|-crit|p2a: Zapdos\n|-damage|p2a: Zapdos|0 fnt\n|faint|p2a: Zapdos\n|\n|upkeep\n|-message|Dummy Sauce forfeited.\n|\n|win|Skaraptor2.1\n|raw|Skaraptor2.1's rating: 1362 &rarr; <strong>1381<\/strong><br \/>(+19 for winning)\n|raw|Dummy Sauce's rating: 1336 &rarr; <strong>1317<\/strong><br \/>(-19 for losing)\n|l|\u2606Dummy Sauce\n","uploadtime":1700811317,"views":2,"p1id":"skaraptor21","p2id":"dummysauce","formatid":"gen9ou","rating":1317,"private":0,"password":""}