{"id":"gen9ou-2000584105","p1":"kelo_pario","p2":"TomoTaco69","format":"[Gen 9] OU","log":"|j|\u2606kelo_pario\n|j|\u2606TomoTaco69\n|t:|1701207627\n|gametype|singles\n|player|p1|kelo_pario|hilda|1458\n|player|p2|TomoTaco69|bellelba|1445\n|teamsize|p1|6\n|teamsize|p2|6\n|gen|9\n|tier|[Gen 9] OU\n|rated|\n|rule|Sleep Clause Mod: Limit one foe put to sleep\n|rule|Species Clause: Limit one of each Pok\u00e9mon\n|rule|OHKO Clause: OHKO moves are banned\n|rule|Evasion Items Clause: Evasion items are banned\n|rule|Evasion Moves Clause: Evasion moves are banned\n|rule|Endless Battle Clause: Forcing endless battles is banned\n|rule|HP Percentage Mod: HP is shown in percentages\n|clearpoke\n|poke|p1|Garganacl, M|\n|poke|p1|Gholdengo|\n|poke|p1|Iron Valiant|\n|poke|p1|Dragonite, M|\n|poke|p1|Zapdos|\n|poke|p1|Landorus-Therian, M|\n|poke|p2|Great Tusk|\n|poke|p2|Kingambit, M|\n|poke|p2|Heatran, M|\n|poke|p2|Ceruledge, M|\n|poke|p2|Dragapult, M|\n|poke|p2|Samurott-Hisui, M|\n|teampreview\n|inactive|Battle timer is ON: inactive players will automatically lose when time's up. (requested by kelo_pario)\n|\n|t:|1701207634\n|start\n|switch|p1a: Landorus|Landorus-Therian, M|100\/100\n|switch|p2a: Fire is my Blood|Heatran, M|100\/100\n|-ability|p1a: Landorus|Intimidate|boost\n|-unboost|p2a: Fire is my Blood|atk|1\n|turn|1\n|\n|t:|1701207643\n|-terastallize|p2a: Fire is my Blood|Grass\n|move|p1a: Landorus|Earthquake|p2a: Fire is my Blood\n|-resisted|p2a: Fire is my Blood\n|-crit|p2a: Fire is my Blood\n|-damage|p2a: Fire is my Blood|66\/100\n|move|p2a: Fire is my Blood|Magma Storm|p1a: Landorus\n|-damage|p1a: Landorus|38\/100\n|-activate|p1a: Landorus|move: Magma Storm|[of] p2a: Fire is my Blood\n|\n|-heal|p2a: Fire is my Blood|73\/100|[from] item: Leftovers\n|-damage|p1a: Landorus|26\/100|[from] move: Magma Storm|[partiallytrapped]\n|upkeep\n|turn|2\n|\n|t:|1701207654\n|move|p2a: Fire is my Blood|Protect|p2a: Fire is my Blood\n|-singleturn|p2a: Fire is my Blood|Protect\n|move|p1a: Landorus|Earthquake|p2a: Fire is my Blood\n|-activate|p2a: Fire is my Blood|move: Protect\n|\n|-heal|p2a: Fire is my Blood|79\/100|[from] item: Leftovers\n|-damage|p1a: Landorus|14\/100|[from] move: Magma Storm|[partiallytrapped]\n|upkeep\n|turn|3\n|\n|t:|1701207662\n|move|p1a: Landorus|Earthquake|p2a: Fire is my Blood\n|-resisted|p2a: Fire is my Blood\n|-damage|p2a: Fire is my Blood|56\/100\n|move|p2a: Fire is my Blood|Magma Storm|p1a: Landorus\n|-damage|p1a: Landorus|0 fnt\n|faint|p1a: Landorus\n|\n|-heal|p2a: Fire is my Blood|62\/100|[from] item: Leftovers\n|upkeep\n|\n|t:|1701207675\n|switch|p1a: Zapdos|Zapdos|100\/100\n|turn|4\n|\n|t:|1701207679\n|move|p2a: Fire is my Blood|Protect|p2a: Fire is my Blood\n|-singleturn|p2a: Fire is my Blood|Protect\n|move|p1a: Zapdos|Hurricane|p2a: Fire is my Blood\n|-activate|p2a: Fire is my Blood|move: Protect\n|\n|-heal|p2a: Fire is my Blood|68\/100|[from] item: Leftovers\n|upkeep\n|turn|5\n|\n|t:|1701207686\n|switch|p2a: Steel is my Body|Kingambit, M|100\/100\n|move|p1a: Zapdos|Hurricane|p2a: Steel is my Body\n|-resisted|p2a: Steel is my Body\n|-damage|p2a: Steel is my Body|77\/100\n|\n|-heal|p2a: Steel is my Body|83\/100|[from] item: Leftovers\n|upkeep\n|turn|6\n|\n|t:|1701207694\n|move|p1a: Zapdos|Volt Switch|p2a: Steel is my Body\n|-damage|p2a: Steel is my Body|54\/100\n|\n|t:|1701207700\n|switch|p1a: Garganacl|Garganacl, M|100\/100|[from] Volt Switch\n|move|p2a: Steel is my Body|Kowtow Cleave|p1a: Garganacl\n|-damage|p1a: Garganacl|74\/100\n|\n|-heal|p2a: Steel is my Body|60\/100|[from] item: Leftovers\n|-heal|p1a: Garganacl|80\/100|[from] item: Leftovers\n|upkeep\n|turn|7\n|\n|t:|1701207709\n|switch|p1a: Zapdos|Zapdos|100\/100\n|move|p2a: Steel is my Body|Iron Head|p1a: Zapdos\n|-resisted|p1a: Zapdos\n|-damage|p1a: Zapdos|76\/100\n|\n|-heal|p2a: Steel is my Body|67\/100|[from] item: Leftovers\n|upkeep\n|turn|8\n|\n|t:|1701207716\n|move|p1a: Zapdos|Heat Wave|p2a: Steel is my Body\n|-supereffective|p2a: Steel is my Body\n|-damage|p2a: Steel is my Body|15\/100\n|move|p2a: Steel is my Body|Kowtow Cleave|p1a: Zapdos\n|-damage|p1a: Zapdos|27\/100\n|\n|-heal|p2a: Steel is my Body|21\/100|[from] item: Leftovers\n|upkeep\n|turn|9\n|\n|t:|1701207724\n|move|p2a: Steel is my Body|Sucker Punch||[still]\n|-fail|p2a: Steel is my Body\n|move|p1a: Zapdos|Roost|p1a: Zapdos\n|-heal|p1a: Zapdos|77\/100\n|-singleturn|p1a: Zapdos|move: Roost\n|\n|-heal|p2a: Steel is my Body|27\/100|[from] item: Leftovers\n|upkeep\n|turn|10\n|\n|t:|1701207731\n|-end|p2a: Steel is my Body|fallenundefined|[silent]\n|switch|p2a: Unknown to Death|Ceruledge, M|100\/100\n|move|p1a: Zapdos|Heat Wave|p2a: Unknown to Death\n|-start|p2a: Unknown to Death|ability: Flash Fire\n|\n|upkeep\n|turn|11\n|\n|t:|1701207737\n|move|p1a: Zapdos|Volt Switch|p2a: Unknown to Death\n|-damage|p2a: Unknown to Death|78\/100\n|\n|t:|1701207742\n|switch|p1a: Garganacl|Garganacl, M|80\/100|[from] Volt Switch\n|move|p2a: Unknown to Death|Bulk Up|p2a: Unknown to Death\n|-boost|p2a: Unknown to Death|atk|1\n|-boost|p2a: Unknown to Death|def|1\n|\n|-heal|p2a: Unknown to Death|84\/100|[from] item: Leftovers\n|-heal|p1a: Garganacl|87\/100|[from] item: Leftovers\n|upkeep\n|turn|12\n|\n|t:|1701207754\n|move|p2a: Unknown to Death|Poltergeist|p1a: Garganacl\n|-activate|p1a: Garganacl|move: Poltergeist|Leftovers\n|-damage|p1a: Garganacl|68\/100\n|move|p1a: Garganacl|Curse|p1a: Garganacl\n|-unboost|p1a: Garganacl|spe|1\n|-boost|p1a: Garganacl|atk|1\n|-boost|p1a: Garganacl|def|1\n|\n|-heal|p2a: Unknown to Death|91\/100|[from] item: Leftovers\n|-heal|p1a: Garganacl|74\/100|[from] item: Leftovers\n|upkeep\n|turn|13\n|\n|t:|1701207764\n|move|p2a: Unknown to Death|Taunt|p1a: Garganacl\n|-start|p1a: Garganacl|move: Taunt\n|move|p1a: Garganacl|Salt Cure|p2a: Unknown to Death\n|-supereffective|p2a: Unknown to Death\n|-damage|p2a: Unknown to Death|55\/100\n|-start|p2a: Unknown to Death|Salt Cure\n|\n|-heal|p2a: Unknown to Death|61\/100|[from] item: Leftovers\n|-heal|p1a: Garganacl|80\/100|[from] item: Leftovers\n|-damage|p2a: Unknown to Death|49\/100|[from] Salt Cure\n|upkeep\n|turn|14\n|\n|t:|1701207774\n|move|p2a: Unknown to Death|Poltergeist|p1a: Garganacl\n|-activate|p1a: Garganacl|move: Poltergeist|Leftovers\n|-damage|p1a: Garganacl|68\/100\n|move|p1a: Garganacl|Salt Cure|p2a: Unknown to Death\n|-supereffective|p2a: Unknown to Death\n|-damage|p2a: Unknown to Death|16\/100\n|\n|-heal|p2a: Unknown to Death|22\/100|[from] item: Leftovers\n|-heal|p1a: Garganacl|74\/100|[from] item: Leftovers\n|-damage|p2a: Unknown to Death|10\/100|[from] Salt Cure\n|upkeep\n|turn|15\n|\n|t:|1701207785\n|move|p2a: Unknown to Death|Poltergeist|p1a: Garganacl\n|-activate|p1a: Garganacl|move: Poltergeist|Leftovers\n|-damage|p1a: Garganacl|60\/100\n|move|p1a: Garganacl|Salt Cure|p2a: Unknown to Death\n|-supereffective|p2a: Unknown to Death\n|-damage|p2a: Unknown to Death|0 fnt\n|faint|p2a: Unknown to Death\n|\n|-heal|p1a: Garganacl|66\/100|[from] item: Leftovers\n|-end|p1a: Garganacl|move: Taunt\n|upkeep\n|\n|t:|1701207795\n|switch|p2a: Unlimited \u2694 Works|Samurott-Hisui, M|100\/100\n|turn|16\n|\n|t:|1701207800\n|switch|p1a: Zapdos|Zapdos|77\/100\n|move|p2a: Unlimited \u2694 Works|Aqua Cutter|p1a: Zapdos\n|-damage|p1a: Zapdos|10\/100\n|\n|upkeep\n|turn|17\n|\n|t:|1701207806\n|move|p2a: Unlimited \u2694 Works|Aqua Cutter|p1a: Zapdos\n|-damage|p1a: Zapdos|0 fnt\n|faint|p1a: Zapdos\n|\n|upkeep\n|\n|t:|1701207815\n|switch|p1a: Dragonite|Dragonite, M|100\/100\n|turn|18\n|\n|t:|1701207823\n|move|p2a: Unlimited \u2694 Works|Aqua Cutter|p1a: Dragonite\n|-resisted|p1a: Dragonite\n|-damage|p1a: Dragonite|80\/100\n|move|p1a: Dragonite|Dragon Dance|p1a: Dragonite\n|-boost|p1a: Dragonite|atk|1\n|-boost|p1a: Dragonite|spe|1\n|\n|upkeep\n|turn|19\n|\n|t:|1701207829\n|move|p1a: Dragonite|Dragon Dance|p1a: Dragonite\n|-boost|p1a: Dragonite|atk|1\n|-boost|p1a: Dragonite|spe|1\n|move|p2a: Unlimited \u2694 Works|Aqua Cutter|p1a: Dragonite\n|-resisted|p1a: Dragonite\n|-crit|p1a: Dragonite\n|-damage|p1a: Dragonite|16\/100\n|\n|upkeep\n|turn|20\n|\n|t:|1701207838\n|-terastallize|p1a: Dragonite|Normal\n|move|p1a: Dragonite|Extreme Speed|p2a: Unlimited \u2694 Works\n|-damage|p2a: Unlimited \u2694 Works|0 fnt\n|faint|p2a: Unlimited \u2694 Works\n|\n|upkeep\n|\n|t:|1701207848\n|switch|p2a: IamTheBoneOfMy \u2694|Great Tusk|100\/100\n|turn|21\n|\n|t:|1701207852\n|move|p1a: Dragonite|Ice Spinner|p2a: IamTheBoneOfMy \u2694\n|-supereffective|p2a: IamTheBoneOfMy \u2694\n|-damage|p2a: IamTheBoneOfMy \u2694|24\/100\n|move|p2a: IamTheBoneOfMy \u2694|Body Press|p1a: Dragonite\n|-supereffective|p1a: Dragonite\n|-damage|p1a: Dragonite|0 fnt\n|faint|p1a: Dragonite\n|\n|-heal|p2a: IamTheBoneOfMy \u2694|30\/100|[from] item: Leftovers\n|upkeep\n|\n|t:|1701207860\n|switch|p1a: Iron Valiant|Iron Valiant|100\/100\n|turn|22\n|\n|t:|1701207867\n|move|p1a: Iron Valiant|Moonblast|p2a: IamTheBoneOfMy \u2694\n|-supereffective|p2a: IamTheBoneOfMy \u2694\n|-damage|p2a: IamTheBoneOfMy \u2694|0 fnt\n|faint|p2a: IamTheBoneOfMy \u2694\n|-end|p2a: IamTheBoneOfMy \u2694|Protosynthesis|[silent]\n|\n|upkeep\n|\n|t:|1701207875\n|switch|p2a: Unknown to Life|Dragapult, M|100\/100\n|turn|23\n|\n|t:|1701207878\n|move|p2a: Unknown to Life|Shadow Ball|p1a: Iron Valiant\n|-damage|p1a: Iron Valiant|0 fnt\n|faint|p1a: Iron Valiant\n|-end|p1a: Iron Valiant|Quark Drive|[silent]\n|\n|upkeep\n|\n|t:|1701207885\n|switch|p1a: Gholdengo|Gholdengo|100\/100\n|-item|p1a: Gholdengo|Air Balloon\n|turn|24\n|\n|t:|1701207892\n|move|p2a: Unknown to Life|Shadow Ball|p1a: Gholdengo\n|-supereffective|p1a: Gholdengo\n|-damage|p1a: Gholdengo|0 fnt\n|-enditem|p1a: Gholdengo|Air Balloon\n|faint|p1a: Gholdengo\n|\n|upkeep\n|\n|t:|1701207897\n|switch|p1a: Garganacl|Garganacl, M|66\/100\n|turn|25\n|\n|t:|1701207900\n|move|p2a: Unknown to Life|Shadow Ball|p1a: Garganacl\n|-damage|p1a: Garganacl|44\/100\n|move|p1a: Garganacl|Recover|p1a: Garganacl\n|-heal|p1a: Garganacl|94\/100\n|\n|-heal|p1a: Garganacl|99\/100|[from] item: Leftovers\n|upkeep\n|turn|26\n|\n|t:|1701207909\n|switch|p2a: Fire is my Blood|Heatran, M, tera:Grass|68\/100\n|move|p1a: Garganacl|Salt Cure|p2a: Fire is my Blood\n|-damage|p2a: Fire is my Blood|57\/100\n|-start|p2a: Fire is my Blood|Salt Cure\n|\n|-heal|p2a: Fire is my Blood|63\/100|[from] item: Leftovers\n|-heal|p1a: Garganacl|100\/100|[from] item: Leftovers\n|-damage|p2a: Fire is my Blood|50\/100|[from] Salt Cure\n|upkeep\n|turn|27\n|\n|t:|1701207918\n|move|p2a: Fire is my Blood|Taunt|p1a: Garganacl\n|-start|p1a: Garganacl|move: Taunt\n|cant|p1a: Garganacl|move: Taunt|Curse\n|\n|-heal|p2a: Fire is my Blood|57\/100|[from] item: Leftovers\n|-damage|p2a: Fire is my Blood|44\/100|[from] Salt Cure\n|upkeep\n|turn|28\n|\n|t:|1701207927\n|move|p2a: Fire is my Blood|Earth Power|p1a: Garganacl\n|-supereffective|p1a: Garganacl\n|-crit|p1a: Garganacl\n|-damage|p1a: Garganacl|36\/100\n|move|p1a: Garganacl|Earthquake|p2a: Fire is my Blood\n|-resisted|p2a: Fire is my Blood\n|-damage|p2a: Fire is my Blood|35\/100\n|\n|-heal|p2a: Fire is my Blood|42\/100|[from] item: Leftovers\n|-heal|p1a: Garganacl|42\/100|[from] item: Leftovers\n|-damage|p2a: Fire is my Blood|29\/100|[from] Salt Cure\n|upkeep\n|turn|29\n|\n|t:|1701207938\n|move|p2a: Fire is my Blood|Earth Power|p1a: Garganacl\n|-supereffective|p1a: Garganacl\n|-crit|p1a: Garganacl\n|-damage|p1a: Garganacl|0 fnt\n|faint|p1a: Garganacl\n|\n|win|TomoTaco69\n|raw|kelo_pario's rating: 1458 &rarr; <strong>1437<\/strong><br \/>(-21 for losing)\n|raw|TomoTaco69's rating: 1445 &rarr; <strong>1466<\/strong><br \/>(+21 for winning)\n|l|\u2606kelo_pario\n","uploadtime":1701207942,"views":2,"p1id":"kelopario","p2id":"tomotaco69","formatid":"gen9ou","rating":1437,"private":0,"password":""}