{"id":"gen9ou-1997566752","p1":"StinkyBinky609","p2":"BigMatty69","format":"[Gen 9] OU","log":"|j|\u2606StinkyBinky609\n|j|\u2606BigMatty69\n|t:|1700826517\n|gametype|singles\n|player|p1|StinkyBinky609|drayden|1311\n|player|p2|BigMatty69|169|1225\n|teamsize|p1|6\n|teamsize|p2|6\n|gen|9\n|tier|[Gen 9] OU\n|rated|\n|rule|Sleep Clause Mod: Limit one foe put to sleep\n|rule|Species Clause: Limit one of each Pok\u00e9mon\n|rule|OHKO Clause: OHKO moves are banned\n|rule|Evasion Items Clause: Evasion items are banned\n|rule|Evasion Moves Clause: Evasion moves are banned\n|rule|Endless Battle Clause: Forcing endless battles is banned\n|rule|HP Percentage Mod: HP is shown in percentages\n|clearpoke\n|poke|p1|Great Tusk|\n|poke|p1|Chandelure, F|\n|poke|p1|Kilowattrel, F|\n|poke|p1|Iron Valiant|\n|poke|p1|Piloswine, F|\n|poke|p1|Ogerpon, F|\n|poke|p2|Zamazenta-*|\n|poke|p2|Iron Moth|\n|poke|p2|Dragapult, M|\n|poke|p2|Samurott-Hisui, M|\n|poke|p2|Landorus-Therian, M|\n|poke|p2|Ogerpon-Wellspring, F|\n|teampreview\n|\n|t:|1700826528\n|start\n|switch|p1a: Ogerpon-Shitspring|Ogerpon, F|100\/100\n|switch|p2a: Landorus|Landorus-Therian, M|100\/100\n|-ability|p2a: Landorus|Intimidate|boost\n|-unboost|p1a: Ogerpon-Shitspring|atk|1\n|-ability|p1a: Ogerpon-Shitspring|Defiant|boost\n|-boost|p1a: Ogerpon-Shitspring|atk|2\n|turn|1\n|\n|t:|1700826534\n|-terastallize|p1a: Ogerpon-Shitspring|Grass\n|detailschange|p1a: Ogerpon-Shitspring|Ogerpon-Teal-Tera, F, tera:Grass\n|-ability|p1a: Ogerpon-Shitspring|Embody Aspect (Teal)|boost\n|-boost|p1a: Ogerpon-Shitspring|spe|1\n|move|p1a: Ogerpon-Shitspring|Ivy Cudgel|p2a: Landorus\n|-crit|p2a: Landorus\n|-damage|p2a: Landorus|0 fnt\n|faint|p2a: Landorus\n|\n|upkeep\n|\n|t:|1700826544\n|switch|p2a: Iron Moth|Iron Moth|100\/100\n|-enditem|p2a: Iron Moth|Booster Energy\n|-activate|p2a: Iron Moth|ability: Quark Drive|[fromitem]\n|-start|p2a: Iron Moth|quarkdrivespe\n|turn|2\n|\n|t:|1700826548\n|switch|p1a: Chandy|Chandelure, F|100\/100\n|move|p2a: Iron Moth|Fiery Dance|p1a: Chandy\n|-start|p1a: Chandy|ability: Flash Fire\n|\n|upkeep\n|turn|3\n|\n|t:|1700826553\n|-end|p2a: Iron Moth|Quark Drive|[silent]\n|switch|p2a: Samurott|Samurott-Hisui, M|100\/100\n|move|p1a: Chandy|Overheat|p2a: Samurott|[miss]\n|-miss|p1a: Chandy|p2a: Samurott\n|\n|upkeep\n|turn|4\n|c|\u2606StinkyBinky609|I hope i die\n|\n|t:|1700826561\n|move|p2a: Samurott|Ceaseless Edge|p1a: Chandy|[miss]\n|-miss|p2a: Samurott|p1a: Chandy\n|move|p1a: Chandy|Overheat|p2a: Samurott|[miss]\n|-miss|p1a: Chandy|p2a: Samurott\n|\n|upkeep\n|turn|5\n|c|\u2606StinkyBinky609|I hope i fucking die\n|c|\u2606BigMatty69|same\n|\n|t:|1700826571\n|-end|p1a: Chandy|ability: Flash Fire|[silent]\n|switch|p1a: Elon Musk|Great Tusk|100\/100\n|move|p2a: Samurott|Ceaseless Edge|p1a: Elon Musk\n|-resisted|p1a: Elon Musk\n|-damage|p1a: Elon Musk|85\/100\n|-sidestart|p1: StinkyBinky609|Spikes\n|\n|upkeep\n|turn|6\n|c|\u2606StinkyBinky609|I missed 4 in a row\n|c|\u2606StinkyBinky609|missed two in a row last game and lost\n|\n|t:|1700826589\n|move|p1a: Elon Musk|Rapid Spin|p2a: Samurott\n|-damage|p2a: Samurott|79\/100\n|-boost|p1a: Elon Musk|spe|1\n|-sideend|p1: StinkyBinky609|Spikes|[from] move: Rapid Spin|[of] p1a: Elon Musk\n|move|p2a: Samurott|Razor Shell|p1a: Elon Musk\n|-supereffective|p1a: Elon Musk\n|-damage|p1a: Elon Musk|7\/100\n|-unboost|p1a: Elon Musk|def|1\n|\n|upkeep\n|turn|7\n|\n|t:|1700826592\n|-end|p1a: Elon Musk|Protosynthesis|[silent]\n|switch|p1a: Ogerpon-Shitspring|Ogerpon-Teal-Tera, F, tera:Grass|100\/100\n|-ability|p1a: Ogerpon-Shitspring|Embody Aspect (Teal)|boost\n|-boost|p1a: Ogerpon-Shitspring|spe|1\n|move|p2a: Samurott|Ceaseless Edge|p1a: Ogerpon-Shitspring\n|-damage|p1a: Ogerpon-Shitspring|46\/100\n|-sidestart|p1: StinkyBinky609|Spikes\n|\n|upkeep\n|turn|8\n|c|\u2606StinkyBinky609|Stop clicking that shit\n|\n|t:|1700826610\n|switch|p2a: Iron Moth|Iron Moth|100\/100\n|move|p1a: Ogerpon-Shitspring|U-turn|p2a: Iron Moth\n|-resisted|p2a: Iron Moth\n|-damage|p2a: Iron Moth|88\/100\n|\n|t:|1700826614\n|switch|p1a: Small Tusk|Piloswine, F|100\/100|[from] U-turn\n|-damage|p1a: Small Tusk|88\/100|[from] Spikes\n|\n|upkeep\n|turn|9\n|c|\u2606BigMatty69|what\n|c|\u2606StinkyBinky609|I fucking hate hazards\n|\n|t:|1700826621\n|move|p2a: Iron Moth|Fiery Dance|p1a: Small Tusk\n|-supereffective|p1a: Small Tusk\n|-damage|p1a: Small Tusk|52\/100\n|-boost|p2a: Iron Moth|spa|1\n|move|p1a: Small Tusk|Earthquake|p2a: Iron Moth\n|-supereffective|p2a: Iron Moth\n|-damage|p2a: Iron Moth|0 fnt\n|faint|p2a: Iron Moth\n|-end|p2a: Iron Moth|Quark Drive|[silent]\n|\n|upkeep\n|\n|t:|1700826628\n|switch|p2a: Samurott|Samurott-Hisui, M|79\/100\n|turn|10\n|\n|t:|1700826636\n|switch|p1a: Elon Musk|Great Tusk|7\/100\n|-damage|p1a: Elon Musk|0 fnt|[from] Spikes\n|faint|p1a: Elon Musk\n|-end|p1a: Elon Musk|Protosynthesis|[silent]\n|move|p2a: Samurott|Razor Shell|p1: Elon Musk|[notarget]\n|-fail|p2a: Samurott\n|\n|upkeep\n|\n|t:|1700826644\n|switch|p1a: Trash|Iron Valiant|100\/100\n|-damage|p1a: Trash|88\/100|[from] Spikes\n|turn|11\n|\n|t:|1700826649\n|move|p1a: Trash|Moonblast|p2a: Samurott\n|-supereffective|p2a: Samurott\n|-damage|p2a: Samurott|5\/100\n|move|p2a: Samurott|Razor Shell|p1a: Trash\n|-damage|p1a: Trash|38\/100\n|\n|upkeep\n|turn|12\n|\n|t:|1700826653\n|move|p2a: Samurott|Aqua Jet|p1a: Trash\n|-damage|p1a: Trash|19\/100\n|move|p1a: Trash|Moonblast|p2a: Samurott\n|-supereffective|p2a: Samurott\n|-crit|p2a: Samurott\n|-damage|p2a: Samurott|0 fnt\n|faint|p2a: Samurott\n|\n|upkeep\n|\n|t:|1700826662\n|switch|p2a: Zamazenta|Zamazenta|100\/100\n|-ability|p2a: Zamazenta|Dauntless Shield|boost\n|-boost|p2a: Zamazenta|def|1\n|turn|13\n|\n|t:|1700826667\n|-terastallize|p2a: Zamazenta|Steel\n|move|p2a: Zamazenta|Iron Defense|p2a: Zamazenta\n|-boost|p2a: Zamazenta|def|2\n|move|p1a: Trash|Taunt|p2a: Zamazenta\n|-start|p2a: Zamazenta|move: Taunt\n|\n|upkeep\n|turn|14\n|\n|t:|1700826674\n|move|p2a: Zamazenta|Body Press|p1a: Trash\n|-resisted|p1a: Trash\n|-damage|p1a: Trash|0 fnt\n|faint|p1a: Trash\n|-end|p1a: Trash|Quark Drive|[silent]\n|\n|upkeep\n|\n|t:|1700826677\n|switch|p1a: Chandy|Chandelure, F|100\/100\n|-damage|p1a: Chandy|88\/100|[from] Spikes\n|turn|15\n|\n|t:|1700826680\n|move|p2a: Zamazenta|Crunch|p1a: Chandy\n|-supereffective|p1a: Chandy\n|-damage|p1a: Chandy|31\/100\n|move|p1a: Chandy|Overheat|p2a: Zamazenta\n|-supereffective|p2a: Zamazenta\n|-damage|p2a: Zamazenta|0 fnt\n|-unboost|p1a: Chandy|spa|2\n|faint|p2a: Zamazenta\n|\n|upkeep\n|\n|t:|1700826683\n|switch|p2a: Dragapult|Dragapult, M|100\/100\n|turn|16\n|\n|t:|1700826685\n|move|p2a: Dragapult|Phantom Force||[still]\n|-prepare|p2a: Dragapult|Phantom Force\n|move|p1a: Chandy|Overheat|p2a: Dragapult|[miss]\n|-miss|p1a: Chandy|p2a: Dragapult\n|\n|upkeep\n|turn|17\n|\n|t:|1700826699\n|move|p2a: Dragapult|Phantom Force|p1a: Chandy|[from]lockedmove\n|-supereffective|p1a: Chandy\n|-damage|p1a: Chandy|0 fnt\n|faint|p1a: Chandy\n|\n|upkeep\n|\n|t:|1700826701\n|switch|p1a: Ogerpon-Shitspring|Ogerpon-Teal-Tera, F, tera:Grass|46\/100\n|-damage|p1a: Ogerpon-Shitspring|33\/100|[from] Spikes\n|-ability|p1a: Ogerpon-Shitspring|Embody Aspect (Teal)|boost\n|-boost|p1a: Ogerpon-Shitspring|spe|1\n|turn|18\n|\n|t:|1700826721\n|move|p1a: Ogerpon-Shitspring|Knock Off|p2a: Dragapult\n|-supereffective|p2a: Dragapult\n|-damage|p2a: Dragapult|0 fnt\n|-enditem|p2a: Dragapult|Leftovers|[from] move: Knock Off|[of] p1a: Ogerpon-Shitspring\n|faint|p2a: Dragapult\n|\n|upkeep\n|c|\u2606StinkyBinky609|If soure wondering how you can win\n|c|\u2606StinkyBinky609|you cant\n|\n|t:|1700826766\n|switch|p2a: Ogerpon|Ogerpon-Wellspring, F|100\/100\n|turn|19\n|\n|t:|1700826773\n|switch|p1a: Small Tusk|Piloswine, F|52\/100\n|-damage|p1a: Small Tusk|40\/100|[from] Spikes\n|move|p2a: Ogerpon|U-turn|p1a: Small Tusk\n|-damage|p1a: Small Tusk|23\/100\n|\n|upkeep\n|turn|20\n|\n|t:|1700826777\n|move|p1a: Small Tusk|Ice Shard|p2a: Ogerpon\n|-damage|p2a: Ogerpon|74\/100\n|move|p2a: Ogerpon|U-turn|p1a: Small Tusk\n|-damage|p1a: Small Tusk|4\/100\n|\n|upkeep\n|turn|21\n|\n|t:|1700826779\n|move|p1a: Small Tusk|Ice Shard|p2a: Ogerpon\n|-damage|p2a: Ogerpon|47\/100\n|move|p2a: Ogerpon|U-turn|p1a: Small Tusk\n|-damage|p1a: Small Tusk|0 fnt\n|faint|p1a: Small Tusk\n|\n|upkeep\n|\n|t:|1700826784\n|switch|p1a: Gigachaddrel|Kilowattrel, F|100\/100\n|turn|22\n|\n|t:|1700826787\n|move|p1a: Gigachaddrel|Hurricane|p2a: Ogerpon\n|-supereffective|p2a: Ogerpon\n|-damage|p2a: Ogerpon|0 fnt\n|faint|p2a: Ogerpon\n|\n|win|StinkyBinky609\n|raw|StinkyBinky609's rating: 1311 &rarr; <strong>1326<\/strong><br \/>(+15 for winning)\n|raw|BigMatty69's rating: 1225 &rarr; <strong>1206<\/strong><br \/>(-19 for losing)\n","uploadtime":1700826570,"views":3,"p1id":"stinkybinky609","p2id":"bigmatty69","formatid":"gen9ou","rating":1206,"private":0,"password":""}