{"id":"gen9ou-1991382059","p1":"MFDOOM9000","p2":"DiscoKnight","format":"[Gen 9] OU","log":"|j|\u2606MFDOOM9000\n|j|\u2606DiscoKnight\n|t:|1700072444\n|gametype|singles\n|player|p1|MFDOOM9000|rosa|1050\n|player|p2|DiscoKnight|flannery|1000\n|teamsize|p1|6\n|teamsize|p2|6\n|gen|9\n|tier|[Gen 9] OU\n|rated|\n|rule|Sleep Clause Mod: Limit one foe put to sleep\n|rule|Species Clause: Limit one of each Pok\u00e9mon\n|rule|OHKO Clause: OHKO moves are banned\n|rule|Evasion Items Clause: Evasion items are banned\n|rule|Evasion Moves Clause: Evasion moves are banned\n|rule|Endless Battle Clause: Forcing endless battles is banned\n|rule|HP Percentage Mod: HP is shown in percentages\n|clearpoke\n|poke|p1|Kingambit, M|\n|poke|p1|Clodsire, M|\n|poke|p1|Zoroark-Hisui, F|\n|poke|p1|Talonflame, F|\n|poke|p1|Iron Valiant|\n|poke|p1|Dragapult, M|\n|poke|p2|Crawdaunt, F|\n|poke|p2|Corviknight, F|\n|poke|p2|Cinderace, F|\n|poke|p2|Landorus-Therian, M|\n|poke|p2|Zapdos|\n|poke|p2|Slowking-Galar, F|\n|teampreview\n|c|\u2606MFDOOM9000|I get no kick from champagne\n|c|\u2606MFDOOM9000|Mere alcohol doesn't thrill me at all\n|c|\u2606MFDOOM9000|So tell me why shouldn't it be true?\n|\n|t:|1700072478\n|start\n|switch|p1a: Iron Valiant|Iron Valiant|100\/100\n|switch|p2a: Terrance|Crawdaunt, F|100\/100\n|turn|1\n|\n|t:|1700072485\n|switch|p2a: Landorus|Landorus-Therian, M|100\/100\n|-ability|p2a: Landorus|Intimidate|boost\n|-unboost|p1a: Iron Valiant|atk|1\n|move|p1a: Iron Valiant|Trick|p2a: Landorus\n|-activate|p1a: Iron Valiant|move: Trick|[of] p2a: Landorus\n|-item|p2a: Landorus|Choice Specs|[from] move: Trick\n|-item|p1a: Iron Valiant|Rocky Helmet|[from] move: Trick\n|\n|upkeep\n|turn|2\n|c|\u2606MFDOOM9000|I get a kick out of brew\n|\n|t:|1700072513\n|switch|p1a: Talonflame|Talonflame, F, shiny|100\/100\n|move|p2a: Landorus|Earthquake|p1a: Talonflame\n|-immune|p1a: Talonflame\n|\n|upkeep\n|turn|3\n|c|\u2606MFDOOM9000|There's only one beer left\n|c|\u2606MFDOOM9000|Rappers screaming all in our ears like we're deaf\n|c|\u2606MFDOOM9000|Eat up all they emcees and drink 'em under the table\n|c|\u2606MFDOOM9000|Like, \"It's on me, put it on my tab, kid\"\n|c|\u2606MFDOOM9000|However you get there, foot it, cab it, iron horse it\n|c|\u2606MFDOOM9000|You're leaving on your face, forfeit\n|c|\u2606MFDOOM9000|I crush the mic, hold it like the heat, he might toss it\n|c|\u2606MFDOOM9000|Told him tell 'em they stole it, he told her he lost it\n|\n|t:|1700072546\n|switch|p2a: Cinderace|Cinderace, F|100\/100\n|move|p1a: Talonflame|Will-O-Wisp|p2a: Cinderace|[miss]\n|-miss|p1a: Talonflame|p2a: Cinderace\n|\n|upkeep\n|turn|4\n|\n|t:|1700072563\n|switch|p1a: Clodsire|Clodsire, M|100\/100\n|move|p2a: Cinderace|U-turn|p1a: Clodsire\n|-resisted|p1a: Clodsire\n|-damage|p1a: Clodsire|88\/100\n|c|\u2606MFDOOM9000|She told him, \"Get off it\", and a bunch of other more shit\n|c|\u2606MFDOOM9000|Getting money, DT's be getting no new leads\n|c|\u2606MFDOOM9000|It's like he eating watermelon, stay spitting new seeds\n|\n|t:|1700072575\n|switch|p2a: Terrance|Crawdaunt, F|100\/100|[from] U-turn\n|\n|-heal|p1a: Clodsire|94\/100|[from] item: Leftovers\n|upkeep\n|turn|5\n|c|\u2606MFDOOM9000|It's the weed, give me some of what he drooping off\n|c|\u2606MFDOOM9000|Soon as he wake up, choking like it was whooping cough\n|c|\u2606MFDOOM9000|They group been soft\n|c|\u2606MFDOOM9000|First hour at the open bar and they're trooping off\n|c|\u2606MFDOOM9000|He went to go laugh and get some head by the side road\n|c|\u2606MFDOOM9000|She asked him autograph her derriere, it read\n|\n|t:|1700072593\n|move|p2a: Terrance|Knock Off|p1a: Clodsire\n|-damage|p1a: Clodsire|0 fnt\n|-enditem|p1a: Clodsire|Leftovers|[from] move: Knock Off|[of] p2a: Terrance\n|faint|p1a: Clodsire\n|\n|upkeep\n|\n|t:|1700072600\n|switch|p1a: Dragapult|Dragapult, M, shiny|100\/100\n|turn|6\n|\n|t:|1700072606\n|move|p1a: Dragapult|Will-O-Wisp|p2a: Terrance\n|-status|p2a: Terrance|brn\n|move|p2a: Terrance|Knock Off|p1a: Dragapult\n|-supereffective|p1a: Dragapult\n|-damage|p1a: Dragapult|0 fnt\n|-enditem|p1a: Dragapult|Heavy-Duty Boots|[from] move: Knock Off|[of] p2a: Terrance\n|faint|p1a: Dragapult\n|\n|-damage|p2a: Terrance|95\/100 brn|[from] brn\n|upkeep\n|\n|t:|1700072620\n|switch|p1a: Iron Valiant|Iron Valiant|100\/100\n|-enditem|p1a: Iron Valiant|Booster Energy\n|-activate|p1a: Iron Valiant|ability: Quark Drive|[fromitem]\n|-start|p1a: Iron Valiant|quarkdrivespe\n|turn|7\n|\n|t:|1700072626\n|switch|p2a: Slowking|Slowking-Galar, F|100\/100\n|move|p1a: Iron Valiant|Thunderbolt|p2a: Slowking\n|-damage|p2a: Slowking|84\/100\n|\n|-heal|p2a: Slowking|90\/100|[from] item: Black Sludge\n|upkeep\n|turn|8\n|\n|t:|1700072634\n|move|p1a: Iron Valiant|Psyshock|p2a: Slowking\n|-damage|p2a: Slowking|63\/100\n|move|p2a: Slowking|Sludge Bomb|p1a: Iron Valiant\n|-supereffective|p1a: Iron Valiant\n|-damage|p1a: Iron Valiant|0 fnt\n|faint|p1a: Iron Valiant\n|-end|p1a: Iron Valiant|Quark Drive|[silent]\n|\n|-heal|p2a: Slowking|69\/100|[from] item: Black Sludge\n|upkeep\n|\n|t:|1700072642\n|switch|p1a: Kingambit|Kingambit, M|100\/100\n|turn|9\n|\n|t:|1700072649\n|move|p1a: Kingambit|Shadow Ball|p2a: Slowking\n|-supereffective|p2a: Slowking\n|-damage|p2a: Slowking|20\/100\n|move|p2a: Slowking|Trick|p1a: Kingambit\n|-activate|p2a: Slowking|move: Trick|[of] p1a: Kingambit\n|-item|p1a: Kingambit|Black Sludge|[from] move: Trick\n|-item|p2a: Slowking|Rocky Helmet|[from] move: Trick\n|\n|-damage|p1a: Kingambit|88\/100|[from] item: Black Sludge\n|upkeep\n|turn|10\n|\n|t:|1700072662\n|switch|p2a: Corviknight|Corviknight, F|100\/100\n|-ability|p2a: Corviknight|Pressure\n|move|p1a: Kingambit|Trick|p2a: Corviknight\n|-activate|p1a: Kingambit|move: Trick|[of] p2a: Corviknight\n|-item|p2a: Corviknight|Black Sludge|[from] move: Trick\n|-item|p1a: Kingambit|Leftovers|[from] move: Trick\n|\n|-heal|p1a: Kingambit|94\/100|[from] item: Leftovers\n|-damage|p2a: Corviknight|88\/100|[from] item: Black Sludge\n|upkeep\n|turn|11\n|\n|t:|1700072672\n|switch|p1a: Talonflame|Talonflame, F, shiny|100\/100\n|move|p2a: Corviknight|U-turn|p1a: Talonflame\n|-resisted|p1a: Talonflame\n|-damage|p1a: Talonflame|97\/100\n|\n|t:|1700072675\n|switch|p2a: Terrance|Crawdaunt, F|95\/100 brn|[from] U-turn\n|\n|-damage|p2a: Terrance|89\/100 brn|[from] brn\n|upkeep\n|turn|12\n|c|\u2606MFDOOM9000|\"To Wide Load, this yard bird taste like fried toad turd\n|c|\u2606MFDOOM9000|Love, Villain\"\n|c|\u2606MFDOOM9000|Take pride in code words\n|c|\u2606MFDOOM9000|Crooked eye, mold, nerd geek with a cold heart\n|c|\u2606MFDOOM9000|Probably still be speaking in rhymes as an old fart\n|c|\u2606MFDOOM9000|Study how to eat to die by the pizza guy\n|\n|t:|1700072712\n|switch|p1a: Kingambit|Kingambit, M|94\/100\n|move|p2a: Terrance|Crabhammer|p1a: Kingambit|[miss]\n|-miss|p2a: Terrance|p1a: Kingambit\n|\n|-heal|p1a: Kingambit|99\/100|[from] item: Leftovers\n|-damage|p2a: Terrance|83\/100 brn|[from] brn\n|upkeep\n|turn|13\n|\n|t:|1700072735\n|switch|p2a: Landorus|Landorus-Therian, M|100\/100\n|-ability|p2a: Landorus|Intimidate|boost\n|-unboost|p1a: Kingambit|atk|1\n|move|p1a: Kingambit|Focus Blast|p2a: Landorus|[miss]\n|-miss|p1a: Kingambit|p2a: Landorus\n|\n|-heal|p1a: Kingambit|100\/100|[from] item: Leftovers\n|upkeep\n|turn|14\n|c|\u2606MFDOOM9000|No, he's not too fly to skeet in a skeezer eye\n|c|\u2606MFDOOM9000|And squeeze her thigh, maybe give her curves a feel\n|c|\u2606MFDOOM9000|The same way she feel it when he flow with nerves of steel\n|\n|t:|1700072749\n|switch|p1a: Talonflame|Talonflame, F, shiny|97\/100\n|move|p2a: Landorus|U-turn|p1a: Talonflame\n|-resisted|p1a: Talonflame\n|-damage|p1a: Talonflame|91\/100\n|\n|t:|1700072754\n|switch|p2a: Terrance|Crawdaunt, F|83\/100 brn|[from] U-turn\n|\n|-damage|p2a: Terrance|77\/100 brn|[from] brn\n|upkeep\n|turn|15\n|\n|t:|1700072764\n|switch|p1a: Kingambit|Kingambit, M|100\/100\n|move|p2a: Terrance|Crabhammer|p1a: Kingambit\n|-damage|p1a: Kingambit|0 fnt\n|replace|p1a: Zoroark|Zoroark-Hisui, F, shiny\n|-end|p1a: Zoroark|Illusion\n|faint|p1a: Zoroark\n|\n|-damage|p2a: Terrance|71\/100 brn|[from] brn\n|upkeep\n|\n|t:|1700072774\n|switch|p1a: Talonflame|Talonflame, F, shiny|91\/100\n|turn|16\n|\n|t:|1700072778\n|move|p1a: Talonflame|Flamethrower|p2a: Terrance\n|-resisted|p2a: Terrance\n|-damage|p2a: Terrance|48\/100 brn\n|move|p2a: Terrance|Crabhammer|p1a: Talonflame\n|-supereffective|p1a: Talonflame\n|-damage|p1a: Talonflame|0 fnt\n|faint|p1a: Talonflame\n|\n|-damage|p2a: Terrance|42\/100 brn|[from] brn\n|upkeep\n|\n|t:|1700072786\n|switch|p1a: Kingambit|Kingambit, M|100\/100\n|-activate|p1a: Kingambit|ability: Supreme Overlord\n|-start|p1a: Kingambit|fallen5|[silent]\n|turn|17\n|\n|t:|1700072798\n|switch|p2a: Landorus|Landorus-Therian, M|100\/100\n|-ability|p2a: Landorus|Intimidate|boost\n|-unboost|p1a: Kingambit|atk|1\n|move|p1a: Kingambit|Swords Dance|p1a: Kingambit\n|-boost|p1a: Kingambit|atk|2\n|\n|upkeep\n|turn|18\n|\n|t:|1700072806\n|move|p2a: Landorus|Earthquake|p1a: Kingambit\n|-supereffective|p1a: Kingambit\n|-damage|p1a: Kingambit|27\/100\n|move|p1a: Kingambit|Swords Dance|p1a: Kingambit\n|-boost|p1a: Kingambit|atk|2\n|\n|upkeep\n|turn|19\n|\n|t:|1700072812\n|-terastallize|p1a: Kingambit|Ghost\n|move|p1a: Kingambit|Sucker Punch|p2a: Landorus\n|-damage|p2a: Landorus|0 fnt\n|faint|p2a: Landorus\n|\n|upkeep\n|\n|t:|1700072837\n|switch|p2a: Corviknight|Corviknight, F|88\/100\n|-ability|p2a: Corviknight|Pressure\n|turn|20\n|\n|t:|1700072841\n|move|p1a: Kingambit|Sucker Punch||[still]\n|-fail|p1a: Kingambit\n|move|p2a: Corviknight|Roost|p2a: Corviknight\n|-heal|p2a: Corviknight|100\/100\n|-singleturn|p2a: Corviknight|move: Roost\n|\n|-damage|p2a: Corviknight|88\/100|[from] item: Black Sludge\n|upkeep\n|turn|21\n|\n|t:|1700072850\n|move|p1a: Kingambit|Sucker Punch|p2a: Corviknight\n|-damage|p2a: Corviknight|7\/100\n|move|p2a: Corviknight|Iron Head|p1a: Kingambit\n|-damage|p1a: Kingambit|7\/100\n|\n|-damage|p2a: Corviknight|0 fnt|[from] item: Black Sludge\n|faint|p2a: Corviknight\n|upkeep\n|\n|t:|1700072855\n|switch|p2a: Zapdos|Zapdos|100\/100\n|-ability|p2a: Zapdos|Pressure\n|turn|22\n|\n|t:|1700072864\n|move|p1a: Kingambit|Sucker Punch||[still]\n|-fail|p1a: Kingambit\n|move|p2a: Zapdos|Roost||[still]\n|-fail|p2a: Zapdos|heal\n|\n|upkeep\n|turn|23\n|\n|t:|1700072871\n|switch|p2a: Slowking|Slowking-Galar, F|54\/100\n|move|p1a: Kingambit|Sucker Punch||[still]\n|-fail|p1a: Kingambit\n|\n|upkeep\n|turn|24\n|\n|t:|1700072879\n|move|p1a: Kingambit|Kowtow Cleave|p2a: Slowking\n|-supereffective|p2a: Slowking\n|-damage|p2a: Slowking|0 fnt\n|-damage|p1a: Kingambit|0 fnt|[from] item: Rocky Helmet|[of] p2a: Slowking\n|faint|p2a: Slowking\n|faint|p1a: Kingambit\n|-end|p1a: Kingambit|fallen5|[silent]\n|\n|win|DiscoKnight\n|raw|MFDOOM9000's rating: 1050 &rarr; <strong>1030<\/strong><br \/>(-20 for losing)\n|raw|DiscoKnight's rating: 1000 &rarr; <strong>1046<\/strong><br \/>(+46 for winning)\n|l|\u2606MFDOOM9000\n","uploadtime":1700072895,"views":10,"p1id":"mfdoom9000","p2id":"discoknight","formatid":"gen9ou","rating":1030,"private":0,"password":""}