{"id":"gen9ou-1996077365","p1":"lawrence1234567","p2":"d8nny","format":"[Gen 9] OU","log":"|j|\u2606lawrence1234567\n|j|\u2606d8nny\n|t:|1700640347\n|gametype|singles\n|player|p1|lawrence1234567|wallace|1138\n|player|p2|d8nny|169|1223\n|teamsize|p1|6\n|teamsize|p2|6\n|gen|9\n|tier|[Gen 9] OU\n|rated|\n|rule|Sleep Clause Mod: Limit one foe put to sleep\n|rule|Species Clause: Limit one of each Pok\u00e9mon\n|rule|OHKO Clause: OHKO moves are banned\n|rule|Evasion Items Clause: Evasion items are banned\n|rule|Evasion Moves Clause: Evasion moves are banned\n|rule|Endless Battle Clause: Forcing endless battles is banned\n|rule|HP Percentage Mod: HP is shown in percentages\n|clearpoke\n|poke|p1|Ribombee, F|\n|poke|p1|Garchomp, M|\n|poke|p1|Ting-Lu|\n|poke|p1|Zamazenta-*|\n|poke|p1|Hatterene, F|\n|poke|p1|Corviknight, F|\n|poke|p2|Muk-Alola, F|\n|poke|p2|Rotom-Wash|\n|poke|p2|Chandelure, F|\n|poke|p2|Chesnaught, M|\n|poke|p2|Decidueye, M|\n|poke|p2|Gholdengo|\n|teampreview\n|inactive|Battle timer is ON: inactive players will automatically lose when time's up. (requested by d8nny)\n|\n|t:|1700640366\n|start\n|switch|p1a: Ribombee|Ribombee, F|100\/100\n|switch|p2a: Gholdengo|Gholdengo|100\/100\n|turn|1\n|\n|t:|1700640391\n|move|p1a: Ribombee|Sticky Web|p2a: Gholdengo\n|-sidestart|p2: d8nny|move: Sticky Web\n|move|p2a: Gholdengo|Nasty Plot|p2a: Gholdengo\n|-boost|p2a: Gholdengo|spa|2\n|\n|upkeep\n|turn|2\n|inactive|lawrence1234567 has 120 seconds left.\n|\n|t:|1700640427\n|switch|p1a: Ting-Lu|Ting-Lu|100\/100\n|-ability|p1a: Ting-Lu|Vessel of Ruin\n|move|p2a: Gholdengo|Shadow Ball|p1a: Ting-Lu\n|-resisted|p1a: Ting-Lu\n|-damage|p1a: Ting-Lu|80\/100\n|\n|-heal|p1a: Ting-Lu|86\/100|[from] item: Leftovers\n|upkeep\n|turn|3\n|\n|t:|1700640439\n|-terastallize|p2a: Gholdengo|Flying\n|move|p2a: Gholdengo|Nasty Plot|p2a: Gholdengo\n|-boost|p2a: Gholdengo|spa|2\n|move|p1a: Ting-Lu|Stealth Rock|p2a: Gholdengo\n|-sidestart|p2: d8nny|move: Stealth Rock\n|\n|-heal|p1a: Ting-Lu|93\/100|[from] item: Leftovers\n|upkeep\n|turn|4\n|\n|t:|1700640444\n|move|p2a: Gholdengo|Make It Rain|p1a: Ting-Lu\n|-damage|p1a: Ting-Lu|13\/100\n|-unboost|p2a: Gholdengo|spa|1\n|move|p1a: Ting-Lu|Whirlwind|p2a: Gholdengo\n|-immune|p2a: Gholdengo|[from] ability: Good as Gold\n|\n|-heal|p1a: Ting-Lu|19\/100|[from] item: Leftovers\n|upkeep\n|turn|5\n|\n|t:|1700640464\n|move|p2a: Gholdengo|Make It Rain|p1a: Ting-Lu\n|-damage|p1a: Ting-Lu|0 fnt\n|-unboost|p2a: Gholdengo|spa|1\n|faint|p1a: Ting-Lu\n|\n|upkeep\n|inactive|lawrence1234567 has 90 seconds left.\n|\n|t:|1700640486\n|switch|p1a: Ribombee|Ribombee, F|100\/100\n|turn|6\n|\n|t:|1700640494\n|move|p1a: Ribombee|Moonblast|p2a: Gholdengo\n|-damage|p2a: Gholdengo|61\/100\n|-unboost|p2a: Gholdengo|spa|1\n|move|p2a: Gholdengo|Shadow Ball|p1a: Ribombee\n|-enditem|p1a: Ribombee|Focus Sash\n|-damage|p1a: Ribombee|1\/100\n|\n|upkeep\n|turn|7\n|\n|t:|1700640507\n|move|p1a: Ribombee|Moonblast|p2a: Gholdengo\n|-damage|p2a: Gholdengo|20\/100\n|-enditem|p2a: Gholdengo|Salac Berry|[eat]\n|-boost|p2a: Gholdengo|spe|1|[from] item: Salac Berry\n|move|p2a: Gholdengo|Recover|p2a: Gholdengo\n|-heal|p2a: Gholdengo|70\/100\n|\n|upkeep\n|turn|8\n|\n|t:|1700640520\n|move|p1a: Ribombee|Moonblast|p2a: Gholdengo\n|-damage|p2a: Gholdengo|33\/100\n|move|p2a: Gholdengo|Recover|p2a: Gholdengo\n|-heal|p2a: Gholdengo|83\/100\n|\n|upkeep\n|turn|9\n|\n|t:|1700640531\n|move|p1a: Ribombee|Moonblast|p2a: Gholdengo\n|-damage|p2a: Gholdengo|41\/100\n|move|p2a: Gholdengo|Shadow Ball|p1a: Ribombee\n|-damage|p1a: Ribombee|0 fnt\n|faint|p1a: Ribombee\n|\n|upkeep\n|inactive|lawrence1234567 has 90 seconds left.\n|\n|t:|1700640555\n|switch|p1a: Corviknight|Corviknight, F|100\/100\n|-ability|p1a: Corviknight|Pressure\n|turn|10\n|\n|t:|1700640559\n|move|p2a: Gholdengo|Recover|p2a: Gholdengo\n|-heal|p2a: Gholdengo|91\/100\n|move|p1a: Corviknight|Brave Bird|p2a: Gholdengo\n|-damage|p2a: Gholdengo|56\/100\n|-damage|p1a: Corviknight|89\/100|[from] Recoil\n|\n|upkeep\n|turn|11\n|\n|t:|1700640566\n|move|p2a: Gholdengo|Shadow Ball|p1a: Corviknight\n|-damage|p1a: Corviknight|21\/100\n|move|p1a: Corviknight|Brave Bird|p2a: Gholdengo\n|-damage|p2a: Gholdengo|23\/100\n|-damage|p1a: Corviknight|10\/100|[from] Recoil\n|\n|upkeep\n|turn|12\n|\n|t:|1700640577\n|move|p2a: Gholdengo|Recover|p2a: Gholdengo\n|-heal|p2a: Gholdengo|73\/100\n|move|p1a: Corviknight|Brave Bird|p2a: Gholdengo\n|-damage|p2a: Gholdengo|35\/100\n|-damage|p1a: Corviknight|0 fnt|[from] Recoil\n|faint|p1a: Corviknight\n|\n|upkeep\n|inactive|lawrence1234567 has 90 seconds left.\n|\n|t:|1700640591\n|switch|p1a: Hatterene|Hatterene, F|100\/100\n|turn|13\n|\n|t:|1700640600\n|move|p2a: Gholdengo|Shadow Ball|p1a: Hatterene\n|-supereffective|p1a: Hatterene\n|-damage|p1a: Hatterene|0 fnt\n|faint|p1a: Hatterene\n|\n|upkeep\n|\n|t:|1700640606\n|switch|p1a: Zamazenta|Zamazenta|100\/100\n|-ability|p1a: Zamazenta|Dauntless Shield|boost\n|-boost|p1a: Zamazenta|def|1\n|turn|14\n|\n|t:|1700640619\n|move|p1a: Zamazenta|Crunch|p2a: Gholdengo\n|-damage|p2a: Gholdengo|14\/100\n|move|p2a: Gholdengo|Make It Rain|p1a: Zamazenta\n|-damage|p1a: Zamazenta|18\/100\n|-unboost|p2a: Gholdengo|spa|1\n|\n|-heal|p1a: Zamazenta|24\/100|[from] item: Leftovers\n|upkeep\n|turn|15\n|\n|t:|1700640633\n|move|p1a: Zamazenta|Rest|p1a: Zamazenta\n|-status|p1a: Zamazenta|slp|[from] move: Rest\n|-heal|p1a: Zamazenta|100\/100 slp|[silent]\n|move|p2a: Gholdengo|Recover|p2a: Gholdengo\n|-heal|p2a: Gholdengo|64\/100\n|\n|upkeep\n|turn|16\n|\n|t:|1700640638\n|cant|p1a: Zamazenta|slp\n|move|p2a: Gholdengo|Nasty Plot|p2a: Gholdengo\n|-boost|p2a: Gholdengo|spa|2\n|\n|upkeep\n|turn|17\n|\n|t:|1700640644\n|cant|p1a: Zamazenta|slp\n|move|p2a: Gholdengo|Shadow Ball|p1a: Zamazenta\n|-damage|p1a: Zamazenta|26\/100 slp\n|\n|-heal|p1a: Zamazenta|32\/100 slp|[from] item: Leftovers\n|upkeep\n|turn|18\n|\n|t:|1700640649\n|-curestatus|p1a: Zamazenta|slp|[msg]\n|move|p1a: Zamazenta|Crunch|p2a: Gholdengo\n|-damage|p2a: Gholdengo|45\/100\n|move|p2a: Gholdengo|Recover|p2a: Gholdengo\n|-heal|p2a: Gholdengo|95\/100\n|\n|-heal|p1a: Zamazenta|38\/100|[from] item: Leftovers\n|upkeep\n|turn|19\n|\n|t:|1700640655\n|move|p1a: Zamazenta|Crunch|p2a: Gholdengo\n|-damage|p2a: Gholdengo|73\/100\n|-unboost|p2a: Gholdengo|def|1\n|move|p2a: Gholdengo|Shadow Ball|p1a: Zamazenta\n|-damage|p1a: Zamazenta|0 fnt\n|faint|p1a: Zamazenta\n|\n|upkeep\n|\n|t:|1700640658\n|switch|p1a: Garchomp|Garchomp, M|100\/100\n|turn|20\n|\n|t:|1700640662\n|-terastallize|p1a: Garchomp|Dragon\n|move|p1a: Garchomp|Scale Shot|p2a: Gholdengo|[miss]\n|-miss|p1a: Garchomp|p2a: Gholdengo\n|move|p2a: Gholdengo|Make It Rain|p1a: Garchomp\n|-damage|p1a: Garchomp|0 fnt\n|-unboost|p2a: Gholdengo|spa|1\n|faint|p1a: Garchomp\n|\n|win|d8nny\n|raw|lawrence1234567's rating: 1138 &rarr; <strong>1119<\/strong><br \/>(-19 for losing)\n|raw|d8nny's rating: 1223 &rarr; <strong>1242<\/strong><br \/>(+19 for winning)\n|l|\u2606lawrence1234567\n","uploadtime":1700640671,"views":0,"p1id":"lawrence1234567","p2id":"d8nny","formatid":"gen9ou","rating":1119,"private":0,"password":""}