{"id":"gen9ou-1990035363","p1":"Sensei Milia","p2":"sergio.andres0211","format":"[Gen 9] OU","log":"|j|\u2606Sensei Milia\n|j|\u2606sergio.andres0211\n|t:|1699917616\n|gametype|singles\n|player|p1|Sensei Milia|swimmerf|1276\n|player|p2|sergio.andres0211|2|1315\n|teamsize|p1|6\n|teamsize|p2|6\n|gen|9\n|tier|[Gen 9] OU\n|rated|\n|rule|Sleep Clause Mod: Limit one foe put to sleep\n|rule|Species Clause: Limit one of each Pok\u00e9mon\n|rule|OHKO Clause: OHKO moves are banned\n|rule|Evasion Items Clause: Evasion items are banned\n|rule|Evasion Moves Clause: Evasion moves are banned\n|rule|Endless Battle Clause: Forcing endless battles is banned\n|rule|HP Percentage Mod: HP is shown in percentages\n|clearpoke\n|poke|p1|Heatran, M|\n|poke|p1|Garganacl, M|\n|poke|p1|Ceruledge, M|\n|poke|p1|Clodsire, F|\n|poke|p1|Breloom, F|\n|poke|p1|Clefable, M|\n|poke|p2|Meowscarada, F|\n|poke|p2|Quaquaval, M|\n|poke|p2|Gholdengo|\n|poke|p2|Glimmora, F|\n|poke|p2|Ceruledge, M|\n|poke|p2|Great Tusk|\n|teampreview\n|\n|t:|1699917631\n|start\n|switch|p1a: Breloom|Breloom, F|100\/100\n|switch|p2a: Glimmora|Glimmora, F|100\/100\n|turn|1\n|inactive|Battle timer is ON: inactive players will automatically lose when time's up. (requested by Sensei Milia)\n|\n|t:|1699917639\n|move|p2a: Glimmora|Spiky Shield|p2a: Glimmora\n|-singleturn|p2a: Glimmora|move: Protect\n|move|p1a: Breloom|Spore|p2a: Glimmora\n|-activate|p2a: Glimmora|move: Protect\n|\n|-status|p1a: Breloom|tox|[from] item: Toxic Orb\n|upkeep\n|turn|2\n|\n|t:|1699917649\n|switch|p2a: Gholdengo|Gholdengo|100\/100\n|-item|p2a: Gholdengo|Air Balloon\n|move|p1a: Breloom|Bulk Up|p1a: Breloom\n|-boost|p1a: Breloom|atk|1\n|-boost|p1a: Breloom|def|1\n|\n|upkeep\n|turn|3\n|\n|t:|1699917654\n|move|p2a: Gholdengo|Make It Rain|p1a: Breloom\n|-damage|p1a: Breloom|32\/100 tox\n|-unboost|p2a: Gholdengo|spa|1\n|move|p1a: Breloom|Thunder Punch|p2a: Gholdengo\n|-damage|p2a: Gholdengo|62\/100\n|-enditem|p2a: Gholdengo|Air Balloon\n|\n|-heal|p1a: Breloom|44\/100 tox|[from] ability: Poison Heal\n|upkeep\n|turn|4\n|\n|t:|1699917666\n|switch|p1a: Heatran|Heatran, M, shiny|100\/100\n|-item|p1a: Heatran|Air Balloon\n|move|p2a: Gholdengo|Make It Rain|p1a: Heatran\n|-resisted|p1a: Heatran\n|-damage|p1a: Heatran|92\/100\n|-unboost|p2a: Gholdengo|spa|1\n|-enditem|p1a: Heatran|Air Balloon\n|\n|upkeep\n|turn|5\n|\n|t:|1699917674\n|switch|p2a: Ceruledge|Ceruledge, M|100\/100\n|move|p1a: Heatran|Magma Storm|p2a: Ceruledge\n|-start|p2a: Ceruledge|ability: Flash Fire\n|\n|upkeep\n|turn|6\n|\n|t:|1699917684\n|move|p2a: Ceruledge|Close Combat|p1a: Heatran\n|-supereffective|p1a: Heatran\n|-damage|p1a: Heatran|30\/100\n|-unboost|p2a: Ceruledge|def|1\n|-unboost|p2a: Ceruledge|spd|1\n|move|p1a: Heatran|Earth Power|p2a: Ceruledge\n|-supereffective|p2a: Ceruledge\n|-damage|p2a: Ceruledge|18\/100\n|\n|upkeep\n|turn|7\n|\n|t:|1699917697\n|switch|p1a: Ceruledge|Ceruledge, M|100\/100\n|move|p2a: Ceruledge|Shadow Sneak|p1a: Ceruledge\n|-supereffective|p1a: Ceruledge\n|-damage|p1a: Ceruledge|70\/100\n|-ability|p1a: Ceruledge|Weak Armor|boost\n|-unboost|p1a: Ceruledge|def|1\n|-boost|p1a: Ceruledge|spe|2\n|-enditem|p1a: Ceruledge|Weakness Policy\n|-boost|p1a: Ceruledge|atk|2|[from] item: Weakness Policy\n|-boost|p1a: Ceruledge|spa|2|[from] item: Weakness Policy\n|\n|upkeep\n|turn|8\n|\n|t:|1699917706\n|move|p1a: Ceruledge|Shadow Sneak|p2a: Ceruledge\n|-supereffective|p2a: Ceruledge\n|-damage|p2a: Ceruledge|0 fnt\n|faint|p2a: Ceruledge\n|\n|upkeep\n|\n|t:|1699917717\n|switch|p2a: Meowscarada|Meowscarada, F|100\/100\n|turn|9\n|\n|t:|1699917721\n|move|p2a: Meowscarada|Sucker Punch||[still]\n|-fail|p2a: Meowscarada\n|move|p1a: Ceruledge|Will-O-Wisp|p2a: Meowscarada\n|-status|p2a: Meowscarada|brn\n|\n|-damage|p2a: Meowscarada|94\/100 brn|[from] brn\n|upkeep\n|turn|10\n|\n|t:|1699917729\n|move|p2a: Meowscarada|Sucker Punch|p1a: Ceruledge\n|-supereffective|p1a: Ceruledge\n|-damage|p1a: Ceruledge|11\/100\n|-ability|p1a: Ceruledge|Weak Armor|boost\n|-unboost|p1a: Ceruledge|def|1\n|-boost|p1a: Ceruledge|spe|2\n|-damage|p2a: Meowscarada|84\/100 brn|[from] item: Life Orb\n|move|p1a: Ceruledge|Bitter Blade|p2a: Meowscarada\n|-supereffective|p2a: Meowscarada\n|-damage|p2a: Meowscarada|0 fnt\n|-heal|p1a: Ceruledge|46\/100|[from] drain|[of] p2a: Meowscarada\n|faint|p2a: Meowscarada\n|\n|upkeep\n|\n|t:|1699917738\n|switch|p2a: Quaquaval|Quaquaval, M|100\/100\n|turn|11\n|\n|t:|1699917742\n|move|p1a: Ceruledge|Will-O-Wisp|p2a: Quaquaval\n|-status|p2a: Quaquaval|brn\n|move|p2a: Quaquaval|Aqua Step|p1a: Ceruledge\n|-supereffective|p1a: Ceruledge\n|-damage|p1a: Ceruledge|0 fnt\n|-boost|p2a: Quaquaval|spe|1\n|faint|p1a: Ceruledge\n|-ability|p2a: Quaquaval|Moxie|boost\n|-boost|p2a: Quaquaval|atk|1\n|\n|-damage|p2a: Quaquaval|94\/100 brn|[from] brn\n|upkeep\n|\n|t:|1699917757\n|switch|p1a: Garganacl|Garganacl, M, shiny|100\/100\n|turn|12\n|\n|t:|1699917764\n|-terastallize|p1a: Garganacl|Water\n|move|p2a: Quaquaval|Close Combat|p1a: Garganacl\n|-damage|p1a: Garganacl|68\/100\n|-unboost|p2a: Quaquaval|def|1\n|-unboost|p2a: Quaquaval|spd|1\n|move|p1a: Garganacl|Salt Cure|p2a: Quaquaval\n|-resisted|p2a: Quaquaval\n|-damage|p2a: Quaquaval|82\/100 brn\n|-start|p2a: Quaquaval|Salt Cure\n|\n|-heal|p1a: Garganacl|74\/100|[from] item: Leftovers\n|-damage|p2a: Quaquaval|76\/100 brn|[from] brn\n|-damage|p2a: Quaquaval|51\/100 brn|[from] Salt Cure\n|upkeep\n|turn|13\n|\n|t:|1699917779\n|move|p2a: Quaquaval|Swords Dance|p2a: Quaquaval\n|-boost|p2a: Quaquaval|atk|2\n|move|p1a: Garganacl|Iron Defense|p1a: Garganacl\n|-boost|p1a: Garganacl|def|2\n|\n|-heal|p1a: Garganacl|80\/100|[from] item: Leftovers\n|-damage|p2a: Quaquaval|45\/100 brn|[from] brn\n|-damage|p2a: Quaquaval|20\/100 brn|[from] Salt Cure\n|upkeep\n|turn|14\n|\n|t:|1699917787\n|move|p2a: Quaquaval|Close Combat|p1a: Garganacl\n|-damage|p1a: Garganacl|52\/100\n|-unboost|p2a: Quaquaval|def|1\n|-unboost|p2a: Quaquaval|spd|1\n|move|p1a: Garganacl|Iron Defense|p1a: Garganacl\n|-boost|p1a: Garganacl|def|2\n|\n|-heal|p1a: Garganacl|59\/100|[from] item: Leftovers\n|-damage|p2a: Quaquaval|14\/100 brn|[from] brn\n|-damage|p2a: Quaquaval|0 fnt|[from] Salt Cure\n|faint|p2a: Quaquaval\n|upkeep\n|\n|t:|1699917790\n|switch|p2a: Glimmora|Glimmora, F|100\/100\n|turn|15\n|\n|t:|1699917797\n|switch|p1a: Heatran|Heatran, M, shiny|30\/100\n|-terastallize|p2a: Glimmora|Grass\n|move|p2a: Glimmora|Energy Ball|p1a: Heatran\n|-resisted|p1a: Heatran\n|-damage|p1a: Heatran|21\/100\n|\n|upkeep\n|turn|16\n|\n|t:|1699917816\n|switch|p2a: Great Tusk|Great Tusk|100\/100\n|move|p1a: Heatran|Magma Storm|p2a: Great Tusk|[miss]\n|-miss|p1a: Heatran|p2a: Great Tusk\n|\n|upkeep\n|turn|17\n|\n|t:|1699917823\n|switch|p1a: Clodsire|Clodsire, F|100\/100\n|move|p2a: Great Tusk|Earthquake|p1a: Clodsire\n|-supereffective|p1a: Clodsire\n|-damage|p1a: Clodsire|15\/100\n|\n|-heal|p1a: Clodsire|21\/100|[from] item: Leftovers\n|upkeep\n|turn|18\n|\n|t:|1699917829\n|move|p1a: Clodsire|Protect|p1a: Clodsire\n|-singleturn|p1a: Clodsire|Protect\n|move|p2a: Great Tusk|Earthquake|p1a: Clodsire\n|-activate|p1a: Clodsire|move: Protect\n|\n|-heal|p1a: Clodsire|28\/100|[from] item: Leftovers\n|upkeep\n|turn|19\n|\n|t:|1699917836\n|move|p2a: Great Tusk|Ice Spinner|p1a: Clodsire\n|-supereffective|p1a: Clodsire\n|-damage|p1a: Clodsire|0 fnt\n|faint|p1a: Clodsire\n|\n|upkeep\n|\n|t:|1699917844\n|switch|p1a: Garganacl|Garganacl, M, shiny, tera:Water|59\/100\n|turn|20\n|\n|t:|1699917848\n|move|p2a: Great Tusk|Close Combat|p1a: Garganacl\n|-damage|p1a: Garganacl|25\/100\n|-unboost|p2a: Great Tusk|def|1\n|-unboost|p2a: Great Tusk|spd|1\n|move|p1a: Garganacl|Recover|p1a: Garganacl\n|-heal|p1a: Garganacl|75\/100\n|\n|-heal|p1a: Garganacl|81\/100|[from] item: Leftovers\n|upkeep\n|turn|21\n|\n|t:|1699917851\n|-end|p2a: Great Tusk|Protosynthesis|[silent]\n|switch|p2a: Glimmora|Glimmora, F, tera:Grass|100\/100\n|move|p1a: Garganacl|Salt Cure|p2a: Glimmora\n|-damage|p2a: Glimmora|91\/100\n|-start|p2a: Glimmora|Salt Cure\n|\n|-heal|p2a: Glimmora|98\/100|[from] item: Leftovers\n|-heal|p1a: Garganacl|88\/100|[from] item: Leftovers\n|-damage|p2a: Glimmora|85\/100|[from] Salt Cure\n|upkeep\n|turn|22\n|\n|t:|1699917864\n|switch|p2a: Gholdengo|Gholdengo|62\/100\n|switch|p1a: Heatran|Heatran, M, shiny|21\/100\n|\n|upkeep\n|turn|23\n|\n|t:|1699917869\n|move|p2a: Gholdengo|Shadow Ball|p1a: Heatran\n|-damage|p1a: Heatran|0 fnt\n|faint|p1a: Heatran\n|\n|upkeep\n|\n|t:|1699917877\n|switch|p1a: Garganacl|Garganacl, M, shiny, tera:Water|88\/100\n|turn|24\n|\n|t:|1699917882\n|move|p2a: Gholdengo|Shadow Ball|p1a: Garganacl\n|-damage|p1a: Garganacl|75\/100\n|move|p1a: Garganacl|Salt Cure|p2a: Gholdengo\n|-resisted|p2a: Gholdengo\n|-damage|p2a: Gholdengo|55\/100\n|-start|p2a: Gholdengo|Salt Cure\n|\n|-heal|p1a: Garganacl|81\/100|[from] item: Leftovers\n|-damage|p2a: Gholdengo|30\/100|[from] Salt Cure\n|upkeep\n|turn|25\n|\n|t:|1699917892\n|move|p2a: Gholdengo|Recover|p2a: Gholdengo\n|-heal|p2a: Gholdengo|80\/100\n|move|p1a: Garganacl|Salt Cure|p2a: Gholdengo\n|-resisted|p2a: Gholdengo\n|-damage|p2a: Gholdengo|73\/100\n|\n|-heal|p1a: Garganacl|87\/100|[from] item: Leftovers\n|-damage|p2a: Gholdengo|48\/100|[from] Salt Cure\n|upkeep\n|turn|26\n|\n|t:|1699917897\n|move|p2a: Gholdengo|Shadow Ball|p1a: Garganacl\n|-damage|p1a: Garganacl|72\/100\n|move|p1a: Garganacl|Salt Cure|p2a: Gholdengo\n|-resisted|p2a: Gholdengo\n|-damage|p2a: Gholdengo|40\/100\n|\n|-heal|p1a: Garganacl|78\/100|[from] item: Leftovers\n|-damage|p2a: Gholdengo|16\/100|[from] Salt Cure\n|upkeep\n|turn|27\n|\n|t:|1699917905\n|move|p2a: Gholdengo|Recover|p2a: Gholdengo\n|-heal|p2a: Gholdengo|66\/100\n|move|p1a: Garganacl|Recover|p1a: Garganacl\n|-heal|p1a: Garganacl|100\/100\n|\n|-damage|p2a: Gholdengo|41\/100|[from] Salt Cure\n|upkeep\n|turn|28\n|\n|t:|1699917907\n|move|p2a: Gholdengo|Shadow Ball|p1a: Garganacl\n|-damage|p1a: Garganacl|86\/100\n|move|p1a: Garganacl|Salt Cure|p2a: Gholdengo\n|-resisted|p2a: Gholdengo\n|-damage|p2a: Gholdengo|34\/100\n|\n|-heal|p1a: Garganacl|93\/100|[from] item: Leftovers\n|-damage|p2a: Gholdengo|9\/100|[from] Salt Cure\n|upkeep\n|turn|29\n|\n|t:|1699917911\n|move|p2a: Gholdengo|Recover|p2a: Gholdengo\n|-heal|p2a: Gholdengo|59\/100\n|move|p1a: Garganacl|Iron Defense|p1a: Garganacl\n|-boost|p1a: Garganacl|def|2\n|\n|-heal|p1a: Garganacl|99\/100|[from] item: Leftovers\n|-damage|p2a: Gholdengo|34\/100|[from] Salt Cure\n|upkeep\n|turn|30\n|\n|t:|1699917914\n|move|p2a: Gholdengo|Shadow Ball|p1a: Garganacl\n|-damage|p1a: Garganacl|84\/100\n|move|p1a: Garganacl|Iron Defense|p1a: Garganacl\n|-boost|p1a: Garganacl|def|2\n|\n|-heal|p1a: Garganacl|91\/100|[from] item: Leftovers\n|-damage|p2a: Gholdengo|10\/100|[from] Salt Cure\n|upkeep\n|turn|31\n|\n|t:|1699917918\n|move|p2a: Gholdengo|Shadow Ball|p1a: Garganacl\n|-damage|p1a: Garganacl|78\/100\n|move|p1a: Garganacl|Salt Cure|p2a: Gholdengo\n|-resisted|p2a: Gholdengo\n|-damage|p2a: Gholdengo|1\/100\n|\n|-heal|p1a: Garganacl|84\/100|[from] item: Leftovers\n|-damage|p2a: Gholdengo|0 fnt|[from] Salt Cure\n|faint|p2a: Gholdengo\n|upkeep\n|\n|t:|1699917923\n|switch|p2a: Glimmora|Glimmora, F, tera:Grass|85\/100\n|turn|32\n|\n|t:|1699917938\n|switch|p1a: Breloom|Breloom, F|44\/100 tox\n|move|p2a: Glimmora|Energy Ball|p1a: Breloom\n|-resisted|p1a: Breloom\n|-damage|p1a: Breloom|23\/100 tox\n|\n|-heal|p2a: Glimmora|91\/100|[from] item: Leftovers\n|-heal|p1a: Breloom|35\/100 tox|[from] ability: Poison Heal\n|upkeep\n|turn|33\n|\n|t:|1699917948\n|move|p2a: Glimmora|Mortal Spin|p1a: Breloom\n|-supereffective|p1a: Breloom\n|-damage|p1a: Breloom|21\/100 tox\n|move|p1a: Breloom|Bulk Up|p1a: Breloom\n|-boost|p1a: Breloom|atk|1\n|-boost|p1a: Breloom|def|1\n|\n|-heal|p2a: Glimmora|98\/100|[from] item: Leftovers\n|-heal|p1a: Breloom|33\/100 tox|[from] ability: Poison Heal\n|upkeep\n|turn|34\n|\n|t:|1699917952\n|switch|p2a: Great Tusk|Great Tusk|100\/100\n|move|p1a: Breloom|Drain Punch|p2a: Great Tusk\n|-damage|p2a: Great Tusk|69\/100\n|-heal|p1a: Breloom|53\/100 tox|[from] drain|[of] p2a: Great Tusk\n|\n|-heal|p1a: Breloom|65\/100 tox|[from] ability: Poison Heal\n|upkeep\n|turn|35\n|\n|t:|1699917963\n|move|p2a: Great Tusk|Ice Spinner|p1a: Breloom\n|-supereffective|p1a: Breloom\n|-damage|p1a: Breloom|27\/100 tox\n|move|p1a: Breloom|Spore|p2a: Great Tusk\n|-status|p2a: Great Tusk|slp|[from] move: Spore\n|\n|-heal|p1a: Breloom|40\/100 tox|[from] ability: Poison Heal\n|upkeep\n|turn|36\n|\n|t:|1699917970\n|cant|p2a: Great Tusk|slp\n|move|p1a: Breloom|Bulk Up|p1a: Breloom\n|-boost|p1a: Breloom|atk|1\n|-boost|p1a: Breloom|def|1\n|\n|-heal|p1a: Breloom|52\/100 tox|[from] ability: Poison Heal\n|upkeep\n|turn|37\n|\n|t:|1699917976\n|cant|p2a: Great Tusk|slp\n|move|p1a: Breloom|Drain Punch|p2a: Great Tusk\n|-damage|p2a: Great Tusk|28\/100 slp\n|-heal|p1a: Breloom|77\/100 tox|[from] drain|[of] p2a: Great Tusk\n|\n|-heal|p1a: Breloom|89\/100 tox|[from] ability: Poison Heal\n|upkeep\n|turn|38\n|\n|t:|1699917980\n|-curestatus|p2a: Great Tusk|slp|[msg]\n|move|p2a: Great Tusk|Close Combat|p1a: Breloom\n|-damage|p1a: Breloom|56\/100 tox\n|-unboost|p2a: Great Tusk|def|1\n|-unboost|p2a: Great Tusk|spd|1\n|move|p1a: Breloom|Bulk Up|p1a: Breloom\n|-boost|p1a: Breloom|atk|1\n|-boost|p1a: Breloom|def|1\n|\n|-heal|p1a: Breloom|68\/100 tox|[from] ability: Poison Heal\n|upkeep\n|turn|39\n|\n|t:|1699917985\n|move|p2a: Great Tusk|Close Combat|p1a: Breloom\n|-damage|p1a: Breloom|41\/100 tox\n|-unboost|p2a: Great Tusk|def|1\n|-unboost|p2a: Great Tusk|spd|1\n|move|p1a: Breloom|Drain Punch|p2a: Great Tusk\n|-damage|p2a: Great Tusk|0 fnt\n|-heal|p1a: Breloom|59\/100 tox|[from] drain|[of] p2a: Great Tusk\n|faint|p2a: Great Tusk\n|-end|p2a: Great Tusk|Protosynthesis|[silent]\n|\n|-heal|p1a: Breloom|71\/100 tox|[from] ability: Poison Heal\n|upkeep\n|\n|t:|1699917988\n|switch|p2a: Glimmora|Glimmora, F, tera:Grass|98\/100\n|turn|40\n|\n|t:|1699917992\n|move|p2a: Glimmora|Spiky Shield|p2a: Glimmora\n|-singleturn|p2a: Glimmora|move: Protect\n|move|p1a: Breloom|Drain Punch|p2a: Glimmora\n|-activate|p2a: Glimmora|move: Protect\n|-damage|p1a: Breloom|59\/100 tox|[from] Spiky Shield|[of] p2a: Glimmora\n|\n|-heal|p2a: Glimmora|100\/100|[from] item: Leftovers\n|-heal|p1a: Breloom|71\/100 tox|[from] ability: Poison Heal\n|upkeep\n|turn|41\n|\n|t:|1699917998\n|move|p2a: Glimmora|Energy Ball|p1a: Breloom\n|-resisted|p1a: Breloom\n|-damage|p1a: Breloom|52\/100 tox\n|move|p1a: Breloom|Drain Punch|p2a: Glimmora\n|-damage|p2a: Glimmora|43\/100\n|-heal|p1a: Breloom|85\/100 tox|[from] drain|[of] p2a: Glimmora\n|\n|-heal|p2a: Glimmora|49\/100|[from] item: Leftovers\n|-heal|p1a: Breloom|97\/100 tox|[from] ability: Poison Heal\n|upkeep\n|turn|42\n|\n|t:|1699918004\n|move|p2a: Glimmora|Spiky Shield|p2a: Glimmora\n|-singleturn|p2a: Glimmora|move: Protect\n|move|p1a: Breloom|Drain Punch|p2a: Glimmora\n|-activate|p2a: Glimmora|move: Protect\n|-damage|p1a: Breloom|85\/100 tox|[from] Spiky Shield|[of] p2a: Glimmora\n|\n|-heal|p2a: Glimmora|55\/100|[from] item: Leftovers\n|-heal|p1a: Breloom|97\/100 tox|[from] ability: Poison Heal\n|upkeep\n|turn|43\n|\n|t:|1699918007\n|move|p2a: Glimmora|Energy Ball|p1a: Breloom\n|-resisted|p1a: Breloom\n|-damage|p1a: Breloom|77\/100 tox\n|move|p1a: Breloom|Drain Punch|p2a: Glimmora\n|-damage|p2a: Glimmora|0 fnt\n|-heal|p1a: Breloom|100\/100 tox|[from] drain|[of] p2a: Glimmora\n|faint|p2a: Glimmora\n|\n|win|Sensei Milia\n|raw|Sensei Milia's rating: 1276 &rarr; <strong>1304<\/strong><br \/>(+28 for winning)\n|raw|sergio.andres0211's rating: 1315 &rarr; <strong>1293<\/strong><br \/>(-22 for losing)\n|c|\u2606Sensei Milia|gg\n","uploadtime":1699918024,"views":16,"p1id":"senseimilia","p2id":"sergioandres0211","formatid":"gen9ou","rating":1293,"private":0,"password":""}