{"id":"gen9ou-1993730979","p1":"SDK04","p2":"Mepe Murp","format":"[Gen 9] OU","log":"|j|\u2606SDK04\n|j|\u2606Mepe Murp\n|inactive|Battle timer is ON: inactive players will automatically lose when time's up.\n|t:|1700350535\n|gametype|singles\n|player|p1|SDK04|unknown|\n|player|p2|Mepe Murp|preschooler|\n|teamsize|p1|6\n|teamsize|p2|6\n|gen|9\n|tier|[Gen 9] OU\n|rated|Tournament battle\n|rule|Sleep Clause Mod: Limit one foe put to sleep\n|rule|Species Clause: Limit one of each Pok\u00e9mon\n|rule|OHKO Clause: OHKO moves are banned\n|rule|Evasion Items Clause: Evasion items are banned\n|rule|Evasion Moves Clause: Evasion moves are banned\n|rule|Endless Battle Clause: Forcing endless battles is banned\n|rule|HP Percentage Mod: HP is shown in percentages\n|clearpoke\n|poke|p1|Ribombee, M|\n|poke|p1|Torterra, M|\n|poke|p1|Rillaboom, F|\n|poke|p1|Iron Moth|\n|poke|p1|Manaphy|\n|poke|p1|Gholdengo|\n|poke|p2|Indeedee, M|\n|poke|p2|Armarouge, F|\n|poke|p2|Sneasler, F|\n|poke|p2|Amoonguss, F|\n|poke|p2|Empoleon, F|\n|poke|p2|Great Tusk|\n|teampreview\n|j| yesyesir14\n|c|\u2606SDK04|glhf\n|\n|t:|1700350553\n|start\n|switch|p1a: I set Sticky Web|Ribombee, M, shiny|100\/100\n|switch|p2a: Amoonguss|Amoonguss, F|100\/100\n|turn|1\n|\n|t:|1700350560\n|move|p1a: I set Sticky Web|Sticky Web|p2a: Amoonguss\n|-sidestart|p2: Mepe Murp|move: Sticky Web\n|move|p2a: Amoonguss|Sludge Bomb|p1a: I set Sticky Web\n|-supereffective|p1a: I set Sticky Web\n|-enditem|p1a: I set Sticky Web|Focus Sash\n|-damage|p1a: I set Sticky Web|1\/100\n|\n|upkeep\n|turn|2\n|\n|t:|1700350567\n|move|p1a: I set Sticky Web|Psychic|p2a: Amoonguss\n|-supereffective|p2a: Amoonguss\n|-damage|p2a: Amoonguss|54\/100\n|move|p2a: Amoonguss|Sludge Bomb|p1a: I set Sticky Web\n|-supereffective|p1a: I set Sticky Web\n|-damage|p1a: I set Sticky Web|0 fnt\n|faint|p1a: I set Sticky Web\n|\n|upkeep\n|\n|t:|1700350569\n|switch|p1a: Macaroni Man|Gholdengo|100\/100\n|-item|p1a: Macaroni Man|Air Balloon\n|turn|3\n|\n|t:|1700350573\n|switch|p2a: Empoleon|Empoleon, F|100\/100\n|-activate|p2a: Empoleon|move: Sticky Web\n|-unboost|p2a: Empoleon|spe|1\n|-ability|p2a: Empoleon|Competitive|boost\n|-boost|p2a: Empoleon|spa|2\n|move|p1a: Macaroni Man|Nasty Plot|p1a: Macaroni Man\n|-boost|p1a: Macaroni Man|spa|2\n|\n|upkeep\n|turn|4\n|j| Jiriqtong\n|\n|t:|1700350578\n|move|p1a: Macaroni Man|Shadow Ball|p2a: Empoleon\n|-damage|p2a: Empoleon|47\/100\n|move|p2a: Empoleon|Surf|p1a: Macaroni Man\n|-damage|p1a: Macaroni Man|25\/100\n|-enditem|p1a: Macaroni Man|Air Balloon\n|\n|-heal|p2a: Empoleon|53\/100|[from] item: Leftovers\n|upkeep\n|turn|5\n|l| Jiriqtong\n|\n|t:|1700350586\n|move|p1a: Macaroni Man|Shadow Ball|p2a: Empoleon\n|-damage|p2a: Empoleon|0 fnt\n|faint|p2a: Empoleon\n|\n|upkeep\n|\n|t:|1700350596\n|switch|p2a: Armarouge|Armarouge, F|100\/100\n|-activate|p2a: Armarouge|move: Sticky Web\n|-unboost|p2a: Armarouge|spe|1\n|turn|6\n|\n|t:|1700350601\n|move|p1a: Macaroni Man|Shadow Ball|p2a: Armarouge\n|-supereffective|p2a: Armarouge\n|-enditem|p2a: Armarouge|Focus Sash\n|-damage|p2a: Armarouge|1\/100\n|move|p2a: Armarouge|Armor Cannon|p1a: Macaroni Man\n|-supereffective|p1a: Macaroni Man\n|-damage|p1a: Macaroni Man|0 fnt\n|-unboost|p2a: Armarouge|def|1\n|-unboost|p2a: Armarouge|spd|1\n|faint|p1a: Macaroni Man\n|\n|upkeep\n|\n|t:|1700350614\n|switch|p1a: click button \u2192 win|Manaphy, shiny|100\/100\n|turn|7\n|\n|t:|1700350623\n|switch|p2a: Amoonguss|Amoonguss, F|87\/100\n|-activate|p2a: Amoonguss|move: Sticky Web\n|-unboost|p2a: Amoonguss|spe|1\n|move|p1a: click button \u2192 win|Tail Glow|p1a: click button \u2192 win\n|-boost|p1a: click button \u2192 win|spa|3\n|\n|upkeep\n|turn|8\n|\n|t:|1700350628\n|move|p1a: click button \u2192 win|Ice Beam|p2a: Amoonguss\n|-supereffective|p2a: Amoonguss\n|-crit|p2a: Amoonguss\n|-damage|p2a: Amoonguss|0 fnt\n|faint|p2a: Amoonguss\n|\n|upkeep\n|j| Revilo6000\n|\n|t:|1700350636\n|switch|p2a: Indeedee|Indeedee, M|100\/100\n|-activate|p2a: Indeedee|move: Sticky Web\n|-unboost|p2a: Indeedee|spe|1\n|-fieldstart|move: Psychic Terrain|[from] ability: Psychic Surge|[of] p2a: Indeedee\n|turn|9\n|\n|t:|1700350640\n|move|p1a: click button \u2192 win|Surf|p2a: Indeedee\n|-damage|p2a: Indeedee|0 fnt\n|faint|p2a: Indeedee\n|\n|upkeep\n|\n|t:|1700350643\n|switch|p2a: Sneasler|Sneasler, F|100\/100\n|-activate|p2a: Sneasler|move: Sticky Web\n|-unboost|p2a: Sneasler|spe|1\n|-enditem|p2a: Sneasler|Psychic Seed\n|-boost|p2a: Sneasler|spd|1|[from] item: Psychic Seed\n|turn|10\n|\n|t:|1700350648\n|move|p2a: Sneasler|Close Combat|p1a: click button \u2192 win\n|-damage|p1a: click button \u2192 win|44\/100\n|-unboost|p2a: Sneasler|def|1\n|-unboost|p2a: Sneasler|spd|1\n|move|p1a: click button \u2192 win|Surf|p2a: Sneasler\n|-damage|p2a: Sneasler|0 fnt\n|faint|p2a: Sneasler\n|\n|-heal|p1a: click button \u2192 win|50\/100|[from] item: Leftovers\n|upkeep\n|-message|Mepe Murp forfeited.\n|\n|win|SDK04\n|n|\u2606SDK04|sdk04\n|n|\u2606Mepe Murp|mepemurp\n|n| yesyesir14|yesyesir14\n|n| Revilo6000|revilo6000\n|l|\u2606Mepe Murp\n|c|\u2606SDK04|rip bro\n|l| Revilo6000\n","uploadtime":1700350659,"views":8,"p1id":"sdk04","p2id":"mepemurp","formatid":"gen9ou","rating":0,"private":0,"password":""}