{"id":"gen9ou-1998312741","p1":"Cruzer Facer","p2":"StinkyBinky609","format":"[Gen 9] OU","log":"|j|\u2606Cruzer Facer\n|j|\u2606StinkyBinky609\n|t:|1700928141\n|gametype|singles\n|player|p1|Cruzer Facer|nate|1422\n|player|p2|StinkyBinky609|101|1381\n|teamsize|p1|6\n|teamsize|p2|6\n|gen|9\n|tier|[Gen 9] OU\n|rated|\n|rule|Sleep Clause Mod: Limit one foe put to sleep\n|rule|Species Clause: Limit one of each Pok\u00e9mon\n|rule|OHKO Clause: OHKO moves are banned\n|rule|Evasion Items Clause: Evasion items are banned\n|rule|Evasion Moves Clause: Evasion moves are banned\n|rule|Endless Battle Clause: Forcing endless battles is banned\n|rule|HP Percentage Mod: HP is shown in percentages\n|clearpoke\n|poke|p1|Kingambit, F|\n|poke|p1|Great Tusk|\n|poke|p1|Dragapult, F|\n|poke|p1|Ogerpon-Wellspring, F|\n|poke|p1|Blissey, F|\n|poke|p1|Zapdos|\n|poke|p2|Great Tusk|\n|poke|p2|Chandelure, F|\n|poke|p2|Kilowattrel, F|\n|poke|p2|Iron Valiant|\n|poke|p2|Piloswine, F|\n|poke|p2|Ogerpon, F|\n|teampreview\n|j| BobbyTheFool\n|c|\u2606Cruzer Facer|i love your team !!!!!!\n|c|\u2606Cruzer Facer|it is very original\n|\n|t:|1700928181\n|start\n|switch|p1a: Dragapult|Dragapult, F|100\/100\n|switch|p2a: Ogerpon-Shitspring|Ogerpon, F|100\/100\n|turn|1\n|inactive|Battle timer is ON: inactive players will automatically lose when time's up. (requested by Cruzer Facer)\n|\n|t:|1700928191\n|-terastallize|p2a: Ogerpon-Shitspring|Grass\n|detailschange|p2a: Ogerpon-Shitspring|Ogerpon-Teal-Tera, F, tera:Grass\n|-ability|p2a: Ogerpon-Shitspring|Embody Aspect (Teal)|boost\n|-boost|p2a: Ogerpon-Shitspring|spe|1\n|move|p2a: Ogerpon-Shitspring|Knock Off|p1a: Dragapult\n|-supereffective|p1a: Dragapult\n|-damage|p1a: Dragapult|0 fnt\n|-enditem|p1a: Dragapult|Choice Specs|[from] move: Knock Off|[of] p2a: Ogerpon-Shitspring\n|faint|p1a: Dragapult\n|\n|upkeep\n|\n|t:|1700928204\n|switch|p1a: Zapdos|Zapdos|100\/100\n|turn|2\n|\n|t:|1700928211\n|switch|p2a: Gigachaddrel|Kilowattrel, F|100\/100\n|move|p1a: Zapdos|Hurricane|p2a: Gigachaddrel\n|-resisted|p2a: Gigachaddrel\n|-damage|p2a: Gigachaddrel|61\/100\n|-start|p2a: Gigachaddrel|confusion\n|\n|upkeep\n|turn|3\n|\n|t:|1700928223\n|-activate|p2a: Gigachaddrel|confusion\n|-damage|p2a: Gigachaddrel|52\/100|[from] confusion\n|move|p1a: Zapdos|Hurricane|p2a: Gigachaddrel|[miss]\n|-miss|p1a: Zapdos|p2a: Gigachaddrel\n|\n|upkeep\n|turn|4\n|\n|t:|1700928229\n|-activate|p2a: Gigachaddrel|confusion\n|-damage|p2a: Gigachaddrel|42\/100|[from] confusion\n|move|p1a: Zapdos|Hurricane|p2a: Gigachaddrel\n|-resisted|p2a: Gigachaddrel\n|-damage|p2a: Gigachaddrel|1\/100\n|\n|upkeep\n|turn|5\n|\n|t:|1700928239\n|switch|p1a: Blissey|Blissey, F|100\/100\n|-end|p2a: Gigachaddrel|confusion\n|move|p2a: Gigachaddrel|Thunderbolt|p1a: Blissey\n|-damage|p1a: Blissey|86\/100\n|-status|p1a: Blissey|par\n|\n|upkeep\n|turn|6\n|\n|t:|1700928248\n|move|p2a: Gigachaddrel|Volt Switch|p1a: Blissey\n|-damage|p1a: Blissey|76\/100 par\n|\n|t:|1700928252\n|switch|p2a: Elon Musk|Great Tusk|100\/100|[from] Volt Switch\n|move|p1a: Blissey|Stealth Rock|p2a: Elon Musk\n|-sidestart|p2: StinkyBinky609|move: Stealth Rock\n|\n|upkeep\n|turn|7\n|\n|t:|1700928258\n|-curestatus|p1a: Blissey|par|[from] ability: Natural Cure\n|switch|p1a: Zapdos|Zapdos|100\/100\n|move|p2a: Elon Musk|Rapid Spin|p1a: Zapdos\n|-damage|p1a: Zapdos|85\/100\n|-boost|p2a: Elon Musk|spe|1\n|-status|p2a: Elon Musk|par|[from] ability: Static|[of] p1a: Zapdos\n|-sideend|p2: StinkyBinky609|Stealth Rock|[from] move: Rapid Spin|[of] p2a: Elon Musk\n|\n|upkeep\n|turn|8\n|\n|t:|1700928269\n|move|p1a: Zapdos|Hurricane|p2a: Elon Musk\n|-supereffective|p2a: Elon Musk\n|-damage|p2a: Elon Musk|7\/100 par\n|-start|p2a: Elon Musk|confusion\n|-activate|p2a: Elon Musk|confusion\n|move|p2a: Elon Musk|Ice Spinner|p1a: Zapdos\n|-supereffective|p1a: Zapdos\n|-damage|p1a: Zapdos|37\/100\n|\n|upkeep\n|turn|9\n|\n|t:|1700928277\n|move|p1a: Zapdos|Roost|p1a: Zapdos\n|-heal|p1a: Zapdos|87\/100\n|-singleturn|p1a: Zapdos|move: Roost\n|-activate|p2a: Elon Musk|confusion\n|move|p2a: Elon Musk|Headlong Rush|p1a: Zapdos\n|-supereffective|p1a: Zapdos\n|-damage|p1a: Zapdos|0 fnt\n|-unboost|p2a: Elon Musk|def|1\n|-unboost|p2a: Elon Musk|spd|1\n|faint|p1a: Zapdos\n|\n|upkeep\n|\n|t:|1700928289\n|switch|p1a: Great Tusk|Great Tusk|100\/100\n|turn|10\n|\n|t:|1700928293\n|-end|p2a: Elon Musk|Protosynthesis|[silent]\n|switch|p2a: Chandy|Chandelure, F|100\/100\n|move|p1a: Great Tusk|Bulk Up|p1a: Great Tusk\n|-boost|p1a: Great Tusk|atk|1\n|-boost|p1a: Great Tusk|def|1\n|\n|upkeep\n|turn|11\n|\n|t:|1700928301\n|move|p1a: Great Tusk|Earthquake|p2a: Chandy\n|-supereffective|p2a: Chandy\n|-damage|p2a: Chandy|0 fnt\n|faint|p2a: Chandy\n|\n|upkeep\n|\n|t:|1700928308\n|switch|p2a: Trash|Iron Valiant|100\/100\n|turn|12\n|\n|t:|1700928323\n|-end|p1a: Great Tusk|Protosynthesis|[silent]\n|switch|p1a: Blissey|Blissey, F|76\/100\n|move|p2a: Trash|Reflect|p2a: Trash\n|-sidestart|p2: StinkyBinky609|Reflect\n|\n|upkeep\n|turn|13\n|l| BobbyTheFool\n|\n|t:|1700928327\n|move|p2a: Trash|Taunt|p1a: Blissey\n|-start|p1a: Blissey|move: Taunt\n|cant|p1a: Blissey|move: Taunt|Stealth Rock\n|\n|upkeep\n|turn|14\n|\n|t:|1700928334\n|switch|p1a: Ogerpon|Ogerpon-Wellspring, F|100\/100\n|move|p2a: Trash|Light Screen|p2a: Trash\n|-sidestart|p2: StinkyBinky609|move: Light Screen\n|\n|upkeep\n|turn|15\n|\n|t:|1700928342\n|-end|p2a: Trash|Quark Drive|[silent]\n|switch|p2a: Elon Musk|Great Tusk|7\/100 par\n|move|p1a: Ogerpon|Ivy Cudgel|p2a: Elon Musk|[anim] Ivy Cudgel Water\n|-supereffective|p2a: Elon Musk\n|-damage|p2a: Elon Musk|0 fnt\n|faint|p2a: Elon Musk\n|-end|p2a: Elon Musk|Protosynthesis|[silent]\n|\n|upkeep\n|\n|t:|1700928346\n|switch|p2a: Ogerpon-Shitspring|Ogerpon-Teal-Tera, F, tera:Grass|100\/100\n|-ability|p2a: Ogerpon-Shitspring|Embody Aspect (Teal)|boost\n|-boost|p2a: Ogerpon-Shitspring|spe|1\n|turn|16\n|\n|t:|1700928365\n|move|p2a: Ogerpon-Shitspring|Ivy Cudgel|p1a: Ogerpon\n|-damage|p1a: Ogerpon|0 fnt\n|faint|p1a: Ogerpon\n|\n|upkeep\n|\n|t:|1700928377\n|switch|p1a: Great Tusk|Great Tusk|100\/100\n|turn|17\n|\n|t:|1700928380\n|-terastallize|p1a: Great Tusk|Steel\n|move|p2a: Ogerpon-Shitspring|Ivy Cudgel|p1a: Great Tusk\n|-resisted|p1a: Great Tusk\n|-damage|p1a: Great Tusk|69\/100\n|move|p1a: Great Tusk|Bulk Up|p1a: Great Tusk\n|-boost|p1a: Great Tusk|atk|1\n|-boost|p1a: Great Tusk|def|1\n|\n|-heal|p1a: Great Tusk|75\/100|[from] item: Leftovers\n|upkeep\n|turn|18\n|\n|t:|1700928391\n|switch|p2a: Small Tusk|Piloswine, F|100\/100\n|move|p1a: Great Tusk|Bulk Up|p1a: Great Tusk\n|-boost|p1a: Great Tusk|atk|1\n|-boost|p1a: Great Tusk|def|1\n|\n|-heal|p1a: Great Tusk|81\/100|[from] item: Leftovers\n|upkeep\n|turn|19\n|\n|t:|1700928403\n|move|p1a: Great Tusk|Bulk Up|p1a: Great Tusk\n|-boost|p1a: Great Tusk|atk|1\n|-boost|p1a: Great Tusk|def|1\n|move|p2a: Small Tusk|Earthquake|p1a: Great Tusk\n|-supereffective|p1a: Great Tusk\n|-damage|p1a: Great Tusk|57\/100\n|\n|-heal|p1a: Great Tusk|64\/100|[from] item: Leftovers\n|-sideend|p2: StinkyBinky609|Reflect\n|upkeep\n|turn|20\n|\n|t:|1700928411\n|move|p1a: Great Tusk|Knock Off|p2a: Small Tusk\n|-damage|p2a: Small Tusk|56\/100\n|-enditem|p2a: Small Tusk|Eviolite|[from] move: Knock Off|[of] p1a: Great Tusk\n|move|p2a: Small Tusk|Scary Face|p1a: Great Tusk\n|-unboost|p1a: Great Tusk|spe|2\n|\n|-heal|p1a: Great Tusk|70\/100|[from] item: Leftovers\n|upkeep\n|turn|21\n|\n|t:|1700928423\n|move|p1a: Great Tusk|Rapid Spin|p2a: Small Tusk\n|-damage|p2a: Small Tusk|21\/100\n|-boost|p1a: Great Tusk|spe|1\n|move|p2a: Small Tusk|Earthquake|p1a: Great Tusk\n|-supereffective|p1a: Great Tusk\n|-damage|p1a: Great Tusk|45\/100\n|\n|-heal|p1a: Great Tusk|51\/100|[from] item: Leftovers\n|-sideend|p2: StinkyBinky609|move: Light Screen\n|upkeep\n|turn|22\n|\n|t:|1700928430\n|move|p1a: Great Tusk|Rapid Spin|p2a: Small Tusk\n|-damage|p2a: Small Tusk|0 fnt\n|-boost|p1a: Great Tusk|spe|1\n|faint|p2a: Small Tusk\n|\n|-heal|p1a: Great Tusk|57\/100|[from] item: Leftovers\n|upkeep\n|\n|t:|1700928432\n|switch|p2a: Gigachaddrel|Kilowattrel, F|1\/100\n|turn|23\n|\n|t:|1700928436\n|move|p2a: Gigachaddrel|Thunderbolt|p1a: Great Tusk\n|-damage|p1a: Great Tusk|6\/100\n|move|p1a: Great Tusk|Rapid Spin|p2a: Gigachaddrel\n|-damage|p2a: Gigachaddrel|0 fnt\n|-boost|p1a: Great Tusk|spe|1\n|faint|p2a: Gigachaddrel\n|\n|-heal|p1a: Great Tusk|12\/100|[from] item: Leftovers\n|upkeep\n|\n|t:|1700928439\n|switch|p2a: Ogerpon-Shitspring|Ogerpon-Teal-Tera, F, tera:Grass|100\/100\n|-ability|p2a: Ogerpon-Shitspring|Embody Aspect (Teal)|boost\n|-boost|p2a: Ogerpon-Shitspring|spe|1\n|turn|24\n|\n|t:|1700928448\n|move|p2a: Ogerpon-Shitspring|Superpower|p1a: Great Tusk\n|-supereffective|p1a: Great Tusk\n|-damage|p1a: Great Tusk|0 fnt\n|-unboost|p2a: Ogerpon-Shitspring|atk|1\n|-unboost|p2a: Ogerpon-Shitspring|def|1\n|faint|p1a: Great Tusk\n|-end|p1a: Great Tusk|Protosynthesis|[silent]\n|\n|upkeep\n|\n|t:|1700928462\n|switch|p1a: Kingambit|Kingambit, F|100\/100\n|-activate|p1a: Kingambit|ability: Supreme Overlord\n|-start|p1a: Kingambit|fallen4|[silent]\n|turn|25\n|\n|t:|1700928474\n|move|p2a: Ogerpon-Shitspring|Superpower|p1a: Kingambit\n|-supereffective|p1a: Kingambit\n|-damage|p1a: Kingambit|0 fnt\n|-unboost|p2a: Ogerpon-Shitspring|atk|1\n|-unboost|p2a: Ogerpon-Shitspring|def|1\n|faint|p1a: Kingambit\n|-end|p1a: Kingambit|fallen4|[silent]\n|\n|upkeep\n|\n|t:|1700928478\n|switch|p1a: Blissey|Blissey, F|76\/100\n|turn|26\n|c|\u2606Cruzer Facer|well play\n|\n|t:|1700928485\n|switch|p2a: Trash|Iron Valiant|100\/100\n|move|p1a: Blissey|Seismic Toss|p2a: Trash\n|-damage|p2a: Trash|72\/100\n|\n|upkeep\n|turn|27\n|\n|t:|1700928491\n|move|p2a: Trash|Taunt|p1a: Blissey\n|-start|p1a: Blissey|move: Taunt\n|move|p1a: Blissey|Seismic Toss|p2a: Trash\n|-damage|p2a: Trash|44\/100\n|\n|upkeep\n|turn|28\n|\n|t:|1700928496\n|-end|p2a: Trash|Quark Drive|[silent]\n|switch|p2a: Ogerpon-Shitspring|Ogerpon-Teal-Tera, F, tera:Grass|100\/100\n|-ability|p2a: Ogerpon-Shitspring|Embody Aspect (Teal)|boost\n|-boost|p2a: Ogerpon-Shitspring|spe|1\n|move|p1a: Blissey|Seismic Toss|p2a: Ogerpon-Shitspring\n|-damage|p2a: Ogerpon-Shitspring|67\/100\n|\n|upkeep\n|turn|29\n|\n|t:|1700928503\n|move|p2a: Ogerpon-Shitspring|Superpower|p1a: Blissey\n|-supereffective|p1a: Blissey\n|-damage|p1a: Blissey|0 fnt\n|-unboost|p2a: Ogerpon-Shitspring|atk|1\n|-unboost|p2a: Ogerpon-Shitspring|def|1\n|faint|p1a: Blissey\n|\n|win|StinkyBinky609\n|raw|Cruzer Facer's rating: 1422 &rarr; <strong>1400<\/strong><br \/>(-22 for losing)\n|raw|StinkyBinky609's rating: 1381 &rarr; <strong>1403<\/strong><br \/>(+22 for winning)\n","uploadtime":1700928507,"views":5,"p1id":"cruzerfacer","p2id":"stinkybinky609","formatid":"gen9ou","rating":1400,"private":0,"password":""}