{"id":"gen9ou-2000343146","p1":"pok3monjake","p2":"Alolans Creed","format":"[Gen 9] OU","log":"|j|\u2606pok3monjake\n|j|\u2606Alolans Creed\n|t:|1701186696\n|gametype|singles\n|player|p1|pok3monjake|unknown|1554\n|player|p2|Alolans Creed|kukui-stand|1525\n|teamsize|p1|6\n|teamsize|p2|6\n|gen|9\n|tier|[Gen 9] OU\n|rated|\n|rule|Sleep Clause Mod: Limit one foe put to sleep\n|rule|Species Clause: Limit one of each Pok\u00e9mon\n|rule|OHKO Clause: OHKO moves are banned\n|rule|Evasion Items Clause: Evasion items are banned\n|rule|Evasion Moves Clause: Evasion moves are banned\n|rule|Endless Battle Clause: Forcing endless battles is banned\n|rule|HP Percentage Mod: HP is shown in percentages\n|clearpoke\n|poke|p1|Hawlucha, M|\n|poke|p1|Dragapult, F|\n|poke|p1|Iron Moth|\n|poke|p1|Iron Treads|\n|poke|p1|Iron Valiant|\n|poke|p1|Samurott-Hisui, M|\n|poke|p2|Fezandipiti, M|\n|poke|p2|Great Tusk|\n|poke|p2|Kingambit, M|\n|poke|p2|Dragapult, F|\n|poke|p2|Zapdos|\n|poke|p2|Ogerpon-Wellspring, F|\n|teampreview\n|\n|t:|1701186710\n|start\n|switch|p1a: Samurott|Samurott-Hisui, M|100\/100\n|switch|p2a: Boujee|Fezandipiti, M|100\/100\n|turn|1\n|\n|t:|1701186731\n|move|p2a: Boujee|Moonblast|p1a: Samurott\n|-supereffective|p1a: Samurott\n|-enditem|p1a: Samurott|Focus Sash\n|-damage|p1a: Samurott|1\/100\n|-unboost|p1a: Samurott|spa|1\n|move|p1a: Samurott|Razor Shell|p2a: Boujee\n|-damage|p2a: Boujee|35\/100\n|\n|-heal|p2a: Boujee|42\/100|[from] item: Leftovers\n|upkeep\n|turn|2\n|inactive|Battle timer is ON: inactive players will automatically lose when time's up. (requested by Alolans Creed)\n|\n|t:|1701186776\n|switch|p1a: Iron Treads|Iron Treads|100\/100\n|-enditem|p1a: Iron Treads|Booster Energy\n|-activate|p1a: Iron Treads|ability: Quark Drive|[fromitem]\n|-start|p1a: Iron Treads|quarkdrivespe\n|move|p2a: Boujee|Roost|p2a: Boujee\n|-heal|p2a: Boujee|92\/100\n|-singleturn|p2a: Boujee|move: Roost\n|\n|-heal|p2a: Boujee|98\/100|[from] item: Leftovers\n|upkeep\n|turn|3\n|\n|t:|1701186780\n|switch|p2a: Frizz|Zapdos|100\/100\n|move|p1a: Iron Treads|Stealth Rock|p2a: Frizz\n|-sidestart|p2: Alolans Creed|move: Stealth Rock\n|\n|upkeep\n|turn|4\n|inactive|pok3monjake has 120 seconds left.\n|\n|t:|1701186812\n|move|p1a: Iron Treads|Ice Spinner|p2a: Frizz\n|-supereffective|p2a: Frizz\n|-damage|p2a: Frizz|50\/100\n|-status|p1a: Iron Treads|par|[from] ability: Static|[of] p2a: Frizz\n|move|p2a: Frizz|Hurricane|p1a: Iron Treads\n|-resisted|p1a: Iron Treads\n|-damage|p1a: Iron Treads|66\/100 par\n|\n|upkeep\n|turn|5\n|inactive|pok3monjake has 120 seconds left.\n|\n|t:|1701186851\n|-end|p1a: Iron Treads|Quark Drive|[silent]\n|switch|p1a: Dragapult|Dragapult, F|100\/100\n|move|p2a: Frizz|Roost|p2a: Frizz\n|-heal|p2a: Frizz|99\/100\n|-singleturn|p2a: Frizz|move: Roost\n|\n|upkeep\n|turn|6\n|\n|t:|1701186862\n|move|p1a: Dragapult|Light Screen|p1a: Dragapult\n|-sidestart|p1: pok3monjake|move: Light Screen\n|move|p2a: Frizz|Hurricane|p1a: Dragapult\n|-damage|p1a: Dragapult|73\/100\n|\n|upkeep\n|turn|7\n|\n|t:|1701186873\n|move|p1a: Dragapult|Reflect|p1a: Dragapult\n|-sidestart|p1: pok3monjake|Reflect\n|move|p2a: Frizz|Volt Switch|p1a: Dragapult\n|-resisted|p1a: Dragapult\n|-damage|p1a: Dragapult|65\/100\n|\n|t:|1701186882\n|switch|p2a: Slash|Kingambit, M|100\/100|[from] Volt Switch\n|-damage|p2a: Slash|94\/100|[from] Stealth Rock\n|\n|-heal|p2a: Slash|100\/100|[from] item: Leftovers\n|upkeep\n|turn|8\n|\n|t:|1701186890\n|move|p1a: Dragapult|Will-O-Wisp|p2a: Slash\n|-status|p2a: Slash|brn\n|move|p2a: Slash|Kowtow Cleave|p1a: Dragapult\n|-supereffective|p1a: Dragapult\n|-damage|p1a: Dragapult|35\/100\n|\n|-damage|p2a: Slash|94\/100 brn|[from] brn\n|upkeep\n|turn|9\n|inactive|pok3monjake has 120 seconds left.\n|\n|t:|1701186909\n|move|p1a: Dragapult|Curse|p2a: Slash\n|-start|p2a: Slash|Curse|[of] p1a: Dragapult\n|-damage|p1a: Dragapult|0 fnt\n|faint|p1a: Dragapult\n|move|p2a: Slash|Kowtow Cleave|p1: Dragapult|[notarget]\n|-fail|p2a: Slash\n|\n|-heal|p2a: Slash|100\/100 brn|[from] item: Leftovers\n|-damage|p2a: Slash|94\/100 brn|[from] brn\n|-damage|p2a: Slash|69\/100 brn|[from] Curse\n|upkeep\n|\n|t:|1701186913\n|switch|p1a: Hawlucha|Hawlucha, M|100\/100\n|turn|10\n|\n|t:|1701186916\n|-end|p2a: Slash|fallenundefined|[silent]\n|switch|p2a: Frizz|Zapdos|99\/100\n|move|p1a: Hawlucha|Swords Dance|p1a: Hawlucha\n|-boost|p1a: Hawlucha|atk|2\n|\n|upkeep\n|turn|11\n|\n|t:|1701186930\n|-terastallize|p1a: Hawlucha|Dark\n|move|p1a: Hawlucha|Fling|p2a: Frizz\n|-damage|p2a: Frizz|0 fnt\n|-enditem|p1a: Hawlucha|Big Nugget|[from] move: Fling\n|faint|p2a: Frizz\n|\n|upkeep\n|\n|t:|1701186940\n|switch|p2a: Goodyear|Great Tusk|100\/100\n|-damage|p2a: Goodyear|98\/100|[from] Stealth Rock\n|turn|12\n|\n|t:|1701186951\n|-terastallize|p2a: Goodyear|Water\n|move|p1a: Hawlucha|Acrobatics|p2a: Goodyear\n|-crit|p2a: Goodyear\n|-damage|p2a: Goodyear|31\/100\n|move|p2a: Goodyear|Rapid Spin|p1a: Hawlucha\n|-damage|p1a: Hawlucha|91\/100\n|-boost|p2a: Goodyear|spe|1\n|-sideend|p2: Alolans Creed|Stealth Rock|[from] move: Rapid Spin|[of] p2a: Goodyear\n|\n|-heal|p2a: Goodyear|37\/100|[from] item: Leftovers\n|upkeep\n|turn|13\n|-message|Alolans Creed forfeited.\n|\n|win|pok3monjake\n|raw|pok3monjake's rating: 1554 &rarr; <strong>1572<\/strong><br \/>(+18 for winning)\n|raw|Alolans Creed's rating: 1525 &rarr; <strong>1507<\/strong><br \/>(-18 for losing)\n|l|\u2606Alolans Creed\n","uploadtime":1701186959,"views":3,"p1id":"pok3monjake","p2id":"alolanscreed","formatid":"gen9ou","rating":1507,"private":0,"password":""}