{"id":"gen9ou-1994117911","p1":"ceart12","p2":"Power Panpour","format":"[Gen 9] OU","log":"|j|\u2606ceart12\n|j|\u2606Power Panpour\n|t:|1700408990\n|gametype|singles\n|player|p1|ceart12|eusine|1077\n|player|p2|Power Panpour|ingo|1160\n|teamsize|p1|6\n|teamsize|p2|6\n|gen|9\n|tier|[Gen 9] OU\n|rated|\n|rule|Sleep Clause Mod: Limit one foe put to sleep\n|rule|Species Clause: Limit one of each Pok\u00e9mon\n|rule|OHKO Clause: OHKO moves are banned\n|rule|Evasion Items Clause: Evasion items are banned\n|rule|Evasion Moves Clause: Evasion moves are banned\n|rule|Endless Battle Clause: Forcing endless battles is banned\n|rule|HP Percentage Mod: HP is shown in percentages\n|clearpoke\n|poke|p1|Ambipom, F|\n|poke|p1|Zoroark-Hisui, F|\n|poke|p1|Dipplin, M|\n|poke|p1|Zapdos|\n|poke|p1|Empoleon, M|\n|poke|p1|Mimikyu, F|\n|poke|p2|Landorus-Therian, M|\n|poke|p2|Iron Valiant|\n|poke|p2|Blissey, F|\n|poke|p2|Great Tusk|\n|poke|p2|Zapdos|\n|poke|p2|Alomomola, M|\n|teampreview\n|inactive|Battle timer is ON: inactive players will automatically lose when time's up. (requested by Power Panpour)\n|\n|t:|1700408998\n|start\n|switch|p1a: Bonaparte|Empoleon, M|100\/100\n|switch|p2a: I'm so back baby|Landorus-Therian, M|100\/100\n|-ability|p2a: I'm so back baby|Intimidate|boost\n|-unboost|p1a: Bonaparte|atk|1\n|turn|1\n|\n|t:|1700409008\n|move|p2a: I'm so back baby|Earthquake|p1a: Bonaparte\n|-supereffective|p1a: Bonaparte\n|-damage|p1a: Bonaparte|7\/100\n|move|p1a: Bonaparte|Ice Beam|p2a: I'm so back baby\n|-supereffective|p2a: I'm so back baby\n|-damage|p2a: I'm so back baby|0 fnt\n|faint|p2a: I'm so back baby\n|\n|-heal|p1a: Bonaparte|13\/100|[from] item: Leftovers\n|upkeep\n|\n|t:|1700409024\n|switch|p2a: Dutchman III|Great Tusk|100\/100\n|turn|2\n|\n|t:|1700409033\n|-end|p2a: Dutchman III|Protosynthesis|[silent]\n|switch|p2a: Is but a bliss|Blissey, F|100\/100\n|move|p1a: Bonaparte|Surf|p2a: Is but a bliss\n|-damage|p2a: Is but a bliss|80\/100\n|\n|-heal|p1a: Bonaparte|19\/100|[from] item: Leftovers\n|-heal|p2a: Is but a bliss|86\/100|[from] item: Leftovers\n|upkeep\n|turn|3\n|\n|t:|1700409042\n|move|p1a: Bonaparte|Yawn|p2a: Is but a bliss\n|-start|p2a: Is but a bliss|move: Yawn|[of] p1a: Bonaparte\n|move|p2a: Is but a bliss|Shadow Ball|p1a: Bonaparte\n|-damage|p1a: Bonaparte|7\/100\n|\n|-heal|p1a: Bonaparte|13\/100|[from] item: Leftovers\n|-heal|p2a: Is but a bliss|92\/100|[from] item: Leftovers\n|upkeep\n|turn|4\n|\n|t:|1700409053\n|switch|p2a: Boomer Bird|Zapdos|100\/100\n|move|p1a: Bonaparte|Agility|p1a: Bonaparte\n|-boost|p1a: Bonaparte|spe|2\n|\n|-heal|p1a: Bonaparte|19\/100|[from] item: Leftovers\n|upkeep\n|turn|5\n|\n|t:|1700409068\n|move|p1a: Bonaparte|Ice Beam|p2a: Boomer Bird\n|-supereffective|p2a: Boomer Bird\n|-damage|p2a: Boomer Bird|50\/100\n|move|p2a: Boomer Bird|Thunderbolt|p1a: Bonaparte\n|-supereffective|p1a: Bonaparte\n|-damage|p1a: Bonaparte|0 fnt\n|faint|p1a: Bonaparte\n|\n|-heal|p2a: Boomer Bird|56\/100|[from] item: Leftovers\n|upkeep\n|\n|t:|1700409085\n|switch|p1a: Zapdos|Zapdos|100\/100\n|turn|6\n|\n|t:|1700409090\n|move|p1a: Zapdos|Substitute|p1a: Zapdos\n|-start|p1a: Zapdos|Substitute\n|-damage|p1a: Zapdos|75\/100\n|move|p2a: Boomer Bird|Thunderbolt|p1a: Zapdos\n|-end|p1a: Zapdos|Substitute\n|\n|-heal|p2a: Boomer Bird|62\/100|[from] item: Leftovers\n|-heal|p1a: Zapdos|82\/100|[from] item: Leftovers\n|upkeep\n|turn|7\n|\n|t:|1700409100\n|-terastallize|p1a: Zapdos|Electric\n|move|p1a: Zapdos|Substitute|p1a: Zapdos\n|-start|p1a: Zapdos|Substitute\n|-damage|p1a: Zapdos|57\/100\n|move|p2a: Boomer Bird|Thunderbolt|p1a: Zapdos\n|-resisted|p1a: Zapdos\n|-activate|p1a: Zapdos|move: Substitute|[damage]\n|\n|-heal|p2a: Boomer Bird|68\/100|[from] item: Leftovers\n|-heal|p1a: Zapdos|63\/100|[from] item: Leftovers\n|upkeep\n|turn|8\n|\n|t:|1700409111\n|move|p1a: Zapdos|Thunderbolt|p2a: Boomer Bird\n|-damage|p2a: Boomer Bird|21\/100\n|move|p2a: Boomer Bird|Heat Wave|p1a: Zapdos|[miss]\n|-miss|p2a: Boomer Bird|p1a: Zapdos\n|\n|-heal|p1a: Zapdos|69\/100|[from] item: Leftovers\n|-heal|p2a: Boomer Bird|27\/100|[from] item: Leftovers\n|upkeep\n|turn|9\n|\n|t:|1700409120\n|switch|p2a: Is but a bliss|Blissey, F|92\/100\n|move|p1a: Zapdos|Thunderbolt|p2a: Is but a bliss\n|-damage|p2a: Is but a bliss|72\/100\n|\n|-heal|p1a: Zapdos|75\/100|[from] item: Leftovers\n|-heal|p2a: Is but a bliss|78\/100|[from] item: Leftovers\n|upkeep\n|turn|10\n|\n|t:|1700409130\n|move|p1a: Zapdos|Hurricane|p2a: Is but a bliss|[miss]\n|-miss|p1a: Zapdos|p2a: Is but a bliss\n|move|p2a: Is but a bliss|Calm Mind|p2a: Is but a bliss\n|-boost|p2a: Is but a bliss|spa|1\n|-boost|p2a: Is but a bliss|spd|1\n|\n|-heal|p1a: Zapdos|82\/100|[from] item: Leftovers\n|-heal|p2a: Is but a bliss|84\/100|[from] item: Leftovers\n|upkeep\n|turn|11\n|\n|t:|1700409143\n|move|p1a: Zapdos|Hurricane|p2a: Is but a bliss|[miss]\n|-miss|p1a: Zapdos|p2a: Is but a bliss\n|move|p2a: Is but a bliss|Shadow Ball|p1a: Zapdos\n|-end|p1a: Zapdos|Substitute\n|\n|-heal|p1a: Zapdos|88\/100|[from] item: Leftovers\n|-heal|p2a: Is but a bliss|91\/100|[from] item: Leftovers\n|upkeep\n|turn|12\n|\n|t:|1700409155\n|move|p1a: Zapdos|Hurricane|p2a: Is but a bliss|[miss]\n|-miss|p1a: Zapdos|p2a: Is but a bliss\n|move|p2a: Is but a bliss|Calm Mind|p2a: Is but a bliss\n|-boost|p2a: Is but a bliss|spa|1\n|-boost|p2a: Is but a bliss|spd|1\n|\n|-heal|p1a: Zapdos|94\/100|[from] item: Leftovers\n|-heal|p2a: Is but a bliss|97\/100|[from] item: Leftovers\n|upkeep\n|turn|13\n|\n|t:|1700409167\n|move|p1a: Zapdos|Hurricane|p2a: Is but a bliss\n|-damage|p2a: Is but a bliss|89\/100\n|move|p2a: Is but a bliss|Shadow Ball|p1a: Zapdos\n|-damage|p1a: Zapdos|73\/100\n|\n|-heal|p1a: Zapdos|79\/100|[from] item: Leftovers\n|-heal|p2a: Is but a bliss|95\/100|[from] item: Leftovers\n|upkeep\n|turn|14\n|\n|t:|1700409177\n|move|p1a: Zapdos|Substitute|p1a: Zapdos\n|-start|p1a: Zapdos|Substitute\n|-damage|p1a: Zapdos|54\/100\n|move|p2a: Is but a bliss|Calm Mind|p2a: Is but a bliss\n|-boost|p2a: Is but a bliss|spa|1\n|-boost|p2a: Is but a bliss|spd|1\n|\n|-heal|p1a: Zapdos|60\/100|[from] item: Leftovers\n|-heal|p2a: Is but a bliss|100\/100|[from] item: Leftovers\n|upkeep\n|turn|15\n|\n|t:|1700409186\n|move|p1a: Zapdos|Thunderbolt|p2a: Is but a bliss\n|-damage|p2a: Is but a bliss|93\/100\n|move|p2a: Is but a bliss|Shadow Ball|p1a: Zapdos\n|-end|p1a: Zapdos|Substitute\n|\n|-heal|p1a: Zapdos|66\/100|[from] item: Leftovers\n|-heal|p2a: Is but a bliss|99\/100|[from] item: Leftovers\n|upkeep\n|turn|16\n|\n|t:|1700409196\n|move|p1a: Zapdos|Thunderbolt|p2a: Is but a bliss\n|-damage|p2a: Is but a bliss|91\/100\n|move|p2a: Is but a bliss|Shadow Ball|p1a: Zapdos\n|-damage|p1a: Zapdos|39\/100\n|\n|-heal|p1a: Zapdos|45\/100|[from] item: Leftovers\n|-heal|p2a: Is but a bliss|97\/100|[from] item: Leftovers\n|upkeep\n|turn|17\n|\n|t:|1700409205\n|move|p1a: Zapdos|Thunderbolt|p2a: Is but a bliss\n|-damage|p2a: Is but a bliss|90\/100\n|move|p2a: Is but a bliss|Calm Mind|p2a: Is but a bliss\n|-boost|p2a: Is but a bliss|spa|1\n|-boost|p2a: Is but a bliss|spd|1\n|\n|-heal|p1a: Zapdos|51\/100|[from] item: Leftovers\n|-heal|p2a: Is but a bliss|96\/100|[from] item: Leftovers\n|upkeep\n|turn|18\n|\n|t:|1700409214\n|move|p1a: Zapdos|Thunderbolt|p2a: Is but a bliss\n|-damage|p2a: Is but a bliss|90\/100\n|move|p2a: Is but a bliss|Shadow Ball|p1a: Zapdos\n|-damage|p1a: Zapdos|17\/100\n|-unboost|p1a: Zapdos|spd|1\n|\n|-heal|p1a: Zapdos|23\/100|[from] item: Leftovers\n|-heal|p2a: Is but a bliss|96\/100|[from] item: Leftovers\n|upkeep\n|turn|19\n|\n|t:|1700409224\n|move|p1a: Zapdos|Thunderbolt|p2a: Is but a bliss\n|-damage|p2a: Is but a bliss|90\/100\n|-status|p2a: Is but a bliss|par\n|move|p2a: Is but a bliss|Shadow Ball|p1a: Zapdos\n|-damage|p1a: Zapdos|0 fnt\n|faint|p1a: Zapdos\n|\n|-heal|p2a: Is but a bliss|96\/100 par|[from] item: Leftovers\n|upkeep\n|\n|t:|1700409235\n|switch|p1a: N|Mimikyu, F, shiny|100\/100\n|turn|20\n|\n|t:|1700409239\n|move|p1a: N|Swords Dance|p1a: N\n|-boost|p1a: N|atk|2\n|move|p2a: Is but a bliss|Shadow Ball|p1a: N\n|-activate|p1a: N|ability: Disguise\n|-damage|p1a: N|100\/100\n|detailschange|p1a: N|Mimikyu-Busted, F, shiny\n|-damage|p1a: N|88\/100|[from] pokemon: Mimikyu-Busted\n|\n|-heal|p2a: Is but a bliss|100\/100 par|[from] item: Leftovers\n|upkeep\n|turn|21\n|\n|t:|1700409252\n|move|p1a: N|Drain Punch|p2a: Is but a bliss\n|-supereffective|p2a: Is but a bliss\n|-damage|p2a: Is but a bliss|6\/100 par\n|-heal|p1a: N|100\/100|[from] drain|[of] p2a: Is but a bliss\n|-damage|p1a: N|91\/100|[from] item: Life Orb\n|cant|p2a: Is but a bliss|par\n|\n|-heal|p2a: Is but a bliss|12\/100 par|[from] item: Leftovers\n|upkeep\n|turn|22\n|\n|t:|1700409263\n|-terastallize|p2a: Is but a bliss|Ghost\n|move|p1a: N|Drain Punch|p2a: Is but a bliss\n|-immune|p2a: Is but a bliss\n|cant|p2a: Is but a bliss|par\n|\n|-heal|p2a: Is but a bliss|18\/100 par|[from] item: Leftovers\n|upkeep\n|turn|23\n|\n|t:|1700409271\n|-curestatus|p2a: Is but a bliss|par|[from] ability: Natural Cure\n|switch|p2a: ye|Iron Valiant|100\/100\n|move|p1a: N|Shadow Sneak|p2a: ye\n|-damage|p2a: ye|45\/100\n|-damage|p1a: N|81\/100|[from] item: Life Orb\n|\n|upkeep\n|turn|24\n|\n|t:|1700409280\n|move|p1a: N|Shadow Sneak|p2a: ye\n|-damage|p2a: ye|0 fnt\n|faint|p2a: ye\n|-end|p2a: ye|Quark Drive|[silent]\n|-damage|p1a: N|71\/100|[from] item: Life Orb\n|\n|upkeep\n|\n|t:|1700409284\n|switch|p2a: Dutchman III|Great Tusk|100\/100\n|turn|25\n|\n|t:|1700409298\n|move|p1a: N|Shadow Sneak|p2a: Dutchman III\n|-damage|p2a: Dutchman III|70\/100\n|-damage|p1a: N|61\/100|[from] item: Life Orb\n|move|p2a: Dutchman III|Headlong Rush|p1a: N\n|-damage|p1a: N|0 fnt\n|-unboost|p2a: Dutchman III|def|1\n|-unboost|p2a: Dutchman III|spd|1\n|faint|p1a: N\n|\n|upkeep\n|\n|t:|1700409311\n|switch|p1a: zukerberg|Dipplin, M|100\/100\n|turn|26\n|\n|t:|1700409316\n|-end|p2a: Dutchman III|Protosynthesis|[silent]\n|switch|p2a: Is but a bliss|Blissey, F, tera:Ghost|18\/100\n|move|p1a: zukerberg|Giga Drain|p2a: Is but a bliss\n|-damage|p2a: Is but a bliss|8\/100\n|\n|-heal|p2a: Is but a bliss|14\/100|[from] item: Leftovers\n|upkeep\n|turn|27\n|\n|t:|1700409328\n|move|p2a: Is but a bliss|Soft-Boiled|p2a: Is but a bliss\n|-heal|p2a: Is but a bliss|64\/100\n|move|p1a: zukerberg|Dragon Pulse|p2a: Is but a bliss\n|-damage|p2a: Is but a bliss|53\/100\n|\n|-heal|p2a: Is but a bliss|59\/100|[from] item: Leftovers\n|upkeep\n|turn|28\n|\n|t:|1700409338\n|switch|p2a: Boomer Bird|Zapdos|27\/100\n|switch|p1a: Jayboy|Ambipom, F|100\/100\n|\n|-heal|p2a: Boomer Bird|33\/100|[from] item: Leftovers\n|upkeep\n|turn|29\n|\n|t:|1700409345\n|switch|p2a: Coca-Mola|Alomomola, M|100\/100\n|move|p1a: Jayboy|Fake Out|p2a: Coca-Mola\n|-damage|p2a: Coca-Mola|83\/100\n|-damage|p1a: Jayboy|91\/100|[from] item: Life Orb\n|\n|-heal|p2a: Coca-Mola|89\/100|[from] item: Leftovers\n|upkeep\n|turn|30\n|\n|t:|1700409355\n|move|p1a: Jayboy|Knock Off|p2a: Coca-Mola\n|-damage|p2a: Coca-Mola|70\/100\n|-enditem|p2a: Coca-Mola|Leftovers|[from] move: Knock Off|[of] p1a: Jayboy\n|-damage|p1a: Jayboy|81\/100|[from] item: Life Orb\n|move|p2a: Coca-Mola|Wish|p2a: Coca-Mola\n|\n|upkeep\n|turn|31\n|\n|t:|1700409374\n|move|p1a: Jayboy|Knock Off|p2a: Coca-Mola\n|-damage|p2a: Coca-Mola|57\/100\n|-damage|p1a: Jayboy|71\/100|[from] item: Life Orb\n|move|p2a: Coca-Mola|Flip Turn|p1a: Jayboy\n|-crit|p1a: Jayboy\n|-damage|p1a: Jayboy|33\/100\n|\n|t:|1700409384\n|switch|p2a: Boomer Bird|Zapdos|33\/100|[from] Flip Turn\n|\n|-heal|p2a: Boomer Bird|100\/100|[from] move: Wish|[wisher] Coca-Mola\n|upkeep\n|turn|32\n|\n|t:|1700409402\n|move|p1a: Jayboy|Double Hit|p2a: Boomer Bird\n|-damage|p2a: Boomer Bird|69\/100\n|-status|p1a: Jayboy|par|[from] ability: Static|[of] p2a: Boomer Bird\n|-damage|p2a: Boomer Bird|39\/100\n|-hitcount|p2a: Boomer Bird|2\n|-damage|p1a: Jayboy|24\/100 par|[from] item: Life Orb\n|move|p2a: Boomer Bird|Thunderbolt|p1a: Jayboy\n|-crit|p1a: Jayboy\n|-damage|p1a: Jayboy|0 fnt\n|faint|p1a: Jayboy\n|\n|-heal|p2a: Boomer Bird|45\/100|[from] item: Leftovers\n|upkeep\n|\n|t:|1700409414\n|switch|p1a: zukerberg|Dipplin, M|100\/100\n|turn|33\n|\n|t:|1700409424\n|move|p1a: zukerberg|Bitter Malice|p2a: Boomer Bird\n|-damage|p2a: Boomer Bird|0 fnt\n|faint|p2a: Boomer Bird\n|-damage|p1a: zukerberg|91\/100|[from] item: Life Orb\n|\n|upkeep\n|\n|t:|1700409429\n|switch|p2a: Dutchman III|Great Tusk|70\/100\n|turn|34\n|\n|t:|1700409440\n|move|p1a: zukerberg|Nasty Plot|p1a: zukerberg\n|-boost|p1a: zukerberg|spa|2\n|move|p2a: Dutchman III|Knock Off|p1a: zukerberg\n|-supereffective|p1a: zukerberg\n|-damage|p1a: zukerberg|0 fnt\n|replace|p1a: L|Zoroark-Hisui, F\n|-end|p1a: L|Illusion\n|-enditem|p1a: L|Life Orb|[from] move: Knock Off|[of] p2a: Dutchman III\n|faint|p1a: L\n|\n|upkeep\n|\n|t:|1700409449\n|switch|p1a: zukerberg|Dipplin, M|100\/100\n|turn|35\n|\n|t:|1700409455\n|move|p2a: Dutchman III|Close Combat|p1a: zukerberg\n|-damage|p1a: zukerberg|72\/100\n|-unboost|p2a: Dutchman III|def|1\n|-unboost|p2a: Dutchman III|spd|1\n|move|p1a: zukerberg|Giga Drain|p2a: Dutchman III\n|-supereffective|p2a: Dutchman III\n|-damage|p2a: Dutchman III|0 fnt\n|-heal|p1a: zukerberg|100\/100|[from] drain|[of] p2a: Dutchman III\n|faint|p2a: Dutchman III\n|-end|p2a: Dutchman III|Protosynthesis|[silent]\n|\n|upkeep\n|\n|t:|1700409461\n|switch|p2a: Is but a bliss|Blissey, F, tera:Ghost|59\/100\n|turn|36\n|\n|t:|1700409467\n|move|p2a: Is but a bliss|Calm Mind|p2a: Is but a bliss\n|-boost|p2a: Is but a bliss|spa|1\n|-boost|p2a: Is but a bliss|spd|1\n|move|p1a: zukerberg|Dragon Tail|p2a: Is but a bliss\n|-damage|p2a: Is but a bliss|45\/100\n|drag|p2a: Coca-Mola|Alomomola, M|91\/100\n|\n|upkeep\n|turn|37\n|\n|t:|1700409477\n|move|p2a: Coca-Mola|Scald|p1a: zukerberg\n|-resisted|p1a: zukerberg\n|-damage|p1a: zukerberg|98\/100\n|-status|p1a: zukerberg|brn\n|move|p1a: zukerberg|Giga Drain|p2a: Coca-Mola\n|-supereffective|p2a: Coca-Mola\n|-damage|p2a: Coca-Mola|33\/100\n|-heal|p1a: zukerberg|100\/100 brn|[from] drain|[of] p2a: Coca-Mola\n|\n|-damage|p1a: zukerberg|94\/100 brn|[from] brn\n|upkeep\n|turn|38\n|\n|t:|1700409488\n|move|p2a: Coca-Mola|Protect|p2a: Coca-Mola\n|-singleturn|p2a: Coca-Mola|Protect\n|move|p1a: zukerberg|Giga Drain|p2a: Coca-Mola\n|-activate|p2a: Coca-Mola|move: Protect\n|\n|-damage|p1a: zukerberg|88\/100 brn|[from] brn\n|upkeep\n|turn|39\n|\n|t:|1700409496\n|move|p2a: Coca-Mola|Flip Turn|p1a: zukerberg\n|-resisted|p1a: zukerberg\n|-damage|p1a: zukerberg|87\/100 brn\n|\n|t:|1700409499\n|switch|p2a: Is but a bliss|Blissey, F, tera:Ghost|45\/100|[from] Flip Turn\n|move|p1a: zukerberg|Giga Drain|p2a: Is but a bliss\n|-damage|p2a: Is but a bliss|35\/100\n|-heal|p1a: zukerberg|97\/100 brn|[from] drain|[of] p2a: Is but a bliss\n|\n|-heal|p2a: Is but a bliss|41\/100|[from] item: Leftovers\n|-damage|p1a: zukerberg|91\/100 brn|[from] brn\n|upkeep\n|turn|40\n|\n|t:|1700409509\n|move|p2a: Is but a bliss|Soft-Boiled|p2a: Is but a bliss\n|-heal|p2a: Is but a bliss|91\/100\n|move|p1a: zukerberg|Dragon Tail|p2a: Is but a bliss|[miss]\n|-miss|p1a: zukerberg|p2a: Is but a bliss\n|\n|-heal|p2a: Is but a bliss|97\/100|[from] item: Leftovers\n|-damage|p1a: zukerberg|85\/100 brn|[from] brn\n|upkeep\n|turn|41\n|\n|t:|1700409518\n|move|p2a: Is but a bliss|Seismic Toss|p1a: zukerberg\n|-damage|p1a: zukerberg|57\/100 brn\n|move|p1a: zukerberg|Dragon Tail|p2a: Is but a bliss\n|-damage|p2a: Is but a bliss|90\/100\n|drag|p2a: Coca-Mola|Alomomola, M|67\/100\n|\n|-damage|p1a: zukerberg|51\/100 brn|[from] brn\n|upkeep\n|turn|42\n|\n|t:|1700409532\n|move|p2a: Coca-Mola|Protect|p2a: Coca-Mola\n|-singleturn|p2a: Coca-Mola|Protect\n|move|p1a: zukerberg|Giga Drain|p2a: Coca-Mola\n|-activate|p2a: Coca-Mola|move: Protect\n|\n|-damage|p1a: zukerberg|45\/100 brn|[from] brn\n|upkeep\n|turn|43\n|\n|t:|1700409540\n|move|p2a: Coca-Mola|Wish|p2a: Coca-Mola\n|move|p1a: zukerberg|Giga Drain|p2a: Coca-Mola\n|-supereffective|p2a: Coca-Mola\n|-damage|p2a: Coca-Mola|13\/100\n|-heal|p1a: zukerberg|85\/100 brn|[from] drain|[of] p2a: Coca-Mola\n|\n|-damage|p1a: zukerberg|79\/100 brn|[from] brn\n|upkeep\n|turn|44\n|\n|t:|1700409548\n|move|p2a: Coca-Mola|Protect|p2a: Coca-Mola\n|-singleturn|p2a: Coca-Mola|Protect\n|move|p1a: zukerberg|Giga Drain|p2a: Coca-Mola\n|-activate|p2a: Coca-Mola|move: Protect\n|\n|-heal|p2a: Coca-Mola|63\/100|[from] move: Wish|[wisher] Coca-Mola\n|-damage|p1a: zukerberg|72\/100 brn|[from] brn\n|upkeep\n|turn|45\n|\n|t:|1700409557\n|move|p2a: Coca-Mola|Wish|p2a: Coca-Mola\n|move|p1a: zukerberg|Giga Drain|p2a: Coca-Mola\n|-supereffective|p2a: Coca-Mola\n|-damage|p2a: Coca-Mola|8\/100\n|-heal|p1a: zukerberg|100\/100 brn|[from] drain|[of] p2a: Coca-Mola\n|\n|-damage|p1a: zukerberg|94\/100 brn|[from] brn\n|upkeep\n|turn|46\n|\n|t:|1700409564\n|move|p2a: Coca-Mola|Protect|p2a: Coca-Mola\n|-singleturn|p2a: Coca-Mola|Protect\n|move|p1a: zukerberg|Giga Drain|p2a: Coca-Mola\n|-activate|p2a: Coca-Mola|move: Protect\n|\n|-heal|p2a: Coca-Mola|58\/100|[from] move: Wish|[wisher] Coca-Mola\n|-damage|p1a: zukerberg|88\/100 brn|[from] brn\n|upkeep\n|turn|47\n|\n|t:|1700409573\n|move|p2a: Coca-Mola|Wish|p2a: Coca-Mola\n|move|p1a: zukerberg|Giga Drain|p2a: Coca-Mola\n|-supereffective|p2a: Coca-Mola\n|-damage|p2a: Coca-Mola|0 fnt\n|-heal|p1a: zukerberg|100\/100 brn|[from] drain|[of] p2a: Coca-Mola\n|faint|p2a: Coca-Mola\n|\n|-damage|p1a: zukerberg|94\/100 brn|[from] brn\n|upkeep\n|\n|t:|1700409575\n|switch|p2a: Is but a bliss|Blissey, F, tera:Ghost|90\/100\n|turn|48\n|\n|t:|1700409587\n|move|p2a: Is but a bliss|Calm Mind|p2a: Is but a bliss\n|-boost|p2a: Is but a bliss|spa|1\n|-boost|p2a: Is but a bliss|spd|1\n|move|p1a: zukerberg|Dragon Pulse|p2a: Is but a bliss\n|-damage|p2a: Is but a bliss|83\/100\n|\n|-heal|p2a: Is but a bliss|100\/100|[from] move: Wish|[wisher] Coca-Mola\n|-damage|p1a: zukerberg|88\/100 brn|[from] brn\n|upkeep\n|turn|49\n|\n|t:|1700409598\n|move|p2a: Is but a bliss|Calm Mind|p2a: Is but a bliss\n|-boost|p2a: Is but a bliss|spa|1\n|-boost|p2a: Is but a bliss|spd|1\n|move|p1a: zukerberg|Giga Drain|p2a: Is but a bliss\n|-damage|p2a: Is but a bliss|96\/100\n|-heal|p1a: zukerberg|93\/100 brn|[from] drain|[of] p2a: Is but a bliss\n|\n|-heal|p2a: Is but a bliss|100\/100|[from] item: Leftovers\n|-damage|p1a: zukerberg|87\/100 brn|[from] brn\n|upkeep\n|turn|50\n|\n|t:|1700409608\n|move|p2a: Is but a bliss|Calm Mind|p2a: Is but a bliss\n|-boost|p2a: Is but a bliss|spa|1\n|-boost|p2a: Is but a bliss|spd|1\n|move|p1a: zukerberg|Dragon Tail|p2a: Is but a bliss\n|-damage|p2a: Is but a bliss|93\/100\n|\n|-heal|p2a: Is but a bliss|99\/100|[from] item: Leftovers\n|-damage|p1a: zukerberg|81\/100 brn|[from] brn\n|upkeep\n|turn|51\n|\n|t:|1700409619\n|move|p2a: Is but a bliss|Calm Mind|p2a: Is but a bliss\n|-boost|p2a: Is but a bliss|spa|1\n|-boost|p2a: Is but a bliss|spd|1\n|move|p1a: zukerberg|Recover|p1a: zukerberg\n|-heal|p1a: zukerberg|100\/100 brn\n|\n|-heal|p2a: Is but a bliss|100\/100|[from] item: Leftovers\n|-damage|p1a: zukerberg|94\/100 brn|[from] brn\n|upkeep\n|turn|52\n|\n|t:|1700409628\n|move|p2a: Is but a bliss|Calm Mind|p2a: Is but a bliss\n|-boost|p2a: Is but a bliss|spa|1\n|-boost|p2a: Is but a bliss|spd|1\n|move|p1a: zukerberg|Giga Drain|p2a: Is but a bliss\n|-damage|p2a: Is but a bliss|98\/100\n|-heal|p1a: zukerberg|97\/100 brn|[from] drain|[of] p2a: Is but a bliss\n|\n|-heal|p2a: Is but a bliss|100\/100|[from] item: Leftovers\n|-damage|p1a: zukerberg|91\/100 brn|[from] brn\n|upkeep\n|turn|53\n|\n|t:|1700409639\n|move|p2a: Is but a bliss|Calm Mind|p2a: Is but a bliss\n|-boost|p2a: Is but a bliss|spa|1\n|-boost|p2a: Is but a bliss|spd|1\n|move|p1a: zukerberg|Recover|p1a: zukerberg\n|-heal|p1a: zukerberg|100\/100 brn\n|\n|-damage|p1a: zukerberg|94\/100 brn|[from] brn\n|upkeep\n|turn|54\n|\n|t:|1700409647\n|move|p2a: Is but a bliss|Shadow Ball|p1a: zukerberg\n|-damage|p1a: zukerberg|26\/100 brn\n|-unboost|p1a: zukerberg|spd|1\n|move|p1a: zukerberg|Recover|p1a: zukerberg\n|-heal|p1a: zukerberg|76\/100 brn\n|\n|-damage|p1a: zukerberg|70\/100 brn|[from] brn\n|upkeep\n|turn|55\n|\n|t:|1700409656\n|move|p2a: Is but a bliss|Shadow Ball|p1a: zukerberg\n|-damage|p1a: zukerberg|0 fnt\n|faint|p1a: zukerberg\n|\n|win|Power Panpour\n|raw|ceart12's rating: 1077 &rarr; <strong>1061<\/strong><br \/>(-16 for losing)\n|raw|Power Panpour's rating: 1160 &rarr; <strong>1179<\/strong><br \/>(+19 for winning)\n|l|\u2606ceart12\n","uploadtime":1700409667,"views":6,"p1id":"ceart12","p2id":"powerpanpour","formatid":"gen9ou","rating":1061,"private":0,"password":""}