{"id":"gen9ou-1988559662","p1":"EnderChurro101","p2":"windowc","format":"[Gen 9] OU","log":"|j|\u2606EnderChurro101\n|j|\u2606windowc\n|t:|1699736100\n|gametype|singles\n|player|p1|EnderChurro101|grimsley-gen7|\n|player|p2|windowc|lady|\n|teamsize|p1|6\n|teamsize|p2|6\n|gen|9\n|tier|[Gen 9] OU\n|rule|Sleep Clause Mod: Limit one foe put to sleep\n|rule|Species Clause: Limit one of each Pok\u00e9mon\n|rule|OHKO Clause: OHKO moves are banned\n|rule|Evasion Items Clause: Evasion items are banned\n|rule|Evasion Moves Clause: Evasion moves are banned\n|rule|Endless Battle Clause: Forcing endless battles is banned\n|rule|HP Percentage Mod: HP is shown in percentages\n|clearpoke\n|poke|p1|Ribombee, M|\n|poke|p1|Manaphy|\n|poke|p1|Kingambit, F|\n|poke|p1|Great Tusk|\n|poke|p1|Iron Moth|\n|poke|p1|Gholdengo|\n|poke|p2|Breloom, F|\n|poke|p2|Garchomp, M|\n|poke|p2|Gengar, F|\n|poke|p2|Heatran, F|\n|poke|p2|Mandibuzz, F|\n|poke|p2|Rotom-Wash|\n|teampreview\n|c|\u2606windowc|just using my old uu team lmao i don't feel like hunting down a sample\n|c|\u2606EnderChurro101|incredible\n|\n|t:|1699736124\n|start\n|switch|p1a: the goat|Ribombee, M|100\/100\n|switch|p2a: Cilla|Heatran, F|100\/100\n|-item|p2a: Cilla|Air Balloon\n|turn|1\n|\n|t:|1699736134\n|switch|p1a: goober|Manaphy|100\/100\n|move|p2a: Cilla|Magma Storm|p1a: goober|[miss]\n|-miss|p2a: Cilla|p1a: goober\n|\n|upkeep\n|turn|2\n|\n|t:|1699736145\n|switch|p2a: Washed|Rotom-Wash|100\/100\n|move|p1a: goober|Take Heart|p1a: goober\n|-boost|p1a: goober|spa|1\n|-boost|p1a: goober|spd|1\n|\n|upkeep\n|turn|3\n|\n|t:|1699736151\n|move|p1a: goober|Take Heart|p1a: goober\n|-boost|p1a: goober|spa|1\n|-boost|p1a: goober|spd|1\n|move|p2a: Washed|Volt Switch|p1a: goober\n|-supereffective|p1a: goober\n|-damage|p1a: goober|70\/100\n|\n|t:|1699736161\n|switch|p2a: Queen Elizabeth II|Gengar, F|100\/100|[from] Volt Switch\n|\n|-heal|p1a: goober|76\/100|[from] item: Leftovers\n|upkeep\n|turn|4\n|\n|t:|1699736165\n|move|p2a: Queen Elizabeth II|Encore|p1a: goober\n|-start|p1a: goober|Encore\n|move|p1a: goober|Take Heart|p1a: goober\n|-boost|p1a: goober|spa|1\n|-boost|p1a: goober|spd|1\n|\n|-heal|p1a: goober|82\/100|[from] item: Leftovers\n|upkeep\n|turn|5\n|\n|t:|1699736181\n|switch|p2a: Priscilla|Breloom, F, shiny|100\/100\n|move|p1a: goober|Take Heart|p1a: goober\n|-boost|p1a: goober|spa|1\n|-boost|p1a: goober|spd|1\n|\n|-heal|p1a: goober|88\/100|[from] item: Leftovers\n|-status|p2a: Priscilla|tox|[from] item: Toxic Orb\n|upkeep\n|turn|6\n|\n|t:|1699736204\n|-terastallize|p1a: goober|Dragon\n|move|p1a: goober|Take Heart|p1a: goober\n|-boost|p1a: goober|spa|1\n|-boost|p1a: goober|spd|1\n|move|p2a: Priscilla|Seed Bomb|p1a: goober\n|-resisted|p1a: goober\n|-damage|p1a: goober|70\/100\n|\n|-heal|p1a: goober|76\/100|[from] item: Leftovers\n|-end|p1a: goober|Encore\n|upkeep\n|turn|7\n|c|\u2606windowc|you're telling me this is a serious tier and gen 3 ou isn't\n|c|\u2606EnderChurro101|its as shrimple as that\n|\n|t:|1699736229\n|switch|p2a: Washed|Rotom-Wash|100\/100\n|move|p1a: goober|Scald|p2a: Washed\n|-resisted|p2a: Washed\n|-damage|p2a: Washed|33\/100\n|-status|p2a: Washed|brn\n|\n|-heal|p1a: goober|82\/100|[from] item: Leftovers\n|-heal|p2a: Washed|39\/100 brn|[from] item: Leftovers\n|-damage|p2a: Washed|33\/100 brn|[from] brn\n|upkeep\n|turn|8\n|\n|t:|1699736236\n|move|p1a: goober|Scald|p2a: Washed\n|-resisted|p2a: Washed\n|-damage|p2a: Washed|0 fnt\n|faint|p2a: Washed\n|\n|-heal|p1a: goober|88\/100|[from] item: Leftovers\n|upkeep\n|\n|t:|1699736240\n|switch|p2a: LANDHAJ|Garchomp, M|100\/100\n|turn|9\n|\n|t:|1699736243\n|move|p2a: LANDHAJ|Scale Shot|p1a: goober\n|-supereffective|p1a: goober\n|-damage|p1a: goober|63\/100\n|-supereffective|p1a: goober\n|-damage|p1a: goober|42\/100\n|-supereffective|p1a: goober\n|-damage|p1a: goober|19\/100\n|-supereffective|p1a: goober\n|-damage|p1a: goober|0 fnt\n|faint|p1a: goober\n|-hitcount|p1: goober|4\n|-unboost|p2a: LANDHAJ|def|1\n|-boost|p2a: LANDHAJ|spe|1\n|\n|upkeep\n|\n|t:|1699736248\n|switch|p1a: the goat|Ribombee, M|100\/100\n|turn|10\n|\n|t:|1699736256\n|move|p2a: LANDHAJ|Iron Head|p1a: the goat\n|-supereffective|p1a: the goat\n|-enditem|p1a: the goat|Focus Sash\n|-damage|p1a: the goat|1\/100\n|move|p1a: the goat|Moonblast|p2a: LANDHAJ\n|-supereffective|p2a: LANDHAJ\n|-damage|p2a: LANDHAJ|20\/100\n|\n|upkeep\n|turn|11\n|\n|t:|1699736267\n|move|p2a: LANDHAJ|Iron Head|p1a: the goat\n|-supereffective|p1a: the goat\n|-damage|p1a: the goat|0 fnt\n|faint|p1a: the goat\n|\n|upkeep\n|\n|t:|1699736275\n|switch|p1a: Zap Cannon|Iron Moth|100\/100\n|-enditem|p1a: Zap Cannon|Booster Energy\n|-activate|p1a: Zap Cannon|ability: Quark Drive|[fromitem]\n|-start|p1a: Zap Cannon|quarkdrivespe\n|turn|12\n|\n|t:|1699736286\n|switch|p2a: Cilla|Heatran, F|100\/100\n|-item|p2a: Cilla|Air Balloon\n|move|p1a: Zap Cannon|Energy Ball|p2a: Cilla\n|-resisted|p2a: Cilla\n|-damage|p2a: Cilla|94\/100\n|-enditem|p2a: Cilla|Air Balloon\n|\n|upkeep\n|turn|13\n|\n|t:|1699736292\n|-end|p1a: Zap Cannon|Quark Drive|[silent]\n|switch|p1a: big stall|Great Tusk|100\/100\n|move|p2a: Cilla|Stealth Rock|p1a: big stall\n|-sidestart|p1: EnderChurro101|move: Stealth Rock\n|\n|upkeep\n|turn|14\n|\n|t:|1699736303\n|switch|p2a: Friend of Ellen|Mandibuzz, F|100\/100\n|move|p1a: big stall|Knock Off|p2a: Friend of Ellen\n|-resisted|p2a: Friend of Ellen\n|-damage|p2a: Friend of Ellen|92\/100\n|-enditem|p2a: Friend of Ellen|Heavy-Duty Boots|[from] move: Knock Off|[of] p1a: big stall\n|\n|upkeep\n|turn|15\n|\n|t:|1699736310\n|move|p1a: big stall|Rapid Spin|p2a: Friend of Ellen\n|-damage|p2a: Friend of Ellen|82\/100\n|-boost|p1a: big stall|spe|1\n|-sideend|p1: EnderChurro101|Stealth Rock|[from] move: Rapid Spin|[of] p1a: big stall\n|move|p2a: Friend of Ellen|Knock Off|p1a: big stall\n|-resisted|p1a: big stall\n|-damage|p1a: big stall|92\/100\n|-enditem|p1a: big stall|Heavy-Duty Boots|[from] move: Knock Off|[of] p2a: Friend of Ellen\n|\n|upkeep\n|turn|16\n|\n|t:|1699736327\n|move|p1a: big stall|Ice Spinner|p2a: Friend of Ellen\n|-supereffective|p2a: Friend of Ellen\n|-damage|p2a: Friend of Ellen|52\/100\n|move|p2a: Friend of Ellen|Toxic|p1a: big stall\n|-status|p1a: big stall|tox\n|\n|-damage|p1a: big stall|86\/100 tox|[from] psn\n|upkeep\n|turn|17\n|\n|t:|1699736339\n|-end|p1a: big stall|Protosynthesis|[silent]\n|switch|p1a: Zap Cannon|Iron Moth|100\/100\n|move|p2a: Friend of Ellen|U-turn|p1a: Zap Cannon\n|-resisted|p1a: Zap Cannon\n|-damage|p1a: Zap Cannon|96\/100\n|\n|t:|1699736350\n|switch|p2a: Cilla|Heatran, F|94\/100|[from] U-turn\n|\n|upkeep\n|turn|18\n|\n|t:|1699736364\n|-end|p1a: Zap Cannon|Quark Drive|[silent]\n|switch|p1a: big stall|Great Tusk|86\/100 tox\n|move|p2a: Cilla|Magma Storm|p1a: big stall\n|-damage|p1a: big stall|0 fnt\n|faint|p1a: big stall\n|-end|p1a: big stall|Protosynthesis|[silent]\n|\n|upkeep\n|c|\u2606EnderChurro101|zamn\n|c|\u2606EnderChurro101|that does a lot\n|\n|t:|1699736372\n|switch|p1a: off shore account|Gholdengo|100\/100\n|-item|p1a: off shore account|Air Balloon\n|turn|19\n|\n|t:|1699736380\n|move|p1a: off shore account|Focus Blast|p2a: Cilla\n|-supereffective|p2a: Cilla\n|-damage|p2a: Cilla|11\/100\n|move|p2a: Cilla|Magma Storm|p1a: off shore account\n|-supereffective|p1a: off shore account\n|-damage|p1a: off shore account|0 fnt\n|-enditem|p1a: off shore account|Air Balloon\n|faint|p1a: off shore account\n|\n|upkeep\n|c|\u2606windowc|heatran is pretty good\n|\n|t:|1699736385\n|switch|p1a: Zap Cannon|Iron Moth|96\/100\n|turn|20\n|c|\u2606EnderChurro101|i am the victim of a temp6t video\n|\n|t:|1699736396\n|move|p1a: Zap Cannon|Energy Ball|p2a: Cilla\n|-resisted|p2a: Cilla\n|-damage|p2a: Cilla|4\/100\n|-unboost|p2a: Cilla|spd|1\n|move|p2a: Cilla|Earth Power|p1a: Zap Cannon\n|-supereffective|p1a: Zap Cannon\n|-damage|p1a: Zap Cannon|0 fnt\n|faint|p1a: Zap Cannon\n|-end|p1a: Zap Cannon|Quark Drive|[silent]\n|\n|upkeep\n|\n|t:|1699736400\n|switch|p1a: Adachi|Kingambit, F, shiny|100\/100\n|-activate|p1a: Adachi|ability: Supreme Overlord\n|-start|p1a: Adachi|fallen5|[silent]\n|turn|21\n|c|\u2606windowc|alright we have sacked the shitmons now the real show begins\n|c|\u2606EnderChurro101|real\n|\n|t:|1699736412\n|move|p1a: Adachi|Kowtow Cleave|p2a: Cilla\n|-damage|p2a: Cilla|0 fnt\n|faint|p2a: Cilla\n|\n|upkeep\n|\n|t:|1699736414\n|switch|p2a: Priscilla|Breloom, F, shiny|100\/100 tox\n|turn|22\n|c|\u2606EnderChurro101|no it doesnt\n|c|\u2606EnderChurro101|i lied\n|c|\u2606EnderChurro101|the game is over\n|c|\u2606windowc|lmao\n|c|\u2606windowc|breloom is good in ou guys i swear\n|\n|t:|1699736432\n|move|p1a: Adachi|Swords Dance|p1a: Adachi\n|-boost|p1a: Adachi|atk|2\n|move|p2a: Priscilla|Spore|p1a: Adachi\n|-status|p1a: Adachi|slp|[from] move: Spore\n|\n|upkeep\n|turn|23\n|c|\u2606windowc|it beats kingambit :3\n|c|\u2606EnderChurro101|aint no way\n|c|\u2606EnderChurro101|just put me out of my misery\n|\n|t:|1699736443\n|cant|p1a: Adachi|slp\n|move|p2a: Priscilla|Close Combat|p1a: Adachi\n|-supereffective|p1a: Adachi\n|-damage|p1a: Adachi|0 fnt\n|-unboost|p2a: Priscilla|def|1\n|-unboost|p2a: Priscilla|spd|1\n|faint|p1a: Adachi\n|-end|p1a: Adachi|fallen5|[silent]\n|\n|win|windowc\n|c|\u2606EnderChurro101|gg\n|c|\u2606windowc|gg\n|c|\u2606windowc|terrible no good very bad tier\n|c|\u2606EnderChurro101|mhm\n|c|\u2606EnderChurro101|yup\n","uploadtime":1699736468,"views":10,"p1id":"enderchurro101","p2id":"windowc","formatid":"gen9ou","rating":0,"private":0,"password":""}