{"id":"gen9ou-1999814678","p1":"Kingkaz101","p2":"yyysneasel","format":"[Gen 9] OU","log":"|j|\u2606Kingkaz101\n|j|\u2606yyysneasel\n|t:|1701119215\n|gametype|singles\n|player|p1|Kingkaz101|101|1659\n|player|p2|yyysneasel|bugcatcher-gen4dp|1750\n|teamsize|p1|6\n|teamsize|p2|6\n|gen|9\n|tier|[Gen 9] OU\n|rated|\n|rule|Sleep Clause Mod: Limit one foe put to sleep\n|rule|Species Clause: Limit one of each Pok\u00e9mon\n|rule|OHKO Clause: OHKO moves are banned\n|rule|Evasion Items Clause: Evasion items are banned\n|rule|Evasion Moves Clause: Evasion moves are banned\n|rule|Endless Battle Clause: Forcing endless battles is banned\n|rule|HP Percentage Mod: HP is shown in percentages\n|clearpoke\n|poke|p1|Dragapult, F|\n|poke|p1|Iron Valiant|\n|poke|p1|Slowking-Galar, M|\n|poke|p1|Ting-Lu|\n|poke|p1|Arcanine-Hisui, M|\n|poke|p1|Great Tusk|\n|poke|p2|Corviknight, M|\n|poke|p2|Toxapex, M|\n|poke|p2|Dondozo, M|\n|poke|p2|Slowking-Galar, M|\n|poke|p2|Blissey, F|\n|poke|p2|Clefable, F|\n|teampreview\n|j| Jan7498\n|l| Jan7498\n|\n|t:|1701119300\n|start\n|switch|p1a: Dragapult|Dragapult, F|100\/100\n|switch|p2a: stannin on bihness|Toxapex, M|100\/100\n|turn|1\n|inactive|Battle timer is ON: inactive players will automatically lose when time's up. (requested by Kingkaz101)\n|\n|t:|1701119306\n|move|p1a: Dragapult|U-turn|p2a: stannin on bihness\n|-resisted|p2a: stannin on bihness\n|-damage|p2a: stannin on bihness|95\/100\n|\n|t:|1701119308\n|switch|p1a: Slowking|Slowking-Galar, M|100\/100|[from] U-turn\n|move|p2a: stannin on bihness|Infestation|p1a: Slowking\n|-damage|p1a: Slowking|99\/100\n|-activate|p1a: Slowking|move: Infestation|[of] p2a: stannin on bihness\n|\n|-heal|p1a: Slowking|100\/100|[from] item: Black Sludge\n|-damage|p1a: Slowking|88\/100|[from] move: Infestation|[partiallytrapped]\n|upkeep\n|turn|2\n|\n|t:|1701119312\n|switch|p2a: Travis Kelce|Slowking-Galar, M|100\/100\n|move|p1a: Slowking|Future Sight|p2a: Travis Kelce\n|-start|p1a: Slowking|move: Future Sight\n|\n|-heal|p1a: Slowking|94\/100|[from] item: Black Sludge\n|-end|p1a: Slowking|Infestation|[partiallytrapped]|[silent]\n|upkeep\n|turn|3\n|\n|t:|1701119317\n|move|p2a: Travis Kelce|Trick|p1a: Slowking\n|-activate|p2a: Travis Kelce|move: Trick|[of] p1a: Slowking\n|-item|p1a: Slowking|Choice Scarf|[from] move: Trick\n|-item|p2a: Travis Kelce|Black Sludge|[from] move: Trick\n|move|p1a: Slowking|Chilly Reception|p1a: Slowking\n|-weather|Snow\n|j| VicBossMG\n|\n|t:|1701119330\n|switch|p1a: Arcanine|Arcanine-Hisui, M|100\/100|[from] Chilly Reception\n|\n|-weather|Snow|[upkeep]\n|upkeep\n|turn|4\n|c|\u2606yyysneasel|maybe i tera water\n|\n|t:|1701119348\n|move|p1a: Arcanine|Head Smash|p2a: Travis Kelce\n|-damage|p2a: Travis Kelce|0 fnt\n|faint|p2a: Travis Kelce\n|\n|-weather|Snow|[upkeep]\n|-hint|Future Sight did not hit because the target is fainted.\n|upkeep\n|c|\u2606yyysneasel|maybe not\n|\n|t:|1701119360\n|switch|p2a: Ripbozo \ud83d\ude02 \ud83d\ude02|Dondozo, M|100\/100\n|turn|5\n|\n|t:|1701119370\n|switch|p1a: Dragapult|Dragapult, F|100\/100\n|move|p2a: Ripbozo \ud83d\ude02 \ud83d\ude02|Wave Crash|p1a: Dragapult\n|-resisted|p1a: Dragapult\n|-damage|p1a: Dragapult|71\/100\n|-damage|p2a: Ripbozo \ud83d\ude02 \ud83d\ude02|94\/100|[from] Recoil\n|\n|-weather|Snow|[upkeep]\n|-heal|p2a: Ripbozo \ud83d\ude02 \ud83d\ude02|100\/100|[from] item: Leftovers\n|upkeep\n|turn|6\n|\n|t:|1701119378\n|switch|p2a: stannin on bihness|Toxapex, M|100\/100\n|move|p1a: Dragapult|U-turn|p2a: stannin on bihness\n|-resisted|p2a: stannin on bihness\n|-damage|p2a: stannin on bihness|95\/100\n|\n|t:|1701119380\n|switch|p1a: Slowking|Slowking-Galar, M|100\/100|[from] U-turn\n|\n|-weather|Snow|[upkeep]\n|upkeep\n|turn|7\n|\n|t:|1701119383\n|move|p1a: Slowking|Future Sight|p2a: stannin on bihness\n|-start|p1a: Slowking|move: Future Sight\n|move|p2a: stannin on bihness|Infestation|p1a: Slowking\n|-damage|p1a: Slowking|99\/100\n|-activate|p1a: Slowking|move: Infestation|[of] p2a: stannin on bihness\n|\n|-weather|none\n|-damage|p1a: Slowking|86\/100|[from] move: Infestation|[partiallytrapped]\n|upkeep\n|turn|8\n|\n|t:|1701119387\n|move|p1a: Slowking|Future Sight||[still]\n|-fail|p1a: Slowking\n|move|p2a: stannin on bihness|Infestation|p1a: Slowking\n|-damage|p1a: Slowking|85\/100\n|\n|-damage|p1a: Slowking|72\/100|[from] move: Infestation|[partiallytrapped]\n|upkeep\n|turn|9\n|\n|t:|1701119391\n|move|p1a: Slowking|Future Sight||[still]\n|-fail|p1a: Slowking\n|move|p2a: stannin on bihness|Infestation|p1a: Slowking\n|-crit|p1a: Slowking\n|-damage|p1a: Slowking|70\/100\n|\n|-end|p2a: stannin on bihness|move: Future Sight\n|-supereffective|p2a: stannin on bihness\n|-damage|p2a: stannin on bihness|15\/100\n|-damage|p1a: Slowking|57\/100|[from] move: Infestation|[partiallytrapped]\n|upkeep\n|turn|10\n|\n|t:|1701119393\n|move|p1a: Slowking|Future Sight|p2a: stannin on bihness\n|-start|p1a: Slowking|move: Future Sight\n|move|p2a: stannin on bihness|Recover|p2a: stannin on bihness\n|-heal|p2a: stannin on bihness|66\/100\n|\n|-damage|p1a: Slowking|45\/100|[from] move: Infestation|[partiallytrapped]\n|upkeep\n|turn|11\n|\n|t:|1701119398\n|move|p1a: Slowking|Future Sight||[still]\n|-fail|p1a: Slowking\n|move|p2a: stannin on bihness|Recover|p2a: stannin on bihness\n|-heal|p2a: stannin on bihness|100\/100\n|\n|-damage|p1a: Slowking|32\/100|[from] move: Infestation|[partiallytrapped]\n|upkeep\n|turn|12\n|\n|t:|1701119406\n|switch|p2a: ban dengo ffs|Blissey, F|100\/100\n|move|p1a: Slowking|Future Sight||[still]\n|-fail|p1a: Slowking\n|\n|-end|p2a: ban dengo ffs|move: Future Sight\n|-damage|p2a: ban dengo ffs|84\/100\n|-end|p1a: Slowking|Infestation|[partiallytrapped]\n|upkeep\n|turn|13\n|j| Jan7498\n|\n|t:|1701119411\n|switch|p2a: stannin on bihness|Toxapex, M|100\/100\n|switch|p1a: Ting-Lu|Ting-Lu|100\/100\n|-ability|p1a: Ting-Lu|Vessel of Ruin\n|\n|upkeep\n|turn|14\n|\n|t:|1701119415\n|move|p1a: Ting-Lu|Stealth Rock|p2a: stannin on bihness\n|-sidestart|p2: yyysneasel|move: Stealth Rock\n|move|p2a: stannin on bihness|Infestation|p1a: Ting-Lu\n|-supereffective|p1a: Ting-Lu\n|-damage|p1a: Ting-Lu|97\/100\n|-activate|p1a: Ting-Lu|move: Infestation|[of] p2a: stannin on bihness\n|-damage|p2a: stannin on bihness|84\/100|[from] item: Rocky Helmet|[of] p1a: Ting-Lu\n|\n|-damage|p1a: Ting-Lu|84\/100|[from] move: Infestation|[partiallytrapped]\n|upkeep\n|turn|15\n|\n|t:|1701119418\n|move|p1a: Ting-Lu|Ruination|p2a: stannin on bihness\n|-damage|p2a: stannin on bihness|42\/100\n|move|p2a: stannin on bihness|Toxic|p1a: Ting-Lu\n|-status|p1a: Ting-Lu|tox\n|\n|-damage|p1a: Ting-Lu|78\/100 tox|[from] psn\n|-damage|p1a: Ting-Lu|65\/100 tox|[from] move: Infestation|[partiallytrapped]\n|upkeep\n|turn|16\n|\n|t:|1701119422\n|switch|p2a: FreePalestine\ud83c\uddf5\ud83c\uddf8|Corviknight, M|100\/100\n|-damage|p2a: FreePalestine\ud83c\uddf5\ud83c\uddf8|88\/100|[from] Stealth Rock\n|-ability|p2a: FreePalestine\ud83c\uddf5\ud83c\uddf8|Pressure\n|move|p1a: Ting-Lu|Earthquake|p2a: FreePalestine\ud83c\uddf5\ud83c\uddf8\n|-immune|p2a: FreePalestine\ud83c\uddf5\ud83c\uddf8\n|\n|-damage|p1a: Ting-Lu|53\/100 tox|[from] psn\n|-end|p1a: Ting-Lu|Infestation|[partiallytrapped]|[silent]\n|upkeep\n|turn|17\n|\n|t:|1701119424\n|switch|p1a: Arcanine|Arcanine-Hisui, M|100\/100\n|move|p2a: FreePalestine\ud83c\uddf5\ud83c\uddf8|Defog|p1a: Arcanine\n|-unboost|p1a: Arcanine|evasion|1\n|-sideend|p2: yyysneasel|Stealth Rock|[from] move: Defog|[of] p2a: FreePalestine\ud83c\uddf5\ud83c\uddf8\n|\n|upkeep\n|turn|18\n|\n|t:|1701119427\n|switch|p2a: Ripbozo \ud83d\ude02 \ud83d\ude02|Dondozo, M|100\/100\n|move|p1a: Arcanine|Head Smash|p2a: Ripbozo \ud83d\ude02 \ud83d\ude02\n|-damage|p2a: Ripbozo \ud83d\ude02 \ud83d\ude02|51\/100\n|\n|-heal|p2a: Ripbozo \ud83d\ude02 \ud83d\ude02|57\/100|[from] item: Leftovers\n|upkeep\n|turn|19\n|\n|t:|1701119434\n|switch|p1a: Dragapult|Dragapult, F|71\/100\n|move|p2a: Ripbozo \ud83d\ude02 \ud83d\ude02|Wave Crash|p1a: Dragapult\n|-resisted|p1a: Dragapult\n|-damage|p1a: Dragapult|45\/100\n|-damage|p2a: Ripbozo \ud83d\ude02 \ud83d\ude02|52\/100|[from] Recoil\n|\n|-heal|p2a: Ripbozo \ud83d\ude02 \ud83d\ude02|58\/100|[from] item: Leftovers\n|upkeep\n|turn|20\n|\n|t:|1701119438\n|switch|p2a: stannin on bihness|Toxapex, M|76\/100\n|move|p1a: Dragapult|Draco Meteor|p2a: stannin on bihness\n|-damage|p2a: stannin on bihness|7\/100\n|-unboost|p1a: Dragapult|spa|2\n|\n|upkeep\n|turn|21\n|\n|t:|1701119444\n|switch|p1a: Arcanine|Arcanine-Hisui, M|100\/100\n|switch|p2a: It's Joever|Clefable, F|100\/100\n|\n|upkeep\n|turn|22\n|\n|t:|1701119447\n|move|p2a: It's Joever|Protect|p2a: It's Joever\n|-singleturn|p2a: It's Joever|Protect\n|move|p1a: Arcanine|Head Smash|p2a: It's Joever\n|-activate|p2a: It's Joever|move: Protect\n|\n|upkeep\n|turn|23\n|\n|t:|1701119449\n|switch|p2a: FreePalestine\ud83c\uddf5\ud83c\uddf8|Corviknight, M|88\/100\n|-ability|p2a: FreePalestine\ud83c\uddf5\ud83c\uddf8|Pressure\n|move|p1a: Arcanine|Head Smash|p2a: FreePalestine\ud83c\uddf5\ud83c\uddf8\n|-damage|p2a: FreePalestine\ud83c\uddf5\ud83c\uddf8|21\/100\n|-damage|p1a: Arcanine|84\/100|[from] item: Rocky Helmet|[of] p2a: FreePalestine\ud83c\uddf5\ud83c\uddf8\n|\n|upkeep\n|turn|24\n|\n|t:|1701119453\n|switch|p2a: Ripbozo \ud83d\ude02 \ud83d\ude02|Dondozo, M|58\/100\n|move|p1a: Arcanine|Head Smash|p2a: Ripbozo \ud83d\ude02 \ud83d\ude02\n|-damage|p2a: Ripbozo \ud83d\ude02 \ud83d\ude02|9\/100\n|\n|-heal|p2a: Ripbozo \ud83d\ude02 \ud83d\ude02|15\/100|[from] item: Leftovers\n|upkeep\n|turn|25\n|\n|t:|1701119457\n|switch|p2a: FreePalestine\ud83c\uddf5\ud83c\uddf8|Corviknight, M|21\/100\n|-ability|p2a: FreePalestine\ud83c\uddf5\ud83c\uddf8|Pressure\n|move|p1a: Arcanine|Head Smash|p2a: FreePalestine\ud83c\uddf5\ud83c\uddf8|[miss]\n|-miss|p1a: Arcanine|p2a: FreePalestine\ud83c\uddf5\ud83c\uddf8\n|\n|upkeep\n|turn|26\n|\n|t:|1701119466\n|switch|p1a: Dragapult|Dragapult, F|45\/100\n|move|p2a: FreePalestine\ud83c\uddf5\ud83c\uddf8|Roost|p2a: FreePalestine\ud83c\uddf5\ud83c\uddf8\n|-heal|p2a: FreePalestine\ud83c\uddf5\ud83c\uddf8|71\/100\n|-singleturn|p2a: FreePalestine\ud83c\uddf5\ud83c\uddf8|move: Roost\n|\n|upkeep\n|turn|27\n|\n|t:|1701119471\n|switch|p2a: It's Joever|Clefable, F|100\/100\n|move|p1a: Dragapult|U-turn|p2a: It's Joever\n|-resisted|p2a: It's Joever\n|-damage|p2a: It's Joever|91\/100\n|\n|t:|1701119481\n|switch|p1a: Arcanine|Arcanine-Hisui, M|84\/100|[from] U-turn\n|\n|upkeep\n|turn|28\n|\n|t:|1701119483\n|move|p2a: It's Joever|Protect|p2a: It's Joever\n|-singleturn|p2a: It's Joever|Protect\n|move|p1a: Arcanine|Flare Blitz|p2a: It's Joever\n|-activate|p2a: It's Joever|move: Protect\n|\n|upkeep\n|turn|29\n|\n|t:|1701119491\n|switch|p2a: Ripbozo \ud83d\ude02 \ud83d\ude02|Dondozo, M|15\/100\n|move|p1a: Arcanine|Flare Blitz|p2a: Ripbozo \ud83d\ude02 \ud83d\ude02\n|-resisted|p2a: Ripbozo \ud83d\ude02 \ud83d\ude02\n|-damage|p2a: Ripbozo \ud83d\ude02 \ud83d\ude02|0 fnt\n|faint|p2a: Ripbozo \ud83d\ude02 \ud83d\ude02\n|\n|upkeep\n|\n|t:|1701119492\n|switch|p2a: stannin on bihness|Toxapex, M|41\/100\n|turn|30\n|\n|t:|1701119502\n|switch|p1a: Ting-Lu|Ting-Lu|53\/100 tox\n|-ability|p1a: Ting-Lu|Vessel of Ruin\n|switch|p2a: It's Joever|Clefable, F|91\/100\n|\n|-damage|p1a: Ting-Lu|47\/100 tox|[from] psn\n|upkeep\n|turn|31\n|\n|t:|1701119507\n|move|p2a: It's Joever|Wish|p2a: It's Joever\n|move|p1a: Ting-Lu|Ruination|p2a: It's Joever\n|-damage|p2a: It's Joever|46\/100\n|\n|-damage|p1a: Ting-Lu|34\/100 tox|[from] psn\n|upkeep\n|turn|32\n|\n|t:|1701119513\n|move|p2a: It's Joever|Protect|p2a: It's Joever\n|-singleturn|p2a: It's Joever|Protect\n|move|p1a: Ting-Lu|Stealth Rock|p2a: It's Joever\n|-sidestart|p2: yyysneasel|move: Stealth Rock\n|\n|-heal|p2a: It's Joever|96\/100|[from] move: Wish|[wisher] It's Joever\n|-damage|p1a: Ting-Lu|16\/100 tox|[from] psn\n|upkeep\n|turn|33\n|\n|t:|1701119516\n|move|p2a: It's Joever|Wish|p2a: It's Joever\n|move|p1a: Ting-Lu|Ruination|p2a: It's Joever\n|-damage|p2a: It's Joever|48\/100\n|\n|-damage|p1a: Ting-Lu|0 fnt|[from] psn\n|faint|p1a: Ting-Lu\n|upkeep\n|\n|t:|1701119520\n|switch|p1a: Slowking|Slowking-Galar, M|65\/100\n|turn|34\n|\n|t:|1701119528\n|move|p2a: It's Joever|Protect|p2a: It's Joever\n|-singleturn|p2a: It's Joever|Protect\n|move|p1a: Slowking|Future Sight|p2a: It's Joever\n|-start|p1a: Slowking|move: Future Sight\n|\n|-heal|p2a: It's Joever|98\/100|[from] move: Wish|[wisher] It's Joever\n|upkeep\n|turn|35\n|\n|t:|1701119532\n|switch|p1a: Arcanine|Arcanine-Hisui, M|84\/100\n|move|p2a: It's Joever|Knock Off|p1a: Arcanine\n|-damage|p1a: Arcanine|64\/100\n|-enditem|p1a: Arcanine|Choice Band|[from] move: Knock Off|[of] p2a: It's Joever\n|\n|upkeep\n|turn|36\n|\n|t:|1701119539\n|move|p2a: It's Joever|Protect|p2a: It's Joever\n|-singleturn|p2a: It's Joever|Protect\n|move|p1a: Arcanine|Flare Blitz|p2a: It's Joever\n|-activate|p2a: It's Joever|move: Protect\n|\n|-end|p2a: It's Joever|move: Future Sight\n|-damage|p2a: It's Joever|71\/100\n|upkeep\n|turn|37\n|\n|t:|1701119542\n|switch|p2a: stannin on bihness|Toxapex, M|74\/100\n|move|p1a: Arcanine|Flare Blitz|p2a: stannin on bihness\n|-resisted|p2a: stannin on bihness\n|-damage|p2a: stannin on bihness|57\/100\n|\n|upkeep\n|turn|38\n|\n|t:|1701119547\n|switch|p1a: Slowking|Slowking-Galar, M|99\/100\n|move|p2a: stannin on bihness|Infestation|p1a: Slowking\n|-damage|p1a: Slowking|97\/100\n|-activate|p1a: Slowking|move: Infestation|[of] p2a: stannin on bihness\n|\n|-damage|p1a: Slowking|85\/100|[from] move: Infestation|[partiallytrapped]\n|upkeep\n|turn|39\n|\n|t:|1701119550\n|move|p1a: Slowking|Chilly Reception|p1a: Slowking\n|-weather|Snow\n|\n|t:|1701119560\n|switch|p1a: Great Tusk|Great Tusk|100\/100|[from] Chilly Reception\n|move|p2a: stannin on bihness|Recover|p2a: stannin on bihness\n|-heal|p2a: stannin on bihness|100\/100\n|\n|-weather|Snow|[upkeep]\n|upkeep\n|turn|40\n|\n|t:|1701119565\n|-end|p1a: Great Tusk|Protosynthesis|[silent]\n|switch|p1a: Slowking|Slowking-Galar, M|100\/100\n|move|p2a: stannin on bihness|Toxic|p1a: Slowking\n|-immune|p1a: Slowking\n|\n|-weather|Snow|[upkeep]\n|upkeep\n|turn|41\n|\n|t:|1701119569\n|move|p1a: Slowking|Chilly Reception|p1a: Slowking\n|\n|t:|1701119571\n|switch|p1a: Great Tusk|Great Tusk|100\/100|[from] Chilly Reception\n|move|p2a: stannin on bihness|Infestation|p1a: Great Tusk\n|-resisted|p1a: Great Tusk\n|-damage|p1a: Great Tusk|99\/100\n|-activate|p1a: Great Tusk|move: Infestation|[of] p2a: stannin on bihness\n|\n|-weather|Snow|[upkeep]\n|-heal|p1a: Great Tusk|100\/100|[from] item: Leftovers\n|-damage|p1a: Great Tusk|88\/100|[from] move: Infestation|[partiallytrapped]\n|upkeep\n|turn|42\n|\n|t:|1701119574\n|switch|p2a: FreePalestine\ud83c\uddf5\ud83c\uddf8|Corviknight, M|71\/100\n|-damage|p2a: FreePalestine\ud83c\uddf5\ud83c\uddf8|59\/100|[from] Stealth Rock\n|-ability|p2a: FreePalestine\ud83c\uddf5\ud83c\uddf8|Pressure\n|move|p1a: Great Tusk|Earthquake|p2a: FreePalestine\ud83c\uddf5\ud83c\uddf8\n|-immune|p2a: FreePalestine\ud83c\uddf5\ud83c\uddf8\n|\n|-weather|Snow|[upkeep]\n|-heal|p1a: Great Tusk|94\/100|[from] item: Leftovers\n|-end|p1a: Great Tusk|Infestation|[partiallytrapped]|[silent]\n|upkeep\n|turn|43\n|\n|t:|1701119581\n|-end|p1a: Great Tusk|Protosynthesis|[silent]\n|switch|p1a: Dragapult|Dragapult, F|45\/100\n|move|p2a: FreePalestine\ud83c\uddf5\ud83c\uddf8|Defog|p1a: Dragapult\n|-unboost|p1a: Dragapult|evasion|1\n|-sideend|p2: yyysneasel|Stealth Rock|[from] move: Defog|[of] p2a: FreePalestine\ud83c\uddf5\ud83c\uddf8\n|\n|-weather|none\n|upkeep\n|turn|44\n|\n|t:|1701119586\n|switch|p2a: stannin on bihness|Toxapex, M|100\/100\n|move|p1a: Dragapult|Shadow Ball|p2a: stannin on bihness\n|-damage|p2a: stannin on bihness|58\/100\n|-unboost|p2a: stannin on bihness|spd|1\n|\n|upkeep\n|turn|45\n|\n|t:|1701119592\n|switch|p1a: Iron Valiant|Iron Valiant|100\/100\n|switch|p2a: ban dengo ffs|Blissey, F|84\/100\n|\n|upkeep\n|turn|46\n|\n|t:|1701119596\n|switch|p2a: It's Joever|Clefable, F|71\/100\n|move|p1a: Iron Valiant|Knock Off|p2a: It's Joever\n|-resisted|p2a: It's Joever\n|-damage|p2a: It's Joever|47\/100\n|-enditem|p2a: It's Joever|Heavy-Duty Boots|[from] move: Knock Off|[of] p1a: Iron Valiant\n|-damage|p1a: Iron Valiant|91\/100|[from] item: Life Orb\n|\n|upkeep\n|turn|47\n|\n|t:|1701119601\n|-terastallize|p1a: Iron Valiant|Fairy\n|move|p1a: Iron Valiant|Moonblast|p2a: It's Joever\n|-damage|p2a: It's Joever|0 fnt\n|faint|p2a: It's Joever\n|-damage|p1a: Iron Valiant|81\/100|[from] item: Life Orb\n|\n|upkeep\n|\n|t:|1701119605\n|switch|p2a: stannin on bihness|Toxapex, M|91\/100\n|turn|48\n|\n|t:|1701119608\n|-end|p1a: Iron Valiant|Quark Drive|[silent]\n|switch|p1a: Slowking|Slowking-Galar, M|100\/100\n|move|p2a: stannin on bihness|Toxic|p1a: Slowking\n|-immune|p1a: Slowking\n|\n|upkeep\n|turn|49\n|\n|t:|1701119614\n|move|p1a: Slowking|Future Sight|p2a: stannin on bihness\n|-start|p1a: Slowking|move: Future Sight\n|move|p2a: stannin on bihness|Infestation|p1a: Slowking\n|-damage|p1a: Slowking|99\/100\n|-activate|p1a: Slowking|move: Infestation|[of] p2a: stannin on bihness\n|\n|-damage|p1a: Slowking|86\/100|[from] move: Infestation|[partiallytrapped]\n|upkeep\n|turn|50\n|\n|t:|1701119623\n|move|p1a: Slowking|Future Sight||[still]\n|-fail|p1a: Slowking\n|move|p2a: stannin on bihness|Infestation|p1a: Slowking\n|-crit|p1a: Slowking\n|-damage|p1a: Slowking|83\/100\n|\n|-damage|p1a: Slowking|71\/100|[from] move: Infestation|[partiallytrapped]\n|upkeep\n|turn|51\n|\n|t:|1701119626\n|switch|p2a: ban dengo ffs|Blissey, F|84\/100\n|move|p1a: Slowking|Future Sight||[still]\n|-fail|p1a: Slowking\n|\n|-end|p2a: ban dengo ffs|move: Future Sight\n|-damage|p2a: ban dengo ffs|67\/100\n|-end|p1a: Slowking|Infestation|[partiallytrapped]|[silent]\n|upkeep\n|turn|52\n|j| TuxohRules\n|\n|t:|1701119639\n|switch|p1a: Iron Valiant|Iron Valiant, tera:Fairy|81\/100\n|move|p2a: ban dengo ffs|Soft-Boiled|p2a: ban dengo ffs\n|-heal|p2a: ban dengo ffs|100\/100\n|\n|upkeep\n|turn|53\n|\n|t:|1701119644\n|switch|p2a: stannin on bihness|Toxapex, M|100\/100\n|move|p1a: Iron Valiant|Knock Off|p2a: stannin on bihness\n|-damage|p2a: stannin on bihness|77\/100\n|-enditem|p2a: stannin on bihness|Heavy-Duty Boots|[from] move: Knock Off|[of] p1a: Iron Valiant\n|-damage|p1a: Iron Valiant|71\/100|[from] item: Life Orb\n|\n|upkeep\n|turn|54\n|l| TuxohRules\n|\n|t:|1701119649\n|-end|p1a: Iron Valiant|Quark Drive|[silent]\n|switch|p1a: Slowking|Slowking-Galar, M|100\/100\n|move|p2a: stannin on bihness|Infestation|p1a: Slowking\n|-damage|p1a: Slowking|99\/100\n|-activate|p1a: Slowking|move: Infestation|[of] p2a: stannin on bihness\n|\n|-damage|p1a: Slowking|86\/100|[from] move: Infestation|[partiallytrapped]\n|upkeep\n|turn|55\n|l|\u2606yyysneasel\n|inactive|yyysneasel disconnected and has a minute to reconnect!\n|player|p2|\n|j| Unearth Myself\n|j|\u2606yyysneasel\n|inactive|yyysneasel reconnected and has 110 seconds left.\n|player|p2|yyysneasel|bugcatcher-gen4dp\n|\n|t:|1701119708\n|move|p1a: Slowking|Future Sight|p2a: stannin on bihness\n|-start|p1a: Slowking|move: Future Sight\n|move|p2a: stannin on bihness|Infestation|p1a: Slowking\n|-damage|p1a: Slowking|85\/100\n|\n|-damage|p1a: Slowking|72\/100|[from] move: Infestation|[partiallytrapped]\n|upkeep\n|turn|56\n|\n|t:|1701119728\n|move|p1a: Slowking|Future Sight||[still]\n|-fail|p1a: Slowking\n|move|p2a: stannin on bihness|Infestation|p1a: Slowking\n|-damage|p1a: Slowking|70\/100\n|\n|-damage|p1a: Slowking|58\/100|[from] move: Infestation|[partiallytrapped]\n|upkeep\n|turn|57\n|\n|t:|1701119730\n|switch|p2a: ban dengo ffs|Blissey, F|100\/100\n|move|p1a: Slowking|Future Sight||[still]\n|-fail|p1a: Slowking\n|\n|-end|p2a: ban dengo ffs|move: Future Sight\n|-damage|p2a: ban dengo ffs|82\/100\n|-end|p1a: Slowking|Infestation|[partiallytrapped]|[silent]\n|upkeep\n|turn|58\n|\n|t:|1701119737\n|switch|p2a: stannin on bihness|Toxapex, M|100\/100\n|switch|p1a: Great Tusk|Great Tusk|94\/100\n|\n|-heal|p1a: Great Tusk|100\/100|[from] item: Leftovers\n|upkeep\n|turn|59\n|\n|t:|1701119746\n|move|p1a: Great Tusk|Earthquake|p2a: stannin on bihness\n|-supereffective|p2a: stannin on bihness\n|-damage|p2a: stannin on bihness|46\/100\n|move|p2a: stannin on bihness|Toxic|p1a: Great Tusk\n|-status|p1a: Great Tusk|tox\n|\n|-damage|p1a: Great Tusk|94\/100 tox|[from] psn\n|upkeep\n|turn|60\n|\n|t:|1701119748\n|switch|p2a: FreePalestine\ud83c\uddf5\ud83c\uddf8|Corviknight, M|59\/100\n|-ability|p2a: FreePalestine\ud83c\uddf5\ud83c\uddf8|Pressure\n|move|p1a: Great Tusk|Bulk Up|p1a: Great Tusk\n|-boost|p1a: Great Tusk|atk|1\n|-boost|p1a: Great Tusk|def|1\n|\n|-heal|p1a: Great Tusk|100\/100 tox|[from] item: Leftovers\n|-damage|p1a: Great Tusk|88\/100 tox|[from] psn\n|upkeep\n|turn|61\n|\n|t:|1701119752\n|move|p1a: Great Tusk|Bulk Up|p1a: Great Tusk\n|-boost|p1a: Great Tusk|atk|1\n|-boost|p1a: Great Tusk|def|1\n|move|p2a: FreePalestine\ud83c\uddf5\ud83c\uddf8|Roost|p2a: FreePalestine\ud83c\uddf5\ud83c\uddf8\n|-heal|p2a: FreePalestine\ud83c\uddf5\ud83c\uddf8|100\/100\n|-singleturn|p2a: FreePalestine\ud83c\uddf5\ud83c\uddf8|move: Roost\n|\n|-heal|p1a: Great Tusk|94\/100 tox|[from] item: Leftovers\n|-damage|p1a: Great Tusk|76\/100 tox|[from] psn\n|upkeep\n|turn|62\n|\n|t:|1701119756\n|move|p1a: Great Tusk|Bulk Up|p1a: Great Tusk\n|-boost|p1a: Great Tusk|atk|1\n|-boost|p1a: Great Tusk|def|1\n|move|p2a: FreePalestine\ud83c\uddf5\ud83c\uddf8|Roost||[still]\n|-fail|p2a: FreePalestine\ud83c\uddf5\ud83c\uddf8|heal\n|\n|-heal|p1a: Great Tusk|82\/100 tox|[from] item: Leftovers\n|-damage|p1a: Great Tusk|57\/100 tox|[from] psn\n|upkeep\n|turn|63\n|\n|t:|1701119758\n|move|p1a: Great Tusk|Ice Spinner|p2a: FreePalestine\ud83c\uddf5\ud83c\uddf8\n|-damage|p2a: FreePalestine\ud83c\uddf5\ud83c\uddf8|65\/100\n|-damage|p1a: Great Tusk|40\/100 tox|[from] item: Rocky Helmet|[of] p2a: FreePalestine\ud83c\uddf5\ud83c\uddf8\n|move|p2a: FreePalestine\ud83c\uddf5\ud83c\uddf8|Roost|p2a: FreePalestine\ud83c\uddf5\ud83c\uddf8\n|-heal|p2a: FreePalestine\ud83c\uddf5\ud83c\uddf8|100\/100\n|-singleturn|p2a: FreePalestine\ud83c\uddf5\ud83c\uddf8|move: Roost\n|\n|-heal|p1a: Great Tusk|47\/100 tox|[from] item: Leftovers\n|-damage|p1a: Great Tusk|15\/100 tox|[from] psn\n|upkeep\n|turn|64\n|\n|t:|1701119761\n|move|p1a: Great Tusk|Ice Spinner|p2a: FreePalestine\ud83c\uddf5\ud83c\uddf8\n|-damage|p2a: FreePalestine\ud83c\uddf5\ud83c\uddf8|65\/100\n|-damage|p1a: Great Tusk|0 fnt|[from] item: Rocky Helmet|[of] p2a: FreePalestine\ud83c\uddf5\ud83c\uddf8\n|faint|p1a: Great Tusk\n|-end|p1a: Great Tusk|Protosynthesis|[silent]\n|move|p2a: FreePalestine\ud83c\uddf5\ud83c\uddf8|Roost|p2a: FreePalestine\ud83c\uddf5\ud83c\uddf8\n|-heal|p2a: FreePalestine\ud83c\uddf5\ud83c\uddf8|100\/100\n|-singleturn|p2a: FreePalestine\ud83c\uddf5\ud83c\uddf8|move: Roost\n|\n|upkeep\n|\n|t:|1701119781\n|switch|p1a: Arcanine|Arcanine-Hisui, M|64\/100\n|turn|65\n|\n|t:|1701119783\n|switch|p2a: stannin on bihness|Toxapex, M|80\/100\n|move|p1a: Arcanine|Flare Blitz|p2a: stannin on bihness\n|-resisted|p2a: stannin on bihness\n|-damage|p2a: stannin on bihness|63\/100\n|\n|upkeep\n|turn|66\n|\n|t:|1701119787\n|switch|p1a: Slowking|Slowking-Galar, M|91\/100\n|move|p2a: stannin on bihness|Recover|p2a: stannin on bihness\n|-heal|p2a: stannin on bihness|100\/100\n|\n|upkeep\n|turn|67\n|\n|t:|1701119793\n|move|p1a: Slowking|Future Sight|p2a: stannin on bihness\n|-start|p1a: Slowking|move: Future Sight\n|move|p2a: stannin on bihness|Infestation|p1a: Slowking\n|-damage|p1a: Slowking|89\/100\n|-activate|p1a: Slowking|move: Infestation|[of] p2a: stannin on bihness\n|\n|-damage|p1a: Slowking|77\/100|[from] move: Infestation|[partiallytrapped]\n|upkeep\n|turn|68\n|\n|t:|1701119798\n|move|p1a: Slowking|Future Sight||[still]\n|-fail|p1a: Slowking\n|move|p2a: stannin on bihness|Infestation|p1a: Slowking\n|-damage|p1a: Slowking|75\/100\n|\n|-damage|p1a: Slowking|62\/100|[from] move: Infestation|[partiallytrapped]\n|upkeep\n|turn|69\n|\n|t:|1701119807\n|switch|p2a: ban dengo ffs|Blissey, F|82\/100\n|-activate|p1a: Slowking|move: Struggle\n|move|p1a: Slowking|Struggle|p2a: ban dengo ffs\n|-damage|p2a: ban dengo ffs|77\/100\n|-damage|p1a: Slowking|37\/100|[from] recoil\n|\n|-end|p2a: ban dengo ffs|move: Future Sight\n|-damage|p2a: ban dengo ffs|60\/100\n|-end|p1a: Slowking|Infestation|[partiallytrapped]|[silent]\n|upkeep\n|turn|70\n|\n|t:|1701119811\n|switch|p1a: Iron Valiant|Iron Valiant, tera:Fairy|71\/100\n|move|p2a: ban dengo ffs|Soft-Boiled|p2a: ban dengo ffs\n|-heal|p2a: ban dengo ffs|100\/100\n|\n|upkeep\n|turn|71\n|\n|t:|1701119819\n|switch|p2a: stannin on bihness|Toxapex, M|100\/100\n|move|p1a: Iron Valiant|Close Combat|p2a: stannin on bihness\n|-resisted|p2a: stannin on bihness\n|-crit|p2a: stannin on bihness\n|-damage|p2a: stannin on bihness|65\/100\n|-unboost|p1a: Iron Valiant|def|1\n|-unboost|p1a: Iron Valiant|spd|1\n|-damage|p1a: Iron Valiant|62\/100|[from] item: Life Orb\n|\n|upkeep\n|turn|72\n|\n|t:|1701119824\n|-end|p1a: Iron Valiant|Quark Drive|[silent]\n|switch|p1a: Dragapult|Dragapult, F|45\/100\n|move|p2a: stannin on bihness|Toxic|p1a: Dragapult\n|-status|p1a: Dragapult|tox\n|\n|-damage|p1a: Dragapult|39\/100 tox|[from] psn\n|upkeep\n|turn|73\n|\n|t:|1701119827\n|switch|p2a: ban dengo ffs|Blissey, F|100\/100\n|move|p1a: Dragapult|Draco Meteor|p2a: ban dengo ffs\n|-damage|p2a: ban dengo ffs|69\/100\n|-unboost|p1a: Dragapult|spa|2\n|\n|-damage|p1a: Dragapult|27\/100 tox|[from] psn\n|upkeep\n|turn|74\n|\n|t:|1701119830\n|switch|p1a: Slowking|Slowking-Galar, M|71\/100\n|move|p2a: ban dengo ffs|Soft-Boiled|p2a: ban dengo ffs\n|-heal|p2a: ban dengo ffs|100\/100\n|\n|upkeep\n|turn|75\n|\n|t:|1701119834\n|switch|p2a: stannin on bihness|Toxapex, M|99\/100\n|move|p1a: Slowking|Chilly Reception|p1a: Slowking\n|-weather|Snow\n|l|\u2606Kingkaz101\n|inactive|Kingkaz101 disconnected and has a minute to reconnect!\n|player|p1|\n|c|\u2606yyysneasel|light work\n|inactive|Kingkaz101 has 30 seconds to reconnect!\n|l| VicBossMG\n|inactive|Kingkaz101 has 20 seconds to reconnect!\n|inactive|Kingkaz101 has 15 seconds to reconnect!\n|inactive|Kingkaz101 has 10 seconds to reconnect!\n|inactive|Kingkaz101 has 5 seconds to reconnect!\n|-message|Kingkaz101 lost due to inactivity.\n|\n|win|yyysneasel\n|raw|Kingkaz101's rating: 1659 &rarr; <strong>1644<\/strong><br \/>(-15 for losing)\n|raw|yyysneasel's rating: 1750 &rarr; <strong>1765<\/strong><br \/>(+15 for winning)\n","uploadtime":1701119902,"views":6,"p1id":"kingkaz101","p2id":"yyysneasel","formatid":"gen9ou","rating":1644,"private":0,"password":""}