{"id":"gen9ou-1991386021","p1":"kd458","p2":"Superbalo22","format":"[Gen 9] OU","log":"|j|\u2606kd458\n|j|\u2606Superbalo22\n|t:|1700072767\n|gametype|singles\n|player|p1|kd458|265|1703\n|player|p2|Superbalo22|backersf|1700\n|teamsize|p1|6\n|teamsize|p2|6\n|gen|9\n|tier|[Gen 9] OU\n|rated|\n|rule|Sleep Clause Mod: Limit one foe put to sleep\n|rule|Species Clause: Limit one of each Pok\u00e9mon\n|rule|OHKO Clause: OHKO moves are banned\n|rule|Evasion Items Clause: Evasion items are banned\n|rule|Evasion Moves Clause: Evasion moves are banned\n|rule|Endless Battle Clause: Forcing endless battles is banned\n|rule|HP Percentage Mod: HP is shown in percentages\n|clearpoke\n|poke|p1|Rillaboom, F|\n|poke|p1|Heatran, M|\n|poke|p1|Alomomola, M|\n|poke|p1|Kommo-o, M|\n|poke|p1|Slowking-Galar, F|\n|poke|p1|Great Tusk|\n|poke|p2|Scizor, F|\n|poke|p2|Dragonite, M|\n|poke|p2|Cinderace, M|\n|poke|p2|Iron Valiant|\n|poke|p2|Greninja-*, M|\n|poke|p2|Lokix, F|\n|teampreview\n|inactive|Battle timer is ON: inactive players will automatically lose when time's up. (requested by kd458)\n|\n|t:|1700072804\n|start\n|switch|p1a: Big Fish|Alomomola, M|100\/100\n|switch|p2a: Greninja|Greninja, M|100\/100\n|turn|1\n|\n|t:|1700072818\n|move|p2a: Greninja|Dark Pulse|p1a: Big Fish\n|-damage|p1a: Big Fish|57\/100\n|-damage|p2a: Greninja|91\/100|[from] item: Life Orb\n|cant|p1a: Big Fish|flinch\n|\n|upkeep\n|turn|2\n|\n|t:|1700072826\n|switch|p1a: Giannis|Kommo-o, M|100\/100\n|move|p2a: Greninja|Dark Pulse|p1a: Giannis\n|-resisted|p1a: Giannis\n|-damage|p1a: Giannis|83\/100\n|-damage|p2a: Greninja|81\/100|[from] item: Life Orb\n|\n|-heal|p1a: Giannis|89\/100|[from] item: Leftovers\n|upkeep\n|turn|3\n|\n|t:|1700072831\n|switch|p2a: Iron Valiant|Iron Valiant|100\/100\n|move|p1a: Giannis|Drain Punch|p2a: Iron Valiant\n|-resisted|p2a: Iron Valiant\n|-damage|p2a: Iron Valiant|83\/100\n|-heal|p1a: Giannis|96\/100|[from] drain|[of] p2a: Iron Valiant\n|\n|-heal|p1a: Giannis|100\/100|[from] item: Leftovers\n|upkeep\n|turn|4\n|\n|t:|1700072838\n|switch|p1a: Gesley Slo|Slowking-Galar, F|100\/100\n|move|p2a: Iron Valiant|Shadow Ball|p1a: Gesley Slo\n|-supereffective|p1a: Gesley Slo\n|-damage|p1a: Gesley Slo|54\/100\n|-unboost|p1a: Gesley Slo|spd|1\n|\n|upkeep\n|turn|5\n|\n|t:|1700072846\n|-end|p2a: Iron Valiant|Quark Drive|[silent]\n|switch|p2a: Lokix|Lokix, F|100\/100\n|switch|p1a: Big Fish|Alomomola, M|90\/100\n|\n|upkeep\n|turn|6\n|\n|t:|1700072852\n|move|p2a: Lokix|Knock Off|p1a: Big Fish\n|-damage|p1a: Big Fish|54\/100\n|-enditem|p1a: Big Fish|Heavy-Duty Boots|[from] move: Knock Off|[of] p2a: Lokix\n|-damage|p2a: Lokix|91\/100|[from] item: Life Orb\n|move|p1a: Big Fish|Flip Turn|p2a: Lokix\n|-damage|p2a: Lokix|67\/100\n|\n|t:|1700072859\n|switch|p1a: Giannis|Kommo-o, M|100\/100|[from] Flip Turn\n|\n|upkeep\n|turn|7\n|\n|t:|1700072865\n|move|p2a: Lokix|U-turn|p1a: Giannis\n|-resisted|p1a: Giannis\n|-damage|p1a: Giannis|62\/100\n|-damage|p2a: Lokix|57\/100|[from] item: Life Orb\n|\n|t:|1700072868\n|switch|p2a: Iron Valiant|Iron Valiant|83\/100|[from] U-turn\n|move|p1a: Giannis|Clangorous Soul|p1a: Giannis\n|-boost|p1a: Giannis|atk|1\n|-boost|p1a: Giannis|def|1\n|-boost|p1a: Giannis|spa|1\n|-boost|p1a: Giannis|spd|1\n|-boost|p1a: Giannis|spe|1\n|-damage|p1a: Giannis|29\/100\n|\n|-heal|p1a: Giannis|35\/100|[from] item: Leftovers\n|upkeep\n|turn|8\n|\n|t:|1700072885\n|switch|p1a: Gesley Slo|Slowking-Galar, F|87\/100\n|move|p2a: Iron Valiant|Moonblast|p1a: Gesley Slo\n|-resisted|p1a: Gesley Slo\n|-damage|p1a: Gesley Slo|66\/100\n|-unboost|p1a: Gesley Slo|spa|1\n|\n|upkeep\n|turn|9\n|\n|t:|1700072895\n|-end|p2a: Iron Valiant|Quark Drive|[silent]\n|switch|p2a: Scizor|Scizor, F|100\/100\n|move|p1a: Gesley Slo|Chilly Reception|p1a: Gesley Slo\n|-weather|Snow\n|\n|t:|1700072903\n|switch|p1a: Mr Worldwide|Heatran, M|100\/100|[from] Chilly Reception\n|\n|-weather|Snow|[upkeep]\n|upkeep\n|turn|10\n|\n|t:|1700072908\n|switch|p2a: Cinderace|Cinderace, M|100\/100\n|move|p1a: Mr Worldwide|Stealth Rock|p2a: Cinderace\n|-sidestart|p2: Superbalo22|move: Stealth Rock\n|\n|-weather|Snow|[upkeep]\n|upkeep\n|turn|11\n|\n|t:|1700072914\n|move|p2a: Cinderace|Swords Dance|p2a: Cinderace\n|-boost|p2a: Cinderace|atk|2\n|move|p1a: Mr Worldwide|Magma Storm|p2a: Cinderace\n|-resisted|p2a: Cinderace\n|-damage|p2a: Cinderace|77\/100\n|-activate|p2a: Cinderace|move: Magma Storm|[of] p1a: Mr Worldwide\n|\n|-weather|Snow|[upkeep]\n|-damage|p2a: Cinderace|64\/100|[from] move: Magma Storm|[partiallytrapped]\n|upkeep\n|turn|12\n|\n|t:|1700072923\n|switch|p1a: Gesley Slo|Slowking-Galar, F|99\/100\n|move|p2a: Cinderace|High Jump Kick|p1a: Gesley Slo\n|-resisted|p1a: Gesley Slo\n|-damage|p1a: Gesley Slo|81\/100\n|\n|-weather|Snow|[upkeep]\n|-end|p2a: Cinderace|Magma Storm|[partiallytrapped]|[silent]\n|upkeep\n|turn|13\n|\n|t:|1700072931\n|switch|p1a: Big Fish|Alomomola, M|87\/100\n|move|p2a: Cinderace|High Jump Kick|p1a: Big Fish\n|-damage|p1a: Big Fish|43\/100\n|\n|-weather|none\n|upkeep\n|turn|14\n|\n|t:|1700072940\n|move|p1a: Big Fish|Protect|p1a: Big Fish\n|-singleturn|p1a: Big Fish|Protect\n|move|p2a: Cinderace|Swords Dance|p2a: Cinderace\n|-boost|p2a: Cinderace|atk|2\n|\n|upkeep\n|turn|15\n|\n|t:|1700072948\n|switch|p1a: Giannis|Kommo-o, M|35\/100\n|move|p2a: Cinderace|High Jump Kick|p1a: Giannis\n|-damage|p1a: Giannis|0 fnt\n|faint|p1a: Giannis\n|\n|upkeep\n|\n|t:|1700072951\n|switch|p1a: Gesley Slo|Slowking-Galar, F|100\/100\n|turn|16\n|\n|t:|1700072955\n|-terastallize|p1a: Gesley Slo|Water\n|move|p2a: Cinderace|Pyro Ball|p1a: Gesley Slo\n|-resisted|p1a: Gesley Slo\n|-damage|p1a: Gesley Slo|23\/100\n|move|p1a: Gesley Slo|Sludge Bomb|p2a: Cinderace\n|-damage|p2a: Cinderace|21\/100\n|-status|p2a: Cinderace|psn\n|\n|-damage|p2a: Cinderace|9\/100 psn|[from] psn\n|upkeep\n|turn|17\n|\n|t:|1700072959\n|switch|p1a: Big Fish|Alomomola, M|76\/100\n|move|p2a: Cinderace|Pyro Ball|p1a: Big Fish\n|-resisted|p1a: Big Fish\n|-damage|p1a: Big Fish|13\/100\n|\n|-damage|p2a: Cinderace|0 fnt|[from] psn\n|faint|p2a: Cinderace\n|upkeep\n|\n|t:|1700072972\n|switch|p2a: Greninja|Greninja, M|81\/100\n|-damage|p2a: Greninja|69\/100|[from] Stealth Rock\n|turn|18\n|\n|t:|1700072986\n|move|p1a: Big Fish|Protect|p1a: Big Fish\n|-singleturn|p1a: Big Fish|Protect\n|move|p2a: Greninja|Dark Pulse|p1a: Big Fish\n|-activate|p1a: Big Fish|move: Protect\n|\n|upkeep\n|turn|19\n|\n|t:|1700073009\n|switch|p1a: Gesley Slo|Slowking-Galar, F, tera:Water|56\/100\n|move|p2a: Greninja|Dark Pulse|p1a: Gesley Slo\n|-crit|p1a: Gesley Slo\n|-damage|p1a: Gesley Slo|12\/100\n|-damage|p2a: Greninja|59\/100|[from] item: Life Orb\n|\n|upkeep\n|turn|20\n|\n|t:|1700073026\n|switch|p1a: Iron Bands|Rillaboom, F|100\/100\n|-fieldstart|move: Grassy Terrain|[from] ability: Grassy Surge|[of] p1a: Iron Bands\n|move|p2a: Greninja|U-turn|p1a: Iron Bands\n|-supereffective|p1a: Iron Bands\n|-damage|p1a: Iron Bands|64\/100\n|-damage|p2a: Greninja|49\/100|[from] item: Life Orb\n|\n|t:|1700073033\n|switch|p2a: Lokix|Lokix, F|57\/100|[from] U-turn\n|-damage|p2a: Lokix|33\/100|[from] Stealth Rock\n|\n|-heal|p2a: Lokix|39\/100|[from] Grassy Terrain\n|-heal|p1a: Iron Bands|70\/100|[from] Grassy Terrain\n|upkeep\n|turn|21\n|\n|t:|1700073039\n|switch|p1a: Mr Worldwide|Heatran, M|100\/100\n|move|p2a: Lokix|Knock Off|p1a: Mr Worldwide\n|-damage|p1a: Mr Worldwide|49\/100\n|-enditem|p1a: Mr Worldwide|Leftovers|[from] move: Knock Off|[of] p2a: Lokix\n|-damage|p2a: Lokix|29\/100|[from] item: Life Orb\n|\n|-heal|p2a: Lokix|35\/100|[from] Grassy Terrain\n|-heal|p1a: Mr Worldwide|55\/100|[from] Grassy Terrain\n|upkeep\n|turn|22\n|\n|t:|1700073046\n|move|p2a: Lokix|Sucker Punch|p1a: Mr Worldwide\n|-crit|p1a: Mr Worldwide\n|-damage|p1a: Mr Worldwide|0 fnt\n|faint|p1a: Mr Worldwide\n|-damage|p2a: Lokix|25\/100|[from] item: Life Orb\n|\n|-heal|p2a: Lokix|31\/100|[from] Grassy Terrain\n|upkeep\n|\n|t:|1700073048\n|switch|p1a: Treacherous Spins|Great Tusk|100\/100\n|turn|23\n|\n|t:|1700073053\n|move|p1a: Treacherous Spins|Rapid Spin|p2a: Lokix\n|-damage|p2a: Lokix|7\/100\n|-boost|p1a: Treacherous Spins|spe|1\n|move|p2a: Lokix|Knock Off|p1a: Treacherous Spins\n|-resisted|p1a: Treacherous Spins\n|-damage|p1a: Treacherous Spins|59\/100\n|-enditem|p1a: Treacherous Spins|Leftovers|[from] move: Knock Off|[of] p2a: Lokix\n|-damage|p2a: Lokix|0 fnt|[from] item: Life Orb\n|faint|p2a: Lokix\n|\n|-heal|p1a: Treacherous Spins|65\/100|[from] Grassy Terrain\n|upkeep\n|\n|t:|1700073057\n|switch|p2a: Iron Valiant|Iron Valiant|83\/100\n|-damage|p2a: Iron Valiant|77\/100|[from] Stealth Rock\n|turn|24\n|\n|t:|1700073075\n|move|p1a: Treacherous Spins|Headlong Rush|p2a: Iron Valiant\n|-damage|p2a: Iron Valiant|0 fnt\n|-unboost|p1a: Treacherous Spins|def|1\n|-unboost|p1a: Treacherous Spins|spd|1\n|faint|p2a: Iron Valiant\n|-end|p2a: Iron Valiant|Quark Drive|[silent]\n|\n|-heal|p1a: Treacherous Spins|72\/100|[from] Grassy Terrain\n|-fieldend|move: Grassy Terrain\n|upkeep\n|\n|t:|1700073092\n|switch|p2a: Greninja|Greninja, M|49\/100\n|-damage|p2a: Greninja|37\/100|[from] Stealth Rock\n|turn|25\n|\n|t:|1700073102\n|-end|p1a: Treacherous Spins|Protosynthesis|[silent]\n|switch|p1a: Gesley Slo|Slowking-Galar, F, tera:Water|45\/100\n|move|p2a: Greninja|Water Shuriken|p1a: Gesley Slo\n|-resisted|p1a: Gesley Slo\n|-damage|p1a: Gesley Slo|43\/100\n|-resisted|p1a: Gesley Slo\n|-damage|p1a: Gesley Slo|40\/100\n|-hitcount|p1a: Gesley Slo|2\n|-damage|p2a: Greninja|27\/100|[from] item: Life Orb\n|\n|upkeep\n|turn|26\n|\n|t:|1700073108\n|move|p2a: Greninja|Dark Pulse|p1a: Gesley Slo\n|-damage|p1a: Gesley Slo|11\/100\n|-damage|p2a: Greninja|17\/100|[from] item: Life Orb\n|move|p1a: Gesley Slo|Chilly Reception|p1a: Gesley Slo\n|-weather|Snow\n|\n|t:|1700073124\n|switch|p1a: Big Fish|Alomomola, M|47\/100|[from] Chilly Reception\n|\n|-weather|Snow|[upkeep]\n|upkeep\n|turn|27\n|\n|t:|1700073148\n|move|p2a: Greninja|Dark Pulse|p1a: Big Fish\n|-damage|p1a: Big Fish|5\/100\n|-damage|p2a: Greninja|7\/100|[from] item: Life Orb\n|move|p1a: Big Fish|Wish|p1a: Big Fish\n|\n|-weather|Snow|[upkeep]\n|upkeep\n|turn|28\n|\n|t:|1700073164\n|move|p1a: Big Fish|Protect|p1a: Big Fish\n|-singleturn|p1a: Big Fish|Protect\n|move|p2a: Greninja|Dark Pulse|p1a: Big Fish\n|-activate|p1a: Big Fish|move: Protect\n|\n|-weather|Snow|[upkeep]\n|-heal|p1a: Big Fish|55\/100|[from] move: Wish|[wisher] Big Fish\n|upkeep\n|turn|29\n|\n|t:|1700073176\n|switch|p1a: Iron Bands|Rillaboom, F|70\/100\n|-fieldstart|move: Grassy Terrain|[from] ability: Grassy Surge|[of] p1a: Iron Bands\n|move|p2a: Greninja|Dark Pulse|p1a: Iron Bands\n|-damage|p1a: Iron Bands|17\/100\n|-damage|p2a: Greninja|0 fnt|[from] item: Life Orb\n|faint|p2a: Greninja\n|\n|-weather|Snow|[upkeep]\n|-heal|p1a: Iron Bands|24\/100|[from] Grassy Terrain\n|upkeep\n|\n|t:|1700073181\n|switch|p2a: Scizor|Scizor, F|100\/100\n|-damage|p2a: Scizor|88\/100|[from] Stealth Rock\n|turn|30\n|\n|t:|1700073184\n|move|p1a: Iron Bands|Knock Off|p2a: Scizor\n|-damage|p2a: Scizor|38\/100\n|-enditem|p2a: Scizor|Life Orb|[from] move: Knock Off|[of] p1a: Iron Bands\n|move|p2a: Scizor|Swords Dance|p2a: Scizor\n|-boost|p2a: Scizor|atk|2\n|\n|-weather|none\n|-heal|p1a: Iron Bands|30\/100|[from] Grassy Terrain\n|-heal|p2a: Scizor|44\/100|[from] Grassy Terrain\n|upkeep\n|turn|31\n|\n|t:|1700073187\n|move|p2a: Scizor|Bullet Punch|p1a: Iron Bands\n|-damage|p1a: Iron Bands|0 fnt\n|faint|p1a: Iron Bands\n|\n|-heal|p2a: Scizor|50\/100|[from] Grassy Terrain\n|upkeep\n|\n|t:|1700073212\n|switch|p1a: Big Fish|Alomomola, M|88\/100\n|turn|32\n|\n|t:|1700073217\n|-terastallize|p2a: Scizor|Electric\n|move|p2a: Scizor|Tera Blast|p1a: Big Fish|[anim] Tera Blast Electric\n|-supereffective|p1a: Big Fish\n|-damage|p1a: Big Fish|0 fnt\n|faint|p1a: Big Fish\n|\n|-heal|p2a: Scizor|57\/100|[from] Grassy Terrain\n|upkeep\n|\n|t:|1700073220\n|switch|p1a: Treacherous Spins|Great Tusk|72\/100\n|turn|33\n|\n|t:|1700073230\n|move|p2a: Scizor|Bullet Punch|p1a: Treacherous Spins\n|-damage|p1a: Treacherous Spins|23\/100\n|move|p1a: Treacherous Spins|Headlong Rush|p2a: Scizor\n|-supereffective|p2a: Scizor\n|-damage|p2a: Scizor|0 fnt\n|-unboost|p1a: Treacherous Spins|def|1\n|-unboost|p1a: Treacherous Spins|spd|1\n|faint|p2a: Scizor\n|\n|-heal|p1a: Treacherous Spins|29\/100|[from] Grassy Terrain\n|-fieldend|move: Grassy Terrain\n|upkeep\n|\n|t:|1700073232\n|switch|p2a: Dragonite|Dragonite, M, shiny|100\/100\n|turn|34\n|\n|t:|1700073242\n|-end|p1a: Treacherous Spins|Protosynthesis|[silent]\n|switch|p1a: Gesley Slo|Slowking-Galar, F, tera:Water|45\/100\n|move|p2a: Dragonite|Ice Spinner|p1a: Gesley Slo\n|-resisted|p1a: Gesley Slo\n|-damage|p1a: Gesley Slo|28\/100\n|\n|upkeep\n|turn|35\n|\n|t:|1700073254\n|move|p2a: Dragonite|Earthquake|p1a: Gesley Slo\n|-damage|p1a: Gesley Slo|0 fnt\n|faint|p1a: Gesley Slo\n|\n|upkeep\n|\n|t:|1700073256\n|switch|p1a: Treacherous Spins|Great Tusk|29\/100\n|turn|36\n|\n|t:|1700073259\n|move|p1a: Treacherous Spins|Bulk Up|p1a: Treacherous Spins\n|-boost|p1a: Treacherous Spins|atk|1\n|-boost|p1a: Treacherous Spins|def|1\n|move|p2a: Dragonite|Ice Spinner|p1a: Treacherous Spins\n|-supereffective|p1a: Treacherous Spins\n|-damage|p1a: Treacherous Spins|0 fnt\n|faint|p1a: Treacherous Spins\n|-end|p1a: Treacherous Spins|Protosynthesis|[silent]\n|\n|win|Superbalo22\n|raw|kd458's rating: 1703 &rarr; <strong>1683<\/strong><br \/>(-20 for losing)\n|raw|Superbalo22's rating: 1700 &rarr; <strong>1720<\/strong><br \/>(+20 for winning)\n|c|\u2606kd458|gg\n|c|\u2606Superbalo22|gg\n|l|\u2606kd458\n|c|\u2606Superbalo22|nice game\n","uploadtime":1700073274,"views":7,"p1id":"kd458","p2id":"superbalo22","formatid":"gen9ou","rating":1683,"private":0,"password":""}