{"id":"gen9ou-1995272146","p1":"soy bebe","p2":"AgencyMan","format":"[Gen 9] OU","log":"|j|\u2606soy bebe\n|j|\u2606AgencyMan\n|t:|1700544693\n|gametype|singles\n|player|p1|soy bebe|winona-gen3|1488\n|player|p2|AgencyMan|harlequin|1483\n|teamsize|p1|6\n|teamsize|p2|6\n|gen|9\n|tier|[Gen 9] OU\n|rated|\n|rule|Sleep Clause Mod: Limit one foe put to sleep\n|rule|Species Clause: Limit one of each Pok\u00e9mon\n|rule|OHKO Clause: OHKO moves are banned\n|rule|Evasion Items Clause: Evasion items are banned\n|rule|Evasion Moves Clause: Evasion moves are banned\n|rule|Endless Battle Clause: Forcing endless battles is banned\n|rule|HP Percentage Mod: HP is shown in percentages\n|clearpoke\n|poke|p1|Politoed, M|\n|poke|p1|Zapdos|\n|poke|p1|Iron Treads|\n|poke|p1|Basculegion-F, F|\n|poke|p1|Quaquaval, M|\n|poke|p1|Meowscarada, F|\n|poke|p2|Samurott-Hisui, M|\n|poke|p2|Hydreigon, F|\n|poke|p2|Rillaboom, M|\n|poke|p2|Heatran, M|\n|poke|p2|Ogerpon-Cornerstone, F|\n|poke|p2|Hippowdon, M|\n|teampreview\n|\n|t:|1700544720\n|start\n|switch|p1a: Silly Cayt|Meowscarada, F, shiny|100\/100\n|switch|p2a: Hydreigon|Hydreigon, F|100\/100\n|turn|1\n|inactive|Battle timer is ON: inactive players will automatically lose when time's up. (requested by soy bebe)\n|\n|t:|1700544742\n|move|p1a: Silly Cayt|U-turn|p2a: Hydreigon\n|-start|p1a: Silly Cayt|typechange|Bug|[from] ability: Protean\n|-supereffective|p2a: Hydreigon\n|-damage|p2a: Hydreigon|30\/100\n|\n|t:|1700544747\n|switch|p1a: Treadtianna|Iron Treads, shiny|100\/100|[from] U-turn\n|-enditem|p1a: Treadtianna|Booster Energy\n|-activate|p1a: Treadtianna|ability: Quark Drive|[fromitem]\n|-start|p1a: Treadtianna|quarkdrivespe\n|move|p2a: Hydreigon|U-turn|p1a: Treadtianna\n|-resisted|p1a: Treadtianna\n|-damage|p1a: Treadtianna|94\/100\n|\n|t:|1700544752\n|switch|p2a: Samurott|Samurott-Hisui, M|100\/100|[from] U-turn\n|\n|upkeep\n|turn|2\n|\n|t:|1700544760\n|move|p1a: Treadtianna|Stealth Rock|p2a: Samurott\n|-sidestart|p2: AgencyMan|move: Stealth Rock\n|move|p2a: Samurott|Razor Shell|p1a: Treadtianna\n|-supereffective|p1a: Treadtianna\n|-damage|p1a: Treadtianna|0 fnt\n|faint|p1a: Treadtianna\n|-end|p1a: Treadtianna|Quark Drive|[silent]\n|\n|upkeep\n|\n|t:|1700544774\n|switch|p1a: Tempo|Zapdos, shiny|100\/100\n|turn|3\n|\n|t:|1700544788\n|move|p1a: Tempo|Volt Switch|p2a: Samurott\n|-supereffective|p2a: Samurott\n|-damage|p2a: Samurott|18\/100\n|\n|t:|1700544797\n|switch|p1a: Silly Cayt|Meowscarada, F, shiny|100\/100|[from] Volt Switch\n|move|p2a: Samurott|Ceaseless Edge|p1a: Silly Cayt\n|-resisted|p1a: Silly Cayt\n|-damage|p1a: Silly Cayt|67\/100\n|-sidestart|p1: soy bebe|Spikes\n|\n|upkeep\n|turn|4\n|\n|t:|1700544811\n|move|p1a: Silly Cayt|U-turn|p2a: Samurott\n|-start|p1a: Silly Cayt|typechange|Bug|[from] ability: Protean\n|-supereffective|p2a: Samurott\n|-damage|p2a: Samurott|0 fnt\n|faint|p2a: Samurott\n|\n|t:|1700544828\n|switch|p1a: PoliSwirl~|Politoed, M, shiny|100\/100|[from] U-turn\n|-damage|p1a: PoliSwirl~|88\/100|[from] Spikes\n|-weather|RainDance|[from] ability: Drizzle|[of] p1a: PoliSwirl~\n|\n|-weather|RainDance|[upkeep]\n|upkeep\n|\n|t:|1700544836\n|switch|p2a: Hippowdon|Hippowdon, M|100\/100\n|-damage|p2a: Hippowdon|94\/100|[from] Stealth Rock\n|-weather|Sandstorm|[from] ability: Sand Stream|[of] p2a: Hippowdon\n|turn|5\n|\n|t:|1700544850\n|switch|p2a: Hydreigon|Hydreigon, F|30\/100\n|-damage|p2a: Hydreigon|17\/100|[from] Stealth Rock\n|move|p1a: PoliSwirl~|Surf|p2a: Hydreigon\n|-resisted|p2a: Hydreigon\n|-damage|p2a: Hydreigon|0 fnt\n|faint|p2a: Hydreigon\n|\n|-weather|Sandstorm|[upkeep]\n|-damage|p1a: PoliSwirl~|82\/100|[from] Sandstorm\n|upkeep\n|\n|t:|1700544853\n|switch|p2a: Rillaboom|Rillaboom, M|100\/100\n|-fieldstart|move: Grassy Terrain|[from] ability: Grassy Surge|[of] p2a: Rillaboom\n|turn|6\n|\n|t:|1700544859\n|switch|p1a: Tempo|Zapdos, shiny|100\/100\n|move|p2a: Rillaboom|Substitute|p2a: Rillaboom\n|-start|p2a: Rillaboom|Substitute\n|-damage|p2a: Rillaboom|76\/100\n|\n|-weather|Sandstorm|[upkeep]\n|-damage|p1a: Tempo|94\/100|[from] Sandstorm\n|-damage|p2a: Rillaboom|69\/100|[from] Sandstorm\n|-heal|p2a: Rillaboom|76\/100|[from] Grassy Terrain\n|upkeep\n|turn|7\n|\n|t:|1700544866\n|move|p1a: Tempo|Hurricane|p2a: Rillaboom\n|-supereffective|p2a: Rillaboom\n|-end|p2a: Rillaboom|Substitute\n|move|p2a: Rillaboom|Knock Off|p1a: Tempo\n|-damage|p1a: Tempo|63\/100\n|-enditem|p1a: Tempo|Heavy-Duty Boots|[from] move: Knock Off|[of] p2a: Rillaboom\n|\n|-weather|Sandstorm|[upkeep]\n|-damage|p1a: Tempo|57\/100|[from] Sandstorm\n|-damage|p2a: Rillaboom|69\/100|[from] Sandstorm\n|-heal|p2a: Rillaboom|76\/100|[from] Grassy Terrain\n|upkeep\n|turn|8\n|\n|t:|1700544888\n|-singleturn|p2a: Rillaboom|move: Focus Punch\n|move|p1a: Tempo|Roost|p1a: Tempo\n|-heal|p1a: Tempo|100\/100\n|-singleturn|p1a: Tempo|move: Roost\n|move|p2a: Rillaboom|Focus Punch|p1a: Tempo\n|-damage|p1a: Tempo|58\/100\n|\n|-weather|Sandstorm|[upkeep]\n|-damage|p1a: Tempo|52\/100|[from] Sandstorm\n|-damage|p2a: Rillaboom|69\/100|[from] Sandstorm\n|-heal|p1a: Tempo|58\/100|[from] Grassy Terrain\n|-heal|p2a: Rillaboom|76\/100|[from] Grassy Terrain\n|upkeep\n|turn|9\n|\n|t:|1700544899\n|switch|p2a: Hippowdon|Hippowdon, M|94\/100\n|-damage|p2a: Hippowdon|88\/100|[from] Stealth Rock\n|move|p1a: Tempo|Hurricane|p2a: Hippowdon\n|-damage|p2a: Hippowdon|37\/100\n|\n|-weather|none\n|-heal|p2a: Hippowdon|43\/100|[from] Grassy Terrain\n|-heal|p2a: Hippowdon|50\/100|[from] item: Leftovers\n|upkeep\n|turn|10\n|\n|t:|1700544912\n|switch|p2a: Heatran|Heatran, M|100\/100\n|-damage|p2a: Heatran|88\/100|[from] Stealth Rock\n|move|p1a: Tempo|Hurricane|p2a: Heatran\n|-resisted|p2a: Heatran\n|-damage|p2a: Heatran|73\/100\n|\n|-heal|p2a: Heatran|80\/100|[from] Grassy Terrain\n|-heal|p2a: Heatran|86\/100|[from] item: Leftovers\n|-fieldend|move: Grassy Terrain\n|upkeep\n|turn|11\n|\n|t:|1700544922\n|switch|p2a: Rillaboom|Rillaboom, M|76\/100\n|-fieldstart|move: Grassy Terrain|[from] ability: Grassy Surge|[of] p2a: Rillaboom\n|move|p1a: Tempo|Volt Switch|p2a: Rillaboom\n|-resisted|p2a: Rillaboom\n|-damage|p2a: Rillaboom|58\/100\n|\n|t:|1700544933\n|switch|p1a: Silly Cayt|Meowscarada, F, shiny|67\/100|[from] Volt Switch\n|-damage|p1a: Silly Cayt|55\/100|[from] Spikes\n|\n|-heal|p1a: Silly Cayt|61\/100|[from] Grassy Terrain\n|-heal|p2a: Rillaboom|64\/100|[from] Grassy Terrain\n|upkeep\n|turn|12\n|\n|t:|1700544946\n|move|p2a: Rillaboom|Grassy Glide|p1a: Silly Cayt\n|-resisted|p1a: Silly Cayt\n|-damage|p1a: Silly Cayt|34\/100\n|move|p1a: Silly Cayt|U-turn|p2a: Rillaboom\n|-start|p1a: Silly Cayt|typechange|Bug|[from] ability: Protean\n|-supereffective|p2a: Rillaboom\n|-damage|p2a: Rillaboom|0 fnt\n|faint|p2a: Rillaboom\n|\n|t:|1700544952\n|switch|p1a: PoliSwirl~|Politoed, M, shiny|82\/100|[from] U-turn\n|-damage|p1a: PoliSwirl~|70\/100|[from] Spikes\n|-weather|RainDance|[from] ability: Drizzle|[of] p1a: PoliSwirl~\n|\n|-weather|RainDance|[upkeep]\n|-heal|p1a: PoliSwirl~|76\/100|[from] Grassy Terrain\n|upkeep\n|\n|t:|1700544960\n|switch|p2a: Ogerpon|Ogerpon-Cornerstone, F|100\/100\n|-damage|p2a: Ogerpon|88\/100|[from] Stealth Rock\n|turn|13\n|inactive|soy bebe has 120 seconds left.\n|inactive|AgencyMan has 120 seconds left.\n|inactive|soy bebe has 90 seconds left.\n|\n|t:|1700545024\n|-terastallize|p1a: PoliSwirl~|Dragon\n|move|p2a: Ogerpon|Horn Leech|p1a: PoliSwirl~\n|-resisted|p1a: PoliSwirl~\n|-damage|p1a: PoliSwirl~|44\/100\n|-heal|p2a: Ogerpon|100\/100|[from] drain|[of] p1a: PoliSwirl~\n|move|p1a: PoliSwirl~|Ice Beam|p2a: Ogerpon\n|-supereffective|p2a: Ogerpon\n|-damage|p2a: Ogerpon|40\/100\n|\n|-weather|RainDance|[upkeep]\n|-heal|p2a: Ogerpon|46\/100|[from] Grassy Terrain\n|-heal|p1a: PoliSwirl~|50\/100|[from] Grassy Terrain\n|upkeep\n|turn|14\n|inactive|soy bebe has 90 seconds left.\n|inactive|AgencyMan has 120 seconds left.\n|\n|t:|1700545037\n|move|p2a: Ogerpon|Ivy Cudgel|p1a: PoliSwirl~|[anim] Ivy Cudgel Rock\n|-damage|p1a: PoliSwirl~|0 fnt\n|faint|p1a: PoliSwirl~\n|\n|-weather|RainDance|[upkeep]\n|-heal|p2a: Ogerpon|52\/100|[from] Grassy Terrain\n|upkeep\n|inactive|soy bebe has 90 seconds left.\n|\n|t:|1700545051\n|switch|p1a: Quavo|Quaquaval, M, shiny|100\/100\n|-damage|p1a: Quavo|88\/100|[from] Spikes\n|turn|15\n|\n|t:|1700545057\n|move|p2a: Ogerpon|Swords Dance|p2a: Ogerpon\n|-boost|p2a: Ogerpon|atk|2\n|move|p1a: Quavo|Close Combat|p2a: Ogerpon\n|-supereffective|p2a: Ogerpon\n|-damage|p2a: Ogerpon|0 fnt\n|-unboost|p1a: Quavo|def|1\n|-unboost|p1a: Quavo|spd|1\n|faint|p2a: Ogerpon\n|-ability|p1a: Quavo|Moxie|boost\n|-boost|p1a: Quavo|atk|1\n|\n|-weather|RainDance|[upkeep]\n|-heal|p1a: Quavo|94\/100|[from] Grassy Terrain\n|-fieldend|move: Grassy Terrain\n|upkeep\n|\n|t:|1700545061\n|switch|p2a: Hippowdon|Hippowdon, M|50\/100\n|-damage|p2a: Hippowdon|43\/100|[from] Stealth Rock\n|-weather|Sandstorm|[from] ability: Sand Stream|[of] p2a: Hippowdon\n|turn|16\n|\n|t:|1700545067\n|move|p1a: Quavo|Aqua Step|p2a: Hippowdon\n|-supereffective|p2a: Hippowdon\n|-damage|p2a: Hippowdon|0 fnt\n|-boost|p1a: Quavo|spe|1\n|faint|p2a: Hippowdon\n|-ability|p1a: Quavo|Moxie|boost\n|-boost|p1a: Quavo|atk|1\n|\n|-weather|Sandstorm|[upkeep]\n|-damage|p1a: Quavo|88\/100|[from] Sandstorm\n|upkeep\n|\n|t:|1700545069\n|switch|p2a: Heatran|Heatran, M|86\/100\n|-damage|p2a: Heatran|73\/100|[from] Stealth Rock\n|turn|17\n|inactive|soy bebe has 120 seconds left.\n|\n|t:|1700545089\n|-terastallize|p2a: Heatran|Grass\n|move|p1a: Quavo|Close Combat|p2a: Heatran\n|-damage|p2a: Heatran|0 fnt\n|-unboost|p1a: Quavo|def|1\n|-unboost|p1a: Quavo|spd|1\n|faint|p2a: Heatran\n|\n|win|soy bebe\n|raw|soy bebe's rating: 1488 &rarr; <strong>1508<\/strong><br \/>(+20 for winning)\n|raw|AgencyMan's rating: 1483 &rarr; <strong>1463<\/strong><br \/>(-20 for losing)\n|l|\u2606AgencyMan\n","uploadtime":1700545111,"views":3,"p1id":"soybebe","p2id":"agencyman","formatid":"gen9ou","rating":1463,"private":0,"password":""}