{"id":"gen9ou-1995230565","p1":"FartyMc6","p2":"Afromaster","format":"[Gen 9] OU","log":"|j|\u2606FartyMc6\n|j|\u2606Afromaster\n|t:|1700537496\n|gametype|singles\n|player|p1|FartyMc6|brycenman|1151\n|player|p2|Afromaster|102|1198\n|teamsize|p1|6\n|teamsize|p2|6\n|gen|9\n|tier|[Gen 9] OU\n|rated|\n|rule|Sleep Clause Mod: Limit one foe put to sleep\n|rule|Species Clause: Limit one of each Pok\u00e9mon\n|rule|OHKO Clause: OHKO moves are banned\n|rule|Evasion Items Clause: Evasion items are banned\n|rule|Evasion Moves Clause: Evasion moves are banned\n|rule|Endless Battle Clause: Forcing endless battles is banned\n|rule|HP Percentage Mod: HP is shown in percentages\n|clearpoke\n|poke|p1|Arcanine-Hisui, F|\n|poke|p1|Torkoal, F|\n|poke|p1|Great Tusk|\n|poke|p1|Walking Wake|\n|poke|p1|Enamorus, F|\n|poke|p1|Sinistcha|\n|poke|p2|Great Tusk|\n|poke|p2|Oranguru, M|\n|poke|p2|Rotom-Wash|\n|poke|p2|Dusknoir, M|\n|poke|p2|Snorlax, M|\n|poke|p2|Iron Moth|\n|teampreview\n|inactive|Battle timer is ON: inactive players will automatically lose when time's up. (requested by FartyMc6)\n|inactive|Afromaster has 120 seconds left.\n|\n|t:|1700537531\n|start\n|switch|p1a: Torkoal|Torkoal, F|100\/100\n|switch|p2a: Def. EVs? Item?|Great Tusk|100\/100\n|-weather|SunnyDay|[from] ability: Drought|[of] p1a: Torkoal\n|-activate|p2a: Def. EVs? Item?|ability: Protosynthesis\n|-start|p2a: Def. EVs? Item?|protosynthesisatk\n|turn|1\n|\n|t:|1700537550\n|switch|p1a: Walking Wake|Walking Wake|100\/100\n|-activate|p1a: Walking Wake|ability: Protosynthesis\n|-start|p1a: Walking Wake|protosynthesisspa\n|move|p2a: Def. EVs? Item?|Earthquake|p1a: Walking Wake\n|-damage|p1a: Walking Wake|19\/100\n|\n|-weather|SunnyDay|[upkeep]\n|-heal|p1a: Walking Wake|25\/100|[from] item: Leftovers\n|upkeep\n|turn|2\n|inactive|Afromaster has 120 seconds left.\n|\n|t:|1700537581\n|-end|p2a: Def. EVs? Item?|Protosynthesis|[silent]\n|switch|p2a: Def. EVs? Cvrg.?|Rotom-Wash, shiny|100\/100\n|move|p1a: Walking Wake|Hydro Steam|p2a: Def. EVs? Cvrg.?\n|-resisted|p2a: Def. EVs? Cvrg.?\n|-damage|p2a: Def. EVs? Cvrg.?|62\/100\n|\n|-weather|SunnyDay|[upkeep]\n|-heal|p1a: Walking Wake|31\/100|[from] item: Leftovers\n|upkeep\n|turn|3\n|inactive|Afromaster has 120 seconds left.\n|inactive|FartyMc6 has 120 seconds left.\n|\n|t:|1700537606\n|-end|p1a: Walking Wake|Protosynthesis|[silent]\n|switch|p1a: Great Tusk|Great Tusk|100\/100\n|-activate|p1a: Great Tusk|ability: Protosynthesis\n|-start|p1a: Great Tusk|protosynthesisatk\n|move|p2a: Def. EVs? Cvrg.?|Thunderbolt|p1a: Great Tusk\n|-immune|p1a: Great Tusk\n|\n|-weather|SunnyDay|[upkeep]\n|upkeep\n|turn|4\n|inactive|FartyMc6 has 120 seconds left.\n|\n|t:|1700537622\n|move|p1a: Great Tusk|Close Combat|p2a: Def. EVs? Cvrg.?\n|-damage|p2a: Def. EVs? Cvrg.?|0 fnt\n|-unboost|p1a: Great Tusk|def|1\n|-unboost|p1a: Great Tusk|spd|1\n|faint|p2a: Def. EVs? Cvrg.?\n|\n|-weather|SunnyDay|[upkeep]\n|upkeep\n|\n|t:|1700537633\n|switch|p2a: Def EVs? Mvs? Itm?|Oranguru, M|100\/100\n|turn|5\n|\n|t:|1700537642\n|move|p1a: Great Tusk|Iron Head|p2a: Def EVs? Mvs? Itm?\n|-damage|p2a: Def EVs? Mvs? Itm?|62\/100\n|move|p2a: Def EVs? Mvs? Itm?|Trick Room|p2a: Def EVs? Mvs? Itm?\n|-fieldstart|move: Trick Room|[of] p2a: Def EVs? Mvs? Itm?\n|\n|-weather|none\n|-end|p1a: Great Tusk|Protosynthesis\n|-heal|p2a: Def EVs? Mvs? Itm?|68\/100|[from] item: Leftovers\n|upkeep\n|turn|6\n|inactive|Afromaster has 120 seconds left.\n|inactive|FartyMc6 has 120 seconds left.\n|\n|t:|1700537660\n|-end|p1a: Great Tusk|Protosynthesis|[silent]\n|switch|p1a: Torkoal|Torkoal, F|100\/100\n|-weather|SunnyDay|[from] ability: Drought|[of] p1a: Torkoal\n|move|p2a: Def EVs? Mvs? Itm?|Chilling Water|p1a: Torkoal\n|-supereffective|p1a: Torkoal\n|-damage|p1a: Torkoal|85\/100\n|-unboost|p1a: Torkoal|atk|1\n|\n|-weather|SunnyDay|[upkeep]\n|-heal|p2a: Def EVs? Mvs? Itm?|74\/100|[from] item: Leftovers\n|upkeep\n|turn|7\n|inactive|FartyMc6 has 120 seconds left.\n|inactive|Afromaster has 120 seconds left.\n|\n|t:|1700537677\n|switch|p2a: Defs4Tsa&Quaq?|Snorlax, M|100\/100\n|move|p1a: Torkoal|Eruption|p2a: Defs4Tsa&Quaq?\n|-crit|p2a: Defs4Tsa&Quaq?\n|-damage|p2a: Defs4Tsa&Quaq?|22\/100\n|\n|-weather|SunnyDay|[upkeep]\n|upkeep\n|turn|8\n|inactive|FartyMc6 has 120 seconds left.\n|inactive|Afromaster has 120 seconds left.\n|\n|t:|1700537693\n|move|p2a: Defs4Tsa&Quaq?|Earthquake|p1a: Torkoal\n|-supereffective|p1a: Torkoal\n|-damage|p1a: Torkoal|38\/100\n|move|p1a: Torkoal|Lava Plume|p2a: Defs4Tsa&Quaq?\n|-damage|p2a: Defs4Tsa&Quaq?|0 fnt\n|faint|p2a: Defs4Tsa&Quaq?\n|\n|-weather|SunnyDay|[upkeep]\n|upkeep\n|\n|t:|1700537705\n|switch|p2a: Def. EVs? Item?|Great Tusk|100\/100\n|-activate|p2a: Def. EVs? Item?|ability: Protosynthesis\n|-start|p2a: Def. EVs? Item?|protosynthesisatk\n|turn|9\n|inactive|FartyMc6 has 120 seconds left.\n|\n|t:|1700537713\n|switch|p1a: Enamorus|Enamorus, F|100\/100\n|move|p2a: Def. EVs? Item?|Earthquake|p1a: Enamorus\n|-immune|p1a: Enamorus\n|\n|-weather|SunnyDay|[upkeep]\n|-fieldend|move: Trick Room\n|upkeep\n|turn|10\n|inactive|FartyMc6 has 120 seconds left.\n|\n|t:|1700537734\n|move|p1a: Enamorus|Springtide Storm|p2a: Def. EVs? Item?\n|-supereffective|p2a: Def. EVs? Item?\n|-damage|p2a: Def. EVs? Item?|15\/100\n|-unboost|p2a: Def. EVs? Item?|atk|1\n|move|p2a: Def. EVs? Item?|Ice Spinner|p1a: Enamorus\n|-supereffective|p1a: Enamorus\n|-damage|p1a: Enamorus|17\/100\n|\n|-weather|none\n|-end|p2a: Def. EVs? Item?|Protosynthesis\n|upkeep\n|turn|11\n|inactive|Afromaster has 120 seconds left.\n|\n|t:|1700537749\n|-end|p2a: Def. EVs? Item?|Protosynthesis|[silent]\n|switch|p2a: Def Evs?|Dusknoir, M|100\/100\n|-item|p1a: Enamorus|Focus Sash|[from] ability: Frisk|[of] p2a: Def Evs?|[identify]\n|move|p1a: Enamorus|Earth Power|p2a: Def Evs?\n|-damage|p2a: Def Evs?|71\/100\n|\n|upkeep\n|turn|12\n|inactive|FartyMc6 has 120 seconds left.\n|inactive|Afromaster has 120 seconds left.\n|\n|t:|1700537763\n|switch|p1a: Torkoal|Torkoal, F|38\/100\n|-weather|SunnyDay|[from] ability: Drought|[of] p1a: Torkoal\n|move|p2a: Def Evs?|Trick Room|p2a: Def Evs?\n|-fieldstart|move: Trick Room|[of] p2a: Def Evs?\n|\n|-weather|SunnyDay|[upkeep]\n|upkeep\n|turn|13\n|inactive|FartyMc6 has 120 seconds left.\n|inactive|Afromaster has 120 seconds left.\n|\n|t:|1700537775\n|move|p2a: Def Evs?|Shadow Sneak|p1a: Torkoal\n|-damage|p1a: Torkoal|26\/100\n|move|p1a: Torkoal|Ancient Power|p2a: Def Evs?\n|-damage|p2a: Def Evs?|55\/100\n|\n|-weather|SunnyDay|[upkeep]\n|upkeep\n|turn|14\n|inactive|FartyMc6 has 120 seconds left.\n|inactive|Afromaster has 120 seconds left.\n|\n|t:|1700537787\n|move|p2a: Def Evs?|Shadow Sneak|p1a: Torkoal\n|-damage|p1a: Torkoal|16\/100\n|move|p1a: Torkoal|Lava Plume|p2a: Def Evs?\n|-damage|p2a: Def Evs?|9\/100\n|-status|p2a: Def Evs?|brn\n|\n|-weather|SunnyDay|[upkeep]\n|-damage|p2a: Def Evs?|3\/100 brn|[from] brn\n|upkeep\n|turn|15\n|inactive|FartyMc6 has 120 seconds left.\n|\n|t:|1700537803\n|switch|p1a: Great Tusk|Great Tusk|100\/100\n|-activate|p1a: Great Tusk|ability: Protosynthesis\n|-start|p1a: Great Tusk|protosynthesisatk\n|move|p2a: Def Evs?|Brick Break|p1a: Great Tusk\n|-damage|p1a: Great Tusk|95\/100\n|\n|-weather|SunnyDay|[upkeep]\n|-damage|p2a: Def Evs?|0 fnt|[from] brn\n|faint|p2a: Def Evs?\n|upkeep\n|inactive|Afromaster has 120 seconds left.\n|\n|t:|1700537815\n|switch|p2a: Quaq Anti-Chck!|Iron Moth|100\/100\n|-item|p2a: Quaq Anti-Chck!|Air Balloon\n|turn|16\n|inactive|FartyMc6 has 120 seconds left.\n|\n|t:|1700537829\n|move|p1a: Great Tusk|Iron Head|p2a: Quaq Anti-Chck!\n|-resisted|p2a: Quaq Anti-Chck!\n|-damage|p2a: Quaq Anti-Chck!|69\/100\n|-enditem|p2a: Quaq Anti-Chck!|Air Balloon\n|move|p2a: Quaq Anti-Chck!|Air Slash|p1a: Great Tusk\n|-supereffective|p1a: Great Tusk\n|-damage|p1a: Great Tusk|50\/100\n|\n|-weather|none\n|-end|p1a: Great Tusk|Protosynthesis\n|-fieldend|move: Trick Room\n|upkeep\n|turn|17\n|inactive|FartyMc6 has 120 seconds left.\n|\n|t:|1700537843\n|-end|p1a: Great Tusk|Protosynthesis|[silent]\n|switch|p1a: Torkoal|Torkoal, F|16\/100\n|-weather|SunnyDay|[from] ability: Drought|[of] p1a: Torkoal\n|move|p2a: Quaq Anti-Chck!|Psychic|p1a: Torkoal\n|-damage|p1a: Torkoal|0 fnt\n|faint|p1a: Torkoal\n|\n|-weather|SunnyDay|[upkeep]\n|upkeep\n|inactive|FartyMc6 has 120 seconds left.\n|\n|t:|1700537852\n|switch|p1a: Walking Wake|Walking Wake|31\/100\n|-activate|p1a: Walking Wake|ability: Protosynthesis\n|-start|p1a: Walking Wake|protosynthesisspa\n|turn|18\n|\n|t:|1700537872\n|-end|p2a: Quaq Anti-Chck!|Quark Drive|[silent]\n|switch|p2a: Def EVs? Mvs? Itm?|Oranguru, M|74\/100\n|move|p1a: Walking Wake|Hydro Steam|p2a: Def EVs? Mvs? Itm?\n|-damage|p2a: Def EVs? Mvs? Itm?|22\/100\n|\n|-weather|SunnyDay|[upkeep]\n|-heal|p1a: Walking Wake|38\/100|[from] item: Leftovers\n|-heal|p2a: Def EVs? Mvs? Itm?|28\/100|[from] item: Leftovers\n|upkeep\n|turn|19\n|\n|t:|1700537884\n|move|p1a: Walking Wake|Hydro Steam|p2a: Def EVs? Mvs? Itm?\n|-damage|p2a: Def EVs? Mvs? Itm?|0 fnt\n|faint|p2a: Def EVs? Mvs? Itm?\n|\n|-weather|SunnyDay|[upkeep]\n|-heal|p1a: Walking Wake|44\/100|[from] item: Leftovers\n|upkeep\n|\n|t:|1700537893\n|switch|p2a: Def. EVs? Item?|Great Tusk|15\/100\n|-activate|p2a: Def. EVs? Item?|ability: Protosynthesis\n|-start|p2a: Def. EVs? Item?|protosynthesisatk\n|turn|20\n|\n|t:|1700537902\n|move|p1a: Walking Wake|Aqua Jet|p2a: Def. EVs? Item?\n|-supereffective|p2a: Def. EVs? Item?\n|-damage|p2a: Def. EVs? Item?|8\/100\n|move|p2a: Def. EVs? Item?|Ice Spinner|p1a: Walking Wake\n|-damage|p1a: Walking Wake|2\/100\n|\n|-weather|SunnyDay|[upkeep]\n|-heal|p1a: Walking Wake|8\/100|[from] item: Leftovers\n|upkeep\n|turn|21\n|\n|t:|1700537917\n|move|p1a: Walking Wake|Hydro Steam|p2a: Def. EVs? Item?\n|-supereffective|p2a: Def. EVs? Item?\n|-damage|p2a: Def. EVs? Item?|0 fnt\n|faint|p2a: Def. EVs? Item?\n|-end|p2a: Def. EVs? Item?|Protosynthesis|[silent]\n|\n|-weather|none\n|-end|p1a: Walking Wake|Protosynthesis\n|-heal|p1a: Walking Wake|15\/100|[from] item: Leftovers\n|upkeep\n|\n|t:|1700537924\n|switch|p2a: Quaq Anti-Chck!|Iron Moth|69\/100\n|turn|22\n|\n|t:|1700537938\n|move|p1a: Walking Wake|Aqua Jet|p2a: Quaq Anti-Chck!\n|-supereffective|p2a: Quaq Anti-Chck!\n|-damage|p2a: Quaq Anti-Chck!|26\/100\n|move|p2a: Quaq Anti-Chck!|Psychic|p1a: Walking Wake\n|-damage|p1a: Walking Wake|0 fnt\n|faint|p1a: Walking Wake\n|-end|p1a: Walking Wake|Protosynthesis|[silent]\n|\n|upkeep\n|\n|t:|1700537941\n|switch|p1a: Great Tusk|Great Tusk|50\/100\n|turn|23\n|\n|t:|1700537947\n|move|p2a: Quaq Anti-Chck!|Psychic|p1a: Great Tusk\n|-supereffective|p1a: Great Tusk\n|-damage|p1a: Great Tusk|0 fnt\n|faint|p1a: Great Tusk\n|-end|p1a: Great Tusk|Protosynthesis|[silent]\n|\n|upkeep\n|\n|t:|1700537955\n|switch|p1a: Sinistcha|Sinistcha|100\/100\n|turn|24\n|\n|t:|1700537965\n|-terastallize|p2a: Quaq Anti-Chck!|Fire\n|-terastallize|p1a: Sinistcha|Poison\n|move|p2a: Quaq Anti-Chck!|Fiery Dance|p1a: Sinistcha\n|-damage|p1a: Sinistcha|68\/100\n|move|p1a: Sinistcha|Scald|p2a: Quaq Anti-Chck!\n|-supereffective|p2a: Quaq Anti-Chck!\n|-damage|p2a: Quaq Anti-Chck!|0 fnt\n|faint|p2a: Quaq Anti-Chck!\n|-end|p2a: Quaq Anti-Chck!|Quark Drive|[silent]\n|\n|win|FartyMc6\n|raw|FartyMc6's rating: 1151 &rarr; <strong>1179<\/strong><br \/>(+28 for winning)\n|raw|Afromaster's rating: 1198 &rarr; <strong>1170<\/strong><br \/>(-28 for losing)\n|c|\u2606FartyMc6|gg chancho\n|c|\u2606FartyMc6|seems like you put a lot of thought into that team\n|c|\u2606FartyMc6|sad bc i made this one in 3 min with no gen 9 knowledge\n|c|\u2606FartyMc6|get rekt chancho\n","uploadtime":1700538012,"views":22,"p1id":"fartymc6","p2id":"afromaster","formatid":"gen9ou","rating":1170,"private":0,"password":""}