{"id":"gen9ou-1995275760","p1":"mcgriddlesoe","p2":"Wolf 2013 Fan","format":"[Gen 9] OU","log":"|j|\u2606mcgriddlesoe\n|j|\u2606Wolf 2013 Fan\n|t:|1700545281\n|gametype|singles\n|player|p1|mcgriddlesoe|roughneck-gen4|1117\n|player|p2|Wolf 2013 Fan|blackbelt-gen4dp|1049\n|teamsize|p1|6\n|teamsize|p2|6\n|gen|9\n|tier|[Gen 9] OU\n|rated|\n|rule|Sleep Clause Mod: Limit one foe put to sleep\n|rule|Species Clause: Limit one of each Pok\u00e9mon\n|rule|OHKO Clause: OHKO moves are banned\n|rule|Evasion Items Clause: Evasion items are banned\n|rule|Evasion Moves Clause: Evasion moves are banned\n|rule|Endless Battle Clause: Forcing endless battles is banned\n|rule|HP Percentage Mod: HP is shown in percentages\n|clearpoke\n|poke|p1|Lokix, M|\n|poke|p1|Ogerpon-Wellspring, F|\n|poke|p1|Corviknight, F|\n|poke|p1|Zoroark-Hisui, F|\n|poke|p1|Great Tusk|\n|poke|p1|Ceruledge, M|\n|poke|p2|Lurantis, F|\n|poke|p2|Dragonite, M|\n|poke|p2|Dachsbun, F|\n|poke|p2|Zapdos|\n|poke|p2|Dondozo, F|\n|poke|p2|Cinderace, F|\n|teampreview\n|inactive|Battle timer is ON: inactive players will automatically lose when time's up. (requested by Wolf 2013 Fan)\n|c|\u2606mcgriddlesoe|glhf\n|\n|t:|1700545295\n|start\n|switch|p1a: Deadass|Ceruledge, M|100\/100\n|switch|p2a: POWER|Cinderace, F|100\/100\n|turn|1\n|\n|t:|1700545325\n|move|p2a: POWER|U-turn|p1a: Deadass\n|-start|p2a: POWER|typechange|Bug|[from] ability: Libero\n|-resisted|p1a: Deadass\n|-damage|p1a: Deadass|69\/100\n|replace|p1a: Gottem|Zoroark-Hisui, F\n|-end|p1a: Gottem|Illusion\n|\n|t:|1700545340\n|switch|p2a: King Kunta|Dachsbun, F|100\/100|[from] U-turn\n|move|p1a: Gottem|Shadow Ball|p2a: King Kunta\n|-damage|p2a: King Kunta|50\/100\n|\n|-heal|p2a: King Kunta|56\/100|[from] item: Leftovers\n|upkeep\n|turn|2\n|\n|t:|1700545355\n|move|p1a: Gottem|Shadow Ball|p2a: King Kunta\n|-damage|p2a: King Kunta|8\/100\n|move|p2a: King Kunta|Wish|p2a: King Kunta\n|\n|-heal|p2a: King Kunta|14\/100|[from] item: Leftovers\n|upkeep\n|turn|3\n|inactive|mcgriddlesoe has 120 seconds left.\n|\n|t:|1700545375\n|switch|p1a: Deadass|Ceruledge, M|100\/100\n|move|p2a: King Kunta|Protect||[still]\n|-fail|p2a: King Kunta\n|\n|-heal|p2a: King Kunta|64\/100|[from] move: Wish|[wisher] King Kunta\n|-heal|p2a: King Kunta|70\/100|[from] item: Leftovers\n|upkeep\n|turn|4\n|\n|t:|1700545386\n|move|p1a: Deadass|Poltergeist|p2a: King Kunta\n|-activate|p2a: King Kunta|move: Poltergeist|Leftovers\n|-damage|p2a: King Kunta|29\/100\n|move|p2a: King Kunta|Play Rough|p1a: Deadass\n|-resisted|p1a: Deadass\n|-crit|p1a: Deadass\n|-damage|p1a: Deadass|74\/100\n|-unboost|p1a: Deadass|atk|1\n|-ability|p1a: Deadass|Weak Armor|boost\n|-unboost|p1a: Deadass|def|1\n|-boost|p1a: Deadass|spe|2\n|\n|-heal|p2a: King Kunta|35\/100|[from] item: Leftovers\n|upkeep\n|turn|5\n|\n|t:|1700545398\n|move|p1a: Deadass|Poltergeist|p2a: King Kunta\n|-activate|p2a: King Kunta|move: Poltergeist|Leftovers\n|-damage|p2a: King Kunta|6\/100\n|move|p2a: King Kunta|Wish|p2a: King Kunta\n|\n|-heal|p2a: King Kunta|12\/100|[from] item: Leftovers\n|upkeep\n|turn|6\n|\n|t:|1700545405\n|move|p2a: King Kunta|Protect|p2a: King Kunta\n|-singleturn|p2a: King Kunta|Protect\n|move|p1a: Deadass|Swords Dance|p1a: Deadass\n|-boost|p1a: Deadass|atk|2\n|\n|-heal|p2a: King Kunta|62\/100|[from] move: Wish|[wisher] King Kunta\n|-heal|p2a: King Kunta|68\/100|[from] item: Leftovers\n|upkeep\n|turn|7\n|\n|t:|1700545416\n|move|p1a: Deadass|Poltergeist|p2a: King Kunta\n|-activate|p2a: King Kunta|move: Poltergeist|Leftovers\n|-damage|p2a: King Kunta|3\/100\n|move|p2a: King Kunta|Wish|p2a: King Kunta\n|\n|-heal|p2a: King Kunta|9\/100|[from] item: Leftovers\n|upkeep\n|turn|8\n|\n|t:|1700545429\n|move|p1a: Deadass|Poltergeist|p2a: King Kunta\n|-activate|p2a: King Kunta|move: Poltergeist|Leftovers\n|-damage|p2a: King Kunta|0 fnt\n|faint|p2a: King Kunta\n|\n|upkeep\n|\n|t:|1700545442\n|switch|p2a: Monster|Dondozo, F|100\/100\n|turn|9\n|\n|t:|1700545453\n|switch|p1a: Oger|Ogerpon-Wellspring, F|100\/100\n|move|p2a: Monster|Liquidation|p1a: Oger\n|-immune|p1a: Oger|[from] ability: Water Absorb\n|\n|upkeep\n|turn|10\n|\n|t:|1700545463\n|switch|p2a: Montage|Dragonite, M|100\/100\n|move|p1a: Oger|U-turn|p2a: Montage\n|-resisted|p2a: Montage\n|-damage|p2a: Montage|93\/100\n|inactive|mcgriddlesoe has 120 seconds left.\n|\n|t:|1700545500\n|switch|p1a: Oger|Ogerpon-Wellspring, F|69\/100|[from] U-turn\n|\n|upkeep\n|turn|11\n|inactive|Wolf 2013 Fan has 120 seconds left.\n|\n|t:|1700545533\n|switch|p2a: Monster|Dondozo, F|100\/100\n|move|p1a: Oger|Shadow Ball|p2a: Monster\n|-damage|p2a: Monster|64\/100\n|\n|upkeep\n|turn|12\n|inactive|mcgriddlesoe has 120 seconds left.\n|\n|t:|1700545560\n|move|p1a: Oger|Grass Knot|p2a: Monster\n|-supereffective|p2a: Monster\n|-damage|p2a: Monster|0 fnt\n|faint|p2a: Monster\n|\n|upkeep\n|\n|t:|1700545573\n|switch|p2a: Every Hour|Zapdos, shiny|100\/100\n|turn|13\n|\n|t:|1700545576\n|move|p1a: Oger|Shadow Ball|p2a: Every Hour\n|-damage|p2a: Every Hour|61\/100\n|move|p2a: Every Hour|Volt Switch|p1a: Oger\n|-damage|p1a: Oger|7\/100\n|replace|p1a: Gottem|Zoroark-Hisui, F\n|-end|p1a: Gottem|Illusion\n|inactive|Wolf 2013 Fan has 120 seconds left.\n|\n|t:|1700545597\n|switch|p2a: Reborn|Lurantis, F, shiny|100\/100|[from] Volt Switch\n|\n|upkeep\n|turn|14\n|\n|t:|1700545605\n|move|p1a: Gottem|U-turn|p2a: Reborn\n|-supereffective|p2a: Reborn\n|-damage|p2a: Reborn|69\/100\n|\n|t:|1700545607\n|switch|p1a: Deadass|Ceruledge, M|74\/100|[from] U-turn\n|move|p2a: Reborn|Leaf Storm|p1a: Deadass\n|-resisted|p1a: Deadass\n|-damage|p1a: Deadass|51\/100\n|-boost|p2a: Reborn|spa|2\n|\n|upkeep\n|turn|15\n|\n|t:|1700545615\n|move|p1a: Deadass|Bitter Blade|p2a: Reborn\n|-supereffective|p2a: Reborn\n|-damage|p2a: Reborn|0 fnt\n|-heal|p1a: Deadass|91\/100|[from] drain|[of] p2a: Reborn\n|faint|p2a: Reborn\n|\n|upkeep\n|\n|t:|1700545634\n|switch|p2a: Montage|Dragonite, M|93\/100\n|turn|16\n|\n|t:|1700545642\n|move|p1a: Deadass|Bitter Blade|p2a: Montage\n|-resisted|p2a: Montage\n|-damage|p2a: Montage|63\/100\n|-heal|p1a: Deadass|100\/100|[from] drain|[of] p2a: Montage\n|move|p2a: Montage|Fire Punch|p1a: Deadass\n|-resisted|p1a: Deadass\n|-damage|p1a: Deadass|81\/100\n|-ability|p1a: Deadass|Weak Armor|boost\n|-unboost|p1a: Deadass|def|1\n|-boost|p1a: Deadass|spe|2\n|\n|upkeep\n|turn|17\n|\n|t:|1700545654\n|move|p1a: Deadass|Poltergeist|p2a: Montage\n|-activate|p2a: Montage|move: Poltergeist|Heavy-Duty Boots\n|-crit|p2a: Montage\n|-damage|p2a: Montage|0 fnt\n|faint|p2a: Montage\n|\n|upkeep\n|\n|t:|1700545676\n|switch|p2a: POWER|Cinderace, F|100\/100\n|turn|18\n|\n|t:|1700545689\n|switch|p1a: Medium Tusk|Great Tusk|100\/100\n|-enditem|p1a: Medium Tusk|Booster Energy\n|-activate|p1a: Medium Tusk|ability: Protosynthesis|[fromitem]\n|-start|p1a: Medium Tusk|protosynthesisatk\n|move|p2a: POWER|Sucker Punch||[still]\n|-fail|p2a: POWER\n|\n|upkeep\n|turn|19\n|\n|t:|1700545699\n|switch|p2a: Every Hour|Zapdos, shiny|61\/100\n|move|p1a: Medium Tusk|Rapid Spin|p2a: Every Hour\n|-damage|p2a: Every Hour|41\/100\n|-boost|p1a: Medium Tusk|spe|1\n|\n|upkeep\n|turn|20\n|\n|t:|1700545704\n|move|p1a: Medium Tusk|Ice Spinner|p2a: Every Hour\n|-supereffective|p2a: Every Hour\n|-damage|p2a: Every Hour|0 fnt\n|-status|p1a: Medium Tusk|par|[from] ability: Static|[of] p2a: Every Hour\n|faint|p2a: Every Hour\n|\n|upkeep\n|\n|t:|1700545706\n|switch|p2a: POWER|Cinderace, F|100\/100\n|turn|21\n|c|\u2606mcgriddlesoe|g\n|c|\u2606mcgriddlesoe|gg\n|\n|t:|1700545722\n|-terastallize|p2a: POWER|Fire\n|move|p2a: POWER|Pyro Ball|p1a: Medium Tusk\n|-damage|p1a: Medium Tusk|48\/100 par\n|move|p1a: Medium Tusk|Headlong Rush|p2a: POWER\n|-supereffective|p2a: POWER\n|-damage|p2a: POWER|0 fnt\n|-unboost|p1a: Medium Tusk|def|1\n|-unboost|p1a: Medium Tusk|spd|1\n|faint|p2a: POWER\n|\n|win|mcgriddlesoe\n|raw|mcgriddlesoe's rating: 1117 &rarr; <strong>1137<\/strong><br \/>(+20 for winning)\n|raw|Wolf 2013 Fan's rating: 1049 &rarr; <strong>1035<\/strong><br \/>(-14 for losing)\n|l|\u2606Wolf 2013 Fan\n","uploadtime":1700545796,"views":4,"p1id":"mcgriddlesoe","p2id":"wolf2013fan","formatid":"gen9ou","rating":1035,"private":0,"password":""}