{"id":"gen9ou-1993841307","p1":"Usopp D Gawd","p2":"TrueSkyKing","format":"[Gen 9] OU","log":"|j|\u2606Usopp D Gawd\n|j|\u2606TrueSkyKing\n|t:|1700363954\n|gametype|singles\n|player|p1|Usopp D Gawd|blue|\n|player|p2|TrueSkyKing|red|\n|teamsize|p1|6\n|teamsize|p2|6\n|gen|9\n|tier|[Gen 9] OU\n|rule|Sleep Clause Mod: Limit one foe put to sleep\n|rule|Species Clause: Limit one of each Pok\u00e9mon\n|rule|OHKO Clause: OHKO moves are banned\n|rule|Evasion Items Clause: Evasion items are banned\n|rule|Evasion Moves Clause: Evasion moves are banned\n|rule|Endless Battle Clause: Forcing endless battles is banned\n|rule|HP Percentage Mod: HP is shown in percentages\n|clearpoke\n|poke|p1|Goodra, M|\n|poke|p1|Meowscarada, F|\n|poke|p1|Ribombee, M|\n|poke|p1|Gholdengo|\n|poke|p1|Great Tusk|\n|poke|p1|Ceruledge, M|\n|poke|p2|Dondozo, M|\n|poke|p2|Iron Hands|\n|poke|p2|Hatterene, F|\n|poke|p2|Corviknight, M|\n|poke|p2|Armarouge, M|\n|poke|p2|Sinistcha-Masterpiece|\n|teampreview\n|inactive|Battle timer is ON: inactive players will automatically lose when time's up. (requested by TrueSkyKing)\n|\n|t:|1700363976\n|start\n|switch|p1a: Playboi Carti|Goodra, M|100\/100\n|switch|p2a: Lord Phobos|Armarouge, M|100\/100\n|turn|1\n|\n|t:|1700363984\n|move|p1a: Playboi Carti|Scald|p2a: Lord Phobos\n|-supereffective|p2a: Lord Phobos\n|-damage|p2a: Lord Phobos|42\/100\n|move|p2a: Lord Phobos|Trick Room|p2a: Lord Phobos\n|-fieldstart|move: Trick Room|[of] p2a: Lord Phobos\n|\n|-heal|p2a: Lord Phobos|48\/100|[from] item: Leftovers\n|upkeep\n|turn|2\n|\n|t:|1700364000\n|switch|p2a: MF DOOM|Sinistcha-Masterpiece|100\/100\n|move|p1a: Playboi Carti|Scald|p2a: MF DOOM\n|-resisted|p2a: MF DOOM\n|-damage|p2a: MF DOOM|87\/100\n|-status|p2a: MF DOOM|brn\n|\n|-heal|p2a: MF DOOM|93\/100 brn|[from] item: Leftovers\n|-damage|p2a: MF DOOM|90\/100 brn|[from] brn\n|upkeep\n|turn|3\n|\n|t:|1700364021\n|-terastallize|p1a: Playboi Carti|Steel\n|move|p2a: MF DOOM|Scald|p1a: Playboi Carti\n|-damage|p1a: Playboi Carti|86\/100\n|move|p1a: Playboi Carti|Sludge Bomb|p2a: MF DOOM\n|-damage|p2a: MF DOOM|58\/100 brn\n|\n|-heal|p2a: MF DOOM|64\/100 brn|[from] item: Leftovers\n|-damage|p2a: MF DOOM|61\/100 brn|[from] brn\n|upkeep\n|turn|4\n|\n|t:|1700364035\n|move|p2a: MF DOOM|Scald|p1a: Playboi Carti\n|-damage|p1a: Playboi Carti|73\/100\n|-status|p1a: Playboi Carti|brn\n|move|p1a: Playboi Carti|Knock Off|p2a: MF DOOM\n|-supereffective|p2a: MF DOOM\n|-damage|p2a: MF DOOM|42\/100 brn\n|-enditem|p2a: MF DOOM|Leftovers|[from] move: Knock Off|[of] p1a: Playboi Carti\n|\n|-damage|p2a: MF DOOM|39\/100 brn|[from] brn\n|-damage|p1a: Playboi Carti|67\/100 brn|[from] brn\n|upkeep\n|turn|5\n|\n|t:|1700364047\n|move|p2a: MF DOOM|Strength Sap|p1a: Playboi Carti\n|-ability|p1a: Playboi Carti|Sap Sipper|boost\n|-boost|p1a: Playboi Carti|atk|1\n|move|p1a: Playboi Carti|Sludge Bomb|p2a: MF DOOM\n|-damage|p2a: MF DOOM|9\/100 brn\n|\n|-damage|p2a: MF DOOM|6\/100 brn|[from] brn\n|-damage|p1a: Playboi Carti|61\/100 brn|[from] brn\n|-fieldend|move: Trick Room\n|upkeep\n|turn|6\n|inactive|TrueSkyKing has 270 seconds left.\n|\n|t:|1700364079\n|switch|p2a: Corviknight|Corviknight, M|100\/100\n|-ability|p2a: Corviknight|Unnerve\n|move|p1a: Playboi Carti|Knock Off|p2a: Corviknight\n|-damage|p2a: Corviknight|91\/100\n|-damage|p1a: Playboi Carti|44\/100 brn|[from] item: Rocky Helmet|[of] p2a: Corviknight\n|-enditem|p2a: Corviknight|Rocky Helmet|[from] move: Knock Off|[of] p1a: Playboi Carti\n|\n|-damage|p1a: Playboi Carti|38\/100 brn|[from] brn\n|upkeep\n|turn|7\n|inactive|TrueSkyKing has 270 seconds left.\n|\n|t:|1700364092\n|switch|p2a: Big Empty|Dondozo, M|100\/100\n|move|p1a: Playboi Carti|Scald|p2a: Big Empty\n|-resisted|p2a: Big Empty\n|-damage|p2a: Big Empty|89\/100\n|\n|-heal|p2a: Big Empty|96\/100|[from] item: Leftovers\n|-damage|p1a: Playboi Carti|32\/100 brn|[from] brn\n|upkeep\n|turn|8\n|\n|t:|1700364102\n|move|p2a: Big Empty|Protect|p2a: Big Empty\n|-singleturn|p2a: Big Empty|Protect\n|move|p1a: Playboi Carti|Knock Off|p2a: Big Empty\n|-activate|p2a: Big Empty|move: Protect\n|\n|-heal|p2a: Big Empty|100\/100|[from] item: Leftovers\n|-damage|p1a: Playboi Carti|26\/100 brn|[from] brn\n|upkeep\n|turn|9\n|inactive|TrueSkyKing has 270 seconds left.\n|\n|t:|1700364131\n|move|p1a: Playboi Carti|Knock Off|p2a: Big Empty\n|-damage|p2a: Big Empty|96\/100\n|-enditem|p2a: Big Empty|Leftovers|[from] move: Knock Off|[of] p1a: Playboi Carti\n|move|p2a: Big Empty|Wave Crash|p1a: Playboi Carti\n|-damage|p1a: Playboi Carti|0 fnt\n|faint|p1a: Playboi Carti\n|-damage|p2a: Big Empty|90\/100|[from] Recoil\n|\n|upkeep\n|\n|t:|1700364142\n|switch|p1a: Omar Apollo|Ribombee, M|100\/100\n|turn|10\n|\n|t:|1700364148\n|switch|p2a: Lord Phobos|Armarouge, M|48\/100\n|move|p1a: Omar Apollo|Psychic|p2a: Lord Phobos\n|-resisted|p2a: Lord Phobos\n|-damage|p2a: Lord Phobos|34\/100\n|\n|-heal|p2a: Lord Phobos|40\/100|[from] item: Leftovers\n|upkeep\n|turn|11\n|\n|t:|1700364159\n|move|p1a: Omar Apollo|Stun Spore|p2a: Lord Phobos\n|-status|p2a: Lord Phobos|par\n|move|p2a: Lord Phobos|Trick Room|p2a: Lord Phobos\n|-fieldstart|move: Trick Room|[of] p2a: Lord Phobos\n|\n|-heal|p2a: Lord Phobos|46\/100 par|[from] item: Leftovers\n|upkeep\n|turn|12\n|\n|t:|1700364178\n|switch|p1a: Orion Sun|Ceruledge, M|100\/100\n|move|p2a: Lord Phobos|Armor Cannon|p1a: Orion Sun\n|-start|p1a: Orion Sun|ability: Flash Fire\n|\n|-heal|p2a: Lord Phobos|52\/100 par|[from] item: Leftovers\n|upkeep\n|turn|13\n|\n|t:|1700364190\n|move|p2a: Lord Phobos|Destiny Bond|p2a: Lord Phobos\n|-singlemove|p2a: Lord Phobos|Destiny Bond\n|move|p1a: Orion Sun|Bulk Up|p1a: Orion Sun\n|-boost|p1a: Orion Sun|atk|1\n|-boost|p1a: Orion Sun|def|1\n|\n|-heal|p2a: Lord Phobos|58\/100 par|[from] item: Leftovers\n|upkeep\n|turn|14\n|\n|t:|1700364202\n|cant|p2a: Lord Phobos|par\n|move|p1a: Orion Sun|Bulk Up|p1a: Orion Sun\n|-boost|p1a: Orion Sun|atk|1\n|-boost|p1a: Orion Sun|def|1\n|\n|-heal|p2a: Lord Phobos|64\/100 par|[from] item: Leftovers\n|upkeep\n|turn|15\n|\n|t:|1700364212\n|move|p1a: Orion Sun|Shadow Sneak|p2a: Lord Phobos\n|-supereffective|p2a: Lord Phobos\n|-damage|p2a: Lord Phobos|8\/100 par\n|move|p2a: Lord Phobos|Destiny Bond|p2a: Lord Phobos\n|-singlemove|p2a: Lord Phobos|Destiny Bond\n|\n|-heal|p2a: Lord Phobos|14\/100 par|[from] item: Leftovers\n|-fieldend|move: Trick Room\n|upkeep\n|turn|16\n|\n|t:|1700364222\n|move|p1a: Orion Sun|Bulk Up|p1a: Orion Sun\n|-boost|p1a: Orion Sun|atk|1\n|-boost|p1a: Orion Sun|def|1\n|move|p2a: Lord Phobos|Trick Room|p2a: Lord Phobos\n|-fieldstart|move: Trick Room|[of] p2a: Lord Phobos\n|\n|-heal|p2a: Lord Phobos|20\/100 par|[from] item: Leftovers\n|upkeep\n|turn|17\n|\n|t:|1700364230\n|move|p1a: Orion Sun|Shadow Sneak|p2a: Lord Phobos\n|-supereffective|p2a: Lord Phobos\n|-crit|p2a: Lord Phobos\n|-damage|p2a: Lord Phobos|0 fnt\n|faint|p2a: Lord Phobos\n|\n|upkeep\n|\n|t:|1700364235\n|switch|p2a: Big Empty|Dondozo, M|90\/100\n|turn|18\n|\n|t:|1700364244\n|-end|p1a: Orion Sun|ability: Flash Fire|[silent]\n|switch|p1a: Omar Apollo|Ribombee, M|100\/100\n|move|p2a: Big Empty|Yawn|p1a: Omar Apollo\n|-start|p1a: Omar Apollo|move: Yawn|[of] p2a: Big Empty\n|\n|upkeep\n|turn|19\n|\n|t:|1700364255\n|switch|p1a: Oddwin|Meowscarada, F|100\/100\n|move|p2a: Big Empty|Wave Crash|p1a: Oddwin\n|-resisted|p1a: Oddwin\n|-damage|p1a: Oddwin|70\/100\n|-damage|p2a: Big Empty|84\/100|[from] Recoil\n|\n|upkeep\n|turn|20\n|\n|t:|1700364265\n|-terastallize|p2a: Big Empty|Fire\n|move|p1a: Oddwin|U-turn|p2a: Big Empty\n|-start|p1a: Oddwin|typechange|Bug|[from] ability: Protean\n|-resisted|p2a: Big Empty\n|-damage|p2a: Big Empty|77\/100\n|\n|t:|1700364278\n|switch|p1a: Omar Apollo|Ribombee, M|100\/100|[from] U-turn\n|move|p2a: Big Empty|Avalanche|p1a: Omar Apollo\n|-damage|p1a: Omar Apollo|74\/100\n|\n|-fieldend|move: Trick Room\n|upkeep\n|turn|21\n|\n|t:|1700364290\n|switch|p2a: The Bit|Hatterene, F|100\/100\n|move|p1a: Omar Apollo|Stun Spore|p2a: The Bit\n|move|p2a: The Bit|Stun Spore|p1a: Omar Apollo|[from]ability: Magic Bounce\n|-status|p1a: Omar Apollo|par\n|\n|upkeep\n|turn|22\n|\n|t:|1700364311\n|switch|p1a: Oddwin|Meowscarada, F|70\/100\n|move|p2a: The Bit|Calm Mind|p2a: The Bit\n|-boost|p2a: The Bit|spa|1\n|-boost|p2a: The Bit|spd|1\n|\n|upkeep\n|turn|23\n|\n|t:|1700364318\n|move|p1a: Oddwin|U-turn|p2a: The Bit\n|-start|p1a: Oddwin|typechange|Bug|[from] ability: Protean\n|-damage|p2a: The Bit|64\/100\n|\n|t:|1700364328\n|switch|p1a: Devon Hendryx|Gholdengo|100\/100|[from] U-turn\n|move|p2a: The Bit|Draining Kiss|p1a: Devon Hendryx\n|-resisted|p1a: Devon Hendryx\n|-damage|p1a: Devon Hendryx|75\/100\n|-heal|p2a: The Bit|84\/100|[from] drain|[of] p1a: Devon Hendryx\n|\n|-heal|p2a: The Bit|89\/100|[from] item: Leftovers\n|upkeep\n|turn|24\n|\n|t:|1700364349\n|switch|p2a: Short Circuit|Iron Hands|100\/100\n|move|p1a: Devon Hendryx|Nasty Plot|p1a: Devon Hendryx\n|-boost|p1a: Devon Hendryx|spa|2\n|\n|upkeep\n|turn|25\n|\n|t:|1700364356\n|move|p1a: Devon Hendryx|Shadow Ball|p2a: Short Circuit\n|-damage|p2a: Short Circuit|55\/100\n|move|p2a: Short Circuit|Earthquake|p1a: Devon Hendryx\n|-supereffective|p1a: Devon Hendryx\n|-damage|p1a: Devon Hendryx|0 fnt\n|faint|p1a: Devon Hendryx\n|\n|upkeep\n|\n|t:|1700364366\n|switch|p1a: ScrewStache|Great Tusk|100\/100\n|turn|26\n|\n|t:|1700364370\n|-end|p2a: Short Circuit|Quark Drive|[silent]\n|switch|p2a: Corviknight|Corviknight, M|91\/100\n|-ability|p2a: Corviknight|Unnerve\n|move|p1a: ScrewStache|Rapid Spin|p2a: Corviknight\n|-resisted|p2a: Corviknight\n|-damage|p2a: Corviknight|86\/100\n|-boost|p1a: ScrewStache|spe|1\n|\n|upkeep\n|turn|27\n|\n|t:|1700364383\n|move|p1a: ScrewStache|Knock Off|p2a: Corviknight\n|-damage|p2a: Corviknight|72\/100\n|move|p2a: Corviknight|Hone Claws|p2a: Corviknight\n|-boost|p2a: Corviknight|atk|1\n|-boost|p2a: Corviknight|accuracy|1\n|\n|upkeep\n|turn|28\n|\n|t:|1700364391\n|move|p1a: ScrewStache|Close Combat|p2a: Corviknight\n|-damage|p2a: Corviknight|35\/100\n|-unboost|p1a: ScrewStache|def|1\n|-unboost|p1a: ScrewStache|spd|1\n|move|p2a: Corviknight|Brave Bird|p1a: ScrewStache\n|-supereffective|p1a: ScrewStache\n|-damage|p1a: ScrewStache|0 fnt\n|faint|p1a: ScrewStache\n|-end|p1a: ScrewStache|Protosynthesis|[silent]\n|-damage|p2a: Corviknight|4\/100|[from] Recoil\n|\n|upkeep\n|\n|t:|1700364401\n|switch|p1a: Orion Sun|Ceruledge, M|100\/100\n|turn|29\n|\n|t:|1700364410\n|move|p1a: Orion Sun|Bulk Up|p1a: Orion Sun\n|-boost|p1a: Orion Sun|atk|1\n|-boost|p1a: Orion Sun|def|1\n|move|p2a: Corviknight|Brave Bird|p1a: Orion Sun\n|-damage|p1a: Orion Sun|61\/100\n|-damage|p2a: Corviknight|0 fnt|[from] Recoil\n|faint|p2a: Corviknight\n|\n|upkeep\n|\n|t:|1700364415\n|switch|p2a: Big Empty|Dondozo, M, tera:Fire|77\/100\n|turn|30\n|\n|t:|1700364424\n|move|p1a: Orion Sun|Taunt|p2a: Big Empty\n|-start|p2a: Big Empty|move: Taunt\n|cant|p2a: Big Empty|move: Taunt|Yawn\n|\n|upkeep\n|turn|31\n|\n|t:|1700364436\n|move|p1a: Orion Sun|Bitter Blade|p2a: Big Empty\n|-resisted|p2a: Big Empty\n|-damage|p2a: Big Empty|68\/100\n|-heal|p1a: Orion Sun|67\/100|[from] drain|[of] p2a: Big Empty\n|move|p2a: Big Empty|Wave Crash|p1a: Orion Sun\n|-supereffective|p1a: Orion Sun\n|-damage|p1a: Orion Sun|0 fnt\n|faint|p1a: Orion Sun\n|-damage|p2a: Big Empty|53\/100|[from] Recoil\n|\n|upkeep\n|\n|t:|1700364447\n|switch|p1a: Omar Apollo|Ribombee, M|74\/100 par\n|turn|32\n|\n|t:|1700364451\n|switch|p2a: The Bit|Hatterene, F|89\/100\n|move|p1a: Omar Apollo|Psychic|p2a: The Bit\n|-resisted|p2a: The Bit\n|-damage|p2a: The Bit|75\/100\n|\n|-heal|p2a: The Bit|81\/100|[from] item: Leftovers\n|upkeep\n|turn|33\n|\n|t:|1700364458\n|move|p1a: Omar Apollo|Moonblast|p2a: The Bit\n|-damage|p2a: The Bit|40\/100\n|move|p2a: The Bit|Mystical Fire|p1a: Omar Apollo\n|-supereffective|p1a: Omar Apollo\n|-damage|p1a: Omar Apollo|0 fnt\n|faint|p1a: Omar Apollo\n|\n|-heal|p2a: The Bit|46\/100|[from] item: Leftovers\n|upkeep\n|\n|t:|1700364468\n|switch|p1a: Oddwin|Meowscarada, F|70\/100\n|turn|34\n|\n|t:|1700364473\n|move|p2a: The Bit|Protect|p2a: The Bit\n|-singleturn|p2a: The Bit|Protect\n|move|p1a: Oddwin|U-turn|p2a: The Bit\n|-start|p1a: Oddwin|typechange|Bug|[from] ability: Protean\n|-activate|p2a: The Bit|move: Protect\n|\n|-heal|p2a: The Bit|52\/100|[from] item: Leftovers\n|upkeep\n|turn|35\n|\n|t:|1700364483\n|move|p1a: Oddwin|U-turn|p2a: The Bit\n|-damage|p2a: The Bit|17\/100\n|move|p2a: The Bit|Draining Kiss|p1a: Oddwin\n|-damage|p1a: Oddwin|25\/100\n|-heal|p2a: The Bit|47\/100|[from] drain|[of] p1a: Oddwin\n|\n|-heal|p2a: The Bit|53\/100|[from] item: Leftovers\n|upkeep\n|turn|36\n|\n|t:|1700364492\n|move|p1a: Oddwin|U-turn|p2a: The Bit\n|-damage|p2a: The Bit|17\/100\n|move|p2a: The Bit|Mystical Fire|p1a: Oddwin\n|-supereffective|p1a: Oddwin\n|-damage|p1a: Oddwin|0 fnt\n|faint|p1a: Oddwin\n|\n|win|TrueSkyKing\n|l|\u2606Usopp D Gawd\n","uploadtime":1700364497,"views":10,"p1id":"usoppdgawd","p2id":"trueskyking","formatid":"gen9ou","rating":0,"private":0,"password":""}