{"id":"gen9ou-1988566612","p1":"taupiquer","p2":"OlhaAPedra4","format":"[Gen 9] OU","log":"|j|\u2606taupiquer\n|j|\u2606OlhaAPedra4\n|t:|1699736862\n|gametype|singles\n|player|p1|taupiquer|169|1300\n|player|p2|OlhaAPedra4|youngster-gen4dp|1201\n|teamsize|p1|6\n|teamsize|p2|6\n|gen|9\n|tier|[Gen 9] OU\n|rated|\n|rule|Sleep Clause Mod: Limit one foe put to sleep\n|rule|Species Clause: Limit one of each Pok\u00e9mon\n|rule|OHKO Clause: OHKO moves are banned\n|rule|Evasion Items Clause: Evasion items are banned\n|rule|Evasion Moves Clause: Evasion moves are banned\n|rule|Endless Battle Clause: Forcing endless battles is banned\n|rule|HP Percentage Mod: HP is shown in percentages\n|clearpoke\n|poke|p1|Enamorus, F|\n|poke|p1|Dragapult, M|\n|poke|p1|Iron Valiant|\n|poke|p1|Gholdengo|\n|poke|p1|Iron Treads|\n|poke|p1|Dragonite, M|\n|poke|p2|Slowking, M|\n|poke|p2|Kingambit, M|\n|poke|p2|Hatterene, F|\n|poke|p2|Iron Hands|\n|poke|p2|Ursaluna, F|\n|poke|p2|Braviary-Hisui, M|\n|teampreview\n|inactive|Battle timer is ON: inactive players will automatically lose when time's up. (requested by OlhaAPedra4)\n|\n|t:|1699736867\n|start\n|switch|p1a: Iron Treads|Iron Treads|100\/100\n|switch|p2a: Hatterene|Hatterene, F|100\/100\n|-enditem|p1a: Iron Treads|Booster Energy\n|-activate|p1a: Iron Treads|ability: Quark Drive|[fromitem]\n|-start|p1a: Iron Treads|quarkdrivespe\n|turn|1\n|\n|t:|1699736881\n|move|p1a: Iron Treads|Knock Off|p2a: Hatterene\n|-damage|p2a: Hatterene|75\/100\n|-enditem|p2a: Hatterene|Focus Sash|[from] move: Knock Off|[of] p1a: Iron Treads\n|move|p2a: Hatterene|Trick Room|p2a: Hatterene\n|-fieldstart|move: Trick Room|[of] p2a: Hatterene\n|\n|upkeep\n|turn|2\n|\n|t:|1699736888\n|move|p2a: Hatterene|Healing Wish|p2a: Hatterene\n|faint|p2a: Hatterene\n|move|p1a: Iron Treads|Earthquake|p2: Hatterene|[notarget]\n|-fail|p1a: Iron Treads\n|\n|upkeep\n|\n|t:|1699736893\n|switch|p2a: Ursaluna|Ursaluna, F, shiny|100\/100\n|turn|3\n|\n|t:|1699736901\n|move|p2a: Ursaluna|Earthquake|p1a: Iron Treads\n|-supereffective|p1a: Iron Treads\n|-damage|p1a: Iron Treads|16\/100\n|move|p1a: Iron Treads|Stealth Rock|p2a: Ursaluna\n|-sidestart|p2: OlhaAPedra4|move: Stealth Rock\n|\n|-status|p2a: Ursaluna|brn|[from] item: Flame Orb\n|upkeep\n|turn|4\n|\n|t:|1699736911\n|move|p2a: Ursaluna|Fire Punch|p1a: Iron Treads\n|-supereffective|p1a: Iron Treads\n|-damage|p1a: Iron Treads|0 fnt\n|faint|p1a: Iron Treads\n|-end|p1a: Iron Treads|Quark Drive|[silent]\n|\n|-damage|p2a: Ursaluna|94\/100 brn|[from] brn\n|upkeep\n|\n|t:|1699736918\n|switch|p1a: Dragonite|Dragonite, M|100\/100\n|turn|5\n|\n|t:|1699736922\n|move|p2a: Ursaluna|Facade|p1a: Dragonite\n|-damage|p1a: Dragonite|33\/100\n|move|p1a: Dragonite|Dragon Dance|p1a: Dragonite\n|-boost|p1a: Dragonite|atk|1\n|-boost|p1a: Dragonite|spe|1\n|\n|-damage|p2a: Ursaluna|88\/100 brn|[from] brn\n|-fieldend|move: Trick Room\n|upkeep\n|turn|6\n|\n|t:|1699736931\n|move|p1a: Dragonite|Ice Spinner|p2a: Ursaluna\n|-supereffective|p2a: Ursaluna\n|-damage|p2a: Ursaluna|21\/100 brn\n|move|p2a: Ursaluna|Facade|p1a: Dragonite\n|-damage|p1a: Dragonite|0 fnt\n|faint|p1a: Dragonite\n|\n|-damage|p2a: Ursaluna|14\/100 brn|[from] brn\n|upkeep\n|inactive|taupiquer has 120 seconds left.\n|\n|t:|1699736965\n|switch|p1a: Dragapult|Dragapult, M|100\/100\n|turn|7\n|\n|t:|1699736970\n|switch|p2a: Slowking|Slowking, M|100\/100\n|-damage|p2a: Slowking|88\/100|[from] Stealth Rock\n|move|p1a: Dragapult|Dragon Dance|p1a: Dragapult\n|-boost|p1a: Dragapult|atk|1\n|-boost|p1a: Dragapult|spe|1\n|\n|upkeep\n|turn|8\n|\n|t:|1699736978\n|move|p1a: Dragapult|Dragon Dance|p1a: Dragapult\n|-boost|p1a: Dragapult|atk|1\n|-boost|p1a: Dragapult|spe|1\n|move|p2a: Slowking|Trick Room|p2a: Slowking\n|-fieldstart|move: Trick Room|[of] p2a: Slowking\n|\n|upkeep\n|turn|9\n|\n|t:|1699736985\n|move|p2a: Slowking|Chilly Reception|p2a: Slowking\n|-weather|Snow\n|\n|t:|1699736988\n|switch|p2a: Ursaluna|Ursaluna, F, shiny|14\/100 brn|[from] Chilly Reception\n|-heal|p2a: Ursaluna|100\/100|[from] move: Healing Wish\n|-damage|p2a: Ursaluna|94\/100|[from] Stealth Rock\n|move|p1a: Dragapult|Phantom Force||[still]\n|-prepare|p1a: Dragapult|Phantom Force\n|\n|-weather|Snow|[upkeep]\n|-status|p2a: Ursaluna|brn|[from] item: Flame Orb\n|upkeep\n|turn|10\n|\n|t:|1699736994\n|move|p2a: Ursaluna|Earthquake|p1a: Dragapult|[miss]\n|-miss|p2a: Ursaluna|p1a: Dragapult\n|move|p1a: Dragapult|Phantom Force|p2a: Ursaluna|[from]lockedmove\n|-immune|p2a: Ursaluna\n|\n|-weather|Snow|[upkeep]\n|-damage|p2a: Ursaluna|88\/100 brn|[from] brn\n|upkeep\n|turn|11\n|\n|t:|1699737002\n|move|p2a: Ursaluna|Earthquake|p1a: Dragapult\n|-enditem|p1a: Dragapult|Focus Sash\n|-damage|p1a: Dragapult|1\/100\n|move|p1a: Dragapult|Dragon Darts|p2a: Ursaluna\n|-damage|p2a: Ursaluna|47\/100 brn\n|-anim|p1a: Dragapult|Dragon Darts|p2a: Ursaluna\n|-damage|p2a: Ursaluna|2\/100 brn\n|\n|-weather|Snow|[upkeep]\n|-damage|p2a: Ursaluna|0 fnt|[from] brn\n|faint|p2a: Ursaluna\n|upkeep\n|\n|t:|1699737011\n|switch|p2a: Slowking|Slowking, M|100\/100\n|-damage|p2a: Slowking|88\/100|[from] Stealth Rock\n|turn|12\n|\n|t:|1699737016\n|move|p2a: Slowking|Ice Beam|p1a: Dragapult\n|-supereffective|p1a: Dragapult\n|-damage|p1a: Dragapult|0 fnt\n|faint|p1a: Dragapult\n|\n|-weather|Snow|[upkeep]\n|-fieldend|move: Trick Room\n|upkeep\n|\n|t:|1699737026\n|switch|p1a: Gholdengo|Gholdengo|100\/100\n|-item|p1a: Gholdengo|Air Balloon\n|turn|13\n|\n|t:|1699737037\n|move|p1a: Gholdengo|Shadow Ball|p2a: Slowking\n|-supereffective|p2a: Slowking\n|-enditem|p2a: Slowking|Kasib Berry|[eat]\n|-enditem|p2a: Slowking|Kasib Berry|[weaken]\n|-damage|p2a: Slowking|54\/100\n|move|p2a: Slowking|Trick Room|p2a: Slowking\n|-fieldstart|move: Trick Room|[of] p2a: Slowking\n|\n|-weather|none\n|upkeep\n|turn|14\n|\n|t:|1699737048\n|move|p2a: Slowking|Chilly Reception|p2a: Slowking\n|-weather|Snow\n|\n|t:|1699737054\n|switch|p2a: Iron Hands|Iron Hands|100\/100|[from] Chilly Reception\n|-damage|p2a: Iron Hands|94\/100|[from] Stealth Rock\n|move|p1a: Gholdengo|Shadow Ball|p2a: Iron Hands\n|-damage|p2a: Iron Hands|63\/100\n|\n|-weather|Snow|[upkeep]\n|upkeep\n|turn|15\n|\n|t:|1699737065\n|move|p2a: Iron Hands|Thunder Punch|p1a: Gholdengo\n|-damage|p1a: Gholdengo|54\/100\n|-enditem|p1a: Gholdengo|Air Balloon\n|move|p1a: Gholdengo|Shadow Ball|p2a: Iron Hands\n|-damage|p2a: Iron Hands|27\/100\n|-unboost|p2a: Iron Hands|spd|1\n|-enditem|p2a: Iron Hands|Sitrus Berry|[eat]\n|-heal|p2a: Iron Hands|52\/100|[from] item: Sitrus Berry\n|\n|-weather|Snow|[upkeep]\n|upkeep\n|turn|16\n|\n|t:|1699737083\n|move|p2a: Iron Hands|Thunder Punch|p1a: Gholdengo\n|-damage|p1a: Gholdengo|4\/100\n|move|p1a: Gholdengo|Shadow Ball|p2a: Iron Hands\n|-damage|p2a: Iron Hands|2\/100\n|\n|-weather|Snow|[upkeep]\n|upkeep\n|turn|17\n|\n|t:|1699737090\n|move|p2a: Iron Hands|Thunder Punch|p1a: Gholdengo\n|-damage|p1a: Gholdengo|0 fnt\n|faint|p1a: Gholdengo\n|\n|-weather|Snow|[upkeep]\n|-fieldend|move: Trick Room\n|upkeep\n|\n|t:|1699737096\n|switch|p1a: Iron Valiant|Iron Valiant|100\/100\n|-enditem|p1a: Iron Valiant|Booster Energy\n|-activate|p1a: Iron Valiant|ability: Quark Drive|[fromitem]\n|-start|p1a: Iron Valiant|quarkdrivespe\n|turn|18\n|\n|t:|1699737101\n|move|p1a: Iron Valiant|Moonblast|p2a: Iron Hands\n|-supereffective|p2a: Iron Hands\n|-damage|p2a: Iron Hands|0 fnt\n|faint|p2a: Iron Hands\n|-end|p2a: Iron Hands|Quark Drive|[silent]\n|\n|-weather|none\n|upkeep\n|\n|t:|1699737112\n|switch|p2a: Kingambit|Kingambit, M, shiny|100\/100\n|-damage|p2a: Kingambit|94\/100|[from] Stealth Rock\n|-activate|p2a: Kingambit|ability: Supreme Overlord\n|-start|p2a: Kingambit|fallen3|[silent]\n|turn|19\n|\n|t:|1699737125\n|-terastallize|p1a: Iron Valiant|Steel\n|-terastallize|p2a: Kingambit|Flying\n|move|p1a: Iron Valiant|Moonblast|p2a: Kingambit\n|-damage|p2a: Kingambit|50\/100\n|-unboost|p2a: Kingambit|spa|1\n|move|p2a: Kingambit|Tera Blast|p1a: Iron Valiant|[anim] Tera Blast Flying\n|-resisted|p1a: Iron Valiant\n|-damage|p1a: Iron Valiant|63\/100\n|\n|-heal|p2a: Kingambit|57\/100|[from] item: Leftovers\n|upkeep\n|turn|20\n|\n|t:|1699737138\n|move|p2a: Kingambit|Sucker Punch|p1a: Iron Valiant\n|-damage|p1a: Iron Valiant|0 fnt\n|faint|p1a: Iron Valiant\n|-end|p1a: Iron Valiant|Quark Drive|[silent]\n|\n|-heal|p2a: Kingambit|63\/100|[from] item: Leftovers\n|upkeep\n|\n|t:|1699737142\n|switch|p1a: Enamorus|Enamorus, F|100\/100\n|turn|21\n|\n|t:|1699737154\n|move|p1a: Enamorus|Moonblast|p2a: Kingambit\n|-damage|p2a: Kingambit|19\/100\n|-unboost|p2a: Kingambit|spa|1\n|move|p2a: Kingambit|Tera Blast|p1a: Enamorus|[anim] Tera Blast Flying\n|-damage|p1a: Enamorus|9\/100\n|\n|-heal|p1a: Enamorus|15\/100|[from] item: Leftovers\n|-heal|p2a: Kingambit|25\/100|[from] item: Leftovers\n|upkeep\n|turn|22\n|\n|t:|1699737165\n|move|p1a: Enamorus|Moonblast|p2a: Kingambit\n|-damage|p2a: Kingambit|0 fnt\n|faint|p2a: Kingambit\n|-end|p2a: Kingambit|fallen3|[silent]\n|\n|-heal|p1a: Enamorus|22\/100|[from] item: Leftovers\n|upkeep\n|\n|t:|1699737168\n|switch|p2a: Slowking|Slowking, M|87\/100\n|-damage|p2a: Slowking|75\/100|[from] Stealth Rock\n|turn|23\n|\n|t:|1699737176\n|move|p1a: Enamorus|Calm Mind|p1a: Enamorus\n|-boost|p1a: Enamorus|spa|1\n|-boost|p1a: Enamorus|spd|1\n|move|p2a: Slowking|Ice Beam|p1a: Enamorus\n|-supereffective|p1a: Enamorus\n|-damage|p1a: Enamorus|0 fnt\n|faint|p1a: Enamorus\n|\n|win|OlhaAPedra4\n|raw|taupiquer's rating: 1300 &rarr; <strong>1268<\/strong><br \/>(-32 for losing)\n|raw|OlhaAPedra4's rating: 1201 &rarr; <strong>1233<\/strong><br \/>(+32 for winning)\n|l|\u2606taupiquer\n","uploadtime":1699737200,"views":10,"p1id":"taupiquer","p2id":"olhaapedra4","formatid":"gen9ou","rating":1233,"private":0,"password":""}