{"id":"gen9ou-1989879389","p1":"DufauxZac","p2":"Jrmoore896","format":"[Gen 9] OU","log":"|j|\u2606DufauxZac\n|j|\u2606Jrmoore896\n|t:|1699903356\n|gametype|singles\n|player|p1|DufauxZac|n|1531\n|player|p2|Jrmoore896|lucas-gen4pt|1445\n|teamsize|p1|6\n|teamsize|p2|6\n|gen|9\n|tier|[Gen 9] OU\n|rated|\n|rule|Sleep Clause Mod: Limit one foe put to sleep\n|rule|Species Clause: Limit one of each Pok\u00e9mon\n|rule|OHKO Clause: OHKO moves are banned\n|rule|Evasion Items Clause: Evasion items are banned\n|rule|Evasion Moves Clause: Evasion moves are banned\n|rule|Endless Battle Clause: Forcing endless battles is banned\n|rule|HP Percentage Mod: HP is shown in percentages\n|clearpoke\n|poke|p1|Skeledirge, F|\n|poke|p1|Dragonite, F|\n|poke|p1|Great Tusk|\n|poke|p1|Weezing-Galar, M|\n|poke|p1|Greninja-*, M|\n|poke|p1|Gholdengo|\n|poke|p2|Sneasler, M|\n|poke|p2|Rillaboom, M|\n|poke|p2|Dondozo, M|\n|poke|p2|Clodsire, M|\n|poke|p2|Great Tusk|\n|poke|p2|Enamorus, F|\n|teampreview\n|\n|t:|1699903371\n|start\n|switch|p1a: Greninja|Greninja, M|100\/100\n|switch|p2a: Clodsire|Clodsire, M, shiny|100\/100\n|turn|1\n|inactive|Battle timer is ON: inactive players will automatically lose when time's up. (requested by Jrmoore896)\n|\n|t:|1699903380\n|move|p1a: Greninja|Hydro Pump|p2a: Clodsire\n|-supereffective|p2a: Clodsire\n|-damage|p2a: Clodsire|40\/100\n|-damage|p1a: Greninja|91\/100|[from] item: Life Orb\n|move|p2a: Clodsire|Toxic|p1a: Greninja\n|-status|p1a: Greninja|tox\n|\n|-heal|p2a: Clodsire|46\/100|[from] item: Leftovers\n|-damage|p1a: Greninja|85\/100 tox|[from] psn\n|upkeep\n|turn|2\n|\n|t:|1699903391\n|switch|p2a: Rillaboom|Rillaboom, M|100\/100\n|-fieldstart|move: Grassy Terrain|[from] ability: Grassy Surge|[of] p2a: Rillaboom\n|move|p1a: Greninja|Hydro Pump|p2a: Rillaboom\n|-resisted|p2a: Rillaboom\n|-damage|p2a: Rillaboom|62\/100\n|-damage|p1a: Greninja|75\/100 tox|[from] item: Life Orb\n|\n|-heal|p1a: Greninja|81\/100 tox|[from] Grassy Terrain\n|-heal|p2a: Rillaboom|68\/100|[from] Grassy Terrain\n|-damage|p1a: Greninja|69\/100 tox|[from] psn\n|upkeep\n|turn|3\n|\n|t:|1699903405\n|-terastallize|p1a: Greninja|Poison\n|move|p1a: Greninja|Dark Pulse|p2a: Rillaboom\n|-damage|p2a: Rillaboom|13\/100\n|-damage|p1a: Greninja|59\/100 tox|[from] item: Life Orb\n|move|p2a: Rillaboom|U-turn|p1a: Greninja\n|-resisted|p1a: Greninja\n|-damage|p1a: Greninja|27\/100 tox\n|\n|t:|1699903415\n|switch|p2a: Sneasler|Sneasler, M, shiny|100\/100|[from] U-turn\n|-enditem|p2a: Sneasler|Grassy Seed\n|-boost|p2a: Sneasler|def|1|[from] item: Grassy Seed\n|\n|-heal|p1a: Greninja|33\/100 tox|[from] Grassy Terrain\n|-damage|p1a: Greninja|15\/100 tox|[from] psn\n|upkeep\n|turn|4\n|\n|t:|1699903428\n|move|p1a: Greninja|Water Shuriken|p2a: Sneasler\n|-damage|p2a: Sneasler|89\/100\n|-damage|p2a: Sneasler|78\/100\n|-damage|p2a: Sneasler|66\/100\n|-damage|p2a: Sneasler|54\/100\n|-damage|p2a: Sneasler|43\/100\n|-hitcount|p2a: Sneasler|5\n|-damage|p1a: Greninja|5\/100 tox|[from] item: Life Orb\n|move|p2a: Sneasler|Acrobatics|p1a: Greninja\n|-damage|p1a: Greninja|0 fnt\n|faint|p1a: Greninja\n|\n|-heal|p2a: Sneasler|49\/100|[from] Grassy Terrain\n|upkeep\n|\n|t:|1699903437\n|switch|p1a: Skeledirge|Skeledirge, F|100\/100\n|turn|5\n|\n|t:|1699903447\n|move|p2a: Sneasler|Dire Claw|p1a: Skeledirge\n|-resisted|p1a: Skeledirge\n|-damage|p1a: Skeledirge|81\/100\n|-status|p1a: Skeledirge|par\n|move|p1a: Skeledirge|Torch Song|p2a: Sneasler\n|-damage|p2a: Sneasler|10\/100\n|-boost|p1a: Skeledirge|spa|1\n|\n|-heal|p2a: Sneasler|16\/100|[from] Grassy Terrain\n|-heal|p1a: Skeledirge|87\/100 par|[from] Grassy Terrain\n|-heal|p1a: Skeledirge|93\/100 par|[from] item: Leftovers\n|upkeep\n|turn|6\n|\n|t:|1699903467\n|move|p2a: Sneasler|Dire Claw|p1a: Skeledirge\n|-resisted|p1a: Skeledirge\n|-damage|p1a: Skeledirge|73\/100 par\n|move|p1a: Skeledirge|Earth Power|p2a: Sneasler\n|-supereffective|p2a: Sneasler\n|-damage|p2a: Sneasler|0 fnt\n|faint|p2a: Sneasler\n|\n|-heal|p1a: Skeledirge|79\/100 par|[from] Grassy Terrain\n|-heal|p1a: Skeledirge|85\/100 par|[from] item: Leftovers\n|-fieldend|move: Grassy Terrain\n|upkeep\n|\n|t:|1699903480\n|switch|p2a: Rillaboom|Rillaboom, M|13\/100\n|-fieldstart|move: Grassy Terrain|[from] ability: Grassy Surge|[of] p2a: Rillaboom\n|turn|7\n|\n|t:|1699903491\n|move|p2a: Rillaboom|Knock Off|p1a: Skeledirge\n|-supereffective|p1a: Skeledirge\n|-damage|p1a: Skeledirge|0 fnt\n|-enditem|p1a: Skeledirge|Leftovers|[from] move: Knock Off|[of] p2a: Rillaboom\n|faint|p1a: Skeledirge\n|\n|-heal|p2a: Rillaboom|19\/100|[from] Grassy Terrain\n|upkeep\n|\n|t:|1699903495\n|switch|p1a: Dragonite|Dragonite, F|100\/100\n|turn|8\n|\n|t:|1699903503\n|switch|p2a: Dondozo|Dondozo, M|100\/100\n|move|p1a: Dragonite|Extreme Speed|p2a: Dondozo\n|-damage|p2a: Dondozo|85\/100\n|\n|-heal|p2a: Dondozo|91\/100|[from] Grassy Terrain\n|-heal|p2a: Dondozo|97\/100|[from] item: Leftovers\n|upkeep\n|turn|9\n|\n|t:|1699903514\n|move|p1a: Dragonite|Extreme Speed|p2a: Dondozo\n|-damage|p2a: Dondozo|80\/100\n|move|p2a: Dondozo|Curse|p2a: Dondozo\n|-unboost|p2a: Dondozo|spe|1\n|-boost|p2a: Dondozo|atk|1\n|-boost|p2a: Dondozo|def|1\n|\n|-heal|p2a: Dondozo|87\/100|[from] Grassy Terrain\n|-heal|p2a: Dondozo|93\/100|[from] item: Leftovers\n|upkeep\n|turn|10\n|\n|t:|1699903526\n|move|p1a: Dragonite|Encore|p2a: Dondozo\n|-start|p2a: Dondozo|Encore\n|move|p2a: Dondozo|Curse|p2a: Dondozo\n|-unboost|p2a: Dondozo|spe|1\n|-boost|p2a: Dondozo|atk|1\n|-boost|p2a: Dondozo|def|1\n|\n|-heal|p2a: Dondozo|99\/100|[from] Grassy Terrain\n|-heal|p2a: Dondozo|100\/100|[from] item: Leftovers\n|upkeep\n|turn|11\n|\n|t:|1699903537\n|switch|p1a: Weezing|Weezing-Galar, M|100\/100\n|move|p2a: Dondozo|Curse|p2a: Dondozo\n|-unboost|p2a: Dondozo|spe|1\n|-boost|p2a: Dondozo|atk|1\n|-boost|p2a: Dondozo|def|1\n|\n|-fieldend|move: Grassy Terrain\n|upkeep\n|turn|12\n|\n|t:|1699903546\n|switch|p2a: Clodsire|Clodsire, M, shiny|46\/100\n|move|p1a: Weezing|Strange Steam|p2a: Clodsire\n|-resisted|p2a: Clodsire\n|-damage|p2a: Clodsire|36\/100\n|\n|-heal|p2a: Clodsire|42\/100|[from] item: Leftovers\n|upkeep\n|turn|13\n|\n|t:|1699903560\n|switch|p1a: Gholdengo|Gholdengo|100\/100\n|-item|p1a: Gholdengo|Air Balloon\n|move|p2a: Clodsire|Stealth Rock|p1a: Gholdengo\n|-sidestart|p1: DufauxZac|move: Stealth Rock\n|\n|-heal|p2a: Clodsire|49\/100|[from] item: Leftovers\n|upkeep\n|turn|14\n|\n|t:|1699903572\n|move|p1a: Gholdengo|Nasty Plot|p1a: Gholdengo\n|-boost|p1a: Gholdengo|spa|2\n|move|p2a: Clodsire|Recover|p2a: Clodsire\n|-heal|p2a: Clodsire|99\/100\n|\n|-heal|p2a: Clodsire|100\/100|[from] item: Leftovers\n|upkeep\n|turn|15\n|\n|t:|1699903581\n|switch|p2a: Rillaboom|Rillaboom, M|19\/100\n|-fieldstart|move: Grassy Terrain|[from] ability: Grassy Surge|[of] p2a: Rillaboom\n|move|p1a: Gholdengo|Shadow Ball|p2a: Rillaboom\n|-damage|p2a: Rillaboom|0 fnt\n|faint|p2a: Rillaboom\n|\n|upkeep\n|\n|t:|1699903596\n|switch|p2a: Enamorus|Enamorus, F|100\/100\n|turn|16\n|\n|t:|1699903602\n|move|p2a: Enamorus|Moonblast|p1a: Gholdengo\n|-resisted|p1a: Gholdengo\n|-damage|p1a: Gholdengo|70\/100\n|-unboost|p1a: Gholdengo|spa|1\n|-enditem|p1a: Gholdengo|Air Balloon\n|move|p1a: Gholdengo|Make It Rain|p2a: Enamorus\n|-supereffective|p2a: Enamorus\n|-crit|p2a: Enamorus\n|-damage|p2a: Enamorus|0 fnt\n|-unboost|p1a: Gholdengo|spa|1\n|faint|p2a: Enamorus\n|\n|-heal|p1a: Gholdengo|77\/100|[from] Grassy Terrain\n|upkeep\n|\n|t:|1699903623\n|switch|p2a: Clodsire|Clodsire, M, shiny|100\/100\n|turn|17\n|\n|t:|1699903633\n|switch|p1a: Great Tusk|Great Tusk|100\/100\n|-damage|p1a: Great Tusk|98\/100|[from] Stealth Rock\n|-enditem|p1a: Great Tusk|Booster Energy\n|-activate|p1a: Great Tusk|ability: Protosynthesis|[fromitem]\n|-start|p1a: Great Tusk|protosynthesisatk\n|move|p2a: Clodsire|Earthquake|p1a: Great Tusk\n|-damage|p1a: Great Tusk|87\/100\n|\n|-heal|p1a: Great Tusk|93\/100|[from] Grassy Terrain\n|upkeep\n|turn|18\n|\n|t:|1699903647\n|switch|p2a: Dondozo|Dondozo, M|100\/100\n|move|p1a: Great Tusk|Ice Spinner|p2a: Dondozo\n|-resisted|p2a: Dondozo\n|-crit|p2a: Dondozo\n|-damage|p2a: Dondozo|87\/100\n|-fieldend|move: Grassy Terrain\n|\n|-heal|p2a: Dondozo|93\/100|[from] item: Leftovers\n|upkeep\n|turn|19\n|\n|t:|1699903658\n|move|p1a: Great Tusk|Close Combat|p2a: Dondozo\n|-damage|p2a: Dondozo|50\/100\n|-unboost|p1a: Great Tusk|def|1\n|-unboost|p1a: Great Tusk|spd|1\n|move|p2a: Dondozo|Curse|p2a: Dondozo\n|-unboost|p2a: Dondozo|spe|1\n|-boost|p2a: Dondozo|atk|1\n|-boost|p2a: Dondozo|def|1\n|\n|-heal|p2a: Dondozo|57\/100|[from] item: Leftovers\n|upkeep\n|turn|20\n|\n|t:|1699903672\n|-end|p1a: Great Tusk|Protosynthesis|[silent]\n|switch|p1a: Weezing|Weezing-Galar, M|100\/100\n|-damage|p1a: Weezing|88\/100|[from] Stealth Rock\n|move|p2a: Dondozo|Curse|p2a: Dondozo\n|-unboost|p2a: Dondozo|spe|1\n|-boost|p2a: Dondozo|atk|1\n|-boost|p2a: Dondozo|def|1\n|\n|-heal|p2a: Dondozo|63\/100|[from] item: Leftovers\n|upkeep\n|turn|21\n|\n|t:|1699903688\n|move|p1a: Weezing|Strange Steam|p2a: Dondozo\n|-damage|p2a: Dondozo|32\/100\n|move|p2a: Dondozo|Liquidation|p1a: Weezing\n|-damage|p1a: Weezing|36\/100\n|-unboost|p1a: Weezing|def|1\n|-damage|p2a: Dondozo|16\/100|[from] item: Rocky Helmet|[of] p1a: Weezing\n|\n|-heal|p2a: Dondozo|22\/100|[from] item: Leftovers\n|upkeep\n|turn|22\n|\n|t:|1699903702\n|move|p1a: Weezing|Strange Steam|p2a: Dondozo\n|-damage|p2a: Dondozo|0 fnt\n|faint|p2a: Dondozo\n|\n|upkeep\n|\n|t:|1699903709\n|switch|p2a: Great Tusk|Great Tusk|100\/100\n|turn|23\n|\n|t:|1699903715\n|switch|p1a: Great Tusk|Great Tusk|93\/100\n|-damage|p1a: Great Tusk|90\/100|[from] Stealth Rock\n|move|p2a: Great Tusk|Rapid Spin|p1a: Great Tusk\n|-damage|p1a: Great Tusk|77\/100\n|-boost|p2a: Great Tusk|spe|1\n|\n|upkeep\n|turn|24\n|\n|t:|1699903724\n|move|p2a: Great Tusk|Bulk Up|p2a: Great Tusk\n|-boost|p2a: Great Tusk|atk|1\n|-boost|p2a: Great Tusk|def|1\n|move|p1a: Great Tusk|Rapid Spin|p2a: Great Tusk\n|-damage|p2a: Great Tusk|92\/100\n|-boost|p1a: Great Tusk|spe|1\n|-sideend|p1: DufauxZac|Stealth Rock|[from] move: Rapid Spin|[of] p1a: Great Tusk\n|\n|upkeep\n|turn|25\n|\n|t:|1699903732\n|move|p2a: Great Tusk|Bulk Up|p2a: Great Tusk\n|-boost|p2a: Great Tusk|atk|1\n|-boost|p2a: Great Tusk|def|1\n|move|p1a: Great Tusk|Close Combat|p2a: Great Tusk\n|-damage|p2a: Great Tusk|70\/100\n|-unboost|p1a: Great Tusk|def|1\n|-unboost|p1a: Great Tusk|spd|1\n|\n|upkeep\n|turn|26\n|\n|t:|1699903750\n|move|p1a: Great Tusk|Close Combat|p2a: Great Tusk\n|-damage|p2a: Great Tusk|46\/100\n|-unboost|p1a: Great Tusk|def|1\n|-unboost|p1a: Great Tusk|spd|1\n|move|p2a: Great Tusk|Rapid Spin|p1a: Great Tusk\n|-damage|p1a: Great Tusk|22\/100\n|-boost|p2a: Great Tusk|spe|1\n|\n|upkeep\n|turn|27\n|\n|t:|1699903776\n|-end|p1a: Great Tusk|Protosynthesis|[silent]\n|switch|p1a: Dragonite|Dragonite, F|100\/100\n|move|p2a: Great Tusk|Rapid Spin|p1a: Dragonite\n|-damage|p1a: Dragonite|81\/100\n|-boost|p2a: Great Tusk|spe|1\n|\n|upkeep\n|turn|28\n|\n|t:|1699903789\n|move|p1a: Dragonite|Extreme Speed|p2a: Great Tusk\n|-damage|p2a: Great Tusk|35\/100\n|move|p2a: Great Tusk|Ice Spinner|p1a: Dragonite\n|-supereffective|p1a: Dragonite\n|-damage|p1a: Dragonite|0 fnt\n|faint|p1a: Dragonite\n|\n|upkeep\n|\n|t:|1699903800\n|switch|p1a: Great Tusk|Great Tusk|22\/100\n|turn|29\n|\n|t:|1699903804\n|move|p2a: Great Tusk|Ice Spinner|p1a: Great Tusk\n|-supereffective|p1a: Great Tusk\n|-damage|p1a: Great Tusk|0 fnt\n|faint|p1a: Great Tusk\n|-end|p1a: Great Tusk|Protosynthesis|[silent]\n|\n|upkeep\n|\n|t:|1699903805\n|switch|p1a: Weezing|Weezing-Galar, M|36\/100\n|turn|30\n|\n|t:|1699903813\n|move|p2a: Great Tusk|Ice Spinner|p1a: Weezing\n|-damage|p1a: Weezing|0 fnt\n|-damage|p2a: Great Tusk|19\/100|[from] item: Rocky Helmet|[of] p1a: Weezing\n|faint|p1a: Weezing\n|\n|upkeep\n|\n|t:|1699903819\n|switch|p1a: Gholdengo|Gholdengo|77\/100\n|turn|31\n|\n|t:|1699903822\n|move|p2a: Great Tusk|Headlong Rush|p1a: Gholdengo\n|-supereffective|p1a: Gholdengo\n|-damage|p1a: Gholdengo|0 fnt\n|-unboost|p2a: Great Tusk|def|1\n|-unboost|p2a: Great Tusk|spd|1\n|faint|p1a: Gholdengo\n|\n|win|Jrmoore896\n|raw|DufauxZac's rating: 1531 &rarr; <strong>1506<\/strong><br \/>(-25 for losing)\n|raw|Jrmoore896's rating: 1445 &rarr; <strong>1470<\/strong><br \/>(+25 for winning)\n|l|\u2606Jrmoore896\n|l|\u2606DufauxZac\n|j|\u2606Jrmoore896\n|player|p2|Jrmoore896|lucas-gen4pt\n","uploadtime":1699903893,"views":12,"p1id":"dufauxzac","p2id":"jrmoore896","formatid":"gen9ou","rating":1470,"private":0,"password":""}