{"id":"gen9ou-1993776372","p1":"Adair124","p2":"hoons","format":"[Gen 9] OU","log":"|j|\u2606Adair124\n|j|\u2606hoons\n|t:|1700355909\n|gametype|singles\n|player|p1|Adair124|colress|1562\n|player|p2|hoons|102|1647\n|teamsize|p1|6\n|teamsize|p2|6\n|gen|9\n|tier|[Gen 9] OU\n|rated|\n|rule|Sleep Clause Mod: Limit one foe put to sleep\n|rule|Species Clause: Limit one of each Pok\u00e9mon\n|rule|OHKO Clause: OHKO moves are banned\n|rule|Evasion Items Clause: Evasion items are banned\n|rule|Evasion Moves Clause: Evasion moves are banned\n|rule|Endless Battle Clause: Forcing endless battles is banned\n|rule|HP Percentage Mod: HP is shown in percentages\n|clearpoke\n|poke|p1|Quaquaval, M|\n|poke|p1|Zapdos|\n|poke|p1|Garchomp, F|\n|poke|p1|Slowking-Galar, M|\n|poke|p1|Mimikyu, F|\n|poke|p1|Wo-Chien|\n|poke|p2|Rillaboom, M|\n|poke|p2|Cinderace, F|\n|poke|p2|Samurott-Hisui, M|\n|poke|p2|Zamazenta-*|\n|poke|p2|Sneasler, F|\n|poke|p2|Landorus-Therian, M|\n|teampreview\n|\n|t:|1700355951\n|start\n|switch|p1a: Quaquaval|Quaquaval, M|100\/100\n|switch|p2a: Rillaboom|Rillaboom, M|100\/100\n|-fieldstart|move: Grassy Terrain|[from] ability: Grassy Surge|[of] p2a: Rillaboom\n|turn|1\n|\n|t:|1700355964\n|switch|p1a: Zapdos|Zapdos|100\/100\n|-terastallize|p2a: Rillaboom|Grass\n|move|p2a: Rillaboom|Wood Hammer|p1a: Zapdos\n|-resisted|p1a: Zapdos\n|-damage|p1a: Zapdos|64\/100\n|-damage|p2a: Rillaboom|84\/100|[from] item: Rocky Helmet|[of] p1a: Zapdos\n|-damage|p2a: Rillaboom|72\/100|[from] Recoil\n|\n|-heal|p2a: Rillaboom|79\/100|[from] Grassy Terrain\n|upkeep\n|turn|2\n|\n|t:|1700355971\n|move|p1a: Zapdos|U-turn|p2a: Rillaboom\n|-supereffective|p2a: Rillaboom\n|-damage|p2a: Rillaboom|56\/100\n|\n|t:|1700355976\n|switch|p1a: Wo-Chien|Wo-Chien|100\/100|[from] U-turn\n|-ability|p1a: Wo-Chien|Tablets of Ruin\n|move|p2a: Rillaboom|Wood Hammer|p1a: Wo-Chien\n|-resisted|p1a: Wo-Chien\n|-damage|p1a: Wo-Chien|75\/100\n|-damage|p2a: Rillaboom|48\/100|[from] Recoil\n|\n|-heal|p2a: Rillaboom|54\/100|[from] Grassy Terrain\n|-heal|p1a: Wo-Chien|81\/100|[from] Grassy Terrain\n|upkeep\n|turn|3\n|\n|t:|1700355981\n|switch|p1a: Zapdos|Zapdos|64\/100\n|move|p2a: Rillaboom|U-turn|p1a: Zapdos\n|-resisted|p1a: Zapdos\n|-damage|p1a: Zapdos|55\/100\n|-damage|p2a: Rillaboom|37\/100|[from] item: Rocky Helmet|[of] p1a: Zapdos\n|\n|t:|1700355991\n|switch|p2a: Landorus|Landorus-Therian, M|100\/100|[from] U-turn\n|-ability|p2a: Landorus|Intimidate|boost\n|-unboost|p1a: Zapdos|atk|1\n|\n|upkeep\n|turn|4\n|\n|t:|1700355995\n|move|p2a: Landorus|Smack Down|p1a: Zapdos\n|-supereffective|p1a: Zapdos\n|-damage|p1a: Zapdos|36\/100\n|-start|p1a: Zapdos|Smack Down\n|move|p1a: Zapdos|Roost|p1a: Zapdos\n|-heal|p1a: Zapdos|86\/100\n|-singleturn|p1a: Zapdos|move: Roost\n|\n|-heal|p1a: Zapdos|92\/100|[from] Grassy Terrain\n|upkeep\n|turn|5\n|\n|t:|1700356001\n|switch|p1a: Garchomp|Garchomp, F|100\/100\n|move|p2a: Landorus|Earth Power|p1a: Garchomp\n|-damage|p1a: Garchomp|67\/100\n|\n|-heal|p1a: Garchomp|74\/100|[from] Grassy Terrain\n|-fieldend|move: Grassy Terrain\n|upkeep\n|turn|6\n|\n|t:|1700356006\n|move|p1a: Garchomp|Dragon Claw|p2a: Landorus\n|-damage|p2a: Landorus|56\/100\n|move|p2a: Landorus|Earth Power|p1a: Garchomp\n|-damage|p1a: Garchomp|37\/100\n|-unboost|p1a: Garchomp|spd|1\n|\n|upkeep\n|turn|7\n|\n|t:|1700356015\n|switch|p1a: Zapdos|Zapdos|92\/100\n|move|p2a: Landorus|Earth Power|p1a: Zapdos\n|-immune|p1a: Zapdos\n|\n|upkeep\n|turn|8\n|\n|t:|1700356020\n|move|p2a: Landorus|Smack Down|p1a: Zapdos\n|-supereffective|p1a: Zapdos\n|-crit|p1a: Zapdos\n|-damage|p1a: Zapdos|60\/100\n|-start|p1a: Zapdos|Smack Down\n|move|p1a: Zapdos|U-turn|p2a: Landorus\n|-resisted|p2a: Landorus\n|-damage|p2a: Landorus|50\/100\n|\n|t:|1700356023\n|switch|p1a: Garchomp|Garchomp, F|37\/100|[from] U-turn\n|\n|upkeep\n|turn|9\n|\n|t:|1700356028\n|move|p1a: Garchomp|Liquidation|p2a: Landorus\n|-supereffective|p2a: Landorus\n|-damage|p2a: Landorus|0 fnt\n|faint|p2a: Landorus\n|\n|upkeep\n|c|\u2606hoons|You all don\u2019t know what to do\n|c|\u2606hoons|to win\n|\n|t:|1700356062\n|switch|p2a: Rillaboom|Rillaboom, M, tera:Grass|37\/100\n|-fieldstart|move: Grassy Terrain|[from] ability: Grassy Surge|[of] p2a: Rillaboom\n|turn|10\n|\n|t:|1700356066\n|switch|p1a: Zapdos|Zapdos|60\/100\n|move|p2a: Rillaboom|Grassy Glide|p1a: Zapdos\n|-resisted|p1a: Zapdos\n|-damage|p1a: Zapdos|40\/100\n|-damage|p2a: Rillaboom|21\/100|[from] item: Rocky Helmet|[of] p1a: Zapdos\n|-status|p2a: Rillaboom|par|[from] ability: Static|[of] p1a: Zapdos\n|\n|-heal|p2a: Rillaboom|27\/100 par|[from] Grassy Terrain\n|upkeep\n|turn|11\n|\n|t:|1700356074\n|move|p1a: Zapdos|Roost|p1a: Zapdos\n|-heal|p1a: Zapdos|90\/100\n|-singleturn|p1a: Zapdos|move: Roost\n|cant|p2a: Rillaboom|par\n|\n|-heal|p1a: Zapdos|96\/100|[from] Grassy Terrain\n|-heal|p2a: Rillaboom|33\/100 par|[from] Grassy Terrain\n|upkeep\n|turn|12\n|\n|t:|1700356081\n|move|p1a: Zapdos|Heat Wave|p2a: Rillaboom\n|-supereffective|p2a: Rillaboom\n|-damage|p2a: Rillaboom|0 fnt\n|faint|p2a: Rillaboom\n|\n|upkeep\n|\n|t:|1700356086\n|switch|p2a: Cinderace|Cinderace, F|100\/100\n|turn|13\n|\n|t:|1700356091\n|move|p2a: Cinderace|Pyro Ball|p1a: Zapdos\n|-damage|p1a: Zapdos|57\/100\n|move|p1a: Zapdos|U-turn|p2a: Cinderace\n|-resisted|p2a: Cinderace\n|-damage|p2a: Cinderace|94\/100\n|\n|t:|1700356094\n|switch|p1a: Garchomp|Garchomp, F|37\/100|[from] U-turn\n|\n|-heal|p1a: Garchomp|44\/100|[from] Grassy Terrain\n|-heal|p2a: Cinderace|100\/100|[from] Grassy Terrain\n|upkeep\n|turn|14\n|\n|t:|1700356100\n|move|p1a: Garchomp|Earthquake|p2a: Cinderace\n|-supereffective|p2a: Cinderace\n|-damage|p2a: Cinderace|53\/100\n|move|p2a: Cinderace|Will-O-Wisp|p1a: Garchomp|[miss]\n|-miss|p2a: Cinderace|p1a: Garchomp\n|\n|-heal|p1a: Garchomp|50\/100|[from] Grassy Terrain\n|-heal|p2a: Cinderace|59\/100|[from] Grassy Terrain\n|-fieldend|move: Grassy Terrain\n|upkeep\n|turn|15\n|\n|t:|1700356109\n|switch|p2a: Zamazenta|Zamazenta|100\/100\n|-ability|p2a: Zamazenta|Dauntless Shield|boost\n|-boost|p2a: Zamazenta|def|1\n|move|p1a: Garchomp|Earthquake|p2a: Zamazenta\n|-damage|p2a: Zamazenta|74\/100\n|\n|-heal|p2a: Zamazenta|80\/100|[from] item: Leftovers\n|upkeep\n|turn|16\n|\n|t:|1700356114\n|switch|p1a: Slowking|Slowking-Galar, M|100\/100\n|move|p2a: Zamazenta|Iron Defense|p2a: Zamazenta\n|-boost|p2a: Zamazenta|def|2\n|\n|-heal|p2a: Zamazenta|86\/100|[from] item: Leftovers\n|upkeep\n|turn|17\n|c|\u2606hoons|And on top of playing like shit you get rewardef\n|\n|t:|1700356134\n|move|p2a: Zamazenta|Crunch|p1a: Slowking\n|-supereffective|p1a: Slowking\n|-damage|p1a: Slowking|58\/100\n|move|p1a: Slowking|Sludge Bomb|p2a: Zamazenta\n|-damage|p2a: Zamazenta|50\/100\n|\n|-heal|p2a: Zamazenta|56\/100|[from] item: Leftovers\n|upkeep\n|turn|18\n|\n|t:|1700356140\n|switch|p1a: Zapdos|Zapdos|57\/100\n|move|p2a: Zamazenta|Crunch|p1a: Zapdos\n|-damage|p1a: Zapdos|40\/100\n|-damage|p2a: Zamazenta|39\/100|[from] item: Rocky Helmet|[of] p1a: Zapdos\n|\n|-heal|p2a: Zamazenta|45\/100|[from] item: Leftovers\n|upkeep\n|turn|19\n|\n|t:|1700356148\n|move|p2a: Zamazenta|Body Press|p1a: Zapdos\n|-resisted|p1a: Zapdos\n|-damage|p1a: Zapdos|9\/100\n|-damage|p2a: Zamazenta|29\/100|[from] item: Rocky Helmet|[of] p1a: Zapdos\n|move|p1a: Zapdos|Roost|p1a: Zapdos\n|-heal|p1a: Zapdos|59\/100\n|-singleturn|p1a: Zapdos|move: Roost\n|\n|-heal|p2a: Zamazenta|35\/100|[from] item: Leftovers\n|upkeep\n|turn|20\n|\n|t:|1700356155\n|move|p2a: Zamazenta|Iron Defense|p2a: Zamazenta\n|-boost|p2a: Zamazenta|def|2\n|move|p1a: Zapdos|Discharge|p2a: Zamazenta\n|-damage|p2a: Zamazenta|9\/100\n|\n|-heal|p2a: Zamazenta|15\/100|[from] item: Leftovers\n|upkeep\n|turn|21\n|\n|t:|1700356158\n|move|p2a: Zamazenta|Body Press|p1a: Zapdos\n|-resisted|p1a: Zapdos\n|-crit|p1a: Zapdos\n|-damage|p1a: Zapdos|0 fnt\n|-damage|p2a: Zamazenta|0 fnt|[from] item: Rocky Helmet|[of] p1a: Zapdos\n|faint|p1a: Zapdos\n|faint|p2a: Zamazenta\n|\n|upkeep\n|\n|t:|1700356167\n|switch|p2a: Sneasler|Sneasler, F|100\/100\n|switch|p1a: Wo-Chien|Wo-Chien|81\/100\n|-ability|p1a: Wo-Chien|Tablets of Ruin\n|turn|22\n|\n|t:|1700356171\n|switch|p1a: Garchomp|Garchomp, F|50\/100\n|move|p2a: Sneasler|U-turn|p1a: Garchomp\n|-damage|p1a: Garchomp|24\/100\n|-damage|p2a: Sneasler|88\/100|[from] ability: Rough Skin|[of] p1a: Garchomp\n|\n|t:|1700356174\n|switch|p2a: Samurott|Samurott-Hisui, M|100\/100|[from] U-turn\n|\n|upkeep\n|turn|23\n|\n|t:|1700356179\n|switch|p1a: Wo-Chien|Wo-Chien|81\/100\n|-ability|p1a: Wo-Chien|Tablets of Ruin\n|move|p2a: Samurott|Ceaseless Edge|p1a: Wo-Chien\n|-resisted|p1a: Wo-Chien\n|-damage|p1a: Wo-Chien|71\/100\n|-sidestart|p1: Adair124|Spikes\n|\n|upkeep\n|turn|24\n|\n|t:|1700356185\n|switch|p2a: Sneasler|Sneasler, F|88\/100\n|move|p1a: Wo-Chien|Giga Drain|p2a: Sneasler\n|-resisted|p2a: Sneasler\n|-damage|p2a: Sneasler|71\/100\n|-heal|p1a: Wo-Chien|78\/100|[from] drain|[of] p2a: Sneasler\n|\n|upkeep\n|turn|25\n|\n|t:|1700356192\n|move|p1a: Wo-Chien|Protect|p1a: Wo-Chien\n|-singleturn|p1a: Wo-Chien|Protect\n|move|p2a: Sneasler|Dire Claw|p1a: Wo-Chien\n|-activate|p1a: Wo-Chien|move: Protect\n|\n|upkeep\n|turn|26\n|\n|t:|1700356195\n|switch|p1a: Slowking|Slowking-Galar, M|91\/100\n|-damage|p1a: Slowking|79\/100|[from] Spikes\n|move|p2a: Sneasler|Dire Claw|p1a: Slowking\n|-resisted|p1a: Slowking\n|-damage|p1a: Slowking|59\/100\n|\n|upkeep\n|turn|27\n|\n|t:|1700356199\n|switch|p2a: Samurott|Samurott-Hisui, M|100\/100\n|move|p1a: Slowking|Sludge Bomb|p2a: Samurott\n|-damage|p2a: Samurott|62\/100\n|\n|upkeep\n|turn|28\n|\n|t:|1700356206\n|switch|p1a: Wo-Chien|Wo-Chien|78\/100\n|-damage|p1a: Wo-Chien|65\/100|[from] Spikes\n|-ability|p1a: Wo-Chien|Tablets of Ruin\n|move|p2a: Samurott|Ceaseless Edge|p1a: Wo-Chien\n|-resisted|p1a: Wo-Chien\n|-damage|p1a: Wo-Chien|54\/100\n|-sidestart|p1: Adair124|Spikes\n|\n|upkeep\n|turn|29\n|\n|t:|1700356230\n|switch|p2a: Cinderace|Cinderace, F|59\/100\n|move|p1a: Wo-Chien|Leech Seed|p2a: Cinderace\n|-start|p2a: Cinderace|move: Leech Seed\n|\n|-damage|p2a: Cinderace|46\/100|[from] Leech Seed|[of] p1a: Wo-Chien\n|-heal|p1a: Wo-Chien|66\/100|[silent]\n|upkeep\n|turn|30\n|\n|t:|1700356238\n|move|p1a: Wo-Chien|Protect|p1a: Wo-Chien\n|-singleturn|p1a: Wo-Chien|Protect\n|move|p2a: Cinderace|U-turn|p1a: Wo-Chien\n|-activate|p1a: Wo-Chien|move: Protect\n|\n|-damage|p2a: Cinderace|34\/100|[from] Leech Seed|[of] p1a: Wo-Chien\n|-heal|p1a: Wo-Chien|78\/100|[silent]\n|upkeep\n|turn|31\n|\n|t:|1700356255\n|-terastallize|p1a: Wo-Chien|Fire\n|move|p2a: Cinderace|U-turn|p1a: Wo-Chien\n|-resisted|p1a: Wo-Chien\n|-damage|p1a: Wo-Chien|73\/100\n|j| SandGetsEverywhere\n|\n|t:|1700356305\n|switch|p2a: Samurott|Samurott-Hisui, M|62\/100|[from] U-turn\n|move|p1a: Wo-Chien|Giga Drain|p2a: Samurott\n|-supereffective|p2a: Samurott\n|-damage|p2a: Samurott|16\/100\n|-heal|p1a: Wo-Chien|96\/100|[from] drain|[of] p2a: Samurott\n|\n|upkeep\n|turn|32\n|\n|t:|1700356318\n|switch|p1a: Quaquaval|Quaquaval, M|100\/100\n|-damage|p1a: Quaquaval|84\/100|[from] Spikes\n|move|p2a: Samurott|Aqua Cutter|p1a: Quaquaval\n|-resisted|p1a: Quaquaval\n|-damage|p1a: Quaquaval|54\/100\n|\n|upkeep\n|turn|33\n|\n|t:|1700356328\n|switch|p2a: Sneasler|Sneasler, F|71\/100\n|move|p1a: Quaquaval|Aqua Step|p2a: Sneasler\n|-damage|p2a: Sneasler|0 fnt\n|-boost|p1a: Quaquaval|spe|1\n|faint|p2a: Sneasler\n|-ability|p1a: Quaquaval|Moxie|boost\n|-boost|p1a: Quaquaval|atk|1\n|\n|upkeep\n|-message|hoons forfeited.\n|\n|win|Adair124\n|raw|Adair124's rating: 1562 &rarr; <strong>1587<\/strong><br \/>(+25 for winning)\n|raw|hoons's rating: 1647 &rarr; <strong>1622<\/strong><br \/>(-25 for losing)\n|l|\u2606hoons\n|c|\u2606Adair124|gg\n","uploadtime":1700356364,"views":20,"p1id":"adair124","p2id":"hoons","formatid":"gen9ou","rating":1587,"private":0,"password":""}