{"id":"gen9ou-1989503989","p1":"real doo blaster","p2":"jimmysx17","format":"[Gen 9] OU","log":"|j|\u2606real doo blaster\n|j|\u2606jimmysx17\n|t:|1699861908\n|gametype|singles\n|player|p1|real doo blaster|backersf|1303\n|player|p2|jimmysx17|hoopster|1382\n|teamsize|p1|6\n|teamsize|p2|6\n|gen|9\n|tier|[Gen 9] OU\n|rated|\n|rule|Sleep Clause Mod: Limit one foe put to sleep\n|rule|Species Clause: Limit one of each Pok\u00e9mon\n|rule|OHKO Clause: OHKO moves are banned\n|rule|Evasion Items Clause: Evasion items are banned\n|rule|Evasion Moves Clause: Evasion moves are banned\n|rule|Endless Battle Clause: Forcing endless battles is banned\n|rule|HP Percentage Mod: HP is shown in percentages\n|clearpoke\n|poke|p1|Regidrago|\n|poke|p1|Kingambit, M|\n|poke|p1|Slowbro-Galar, F|\n|poke|p1|Corviknight, M|\n|poke|p1|Goodra-Hisui, M|\n|poke|p1|Samurott-Hisui, F|\n|poke|p2|Samurott-Hisui, F|\n|poke|p2|Ting-Lu|\n|poke|p2|Ribombee, M|\n|poke|p2|Kingambit, M|\n|poke|p2|Gholdengo|\n|poke|p2|Great Tusk|\n|teampreview\n|\n|t:|1699861919\n|start\n|switch|p1a: Pikmin 2|Slowbro-Galar, F|100\/100\n|switch|p2a: Ribombee|Ribombee, M|100\/100\n|turn|1\n|-activate|p1a: Pikmin 2|ability: Quick Draw\n|\n|t:|1699861929\n|move|p1a: Pikmin 2|Sludge Bomb|p2a: Ribombee\n|-supereffective|p2a: Ribombee\n|-enditem|p2a: Ribombee|Focus Sash\n|-damage|p2a: Ribombee|1\/100\n|move|p2a: Ribombee|Stun Spore|p1a: Pikmin 2|[miss]\n|-miss|p2a: Ribombee|p1a: Pikmin 2\n|\n|upkeep\n|turn|2\n|\n|t:|1699861939\n|move|p2a: Ribombee|Sticky Web|p1a: Pikmin 2\n|-sidestart|p1: real doo blaster|move: Sticky Web\n|move|p1a: Pikmin 2|Sludge Bomb|p2a: Ribombee\n|-supereffective|p2a: Ribombee\n|-damage|p2a: Ribombee|0 fnt\n|faint|p2a: Ribombee\n|\n|upkeep\n|\n|t:|1699861954\n|switch|p2a: Samurott|Samurott-Hisui, F|100\/100\n|turn|3\n|\n|t:|1699861962\n|switch|p1a: goondra|Goodra-Hisui, M|100\/100\n|-activate|p1a: goondra|move: Sticky Web\n|-unboost|p1a: goondra|spe|1\n|move|p2a: Samurott|Ceaseless Edge|p1a: goondra\n|-damage|p1a: goondra|68\/100\n|-sidestart|p1: real doo blaster|Spikes\n|\n|upkeep\n|turn|4\n|\n|t:|1699861970\n|move|p2a: Samurott|Ceaseless Edge|p1a: goondra\n|-damage|p1a: goondra|33\/100\n|-sidestart|p1: real doo blaster|Spikes\n|move|p1a: goondra|Counter|p2a: Samurott\n|-damage|p2a: Samurott|21\/100\n|\n|upkeep\n|turn|5\n|\n|t:|1699861983\n|move|p2a: Samurott|Ceaseless Edge|p1a: goondra|[miss]\n|-miss|p2a: Samurott|p1a: goondra\n|move|p1a: goondra|Fire Blast|p2a: Samurott\n|-resisted|p2a: Samurott\n|-damage|p2a: Samurott|7\/100\n|\n|upkeep\n|turn|6\n|\n|t:|1699861991\n|move|p2a: Samurott|Ceaseless Edge|p1a: goondra\n|-damage|p1a: goondra|1\/100\n|-sidestart|p1: real doo blaster|Spikes\n|move|p1a: goondra|Flash Cannon|p2a: Samurott\n|-resisted|p2a: Samurott\n|-damage|p2a: Samurott|0 fnt\n|faint|p2a: Samurott\n|\n|upkeep\n|\n|t:|1699861999\n|switch|p2a: Ting-Lu|Ting-Lu|100\/100\n|-ability|p2a: Ting-Lu|Vessel of Ruin\n|turn|7\n|\n|t:|1699862007\n|move|p2a: Ting-Lu|Stealth Rock|p1a: goondra\n|-sidestart|p1: real doo blaster|move: Stealth Rock\n|move|p1a: goondra|Draco Meteor|p2a: Ting-Lu\n|-damage|p2a: Ting-Lu|71\/100\n|-unboost|p1a: goondra|spa|2\n|\n|-heal|p2a: Ting-Lu|77\/100|[from] item: Leftovers\n|upkeep\n|turn|8\n|\n|t:|1699862020\n|move|p1a: goondra|Fire Blast|p2a: Ting-Lu\n|-damage|p2a: Ting-Lu|69\/100\n|move|p2a: Ting-Lu|Whirlwind|p1a: goondra\n|drag|p1a: Lord Garmadon|Samurott-Hisui, F|100\/100\n|-activate|p1a: Lord Garmadon|move: Sticky Web\n|-unboost|p1a: Lord Garmadon|spe|1\n|-damage|p1a: Lord Garmadon|76\/100|[from] Spikes\n|-damage|p1a: Lord Garmadon|63\/100|[from] Stealth Rock\n|\n|-heal|p2a: Ting-Lu|75\/100|[from] item: Leftovers\n|upkeep\n|turn|9\n|\n|t:|1699862033\n|move|p1a: Lord Garmadon|Aqua Cutter|p2a: Ting-Lu\n|-supereffective|p2a: Ting-Lu\n|-damage|p2a: Ting-Lu|10\/100\n|move|p2a: Ting-Lu|Earthquake|p1a: Lord Garmadon\n|-damage|p1a: Lord Garmadon|11\/100\n|\n|-heal|p2a: Ting-Lu|16\/100|[from] item: Leftovers\n|upkeep\n|turn|10\n|\n|t:|1699862044\n|move|p1a: Lord Garmadon|Aqua Cutter|p2a: Ting-Lu\n|-supereffective|p2a: Ting-Lu\n|-damage|p2a: Ting-Lu|0 fnt\n|faint|p2a: Ting-Lu\n|\n|upkeep\n|\n|t:|1699862052\n|switch|p2a: Gholdengo|Gholdengo|100\/100\n|turn|11\n|\n|t:|1699862056\n|switch|p1a: goondra|Goodra-Hisui, M|1\/100\n|-activate|p1a: goondra|move: Sticky Web\n|-unboost|p1a: goondra|spe|1\n|-damage|p1a: goondra|0 fnt|[from] Spikes\n|faint|p1a: goondra\n|move|p2a: Gholdengo|Shadow Ball|p1: goondra|[notarget]\n|-fail|p2a: Gholdengo\n|\n|upkeep\n|\n|t:|1699862079\n|switch|p1a: doo blaster|Regidrago|100\/100\n|-activate|p1a: doo blaster|move: Sticky Web\n|-unboost|p1a: doo blaster|spe|1\n|-damage|p1a: doo blaster|75\/100|[from] Spikes\n|-damage|p1a: doo blaster|63\/100|[from] Stealth Rock\n|turn|12\n|\n|t:|1699862089\n|move|p2a: Gholdengo|Shadow Ball|p1a: doo blaster\n|-damage|p1a: doo blaster|18\/100\n|move|p1a: doo blaster|Earth Power|p2a: Gholdengo\n|-supereffective|p2a: Gholdengo\n|-damage|p2a: Gholdengo|34\/100\n|\n|upkeep\n|turn|13\n|-activate|p1a: doo blaster|item: Quick Claw\n|\n|t:|1699862096\n|move|p1a: doo blaster|Earth Power|p2a: Gholdengo\n|-supereffective|p2a: Gholdengo\n|-damage|p2a: Gholdengo|0 fnt\n|faint|p2a: Gholdengo\n|\n|upkeep\n|\n|t:|1699862105\n|switch|p2a: Great Tusk|Great Tusk|100\/100\n|turn|14\n|\n|t:|1699862110\n|move|p2a: Great Tusk|Rapid Spin|p1a: doo blaster\n|-damage|p1a: doo blaster|1\/100\n|-boost|p2a: Great Tusk|spe|1\n|move|p1a: doo blaster|Dragon Pulse|p2a: Great Tusk\n|-damage|p2a: Great Tusk|16\/100\n|\n|-heal|p2a: Great Tusk|22\/100|[from] item: Leftovers\n|upkeep\n|turn|15\n|\n|t:|1699862119\n|move|p2a: Great Tusk|Rapid Spin|p1a: doo blaster\n|-damage|p1a: doo blaster|0 fnt\n|-boost|p2a: Great Tusk|spe|1\n|faint|p1a: doo blaster\n|\n|-heal|p2a: Great Tusk|29\/100|[from] item: Leftovers\n|upkeep\n|\n|t:|1699862126\n|switch|p1a: Almost a horse|Corviknight, M|100\/100\n|-damage|p1a: Almost a horse|88\/100|[from] Stealth Rock\n|-ability|p1a: Almost a horse|Pressure\n|turn|16\n|\n|t:|1699862133\n|move|p2a: Great Tusk|Knock Off|p1a: Almost a horse\n|-damage|p1a: Almost a horse|68\/100\n|-enditem|p1a: Almost a horse|Leftovers|[from] move: Knock Off|[of] p2a: Great Tusk\n|move|p1a: Almost a horse|Defog|p2a: Great Tusk\n|-unboost|p2a: Great Tusk|evasion|1\n|-sideend|p1: real doo blaster|Spikes|[from] move: Defog|[of] p1a: Almost a horse\n|-sideend|p1: real doo blaster|Stealth Rock|[from] move: Defog|[of] p1a: Almost a horse\n|-sideend|p1: real doo blaster|Sticky Web|[from] move: Defog|[of] p1a: Almost a horse\n|\n|-heal|p2a: Great Tusk|35\/100|[from] item: Leftovers\n|upkeep\n|turn|17\n|\n|t:|1699862143\n|move|p2a: Great Tusk|Ice Spinner|p1a: Almost a horse\n|-damage|p1a: Almost a horse|51\/100\n|move|p1a: Almost a horse|Brave Bird|p2a: Great Tusk\n|-supereffective|p2a: Great Tusk\n|-damage|p2a: Great Tusk|0 fnt\n|faint|p2a: Great Tusk\n|-end|p2a: Great Tusk|Protosynthesis|[silent]\n|-damage|p1a: Almost a horse|41\/100|[from] Recoil\n|\n|upkeep\n|\n|t:|1699862153\n|switch|p2a: Kingambit|Kingambit, M|100\/100\n|-activate|p2a: Kingambit|ability: Supreme Overlord\n|-start|p2a: Kingambit|fallen5|[silent]\n|turn|18\n|\n|t:|1699862161\n|move|p1a: Almost a horse|U-turn|p2a: Kingambit\n|-damage|p2a: Kingambit|90\/100\n|\n|t:|1699862167\n|switch|p1a: Pikmin 2|Slowbro-Galar, F|100\/100|[from] U-turn\n|move|p2a: Kingambit|Swords Dance|p2a: Kingambit\n|-boost|p2a: Kingambit|atk|2\n|\n|upkeep\n|turn|19\n|\n|t:|1699862174\n|move|p2a: Kingambit|Sucker Punch|p1a: Pikmin 2\n|-supereffective|p1a: Pikmin 2\n|-damage|p1a: Pikmin 2|0 fnt\n|faint|p1a: Pikmin 2\n|\n|upkeep\n|\n|t:|1699862182\n|switch|p1a: Lord Garmadon|Samurott-Hisui, F|11\/100\n|turn|20\n|\n|t:|1699862187\n|move|p1a: Lord Garmadon|Aqua Jet|p2a: Kingambit\n|-damage|p2a: Kingambit|70\/100\n|move|p2a: Kingambit|Sucker Punch||[still]\n|-fail|p2a: Kingambit\n|\n|upkeep\n|turn|21\n|\n|t:|1699862199\n|switch|p1a: Almost a horse|Corviknight, M|41\/100\n|-ability|p1a: Almost a horse|Pressure\n|move|p2a: Kingambit|Low Sweep|p1a: Almost a horse\n|-damage|p1a: Almost a horse|0 fnt\n|faint|p1a: Almost a horse\n|\n|upkeep\n|\n|t:|1699862200\n|switch|p1a: Lord Garmadon|Samurott-Hisui, F|11\/100\n|turn|22\n|\n|t:|1699862209\n|move|p1a: Lord Garmadon|Sacred Sword|p2a: Kingambit\n|-supereffective|p2a: Kingambit\n|-damage|p2a: Kingambit|0 fnt\n|faint|p2a: Kingambit\n|-end|p2a: Kingambit|fallen5|[silent]\n|\n|win|real doo blaster\n|raw|real doo blaster's rating: 1303 &rarr; <strong>1327<\/strong><br \/>(+24 for winning)\n|raw|jimmysx17's rating: 1382 &rarr; <strong>1358<\/strong><br \/>(-24 for losing)\n|l|\u2606jimmysx17\n|c|\u2606real doo blaster|LOL\n","uploadtime":1699862218,"views":9,"p1id":"realdooblaster","p2id":"jimmysx17","formatid":"gen9ou","rating":1327,"private":0,"password":""}