{"id":"gen9ou-1993294150","p1":"ihateunder","p2":"snotnosezill","format":"[Gen 9] OU","log":"|j|\u2606ihateunder\n|j|\u2606snotnosezill\n|t:|1700292163\n|gametype|singles\n|player|p1|ihateunder|102|1203\n|player|p2|snotnosezill|2|1224\n|teamsize|p1|6\n|teamsize|p2|6\n|gen|9\n|tier|[Gen 9] OU\n|rated|\n|rule|Sleep Clause Mod: Limit one foe put to sleep\n|rule|Species Clause: Limit one of each Pok\u00e9mon\n|rule|OHKO Clause: OHKO moves are banned\n|rule|Evasion Items Clause: Evasion items are banned\n|rule|Evasion Moves Clause: Evasion moves are banned\n|rule|Endless Battle Clause: Forcing endless battles is banned\n|rule|HP Percentage Mod: HP is shown in percentages\n|clearpoke\n|poke|p1|Samurott-Hisui, M|\n|poke|p1|Hatterene, F|\n|poke|p1|Rillaboom, M|\n|poke|p1|Toxapex, F|\n|poke|p1|Sneasler, M|\n|poke|p1|Iron Valiant|\n|poke|p2|Ninetales, M|\n|poke|p2|Skeledirge, F|\n|poke|p2|Heatran, F|\n|poke|p2|Walking Wake|\n|poke|p2|Moltres-Galar|\n|poke|p2|Landorus-Therian, M|\n|teampreview\n|\n|t:|1700292170\n|start\n|switch|p1a: Rillaboom|Rillaboom, M|100\/100\n|switch|p2a: Landorus|Landorus-Therian, M|100\/100\n|-ability|p2a: Landorus|Intimidate|boost\n|-unboost|p1a: Rillaboom|atk|1\n|-fieldstart|move: Grassy Terrain|[from] ability: Grassy Surge|[of] p1a: Rillaboom\n|turn|1\n|\n|t:|1700292202\n|move|p2a: Landorus|U-turn|p1a: Rillaboom\n|-supereffective|p1a: Rillaboom\n|-damage|p1a: Rillaboom|43\/100\n|\n|t:|1700292208\n|switch|p2a: Ninetales|Ninetales, M|100\/100|[from] U-turn\n|-weather|SunnyDay|[from] ability: Drought|[of] p2a: Ninetales\n|move|p1a: Rillaboom|Swords Dance|p1a: Rillaboom\n|-boost|p1a: Rillaboom|atk|2\n|\n|-weather|SunnyDay|[upkeep]\n|-heal|p1a: Rillaboom|49\/100|[from] Grassy Terrain\n|-heal|p1a: Rillaboom|55\/100|[from] item: Leftovers\n|upkeep\n|turn|2\n|inactive|Battle timer is ON: inactive players will automatically lose when time's up. (requested by ihateunder)\n|\n|t:|1700292252\n|switch|p1a: Toxapex|Toxapex, F|100\/100\n|move|p2a: Ninetales|Overheat|p1a: Toxapex\n|-resisted|p1a: Toxapex\n|-damage|p1a: Toxapex|76\/100\n|-unboost|p2a: Ninetales|spa|2\n|\n|-weather|SunnyDay|[upkeep]\n|-heal|p1a: Toxapex|82\/100|[from] Grassy Terrain\n|-heal|p1a: Toxapex|88\/100|[from] item: Black Sludge\n|upkeep\n|turn|3\n|\n|t:|1700292276\n|switch|p2a: Heatran|Heatran, F|100\/100\n|-item|p2a: Heatran|Air Balloon\n|move|p1a: Toxapex|Toxic|p2a: Heatran\n|-immune|p2a: Heatran\n|\n|-weather|SunnyDay|[upkeep]\n|-heal|p1a: Toxapex|94\/100|[from] Grassy Terrain\n|-heal|p1a: Toxapex|99\/100|[from] item: Black Sludge\n|upkeep\n|turn|4\n|\n|t:|1700292291\n|move|p2a: Heatran|Magma Storm|p1a: Toxapex|[miss]\n|-miss|p2a: Heatran|p1a: Toxapex\n|move|p1a: Toxapex|Infestation|p2a: Heatran\n|-resisted|p2a: Heatran\n|-damage|p2a: Heatran|99\/100\n|-activate|p2a: Heatran|move: Infestation|[of] p1a: Toxapex\n|-enditem|p2a: Heatran|Air Balloon\n|\n|-weather|SunnyDay|[upkeep]\n|-heal|p2a: Heatran|100\/100|[from] Grassy Terrain\n|-heal|p1a: Toxapex|100\/100|[from] Grassy Terrain\n|-damage|p2a: Heatran|88\/100|[from] move: Infestation|[partiallytrapped]\n|upkeep\n|turn|5\n|\n|t:|1700292303\n|move|p1a: Toxapex|Baneful Bunker|p1a: Toxapex\n|-singleturn|p1a: Toxapex|move: Protect\n|move|p2a: Heatran|Magma Storm|p1a: Toxapex\n|-activate|p1a: Toxapex|move: Protect\n|\n|-weather|SunnyDay|[upkeep]\n|-heal|p2a: Heatran|94\/100|[from] Grassy Terrain\n|-damage|p2a: Heatran|82\/100|[from] move: Infestation|[partiallytrapped]\n|-fieldend|move: Grassy Terrain\n|upkeep\n|turn|6\n|\n|t:|1700292321\n|switch|p1a: Samurott|Samurott-Hisui, M|100\/100\n|move|p2a: Heatran|Magma Storm|p1a: Samurott\n|-resisted|p1a: Samurott\n|-damage|p1a: Samurott|44\/100\n|-activate|p1a: Samurott|move: Magma Storm|[of] p2a: Heatran\n|\n|-weather|SunnyDay|[upkeep]\n|-damage|p1a: Samurott|32\/100|[from] move: Magma Storm|[partiallytrapped]\n|-end|p2a: Heatran|Infestation|[partiallytrapped]|[silent]\n|upkeep\n|turn|7\n|inactive|snotnosezill has 120 seconds left.\n|\n|t:|1700292354\n|-terastallize|p2a: Heatran|Grass\n|move|p1a: Samurott|Sacred Sword|p2a: Heatran\n|-damage|p2a: Heatran|42\/100\n|move|p2a: Heatran|Solar Beam||[still]\n|-prepare|p2a: Heatran|Solar Beam\n|-anim|p2a: Heatran|Solar Beam|p1a: Samurott\n|-supereffective|p1a: Samurott\n|-damage|p1a: Samurott|0 fnt\n|faint|p1a: Samurott\n|\n|-weather|SunnyDay|[upkeep]\n|upkeep\n|inactive|ihateunder has 120 seconds left.\n|inactive|ihateunder has 90 seconds left.\n|\n|t:|1700292401\n|switch|p1a: Sneasler|Sneasler, M|100\/100\n|turn|8\n|inactive|snotnosezill has 90 seconds left.\n|\n|t:|1700292434\n|move|p2a: Heatran|Protect|p2a: Heatran\n|-singleturn|p2a: Heatran|Protect\n|move|p1a: Sneasler|Dire Claw|p2a: Heatran\n|-activate|p2a: Heatran|move: Protect\n|\n|-weather|none\n|upkeep\n|turn|9\n|inactive|snotnosezill has 90 seconds left.\n|\n|t:|1700292455\n|switch|p2a: Landorus|Landorus-Therian, M|100\/100\n|-ability|p2a: Landorus|Intimidate|boost\n|-unboost|p1a: Sneasler|atk|1\n|move|p1a: Sneasler|Dire Claw|p2a: Landorus\n|-resisted|p2a: Landorus\n|-damage|p2a: Landorus|85\/100\n|\n|upkeep\n|turn|10\n|inactive|ihateunder has 90 seconds left.\n|\n|t:|1700292482\n|switch|p1a: Rillaboom|Rillaboom, M|55\/100\n|-fieldstart|move: Grassy Terrain|[from] ability: Grassy Surge|[of] p1a: Rillaboom\n|move|p2a: Landorus|Earthquake|p1a: Rillaboom\n|-resisted|p1a: Rillaboom\n|-damage|p1a: Rillaboom|39\/100\n|\n|-heal|p1a: Rillaboom|45\/100|[from] Grassy Terrain\n|-heal|p1a: Rillaboom|51\/100|[from] item: Leftovers\n|upkeep\n|turn|11\n|\n|t:|1700292494\n|switch|p2a: Ninetales|Ninetales, M|100\/100\n|-weather|SunnyDay|[from] ability: Drought|[of] p2a: Ninetales\n|move|p1a: Rillaboom|Knock Off|p2a: Ninetales\n|-damage|p2a: Ninetales|60\/100\n|-enditem|p2a: Ninetales|Heat Rock|[from] move: Knock Off|[of] p1a: Rillaboom\n|\n|-weather|SunnyDay|[upkeep]\n|-heal|p2a: Ninetales|66\/100|[from] Grassy Terrain\n|-heal|p1a: Rillaboom|57\/100|[from] Grassy Terrain\n|-heal|p1a: Rillaboom|63\/100|[from] item: Leftovers\n|upkeep\n|turn|12\n|\n|t:|1700292512\n|switch|p1a: Toxapex|Toxapex, F|100\/100\n|move|p2a: Ninetales|Will-O-Wisp|p1a: Toxapex\n|-status|p1a: Toxapex|brn\n|\n|-weather|SunnyDay|[upkeep]\n|-heal|p2a: Ninetales|72\/100|[from] Grassy Terrain\n|-damage|p1a: Toxapex|95\/100 brn|[from] brn\n|upkeep\n|turn|13\n|\n|t:|1700292535\n|switch|p2a: Heatran|Heatran, F, tera:Grass|42\/100\n|move|p1a: Toxapex|Toxic|p2a: Heatran\n|-status|p2a: Heatran|tox\n|\n|-weather|SunnyDay|[upkeep]\n|-heal|p2a: Heatran|48\/100 tox|[from] Grassy Terrain\n|-heal|p1a: Toxapex|100\/100 brn|[from] Grassy Terrain\n|-damage|p2a: Heatran|42\/100 tox|[from] psn\n|-damage|p1a: Toxapex|95\/100 brn|[from] brn\n|upkeep\n|turn|14\n|inactive|ihateunder has 90 seconds left.\n|inactive|snotnosezill has 60 seconds left.\n|\n|t:|1700292554\n|move|p2a: Heatran|Earth Power|p1a: Toxapex\n|-supereffective|p1a: Toxapex\n|-damage|p1a: Toxapex|44\/100 brn\n|move|p1a: Toxapex|Recover|p1a: Toxapex\n|-heal|p1a: Toxapex|94\/100 brn\n|\n|-weather|SunnyDay|[upkeep]\n|-heal|p2a: Heatran|48\/100 tox|[from] Grassy Terrain\n|-heal|p1a: Toxapex|99\/100 brn|[from] Grassy Terrain\n|-heal|p1a: Toxapex|100\/100 brn|[from] item: Black Sludge\n|-damage|p2a: Heatran|36\/100 tox|[from] psn\n|-damage|p1a: Toxapex|95\/100 brn|[from] brn\n|-fieldend|move: Grassy Terrain\n|upkeep\n|turn|15\n|inactive|snotnosezill has 60 seconds left.\n|\n|t:|1700292570\n|switch|p2a: Moltres|Moltres-Galar|100\/100\n|move|p1a: Toxapex|Baneful Bunker||[still]\n|-fail|p1a: Toxapex\n|\n|-weather|SunnyDay|[upkeep]\n|-heal|p1a: Toxapex|100\/100 brn|[from] item: Black Sludge\n|-damage|p1a: Toxapex|95\/100 brn|[from] brn\n|upkeep\n|turn|16\n|inactive|snotnosezill has 60 seconds left.\n|\n|t:|1700292580\n|move|p2a: Moltres|Taunt|p1a: Toxapex\n|-start|p1a: Toxapex|move: Taunt\n|cant|p1a: Toxapex|move: Taunt|Toxic\n|\n|-weather|SunnyDay|[upkeep]\n|-heal|p1a: Toxapex|100\/100 brn|[from] item: Black Sludge\n|-damage|p1a: Toxapex|95\/100 brn|[from] brn\n|upkeep\n|turn|17\n|inactive|snotnosezill has 60 seconds left.\n|\n|t:|1700292606\n|switch|p1a: Rillaboom|Rillaboom, M|63\/100\n|-fieldstart|move: Grassy Terrain|[from] ability: Grassy Surge|[of] p1a: Rillaboom\n|move|p2a: Moltres|Agility|p2a: Moltres\n|-boost|p2a: Moltres|spe|2\n|\n|-weather|SunnyDay|[upkeep]\n|-heal|p1a: Rillaboom|69\/100|[from] Grassy Terrain\n|-heal|p1a: Rillaboom|76\/100|[from] item: Leftovers\n|upkeep\n|turn|18\n|\n|t:|1700292620\n|move|p2a: Moltres|Nasty Plot|p2a: Moltres\n|-boost|p2a: Moltres|spa|2\n|move|p1a: Rillaboom|Wood Hammer|p2a: Moltres\n|-resisted|p2a: Moltres\n|-damage|p2a: Moltres|58\/100\n|-damage|p1a: Rillaboom|62\/100|[from] Recoil\n|\n|-weather|none\n|-heal|p1a: Rillaboom|69\/100|[from] Grassy Terrain\n|-heal|p1a: Rillaboom|75\/100|[from] item: Leftovers\n|upkeep\n|turn|19\n|\n|t:|1700292632\n|move|p1a: Rillaboom|Grassy Glide|p2a: Moltres\n|-resisted|p2a: Moltres\n|-damage|p2a: Moltres|36\/100\n|-ability|p2a: Moltres|Berserk|boost\n|-boost|p2a: Moltres|spa|1\n|-enditem|p2a: Moltres|Sitrus Berry|[eat]\n|-heal|p2a: Moltres|61\/100|[from] item: Sitrus Berry\n|move|p2a: Moltres|Fiery Wrath|p1a: Rillaboom\n|-damage|p1a: Rillaboom|0 fnt\n|faint|p1a: Rillaboom\n|\n|upkeep\n|\n|t:|1700292635\n|switch|p1a: Sneasler|Sneasler, M|100\/100\n|-enditem|p1a: Sneasler|Grassy Seed\n|-boost|p1a: Sneasler|def|1|[from] item: Grassy Seed\n|turn|20\n|inactive|snotnosezill has 60 seconds left.\n|\n|t:|1700292659\n|move|p1a: Sneasler|Dire Claw|p2a: Moltres\n|-damage|p2a: Moltres|11\/100\n|-status|p2a: Moltres|slp\n|-ability|p2a: Moltres|Berserk|boost\n|-boost|p2a: Moltres|spa|1\n|cant|p2a: Moltres|slp\n|\n|upkeep\n|turn|21\n|inactive|ihateunder has 120 seconds left.\n|\n|t:|1700292679\n|switch|p2a: Landorus|Landorus-Therian, M|85\/100\n|-ability|p2a: Landorus|Intimidate|boost\n|-unboost|p1a: Sneasler|atk|1\n|move|p1a: Sneasler|Swords Dance|p1a: Sneasler\n|-boost|p1a: Sneasler|atk|2\n|\n|-fieldend|move: Grassy Terrain\n|upkeep\n|turn|22\n|inactive|ihateunder has 120 seconds left.\n|inactive|snotnosezill has 30 seconds left.\n|inactive|snotnosezill has 20 seconds left.\n|inactive|snotnosezill has 15 seconds left.\n|\n|t:|1700292722\n|-terastallize|p1a: Sneasler|Dark\n|move|p1a: Sneasler|Swords Dance|p1a: Sneasler\n|-boost|p1a: Sneasler|atk|2\n|move|p2a: Landorus|Earthquake|p1a: Sneasler\n|-damage|p1a: Sneasler|35\/100\n|\n|upkeep\n|turn|23\n|inactive|snotnosezill has 25 seconds left this turn.\n|inactive|snotnosezill has 20 seconds left.\n|inactive|snotnosezill has 15 seconds left.\n|inactive|snotnosezill has 10 seconds left.\n|inactive|snotnosezill has 5 seconds left.\n|\n|t:|1700292745\n|move|p1a: Sneasler|Night Slash|p2a: Landorus\n|-damage|p2a: Landorus|0 fnt\n|faint|p2a: Landorus\n|\n|upkeep\n|inactive|snotnosezill has 10 seconds left this turn.\n|inactive|snotnosezill has 5 seconds left.\n|\n|t:|1700292750\n|switch|p2a: Skeledirge|Skeledirge, F|100\/100\n|turn|24\n|inactive|snotnosezill has 15 seconds left this turn.\n|\n|t:|1700292754\n|move|p1a: Sneasler|Night Slash|p2a: Skeledirge\n|-supereffective|p2a: Skeledirge\n|-damage|p2a: Skeledirge|39\/100\n|move|p2a: Skeledirge|Torch Song|p1a: Sneasler\n|-damage|p1a: Sneasler|0 fnt\n|-boost|p2a: Skeledirge|spa|1\n|faint|p1a: Sneasler\n|\n|upkeep\n|inactive|snotnosezill has 20 seconds left this turn.\n|\n|t:|1700292770\n|switch|p1a: Iron Valiant|Iron Valiant|100\/100\n|-enditem|p1a: Iron Valiant|Booster Energy\n|-activate|p1a: Iron Valiant|ability: Quark Drive|[fromitem]\n|-start|p1a: Iron Valiant|quarkdrivespe\n|turn|25\n|inactive|snotnosezill has 30 seconds left this turn.\n|inactive|snotnosezill has 20 seconds left.\n|inactive|snotnosezill has 15 seconds left.\n|inactive|snotnosezill has 10 seconds left.\n|\n|t:|1700292793\n|move|p1a: Iron Valiant|Knock Off|p2a: Skeledirge\n|-supereffective|p2a: Skeledirge\n|-damage|p2a: Skeledirge|0 fnt\n|-enditem|p2a: Skeledirge|Blunder Policy|[from] move: Knock Off|[of] p1a: Iron Valiant\n|faint|p2a: Skeledirge\n|\n|upkeep\n|inactive|snotnosezill has 15 seconds left this turn.\n|inactive|snotnosezill has 10 seconds left.\n|\n|t:|1700292803\n|switch|p2a: Ninetales|Ninetales, M|72\/100\n|-weather|SunnyDay|[from] ability: Drought|[of] p2a: Ninetales\n|turn|26\n|inactive|snotnosezill has 20 seconds left this turn.\n|inactive|snotnosezill has 15 seconds left.\n|inactive|snotnosezill has 10 seconds left.\n|\n|t:|1700292828\n|-end|p1a: Iron Valiant|Quark Drive|[silent]\n|switch|p1a: Toxapex|Toxapex, F|100\/100 brn\n|move|p2a: Ninetales|Healing Wish|p2a: Ninetales\n|faint|p2a: Ninetales\n|\n|-weather|SunnyDay|[upkeep]\n|-damage|p1a: Toxapex|95\/100 brn|[from] brn\n|upkeep\n|inactive|snotnosezill has 15 seconds left this turn.\n|inactive|snotnosezill has 10 seconds left.\n|inactive|snotnosezill has 5 seconds left.\n|\n|t:|1700292840\n|switch|p2a: Moltres|Moltres-Galar|11\/100 slp\n|-heal|p2a: Moltres|100\/100|[from] move: Healing Wish\n|turn|27\n|inactive|snotnosezill has 15 seconds left this turn.\n|inactive|snotnosezill has 10 seconds left.\n|\n|t:|1700292846\n|move|p2a: Moltres|Taunt|p1a: Toxapex\n|-start|p1a: Toxapex|move: Taunt\n|cant|p1a: Toxapex|move: Taunt|Toxic\n|\n|-weather|SunnyDay|[upkeep]\n|-heal|p1a: Toxapex|100\/100 brn|[from] item: Black Sludge\n|-damage|p1a: Toxapex|95\/100 brn|[from] brn\n|upkeep\n|turn|28\n|inactive|snotnosezill has 20 seconds left this turn.\n|inactive|snotnosezill has 15 seconds left.\n|\n|t:|1700292854\n|switch|p1a: Hatterene|Hatterene, F|100\/100\n|move|p2a: Moltres|Agility|p2a: Moltres\n|-boost|p2a: Moltres|spe|2\n|\n|-weather|SunnyDay|[upkeep]\n|upkeep\n|turn|29\n|inactive|snotnosezill has 25 seconds left this turn.\n|inactive|snotnosezill has 20 seconds left.\n|inactive|snotnosezill has 15 seconds left.\n|inactive|snotnosezill has 10 seconds left.\n|inactive|snotnosezill has 5 seconds left.\n|\n|t:|1700292877\n|move|p2a: Moltres|Fiery Wrath|p1a: Hatterene\n|-damage|p1a: Hatterene|39\/100\n|move|p1a: Hatterene|Calm Mind|p1a: Hatterene\n|-boost|p1a: Hatterene|spa|1\n|-boost|p1a: Hatterene|spd|1\n|\n|-weather|SunnyDay|[upkeep]\n|-heal|p1a: Hatterene|45\/100|[from] item: Leftovers\n|upkeep\n|turn|30\n|inactive|snotnosezill has 15 seconds left this turn.\n|inactive|snotnosezill has 10 seconds left.\n|inactive|snotnosezill has 5 seconds left.\n|\n|t:|1700292891\n|move|p2a: Moltres|Fiery Wrath|p1a: Hatterene\n|-damage|p1a: Hatterene|7\/100\n|move|p1a: Hatterene|Draining Kiss|p2a: Moltres\n|-supereffective|p2a: Moltres\n|-damage|p2a: Moltres|29\/100\n|-heal|p1a: Hatterene|75\/100|[from] drain|[of] p2a: Moltres\n|-ability|p2a: Moltres|Berserk|boost\n|-boost|p2a: Moltres|spa|1\n|\n|-weather|none\n|-heal|p1a: Hatterene|81\/100|[from] item: Leftovers\n|upkeep\n|turn|31\n|inactive|snotnosezill has 15 seconds left this turn.\n|inactive|snotnosezill has 10 seconds left.\n|inactive|snotnosezill has 5 seconds left.\n|\n|t:|1700292903\n|move|p2a: Moltres|Fiery Wrath|p1a: Hatterene\n|-damage|p1a: Hatterene|24\/100\n|move|p1a: Hatterene|Agility|p1a: Hatterene\n|-boost|p1a: Hatterene|spe|2\n|\n|-heal|p1a: Hatterene|30\/100|[from] item: Leftovers\n|upkeep\n|turn|32\n|inactive|snotnosezill has 15 seconds left this turn.\n|inactive|snotnosezill has 10 seconds left.\n|\n|t:|1700292913\n|move|p2a: Moltres|Fiery Wrath|p1a: Hatterene\n|-damage|p1a: Hatterene|0 fnt\n|faint|p1a: Hatterene\n|\n|upkeep\n|inactive|snotnosezill has 15 seconds left this turn.\n|-message|ihateunder forfeited.\n|\n|win|snotnosezill\n|inactive|snotnosezill has 20 seconds left this turn.\n|raw|ihateunder's rating: 1203 &rarr; <strong>1180<\/strong><br \/>(-23 for losing)\n|raw|snotnosezill's rating: 1224 &rarr; <strong>1247<\/strong><br \/>(+23 for winning)\n|l|\u2606ihateunder\n|l|\u2606snotnosezill\n|j|\u2606snotnosezill\n|player|p2|snotnosezill|2\n","uploadtime":1700293000,"views":20,"p1id":"ihateunder","p2id":"snotnosezill","formatid":"gen9ou","rating":1180,"private":0,"password":""}