{"id":"gen9ou-1998057288","p1":"thunderdog_32","p2":"DGP PLAYER","format":"[Gen 9] OU","log":"|j|\u2606thunderdog_32\n|j|\u2606DGP PLAYER\n|t:|1700884785\n|gametype|singles\n|player|p1|thunderdog_32|102|1269\n|player|p2|DGP PLAYER|hilda-wonderlauncher|1315\n|teamsize|p1|6\n|teamsize|p2|6\n|gen|9\n|tier|[Gen 9] OU\n|rated|\n|rule|Sleep Clause Mod: Limit one foe put to sleep\n|rule|Species Clause: Limit one of each Pok\u00e9mon\n|rule|OHKO Clause: OHKO moves are banned\n|rule|Evasion Items Clause: Evasion items are banned\n|rule|Evasion Moves Clause: Evasion moves are banned\n|rule|Endless Battle Clause: Forcing endless battles is banned\n|rule|HP Percentage Mod: HP is shown in percentages\n|clearpoke\n|poke|p1|Landorus-Therian, M|\n|poke|p1|Heatran, M|\n|poke|p1|Ogerpon-Wellspring, F|\n|poke|p1|Zapdos|\n|poke|p1|Farigiraf, M|\n|poke|p1|Ribombee, F|\n|poke|p2|Cinderace, M|\n|poke|p2|Iron Valiant|\n|poke|p2|Landorus-Therian, M|\n|poke|p2|Hydreigon, M|\n|poke|p2|Empoleon, F|\n|poke|p2|Alomomola, M|\n|teampreview\n|inactive|Battle timer is ON: inactive players will automatically lose when time's up. (requested by DGP PLAYER)\n|\n|t:|1700884804\n|start\n|switch|p1a: Landorus|Landorus-Therian, M|100\/100\n|switch|p2a: \u5e1d\u738b\u62ff\u6ce2|Empoleon, F|100\/100\n|-ability|p1a: Landorus|Intimidate|boost\n|-unboost|p2a: \u5e1d\u738b\u62ff\u6ce2|atk|1\n|-ability|p2a: \u5e1d\u738b\u62ff\u6ce2|Competitive|boost\n|-boost|p2a: \u5e1d\u738b\u62ff\u6ce2|spa|2\n|turn|1\n|\n|t:|1700884810\n|-terastallize|p2a: \u5e1d\u738b\u62ff\u6ce2|Fairy\n|move|p1a: Landorus|Substitute|p1a: Landorus\n|-start|p1a: Landorus|Substitute\n|-damage|p1a: Landorus|76\/100\n|move|p2a: \u5e1d\u738b\u62ff\u6ce2|Ice Beam|p1a: Landorus\n|-supereffective|p1a: Landorus\n|-end|p1a: Landorus|Substitute\n|\n|-heal|p1a: Landorus|82\/100|[from] item: Leftovers\n|upkeep\n|turn|2\n|\n|t:|1700884821\n|switch|p1a: Heatran|Heatran, M|100\/100\n|-item|p1a: Heatran|Air Balloon\n|move|p2a: \u5e1d\u738b\u62ff\u6ce2|Flash Cannon|p1a: Heatran\n|-resisted|p1a: Heatran\n|-damage|p1a: Heatran|91\/100\n|-enditem|p1a: Heatran|Air Balloon\n|\n|upkeep\n|turn|3\n|\n|t:|1700884829\n|switch|p1a: Ogerpon|Ogerpon-Wellspring, F|100\/100\n|move|p2a: \u5e1d\u738b\u62ff\u6ce2|Flip Turn|p1a: Ogerpon\n|-immune|p1a: Ogerpon|[from] ability: Water Absorb\n|\n|upkeep\n|turn|4\n|\n|t:|1700884839\n|move|p1a: Ogerpon|Taunt|p2a: \u5e1d\u738b\u62ff\u6ce2\n|-start|p2a: \u5e1d\u738b\u62ff\u6ce2|move: Taunt\n|move|p2a: \u5e1d\u738b\u62ff\u6ce2|Ice Beam|p1a: Ogerpon\n|-damage|p1a: Ogerpon|52\/100\n|\n|upkeep\n|turn|5\n|\n|t:|1700884855\n|-terastallize|p1a: Ogerpon|Water\n|detailschange|p1a: Ogerpon|Ogerpon-Wellspring-Tera, F, tera:Water\n|-ability|p1a: Ogerpon|Embody Aspect (Wellspring)|boost\n|-boost|p1a: Ogerpon|spd|1\n|move|p1a: Ogerpon|Horn Leech|p2a: \u5e1d\u738b\u62ff\u6ce2\n|-damage|p2a: \u5e1d\u738b\u62ff\u6ce2|57\/100\n|-heal|p1a: Ogerpon|79\/100|[from] drain|[of] p2a: \u5e1d\u738b\u62ff\u6ce2\n|move|p2a: \u5e1d\u738b\u62ff\u6ce2|Ice Beam|p1a: Ogerpon\n|-resisted|p1a: Ogerpon\n|-damage|p1a: Ogerpon|60\/100\n|-status|p1a: Ogerpon|frz\n|\n|-heal|p2a: \u5e1d\u738b\u62ff\u6ce2|63\/100|[from] item: Leftovers\n|upkeep\n|turn|6\n|\n|t:|1700884862\n|-curestatus|p1a: Ogerpon|frz|[msg]\n|move|p1a: Ogerpon|Ivy Cudgel|p2a: \u5e1d\u738b\u62ff\u6ce2|[anim] Ivy Cudgel Water\n|-damage|p2a: \u5e1d\u738b\u62ff\u6ce2|0 fnt\n|faint|p2a: \u5e1d\u738b\u62ff\u6ce2\n|\n|upkeep\n|\n|t:|1700884875\n|switch|p2a: Landorus|Landorus-Therian, M|100\/100\n|-ability|p2a: Landorus|Intimidate|boost\n|-unboost|p1a: Ogerpon|atk|1\n|turn|7\n|\n|t:|1700884884\n|switch|p1a: Zapdos|Zapdos|100\/100\n|move|p2a: Landorus|Earthquake|p1a: Zapdos\n|-immune|p1a: Zapdos\n|\n|upkeep\n|turn|8\n|\n|t:|1700884893\n|switch|p2a: \u4e09\u9996\u6076\u9f99|Hydreigon, M|100\/100\n|move|p1a: Zapdos|Hurricane|p2a: \u4e09\u9996\u6076\u9f99|[miss]\n|-miss|p1a: Zapdos|p2a: \u4e09\u9996\u6076\u9f99\n|\n|upkeep\n|turn|9\n|\n|t:|1700884902\n|move|p2a: \u4e09\u9996\u6076\u9f99|Draco Meteor|p1a: Zapdos|[miss]\n|-miss|p2a: \u4e09\u9996\u6076\u9f99|p1a: Zapdos\n|move|p1a: Zapdos|Volt Switch|p2a: \u4e09\u9996\u6076\u9f99\n|-resisted|p2a: \u4e09\u9996\u6076\u9f99\n|-damage|p2a: \u4e09\u9996\u6076\u9f99|85\/100\n|\n|t:|1700884914\n|switch|p1a: Ribombee|Ribombee, F|100\/100|[from] Volt Switch\n|\n|upkeep\n|turn|10\n|inactive|DGP PLAYER has 120 seconds left.\n|\n|t:|1700884944\n|switch|p2a: Landorus|Landorus-Therian, M|100\/100\n|-ability|p2a: Landorus|Intimidate|boost\n|-unboost|p1a: Ribombee|atk|1\n|move|p1a: Ribombee|Moonblast|p2a: Landorus\n|-damage|p2a: Landorus|52\/100\n|-unboost|p2a: Landorus|spa|1\n|\n|upkeep\n|turn|11\n|\n|t:|1700884957\n|switch|p1a: Landorus|Landorus-Therian, M|82\/100\n|-ability|p1a: Landorus|Intimidate|boost\n|-unboost|p2a: Landorus|atk|1\n|move|p2a: Landorus|Stone Edge|p1a: Landorus\n|-damage|p1a: Landorus|52\/100\n|\n|-heal|p1a: Landorus|58\/100|[from] item: Leftovers\n|upkeep\n|turn|12\n|\n|t:|1700884967\n|switch|p2a: \u4fdd\u59c6\u66fc\u6ce2|Alomomola, M|100\/100\n|move|p1a: Landorus|Substitute|p1a: Landorus\n|-start|p1a: Landorus|Substitute\n|-damage|p1a: Landorus|33\/100\n|\n|-heal|p1a: Landorus|39\/100|[from] item: Leftovers\n|upkeep\n|turn|13\n|\n|t:|1700884977\n|move|p1a: Landorus|Grass Knot|p2a: \u4fdd\u59c6\u66fc\u6ce2\n|-supereffective|p2a: \u4fdd\u59c6\u66fc\u6ce2\n|-damage|p2a: \u4fdd\u59c6\u66fc\u6ce2|68\/100\n|move|p2a: \u4fdd\u59c6\u66fc\u6ce2|Flip Turn|p1a: Landorus\n|-supereffective|p1a: Landorus\n|-end|p1a: Landorus|Substitute\n|\n|t:|1700884980\n|switch|p2a: Landorus|Landorus-Therian, M|52\/100|[from] Flip Turn\n|-ability|p2a: Landorus|Intimidate|boost\n|-unboost|p1a: Landorus|atk|1\n|\n|-heal|p1a: Landorus|45\/100|[from] item: Leftovers\n|upkeep\n|turn|14\n|\n|t:|1700884990\n|switch|p1a: Heatran|Heatran, M|91\/100\n|move|p2a: Landorus|U-turn|p1a: Heatran\n|-resisted|p1a: Heatran\n|-damage|p1a: Heatran|85\/100\n|\n|t:|1700884995\n|switch|p2a: \u4e09\u9996\u6076\u9f99|Hydreigon, M|85\/100|[from] U-turn\n|\n|upkeep\n|turn|15\n|\n|t:|1700884999\n|switch|p1a: Landorus|Landorus-Therian, M|45\/100\n|-ability|p1a: Landorus|Intimidate|boost\n|-unboost|p2a: \u4e09\u9996\u6076\u9f99|atk|1\n|move|p2a: \u4e09\u9996\u6076\u9f99|Dark Pulse|p1a: Landorus\n|-damage|p1a: Landorus|0 fnt\n|faint|p1a: Landorus\n|\n|upkeep\n|\n|t:|1700885022\n|switch|p1a: Ribombee|Ribombee, F|100\/100\n|turn|16\n|\n|t:|1700885030\n|switch|p2a: \u95ea\u7130\u738b\u724c|Cinderace, M|100\/100\n|move|p1a: Ribombee|Stun Spore|p2a: \u95ea\u7130\u738b\u724c\n|-status|p2a: \u95ea\u7130\u738b\u724c|par\n|\n|upkeep\n|turn|17\n|\n|t:|1700885035\n|switch|p1a: Heatran|Heatran, M|85\/100\n|move|p2a: \u95ea\u7130\u738b\u724c|Pyro Ball|p1a: Heatran\n|-start|p1a: Heatran|ability: Flash Fire\n|\n|upkeep\n|turn|18\n|\n|t:|1700885044\n|move|p1a: Heatran|Magma Storm|p2a: \u95ea\u7130\u738b\u724c\n|-resisted|p2a: \u95ea\u7130\u738b\u724c\n|-damage|p2a: \u95ea\u7130\u738b\u724c|58\/100 par\n|-activate|p2a: \u95ea\u7130\u738b\u724c|move: Magma Storm|[of] p1a: Heatran\n|move|p2a: \u95ea\u7130\u738b\u724c|High Jump Kick|p1a: Heatran\n|-start|p2a: \u95ea\u7130\u738b\u724c|typechange|Fighting|[from] ability: Libero\n|-supereffective|p1a: Heatran\n|-damage|p1a: Heatran|0 fnt\n|faint|p1a: Heatran\n|\n|-end|p2a: \u95ea\u7130\u738b\u724c|Magma Storm|[partiallytrapped]|[silent]\n|upkeep\n|\n|t:|1700885047\n|switch|p1a: Ribombee|Ribombee, F|100\/100\n|turn|19\n|\n|t:|1700885054\n|switch|p2a: \u4fdd\u59c6\u66fc\u6ce2|Alomomola, M|100\/100\n|move|p1a: Ribombee|Moonblast|p2a: \u4fdd\u59c6\u66fc\u6ce2\n|-damage|p2a: \u4fdd\u59c6\u66fc\u6ce2|52\/100\n|\n|upkeep\n|turn|20\n|\n|t:|1700885083\n|switch|p1a: Ogerpon|Ogerpon-Wellspring-Tera, F, tera:Water|60\/100\n|-ability|p1a: Ogerpon|Embody Aspect (Wellspring)|boost\n|-boost|p1a: Ogerpon|spd|1\n|move|p2a: \u4fdd\u59c6\u66fc\u6ce2|Flip Turn|p1a: Ogerpon\n|-resisted|p1a: Ogerpon\n|-damage|p1a: Ogerpon|51\/100\n|\n|t:|1700885089\n|switch|p2a: \u95ea\u7130\u738b\u724c|Cinderace, M|58\/100 par|[from] Flip Turn\n|\n|upkeep\n|turn|21\n|\n|t:|1700885097\n|move|p1a: Ogerpon|Ivy Cudgel|p2a: \u95ea\u7130\u738b\u724c|[anim] Ivy Cudgel Water\n|-supereffective|p2a: \u95ea\u7130\u738b\u724c\n|-crit|p2a: \u95ea\u7130\u738b\u724c\n|-damage|p2a: \u95ea\u7130\u738b\u724c|0 fnt\n|faint|p2a: \u95ea\u7130\u738b\u724c\n|\n|upkeep\n|\n|t:|1700885109\n|switch|p2a: Landorus|Landorus-Therian, M|52\/100\n|-ability|p2a: Landorus|Intimidate|boost\n|-unboost|p1a: Ogerpon|atk|1\n|turn|22\n|\n|t:|1700885116\n|switch|p1a: Zapdos|Zapdos|100\/100\n|move|p2a: Landorus|U-turn|p1a: Zapdos\n|-resisted|p1a: Zapdos\n|-damage|p1a: Zapdos|88\/100\n|\n|t:|1700885120\n|switch|p2a: \u4e09\u9996\u6076\u9f99|Hydreigon, M|85\/100|[from] U-turn\n|\n|upkeep\n|turn|23\n|\n|t:|1700885126\n|move|p2a: \u4e09\u9996\u6076\u9f99|Earth Power|p1a: Zapdos\n|-immune|p1a: Zapdos\n|move|p1a: Zapdos|Hurricane|p2a: \u4e09\u9996\u6076\u9f99|[miss]\n|-miss|p1a: Zapdos|p2a: \u4e09\u9996\u6076\u9f99\n|\n|upkeep\n|turn|24\n|\n|t:|1700885139\n|switch|p2a: Landorus|Landorus-Therian, M|52\/100\n|-ability|p2a: Landorus|Intimidate|boost\n|-unboost|p1a: Zapdos|atk|1\n|move|p1a: Zapdos|Hurricane|p2a: Landorus|[miss]\n|-miss|p1a: Zapdos|p2a: Landorus\n|\n|upkeep\n|turn|25\n|\n|t:|1700885147\n|move|p2a: Landorus|U-turn|p1a: Zapdos\n|-resisted|p1a: Zapdos\n|-damage|p1a: Zapdos|76\/100\n|-status|p2a: Landorus|par|[from] ability: Static|[of] p1a: Zapdos\n|\n|t:|1700885150\n|switch|p2a: \u4e09\u9996\u6076\u9f99|Hydreigon, M|85\/100|[from] U-turn\n|move|p1a: Zapdos|Hurricane|p2a: \u4e09\u9996\u6076\u9f99\n|-damage|p2a: \u4e09\u9996\u6076\u9f99|31\/100\n|\n|upkeep\n|turn|26\n|\n|t:|1700885159\n|switch|p1a: Ribombee|Ribombee, F|100\/100\n|move|p2a: \u4e09\u9996\u6076\u9f99|Draco Meteor|p1a: Ribombee\n|-immune|p1a: Ribombee\n|\n|upkeep\n|turn|27\n|\n|t:|1700885168\n|switch|p2a: Landorus|Landorus-Therian, M|52\/100 par\n|-ability|p2a: Landorus|Intimidate|boost\n|-unboost|p1a: Ribombee|atk|1\n|move|p1a: Ribombee|Sticky Web|p2a: Landorus\n|-sidestart|p2: DGP PLAYER|move: Sticky Web\n|\n|upkeep\n|turn|28\n|\n|t:|1700885183\n|move|p1a: Ribombee|Moonblast|p2a: Landorus\n|-damage|p2a: Landorus|4\/100 par\n|move|p2a: Landorus|U-turn|p1a: Ribombee\n|-resisted|p1a: Ribombee\n|-damage|p1a: Ribombee|74\/100\n|\n|t:|1700885190\n|switch|p2a: \u94c1\u6b66\u8005|Iron Valiant|100\/100|[from] U-turn\n|-activate|p2a: \u94c1\u6b66\u8005|move: Sticky Web\n|-unboost|p2a: \u94c1\u6b66\u8005|spe|1\n|-enditem|p2a: \u94c1\u6b66\u8005|Booster Energy\n|-activate|p2a: \u94c1\u6b66\u8005|ability: Quark Drive|[fromitem]\n|-start|p2a: \u94c1\u6b66\u8005|quarkdriveatk\n|\n|upkeep\n|turn|29\n|\n|t:|1700885199\n|move|p1a: Ribombee|Moonblast|p2a: \u94c1\u6b66\u8005\n|-supereffective|p2a: \u94c1\u6b66\u8005\n|-damage|p2a: \u94c1\u6b66\u8005|0 fnt\n|faint|p2a: \u94c1\u6b66\u8005\n|-end|p2a: \u94c1\u6b66\u8005|Quark Drive|[silent]\n|\n|upkeep\n|\n|t:|1700885212\n|switch|p2a: Landorus|Landorus-Therian, M|4\/100 par\n|-ability|p2a: Landorus|Intimidate|boost\n|-unboost|p1a: Ribombee|atk|1\n|turn|30\n|\n|t:|1700885219\n|move|p1a: Ribombee|Moonblast|p2a: Landorus\n|-damage|p2a: Landorus|0 fnt\n|faint|p2a: Landorus\n|\n|upkeep\n|\n|t:|1700885223\n|switch|p2a: \u4fdd\u59c6\u66fc\u6ce2|Alomomola, M|85\/100\n|turn|31\n|\n|t:|1700885242\n|move|p1a: Ribombee|Moonblast|p2a: \u4fdd\u59c6\u66fc\u6ce2\n|-damage|p2a: \u4fdd\u59c6\u66fc\u6ce2|40\/100\n|move|p2a: \u4fdd\u59c6\u66fc\u6ce2|Scald|p1a: Ribombee\n|-damage|p1a: Ribombee|50\/100\n|\n|upkeep\n|turn|32\n|\n|t:|1700885249\n|move|p2a: \u4fdd\u59c6\u66fc\u6ce2|Protect|p2a: \u4fdd\u59c6\u66fc\u6ce2\n|-singleturn|p2a: \u4fdd\u59c6\u66fc\u6ce2|Protect\n|move|p1a: Ribombee|Moonblast|p2a: \u4fdd\u59c6\u66fc\u6ce2\n|-activate|p2a: \u4fdd\u59c6\u66fc\u6ce2|move: Protect\n|\n|upkeep\n|turn|33\n|\n|t:|1700885252\n|move|p1a: Ribombee|Moonblast|p2a: \u4fdd\u59c6\u66fc\u6ce2\n|-crit|p2a: \u4fdd\u59c6\u66fc\u6ce2\n|-damage|p2a: \u4fdd\u59c6\u66fc\u6ce2|0 fnt\n|faint|p2a: \u4fdd\u59c6\u66fc\u6ce2\n|\n|upkeep\n|c|\u2606thunderdog_32|ggs son\n|\n|t:|1700885263\n|switch|p2a: \u4e09\u9996\u6076\u9f99|Hydreigon, M|31\/100\n|turn|34\n|\n|t:|1700885269\n|move|p1a: Ribombee|Moonblast|p2a: \u4e09\u9996\u6076\u9f99\n|-supereffective|p2a: \u4e09\u9996\u6076\u9f99\n|-damage|p2a: \u4e09\u9996\u6076\u9f99|0 fnt\n|faint|p2a: \u4e09\u9996\u6076\u9f99\n|\n|win|thunderdog_32\n|raw|thunderdog_32's rating: 1269 &rarr; <strong>1297<\/strong><br \/>(+28 for winning)\n|raw|DGP PLAYER's rating: 1315 &rarr; <strong>1292<\/strong><br \/>(-23 for losing)\n","uploadtime":1700885273,"views":2,"p1id":"thunderdog32","p2id":"dgpplayer","formatid":"gen9ou","rating":1292,"private":0,"password":""}