{"id":"gen9ou-1994471216","p1":"mathismathin","p2":"daymo","format":"[Gen 9] OU","log":"|j|\u2606mathismathin\n|j|\u2606daymo\n|t:|1700447748\n|gametype|singles\n|player|p1|mathismathin|nate|1721\n|player|p2|daymo|janine|1674\n|teamsize|p1|6\n|teamsize|p2|6\n|gen|9\n|tier|[Gen 9] OU\n|rated|\n|rule|Sleep Clause Mod: Limit one foe put to sleep\n|rule|Species Clause: Limit one of each Pok\u00e9mon\n|rule|OHKO Clause: OHKO moves are banned\n|rule|Evasion Items Clause: Evasion items are banned\n|rule|Evasion Moves Clause: Evasion moves are banned\n|rule|Endless Battle Clause: Forcing endless battles is banned\n|rule|HP Percentage Mod: HP is shown in percentages\n|clearpoke\n|poke|p1|Wo-Chien|\n|poke|p1|Weezing-Galar, F|\n|poke|p1|Blissey, F|\n|poke|p1|Cyclizar, F|\n|poke|p1|Alomomola, M|\n|poke|p1|Corviknight, F|\n|poke|p2|Glimmora, M|\n|poke|p2|Rillaboom, M|\n|poke|p2|Sneasler, F|\n|poke|p2|Gholdengo|\n|poke|p2|Dragonite, F|\n|poke|p2|Zamazenta-*|\n|teampreview\n|\n|t:|1700447761\n|start\n|switch|p1a: Corviknight|Corviknight, F|100\/100\n|switch|p2a: Glimmora|Glimmora, M|100\/100\n|-ability|p1a: Corviknight|Pressure\n|turn|1\n|\n|t:|1700447810\n|move|p2a: Glimmora|Stealth Rock|p1a: Corviknight\n|-sidestart|p1: mathismathin|move: Stealth Rock\n|move|p1a: Corviknight|Iron Head|p2a: Glimmora\n|-supereffective|p2a: Glimmora\n|-damage|p2a: Glimmora|44\/100\n|-activate|p2a: Glimmora|ability: Toxic Debris\n|-sidestart|p1: mathismathin|move: Toxic Spikes\n|\n|upkeep\n|turn|2\n|\n|t:|1700447816\n|move|p2a: Glimmora|Spikes|p1a: Corviknight\n|-sidestart|p1: mathismathin|Spikes\n|move|p1a: Corviknight|Iron Head|p2a: Glimmora\n|-supereffective|p2a: Glimmora\n|-damage|p2a: Glimmora|0 fnt\n|-activate|p2a: Glimmora|ability: Toxic Debris\n|-sidestart|p1: mathismathin|move: Toxic Spikes\n|faint|p2a: Glimmora\n|\n|upkeep\n|\n|t:|1700447819\n|switch|p2a: Gholdengo|Gholdengo|100\/100\n|-item|p2a: Gholdengo|Air Balloon\n|turn|3\n|\n|t:|1700447827\n|switch|p1a: Blissey|Blissey, F|100\/100\n|move|p2a: Gholdengo|Make It Rain|p1a: Blissey\n|-damage|p1a: Blissey|84\/100\n|-unboost|p2a: Gholdengo|spa|1\n|\n|upkeep\n|turn|4\n|\n|t:|1700447832\n|switch|p2a: Zamazenta|Zamazenta|100\/100\n|-ability|p2a: Zamazenta|Dauntless Shield|boost\n|-boost|p2a: Zamazenta|def|1\n|move|p1a: Blissey|Stealth Rock|p2a: Zamazenta\n|-sidestart|p2: daymo|move: Stealth Rock\n|\n|upkeep\n|turn|5\n|\n|t:|1700447837\n|switch|p1a: Weezing|Weezing-Galar, F|100\/100\n|-ability|p1a: Weezing|Neutralizing Gas\n|-sideend|p1: mathismathin|move: Toxic Spikes|[of] p1a: Weezing\n|move|p2a: Zamazenta|Body Press|p1a: Weezing\n|-resisted|p1a: Weezing\n|-damage|p1a: Weezing|92\/100\n|\n|upkeep\n|turn|6\n|-message|daymo forfeited.\n|\n|win|mathismathin\n|raw|mathismathin's rating: 1721 &rarr; <strong>1738<\/strong><br \/>(+17 for winning)\n|raw|daymo's rating: 1674 &rarr; <strong>1657<\/strong><br \/>(-17 for losing)\n|l|\u2606daymo\n","uploadtime":1700447851,"views":10,"p1id":"mathismathin","p2id":"daymo","formatid":"gen9ou","rating":1657,"private":0,"password":""}