{"id":"gen9ou-1994783349","p1":"coolmanbestguy123","p2":"gbish","format":"[Gen 9] OU","log":"|j|\u2606coolmanbestguy123\n|j|\u2606gbish\n|t:|1700492350\n|gametype|singles\n|player|p1|coolmanbestguy123|diantha|1190\n|player|p2|gbish|iris-gen5bw2|1243\n|teamsize|p1|6\n|teamsize|p2|6\n|gen|9\n|tier|[Gen 9] OU\n|rated|\n|rule|Sleep Clause Mod: Limit one foe put to sleep\n|rule|Species Clause: Limit one of each Pok\u00e9mon\n|rule|OHKO Clause: OHKO moves are banned\n|rule|Evasion Items Clause: Evasion items are banned\n|rule|Evasion Moves Clause: Evasion moves are banned\n|rule|Endless Battle Clause: Forcing endless battles is banned\n|rule|HP Percentage Mod: HP is shown in percentages\n|clearpoke\n|poke|p1|Charizard, M|\n|poke|p1|Torkoal, F|\n|poke|p1|Maushold|\n|poke|p1|Clefable, F|\n|poke|p1|Walking Wake|\n|poke|p1|Garchomp, F|\n|poke|p2|Walking Wake|\n|poke|p2|Torkoal, M|\n|poke|p2|Goodra-Hisui, M|\n|poke|p2|Hoopa-Unbound|\n|poke|p2|Lilligant-Hisui, F|\n|poke|p2|Typhlosion-Hisui, M|\n|teampreview\n|inactive|Battle timer is ON: inactive players will automatically lose when time's up. (requested by coolmanbestguy123)\n|inactive|gbish has 120 seconds left.\n|inactive|gbish has 90 seconds left.\n|\n|t:|1700492411\n|start\n|switch|p1a: Walking Wake|Walking Wake|100\/100\n|switch|p2a: Torkoal|Torkoal, M, shiny|100\/100\n|-weather|SunnyDay|[from] ability: Drought|[of] p2a: Torkoal\n|-activate|p1a: Walking Wake|ability: Protosynthesis\n|-start|p1a: Walking Wake|protosynthesisspe\n|turn|1\n|\n|t:|1700492429\n|move|p1a: Walking Wake|Draco Meteor|p2a: Torkoal\n|-damage|p2a: Torkoal|0 fnt\n|-unboost|p1a: Walking Wake|spa|2\n|faint|p2a: Torkoal\n|\n|-weather|SunnyDay|[upkeep]\n|upkeep\n|inactive|gbish has 120 seconds left.\n|\n|t:|1700492461\n|switch|p2a: Lilligant|Lilligant-Hisui, F, shiny|100\/100\n|turn|2\n|\n|t:|1700492470\n|-end|p1a: Walking Wake|Protosynthesis|[silent]\n|switch|p1a: Clefable|Clefable, F|100\/100\n|move|p2a: Lilligant|Ice Spinner|p1a: Clefable\n|-damage|p1a: Clefable|56\/100\n|\n|-weather|SunnyDay|[upkeep]\n|-heal|p1a: Clefable|62\/100|[from] item: Leftovers\n|upkeep\n|turn|3\n|\n|t:|1700492478\n|move|p2a: Lilligant|Ice Spinner|p1a: Clefable\n|-damage|p1a: Clefable|18\/100\n|move|p1a: Clefable|Thunder Wave|p2a: Lilligant\n|-status|p2a: Lilligant|par\n|\n|-weather|SunnyDay|[upkeep]\n|-heal|p1a: Clefable|24\/100|[from] item: Leftovers\n|upkeep\n|turn|4\n|\n|t:|1700492494\n|move|p2a: Lilligant|Ice Spinner|p1a: Clefable\n|-damage|p1a: Clefable|0 fnt\n|faint|p1a: Clefable\n|\n|-weather|SunnyDay|[upkeep]\n|upkeep\n|\n|t:|1700492499\n|switch|p1a: Walking Wake|Walking Wake|100\/100\n|-activate|p1a: Walking Wake|ability: Protosynthesis\n|-start|p1a: Walking Wake|protosynthesisspe\n|turn|5\n|inactive|gbish has 120 seconds left.\n|\n|t:|1700492544\n|move|p1a: Walking Wake|Draco Meteor|p2a: Lilligant\n|-damage|p2a: Lilligant|0 fnt\n|-unboost|p1a: Walking Wake|spa|2\n|faint|p2a: Lilligant\n|\n|-weather|SunnyDay|[upkeep]\n|upkeep\n|\n|t:|1700492551\n|switch|p2a: Walking Wake|Walking Wake|100\/100\n|-activate|p2a: Walking Wake|ability: Protosynthesis\n|-start|p2a: Walking Wake|protosynthesisspe\n|turn|6\n|\n|t:|1700492564\n|-end|p1a: Walking Wake|Protosynthesis|[silent]\n|switch|p1a: Maushold|Maushold|100\/100\n|-terastallize|p2a: Walking Wake|Water\n|move|p2a: Walking Wake|Hydro Steam|p1a: Maushold\n|-damage|p1a: Maushold|0 fnt\n|faint|p1a: Maushold\n|\n|-weather|SunnyDay|[upkeep]\n|upkeep\n|\n|t:|1700492569\n|switch|p1a: Walking Wake|Walking Wake|100\/100\n|-activate|p1a: Walking Wake|ability: Protosynthesis\n|-start|p1a: Walking Wake|protosynthesisspe\n|turn|7\n|inactive|gbish has 120 seconds left.\n|\n|t:|1700492575\n|move|p2a: Walking Wake|Hydro Steam|p1a: Walking Wake\n|-resisted|p1a: Walking Wake\n|-damage|p1a: Walking Wake|65\/100\n|move|p1a: Walking Wake|Draco Meteor|p2a: Walking Wake\n|-damage|p2a: Walking Wake|0 fnt\n|-unboost|p1a: Walking Wake|spa|2\n|faint|p2a: Walking Wake\n|-end|p2a: Walking Wake|Protosynthesis|[silent]\n|\n|-weather|SunnyDay|[upkeep]\n|upkeep\n|inactive|gbish has 120 seconds left.\n|\n|t:|1700492586\n|switch|p2a: Goodra|Goodra-Hisui, M, shiny|100\/100\n|turn|8\n|\n|t:|1700492590\n|-end|p1a: Walking Wake|Protosynthesis|[silent]\n|switch|p1a: Garchomp|Garchomp, F|100\/100\n|move|p2a: Goodra|Draco Meteor|p1a: Garchomp|[miss]\n|-miss|p2a: Goodra|p1a: Garchomp\n|\n|-weather|none\n|upkeep\n|turn|9\n|c|\u2606gbish|jokes\n|\n|t:|1700492605\n|-terastallize|p1a: Garchomp|Ground\n|move|p1a: Garchomp|Substitute|p1a: Garchomp\n|-start|p1a: Garchomp|Substitute\n|-damage|p1a: Garchomp|76\/100\n|move|p2a: Goodra|Draco Meteor|p1a: Garchomp\n|-end|p1a: Garchomp|Substitute\n|-unboost|p2a: Goodra|spa|2\n|\n|-heal|p1a: Garchomp|82\/100|[from] item: Leftovers\n|upkeep\n|turn|10\n|\n|t:|1700492616\n|move|p1a: Garchomp|Swords Dance|p1a: Garchomp\n|-boost|p1a: Garchomp|atk|2\n|move|p2a: Goodra|Hydro Pump|p1a: Garchomp\n|-supereffective|p1a: Garchomp\n|-damage|p1a: Garchomp|41\/100\n|\n|-heal|p1a: Garchomp|48\/100|[from] item: Leftovers\n|upkeep\n|turn|11\n|\n|t:|1700492626\n|move|p1a: Garchomp|Scale Shot|p2a: Goodra\n|-damage|p2a: Goodra|77\/100\n|-damage|p2a: Goodra|51\/100\n|-hitcount|p2a: Goodra|2\n|-unboost|p1a: Garchomp|def|1\n|-boost|p1a: Garchomp|spe|1\n|move|p2a: Goodra|Hydro Pump|p1a: Garchomp\n|-supereffective|p1a: Garchomp\n|-damage|p1a: Garchomp|8\/100\n|\n|-heal|p1a: Garchomp|15\/100|[from] item: Leftovers\n|upkeep\n|turn|12\n|inactive|gbish has 120 seconds left.\n|\n|t:|1700492643\n|move|p1a: Garchomp|Earthquake|p2a: Goodra\n|-supereffective|p2a: Goodra\n|-damage|p2a: Goodra|0 fnt\n|faint|p2a: Goodra\n|\n|-heal|p1a: Garchomp|21\/100|[from] item: Leftovers\n|upkeep\n|inactive|gbish has 120 seconds left.\n|\n|t:|1700492649\n|switch|p2a: Typhlosion|Typhlosion-Hisui, M, shiny|100\/100\n|turn|13\n|\n|t:|1700492652\n|move|p1a: Garchomp|Earthquake|p2a: Typhlosion\n|-supereffective|p2a: Typhlosion\n|-damage|p2a: Typhlosion|0 fnt\n|faint|p2a: Typhlosion\n|\n|-heal|p1a: Garchomp|27\/100|[from] item: Leftovers\n|upkeep\n|\n|t:|1700492658\n|switch|p2a: Hoopa|Hoopa-Unbound|100\/100\n|turn|14\n|c|\u2606gbish|all because i miss 90 accurate move\n|c|\u2606gbish|so dumb\n|\n|t:|1700492675\n|move|p1a: Garchomp|Earthquake|p2a: Hoopa\n|-damage|p2a: Hoopa|0 fnt\n|faint|p2a: Hoopa\n|\n|win|coolmanbestguy123\n|raw|coolmanbestguy123's rating: 1190 &rarr; <strong>1219<\/strong><br \/>(+29 for winning)\n|raw|gbish's rating: 1243 &rarr; <strong>1214<\/strong><br \/>(-29 for losing)\n|l|\u2606gbish\n","uploadtime":1700492698,"views":4,"p1id":"coolmanbestguy123","p2id":"gbish","formatid":"gen9ou","rating":1214,"private":0,"password":""}