{"id":"gen9ou-2000442467","p1":"Glook","p2":"CarrieDay","format":"[Gen 9] OU","log":"|j|\u2606Glook\n|j|\u2606CarrieDay\n|t:|1701195180\n|gametype|singles\n|player|p1|Glook|nate|1114\n|player|p2|CarrieDay|gardenia|1147\n|teamsize|p1|6\n|teamsize|p2|6\n|gen|9\n|tier|[Gen 9] OU\n|rated|\n|rule|Sleep Clause Mod: Limit one foe put to sleep\n|rule|Species Clause: Limit one of each Pok\u00e9mon\n|rule|OHKO Clause: OHKO moves are banned\n|rule|Evasion Items Clause: Evasion items are banned\n|rule|Evasion Moves Clause: Evasion moves are banned\n|rule|Endless Battle Clause: Forcing endless battles is banned\n|rule|HP Percentage Mod: HP is shown in percentages\n|clearpoke\n|poke|p1|Heatran, M|\n|poke|p1|Greninja-*, M|\n|poke|p1|Amoonguss, F|\n|poke|p1|Scizor, M|\n|poke|p1|Skeledirge, F|\n|poke|p1|Lycanroc-Dusk, F|\n|poke|p2|Scizor, F|\n|poke|p2|Walking Wake|\n|poke|p2|Clefable, M|\n|poke|p2|Cinderace, F|\n|poke|p2|Sinistcha|\n|poke|p2|Kingambit, M|\n|teampreview\n|inactive|Battle timer is ON: inactive players will automatically lose when time's up. (requested by CarrieDay)\n|\n|t:|1701195195\n|start\n|switch|p1a: Scizor|Scizor, M|100\/100\n|switch|p2a: Walking Wake|Walking Wake|100\/100\n|turn|1\n|\n|t:|1701195209\n|move|p2a: Walking Wake|Substitute|p2a: Walking Wake\n|-start|p2a: Walking Wake|Substitute\n|-damage|p2a: Walking Wake|76\/100\n|move|p1a: Scizor|U-turn|p2a: Walking Wake\n|-end|p2a: Walking Wake|Substitute\n|\n|t:|1701195221\n|switch|p1a: Lycanroc|Lycanroc-Dusk, F|100\/100|[from] U-turn\n|\n|-heal|p2a: Walking Wake|82\/100|[from] item: Leftovers\n|upkeep\n|turn|2\n|\n|t:|1701195228\n|move|p1a: Lycanroc|Close Combat|p2a: Walking Wake\n|-damage|p2a: Walking Wake|26\/100\n|-unboost|p1a: Lycanroc|def|1\n|-unboost|p1a: Lycanroc|spd|1\n|move|p2a: Walking Wake|Hydro Steam|p1a: Lycanroc\n|-supereffective|p1a: Lycanroc\n|-enditem|p1a: Lycanroc|Focus Sash\n|-damage|p1a: Lycanroc|1\/100\n|\n|-heal|p2a: Walking Wake|32\/100|[from] item: Leftovers\n|upkeep\n|turn|3\n|\n|t:|1701195240\n|move|p1a: Lycanroc|Accelerock|p2a: Walking Wake\n|-damage|p2a: Walking Wake|3\/100\n|move|p2a: Walking Wake|Hydro Steam|p1a: Lycanroc\n|-supereffective|p1a: Lycanroc\n|-damage|p1a: Lycanroc|0 fnt\n|faint|p1a: Lycanroc\n|\n|-heal|p2a: Walking Wake|9\/100|[from] item: Leftovers\n|upkeep\n|\n|t:|1701195243\n|switch|p1a: Scizor|Scizor, M|100\/100\n|turn|4\n|\n|t:|1701195249\n|move|p1a: Scizor|Bullet Punch|p2a: Walking Wake\n|-resisted|p2a: Walking Wake\n|-damage|p2a: Walking Wake|0 fnt\n|faint|p2a: Walking Wake\n|-end|p2a: Walking Wake|Protosynthesis|[silent]\n|\n|upkeep\n|\n|t:|1701195253\n|switch|p2a: Cinderace|Cinderace, F|100\/100\n|turn|5\n|\n|t:|1701195260\n|switch|p1a: Skeledirge|Skeledirge, F|100\/100\n|move|p2a: Cinderace|Pyro Ball|p1a: Skeledirge|[miss]\n|-miss|p2a: Cinderace|p1a: Skeledirge\n|\n|upkeep\n|turn|6\n|\n|t:|1701195265\n|move|p2a: Cinderace|U-turn|p1a: Skeledirge\n|-start|p2a: Cinderace|typechange|Bug|[from] ability: Libero\n|-resisted|p1a: Skeledirge\n|-damage|p1a: Skeledirge|93\/100\n|\n|t:|1701195272\n|switch|p2a: Sinistcha|Sinistcha|100\/100|[from] U-turn\n|move|p1a: Skeledirge|Flame Charge|p2a: Sinistcha\n|-supereffective|p2a: Sinistcha\n|-damage|p2a: Sinistcha|88\/100\n|-boost|p1a: Skeledirge|spe|1\n|\n|-heal|p2a: Sinistcha|94\/100|[from] item: Leftovers\n|upkeep\n|turn|7\n|\n|t:|1701195294\n|move|p1a: Skeledirge|Torch Song|p2a: Sinistcha\n|-supereffective|p2a: Sinistcha\n|-damage|p2a: Sinistcha|50\/100\n|-boost|p1a: Skeledirge|spa|1\n|move|p2a: Sinistcha|Shadow Ball|p1a: Skeledirge\n|-supereffective|p1a: Skeledirge\n|-damage|p1a: Skeledirge|0 fnt\n|faint|p1a: Skeledirge\n|\n|-heal|p2a: Sinistcha|57\/100|[from] item: Leftovers\n|upkeep\n|\n|t:|1701195303\n|switch|p1a: Heatran|Heatran, M|100\/100\n|turn|8\n|\n|t:|1701195316\n|move|p2a: Sinistcha|Strength Sap|p1a: Heatran\n|-unboost|p1a: Heatran|atk|1\n|-heal|p2a: Sinistcha|100\/100\n|move|p1a: Heatran|Magma Storm|p2a: Sinistcha|[miss]\n|-miss|p1a: Heatran|p2a: Sinistcha\n|\n|upkeep\n|turn|9\n|\n|t:|1701195322\n|move|p2a: Sinistcha|Shadow Ball|p1a: Heatran\n|-damage|p1a: Heatran|72\/100\n|-unboost|p1a: Heatran|spd|1\n|move|p1a: Heatran|Magma Storm|p2a: Sinistcha\n|-supereffective|p2a: Sinistcha\n|-crit|p2a: Sinistcha\n|-damage|p2a: Sinistcha|11\/100\n|-activate|p2a: Sinistcha|move: Magma Storm|[of] p1a: Heatran\n|\n|-heal|p2a: Sinistcha|18\/100|[from] item: Leftovers\n|-heal|p1a: Heatran|78\/100|[from] item: Leftovers\n|-damage|p2a: Sinistcha|5\/100|[from] move: Magma Storm|[partiallytrapped]\n|upkeep\n|turn|10\n|\n|t:|1701195330\n|move|p1a: Heatran|Protect|p1a: Heatran\n|-singleturn|p1a: Heatran|Protect\n|move|p2a: Sinistcha|Strength Sap|p1a: Heatran\n|-activate|p1a: Heatran|move: Protect\n|\n|-heal|p2a: Sinistcha|11\/100|[from] item: Leftovers\n|-heal|p1a: Heatran|84\/100|[from] item: Leftovers\n|-damage|p2a: Sinistcha|0 fnt|[from] move: Magma Storm|[partiallytrapped]\n|faint|p2a: Sinistcha\n|upkeep\n|\n|t:|1701195357\n|switch|p2a: Clefable|Clefable, M|100\/100\n|turn|11\n|\n|t:|1701195367\n|move|p1a: Heatran|Magma Storm|p2a: Clefable\n|-damage|p2a: Clefable|59\/100\n|-activate|p2a: Clefable|move: Magma Storm|[of] p1a: Heatran\n|move|p2a: Clefable|Wish|p2a: Clefable\n|\n|-heal|p1a: Heatran|90\/100|[from] item: Leftovers\n|upkeep\n|turn|12\n|\n|t:|1701195372\n|move|p1a: Heatran|Taunt|p2a: Clefable\n|-start|p2a: Clefable|move: Taunt\n|cant|p2a: Clefable|move: Taunt|Calm Mind\n|\n|-heal|p2a: Clefable|100\/100|[from] move: Wish|[wisher] Clefable\n|-heal|p1a: Heatran|96\/100|[from] item: Leftovers\n|upkeep\n|turn|13\n|\n|t:|1701195377\n|move|p1a: Heatran|Magma Storm|p2a: Clefable\n|-damage|p2a: Clefable|52\/100\n|move|p2a: Clefable|Psychic|p1a: Heatran\n|-resisted|p1a: Heatran\n|-damage|p1a: Heatran|77\/100\n|\n|-heal|p1a: Heatran|83\/100|[from] item: Leftovers\n|upkeep\n|turn|14\n|\n|t:|1701195384\n|move|p1a: Heatran|Magma Storm|p2a: Clefable|[miss]\n|-miss|p1a: Heatran|p2a: Clefable\n|move|p2a: Clefable|Moonblast|p1a: Heatran\n|-resisted|p1a: Heatran\n|-damage|p1a: Heatran|70\/100\n|\n|-heal|p1a: Heatran|76\/100|[from] item: Leftovers\n|-end|p2a: Clefable|move: Taunt\n|upkeep\n|turn|15\n|\n|t:|1701195393\n|move|p1a: Heatran|Taunt|p2a: Clefable\n|-start|p2a: Clefable|move: Taunt\n|move|p2a: Clefable|Psychic|p1a: Heatran\n|-resisted|p1a: Heatran\n|-damage|p1a: Heatran|58\/100\n|\n|-heal|p1a: Heatran|64\/100|[from] item: Leftovers\n|-end|p2a: Clefable|Magma Storm|[partiallytrapped]\n|upkeep\n|turn|16\n|\n|t:|1701195396\n|move|p1a: Heatran|Magma Storm|p2a: Clefable\n|-damage|p2a: Clefable|4\/100\n|-activate|p2a: Clefable|move: Magma Storm|[of] p1a: Heatran\n|move|p2a: Clefable|Psychic|p1a: Heatran\n|-resisted|p1a: Heatran\n|-damage|p1a: Heatran|45\/100\n|\n|-heal|p1a: Heatran|51\/100|[from] item: Leftovers\n|upkeep\n|turn|17\n|\n|t:|1701195416\n|move|p1a: Heatran|Protect|p1a: Heatran\n|-singleturn|p1a: Heatran|Protect\n|move|p2a: Clefable|Moonblast|p1a: Heatran\n|-activate|p1a: Heatran|move: Protect\n|\n|-heal|p1a: Heatran|57\/100|[from] item: Leftovers\n|-end|p2a: Clefable|move: Taunt\n|upkeep\n|turn|18\n|\n|t:|1701195427\n|move|p1a: Heatran|Rock Tomb|p2a: Clefable\n|-damage|p2a: Clefable|0 fnt\n|faint|p2a: Clefable\n|\n|-heal|p1a: Heatran|63\/100|[from] item: Leftovers\n|upkeep\n|\n|t:|1701195439\n|switch|p2a: Scizor|Scizor, F, shiny|100\/100\n|turn|19\n|\n|t:|1701195449\n|switch|p1a: Amoonguss|Amoonguss, F|100\/100\n|move|p2a: Scizor|Close Combat|p1a: Amoonguss\n|-resisted|p1a: Amoonguss\n|-damage|p1a: Amoonguss|75\/100\n|-unboost|p2a: Scizor|def|1\n|-unboost|p2a: Scizor|spd|1\n|-damage|p2a: Scizor|84\/100|[from] item: Rocky Helmet|[of] p1a: Amoonguss\n|\n|upkeep\n|turn|20\n|\n|t:|1701195457\n|switch|p2a: Cinderace|Cinderace, F|100\/100\n|move|p1a: Amoonguss|Spore|p2a: Cinderace\n|-status|p2a: Cinderace|slp|[from] move: Spore\n|\n|upkeep\n|turn|21\n|\n|t:|1701195463\n|switch|p2a: Scizor|Scizor, F, shiny|84\/100\n|move|p1a: Amoonguss|Sludge Bomb|p2a: Scizor\n|-immune|p2a: Scizor\n|\n|upkeep\n|turn|22\n|\n|t:|1701195467\n|move|p2a: Scizor|U-turn|p1a: Amoonguss\n|-damage|p1a: Amoonguss|29\/100\n|-damage|p2a: Scizor|67\/100|[from] item: Rocky Helmet|[of] p1a: Amoonguss\n|\n|t:|1701195469\n|switch|p2a: Kingambit|Kingambit, M|100\/100|[from] U-turn\n|-activate|p2a: Kingambit|ability: Supreme Overlord\n|-start|p2a: Kingambit|fallen3|[silent]\n|move|p1a: Amoonguss|Giga Drain|p2a: Kingambit\n|-resisted|p2a: Kingambit\n|-damage|p2a: Kingambit|88\/100\n|-heal|p1a: Amoonguss|35\/100|[from] drain|[of] p2a: Kingambit\n|\n|upkeep\n|turn|23\n|\n|t:|1701195473\n|move|p2a: Kingambit|Kowtow Cleave|p1a: Amoonguss\n|-damage|p1a: Amoonguss|0 fnt\n|-damage|p2a: Kingambit|72\/100|[from] item: Rocky Helmet|[of] p1a: Amoonguss\n|faint|p1a: Amoonguss\n|\n|upkeep\n|\n|t:|1701195479\n|switch|p1a: Greninja|Greninja, M|100\/100\n|turn|24\n|\n|t:|1701195482\n|move|p2a: Kingambit|Sucker Punch|p1a: Greninja\n|-resisted|p1a: Greninja\n|-damage|p1a: Greninja|43\/100\n|move|p1a: Greninja|Surf|p2a: Kingambit\n|-damage|p2a: Kingambit|15\/100\n|\n|upkeep\n|turn|25\n|inactive|Glook has 120 seconds left.\n|\n|t:|1701195513\n|switch|p1a: Scizor|Scizor, M|100\/100\n|move|p2a: Kingambit|Sucker Punch||[still]\n|-fail|p2a: Kingambit\n|\n|upkeep\n|turn|26\n|\n|t:|1701195524\n|-terastallize|p1a: Scizor|Steel\n|move|p1a: Scizor|Bullet Punch|p2a: Kingambit\n|-resisted|p2a: Kingambit\n|-damage|p2a: Kingambit|0 fnt\n|faint|p2a: Kingambit\n|-end|p2a: Kingambit|fallen3|[silent]\n|\n|upkeep\n|\n|t:|1701195530\n|switch|p2a: Scizor|Scizor, F, shiny|67\/100\n|turn|27\n|\n|t:|1701195532\n|move|p1a: Scizor|Bullet Punch|p2a: Scizor\n|-resisted|p2a: Scizor\n|-damage|p2a: Scizor|31\/100\n|move|p2a: Scizor|Close Combat|p1a: Scizor\n|-supereffective|p1a: Scizor\n|-damage|p1a: Scizor|0 fnt\n|-unboost|p2a: Scizor|def|1\n|-unboost|p2a: Scizor|spd|1\n|faint|p1a: Scizor\n|\n|upkeep\n|\n|t:|1701195539\n|switch|p1a: Greninja|Greninja, M|43\/100\n|turn|28\n|\n|t:|1701195542\n|switch|p2a: Cinderace|Cinderace, F|100\/100 slp\n|move|p1a: Greninja|Surf|p2a: Cinderace\n|-supereffective|p2a: Cinderace\n|-damage|p2a: Cinderace|0 fnt\n|faint|p2a: Cinderace\n|-ability|p1a: Greninja|Battle Bond|boost\n|-boost|p1a: Greninja|atk|1\n|-boost|p1a: Greninja|spa|1\n|-boost|p1a: Greninja|spe|1\n|-activate|p1a: Greninja|ability: Battle Bond\n|\n|upkeep\n|\n|t:|1701195545\n|switch|p2a: Scizor|Scizor, F, shiny|31\/100\n|turn|29\n|\n|t:|1701195548\n|-terastallize|p2a: Scizor|Steel\n|move|p2a: Scizor|Bullet Punch|p1a: Greninja\n|-resisted|p1a: Greninja\n|-damage|p1a: Greninja|0 fnt\n|faint|p1a: Greninja\n|\n|upkeep\n|\n|t:|1701195550\n|switch|p1a: Heatran|Heatran, M|63\/100\n|turn|30\n|\n|t:|1701195552\n|move|p2a: Scizor|Bullet Punch|p1a: Heatran\n|-resisted|p1a: Heatran\n|-damage|p1a: Heatran|50\/100\n|move|p1a: Heatran|Magma Storm|p2a: Scizor\n|-supereffective|p2a: Scizor\n|-damage|p2a: Scizor|0 fnt\n|faint|p2a: Scizor\n|\n|win|Glook\n|raw|Glook's rating: 1143 &rarr; <strong>1168<\/strong><br \/>(+25 for winning)\n|raw|CarrieDay's rating: 1147 &rarr; <strong>1122<\/strong><br \/>(-25 for losing)\n|l|\u2606CarrieDay\n|c|\u2606Glook|Gg\n","uploadtime":1701195569,"views":6,"p1id":"glook","p2id":"carrieday","formatid":"gen9ou","rating":1122,"private":0,"password":""}