{"id":"gen9ou-1996594627","p1":"Galchy27","p2":"8LegEater","format":"[Gen 9] OU","log":"|j|\u2606Galchy27\n|j|\u26068LegEater\n|t:|1700698404\n|gametype|singles\n|player|p1|Galchy27|benga|1084\n|player|p2|8LegEater|n|1094\n|teamsize|p1|6\n|teamsize|p2|6\n|gen|9\n|tier|[Gen 9] OU\n|rated|\n|rule|Sleep Clause Mod: Limit one foe put to sleep\n|rule|Species Clause: Limit one of each Pok\u00e9mon\n|rule|OHKO Clause: OHKO moves are banned\n|rule|Evasion Items Clause: Evasion items are banned\n|rule|Evasion Moves Clause: Evasion moves are banned\n|rule|Endless Battle Clause: Forcing endless battles is banned\n|rule|HP Percentage Mod: HP is shown in percentages\n|clearpoke\n|poke|p1|Azumarill, F|\n|poke|p1|Pelipper, F|\n|poke|p1|Breloom, F|\n|poke|p1|Crawdaunt, F|\n|poke|p1|Jirachi|\n|poke|p1|Salamence, M|\n|poke|p2|Ting-Lu|\n|poke|p2|Toxapex, F|\n|poke|p2|Azelf|\n|poke|p2|Ogerpon-Wellspring, F|\n|poke|p2|Sableye, M|\n|poke|p2|Great Tusk|\n|teampreview\n|inactive|Battle timer is ON: inactive players will automatically lose when time's up. (requested by 8LegEater)\n|\n|t:|1700698423\n|start\n|switch|p1a: Pelipper|Pelipper, F|100\/100\n|switch|p2a: Ting-Lu|Ting-Lu|100\/100\n|-weather|RainDance|[from] ability: Drizzle|[of] p1a: Pelipper\n|-ability|p2a: Ting-Lu|Vessel of Ruin\n|turn|1\n|\n|t:|1700698434\n|-terastallize|p2a: Ting-Lu|Water\n|move|p1a: Pelipper|Surf|p2a: Ting-Lu\n|-resisted|p2a: Ting-Lu\n|-damage|p2a: Ting-Lu|88\/100\n|move|p2a: Ting-Lu|Stealth Rock|p1a: Pelipper\n|-sidestart|p1: Galchy27|move: Stealth Rock\n|\n|-weather|RainDance|[upkeep]\n|-heal|p2a: Ting-Lu|94\/100|[from] item: Leftovers\n|upkeep\n|turn|2\n|\n|t:|1700698448\n|move|p1a: Pelipper|U-turn|p2a: Ting-Lu\n|-damage|p2a: Ting-Lu|89\/100\n|\n|t:|1700698467\n|switch|p1a: Salamence|Salamence, M|100\/100|[from] U-turn\n|move|p2a: Ting-Lu|Spikes|p1a: Salamence\n|-sidestart|p1: Galchy27|Spikes\n|\n|-weather|RainDance|[upkeep]\n|-heal|p2a: Ting-Lu|96\/100|[from] item: Leftovers\n|upkeep\n|turn|3\n|\n|t:|1700698475\n|move|p1a: Salamence|Dragon Dance|p1a: Salamence\n|-boost|p1a: Salamence|atk|1\n|-boost|p1a: Salamence|spe|1\n|move|p2a: Ting-Lu|Whirlwind|p1a: Salamence\n|drag|p1a: Breloom|Breloom, F|100\/100\n|-damage|p1a: Breloom|94\/100|[from] Stealth Rock\n|-damage|p1a: Breloom|82\/100|[from] Spikes\n|\n|-weather|RainDance|[upkeep]\n|-heal|p2a: Ting-Lu|100\/100|[from] item: Leftovers\n|upkeep\n|turn|4\n|\n|t:|1700698494\n|switch|p2a: Sableye|Sableye, M, shiny|100\/100\n|move|p1a: Breloom|Bullet Seed|p2a: Sableye\n|-damage|p2a: Sableye|73\/100\n|-damage|p2a: Sableye|46\/100\n|-hitcount|p2a: Sableye|2\n|\n|-weather|RainDance|[upkeep]\n|-heal|p2a: Sableye|52\/100|[from] item: Leftovers\n|upkeep\n|turn|5\n|\n|t:|1700698511\n|move|p2a: Sableye|Will-O-Wisp|p1a: Breloom\n|-status|p1a: Breloom|brn\n|move|p1a: Breloom|Spore|p2a: Sableye\n|-status|p2a: Sableye|slp|[from] move: Spore\n|\n|-weather|RainDance|[upkeep]\n|-heal|p2a: Sableye|58\/100 slp|[from] item: Leftovers\n|-damage|p1a: Breloom|76\/100 brn|[from] brn\n|upkeep\n|turn|6\n|\n|t:|1700698525\n|switch|p2a: Toxapex|Toxapex, F|100\/100\n|move|p1a: Breloom|Swords Dance|p1a: Breloom\n|-boost|p1a: Breloom|atk|2\n|\n|-weather|RainDance|[upkeep]\n|-damage|p1a: Breloom|70\/100 brn|[from] brn\n|upkeep\n|turn|7\n|\n|t:|1700698535\n|move|p1a: Breloom|Bullet Seed|p2a: Toxapex\n|-damage|p2a: Toxapex|88\/100\n|-damage|p2a: Toxapex|77\/100\n|-damage|p2a: Toxapex|64\/100\n|-hitcount|p2a: Toxapex|3\n|move|p2a: Toxapex|Haze|p2a: Toxapex\n|-clearallboost\n|\n|-weather|RainDance|[upkeep]\n|-heal|p2a: Toxapex|71\/100|[from] item: Leftovers\n|-damage|p1a: Breloom|64\/100 brn|[from] brn\n|upkeep\n|turn|8\n|\n|t:|1700698553\n|switch|p1a: Azumarill|Azumarill, F|100\/100\n|-damage|p1a: Azumarill|88\/100|[from] Stealth Rock\n|-damage|p1a: Azumarill|76\/100|[from] Spikes\n|move|p2a: Toxapex|Chilling Water|p1a: Azumarill\n|-resisted|p1a: Azumarill\n|-damage|p1a: Azumarill|68\/100\n|-unboost|p1a: Azumarill|atk|1\n|\n|-weather|none\n|-heal|p2a: Toxapex|77\/100|[from] item: Leftovers\n|upkeep\n|turn|9\n|inactive|Galchy27 has 120 seconds left.\n|\n|t:|1700698577\n|switch|p1a: Pelipper|Pelipper, F|100\/100\n|-damage|p1a: Pelipper|76\/100|[from] Stealth Rock\n|-weather|RainDance|[from] ability: Drizzle|[of] p1a: Pelipper\n|move|p2a: Toxapex|Toxic|p1a: Pelipper\n|-status|p1a: Pelipper|tox\n|\n|-weather|RainDance|[upkeep]\n|-heal|p2a: Toxapex|83\/100|[from] item: Leftovers\n|-damage|p1a: Pelipper|70\/100 tox|[from] psn\n|upkeep\n|turn|10\n|inactive|Galchy27 has 120 seconds left.\n|\n|t:|1700698593\n|move|p2a: Toxapex|Baneful Bunker|p2a: Toxapex\n|-singleturn|p2a: Toxapex|move: Protect\n|move|p1a: Pelipper|U-turn|p2a: Toxapex\n|-activate|p2a: Toxapex|move: Protect\n|\n|-weather|RainDance|[upkeep]\n|-heal|p2a: Toxapex|89\/100|[from] item: Leftovers\n|-damage|p1a: Pelipper|57\/100 tox|[from] psn\n|upkeep\n|turn|11\n|\n|t:|1700698607\n|move|p1a: Pelipper|U-turn|p2a: Toxapex\n|-resisted|p2a: Toxapex\n|-damage|p2a: Toxapex|87\/100\n|\n|t:|1700698614\n|switch|p1a: Jirachi|Jirachi|100\/100|[from] U-turn\n|-damage|p1a: Jirachi|94\/100|[from] Stealth Rock\n|-damage|p1a: Jirachi|82\/100|[from] Spikes\n|move|p2a: Toxapex|Chilling Water|p1a: Jirachi\n|-damage|p1a: Jirachi|66\/100\n|-unboost|p1a: Jirachi|atk|1\n|\n|-weather|RainDance|[upkeep]\n|-heal|p2a: Toxapex|93\/100|[from] item: Leftovers\n|upkeep\n|turn|12\n|inactive|Galchy27 has 120 seconds left.\n|\n|t:|1700698635\n|move|p2a: Toxapex|Baneful Bunker|p2a: Toxapex\n|-singleturn|p2a: Toxapex|move: Protect\n|move|p1a: Jirachi|Wish|p1a: Jirachi\n|\n|-weather|RainDance|[upkeep]\n|-heal|p2a: Toxapex|99\/100|[from] item: Leftovers\n|upkeep\n|turn|13\n|\n|t:|1700698643\n|switch|p2a: Sableye|Sableye, M, shiny|58\/100 slp\n|move|p1a: Jirachi|Calm Mind|p1a: Jirachi\n|-boost|p1a: Jirachi|spa|1\n|-boost|p1a: Jirachi|spd|1\n|\n|-weather|RainDance|[upkeep]\n|-heal|p1a: Jirachi|100\/100|[from] move: Wish|[wisher] Jirachi\n|-heal|p2a: Sableye|65\/100 slp|[from] item: Leftovers\n|upkeep\n|turn|14\n|\n|t:|1700698653\n|move|p1a: Jirachi|Calm Mind|p1a: Jirachi\n|-boost|p1a: Jirachi|spa|1\n|-boost|p1a: Jirachi|spd|1\n|cant|p2a: Sableye|slp\n|\n|-weather|RainDance|[upkeep]\n|-heal|p2a: Sableye|71\/100 slp|[from] item: Leftovers\n|upkeep\n|turn|15\n|inactive|Galchy27 has 120 seconds left.\n|\n|t:|1700698660\n|cant|p2a: Sableye|slp\n|move|p1a: Jirachi|Calm Mind|p1a: Jirachi\n|-boost|p1a: Jirachi|spa|1\n|-boost|p1a: Jirachi|spd|1\n|\n|-weather|RainDance|[upkeep]\n|-heal|p2a: Sableye|77\/100 slp|[from] item: Leftovers\n|upkeep\n|turn|16\n|\n|t:|1700698667\n|cant|p2a: Sableye|slp\n|move|p1a: Jirachi|Stored Power|p2a: Sableye\n|-immune|p2a: Sableye\n|\n|-weather|none\n|-heal|p2a: Sableye|83\/100 slp|[from] item: Leftovers\n|upkeep\n|turn|17\n|\n|t:|1700698678\n|-curestatus|p2a: Sableye|slp|[msg]\n|move|p2a: Sableye|Encore|p1a: Jirachi\n|-start|p1a: Jirachi|Encore\n|move|p1a: Jirachi|Stored Power|p2a: Sableye\n|-immune|p2a: Sableye\n|\n|-heal|p2a: Sableye|90\/100|[from] item: Leftovers\n|upkeep\n|turn|18\n|inactive|Galchy27 has 120 seconds left.\n|\n|t:|1700698693\n|switch|p1a: Crawdaunt|Crawdaunt, F|100\/100\n|-damage|p1a: Crawdaunt|88\/100|[from] Stealth Rock\n|-damage|p1a: Crawdaunt|76\/100|[from] Spikes\n|move|p2a: Sableye|Will-O-Wisp|p1a: Crawdaunt\n|-hint|Since gen 7, Dark is immune to Prankster moves.\n|-immune|p1a: Crawdaunt\n|\n|-heal|p2a: Sableye|96\/100|[from] item: Leftovers\n|upkeep\n|turn|19\n|inactive|Galchy27 has 120 seconds left.\n|\n|t:|1700698708\n|switch|p2a: Toxapex|Toxapex, F|100\/100\n|move|p1a: Crawdaunt|Swords Dance|p1a: Crawdaunt\n|-boost|p1a: Crawdaunt|atk|2\n|\n|upkeep\n|turn|20\n|inactive|Galchy27 has 120 seconds left.\n|\n|t:|1700698715\n|move|p1a: Crawdaunt|Knock Off|p2a: Toxapex\n|-damage|p2a: Toxapex|0 fnt\n|-enditem|p2a: Toxapex|Leftovers|[from] move: Knock Off|[of] p1a: Crawdaunt\n|faint|p2a: Toxapex\n|-damage|p1a: Crawdaunt|66\/100|[from] item: Life Orb\n|\n|upkeep\n|\n|t:|1700698726\n|switch|p2a: Ogerpon|Ogerpon-Wellspring, F|100\/100\n|turn|21\n|inactive|Galchy27 has 120 seconds left.\n|\n|t:|1700698742\n|switch|p1a: Breloom|Breloom, F|64\/100 brn\n|-damage|p1a: Breloom|58\/100 brn|[from] Stealth Rock\n|-damage|p1a: Breloom|45\/100 brn|[from] Spikes\n|move|p2a: Ogerpon|Horn Leech|p1a: Breloom\n|-resisted|p1a: Breloom\n|-damage|p1a: Breloom|12\/100 brn\n|\n|-damage|p1a: Breloom|6\/100 brn|[from] brn\n|upkeep\n|turn|22\n|inactive|Galchy27 has 120 seconds left.\n|\n|t:|1700698759\n|switch|p2a: Sableye|Sableye, M, shiny|96\/100\n|move|p1a: Breloom|Mach Punch|p2a: Sableye\n|-immune|p2a: Sableye\n|\n|-heal|p2a: Sableye|100\/100|[from] item: Leftovers\n|-damage|p1a: Breloom|0 fnt|[from] brn\n|faint|p1a: Breloom\n|upkeep\n|inactive|Galchy27 has 120 seconds left.\n|\n|t:|1700698772\n|switch|p1a: Pelipper|Pelipper, F|57\/100 tox\n|-damage|p1a: Pelipper|32\/100 tox|[from] Stealth Rock\n|-weather|RainDance|[from] ability: Drizzle|[of] p1a: Pelipper\n|turn|23\n|inactive|Galchy27 has 120 seconds left.\n|\n|t:|1700698783\n|move|p1a: Pelipper|Surf|p2a: Sableye\n|-damage|p2a: Sableye|52\/100\n|move|p2a: Sableye|Night Shade|p1a: Pelipper\n|-damage|p1a: Pelipper|1\/100 tox\n|\n|-weather|RainDance|[upkeep]\n|-heal|p2a: Sableye|58\/100|[from] item: Leftovers\n|-damage|p1a: Pelipper|0 fnt|[from] psn\n|faint|p1a: Pelipper\n|upkeep\n|\n|t:|1700698797\n|switch|p1a: Crawdaunt|Crawdaunt, F|66\/100\n|-damage|p1a: Crawdaunt|54\/100|[from] Stealth Rock\n|-damage|p1a: Crawdaunt|41\/100|[from] Spikes\n|turn|24\n|\n|t:|1700698804\n|switch|p2a: Ogerpon|Ogerpon-Wellspring, F|100\/100\n|move|p1a: Crawdaunt|Knock Off|p2a: Ogerpon\n|-damage|p2a: Ogerpon|27\/100\n|-damage|p1a: Crawdaunt|32\/100|[from] item: Life Orb\n|\n|-weather|RainDance|[upkeep]\n|upkeep\n|turn|25\n|inactive|Galchy27 has 120 seconds left.\n|\n|t:|1700698816\n|switch|p1a: Salamence|Salamence, M|100\/100\n|move|p2a: Ogerpon|Play Rough|p1a: Salamence\n|-supereffective|p1a: Salamence\n|-damage|p1a: Salamence|19\/100\n|\n|-weather|RainDance|[upkeep]\n|upkeep\n|turn|26\n|inactive|Galchy27 has 120 seconds left.\n|\n|t:|1700698832\n|move|p2a: Ogerpon|Knock Off|p1a: Salamence\n|-damage|p1a: Salamence|0 fnt\n|-enditem|p1a: Salamence|Heavy-Duty Boots|[from] move: Knock Off|[of] p2a: Ogerpon\n|faint|p1a: Salamence\n|\n|-weather|RainDance|[upkeep]\n|upkeep\n|\n|t:|1700698838\n|switch|p1a: Jirachi|Jirachi|100\/100\n|-damage|p1a: Jirachi|94\/100|[from] Stealth Rock\n|-damage|p1a: Jirachi|82\/100|[from] Spikes\n|turn|27\n|inactive|Galchy27 has 120 seconds left.\n|\n|t:|1700698851\n|-terastallize|p1a: Jirachi|Flying\n|move|p2a: Ogerpon|Knock Off|p1a: Jirachi\n|-damage|p1a: Jirachi|47\/100\n|-enditem|p1a: Jirachi|Colbur Berry|[from] move: Knock Off|[of] p2a: Ogerpon\n|move|p1a: Jirachi|Calm Mind|p1a: Jirachi\n|-boost|p1a: Jirachi|spa|1\n|-boost|p1a: Jirachi|spd|1\n|\n|-weather|RainDance|[upkeep]\n|upkeep\n|turn|28\n|inactive|Galchy27 has 120 seconds left.\n|\n|t:|1700698859\n|move|p2a: Ogerpon|Horn Leech|p1a: Jirachi\n|-resisted|p1a: Jirachi\n|-damage|p1a: Jirachi|26\/100\n|-heal|p2a: Ogerpon|40\/100|[from] drain|[of] p1a: Jirachi\n|move|p1a: Jirachi|Stored Power|p2a: Ogerpon\n|-damage|p2a: Ogerpon|0 fnt\n|faint|p2a: Ogerpon\n|\n|-weather|RainDance|[upkeep]\n|upkeep\n|\n|t:|1700698865\n|switch|p2a: Sableye|Sableye, M, shiny|58\/100\n|turn|29\n|\n|t:|1700698871\n|move|p2a: Sableye|Encore|p1a: Jirachi\n|-start|p1a: Jirachi|Encore\n|move|p1a: Jirachi|Stored Power|p2a: Sableye\n|-immune|p2a: Sableye\n|\n|-weather|RainDance|[upkeep]\n|-heal|p2a: Sableye|64\/100|[from] item: Leftovers\n|upkeep\n|turn|30\n|\n|t:|1700698883\n|switch|p1a: Crawdaunt|Crawdaunt, F|32\/100\n|-damage|p1a: Crawdaunt|19\/100|[from] Stealth Rock\n|-damage|p1a: Crawdaunt|7\/100|[from] Spikes\n|move|p2a: Sableye|Night Shade|p1a: Crawdaunt\n|-damage|p1a: Crawdaunt|0 fnt\n|faint|p1a: Crawdaunt\n|\n|-weather|none\n|-heal|p2a: Sableye|71\/100|[from] item: Leftovers\n|upkeep\n|\n|t:|1700698892\n|switch|p1a: Azumarill|Azumarill, F|68\/100\n|-damage|p1a: Azumarill|55\/100|[from] Stealth Rock\n|-damage|p1a: Azumarill|43\/100|[from] Spikes\n|-enditem|p1a: Azumarill|Sitrus Berry|[eat]\n|-heal|p1a: Azumarill|68\/100|[from] item: Sitrus Berry\n|turn|31\n|\n|t:|1700698902\n|move|p2a: Sableye|Will-O-Wisp|p1a: Azumarill|[miss]\n|-miss|p2a: Sableye|p1a: Azumarill\n|move|p1a: Azumarill|Belly Drum|p1a: Azumarill\n|-damage|p1a: Azumarill|18\/100\n|-setboost|p1a: Azumarill|atk|6|[from] move: Belly Drum\n|\n|-heal|p2a: Sableye|77\/100|[from] item: Leftovers\n|upkeep\n|turn|32\n|\n|t:|1700698917\n|move|p2a: Sableye|Encore|p1a: Azumarill\n|-start|p1a: Azumarill|Encore\n|move|p1a: Azumarill|Belly Drum||[still]\n|-fail|p1a: Azumarill\n|\n|-heal|p2a: Sableye|83\/100|[from] item: Leftovers\n|upkeep\n|turn|33\n|\n|t:|1700698925\n|switch|p1a: Jirachi|Jirachi, tera:Flying|26\/100\n|-damage|p1a: Jirachi|1\/100|[from] Stealth Rock\n|move|p2a: Sableye|Night Shade|p1a: Jirachi\n|-damage|p1a: Jirachi|0 fnt\n|faint|p1a: Jirachi\n|\n|-heal|p2a: Sableye|89\/100|[from] item: Leftovers\n|upkeep\n|-message|Galchy27 forfeited.\n|\n|win|8LegEater\n|raw|Galchy27's rating: 1084 &rarr; <strong>1062<\/strong><br \/>(-22 for losing)\n|raw|8LegEater's rating: 1094 &rarr; <strong>1119<\/strong><br \/>(+25 for winning)\n|l|\u2606Galchy27\n","uploadtime":1700698952,"views":6,"p1id":"galchy27","p2id":"8legeater","formatid":"gen9ou","rating":1062,"private":0,"password":""}