{"id":"gen9ou-1992882206","p1":"jonasbonusonus","p2":"theshire748","format":"[Gen 9] OU","log":"|j|\u2606jonasbonusonus\n|j|\u2606theshire748\n|t:|1700243589\n|gametype|singles\n|player|p1|jonasbonusonus|265|\n|player|p2|theshire748|266|\n|teamsize|p1|6\n|teamsize|p2|6\n|gen|9\n|tier|[Gen 9] OU\n|rule|Sleep Clause Mod: Limit one foe put to sleep\n|rule|Species Clause: Limit one of each Pok\u00e9mon\n|rule|OHKO Clause: OHKO moves are banned\n|rule|Evasion Items Clause: Evasion items are banned\n|rule|Evasion Moves Clause: Evasion moves are banned\n|rule|Endless Battle Clause: Forcing endless battles is banned\n|rule|HP Percentage Mod: HP is shown in percentages\n|clearpoke\n|poke|p1|Slowbro-Galar, M|\n|poke|p1|Azelf|\n|poke|p1|Donphan, M|\n|poke|p1|Meowscarada, F|\n|poke|p1|Skeledirge, M|\n|poke|p1|Froslass, F|\n|poke|p2|Amoonguss, M|\n|poke|p2|Blissey, F|\n|poke|p2|Quagsire, F|\n|poke|p2|Moltres|\n|poke|p2|Chesnaught, M|\n|poke|p2|Garchomp, M|\n|teampreview\n|inactive|Battle timer is ON: inactive players will automatically lose when time's up. (requested by jonasbonusonus)\n|inactiveoff|Battle timer is now OFF.\n|j| jojobunny101\n|j| omega_genry\n|j| Dynamax_Bulbasaur\n|\n|t:|1700243640\n|start\n|switch|p1a: Froslass|Froslass, F|100\/100\n|switch|p2a: Chomper|Garchomp, M|100\/100\n|turn|1\n|\n|t:|1700243672\n|move|p1a: Froslass|Taunt|p2a: Chomper\n|-start|p2a: Chomper|move: Taunt\n|cant|p2a: Chomper|move: Taunt|Stealth Rock\n|\n|upkeep\n|turn|2\n|\n|t:|1700243748\n|switch|p2a: Quag|Quagsire, F|100\/100\n|move|p1a: Froslass|Spikes|p2a: Quag\n|-sidestart|p2: theshire748|Spikes\n|\n|upkeep\n|turn|3\n|\n|t:|1700243765\n|move|p1a: Froslass|Spikes|p2a: Quag\n|-sidestart|p2: theshire748|Spikes\n|move|p2a: Quag|Earthquake|p1a: Froslass\n|-damage|p1a: Froslass|62\/100\n|\n|upkeep\n|turn|4\n|\n|t:|1700243778\n|move|p1a: Froslass|Spikes|p2a: Quag\n|-sidestart|p2: theshire748|Spikes\n|move|p2a: Quag|Earthquake|p1a: Froslass\n|-crit|p1a: Froslass\n|-damage|p1a: Froslass|3\/100\n|\n|upkeep\n|turn|5\n|\n|t:|1700243788\n|move|p1a: Froslass|Destiny Bond|p1a: Froslass\n|-singlemove|p1a: Froslass|Destiny Bond\n|move|p2a: Quag|Earthquake|p1a: Froslass\n|-damage|p1a: Froslass|0 fnt\n|faint|p1a: Froslass\n|-activate|p1a: Froslass|move: Destiny Bond\n|faint|p2a: Quag\n|\n|upkeep\n|\n|t:|1700243827\n|switch|p1a: Average Tusk|Donphan, M|100\/100\n|switch|p2a: Chester|Chesnaught, M|100\/100\n|-damage|p2a: Chester|75\/100|[from] Spikes\n|turn|6\n|l| jojobunny101\n|\n|t:|1700243865\n|move|p2a: Chester|Wood Hammer|p1a: Average Tusk\n|-supereffective|p1a: Average Tusk\n|-damage|p1a: Average Tusk|44\/100\n|-damage|p2a: Chester|57\/100|[from] Recoil\n|move|p1a: Average Tusk|Stealth Rock|p2a: Chester\n|-sidestart|p2: theshire748|move: Stealth Rock\n|\n|-heal|p2a: Chester|63\/100|[from] item: Leftovers\n|upkeep\n|turn|7\n|\n|t:|1700243878\n|move|p2a: Chester|Wood Hammer|p1a: Average Tusk\n|-supereffective|p1a: Average Tusk\n|-damage|p1a: Average Tusk|0 fnt\n|faint|p1a: Average Tusk\n|-damage|p2a: Chester|48\/100|[from] Recoil\n|\n|-heal|p2a: Chester|54\/100|[from] item: Leftovers\n|upkeep\n|\n|t:|1700243882\n|switch|p1a: GOAT|Azelf|100\/100\n|turn|8\n|j| jojobunny101\n|c| jojobunny101|im back bitches\n|c| omega_genry|i never left bitches\n|c|\u2606jonasbonusonus|a1 from day1\n|\n|t:|1700243927\n|switch|p1a: Glowking Lite|Slowbro-Galar, M|100\/100\n|switch|p2a: Moltres|Moltres|100\/100\n|-damage|p2a: Moltres|51\/100|[from] Stealth Rock\n|\n|upkeep\n|turn|9\n|\n|t:|1700243966\n|switch|p1a: Dirge Nowitzki|Skeledirge, M|100\/100\n|move|p2a: Moltres|Hurricane|p1a: Dirge Nowitzki\n|-damage|p1a: Dirge Nowitzki|59\/100\n|\n|-heal|p1a: Dirge Nowitzki|65\/100|[from] item: Leftovers\n|upkeep\n|turn|10\n|\n|t:|1700243988\n|switch|p2a: Chomper|Garchomp, M|100\/100\n|-damage|p2a: Chomper|76\/100|[from] Spikes\n|-damage|p2a: Chomper|69\/100|[from] Stealth Rock\n|move|p1a: Dirge Nowitzki|Torch Song|p2a: Chomper\n|-resisted|p2a: Chomper\n|-damage|p2a: Chomper|54\/100\n|-boost|p1a: Dirge Nowitzki|spa|1\n|\n|-heal|p1a: Dirge Nowitzki|71\/100|[from] item: Leftovers\n|upkeep\n|turn|11\n|\n|t:|1700244008\n|switch|p1a: GOAT|Azelf|100\/100\n|move|p2a: Chomper|Earthquake|p1a: GOAT\n|-immune|p1a: GOAT|[from] ability: Levitate\n|\n|upkeep\n|turn|12\n|l| jojobunny101\n|l| Dynamax_Bulbasaur\n|\n|t:|1700244067\n|switch|p2a: Stall|Blissey, F|100\/100\n|-damage|p2a: Stall|76\/100|[from] Spikes\n|-damage|p2a: Stall|63\/100|[from] Stealth Rock\n|move|p1a: GOAT|Nasty Plot|p1a: GOAT\n|-boost|p1a: GOAT|spa|2\n|\n|-heal|p2a: Stall|69\/100|[from] item: Leftovers\n|upkeep\n|turn|13\n|\n|t:|1700244084\n|move|p1a: GOAT|Psychic|p2a: Stall\n|-damage|p2a: Stall|40\/100\n|move|p2a: Stall|Soft-Boiled|p2a: Stall\n|-heal|p2a: Stall|90\/100\n|\n|-heal|p2a: Stall|96\/100|[from] item: Leftovers\n|upkeep\n|turn|14\n|\n|t:|1700244098\n|switch|p1a: Meowy|Meowscarada, F|100\/100\n|move|p2a: Stall|Seismic Toss|p1a: Meowy\n|-damage|p1a: Meowy|72\/100\n|\n|-heal|p2a: Stall|100\/100|[from] item: Leftovers\n|upkeep\n|turn|15\n|\n|t:|1700244117\n|switch|p2a: Amongus|Amoonguss, M|100\/100\n|-damage|p2a: Amongus|75\/100|[from] Spikes\n|-damage|p2a: Amongus|63\/100|[from] Stealth Rock\n|move|p1a: Meowy|Knock Off|p2a: Amongus\n|-damage|p2a: Amongus|10\/100\n|-damage|p1a: Meowy|56\/100|[from] item: Rocky Helmet|[of] p2a: Amongus\n|-enditem|p2a: Amongus|Rocky Helmet|[from] move: Knock Off|[of] p1a: Meowy\n|\n|upkeep\n|turn|16\n|j| Dynamax_Bulbasaur\n|\n|t:|1700244133\n|switch|p2a: Stall|Blissey, F|100\/100\n|-damage|p2a: Stall|76\/100|[from] Spikes\n|-damage|p2a: Stall|63\/100|[from] Stealth Rock\n|move|p1a: Meowy|Knock Off|p2a: Stall\n|-damage|p2a: Stall|0 fnt\n|-enditem|p2a: Stall|Leftovers|[from] move: Knock Off|[of] p1a: Meowy\n|faint|p2a: Stall\n|\n|upkeep\n|j| jojobunny101\n|\n|t:|1700244144\n|switch|p2a: Chester|Chesnaught, M|54\/100\n|-damage|p2a: Chester|29\/100|[from] Spikes\n|-damage|p2a: Chester|23\/100|[from] Stealth Rock\n|turn|17\n|\n|t:|1700244163\n|switch|p1a: Dirge Nowitzki|Skeledirge, M|71\/100\n|move|p2a: Chester|Spikes|p1a: Dirge Nowitzki\n|-sidestart|p1: jonasbonusonus|Spikes\n|\n|-heal|p1a: Dirge Nowitzki|77\/100|[from] item: Leftovers\n|-heal|p2a: Chester|29\/100|[from] item: Leftovers\n|upkeep\n|turn|18\n|\n|t:|1700244183\n|move|p1a: Dirge Nowitzki|Torch Song|p2a: Chester\n|-supereffective|p2a: Chester\n|-damage|p2a: Chester|0 fnt\n|-boost|p1a: Dirge Nowitzki|spa|1\n|faint|p2a: Chester\n|\n|-heal|p1a: Dirge Nowitzki|83\/100|[from] item: Leftovers\n|upkeep\n|\n|t:|1700244198\n|switch|p2a: Moltres|Moltres|51\/100\n|-damage|p2a: Moltres|1\/100|[from] Stealth Rock\n|turn|19\n|\n|t:|1700244204\n|move|p2a: Moltres|Hurricane|p1a: Dirge Nowitzki\n|-damage|p1a: Dirge Nowitzki|43\/100\n|move|p1a: Dirge Nowitzki|Torch Song|p2a: Moltres\n|-resisted|p2a: Moltres\n|-damage|p2a: Moltres|0 fnt\n|-boost|p1a: Dirge Nowitzki|spa|1\n|faint|p2a: Moltres\n|\n|-heal|p1a: Dirge Nowitzki|49\/100|[from] item: Leftovers\n|upkeep\n|\n|t:|1700244218\n|switch|p2a: Chomper|Garchomp, M|54\/100\n|-damage|p2a: Chomper|29\/100|[from] Spikes\n|-damage|p2a: Chomper|23\/100|[from] Stealth Rock\n|turn|20\n|\n|t:|1700244245\n|switch|p1a: GOAT|Azelf|100\/100\n|move|p2a: Chomper|Scale Shot|p1a: GOAT\n|-damage|p1a: GOAT|81\/100\n|-damage|p1a: GOAT|61\/100\n|-damage|p1a: GOAT|40\/100\n|-damage|p1a: GOAT|21\/100\n|-hitcount|p1a: GOAT|4\n|-unboost|p2a: Chomper|def|1\n|-boost|p2a: Chomper|spe|1\n|\n|upkeep\n|turn|21\n|\n|t:|1700244269\n|move|p2a: Chomper|Scale Shot|p1a: GOAT\n|-damage|p1a: GOAT|0 fnt\n|faint|p1a: GOAT\n|-hitcount|p1: GOAT|1\n|-unboost|p2a: Chomper|def|1\n|-boost|p2a: Chomper|spe|1\n|\n|upkeep\n|\n|t:|1700244273\n|switch|p1a: Glowking Lite|Slowbro-Galar, M|100\/100\n|-damage|p1a: Glowking Lite|88\/100|[from] Spikes\n|turn|22\n|\n|t:|1700244296\n|move|p2a: Chomper|Earthquake|p1a: Glowking Lite\n|-supereffective|p1a: Glowking Lite\n|-damage|p1a: Glowking Lite|21\/100\n|move|p1a: Glowking Lite|Iron Defense|p1a: Glowking Lite\n|-boost|p1a: Glowking Lite|def|2\n|\n|-heal|p1a: Glowking Lite|27\/100|[from] item: Leftovers\n|upkeep\n|turn|23\n|\n|t:|1700244403\n|move|p2a: Chomper|Earthquake|p1a: Glowking Lite\n|-supereffective|p1a: Glowking Lite\n|-damage|p1a: Glowking Lite|0 fnt\n|faint|p1a: Glowking Lite\n|\n|upkeep\n|\n|t:|1700244404\n|switch|p1a: Meowy|Meowscarada, F|56\/100\n|-damage|p1a: Meowy|43\/100|[from] Spikes\n|turn|24\n|\n|t:|1700244438\n|move|p2a: Chomper|Earthquake|p1a: Meowy\n|-resisted|p1a: Meowy\n|-damage|p1a: Meowy|12\/100\n|move|p1a: Meowy|Flower Trick|p2a: Chomper\n|-crit|p2a: Chomper\n|-damage|p2a: Chomper|0 fnt\n|faint|p2a: Chomper\n|\n|upkeep\n|\n|t:|1700244448\n|switch|p2a: Amongus|Amoonguss, M|43\/100\n|-damage|p2a: Amongus|18\/100|[from] Spikes\n|-damage|p2a: Amongus|6\/100|[from] Stealth Rock\n|turn|25\n|\n|t:|1700244487\n|move|p1a: Meowy|Flower Trick|p2a: Amongus\n|-resisted|p2a: Amongus\n|-crit|p2a: Amongus\n|-damage|p2a: Amongus|0 fnt\n|faint|p2a: Amongus\n|\n|win|jonasbonusonus\n","uploadtime":1700244493,"views":17,"p1id":"jonasbonusonus","p2id":"theshire748","formatid":"gen9ou","rating":0,"private":0,"password":""}