{"id":"gen9ou-1998189543","p1":"power-trip7","p2":"Juancbas1234","format":"[Gen 9] OU","log":"|j|\u2606power-trip7\n|j|\u2606Juancbas1234\n|t:|1700909349\n|gametype|singles\n|player|p1|power-trip7|2|1554\n|player|p2|Juancbas1234|170|1441\n|teamsize|p1|6\n|teamsize|p2|6\n|gen|9\n|tier|[Gen 9] OU\n|rated|\n|rule|Sleep Clause Mod: Limit one foe put to sleep\n|rule|Species Clause: Limit one of each Pok\u00e9mon\n|rule|OHKO Clause: OHKO moves are banned\n|rule|Evasion Items Clause: Evasion items are banned\n|rule|Evasion Moves Clause: Evasion moves are banned\n|rule|Endless Battle Clause: Forcing endless battles is banned\n|rule|HP Percentage Mod: HP is shown in percentages\n|clearpoke\n|poke|p1|Heatran, F|\n|poke|p1|Tornadus-Therian, M|\n|poke|p1|Ogerpon-Cornerstone, F|\n|poke|p1|Great Tusk|\n|poke|p1|Hatterene, F|\n|poke|p1|Toxapex, F|\n|poke|p2|Ogerpon-Cornerstone, F|\n|poke|p2|Gholdengo|\n|poke|p2|Glimmora, M|\n|poke|p2|Garchomp, F|\n|poke|p2|Iron Valiant|\n|poke|p2|Great Tusk|\n|teampreview\n|\n|t:|1700909367\n|start\n|switch|p1a: Trisha|Toxapex, F|100\/100\n|switch|p2a: Gholdengo|Gholdengo|100\/100\n|turn|1\n|\n|t:|1700909376\n|move|p2a: Gholdengo|Trick|p1a: Trisha\n|-activate|p2a: Gholdengo|move: Trick|[of] p1a: Trisha\n|-item|p1a: Trisha|Choice Scarf|[from] move: Trick\n|-item|p2a: Gholdengo|Leftovers|[from] move: Trick\n|move|p1a: Trisha|Surf|p2a: Gholdengo\n|-damage|p2a: Gholdengo|79\/100\n|\n|-heal|p2a: Gholdengo|85\/100|[from] item: Leftovers\n|upkeep\n|turn|2\n|\n|t:|1700909385\n|switch|p1a: Gold|Tornadus-Therian, M|100\/100\n|move|p2a: Gholdengo|Nasty Plot|p2a: Gholdengo\n|-boost|p2a: Gholdengo|spa|2\n|\n|-heal|p2a: Gholdengo|91\/100|[from] item: Leftovers\n|upkeep\n|turn|3\n|\n|t:|1700909395\n|move|p1a: Gold|Knock Off|p2a: Gholdengo\n|-supereffective|p2a: Gholdengo\n|-damage|p2a: Gholdengo|44\/100\n|-enditem|p2a: Gholdengo|Leftovers|[from] move: Knock Off|[of] p1a: Gold\n|move|p2a: Gholdengo|Trick|p1a: Gold\n|-activate|p2a: Gholdengo|move: Trick|[of] p1a: Gold\n|-enditem|p1a: Gold|Assault Vest|[silent]|[from] move: Trick\n|-item|p2a: Gholdengo|Assault Vest|[from] move: Trick\n|\n|upkeep\n|turn|4\n|\n|t:|1700909404\n|move|p1a: Gold|Knock Off|p2a: Gholdengo\n|-supereffective|p2a: Gholdengo\n|-damage|p2a: Gholdengo|1\/100\n|-enditem|p2a: Gholdengo|Assault Vest|[from] move: Knock Off|[of] p1a: Gold\n|move|p2a: Gholdengo|Shadow Ball|p1a: Gold\n|-damage|p1a: Gold|24\/100\n|\n|upkeep\n|turn|5\n|\n|t:|1700909412\n|move|p1a: Gold|U-turn|p2a: Gholdengo\n|-resisted|p2a: Gholdengo\n|-damage|p2a: Gholdengo|0 fnt\n|faint|p2a: Gholdengo\n|\n|t:|1700909420\n|switch|p1a: Trish|Hatterene, F|100\/100|[from] U-turn\n|\n|upkeep\n|\n|t:|1700909425\n|switch|p2a: Glimmora|Glimmora, M|100\/100\n|turn|6\n|\n|t:|1700909430\n|switch|p1a: Trisha|Toxapex, F|100\/100\n|move|p2a: Glimmora|Sludge Wave|p1a: Trisha\n|-resisted|p1a: Trisha\n|-damage|p1a: Trisha|86\/100\n|\n|upkeep\n|turn|7\n|\n|t:|1700909438\n|move|p2a: Glimmora|Stealth Rock|p1a: Trisha\n|-sidestart|p1: power-trip7|move: Stealth Rock\n|move|p1a: Trisha|Surf|p2a: Glimmora\n|-supereffective|p2a: Glimmora\n|-damage|p2a: Glimmora|56\/100\n|\n|upkeep\n|turn|8\n|\n|t:|1700909444\n|switch|p2a: Garchomp|Garchomp, F|100\/100\n|move|p1a: Trisha|Surf|p2a: Garchomp\n|-damage|p2a: Garchomp|82\/100\n|\n|upkeep\n|turn|9\n|\n|t:|1700909451\n|switch|p1a: Ben|Great Tusk, shiny|100\/100\n|-damage|p1a: Ben|97\/100|[from] Stealth Rock\n|move|p2a: Garchomp|Swords Dance|p2a: Garchomp\n|-boost|p2a: Garchomp|atk|2\n|\n|-heal|p1a: Ben|100\/100|[from] item: Leftovers\n|upkeep\n|turn|10\n|\n|t:|1700909462\n|-terastallize|p1a: Ben|Water\n|move|p1a: Ben|Rapid Spin|p2a: Garchomp\n|-damage|p2a: Garchomp|72\/100\n|-boost|p1a: Ben|spe|1\n|-damage|p1a: Ben|88\/100|[from] ability: Rough Skin|[of] p2a: Garchomp\n|-damage|p1a: Ben|71\/100|[from] item: Rocky Helmet|[of] p2a: Garchomp\n|-sideend|p1: power-trip7|Stealth Rock|[from] move: Rapid Spin|[of] p1a: Ben\n|move|p2a: Garchomp|Dragon Tail|p1a: Ben\n|-damage|p1a: Ben|46\/100\n|-end|p1a: Ben|Protosynthesis|[silent]\n|drag|p1a: Joeverpon|Ogerpon-Cornerstone, F|100\/100\n|\n|upkeep\n|turn|11\n|\n|t:|1700909483\n|move|p1a: Joeverpon|Swords Dance|p1a: Joeverpon\n|-boost|p1a: Joeverpon|atk|2\n|move|p2a: Garchomp|Dragon Tail|p1a: Joeverpon\n|-damage|p1a: Joeverpon|34\/100\n|drag|p1a: Ben|Great Tusk, shiny, tera:Water|46\/100\n|\n|-heal|p1a: Ben|52\/100|[from] item: Leftovers\n|upkeep\n|turn|12\n|\n|t:|1700909494\n|move|p2a: Garchomp|Earthquake|p1a: Ben\n|-damage|p1a: Ben|13\/100\n|move|p1a: Ben|Ice Spinner|p2a: Garchomp\n|-supereffective|p2a: Garchomp\n|-damage|p2a: Garchomp|6\/100\n|-damage|p1a: Ben|1\/100|[from] ability: Rough Skin|[of] p2a: Garchomp\n|-damage|p1a: Ben|0 fnt|[from] item: Rocky Helmet|[of] p2a: Garchomp\n|faint|p1a: Ben\n|-end|p1a: Ben|Protosynthesis|[silent]\n|\n|upkeep\n|\n|t:|1700909502\n|switch|p1a: Gold|Tornadus-Therian, M|57\/100\n|turn|13\n|\n|t:|1700909509\n|move|p1a: Gold|Knock Off|p2a: Garchomp\n|-damage|p2a: Garchomp|0 fnt\n|-damage|p1a: Gold|45\/100|[from] ability: Rough Skin|[of] p2a: Garchomp\n|-damage|p1a: Gold|28\/100|[from] item: Rocky Helmet|[of] p2a: Garchomp\n|-enditem|p2a: Garchomp|Rocky Helmet|[from] move: Knock Off|[of] p1a: Gold\n|faint|p2a: Garchomp\n|\n|upkeep\n|\n|t:|1700909518\n|switch|p2a: Glimmora|Glimmora, M|56\/100\n|turn|14\n|\n|t:|1700909527\n|switch|p1a: Trish|Hatterene, F|100\/100\n|move|p2a: Glimmora|Sludge Wave|p1a: Trish\n|-supereffective|p1a: Trish\n|-crit|p1a: Trish\n|-damage|p1a: Trish|0 fnt\n|faint|p1a: Trish\n|\n|upkeep\n|\n|t:|1700909533\n|switch|p1a: Joeverpon|Ogerpon-Cornerstone, F|34\/100\n|turn|15\n|\n|t:|1700909540\n|move|p1a: Joeverpon|Horn Leech|p2a: Glimmora\n|-damage|p2a: Glimmora|5\/100\n|-heal|p1a: Joeverpon|60\/100|[from] drain|[of] p2a: Glimmora\n|-activate|p2a: Glimmora|ability: Toxic Debris\n|-sidestart|p1: power-trip7|move: Toxic Spikes\n|move|p2a: Glimmora|Power Gem|p1a: Joeverpon\n|-damage|p1a: Joeverpon|11\/100\n|\n|upkeep\n|turn|16\n|\n|t:|1700909551\n|move|p1a: Joeverpon|Horn Leech|p2a: Glimmora\n|-damage|p2a: Glimmora|0 fnt\n|-heal|p1a: Joeverpon|13\/100|[from] drain|[of] p2a: Glimmora\n|-activate|p2a: Glimmora|ability: Toxic Debris\n|-sidestart|p1: power-trip7|move: Toxic Spikes\n|faint|p2a: Glimmora\n|\n|upkeep\n|\n|t:|1700909563\n|switch|p2a: Iron Valiant|Iron Valiant|100\/100\n|turn|17\n|\n|t:|1700909578\n|switch|p1a: Trisha|Toxapex, F|100\/100\n|-sideend|p1: power-trip7|move: Toxic Spikes|[of] p1a: Trisha\n|move|p2a: Iron Valiant|Thunderbolt|p1a: Trisha\n|-supereffective|p1a: Trisha\n|-damage|p1a: Trisha|40\/100\n|\n|upkeep\n|turn|18\n|\n|t:|1700909586\n|switch|p1a: He Ran|Heatran, F|100\/100\n|move|p2a: Iron Valiant|Thunderbolt|p1a: He Ran\n|-damage|p1a: He Ran|71\/100\n|\n|-heal|p1a: He Ran|78\/100|[from] item: Leftovers\n|upkeep\n|turn|19\n|\n|t:|1700909596\n|move|p2a: Iron Valiant|Thunderbolt|p1a: He Ran\n|-damage|p1a: He Ran|52\/100\n|move|p1a: He Ran|Magma Storm|p2a: Iron Valiant|[miss]\n|-miss|p1a: He Ran|p2a: Iron Valiant\n|\n|-heal|p1a: He Ran|58\/100|[from] item: Leftovers\n|upkeep\n|turn|20\n|\n|t:|1700909607\n|move|p2a: Iron Valiant|Thunderbolt|p1a: He Ran\n|-damage|p1a: He Ran|30\/100\n|move|p1a: He Ran|Magma Storm|p2a: Iron Valiant\n|-damage|p2a: Iron Valiant|20\/100\n|-activate|p2a: Iron Valiant|move: Magma Storm|[of] p1a: He Ran\n|\n|-heal|p1a: He Ran|36\/100|[from] item: Leftovers\n|-damage|p2a: Iron Valiant|8\/100|[from] move: Magma Storm|[partiallytrapped]\n|upkeep\n|turn|21\n|\n|t:|1700909634\n|move|p1a: He Ran|Protect|p1a: He Ran\n|-singleturn|p1a: He Ran|Protect\n|move|p2a: Iron Valiant|Thunderbolt|p1a: He Ran\n|-activate|p1a: He Ran|move: Protect\n|\n|-heal|p1a: He Ran|42\/100|[from] item: Leftovers\n|-damage|p2a: Iron Valiant|0 fnt|[from] move: Magma Storm|[partiallytrapped]\n|faint|p2a: Iron Valiant\n|-end|p2a: Iron Valiant|Quark Drive|[silent]\n|upkeep\n|\n|t:|1700909651\n|switch|p2a: Great Tusk|Great Tusk|100\/100\n|-enditem|p2a: Great Tusk|Booster Energy\n|-activate|p2a: Great Tusk|ability: Protosynthesis|[fromitem]\n|-start|p2a: Great Tusk|protosynthesisatk\n|turn|22\n|\n|t:|1700909661\n|move|p2a: Great Tusk|Rapid Spin|p1a: He Ran\n|-resisted|p1a: He Ran\n|-damage|p1a: He Ran|32\/100\n|-boost|p2a: Great Tusk|spe|1\n|move|p1a: He Ran|Magma Storm|p2a: Great Tusk|[miss]\n|-miss|p1a: He Ran|p2a: Great Tusk\n|\n|-heal|p1a: He Ran|38\/100|[from] item: Leftovers\n|upkeep\n|turn|23\n|\n|t:|1700909674\n|move|p2a: Great Tusk|Close Combat|p1a: He Ran\n|-supereffective|p1a: He Ran\n|-damage|p1a: He Ran|0 fnt\n|-unboost|p2a: Great Tusk|def|1\n|-unboost|p2a: Great Tusk|spd|1\n|faint|p1a: He Ran\n|\n|upkeep\n|\n|t:|1700909677\n|switch|p1a: Gold|Tornadus-Therian, M|61\/100\n|turn|24\n|\n|t:|1700909686\n|move|p2a: Great Tusk|Ice Spinner|p1a: Gold\n|-supereffective|p1a: Gold\n|-damage|p1a: Gold|0 fnt\n|faint|p1a: Gold\n|\n|upkeep\n|-message|power-trip7 forfeited.\n|\n|win|Juancbas1234\n|raw|power-trip7's rating: 1554 &rarr; <strong>1528<\/strong><br \/>(-26 for losing)\n|raw|Juancbas1234's rating: 1441 &rarr; <strong>1467<\/strong><br \/>(+26 for winning)\n|l|\u2606power-trip7\n","uploadtime":1700909717,"views":1,"p1id":"powertrip7","p2id":"juancbas1234","formatid":"gen9ou","rating":1467,"private":0,"password":""}