{"id":"gen9ou-1989779699","p1":"Im_Totally_Human","p2":"neo feet ah","format":"[Gen 9] OU","log":"|j|\u2606Im_Totally_Human\n|j|\u2606neo feet ah\n|t:|1699895070\n|gametype|singles\n|player|p1|Im_Totally_Human|az|1350\n|player|p2|neo feet ah|2|1310\n|teamsize|p1|6\n|teamsize|p2|6\n|gen|9\n|tier|[Gen 9] OU\n|rated|\n|rule|Sleep Clause Mod: Limit one foe put to sleep\n|rule|Species Clause: Limit one of each Pok\u00e9mon\n|rule|OHKO Clause: OHKO moves are banned\n|rule|Evasion Items Clause: Evasion items are banned\n|rule|Evasion Moves Clause: Evasion moves are banned\n|rule|Endless Battle Clause: Forcing endless battles is banned\n|rule|HP Percentage Mod: HP is shown in percentages\n|clearpoke\n|poke|p1|Cramorant, M|\n|poke|p1|Iron Valiant|\n|poke|p1|Landorus-Therian, M|\n|poke|p1|Kingambit, F|\n|poke|p1|Brambleghast, M|\n|poke|p1|Gholdengo|\n|poke|p2|Heatran, F|\n|poke|p2|Ogerpon-Wellspring, F|\n|poke|p2|Ting-Lu|\n|poke|p2|Hatterene, F|\n|poke|p2|Thundurus-Therian, M|\n|poke|p2|Scizor, F|\n|teampreview\n|inactive|Battle timer is ON: inactive players will automatically lose when time's up. (requested by neo feet ah)\n|\n|t:|1699895086\n|start\n|switch|p1a: Cramorant|Cramorant, M|100\/100\n|switch|p2a: Ogerpon|Ogerpon-Wellspring, F|100\/100\n|turn|1\n|\n|t:|1699895092\n|switch|p1a: Brambleghast|Brambleghast, M|100\/100\n|move|p2a: Ogerpon|U-turn|p1a: Brambleghast\n|-damage|p1a: Brambleghast|51\/100\n|\n|t:|1699895103\n|switch|p2a: Thundurus|Thundurus-Therian, M|100\/100|[from] U-turn\n|\n|-heal|p1a: Brambleghast|57\/100|[from] item: Leftovers\n|upkeep\n|turn|2\n|\n|t:|1699895112\n|-terastallize|p2a: Thundurus|Flying\n|move|p2a: Thundurus|Tera Blast|p1a: Brambleghast|[anim] Tera Blast Flying\n|-supereffective|p1a: Brambleghast\n|-damage|p1a: Brambleghast|0 fnt\n|faint|p1a: Brambleghast\n|\n|upkeep\n|\n|t:|1699895124\n|switch|p1a: Gholdengo|Gholdengo|100\/100\n|-item|p1a: Gholdengo|Air Balloon\n|turn|3\n|\n|t:|1699895139\n|switch|p1a: Cramorant|Cramorant, M|100\/100\n|move|p2a: Thundurus|Volt Switch|p1a: Cramorant\n|-supereffective|p1a: Cramorant\n|-damage|p1a: Cramorant|0 fnt\n|faint|p1a: Cramorant\n|\n|t:|1699895146\n|switch|p2a: Ting-Lu|Ting-Lu|100\/100|[from] Volt Switch\n|-ability|p2a: Ting-Lu|Vessel of Ruin\n|\n|upkeep\n|\n|t:|1699895159\n|switch|p1a: Landorus|Landorus-Therian, M|100\/100\n|-ability|p1a: Landorus|Intimidate|boost\n|-unboost|p2a: Ting-Lu|atk|1\n|turn|4\n|\n|t:|1699895173\n|move|p1a: Landorus|Nasty Plot|p1a: Landorus\n|-boost|p1a: Landorus|spa|2\n|move|p2a: Ting-Lu|Spikes|p1a: Landorus\n|-sidestart|p1: Im_Totally_Human|Spikes\n|\n|upkeep\n|turn|5\n|\n|t:|1699895180\n|move|p1a: Landorus|Grass Knot|p2a: Ting-Lu\n|-supereffective|p2a: Ting-Lu\n|-damage|p2a: Ting-Lu|29\/100\n|-damage|p1a: Landorus|91\/100|[from] item: Life Orb\n|move|p2a: Ting-Lu|Whirlwind|p1a: Landorus\n|drag|p1a: Kingambit|Kingambit, F|100\/100\n|-activate|p1a: Kingambit|ability: Supreme Overlord\n|-start|p1a: Kingambit|fallen2|[silent]\n|\n|-heal|p2a: Ting-Lu|35\/100|[from] item: Leftovers\n|upkeep\n|turn|6\n|\n|t:|1699895193\n|-end|p1a: Kingambit|fallen2|[silent]\n|switch|p1a: Gholdengo|Gholdengo|100\/100\n|-item|p1a: Gholdengo|Air Balloon\n|move|p2a: Ting-Lu|Spikes|p1a: Gholdengo\n|-sidestart|p1: Im_Totally_Human|Spikes\n|\n|-heal|p2a: Ting-Lu|42\/100|[from] item: Leftovers\n|upkeep\n|turn|7\n|\n|t:|1699895199\n|move|p1a: Gholdengo|Make It Rain|p2a: Ting-Lu\n|-crit|p2a: Ting-Lu\n|-damage|p2a: Ting-Lu|2\/100\n|-unboost|p1a: Gholdengo|spa|1\n|move|p2a: Ting-Lu|Stealth Rock|p1a: Gholdengo\n|-sidestart|p1: Im_Totally_Human|move: Stealth Rock\n|\n|-heal|p2a: Ting-Lu|8\/100|[from] item: Leftovers\n|upkeep\n|turn|8\n|\n|t:|1699895206\n|move|p1a: Gholdengo|Make It Rain|p2a: Ting-Lu\n|-damage|p2a: Ting-Lu|0 fnt\n|-unboost|p1a: Gholdengo|spa|1\n|faint|p2a: Ting-Lu\n|\n|upkeep\n|\n|t:|1699895228\n|switch|p2a: Ogerpon|Ogerpon-Wellspring, F|100\/100\n|turn|9\n|\n|t:|1699895237\n|move|p2a: Ogerpon|U-turn|p1a: Gholdengo\n|-resisted|p1a: Gholdengo\n|-damage|p1a: Gholdengo|93\/100\n|-enditem|p1a: Gholdengo|Air Balloon\n|\n|t:|1699895241\n|switch|p2a: Thundurus|Thundurus-Therian, M, tera:Flying|100\/100|[from] U-turn\n|move|p1a: Gholdengo|Shadow Ball|p2a: Thundurus\n|-damage|p2a: Thundurus|68\/100\n|\n|upkeep\n|turn|10\n|\n|t:|1699895265\n|move|p2a: Thundurus|Volt Switch|p1a: Gholdengo\n|-damage|p1a: Gholdengo|47\/100\n|\n|t:|1699895274\n|switch|p2a: Heatran|Heatran, F|100\/100|[from] Volt Switch\n|move|p1a: Gholdengo|Shadow Ball|p2a: Heatran\n|-damage|p2a: Heatran|82\/100\n|\n|-heal|p2a: Heatran|88\/100|[from] item: Leftovers\n|upkeep\n|turn|11\n|\n|t:|1699895279\n|move|p1a: Gholdengo|Nasty Plot|p1a: Gholdengo\n|-boost|p1a: Gholdengo|spa|2\n|move|p2a: Heatran|Lava Plume|p1a: Gholdengo\n|-supereffective|p1a: Gholdengo\n|-damage|p1a: Gholdengo|0 fnt\n|faint|p1a: Gholdengo\n|\n|-heal|p2a: Heatran|94\/100|[from] item: Leftovers\n|upkeep\n|\n|t:|1699895283\n|switch|p1a: Iron Valiant|Iron Valiant|100\/100\n|-damage|p1a: Iron Valiant|84\/100|[from] Spikes\n|-damage|p1a: Iron Valiant|78\/100|[from] Stealth Rock\n|-enditem|p1a: Iron Valiant|Booster Energy\n|-activate|p1a: Iron Valiant|ability: Quark Drive|[fromitem]\n|-start|p1a: Iron Valiant|quarkdrivespe\n|turn|12\n|\n|t:|1699895299\n|move|p1a: Iron Valiant|Close Combat|p2a: Heatran\n|-supereffective|p2a: Heatran\n|-damage|p2a: Heatran|15\/100\n|-unboost|p1a: Iron Valiant|def|1\n|-unboost|p1a: Iron Valiant|spd|1\n|move|p2a: Heatran|Lava Plume|p1a: Iron Valiant\n|-damage|p1a: Iron Valiant|0 fnt\n|faint|p1a: Iron Valiant\n|-end|p1a: Iron Valiant|Quark Drive|[silent]\n|\n|-heal|p2a: Heatran|21\/100|[from] item: Leftovers\n|upkeep\n|\n|t:|1699895303\n|switch|p1a: Landorus|Landorus-Therian, M|91\/100\n|-damage|p1a: Landorus|79\/100|[from] Stealth Rock\n|-ability|p1a: Landorus|Intimidate|boost\n|-unboost|p2a: Heatran|atk|1\n|turn|13\n|\n|t:|1699895310\n|switch|p2a: Thundurus|Thundurus-Therian, M, tera:Flying|68\/100\n|move|p1a: Landorus|Earth Power|p2a: Thundurus\n|-immune|p2a: Thundurus\n|\n|upkeep\n|turn|14\n|\n|t:|1699895315\n|move|p2a: Thundurus|Tera Blast|p1a: Landorus|[anim] Tera Blast Flying\n|-damage|p1a: Landorus|3\/100\n|move|p1a: Landorus|Tera Blast|p2a: Thundurus\n|-damage|p2a: Thundurus|27\/100\n|-damage|p1a: Landorus|0 fnt|[from] item: Life Orb\n|faint|p1a: Landorus\n|\n|upkeep\n|\n|t:|1699895318\n|switch|p1a: Kingambit|Kingambit, F|100\/100\n|-activate|p1a: Kingambit|ability: Supreme Overlord\n|-start|p1a: Kingambit|fallen5|[silent]\n|turn|15\n|\n|t:|1699895323\n|move|p2a: Thundurus|Volt Switch|p1a: Kingambit\n|-damage|p1a: Kingambit|60\/100\n|\n|t:|1699895325\n|switch|p2a: Heatran|Heatran, F|21\/100|[from] Volt Switch\n|move|p1a: Kingambit|Swords Dance|p1a: Kingambit\n|-boost|p1a: Kingambit|atk|2\n|\n|-heal|p2a: Heatran|27\/100|[from] item: Leftovers\n|upkeep\n|turn|16\n|\n|t:|1699895330\n|move|p1a: Kingambit|Sucker Punch|p2a: Heatran\n|-damage|p2a: Heatran|0 fnt\n|faint|p2a: Heatran\n|\n|upkeep\n|\n|t:|1699895333\n|switch|p2a: Scizor|Scizor, F|100\/100\n|turn|17\n|\n|t:|1699895338\n|-terastallize|p1a: Kingambit|Flying\n|move|p2a: Scizor|Close Combat|p1a: Kingambit\n|-resisted|p1a: Kingambit\n|-damage|p1a: Kingambit|36\/100\n|-unboost|p2a: Scizor|def|1\n|-unboost|p2a: Scizor|spd|1\n|-damage|p2a: Scizor|90\/100|[from] item: Life Orb\n|move|p1a: Kingambit|Kowtow Cleave|p2a: Scizor\n|-damage|p2a: Scizor|0 fnt\n|faint|p2a: Scizor\n|\n|upkeep\n|\n|t:|1699895344\n|switch|p2a: Ogerpon|Ogerpon-Wellspring, F|100\/100\n|turn|18\n|\n|t:|1699895348\n|move|p1a: Kingambit|Sucker Punch||[still]\n|-fail|p1a: Kingambit\n|move|p2a: Ogerpon|Taunt|p1a: Kingambit\n|-start|p1a: Kingambit|move: Taunt\n|\n|upkeep\n|turn|19\n|\n|t:|1699895358\n|move|p1a: Kingambit|Sucker Punch|p2a: Ogerpon\n|-damage|p2a: Ogerpon|0 fnt\n|faint|p2a: Ogerpon\n|\n|upkeep\n|\n|t:|1699895364\n|switch|p2a: Thundurus|Thundurus-Therian, M, tera:Flying|27\/100\n|turn|20\n|\n|t:|1699895368\n|move|p1a: Kingambit|Sucker Punch|p2a: Thundurus\n|-damage|p2a: Thundurus|0 fnt\n|faint|p2a: Thundurus\n|\n|upkeep\n|\n|t:|1699895370\n|switch|p2a: Hatterene|Hatterene, F|100\/100\n|turn|21\n|\n|t:|1699895373\n|move|p1a: Kingambit|Iron Head|p2a: Hatterene\n|-supereffective|p2a: Hatterene\n|-damage|p2a: Hatterene|0 fnt\n|faint|p2a: Hatterene\n|\n|win|Im_Totally_Human\n|raw|Im_Totally_Human's rating: 1350 &rarr; <strong>1368<\/strong><br \/>(+18 for winning)\n|raw|neo feet ah's rating: 1310 &rarr; <strong>1292<\/strong><br \/>(-18 for losing)\n|c|\u2606Im_Totally_Human|lol\n|c|\u2606Im_Totally_Human|gg\n|c|\u2606neo feet ah|:(\n","uploadtime":1699895388,"views":11,"p1id":"imtotallyhuman","p2id":"neofeetah","formatid":"gen9ou","rating":1292,"private":0,"password":""}