{"id":"gen9ou-2000412719","p1":"liaoya","p2":"TR23 testin","format":"[Gen 9] OU","log":"|j|\u2606liaoya\n|j|\u2606TR23 testin\n|t:|1701192674\n|gametype|singles\n|player|p1|liaoya|petrel|1526\n|player|p2|TR23 testin|266|1591\n|teamsize|p1|6\n|teamsize|p2|6\n|gen|9\n|tier|[Gen 9] OU\n|rated|\n|rule|Sleep Clause Mod: Limit one foe put to sleep\n|rule|Species Clause: Limit one of each Pok\u00e9mon\n|rule|OHKO Clause: OHKO moves are banned\n|rule|Evasion Items Clause: Evasion items are banned\n|rule|Evasion Moves Clause: Evasion moves are banned\n|rule|Endless Battle Clause: Forcing endless battles is banned\n|rule|HP Percentage Mod: HP is shown in percentages\n|clearpoke\n|poke|p1|Drifblim, M|\n|poke|p1|Garganacl, M|\n|poke|p1|Umbreon, F|\n|poke|p1|Rotom-Wash|\n|poke|p1|Glimmora, F|\n|poke|p1|Espeon, F|\n|poke|p2|Great Tusk|\n|poke|p2|Greninja-*, M|\n|poke|p2|Kingambit, F|\n|poke|p2|Ogerpon-Wellspring, F|\n|poke|p2|Slowking-Galar, M|\n|poke|p2|Zapdos|\n|teampreview\n|inactive|Battle timer is ON: inactive players will automatically lose when time's up. (requested by liaoya)\n|\n|t:|1701192688\n|start\n|switch|p1a: Rotom|Rotom-Wash|100\/100\n|switch|p2a: Great Tusk|Great Tusk|100\/100\n|turn|1\n|\n|t:|1701192693\n|-end|p2a: Great Tusk|Protosynthesis|[silent]\n|switch|p2a: Slowking|Slowking-Galar, M|100\/100\n|move|p1a: Rotom|Trick|p2a: Slowking\n|-activate|p1a: Rotom|move: Trick|[of] p2a: Slowking\n|-item|p2a: Slowking|Choice Scarf|[from] move: Trick\n|-item|p1a: Rotom|Heavy-Duty Boots|[from] move: Trick\n|\n|upkeep\n|turn|2\n|\n|t:|1701192700\n|move|p1a: Rotom|Will-O-Wisp|p2a: Slowking\n|-status|p2a: Slowking|brn\n|move|p2a: Slowking|Chilly Reception|p2a: Slowking\n|-weather|Snow\n|j| roarcat\n|inactive|TR23 testin has 120 seconds left.\n|\n|t:|1701192735\n|switch|p2a: Zapdos|Zapdos|100\/100|[from] Chilly Reception\n|\n|-weather|Snow|[upkeep]\n|upkeep\n|turn|3\n|\n|t:|1701192742\n|move|p2a: Zapdos|Discharge|p1a: Rotom\n|-crit|p1a: Rotom\n|-damage|p1a: Rotom|44\/100\n|move|p1a: Rotom|Hydro Pump|p2a: Zapdos\n|-damage|p2a: Zapdos|52\/100\n|\n|-weather|Snow|[upkeep]\n|upkeep\n|turn|4\n|\n|t:|1701192753\n|move|p2a: Zapdos|Roost|p2a: Zapdos\n|-heal|p2a: Zapdos|100\/100\n|-singleturn|p2a: Zapdos|move: Roost\n|move|p1a: Rotom|Hydro Pump|p2a: Zapdos\n|-damage|p2a: Zapdos|55\/100\n|\n|-weather|Snow|[upkeep]\n|upkeep\n|turn|5\n|\n|t:|1701192760\n|move|p2a: Zapdos|Roost|p2a: Zapdos\n|-heal|p2a: Zapdos|100\/100\n|-singleturn|p2a: Zapdos|move: Roost\n|move|p1a: Rotom|Volt Switch|p2a: Zapdos\n|-resisted|p2a: Zapdos\n|-damage|p2a: Zapdos|84\/100\n|\n|t:|1701192763\n|switch|p1a: Garganacl|Garganacl, M, shiny|100\/100|[from] Volt Switch\n|\n|-weather|Snow|[upkeep]\n|upkeep\n|turn|6\n|\n|t:|1701192768\n|move|p2a: Zapdos|U-turn|p1a: Garganacl\n|-damage|p1a: Garganacl|91\/100\n|\n|t:|1701192777\n|switch|p2a: Greninja|Greninja, M|100\/100|[from] U-turn\n|move|p1a: Garganacl|Salt Cure|p2a: Greninja\n|-damage|p2a: Greninja|77\/100\n|-start|p2a: Greninja|Salt Cure\n|\n|-weather|none\n|-heal|p1a: Garganacl|97\/100|[from] item: Leftovers\n|-damage|p2a: Greninja|52\/100|[from] Salt Cure\n|upkeep\n|turn|7\n|\n|t:|1701192782\n|switch|p1a: Umbreon|Umbreon, F, shiny|100\/100\n|move|p2a: Greninja|Surf|p1a: Umbreon\n|-damage|p1a: Umbreon|65\/100\n|\n|-heal|p1a: Umbreon|71\/100|[from] item: Leftovers\n|-damage|p2a: Greninja|27\/100|[from] Salt Cure\n|upkeep\n|turn|8\n|\n|t:|1701192786\n|switch|p2a: Slowking|Slowking-Galar, M|100\/100 brn\n|move|p1a: Umbreon|Wish|p1a: Umbreon\n|\n|-heal|p1a: Umbreon|77\/100|[from] item: Leftovers\n|-damage|p2a: Slowking|94\/100 brn|[from] brn\n|upkeep\n|turn|9\n|\n|t:|1701192796\n|switch|p1a: Rotom|Rotom-Wash|44\/100\n|move|p2a: Slowking|Future Sight|p1a: Rotom\n|-start|p2a: Slowking|move: Future Sight\n|\n|-heal|p1a: Rotom|100\/100|[from] move: Wish|[wisher] Umbreon\n|-damage|p2a: Slowking|88\/100 brn|[from] brn\n|upkeep\n|turn|10\n|\n|t:|1701192806\n|switch|p2a: Zapdos|Zapdos|84\/100\n|move|p1a: Rotom|Will-O-Wisp|p2a: Zapdos\n|-status|p2a: Zapdos|brn\n|\n|-damage|p2a: Zapdos|78\/100 brn|[from] brn\n|upkeep\n|turn|11\n|\n|t:|1701192811\n|move|p2a: Zapdos|U-turn|p1a: Rotom\n|-crit|p1a: Rotom\n|-damage|p1a: Rotom|90\/100\n|\n|t:|1701192814\n|switch|p2a: Great Tusk|Great Tusk|100\/100|[from] U-turn\n|move|p1a: Rotom|Volt Switch|p2a: Great Tusk\n|-immune|p2a: Great Tusk\n|\n|-end|p1a: Rotom|move: Future Sight\n|-damage|p1a: Rotom|39\/100\n|upkeep\n|turn|12\n|\n|t:|1701192823\n|move|p2a: Great Tusk|Head Smash|p1a: Rotom\n|-damage|p1a: Rotom|0 fnt\n|faint|p1a: Rotom\n|-damage|p2a: Great Tusk|85\/100|[from] Recoil\n|\n|-heal|p2a: Great Tusk|91\/100|[from] item: Leftovers\n|upkeep\n|\n|t:|1701192829\n|switch|p1a: Garganacl|Garganacl, M, shiny|97\/100\n|turn|13\n|\n|t:|1701192833\n|-terastallize|p1a: Garganacl|Ghost\n|move|p2a: Great Tusk|Headlong Rush|p1a: Garganacl\n|-damage|p1a: Garganacl|54\/100\n|-unboost|p2a: Great Tusk|def|1\n|-unboost|p2a: Great Tusk|spd|1\n|move|p1a: Garganacl|Iron Defense|p1a: Garganacl\n|-boost|p1a: Garganacl|def|2\n|\n|-heal|p2a: Great Tusk|97\/100|[from] item: Leftovers\n|-heal|p1a: Garganacl|60\/100|[from] item: Leftovers\n|upkeep\n|turn|14\n|\n|t:|1701192842\n|-end|p2a: Great Tusk|Protosynthesis|[silent]\n|switch|p2a: Greninja|Greninja, M|27\/100\n|move|p1a: Garganacl|Salt Cure|p2a: Greninja\n|-damage|p2a: Greninja|3\/100\n|-start|p2a: Greninja|Salt Cure\n|\n|-heal|p1a: Garganacl|67\/100|[from] item: Leftovers\n|-damage|p2a: Greninja|0 fnt|[from] Salt Cure\n|faint|p2a: Greninja\n|upkeep\n|j| midshiropaints\n|\n|t:|1701192847\n|switch|p2a: Ogerpon|Ogerpon-Wellspring, F|100\/100\n|turn|15\n|\n|t:|1701192851\n|move|p2a: Ogerpon|Knock Off|p1a: Garganacl\n|-supereffective|p1a: Garganacl\n|-damage|p1a: Garganacl|39\/100\n|-enditem|p1a: Garganacl|Leftovers|[from] move: Knock Off|[of] p2a: Ogerpon\n|move|p1a: Garganacl|Salt Cure|p2a: Ogerpon\n|-damage|p2a: Ogerpon|84\/100\n|-start|p2a: Ogerpon|Salt Cure\n|\n|-damage|p2a: Ogerpon|59\/100|[from] Salt Cure\n|upkeep\n|turn|16\n|\n|t:|1701192858\n|switch|p2a: Slowking|Slowking-Galar, M|100\/100 brn\n|move|p1a: Garganacl|Recover|p1a: Garganacl\n|-heal|p1a: Garganacl|89\/100\n|\n|-damage|p2a: Slowking|94\/100 brn|[from] brn\n|upkeep\n|turn|17\n|\n|t:|1701192861\n|move|p1a: Garganacl|Iron Defense|p1a: Garganacl\n|-boost|p1a: Garganacl|def|2\n|move|p2a: Slowking|Future Sight|p1a: Garganacl\n|-start|p2a: Slowking|move: Future Sight\n|\n|-damage|p2a: Slowking|88\/100 brn|[from] brn\n|upkeep\n|turn|18\n|\n|t:|1701192865\n|switch|p2a: Zapdos|Zapdos|78\/100 brn\n|move|p1a: Garganacl|Salt Cure|p2a: Zapdos\n|-supereffective|p2a: Zapdos\n|-damage|p2a: Zapdos|56\/100 brn\n|-start|p2a: Zapdos|Salt Cure\n|\n|-damage|p2a: Zapdos|50\/100 brn|[from] brn\n|-damage|p2a: Zapdos|38\/100 brn|[from] Salt Cure\n|upkeep\n|turn|19\n|\n|t:|1701192869\n|move|p2a: Zapdos|Hurricane|p1a: Garganacl\n|-damage|p1a: Garganacl|59\/100\n|-start|p1a: Garganacl|confusion\n|-activate|p1a: Garganacl|confusion\n|move|p1a: Garganacl|Recover|p1a: Garganacl\n|-heal|p1a: Garganacl|100\/100\n|\n|-end|p1a: Garganacl|move: Future Sight\n|-damage|p1a: Garganacl|73\/100\n|-damage|p2a: Zapdos|32\/100 brn|[from] brn\n|-damage|p2a: Zapdos|19\/100 brn|[from] Salt Cure\n|upkeep\n|turn|20\n|\n|t:|1701192881\n|move|p2a: Zapdos|Roost|p2a: Zapdos\n|-heal|p2a: Zapdos|69\/100 brn\n|-singleturn|p2a: Zapdos|move: Roost\n|-activate|p1a: Garganacl|confusion\n|move|p1a: Garganacl|Recover|p1a: Garganacl\n|-heal|p1a: Garganacl|100\/100\n|\n|-damage|p2a: Zapdos|63\/100 brn|[from] brn\n|-damage|p2a: Zapdos|51\/100 brn|[from] Salt Cure\n|upkeep\n|turn|21\n|l|\u2606TR23 testin\n|inactive|TR23 testin disconnected and has a minute to reconnect!\n|player|p2|\n|l| midshiropaints\n|c|\u2606liaoya|\uff1f\n|c|\u2606liaoya|\uff1f\uff1f\n|c|\u2606liaoya|\uff1f\uff1f\uff1f\n|c|\u2606liaoya|\uff1f\uff1f\uff1f\uff1f\n|inactive|TR23 testin has 30 seconds to reconnect!\n|c|\u2606liaoya|\uff1f\uff1f\uff1f\uff1f\uff1f\n|c|\u2606liaoya|\uff1f\uff1f\uff1f\uff1f\n|c|\u2606liaoya|\uff1f\uff1f\uff1f\n|c|\u2606liaoya|\uff1f\uff1f\n|c|\u2606liaoya|\uff1f\n|inactive|TR23 testin has 20 seconds to reconnect!\n|inactive|TR23 testin has 15 seconds to reconnect!\n|inactive|TR23 testin has 10 seconds to reconnect!\n|inactive|TR23 testin has 5 seconds to reconnect!\n|-message|TR23 testin lost due to inactivity.\n|\n|win|liaoya\n|raw|liaoya's rating: 1526 &rarr; <strong>1550<\/strong><br \/>(+24 for winning)\n|raw|TR23 testin's rating: 1591 &rarr; <strong>1567<\/strong><br \/>(-24 for losing)\n","uploadtime":1701192944,"views":1,"p1id":"liaoya","p2id":"tr23testin","formatid":"gen9ou","rating":1550,"private":0,"password":""}