{"id":"gen9ou-1991742560","p1":"Prav33n","p2":"ratatta17","format":"[Gen 9] OU","log":"|j|\u2606Prav33n\n|j|\u2606ratatta17\n|t:|1700109711\n|gametype|singles\n|player|p1|Prav33n|swimmer-gen4|1436\n|player|p2|ratatta17|101|1432\n|teamsize|p1|6\n|teamsize|p2|6\n|gen|9\n|tier|[Gen 9] OU\n|rated|\n|rule|Sleep Clause Mod: Limit one foe put to sleep\n|rule|Species Clause: Limit one of each Pok\u00e9mon\n|rule|OHKO Clause: OHKO moves are banned\n|rule|Evasion Items Clause: Evasion items are banned\n|rule|Evasion Moves Clause: Evasion moves are banned\n|rule|Endless Battle Clause: Forcing endless battles is banned\n|rule|HP Percentage Mod: HP is shown in percentages\n|clearpoke\n|poke|p1|Iron Moth|\n|poke|p1|Gholdengo|\n|poke|p1|Kommo-o, F|\n|poke|p1|Great Tusk|\n|poke|p1|Ogerpon-Cornerstone, F|\n|poke|p1|Rillaboom, M|\n|poke|p2|Azumarill, M|\n|poke|p2|Staraptor, F|\n|poke|p2|Toedscruel, M|\n|poke|p2|Skeledirge, M|\n|poke|p2|Ninetales-Alola, F|\n|poke|p2|Iron Valiant|\n|teampreview\n|inactive|Battle timer is ON: inactive players will automatically lose when time's up. (requested by Prav33n)\n|\n|t:|1700109722\n|start\n|switch|p1a: Ogerpon|Ogerpon-Cornerstone, F|100\/100\n|switch|p2a: Staraptor|Staraptor, F|100\/100\n|-ability|p2a: Staraptor|Intimidate|boost\n|-unboost|p1a: Ogerpon|atk|1\n|turn|1\n|\n|t:|1700109731\n|move|p2a: Staraptor|Final Gambit|p1a: Ogerpon\n|-ability|p1a: Ogerpon|Sturdy\n|-damage|p1a: Ogerpon|1\/100\n|faint|p2a: Staraptor\n|move|p1a: Ogerpon|Ivy Cudgel|p2: Staraptor|[notarget]\n|-fail|p1a: Ogerpon\n|\n|upkeep\n|\n|t:|1700109733\n|switch|p2a: Ninetales|Ninetales-Alola, F|100\/100\n|-weather|Snow|[from] ability: Snow Warning|[of] p2a: Ninetales\n|turn|2\n|\n|t:|1700109735\n|move|p2a: Ninetales|Ice Shard|p1a: Ogerpon\n|-supereffective|p1a: Ogerpon\n|-damage|p1a: Ogerpon|0 fnt\n|faint|p1a: Ogerpon\n|\n|-weather|Snow|[upkeep]\n|upkeep\n|\n|t:|1700109753\n|switch|p1a: Gholdengo|Gholdengo|100\/100\n|-item|p1a: Gholdengo|Air Balloon\n|turn|3\n|\n|t:|1700109755\n|switch|p2a: Toedscruel|Toedscruel, M|100\/100\n|move|p1a: Gholdengo|Nasty Plot|p1a: Gholdengo\n|-boost|p1a: Gholdengo|spa|2\n|\n|-weather|Snow|[upkeep]\n|upkeep\n|turn|4\n|\n|t:|1700109758\n|move|p1a: Gholdengo|Shadow Ball|p2a: Toedscruel\n|-damage|p2a: Toedscruel|32\/100\n|move|p2a: Toedscruel|Spore|p1a: Gholdengo\n|-status|p1a: Gholdengo|slp|[from] move: Spore\n|\n|-weather|Snow|[upkeep]\n|-heal|p2a: Toedscruel|38\/100|[from] item: Leftovers\n|upkeep\n|turn|5\n|\n|t:|1700109761\n|cant|p1a: Gholdengo|slp\n|move|p2a: Toedscruel|Leech Seed|p1a: Gholdengo\n|-start|p1a: Gholdengo|move: Leech Seed\n|\n|-weather|Snow|[upkeep]\n|-heal|p2a: Toedscruel|44\/100|[from] item: Leftovers\n|-damage|p1a: Gholdengo|88\/100 slp|[from] Leech Seed|[of] p2a: Toedscruel\n|-heal|p2a: Toedscruel|55\/100|[silent]\n|upkeep\n|turn|6\n|\n|t:|1700109769\n|switch|p2a: Iron Valiant|Iron Valiant|100\/100\n|cant|p1a: Gholdengo|slp\n|\n|-weather|none\n|-damage|p1a: Gholdengo|76\/100 slp|[from] Leech Seed|[of] p2a: Iron Valiant\n|upkeep\n|turn|7\n|\n|t:|1700109773\n|move|p2a: Iron Valiant|Knock Off|p1a: Gholdengo\n|-supereffective|p1a: Gholdengo\n|-damage|p1a: Gholdengo|0 fnt\n|-enditem|p1a: Gholdengo|Air Balloon\n|faint|p1a: Gholdengo\n|-damage|p2a: Iron Valiant|91\/100|[from] item: Life Orb\n|\n|upkeep\n|\n|t:|1700109780\n|switch|p1a: Iron Moth|Iron Moth|100\/100\n|-enditem|p1a: Iron Moth|Booster Energy\n|-activate|p1a: Iron Moth|ability: Quark Drive|[fromitem]\n|-start|p1a: Iron Moth|quarkdrivespe\n|turn|8\n|\n|t:|1700109785\n|-end|p2a: Iron Valiant|Quark Drive|[silent]\n|switch|p2a: Skeledirge|Skeledirge, M|100\/100\n|move|p1a: Iron Moth|Fiery Dance|p2a: Skeledirge\n|-resisted|p2a: Skeledirge\n|-damage|p2a: Skeledirge|87\/100\n|-boost|p1a: Iron Moth|spa|1\n|\n|-heal|p2a: Skeledirge|93\/100|[from] item: Leftovers\n|upkeep\n|turn|9\n|\n|t:|1700109789\n|move|p1a: Iron Moth|Sludge Wave|p2a: Skeledirge\n|-resisted|p2a: Skeledirge\n|-damage|p2a: Skeledirge|75\/100\n|-status|p2a: Skeledirge|psn\n|move|p2a: Skeledirge|Torch Song|p1a: Iron Moth\n|-resisted|p1a: Iron Moth\n|-damage|p1a: Iron Moth|84\/100\n|-boost|p2a: Skeledirge|spa|1\n|\n|-heal|p2a: Skeledirge|81\/100 psn|[from] item: Leftovers\n|-damage|p2a: Skeledirge|68\/100 psn|[from] psn\n|upkeep\n|turn|10\n|\n|t:|1700109794\n|move|p1a: Iron Moth|Substitute|p1a: Iron Moth\n|-start|p1a: Iron Moth|Substitute\n|-damage|p1a: Iron Moth|59\/100\n|move|p2a: Skeledirge|Torch Song|p1a: Iron Moth\n|-resisted|p1a: Iron Moth\n|-damage|p1a: Iron Moth|37\/100\n|-boost|p2a: Skeledirge|spa|1\n|\n|-heal|p2a: Skeledirge|74\/100 psn|[from] item: Leftovers\n|-damage|p2a: Skeledirge|62\/100 psn|[from] psn\n|upkeep\n|turn|11\n|\n|t:|1700109796\n|move|p1a: Iron Moth|Sludge Wave|p2a: Skeledirge\n|-resisted|p2a: Skeledirge\n|-damage|p2a: Skeledirge|44\/100 psn\n|move|p2a: Skeledirge|Slack Off|p2a: Skeledirge\n|-heal|p2a: Skeledirge|94\/100 psn\n|\n|-heal|p2a: Skeledirge|99\/100 psn|[from] item: Leftovers\n|-damage|p2a: Skeledirge|87\/100 psn|[from] psn\n|upkeep\n|turn|12\n|\n|t:|1700109801\n|move|p1a: Iron Moth|Sludge Wave|p2a: Skeledirge\n|-resisted|p2a: Skeledirge\n|-damage|p2a: Skeledirge|70\/100 psn\n|move|p2a: Skeledirge|Slack Off|p2a: Skeledirge\n|-heal|p2a: Skeledirge|100\/100 psn\n|\n|-damage|p2a: Skeledirge|88\/100 psn|[from] psn\n|upkeep\n|turn|13\n|\n|t:|1700109809\n|move|p1a: Iron Moth|Fiery Dance|p2a: Skeledirge\n|-resisted|p2a: Skeledirge\n|-damage|p2a: Skeledirge|73\/100 psn\n|move|p2a: Skeledirge|Torch Song|p1a: Iron Moth\n|-resisted|p1a: Iron Moth\n|-damage|p1a: Iron Moth|3\/100\n|-boost|p2a: Skeledirge|spa|1\n|\n|-heal|p2a: Skeledirge|79\/100 psn|[from] item: Leftovers\n|-damage|p2a: Skeledirge|67\/100 psn|[from] psn\n|upkeep\n|turn|14\n|\n|t:|1700109819\n|move|p1a: Iron Moth|Sludge Wave|p2a: Skeledirge\n|-resisted|p2a: Skeledirge\n|-damage|p2a: Skeledirge|49\/100 psn\n|move|p2a: Skeledirge|Slack Off|p2a: Skeledirge\n|-heal|p2a: Skeledirge|99\/100 psn\n|\n|-heal|p2a: Skeledirge|100\/100 psn|[from] item: Leftovers\n|-damage|p2a: Skeledirge|88\/100 psn|[from] psn\n|upkeep\n|turn|15\n|\n|t:|1700109822\n|move|p1a: Iron Moth|Sludge Wave|p2a: Skeledirge\n|-resisted|p2a: Skeledirge\n|-damage|p2a: Skeledirge|71\/100 psn\n|move|p2a: Skeledirge|Slack Off|p2a: Skeledirge\n|-heal|p2a: Skeledirge|100\/100 psn\n|\n|-damage|p2a: Skeledirge|88\/100 psn|[from] psn\n|upkeep\n|turn|16\n|\n|t:|1700109825\n|move|p1a: Iron Moth|Fiery Dance|p2a: Skeledirge\n|-resisted|p2a: Skeledirge\n|-damage|p2a: Skeledirge|73\/100 psn\n|move|p2a: Skeledirge|Torch Song|p1a: Iron Moth\n|-resisted|p1a: Iron Moth\n|-damage|p1a: Iron Moth|0 fnt\n|-boost|p2a: Skeledirge|spa|1\n|faint|p1a: Iron Moth\n|-end|p1a: Iron Moth|Quark Drive|[silent]\n|\n|-heal|p2a: Skeledirge|79\/100 psn|[from] item: Leftovers\n|-damage|p2a: Skeledirge|67\/100 psn|[from] psn\n|upkeep\n|\n|t:|1700109827\n|switch|p1a: Great Tusk|Great Tusk|100\/100\n|turn|17\n|inactive|ratatta17 has 120 seconds left.\n|\n|t:|1700109862\n|switch|p2a: Toedscruel|Toedscruel, M|55\/100\n|move|p1a: Great Tusk|Headlong Rush|p2a: Toedscruel\n|-resisted|p2a: Toedscruel\n|-damage|p2a: Toedscruel|25\/100\n|-unboost|p1a: Great Tusk|def|1\n|-unboost|p1a: Great Tusk|spd|1\n|-enditem|p1a: Great Tusk|Eject Pack\n|\n|t:|1700109868\n|-end|p1a: Great Tusk|Protosynthesis|[silent]\n|switch|p1a: Rillaboom|Rillaboom, M|100\/100\n|-fieldstart|move: Grassy Terrain|[from] ability: Grassy Surge|[of] p1a: Rillaboom\n|\n|-heal|p2a: Toedscruel|31\/100|[from] Grassy Terrain\n|-heal|p2a: Toedscruel|37\/100|[from] item: Leftovers\n|upkeep\n|turn|18\n|\n|t:|1700109872\n|move|p1a: Rillaboom|Grassy Glide|p2a: Toedscruel\n|-damage|p2a: Toedscruel|0 fnt\n|faint|p2a: Toedscruel\n|\n|upkeep\n|\n|t:|1700109878\n|switch|p2a: Skeledirge|Skeledirge, M|67\/100 psn\n|turn|19\n|\n|t:|1700109907\n|switch|p1a: Kommo-o|Kommo-o, F|100\/100\n|move|p2a: Skeledirge|Will-O-Wisp|p1a: Kommo-o|[miss]\n|-miss|p2a: Skeledirge|p1a: Kommo-o\n|\n|-heal|p2a: Skeledirge|73\/100 psn|[from] Grassy Terrain\n|-heal|p2a: Skeledirge|79\/100 psn|[from] item: Leftovers\n|-damage|p2a: Skeledirge|66\/100 psn|[from] psn\n|upkeep\n|turn|20\n|\n|t:|1700109916\n|-terastallize|p1a: Kommo-o|Fire\n|move|p1a: Kommo-o|Clangorous Soul|p1a: Kommo-o\n|-boost|p1a: Kommo-o|atk|1\n|-boost|p1a: Kommo-o|def|1\n|-boost|p1a: Kommo-o|spa|1\n|-boost|p1a: Kommo-o|spd|1\n|-boost|p1a: Kommo-o|spe|1\n|-damage|p1a: Kommo-o|68\/100\n|-enditem|p1a: Kommo-o|Throat Spray\n|-boost|p1a: Kommo-o|spa|1|[from] item: Throat Spray\n|move|p2a: Skeledirge|Will-O-Wisp|p1a: Kommo-o\n|-immune|p1a: Kommo-o\n|\n|-heal|p1a: Kommo-o|74\/100|[from] Grassy Terrain\n|-heal|p2a: Skeledirge|72\/100 psn|[from] Grassy Terrain\n|-heal|p2a: Skeledirge|78\/100 psn|[from] item: Leftovers\n|-damage|p2a: Skeledirge|66\/100 psn|[from] psn\n|upkeep\n|turn|21\n|\n|t:|1700109920\n|move|p1a: Kommo-o|Clanging Scales|p2a: Skeledirge\n|-damage|p2a: Skeledirge|29\/100 psn\n|-unboost|p1a: Kommo-o|def|1\n|move|p2a: Skeledirge|Slack Off|p2a: Skeledirge\n|-heal|p2a: Skeledirge|79\/100 psn\n|\n|-heal|p1a: Kommo-o|80\/100|[from] Grassy Terrain\n|-heal|p2a: Skeledirge|85\/100 psn|[from] Grassy Terrain\n|-heal|p2a: Skeledirge|92\/100 psn|[from] item: Leftovers\n|-damage|p2a: Skeledirge|79\/100 psn|[from] psn\n|-fieldend|move: Grassy Terrain\n|upkeep\n|turn|22\n|\n|t:|1700109934\n|move|p1a: Kommo-o|Clanging Scales|p2a: Skeledirge\n|-damage|p2a: Skeledirge|45\/100 psn\n|-unboost|p1a: Kommo-o|def|1\n|move|p2a: Skeledirge|Slack Off|p2a: Skeledirge\n|-heal|p2a: Skeledirge|95\/100 psn\n|\n|-heal|p2a: Skeledirge|100\/100 psn|[from] item: Leftovers\n|-damage|p2a: Skeledirge|88\/100 psn|[from] psn\n|upkeep\n|turn|23\n|\n|t:|1700109938\n|switch|p2a: Iron Valiant|Iron Valiant|91\/100\n|move|p1a: Kommo-o|Clangorous Soul|p1a: Kommo-o\n|-boost|p1a: Kommo-o|atk|1\n|-boost|p1a: Kommo-o|def|1\n|-boost|p1a: Kommo-o|spa|1\n|-boost|p1a: Kommo-o|spd|1\n|-boost|p1a: Kommo-o|spe|1\n|-damage|p1a: Kommo-o|47\/100\n|\n|upkeep\n|turn|24\n|\n|t:|1700109946\n|-end|p2a: Iron Valiant|Quark Drive|[silent]\n|switch|p2a: Skeledirge|Skeledirge, M|88\/100 psn\n|move|p1a: Kommo-o|Flamethrower|p2a: Skeledirge\n|-resisted|p2a: Skeledirge\n|-damage|p2a: Skeledirge|73\/100 psn\n|\n|-heal|p2a: Skeledirge|79\/100 psn|[from] item: Leftovers\n|-damage|p2a: Skeledirge|67\/100 psn|[from] psn\n|upkeep\n|turn|25\n|\n|t:|1700109954\n|move|p1a: Kommo-o|Clanging Scales|p2a: Skeledirge\n|-damage|p2a: Skeledirge|33\/100 psn\n|-unboost|p1a: Kommo-o|def|1\n|move|p2a: Skeledirge|Hex|p1a: Kommo-o\n|-damage|p1a: Kommo-o|19\/100\n|\n|-heal|p2a: Skeledirge|39\/100 psn|[from] item: Leftovers\n|-damage|p2a: Skeledirge|27\/100 psn|[from] psn\n|upkeep\n|turn|26\n|\n|t:|1700109958\n|switch|p2a: Iron Valiant|Iron Valiant|91\/100\n|move|p1a: Kommo-o|Clanging Scales|p2a: Iron Valiant\n|-immune|p2a: Iron Valiant\n|\n|upkeep\n|turn|27\n|\n|t:|1700109965\n|-end|p2a: Iron Valiant|Quark Drive|[silent]\n|switch|p2a: Skeledirge|Skeledirge, M|27\/100 psn\n|move|p1a: Kommo-o|Flamethrower|p2a: Skeledirge\n|-resisted|p2a: Skeledirge\n|-damage|p2a: Skeledirge|14\/100 psn\n|\n|-heal|p2a: Skeledirge|20\/100 psn|[from] item: Leftovers\n|-damage|p2a: Skeledirge|8\/100 psn|[from] psn\n|upkeep\n|turn|28\n|\n|t:|1700109974\n|move|p1a: Kommo-o|Flamethrower|p2a: Skeledirge\n|-resisted|p2a: Skeledirge\n|-damage|p2a: Skeledirge|0 fnt\n|faint|p2a: Skeledirge\n|\n|upkeep\n|\n|t:|1700109978\n|switch|p2a: Azumarill|Azumarill, M|100\/100\n|turn|29\n|\n|t:|1700109986\n|move|p2a: Azumarill|Aqua Jet|p1a: Kommo-o\n|-supereffective|p1a: Kommo-o\n|-damage|p1a: Kommo-o|0 fnt\n|faint|p1a: Kommo-o\n|\n|upkeep\n|\n|t:|1700109987\n|switch|p1a: Rillaboom|Rillaboom, M|100\/100\n|-fieldstart|move: Grassy Terrain|[from] ability: Grassy Surge|[of] p1a: Rillaboom\n|turn|30\n|\n|t:|1700110010\n|switch|p2a: Ninetales|Ninetales-Alola, F|100\/100\n|-weather|Snow|[from] ability: Snow Warning|[of] p2a: Ninetales\n|move|p1a: Rillaboom|Wood Hammer|p2a: Ninetales\n|-damage|p2a: Ninetales|0 fnt\n|faint|p2a: Ninetales\n|-damage|p1a: Rillaboom|66\/100|[from] Recoil\n|\n|-weather|Snow|[upkeep]\n|-heal|p1a: Rillaboom|73\/100|[from] Grassy Terrain\n|upkeep\n|\n|t:|1700110014\n|switch|p2a: Iron Valiant|Iron Valiant|91\/100\n|turn|31\n|\n|t:|1700110032\n|switch|p1a: Great Tusk|Great Tusk|100\/100\n|move|p2a: Iron Valiant|Moonblast|p1a: Great Tusk\n|-supereffective|p1a: Great Tusk\n|-crit|p1a: Great Tusk\n|-damage|p1a: Great Tusk|0 fnt\n|faint|p1a: Great Tusk\n|-end|p1a: Great Tusk|Protosynthesis|[silent]\n|-damage|p2a: Iron Valiant|81\/100|[from] item: Life Orb\n|\n|-weather|Snow|[upkeep]\n|-heal|p2a: Iron Valiant|87\/100|[from] Grassy Terrain\n|upkeep\n|\n|t:|1700110034\n|switch|p1a: Rillaboom|Rillaboom, M|73\/100\n|turn|32\n|\n|t:|1700110037\n|move|p1a: Rillaboom|Grassy Glide|p2a: Iron Valiant\n|-damage|p2a: Iron Valiant|6\/100\n|move|p2a: Iron Valiant|Moonblast|p1a: Rillaboom\n|-damage|p1a: Rillaboom|0 fnt\n|faint|p1a: Rillaboom\n|-damage|p2a: Iron Valiant|0 fnt|[from] item: Life Orb\n|faint|p2a: Iron Valiant\n|-end|p2a: Iron Valiant|Quark Drive|[silent]\n|\n|win|ratatta17\n|raw|Prav33n's rating: 1436 &rarr; <strong>1416<\/strong><br \/>(-20 for losing)\n|raw|ratatta17's rating: 1432 &rarr; <strong>1452<\/strong><br \/>(+20 for winning)\n","uploadtime":1700110091,"views":10,"p1id":"prav33n","p2id":"ratatta17","formatid":"gen9ou","rating":1416,"private":0,"password":""}