{"id":"gen9ou-1998003054","p1":"Brakeyoke","p2":"tony493931","format":"[Gen 9] OU","log":"|j|\u2606Brakeyoke\n|j|\u2606tony493931\n|t:|1700877675\n|gametype|singles\n|player|p1|Brakeyoke|idol|1357\n|player|p2|tony493931|ethan|1351\n|teamsize|p1|6\n|teamsize|p2|6\n|gen|9\n|tier|[Gen 9] OU\n|rated|\n|rule|Sleep Clause Mod: Limit one foe put to sleep\n|rule|Species Clause: Limit one of each Pok\u00e9mon\n|rule|OHKO Clause: OHKO moves are banned\n|rule|Evasion Items Clause: Evasion items are banned\n|rule|Evasion Moves Clause: Evasion moves are banned\n|rule|Endless Battle Clause: Forcing endless battles is banned\n|rule|HP Percentage Mod: HP is shown in percentages\n|clearpoke\n|poke|p1|Dragapult, M|\n|poke|p1|Corviknight, F|\n|poke|p1|Floatzel, F|\n|poke|p1|Pelipper, F|\n|poke|p1|Pawmot, F|\n|poke|p1|Kilowattrel, F|\n|poke|p2|Kingambit, F|\n|poke|p2|Cinderace, F|\n|poke|p2|Zamazenta-*|\n|poke|p2|Gholdengo|\n|poke|p2|Ninetales-Alola, M|\n|poke|p2|Glimmora, M|\n|teampreview\n|inactive|Battle timer is ON: inactive players will automatically lose when time's up. (requested by tony493931)\n|\n|t:|1700877690\n|start\n|switch|p1a: Better Zapdos|Kilowattrel, F, shiny|100\/100\n|switch|p2a: Glimmora|Glimmora, M|100\/100\n|turn|1\n|\n|t:|1700877693\n|-terastallize|p2a: Glimmora|Ground\n|move|p1a: Better Zapdos|Volt Switch|p2a: Glimmora\n|-immune|p2a: Glimmora\n|move|p2a: Glimmora|Power Gem|p1a: Better Zapdos\n|-supereffective|p1a: Better Zapdos\n|-damage|p1a: Better Zapdos|0 fnt\n|faint|p1a: Better Zapdos\n|\n|upkeep\n|\n|t:|1700877701\n|switch|p1a: Better Game Ender|Floatzel, F, shiny|100\/100\n|turn|2\n|\n|t:|1700877715\n|switch|p2a: Cinderace|Cinderace, F, shiny|100\/100\n|move|p1a: Better Game Ender|Flip Turn|p2a: Cinderace\n|-supereffective|p2a: Cinderace\n|-damage|p2a: Cinderace|0 fnt\n|faint|p2a: Cinderace\n|c|\u2606Brakeyoke|?\n|\n|t:|1700877722\n|switch|p1a: Better Gyarados|Pelipper, F, shiny|100\/100|[from] Flip Turn\n|-weather|RainDance|[from] ability: Drizzle|[of] p1a: Better Gyarados\n|\n|-weather|RainDance|[upkeep]\n|upkeep\n|\n|t:|1700877725\n|switch|p2a: Ninetales|Ninetales-Alola, M|100\/100\n|-weather|Snow|[from] ability: Snow Warning|[of] p2a: Ninetales\n|turn|3\n|\n|t:|1700877731\n|move|p2a: Ninetales|Aurora Veil|p2a: Ninetales\n|-sidestart|p2: tony493931|move: Aurora Veil\n|move|p1a: Better Gyarados|U-turn|p2a: Ninetales\n|-resisted|p2a: Ninetales\n|-damage|p2a: Ninetales|98\/100\n|\n|t:|1700877738\n|switch|p1a: Better Giratina|Dragapult, M, shiny|100\/100|[from] U-turn\n|\n|-weather|Snow|[upkeep]\n|upkeep\n|turn|4\n|c|\u2606tony493931|ik you were gonna do that so i had to sack\n|c|\u2606Brakeyoke|huh\n|c|\u2606Brakeyoke|ok\n|\n|t:|1700877746\n|move|p1a: Better Giratina|U-turn|p2a: Ninetales\n|-resisted|p2a: Ninetales\n|-damage|p2a: Ninetales|87\/100\n|\n|t:|1700877749\n|switch|p1a: Better Skarmory|Corviknight, F, shiny|100\/100|[from] U-turn\n|-ability|p1a: Better Skarmory|Pressure\n|move|p2a: Ninetales|Freeze-Dry|p1a: Better Skarmory\n|-damage|p1a: Better Skarmory|81\/100\n|\n|-weather|Snow|[upkeep]\n|upkeep\n|turn|5\n|\n|t:|1700877755\n|switch|p2a: Glimmora|Glimmora, M, tera:Ground|100\/100\n|move|p1a: Better Skarmory|Defog|p2a: Glimmora\n|-unboost|p2a: Glimmora|evasion|1\n|-sideend|p2: tony493931|move: Aurora Veil\n|\n|-weather|Snow|[upkeep]\n|upkeep\n|turn|6\n|c|\u2606tony493931|and i dont think you have any hazards so cinderace is useless\n|\n|t:|1700877773\n|move|p2a: Glimmora|Power Gem|p1a: Better Skarmory\n|-damage|p1a: Better Skarmory|52\/100\n|move|p1a: Better Skarmory|Iron Head|p2a: Glimmora\n|-damage|p2a: Glimmora|71\/100\n|-activate|p2a: Glimmora|ability: Toxic Debris\n|-sidestart|p1: Brakeyoke|move: Toxic Spikes\n|\n|-weather|Snow|[upkeep]\n|upkeep\n|turn|7\n|\n|t:|1700877786\n|move|p2a: Glimmora|Power Gem|p1a: Better Skarmory\n|-damage|p1a: Better Skarmory|22\/100\n|move|p1a: Better Skarmory|Roost|p1a: Better Skarmory\n|-heal|p1a: Better Skarmory|72\/100\n|-singleturn|p1a: Better Skarmory|move: Roost\n|\n|-weather|none\n|upkeep\n|turn|8\n|\n|t:|1700877790\n|move|p2a: Glimmora|Power Gem|p1a: Better Skarmory\n|-damage|p1a: Better Skarmory|45\/100\n|move|p1a: Better Skarmory|Iron Head|p2a: Glimmora\n|-damage|p2a: Glimmora|41\/100\n|-activate|p2a: Glimmora|ability: Toxic Debris\n|-sidestart|p1: Brakeyoke|move: Toxic Spikes\n|\n|upkeep\n|turn|9\n|\n|t:|1700877795\n|switch|p2a: Gholdengo|Gholdengo|100\/100\n|move|p1a: Better Skarmory|Roost|p1a: Better Skarmory\n|-heal|p1a: Better Skarmory|95\/100\n|-singleturn|p1a: Better Skarmory|move: Roost\n|\n|upkeep\n|turn|10\n|\n|t:|1700877802\n|move|p2a: Gholdengo|Trick|p1a: Better Skarmory\n|-activate|p2a: Gholdengo|move: Trick|[of] p1a: Better Skarmory\n|-item|p1a: Better Skarmory|Choice Scarf|[from] move: Trick\n|-item|p2a: Gholdengo|Rocky Helmet|[from] move: Trick\n|move|p1a: Better Skarmory|U-turn|p2a: Gholdengo\n|-resisted|p2a: Gholdengo\n|-crit|p2a: Gholdengo\n|-damage|p2a: Gholdengo|94\/100\n|-damage|p1a: Better Skarmory|79\/100|[from] item: Rocky Helmet|[of] p2a: Gholdengo\n|\n|t:|1700877810\n|switch|p1a: Better Gyarados|Pelipper, F, shiny|100\/100|[from] U-turn\n|-weather|RainDance|[from] ability: Drizzle|[of] p1a: Better Gyarados\n|\n|-weather|RainDance|[upkeep]\n|upkeep\n|turn|11\n|\n|t:|1700877818\n|move|p2a: Gholdengo|Thunder Wave|p1a: Better Gyarados\n|-status|p1a: Better Gyarados|par\n|move|p1a: Better Gyarados|Weather Ball|p2a: Gholdengo\n|-damage|p2a: Gholdengo|18\/100\n|\n|-weather|RainDance|[upkeep]\n|upkeep\n|turn|12\n|\n|t:|1700877826\n|switch|p2a: Ninetales|Ninetales-Alola, M|87\/100\n|-weather|Snow|[from] ability: Snow Warning|[of] p2a: Ninetales\n|move|p1a: Better Gyarados|Knock Off|p2a: Ninetales\n|-resisted|p2a: Ninetales\n|-damage|p2a: Ninetales|80\/100\n|-enditem|p2a: Ninetales|Light Clay|[from] move: Knock Off|[of] p1a: Better Gyarados\n|\n|-weather|Snow|[upkeep]\n|upkeep\n|turn|13\n|\n|t:|1700877832\n|switch|p1a: Better Skarmory|Corviknight, F, shiny|79\/100\n|-ability|p1a: Better Skarmory|Pressure\n|move|p2a: Ninetales|Encore||[still]\n|-fail|p2a: Ninetales\n|\n|-weather|Snow|[upkeep]\n|upkeep\n|turn|14\n|\n|t:|1700877838\n|switch|p2a: Gholdengo|Gholdengo|18\/100\n|move|p1a: Better Skarmory|U-turn|p2a: Gholdengo\n|-resisted|p2a: Gholdengo\n|-damage|p2a: Gholdengo|14\/100\n|-damage|p1a: Better Skarmory|62\/100|[from] item: Rocky Helmet|[of] p2a: Gholdengo\n|\n|t:|1700877844\n|switch|p1a: Better Gyarados|Pelipper, F, shiny|100\/100 par|[from] U-turn\n|-weather|RainDance|[from] ability: Drizzle|[of] p1a: Better Gyarados\n|\n|-weather|RainDance|[upkeep]\n|upkeep\n|turn|15\n|\n|t:|1700877847\n|switch|p2a: Ninetales|Ninetales-Alola, M|80\/100\n|-weather|Snow|[from] ability: Snow Warning|[of] p2a: Ninetales\n|move|p1a: Better Gyarados|U-turn|p2a: Ninetales\n|-resisted|p2a: Ninetales\n|-damage|p2a: Ninetales|75\/100\n|\n|t:|1700877852\n|switch|p1a: Better Skarmory|Corviknight, F, shiny|62\/100|[from] U-turn\n|-ability|p1a: Better Skarmory|Pressure\n|\n|-weather|Snow|[upkeep]\n|upkeep\n|turn|16\n|\n|t:|1700877858\n|move|p2a: Ninetales|Aurora Veil|p2a: Ninetales\n|-sidestart|p2: tony493931|move: Aurora Veil\n|move|p1a: Better Skarmory|Iron Head|p2a: Ninetales\n|-supereffective|p2a: Ninetales\n|-damage|p2a: Ninetales|22\/100\n|\n|-weather|Snow|[upkeep]\n|upkeep\n|turn|17\n|\n|t:|1700877862\n|switch|p2a: Glimmora|Glimmora, M, tera:Ground|41\/100\n|move|p1a: Better Skarmory|Iron Head|p2a: Glimmora\n|-damage|p2a: Glimmora|26\/100\n|\n|-weather|Snow|[upkeep]\n|upkeep\n|turn|18\n|\n|t:|1700877867\n|switch|p1a: Better Gyarados|Pelipper, F, shiny|100\/100 par\n|-weather|RainDance|[from] ability: Drizzle|[of] p1a: Better Gyarados\n|move|p2a: Glimmora|Power Gem|p1a: Better Gyarados\n|-supereffective|p1a: Better Gyarados\n|-damage|p1a: Better Gyarados|0 fnt\n|faint|p1a: Better Gyarados\n|\n|-weather|RainDance|[upkeep]\n|upkeep\n|\n|t:|1700877873\n|switch|p1a: Better Skarmory|Corviknight, F, shiny|62\/100\n|-ability|p1a: Better Skarmory|Pressure\n|turn|19\n|\n|t:|1700877880\n|switch|p2a: Gholdengo|Gholdengo|14\/100\n|move|p1a: Better Skarmory|U-turn|p2a: Gholdengo\n|-resisted|p2a: Gholdengo\n|-damage|p2a: Gholdengo|12\/100\n|-damage|p1a: Better Skarmory|46\/100|[from] item: Rocky Helmet|[of] p2a: Gholdengo\n|\n|t:|1700877884\n|switch|p1a: Better Giratina|Dragapult, M, shiny|100\/100|[from] U-turn\n|-status|p1a: Better Giratina|tox\n|\n|-weather|RainDance|[upkeep]\n|-damage|p1a: Better Giratina|95\/100 tox|[from] psn\n|upkeep\n|turn|20\n|\n|t:|1700877892\n|switch|p2a: Kingambit|Kingambit, F, shiny|100\/100\n|-activate|p2a: Kingambit|ability: Supreme Overlord\n|-start|p2a: Kingambit|fallen1|[silent]\n|move|p1a: Better Giratina|Shadow Ball|p2a: Kingambit\n|-resisted|p2a: Kingambit\n|-damage|p2a: Kingambit|88\/100\n|\n|-weather|RainDance|[upkeep]\n|-damage|p1a: Better Giratina|83\/100 tox|[from] psn\n|-sideend|p2: tony493931|move: Aurora Veil\n|upkeep\n|turn|21\n|\n|t:|1700877896\n|switch|p1a: Better Skarmory|Corviknight, F, shiny|46\/100\n|-ability|p1a: Better Skarmory|Pressure\n|move|p2a: Kingambit|Kowtow Cleave|p1a: Better Skarmory\n|-damage|p1a: Better Skarmory|2\/100\n|\n|-weather|RainDance|[upkeep]\n|upkeep\n|turn|22\n|\n|t:|1700877901\n|-end|p2a: Kingambit|fallen1|[silent]\n|switch|p2a: Gholdengo|Gholdengo|12\/100\n|move|p1a: Better Skarmory|Defog|p2a: Gholdengo\n|-immune|p2a: Gholdengo|[from] ability: Good as Gold\n|\n|-weather|RainDance|[upkeep]\n|upkeep\n|turn|23\n|\n|t:|1700877906\n|move|p2a: Gholdengo|Thunder Wave|p1a: Better Skarmory\n|-status|p1a: Better Skarmory|par\n|move|p1a: Better Skarmory|Defog|p2a: Gholdengo\n|-immune|p2a: Gholdengo|[from] ability: Good as Gold\n|\n|-weather|RainDance|[upkeep]\n|upkeep\n|turn|24\n|\n|t:|1700877917\n|switch|p1a: Worse Pikachu|Pawmot, F, shiny|100\/100\n|-status|p1a: Worse Pikachu|tox\n|move|p2a: Gholdengo|Thunder Wave|p1a: Worse Pikachu\n|-immune|p1a: Worse Pikachu|[from] ability: Volt Absorb\n|\n|-weather|RainDance|[upkeep]\n|-damage|p1a: Worse Pikachu|94\/100 tox|[from] psn\n|upkeep\n|turn|25\n|\n|t:|1700877924\n|move|p1a: Worse Pikachu|Nuzzle|p2a: Gholdengo\n|-damage|p2a: Gholdengo|3\/100\n|-status|p2a: Gholdengo|par\n|-damage|p1a: Worse Pikachu|78\/100 tox|[from] item: Rocky Helmet|[of] p2a: Gholdengo\n|move|p2a: Gholdengo|Hex|p1a: Worse Pikachu\n|-damage|p1a: Worse Pikachu|0 fnt\n|faint|p1a: Worse Pikachu\n|\n|-weather|none\n|upkeep\n|\n|t:|1700877932\n|switch|p1a: Better Game Ender|Floatzel, F, shiny|100\/100\n|-status|p1a: Better Game Ender|tox\n|turn|26\n|\n|t:|1700877941\n|move|p1a: Better Game Ender|Flip Turn|p2a: Gholdengo\n|-damage|p2a: Gholdengo|0 fnt\n|-damage|p1a: Better Game Ender|84\/100 tox|[from] item: Rocky Helmet|[of] p2a: Gholdengo\n|faint|p2a: Gholdengo\n|\n|t:|1700877944\n|switch|p1a: Better Skarmory|Corviknight, F, shiny|2\/100 par|[from] Flip Turn\n|-ability|p1a: Better Skarmory|Pressure\n|\n|upkeep\n|\n|t:|1700877947\n|switch|p2a: Ninetales|Ninetales-Alola, M|22\/100\n|-weather|Snow|[from] ability: Snow Warning|[of] p2a: Ninetales\n|turn|27\n|\n|t:|1700877953\n|move|p2a: Ninetales|Freeze-Dry|p1a: Better Skarmory\n|-damage|p1a: Better Skarmory|0 fnt\n|faint|p1a: Better Skarmory\n|\n|-weather|Snow|[upkeep]\n|upkeep\n|\n|t:|1700877956\n|switch|p1a: Better Giratina|Dragapult, M, shiny|83\/100 tox\n|turn|28\n|\n|t:|1700877961\n|move|p1a: Better Giratina|U-turn|p2a: Ninetales\n|-resisted|p2a: Ninetales\n|-damage|p2a: Ninetales|11\/100\n|\n|t:|1700877964\n|switch|p1a: Better Game Ender|Floatzel, F, shiny|84\/100 tox|[from] U-turn\n|move|p2a: Ninetales|Freeze-Dry|p1a: Better Game Ender\n|-supereffective|p1a: Better Game Ender\n|-damage|p1a: Better Game Ender|0 fnt\n|faint|p1a: Better Game Ender\n|\n|-weather|Snow|[upkeep]\n|upkeep\n|-message|Brakeyoke forfeited.\n|\n|win|tony493931\n|raw|Brakeyoke's rating: 1357 &rarr; <strong>1337<\/strong><br \/>(-20 for losing)\n|raw|tony493931's rating: 1351 &rarr; <strong>1371<\/strong><br \/>(+20 for winning)\n|l|\u2606Brakeyoke\n","uploadtime":1700877986,"views":6,"p1id":"brakeyoke","p2id":"tony493931","formatid":"gen9ou","rating":1337,"private":0,"password":""}