{"id":"gen9ou-2000192037","p1":"PivotsMan","p2":"Nakafuyu Yuki","format":"[Gen 9] OU","log":"|j|\u2606PivotsMan\n|j|\u2606Nakafuyu Yuki\n|t:|1701169993\n|gametype|singles\n|player|p1|PivotsMan|turo-ai|\n|player|p2|Nakafuyu Yuki|serena-masters3|\n|teamsize|p1|6\n|teamsize|p2|6\n|gen|9\n|tier|[Gen 9] OU\n|rule|Sleep Clause Mod: Limit one foe put to sleep\n|rule|Species Clause: Limit one of each Pok\u00e9mon\n|rule|OHKO Clause: OHKO moves are banned\n|rule|Evasion Items Clause: Evasion items are banned\n|rule|Evasion Moves Clause: Evasion moves are banned\n|rule|Endless Battle Clause: Forcing endless battles is banned\n|rule|HP Percentage Mod: HP is shown in percentages\n|clearpoke\n|poke|p1|Pelipper, F|\n|poke|p1|Goodra-Hisui, M|\n|poke|p1|Politoed, F|\n|poke|p1|Floatzel, F|\n|poke|p1|Slowking-Galar, M|\n|poke|p1|Iron Jugulis|\n|poke|p2|Kommo-o, F|\n|poke|p2|Slowbro, F|\n|poke|p2|Toxicroak, F|\n|poke|p2|Ursaring, F|\n|poke|p2|Weezing, F|\n|poke|p2|Sudowoodo, M|\n|teampreview\n|inactive|Battle timer is ON: inactive players will automatically lose when time's up. (requested by Nakafuyu Yuki)\n|\n|t:|1701170017\n|start\n|switch|p1a: Pelipper|Pelipper, F|100\/100\n|switch|p2a: Sudowoodo|Sudowoodo, M|100\/100\n|-weather|RainDance|[from] ability: Drizzle|[of] p1a: Pelipper\n|turn|1\n|\n|t:|1701170025\n|switch|p1a: Goodra|Goodra-Hisui, M|100\/100\n|move|p2a: Sudowoodo|Stealth Rock|p1a: Goodra\n|-sidestart|p1: PivotsMan|move: Stealth Rock\n|\n|-weather|RainDance|[upkeep]\n|upkeep\n|turn|2\n|\n|t:|1701170036\n|switch|p2a: Kommo-o|Kommo-o, F|100\/100\n|move|p1a: Goodra|Flash Cannon|p2a: Kommo-o\n|-damage|p2a: Kommo-o|56\/100\n|\n|-weather|RainDance|[upkeep]\n|upkeep\n|turn|3\n|\n|t:|1701170045\n|-terastallize|p2a: Kommo-o|Steel\n|-terastallize|p1a: Goodra|Steel\n|move|p2a: Kommo-o|Body Press|p1a: Goodra\n|-supereffective|p1a: Goodra\n|-damage|p1a: Goodra|35\/100\n|move|p1a: Goodra|Flash Cannon|p2a: Kommo-o\n|-resisted|p2a: Kommo-o\n|-damage|p2a: Kommo-o|30\/100\n|\n|-weather|RainDance|[upkeep]\n|upkeep\n|turn|4\n|\n|t:|1701170054\n|switch|p1a: Slowking|Slowking-Galar, M|100\/100\n|-damage|p1a: Slowking|88\/100|[from] Stealth Rock\n|move|p2a: Kommo-o|Body Press|p1a: Slowking\n|-resisted|p1a: Slowking\n|-damage|p1a: Slowking|79\/100\n|\n|-weather|RainDance|[upkeep]\n|upkeep\n|turn|5\n|j| BIued\n|\n|t:|1701170063\n|switch|p2a: Weezing|Weezing, F|100\/100\n|move|p1a: Slowking|Future Sight|p2a: Weezing\n|-start|p1a: Slowking|move: Future Sight\n|\n|-weather|none\n|upkeep\n|turn|6\n|j| Yankee love youuu\n|\n|t:|1701170093\n|switch|p1a: Pelipper|Pelipper, F|100\/100\n|-weather|RainDance|[from] ability: Drizzle|[of] p1a: Pelipper\n|move|p2a: Weezing|Explosion|p1a: Pelipper\n|-damage|p1a: Pelipper|17\/100\n|faint|p2a: Weezing\n|\n|-weather|RainDance|[upkeep]\n|upkeep\n|l| Yankee love youuu\n|\n|t:|1701170103\n|switch|p2a: Sudowoodo|Sudowoodo, M|100\/100\n|turn|7\n|j| Yankee love youuu\n|\n|t:|1701170112\n|move|p1a: Pelipper|Surf|p2a: Sudowoodo\n|-supereffective|p2a: Sudowoodo\n|-ability|p2a: Sudowoodo|Sturdy\n|-damage|p2a: Sudowoodo|1\/100\n|move|p2a: Sudowoodo|Wood Hammer|p1a: Pelipper\n|-damage|p1a: Pelipper|0 fnt\n|faint|p1a: Pelipper\n|-damage|p2a: Sudowoodo|0 fnt|[from] Recoil\n|faint|p2a: Sudowoodo\n|\n|-weather|RainDance|[upkeep]\n|-hint|Future Sight did not hit because the target is fainted.\n|upkeep\n|\n|t:|1701170120\n|switch|p1a: Iron Jugulis|Iron Jugulis|100\/100\n|switch|p2a: Ursaring|Ursaring, F|100\/100\n|-damage|p1a: Iron Jugulis|76\/100|[from] Stealth Rock\n|-enditem|p1a: Iron Jugulis|Booster Energy\n|-activate|p1a: Iron Jugulis|ability: Quark Drive|[fromitem]\n|-start|p1a: Iron Jugulis|quarkdrivespe\n|turn|8\n|inactive|PivotsMan has 270 seconds left.\n|\n|t:|1701170151\n|switch|p2a: Slowbro|Slowbro, F|100\/100\n|move|p1a: Iron Jugulis|Taunt|p2a: Slowbro\n|-start|p2a: Slowbro|move: Taunt\n|\n|-weather|RainDance|[upkeep]\n|upkeep\n|turn|9\n|\n|t:|1701170158\n|move|p1a: Iron Jugulis|Dark Pulse|p2a: Slowbro\n|-supereffective|p2a: Slowbro\n|-damage|p2a: Slowbro|45\/100\n|move|p2a: Slowbro|Scald|p1a: Iron Jugulis\n|-damage|p1a: Iron Jugulis|23\/100\n|-status|p1a: Iron Jugulis|brn\n|\n|-weather|RainDance|[upkeep]\n|-damage|p1a: Iron Jugulis|17\/100 brn|[from] brn\n|upkeep\n|turn|10\n|\n|t:|1701170165\n|move|p1a: Iron Jugulis|Dark Pulse|p2a: Slowbro\n|-supereffective|p2a: Slowbro\n|-damage|p2a: Slowbro|0 fnt\n|faint|p2a: Slowbro\n|\n|-weather|none\n|-damage|p1a: Iron Jugulis|11\/100 brn|[from] brn\n|upkeep\n|\n|t:|1701170169\n|switch|p2a: Ursaring|Ursaring, F|100\/100\n|turn|11\n|\n|t:|1701170174\n|move|p1a: Iron Jugulis|Hurricane|p2a: Ursaring\n|-damage|p2a: Ursaring|27\/100\n|move|p2a: Ursaring|Trailblaze|p1a: Iron Jugulis\n|-resisted|p1a: Iron Jugulis\n|-damage|p1a: Iron Jugulis|0 fnt\n|-boost|p2a: Ursaring|spe|1\n|faint|p1a: Iron Jugulis\n|-end|p1a: Iron Jugulis|Quark Drive|[silent]\n|\n|-status|p2a: Ursaring|brn|[from] item: Flame Orb\n|upkeep\n|\n|t:|1701170180\n|switch|p1a: Politoed|Politoed, F|100\/100\n|-damage|p1a: Politoed|88\/100|[from] Stealth Rock\n|-weather|RainDance|[from] ability: Drizzle|[of] p1a: Politoed\n|turn|12\n|\n|t:|1701170195\n|move|p2a: Ursaring|Facade|p1a: Politoed\n|-damage|p1a: Politoed|5\/100\n|move|p1a: Politoed|Chilling Water|p2a: Ursaring\n|-damage|p2a: Ursaring|0 fnt\n|faint|p2a: Ursaring\n|\n|-weather|RainDance|[upkeep]\n|upkeep\n|\n|t:|1701170198\n|switch|p2a: Toxicroak|Toxicroak, F|100\/100\n|turn|13\n|j| justajynx xoxo\n|\n|t:|1701170213\n|switch|p1a: Slowking|Slowking-Galar, M|100\/100\n|-damage|p1a: Slowking|88\/100|[from] Stealth Rock\n|move|p2a: Toxicroak|Knock Off|p1a: Slowking\n|-supereffective|p1a: Slowking\n|-damage|p1a: Slowking|19\/100\n|-enditem|p1a: Slowking|Assault Vest|[from] move: Knock Off|[of] p2a: Toxicroak\n|\n|-weather|RainDance|[upkeep]\n|upkeep\n|turn|14\n|l| Yankee love youuu\n|\n|t:|1701170222\n|move|p2a: Toxicroak|Knock Off|p1a: Slowking\n|-supereffective|p1a: Slowking\n|-damage|p1a: Slowking|0 fnt\n|faint|p1a: Slowking\n|\n|-weather|RainDance|[upkeep]\n|upkeep\n|j| Yankee love youuu\n|\n|t:|1701170231\n|switch|p1a: Floatzel|Floatzel, F|100\/100\n|-damage|p1a: Floatzel|88\/100|[from] Stealth Rock\n|turn|15\n|\n|t:|1701170234\n|move|p1a: Floatzel|Ice Spinner|p2a: Toxicroak\n|-damage|p2a: Toxicroak|40\/100\n|move|p2a: Toxicroak|Knock Off|p1a: Floatzel\n|-damage|p1a: Floatzel|36\/100\n|-enditem|p1a: Floatzel|Choice Band|[from] move: Knock Off|[of] p2a: Toxicroak\n|\n|-weather|RainDance|[upkeep]\n|-heal|p2a: Toxicroak|53\/100|[from] ability: Dry Skin\n|upkeep\n|turn|16\n|\n|t:|1701170240\n|move|p1a: Floatzel|Ice Spinner|p2a: Toxicroak\n|-damage|p2a: Toxicroak|10\/100\n|move|p2a: Toxicroak|Knock Off|p1a: Floatzel\n|-crit|p1a: Floatzel\n|-damage|p1a: Floatzel|0 fnt\n|faint|p1a: Floatzel\n|\n|-weather|RainDance|[upkeep]\n|-heal|p2a: Toxicroak|22\/100|[from] ability: Dry Skin\n|upkeep\n|j| Leon033\n|\n|t:|1701170244\n|switch|p1a: Goodra|Goodra-Hisui, M, tera:Steel|35\/100\n|-damage|p1a: Goodra|29\/100|[from] Stealth Rock\n|turn|17\n|\n|t:|1701170248\n|move|p2a: Toxicroak|Knock Off|p1a: Goodra\n|-damage|p1a: Goodra|0 fnt\n|-enditem|p1a: Goodra|Choice Specs|[from] move: Knock Off|[of] p2a: Toxicroak\n|faint|p1a: Goodra\n|\n|-weather|RainDance|[upkeep]\n|-heal|p2a: Toxicroak|35\/100|[from] ability: Dry Skin\n|upkeep\n|\n|t:|1701170254\n|switch|p1a: Politoed|Politoed, F|5\/100\n|-damage|p1a: Politoed|0 fnt|[from] Stealth Rock\n|faint|p1a: Politoed\n|\n|win|Nakafuyu Yuki\n|j| Blaziekn\n|c| BIued|The clucth?\n|l| justajynx xoxo\n|l| Yankee love youuu\n|l| Blaziekn\n|c| BIued|Clutch\n","uploadtime":1701170273,"views":17,"p1id":"pivotsman","p2id":"nakafuyuyuki","formatid":"gen9ou","rating":0,"private":0,"password":""}