{"id":"gen9ou-1992831070","p1":"Username momento","p2":"SlowbroSlowbro","format":"[Gen 9] OU","log":"|j|\u2606Username momento\n|j|\u2606SlowbroSlowbro\n|t:|1700239197\n|gametype|singles\n|player|p1|Username momento|ninjaboy|1577\n|player|p2|SlowbroSlowbro|265|1652\n|teamsize|p1|6\n|teamsize|p2|6\n|gen|9\n|tier|[Gen 9] OU\n|rated|\n|rule|Sleep Clause Mod: Limit one foe put to sleep\n|rule|Species Clause: Limit one of each Pok\u00e9mon\n|rule|OHKO Clause: OHKO moves are banned\n|rule|Evasion Items Clause: Evasion items are banned\n|rule|Evasion Moves Clause: Evasion moves are banned\n|rule|Endless Battle Clause: Forcing endless battles is banned\n|rule|HP Percentage Mod: HP is shown in percentages\n|clearpoke\n|poke|p1|Meowscarada, M|\n|poke|p1|Kingambit, F|\n|poke|p1|Zapdos|\n|poke|p1|Zamazenta-*|\n|poke|p1|Great Tusk|\n|poke|p1|Iron Moth|\n|poke|p2|Kingambit, M|\n|poke|p2|Iron Valiant|\n|poke|p2|Cinderace, F|\n|poke|p2|Rillaboom, F|\n|poke|p2|Sneasler, F|\n|poke|p2|Gholdengo|\n|teampreview\n|\n|t:|1700239202\n|start\n|switch|p1a: Meowscarada|Meowscarada, M|100\/100\n|switch|p2a: Rillaboom|Rillaboom, F|100\/100\n|-fieldstart|move: Grassy Terrain|[from] ability: Grassy Surge|[of] p2a: Rillaboom\n|turn|1\n|inactive|Battle timer is ON: inactive players will automatically lose when time's up. (requested by SlowbroSlowbro)\n|\n|t:|1700239210\n|switch|p2a: Kingambit|Kingambit, M|100\/100\n|move|p1a: Meowscarada|U-turn|p2a: Kingambit\n|-start|p1a: Meowscarada|typechange|Bug|[from] ability: Protean\n|-damage|p2a: Kingambit|65\/100\n|\n|t:|1700239219\n|switch|p1a: Zamazenta|Zamazenta|100\/100|[from] U-turn\n|-ability|p1a: Zamazenta|Dauntless Shield|boost\n|-boost|p1a: Zamazenta|def|1\n|\n|-heal|p2a: Kingambit|72\/100|[from] Grassy Terrain\n|-heal|p2a: Kingambit|78\/100|[from] item: Leftovers\n|upkeep\n|turn|2\n|\n|t:|1700239225\n|-end|p2a: Kingambit|fallenundefined|[silent]\n|switch|p2a: Gholdengo|Gholdengo|100\/100\n|-item|p2a: Gholdengo|Air Balloon\n|move|p1a: Zamazenta|Heavy Slam|p2a: Gholdengo\n|-resisted|p2a: Gholdengo\n|-damage|p2a: Gholdengo|86\/100\n|-enditem|p2a: Gholdengo|Air Balloon\n|\n|-heal|p2a: Gholdengo|92\/100|[from] Grassy Terrain\n|upkeep\n|turn|3\n|\n|t:|1700239232\n|switch|p1a: Kingambit|Kingambit, F|100\/100\n|move|p2a: Gholdengo|Thunder Wave|p1a: Kingambit\n|-status|p1a: Kingambit|par\n|\n|-heal|p2a: Gholdengo|98\/100|[from] Grassy Terrain\n|upkeep\n|turn|4\n|\n|t:|1700239239\n|switch|p2a: Cinderace|Cinderace, F|100\/100\n|move|p1a: Kingambit|Iron Head|p2a: Cinderace\n|-resisted|p2a: Cinderace\n|-damage|p2a: Cinderace|64\/100\n|\n|-heal|p2a: Cinderace|70\/100|[from] Grassy Terrain\n|upkeep\n|turn|5\n|\n|t:|1700239246\n|-end|p1a: Kingambit|fallenundefined|[silent]\n|switch|p1a: Iron Moth|Iron Moth|100\/100\n|-enditem|p1a: Iron Moth|Booster Energy\n|-activate|p1a: Iron Moth|ability: Quark Drive|[fromitem]\n|-start|p1a: Iron Moth|quarkdrivespe\n|move|p2a: Cinderace|Pyro Ball|p1a: Iron Moth\n|-resisted|p1a: Iron Moth\n|-damage|p1a: Iron Moth|55\/100\n|\n|-heal|p1a: Iron Moth|61\/100|[from] Grassy Terrain\n|-heal|p2a: Cinderace|76\/100|[from] Grassy Terrain\n|-fieldend|move: Grassy Terrain\n|upkeep\n|turn|6\n|\n|t:|1700239256\n|move|p1a: Iron Moth|Fiery Dance|p2a: Cinderace\n|-resisted|p2a: Cinderace\n|-damage|p2a: Cinderace|46\/100\n|-boost|p1a: Iron Moth|spa|1\n|move|p2a: Cinderace|High Jump Kick|p1a: Iron Moth\n|-start|p2a: Cinderace|typechange|Fighting|[from] ability: Libero\n|-resisted|p1a: Iron Moth\n|-damage|p1a: Iron Moth|9\/100\n|\n|upkeep\n|turn|7\n|\n|t:|1700239267\n|move|p1a: Iron Moth|Sludge Wave|p2a: Cinderace\n|-damage|p2a: Cinderace|0 fnt\n|faint|p2a: Cinderace\n|\n|upkeep\n|\n|t:|1700239271\n|switch|p2a: Rillaboom|Rillaboom, F|100\/100\n|-fieldstart|move: Grassy Terrain|[from] ability: Grassy Surge|[of] p2a: Rillaboom\n|turn|8\n|\n|t:|1700239272\n|move|p2a: Rillaboom|Grassy Glide|p1a: Iron Moth\n|-resisted|p1a: Iron Moth\n|-damage|p1a: Iron Moth|0 fnt\n|faint|p1a: Iron Moth\n|-end|p1a: Iron Moth|Quark Drive|[silent]\n|-damage|p2a: Rillaboom|91\/100|[from] item: Life Orb\n|\n|-heal|p2a: Rillaboom|97\/100|[from] Grassy Terrain\n|upkeep\n|\n|t:|1700239275\n|switch|p1a: Meowscarada|Meowscarada, M|100\/100\n|turn|9\n|\n|t:|1700239280\n|move|p1a: Meowscarada|U-turn|p2a: Rillaboom\n|-start|p1a: Meowscarada|typechange|Bug|[from] ability: Protean\n|-supereffective|p2a: Rillaboom\n|-damage|p2a: Rillaboom|0 fnt\n|faint|p2a: Rillaboom\n|\n|t:|1700239285\n|switch|p1a: Zapdos|Zapdos|100\/100|[from] U-turn\n|\n|upkeep\n|\n|t:|1700239306\n|switch|p2a: Sneasler|Sneasler, F|100\/100\n|-enditem|p2a: Sneasler|Grassy Seed\n|-boost|p2a: Sneasler|def|1|[from] item: Grassy Seed\n|turn|10\n|\n|t:|1700239312\n|-terastallize|p2a: Sneasler|Flying\n|move|p2a: Sneasler|Swords Dance|p2a: Sneasler\n|-boost|p2a: Sneasler|atk|2\n|move|p1a: Zapdos|Hurricane|p2a: Sneasler\n|-damage|p2a: Sneasler|50\/100\n|\n|upkeep\n|turn|11\n|\n|t:|1700239321\n|-terastallize|p1a: Zapdos|Steel\n|move|p2a: Sneasler|Dire Claw|p1a: Zapdos\n|-immune|p1a: Zapdos\n|move|p1a: Zapdos|Volt Switch|p2a: Sneasler\n|-supereffective|p2a: Sneasler\n|-damage|p2a: Sneasler|0 fnt\n|faint|p2a: Sneasler\n|\n|t:|1700239326\n|switch|p1a: Meowscarada|Meowscarada, M|100\/100|[from] Volt Switch\n|\n|upkeep\n|\n|t:|1700239336\n|switch|p2a: Kingambit|Kingambit, M|78\/100\n|-activate|p2a: Kingambit|ability: Supreme Overlord\n|-start|p2a: Kingambit|fallen3|[silent]\n|turn|12\n|\n|t:|1700239348\n|move|p1a: Meowscarada|U-turn|p2a: Kingambit\n|-start|p1a: Meowscarada|typechange|Bug|[from] ability: Protean\n|-damage|p2a: Kingambit|41\/100\n|\n|t:|1700239351\n|switch|p1a: Zamazenta|Zamazenta|100\/100|[from] U-turn\n|move|p2a: Kingambit|Iron Head|p1a: Zamazenta\n|-damage|p1a: Zamazenta|57\/100\n|\n|-heal|p1a: Zamazenta|63\/100|[from] Grassy Terrain\n|-heal|p1a: Zamazenta|69\/100|[from] item: Leftovers\n|-heal|p2a: Kingambit|47\/100|[from] Grassy Terrain\n|-heal|p2a: Kingambit|53\/100|[from] item: Leftovers\n|-fieldend|move: Grassy Terrain\n|upkeep\n|turn|13\n|\n|t:|1700239355\n|switch|p1a: Kingambit|Kingambit, F|100\/100 par\n|-activate|p1a: Kingambit|ability: Supreme Overlord\n|-start|p1a: Kingambit|fallen1|[silent]\n|-end|p2a: Kingambit|fallen3|[silent]\n|switch|p2a: Gholdengo|Gholdengo|98\/100\n|\n|upkeep\n|turn|14\n|\n|t:|1700239361\n|switch|p2a: Kingambit|Kingambit, M|53\/100\n|-activate|p2a: Kingambit|ability: Supreme Overlord\n|-start|p2a: Kingambit|fallen3|[silent]\n|cant|p1a: Kingambit|par\n|\n|-heal|p2a: Kingambit|60\/100|[from] item: Leftovers\n|upkeep\n|turn|15\n|\n|t:|1700239370\n|-end|p1a: Kingambit|fallen1|[silent]\n|switch|p1a: Great Tusk|Great Tusk|100\/100\n|-enditem|p1a: Great Tusk|Booster Energy\n|-activate|p1a: Great Tusk|ability: Protosynthesis|[fromitem]\n|-start|p1a: Great Tusk|protosynthesisatk\n|move|p2a: Kingambit|Iron Head|p1a: Great Tusk\n|-damage|p1a: Great Tusk|54\/100\n|\n|-heal|p2a: Kingambit|66\/100|[from] item: Leftovers\n|upkeep\n|turn|16\n|\n|t:|1700239385\n|move|p1a: Great Tusk|Earthquake|p2a: Kingambit\n|-supereffective|p2a: Kingambit\n|-damage|p2a: Kingambit|0 fnt\n|faint|p2a: Kingambit\n|-end|p2a: Kingambit|fallen3|[silent]\n|\n|upkeep\n|\n|t:|1700239386\n|switch|p2a: Iron Valiant|Iron Valiant|100\/100\n|-enditem|p2a: Iron Valiant|Booster Energy\n|-activate|p2a: Iron Valiant|ability: Quark Drive|[fromitem]\n|-start|p2a: Iron Valiant|quarkdrivespe\n|turn|17\n|\n|t:|1700239394\n|-end|p1a: Great Tusk|Protosynthesis|[silent]\n|switch|p1a: Zapdos|Zapdos, tera:Steel|100\/100\n|move|p2a: Iron Valiant|Moonblast|p1a: Zapdos\n|-resisted|p1a: Zapdos\n|-damage|p1a: Zapdos|77\/100\n|-unboost|p1a: Zapdos|spa|1\n|\n|-heal|p1a: Zapdos|83\/100|[from] item: Leftovers\n|upkeep\n|turn|18\n|\n|t:|1700239399\n|move|p2a: Iron Valiant|Close Combat|p1a: Zapdos\n|-supereffective|p1a: Zapdos\n|-damage|p1a: Zapdos|12\/100\n|-unboost|p2a: Iron Valiant|def|1\n|-unboost|p2a: Iron Valiant|spd|1\n|-status|p2a: Iron Valiant|par|[from] ability: Static|[of] p1a: Zapdos\n|move|p1a: Zapdos|Hurricane|p2a: Iron Valiant\n|-supereffective|p2a: Iron Valiant\n|-damage|p2a: Iron Valiant|0 fnt\n|faint|p2a: Iron Valiant\n|-end|p2a: Iron Valiant|Quark Drive|[silent]\n|\n|-heal|p1a: Zapdos|19\/100|[from] item: Leftovers\n|upkeep\n|\n|t:|1700239403\n|switch|p2a: Gholdengo|Gholdengo|98\/100\n|turn|19\n|\n|t:|1700239408\n|move|p1a: Zapdos|Discharge|p2a: Gholdengo\n|-damage|p2a: Gholdengo|76\/100\n|move|p2a: Gholdengo|Shadow Ball|p1a: Zapdos\n|-damage|p1a: Zapdos|0 fnt\n|faint|p1a: Zapdos\n|\n|upkeep\n|\n|t:|1700239414\n|switch|p1a: Meowscarada|Meowscarada, M|100\/100\n|turn|20\n|\n|t:|1700239416\n|move|p1a: Meowscarada|Knock Off|p2a: Gholdengo\n|-start|p1a: Meowscarada|typechange|Dark|[from] ability: Protean\n|-supereffective|p2a: Gholdengo\n|-damage|p2a: Gholdengo|0 fnt\n|faint|p2a: Gholdengo\n|\n|win|Username momento\n|raw|Username momento's rating: 1577 &rarr; <strong>1601<\/strong><br \/>(+24 for winning)\n|raw|SlowbroSlowbro's rating: 1652 &rarr; <strong>1628<\/strong><br \/>(-24 for losing)\n|l|\u2606SlowbroSlowbro\n","uploadtime":1700239424,"views":13,"p1id":"usernamemomento","p2id":"slowbroslowbro","formatid":"gen9ou","rating":1601,"private":0,"password":""}