{"id":"gen9ou-1993475337","p1":"GRENINJAVALTRYEK","p2":"bosspandq","format":"[Gen 9] OU","log":"|j|\u2606GRENINJAVALTRYEK\n|j|\u2606bosspandq\n|t:|1700322402\n|gametype|singles\n|player|p1|GRENINJAVALTRYEK|101|1045\n|player|p2|bosspandq|101|1052\n|teamsize|p1|6\n|teamsize|p2|6\n|gen|9\n|tier|[Gen 9] OU\n|rated|\n|rule|Sleep Clause Mod: Limit one foe put to sleep\n|rule|Species Clause: Limit one of each Pok\u00e9mon\n|rule|OHKO Clause: OHKO moves are banned\n|rule|Evasion Items Clause: Evasion items are banned\n|rule|Evasion Moves Clause: Evasion moves are banned\n|rule|Endless Battle Clause: Forcing endless battles is banned\n|rule|HP Percentage Mod: HP is shown in percentages\n|clearpoke\n|poke|p1|Kingambit, F|\n|poke|p1|Garganacl, F|\n|poke|p1|Glimmora, F|\n|poke|p1|Volcanion|\n|poke|p1|Magnezone|\n|poke|p1|Regidrago|\n|poke|p2|Gholdengo|\n|poke|p2|Great Tusk|\n|poke|p2|Thundurus-Therian, M|\n|poke|p2|Dragapult, M|\n|poke|p2|Samurott-Hisui, F|\n|poke|p2|Clefable, F|\n|teampreview\n|inactive|Battle timer is ON: inactive players will automatically lose when time's up. (requested by GRENINJAVALTRYEK)\n|\n|t:|1700322413\n|start\n|switch|p1a: Glimmora|Glimmora, F|100\/100\n|switch|p2a: Great Tusk|Great Tusk|100\/100\n|turn|1\n|\n|t:|1700322422\n|move|p2a: Great Tusk|Rapid Spin|p1a: Glimmora\n|-resisted|p1a: Glimmora\n|-damage|p1a: Glimmora|90\/100\n|-boost|p2a: Great Tusk|spe|1\n|-activate|p1a: Glimmora|ability: Toxic Debris\n|-sidestart|p2: bosspandq|move: Toxic Spikes\n|-sideend|p2: bosspandq|Toxic Spikes|[from] move: Rapid Spin|[of] p2a: Great Tusk\n|move|p1a: Glimmora|Mortal Spin|p2a: Great Tusk\n|-resisted|p2a: Great Tusk\n|-damage|p2a: Great Tusk|98\/100\n|-status|p2a: Great Tusk|psn\n|\n|-damage|p2a: Great Tusk|86\/100 psn|[from] psn\n|upkeep\n|turn|2\n|\n|t:|1700322432\n|move|p2a: Great Tusk|Headlong Rush|p1a: Glimmora\n|-supereffective|p1a: Glimmora\n|-damage|p1a: Glimmora|0 fnt\n|-unboost|p2a: Great Tusk|def|1\n|-unboost|p2a: Great Tusk|spd|1\n|-activate|p1a: Glimmora|ability: Toxic Debris\n|-sidestart|p2: bosspandq|move: Toxic Spikes\n|faint|p1a: Glimmora\n|\n|-damage|p2a: Great Tusk|73\/100 psn|[from] psn\n|upkeep\n|\n|t:|1700322446\n|switch|p1a: Regidrago|Regidrago|100\/100\n|turn|3\n|\n|t:|1700322459\n|-end|p2a: Great Tusk|Protosynthesis|[silent]\n|switch|p2a: Clefable|Clefable, F|100\/100\n|-status|p2a: Clefable|psn\n|move|p1a: Regidrago|Explosion|p2a: Clefable\n|-enditem|p1a: Regidrago|Normal Gem|[from] gem\n|-damage|p2a: Clefable|0 fnt\n|faint|p1a: Regidrago\n|faint|p2a: Clefable\n|\n|upkeep\n|\n|t:|1700322481\n|switch|p1a: Volcanion|Volcanion|100\/100\n|switch|p2a: Dragapult|Dragapult, M|100\/100\n|-status|p2a: Dragapult|psn\n|turn|4\n|\n|t:|1700322493\n|move|p2a: Dragapult|Draco Meteor|p1a: Volcanion\n|-damage|p1a: Volcanion|21\/100\n|-unboost|p2a: Dragapult|spa|2\n|-damage|p2a: Dragapult|91\/100 psn|[from] item: Life Orb\n|move|p1a: Volcanion|Flare Blitz|p2a: Dragapult\n|-resisted|p2a: Dragapult\n|-damage|p2a: Dragapult|49\/100 psn\n|-damage|p1a: Volcanion|9\/100|[from] Recoil\n|\n|-damage|p2a: Dragapult|37\/100 psn|[from] psn\n|upkeep\n|turn|5\n|\n|t:|1700322498\n|move|p2a: Dragapult|U-turn|p1a: Volcanion\n|-resisted|p1a: Volcanion\n|-damage|p1a: Volcanion|0 fnt\n|faint|p1a: Volcanion\n|-damage|p2a: Dragapult|27\/100 psn|[from] item: Life Orb\n|\n|t:|1700322503\n|switch|p2a: Samurott|Samurott-Hisui, F|100\/100|[from] U-turn\n|-status|p2a: Samurott|psn\n|\n|-damage|p2a: Samurott|88\/100 psn|[from] psn\n|upkeep\n|\n|t:|1700322509\n|switch|p1a: Magnezone|Magnezone|100\/100\n|turn|6\n|\n|t:|1700322513\n|move|p2a: Samurott|Sacred Sword|p1a: Magnezone\n|-supereffective|p1a: Magnezone\n|-damage|p1a: Magnezone|46\/100\n|-damage|p2a: Samurott|72\/100 psn|[from] item: Rocky Helmet|[of] p1a: Magnezone\n|move|p1a: Magnezone|Discharge|p2a: Samurott\n|-supereffective|p2a: Samurott\n|-damage|p2a: Samurott|0 fnt\n|faint|p2a: Samurott\n|\n|upkeep\n|\n|t:|1700322518\n|switch|p2a: Great Tusk|Great Tusk|73\/100 psn\n|turn|7\n|\n|t:|1700322527\n|move|p2a: Great Tusk|Rapid Spin|p1a: Magnezone\n|-resisted|p1a: Magnezone\n|-damage|p1a: Magnezone|40\/100\n|-boost|p2a: Great Tusk|spe|1\n|-damage|p2a: Great Tusk|57\/100 psn|[from] item: Rocky Helmet|[of] p1a: Magnezone\n|-sideend|p2: bosspandq|Toxic Spikes|[from] move: Rapid Spin|[of] p2a: Great Tusk\n|move|p1a: Magnezone|Explosion|p2a: Great Tusk\n|-damage|p2a: Great Tusk|26\/100 psn\n|faint|p1a: Magnezone\n|\n|-damage|p2a: Great Tusk|13\/100 psn|[from] psn\n|upkeep\n|\n|t:|1700322535\n|switch|p1a: Garganacl|Garganacl, F|100\/100\n|turn|8\n|\n|t:|1700322546\n|move|p2a: Great Tusk|Headlong Rush|p1a: Garganacl\n|-supereffective|p1a: Garganacl\n|-damage|p1a: Garganacl|21\/100\n|-unboost|p2a: Great Tusk|def|1\n|-unboost|p2a: Great Tusk|spd|1\n|move|p1a: Garganacl|Explosion|p2a: Great Tusk\n|-damage|p2a: Great Tusk|0 fnt\n|faint|p1a: Garganacl\n|faint|p2a: Great Tusk\n|-end|p2a: Great Tusk|Protosynthesis|[silent]\n|\n|upkeep\n|\n|t:|1700322563\n|switch|p2a: Dragapult|Dragapult, M|27\/100 psn\n|switch|p1a: Kingambit|Kingambit, F|100\/100\n|-activate|p1a: Kingambit|ability: Supreme Overlord\n|-start|p1a: Kingambit|fallen5|[silent]\n|turn|9\n|\n|t:|1700322566\n|move|p1a: Kingambit|Sucker Punch|p2a: Dragapult\n|-supereffective|p2a: Dragapult\n|-damage|p2a: Dragapult|0 fnt\n|faint|p2a: Dragapult\n|\n|upkeep\n|\n|t:|1700322572\n|switch|p2a: Gholdengo|Gholdengo|100\/100\n|turn|10\n|\n|t:|1700322576\n|-terastallize|p2a: Gholdengo|Flying\n|move|p1a: Kingambit|Sucker Punch||[still]\n|-fail|p1a: Kingambit\n|move|p2a: Gholdengo|Nasty Plot|p2a: Gholdengo\n|-boost|p2a: Gholdengo|spa|2\n|\n|upkeep\n|turn|11\n|\n|t:|1700322582\n|move|p2a: Gholdengo|Make It Rain|p1a: Kingambit\n|-resisted|p1a: Kingambit\n|-damage|p1a: Kingambit|26\/100\n|-unboost|p2a: Gholdengo|spa|1\n|move|p1a: Kingambit|Iron Head|p2a: Gholdengo\n|-damage|p2a: Gholdengo|37\/100\n|\n|-heal|p2a: Gholdengo|43\/100|[from] item: Leftovers\n|upkeep\n|turn|12\n|\n|t:|1700322590\n|move|p2a: Gholdengo|Recover|p2a: Gholdengo\n|-heal|p2a: Gholdengo|93\/100\n|move|p1a: Kingambit|Iron Head|p2a: Gholdengo\n|-damage|p2a: Gholdengo|26\/100\n|\n|-heal|p2a: Gholdengo|32\/100|[from] item: Leftovers\n|upkeep\n|turn|13\n|\n|t:|1700322595\n|move|p2a: Gholdengo|Recover|p2a: Gholdengo\n|-heal|p2a: Gholdengo|82\/100\n|move|p1a: Kingambit|Iron Head|p2a: Gholdengo\n|-damage|p2a: Gholdengo|16\/100\n|\n|-heal|p2a: Gholdengo|22\/100|[from] item: Leftovers\n|upkeep\n|turn|14\n|\n|t:|1700322601\n|move|p2a: Gholdengo|Make It Rain|p1a: Kingambit\n|-resisted|p1a: Kingambit\n|-damage|p1a: Kingambit|0 fnt\n|-unboost|p2a: Gholdengo|spa|1\n|faint|p1a: Kingambit\n|-end|p1a: Kingambit|fallen5|[silent]\n|\n|win|bosspandq\n|raw|GRENINJAVALTRYEK's rating: 1045 &rarr; <strong>1029<\/strong><br \/>(-16 for losing)\n|raw|bosspandq's rating: 1052 &rarr; <strong>1084<\/strong><br \/>(+32 for winning)\n","uploadtime":1700322603,"views":8,"p1id":"greninjavaltryek","p2id":"bosspandq","formatid":"gen9ou","rating":1029,"private":0,"password":""}