{"id":"gen9ou-1996815460","p1":"spicy piquant","p2":"glhfOvO","format":"[Gen 9] OU","log":"|j|\u2606spicy piquant\n|j|\u2606glhfOvO\n|t:|1700729860\n|gametype|singles\n|player|p1|spicy piquant|170|1772\n|player|p2|glhfOvO|backersf|1832\n|teamsize|p1|6\n|teamsize|p2|6\n|gen|9\n|tier|[Gen 9] OU\n|rated|\n|rule|Sleep Clause Mod: Limit one foe put to sleep\n|rule|Species Clause: Limit one of each Pok\u00e9mon\n|rule|OHKO Clause: OHKO moves are banned\n|rule|Evasion Items Clause: Evasion items are banned\n|rule|Evasion Moves Clause: Evasion moves are banned\n|rule|Endless Battle Clause: Forcing endless battles is banned\n|rule|HP Percentage Mod: HP is shown in percentages\n|clearpoke\n|poke|p1|Iron Valiant|\n|poke|p1|Gholdengo|\n|poke|p1|Cinderace, F|\n|poke|p1|Toxapex, F|\n|poke|p1|Corviknight, M|\n|poke|p1|Ursaluna, M|\n|poke|p2|Pelipper, M|\n|poke|p2|Basculegion, M|\n|poke|p2|Greninja-*, M|\n|poke|p2|Zapdos|\n|poke|p2|Iron Treads|\n|poke|p2|Kingambit, M|\n|teampreview\n|inactive|Battle timer is ON: inactive players will automatically lose when time's up. (requested by spicy piquant)\n|j| deneme12\n|\n|t:|1700729885\n|start\n|switch|p1a: Toxapex|Toxapex, F|100\/100\n|switch|p2a: Pelipper|Pelipper, M|100\/100\n|-weather|RainDance|[from] ability: Drizzle|[of] p2a: Pelipper\n|turn|1\n|\n|t:|1700729896\n|move|p2a: Pelipper|U-turn|p1a: Toxapex\n|-resisted|p1a: Toxapex\n|-damage|p1a: Toxapex|97\/100\n|\n|t:|1700729900\n|switch|p2a: Zapdos|Zapdos, shiny|100\/100|[from] U-turn\n|move|p1a: Toxapex|Sludge Bomb|p2a: Zapdos\n|-damage|p2a: Zapdos|66\/100\n|\n|-weather|RainDance|[upkeep]\n|upkeep\n|turn|2\n|j| mew852\n|\n|t:|1700729912\n|move|p2a: Zapdos|Volt Switch|p1a: Toxapex\n|-supereffective|p1a: Toxapex\n|-damage|p1a: Toxapex|60\/100\n|\n|t:|1700729923\n|switch|p2a: Basculegion|Basculegion, M|100\/100|[from] Volt Switch\n|move|p1a: Toxapex|Sludge Bomb|p2a: Basculegion\n|-resisted|p2a: Basculegion\n|-damage|p2a: Basculegion|84\/100\n|\n|-weather|RainDance|[upkeep]\n|upkeep\n|turn|3\n|j| ayayaphone\n|l| ayayaphone\n|\n|t:|1700729952\n|switch|p1a: Corviknight|Corviknight, M|100\/100\n|-ability|p1a: Corviknight|Pressure\n|move|p2a: Basculegion|Wave Crash|p1a: Corviknight\n|-damage|p1a: Corviknight|27\/100\n|-damage|p2a: Basculegion|68\/100|[from] item: Rocky Helmet|[of] p1a: Corviknight\n|-damage|p2a: Basculegion|43\/100|[from] Recoil\n|\n|-weather|RainDance|[upkeep]\n|upkeep\n|turn|4\n|\n|t:|1700729963\n|move|p2a: Basculegion|Wave Crash|p1a: Corviknight\n|-damage|p1a: Corviknight|0 fnt\n|-damage|p2a: Basculegion|26\/100|[from] item: Rocky Helmet|[of] p1a: Corviknight\n|faint|p1a: Corviknight\n|-damage|p2a: Basculegion|17\/100|[from] Recoil\n|\n|-weather|RainDance|[upkeep]\n|upkeep\n|\n|t:|1700729967\n|switch|p1a: Cinderace|Cinderace, F|100\/100\n|turn|5\n|\n|t:|1700729976\n|switch|p2a: Iron Treads|Iron Treads|100\/100\n|-enditem|p2a: Iron Treads|Booster Energy\n|-activate|p2a: Iron Treads|ability: Quark Drive|[fromitem]\n|-start|p2a: Iron Treads|quarkdrivespe\n|move|p1a: Cinderace|Sucker Punch||[still]\n|-fail|p1a: Cinderace\n|\n|-weather|RainDance|[upkeep]\n|upkeep\n|turn|6\n|inactive|spicy piquant has 120 seconds left.\n|\n|t:|1700730010\n|switch|p1a: Ursaluna|Ursaluna, M, shiny|100\/100\n|move|p2a: Iron Treads|Earthquake|p1a: Ursaluna\n|-damage|p1a: Ursaluna|65\/100\n|\n|-weather|RainDance|[upkeep]\n|-status|p1a: Ursaluna|brn|[from] item: Flame Orb\n|upkeep\n|turn|7\n|\n|t:|1700730021\n|-end|p2a: Iron Treads|Quark Drive|[silent]\n|switch|p2a: Zapdos|Zapdos, shiny|66\/100\n|move|p1a: Ursaluna|Facade|p2a: Zapdos\n|-damage|p2a: Zapdos|0 fnt\n|faint|p2a: Zapdos\n|\n|-weather|RainDance|[upkeep]\n|-damage|p1a: Ursaluna|59\/100 brn|[from] brn\n|upkeep\n|j| d00m5\n|\n|t:|1700730031\n|switch|p2a: Basculegion|Basculegion, M|17\/100\n|turn|8\n|\n|t:|1700730036\n|move|p1a: Ursaluna|Protect|p1a: Ursaluna\n|-singleturn|p1a: Ursaluna|Protect\n|move|p2a: Basculegion|Wave Crash|p1a: Ursaluna\n|-activate|p1a: Ursaluna|move: Protect\n|\n|-weather|none\n|-damage|p1a: Ursaluna|53\/100 brn|[from] brn\n|upkeep\n|turn|9\n|\n|t:|1700730039\n|switch|p1a: Toxapex|Toxapex, F|93\/100\n|move|p2a: Basculegion|Wave Crash|p1a: Toxapex\n|-resisted|p1a: Toxapex\n|-damage|p1a: Toxapex|61\/100\n|-damage|p2a: Basculegion|9\/100|[from] Recoil\n|\n|upkeep\n|turn|10\n|\n|t:|1700730047\n|switch|p2a: Pelipper|Pelipper, M|100\/100\n|-weather|RainDance|[from] ability: Drizzle|[of] p2a: Pelipper\n|move|p1a: Toxapex|Acid Spray|p2a: Pelipper\n|-damage|p2a: Pelipper|88\/100\n|-unboost|p2a: Pelipper|spd|2\n|\n|-weather|RainDance|[upkeep]\n|upkeep\n|turn|11\n|\n|t:|1700730053\n|move|p2a: Pelipper|U-turn|p1a: Toxapex\n|-resisted|p1a: Toxapex\n|-damage|p1a: Toxapex|57\/100\n|j| t-modesty\n|\n|t:|1700730056\n|switch|p2a: Iron Treads|Iron Treads|100\/100|[from] U-turn\n|move|p1a: Toxapex|Sludge Bomb|p2a: Iron Treads\n|-immune|p2a: Iron Treads\n|\n|-weather|RainDance|[upkeep]\n|upkeep\n|turn|12\n|l| d00m5\n|\n|t:|1700730075\n|switch|p1a: Iron Valiant|Iron Valiant|100\/100\n|-enditem|p1a: Iron Valiant|Booster Energy\n|-activate|p1a: Iron Valiant|ability: Quark Drive|[fromitem]\n|-start|p1a: Iron Valiant|quarkdrivespe\n|move|p2a: Iron Treads|Earthquake|p1a: Iron Valiant\n|-damage|p1a: Iron Valiant|42\/100\n|\n|-weather|RainDance|[upkeep]\n|upkeep\n|turn|13\n|\n|t:|1700730087\n|move|p1a: Iron Valiant|Close Combat|p2a: Iron Treads\n|-supereffective|p2a: Iron Treads\n|-damage|p2a: Iron Treads|3\/100\n|-unboost|p1a: Iron Valiant|def|1\n|-unboost|p1a: Iron Valiant|spd|1\n|move|p2a: Iron Treads|Earthquake|p1a: Iron Valiant\n|-damage|p1a: Iron Valiant|0 fnt\n|faint|p1a: Iron Valiant\n|-end|p1a: Iron Valiant|Quark Drive|[silent]\n|\n|-weather|RainDance|[upkeep]\n|upkeep\n|\n|t:|1700730094\n|switch|p1a: Cinderace|Cinderace, F|100\/100\n|turn|14\n|\n|t:|1700730107\n|move|p1a: Cinderace|U-turn|p2a: Iron Treads\n|-start|p1a: Cinderace|typechange|Bug|[from] ability: Libero\n|-resisted|p2a: Iron Treads\n|-damage|p2a: Iron Treads|0 fnt\n|faint|p2a: Iron Treads\n|-end|p2a: Iron Treads|Quark Drive|[silent]\n|\n|t:|1700730120\n|switch|p1a: Gholdengo|Gholdengo|100\/100|[from] U-turn\n|\n|-weather|RainDance|[upkeep]\n|upkeep\n|\n|t:|1700730127\n|switch|p2a: Basculegion|Basculegion, M|9\/100\n|turn|15\n|\n|t:|1700730132\n|switch|p1a: Ursaluna|Ursaluna, M, shiny|53\/100 brn\n|move|p2a: Basculegion|Wave Crash|p1a: Ursaluna\n|-supereffective|p1a: Ursaluna\n|-damage|p1a: Ursaluna|0 fnt\n|faint|p1a: Ursaluna\n|-damage|p2a: Basculegion|0 fnt|[from] Recoil\n|faint|p2a: Basculegion\n|\n|-weather|RainDance|[upkeep]\n|upkeep\n|\n|t:|1700730143\n|switch|p2a: Greninja|Greninja, M|100\/100\n|switch|p1a: Gholdengo|Gholdengo|100\/100\n|turn|16\n|inactive|spicy piquant has 120 seconds left.\n|\n|t:|1700730173\n|-terastallize|p1a: Gholdengo|Fighting\n|move|p1a: Gholdengo|Focus Blast|p2a: Greninja\n|-supereffective|p2a: Greninja\n|-damage|p2a: Greninja|0 fnt\n|faint|p2a: Greninja\n|\n|-weather|RainDance|[upkeep]\n|upkeep\n|\n|t:|1700730183\n|switch|p2a: Kingambit|Kingambit, M|100\/100\n|-activate|p2a: Kingambit|ability: Supreme Overlord\n|-start|p2a: Kingambit|fallen4|[silent]\n|turn|17\n|j| Yuriaa\n|j| J\u2019ose moule\n|inactive|spicy piquant has 120 seconds left.\n|\n|t:|1700730204\n|-terastallize|p2a: Kingambit|Flying\n|move|p1a: Gholdengo|Focus Blast|p2a: Kingambit|[miss]\n|-miss|p1a: Gholdengo|p2a: Kingambit\n|move|p2a: Kingambit|Swords Dance|p2a: Kingambit\n|-boost|p2a: Kingambit|atk|2\n|\n|-weather|none\n|upkeep\n|turn|18\n|inactive|spicy piquant has 120 seconds left.\n|\n|t:|1700730211\n|switch|p1a: Toxapex|Toxapex, F|91\/100\n|move|p2a: Kingambit|Tera Blast|p1a: Toxapex|[anim] Tera Blast Flying\n|-damage|p1a: Toxapex|0 fnt\n|faint|p1a: Toxapex\n|\n|upkeep\n|\n|t:|1700730213\n|switch|p1a: Gholdengo|Gholdengo, tera:Fighting|100\/100\n|turn|19\n|\n|t:|1700730221\n|move|p1a: Gholdengo|Make It Rain|p2a: Kingambit\n|-damage|p2a: Kingambit|25\/100\n|-unboost|p1a: Gholdengo|spa|1\n|move|p2a: Kingambit|Tera Blast|p1a: Gholdengo|[anim] Tera Blast Flying\n|-supereffective|p1a: Gholdengo\n|-damage|p1a: Gholdengo|0 fnt\n|faint|p1a: Gholdengo\n|\n|upkeep\n|\n|t:|1700730224\n|switch|p1a: Cinderace|Cinderace, F|100\/100\n|turn|20\n|c|\u2606spicy piquant|gg\n|-message|spicy piquant forfeited.\n|\n|win|glhfOvO\n|raw|spicy piquant's rating: 1772 &rarr; <strong>1755<\/strong><br \/>(-17 for losing)\n|raw|glhfOvO's rating: 1832 &rarr; <strong>1849<\/strong><br \/>(+17 for winning)\n|l|\u2606spicy piquant\n|l| t-modesty\n|c|\u2606glhfOvO|gg\n|l| deneme12\n|l|\u2606glhfOvO\n|l| Yuriaa\n","uploadtime":1700730313,"views":12,"p1id":"spicypiquant","p2id":"glhfovo","formatid":"gen9ou","rating":1755,"private":0,"password":""}