{"id":"gen9ou-1992543413","p1":"MegaDano24","p2":"t35tt35t","format":"[Gen 9] OU","log":"|j|\u2606MegaDano24\n|j|\u2606t35tt35t\n|t:|1700202769\n|gametype|singles\n|player|p1|MegaDano24|1|1328\n|player|p2|t35tt35t|az|1323\n|teamsize|p1|6\n|teamsize|p2|6\n|gen|9\n|tier|[Gen 9] OU\n|rated|\n|rule|Sleep Clause Mod: Limit one foe put to sleep\n|rule|Species Clause: Limit one of each Pok\u00e9mon\n|rule|OHKO Clause: OHKO moves are banned\n|rule|Evasion Items Clause: Evasion items are banned\n|rule|Evasion Moves Clause: Evasion moves are banned\n|rule|Endless Battle Clause: Forcing endless battles is banned\n|rule|HP Percentage Mod: HP is shown in percentages\n|clearpoke\n|poke|p1|Rillaboom, M|\n|poke|p1|Sneasler, F|\n|poke|p1|Dragonite, F|\n|poke|p1|Great Tusk|\n|poke|p1|Clodsire, M|\n|poke|p1|Ogerpon-Wellspring, F|\n|poke|p2|Samurott-Hisui, M|\n|poke|p2|Hatterene, F|\n|poke|p2|Zamazenta-*|\n|poke|p2|Gholdengo|\n|poke|p2|Dragonite, M|\n|poke|p2|Glimmora, M|\n|teampreview\n|inactive|Battle timer is ON: inactive players will automatically lose when time's up. (requested by t35tt35t)\n|\n|t:|1700202801\n|start\n|switch|p1a: Great Tusk|Great Tusk|100\/100\n|switch|p2a: Shogun|Samurott-Hisui, M|100\/100\n|turn|1\n|\n|t:|1700202814\n|-end|p1a: Great Tusk|Protosynthesis|[silent]\n|switch|p1a: Rillaboom|Rillaboom, M|100\/100\n|-fieldstart|move: Grassy Terrain|[from] ability: Grassy Surge|[of] p1a: Rillaboom\n|-terastallize|p2a: Shogun|Dragon\n|move|p2a: Shogun|Ceaseless Edge|p1a: Rillaboom\n|-damage|p1a: Rillaboom|54\/100\n|-sidestart|p1: MegaDano24|Spikes\n|\n|-heal|p1a: Rillaboom|60\/100|[from] Grassy Terrain\n|upkeep\n|turn|2\n|\n|t:|1700202825\n|move|p2a: Shogun|Ceaseless Edge|p1a: Rillaboom\n|-damage|p1a: Rillaboom|12\/100\n|-sidestart|p1: MegaDano24|Spikes\n|move|p1a: Rillaboom|U-turn|p2a: Shogun\n|-damage|p2a: Shogun|53\/100\n|\n|t:|1700202839\n|switch|p1a: Great Tusk|Great Tusk|100\/100|[from] U-turn\n|\n|-heal|p2a: Shogun|60\/100|[from] Grassy Terrain\n|upkeep\n|turn|3\n|\n|t:|1700202851\n|switch|p2a: Ponyboy|Gholdengo|100\/100\n|move|p1a: Great Tusk|Rapid Spin|p2a: Ponyboy\n|-immune|p2a: Ponyboy\n|\n|upkeep\n|turn|4\n|\n|t:|1700202878\n|move|p1a: Great Tusk|Headlong Rush|p2a: Ponyboy\n|-supereffective|p2a: Ponyboy\n|-damage|p2a: Ponyboy|0 fnt\n|-unboost|p1a: Great Tusk|def|1\n|-unboost|p1a: Great Tusk|spd|1\n|faint|p2a: Ponyboy\n|\n|upkeep\n|\n|t:|1700202886\n|switch|p2a: Shogun|Samurott-Hisui, M, tera:Dragon|60\/100\n|turn|5\n|\n|t:|1700202905\n|-end|p1a: Great Tusk|Protosynthesis|[silent]\n|switch|p1a: Ogerpon|Ogerpon-Wellspring, F|100\/100\n|-damage|p1a: Ogerpon|84\/100|[from] Spikes\n|move|p2a: Shogun|Ceaseless Edge|p1a: Ogerpon\n|-damage|p1a: Ogerpon|28\/100\n|-sidestart|p1: MegaDano24|Spikes\n|\n|-heal|p2a: Shogun|66\/100|[from] Grassy Terrain\n|-heal|p1a: Ogerpon|34\/100|[from] Grassy Terrain\n|-fieldend|move: Grassy Terrain\n|upkeep\n|turn|6\n|\n|t:|1700202916\n|move|p2a: Shogun|Ceaseless Edge|p1a: Ogerpon\n|-damage|p1a: Ogerpon|0 fnt\n|faint|p1a: Ogerpon\n|\n|upkeep\n|\n|t:|1700202918\n|switch|p1a: Great Tusk|Great Tusk|100\/100\n|turn|7\n|\n|t:|1700202924\n|switch|p2a: Rosebud|Glimmora, M|100\/100\n|move|p1a: Great Tusk|Rapid Spin|p2a: Rosebud\n|-resisted|p2a: Rosebud\n|-damage|p2a: Rosebud|92\/100\n|-boost|p1a: Great Tusk|spe|1\n|-damage|p1a: Great Tusk|84\/100|[from] item: Rocky Helmet|[of] p2a: Rosebud\n|-activate|p2a: Rosebud|ability: Toxic Debris\n|-sidestart|p1: MegaDano24|move: Toxic Spikes\n|-sideend|p1: MegaDano24|Spikes|[from] move: Rapid Spin|[of] p1a: Great Tusk\n|-sideend|p1: MegaDano24|Toxic Spikes|[from] move: Rapid Spin|[of] p1a: Great Tusk\n|\n|upkeep\n|turn|8\n|\n|t:|1700202940\n|switch|p2a: Sergio|Dragonite, M, shiny|100\/100\n|move|p1a: Great Tusk|Rapid Spin|p2a: Sergio\n|-damage|p2a: Sergio|93\/100\n|-boost|p1a: Great Tusk|spe|1\n|\n|-heal|p2a: Sergio|99\/100|[from] item: Leftovers\n|upkeep\n|turn|9\n|\n|t:|1700202949\n|-end|p1a: Great Tusk|Protosynthesis|[silent]\n|switch|p1a: Clodsire|Clodsire, M|100\/100\n|move|p2a: Sergio|Dragon Tail|p1a: Clodsire\n|-damage|p1a: Clodsire|69\/100\n|drag|p1a: Rillaboom|Rillaboom, M|12\/100\n|-fieldstart|move: Grassy Terrain|[from] ability: Grassy Surge|[of] p1a: Rillaboom\n|\n|-heal|p1a: Rillaboom|18\/100|[from] Grassy Terrain\n|-heal|p2a: Sergio|100\/100|[from] item: Leftovers\n|upkeep\n|turn|10\n|\n|t:|1700202960\n|move|p2a: Sergio|Extreme Speed|p1a: Rillaboom\n|-damage|p1a: Rillaboom|0 fnt\n|faint|p1a: Rillaboom\n|\n|upkeep\n|\n|t:|1700202969\n|switch|p1a: Great Tusk|Great Tusk|84\/100\n|turn|11\n|\n|t:|1700202976\n|switch|p2a: Rosebud|Glimmora, M|92\/100\n|move|p1a: Great Tusk|Knock Off|p2a: Rosebud\n|-damage|p2a: Rosebud|61\/100\n|-damage|p1a: Great Tusk|67\/100|[from] item: Rocky Helmet|[of] p2a: Rosebud\n|-activate|p2a: Rosebud|ability: Toxic Debris\n|-sidestart|p1: MegaDano24|move: Toxic Spikes\n|-enditem|p2a: Rosebud|Rocky Helmet|[from] move: Knock Off|[of] p1a: Great Tusk\n|\n|-heal|p1a: Great Tusk|73\/100|[from] Grassy Terrain\n|-heal|p2a: Rosebud|67\/100|[from] Grassy Terrain\n|upkeep\n|turn|12\n|\n|t:|1700202988\n|switch|p2a: Sergio|Dragonite, M, shiny|100\/100\n|move|p1a: Great Tusk|Rapid Spin|p2a: Sergio\n|-damage|p2a: Sergio|94\/100\n|-boost|p1a: Great Tusk|spe|1\n|-sideend|p1: MegaDano24|Toxic Spikes|[from] move: Rapid Spin|[of] p1a: Great Tusk\n|\n|-heal|p1a: Great Tusk|80\/100|[from] Grassy Terrain\n|-heal|p2a: Sergio|99\/100|[from] item: Leftovers\n|upkeep\n|turn|13\n|\n|t:|1700202998\n|switch|p2a: Rosebud|Glimmora, M|67\/100\n|move|p1a: Great Tusk|Knock Off|p2a: Rosebud\n|-damage|p2a: Rosebud|47\/100\n|-activate|p2a: Rosebud|ability: Toxic Debris\n|-sidestart|p1: MegaDano24|move: Toxic Spikes\n|\n|-heal|p1a: Great Tusk|86\/100|[from] Grassy Terrain\n|-heal|p2a: Rosebud|53\/100|[from] Grassy Terrain\n|-fieldend|move: Grassy Terrain\n|upkeep\n|turn|14\n|\n|t:|1700203014\n|move|p1a: Great Tusk|Stealth Rock|p2a: Rosebud\n|-sidestart|p2: t35tt35t|move: Stealth Rock\n|move|p2a: Rosebud|Stealth Rock|p1a: Great Tusk\n|-sidestart|p1: MegaDano24|move: Stealth Rock\n|\n|upkeep\n|turn|15\n|\n|t:|1700203019\n|move|p1a: Great Tusk|Rapid Spin|p2a: Rosebud\n|-resisted|p2a: Rosebud\n|-damage|p2a: Rosebud|45\/100\n|-boost|p1a: Great Tusk|spe|1\n|-activate|p2a: Rosebud|ability: Toxic Debris\n|-sidestart|p1: MegaDano24|move: Toxic Spikes\n|-sideend|p1: MegaDano24|Toxic Spikes|[from] move: Rapid Spin|[of] p1a: Great Tusk\n|-sideend|p1: MegaDano24|Stealth Rock|[from] move: Rapid Spin|[of] p1a: Great Tusk\n|move|p2a: Rosebud|Earth Power|p1a: Great Tusk\n|-damage|p1a: Great Tusk|55\/100\n|-unboost|p1a: Great Tusk|spd|1\n|\n|upkeep\n|turn|16\n|\n|t:|1700203030\n|switch|p2a: Sergio|Dragonite, M, shiny|99\/100\n|-damage|p2a: Sergio|75\/100|[from] Stealth Rock\n|move|p1a: Great Tusk|Headlong Rush|p2a: Sergio\n|-immune|p2a: Sergio\n|\n|-heal|p2a: Sergio|81\/100|[from] item: Leftovers\n|upkeep\n|turn|17\n|\n|t:|1700203043\n|-end|p1a: Great Tusk|Protosynthesis|[silent]\n|switch|p1a: Clodsire|Clodsire, M|69\/100\n|move|p2a: Sergio|Dragon Tail|p1a: Clodsire\n|-damage|p1a: Clodsire|38\/100\n|drag|p1a: Sneasler|Sneasler, F|100\/100\n|\n|-heal|p2a: Sergio|87\/100|[from] item: Leftovers\n|upkeep\n|turn|18\n|\n|t:|1700203051\n|move|p1a: Sneasler|Dire Claw|p2a: Sergio\n|-damage|p2a: Sergio|45\/100\n|-status|p2a: Sergio|slp\n|cant|p2a: Sergio|slp\n|\n|-heal|p2a: Sergio|51\/100 slp|[from] item: Leftovers\n|upkeep\n|turn|19\n|c|\u2606t35tt35t|BFRUH\n|\n|t:|1700203065\n|move|p1a: Sneasler|Swords Dance|p1a: Sneasler\n|-boost|p1a: Sneasler|atk|2\n|cant|p2a: Sergio|slp\n|\n|-heal|p2a: Sergio|57\/100 slp|[from] item: Leftovers\n|upkeep\n|turn|20\n|\n|t:|1700203071\n|cant|p2a: Sergio|slp\n|move|p1a: Sneasler|Dire Claw|p2a: Sergio\n|-damage|p2a: Sergio|0 fnt\n|faint|p2a: Sergio\n|\n|upkeep\n|c|\u2606t35tt35t|FUK U\n|c|\u2606t35tt35t|]K\n|c|\u2606t35tt35t|Y\n|c|\u2606t35tt35t|S\n|\n|t:|1700203099\n|switch|p2a: Maria|Hatterene, F|100\/100\n|-damage|p2a: Maria|88\/100|[from] Stealth Rock\n|turn|21\n|\n|t:|1700203109\n|move|p1a: Sneasler|Close Combat|p2a: Maria\n|-resisted|p2a: Maria\n|-damage|p2a: Maria|52\/100\n|-unboost|p1a: Sneasler|def|1\n|-unboost|p1a: Sneasler|spd|1\n|move|p2a: Maria|Psyshock|p1a: Sneasler\n|-supereffective|p1a: Sneasler\n|-damage|p1a: Sneasler|0 fnt\n|faint|p1a: Sneasler\n|\n|upkeep\n|\n|t:|1700203113\n|switch|p1a: Great Tusk|Great Tusk|55\/100\n|turn|22\n|c|\u2606t35tt35t|WTF BITCH ASS NGAGA\n|c|\u2606t35tt35t|y u did that\n|\n|t:|1700203129\n|move|p1a: Great Tusk|Headlong Rush|p2a: Maria\n|-damage|p2a: Maria|0 fnt\n|-unboost|p1a: Great Tusk|def|1\n|-unboost|p1a: Great Tusk|spd|1\n|faint|p2a: Maria\n|\n|upkeep\n|\n|t:|1700203139\n|switch|p2a: Mars|Zamazenta|100\/100\n|-damage|p2a: Mars|94\/100|[from] Stealth Rock\n|-ability|p2a: Mars|Dauntless Shield|boost\n|-boost|p2a: Mars|def|1\n|turn|23\n|\n|t:|1700203157\n|move|p2a: Mars|Iron Defense|p2a: Mars\n|-boost|p2a: Mars|def|2\n|move|p1a: Great Tusk|Headlong Rush|p2a: Mars\n|-damage|p2a: Mars|77\/100\n|-unboost|p1a: Great Tusk|def|1\n|-unboost|p1a: Great Tusk|spd|1\n|\n|-heal|p2a: Mars|83\/100|[from] item: Leftovers\n|upkeep\n|turn|24\n|\n|t:|1700203173\n|move|p2a: Mars|Body Press|p1a: Great Tusk\n|-damage|p1a: Great Tusk|0 fnt\n|faint|p1a: Great Tusk\n|-end|p1a: Great Tusk|Protosynthesis|[silent]\n|\n|-heal|p2a: Mars|89\/100|[from] item: Leftovers\n|upkeep\n|\n|t:|1700203189\n|switch|p1a: Clodsire|Clodsire, M|38\/100\n|turn|25\n|\n|t:|1700203192\n|move|p2a: Mars|Body Press|p1a: Clodsire\n|-resisted|p1a: Clodsire\n|-damage|p1a: Clodsire|24\/100\n|move|p1a: Clodsire|Recover|p1a: Clodsire\n|-heal|p1a: Clodsire|74\/100\n|\n|-heal|p2a: Mars|95\/100|[from] item: Leftovers\n|-heal|p1a: Clodsire|80\/100|[from] item: Leftovers\n|upkeep\n|turn|26\n|\n|t:|1700203205\n|switch|p2a: Rosebud|Glimmora, M|45\/100\n|-damage|p2a: Rosebud|33\/100|[from] Stealth Rock\n|move|p1a: Clodsire|Toxic|p2a: Rosebud\n|-immune|p2a: Rosebud\n|\n|-heal|p1a: Clodsire|86\/100|[from] item: Leftovers\n|upkeep\n|turn|27\n|\n|t:|1700203219\n|switch|p1a: Dragonite|Dragonite, F|100\/100\n|move|p2a: Rosebud|Stealth Rock|p1a: Dragonite\n|-sidestart|p1: MegaDano24|move: Stealth Rock\n|\n|upkeep\n|turn|28\n|\n|t:|1700203232\n|move|p1a: Dragonite|Dragon Dance|p1a: Dragonite\n|-boost|p1a: Dragonite|atk|1\n|-boost|p1a: Dragonite|spe|1\n|move|p2a: Rosebud|Power Gem|p1a: Dragonite\n|-supereffective|p1a: Dragonite\n|-damage|p1a: Dragonite|67\/100\n|\n|upkeep\n|turn|29\n|\n|t:|1700203240\n|move|p1a: Dragonite|Earthquake|p2a: Rosebud\n|-supereffective|p2a: Rosebud\n|-damage|p2a: Rosebud|0 fnt\n|-activate|p2a: Rosebud|ability: Toxic Debris\n|-sidestart|p1: MegaDano24|move: Toxic Spikes\n|faint|p2a: Rosebud\n|\n|upkeep\n|\n|t:|1700203258\n|switch|p2a: Mars|Zamazenta|95\/100\n|-damage|p2a: Mars|89\/100|[from] Stealth Rock\n|turn|30\n|inactive|MegaDano24 has 120 seconds left.\n|\n|t:|1700203289\n|move|p1a: Dragonite|Extreme Speed|p2a: Mars\n|-damage|p2a: Mars|53\/100\n|move|p2a: Mars|Roar|p1a: Dragonite\n|drag|p1a: Clodsire|Clodsire, M|86\/100\n|-damage|p1a: Clodsire|80\/100|[from] Stealth Rock\n|-sideend|p1: MegaDano24|move: Toxic Spikes|[of] p1a: Clodsire\n|\n|-heal|p2a: Mars|60\/100|[from] item: Leftovers\n|-heal|p1a: Clodsire|86\/100|[from] item: Leftovers\n|upkeep\n|turn|31\n|\n|t:|1700203305\n|move|p2a: Mars|Iron Defense|p2a: Mars\n|-boost|p2a: Mars|def|2\n|move|p1a: Clodsire|Toxic|p2a: Mars\n|-status|p2a: Mars|tox\n|\n|-heal|p2a: Mars|66\/100 tox|[from] item: Leftovers\n|-heal|p1a: Clodsire|92\/100|[from] item: Leftovers\n|-damage|p2a: Mars|60\/100 tox|[from] psn\n|upkeep\n|turn|32\n|\n|t:|1700203314\n|move|p1a: Clodsire|Earthquake|p2a: Mars\n|-damage|p2a: Mars|40\/100 tox\n|move|p2a: Mars|Roar|p1a: Clodsire\n|drag|p1a: Dragonite|Dragonite, F|67\/100\n|-damage|p1a: Dragonite|42\/100|[from] Stealth Rock\n|\n|-heal|p2a: Mars|46\/100 tox|[from] item: Leftovers\n|-damage|p2a: Mars|34\/100 tox|[from] psn\n|upkeep\n|turn|33\n|\n|t:|1700203324\n|switch|p1a: Clodsire|Clodsire, M|92\/100\n|-damage|p1a: Clodsire|86\/100|[from] Stealth Rock\n|move|p2a: Mars|Roar|p1a: Clodsire\n|drag|p1a: Dragonite|Dragonite, F|42\/100\n|-damage|p1a: Dragonite|17\/100|[from] Stealth Rock\n|\n|-heal|p2a: Mars|40\/100 tox|[from] item: Leftovers\n|-damage|p2a: Mars|21\/100 tox|[from] psn\n|upkeep\n|turn|34\n|\n|t:|1700203334\n|move|p1a: Dragonite|Extreme Speed|p2a: Mars\n|-damage|p2a: Mars|10\/100 tox\n|move|p2a: Mars|Roar|p1a: Dragonite\n|drag|p1a: Clodsire|Clodsire, M|86\/100\n|-damage|p1a: Clodsire|80\/100|[from] Stealth Rock\n|\n|-heal|p2a: Mars|16\/100 tox|[from] item: Leftovers\n|-heal|p1a: Clodsire|86\/100|[from] item: Leftovers\n|-damage|p2a: Mars|0 fnt|[from] psn\n|faint|p2a: Mars\n|upkeep\n|\n|t:|1700203345\n|switch|p2a: Shogun|Samurott-Hisui, M, tera:Dragon|66\/100\n|-damage|p2a: Shogun|53\/100|[from] Stealth Rock\n|turn|35\n|\n|t:|1700203352\n|-terastallize|p1a: Clodsire|Water\n|move|p2a: Shogun|Ceaseless Edge|p1a: Clodsire\n|-damage|p1a: Clodsire|47\/100\n|-sidestart|p1: MegaDano24|Spikes\n|move|p1a: Clodsire|Toxic|p2a: Shogun\n|-status|p2a: Shogun|tox\n|\n|-heal|p1a: Clodsire|53\/100|[from] item: Leftovers\n|-damage|p2a: Shogun|47\/100 tox|[from] psn\n|upkeep\n|turn|36\n|\n|t:|1700203362\n|move|p2a: Shogun|Ceaseless Edge|p1a: Clodsire\n|-damage|p1a: Clodsire|16\/100\n|-sidestart|p1: MegaDano24|Spikes\n|move|p1a: Clodsire|Recover|p1a: Clodsire\n|-heal|p1a: Clodsire|66\/100\n|\n|-heal|p1a: Clodsire|73\/100|[from] item: Leftovers\n|-damage|p2a: Shogun|35\/100 tox|[from] psn\n|upkeep\n|turn|37\n|c|\u2606MegaDano24|kekw\n|\n|t:|1700203371\n|move|p2a: Shogun|Ceaseless Edge|p1a: Clodsire\n|-damage|p1a: Clodsire|32\/100\n|-sidestart|p1: MegaDano24|Spikes\n|move|p1a: Clodsire|Recover|p1a: Clodsire\n|-heal|p1a: Clodsire|82\/100\n|\n|-heal|p1a: Clodsire|88\/100|[from] item: Leftovers\n|-damage|p2a: Shogun|16\/100 tox|[from] psn\n|upkeep\n|turn|38\n|c|\u2606t35tt35t|flip table\n|\n|t:|1700203385\n|move|p2a: Shogun|Ceaseless Edge|p1a: Clodsire\n|-damage|p1a: Clodsire|51\/100\n|move|p1a: Clodsire|Recover|p1a: Clodsire\n|-heal|p1a: Clodsire|100\/100\n|\n|-damage|p2a: Shogun|0 fnt|[from] psn\n|faint|p2a: Shogun\n|\n|win|MegaDano24\n|upkeep\n|raw|MegaDano24's rating: 1328 &rarr; <strong>1348<\/strong><br \/>(+20 for winning)\n|raw|t35tt35t's rating: 1323 &rarr; <strong>1303<\/strong><br \/>(-20 for losing)\n","uploadtime":1700203080,"views":12,"p1id":"megadano24","p2id":"t35tt35t","formatid":"gen9ou","rating":1303,"private":0,"password":""}