{"id":"gen9ou-1997706369","p1":"ifrgtmypsswrd23","p2":"Mr.Pokedoctor","format":"[Gen 9] OU","log":"|j|\u2606ifrgtmypsswrd23\n|j|\u2606Mr.Pokedoctor\n|t:|1700843943\n|gametype|singles\n|player|p1|ifrgtmypsswrd23|101|1075\n|player|p2|Mr.Pokedoctor|170|1158\n|teamsize|p1|6\n|teamsize|p2|6\n|gen|9\n|tier|[Gen 9] OU\n|rated|\n|rule|Sleep Clause Mod: Limit one foe put to sleep\n|rule|Species Clause: Limit one of each Pok\u00e9mon\n|rule|OHKO Clause: OHKO moves are banned\n|rule|Evasion Items Clause: Evasion items are banned\n|rule|Evasion Moves Clause: Evasion moves are banned\n|rule|Endless Battle Clause: Forcing endless battles is banned\n|rule|HP Percentage Mod: HP is shown in percentages\n|clearpoke\n|poke|p1|Dragonite, M|\n|poke|p1|Gholdengo|\n|poke|p1|Breloom, F|\n|poke|p1|Toxapex, M|\n|poke|p1|Skeledirge, M|\n|poke|p1|Scizor, M|\n|poke|p2|Walking Wake|\n|poke|p2|Kingambit, M|\n|poke|p2|Chansey, F|\n|poke|p2|Klefki, M|\n|poke|p2|Sinistcha-Masterpiece|\n|poke|p2|Maushold-Four|\n|teampreview\n|inactive|Battle timer is ON: inactive players will automatically lose when time's up. (requested by ifrgtmypsswrd23)\n|\n|t:|1700843954\n|start\n|switch|p1a: Mr. Krabs|Gholdengo|100\/100\n|switch|p2a: Klefki|Klefki, M, shiny|100\/100\n|turn|1\n|\n|t:|1700843960\n|move|p2a: Klefki|Light Screen|p2a: Klefki\n|-sidestart|p2: Mr.Pokedoctor|move: Light Screen\n|move|p1a: Mr. Krabs|Thunder Wave|p2a: Klefki\n|-status|p2a: Klefki|par\n|\n|upkeep\n|turn|2\n|\n|t:|1700843965\n|cant|p2a: Klefki|par\n|move|p1a: Mr. Krabs|Shadow Ball|p2a: Klefki\n|-damage|p2a: Klefki|73\/100 par\n|\n|upkeep\n|turn|3\n|\n|t:|1700843970\n|move|p2a: Klefki|Reflect|p2a: Klefki\n|-sidestart|p2: Mr.Pokedoctor|Reflect\n|move|p1a: Mr. Krabs|Shadow Ball|p2a: Klefki\n|-damage|p2a: Klefki|44\/100 par\n|\n|upkeep\n|turn|4\n|\n|t:|1700843975\n|move|p2a: Klefki|Sunny Day|p2a: Klefki\n|-weather|SunnyDay\n|move|p1a: Mr. Krabs|Shadow Ball|p2a: Klefki\n|-damage|p2a: Klefki|14\/100 par\n|-unboost|p2a: Klefki|spd|1\n|\n|-weather|SunnyDay|[upkeep]\n|upkeep\n|turn|5\n|\n|t:|1700843983\n|cant|p2a: Klefki|par\n|move|p1a: Mr. Krabs|Shadow Ball|p2a: Klefki\n|-damage|p2a: Klefki|0 fnt\n|faint|p2a: Klefki\n|\n|-weather|SunnyDay|[upkeep]\n|upkeep\n|\n|t:|1700843990\n|switch|p2a: Walking Wake|Walking Wake|100\/100\n|-activate|p2a: Walking Wake|ability: Protosynthesis\n|-start|p2a: Walking Wake|protosynthesisspe\n|turn|6\n|\n|t:|1700843997\n|-terastallize|p1a: Mr. Krabs|Ghost\n|move|p2a: Walking Wake|Flamethrower|p1a: Mr. Krabs\n|-damage|p1a: Mr. Krabs|38\/100\n|move|p1a: Mr. Krabs|Shadow Ball|p2a: Walking Wake\n|-damage|p2a: Walking Wake|61\/100\n|\n|-weather|SunnyDay|[upkeep]\n|-heal|p1a: Mr. Krabs|44\/100|[from] item: Leftovers\n|upkeep\n|turn|7\n|\n|t:|1700844008\n|-end|p2a: Walking Wake|Protosynthesis|[silent]\n|switch|p2a: Chansey|Chansey, F, shiny|100\/100\n|switch|p1a: 2ndNailintheCoffin|Toxapex, M|100\/100\n|\n|-weather|SunnyDay|[upkeep]\n|upkeep\n|turn|8\n|\n|t:|1700844020\n|switch|p1a: GOD`S DEAD|Breloom, F|100\/100\n|move|p2a: Chansey|Thunder Wave|p1a: GOD`S DEAD\n|-status|p1a: GOD`S DEAD|par\n|\n|-weather|none\n|-sideend|p2: Mr.Pokedoctor|move: Light Screen\n|upkeep\n|turn|9\n|\n|t:|1700844027\n|switch|p2a: Sinistcha|Sinistcha-Masterpiece, shiny|100\/100\n|move|p1a: GOD`S DEAD|Spore|p2a: Sinistcha\n|-immune|p2a: Sinistcha\n|\n|upkeep\n|turn|10\n|-message|ifrgtmypsswrd23 forfeited.\n|\n|win|Mr.Pokedoctor\n|raw|ifrgtmypsswrd23's rating: 1075 &rarr; <strong>1059<\/strong><br \/>(-16 for losing)\n|raw|Mr.Pokedoctor's rating: 1158 &rarr; <strong>1177<\/strong><br \/>(+19 for winning)\n|l|\u2606ifrgtmypsswrd23\n","uploadtime":1700844076,"views":19,"p1id":"ifrgtmypsswrd23","p2id":"mrpokedoctor","formatid":"gen9ou","rating":1059,"private":0,"password":""}