{"id":"gen9ou-1988681994","p1":"Pokedrew4747","p2":"aaronchenx","format":"[Gen 9] OU","log":"|j|\u2606Pokedrew4747\n|j|\u2606aaronchenx\n|t:|1699750035\n|gametype|singles\n|player|p1|Pokedrew4747|clown|1015\n|player|p2|aaronchenx|170|1000\n|teamsize|p1|6\n|teamsize|p2|6\n|gen|9\n|tier|[Gen 9] OU\n|rated|\n|rule|Sleep Clause Mod: Limit one foe put to sleep\n|rule|Species Clause: Limit one of each Pok\u00e9mon\n|rule|OHKO Clause: OHKO moves are banned\n|rule|Evasion Items Clause: Evasion items are banned\n|rule|Evasion Moves Clause: Evasion moves are banned\n|rule|Endless Battle Clause: Forcing endless battles is banned\n|rule|HP Percentage Mod: HP is shown in percentages\n|clearpoke\n|poke|p1|Dudunsparce-*, F|\n|poke|p1|Toxicroak, M|\n|poke|p1|Shaymin|\n|poke|p1|Walking Wake|\n|poke|p1|Greninja-*, M|\n|poke|p1|Arcanine-Hisui, M|\n|poke|p2|Vivillon, M|\n|poke|p2|Haxorus, M|\n|poke|p2|Hatterene, F|\n|poke|p2|Conkeldurr, M|\n|poke|p2|Grimmsnarl, M|\n|poke|p2|Amoonguss, M|\n|teampreview\n|\n|t:|1699750046\n|start\n|switch|p1a: Shaymin|Shaymin, shiny|100\/100\n|switch|p2a: Grimmsnarl|Grimmsnarl, M, shiny|100\/100\n|turn|1\n|\n|t:|1699750059\n|move|p2a: Grimmsnarl|Reflect|p2a: Grimmsnarl\n|-sidestart|p2: aaronchenx|Reflect\n|move|p1a: Shaymin|Substitute|p1a: Shaymin\n|-start|p1a: Shaymin|Substitute\n|-damage|p1a: Shaymin|76\/100\n|\n|-heal|p1a: Shaymin|82\/100|[from] item: Leftovers\n|upkeep\n|turn|2\n|\n|t:|1699750066\n|move|p2a: Grimmsnarl|Light Screen|p2a: Grimmsnarl\n|-sidestart|p2: aaronchenx|move: Light Screen\n|move|p1a: Shaymin|Leech Seed|p2a: Grimmsnarl\n|-start|p2a: Grimmsnarl|move: Leech Seed\n|\n|-heal|p1a: Shaymin|88\/100|[from] item: Leftovers\n|-damage|p2a: Grimmsnarl|88\/100|[from] Leech Seed|[of] p1a: Shaymin\n|-heal|p1a: Shaymin|99\/100|[silent]\n|upkeep\n|turn|3\n|\n|t:|1699750084\n|switch|p2a: Conkeldurr|Conkeldurr, M|100\/100\n|move|p1a: Shaymin|Seed Flare|p2a: Conkeldurr|[miss]\n|-miss|p1a: Shaymin|p2a: Conkeldurr\n|\n|-heal|p1a: Shaymin|100\/100|[from] item: Leftovers\n|upkeep\n|turn|4\n|\n|t:|1699750092\n|move|p1a: Shaymin|Leech Seed|p2a: Conkeldurr\n|-start|p2a: Conkeldurr|move: Leech Seed\n|move|p2a: Conkeldurr|Bulk Up|p2a: Conkeldurr\n|-boost|p2a: Conkeldurr|atk|1\n|-boost|p2a: Conkeldurr|def|1\n|\n|-damage|p2a: Conkeldurr|88\/100|[from] Leech Seed|[of] p1a: Shaymin\n|upkeep\n|turn|5\n|\n|t:|1699750100\n|move|p1a: Shaymin|Seed Flare|p2a: Conkeldurr|[miss]\n|-miss|p1a: Shaymin|p2a: Conkeldurr\n|move|p2a: Conkeldurr|Ice Punch|p1a: Shaymin\n|-supereffective|p1a: Shaymin\n|-end|p1a: Shaymin|Substitute\n|\n|-heal|p2a: Conkeldurr|94\/100|[from] item: Leftovers\n|-damage|p2a: Conkeldurr|82\/100|[from] Leech Seed|[of] p1a: Shaymin\n|-sideend|p2: aaronchenx|Reflect\n|upkeep\n|turn|6\n|\n|t:|1699750109\n|move|p1a: Shaymin|Substitute|p1a: Shaymin\n|-start|p1a: Shaymin|Substitute\n|-damage|p1a: Shaymin|76\/100\n|move|p2a: Conkeldurr|Ice Punch|p1a: Shaymin\n|-supereffective|p1a: Shaymin\n|-end|p1a: Shaymin|Substitute\n|\n|-heal|p1a: Shaymin|82\/100|[from] item: Leftovers\n|-heal|p2a: Conkeldurr|88\/100|[from] item: Leftovers\n|-damage|p2a: Conkeldurr|76\/100|[from] Leech Seed|[of] p1a: Shaymin\n|-heal|p1a: Shaymin|94\/100|[silent]\n|-sideend|p2: aaronchenx|move: Light Screen\n|upkeep\n|turn|7\n|\n|t:|1699750119\n|move|p1a: Shaymin|Substitute|p1a: Shaymin\n|-start|p1a: Shaymin|Substitute\n|-damage|p1a: Shaymin|69\/100\n|move|p2a: Conkeldurr|Ice Punch|p1a: Shaymin\n|-supereffective|p1a: Shaymin\n|-end|p1a: Shaymin|Substitute\n|\n|-heal|p1a: Shaymin|75\/100|[from] item: Leftovers\n|-heal|p2a: Conkeldurr|82\/100|[from] item: Leftovers\n|-damage|p2a: Conkeldurr|70\/100|[from] Leech Seed|[of] p1a: Shaymin\n|-heal|p1a: Shaymin|87\/100|[silent]\n|upkeep\n|turn|8\n|\n|t:|1699750130\n|move|p1a: Shaymin|Substitute|p1a: Shaymin\n|-start|p1a: Shaymin|Substitute\n|-damage|p1a: Shaymin|62\/100\n|move|p2a: Conkeldurr|Ice Punch|p1a: Shaymin\n|-supereffective|p1a: Shaymin\n|-end|p1a: Shaymin|Substitute\n|\n|-heal|p1a: Shaymin|68\/100|[from] item: Leftovers\n|-heal|p2a: Conkeldurr|76\/100|[from] item: Leftovers\n|-damage|p2a: Conkeldurr|64\/100|[from] Leech Seed|[of] p1a: Shaymin\n|-heal|p1a: Shaymin|81\/100|[silent]\n|upkeep\n|turn|9\n|\n|t:|1699750144\n|move|p1a: Shaymin|Substitute|p1a: Shaymin\n|-start|p1a: Shaymin|Substitute\n|-damage|p1a: Shaymin|56\/100\n|move|p2a: Conkeldurr|Bulk Up|p2a: Conkeldurr\n|-boost|p2a: Conkeldurr|atk|1\n|-boost|p2a: Conkeldurr|def|1\n|\n|-heal|p1a: Shaymin|62\/100|[from] item: Leftovers\n|-heal|p2a: Conkeldurr|70\/100|[from] item: Leftovers\n|-damage|p2a: Conkeldurr|57\/100|[from] Leech Seed|[of] p1a: Shaymin\n|-heal|p1a: Shaymin|74\/100|[silent]\n|upkeep\n|turn|10\n|\n|t:|1699750160\n|move|p1a: Shaymin|Seed Flare|p2a: Conkeldurr\n|-damage|p2a: Conkeldurr|0 fnt\n|faint|p2a: Conkeldurr\n|\n|-heal|p1a: Shaymin|80\/100|[from] item: Leftovers\n|upkeep\n|\n|t:|1699750166\n|switch|p2a: Grimmsnarl|Grimmsnarl, M, shiny|88\/100\n|turn|11\n|\n|t:|1699750170\n|move|p2a: Grimmsnarl|Reflect|p2a: Grimmsnarl\n|-sidestart|p2: aaronchenx|Reflect\n|move|p1a: Shaymin|Leech Seed|p2a: Grimmsnarl\n|-start|p2a: Grimmsnarl|move: Leech Seed\n|\n|-heal|p1a: Shaymin|86\/100|[from] item: Leftovers\n|-damage|p2a: Grimmsnarl|75\/100|[from] Leech Seed|[of] p1a: Shaymin\n|-heal|p1a: Shaymin|98\/100|[silent]\n|upkeep\n|turn|12\n|\n|t:|1699750181\n|move|p2a: Grimmsnarl|Light Screen|p2a: Grimmsnarl\n|-sidestart|p2: aaronchenx|move: Light Screen\n|move|p1a: Shaymin|Grass Knot|p2a: Grimmsnarl\n|-damage|p2a: Grimmsnarl|52\/100\n|\n|-heal|p1a: Shaymin|100\/100|[from] item: Leftovers\n|-damage|p2a: Grimmsnarl|40\/100|[from] Leech Seed|[of] p1a: Shaymin\n|upkeep\n|turn|13\n|\n|t:|1699750190\n|move|p1a: Shaymin|Seed Flare|p2a: Grimmsnarl\n|-damage|p2a: Grimmsnarl|7\/100\n|move|p2a: Grimmsnarl|Ice Punch|p1a: Shaymin\n|-supereffective|p1a: Shaymin\n|-end|p1a: Shaymin|Substitute\n|\n|-damage|p2a: Grimmsnarl|0 fnt|[from] Leech Seed|[of] p1a: Shaymin\n|faint|p2a: Grimmsnarl\n|upkeep\n|\n|t:|1699750200\n|switch|p2a: Haxorus|Haxorus, M|100\/100\n|turn|14\n|\n|t:|1699750210\n|move|p2a: Haxorus|Earthquake|p1a: Shaymin\n|-resisted|p1a: Shaymin\n|-damage|p1a: Shaymin|79\/100\n|-damage|p2a: Haxorus|91\/100|[from] item: Life Orb\n|move|p1a: Shaymin|Substitute|p1a: Shaymin\n|-start|p1a: Shaymin|Substitute\n|-damage|p1a: Shaymin|54\/100\n|\n|-heal|p1a: Shaymin|60\/100|[from] item: Leftovers\n|upkeep\n|turn|15\n|\n|t:|1699750220\n|move|p2a: Haxorus|Close Combat|p1a: Shaymin\n|-end|p1a: Shaymin|Substitute\n|-unboost|p2a: Haxorus|def|1\n|-unboost|p2a: Haxorus|spd|1\n|-damage|p2a: Haxorus|81\/100|[from] item: Life Orb\n|move|p1a: Shaymin|Leech Seed|p2a: Haxorus\n|-start|p2a: Haxorus|move: Leech Seed\n|\n|-heal|p1a: Shaymin|66\/100|[from] item: Leftovers\n|-damage|p2a: Haxorus|68\/100|[from] Leech Seed|[of] p1a: Shaymin\n|-heal|p1a: Shaymin|77\/100|[silent]\n|-sideend|p2: aaronchenx|Reflect\n|upkeep\n|turn|16\n|\n|t:|1699750232\n|move|p2a: Haxorus|Close Combat|p1a: Shaymin\n|-damage|p1a: Shaymin|22\/100\n|-unboost|p2a: Haxorus|def|1\n|-unboost|p2a: Haxorus|spd|1\n|-damage|p2a: Haxorus|58\/100|[from] item: Life Orb\n|move|p1a: Shaymin|Substitute|p1a: Shaymin\n|-fail|p1a: Shaymin|move: Substitute|[weak]\n|\n|-heal|p1a: Shaymin|28\/100|[from] item: Leftovers\n|-damage|p2a: Haxorus|46\/100|[from] Leech Seed|[of] p1a: Shaymin\n|-heal|p1a: Shaymin|39\/100|[silent]\n|-sideend|p2: aaronchenx|move: Light Screen\n|upkeep\n|turn|17\n|\n|t:|1699750257\n|move|p2a: Haxorus|Outrage|p1a: Shaymin\n|-damage|p1a: Shaymin|0 fnt\n|faint|p1a: Shaymin\n|-damage|p2a: Haxorus|36\/100|[from] item: Life Orb\n|\n|upkeep\n|\n|t:|1699750271\n|switch|p1a: Greninja|Greninja, M|100\/100\n|turn|18\n|\n|t:|1699750279\n|move|p1a: Greninja|Night Slash|p2a: Haxorus\n|-damage|p2a: Haxorus|0 fnt\n|faint|p2a: Haxorus\n|-ability|p1a: Greninja|Battle Bond|boost\n|-boost|p1a: Greninja|atk|1\n|-boost|p1a: Greninja|spa|1\n|-boost|p1a: Greninja|spe|1\n|-activate|p1a: Greninja|ability: Battle Bond\n|\n|upkeep\n|\n|t:|1699750289\n|switch|p2a: Amoonguss|Amoonguss, M|100\/100\n|turn|19\n|c|\u2606Pokedrew4747|sussy?\n|\n|t:|1699750301\n|switch|p1a: Dudunsparce|Dudunsparce-Three-Segment, F|100\/100\n|move|p2a: Amoonguss|Spore|p1a: Dudunsparce\n|-status|p1a: Dudunsparce|slp|[from] move: Spore\n|\n|upkeep\n|turn|20\n|\n|t:|1699750313\n|cant|p1a: Dudunsparce|slp\n|move|p2a: Amoonguss|Toxic||[still]\n|-fail|p2a: Amoonguss\n|\n|upkeep\n|turn|21\n|\n|t:|1699750325\n|-curestatus|p1a: Dudunsparce|slp|[msg]\n|move|p1a: Dudunsparce|Air Slash|p2a: Amoonguss\n|-supereffective|p2a: Amoonguss\n|-damage|p2a: Amoonguss|72\/100\n|cant|p2a: Amoonguss|flinch\n|\n|-heal|p2a: Amoonguss|78\/100|[from] item: Leftovers\n|upkeep\n|turn|22\n|\n|t:|1699750334\n|move|p1a: Dudunsparce|Air Slash|p2a: Amoonguss\n|-supereffective|p2a: Amoonguss\n|-damage|p2a: Amoonguss|50\/100\n|cant|p2a: Amoonguss|flinch\n|\n|-heal|p2a: Amoonguss|57\/100|[from] item: Leftovers\n|upkeep\n|turn|23\n|\n|t:|1699750340\n|move|p1a: Dudunsparce|Air Slash|p2a: Amoonguss\n|-supereffective|p2a: Amoonguss\n|-damage|p2a: Amoonguss|25\/100\n|move|p2a: Amoonguss|Spore|p1a: Dudunsparce\n|-status|p1a: Dudunsparce|slp|[from] move: Spore\n|\n|-heal|p2a: Amoonguss|32\/100|[from] item: Leftovers\n|upkeep\n|turn|24\n|-activate|p1a: Dudunsparce|item: Quick Claw\n|\n|t:|1699750351\n|switch|p2a: Vivillon|Vivillon, M|100\/100\n|cant|p1a: Dudunsparce|slp\n|\n|upkeep\n|turn|25\n|\n|t:|1699750360\n|move|p2a: Vivillon|Quiver Dance|p2a: Vivillon\n|-boost|p2a: Vivillon|spa|1\n|-boost|p2a: Vivillon|spd|1\n|-boost|p2a: Vivillon|spe|1\n|-curestatus|p1a: Dudunsparce|slp|[msg]\n|move|p1a: Dudunsparce|Rock Slide|p2a: Vivillon\n|-supereffective|p2a: Vivillon\n|-damage|p2a: Vivillon|0 fnt\n|faint|p2a: Vivillon\n|\n|upkeep\n|\n|t:|1699750381\n|switch|p2a: Hatterene|Hatterene, F|100\/100\n|turn|26\n|-message|aaronchenx forfeited.\n|\n|win|Pokedrew4747\n|raw|Pokedrew4747's rating: 1015 &rarr; <strong>1051<\/strong><br \/>(+36 for winning)\n|raw|aaronchenx's rating: 1000 &rarr; <strong>1000<\/strong><br \/>(+0 for losing)\n|l|\u2606aaronchenx\n","uploadtime":1699750440,"views":8,"p1id":"pokedrew4747","p2id":"aaronchenx","formatid":"gen9ou","rating":1000,"private":0,"password":""}