{"id":"gen9ou-1989964553","p1":"xernn","p2":"PLAYB0I R0BBIE B","format":"[Gen 9] OU","log":"|j|\u2606xernn\n|j|\u2606PLAYB0I R0BBIE B\n|t:|1699910749\n|gametype|singles\n|player|p1|xernn|iris-gen5bw2|1347\n|player|p2|PLAYB0I R0BBIE B|eusine|1373\n|teamsize|p1|6\n|teamsize|p2|6\n|gen|9\n|tier|[Gen 9] OU\n|rated|\n|rule|Sleep Clause Mod: Limit one foe put to sleep\n|rule|Species Clause: Limit one of each Pok\u00e9mon\n|rule|OHKO Clause: OHKO moves are banned\n|rule|Evasion Items Clause: Evasion items are banned\n|rule|Evasion Moves Clause: Evasion moves are banned\n|rule|Endless Battle Clause: Forcing endless battles is banned\n|rule|HP Percentage Mod: HP is shown in percentages\n|clearpoke\n|poke|p1|Cloyster, F|\n|poke|p1|Polteageist-Antique|\n|poke|p1|Drednaw, M|\n|poke|p1|Cinderace, F|\n|poke|p1|Indeedee, M|\n|poke|p1|Hatterene, F|\n|poke|p2|Glimmora, F|\n|poke|p2|Meowscarada, F|\n|poke|p2|Thundurus-Therian, M|\n|poke|p2|Dragapult, F|\n|poke|p2|Heatran, F|\n|poke|p2|Great Tusk|\n|teampreview\n|inactive|Battle timer is ON: inactive players will automatically lose when time's up. (requested by xernn)\n|\n|t:|1699910755\n|start\n|switch|p1a: Cinderace|Cinderace, F|100\/100\n|switch|p2a: Meowscarada|Meowscarada, F|100\/100\n|turn|1\n|\n|t:|1699910762\n|move|p2a: Meowscarada|U-turn|p1a: Cinderace\n|-start|p2a: Meowscarada|typechange|Bug|[from] ability: Protean\n|-resisted|p1a: Cinderace\n|-damage|p1a: Cinderace|67\/100\n|\n|t:|1699910766\n|switch|p2a: Heatran|Heatran, F|100\/100|[from] U-turn\n|-item|p2a: Heatran|Air Balloon\n|move|p1a: Cinderace|U-turn|p2a: Heatran\n|-start|p1a: Cinderace|typechange|Bug|[from] ability: Libero\n|-resisted|p2a: Heatran\n|-damage|p2a: Heatran|93\/100\n|-enditem|p2a: Heatran|Air Balloon\n|\n|t:|1699910783\n|switch|p1a: Hatterene|Hatterene, F|100\/100|[from] U-turn\n|\n|upkeep\n|turn|2\n|\n|t:|1699910789\n|move|p2a: Heatran|Taunt|p1a: Hatterene\n|move|p1a: Hatterene|Taunt|p2a: Heatran|[from]ability: Magic Bounce\n|-start|p2a: Heatran|move: Taunt\n|move|p1a: Hatterene|Nuzzle|p2a: Heatran\n|-damage|p2a: Heatran|89\/100\n|-status|p2a: Heatran|par\n|\n|upkeep\n|turn|3\n|\n|t:|1699910799\n|switch|p2a: Glimmora|Glimmora, F|100\/100\n|move|p1a: Hatterene|Calm Mind|p1a: Hatterene\n|-boost|p1a: Hatterene|spa|1\n|-boost|p1a: Hatterene|spd|1\n|\n|upkeep\n|turn|4\n|\n|t:|1699910803\n|move|p2a: Glimmora|Mortal Spin|p1a: Hatterene\n|-supereffective|p1a: Hatterene\n|-crit|p1a: Hatterene\n|-damage|p1a: Hatterene|84\/100\n|-status|p1a: Hatterene|psn\n|move|p1a: Hatterene|Stored Power|p2a: Glimmora\n|-supereffective|p2a: Glimmora\n|-crit|p2a: Glimmora\n|-enditem|p2a: Glimmora|Focus Sash\n|-damage|p2a: Glimmora|1\/100\n|\n|-heal|p1a: Hatterene|90\/100 psn|[from] item: Leftovers\n|-damage|p1a: Hatterene|78\/100 psn|[from] psn\n|upkeep\n|turn|5\n|\n|t:|1699910819\n|move|p2a: Glimmora|Earth Power|p1a: Hatterene\n|-damage|p1a: Hatterene|57\/100 psn\n|move|p1a: Hatterene|Draining Kiss|p2a: Glimmora\n|-resisted|p2a: Glimmora\n|-damage|p2a: Glimmora|0 fnt\n|-heal|p1a: Hatterene|58\/100 psn|[from] drain|[of] p2a: Glimmora\n|faint|p2a: Glimmora\n|\n|-heal|p1a: Hatterene|64\/100 psn|[from] item: Leftovers\n|-damage|p1a: Hatterene|51\/100 psn|[from] psn\n|upkeep\n|\n|t:|1699910822\n|switch|p2a: Meowscarada|Meowscarada, F|100\/100\n|turn|6\n|\n|t:|1699910830\n|switch|p1a: Cinderace|Cinderace, F|67\/100\n|move|p2a: Meowscarada|Knock Off|p1a: Cinderace\n|-start|p2a: Meowscarada|typechange|Dark|[from] ability: Protean\n|-damage|p1a: Cinderace|0 fnt\n|-enditem|p1a: Cinderace|Heavy-Duty Boots|[from] move: Knock Off|[of] p2a: Meowscarada\n|faint|p1a: Cinderace\n|\n|upkeep\n|\n|t:|1699910836\n|switch|p1a: Indeedee|Indeedee, M|100\/100\n|-fieldstart|move: Psychic Terrain|[from] ability: Psychic Surge|[of] p1a: Indeedee\n|turn|7\n|\n|t:|1699910842\n|switch|p1a: Hatterene|Hatterene, F|51\/100 psn\n|move|p2a: Meowscarada|Knock Off|p1a: Hatterene\n|-damage|p1a: Hatterene|0 fnt\n|-enditem|p1a: Hatterene|Leftovers|[from] move: Knock Off|[of] p2a: Meowscarada\n|faint|p1a: Hatterene\n|\n|upkeep\n|\n|t:|1699910850\n|switch|p1a: Cloyster|Cloyster, F|100\/100\n|turn|8\n|\n|t:|1699910855\n|switch|p2a: Heatran|Heatran, F|89\/100 par\n|move|p1a: Cloyster|Shell Smash|p1a: Cloyster\n|-unboost|p1a: Cloyster|def|1\n|-unboost|p1a: Cloyster|spd|1\n|-boost|p1a: Cloyster|atk|2\n|-boost|p1a: Cloyster|spa|2\n|-boost|p1a: Cloyster|spe|2\n|\n|upkeep\n|turn|9\n|\n|t:|1699910861\n|move|p1a: Cloyster|Rock Blast|p2a: Heatran\n|-damage|p2a: Heatran|75\/100 par\n|-damage|p2a: Heatran|61\/100 par\n|-damage|p2a: Heatran|46\/100 par\n|-damage|p2a: Heatran|32\/100 par\n|-damage|p2a: Heatran|18\/100 par\n|-hitcount|p2a: Heatran|5\n|move|p2a: Heatran|Stealth Rock|p1a: Cloyster\n|-sidestart|p1: xernn|move: Stealth Rock\n|\n|upkeep\n|turn|10\n|\n|t:|1699910872\n|move|p1a: Cloyster|Icicle Spear|p2a: Heatran\n|-resisted|p2a: Heatran\n|-damage|p2a: Heatran|13\/100 par\n|-resisted|p2a: Heatran\n|-damage|p2a: Heatran|7\/100 par\n|-resisted|p2a: Heatran\n|-damage|p2a: Heatran|2\/100 par\n|-resisted|p2a: Heatran\n|-damage|p2a: Heatran|0 fnt\n|faint|p2a: Heatran\n|-hitcount|p2: Heatran|4\n|\n|upkeep\n|\n|t:|1699910883\n|switch|p2a: Thundurus|Thundurus-Therian, M|100\/100\n|turn|11\n|\n|t:|1699910891\n|move|p1a: Cloyster|Icicle Spear|p2a: Thundurus\n|-supereffective|p2a: Thundurus\n|-damage|p2a: Thundurus|24\/100\n|-supereffective|p2a: Thundurus\n|-damage|p2a: Thundurus|0 fnt\n|faint|p2a: Thundurus\n|-hitcount|p2: Thundurus|2\n|\n|upkeep\n|\n|t:|1699910893\n|switch|p2a: Great Tusk|Great Tusk|100\/100\n|turn|12\n|\n|t:|1699910900\n|-terastallize|p2a: Great Tusk|Poison\n|move|p1a: Cloyster|Icicle Spear|p2a: Great Tusk\n|-damage|p2a: Great Tusk|82\/100\n|-damage|p2a: Great Tusk|66\/100\n|-damage|p2a: Great Tusk|49\/100\n|-damage|p2a: Great Tusk|31\/100\n|-damage|p2a: Great Tusk|13\/100\n|-hitcount|p2a: Great Tusk|5\n|move|p2a: Great Tusk|Ice Spinner|p1a: Cloyster\n|-resisted|p1a: Cloyster\n|-damage|p1a: Cloyster|91\/100\n|-fieldend|move: Psychic Terrain\n|\n|upkeep\n|turn|13\n|\n|t:|1699910910\n|move|p1a: Cloyster|Icicle Spear|p2a: Great Tusk\n|-damage|p2a: Great Tusk|0 fnt\n|faint|p2a: Great Tusk\n|-end|p2a: Great Tusk|Protosynthesis|[silent]\n|-hitcount|p2: Great Tusk|1\n|\n|upkeep\n|\n|t:|1699910912\n|switch|p2a: Meowscarada|Meowscarada, F|100\/100\n|turn|14\n|\n|t:|1699910916\n|move|p1a: Cloyster|Shell Smash|p1a: Cloyster\n|-unboost|p1a: Cloyster|def|1\n|-unboost|p1a: Cloyster|spd|1\n|-boost|p1a: Cloyster|atk|2\n|-boost|p1a: Cloyster|spa|2\n|-boost|p1a: Cloyster|spe|2\n|move|p2a: Meowscarada|Flower Trick|p1a: Cloyster\n|-start|p2a: Meowscarada|typechange|Grass|[from] ability: Protean\n|-supereffective|p1a: Cloyster\n|-crit|p1a: Cloyster\n|-damage|p1a: Cloyster|0 fnt\n|faint|p1a: Cloyster\n|\n|upkeep\n|\n|t:|1699910921\n|switch|p1a: Indeedee|Indeedee, M|100\/100\n|-damage|p1a: Indeedee|88\/100|[from] Stealth Rock\n|-fieldstart|move: Psychic Terrain|[from] ability: Psychic Surge|[of] p1a: Indeedee\n|turn|15\n|\n|t:|1699910926\n|move|p2a: Meowscarada|Flower Trick|p1a: Indeedee\n|-crit|p1a: Indeedee\n|-damage|p1a: Indeedee|0 fnt\n|faint|p1a: Indeedee\n|\n|upkeep\n|\n|t:|1699910929\n|switch|p1a: Polteageist|Polteageist-Antique|100\/100\n|-damage|p1a: Polteageist|88\/100|[from] Stealth Rock\n|turn|16\n|\n|t:|1699910933\n|-terastallize|p1a: Polteageist|Grass\n|move|p2a: Meowscarada|Flower Trick|p1a: Polteageist\n|-resisted|p1a: Polteageist\n|-crit|p1a: Polteageist\n|-damage|p1a: Polteageist|22\/100\n|-ability|p1a: Polteageist|Weak Armor|boost\n|-unboost|p1a: Polteageist|def|1\n|-boost|p1a: Polteageist|spe|2\n|move|p1a: Polteageist|Shell Smash|p1a: Polteageist\n|-unboost|p1a: Polteageist|def|1\n|-unboost|p1a: Polteageist|spd|1\n|-boost|p1a: Polteageist|atk|2\n|-boost|p1a: Polteageist|spa|2\n|-boost|p1a: Polteageist|spe|2\n|\n|upkeep\n|turn|17\n|\n|t:|1699910948\n|switch|p2a: Dragapult|Dragapult, F|100\/100\n|move|p1a: Polteageist|Shadow Ball|p2a: Dragapult\n|-supereffective|p2a: Dragapult\n|-damage|p2a: Dragapult|0 fnt\n|faint|p2a: Dragapult\n|\n|upkeep\n|\n|t:|1699910950\n|switch|p2a: Meowscarada|Meowscarada, F|100\/100\n|turn|18\n|\n|t:|1699910957\n|move|p1a: Polteageist|Shadow Ball|p2a: Meowscarada\n|-resisted|p2a: Meowscarada\n|-damage|p2a: Meowscarada|31\/100\n|move|p2a: Meowscarada|Flower Trick|p1a: Polteageist\n|-start|p2a: Meowscarada|typechange|Grass|[from] ability: Protean\n|-resisted|p1a: Polteageist\n|-crit|p1a: Polteageist\n|-damage|p1a: Polteageist|0 fnt\n|faint|p1a: Polteageist\n|\n|upkeep\n|\n|t:|1699910963\n|switch|p1a: Drednaw|Drednaw, M|100\/100\n|-damage|p1a: Drednaw|88\/100|[from] Stealth Rock\n|turn|19\n|\n|t:|1699910965\n|move|p2a: Meowscarada|Flower Trick|p1a: Drednaw\n|-supereffective|p1a: Drednaw\n|-crit|p1a: Drednaw\n|-damage|p1a: Drednaw|0 fnt\n|faint|p1a: Drednaw\n|\n|win|PLAYB0I R0BBIE B\n|raw|xernn's rating: 1347 &rarr; <strong>1328<\/strong><br \/>(-19 for losing)\n|raw|PLAYB0I R0BBIE B's rating: 1373 &rarr; <strong>1392<\/strong><br \/>(+19 for winning)\n|c|\u2606xernn|gg\n|l|\u2606xernn\n|c|\u2606PLAYB0I R0BBIE B|gg\n","uploadtime":1699910972,"views":9,"p1id":"xernn","p2id":"playb0ir0bbieb","formatid":"gen9ou","rating":1328,"private":0,"password":""}