{"id":"gen9ou-1992848194","p1":"Woopertrooper905","p2":"Notnano","format":"[Gen 9] OU","log":"|j|\u2606Woopertrooper905\n|j|\u2606Notnano\n|t:|1700240666\n|gametype|singles\n|player|p1|Woopertrooper905|102|1064\n|player|p2|Notnano|ethan-gen2|1112\n|teamsize|p1|6\n|teamsize|p2|6\n|gen|9\n|tier|[Gen 9] OU\n|rated|\n|rule|Sleep Clause Mod: Limit one foe put to sleep\n|rule|Species Clause: Limit one of each Pok\u00e9mon\n|rule|OHKO Clause: OHKO moves are banned\n|rule|Evasion Items Clause: Evasion items are banned\n|rule|Evasion Moves Clause: Evasion moves are banned\n|rule|Endless Battle Clause: Forcing endless battles is banned\n|rule|HP Percentage Mod: HP is shown in percentages\n|clearpoke\n|poke|p1|Torkoal, F|\n|poke|p1|Lilligant, F|\n|poke|p1|Cloyster, F|\n|poke|p1|Brute Bonnet|\n|poke|p1|Slither Wing|\n|poke|p1|Trevenant, M|\n|poke|p2|Kingambit, M|\n|poke|p2|Glimmora, F|\n|poke|p2|Zamazenta-*|\n|poke|p2|Iron Valiant|\n|poke|p2|Iron Moth|\n|poke|p2|Ogerpon-Wellspring, F|\n|teampreview\n|inactive|Battle timer is ON: inactive players will automatically lose when time's up. (requested by Notnano)\n|\n|t:|1700240689\n|start\n|switch|p1a: Bowser|Torkoal, F|100\/100\n|switch|p2a: Iron Moth|Iron Moth|100\/100\n|-weather|SunnyDay|[from] ability: Drought|[of] p1a: Bowser\n|-enditem|p2a: Iron Moth|Booster Energy\n|-activate|p2a: Iron Moth|ability: Quark Drive|[fromitem]\n|-start|p2a: Iron Moth|quarkdrivespe\n|turn|1\n|\n|t:|1700240700\n|move|p2a: Iron Moth|Substitute|p2a: Iron Moth\n|-start|p2a: Iron Moth|Substitute\n|-damage|p2a: Iron Moth|76\/100\n|move|p1a: Bowser|Yawn||[still]\n|-fail|p1a: Bowser\n|\n|-weather|SunnyDay|[upkeep]\n|upkeep\n|turn|2\n|\n|t:|1700240717\n|move|p2a: Iron Moth|Fiery Dance|p1a: Bowser\n|-resisted|p1a: Bowser\n|-damage|p1a: Bowser|72\/100\n|-boost|p2a: Iron Moth|spa|1\n|move|p1a: Bowser|Stealth Rock|p2a: Iron Moth\n|-sidestart|p2: Notnano|move: Stealth Rock\n|\n|-weather|SunnyDay|[upkeep]\n|upkeep\n|turn|3\n|\n|t:|1700240725\n|move|p2a: Iron Moth|Fiery Dance|p1a: Bowser\n|-resisted|p1a: Bowser\n|-damage|p1a: Bowser|31\/100\n|move|p1a: Bowser|Lava Plume|p2a: Iron Moth\n|-resisted|p2a: Iron Moth\n|-activate|p2a: Iron Moth|move: Substitute|[damage]\n|\n|-weather|SunnyDay|[upkeep]\n|upkeep\n|turn|4\n|\n|t:|1700240732\n|switch|p1a: Clulva|Cloyster, F|100\/100\n|move|p2a: Iron Moth|Fiery Dance|p1a: Clulva\n|-damage|p1a: Clulva|0 fnt\n|-boost|p2a: Iron Moth|spa|1\n|faint|p1a: Clulva\n|\n|-weather|SunnyDay|[upkeep]\n|upkeep\n|\n|t:|1700240744\n|switch|p1a: Tree dude|Trevenant, M|100\/100\n|turn|5\n|\n|t:|1700240749\n|move|p2a: Iron Moth|Fiery Dance|p1a: Tree dude\n|-supereffective|p1a: Tree dude\n|-damage|p1a: Tree dude|0 fnt\n|faint|p1a: Tree dude\n|\n|-weather|SunnyDay|[upkeep]\n|upkeep\n|\n|t:|1700240753\n|switch|p1a: Angry ass mushy|Brute Bonnet|100\/100\n|-activate|p1a: Angry ass mushy|ability: Protosynthesis\n|-start|p1a: Angry ass mushy|protosynthesisdef\n|turn|6\n|\n|t:|1700240761\n|move|p1a: Angry ass mushy|Sucker Punch|p2a: Iron Moth\n|-end|p2a: Iron Moth|Substitute\n|move|p2a: Iron Moth|Fiery Dance|p1a: Angry ass mushy\n|-supereffective|p1a: Angry ass mushy\n|-damage|p1a: Angry ass mushy|0 fnt\n|-boost|p2a: Iron Moth|spa|1\n|faint|p1a: Angry ass mushy\n|-end|p1a: Angry ass mushy|Protosynthesis|[silent]\n|\n|-weather|SunnyDay|[upkeep]\n|upkeep\n|\n|t:|1700240767\n|switch|p1a: Dancing lady|Lilligant, F, shiny|100\/100\n|turn|7\n|\n|t:|1700240773\n|move|p1a: Dancing lady|Sleep Powder|p2a: Iron Moth\n|-status|p2a: Iron Moth|slp|[from] move: Sleep Powder\n|cant|p2a: Iron Moth|slp\n|\n|-weather|SunnyDay|[upkeep]\n|upkeep\n|turn|8\n|\n|t:|1700240781\n|move|p1a: Dancing lady|Quiver Dance|p1a: Dancing lady\n|-boost|p1a: Dancing lady|spa|1\n|-boost|p1a: Dancing lady|spd|1\n|-boost|p1a: Dancing lady|spe|1\n|-curestatus|p2a: Iron Moth|slp|[msg]\n|move|p2a: Iron Moth|Substitute|p2a: Iron Moth\n|-start|p2a: Iron Moth|Substitute\n|-damage|p2a: Iron Moth|51\/100\n|\n|-weather|none\n|upkeep\n|turn|9\n|\n|t:|1700240794\n|move|p2a: Iron Moth|Fiery Dance|p1a: Dancing lady\n|-supereffective|p1a: Dancing lady\n|-damage|p1a: Dancing lady|0 fnt\n|-boost|p2a: Iron Moth|spa|1\n|faint|p1a: Dancing lady\n|\n|upkeep\n|\n|t:|1700240797\n|switch|p1a: Bowser|Torkoal, F|31\/100\n|-weather|SunnyDay|[from] ability: Drought|[of] p1a: Bowser\n|turn|10\n|\n|t:|1700240809\n|move|p2a: Iron Moth|Sludge Wave|p1a: Bowser\n|-damage|p1a: Bowser|0 fnt\n|faint|p1a: Bowser\n|\n|-weather|SunnyDay|[upkeep]\n|upkeep\n|\n|t:|1700240812\n|switch|p1a: Walkarona|Slither Wing|100\/100\n|-activate|p1a: Walkarona|ability: Protosynthesis\n|-start|p1a: Walkarona|protosynthesisatk\n|turn|11\n|\n|t:|1700240831\n|move|p2a: Iron Moth|Fiery Dance|p1a: Walkarona\n|-supereffective|p1a: Walkarona\n|-damage|p1a: Walkarona|0 fnt\n|faint|p1a: Walkarona\n|-end|p1a: Walkarona|Protosynthesis|[silent]\n|\n|win|Notnano\n|raw|Woopertrooper905's rating: 1064 &rarr; <strong>1047<\/strong><br \/>(-17 for losing)\n|raw|Notnano's rating: 1112 &rarr; <strong>1134<\/strong><br \/>(+22 for winning)\n|l|\u2606Woopertrooper905\n","uploadtime":1700240841,"views":12,"p1id":"woopertrooper905","p2id":"notnano","formatid":"gen9ou","rating":1047,"private":0,"password":""}