{"id":"gen9ou-1995967250","p1":"gaznapiront","p2":"Onte bad","format":"[Gen 9] OU","log":"|j|\u2606gaznapiront\n|j|\u2606Onte bad\n|t:|1700623152\n|gametype|singles\n|player|p1|gaznapiront|li|1100\n|player|p2|Onte bad|169|1193\n|teamsize|p1|6\n|teamsize|p2|6\n|gen|9\n|tier|[Gen 9] OU\n|rated|\n|rule|Sleep Clause Mod: Limit one foe put to sleep\n|rule|Species Clause: Limit one of each Pok\u00e9mon\n|rule|OHKO Clause: OHKO moves are banned\n|rule|Evasion Items Clause: Evasion items are banned\n|rule|Evasion Moves Clause: Evasion moves are banned\n|rule|Endless Battle Clause: Forcing endless battles is banned\n|rule|HP Percentage Mod: HP is shown in percentages\n|clearpoke\n|poke|p1|Rillaboom, F|\n|poke|p1|Zapdos|\n|poke|p1|Garganacl, M|\n|poke|p1|Dragapult, F|\n|poke|p1|Iron Moth|\n|poke|p1|Gastrodon, M|\n|poke|p2|Regidrago|\n|poke|p2|Ribombee, M|\n|poke|p2|Scizor, F|\n|poke|p2|Slowking-Galar, M|\n|poke|p2|Breloom, F|\n|poke|p2|Quaquaval, F|\n|teampreview\n|\n|t:|1700623157\n|start\n|switch|p1a: Gastrodon|Gastrodon, M|100\/100\n|switch|p2a: Scizor|Scizor, F|100\/100\n|turn|1\n|\n|t:|1700623164\n|switch|p1a: Garganacl|Garganacl, M|100\/100\n|move|p2a: Scizor|U-turn|p1a: Garganacl\n|-damage|p1a: Garganacl|65\/100\n|-damage|p2a: Scizor|84\/100|[from] item: Rocky Helmet|[of] p1a: Garganacl\n|\n|t:|1700623177\n|switch|p2a: Ribombee|Ribombee, M|100\/100|[from] U-turn\n|\n|upkeep\n|turn|2\n|\n|t:|1700623184\n|move|p2a: Ribombee|Energy Ball|p1a: Garganacl\n|-supereffective|p1a: Garganacl\n|-damage|p1a: Garganacl|27\/100\n|move|p1a: Garganacl|Salt Cure|p2a: Ribombee\n|-supereffective|p2a: Ribombee\n|-damage|p2a: Ribombee|55\/100\n|\n|upkeep\n|turn|3\n|\n|t:|1700623194\n|switch|p1a: Iron Moth|Iron Moth|100\/100\n|-enditem|p1a: Iron Moth|Booster Energy\n|-activate|p1a: Iron Moth|ability: Quark Drive|[fromitem]\n|-start|p1a: Iron Moth|quarkdrivespe\n|move|p2a: Ribombee|Sticky Web|p1a: Iron Moth\n|-sidestart|p1: gaznapiront|move: Sticky Web\n|\n|upkeep\n|turn|4\n|\n|t:|1700623202\n|move|p1a: Iron Moth|Fiery Dance|p2a: Ribombee\n|-supereffective|p2a: Ribombee\n|-damage|p2a: Ribombee|0 fnt\n|-boost|p1a: Iron Moth|spa|1\n|faint|p2a: Ribombee\n|\n|upkeep\n|\n|t:|1700623208\n|switch|p2a: Breloom|Breloom, F|100\/100\n|turn|5\n|\n|t:|1700623211\n|-terastallize|p1a: Iron Moth|Fire\n|move|p1a: Iron Moth|Fiery Dance|p2a: Breloom\n|-supereffective|p2a: Breloom\n|-enditem|p2a: Breloom|Focus Sash\n|-damage|p2a: Breloom|1\/100\n|-boost|p1a: Iron Moth|spa|1\n|move|p2a: Breloom|Rock Tomb|p1a: Iron Moth\n|-supereffective|p1a: Iron Moth\n|-damage|p1a: Iron Moth|0 fnt\n|faint|p1a: Iron Moth\n|-end|p1a: Iron Moth|Quark Drive|[silent]\n|\n|upkeep\n|\n|t:|1700623225\n|switch|p1a: Zapdos|Zapdos|100\/100\n|turn|6\n|\n|t:|1700623229\n|switch|p2a: Slowking|Slowking-Galar, M|100\/100\n|move|p1a: Zapdos|Volt Switch|p2a: Slowking\n|-damage|p2a: Slowking|85\/100\n|\n|t:|1700623234\n|switch|p1a: Rillaboom|Rillaboom, F|100\/100|[from] Volt Switch\n|-activate|p1a: Rillaboom|move: Sticky Web\n|-unboost|p1a: Rillaboom|spe|1\n|-fieldstart|move: Grassy Terrain|[from] ability: Grassy Surge|[of] p1a: Rillaboom\n|\n|-heal|p2a: Slowking|91\/100|[from] Grassy Terrain\n|upkeep\n|turn|7\n|\n|t:|1700623245\n|-terastallize|p2a: Slowking|Steel\n|move|p1a: Rillaboom|Knock Off|p2a: Slowking\n|-damage|p2a: Slowking|31\/100\n|-enditem|p2a: Slowking|Assault Vest|[from] move: Knock Off|[of] p1a: Rillaboom\n|move|p2a: Slowking|Future Sight|p1a: Rillaboom\n|-start|p2a: Slowking|move: Future Sight\n|\n|-heal|p2a: Slowking|38\/100|[from] Grassy Terrain\n|upkeep\n|turn|8\n|\n|t:|1700623253\n|switch|p2a: Scizor|Scizor, F|84\/100\n|move|p1a: Rillaboom|Knock Off|p2a: Scizor\n|-damage|p2a: Scizor|31\/100\n|-enditem|p2a: Scizor|Choice Band|[from] move: Knock Off|[of] p1a: Rillaboom\n|\n|-heal|p2a: Scizor|38\/100|[from] Grassy Terrain\n|upkeep\n|turn|9\n|\n|t:|1700623266\n|switch|p1a: Gastrodon|Gastrodon, M|100\/100\n|-activate|p1a: Gastrodon|move: Sticky Web\n|-unboost|p1a: Gastrodon|spe|1\n|move|p2a: Scizor|U-turn|p1a: Gastrodon\n|-damage|p1a: Gastrodon|56\/100\n|\n|t:|1700623277\n|switch|p2a: Quaquaval|Quaquaval, F|100\/100|[from] U-turn\n|\n|-end|p1a: Gastrodon|move: Future Sight\n|-damage|p1a: Gastrodon|16\/100\n|-heal|p1a: Gastrodon|22\/100|[from] Grassy Terrain\n|-heal|p1a: Gastrodon|28\/100|[from] item: Leftovers\n|upkeep\n|turn|10\n|\n|t:|1700623290\n|move|p2a: Quaquaval|Close Combat|p1a: Gastrodon\n|-damage|p1a: Gastrodon|0 fnt\n|-unboost|p2a: Quaquaval|def|1\n|-unboost|p2a: Quaquaval|spd|1\n|faint|p1a: Gastrodon\n|-ability|p2a: Quaquaval|Moxie|boost\n|-boost|p2a: Quaquaval|atk|1\n|\n|-fieldend|move: Grassy Terrain\n|upkeep\n|\n|t:|1700623299\n|switch|p1a: Rillaboom|Rillaboom, F|100\/100\n|-activate|p1a: Rillaboom|move: Sticky Web\n|-unboost|p1a: Rillaboom|spe|1\n|-fieldstart|move: Grassy Terrain|[from] ability: Grassy Surge|[of] p1a: Rillaboom\n|turn|11\n|\n|t:|1700623308\n|switch|p2a: Slowking|Slowking-Galar, M, tera:Steel|71\/100\n|move|p1a: Rillaboom|Wood Hammer|p2a: Slowking\n|-resisted|p2a: Slowking\n|-crit|p2a: Slowking\n|-damage|p2a: Slowking|0 fnt\n|faint|p2a: Slowking\n|-damage|p1a: Rillaboom|74\/100|[from] Recoil\n|\n|-heal|p1a: Rillaboom|80\/100|[from] Grassy Terrain\n|upkeep\n|\n|t:|1700623313\n|switch|p2a: Scizor|Scizor, F|38\/100\n|turn|12\n|\n|t:|1700623321\n|switch|p1a: Garganacl|Garganacl, M|27\/100\n|-activate|p1a: Garganacl|move: Sticky Web\n|-unboost|p1a: Garganacl|spe|1\n|move|p2a: Scizor|U-turn|p1a: Garganacl\n|-damage|p1a: Garganacl|2\/100\n|-damage|p2a: Scizor|21\/100|[from] item: Rocky Helmet|[of] p1a: Garganacl\n|\n|t:|1700623325\n|switch|p2a: Quaquaval|Quaquaval, F|100\/100|[from] U-turn\n|\n|-heal|p1a: Garganacl|8\/100|[from] Grassy Terrain\n|upkeep\n|turn|13\n|\n|t:|1700623333\n|move|p2a: Quaquaval|Aqua Step|p1a: Garganacl\n|-supereffective|p1a: Garganacl\n|-damage|p1a: Garganacl|0 fnt\n|-boost|p2a: Quaquaval|spe|1\n|-damage|p2a: Quaquaval|84\/100|[from] item: Rocky Helmet|[of] p1a: Garganacl\n|faint|p1a: Garganacl\n|-ability|p2a: Quaquaval|Moxie|boost\n|-boost|p2a: Quaquaval|atk|1\n|\n|-heal|p2a: Quaquaval|90\/100|[from] Grassy Terrain\n|upkeep\n|\n|t:|1700623342\n|switch|p1a: Rillaboom|Rillaboom, F|80\/100\n|-activate|p1a: Rillaboom|move: Sticky Web\n|-unboost|p1a: Rillaboom|spe|1\n|turn|14\n|\n|t:|1700623347\n|switch|p2a: Breloom|Breloom, F|1\/100\n|move|p1a: Rillaboom|Grassy Glide|p2a: Breloom\n|-resisted|p2a: Breloom\n|-damage|p2a: Breloom|0 fnt\n|faint|p2a: Breloom\n|\n|-heal|p1a: Rillaboom|86\/100|[from] Grassy Terrain\n|upkeep\n|\n|t:|1700623350\n|switch|p2a: Scizor|Scizor, F|21\/100\n|turn|15\n|\n|t:|1700623359\n|move|p1a: Rillaboom|Grassy Glide|p2a: Scizor\n|-resisted|p2a: Scizor\n|-damage|p2a: Scizor|7\/100\n|move|p2a: Scizor|U-turn|p1a: Rillaboom\n|-supereffective|p1a: Rillaboom\n|-damage|p1a: Rillaboom|3\/100\n|\n|t:|1700623361\n|switch|p2a: Quaquaval|Quaquaval, F|90\/100|[from] U-turn\n|\n|-heal|p2a: Quaquaval|96\/100|[from] Grassy Terrain\n|-heal|p1a: Rillaboom|10\/100|[from] Grassy Terrain\n|-fieldend|move: Grassy Terrain\n|upkeep\n|turn|16\n|\n|t:|1700623372\n|switch|p1a: Zapdos|Zapdos|100\/100\n|move|p2a: Quaquaval|Aqua Step|p1a: Zapdos\n|-damage|p1a: Zapdos|64\/100\n|-boost|p2a: Quaquaval|spe|1\n|-status|p2a: Quaquaval|par|[from] ability: Static|[of] p1a: Zapdos\n|\n|upkeep\n|turn|17\n|\n|t:|1700623381\n|move|p1a: Zapdos|Volt Switch|p2a: Quaquaval\n|-supereffective|p2a: Quaquaval\n|-crit|p2a: Quaquaval\n|-damage|p2a: Quaquaval|0 fnt\n|faint|p2a: Quaquaval\n|\n|t:|1700623391\n|switch|p1a: Dragapult|Dragapult, F|100\/100|[from] Volt Switch\n|-activate|p1a: Dragapult|move: Sticky Web\n|-unboost|p1a: Dragapult|spe|1\n|\n|upkeep\n|\n|t:|1700623400\n|switch|p2a: Regidrago|Regidrago|100\/100\n|turn|18\n|\n|t:|1700623404\n|move|p1a: Dragapult|Dragon Darts|p2a: Regidrago\n|-supereffective|p2a: Regidrago\n|-damage|p2a: Regidrago|44\/100\n|-anim|p1a: Dragapult|Dragon Darts|p2a: Regidrago\n|-supereffective|p2a: Regidrago\n|-damage|p2a: Regidrago|0 fnt\n|faint|p2a: Regidrago\n|\n|upkeep\n|\n|t:|1700623408\n|switch|p2a: Scizor|Scizor, F|7\/100\n|turn|19\n|\n|t:|1700623418\n|move|p2a: Scizor|Bullet Punch|p1a: Dragapult\n|-damage|p1a: Dragapult|51\/100\n|move|p1a: Dragapult|Dragon Darts|p2a: Scizor\n|-resisted|p2a: Scizor\n|-damage|p2a: Scizor|0 fnt\n|faint|p2a: Scizor\n|\n|win|gaznapiront\n|raw|gaznapiront's rating: 1100 &rarr; <strong>1132<\/strong><br \/>(+32 for winning)\n|raw|Onte bad's rating: 1193 &rarr; <strong>1161<\/strong><br \/>(-32 for losing)\n|c|\u2606gaznapiront|gg\n|c|\u2606Onte bad|ggs\n","uploadtime":1700623421,"views":1,"p1id":"gaznapiront","p2id":"ontebad","formatid":"gen9ou","rating":1132,"private":0,"password":""}