{"id":"gen9ou-1997230546","p1":"BannedList","p2":"Dugtrio Is Broken","format":"[Gen 9] OU","log":"|j|\u2606BannedList\n|j|\u2606Dugtrio Is Broken\n|t:|1700778153\n|gametype|singles\n|player|p1|BannedList|unknown|\n|player|p2|Dugtrio Is Broken|nanu|\n|teamsize|p1|6\n|teamsize|p2|6\n|gen|9\n|tier|[Gen 9] OU\n|rule|Sleep Clause Mod: Limit one foe put to sleep\n|rule|Species Clause: Limit one of each Pok\u00e9mon\n|rule|OHKO Clause: OHKO moves are banned\n|rule|Evasion Items Clause: Evasion items are banned\n|rule|Evasion Moves Clause: Evasion moves are banned\n|rule|Endless Battle Clause: Forcing endless battles is banned\n|rule|HP Percentage Mod: HP is shown in percentages\n|clearpoke\n|poke|p1|Iron Treads|\n|poke|p1|Iron Valiant|\n|poke|p1|Gyarados, M|\n|poke|p1|Iron Moth|\n|poke|p1|Ogerpon-Cornerstone, F|\n|poke|p1|Greninja-*, M|\n|poke|p2|Ribombee, F|\n|poke|p2|Grimmsnarl, M|\n|poke|p2|Great Tusk|\n|poke|p2|Dragonite, F|\n|poke|p2|Gholdengo|\n|poke|p2|Rillaboom, M|\n|teampreview\n|inactive|Battle timer is ON: inactive players will automatically lose when time's up. (requested by BannedList)\n|\n|t:|1700778157\n|start\n|switch|p1a: Iron Treads|Iron Treads|100\/100\n|switch|p2a: Great Tusk|Great Tusk|100\/100\n|-enditem|p1a: Iron Treads|Booster Energy\n|-activate|p1a: Iron Treads|ability: Quark Drive|[fromitem]\n|-start|p1a: Iron Treads|quarkdrivespe\n|-enditem|p2a: Great Tusk|Booster Energy\n|-activate|p2a: Great Tusk|ability: Protosynthesis|[fromitem]\n|-start|p2a: Great Tusk|protosynthesisspe\n|turn|1\n|\n|t:|1700778169\n|move|p1a: Iron Treads|Stealth Rock|p2a: Great Tusk\n|-sidestart|p2: Dugtrio Is Broken|move: Stealth Rock\n|move|p2a: Great Tusk|Headlong Rush|p1a: Iron Treads\n|-supereffective|p1a: Iron Treads\n|-damage|p1a: Iron Treads|16\/100\n|-unboost|p2a: Great Tusk|def|1\n|-unboost|p2a: Great Tusk|spd|1\n|\n|upkeep\n|turn|2\n|\n|t:|1700778177\n|move|p1a: Iron Treads|Steel Beam|p2a: Great Tusk\n|-crit|p2a: Great Tusk\n|-damage|p2a: Great Tusk|0 fnt\n|-damage|p1a: Iron Treads|0 fnt|[from] steelbeam\n|faint|p1a: Iron Treads\n|-end|p1a: Iron Treads|Quark Drive|[silent]\n|faint|p2a: Great Tusk\n|-end|p2a: Great Tusk|Protosynthesis|[silent]\n|\n|upkeep\n|c|\u2606Dugtrio Is Broken|252 SpA Iron Treads Steel Beam vs. 252 HP \/ 0 SpD Great Tusk: 258-304 (59.4 - 70%) -- guaranteed 2HKO after Stealth Rock\n|j| bluezaum10\n|\n|t:|1700778204\n|switch|p1a: Gyarados|Gyarados, M|100\/100\n|switch|p2a: Grimmsnarl|Grimmsnarl, M, shiny|100\/100\n|-damage|p2a: Grimmsnarl|88\/100|[from] Stealth Rock\n|turn|3\n|c| bluezaum10|Gajo\n|c| bluezaum10|boa sorte\n|\n|t:|1700778217\n|move|p2a: Grimmsnarl|Taunt|p1a: Gyarados\n|-start|p1a: Gyarados|move: Taunt\n|cant|p1a: Gyarados|move: Taunt|Substitute\n|\n|upkeep\n|turn|4\n|\n|t:|1700778227\n|switch|p1a: Iron Moth|Iron Moth|100\/100\n|-enditem|p1a: Iron Moth|Booster Energy\n|-activate|p1a: Iron Moth|ability: Quark Drive|[fromitem]\n|-start|p1a: Iron Moth|quarkdrivespe\n|move|p2a: Grimmsnarl|Reflect|p2a: Grimmsnarl\n|-sidestart|p2: Dugtrio Is Broken|Reflect\n|\n|upkeep\n|turn|5\n|c| bluezaum10|tegim\n|\n|t:|1700778232\n|move|p2a: Grimmsnarl|Light Screen|p2a: Grimmsnarl\n|-sidestart|p2: Dugtrio Is Broken|move: Light Screen\n|move|p1a: Iron Moth|Sludge Wave|p2a: Grimmsnarl\n|-supereffective|p2a: Grimmsnarl\n|-damage|p2a: Grimmsnarl|48\/100\n|\n|upkeep\n|turn|6\n|\n|t:|1700778237\n|move|p1a: Iron Moth|Sludge Wave|p2a: Grimmsnarl\n|-supereffective|p2a: Grimmsnarl\n|-damage|p2a: Grimmsnarl|6\/100\n|move|p2a: Grimmsnarl|Spirit Break|p1a: Iron Moth\n|-resisted|p1a: Iron Moth\n|-damage|p1a: Iron Moth|90\/100\n|-unboost|p1a: Iron Moth|spa|1\n|\n|upkeep\n|turn|7\n|\n|t:|1700778239\n|move|p1a: Iron Moth|Substitute|p1a: Iron Moth\n|-start|p1a: Iron Moth|Substitute\n|-damage|p1a: Iron Moth|65\/100\n|move|p2a: Grimmsnarl|Spirit Break|p1a: Iron Moth\n|-resisted|p1a: Iron Moth\n|-activate|p1a: Iron Moth|move: Substitute|[damage]\n|\n|upkeep\n|turn|8\n|\n|t:|1700778242\n|move|p1a: Iron Moth|Sludge Wave|p2a: Grimmsnarl\n|-supereffective|p2a: Grimmsnarl\n|-damage|p2a: Grimmsnarl|0 fnt\n|faint|p2a: Grimmsnarl\n|\n|upkeep\n|\n|t:|1700778245\n|switch|p2a: Dragonite|Dragonite, F|100\/100\n|turn|9\n|\n|t:|1700778252\n|move|p1a: Iron Moth|Sludge Wave|p2a: Dragonite\n|-damage|p2a: Dragonite|91\/100\n|move|p2a: Dragonite|Dragon Dance|p2a: Dragonite\n|-boost|p2a: Dragonite|atk|1\n|-boost|p2a: Dragonite|spe|1\n|\n|upkeep\n|turn|10\n|\n|t:|1700778259\n|move|p2a: Dragonite|Extreme Speed|p1a: Iron Moth\n|-end|p1a: Iron Moth|Substitute\n|move|p1a: Iron Moth|Sludge Wave|p2a: Dragonite\n|-damage|p2a: Dragonite|71\/100\n|\n|upkeep\n|turn|11\n|\n|t:|1700778263\n|move|p2a: Dragonite|Extreme Speed|p1a: Iron Moth\n|-damage|p1a: Iron Moth|0 fnt\n|faint|p1a: Iron Moth\n|-end|p1a: Iron Moth|Quark Drive|[silent]\n|\n|-sideend|p2: Dugtrio Is Broken|Reflect\n|upkeep\n|\n|t:|1700778266\n|switch|p1a: Ogerpon|Ogerpon-Cornerstone, F|100\/100\n|turn|12\n|\n|t:|1700778277\n|move|p2a: Dragonite|Ice Spinner|p1a: Ogerpon\n|-supereffective|p1a: Ogerpon\n|-ability|p1a: Ogerpon|Sturdy\n|-damage|p1a: Ogerpon|1\/100\n|move|p1a: Ogerpon|Ivy Cudgel|p2a: Dragonite|[anim] Ivy Cudgel Rock\n|-supereffective|p2a: Dragonite\n|-crit|p2a: Dragonite\n|-damage|p2a: Dragonite|0 fnt\n|faint|p2a: Dragonite\n|\n|-sideend|p2: Dugtrio Is Broken|move: Light Screen\n|upkeep\n|\n|t:|1700778280\n|switch|p2a: Rillaboom|Rillaboom, M|100\/100\n|-damage|p2a: Rillaboom|88\/100|[from] Stealth Rock\n|-fieldstart|move: Grassy Terrain|[from] ability: Grassy Surge|[of] p2a: Rillaboom\n|turn|13\n|\n|t:|1700778284\n|move|p2a: Rillaboom|Grassy Glide|p1a: Ogerpon\n|-damage|p1a: Ogerpon|0 fnt\n|faint|p1a: Ogerpon\n|-damage|p2a: Rillaboom|78\/100|[from] item: Life Orb\n|\n|-heal|p2a: Rillaboom|84\/100|[from] Grassy Terrain\n|upkeep\n|\n|t:|1700778291\n|switch|p1a: Gyarados|Gyarados, M|100\/100\n|turn|14\n|\n|t:|1700778297\n|-terastallize|p1a: Gyarados|Flying\n|-terastallize|p2a: Rillaboom|Water\n|move|p1a: Gyarados|Dragon Dance|p1a: Gyarados\n|-boost|p1a: Gyarados|atk|1\n|-boost|p1a: Gyarados|spe|1\n|move|p2a: Rillaboom|Wood Hammer|p1a: Gyarados\n|-resisted|p1a: Gyarados\n|-damage|p1a: Gyarados|26\/100\n|-damage|p2a: Rillaboom|61\/100|[from] Recoil\n|-damage|p2a: Rillaboom|51\/100|[from] item: Life Orb\n|\n|-heal|p2a: Rillaboom|57\/100|[from] Grassy Terrain\n|upkeep\n|turn|15\n|\n|t:|1700778305\n|move|p2a: Rillaboom|Grassy Glide|p1a: Gyarados\n|-resisted|p1a: Gyarados\n|-damage|p1a: Gyarados|0 fnt\n|faint|p1a: Gyarados\n|-damage|p2a: Rillaboom|47\/100|[from] item: Life Orb\n|\n|-heal|p2a: Rillaboom|53\/100|[from] Grassy Terrain\n|upkeep\n|\n|t:|1700778309\n|switch|p1a: Iron Valiant|Iron Valiant|100\/100\n|-enditem|p1a: Iron Valiant|Booster Energy\n|-activate|p1a: Iron Valiant|ability: Quark Drive|[fromitem]\n|-start|p1a: Iron Valiant|quarkdrivespe\n|turn|16\n|\n|t:|1700778318\n|move|p2a: Rillaboom|Grassy Glide|p1a: Iron Valiant\n|-damage|p1a: Iron Valiant|32\/100\n|-damage|p2a: Rillaboom|43\/100|[from] item: Life Orb\n|move|p1a: Iron Valiant|Thunderbolt|p2a: Rillaboom\n|-supereffective|p2a: Rillaboom\n|-damage|p2a: Rillaboom|0 fnt\n|faint|p2a: Rillaboom\n|\n|-heal|p1a: Iron Valiant|38\/100|[from] Grassy Terrain\n|upkeep\n|\n|t:|1700778321\n|switch|p2a: Gholdengo|Gholdengo|100\/100\n|-damage|p2a: Gholdengo|94\/100|[from] Stealth Rock\n|turn|17\n|\n|t:|1700778323\n|move|p1a: Iron Valiant|Thunderbolt|p2a: Gholdengo\n|-damage|p2a: Gholdengo|62\/100\n|move|p2a: Gholdengo|Shadow Ball|p1a: Iron Valiant\n|-damage|p1a: Iron Valiant|0 fnt\n|faint|p1a: Iron Valiant\n|-end|p1a: Iron Valiant|Quark Drive|[silent]\n|\n|-heal|p2a: Gholdengo|68\/100|[from] Grassy Terrain\n|-fieldend|move: Grassy Terrain\n|upkeep\n|\n|t:|1700778326\n|switch|p1a: Greninja|Greninja, M|100\/100\n|turn|18\n|\n|t:|1700778328\n|move|p1a: Greninja|Hydro Pump|p2a: Gholdengo|[miss]\n|-miss|p1a: Greninja|p2a: Gholdengo\n|move|p2a: Gholdengo|Focus Blast|p1a: Greninja|[miss]\n|-miss|p2a: Gholdengo|p1a: Greninja\n|\n|upkeep\n|turn|19\n|\n|t:|1700778331\n|move|p1a: Greninja|Hydro Pump|p2a: Gholdengo\n|-damage|p2a: Gholdengo|0 fnt\n|faint|p2a: Gholdengo\n|-ability|p1a: Greninja|Battle Bond|boost\n|-boost|p1a: Greninja|atk|1\n|-boost|p1a: Greninja|spa|1\n|-boost|p1a: Greninja|spe|1\n|-activate|p1a: Greninja|ability: Battle Bond\n|-damage|p1a: Greninja|91\/100|[from] item: Life Orb\n|\n|upkeep\n|\n|t:|1700778334\n|switch|p2a: GreenUVLight|Ribombee, F|100\/100\n|-damage|p2a: GreenUVLight|76\/100|[from] Stealth Rock\n|turn|20\n|\n|t:|1700778342\n|move|p1a: Greninja|Hydro Pump|p2a: GreenUVLight|[miss]\n|-miss|p1a: Greninja|p2a: GreenUVLight\n|move|p2a: GreenUVLight|Quiver Dance|p2a: GreenUVLight\n|-boost|p2a: GreenUVLight|spa|1\n|-boost|p2a: GreenUVLight|spd|1\n|-boost|p2a: GreenUVLight|spe|1\n|\n|upkeep\n|turn|21\n|\n|t:|1700778345\n|move|p1a: Greninja|Gunk Shot|p2a: GreenUVLight|[miss]\n|-miss|p1a: Greninja|p2a: GreenUVLight\n|move|p2a: GreenUVLight|Draining Kiss|p1a: Greninja\n|-supereffective|p1a: Greninja\n|-damage|p1a: Greninja|0 fnt\n|-heal|p2a: GreenUVLight|100\/100|[from] drain|[of] p1a: Greninja\n|faint|p1a: Greninja\n|-damage|p2a: GreenUVLight|91\/100|[from] item: Life Orb\n|\n|win|Dugtrio Is Broken\n|c|\u2606Dugtrio Is Broken|ez\n|l|\u2606BannedList\n|l|\u2606Dugtrio Is Broken\n","uploadtime":1700778350,"views":20,"p1id":"bannedlist","p2id":"dugtrioisbroken","formatid":"gen9ou","rating":0,"private":0,"password":""}