{"id":"gen9ou-1997265237","p1":"Oshwottking","p2":"jeffrye_02","format":"[Gen 9] OU","log":"|j|\u2606Oshwottking\n|j|\u2606jeffrye_02\n|t:|1700782209\n|gametype|singles\n|player|p1|Oshwottking|silver|1232\n|player|p2|jeffrye_02|preschooler|1243\n|teamsize|p1|6\n|teamsize|p2|6\n|gen|9\n|tier|[Gen 9] OU\n|rated|\n|rule|Sleep Clause Mod: Limit one foe put to sleep\n|rule|Species Clause: Limit one of each Pok\u00e9mon\n|rule|OHKO Clause: OHKO moves are banned\n|rule|Evasion Items Clause: Evasion items are banned\n|rule|Evasion Moves Clause: Evasion moves are banned\n|rule|Endless Battle Clause: Forcing endless battles is banned\n|rule|HP Percentage Mod: HP is shown in percentages\n|clearpoke\n|poke|p1|Munkidori, M|\n|poke|p1|Garganacl, F|\n|poke|p1|Corviknight, M|\n|poke|p1|Samurott-Hisui, M|\n|poke|p1|Garchomp, F|\n|poke|p1|Cinderace, F|\n|poke|p2|Ogerpon-Wellspring, F|\n|poke|p2|Salazzle, F|\n|poke|p2|Cinderace, F|\n|poke|p2|Walking Wake|\n|poke|p2|Breloom, M|\n|poke|p2|Ribombee, F|\n|teampreview\n|inactive|Battle timer is ON: inactive players will automatically lose when time's up. (requested by Oshwottking)\n|\n|t:|1700782234\n|start\n|switch|p1a: Munkidori|Munkidori, M|100\/100\n|switch|p2a: Ribombee|Ribombee, F|100\/100\n|turn|1\n|\n|t:|1700782243\n|move|p1a: Munkidori|Sludge Wave|p2a: Ribombee\n|-supereffective|p2a: Ribombee\n|-enditem|p2a: Ribombee|Focus Sash\n|-damage|p2a: Ribombee|1\/100\n|move|p2a: Ribombee|Sticky Web|p1a: Munkidori\n|-sidestart|p1: Oshwottking|move: Sticky Web\n|\n|upkeep\n|turn|2\n|\n|t:|1700782259\n|move|p1a: Munkidori|Sludge Wave|p2a: Ribombee\n|-supereffective|p2a: Ribombee\n|-damage|p2a: Ribombee|0 fnt\n|faint|p2a: Ribombee\n|\n|upkeep\n|\n|t:|1700782277\n|switch|p2a: Ogerpon|Ogerpon-Wellspring, F|100\/100\n|turn|3\n|\n|t:|1700782290\n|-terastallize|p2a: Ogerpon|Water\n|detailschange|p2a: Ogerpon|Ogerpon-Wellspring-Tera, F, tera:Water\n|-ability|p2a: Ogerpon|Embody Aspect (Wellspring)|boost\n|-boost|p2a: Ogerpon|spd|1\n|move|p1a: Munkidori|Sludge Wave|p2a: Ogerpon\n|-damage|p2a: Ogerpon|64\/100\n|move|p2a: Ogerpon|U-turn|p1a: Munkidori\n|-damage|p1a: Munkidori|57\/100\n|inactive|jeffrye_02 has 120 seconds left.\n|\n|t:|1700782301\n|switch|p2a: Walking Wake|Walking Wake|100\/100|[from] U-turn\n|\n|upkeep\n|turn|4\n|\n|t:|1700782310\n|switch|p1a: Corviknight|Corviknight, M|100\/100\n|-ability|p1a: Corviknight|Pressure\n|move|p2a: Walking Wake|Dragon Pulse|p1a: Corviknight\n|-resisted|p1a: Corviknight\n|-damage|p1a: Corviknight|79\/100\n|\n|upkeep\n|turn|5\n|\n|t:|1700782321\n|-end|p2a: Walking Wake|Protosynthesis|[silent]\n|switch|p2a: Ogerpon|Ogerpon-Wellspring-Tera, F, tera:Water|64\/100\n|-ability|p2a: Ogerpon|Embody Aspect (Wellspring)|boost\n|-boost|p2a: Ogerpon|spd|1\n|move|p1a: Corviknight|U-turn|p2a: Ogerpon\n|-damage|p2a: Ogerpon|45\/100\n|\n|t:|1700782328\n|switch|p1a: Garganacl|Garganacl, F|100\/100|[from] U-turn\n|-activate|p1a: Garganacl|move: Sticky Web\n|-unboost|p1a: Garganacl|spe|1\n|\n|upkeep\n|turn|6\n|\n|t:|1700782334\n|-terastallize|p1a: Garganacl|Grass\n|move|p2a: Ogerpon|Horn Leech|p1a: Garganacl\n|-resisted|p1a: Garganacl\n|-damage|p1a: Garganacl|89\/100\n|-heal|p2a: Ogerpon|53\/100|[from] drain|[of] p1a: Garganacl\n|move|p1a: Garganacl|Salt Cure|p2a: Ogerpon\n|-damage|p2a: Ogerpon|36\/100\n|-start|p2a: Ogerpon|Salt Cure\n|\n|-heal|p1a: Garganacl|95\/100|[from] item: Leftovers\n|-damage|p2a: Ogerpon|11\/100|[from] Salt Cure\n|upkeep\n|turn|7\n|\n|t:|1700782341\n|move|p1a: Garganacl|Protect|p1a: Garganacl\n|-singleturn|p1a: Garganacl|Protect\n|move|p2a: Ogerpon|U-turn|p1a: Garganacl\n|-activate|p1a: Garganacl|move: Protect\n|\n|-heal|p1a: Garganacl|100\/100|[from] item: Leftovers\n|-damage|p2a: Ogerpon|0 fnt|[from] Salt Cure\n|faint|p2a: Ogerpon\n|upkeep\n|\n|t:|1700782352\n|switch|p2a: tha queen|Salazzle, F|100\/100\n|turn|8\n|\n|t:|1700782357\n|switch|p1a: Cinderace|Cinderace, F|100\/100\n|move|p2a: tha queen|Sludge Bomb|p1a: Cinderace\n|-damage|p1a: Cinderace|48\/100\n|\n|upkeep\n|turn|9\n|\n|t:|1700782363\n|move|p1a: Cinderace|Court Change|p1a: Cinderace\n|-start|p1a: Cinderace|typechange|Normal|[from] ability: Libero\n|-swapsideconditions\n|-activate|p1a: Cinderace|move: Court Change\n|move|p2a: tha queen|Sludge Bomb|p1a: Cinderace\n|-damage|p1a: Cinderace|0 fnt\n|faint|p1a: Cinderace\n|\n|upkeep\n|\n|t:|1700782368\n|switch|p1a: Samurott|Samurott-Hisui, M|100\/100\n|turn|10\n|\n|t:|1700782377\n|move|p2a: tha queen|Knock Off|p1a: Samurott\n|-resisted|p1a: Samurott\n|-damage|p1a: Samurott|91\/100\n|-enditem|p1a: Samurott|Choice Band|[from] move: Knock Off|[of] p2a: tha queen\n|move|p1a: Samurott|Ceaseless Edge|p2a: tha queen\n|-damage|p2a: tha queen|15\/100\n|-sidestart|p2: jeffrye_02|Spikes\n|\n|upkeep\n|turn|11\n|\n|t:|1700782385\n|move|p2a: tha queen|Toxic|p1a: Samurott\n|-status|p1a: Samurott|tox\n|move|p1a: Samurott|Ceaseless Edge|p2a: tha queen\n|-damage|p2a: tha queen|0 fnt\n|-sidestart|p2: jeffrye_02|Spikes\n|faint|p2a: tha queen\n|\n|-damage|p1a: Samurott|84\/100 tox|[from] psn\n|upkeep\n|\n|t:|1700782401\n|switch|p2a: Cinderace|Cinderace, F|100\/100\n|turn|12\n|\n|t:|1700782405\n|move|p2a: Cinderace|Court Change|p2a: Cinderace\n|-start|p2a: Cinderace|typechange|Normal|[from] ability: Libero\n|-swapsideconditions\n|-activate|p2a: Cinderace|move: Court Change\n|move|p1a: Samurott|Razor Shell|p2a: Cinderace\n|-damage|p2a: Cinderace|29\/100\n|-unboost|p2a: Cinderace|def|1\n|\n|-damage|p1a: Samurott|72\/100 tox|[from] psn\n|upkeep\n|turn|13\n|\n|t:|1700782415\n|move|p2a: Cinderace|High Jump Kick|p1a: Samurott\n|-supereffective|p1a: Samurott\n|-damage|p1a: Samurott|0 fnt\n|faint|p1a: Samurott\n|\n|upkeep\n|\n|t:|1700782421\n|switch|p1a: Garganacl|Garganacl, F, tera:Grass|100\/100\n|-activate|p1a: Garganacl|move: Sticky Web\n|-unboost|p1a: Garganacl|spe|1\n|-damage|p1a: Garganacl|84\/100|[from] Spikes\n|turn|14\n|\n|t:|1700782425\n|move|p2a: Cinderace|Pyro Ball|p1a: Garganacl|[miss]\n|-miss|p2a: Cinderace|p1a: Garganacl\n|move|p1a: Garganacl|Salt Cure|p2a: Cinderace\n|-damage|p2a: Cinderace|2\/100\n|-start|p2a: Cinderace|Salt Cure\n|\n|-heal|p1a: Garganacl|90\/100|[from] item: Leftovers\n|-damage|p2a: Cinderace|0 fnt|[from] Salt Cure\n|faint|p2a: Cinderace\n|upkeep\n|\n|t:|1700782434\n|switch|p2a: Walking Wake|Walking Wake|100\/100\n|turn|15\n|\n|t:|1700782438\n|move|p2a: Walking Wake|Flamethrower|p1a: Garganacl\n|-supereffective|p1a: Garganacl\n|-damage|p1a: Garganacl|43\/100\n|move|p1a: Garganacl|Salt Cure|p2a: Walking Wake\n|-damage|p2a: Walking Wake|85\/100\n|-start|p2a: Walking Wake|Salt Cure\n|\n|-heal|p1a: Garganacl|49\/100|[from] item: Leftovers\n|-damage|p2a: Walking Wake|61\/100|[from] Salt Cure\n|upkeep\n|turn|16\n|\n|t:|1700782445\n|-end|p2a: Walking Wake|Protosynthesis|[silent]\n|switch|p2a: Glisloom|Breloom, M|100\/100\n|move|p1a: Garganacl|Recover|p1a: Garganacl\n|-heal|p1a: Garganacl|99\/100\n|\n|-heal|p1a: Garganacl|100\/100|[from] item: Leftovers\n|-status|p2a: Glisloom|tox|[from] item: Toxic Orb\n|upkeep\n|turn|17\n|\n|t:|1700782454\n|switch|p1a: Corviknight|Corviknight, M|79\/100\n|-ability|p1a: Corviknight|Pressure\n|move|p2a: Glisloom|Drain Punch|p1a: Corviknight\n|-damage|p1a: Corviknight|56\/100\n|-damage|p2a: Glisloom|84\/100 tox|[from] item: Rocky Helmet|[of] p1a: Corviknight\n|\n|-heal|p2a: Glisloom|96\/100 tox|[from] ability: Poison Heal\n|upkeep\n|turn|18\n|\n|t:|1700782462\n|move|p2a: Glisloom|Spore|p1a: Corviknight\n|-status|p1a: Corviknight|slp|[from] move: Spore\n|cant|p1a: Corviknight|slp\n|\n|-heal|p2a: Glisloom|100\/100 tox|[from] ability: Poison Heal\n|upkeep\n|turn|19\n|\n|t:|1700782469\n|move|p2a: Glisloom|Rock Tomb|p1a: Corviknight\n|-damage|p1a: Corviknight|43\/100 slp\n|-unboost|p1a: Corviknight|spe|1\n|-curestatus|p1a: Corviknight|slp|[msg]\n|move|p1a: Corviknight|Roost|p1a: Corviknight\n|-heal|p1a: Corviknight|93\/100\n|-singleturn|p1a: Corviknight|move: Roost\n|\n|upkeep\n|turn|20\n|\n|t:|1700782474\n|switch|p1a: Garchomp|Garchomp, F|100\/100\n|-activate|p1a: Garchomp|move: Sticky Web\n|-unboost|p1a: Garchomp|spe|1\n|-damage|p1a: Garchomp|84\/100|[from] Spikes\n|move|p2a: Glisloom|Spore|p1a: Garchomp\n|-status|p1a: Garchomp|slp|[from] move: Spore\n|\n|upkeep\n|turn|21\n|\n|t:|1700782490\n|switch|p1a: Corviknight|Corviknight, M|93\/100\n|-ability|p1a: Corviknight|Pressure\n|move|p2a: Glisloom|Bullet Seed|p1a: Corviknight\n|-resisted|p1a: Corviknight\n|-damage|p1a: Corviknight|91\/100\n|-resisted|p1a: Corviknight\n|-damage|p1a: Corviknight|89\/100\n|-resisted|p1a: Corviknight\n|-damage|p1a: Corviknight|88\/100\n|-hitcount|p1a: Corviknight|3\n|\n|upkeep\n|turn|22\n|\n|t:|1700782498\n|move|p2a: Glisloom|Rock Tomb|p1a: Corviknight\n|-crit|p1a: Corviknight\n|-damage|p1a: Corviknight|68\/100\n|-unboost|p1a: Corviknight|spe|1\n|move|p1a: Corviknight|Defog|p2a: Glisloom\n|-unboost|p2a: Glisloom|evasion|1\n|-sideend|p1: Oshwottking|Spikes|[from] move: Defog|[of] p1a: Corviknight\n|-sideend|p1: Oshwottking|Sticky Web|[from] move: Defog|[of] p1a: Corviknight\n|\n|upkeep\n|turn|23\n|\n|t:|1700782519\n|move|p2a: Glisloom|Rock Tomb|p1a: Corviknight\n|-damage|p1a: Corviknight|57\/100\n|-unboost|p1a: Corviknight|spe|1\n|move|p1a: Corviknight|Brave Bird|p2a: Glisloom\n|-supereffective|p2a: Glisloom\n|-damage|p2a: Glisloom|0 fnt\n|faint|p2a: Glisloom\n|-damage|p1a: Corviknight|32\/100|[from] Recoil\n|\n|upkeep\n|\n|t:|1700782526\n|switch|p2a: Walking Wake|Walking Wake|61\/100\n|turn|24\n|\n|t:|1700782539\n|move|p2a: Walking Wake|Dragon Pulse|p1a: Corviknight\n|-resisted|p1a: Corviknight\n|-damage|p1a: Corviknight|11\/100\n|move|p1a: Corviknight|Roost|p1a: Corviknight\n|-heal|p1a: Corviknight|61\/100\n|-singleturn|p1a: Corviknight|move: Roost\n|\n|upkeep\n|turn|25\n|\n|t:|1700782544\n|move|p2a: Walking Wake|Dragon Pulse|p1a: Corviknight\n|-resisted|p1a: Corviknight\n|-damage|p1a: Corviknight|40\/100\n|move|p1a: Corviknight|Roost|p1a: Corviknight\n|-heal|p1a: Corviknight|90\/100\n|-singleturn|p1a: Corviknight|move: Roost\n|\n|upkeep\n|turn|26\n|\n|t:|1700782549\n|move|p2a: Walking Wake|Dragon Pulse|p1a: Corviknight\n|-resisted|p1a: Corviknight\n|-damage|p1a: Corviknight|69\/100\n|move|p1a: Corviknight|U-turn|p2a: Walking Wake\n|-damage|p2a: Walking Wake|45\/100\n|\n|t:|1700782552\n|switch|p1a: Munkidori|Munkidori, M|57\/100|[from] U-turn\n|\n|upkeep\n|turn|27\n|\n|t:|1700782558\n|move|p2a: Walking Wake|Dragon Pulse|p1a: Munkidori\n|-damage|p1a: Munkidori|4\/100\n|move|p1a: Munkidori|Sludge Wave|p2a: Walking Wake\n|-crit|p2a: Walking Wake\n|-damage|p2a: Walking Wake|0 fnt\n|faint|p2a: Walking Wake\n|-end|p2a: Walking Wake|Protosynthesis|[silent]\n|\n|win|Oshwottking\n|raw|Oshwottking's rating: 1232 &rarr; <strong>1258<\/strong><br \/>(+26 for winning)\n|raw|jeffrye_02's rating: 1243 &rarr; <strong>1217<\/strong><br \/>(-26 for losing)\n|l|\u2606jeffrye_02\n","uploadtime":1700782562,"views":5,"p1id":"oshwottking","p2id":"jeffrye02","formatid":"gen9ou","rating":1217,"private":0,"password":""}