{"id":"gen9ou-1992645788","p1":"GARF DID","p2":"winstrol abuser","format":"[Gen 9] OU","log":"|j|\u2606GARF DID\n|j|\u2606winstrol abuser\n|t:|1700219760\n|gametype|singles\n|player|p1|GARF DID|tuber|1461\n|player|p2|winstrol abuser|101|1408\n|teamsize|p1|6\n|teamsize|p2|6\n|gen|9\n|tier|[Gen 9] OU\n|rated|\n|rule|Sleep Clause Mod: Limit one foe put to sleep\n|rule|Species Clause: Limit one of each Pok\u00e9mon\n|rule|OHKO Clause: OHKO moves are banned\n|rule|Evasion Items Clause: Evasion items are banned\n|rule|Evasion Moves Clause: Evasion moves are banned\n|rule|Endless Battle Clause: Forcing endless battles is banned\n|rule|HP Percentage Mod: HP is shown in percentages\n|clearpoke\n|poke|p1|Zamazenta-*|\n|poke|p1|Iron Moth|\n|poke|p1|Maushold-Four|\n|poke|p1|Walking Wake|\n|poke|p1|Dragonite, F|\n|poke|p1|Kingambit, F|\n|poke|p2|Dragapult, F|\n|poke|p2|Ogerpon-Wellspring, F|\n|poke|p2|Cinderace, F|\n|poke|p2|Kingambit, M|\n|poke|p2|Iron Valiant|\n|poke|p2|Enamorus, F|\n|teampreview\n|\n|t:|1700219772\n|start\n|switch|p1a: Kingambit|Kingambit, F|100\/100\n|switch|p2a: Enamorus|Enamorus, F|100\/100\n|turn|1\n|\n|t:|1700219782\n|switch|p2a: Iron Valiant|Iron Valiant|100\/100\n|-enditem|p2a: Iron Valiant|Booster Energy\n|-activate|p2a: Iron Valiant|ability: Quark Drive|[fromitem]\n|-start|p2a: Iron Valiant|quarkdrivespe\n|move|p1a: Kingambit|Iron Head|p2a: Iron Valiant\n|-supereffective|p2a: Iron Valiant\n|-damage|p2a: Iron Valiant|0 fnt\n|faint|p2a: Iron Valiant\n|-end|p2a: Iron Valiant|Quark Drive|[silent]\n|\n|upkeep\n|\n|t:|1700219791\n|switch|p2a: Cinderace|Cinderace, F|100\/100\n|turn|2\n|\n|t:|1700219814\n|-end|p1a: Kingambit|fallenundefined|[silent]\n|switch|p1a: Dragonite|Dragonite, F|100\/100\n|move|p2a: Cinderace|Pyro Ball|p1a: Dragonite\n|-resisted|p1a: Dragonite\n|-damage|p1a: Dragonite|84\/100\n|\n|upkeep\n|turn|3\n|\n|t:|1700219822\n|move|p2a: Cinderace|U-turn|p1a: Dragonite\n|-start|p2a: Cinderace|typechange|Bug|[from] ability: Libero\n|-resisted|p1a: Dragonite\n|-damage|p1a: Dragonite|66\/100\n|inactive|Battle timer is ON: inactive players will automatically lose when time's up. (requested by GARF DID)\n|\n|t:|1700219826\n|switch|p2a: Dragapult|Dragapult, F|100\/100|[from] U-turn\n|move|p1a: Dragonite|Dragon Dance|p1a: Dragonite\n|-boost|p1a: Dragonite|atk|1\n|-boost|p1a: Dragonite|spe|1\n|\n|upkeep\n|turn|4\n|\n|t:|1700219832\n|move|p2a: Dragapult|Draco Meteor|p1a: Dragonite\n|-supereffective|p1a: Dragonite\n|-damage|p1a: Dragonite|0 fnt\n|-unboost|p2a: Dragapult|spa|2\n|faint|p1a: Dragonite\n|\n|upkeep\n|\n|t:|1700219858\n|switch|p1a: Maushold|Maushold-Four|100\/100\n|turn|5\n|\n|t:|1700219866\n|switch|p2a: Kingambit|Kingambit, M|100\/100\n|-activate|p2a: Kingambit|ability: Supreme Overlord\n|-start|p2a: Kingambit|fallen1|[silent]\n|move|p1a: Maushold|Tidy Up|p1a: Maushold\n|-boost|p1a: Maushold|atk|1\n|-boost|p1a: Maushold|spe|1\n|\n|upkeep\n|turn|6\n|\n|t:|1700219874\n|move|p1a: Maushold|Population Bomb|p2a: Kingambit\n|-resisted|p2a: Kingambit\n|-damage|p2a: Kingambit|94\/100\n|-resisted|p2a: Kingambit\n|-damage|p2a: Kingambit|87\/100\n|-resisted|p2a: Kingambit\n|-damage|p2a: Kingambit|81\/100\n|-resisted|p2a: Kingambit\n|-damage|p2a: Kingambit|74\/100\n|-resisted|p2a: Kingambit\n|-damage|p2a: Kingambit|67\/100\n|-resisted|p2a: Kingambit\n|-damage|p2a: Kingambit|60\/100\n|-resisted|p2a: Kingambit\n|-damage|p2a: Kingambit|53\/100\n|-resisted|p2a: Kingambit\n|-damage|p2a: Kingambit|46\/100\n|-resisted|p2a: Kingambit\n|-damage|p2a: Kingambit|39\/100\n|-resisted|p2a: Kingambit\n|-damage|p2a: Kingambit|32\/100\n|-hitcount|p2a: Kingambit|10\n|move|p2a: Kingambit|Kowtow Cleave|p1a: Maushold\n|-damage|p1a: Maushold|11\/100\n|\n|upkeep\n|turn|7\n|\n|t:|1700219894\n|move|p2a: Kingambit|Sucker Punch||[still]\n|-fail|p2a: Kingambit\n|move|p1a: Maushold|Tidy Up|p1a: Maushold\n|-boost|p1a: Maushold|atk|1\n|-boost|p1a: Maushold|spe|1\n|\n|upkeep\n|turn|8\n|\n|t:|1700219900\n|move|p2a: Kingambit|Sucker Punch||[still]\n|-fail|p2a: Kingambit\n|move|p1a: Maushold|Encore|p2a: Kingambit\n|-start|p2a: Kingambit|Encore\n|\n|upkeep\n|turn|9\n|\n|t:|1700219908\n|-end|p2a: Kingambit|fallen1|[silent]\n|switch|p2a: Dragapult|Dragapult, F|100\/100\n|move|p1a: Maushold|Tidy Up|p1a: Maushold\n|-boost|p1a: Maushold|atk|1\n|-boost|p1a: Maushold|spe|1\n|\n|upkeep\n|turn|10\n|\n|t:|1700219916\n|move|p1a: Maushold|Shadow Claw|p2a: Dragapult\n|-supereffective|p2a: Dragapult\n|-damage|p2a: Dragapult|0 fnt\n|faint|p2a: Dragapult\n|\n|upkeep\n|-message|winstrol abuser forfeited.\n|\n|win|GARF DID\n|raw|GARF DID's rating: 1461 &rarr; <strong>1478<\/strong><br \/>(+17 for winning)\n|raw|winstrol abuser's rating: 1408 &rarr; <strong>1391<\/strong><br \/>(-17 for losing)\n|l|\u2606winstrol abuser\n","uploadtime":1700219927,"views":12,"p1id":"garfdid","p2id":"winstrolabuser","formatid":"gen9ou","rating":1391,"private":0,"password":""}