{"id":"gen9ou-1991852178","p1":"Gooaah","p2":"Axx66149","format":"[Gen 9] OU","log":"|j|\u2606Gooaah\n|j|\u2606Axx66149\n|t:|1700128549\n|gametype|singles\n|player|p1|Gooaah|veteranf|1228\n|player|p2|Axx66149|ethan|1251\n|teamsize|p1|6\n|teamsize|p2|6\n|gen|9\n|tier|[Gen 9] OU\n|rated|\n|rule|Sleep Clause Mod: Limit one foe put to sleep\n|rule|Species Clause: Limit one of each Pok\u00e9mon\n|rule|OHKO Clause: OHKO moves are banned\n|rule|Evasion Items Clause: Evasion items are banned\n|rule|Evasion Moves Clause: Evasion moves are banned\n|rule|Endless Battle Clause: Forcing endless battles is banned\n|rule|HP Percentage Mod: HP is shown in percentages\n|clearpoke\n|poke|p1|Ninetales, M|\n|poke|p1|Walking Wake|\n|poke|p1|Lilligant-Hisui, F|\n|poke|p1|Skeledirge, F|\n|poke|p1|Great Tusk|\n|poke|p1|Torkoal, M|\n|poke|p2|Politoed, M|\n|poke|p2|Greninja-*, M|\n|poke|p2|Landorus-Therian, M|\n|poke|p2|Rillaboom, M|\n|poke|p2|Basculegion, M|\n|poke|p2|Iron Jugulis|\n|teampreview\n|inactive|Battle timer is ON: inactive players will automatically lose when time's up. (requested by Gooaah)\n|\n|t:|1700128557\n|start\n|switch|p1a: Torkoal|Torkoal, M|100\/100\n|switch|p2a: Politoed|Politoed, M|100\/100\n|-weather|RainDance|[from] ability: Drizzle|[of] p2a: Politoed\n|-weather|SunnyDay|[from] ability: Drought|[of] p1a: Torkoal\n|turn|1\n|\n|t:|1700128566\n|move|p2a: Politoed|Hypnosis|p1a: Torkoal|[miss]\n|-miss|p2a: Politoed|p1a: Torkoal\n|move|p1a: Torkoal|Yawn|p2a: Politoed\n|-start|p2a: Politoed|move: Yawn|[of] p1a: Torkoal\n|\n|-weather|SunnyDay|[upkeep]\n|upkeep\n|turn|2\n|\n|t:|1700128582\n|switch|p2a: Landorus|Landorus-Therian, M|100\/100\n|-ability|p2a: Landorus|Intimidate|boost\n|-unboost|p1a: Torkoal|atk|1\n|move|p1a: Torkoal|Stealth Rock|p2a: Landorus\n|-sidestart|p2: Axx66149|move: Stealth Rock\n|\n|-weather|SunnyDay|[upkeep]\n|upkeep\n|turn|3\n|\n|t:|1700128591\n|move|p2a: Landorus|Sandsear Storm|p1a: Torkoal\n|-supereffective|p1a: Torkoal\n|-damage|p1a: Torkoal|9\/100\n|move|p1a: Torkoal|Yawn|p2a: Landorus\n|-start|p2a: Landorus|move: Yawn|[of] p1a: Torkoal\n|\n|-weather|SunnyDay|[upkeep]\n|upkeep\n|turn|4\n|\n|t:|1700128601\n|switch|p2a: Politoed|Politoed, M|100\/100\n|-damage|p2a: Politoed|88\/100|[from] Stealth Rock\n|-weather|RainDance|[from] ability: Drizzle|[of] p2a: Politoed\n|move|p1a: Torkoal|Yawn|p2a: Politoed\n|-start|p2a: Politoed|move: Yawn|[of] p1a: Torkoal\n|\n|-weather|RainDance|[upkeep]\n|upkeep\n|turn|5\n|\n|t:|1700128611\n|switch|p1a: Ninetales|Ninetales, M|100\/100\n|-weather|SunnyDay|[from] ability: Drought|[of] p1a: Ninetales\n|move|p2a: Politoed|Surf|p1a: Ninetales\n|-supereffective|p1a: Ninetales\n|-damage|p1a: Ninetales|64\/100\n|\n|-weather|SunnyDay|[upkeep]\n|-end|p2a: Politoed|move: Yawn|[silent]\n|-status|p2a: Politoed|slp\n|upkeep\n|turn|6\n|\n|t:|1700128624\n|switch|p1a: Lilligant|Lilligant-Hisui, F|100\/100\n|switch|p2a: Landorus|Landorus-Therian, M|100\/100\n|-damage|p2a: Landorus|88\/100|[from] Stealth Rock\n|-ability|p2a: Landorus|Intimidate|boost\n|-unboost|p1a: Lilligant|atk|1\n|\n|-weather|SunnyDay|[upkeep]\n|upkeep\n|turn|7\n|\n|t:|1700128634\n|move|p1a: Lilligant|Ice Spinner|p2a: Landorus\n|-supereffective|p2a: Landorus\n|-damage|p2a: Landorus|41\/100\n|-enditem|p2a: Landorus|Eject Button\n|\n|t:|1700128643\n|switch|p2a: Greninja|Greninja, M|100\/100\n|-damage|p2a: Greninja|88\/100|[from] Stealth Rock\n|\n|-weather|SunnyDay|[upkeep]\n|upkeep\n|turn|8\n|\n|t:|1700128654\n|-terastallize|p1a: Lilligant|Ghost\n|move|p1a: Lilligant|Victory Dance|p1a: Lilligant\n|-boost|p1a: Lilligant|atk|1\n|-boost|p1a: Lilligant|def|1\n|-boost|p1a: Lilligant|spe|1\n|move|p2a: Greninja|Gunk Shot|p1a: Lilligant\n|-resisted|p1a: Lilligant\n|-damage|p1a: Lilligant|84\/100\n|-damage|p2a: Greninja|78\/100|[from] item: Life Orb\n|\n|-weather|SunnyDay|[upkeep]\n|-heal|p1a: Lilligant|90\/100|[from] item: Leftovers\n|upkeep\n|turn|9\n|\n|t:|1700128665\n|switch|p2a: Politoed|Politoed, M|88\/100 slp\n|-damage|p2a: Politoed|75\/100 slp|[from] Stealth Rock\n|-weather|RainDance|[from] ability: Drizzle|[of] p2a: Politoed\n|move|p1a: Lilligant|Solar Blade||[still]\n|-prepare|p1a: Lilligant|Solar Blade\n|\n|-weather|RainDance|[upkeep]\n|-heal|p1a: Lilligant|96\/100|[from] item: Leftovers\n|upkeep\n|turn|10\n|\n|t:|1700128678\n|switch|p2a: Landorus|Landorus-Therian, M|41\/100\n|-damage|p2a: Landorus|29\/100|[from] Stealth Rock\n|-ability|p2a: Landorus|Intimidate|boost\n|-unboost|p1a: Lilligant|atk|1\n|move|p1a: Lilligant|Solar Blade|p2a: Landorus|[from]lockedmove\n|-damage|p2a: Landorus|16\/100\n|\n|-weather|RainDance|[upkeep]\n|-heal|p1a: Lilligant|100\/100|[from] item: Leftovers\n|upkeep\n|turn|11\n|\n|t:|1700128688\n|move|p1a: Lilligant|Victory Dance|p1a: Lilligant\n|-boost|p1a: Lilligant|atk|1\n|-boost|p1a: Lilligant|def|1\n|-boost|p1a: Lilligant|spe|1\n|move|p2a: Landorus|Stealth Rock|p1a: Lilligant\n|-sidestart|p1: Gooaah|move: Stealth Rock\n|\n|-weather|RainDance|[upkeep]\n|upkeep\n|turn|12\n|\n|t:|1700128695\n|move|p1a: Lilligant|Victory Dance|p1a: Lilligant\n|-boost|p1a: Lilligant|atk|1\n|-boost|p1a: Lilligant|def|1\n|-boost|p1a: Lilligant|spe|1\n|move|p2a: Landorus|Sandsear Storm|p1a: Lilligant\n|-damage|p1a: Lilligant|48\/100\n|\n|-weather|RainDance|[upkeep]\n|-heal|p1a: Lilligant|54\/100|[from] item: Leftovers\n|upkeep\n|turn|13\n|\n|t:|1700128703\n|move|p1a: Lilligant|Ice Spinner|p2a: Landorus\n|-supereffective|p2a: Landorus\n|-damage|p2a: Landorus|0 fnt\n|faint|p2a: Landorus\n|\n|-weather|RainDance|[upkeep]\n|-heal|p1a: Lilligant|60\/100|[from] item: Leftovers\n|upkeep\n|\n|t:|1700128710\n|switch|p2a: Iron Jugulis|Iron Jugulis|100\/100\n|-damage|p2a: Iron Jugulis|76\/100|[from] Stealth Rock\n|-enditem|p2a: Iron Jugulis|Booster Energy\n|-activate|p2a: Iron Jugulis|ability: Quark Drive|[fromitem]\n|-start|p2a: Iron Jugulis|quarkdrivespa\n|turn|14\n|\n|t:|1700128716\n|move|p1a: Lilligant|Ice Spinner|p2a: Iron Jugulis\n|-supereffective|p2a: Iron Jugulis\n|-damage|p2a: Iron Jugulis|0 fnt\n|faint|p2a: Iron Jugulis\n|-end|p2a: Iron Jugulis|Quark Drive|[silent]\n|\n|-weather|RainDance|[upkeep]\n|-heal|p1a: Lilligant|66\/100|[from] item: Leftovers\n|upkeep\n|\n|t:|1700128724\n|switch|p2a: Basculegion|Basculegion, M|100\/100\n|-damage|p2a: Basculegion|88\/100|[from] Stealth Rock\n|turn|15\n|\n|t:|1700128732\n|-terastallize|p2a: Basculegion|Water\n|move|p1a: Lilligant|Solar Blade||[still]\n|-prepare|p1a: Lilligant|Solar Blade\n|move|p2a: Basculegion|Wave Crash|p1a: Lilligant\n|-damage|p1a: Lilligant|0 fnt\n|faint|p1a: Lilligant\n|-damage|p2a: Basculegion|72\/100|[from] Recoil\n|\n|-weather|RainDance|[upkeep]\n|upkeep\n|\n|t:|1700128734\n|switch|p1a: Torkoal|Torkoal, M|9\/100\n|-damage|p1a: Torkoal|0 fnt|[from] Stealth Rock\n|faint|p1a: Torkoal\n|\n|t:|1700128738\n|switch|p1a: Ninetales|Ninetales, M|64\/100\n|-damage|p1a: Ninetales|40\/100|[from] Stealth Rock\n|-weather|SunnyDay|[from] ability: Drought|[of] p1a: Ninetales\n|turn|16\n|\n|t:|1700128747\n|switch|p1a: Walking Wake|Walking Wake|100\/100\n|-damage|p1a: Walking Wake|88\/100|[from] Stealth Rock\n|-activate|p1a: Walking Wake|ability: Protosynthesis\n|-start|p1a: Walking Wake|protosynthesisspa\n|move|p2a: Basculegion|Wave Crash|p1a: Walking Wake\n|-resisted|p1a: Walking Wake\n|-damage|p1a: Walking Wake|74\/100\n|-damage|p2a: Basculegion|68\/100|[from] Recoil\n|\n|-weather|SunnyDay|[upkeep]\n|upkeep\n|turn|17\n|\n|t:|1700128758\n|switch|p2a: Rillaboom|Rillaboom, M|100\/100\n|-damage|p2a: Rillaboom|88\/100|[from] Stealth Rock\n|-fieldstart|move: Grassy Terrain|[from] ability: Grassy Surge|[of] p2a: Rillaboom\n|move|p1a: Walking Wake|Draco Meteor|p2a: Rillaboom\n|-crit|p2a: Rillaboom\n|-damage|p2a: Rillaboom|0 fnt\n|-unboost|p1a: Walking Wake|spa|2\n|faint|p2a: Rillaboom\n|\n|-weather|SunnyDay|[upkeep]\n|-heal|p1a: Walking Wake|80\/100|[from] Grassy Terrain\n|upkeep\n|\n|t:|1700128770\n|switch|p2a: Politoed|Politoed, M|75\/100 slp\n|-damage|p2a: Politoed|63\/100 slp|[from] Stealth Rock\n|-weather|RainDance|[from] ability: Drizzle|[of] p2a: Politoed\n|-end|p1a: Walking Wake|Protosynthesis\n|turn|18\n|\n|t:|1700128784\n|-end|p1a: Walking Wake|Protosynthesis|[silent]\n|switch|p1a: Ninetales|Ninetales, M|40\/100\n|-damage|p1a: Ninetales|15\/100|[from] Stealth Rock\n|-weather|SunnyDay|[from] ability: Drought|[of] p1a: Ninetales\n|switch|p2a: Basculegion|Basculegion, M, tera:Water|68\/100\n|-damage|p2a: Basculegion|56\/100|[from] Stealth Rock\n|\n|-weather|SunnyDay|[upkeep]\n|-heal|p1a: Ninetales|21\/100|[from] Grassy Terrain\n|-heal|p2a: Basculegion|62\/100|[from] Grassy Terrain\n|upkeep\n|turn|19\n|\n|t:|1700128799\n|move|p2a: Basculegion|Aqua Jet|p1a: Ninetales\n|-supereffective|p1a: Ninetales\n|-damage|p1a: Ninetales|0 fnt\n|faint|p1a: Ninetales\n|\n|-weather|SunnyDay|[upkeep]\n|-heal|p2a: Basculegion|68\/100|[from] Grassy Terrain\n|upkeep\n|\n|t:|1700128815\n|switch|p1a: Great Tusk|Great Tusk|100\/100\n|-activate|p1a: Great Tusk|ability: Protosynthesis\n|-start|p1a: Great Tusk|protosynthesisatk\n|turn|20\n|\n|t:|1700128820\n|switch|p2a: Politoed|Politoed, M|63\/100 slp\n|-damage|p2a: Politoed|50\/100 slp|[from] Stealth Rock\n|-weather|RainDance|[from] ability: Drizzle|[of] p2a: Politoed\n|-end|p1a: Great Tusk|Protosynthesis\n|move|p1a: Great Tusk|Rapid Spin|p2a: Politoed\n|-damage|p2a: Politoed|30\/100 slp\n|-boost|p1a: Great Tusk|spe|1\n|-sideend|p1: Gooaah|Stealth Rock|[from] move: Rapid Spin|[of] p1a: Great Tusk\n|\n|-weather|RainDance|[upkeep]\n|-heal|p2a: Politoed|36\/100 slp|[from] Grassy Terrain\n|upkeep\n|turn|21\n|\n|t:|1700128831\n|move|p1a: Great Tusk|Headlong Rush|p2a: Politoed\n|-damage|p2a: Politoed|0 fnt\n|-unboost|p1a: Great Tusk|def|1\n|-unboost|p1a: Great Tusk|spd|1\n|faint|p2a: Politoed\n|\n|-weather|RainDance|[upkeep]\n|-fieldend|move: Grassy Terrain\n|upkeep\n|\n|t:|1700128841\n|switch|p2a: Basculegion|Basculegion, M, tera:Water|68\/100\n|-damage|p2a: Basculegion|55\/100|[from] Stealth Rock\n|turn|22\n|\n|t:|1700128847\n|move|p2a: Basculegion|Wave Crash|p1a: Great Tusk\n|-supereffective|p1a: Great Tusk\n|-damage|p1a: Great Tusk|0 fnt\n|faint|p1a: Great Tusk\n|-end|p1a: Great Tusk|Protosynthesis|[silent]\n|-damage|p2a: Basculegion|23\/100|[from] Recoil\n|\n|-weather|RainDance|[upkeep]\n|upkeep\n|\n|t:|1700128850\n|switch|p1a: Skeledirge|Skeledirge, F|100\/100\n|turn|23\n|\n|t:|1700128855\n|move|p2a: Basculegion|Wave Crash|p1a: Skeledirge\n|-supereffective|p1a: Skeledirge\n|-damage|p1a: Skeledirge|0 fnt\n|faint|p1a: Skeledirge\n|-damage|p2a: Basculegion|0 fnt|[from] Recoil\n|faint|p2a: Basculegion\n|\n|-weather|RainDance|[upkeep]\n|upkeep\n|\n|t:|1700128862\n|switch|p2a: Greninja|Greninja, M|78\/100\n|switch|p1a: Walking Wake|Walking Wake|80\/100\n|-damage|p2a: Greninja|66\/100|[from] Stealth Rock\n|turn|24\n|\n|t:|1700128870\n|move|p1a: Walking Wake|Draco Meteor|p2a: Greninja\n|-damage|p2a: Greninja|0 fnt\n|-unboost|p1a: Walking Wake|spa|2\n|faint|p2a: Greninja\n|\n|win|Gooaah\n|raw|Gooaah's rating: 1200 &rarr; <strong>1229<\/strong><br \/>(+29 for winning)\n|raw|Axx66149's rating: 1251 &rarr; <strong>1222<\/strong><br \/>(-29 for losing)\n|c|\u2606Axx66149|gg\n|l|\u2606Axx66149\n","uploadtime":1700128893,"views":30,"p1id":"gooaah","p2id":"axx66149","formatid":"gen9ou","rating":1222,"private":0,"password":""}