{"id":"gen9ou-1996056944","p1":"HailNeptune","p2":"Azamat1404","format":"[Gen 9] OU","log":"|j|\u2606HailNeptune\n|j|\u2606Azamat1404\n|t:|1700636760\n|gametype|singles\n|player|p1|HailNeptune|unknown|1181\n|player|p2|Azamat1404|blue|1280\n|teamsize|p1|6\n|teamsize|p2|6\n|gen|9\n|tier|[Gen 9] OU\n|rated|\n|rule|Sleep Clause Mod: Limit one foe put to sleep\n|rule|Species Clause: Limit one of each Pok\u00e9mon\n|rule|OHKO Clause: OHKO moves are banned\n|rule|Evasion Items Clause: Evasion items are banned\n|rule|Evasion Moves Clause: Evasion moves are banned\n|rule|Endless Battle Clause: Forcing endless battles is banned\n|rule|HP Percentage Mod: HP is shown in percentages\n|clearpoke\n|poke|p1|Poliwrath, F|\n|poke|p1|Pelipper, M|\n|poke|p1|Overqwil, F|\n|poke|p1|Rillaboom, M|\n|poke|p1|Iron Treads|\n|poke|p1|Zapdos|\n|poke|p2|Weezing-Galar, M|\n|poke|p2|Volbeat, M|\n|poke|p2|Jirachi|\n|poke|p2|Samurott-Hisui, M|\n|poke|p2|Alomomola, F|\n|poke|p2|Rillaboom, M|\n|teampreview\n|\n|t:|1700636769\n|start\n|switch|p1a: Pelipper|Pelipper, M, shiny|100\/100\n|switch|p2a: Weezing|Weezing-Galar, M|100\/100\n|-ability|p2a: Weezing|Neutralizing Gas\n|turn|1\n|\n|t:|1700636790\n|switch|p1a: Iron Treads|Iron Treads, shiny|100\/100\n|move|p2a: Weezing|Sludge Bomb|p1a: Iron Treads\n|-immune|p1a: Iron Treads\n|\n|upkeep\n|turn|2\n|\n|t:|1700636796\n|move|p1a: Iron Treads|Rapid Spin|p2a: Weezing\n|-damage|p2a: Weezing|90\/100\n|-boost|p1a: Iron Treads|spe|1\n|move|p2a: Weezing|Will-O-Wisp|p1a: Iron Treads\n|-status|p1a: Iron Treads|brn\n|\n|-heal|p2a: Weezing|96\/100|[from] item: Leftovers\n|-damage|p1a: Iron Treads|94\/100 brn|[from] brn\n|upkeep\n|turn|3\n|\n|t:|1700636807\n|-end|p2a: Weezing|ability: Neutralizing Gas\n|switch|p2a: Rillaboom|Rillaboom, M, shiny|100\/100\n|-fieldstart|move: Grassy Terrain|[from] ability: Grassy Surge|[of] p2a: Rillaboom\n|move|p1a: Iron Treads|Earth Power|p2a: Rillaboom\n|-resisted|p2a: Rillaboom\n|-damage|p2a: Rillaboom|80\/100\n|\n|-heal|p1a: Iron Treads|100\/100 brn|[from] Grassy Terrain\n|-heal|p2a: Rillaboom|86\/100|[from] Grassy Terrain\n|-heal|p2a: Rillaboom|92\/100|[from] item: Leftovers\n|-damage|p1a: Iron Treads|94\/100 brn|[from] brn\n|upkeep\n|turn|4\n|\n|t:|1700636839\n|move|p1a: Iron Treads|Ice Spinner|p2a: Rillaboom\n|-supereffective|p2a: Rillaboom\n|-damage|p2a: Rillaboom|71\/100\n|-fieldend|move: Grassy Terrain\n|move|p2a: Rillaboom|Knock Off|p1a: Iron Treads\n|-damage|p1a: Iron Treads|64\/100 brn\n|-enditem|p1a: Iron Treads|Assault Vest|[from] move: Knock Off|[of] p2a: Rillaboom\n|\n|-heal|p2a: Rillaboom|77\/100|[from] item: Leftovers\n|-damage|p1a: Iron Treads|58\/100 brn|[from] brn\n|upkeep\n|turn|5\n|\n|t:|1700636853\n|move|p1a: Iron Treads|Ice Spinner|p2a: Rillaboom\n|-supereffective|p2a: Rillaboom\n|-damage|p2a: Rillaboom|54\/100\n|move|p2a: Rillaboom|Leech Seed|p1a: Iron Treads\n|-start|p1a: Iron Treads|move: Leech Seed\n|\n|-heal|p2a: Rillaboom|60\/100|[from] item: Leftovers\n|-damage|p1a: Iron Treads|46\/100 brn|[from] Leech Seed|[of] p2a: Rillaboom\n|-heal|p2a: Rillaboom|71\/100|[silent]\n|-damage|p1a: Iron Treads|40\/100 brn|[from] brn\n|upkeep\n|turn|6\n|\n|t:|1700636862\n|move|p1a: Iron Treads|Ice Spinner|p2a: Rillaboom\n|-supereffective|p2a: Rillaboom\n|-damage|p2a: Rillaboom|50\/100\n|move|p2a: Rillaboom|U-turn|p1a: Iron Treads\n|-resisted|p1a: Iron Treads\n|-damage|p1a: Iron Treads|29\/100 brn\n|\n|t:|1700636868\n|switch|p2a: Samurott|Samurott-Hisui, M|100\/100|[from] U-turn\n|\n|-damage|p1a: Iron Treads|17\/100 brn|[from] Leech Seed|[of] p2a: Samurott\n|-damage|p1a: Iron Treads|11\/100 brn|[from] brn\n|upkeep\n|turn|7\n|\n|t:|1700636874\n|-end|p1a: Iron Treads|Quark Drive|[silent]\n|switch|p1a: Pelipper|Pelipper, M, shiny|100\/100\n|-weather|RainDance|[from] ability: Drizzle|[of] p1a: Pelipper\n|move|p2a: Samurott|Swords Dance|p2a: Samurott\n|-boost|p2a: Samurott|atk|2\n|\n|-weather|RainDance|[upkeep]\n|upkeep\n|turn|8\n|\n|t:|1700636883\n|move|p2a: Samurott|Swords Dance|p2a: Samurott\n|-boost|p2a: Samurott|atk|2\n|move|p1a: Pelipper|U-turn|p2a: Samurott\n|-supereffective|p2a: Samurott\n|-damage|p2a: Samurott|78\/100\n|\n|t:|1700636889\n|switch|p1a: Poliwrath|Poliwrath, F|100\/100|[from] U-turn\n|\n|-weather|RainDance|[upkeep]\n|upkeep\n|turn|9\n|\n|t:|1700636896\n|switch|p2a: Alomomola|Alomomola, F|100\/100\n|move|p1a: Poliwrath|Drain Punch|p2a: Alomomola\n|-damage|p2a: Alomomola|83\/100\n|-enditem|p2a: Alomomola|Red Card|[of] p1a: Poliwrath\n|drag|p1a: Overqwil|Overqwil, F|100\/100\n|\n|-weather|RainDance|[upkeep]\n|upkeep\n|turn|10\n|\n|t:|1700636907\n|move|p1a: Overqwil|Swords Dance|p1a: Overqwil\n|-boost|p1a: Overqwil|atk|2\n|move|p2a: Alomomola|Flip Turn|p1a: Overqwil\n|-damage|p1a: Overqwil|72\/100\n|\n|t:|1700636918\n|switch|p2a: Weezing|Weezing-Galar, M|96\/100|[from] Flip Turn\n|-ability|p2a: Weezing|Neutralizing Gas\n|\n|-weather|RainDance|[upkeep]\n|-heal|p2a: Weezing|100\/100|[from] item: Leftovers\n|upkeep\n|turn|11\n|\n|t:|1700636928\n|move|p1a: Overqwil|Gunk Shot|p2a: Weezing\n|-damage|p2a: Weezing|4\/100\n|-damage|p1a: Overqwil|63\/100|[from] item: Life Orb\n|move|p2a: Weezing|Will-O-Wisp|p1a: Overqwil\n|-status|p1a: Overqwil|brn\n|\n|-weather|RainDance|[upkeep]\n|-heal|p2a: Weezing|10\/100|[from] item: Leftovers\n|-damage|p1a: Overqwil|57\/100 brn|[from] brn\n|upkeep\n|turn|12\n|\n|t:|1700636944\n|-end|p2a: Weezing|ability: Neutralizing Gas\n|switch|p2a: Alomomola|Alomomola, F|100\/100\n|move|p1a: Overqwil|Liquidation|p2a: Alomomola\n|-resisted|p2a: Alomomola\n|-damage|p2a: Alomomola|87\/100\n|-damage|p1a: Overqwil|47\/100 brn|[from] item: Life Orb\n|\n|-weather|RainDance|[upkeep]\n|-damage|p1a: Overqwil|41\/100 brn|[from] brn\n|upkeep\n|turn|13\n|\n|t:|1700636955\n|move|p1a: Overqwil|Gunk Shot|p2a: Alomomola|[miss]\n|-miss|p1a: Overqwil|p2a: Alomomola\n|move|p2a: Alomomola|Flip Turn|p1a: Overqwil\n|-damage|p1a: Overqwil|14\/100 brn\n|\n|t:|1700636965\n|switch|p2a: Rillaboom|Rillaboom, M, shiny|50\/100|[from] Flip Turn\n|-fieldstart|move: Grassy Terrain|[from] ability: Grassy Surge|[of] p2a: Rillaboom\n|\n|-weather|RainDance|[upkeep]\n|-heal|p1a: Overqwil|20\/100 brn|[from] Grassy Terrain\n|-heal|p2a: Rillaboom|56\/100|[from] Grassy Terrain\n|-heal|p2a: Rillaboom|62\/100|[from] item: Leftovers\n|-damage|p1a: Overqwil|14\/100 brn|[from] brn\n|upkeep\n|turn|14\n|\n|t:|1700636974\n|move|p2a: Rillaboom|Grassy Glide|p1a: Overqwil\n|-resisted|p1a: Overqwil\n|-crit|p1a: Overqwil\n|-damage|p1a: Overqwil|0 fnt\n|faint|p1a: Overqwil\n|\n|-weather|none\n|-heal|p2a: Rillaboom|69\/100|[from] Grassy Terrain\n|-heal|p2a: Rillaboom|75\/100|[from] item: Leftovers\n|upkeep\n|\n|t:|1700636981\n|switch|p1a: Pelipper|Pelipper, M, shiny|100\/100\n|-weather|RainDance|[from] ability: Drizzle|[of] p1a: Pelipper\n|turn|15\n|\n|t:|1700636992\n|switch|p2a: Jirachi|Jirachi|100\/100\n|switch|p1a: Iron Treads|Iron Treads, shiny|11\/100 brn\n|\n|-weather|RainDance|[upkeep]\n|-heal|p1a: Iron Treads|17\/100 brn|[from] Grassy Terrain\n|-damage|p1a: Iron Treads|11\/100 brn|[from] brn\n|upkeep\n|turn|16\n|\n|t:|1700636999\n|move|p1a: Iron Treads|Earth Power|p2a: Jirachi\n|-supereffective|p2a: Jirachi\n|-damage|p2a: Jirachi|66\/100\n|move|p2a: Jirachi|Fire Punch|p1a: Iron Treads\n|-supereffective|p1a: Iron Treads\n|-damage|p1a: Iron Treads|0 fnt\n|faint|p1a: Iron Treads\n|-end|p1a: Iron Treads|Quark Drive|[silent]\n|\n|-weather|RainDance|[upkeep]\n|-heal|p2a: Jirachi|72\/100|[from] Grassy Terrain\n|upkeep\n|\n|t:|1700637013\n|switch|p1a: Poliwrath|Poliwrath, F|100\/100\n|turn|17\n|\n|t:|1700637020\n|switch|p2a: Alomomola|Alomomola, F|100\/100\n|-terastallize|p1a: Poliwrath|Poison\n|move|p1a: Poliwrath|Belly Drum|p1a: Poliwrath\n|-damage|p1a: Poliwrath|50\/100\n|-setboost|p1a: Poliwrath|atk|6|[from] move: Belly Drum\n|-enditem|p1a: Poliwrath|Sitrus Berry|[eat]\n|-heal|p1a: Poliwrath|75\/100|[from] item: Sitrus Berry\n|\n|-weather|RainDance|[upkeep]\n|-heal|p1a: Poliwrath|82\/100|[from] Grassy Terrain\n|-fieldend|move: Grassy Terrain\n|upkeep\n|turn|18\n|\n|t:|1700637041\n|move|p1a: Poliwrath|Drain Punch|p2a: Alomomola\n|-damage|p2a: Alomomola|30\/100\n|-heal|p1a: Poliwrath|100\/100|[from] drain|[of] p2a: Alomomola\n|move|p2a: Alomomola|Flip Turn|p1a: Poliwrath\n|-damage|p1a: Poliwrath|73\/100\n|inactive|Battle timer is ON: inactive players will automatically lose when time's up. (requested by HailNeptune)\n|\n|t:|1700637047\n|switch|p2a: Volbeat|Volbeat, M|100\/100|[from] Flip Turn\n|\n|-weather|RainDance|[upkeep]\n|upkeep\n|turn|19\n|\n|t:|1700637061\n|move|p2a: Volbeat|Encore|p1a: Poliwrath\n|-start|p1a: Poliwrath|Encore\n|move|p1a: Poliwrath|Drain Punch|p2a: Volbeat\n|-resisted|p2a: Volbeat\n|-damage|p2a: Volbeat|15\/100\n|-heal|p1a: Poliwrath|100\/100|[from] drain|[of] p2a: Volbeat\n|\n|-weather|RainDance|[upkeep]\n|upkeep\n|turn|20\n|\n|t:|1700637069\n|move|p2a: Volbeat|Thunder Wave|p1a: Poliwrath\n|-status|p1a: Poliwrath|par\n|move|p1a: Poliwrath|Drain Punch|p2a: Volbeat\n|-resisted|p2a: Volbeat\n|-damage|p2a: Volbeat|0 fnt\n|faint|p2a: Volbeat\n|\n|-weather|RainDance|[upkeep]\n|upkeep\n|\n|t:|1700637080\n|switch|p2a: Weezing|Weezing-Galar, M|10\/100\n|-ability|p2a: Weezing|Neutralizing Gas\n|turn|21\n|\n|t:|1700637089\n|move|p2a: Weezing|Strange Steam|p1a: Poliwrath\n|-resisted|p1a: Poliwrath\n|-damage|p1a: Poliwrath|84\/100 par\n|move|p1a: Poliwrath|Drain Punch|p2a: Weezing\n|-resisted|p2a: Weezing\n|-damage|p2a: Weezing|0 fnt\n|-heal|p1a: Poliwrath|89\/100 par|[from] drain|[of] p2a: Weezing\n|faint|p2a: Weezing\n|-end|p2a: Weezing|ability: Neutralizing Gas\n|\n|-weather|RainDance|[upkeep]\n|-end|p1a: Poliwrath|Encore\n|upkeep\n|\n|t:|1700637100\n|switch|p2a: Rillaboom|Rillaboom, M, shiny|75\/100\n|-fieldstart|move: Grassy Terrain|[from] ability: Grassy Surge|[of] p2a: Rillaboom\n|turn|22\n|\n|t:|1700637106\n|cant|p1a: Poliwrath|par\n|move|p2a: Rillaboom|Leech Seed|p1a: Poliwrath\n|-start|p1a: Poliwrath|move: Leech Seed\n|\n|-weather|none\n|-heal|p1a: Poliwrath|96\/100 par|[from] Grassy Terrain\n|-heal|p2a: Rillaboom|81\/100|[from] Grassy Terrain\n|-heal|p2a: Rillaboom|87\/100|[from] item: Leftovers\n|-damage|p1a: Poliwrath|83\/100 par|[from] Leech Seed|[of] p2a: Rillaboom\n|-heal|p2a: Rillaboom|97\/100|[silent]\n|upkeep\n|turn|23\n|\n|t:|1700637114\n|move|p2a: Rillaboom|U-turn|p1a: Poliwrath\n|-resisted|p1a: Poliwrath\n|-damage|p1a: Poliwrath|68\/100 par\n|\n|t:|1700637116\n|switch|p2a: Alomomola|Alomomola, F|64\/100|[from] U-turn\n|move|p1a: Poliwrath|Tera Blast|p2a: Alomomola|[anim] Tera Blast Poison\n|-damage|p2a: Alomomola|0 fnt\n|faint|p2a: Alomomola\n|\n|-heal|p1a: Poliwrath|74\/100 par|[from] Grassy Terrain\n|upkeep\n|\n|t:|1700637123\n|switch|p2a: Jirachi|Jirachi|72\/100\n|turn|24\n|\n|t:|1700637136\n|move|p2a: Jirachi|Iron Head|p1a: Poliwrath\n|-damage|p1a: Poliwrath|41\/100 par\n|move|p1a: Poliwrath|Liquidation|p2a: Jirachi\n|-damage|p2a: Jirachi|0 fnt\n|faint|p2a: Jirachi\n|\n|-heal|p1a: Poliwrath|47\/100 par|[from] Grassy Terrain\n|upkeep\n|\n|t:|1700637143\n|switch|p2a: Samurott|Samurott-Hisui, M|78\/100\n|turn|25\n|\n|t:|1700637150\n|move|p2a: Samurott|Ceaseless Edge|p1a: Poliwrath\n|-damage|p1a: Poliwrath|0 fnt\n|-sidestart|p1: HailNeptune|Spikes\n|faint|p1a: Poliwrath\n|\n|-heal|p2a: Samurott|84\/100|[from] Grassy Terrain\n|upkeep\n|\n|t:|1700637157\n|switch|p1a: Rillaboom|Rillaboom, M|100\/100\n|-damage|p1a: Rillaboom|88\/100|[from] Spikes\n|turn|26\n|\n|t:|1700637168\n|switch|p2a: Rillaboom|Rillaboom, M, shiny|97\/100\n|move|p1a: Rillaboom|U-turn|p2a: Rillaboom\n|-supereffective|p2a: Rillaboom\n|-damage|p2a: Rillaboom|17\/100\n|\n|t:|1700637182\n|switch|p1a: Zapdos|Zapdos, shiny|100\/100|[from] U-turn\n|\n|-heal|p2a: Rillaboom|23\/100|[from] Grassy Terrain\n|-heal|p2a: Rillaboom|29\/100|[from] item: Leftovers\n|-fieldend|move: Grassy Terrain\n|upkeep\n|turn|27\n|\n|t:|1700637192\n|move|p1a: Zapdos|Hurricane|p2a: Rillaboom\n|-supereffective|p2a: Rillaboom\n|-damage|p2a: Rillaboom|0 fnt\n|faint|p2a: Rillaboom\n|\n|upkeep\n|\n|t:|1700637194\n|switch|p2a: Samurott|Samurott-Hisui, M|84\/100\n|turn|28\n|\n|t:|1700637198\n|switch|p1a: Pelipper|Pelipper, M, shiny|100\/100\n|-weather|RainDance|[from] ability: Drizzle|[of] p1a: Pelipper\n|-terastallize|p2a: Samurott|Dark\n|move|p2a: Samurott|Swords Dance|p2a: Samurott\n|-boost|p2a: Samurott|atk|2\n|\n|-weather|RainDance|[upkeep]\n|upkeep\n|turn|29\n|\n|t:|1700637206\n|move|p2a: Samurott|Ceaseless Edge|p1a: Pelipper\n|-damage|p1a: Pelipper|0 fnt\n|-sidestart|p1: HailNeptune|Spikes\n|faint|p1a: Pelipper\n|\n|-weather|RainDance|[upkeep]\n|upkeep\n|\n|t:|1700637209\n|switch|p1a: Zapdos|Zapdos, shiny|100\/100\n|turn|30\n|\n|t:|1700637216\n|move|p2a: Samurott|Sucker Punch|p1a: Zapdos\n|-damage|p1a: Zapdos|0 fnt\n|faint|p1a: Zapdos\n|\n|-weather|RainDance|[upkeep]\n|upkeep\n|\n|t:|1700637218\n|switch|p1a: Rillaboom|Rillaboom, M|88\/100\n|-damage|p1a: Rillaboom|72\/100|[from] Spikes\n|-fieldstart|move: Grassy Terrain|[from] ability: Grassy Surge|[of] p1a: Rillaboom\n|turn|31\n|\n|t:|1700637224\n|move|p2a: Samurott|Sucker Punch|p1a: Rillaboom\n|-damage|p1a: Rillaboom|0 fnt\n|faint|p1a: Rillaboom\n|\n|win|Azamat1404\n|raw|HailNeptune's rating: 1181 &rarr; <strong>1163<\/strong><br \/>(-18 for losing)\n|raw|Azamat1404's rating: 1280 &rarr; <strong>1298<\/strong><br \/>(+18 for winning)\n|l|\u2606HailNeptune\n","uploadtime":1700637235,"views":0,"p1id":"hailneptune","p2id":"azamat1404","formatid":"gen9ou","rating":1163,"private":0,"password":""}