{"id":"gen9ou-1992797949","p1":"A copper wire","p2":"SoccerLego4081","format":"[Gen 9] OU","log":"|j|\u2606A copper wire\n|j|\u2606SoccerLego4081\n|t:|1700236342\n|gametype|singles\n|player|p1|A copper wire|depotagent|1424\n|player|p2|SoccerLego4081|hiker-gen4|1372\n|teamsize|p1|6\n|teamsize|p2|6\n|gen|9\n|tier|[Gen 9] OU\n|rated|\n|rule|Sleep Clause Mod: Limit one foe put to sleep\n|rule|Species Clause: Limit one of each Pok\u00e9mon\n|rule|OHKO Clause: OHKO moves are banned\n|rule|Evasion Items Clause: Evasion items are banned\n|rule|Evasion Moves Clause: Evasion moves are banned\n|rule|Endless Battle Clause: Forcing endless battles is banned\n|rule|HP Percentage Mod: HP is shown in percentages\n|clearpoke\n|poke|p1|Clodsire, F|\n|poke|p1|Rillaboom, M|\n|poke|p1|Great Tusk|\n|poke|p1|Dragapult, F|\n|poke|p1|Dondozo, F|\n|poke|p1|Kingambit, M|\n|poke|p2|Goodra-Hisui, F|\n|poke|p2|Moltres|\n|poke|p2|Enamorus, F|\n|poke|p2|Great Tusk|\n|poke|p2|Ogerpon-Wellspring, F|\n|poke|p2|Kommo-o, M|\n|teampreview\n|inactive|Battle timer is ON: inactive players will automatically lose when time's up. (requested by A copper wire)\n|inactive|SoccerLego4081 also wants the timer to be on.\n|\n|t:|1700236357\n|start\n|switch|p1a: IRRELEPHANT|Great Tusk|100\/100\n|switch|p2a: Goodra|Goodra-Hisui, F|100\/100\n|turn|1\n|\n|t:|1700236364\n|switch|p2a: Moltres|Moltres, shiny|100\/100\n|move|p1a: IRRELEPHANT|Knock Off|p2a: Moltres\n|-damage|p2a: Moltres|79\/100\n|-enditem|p2a: Moltres|Heavy-Duty Boots|[from] move: Knock Off|[of] p1a: IRRELEPHANT\n|\n|upkeep\n|turn|2\n|\n|t:|1700236372\n|-end|p1a: IRRELEPHANT|Protosynthesis|[silent]\n|switch|p1a: It's Gliscover|Clodsire, F, shiny|100\/100\n|move|p2a: Moltres|Will-O-Wisp|p1a: It's Gliscover\n|-status|p1a: It's Gliscover|brn\n|\n|-damage|p1a: It's Gliscover|94\/100 brn|[from] brn\n|upkeep\n|turn|3\n|\n|t:|1700236385\n|switch|p2a: Great Tusk|Great Tusk|100\/100\n|move|p1a: It's Gliscover|Toxic|p2a: Great Tusk\n|-status|p2a: Great Tusk|tox\n|\n|-heal|p1a: It's Gliscover|100\/100 brn|[from] item: Leftovers\n|-damage|p2a: Great Tusk|94\/100 tox|[from] psn\n|-damage|p1a: It's Gliscover|94\/100 brn|[from] brn\n|upkeep\n|turn|4\n|\n|t:|1700236393\n|switch|p1a: Monke Man|Rillaboom, M, shiny|100\/100\n|-fieldstart|move: Grassy Terrain|[from] ability: Grassy Surge|[of] p1a: Monke Man\n|move|p2a: Great Tusk|Ice Spinner|p1a: Monke Man\n|-supereffective|p1a: Monke Man\n|-damage|p1a: Monke Man|48\/100\n|-fieldend|move: Grassy Terrain\n|\n|-heal|p2a: Great Tusk|100\/100 tox|[from] item: Leftovers\n|-damage|p2a: Great Tusk|88\/100 tox|[from] psn\n|upkeep\n|turn|5\n|\n|t:|1700236402\n|switch|p1a: wall of dozo|Dondozo, F|100\/100\n|move|p2a: Great Tusk|Bulk Up|p2a: Great Tusk\n|-boost|p2a: Great Tusk|atk|1\n|-boost|p2a: Great Tusk|def|1\n|\n|-heal|p2a: Great Tusk|94\/100 tox|[from] item: Leftovers\n|-damage|p2a: Great Tusk|76\/100 tox|[from] psn\n|upkeep\n|turn|6\n|\n|t:|1700236414\n|-end|p2a: Great Tusk|Protosynthesis|[silent]\n|switch|p2a: Ogerpon|Ogerpon-Wellspring, F|100\/100\n|switch|p1a: Monke Man|Rillaboom, M, shiny|48\/100\n|-fieldstart|move: Grassy Terrain|[from] ability: Grassy Surge|[of] p1a: Monke Man\n|\n|-heal|p1a: Monke Man|54\/100|[from] Grassy Terrain\n|upkeep\n|turn|7\n|\n|t:|1700236420\n|switch|p2a: Moltres|Moltres, shiny|79\/100\n|move|p1a: Monke Man|Grassy Glide|p2a: Moltres\n|-resisted|p2a: Moltres\n|-damage|p2a: Moltres|73\/100\n|\n|-heal|p1a: Monke Man|60\/100|[from] Grassy Terrain\n|upkeep\n|turn|8\n|\n|t:|1700236426\n|switch|p1a: It's Gliscover|Clodsire, F, shiny|94\/100 brn\n|move|p2a: Moltres|Will-O-Wisp|p1a: It's Gliscover\n|-fail|p1a: It's Gliscover|brn\n|\n|-heal|p1a: It's Gliscover|100\/100 brn|[from] Grassy Terrain\n|-damage|p1a: It's Gliscover|94\/100 brn|[from] brn\n|upkeep\n|turn|9\n|\n|t:|1700236430\n|switch|p2a: Great Tusk|Great Tusk|76\/100 tox\n|move|p1a: It's Gliscover|Spikes|p2a: Great Tusk\n|-sidestart|p2: SoccerLego4081|Spikes\n|\n|-heal|p2a: Great Tusk|82\/100 tox|[from] Grassy Terrain\n|-heal|p2a: Great Tusk|88\/100 tox|[from] item: Leftovers\n|-heal|p1a: It's Gliscover|100\/100 brn|[from] Grassy Terrain\n|-damage|p2a: Great Tusk|82\/100 tox|[from] psn\n|-damage|p1a: It's Gliscover|94\/100 brn|[from] brn\n|upkeep\n|turn|10\n|\n|t:|1700236439\n|switch|p1a: wall of dozo|Dondozo, F|100\/100\n|move|p2a: Great Tusk|Ice Spinner|p1a: wall of dozo\n|-resisted|p1a: wall of dozo\n|-damage|p1a: wall of dozo|93\/100\n|-fieldend|move: Grassy Terrain\n|\n|-heal|p2a: Great Tusk|88\/100 tox|[from] item: Leftovers\n|-heal|p1a: wall of dozo|99\/100|[from] item: Leftovers\n|-damage|p2a: Great Tusk|76\/100 tox|[from] psn\n|upkeep\n|turn|11\n|\n|t:|1700236447\n|move|p2a: Great Tusk|Rapid Spin|p1a: wall of dozo\n|-damage|p1a: wall of dozo|90\/100\n|-boost|p2a: Great Tusk|spe|1\n|-sideend|p2: SoccerLego4081|Spikes|[from] move: Rapid Spin|[of] p2a: Great Tusk\n|move|p1a: wall of dozo|Liquidation|p2a: Great Tusk\n|-supereffective|p2a: Great Tusk\n|-damage|p2a: Great Tusk|25\/100 tox\n|\n|-heal|p2a: Great Tusk|31\/100 tox|[from] item: Leftovers\n|-heal|p1a: wall of dozo|96\/100|[from] item: Leftovers\n|-damage|p2a: Great Tusk|13\/100 tox|[from] psn\n|upkeep\n|turn|12\n|\n|t:|1700236454\n|-end|p2a: Great Tusk|Protosynthesis|[silent]\n|switch|p2a: Ogerpon|Ogerpon-Wellspring, F|100\/100\n|move|p1a: wall of dozo|Liquidation|p2a: Ogerpon\n|-immune|p2a: Ogerpon|[from] ability: Water Absorb\n|\n|-heal|p1a: wall of dozo|100\/100|[from] item: Leftovers\n|upkeep\n|turn|13\n|\n|t:|1700236469\n|switch|p1a: Monke Man|Rillaboom, M, shiny|60\/100\n|-fieldstart|move: Grassy Terrain|[from] ability: Grassy Surge|[of] p1a: Monke Man\n|move|p2a: Ogerpon|Swords Dance|p2a: Ogerpon\n|-boost|p2a: Ogerpon|atk|2\n|\n|-heal|p1a: Monke Man|67\/100|[from] Grassy Terrain\n|upkeep\n|turn|14\n|\n|t:|1700236475\n|switch|p2a: Moltres|Moltres, shiny|73\/100\n|move|p1a: Monke Man|Grassy Glide|p2a: Moltres\n|-resisted|p2a: Moltres\n|-damage|p2a: Moltres|66\/100\n|\n|-heal|p1a: Monke Man|73\/100|[from] Grassy Terrain\n|upkeep\n|turn|15\n|\n|t:|1700236485\n|move|p2a: Moltres|Flamethrower|p1a: Monke Man\n|-supereffective|p1a: Monke Man\n|-damage|p1a: Monke Man|22\/100\n|move|p1a: Monke Man|U-turn|p2a: Moltres\n|-resisted|p2a: Moltres\n|-damage|p2a: Moltres|62\/100\n|-status|p1a: Monke Man|brn|[from] ability: Flame Body|[of] p2a: Moltres\n|\n|t:|1700236494\n|switch|p1a: It's Gliscover|Clodsire, F, shiny|94\/100 brn|[from] U-turn\n|\n|-heal|p1a: It's Gliscover|100\/100 brn|[from] Grassy Terrain\n|-damage|p1a: It's Gliscover|94\/100 brn|[from] brn\n|upkeep\n|turn|16\n|\n|t:|1700236517\n|switch|p2a: Goodra|Goodra-Hisui, F|100\/100\n|switch|p1a: Child abuse|Dragapult, F, shiny|100\/100\n|\n|upkeep\n|turn|17\n|\n|t:|1700236522\n|move|p1a: Child abuse|U-turn|p2a: Goodra\n|-resisted|p2a: Goodra\n|-damage|p2a: Goodra|93\/100\n|-ability|p2a: Goodra|Gooey\n|-fail|p1a: Child abuse|unboost|[from] ability: Clear Body|[of] p1a: Child abuse\n|\n|t:|1700236524\n|switch|p1a: It's Gliscover|Clodsire, F, shiny|94\/100 brn|[from] U-turn\n|move|p2a: Goodra|Knock Off|p1a: It's Gliscover\n|-damage|p1a: It's Gliscover|73\/100 brn\n|-enditem|p1a: It's Gliscover|Leftovers|[from] move: Knock Off|[of] p2a: Goodra\n|\n|-heal|p2a: Goodra|99\/100|[from] Grassy Terrain\n|-heal|p1a: It's Gliscover|79\/100 brn|[from] Grassy Terrain\n|-damage|p1a: It's Gliscover|73\/100 brn|[from] brn\n|-fieldend|move: Grassy Terrain\n|upkeep\n|turn|18\n|\n|t:|1700236534\n|move|p1a: It's Gliscover|Spikes|p2a: Goodra\n|-sidestart|p2: SoccerLego4081|Spikes\n|move|p2a: Goodra|Dragon Tail|p1a: It's Gliscover\n|-damage|p1a: It's Gliscover|53\/100 brn\n|drag|p1a: wall of dozo|Dondozo, F|100\/100\n|\n|upkeep\n|turn|19\n|\n|t:|1700236547\n|move|p2a: Goodra|Knock Off|p1a: wall of dozo\n|-damage|p1a: wall of dozo|89\/100\n|-enditem|p1a: wall of dozo|Leftovers|[from] move: Knock Off|[of] p2a: Goodra\n|move|p1a: wall of dozo|Liquidation|p2a: Goodra\n|-resisted|p2a: Goodra\n|-damage|p2a: Goodra|81\/100\n|-ability|p2a: Goodra|Gooey\n|-unboost|p1a: wall of dozo|spe|1\n|\n|upkeep\n|turn|20\n|\n|t:|1700236556\n|switch|p1a: It's Gliscover|Clodsire, F, shiny|53\/100 brn\n|move|p2a: Goodra|Dragon Tail|p1a: It's Gliscover\n|-damage|p1a: It's Gliscover|32\/100 brn\n|drag|p1a: IRRELEPHANT|Great Tusk|100\/100\n|\n|upkeep\n|turn|21\n|\n|t:|1700236561\n|switch|p2a: Moltres|Moltres, shiny|62\/100\n|move|p1a: IRRELEPHANT|Knock Off|p2a: Moltres\n|-damage|p2a: Moltres|49\/100\n|\n|upkeep\n|turn|22\n|\n|t:|1700236568\n|move|p2a: Moltres|U-turn|p1a: IRRELEPHANT\n|-resisted|p1a: IRRELEPHANT\n|-damage|p1a: IRRELEPHANT|96\/100\n|\n|t:|1700236573\n|switch|p2a: Great Tusk|Great Tusk|13\/100 tox|[from] U-turn\n|-damage|p2a: Great Tusk|0 fnt|[from] Spikes\n|faint|p2a: Great Tusk\n|-end|p2a: Great Tusk|Protosynthesis|[silent]\n|move|p1a: IRRELEPHANT|Stealth Rock|p2: Great Tusk\n|-sidestart|p2: SoccerLego4081|move: Stealth Rock\n|\n|-heal|p1a: IRRELEPHANT|100\/100|[from] item: Leftovers\n|upkeep\n|\n|t:|1700236591\n|switch|p2a: Ogerpon|Ogerpon-Wellspring, F|100\/100\n|-damage|p2a: Ogerpon|88\/100|[from] Spikes\n|-damage|p2a: Ogerpon|76\/100|[from] Stealth Rock\n|turn|23\n|\n|t:|1700236600\n|-end|p1a: IRRELEPHANT|Protosynthesis|[silent]\n|switch|p1a: It's Gliscover|Clodsire, F, shiny|32\/100 brn\n|move|p2a: Ogerpon|Ivy Cudgel|p1a: It's Gliscover|[anim] Ivy Cudgel Water\n|-heal|p1a: It's Gliscover|57\/100 brn|[from] ability: Water Absorb|[of] p2a: Ogerpon\n|\n|-damage|p1a: It's Gliscover|51\/100 brn|[from] brn\n|upkeep\n|turn|24\n|\n|t:|1700236604\n|move|p2a: Ogerpon|Horn Leech|p1a: It's Gliscover\n|-damage|p1a: It's Gliscover|9\/100 brn\n|-heal|p2a: Ogerpon|100\/100|[from] drain|[of] p1a: It's Gliscover\n|move|p1a: It's Gliscover|Recover|p1a: It's Gliscover\n|-heal|p1a: It's Gliscover|59\/100 brn\n|\n|-damage|p1a: It's Gliscover|52\/100 brn|[from] brn\n|upkeep\n|turn|25\n|\n|t:|1700236613\n|switch|p1a: Monke Man|Rillaboom, M, shiny|22\/100 brn\n|-fieldstart|move: Grassy Terrain|[from] ability: Grassy Surge|[of] p1a: Monke Man\n|move|p2a: Ogerpon|Swords Dance|p2a: Ogerpon\n|-boost|p2a: Ogerpon|atk|2\n|\n|-heal|p1a: Monke Man|28\/100 brn|[from] Grassy Terrain\n|-damage|p1a: Monke Man|22\/100 brn|[from] brn\n|upkeep\n|turn|26\n|\n|t:|1700236617\n|move|p1a: Monke Man|Grassy Glide|p2a: Ogerpon\n|-damage|p2a: Ogerpon|77\/100\n|move|p2a: Ogerpon|Horn Leech|p1a: Monke Man\n|-resisted|p1a: Monke Man\n|-damage|p1a: Monke Man|0 fnt\n|-heal|p2a: Ogerpon|92\/100|[from] drain|[of] p1a: Monke Man\n|faint|p1a: Monke Man\n|\n|-heal|p2a: Ogerpon|98\/100|[from] Grassy Terrain\n|upkeep\n|\n|t:|1700236623\n|switch|p1a: Child abuse|Dragapult, F, shiny|100\/100\n|turn|27\n|\n|t:|1700236626\n|-terastallize|p2a: Ogerpon|Water\n|detailschange|p2a: Ogerpon|Ogerpon-Wellspring-Tera, F, tera:Water\n|-ability|p2a: Ogerpon|Embody Aspect (Wellspring)|boost\n|-boost|p2a: Ogerpon|spd|1\n|move|p1a: Child abuse|Will-O-Wisp|p2a: Ogerpon\n|-status|p2a: Ogerpon|brn\n|move|p2a: Ogerpon|Ivy Cudgel|p1a: Child abuse|[anim] Ivy Cudgel Water\n|-resisted|p1a: Child abuse\n|-damage|p1a: Child abuse|45\/100\n|\n|-heal|p1a: Child abuse|51\/100|[from] Grassy Terrain\n|-heal|p2a: Ogerpon|100\/100 brn|[from] Grassy Terrain\n|-damage|p2a: Ogerpon|95\/100 brn|[from] brn\n|upkeep\n|turn|28\n|\n|t:|1700236637\n|switch|p1a: It's Gliscover|Clodsire, F, shiny|52\/100 brn\n|move|p2a: Ogerpon|Swords Dance|p2a: Ogerpon\n|-boost|p2a: Ogerpon|atk|2\n|\n|-heal|p2a: Ogerpon|100\/100 brn|[from] Grassy Terrain\n|-heal|p1a: It's Gliscover|59\/100 brn|[from] Grassy Terrain\n|-damage|p2a: Ogerpon|95\/100 brn|[from] brn\n|-damage|p1a: It's Gliscover|52\/100 brn|[from] brn\n|upkeep\n|turn|29\n|\n|t:|1700236644\n|move|p2a: Ogerpon|Swords Dance|p2a: Ogerpon\n|-boost|p2a: Ogerpon|atk|2\n|move|p1a: It's Gliscover|Recover|p1a: It's Gliscover\n|-heal|p1a: It's Gliscover|100\/100 brn\n|\n|-heal|p2a: Ogerpon|100\/100 brn|[from] Grassy Terrain\n|-damage|p2a: Ogerpon|95\/100 brn|[from] brn\n|-damage|p1a: It's Gliscover|94\/100 brn|[from] brn\n|-fieldend|move: Grassy Terrain\n|upkeep\n|turn|30\n|\n|t:|1700236649\n|switch|p1a: wall of dozo|Dondozo, F|89\/100\n|move|p2a: Ogerpon|Horn Leech|p1a: wall of dozo\n|-supereffective|p1a: wall of dozo\n|-damage|p1a: wall of dozo|67\/100\n|-heal|p2a: Ogerpon|100\/100 brn|[from] drain|[of] p1a: wall of dozo\n|\n|-damage|p2a: Ogerpon|95\/100 brn|[from] brn\n|upkeep\n|turn|31\n|\n|t:|1700236657\n|move|p2a: Ogerpon|Horn Leech|p1a: wall of dozo\n|-supereffective|p1a: wall of dozo\n|-damage|p1a: wall of dozo|42\/100\n|-heal|p2a: Ogerpon|100\/100 brn|[from] drain|[of] p1a: wall of dozo\n|move|p1a: wall of dozo|Curse|p1a: wall of dozo\n|-unboost|p1a: wall of dozo|spe|1\n|-boost|p1a: wall of dozo|atk|1\n|-boost|p1a: wall of dozo|def|1\n|\n|-damage|p2a: Ogerpon|95\/100 brn|[from] brn\n|upkeep\n|turn|32\n|\n|t:|1700236662\n|move|p2a: Ogerpon|Horn Leech|p1a: wall of dozo\n|-supereffective|p1a: wall of dozo\n|-damage|p1a: wall of dozo|27\/100\n|-heal|p2a: Ogerpon|100\/100 brn|[from] drain|[of] p1a: wall of dozo\n|move|p1a: wall of dozo|Rest|p1a: wall of dozo\n|-status|p1a: wall of dozo|slp|[from] move: Rest\n|-heal|p1a: wall of dozo|100\/100 slp|[silent]\n|\n|-damage|p2a: Ogerpon|95\/100 brn|[from] brn\n|upkeep\n|turn|33\n|\n|t:|1700236673\n|switch|p2a: Enamorus|Enamorus, F|100\/100\n|-damage|p2a: Enamorus|76\/100|[from] Stealth Rock\n|cant|p1a: wall of dozo|slp\n|move|p1a: wall of dozo|Sleep Talk|p1a: wall of dozo\n|move|p1a: wall of dozo|Rest||[from]move: Sleep Talk|[still]\n|-fail|p1a: wall of dozo\n|\n|upkeep\n|turn|34\n|\n|t:|1700236677\n|switch|p1a: It's Gliscover|Clodsire, F, shiny|94\/100 brn\n|move|p2a: Enamorus|Moonblast|p1a: It's Gliscover\n|-resisted|p1a: It's Gliscover\n|-damage|p1a: It's Gliscover|79\/100 brn\n|\n|-damage|p1a: It's Gliscover|73\/100 brn|[from] brn\n|upkeep\n|turn|35\n|\n|t:|1700236683\n|switch|p2a: Ogerpon|Ogerpon-Wellspring-Tera, F, tera:Water|95\/100 brn\n|-damage|p2a: Ogerpon|82\/100 brn|[from] Spikes\n|-damage|p2a: Ogerpon|70\/100 brn|[from] Stealth Rock\n|-ability|p2a: Ogerpon|Embody Aspect (Wellspring)|boost\n|-boost|p2a: Ogerpon|spd|1\n|move|p1a: It's Gliscover|Toxic||[still]\n|-fail|p1a: It's Gliscover\n|\n|-damage|p2a: Ogerpon|64\/100 brn|[from] brn\n|-damage|p1a: It's Gliscover|66\/100 brn|[from] brn\n|upkeep\n|turn|36\n|\n|t:|1700236687\n|switch|p1a: wall of dozo|Dondozo, F|100\/100 slp\n|move|p2a: Ogerpon|Horn Leech|p1a: wall of dozo\n|-supereffective|p1a: wall of dozo\n|-damage|p1a: wall of dozo|77\/100 slp\n|-heal|p2a: Ogerpon|84\/100 brn|[from] drain|[of] p1a: wall of dozo\n|\n|-damage|p2a: Ogerpon|78\/100 brn|[from] brn\n|upkeep\n|turn|37\n|\n|t:|1700236693\n|move|p2a: Ogerpon|Horn Leech|p1a: wall of dozo\n|-supereffective|p1a: wall of dozo\n|-crit|p1a: wall of dozo\n|-damage|p1a: wall of dozo|41\/100 slp\n|-heal|p2a: Ogerpon|100\/100 brn|[from] drain|[of] p1a: wall of dozo\n|cant|p1a: wall of dozo|slp\n|move|p1a: wall of dozo|Sleep Talk|p1a: wall of dozo\n|move|p1a: wall of dozo|Rest||[from]move: Sleep Talk|[still]\n|-fail|p1a: wall of dozo\n|\n|-damage|p2a: Ogerpon|95\/100 brn|[from] brn\n|upkeep\n|turn|38\n|\n|t:|1700236698\n|move|p2a: Ogerpon|Horn Leech|p1a: wall of dozo\n|-supereffective|p1a: wall of dozo\n|-damage|p1a: wall of dozo|15\/100 slp\n|-heal|p2a: Ogerpon|100\/100 brn|[from] drain|[of] p1a: wall of dozo\n|-curestatus|p1a: wall of dozo|slp|[msg]\n|move|p1a: wall of dozo|Rest|p1a: wall of dozo\n|-status|p1a: wall of dozo|slp|[from] move: Rest\n|-heal|p1a: wall of dozo|100\/100 slp|[silent]\n|\n|-damage|p2a: Ogerpon|95\/100 brn|[from] brn\n|upkeep\n|turn|39\n|\n|t:|1700236703\n|switch|p1a: Muzio|Kingambit, M|100\/100\n|-activate|p1a: Muzio|ability: Supreme Overlord\n|-start|p1a: Muzio|fallen1|[silent]\n|move|p2a: Ogerpon|Horn Leech|p1a: Muzio\n|-resisted|p1a: Muzio\n|-damage|p1a: Muzio|92\/100\n|-heal|p2a: Ogerpon|99\/100 brn|[from] drain|[of] p1a: Muzio\n|\n|-heal|p1a: Muzio|98\/100|[from] item: Leftovers\n|-damage|p2a: Ogerpon|94\/100 brn|[from] brn\n|upkeep\n|turn|40\n|\n|t:|1700236726\n|switch|p2a: Moltres|Moltres, shiny|49\/100\n|-damage|p2a: Moltres|0 fnt|[from] Stealth Rock\n|faint|p2a: Moltres\n|-end|p1a: Muzio|fallen1|[silent]\n|switch|p1a: Child abuse|Dragapult, F, shiny|51\/100\n|\n|upkeep\n|\n|t:|1700236735\n|switch|p2a: Goodra|Goodra-Hisui, F|81\/100\n|-damage|p2a: Goodra|68\/100|[from] Spikes\n|-damage|p2a: Goodra|62\/100|[from] Stealth Rock\n|turn|41\n|\n|t:|1700236744\n|move|p1a: Child abuse|Will-O-Wisp|p2a: Goodra\n|-status|p2a: Goodra|brn\n|move|p2a: Goodra|Dragon Tail|p1a: Child abuse\n|-supereffective|p1a: Child abuse\n|-damage|p1a: Child abuse|21\/100\n|drag|p1a: IRRELEPHANT|Great Tusk|100\/100\n|\n|-damage|p2a: Goodra|56\/100 brn|[from] brn\n|upkeep\n|turn|42\n|\n|t:|1700236753\n|switch|p2a: Enamorus|Enamorus, F|76\/100\n|-damage|p2a: Enamorus|51\/100|[from] Stealth Rock\n|move|p1a: IRRELEPHANT|Knock Off|p2a: Enamorus\n|-resisted|p2a: Enamorus\n|-damage|p2a: Enamorus|28\/100\n|-enditem|p2a: Enamorus|Choice Scarf|[from] move: Knock Off|[of] p1a: IRRELEPHANT\n|\n|upkeep\n|turn|43\n|\n|t:|1700236762\n|-end|p1a: IRRELEPHANT|Protosynthesis|[silent]\n|switch|p1a: It's Gliscover|Clodsire, F, shiny|66\/100 brn\n|move|p2a: Enamorus|Moonblast|p1a: It's Gliscover\n|-resisted|p1a: It's Gliscover\n|-damage|p1a: It's Gliscover|52\/100 brn\n|\n|-damage|p1a: It's Gliscover|46\/100 brn|[from] brn\n|upkeep\n|turn|44\n|\n|t:|1700236764\n|move|p2a: Enamorus|Earth Power|p1a: It's Gliscover\n|-supereffective|p1a: It's Gliscover\n|-damage|p1a: It's Gliscover|7\/100 brn\n|move|p1a: It's Gliscover|Recover|p1a: It's Gliscover\n|-heal|p1a: It's Gliscover|57\/100 brn\n|\n|-damage|p1a: It's Gliscover|50\/100 brn|[from] brn\n|upkeep\n|turn|45\n|\n|t:|1700236779\n|switch|p2a: Ogerpon|Ogerpon-Wellspring-Tera, F, tera:Water|94\/100 brn\n|-damage|p2a: Ogerpon|82\/100 brn|[from] Spikes\n|-damage|p2a: Ogerpon|70\/100 brn|[from] Stealth Rock\n|-ability|p2a: Ogerpon|Embody Aspect (Wellspring)|boost\n|-boost|p2a: Ogerpon|spd|1\n|move|p1a: It's Gliscover|Recover|p1a: It's Gliscover\n|-heal|p1a: It's Gliscover|100\/100 brn\n|\n|-damage|p2a: Ogerpon|64\/100 brn|[from] brn\n|-damage|p1a: It's Gliscover|94\/100 brn|[from] brn\n|upkeep\n|turn|46\n|\n|t:|1700236787\n|switch|p2a: Enamorus|Enamorus, F|28\/100\n|-damage|p2a: Enamorus|3\/100|[from] Stealth Rock\n|move|p1a: It's Gliscover|Spikes|p2a: Enamorus\n|-sidestart|p2: SoccerLego4081|Spikes\n|\n|-damage|p1a: It's Gliscover|88\/100 brn|[from] brn\n|upkeep\n|turn|47\n|\n|t:|1700236806\n|move|p2a: Enamorus|Healing Wish|p2a: Enamorus\n|faint|p2a: Enamorus\n|move|p1a: It's Gliscover|Spikes|p2: Enamorus\n|-sidestart|p2: SoccerLego4081|Spikes\n|\n|-damage|p1a: It's Gliscover|82\/100 brn|[from] brn\n|upkeep\n|\n|t:|1700236808\n|switch|p2a: Boommo-o|Kommo-o, M|100\/100\n|-damage|p2a: Boommo-o|76\/100|[from] Spikes\n|-damage|p2a: Boommo-o|70\/100|[from] Stealth Rock\n|turn|48\n|\n|t:|1700236815\n|move|p2a: Boommo-o|Clangorous Soul|p2a: Boommo-o\n|-boost|p2a: Boommo-o|atk|1\n|-boost|p2a: Boommo-o|def|1\n|-boost|p2a: Boommo-o|spa|1\n|-boost|p2a: Boommo-o|spd|1\n|-boost|p2a: Boommo-o|spe|1\n|-damage|p2a: Boommo-o|37\/100\n|-enditem|p2a: Boommo-o|Throat Spray\n|-boost|p2a: Boommo-o|spa|1|[from] item: Throat Spray\n|move|p1a: It's Gliscover|Toxic|p2a: Boommo-o\n|-status|p2a: Boommo-o|tox\n|\n|-damage|p2a: Boommo-o|30\/100 tox|[from] psn\n|-damage|p1a: It's Gliscover|75\/100 brn|[from] brn\n|upkeep\n|turn|49\n|\n|t:|1700236820\n|switch|p1a: wall of dozo|Dondozo, F|100\/100 slp\n|move|p2a: Boommo-o|Drain Punch|p1a: wall of dozo\n|-damage|p1a: wall of dozo|85\/100 slp\n|-heal|p2a: Boommo-o|44\/100 tox|[from] drain|[of] p1a: wall of dozo\n|\n|-damage|p2a: Boommo-o|32\/100 tox|[from] psn\n|upkeep\n|turn|50\n|\n|t:|1700236826\n|move|p2a: Boommo-o|Clanging Scales|p1a: wall of dozo\n|-damage|p1a: wall of dozo|41\/100 slp\n|-unboost|p2a: Boommo-o|def|1\n|cant|p1a: wall of dozo|slp\n|move|p1a: wall of dozo|Sleep Talk|p1a: wall of dozo\n|move|p1a: wall of dozo|Rest||[from]move: Sleep Talk|[still]\n|-fail|p1a: wall of dozo\n|\n|-damage|p2a: Boommo-o|13\/100 tox|[from] psn\n|upkeep\n|turn|51\n|\n|t:|1700236830\n|move|p2a: Boommo-o|Clanging Scales|p1a: wall of dozo\n|-damage|p1a: wall of dozo|0 fnt\n|faint|p1a: wall of dozo\n|-unboost|p2a: Boommo-o|def|1\n|\n|-damage|p2a: Boommo-o|0 fnt|[from] psn\n|faint|p2a: Boommo-o\n|upkeep\n|\n|t:|1700236841\n|switch|p2a: Ogerpon|Ogerpon-Wellspring-Tera, F, tera:Water|64\/100 brn\n|switch|p1a: It's Gliscover|Clodsire, F, shiny|75\/100 brn\n|-heal|p2a: Ogerpon|100\/100|[from] move: Healing Wish\n|-damage|p2a: Ogerpon|76\/100|[from] Spikes\n|-damage|p2a: Ogerpon|63\/100|[from] Stealth Rock\n|-ability|p2a: Ogerpon|Embody Aspect (Wellspring)|boost\n|-boost|p2a: Ogerpon|spd|1\n|turn|52\n|\n|t:|1700236858\n|move|p2a: Ogerpon|Swords Dance|p2a: Ogerpon\n|-boost|p2a: Ogerpon|atk|2\n|move|p1a: It's Gliscover|Toxic|p2a: Ogerpon\n|-status|p2a: Ogerpon|tox\n|\n|-damage|p2a: Ogerpon|57\/100 tox|[from] psn\n|-damage|p1a: It's Gliscover|69\/100 brn|[from] brn\n|upkeep\n|turn|53\n|\n|t:|1700236877\n|switch|p1a: Child abuse|Dragapult, F, shiny|21\/100\n|move|p2a: Ogerpon|Swords Dance|p2a: Ogerpon\n|-boost|p2a: Ogerpon|atk|2\n|\n|-damage|p2a: Ogerpon|45\/100 tox|[from] psn\n|upkeep\n|turn|54\n|\n|t:|1700236882\n|move|p1a: Child abuse|Draco Meteor|p2a: Ogerpon\n|-damage|p2a: Ogerpon|0 fnt\n|-unboost|p1a: Child abuse|spa|2\n|faint|p2a: Ogerpon\n|\n|upkeep\n|-message|SoccerLego4081 forfeited.\n|\n|win|A copper wire\n|raw|A copper wire's rating: 1424 &rarr; <strong>1441<\/strong><br \/>(+17 for winning)\n|raw|SoccerLego4081's rating: 1372 &rarr; <strong>1355<\/strong><br \/>(-17 for losing)\n|l|\u2606SoccerLego4081\n","uploadtime":1700236898,"views":9,"p1id":"acopperwire","p2id":"soccerlego4081","formatid":"gen9ou","rating":1355,"private":0,"password":""}