{"id":"gen9ou-1996635776","p1":"Dieu crepe","p2":"Pandabot42","format":"[Gen 9] OU","log":"|j|\u2606Dieu crepe\n|j|\u2606Pandabot42\n|t:|1700703403\n|gametype|singles\n|player|p1|Dieu crepe|170|1045\n|player|p2|Pandabot42|steven|1125\n|teamsize|p1|6\n|teamsize|p2|6\n|gen|9\n|tier|[Gen 9] OU\n|rated|\n|rule|Sleep Clause Mod: Limit one foe put to sleep\n|rule|Species Clause: Limit one of each Pok\u00e9mon\n|rule|OHKO Clause: OHKO moves are banned\n|rule|Evasion Items Clause: Evasion items are banned\n|rule|Evasion Moves Clause: Evasion moves are banned\n|rule|Endless Battle Clause: Forcing endless battles is banned\n|rule|HP Percentage Mod: HP is shown in percentages\n|clearpoke\n|poke|p1|Amoonguss, F|\n|poke|p1|Gholdengo|\n|poke|p1|Zamazenta-*|\n|poke|p1|Ting-Lu|\n|poke|p1|Zapdos|\n|poke|p1|Slowking, F|\n|poke|p2|Alomomola, F|\n|poke|p2|Dragapult, M|\n|poke|p2|Landorus-Therian, M|\n|poke|p2|Heatran, M|\n|poke|p2|Zamazenta-*|\n|poke|p2|Ninetales-Alola, F|\n|teampreview\n|c|\u2606Pandabot42|glhf\n|inactive|Battle timer is ON: inactive players will automatically lose when time's up. (requested by Pandabot42)\n|\n|t:|1700703433\n|start\n|switch|p1a: Slowking|Slowking, F|100\/100\n|switch|p2a: Alomomola|Alomomola, F|100\/100\n|turn|1\n|\n|t:|1700703441\n|move|p2a: Alomomola|Flip Turn|p1a: Slowking\n|-resisted|p1a: Slowking\n|-damage|p1a: Slowking|94\/100\n|\n|t:|1700703445\n|switch|p2a: Ninetales|Ninetales-Alola, F|100\/100|[from] Flip Turn\n|-weather|Snow|[from] ability: Snow Warning|[of] p2a: Ninetales\n|move|p1a: Slowking|Future Sight|p2a: Ninetales\n|-start|p1a: Slowking|move: Future Sight\n|\n|-weather|Snow|[upkeep]\n|upkeep\n|turn|2\n|\n|t:|1700703453\n|switch|p1a: Gholdengo|Gholdengo|100\/100\n|move|p2a: Ninetales|Aurora Veil|p2a: Ninetales\n|-sidestart|p2: Pandabot42|move: Aurora Veil\n|\n|-weather|Snow|[upkeep]\n|upkeep\n|turn|3\n|\n|t:|1700703461\n|switch|p2a: Heatran|Heatran, M|100\/100\n|move|p1a: Gholdengo|Shadow Ball|p2a: Heatran\n|-damage|p2a: Heatran|74\/100\n|\n|-weather|Snow|[upkeep]\n|-end|p2a: Heatran|move: Future Sight\n|-resisted|p2a: Heatran\n|-damage|p2a: Heatran|65\/100\n|-heal|p2a: Heatran|71\/100|[from] item: Leftovers\n|upkeep\n|turn|4\n|\n|t:|1700703484\n|switch|p1a: Ting-Lu|Ting-Lu|100\/100\n|-ability|p1a: Ting-Lu|Vessel of Ruin\n|move|p2a: Heatran|Lava Plume|p1a: Ting-Lu\n|-damage|p1a: Ting-Lu|81\/100\n|\n|-weather|Snow|[upkeep]\n|-heal|p2a: Heatran|77\/100|[from] item: Leftovers\n|upkeep\n|turn|5\n|\n|t:|1700703497\n|switch|p2a: Landorus|Landorus-Therian, M|100\/100\n|-ability|p2a: Landorus|Intimidate|boost\n|-unboost|p1a: Ting-Lu|atk|1\n|move|p1a: Ting-Lu|Stealth Rock|p2a: Landorus\n|-sidestart|p2: Pandabot42|move: Stealth Rock\n|\n|-weather|none\n|upkeep\n|turn|6\n|\n|t:|1700703512\n|move|p2a: Landorus|U-turn|p1a: Ting-Lu\n|-supereffective|p1a: Ting-Lu\n|-damage|p1a: Ting-Lu|53\/100\n|\n|t:|1700703524\n|switch|p2a: Alomomola|Alomomola, F|100\/100|[from] U-turn\n|-damage|p2a: Alomomola|88\/100|[from] Stealth Rock\n|move|p1a: Ting-Lu|Whirlwind|p2a: Alomomola\n|drag|p2a: Ninetales|Ninetales-Alola, F|100\/100\n|-damage|p2a: Ninetales|76\/100|[from] Stealth Rock\n|-weather|Snow|[from] ability: Snow Warning|[of] p2a: Ninetales\n|\n|-weather|Snow|[upkeep]\n|-sideend|p2: Pandabot42|move: Aurora Veil\n|upkeep\n|turn|7\n|\n|t:|1700703542\n|switch|p1a: Zamazenta|Zamazenta|100\/100\n|-ability|p1a: Zamazenta|Dauntless Shield|boost\n|-boost|p1a: Zamazenta|def|1\n|move|p2a: Ninetales|Aurora Veil|p2a: Ninetales\n|-sidestart|p2: Pandabot42|move: Aurora Veil\n|\n|-weather|Snow|[upkeep]\n|upkeep\n|turn|8\n|inactive|Pandabot42 has 120 seconds left.\n|\n|t:|1700703557\n|move|p1a: Zamazenta|Heavy Slam|p2a: Ninetales\n|-supereffective|p2a: Ninetales\n|-damage|p2a: Ninetales|1\/100\n|move|p2a: Ninetales|Moonblast|p1a: Zamazenta\n|-supereffective|p1a: Zamazenta\n|-damage|p1a: Zamazenta|37\/100\n|-unboost|p1a: Zamazenta|spa|1\n|\n|-weather|Snow|[upkeep]\n|upkeep\n|turn|9\n|\n|t:|1700703566\n|move|p1a: Zamazenta|Heavy Slam|p2a: Ninetales\n|-supereffective|p2a: Ninetales\n|-damage|p2a: Ninetales|0 fnt\n|faint|p2a: Ninetales\n|\n|-weather|Snow|[upkeep]\n|upkeep\n|inactive|Pandabot42 has 120 seconds left.\n|\n|t:|1700703582\n|switch|p2a: Dragapult|Dragapult, M|100\/100\n|-damage|p2a: Dragapult|88\/100|[from] Stealth Rock\n|turn|10\n|inactive|Pandabot42 has 120 seconds left.\n|\n|t:|1700703593\n|move|p2a: Dragapult|Shadow Ball|p1a: Zamazenta\n|-crit|p1a: Zamazenta\n|-damage|p1a: Zamazenta|0 fnt\n|faint|p1a: Zamazenta\n|\n|-weather|none\n|upkeep\n|\n|t:|1700703597\n|switch|p1a: Ting-Lu|Ting-Lu|53\/100\n|-ability|p1a: Ting-Lu|Vessel of Ruin\n|turn|11\n|\n|t:|1700703603\n|switch|p2a: Alomomola|Alomomola, F|100\/100\n|-damage|p2a: Alomomola|88\/100|[from] Stealth Rock\n|move|p1a: Ting-Lu|Ruination|p2a: Alomomola\n|-damage|p2a: Alomomola|44\/100\n|\n|-heal|p2a: Alomomola|50\/100|[from] item: Leftovers\n|-sideend|p2: Pandabot42|move: Aurora Veil\n|upkeep\n|turn|12\n|\n|t:|1700703624\n|switch|p1a: Slowking|Slowking, F|100\/100\n|move|p2a: Alomomola|Wish|p2a: Alomomola\n|\n|-heal|p2a: Alomomola|57\/100|[from] item: Leftovers\n|upkeep\n|turn|13\n|\n|t:|1700703629\n|move|p2a: Alomomola|Flip Turn|p1a: Slowking\n|-resisted|p1a: Slowking\n|-damage|p1a: Slowking|93\/100\n|\n|t:|1700703643\n|switch|p2a: Dragapult|Dragapult, M|88\/100|[from] Flip Turn\n|-damage|p2a: Dragapult|76\/100|[from] Stealth Rock\n|move|p1a: Slowking|Future Sight|p2a: Dragapult\n|-start|p1a: Slowking|move: Future Sight\n|\n|-heal|p2a: Dragapult|100\/100|[from] move: Wish|[wisher] Alomomola\n|upkeep\n|turn|14\n|\n|t:|1700703655\n|move|p2a: Dragapult|Draco Meteor|p1a: Slowking|[miss]\n|-miss|p2a: Dragapult|p1a: Slowking\n|move|p1a: Slowking|Chilly Reception|p1a: Slowking\n|-weather|Snow\n|\n|t:|1700703658\n|switch|p1a: Zapdos|Zapdos|100\/100|[from] Chilly Reception\n|\n|-weather|Snow|[upkeep]\n|upkeep\n|turn|15\n|\n|t:|1700703665\n|move|p2a: Dragapult|Draco Meteor|p1a: Zapdos\n|-damage|p1a: Zapdos|0 fnt\n|-unboost|p2a: Dragapult|spa|2\n|faint|p1a: Zapdos\n|\n|-weather|Snow|[upkeep]\n|-end|p2a: Dragapult|move: Future Sight\n|-damage|p2a: Dragapult|45\/100\n|upkeep\n|\n|t:|1700703683\n|switch|p1a: Ting-Lu|Ting-Lu|53\/100\n|-ability|p1a: Ting-Lu|Vessel of Ruin\n|turn|16\n|\n|t:|1700703689\n|switch|p2a: Alomomola|Alomomola, F|90\/100\n|-damage|p2a: Alomomola|78\/100|[from] Stealth Rock\n|move|p1a: Ting-Lu|Ruination|p2a: Alomomola\n|-damage|p2a: Alomomola|39\/100\n|\n|-weather|Snow|[upkeep]\n|-heal|p2a: Alomomola|45\/100|[from] item: Leftovers\n|upkeep\n|turn|17\n|\n|t:|1700703698\n|switch|p1a: Amoonguss|Amoonguss, F|100\/100\n|move|p2a: Alomomola|Wish|p2a: Alomomola\n|\n|-weather|Snow|[upkeep]\n|-heal|p2a: Alomomola|51\/100|[from] item: Leftovers\n|upkeep\n|turn|18\n|\n|t:|1700703717\n|move|p2a: Alomomola|Flip Turn|p1a: Amoonguss\n|-resisted|p1a: Amoonguss\n|-damage|p1a: Amoonguss|94\/100\n|\n|t:|1700703720\n|switch|p2a: Dragapult|Dragapult, M|45\/100|[from] Flip Turn\n|-damage|p2a: Dragapult|33\/100|[from] Stealth Rock\n|move|p1a: Amoonguss|Spore|p2a: Dragapult\n|-status|p2a: Dragapult|slp|[from] move: Spore\n|\n|-weather|none\n|-heal|p2a: Dragapult|100\/100 slp|[from] move: Wish|[wisher] Alomomola\n|upkeep\n|turn|19\n|\n|t:|1700703737\n|switch|p1a: Gholdengo|Gholdengo|100\/100\n|cant|p2a: Dragapult|slp\n|\n|upkeep\n|turn|20\n|\n|t:|1700703755\n|switch|p2a: Landorus|Landorus-Therian, M|100\/100\n|-damage|p2a: Landorus|88\/100|[from] Stealth Rock\n|-ability|p2a: Landorus|Intimidate|boost\n|-unboost|p1a: Gholdengo|atk|1\n|move|p1a: Gholdengo|Shadow Ball|p2a: Landorus\n|-damage|p2a: Landorus|37\/100\n|\n|upkeep\n|turn|21\n|\n|t:|1700703766\n|switch|p1a: Amoonguss|Amoonguss, F|100\/100\n|move|p2a: Landorus|Earthquake|p1a: Amoonguss\n|-damage|p1a: Amoonguss|57\/100\n|\n|upkeep\n|turn|22\n|\n|t:|1700703779\n|move|p2a: Landorus|Earthquake|p1a: Amoonguss\n|-damage|p1a: Amoonguss|11\/100\n|move|p1a: Amoonguss|Giga Drain|p2a: Landorus\n|-damage|p2a: Landorus|16\/100\n|-heal|p1a: Amoonguss|18\/100|[from] drain|[of] p2a: Landorus\n|\n|upkeep\n|turn|23\n|\n|t:|1700703787\n|switch|p1a: Slowking|Slowking, F|100\/100\n|move|p2a: Landorus|Earthquake|p1a: Slowking\n|-crit|p1a: Slowking\n|-damage|p1a: Slowking|5\/100\n|\n|upkeep\n|turn|24\n|\n|t:|1700703791\n|move|p2a: Landorus|Earthquake|p1a: Slowking\n|-damage|p1a: Slowking|0 fnt\n|faint|p1a: Slowking\n|\n|upkeep\n|\n|t:|1700703796\n|switch|p1a: Ting-Lu|Ting-Lu|53\/100\n|-ability|p1a: Ting-Lu|Vessel of Ruin\n|turn|25\n|\n|t:|1700703802\n|move|p2a: Landorus|U-turn|p1a: Ting-Lu\n|-supereffective|p1a: Ting-Lu\n|-damage|p1a: Ting-Lu|22\/100\n|\n|t:|1700703809\n|switch|p2a: Alomomola|Alomomola, F|85\/100|[from] U-turn\n|-damage|p2a: Alomomola|72\/100|[from] Stealth Rock\n|move|p1a: Ting-Lu|Ruination|p2a: Alomomola|[miss]\n|-miss|p1a: Ting-Lu|p2a: Alomomola\n|\n|-heal|p2a: Alomomola|79\/100|[from] item: Leftovers\n|upkeep\n|turn|26\n|\n|t:|1700703817\n|move|p2a: Alomomola|Wish|p2a: Alomomola\n|move|p1a: Ting-Lu|Whirlwind|p2a: Alomomola\n|drag|p2a: Landorus|Landorus-Therian, M|16\/100\n|-damage|p2a: Landorus|4\/100|[from] Stealth Rock\n|-ability|p2a: Landorus|Intimidate|boost\n|-unboost|p1a: Ting-Lu|atk|1\n|\n|upkeep\n|turn|27\n|\n|t:|1700703826\n|move|p2a: Landorus|Earthquake|p1a: Ting-Lu\n|-damage|p1a: Ting-Lu|0 fnt\n|faint|p1a: Ting-Lu\n|\n|-heal|p2a: Landorus|88\/100|[from] move: Wish|[wisher] Alomomola\n|upkeep\n|-message|Dieu crepe forfeited.\n|\n|win|Pandabot42\n|raw|Dieu crepe's rating: 1045 &rarr; <strong>1032<\/strong><br \/>(-13 for losing)\n|raw|Pandabot42's rating: 1125 &rarr; <strong>1144<\/strong><br \/>(+19 for winning)\n|l|\u2606Dieu crepe\n|c|\u2606Pandabot42|gg\n","uploadtime":1700703838,"views":3,"p1id":"dieucrepe","p2id":"pandabot42","formatid":"gen9ou","rating":1032,"private":0,"password":""}