{"id":"gen9ou-2000133056","p1":"SwiftTrim","p2":"FRANKBLOCK","format":"[Gen 9] OU","log":"|j|\u2606SwiftTrim\n|j|\u2606FRANKBLOCK\n|t:|1701160703\n|gametype|singles\n|player|p1|SwiftTrim|infielder|1313\n|player|p2|FRANKBLOCK|ltsurge|1206\n|teamsize|p1|6\n|teamsize|p2|6\n|gen|9\n|tier|[Gen 9] OU\n|rated|\n|rule|Sleep Clause Mod: Limit one foe put to sleep\n|rule|Species Clause: Limit one of each Pok\u00e9mon\n|rule|OHKO Clause: OHKO moves are banned\n|rule|Evasion Items Clause: Evasion items are banned\n|rule|Evasion Moves Clause: Evasion moves are banned\n|rule|Endless Battle Clause: Forcing endless battles is banned\n|rule|HP Percentage Mod: HP is shown in percentages\n|clearpoke\n|poke|p1|Gholdengo|\n|poke|p1|Ting-Lu|\n|poke|p1|Manaphy|\n|poke|p1|Iron Moth|\n|poke|p1|Cryogonal|\n|poke|p1|Dragonite, F|\n|poke|p2|Torkoal, F|\n|poke|p2|Walking Wake|\n|poke|p2|Cinderace, F|\n|poke|p2|Sandy Shocks|\n|poke|p2|Slither Wing|\n|poke|p2|Rillaboom, M|\n|teampreview\n|\n|t:|1701160716\n|start\n|switch|p1a: Ting-Lu|Ting-Lu|100\/100\n|switch|p2a: Slither Wing|Slither Wing|100\/100\n|-ability|p1a: Ting-Lu|Vessel of Ruin\n|turn|1\n|\n|t:|1701160735\n|move|p2a: Slither Wing|U-turn|p1a: Ting-Lu\n|-supereffective|p1a: Ting-Lu\n|-damage|p1a: Ting-Lu|55\/100\n|\n|t:|1701160739\n|-end|p2a: Slither Wing|Protosynthesis|[silent]\n|switch|p2a: Walking Wake|Walking Wake|100\/100|[from] U-turn\n|move|p1a: Ting-Lu|Stealth Rock|p2a: Walking Wake\n|-sidestart|p2: FRANKBLOCK|move: Stealth Rock\n|\n|-heal|p1a: Ting-Lu|61\/100|[from] item: Leftovers\n|upkeep\n|turn|2\n|\n|t:|1701160749\n|move|p2a: Walking Wake|Dragon Pulse|p1a: Ting-Lu\n|-damage|p1a: Ting-Lu|22\/100\n|move|p1a: Ting-Lu|Spikes|p2a: Walking Wake\n|-sidestart|p2: FRANKBLOCK|Spikes\n|\n|-heal|p1a: Ting-Lu|28\/100|[from] item: Leftovers\n|upkeep\n|turn|3\n|\n|t:|1701160752\n|move|p2a: Walking Wake|Dragon Pulse|p1a: Ting-Lu\n|-damage|p1a: Ting-Lu|0 fnt\n|faint|p1a: Ting-Lu\n|\n|upkeep\n|\n|t:|1701160756\n|switch|p1a: Gholdengo|Gholdengo|100\/100\n|turn|4\n|\n|t:|1701160762\n|-end|p2a: Walking Wake|Protosynthesis|[silent]\n|switch|p2a: Slither Wing|Slither Wing|100\/100\n|-damage|p2a: Slither Wing|88\/100|[from] Stealth Rock\n|-damage|p2a: Slither Wing|76\/100|[from] Spikes\n|move|p1a: Gholdengo|Thunder Wave|p2a: Slither Wing\n|-status|p2a: Slither Wing|par\n|\n|upkeep\n|turn|5\n|\n|t:|1701160769\n|move|p1a: Gholdengo|Hex|p2a: Slither Wing\n|-damage|p2a: Slither Wing|0 fnt\n|faint|p2a: Slither Wing\n|-end|p2a: Slither Wing|Protosynthesis|[silent]\n|\n|upkeep\n|\n|t:|1701160773\n|switch|p2a: Sandy Shocks|Sandy Shocks|100\/100\n|-damage|p2a: Sandy Shocks|94\/100|[from] Stealth Rock\n|-damage|p2a: Sandy Shocks|82\/100|[from] Spikes\n|turn|6\n|\n|t:|1701160777\n|switch|p1a: Cryogonal|Cryogonal, shiny|100\/100\n|move|p2a: Sandy Shocks|Earth Power|p1a: Cryogonal\n|-immune|p1a: Cryogonal|[from] ability: Levitate\n|\n|upkeep\n|turn|7\n|\n|t:|1701160783\n|-end|p2a: Sandy Shocks|Protosynthesis|[silent]\n|switch|p2a: Torkoal|Torkoal, F|100\/100\n|-damage|p2a: Torkoal|76\/100|[from] Stealth Rock\n|-damage|p2a: Torkoal|63\/100|[from] Spikes\n|-weather|SunnyDay|[from] ability: Drought|[of] p2a: Torkoal\n|move|p1a: Cryogonal|Freeze-Dry|p2a: Torkoal\n|-resisted|p2a: Torkoal\n|-damage|p2a: Torkoal|45\/100\n|\n|-weather|SunnyDay|[upkeep]\n|upkeep\n|turn|8\n|\n|t:|1701160793\n|move|p1a: Cryogonal|Freeze-Dry|p2a: Torkoal\n|-resisted|p2a: Torkoal\n|-damage|p2a: Torkoal|24\/100\n|move|p2a: Torkoal|Lava Plume|p1a: Cryogonal\n|-supereffective|p1a: Cryogonal\n|-damage|p1a: Cryogonal|58\/100\n|-status|p1a: Cryogonal|brn\n|\n|-weather|SunnyDay|[upkeep]\n|-damage|p1a: Cryogonal|52\/100 brn|[from] brn\n|upkeep\n|turn|9\n|\n|t:|1701160799\n|move|p1a: Cryogonal|Freeze-Dry|p2a: Torkoal\n|-resisted|p2a: Torkoal\n|-crit|p2a: Torkoal\n|-damage|p2a: Torkoal|0 fnt\n|faint|p2a: Torkoal\n|\n|-weather|SunnyDay|[upkeep]\n|-damage|p1a: Cryogonal|46\/100 brn|[from] brn\n|upkeep\n|\n|t:|1701160810\n|switch|p2a: Cinderace|Cinderace, F|100\/100\n|-damage|p2a: Cinderace|76\/100|[from] Stealth Rock\n|-damage|p2a: Cinderace|63\/100|[from] Spikes\n|turn|10\n|c|\u2606SwiftTrim|Did I just see a cryo beat a Torkoal in a 1v1?\n|\n|t:|1701160826\n|move|p2a: Cinderace|Pyro Ball|p1a: Cryogonal\n|-supereffective|p1a: Cryogonal\n|-damage|p1a: Cryogonal|0 fnt\n|faint|p1a: Cryogonal\n|\n|-weather|SunnyDay|[upkeep]\n|upkeep\n|\n|t:|1701160831\n|switch|p1a: Iron Moth|Iron Moth|100\/100\n|-enditem|p1a: Iron Moth|Booster Energy\n|-activate|p1a: Iron Moth|ability: Quark Drive|[fromitem]\n|-start|p1a: Iron Moth|quarkdrivespe\n|turn|11\n|\n|t:|1701160834\n|move|p1a: Iron Moth|Fiery Dance|p2a: Cinderace\n|-resisted|p2a: Cinderace\n|-damage|p2a: Cinderace|21\/100\n|move|p2a: Cinderace|Pyro Ball|p1a: Iron Moth\n|-resisted|p1a: Iron Moth\n|-damage|p1a: Iron Moth|0 fnt\n|faint|p1a: Iron Moth\n|-end|p1a: Iron Moth|Quark Drive|[silent]\n|\n|-weather|SunnyDay|[upkeep]\n|upkeep\n|\n|t:|1701160845\n|switch|p1a: Dragonite|Dragonite, F, shiny|100\/100\n|turn|12\n|\n|t:|1701160851\n|move|p2a: Cinderace|Pyro Ball|p1a: Dragonite\n|-resisted|p1a: Dragonite\n|-damage|p1a: Dragonite|64\/100\n|move|p1a: Dragonite|Dragon Dance|p1a: Dragonite\n|-boost|p1a: Dragonite|atk|1\n|-boost|p1a: Dragonite|spe|1\n|\n|-weather|SunnyDay|[upkeep]\n|upkeep\n|turn|13\n|\n|t:|1701160855\n|move|p1a: Dragonite|Earthquake|p2a: Cinderace\n|-supereffective|p2a: Cinderace\n|-damage|p2a: Cinderace|0 fnt\n|faint|p2a: Cinderace\n|\n|-weather|SunnyDay|[upkeep]\n|upkeep\n|\n|t:|1701160857\n|switch|p2a: Walking Wake|Walking Wake|100\/100\n|-damage|p2a: Walking Wake|88\/100|[from] Stealth Rock\n|-damage|p2a: Walking Wake|76\/100|[from] Spikes\n|-activate|p2a: Walking Wake|ability: Protosynthesis\n|-start|p2a: Walking Wake|protosynthesisspe\n|turn|14\n|\n|t:|1701160864\n|switch|p1a: Gholdengo|Gholdengo|100\/100\n|move|p2a: Walking Wake|Dragon Pulse|p1a: Gholdengo\n|-resisted|p1a: Gholdengo\n|-damage|p1a: Gholdengo|69\/100\n|\n|-weather|none\n|-end|p2a: Walking Wake|Protosynthesis\n|upkeep\n|turn|15\n|\n|t:|1701160869\n|-end|p2a: Walking Wake|Protosynthesis|[silent]\n|switch|p2a: Sandy Shocks|Sandy Shocks|82\/100\n|-damage|p2a: Sandy Shocks|76\/100|[from] Stealth Rock\n|-damage|p2a: Sandy Shocks|63\/100|[from] Spikes\n|move|p1a: Gholdengo|Thunder Wave|p2a: Sandy Shocks\n|-immune|p2a: Sandy Shocks\n|\n|upkeep\n|turn|16\n|\n|t:|1701160879\n|move|p2a: Sandy Shocks|Earth Power|p1a: Gholdengo\n|-supereffective|p1a: Gholdengo\n|-damage|p1a: Gholdengo|0 fnt\n|faint|p1a: Gholdengo\n|-damage|p2a: Sandy Shocks|53\/100|[from] item: Life Orb\n|\n|upkeep\n|\n|t:|1701160883\n|switch|p1a: Manaphy|Manaphy, shiny|100\/100\n|turn|17\n|\n|t:|1701160886\n|-terastallize|p1a: Manaphy|Grass\n|move|p2a: Sandy Shocks|Volt Switch|p1a: Manaphy\n|-resisted|p1a: Manaphy\n|-damage|p1a: Manaphy|80\/100\n|-damage|p2a: Sandy Shocks|44\/100|[from] item: Life Orb\n|\n|t:|1701160889\n|-end|p2a: Sandy Shocks|Protosynthesis|[silent]\n|switch|p2a: Rillaboom|Rillaboom, M|100\/100|[from] Volt Switch\n|-damage|p2a: Rillaboom|88\/100|[from] Stealth Rock\n|-damage|p2a: Rillaboom|76\/100|[from] Spikes\n|-fieldstart|move: Grassy Terrain|[from] ability: Grassy Surge|[of] p2a: Rillaboom\n|move|p1a: Manaphy|Energy Ball|p2a: Rillaboom\n|-resisted|p2a: Rillaboom\n|-damage|p2a: Rillaboom|41\/100\n|-unboost|p2a: Rillaboom|spd|1\n|\n|-heal|p1a: Manaphy|86\/100|[from] Grassy Terrain\n|-heal|p2a: Rillaboom|48\/100|[from] Grassy Terrain\n|upkeep\n|turn|18\n|\n|t:|1701160895\n|move|p1a: Manaphy|Energy Ball|p2a: Rillaboom\n|-resisted|p2a: Rillaboom\n|-damage|p2a: Rillaboom|0 fnt\n|faint|p2a: Rillaboom\n|\n|-heal|p1a: Manaphy|92\/100|[from] Grassy Terrain\n|upkeep\n|\n|t:|1701160905\n|switch|p2a: Sandy Shocks|Sandy Shocks|44\/100\n|-damage|p2a: Sandy Shocks|37\/100|[from] Stealth Rock\n|-damage|p2a: Sandy Shocks|25\/100|[from] Spikes\n|turn|19\n|\n|t:|1701160908\n|-terastallize|p2a: Sandy Shocks|Ice\n|move|p2a: Sandy Shocks|Tera Blast|p1a: Manaphy|[anim] Tera Blast Ice\n|-supereffective|p1a: Manaphy\n|-damage|p1a: Manaphy|0 fnt\n|faint|p1a: Manaphy\n|-damage|p2a: Sandy Shocks|15\/100|[from] item: Life Orb\n|\n|-heal|p2a: Sandy Shocks|21\/100|[from] Grassy Terrain\n|upkeep\n|\n|t:|1701160912\n|switch|p1a: Dragonite|Dragonite, F, shiny|64\/100\n|turn|20\n|\n|t:|1701160914\n|move|p2a: Sandy Shocks|Tera Blast|p1a: Dragonite|[anim] Tera Blast Ice\n|-supereffective|p1a: Dragonite\n|-damage|p1a: Dragonite|0 fnt\n|faint|p1a: Dragonite\n|-damage|p2a: Sandy Shocks|11\/100|[from] item: Life Orb\n|\n|win|FRANKBLOCK\n|raw|SwiftTrim's rating: 1313 &rarr; <strong>1287<\/strong><br \/>(-26 for losing)\n|raw|FRANKBLOCK's rating: 1206 &rarr; <strong>1238<\/strong><br \/>(+32 for winning)\n|c|\u2606FRANKBLOCK|gg\n|l|\u2606SwiftTrim\n","uploadtime":1701160921,"views":2,"p1id":"swifttrim","p2id":"frankblock","formatid":"gen9ou","rating":1238,"private":0,"password":""}