{"id":"gen9ou-1990000888","p1":"iDybala Jr!(\u25d5\u203f\u25d5)","p2":"XYZ15","format":"[Gen 9] OU","log":"|j|\u2606iDybala Jr!(\u25d5\u203f\u25d5)\n|j|\u2606XYZ15\n|inactive|Battle timer is ON: inactive players will automatically lose when time's up.\n|t:|1699914148\n|gametype|singles\n|player|p1|iDybala Jr!(\u25d5\u203f\u25d5)|heroine-conquest|\n|player|p2|XYZ15|rei|\n|teamsize|p1|6\n|teamsize|p2|6\n|gen|9\n|tier|[Gen 9] OU\n|rated|Tournament battle\n|rule|Sleep Clause Mod: Limit one foe put to sleep\n|rule|Species Clause: Limit one of each Pok\u00e9mon\n|rule|OHKO Clause: OHKO moves are banned\n|rule|Evasion Items Clause: Evasion items are banned\n|rule|Evasion Moves Clause: Evasion moves are banned\n|rule|Endless Battle Clause: Forcing endless battles is banned\n|rule|HP Percentage Mod: HP is shown in percentages\n|clearpoke\n|poke|p1|Ogerpon-Cornerstone, F|\n|poke|p1|Kingambit, M|\n|poke|p1|Zamazenta-*|\n|poke|p1|Iron Moth|\n|poke|p1|Hatterene, F|\n|poke|p1|Gholdengo|\n|poke|p2|Alomomola, F|\n|poke|p2|Rillaboom, M|\n|poke|p2|Zapdos|\n|poke|p2|Gholdengo|\n|poke|p2|Dragonite, F|\n|poke|p2|Glimmora, M|\n|teampreview\n|j| RageIsLost\n|\n|t:|1699914167\n|start\n|switch|p1a: Hatterene|Hatterene, F|100\/100\n|switch|p2a: Thunder|Zapdos|100\/100\n|turn|1\n|j| Dan Destroyer\n|j| 0rTheSpecial0ne\n|\n|t:|1699914175\n|move|p2a: Thunder|U-turn|p1a: Hatterene\n|-damage|p1a: Hatterene|90\/100\n|\n|t:|1699914178\n|switch|p2a: MONEY MONEY MONEY|Gholdengo|100\/100|[from] U-turn\n|move|p1a: Hatterene|Light Screen|p1a: Hatterene\n|-sidestart|p1: iDybala Jr!(\u25d5\u203f\u25d5)|move: Light Screen\n|\n|upkeep\n|turn|2\n|c| 0rTheSpecial0ne|gana el centinela\n|c|\u2606iDybala Jr!(\u25d5\u203f\u25d5)|me vas a stallear amor?\n|\n|t:|1699914188\n|move|p2a: MONEY MONEY MONEY|Trick|p1a: Hatterene\n|-activate|p2a: MONEY MONEY MONEY|move: Trick|[of] p1a: Hatterene\n|-item|p1a: Hatterene|Choice Scarf|[from] move: Trick\n|-item|p2a: MONEY MONEY MONEY|Light Clay|[from] move: Trick\n|move|p1a: Hatterene|Reflect|p1a: Hatterene\n|-sidestart|p1: iDybala Jr!(\u25d5\u203f\u25d5)|Reflect\n|\n|upkeep\n|turn|3\n|l| RageIsLost\n|j| ZeroZangetsu\n|\n|t:|1699914203\n|switch|p1a: Iron Moth|Iron Moth|100\/100\n|-enditem|p1a: Iron Moth|Booster Energy\n|-activate|p1a: Iron Moth|ability: Quark Drive|[fromitem]\n|-start|p1a: Iron Moth|quarkdrivespe\n|move|p2a: MONEY MONEY MONEY|Make It Rain|p1a: Iron Moth\n|-resisted|p1a: Iron Moth\n|-damage|p1a: Iron Moth|85\/100\n|-unboost|p2a: MONEY MONEY MONEY|spa|1\n|\n|upkeep\n|turn|4\n|j| topo-miope\n|\n|t:|1699914219\n|switch|p2a: Ultimate Weapon|Glimmora, M|100\/100\n|move|p1a: Iron Moth|Substitute|p1a: Iron Moth\n|-start|p1a: Iron Moth|Substitute\n|-damage|p1a: Iron Moth|60\/100\n|\n|upkeep\n|turn|5\n|\n|t:|1699914226\n|move|p1a: Iron Moth|Fiery Dance|p2a: Ultimate Weapon\n|-resisted|p2a: Ultimate Weapon\n|-damage|p2a: Ultimate Weapon|72\/100\n|-boost|p1a: Iron Moth|spa|1\n|move|p2a: Ultimate Weapon|Earth Power|p1a: Iron Moth\n|-supereffective|p1a: Iron Moth\n|-end|p1a: Iron Moth|Substitute\n|\n|upkeep\n|turn|6\n|\n|t:|1699914233\n|move|p1a: Iron Moth|Psychic|p2a: Ultimate Weapon\n|-supereffective|p2a: Ultimate Weapon\n|-damage|p2a: Ultimate Weapon|0 fnt\n|faint|p2a: Ultimate Weapon\n|\n|-sideend|p1: iDybala Jr!(\u25d5\u203f\u25d5)|Reflect\n|upkeep\n|\n|t:|1699914236\n|switch|p2a: It's coming|Dragonite, F|100\/100\n|turn|7\n|\n|t:|1699914245\n|move|p1a: Iron Moth|Sludge Wave|p2a: It's coming\n|-damage|p2a: It's coming|61\/100\n|-status|p2a: It's coming|psn\n|move|p2a: It's coming|Stone Edge|p1a: Iron Moth\n|-supereffective|p1a: Iron Moth\n|-damage|p1a: Iron Moth|0 fnt\n|faint|p1a: Iron Moth\n|-end|p1a: Iron Moth|Quark Drive|[silent]\n|\n|-damage|p2a: It's coming|49\/100 psn|[from] psn\n|upkeep\n|j| Mv345abc\n|\n|t:|1699914263\n|switch|p1a: Ogerpon|Ogerpon-Cornerstone, F|100\/100\n|turn|8\n|l| Dan Destroyer\n|l| Mv345abc\n|l| 0rTheSpecial0ne\n|\n|t:|1699914281\n|move|p1a: Ogerpon|Ivy Cudgel|p2a: It's coming\n|-supereffective|p2a: It's coming\n|-damage|p2a: It's coming|0 fnt\n|faint|p2a: It's coming\n|\n|-sideend|p1: iDybala Jr!(\u25d5\u203f\u25d5)|move: Light Screen\n|upkeep\n|\n|t:|1699914286\n|switch|p2a: Ringo|Rillaboom, M|100\/100\n|-fieldstart|move: Grassy Terrain|[from] ability: Grassy Surge|[of] p2a: Ringo\n|turn|9\n|\n|t:|1699914293\n|move|p1a: Ogerpon|Knock Off|p2a: Ringo\n|-damage|p2a: Ringo|55\/100\n|-enditem|p2a: Ringo|Choice Band|[from] move: Knock Off|[of] p1a: Ogerpon\n|move|p2a: Ringo|Drain Punch|p1a: Ogerpon\n|-supereffective|p1a: Ogerpon\n|-damage|p1a: Ogerpon|39\/100\n|-heal|p2a: Ringo|82\/100|[from] drain|[of] p1a: Ogerpon\n|\n|-heal|p1a: Ogerpon|45\/100|[from] Grassy Terrain\n|-heal|p2a: Ringo|88\/100|[from] Grassy Terrain\n|upkeep\n|turn|10\n|\n|t:|1699914308\n|switch|p1a: Zamazenta|Zamazenta|100\/100\n|-ability|p1a: Zamazenta|Dauntless Shield|boost\n|-boost|p1a: Zamazenta|def|1\n|move|p2a: Ringo|Drain Punch|p1a: Zamazenta\n|-damage|p1a: Zamazenta|85\/100\n|-heal|p2a: Ringo|96\/100|[from] drain|[of] p1a: Zamazenta\n|\n|-heal|p1a: Zamazenta|92\/100|[from] Grassy Terrain\n|-heal|p1a: Zamazenta|98\/100|[from] item: Leftovers\n|-heal|p2a: Ringo|100\/100|[from] Grassy Terrain\n|upkeep\n|turn|11\n|\n|t:|1699914315\n|switch|p2a: Mola Mola|Alomomola, F|100\/100\n|move|p1a: Zamazenta|Iron Defense|p1a: Zamazenta\n|-boost|p1a: Zamazenta|def|2\n|\n|-heal|p1a: Zamazenta|100\/100|[from] Grassy Terrain\n|upkeep\n|turn|12\n|j| RageIsLost\n|\n|t:|1699914321\n|move|p1a: Zamazenta|Body Press|p2a: Mola Mola\n|-damage|p2a: Mola Mola|51\/100\n|move|p2a: Mola Mola|Wish|p2a: Mola Mola\n|\n|-heal|p2a: Mola Mola|57\/100|[from] Grassy Terrain\n|-heal|p2a: Mola Mola|63\/100|[from] item: Leftovers\n|upkeep\n|turn|13\n|\n|t:|1699914325\n|move|p1a: Zamazenta|Iron Defense|p1a: Zamazenta\n|-boost|p1a: Zamazenta|def|2\n|move|p2a: Mola Mola|Scald|p1a: Zamazenta\n|-damage|p1a: Zamazenta|87\/100\n|\n|-heal|p2a: Mola Mola|100\/100|[from] move: Wish|[wisher] Mola Mola\n|-heal|p1a: Zamazenta|93\/100|[from] Grassy Terrain\n|-heal|p1a: Zamazenta|99\/100|[from] item: Leftovers\n|-fieldend|move: Grassy Terrain\n|upkeep\n|turn|14\n|j| Dominicci\n|\n|t:|1699914334\n|move|p1a: Zamazenta|Body Press|p2a: Mola Mola\n|-damage|p2a: Mola Mola|37\/100\n|move|p2a: Mola Mola|Wish|p2a: Mola Mola\n|\n|-heal|p1a: Zamazenta|100\/100|[from] item: Leftovers\n|-heal|p2a: Mola Mola|43\/100|[from] item: Leftovers\n|upkeep\n|turn|15\n|c|\u2606iDybala Jr!(\u25d5\u203f\u25d5)|creo que he ganado chaval\n|\n|t:|1699914342\n|move|p2a: Mola Mola|Protect|p2a: Mola Mola\n|-singleturn|p2a: Mola Mola|Protect\n|move|p1a: Zamazenta|Iron Defense|p1a: Zamazenta\n|-boost|p1a: Zamazenta|def|1\n|\n|-heal|p2a: Mola Mola|93\/100|[from] move: Wish|[wisher] Mola Mola\n|-heal|p2a: Mola Mola|99\/100|[from] item: Leftovers\n|upkeep\n|turn|16\n|\n|t:|1699914348\n|move|p1a: Zamazenta|Body Press|p2a: Mola Mola\n|-damage|p2a: Mola Mola|31\/100\n|move|p2a: Mola Mola|Scald|p1a: Zamazenta\n|-damage|p1a: Zamazenta|87\/100\n|\n|-heal|p1a: Zamazenta|93\/100|[from] item: Leftovers\n|-heal|p2a: Mola Mola|37\/100|[from] item: Leftovers\n|upkeep\n|turn|17\n|\n|t:|1699914355\n|move|p2a: Mola Mola|Protect|p2a: Mola Mola\n|-singleturn|p2a: Mola Mola|Protect\n|move|p1a: Zamazenta|Body Press|p2a: Mola Mola\n|-activate|p2a: Mola Mola|move: Protect\n|\n|-heal|p1a: Zamazenta|99\/100|[from] item: Leftovers\n|-heal|p2a: Mola Mola|44\/100|[from] item: Leftovers\n|upkeep\n|turn|18\n|\n|t:|1699914366\n|switch|p2a: MONEY MONEY MONEY|Gholdengo|100\/100\n|move|p1a: Zamazenta|Crunch|p2a: MONEY MONEY MONEY\n|-supereffective|p2a: MONEY MONEY MONEY\n|-damage|p2a: MONEY MONEY MONEY|43\/100\n|\n|-heal|p1a: Zamazenta|100\/100|[from] item: Leftovers\n|upkeep\n|turn|19\n|\n|t:|1699914376\n|move|p1a: Zamazenta|Crunch|p2a: MONEY MONEY MONEY\n|-supereffective|p2a: MONEY MONEY MONEY\n|-damage|p2a: MONEY MONEY MONEY|0 fnt\n|faint|p2a: MONEY MONEY MONEY\n|\n|upkeep\n|\n|t:|1699914380\n|switch|p2a: Thunder|Zapdos|100\/100\n|turn|20\n|\n|t:|1699914383\n|move|p1a: Zamazenta|Body Press|p2a: Thunder\n|-resisted|p2a: Thunder\n|-damage|p2a: Thunder|20\/100\n|-status|p1a: Zamazenta|par|[from] ability: Static|[of] p2a: Thunder\n|move|p2a: Thunder|Hurricane|p1a: Zamazenta\n|-supereffective|p1a: Zamazenta\n|-damage|p1a: Zamazenta|0 fnt\n|faint|p1a: Zamazenta\n|\n|upkeep\n|\n|t:|1699914390\n|switch|p1a: Ogerpon|Ogerpon-Cornerstone, F|45\/100\n|turn|21\n|\n|t:|1699914399\n|move|p1a: Ogerpon|Ivy Cudgel|p2a: Thunder\n|-supereffective|p2a: Thunder\n|-damage|p2a: Thunder|0 fnt\n|faint|p2a: Thunder\n|\n|upkeep\n|c|\u2606iDybala Jr!(\u25d5\u203f\u25d5)|gg tio\n|\n|t:|1699914407\n|switch|p2a: Ringo|Rillaboom, M|100\/100\n|-fieldstart|move: Grassy Terrain|[from] ability: Grassy Surge|[of] p2a: Ringo\n|turn|22\n|c|\u2606iDybala Jr!(\u25d5\u203f\u25d5)|to guapa la final\n|\n|t:|1699914414\n|move|p1a: Ogerpon|Ivy Cudgel|p2a: Ringo\n|-damage|p2a: Ringo|41\/100\n|move|p2a: Ringo|Drain Punch|p1a: Ogerpon\n|-supereffective|p1a: Ogerpon\n|-damage|p1a: Ogerpon|0 fnt\n|-heal|p2a: Ringo|61\/100|[from] drain|[of] p1a: Ogerpon\n|faint|p1a: Ogerpon\n|\n|-heal|p2a: Ringo|67\/100|[from] Grassy Terrain\n|upkeep\n|\n|t:|1699914422\n|switch|p1a: Gholdengo|Gholdengo|100\/100\n|-item|p1a: Gholdengo|Air Balloon\n|turn|23\n|\n|t:|1699914432\n|switch|p2a: Mola Mola|Alomomola, F|77\/100\n|move|p1a: Gholdengo|Nasty Plot|p1a: Gholdengo\n|-boost|p1a: Gholdengo|spa|2\n|\n|-heal|p2a: Mola Mola|83\/100|[from] Grassy Terrain\n|-heal|p2a: Mola Mola|89\/100|[from] item: Leftovers\n|upkeep\n|turn|24\n|l| ZeroZangetsu\n|\n|t:|1699914443\n|move|p1a: Gholdengo|Shadow Ball|p2a: Mola Mola\n|-damage|p2a: Mola Mola|0 fnt\n|faint|p2a: Mola Mola\n|\n|upkeep\n|\n|t:|1699914447\n|switch|p2a: Ringo|Rillaboom, M|67\/100\n|turn|25\n|\n|t:|1699914451\n|move|p2a: Ringo|Knock Off|p1a: Gholdengo\n|-supereffective|p1a: Gholdengo\n|-damage|p1a: Gholdengo|26\/100\n|-enditem|p1a: Gholdengo|Air Balloon\n|move|p1a: Gholdengo|Shadow Ball|p2a: Ringo\n|-damage|p2a: Ringo|0 fnt\n|faint|p2a: Ringo\n|\n|win|iDybala Jr!(\u25d5\u203f\u25d5)\n|n|\u2606iDybala Jr!(\u25d5\u203f\u25d5)|idybalajr\n|n|\u2606XYZ15|xyz15\n|n| topo-miope|topomiope\n|n| RageIsLost|rageislost\n|n| Dominicci|dominicci\n","uploadtime":1699914452,"views":7,"p1id":"idybalajr","p2id":"xyz15","formatid":"gen9ou","rating":0,"private":0,"password":""}