{"id":"gen9ou-1991652553","p1":"SittinGamer","p2":"pastagirl","format":"[Gen 9] OU","log":"|j|\u2606SittinGamer\n|j|\u2606pastagirl\n|t:|1700098721\n|gametype|singles\n|player|p1|SittinGamer|170|1470\n|player|p2|pastagirl|elesa|1570\n|teamsize|p1|6\n|teamsize|p2|6\n|gen|9\n|tier|[Gen 9] OU\n|rated|\n|rule|Sleep Clause Mod: Limit one foe put to sleep\n|rule|Species Clause: Limit one of each Pok\u00e9mon\n|rule|OHKO Clause: OHKO moves are banned\n|rule|Evasion Items Clause: Evasion items are banned\n|rule|Evasion Moves Clause: Evasion moves are banned\n|rule|Endless Battle Clause: Forcing endless battles is banned\n|rule|HP Percentage Mod: HP is shown in percentages\n|clearpoke\n|poke|p1|Ninetales-Alola, F|\n|poke|p1|Ceruledge, M|\n|poke|p1|Ogerpon-Wellspring, F|\n|poke|p1|Great Tusk|\n|poke|p1|Zapdos|\n|poke|p1|Garchomp, M|\n|poke|p2|Pelipper, F|\n|poke|p2|Barraskewda, M|\n|poke|p2|Quaquaval, M|\n|poke|p2|Manaphy|\n|poke|p2|Sandy Shocks|\n|poke|p2|Tornadus-Therian, M|\n|teampreview\n|\n|t:|1700098732\n|start\n|switch|p1a: Zapdos|Zapdos|100\/100\n|switch|p2a: EL PELIGRO|Pelipper, F, shiny|100\/100\n|-weather|RainDance|[from] ability: Drizzle|[of] p2a: EL PELIGRO\n|turn|1\n|\n|t:|1700098743\n|-terastallize|p2a: EL PELIGRO|Steel\n|move|p1a: Zapdos|Volt Switch|p2a: EL PELIGRO\n|-damage|p2a: EL PELIGRO|42\/100\n|\n|t:|1700098748\n|switch|p1a: Ninetales|Ninetales-Alola, F|100\/100|[from] Volt Switch\n|-weather|Snow|[from] ability: Snow Warning|[of] p1a: Ninetales\n|move|p2a: EL PELIGRO|Roost|p2a: EL PELIGRO\n|-heal|p2a: EL PELIGRO|92\/100\n|\n|-weather|Snow|[upkeep]\n|upkeep\n|turn|2\n|\n|t:|1700098761\n|move|p1a: Ninetales|Aurora Veil|p1a: Ninetales\n|-sidestart|p1: SittinGamer|move: Aurora Veil\n|move|p2a: EL PELIGRO|U-turn|p1a: Ninetales\n|-resisted|p1a: Ninetales\n|-damage|p1a: Ninetales|98\/100\n|\n|t:|1700098767\n|switch|p2a: Sandy Shocks|Sandy Shocks|100\/100|[from] U-turn\n|-enditem|p2a: Sandy Shocks|Booster Energy\n|-activate|p2a: Sandy Shocks|ability: Protosynthesis|[fromitem]\n|-start|p2a: Sandy Shocks|protosynthesisspe\n|\n|-weather|Snow|[upkeep]\n|upkeep\n|turn|3\n|\n|t:|1700098777\n|move|p2a: Sandy Shocks|Spikes|p1a: Ninetales\n|-sidestart|p1: SittinGamer|Spikes\n|move|p1a: Ninetales|Freeze-Dry|p2a: Sandy Shocks\n|-supereffective|p2a: Sandy Shocks\n|-damage|p2a: Sandy Shocks|37\/100\n|\n|-weather|Snow|[upkeep]\n|upkeep\n|turn|4\n|\n|t:|1700098781\n|-end|p2a: Sandy Shocks|Protosynthesis|[silent]\n|switch|p2a: EL PELIGRO|Pelipper, F, shiny, tera:Steel|92\/100\n|-weather|RainDance|[from] ability: Drizzle|[of] p2a: EL PELIGRO\n|move|p1a: Ninetales|Freeze-Dry|p2a: EL PELIGRO\n|-resisted|p2a: EL PELIGRO\n|-crit|p2a: EL PELIGRO\n|-damage|p2a: EL PELIGRO|62\/100\n|\n|-weather|RainDance|[upkeep]\n|upkeep\n|turn|5\n|\n|t:|1700098790\n|switch|p1a: Ogerpon|Ogerpon-Wellspring, F|100\/100\n|-damage|p1a: Ogerpon|88\/100|[from] Spikes\n|move|p2a: EL PELIGRO|U-turn|p1a: Ogerpon\n|-supereffective|p1a: Ogerpon\n|-damage|p1a: Ogerpon|75\/100\n|\n|t:|1700098802\n|switch|p2a: Tornadus|Tornadus-Therian, M|100\/100|[from] U-turn\n|\n|-weather|RainDance|[upkeep]\n|upkeep\n|turn|6\n|\n|t:|1700098824\n|-terastallize|p1a: Ogerpon|Water\n|detailschange|p1a: Ogerpon|Ogerpon-Wellspring-Tera, F, tera:Water\n|-ability|p1a: Ogerpon|Embody Aspect (Wellspring)|boost\n|-boost|p1a: Ogerpon|spd|1\n|move|p2a: Tornadus|Hurricane|p1a: Ogerpon\n|-damage|p1a: Ogerpon|58\/100\n|move|p1a: Ogerpon|Swords Dance|p1a: Ogerpon\n|-boost|p1a: Ogerpon|atk|2\n|\n|-weather|RainDance|[upkeep]\n|upkeep\n|turn|7\n|\n|t:|1700098838\n|move|p2a: Tornadus|Hurricane|p1a: Ogerpon\n|-damage|p1a: Ogerpon|42\/100\n|move|p1a: Ogerpon|Ivy Cudgel|p2a: Tornadus|[anim] Ivy Cudgel Water\n|-damage|p2a: Tornadus|0 fnt\n|faint|p2a: Tornadus\n|\n|-weather|RainDance|[upkeep]\n|upkeep\n|\n|t:|1700098853\n|switch|p2a: Barraskewda|Barraskewda, M|100\/100\n|turn|8\n|\n|t:|1700098857\n|move|p2a: Barraskewda|Close Combat|p1a: Ogerpon\n|-damage|p1a: Ogerpon|0 fnt\n|-unboost|p2a: Barraskewda|def|1\n|-unboost|p2a: Barraskewda|spd|1\n|faint|p1a: Ogerpon\n|\n|-weather|RainDance|[upkeep]\n|upkeep\n|\n|t:|1700098862\n|switch|p1a: Ninetales|Ninetales-Alola, F|98\/100\n|-damage|p1a: Ninetales|86\/100|[from] Spikes\n|-weather|Snow|[from] ability: Snow Warning|[of] p1a: Ninetales\n|turn|9\n|\n|t:|1700098866\n|switch|p2a: EL PELIGRO|Pelipper, F, shiny, tera:Steel|62\/100\n|-weather|RainDance|[from] ability: Drizzle|[of] p2a: EL PELIGRO\n|move|p1a: Ninetales|Freeze-Dry|p2a: EL PELIGRO\n|-resisted|p2a: EL PELIGRO\n|-damage|p2a: EL PELIGRO|43\/100\n|\n|-weather|RainDance|[upkeep]\n|-sideend|p1: SittinGamer|move: Aurora Veil\n|upkeep\n|turn|10\n|\n|t:|1700098876\n|move|p1a: Ninetales|Freeze-Dry|p2a: EL PELIGRO\n|-resisted|p2a: EL PELIGRO\n|-damage|p2a: EL PELIGRO|23\/100\n|move|p2a: EL PELIGRO|U-turn|p1a: Ninetales\n|-resisted|p1a: Ninetales\n|-damage|p1a: Ninetales|79\/100\n|\n|t:|1700098880\n|switch|p2a: Barraskewda|Barraskewda, M|100\/100|[from] U-turn\n|\n|-weather|RainDance|[upkeep]\n|upkeep\n|turn|11\n|\n|t:|1700098894\n|switch|p1a: Garchomp|Garchomp, M, shiny|100\/100\n|-damage|p1a: Garchomp|88\/100|[from] Spikes\n|move|p2a: Barraskewda|Flip Turn|p1a: Garchomp\n|-damage|p1a: Garchomp|18\/100\n|-damage|p2a: Barraskewda|88\/100|[from] ability: Rough Skin|[of] p1a: Garchomp\n|\n|t:|1700098900\n|switch|p2a: quacker oats|Quaquaval, M|100\/100|[from] Flip Turn\n|\n|-weather|RainDance|[upkeep]\n|upkeep\n|turn|12\n|\n|t:|1700098910\n|switch|p1a: Ninetales|Ninetales-Alola, F|79\/100\n|-damage|p1a: Ninetales|66\/100|[from] Spikes\n|-weather|Snow|[from] ability: Snow Warning|[of] p1a: Ninetales\n|move|p2a: quacker oats|Aqua Step|p1a: Ninetales\n|-damage|p1a: Ninetales|23\/100\n|-boost|p2a: quacker oats|spe|1\n|\n|-weather|Snow|[upkeep]\n|upkeep\n|turn|13\n|\n|t:|1700098916\n|switch|p1a: Zapdos|Zapdos|100\/100\n|move|p2a: quacker oats|Aqua Step|p1a: Zapdos\n|-damage|p1a: Zapdos|62\/100\n|-boost|p2a: quacker oats|spe|1\n|\n|-weather|Snow|[upkeep]\n|upkeep\n|turn|14\n|\n|t:|1700098925\n|switch|p2a: Sandy Shocks|Sandy Shocks|37\/100\n|move|p1a: Zapdos|Hurricane|p2a: Sandy Shocks\n|-resisted|p2a: Sandy Shocks\n|-damage|p2a: Sandy Shocks|0 fnt\n|faint|p2a: Sandy Shocks\n|-end|p2a: Sandy Shocks|Protosynthesis|[silent]\n|\n|-weather|Snow|[upkeep]\n|upkeep\n|\n|t:|1700098944\n|switch|p2a: Barraskewda|Barraskewda, M|88\/100\n|turn|15\n|\n|t:|1700098959\n|move|p2a: Barraskewda|Liquidation|p1a: Zapdos\n|-damage|p1a: Zapdos|0 fnt\n|faint|p1a: Zapdos\n|\n|-weather|Snow|[upkeep]\n|upkeep\n|\n|t:|1700098972\n|switch|p1a: Great Tusk|Great Tusk|100\/100\n|-damage|p1a: Great Tusk|88\/100|[from] Spikes\n|-enditem|p1a: Great Tusk|Booster Energy\n|-activate|p1a: Great Tusk|ability: Protosynthesis|[fromitem]\n|-start|p1a: Great Tusk|protosynthesisatk\n|turn|16\n|\n|t:|1700098983\n|move|p2a: Barraskewda|Liquidation|p1a: Great Tusk\n|-supereffective|p1a: Great Tusk\n|-damage|p1a: Great Tusk|0 fnt\n|faint|p1a: Great Tusk\n|-end|p1a: Great Tusk|Protosynthesis|[silent]\n|\n|-weather|none\n|upkeep\n|-message|SittinGamer forfeited.\n|\n|win|pastagirl\n|raw|SittinGamer's rating: 1470 &rarr; <strong>1456<\/strong><br \/>(-14 for losing)\n|raw|pastagirl's rating: 1570 &rarr; <strong>1584<\/strong><br \/>(+14 for winning)\n|l|\u2606SittinGamer\n|j| Crowned Crystals \u2654@!\n","uploadtime":1700099381,"views":7,"p1id":"sittingamer","p2id":"pastagirl","formatid":"gen9ou","rating":1456,"private":0,"password":""}