{"id":"gen9ou-1995453749","p1":"Aboudjabi31","p2":"PurifyingGhost","format":"[Gen 9] OU","log":"|j|\u203dAboudjabi31\n|j|\u2606PurifyingGhost\n|t:|1700572601\n|gametype|singles\n|player|p1|Aboudjabi31|101|1381\n|player|p2|PurifyingGhost|li|1443\n|teamsize|p1|6\n|teamsize|p2|6\n|gen|9\n|tier|[Gen 9] OU\n|rated|\n|rule|Sleep Clause Mod: Limit one foe put to sleep\n|rule|Species Clause: Limit one of each Pok\u00e9mon\n|rule|OHKO Clause: OHKO moves are banned\n|rule|Evasion Items Clause: Evasion items are banned\n|rule|Evasion Moves Clause: Evasion moves are banned\n|rule|Endless Battle Clause: Forcing endless battles is banned\n|rule|HP Percentage Mod: HP is shown in percentages\n|clearpoke\n|poke|p1|Glimmora, M|\n|poke|p1|Dragapult, F|\n|poke|p1|Samurott-Hisui, M|\n|poke|p1|Munkidori, M|\n|poke|p1|Rillaboom, F|\n|poke|p1|Iron Moth|\n|poke|p2|Zoroark-Hisui, M|\n|poke|p2|Corviknight, M|\n|poke|p2|Lokix, M|\n|poke|p2|Ogerpon-Wellspring, F|\n|poke|p2|Kleavor, M|\n|poke|p2|Great Tusk|\n|teampreview\n|\n|t:|1700572627\n|start\n|switch|p1a: Glimmora|Glimmora, M|100\/100\n|switch|p2a: Ogerpon|Ogerpon-Wellspring, F|100\/100\n|turn|1\n|\n|t:|1700572631\n|move|p2a: Ogerpon|Ivy Cudgel|p1a: Glimmora|[anim] Ivy Cudgel Water\n|-supereffective|p1a: Glimmora\n|-enditem|p1a: Glimmora|Focus Sash\n|-damage|p1a: Glimmora|1\/100\n|-activate|p1a: Glimmora|ability: Toxic Debris\n|-sidestart|p2: PurifyingGhost|move: Toxic Spikes\n|move|p1a: Glimmora|Stealth Rock|p2a: Ogerpon\n|-sidestart|p2: PurifyingGhost|move: Stealth Rock\n|\n|upkeep\n|turn|2\n|\n|t:|1700572640\n|move|p2a: Ogerpon|Ivy Cudgel|p1a: Glimmora|[anim] Ivy Cudgel Water\n|-supereffective|p1a: Glimmora\n|-damage|p1a: Glimmora|0 fnt\n|-activate|p1a: Glimmora|ability: Toxic Debris\n|-sidestart|p2: PurifyingGhost|move: Toxic Spikes\n|faint|p1a: Glimmora\n|\n|upkeep\n|\n|t:|1700572651\n|switch|p1a: Munkidori|Munkidori, M|100\/100\n|turn|3\n|\n|t:|1700572657\n|switch|p1a: Iron Moth|Iron Moth|100\/100\n|-enditem|p1a: Iron Moth|Booster Energy\n|-activate|p1a: Iron Moth|ability: Quark Drive|[fromitem]\n|-start|p1a: Iron Moth|quarkdrivespe\n|move|p2a: Ogerpon|Ivy Cudgel|p1a: Iron Moth|[anim] Ivy Cudgel Water\n|-supereffective|p1a: Iron Moth\n|-damage|p1a: Iron Moth|0 fnt\n|faint|p1a: Iron Moth\n|-end|p1a: Iron Moth|Quark Drive|[silent]\n|\n|upkeep\n|\n|t:|1700572671\n|switch|p1a: Samurott|Samurott-Hisui, M|100\/100\n|turn|4\n|\n|t:|1700572679\n|move|p1a: Samurott|Sacred Sword|p2a: Ogerpon\n|-damage|p2a: Ogerpon|46\/100\n|move|p2a: Ogerpon|Power Whip|p1a: Samurott\n|-supereffective|p1a: Samurott\n|-damage|p1a: Samurott|0 fnt\n|faint|p1a: Samurott\n|\n|upkeep\n|\n|t:|1700572688\n|switch|p1a: Munkidori|Munkidori, M|100\/100\n|turn|5\n|\n|t:|1700572690\n|move|p1a: Munkidori|Psychic|p2a: Ogerpon\n|-damage|p2a: Ogerpon|0 fnt\n|faint|p2a: Ogerpon\n|\n|upkeep\n|\n|t:|1700572692\n|switch|p2a: Corviknight|Corviknight, M|100\/100\n|-damage|p2a: Corviknight|88\/100|[from] Stealth Rock\n|-ability|p2a: Corviknight|Pressure\n|turn|6\n|\n|t:|1700572698\n|switch|p1a: Dragapult|Dragapult, F|100\/100\n|move|p2a: Corviknight|Defog|p1a: Dragapult\n|-unboost|p1a: Dragapult|evasion|1\n|-sideend|p2: PurifyingGhost|Toxic Spikes|[from] move: Defog|[of] p2a: Corviknight\n|-sideend|p2: PurifyingGhost|Stealth Rock|[from] move: Defog|[of] p2a: Corviknight\n|\n|upkeep\n|turn|7\n|\n|t:|1700572704\n|move|p1a: Dragapult|Dragon Dance|p1a: Dragapult\n|-boost|p1a: Dragapult|atk|1\n|-boost|p1a: Dragapult|spe|1\n|move|p2a: Corviknight|U-turn|p1a: Dragapult\n|-resisted|p1a: Dragapult\n|-damage|p1a: Dragapult|91\/100\n|\n|t:|1700572740\n|switch|p2a: Lokix|Lokix, M|100\/100|[from] U-turn\n|\n|-heal|p1a: Dragapult|97\/100|[from] item: Leftovers\n|upkeep\n|turn|8\n|\n|t:|1700572747\n|-terastallize|p1a: Dragapult|Steel\n|-terastallize|p2a: Lokix|Bug\n|move|p2a: Lokix|First Impression|p1a: Dragapult\n|-resisted|p1a: Dragapult\n|-damage|p1a: Dragapult|0 fnt\n|faint|p1a: Dragapult\n|\n|upkeep\n|\n|t:|1700572755\n|switch|p1a: Munkidori|Munkidori, M|100\/100\n|turn|9\n|\n|t:|1700572759\n|switch|p2a: Corviknight|Corviknight, M|88\/100\n|-ability|p2a: Corviknight|Pressure\n|move|p1a: Munkidori|Psychic|p2a: Corviknight\n|-resisted|p2a: Corviknight\n|-damage|p2a: Corviknight|63\/100\n|\n|upkeep\n|turn|10\n|-message|Aboudjabi31 forfeited.\n|\n|win|PurifyingGhost\n|raw|Aboudjabi31's rating: 1381 &rarr; <strong>1365<\/strong><br \/>(-16 for losing)\n|raw|PurifyingGhost's rating: 1443 &rarr; <strong>1459<\/strong><br \/>(+16 for winning)\n|l|\u203dAboudjabi31\n","uploadtime":1700572767,"views":1,"p1id":"aboudjabi31","p2id":"purifyingghost","formatid":"gen9ou","rating":1365,"private":0,"password":""}