{"id":"gen9ou-1993120870","p1":"djkslaf","p2":"jogadorcasuaal","format":"[Gen 9] OU","log":"|j|\u2606djkslaf\n|j|\u2606jogadorcasuaal\n|t:|1700267214\n|gametype|singles\n|player|p1|djkslaf|101|1104\n|player|p2|jogadorcasuaal|169|1169\n|teamsize|p1|6\n|teamsize|p2|6\n|gen|9\n|tier|[Gen 9] OU\n|rated|\n|rule|Sleep Clause Mod: Limit one foe put to sleep\n|rule|Species Clause: Limit one of each Pok\u00e9mon\n|rule|OHKO Clause: OHKO moves are banned\n|rule|Evasion Items Clause: Evasion items are banned\n|rule|Evasion Moves Clause: Evasion moves are banned\n|rule|Endless Battle Clause: Forcing endless battles is banned\n|rule|HP Percentage Mod: HP is shown in percentages\n|clearpoke\n|poke|p1|Kingambit, F|\n|poke|p1|Samurott-Hisui, M|\n|poke|p1|Empoleon, M|\n|poke|p1|Cresselia, F|\n|poke|p1|Slowking-Galar, M|\n|poke|p1|Kommo-o, M|\n|poke|p2|Great Tusk|\n|poke|p2|Heatran, M|\n|poke|p2|Hatterene, F|\n|poke|p2|Corviknight, F|\n|poke|p2|Dondozo, F|\n|poke|p2|Ribombee, F|\n|teampreview\n|inactive|Battle timer is ON: inactive players will automatically lose when time's up. (requested by jogadorcasuaal)\n|\n|t:|1700267223\n|start\n|switch|p1a: Samurott|Samurott-Hisui, M|100\/100\n|switch|p2a: Ribombee|Ribombee, F, shiny|100\/100\n|turn|1\n|\n|t:|1700267235\n|move|p1a: Samurott|Ceaseless Edge|p2a: Ribombee\n|-resisted|p2a: Ribombee\n|-damage|p2a: Ribombee|67\/100\n|-sidestart|p2: jogadorcasuaal|Spikes\n|move|p2a: Ribombee|Sticky Web|p1a: Samurott\n|-sidestart|p1: djkslaf|move: Sticky Web\n|\n|upkeep\n|turn|2\n|\n|t:|1700267251\n|move|p1a: Samurott|Ceaseless Edge|p2a: Ribombee\n|-resisted|p2a: Ribombee\n|-damage|p2a: Ribombee|33\/100\n|-sidestart|p2: jogadorcasuaal|Spikes\n|move|p2a: Ribombee|Stun Spore|p1a: Samurott\n|-status|p1a: Samurott|par\n|\n|upkeep\n|turn|3\n|\n|t:|1700267260\n|move|p2a: Ribombee|Tailwind|p2a: Ribombee\n|-sidestart|p2: jogadorcasuaal|move: Tailwind\n|move|p1a: Samurott|Ceaseless Edge|p2a: Ribombee\n|-resisted|p2a: Ribombee\n|-damage|p2a: Ribombee|0 fnt\n|-sidestart|p2: jogadorcasuaal|Spikes\n|faint|p2a: Ribombee\n|\n|upkeep\n|\n|t:|1700267282\n|switch|p2a: Great Tusk|Great Tusk|100\/100\n|-damage|p2a: Great Tusk|76\/100|[from] Spikes\n|turn|4\n|inactive|jogadorcasuaal has 120 seconds left.\n|\n|t:|1700267298\n|move|p2a: Great Tusk|Bulk Up|p2a: Great Tusk\n|-boost|p2a: Great Tusk|atk|1\n|-boost|p2a: Great Tusk|def|1\n|move|p1a: Samurott|Aqua Cutter|p2a: Great Tusk\n|-supereffective|p2a: Great Tusk\n|-damage|p2a: Great Tusk|27\/100\n|\n|upkeep\n|turn|5\n|\n|t:|1700267307\n|move|p1a: Samurott|Aqua Jet|p2a: Great Tusk\n|-supereffective|p2a: Great Tusk\n|-damage|p2a: Great Tusk|7\/100\n|-enditem|p2a: Great Tusk|Aguav Berry|[eat]\n|-heal|p2a: Great Tusk|40\/100|[from] item: Aguav Berry\n|move|p2a: Great Tusk|Body Press|p1a: Samurott\n|-supereffective|p1a: Samurott\n|-enditem|p1a: Samurott|Focus Sash\n|-damage|p1a: Samurott|1\/100 par\n|\n|upkeep\n|turn|6\n|\n|t:|1700267319\n|move|p2a: Great Tusk|Body Press|p1a: Samurott\n|-supereffective|p1a: Samurott\n|-damage|p1a: Samurott|0 fnt\n|faint|p1a: Samurott\n|\n|-sideend|p2: jogadorcasuaal|move: Tailwind\n|upkeep\n|\n|t:|1700267327\n|switch|p1a: Cresselia|Cresselia, F|100\/100\n|turn|7\n|\n|t:|1700267341\n|-terastallize|p1a: Cresselia|Electric\n|move|p2a: Great Tusk|Earthquake|p1a: Cresselia\n|-immune|p1a: Cresselia|[from] ability: Levitate\n|move|p1a: Cresselia|Calm Mind|p1a: Cresselia\n|-boost|p1a: Cresselia|spa|1\n|-boost|p1a: Cresselia|spd|1\n|\n|upkeep\n|turn|8\n|\n|t:|1700267352\n|move|p2a: Great Tusk|Body Press|p1a: Cresselia\n|-damage|p1a: Cresselia|71\/100\n|move|p1a: Cresselia|Calm Mind|p1a: Cresselia\n|-boost|p1a: Cresselia|spa|1\n|-boost|p1a: Cresselia|spd|1\n|\n|-heal|p1a: Cresselia|77\/100|[from] item: Leftovers\n|upkeep\n|turn|9\n|\n|t:|1700267362\n|move|p2a: Great Tusk|Body Press|p1a: Cresselia\n|-damage|p1a: Cresselia|48\/100\n|move|p1a: Cresselia|Calm Mind|p1a: Cresselia\n|-boost|p1a: Cresselia|spa|1\n|-boost|p1a: Cresselia|spd|1\n|\n|-heal|p1a: Cresselia|54\/100|[from] item: Leftovers\n|upkeep\n|turn|10\n|\n|t:|1700267381\n|move|p2a: Great Tusk|Body Press|p1a: Cresselia\n|-damage|p1a: Cresselia|25\/100\n|move|p1a: Cresselia|Moonlight|p1a: Cresselia\n|-heal|p1a: Cresselia|75\/100\n|\n|-heal|p1a: Cresselia|81\/100|[from] item: Leftovers\n|upkeep\n|turn|11\n|\n|t:|1700267391\n|move|p2a: Great Tusk|Rapid Spin|p1a: Cresselia\n|-damage|p1a: Cresselia|64\/100\n|-boost|p2a: Great Tusk|spe|1\n|-sideend|p2: jogadorcasuaal|Spikes|[from] move: Rapid Spin|[of] p2a: Great Tusk\n|move|p1a: Cresselia|Calm Mind|p1a: Cresselia\n|-boost|p1a: Cresselia|spa|1\n|-boost|p1a: Cresselia|spd|1\n|\n|-heal|p1a: Cresselia|70\/100|[from] item: Leftovers\n|upkeep\n|turn|12\n|\n|t:|1700267404\n|move|p2a: Great Tusk|Body Press|p1a: Cresselia\n|-damage|p1a: Cresselia|43\/100\n|move|p1a: Cresselia|Stored Power|p2a: Great Tusk\n|-supereffective|p2a: Great Tusk\n|-damage|p2a: Great Tusk|0 fnt\n|faint|p2a: Great Tusk\n|-end|p2a: Great Tusk|Protosynthesis|[silent]\n|\n|-heal|p1a: Cresselia|49\/100|[from] item: Leftovers\n|upkeep\n|inactive|jogadorcasuaal has 120 seconds left.\n|\n|t:|1700267421\n|switch|p2a: Heatran|Heatran, M|100\/100\n|turn|13\n|\n|t:|1700267430\n|move|p2a: Heatran|Magma Storm|p1a: Cresselia\n|-damage|p1a: Cresselia|37\/100\n|-activate|p1a: Cresselia|move: Magma Storm|[of] p2a: Heatran\n|move|p1a: Cresselia|Moonlight|p1a: Cresselia\n|-heal|p1a: Cresselia|87\/100\n|\n|-heal|p1a: Cresselia|93\/100|[from] item: Leftovers\n|-damage|p1a: Cresselia|80\/100|[from] move: Magma Storm|[partiallytrapped]\n|upkeep\n|turn|14\n|inactive|jogadorcasuaal has 120 seconds left.\n|\n|t:|1700267446\n|move|p2a: Heatran|Magma Storm|p1a: Cresselia\n|-damage|p1a: Cresselia|68\/100\n|move|p1a: Cresselia|Calm Mind|p1a: Cresselia\n|-boost|p1a: Cresselia|spa|1\n|-boost|p1a: Cresselia|spd|1\n|\n|-heal|p1a: Cresselia|74\/100|[from] item: Leftovers\n|-damage|p1a: Cresselia|62\/100|[from] move: Magma Storm|[partiallytrapped]\n|upkeep\n|turn|15\n|inactive|jogadorcasuaal has 120 seconds left.\n|\n|t:|1700267458\n|move|p2a: Heatran|Body Press|p1a: Cresselia\n|-damage|p1a: Cresselia|51\/100\n|move|p1a: Cresselia|Stored Power|p2a: Heatran\n|-resisted|p2a: Heatran\n|-damage|p2a: Heatran|19\/100\n|\n|-heal|p1a: Cresselia|57\/100|[from] item: Leftovers\n|-damage|p1a: Cresselia|45\/100|[from] move: Magma Storm|[partiallytrapped]\n|upkeep\n|turn|16\n|inactive|jogadorcasuaal has 120 seconds left.\n|\n|t:|1700267476\n|move|p2a: Heatran|Body Press|p1a: Cresselia\n|-damage|p1a: Cresselia|34\/100\n|move|p1a: Cresselia|Moonlight|p1a: Cresselia\n|-heal|p1a: Cresselia|84\/100\n|\n|-heal|p1a: Cresselia|90\/100|[from] item: Leftovers\n|-damage|p1a: Cresselia|78\/100|[from] move: Magma Storm|[partiallytrapped]\n|upkeep\n|turn|17\n|inactive|jogadorcasuaal has 120 seconds left.\n|\n|t:|1700267487\n|move|p2a: Heatran|Body Press|p1a: Cresselia\n|-damage|p1a: Cresselia|68\/100\n|move|p1a: Cresselia|Stored Power|p2a: Heatran\n|-resisted|p2a: Heatran\n|-damage|p2a: Heatran|0 fnt\n|faint|p2a: Heatran\n|\n|-heal|p1a: Cresselia|74\/100|[from] item: Leftovers\n|-end|p1a: Cresselia|Magma Storm|[partiallytrapped]\n|upkeep\n|-message|jogadorcasuaal forfeited.\n|\n|win|djkslaf\n|raw|djkslaf's rating: 1104 &rarr; <strong>1134<\/strong><br \/>(+30 for winning)\n|raw|jogadorcasuaal's rating: 1169 &rarr; <strong>1139<\/strong><br \/>(-30 for losing)\n|l|\u2606jogadorcasuaal\n","uploadtime":1700267518,"views":11,"p1id":"djkslaf","p2id":"jogadorcasuaal","formatid":"gen9ou","rating":1134,"private":0,"password":""}