{"id":"gen9ou-1995965542","p1":"buster1839","p2":"Joker040921","format":"[Gen 9] OU","log":"|j|\u2606buster1839\n|j|\u2606Joker040921\n|t:|1700622942\n|gametype|singles\n|player|p1|buster1839|1|1060\n|player|p2|Joker040921|102|1152\n|teamsize|p1|6\n|teamsize|p2|6\n|gen|9\n|tier|[Gen 9] OU\n|rated|\n|rule|Sleep Clause Mod: Limit one foe put to sleep\n|rule|Species Clause: Limit one of each Pok\u00e9mon\n|rule|OHKO Clause: OHKO moves are banned\n|rule|Evasion Items Clause: Evasion items are banned\n|rule|Evasion Moves Clause: Evasion moves are banned\n|rule|Endless Battle Clause: Forcing endless battles is banned\n|rule|HP Percentage Mod: HP is shown in percentages\n|clearpoke\n|poke|p1|Lucario, M|\n|poke|p1|Florges-White, F|\n|poke|p1|Lokix, M|\n|poke|p1|Blissey, F|\n|poke|p1|Murkrow, F|\n|poke|p1|Umbreon, M|\n|poke|p2|Great Tusk|\n|poke|p2|Iron Valiant|\n|poke|p2|Glimmora, M|\n|poke|p2|Gholdengo|\n|poke|p2|Moltres|\n|poke|p2|Sandy Shocks|\n|teampreview\n|\n|t:|1700622961\n|start\n|switch|p1a: Lokix|Lokix, M, shiny|100\/100\n|switch|p2a: Glimmora|Glimmora, M|100\/100\n|turn|1\n|\n|t:|1700622968\n|move|p1a: Lokix|First Impression|p2a: Glimmora\n|-resisted|p2a: Glimmora\n|-damage|p2a: Glimmora|59\/100\n|-activate|p2a: Glimmora|ability: Toxic Debris\n|-sidestart|p1: buster1839|move: Toxic Spikes\n|move|p2a: Glimmora|Stealth Rock|p1a: Lokix\n|-sidestart|p1: buster1839|move: Stealth Rock\n|\n|upkeep\n|turn|2\n|\n|t:|1700622979\n|switch|p1a: Murkrow|Murkrow, F, shiny|100\/100\n|-damage|p1a: Murkrow|76\/100|[from] Stealth Rock\n|move|p2a: Glimmora|Power Gem|p1a: Murkrow\n|-supereffective|p1a: Murkrow\n|-damage|p1a: Murkrow|0 fnt\n|faint|p1a: Murkrow\n|\n|upkeep\n|\n|t:|1700622986\n|switch|p1a: Florges|Florges-White, F, shiny|100\/100\n|-status|p1a: Florges|psn\n|-damage|p1a: Florges|88\/100 psn|[from] Stealth Rock\n|turn|3\n|inactive|Battle timer is ON: inactive players will automatically lose when time's up. (requested by Joker040921)\n|\n|t:|1700622993\n|-terastallize|p1a: Florges|Steel\n|move|p2a: Glimmora|Sludge Wave|p1a: Florges\n|-immune|p1a: Florges\n|move|p1a: Florges|Calm Mind|p1a: Florges\n|-boost|p1a: Florges|spa|1\n|-boost|p1a: Florges|spd|1\n|\n|-damage|p1a: Florges|76\/100 psn|[from] psn\n|upkeep\n|turn|4\n|\n|t:|1700623008\n|move|p2a: Glimmora|Power Gem|p1a: Florges\n|-resisted|p1a: Florges\n|-damage|p1a: Florges|66\/100 psn\n|move|p1a: Florges|Psychic|p2a: Glimmora\n|-supereffective|p2a: Glimmora\n|-damage|p2a: Glimmora|0 fnt\n|faint|p2a: Glimmora\n|-damage|p1a: Florges|56\/100 psn|[from] item: Life Orb\n|\n|-damage|p1a: Florges|43\/100 psn|[from] psn\n|upkeep\n|\n|t:|1700623020\n|switch|p2a: Sandy Shocks|Sandy Shocks|100\/100\n|-enditem|p2a: Sandy Shocks|Booster Energy\n|-activate|p2a: Sandy Shocks|ability: Protosynthesis|[fromitem]\n|-start|p2a: Sandy Shocks|protosynthesisspe\n|turn|5\n|\n|t:|1700623029\n|move|p2a: Sandy Shocks|Earth Power|p1a: Florges\n|-supereffective|p1a: Florges\n|-damage|p1a: Florges|3\/100 psn\n|move|p1a: Florges|Moonblast|p2a: Sandy Shocks\n|-damage|p2a: Sandy Shocks|0 fnt\n|faint|p2a: Sandy Shocks\n|-end|p2a: Sandy Shocks|Protosynthesis|[silent]\n|-damage|p1a: Florges|0 fnt|[from] item: Life Orb\n|faint|p1a: Florges\n|\n|upkeep\n|\n|t:|1700623045\n|switch|p2a: Moltres|Moltres|100\/100\n|switch|p1a: Lokix|Lokix, M, shiny|100\/100\n|-status|p1a: Lokix|psn\n|-damage|p1a: Lokix|76\/100 psn|[from] Stealth Rock\n|turn|6\n|\n|t:|1700623057\n|move|p1a: Lokix|U-turn|p2a: Moltres\n|-resisted|p2a: Moltres\n|-damage|p2a: Moltres|89\/100\n|\n|t:|1700623061\n|switch|p1a: Umbreon|Umbreon, M, shiny|100\/100|[from] U-turn\n|-status|p1a: Umbreon|psn\n|-damage|p1a: Umbreon|88\/100 psn|[from] Stealth Rock\n|move|p2a: Moltres|Roost|p2a: Moltres\n|-heal|p2a: Moltres|100\/100\n|-singleturn|p2a: Moltres|move: Roost\n|\n|-heal|p1a: Umbreon|94\/100 psn|[from] item: Leftovers\n|-damage|p1a: Umbreon|82\/100 psn|[from] psn\n|upkeep\n|turn|7\n|\n|t:|1700623070\n|move|p2a: Moltres|Fire Blast|p1a: Umbreon\n|-damage|p1a: Umbreon|57\/100 psn\n|move|p1a: Umbreon|Curse|p1a: Umbreon\n|-unboost|p1a: Umbreon|spe|1\n|-boost|p1a: Umbreon|atk|1\n|-boost|p1a: Umbreon|def|1\n|\n|-heal|p1a: Umbreon|63\/100 psn|[from] item: Leftovers\n|-damage|p1a: Umbreon|50\/100 psn|[from] psn\n|upkeep\n|turn|8\n|\n|t:|1700623081\n|move|p2a: Moltres|Hurricane|p1a: Umbreon|[miss]\n|-miss|p2a: Moltres|p1a: Umbreon\n|move|p1a: Umbreon|Moonlight|p1a: Umbreon\n|-heal|p1a: Umbreon|99\/100 psn\n|\n|-heal|p1a: Umbreon|100\/100 psn|[from] item: Leftovers\n|-damage|p1a: Umbreon|88\/100 psn|[from] psn\n|upkeep\n|turn|9\n|\n|t:|1700623086\n|move|p2a: Moltres|Hurricane|p1a: Umbreon|[miss]\n|-miss|p2a: Moltres|p1a: Umbreon\n|move|p1a: Umbreon|Curse|p1a: Umbreon\n|-unboost|p1a: Umbreon|spe|1\n|-boost|p1a: Umbreon|atk|1\n|-boost|p1a: Umbreon|def|1\n|\n|-heal|p1a: Umbreon|94\/100 psn|[from] item: Leftovers\n|-damage|p1a: Umbreon|82\/100 psn|[from] psn\n|upkeep\n|turn|10\n|\n|t:|1700623091\n|move|p2a: Moltres|Hurricane|p1a: Umbreon|[miss]\n|-miss|p2a: Moltres|p1a: Umbreon\n|move|p1a: Umbreon|Stored Power|p2a: Moltres\n|-damage|p2a: Moltres|85\/100\n|\n|-heal|p2a: Moltres|92\/100|[from] item: Leftovers\n|-heal|p1a: Umbreon|88\/100 psn|[from] item: Leftovers\n|-damage|p1a: Umbreon|76\/100 psn|[from] psn\n|upkeep\n|turn|11\n|c|\u2606buster1839|...\n|\n|t:|1700623101\n|move|p2a: Moltres|Hurricane|p1a: Umbreon|[miss]\n|-miss|p2a: Moltres|p1a: Umbreon\n|move|p1a: Umbreon|Curse|p1a: Umbreon\n|-unboost|p1a: Umbreon|spe|1\n|-boost|p1a: Umbreon|atk|1\n|-boost|p1a: Umbreon|def|1\n|\n|-heal|p2a: Moltres|98\/100|[from] item: Leftovers\n|-heal|p1a: Umbreon|82\/100 psn|[from] item: Leftovers\n|-damage|p1a: Umbreon|69\/100 psn|[from] psn\n|upkeep\n|turn|12\n|\n|t:|1700623107\n|move|p2a: Moltres|Hurricane|p1a: Umbreon|[miss]\n|-miss|p2a: Moltres|p1a: Umbreon\n|move|p1a: Umbreon|Stored Power|p2a: Moltres\n|-damage|p2a: Moltres|75\/100\n|\n|-heal|p2a: Moltres|82\/100|[from] item: Leftovers\n|-heal|p1a: Umbreon|75\/100 psn|[from] item: Leftovers\n|-damage|p1a: Umbreon|63\/100 psn|[from] psn\n|upkeep\n|turn|13\n|c|\u2606buster1839|5 misses\n|c|\u2606Joker040921|\uff1f\n|c|\u2606Joker040921|so unlucky\n|\n|t:|1700623133\n|move|p2a: Moltres|Hurricane|p1a: Umbreon\n|-damage|p1a: Umbreon|37\/100 psn\n|move|p1a: Umbreon|Curse|p1a: Umbreon\n|-unboost|p1a: Umbreon|spe|1\n|-boost|p1a: Umbreon|atk|1\n|-boost|p1a: Umbreon|def|1\n|\n|-heal|p2a: Moltres|88\/100|[from] item: Leftovers\n|-heal|p1a: Umbreon|43\/100 psn|[from] item: Leftovers\n|-damage|p1a: Umbreon|30\/100 psn|[from] psn\n|upkeep\n|turn|14\n|c|\u2606buster1839|you misses 5 times\n|\n|t:|1700623144\n|move|p2a: Moltres|Hurricane|p1a: Umbreon\n|-damage|p1a: Umbreon|1\/100 psn\n|move|p1a: Umbreon|Moonlight|p1a: Umbreon\n|-heal|p1a: Umbreon|51\/100 psn\n|\n|-heal|p2a: Moltres|94\/100|[from] item: Leftovers\n|-heal|p1a: Umbreon|57\/100 psn|[from] item: Leftovers\n|-damage|p1a: Umbreon|45\/100 psn|[from] psn\n|upkeep\n|turn|15\n|\n|t:|1700623149\n|move|p2a: Moltres|Hurricane|p1a: Umbreon\n|-damage|p1a: Umbreon|18\/100 psn\n|move|p1a: Umbreon|Moonlight|p1a: Umbreon\n|-heal|p1a: Umbreon|68\/100 psn\n|\n|-heal|p2a: Moltres|100\/100|[from] item: Leftovers\n|-heal|p1a: Umbreon|74\/100 psn|[from] item: Leftovers\n|-damage|p1a: Umbreon|62\/100 psn|[from] psn\n|upkeep\n|turn|16\n|\n|t:|1700623156\n|move|p2a: Moltres|Hurricane|p1a: Umbreon\n|-damage|p1a: Umbreon|34\/100 psn\n|-start|p1a: Umbreon|confusion\n|-activate|p1a: Umbreon|confusion\n|move|p1a: Umbreon|Stored Power|p2a: Moltres\n|-damage|p2a: Moltres|72\/100\n|\n|-heal|p2a: Moltres|78\/100|[from] item: Leftovers\n|-heal|p1a: Umbreon|40\/100 psn|[from] item: Leftovers\n|-damage|p1a: Umbreon|28\/100 psn|[from] psn\n|upkeep\n|turn|17\n|\n|t:|1700623162\n|move|p2a: Moltres|Hurricane|p1a: Umbreon\n|-damage|p1a: Umbreon|0 fnt\n|faint|p1a: Umbreon\n|\n|-heal|p2a: Moltres|84\/100|[from] item: Leftovers\n|upkeep\n|\n|t:|1700623169\n|switch|p1a: Lokix|Lokix, M, shiny|76\/100 psn\n|-damage|p1a: Lokix|51\/100 psn|[from] Stealth Rock\n|turn|18\n|\n|t:|1700623178\n|move|p1a: Lokix|Throat Chop|p2a: Moltres\n|-damage|p2a: Moltres|35\/100\n|-start|p2a: Moltres|Throat Chop|[silent]\n|move|p2a: Moltres|Roost|p2a: Moltres\n|-heal|p2a: Moltres|85\/100\n|-singleturn|p2a: Moltres|move: Roost\n|\n|-heal|p2a: Moltres|91\/100|[from] item: Leftovers\n|-damage|p1a: Lokix|39\/100 psn|[from] psn\n|upkeep\n|turn|19\n|\n|t:|1700623186\n|move|p1a: Lokix|Throat Chop|p2a: Moltres\n|-damage|p2a: Moltres|41\/100\n|move|p2a: Moltres|Roost|p2a: Moltres\n|-heal|p2a: Moltres|91\/100\n|-singleturn|p2a: Moltres|move: Roost\n|\n|-heal|p2a: Moltres|97\/100|[from] item: Leftovers\n|-damage|p1a: Lokix|26\/100 psn|[from] psn\n|-end|p2a: Moltres|Throat Chop|[silent]\n|upkeep\n|turn|20\n|\n|t:|1700623190\n|move|p1a: Lokix|Throat Chop|p2a: Moltres\n|-damage|p2a: Moltres|48\/100\n|-start|p2a: Moltres|Throat Chop|[silent]\n|move|p2a: Moltres|Roost|p2a: Moltres\n|-heal|p2a: Moltres|98\/100\n|-singleturn|p2a: Moltres|move: Roost\n|\n|-heal|p2a: Moltres|100\/100|[from] item: Leftovers\n|-damage|p1a: Lokix|14\/100 psn|[from] psn\n|upkeep\n|turn|21\n|\n|t:|1700623193\n|move|p1a: Lokix|Throat Chop|p2a: Moltres\n|-damage|p2a: Moltres|47\/100\n|move|p2a: Moltres|Roost|p2a: Moltres\n|-heal|p2a: Moltres|97\/100\n|-singleturn|p2a: Moltres|move: Roost\n|\n|-heal|p2a: Moltres|100\/100|[from] item: Leftovers\n|-damage|p1a: Lokix|2\/100 psn|[from] psn\n|-end|p2a: Moltres|Throat Chop|[silent]\n|upkeep\n|turn|22\n|\n|t:|1700623197\n|switch|p2a: Iron Valiant|Iron Valiant|100\/100\n|move|p1a: Lokix|Throat Chop|p2a: Iron Valiant\n|-resisted|p2a: Iron Valiant\n|-damage|p2a: Iron Valiant|82\/100\n|-start|p2a: Iron Valiant|Throat Chop|[silent]\n|\n|-damage|p1a: Lokix|0 fnt|[from] psn\n|faint|p1a: Lokix\n|upkeep\n|\n|t:|1700623202\n|switch|p1a: Lucario|Lucario, M, shiny|100\/100\n|-damage|p1a: Lucario|98\/100|[from] Stealth Rock\n|turn|23\n|-message|buster1839 forfeited.\n|\n|win|Joker040921\n|raw|buster1839's rating: 1060 &rarr; <strong>1046<\/strong><br \/>(-14 for losing)\n|raw|Joker040921's rating: 1152 &rarr; <strong>1171<\/strong><br \/>(+19 for winning)\n|l|\u2606buster1839\n","uploadtime":1700623211,"views":0,"p1id":"buster1839","p2id":"joker040921","formatid":"gen9ou","rating":1046,"private":0,"password":""}