{"id":"gen9ou-1997094578","p1":"Lux2821","p2":"Bio_Hazz","format":"[Gen 9] OU","log":"|j|\u2606Lux2821\n|j|\u2606Bio_Hazz\n|t:|1700763941\n|gametype|singles\n|player|p1|Lux2821|lusamine-nihilego|\n|player|p2|Bio_Hazz|lucas|\n|teamsize|p1|6\n|teamsize|p2|6\n|gen|9\n|tier|[Gen 9] OU\n|rule|Sleep Clause Mod: Limit one foe put to sleep\n|rule|Species Clause: Limit one of each Pok\u00e9mon\n|rule|OHKO Clause: OHKO moves are banned\n|rule|Evasion Items Clause: Evasion items are banned\n|rule|Evasion Moves Clause: Evasion moves are banned\n|rule|Endless Battle Clause: Forcing endless battles is banned\n|rule|HP Percentage Mod: HP is shown in percentages\n|clearpoke\n|poke|p1|Slowking-Galar, M|\n|poke|p1|Zapdos|\n|poke|p1|Landorus-Therian, M|\n|poke|p1|Kingambit, M|\n|poke|p1|Gholdengo|\n|poke|p1|Ogerpon-Wellspring, F|\n|poke|p2|Iron Valiant|\n|poke|p2|Dragapult, M|\n|poke|p2|Garganacl, F|\n|poke|p2|Scizor, F|\n|poke|p2|Iron Moth|\n|poke|p2|Kingambit, F|\n|teampreview\n|inactive|Battle timer is ON: inactive players will automatically lose when time's up. (requested by Lux2821)\n|c|\u2606Bio_Hazz|glhf\n|c|\u2606Lux2821|u2\n|\n|t:|1700763950\n|start\n|switch|p1a: It's Glowver|Slowking-Galar, M|100\/100\n|switch|p2a: Dragapult|Dragapult, M|100\/100\n|turn|1\n|\n|t:|1700763959\n|move|p2a: Dragapult|Shadow Ball|p1a: It's Glowver\n|-supereffective|p1a: It's Glowver\n|-damage|p1a: It's Glowver|12\/100\n|move|p1a: It's Glowver|Chilly Reception|p1a: It's Glowver\n|-weather|Snow\n|\n|t:|1700763962\n|switch|p1a: Bill Cypher|Zapdos|100\/100|[from] Chilly Reception\n|\n|-weather|Snow|[upkeep]\n|upkeep\n|turn|2\n|\n|t:|1700763968\n|move|p2a: Dragapult|Shadow Ball|p1a: Bill Cypher\n|-damage|p1a: Bill Cypher|49\/100\n|-unboost|p1a: Bill Cypher|spd|1\n|move|p1a: Bill Cypher|Weather Ball|p2a: Dragapult\n|-supereffective|p2a: Dragapult\n|-damage|p2a: Dragapult|6\/100\n|\n|-weather|Snow|[upkeep]\n|upkeep\n|turn|3\n|c|\u2606Bio_Hazz|that is cool\n|c|\u2606Lux2821|ye\n|c|\u2606Bio_Hazz|you get it, cus its cool tech, but also cus its ice type\n|c|\u2606Lux2821|yes\n|\n|t:|1700763996\n|switch|p2a: Iron Moth|Iron Moth|100\/100\n|switch|p1a: Samuroyal|Kingambit, M|100\/100\n|\n|-weather|Snow|[upkeep]\n|upkeep\n|turn|4\n|\n|t:|1700764009\n|move|p2a: Iron Moth|Substitute|p2a: Iron Moth\n|-start|p2a: Iron Moth|Substitute\n|-damage|p2a: Iron Moth|76\/100\n|move|p1a: Samuroyal|Kowtow Cleave|p2a: Iron Moth\n|-end|p2a: Iron Moth|Substitute\n|\n|-weather|Snow|[upkeep]\n|-heal|p2a: Iron Moth|82\/100|[from] item: Black Sludge\n|upkeep\n|turn|5\n|\n|t:|1700764018\n|move|p2a: Iron Moth|Fiery Dance|p1a: Samuroyal\n|-supereffective|p1a: Samuroyal\n|-damage|p1a: Samuroyal|0 fnt\n|faint|p1a: Samuroyal\n|-end|p1a: Samuroyal|fallenundefined|[silent]\n|\n|-weather|none\n|-heal|p2a: Iron Moth|88\/100|[from] item: Black Sludge\n|upkeep\n|c|\u2606Lux2821|that wasn't meant to kill\n|\n|t:|1700764034\n|switch|p1a: Hammer Head|Landorus-Therian, M|100\/100\n|-ability|p1a: Hammer Head|Intimidate|boost\n|-unboost|p2a: Iron Moth|atk|1\n|turn|6\n|c|\u2606Bio_Hazz|it was like a 50% to kill you\n|\n|t:|1700764046\n|move|p1a: Hammer Head|Earthquake|p2a: Iron Moth\n|-supereffective|p2a: Iron Moth\n|-damage|p2a: Iron Moth|0 fnt\n|faint|p2a: Iron Moth\n|-end|p2a: Iron Moth|Quark Drive|[silent]\n|\n|upkeep\n|inactive|Bio_Hazz has 270 seconds left.\n|\n|t:|1700764074\n|switch|p2a: Iron Valiant|Iron Valiant|100\/100\n|-enditem|p2a: Iron Valiant|Booster Energy\n|-activate|p2a: Iron Valiant|ability: Quark Drive|[fromitem]\n|-start|p2a: Iron Valiant|quarkdrivespe\n|turn|7\n|inactive|Bio_Hazz has 270 seconds left.\n|\n|t:|1700764080\n|-terastallize|p1a: Hammer Head|Ground\n|move|p2a: Iron Valiant|Swords Dance|p2a: Iron Valiant\n|-boost|p2a: Iron Valiant|atk|2\n|move|p1a: Hammer Head|Earthquake|p2a: Iron Valiant\n|-damage|p2a: Iron Valiant|17\/100\n|\n|upkeep\n|turn|8\n|\n|t:|1700764088\n|move|p2a: Iron Valiant|Close Combat|p1a: Hammer Head\n|-damage|p1a: Hammer Head|0 fnt\n|-unboost|p2a: Iron Valiant|def|1\n|-unboost|p2a: Iron Valiant|spd|1\n|faint|p1a: Hammer Head\n|\n|upkeep\n|\n|t:|1700764093\n|switch|p1a: It's Glowver|Slowking-Galar, M|45\/100\n|turn|9\n|\n|t:|1700764097\n|switch|p1a: CheeseString|Gholdengo|100\/100\n|-item|p1a: CheeseString|Air Balloon\n|move|p2a: Iron Valiant|Knock Off|p1a: CheeseString\n|-supereffective|p1a: CheeseString\n|-damage|p1a: CheeseString|0 fnt\n|-enditem|p1a: CheeseString|Air Balloon\n|faint|p1a: CheeseString\n|\n|upkeep\n|c|\u2606Lux2821|misclick\n|\n|t:|1700764104\n|switch|p1a: sad moments|Ogerpon-Wellspring, F|100\/100\n|turn|10\n|\n|t:|1700764109\n|move|p2a: Iron Valiant|Close Combat|p1a: sad moments\n|-damage|p1a: sad moments|0 fnt\n|-unboost|p2a: Iron Valiant|def|1\n|-unboost|p2a: Iron Valiant|spd|1\n|faint|p1a: sad moments\n|\n|upkeep\n|\n|t:|1700764112\n|switch|p1a: Bill Cypher|Zapdos|49\/100\n|turn|11\n|\n|t:|1700764119\n|move|p2a: Iron Valiant|Knock Off|p1a: Bill Cypher\n|-damage|p1a: Bill Cypher|0 fnt\n|-enditem|p1a: Bill Cypher|Heavy-Duty Boots|[from] move: Knock Off|[of] p2a: Iron Valiant\n|faint|p1a: Bill Cypher\n|\n|upkeep\n|c|\u2606Bio_Hazz|thats prob gg\n|c|\u2606Lux2821|idk what I do I was meant to get zapdos killed\n|c|\u2606Lux2821|gg\n|\n|t:|1700764129\n|switch|p1a: It's Glowver|Slowking-Galar, M|78\/100\n|turn|12\n|\n|t:|1700764132\n|move|p2a: Iron Valiant|Knock Off|p1a: It's Glowver\n|-supereffective|p1a: It's Glowver\n|-damage|p1a: It's Glowver|0 fnt\n|-enditem|p1a: It's Glowver|Heavy-Duty Boots|[from] move: Knock Off|[of] p2a: Iron Valiant\n|faint|p1a: It's Glowver\n|\n|win|Bio_Hazz\n|l|\u2606Lux2821\n","uploadtime":1700764144,"views":5,"p1id":"lux2821","p2id":"biohazz","formatid":"gen9ou","rating":0,"private":0,"password":""}