{"id":"gen9ou-1992508039","p1":"Gucciwizardrobes","p2":"Redribbonrenegade","format":"[Gen 9] OU","log":"|j|\u2606Gucciwizardrobes\n|j|\u2606Redribbonrenegade\n|t:|1700196778\n|gametype|singles\n|player|p1|Gucciwizardrobes|265|1474\n|player|p2|Redribbonrenegade|marshal|1394\n|teamsize|p1|6\n|teamsize|p2|6\n|gen|9\n|tier|[Gen 9] OU\n|rated|\n|rule|Sleep Clause Mod: Limit one foe put to sleep\n|rule|Species Clause: Limit one of each Pok\u00e9mon\n|rule|OHKO Clause: OHKO moves are banned\n|rule|Evasion Items Clause: Evasion items are banned\n|rule|Evasion Moves Clause: Evasion moves are banned\n|rule|Endless Battle Clause: Forcing endless battles is banned\n|rule|HP Percentage Mod: HP is shown in percentages\n|clearpoke\n|poke|p1|Crawdaunt, F|\n|poke|p1|Cinderace, M|\n|poke|p1|Dragapult, F|\n|poke|p1|Iron Valiant|\n|poke|p1|Iron Hands|\n|poke|p1|Ogerpon-Cornerstone, F|\n|poke|p2|Ursaluna, M|\n|poke|p2|Volcanion|\n|poke|p2|Garganacl, M|\n|poke|p2|Sinistcha-Masterpiece|\n|poke|p2|Cresselia, F|\n|poke|p2|Weezing-Galar, M|\n|teampreview\n|inactive|Battle timer is ON: inactive players will automatically lose when time's up. (requested by Redribbonrenegade)\n|\n|t:|1700196876\n|start\n|switch|p1a: Crawdaunt|Crawdaunt, F|100\/100\n|switch|p2a: Gibson \ud83d\udd74\ufe0f|Weezing-Galar, M|100\/100\n|turn|1\n|\n|t:|1700196903\n|switch|p1a: Cinderace|Cinderace, M|100\/100\n|move|p2a: Gibson \ud83d\udd74\ufe0f|Pain Split|p1a: Cinderace\n|-sethp|p1a: Cinderace|100\/100|[from] move: Pain Split|[silent]\n|-sethp|p2a: Gibson \ud83d\udd74\ufe0f|95\/100|[from] move: Pain Split\n|\n|-heal|p2a: Gibson \ud83d\udd74\ufe0f|100\/100|[from] item: Leftovers\n|upkeep\n|turn|2\n|\n|t:|1700196916\n|switch|p2a: Kim Joe Un \u26f0\ufe0f|Ursaluna, M, shiny|100\/100\n|move|p1a: Cinderace|Pyro Ball|p2a: Kim Joe Un \u26f0\ufe0f\n|-immune|p2a: Kim Joe Un \u26f0\ufe0f|[from] ability: Bulletproof\n|\n|upkeep\n|turn|3\n|\n|t:|1700196926\n|move|p1a: Cinderace|U-turn|p2a: Kim Joe Un \u26f0\ufe0f\n|-start|p1a: Cinderace|typechange|Bug|[from] ability: Libero\n|-damage|p2a: Kim Joe Un \u26f0\ufe0f|75\/100\n|\n|t:|1700196930\n|switch|p1a: Crawdaunt|Crawdaunt, F|100\/100|[from] U-turn\n|move|p2a: Kim Joe Un \u26f0\ufe0f|Headlong Rush|p1a: Crawdaunt\n|-enditem|p1a: Crawdaunt|Focus Sash\n|-damage|p1a: Crawdaunt|1\/100\n|-unboost|p2a: Kim Joe Un \u26f0\ufe0f|def|1\n|-unboost|p2a: Kim Joe Un \u26f0\ufe0f|spd|1\n|\n|upkeep\n|turn|4\n|\n|t:|1700196938\n|switch|p2a: Forge \ud83d\ude82|Volcanion|100\/100\n|move|p1a: Crawdaunt|Knock Off|p2a: Forge \ud83d\ude82\n|-damage|p2a: Forge \ud83d\ude82|48\/100\n|-enditem|p2a: Forge \ud83d\ude82|Assault Vest|[from] move: Knock Off|[of] p1a: Crawdaunt\n|\n|upkeep\n|turn|5\n|\n|t:|1700196953\n|switch|p2a: Gibson \ud83d\udd74\ufe0f|Weezing-Galar, M|100\/100\n|move|p1a: Crawdaunt|Close Combat|p2a: Gibson \ud83d\udd74\ufe0f\n|-resisted|p2a: Gibson \ud83d\udd74\ufe0f\n|-damage|p2a: Gibson \ud83d\udd74\ufe0f|93\/100\n|-unboost|p1a: Crawdaunt|def|1\n|-unboost|p1a: Crawdaunt|spd|1\n|\n|-heal|p2a: Gibson \ud83d\udd74\ufe0f|99\/100|[from] item: Leftovers\n|upkeep\n|turn|6\n|\n|t:|1700196965\n|move|p1a: Crawdaunt|Crabhammer|p2a: Gibson \ud83d\udd74\ufe0f\n|-damage|p2a: Gibson \ud83d\udd74\ufe0f|45\/100\n|move|p2a: Gibson \ud83d\udd74\ufe0f|Clear Smog|p1a: Crawdaunt\n|-damage|p1a: Crawdaunt|0 fnt\n|-clearboost|p1a: Crawdaunt\n|faint|p1a: Crawdaunt\n|\n|-heal|p2a: Gibson \ud83d\udd74\ufe0f|50\/100|[from] item: Leftovers\n|upkeep\n|inactive|Gucciwizardrobes has 120 seconds left.\n|\n|t:|1700196999\n|switch|p1a: Cinderace|Cinderace, M|100\/100\n|turn|7\n|\n|t:|1700197004\n|move|p1a: Cinderace|Pyro Ball|p2a: Gibson \ud83d\udd74\ufe0f\n|-damage|p2a: Gibson \ud83d\udd74\ufe0f|6\/100\n|move|p2a: Gibson \ud83d\udd74\ufe0f|Pain Split|p1a: Cinderace\n|-sethp|p1a: Cinderace|53\/100|[from] move: Pain Split|[silent]\n|-sethp|p2a: Gibson \ud83d\udd74\ufe0f|48\/100|[from] move: Pain Split\n|\n|-heal|p2a: Gibson \ud83d\udd74\ufe0f|54\/100|[from] item: Leftovers\n|upkeep\n|turn|8\n|\n|t:|1700197012\n|move|p1a: Cinderace|Pyro Ball|p2a: Gibson \ud83d\udd74\ufe0f\n|-damage|p2a: Gibson \ud83d\udd74\ufe0f|14\/100\n|move|p2a: Gibson \ud83d\udd74\ufe0f|Pain Split|p1a: Cinderace\n|-sethp|p1a: Cinderace|34\/100|[from] move: Pain Split|[silent]\n|-sethp|p2a: Gibson \ud83d\udd74\ufe0f|31\/100|[from] move: Pain Split\n|\n|-heal|p2a: Gibson \ud83d\udd74\ufe0f|37\/100|[from] item: Leftovers\n|upkeep\n|turn|9\n|\n|t:|1700197023\n|switch|p2a: Kim Joe Un \u26f0\ufe0f|Ursaluna, M, shiny|75\/100\n|move|p1a: Cinderace|Pyro Ball|p2a: Kim Joe Un \u26f0\ufe0f\n|-immune|p2a: Kim Joe Un \u26f0\ufe0f|[from] ability: Bulletproof\n|\n|upkeep\n|turn|10\n|\n|t:|1700197034\n|move|p1a: Cinderace|Gunk Shot|p2a: Kim Joe Un \u26f0\ufe0f\n|-start|p1a: Cinderace|typechange|Poison|[from] ability: Libero\n|-resisted|p2a: Kim Joe Un \u26f0\ufe0f\n|-damage|p2a: Kim Joe Un \u26f0\ufe0f|52\/100\n|move|p2a: Kim Joe Un \u26f0\ufe0f|Headlong Rush|p1a: Cinderace\n|-supereffective|p1a: Cinderace\n|-damage|p1a: Cinderace|0 fnt\n|-unboost|p2a: Kim Joe Un \u26f0\ufe0f|def|1\n|-unboost|p2a: Kim Joe Un \u26f0\ufe0f|spd|1\n|faint|p1a: Cinderace\n|\n|upkeep\n|\n|t:|1700197045\n|switch|p1a: Ogerpon|Ogerpon-Cornerstone, F|100\/100\n|turn|11\n|\n|t:|1700197056\n|switch|p2a: Chi-Chi \ud83c\udf75|Sinistcha-Masterpiece, shiny|100\/100\n|move|p1a: Ogerpon|Power Whip|p2a: Chi-Chi \ud83c\udf75\n|-resisted|p2a: Chi-Chi \ud83c\udf75\n|-damage|p2a: Chi-Chi \ud83c\udf75|74\/100\n|\n|upkeep\n|turn|12\n|\n|t:|1700197061\n|move|p1a: Ogerpon|Swords Dance|p1a: Ogerpon\n|-boost|p1a: Ogerpon|atk|2\n|move|p2a: Chi-Chi \ud83c\udf75|Iron Defense|p2a: Chi-Chi \ud83c\udf75\n|-boost|p2a: Chi-Chi \ud83c\udf75|def|2\n|\n|upkeep\n|turn|13\n|\n|t:|1700197070\n|move|p1a: Ogerpon|Knock Off|p2a: Chi-Chi \ud83c\udf75\n|-supereffective|p2a: Chi-Chi \ud83c\udf75\n|-damage|p2a: Chi-Chi \ud83c\udf75|18\/100\n|-enditem|p2a: Chi-Chi \ud83c\udf75|Heavy-Duty Boots|[from] move: Knock Off|[of] p1a: Ogerpon\n|move|p2a: Chi-Chi \ud83c\udf75|Strength Sap|p1a: Ogerpon\n|-unboost|p1a: Ogerpon|atk|1\n|-heal|p2a: Chi-Chi \ud83c\udf75|100\/100\n|\n|upkeep\n|turn|14\n|\n|t:|1700197076\n|switch|p1a: Iron Valiant|Iron Valiant|100\/100\n|-enditem|p1a: Iron Valiant|Booster Energy\n|-activate|p1a: Iron Valiant|ability: Quark Drive|[fromitem]\n|-start|p1a: Iron Valiant|quarkdrivespe\n|move|p2a: Chi-Chi \ud83c\udf75|Calm Mind|p2a: Chi-Chi \ud83c\udf75\n|-boost|p2a: Chi-Chi \ud83c\udf75|spa|1\n|-boost|p2a: Chi-Chi \ud83c\udf75|spd|1\n|\n|upkeep\n|turn|15\n|\n|t:|1700197084\n|switch|p2a: Rennala \ud83c\udf19|Cresselia, F|100\/100\n|move|p1a: Iron Valiant|Encore||[still]\n|-fail|p1a: Iron Valiant\n|\n|upkeep\n|turn|16\n|\n|t:|1700197090\n|-terastallize|p1a: Iron Valiant|Steel\n|move|p1a: Iron Valiant|Calm Mind|p1a: Iron Valiant\n|-boost|p1a: Iron Valiant|spa|1\n|-boost|p1a: Iron Valiant|spd|1\n|move|p2a: Rennala \ud83c\udf19|Trick Room|p2a: Rennala \ud83c\udf19\n|-fieldstart|move: Trick Room|[of] p2a: Rennala \ud83c\udf19\n|\n|upkeep\n|turn|17\n|\n|t:|1700197099\n|switch|p2a: Wojbomb \ud83d\udce0|Garganacl, M|100\/100\n|move|p1a: Iron Valiant|Psyshock|p2a: Wojbomb \ud83d\udce0\n|-damage|p2a: Wojbomb \ud83d\udce0|78\/100\n|\n|upkeep\n|turn|18\n|\n|t:|1700197101\n|move|p2a: Wojbomb \ud83d\udce0|Salt Cure|p1a: Iron Valiant\n|-resisted|p1a: Iron Valiant\n|-damage|p1a: Iron Valiant|92\/100\n|-start|p1a: Iron Valiant|Salt Cure\n|move|p1a: Iron Valiant|Moonblast|p2a: Wojbomb \ud83d\udce0\n|-damage|p2a: Wojbomb \ud83d\udce0|25\/100\n|\n|-damage|p1a: Iron Valiant|67\/100|[from] Salt Cure\n|upkeep\n|turn|19\n|\n|t:|1700197105\n|move|p2a: Wojbomb \ud83d\udce0|Stealth Rock|p1a: Iron Valiant\n|-sidestart|p1: Gucciwizardrobes|move: Stealth Rock\n|move|p1a: Iron Valiant|Moonblast|p2a: Wojbomb \ud83d\udce0\n|-damage|p2a: Wojbomb \ud83d\udce0|0 fnt\n|faint|p2a: Wojbomb \ud83d\udce0\n|\n|-damage|p1a: Iron Valiant|42\/100|[from] Salt Cure\n|upkeep\n|\n|t:|1700197112\n|switch|p2a: Gibson \ud83d\udd74\ufe0f|Weezing-Galar, M|37\/100\n|turn|20\n|\n|t:|1700197117\n|move|p2a: Gibson \ud83d\udd74\ufe0f|Overheat|p1a: Iron Valiant\n|-supereffective|p1a: Iron Valiant\n|-damage|p1a: Iron Valiant|0 fnt\n|-unboost|p2a: Gibson \ud83d\udd74\ufe0f|spa|2\n|faint|p1a: Iron Valiant\n|-end|p1a: Iron Valiant|Quark Drive|[silent]\n|\n|-heal|p2a: Gibson \ud83d\udd74\ufe0f|43\/100|[from] item: Leftovers\n|-fieldend|move: Trick Room\n|upkeep\n|\n|t:|1700197127\n|switch|p1a: Iron Hands|Iron Hands|100\/100\n|-damage|p1a: Iron Hands|94\/100|[from] Stealth Rock\n|turn|21\n|\n|t:|1700197135\n|move|p2a: Gibson \ud83d\udd74\ufe0f|Pain Split|p1a: Iron Hands\n|-sethp|p1a: Iron Hands|61\/100|[from] move: Pain Split|[silent]\n|-sethp|p2a: Gibson \ud83d\udd74\ufe0f|94\/100|[from] move: Pain Split\n|move|p1a: Iron Hands|Swords Dance|p1a: Iron Hands\n|-boost|p1a: Iron Hands|atk|2\n|\n|-heal|p2a: Gibson \ud83d\udd74\ufe0f|99\/100|[from] item: Leftovers\n|-heal|p1a: Iron Hands|67\/100|[from] item: Leftovers\n|upkeep\n|turn|22\n|\n|t:|1700197142\n|switch|p2a: Chi-Chi \ud83c\udf75|Sinistcha-Masterpiece, shiny|100\/100\n|move|p1a: Iron Hands|Drain Punch|p2a: Chi-Chi \ud83c\udf75\n|-immune|p2a: Chi-Chi \ud83c\udf75\n|\n|-heal|p1a: Iron Hands|74\/100|[from] item: Leftovers\n|upkeep\n|turn|23\n|\n|t:|1700197151\n|-end|p1a: Iron Hands|Quark Drive|[silent]\n|switch|p1a: Dragapult|Dragapult, F|100\/100\n|-damage|p1a: Dragapult|88\/100|[from] Stealth Rock\n|move|p2a: Chi-Chi \ud83c\udf75|Iron Defense|p2a: Chi-Chi \ud83c\udf75\n|-boost|p2a: Chi-Chi \ud83c\udf75|def|2\n|\n|upkeep\n|turn|24\n|\n|t:|1700197158\n|switch|p2a: Kim Joe Un \u26f0\ufe0f|Ursaluna, M, shiny|52\/100\n|move|p1a: Dragapult|Shadow Ball|p2a: Kim Joe Un \u26f0\ufe0f\n|-immune|p2a: Kim Joe Un \u26f0\ufe0f|[from] ability: Bulletproof\n|\n|upkeep\n|turn|25\n|\n|t:|1700197167\n|switch|p1a: Ogerpon|Ogerpon-Cornerstone, F|100\/100\n|-damage|p1a: Ogerpon|88\/100|[from] Stealth Rock\n|move|p2a: Kim Joe Un \u26f0\ufe0f|Headlong Rush|p1a: Ogerpon\n|-damage|p1a: Ogerpon|0 fnt\n|-unboost|p2a: Kim Joe Un \u26f0\ufe0f|def|1\n|-unboost|p2a: Kim Joe Un \u26f0\ufe0f|spd|1\n|faint|p1a: Ogerpon\n|\n|upkeep\n|\n|t:|1700197176\n|switch|p1a: Iron Hands|Iron Hands|74\/100\n|-damage|p1a: Iron Hands|67\/100|[from] Stealth Rock\n|turn|26\n|-message|Gucciwizardrobes forfeited.\n|\n|win|Redribbonrenegade\n|raw|Gucciwizardrobes's rating: 1474 &rarr; <strong>1449<\/strong><br \/>(-25 for losing)\n|raw|Redribbonrenegade's rating: 1394 &rarr; <strong>1419<\/strong><br \/>(+25 for winning)\n|l|\u2606Gucciwizardrobes\n","uploadtime":1700197375,"views":7,"p1id":"gucciwizardrobes","p2id":"redribbonrenegade","formatid":"gen9ou","rating":1419,"private":0,"password":""}