{"id":"gen9ou-1999678378","p1":"yekom","p2":"crazed bird","format":"[Gen 9] OU","log":"|j|\u2606yekom\n|j|\u2606crazed bird\n|t:|1701107070\n|gametype|singles\n|player|p1|yekom|will|1265\n|player|p2|crazed bird|falkner|1200\n|teamsize|p1|6\n|teamsize|p2|6\n|gen|9\n|tier|[Gen 9] OU\n|rated|\n|rule|Sleep Clause Mod: Limit one foe put to sleep\n|rule|Species Clause: Limit one of each Pok\u00e9mon\n|rule|OHKO Clause: OHKO moves are banned\n|rule|Evasion Items Clause: Evasion items are banned\n|rule|Evasion Moves Clause: Evasion moves are banned\n|rule|Endless Battle Clause: Forcing endless battles is banned\n|rule|HP Percentage Mod: HP is shown in percentages\n|clearpoke\n|poke|p1|Empoleon, M|\n|poke|p1|Infernape, M|\n|poke|p1|Honchkrow, F|\n|poke|p1|Arcanine-Hisui, M|\n|poke|p1|Wo-Chien|\n|poke|p1|Weezing-Galar, M|\n|poke|p2|Amoonguss, F|\n|poke|p2|Weavile, F|\n|poke|p2|Tornadus-Therian, M|\n|poke|p2|Empoleon, F|\n|poke|p2|Iron Treads|\n|poke|p2|Munkidori, M|\n|teampreview\n|inactive|Battle timer is ON: inactive players will automatically lose when time's up. (requested by yekom)\n|\n|t:|1701107101\n|start\n|switch|p1a: Rock titan|Arcanine-Hisui, M, shiny|100\/100\n|switch|p2a: Weavile|Weavile, F|100\/100\n|-ability|p2a: Weavile|Pressure\n|turn|1\n|\n|t:|1701107115\n|move|p1a: Rock titan|Flare Blitz|p2a: Weavile\n|-supereffective|p2a: Weavile\n|-damage|p2a: Weavile|0 fnt\n|faint|p2a: Weavile\n|\n|upkeep\n|\n|t:|1701107136\n|switch|p2a: Empoleon|Empoleon, F|100\/100\n|turn|2\n|\n|t:|1701107141\n|switch|p1a: King of nowhere|Wo-Chien|100\/100\n|-ability|p1a: King of nowhere|Tablets of Ruin\n|move|p2a: Empoleon|Surf|p1a: King of nowhere\n|-resisted|p1a: King of nowhere\n|-damage|p1a: King of nowhere|91\/100\n|\n|-heal|p1a: King of nowhere|97\/100|[from] item: Leftovers\n|upkeep\n|turn|3\n|\n|t:|1701107160\n|switch|p1a: Rock titan|Arcanine-Hisui, M, shiny|100\/100\n|move|p2a: Empoleon|Stealth Rock|p1a: Rock titan\n|-sidestart|p1: yekom|move: Stealth Rock\n|\n|upkeep\n|turn|4\n|\n|t:|1701107170\n|move|p1a: Rock titan|Close Combat|p2a: Empoleon\n|-supereffective|p2a: Empoleon\n|-damage|p2a: Empoleon|12\/100\n|-unboost|p1a: Rock titan|def|1\n|-unboost|p1a: Rock titan|spd|1\n|move|p2a: Empoleon|Surf|p1a: Rock titan\n|-supereffective|p1a: Rock titan\n|-damage|p1a: Rock titan|0 fnt\n|faint|p1a: Rock titan\n|\n|-heal|p2a: Empoleon|19\/100|[from] item: Leftovers\n|upkeep\n|\n|t:|1701107175\n|switch|p1a: vapor wave|Weezing-Galar, M|100\/100\n|turn|5\n|\n|t:|1701107180\n|move|p2a: Empoleon|Roost|p2a: Empoleon\n|-heal|p2a: Empoleon|69\/100\n|-singleturn|p2a: Empoleon|move: Roost\n|move|p1a: vapor wave|Defog|p2a: Empoleon\n|-unboost|p2a: Empoleon|evasion|1\n|-ability|p2a: Empoleon|Competitive|boost\n|-boost|p2a: Empoleon|spa|2\n|-sideend|p1: yekom|Stealth Rock|[from] move: Defog|[of] p1a: vapor wave\n|\n|-heal|p2a: Empoleon|75\/100|[from] item: Leftovers\n|upkeep\n|turn|6\n|\n|t:|1701107189\n|switch|p1a: King of nowhere|Wo-Chien|97\/100\n|-ability|p1a: King of nowhere|Tablets of Ruin\n|move|p2a: Empoleon|Roost|p2a: Empoleon\n|-heal|p2a: Empoleon|100\/100\n|-singleturn|p2a: Empoleon|move: Roost\n|\n|-heal|p1a: King of nowhere|100\/100|[from] item: Leftovers\n|upkeep\n|turn|7\n|\n|t:|1701107198\n|move|p1a: King of nowhere|Protect|p1a: King of nowhere\n|-singleturn|p1a: King of nowhere|Protect\n|move|p2a: Empoleon|Stealth Rock|p1a: King of nowhere\n|-sidestart|p1: yekom|move: Stealth Rock\n|\n|upkeep\n|turn|8\n|\n|t:|1701107204\n|move|p1a: King of nowhere|Leech Seed|p2a: Empoleon\n|-start|p2a: Empoleon|move: Leech Seed\n|move|p2a: Empoleon|Surf|p1a: King of nowhere\n|-resisted|p1a: King of nowhere\n|-damage|p1a: King of nowhere|83\/100\n|\n|-heal|p1a: King of nowhere|89\/100|[from] item: Leftovers\n|-damage|p2a: Empoleon|88\/100|[from] Leech Seed|[of] p1a: King of nowhere\n|-heal|p1a: King of nowhere|100\/100|[silent]\n|upkeep\n|turn|9\n|\n|t:|1701107216\n|move|p1a: King of nowhere|Knock Off|p2a: Empoleon\n|-damage|p2a: Empoleon|57\/100\n|-enditem|p2a: Empoleon|Leftovers|[from] move: Knock Off|[of] p1a: King of nowhere\n|move|p2a: Empoleon|Flip Turn|p1a: King of nowhere\n|-resisted|p1a: King of nowhere\n|-damage|p1a: King of nowhere|95\/100\n|\n|t:|1701107234\n|switch|p2a: Munkidori|Munkidori, M|100\/100|[from] Flip Turn\n|\n|-heal|p1a: King of nowhere|100\/100|[from] item: Leftovers\n|upkeep\n|turn|10\n|\n|t:|1701107250\n|switch|p1a: fearless emperor|Empoleon, M|100\/100\n|-damage|p1a: fearless emperor|94\/100|[from] Stealth Rock\n|move|p2a: Munkidori|U-turn|p1a: fearless emperor\n|-resisted|p1a: fearless emperor\n|-damage|p1a: fearless emperor|88\/100\n|\n|t:|1701107266\n|switch|p2a: Iron Treads|Iron Treads|100\/100|[from] U-turn\n|\n|upkeep\n|turn|11\n|\n|t:|1701107276\n|switch|p1a: vapor wave|Weezing-Galar, M|100\/100\n|move|p2a: Iron Treads|Ice Spinner|p1a: vapor wave\n|-damage|p1a: vapor wave|85\/100\n|\n|upkeep\n|turn|12\n|\n|t:|1701107285\n|move|p2a: Iron Treads|Earthquake|p1a: vapor wave\n|-immune|p1a: vapor wave|[from] ability: Levitate\n|move|p1a: vapor wave|Defog|p2a: Iron Treads\n|-unboost|p2a: Iron Treads|evasion|1\n|-sideend|p1: yekom|Stealth Rock|[from] move: Defog|[of] p1a: vapor wave\n|\n|upkeep\n|turn|13\n|\n|t:|1701107297\n|switch|p1a: Destructive fists|Infernape, M, shiny|100\/100\n|move|p2a: Iron Treads|Volt Switch|p1a: Destructive fists\n|-damage|p1a: Destructive fists|85\/100\n|\n|t:|1701107321\n|-end|p2a: Iron Treads|Quark Drive|[silent]\n|switch|p2a: Munkidori|Munkidori, M|100\/100|[from] Volt Switch\n|\n|upkeep\n|turn|14\n|\n|t:|1701107331\n|move|p1a: Destructive fists|Fake Out|p2a: Munkidori\n|-damage|p2a: Munkidori|77\/100\n|-damage|p1a: Destructive fists|75\/100|[from] item: Life Orb\n|cant|p2a: Munkidori|flinch\n|\n|upkeep\n|turn|15\n|\n|t:|1701107343\n|switch|p1a: King of nowhere|Wo-Chien|100\/100\n|-ability|p1a: King of nowhere|Tablets of Ruin\n|move|p2a: Munkidori|Psychic|p1a: King of nowhere\n|-immune|p1a: King of nowhere\n|\n|upkeep\n|turn|16\n|\n|t:|1701107350\n|move|p1a: King of nowhere|Protect|p1a: King of nowhere\n|-singleturn|p1a: King of nowhere|Protect\n|move|p2a: Munkidori|U-turn|p1a: King of nowhere\n|-activate|p1a: King of nowhere|move: Protect\n|\n|upkeep\n|turn|17\n|\n|t:|1701107357\n|switch|p1a: fearless emperor|Empoleon, M|88\/100\n|move|p2a: Munkidori|U-turn|p1a: fearless emperor\n|-resisted|p1a: fearless emperor\n|-damage|p1a: fearless emperor|82\/100\n|\n|t:|1701107361\n|switch|p2a: Iron Treads|Iron Treads|100\/100|[from] U-turn\n|\n|upkeep\n|turn|18\n|\n|t:|1701107367\n|move|p2a: Iron Treads|Earthquake|p1a: fearless emperor\n|-supereffective|p1a: fearless emperor\n|-damage|p1a: fearless emperor|0 fnt\n|faint|p1a: fearless emperor\n|\n|upkeep\n|\n|t:|1701107371\n|switch|p1a: Destructive fists|Infernape, M, shiny|75\/100\n|turn|19\n|\n|t:|1701107378\n|-terastallize|p2a: Iron Treads|Water\n|move|p1a: Destructive fists|Drain Punch|p2a: Iron Treads\n|-damage|p2a: Iron Treads|52\/100\n|-heal|p1a: Destructive fists|100\/100|[from] drain|[of] p2a: Iron Treads\n|-damage|p1a: Destructive fists|91\/100|[from] item: Life Orb\n|move|p2a: Iron Treads|Earthquake|p1a: Destructive fists\n|-supereffective|p1a: Destructive fists\n|-damage|p1a: Destructive fists|0 fnt\n|faint|p1a: Destructive fists\n|\n|-heal|p2a: Iron Treads|58\/100|[from] item: Leftovers\n|upkeep\n|\n|t:|1701107383\n|switch|p1a: Jackpot|Honchkrow, F|100\/100\n|turn|20\n|\n|t:|1701107388\n|-terastallize|p1a: Jackpot|Dark\n|move|p1a: Jackpot|Sucker Punch|p2a: Iron Treads\n|-crit|p2a: Iron Treads\n|-damage|p2a: Iron Treads|0 fnt\n|faint|p2a: Iron Treads\n|-end|p2a: Iron Treads|Quark Drive|[silent]\n|\n|upkeep\n|\n|t:|1701107403\n|switch|p2a: Amoonguss|Amoonguss, F|100\/100\n|turn|21\n|\n|t:|1701107413\n|move|p1a: Jackpot|U-turn|p2a: Amoonguss\n|-crit|p2a: Amoonguss\n|-damage|p2a: Amoonguss|61\/100\n|-damage|p1a: Jackpot|84\/100|[from] item: Rocky Helmet|[of] p2a: Amoonguss\n|\n|t:|1701107416\n|switch|p1a: King of nowhere|Wo-Chien|100\/100|[from] U-turn\n|-ability|p1a: King of nowhere|Tablets of Ruin\n|move|p2a: Amoonguss|Spore|p1a: King of nowhere\n|-immune|p1a: King of nowhere\n|\n|upkeep\n|turn|22\n|\n|t:|1701107435\n|switch|p2a: Tornadus|Tornadus-Therian, M|100\/100\n|move|p1a: King of nowhere|Knock Off|p2a: Tornadus\n|-damage|p2a: Tornadus|61\/100\n|-enditem|p2a: Tornadus|Assault Vest|[from] move: Knock Off|[of] p1a: King of nowhere\n|\n|upkeep\n|turn|23\n|\n|t:|1701107444\n|move|p1a: King of nowhere|Protect|p1a: King of nowhere\n|-singleturn|p1a: King of nowhere|Protect\n|move|p2a: Tornadus|Bleakwind Storm|p1a: King of nowhere\n|-activate|p1a: King of nowhere|move: Protect\n|\n|upkeep\n|turn|24\n|\n|t:|1701107456\n|move|p2a: Tornadus|Knock Off|p1a: King of nowhere\n|-resisted|p1a: King of nowhere\n|-damage|p1a: King of nowhere|93\/100\n|-enditem|p1a: King of nowhere|Leftovers|[from] move: Knock Off|[of] p2a: Tornadus\n|move|p1a: King of nowhere|Leech Seed|p2a: Tornadus\n|-start|p2a: Tornadus|move: Leech Seed\n|\n|-damage|p2a: Tornadus|49\/100|[from] Leech Seed|[of] p1a: King of nowhere\n|-heal|p1a: King of nowhere|100\/100|[silent]\n|upkeep\n|turn|25\n|\n|t:|1701107471\n|move|p1a: King of nowhere|Protect|p1a: King of nowhere\n|-singleturn|p1a: King of nowhere|Protect\n|move|p2a: Tornadus|U-turn|p1a: King of nowhere\n|-activate|p1a: King of nowhere|move: Protect\n|\n|-damage|p2a: Tornadus|36\/100|[from] Leech Seed|[of] p1a: King of nowhere\n|upkeep\n|turn|26\n|\n|t:|1701107476\n|switch|p1a: vapor wave|Weezing-Galar, M|85\/100\n|move|p2a: Tornadus|U-turn|p1a: vapor wave\n|-resisted|p1a: vapor wave\n|-damage|p1a: vapor wave|82\/100\n|\n|t:|1701107480\n|switch|p2a: Empoleon|Empoleon, F|57\/100|[from] U-turn\n|\n|upkeep\n|turn|27\n|\n|t:|1701107487\n|move|p1a: vapor wave|Taunt|p2a: Empoleon\n|-start|p2a: Empoleon|move: Taunt\n|cant|p2a: Empoleon|move: Taunt|Roost\n|\n|upkeep\n|turn|28\n|\n|t:|1701107493\n|move|p1a: vapor wave|Strange Steam|p2a: Empoleon\n|-resisted|p2a: Empoleon\n|-damage|p2a: Empoleon|48\/100\n|move|p2a: Empoleon|Surf|p1a: vapor wave\n|-damage|p1a: vapor wave|37\/100\n|\n|upkeep\n|turn|29\n|\n|t:|1701107500\n|move|p1a: vapor wave|Pain Split|p2a: Empoleon\n|-sethp|p2a: Empoleon|41\/100|[from] move: Pain Split|[silent]\n|-sethp|p1a: vapor wave|45\/100|[from] move: Pain Split\n|move|p2a: Empoleon|Flip Turn|p1a: vapor wave\n|-damage|p1a: vapor wave|33\/100\n|l|\u2606yekom\n|inactive|yekom disconnected and has a minute to reconnect!\n|player|p1|\n|\n|t:|1701107521\n|switch|p2a: Munkidori|Munkidori, M|77\/100|[from] Flip Turn\n|\n|upkeep\n|turn|30\n|j|\u2606yekom\n|inactive|yekom reconnected and has 150 seconds left.\n|player|p1|yekom|will\n|\n|t:|1701107533\n|move|p2a: Munkidori|Focus Blast|p1a: vapor wave|[miss]\n|-miss|p2a: Munkidori|p1a: vapor wave\n|move|p1a: vapor wave|Pain Split|p2a: Munkidori\n|-sethp|p2a: Munkidori|56\/100|[from] move: Pain Split|[silent]\n|-sethp|p1a: vapor wave|53\/100|[from] move: Pain Split\n|\n|upkeep\n|turn|31\n|\n|t:|1701107547\n|switch|p1a: King of nowhere|Wo-Chien|100\/100\n|-ability|p1a: King of nowhere|Tablets of Ruin\n|move|p2a: Munkidori|Psychic|p1a: King of nowhere\n|-immune|p1a: King of nowhere\n|\n|upkeep\n|turn|32\n|\n|t:|1701107556\n|move|p2a: Munkidori|Focus Blast|p1a: King of nowhere|[miss]\n|-miss|p2a: Munkidori|p1a: King of nowhere\n|move|p1a: King of nowhere|Leech Seed|p2a: Munkidori\n|-start|p2a: Munkidori|move: Leech Seed\n|\n|-damage|p2a: Munkidori|44\/100|[from] Leech Seed|[of] p1a: King of nowhere\n|upkeep\n|turn|33\n|\n|t:|1701107562\n|switch|p1a: vapor wave|Weezing-Galar, M|53\/100\n|move|p2a: Munkidori|Focus Blast|p1a: vapor wave\n|-resisted|p1a: vapor wave\n|-damage|p1a: vapor wave|38\/100\n|-unboost|p1a: vapor wave|spd|1\n|\n|-damage|p2a: Munkidori|32\/100|[from] Leech Seed|[of] p1a: vapor wave\n|-heal|p1a: vapor wave|50\/100|[silent]\n|upkeep\n|turn|34\n|\n|t:|1701107570\n|switch|p1a: King of nowhere|Wo-Chien|100\/100\n|-ability|p1a: King of nowhere|Tablets of Ruin\n|move|p2a: Munkidori|Psychic|p1a: King of nowhere\n|-immune|p1a: King of nowhere\n|\n|-damage|p2a: Munkidori|19\/100|[from] Leech Seed|[of] p1a: King of nowhere\n|upkeep\n|turn|35\n|\n|t:|1701107580\n|switch|p2a: Tornadus|Tornadus-Therian, M|70\/100\n|move|p1a: King of nowhere|Protect||[still]\n|-fail|p1a: King of nowhere\n|\n|upkeep\n|turn|36\n|\n|t:|1701107587\n|switch|p1a: vapor wave|Weezing-Galar, M|50\/100\n|move|p2a: Tornadus|Bleakwind Storm|p1a: vapor wave\n|-damage|p1a: vapor wave|0 fnt\n|faint|p1a: vapor wave\n|\n|upkeep\n|\n|t:|1701107594\n|switch|p1a: King of nowhere|Wo-Chien|100\/100\n|-ability|p1a: King of nowhere|Tablets of Ruin\n|turn|37\n|\n|t:|1701107600\n|move|p2a: Tornadus|U-turn|p1a: King of nowhere\n|-supereffective|p1a: King of nowhere\n|-damage|p1a: King of nowhere|58\/100\n|\n|t:|1701107602\n|switch|p2a: Munkidori|Munkidori, M|19\/100|[from] U-turn\n|move|p1a: King of nowhere|Leech Seed|p2a: Munkidori\n|-start|p2a: Munkidori|move: Leech Seed\n|\n|-damage|p2a: Munkidori|7\/100|[from] Leech Seed|[of] p1a: King of nowhere\n|-heal|p1a: King of nowhere|68\/100|[silent]\n|upkeep\n|turn|38\n|\n|t:|1701107609\n|move|p1a: King of nowhere|Protect|p1a: King of nowhere\n|-singleturn|p1a: King of nowhere|Protect\n|move|p2a: Munkidori|U-turn|p1a: King of nowhere\n|-activate|p1a: King of nowhere|move: Protect\n|\n|-damage|p2a: Munkidori|0 fnt|[from] Leech Seed|[of] p1a: King of nowhere\n|-heal|p1a: King of nowhere|74\/100|[silent]\n|faint|p2a: Munkidori\n|upkeep\n|\n|t:|1701107614\n|switch|p2a: Tornadus|Tornadus-Therian, M|100\/100\n|turn|39\n|\n|t:|1701107617\n|move|p2a: Tornadus|Bleakwind Storm|p1a: King of nowhere\n|-supereffective|p1a: King of nowhere\n|-damage|p1a: King of nowhere|17\/100\n|move|p1a: King of nowhere|Leech Seed|p2a: Tornadus\n|-start|p2a: Tornadus|move: Leech Seed\n|\n|-damage|p2a: Tornadus|88\/100|[from] Leech Seed|[of] p1a: King of nowhere\n|-heal|p1a: King of nowhere|29\/100|[silent]\n|upkeep\n|turn|40\n|\n|t:|1701107633\n|move|p1a: King of nowhere|Protect|p1a: King of nowhere\n|-singleturn|p1a: King of nowhere|Protect\n|move|p2a: Tornadus|U-turn|p1a: King of nowhere\n|-activate|p1a: King of nowhere|move: Protect\n|\n|-damage|p2a: Tornadus|76\/100|[from] Leech Seed|[of] p1a: King of nowhere\n|-heal|p1a: King of nowhere|41\/100|[silent]\n|upkeep\n|turn|41\n|\n|t:|1701107648\n|switch|p1a: Jackpot|Honchkrow, F, tera:Dark|84\/100\n|move|p2a: Tornadus|Bleakwind Storm|p1a: Jackpot\n|-damage|p1a: Jackpot|9\/100\n|\n|-damage|p2a: Tornadus|63\/100|[from] Leech Seed|[of] p1a: Jackpot\n|-heal|p1a: Jackpot|21\/100|[silent]\n|upkeep\n|turn|42\n|\n|t:|1701107655\n|move|p1a: Jackpot|Sucker Punch|p2a: Tornadus\n|-crit|p2a: Tornadus\n|-damage|p2a: Tornadus|0 fnt\n|faint|p2a: Tornadus\n|\n|upkeep\n|-message|crazed bird forfeited.\n|\n|win|yekom\n|raw|yekom's rating: 1265 &rarr; <strong>1285<\/strong><br \/>(+20 for winning)\n|raw|crazed bird's rating: 1200 &rarr; <strong>1180<\/strong><br \/>(-20 for losing)\n|l|\u2606crazed bird\n","uploadtime":1701107680,"views":3,"p1id":"yekom","p2id":"crazedbird","formatid":"gen9ou","rating":1180,"private":0,"password":""}