{"id":"gen9ou-1999914326","p1":"Dhants","p2":"Unwallable","format":"[Gen 9] OU","log":"|j|\u2606Dhants\n|j|\u2606Unwallable\n|t:|1701129491\n|gametype|singles\n|player|p1|Dhants|janitor|1397\n|player|p2|Unwallable|101|1352\n|teamsize|p1|6\n|teamsize|p2|6\n|gen|9\n|tier|[Gen 9] OU\n|rated|\n|rule|Sleep Clause Mod: Limit one foe put to sleep\n|rule|Species Clause: Limit one of each Pok\u00e9mon\n|rule|OHKO Clause: OHKO moves are banned\n|rule|Evasion Items Clause: Evasion items are banned\n|rule|Evasion Moves Clause: Evasion moves are banned\n|rule|Endless Battle Clause: Forcing endless battles is banned\n|rule|HP Percentage Mod: HP is shown in percentages\n|clearpoke\n|poke|p1|Samurott-Hisui, M|\n|poke|p1|Toxapex, F|\n|poke|p1|Clefable, F|\n|poke|p1|Great Tusk|\n|poke|p1|Rillaboom, M|\n|poke|p1|Dragonite, M|\n|poke|p2|Iron Jugulis|\n|poke|p2|Ogerpon-Wellspring, F|\n|poke|p2|Tinkaton, F|\n|poke|p2|Iron Moth|\n|poke|p2|Great Tusk|\n|poke|p2|Dragapult, F|\n|teampreview\n|inactive|Battle timer is ON: inactive players will automatically lose when time's up. (requested by Dhants)\n|\n|t:|1701129499\n|start\n|switch|p1a: Black Diamond|Samurott-Hisui, M|100\/100\n|switch|p2a: TWINKATON|Tinkaton, F|100\/100\n|-item|p2a: TWINKATON|Air Balloon\n|turn|1\n|\n|t:|1701129505\n|move|p1a: Black Diamond|Flip Turn|p2a: TWINKATON\n|-damage|p2a: TWINKATON|67\/100\n|-enditem|p2a: TWINKATON|Air Balloon\n|-enditem|p1a: Black Diamond|Choice Scarf|[silent]|[from] ability: Pickpocket|[of] p1a: Black Diamond\n|-item|p2a: TWINKATON|Choice Scarf|[from] ability: Pickpocket|[of] p1a: Black Diamond\n|\n|t:|1701129510\n|switch|p1a: Great Tusk|Great Tusk|100\/100|[from] Flip Turn\n|move|p2a: TWINKATON|Thunder Wave|p1a: Great Tusk\n|-immune|p1a: Great Tusk\n|\n|upkeep\n|turn|2\n|c|\u2606Unwallable|Oh that's unfortunate LMAO\n|\n|t:|1701129524\n|switch|p2a: Ogerpon|Ogerpon-Wellspring, F|100\/100\n|move|p1a: Great Tusk|Rapid Spin|p2a: Ogerpon\n|-damage|p2a: Ogerpon|78\/100\n|-boost|p1a: Great Tusk|spe|1\n|\n|upkeep\n|turn|3\n|\n|t:|1701129535\n|-end|p1a: Great Tusk|Protosynthesis|[silent]\n|switch|p1a: Toxapex|Toxapex, F|100\/100\n|move|p2a: Ogerpon|Horn Leech|p1a: Toxapex\n|-damage|p1a: Toxapex|73\/100\n|-heal|p2a: Ogerpon|91\/100|[from] drain|[of] p1a: Toxapex\n|-damage|p2a: Ogerpon|75\/100|[from] item: Rocky Helmet|[of] p1a: Toxapex\n|\n|upkeep\n|turn|4\n|\n|t:|1701129538\n|move|p2a: Ogerpon|U-turn|p1a: Toxapex\n|-resisted|p1a: Toxapex\n|-damage|p1a: Toxapex|66\/100\n|-damage|p2a: Ogerpon|58\/100|[from] item: Rocky Helmet|[of] p1a: Toxapex\n|\n|t:|1701129545\n|switch|p2a: TWINKATON|Tinkaton, F|67\/100|[from] U-turn\n|move|p1a: Toxapex|Infestation|p2a: TWINKATON\n|-resisted|p2a: TWINKATON\n|-damage|p2a: TWINKATON|66\/100\n|-activate|p2a: TWINKATON|move: Infestation|[of] p1a: Toxapex\n|\n|-damage|p2a: TWINKATON|54\/100|[from] move: Infestation|[partiallytrapped]\n|upkeep\n|turn|5\n|\n|t:|1701129555\n|move|p2a: TWINKATON|Stealth Rock|p1a: Toxapex\n|-sidestart|p1: Dhants|move: Stealth Rock\n|move|p1a: Toxapex|Recover|p1a: Toxapex\n|-heal|p1a: Toxapex|100\/100\n|\n|-damage|p2a: TWINKATON|42\/100|[from] move: Infestation|[partiallytrapped]\n|upkeep\n|turn|6\n|\n|t:|1701129560\n|move|p2a: TWINKATON|Stealth Rock||[still]\n|-fail|p2a: TWINKATON\n|move|p1a: Toxapex|Infestation|p2a: TWINKATON\n|-resisted|p2a: TWINKATON\n|-damage|p2a: TWINKATON|41\/100\n|\n|-damage|p2a: TWINKATON|29\/100|[from] move: Infestation|[partiallytrapped]\n|upkeep\n|turn|7\n|\n|t:|1701129562\n|switch|p1a: Great Tusk|Great Tusk|100\/100\n|-damage|p1a: Great Tusk|98\/100|[from] Stealth Rock\n|move|p2a: TWINKATON|Stealth Rock||[still]\n|-fail|p2a: TWINKATON\n|\n|-heal|p1a: Great Tusk|100\/100|[from] item: Leftovers\n|-end|p2a: TWINKATON|Infestation|[partiallytrapped]|[silent]\n|upkeep\n|turn|8\n|\n|t:|1701129566\n|switch|p2a: Dragapult|Dragapult, F|100\/100\n|move|p1a: Great Tusk|Rapid Spin|p2a: Dragapult\n|-immune|p2a: Dragapult\n|\n|upkeep\n|turn|9\n|\n|t:|1701129572\n|-end|p1a: Great Tusk|Protosynthesis|[silent]\n|switch|p1a: Clefable|Clefable, F|100\/100\n|move|p2a: Dragapult|Shadow Ball|p1a: Clefable\n|-damage|p1a: Clefable|47\/100\n|\n|upkeep\n|turn|10\n|\n|t:|1701129574\n|switch|p1a: Black Diamond|Samurott-Hisui, M|100\/100\n|-damage|p1a: Black Diamond|88\/100|[from] Stealth Rock\n|move|p2a: Dragapult|Shadow Ball|p1a: Black Diamond\n|-resisted|p1a: Black Diamond\n|-damage|p1a: Black Diamond|51\/100\n|\n|upkeep\n|turn|11\n|\n|t:|1701129577\n|switch|p2a: TWINKATON|Tinkaton, F|29\/100\n|move|p1a: Black Diamond|Ceaseless Edge|p2a: TWINKATON\n|-resisted|p2a: TWINKATON\n|-damage|p2a: TWINKATON|3\/100\n|-sidestart|p2: Unwallable|Spikes\n|\n|upkeep\n|turn|12\n|\n|t:|1701129582\n|move|p2a: TWINKATON|Play Rough|p1a: Black Diamond\n|-supereffective|p1a: Black Diamond\n|-damage|p1a: Black Diamond|0 fnt\n|faint|p1a: Black Diamond\n|\n|upkeep\n|\n|t:|1701129591\n|switch|p1a: Great Tusk|Great Tusk|100\/100\n|-damage|p1a: Great Tusk|98\/100|[from] Stealth Rock\n|turn|13\n|\n|t:|1701129595\n|move|p2a: TWINKATON|Play Rough|p1a: Great Tusk\n|-supereffective|p1a: Great Tusk\n|-damage|p1a: Great Tusk|65\/100\n|move|p1a: Great Tusk|Ice Spinner|p2a: TWINKATON\n|-resisted|p2a: TWINKATON\n|-damage|p2a: TWINKATON|0 fnt\n|faint|p2a: TWINKATON\n|\n|-heal|p1a: Great Tusk|71\/100|[from] item: Leftovers\n|upkeep\n|\n|t:|1701129597\n|switch|p2a: Dragapult|Dragapult, F|100\/100\n|-damage|p2a: Dragapult|88\/100|[from] Spikes\n|turn|14\n|\n|t:|1701129600\n|-end|p1a: Great Tusk|Protosynthesis|[silent]\n|switch|p1a: Toxapex|Toxapex, F|100\/100\n|-damage|p1a: Toxapex|88\/100|[from] Stealth Rock\n|move|p2a: Dragapult|Shadow Ball|p1a: Toxapex\n|-damage|p1a: Toxapex|48\/100\n|\n|upkeep\n|turn|15\n|\n|t:|1701129609\n|switch|p2a: Iron Jugulis|Iron Jugulis|100\/100\n|-enditem|p2a: Iron Jugulis|Booster Energy\n|-activate|p2a: Iron Jugulis|ability: Quark Drive|[fromitem]\n|-start|p2a: Iron Jugulis|quarkdrivespe\n|move|p1a: Toxapex|Toxic|p2a: Iron Jugulis\n|-status|p2a: Iron Jugulis|tox\n|\n|-damage|p2a: Iron Jugulis|94\/100 tox|[from] psn\n|upkeep\n|turn|16\n|\n|t:|1701129614\n|move|p2a: Iron Jugulis|Knock Off|p1a: Toxapex\n|-damage|p1a: Toxapex|32\/100\n|-damage|p2a: Iron Jugulis|78\/100 tox|[from] item: Rocky Helmet|[of] p1a: Toxapex\n|-enditem|p1a: Toxapex|Rocky Helmet|[from] move: Knock Off|[of] p2a: Iron Jugulis\n|move|p1a: Toxapex|Recover|p1a: Toxapex\n|-heal|p1a: Toxapex|82\/100\n|\n|-damage|p2a: Iron Jugulis|66\/100 tox|[from] psn\n|upkeep\n|turn|17\n|\n|t:|1701129619\n|move|p2a: Iron Jugulis|Taunt|p1a: Toxapex\n|-start|p1a: Toxapex|move: Taunt\n|move|p1a: Toxapex|Infestation|p2a: Iron Jugulis\n|-damage|p2a: Iron Jugulis|62\/100 tox\n|-activate|p2a: Iron Jugulis|move: Infestation|[of] p1a: Toxapex\n|\n|-damage|p2a: Iron Jugulis|44\/100 tox|[from] psn\n|-damage|p2a: Iron Jugulis|31\/100 tox|[from] move: Infestation|[partiallytrapped]\n|upkeep\n|turn|18\n|\n|t:|1701129624\n|switch|p1a: Clefable|Clefable, F|47\/100\n|move|p2a: Iron Jugulis|Hurricane|p1a: Clefable|[miss]\n|-miss|p2a: Iron Jugulis|p1a: Clefable\n|\n|-damage|p2a: Iron Jugulis|7\/100 tox|[from] psn\n|-end|p2a: Iron Jugulis|Infestation|[partiallytrapped]|[silent]\n|upkeep\n|turn|19\n|\n|t:|1701129632\n|move|p2a: Iron Jugulis|Taunt|p1a: Clefable\n|-start|p1a: Clefable|move: Taunt\n|cant|p1a: Clefable|move: Taunt|Moonlight\n|\n|-damage|p2a: Iron Jugulis|0 fnt|[from] psn\n|faint|p2a: Iron Jugulis\n|-end|p2a: Iron Jugulis|Quark Drive|[silent]\n|upkeep\n|\n|t:|1701129644\n|switch|p2a: Ogerpon|Ogerpon-Wellspring, F|58\/100\n|-damage|p2a: Ogerpon|46\/100|[from] Spikes\n|turn|20\n|\n|t:|1701129646\n|move|p2a: Ogerpon|Ivy Cudgel|p1a: Clefable|[anim] Ivy Cudgel Water\n|-damage|p1a: Clefable|2\/100\n|move|p1a: Clefable|Moonblast|p2a: Ogerpon\n|-damage|p2a: Ogerpon|12\/100\n|-unboost|p2a: Ogerpon|spa|1\n|\n|upkeep\n|turn|21\n|\n|t:|1701129650\n|move|p2a: Ogerpon|Spikes|p1a: Clefable\n|-sidestart|p1: Dhants|Spikes\n|move|p1a: Clefable|Moonblast|p2a: Ogerpon\n|-damage|p2a: Ogerpon|0 fnt\n|faint|p2a: Ogerpon\n|\n|-end|p1a: Clefable|move: Taunt\n|upkeep\n|\n|t:|1701129653\n|switch|p2a: Great Tusk|Great Tusk|100\/100\n|-damage|p2a: Great Tusk|88\/100|[from] Spikes\n|-enditem|p2a: Great Tusk|Booster Energy\n|-activate|p2a: Great Tusk|ability: Protosynthesis|[fromitem]\n|-start|p2a: Great Tusk|protosynthesisspe\n|turn|22\n|\n|t:|1701129658\n|move|p2a: Great Tusk|Rapid Spin|p1a: Clefable\n|-damage|p1a: Clefable|0 fnt\n|-boost|p2a: Great Tusk|spe|1\n|-sideend|p2: Unwallable|Spikes|[from] move: Rapid Spin|[of] p2a: Great Tusk\n|faint|p1a: Clefable\n|\n|upkeep\n|\n|t:|1701129664\n|switch|p1a: 48 hours|Rillaboom, M|100\/100\n|-damage|p1a: 48 hours|88\/100|[from] Stealth Rock\n|-damage|p1a: 48 hours|76\/100|[from] Spikes\n|-fieldstart|move: Grassy Terrain|[from] ability: Grassy Surge|[of] p1a: 48 hours\n|turn|23\n|\n|t:|1701129669\n|-terastallize|p2a: Great Tusk|Poison\n|-terastallize|p1a: 48 hours|Grass\n|move|p1a: 48 hours|Grassy Glide|p2a: Great Tusk\n|-resisted|p2a: Great Tusk\n|-damage|p2a: Great Tusk|61\/100\n|move|p2a: Great Tusk|Bulk Up|p2a: Great Tusk\n|-boost|p2a: Great Tusk|atk|1\n|-boost|p2a: Great Tusk|def|1\n|\n|-heal|p2a: Great Tusk|68\/100|[from] Grassy Terrain\n|-heal|p1a: 48 hours|82\/100|[from] Grassy Terrain\n|upkeep\n|turn|24\n|\n|t:|1701129678\n|switch|p1a: Dragonite|Dragonite, M|100\/100\n|-damage|p1a: Dragonite|76\/100|[from] Stealth Rock\n|move|p2a: Great Tusk|Ice Spinner|p1a: Dragonite\n|-supereffective|p1a: Dragonite\n|-damage|p1a: Dragonite|0 fnt\n|-fieldend|move: Grassy Terrain\n|faint|p1a: Dragonite\n|\n|upkeep\n|\n|t:|1701129683\n|switch|p1a: Great Tusk|Great Tusk|71\/100\n|-damage|p1a: Great Tusk|68\/100|[from] Stealth Rock\n|-damage|p1a: Great Tusk|55\/100|[from] Spikes\n|turn|25\n|\n|t:|1701129691\n|move|p2a: Great Tusk|Headlong Rush|p1a: Great Tusk\n|-damage|p1a: Great Tusk|0 fnt\n|-unboost|p2a: Great Tusk|def|1\n|-unboost|p2a: Great Tusk|spd|1\n|faint|p1a: Great Tusk\n|-end|p1a: Great Tusk|Protosynthesis|[silent]\n|\n|upkeep\n|-message|Dhants forfeited.\n|\n|win|Unwallable\n|raw|Dhants's rating: 1397 &rarr; <strong>1374<\/strong><br \/>(-23 for losing)\n|raw|Unwallable's rating: 1352 &rarr; <strong>1375<\/strong><br \/>(+23 for winning)\n|l|\u2606Dhants\n","uploadtime":1701129697,"views":2,"p1id":"dhants","p2id":"unwallable","formatid":"gen9ou","rating":1374,"private":0,"password":""}