{"id":"gen9ou-1989891654","p1":"Jrmoore896","p2":"Glaceon for Ubers","format":"[Gen 9] OU","log":"|j|\u2606Jrmoore896\n|j|\u2606Glaceon for Ubers\n|t:|1699904375\n|gametype|singles\n|player|p1|Jrmoore896|lucas-gen4pt|1488\n|player|p2|Glaceon for Ubers|169|1511\n|teamsize|p1|6\n|teamsize|p2|6\n|gen|9\n|tier|[Gen 9] OU\n|rated|\n|rule|Sleep Clause Mod: Limit one foe put to sleep\n|rule|Species Clause: Limit one of each Pok\u00e9mon\n|rule|OHKO Clause: OHKO moves are banned\n|rule|Evasion Items Clause: Evasion items are banned\n|rule|Evasion Moves Clause: Evasion moves are banned\n|rule|Endless Battle Clause: Forcing endless battles is banned\n|rule|HP Percentage Mod: HP is shown in percentages\n|clearpoke\n|poke|p1|Sneasler, M|\n|poke|p1|Rillaboom, M|\n|poke|p1|Dondozo, M|\n|poke|p1|Clodsire, M|\n|poke|p1|Great Tusk|\n|poke|p1|Enamorus, F|\n|poke|p2|Glimmora, M|\n|poke|p2|Iron Treads|\n|poke|p2|Iron Valiant|\n|poke|p2|Kingambit, M|\n|poke|p2|Ceruledge, F|\n|poke|p2|Greninja-*, M|\n|teampreview\n|inactive|Battle timer is ON: inactive players will automatically lose when time's up. (requested by Glaceon for Ubers)\n|\n|t:|1699904396\n|start\n|switch|p1a: Rillaboom|Rillaboom, M|100\/100\n|switch|p2a: Glimmora|Glimmora, M|100\/100\n|-fieldstart|move: Grassy Terrain|[from] ability: Grassy Surge|[of] p1a: Rillaboom\n|turn|1\n|\n|t:|1699904404\n|move|p2a: Glimmora|Stealth Rock|p1a: Rillaboom\n|-sidestart|p1: Jrmoore896|move: Stealth Rock\n|move|p1a: Rillaboom|Wood Hammer|p2a: Glimmora\n|-enditem|p2a: Glimmora|Focus Sash\n|-damage|p2a: Glimmora|1\/100\n|-activate|p2a: Glimmora|ability: Toxic Debris\n|-sidestart|p1: Jrmoore896|move: Toxic Spikes\n|-damage|p1a: Rillaboom|75\/100|[from] Recoil\n|\n|-heal|p2a: Glimmora|7\/100|[from] Grassy Terrain\n|-heal|p1a: Rillaboom|82\/100|[from] Grassy Terrain\n|upkeep\n|turn|2\n|\n|t:|1699904426\n|switch|p1a: Great Tusk|Great Tusk|100\/100\n|move|p2a: Glimmora|Mortal Spin|p1a: Great Tusk\n|-resisted|p1a: Great Tusk\n|-damage|p1a: Great Tusk|98\/100\n|-status|p1a: Great Tusk|psn\n|\n|-heal|p1a: Great Tusk|100\/100 psn|[from] Grassy Terrain\n|-heal|p2a: Glimmora|13\/100|[from] Grassy Terrain\n|-damage|p1a: Great Tusk|88\/100 psn|[from] psn\n|upkeep\n|turn|3\n|\n|t:|1699904442\n|switch|p2a: Ceruledge|Ceruledge, F|100\/100\n|move|p1a: Great Tusk|Rapid Spin|p2a: Ceruledge\n|-immune|p2a: Ceruledge\n|\n|-heal|p1a: Great Tusk|94\/100 psn|[from] Grassy Terrain\n|-damage|p1a: Great Tusk|82\/100 psn|[from] psn\n|upkeep\n|turn|4\n|inactive|Jrmoore896 has 120 seconds left.\n|\n|t:|1699904464\n|-end|p1a: Great Tusk|Protosynthesis|[silent]\n|switch|p1a: Clodsire|Clodsire, M, shiny|100\/100\n|-damage|p1a: Clodsire|94\/100|[from] Stealth Rock\n|-sideend|p1: Jrmoore896|move: Toxic Spikes|[of] p1a: Clodsire\n|move|p2a: Ceruledge|Swords Dance|p2a: Ceruledge\n|-boost|p2a: Ceruledge|atk|2\n|\n|-heal|p1a: Clodsire|100\/100|[from] Grassy Terrain\n|upkeep\n|turn|5\n|inactive|Jrmoore896 has 120 seconds left.\n|\n|t:|1699904474\n|switch|p1a: Dondozo|Dondozo, M|100\/100\n|-damage|p1a: Dondozo|88\/100|[from] Stealth Rock\n|move|p2a: Ceruledge|Poltergeist|p1a: Dondozo\n|-activate|p1a: Dondozo|move: Poltergeist|Leftovers\n|-damage|p1a: Dondozo|60\/100\n|\n|-heal|p1a: Dondozo|66\/100|[from] Grassy Terrain\n|-heal|p1a: Dondozo|72\/100|[from] item: Leftovers\n|-fieldend|move: Grassy Terrain\n|upkeep\n|turn|6\n|inactive|Jrmoore896 has 120 seconds left.\n|\n|t:|1699904487\n|switch|p2a: Glimmora|Glimmora, M|13\/100\n|move|p1a: Dondozo|Curse|p1a: Dondozo\n|-unboost|p1a: Dondozo|spe|1\n|-boost|p1a: Dondozo|atk|1\n|-boost|p1a: Dondozo|def|1\n|\n|-heal|p1a: Dondozo|78\/100|[from] item: Leftovers\n|upkeep\n|turn|7\n|inactive|Jrmoore896 has 120 seconds left.\n|\n|t:|1699904497\n|switch|p1a: Clodsire|Clodsire, M, shiny|100\/100\n|-damage|p1a: Clodsire|94\/100|[from] Stealth Rock\n|move|p2a: Glimmora|Energy Ball|p1a: Clodsire\n|-damage|p1a: Clodsire|76\/100\n|\n|-heal|p1a: Clodsire|82\/100|[from] item: Leftovers\n|upkeep\n|turn|8\n|inactive|Jrmoore896 has 120 seconds left.\n|\n|t:|1699904509\n|move|p2a: Glimmora|Earth Power|p1a: Clodsire\n|-supereffective|p1a: Clodsire\n|-damage|p1a: Clodsire|49\/100\n|move|p1a: Clodsire|Stealth Rock|p2a: Glimmora\n|-sidestart|p2: Glaceon for Ubers|move: Stealth Rock\n|\n|-heal|p1a: Clodsire|55\/100|[from] item: Leftovers\n|upkeep\n|turn|9\n|\n|t:|1699904518\n|move|p2a: Glimmora|Mortal Spin|p1a: Clodsire\n|-resisted|p1a: Clodsire\n|-damage|p1a: Clodsire|53\/100\n|-sideend|p2: Glaceon for Ubers|Stealth Rock|[from] move: Mortal Spin|[of] p2a: Glimmora\n|move|p1a: Clodsire|Recover|p1a: Clodsire\n|-heal|p1a: Clodsire|100\/100\n|\n|upkeep\n|turn|10\n|\n|t:|1699904526\n|move|p2a: Glimmora|Earth Power|p1a: Clodsire\n|-supereffective|p1a: Clodsire\n|-damage|p1a: Clodsire|69\/100\n|-unboost|p1a: Clodsire|spd|1\n|move|p1a: Clodsire|Stealth Rock|p2a: Glimmora\n|-sidestart|p2: Glaceon for Ubers|move: Stealth Rock\n|\n|-heal|p1a: Clodsire|75\/100|[from] item: Leftovers\n|upkeep\n|turn|11\n|\n|t:|1699904536\n|move|p2a: Glimmora|Earth Power|p1a: Clodsire\n|-supereffective|p1a: Clodsire\n|-damage|p1a: Clodsire|25\/100\n|move|p1a: Clodsire|Earthquake|p2a: Glimmora\n|-supereffective|p2a: Glimmora\n|-damage|p2a: Glimmora|0 fnt\n|-activate|p2a: Glimmora|ability: Toxic Debris\n|-sidestart|p1: Jrmoore896|move: Toxic Spikes\n|faint|p2a: Glimmora\n|\n|-heal|p1a: Clodsire|32\/100|[from] item: Leftovers\n|upkeep\n|\n|t:|1699904564\n|switch|p2a: Iron Treads|Iron Treads|100\/100\n|-damage|p2a: Iron Treads|97\/100|[from] Stealth Rock\n|-enditem|p2a: Iron Treads|Booster Energy\n|-activate|p2a: Iron Treads|ability: Quark Drive|[fromitem]\n|-start|p2a: Iron Treads|quarkdrivespe\n|turn|12\n|\n|t:|1699904575\n|switch|p1a: Great Tusk|Great Tusk|82\/100 psn\n|move|p2a: Iron Treads|Ice Spinner|p1a: Great Tusk\n|-supereffective|p1a: Great Tusk\n|-damage|p1a: Great Tusk|46\/100 psn\n|\n|-damage|p1a: Great Tusk|33\/100 psn|[from] psn\n|upkeep\n|turn|13\n|\n|t:|1699904585\n|move|p2a: Iron Treads|Rapid Spin|p1a: Great Tusk\n|-damage|p1a: Great Tusk|21\/100 psn\n|-boost|p2a: Iron Treads|spe|1\n|-sideend|p2: Glaceon for Ubers|Stealth Rock|[from] move: Rapid Spin|[of] p2a: Iron Treads\n|move|p1a: Great Tusk|Rapid Spin|p2a: Iron Treads\n|-resisted|p2a: Iron Treads\n|-damage|p2a: Iron Treads|90\/100\n|-boost|p1a: Great Tusk|spe|1\n|-sideend|p1: Jrmoore896|Toxic Spikes|[from] move: Rapid Spin|[of] p1a: Great Tusk\n|-sideend|p1: Jrmoore896|Stealth Rock|[from] move: Rapid Spin|[of] p1a: Great Tusk\n|\n|-damage|p1a: Great Tusk|9\/100 psn|[from] psn\n|upkeep\n|turn|14\n|\n|t:|1699904597\n|move|p2a: Iron Treads|Knock Off|p1a: Great Tusk\n|-resisted|p1a: Great Tusk\n|-damage|p1a: Great Tusk|0 fnt\n|-enditem|p1a: Great Tusk|Heavy-Duty Boots|[from] move: Knock Off|[of] p2a: Iron Treads\n|faint|p1a: Great Tusk\n|-end|p1a: Great Tusk|Protosynthesis|[silent]\n|\n|upkeep\n|\n|t:|1699904604\n|switch|p1a: Rillaboom|Rillaboom, M|82\/100\n|-fieldstart|move: Grassy Terrain|[from] ability: Grassy Surge|[of] p1a: Rillaboom\n|turn|15\n|\n|t:|1699904610\n|move|p2a: Iron Treads|Ice Spinner|p1a: Rillaboom\n|-supereffective|p1a: Rillaboom\n|-damage|p1a: Rillaboom|37\/100\n|-fieldend|move: Grassy Terrain\n|move|p1a: Rillaboom|Wood Hammer|p2a: Iron Treads\n|-damage|p2a: Iron Treads|2\/100\n|-damage|p1a: Rillaboom|14\/100|[from] Recoil\n|\n|upkeep\n|turn|16\n|\n|t:|1699904622\n|switch|p1a: Dondozo|Dondozo, M|78\/100\n|move|p2a: Iron Treads|Knock Off|p1a: Dondozo\n|-damage|p1a: Dondozo|63\/100\n|-enditem|p1a: Dondozo|Leftovers|[from] move: Knock Off|[of] p2a: Iron Treads\n|\n|upkeep\n|turn|17\n|\n|t:|1699904637\n|-end|p2a: Iron Treads|Quark Drive|[silent]\n|switch|p2a: Greninja|Greninja, M|100\/100\n|move|p1a: Dondozo|Earthquake|p2a: Greninja\n|-damage|p2a: Greninja|64\/100\n|\n|upkeep\n|turn|18\n|\n|t:|1699904644\n|switch|p1a: Rillaboom|Rillaboom, M|14\/100\n|-fieldstart|move: Grassy Terrain|[from] ability: Grassy Surge|[of] p1a: Rillaboom\n|move|p2a: Greninja|Dark Pulse|p1a: Rillaboom\n|-damage|p1a: Rillaboom|0 fnt\n|faint|p1a: Rillaboom\n|-ability|p2a: Greninja|Battle Bond|boost\n|-boost|p2a: Greninja|atk|1\n|-boost|p2a: Greninja|spa|1\n|-boost|p2a: Greninja|spe|1\n|-activate|p2a: Greninja|ability: Battle Bond\n|-damage|p2a: Greninja|54\/100|[from] item: Life Orb\n|\n|-heal|p2a: Greninja|60\/100|[from] Grassy Terrain\n|upkeep\n|\n|t:|1699904659\n|switch|p1a: Sneasler|Sneasler, M, shiny|100\/100\n|-enditem|p1a: Sneasler|Grassy Seed\n|-boost|p1a: Sneasler|def|1|[from] item: Grassy Seed\n|turn|19\n|\n|t:|1699904684\n|move|p2a: Greninja|Water Shuriken|p1a: Sneasler\n|-damage|p1a: Sneasler|84\/100\n|-damage|p1a: Sneasler|67\/100\n|-hitcount|p1a: Sneasler|2\n|-damage|p2a: Greninja|50\/100|[from] item: Life Orb\n|move|p1a: Sneasler|Acrobatics|p2a: Greninja\n|-damage|p2a: Greninja|0 fnt\n|faint|p2a: Greninja\n|\n|-heal|p1a: Sneasler|73\/100|[from] Grassy Terrain\n|upkeep\n|inactive|Glaceon for Ubers has 120 seconds left.\n|\n|t:|1699904711\n|switch|p2a: Ceruledge|Ceruledge, F|100\/100\n|turn|20\n|\n|t:|1699904717\n|move|p1a: Sneasler|Dire Claw|p2a: Ceruledge\n|-resisted|p2a: Ceruledge\n|-damage|p2a: Ceruledge|66\/100\n|-status|p2a: Ceruledge|par\n|-ability|p2a: Ceruledge|Weak Armor|boost\n|-unboost|p2a: Ceruledge|def|1\n|-boost|p2a: Ceruledge|spe|2\n|cant|p2a: Ceruledge|par\n|\n|-heal|p1a: Sneasler|79\/100|[from] Grassy Terrain\n|-heal|p2a: Ceruledge|72\/100 par|[from] Grassy Terrain\n|upkeep\n|turn|21\n|\n|t:|1699904733\n|move|p1a: Sneasler|Swords Dance|p1a: Sneasler\n|-boost|p1a: Sneasler|atk|2\n|move|p2a: Ceruledge|Bitter Blade|p1a: Sneasler\n|-damage|p1a: Sneasler|30\/100\n|-heal|p2a: Ceruledge|97\/100 par|[from] drain|[of] p1a: Sneasler\n|\n|-heal|p1a: Sneasler|36\/100|[from] Grassy Terrain\n|-heal|p2a: Ceruledge|100\/100 par|[from] Grassy Terrain\n|upkeep\n|turn|22\n|inactive|Glaceon for Ubers has 90 seconds left.\n|\n|t:|1699904770\n|move|p2a: Ceruledge|Shadow Sneak|p1a: Sneasler\n|-damage|p1a: Sneasler|10\/100\n|move|p1a: Sneasler|Acrobatics|p2a: Ceruledge\n|-enditem|p2a: Ceruledge|Focus Sash\n|-damage|p2a: Ceruledge|1\/100 par\n|-ability|p2a: Ceruledge|Weak Armor|boost\n|-unboost|p2a: Ceruledge|def|1\n|-boost|p2a: Ceruledge|spe|2\n|\n|-heal|p1a: Sneasler|16\/100|[from] Grassy Terrain\n|-heal|p2a: Ceruledge|7\/100 par|[from] Grassy Terrain\n|-fieldend|move: Grassy Terrain\n|upkeep\n|turn|23\n|inactive|Glaceon for Ubers has 90 seconds left.\n|\n|t:|1699904783\n|move|p2a: Ceruledge|Shadow Sneak|p1a: Sneasler\n|-damage|p1a: Sneasler|0 fnt\n|faint|p1a: Sneasler\n|\n|upkeep\n|\n|t:|1699904798\n|switch|p1a: Enamorus|Enamorus, F|100\/100\n|turn|24\n|inactive|Glaceon for Ubers has 90 seconds left.\n|\n|t:|1699904814\n|move|p1a: Enamorus|Moonblast|p2a: Ceruledge\n|-resisted|p2a: Ceruledge\n|-damage|p2a: Ceruledge|0 fnt\n|faint|p2a: Ceruledge\n|\n|upkeep\n|inactive|Glaceon for Ubers has 90 seconds left.\n|\n|t:|1699904827\n|switch|p2a: Kingambit|Kingambit, M|100\/100\n|-activate|p2a: Kingambit|ability: Supreme Overlord\n|-start|p2a: Kingambit|fallen3|[silent]\n|turn|25\n|inactive|Glaceon for Ubers has 90 seconds left.\n|\n|t:|1699904835\n|switch|p1a: Dondozo|Dondozo, M|63\/100\n|move|p2a: Kingambit|Sucker Punch||[still]\n|-fail|p2a: Kingambit\n|\n|upkeep\n|turn|26\n|\n|t:|1699904845\n|-terastallize|p2a: Kingambit|Dark\n|move|p2a: Kingambit|Kowtow Cleave|p1a: Dondozo\n|-damage|p1a: Dondozo|11\/100\n|move|p1a: Dondozo|Curse|p1a: Dondozo\n|-unboost|p1a: Dondozo|spe|1\n|-boost|p1a: Dondozo|atk|1\n|-boost|p1a: Dondozo|def|1\n|\n|upkeep\n|turn|27\n|\n|t:|1699904855\n|move|p2a: Kingambit|Kowtow Cleave|p1a: Dondozo\n|-damage|p1a: Dondozo|0 fnt\n|faint|p1a: Dondozo\n|\n|upkeep\n|\n|t:|1699904861\n|switch|p1a: Enamorus|Enamorus, F|100\/100\n|turn|28\n|\n|t:|1699904872\n|-end|p2a: Kingambit|fallen3|[silent]\n|switch|p2a: Iron Treads|Iron Treads|2\/100\n|-terastallize|p1a: Enamorus|Fairy\n|move|p1a: Enamorus|Moonblast|p2a: Iron Treads\n|-resisted|p2a: Iron Treads\n|-damage|p2a: Iron Treads|0 fnt\n|faint|p2a: Iron Treads\n|-end|p2a: Iron Treads|Quark Drive|[silent]\n|\n|upkeep\n|inactive|Glaceon for Ubers has 90 seconds left.\n|\n|t:|1699904904\n|switch|p2a: Kingambit|Kingambit, M, tera:Dark|100\/100\n|-activate|p2a: Kingambit|ability: Supreme Overlord\n|-start|p2a: Kingambit|fallen4|[silent]\n|turn|29\n|\n|t:|1699904908\n|move|p2a: Kingambit|Sucker Punch|p1a: Enamorus\n|-resisted|p1a: Enamorus\n|-damage|p1a: Enamorus|33\/100\n|move|p1a: Enamorus|Moonblast|p2a: Kingambit\n|-supereffective|p2a: Kingambit\n|-damage|p2a: Kingambit|0 fnt\n|faint|p2a: Kingambit\n|-end|p2a: Kingambit|fallen4|[silent]\n|\n|upkeep\n|inactive|Glaceon for Ubers has 90 seconds left.\n|\n|t:|1699904914\n|switch|p2a: Iron Valiant|Iron Valiant|100\/100\n|-enditem|p2a: Iron Valiant|Booster Energy\n|-activate|p2a: Iron Valiant|ability: Quark Drive|[fromitem]\n|-start|p2a: Iron Valiant|quarkdrivespe\n|turn|30\n|\n|t:|1699904921\n|move|p2a: Iron Valiant|Moonblast|p1a: Enamorus\n|-damage|p1a: Enamorus|0 fnt\n|faint|p1a: Enamorus\n|\n|upkeep\n|\n|t:|1699904926\n|switch|p1a: Clodsire|Clodsire, M, shiny|32\/100\n|turn|31\n|\n|t:|1699904931\n|move|p2a: Iron Valiant|Close Combat|p1a: Clodsire\n|-resisted|p1a: Clodsire\n|-damage|p1a: Clodsire|3\/100\n|-unboost|p2a: Iron Valiant|def|1\n|-unboost|p2a: Iron Valiant|spd|1\n|move|p1a: Clodsire|Recover|p1a: Clodsire\n|-heal|p1a: Clodsire|53\/100\n|\n|-heal|p1a: Clodsire|59\/100|[from] item: Leftovers\n|upkeep\n|turn|32\n|inactive|Glaceon for Ubers has 120 seconds left.\n|\n|t:|1699904941\n|move|p2a: Iron Valiant|Calm Mind|p2a: Iron Valiant\n|-boost|p2a: Iron Valiant|spa|1\n|-boost|p2a: Iron Valiant|spd|1\n|move|p1a: Clodsire|Toxic|p2a: Iron Valiant\n|-status|p2a: Iron Valiant|tox\n|\n|-heal|p1a: Clodsire|66\/100|[from] item: Leftovers\n|-damage|p2a: Iron Valiant|94\/100 tox|[from] psn\n|upkeep\n|turn|33\n|inactive|Glaceon for Ubers has 120 seconds left.\n|\n|t:|1699904951\n|move|p2a: Iron Valiant|Shadow Ball|p1a: Clodsire\n|-damage|p1a: Clodsire|44\/100\n|move|p1a: Clodsire|Earthquake|p2a: Iron Valiant\n|-damage|p2a: Iron Valiant|40\/100 tox\n|\n|-heal|p1a: Clodsire|50\/100|[from] item: Leftovers\n|-damage|p2a: Iron Valiant|28\/100 tox|[from] psn\n|upkeep\n|turn|34\n|inactive|Glaceon for Ubers has 120 seconds left.\n|\n|t:|1699904962\n|move|p2a: Iron Valiant|Shadow Ball|p1a: Clodsire\n|-damage|p1a: Clodsire|29\/100\n|move|p1a: Clodsire|Recover|p1a: Clodsire\n|-heal|p1a: Clodsire|79\/100\n|\n|-heal|p1a: Clodsire|86\/100|[from] item: Leftovers\n|-damage|p2a: Iron Valiant|9\/100 tox|[from] psn\n|upkeep\n|turn|35\n|\n|t:|1699904972\n|move|p2a: Iron Valiant|Close Combat|p1a: Clodsire\n|-resisted|p1a: Clodsire\n|-damage|p1a: Clodsire|56\/100\n|-unboost|p2a: Iron Valiant|def|1\n|-unboost|p2a: Iron Valiant|spd|1\n|move|p1a: Clodsire|Earthquake|p2a: Iron Valiant\n|-damage|p2a: Iron Valiant|0 fnt\n|faint|p2a: Iron Valiant\n|-end|p2a: Iron Valiant|Quark Drive|[silent]\n|\n|win|Jrmoore896\n|raw|Jrmoore896's rating: 1488 &rarr; <strong>1509<\/strong><br \/>(+21 for winning)\n|raw|Glaceon for Ubers's rating: 1511 &rarr; <strong>1490<\/strong><br \/>(-21 for losing)\n|l|\u2606Glaceon for Ubers\n|l|\u2606Jrmoore896\n|j|\u2606Jrmoore896\n|player|p1|Jrmoore896|lucas-gen4pt\n","uploadtime":1699905000,"views":11,"p1id":"jrmoore896","p2id":"glaceonforubers","formatid":"gen9ou","rating":1490,"private":0,"password":""}