{"id":"gen9ou-1999791152","p1":"Nubonaga","p2":"zenakuz","format":"[Gen 9] OU","log":"|j|\u2606Nubonaga\n|j|\u2606zenakuz\n|t:|1701117018\n|gametype|singles\n|player|p1|Nubonaga|266|1004\n|player|p2|zenakuz|1|1083\n|teamsize|p1|6\n|teamsize|p2|6\n|gen|9\n|tier|[Gen 9] OU\n|rated|\n|rule|Sleep Clause Mod: Limit one foe put to sleep\n|rule|Species Clause: Limit one of each Pok\u00e9mon\n|rule|OHKO Clause: OHKO moves are banned\n|rule|Evasion Items Clause: Evasion items are banned\n|rule|Evasion Moves Clause: Evasion moves are banned\n|rule|Endless Battle Clause: Forcing endless battles is banned\n|rule|HP Percentage Mod: HP is shown in percentages\n|clearpoke\n|poke|p1|Ribombee, M|\n|poke|p1|Gholdengo|\n|poke|p1|Rillaboom, M|\n|poke|p1|Greninja-*, M|\n|poke|p1|Heatran, M|\n|poke|p1|Corviknight, M|\n|poke|p2|Charizard, M|\n|poke|p2|Espeon, M|\n|poke|p2|Dragonite, M|\n|poke|p2|Greninja-*, M|\n|poke|p2|Lucario, M|\n|poke|p2|Gengar, M|\n|teampreview\n|\n|t:|1701117023\n|start\n|switch|p1a: Ribombee|Ribombee, M|100\/100\n|switch|p2a: Greninja|Greninja, M, shiny|100\/100\n|turn|1\n|\n|t:|1701117029\n|move|p1a: Ribombee|Sticky Web|p2a: Greninja\n|-sidestart|p2: zenakuz|move: Sticky Web\n|move|p2a: Greninja|Toxic Spikes|p1a: Ribombee\n|-start|p2a: Greninja|typechange|Poison|[from] ability: Protean\n|-sidestart|p1: Nubonaga|move: Toxic Spikes\n|\n|upkeep\n|turn|2\n|\n|t:|1701117045\n|switch|p1a: Corviknight|Corviknight, M|100\/100\n|-ability|p1a: Corviknight|Pressure\n|move|p2a: Greninja|Ice Beam|p1a: Corviknight\n|-damage|p1a: Corviknight|76\/100\n|\n|-heal|p1a: Corviknight|82\/100|[from] item: Leftovers\n|upkeep\n|turn|3\n|\n|t:|1701117054\n|switch|p2a: Dragonite|Dragonite, M|100\/100\n|move|p1a: Corviknight|Brave Bird|p2a: Dragonite\n|-damage|p2a: Dragonite|84\/100\n|-damage|p1a: Corviknight|78\/100|[from] Recoil\n|\n|-heal|p1a: Corviknight|84\/100|[from] item: Leftovers\n|upkeep\n|turn|4\n|\n|t:|1701117079\n|switch|p1a: Heatran|Heatran, M|100\/100\n|move|p2a: Dragonite|Thunder Wave|p1a: Heatran\n|-status|p1a: Heatran|par\n|\n|upkeep\n|turn|5\n|\n|t:|1701117087\n|move|p2a: Dragonite|Roost|p2a: Dragonite\n|-heal|p2a: Dragonite|100\/100\n|-singleturn|p2a: Dragonite|move: Roost\n|move|p1a: Heatran|Iron Defense|p1a: Heatran\n|-boost|p1a: Heatran|def|2\n|\n|upkeep\n|turn|6\n|\n|t:|1701117100\n|switch|p2a: Lucario|Lucario, M|100\/100\n|-activate|p2a: Lucario|move: Sticky Web\n|-unboost|p2a: Lucario|spe|1\n|move|p1a: Heatran|Lava Plume|p2a: Lucario\n|-supereffective|p2a: Lucario\n|-damage|p2a: Lucario|26\/100\n|-status|p2a: Lucario|brn\n|\n|-damage|p2a: Lucario|20\/100 brn|[from] brn\n|upkeep\n|turn|7\n|\n|t:|1701117110\n|move|p2a: Lucario|Aura Sphere|p1a: Heatran\n|-supereffective|p1a: Heatran\n|-damage|p1a: Heatran|55\/100 par\n|move|p1a: Heatran|Lava Plume|p2a: Lucario\n|-supereffective|p2a: Lucario\n|-damage|p2a: Lucario|0 fnt\n|faint|p2a: Lucario\n|\n|-heal|p1a: Heatran|61\/100 par|[from] item: Leftovers\n|upkeep\n|\n|t:|1701117124\n|switch|p2a: Greninja|Greninja, M, shiny|100\/100\n|-activate|p2a: Greninja|move: Sticky Web\n|-unboost|p2a: Greninja|spe|1\n|turn|8\n|\n|t:|1701117140\n|-terastallize|p1a: Heatran|Grass\n|move|p2a: Greninja|Water Shuriken|p1a: Heatran\n|-start|p2a: Greninja|typechange|Water|[from] ability: Protean\n|-resisted|p1a: Heatran\n|-damage|p1a: Heatran|59\/100 par\n|-resisted|p1a: Heatran\n|-damage|p1a: Heatran|57\/100 par\n|-resisted|p1a: Heatran\n|-damage|p1a: Heatran|55\/100 par\n|-resisted|p1a: Heatran\n|-damage|p1a: Heatran|53\/100 par\n|-hitcount|p1a: Heatran|4\n|cant|p1a: Heatran|par\n|\n|-heal|p1a: Heatran|59\/100 par|[from] item: Leftovers\n|upkeep\n|turn|9\n|\n|t:|1701117157\n|move|p2a: Greninja|Ice Beam|p1a: Heatran\n|-supereffective|p1a: Heatran\n|-damage|p1a: Heatran|23\/100 par\n|move|p1a: Heatran|Rest|p1a: Heatran\n|-status|p1a: Heatran|slp|[from] move: Rest\n|-heal|p1a: Heatran|100\/100 slp|[silent]\n|\n|upkeep\n|turn|10\n|\n|t:|1701117169\n|switch|p1a: Rillaboom|Rillaboom, M|100\/100\n|-status|p1a: Rillaboom|psn\n|-fieldstart|move: Grassy Terrain|[from] ability: Grassy Surge|[of] p1a: Rillaboom\n|move|p2a: Greninja|Ice Beam|p1a: Rillaboom\n|-supereffective|p1a: Rillaboom\n|-damage|p1a: Rillaboom|35\/100 psn\n|\n|-heal|p1a: Rillaboom|42\/100 psn|[from] Grassy Terrain\n|-heal|p1a: Rillaboom|48\/100 psn|[from] item: Leftovers\n|-damage|p1a: Rillaboom|35\/100 psn|[from] psn\n|upkeep\n|turn|11\n|\n|t:|1701117197\n|switch|p2a: Dragonite|Dragonite, M|100\/100\n|switch|p1a: Gholdengo|Gholdengo|100\/100\n|-item|p1a: Gholdengo|Air Balloon\n|\n|upkeep\n|turn|12\n|\n|t:|1701117205\n|move|p1a: Gholdengo|Nasty Plot|p1a: Gholdengo\n|-boost|p1a: Gholdengo|spa|2\n|move|p2a: Dragonite|Fire Spin|p1a: Gholdengo\n|-supereffective|p1a: Gholdengo\n|-damage|p1a: Gholdengo|86\/100\n|-activate|p1a: Gholdengo|move: Fire Spin|[of] p2a: Dragonite\n|-enditem|p1a: Gholdengo|Air Balloon\n|\n|-heal|p1a: Gholdengo|92\/100|[from] Grassy Terrain\n|-damage|p1a: Gholdengo|79\/100|[from] move: Fire Spin|[partiallytrapped]\n|upkeep\n|turn|13\n|\n|t:|1701117217\n|move|p1a: Gholdengo|Shadow Ball|p2a: Dragonite\n|-damage|p2a: Dragonite|70\/100\n|move|p2a: Dragonite|Fire Spin|p1a: Gholdengo\n|-supereffective|p1a: Gholdengo\n|-damage|p1a: Gholdengo|65\/100\n|\n|-heal|p1a: Gholdengo|72\/100|[from] Grassy Terrain\n|-damage|p1a: Gholdengo|59\/100|[from] move: Fire Spin|[partiallytrapped]\n|upkeep\n|turn|14\n|\n|t:|1701117225\n|move|p1a: Gholdengo|Recover|p1a: Gholdengo\n|-heal|p1a: Gholdengo|100\/100\n|move|p2a: Dragonite|Roost|p2a: Dragonite\n|-heal|p2a: Dragonite|100\/100\n|-singleturn|p2a: Dragonite|move: Roost\n|\n|-damage|p1a: Gholdengo|88\/100|[from] move: Fire Spin|[partiallytrapped]\n|-fieldend|move: Grassy Terrain\n|upkeep\n|turn|15\n|\n|t:|1701117234\n|move|p1a: Gholdengo|Shadow Ball|p2a: Dragonite\n|-damage|p2a: Dragonite|69\/100\n|move|p2a: Dragonite|Fire Spin|p1a: Gholdengo\n|-supereffective|p1a: Gholdengo\n|-damage|p1a: Gholdengo|73\/100\n|\n|-damage|p1a: Gholdengo|61\/100|[from] move: Fire Spin|[partiallytrapped]\n|upkeep\n|turn|16\n|\n|t:|1701117242\n|move|p1a: Gholdengo|Make It Rain|p2a: Dragonite\n|-damage|p2a: Dragonite|0 fnt\n|-unboost|p1a: Gholdengo|spa|1\n|faint|p2a: Dragonite\n|\n|-end|p1a: Gholdengo|Fire Spin|[partiallytrapped]|[silent]\n|upkeep\n|\n|t:|1701117253\n|switch|p2a: Charizard|Charizard, M|100\/100\n|turn|17\n|\n|t:|1701117275\n|switch|p1a: Rillaboom|Rillaboom, M|35\/100 psn\n|-fieldstart|move: Grassy Terrain|[from] ability: Grassy Surge|[of] p1a: Rillaboom\n|move|p2a: Charizard|Dragon Dance|p2a: Charizard\n|-boost|p2a: Charizard|atk|1\n|-boost|p2a: Charizard|spe|1\n|\n|-heal|p1a: Rillaboom|42\/100 psn|[from] Grassy Terrain\n|-heal|p1a: Rillaboom|48\/100 psn|[from] item: Leftovers\n|-damage|p1a: Rillaboom|35\/100 psn|[from] psn\n|upkeep\n|turn|18\n|\n|t:|1701117285\n|move|p1a: Rillaboom|Fake Out|p2a: Charizard\n|-damage|p2a: Charizard|83\/100\n|cant|p2a: Charizard|flinch\n|\n|-heal|p1a: Rillaboom|42\/100 psn|[from] Grassy Terrain\n|-heal|p1a: Rillaboom|48\/100 psn|[from] item: Leftovers\n|-damage|p1a: Rillaboom|35\/100 psn|[from] psn\n|upkeep\n|turn|19\n|\n|t:|1701117298\n|move|p2a: Charizard|Dragon Dance|p2a: Charizard\n|-boost|p2a: Charizard|atk|1\n|-boost|p2a: Charizard|spe|1\n|move|p1a: Rillaboom|Swords Dance|p1a: Rillaboom\n|-boost|p1a: Rillaboom|atk|2\n|\n|-heal|p1a: Rillaboom|42\/100 psn|[from] Grassy Terrain\n|-heal|p1a: Rillaboom|48\/100 psn|[from] item: Leftovers\n|-damage|p1a: Rillaboom|35\/100 psn|[from] psn\n|upkeep\n|turn|20\n|\n|t:|1701117307\n|move|p1a: Rillaboom|Grassy Glide|p2a: Charizard\n|-resisted|p2a: Charizard\n|-damage|p2a: Charizard|59\/100\n|move|p2a: Charizard|Air Slash|p1a: Rillaboom\n|-supereffective|p1a: Rillaboom\n|-damage|p1a: Rillaboom|0 fnt\n|faint|p1a: Rillaboom\n|-damage|p2a: Charizard|49\/100|[from] item: Life Orb\n|\n|upkeep\n|\n|t:|1701117312\n|switch|p1a: Heatran|Heatran, M, tera:Grass|100\/100 slp\n|turn|21\n|\n|t:|1701117324\n|switch|p1a: Corviknight|Corviknight, M|84\/100\n|-ability|p1a: Corviknight|Pressure\n|move|p2a: Charizard|Air Slash|p1a: Corviknight\n|-resisted|p1a: Corviknight\n|-damage|p1a: Corviknight|61\/100\n|-damage|p2a: Charizard|40\/100|[from] item: Life Orb\n|\n|-heal|p1a: Corviknight|67\/100|[from] item: Leftovers\n|-fieldend|move: Grassy Terrain\n|upkeep\n|turn|22\n|\n|t:|1701117340\n|switch|p1a: Heatran|Heatran, M, tera:Grass|100\/100 slp\n|move|p2a: Charizard|Air Slash|p1a: Heatran\n|-supereffective|p1a: Heatran\n|-damage|p1a: Heatran|42\/100 slp\n|-damage|p2a: Charizard|30\/100|[from] item: Life Orb\n|\n|-heal|p1a: Heatran|48\/100 slp|[from] item: Leftovers\n|upkeep\n|turn|23\n|\n|t:|1701117355\n|move|p2a: Charizard|Air Slash|p1a: Heatran\n|-supereffective|p1a: Heatran\n|-damage|p1a: Heatran|0 fnt\n|faint|p1a: Heatran\n|-damage|p2a: Charizard|20\/100|[from] item: Life Orb\n|\n|upkeep\n|\n|t:|1701117359\n|switch|p1a: Greninja|Greninja, M|100\/100\n|-status|p1a: Greninja|psn\n|turn|24\n|\n|t:|1701117367\n|move|p1a: Greninja|Water Shuriken|p2a: Charizard\n|-supereffective|p2a: Charizard\n|-damage|p2a: Charizard|5\/100\n|-supereffective|p2a: Charizard\n|-damage|p2a: Charizard|0 fnt\n|faint|p2a: Charizard\n|-ability|p1a: Greninja|Battle Bond|boost\n|-boost|p1a: Greninja|atk|1\n|-boost|p1a: Greninja|spa|1\n|-boost|p1a: Greninja|spe|1\n|-activate|p1a: Greninja|ability: Battle Bond\n|-hitcount|p2: Charizard|2\n|\n|-damage|p1a: Greninja|88\/100 psn|[from] psn\n|upkeep\n|\n|t:|1701117380\n|switch|p2a: Greninja|Greninja, M, shiny|100\/100\n|-activate|p2a: Greninja|move: Sticky Web\n|-unboost|p2a: Greninja|spe|1\n|turn|25\n|\n|t:|1701117399\n|move|p1a: Greninja|Gunk Shot|p2a: Greninja\n|-damage|p2a: Greninja|39\/100\n|move|p2a: Greninja|Dark Pulse|p1a: Greninja\n|-start|p2a: Greninja|typechange|Dark|[from] ability: Protean\n|-resisted|p1a: Greninja\n|-damage|p1a: Greninja|56\/100 psn\n|\n|-damage|p1a: Greninja|44\/100 psn|[from] psn\n|upkeep\n|turn|26\n|\n|t:|1701117418\n|-terastallize|p2a: Greninja|Water\n|move|p1a: Greninja|Water Shuriken|p2a: Greninja\n|-resisted|p2a: Greninja\n|-damage|p2a: Greninja|31\/100\n|-resisted|p2a: Greninja\n|-damage|p2a: Greninja|23\/100\n|-resisted|p2a: Greninja\n|-damage|p2a: Greninja|15\/100\n|-resisted|p2a: Greninja\n|-damage|p2a: Greninja|7\/100\n|-resisted|p2a: Greninja\n|-damage|p2a: Greninja|0 fnt\n|faint|p2a: Greninja\n|-hitcount|p2: Greninja|5\n|\n|-damage|p1a: Greninja|32\/100 psn|[from] psn\n|upkeep\n|\n|t:|1701117433\n|switch|p2a: Espeon|Espeon, M|100\/100\n|-activate|p2a: Espeon|move: Sticky Web\n|-unboost|p2a: Espeon|spe|1\n|turn|27\n|\n|t:|1701117444\n|move|p1a: Greninja|Water Shuriken|p2a: Espeon\n|-damage|p2a: Espeon|87\/100\n|-damage|p2a: Espeon|73\/100\n|-damage|p2a: Espeon|60\/100\n|-damage|p2a: Espeon|47\/100\n|-damage|p2a: Espeon|33\/100\n|-hitcount|p2a: Espeon|5\n|move|p2a: Espeon|Psychic|p1a: Greninja\n|-immune|p1a: Greninja\n|\n|-damage|p1a: Greninja|19\/100 psn|[from] psn\n|upkeep\n|turn|28\n|\n|t:|1701117457\n|move|p1a: Greninja|Dark Pulse|p2a: Espeon\n|-supereffective|p2a: Espeon\n|-damage|p2a: Espeon|0 fnt\n|faint|p2a: Espeon\n|\n|-damage|p1a: Greninja|7\/100 psn|[from] psn\n|upkeep\n|\n|t:|1701117463\n|switch|p2a: Gengar|Gengar, M|100\/100\n|-activate|p2a: Gengar|move: Sticky Web\n|-unboost|p2a: Gengar|spe|1\n|turn|29\n|\n|t:|1701117470\n|move|p1a: Greninja|Dark Pulse|p2a: Gengar\n|-supereffective|p2a: Gengar\n|-damage|p2a: Gengar|0 fnt\n|-start|p1a: Greninja|Disable|Dark Pulse|[from] ability: Cursed Body|[of] p2a: Gengar\n|faint|p2a: Gengar\n|\n|win|Nubonaga\n|raw|Nubonaga's rating: 1004 &rarr; <strong>1052<\/strong><br \/>(+48 for winning)\n|raw|zenakuz's rating: 1083 &rarr; <strong>1056<\/strong><br \/>(-27 for losing)\n|l|\u2606zenakuz\n","uploadtime":1701117483,"views":2,"p1id":"nubonaga","p2id":"zenakuz","formatid":"gen9ou","rating":1052,"private":0,"password":""}