{"id":"gen9ou-1992670316","p1":"CosmicSnowy55","p2":"tyecameo","format":"[Gen 9] OU","log":"|j|\u2606CosmicSnowy55\n|j|\u2606tyecameo\n|t:|1700223163\n|gametype|singles\n|player|p1|CosmicSnowy55|cyrus|1135\n|player|p2|tyecameo|shadowtriad|1038\n|teamsize|p1|6\n|teamsize|p2|6\n|gen|9\n|tier|[Gen 9] OU\n|rated|\n|rule|Sleep Clause Mod: Limit one foe put to sleep\n|rule|Species Clause: Limit one of each Pok\u00e9mon\n|rule|OHKO Clause: OHKO moves are banned\n|rule|Evasion Items Clause: Evasion items are banned\n|rule|Evasion Moves Clause: Evasion moves are banned\n|rule|Endless Battle Clause: Forcing endless battles is banned\n|rule|HP Percentage Mod: HP is shown in percentages\n|clearpoke\n|poke|p1|Politoed, M|\n|poke|p1|Pelipper, M|\n|poke|p1|Ogerpon-Wellspring, F|\n|poke|p1|Amoonguss, F|\n|poke|p1|Quaquaval, M|\n|poke|p1|Clodsire, M|\n|poke|p2|Zoroark-Hisui, M|\n|poke|p2|Cinderace, F|\n|poke|p2|Meowscarada, F|\n|poke|p2|Iron Valiant|\n|poke|p2|Garchomp, F|\n|poke|p2|Zapdos|\n|teampreview\n|\n|t:|1700223195\n|start\n|switch|p1a: Pelipper|Pelipper, M|100\/100\n|switch|p2a: Iron Valiant|Iron Valiant|100\/100\n|-weather|RainDance|[from] ability: Drizzle|[of] p1a: Pelipper\n|-enditem|p2a: Iron Valiant|Booster Energy\n|-activate|p2a: Iron Valiant|ability: Quark Drive|[fromitem]\n|-start|p2a: Iron Valiant|quarkdrivespe\n|turn|1\n|\n|t:|1700223207\n|move|p2a: Iron Valiant|Future Sight|p1a: Pelipper\n|-start|p2a: Iron Valiant|move: Future Sight\n|move|p1a: Pelipper|Hurricane|p2a: Iron Valiant\n|-supereffective|p2a: Iron Valiant\n|-damage|p2a: Iron Valiant|0 fnt\n|faint|p2a: Iron Valiant\n|-end|p2a: Iron Valiant|Quark Drive|[silent]\n|\n|-weather|RainDance|[upkeep]\n|upkeep\n|\n|t:|1700223219\n|switch|p2a: Zapdos|Zapdos|100\/100\n|-ability|p2a: Zapdos|Pressure\n|turn|2\n|\n|t:|1700223227\n|switch|p1a: Clodsire|Clodsire, M|100\/100\n|move|p2a: Zapdos|Thunderbolt|p1a: Clodsire\n|-immune|p1a: Clodsire\n|\n|-weather|RainDance|[upkeep]\n|upkeep\n|turn|3\n|\n|t:|1700223235\n|move|p2a: Zapdos|Hurricane|p1a: Clodsire\n|-damage|p1a: Clodsire|67\/100\n|-start|p1a: Clodsire|confusion\n|-activate|p1a: Clodsire|confusion\n|move|p1a: Clodsire|Toxic Spikes|p2a: Zapdos\n|-sidestart|p2: tyecameo|move: Toxic Spikes\n|\n|-weather|RainDance|[upkeep]\n|-end|p1a: Clodsire|move: Future Sight\n|-supereffective|p1a: Clodsire\n|-damage|p1a: Clodsire|24\/100\n|-heal|p1a: Clodsire|31\/100|[from] item: Black Sludge\n|upkeep\n|turn|4\n|\n|t:|1700223247\n|move|p2a: Zapdos|Hurricane|p1a: Clodsire\n|-damage|p1a: Clodsire|0 fnt\n|faint|p1a: Clodsire\n|\n|-weather|RainDance|[upkeep]\n|upkeep\n|\n|t:|1700223256\n|switch|p1a: Amoonguss|Amoonguss, F|100\/100\n|turn|5\n|\n|t:|1700223271\n|move|p2a: Zapdos|Hurricane|p1a: Amoonguss\n|-supereffective|p1a: Amoonguss\n|-damage|p1a: Amoonguss|3\/100\n|move|p1a: Amoonguss|Spore|p2a: Zapdos\n|-status|p2a: Zapdos|slp|[from] move: Spore\n|\n|-weather|RainDance|[upkeep]\n|-heal|p1a: Amoonguss|10\/100|[from] item: Black Sludge\n|upkeep\n|turn|6\n|\n|t:|1700223282\n|switch|p2a: Cinderace|Cinderace, F|100\/100\n|switch|p1a: Ogerpon|Ogerpon-Wellspring, F|100\/100\n|\n|-weather|RainDance|[upkeep]\n|upkeep\n|turn|7\n|\n|t:|1700223290\n|move|p2a: Cinderace|Court Change|p2a: Cinderace\n|-start|p2a: Cinderace|typechange|Normal|[from] ability: Libero\n|-swapsideconditions\n|-activate|p2a: Cinderace|move: Court Change\n|move|p1a: Ogerpon|Ivy Cudgel|p2a: Cinderace|[anim] Ivy Cudgel Water\n|-damage|p2a: Cinderace|0 fnt\n|faint|p2a: Cinderace\n|\n|-weather|RainDance|[upkeep]\n|upkeep\n|\n|t:|1700223334\n|switch|p2a: Meowscarada|Meowscarada, F|100\/100\n|turn|8\n|\n|t:|1700223350\n|-terastallize|p2a: Meowscarada|Bug\n|move|p2a: Meowscarada|U-turn|p1a: Ogerpon\n|-supereffective|p1a: Ogerpon\n|-damage|p1a: Ogerpon|0 fnt\n|faint|p1a: Ogerpon\n|\n|t:|1700223357\n|switch|p2a: Zapdos|Zapdos|100\/100 slp|[from] U-turn\n|-ability|p2a: Zapdos|Pressure\n|\n|-weather|none\n|upkeep\n|\n|t:|1700223364\n|switch|p1a: Amoonguss|Amoonguss, F|43\/100\n|-sideend|p1: CosmicSnowy55|move: Toxic Spikes|[of] p1a: Amoonguss\n|turn|9\n|\n|t:|1700223369\n|cant|p2a: Zapdos|slp\n|move|p1a: Amoonguss|Sludge Bomb|p2a: Zapdos\n|-damage|p2a: Zapdos|58\/100 slp\n|\n|-heal|p1a: Amoonguss|49\/100|[from] item: Black Sludge\n|upkeep\n|turn|10\n|\n|t:|1700223377\n|-curestatus|p2a: Zapdos|slp|[msg]\n|move|p2a: Zapdos|Heat Wave|p1a: Amoonguss\n|-supereffective|p1a: Amoonguss\n|-damage|p1a: Amoonguss|0 fnt\n|faint|p1a: Amoonguss\n|\n|upkeep\n|\n|t:|1700223385\n|switch|p1a: Quaquaval|Quaquaval, M|100\/100\n|turn|11\n|\n|t:|1700223391\n|move|p2a: Zapdos|Volt Switch|p1a: Quaquaval\n|-supereffective|p1a: Quaquaval\n|-damage|p1a: Quaquaval|0 fnt\n|faint|p1a: Quaquaval\n|\n|t:|1700223398\n|switch|p2a: Garchomp|Garchomp, F, shiny|100\/100|[from] Volt Switch\n|\n|upkeep\n|\n|t:|1700223402\n|switch|p1a: Politoed|Politoed, M|100\/100\n|-weather|RainDance|[from] ability: Drizzle|[of] p1a: Politoed\n|turn|12\n|\n|t:|1700223412\n|move|p2a: Garchomp|Nasty Plot|p2a: Garchomp\n|-boost|p2a: Garchomp|spa|2\n|move|p1a: Politoed|Blizzard|p2a: Garchomp|[miss]\n|-miss|p1a: Politoed|p2a: Garchomp\n|\n|-weather|RainDance|[upkeep]\n|upkeep\n|turn|13\n|\n|t:|1700223422\n|move|p2a: Garchomp|Focus Blast|p1a: Politoed\n|-damage|p1a: Politoed|24\/100\n|-damage|p2a: Garchomp|91\/100|[from] item: Life Orb\n|move|p1a: Politoed|Weather Ball|p2a: Garchomp\n|-damage|p2a: Garchomp|0 fnt\n|replace|p2a: Zoroark|Zoroark-Hisui, M\n|-end|p2a: Zoroark|Illusion\n|faint|p2a: Zoroark\n|\n|-weather|RainDance|[upkeep]\n|upkeep\n|\n|t:|1700223435\n|switch|p2a: Zapdos|Zapdos|58\/100\n|-ability|p2a: Zapdos|Pressure\n|turn|14\n|\n|t:|1700223442\n|move|p2a: Zapdos|Thunderbolt|p1a: Politoed\n|-supereffective|p1a: Politoed\n|-damage|p1a: Politoed|0 fnt\n|faint|p1a: Politoed\n|\n|-weather|RainDance|[upkeep]\n|upkeep\n|\n|t:|1700223450\n|switch|p1a: Pelipper|Pelipper, M|100\/100\n|turn|15\n|\n|t:|1700223460\n|move|p2a: Zapdos|Thunderbolt|p1a: Pelipper\n|-supereffective|p1a: Pelipper\n|-damage|p1a: Pelipper|0 fnt\n|faint|p1a: Pelipper\n|\n|win|tyecameo\n|raw|CosmicSnowy55's rating: 1135 &rarr; <strong>1103<\/strong><br \/>(-32 for losing)\n|raw|tyecameo's rating: 1038 &rarr; <strong>1082<\/strong><br \/>(+44 for winning)\n|l|\u2606CosmicSnowy55\n","uploadtime":1700223470,"views":18,"p1id":"cosmicsnowy55","p2id":"tyecameo","formatid":"gen9ou","rating":1082,"private":0,"password":""}