{"id":"gen9ou-1993990058","p1":"Just luck and hax","p2":"LogicaVietii","format":"[Gen 9] OU","log":"|j|\u2606Just luck and hax\n|j|\u2606LogicaVietii\n|t:|1700389297\n|gametype|singles\n|player|p1|Just luck and hax|steven|1555\n|player|p2|LogicaVietii|alder|1540\n|teamsize|p1|6\n|teamsize|p2|6\n|gen|9\n|tier|[Gen 9] OU\n|rated|\n|rule|Sleep Clause Mod: Limit one foe put to sleep\n|rule|Species Clause: Limit one of each Pok\u00e9mon\n|rule|OHKO Clause: OHKO moves are banned\n|rule|Evasion Items Clause: Evasion items are banned\n|rule|Evasion Moves Clause: Evasion moves are banned\n|rule|Endless Battle Clause: Forcing endless battles is banned\n|rule|HP Percentage Mod: HP is shown in percentages\n|clearpoke\n|poke|p1|Ninetales-Alola, F|\n|poke|p1|Manaphy|\n|poke|p1|Kingambit, M|\n|poke|p1|Dragonite, M|\n|poke|p1|Garganacl, M|\n|poke|p1|Iron Moth|\n|poke|p2|Maushold|\n|poke|p2|Samurott-Hisui, M|\n|poke|p2|Kingambit, M|\n|poke|p2|Garganacl, F|\n|poke|p2|Amoonguss, M|\n|poke|p2|Weavile, F|\n|teampreview\n|inactive|Battle timer is ON: inactive players will automatically lose when time's up. (requested by LogicaVietii)\n|\n|t:|1700389313\n|start\n|switch|p1a: Ninetales|Ninetales-Alola, F|100\/100\n|switch|p2a: Maushold|Maushold|100\/100\n|-weather|Snow|[from] ability: Snow Warning|[of] p1a: Ninetales\n|turn|1\n|\n|t:|1700389316\n|move|p2a: Maushold|Population Bomb|p1a: Ninetales\n|-damage|p1a: Ninetales|91\/100\n|-damage|p1a: Ninetales|81\/100\n|-damage|p1a: Ninetales|72\/100\n|-damage|p1a: Ninetales|63\/100\n|-damage|p1a: Ninetales|53\/100\n|-damage|p1a: Ninetales|44\/100\n|-damage|p1a: Ninetales|35\/100\n|-damage|p1a: Ninetales|25\/100\n|-damage|p1a: Ninetales|16\/100\n|-damage|p1a: Ninetales|6\/100\n|-hitcount|p1a: Ninetales|10\n|move|p1a: Ninetales|Aurora Veil|p1a: Ninetales\n|-sidestart|p1: Just luck and hax|move: Aurora Veil\n|\n|-weather|Snow|[upkeep]\n|upkeep\n|turn|2\n|\n|t:|1700389324\n|move|p2a: Maushold|Population Bomb|p1a: Ninetales\n|-damage|p1a: Ninetales|2\/100\n|-damage|p1a: Ninetales|0 fnt\n|faint|p1a: Ninetales\n|-hitcount|p1: Ninetales|2\n|\n|-weather|Snow|[upkeep]\n|upkeep\n|\n|t:|1700389325\n|switch|p1a: Garganacl|Garganacl, M|100\/100\n|turn|3\n|\n|t:|1700389328\n|move|p2a: Maushold|Tidy Up|p2a: Maushold\n|-boost|p2a: Maushold|atk|1\n|-boost|p2a: Maushold|spe|1\n|move|p1a: Garganacl|Iron Defense|p1a: Garganacl\n|-boost|p1a: Garganacl|def|2\n|\n|-weather|Snow|[upkeep]\n|upkeep\n|turn|4\n|\n|t:|1700389331\n|move|p2a: Maushold|Encore|p1a: Garganacl\n|-start|p1a: Garganacl|Encore\n|move|p1a: Garganacl|Iron Defense|p1a: Garganacl\n|-boost|p1a: Garganacl|def|2\n|\n|-weather|Snow|[upkeep]\n|upkeep\n|turn|5\n|\n|t:|1700389333\n|move|p2a: Maushold|Tidy Up|p2a: Maushold\n|-boost|p2a: Maushold|atk|1\n|-boost|p2a: Maushold|spe|1\n|move|p1a: Garganacl|Iron Defense|p1a: Garganacl\n|-boost|p1a: Garganacl|def|2\n|\n|-weather|none\n|upkeep\n|turn|6\n|\n|t:|1700389336\n|move|p2a: Maushold|Tidy Up|p2a: Maushold\n|-boost|p2a: Maushold|atk|1\n|-boost|p2a: Maushold|spe|1\n|move|p1a: Garganacl|Iron Defense|p1a: Garganacl\n|-boost|p1a: Garganacl|def|0\n|\n|-end|p1a: Garganacl|Encore\n|upkeep\n|turn|7\n|\n|t:|1700389345\n|move|p2a: Maushold|Encore|p1a: Garganacl\n|-start|p1a: Garganacl|Encore\n|move|p1a: Garganacl|Iron Defense|p1a: Garganacl\n|-boost|p1a: Garganacl|def|0\n|\n|upkeep\n|turn|8\n|\n|t:|1700389353\n|switch|p1a: Kingambit|Kingambit, M|100\/100\n|-activate|p1a: Kingambit|ability: Supreme Overlord\n|-start|p1a: Kingambit|fallen1|[silent]\n|move|p2a: Maushold|Population Bomb|p1a: Kingambit\n|-resisted|p1a: Kingambit\n|-damage|p1a: Kingambit|96\/100\n|-resisted|p1a: Kingambit\n|-damage|p1a: Kingambit|91\/100\n|-resisted|p1a: Kingambit\n|-damage|p1a: Kingambit|86\/100\n|-resisted|p1a: Kingambit\n|-damage|p1a: Kingambit|82\/100\n|-resisted|p1a: Kingambit\n|-damage|p1a: Kingambit|77\/100\n|-resisted|p1a: Kingambit\n|-damage|p1a: Kingambit|72\/100\n|-resisted|p1a: Kingambit\n|-damage|p1a: Kingambit|67\/100\n|-resisted|p1a: Kingambit\n|-damage|p1a: Kingambit|62\/100\n|-resisted|p1a: Kingambit\n|-damage|p1a: Kingambit|57\/100\n|-resisted|p1a: Kingambit\n|-damage|p1a: Kingambit|52\/100\n|-hitcount|p1a: Kingambit|10\n|\n|-heal|p1a: Kingambit|59\/100|[from] item: Leftovers\n|-sideend|p1: Just luck and hax|move: Aurora Veil\n|upkeep\n|turn|9\n|\n|t:|1700389360\n|move|p1a: Kingambit|Sucker Punch|p2a: Maushold\n|-damage|p2a: Maushold|24\/100\n|move|p2a: Maushold|Population Bomb|p1a: Kingambit\n|-resisted|p1a: Kingambit\n|-damage|p1a: Kingambit|50\/100\n|-resisted|p1a: Kingambit\n|-damage|p1a: Kingambit|40\/100\n|-resisted|p1a: Kingambit\n|-damage|p1a: Kingambit|31\/100\n|-resisted|p1a: Kingambit\n|-damage|p1a: Kingambit|22\/100\n|-resisted|p1a: Kingambit\n|-damage|p1a: Kingambit|12\/100\n|-resisted|p1a: Kingambit\n|-damage|p1a: Kingambit|2\/100\n|-resisted|p1a: Kingambit\n|-damage|p1a: Kingambit|0 fnt\n|faint|p1a: Kingambit\n|-end|p1a: Kingambit|fallen1|[silent]\n|-hitcount|p1: Kingambit|7\n|\n|upkeep\n|\n|t:|1700389363\n|switch|p1a: Dragonite|Dragonite, M|100\/100\n|turn|10\n|\n|t:|1700389365\n|-terastallize|p2a: Maushold|Ghost\n|move|p1a: Dragonite|Extreme Speed|p2a: Maushold\n|-immune|p2a: Maushold\n|move|p2a: Maushold|Population Bomb|p1a: Dragonite\n|-damage|p1a: Dragonite|87\/100\n|-damage|p1a: Dragonite|58\/100\n|-crit|p1a: Dragonite\n|-damage|p1a: Dragonite|16\/100\n|-damage|p1a: Dragonite|0 fnt\n|faint|p1a: Dragonite\n|-hitcount|p1: Dragonite|4\n|\n|upkeep\n|-message|Just luck and hax forfeited.\n|\n|win|LogicaVietii\n|raw|Just luck and hax's rating: 1570 &rarr; <strong>1548<\/strong><br \/>(-22 for losing)\n|raw|LogicaVietii's rating: 1540 &rarr; <strong>1562<\/strong><br \/>(+22 for winning)\n|l|\u2606Just luck and hax\n","uploadtime":1700389374,"views":9,"p1id":"justluckandhax","p2id":"logicavietii","formatid":"gen9ou","rating":1548,"private":0,"password":""}