{"id":"gen9ou-1990697157","p1":"Smipsmop","p2":"skittymiaou","format":"[Gen 9] OU","log":"|j|\u2606Smipsmop\n|j|\u2606skittymiaou\n|t:|1699992648\n|gametype|singles\n|player|p1|Smipsmop|lusamine-nihilego|1090\n|player|p2|skittymiaou|norman|1168\n|teamsize|p1|6\n|teamsize|p2|6\n|gen|9\n|tier|[Gen 9] OU\n|rated|\n|rule|Sleep Clause Mod: Limit one foe put to sleep\n|rule|Species Clause: Limit one of each Pok\u00e9mon\n|rule|OHKO Clause: OHKO moves are banned\n|rule|Evasion Items Clause: Evasion items are banned\n|rule|Evasion Moves Clause: Evasion moves are banned\n|rule|Endless Battle Clause: Forcing endless battles is banned\n|rule|HP Percentage Mod: HP is shown in percentages\n|clearpoke\n|poke|p1|Landorus-Therian, M|\n|poke|p1|Clodsire, M|\n|poke|p1|Basculegion-F, F|\n|poke|p1|Grafaiai, F|\n|poke|p1|Zapdos|\n|poke|p1|Sneasler, F|\n|poke|p2|Chimecho, F|\n|poke|p2|Ursaluna, M|\n|poke|p2|Sneasler, M|\n|poke|p2|Iron Moth|\n|poke|p2|Ogerpon-Wellspring, F|\n|poke|p2|Cinderace, M|\n|teampreview\n|inactive|Battle timer is ON: inactive players will automatically lose when time's up. (requested by skittymiaou)\n|\n|t:|1699992667\n|start\n|switch|p1a: Grafaiai|Grafaiai, F|100\/100\n|switch|p2a: Iron Moth|Iron Moth|100\/100\n|-enditem|p2a: Iron Moth|Booster Energy\n|-activate|p2a: Iron Moth|ability: Quark Drive|[fromitem]\n|-start|p2a: Iron Moth|quarkdrivespe\n|turn|1\n|\n|t:|1699992677\n|move|p1a: Grafaiai|Switcheroo|p2a: Iron Moth\n|-activate|p1a: Grafaiai|move: Trick|[of] p2a: Iron Moth\n|-item|p2a: Iron Moth|Choice Scarf|[from] move: Switcheroo\n|-enditem|p1a: Grafaiai|Choice Scarf|[silent]|[from] move: Switcheroo\n|move|p2a: Iron Moth|Fiery Dance|p1a: Grafaiai\n|-damage|p1a: Grafaiai|52\/100\n|-boost|p2a: Iron Moth|spa|1\n|\n|upkeep\n|turn|2\n|\n|t:|1699992695\n|move|p1a: Grafaiai|Parting Shot|p2a: Iron Moth\n|-unboost|p2a: Iron Moth|atk|1\n|-unboost|p2a: Iron Moth|spa|1\n|\n|t:|1699992700\n|switch|p1a: Clodsire|Clodsire, M|100\/100|[from] Parting Shot\n|move|p2a: Iron Moth|Fiery Dance|p1a: Clodsire\n|-damage|p1a: Clodsire|79\/100\n|\n|-heal|p1a: Clodsire|85\/100|[from] item: Black Sludge\n|upkeep\n|turn|3\n|inactive|skittymiaou has 120 seconds left.\n|\n|t:|1699992734\n|-end|p2a: Iron Moth|Quark Drive|[silent]\n|switch|p2a: Ogerpon|Ogerpon-Wellspring, F|100\/100\n|move|p1a: Clodsire|Stealth Rock|p2a: Ogerpon\n|-sidestart|p2: skittymiaou|move: Stealth Rock\n|\n|-heal|p1a: Clodsire|91\/100|[from] item: Black Sludge\n|upkeep\n|turn|4\n|\n|t:|1699992743\n|move|p2a: Ogerpon|Taunt|p1a: Clodsire\n|-start|p1a: Clodsire|move: Taunt\n|cant|p1a: Clodsire|move: Taunt|Toxic\n|\n|-heal|p1a: Clodsire|97\/100|[from] item: Black Sludge\n|upkeep\n|turn|5\n|\n|t:|1699992758\n|switch|p1a: Grafaiai|Grafaiai, F|52\/100\n|move|p2a: Ogerpon|Ivy Cudgel|p1a: Grafaiai|[anim] Ivy Cudgel Water\n|-damage|p1a: Grafaiai|0 fnt\n|faint|p1a: Grafaiai\n|\n|upkeep\n|\n|t:|1699992766\n|switch|p1a: Sneasler|Sneasler, F|100\/100\n|turn|6\n|\n|t:|1699992774\n|move|p1a: Sneasler|Fake Out|p2a: Ogerpon\n|-damage|p2a: Ogerpon|75\/100\n|-damage|p1a: Sneasler|91\/100|[from] item: Life Orb\n|cant|p2a: Ogerpon|flinch\n|\n|upkeep\n|turn|7\n|\n|t:|1699992785\n|move|p1a: Sneasler|U-turn|p2a: Ogerpon\n|-supereffective|p2a: Ogerpon\n|-damage|p2a: Ogerpon|0 fnt\n|faint|p2a: Ogerpon\n|-damage|p1a: Sneasler|81\/100|[from] item: Life Orb\n|\n|t:|1699992791\n|switch|p1a: Clodsire|Clodsire, M|97\/100|[from] U-turn\n|\n|-heal|p1a: Clodsire|100\/100|[from] item: Black Sludge\n|upkeep\n|\n|t:|1699992801\n|switch|p2a: Iron Moth|Iron Moth|100\/100\n|-damage|p2a: Iron Moth|76\/100|[from] Stealth Rock\n|turn|8\n|\n|t:|1699992807\n|move|p2a: Iron Moth|Psychic|p1a: Clodsire\n|-supereffective|p1a: Clodsire\n|-damage|p1a: Clodsire|68\/100\n|move|p1a: Clodsire|Earth Power|p2a: Iron Moth\n|-supereffective|p2a: Iron Moth\n|-damage|p2a: Iron Moth|10\/100\n|\n|-heal|p1a: Clodsire|74\/100|[from] item: Black Sludge\n|upkeep\n|turn|9\n|\n|t:|1699992816\n|move|p2a: Iron Moth|Psychic|p1a: Clodsire\n|-supereffective|p1a: Clodsire\n|-damage|p1a: Clodsire|40\/100\n|move|p1a: Clodsire|Recover|p1a: Clodsire\n|-heal|p1a: Clodsire|90\/100\n|\n|-heal|p1a: Clodsire|96\/100|[from] item: Black Sludge\n|upkeep\n|turn|10\n|\n|t:|1699992824\n|move|p2a: Iron Moth|Psychic|p1a: Clodsire\n|-supereffective|p1a: Clodsire\n|-damage|p1a: Clodsire|65\/100\n|move|p1a: Clodsire|Earth Power|p2a: Iron Moth\n|-supereffective|p2a: Iron Moth\n|-damage|p2a: Iron Moth|0 fnt\n|faint|p2a: Iron Moth\n|-end|p2a: Iron Moth|Quark Drive|[silent]\n|\n|-heal|p1a: Clodsire|71\/100|[from] item: Black Sludge\n|upkeep\n|\n|t:|1699992834\n|switch|p2a: Ursaluna|Ursaluna, M|100\/100\n|-damage|p2a: Ursaluna|94\/100|[from] Stealth Rock\n|turn|11\n|\n|t:|1699992841\n|move|p2a: Ursaluna|Swords Dance|p2a: Ursaluna\n|-boost|p2a: Ursaluna|atk|2\n|move|p1a: Clodsire|Toxic|p2a: Ursaluna\n|-status|p2a: Ursaluna|tox\n|\n|-heal|p1a: Clodsire|78\/100|[from] item: Black Sludge\n|-damage|p2a: Ursaluna|88\/100 tox|[from] psn\n|upkeep\n|turn|12\n|\n|t:|1699992850\n|move|p2a: Ursaluna|Facade|p1a: Clodsire\n|-damage|p1a: Clodsire|0 fnt\n|faint|p1a: Clodsire\n|\n|-damage|p2a: Ursaluna|76\/100 tox|[from] psn\n|upkeep\n|\n|t:|1699992857\n|switch|p1a: Basculegion|Basculegion-F, F|100\/100\n|turn|13\n|\n|t:|1699992863\n|switch|p1a: Zapdos|Zapdos|100\/100\n|-ability|p1a: Zapdos|Pressure\n|move|p2a: Ursaluna|Earthquake|p1a: Zapdos\n|-immune|p1a: Zapdos\n|\n|-damage|p2a: Ursaluna|58\/100 tox|[from] psn\n|upkeep\n|turn|14\n|\n|t:|1699992877\n|move|p1a: Zapdos|Tailwind|p1a: Zapdos\n|-sidestart|p1: Smipsmop|move: Tailwind\n|move|p2a: Ursaluna|Earthquake|p1a: Zapdos\n|-immune|p1a: Zapdos\n|\n|-damage|p2a: Ursaluna|34\/100 tox|[from] psn\n|upkeep\n|turn|15\n|\n|t:|1699992883\n|switch|p1a: Basculegion|Basculegion-F, F|100\/100\n|move|p2a: Ursaluna|Drain Punch|p1a: Basculegion\n|-immune|p1a: Basculegion\n|\n|-damage|p2a: Ursaluna|4\/100 tox|[from] psn\n|upkeep\n|turn|16\n|\n|t:|1699992892\n|move|p1a: Basculegion|Chilling Water|p2a: Ursaluna\n|-supereffective|p2a: Ursaluna\n|-damage|p2a: Ursaluna|0 fnt\n|faint|p2a: Ursaluna\n|\n|upkeep\n|\n|t:|1699992899\n|switch|p2a: Chimecho|Chimecho, F, shiny|100\/100\n|-damage|p2a: Chimecho|88\/100|[from] Stealth Rock\n|turn|17\n|\n|t:|1699992904\n|move|p1a: Basculegion|Shadow Ball|p2a: Chimecho\n|-supereffective|p2a: Chimecho\n|-damage|p2a: Chimecho|15\/100\n|move|p2a: Chimecho|Cosmic Power|p2a: Chimecho\n|-boost|p2a: Chimecho|def|1\n|-boost|p2a: Chimecho|spd|1\n|\n|-heal|p2a: Chimecho|21\/100|[from] item: Leftovers\n|-sideend|p1: Smipsmop|move: Tailwind\n|upkeep\n|turn|18\n|\n|t:|1699992913\n|-terastallize|p2a: Chimecho|Steel\n|move|p1a: Basculegion|Shadow Ball|p2a: Chimecho\n|-damage|p2a: Chimecho|0 fnt\n|faint|p2a: Chimecho\n|\n|upkeep\n|-message|skittymiaou forfeited.\n|\n|win|Smipsmop\n|raw|Smipsmop's rating: 1090 &rarr; <strong>1122<\/strong><br \/>(+32 for winning)\n|raw|skittymiaou's rating: 1168 &rarr; <strong>1137<\/strong><br \/>(-31 for losing)\n|l|\u2606skittymiaou\n","uploadtime":1699992932,"views":8,"p1id":"smipsmop","p2id":"skittymiaou","formatid":"gen9ou","rating":1122,"private":0,"password":""}