{"id":"gen9ou-1993200911","p1":"Gutoso","p2":"Project-LOL","format":"[Gen 9] OU","log":"|j|\u2606Gutoso\n|j|\u2606Project-LOL\n|t:|1700277252\n|gametype|singles\n|player|p1|Gutoso|blue-gen3two|1450\n|player|p2|Project-LOL|266|1399\n|teamsize|p1|6\n|teamsize|p2|6\n|gen|9\n|tier|[Gen 9] OU\n|rated|\n|rule|Sleep Clause Mod: Limit one foe put to sleep\n|rule|Species Clause: Limit one of each Pok\u00e9mon\n|rule|OHKO Clause: OHKO moves are banned\n|rule|Evasion Items Clause: Evasion items are banned\n|rule|Evasion Moves Clause: Evasion moves are banned\n|rule|Endless Battle Clause: Forcing endless battles is banned\n|rule|HP Percentage Mod: HP is shown in percentages\n|clearpoke\n|poke|p1|Jirachi|\n|poke|p1|Thundurus-Therian, M|\n|poke|p1|Weavile, M|\n|poke|p1|Salazzle, F|\n|poke|p1|Dragonite, F|\n|poke|p1|Hatterene, F|\n|poke|p2|Ting-Lu|\n|poke|p2|Zapdos|\n|poke|p2|Toxapex, F|\n|poke|p2|Cinderace, M|\n|poke|p2|Kingambit, M|\n|poke|p2|Dragapult, M|\n|teampreview\n|inactive|Battle timer is ON: inactive players will automatically lose when time's up. (requested by Project-LOL)\n|\n|t:|1700277266\n|start\n|switch|p1a: Salazzle|Salazzle, F|100\/100\n|switch|p2a: Dragapult|Dragapult, M|100\/100\n|turn|1\n|\n|t:|1700277270\n|move|p1a: Salazzle|Protect|p1a: Salazzle\n|-singleturn|p1a: Salazzle|Protect\n|move|p2a: Dragapult|Draco Meteor|p1a: Salazzle\n|-activate|p1a: Salazzle|move: Protect\n|\n|upkeep\n|turn|2\n|\n|t:|1700277283\n|switch|p1a: Weavile|Weavile, M|100\/100\n|move|p2a: Dragapult|Draco Meteor|p1a: Weavile\n|-damage|p1a: Weavile|20\/100\n|-unboost|p2a: Dragapult|spa|2\n|\n|upkeep\n|turn|3\n|inactive|Project-LOL has 120 seconds left.\n|\n|t:|1700277314\n|switch|p2a: Toxapex|Toxapex, F|100\/100\n|switch|p1a: Hatterene|Hatterene, F|100\/100\n|\n|upkeep\n|turn|4\n|inactive|Project-LOL has 120 seconds left.\n|\n|t:|1700277342\n|switch|p2a: Kingambit|Kingambit, M|100\/100\n|move|p1a: Hatterene|Psyshock|p2a: Kingambit\n|-immune|p2a: Kingambit\n|\n|upkeep\n|turn|5\n|\n|t:|1700277348\n|switch|p1a: Weavile|Weavile, M|20\/100\n|move|p2a: Kingambit|Kowtow Cleave|p1a: Weavile\n|-resisted|p1a: Weavile\n|-damage|p1a: Weavile|0 fnt\n|faint|p1a: Weavile\n|\n|upkeep\n|\n|t:|1700277350\n|switch|p1a: Salazzle|Salazzle, F|100\/100\n|turn|6\n|inactive|Project-LOL has 120 seconds left.\n|\n|t:|1700277361\n|-end|p2a: Kingambit|fallenundefined|[silent]\n|switch|p2a: Cinderace|Cinderace, M|100\/100\n|move|p1a: Salazzle|Flamethrower|p2a: Cinderace\n|-resisted|p2a: Cinderace\n|-damage|p2a: Cinderace|77\/100\n|\n|upkeep\n|turn|7\n|inactive|Project-LOL has 120 seconds left.\n|\n|t:|1700277371\n|move|p2a: Cinderace|Pyro Ball|p1a: Salazzle\n|-resisted|p1a: Salazzle\n|-crit|p1a: Salazzle\n|-damage|p1a: Salazzle|36\/100\n|move|p1a: Salazzle|Toxic|p2a: Cinderace\n|-status|p2a: Cinderace|tox\n|\n|-heal|p1a: Salazzle|42\/100|[from] item: Black Sludge\n|-damage|p2a: Cinderace|71\/100 tox|[from] psn\n|upkeep\n|turn|8\n|\n|t:|1700277376\n|move|p1a: Salazzle|Protect|p1a: Salazzle\n|-singleturn|p1a: Salazzle|Protect\n|move|p2a: Cinderace|U-turn|p1a: Salazzle\n|-start|p2a: Cinderace|typechange|Bug|[from] ability: Libero\n|-activate|p1a: Salazzle|move: Protect\n|\n|-heal|p1a: Salazzle|48\/100|[from] item: Black Sludge\n|-damage|p2a: Cinderace|59\/100 tox|[from] psn\n|upkeep\n|turn|9\n|\n|t:|1700277386\n|move|p2a: Cinderace|U-turn|p1a: Salazzle\n|-resisted|p1a: Salazzle\n|-damage|p1a: Salazzle|35\/100\n|\n|t:|1700277391\n|switch|p2a: Toxapex|Toxapex, F|100\/100|[from] U-turn\n|move|p1a: Salazzle|Flamethrower|p2a: Toxapex\n|-resisted|p2a: Toxapex\n|-damage|p2a: Toxapex|86\/100\n|\n|-heal|p1a: Salazzle|41\/100|[from] item: Black Sludge\n|-heal|p2a: Toxapex|92\/100|[from] item: Leftovers\n|upkeep\n|turn|10\n|\n|t:|1700277395\n|move|p1a: Salazzle|Protect|p1a: Salazzle\n|-singleturn|p1a: Salazzle|Protect\n|move|p2a: Toxapex|Surf|p1a: Salazzle\n|-activate|p1a: Salazzle|move: Protect\n|\n|-heal|p1a: Salazzle|47\/100|[from] item: Black Sludge\n|-heal|p2a: Toxapex|99\/100|[from] item: Leftovers\n|upkeep\n|turn|11\n|\n|t:|1700277400\n|switch|p1a: Hatterene|Hatterene, F|100\/100\n|switch|p2a: Dragapult|Dragapult, M|100\/100\n|\n|upkeep\n|turn|12\n|\n|t:|1700277405\n|move|p2a: Dragapult|Shadow Ball|p1a: Hatterene\n|-supereffective|p1a: Hatterene\n|-damage|p1a: Hatterene|15\/100\n|move|p1a: Hatterene|Dazzling Gleam|p2a: Dragapult\n|-supereffective|p2a: Dragapult\n|-damage|p2a: Dragapult|0 fnt\n|faint|p2a: Dragapult\n|\n|upkeep\n|\n|t:|1700277418\n|switch|p2a: Zapdos|Zapdos|100\/100\n|turn|13\n|\n|t:|1700277423\n|switch|p1a: Thundurus|Thundurus-Therian, M|100\/100\n|move|p2a: Zapdos|Heat Wave|p1a: Thundurus|[miss]\n|-miss|p2a: Zapdos|p1a: Thundurus\n|\n|upkeep\n|turn|14\n|\n|t:|1700277434\n|switch|p2a: Ting-Lu|Ting-Lu|100\/100\n|-ability|p2a: Ting-Lu|Vessel of Ruin\n|move|p1a: Thundurus|Thunderbolt|p2a: Ting-Lu\n|-immune|p2a: Ting-Lu\n|\n|upkeep\n|turn|15\n|\n|t:|1700277448\n|switch|p1a: Hatterene|Hatterene, F|15\/100\n|move|p2a: Ting-Lu|Stealth Rock|p1a: Hatterene\n|move|p1a: Hatterene|Stealth Rock|p2a: Ting-Lu|[from]ability: Magic Bounce\n|-sidestart|p2: Project-LOL|move: Stealth Rock\n|\n|upkeep\n|turn|16\n|\n|t:|1700277451\n|move|p2a: Ting-Lu|Earthquake|p1a: Hatterene\n|-damage|p1a: Hatterene|0 fnt\n|faint|p1a: Hatterene\n|\n|upkeep\n|\n|t:|1700277467\n|switch|p1a: Salazzle|Salazzle, F|47\/100\n|turn|17\n|\n|t:|1700277471\n|move|p1a: Salazzle|Toxic|p2a: Ting-Lu\n|-status|p2a: Ting-Lu|tox\n|move|p2a: Ting-Lu|Earthquake|p1a: Salazzle\n|-supereffective|p1a: Salazzle\n|-damage|p1a: Salazzle|0 fnt\n|faint|p1a: Salazzle\n|\n|-damage|p2a: Ting-Lu|94\/100 tox|[from] psn\n|upkeep\n|\n|t:|1700277479\n|switch|p1a: Jirachi|Jirachi|100\/100\n|turn|18\n|\n|t:|1700277483\n|switch|p2a: Cinderace|Cinderace, M|59\/100 tox\n|move|p1a: Jirachi|Iron Head|p2a: Cinderace\n|-resisted|p2a: Cinderace\n|-damage|p2a: Cinderace|30\/100 tox\n|\n|-damage|p2a: Cinderace|24\/100 tox|[from] psn\n|upkeep\n|turn|19\n|\n|t:|1700277487\n|move|p1a: Jirachi|Iron Head|p2a: Cinderace\n|-resisted|p2a: Cinderace\n|-damage|p2a: Cinderace|0 fnt\n|faint|p2a: Cinderace\n|\n|upkeep\n|\n|t:|1700277493\n|switch|p2a: Zapdos|Zapdos|100\/100\n|turn|20\n|\n|t:|1700277497\n|switch|p1a: Thundurus|Thundurus-Therian, M|100\/100\n|move|p2a: Zapdos|Heat Wave|p1a: Thundurus|[miss]\n|-miss|p2a: Zapdos|p1a: Thundurus\n|\n|upkeep\n|turn|21\n|\n|t:|1700277502\n|move|p1a: Thundurus|Thunderbolt|p2a: Zapdos\n|-crit|p2a: Zapdos\n|-damage|p2a: Zapdos|29\/100\n|move|p2a: Zapdos|Heat Wave|p1a: Thundurus\n|-damage|p1a: Thundurus|75\/100\n|-status|p1a: Thundurus|brn\n|\n|-damage|p1a: Thundurus|69\/100 brn|[from] brn\n|upkeep\n|turn|22\n|\n|t:|1700277509\n|switch|p2a: Ting-Lu|Ting-Lu|94\/100 tox\n|-damage|p2a: Ting-Lu|88\/100 tox|[from] Stealth Rock\n|-ability|p2a: Ting-Lu|Vessel of Ruin\n|move|p1a: Thundurus|Thunderbolt|p2a: Ting-Lu\n|-immune|p2a: Ting-Lu\n|\n|-heal|p2a: Ting-Lu|94\/100 tox|[from] item: Leftovers\n|-damage|p2a: Ting-Lu|88\/100 tox|[from] psn\n|-damage|p1a: Thundurus|63\/100 brn|[from] brn\n|upkeep\n|turn|23\n|\n|t:|1700277518\n|move|p1a: Thundurus|Grass Knot|p2a: Ting-Lu\n|-supereffective|p2a: Ting-Lu\n|-damage|p2a: Ting-Lu|51\/100 tox\n|move|p2a: Ting-Lu|Stealth Rock|p1a: Thundurus\n|-sidestart|p1: Gutoso|move: Stealth Rock\n|\n|-heal|p2a: Ting-Lu|57\/100 tox|[from] item: Leftovers\n|-damage|p2a: Ting-Lu|44\/100 tox|[from] psn\n|-damage|p1a: Thundurus|57\/100 brn|[from] brn\n|upkeep\n|turn|24\n|\n|t:|1700277527\n|move|p1a: Thundurus|Grass Knot|p2a: Ting-Lu\n|-supereffective|p2a: Ting-Lu\n|-damage|p2a: Ting-Lu|6\/100 tox\n|move|p2a: Ting-Lu|Rest|p2a: Ting-Lu\n|-status|p2a: Ting-Lu|slp|[from] move: Rest\n|-heal|p2a: Ting-Lu|100\/100 slp|[silent]\n|\n|-damage|p1a: Thundurus|51\/100 brn|[from] brn\n|upkeep\n|turn|25\n|\n|t:|1700277540\n|switch|p1a: Dragonite|Dragonite, F|100\/100\n|cant|p2a: Ting-Lu|slp\n|\n|upkeep\n|turn|26\n|\n|t:|1700277548\n|switch|p2a: Toxapex|Toxapex, F|100\/100\n|-damage|p2a: Toxapex|88\/100|[from] Stealth Rock\n|move|p1a: Dragonite|Dragon Dance|p1a: Dragonite\n|-boost|p1a: Dragonite|atk|1\n|-boost|p1a: Dragonite|spe|1\n|\n|-heal|p2a: Toxapex|94\/100|[from] item: Leftovers\n|upkeep\n|turn|27\n|\n|t:|1700277553\n|move|p1a: Dragonite|Earthquake|p2a: Toxapex\n|-supereffective|p2a: Toxapex\n|-damage|p2a: Toxapex|25\/100\n|move|p2a: Toxapex|Toxic|p1a: Dragonite\n|-status|p1a: Dragonite|tox\n|\n|-heal|p2a: Toxapex|31\/100|[from] item: Leftovers\n|-damage|p1a: Dragonite|94\/100 tox|[from] psn\n|upkeep\n|turn|28\n|\n|t:|1700277559\n|switch|p2a: Zapdos|Zapdos|29\/100\n|move|p1a: Dragonite|Dragon Dance|p1a: Dragonite\n|-boost|p1a: Dragonite|atk|1\n|-boost|p1a: Dragonite|spe|1\n|\n|-damage|p1a: Dragonite|82\/100 tox|[from] psn\n|upkeep\n|turn|29\n|\n|t:|1700277564\n|move|p1a: Dragonite|Dragon Claw|p2a: Zapdos\n|-damage|p2a: Zapdos|0 fnt\n|faint|p2a: Zapdos\n|\n|-damage|p1a: Dragonite|64\/100 tox|[from] psn\n|upkeep\n|\n|t:|1700277572\n|switch|p2a: Toxapex|Toxapex, F|65\/100\n|-damage|p2a: Toxapex|52\/100|[from] Stealth Rock\n|turn|30\n|\n|t:|1700277574\n|move|p1a: Dragonite|Earthquake|p2a: Toxapex\n|-supereffective|p2a: Toxapex\n|-damage|p2a: Toxapex|0 fnt\n|faint|p2a: Toxapex\n|\n|-damage|p1a: Dragonite|40\/100 tox|[from] psn\n|upkeep\n|\n|t:|1700277577\n|switch|p2a: Ting-Lu|Ting-Lu|100\/100 slp\n|-damage|p2a: Ting-Lu|94\/100 slp|[from] Stealth Rock\n|-ability|p2a: Ting-Lu|Vessel of Ruin\n|turn|31\n|\n|t:|1700277582\n|move|p1a: Dragonite|Dragon Claw|p2a: Ting-Lu\n|-damage|p2a: Ting-Lu|46\/100 slp\n|cant|p2a: Ting-Lu|slp\n|\n|-heal|p2a: Ting-Lu|52\/100 slp|[from] item: Leftovers\n|-damage|p1a: Dragonite|10\/100 tox|[from] psn\n|upkeep\n|turn|32\n|\n|t:|1700277586\n|move|p1a: Dragonite|Dragon Claw|p2a: Ting-Lu\n|-damage|p2a: Ting-Lu|0 fnt\n|faint|p2a: Ting-Lu\n|\n|-damage|p1a: Dragonite|0 fnt|[from] psn\n|faint|p1a: Dragonite\n|upkeep\n|\n|t:|1700277589\n|switch|p1a: Jirachi|Jirachi|100\/100\n|switch|p2a: Kingambit|Kingambit, M|100\/100\n|-damage|p1a: Jirachi|94\/100|[from] Stealth Rock\n|-damage|p2a: Kingambit|94\/100|[from] Stealth Rock\n|-activate|p2a: Kingambit|ability: Supreme Overlord\n|-start|p2a: Kingambit|fallen5|[silent]\n|turn|33\n|\n|t:|1700277599\n|-terastallize|p1a: Jirachi|Steel\n|-terastallize|p2a: Kingambit|Fairy\n|move|p1a: Jirachi|Trick|p2a: Kingambit\n|-activate|p1a: Jirachi|move: Trick|[of] p2a: Kingambit\n|-item|p2a: Kingambit|Choice Scarf|[from] move: Trick\n|-item|p1a: Jirachi|Leftovers|[from] move: Trick\n|move|p2a: Kingambit|Kowtow Cleave|p1a: Jirachi\n|-damage|p1a: Jirachi|24\/100\n|\n|-heal|p1a: Jirachi|30\/100|[from] item: Leftovers\n|upkeep\n|turn|34\n|\n|t:|1700277609\n|move|p1a: Jirachi|Iron Head|p2a: Kingambit\n|-supereffective|p2a: Kingambit\n|-damage|p2a: Kingambit|18\/100\n|cant|p2a: Kingambit|flinch\n|\n|-heal|p1a: Jirachi|36\/100|[from] item: Leftovers\n|upkeep\n|turn|35\n|\n|t:|1700277613\n|move|p1a: Jirachi|Iron Head|p2a: Kingambit\n|-supereffective|p2a: Kingambit\n|-damage|p2a: Kingambit|0 fnt\n|faint|p2a: Kingambit\n|-end|p2a: Kingambit|fallen5|[silent]\n|\n|win|Gutoso\n|raw|Gutoso's rating: 1450 &rarr; <strong>1467<\/strong><br \/>(+17 for winning)\n|raw|Project-LOL's rating: 1399 &rarr; <strong>1382<\/strong><br \/>(-17 for losing)\n|l|\u2606Project-LOL\n","uploadtime":1700277618,"views":12,"p1id":"gutoso","p2id":"projectlol","formatid":"gen9ou","rating":1382,"private":0,"password":""}