{"id":"gen9ou-1997716330","p1":"VikontAlu","p2":"Jovem_Buda","format":"[Gen 9] OU","log":"|j|\u2606VikontAlu\n|j|\u2606Jovem_Buda\n|t:|1700845037\n|gametype|singles\n|player|p1|VikontAlu|2|1115\n|player|p2|Jovem_Buda|sage|1157\n|teamsize|p1|6\n|teamsize|p2|6\n|gen|9\n|tier|[Gen 9] OU\n|rated|\n|rule|Sleep Clause Mod: Limit one foe put to sleep\n|rule|Species Clause: Limit one of each Pok\u00e9mon\n|rule|OHKO Clause: OHKO moves are banned\n|rule|Evasion Items Clause: Evasion items are banned\n|rule|Evasion Moves Clause: Evasion moves are banned\n|rule|Endless Battle Clause: Forcing endless battles is banned\n|rule|HP Percentage Mod: HP is shown in percentages\n|clearpoke\n|poke|p1|Garganacl, F|\n|poke|p1|Great Tusk|\n|poke|p1|Gholdengo|\n|poke|p1|Iron Valiant|\n|poke|p1|Dragonite, M|\n|poke|p1|Zapdos|\n|poke|p2|Wo-Chien|\n|poke|p2|Corviknight, M|\n|poke|p2|Iron Moth|\n|poke|p2|Quagsire, M|\n|poke|p2|Alomomola, M|\n|poke|p2|Probopass, F|\n|teampreview\n|\n|t:|1700845049\n|start\n|switch|p1a: HE IS HIM|Garganacl, F|100\/100\n|switch|p2a: Wo-Chien|Wo-Chien|100\/100\n|-ability|p2a: Wo-Chien|Tablets of Ruin\n|turn|1\n|inactive|Battle timer is ON: inactive players will automatically lose when time's up. (requested by Jovem_Buda)\n|\n|t:|1700845087\n|switch|p2a: Jeny|Alomomola, M, shiny|100\/100\n|switch|p1a: Zapppiii!!|Zapdos|100\/100\n|\n|upkeep\n|turn|2\n|\n|t:|1700845099\n|-terastallize|p2a: Jeny|Normal\n|move|p1a: Zapppiii!!|Discharge|p2a: Jeny\n|-damage|p2a: Jeny|62\/100\n|move|p2a: Jeny|Flip Turn|p1a: Zapppiii!!\n|-damage|p1a: Zapppiii!!|83\/100\n|\n|t:|1700845113\n|switch|p2a: Probopass|Probopass, F|100\/100|[from] Flip Turn\n|\n|upkeep\n|turn|3\n|\n|t:|1700845128\n|switch|p1a: Great Tusk|Great Tusk|100\/100\n|move|p2a: Probopass|Power Gem|p1a: Great Tusk\n|-resisted|p1a: Great Tusk\n|-damage|p1a: Great Tusk|91\/100\n|\n|upkeep\n|turn|4\n|\n|t:|1700845137\n|move|p1a: Great Tusk|Headlong Rush|p2a: Probopass\n|-supereffective|p2a: Probopass\n|-ability|p2a: Probopass|Sturdy\n|-damage|p2a: Probopass|1\/100\n|-unboost|p1a: Great Tusk|def|1\n|-unboost|p1a: Great Tusk|spd|1\n|move|p2a: Probopass|Taunt|p1a: Great Tusk\n|-start|p1a: Great Tusk|move: Taunt\n|\n|-heal|p2a: Probopass|7\/100|[from] item: Leftovers\n|upkeep\n|turn|5\n|\n|t:|1700845144\n|switch|p2a: Corviknight|Corviknight, M|100\/100\n|-ability|p2a: Corviknight|Pressure\n|move|p1a: Great Tusk|Headlong Rush|p2a: Corviknight\n|-immune|p2a: Corviknight\n|\n|upkeep\n|turn|6\n|\n|t:|1700845153\n|-end|p1a: Great Tusk|Protosynthesis|[silent]\n|switch|p1a: Zapppiii!!|Zapdos|83\/100\n|move|p2a: Corviknight|Brave Bird|p1a: Zapppiii!!\n|-resisted|p1a: Zapppiii!!\n|-crit|p1a: Zapppiii!!\n|-damage|p1a: Zapppiii!!|56\/100\n|-damage|p2a: Corviknight|92\/100|[from] Recoil\n|\n|upkeep\n|turn|7\n|\n|t:|1700845167\n|switch|p2a: Jeny|Alomomola, M, shiny, tera:Normal|95\/100\n|move|p1a: Zapppiii!!|Discharge|p2a: Jeny\n|-damage|p2a: Jeny|57\/100\n|\n|upkeep\n|turn|8\n|\n|t:|1700845177\n|move|p1a: Zapppiii!!|Roost|p1a: Zapppiii!!\n|-heal|p1a: Zapppiii!!|100\/100\n|-singleturn|p1a: Zapppiii!!|move: Roost\n|move|p2a: Jeny|Wish|p2a: Jeny\n|\n|upkeep\n|turn|9\n|\n|t:|1700845187\n|move|p1a: Zapppiii!!|Discharge|p2a: Jeny\n|-damage|p2a: Jeny|15\/100\n|-status|p2a: Jeny|par\n|move|p2a: Jeny|Flip Turn|p1a: Zapppiii!!\n|-damage|p1a: Zapppiii!!|84\/100\n|\n|t:|1700845195\n|switch|p2a: Probopass|Probopass, F|7\/100|[from] Flip Turn\n|\n|-heal|p2a: Probopass|89\/100|[from] move: Wish|[wisher] Jeny\n|-heal|p2a: Probopass|96\/100|[from] item: Leftovers\n|upkeep\n|turn|10\n|\n|t:|1700845202\n|switch|p1a: Great Tusk|Great Tusk|91\/100\n|move|p2a: Probopass|Power Gem|p1a: Great Tusk\n|-resisted|p1a: Great Tusk\n|-damage|p1a: Great Tusk|83\/100\n|\n|-heal|p2a: Probopass|100\/100|[from] item: Leftovers\n|upkeep\n|turn|11\n|\n|t:|1700845213\n|move|p1a: Great Tusk|Headlong Rush|p2a: Probopass\n|-supereffective|p2a: Probopass\n|-ability|p2a: Probopass|Sturdy\n|-damage|p2a: Probopass|1\/100\n|-unboost|p1a: Great Tusk|def|1\n|-unboost|p1a: Great Tusk|spd|1\n|move|p2a: Probopass|Stealth Rock|p1a: Great Tusk\n|-sidestart|p1: VikontAlu|move: Stealth Rock\n|\n|-heal|p2a: Probopass|7\/100|[from] item: Leftovers\n|upkeep\n|turn|12\n|\n|t:|1700845225\n|switch|p2a: Corviknight|Corviknight, M|92\/100\n|-ability|p2a: Corviknight|Pressure\n|move|p1a: Great Tusk|Knock Off|p2a: Corviknight\n|-damage|p2a: Corviknight|73\/100\n|-damage|p1a: Great Tusk|67\/100|[from] item: Rocky Helmet|[of] p2a: Corviknight\n|-enditem|p2a: Corviknight|Rocky Helmet|[from] move: Knock Off|[of] p1a: Great Tusk\n|\n|upkeep\n|turn|13\n|\n|t:|1700845235\n|-end|p1a: Great Tusk|Protosynthesis|[silent]\n|switch|p1a: Zapppiii!!|Zapdos|84\/100\n|move|p2a: Corviknight|Brave Bird|p1a: Zapppiii!!\n|-resisted|p1a: Zapppiii!!\n|-damage|p1a: Zapppiii!!|65\/100\n|-status|p2a: Corviknight|par|[from] ability: Static|[of] p1a: Zapppiii!!\n|-damage|p2a: Corviknight|67\/100 par|[from] Recoil\n|\n|upkeep\n|turn|14\n|\n|t:|1700845243\n|move|p1a: Zapppiii!!|Discharge|p2a: Corviknight\n|-supereffective|p2a: Corviknight\n|-damage|p2a: Corviknight|7\/100 par\n|move|p2a: Corviknight|Roost|p2a: Corviknight\n|-heal|p2a: Corviknight|57\/100 par\n|-singleturn|p2a: Corviknight|move: Roost\n|\n|upkeep\n|turn|15\n|l|\u2606VikontAlu\n|inactive|VikontAlu disconnected and has a minute to reconnect!\n|player|p1|\n|j|\u2606VikontAlu\n|inactive|VikontAlu reconnected and has 140 seconds left.\n|player|p1|VikontAlu|2\n|\n|t:|1700845254\n|switch|p2a: Quagsire|Quagsire, M|100\/100\n|move|p1a: Zapppiii!!|Discharge|p2a: Quagsire\n|-immune|p2a: Quagsire\n|\n|upkeep\n|turn|16\n|\n|t:|1700845271\n|switch|p1a: HE IS HIM|Garganacl, F|100\/100\n|-damage|p1a: HE IS HIM|88\/100|[from] Stealth Rock\n|move|p2a: Quagsire|Earthquake|p1a: HE IS HIM\n|-supereffective|p1a: HE IS HIM\n|-damage|p1a: HE IS HIM|52\/100\n|\n|-heal|p1a: HE IS HIM|59\/100|[from] item: Leftovers\n|upkeep\n|turn|17\n|inactive|Jovem_Buda has 120 seconds left.\n|\n|t:|1700845309\n|switch|p2a: Jeny|Alomomola, M, shiny, tera:Normal|49\/100 par\n|-terastallize|p1a: HE IS HIM|Water\n|move|p1a: HE IS HIM|Recover|p1a: HE IS HIM\n|-heal|p1a: HE IS HIM|100\/100\n|\n|upkeep\n|turn|18\n|\n|t:|1700845317\n|move|p1a: HE IS HIM|Salt Cure|p2a: Jeny\n|-damage|p2a: Jeny|41\/100 par\n|-start|p2a: Jeny|Salt Cure\n|cant|p2a: Jeny|par\n|\n|-damage|p2a: Jeny|29\/100 par|[from] Salt Cure\n|upkeep\n|turn|19\n|\n|t:|1700845329\n|move|p2a: Jeny|Protect|p2a: Jeny\n|-singleturn|p2a: Jeny|Protect\n|move|p1a: HE IS HIM|Curse|p1a: HE IS HIM\n|-unboost|p1a: HE IS HIM|spe|1\n|-boost|p1a: HE IS HIM|atk|1\n|-boost|p1a: HE IS HIM|def|1\n|\n|-damage|p2a: Jeny|17\/100 par|[from] Salt Cure\n|upkeep\n|turn|20\n|\n|t:|1700845341\n|move|p1a: HE IS HIM|Salt Cure|p2a: Jeny\n|-crit|p2a: Jeny\n|-damage|p2a: Jeny|0 fnt\n|faint|p2a: Jeny\n|\n|upkeep\n|c|\u2606Jovem_Buda|where is my wish?\n|inactive|Jovem_Buda has 120 seconds left.\n|\n|t:|1700845355\n|switch|p2a: Iron Moth|Iron Moth|100\/100\n|turn|21\n|c|\u2606VikontAlu|You use protect buddy\n|\n|t:|1700845371\n|move|p2a: Iron Moth|Energy Ball|p1a: HE IS HIM\n|-supereffective|p1a: HE IS HIM\n|-damage|p1a: HE IS HIM|16\/100\n|move|p1a: HE IS HIM|Salt Cure|p2a: Iron Moth\n|-supereffective|p2a: Iron Moth\n|-damage|p2a: Iron Moth|28\/100\n|-start|p2a: Iron Moth|Salt Cure\n|\n|-heal|p1a: HE IS HIM|22\/100|[from] item: Leftovers\n|-damage|p2a: Iron Moth|16\/100|[from] Salt Cure\n|upkeep\n|turn|22\n|\n|t:|1700845382\n|-end|p2a: Iron Moth|Quark Drive|[silent]\n|switch|p2a: Probopass|Probopass, F|7\/100\n|switch|p1a: Zapppiii!!|Zapdos|65\/100\n|\n|-heal|p2a: Probopass|13\/100|[from] item: Leftovers\n|upkeep\n|turn|23\n|\n|t:|1700845393\n|move|p1a: Zapppiii!!|Heat Wave|p2a: Probopass\n|-damage|p2a: Probopass|0 fnt\n|faint|p2a: Probopass\n|\n|upkeep\n|\n|t:|1700845397\n|switch|p2a: Iron Moth|Iron Moth|16\/100\n|turn|24\n|\n|t:|1700845419\n|move|p2a: Iron Moth|Fiery Dance|p1a: Zapppiii!!\n|-damage|p1a: Zapppiii!!|20\/100\n|move|p1a: Zapppiii!!|Discharge|p2a: Iron Moth\n|-damage|p2a: Iron Moth|0 fnt\n|faint|p2a: Iron Moth\n|-end|p2a: Iron Moth|Quark Drive|[silent]\n|\n|upkeep\n|\n|t:|1700845429\n|switch|p2a: Quagsire|Quagsire, M|100\/100\n|turn|25\n|\n|t:|1700845436\n|move|p1a: Zapppiii!!|Roost|p1a: Zapppiii!!\n|-heal|p1a: Zapppiii!!|70\/100\n|-singleturn|p1a: Zapppiii!!|move: Roost\n|move|p2a: Quagsire|Toxic|p1a: Zapppiii!!\n|-status|p1a: Zapppiii!!|tox\n|\n|-damage|p1a: Zapppiii!!|64\/100 tox|[from] psn\n|upkeep\n|turn|26\n|\n|t:|1700845454\n|switch|p1a: Dragonite|Dragonite, M|100\/100\n|move|p2a: Quagsire|Earthquake|p1a: Dragonite\n|-immune|p1a: Dragonite\n|\n|upkeep\n|turn|27\n|\n|t:|1700845458\n|move|p1a: Dragonite|Dragon Dance|p1a: Dragonite\n|-boost|p1a: Dragonite|atk|1\n|-boost|p1a: Dragonite|spe|1\n|move|p2a: Quagsire|Toxic|p1a: Dragonite\n|-status|p1a: Dragonite|tox\n|\n|-damage|p1a: Dragonite|94\/100 tox|[from] psn\n|upkeep\n|turn|28\n|\n|t:|1700845474\n|move|p1a: Dragonite|Earthquake|p2a: Quagsire\n|-crit|p2a: Quagsire\n|-damage|p2a: Quagsire|61\/100\n|move|p2a: Quagsire|Earthquake|p1a: Dragonite\n|-immune|p1a: Dragonite\n|\n|-heal|p2a: Quagsire|68\/100|[from] item: Leftovers\n|-damage|p1a: Dragonite|82\/100 tox|[from] psn\n|upkeep\n|turn|29\n|\n|t:|1700845479\n|move|p1a: Dragonite|Earthquake|p2a: Quagsire\n|-damage|p2a: Quagsire|39\/100\n|move|p2a: Quagsire|Recover|p2a: Quagsire\n|-heal|p2a: Quagsire|89\/100\n|\n|-heal|p2a: Quagsire|95\/100|[from] item: Leftovers\n|-damage|p1a: Dragonite|63\/100 tox|[from] psn\n|upkeep\n|turn|30\n|\n|t:|1700845485\n|move|p2a: Quagsire|Protect|p2a: Quagsire\n|-singleturn|p2a: Quagsire|Protect\n|move|p1a: Dragonite|Earthquake|p2a: Quagsire\n|-activate|p2a: Quagsire|move: Protect\n|\n|-heal|p2a: Quagsire|100\/100|[from] item: Leftovers\n|-damage|p1a: Dragonite|39\/100 tox|[from] psn\n|upkeep\n|turn|31\n|\n|t:|1700845493\n|move|p1a: Dragonite|Earthquake|p2a: Quagsire\n|-damage|p2a: Quagsire|71\/100\n|move|p2a: Quagsire|Recover|p2a: Quagsire\n|-heal|p2a: Quagsire|100\/100\n|\n|-damage|p1a: Dragonite|8\/100 tox|[from] psn\n|upkeep\n|turn|32\n|\n|t:|1700845499\n|switch|p1a: HE IS HIM|Garganacl, F, tera:Water|22\/100\n|-damage|p1a: HE IS HIM|10\/100|[from] Stealth Rock\n|move|p2a: Quagsire|Protect||[still]\n|-fail|p2a: Quagsire\n|\n|-heal|p1a: HE IS HIM|16\/100|[from] item: Leftovers\n|upkeep\n|turn|33\n|\n|t:|1700845504\n|move|p2a: Quagsire|Earthquake|p1a: HE IS HIM\n|-damage|p1a: HE IS HIM|0 fnt\n|faint|p1a: HE IS HIM\n|\n|upkeep\n|\n|t:|1700845514\n|switch|p1a: GOLDENGO|Gholdengo|100\/100\n|-damage|p1a: GOLDENGO|94\/100|[from] Stealth Rock\n|-item|p1a: GOLDENGO|Air Balloon\n|turn|34\n|\n|t:|1700845521\n|switch|p2a: Wo-Chien|Wo-Chien|100\/100\n|-ability|p2a: Wo-Chien|Tablets of Ruin\n|move|p1a: GOLDENGO|Nasty Plot|p1a: GOLDENGO\n|-boost|p1a: GOLDENGO|spa|2\n|\n|upkeep\n|turn|35\n|\n|t:|1700845536\n|switch|p1a: Great Tusk|Great Tusk|67\/100\n|move|p2a: Wo-Chien|Leech Seed|p1a: Great Tusk\n|-start|p1a: Great Tusk|move: Leech Seed\n|\n|-damage|p1a: Great Tusk|54\/100|[from] Leech Seed|[of] p2a: Wo-Chien\n|upkeep\n|turn|36\n|\n|t:|1700845548\n|move|p2a: Wo-Chien|Protect|p2a: Wo-Chien\n|-singleturn|p2a: Wo-Chien|Protect\n|move|p1a: Great Tusk|Ice Spinner|p2a: Wo-Chien\n|-activate|p2a: Wo-Chien|move: Protect\n|\n|-damage|p1a: Great Tusk|42\/100|[from] Leech Seed|[of] p2a: Wo-Chien\n|upkeep\n|turn|37\n|l|\u2606VikontAlu\n|inactive|VikontAlu disconnected and has a minute to reconnect!\n|player|p1|\n|\n|t:|1700845568\n|switch|p2a: Corviknight|Corviknight, M|57\/100 par\n|-ability|p2a: Corviknight|Pressure\n|move|p1a: Great Tusk|Ice Spinner|p2a: Corviknight\n|-damage|p2a: Corviknight|40\/100 par\n|\n|-damage|p1a: Great Tusk|30\/100|[from] Leech Seed|[of] p2a: Corviknight\n|-heal|p2a: Corviknight|52\/100 par|[silent]\n|upkeep\n|turn|38\n|j|\u2606VikontAlu\n|inactive|VikontAlu reconnected and has 145 seconds left.\n|player|p1|VikontAlu|2\n|\n|t:|1700845585\n|-end|p1a: Great Tusk|Protosynthesis|[silent]\n|switch|p1a: Zapppiii!!|Zapdos|64\/100 tox\n|move|p2a: Corviknight|Brave Bird|p1a: Zapppiii!!\n|-resisted|p1a: Zapppiii!!\n|-damage|p1a: Zapppiii!!|44\/100 tox\n|-damage|p2a: Corviknight|46\/100 par|[from] Recoil\n|\n|-damage|p1a: Zapppiii!!|38\/100 tox|[from] psn\n|upkeep\n|turn|39\n|\n|t:|1700845607\n|switch|p2a: Quagsire|Quagsire, M|100\/100\n|move|p1a: Zapppiii!!|Roost|p1a: Zapppiii!!\n|-heal|p1a: Zapppiii!!|88\/100 tox\n|-singleturn|p1a: Zapppiii!!|move: Roost\n|\n|-damage|p1a: Zapppiii!!|75\/100 tox|[from] psn\n|upkeep\n|turn|40\n|inactive|VikontAlu has 120 seconds left.\n|\n|t:|1700845648\n|move|p1a: Zapppiii!!|Hurricane|p2a: Quagsire|[miss]\n|-miss|p1a: Zapppiii!!|p2a: Quagsire\n|move|p2a: Quagsire|Earthquake|p1a: Zapppiii!!\n|-immune|p1a: Zapppiii!!\n|\n|-damage|p1a: Zapppiii!!|56\/100 tox|[from] psn\n|upkeep\n|turn|41\n|\n|t:|1700845656\n|move|p2a: Quagsire|Protect|p2a: Quagsire\n|-singleturn|p2a: Quagsire|Protect\n|move|p1a: Zapppiii!!|Hurricane|p2a: Quagsire\n|-activate|p2a: Quagsire|move: Protect\n|\n|-damage|p1a: Zapppiii!!|31\/100 tox|[from] psn\n|upkeep\n|turn|42\n|\n|t:|1700845663\n|move|p1a: Zapppiii!!|Roost|p1a: Zapppiii!!\n|-heal|p1a: Zapppiii!!|81\/100 tox\n|-singleturn|p1a: Zapppiii!!|move: Roost\n|move|p2a: Quagsire|Recover||[still]\n|-fail|p2a: Quagsire|heal\n|\n|-damage|p1a: Zapppiii!!|50\/100 tox|[from] psn\n|upkeep\n|turn|43\n|\n|t:|1700845667\n|move|p2a: Quagsire|Protect|p2a: Quagsire\n|-singleturn|p2a: Quagsire|Protect\n|move|p1a: Zapppiii!!|Roost|p1a: Zapppiii!!\n|-heal|p1a: Zapppiii!!|99\/100 tox\n|-singleturn|p1a: Zapppiii!!|move: Roost\n|\n|-damage|p1a: Zapppiii!!|63\/100 tox|[from] psn\n|upkeep\n|turn|44\n|\n|t:|1700845693\n|move|p2a: Quagsire|Protect||[still]\n|-fail|p2a: Quagsire\n|move|p1a: Zapppiii!!|Hurricane|p2a: Quagsire|[miss]\n|-miss|p1a: Zapppiii!!|p2a: Quagsire\n|\n|-damage|p1a: Zapppiii!!|19\/100 tox|[from] psn\n|upkeep\n|turn|45\n|\n|t:|1700845700\n|move|p1a: Zapppiii!!|Roost|p1a: Zapppiii!!\n|-heal|p1a: Zapppiii!!|69\/100 tox\n|-singleturn|p1a: Zapppiii!!|move: Roost\n|move|p2a: Quagsire|Earthquake|p1a: Zapppiii!!\n|-supereffective|p1a: Zapppiii!!\n|-damage|p1a: Zapppiii!!|8\/100 tox\n|\n|-damage|p1a: Zapppiii!!|0 fnt|[from] psn\n|faint|p1a: Zapppiii!!\n|upkeep\n|\n|t:|1700845719\n|switch|p1a: GOLDENGO|Gholdengo|94\/100\n|-damage|p1a: GOLDENGO|88\/100|[from] Stealth Rock\n|-item|p1a: GOLDENGO|Air Balloon\n|turn|46\n|\n|t:|1700845734\n|switch|p2a: Wo-Chien|Wo-Chien|100\/100\n|-ability|p2a: Wo-Chien|Tablets of Ruin\n|move|p1a: GOLDENGO|Make It Rain|p2a: Wo-Chien\n|-damage|p2a: Wo-Chien|71\/100\n|-unboost|p1a: GOLDENGO|spa|1\n|\n|-heal|p2a: Wo-Chien|77\/100|[from] item: Leftovers\n|upkeep\n|turn|47\n|\n|t:|1700845742\n|switch|p1a: Dragonite|Dragonite, M|8\/100 tox\n|move|p2a: Wo-Chien|Knock Off|p1a: Dragonite\n|-damage|p1a: Dragonite|0 fnt\n|-enditem|p1a: Dragonite|Heavy-Duty Boots|[from] move: Knock Off|[of] p2a: Wo-Chien\n|faint|p1a: Dragonite\n|\n|-heal|p2a: Wo-Chien|83\/100|[from] item: Leftovers\n|upkeep\n|\n|t:|1700845745\n|switch|p1a: Great Tusk|Great Tusk|30\/100\n|turn|48\n|\n|t:|1700845759\n|switch|p2a: Corviknight|Corviknight, M|46\/100 par\n|-ability|p2a: Corviknight|Pressure\n|move|p1a: Great Tusk|Ice Spinner|p2a: Corviknight\n|-damage|p2a: Corviknight|29\/100 par\n|\n|upkeep\n|turn|49\n|\n|t:|1700845768\n|-end|p1a: Great Tusk|Protosynthesis|[silent]\n|switch|p1a: Iron Valiant|Iron Valiant|100\/100\n|cant|p2a: Corviknight|par\n|\n|upkeep\n|turn|50\n|\n|t:|1700845773\n|switch|p2a: Quagsire|Quagsire, M|100\/100\n|move|p1a: Iron Valiant|Thunderbolt|p2a: Quagsire\n|-immune|p2a: Quagsire\n|\n|upkeep\n|turn|51\n|\n|t:|1700845781\n|move|p1a: Iron Valiant|Knock Off|p2a: Quagsire\n|-damage|p2a: Quagsire|80\/100\n|-enditem|p2a: Quagsire|Leftovers|[from] move: Knock Off|[of] p1a: Iron Valiant\n|move|p2a: Quagsire|Toxic|p1a: Iron Valiant|[miss]\n|-miss|p2a: Quagsire|p1a: Iron Valiant\n|\n|upkeep\n|turn|52\n|\n|t:|1700845789\n|move|p1a: Iron Valiant|Moonblast|p2a: Quagsire\n|-damage|p2a: Quagsire|27\/100\n|move|p2a: Quagsire|Toxic|p1a: Iron Valiant\n|-status|p1a: Iron Valiant|tox\n|\n|-damage|p1a: Iron Valiant|94\/100 tox|[from] psn\n|upkeep\n|turn|53\n|\n|t:|1700845794\n|move|p2a: Quagsire|Protect|p2a: Quagsire\n|-singleturn|p2a: Quagsire|Protect\n|move|p1a: Iron Valiant|Moonblast|p2a: Quagsire\n|-activate|p2a: Quagsire|move: Protect\n|\n|-damage|p1a: Iron Valiant|82\/100 tox|[from] psn\n|upkeep\n|turn|54\n|\n|t:|1700845816\n|switch|p2a: Corviknight|Corviknight, M|29\/100 par\n|-ability|p2a: Corviknight|Pressure\n|move|p1a: Iron Valiant|Moonblast|p2a: Corviknight\n|-resisted|p2a: Corviknight\n|-damage|p2a: Corviknight|8\/100 par\n|-unboost|p2a: Corviknight|spa|1\n|\n|-damage|p1a: Iron Valiant|63\/100 tox|[from] psn\n|upkeep\n|turn|55\n|\n|t:|1700845822\n|move|p1a: Iron Valiant|Thunderbolt|p2a: Corviknight\n|-supereffective|p2a: Corviknight\n|-damage|p2a: Corviknight|0 fnt\n|faint|p2a: Corviknight\n|\n|-damage|p1a: Iron Valiant|38\/100 tox|[from] psn\n|upkeep\n|\n|t:|1700845825\n|switch|p2a: Quagsire|Quagsire, M|27\/100\n|turn|56\n|\n|t:|1700845829\n|move|p2a: Quagsire|Protect|p2a: Quagsire\n|-singleturn|p2a: Quagsire|Protect\n|move|p1a: Iron Valiant|Moonblast|p2a: Quagsire\n|-activate|p2a: Quagsire|move: Protect\n|\n|-damage|p1a: Iron Valiant|7\/100 tox|[from] psn\n|upkeep\n|turn|57\n|\n|t:|1700845839\n|move|p1a: Iron Valiant|Moonblast|p2a: Quagsire\n|-damage|p2a: Quagsire|0 fnt\n|faint|p2a: Quagsire\n|\n|-damage|p1a: Iron Valiant|0 fnt|[from] psn\n|faint|p1a: Iron Valiant\n|-end|p1a: Iron Valiant|Quark Drive|[silent]\n|upkeep\n|\n|t:|1700845852\n|switch|p1a: Great Tusk|Great Tusk|30\/100\n|switch|p2a: Wo-Chien|Wo-Chien|83\/100\n|-ability|p2a: Wo-Chien|Tablets of Ruin\n|turn|58\n|\n|t:|1700845859\n|move|p1a: Great Tusk|Ice Spinner|p2a: Wo-Chien\n|-supereffective|p2a: Wo-Chien\n|-damage|p2a: Wo-Chien|46\/100\n|move|p2a: Wo-Chien|Leech Seed|p1a: Great Tusk\n|-start|p1a: Great Tusk|move: Leech Seed\n|\n|-heal|p2a: Wo-Chien|52\/100|[from] item: Leftovers\n|-damage|p1a: Great Tusk|17\/100|[from] Leech Seed|[of] p2a: Wo-Chien\n|-heal|p2a: Wo-Chien|64\/100|[silent]\n|upkeep\n|turn|59\n|\n|t:|1700845868\n|move|p2a: Wo-Chien|Protect|p2a: Wo-Chien\n|-singleturn|p2a: Wo-Chien|Protect\n|move|p1a: Great Tusk|Ice Spinner|p2a: Wo-Chien\n|-activate|p2a: Wo-Chien|move: Protect\n|\n|-heal|p2a: Wo-Chien|70\/100|[from] item: Leftovers\n|-damage|p1a: Great Tusk|5\/100|[from] Leech Seed|[of] p2a: Wo-Chien\n|-heal|p2a: Wo-Chien|83\/100|[silent]\n|upkeep\n|turn|60\n|\n|t:|1700845882\n|move|p1a: Great Tusk|Ice Spinner|p2a: Wo-Chien\n|-supereffective|p2a: Wo-Chien\n|-damage|p2a: Wo-Chien|46\/100\n|move|p2a: Wo-Chien|Knock Off|p1a: Great Tusk\n|-resisted|p1a: Great Tusk\n|-damage|p1a: Great Tusk|0 fnt\n|-enditem|p1a: Great Tusk|Heavy-Duty Boots|[from] move: Knock Off|[of] p2a: Wo-Chien\n|faint|p1a: Great Tusk\n|-end|p1a: Great Tusk|Protosynthesis|[silent]\n|\n|-heal|p2a: Wo-Chien|52\/100|[from] item: Leftovers\n|upkeep\n|\n|t:|1700845886\n|switch|p1a: GOLDENGO|Gholdengo|88\/100\n|-damage|p1a: GOLDENGO|82\/100|[from] Stealth Rock\n|-item|p1a: GOLDENGO|Air Balloon\n|turn|61\n|\n|t:|1700845894\n|move|p1a: GOLDENGO|Nasty Plot|p1a: GOLDENGO\n|-boost|p1a: GOLDENGO|spa|2\n|move|p2a: Wo-Chien|Knock Off|p1a: GOLDENGO\n|-supereffective|p1a: GOLDENGO\n|-damage|p1a: GOLDENGO|45\/100\n|-enditem|p1a: GOLDENGO|Air Balloon\n|\n|-heal|p2a: Wo-Chien|59\/100|[from] item: Leftovers\n|upkeep\n|turn|62\n|\n|t:|1700845906\n|move|p1a: GOLDENGO|Recover|p1a: GOLDENGO\n|-heal|p1a: GOLDENGO|95\/100\n|move|p2a: Wo-Chien|Leech Seed|p1a: GOLDENGO\n|-immune|p1a: GOLDENGO|[from] ability: Good as Gold\n|\n|-heal|p2a: Wo-Chien|65\/100|[from] item: Leftovers\n|upkeep\n|turn|63\n|c|\u2606Jovem_Buda|what.\n|c|\u2606VikontAlu|gg\n|\n|t:|1700845915\n|move|p1a: GOLDENGO|Nasty Plot|p1a: GOLDENGO\n|-boost|p1a: GOLDENGO|spa|2\n|move|p2a: Wo-Chien|Ruination|p1a: GOLDENGO|[miss]\n|-miss|p2a: Wo-Chien|p1a: GOLDENGO\n|\n|-heal|p2a: Wo-Chien|71\/100|[from] item: Leftovers\n|upkeep\n|turn|64\n|\n|t:|1700845925\n|move|p1a: GOLDENGO|Make It Rain|p2a: Wo-Chien\n|-crit|p2a: Wo-Chien\n|-damage|p2a: Wo-Chien|0 fnt\n|-unboost|p1a: GOLDENGO|spa|1\n|faint|p2a: Wo-Chien\n|\n|win|VikontAlu\n|raw|VikontAlu's rating: 1115 &rarr; <strong>1143<\/strong><br \/>(+28 for winning)\n|raw|Jovem_Buda's rating: 1157 &rarr; <strong>1129<\/strong><br \/>(-28 for losing)\n|c|\u2606Jovem_Buda|cringe\n|c|\u2606VikontAlu|You are cringe\n|c|\u2606Jovem_Buda|cringe.\n|l|\u2606Jovem_Buda\n|c|\u2606VikontAlu|Ana bac\u0131 girerdim\n|c|\u2606VikontAlu|Sana da\n","uploadtime":1700845948,"views":3,"p1id":"vikontalu","p2id":"jovembuda","formatid":"gen9ou","rating":1129,"private":0,"password":""}