{"id":"gen9ou-1994892552","p1":"Peratest","p2":"Gallade1313","format":"[Gen 9] OU","log":"|j|\u203dPeratest\n|j|\u2606Gallade1313\n|t:|1700502286\n|gametype|singles\n|player|p1|Peratest|linebacker|1580\n|player|p2|Gallade1313|benga|1548\n|teamsize|p1|6\n|teamsize|p2|6\n|gen|9\n|tier|[Gen 9] OU\n|rated|\n|rule|Sleep Clause Mod: Limit one foe put to sleep\n|rule|Species Clause: Limit one of each Pok\u00e9mon\n|rule|OHKO Clause: OHKO moves are banned\n|rule|Evasion Items Clause: Evasion items are banned\n|rule|Evasion Moves Clause: Evasion moves are banned\n|rule|Endless Battle Clause: Forcing endless battles is banned\n|rule|HP Percentage Mod: HP is shown in percentages\n|clearpoke\n|poke|p1|Ogerpon, F|\n|poke|p1|Cinderace, M|\n|poke|p1|Ursaluna, M|\n|poke|p1|Corviknight, M|\n|poke|p1|Clodsire, M|\n|poke|p1|Iron Valiant|\n|poke|p2|Pelipper, F|\n|poke|p2|Zapdos|\n|poke|p2|Ogerpon-Wellspring, F|\n|poke|p2|Empoleon, M|\n|poke|p2|Overqwil, F|\n|poke|p2|Scizor, M|\n|teampreview\n|j| Diegogris\n|inactive|Battle timer is ON: inactive players will automatically lose when time's up. (requested by Gallade1313)\n|\n|t:|1700502310\n|start\n|switch|p1a: Clodsire|Clodsire, M, shiny|100\/100\n|switch|p2a: Scizor|Scizor, M|100\/100\n|turn|1\n|\n|t:|1700502319\n|switch|p1a: Corviknight|Corviknight, M, shiny|100\/100\n|-ability|p1a: Corviknight|Pressure\n|move|p2a: Scizor|Knock Off|p1a: Corviknight\n|-damage|p1a: Corviknight|80\/100\n|-damage|p2a: Scizor|84\/100|[from] item: Rocky Helmet|[of] p1a: Corviknight\n|-enditem|p1a: Corviknight|Rocky Helmet|[from] move: Knock Off|[of] p2a: Scizor\n|\n|upkeep\n|turn|2\n|\n|t:|1700502329\n|move|p1a: Corviknight|U-turn|p2a: Scizor\n|-resisted|p2a: Scizor\n|-damage|p2a: Scizor|78\/100\n|\n|t:|1700502332\n|switch|p1a: Clodsire|Clodsire, M, shiny|100\/100|[from] U-turn\n|move|p2a: Scizor|U-turn|p1a: Clodsire\n|-resisted|p1a: Clodsire\n|-damage|p1a: Clodsire|80\/100\n|\n|t:|1700502342\n|switch|p2a: Pelipper|Pelipper, F|100\/100|[from] U-turn\n|-weather|RainDance|[from] ability: Drizzle|[of] p2a: Pelipper\n|\n|-weather|RainDance|[upkeep]\n|-heal|p1a: Clodsire|87\/100|[from] item: Leftovers\n|upkeep\n|turn|3\n|\n|t:|1700502350\n|move|p2a: Pelipper|Hurricane|p1a: Clodsire\n|-damage|p1a: Clodsire|66\/100\n|move|p1a: Clodsire|Stealth Rock|p2a: Pelipper\n|-sidestart|p2: Gallade1313|move: Stealth Rock\n|\n|-weather|RainDance|[upkeep]\n|-heal|p1a: Clodsire|72\/100|[from] item: Leftovers\n|upkeep\n|turn|4\n|\n|t:|1700502359\n|switch|p2a: Scizor|Scizor, M|78\/100\n|move|p1a: Clodsire|Recover|p1a: Clodsire\n|-heal|p1a: Clodsire|100\/100\n|\n|-weather|RainDance|[upkeep]\n|upkeep\n|turn|5\n|\n|t:|1700502369\n|move|p2a: Scizor|Defog|p1a: Clodsire\n|-unboost|p1a: Clodsire|evasion|1\n|-sideend|p2: Gallade1313|Stealth Rock|[from] move: Defog|[of] p2a: Scizor\n|move|p1a: Clodsire|Earthquake|p2a: Scizor\n|-damage|p2a: Scizor|53\/100\n|\n|-weather|RainDance|[upkeep]\n|upkeep\n|turn|6\n|\n|t:|1700502378\n|switch|p1a: Corviknight|Corviknight, M, shiny|80\/100\n|-ability|p1a: Corviknight|Pressure\n|move|p2a: Scizor|Knock Off|p1a: Corviknight\n|-damage|p1a: Corviknight|67\/100\n|\n|-weather|RainDance|[upkeep]\n|upkeep\n|turn|7\n|\n|t:|1700502387\n|move|p1a: Corviknight|Body Press|p2a: Scizor\n|-damage|p2a: Scizor|29\/100\n|move|p2a: Scizor|Knock Off|p1a: Corviknight\n|-damage|p1a: Corviknight|54\/100\n|\n|-weather|RainDance|[upkeep]\n|upkeep\n|turn|8\n|\n|t:|1700502395\n|move|p1a: Corviknight|Roost|p1a: Corviknight\n|-heal|p1a: Corviknight|100\/100\n|-singleturn|p1a: Corviknight|move: Roost\n|move|p2a: Scizor|U-turn|p1a: Corviknight\n|-resisted|p1a: Corviknight\n|-damage|p1a: Corviknight|89\/100\n|\n|t:|1700502397\n|switch|p2a: Overqwil|Overqwil, F|100\/100|[from] U-turn\n|\n|-weather|RainDance|[upkeep]\n|upkeep\n|turn|9\n|\n|t:|1700502421\n|move|p2a: Overqwil|Swords Dance|p2a: Overqwil\n|-boost|p2a: Overqwil|atk|2\n|move|p1a: Corviknight|Brave Bird|p2a: Overqwil\n|-damage|p2a: Overqwil|57\/100\n|-damage|p1a: Corviknight|78\/100|[from] Recoil\n|\n|-weather|none\n|upkeep\n|turn|10\n|\n|t:|1700502437\n|move|p2a: Overqwil|Crunch|p1a: Corviknight\n|-damage|p1a: Corviknight|15\/100\n|-unboost|p1a: Corviknight|def|1\n|-damage|p2a: Overqwil|47\/100|[from] item: Life Orb\n|move|p1a: Corviknight|U-turn|p2a: Overqwil\n|-damage|p2a: Overqwil|30\/100\n|inactive|Peratest has 120 seconds left.\n|\n|t:|1700502451\n|switch|p1a: Ogerpon|Ogerpon, F|100\/100|[from] U-turn\n|\n|upkeep\n|turn|11\n|\n|t:|1700502458\n|switch|p2a: Scizor|Scizor, M|29\/100\n|-terastallize|p1a: Ogerpon|Grass\n|detailschange|p1a: Ogerpon|Ogerpon-Teal-Tera, F, tera:Grass\n|-ability|p1a: Ogerpon|Embody Aspect (Teal)|boost\n|-boost|p1a: Ogerpon|spe|1\n|move|p1a: Ogerpon|Ivy Cudgel|p2a: Scizor\n|-resisted|p2a: Scizor\n|-damage|p2a: Scizor|13\/100\n|\n|upkeep\n|turn|12\n|\n|t:|1700502469\n|switch|p1a: Corviknight|Corviknight, M, shiny|15\/100\n|-ability|p1a: Corviknight|Pressure\n|move|p2a: Scizor|U-turn|p1a: Corviknight\n|-resisted|p1a: Corviknight\n|-damage|p1a: Corviknight|9\/100\n|\n|t:|1700502488\n|switch|p2a: Ogerpon|Ogerpon-Wellspring, F|100\/100|[from] U-turn\n|\n|upkeep\n|turn|13\n|\n|t:|1700502499\n|move|p2a: Ogerpon|Ivy Cudgel|p1a: Corviknight|[anim] Ivy Cudgel Water\n|-crit|p1a: Corviknight\n|-damage|p1a: Corviknight|0 fnt\n|faint|p1a: Corviknight\n|\n|upkeep\n|\n|t:|1700502506\n|switch|p1a: Ogerpon|Ogerpon-Teal-Tera, F, tera:Grass|100\/100\n|-ability|p1a: Ogerpon|Embody Aspect (Teal)|boost\n|-boost|p1a: Ogerpon|spe|1\n|turn|14\n|\n|t:|1700502515\n|switch|p2a: Overqwil|Overqwil, F|30\/100\n|move|p1a: Ogerpon|Ivy Cudgel|p2a: Overqwil\n|-resisted|p2a: Overqwil\n|-damage|p2a: Overqwil|0 fnt\n|faint|p2a: Overqwil\n|\n|upkeep\n|\n|t:|1700502520\n|switch|p2a: Pelipper|Pelipper, F|100\/100\n|-weather|RainDance|[from] ability: Drizzle|[of] p2a: Pelipper\n|turn|15\n|\n|t:|1700502527\n|move|p1a: Ogerpon|U-turn|p2a: Pelipper\n|-resisted|p2a: Pelipper\n|-damage|p2a: Pelipper|89\/100\n|\n|t:|1700502530\n|switch|p1a: Clodsire|Clodsire, M, shiny|100\/100|[from] U-turn\n|move|p2a: Pelipper|U-turn|p1a: Clodsire\n|-resisted|p1a: Clodsire\n|-damage|p1a: Clodsire|96\/100\n|\n|t:|1700502550\n|switch|p2a: Ogerpon|Ogerpon-Wellspring, F|100\/100|[from] U-turn\n|\n|-weather|RainDance|[upkeep]\n|-heal|p1a: Clodsire|100\/100|[from] item: Leftovers\n|upkeep\n|turn|16\n|\n|t:|1700502560\n|move|p2a: Ogerpon|Swords Dance|p2a: Ogerpon\n|-boost|p2a: Ogerpon|atk|2\n|move|p1a: Clodsire|Toxic|p2a: Ogerpon\n|-status|p2a: Ogerpon|tox\n|\n|-weather|RainDance|[upkeep]\n|-damage|p2a: Ogerpon|95\/100 tox|[from] psn\n|upkeep\n|turn|17\n|\n|t:|1700502569\n|move|p2a: Ogerpon|Horn Leech|p1a: Clodsire\n|-damage|p1a: Clodsire|4\/100\n|-heal|p2a: Ogerpon|100\/100 tox|[from] drain|[of] p1a: Clodsire\n|move|p1a: Clodsire|Stealth Rock|p2a: Ogerpon\n|-sidestart|p2: Gallade1313|move: Stealth Rock\n|\n|-weather|RainDance|[upkeep]\n|-heal|p1a: Clodsire|10\/100|[from] item: Leftovers\n|-damage|p2a: Ogerpon|89\/100 tox|[from] psn\n|upkeep\n|turn|18\n|\n|t:|1700502587\n|move|p2a: Ogerpon|Horn Leech|p1a: Clodsire\n|-damage|p1a: Clodsire|0 fnt\n|-heal|p2a: Ogerpon|96\/100 tox|[from] drain|[of] p1a: Clodsire\n|faint|p1a: Clodsire\n|\n|-weather|RainDance|[upkeep]\n|-damage|p2a: Ogerpon|78\/100 tox|[from] psn\n|upkeep\n|\n|t:|1700502596\n|switch|p1a: Ogerpon|Ogerpon-Teal-Tera, F, tera:Grass|100\/100\n|-ability|p1a: Ogerpon|Embody Aspect (Teal)|boost\n|-boost|p1a: Ogerpon|spe|1\n|turn|19\n|\n|t:|1700502608\n|switch|p2a: Zapdos|Zapdos|100\/100\n|move|p1a: Ogerpon|Ivy Cudgel|p2a: Zapdos\n|-resisted|p2a: Zapdos\n|-damage|p2a: Zapdos|54\/100\n|\n|-weather|RainDance|[upkeep]\n|upkeep\n|turn|20\n|\n|t:|1700502618\n|switch|p1a: Ursaluna|Ursaluna, M, shiny|100\/100\n|move|p2a: Zapdos|Hurricane|p1a: Ursaluna\n|-damage|p1a: Ursaluna|70\/100\n|\n|-weather|RainDance|[upkeep]\n|upkeep\n|turn|21\n|\n|t:|1700502628\n|move|p2a: Zapdos|Weather Ball|p1a: Ursaluna\n|-immune|p1a: Ursaluna|[from] ability: Bulletproof\n|move|p1a: Ursaluna|Body Slam|p2a: Zapdos\n|-damage|p2a: Zapdos|0 fnt\n|faint|p2a: Zapdos\n|\n|-weather|RainDance|[upkeep]\n|upkeep\n|\n|t:|1700502635\n|switch|p2a: Ogerpon|Ogerpon-Wellspring, F|78\/100 tox\n|-damage|p2a: Ogerpon|66\/100 tox|[from] Stealth Rock\n|turn|22\n|\n|t:|1700502658\n|move|p2a: Ogerpon|Ivy Cudgel|p1a: Ursaluna|[anim] Ivy Cudgel Water\n|-supereffective|p1a: Ursaluna\n|-damage|p1a: Ursaluna|0 fnt\n|faint|p1a: Ursaluna\n|\n|-weather|none\n|-damage|p2a: Ogerpon|60\/100 tox|[from] psn\n|upkeep\n|\n|t:|1700502666\n|switch|p1a: Ogerpon|Ogerpon-Teal-Tera, F, tera:Grass|100\/100\n|-ability|p1a: Ogerpon|Embody Aspect (Teal)|boost\n|-boost|p1a: Ogerpon|spe|1\n|turn|23\n|\n|t:|1700502676\n|switch|p2a: Pelipper|Pelipper, F|89\/100\n|-damage|p2a: Pelipper|64\/100|[from] Stealth Rock\n|-weather|RainDance|[from] ability: Drizzle|[of] p2a: Pelipper\n|move|p1a: Ogerpon|Ivy Cudgel|p2a: Pelipper\n|-damage|p2a: Pelipper|0 fnt\n|faint|p2a: Pelipper\n|\n|-weather|RainDance|[upkeep]\n|upkeep\n|\n|t:|1700502687\n|switch|p2a: Empoleon|Empoleon, M|100\/100\n|-damage|p2a: Empoleon|95\/100|[from] Stealth Rock\n|turn|24\n|\n|t:|1700502695\n|move|p1a: Ogerpon|Ivy Cudgel|p2a: Empoleon\n|-damage|p2a: Empoleon|10\/100\n|move|p2a: Empoleon|Flip Turn|p1a: Ogerpon\n|-resisted|p1a: Ogerpon\n|-damage|p1a: Ogerpon|84\/100\n|\n|t:|1700502697\n|switch|p2a: Scizor|Scizor, M|13\/100|[from] Flip Turn\n|\n|-weather|RainDance|[upkeep]\n|upkeep\n|turn|25\n|\n|t:|1700502707\n|switch|p1a: Cinderace|Cinderace, M, shiny|100\/100\n|-terastallize|p2a: Scizor|Steel\n|move|p2a: Scizor|Bullet Punch|p1a: Cinderace\n|-resisted|p1a: Cinderace\n|-damage|p1a: Cinderace|70\/100\n|\n|-weather|RainDance|[upkeep]\n|upkeep\n|turn|26\n|\n|t:|1700502721\n|switch|p2a: Empoleon|Empoleon, M|10\/100\n|-damage|p2a: Empoleon|4\/100|[from] Stealth Rock\n|move|p1a: Cinderace|Pyro Ball|p2a: Empoleon\n|-damage|p2a: Empoleon|0 fnt\n|faint|p2a: Empoleon\n|\n|-weather|RainDance|[upkeep]\n|upkeep\n|-message|Gallade1313 forfeited.\n|\n|win|Peratest\n|raw|Peratest's rating: 1580 &rarr; <strong>1598<\/strong><br \/>(+18 for winning)\n|raw|Gallade1313's rating: 1548 &rarr; <strong>1530<\/strong><br \/>(-18 for losing)\n|l|\u2606Gallade1313\n","uploadtime":1700502739,"views":16,"p1id":"peratest","p2id":"gallade1313","formatid":"gen9ou","rating":1530,"private":0,"password":""}