{"id":"gen9ou-1989961701","p1":"Wontonny","p2":"GeorgiaEternatuss","format":"[Gen 9] OU","log":"|j|\u2606Wontonny\n|j|\u2606GeorgiaEternatuss\n|t:|1699910494\n|gametype|singles\n|player|p1|Wontonny|169|1217\n|player|p2|GeorgiaEternatuss|steven|1316\n|teamsize|p1|6\n|teamsize|p2|6\n|gen|9\n|tier|[Gen 9] OU\n|rated|\n|rule|Sleep Clause Mod: Limit one foe put to sleep\n|rule|Species Clause: Limit one of each Pok\u00e9mon\n|rule|OHKO Clause: OHKO moves are banned\n|rule|Evasion Items Clause: Evasion items are banned\n|rule|Evasion Moves Clause: Evasion moves are banned\n|rule|Endless Battle Clause: Forcing endless battles is banned\n|rule|HP Percentage Mod: HP is shown in percentages\n|clearpoke\n|poke|p1|Ninetales-Alola, M|\n|poke|p1|Mamoswine, F|\n|poke|p1|Dragonite, F|\n|poke|p1|Manaphy|\n|poke|p1|Hatterene, F|\n|poke|p1|Kingambit, F|\n|poke|p2|Torterra, M|\n|poke|p2|Ribombee, M|\n|poke|p2|Gholdengo|\n|poke|p2|Iron Moth|\n|poke|p2|Great Tusk|\n|poke|p2|Walking Wake|\n|teampreview\n|\n|t:|1699910503\n|start\n|switch|p1a: Ninetales|Ninetales-Alola, M|100\/100\n|switch|p2a: Ribombee|Ribombee, M|100\/100\n|-weather|Snow|[from] ability: Snow Warning|[of] p1a: Ninetales\n|turn|1\n|\n|t:|1699910514\n|move|p2a: Ribombee|Moonblast|p1a: Ninetales\n|-damage|p1a: Ninetales|58\/100\n|-unboost|p1a: Ninetales|spa|1\n|move|p1a: Ninetales|Aurora Veil|p1a: Ninetales\n|-sidestart|p1: Wontonny|move: Aurora Veil\n|\n|-weather|Snow|[upkeep]\n|upkeep\n|turn|2\n|\n|t:|1699910531\n|switch|p1a: Hatterene|Hatterene, F|100\/100\n|move|p2a: Ribombee|Moonblast|p1a: Hatterene\n|-damage|p1a: Hatterene|78\/100\n|\n|-weather|Snow|[upkeep]\n|-heal|p1a: Hatterene|84\/100|[from] item: Leftovers\n|upkeep\n|turn|3\n|\n|t:|1699910543\n|switch|p2a: Gholdengo|Gholdengo|100\/100\n|-item|p2a: Gholdengo|Air Balloon\n|move|p1a: Hatterene|Calm Mind|p1a: Hatterene\n|-boost|p1a: Hatterene|spa|1\n|-boost|p1a: Hatterene|spd|1\n|\n|-weather|Snow|[upkeep]\n|-heal|p1a: Hatterene|90\/100|[from] item: Leftovers\n|upkeep\n|turn|4\n|\n|t:|1699910554\n|-terastallize|p1a: Hatterene|Steel\n|move|p2a: Gholdengo|Nasty Plot|p2a: Gholdengo\n|-boost|p2a: Gholdengo|spa|2\n|move|p1a: Hatterene|Mystical Fire|p2a: Gholdengo\n|-supereffective|p2a: Gholdengo\n|-damage|p2a: Gholdengo|41\/100\n|-unboost|p2a: Gholdengo|spa|1\n|-enditem|p2a: Gholdengo|Air Balloon\n|\n|-weather|Snow|[upkeep]\n|-heal|p1a: Hatterene|96\/100|[from] item: Leftovers\n|upkeep\n|turn|5\n|\n|t:|1699910576\n|-terastallize|p2a: Gholdengo|Fairy\n|move|p2a: Gholdengo|Shadow Ball|p1a: Hatterene\n|-damage|p1a: Hatterene|77\/100\n|move|p1a: Hatterene|Mystical Fire|p2a: Gholdengo\n|-damage|p2a: Gholdengo|8\/100\n|-unboost|p2a: Gholdengo|spa|1\n|\n|-weather|none\n|-heal|p1a: Hatterene|83\/100|[from] item: Leftovers\n|upkeep\n|turn|6\n|\n|t:|1699910588\n|move|p2a: Gholdengo|Recover|p2a: Gholdengo\n|-heal|p2a: Gholdengo|58\/100\n|move|p1a: Hatterene|Calm Mind|p1a: Hatterene\n|-boost|p1a: Hatterene|spa|1\n|-boost|p1a: Hatterene|spd|1\n|\n|-heal|p1a: Hatterene|89\/100|[from] item: Leftovers\n|upkeep\n|turn|7\n|\n|t:|1699910598\n|move|p2a: Gholdengo|Recover|p2a: Gholdengo\n|-heal|p2a: Gholdengo|100\/100\n|move|p1a: Hatterene|Calm Mind|p1a: Hatterene\n|-boost|p1a: Hatterene|spa|1\n|-boost|p1a: Hatterene|spd|1\n|\n|-heal|p1a: Hatterene|95\/100|[from] item: Leftovers\n|upkeep\n|turn|8\n|\n|t:|1699910606\n|move|p2a: Gholdengo|Nasty Plot|p2a: Gholdengo\n|-boost|p2a: Gholdengo|spa|2\n|move|p1a: Hatterene|Calm Mind|p1a: Hatterene\n|-boost|p1a: Hatterene|spa|1\n|-boost|p1a: Hatterene|spd|1\n|\n|-heal|p1a: Hatterene|100\/100|[from] item: Leftovers\n|-sideend|p1: Wontonny|move: Aurora Veil\n|upkeep\n|turn|9\n|\n|t:|1699910616\n|move|p2a: Gholdengo|Nasty Plot|p2a: Gholdengo\n|-boost|p2a: Gholdengo|spa|2\n|move|p1a: Hatterene|Draining Kiss|p2a: Gholdengo\n|-damage|p2a: Gholdengo|34\/100\n|\n|upkeep\n|turn|10\n|\n|t:|1699910623\n|move|p2a: Gholdengo|Recover|p2a: Gholdengo\n|-heal|p2a: Gholdengo|84\/100\n|move|p1a: Hatterene|Draining Kiss|p2a: Gholdengo\n|-damage|p2a: Gholdengo|19\/100\n|\n|upkeep\n|turn|11\n|\n|t:|1699910630\n|move|p2a: Gholdengo|Shadow Ball|p1a: Hatterene\n|-damage|p1a: Hatterene|63\/100\n|move|p1a: Hatterene|Draining Kiss|p2a: Gholdengo\n|-damage|p2a: Gholdengo|0 fnt\n|-heal|p1a: Hatterene|80\/100|[from] drain|[of] p2a: Gholdengo\n|faint|p2a: Gholdengo\n|\n|-heal|p1a: Hatterene|86\/100|[from] item: Leftovers\n|upkeep\n|\n|t:|1699910641\n|switch|p2a: Great Tusk|Great Tusk|100\/100\n|turn|12\n|\n|t:|1699910646\n|move|p2a: Great Tusk|Headlong Rush|p1a: Hatterene\n|-supereffective|p1a: Hatterene\n|-crit|p1a: Hatterene\n|-damage|p1a: Hatterene|0 fnt\n|-unboost|p2a: Great Tusk|def|1\n|-unboost|p2a: Great Tusk|spd|1\n|faint|p1a: Hatterene\n|\n|upkeep\n|\n|t:|1699910661\n|switch|p1a: Ninetales|Ninetales-Alola, M|58\/100\n|-weather|Snow|[from] ability: Snow Warning|[of] p1a: Ninetales\n|turn|13\n|\n|t:|1699910674\n|-end|p2a: Great Tusk|Protosynthesis|[silent]\n|switch|p2a: Iron Moth|Iron Moth|100\/100\n|-enditem|p2a: Iron Moth|Booster Energy\n|-activate|p2a: Iron Moth|ability: Quark Drive|[fromitem]\n|-start|p2a: Iron Moth|quarkdrivespa\n|move|p1a: Ninetales|Freeze-Dry|p2a: Iron Moth\n|-resisted|p2a: Iron Moth\n|-damage|p2a: Iron Moth|90\/100\n|\n|-weather|Snow|[upkeep]\n|upkeep\n|turn|14\n|\n|t:|1699910696\n|move|p2a: Iron Moth|Fiery Dance|p1a: Ninetales\n|-supereffective|p1a: Ninetales\n|-damage|p1a: Ninetales|0 fnt\n|-boost|p2a: Iron Moth|spa|1\n|faint|p1a: Ninetales\n|\n|-weather|Snow|[upkeep]\n|upkeep\n|\n|t:|1699910707\n|switch|p1a: Dragonite|Dragonite, F|100\/100\n|turn|15\n|\n|t:|1699910713\n|move|p2a: Iron Moth|Sludge Wave|p1a: Dragonite\n|-damage|p1a: Dragonite|50\/100\n|move|p1a: Dragonite|Earthquake|p2a: Iron Moth\n|-supereffective|p2a: Iron Moth\n|-damage|p2a: Iron Moth|0 fnt\n|faint|p2a: Iron Moth\n|-end|p2a: Iron Moth|Quark Drive|[silent]\n|\n|-weather|Snow|[upkeep]\n|upkeep\n|\n|t:|1699910727\n|switch|p2a: Ribombee|Ribombee, M|100\/100\n|turn|16\n|\n|t:|1699910738\n|switch|p1a: Mamoswine|Mamoswine, F|100\/100\n|move|p2a: Ribombee|Moonblast|p1a: Mamoswine\n|-damage|p1a: Mamoswine|70\/100\n|-unboost|p1a: Mamoswine|spa|1\n|\n|-weather|Snow|[upkeep]\n|upkeep\n|turn|17\n|\n|t:|1699910758\n|move|p2a: Ribombee|Energy Ball|p1a: Mamoswine\n|-supereffective|p1a: Mamoswine\n|-damage|p1a: Mamoswine|37\/100\n|move|p1a: Mamoswine|Trailblaze|p2a: Ribombee\n|-resisted|p2a: Ribombee\n|-damage|p2a: Ribombee|85\/100\n|-boost|p1a: Mamoswine|spe|1\n|\n|-weather|none\n|upkeep\n|turn|18\n|\n|t:|1699910769\n|move|p1a: Mamoswine|Ice Shard|p2a: Ribombee\n|-damage|p2a: Ribombee|51\/100\n|move|p2a: Ribombee|Sticky Web|p1a: Mamoswine\n|-sidestart|p1: Wontonny|move: Sticky Web\n|\n|upkeep\n|turn|19\n|\n|t:|1699910789\n|move|p2a: Ribombee|Moonblast|p1a: Mamoswine\n|-damage|p1a: Mamoswine|9\/100\n|move|p1a: Mamoswine|Icicle Crash|p2a: Ribombee\n|-damage|p2a: Ribombee|0 fnt\n|faint|p2a: Ribombee\n|\n|upkeep\n|\n|t:|1699910802\n|switch|p2a: Walking Wake|Walking Wake|100\/100\n|-enditem|p2a: Walking Wake|Booster Energy\n|-activate|p2a: Walking Wake|ability: Protosynthesis|[fromitem]\n|-start|p2a: Walking Wake|protosynthesisspa\n|turn|20\n|\n|t:|1699910817\n|move|p2a: Walking Wake|Scald|p1a: Mamoswine\n|-supereffective|p1a: Mamoswine\n|-damage|p1a: Mamoswine|0 fnt\n|faint|p1a: Mamoswine\n|\n|upkeep\n|\n|t:|1699910826\n|switch|p1a: Manaphy|Manaphy|100\/100\n|-activate|p1a: Manaphy|move: Sticky Web\n|-unboost|p1a: Manaphy|spe|1\n|turn|21\n|\n|t:|1699910834\n|move|p2a: Walking Wake|Dragon Pulse|p1a: Manaphy\n|-damage|p1a: Manaphy|41\/100\n|move|p1a: Manaphy|Tail Glow|p1a: Manaphy\n|-boost|p1a: Manaphy|spa|3\n|\n|-heal|p1a: Manaphy|47\/100|[from] item: Leftovers\n|upkeep\n|turn|22\n|\n|t:|1699910843\n|move|p2a: Walking Wake|Dragon Pulse|p1a: Manaphy\n|-damage|p1a: Manaphy|0 fnt\n|faint|p1a: Manaphy\n|\n|upkeep\n|\n|t:|1699910846\n|switch|p1a: Kingambit|Kingambit, F|100\/100\n|-activate|p1a: Kingambit|move: Sticky Web\n|-unboost|p1a: Kingambit|spe|1\n|-activate|p1a: Kingambit|ability: Supreme Overlord\n|-start|p1a: Kingambit|fallen4|[silent]\n|turn|23\n|\n|t:|1699910855\n|move|p2a: Walking Wake|Flamethrower|p1a: Kingambit\n|-supereffective|p1a: Kingambit\n|-damage|p1a: Kingambit|25\/100\n|move|p1a: Kingambit|Kowtow Cleave|p2a: Walking Wake\n|-damage|p2a: Walking Wake|23\/100\n|\n|-heal|p1a: Kingambit|31\/100|[from] item: Leftovers\n|upkeep\n|turn|24\n|\n|t:|1699910864\n|-end|p2a: Walking Wake|Protosynthesis|[silent]\n|switch|p2a: Great Tusk|Great Tusk|100\/100\n|move|p1a: Kingambit|Sucker Punch||[still]\n|-fail|p1a: Kingambit\n|\n|-heal|p1a: Kingambit|37\/100|[from] item: Leftovers\n|upkeep\n|turn|25\n|-message|Wontonny forfeited.\n|\n|win|GeorgiaEternatuss\n|raw|Wontonny's rating: 1217 &rarr; <strong>1199<\/strong><br \/>(-18 for losing)\n|raw|GeorgiaEternatuss's rating: 1316 &rarr; <strong>1330<\/strong><br \/>(+14 for winning)\n|l|\u2606Wontonny\n","uploadtime":1699910875,"views":12,"p1id":"wontonny","p2id":"georgiaeternatuss","formatid":"gen9ou","rating":1199,"private":0,"password":""}