{"id":"gen9ou-1995135185","p1":"Winterbub","p2":"Knight_Garland","format":"[Gen 9] OU","log":"|j|\u2606Winterbub\n|j|\u2606Knight_Garland\n|t:|1700526471\n|gametype|singles\n|player|p1|Winterbub|ballguy|1571\n|player|p2|Knight_Garland|266|1470\n|teamsize|p1|6\n|teamsize|p2|6\n|gen|9\n|tier|[Gen 9] OU\n|rated|\n|rule|Sleep Clause Mod: Limit one foe put to sleep\n|rule|Species Clause: Limit one of each Pok\u00e9mon\n|rule|OHKO Clause: OHKO moves are banned\n|rule|Evasion Items Clause: Evasion items are banned\n|rule|Evasion Moves Clause: Evasion moves are banned\n|rule|Endless Battle Clause: Forcing endless battles is banned\n|rule|HP Percentage Mod: HP is shown in percentages\n|clearpoke\n|poke|p1|Glimmora, F|\n|poke|p1|Greninja-*, M|\n|poke|p1|Iron Valiant|\n|poke|p1|Dragonite, F|\n|poke|p1|Kingambit, F|\n|poke|p1|Iron Moth|\n|poke|p2|Gholdengo|\n|poke|p2|Samurott-Hisui, M|\n|poke|p2|Glimmora, M|\n|poke|p2|Garganacl, M|\n|poke|p2|Great Tusk|\n|poke|p2|Dragonite, M|\n|teampreview\n|inactive|Battle timer is ON: inactive players will automatically lose when time's up. (requested by Knight_Garland)\n|\n|t:|1700526483\n|start\n|switch|p1a: Glimmora|Glimmora, F|100\/100\n|switch|p2a: Samurott|Samurott-Hisui, M|100\/100\n|turn|1\n|\n|t:|1700526488\n|move|p1a: Glimmora|Power Gem|p2a: Samurott\n|-damage|p2a: Samurott|34\/100\n|move|p2a: Samurott|Ceaseless Edge|p1a: Glimmora\n|-damage|p1a: Glimmora|46\/100\n|-activate|p1a: Glimmora|ability: Toxic Debris\n|-sidestart|p2: Knight_Garland|move: Toxic Spikes\n|-sidestart|p1: Winterbub|Spikes\n|\n|upkeep\n|turn|2\n|\n|t:|1700526497\n|switch|p2a: Glimmora|Glimmora, M|100\/100\n|-sideend|p2: Knight_Garland|move: Toxic Spikes|[of] p2a: Glimmora\n|move|p1a: Glimmora|Mortal Spin|p2a: Glimmora\n|-resisted|p2a: Glimmora\n|-damage|p2a: Glimmora|99\/100\n|-activate|p2a: Glimmora|ability: Toxic Debris\n|-sidestart|p1: Winterbub|move: Toxic Spikes\n|-sideend|p1: Winterbub|Spikes|[from] move: Mortal Spin|[of] p1a: Glimmora\n|-sideend|p1: Winterbub|Toxic Spikes|[from] move: Mortal Spin|[of] p1a: Glimmora\n|\n|upkeep\n|turn|3\n|\n|t:|1700526507\n|move|p2a: Glimmora|Power Gem|p1a: Glimmora\n|-damage|p1a: Glimmora|0 fnt\n|faint|p1a: Glimmora\n|\n|upkeep\n|\n|t:|1700526511\n|switch|p1a: Greninja|Greninja, M|100\/100\n|turn|4\n|\n|t:|1700526515\n|switch|p2a: Samurott|Samurott-Hisui, M|34\/100\n|move|p1a: Greninja|Surf|p2a: Samurott\n|-resisted|p2a: Samurott\n|-damage|p2a: Samurott|0 fnt\n|faint|p2a: Samurott\n|-ability|p1a: Greninja|Battle Bond|boost\n|-boost|p1a: Greninja|atk|1\n|-boost|p1a: Greninja|spa|1\n|-boost|p1a: Greninja|spe|1\n|-activate|p1a: Greninja|ability: Battle Bond\n|-damage|p1a: Greninja|91\/100|[from] item: Life Orb\n|\n|upkeep\n|\n|t:|1700526527\n|switch|p2a: Dragonite|Dragonite, M|100\/100\n|turn|5\n|\n|t:|1700526531\n|move|p1a: Greninja|Ice Beam|p2a: Dragonite\n|-supereffective|p2a: Dragonite\n|-damage|p2a: Dragonite|0 fnt\n|faint|p2a: Dragonite\n|-damage|p1a: Greninja|81\/100|[from] item: Life Orb\n|\n|upkeep\n|-message|Knight_Garland forfeited.\n|\n|win|Winterbub\n|raw|Winterbub's rating: 1571 &rarr; <strong>1585<\/strong><br \/>(+14 for winning)\n|raw|Knight_Garland's rating: 1470 &rarr; <strong>1456<\/strong><br \/>(-14 for losing)\n|l|\u2606Knight_Garland\n","uploadtime":1700526548,"views":5,"p1id":"winterbub","p2id":"knightgarland","formatid":"gen9ou","rating":1456,"private":0,"password":""}