{"id":"gen9ou-1998297377","p1":"Heihachi Mishima","p2":"Kilam93","format":"[Gen 9] OU","log":"|j|\u2606Heihachi Mishima\n|j|\u2606Kilam93\n|t:|1700926264\n|gametype|singles\n|player|p1|Heihachi Mishima|bruno-gen2|1489\n|player|p2|Kilam93|byron|1588\n|teamsize|p1|6\n|teamsize|p2|6\n|gen|9\n|tier|[Gen 9] OU\n|rated|\n|rule|Sleep Clause Mod: Limit one foe put to sleep\n|rule|Species Clause: Limit one of each Pok\u00e9mon\n|rule|OHKO Clause: OHKO moves are banned\n|rule|Evasion Items Clause: Evasion items are banned\n|rule|Evasion Moves Clause: Evasion moves are banned\n|rule|Endless Battle Clause: Forcing endless battles is banned\n|rule|HP Percentage Mod: HP is shown in percentages\n|clearpoke\n|poke|p1|Garganacl, F|\n|poke|p1|Ogerpon-Wellspring, F|\n|poke|p1|Gholdengo|\n|poke|p1|Kingambit, F|\n|poke|p1|Iron Valiant|\n|poke|p1|Zapdos-Galar|\n|poke|p2|Delphox, F|\n|poke|p2|Zamazenta-*|\n|poke|p2|Zapdos|\n|poke|p2|Cinderace, F|\n|poke|p2|Landorus-Therian, M|\n|poke|p2|Azumarill, F|\n|teampreview\n|inactive|Battle timer is ON: inactive players will automatically lose when time's up. (requested by Heihachi Mishima)\n|\n|t:|1700926279\n|start\n|switch|p1a: GarganVonStrangle|Garganacl, F|100\/100\n|switch|p2a: Harry|Delphox, F|100\/100\n|turn|1\n|\n|t:|1700926286\n|move|p2a: Harry|Overheat|p1a: GarganVonStrangle\n|-resisted|p1a: GarganVonStrangle\n|-damage|p1a: GarganVonStrangle|74\/100\n|-unboost|p2a: Harry|spa|2\n|-enditem|p2a: Harry|Eject Pack\n|\n|t:|1700926295\n|switch|p2a: Alfred|Zapdos|100\/100\n|move|p1a: GarganVonStrangle|Salt Cure|p2a: Alfred\n|-supereffective|p2a: Alfred\n|-damage|p2a: Alfred|69\/100\n|-start|p2a: Alfred|Salt Cure\n|\n|-heal|p1a: GarganVonStrangle|80\/100|[from] item: Leftovers\n|-damage|p2a: Alfred|56\/100|[from] Salt Cure\n|upkeep\n|turn|2\n|\n|t:|1700926303\n|move|p1a: GarganVonStrangle|Protect|p1a: GarganVonStrangle\n|-singleturn|p1a: GarganVonStrangle|Protect\n|move|p2a: Alfred|Volt Switch|p1a: GarganVonStrangle\n|-activate|p1a: GarganVonStrangle|move: Protect\n|\n|-heal|p1a: GarganVonStrangle|86\/100|[from] item: Leftovers\n|-damage|p2a: Alfred|44\/100|[from] Salt Cure\n|upkeep\n|turn|3\n|\n|t:|1700926307\n|move|p2a: Alfred|Roost|p2a: Alfred\n|-heal|p2a: Alfred|94\/100\n|-singleturn|p2a: Alfred|move: Roost\n|move|p1a: GarganVonStrangle|Stealth Rock|p2a: Alfred\n|-sidestart|p2: Kilam93|move: Stealth Rock\n|\n|-heal|p1a: GarganVonStrangle|92\/100|[from] item: Leftovers\n|-damage|p2a: Alfred|81\/100|[from] Salt Cure\n|upkeep\n|turn|4\n|\n|t:|1700926317\n|switch|p2a: Aslan|Landorus-Therian, M|100\/100\n|-damage|p2a: Aslan|88\/100|[from] Stealth Rock\n|-ability|p2a: Aslan|Intimidate|boost\n|-unboost|p1a: GarganVonStrangle|atk|1\n|move|p1a: GarganVonStrangle|Protect||[still]\n|-fail|p1a: GarganVonStrangle\n|\n|-heal|p1a: GarganVonStrangle|99\/100|[from] item: Leftovers\n|upkeep\n|turn|5\n|\n|t:|1700926324\n|move|p2a: Aslan|Earthquake|p1a: GarganVonStrangle\n|-supereffective|p1a: GarganVonStrangle\n|-damage|p1a: GarganVonStrangle|47\/100\n|move|p1a: GarganVonStrangle|Salt Cure|p2a: Aslan\n|-damage|p2a: Aslan|82\/100\n|-start|p2a: Aslan|Salt Cure\n|\n|-heal|p1a: GarganVonStrangle|53\/100|[from] item: Leftovers\n|-damage|p2a: Aslan|70\/100|[from] Salt Cure\n|upkeep\n|turn|6\n|\n|t:|1700926331\n|move|p1a: GarganVonStrangle|Protect|p1a: GarganVonStrangle\n|-singleturn|p1a: GarganVonStrangle|Protect\n|move|p2a: Aslan|Stealth Rock|p1a: GarganVonStrangle\n|-sidestart|p1: Heihachi Mishima|move: Stealth Rock\n|\n|-heal|p1a: GarganVonStrangle|59\/100|[from] item: Leftovers\n|-damage|p2a: Aslan|57\/100|[from] Salt Cure\n|upkeep\n|turn|7\n|\n|t:|1700926336\n|move|p2a: Aslan|U-turn|p1a: GarganVonStrangle\n|-damage|p1a: GarganVonStrangle|47\/100\n|\n|t:|1700926340\n|switch|p2a: Harry|Delphox, F|100\/100|[from] U-turn\n|-damage|p2a: Harry|76\/100|[from] Stealth Rock\n|move|p1a: GarganVonStrangle|Recover|p1a: GarganVonStrangle\n|-heal|p1a: GarganVonStrangle|97\/100\n|\n|-heal|p1a: GarganVonStrangle|100\/100|[from] item: Leftovers\n|upkeep\n|turn|8\n|\n|t:|1700926347\n|move|p1a: GarganVonStrangle|Protect|p1a: GarganVonStrangle\n|-singleturn|p1a: GarganVonStrangle|Protect\n|move|p2a: Harry|Focus Blast|p1a: GarganVonStrangle\n|-activate|p1a: GarganVonStrangle|move: Protect\n|\n|upkeep\n|turn|9\n|\n|t:|1700926353\n|move|p2a: Harry|Psyshock|p1a: GarganVonStrangle\n|-damage|p1a: GarganVonStrangle|80\/100\n|-item|p2a: Harry|Leftovers|[from] ability: Magician|[of] p1a: GarganVonStrangle\n|move|p1a: GarganVonStrangle|Salt Cure|p2a: Harry\n|-supereffective|p2a: Harry\n|-damage|p2a: Harry|49\/100\n|-start|p2a: Harry|Salt Cure\n|\n|-heal|p2a: Harry|55\/100|[from] item: Leftovers\n|-damage|p2a: Harry|43\/100|[from] Salt Cure\n|upkeep\n|turn|10\n|\n|t:|1700926359\n|switch|p2a: Toto|Zamazenta|100\/100\n|-damage|p2a: Toto|94\/100|[from] Stealth Rock\n|-ability|p2a: Toto|Dauntless Shield|boost\n|-boost|p2a: Toto|def|1\n|move|p1a: GarganVonStrangle|Protect||[still]\n|-fail|p1a: GarganVonStrangle\n|\n|upkeep\n|turn|11\n|\n|t:|1700926365\n|switch|p1a: Black Kray \ud83d\udcb0|Gholdengo|100\/100\n|-damage|p1a: Black Kray \ud83d\udcb0|94\/100|[from] Stealth Rock\n|move|p2a: Toto|Close Combat|p1a: Black Kray \ud83d\udcb0\n|-immune|p1a: Black Kray \ud83d\udcb0\n|\n|-heal|p1a: Black Kray \ud83d\udcb0|100\/100|[from] item: Leftovers\n|upkeep\n|turn|12\n|\n|t:|1700926374\n|switch|p2a: Harry|Delphox, F|43\/100\n|-damage|p2a: Harry|18\/100|[from] Stealth Rock\n|move|p1a: Black Kray \ud83d\udcb0|Thunder Wave|p2a: Harry|[miss]\n|-miss|p1a: Black Kray \ud83d\udcb0|p2a: Harry\n|\n|-heal|p2a: Harry|24\/100|[from] item: Leftovers\n|upkeep\n|turn|13\n|\n|t:|1700926395\n|switch|p1a: GarganVonStrangle|Garganacl, F|80\/100\n|-damage|p1a: GarganVonStrangle|68\/100|[from] Stealth Rock\n|move|p2a: Harry|Future Sight|p1a: GarganVonStrangle\n|-start|p2a: Harry|move: Future Sight\n|\n|-heal|p2a: Harry|30\/100|[from] item: Leftovers\n|upkeep\n|turn|14\n|inactive|Heihachi Mishima has 120 seconds left.\n|\n|t:|1700926420\n|move|p2a: Harry|Focus Blast|p1a: GarganVonStrangle|[miss]\n|-miss|p2a: Harry|p1a: GarganVonStrangle\n|move|p1a: GarganVonStrangle|Salt Cure|p2a: Harry\n|-supereffective|p2a: Harry\n|-damage|p2a: Harry|0 fnt\n|faint|p2a: Harry\n|\n|upkeep\n|\n|t:|1700926429\n|switch|p2a: Aslan|Landorus-Therian, M|57\/100\n|-damage|p2a: Aslan|45\/100|[from] Stealth Rock\n|-ability|p2a: Aslan|Intimidate|boost\n|-unboost|p1a: GarganVonStrangle|atk|1\n|turn|15\n|\n|t:|1700926433\n|move|p1a: GarganVonStrangle|Protect|p1a: GarganVonStrangle\n|-singleturn|p1a: GarganVonStrangle|Protect\n|move|p2a: Aslan|Earthquake|p1a: GarganVonStrangle\n|-activate|p1a: GarganVonStrangle|move: Protect\n|\n|-end|p1a: GarganVonStrangle|move: Future Sight\n|-damage|p1a: GarganVonStrangle|21\/100\n|upkeep\n|turn|16\n|\n|t:|1700926441\n|switch|p1a: Zapdos|Zapdos-Galar|100\/100\n|-damage|p1a: Zapdos|88\/100|[from] Stealth Rock\n|move|p2a: Aslan|Earthquake|p1a: Zapdos\n|-immune|p1a: Zapdos\n|\n|upkeep\n|turn|17\n|inactive|Heihachi Mishima has 120 seconds left.\n|inactive|Heihachi Mishima has 90 seconds left.\n|\n|t:|1700926497\n|switch|p2a: Alfred|Zapdos|81\/100\n|-terastallize|p1a: Zapdos|Flying\n|move|p1a: Zapdos|Brave Bird|p2a: Alfred\n|-resisted|p2a: Alfred\n|-damage|p2a: Alfred|2\/100\n|-damage|p1a: Zapdos|62\/100|[from] Recoil\n|\n|upkeep\n|turn|18\n|\n|t:|1700926505\n|move|p2a: Alfred|Thunderbolt|p1a: Zapdos\n|-supereffective|p1a: Zapdos\n|-damage|p1a: Zapdos|0 fnt\n|faint|p1a: Zapdos\n|\n|upkeep\n|\n|t:|1700926516\n|switch|p1a: Katara\ud83c\udf0a|Ogerpon-Wellspring, F|100\/100\n|-damage|p1a: Katara\ud83c\udf0a|88\/100|[from] Stealth Rock\n|turn|19\n|\n|t:|1700926520\n|move|p1a: Katara\ud83c\udf0a|Ivy Cudgel|p2a: Alfred|[anim] Ivy Cudgel Water\n|-damage|p2a: Alfred|0 fnt\n|faint|p2a: Alfred\n|\n|upkeep\n|\n|t:|1700926529\n|switch|p2a: Toto|Zamazenta|94\/100\n|-damage|p2a: Toto|88\/100|[from] Stealth Rock\n|turn|20\n|\n|t:|1700926532\n|switch|p1a: Black Kray \ud83d\udcb0|Gholdengo|100\/100\n|-damage|p1a: Black Kray \ud83d\udcb0|94\/100|[from] Stealth Rock\n|move|p2a: Toto|Close Combat|p1a: Black Kray \ud83d\udcb0\n|-immune|p1a: Black Kray \ud83d\udcb0\n|\n|-heal|p1a: Black Kray \ud83d\udcb0|100\/100|[from] item: Leftovers\n|upkeep\n|turn|21\n|\n|t:|1700926541\n|switch|p2a: Aslan|Landorus-Therian, M|45\/100\n|-damage|p2a: Aslan|33\/100|[from] Stealth Rock\n|-ability|p2a: Aslan|Intimidate|boost\n|-unboost|p1a: Black Kray \ud83d\udcb0|atk|1\n|move|p1a: Black Kray \ud83d\udcb0|Shadow Ball|p2a: Aslan\n|-damage|p2a: Aslan|0 fnt\n|faint|p2a: Aslan\n|\n|upkeep\n|\n|t:|1700926543\n|switch|p2a: Bob|Azumarill, F|100\/100\n|-damage|p2a: Bob|88\/100|[from] Stealth Rock\n|turn|22\n|\n|t:|1700926551\n|move|p1a: Black Kray \ud83d\udcb0|Make It Rain|p2a: Bob\n|-damage|p2a: Bob|52\/100\n|-unboost|p1a: Black Kray \ud83d\udcb0|spa|1\n|move|p2a: Bob|Play Rough|p1a: Black Kray \ud83d\udcb0|[miss]\n|-miss|p2a: Bob|p1a: Black Kray \ud83d\udcb0\n|\n|upkeep\n|turn|23\n|\n|t:|1700926566\n|switch|p1a: GarganVonStrangle|Garganacl, F|21\/100\n|-damage|p1a: GarganVonStrangle|9\/100|[from] Stealth Rock\n|move|p2a: Bob|Play Rough|p1a: GarganVonStrangle\n|-damage|p1a: GarganVonStrangle|0 fnt\n|faint|p1a: GarganVonStrangle\n|\n|upkeep\n|\n|t:|1700926574\n|switch|p1a: Katara\ud83c\udf0a|Ogerpon-Wellspring, F|88\/100\n|-damage|p1a: Katara\ud83c\udf0a|76\/100|[from] Stealth Rock\n|turn|24\n|\n|t:|1700926578\n|switch|p2a: Rekkit|Cinderace, F|100\/100\n|move|p1a: Katara\ud83c\udf0a|Power Whip|p2a: Rekkit\n|-resisted|p2a: Rekkit\n|-damage|p2a: Rekkit|48\/100\n|\n|upkeep\n|turn|25\n|\n|t:|1700926587\n|move|p2a: Rekkit|U-turn|p1a: Katara\ud83c\udf0a\n|-supereffective|p1a: Katara\ud83c\udf0a\n|-damage|p1a: Katara\ud83c\udf0a|21\/100\n|\n|t:|1700926593\n|switch|p2a: Toto|Zamazenta|88\/100|[from] U-turn\n|-damage|p2a: Toto|82\/100|[from] Stealth Rock\n|move|p1a: Katara\ud83c\udf0a|Ivy Cudgel|p2a: Toto|[anim] Ivy Cudgel Water\n|-damage|p2a: Toto|26\/100\n|\n|upkeep\n|turn|26\n|\n|t:|1700926602\n|move|p2a: Toto|Crunch|p1a: Katara\ud83c\udf0a\n|-damage|p1a: Katara\ud83c\udf0a|0 fnt\n|faint|p1a: Katara\ud83c\udf0a\n|\n|upkeep\n|\n|t:|1700926607\n|switch|p1a: Guts \u2694\ufe0f|Kingambit, F|100\/100\n|-damage|p1a: Guts \u2694\ufe0f|95\/100|[from] Stealth Rock\n|-activate|p1a: Guts \u2694\ufe0f|ability: Supreme Overlord\n|-start|p1a: Guts \u2694\ufe0f|fallen3|[silent]\n|turn|27\n|\n|t:|1700926613\n|switch|p2a: Rekkit|Cinderace, F|48\/100\n|move|p1a: Guts \u2694\ufe0f|Iron Head|p2a: Rekkit\n|-resisted|p2a: Rekkit\n|-damage|p2a: Rekkit|7\/100\n|\n|upkeep\n|turn|28\n|\n|t:|1700926616\n|move|p2a: Rekkit|Sucker Punch|p1a: Guts \u2694\ufe0f\n|-resisted|p1a: Guts \u2694\ufe0f\n|-damage|p1a: Guts \u2694\ufe0f|86\/100\n|move|p1a: Guts \u2694\ufe0f|Sucker Punch||[still]\n|-fail|p1a: Guts \u2694\ufe0f\n|\n|upkeep\n|turn|29\n|\n|t:|1700926619\n|move|p1a: Guts \u2694\ufe0f|Sucker Punch|p2a: Rekkit\n|-damage|p2a: Rekkit|0 fnt\n|faint|p2a: Rekkit\n|\n|upkeep\n|\n|t:|1700926622\n|switch|p2a: Bob|Azumarill, F|52\/100\n|-damage|p2a: Bob|40\/100|[from] Stealth Rock\n|turn|30\n|\n|t:|1700926627\n|-terastallize|p2a: Bob|Water\n|move|p1a: Guts \u2694\ufe0f|Iron Head|p2a: Bob\n|-resisted|p2a: Bob\n|-damage|p2a: Bob|11\/100\n|move|p2a: Bob|Liquidation|p1a: Guts \u2694\ufe0f\n|-crit|p1a: Guts \u2694\ufe0f\n|-damage|p1a: Guts \u2694\ufe0f|7\/100\n|\n|upkeep\n|turn|31\n|\n|t:|1700926631\n|move|p1a: Guts \u2694\ufe0f|Sucker Punch|p2a: Bob\n|-damage|p2a: Bob|0 fnt\n|faint|p2a: Bob\n|\n|upkeep\n|-message|Kilam93 forfeited.\n|\n|win|Heihachi Mishima\n|raw|Heihachi Mishima's rating: 1489 &rarr; <strong>1515<\/strong><br \/>(+26 for winning)\n|raw|Kilam93's rating: 1588 &rarr; <strong>1562<\/strong><br \/>(-26 for losing)\n|l|\u2606Kilam93\n","uploadtime":1700926639,"views":1,"p1id":"heihachimishima","p2id":"kilam93","formatid":"gen9ou","rating":1515,"private":0,"password":""}