{"id":"gen9ou-1996307133","p1":"Sum1stolemytoast","p2":"Heihachi Mishima","format":"[Gen 9] OU","log":"|j|\u2606Sum1stolemytoast\n|j|\u2606Heihachi Mishima\n|t:|1700669614\n|gametype|singles\n|player|p1|Sum1stolemytoast|grimsley|1386\n|player|p2|Heihachi Mishima|bruno-gen1|1471\n|teamsize|p1|6\n|teamsize|p2|6\n|gen|9\n|tier|[Gen 9] OU\n|rated|\n|rule|Sleep Clause Mod: Limit one foe put to sleep\n|rule|Species Clause: Limit one of each Pok\u00e9mon\n|rule|OHKO Clause: OHKO moves are banned\n|rule|Evasion Items Clause: Evasion items are banned\n|rule|Evasion Moves Clause: Evasion moves are banned\n|rule|Endless Battle Clause: Forcing endless battles is banned\n|rule|HP Percentage Mod: HP is shown in percentages\n|clearpoke\n|poke|p1|Torkoal, F|\n|poke|p1|Scovillain, M|\n|poke|p1|Walking Wake|\n|poke|p1|Kingambit, F|\n|poke|p1|Enamorus, F|\n|poke|p1|Great Tusk|\n|poke|p2|Weavile, F|\n|poke|p2|Gholdengo|\n|poke|p2|Ogerpon-Wellspring, F|\n|poke|p2|Enamorus, F|\n|poke|p2|Slowking-Galar, M|\n|poke|p2|Great Tusk|\n|teampreview\n|inactive|Battle timer is ON: inactive players will automatically lose when time's up. (requested by Sum1stolemytoast)\n|inactive|Heihachi Mishima also wants the timer to be on.\n|\n|t:|1700669635\n|start\n|switch|p1a: Suicusaurus|Walking Wake|100\/100\n|switch|p2a: Katara \ud83c\udf0a|Ogerpon-Wellspring, F|100\/100\n|turn|1\n|\n|t:|1700669646\n|switch|p2a: Slowking|Slowking-Galar, M|100\/100\n|move|p1a: Suicusaurus|Draco Meteor|p2a: Slowking\n|-damage|p2a: Slowking|40\/100\n|-unboost|p1a: Suicusaurus|spa|2\n|\n|upkeep\n|turn|2\n|\n|t:|1700669651\n|-end|p1a: Suicusaurus|Protosynthesis|[silent]\n|switch|p1a: Queengambit|Kingambit, F|100\/100\n|switch|p2a: Slan \ud83d\udc8b|Enamorus, F|100\/100\n|\n|upkeep\n|turn|3\n|\n|t:|1700669654\n|switch|p2a: Jack the Drought|Great Tusk|100\/100\n|-end|p1a: Queengambit|fallenundefined|[silent]\n|switch|p1a: Tori Kelly|Torkoal, F|100\/100\n|-weather|SunnyDay|[from] ability: Drought|[of] p1a: Tori Kelly\n|-activate|p2a: Jack the Drought|ability: Protosynthesis\n|-start|p2a: Jack the Drought|protosynthesisspe\n|\n|-weather|SunnyDay|[upkeep]\n|upkeep\n|turn|4\n|\n|t:|1700669660\n|switch|p1a: Nicki Minaj|Enamorus, F|100\/100\n|move|p2a: Jack the Drought|Earthquake|p1a: Nicki Minaj\n|-immune|p1a: Nicki Minaj\n|\n|-weather|SunnyDay|[upkeep]\n|upkeep\n|turn|5\n|\n|t:|1700669664\n|-end|p2a: Jack the Drought|Protosynthesis|[silent]\n|switch|p2a: Slowking|Slowking-Galar, M|74\/100\n|move|p1a: Nicki Minaj|Play Rough|p2a: Slowking\n|-resisted|p2a: Slowking\n|-damage|p2a: Slowking|57\/100\n|\n|-weather|SunnyDay|[upkeep]\n|upkeep\n|turn|6\n|\n|t:|1700669672\n|switch|p1a: Suicusaurus|Walking Wake|100\/100\n|-activate|p1a: Suicusaurus|ability: Protosynthesis\n|-start|p1a: Suicusaurus|protosynthesisspa\n|move|p2a: Slowking|Chilly Reception|p2a: Slowking\n|-weather|Snow\n|-end|p1a: Suicusaurus|Protosynthesis\n|\n|t:|1700669678\n|switch|p2a: Slan \ud83d\udc8b|Enamorus, F|100\/100|[from] Chilly Reception\n|\n|-weather|Snow|[upkeep]\n|upkeep\n|turn|7\n|\n|t:|1700669684\n|-end|p1a: Suicusaurus|Protosynthesis|[silent]\n|switch|p1a: Tori Kelly|Torkoal, F|100\/100\n|-weather|SunnyDay|[from] ability: Drought|[of] p1a: Tori Kelly\n|move|p2a: Slan \ud83d\udc8b|Earth Power|p1a: Tori Kelly\n|-supereffective|p1a: Tori Kelly\n|-damage|p1a: Tori Kelly|21\/100\n|-unboost|p1a: Tori Kelly|spd|1\n|\n|-weather|SunnyDay|[upkeep]\n|upkeep\n|turn|8\n|\n|t:|1700669690\n|switch|p2a: Slowking|Slowking-Galar, M|90\/100\n|switch|p1a: Nicki Minaj|Enamorus, F|100\/100\n|\n|-weather|SunnyDay|[upkeep]\n|upkeep\n|turn|9\n|\n|t:|1700669694\n|switch|p1a: Queengambit|Kingambit, F|100\/100\n|move|p2a: Slowking|Chilly Reception|p2a: Slowking\n|-weather|Snow\n|\n|t:|1700669706\n|switch|p2a: Jack the Drought|Great Tusk|100\/100|[from] Chilly Reception\n|\n|-weather|Snow|[upkeep]\n|upkeep\n|turn|10\n|\n|t:|1700669717\n|-end|p1a: Queengambit|fallenundefined|[silent]\n|switch|p1a: Suicusaurus|Walking Wake|100\/100\n|move|p2a: Jack the Drought|Stealth Rock|p1a: Suicusaurus\n|-sidestart|p1: Sum1stolemytoast|move: Stealth Rock\n|\n|-weather|Snow|[upkeep]\n|upkeep\n|turn|11\n|\n|t:|1700669721\n|-end|p2a: Jack the Drought|Protosynthesis|[silent]\n|switch|p2a: Slowking|Slowking-Galar, M|100\/100\n|move|p1a: Suicusaurus|Hydro Steam|p2a: Slowking\n|-damage|p2a: Slowking|67\/100\n|\n|-weather|Snow|[upkeep]\n|upkeep\n|turn|12\n|\n|t:|1700669724\n|move|p1a: Suicusaurus|Hydro Steam|p2a: Slowking\n|-damage|p2a: Slowking|29\/100\n|move|p2a: Slowking|Chilly Reception|p2a: Slowking\n|\n|t:|1700669728\n|switch|p2a: Katara \ud83c\udf0a|Ogerpon-Wellspring, F|100\/100|[from] Chilly Reception\n|\n|-weather|Snow|[upkeep]\n|upkeep\n|turn|13\n|\n|t:|1700669736\n|-end|p1a: Suicusaurus|Protosynthesis|[silent]\n|switch|p1a: Tori Kelly|Torkoal, F|21\/100\n|-damage|p1a: Tori Kelly|0 fnt|[from] Stealth Rock\n|faint|p1a: Tori Kelly\n|move|p2a: Katara \ud83c\udf0a|Ivy Cudgel|p1: Tori Kelly|[notarget]\n|-fail|p2a: Katara \ud83c\udf0a\n|\n|-weather|none\n|upkeep\n|\n|t:|1700669746\n|switch|p1a: Spicy bois|Scovillain, M|100\/100\n|-damage|p1a: Spicy bois|76\/100|[from] Stealth Rock\n|turn|14\n|\n|t:|1700669751\n|move|p2a: Katara \ud83c\udf0a|Ivy Cudgel|p1a: Spicy bois|[anim] Ivy Cudgel Water\n|-damage|p1a: Spicy bois|0 fnt\n|faint|p1a: Spicy bois\n|\n|upkeep\n|\n|t:|1700669761\n|switch|p1a: Suicusaurus|Walking Wake|100\/100\n|-damage|p1a: Suicusaurus|88\/100|[from] Stealth Rock\n|turn|15\n|\n|t:|1700669766\n|switch|p2a: Slan \ud83d\udc8b|Enamorus, F|100\/100\n|move|p1a: Suicusaurus|Dragon Pulse|p2a: Slan \ud83d\udc8b\n|-immune|p2a: Slan \ud83d\udc8b\n|\n|upkeep\n|turn|16\n|-message|Sum1stolemytoast forfeited.\n|\n|win|Heihachi Mishima\n|raw|Sum1stolemytoast's rating: 1386 &rarr; <strong>1371<\/strong><br \/>(-15 for losing)\n|raw|Heihachi Mishima's rating: 1471 &rarr; <strong>1486<\/strong><br \/>(+15 for winning)\n|l|\u2606Sum1stolemytoast\n","uploadtime":1700669777,"views":0,"p1id":"sum1stolemytoast","p2id":"heihachimishima","formatid":"gen9ou","rating":1371,"private":0,"password":""}