{"id":"gen9ou-1995375724","p1":"Ghoulish champ","p2":"Ankakhang","format":"[Gen 9] OU","log":"|j|\u2606Ghoulish champ\n|j|\u2606Ankakhang\n|t:|1700562153\n|gametype|singles\n|player|p1|Ghoulish champ|allister|\n|player|p2|Ankakhang|1|\n|teamsize|p1|6\n|teamsize|p2|6\n|gen|9\n|tier|[Gen 9] OU\n|rule|Sleep Clause Mod: Limit one foe put to sleep\n|rule|Species Clause: Limit one of each Pok\u00e9mon\n|rule|OHKO Clause: OHKO moves are banned\n|rule|Evasion Items Clause: Evasion items are banned\n|rule|Evasion Moves Clause: Evasion moves are banned\n|rule|Endless Battle Clause: Forcing endless battles is banned\n|rule|HP Percentage Mod: HP is shown in percentages\n|clearpoke\n|poke|p1|Meowscarada, M|\n|poke|p1|Dudunsparce-*, F|\n|poke|p1|Hariyama, M|\n|poke|p1|Mabosstiff, M|\n|poke|p1|Raichu, F|\n|poke|p1|Drifblim, M|\n|poke|p2|Conkeldurr, F|\n|poke|p2|Avalugg, M|\n|poke|p2|Ogerpon-Wellspring, F|\n|poke|p2|Jolteon, F|\n|poke|p2|Slaking, F|\n|poke|p2|Infernape, F|\n|teampreview\n|inactive|Battle timer is ON: inactive players will automatically lose when time's up. (requested by Ghoulish champ)\n|j| JustAjynx xoxo\n|inactive|Ghoulish champ has 270 seconds left.\n|c|\u2606Ghoulish champ|Glhf\n|inactiveoff|Battle timer is now OFF.\n|inactive|Battle timer is ON: inactive players will automatically lose when time's up. (requested by Ankakhang)\n|\n|t:|1700562234\n|start\n|switch|p1a: Meowscarada|Meowscarada, M|100\/100\n|switch|p2a: Jolteon|Jolteon, F|100\/100\n|turn|1\n|\n|t:|1700562253\n|move|p2a: Jolteon|Thunder Wave|p1a: Meowscarada\n|-status|p1a: Meowscarada|par\n|move|p1a: Meowscarada|Knock Off|p2a: Jolteon\n|-damage|p2a: Jolteon|34\/100\n|-enditem|p2a: Jolteon|Life Orb|[from] move: Knock Off|[of] p1a: Meowscarada\n|\n|upkeep\n|turn|2\n|\n|t:|1700562264\n|move|p2a: Jolteon|Thunderbolt|p1a: Meowscarada\n|-resisted|p1a: Meowscarada\n|-damage|p1a: Meowscarada|63\/100 par\n|move|p1a: Meowscarada|Spikes|p2a: Jolteon\n|-sidestart|p2: Ankakhang|Spikes\n|\n|upkeep\n|turn|3\n|\n|t:|1700562282\n|switch|p2a: Conkeldurr|Conkeldurr, F|100\/100\n|-damage|p2a: Conkeldurr|88\/100|[from] Spikes\n|move|p1a: Meowscarada|Knock Off|p2a: Conkeldurr\n|-resisted|p2a: Conkeldurr\n|-damage|p2a: Conkeldurr|72\/100\n|-enditem|p2a: Conkeldurr|Flame Orb|[from] move: Knock Off|[of] p1a: Meowscarada\n|\n|upkeep\n|turn|4\n|j| paradox.sans\n|inactive|Ghoulish champ has 270 seconds left.\n|\n|t:|1700562316\n|switch|p1a: Drifblim|Drifblim, M|100\/100\n|move|p2a: Conkeldurr|Bulk Up|p2a: Conkeldurr\n|-boost|p2a: Conkeldurr|atk|1\n|-boost|p2a: Conkeldurr|def|1\n|\n|upkeep\n|turn|5\n|inactive|Ghoulish champ has 270 seconds left.\n|inactive|Ankakhang has 270 seconds left.\n|j| Fortune Meow\n|c| Fortune Meow|Hmm\n|\n|t:|1700562340\n|switch|p2a: Slaking|Slaking, F|100\/100\n|-damage|p2a: Slaking|88\/100|[from] Spikes\n|move|p1a: Drifblim|Clear Smog|p2a: Slaking\n|-damage|p2a: Slaking|76\/100\n|-clearboost|p2a: Slaking\n|\n|upkeep\n|turn|6\n|c| Fortune Meow|Knock off \u0111\u00e2u\n|inactive|Ankakhang has 270 seconds left.\n|inactive|Ghoulish champ has 240 seconds left.\n|\n|t:|1700562377\n|switch|p1a: Dudunsparce|Dudunsparce, F|100\/100\n|move|p2a: Slaking|Throat Chop|p1a: Dudunsparce\n|-damage|p1a: Dudunsparce|66\/100\n|-start|p1a: Dudunsparce|Throat Chop|[silent]\n|-damage|p2a: Slaking|66\/100|[from] item: Life Orb\n|\n|-heal|p1a: Dudunsparce|72\/100|[from] item: Leftovers\n|upkeep\n|turn|7\n|inactive|Ankakhang has 270 seconds left.\n|c| Fortune Meow|Lmao\n|c| Fortune Meow|\u0102n lul r\n|inactive|Ghoulish champ has 210 seconds left.\n|\n|t:|1700562415\n|switch|p2a: Conkeldurr|Conkeldurr, F|72\/100\n|-damage|p2a: Conkeldurr|60\/100|[from] Spikes\n|switch|p1a: Meowscarada|Meowscarada, M|63\/100 par\n|\n|upkeep\n|turn|8\n|inactive|Ghoulish champ has 210 seconds left.\n|inactive|Ghoulish champ has 180 seconds left.\n|c| Fortune Meow|C\u1ed1 l\u00ean\n|c|\u2606Ankakhang|Free knock off\n|c| Fortune Meow|:))?\n|inactive|Ghoulish champ has 150 seconds left.\n|\n|t:|1700562481\n|switch|p1a: Drifblim|Drifblim, M|100\/100\n|move|p2a: Conkeldurr|Mach Punch|p1a: Drifblim\n|-immune|p1a: Drifblim\n|\n|upkeep\n|turn|9\n|inactive|Ankakhang has 270 seconds left.\n|c| JustAjynx xoxo|lol\n|c|\u2606Ghoulish champ|Lmao\n|inactive|Ghoulish champ has 150 seconds left.\n|c| Fortune Meow|B\u1ea3o r m\u00e0\n|c| Fortune Meow|:(\n|c| Fortune Meow|K nghe\n|\n|t:|1700562512\n|switch|p2a: Jolteon|Jolteon, F|34\/100\n|-damage|p2a: Jolteon|22\/100|[from] Spikes\n|move|p1a: Drifblim|Thunder Wave|p2a: Jolteon\n|-heal|p2a: Jolteon|46\/100|[from] ability: Volt Absorb|[of] p1a: Drifblim\n|\n|upkeep\n|turn|10\n|c| Fortune Meow|Hay\n|inactive|Ghoulish champ has 120 seconds left.\n|c| Fortune Meow|Thunderboltttttttt\n|inactive|Ghoulish champ has 90 seconds left.\n|\n|t:|1700562572\n|switch|p1a: Raichu|Raichu, F|100\/100\n|-item|p1a: Raichu|Air Balloon\n|move|p2a: Jolteon|Shadow Ball|p1a: Raichu\n|-damage|p1a: Raichu|67\/100\n|-unboost|p1a: Raichu|spd|1\n|-enditem|p1a: Raichu|Air Balloon\n|\n|upkeep\n|turn|11\n|c| Fortune Meow|Nice\n|inactive|Ghoulish champ has 60 seconds left.\n|\n|t:|1700562606\n|move|p2a: Jolteon|Yawn|p1a: Raichu\n|-start|p1a: Raichu|move: Yawn|[of] p2a: Jolteon\n|move|p1a: Raichu|Light Screen|p1a: Raichu\n|-sidestart|p1: Ghoulish champ|move: Light Screen\n|\n|upkeep\n|turn|12\n|c| Fortune Meow|Predict nayd\n|inactive|Ghoulish champ has 60 seconds left.\n|c| Fortune Meow|==\"\n|c| Fortune Meow|Yawn ph\u00e1t n\u1eefa\n|inactive|Ankakhang has 240 seconds left.\n|inactive|Ghoulish champ has 30 seconds left.\n|c| Fortune Meow|Ki\u1ec3u g\u00ec ch\u1ea3 \u00e9p \u0111\u1ed5i\n|inactive|Ghoulish champ has 20 seconds left.\n|\n|t:|1700562659\n|switch|p1a: Mabosstiff|Mabosstiff, M|100\/100\n|-ability|p1a: Mabosstiff|Intimidate|boost\n|-unboost|p2a: Jolteon|atk|1\n|move|p2a: Jolteon|Yawn|p1a: Mabosstiff\n|-start|p1a: Mabosstiff|move: Yawn|[of] p2a: Jolteon\n|\n|upkeep\n|turn|13\n|inactive|Ghoulish champ has 30 seconds left this turn.\n|inactive|Ghoulish champ has 20 seconds left.\n|inactive|Ankakhang has 240 seconds left.\n|c| Fortune Meow|:))))\n|c| Fortune Meow|Yeahh\n|c|\u2606Ankakhang|\u0110ai ca em co khac\n|inactive|Ghoulish champ has 15 seconds left.\n|\n|t:|1700562679\n|move|p1a: Mabosstiff|Crunch|p2a: Jolteon\n|-damage|p2a: Jolteon|0 fnt\n|faint|p2a: Jolteon\n|\n|-end|p1a: Mabosstiff|move: Yawn|[silent]\n|-status|p1a: Mabosstiff|slp\n|upkeep\n|inactive|Ghoulish champ has 20 seconds left this turn.\n|\n|t:|1700562686\n|switch|p2a: Infernape|Infernape, F|100\/100\n|-damage|p2a: Infernape|88\/100|[from] Spikes\n|turn|14\n|inactive|Ghoulish champ has 30 seconds left this turn.\n|c| Fortune Meow|Ok ngon r\n|c| Fortune Meow|H lmj th\u00ec l\u00e0m\n|\n|t:|1700562695\n|switch|p1a: Raichu|Raichu, F|67\/100\n|move|p2a: Infernape|Swords Dance|p2a: Infernape\n|-boost|p2a: Infernape|atk|2\n|\n|upkeep\n|turn|15\n|c| Fortune Meow|:((\n|c| Fortune Meow|:)))\n|inactive|Ghoulish champ has 30 seconds left.\n|\n|t:|1700562704\n|-terastallize|p2a: Infernape|Water\n|move|p1a: Raichu|Nuzzle|p2a: Infernape\n|-supereffective|p2a: Infernape\n|-damage|p2a: Infernape|67\/100\n|-status|p2a: Infernape|par\n|move|p2a: Infernape|Swords Dance|p2a: Infernape\n|-boost|p2a: Infernape|atk|2\n|\n|-sideend|p1: Ghoulish champ|move: Light Screen\n|upkeep\n|turn|16\n|inactive|Ghoulish champ has 30 seconds left.\n|c| Fortune Meow|Why tera;-;?\n|\n|t:|1700562720\n|move|p1a: Raichu|Reflect|p1a: Raichu\n|-sidestart|p1: Ghoulish champ|Reflect\n|cant|p2a: Infernape|par\n|\n|upkeep\n|turn|17\n|c|\u2606Ankakhang|Th\u00f4i xong\n|inactive|Ghoulish champ has 30 seconds left.\n|\n|t:|1700562730\n|move|p1a: Raichu|Knock Off|p2a: Infernape\n|-damage|p2a: Infernape|37\/100 par\n|-enditem|p2a: Infernape|Salac Berry|[from] move: Knock Off|[of] p1a: Raichu\n|cant|p2a: Infernape|par\n|\n|upkeep\n|turn|18\n|c| Fortune Meow|Ht c\u1ee9u n\u1ed5i\n|c| JustAjynx xoxo|yessss\n|inactive|Ghoulish champ has 30 seconds left.\n|c| JustAjynx xoxo|time tho\n|c| JustAjynx xoxo|remember\n|inactive|Ghoulish champ has 20 seconds left.\n|c| Fortune Meow|Ksao\n|\n|t:|1700562746\n|switch|p1a: Meowscarada|Meowscarada, M|63\/100 par\n|move|p2a: Infernape|Fire Punch|p1a: Meowscarada\n|-supereffective|p1a: Meowscarada\n|-damage|p1a: Meowscarada|0 fnt\n|faint|p1a: Meowscarada\n|\n|upkeep\n|inactive|Ghoulish champ has 25 seconds left this turn.\n|c| Fortune Meow|\u0110\u00e1nh\n|inactive|Ghoulish champ has 20 seconds left.\n|c|\u2606Ankakhang|Yay\n|c| Fortune Meow|Ok nice\n|inactive|Ghoulish champ has 15 seconds left.\n|inactive|Ghoulish champ has 10 seconds left.\n|\n|t:|1700562764\n|switch|p1a: Drifblim|Drifblim, M|100\/100\n|turn|19\n|inactive|Ghoulish champ has 20 seconds left this turn.\n|\n|t:|1700562772\n|move|p2a: Infernape|Endure|p2a: Infernape\n|-singleturn|p2a: Infernape|move: Endure\n|move|p1a: Drifblim|Hex|p2a: Infernape\n|-activate|p2a: Infernape|move: Endure\n|-damage|p2a: Infernape|1\/100 par\n|\n|upkeep\n|turn|20\n|inactive|Ghoulish champ has 30 seconds left this turn.\n|c| Fortune Meow|Swap j t\u1ea7m n\u00e0y\n|c| JustAjynx xoxo|quick u got little time\n|inactive|Ankakhang has 270 seconds left.\n|\n|t:|1700562782\n|move|p1a: Drifblim|Clear Smog|p2a: Infernape\n|-damage|p2a: Infernape|0 fnt\n|-clearboost|p2a: Infernape\n|faint|p2a: Infernape\n|\n|-sideend|p1: Ghoulish champ|Reflect\n|upkeep\n|inactive|Ghoulish champ has 30 seconds left this turn.\n|inactive|Ankakhang has 270 seconds left.\n|\n|t:|1700562799\n|switch|p2a: Ogerpon|Ogerpon-Wellspring, F|100\/100\n|-damage|p2a: Ogerpon|88\/100|[from] Spikes\n|turn|21\n|\n|t:|1700562811\n|move|p2a: Ogerpon|Swords Dance|p2a: Ogerpon\n|-boost|p2a: Ogerpon|atk|2\n|move|p1a: Drifblim|Strength Sap|p2a: Ogerpon\n|-unboost|p2a: Ogerpon|atk|1\n|\n|upkeep\n|turn|22\n|\n|t:|1700562819\n|move|p2a: Ogerpon|Ivy Cudgel|p1a: Drifblim|[anim] Ivy Cudgel Water\n|-damage|p1a: Drifblim|20\/100\n|move|p1a: Drifblim|Thunder Wave|p2a: Ogerpon\n|-status|p2a: Ogerpon|par\n|\n|upkeep\n|turn|23\n|inactive|Ankakhang has 270 seconds left.\n|\n|t:|1700562831\n|move|p1a: Drifblim|Strength Sap|p2a: Ogerpon\n|-unboost|p2a: Ogerpon|atk|1\n|-heal|p1a: Drifblim|100\/100\n|cant|p2a: Ogerpon|par\n|\n|upkeep\n|turn|24\n|inactive|Ankakhang has 270 seconds left.\n|c| Fortune Meow|Ht c\u1ee9u==\"\n|\n|t:|1700562846\n|move|p1a: Drifblim|Hex|p2a: Ogerpon\n|-damage|p2a: Ogerpon|41\/100 par\n|cant|p2a: Ogerpon|par\n|\n|upkeep\n|turn|25\n|\n|t:|1700562852\n|switch|p2a: Slaking|Slaking, F|66\/100\n|-damage|p2a: Slaking|54\/100|[from] Spikes\n|move|p1a: Drifblim|Hex|p2a: Slaking\n|-immune|p2a: Slaking\n|\n|upkeep\n|turn|26\n|c| JustAjynx xoxo|GOOOOO\n|\n|t:|1700562861\n|move|p2a: Slaking|Throat Chop|p1a: Drifblim\n|-supereffective|p1a: Drifblim\n|-enditem|p1a: Drifblim|Colbur Berry|[eat]\n|-enditem|p1a: Drifblim|Colbur Berry|[weaken]\n|-damage|p1a: Drifblim|64\/100\n|-start|p1a: Drifblim|Throat Chop|[silent]\n|-damage|p2a: Slaking|44\/100|[from] item: Life Orb\n|move|p1a: Drifblim|Strength Sap|p2a: Slaking\n|-unboost|p2a: Slaking|atk|1\n|-heal|p1a: Drifblim|100\/100\n|\n|upkeep\n|turn|27\n|c| Fortune Meow|Hmm\n|\n|t:|1700562872\n|switch|p1a: Catch these hands|Hariyama, M|100\/100\n|cant|p2a: Slaking|ability: Truant\n|\n|upkeep\n|turn|28\n|inactive|Ghoulish champ has 60 seconds left.\n|\n|t:|1700562880\n|move|p2a: Slaking|Giga Impact|p1a: Catch these hands\n|-damage|p1a: Catch these hands|11\/100\n|-mustrecharge|p2a: Slaking\n|-enditem|p1a: Catch these hands|Sitrus Berry|[eat]\n|-heal|p1a: Catch these hands|36\/100|[from] item: Sitrus Berry\n|-damage|p2a: Slaking|34\/100|[from] item: Life Orb\n|move|p1a: Catch these hands|Belly Drum||[still]\n|-fail|p1a: Catch these hands\n|\n|upkeep\n|turn|29\n|c| Fortune Meow|Ok r\n|\n|t:|1700562893\n|cant|p2a: Slaking|recharge\n|move|p1a: Catch these hands|Drain Punch|p2a: Slaking\n|-supereffective|p2a: Slaking\n|-damage|p2a: Slaking|0 fnt\n|-heal|p1a: Catch these hands|52\/100|[from] drain|[of] p2a: Slaking\n|faint|p2a: Slaking\n|\n|upkeep\n|\n|t:|1700562902\n|switch|p2a: Ogerpon|Ogerpon-Wellspring, F|41\/100 par\n|-damage|p2a: Ogerpon|29\/100 par|[from] Spikes\n|turn|30\n|\n|t:|1700562909\n|move|p1a: Catch these hands|Drain Punch|p2a: Ogerpon\n|-damage|p2a: Ogerpon|0 fnt\n|-heal|p1a: Catch these hands|62\/100|[from] drain|[of] p2a: Ogerpon\n|faint|p2a: Ogerpon\n|\n|upkeep\n|c| Fortune Meow|Tr\u1eadn n\u00e0y ht c\u1ee9u r==\"\n|\n|t:|1700562916\n|switch|p2a: Avalugg|Avalugg, M|100\/100\n|turn|31\n|c| JustAjynx xoxo|NICe\n|j| SameAstolfo\n|c|\u2606Ankakhang|Uhhh\n|\n|t:|1700562928\n|move|p1a: Catch these hands|Drain Punch|p2a: Avalugg\n|-supereffective|p2a: Avalugg\n|-damage|p2a: Avalugg|65\/100\n|-heal|p1a: Catch these hands|78\/100|[from] drain|[of] p2a: Avalugg\n|move|p2a: Avalugg|Rapid Spin|p1a: Catch these hands\n|-damage|p1a: Catch these hands|62\/100\n|-boost|p2a: Avalugg|spe|1\n|-sideend|p2: Ankakhang|Spikes|[from] move: Rapid Spin|[of] p2a: Avalugg\n|\n|upkeep\n|turn|32\n|c|\u2606Ankakhang|\u0110\u1ea5u l\u1ea1i \u0111\u01b0\u1ee3c ko?\n|c| SameAstolfo|Hallo\n|c|\u2606Ankakhang|For fun th\u00f4i?\n|c| Fortune Meow|:((k \u0111c\n|c| Fortune Meow|Kh\u1ec9 \u1ea9u 1 pha ht c\u1ee9u lu\u00f4n\n|c| Fortune Meow|;-;\n|c| SameAstolfo|S\u1eafp thua r\u00f9i sao :((\n|c|\u2606Ankakhang|T c\u0103ng th\u1eb3ng qu\u00e1\n|\n|t:|1700562963\n|move|p1a: Catch these hands|Drain Punch|p2a: Avalugg\n|-supereffective|p2a: Avalugg\n|-damage|p2a: Avalugg|32\/100\n|-heal|p1a: Catch these hands|77\/100|[from] drain|[of] p2a: Avalugg\n|move|p2a: Avalugg|Avalanche|p1a: Catch these hands\n|-damage|p1a: Catch these hands|47\/100\n|\n|upkeep\n|turn|33\n|\n|t:|1700562977\n|move|p1a: Catch these hands|Drain Punch|p2a: Avalugg\n|-supereffective|p2a: Avalugg\n|-damage|p2a: Avalugg|3\/100\n|-heal|p1a: Catch these hands|60\/100|[from] drain|[of] p2a: Avalugg\n|move|p2a: Avalugg|Avalanche|p1a: Catch these hands\n|-damage|p1a: Catch these hands|29\/100\n|\n|upkeep\n|turn|34\n|c| Fortune Meow|Con n\u00e0y k iron def body press \u0111c h\u1ea3?\n|c| Fortune Meow|Recover\n|\n|t:|1700562990\n|move|p1a: Catch these hands|Drain Punch|p2a: Avalugg\n|-supereffective|p2a: Avalugg\n|-damage|p2a: Avalugg|0 fnt\n|-heal|p1a: Catch these hands|30\/100|[from] drain|[of] p2a: Avalugg\n|faint|p2a: Avalugg\n|\n|upkeep\n|c| Fortune Meow|==\"\n|\n|t:|1700562997\n|switch|p2a: Conkeldurr|Conkeldurr, F|60\/100\n|turn|35\n|c|\u2606Ankakhang|Uh\n|\n|t:|1700563011\n|move|p1a: Catch these hands|Drain Punch|p2a: Conkeldurr\n|-damage|p2a: Conkeldurr|24\/100\n|-heal|p1a: Catch these hands|47\/100|[from] drain|[of] p2a: Conkeldurr\n|move|p2a: Conkeldurr|Bulk Up|p2a: Conkeldurr\n|-boost|p2a: Conkeldurr|atk|1\n|-boost|p2a: Conkeldurr|def|1\n|\n|upkeep\n|turn|36\n|c|\u2606Ankakhang|L\u1ebd ra l\u00fac \u0111\u1ea5y t n\u00ean b\u1ea3o l\u00e0 t ch\u01b0a s\u1eb5n s\u00e0ng\n|\n|t:|1700563031\n|move|p1a: Catch these hands|Drain Punch|p2a: Conkeldurr\n|-damage|p2a: Conkeldurr|0 fnt\n|-heal|p1a: Catch these hands|58\/100|[from] drain|[of] p2a: Conkeldurr\n|faint|p2a: Conkeldurr\n|\n|win|Ghoulish champ\n|l| Fortune Meow\n|c|\u2606Ghoulish champ|Gg\n|c|\u2606Ankakhang|Gg\n|c| JustAjynx xoxo|gg\n|c| SameAstolfo|Gg\n|l|\u2606Ghoulish champ\n|l| SameAstolfo\n|j|\u2606Ghoulish champ\n|player|p1|Ghoulish champ|allister\n","uploadtime":1700563087,"views":15,"p1id":"ghoulishchamp","p2id":"ankakhang","formatid":"gen9ou","rating":0,"private":0,"password":""}