{"id":"gen9ou-1988987302","p1":"LemonyPancake99","p2":"Diatere","format":"[Gen 9] OU","log":"|j|\u2606LemonyPancake99\n|j|\u2606Diatere\n|t:|1699798792\n|gametype|singles\n|player|p1|LemonyPancake99|brycen|1346\n|player|p2|Diatere|mina|1409\n|teamsize|p1|6\n|teamsize|p2|6\n|gen|9\n|tier|[Gen 9] OU\n|rated|\n|rule|Sleep Clause Mod: Limit one foe put to sleep\n|rule|Species Clause: Limit one of each Pok\u00e9mon\n|rule|OHKO Clause: OHKO moves are banned\n|rule|Evasion Items Clause: Evasion items are banned\n|rule|Evasion Moves Clause: Evasion moves are banned\n|rule|Endless Battle Clause: Forcing endless battles is banned\n|rule|HP Percentage Mod: HP is shown in percentages\n|clearpoke\n|poke|p1|Scizor, M|\n|poke|p1|Dragapult, M|\n|poke|p1|Ninetales-Alola, F|\n|poke|p1|Zapdos|\n|poke|p1|Samurott-Hisui, M|\n|poke|p1|Ogerpon-Cornerstone, F|\n|poke|p2|Manaphy|\n|poke|p2|Sneasler, F|\n|poke|p2|Ogerpon-Cornerstone, F|\n|poke|p2|Rillaboom, M|\n|poke|p2|Iron Valiant|\n|poke|p2|Hatterene, F|\n|teampreview\n|\n|t:|1699798798\n|start\n|switch|p1a: Zapperz|Zapdos, shiny|100\/100\n|switch|p2a: Equius|Rillaboom, M|100\/100\n|-fieldstart|move: Grassy Terrain|[from] ability: Grassy Surge|[of] p2a: Equius\n|turn|1\n|\n|t:|1699798807\n|move|p1a: Zapperz|Heat Wave|p2a: Equius\n|-supereffective|p2a: Equius\n|-damage|p2a: Equius|24\/100\n|move|p2a: Equius|Knock Off|p1a: Zapperz\n|-damage|p1a: Zapperz|43\/100\n|-enditem|p1a: Zapperz|Heavy-Duty Boots|[from] move: Knock Off|[of] p2a: Equius\n|\n|-heal|p2a: Equius|30\/100|[from] Grassy Terrain\n|upkeep\n|turn|2\n|\n|t:|1699798824\n|switch|p2a: Feferi|Hatterene, F|100\/100\n|-enditem|p2a: Feferi|Grassy Seed\n|-boost|p2a: Feferi|def|1|[from] item: Grassy Seed\n|move|p1a: Zapperz|Roost|p1a: Zapperz\n|-heal|p1a: Zapperz|93\/100\n|-singleturn|p1a: Zapperz|move: Roost\n|\n|-heal|p1a: Zapperz|99\/100|[from] Grassy Terrain\n|upkeep\n|turn|3\n|\n|t:|1699798830\n|move|p1a: Zapperz|Volt Switch|p2a: Feferi\n|-damage|p2a: Feferi|63\/100\n|\n|t:|1699798835\n|switch|p1a: Pulverise|Scizor, M, shiny|100\/100|[from] Volt Switch\n|move|p2a: Feferi|Calm Mind|p2a: Feferi\n|-boost|p2a: Feferi|spa|1\n|-boost|p2a: Feferi|spd|1\n|\n|-heal|p2a: Feferi|69\/100|[from] Grassy Terrain\n|upkeep\n|turn|4\n|\n|t:|1699798842\n|-terastallize|p2a: Feferi|Water\n|move|p1a: Pulverise|Bullet Punch|p2a: Feferi\n|-resisted|p2a: Feferi\n|-damage|p2a: Feferi|60\/100\n|move|p2a: Feferi|Mystical Fire|p1a: Pulverise\n|-supereffective|p1a: Pulverise\n|-damage|p1a: Pulverise|4\/100\n|-unboost|p1a: Pulverise|spa|1\n|\n|-heal|p1a: Pulverise|10\/100|[from] Grassy Terrain\n|-heal|p2a: Feferi|66\/100|[from] Grassy Terrain\n|upkeep\n|turn|5\n|\n|t:|1699798853\n|move|p1a: Pulverise|U-turn|p2a: Feferi\n|-damage|p2a: Feferi|42\/100\n|\n|t:|1699798856\n|switch|p1a: Samurai|Samurott-Hisui, M, shiny|100\/100|[from] U-turn\n|move|p2a: Feferi|Calm Mind|p2a: Feferi\n|-boost|p2a: Feferi|spa|1\n|-boost|p2a: Feferi|spd|1\n|\n|-heal|p2a: Feferi|48\/100|[from] Grassy Terrain\n|-fieldend|move: Grassy Terrain\n|upkeep\n|turn|6\n|\n|t:|1699798863\n|move|p1a: Samurai|Ceaseless Edge|p2a: Feferi|[miss]\n|-miss|p1a: Samurai|p2a: Feferi\n|move|p2a: Feferi|Draining Kiss|p1a: Samurai\n|-supereffective|p1a: Samurai\n|-damage|p1a: Samurai|28\/100\n|-heal|p2a: Feferi|100\/100|[from] drain|[of] p1a: Samurai\n|\n|upkeep\n|turn|7\n|\n|t:|1699798870\n|move|p1a: Samurai|Ceaseless Edge|p2a: Feferi\n|-damage|p2a: Feferi|73\/100\n|-sidestart|p2: Diatere|Spikes\n|move|p2a: Feferi|Draining Kiss|p1a: Samurai\n|-supereffective|p1a: Samurai\n|-damage|p1a: Samurai|0 fnt\n|-heal|p2a: Feferi|95\/100|[from] drain|[of] p1a: Samurai\n|faint|p1a: Samurai\n|\n|upkeep\n|\n|t:|1699798877\n|switch|p1a: Rocksalots|Ogerpon-Cornerstone, F|100\/100\n|turn|8\n|\n|t:|1699798881\n|move|p1a: Rocksalots|Horn Leech|p2a: Feferi\n|-supereffective|p2a: Feferi\n|-damage|p2a: Feferi|41\/100\n|move|p2a: Feferi|Draining Kiss|p1a: Rocksalots\n|-damage|p1a: Rocksalots|47\/100\n|-heal|p2a: Feferi|80\/100|[from] drain|[of] p1a: Rocksalots\n|\n|upkeep\n|turn|9\n|\n|t:|1699798888\n|move|p1a: Rocksalots|Horn Leech|p2a: Feferi\n|-supereffective|p2a: Feferi\n|-crit|p2a: Feferi\n|-damage|p2a: Feferi|0 fnt\n|-heal|p1a: Rocksalots|89\/100|[from] drain|[of] p2a: Feferi\n|faint|p2a: Feferi\n|\n|upkeep\n|\n|t:|1699798898\n|switch|p2a: Equius|Rillaboom, M|30\/100\n|-damage|p2a: Equius|18\/100|[from] Spikes\n|-fieldstart|move: Grassy Terrain|[from] ability: Grassy Surge|[of] p2a: Equius\n|turn|10\n|\n|t:|1699798904\n|move|p2a: Equius|Grassy Glide|p1a: Rocksalots\n|-damage|p1a: Rocksalots|21\/100\n|move|p1a: Rocksalots|U-turn|p2a: Equius\n|-supereffective|p2a: Equius\n|-damage|p2a: Equius|0 fnt\n|faint|p2a: Equius\n|\n|t:|1699798912\n|switch|p1a: Zapperz|Zapdos, shiny|99\/100|[from] U-turn\n|\n|upkeep\n|\n|t:|1699798921\n|switch|p2a: Nepeta|Sneasler, F|100\/100\n|-damage|p2a: Nepeta|88\/100|[from] Spikes\n|-enditem|p2a: Nepeta|Grassy Seed\n|-boost|p2a: Nepeta|def|1|[from] item: Grassy Seed\n|turn|11\n|\n|t:|1699798930\n|move|p2a: Nepeta|Dire Claw|p1a: Zapperz\n|-damage|p1a: Zapperz|46\/100\n|-status|p1a: Zapperz|slp\n|cant|p1a: Zapperz|slp\n|\n|-heal|p2a: Nepeta|94\/100|[from] Grassy Terrain\n|upkeep\n|turn|12\n|\n|t:|1699798934\n|move|p2a: Nepeta|Swords Dance|p2a: Nepeta\n|-boost|p2a: Nepeta|atk|2\n|-curestatus|p1a: Zapperz|slp|[msg]\n|move|p1a: Zapperz|Discharge|p2a: Nepeta\n|-damage|p2a: Nepeta|44\/100\n|\n|-heal|p2a: Nepeta|50\/100|[from] Grassy Terrain\n|upkeep\n|turn|13\n|\n|t:|1699798938\n|move|p2a: Nepeta|Dire Claw|p1a: Zapperz\n|-damage|p1a: Zapperz|0 fnt\n|faint|p1a: Zapperz\n|\n|-heal|p2a: Nepeta|56\/100|[from] Grassy Terrain\n|upkeep\n|\n|t:|1699798945\n|switch|p1a: Pulverise|Scizor, M, shiny|10\/100\n|turn|14\n|\n|t:|1699798949\n|move|p1a: Pulverise|Bullet Punch|p2a: Nepeta\n|-damage|p2a: Nepeta|18\/100\n|move|p2a: Nepeta|Acrobatics|p1a: Pulverise\n|-crit|p1a: Pulverise\n|-damage|p1a: Pulverise|0 fnt\n|faint|p1a: Pulverise\n|\n|-heal|p2a: Nepeta|24\/100|[from] Grassy Terrain\n|-fieldend|move: Grassy Terrain\n|upkeep\n|\n|t:|1699798960\n|switch|p1a: Spirit|Ninetales-Alola, F, shiny|100\/100\n|-weather|Snow|[from] ability: Snow Warning|[of] p1a: Spirit\n|turn|15\n|\n|t:|1699798965\n|-terastallize|p1a: Spirit|Fire\n|move|p2a: Nepeta|Dire Claw|p1a: Spirit\n|-damage|p1a: Spirit|0 fnt\n|faint|p1a: Spirit\n|\n|-weather|Snow|[upkeep]\n|upkeep\n|c|\u2606LemonyPancake99|lol\n|c|\u2606LemonyPancake99|the sleep rlly screwed me\n|\n|t:|1699798977\n|switch|p1a: Missile|Dragapult, M, shiny|100\/100\n|turn|16\n|c|\u2606Diatere|yh\n|c|\u2606Diatere|that 1\/6 is rare but sometimes\n|c|\u2606Diatere|yk\n|c|\u2606LemonyPancake99|imma say bad game bc luck\n|c|\u2606Diatere|agency agency\n|\n|t:|1699798993\n|move|p2a: Nepeta|Acrobatics|p1a: Missile\n|-damage|p1a: Missile|0 fnt\n|faint|p1a: Missile\n|\n|-weather|Snow|[upkeep]\n|upkeep\n|\n|t:|1699798996\n|switch|p1a: Rocksalots|Ogerpon-Cornerstone, F|21\/100\n|turn|17\n|\n|t:|1699798999\n|move|p2a: Nepeta|Dire Claw|p1a: Rocksalots\n|-damage|p1a: Rocksalots|0 fnt\n|faint|p1a: Rocksalots\n|\n|win|Diatere\n|raw|LemonyPancake99's rating: 1346 &rarr; <strong>1330<\/strong><br \/>(-16 for losing)\n|raw|Diatere's rating: 1409 &rarr; <strong>1425<\/strong><br \/>(+16 for winning)\n|c|\u2606Diatere|bad game\n|l|\u2606LemonyPancake99\n","uploadtime":1699799008,"views":8,"p1id":"lemonypancake99","p2id":"diatere","formatid":"gen9ou","rating":1330,"private":0,"password":""}