{"id":"gen9ou-1991852250","p1":"deetznutzzzz","p2":"cj_424","format":"[Gen 9] OU","log":"|j|\u203ddeetznutzzzz\n|j|\u2606cj_424\n|t:|1700128559\n|gametype|singles\n|player|p1|deetznutzzzz|1|1239\n|player|p2|cj_424|265|1154\n|teamsize|p1|6\n|teamsize|p2|6\n|gen|9\n|tier|[Gen 9] OU\n|rated|\n|rule|Sleep Clause Mod: Limit one foe put to sleep\n|rule|Species Clause: Limit one of each Pok\u00e9mon\n|rule|OHKO Clause: OHKO moves are banned\n|rule|Evasion Items Clause: Evasion items are banned\n|rule|Evasion Moves Clause: Evasion moves are banned\n|rule|Endless Battle Clause: Forcing endless battles is banned\n|rule|HP Percentage Mod: HP is shown in percentages\n|clearpoke\n|poke|p1|Fezandipiti, M|\n|poke|p1|Walking Wake|\n|poke|p1|Cinderace, M|\n|poke|p1|Empoleon, M|\n|poke|p1|Landorus-Therian, M|\n|poke|p1|Great Tusk|\n|poke|p2|Ogerpon-Wellspring, F|\n|poke|p2|Ribombee, M|\n|poke|p2|Corviknight, M|\n|poke|p2|Goodra-Hisui, M|\n|poke|p2|Greninja-*, M|\n|poke|p2|Toxapex, F|\n|teampreview\n|j| programofuse\n|\n|t:|1700128584\n|start\n|switch|p1a: Landorus|Landorus-Therian, M|100\/100\n|switch|p2a: Ogerpon|Ogerpon-Wellspring, F|100\/100\n|-ability|p1a: Landorus|Intimidate|boost\n|-unboost|p2a: Ogerpon|atk|1\n|turn|1\n|inactive|Battle timer is ON: inactive players will automatically lose when time's up. (requested by deetznutzzzz)\n|\n|t:|1700128592\n|-terastallize|p2a: Ogerpon|Water\n|detailschange|p2a: Ogerpon|Ogerpon-Wellspring-Tera, F, tera:Water\n|-ability|p2a: Ogerpon|Embody Aspect (Wellspring)|boost\n|-boost|p2a: Ogerpon|spd|1\n|-terastallize|p1a: Landorus|Water\n|move|p2a: Ogerpon|Swords Dance|p2a: Ogerpon\n|-boost|p2a: Ogerpon|atk|2\n|move|p1a: Landorus|U-turn|p2a: Ogerpon\n|-damage|p2a: Ogerpon|74\/100\n|\n|t:|1700128605\n|switch|p1a: Cinderace|Cinderace, M|100\/100|[from] U-turn\n|\n|upkeep\n|turn|2\n|\n|t:|1700128610\n|move|p1a: Cinderace|U-turn|p2a: Ogerpon\n|-start|p1a: Cinderace|typechange|Bug|[from] ability: Libero\n|-damage|p2a: Ogerpon|25\/100\n|\n|t:|1700128615\n|switch|p1a: Landorus|Landorus-Therian, M, tera:Water|100\/100|[from] U-turn\n|-ability|p1a: Landorus|Intimidate|boost\n|-unboost|p2a: Ogerpon|atk|1\n|move|p2a: Ogerpon|Ivy Cudgel|p1a: Landorus|[anim] Ivy Cudgel Water\n|-resisted|p1a: Landorus\n|-damage|p1a: Landorus|62\/100\n|\n|-heal|p1a: Landorus|68\/100|[from] item: Leftovers\n|upkeep\n|turn|3\n|\n|t:|1700128625\n|switch|p1a: Cinderace|Cinderace, M|100\/100\n|move|p2a: Ogerpon|Horn Leech|p1a: Cinderace\n|-resisted|p1a: Cinderace\n|-damage|p1a: Cinderace|69\/100\n|-heal|p2a: Ogerpon|41\/100|[from] drain|[of] p1a: Cinderace\n|\n|upkeep\n|turn|4\n|\n|t:|1700128637\n|move|p1a: Cinderace|U-turn|p2a: Ogerpon\n|-start|p1a: Cinderace|typechange|Bug|[from] ability: Libero\n|-damage|p2a: Ogerpon|0 fnt\n|faint|p2a: Ogerpon\n|\n|t:|1700128641\n|switch|p1a: Landorus|Landorus-Therian, M, tera:Water|68\/100|[from] U-turn\n|\n|-heal|p1a: Landorus|74\/100|[from] item: Leftovers\n|upkeep\n|\n|t:|1700128660\n|switch|p2a: Ribombee|Ribombee, M, shiny|100\/100\n|turn|5\n|\n|t:|1700128665\n|move|p2a: Ribombee|Quiver Dance|p2a: Ribombee\n|-boost|p2a: Ribombee|spa|1\n|-boost|p2a: Ribombee|spd|1\n|-boost|p2a: Ribombee|spe|1\n|move|p1a: Landorus|Bulk Up|p1a: Landorus\n|-boost|p1a: Landorus|atk|1\n|-boost|p1a: Landorus|def|1\n|\n|-heal|p1a: Landorus|80\/100|[from] item: Leftovers\n|upkeep\n|turn|6\n|\n|t:|1700128673\n|move|p2a: Ribombee|Sticky Web|p1a: Landorus\n|-sidestart|p1: deetznutzzzz|move: Sticky Web\n|move|p1a: Landorus|Smack Down|p2a: Ribombee\n|-supereffective|p2a: Ribombee\n|-damage|p2a: Ribombee|7\/100\n|\n|-heal|p1a: Landorus|86\/100|[from] item: Leftovers\n|upkeep\n|turn|7\n|\n|t:|1700128680\n|move|p2a: Ribombee|Moonblast|p1a: Landorus\n|-damage|p1a: Landorus|28\/100\n|-damage|p2a: Ribombee|0 fnt|[from] item: Life Orb\n|faint|p2a: Ribombee\n|move|p1a: Landorus|Smack Down|p2: Ribombee|[notarget]\n|-fail|p1a: Landorus\n|\n|-heal|p1a: Landorus|34\/100|[from] item: Leftovers\n|upkeep\n|\n|t:|1700128692\n|switch|p2a: Greninja|Greninja, M, shiny|100\/100\n|turn|8\n|\n|t:|1700128700\n|move|p2a: Greninja|Surf|p1a: Landorus\n|-start|p2a: Greninja|typechange|Water|[from] ability: Protean\n|-resisted|p1a: Landorus\n|-damage|p1a: Landorus|18\/100\n|move|p1a: Landorus|Earthquake|p2a: Greninja\n|-damage|p2a: Greninja|0 fnt\n|faint|p2a: Greninja\n|\n|-heal|p1a: Landorus|24\/100|[from] item: Leftovers\n|upkeep\n|\n|t:|1700128712\n|switch|p2a: Goodra|Goodra-Hisui, M|100\/100\n|turn|9\n|\n|t:|1700128715\n|move|p1a: Landorus|Earthquake|p2a: Goodra\n|-supereffective|p2a: Goodra\n|-crit|p2a: Goodra\n|-damage|p2a: Goodra|0 fnt\n|faint|p2a: Goodra\n|\n|-heal|p1a: Landorus|30\/100|[from] item: Leftovers\n|upkeep\n|\n|t:|1700128719\n|switch|p2a: Corviknight|Corviknight, M, shiny|100\/100\n|turn|10\n|\n|t:|1700128723\n|move|p1a: Landorus|Smack Down|p2a: Corviknight\n|-damage|p2a: Corviknight|78\/100\n|-start|p2a: Corviknight|Smack Down\n|move|p2a: Corviknight|Body Press|p1a: Landorus\n|-damage|p1a: Landorus|18\/100\n|\n|-heal|p1a: Landorus|24\/100|[from] item: Leftovers\n|-heal|p2a: Corviknight|84\/100|[from] item: Leftovers\n|upkeep\n|turn|11\n|\n|t:|1700128731\n|move|p1a: Landorus|Bulk Up|p1a: Landorus\n|-boost|p1a: Landorus|atk|1\n|-boost|p1a: Landorus|def|1\n|move|p2a: Corviknight|Drill Peck|p1a: Landorus\n|-damage|p1a: Landorus|5\/100\n|\n|-heal|p1a: Landorus|11\/100|[from] item: Leftovers\n|-heal|p2a: Corviknight|90\/100|[from] item: Leftovers\n|upkeep\n|turn|12\n|\n|t:|1700128740\n|move|p1a: Landorus|Earthquake|p2a: Corviknight\n|-supereffective|p2a: Corviknight\n|-damage|p2a: Corviknight|0 fnt\n|faint|p2a: Corviknight\n|\n|-heal|p1a: Landorus|18\/100|[from] item: Leftovers\n|upkeep\n|\n|t:|1700128745\n|switch|p2a: Toxapex|Toxapex, F, shiny|100\/100\n|turn|13\n|\n|t:|1700128750\n|move|p2a: Toxapex|Protect|p2a: Toxapex\n|-singleturn|p2a: Toxapex|Protect\n|move|p1a: Landorus|Earthquake|p2a: Toxapex\n|-activate|p2a: Toxapex|move: Protect\n|\n|-heal|p1a: Landorus|24\/100|[from] item: Leftovers\n|upkeep\n|turn|14\n|\n|t:|1700128756\n|move|p1a: Landorus|Earthquake|p2a: Toxapex\n|-supereffective|p2a: Toxapex\n|-damage|p2a: Toxapex|0 fnt\n|faint|p2a: Toxapex\n|\n|win|deetznutzzzz\n|raw|deetznutzzzz's rating: 1239 &rarr; <strong>1258<\/strong><br \/>(+19 for winning)\n|raw|cj_424's rating: 1154 &rarr; <strong>1135<\/strong><br \/>(-19 for losing)\n|l|\u2606cj_424\n|n|\u2606deetznutzzzz|deetznutzzzz\n|player|p1|deetznutzzzz|1\n|j| prince5\n|l| programofuse\n|j| Scubon\n","uploadtime":1700128786,"views":9,"p1id":"deetznutzzzz","p2id":"cj424","formatid":"gen9ou","rating":1135,"private":0,"password":""}