{"id":"gen9ou-1994235471","p1":"Adgio","p2":"Fredy2297","format":"[Gen 9] OU","log":"|j|\u2606Adgio\n|j|\u2606Fredy2297\n|t:|1700421906\n|gametype|singles\n|player|p1|Adgio|acetrainer-gen4dp|\n|player|p2|Fredy2297|102|\n|teamsize|p1|6\n|teamsize|p2|6\n|gen|9\n|tier|[Gen 9] OU\n|rule|Sleep Clause Mod: Limit one foe put to sleep\n|rule|Species Clause: Limit one of each Pok\u00e9mon\n|rule|OHKO Clause: OHKO moves are banned\n|rule|Evasion Items Clause: Evasion items are banned\n|rule|Evasion Moves Clause: Evasion moves are banned\n|rule|Endless Battle Clause: Forcing endless battles is banned\n|rule|HP Percentage Mod: HP is shown in percentages\n|clearpoke\n|poke|p1|Goodra, M|\n|poke|p1|Enamorus, F|\n|poke|p1|Iron Valiant|\n|poke|p1|Mimikyu, M|\n|poke|p1|Dondozo, M|\n|poke|p1|Pawmot, F|\n|poke|p2|Basculegion-F, F|\n|poke|p2|Pelipper, M|\n|poke|p2|Kilowattrel, M|\n|poke|p2|Overqwil, M|\n|poke|p2|Rillaboom, M|\n|poke|p2|Quaquaval, M|\n|teampreview\n|\n|t:|1700421919\n|start\n|switch|p1a: Goodra|Goodra, M|100\/100\n|switch|p2a: Rillaboom|Rillaboom, M|100\/100\n|-fieldstart|move: Grassy Terrain|[from] ability: Grassy Surge|[of] p2a: Rillaboom\n|turn|1\n|\n|t:|1700421935\n|switch|p2a: Overqwil|Overqwil, M|100\/100\n|move|p1a: Goodra|Flamethrower|p2a: Overqwil\n|-damage|p2a: Overqwil|51\/100\n|\n|-heal|p2a: Overqwil|57\/100|[from] Grassy Terrain\n|upkeep\n|turn|2\n|\n|t:|1700421946\n|switch|p1a: Dondozo|Dondozo, M|100\/100\n|move|p2a: Overqwil|Gunk Shot|p1a: Dondozo\n|-damage|p1a: Dondozo|72\/100\n|\n|-heal|p2a: Overqwil|63\/100|[from] Grassy Terrain\n|-heal|p1a: Dondozo|78\/100|[from] Grassy Terrain\n|-heal|p1a: Dondozo|85\/100|[from] item: Leftovers\n|upkeep\n|turn|3\n|\n|t:|1700421957\n|switch|p2a: Pelipper|Pelipper, M|100\/100\n|-weather|RainDance|[from] ability: Drizzle|[of] p2a: Pelipper\n|move|p1a: Dondozo|Liquidation|p2a: Pelipper\n|-resisted|p2a: Pelipper\n|-damage|p2a: Pelipper|83\/100\n|\n|-weather|RainDance|[upkeep]\n|-heal|p1a: Dondozo|91\/100|[from] Grassy Terrain\n|-heal|p1a: Dondozo|97\/100|[from] item: Leftovers\n|upkeep\n|turn|4\n|\n|t:|1700421970\n|move|p2a: Pelipper|Hurricane|p1a: Dondozo\n|-damage|p1a: Dondozo|64\/100\n|move|p1a: Dondozo|Curse|p1a: Dondozo\n|-unboost|p1a: Dondozo|spe|1\n|-boost|p1a: Dondozo|atk|1\n|-boost|p1a: Dondozo|def|1\n|\n|-weather|RainDance|[upkeep]\n|-heal|p1a: Dondozo|70\/100|[from] Grassy Terrain\n|-heal|p1a: Dondozo|76\/100|[from] item: Leftovers\n|upkeep\n|turn|5\n|\n|t:|1700421983\n|move|p2a: Pelipper|U-turn|p1a: Dondozo\n|-damage|p1a: Dondozo|74\/100\n|\n|t:|1700421994\n|switch|p2a: Kilowattrel|Kilowattrel, M|100\/100|[from] U-turn\n|move|p1a: Dondozo|Liquidation|p2a: Kilowattrel\n|-damage|p2a: Kilowattrel|0 fnt\n|faint|p2a: Kilowattrel\n|\n|-weather|RainDance|[upkeep]\n|-heal|p1a: Dondozo|80\/100|[from] Grassy Terrain\n|-heal|p1a: Dondozo|86\/100|[from] item: Leftovers\n|-fieldend|move: Grassy Terrain\n|upkeep\n|\n|t:|1700422011\n|switch|p2a: Basculegion|Basculegion-F, F|100\/100\n|turn|6\n|\n|t:|1700422020\n|switch|p1a: Goodra|Goodra, M|100\/100\n|-terastallize|p2a: Basculegion|Ghost\n|move|p2a: Basculegion|Shadow Ball|p1a: Goodra\n|-crit|p1a: Goodra\n|-damage|p1a: Goodra|52\/100\n|\n|-weather|RainDance|[upkeep]\n|upkeep\n|turn|7\n|\n|t:|1700422038\n|switch|p2a: Overqwil|Overqwil, M|63\/100\n|move|p1a: Goodra|Thunderbolt|p2a: Overqwil\n|-damage|p2a: Overqwil|15\/100\n|\n|-weather|RainDance|[upkeep]\n|upkeep\n|turn|8\n|\n|t:|1700422047\n|switch|p1a: Dondozo|Dondozo, M|86\/100\n|move|p2a: Overqwil|Gunk Shot|p1a: Dondozo\n|-damage|p1a: Dondozo|58\/100\n|\n|-weather|RainDance|[upkeep]\n|-heal|p1a: Dondozo|64\/100|[from] item: Leftovers\n|upkeep\n|turn|9\n|\n|t:|1700422065\n|move|p2a: Overqwil|Gunk Shot|p1a: Dondozo\n|-damage|p1a: Dondozo|37\/100\n|-status|p1a: Dondozo|psn\n|move|p1a: Dondozo|Liquidation|p2a: Overqwil\n|-damage|p2a: Overqwil|0 fnt\n|faint|p2a: Overqwil\n|\n|-weather|RainDance|[upkeep]\n|-heal|p1a: Dondozo|43\/100 psn|[from] item: Leftovers\n|-damage|p1a: Dondozo|31\/100 psn|[from] psn\n|upkeep\n|\n|t:|1700422079\n|switch|p2a: Basculegion|Basculegion-F, F, tera:Ghost|100\/100\n|turn|10\n|\n|t:|1700422088\n|move|p2a: Basculegion|Shadow Ball|p1a: Dondozo\n|-damage|p1a: Dondozo|0 fnt\n|faint|p1a: Dondozo\n|\n|-weather|none\n|upkeep\n|\n|t:|1700422092\n|switch|p1a: Pawmot|Pawmot, F|100\/100\n|turn|11\n|\n|t:|1700422103\n|switch|p2a: Rillaboom|Rillaboom, M|100\/100\n|-fieldstart|move: Grassy Terrain|[from] ability: Grassy Surge|[of] p2a: Rillaboom\n|move|p1a: Pawmot|Revival Blessing|p1a: Pawmot\n|\n|t:|1700422107\n|-heal|p1: Dondozo|50\/100|[from] move: Revival Blessing\n|\n|upkeep\n|turn|12\n|\n|t:|1700422118\n|move|p1a: Pawmot|Bulk Up|p1a: Pawmot\n|-boost|p1a: Pawmot|atk|1\n|-boost|p1a: Pawmot|def|1\n|move|p2a: Rillaboom|Wood Hammer|p1a: Pawmot\n|-damage|p1a: Pawmot|8\/100\n|-damage|p2a: Rillaboom|78\/100|[from] Recoil\n|\n|-heal|p1a: Pawmot|14\/100|[from] Grassy Terrain\n|-heal|p2a: Rillaboom|84\/100|[from] Grassy Terrain\n|upkeep\n|turn|13\n|\n|t:|1700422135\n|move|p2a: Rillaboom|Grassy Glide|p1a: Pawmot\n|-damage|p1a: Pawmot|0 fnt\n|faint|p1a: Pawmot\n|\n|-heal|p2a: Rillaboom|90\/100|[from] Grassy Terrain\n|upkeep\n|\n|t:|1700422139\n|switch|p1a: Goodra|Goodra, M|52\/100\n|turn|14\n|\n|t:|1700422149\n|switch|p2a: Pelipper|Pelipper, M|83\/100\n|-weather|RainDance|[from] ability: Drizzle|[of] p2a: Pelipper\n|move|p1a: Goodra|Flamethrower|p2a: Pelipper\n|-resisted|p2a: Pelipper\n|-damage|p2a: Pelipper|73\/100\n|\n|-weather|RainDance|[upkeep]\n|-heal|p1a: Goodra|58\/100|[from] Grassy Terrain\n|upkeep\n|turn|15\n|\n|t:|1700422160\n|move|p1a: Goodra|Thunderbolt|p2a: Pelipper\n|-supereffective|p2a: Pelipper\n|-damage|p2a: Pelipper|0 fnt\n|faint|p2a: Pelipper\n|\n|-weather|RainDance|[upkeep]\n|-heal|p1a: Goodra|64\/100|[from] Grassy Terrain\n|-fieldend|move: Grassy Terrain\n|upkeep\n|\n|t:|1700422174\n|switch|p2a: Basculegion|Basculegion-F, F, tera:Ghost|100\/100\n|turn|16\n|\n|t:|1700422178\n|move|p2a: Basculegion|Shadow Ball|p1a: Goodra\n|-damage|p1a: Goodra|29\/100\n|-unboost|p1a: Goodra|spd|1\n|move|p1a: Goodra|Thunderbolt|p2a: Basculegion\n|-damage|p2a: Basculegion|65\/100\n|\n|-weather|RainDance|[upkeep]\n|upkeep\n|turn|17\n|\n|t:|1700422189\n|move|p2a: Basculegion|Shadow Ball|p1a: Goodra\n|-damage|p1a: Goodra|0 fnt\n|faint|p1a: Goodra\n|\n|-weather|RainDance|[upkeep]\n|upkeep\n|\n|t:|1700422192\n|switch|p1a: Enamorus|Enamorus, F|100\/100\n|turn|18\n|\n|t:|1700422201\n|move|p2a: Basculegion|Shadow Ball|p1a: Enamorus\n|-enditem|p1a: Enamorus|Focus Sash\n|-damage|p1a: Enamorus|1\/100\n|move|p1a: Enamorus|Moonblast|p2a: Basculegion\n|-damage|p2a: Basculegion|10\/100\n|\n|-weather|RainDance|[upkeep]\n|upkeep\n|turn|19\n|\n|t:|1700422212\n|move|p2a: Basculegion|Shadow Ball|p1a: Enamorus\n|-damage|p1a: Enamorus|0 fnt\n|faint|p1a: Enamorus\n|\n|-weather|RainDance|[upkeep]\n|upkeep\n|\n|t:|1700422215\n|switch|p1a: Mimikyu|Mimikyu, M|100\/100\n|turn|20\n|\n|t:|1700422229\n|switch|p2a: Rillaboom|Rillaboom, M|90\/100\n|-fieldstart|move: Grassy Terrain|[from] ability: Grassy Surge|[of] p2a: Rillaboom\n|move|p1a: Mimikyu|Shadow Sneak|p2a: Rillaboom\n|-damage|p2a: Rillaboom|71\/100\n|-damage|p1a: Mimikyu|91\/100|[from] item: Life Orb\n|\n|-weather|RainDance|[upkeep]\n|-heal|p1a: Mimikyu|97\/100|[from] Grassy Terrain\n|-heal|p2a: Rillaboom|77\/100|[from] Grassy Terrain\n|upkeep\n|turn|21\n|\n|t:|1700422241\n|move|p2a: Rillaboom|Grassy Glide|p1a: Mimikyu\n|-activate|p1a: Mimikyu|ability: Disguise\n|-damage|p1a: Mimikyu|97\/100\n|detailschange|p1a: Mimikyu|Mimikyu-Busted, M\n|-damage|p1a: Mimikyu|84\/100|[from] pokemon: Mimikyu-Busted\n|move|p1a: Mimikyu|Play Rough|p2a: Rillaboom\n|-damage|p2a: Rillaboom|31\/100\n|-damage|p1a: Mimikyu|74\/100|[from] item: Life Orb\n|\n|-weather|none\n|-heal|p1a: Mimikyu|80\/100|[from] Grassy Terrain\n|-heal|p2a: Rillaboom|37\/100|[from] Grassy Terrain\n|upkeep\n|turn|22\n|\n|t:|1700422257\n|move|p2a: Rillaboom|Grassy Glide|p1a: Mimikyu\n|-damage|p1a: Mimikyu|18\/100\n|move|p1a: Mimikyu|Play Rough|p2a: Rillaboom\n|-damage|p2a: Rillaboom|0 fnt\n|faint|p2a: Rillaboom\n|-damage|p1a: Mimikyu|8\/100|[from] item: Life Orb\n|\n|-heal|p1a: Mimikyu|14\/100|[from] Grassy Terrain\n|upkeep\n|\n|t:|1700422276\n|switch|p2a: Quaquaval|Quaquaval, M|100\/100\n|turn|23\n|\n|t:|1700422281\n|switch|p1a: Dondozo|Dondozo, M|50\/100\n|move|p2a: Quaquaval|Knock Off|p1a: Dondozo\n|-damage|p1a: Dondozo|39\/100\n|-enditem|p1a: Dondozo|Leftovers|[from] move: Knock Off|[of] p2a: Quaquaval\n|\n|-heal|p1a: Dondozo|45\/100|[from] Grassy Terrain\n|upkeep\n|turn|24\n|\n|t:|1700422291\n|switch|p2a: Basculegion|Basculegion-F, F, tera:Ghost|10\/100\n|move|p1a: Dondozo|Liquidation|p2a: Basculegion\n|-damage|p2a: Basculegion|0 fnt\n|faint|p2a: Basculegion\n|\n|-heal|p1a: Dondozo|51\/100|[from] Grassy Terrain\n|-fieldend|move: Grassy Terrain\n|upkeep\n|\n|t:|1700422305\n|switch|p2a: Quaquaval|Quaquaval, M|100\/100\n|turn|25\n|\n|t:|1700422315\n|move|p2a: Quaquaval|Knock Off|p1a: Dondozo\n|-damage|p1a: Dondozo|43\/100\n|move|p1a: Dondozo|Curse|p1a: Dondozo\n|-unboost|p1a: Dondozo|spe|1\n|-boost|p1a: Dondozo|atk|1\n|-boost|p1a: Dondozo|def|1\n|\n|upkeep\n|turn|26\n|\n|t:|1700422332\n|move|p2a: Quaquaval|Knock Off|p1a: Dondozo\n|-damage|p1a: Dondozo|38\/100\n|move|p1a: Dondozo|Rest|p1a: Dondozo\n|-status|p1a: Dondozo|slp|[from] move: Rest\n|-heal|p1a: Dondozo|100\/100 slp|[silent]\n|\n|upkeep\n|turn|27\n|\n|t:|1700422347\n|move|p2a: Quaquaval|Knock Off|p1a: Dondozo\n|-damage|p1a: Dondozo|96\/100 slp\n|cant|p1a: Dondozo|slp\n|\n|upkeep\n|turn|28\n|\n|t:|1700422358\n|move|p2a: Quaquaval|Knock Off|p1a: Dondozo\n|-damage|p1a: Dondozo|90\/100 slp\n|cant|p1a: Dondozo|slp\n|\n|upkeep\n|turn|29\n|\n|t:|1700422367\n|move|p2a: Quaquaval|Knock Off|p1a: Dondozo\n|-damage|p1a: Dondozo|85\/100 slp\n|-curestatus|p1a: Dondozo|slp|[msg]\n|move|p1a: Dondozo|Body Press|p2a: Quaquaval\n|-damage|p2a: Quaquaval|65\/100\n|\n|upkeep\n|turn|30\n|\n|t:|1700422377\n|move|p2a: Quaquaval|Roost|p2a: Quaquaval\n|-heal|p2a: Quaquaval|100\/100\n|-singleturn|p2a: Quaquaval|move: Roost\n|move|p1a: Dondozo|Body Press|p2a: Quaquaval\n|-damage|p2a: Quaquaval|65\/100\n|\n|upkeep\n|turn|31\n|\n|t:|1700422402\n|move|p2a: Quaquaval|Roost|p2a: Quaquaval\n|-heal|p2a: Quaquaval|100\/100\n|-singleturn|p2a: Quaquaval|move: Roost\n|move|p1a: Dondozo|Curse|p1a: Dondozo\n|-unboost|p1a: Dondozo|spe|1\n|-boost|p1a: Dondozo|atk|1\n|-boost|p1a: Dondozo|def|1\n|\n|upkeep\n|turn|32\n|\n|t:|1700422419\n|move|p2a: Quaquaval|Knock Off|p1a: Dondozo\n|-damage|p1a: Dondozo|81\/100\n|move|p1a: Dondozo|Curse|p1a: Dondozo\n|-unboost|p1a: Dondozo|spe|1\n|-boost|p1a: Dondozo|atk|1\n|-boost|p1a: Dondozo|def|1\n|\n|upkeep\n|turn|33\n|\n|t:|1700422430\n|move|p2a: Quaquaval|Knock Off|p1a: Dondozo\n|-damage|p1a: Dondozo|77\/100\n|move|p1a: Dondozo|Body Press|p2a: Quaquaval\n|-damage|p2a: Quaquaval|41\/100\n|\n|upkeep\n|turn|34\n|\n|t:|1700422437\n|move|p2a: Quaquaval|Roost|p2a: Quaquaval\n|-heal|p2a: Quaquaval|91\/100\n|-singleturn|p2a: Quaquaval|move: Roost\n|move|p1a: Dondozo|Body Press|p2a: Quaquaval\n|-damage|p2a: Quaquaval|37\/100\n|\n|upkeep\n|turn|35\n|l|\u2606Adgio\n|player|p1|\n|j|\u2606Adgio\n|player|p1|Adgio|acetrainer-gen4dp\n|\n|t:|1700422497\n|move|p2a: Quaquaval|Roost|p2a: Quaquaval\n|-heal|p2a: Quaquaval|87\/100\n|-singleturn|p2a: Quaquaval|move: Roost\n|move|p1a: Dondozo|Body Press|p2a: Quaquaval\n|-damage|p2a: Quaquaval|27\/100\n|\n|upkeep\n|turn|36\n|\n|t:|1700422554\n|move|p2a: Quaquaval|Knock Off|p1a: Dondozo\n|-damage|p1a: Dondozo|75\/100\n|move|p1a: Dondozo|Body Press|p2a: Quaquaval\n|-damage|p2a: Quaquaval|0 fnt\n|faint|p2a: Quaquaval\n|\n|win|Adgio\n","uploadtime":1700422566,"views":56,"p1id":"adgio","p2id":"fredy2297","formatid":"gen9ou","rating":0,"private":0,"password":""}