{"id":"gen9ou-1999892211","p1":"Alayashiki","p2":"HardestGeezer","format":"[Gen 9] OU","log":"|j|\u2606Alayashiki\n|j|\u2606HardestGeezer\n|t:|1701127022\n|gametype|singles\n|player|p1|Alayashiki|malva|1488\n|player|p2|HardestGeezer|102|1481\n|teamsize|p1|6\n|teamsize|p2|6\n|gen|9\n|tier|[Gen 9] OU\n|rated|\n|rule|Sleep Clause Mod: Limit one foe put to sleep\n|rule|Species Clause: Limit one of each Pok\u00e9mon\n|rule|OHKO Clause: OHKO moves are banned\n|rule|Evasion Items Clause: Evasion items are banned\n|rule|Evasion Moves Clause: Evasion moves are banned\n|rule|Endless Battle Clause: Forcing endless battles is banned\n|rule|HP Percentage Mod: HP is shown in percentages\n|clearpoke\n|poke|p1|Samurott-Hisui, F|\n|poke|p1|Zapdos|\n|poke|p1|Kleavor, F|\n|poke|p1|Gholdengo|\n|poke|p1|Kingambit, M|\n|poke|p1|Hatterene, F|\n|poke|p2|Landorus-Therian, M|\n|poke|p2|Heatran, M|\n|poke|p2|Gholdengo|\n|poke|p2|Dragapult, M|\n|poke|p2|Samurott-Hisui, M|\n|poke|p2|Great Tusk|\n|teampreview\n|\n|t:|1701127030\n|start\n|switch|p1a: Muramasa|Samurott-Hisui, F, shiny|100\/100\n|switch|p2a: Landorus|Landorus-Therian, M|100\/100\n|-ability|p2a: Landorus|Intimidate|boost\n|-unboost|p1a: Muramasa|atk|1\n|turn|1\n|\n|t:|1701127037\n|move|p2a: Landorus|U-turn|p1a: Muramasa\n|-supereffective|p1a: Muramasa\n|-damage|p1a: Muramasa|36\/100\n|\n|t:|1701127042\n|switch|p2a: Samurott|Samurott-Hisui, M|100\/100|[from] U-turn\n|move|p1a: Muramasa|Flip Turn|p2a: Samurott\n|-resisted|p2a: Samurott\n|-damage|p2a: Samurott|85\/100\n|\n|t:|1701127046\n|switch|p1a: John|Kleavor, F|100\/100|[from] Flip Turn\n|\n|-heal|p2a: Samurott|91\/100|[from] item: Leftovers\n|upkeep\n|turn|2\n|\n|t:|1701127055\n|switch|p2a: Great Tusk|Great Tusk|100\/100\n|move|p1a: John|U-turn|p2a: Great Tusk\n|-resisted|p2a: Great Tusk\n|-damage|p2a: Great Tusk|91\/100\n|\n|t:|1701127058\n|switch|p1a: Bitch 1|Zapdos|100\/100|[from] U-turn\n|\n|-heal|p2a: Great Tusk|97\/100|[from] item: Leftovers\n|upkeep\n|turn|3\n|\n|t:|1701127065\n|-end|p2a: Great Tusk|Protosynthesis|[silent]\n|switch|p2a: Heatran|Heatran, M|100\/100\n|move|p1a: Bitch 1|Hurricane|p2a: Heatran\n|-resisted|p2a: Heatran\n|-damage|p2a: Heatran|83\/100\n|\n|-heal|p2a: Heatran|89\/100|[from] item: Leftovers\n|upkeep\n|turn|4\n|\n|t:|1701127073\n|move|p1a: Bitch 1|Volt Switch|p2a: Heatran\n|-damage|p2a: Heatran|66\/100\n|\n|t:|1701127081\n|switch|p1a: John|Kleavor, F|100\/100|[from] Volt Switch\n|move|p2a: Heatran|Will-O-Wisp|p1a: John\n|-status|p1a: John|brn\n|\n|-heal|p2a: Heatran|72\/100|[from] item: Leftovers\n|-damage|p1a: John|94\/100 brn|[from] brn\n|upkeep\n|turn|5\n|\n|t:|1701127091\n|switch|p2a: Great Tusk|Great Tusk|97\/100\n|move|p1a: John|Stone Axe|p2a: Great Tusk\n|-resisted|p2a: Great Tusk\n|-damage|p2a: Great Tusk|94\/100\n|-sidestart|p2: HardestGeezer|move: Stealth Rock\n|\n|-heal|p2a: Great Tusk|99\/100|[from] item: Leftovers\n|-damage|p1a: John|88\/100 brn|[from] brn\n|upkeep\n|turn|6\n|\n|t:|1701127103\n|switch|p1a: Bitch 2|Gholdengo|100\/100\n|move|p2a: Great Tusk|Knock Off|p1a: Bitch 2\n|-supereffective|p1a: Bitch 2\n|-damage|p1a: Bitch 2|38\/100\n|-enditem|p1a: Bitch 2|Choice Specs|[from] move: Knock Off|[of] p2a: Great Tusk\n|\n|-heal|p2a: Great Tusk|100\/100|[from] item: Leftovers\n|upkeep\n|turn|7\n|\n|t:|1701127116\n|switch|p1a: Bitch 1|Zapdos|100\/100\n|-end|p2a: Great Tusk|Protosynthesis|[silent]\n|switch|p2a: Samurott|Samurott-Hisui, M|91\/100\n|-damage|p2a: Samurott|79\/100|[from] Stealth Rock\n|\n|-heal|p2a: Samurott|85\/100|[from] item: Leftovers\n|upkeep\n|turn|8\n|\n|t:|1701127128\n|switch|p2a: Landorus|Landorus-Therian, M|100\/100\n|-damage|p2a: Landorus|88\/100|[from] Stealth Rock\n|-ability|p2a: Landorus|Intimidate|boost\n|-unboost|p1a: Bitch 1|atk|1\n|move|p1a: Bitch 1|Volt Switch|p2a: Landorus\n|-immune|p2a: Landorus\n|\n|upkeep\n|turn|9\n|\n|t:|1701127148\n|switch|p2a: Heatran|Heatran, M|72\/100\n|-damage|p2a: Heatran|60\/100|[from] Stealth Rock\n|move|p1a: Bitch 1|Volt Switch|p2a: Heatran\n|-damage|p2a: Heatran|38\/100\n|\n|t:|1701127157\n|switch|p1a: Muramasa|Samurott-Hisui, F, shiny|36\/100|[from] Volt Switch\n|\n|-heal|p2a: Heatran|44\/100|[from] item: Leftovers\n|upkeep\n|turn|10\n|\n|t:|1701127165\n|switch|p2a: Samurott|Samurott-Hisui, M|85\/100\n|-damage|p2a: Samurott|72\/100|[from] Stealth Rock\n|move|p1a: Muramasa|Ceaseless Edge|p2a: Samurott\n|-resisted|p2a: Samurott\n|-damage|p2a: Samurott|40\/100\n|-sidestart|p2: HardestGeezer|Spikes\n|\n|-heal|p2a: Samurott|46\/100|[from] item: Leftovers\n|upkeep\n|turn|11\n|\n|t:|1701127175\n|move|p1a: Muramasa|Ceaseless Edge|p2a: Samurott\n|-resisted|p2a: Samurott\n|-damage|p2a: Samurott|13\/100\n|-sidestart|p2: HardestGeezer|Spikes\n|move|p2a: Samurott|Ceaseless Edge|p1a: Muramasa\n|-resisted|p1a: Muramasa\n|-damage|p1a: Muramasa|5\/100\n|-sidestart|p1: Alayashiki|Spikes\n|\n|-heal|p2a: Samurott|19\/100|[from] item: Leftovers\n|upkeep\n|turn|12\n|\n|t:|1701127184\n|move|p2a: Samurott|Sucker Punch|p1a: Muramasa\n|-resisted|p1a: Muramasa\n|-damage|p1a: Muramasa|0 fnt\n|faint|p1a: Muramasa\n|\n|-heal|p2a: Samurott|25\/100|[from] item: Leftovers\n|upkeep\n|\n|t:|1701127210\n|switch|p1a: John|Kleavor, F|88\/100 brn\n|-damage|p1a: John|76\/100 brn|[from] Spikes\n|turn|13\n|\n|t:|1701127216\n|switch|p2a: Great Tusk|Great Tusk|100\/100\n|-damage|p2a: Great Tusk|98\/100|[from] Stealth Rock\n|-damage|p2a: Great Tusk|81\/100|[from] Spikes\n|move|p1a: John|U-turn|p2a: Great Tusk\n|-resisted|p2a: Great Tusk\n|-damage|p2a: Great Tusk|77\/100\n|\n|t:|1701127224\n|switch|p1a: Bitch 1|Zapdos|100\/100|[from] U-turn\n|\n|-heal|p2a: Great Tusk|83\/100|[from] item: Leftovers\n|upkeep\n|turn|14\n|\n|t:|1701127230\n|move|p1a: Bitch 1|Hurricane|p2a: Great Tusk\n|-supereffective|p2a: Great Tusk\n|-damage|p2a: Great Tusk|0 fnt\n|faint|p2a: Great Tusk\n|-end|p2a: Great Tusk|Protosynthesis|[silent]\n|\n|upkeep\n|-message|HardestGeezer forfeited.\n|\n|win|Alayashiki\n|raw|Alayashiki's rating: 1488 &rarr; <strong>1508<\/strong><br \/>(+20 for winning)\n|raw|HardestGeezer's rating: 1481 &rarr; <strong>1461<\/strong><br \/>(-20 for losing)\n|l|\u2606HardestGeezer\n","uploadtime":1701127240,"views":17,"p1id":"alayashiki","p2id":"hardestgeezer","formatid":"gen9ou","rating":1461,"private":0,"password":""}