{"id":"gen9ou-1993964674","p1":"GengartoOU","p2":"Defog Conk Enjoyer","format":"[Gen 9] OU","log":"|j|\u2606GengartoOU\n|j|\u2606Defog Conk Enjoyer\n|t:|1700384134\n|gametype|singles\n|player|p1|GengartoOU|1|1565\n|player|p2|Defog Conk Enjoyer|supernerd|1620\n|teamsize|p1|6\n|teamsize|p2|6\n|gen|9\n|tier|[Gen 9] OU\n|rated|\n|rule|Sleep Clause Mod: Limit one foe put to sleep\n|rule|Species Clause: Limit one of each Pok\u00e9mon\n|rule|OHKO Clause: OHKO moves are banned\n|rule|Evasion Items Clause: Evasion items are banned\n|rule|Evasion Moves Clause: Evasion moves are banned\n|rule|Endless Battle Clause: Forcing endless battles is banned\n|rule|HP Percentage Mod: HP is shown in percentages\n|clearpoke\n|poke|p1|Glimmora, F|\n|poke|p1|Greninja-*, M|\n|poke|p1|Sneasler, M|\n|poke|p1|Ogerpon-Wellspring, F|\n|poke|p1|Kingambit, F|\n|poke|p1|Great Tusk|\n|poke|p2|Ogerpon-Wellspring, F|\n|poke|p2|Rillaboom, M|\n|poke|p2|Sneasler, M|\n|poke|p2|Glimmora, F|\n|poke|p2|Gholdengo|\n|poke|p2|Iron Valiant|\n|teampreview\n|j| Katagiri Nanase\n|\n|t:|1700384167\n|start\n|switch|p1a: AD (hurt)|Glimmora, F|100\/100\n|switch|p2a: Beyblade|Glimmora, F|100\/100\n|turn|1\n|\n|t:|1700384181\n|move|p1a: AD (hurt)|Earth Power|p2a: Beyblade\n|-supereffective|p2a: Beyblade\n|-enditem|p2a: Beyblade|Focus Sash\n|-damage|p2a: Beyblade|1\/100\n|move|p2a: Beyblade|Earth Power|p1a: AD (hurt)\n|-supereffective|p1a: AD (hurt)\n|-enditem|p1a: AD (hurt)|Focus Sash\n|-damage|p1a: AD (hurt)|1\/100\n|\n|upkeep\n|turn|2\n|\n|t:|1700384184\n|move|p1a: AD (hurt)|Mortal Spin|p2a: Beyblade\n|-resisted|p2a: Beyblade\n|-damage|p2a: Beyblade|0 fnt\n|-activate|p2a: Beyblade|ability: Toxic Debris\n|-sidestart|p1: GengartoOU|move: Toxic Spikes\n|-sideend|p1: GengartoOU|Toxic Spikes|[from] move: Mortal Spin|[of] p1a: AD (hurt)\n|faint|p2a: Beyblade\n|\n|upkeep\n|j| ShedTailHater\n|\n|t:|1700384190\n|switch|p2a: Walter White|Gholdengo|100\/100\n|turn|3\n|\n|t:|1700384193\n|move|p2a: Walter White|Dazzling Gleam|p1a: AD (hurt)\n|-resisted|p1a: AD (hurt)\n|-damage|p1a: AD (hurt)|0 fnt\n|faint|p1a: AD (hurt)\n|\n|upkeep\n|\n|t:|1700384197\n|switch|p1a: Jokic|Ogerpon-Wellspring, F|100\/100\n|turn|4\n|\n|t:|1700384202\n|switch|p2a: Once-ler|Sneasler, M, shiny|100\/100\n|move|p1a: Jokic|Swords Dance|p1a: Jokic\n|-boost|p1a: Jokic|atk|2\n|\n|upkeep\n|turn|5\n|\n|t:|1700384209\n|-terastallize|p1a: Jokic|Water\n|detailschange|p1a: Jokic|Ogerpon-Wellspring-Tera, F, tera:Water\n|-ability|p1a: Jokic|Embody Aspect (Wellspring)|boost\n|-boost|p1a: Jokic|spd|1\n|move|p2a: Once-ler|Dire Claw|p1a: Jokic\n|-damage|p1a: Jokic|49\/100\n|move|p1a: Jokic|Ivy Cudgel|p2a: Once-ler|[anim] Ivy Cudgel Water\n|-damage|p2a: Once-ler|0 fnt\n|faint|p2a: Once-ler\n|\n|upkeep\n|\n|t:|1700384220\n|switch|p2a: Harambe|Rillaboom, M, shiny|100\/100\n|-fieldstart|move: Grassy Terrain|[from] ability: Grassy Surge|[of] p2a: Harambe\n|turn|6\n|\n|t:|1700384222\n|switch|p1a: Lebron|Kingambit, F|100\/100\n|-activate|p1a: Lebron|ability: Supreme Overlord\n|-start|p1a: Lebron|fallen1|[silent]\n|move|p2a: Harambe|Grassy Glide|p1a: Lebron\n|-resisted|p1a: Lebron\n|-damage|p1a: Lebron|84\/100\n|\n|-heal|p1a: Lebron|91\/100|[from] Grassy Terrain\n|-heal|p1a: Lebron|97\/100|[from] item: Leftovers\n|upkeep\n|turn|7\n|\n|t:|1700384226\n|move|p2a: Harambe|U-turn|p1a: Lebron\n|-damage|p1a: Lebron|74\/100\n|\n|t:|1700384230\n|switch|p2a: Kill\/Them|Iron Valiant|100\/100|[from] U-turn\n|-enditem|p2a: Kill\/Them|Booster Energy\n|-activate|p2a: Kill\/Them|ability: Quark Drive|[fromitem]\n|-start|p2a: Kill\/Them|quarkdrivespe\n|move|p1a: Lebron|Kowtow Cleave|p2a: Kill\/Them\n|-resisted|p2a: Kill\/Them\n|-damage|p2a: Kill\/Them|84\/100\n|\n|-heal|p2a: Kill\/Them|90\/100|[from] Grassy Terrain\n|-heal|p1a: Lebron|80\/100|[from] Grassy Terrain\n|-heal|p1a: Lebron|86\/100|[from] item: Leftovers\n|upkeep\n|turn|8\n|\n|t:|1700384237\n|-end|p1a: Lebron|fallen1|[silent]\n|switch|p1a: Curry|Sneasler, M|100\/100\n|move|p2a: Kill\/Them|Encore||[still]\n|-fail|p2a: Kill\/Them\n|\n|-heal|p2a: Kill\/Them|96\/100|[from] Grassy Terrain\n|upkeep\n|turn|9\n|inactive|Battle timer is ON: inactive players will automatically lose when time's up. (requested by GengartoOU)\n|\n|t:|1700384252\n|-terastallize|p2a: Kill\/Them|Steel\n|move|p1a: Curry|Fake Out|p2a: Kill\/Them\n|-resisted|p2a: Kill\/Them\n|-damage|p2a: Kill\/Them|88\/100\n|cant|p2a: Kill\/Them|flinch\n|\n|-heal|p2a: Kill\/Them|94\/100|[from] Grassy Terrain\n|upkeep\n|turn|10\n|\n|t:|1700384258\n|move|p2a: Kill\/Them|Spirit Break|p1a: Curry\n|-damage|p1a: Curry|35\/100\n|-unboost|p1a: Curry|spa|1\n|move|p1a: Curry|Close Combat|p2a: Kill\/Them\n|-supereffective|p2a: Kill\/Them\n|-damage|p2a: Kill\/Them|0 fnt\n|-unboost|p1a: Curry|def|1\n|-unboost|p1a: Curry|spd|1\n|faint|p2a: Kill\/Them\n|-end|p2a: Kill\/Them|Quark Drive|[silent]\n|\n|-heal|p1a: Curry|41\/100|[from] Grassy Terrain\n|-fieldend|move: Grassy Terrain\n|upkeep\n|\n|t:|1700384268\n|switch|p2a: Harambe|Rillaboom, M, shiny|100\/100\n|-fieldstart|move: Grassy Terrain|[from] ability: Grassy Surge|[of] p2a: Harambe\n|turn|11\n|\n|t:|1700384277\n|switch|p1a: luka|Greninja, M|100\/100\n|move|p2a: Harambe|Grassy Glide|p1a: luka\n|-supereffective|p1a: luka\n|-damage|p1a: luka|0 fnt\n|faint|p1a: luka\n|\n|upkeep\n|\n|t:|1700384279\n|switch|p1a: Lebron|Kingambit, F|86\/100\n|-activate|p1a: Lebron|ability: Supreme Overlord\n|-start|p1a: Lebron|fallen2|[silent]\n|turn|12\n|\n|t:|1700384281\n|move|p2a: Harambe|U-turn|p1a: Lebron\n|-damage|p1a: Lebron|64\/100\n|\n|t:|1700384283\n|switch|p2a: Rei|Ogerpon-Wellspring, F|100\/100|[from] U-turn\n|move|p1a: Lebron|Kowtow Cleave|p2a: Rei\n|-damage|p2a: Rei|26\/100\n|\n|-heal|p2a: Rei|32\/100|[from] Grassy Terrain\n|-heal|p1a: Lebron|70\/100|[from] Grassy Terrain\n|-heal|p1a: Lebron|76\/100|[from] item: Leftovers\n|upkeep\n|turn|13\n|\n|t:|1700384286\n|move|p2a: Rei|Ivy Cudgel|p1a: Lebron|[anim] Ivy Cudgel Water\n|-damage|p1a: Lebron|29\/100\n|move|p1a: Lebron|Kowtow Cleave|p2a: Rei\n|-damage|p2a: Rei|0 fnt\n|faint|p2a: Rei\n|\n|-heal|p1a: Lebron|35\/100|[from] Grassy Terrain\n|-heal|p1a: Lebron|41\/100|[from] item: Leftovers\n|upkeep\n|\n|t:|1700384297\n|switch|p2a: Harambe|Rillaboom, M, shiny|100\/100\n|turn|14\n|\n|t:|1700384299\n|move|p1a: Lebron|Sucker Punch|p2a: Harambe\n|-damage|p2a: Harambe|56\/100\n|move|p2a: Harambe|Wood Hammer|p1a: Lebron\n|-resisted|p1a: Lebron\n|-crit|p1a: Lebron\n|-damage|p1a: Lebron|0 fnt\n|faint|p1a: Lebron\n|-end|p1a: Lebron|fallen2|[silent]\n|-damage|p2a: Harambe|44\/100|[from] Recoil\n|\n|-heal|p2a: Harambe|50\/100|[from] Grassy Terrain\n|upkeep\n|l| Katagiri Nanase\n|\n|t:|1700384303\n|switch|p1a: Curry|Sneasler, M|41\/100\n|turn|15\n|\n|t:|1700384309\n|switch|p2a: Walter White|Gholdengo|100\/100\n|move|p1a: Curry|U-turn|p2a: Walter White\n|-resisted|p2a: Walter White\n|-damage|p2a: Walter White|93\/100\n|\n|t:|1700384312\n|switch|p1a: Jokic|Ogerpon-Wellspring-Tera, F, tera:Water|49\/100|[from] U-turn\n|-ability|p1a: Jokic|Embody Aspect (Wellspring)|boost\n|-boost|p1a: Jokic|spd|1\n|\n|-heal|p2a: Walter White|99\/100|[from] Grassy Terrain\n|-heal|p1a: Jokic|55\/100|[from] Grassy Terrain\n|-fieldend|move: Grassy Terrain\n|upkeep\n|turn|16\n|\n|t:|1700384318\n|switch|p2a: Harambe|Rillaboom, M, shiny|50\/100\n|-fieldstart|move: Grassy Terrain|[from] ability: Grassy Surge|[of] p2a: Harambe\n|move|p1a: Jokic|Ivy Cudgel|p2a: Harambe|[anim] Ivy Cudgel Water\n|-resisted|p2a: Harambe\n|-damage|p2a: Harambe|14\/100\n|\n|-heal|p1a: Jokic|61\/100|[from] Grassy Terrain\n|-heal|p2a: Harambe|21\/100|[from] Grassy Terrain\n|upkeep\n|turn|17\n|j| Katagiri Nanase\n|\n|t:|1700384322\n|switch|p1a: Embiid|Great Tusk|100\/100\n|move|p2a: Harambe|Grassy Glide|p1a: Embiid\n|-supereffective|p1a: Embiid\n|-damage|p1a: Embiid|63\/100\n|\n|-heal|p1a: Embiid|69\/100|[from] Grassy Terrain\n|-heal|p1a: Embiid|76\/100|[from] item: Leftovers\n|-heal|p2a: Harambe|27\/100|[from] Grassy Terrain\n|upkeep\n|turn|18\n|l| ShedTailHater\n|\n|t:|1700384330\n|switch|p2a: Walter White|Gholdengo|99\/100\n|move|p1a: Embiid|Ice Spinner|p2a: Walter White\n|-resisted|p2a: Walter White\n|-damage|p2a: Walter White|86\/100\n|-fieldend|move: Grassy Terrain\n|\n|-heal|p1a: Embiid|82\/100|[from] item: Leftovers\n|upkeep\n|turn|19\n|\n|t:|1700384334\n|move|p2a: Walter White|Dazzling Gleam|p1a: Embiid\n|-supereffective|p1a: Embiid\n|-damage|p1a: Embiid|13\/100\n|move|p1a: Embiid|Earthquake|p2a: Walter White\n|-supereffective|p2a: Walter White\n|-damage|p2a: Walter White|0 fnt\n|faint|p2a: Walter White\n|\n|-heal|p1a: Embiid|19\/100|[from] item: Leftovers\n|upkeep\n|\n|t:|1700384336\n|switch|p2a: Harambe|Rillaboom, M, shiny|27\/100\n|-fieldstart|move: Grassy Terrain|[from] ability: Grassy Surge|[of] p2a: Harambe\n|turn|20\n|\n|t:|1700384339\n|move|p2a: Harambe|Grassy Glide|p1a: Embiid\n|-supereffective|p1a: Embiid\n|-damage|p1a: Embiid|0 fnt\n|faint|p1a: Embiid\n|-end|p1a: Embiid|Protosynthesis|[silent]\n|\n|-heal|p2a: Harambe|33\/100|[from] Grassy Terrain\n|upkeep\n|\n|t:|1700384341\n|switch|p1a: Curry|Sneasler, M|41\/100\n|turn|21\n|\n|t:|1700384345\n|move|p1a: Curry|Fake Out|p2a: Harambe\n|-damage|p2a: Harambe|21\/100\n|cant|p2a: Harambe|flinch\n|\n|-heal|p1a: Curry|47\/100|[from] Grassy Terrain\n|-heal|p2a: Harambe|27\/100|[from] Grassy Terrain\n|upkeep\n|turn|22\n|\n|t:|1700384347\n|move|p2a: Harambe|Grassy Glide|p1a: Curry\n|-resisted|p1a: Curry\n|-crit|p1a: Curry\n|-damage|p1a: Curry|0 fnt\n|faint|p1a: Curry\n|\n|-heal|p2a: Harambe|33\/100|[from] Grassy Terrain\n|upkeep\n|\n|t:|1700384352\n|switch|p1a: Jokic|Ogerpon-Wellspring-Tera, F, tera:Water|61\/100\n|-ability|p1a: Jokic|Embody Aspect (Wellspring)|boost\n|-boost|p1a: Jokic|spd|1\n|turn|23\n|\n|t:|1700384353\n|move|p2a: Harambe|Grassy Glide|p1a: Jokic\n|-supereffective|p1a: Jokic\n|-damage|p1a: Jokic|0 fnt\n|faint|p1a: Jokic\n|\n|win|Defog Conk Enjoyer\n|raw|GengartoOU's rating: 1565 &rarr; <strong>1548<\/strong><br \/>(-17 for losing)\n|raw|Defog Conk Enjoyer's rating: 1620 &rarr; <strong>1637<\/strong><br \/>(+17 for winning)\n|l| Katagiri Nanase\n|l|\u2606GengartoOU\n","uploadtime":1700384362,"views":28,"p1id":"gengartoou","p2id":"defogconkenjoyer","formatid":"gen9ou","rating":1548,"private":0,"password":""}