{"id":"gen9ou-1989890798","p1":"XxDESTblackout","p2":"uheiygehgejgehge","format":"[Gen 9] OU","log":"|j|\u2606XxDESTblackout\n|j|\u2606uheiygehgejgehge\n|t:|1699904302\n|gametype|singles\n|player|p1|XxDESTblackout|burglar|1361\n|player|p2|uheiygehgejgehge|lance|1287\n|teamsize|p1|6\n|teamsize|p2|6\n|gen|9\n|tier|[Gen 9] OU\n|rated|\n|rule|Sleep Clause Mod: Limit one foe put to sleep\n|rule|Species Clause: Limit one of each Pok\u00e9mon\n|rule|OHKO Clause: OHKO moves are banned\n|rule|Evasion Items Clause: Evasion items are banned\n|rule|Evasion Moves Clause: Evasion moves are banned\n|rule|Endless Battle Clause: Forcing endless battles is banned\n|rule|HP Percentage Mod: HP is shown in percentages\n|clearpoke\n|poke|p1|Heatran, F|\n|poke|p1|Zapdos|\n|poke|p1|Ogerpon-Wellspring, F|\n|poke|p1|Iron Moth|\n|poke|p1|Garchomp, M|\n|poke|p1|Iron Valiant|\n|poke|p2|Iron Moth|\n|poke|p2|Garchomp, F|\n|poke|p2|Glimmora, F|\n|poke|p2|Sneasler, M|\n|poke|p2|Thundurus-Therian, M|\n|poke|p2|Quaquaval, F|\n|teampreview\n|inactive|Battle timer is ON: inactive players will automatically lose when time's up. (requested by XxDESTblackout)\n|\n|t:|1699904320\n|start\n|switch|p1a: Back to OU|Garchomp, M, shiny|100\/100\n|switch|p2a: Glimmora|Glimmora, F, shiny|100\/100\n|turn|1\n|\n|t:|1699904335\n|move|p1a: Back to OU|Earthquake|p2a: Glimmora\n|-supereffective|p2a: Glimmora\n|-enditem|p2a: Glimmora|Focus Sash\n|-damage|p2a: Glimmora|1\/100\n|-activate|p2a: Glimmora|ability: Toxic Debris\n|-sidestart|p1: XxDESTblackout|move: Toxic Spikes\n|move|p2a: Glimmora|Stealth Rock|p1a: Back to OU\n|-sidestart|p1: XxDESTblackout|move: Stealth Rock\n|\n|upkeep\n|turn|2\n|\n|t:|1699904340\n|move|p1a: Back to OU|Earthquake|p2a: Glimmora\n|-supereffective|p2a: Glimmora\n|-damage|p2a: Glimmora|0 fnt\n|-activate|p2a: Glimmora|ability: Toxic Debris\n|-sidestart|p1: XxDESTblackout|move: Toxic Spikes\n|faint|p2a: Glimmora\n|\n|upkeep\n|\n|t:|1699904349\n|switch|p2a: Quaquaval|Quaquaval, F, shiny|100\/100\n|turn|3\n|\n|t:|1699904362\n|switch|p1a: Ogerpon|Ogerpon-Wellspring, F|100\/100\n|-status|p1a: Ogerpon|tox\n|-damage|p1a: Ogerpon|88\/100 tox|[from] Stealth Rock\n|move|p2a: Quaquaval|Ice Spinner|p1a: Ogerpon\n|-damage|p1a: Ogerpon|55\/100 tox\n|\n|-damage|p1a: Ogerpon|49\/100 tox|[from] psn\n|upkeep\n|turn|4\n|\n|t:|1699904367\n|move|p1a: Ogerpon|Horn Leech|p2a: Quaquaval\n|-supereffective|p2a: Quaquaval\n|-damage|p2a: Quaquaval|0 fnt\n|-heal|p1a: Ogerpon|100\/100 tox|[from] drain|[of] p2a: Quaquaval\n|faint|p2a: Quaquaval\n|\n|-damage|p1a: Ogerpon|89\/100 tox|[from] psn\n|upkeep\n|\n|t:|1699904371\n|switch|p2a: Sneasler|Sneasler, M, shiny|100\/100\n|turn|5\n|\n|t:|1699904381\n|move|p2a: Sneasler|Fake Out|p1a: Ogerpon\n|-enditem|p2a: Sneasler|Normal Gem|[from] gem\n|-damage|p1a: Ogerpon|61\/100 tox\n|cant|p1a: Ogerpon|flinch\n|\n|-damage|p1a: Ogerpon|43\/100 tox|[from] psn\n|upkeep\n|turn|6\n|\n|t:|1699904391\n|move|p2a: Sneasler|Acrobatics|p1a: Ogerpon\n|-supereffective|p1a: Ogerpon\n|-damage|p1a: Ogerpon|0 fnt\n|faint|p1a: Ogerpon\n|\n|upkeep\n|\n|t:|1699904403\n|switch|p1a: Iron Moth|Iron Moth|100\/100\n|-sideend|p1: XxDESTblackout|move: Toxic Spikes|[of] p1a: Iron Moth\n|-damage|p1a: Iron Moth|76\/100|[from] Stealth Rock\n|-enditem|p1a: Iron Moth|Booster Energy\n|-activate|p1a: Iron Moth|ability: Quark Drive|[fromitem]\n|-start|p1a: Iron Moth|quarkdrivespe\n|turn|7\n|\n|t:|1699904413\n|-terastallize|p1a: Iron Moth|Psychic\n|move|p2a: Sneasler|Acrobatics|p1a: Iron Moth\n|-damage|p1a: Iron Moth|10\/100\n|move|p1a: Iron Moth|Psychic|p2a: Sneasler\n|-supereffective|p2a: Sneasler\n|-damage|p2a: Sneasler|0 fnt\n|faint|p2a: Sneasler\n|\n|upkeep\n|\n|t:|1699904420\n|switch|p2a: Garchomp|Garchomp, F|100\/100\n|turn|8\n|\n|t:|1699904422\n|move|p1a: Iron Moth|Psychic|p2a: Garchomp\n|-damage|p2a: Garchomp|53\/100\n|move|p2a: Garchomp|Scale Shot|p1a: Iron Moth\n|-damage|p1a: Iron Moth|0 fnt\n|faint|p1a: Iron Moth\n|-end|p1a: Iron Moth|Quark Drive|[silent]\n|-hitcount|p1: Iron Moth|1\n|-unboost|p2a: Garchomp|def|1\n|-boost|p2a: Garchomp|spe|1\n|\n|upkeep\n|\n|t:|1699904426\n|switch|p1a: Back to OU|Garchomp, M, shiny|100\/100\n|-damage|p1a: Back to OU|94\/100|[from] Stealth Rock\n|turn|9\n|\n|t:|1699904429\n|move|p1a: Back to OU|Outrage|p2a: Garchomp\n|-supereffective|p2a: Garchomp\n|-damage|p2a: Garchomp|0 fnt\n|-damage|p1a: Back to OU|82\/100|[from] ability: Rough Skin|[of] p2a: Garchomp\n|-damage|p1a: Back to OU|65\/100|[from] item: Rocky Helmet|[of] p2a: Garchomp\n|faint|p2a: Garchomp\n|\n|upkeep\n|\n|t:|1699904435\n|switch|p2a: Thundurus|Thundurus-Therian, M|100\/100\n|turn|10\n|\n|t:|1699904437\n|move|p1a: Back to OU|Outrage|p2a: Thundurus|[from]lockedmove\n|-damage|p2a: Thundurus|5\/100\n|move|p2a: Thundurus|Psychic|p1a: Back to OU\n|-damage|p1a: Back to OU|29\/100\n|\n|upkeep\n|turn|11\n|\n|t:|1699904443\n|move|p1a: Back to OU|Outrage|p2a: Thundurus|[from]lockedmove\n|-damage|p2a: Thundurus|0 fnt\n|faint|p2a: Thundurus\n|-start|p1a: Back to OU|confusion|[fatigue]\n|\n|upkeep\n|\n|t:|1699904445\n|switch|p2a: Iron Moth|Iron Moth, shiny|100\/100\n|-enditem|p2a: Iron Moth|Booster Energy\n|-activate|p2a: Iron Moth|ability: Quark Drive|[fromitem]\n|-start|p2a: Iron Moth|quarkdrivespa\n|turn|12\n|\n|t:|1699904447\n|-terastallize|p2a: Iron Moth|Flying\n|-activate|p1a: Back to OU|confusion\n|move|p1a: Back to OU|Outrage|p2a: Iron Moth\n|-damage|p2a: Iron Moth|0 fnt\n|faint|p2a: Iron Moth\n|-end|p2a: Iron Moth|Quark Drive|[silent]\n|\n|win|XxDESTblackout\n|raw|XxDESTblackout's rating: 1361 &rarr; <strong>1377<\/strong><br \/>(+16 for winning)\n|raw|uheiygehgejgehge's rating: 1287 &rarr; <strong>1267<\/strong><br \/>(-20 for losing)\n|l|\u2606uheiygehgejgehge\n","uploadtime":1699904454,"views":20,"p1id":"xxdestblackout","p2id":"uheiygehgejgehge","formatid":"gen9ou","rating":1267,"private":0,"password":""}