{"id":"gen9ou-1999661718","p1":"Valt10","p2":"PLAYB0I R0BBIE B","format":"[Gen 9] OU","log":"|j|\u2606Valt10\n|j|\u2606PLAYB0I R0BBIE B\n|t:|1701105598\n|gametype|singles\n|player|p1|Valt10|shadowtriad|1413\n|player|p2|PLAYB0I R0BBIE B|eusine|1384\n|teamsize|p1|6\n|teamsize|p2|6\n|gen|9\n|tier|[Gen 9] OU\n|rated|\n|rule|Sleep Clause Mod: Limit one foe put to sleep\n|rule|Species Clause: Limit one of each Pok\u00e9mon\n|rule|OHKO Clause: OHKO moves are banned\n|rule|Evasion Items Clause: Evasion items are banned\n|rule|Evasion Moves Clause: Evasion moves are banned\n|rule|Endless Battle Clause: Forcing endless battles is banned\n|rule|HP Percentage Mod: HP is shown in percentages\n|clearpoke\n|poke|p1|Rillaboom, M|\n|poke|p1|Hawlucha, M|\n|poke|p1|Dragapult, M|\n|poke|p1|Kingambit, M|\n|poke|p1|Cinderace, F|\n|poke|p1|Rotom-Wash|\n|poke|p2|Great Tusk|\n|poke|p2|Hoopa-Unbound|\n|poke|p2|Dragapult, F|\n|poke|p2|Moltres|\n|poke|p2|Garganacl, F|\n|poke|p2|Manaphy|\n|teampreview\n|inactive|Battle timer is ON: inactive players will automatically lose when time's up. (requested by Valt10)\n|\n|t:|1701105610\n|start\n|switch|p1a: Rotom|Rotom-Wash|100\/100\n|switch|p2a: Hoopa|Hoopa-Unbound|100\/100\n|turn|1\n|\n|t:|1701105624\n|switch|p2a: Dragapult|Dragapult, F|100\/100\n|move|p1a: Rotom|Volt Switch|p2a: Dragapult\n|-resisted|p2a: Dragapult\n|-damage|p2a: Dragapult|79\/100\n|\n|t:|1701105629\n|switch|p1a: Rillaboom|Rillaboom, M|100\/100|[from] Volt Switch\n|-fieldstart|move: Grassy Terrain|[from] ability: Grassy Surge|[of] p1a: Rillaboom\n|\n|-heal|p2a: Dragapult|85\/100|[from] Grassy Terrain\n|upkeep\n|turn|2\n|\n|t:|1701105633\n|move|p2a: Dragapult|U-turn|p1a: Rillaboom\n|-supereffective|p1a: Rillaboom\n|-damage|p1a: Rillaboom|63\/100\n|\n|t:|1701105637\n|switch|p2a: Moltres|Moltres|100\/100|[from] U-turn\n|move|p1a: Rillaboom|Knock Off|p2a: Moltres\n|-damage|p2a: Moltres|44\/100\n|-enditem|p2a: Moltres|Heavy-Duty Boots|[from] move: Knock Off|[of] p1a: Rillaboom\n|\n|-heal|p1a: Rillaboom|69\/100|[from] Grassy Terrain\n|upkeep\n|turn|3\n|\n|t:|1701105642\n|switch|p1a: Rotom|Rotom-Wash|100\/100\n|move|p2a: Moltres|Flamethrower|p1a: Rotom\n|-resisted|p1a: Rotom\n|-damage|p1a: Rotom|76\/100\n|\n|upkeep\n|turn|4\n|\n|t:|1701105647\n|switch|p2a: Dragapult|Dragapult, F|85\/100\n|move|p1a: Rotom|Trick|p2a: Dragapult\n|-activate|p1a: Rotom|move: Trick|[of] p2a: Dragapult\n|-item|p2a: Dragapult|Choice Scarf|[from] move: Trick\n|-item|p1a: Rotom|Choice Specs|[from] move: Trick\n|\n|-heal|p2a: Dragapult|91\/100|[from] Grassy Terrain\n|upkeep\n|turn|5\n|\n|t:|1701105658\n|move|p2a: Dragapult|Shadow Ball|p1a: Rotom\n|-damage|p1a: Rotom|25\/100\n|move|p1a: Rotom|Hydro Pump|p2a: Dragapult|[miss]\n|-miss|p1a: Rotom|p2a: Dragapult\n|\n|-heal|p2a: Dragapult|97\/100|[from] Grassy Terrain\n|-fieldend|move: Grassy Terrain\n|upkeep\n|turn|6\n|\n|t:|1701105668\n|switch|p1a: Kingambit|Kingambit, M, shiny|100\/100\n|move|p2a: Dragapult|Shadow Ball|p1a: Kingambit\n|-resisted|p1a: Kingambit\n|-damage|p1a: Kingambit|83\/100\n|\n|upkeep\n|turn|7\n|\n|t:|1701105675\n|switch|p2a: Moltres|Moltres|44\/100\n|move|p1a: Kingambit|Iron Head|p2a: Moltres\n|-resisted|p2a: Moltres\n|-damage|p2a: Moltres|20\/100\n|-status|p1a: Kingambit|brn|[from] ability: Flame Body|[of] p2a: Moltres\n|-enditem|p1a: Kingambit|Lum Berry|[eat]\n|-curestatus|p1a: Kingambit|brn|[msg]\n|\n|upkeep\n|turn|8\n|\n|t:|1701105680\n|move|p1a: Kingambit|Sucker Punch||[still]\n|-fail|p1a: Kingambit\n|move|p2a: Moltres|Roost|p2a: Moltres\n|-heal|p2a: Moltres|70\/100\n|-singleturn|p2a: Moltres|move: Roost\n|\n|upkeep\n|turn|9\n|\n|t:|1701105685\n|-end|p1a: Kingambit|fallenundefined|[silent]\n|switch|p1a: Rotom|Rotom-Wash|25\/100\n|move|p2a: Moltres|Will-O-Wisp|p1a: Rotom\n|-status|p1a: Rotom|brn\n|\n|-damage|p1a: Rotom|19\/100 brn|[from] brn\n|upkeep\n|turn|10\n|\n|t:|1701105692\n|switch|p2a: Dragapult|Dragapult, F|97\/100\n|move|p1a: Rotom|Trick|p2a: Dragapult\n|-activate|p1a: Rotom|move: Trick|[of] p2a: Dragapult\n|-item|p2a: Dragapult|Choice Specs|[from] move: Trick\n|-item|p1a: Rotom|Choice Scarf|[from] move: Trick\n|\n|-damage|p1a: Rotom|12\/100 brn|[from] brn\n|upkeep\n|turn|11\n|\n|t:|1701105697\n|move|p1a: Rotom|Shadow Ball|p2a: Dragapult\n|-supereffective|p2a: Dragapult\n|-damage|p2a: Dragapult|29\/100\n|move|p2a: Dragapult|Shadow Ball|p1a: Rotom\n|-damage|p1a: Rotom|0 fnt\n|faint|p1a: Rotom\n|\n|upkeep\n|\n|t:|1701105701\n|switch|p1a: Rillaboom|Rillaboom, M|69\/100\n|-fieldstart|move: Grassy Terrain|[from] ability: Grassy Surge|[of] p1a: Rillaboom\n|turn|12\n|\n|t:|1701105707\n|switch|p2a: Moltres|Moltres|70\/100\n|move|p1a: Rillaboom|U-turn|p2a: Moltres\n|-resisted|p2a: Moltres\n|-damage|p2a: Moltres|61\/100\n|\n|t:|1701105716\n|switch|p1a: Dragapult|Dragapult, M, shiny|100\/100|[from] U-turn\n|\n|upkeep\n|turn|13\n|\n|t:|1701105727\n|switch|p2a: Garganacl|Garganacl, F|100\/100\n|move|p1a: Dragapult|Shadow Ball|p2a: Garganacl\n|-damage|p2a: Garganacl|87\/100\n|-damage|p1a: Dragapult|91\/100|[from] item: Life Orb\n|\n|-heal|p1a: Dragapult|97\/100|[from] Grassy Terrain\n|-heal|p2a: Garganacl|93\/100|[from] Grassy Terrain\n|-heal|p2a: Garganacl|99\/100|[from] item: Leftovers\n|upkeep\n|turn|14\n|\n|t:|1701105739\n|switch|p1a: Kingambit|Kingambit, M, shiny|83\/100\n|-activate|p1a: Kingambit|ability: Supreme Overlord\n|-start|p1a: Kingambit|fallen1|[silent]\n|move|p2a: Garganacl|Salt Cure|p1a: Kingambit\n|-resisted|p1a: Kingambit\n|-damage|p1a: Kingambit|78\/100\n|-start|p1a: Kingambit|Salt Cure\n|\n|-heal|p1a: Kingambit|84\/100|[from] Grassy Terrain\n|-heal|p2a: Garganacl|100\/100|[from] Grassy Terrain\n|-damage|p1a: Kingambit|59\/100|[from] Salt Cure\n|upkeep\n|turn|15\n|\n|t:|1701105751\n|switch|p2a: Moltres|Moltres|61\/100\n|move|p1a: Kingambit|Low Kick|p2a: Moltres\n|-resisted|p2a: Moltres\n|-damage|p2a: Moltres|43\/100\n|-status|p1a: Kingambit|brn|[from] ability: Flame Body|[of] p2a: Moltres\n|\n|-heal|p1a: Kingambit|65\/100 brn|[from] Grassy Terrain\n|-damage|p1a: Kingambit|59\/100 brn|[from] brn\n|-damage|p1a: Kingambit|34\/100 brn|[from] Salt Cure\n|upkeep\n|turn|16\n|\n|t:|1701105754\n|move|p1a: Kingambit|Sucker Punch||[still]\n|-fail|p1a: Kingambit\n|move|p2a: Moltres|Roost|p2a: Moltres\n|-heal|p2a: Moltres|93\/100\n|-singleturn|p2a: Moltres|move: Roost\n|\n|-heal|p2a: Moltres|99\/100|[from] Grassy Terrain\n|-heal|p1a: Kingambit|40\/100 brn|[from] Grassy Terrain\n|-damage|p1a: Kingambit|34\/100 brn|[from] brn\n|-damage|p1a: Kingambit|9\/100 brn|[from] Salt Cure\n|-fieldend|move: Grassy Terrain\n|upkeep\n|turn|17\n|\n|t:|1701105762\n|move|p1a: Kingambit|Sucker Punch|p2a: Moltres\n|-damage|p2a: Moltres|78\/100\n|move|p2a: Moltres|Flamethrower|p1a: Kingambit\n|-supereffective|p1a: Kingambit\n|-damage|p1a: Kingambit|0 fnt\n|faint|p1a: Kingambit\n|-end|p1a: Kingambit|fallen1|[silent]\n|\n|upkeep\n|\n|t:|1701105766\n|switch|p1a: Rillaboom|Rillaboom, M|69\/100\n|-fieldstart|move: Grassy Terrain|[from] ability: Grassy Surge|[of] p1a: Rillaboom\n|turn|18\n|\n|t:|1701105772\n|move|p1a: Rillaboom|Knock Off|p2a: Moltres\n|-damage|p2a: Moltres|41\/100\n|move|p2a: Moltres|Will-O-Wisp|p1a: Rillaboom\n|-status|p1a: Rillaboom|brn\n|\n|-heal|p1a: Rillaboom|75\/100 brn|[from] Grassy Terrain\n|-damage|p1a: Rillaboom|69\/100 brn|[from] brn\n|upkeep\n|turn|19\n|\n|t:|1701105776\n|move|p1a: Rillaboom|Knock Off|p2a: Moltres\n|-damage|p2a: Moltres|25\/100\n|move|p2a: Moltres|Roost|p2a: Moltres\n|-heal|p2a: Moltres|75\/100\n|-singleturn|p2a: Moltres|move: Roost\n|\n|-heal|p1a: Rillaboom|75\/100 brn|[from] Grassy Terrain\n|-heal|p2a: Moltres|81\/100|[from] Grassy Terrain\n|-damage|p1a: Rillaboom|69\/100 brn|[from] brn\n|upkeep\n|turn|20\n|\n|t:|1701105781\n|move|p1a: Rillaboom|Knock Off|p2a: Moltres\n|-damage|p2a: Moltres|63\/100\n|move|p2a: Moltres|Flamethrower|p1a: Rillaboom\n|-supereffective|p1a: Rillaboom\n|-damage|p1a: Rillaboom|0 fnt\n|faint|p1a: Rillaboom\n|\n|upkeep\n|\n|t:|1701105783\n|switch|p1a: Rey Misterio|Hawlucha, M|100\/100\n|-enditem|p1a: Rey Misterio|Grassy Seed\n|-boost|p1a: Rey Misterio|def|1|[from] item: Grassy Seed\n|turn|21\n|\n|t:|1701105791\n|move|p1a: Rey Misterio|Acrobatics|p2a: Moltres\n|-crit|p2a: Moltres\n|-damage|p2a: Moltres|0 fnt\n|faint|p2a: Moltres\n|\n|upkeep\n|\n|t:|1701105797\n|switch|p2a: Garganacl|Garganacl, F|100\/100\n|turn|22\n|\n|t:|1701105804\n|-terastallize|p2a: Garganacl|Water\n|move|p1a: Rey Misterio|Swords Dance|p1a: Rey Misterio\n|-boost|p1a: Rey Misterio|atk|2\n|move|p2a: Garganacl|Iron Defense|p2a: Garganacl\n|-boost|p2a: Garganacl|def|2\n|\n|-fieldend|move: Grassy Terrain\n|upkeep\n|turn|23\n|\n|t:|1701105812\n|move|p1a: Rey Misterio|Acrobatics|p2a: Garganacl\n|-crit|p2a: Garganacl\n|-damage|p2a: Garganacl|0 fnt\n|faint|p2a: Garganacl\n|\n|upkeep\n|\n|t:|1701105824\n|switch|p2a: Great Tusk|Great Tusk|100\/100\n|turn|24\n|\n|t:|1701105833\n|move|p1a: Rey Misterio|Swords Dance|p1a: Rey Misterio\n|-boost|p1a: Rey Misterio|atk|2\n|move|p2a: Great Tusk|Ice Spinner|p1a: Rey Misterio\n|-supereffective|p1a: Rey Misterio\n|-damage|p1a: Rey Misterio|51\/100\n|\n|upkeep\n|turn|25\n|c|\u2606PLAYB0I R0BBIE B|two lucky crits\n|\n|t:|1701105843\n|move|p1a: Rey Misterio|Acrobatics|p2a: Great Tusk\n|-supereffective|p2a: Great Tusk\n|-damage|p2a: Great Tusk|0 fnt\n|faint|p2a: Great Tusk\n|-end|p2a: Great Tusk|Protosynthesis|[silent]\n|\n|upkeep\n|\n|t:|1701105847\n|switch|p2a: Manaphy|Manaphy|100\/100\n|turn|26\n|\n|t:|1701105851\n|move|p1a: Rey Misterio|Acrobatics|p2a: Manaphy\n|-damage|p2a: Manaphy|7\/100\n|move|p2a: Manaphy|Acid Armor|p2a: Manaphy\n|-boost|p2a: Manaphy|def|2\n|\n|-heal|p2a: Manaphy|14\/100|[from] item: Leftovers\n|upkeep\n|turn|27\n|\n|t:|1701105855\n|move|p1a: Rey Misterio|Acrobatics|p2a: Manaphy\n|-damage|p2a: Manaphy|0 fnt\n|faint|p2a: Manaphy\n|\n|upkeep\n|\n|t:|1701105858\n|switch|p2a: Hoopa|Hoopa-Unbound|100\/100\n|turn|28\n|\n|t:|1701105867\n|move|p1a: Rey Misterio|Acrobatics|p2a: Hoopa\n|-damage|p2a: Hoopa|0 fnt\n|faint|p2a: Hoopa\n|\n|upkeep\n|\n|t:|1701105869\n|switch|p2a: Dragapult|Dragapult, F|29\/100\n|turn|29\n|\n|t:|1701105872\n|move|p1a: Rey Misterio|Acrobatics|p2a: Dragapult\n|-damage|p2a: Dragapult|0 fnt\n|faint|p2a: Dragapult\n|\n|win|Valt10\n|raw|Valt10's rating: 1413 &rarr; <strong>1431<\/strong><br \/>(+18 for winning)\n|raw|PLAYB0I R0BBIE B's rating: 1384 &rarr; <strong>1366<\/strong><br \/>(-18 for losing)\n|l|\u2606Valt10\n","uploadtime":1701105876,"views":2,"p1id":"valt10","p2id":"playb0ir0bbieb","formatid":"gen9ou","rating":1366,"private":0,"password":""}