{"id":"gen9ou-1990844647","p1":"Nucleartogepis","p2":"ShadowTagPorygon","format":"[Gen 9] OU","log":"|j|\u2606Nucleartogepis\n|j|\u2606ShadowTagPorygon\n|t:|1700006810\n|gametype|singles\n|player|p1|Nucleartogepis|265|\n|player|p2|ShadowTagPorygon|265|\n|teamsize|p1|1\n|teamsize|p2|1\n|gen|9\n|tier|[Gen 9] OU\n|rule|Sleep Clause Mod: Limit one foe put to sleep\n|rule|Species Clause: Limit one of each Pok\u00e9mon\n|rule|OHKO Clause: OHKO moves are banned\n|rule|Evasion Items Clause: Evasion items are banned\n|rule|Evasion Moves Clause: Evasion moves are banned\n|rule|Endless Battle Clause: Forcing endless battles is banned\n|rule|HP Percentage Mod: HP is shown in percentages\n|clearpoke\n|poke|p1|Ribombee, M|\n|poke|p2|Kingambit, M|\n|teampreview\n|\n|t:|1700006815\n|start\n|switch|p1a: Ribombee|Ribombee, M|100\/100\n|switch|p2a: Kingambit|Kingambit, M|100\/100\n|turn|1\n|\n|t:|1700006819\n|move|p2a: Kingambit|Sucker Punch||[still]\n|-fail|p2a: Kingambit\n|move|p1a: Ribombee|Skill Swap|p2a: Kingambit\n|-activate|p1a: Ribombee|move: Skill Swap|Supreme Overlord|Shield Dust|[of] p2a: Kingambit\n|-end|p2a: Kingambit|fallenundefined|[silent]\n|\n|-damage|p1a: Ribombee|88\/100|[from] item: Sticky Barb\n|upkeep\n|turn|2\n|c|\u2606Nucleartogepis|LOL\n|c|\u2606ShadowTagPorygon|Sticky barb LOL\n|c|\u2606ShadowTagPorygon|Alright congrats on the ability\n|c|\u2606Nucleartogepis|Click sucker again\n|\n|t:|1700006851\n|move|p2a: Kingambit|Sucker Punch||[still]\n|-fail|p2a: Kingambit\n|move|p1a: Ribombee|Trick|p2a: Kingambit\n|-activate|p1a: Ribombee|move: Trick|[of] p2a: Kingambit\n|-item|p2a: Kingambit|Sticky Barb|[from] move: Trick\n|-enditem|p1a: Ribombee|Sticky Barb|[silent]|[from] move: Trick\n|\n|-damage|p2a: Kingambit|88\/100|[from] item: Sticky Barb\n|upkeep\n|turn|3\n|c|\u2606Nucleartogepis|Bamboozled\n|\n|t:|1700006867\n|move|p2a: Kingambit|Sucker Punch||[still]\n|-fail|p2a: Kingambit\n|move|p1a: Ribombee|Sticky Web|p2a: Kingambit\n|-sidestart|p2: ShadowTagPorygon|move: Sticky Web\n|\n|-damage|p2a: Kingambit|76\/100|[from] item: Sticky Barb\n|upkeep\n|turn|4\n|\n|t:|1700006877\n|move|p1a: Ribombee|Moonblast|p2a: Kingambit\n|-damage|p2a: Kingambit|47\/100\n|move|p2a: Kingambit|Air Slash|p1a: Ribombee\n|-supereffective|p1a: Ribombee\n|-damage|p1a: Ribombee|57\/100\n|\n|-damage|p2a: Kingambit|34\/100|[from] item: Sticky Barb\n|upkeep\n|turn|5\n|\n|t:|1700006884\n|move|p1a: Ribombee|Moonblast|p2a: Kingambit\n|-damage|p2a: Kingambit|6\/100\n|move|p2a: Kingambit|Air Slash|p1a: Ribombee\n|-supereffective|p1a: Ribombee\n|-damage|p1a: Ribombee|23\/100\n|\n|-damage|p2a: Kingambit|0 fnt|[from] item: Sticky Barb\n|faint|p2a: Kingambit\n|\n|win|Nucleartogepis\n|upkeep\n|c|\u2606ShadowTagPorygon|This is all I got\n|c|\u2606ShadowTagPorygon|Gg you win all my points\n|c|\u2606ShadowTagPorygon|Upload this as a replay for next week\n|c|\u2606Nucleartogepis|Ribombee my awesome kingambit counter\n","uploadtime":1700006913,"views":15,"p1id":"nucleartogepis","p2id":"shadowtagporygon","formatid":"gen9ou","rating":0,"private":0,"password":""}