{"id":"gen9ou-1996110438","p1":"Fdhhehe","p2":"zasdxcfgvhbn","format":"[Gen 9] OU","log":"|j|\u2606Fdhhehe\n|j|\u2606zasdxcfgvhbn\n|t:|1700645693\n|gametype|singles\n|player|p1|Fdhhehe|101|1098\n|player|p2|zasdxcfgvhbn|266|1162\n|teamsize|p1|6\n|teamsize|p2|6\n|gen|9\n|tier|[Gen 9] OU\n|rated|\n|rule|Sleep Clause Mod: Limit one foe put to sleep\n|rule|Species Clause: Limit one of each Pok\u00e9mon\n|rule|OHKO Clause: OHKO moves are banned\n|rule|Evasion Items Clause: Evasion items are banned\n|rule|Evasion Moves Clause: Evasion moves are banned\n|rule|Endless Battle Clause: Forcing endless battles is banned\n|rule|HP Percentage Mod: HP is shown in percentages\n|clearpoke\n|poke|p1|Garganacl, M|\n|poke|p1|Umbreon, F|\n|poke|p1|Goodra-Hisui, M|\n|poke|p1|Spiritomb, M|\n|poke|p1|Toxapex, F|\n|poke|p1|Dondozo, F|\n|poke|p2|Weavile, F|\n|poke|p2|Kingambit, M|\n|poke|p2|Great Tusk|\n|poke|p2|Moltres|\n|poke|p2|Iron Valiant|\n|poke|p2|Alomomola, M|\n|teampreview\n|\n|t:|1700645703\n|start\n|switch|p1a: Spiritomb|Spiritomb, M|100\/100\n|switch|p2a: Great Tusk|Great Tusk|100\/100\n|-ability|p1a: Spiritomb|Pressure\n|-enditem|p2a: Great Tusk|Booster Energy\n|-activate|p2a: Great Tusk|ability: Protosynthesis|[fromitem]\n|-start|p2a: Great Tusk|protosynthesisspe\n|turn|1\n|\n|t:|1700645714\n|move|p2a: Great Tusk|Bulk Up|p2a: Great Tusk\n|-boost|p2a: Great Tusk|atk|1\n|-boost|p2a: Great Tusk|def|1\n|move|p1a: Spiritomb|Will-O-Wisp|p2a: Great Tusk\n|-status|p2a: Great Tusk|brn\n|\n|-damage|p2a: Great Tusk|94\/100 brn|[from] brn\n|upkeep\n|turn|2\n|\n|t:|1700645731\n|move|p2a: Great Tusk|Bulk Up|p2a: Great Tusk\n|-boost|p2a: Great Tusk|atk|1\n|-boost|p2a: Great Tusk|def|1\n|move|p1a: Spiritomb|Pain Split|p2a: Great Tusk\n|-sethp|p2a: Great Tusk|82\/100 brn|[from] move: Pain Split|[silent]\n|-sethp|p1a: Spiritomb|100\/100|[from] move: Pain Split\n|\n|-damage|p2a: Great Tusk|76\/100 brn|[from] brn\n|upkeep\n|turn|3\n|\n|t:|1700645741\n|switch|p1a: Dondozo|Dondozo, F|100\/100\n|move|p2a: Great Tusk|Bulk Up|p2a: Great Tusk\n|-boost|p2a: Great Tusk|atk|1\n|-boost|p2a: Great Tusk|def|1\n|\n|-damage|p2a: Great Tusk|70\/100 brn|[from] brn\n|upkeep\n|turn|4\n|\n|t:|1700645751\n|-end|p2a: Great Tusk|Protosynthesis|[silent]\n|switch|p2a: Alomomola|Alomomola, M|100\/100\n|move|p1a: Dondozo|Liquidation|p2a: Alomomola\n|-resisted|p2a: Alomomola\n|-damage|p2a: Alomomola|92\/100\n|\n|-heal|p2a: Alomomola|98\/100|[from] item: Leftovers\n|upkeep\n|turn|5\n|\n|t:|1700645761\n|switch|p1a: Goodra|Goodra-Hisui, M|100\/100\n|move|p2a: Alomomola|Scald|p1a: Goodra\n|-resisted|p1a: Goodra\n|-damage|p1a: Goodra|98\/100\n|-status|p1a: Goodra|brn\n|\n|-heal|p2a: Alomomola|100\/100|[from] item: Leftovers\n|-damage|p1a: Goodra|92\/100 brn|[from] brn\n|upkeep\n|turn|6\n|inactive|Battle timer is ON: inactive players will automatically lose when time's up. (requested by zasdxcfgvhbn)\n|\n|t:|1700645776\n|move|p2a: Alomomola|Protect|p2a: Alomomola\n|-singleturn|p2a: Alomomola|Protect\n|move|p1a: Goodra|Thunderbolt|p2a: Alomomola\n|-activate|p2a: Alomomola|move: Protect\n|\n|-damage|p1a: Goodra|86\/100 brn|[from] brn\n|upkeep\n|turn|7\n|\n|t:|1700645799\n|switch|p2a: Moltres|Moltres|100\/100\n|move|p1a: Goodra|Dragon Pulse|p2a: Moltres\n|-damage|p2a: Moltres|76\/100\n|\n|-damage|p1a: Goodra|80\/100 brn|[from] brn\n|upkeep\n|turn|8\n|\n|t:|1700645824\n|move|p2a: Moltres|Roost|p2a: Moltres\n|-heal|p2a: Moltres|100\/100\n|-singleturn|p2a: Moltres|move: Roost\n|move|p1a: Goodra|Thunderbolt|p2a: Moltres\n|-damage|p2a: Moltres|85\/100\n|\n|-damage|p1a: Goodra|74\/100 brn|[from] brn\n|upkeep\n|turn|9\n|\n|t:|1700645852\n|switch|p1a: Toxapex|Toxapex, F|100\/100\n|move|p2a: Moltres|U-turn|p1a: Toxapex\n|-resisted|p1a: Toxapex\n|-damage|p1a: Toxapex|96\/100\n|\n|t:|1700645869\n|switch|p2a: Kingambit|Kingambit, M|100\/100|[from] U-turn\n|\n|-heal|p1a: Toxapex|100\/100|[from] item: Black Sludge\n|upkeep\n|turn|10\n|inactive|Fdhhehe has 120 seconds left.\n|\n|t:|1700645898\n|switch|p1a: Dondozo|Dondozo, F|100\/100\n|move|p2a: Kingambit|Kowtow Cleave|p1a: Dondozo\n|-damage|p1a: Dondozo|73\/100\n|\n|upkeep\n|turn|11\n|inactive|Fdhhehe has 120 seconds left.\n|\n|t:|1700645905\n|-end|p2a: Kingambit|fallenundefined|[silent]\n|switch|p2a: Alomomola|Alomomola, M|100\/100\n|move|p1a: Dondozo|Yawn|p2a: Alomomola\n|-start|p2a: Alomomola|move: Yawn|[of] p1a: Dondozo\n|\n|upkeep\n|turn|12\n|inactive|Fdhhehe has 120 seconds left.\n|\n|t:|1700645916\n|switch|p1a: Umbreon|Umbreon, F|100\/100\n|move|p2a: Alomomola|Flip Turn|p1a: Umbreon\n|-damage|p1a: Umbreon|88\/100\n|\n|t:|1700645927\n|switch|p2a: Great Tusk|Great Tusk|70\/100 brn|[from] Flip Turn\n|\n|-heal|p1a: Umbreon|94\/100|[from] item: Leftovers\n|-damage|p2a: Great Tusk|64\/100 brn|[from] brn\n|upkeep\n|turn|13\n|inactive|Fdhhehe has 120 seconds left.\n|\n|t:|1700645945\n|-end|p2a: Great Tusk|Protosynthesis|[silent]\n|switch|p2a: Moltres|Moltres|85\/100\n|switch|p1a: Spiritomb|Spiritomb, M|100\/100\n|-ability|p1a: Spiritomb|Pressure\n|\n|upkeep\n|turn|14\n|inactive|Fdhhehe has 120 seconds left.\n|\n|t:|1700645959\n|move|p2a: Moltres|Will-O-Wisp|p1a: Spiritomb\n|-status|p1a: Spiritomb|brn\n|move|p1a: Spiritomb|Poltergeist|p2a: Moltres\n|-activate|p2a: Moltres|move: Poltergeist|Heavy-Duty Boots\n|-damage|p2a: Moltres|68\/100\n|\n|-damage|p1a: Spiritomb|94\/100 brn|[from] brn\n|upkeep\n|turn|15\n|inactive|Fdhhehe has 120 seconds left.\n|\n|t:|1700645991\n|switch|p1a: Garganacl|Garganacl, M|100\/100\n|move|p2a: Moltres|U-turn|p1a: Garganacl\n|-damage|p1a: Garganacl|93\/100\n|\n|t:|1700646006\n|switch|p2a: Kingambit|Kingambit, M|100\/100|[from] U-turn\n|\n|-heal|p1a: Garganacl|99\/100|[from] item: Leftovers\n|upkeep\n|turn|16\n|\n|t:|1700646019\n|move|p2a: Kingambit|Swords Dance|p2a: Kingambit\n|-boost|p2a: Kingambit|atk|2\n|move|p1a: Garganacl|Salt Cure|p2a: Kingambit\n|-resisted|p2a: Kingambit\n|-damage|p2a: Kingambit|95\/100\n|-start|p2a: Kingambit|Salt Cure\n|\n|-heal|p2a: Kingambit|100\/100|[from] item: Leftovers\n|-heal|p1a: Garganacl|100\/100|[from] item: Leftovers\n|-damage|p2a: Kingambit|76\/100|[from] Salt Cure\n|upkeep\n|turn|17\n|\n|t:|1700646033\n|-end|p2a: Kingambit|fallenundefined|[silent]\n|switch|p2a: Moltres|Moltres|68\/100\n|move|p1a: Garganacl|Protect||[still]\n|-fail|p1a: Garganacl\n|\n|upkeep\n|turn|18\n|\n|t:|1700646039\n|move|p2a: Moltres|U-turn|p1a: Garganacl\n|-damage|p1a: Garganacl|92\/100\n|\n|t:|1700646047\n|switch|p2a: Alomomola|Alomomola, M|100\/100|[from] U-turn\n|move|p1a: Garganacl|Salt Cure|p2a: Alomomola\n|-damage|p2a: Alomomola|93\/100\n|-start|p2a: Alomomola|Salt Cure\n|\n|-heal|p2a: Alomomola|99\/100|[from] item: Leftovers\n|-heal|p1a: Garganacl|99\/100|[from] item: Leftovers\n|-damage|p2a: Alomomola|74\/100|[from] Salt Cure\n|upkeep\n|turn|19\n|inactive|Fdhhehe has 120 seconds left.\n|\n|t:|1700646060\n|move|p1a: Garganacl|Protect|p1a: Garganacl\n|-singleturn|p1a: Garganacl|Protect\n|move|p2a: Alomomola|Flip Turn|p1a: Garganacl\n|-activate|p1a: Garganacl|move: Protect\n|\n|-heal|p2a: Alomomola|80\/100|[from] item: Leftovers\n|-heal|p1a: Garganacl|100\/100|[from] item: Leftovers\n|-damage|p2a: Alomomola|55\/100|[from] Salt Cure\n|upkeep\n|turn|20\n|inactive|Fdhhehe has 120 seconds left.\n|\n|t:|1700646081\n|switch|p1a: Toxapex|Toxapex, F|100\/100\n|move|p2a: Alomomola|Flip Turn|p1a: Toxapex\n|-resisted|p1a: Toxapex\n|-crit|p1a: Toxapex\n|-damage|p1a: Toxapex|94\/100\n|\n|t:|1700646084\n|switch|p2a: Kingambit|Kingambit, M|76\/100|[from] Flip Turn\n|\n|-heal|p2a: Kingambit|82\/100|[from] item: Leftovers\n|-heal|p1a: Toxapex|99\/100|[from] item: Black Sludge\n|upkeep\n|turn|21\n|\n|t:|1700646095\n|move|p2a: Kingambit|Kowtow Cleave|p1a: Toxapex\n|-damage|p1a: Toxapex|70\/100\n|move|p1a: Toxapex|Infestation|p2a: Kingambit\n|-damage|p2a: Kingambit|79\/100\n|-activate|p2a: Kingambit|move: Infestation|[of] p1a: Toxapex\n|\n|-heal|p2a: Kingambit|85\/100|[from] item: Leftovers\n|-heal|p1a: Toxapex|76\/100|[from] item: Black Sludge\n|-damage|p2a: Kingambit|73\/100|[from] move: Infestation|[partiallytrapped]\n|upkeep\n|turn|22\n|\n|t:|1700646115\n|switch|p1a: Garganacl|Garganacl, M|100\/100\n|move|p2a: Kingambit|Swords Dance|p2a: Kingambit\n|-boost|p2a: Kingambit|atk|2\n|\n|-heal|p2a: Kingambit|79\/100|[from] item: Leftovers\n|-end|p2a: Kingambit|Infestation|[partiallytrapped]|[silent]\n|upkeep\n|turn|23\n|\n|t:|1700646128\n|switch|p1a: Dondozo|Dondozo, F|73\/100\n|move|p2a: Kingambit|Iron Head|p1a: Dondozo\n|-resisted|p1a: Dondozo\n|-damage|p1a: Dondozo|59\/100\n|\n|-heal|p2a: Kingambit|85\/100|[from] item: Leftovers\n|upkeep\n|turn|24\n|\n|t:|1700646137\n|move|p2a: Kingambit|Kowtow Cleave|p1a: Dondozo\n|-damage|p1a: Dondozo|31\/100\n|-enditem|p1a: Dondozo|Sitrus Berry|[eat]\n|-heal|p1a: Dondozo|56\/100|[from] item: Sitrus Berry\n|move|p1a: Dondozo|Yawn|p2a: Kingambit\n|-start|p2a: Kingambit|move: Yawn|[of] p1a: Dondozo\n|\n|-heal|p2a: Kingambit|91\/100|[from] item: Leftovers\n|upkeep\n|turn|25\n|\n|t:|1700646148\n|-end|p2a: Kingambit|fallenundefined|[silent]\n|switch|p2a: Alomomola|Alomomola, M|89\/100\n|switch|p1a: Umbreon|Umbreon, F|94\/100\n|\n|-heal|p1a: Umbreon|100\/100|[from] item: Leftovers\n|-heal|p2a: Alomomola|95\/100|[from] item: Leftovers\n|upkeep\n|turn|26\n|\n|t:|1700646159\n|move|p1a: Umbreon|Toxic|p2a: Alomomola\n|-status|p2a: Alomomola|tox\n|move|p2a: Alomomola|Scald||[still]\n|-damage|p1a: Umbreon|93\/100\n|-status|p1a: Umbreon|brn\n|-activate|p1a: Umbreon|ability: Synchronize\n|-fail|p1a: Umbreon\n|\n|-heal|p1a: Umbreon|99\/100 brn|[from] item: Leftovers\n|-heal|p2a: Alomomola|100\/100 tox|[from] item: Leftovers\n|-damage|p2a: Alomomola|94\/100 tox|[from] psn\n|-damage|p1a: Umbreon|93\/100 brn|[from] brn\n|upkeep\n|turn|27\n|\n|t:|1700646174\n|move|p1a: Umbreon|Wish|p1a: Umbreon\n|move|p2a: Alomomola|Flip Turn|p1a: Umbreon\n|-damage|p1a: Umbreon|81\/100 brn\n|\n|t:|1700646182\n|switch|p2a: Kingambit|Kingambit, M|91\/100|[from] Flip Turn\n|\n|-heal|p1a: Umbreon|87\/100 brn|[from] item: Leftovers\n|-heal|p2a: Kingambit|97\/100|[from] item: Leftovers\n|-damage|p1a: Umbreon|81\/100 brn|[from] brn\n|upkeep\n|turn|28\n|\n|t:|1700646198\n|switch|p1a: Dondozo|Dondozo, F|56\/100\n|move|p2a: Kingambit|Swords Dance|p2a: Kingambit\n|-boost|p2a: Kingambit|atk|2\n|\n|-heal|p1a: Dondozo|95\/100|[from] move: Wish|[wisher] Umbreon\n|-heal|p2a: Kingambit|100\/100|[from] item: Leftovers\n|upkeep\n|turn|29\n|\n|t:|1700646211\n|move|p2a: Kingambit|Kowtow Cleave|p1a: Dondozo\n|-damage|p1a: Dondozo|66\/100\n|move|p1a: Dondozo|Yawn|p2a: Kingambit\n|-start|p2a: Kingambit|move: Yawn|[of] p1a: Dondozo\n|\n|upkeep\n|turn|30\n|\n|t:|1700646219\n|-end|p2a: Kingambit|fallenundefined|[silent]\n|switch|p2a: Alomomola|Alomomola, M|100\/100 tox\n|move|p1a: Dondozo|Protect||[still]\n|-fail|p1a: Dondozo\n|\n|-damage|p2a: Alomomola|94\/100 tox|[from] psn\n|upkeep\n|turn|31\n|\n|t:|1700646237\n|switch|p1a: Goodra|Goodra-Hisui, M|74\/100 brn\n|move|p2a: Alomomola|Flip Turn|p1a: Goodra\n|-resisted|p1a: Goodra\n|-damage|p1a: Goodra|66\/100 brn\n|\n|t:|1700646252\n|switch|p2a: Weavile|Weavile, F|100\/100|[from] Flip Turn\n|-ability|p2a: Weavile|Pressure\n|\n|-damage|p1a: Goodra|60\/100 brn|[from] brn\n|upkeep\n|turn|32\n|\n|t:|1700646261\n|move|p2a: Weavile|Knock Off|p1a: Goodra\n|-damage|p1a: Goodra|0 fnt\n|-enditem|p1a: Goodra|Assault Vest|[from] move: Knock Off|[of] p2a: Weavile\n|faint|p1a: Goodra\n|\n|upkeep\n|\n|t:|1700646285\n|switch|p1a: Toxapex|Toxapex, F|100\/100\n|turn|33\n|\n|t:|1700646302\n|switch|p2a: Alomomola|Alomomola, M|100\/100 tox\n|move|p1a: Toxapex|Infestation|p2a: Alomomola\n|-damage|p2a: Alomomola|97\/100 tox\n|-activate|p2a: Alomomola|move: Infestation|[of] p1a: Toxapex\n|\n|-heal|p2a: Alomomola|100\/100 tox|[from] item: Leftovers\n|-damage|p2a: Alomomola|94\/100 tox|[from] psn\n|-damage|p2a: Alomomola|82\/100 tox|[from] move: Infestation|[partiallytrapped]\n|upkeep\n|turn|34\n|\n|t:|1700646312\n|move|p1a: Toxapex|Baneful Bunker|p1a: Toxapex\n|-singleturn|p1a: Toxapex|move: Protect\n|move|p2a: Alomomola|Flip Turn|p1a: Toxapex\n|-activate|p1a: Toxapex|move: Protect\n|\n|-heal|p2a: Alomomola|88\/100 tox|[from] item: Leftovers\n|-damage|p2a: Alomomola|76\/100 tox|[from] psn\n|-damage|p2a: Alomomola|63\/100 tox|[from] move: Infestation|[partiallytrapped]\n|upkeep\n|turn|35\n|\n|t:|1700646329\n|move|p2a: Alomomola|Flip Turn|p1a: Toxapex\n|-resisted|p1a: Toxapex\n|-damage|p1a: Toxapex|96\/100\n|\n|t:|1700646336\n|switch|p2a: Moltres|Moltres|68\/100|[from] Flip Turn\n|move|p1a: Toxapex|Infestation|p2a: Moltres\n|-resisted|p2a: Moltres\n|-damage|p2a: Moltres|68\/100\n|-activate|p2a: Moltres|move: Infestation|[of] p1a: Toxapex\n|\n|-heal|p1a: Toxapex|100\/100|[from] item: Black Sludge\n|-damage|p2a: Moltres|55\/100|[from] move: Infestation|[partiallytrapped]\n|upkeep\n|turn|36\n|\n|t:|1700646347\n|move|p2a: Moltres|Roost|p2a: Moltres\n|-heal|p2a: Moltres|100\/100\n|-singleturn|p2a: Moltres|move: Roost\n|move|p1a: Toxapex|Toxic|p2a: Moltres\n|-status|p2a: Moltres|tox\n|\n|-damage|p2a: Moltres|94\/100 tox|[from] psn\n|-damage|p2a: Moltres|82\/100 tox|[from] move: Infestation|[partiallytrapped]\n|upkeep\n|turn|37\n|\n|t:|1700646359\n|move|p1a: Toxapex|Baneful Bunker|p1a: Toxapex\n|-singleturn|p1a: Toxapex|move: Protect\n|move|p2a: Moltres|U-turn|p1a: Toxapex\n|-activate|p1a: Toxapex|move: Protect\n|\n|-damage|p2a: Moltres|70\/100 tox|[from] psn\n|-damage|p2a: Moltres|58\/100 tox|[from] move: Infestation|[partiallytrapped]\n|upkeep\n|turn|38\n|\n|t:|1700646374\n|move|p2a: Moltres|U-turn|p1a: Toxapex\n|-resisted|p1a: Toxapex\n|-damage|p1a: Toxapex|96\/100\n|\n|t:|1700646379\n|switch|p2a: Alomomola|Alomomola, M|97\/100 tox|[from] U-turn\n|move|p1a: Toxapex|Infestation|p2a: Alomomola\n|-damage|p2a: Alomomola|94\/100 tox\n|-activate|p2a: Alomomola|move: Infestation|[of] p1a: Toxapex\n|\n|-heal|p2a: Alomomola|99\/100 tox|[from] item: Leftovers\n|-heal|p1a: Toxapex|100\/100|[from] item: Black Sludge\n|-damage|p2a: Alomomola|94\/100 tox|[from] psn\n|-damage|p2a: Alomomola|81\/100 tox|[from] move: Infestation|[partiallytrapped]\n|upkeep\n|turn|39\n|\n|t:|1700646392\n|move|p1a: Toxapex|Baneful Bunker|p1a: Toxapex\n|-singleturn|p1a: Toxapex|move: Protect\n|move|p2a: Alomomola|Wish|p2a: Alomomola\n|\n|-heal|p2a: Alomomola|87\/100 tox|[from] item: Leftovers\n|-damage|p2a: Alomomola|75\/100 tox|[from] psn\n|-damage|p2a: Alomomola|63\/100 tox|[from] move: Infestation|[partiallytrapped]\n|upkeep\n|turn|40\n|\n|t:|1700646409\n|switch|p1a: Umbreon|Umbreon, F|81\/100 brn\n|move|p2a: Alomomola|Flip Turn|p1a: Umbreon\n|-damage|p1a: Umbreon|69\/100 brn\n|inactive|zasdxcfgvhbn has 120 seconds left.\n|\n|t:|1700646446\n|switch|p2a: Moltres|Moltres|58\/100 tox|[from] Flip Turn\n|\n|-heal|p2a: Moltres|100\/100 tox|[from] move: Wish|[wisher] Alomomola\n|-heal|p1a: Umbreon|75\/100 brn|[from] item: Leftovers\n|-damage|p2a: Moltres|94\/100 tox|[from] psn\n|-damage|p1a: Umbreon|69\/100 brn|[from] brn\n|upkeep\n|turn|41\n|\n|t:|1700646458\n|move|p2a: Moltres|U-turn|p1a: Umbreon\n|-supereffective|p1a: Umbreon\n|-damage|p1a: Umbreon|48\/100 brn\n|\n|t:|1700646462\n|switch|p2a: Alomomola|Alomomola, M|96\/100 tox|[from] U-turn\n|move|p1a: Umbreon|Wish|p1a: Umbreon\n|\n|-heal|p1a: Umbreon|54\/100 brn|[from] item: Leftovers\n|-heal|p2a: Alomomola|100\/100 tox|[from] item: Leftovers\n|-damage|p2a: Alomomola|94\/100 tox|[from] psn\n|-damage|p1a: Umbreon|48\/100 brn|[from] brn\n|upkeep\n|turn|42\n|\n|t:|1700646477\n|switch|p1a: Dondozo|Dondozo, F|66\/100\n|move|p2a: Alomomola|Flip Turn|p1a: Dondozo\n|-resisted|p1a: Dondozo\n|-damage|p1a: Dondozo|61\/100\n|\n|t:|1700646485\n|switch|p2a: Kingambit|Kingambit, M|100\/100|[from] Flip Turn\n|\n|-heal|p1a: Dondozo|99\/100|[from] move: Wish|[wisher] Umbreon\n|upkeep\n|turn|43\n|\n|t:|1700646497\n|move|p2a: Kingambit|Kowtow Cleave|p1a: Dondozo\n|-damage|p1a: Dondozo|71\/100\n|move|p1a: Dondozo|Yawn|p2a: Kingambit\n|-start|p2a: Kingambit|move: Yawn|[of] p1a: Dondozo\n|\n|upkeep\n|turn|44\n|inactive|Fdhhehe has 120 seconds left.\n|\n|t:|1700646511\n|-end|p2a: Kingambit|fallenundefined|[silent]\n|switch|p2a: Alomomola|Alomomola, M|100\/100 tox\n|switch|p1a: Umbreon|Umbreon, F|48\/100 brn\n|\n|-heal|p1a: Umbreon|54\/100 brn|[from] item: Leftovers\n|-damage|p2a: Alomomola|94\/100 tox|[from] psn\n|-damage|p1a: Umbreon|48\/100 brn|[from] brn\n|upkeep\n|turn|45\n|inactive|Fdhhehe has 120 seconds left.\n|\n|t:|1700646522\n|move|p1a: Umbreon|Protect|p1a: Umbreon\n|-singleturn|p1a: Umbreon|Protect\n|move|p2a: Alomomola|Flip Turn|p1a: Umbreon\n|-activate|p1a: Umbreon|move: Protect\n|\n|-heal|p1a: Umbreon|54\/100 brn|[from] item: Leftovers\n|-heal|p2a: Alomomola|100\/100 tox|[from] item: Leftovers\n|-damage|p2a: Alomomola|88\/100 tox|[from] psn\n|-damage|p1a: Umbreon|48\/100 brn|[from] brn\n|upkeep\n|turn|46\n|inactive|Fdhhehe has 120 seconds left.\n|\n|t:|1700646534\n|move|p1a: Umbreon|Wish|p1a: Umbreon\n|move|p2a: Alomomola|Flip Turn|p1a: Umbreon\n|-damage|p1a: Umbreon|37\/100 brn\n|\n|t:|1700646547\n|switch|p2a: Weavile|Weavile, F|100\/100|[from] Flip Turn\n|-ability|p2a: Weavile|Pressure\n|\n|-heal|p1a: Umbreon|43\/100 brn|[from] item: Leftovers\n|-damage|p1a: Umbreon|37\/100 brn|[from] brn\n|upkeep\n|turn|47\n|\n|t:|1700646565\n|move|p1a: Umbreon|Protect|p1a: Umbreon\n|-singleturn|p1a: Umbreon|Protect\n|move|p2a: Weavile|Icicle Spear|p1a: Umbreon\n|-activate|p1a: Umbreon|move: Protect\n|\n|-heal|p1a: Umbreon|87\/100 brn|[from] move: Wish|[wisher] Umbreon\n|-heal|p1a: Umbreon|93\/100 brn|[from] item: Leftovers\n|-damage|p1a: Umbreon|87\/100 brn|[from] brn\n|upkeep\n|turn|48\n|inactive|Fdhhehe has 120 seconds left.\n|\n|t:|1700646593\n|switch|p2a: Alomomola|Alomomola, M|100\/100 tox\n|switch|p1a: Dondozo|Dondozo, F|71\/100\n|\n|-damage|p2a: Alomomola|94\/100 tox|[from] psn\n|upkeep\n|turn|49\n|\n|t:|1700646607\n|move|p1a: Dondozo|Protect|p1a: Dondozo\n|-singleturn|p1a: Dondozo|Protect\n|move|p2a: Alomomola|Scald|p1a: Dondozo\n|-activate|p1a: Dondozo|move: Protect\n|\n|-heal|p2a: Alomomola|100\/100 tox|[from] item: Leftovers\n|-damage|p2a: Alomomola|88\/100 tox|[from] psn\n|upkeep\n|turn|50\n|inactive|Fdhhehe has 90 seconds left.\n|\n|t:|1700646639\n|move|p2a: Alomomola|Flip Turn|p1a: Dondozo\n|-resisted|p1a: Dondozo\n|-damage|p1a: Dondozo|66\/100\n|\n|t:|1700646649\n|switch|p2a: Kingambit|Kingambit, M|100\/100|[from] Flip Turn\n|move|p1a: Dondozo|Yawn|p2a: Kingambit\n|-start|p2a: Kingambit|move: Yawn|[of] p1a: Dondozo\n|\n|upkeep\n|turn|51\n|inactive|Fdhhehe has 90 seconds left.\n|\n|t:|1700646671\n|-end|p2a: Kingambit|fallenundefined|[silent]\n|switch|p2a: Alomomola|Alomomola, M|100\/100 tox\n|switch|p1a: Toxapex|Toxapex, F|100\/100\n|\n|-damage|p2a: Alomomola|94\/100 tox|[from] psn\n|upkeep\n|turn|52\n|inactive|Fdhhehe has 90 seconds left.\n|\n|t:|1700646679\n|move|p1a: Toxapex|Baneful Bunker|p1a: Toxapex\n|-singleturn|p1a: Toxapex|move: Protect\n|move|p2a: Alomomola|Scald|p1a: Toxapex\n|-activate|p1a: Toxapex|move: Protect\n|\n|-heal|p2a: Alomomola|100\/100 tox|[from] item: Leftovers\n|-damage|p2a: Alomomola|88\/100 tox|[from] psn\n|upkeep\n|turn|53\n|inactive|Fdhhehe has 90 seconds left.\n|\n|t:|1700646691\n|move|p2a: Alomomola|Scald|p1a: Toxapex\n|-resisted|p1a: Toxapex\n|-damage|p1a: Toxapex|95\/100\n|move|p1a: Toxapex|Infestation|p2a: Alomomola\n|-crit|p2a: Alomomola\n|-damage|p2a: Alomomola|83\/100 tox\n|-activate|p2a: Alomomola|move: Infestation|[of] p1a: Toxapex\n|\n|-heal|p2a: Alomomola|90\/100 tox|[from] item: Leftovers\n|-heal|p1a: Toxapex|100\/100|[from] item: Black Sludge\n|-damage|p2a: Alomomola|71\/100 tox|[from] psn\n|-damage|p2a: Alomomola|59\/100 tox|[from] move: Infestation|[partiallytrapped]\n|upkeep\n|turn|54\n|inactive|Fdhhehe has 90 seconds left.\n|\n|t:|1700646704\n|move|p1a: Toxapex|Baneful Bunker|p1a: Toxapex\n|-singleturn|p1a: Toxapex|move: Protect\n|move|p2a: Alomomola|Flip Turn|p1a: Toxapex\n|-activate|p1a: Toxapex|move: Protect\n|\n|-heal|p2a: Alomomola|65\/100 tox|[from] item: Leftovers\n|-damage|p2a: Alomomola|40\/100 tox|[from] psn\n|-damage|p2a: Alomomola|28\/100 tox|[from] move: Infestation|[partiallytrapped]\n|upkeep\n|turn|55\n|inactive|Fdhhehe has 90 seconds left.\n|\n|t:|1700646724\n|switch|p1a: Spiritomb|Spiritomb, M|94\/100 brn\n|-ability|p1a: Spiritomb|Pressure\n|move|p2a: Alomomola|Flip Turn|p1a: Spiritomb\n|-damage|p1a: Spiritomb|80\/100 brn\n|\n|t:|1700646744\n|switch|p2a: Iron Valiant|Iron Valiant|100\/100|[from] Flip Turn\n|-enditem|p2a: Iron Valiant|Booster Energy\n|-activate|p2a: Iron Valiant|ability: Quark Drive|[fromitem]\n|-start|p2a: Iron Valiant|quarkdrivespe\n|\n|-damage|p1a: Spiritomb|74\/100 brn|[from] brn\n|upkeep\n|turn|56\n|inactive|Fdhhehe has 90 seconds left.\n|\n|t:|1700646756\n|move|p1a: Spiritomb|Protect|p1a: Spiritomb\n|-singleturn|p1a: Spiritomb|Protect\n|move|p2a: Iron Valiant|Psyshock|p1a: Spiritomb\n|-activate|p1a: Spiritomb|move: Protect\n|\n|-damage|p1a: Spiritomb|68\/100 brn|[from] brn\n|upkeep\n|turn|57\n|inactive|Fdhhehe has 90 seconds left.\n|\n|t:|1700646792\n|switch|p1a: Umbreon|Umbreon, F|87\/100 brn\n|move|p2a: Iron Valiant|Moonblast|p1a: Umbreon\n|-supereffective|p1a: Umbreon\n|-damage|p1a: Umbreon|38\/100 brn\n|\n|-heal|p1a: Umbreon|44\/100 brn|[from] item: Leftovers\n|-damage|p1a: Umbreon|38\/100 brn|[from] brn\n|upkeep\n|turn|58\n|inactive|Fdhhehe has 60 seconds left.\n|\n|t:|1700646815\n|switch|p1a: Toxapex|Toxapex, F|100\/100\n|move|p2a: Iron Valiant|Moonblast|p1a: Toxapex\n|-resisted|p1a: Toxapex\n|-damage|p1a: Toxapex|81\/100\n|\n|-heal|p1a: Toxapex|87\/100|[from] item: Black Sludge\n|upkeep\n|turn|59\n|inactive|Fdhhehe has 60 seconds left.\n|\n|t:|1700646839\n|-end|p2a: Iron Valiant|Quark Drive|[silent]\n|switch|p2a: Alomomola|Alomomola, M|61\/100 tox\n|move|p1a: Toxapex|Infestation|p2a: Alomomola\n|-damage|p2a: Alomomola|58\/100 tox\n|-activate|p2a: Alomomola|move: Infestation|[of] p1a: Toxapex\n|\n|-heal|p2a: Alomomola|64\/100 tox|[from] item: Leftovers\n|-heal|p1a: Toxapex|94\/100|[from] item: Black Sludge\n|-damage|p2a: Alomomola|58\/100 tox|[from] psn\n|-damage|p2a: Alomomola|46\/100 tox|[from] move: Infestation|[partiallytrapped]\n|upkeep\n|turn|60\n|inactive|Fdhhehe has 60 seconds left.\n|\n|t:|1700646853\n|move|p1a: Toxapex|Baneful Bunker|p1a: Toxapex\n|-singleturn|p1a: Toxapex|move: Protect\n|move|p2a: Alomomola|Flip Turn|p1a: Toxapex\n|-activate|p1a: Toxapex|move: Protect\n|\n|-heal|p2a: Alomomola|52\/100 tox|[from] item: Leftovers\n|-heal|p1a: Toxapex|99\/100|[from] item: Black Sludge\n|-damage|p2a: Alomomola|40\/100 tox|[from] psn\n|-damage|p2a: Alomomola|27\/100 tox|[from] move: Infestation|[partiallytrapped]\n|upkeep\n|turn|61\n|inactive|Fdhhehe has 60 seconds left.\n|\n|t:|1700646870\n|switch|p1a: Umbreon|Umbreon, F|38\/100 brn\n|move|p2a: Alomomola|Flip Turn|p1a: Umbreon\n|-damage|p1a: Umbreon|27\/100 brn\n|\n|t:|1700646889\n|switch|p2a: Weavile|Weavile, F|100\/100|[from] Flip Turn\n|-ability|p2a: Weavile|Pressure\n|\n|-heal|p1a: Umbreon|33\/100 brn|[from] item: Leftovers\n|-damage|p1a: Umbreon|27\/100 brn|[from] brn\n|upkeep\n|turn|62\n|inactive|Fdhhehe has 60 seconds left.\n|\n|t:|1700646900\n|move|p2a: Weavile|Icicle Spear|p1a: Umbreon\n|-damage|p1a: Umbreon|14\/100 brn\n|-damage|p1a: Umbreon|0 fnt\n|faint|p1a: Umbreon\n|-hitcount|p1: Umbreon|2\n|\n|upkeep\n|inactive|Fdhhehe has 60 seconds left.\n|\n|t:|1700646909\n|switch|p1a: Spiritomb|Spiritomb, M|68\/100 brn\n|-ability|p1a: Spiritomb|Pressure\n|turn|63\n|\n|t:|1700646924\n|switch|p2a: Moltres|Moltres|94\/100 tox\n|move|p1a: Spiritomb|Will-O-Wisp||[still]\n|-fail|p1a: Spiritomb\n|\n|-damage|p2a: Moltres|88\/100 tox|[from] psn\n|-damage|p1a: Spiritomb|62\/100 brn|[from] brn\n|upkeep\n|turn|64\n|\n|t:|1700646934\n|move|p1a: Spiritomb|Protect|p1a: Spiritomb\n|-singleturn|p1a: Spiritomb|Protect\n|move|p2a: Moltres|U-turn|p1a: Spiritomb\n|-activate|p1a: Spiritomb|move: Protect\n|\n|-damage|p2a: Moltres|76\/100 tox|[from] psn\n|-damage|p1a: Spiritomb|55\/100 brn|[from] brn\n|upkeep\n|turn|65\n|\n|t:|1700646950\n|switch|p1a: Garganacl|Garganacl, M|100\/100\n|move|p2a: Moltres|U-turn|p1a: Garganacl\n|-damage|p1a: Garganacl|92\/100\n|\n|t:|1700646961\n|switch|p2a: Iron Valiant|Iron Valiant|100\/100|[from] U-turn\n|\n|-heal|p1a: Garganacl|99\/100|[from] item: Leftovers\n|upkeep\n|turn|66\n|\n|t:|1700646972\n|move|p2a: Iron Valiant|Aura Sphere|p1a: Garganacl\n|-supereffective|p1a: Garganacl\n|-damage|p1a: Garganacl|36\/100\n|move|p1a: Garganacl|Salt Cure|p2a: Iron Valiant\n|-resisted|p2a: Iron Valiant\n|-damage|p2a: Iron Valiant|91\/100\n|-start|p2a: Iron Valiant|Salt Cure\n|\n|-heal|p1a: Garganacl|42\/100|[from] item: Leftovers\n|-damage|p2a: Iron Valiant|79\/100|[from] Salt Cure\n|upkeep\n|turn|67\n|\n|t:|1700646987\n|move|p1a: Garganacl|Protect|p1a: Garganacl\n|-singleturn|p1a: Garganacl|Protect\n|move|p2a: Iron Valiant|Moonblast|p1a: Garganacl\n|-activate|p1a: Garganacl|move: Protect\n|\n|-heal|p1a: Garganacl|48\/100|[from] item: Leftovers\n|-damage|p2a: Iron Valiant|66\/100|[from] Salt Cure\n|upkeep\n|turn|68\n|inactive|Fdhhehe has 60 seconds left.\n|\n|t:|1700647008\n|-end|p2a: Iron Valiant|Quark Drive|[silent]\n|switch|p2a: Alomomola|Alomomola, M|61\/100 tox\n|switch|p1a: Toxapex|Toxapex, F|100\/100\n|\n|-heal|p2a: Alomomola|67\/100 tox|[from] item: Leftovers\n|-damage|p2a: Alomomola|61\/100 tox|[from] psn\n|upkeep\n|turn|69\n|\n|t:|1700647018\n|switch|p2a: Kingambit|Kingambit, M|100\/100\n|move|p1a: Toxapex|Infestation|p2a: Kingambit\n|-damage|p2a: Kingambit|97\/100\n|-activate|p2a: Kingambit|move: Infestation|[of] p1a: Toxapex\n|\n|-heal|p2a: Kingambit|100\/100|[from] item: Leftovers\n|-damage|p2a: Kingambit|88\/100|[from] move: Infestation|[partiallytrapped]\n|upkeep\n|turn|70\n|inactive|Fdhhehe has 60 seconds left.\n|\n|t:|1700647039\n|switch|p1a: Dondozo|Dondozo, F|66\/100\n|move|p2a: Kingambit|Swords Dance|p2a: Kingambit\n|-boost|p2a: Kingambit|atk|2\n|\n|-heal|p2a: Kingambit|94\/100|[from] item: Leftovers\n|-end|p2a: Kingambit|Infestation|[partiallytrapped]|[silent]\n|upkeep\n|turn|71\n|inactive|Fdhhehe has 60 seconds left.\n|\n|t:|1700647047\n|move|p2a: Kingambit|Kowtow Cleave|p1a: Dondozo\n|-damage|p1a: Dondozo|41\/100\n|move|p1a: Dondozo|Yawn|p2a: Kingambit\n|-start|p2a: Kingambit|move: Yawn|[of] p1a: Dondozo\n|\n|-heal|p2a: Kingambit|99\/100|[from] item: Leftovers\n|upkeep\n|turn|72\n|inactive|Fdhhehe has 60 seconds left.\n|\n|t:|1700647063\n|-end|p2a: Kingambit|fallenundefined|[silent]\n|switch|p2a: Alomomola|Alomomola, M|94\/100 tox\n|switch|p1a: Garganacl|Garganacl, M|48\/100\n|\n|-heal|p2a: Alomomola|99\/100 tox|[from] item: Leftovers\n|-heal|p1a: Garganacl|54\/100|[from] item: Leftovers\n|-damage|p2a: Alomomola|94\/100 tox|[from] psn\n|upkeep\n|turn|73\n|inactive|Fdhhehe has 60 seconds left.\n|\n|t:|1700647073\n|move|p1a: Garganacl|Protect|p1a: Garganacl\n|-singleturn|p1a: Garganacl|Protect\n|move|p2a: Alomomola|Flip Turn|p1a: Garganacl\n|-activate|p1a: Garganacl|move: Protect\n|\n|-heal|p2a: Alomomola|99\/100 tox|[from] item: Leftovers\n|-heal|p1a: Garganacl|60\/100|[from] item: Leftovers\n|-damage|p2a: Alomomola|88\/100 tox|[from] psn\n|upkeep\n|turn|74\n|inactive|Fdhhehe has 60 seconds left.\n|\n|t:|1700647084\n|move|p2a: Alomomola|Flip Turn|p1a: Garganacl\n|-supereffective|p1a: Garganacl\n|-damage|p1a: Garganacl|43\/100\n|\n|t:|1700647101\n|switch|p2a: Great Tusk|Great Tusk|64\/100 brn|[from] Flip Turn\n|move|p1a: Garganacl|Recover|p1a: Garganacl\n|-heal|p1a: Garganacl|93\/100\n|\n|-heal|p1a: Garganacl|99\/100|[from] item: Leftovers\n|-damage|p2a: Great Tusk|57\/100 brn|[from] brn\n|upkeep\n|turn|75\n|inactive|Fdhhehe has 60 seconds left.\n|\n|t:|1700647115\n|move|p2a: Great Tusk|Bulk Up|p2a: Great Tusk\n|-boost|p2a: Great Tusk|atk|1\n|-boost|p2a: Great Tusk|def|1\n|move|p1a: Garganacl|Avalanche|p2a: Great Tusk\n|-supereffective|p2a: Great Tusk\n|-damage|p2a: Great Tusk|45\/100 brn\n|\n|-heal|p1a: Garganacl|100\/100|[from] item: Leftovers\n|-damage|p2a: Great Tusk|39\/100 brn|[from] brn\n|upkeep\n|turn|76\n|inactive|Fdhhehe has 60 seconds left.\n|\n|t:|1700647129\n|switch|p1a: Dondozo|Dondozo, F|41\/100\n|move|p2a: Great Tusk|Earthquake|p1a: Dondozo\n|-damage|p1a: Dondozo|29\/100\n|\n|-damage|p2a: Great Tusk|33\/100 brn|[from] brn\n|upkeep\n|turn|77\n|inactive|Fdhhehe has 60 seconds left.\n|\n|t:|1700647140\n|-end|p2a: Great Tusk|Protosynthesis|[silent]\n|switch|p2a: Alomomola|Alomomola, M|100\/100 tox\n|move|p1a: Dondozo|Liquidation|p2a: Alomomola\n|-resisted|p2a: Alomomola\n|-damage|p2a: Alomomola|93\/100 tox\n|\n|-heal|p2a: Alomomola|99\/100 tox|[from] item: Leftovers\n|-damage|p2a: Alomomola|93\/100 tox|[from] psn\n|upkeep\n|turn|78\n|inactive|Fdhhehe has 60 seconds left.\n|\n|t:|1700647150\n|move|p1a: Dondozo|Protect|p1a: Dondozo\n|-singleturn|p1a: Dondozo|Protect\n|move|p2a: Alomomola|Scald|p1a: Dondozo\n|-activate|p1a: Dondozo|move: Protect\n|\n|-heal|p2a: Alomomola|99\/100 tox|[from] item: Leftovers\n|-damage|p2a: Alomomola|87\/100 tox|[from] psn\n|upkeep\n|turn|79\n|inactive|Fdhhehe has 60 seconds left.\n|\n|t:|1700647163\n|switch|p1a: Toxapex|Toxapex, F|100\/100\n|move|p2a: Alomomola|Flip Turn|p1a: Toxapex\n|-resisted|p1a: Toxapex\n|-damage|p1a: Toxapex|95\/100\n|\n|t:|1700647167\n|switch|p2a: Kingambit|Kingambit, M|99\/100|[from] Flip Turn\n|\n|-heal|p2a: Kingambit|100\/100|[from] item: Leftovers\n|-heal|p1a: Toxapex|100\/100|[from] item: Black Sludge\n|upkeep\n|turn|80\n|inactive|Fdhhehe has 60 seconds left.\n|\n|t:|1700647178\n|move|p2a: Kingambit|Swords Dance|p2a: Kingambit\n|-boost|p2a: Kingambit|atk|2\n|move|p1a: Toxapex|Infestation|p2a: Kingambit\n|-damage|p2a: Kingambit|98\/100\n|-activate|p2a: Kingambit|move: Infestation|[of] p1a: Toxapex\n|\n|-heal|p2a: Kingambit|100\/100|[from] item: Leftovers\n|-damage|p2a: Kingambit|88\/100|[from] move: Infestation|[partiallytrapped]\n|upkeep\n|turn|81\n|inactive|Fdhhehe has 60 seconds left.\n|\n|t:|1700647192\n|switch|p1a: Dondozo|Dondozo, F|29\/100\n|move|p2a: Kingambit|Swords Dance|p2a: Kingambit\n|-boost|p2a: Kingambit|atk|2\n|\n|-heal|p2a: Kingambit|94\/100|[from] item: Leftovers\n|-end|p2a: Kingambit|Infestation|[partiallytrapped]|[silent]\n|upkeep\n|turn|82\n|\n|t:|1700647203\n|move|p2a: Kingambit|Kowtow Cleave|p1a: Dondozo\n|-damage|p1a: Dondozo|2\/100\n|move|p1a: Dondozo|Yawn|p2a: Kingambit\n|-start|p2a: Kingambit|move: Yawn|[of] p1a: Dondozo\n|\n|-heal|p2a: Kingambit|99\/100|[from] item: Leftovers\n|upkeep\n|turn|83\n|\n|t:|1700647216\n|switch|p1a: Garganacl|Garganacl, M|100\/100\n|move|p2a: Kingambit|Kowtow Cleave|p1a: Garganacl\n|-damage|p1a: Garganacl|25\/100\n|\n|-heal|p2a: Kingambit|100\/100|[from] item: Leftovers\n|-heal|p1a: Garganacl|31\/100|[from] item: Leftovers\n|-end|p2a: Kingambit|move: Yawn|[silent]\n|-status|p2a: Kingambit|slp\n|upkeep\n|turn|84\n|\n|t:|1700647232\n|-end|p2a: Kingambit|fallenundefined|[silent]\n|switch|p2a: Alomomola|Alomomola, M|100\/100 tox\n|move|p1a: Garganacl|Recover|p1a: Garganacl\n|-heal|p1a: Garganacl|81\/100\n|\n|-heal|p1a: Garganacl|87\/100|[from] item: Leftovers\n|-damage|p2a: Alomomola|94\/100 tox|[from] psn\n|upkeep\n|turn|85\n|\n|t:|1700647241\n|move|p2a: Alomomola|Flip Turn|p1a: Garganacl\n|-supereffective|p1a: Garganacl\n|-damage|p1a: Garganacl|68\/100\n|\n|t:|1700647247\n|switch|p2a: Great Tusk|Great Tusk|33\/100 brn|[from] Flip Turn\n|move|p1a: Garganacl|Salt Cure|p2a: Great Tusk\n|-resisted|p2a: Great Tusk\n|-damage|p2a: Great Tusk|31\/100 brn\n|-start|p2a: Great Tusk|Salt Cure\n|\n|-heal|p1a: Garganacl|74\/100|[from] item: Leftovers\n|-damage|p2a: Great Tusk|25\/100 brn|[from] brn\n|-damage|p2a: Great Tusk|12\/100 brn|[from] Salt Cure\n|upkeep\n|turn|86\n|\n|t:|1700647259\n|move|p1a: Garganacl|Protect|p1a: Garganacl\n|-singleturn|p1a: Garganacl|Protect\n|move|p2a: Great Tusk|Earthquake|p1a: Garganacl\n|-activate|p1a: Garganacl|move: Protect\n|\n|-heal|p1a: Garganacl|80\/100|[from] item: Leftovers\n|-damage|p2a: Great Tusk|6\/100 brn|[from] brn\n|-damage|p2a: Great Tusk|0 fnt|[from] Salt Cure\n|faint|p2a: Great Tusk\n|-end|p2a: Great Tusk|Protosynthesis|[silent]\n|upkeep\n|\n|t:|1700647268\n|switch|p2a: Iron Valiant|Iron Valiant|66\/100\n|turn|87\n|\n|t:|1700647284\n|move|p2a: Iron Valiant|Aura Sphere|p1a: Garganacl\n|-supereffective|p1a: Garganacl\n|-damage|p1a: Garganacl|8\/100\n|move|p1a: Garganacl|Salt Cure|p2a: Iron Valiant\n|-resisted|p2a: Iron Valiant\n|-damage|p2a: Iron Valiant|58\/100\n|-start|p2a: Iron Valiant|Salt Cure\n|\n|-heal|p1a: Garganacl|14\/100|[from] item: Leftovers\n|-damage|p2a: Iron Valiant|46\/100|[from] Salt Cure\n|upkeep\n|turn|88\n|inactive|Fdhhehe has 30 seconds left.\n|\n|t:|1700647295\n|-end|p2a: Iron Valiant|Quark Drive|[silent]\n|switch|p2a: Alomomola|Alomomola, M|100\/100 tox\n|move|p1a: Garganacl|Protect||[still]\n|-fail|p1a: Garganacl\n|\n|-heal|p1a: Garganacl|21\/100|[from] item: Leftovers\n|-damage|p2a: Alomomola|94\/100 tox|[from] psn\n|upkeep\n|turn|89\n|inactive|Fdhhehe has 30 seconds left.\n|\n|t:|1700647305\n|move|p1a: Garganacl|Protect|p1a: Garganacl\n|-singleturn|p1a: Garganacl|Protect\n|move|p2a: Alomomola|Wish|p2a: Alomomola\n|\n|-heal|p2a: Alomomola|100\/100 tox|[from] item: Leftovers\n|-heal|p1a: Garganacl|27\/100|[from] item: Leftovers\n|-damage|p2a: Alomomola|88\/100 tox|[from] psn\n|upkeep\n|turn|90\n|inactive|Fdhhehe has 30 seconds left.\n|\n|t:|1700647314\n|move|p2a: Alomomola|Flip Turn|p1a: Garganacl\n|-supereffective|p1a: Garganacl\n|-damage|p1a: Garganacl|10\/100\n|\n|t:|1700647317\n|switch|p2a: Iron Valiant|Iron Valiant|46\/100|[from] Flip Turn\n|move|p1a: Garganacl|Recover|p1a: Garganacl\n|-heal|p1a: Garganacl|60\/100\n|\n|-heal|p2a: Iron Valiant|100\/100|[from] move: Wish|[wisher] Alomomola\n|-heal|p1a: Garganacl|66\/100|[from] item: Leftovers\n|upkeep\n|turn|91\n|inactive|Fdhhehe has 30 seconds left.\n|\n|t:|1700647330\n|switch|p1a: Toxapex|Toxapex, F|100\/100\n|move|p2a: Iron Valiant|Aura Sphere|p1a: Toxapex\n|-resisted|p1a: Toxapex\n|-damage|p1a: Toxapex|83\/100\n|\n|-heal|p1a: Toxapex|90\/100|[from] item: Black Sludge\n|upkeep\n|turn|92\n|inactive|Fdhhehe has 30 seconds left.\n|inactive|Fdhhehe has 20 seconds left.\n|\n|t:|1700647350\n|-end|p2a: Iron Valiant|Quark Drive|[silent]\n|switch|p2a: Kingambit|Kingambit, M|100\/100 slp\n|-activate|p2a: Kingambit|ability: Supreme Overlord\n|-start|p2a: Kingambit|fallen1|[silent]\n|move|p1a: Toxapex|Infestation|p2a: Kingambit\n|-damage|p2a: Kingambit|98\/100 slp\n|-activate|p2a: Kingambit|move: Infestation|[of] p1a: Toxapex\n|\n|-heal|p2a: Kingambit|100\/100 slp|[from] item: Leftovers\n|-heal|p1a: Toxapex|96\/100|[from] item: Black Sludge\n|-damage|p2a: Kingambit|88\/100 slp|[from] move: Infestation|[partiallytrapped]\n|upkeep\n|turn|93\n|inactive|Fdhhehe has 25 seconds left this turn.\n|inactive|Fdhhehe has 20 seconds left.\n|inactive|Fdhhehe has 15 seconds left.\n|inactive|Fdhhehe has 10 seconds left.\n|\n|t:|1700647366\n|switch|p1a: Spiritomb|Spiritomb, M|55\/100 brn\n|-ability|p1a: Spiritomb|Pressure\n|cant|p2a: Kingambit|slp\n|\n|-heal|p2a: Kingambit|94\/100 slp|[from] item: Leftovers\n|-damage|p1a: Spiritomb|49\/100 brn|[from] brn\n|-end|p2a: Kingambit|Infestation|[partiallytrapped]|[silent]\n|upkeep\n|-enditem|p1a: Spiritomb|Sitrus Berry|[eat]\n|-heal|p1a: Spiritomb|74\/100 brn|[from] item: Sitrus Berry\n|turn|94\n|inactive|Fdhhehe has 15 seconds left this turn.\n|inactive|Fdhhehe has 10 seconds left.\n|inactive|Fdhhehe has 5 seconds left.\n|\n|t:|1700647382\n|-end|p2a: Kingambit|fallen1|[silent]\n|switch|p2a: Moltres|Moltres|76\/100 tox\n|move|p1a: Spiritomb|Will-O-Wisp|p2a: Moltres|[miss]\n|-miss|p1a: Spiritomb|p2a: Moltres\n|\n|-damage|p2a: Moltres|70\/100 tox|[from] psn\n|-damage|p1a: Spiritomb|68\/100 brn|[from] brn\n|upkeep\n|turn|95\n|inactive|Fdhhehe has 10 seconds left this turn.\n|inactive|Fdhhehe has 5 seconds left.\n|\n|t:|1700647392\n|move|p1a: Spiritomb|Protect|p1a: Spiritomb\n|-singleturn|p1a: Spiritomb|Protect\n|move|p2a: Moltres|U-turn|p1a: Spiritomb\n|-activate|p1a: Spiritomb|move: Protect\n|\n|-damage|p2a: Moltres|58\/100 tox|[from] psn\n|-damage|p1a: Spiritomb|62\/100 brn|[from] brn\n|upkeep\n|turn|96\n|inactive|Fdhhehe has 10 seconds left this turn.\n|inactive|Fdhhehe has 5 seconds left.\n|\n|t:|1700647401\n|switch|p1a: Toxapex|Toxapex, F|100\/100\n|move|p2a: Moltres|U-turn|p1a: Toxapex\n|-resisted|p1a: Toxapex\n|-damage|p1a: Toxapex|96\/100\n|inactive|Fdhhehe has 10 seconds left this turn.\n|\n|t:|1700647409\n|switch|p2a: Kingambit|Kingambit, M|94\/100 slp|[from] U-turn\n|-activate|p2a: Kingambit|ability: Supreme Overlord\n|-start|p2a: Kingambit|fallen1|[silent]\n|\n|-heal|p2a: Kingambit|99\/100 slp|[from] item: Leftovers\n|-heal|p1a: Toxapex|100\/100|[from] item: Black Sludge\n|upkeep\n|turn|97\n|inactive|Fdhhehe has 15 seconds left this turn.\n|inactive|Fdhhehe has 10 seconds left.\n|\n|t:|1700647419\n|switch|p1a: Spiritomb|Spiritomb, M|62\/100 brn\n|-ability|p1a: Spiritomb|Pressure\n|cant|p2a: Kingambit|slp\n|\n|-heal|p2a: Kingambit|100\/100 slp|[from] item: Leftovers\n|-damage|p1a: Spiritomb|55\/100 brn|[from] brn\n|upkeep\n|turn|98\n|inactive|Fdhhehe has 15 seconds left this turn.\n|inactive|Fdhhehe has 10 seconds left.\n|inactive|Fdhhehe has 5 seconds left.\n|\n|t:|1700647433\n|-end|p2a: Kingambit|fallen1|[silent]\n|switch|p2a: Alomomola|Alomomola, M|100\/100 tox\n|move|p1a: Spiritomb|Will-O-Wisp||[still]\n|-fail|p1a: Spiritomb\n|\n|-damage|p2a: Alomomola|94\/100 tox|[from] psn\n|-damage|p1a: Spiritomb|49\/100 brn|[from] brn\n|upkeep\n|turn|99\n|inactive|Fdhhehe has 10 seconds left this turn.\n|inactive|Fdhhehe has 5 seconds left.\n|\n|t:|1700647442\n|move|p2a: Alomomola|Flip Turn|p1a: Spiritomb\n|-damage|p1a: Spiritomb|35\/100 brn\n|inactive|Fdhhehe has 10 seconds left this turn.\n|\n|t:|1700647448\n|switch|p2a: Moltres|Moltres|58\/100 tox|[from] Flip Turn\n|move|p1a: Spiritomb|Pain Split|p2a: Moltres\n|-sethp|p2a: Moltres|43\/100 tox|[from] move: Pain Split|[silent]\n|-sethp|p1a: Spiritomb|54\/100 brn|[from] move: Pain Split\n|\n|-damage|p2a: Moltres|37\/100 tox|[from] psn\n|-damage|p1a: Spiritomb|48\/100 brn|[from] brn\n|upkeep\n|turn|100\n|inactive|Fdhhehe has 15 seconds left this turn.\n|inactive|Fdhhehe has 10 seconds left.\n|inactive|Fdhhehe has 5 seconds left.\n|\n|t:|1700647461\n|move|p1a: Spiritomb|Protect|p1a: Spiritomb\n|-singleturn|p1a: Spiritomb|Protect\n|move|p2a: Moltres|U-turn|p1a: Spiritomb\n|-activate|p1a: Spiritomb|move: Protect\n|\n|-damage|p2a: Moltres|25\/100 tox|[from] psn\n|-damage|p1a: Spiritomb|42\/100 brn|[from] brn\n|upkeep\n|turn|101\n|inactive|Fdhhehe has 10 seconds left this turn.\n|inactive|Fdhhehe has 5 seconds left.\n|\n|t:|1700647471\n|move|p2a: Moltres|U-turn|p1a: Spiritomb\n|-damage|p1a: Spiritomb|30\/100 brn\n|inactive|Fdhhehe has 10 seconds left this turn.\n|\n|t:|1700647474\n|switch|p2a: Alomomola|Alomomola, M|100\/100 tox|[from] U-turn\n|move|p1a: Spiritomb|Pain Split|p2a: Alomomola\n|-sethp|p2a: Alomomola|59\/100 tox|[from] move: Pain Split|[silent]\n|-sethp|p1a: Spiritomb|100\/100 brn|[from] move: Pain Split\n|\n|-heal|p2a: Alomomola|65\/100 tox|[from] item: Leftovers\n|-damage|p2a: Alomomola|59\/100 tox|[from] psn\n|-damage|p1a: Spiritomb|94\/100 brn|[from] brn\n|upkeep\n|turn|102\n|inactive|Fdhhehe has 15 seconds left this turn.\n|inactive|Fdhhehe has 10 seconds left.\n|inactive|Fdhhehe has 5 seconds left.\n|\n|t:|1700647487\n|move|p1a: Spiritomb|Protect|p1a: Spiritomb\n|-singleturn|p1a: Spiritomb|Protect\n|move|p2a: Alomomola|Wish|p2a: Alomomola\n|\n|-heal|p2a: Alomomola|65\/100 tox|[from] item: Leftovers\n|-damage|p2a: Alomomola|53\/100 tox|[from] psn\n|-damage|p1a: Spiritomb|88\/100 brn|[from] brn\n|upkeep\n|turn|103\n|inactive|Fdhhehe has 10 seconds left this turn.\n|inactive|Fdhhehe has 5 seconds left.\n|-message|Fdhhehe lost due to inactivity.\n|\n|win|zasdxcfgvhbn\n|raw|Fdhhehe's rating: 1098 &rarr; <strong>1078<\/strong><br \/>(-20 for losing)\n|raw|zasdxcfgvhbn's rating: 1162 &rarr; <strong>1182<\/strong><br \/>(+20 for winning)\n|c|\u2606zasdxcfgvhbn|sucks to be you\n|c|\u2606zasdxcfgvhbn|free winnnn\n|c|\u2606zasdxcfgvhbn|https:\/\/replay.pokemonshowdown.com\/gen9ou-1996110438\n|c|\u2606zasdxcfgvhbn|share it with your friends\n|c|\u2606zasdxcfgvhbn|if u have any\n|l|\u2606Fdhhehe\n","uploadtime":1700647501,"views":1,"p1id":"fdhhehe","p2id":"zasdxcfgvhbn","formatid":"gen9ou","rating":1078,"private":0,"password":""}