{"id":"gen9ou-1993263265","p1":"rainydayshere","p2":"q2wegn","format":"[Gen 9] OU","log":"|j|\u2606rainydayshere\n|j|\u203dq2wegn\n|t:|1700286360\n|gametype|singles\n|player|p1|rainydayshere|fisherman-gen4|1000\n|player|p2|q2wegn|102|1027\n|teamsize|p1|6\n|teamsize|p2|6\n|gen|9\n|tier|[Gen 9] OU\n|rated|\n|rule|Sleep Clause Mod: Limit one foe put to sleep\n|rule|Species Clause: Limit one of each Pok\u00e9mon\n|rule|OHKO Clause: OHKO moves are banned\n|rule|Evasion Items Clause: Evasion items are banned\n|rule|Evasion Moves Clause: Evasion moves are banned\n|rule|Endless Battle Clause: Forcing endless battles is banned\n|rule|HP Percentage Mod: HP is shown in percentages\n|clearpoke\n|poke|p1|Hatterene, F|\n|poke|p1|Slowking-Galar, M|\n|poke|p1|Jirachi|\n|poke|p1|Gallade, M|\n|poke|p1|Munkidori, M|\n|poke|p1|Hoopa-Unbound|\n|poke|p2|Grimmsnarl, M|\n|poke|p2|Greninja-*, M|\n|poke|p2|Great Tusk|\n|poke|p2|Corviknight, F|\n|poke|p2|Iron Valiant|\n|poke|p2|Pincurchin, F|\n|teampreview\n|inactive|Battle timer is ON: inactive players will automatically lose when time's up. (requested by q2wegn)\n|\n|t:|1700286372\n|start\n|switch|p1a: Jirachi|Jirachi|100\/100\n|switch|p2a: Pincurchin|Pincurchin, F|100\/100\n|-fieldstart|move: Electric Terrain|[from] ability: Electric Surge|[of] p2a: Pincurchin\n|turn|1\n|\n|t:|1700286383\n|move|p1a: Jirachi|U-turn|p2a: Pincurchin\n|-damage|p2a: Pincurchin|76\/100\n|-enditem|p2a: Pincurchin|Eject Button\n|\n|t:|1700286391\n|switch|p2a: Iron Valiant|Iron Valiant|100\/100\n|-activate|p2a: Iron Valiant|ability: Quark Drive\n|-start|p2a: Iron Valiant|quarkdrivespe\n|\n|upkeep\n|turn|2\n|inactive|rainydayshere has 120 seconds left.\n|\n|t:|1700286445\n|switch|p1a: Hoopa|Hoopa-Unbound|100\/100\n|-terastallize|p2a: Iron Valiant|Steel\n|move|p2a: Iron Valiant|Swords Dance|p2a: Iron Valiant\n|-boost|p2a: Iron Valiant|atk|2\n|\n|upkeep\n|turn|3\n|\n|t:|1700286458\n|move|p2a: Iron Valiant|Spirit Break|p1a: Hoopa\n|-supereffective|p1a: Hoopa\n|-damage|p1a: Hoopa|0 fnt\n|faint|p1a: Hoopa\n|-damage|p2a: Iron Valiant|90\/100|[from] item: Life Orb\n|\n|upkeep\n|\n|t:|1700286464\n|switch|p1a: Munkidori|Munkidori, M|100\/100\n|turn|4\n|\n|t:|1700286480\n|move|p2a: Iron Valiant|Knock Off|p1a: Munkidori\n|-supereffective|p1a: Munkidori\n|-damage|p1a: Munkidori|0 fnt\n|-enditem|p1a: Munkidori|Expert Belt|[from] move: Knock Off|[of] p2a: Iron Valiant\n|faint|p1a: Munkidori\n|-damage|p2a: Iron Valiant|80\/100|[from] item: Life Orb\n|\n|upkeep\n|\n|t:|1700286488\n|switch|p1a: Hatterene|Hatterene, F|100\/100\n|turn|5\n|\n|t:|1700286495\n|move|p2a: Iron Valiant|Swords Dance|p2a: Iron Valiant\n|-boost|p2a: Iron Valiant|atk|2\n|move|p1a: Hatterene|Psychic|p2a: Iron Valiant\n|-resisted|p2a: Iron Valiant\n|-damage|p2a: Iron Valiant|30\/100\n|-unboost|p2a: Iron Valiant|spd|1\n|\n|-fieldend|move: Electric Terrain\n|-end|p2a: Iron Valiant|Quark Drive\n|upkeep\n|turn|6\n|\n|t:|1700286515\n|move|p2a: Iron Valiant|Spirit Break|p1a: Hatterene\n|-damage|p1a: Hatterene|0 fnt\n|faint|p1a: Hatterene\n|-damage|p2a: Iron Valiant|20\/100|[from] item: Life Orb\n|\n|upkeep\n|inactive|rainydayshere has 90 seconds left.\n|\n|t:|1700286546\n|switch|p1a: Slowking|Slowking-Galar, M|100\/100\n|turn|7\n|\n|t:|1700286551\n|move|p2a: Iron Valiant|Knock Off|p1a: Slowking\n|-supereffective|p1a: Slowking\n|-damage|p1a: Slowking|0 fnt\n|-enditem|p1a: Slowking|Black Sludge|[from] move: Knock Off|[of] p2a: Iron Valiant\n|faint|p1a: Slowking\n|-damage|p2a: Iron Valiant|10\/100|[from] item: Life Orb\n|\n|upkeep\n|\n|t:|1700286556\n|switch|p1a: Gallade|Gallade, M|100\/100\n|turn|8\n|\n|t:|1700286562\n|switch|p1a: Jirachi|Jirachi|100\/100\n|move|p2a: Iron Valiant|Spirit Break|p1a: Jirachi\n|-resisted|p1a: Jirachi\n|-damage|p1a: Jirachi|18\/100\n|-unboost|p1a: Jirachi|spa|1\n|-damage|p2a: Iron Valiant|0 fnt|[from] item: Life Orb\n|faint|p2a: Iron Valiant\n|-end|p2a: Iron Valiant|Quark Drive|[silent]\n|\n|upkeep\n|\n|t:|1700286574\n|switch|p2a: Greninja|Greninja, M|100\/100\n|turn|9\n|\n|t:|1700286583\n|move|p2a: Greninja|Dark Pulse|p1a: Jirachi\n|-supereffective|p1a: Jirachi\n|-damage|p1a: Jirachi|0 fnt\n|faint|p1a: Jirachi\n|-ability|p2a: Greninja|Battle Bond|boost\n|-boost|p2a: Greninja|atk|1\n|-boost|p2a: Greninja|spa|1\n|-boost|p2a: Greninja|spe|1\n|-activate|p2a: Greninja|ability: Battle Bond\n|\n|upkeep\n|\n|t:|1700286586\n|switch|p1a: Gallade|Gallade, M|100\/100\n|turn|10\n|\n|t:|1700286597\n|move|p2a: Greninja|Dark Pulse|p1a: Gallade\n|-damage|p1a: Gallade|43\/100\n|move|p1a: Gallade|Drain Punch|p2a: Greninja\n|-supereffective|p2a: Greninja\n|-damage|p2a: Greninja|0 fnt\n|-heal|p1a: Gallade|95\/100|[from] drain|[of] p2a: Greninja\n|faint|p2a: Greninja\n|\n|upkeep\n|\n|t:|1700286608\n|switch|p2a: Grimmsnarl|Grimmsnarl, M|100\/100\n|turn|11\n|\n|t:|1700286612\n|move|p2a: Grimmsnarl|Thunder Wave|p1a: Gallade\n|-status|p1a: Gallade|par\n|move|p1a: Gallade|Swords Dance|p1a: Gallade\n|-boost|p1a: Gallade|atk|2\n|\n|upkeep\n|turn|12\n|\n|t:|1700286620\n|move|p2a: Grimmsnarl|Parting Shot|p1a: Gallade\n|-unboost|p1a: Gallade|atk|1\n|-unboost|p1a: Gallade|spa|1\n|\n|t:|1700286628\n|switch|p2a: Great Tusk|Great Tusk|100\/100|[from] Parting Shot\n|move|p1a: Gallade|Aqua Cutter|p2a: Great Tusk\n|-supereffective|p2a: Great Tusk\n|-damage|p2a: Great Tusk|38\/100\n|\n|upkeep\n|turn|13\n|\n|t:|1700286638\n|move|p2a: Great Tusk|Headlong Rush|p1a: Gallade\n|-damage|p1a: Gallade|10\/100 par\n|-unboost|p2a: Great Tusk|def|1\n|-unboost|p2a: Great Tusk|spd|1\n|move|p1a: Gallade|Aqua Cutter|p2a: Great Tusk\n|-supereffective|p2a: Great Tusk\n|-damage|p2a: Great Tusk|0 fnt\n|faint|p2a: Great Tusk\n|-end|p2a: Great Tusk|Protosynthesis|[silent]\n|\n|upkeep\n|\n|t:|1700286649\n|switch|p2a: Pincurchin|Pincurchin, F|76\/100\n|-fieldstart|move: Electric Terrain|[from] ability: Electric Surge|[of] p2a: Pincurchin\n|turn|14\n|\n|t:|1700286654\n|move|p2a: Pincurchin|Sucker Punch|p1a: Gallade\n|-damage|p1a: Gallade|0 fnt\n|faint|p1a: Gallade\n|\n|win|q2wegn\n|raw|rainydayshere's rating: 1000 &rarr; <strong>1000<\/strong><br \/>(+0 for losing)\n|raw|q2wegn's rating: 1027 &rarr; <strong>1060<\/strong><br \/>(+33 for winning)\n|l|\u2606rainydayshere\n","uploadtime":1700286667,"views":16,"p1id":"rainydayshere","p2id":"q2wegn","formatid":"gen9ou","rating":1000,"private":0,"password":""}