{"id":"gen9ou-1998378119","p1":"Mr.X&Y97","p2":"Damastes","format":"[Gen 9] OU","log":"|j|\u2606Mr.X&Y97\n|j|\u2606Damastes\n|t:|1700935616\n|gametype|singles\n|player|p1|Mr.X&Y97|ingo|1503\n|player|p2|Damastes|2|1401\n|teamsize|p1|6\n|teamsize|p2|6\n|gen|9\n|tier|[Gen 9] OU\n|rated|\n|rule|Sleep Clause Mod: Limit one foe put to sleep\n|rule|Species Clause: Limit one of each Pok\u00e9mon\n|rule|OHKO Clause: OHKO moves are banned\n|rule|Evasion Items Clause: Evasion items are banned\n|rule|Evasion Moves Clause: Evasion moves are banned\n|rule|Endless Battle Clause: Forcing endless battles is banned\n|rule|HP Percentage Mod: HP is shown in percentages\n|clearpoke\n|poke|p1|Iron Valiant|\n|poke|p1|Dragapult, M|\n|poke|p1|Toxapex, F|\n|poke|p1|Cinderace, M|\n|poke|p1|Weavile, F|\n|poke|p1|Skeledirge, M|\n|poke|p2|Pelipper, F|\n|poke|p2|Greninja-*, M|\n|poke|p2|Amoonguss, M|\n|poke|p2|Zapdos|\n|poke|p2|Iron Treads|\n|poke|p2|Basculegion-F, F|\n|teampreview\n|inactive|Battle timer is ON: inactive players will automatically lose when time's up. (requested by Mr.X&Y97)\n|\n|t:|1700935639\n|start\n|switch|p1a: DOUBLEDARTS|Dragapult, M|100\/100\n|switch|p2a: Pelipper|Pelipper, F|100\/100\n|-weather|RainDance|[from] ability: Drizzle|[of] p2a: Pelipper\n|turn|1\n|l|\u2606Damastes\n|inactive|Damastes disconnected and has a minute to reconnect!\n|player|p2|\n|j|\u2606Damastes\n|inactive|Damastes reconnected and has 140 seconds left.\n|player|p2|Damastes|2\n|\n|t:|1700935657\n|switch|p2a: Amoonguss|Amoonguss, M|100\/100\n|move|p1a: DOUBLEDARTS|Draco Meteor|p2a: Amoonguss\n|-damage|p2a: Amoonguss|47\/100\n|-unboost|p1a: DOUBLEDARTS|spa|2\n|-enditem|p2a: Amoonguss|Eject Button\n|\n|t:|1700935666\n|switch|p2a: Basculegion|Basculegion-F, F|100\/100\n|\n|-weather|RainDance|[upkeep]\n|upkeep\n|turn|2\n|\n|t:|1700935683\n|switch|p1a: Get Pexed|Toxapex, F|100\/100\n|move|p2a: Basculegion|Surf|p1a: Get Pexed\n|-resisted|p1a: Get Pexed\n|-damage|p1a: Get Pexed|63\/100\n|\n|-weather|RainDance|[upkeep]\n|-heal|p1a: Get Pexed|69\/100|[from] item: Leftovers\n|upkeep\n|turn|3\n|\n|t:|1700935692\n|switch|p2a: Iron Treads|Iron Treads|100\/100\n|move|p1a: Get Pexed|Recover|p1a: Get Pexed\n|-heal|p1a: Get Pexed|100\/100\n|\n|-weather|RainDance|[upkeep]\n|upkeep\n|turn|4\n|\n|t:|1700935705\n|-terastallize|p1a: Get Pexed|Grass\n|move|p2a: Iron Treads|Earthquake|p1a: Get Pexed\n|-resisted|p1a: Get Pexed\n|-damage|p1a: Get Pexed|88\/100\n|move|p1a: Get Pexed|Surf|p2a: Iron Treads\n|-supereffective|p2a: Iron Treads\n|-damage|p2a: Iron Treads|32\/100\n|\n|-weather|RainDance|[upkeep]\n|-heal|p2a: Iron Treads|38\/100|[from] item: Leftovers\n|-heal|p1a: Get Pexed|94\/100|[from] item: Leftovers\n|upkeep\n|turn|5\n|\n|t:|1700935725\n|move|p2a: Iron Treads|Stealth Rock|p1a: Get Pexed\n|-sidestart|p1: Mr.X&Y97|move: Stealth Rock\n|move|p1a: Get Pexed|Toxic|p2a: Iron Treads|[miss]\n|-miss|p1a: Get Pexed|p2a: Iron Treads\n|\n|-weather|RainDance|[upkeep]\n|-heal|p2a: Iron Treads|44\/100|[from] item: Leftovers\n|-heal|p1a: Get Pexed|99\/100|[from] item: Leftovers\n|upkeep\n|turn|6\n|\n|t:|1700935735\n|-end|p2a: Iron Treads|Quark Drive|[silent]\n|switch|p2a: Amoonguss|Amoonguss, M|81\/100\n|move|p1a: Get Pexed|Surf|p2a: Amoonguss\n|-resisted|p2a: Amoonguss\n|-damage|p2a: Amoonguss|72\/100\n|\n|-weather|RainDance|[upkeep]\n|-heal|p1a: Get Pexed|100\/100|[from] item: Leftovers\n|upkeep\n|turn|7\n|\n|t:|1700935742\n|switch|p1a: Flamin' Hot|Cinderace, M|100\/100\n|move|p2a: Amoonguss|Sludge Bomb|p1a: Flamin' Hot\n|-damage|p1a: Flamin' Hot|60\/100\n|-status|p1a: Flamin' Hot|psn\n|\n|-weather|RainDance|[upkeep]\n|-damage|p1a: Flamin' Hot|48\/100 psn|[from] psn\n|upkeep\n|turn|8\n|\n|t:|1700935749\n|move|p1a: Flamin' Hot|Court Change|p1a: Flamin' Hot\n|-start|p1a: Flamin' Hot|typechange|Normal|[from] ability: Libero\n|-swapsideconditions\n|-activate|p1a: Flamin' Hot|move: Court Change\n|move|p2a: Amoonguss|Sludge Bomb|p1a: Flamin' Hot\n|-damage|p1a: Flamin' Hot|12\/100 psn\n|\n|-weather|none\n|-damage|p1a: Flamin' Hot|0 fnt|[from] psn\n|faint|p1a: Flamin' Hot\n|upkeep\n|\n|t:|1700935754\n|switch|p1a: Popgoes Weasel|Weavile, F|100\/100\n|-ability|p1a: Popgoes Weasel|Pressure\n|turn|9\n|\n|t:|1700935766\n|move|p1a: Popgoes Weasel|Icicle Crash|p2a: Amoonguss\n|-supereffective|p2a: Amoonguss\n|-damage|p2a: Amoonguss|0 fnt\n|faint|p2a: Amoonguss\n|\n|upkeep\n|\n|t:|1700935774\n|switch|p2a: Pelipper|Pelipper, F|100\/100\n|-damage|p2a: Pelipper|76\/100|[from] Stealth Rock\n|-weather|RainDance|[from] ability: Drizzle|[of] p2a: Pelipper\n|turn|10\n|\n|t:|1700935776\n|move|p1a: Popgoes Weasel|Icicle Crash|p2a: Pelipper\n|-damage|p2a: Pelipper|24\/100\n|move|p2a: Pelipper|U-turn|p1a: Popgoes Weasel\n|-supereffective|p1a: Popgoes Weasel\n|-damage|p1a: Popgoes Weasel|73\/100\n|\n|t:|1700935799\n|switch|p2a: Basculegion|Basculegion-F, F|100\/100|[from] U-turn\n|-damage|p2a: Basculegion|88\/100|[from] Stealth Rock\n|\n|-weather|RainDance|[upkeep]\n|upkeep\n|turn|11\n|inactive|Mr.X&Y97 has 120 seconds left.\n|\n|t:|1700935833\n|switch|p2a: Iron Treads|Iron Treads|44\/100\n|-damage|p2a: Iron Treads|41\/100|[from] Stealth Rock\n|switch|p1a: Get Pexed|Toxapex, F, tera:Grass|100\/100\n|\n|-weather|RainDance|[upkeep]\n|-heal|p2a: Iron Treads|47\/100|[from] item: Leftovers\n|upkeep\n|turn|12\n|\n|t:|1700935846\n|move|p2a: Iron Treads|Rapid Spin|p1a: Get Pexed\n|-damage|p1a: Get Pexed|92\/100\n|-boost|p2a: Iron Treads|spe|1\n|-sideend|p2: Damastes|Stealth Rock|[from] move: Rapid Spin|[of] p2a: Iron Treads\n|move|p1a: Get Pexed|Surf|p2a: Iron Treads\n|-supereffective|p2a: Iron Treads\n|-damage|p2a: Iron Treads|0 fnt\n|faint|p2a: Iron Treads\n|-end|p2a: Iron Treads|Quark Drive|[silent]\n|\n|-weather|RainDance|[upkeep]\n|-heal|p1a: Get Pexed|98\/100|[from] item: Leftovers\n|upkeep\n|\n|t:|1700935864\n|switch|p2a: Zapdos|Zapdos|100\/100\n|turn|13\n|\n|t:|1700935874\n|move|p2a: Zapdos|Hurricane|p1a: Get Pexed\n|-supereffective|p1a: Get Pexed\n|-damage|p1a: Get Pexed|7\/100\n|move|p1a: Get Pexed|Toxic|p2a: Zapdos\n|-status|p2a: Zapdos|tox\n|\n|-weather|RainDance|[upkeep]\n|-heal|p1a: Get Pexed|13\/100|[from] item: Leftovers\n|-damage|p2a: Zapdos|94\/100 tox|[from] psn\n|upkeep\n|turn|14\n|\n|t:|1700935886\n|switch|p1a: DJ Dirge|Skeledirge, M|100\/100\n|move|p2a: Zapdos|Volt Switch|p1a: DJ Dirge\n|-damage|p1a: DJ Dirge|76\/100\n|\n|t:|1700935892\n|switch|p2a: Basculegion|Basculegion-F, F|88\/100|[from] Volt Switch\n|\n|-weather|RainDance|[upkeep]\n|upkeep\n|turn|15\n|\n|t:|1700935903\n|move|p2a: Basculegion|Surf|p1a: DJ Dirge\n|-supereffective|p1a: DJ Dirge\n|-damage|p1a: DJ Dirge|0 fnt\n|faint|p1a: DJ Dirge\n|\n|-weather|RainDance|[upkeep]\n|upkeep\n|l|\u2606Damastes\n|inactive|Damastes disconnected and has a minute to reconnect!\n|player|p2|\n|\n|t:|1700935909\n|switch|p1a: Get Pexed|Toxapex, F, tera:Grass|46\/100\n|turn|16\n|j|\u2606Damastes\n|inactive|Damastes reconnected and has 125 seconds left.\n|player|p2|Damastes|2\n|inactive|Damastes has 120 seconds left.\n|\n|t:|1700935946\n|switch|p2a: Zapdos|Zapdos|94\/100 tox\n|move|p1a: Get Pexed|Recover|p1a: Get Pexed\n|-heal|p1a: Get Pexed|96\/100\n|\n|-weather|RainDance|[upkeep]\n|-heal|p1a: Get Pexed|100\/100|[from] item: Leftovers\n|-damage|p2a: Zapdos|88\/100 tox|[from] psn\n|upkeep\n|turn|17\n|inactive|Mr.X&Y97 has 120 seconds left.\n|\n|t:|1700935982\n|switch|p1a: Popgoes Weasel|Weavile, F|73\/100\n|-ability|p1a: Popgoes Weasel|Pressure\n|move|p2a: Zapdos|Hurricane|p1a: Popgoes Weasel\n|-damage|p1a: Popgoes Weasel|0 fnt\n|faint|p1a: Popgoes Weasel\n|\n|-weather|none\n|-damage|p2a: Zapdos|76\/100 tox|[from] psn\n|upkeep\n|\n|t:|1700936004\n|switch|p1a: DOUBLEDARTS|Dragapult, M|100\/100\n|turn|18\n|\n|t:|1700936014\n|move|p1a: DOUBLEDARTS|Shadow Ball|p2a: Zapdos\n|-damage|p2a: Zapdos|14\/100 tox\n|move|p2a: Zapdos|Volt Switch|p1a: DOUBLEDARTS\n|-resisted|p1a: DOUBLEDARTS\n|-damage|p1a: DOUBLEDARTS|78\/100\n|\n|t:|1700936018\n|switch|p2a: Pelipper|Pelipper, F|24\/100|[from] Volt Switch\n|-weather|RainDance|[from] ability: Drizzle|[of] p2a: Pelipper\n|\n|-weather|RainDance|[upkeep]\n|upkeep\n|turn|19\n|inactive|Mr.X&Y97 has 120 seconds left.\n|\n|t:|1700936025\n|switch|p2a: Greninja|Greninja, M|100\/100\n|move|p1a: DOUBLEDARTS|Shadow Ball|p2a: Greninja\n|-resisted|p2a: Greninja\n|-damage|p2a: Greninja|59\/100\n|\n|-weather|RainDance|[upkeep]\n|upkeep\n|turn|20\n|inactive|Mr.X&Y97 has 120 seconds left.\n|inactive|Mr.X&Y97 has 90 seconds left.\n|\n|t:|1700936074\n|switch|p1a: Get Pexed|Toxapex, F, tera:Grass|100\/100\n|move|p2a: Greninja|Liquidation|p1a: Get Pexed\n|-resisted|p1a: Get Pexed\n|-damage|p1a: Get Pexed|75\/100\n|-unboost|p1a: Get Pexed|def|1\n|\n|-weather|RainDance|[upkeep]\n|-heal|p1a: Get Pexed|81\/100|[from] item: Leftovers\n|upkeep\n|turn|21\n|inactive|Mr.X&Y97 has 90 seconds left.\n|l|\u2606Damastes\n|inactive|Damastes disconnected and has a minute to reconnect!\n|player|p2|\n|j|\u2606Damastes\n|inactive|Damastes reconnected and has 130 seconds left.\n|player|p2|Damastes|2\n|\n|t:|1700936100\n|switch|p1a: DOUBLEDARTS|Dragapult, M|78\/100\n|move|p2a: Greninja|Liquidation|p1a: DOUBLEDARTS\n|-resisted|p1a: DOUBLEDARTS\n|-damage|p1a: DOUBLEDARTS|21\/100\n|\n|-weather|RainDance|[upkeep]\n|upkeep\n|turn|22\n|\n|t:|1700936107\n|switch|p2a: Zapdos|Zapdos|14\/100 tox\n|move|p1a: DOUBLEDARTS|Draco Meteor|p2a: Zapdos\n|-damage|p2a: Zapdos|0 fnt\n|-unboost|p1a: DOUBLEDARTS|spa|2\n|faint|p2a: Zapdos\n|\n|-weather|RainDance|[upkeep]\n|upkeep\n|inactive|Damastes has 120 seconds left.\n|\n|t:|1700936126\n|switch|p2a: Greninja|Greninja, M|59\/100\n|turn|23\n|\n|t:|1700936129\n|move|p1a: DOUBLEDARTS|Draco Meteor|p2a: Greninja\n|-damage|p2a: Greninja|0 fnt\n|-unboost|p1a: DOUBLEDARTS|spa|2\n|faint|p2a: Greninja\n|\n|-weather|RainDance|[upkeep]\n|upkeep\n|\n|t:|1700936135\n|switch|p2a: Basculegion|Basculegion-F, F|88\/100\n|turn|24\n|\n|t:|1700936142\n|move|p2a: Basculegion|Ice Beam|p1a: DOUBLEDARTS\n|-supereffective|p1a: DOUBLEDARTS\n|-damage|p1a: DOUBLEDARTS|0 fnt\n|faint|p1a: DOUBLEDARTS\n|\n|-weather|RainDance|[upkeep]\n|upkeep\n|\n|t:|1700936147\n|switch|p1a: Gallevoir|Iron Valiant|100\/100\n|-enditem|p1a: Gallevoir|Booster Energy\n|-activate|p1a: Gallevoir|ability: Quark Drive|[fromitem]\n|-start|p1a: Gallevoir|quarkdrivespe\n|turn|25\n|l|\u2606Damastes\n|inactive|Damastes disconnected and has a minute to reconnect!\n|player|p2|\n|inactive|Damastes has 30 seconds to reconnect!\n|j|\u2606Damastes\n|inactive|Damastes reconnected and has 115 seconds left.\n|player|p2|Damastes|2\n|\n|t:|1700936204\n|move|p1a: Gallevoir|Thunderbolt|p2a: Basculegion\n|-supereffective|p2a: Basculegion\n|-damage|p2a: Basculegion|21\/100\n|move|p2a: Basculegion|Ice Beam|p1a: Gallevoir\n|-damage|p1a: Gallevoir|13\/100\n|\n|-weather|none\n|upkeep\n|turn|26\n|\n|t:|1700936210\n|switch|p2a: Pelipper|Pelipper, F|24\/100\n|-weather|RainDance|[from] ability: Drizzle|[of] p2a: Pelipper\n|move|p1a: Gallevoir|Thunderbolt|p2a: Pelipper\n|-supereffective|p2a: Pelipper\n|-damage|p2a: Pelipper|0 fnt\n|faint|p2a: Pelipper\n|\n|-weather|RainDance|[upkeep]\n|upkeep\n|l|\u2606Damastes\n|inactive|Damastes disconnected and has a minute to reconnect!\n|player|p2|\n|j|\u2606Damastes\n|inactive|Damastes reconnected and has 95 seconds left.\n|player|p2|Damastes|2\n|c|\u2606Mr.X&Y97|Ggs wp\n|\n|t:|1700936229\n|switch|p2a: Basculegion|Basculegion-F, F|21\/100\n|turn|27\n|\n|t:|1700936231\n|move|p1a: Gallevoir|Thunderbolt|p2a: Basculegion\n|-supereffective|p2a: Basculegion\n|-damage|p2a: Basculegion|0 fnt\n|faint|p2a: Basculegion\n|\n|win|Mr.X&Y97\n|raw|Mr.X&amp;Y97's rating: 1503 &rarr; <strong>1517<\/strong><br \/>(+14 for winning)\n|raw|Damastes's rating: 1401 &rarr; <strong>1387<\/strong><br \/>(-14 for losing)\n|l|\u2606Damastes\n|c|\u2606Mr.X&Y97|Gg wp!\n","uploadtime":1700936251,"views":1,"p1id":"mrxy97","p2id":"damastes","formatid":"gen9ou","rating":1387,"private":0,"password":""}