{"id":"gen9ou-1997133728","p1":"G00FYG00B3R","p2":"IamBrod","format":"[Gen 9] OU","log":"|j|\u2606G00FYG00B3R\n|j|\u2606IamBrod\n|t:|1700767899\n|gametype|singles\n|player|p1|G00FYG00B3R|adaman|1418\n|player|p2|IamBrod|preschooler|1503\n|teamsize|p1|6\n|teamsize|p2|6\n|gen|9\n|tier|[Gen 9] OU\n|rated|\n|rule|Sleep Clause Mod: Limit one foe put to sleep\n|rule|Species Clause: Limit one of each Pok\u00e9mon\n|rule|OHKO Clause: OHKO moves are banned\n|rule|Evasion Items Clause: Evasion items are banned\n|rule|Evasion Moves Clause: Evasion moves are banned\n|rule|Endless Battle Clause: Forcing endless battles is banned\n|rule|HP Percentage Mod: HP is shown in percentages\n|clearpoke\n|poke|p1|Zapdos|\n|poke|p1|Cinderace, F|\n|poke|p1|Ting-Lu|\n|poke|p1|Corviknight, M|\n|poke|p1|Okidogi, M|\n|poke|p1|Ogerpon-Wellspring, F|\n|poke|p2|Cinderace, F|\n|poke|p2|Gholdengo|\n|poke|p2|Landorus-Therian, M|\n|poke|p2|Ogerpon-Wellspring, F|\n|poke|p2|Zamazenta-*|\n|poke|p2|Kingambit, M|\n|teampreview\n|inactive|Battle timer is ON: inactive players will automatically lose when time's up. (requested by IamBrod)\n|\n|t:|1700767917\n|start\n|switch|p1a: BELLIGOL|Cinderace, F|100\/100\n|switch|p2a: Landorus|Landorus-Therian, M|100\/100\n|-ability|p2a: Landorus|Intimidate|boost\n|-unboost|p1a: BELLIGOL|atk|1\n|turn|1\n|\n|t:|1700767934\n|switch|p1a: Cash Corvi|Corviknight, M|100\/100\n|-ability|p1a: Cash Corvi|Pressure\n|move|p2a: Landorus|U-turn|p1a: Cash Corvi\n|-resisted|p1a: Cash Corvi\n|-damage|p1a: Cash Corvi|97\/100\n|-damage|p2a: Landorus|84\/100|[from] item: Rocky Helmet|[of] p1a: Cash Corvi\n|\n|t:|1700767937\n|switch|p2a: Cinderace|Cinderace, F|100\/100|[from] U-turn\n|\n|upkeep\n|turn|2\n|\n|t:|1700767948\n|switch|p1a: Frank Zappa|Zapdos|100\/100\n|move|p2a: Cinderace|Pyro Ball|p1a: Frank Zappa|[miss]\n|-miss|p2a: Cinderace|p1a: Frank Zappa\n|\n|upkeep\n|turn|3\n|\n|t:|1700767954\n|move|p2a: Cinderace|Pyro Ball|p1a: Frank Zappa\n|-damage|p1a: Frank Zappa|28\/100\n|move|p1a: Frank Zappa|Hurricane|p2a: Cinderace|[miss]\n|-miss|p1a: Frank Zappa|p2a: Cinderace\n|\n|upkeep\n|turn|4\n|\n|t:|1700767966\n|switch|p1a: BELLIGOL|Cinderace, F|100\/100\n|move|p2a: Cinderace|Pyro Ball|p1a: BELLIGOL\n|-resisted|p1a: BELLIGOL\n|-damage|p1a: BELLIGOL|59\/100\n|\n|upkeep\n|turn|5\n|\n|t:|1700767976\n|move|p1a: BELLIGOL|Pyro Ball|p2a: Cinderace\n|-resisted|p2a: Cinderace\n|-damage|p2a: Cinderace|63\/100\n|move|p2a: Cinderace|U-turn|p1a: BELLIGOL\n|-start|p2a: Cinderace|typechange|Bug|[from] ability: Libero\n|-resisted|p1a: BELLIGOL\n|-damage|p1a: BELLIGOL|34\/100\n|\n|t:|1700767979\n|switch|p2a: Landorus|Landorus-Therian, M|84\/100|[from] U-turn\n|-ability|p2a: Landorus|Intimidate|boost\n|-unboost|p1a: BELLIGOL|atk|1\n|\n|upkeep\n|turn|6\n|\n|t:|1700767983\n|move|p1a: BELLIGOL|U-turn|p2a: Landorus\n|-start|p1a: BELLIGOL|typechange|Bug|[from] ability: Libero\n|-resisted|p2a: Landorus\n|-crit|p2a: Landorus\n|-damage|p2a: Landorus|68\/100\n|-damage|p1a: BELLIGOL|18\/100|[from] item: Rocky Helmet|[of] p2a: Landorus\n|\n|t:|1700767988\n|switch|p1a: Cash Corvi|Corviknight, M|97\/100|[from] U-turn\n|-ability|p1a: Cash Corvi|Pressure\n|move|p2a: Landorus|U-turn|p1a: Cash Corvi\n|-resisted|p1a: Cash Corvi\n|-damage|p1a: Cash Corvi|93\/100\n|-damage|p2a: Landorus|51\/100|[from] item: Rocky Helmet|[of] p1a: Cash Corvi\n|\n|t:|1700767991\n|switch|p2a: Cinderace|Cinderace, F|63\/100|[from] U-turn\n|\n|upkeep\n|turn|7\n|\n|t:|1700768015\n|-terastallize|p1a: Cash Corvi|Fighting\n|move|p2a: Cinderace|Pyro Ball|p1a: Cash Corvi\n|-damage|p1a: Cash Corvi|60\/100\n|move|p1a: Cash Corvi|Body Press|p2a: Cinderace\n|-damage|p2a: Cinderace|10\/100\n|\n|upkeep\n|turn|8\n|\n|t:|1700768026\n|move|p2a: Cinderace|U-turn|p1a: Cash Corvi\n|-start|p2a: Cinderace|typechange|Bug|[from] ability: Libero\n|-resisted|p1a: Cash Corvi\n|-damage|p1a: Cash Corvi|49\/100\n|-damage|p2a: Cinderace|0 fnt|[from] item: Rocky Helmet|[of] p1a: Cash Corvi\n|faint|p2a: Cinderace\n|move|p1a: Cash Corvi|Roost|p1a: Cash Corvi\n|-heal|p1a: Cash Corvi|99\/100\n|\n|upkeep\n|\n|t:|1700768037\n|switch|p2a: Ogerpon|Ogerpon-Wellspring, F|100\/100\n|turn|9\n|\n|t:|1700768044\n|switch|p1a: Frank Zappa|Zapdos|28\/100\n|move|p2a: Ogerpon|Swords Dance|p2a: Ogerpon\n|-boost|p2a: Ogerpon|atk|2\n|\n|upkeep\n|turn|10\n|\n|t:|1700768049\n|move|p2a: Ogerpon|Ivy Cudgel|p1a: Frank Zappa|[anim] Ivy Cudgel Water\n|-damage|p1a: Frank Zappa|0 fnt\n|faint|p1a: Frank Zappa\n|\n|upkeep\n|\n|t:|1700768056\n|switch|p1a: BELLIGOL|Cinderace, F|18\/100\n|turn|11\n|\n|t:|1700768064\n|move|p1a: BELLIGOL|U-turn|p2a: Ogerpon\n|-start|p1a: BELLIGOL|typechange|Bug|[from] ability: Libero\n|-supereffective|p2a: Ogerpon\n|-damage|p2a: Ogerpon|5\/100\n|\n|t:|1700768072\n|switch|p1a: Ogerpon De River|Ogerpon-Wellspring, F|100\/100|[from] U-turn\n|move|p2a: Ogerpon|Horn Leech|p1a: Ogerpon De River\n|-damage|p1a: Ogerpon De River|0 fnt\n|-heal|p2a: Ogerpon|57\/100|[from] drain|[of] p1a: Ogerpon De River\n|faint|p1a: Ogerpon De River\n|\n|upkeep\n|\n|t:|1700768077\n|switch|p1a: BELLIGOL|Cinderace, F|18\/100\n|turn|12\n|\n|t:|1700768085\n|switch|p2a: Landorus|Landorus-Therian, M|51\/100\n|-ability|p2a: Landorus|Intimidate|boost\n|-unboost|p1a: BELLIGOL|atk|1\n|move|p1a: BELLIGOL|U-turn|p2a: Landorus\n|-start|p1a: BELLIGOL|typechange|Bug|[from] ability: Libero\n|-resisted|p2a: Landorus\n|-damage|p2a: Landorus|43\/100\n|-damage|p1a: BELLIGOL|1\/100|[from] item: Rocky Helmet|[of] p2a: Landorus\n|\n|t:|1700768090\n|switch|p1a: Cash Corvi|Corviknight, M, tera:Fighting|99\/100|[from] U-turn\n|-ability|p1a: Cash Corvi|Pressure\n|\n|upkeep\n|turn|13\n|\n|t:|1700768096\n|move|p2a: Landorus|Earthquake|p1a: Cash Corvi\n|-damage|p1a: Cash Corvi|71\/100\n|move|p1a: Cash Corvi|Iron Defense|p1a: Cash Corvi\n|-boost|p1a: Cash Corvi|def|2\n|\n|upkeep\n|turn|14\n|\n|t:|1700768105\n|move|p2a: Landorus|U-turn|p1a: Cash Corvi\n|-resisted|p1a: Cash Corvi\n|-damage|p1a: Cash Corvi|67\/100\n|-damage|p2a: Landorus|27\/100|[from] item: Rocky Helmet|[of] p1a: Cash Corvi\n|\n|t:|1700768110\n|switch|p2a: Gholdengo|Gholdengo|100\/100|[from] U-turn\n|move|p1a: Cash Corvi|U-turn|p2a: Gholdengo\n|-resisted|p2a: Gholdengo\n|-damage|p2a: Gholdengo|96\/100\n|\n|t:|1700768117\n|switch|p1a: BELLIGOL|Cinderace, F|1\/100|[from] U-turn\n|\n|upkeep\n|turn|15\n|\n|t:|1700768125\n|move|p1a: BELLIGOL|Sucker Punch|p2a: Gholdengo\n|-start|p1a: BELLIGOL|typechange|Dark|[from] ability: Libero\n|-supereffective|p2a: Gholdengo\n|-damage|p2a: Gholdengo|13\/100\n|move|p2a: Gholdengo|Shadow Ball|p1a: BELLIGOL\n|-resisted|p1a: BELLIGOL\n|-damage|p1a: BELLIGOL|0 fnt\n|faint|p1a: BELLIGOL\n|\n|upkeep\n|\n|t:|1700768140\n|switch|p1a: I am 50 cent.|Okidogi, M|100\/100\n|turn|16\n|\n|t:|1700768144\n|switch|p2a: Landorus|Landorus-Therian, M|27\/100\n|-ability|p2a: Landorus|Intimidate|boost\n|-unboost|p1a: I am 50 cent.|atk|1\n|move|p1a: I am 50 cent.|Bulk Up|p1a: I am 50 cent.\n|-boost|p1a: I am 50 cent.|atk|1\n|-boost|p1a: I am 50 cent.|def|1\n|\n|upkeep\n|turn|17\n|\n|t:|1700768163\n|switch|p1a: Cash Corvi|Corviknight, M, tera:Fighting|67\/100\n|-ability|p1a: Cash Corvi|Pressure\n|move|p2a: Landorus|Earthquake|p1a: Cash Corvi\n|-damage|p1a: Cash Corvi|41\/100\n|\n|upkeep\n|turn|18\n|\n|t:|1700768170\n|move|p2a: Landorus|U-turn|p1a: Cash Corvi\n|-resisted|p1a: Cash Corvi\n|-damage|p1a: Cash Corvi|34\/100\n|-damage|p2a: Landorus|10\/100|[from] item: Rocky Helmet|[of] p1a: Cash Corvi\n|\n|t:|1700768172\n|switch|p2a: Gholdengo|Gholdengo|13\/100|[from] U-turn\n|move|p1a: Cash Corvi|Roost|p1a: Cash Corvi\n|-heal|p1a: Cash Corvi|84\/100\n|\n|upkeep\n|turn|19\n|\n|t:|1700768175\n|switch|p1a: Ting Louie XIII|Ting-Lu|100\/100\n|-ability|p1a: Ting Louie XIII|Vessel of Ruin\n|move|p2a: Gholdengo|Shadow Ball|p1a: Ting Louie XIII\n|-resisted|p1a: Ting Louie XIII\n|-damage|p1a: Ting Louie XIII|89\/100\n|\n|-heal|p1a: Ting Louie XIII|96\/100|[from] item: Leftovers\n|upkeep\n|turn|20\n|\n|t:|1700768194\n|switch|p2a: Ogerpon|Ogerpon-Wellspring, F|57\/100\n|move|p1a: Ting Louie XIII|Ruination|p2a: Ogerpon\n|-damage|p2a: Ogerpon|29\/100\n|\n|-heal|p1a: Ting Louie XIII|100\/100|[from] item: Leftovers\n|upkeep\n|turn|21\n|\n|t:|1700768203\n|move|p2a: Ogerpon|Horn Leech|p1a: Ting Louie XIII\n|-supereffective|p1a: Ting Louie XIII\n|-damage|p1a: Ting Louie XIII|48\/100\n|-heal|p2a: Ogerpon|74\/100|[from] drain|[of] p1a: Ting Louie XIII\n|move|p1a: Ting Louie XIII|Whirlwind|p2a: Ogerpon\n|drag|p2a: Kingambit|Kingambit, M|100\/100\n|-activate|p2a: Kingambit|ability: Supreme Overlord\n|-start|p2a: Kingambit|fallen1|[silent]\n|\n|-heal|p1a: Ting Louie XIII|54\/100|[from] item: Leftovers\n|upkeep\n|turn|22\n|\n|t:|1700768215\n|-end|p2a: Kingambit|fallen1|[silent]\n|switch|p2a: Landorus|Landorus-Therian, M|10\/100\n|-ability|p2a: Landorus|Intimidate|boost\n|-unboost|p1a: Ting Louie XIII|atk|1\n|switch|p1a: I am 50 cent.|Okidogi, M|100\/100\n|\n|upkeep\n|turn|23\n|\n|t:|1700768221\n|switch|p1a: Cash Corvi|Corviknight, M, tera:Fighting|84\/100\n|-ability|p1a: Cash Corvi|Pressure\n|move|p2a: Landorus|Earthquake|p1a: Cash Corvi\n|-damage|p1a: Cash Corvi|55\/100\n|\n|upkeep\n|turn|24\n|\n|t:|1700768227\n|move|p2a: Landorus|U-turn|p1a: Cash Corvi\n|-resisted|p1a: Cash Corvi\n|-damage|p1a: Cash Corvi|49\/100\n|-damage|p2a: Landorus|0 fnt|[from] item: Rocky Helmet|[of] p1a: Cash Corvi\n|faint|p2a: Landorus\n|move|p1a: Cash Corvi|Roost|p1a: Cash Corvi\n|-heal|p1a: Cash Corvi|99\/100\n|\n|upkeep\n|\n|t:|1700768229\n|switch|p2a: Gholdengo|Gholdengo|13\/100\n|turn|25\n|\n|t:|1700768235\n|switch|p2a: Ogerpon|Ogerpon-Wellspring, F|74\/100\n|switch|p1a: Ting Louie XIII|Ting-Lu|54\/100\n|-ability|p1a: Ting Louie XIII|Vessel of Ruin\n|\n|-heal|p1a: Ting Louie XIII|60\/100|[from] item: Leftovers\n|upkeep\n|turn|26\n|\n|t:|1700768241\n|move|p2a: Ogerpon|Ivy Cudgel|p1a: Ting Louie XIII|[anim] Ivy Cudgel Water\n|-supereffective|p1a: Ting Louie XIII\n|-damage|p1a: Ting Louie XIII|0 fnt\n|faint|p1a: Ting Louie XIII\n|\n|upkeep\n|\n|t:|1700768245\n|switch|p1a: Cash Corvi|Corviknight, M, tera:Fighting|99\/100\n|-ability|p1a: Cash Corvi|Pressure\n|turn|27\n|\n|t:|1700768248\n|switch|p2a: Gholdengo|Gholdengo|13\/100\n|move|p1a: Cash Corvi|Iron Defense|p1a: Cash Corvi\n|-boost|p1a: Cash Corvi|def|2\n|\n|upkeep\n|turn|28\n|\n|t:|1700768251\n|move|p2a: Gholdengo|Shadow Ball|p1a: Cash Corvi\n|-damage|p1a: Cash Corvi|54\/100\n|move|p1a: Cash Corvi|U-turn|p2a: Gholdengo\n|-resisted|p2a: Gholdengo\n|-damage|p2a: Gholdengo|9\/100\n|\n|t:|1700768253\n|switch|p1a: I am 50 cent.|Okidogi, M|100\/100|[from] U-turn\n|\n|upkeep\n|turn|29\n|\n|t:|1700768261\n|switch|p2a: Ogerpon|Ogerpon-Wellspring, F|74\/100\n|move|p1a: I am 50 cent.|Bulk Up|p1a: I am 50 cent.\n|-boost|p1a: I am 50 cent.|atk|1\n|-boost|p1a: I am 50 cent.|def|1\n|\n|upkeep\n|turn|30\n|\n|t:|1700768270\n|move|p2a: Ogerpon|Ivy Cudgel|p1a: I am 50 cent.|[anim] Ivy Cudgel Water\n|-damage|p1a: I am 50 cent.|66\/100\n|move|p1a: I am 50 cent.|Drain Punch|p2a: Ogerpon\n|-damage|p2a: Ogerpon|16\/100\n|-heal|p1a: I am 50 cent.|89\/100|[from] drain|[of] p2a: Ogerpon\n|\n|-heal|p1a: I am 50 cent.|95\/100|[from] item: Leftovers\n|upkeep\n|turn|31\n|\n|t:|1700768282\n|move|p2a: Ogerpon|Ivy Cudgel|p1a: I am 50 cent.|[anim] Ivy Cudgel Water\n|-damage|p1a: I am 50 cent.|63\/100\n|move|p1a: I am 50 cent.|Drain Punch|p2a: Ogerpon\n|-damage|p2a: Ogerpon|0 fnt\n|-heal|p1a: I am 50 cent.|69\/100|[from] drain|[of] p2a: Ogerpon\n|faint|p2a: Ogerpon\n|\n|-heal|p1a: I am 50 cent.|75\/100|[from] item: Leftovers\n|upkeep\n|\n|t:|1700768299\n|switch|p2a: Kingambit|Kingambit, M|100\/100\n|-activate|p2a: Kingambit|ability: Supreme Overlord\n|-start|p2a: Kingambit|fallen3|[silent]\n|turn|32\n|\n|t:|1700768313\n|-terastallize|p2a: Kingambit|Flying\n|move|p1a: I am 50 cent.|Bulk Up|p1a: I am 50 cent.\n|-boost|p1a: I am 50 cent.|atk|1\n|-boost|p1a: I am 50 cent.|def|1\n|move|p2a: Kingambit|Swords Dance|p2a: Kingambit\n|-boost|p2a: Kingambit|atk|2\n|\n|-heal|p1a: I am 50 cent.|81\/100|[from] item: Leftovers\n|upkeep\n|turn|33\n|\n|t:|1700768323\n|move|p1a: I am 50 cent.|Ice Punch|p2a: Kingambit\n|-supereffective|p2a: Kingambit\n|-damage|p2a: Kingambit|26\/100\n|-status|p2a: Kingambit|tox|[from] ability: Toxic Chain|[of] p1a: I am 50 cent.\n|-enditem|p2a: Kingambit|Lum Berry|[eat]\n|-curestatus|p2a: Kingambit|tox|[msg]\n|move|p2a: Kingambit|Kowtow Cleave|p1a: I am 50 cent.\n|-resisted|p1a: I am 50 cent.\n|-damage|p1a: I am 50 cent.|57\/100\n|\n|-heal|p1a: I am 50 cent.|63\/100|[from] item: Leftovers\n|upkeep\n|turn|34\n|\n|t:|1700768331\n|move|p2a: Kingambit|Sucker Punch||[still]\n|-fail|p2a: Kingambit\n|move|p1a: I am 50 cent.|Bulk Up|p1a: I am 50 cent.\n|-boost|p1a: I am 50 cent.|atk|1\n|-boost|p1a: I am 50 cent.|def|1\n|\n|-heal|p1a: I am 50 cent.|69\/100|[from] item: Leftovers\n|upkeep\n|turn|35\n|\n|t:|1700768341\n|move|p1a: I am 50 cent.|Drain Punch|p2a: Kingambit\n|-resisted|p2a: Kingambit\n|-damage|p2a: Kingambit|0 fnt\n|-heal|p1a: I am 50 cent.|80\/100|[from] drain|[of] p2a: Kingambit\n|faint|p2a: Kingambit\n|-end|p2a: Kingambit|fallen3|[silent]\n|\n|-heal|p1a: I am 50 cent.|86\/100|[from] item: Leftovers\n|upkeep\n|\n|t:|1700768345\n|switch|p2a: Gholdengo|Gholdengo|9\/100\n|turn|36\n|\n|t:|1700768348\n|move|p2a: Gholdengo|Make It Rain|p1a: I am 50 cent.\n|-damage|p1a: I am 50 cent.|32\/100\n|-unboost|p2a: Gholdengo|spa|1\n|move|p1a: I am 50 cent.|Knock Off|p2a: Gholdengo\n|-supereffective|p2a: Gholdengo\n|-damage|p2a: Gholdengo|0 fnt\n|-enditem|p2a: Gholdengo|Choice Scarf|[from] move: Knock Off|[of] p1a: I am 50 cent.\n|faint|p2a: Gholdengo\n|\n|-heal|p1a: I am 50 cent.|38\/100|[from] item: Leftovers\n|upkeep\n|\n|t:|1700768352\n|switch|p2a: Zamazenta|Zamazenta|100\/100\n|-ability|p2a: Zamazenta|Dauntless Shield|boost\n|-boost|p2a: Zamazenta|def|1\n|turn|37\n|-message|IamBrod forfeited.\n|\n|win|G00FYG00B3R\n|raw|G00FYG00B3R's rating: 1418 &rarr; <strong>1443<\/strong><br \/>(+25 for winning)\n|raw|IamBrod's rating: 1503 &rarr; <strong>1478<\/strong><br \/>(-25 for losing)\n|l|\u2606IamBrod\n","uploadtime":1700768369,"views":8,"p1id":"g00fyg00b3r","p2id":"iambrod","formatid":"gen9ou","rating":1443,"private":0,"password":""}