{"id":"gen9ou-1994429722","p1":"Rookie the Wolf","p2":"Crolux_Michaels","format":"[Gen 9] OU","log":"|j|\u2606Rookie the Wolf\n|j|\u2606Crolux_Michaels\n|t:|1700442999\n|gametype|singles\n|player|p1|Rookie the Wolf|benga|\n|player|p2|Crolux_Michaels|101|\n|teamsize|p1|6\n|teamsize|p2|6\n|gen|9\n|tier|[Gen 9] OU\n|rule|Sleep Clause Mod: Limit one foe put to sleep\n|rule|Species Clause: Limit one of each Pok\u00e9mon\n|rule|OHKO Clause: OHKO moves are banned\n|rule|Evasion Items Clause: Evasion items are banned\n|rule|Evasion Moves Clause: Evasion moves are banned\n|rule|Endless Battle Clause: Forcing endless battles is banned\n|rule|HP Percentage Mod: HP is shown in percentages\n|clearpoke\n|poke|p1|Zapdos|\n|poke|p1|Pelipper, M|\n|poke|p1|Krookodile, F|\n|poke|p1|Fezandipiti, M|\n|poke|p1|Toedscruel, M|\n|poke|p1|Tinkaton, F|\n|poke|p2|Great Tusk|\n|poke|p2|Torkoal, M|\n|poke|p2|Charizard, F|\n|poke|p2|Garchomp, M|\n|poke|p2|Clodsire, M|\n|poke|p2|Ludicolo, F|\n|teampreview\n|j| Tsugia\n|l| Tsugia\n|j| LuichoX\n|j| LupinoFTW\n|\n|t:|1700443051\n|start\n|switch|p1a: Elabuelo|Toedscruel, M|100\/100\n|switch|p2a: Garchomp|Garchomp, M|100\/100\n|turn|1\n|c|\u2606Crolux_Michaels|elabuelo agent\n|\n|t:|1700443068\n|move|p2a: Garchomp|Stealth Rock|p1a: Elabuelo\n|-sidestart|p1: Rookie the Wolf|move: Stealth Rock\n|move|p1a: Elabuelo|Spikes|p2a: Garchomp\n|-sidestart|p2: Crolux_Michaels|Spikes\n|\n|upkeep\n|turn|2\n|\n|t:|1700443099\n|switch|p2a: Clodsire|Clodsire, M|100\/100\n|-damage|p2a: Clodsire|88\/100|[from] Spikes\n|move|p1a: Elabuelo|Earth Power|p2a: Clodsire\n|-supereffective|p2a: Clodsire\n|-damage|p2a: Clodsire|54\/100\n|\n|-heal|p2a: Clodsire|61\/100|[from] item: Leftovers\n|upkeep\n|turn|3\n|\n|t:|1700443147\n|move|p2a: Clodsire|Toxic|p1a: Elabuelo\n|-status|p1a: Elabuelo|tox\n|move|p1a: Elabuelo|Spore|p2a: Clodsire\n|-status|p2a: Clodsire|slp|[from] move: Spore\n|\n|-heal|p2a: Clodsire|67\/100 slp|[from] item: Leftovers\n|-damage|p1a: Elabuelo|94\/100 tox|[from] psn\n|upkeep\n|turn|4\n|\n|t:|1700443176\n|switch|p2a: Ludicolo|Ludicolo, F|100\/100\n|-damage|p2a: Ludicolo|88\/100|[from] Spikes\n|move|p1a: Elabuelo|Rapid Spin|p2a: Ludicolo\n|-damage|p2a: Ludicolo|77\/100\n|-boost|p1a: Elabuelo|spe|1\n|-sideend|p1: Rookie the Wolf|Stealth Rock|[from] move: Rapid Spin|[of] p1a: Elabuelo\n|\n|-heal|p1a: Elabuelo|100\/100 tox|[from] item: Leftovers\n|-heal|p2a: Ludicolo|83\/100|[from] item: Leftovers\n|-damage|p1a: Elabuelo|88\/100 tox|[from] psn\n|upkeep\n|turn|5\n|\n|t:|1700443200\n|switch|p1a: Edelgard|Tinkaton, F, shiny|100\/100\n|-ability|p1a: Edelgard|Mold Breaker\n|move|p2a: Ludicolo|Ice Beam|p1a: Edelgard\n|-resisted|p1a: Edelgard\n|-damage|p1a: Edelgard|94\/100\n|\n|-heal|p2a: Ludicolo|89\/100|[from] item: Leftovers\n|-heal|p1a: Edelgard|100\/100|[from] item: Leftovers\n|upkeep\n|turn|6\n|j| dhhsggsh\n|\n|t:|1700443225\n|move|p2a: Ludicolo|Leech Seed|p1a: Edelgard\n|-start|p1a: Edelgard|move: Leech Seed\n|move|p1a: Edelgard|Knock Off|p2a: Ludicolo\n|-damage|p2a: Ludicolo|60\/100\n|-enditem|p2a: Ludicolo|Leftovers|[from] move: Knock Off|[of] p1a: Edelgard\n|\n|-damage|p1a: Edelgard|88\/100|[from] Leech Seed|[of] p2a: Ludicolo\n|-heal|p2a: Ludicolo|76\/100|[silent]\n|upkeep\n|turn|7\n|\n|t:|1700443237\n|move|p2a: Ludicolo|Knock Off|p1a: Edelgard\n|-resisted|p1a: Edelgard\n|-damage|p1a: Edelgard|80\/100\n|-enditem|p1a: Edelgard|Leftovers|[from] move: Knock Off|[of] p2a: Ludicolo\n|move|p1a: Edelgard|Thunder Wave|p2a: Ludicolo\n|-status|p2a: Ludicolo|par\n|\n|-damage|p1a: Edelgard|68\/100|[from] Leech Seed|[of] p2a: Ludicolo\n|-heal|p2a: Ludicolo|91\/100 par|[silent]\n|upkeep\n|turn|8\n|\n|t:|1700443271\n|switch|p1a: Bloody Sunday|Zapdos|100\/100\n|switch|p2a: Great Tusk|Great Tusk|100\/100\n|-damage|p2a: Great Tusk|88\/100|[from] Spikes\n|\n|upkeep\n|turn|9\n|\n|t:|1700443294\n|-end|p2a: Great Tusk|Protosynthesis|[silent]\n|switch|p2a: Clodsire|Clodsire, M|67\/100 slp\n|-damage|p2a: Clodsire|54\/100 slp|[from] Spikes\n|move|p1a: Bloody Sunday|Hurricane|p2a: Clodsire\n|-damage|p2a: Clodsire|24\/100 slp\n|\n|-heal|p2a: Clodsire|30\/100 slp|[from] item: Leftovers\n|upkeep\n|turn|10\n|\n|t:|1700443322\n|switch|p2a: Torkoal|Torkoal, M|100\/100\n|-damage|p2a: Torkoal|88\/100|[from] Spikes\n|-weather|SunnyDay|[from] ability: Drought|[of] p2a: Torkoal\n|move|p1a: Bloody Sunday|Hurricane|p2a: Torkoal\n|-damage|p2a: Torkoal|36\/100\n|\n|-weather|SunnyDay|[upkeep]\n|upkeep\n|turn|11\n|j| Iron Myers\n|\n|t:|1700443353\n|move|p1a: Bloody Sunday|Thunderbolt|p2a: Torkoal\n|-damage|p2a: Torkoal|0 fnt\n|faint|p2a: Torkoal\n|\n|-weather|SunnyDay|[upkeep]\n|upkeep\n|c| Iron Myers|DIABLO MI PLATANO \ud83e\udd2a\ud83e\udd2a\ud83e\udd2a\n|c| LuichoX|Iron myers la celebridad\n|\n|t:|1700443379\n|switch|p2a: Garchomp|Garchomp, M|100\/100\n|-damage|p2a: Garchomp|88\/100|[from] Spikes\n|turn|12\n|c| Iron Myers|mrk xq tu mensaje me sale amarillo\n|c| Iron Myers|wtf\n|\n|t:|1700443398\n|switch|p1a: Chongus|Pelipper, M|100\/100\n|-weather|RainDance|[from] ability: Drizzle|[of] p1a: Chongus\n|move|p2a: Garchomp|Stealth Rock|p1a: Chongus\n|-sidestart|p1: Rookie the Wolf|move: Stealth Rock\n|\n|-weather|RainDance|[upkeep]\n|upkeep\n|turn|13\n|l| Iron Myers\n|\n|t:|1700443415\n|move|p2a: Garchomp|Rock Slide|p1a: Chongus\n|-supereffective|p1a: Chongus\n|-damage|p1a: Chongus|57\/100\n|cant|p1a: Chongus|flinch\n|\n|-weather|RainDance|[upkeep]\n|upkeep\n|turn|14\n|\n|t:|1700443424\n|move|p2a: Garchomp|Rock Slide|p1a: Chongus\n|-supereffective|p1a: Chongus\n|-damage|p1a: Chongus|16\/100\n|move|p1a: Chongus|Roost|p1a: Chongus\n|-heal|p1a: Chongus|66\/100\n|-singleturn|p1a: Chongus|move: Roost\n|\n|-weather|RainDance|[upkeep]\n|upkeep\n|turn|15\n|j| Iron Myers\n|\n|t:|1700443440\n|move|p2a: Garchomp|Rock Slide|p1a: Chongus\n|-supereffective|p1a: Chongus\n|-damage|p1a: Chongus|27\/100\n|move|p1a: Chongus|Hurricane|p2a: Garchomp\n|-damage|p2a: Garchomp|47\/100\n|\n|-weather|RainDance|[upkeep]\n|upkeep\n|turn|16\n|\n|t:|1700443464\n|move|p2a: Garchomp|Rock Slide|p1a: Chongus\n|-supereffective|p1a: Chongus\n|-damage|p1a: Chongus|0 fnt\n|faint|p1a: Chongus\n|\n|-weather|none\n|upkeep\n|\n|t:|1700443498\n|switch|p1a: The Chorus|Krookodile, F|100\/100\n|-damage|p1a: The Chorus|94\/100|[from] Stealth Rock\n|-ability|p1a: The Chorus|Intimidate|boost\n|-unboost|p2a: Garchomp|atk|1\n|turn|17\n|\n|t:|1700443516\n|switch|p2a: Charizard|Charizard, F|100\/100\n|move|p1a: The Chorus|Bulk Up|p1a: The Chorus\n|-boost|p1a: The Chorus|atk|1\n|-boost|p1a: The Chorus|def|1\n|\n|-heal|p1a: The Chorus|100\/100|[from] item: Leftovers\n|upkeep\n|turn|18\n|\n|t:|1700443537\n|move|p2a: Charizard|Flamethrower|p1a: The Chorus\n|-damage|p1a: The Chorus|42\/100\n|move|p1a: The Chorus|Knock Off|p2a: Charizard\n|-damage|p2a: Charizard|7\/100\n|-enditem|p2a: Charizard|Heavy-Duty Boots|[from] move: Knock Off|[of] p1a: The Chorus\n|\n|-heal|p1a: The Chorus|49\/100|[from] item: Leftovers\n|upkeep\n|turn|19\n|\n|t:|1700443551\n|switch|p1a: Unfezandipiti|Fezandipiti, M|100\/100\n|move|p2a: Charizard|Flamethrower|p1a: Unfezandipiti\n|-damage|p1a: Unfezandipiti|70\/100\n|\n|upkeep\n|turn|20\n|c| Iron Myers|zetzy ah bird\n|\n|t:|1700443624\n|switch|p1a: Elabuelo|Toedscruel, M|88\/100 tox\n|-damage|p1a: Elabuelo|82\/100 tox|[from] Stealth Rock\n|move|p2a: Charizard|Air Slash|p1a: Elabuelo\n|-supereffective|p1a: Elabuelo\n|-damage|p1a: Elabuelo|21\/100 tox\n|\n|-heal|p1a: Elabuelo|27\/100 tox|[from] item: Leftovers\n|-damage|p1a: Elabuelo|21\/100 tox|[from] psn\n|upkeep\n|turn|21\n|\n|t:|1700443638\n|move|p2a: Charizard|Air Slash|p1a: Elabuelo\n|-supereffective|p1a: Elabuelo\n|-damage|p1a: Elabuelo|0 fnt\n|faint|p1a: Elabuelo\n|\n|upkeep\n|\n|t:|1700443663\n|switch|p1a: Bloody Sunday|Zapdos|100\/100\n|turn|22\n|\n|t:|1700443668\n|move|p2a: Charizard|Flamethrower|p1a: Bloody Sunday\n|-damage|p1a: Bloody Sunday|51\/100\n|move|p1a: Bloody Sunday|Weather Ball|p2a: Charizard\n|-damage|p2a: Charizard|0 fnt\n|faint|p2a: Charizard\n|\n|upkeep\n|\n|t:|1700443694\n|switch|p2a: Ludicolo|Ludicolo, F|91\/100 par\n|-damage|p2a: Ludicolo|79\/100 par|[from] Spikes\n|turn|23\n|\n|t:|1700443704\n|move|p1a: Bloody Sunday|Roost|p1a: Bloody Sunday\n|-heal|p1a: Bloody Sunday|100\/100\n|-singleturn|p1a: Bloody Sunday|move: Roost\n|cant|p2a: Ludicolo|par\n|\n|upkeep\n|turn|24\n|\n|t:|1700443712\n|move|p1a: Bloody Sunday|Hurricane|p2a: Ludicolo|[miss]\n|-miss|p1a: Bloody Sunday|p2a: Ludicolo\n|move|p2a: Ludicolo|Leech Seed|p1a: Bloody Sunday\n|-start|p1a: Bloody Sunday|move: Leech Seed\n|\n|-damage|p1a: Bloody Sunday|88\/100|[from] Leech Seed|[of] p2a: Ludicolo\n|-heal|p2a: Ludicolo|92\/100 par|[silent]\n|upkeep\n|turn|25\n|l| Iron Myers\n|\n|t:|1700443723\n|move|p1a: Bloody Sunday|Hurricane|p2a: Ludicolo|[miss]\n|-miss|p1a: Bloody Sunday|p2a: Ludicolo\n|move|p2a: Ludicolo|Knock Off|p1a: Bloody Sunday\n|-damage|p1a: Bloody Sunday|71\/100\n|-enditem|p1a: Bloody Sunday|Heavy-Duty Boots|[from] move: Knock Off|[of] p2a: Ludicolo\n|\n|-damage|p1a: Bloody Sunday|59\/100|[from] Leech Seed|[of] p2a: Ludicolo\n|-heal|p2a: Ludicolo|100\/100 par|[silent]\n|upkeep\n|turn|26\n|\n|t:|1700443745\n|switch|p2a: Clodsire|Clodsire, M|30\/100 slp\n|-damage|p2a: Clodsire|17\/100 slp|[from] Spikes\n|move|p1a: Bloody Sunday|Thunderbolt|p2a: Clodsire\n|-immune|p2a: Clodsire\n|\n|-heal|p2a: Clodsire|23\/100 slp|[from] item: Leftovers\n|-damage|p1a: Bloody Sunday|46\/100|[from] Leech Seed|[of] p2a: Clodsire\n|-heal|p2a: Clodsire|32\/100 slp|[silent]\n|upkeep\n|turn|27\n|\n|t:|1700443765\n|switch|p1a: The Chorus|Krookodile, F|49\/100\n|-damage|p1a: The Chorus|42\/100|[from] Stealth Rock\n|-ability|p1a: The Chorus|Intimidate|boost\n|-unboost|p2a: Clodsire|atk|1\n|cant|p2a: Clodsire|slp\n|\n|-heal|p1a: The Chorus|49\/100|[from] item: Leftovers\n|-heal|p2a: Clodsire|38\/100 slp|[from] item: Leftovers\n|upkeep\n|turn|28\n|\n|t:|1700443792\n|move|p1a: The Chorus|Knock Off|p2a: Clodsire\n|-damage|p2a: Clodsire|0 fnt\n|-enditem|p2a: Clodsire|Leftovers|[from] move: Knock Off|[of] p1a: The Chorus\n|faint|p2a: Clodsire\n|\n|-heal|p1a: The Chorus|55\/100|[from] item: Leftovers\n|upkeep\n|\n|t:|1700443835\n|switch|p2a: Great Tusk|Great Tusk|88\/100\n|-damage|p2a: Great Tusk|76\/100|[from] Spikes\n|turn|29\n|\n|t:|1700443865\n|switch|p1a: Edelgard|Tinkaton, F, shiny|68\/100\n|-damage|p1a: Edelgard|61\/100|[from] Stealth Rock\n|-ability|p1a: Edelgard|Mold Breaker\n|move|p2a: Great Tusk|Rapid Spin|p1a: Edelgard\n|-resisted|p1a: Edelgard\n|-damage|p1a: Edelgard|52\/100\n|-boost|p2a: Great Tusk|spe|1\n|-sideend|p2: Crolux_Michaels|Spikes|[from] move: Rapid Spin|[of] p2a: Great Tusk\n|\n|upkeep\n|turn|30\n|j| Iron Myers\n|l| Iron Myers\n|\n|t:|1700443885\n|move|p2a: Great Tusk|Earthquake|p1a: Edelgard\n|-supereffective|p1a: Edelgard\n|-damage|p1a: Edelgard|0 fnt\n|faint|p1a: Edelgard\n|\n|upkeep\n|\n|t:|1700443899\n|switch|p1a: Unfezandipiti|Fezandipiti, M|70\/100\n|turn|31\n|\n|t:|1700443924\n|-terastallize|p1a: Unfezandipiti|Flying\n|move|p2a: Great Tusk|Rapid Spin|p1a: Unfezandipiti\n|-damage|p1a: Unfezandipiti|55\/100\n|-boost|p2a: Great Tusk|spe|1\n|move|p1a: Unfezandipiti|Moonblast|p2a: Great Tusk\n|-supereffective|p2a: Great Tusk\n|-damage|p2a: Great Tusk|37\/100\n|\n|upkeep\n|turn|32\n|\n|t:|1700443936\n|-terastallize|p2a: Great Tusk|Fairy\n|move|p2a: Great Tusk|Ice Spinner|p1a: Unfezandipiti\n|-supereffective|p1a: Unfezandipiti\n|-damage|p1a: Unfezandipiti|4\/100\n|move|p1a: Unfezandipiti|Moonblast|p2a: Great Tusk\n|-damage|p2a: Great Tusk|15\/100\n|\n|upkeep\n|turn|33\n|\n|t:|1700443948\n|move|p2a: Great Tusk|Ice Spinner|p1a: Unfezandipiti\n|-supereffective|p1a: Unfezandipiti\n|-damage|p1a: Unfezandipiti|0 fnt\n|faint|p1a: Unfezandipiti\n|\n|upkeep\n|\n|t:|1700443955\n|switch|p1a: The Chorus|Krookodile, F|55\/100\n|-damage|p1a: The Chorus|49\/100|[from] Stealth Rock\n|-ability|p1a: The Chorus|Intimidate|boost\n|-unboost|p2a: Great Tusk|atk|1\n|turn|34\n|\n|t:|1700443973\n|move|p2a: Great Tusk|Close Combat|p1a: The Chorus\n|-supereffective|p1a: The Chorus\n|-damage|p1a: The Chorus|0 fnt\n|-unboost|p2a: Great Tusk|def|1\n|-unboost|p2a: Great Tusk|spd|1\n|faint|p1a: The Chorus\n|\n|upkeep\n|\n|t:|1700443980\n|switch|p1a: Bloody Sunday|Zapdos|46\/100\n|-damage|p1a: Bloody Sunday|21\/100|[from] Stealth Rock\n|turn|35\n|j| Iron Myers\n|\n|t:|1700443986\n|move|p2a: Great Tusk|Ice Spinner|p1a: Bloody Sunday\n|-supereffective|p1a: Bloody Sunday\n|-damage|p1a: Bloody Sunday|0 fnt\n|-status|p2a: Great Tusk|par|[from] ability: Static|[of] p1a: Bloody Sunday\n|faint|p1a: Bloody Sunday\n|\n|win|Crolux_Michaels\n|c| Iron Myers|damn\n","uploadtime":1700443995,"views":9,"p1id":"rookiethewolf","p2id":"croluxmichaels","formatid":"gen9ou","rating":0,"private":0,"password":""}