{"id":"gen9ou-1991215736","p1":"ja hoi","p2":"Pakiko2","format":"[Gen 9] OU","log":"|j|\u2606ja hoi\n|j|\u2606Pakiko2\n|t:|1700058031\n|gametype|singles\n|player|p1|ja hoi|265|1536\n|player|p2|Pakiko2|cynthia|1594\n|teamsize|p1|6\n|teamsize|p2|6\n|gen|9\n|tier|[Gen 9] OU\n|rated|\n|rule|Sleep Clause Mod: Limit one foe put to sleep\n|rule|Species Clause: Limit one of each Pok\u00e9mon\n|rule|OHKO Clause: OHKO moves are banned\n|rule|Evasion Items Clause: Evasion items are banned\n|rule|Evasion Moves Clause: Evasion moves are banned\n|rule|Endless Battle Clause: Forcing endless battles is banned\n|rule|HP Percentage Mod: HP is shown in percentages\n|clearpoke\n|poke|p1|Corviknight, F|\n|poke|p1|Dragapult, F|\n|poke|p1|Quaquaval, M|\n|poke|p1|Iron Moth|\n|poke|p1|Garganacl, F|\n|poke|p1|Grimmsnarl, M|\n|poke|p2|Arcanine-Hisui, M|\n|poke|p2|Iron Valiant|\n|poke|p2|Mandibuzz, F|\n|poke|p2|Clodsire, M|\n|poke|p2|Dragapult, F|\n|poke|p2|Manaphy|\n|teampreview\n|inactive|Battle timer is ON: inactive players will automatically lose when time's up. (requested by Pakiko2)\n|\n|t:|1700058053\n|start\n|switch|p1a: Grimmsnarl|Grimmsnarl, M|100\/100\n|switch|p2a: Iron Valiant|Iron Valiant|100\/100\n|turn|1\n|\n|t:|1700058065\n|move|p1a: Grimmsnarl|Light Screen|p1a: Grimmsnarl\n|-sidestart|p1: ja hoi|move: Light Screen\n|move|p2a: Iron Valiant|Trick|p1a: Grimmsnarl\n|-activate|p2a: Iron Valiant|move: Trick|[of] p1a: Grimmsnarl\n|-item|p1a: Grimmsnarl|Choice Scarf|[from] move: Trick\n|-item|p2a: Iron Valiant|Light Clay|[from] move: Trick\n|\n|upkeep\n|turn|2\n|c|\u2606ja hoi|shit hahah\n|\n|t:|1700058071\n|move|p1a: Grimmsnarl|Parting Shot|p2a: Iron Valiant\n|-unboost|p2a: Iron Valiant|atk|1\n|-unboost|p2a: Iron Valiant|spa|1\n|\n|t:|1700058075\n|switch|p1a: Corviknight|Corviknight, F|100\/100|[from] Parting Shot\n|-ability|p1a: Corviknight|Pressure\n|move|p2a: Iron Valiant|Moonblast|p1a: Corviknight\n|-resisted|p1a: Corviknight\n|-damage|p1a: Corviknight|93\/100\n|-unboost|p1a: Corviknight|spa|1\n|\n|upkeep\n|turn|3\n|\n|t:|1700058086\n|-end|p2a: Iron Valiant|Quark Drive|[silent]\n|switch|p2a: Manaphy|Manaphy|100\/100\n|move|p1a: Corviknight|U-turn|p2a: Manaphy\n|-damage|p2a: Manaphy|86\/100\n|\n|t:|1700058101\n|switch|p1a: Garganacl|Garganacl, F|100\/100|[from] U-turn\n|\n|-heal|p2a: Manaphy|93\/100|[from] item: Leftovers\n|upkeep\n|turn|4\n|\n|t:|1700058118\n|move|p2a: Manaphy|Scald|p1a: Garganacl\n|-supereffective|p1a: Garganacl\n|-damage|p1a: Garganacl|82\/100\n|move|p1a: Garganacl|Salt Cure|p2a: Manaphy\n|-damage|p2a: Manaphy|84\/100\n|-start|p2a: Manaphy|Salt Cure\n|\n|-heal|p2a: Manaphy|90\/100|[from] item: Leftovers\n|-heal|p1a: Garganacl|88\/100|[from] item: Leftovers\n|-damage|p2a: Manaphy|65\/100|[from] Salt Cure\n|upkeep\n|turn|5\n|\n|t:|1700058147\n|switch|p2a: Dragapult|Dragapult, F|100\/100\n|move|p1a: Garganacl|Recover|p1a: Garganacl\n|-heal|p1a: Garganacl|100\/100\n|\n|upkeep\n|turn|6\n|\n|t:|1700058153\n|move|p2a: Dragapult|Substitute|p2a: Dragapult\n|-start|p2a: Dragapult|Substitute\n|-damage|p2a: Dragapult|76\/100\n|move|p1a: Garganacl|Salt Cure|p2a: Dragapult\n|-activate|p2a: Dragapult|move: Substitute|[damage]\n|\n|-heal|p2a: Dragapult|82\/100|[from] item: Leftovers\n|upkeep\n|turn|7\n|\n|t:|1700058160\n|move|p2a: Dragapult|Dragon Dance|p2a: Dragapult\n|-boost|p2a: Dragapult|atk|1\n|-boost|p2a: Dragapult|spe|1\n|move|p1a: Garganacl|Salt Cure|p2a: Dragapult\n|-end|p2a: Dragapult|Substitute\n|\n|-heal|p2a: Dragapult|88\/100|[from] item: Leftovers\n|upkeep\n|turn|8\n|\n|t:|1700058169\n|move|p2a: Dragapult|Substitute|p2a: Dragapult\n|-start|p2a: Dragapult|Substitute\n|-damage|p2a: Dragapult|63\/100\n|move|p1a: Garganacl|Iron Defense|p1a: Garganacl\n|-boost|p1a: Garganacl|def|2\n|\n|-heal|p2a: Dragapult|69\/100|[from] item: Leftovers\n|-sideend|p1: ja hoi|move: Light Screen\n|upkeep\n|turn|9\n|\n|t:|1700058176\n|move|p2a: Dragapult|Dragon Dance|p2a: Dragapult\n|-boost|p2a: Dragapult|atk|1\n|-boost|p2a: Dragapult|spe|1\n|move|p1a: Garganacl|Salt Cure|p2a: Dragapult\n|-activate|p2a: Dragapult|move: Substitute|[damage]\n|\n|-heal|p2a: Dragapult|75\/100|[from] item: Leftovers\n|upkeep\n|turn|10\n|\n|t:|1700058184\n|-terastallize|p2a: Dragapult|Dragon\n|move|p2a: Dragapult|Dragon Darts|p1a: Garganacl\n|-damage|p1a: Garganacl|75\/100\n|-anim|p2a: Dragapult|Dragon Darts|p1a: Garganacl\n|-damage|p1a: Garganacl|52\/100\n|move|p1a: Garganacl|Salt Cure|p2a: Dragapult\n|-end|p2a: Dragapult|Substitute\n|\n|-heal|p2a: Dragapult|81\/100|[from] item: Leftovers\n|-heal|p1a: Garganacl|58\/100|[from] item: Leftovers\n|upkeep\n|turn|11\n|\n|t:|1700058196\n|-terastallize|p1a: Garganacl|Fairy\n|move|p2a: Dragapult|Dragon Darts|p1a: Garganacl\n|-immune|p1a: Garganacl\n|move|p1a: Garganacl|Salt Cure|p2a: Dragapult\n|-damage|p2a: Dragapult|63\/100\n|-start|p2a: Dragapult|Salt Cure\n|\n|-heal|p2a: Dragapult|69\/100|[from] item: Leftovers\n|-heal|p1a: Garganacl|64\/100|[from] item: Leftovers\n|-damage|p2a: Dragapult|56\/100|[from] Salt Cure\n|upkeep\n|turn|12\n|\n|t:|1700058207\n|switch|p2a: Mandibuzz|Mandibuzz, F|100\/100\n|move|p1a: Garganacl|Iron Defense|p1a: Garganacl\n|-boost|p1a: Garganacl|def|2\n|\n|-heal|p1a: Garganacl|71\/100|[from] item: Leftovers\n|upkeep\n|turn|13\n|\n|t:|1700058213\n|move|p1a: Garganacl|Salt Cure|p2a: Mandibuzz\n|-supereffective|p2a: Mandibuzz\n|-damage|p2a: Mandibuzz|83\/100\n|-start|p2a: Mandibuzz|Salt Cure\n|move|p2a: Mandibuzz|Whirlwind|p1a: Garganacl\n|drag|p1a: Quaquaval|Quaquaval, M|100\/100\n|\n|-damage|p2a: Mandibuzz|71\/100|[from] Salt Cure\n|upkeep\n|turn|14\n|inactive|ja hoi has 120 seconds left.\n|\n|t:|1700058248\n|move|p1a: Quaquaval|Ice Spinner|p2a: Mandibuzz\n|-supereffective|p2a: Mandibuzz\n|-damage|p2a: Mandibuzz|40\/100\n|move|p2a: Mandibuzz|Whirlwind|p1a: Quaquaval\n|drag|p1a: Dragapult|Dragapult, F|100\/100\n|\n|-damage|p2a: Mandibuzz|27\/100|[from] Salt Cure\n|upkeep\n|turn|15\n|inactive|ja hoi has 120 seconds left.\n|\n|t:|1700058256\n|switch|p2a: Clodsire|Clodsire, M|100\/100\n|move|p1a: Dragapult|Dragon Darts|p2a: Clodsire\n|-damage|p2a: Clodsire|72\/100\n|-anim|p1a: Dragapult|Dragon Darts|p2a: Clodsire\n|-damage|p2a: Clodsire|41\/100\n|\n|-heal|p2a: Clodsire|47\/100|[from] item: Leftovers\n|upkeep\n|turn|16\n|\n|t:|1700058264\n|switch|p2a: Iron Valiant|Iron Valiant|100\/100\n|move|p1a: Dragapult|Dragon Darts|p2a: Iron Valiant\n|-immune|p2a: Iron Valiant\n|\n|upkeep\n|turn|17\n|\n|t:|1700058272\n|switch|p1a: Corviknight|Corviknight, F|93\/100\n|-ability|p1a: Corviknight|Pressure\n|move|p2a: Iron Valiant|Moonblast|p1a: Corviknight\n|-resisted|p1a: Corviknight\n|-damage|p1a: Corviknight|68\/100\n|-unboost|p1a: Corviknight|spa|1\n|\n|upkeep\n|turn|18\n|j| No Nice Names Left\n|\n|t:|1700058284\n|move|p2a: Iron Valiant|Focus Blast|p1a: Corviknight|[miss]\n|-miss|p2a: Iron Valiant|p1a: Corviknight\n|move|p1a: Corviknight|Brave Bird|p2a: Iron Valiant\n|-supereffective|p2a: Iron Valiant\n|-damage|p2a: Iron Valiant|0 fnt\n|faint|p2a: Iron Valiant\n|-end|p2a: Iron Valiant|Quark Drive|[silent]\n|-damage|p1a: Corviknight|45\/100|[from] Recoil\n|\n|upkeep\n|c|\u2606ja hoi|sorry\n|\n|t:|1700058292\n|switch|p2a: Manaphy|Manaphy|65\/100\n|turn|19\n|\n|t:|1700058296\n|move|p2a: Manaphy|Acid Armor|p2a: Manaphy\n|-boost|p2a: Manaphy|def|2\n|move|p1a: Corviknight|Brave Bird|p2a: Manaphy\n|-damage|p2a: Manaphy|47\/100\n|-damage|p1a: Corviknight|38\/100|[from] Recoil\n|\n|-heal|p2a: Manaphy|53\/100|[from] item: Leftovers\n|upkeep\n|turn|20\n|\n|t:|1700058304\n|move|p2a: Manaphy|Take Heart|p2a: Manaphy\n|-boost|p2a: Manaphy|spa|1\n|-boost|p2a: Manaphy|spd|1\n|move|p1a: Corviknight|U-turn|p2a: Manaphy\n|-damage|p2a: Manaphy|46\/100\n|\n|t:|1700058309\n|switch|p1a: Garganacl|Garganacl, F, tera:Fairy|71\/100|[from] U-turn\n|\n|-heal|p2a: Manaphy|52\/100|[from] item: Leftovers\n|-heal|p1a: Garganacl|77\/100|[from] item: Leftovers\n|upkeep\n|turn|21\n|\n|t:|1700058315\n|move|p2a: Manaphy|Take Heart|p2a: Manaphy\n|-boost|p2a: Manaphy|spa|1\n|-boost|p2a: Manaphy|spd|1\n|move|p1a: Garganacl|Salt Cure|p2a: Manaphy\n|-damage|p2a: Manaphy|47\/100\n|-start|p2a: Manaphy|Salt Cure\n|\n|-heal|p2a: Manaphy|53\/100|[from] item: Leftovers\n|-heal|p1a: Garganacl|83\/100|[from] item: Leftovers\n|-damage|p2a: Manaphy|28\/100|[from] Salt Cure\n|upkeep\n|turn|22\n|\n|t:|1700058325\n|move|p2a: Manaphy|Stored Power|p1a: Garganacl\n|-damage|p1a: Garganacl|42\/100\n|move|p1a: Garganacl|Iron Defense|p1a: Garganacl\n|-boost|p1a: Garganacl|def|2\n|\n|-heal|p2a: Manaphy|35\/100|[from] item: Leftovers\n|-heal|p1a: Garganacl|48\/100|[from] item: Leftovers\n|-damage|p2a: Manaphy|10\/100|[from] Salt Cure\n|upkeep\n|turn|23\n|\n|t:|1700058333\n|move|p2a: Manaphy|Stored Power|p1a: Garganacl\n|-damage|p1a: Garganacl|8\/100\n|move|p1a: Garganacl|Recover|p1a: Garganacl\n|-heal|p1a: Garganacl|58\/100\n|\n|-heal|p2a: Manaphy|16\/100|[from] item: Leftovers\n|-heal|p1a: Garganacl|64\/100|[from] item: Leftovers\n|-damage|p2a: Manaphy|0 fnt|[from] Salt Cure\n|faint|p2a: Manaphy\n|upkeep\n|l|\u2606Pakiko2\n|inactive|Pakiko2 disconnected and has a minute to reconnect!\n|player|p2|\n|inactive|Pakiko2 has 30 seconds to reconnect!\n|inactive|Pakiko2 has 20 seconds to reconnect!\n|inactive|Pakiko2 has 15 seconds to reconnect!\n|inactive|Pakiko2 has 10 seconds to reconnect!\n|inactive|Pakiko2 has 5 seconds to reconnect!\n|-message|Pakiko2 lost due to inactivity.\n|\n|win|ja hoi\n|raw|ja hoi's rating: 1536 &rarr; <strong>1559<\/strong><br \/>(+23 for winning)\n|raw|Pakiko2's rating: 1594 &rarr; <strong>1571<\/strong><br \/>(-23 for losing)\n|l|\u2606ja hoi\n","uploadtime":1700058442,"views":5,"p1id":"jahoi","p2id":"pakiko2","formatid":"gen9ou","rating":1559,"private":0,"password":""}