{"id":"gen9ou-2000208038","p1":"Taff_Live","p2":"wyverbal","format":"[Gen 9] OU","log":"|j|\u2606Taff_Live\n|j|\u2606wyverbal\n|t:|1701172241\n|gametype|singles\n|player|p1|Taff_Live|265|1099\n|player|p2|wyverbal|102|1049\n|teamsize|p1|6\n|teamsize|p2|6\n|gen|9\n|tier|[Gen 9] OU\n|rated|\n|rule|Sleep Clause Mod: Limit one foe put to sleep\n|rule|Species Clause: Limit one of each Pok\u00e9mon\n|rule|OHKO Clause: OHKO moves are banned\n|rule|Evasion Items Clause: Evasion items are banned\n|rule|Evasion Moves Clause: Evasion moves are banned\n|rule|Endless Battle Clause: Forcing endless battles is banned\n|rule|HP Percentage Mod: HP is shown in percentages\n|clearpoke\n|poke|p1|Rillaboom, M|\n|poke|p1|Toxapex, M|\n|poke|p1|Landorus-Therian, M|\n|poke|p1|Hatterene, F|\n|poke|p1|Glimmora, F|\n|poke|p1|Greninja-*, M|\n|poke|p2|Salamence, F|\n|poke|p2|Florges-Blue, F|\n|poke|p2|Okidogi, M|\n|poke|p2|Noivern, M|\n|poke|p2|Persian-Alola, M|\n|poke|p2|Kommo-o, M|\n|teampreview\n|inactive|Battle timer is ON: inactive players will automatically lose when time's up. (requested by wyverbal)\n|\n|t:|1701172267\n|start\n|switch|p1a: Landorus|Landorus-Therian, M|100\/100\n|switch|p2a: Noivern|Noivern, M, shiny|100\/100\n|-ability|p1a: Landorus|Intimidate|boost\n|-unboost|p2a: Noivern|atk|1\n|-item|p1a: Landorus|Choice Scarf|[from] ability: Frisk|[of] p2a: Noivern|[identify]\n|turn|1\n|\n|t:|1701172280\n|move|p1a: Landorus|Stone Edge|p2a: Noivern\n|-supereffective|p2a: Noivern\n|-damage|p2a: Noivern|0 fnt\n|faint|p2a: Noivern\n|\n|upkeep\n|\n|t:|1701172292\n|switch|p2a: Kommo-o|Kommo-o, M, shiny|100\/100\n|turn|2\n|\n|t:|1701172302\n|switch|p1a: Toxapex|Toxapex, M|100\/100\n|move|p2a: Kommo-o|Clangorous Soul|p2a: Kommo-o\n|-boost|p2a: Kommo-o|atk|1\n|-boost|p2a: Kommo-o|def|1\n|-boost|p2a: Kommo-o|spa|1\n|-boost|p2a: Kommo-o|spd|1\n|-boost|p2a: Kommo-o|spe|1\n|-damage|p2a: Kommo-o|68\/100\n|\n|upkeep\n|turn|3\n|\n|t:|1701172315\n|move|p2a: Kommo-o|Clanging Scales|p1a: Toxapex\n|-damage|p1a: Toxapex|37\/100\n|-unboost|p2a: Kommo-o|def|1\n|move|p1a: Toxapex|Haze|p1a: Toxapex\n|-clearallboost\n|\n|upkeep\n|turn|4\n|\n|t:|1701172334\n|switch|p1a: Rillaboom|Rillaboom, M|100\/100\n|-fieldstart|move: Grassy Terrain|[from] ability: Grassy Surge|[of] p1a: Rillaboom\n|move|p2a: Kommo-o|Clangorous Soul|p2a: Kommo-o\n|-boost|p2a: Kommo-o|atk|1\n|-boost|p2a: Kommo-o|def|1\n|-boost|p2a: Kommo-o|spa|1\n|-boost|p2a: Kommo-o|spd|1\n|-boost|p2a: Kommo-o|spe|1\n|-damage|p2a: Kommo-o|35\/100\n|-enditem|p2a: Kommo-o|Sitrus Berry|[eat]\n|-heal|p2a: Kommo-o|59\/100|[from] item: Sitrus Berry\n|\n|-heal|p2a: Kommo-o|65\/100|[from] Grassy Terrain\n|upkeep\n|turn|5\n|\n|t:|1701172357\n|move|p2a: Kommo-o|Clangorous Soul|p2a: Kommo-o\n|-boost|p2a: Kommo-o|atk|1\n|-boost|p2a: Kommo-o|def|1\n|-boost|p2a: Kommo-o|spa|1\n|-boost|p2a: Kommo-o|spd|1\n|-boost|p2a: Kommo-o|spe|1\n|-damage|p2a: Kommo-o|32\/100\n|move|p1a: Rillaboom|U-turn|p2a: Kommo-o\n|-resisted|p2a: Kommo-o\n|-damage|p2a: Kommo-o|23\/100\n|\n|t:|1701172366\n|switch|p1a: Toxapex|Toxapex, M|70\/100|[from] U-turn\n|\n|-heal|p2a: Kommo-o|29\/100|[from] Grassy Terrain\n|-heal|p1a: Toxapex|76\/100|[from] Grassy Terrain\n|upkeep\n|turn|6\n|\n|t:|1701172376\n|move|p2a: Kommo-o|Clanging Scales|p1a: Toxapex\n|-damage|p1a: Toxapex|0 fnt\n|faint|p1a: Toxapex\n|-unboost|p2a: Kommo-o|def|1\n|\n|-heal|p2a: Kommo-o|36\/100|[from] Grassy Terrain\n|upkeep\n|\n|t:|1701172389\n|switch|p1a: Landorus|Landorus-Therian, M|100\/100\n|-ability|p1a: Landorus|Intimidate|boost\n|-unboost|p2a: Kommo-o|atk|1\n|turn|7\n|\n|t:|1701172395\n|move|p2a: Kommo-o|Clanging Scales|p1a: Landorus\n|-damage|p1a: Landorus|0 fnt\n|faint|p1a: Landorus\n|-unboost|p2a: Kommo-o|def|1\n|\n|-heal|p2a: Kommo-o|42\/100|[from] Grassy Terrain\n|upkeep\n|\n|t:|1701172403\n|switch|p1a: Rillaboom|Rillaboom, M|100\/100\n|turn|8\n|\n|t:|1701172409\n|-terastallize|p1a: Rillaboom|Grass\n|move|p1a: Rillaboom|Grassy Glide|p2a: Kommo-o\n|-resisted|p2a: Kommo-o\n|-damage|p2a: Kommo-o|5\/100\n|move|p2a: Kommo-o|Flamethrower|p1a: Rillaboom\n|-supereffective|p1a: Rillaboom\n|-damage|p1a: Rillaboom|0 fnt\n|faint|p1a: Rillaboom\n|\n|-heal|p2a: Kommo-o|11\/100|[from] Grassy Terrain\n|-fieldend|move: Grassy Terrain\n|upkeep\n|\n|t:|1701172424\n|switch|p1a: Hatterene|Hatterene, F|100\/100\n|turn|9\n|\n|t:|1701172432\n|move|p2a: Kommo-o|Flamethrower|p1a: Hatterene\n|-damage|p1a: Hatterene|49\/100\n|move|p1a: Hatterene|Psyshock|p2a: Kommo-o\n|-supereffective|p2a: Kommo-o\n|-damage|p2a: Kommo-o|0 fnt\n|faint|p2a: Kommo-o\n|\n|-heal|p1a: Hatterene|55\/100|[from] item: Leftovers\n|upkeep\n|-message|Taff_Live forfeited.\n|\n|win|wyverbal\n|raw|Taff_Live's rating: 1099 &rarr; <strong>1071<\/strong><br \/>(-28 for losing)\n|raw|wyverbal's rating: 1049 &rarr; <strong>1086<\/strong><br \/>(+37 for winning)\n|l|\u2606Taff_Live\n","uploadtime":1701172447,"views":2,"p1id":"tafflive","p2id":"wyverbal","formatid":"gen9ou","rating":1071,"private":0,"password":""}