{"id":"gen9ou-1988637534","p1":"Gezard","p2":"BugCatcherN8R1X","format":"[Gen 9] OU","log":"|j|\u2606Gezard\n|j|\u2606BugCatcherN8R1X\n|t:|1699744778\n|gametype|singles\n|player|p1|Gezard|benga|1048\n|player|p2|BugCatcherN8R1X|bugcatcher-gen4dp|1126\n|teamsize|p1|6\n|teamsize|p2|6\n|gen|9\n|tier|[Gen 9] OU\n|rated|\n|rule|Sleep Clause Mod: Limit one foe put to sleep\n|rule|Species Clause: Limit one of each Pok\u00e9mon\n|rule|OHKO Clause: OHKO moves are banned\n|rule|Evasion Items Clause: Evasion items are banned\n|rule|Evasion Moves Clause: Evasion moves are banned\n|rule|Endless Battle Clause: Forcing endless battles is banned\n|rule|HP Percentage Mod: HP is shown in percentages\n|clearpoke\n|poke|p1|Torkoal, F|\n|poke|p1|Arcanine-Hisui, F|\n|poke|p1|Typhlosion-Hisui, F|\n|poke|p1|Hatterene, F|\n|poke|p1|Ogerpon-Wellspring, F|\n|poke|p1|Alomomola, M|\n|poke|p2|Kleavor, M|\n|poke|p2|Lokix, M|\n|poke|p2|Vikavolt, F|\n|poke|p2|Slither Wing|\n|poke|p2|Scizor, M|\n|poke|p2|Ribombee, M|\n|teampreview\n|j| TTJ_Jayden\n|inactive|Battle timer is ON: inactive players will automatically lose when time's up. (requested by BugCatcherN8R1X)\n|\n|t:|1699744804\n|start\n|switch|p1a: Arcanine|Arcanine-Hisui, F|100\/100\n|switch|p2a: Hachiman|Kleavor, M|100\/100\n|-ability|p1a: Arcanine|Intimidate|boost\n|-unboost|p2a: Hachiman|atk|1\n|turn|1\n|l| TTJ_Jayden\n|\n|t:|1699744832\n|switch|p1a: Torkoal|Torkoal, F|100\/100\n|-weather|SunnyDay|[from] ability: Drought|[of] p1a: Torkoal\n|move|p2a: Hachiman|Stone Axe|p1a: Torkoal\n|-supereffective|p1a: Torkoal\n|-damage|p1a: Torkoal|46\/100\n|-sidestart|p1: Gezard|move: Stealth Rock\n|\n|-weather|SunnyDay|[upkeep]\n|upkeep\n|turn|2\n|inactive|Gezard has 120 seconds left.\n|inactive|BugCatcherN8R1X has 120 seconds left.\n|\n|t:|1699744852\n|switch|p2a: Apollo|Slither Wing|100\/100\n|-activate|p2a: Apollo|ability: Protosynthesis\n|-start|p2a: Apollo|protosynthesisatk\n|move|p1a: Torkoal|Stealth Rock|p2a: Apollo\n|-sidestart|p2: BugCatcherN8R1X|move: Stealth Rock\n|\n|-weather|SunnyDay|[upkeep]\n|upkeep\n|turn|3\n|inactive|Gezard has 120 seconds left.\n|\n|t:|1699744865\n|move|p2a: Apollo|Flame Charge|p1a: Torkoal\n|-resisted|p1a: Torkoal\n|-crit|p1a: Torkoal\n|-damage|p1a: Torkoal|26\/100\n|-boost|p2a: Apollo|spe|1\n|move|p1a: Torkoal|Will-O-Wisp|p2a: Apollo\n|-status|p2a: Apollo|brn\n|\n|-weather|SunnyDay|[upkeep]\n|-damage|p2a: Apollo|94\/100 brn|[from] brn\n|upkeep\n|turn|4\n|inactive|Gezard has 120 seconds left.\n|\n|t:|1699744879\n|move|p2a: Apollo|Earthquake|p1a: Torkoal\n|-supereffective|p1a: Torkoal\n|-damage|p1a: Torkoal|0 fnt\n|faint|p1a: Torkoal\n|\n|-weather|SunnyDay|[upkeep]\n|-damage|p2a: Apollo|88\/100 brn|[from] brn\n|upkeep\n|inactive|Gezard has 120 seconds left.\n|\n|t:|1699744888\n|switch|p1a: Typhlosion|Typhlosion-Hisui, F|100\/100\n|-damage|p1a: Typhlosion|76\/100|[from] Stealth Rock\n|turn|5\n|\n|t:|1699744898\n|move|p1a: Typhlosion|Flamethrower|p2a: Apollo\n|-supereffective|p2a: Apollo\n|-crit|p2a: Apollo\n|-damage|p2a: Apollo|0 fnt\n|faint|p2a: Apollo\n|-end|p2a: Apollo|Protosynthesis|[silent]\n|\n|-weather|none\n|upkeep\n|\n|t:|1699744917\n|switch|p2a: Hachiman|Kleavor, M|100\/100\n|-damage|p2a: Hachiman|76\/100|[from] Stealth Rock\n|turn|6\n|\n|t:|1699744933\n|switch|p1a: Alomomola|Alomomola, M|100\/100\n|-damage|p1a: Alomomola|88\/100|[from] Stealth Rock\n|move|p2a: Hachiman|Night Slash|p1a: Alomomola\n|-damage|p1a: Alomomola|65\/100\n|\n|upkeep\n|turn|7\n|inactive|Gezard has 120 seconds left.\n|inactive|BugCatcherN8R1X has 120 seconds left.\n|\n|t:|1699744974\n|switch|p2a: Thor|Vikavolt, F|100\/100\n|-damage|p2a: Thor|76\/100|[from] Stealth Rock\n|move|p1a: Alomomola|Scald|p2a: Thor\n|-damage|p2a: Thor|56\/100\n|\n|upkeep\n|turn|8\n|inactive|Gezard has 120 seconds left.\n|\n|t:|1699744991\n|switch|p1a: Arcanine|Arcanine-Hisui, F|100\/100\n|-damage|p1a: Arcanine|76\/100|[from] Stealth Rock\n|-ability|p1a: Arcanine|Intimidate|boost\n|-unboost|p2a: Thor|atk|1\n|move|p2a: Thor|Agility|p2a: Thor\n|-boost|p2a: Thor|spe|2\n|\n|upkeep\n|turn|9\n|inactive|Gezard has 120 seconds left.\n|inactive|BugCatcherN8R1X has 120 seconds left.\n|\n|t:|1699745006\n|move|p2a: Thor|Thunderbolt|p1a: Arcanine\n|-damage|p1a: Arcanine|13\/100\n|move|p1a: Arcanine|Rock Slide|p2a: Thor\n|-supereffective|p2a: Thor\n|-damage|p2a: Thor|0 fnt\n|faint|p2a: Thor\n|\n|upkeep\n|inactive|BugCatcherN8R1X has 120 seconds left.\n|\n|t:|1699745028\n|switch|p2a: Ares|Scizor, M|100\/100\n|-damage|p2a: Ares|88\/100|[from] Stealth Rock\n|turn|10\n|inactive|Gezard has 120 seconds left.\n|\n|t:|1699745049\n|move|p1a: Arcanine|Rock Slide|p2a: Ares\n|-damage|p2a: Ares|35\/100\n|move|p2a: Ares|Swords Dance|p2a: Ares\n|-boost|p2a: Ares|atk|2\n|\n|upkeep\n|turn|11\n|\n|t:|1699745060\n|move|p2a: Ares|Bullet Punch|p1a: Arcanine\n|-damage|p1a: Arcanine|0 fnt\n|faint|p1a: Arcanine\n|-heal|p2a: Ares|36\/100|[from] item: Shell Bell|[of] p1: Arcanine\n|\n|upkeep\n|\n|t:|1699745079\n|switch|p1a: Typhlosion|Typhlosion-Hisui, F|76\/100\n|-damage|p1a: Typhlosion|51\/100|[from] Stealth Rock\n|turn|12\n|\n|t:|1699745085\n|move|p2a: Ares|Bullet Punch|p1a: Typhlosion\n|-resisted|p1a: Typhlosion\n|-damage|p1a: Typhlosion|0 fnt\n|faint|p1a: Typhlosion\n|-heal|p2a: Ares|42\/100|[from] item: Shell Bell|[of] p1: Typhlosion\n|\n|upkeep\n|\n|t:|1699745100\n|switch|p1a: Alomomola|Alomomola, M|98\/100\n|-damage|p1a: Alomomola|86\/100|[from] Stealth Rock\n|turn|13\n|\n|t:|1699745108\n|move|p1a: Alomomola|Scald|p2a: Ares\n|-damage|p2a: Ares|25\/100\n|move|p2a: Ares|Trailblaze|p1a: Alomomola\n|-supereffective|p1a: Alomomola\n|-damage|p1a: Alomomola|24\/100\n|-boost|p2a: Ares|spe|1\n|-heal|p2a: Ares|37\/100|[from] item: Shell Bell|[of] p1a: Alomomola\n|\n|upkeep\n|turn|14\n|\n|t:|1699745119\n|move|p2a: Ares|Bullet Punch|p1a: Alomomola\n|-resisted|p1a: Alomomola\n|-damage|p1a: Alomomola|7\/100\n|-heal|p2a: Ares|40\/100|[from] item: Shell Bell|[of] p1a: Alomomola\n|move|p1a: Alomomola|Scald|p2a: Ares\n|-damage|p2a: Ares|25\/100\n|\n|upkeep\n|turn|15\n|\n|t:|1699745131\n|move|p2a: Ares|Trailblaze|p1a: Alomomola\n|-supereffective|p1a: Alomomola\n|-damage|p1a: Alomomola|0 fnt\n|-boost|p2a: Ares|spe|1\n|faint|p1a: Alomomola\n|-heal|p2a: Ares|26\/100|[from] item: Shell Bell|[of] p1: Alomomola\n|\n|upkeep\n|\n|t:|1699745140\n|switch|p1a: Hatterene|Hatterene, F|100\/100\n|-damage|p1a: Hatterene|88\/100|[from] Stealth Rock\n|turn|16\n|\n|t:|1699745155\n|move|p2a: Ares|Bullet Punch|p1a: Hatterene\n|-supereffective|p1a: Hatterene\n|-damage|p1a: Hatterene|0 fnt\n|faint|p1a: Hatterene\n|-heal|p2a: Ares|36\/100|[from] item: Shell Bell|[of] p1: Hatterene\n|\n|upkeep\n|\n|t:|1699745160\n|switch|p1a: Ogerpon|Ogerpon-Wellspring, F|100\/100\n|-damage|p1a: Ogerpon|88\/100|[from] Stealth Rock\n|turn|17\n|\n|t:|1699745171\n|-terastallize|p1a: Ogerpon|Water\n|detailschange|p1a: Ogerpon|Ogerpon-Wellspring-Tera, F, tera:Water\n|-ability|p1a: Ogerpon|Embody Aspect (Wellspring)|boost\n|-boost|p1a: Ogerpon|spd|1\n|move|p2a: Ares|Bullet Punch|p1a: Ogerpon\n|-resisted|p1a: Ogerpon\n|-damage|p1a: Ogerpon|42\/100\n|-heal|p2a: Ares|41\/100|[from] item: Shell Bell|[of] p1a: Ogerpon\n|move|p1a: Ogerpon|Ivy Cudgel|p2a: Ares\n|-damage|p2a: Ares|0 fnt\n|faint|p2a: Ares\n|\n|upkeep\n|\n|t:|1699745185\n|switch|p2a: Hachiman|Kleavor, M|76\/100\n|-damage|p2a: Hachiman|51\/100|[from] Stealth Rock\n|turn|18\n|\n|t:|1699745190\n|move|p2a: Hachiman|U-turn|p1a: Ogerpon\n|-damage|p1a: Ogerpon|0 fnt\n|faint|p1a: Ogerpon\n|\n|win|BugCatcherN8R1X\n|raw|Gezard's rating: 1048 &rarr; <strong>1035<\/strong><br \/>(-13 for losing)\n|raw|BugCatcherN8R1X's rating: 1126 &rarr; <strong>1145<\/strong><br \/>(+19 for winning)\n|l|\u2606Gezard\n","uploadtime":1699745202,"views":11,"p1id":"gezard","p2id":"bugcatchern8r1x","formatid":"gen9ou","rating":1035,"private":0,"password":""}