{"id":"gen9ou-1997294201","p1":"Vanhomin","p2":"whitepikmin","format":"[Gen 9] OU","log":"|j|\u2606Vanhomin\n|j|\u2606whitepikmin\n|t:|1700785753\n|gametype|singles\n|player|p1|Vanhomin|scientist-gen4|\n|player|p2|whitepikmin|wallace|\n|teamsize|p1|6\n|teamsize|p2|6\n|gen|9\n|tier|[Gen 9] OU\n|rule|Sleep Clause Mod: Limit one foe put to sleep\n|rule|Species Clause: Limit one of each Pok\u00e9mon\n|rule|OHKO Clause: OHKO moves are banned\n|rule|Evasion Items Clause: Evasion items are banned\n|rule|Evasion Moves Clause: Evasion moves are banned\n|rule|Endless Battle Clause: Forcing endless battles is banned\n|rule|HP Percentage Mod: HP is shown in percentages\n|clearpoke\n|poke|p1|Enamorus, F|\n|poke|p1|Ninetales-Alola, M|\n|poke|p1|Garganacl, M|\n|poke|p1|Ursaluna, F|\n|poke|p1|Corviknight, F|\n|poke|p1|Ditto|\n|poke|p2|Weezing-Galar, M|\n|poke|p2|Arcanine-Hisui, M|\n|poke|p2|Scream Tail|\n|poke|p2|Armarouge, M|\n|poke|p2|Slowking-Galar, M|\n|poke|p2|Ogerpon-Wellspring, F|\n|teampreview\n|inactive|Battle timer is ON: inactive players will automatically lose when time's up. (requested by Vanhomin)\n|\n|t:|1700785778\n|start\n|switch|p1a: Giiwedin|Ninetales-Alola, M|100\/100\n|switch|p2a: Noki|Ogerpon-Wellspring, F|100\/100\n|-weather|Snow|[from] ability: Snow Warning|[of] p1a: Giiwedin\n|turn|1\n|\n|t:|1700785805\n|move|p2a: Noki|Swords Dance|p2a: Noki\n|-boost|p2a: Noki|atk|2\n|move|p1a: Giiwedin|Freeze-Dry|p2a: Noki\n|-supereffective|p2a: Noki\n|-damage|p2a: Noki|9\/100\n|\n|-weather|Snow|[upkeep]\n|upkeep\n|turn|2\n|c|\u2606whitepikmin|oh yeah freeze dry, oops\n|\n|t:|1700785813\n|switch|p1a: Mordred|Corviknight, F|100\/100\n|-ability|p1a: Mordred|Pressure\n|move|p2a: Noki|Ivy Cudgel|p1a: Mordred|[anim] Ivy Cudgel Water\n|-damage|p1a: Mordred|30\/100\n|\n|-weather|Snow|[upkeep]\n|upkeep\n|turn|3\n|\n|t:|1700785819\n|switch|p2a: AngrySquare|Scream Tail|100\/100\n|move|p1a: Mordred|U-turn|p2a: AngrySquare\n|-damage|p2a: AngrySquare|89\/100\n|\n|t:|1700785824\n|switch|p1a: Makwa|Ursaluna, F, shiny|100\/100|[from] U-turn\n|\n|-weather|Snow|[upkeep]\n|-status|p1a: Makwa|brn|[from] item: Flame Orb\n|upkeep\n|turn|4\n|\n|t:|1700785834\n|move|p2a: AngrySquare|Reflect|p2a: AngrySquare\n|-sidestart|p2: whitepikmin|Reflect\n|move|p1a: Makwa|Facade|p2a: AngrySquare\n|-damage|p2a: AngrySquare|42\/100\n|\n|-weather|Snow|[upkeep]\n|-damage|p1a: Makwa|94\/100 brn|[from] brn\n|upkeep\n|turn|5\n|\n|t:|1700785840\n|move|p2a: AngrySquare|Stealth Rock|p1a: Makwa\n|-sidestart|p1: Vanhomin|move: Stealth Rock\n|move|p1a: Makwa|Swords Dance|p1a: Makwa\n|-boost|p1a: Makwa|atk|2\n|\n|-weather|none\n|-damage|p1a: Makwa|88\/100 brn|[from] brn\n|upkeep\n|turn|6\n|\n|t:|1700785844\n|switch|p1a: Mordred|Corviknight, F|30\/100\n|-damage|p1a: Mordred|18\/100|[from] Stealth Rock\n|-ability|p1a: Mordred|Pressure\n|move|p2a: AngrySquare|Encore||[still]\n|-fail|p2a: AngrySquare\n|\n|upkeep\n|turn|7\n|\n|t:|1700785853\n|-end|p2a: AngrySquare|Protosynthesis|[silent]\n|switch|p2a: Dogstorm|Arcanine-Hisui, M, shiny|100\/100\n|move|p1a: Mordred|Roost|p1a: Mordred\n|-heal|p1a: Mordred|68\/100\n|-singleturn|p1a: Mordred|move: Roost\n|\n|upkeep\n|turn|8\n|\n|t:|1700785872\n|move|p2a: Dogstorm|Head Smash|p1a: Mordred\n|-damage|p1a: Mordred|28\/100\n|-damage|p2a: Dogstorm|84\/100|[from] item: Rocky Helmet|[of] p1a: Mordred\n|move|p1a: Mordred|Defog|p2a: Dogstorm\n|-unboost|p2a: Dogstorm|evasion|1\n|-sideend|p2: whitepikmin|Reflect\n|-sideend|p1: Vanhomin|Stealth Rock|[from] move: Defog|[of] p1a: Mordred\n|\n|upkeep\n|turn|9\n|\n|t:|1700785878\n|move|p2a: Dogstorm|Head Smash|p1a: Mordred\n|-damage|p1a: Mordred|0 fnt\n|-damage|p2a: Dogstorm|67\/100|[from] item: Rocky Helmet|[of] p1a: Mordred\n|faint|p1a: Mordred\n|\n|upkeep\n|\n|t:|1700785894\n|switch|p1a: Catalyst|Garganacl, M, shiny|100\/100\n|turn|10\n|inactive|whitepikmin has 270 seconds left.\n|\n|t:|1700785930\n|switch|p2a: AngrySquare|Scream Tail|42\/100\n|move|p1a: Catalyst|Curse|p1a: Catalyst\n|-unboost|p1a: Catalyst|spe|1\n|-boost|p1a: Catalyst|atk|1\n|-boost|p1a: Catalyst|def|1\n|\n|upkeep\n|turn|11\n|inactive|whitepikmin has 270 seconds left.\n|\n|t:|1700785939\n|switch|p1a: Makwa|Ursaluna, F, shiny|88\/100 brn\n|move|p2a: AngrySquare|Reflect|p2a: AngrySquare\n|-sidestart|p2: whitepikmin|Reflect\n|\n|-damage|p1a: Makwa|82\/100 brn|[from] brn\n|upkeep\n|turn|12\n|\n|t:|1700785943\n|move|p2a: AngrySquare|Light Screen|p2a: AngrySquare\n|-sidestart|p2: whitepikmin|move: Light Screen\n|move|p1a: Makwa|Facade|p2a: AngrySquare\n|-damage|p2a: AngrySquare|0 fnt\n|faint|p2a: AngrySquare\n|-end|p2a: AngrySquare|Protosynthesis|[silent]\n|\n|-damage|p1a: Makwa|76\/100 brn|[from] brn\n|upkeep\n|\n|t:|1700785947\n|switch|p2a: Jogo|Armarouge, M|100\/100\n|turn|13\n|\n|t:|1700785953\n|switch|p1a: Catalyst|Garganacl, M, shiny|100\/100\n|move|p2a: Jogo|Calm Mind|p2a: Jogo\n|-boost|p2a: Jogo|spa|1\n|-boost|p2a: Jogo|spd|1\n|\n|upkeep\n|turn|14\n|inactive|whitepikmin has 270 seconds left.\n|\n|t:|1700786004\n|move|p2a: Jogo|Psychic|p1a: Catalyst\n|-damage|p1a: Catalyst|50\/100\n|-unboost|p1a: Catalyst|spd|1\n|move|p1a: Catalyst|Salt Cure|p2a: Jogo\n|-supereffective|p2a: Jogo\n|-damage|p2a: Jogo|88\/100\n|-start|p2a: Jogo|Salt Cure\n|-ability|p2a: Jogo|Weak Armor|boost\n|-unboost|p2a: Jogo|def|1\n|-boost|p2a: Jogo|spe|2\n|\n|-heal|p1a: Catalyst|56\/100|[from] item: Leftovers\n|-damage|p2a: Jogo|76\/100|[from] Salt Cure\n|upkeep\n|turn|15\n|\n|t:|1700786022\n|move|p2a: Jogo|Psychic|p1a: Catalyst\n|-damage|p1a: Catalyst|0 fnt\n|faint|p1a: Catalyst\n|\n|-damage|p2a: Jogo|64\/100|[from] Salt Cure\n|upkeep\n|\n|t:|1700786025\n|switch|p1a: Recursion|Ditto|100\/100\n|-transform|p1a: Recursion|p2a: Jogo|[from] ability: Imposter\n|turn|16\n|\n|t:|1700786042\n|move|p1a: Recursion|Clear Smog|p2a: Jogo\n|-damage|p2a: Jogo|55\/100\n|-clearboost|p2a: Jogo\n|move|p2a: Jogo|Clear Smog|p1a: Recursion\n|-damage|p1a: Recursion|83\/100\n|-clearboost|p1a: Recursion\n|\n|-damage|p2a: Jogo|42\/100|[from] Salt Cure\n|upkeep\n|turn|17\n|inactive|whitepikmin has 270 seconds left.\n|\n|t:|1700786050\n|switch|p1a: Orochi|Enamorus, F|100\/100\n|switch|p2a: Claude|Slowking-Galar, M, shiny|100\/100\n|\n|upkeep\n|turn|18\n|inactive|Vanhomin has 270 seconds left.\n|\n|t:|1700786087\n|move|p1a: Orochi|Substitute|p1a: Orochi\n|-start|p1a: Orochi|Substitute\n|-damage|p1a: Orochi|76\/100\n|move|p2a: Claude|Future Sight|p1a: Orochi\n|-start|p2a: Claude|move: Future Sight\n|\n|-heal|p1a: Orochi|82\/100|[from] item: Leftovers\n|-sideend|p2: whitepikmin|Reflect\n|upkeep\n|turn|19\n|inactive|whitepikmin has 270 seconds left.\n|\n|t:|1700786121\n|move|p1a: Orochi|Calm Mind|p1a: Orochi\n|-boost|p1a: Orochi|spa|1\n|-boost|p1a: Orochi|spd|1\n|move|p2a: Claude|Sludge Bomb|p1a: Orochi\n|-supereffective|p1a: Orochi\n|-end|p1a: Orochi|Substitute\n|\n|-heal|p1a: Orochi|88\/100|[from] item: Leftovers\n|-sideend|p2: whitepikmin|move: Light Screen\n|upkeep\n|turn|20\n|\n|t:|1700786130\n|move|p1a: Orochi|Earth Power|p2a: Claude\n|-supereffective|p2a: Claude\n|-damage|p2a: Claude|47\/100\n|move|p2a: Claude|Thunder Wave|p1a: Orochi\n|-status|p1a: Orochi|par\n|\n|-end|p1a: Orochi|move: Future Sight\n|-damage|p1a: Orochi|49\/100 par\n|-heal|p1a: Orochi|55\/100 par|[from] item: Leftovers\n|upkeep\n|turn|21\n|\n|t:|1700786137\n|switch|p2a: Noki|Ogerpon-Wellspring, F|9\/100\n|move|p1a: Orochi|Earth Power|p2a: Noki\n|-resisted|p2a: Noki\n|-damage|p2a: Noki|0 fnt\n|faint|p2a: Noki\n|\n|-heal|p1a: Orochi|61\/100 par|[from] item: Leftovers\n|upkeep\n|\n|t:|1700786144\n|switch|p2a: Jogo|Armarouge, M|42\/100\n|turn|22\n|\n|t:|1700786148\n|move|p2a: Jogo|Clear Smog|p1a: Orochi\n|-supereffective|p1a: Orochi\n|-damage|p1a: Orochi|28\/100 par\n|-clearboost|p1a: Orochi\n|move|p1a: Orochi|Earth Power|p2a: Jogo\n|-supereffective|p2a: Jogo\n|-damage|p2a: Jogo|0 fnt\n|faint|p2a: Jogo\n|\n|-heal|p1a: Orochi|34\/100 par|[from] item: Leftovers\n|upkeep\n|\n|t:|1700786157\n|switch|p2a: Dogstorm|Arcanine-Hisui, M, shiny|67\/100\n|turn|23\n|\n|t:|1700786166\n|move|p2a: Dogstorm|Head Smash|p1a: Orochi\n|-supereffective|p1a: Orochi\n|-crit|p1a: Orochi\n|-damage|p1a: Orochi|0 fnt\n|faint|p1a: Orochi\n|\n|upkeep\n|\n|t:|1700786175\n|switch|p1a: Makwa|Ursaluna, F, shiny|76\/100 brn\n|turn|24\n|\n|t:|1700786188\n|-terastallize|p2a: Dogstorm|Rock\n|move|p2a: Dogstorm|Head Smash|p1a: Makwa\n|-resisted|p1a: Makwa\n|-damage|p1a: Makwa|42\/100 brn\n|move|p1a: Makwa|Headlong Rush|p2a: Dogstorm\n|-supereffective|p2a: Dogstorm\n|-damage|p2a: Dogstorm|0 fnt\n|-unboost|p1a: Makwa|def|1\n|-unboost|p1a: Makwa|spd|1\n|faint|p2a: Dogstorm\n|\n|-damage|p1a: Makwa|36\/100 brn|[from] brn\n|upkeep\n|\n|t:|1700786198\n|switch|p2a: Claude|Slowking-Galar, M, shiny|80\/100\n|turn|25\n|\n|t:|1700786206\n|switch|p1a: Recursion|Ditto|83\/100\n|-transform|p1a: Recursion|p2a: Claude|[from] ability: Imposter\n|move|p2a: Claude|Future Sight|p1a: Recursion\n|-start|p2a: Claude|move: Future Sight\n|\n|upkeep\n|turn|26\n|\n|t:|1700786214\n|move|p1a: Recursion|Future Sight|p2a: Claude\n|-start|p1a: Recursion|move: Future Sight\n|move|p2a: Claude|Thunder Wave|p1a: Recursion\n|-status|p1a: Recursion|par\n|\n|upkeep\n|turn|27\n|inactive|whitepikmin has 270 seconds left.\n|\n|t:|1700786261\n|switch|p2a: Gent|Weezing-Galar, M, shiny|100\/100\n|switch|p1a: Giiwedin|Ninetales-Alola, M|100\/100\n|-weather|Snow|[from] ability: Snow Warning|[of] p1a: Giiwedin\n|\n|-weather|Snow|[upkeep]\n|-end|p1a: Giiwedin|move: Future Sight\n|-damage|p1a: Giiwedin|54\/100\n|upkeep\n|turn|28\n|\n|t:|1700786276\n|move|p1a: Giiwedin|Aurora Veil|p1a: Giiwedin\n|-sidestart|p1: Vanhomin|move: Aurora Veil\n|move|p2a: Gent|Clear Smog|p1a: Giiwedin\n|-supereffective|p1a: Giiwedin\n|-damage|p1a: Giiwedin|40\/100\n|-clearboost|p1a: Giiwedin\n|\n|-weather|Snow|[upkeep]\n|-end|p2a: Gent|move: Future Sight\n|-supereffective|p2a: Gent\n|-damage|p2a: Gent|65\/100\n|-heal|p2a: Gent|71\/100|[from] item: Black Sludge\n|upkeep\n|turn|29\n|\n|t:|1700786293\n|switch|p2a: Claude|Slowking-Galar, M, shiny|100\/100\n|move|p1a: Giiwedin|Encore||[still]\n|-fail|p1a: Giiwedin\n|\n|-weather|Snow|[upkeep]\n|upkeep\n|turn|30\n|\n|t:|1700786301\n|switch|p1a: Recursion|Ditto|100\/100 par\n|-transform|p1a: Recursion|p2a: Claude|[from] ability: Imposter\n|move|p2a: Claude|Sludge Bomb|p1a: Recursion\n|-resisted|p1a: Recursion\n|-damage|p1a: Recursion|94\/100 par\n|\n|-weather|Snow|[upkeep]\n|upkeep\n|turn|31\n|\n|t:|1700786310\n|move|p2a: Claude|Future Sight|p1a: Recursion\n|-start|p2a: Claude|move: Future Sight\n|move|p1a: Recursion|Thunder Wave|p2a: Claude\n|-status|p2a: Claude|par\n|\n|-weather|none\n|upkeep\n|turn|32\n|\n|t:|1700786318\n|switch|p1a: Giiwedin|Ninetales-Alola, M|40\/100\n|-weather|Snow|[from] ability: Snow Warning|[of] p1a: Giiwedin\n|switch|p2a: Gent|Weezing-Galar, M, shiny|71\/100\n|\n|-weather|Snow|[upkeep]\n|-heal|p2a: Gent|77\/100|[from] item: Black Sludge\n|upkeep\n|turn|33\n|\n|t:|1700786323\n|move|p1a: Giiwedin|Moonblast|p2a: Gent\n|-resisted|p2a: Gent\n|-damage|p2a: Gent|59\/100\n|move|p2a: Gent|Clear Smog|p1a: Giiwedin\n|-supereffective|p1a: Giiwedin\n|-damage|p1a: Giiwedin|23\/100\n|-clearboost|p1a: Giiwedin\n|\n|-weather|Snow|[upkeep]\n|-end|p1a: Giiwedin|move: Future Sight\n|-damage|p1a: Giiwedin|2\/100\n|-heal|p2a: Gent|65\/100|[from] item: Black Sludge\n|upkeep\n|turn|34\n|\n|t:|1700786333\n|move|p1a: Giiwedin|Encore|p2a: Gent\n|-start|p2a: Gent|Encore\n|move|p2a: Gent|Clear Smog|p1a: Giiwedin\n|-supereffective|p1a: Giiwedin\n|-damage|p1a: Giiwedin|0 fnt\n|-clearboost|p1a: Giiwedin\n|faint|p1a: Giiwedin\n|\n|-weather|Snow|[upkeep]\n|-heal|p2a: Gent|71\/100|[from] item: Black Sludge\n|upkeep\n|\n|t:|1700786335\n|switch|p1a: Makwa|Ursaluna, F, shiny|36\/100 brn\n|turn|35\n|\n|t:|1700786356\n|-terastallize|p1a: Makwa|Normal\n|move|p1a: Makwa|Facade|p2a: Gent\n|-damage|p2a: Gent|0 fnt\n|faint|p2a: Gent\n|\n|-weather|Snow|[upkeep]\n|-damage|p1a: Makwa|30\/100 brn|[from] brn\n|-sideend|p1: Vanhomin|move: Aurora Veil\n|upkeep\n|c|\u2606whitepikmin|ahhhh\n|\n|t:|1700786366\n|switch|p2a: Claude|Slowking-Galar, M, shiny|100\/100 par\n|turn|36\n|\n|t:|1700786386\n|move|p1a: Makwa|Facade|p2a: Claude\n|-damage|p2a: Claude|0 fnt\n|faint|p2a: Claude\n|\n|win|Vanhomin\n|c|\u2606Vanhomin|Phew, gg\n","uploadtime":1700786394,"views":4,"p1id":"vanhomin","p2id":"whitepikmin","formatid":"gen9ou","rating":0,"private":0,"password":""}