{"id":"gen9ou-1990750228","p1":"pokemansaregarbage","p2":"IsaiahZX7","format":"[Gen 9] OU","log":"|j|\u2606pokemansaregarbage\n|j|\u2606IsaiahZX7\n|t:|1699997318\n|gametype|singles\n|player|p1|pokemansaregarbage|youngster-gen1rb|1121\n|player|p2|IsaiahZX7|cynthia|1224\n|teamsize|p1|6\n|teamsize|p2|6\n|gen|9\n|tier|[Gen 9] OU\n|rated|\n|rule|Sleep Clause Mod: Limit one foe put to sleep\n|rule|Species Clause: Limit one of each Pok\u00e9mon\n|rule|OHKO Clause: OHKO moves are banned\n|rule|Evasion Items Clause: Evasion items are banned\n|rule|Evasion Moves Clause: Evasion moves are banned\n|rule|Endless Battle Clause: Forcing endless battles is banned\n|rule|HP Percentage Mod: HP is shown in percentages\n|clearpoke\n|poke|p1|Zamazenta-*|\n|poke|p1|Samurott-Hisui, M|\n|poke|p1|Gholdengo|\n|poke|p1|Glimmora, M|\n|poke|p1|Ogerpon-Cornerstone, F|\n|poke|p1|Ribombee, F|\n|poke|p2|Dragapult, M|\n|poke|p2|Heatran, M|\n|poke|p2|Great Tusk|\n|poke|p2|Amoonguss, M|\n|poke|p2|Weavile, M|\n|poke|p2|Enamorus, F|\n|teampreview\n|inactive|Battle timer is ON: inactive players will automatically lose when time's up. (requested by pokemansaregarbage)\n|\n|t:|1699997339\n|start\n|switch|p1a: Ribombee|Ribombee, F, shiny|100\/100\n|switch|p2a: Hot Chunk|Heatran, M, shiny|100\/100\n|-item|p2a: Hot Chunk|Air Balloon\n|turn|1\n|\n|t:|1699997345\n|move|p1a: Ribombee|Sticky Web|p2a: Hot Chunk\n|-sidestart|p2: IsaiahZX7|move: Sticky Web\n|move|p2a: Hot Chunk|Magma Storm|p1a: Ribombee\n|-supereffective|p1a: Ribombee\n|-enditem|p1a: Ribombee|Focus Sash\n|-damage|p1a: Ribombee|1\/100\n|-activate|p1a: Ribombee|move: Magma Storm|[of] p2a: Hot Chunk\n|\n|-damage|p1a: Ribombee|0 fnt|[from] move: Magma Storm|[partiallytrapped]\n|faint|p1a: Ribombee\n|upkeep\n|\n|t:|1699997358\n|switch|p1a: Glimmora|Glimmora, M|100\/100\n|turn|2\n|\n|t:|1699997371\n|move|p1a: Glimmora|Stealth Rock|p2a: Hot Chunk\n|-sidestart|p2: IsaiahZX7|move: Stealth Rock\n|move|p2a: Hot Chunk|Stealth Rock|p1a: Glimmora\n|-sidestart|p1: pokemansaregarbage|move: Stealth Rock\n|\n|upkeep\n|turn|3\n|\n|t:|1699997376\n|switch|p1a: Samurott|Samurott-Hisui, M, shiny|100\/100\n|-damage|p1a: Samurott|88\/100|[from] Stealth Rock\n|move|p2a: Hot Chunk|Earth Power|p1a: Samurott\n|-damage|p1a: Samurott|53\/100\n|-unboost|p1a: Samurott|spd|1\n|\n|upkeep\n|turn|4\n|\n|t:|1699997387\n|move|p1a: Samurott|Aqua Cutter|p2a: Hot Chunk\n|-supereffective|p2a: Hot Chunk\n|-damage|p2a: Hot Chunk|8\/100\n|-enditem|p2a: Hot Chunk|Air Balloon\n|move|p2a: Hot Chunk|Earth Power|p1a: Samurott\n|-damage|p1a: Samurott|5\/100\n|\n|upkeep\n|turn|5\n|\n|t:|1699997399\n|switch|p2a: Amanita Phalloides|Amoonguss, M, shiny|100\/100\n|-activate|p2a: Amanita Phalloides|move: Sticky Web\n|-unboost|p2a: Amanita Phalloides|spe|1\n|-damage|p2a: Amanita Phalloides|88\/100|[from] Stealth Rock\n|move|p1a: Samurott|Ceaseless Edge|p2a: Amanita Phalloides\n|-damage|p2a: Amanita Phalloides|41\/100\n|-sidestart|p2: IsaiahZX7|Spikes\n|-enditem|p2a: Amanita Phalloides|Red Card|[of] p1a: Samurott\n|drag|p1a: Ogerpon|Ogerpon-Cornerstone, F|100\/100\n|-damage|p1a: Ogerpon|88\/100|[from] Stealth Rock\n|\n|upkeep\n|turn|6\n|\n|t:|1699997420\n|switch|p2a: Hot Chunk|Heatran, M, shiny|8\/100\n|-activate|p2a: Hot Chunk|move: Sticky Web\n|-unboost|p2a: Hot Chunk|spe|1\n|-damage|p2a: Hot Chunk|0 fnt|[from] Stealth Rock\n|faint|p2a: Hot Chunk\n|move|p1a: Ogerpon|Swords Dance|p1a: Ogerpon\n|-boost|p1a: Ogerpon|atk|2\n|\n|upkeep\n|\n|t:|1699997427\n|switch|p2a: Jonathan Crane|Dragapult, M|100\/100\n|turn|7\n|\n|t:|1699997437\n|-terastallize|p1a: Ogerpon|Rock\n|detailschange|p1a: Ogerpon|Ogerpon-Cornerstone-Tera, F, tera:Rock\n|-ability|p1a: Ogerpon|Embody Aspect (Cornerstone)|boost\n|-boost|p1a: Ogerpon|def|1\n|move|p2a: Jonathan Crane|Thunder Wave|p1a: Ogerpon\n|-status|p1a: Ogerpon|par\n|cant|p1a: Ogerpon|par\n|\n|upkeep\n|turn|8\n|\n|t:|1699997444\n|move|p2a: Jonathan Crane|Hex|p1a: Ogerpon\n|-damage|p1a: Ogerpon|27\/100 par\n|move|p1a: Ogerpon|Knock Off|p2a: Jonathan Crane\n|-supereffective|p2a: Jonathan Crane\n|-damage|p2a: Jonathan Crane|0 fnt\n|-enditem|p2a: Jonathan Crane|Heavy-Duty Boots|[from] move: Knock Off|[of] p1a: Ogerpon\n|faint|p2a: Jonathan Crane\n|\n|upkeep\n|\n|t:|1699997450\n|switch|p2a: Lovetolos|Enamorus, F|100\/100\n|turn|9\n|\n|t:|1699997455\n|move|p2a: Lovetolos|Moonblast|p1a: Ogerpon\n|-damage|p1a: Ogerpon|0 fnt\n|faint|p1a: Ogerpon\n|\n|upkeep\n|\n|t:|1699997460\n|switch|p1a: Glimmora|Glimmora, M|100\/100\n|-damage|p1a: Glimmora|88\/100|[from] Stealth Rock\n|turn|10\n|\n|t:|1699997463\n|move|p2a: Lovetolos|Earth Power|p1a: Glimmora\n|-supereffective|p1a: Glimmora\n|-damage|p1a: Glimmora|0 fnt\n|faint|p1a: Glimmora\n|\n|upkeep\n|\n|t:|1699997467\n|switch|p1a: Samurott|Samurott-Hisui, M, shiny|5\/100\n|-damage|p1a: Samurott|0 fnt|[from] Stealth Rock\n|faint|p1a: Samurott\n|\n|t:|1699997476\n|switch|p1a: Gholdengo|Gholdengo|100\/100\n|-damage|p1a: Gholdengo|94\/100|[from] Stealth Rock\n|turn|11\n|\n|t:|1699997479\n|-terastallize|p2a: Lovetolos|Steel\n|move|p2a: Lovetolos|Calm Mind|p2a: Lovetolos\n|-boost|p2a: Lovetolos|spa|1\n|-boost|p2a: Lovetolos|spd|1\n|move|p1a: Gholdengo|Thunder Wave|p2a: Lovetolos\n|-status|p2a: Lovetolos|par\n|\n|upkeep\n|turn|12\n|\n|t:|1699997486\n|switch|p1a: Zamazenta|Zamazenta|100\/100\n|-damage|p1a: Zamazenta|94\/100|[from] Stealth Rock\n|-ability|p1a: Zamazenta|Dauntless Shield|boost\n|-boost|p1a: Zamazenta|def|1\n|move|p2a: Lovetolos|Earth Power|p1a: Zamazenta\n|-damage|p1a: Zamazenta|75\/100\n|\n|upkeep\n|turn|13\n|\n|t:|1699997492\n|move|p1a: Zamazenta|Body Press|p2a: Lovetolos\n|-supereffective|p2a: Lovetolos\n|-damage|p2a: Lovetolos|0 fnt\n|faint|p2a: Lovetolos\n|\n|upkeep\n|\n|t:|1699997495\n|switch|p2a: Dumbo|Great Tusk, shiny|100\/100\n|-activate|p2a: Dumbo|move: Sticky Web\n|-unboost|p2a: Dumbo|spe|1\n|-damage|p2a: Dumbo|98\/100|[from] Stealth Rock\n|-damage|p2a: Dumbo|85\/100|[from] Spikes\n|turn|14\n|\n|t:|1699997499\n|move|p1a: Zamazenta|Body Slam|p2a: Dumbo\n|-damage|p2a: Dumbo|67\/100\n|move|p2a: Dumbo|Rapid Spin|p1a: Zamazenta\n|-damage|p1a: Zamazenta|64\/100\n|-boost|p2a: Dumbo|spe|1\n|-sideend|p2: IsaiahZX7|Spikes|[from] move: Rapid Spin|[of] p2a: Dumbo\n|-sideend|p2: IsaiahZX7|Stealth Rock|[from] move: Rapid Spin|[of] p2a: Dumbo\n|-sideend|p2: IsaiahZX7|Sticky Web|[from] move: Rapid Spin|[of] p2a: Dumbo\n|\n|-heal|p2a: Dumbo|73\/100|[from] item: Leftovers\n|upkeep\n|turn|15\n|\n|t:|1699997504\n|move|p1a: Zamazenta|Body Slam|p2a: Dumbo\n|-damage|p2a: Dumbo|58\/100\n|move|p2a: Dumbo|Rapid Spin|p1a: Zamazenta\n|-damage|p1a: Zamazenta|54\/100\n|-boost|p2a: Dumbo|spe|1\n|\n|-heal|p2a: Dumbo|64\/100|[from] item: Leftovers\n|upkeep\n|turn|16\n|\n|t:|1699997507\n|move|p2a: Dumbo|Earthquake|p1a: Zamazenta\n|-damage|p1a: Zamazenta|22\/100\n|move|p1a: Zamazenta|Body Slam|p2a: Dumbo\n|-damage|p2a: Dumbo|48\/100\n|\n|-heal|p2a: Dumbo|54\/100|[from] item: Leftovers\n|upkeep\n|turn|17\n|\n|t:|1699997510\n|move|p2a: Dumbo|Earthquake|p1a: Zamazenta\n|-damage|p1a: Zamazenta|0 fnt\n|faint|p1a: Zamazenta\n|\n|-heal|p2a: Dumbo|60\/100|[from] item: Leftovers\n|upkeep\n|\n|t:|1699997512\n|switch|p1a: Gholdengo|Gholdengo|94\/100\n|-damage|p1a: Gholdengo|88\/100|[from] Stealth Rock\n|turn|18\n|\n|t:|1699997516\n|move|p2a: Dumbo|Earthquake|p1a: Gholdengo\n|-supereffective|p1a: Gholdengo\n|-damage|p1a: Gholdengo|0 fnt\n|faint|p1a: Gholdengo\n|\n|win|IsaiahZX7\n|raw|pokemansaregarbage's rating: 1121 &rarr; <strong>1103<\/strong><br \/>(-18 for losing)\n|raw|IsaiahZX7's rating: 1224 &rarr; <strong>1242<\/strong><br \/>(+18 for winning)\n|l|\u2606pokemansaregarbage\n","uploadtime":1699997522,"views":7,"p1id":"pokemansaregarbage","p2id":"isaiahzx7","formatid":"gen9ou","rating":1103,"private":0,"password":""}