{"id":"gen9ou-1996224861","p1":"joe1808","p2":"tenk ju ju es ej","format":"[Gen 9] OU","log":"|j|\u2606joe1808\n|j|\u2606tenk ju ju es ej\n|t:|1700661234\n|gametype|singles\n|player|p1|joe1808|n|1239\n|player|p2|tenk ju ju es ej|giovanni|1185\n|teamsize|p1|6\n|teamsize|p2|6\n|gen|9\n|tier|[Gen 9] OU\n|rated|\n|rule|Sleep Clause Mod: Limit one foe put to sleep\n|rule|Species Clause: Limit one of each Pok\u00e9mon\n|rule|OHKO Clause: OHKO moves are banned\n|rule|Evasion Items Clause: Evasion items are banned\n|rule|Evasion Moves Clause: Evasion moves are banned\n|rule|Endless Battle Clause: Forcing endless battles is banned\n|rule|HP Percentage Mod: HP is shown in percentages\n|clearpoke\n|poke|p1|Torterra, M|\n|poke|p1|Glimmora, F|\n|poke|p1|Kingambit, M|\n|poke|p1|Walking Wake|\n|poke|p1|Dragonite, F|\n|poke|p1|Iron Moth|\n|poke|p2|Landorus-Therian, M|\n|poke|p2|Sinistcha-Masterpiece|\n|poke|p2|Samurott-Hisui, M|\n|poke|p2|Great Tusk|\n|poke|p2|Cinderace, M|\n|poke|p2|Goodra-Hisui, M|\n|teampreview\n|inactive|Battle timer is ON: inactive players will automatically lose when time's up. (requested by joe1808)\n|\n|t:|1700661242\n|start\n|switch|p1a: Morita|Glimmora, F|100\/100\n|switch|p2a: Samurott|Samurott-Hisui, M|100\/100\n|turn|1\n|\n|t:|1700661256\n|move|p1a: Morita|Energy Ball|p2a: Samurott\n|-supereffective|p2a: Samurott\n|-damage|p2a: Samurott|8\/100\n|move|p2a: Samurott|Razor Shell|p1a: Morita\n|-supereffective|p1a: Morita\n|-enditem|p1a: Morita|Focus Sash\n|-damage|p1a: Morita|1\/100\n|-activate|p1a: Morita|ability: Toxic Debris\n|-sidestart|p2: tenk ju ju es ej|move: Toxic Spikes\n|\n|upkeep\n|turn|2\n|\n|t:|1700661265\n|move|p2a: Samurott|Aqua Jet|p1a: Morita\n|-supereffective|p1a: Morita\n|-damage|p1a: Morita|0 fnt\n|-activate|p1a: Morita|ability: Toxic Debris\n|-sidestart|p2: tenk ju ju es ej|move: Toxic Spikes\n|faint|p1a: Morita\n|\n|upkeep\n|\n|t:|1700661269\n|switch|p1a: Bolin|Torterra, M|100\/100\n|turn|3\n|\n|t:|1700661282\n|move|p2a: Samurott|Ceaseless Edge|p1a: Bolin\n|-damage|p1a: Bolin|59\/100\n|-sidestart|p1: joe1808|Spikes\n|move|p1a: Bolin|Shell Smash|p1a: Bolin\n|-unboost|p1a: Bolin|def|1\n|-unboost|p1a: Bolin|spd|1\n|-boost|p1a: Bolin|atk|2\n|-boost|p1a: Bolin|spa|2\n|-boost|p1a: Bolin|spe|2\n|\n|upkeep\n|turn|4\n|\n|t:|1700661288\n|move|p2a: Samurott|Aqua Jet|p1a: Bolin\n|-damage|p1a: Bolin|27\/100\n|move|p1a: Bolin|Bullet Seed|p2a: Samurott\n|-supereffective|p2a: Samurott\n|-damage|p2a: Samurott|0 fnt\n|faint|p2a: Samurott\n|-hitcount|p2: Samurott|1\n|\n|upkeep\n|\n|t:|1700661297\n|switch|p2a: Cinderace|Cinderace, M|100\/100\n|turn|5\n|\n|t:|1700661302\n|-terastallize|p2a: Cinderace|Flying\n|move|p1a: Bolin|Headlong Rush|p2a: Cinderace\n|-immune|p2a: Cinderace\n|move|p2a: Cinderace|Court Change|p2a: Cinderace\n|-swapsideconditions\n|-activate|p2a: Cinderace|move: Court Change\n|\n|upkeep\n|turn|6\n|\n|t:|1700661310\n|move|p1a: Bolin|Rock Blast|p2a: Cinderace|[miss]\n|-miss|p1a: Bolin|p2a: Cinderace\n|move|p2a: Cinderace|Court Change|p2a: Cinderace\n|-swapsideconditions\n|-activate|p2a: Cinderace|move: Court Change\n|\n|upkeep\n|turn|7\n|\n|t:|1700661313\n|move|p1a: Bolin|Rock Blast|p2a: Cinderace\n|-supereffective|p2a: Cinderace\n|-damage|p2a: Cinderace|63\/100\n|-supereffective|p2a: Cinderace\n|-damage|p2a: Cinderace|19\/100\n|-supereffective|p2a: Cinderace\n|-damage|p2a: Cinderace|0 fnt\n|faint|p2a: Cinderace\n|-hitcount|p2: Cinderace|3\n|\n|upkeep\n|\n|t:|1700661324\n|switch|p2a: Great Tusk|Great Tusk|100\/100\n|-status|p2a: Great Tusk|tox\n|-enditem|p2a: Great Tusk|Booster Energy\n|-activate|p2a: Great Tusk|ability: Protosynthesis|[fromitem]\n|-start|p2a: Great Tusk|protosynthesisspe\n|turn|8\n|c|\u2606tenk ju ju es ej|i fucked uo and clicked court change twice ffs\n|\n|t:|1700661341\n|move|p2a: Great Tusk|Ice Spinner|p1a: Bolin\n|-supereffective|p1a: Bolin\n|-damage|p1a: Bolin|0 fnt\n|faint|p1a: Bolin\n|\n|-damage|p2a: Great Tusk|94\/100 tox|[from] psn\n|upkeep\n|\n|t:|1700661357\n|switch|p1a: Terrence|Walking Wake|100\/100\n|-damage|p1a: Terrence|88\/100|[from] Spikes\n|-enditem|p1a: Terrence|Booster Energy\n|-activate|p1a: Terrence|ability: Protosynthesis|[fromitem]\n|-start|p1a: Terrence|protosynthesisspa\n|turn|9\n|\n|t:|1700661363\n|move|p2a: Great Tusk|Rapid Spin|p1a: Terrence\n|-damage|p1a: Terrence|71\/100\n|-boost|p2a: Great Tusk|spe|1\n|-sideend|p2: tenk ju ju es ej|Toxic Spikes|[from] move: Rapid Spin|[of] p2a: Great Tusk\n|move|p1a: Terrence|Agility|p1a: Terrence\n|-boost|p1a: Terrence|spe|2\n|\n|-damage|p2a: Great Tusk|82\/100 tox|[from] psn\n|upkeep\n|turn|10\n|\n|t:|1700661370\n|move|p2a: Great Tusk|Headlong Rush|p1a: Terrence\n|-damage|p1a: Terrence|13\/100\n|-unboost|p2a: Great Tusk|def|1\n|-unboost|p2a: Great Tusk|spd|1\n|move|p1a: Terrence|Surf|p2a: Great Tusk\n|-supereffective|p2a: Great Tusk\n|-damage|p2a: Great Tusk|0 fnt\n|faint|p2a: Great Tusk\n|-end|p2a: Great Tusk|Protosynthesis|[silent]\n|\n|upkeep\n|\n|t:|1700661375\n|switch|p2a: Goodra|Goodra-Hisui, M|100\/100\n|turn|11\n|\n|t:|1700661379\n|move|p1a: Terrence|Dragon Pulse|p2a: Goodra\n|-damage|p2a: Goodra|73\/100\n|move|p2a: Goodra|Draco Meteor|p1a: Terrence\n|-supereffective|p1a: Terrence\n|-damage|p1a: Terrence|0 fnt\n|-unboost|p2a: Goodra|spa|2\n|faint|p1a: Terrence\n|-end|p1a: Terrence|Protosynthesis|[silent]\n|\n|upkeep\n|\n|t:|1700661382\n|switch|p1a: Sparky|Iron Moth|100\/100\n|-damage|p1a: Sparky|88\/100|[from] Spikes\n|-enditem|p1a: Sparky|Booster Energy\n|-activate|p1a: Sparky|ability: Quark Drive|[fromitem]\n|-start|p1a: Sparky|quarkdrivespe\n|turn|12\n|\n|t:|1700661393\n|switch|p2a: mr. Matcha Gotcha|Sinistcha-Masterpiece|100\/100\n|move|p1a: Sparky|Fiery Dance|p2a: mr. Matcha Gotcha\n|-supereffective|p2a: mr. Matcha Gotcha\n|-damage|p2a: mr. Matcha Gotcha|49\/100\n|-boost|p1a: Sparky|spa|1\n|\n|upkeep\n|turn|13\n|\n|t:|1700661400\n|move|p1a: Sparky|Fiery Dance|p2a: mr. Matcha Gotcha\n|-supereffective|p2a: mr. Matcha Gotcha\n|-damage|p2a: mr. Matcha Gotcha|0 fnt\n|-boost|p1a: Sparky|spa|1\n|faint|p2a: mr. Matcha Gotcha\n|\n|upkeep\n|\n|t:|1700661403\n|switch|p2a: Goodra|Goodra-Hisui, M|73\/100\n|turn|14\n|\n|t:|1700661408\n|move|p1a: Sparky|Fiery Dance|p2a: Goodra\n|-damage|p2a: Goodra|34\/100\n|-boost|p1a: Sparky|spa|1\n|move|p2a: Goodra|Draco Meteor|p1a: Sparky\n|-damage|p1a: Sparky|16\/100\n|-unboost|p2a: Goodra|spa|2\n|\n|upkeep\n|turn|15\n|-message|tenk ju ju es ej forfeited.\n|\n|win|joe1808\n|raw|joe1808's rating: 1239 &rarr; <strong>1260<\/strong><br \/>(+21 for winning)\n|raw|tenk ju ju es ej's rating: 1185 &rarr; <strong>1164<\/strong><br \/>(-21 for losing)\n","uploadtime":1700661339,"views":0,"p1id":"joe1808","p2id":"tenkjujuesej","formatid":"gen9ou","rating":1164,"private":0,"password":""}