{"id":"gen9ou-1989312842","p1":"truax571","p2":"Jangod67","format":"[Gen 9] OU","log":"|j|\u2606truax571\n|j|\u2606Jangod67\n|t:|1699835119\n|gametype|singles\n|player|p1|truax571|ghetsis-gen5bw|\n|player|p2|Jangod67|266|\n|teamsize|p1|6\n|teamsize|p2|6\n|gen|9\n|tier|[Gen 9] OU\n|rule|Sleep Clause Mod: Limit one foe put to sleep\n|rule|Species Clause: Limit one of each Pok\u00e9mon\n|rule|OHKO Clause: OHKO moves are banned\n|rule|Evasion Items Clause: Evasion items are banned\n|rule|Evasion Moves Clause: Evasion moves are banned\n|rule|Endless Battle Clause: Forcing endless battles is banned\n|rule|HP Percentage Mod: HP is shown in percentages\n|clearpoke\n|poke|p1|Diancie|\n|poke|p1|Brute Bonnet|\n|poke|p1|Weezing-Galar, F|\n|poke|p1|Jolteon, M|\n|poke|p1|Ceruledge, M|\n|poke|p1|Clodsire, M|\n|poke|p2|Torterra, M|\n|poke|p2|Crawdaunt, F|\n|poke|p2|Glimmora, F|\n|poke|p2|Milotic, M|\n|poke|p2|Ditto|\n|poke|p2|Lokix, M|\n|teampreview\n|j| Azzels\n|j| jallen25\n|\n|t:|1699835145\n|start\n|switch|p1a: Weezing|Weezing-Galar, F, shiny|100\/100\n|switch|p2a: Glimmora|Glimmora, F|100\/100\n|turn|1\n|\n|t:|1699835154\n|move|p2a: Glimmora|Mortal Spin|p1a: Weezing\n|-damage|p1a: Weezing|95\/100\n|-status|p1a: Weezing|psn\n|move|p1a: Weezing|Will-O-Wisp|p2a: Glimmora|[miss]\n|-miss|p1a: Weezing|p2a: Glimmora\n|\n|-heal|p1a: Weezing|100\/100 psn|[from] item: Leftovers\n|-damage|p1a: Weezing|88\/100 psn|[from] psn\n|upkeep\n|turn|2\n|\n|t:|1699835166\n|move|p2a: Glimmora|Stealth Rock|p1a: Weezing\n|-sidestart|p1: truax571|move: Stealth Rock\n|move|p1a: Weezing|Will-O-Wisp|p2a: Glimmora|[miss]\n|-miss|p1a: Weezing|p2a: Glimmora\n|\n|-heal|p1a: Weezing|94\/100 psn|[from] item: Leftovers\n|-damage|p1a: Weezing|82\/100 psn|[from] psn\n|upkeep\n|turn|3\n|\n|t:|1699835177\n|move|p2a: Glimmora|Spiky Shield|p2a: Glimmora\n|-singleturn|p2a: Glimmora|move: Protect\n|move|p1a: Weezing|Will-O-Wisp|p2a: Glimmora\n|-activate|p2a: Glimmora|move: Protect\n|\n|-heal|p1a: Weezing|88\/100 psn|[from] item: Leftovers\n|-damage|p1a: Weezing|76\/100 psn|[from] psn\n|upkeep\n|turn|4\n|\n|t:|1699835188\n|move|p2a: Glimmora|Spikes|p1a: Weezing\n|-sidestart|p1: truax571|Spikes\n|move|p1a: Weezing|Will-O-Wisp|p2a: Glimmora\n|-status|p2a: Glimmora|brn\n|\n|-heal|p1a: Weezing|82\/100 psn|[from] item: Leftovers\n|-damage|p1a: Weezing|70\/100 psn|[from] psn\n|-damage|p2a: Glimmora|94\/100 brn|[from] brn\n|upkeep\n|turn|5\n|\n|t:|1699835197\n|move|p2a: Glimmora|Spikes|p1a: Weezing\n|-sidestart|p1: truax571|Spikes\n|move|p1a: Weezing|Defog|p2a: Glimmora\n|-unboost|p2a: Glimmora|evasion|1\n|-sideend|p1: truax571|Spikes|[from] move: Defog|[of] p1a: Weezing\n|-sideend|p1: truax571|Stealth Rock|[from] move: Defog|[of] p1a: Weezing\n|\n|-heal|p2a: Glimmora|100\/100 brn|[from] item: Leftovers\n|-heal|p1a: Weezing|75\/100 psn|[from] item: Leftovers\n|-damage|p1a: Weezing|63\/100 psn|[from] psn\n|-damage|p2a: Glimmora|94\/100 brn|[from] brn\n|upkeep\n|turn|6\n|\n|t:|1699835210\n|switch|p1a: Clodsire|Clodsire, M|100\/100\n|move|p2a: Glimmora|Stealth Rock|p1a: Clodsire\n|-sidestart|p1: truax571|move: Stealth Rock\n|\n|-heal|p2a: Glimmora|100\/100 brn|[from] item: Leftovers\n|-damage|p2a: Glimmora|94\/100 brn|[from] brn\n|upkeep\n|turn|7\n|\n|t:|1699835222\n|move|p2a: Glimmora|Mortal Spin|p1a: Clodsire\n|-resisted|p1a: Clodsire\n|-damage|p1a: Clodsire|99\/100\n|-status|p1a: Clodsire|psn\n|move|p1a: Clodsire|Body Press|p2a: Glimmora\n|-damage|p2a: Glimmora|82\/100 brn\n|\n|-heal|p2a: Glimmora|88\/100 brn|[from] item: Leftovers\n|-heal|p1a: Clodsire|100\/100 psn|[from] item: Leftovers\n|-damage|p1a: Clodsire|88\/100 psn|[from] psn\n|-damage|p2a: Glimmora|82\/100 brn|[from] brn\n|upkeep\n|turn|8\n|\n|t:|1699835234\n|move|p2a: Glimmora|Spikes|p1a: Clodsire\n|-sidestart|p1: truax571|Spikes\n|move|p1a: Clodsire|Earthquake|p2a: Glimmora\n|-supereffective|p2a: Glimmora\n|-damage|p2a: Glimmora|0 fnt\n|faint|p2a: Glimmora\n|\n|-heal|p1a: Clodsire|94\/100 psn|[from] item: Leftovers\n|-damage|p1a: Clodsire|82\/100 psn|[from] psn\n|upkeep\n|j| Lageon\n|\n|t:|1699835302\n|switch|p2a: Lokix|Lokix, M|100\/100\n|turn|9\n|\n|t:|1699835316\n|move|p2a: Lokix|U-turn|p1a: Clodsire\n|-resisted|p1a: Clodsire\n|-damage|p1a: Clodsire|23\/100 psn\n|-status|p2a: Lokix|psn|[from] ability: Poison Point|[of] p1a: Clodsire\n|\n|t:|1699835323\n|switch|p2a: Milotic|Milotic, M, shiny|100\/100|[from] U-turn\n|move|p1a: Clodsire|Megahorn|p2a: Milotic|[miss]\n|-miss|p1a: Clodsire|p2a: Milotic\n|\n|-heal|p1a: Clodsire|29\/100 psn|[from] item: Leftovers\n|-damage|p1a: Clodsire|17\/100 psn|[from] psn\n|upkeep\n|turn|10\n|\n|t:|1699835334\n|move|p2a: Milotic|Light Screen|p2a: Milotic\n|-sidestart|p2: Jangod67|move: Light Screen\n|move|p1a: Clodsire|Recover|p1a: Clodsire\n|-heal|p1a: Clodsire|67\/100 psn\n|\n|-heal|p1a: Clodsire|73\/100 psn|[from] item: Leftovers\n|-damage|p1a: Clodsire|61\/100 psn|[from] psn\n|upkeep\n|turn|11\n|\n|t:|1699835356\n|move|p2a: Milotic|Protect|p2a: Milotic\n|-singleturn|p2a: Milotic|Protect\n|move|p1a: Clodsire|Body Press|p2a: Milotic\n|-activate|p2a: Milotic|move: Protect\n|\n|-heal|p1a: Clodsire|67\/100 psn|[from] item: Leftovers\n|-damage|p1a: Clodsire|54\/100 psn|[from] psn\n|upkeep\n|turn|12\n|\n|t:|1699835403\n|switch|p2a: Lokix|Lokix, M|100\/100 psn\n|move|p1a: Clodsire|Recover|p1a: Clodsire\n|-heal|p1a: Clodsire|100\/100 psn\n|\n|-damage|p2a: Lokix|88\/100 psn|[from] psn\n|-damage|p1a: Clodsire|88\/100 psn|[from] psn\n|upkeep\n|turn|13\n|\n|t:|1699835420\n|move|p2a: Lokix|U-turn|p1a: Clodsire\n|-resisted|p1a: Clodsire\n|-damage|p1a: Clodsire|34\/100 psn\n|\n|t:|1699835426\n|switch|p2a: Milotic|Milotic, M, shiny|100\/100|[from] U-turn\n|move|p1a: Clodsire|Megahorn|p2a: Milotic\n|-damage|p2a: Milotic|76\/100\n|\n|-heal|p2a: Milotic|82\/100|[from] item: Leftovers\n|-heal|p1a: Clodsire|40\/100 psn|[from] item: Leftovers\n|-damage|p1a: Clodsire|27\/100 psn|[from] psn\n|upkeep\n|turn|14\n|\n|t:|1699835439\n|switch|p2a: Lokix|Lokix, M|88\/100 psn\n|move|p1a: Clodsire|Recover|p1a: Clodsire\n|-heal|p1a: Clodsire|77\/100 psn\n|\n|-heal|p1a: Clodsire|84\/100 psn|[from] item: Leftovers\n|-damage|p2a: Lokix|76\/100 psn|[from] psn\n|-damage|p1a: Clodsire|71\/100 psn|[from] psn\n|-sideend|p2: Jangod67|move: Light Screen\n|upkeep\n|turn|15\n|\n|t:|1699835449\n|switch|p1a: Weezing|Weezing-Galar, F, shiny|63\/100 psn\n|-damage|p1a: Weezing|51\/100 psn|[from] Stealth Rock\n|move|p2a: Lokix|U-turn|p1a: Weezing\n|-resisted|p1a: Weezing\n|-damage|p1a: Weezing|27\/100 psn\n|\n|t:|1699835455\n|switch|p2a: Torterra|Torterra, M|100\/100|[from] U-turn\n|\n|-heal|p1a: Weezing|33\/100 psn|[from] item: Leftovers\n|-damage|p1a: Weezing|21\/100 psn|[from] psn\n|upkeep\n|turn|16\n|\n|t:|1699835470\n|-terastallize|p2a: Torterra|Steel\n|move|p2a: Torterra|Iron Head|p1a: Weezing\n|-supereffective|p1a: Weezing\n|-damage|p1a: Weezing|0 fnt\n|faint|p1a: Weezing\n|\n|upkeep\n|\n|t:|1699835496\n|switch|p1a: Jolteon|Jolteon, M, shiny|100\/100\n|-damage|p1a: Jolteon|88\/100|[from] Stealth Rock\n|-damage|p1a: Jolteon|76\/100|[from] Spikes\n|turn|17\n|\n|t:|1699835518\n|move|p1a: Jolteon|Volt Switch|p2a: Torterra\n|-damage|p2a: Torterra|59\/100\n|\n|t:|1699835524\n|switch|p1a: Brute Bonnet|Brute Bonnet, shiny|100\/100|[from] Volt Switch\n|-damage|p1a: Brute Bonnet|88\/100|[from] Stealth Rock\n|-damage|p1a: Brute Bonnet|76\/100|[from] Spikes\n|-enditem|p1a: Brute Bonnet|Booster Energy\n|-activate|p1a: Brute Bonnet|ability: Protosynthesis|[fromitem]\n|-start|p1a: Brute Bonnet|protosynthesisatk\n|move|p2a: Torterra|Headlong Rush|p1a: Brute Bonnet\n|-resisted|p1a: Brute Bonnet\n|-damage|p1a: Brute Bonnet|48\/100\n|-unboost|p2a: Torterra|def|1\n|-unboost|p2a: Torterra|spd|1\n|\n|upkeep\n|turn|18\n|\n|t:|1699835548\n|switch|p2a: Lokix|Lokix, M|76\/100 psn\n|-terastallize|p1a: Brute Bonnet|Fighting\n|move|p1a: Brute Bonnet|Close Combat|p2a: Lokix\n|-damage|p2a: Lokix|0 fnt\n|-unboost|p1a: Brute Bonnet|def|1\n|-unboost|p1a: Brute Bonnet|spd|1\n|faint|p2a: Lokix\n|\n|upkeep\n|\n|t:|1699835602\n|switch|p2a: Ditto|Ditto, shiny|100\/100\n|-transform|p2a: Ditto|p1a: Brute Bonnet|[from] ability: Imposter\n|-start|p2a: Ditto|typechange|Grass\/Dark|[silent]\n|turn|19\n|\n|t:|1699835615\n|move|p2a: Ditto|Close Combat|p1a: Brute Bonnet\n|-damage|p1a: Brute Bonnet|0 fnt\n|-unboost|p2a: Ditto|def|1\n|-unboost|p2a: Ditto|spd|1\n|faint|p1a: Brute Bonnet\n|-end|p1a: Brute Bonnet|Protosynthesis|[silent]\n|\n|upkeep\n|\n|t:|1699835633\n|switch|p1a: Jolteon|Jolteon, M, shiny|76\/100\n|-damage|p1a: Jolteon|64\/100|[from] Stealth Rock\n|-damage|p1a: Jolteon|52\/100|[from] Spikes\n|turn|20\n|\n|t:|1699835647\n|move|p1a: Jolteon|Volt Switch|p2a: Ditto\n|-resisted|p2a: Ditto\n|-crit|p2a: Ditto\n|-damage|p2a: Ditto|43\/100\n|\n|t:|1699835651\n|switch|p1a: Clodsire|Clodsire, M|71\/100 psn|[from] Volt Switch\n|-damage|p1a: Clodsire|65\/100 psn|[from] Stealth Rock\n|-damage|p1a: Clodsire|52\/100 psn|[from] Spikes\n|move|p2a: Ditto|Close Combat|p1a: Clodsire\n|-resisted|p1a: Clodsire\n|-damage|p1a: Clodsire|29\/100 psn\n|-unboost|p2a: Ditto|def|1\n|-unboost|p2a: Ditto|spd|1\n|\n|-heal|p1a: Clodsire|35\/100 psn|[from] item: Leftovers\n|-damage|p1a: Clodsire|22\/100 psn|[from] psn\n|upkeep\n|turn|21\n|\n|t:|1699835666\n|move|p2a: Ditto|Close Combat|p1a: Clodsire\n|-resisted|p1a: Clodsire\n|-damage|p1a: Clodsire|0 fnt\n|-unboost|p2a: Ditto|def|1\n|-unboost|p2a: Ditto|spd|1\n|-status|p2a: Ditto|psn|[from] ability: Poison Point|[of] p1a: Clodsire\n|faint|p1a: Clodsire\n|\n|-damage|p2a: Ditto|31\/100 psn|[from] psn\n|upkeep\n|\n|t:|1699835677\n|switch|p1a: Jolteon|Jolteon, M, shiny|52\/100\n|-damage|p1a: Jolteon|40\/100|[from] Stealth Rock\n|-damage|p1a: Jolteon|27\/100|[from] Spikes\n|turn|22\n|\n|t:|1699835694\n|-end|p2a: Ditto|Protosynthesis|[silent]\n|switch|p2a: Torterra|Torterra, M, tera:Steel|59\/100\n|move|p1a: Jolteon|Volt Switch|p2a: Torterra\n|-damage|p2a: Torterra|22\/100\n|\n|t:|1699835703\n|switch|p1a: Ceruledge|Ceruledge, M|100\/100|[from] Volt Switch\n|-damage|p1a: Ceruledge|76\/100|[from] Stealth Rock\n|-damage|p1a: Ceruledge|63\/100|[from] Spikes\n|\n|upkeep\n|turn|23\n|\n|t:|1699835713\n|switch|p2a: Milotic|Milotic, M, shiny|82\/100\n|move|p1a: Ceruledge|Bitter Blade|p2a: Milotic\n|-resisted|p2a: Milotic\n|-damage|p2a: Milotic|57\/100\n|-heal|p1a: Ceruledge|81\/100|[from] drain|[of] p2a: Milotic\n|\n|-heal|p2a: Milotic|63\/100|[from] item: Leftovers\n|upkeep\n|turn|24\n|\n|t:|1699835725\n|switch|p1a: Jolteon|Jolteon, M, shiny|27\/100\n|-damage|p1a: Jolteon|15\/100|[from] Stealth Rock\n|-damage|p1a: Jolteon|3\/100|[from] Spikes\n|move|p2a: Milotic|Flip Turn|p1a: Jolteon\n|-damage|p1a: Jolteon|0 fnt\n|faint|p1a: Jolteon\n|\n|t:|1699835737\n|switch|p2a: Crawdaunt|Crawdaunt, F, shiny|100\/100|[from] Flip Turn\n|\n|upkeep\n|\n|t:|1699835741\n|switch|p1a: Diancie|Diancie, shiny|100\/100\n|-damage|p1a: Diancie|88\/100|[from] Stealth Rock\n|-damage|p1a: Diancie|76\/100|[from] Spikes\n|turn|25\n|\n|t:|1699835748\n|move|p2a: Crawdaunt|Swords Dance|p2a: Crawdaunt\n|-boost|p2a: Crawdaunt|atk|2\n|move|p1a: Diancie|Trick Room|p1a: Diancie\n|-fieldstart|move: Trick Room|[of] p1a: Diancie\n|\n|-heal|p1a: Diancie|82\/100|[from] item: Leftovers\n|upkeep\n|turn|26\n|\n|t:|1699835756\n|move|p2a: Crawdaunt|Aqua Jet|p1a: Diancie\n|-supereffective|p1a: Diancie\n|-damage|p1a: Diancie|0 fnt\n|faint|p1a: Diancie\n|-damage|p2a: Crawdaunt|90\/100|[from] item: Life Orb\n|\n|upkeep\n|\n|t:|1699835762\n|switch|p1a: Ceruledge|Ceruledge, M|81\/100\n|-damage|p1a: Ceruledge|56\/100|[from] Stealth Rock\n|-damage|p1a: Ceruledge|44\/100|[from] Spikes\n|turn|27\n|\n|t:|1699835770\n|move|p2a: Crawdaunt|Aqua Jet|p1a: Ceruledge\n|-supereffective|p1a: Ceruledge\n|-damage|p1a: Ceruledge|0 fnt\n|faint|p1a: Ceruledge\n|-damage|p2a: Crawdaunt|80\/100|[from] item: Life Orb\n|\n|win|Jangod67\n|l| Lageon\n","uploadtime":1699835830,"views":9,"p1id":"truax571","p2id":"jangod67","formatid":"gen9ou","rating":0,"private":0,"password":""}