{"id":"gen9ou-1992347126","p1":"Quarters_OU","p2":"PacoSequeida","format":"[Gen 9] OU","log":"|j|\u2606Quarters_OU\n|j|\u2606PacoSequeida\n|t:|1700177170\n|gametype|singles\n|player|p1|Quarters_OU|caitlin|1312\n|player|p2|PacoSequeida|102|1385\n|teamsize|p1|6\n|teamsize|p2|6\n|gen|9\n|tier|[Gen 9] OU\n|rated|\n|rule|Sleep Clause Mod: Limit one foe put to sleep\n|rule|Species Clause: Limit one of each Pok\u00e9mon\n|rule|OHKO Clause: OHKO moves are banned\n|rule|Evasion Items Clause: Evasion items are banned\n|rule|Evasion Moves Clause: Evasion moves are banned\n|rule|Endless Battle Clause: Forcing endless battles is banned\n|rule|HP Percentage Mod: HP is shown in percentages\n|clearpoke\n|poke|p1|Sylveon, F|\n|poke|p1|Kingambit, M|\n|poke|p1|Dragapult, F|\n|poke|p1|Great Tusk|\n|poke|p1|Sneasler, M|\n|poke|p1|Zapdos|\n|poke|p2|Ogerpon-Wellspring, F|\n|poke|p2|Sinistcha-Masterpiece|\n|poke|p2|Kingambit, F|\n|poke|p2|Ninetales-Alola, F|\n|poke|p2|Heatran, M|\n|poke|p2|Rotom-Wash|\n|teampreview\n|\n|t:|1700177194\n|start\n|switch|p1a: Sneasler|Sneasler, M|100\/100\n|switch|p2a: Rotom|Rotom-Wash|100\/100\n|turn|1\n|\n|t:|1700177206\n|move|p1a: Sneasler|Dire Claw|p2a: Rotom\n|-damage|p2a: Rotom|52\/100\n|-status|p2a: Rotom|psn\n|move|p2a: Rotom|Trick|p1a: Sneasler\n|-activate|p2a: Rotom|move: Trick|[of] p1a: Sneasler\n|-item|p1a: Sneasler|Choice Scarf|[from] move: Trick\n|-item|p2a: Rotom|Choice Scarf|[from] move: Trick\n|\n|-damage|p2a: Rotom|40\/100 psn|[from] psn\n|upkeep\n|turn|2\n|\n|t:|1700177222\n|switch|p2a: Heatran|Heatran, M|100\/100\n|move|p1a: Sneasler|Close Combat|p2a: Heatran\n|-supereffective|p2a: Heatran\n|-damage|p2a: Heatran|9\/100\n|-unboost|p1a: Sneasler|def|1\n|-unboost|p1a: Sneasler|spd|1\n|-enditem|p2a: Heatran|Iapapa Berry|[eat]\n|-heal|p2a: Heatran|42\/100|[from] item: Iapapa Berry\n|\n|upkeep\n|turn|3\n|\n|t:|1700177242\n|switch|p1a: Dragapult|Dragapult, F|100\/100\n|switch|p2a: Sinistcha|Sinistcha-Masterpiece|100\/100\n|\n|upkeep\n|turn|4\n|\n|t:|1700177254\n|switch|p2a: Rotom|Rotom-Wash|40\/100 psn\n|move|p1a: Dragapult|Light Screen|p1a: Dragapult\n|-sidestart|p1: Quarters_OU|move: Light Screen\n|\n|-damage|p2a: Rotom|27\/100 psn|[from] psn\n|upkeep\n|turn|5\n|\n|t:|1700177263\n|move|p1a: Dragapult|Hex|p2a: Rotom\n|-damage|p2a: Rotom|0 fnt\n|faint|p2a: Rotom\n|\n|upkeep\n|\n|t:|1700177277\n|switch|p2a: Ninetales|Ninetales-Alola, F|100\/100\n|-weather|Snow|[from] ability: Snow Warning|[of] p2a: Ninetales\n|turn|6\n|\n|t:|1700177284\n|switch|p1a: Kingambit|Kingambit, M|100\/100\n|move|p2a: Ninetales|Aurora Veil|p2a: Ninetales\n|-sidestart|p2: PacoSequeida|move: Aurora Veil\n|\n|-weather|Snow|[upkeep]\n|upkeep\n|turn|7\n|\n|t:|1700177301\n|switch|p2a: Heatran|Heatran, M|42\/100\n|move|p1a: Kingambit|Kowtow Cleave|p2a: Heatran\n|-damage|p2a: Heatran|23\/100\n|\n|-weather|Snow|[upkeep]\n|upkeep\n|turn|8\n|\n|t:|1700177313\n|move|p2a: Heatran|Will-O-Wisp|p1a: Kingambit\n|-status|p1a: Kingambit|brn\n|move|p1a: Kingambit|Kowtow Cleave|p2a: Heatran\n|-damage|p2a: Heatran|13\/100\n|\n|-weather|Snow|[upkeep]\n|-damage|p1a: Kingambit|94\/100 brn|[from] brn\n|upkeep\n|turn|9\n|\n|t:|1700177337\n|move|p2a: Heatran|Magma Storm|p1a: Kingambit\n|-supereffective|p1a: Kingambit\n|-damage|p1a: Kingambit|54\/100 brn\n|-activate|p1a: Kingambit|move: Magma Storm|[of] p2a: Heatran\n|move|p1a: Kingambit|Swords Dance|p1a: Kingambit\n|-boost|p1a: Kingambit|atk|2\n|\n|-weather|Snow|[upkeep]\n|-damage|p1a: Kingambit|48\/100 brn|[from] brn\n|-damage|p1a: Kingambit|35\/100 brn|[from] move: Magma Storm|[partiallytrapped]\n|upkeep\n|turn|10\n|\n|t:|1700177350\n|move|p1a: Kingambit|Sucker Punch||[still]\n|-fail|p1a: Kingambit\n|move|p2a: Heatran|Stealth Rock|p1a: Kingambit\n|-sidestart|p1: Quarters_OU|move: Stealth Rock\n|\n|-weather|none\n|-damage|p1a: Kingambit|29\/100 brn|[from] brn\n|-damage|p1a: Kingambit|17\/100 brn|[from] move: Magma Storm|[partiallytrapped]\n|upkeep\n|turn|11\n|\n|t:|1700177365\n|move|p1a: Kingambit|Sucker Punch|p2a: Heatran\n|-damage|p2a: Heatran|0 fnt\n|faint|p2a: Heatran\n|\n|-damage|p1a: Kingambit|11\/100 brn|[from] brn\n|-end|p1a: Kingambit|Magma Storm|[partiallytrapped]|[silent]\n|-sideend|p1: Quarters_OU|move: Light Screen\n|upkeep\n|\n|t:|1700177383\n|switch|p2a: Ogerpon|Ogerpon-Wellspring, F|100\/100\n|turn|12\n|\n|t:|1700177389\n|move|p1a: Kingambit|Sucker Punch||[still]\n|-fail|p1a: Kingambit\n|move|p2a: Ogerpon|Swords Dance|p2a: Ogerpon\n|-boost|p2a: Ogerpon|atk|2\n|\n|-damage|p1a: Kingambit|4\/100 brn|[from] brn\n|upkeep\n|turn|13\n|\n|t:|1700177399\n|move|p1a: Kingambit|Sucker Punch||[still]\n|-fail|p1a: Kingambit\n|move|p2a: Ogerpon|Swords Dance|p2a: Ogerpon\n|-boost|p2a: Ogerpon|atk|2\n|\n|-damage|p1a: Kingambit|0 fnt|[from] brn\n|faint|p1a: Kingambit\n|-end|p1a: Kingambit|fallenundefined|[silent]\n|-sideend|p2: PacoSequeida|move: Aurora Veil\n|upkeep\n|\n|t:|1700177402\n|switch|p1a: Dragapult|Dragapult, F|100\/100\n|-damage|p1a: Dragapult|88\/100|[from] Stealth Rock\n|turn|14\n|\n|t:|1700177416\n|move|p1a: Dragapult|Will-O-Wisp|p2a: Ogerpon\n|-status|p2a: Ogerpon|brn\n|move|p2a: Ogerpon|Ivy Cudgel|p1a: Dragapult|[anim] Ivy Cudgel Water\n|-resisted|p1a: Dragapult\n|-damage|p1a: Dragapult|37\/100\n|\n|-damage|p2a: Ogerpon|95\/100 brn|[from] brn\n|upkeep\n|turn|15\n|\n|t:|1700177427\n|move|p1a: Dragapult|Reflect|p1a: Dragapult\n|-sidestart|p1: Quarters_OU|Reflect\n|move|p2a: Ogerpon|Swords Dance|p2a: Ogerpon\n|-boost|p2a: Ogerpon|atk|2\n|\n|-damage|p2a: Ogerpon|89\/100 brn|[from] brn\n|upkeep\n|turn|16\n|\n|t:|1700177437\n|move|p1a: Dragapult|Hex|p2a: Ogerpon\n|-damage|p2a: Ogerpon|36\/100 brn\n|move|p2a: Ogerpon|Ivy Cudgel|p1a: Dragapult|[anim] Ivy Cudgel Water\n|-resisted|p1a: Dragapult\n|-crit|p1a: Dragapult\n|-damage|p1a: Dragapult|0 fnt\n|faint|p1a: Dragapult\n|\n|-damage|p2a: Ogerpon|30\/100 brn|[from] brn\n|upkeep\n|\n|t:|1700177447\n|switch|p1a: Sneasler|Sneasler, M|100\/100\n|-damage|p1a: Sneasler|95\/100|[from] Stealth Rock\n|turn|17\n|\n|t:|1700177460\n|move|p1a: Sneasler|U-turn|p2a: Ogerpon\n|-supereffective|p2a: Ogerpon\n|-damage|p2a: Ogerpon|0 fnt\n|faint|p2a: Ogerpon\n|\n|t:|1700177470\n|switch|p1a: Zapdos|Zapdos|100\/100|[from] U-turn\n|\n|upkeep\n|\n|t:|1700177477\n|switch|p2a: Ninetales|Ninetales-Alola, F|100\/100\n|-weather|Snow|[from] ability: Snow Warning|[of] p2a: Ninetales\n|turn|18\n|\n|t:|1700177487\n|move|p2a: Ninetales|Aurora Veil|p2a: Ninetales\n|-sidestart|p2: PacoSequeida|move: Aurora Veil\n|move|p1a: Zapdos|Heat Wave|p2a: Ninetales\n|-supereffective|p2a: Ninetales\n|-damage|p2a: Ninetales|69\/100\n|\n|-weather|Snow|[upkeep]\n|upkeep\n|turn|19\n|\n|t:|1700177499\n|move|p2a: Ninetales|Freeze-Dry|p1a: Zapdos\n|-supereffective|p1a: Zapdos\n|-damage|p1a: Zapdos|44\/100\n|move|p1a: Zapdos|Heat Wave|p2a: Ninetales\n|-supereffective|p2a: Ninetales\n|-damage|p2a: Ninetales|35\/100\n|\n|-weather|Snow|[upkeep]\n|upkeep\n|turn|20\n|\n|t:|1700177515\n|move|p2a: Ninetales|Freeze-Dry|p1a: Zapdos\n|-supereffective|p1a: Zapdos\n|-damage|p1a: Zapdos|0 fnt\n|faint|p1a: Zapdos\n|\n|-weather|Snow|[upkeep]\n|upkeep\n|\n|t:|1700177519\n|switch|p1a: Sneasler|Sneasler, M|95\/100\n|-damage|p1a: Sneasler|89\/100|[from] Stealth Rock\n|turn|21\n|\n|t:|1700177539\n|move|p1a: Sneasler|U-turn|p2a: Ninetales\n|-resisted|p2a: Ninetales\n|-damage|p2a: Ninetales|28\/100\n|\n|t:|1700177542\n|switch|p1a: Sylveon|Sylveon, F|100\/100|[from] U-turn\n|-damage|p1a: Sylveon|88\/100|[from] Stealth Rock\n|move|p2a: Ninetales|Moonblast|p1a: Sylveon\n|-damage|p1a: Sylveon|63\/100\n|\n|-weather|Snow|[upkeep]\n|-heal|p1a: Sylveon|69\/100|[from] item: Leftovers\n|upkeep\n|turn|22\n|\n|t:|1700177554\n|switch|p2a: Sinistcha|Sinistcha-Masterpiece|100\/100\n|move|p1a: Sylveon|Wish|p1a: Sylveon\n|\n|-weather|none\n|-heal|p1a: Sylveon|75\/100|[from] item: Leftovers\n|-sideend|p1: Quarters_OU|Reflect\n|upkeep\n|turn|23\n|\n|t:|1700177562\n|move|p2a: Sinistcha|Calm Mind|p2a: Sinistcha\n|-boost|p2a: Sinistcha|spa|1\n|-boost|p2a: Sinistcha|spd|1\n|move|p1a: Sylveon|Calm Mind|p1a: Sylveon\n|-boost|p1a: Sylveon|spa|1\n|-boost|p1a: Sylveon|spd|1\n|\n|-heal|p1a: Sylveon|100\/100|[from] move: Wish|[wisher] Sylveon\n|upkeep\n|turn|24\n|\n|t:|1700177574\n|move|p2a: Sinistcha|Calm Mind|p2a: Sinistcha\n|-boost|p2a: Sinistcha|spa|1\n|-boost|p2a: Sinistcha|spd|1\n|move|p1a: Sylveon|Calm Mind|p1a: Sylveon\n|-boost|p1a: Sylveon|spa|1\n|-boost|p1a: Sylveon|spd|1\n|\n|upkeep\n|turn|25\n|\n|t:|1700177582\n|move|p2a: Sinistcha|Calm Mind|p2a: Sinistcha\n|-boost|p2a: Sinistcha|spa|1\n|-boost|p2a: Sinistcha|spd|1\n|move|p1a: Sylveon|Calm Mind|p1a: Sylveon\n|-boost|p1a: Sylveon|spa|1\n|-boost|p1a: Sylveon|spd|1\n|\n|-sideend|p2: PacoSequeida|move: Aurora Veil\n|upkeep\n|turn|26\n|\n|t:|1700177600\n|move|p2a: Sinistcha|Calm Mind|p2a: Sinistcha\n|-boost|p2a: Sinistcha|spa|1\n|-boost|p2a: Sinistcha|spd|1\n|move|p1a: Sylveon|Hyper Voice|p2a: Sinistcha\n|-damage|p2a: Sinistcha|59\/100\n|\n|-heal|p2a: Sinistcha|66\/100|[from] item: Leftovers\n|upkeep\n|turn|27\n|\n|t:|1700177609\n|move|p2a: Sinistcha|Calm Mind|p2a: Sinistcha\n|-boost|p2a: Sinistcha|spa|1\n|-boost|p2a: Sinistcha|spd|1\n|move|p1a: Sylveon|Calm Mind|p1a: Sylveon\n|-boost|p1a: Sylveon|spa|1\n|-boost|p1a: Sylveon|spd|1\n|\n|-heal|p2a: Sinistcha|72\/100|[from] item: Leftovers\n|upkeep\n|turn|28\n|\n|t:|1700177620\n|move|p2a: Sinistcha|Calm Mind|p2a: Sinistcha\n|-boost|p2a: Sinistcha|spa|1\n|-boost|p2a: Sinistcha|spd|1\n|move|p1a: Sylveon|Calm Mind|p1a: Sylveon\n|-boost|p1a: Sylveon|spa|1\n|-boost|p1a: Sylveon|spd|1\n|\n|-heal|p2a: Sinistcha|78\/100|[from] item: Leftovers\n|upkeep\n|turn|29\n|\n|t:|1700177631\n|move|p2a: Sinistcha|Matcha Gotcha|p1a: Sylveon|[miss]\n|-miss|p2a: Sinistcha|p1a: Sylveon\n|move|p1a: Sylveon|Calm Mind|p1a: Sylveon\n|-boost|p1a: Sylveon|spa|1\n|-boost|p1a: Sylveon|spd|1\n|\n|-heal|p2a: Sinistcha|84\/100|[from] item: Leftovers\n|upkeep\n|turn|30\n|\n|t:|1700177642\n|move|p2a: Sinistcha|Matcha Gotcha|p1a: Sylveon\n|-damage|p1a: Sylveon|79\/100\n|-heal|p2a: Sinistcha|96\/100|[from] drain|[of] p1a: Sylveon\n|move|p1a: Sylveon|Hyper Voice|p2a: Sinistcha\n|-crit|p2a: Sinistcha\n|-damage|p2a: Sinistcha|0 fnt\n|faint|p2a: Sinistcha\n|\n|-heal|p1a: Sylveon|85\/100|[from] item: Leftovers\n|upkeep\n|c|\u2606Quarters_OU|W sylveon\n|\n|t:|1700177658\n|switch|p2a: Ninetales|Ninetales-Alola, F|28\/100\n|-weather|Snow|[from] ability: Snow Warning|[of] p2a: Ninetales\n|turn|31\n|\n|t:|1700177665\n|move|p2a: Ninetales|Aurora Veil|p2a: Ninetales\n|-sidestart|p2: PacoSequeida|move: Aurora Veil\n|move|p1a: Sylveon|Psyshock|p2a: Ninetales\n|-damage|p2a: Ninetales|0 fnt\n|faint|p2a: Ninetales\n|\n|-weather|Snow|[upkeep]\n|-heal|p1a: Sylveon|91\/100|[from] item: Leftovers\n|upkeep\n|\n|t:|1700177674\n|switch|p2a: Kingambit|Kingambit, F|100\/100\n|-activate|p2a: Kingambit|ability: Supreme Overlord\n|-start|p2a: Kingambit|fallen5|[silent]\n|turn|32\n|\n|t:|1700177683\n|-terastallize|p1a: Sylveon|Flying\n|move|p1a: Sylveon|Hyper Voice|p2a: Kingambit\n|-crit|p2a: Kingambit\n|-damage|p2a: Kingambit|0 fnt\n|faint|p2a: Kingambit\n|-end|p2a: Kingambit|fallen5|[silent]\n|\n|win|Quarters_OU\n|raw|Quarters_OU's rating: 1312 &rarr; <strong>1336<\/strong><br \/>(+24 for winning)\n|raw|PacoSequeida's rating: 1385 &rarr; <strong>1361<\/strong><br \/>(-24 for losing)\n|l|\u2606PacoSequeida\n","uploadtime":1700177734,"views":8,"p1id":"quartersou","p2id":"pacosequeida","formatid":"gen9ou","rating":1336,"private":0,"password":""}