{"id":"gen9ou-1992309257","p1":"Soipoiboi","p2":"PurifyingGhost","format":"[Gen 9] OU","log":"|j|\u2606Soipoiboi\n|j|\u2606PurifyingGhost\n|t:|1700173255\n|gametype|singles\n|player|p1|Soipoiboi|bellelba|1146\n|player|p2|PurifyingGhost|li|1247\n|teamsize|p1|6\n|teamsize|p2|6\n|gen|9\n|tier|[Gen 9] OU\n|rated|\n|rule|Sleep Clause Mod: Limit one foe put to sleep\n|rule|Species Clause: Limit one of each Pok\u00e9mon\n|rule|OHKO Clause: OHKO moves are banned\n|rule|Evasion Items Clause: Evasion items are banned\n|rule|Evasion Moves Clause: Evasion moves are banned\n|rule|Endless Battle Clause: Forcing endless battles is banned\n|rule|HP Percentage Mod: HP is shown in percentages\n|clearpoke\n|poke|p1|Kingambit, F|\n|poke|p1|Glimmora, F|\n|poke|p1|Gholdengo|\n|poke|p1|Meowscarada, F|\n|poke|p1|Garganacl, F|\n|poke|p1|Dragapult, F|\n|poke|p2|Zoroark-Hisui, M|\n|poke|p2|Corviknight, M|\n|poke|p2|Lokix, M|\n|poke|p2|Ogerpon-Wellspring, F|\n|poke|p2|Sneasler, M|\n|poke|p2|Landorus-Therian, M|\n|teampreview\n|inactive|Battle timer is ON: inactive players will automatically lose when time's up. (requested by Soipoiboi)\n|\n|t:|1700173275\n|start\n|switch|p1a: Dragapult|Dragapult, F|100\/100\n|switch|p2a: Landorus|Landorus-Therian, M|100\/100\n|-ability|p2a: Landorus|Intimidate|boost\n|-unboost|p1a: Dragapult|atk|1\n|turn|1\n|\n|t:|1700173282\n|move|p1a: Dragapult|Reflect|p1a: Dragapult\n|-sidestart|p1: Soipoiboi|Reflect\n|move|p2a: Landorus|Stealth Rock|p1a: Dragapult\n|-sidestart|p1: Soipoiboi|move: Stealth Rock\n|\n|upkeep\n|turn|2\n|\n|t:|1700173285\n|move|p1a: Dragapult|Light Screen|p1a: Dragapult\n|-sidestart|p1: Soipoiboi|move: Light Screen\n|move|p2a: Landorus|U-turn|p1a: Dragapult\n|-resisted|p1a: Dragapult\n|-damage|p1a: Dragapult|94\/100\n|\n|t:|1700173290\n|switch|p2a: Corviknight|Corviknight, M|100\/100|[from] U-turn\n|\n|upkeep\n|turn|3\n|\n|t:|1700173294\n|move|p1a: Dragapult|U-turn|p2a: Corviknight\n|-resisted|p2a: Corviknight\n|-damage|p2a: Corviknight|87\/100\n|replace|p2a: Zoroark|Zoroark-Hisui, M\n|-end|p2a: Zoroark|Illusion\n|\n|t:|1700173298\n|switch|p1a: Glimmora|Glimmora, F|100\/100|[from] U-turn\n|-damage|p1a: Glimmora|88\/100|[from] Stealth Rock\n|move|p2a: Zoroark|Shadow Ball|p1a: Glimmora\n|-damage|p1a: Glimmora|48\/100\n|\n|upkeep\n|turn|4\n|\n|t:|1700173306\n|move|p2a: Zoroark|Shadow Ball|p1a: Glimmora\n|-damage|p1a: Glimmora|6\/100\n|move|p1a: Glimmora|Stealth Rock|p2a: Zoroark\n|-sidestart|p2: PurifyingGhost|move: Stealth Rock\n|\n|upkeep\n|turn|5\n|\n|t:|1700173313\n|switch|p2a: Corviknight|Corviknight, M|100\/100\n|-damage|p2a: Corviknight|88\/100|[from] Stealth Rock\n|-ability|p2a: Corviknight|Pressure\n|move|p1a: Glimmora|Mortal Spin|p2a: Corviknight\n|-immune|p2a: Corviknight\n|\n|upkeep\n|turn|6\n|\n|t:|1700173321\n|move|p1a: Glimmora|Spikes|p2a: Corviknight\n|-sidestart|p2: PurifyingGhost|Spikes\n|move|p2a: Corviknight|U-turn|p1a: Glimmora\n|-resisted|p1a: Glimmora\n|-damage|p1a: Glimmora|3\/100\n|-damage|p2a: Corviknight|71\/100|[from] item: Rocky Helmet|[of] p1a: Glimmora\n|-activate|p1a: Glimmora|ability: Toxic Debris\n|-sidestart|p2: PurifyingGhost|move: Toxic Spikes\n|\n|t:|1700173325\n|switch|p2a: Landorus|Landorus-Therian, M|100\/100|[from] U-turn\n|-damage|p2a: Landorus|88\/100|[from] Stealth Rock\n|-ability|p2a: Landorus|Intimidate|boost\n|-unboost|p1a: Glimmora|atk|1\n|\n|upkeep\n|turn|7\n|\n|t:|1700173332\n|move|p1a: Glimmora|Spikes|p2a: Landorus\n|-sidestart|p2: PurifyingGhost|Spikes\n|move|p2a: Landorus|U-turn|p1a: Glimmora\n|-resisted|p1a: Glimmora\n|-damage|p1a: Glimmora|0 fnt\n|-damage|p2a: Landorus|72\/100|[from] item: Rocky Helmet|[of] p1a: Glimmora\n|-activate|p1a: Glimmora|ability: Toxic Debris\n|-sidestart|p2: PurifyingGhost|move: Toxic Spikes\n|faint|p1a: Glimmora\n|\n|t:|1700173336\n|switch|p2a: Sneasler|Sneasler, M|100\/100|[from] U-turn\n|-damage|p2a: Sneasler|95\/100|[from] Stealth Rock\n|-damage|p2a: Sneasler|78\/100|[from] Spikes\n|-sideend|p2: PurifyingGhost|move: Toxic Spikes|[of] p2a: Sneasler\n|\n|upkeep\n|\n|t:|1700173348\n|switch|p1a: Gholdengo|Gholdengo|100\/100\n|turn|8\n|\n|t:|1700173355\n|move|p2a: Sneasler|U-turn|p1a: Gholdengo\n|-resisted|p1a: Gholdengo\n|-damage|p1a: Gholdengo|97\/100\n|\n|t:|1700173366\n|switch|p2a: Ogerpon|Ogerpon-Wellspring, F|100\/100|[from] U-turn\n|-damage|p2a: Ogerpon|88\/100|[from] Stealth Rock\n|-damage|p2a: Ogerpon|72\/100|[from] Spikes\n|move|p1a: Gholdengo|Nasty Plot|p1a: Gholdengo\n|-boost|p1a: Gholdengo|spa|2\n|\n|-sideend|p1: Soipoiboi|Reflect\n|upkeep\n|turn|9\n|\n|t:|1700173380\n|move|p2a: Ogerpon|Encore|p1a: Gholdengo\n|-immune|p1a: Gholdengo|[from] ability: Good as Gold\n|move|p1a: Gholdengo|Make It Rain|p2a: Ogerpon\n|-resisted|p2a: Ogerpon\n|-damage|p2a: Ogerpon|0 fnt\n|-unboost|p1a: Gholdengo|spa|1\n|faint|p2a: Ogerpon\n|\n|-sideend|p1: Soipoiboi|move: Light Screen\n|upkeep\n|\n|t:|1700173384\n|switch|p2a: Sneasler|Sneasler, M|87\/100\n|-damage|p2a: Sneasler|74\/100|[from] Stealth Rock\n|-damage|p2a: Sneasler|58\/100|[from] Spikes\n|turn|10\n|\n|t:|1700173393\n|move|p2a: Sneasler|Shadow Ball|p1a: Gholdengo\n|-supereffective|p1a: Gholdengo\n|-damage|p1a: Gholdengo|0 fnt\n|faint|p1a: Gholdengo\n|\n|upkeep\n|\n|t:|1700173400\n|switch|p1a: Garganacl|Garganacl, F|100\/100\n|-damage|p1a: Garganacl|88\/100|[from] Stealth Rock\n|turn|11\n|\n|t:|1700173411\n|switch|p2a: Corviknight|Corviknight, M|71\/100\n|-damage|p2a: Corviknight|59\/100|[from] Stealth Rock\n|-ability|p2a: Corviknight|Pressure\n|move|p1a: Garganacl|Salt Cure|p2a: Corviknight\n|-damage|p2a: Corviknight|51\/100\n|-start|p2a: Corviknight|Salt Cure\n|\n|-heal|p1a: Garganacl|94\/100|[from] item: Leftovers\n|-damage|p2a: Corviknight|26\/100|[from] Salt Cure\n|upkeep\n|turn|12\n|\n|t:|1700173428\n|move|p2a: Corviknight|Roost|p2a: Corviknight\n|-heal|p2a: Corviknight|76\/100\n|-singleturn|p2a: Corviknight|move: Roost\n|move|p1a: Garganacl|Salt Cure|p2a: Corviknight\n|-resisted|p2a: Corviknight\n|-damage|p2a: Corviknight|72\/100\n|\n|-heal|p1a: Garganacl|100\/100|[from] item: Leftovers\n|-damage|p2a: Corviknight|47\/100|[from] Salt Cure\n|upkeep\n|turn|13\n|\n|t:|1700173439\n|move|p1a: Garganacl|Protect|p1a: Garganacl\n|-singleturn|p1a: Garganacl|Protect\n|move|p2a: Corviknight|Defog|p1a: Garganacl\n|-activate|p1a: Garganacl|move: Protect\n|\n|-damage|p2a: Corviknight|22\/100|[from] Salt Cure\n|upkeep\n|turn|14\n|\n|t:|1700173447\n|move|p2a: Corviknight|Defog|p1a: Garganacl\n|-unboost|p1a: Garganacl|evasion|1\n|-sideend|p1: Soipoiboi|Stealth Rock|[from] move: Defog|[of] p2a: Corviknight\n|-sideend|p2: PurifyingGhost|Spikes|[from] move: Defog|[of] p2a: Corviknight\n|-sideend|p2: PurifyingGhost|Stealth Rock|[from] move: Defog|[of] p2a: Corviknight\n|move|p1a: Garganacl|Salt Cure|p2a: Corviknight\n|-damage|p2a: Corviknight|14\/100\n|\n|-damage|p2a: Corviknight|0 fnt|[from] Salt Cure\n|faint|p2a: Corviknight\n|upkeep\n|\n|t:|1700173455\n|switch|p2a: Sneasler|Sneasler, M|58\/100\n|turn|15\n|\n|t:|1700173463\n|move|p2a: Sneasler|U-turn|p1a: Garganacl\n|-damage|p1a: Garganacl|92\/100\n|\n|t:|1700173464\n|switch|p2a: Landorus|Landorus-Therian, M|72\/100|[from] U-turn\n|-ability|p2a: Landorus|Intimidate|boost\n|-unboost|p1a: Garganacl|atk|1\n|move|p1a: Garganacl|Salt Cure|p2a: Landorus\n|-damage|p2a: Landorus|65\/100\n|-start|p2a: Landorus|Salt Cure\n|\n|-heal|p1a: Garganacl|99\/100|[from] item: Leftovers\n|-damage|p2a: Landorus|52\/100|[from] Salt Cure\n|upkeep\n|turn|16\n|\n|t:|1700173474\n|move|p1a: Garganacl|Protect|p1a: Garganacl\n|-singleturn|p1a: Garganacl|Protect\n|move|p2a: Landorus|Stealth Rock|p1a: Garganacl\n|-sidestart|p1: Soipoiboi|move: Stealth Rock\n|\n|-heal|p1a: Garganacl|100\/100|[from] item: Leftovers\n|-damage|p2a: Landorus|40\/100|[from] Salt Cure\n|upkeep\n|turn|17\n|\n|t:|1700173484\n|move|p2a: Landorus|Grass Knot|p1a: Garganacl\n|-supereffective|p1a: Garganacl\n|-damage|p1a: Garganacl|55\/100\n|move|p1a: Garganacl|Salt Cure|p2a: Landorus\n|-damage|p2a: Landorus|33\/100\n|\n|-heal|p1a: Garganacl|62\/100|[from] item: Leftovers\n|-damage|p2a: Landorus|21\/100|[from] Salt Cure\n|upkeep\n|turn|18\n|\n|t:|1700173492\n|switch|p2a: Sneasler|Sneasler, M|58\/100\n|move|p1a: Garganacl|Recover|p1a: Garganacl\n|-heal|p1a: Garganacl|100\/100\n|\n|upkeep\n|turn|19\n|\n|t:|1700173498\n|move|p2a: Sneasler|Grass Knot|p1a: Garganacl\n|-supereffective|p1a: Garganacl\n|-damage|p1a: Garganacl|0 fnt\n|faint|p1a: Garganacl\n|\n|upkeep\n|\n|t:|1700173505\n|switch|p1a: Dragapult|Dragapult, F|94\/100\n|-damage|p1a: Dragapult|81\/100|[from] Stealth Rock\n|turn|20\n|\n|t:|1700173517\n|switch|p2a: Lokix|Lokix, M|100\/100\n|move|p1a: Dragapult|Reflect|p1a: Dragapult\n|-sidestart|p1: Soipoiboi|Reflect\n|\n|upkeep\n|turn|21\n|\n|t:|1700173525\n|move|p1a: Dragapult|Light Screen|p1a: Dragapult\n|-sidestart|p1: Soipoiboi|move: Light Screen\n|move|p2a: Lokix|Knock Off|p1a: Dragapult\n|-supereffective|p1a: Dragapult\n|-damage|p1a: Dragapult|0 fnt\n|-enditem|p1a: Dragapult|Light Clay|[from] move: Knock Off|[of] p2a: Lokix\n|faint|p1a: Dragapult\n|\n|upkeep\n|\n|t:|1700173531\n|switch|p1a: Meowscarada|Meowscarada, F|100\/100\n|-damage|p1a: Meowscarada|88\/100|[from] Stealth Rock\n|turn|22\n|\n|t:|1700173540\n|switch|p2a: Landorus|Landorus-Therian, M|21\/100\n|-ability|p2a: Landorus|Intimidate|boost\n|-unboost|p1a: Meowscarada|atk|1\n|move|p1a: Meowscarada|Knock Off|p2a: Landorus\n|-damage|p2a: Landorus|0 fnt\n|-damage|p1a: Meowscarada|72\/100|[from] item: Rocky Helmet|[of] p2a: Landorus\n|-enditem|p2a: Landorus|Rocky Helmet|[from] move: Knock Off|[of] p1a: Meowscarada\n|faint|p2a: Landorus\n|\n|upkeep\n|\n|t:|1700173561\n|switch|p2a: Sneasler|Sneasler, M|78\/100\n|turn|23\n|\n|t:|1700173565\n|move|p2a: Sneasler|Close Combat|p1a: Meowscarada\n|-supereffective|p1a: Meowscarada\n|-damage|p1a: Meowscarada|0 fnt\n|-unboost|p2a: Sneasler|def|1\n|-unboost|p2a: Sneasler|spd|1\n|faint|p1a: Meowscarada\n|\n|upkeep\n|\n|t:|1700173571\n|switch|p1a: Kingambit|Kingambit, F|100\/100\n|-damage|p1a: Kingambit|94\/100|[from] Stealth Rock\n|-activate|p1a: Kingambit|ability: Supreme Overlord\n|-start|p1a: Kingambit|fallen5|[silent]\n|turn|24\n|\n|t:|1700173577\n|switch|p2a: Sneasler|Sneasler, M|58\/100\n|-terastallize|p1a: Kingambit|Dark\n|move|p1a: Kingambit|Sucker Punch||[still]\n|-fail|p1a: Kingambit\n|\n|upkeep\n|turn|25\n|\n|t:|1700173589\n|move|p2a: Sneasler|U-turn|p1a: Kingambit\n|-supereffective|p1a: Kingambit\n|-damage|p1a: Kingambit|83\/100\n|\n|t:|1700173593\n|switch|p2a: Sneasler|Sneasler, M|78\/100|[from] U-turn\n|move|p1a: Kingambit|Swords Dance|p1a: Kingambit\n|-boost|p1a: Kingambit|atk|2\n|\n|upkeep\n|turn|26\n|\n|t:|1700173600\n|move|p1a: Kingambit|Sucker Punch||[still]\n|-fail|p1a: Kingambit\n|move|p2a: Sneasler|Switcheroo|p1a: Kingambit\n|-activate|p2a: Sneasler|move: Trick|[of] p1a: Kingambit\n|-item|p1a: Kingambit|Choice Scarf|[from] move: Switcheroo\n|-item|p2a: Sneasler|Black Glasses|[from] move: Switcheroo\n|\n|upkeep\n|turn|27\n|\n|t:|1700173607\n|switch|p2a: Sneasler|Sneasler, M|58\/100\n|move|p1a: Kingambit|Kowtow Cleave|p2a: Sneasler\n|-supereffective|p2a: Sneasler\n|-damage|p2a: Sneasler|0 fnt\n|replace|p2a: Zoroark|Zoroark-Hisui, M\n|-end|p2a: Zoroark|Illusion\n|faint|p2a: Zoroark\n|\n|-sideend|p1: Soipoiboi|Reflect\n|upkeep\n|\n|t:|1700173612\n|switch|p2a: Sneasler|Sneasler, M|78\/100\n|turn|28\n|\n|t:|1700173616\n|move|p2a: Sneasler|Close Combat|p1a: Kingambit\n|-supereffective|p1a: Kingambit\n|-damage|p1a: Kingambit|0 fnt\n|-unboost|p2a: Sneasler|def|1\n|-unboost|p2a: Sneasler|spd|1\n|faint|p1a: Kingambit\n|-end|p1a: Kingambit|fallen5|[silent]\n|\n|win|PurifyingGhost\n|raw|Soipoiboi's rating: 1146 &rarr; <strong>1128<\/strong><br \/>(-18 for losing)\n|raw|PurifyingGhost's rating: 1247 &rarr; <strong>1265<\/strong><br \/>(+18 for winning)\n","uploadtime":1700173620,"views":7,"p1id":"soipoiboi","p2id":"purifyingghost","formatid":"gen9ou","rating":1128,"private":0,"password":""}