{"id":"gen9ou-1993283934","p1":"TheZalmancer","p2":"TommyJTC","format":"[Gen 9] OU","log":"|j|\u2606TheZalmancer\n|j|\u2606TommyJTC\n|t:|1700290083\n|gametype|singles\n|player|p1|TheZalmancer|skyla|1140\n|player|p2|TommyJTC|hilbert-wonderlauncher|1191\n|teamsize|p1|6\n|teamsize|p2|6\n|gen|9\n|tier|[Gen 9] OU\n|rated|\n|rule|Sleep Clause Mod: Limit one foe put to sleep\n|rule|Species Clause: Limit one of each Pok\u00e9mon\n|rule|OHKO Clause: OHKO moves are banned\n|rule|Evasion Items Clause: Evasion items are banned\n|rule|Evasion Moves Clause: Evasion moves are banned\n|rule|Endless Battle Clause: Forcing endless battles is banned\n|rule|HP Percentage Mod: HP is shown in percentages\n|clearpoke\n|poke|p1|Ogerpon-Wellspring, F|\n|poke|p1|Ninetales-Alola, F|\n|poke|p1|Corviknight, M|\n|poke|p1|Manaphy|\n|poke|p1|Hydreigon, M|\n|poke|p1|Ditto|\n|poke|p2|Gholdengo|\n|poke|p2|Kingambit, F|\n|poke|p2|Rillaboom, F|\n|poke|p2|Manaphy|\n|poke|p2|Ogerpon, F|\n|poke|p2|Ribombee, F|\n|teampreview\n|\n|t:|1700290086\n|start\n|switch|p1a: Hydreigon|Hydreigon, M|100\/100\n|switch|p2a: Ribombee|Ribombee, F|100\/100\n|turn|1\n|\n|t:|1700290092\n|move|p2a: Ribombee|Sticky Web|p1a: Hydreigon\n|-sidestart|p1: TheZalmancer|move: Sticky Web\n|move|p1a: Hydreigon|Taunt|p2a: Ribombee\n|-start|p2a: Ribombee|move: Taunt\n|\n|upkeep\n|turn|2\n|\n|t:|1700290100\n|switch|p1a: Corviknight|Corviknight, M, shiny|100\/100\n|move|p2a: Ribombee|Moonblast|p1a: Corviknight\n|-resisted|p1a: Corviknight\n|-damage|p1a: Corviknight|83\/100\n|\n|-heal|p1a: Corviknight|89\/100|[from] item: Leftovers\n|upkeep\n|turn|3\n|\n|t:|1700290110\n|switch|p2a: Gholdengo|Gholdengo|100\/100\n|-item|p2a: Gholdengo|Air Balloon\n|move|p1a: Corviknight|Iron Head|p2a: Gholdengo\n|-resisted|p2a: Gholdengo\n|-damage|p2a: Gholdengo|86\/100\n|-enditem|p2a: Gholdengo|Air Balloon\n|\n|-heal|p1a: Corviknight|96\/100|[from] item: Leftovers\n|upkeep\n|turn|4\n|\n|t:|1700290122\n|move|p2a: Gholdengo|Nasty Plot|p2a: Gholdengo\n|-boost|p2a: Gholdengo|spa|2\n|move|p1a: Corviknight|Defog|p2a: Gholdengo\n|-immune|p2a: Gholdengo|[from] ability: Good as Gold\n|\n|-heal|p1a: Corviknight|100\/100|[from] item: Leftovers\n|upkeep\n|turn|5\n|\n|t:|1700290154\n|switch|p1a: Hydreigon|Hydreigon, M|100\/100\n|move|p2a: Gholdengo|Nasty Plot|p2a: Gholdengo\n|-boost|p2a: Gholdengo|spa|2\n|\n|upkeep\n|turn|6\n|\n|t:|1700290163\n|move|p1a: Hydreigon|Thunder Wave|p2a: Gholdengo\n|-immune|p2a: Gholdengo|[from] ability: Good as Gold\n|move|p2a: Gholdengo|Make It Rain|p1a: Hydreigon\n|-enditem|p1a: Hydreigon|Focus Sash\n|-damage|p1a: Hydreigon|1\/100\n|-unboost|p2a: Gholdengo|spa|1\n|\n|upkeep\n|turn|7\n|\n|t:|1700290175\n|move|p1a: Hydreigon|Stealth Rock|p2a: Gholdengo\n|-sidestart|p2: TommyJTC|move: Stealth Rock\n|move|p2a: Gholdengo|Shadow Ball|p1a: Hydreigon\n|-resisted|p1a: Hydreigon\n|-damage|p1a: Hydreigon|0 fnt\n|faint|p1a: Hydreigon\n|\n|upkeep\n|c|\u2606TommyJTC|Why are you defoging and t waving Gholdengo\n|\n|t:|1700290197\n|switch|p1a: Ditto|Ditto, shiny|100\/100\n|-activate|p1a: Ditto|move: Sticky Web\n|-unboost|p1a: Ditto|spe|1\n|-transform|p1a: Ditto|p2a: Gholdengo|[from] ability: Imposter\n|turn|8\n|c|\u2606TheZalmancer|i dont know what goldengo is\n|c|\u2606TheZalmancer|my last gen was gen 5\n|\n|t:|1700290220\n|move|p1a: Ditto|Shadow Ball|p2a: Gholdengo\n|-supereffective|p2a: Gholdengo\n|-damage|p2a: Gholdengo|0 fnt\n|faint|p2a: Gholdengo\n|\n|upkeep\n|c|\u2606TommyJTC|Fair enough\n|\n|t:|1700290229\n|switch|p2a: Kingambit|Kingambit, F|100\/100\n|-damage|p2a: Kingambit|94\/100|[from] Stealth Rock\n|-activate|p2a: Kingambit|ability: Supreme Overlord\n|-start|p2a: Kingambit|fallen1|[silent]\n|turn|9\n|\n|t:|1700290235\n|switch|p1a: Corviknight|Corviknight, M, shiny|100\/100\n|move|p2a: Kingambit|Sucker Punch||[still]\n|-fail|p2a: Kingambit\n|\n|upkeep\n|turn|10\n|\n|t:|1700290245\n|-end|p2a: Kingambit|fallen1|[silent]\n|switch|p2a: Manaphy|Manaphy|100\/100\n|-damage|p2a: Manaphy|88\/100|[from] Stealth Rock\n|move|p1a: Corviknight|Defog|p2a: Manaphy\n|-unboost|p2a: Manaphy|evasion|1\n|-sideend|p2: TommyJTC|Stealth Rock|[from] move: Defog|[of] p1a: Corviknight\n|-sideend|p1: TheZalmancer|Sticky Web|[from] move: Defog|[of] p1a: Corviknight\n|\n|upkeep\n|turn|11\n|\n|t:|1700290257\n|move|p2a: Manaphy|Tail Glow|p2a: Manaphy\n|-boost|p2a: Manaphy|spa|3\n|move|p1a: Corviknight|U-turn|p2a: Manaphy\n|-damage|p2a: Manaphy|74\/100\n|\n|t:|1700290265\n|switch|p1a: Ditto|Ditto, shiny|100\/100|[from] U-turn\n|-transform|p1a: Ditto|p2a: Manaphy|[from] ability: Imposter\n|\n|upkeep\n|turn|12\n|\n|t:|1700290276\n|move|p1a: Ditto|Dazzling Gleam|p2a: Manaphy\n|-damage|p2a: Manaphy|6\/100\n|move|p2a: Manaphy|Scald|p1a: Ditto\n|-resisted|p1a: Ditto\n|-crit|p1a: Ditto\n|-damage|p1a: Ditto|22\/100\n|\n|upkeep\n|turn|13\n|\n|t:|1700290283\n|move|p1a: Ditto|Dazzling Gleam|p2a: Manaphy\n|-damage|p2a: Manaphy|0 fnt\n|faint|p2a: Manaphy\n|\n|upkeep\n|\n|t:|1700290293\n|switch|p2a: Kingambit|Kingambit, F|94\/100\n|-activate|p2a: Kingambit|ability: Supreme Overlord\n|-start|p2a: Kingambit|fallen2|[silent]\n|turn|14\n|\n|t:|1700290298\n|switch|p1a: Corviknight|Corviknight, M, shiny|100\/100\n|move|p2a: Kingambit|Swords Dance|p2a: Kingambit\n|-boost|p2a: Kingambit|atk|2\n|\n|upkeep\n|turn|15\n|\n|t:|1700290308\n|move|p2a: Kingambit|Iron Head|p1a: Corviknight\n|-resisted|p1a: Corviknight\n|-damage|p1a: Corviknight|69\/100\n|cant|p1a: Corviknight|flinch\n|\n|-heal|p1a: Corviknight|76\/100|[from] item: Leftovers\n|upkeep\n|turn|16\n|\n|t:|1700290325\n|move|p2a: Kingambit|Iron Head|p1a: Corviknight\n|-resisted|p1a: Corviknight\n|-damage|p1a: Corviknight|45\/100\n|cant|p1a: Corviknight|flinch\n|\n|-heal|p1a: Corviknight|52\/100|[from] item: Leftovers\n|upkeep\n|turn|17\n|\n|t:|1700290334\n|move|p1a: Corviknight|Protect|p1a: Corviknight\n|-singleturn|p1a: Corviknight|Protect\n|move|p2a: Kingambit|Iron Head|p1a: Corviknight\n|-activate|p1a: Corviknight|move: Protect\n|\n|-heal|p1a: Corviknight|58\/100|[from] item: Leftovers\n|upkeep\n|turn|18\n|\n|t:|1700290342\n|move|p2a: Kingambit|Iron Head|p1a: Corviknight\n|-resisted|p1a: Corviknight\n|-damage|p1a: Corviknight|27\/100\n|cant|p1a: Corviknight|flinch\n|\n|-heal|p1a: Corviknight|33\/100|[from] item: Leftovers\n|upkeep\n|turn|19\n|c|\u2606TheZalmancer|jesus christ\n|\n|t:|1700290352\n|move|p2a: Kingambit|Swords Dance|p2a: Kingambit\n|-boost|p2a: Kingambit|atk|2\n|move|p1a: Corviknight|U-turn|p2a: Kingambit\n|-damage|p2a: Kingambit|83\/100\n|\n|t:|1700290362\n|switch|p1a: Ninetales|Ninetales-Alola, F, shiny|100\/100|[from] U-turn\n|-weather|Snow|[from] ability: Snow Warning|[of] p1a: Ninetales\n|\n|-weather|Snow|[upkeep]\n|upkeep\n|turn|20\n|c|\u2606TommyJTC|Damn rng\n|\n|t:|1700290368\n|move|p1a: Ninetales|Aurora Veil|p1a: Ninetales\n|-sidestart|p1: TheZalmancer|move: Aurora Veil\n|move|p2a: Kingambit|Iron Head|p1a: Ninetales\n|-supereffective|p1a: Ninetales\n|-damage|p1a: Ninetales|0 fnt\n|faint|p1a: Ninetales\n|\n|-weather|Snow|[upkeep]\n|upkeep\n|\n|t:|1700290375\n|switch|p1a: Ogerpon|Ogerpon-Wellspring, F|100\/100\n|turn|21\n|c|\u2606TommyJTC|Gen 5 but you know these guys huh\n|\n|t:|1700290385\n|move|p1a: Ogerpon|Brick Break|p2a: Kingambit\n|-supereffective|p2a: Kingambit\n|-damage|p2a: Kingambit|0 fnt\n|faint|p2a: Kingambit\n|-end|p2a: Kingambit|fallen2|[silent]\n|\n|-weather|Snow|[upkeep]\n|upkeep\n|\n|t:|1700290390\n|switch|p2a: Rillaboom|Rillaboom, F|100\/100\n|-fieldstart|move: Grassy Terrain|[from] ability: Grassy Surge|[of] p2a: Rillaboom\n|turn|22\n|c|\u2606TheZalmancer|my friend uses this team\n|c|\u2606TheZalmancer|he told me what to do\n|c|\u2606TheZalmancer|am i playing well or am i doodoo\n|\n|t:|1700290419\n|switch|p1a: Corviknight|Corviknight, M, shiny|33\/100\n|move|p2a: Rillaboom|Grassy Glide|p1a: Corviknight\n|-resisted|p1a: Corviknight\n|-damage|p1a: Corviknight|31\/100\n|\n|-weather|Snow|[upkeep]\n|-heal|p1a: Corviknight|37\/100|[from] item: Leftovers\n|upkeep\n|turn|23\n|c|\u2606TommyJTC|Na you doing alright apart from the Gholdengo stuff before\n|\n|t:|1700290430\n|move|p2a: Rillaboom|Drain Punch|p1a: Corviknight\n|-damage|p1a: Corviknight|29\/100\n|move|p1a: Corviknight|U-turn|p2a: Rillaboom\n|-supereffective|p2a: Rillaboom\n|-damage|p2a: Rillaboom|72\/100\n|-enditem|p2a: Rillaboom|Eject Button\n|\n|t:|1700290443\n|switch|p2a: Ribombee|Ribombee, F|100\/100\n|\n|-weather|none\n|-heal|p1a: Corviknight|35\/100|[from] item: Leftovers\n|upkeep\n|turn|24\n|\n|t:|1700290452\n|move|p2a: Ribombee|Stun Spore|p1a: Corviknight\n|-status|p1a: Corviknight|par\n|move|p1a: Corviknight|Iron Head|p2a: Ribombee\n|-supereffective|p2a: Ribombee\n|-damage|p2a: Ribombee|1\/100\n|\n|-heal|p2a: Ribombee|7\/100|[from] Grassy Terrain\n|-heal|p1a: Corviknight|42\/100 par|[from] item: Leftovers\n|upkeep\n|turn|25\n|\n|t:|1700290462\n|move|p2a: Ribombee|Sticky Web|p1a: Corviknight\n|-sidestart|p1: TheZalmancer|move: Sticky Web\n|move|p1a: Corviknight|Iron Head|p2a: Ribombee\n|-supereffective|p2a: Ribombee\n|-damage|p2a: Ribombee|0 fnt\n|faint|p2a: Ribombee\n|\n|-heal|p1a: Corviknight|48\/100 par|[from] item: Leftovers\n|upkeep\n|\n|t:|1700290471\n|switch|p2a: Ogerpon|Ogerpon, F|100\/100\n|turn|26\n|\n|t:|1700290475\n|-terastallize|p2a: Ogerpon|Grass\n|detailschange|p2a: Ogerpon|Ogerpon-Teal-Tera, F, tera:Grass\n|-ability|p2a: Ogerpon|Embody Aspect (Teal)|boost\n|-boost|p2a: Ogerpon|spe|1\n|move|p2a: Ogerpon|Ivy Cudgel|p1a: Corviknight\n|-resisted|p1a: Corviknight\n|-crit|p1a: Corviknight\n|-damage|p1a: Corviknight|26\/100 par\n|cant|p1a: Corviknight|par\n|\n|-heal|p1a: Corviknight|32\/100 par|[from] item: Leftovers\n|-fieldend|move: Grassy Terrain\n|upkeep\n|turn|27\n|\n|t:|1700290487\n|move|p1a: Corviknight|Protect|p1a: Corviknight\n|-singleturn|p1a: Corviknight|Protect\n|move|p2a: Ogerpon|Ivy Cudgel|p1a: Corviknight\n|-activate|p1a: Corviknight|move: Protect\n|\n|-heal|p1a: Corviknight|38\/100 par|[from] item: Leftovers\n|-sideend|p1: TheZalmancer|move: Aurora Veil\n|upkeep\n|turn|28\n|\n|t:|1700290495\n|move|p2a: Ogerpon|Ivy Cudgel|p1a: Corviknight\n|-resisted|p1a: Corviknight\n|-crit|p1a: Corviknight\n|-damage|p1a: Corviknight|20\/100 par\n|cant|p1a: Corviknight|par\n|\n|-heal|p1a: Corviknight|26\/100 par|[from] item: Leftovers\n|upkeep\n|turn|29\n|\n|t:|1700290502\n|move|p1a: Corviknight|Protect|p1a: Corviknight\n|-singleturn|p1a: Corviknight|Protect\n|move|p2a: Ogerpon|Ivy Cudgel|p1a: Corviknight\n|-activate|p1a: Corviknight|move: Protect\n|\n|-heal|p1a: Corviknight|33\/100 par|[from] item: Leftovers\n|upkeep\n|turn|30\n|\n|t:|1700290510\n|move|p2a: Ogerpon|Ivy Cudgel|p1a: Corviknight\n|-resisted|p1a: Corviknight\n|-damage|p1a: Corviknight|21\/100 par\n|move|p1a: Corviknight|Defog|p2a: Ogerpon\n|-unboost|p2a: Ogerpon|evasion|1\n|-sideend|p1: TheZalmancer|Sticky Web|[from] move: Defog|[of] p1a: Corviknight\n|\n|-heal|p1a: Corviknight|27\/100 par|[from] item: Leftovers\n|upkeep\n|turn|31\n|\n|t:|1700290532\n|move|p2a: Ogerpon|Ivy Cudgel|p1a: Corviknight\n|-resisted|p1a: Corviknight\n|-damage|p1a: Corviknight|16\/100 par\n|move|p1a: Corviknight|U-turn|p2a: Ogerpon\n|-supereffective|p2a: Ogerpon\n|-damage|p2a: Ogerpon|63\/100\n|\n|t:|1700290549\n|switch|p1a: Ditto|Ditto, shiny|22\/100|[from] U-turn\n|\n|upkeep\n|turn|32\n|c|\u2606TommyJTC|Yo why didnt it transform what\n|\n|t:|1700290563\n|move|p2a: Ogerpon|Ivy Cudgel|p1a: Ditto\n|-damage|p1a: Ditto|0 fnt\n|faint|p1a: Ditto\n|\n|upkeep\n|c|\u2606TheZalmancer|idk\n|c|\u2606TheZalmancer|are you cheating\\\n|c|\u2606TommyJTC|No\n|\n|t:|1700290575\n|switch|p1a: Ogerpon|Ogerpon-Wellspring, F|100\/100\n|turn|33\n|c|\u2606TheZalmancer|!weak grass\n|c| TheZalmancer|\/raw <div class=\"infobox\">Grass:<br \/><span class=\"message-effect-weak\">Weaknesses<\/span>: Bug, Fire, Flying, Ice, Poison<br \/><span class=\"message-effect-resist\">Resistances<\/span>: Electric, Grass, Ground, Water<br \/><span class=\"message-effect-immune\">Immunities<\/span>: Powder moves<\/div>\n|\n|t:|1700290599\n|move|p2a: Ogerpon|Ivy Cudgel|p1a: Ogerpon\n|-damage|p1a: Ogerpon|10\/100\n|move|p1a: Ogerpon|Swords Dance|p1a: Ogerpon\n|-boost|p1a: Ogerpon|atk|2\n|\n|upkeep\n|turn|34\n|\n|t:|1700290605\n|move|p2a: Ogerpon|Ivy Cudgel|p1a: Ogerpon\n|-damage|p1a: Ogerpon|0 fnt\n|faint|p1a: Ogerpon\n|\n|upkeep\n|\n|t:|1700290616\n|switch|p1a: Corviknight|Corviknight, M, shiny|16\/100 par\n|turn|35\n|c|\u2606TommyJTC|I don't think i can kill the bird\n|\n|t:|1700290624\n|move|p1a: Corviknight|Protect|p1a: Corviknight\n|-singleturn|p1a: Corviknight|Protect\n|move|p2a: Ogerpon|Ivy Cudgel|p1a: Corviknight\n|-activate|p1a: Corviknight|move: Protect\n|\n|-heal|p1a: Corviknight|22\/100 par|[from] item: Leftovers\n|upkeep\n|turn|36\n|c|\u2606TheZalmancer|why do you keep using that one move\n|c|\u2606TheZalmancer|what happened\n|\n|t:|1700290644\n|move|p2a: Ogerpon|Knock Off|p1a: Corviknight\n|-damage|p1a: Corviknight|0 fnt\n|-enditem|p1a: Corviknight|Leftovers|[from] move: Knock Off|[of] p2a: Ogerpon\n|faint|p1a: Corviknight\n|\n|upkeep\n|\n|t:|1700290649\n|switch|p1a: Manaphy|Manaphy|100\/100\n|turn|37\n|c|\u2606TommyJTC|It has higher crit chance\n|\n|t:|1700290658\n|-terastallize|p1a: Manaphy|Fairy\n|move|p2a: Ogerpon|Ivy Cudgel|p1a: Manaphy\n|-damage|p1a: Manaphy|24\/100\n|move|p1a: Manaphy|Dazzling Gleam|p2a: Ogerpon\n|-damage|p2a: Ogerpon|38\/100\n|\n|-heal|p1a: Manaphy|30\/100|[from] item: Leftovers\n|upkeep\n|turn|38\n|c|\u2606TommyJTC|Was hoping for one but never came rip\n|c|\u2606TheZalmancer|ggs\n|\n|t:|1700290668\n|move|p2a: Ogerpon|Ivy Cudgel|p1a: Manaphy\n|-damage|p1a: Manaphy|0 fnt\n|faint|p1a: Manaphy\n|\n|win|TommyJTC\n|raw|TheZalmancer's rating: 1140 &rarr; <strong>1119<\/strong><br \/>(-21 for losing)\n|raw|TommyJTC's rating: 1191 &rarr; <strong>1212<\/strong><br \/>(+21 for winning)\n|c|\u2606TommyJTC|Was fun\n|c|\u2606TommyJTC|gg\n","uploadtime":1700290673,"views":13,"p1id":"thezalmancer","p2id":"tommyjtc","formatid":"gen9ou","rating":1119,"private":0,"password":""}