{"id":"gen9ou-1989456695","p1":"hahsgwawregvfaeg","p2":"Onte bad","format":"[Gen 9] OU","log":"|j|\u2606hahsgwawregvfaeg\n|j|\u2606Onte bad\n|t:|1699853333\n|gametype|singles\n|player|p1|hahsgwawregvfaeg|serena-masters2|1087\n|player|p2|Onte bad|2|1179\n|teamsize|p1|6\n|teamsize|p2|6\n|gen|9\n|tier|[Gen 9] OU\n|rated|\n|rule|Sleep Clause Mod: Limit one foe put to sleep\n|rule|Species Clause: Limit one of each Pok\u00e9mon\n|rule|OHKO Clause: OHKO moves are banned\n|rule|Evasion Items Clause: Evasion items are banned\n|rule|Evasion Moves Clause: Evasion moves are banned\n|rule|Endless Battle Clause: Forcing endless battles is banned\n|rule|HP Percentage Mod: HP is shown in percentages\n|clearpoke\n|poke|p1|Clefable, M|\n|poke|p1|Alomomola, F|\n|poke|p1|Blissey, F|\n|poke|p1|Clodsire, M|\n|poke|p1|Dondozo, F|\n|poke|p1|Amoonguss, F|\n|poke|p2|Gholdengo|\n|poke|p2|Glimmora, F|\n|poke|p2|Ribombee, F|\n|poke|p2|Cinderace, M|\n|poke|p2|Dragonite, F|\n|poke|p2|Thundurus-Therian, M|\n|teampreview\n|c|\u2606hahsgwawregvfaeg|gl hf\n|j| Alpha Lopunny\n|j| NewGuy789\n|c|\u2606Onte bad|agreed\n|l| Alpha Lopunny\n|\n|t:|1699853364\n|start\n|switch|p1a: Clefable|Clefable, M|100\/100\n|switch|p2a: Thundurus|Thundurus-Therian, M|100\/100\n|turn|1\n|\n|t:|1699853375\n|switch|p1a: Clodsire|Clodsire, M|100\/100\n|move|p2a: Thundurus|Volt Switch|p1a: Clodsire\n|-immune|p1a: Clodsire\n|\n|upkeep\n|turn|2\n|\n|t:|1699853395\n|switch|p2a: Gholdengo|Gholdengo|100\/100\n|move|p1a: Clodsire|Spikes|p2a: Gholdengo\n|-sidestart|p2: Onte bad|Spikes\n|\n|upkeep\n|turn|3\n|\n|t:|1699853409\n|move|p2a: Gholdengo|Shadow Ball|p1a: Clodsire\n|-damage|p1a: Clodsire|82\/100\n|move|p1a: Clodsire|Spikes|p2a: Gholdengo\n|-sidestart|p2: Onte bad|Spikes\n|\n|upkeep\n|turn|4\n|\n|t:|1699853416\n|switch|p2a: Dragonite|Dragonite, F|100\/100\n|move|p1a: Clodsire|Spikes|p2a: Dragonite\n|-sidestart|p2: Onte bad|Spikes\n|\n|upkeep\n|turn|5\n|\n|t:|1699853452\n|switch|p1a: Dondozo|Dondozo, F|100\/100\n|move|p2a: Dragonite|Earthquake|p1a: Dondozo\n|-damage|p1a: Dondozo|83\/100\n|\n|upkeep\n|turn|6\n|\n|t:|1699853462\n|switch|p2a: Glimmora|Glimmora, F|100\/100\n|-damage|p2a: Glimmora|76\/100|[from] Spikes\n|move|p1a: Dondozo|Waterfall|p2a: Glimmora\n|-supereffective|p2a: Glimmora\n|-damage|p2a: Glimmora|20\/100\n|-activate|p2a: Glimmora|ability: Toxic Debris\n|-sidestart|p1: hahsgwawregvfaeg|move: Toxic Spikes\n|\n|upkeep\n|turn|7\n|c|\u2606Onte bad|miscxlick;-;\n|c|\u2606hahsgwawregvfaeg|it ok\n|\n|t:|1699853484\n|move|p2a: Glimmora|Mortal Spin|p1a: Dondozo\n|-damage|p1a: Dondozo|80\/100\n|-status|p1a: Dondozo|psn\n|-sideend|p2: Onte bad|Spikes|[from] move: Mortal Spin|[of] p2a: Glimmora\n|move|p1a: Dondozo|Waterfall|p2a: Glimmora\n|-supereffective|p2a: Glimmora\n|-damage|p2a: Glimmora|0 fnt\n|-activate|p2a: Glimmora|ability: Toxic Debris\n|-sidestart|p1: hahsgwawregvfaeg|move: Toxic Spikes\n|faint|p2a: Glimmora\n|\n|-damage|p1a: Dondozo|68\/100 psn|[from] psn\n|upkeep\n|\n|t:|1699853486\n|switch|p2a: Thundurus|Thundurus-Therian, M|100\/100\n|turn|8\n|\n|t:|1699853508\n|switch|p1a: Amoonguss|Amoonguss, F|100\/100\n|-sideend|p1: hahsgwawregvfaeg|move: Toxic Spikes|[of] p1a: Amoonguss\n|-terastallize|p2a: Thundurus|Ice\n|move|p2a: Thundurus|Tera Blast|p1a: Amoonguss|[anim] Tera Blast Ice\n|-supereffective|p1a: Amoonguss\n|-damage|p1a: Amoonguss|0 fnt\n|faint|p1a: Amoonguss\n|\n|upkeep\n|\n|t:|1699853521\n|switch|p1a: Blissey|Blissey, F|100\/100\n|turn|9\n|\n|t:|1699853537\n|switch|p2a: Cinderace|Cinderace, M|100\/100\n|move|p1a: Blissey|Stealth Rock|p2a: Cinderace\n|-sidestart|p2: Onte bad|move: Stealth Rock\n|\n|upkeep\n|turn|10\n|\n|t:|1699853560\n|move|p2a: Cinderace|Bulk Up|p2a: Cinderace\n|-start|p2a: Cinderace|typechange|Fighting|[from] ability: Libero\n|-boost|p2a: Cinderace|atk|1\n|-boost|p2a: Cinderace|def|1\n|move|p1a: Blissey|Stealth Rock||[still]\n|-fail|p1a: Blissey\n|\n|upkeep\n|turn|11\n|\n|t:|1699853572\n|switch|p1a: Dondozo|Dondozo, F|68\/100 psn\n|move|p2a: Cinderace|High Jump Kick|p1a: Dondozo\n|-damage|p1a: Dondozo|42\/100 psn\n|\n|-damage|p1a: Dondozo|30\/100 psn|[from] psn\n|upkeep\n|turn|12\n|\n|t:|1699853580\n|move|p2a: Cinderace|High Jump Kick|p1a: Dondozo\n|-damage|p1a: Dondozo|1\/100 psn\n|move|p1a: Dondozo|Rest|p1a: Dondozo\n|-status|p1a: Dondozo|slp|[from] move: Rest\n|-heal|p1a: Dondozo|100\/100 slp|[silent]\n|\n|upkeep\n|turn|13\n|c|\u2606Onte bad|1%-\n|\n|t:|1699853592\n|switch|p1a: Clefable|Clefable, M|100\/100\n|move|p2a: Cinderace|U-turn|p1a: Clefable\n|-resisted|p1a: Clefable\n|-damage|p1a: Clefable|88\/100\n|\n|t:|1699853595\n|switch|p2a: Gholdengo|Gholdengo|100\/100|[from] U-turn\n|-damage|p2a: Gholdengo|94\/100|[from] Stealth Rock\n|\n|-heal|p2a: Gholdengo|100\/100|[from] item: Leftovers\n|-heal|p1a: Clefable|94\/100|[from] item: Leftovers\n|upkeep\n|turn|14\n|\n|t:|1699853615\n|switch|p1a: Blissey|Blissey, F|100\/100\n|move|p2a: Gholdengo|Make It Rain|p1a: Blissey\n|-damage|p1a: Blissey|85\/100\n|-unboost|p2a: Gholdengo|spa|1\n|\n|upkeep\n|turn|15\n|\n|t:|1699853658\n|switch|p2a: Dragonite|Dragonite, F|100\/100\n|-damage|p2a: Dragonite|76\/100|[from] Stealth Rock\n|move|p1a: Blissey|Seismic Toss|p2a: Dragonite\n|-damage|p2a: Dragonite|45\/100\n|\n|upkeep\n|turn|16\n|\n|t:|1699853679\n|switch|p1a: Clefable|Clefable, M|94\/100\n|move|p2a: Dragonite|Roost|p2a: Dragonite\n|-heal|p2a: Dragonite|95\/100\n|-singleturn|p2a: Dragonite|move: Roost\n|\n|-heal|p1a: Clefable|99\/100|[from] item: Leftovers\n|upkeep\n|turn|17\n|\n|t:|1699853688\n|switch|p2a: Cinderace|Cinderace, M|100\/100\n|move|p1a: Clefable|Moonblast|p2a: Cinderace\n|-resisted|p2a: Cinderace\n|-damage|p2a: Cinderace|77\/100\n|\n|-heal|p1a: Clefable|100\/100|[from] item: Leftovers\n|upkeep\n|turn|18\n|\n|t:|1699853696\n|move|p1a: Clefable|Protect|p1a: Clefable\n|-singleturn|p1a: Clefable|Protect\n|move|p2a: Cinderace|Pyro Ball|p1a: Clefable\n|-activate|p1a: Clefable|move: Protect\n|\n|upkeep\n|turn|19\n|\n|t:|1699853706\n|switch|p1a: Alomomola|Alomomola, F|100\/100\n|move|p2a: Cinderace|Pyro Ball|p1a: Alomomola\n|-resisted|p1a: Alomomola\n|-damage|p1a: Alomomola|84\/100\n|\n|upkeep\n|turn|20\n|\n|t:|1699853727\n|move|p2a: Cinderace|U-turn|p1a: Alomomola\n|-start|p2a: Cinderace|typechange|Bug|[from] ability: Libero\n|-damage|p1a: Alomomola|66\/100\n|\n|t:|1699853730\n|switch|p2a: Thundurus|Thundurus-Therian, M, tera:Ice|100\/100|[from] U-turn\n|-damage|p2a: Thundurus|76\/100|[from] Stealth Rock\n|move|p1a: Alomomola|Flip Turn|p2a: Thundurus\n|-damage|p2a: Thundurus|52\/100\n|\n|t:|1699853742\n|switch|p1a: Blissey|Blissey, F|85\/100|[from] Flip Turn\n|\n|upkeep\n|turn|21\n|\n|t:|1699853749\n|move|p2a: Thundurus|Volt Switch|p1a: Blissey\n|-damage|p1a: Blissey|69\/100\n|\n|t:|1699853774\n|switch|p2a: Gholdengo|Gholdengo|100\/100|[from] Volt Switch\n|-damage|p2a: Gholdengo|94\/100|[from] Stealth Rock\n|move|p1a: Blissey|Seismic Toss|p2a: Gholdengo\n|-immune|p2a: Gholdengo\n|\n|-heal|p2a: Gholdengo|100\/100|[from] item: Leftovers\n|upkeep\n|turn|22\n|inactive|Battle timer is ON: inactive players will automatically lose when time's up. (requested by Onte bad)\n|\n|t:|1699853834\n|move|p1a: Blissey|Protect|p1a: Blissey\n|-singleturn|p1a: Blissey|Protect\n|move|p2a: Gholdengo|Nasty Plot|p2a: Gholdengo\n|-boost|p2a: Gholdengo|spa|2\n|\n|upkeep\n|turn|23\n|l| NewGuy789\n|c|\u2606hahsgwawregvfaeg|sorry was finding a sogn\n|\n|t:|1699853846\n|switch|p1a: Clodsire|Clodsire, M|82\/100\n|move|p2a: Gholdengo|Nasty Plot|p2a: Gholdengo\n|-boost|p2a: Gholdengo|spa|2\n|\n|upkeep\n|turn|24\n|c|\u2606Onte bad|alr\n|\n|t:|1699853862\n|move|p2a: Gholdengo|Shadow Ball|p1a: Clodsire\n|-damage|p1a: Clodsire|63\/100\n|move|p1a: Clodsire|Amnesia|p1a: Clodsire\n|-boost|p1a: Clodsire|spd|2\n|\n|upkeep\n|turn|25\n|\n|t:|1699853878\n|switch|p2a: Dragonite|Dragonite, F|95\/100\n|-damage|p2a: Dragonite|70\/100|[from] Stealth Rock\n|move|p1a: Clodsire|Spikes|p2a: Dragonite\n|-sidestart|p2: Onte bad|Spikes\n|\n|upkeep\n|turn|26\n|\n|t:|1699853894\n|switch|p1a: Clefable|Clefable, M|100\/100\n|move|p2a: Dragonite|Earthquake|p1a: Clefable\n|-damage|p1a: Clefable|70\/100\n|\n|-heal|p1a: Clefable|76\/100|[from] item: Leftovers\n|upkeep\n|turn|27\n|\n|t:|1699853900\n|move|p2a: Dragonite|Roost|p2a: Dragonite\n|-heal|p2a: Dragonite|100\/100\n|-singleturn|p2a: Dragonite|move: Roost\n|move|p1a: Clefable|Moonblast|p2a: Dragonite\n|-supereffective|p2a: Dragonite\n|-damage|p2a: Dragonite|70\/100\n|\n|-heal|p1a: Clefable|82\/100|[from] item: Leftovers\n|upkeep\n|turn|28\n|c|\u2606Onte bad|Im to lazy to finish this- your most likely gonna win anyways\n|-message|Onte bad forfeited.\n|\n|win|hahsgwawregvfaeg\n|raw|hahsgwawregvfaeg's rating: 1087 &rarr; <strong>1121<\/strong><br \/>(+34 for winning)\n|raw|Onte bad's rating: 1179 &rarr; <strong>1148<\/strong><br \/>(-31 for losing)\n|c|\u2606hahsgwawregvfaeg|sorry\n|c|\u2606Onte bad|its fine\n|c|\u2606hahsgwawregvfaeg|i foubnd this team in a random disc srever\n|c|\u2606Onte bad|alr\n|c|\u2606hahsgwawregvfaeg|gg!!\n|l|\u2606hahsgwawregvfaeg\n|c|\u2606Onte bad|letting glimmora die by misclicking was bad for em\n","uploadtime":1699853952,"views":9,"p1id":"hahsgwawregvfaeg","p2id":"ontebad","formatid":"gen9ou","rating":1121,"private":0,"password":""}