{"id":"gen9ou-1992321745","p1":"Shinytra","p2":"Ibaragi Test","format":"[Gen 9] OU","log":"|j|\u2606Shinytra\n|j|\u2606Ibaragi Test\n|t:|1700174505\n|gametype|singles\n|player|p1|Shinytra|102|1455\n|player|p2|Ibaragi Test|cynthia|1476\n|teamsize|p1|6\n|teamsize|p2|6\n|gen|9\n|tier|[Gen 9] OU\n|rated|\n|rule|Sleep Clause Mod: Limit one foe put to sleep\n|rule|Species Clause: Limit one of each Pok\u00e9mon\n|rule|OHKO Clause: OHKO moves are banned\n|rule|Evasion Items Clause: Evasion items are banned\n|rule|Evasion Moves Clause: Evasion moves are banned\n|rule|Endless Battle Clause: Forcing endless battles is banned\n|rule|HP Percentage Mod: HP is shown in percentages\n|clearpoke\n|poke|p1|Glimmora, F|\n|poke|p1|Ceruledge, M|\n|poke|p1|Ogerpon-Wellspring, F|\n|poke|p1|Kingambit, F|\n|poke|p1|Dragonite, F|\n|poke|p1|Enamorus, F|\n|poke|p2|Skeledirge, M|\n|poke|p2|Clefable, M|\n|poke|p2|Ogerpon-Wellspring, F|\n|poke|p2|Sinistcha-Masterpiece|\n|poke|p2|Heatran, M|\n|poke|p2|Zamazenta-*|\n|teampreview\n|\n|t:|1700174536\n|start\n|switch|p1a: Glimmora|Glimmora, F|100\/100\n|switch|p2a: Ogerpon|Ogerpon-Wellspring, F|100\/100\n|turn|1\n|\n|t:|1700174544\n|move|p2a: Ogerpon|Ivy Cudgel|p1a: Glimmora|[anim] Ivy Cudgel Water\n|-supereffective|p1a: Glimmora\n|-enditem|p1a: Glimmora|Focus Sash\n|-damage|p1a: Glimmora|1\/100\n|-activate|p1a: Glimmora|ability: Toxic Debris\n|-sidestart|p2: Ibaragi Test|move: Toxic Spikes\n|move|p1a: Glimmora|Stealth Rock|p2a: Ogerpon\n|-sidestart|p2: Ibaragi Test|move: Stealth Rock\n|\n|upkeep\n|turn|2\n|\n|t:|1700174552\n|move|p2a: Ogerpon|Ivy Cudgel|p1a: Glimmora|[anim] Ivy Cudgel Water\n|-supereffective|p1a: Glimmora\n|-damage|p1a: Glimmora|0 fnt\n|-activate|p1a: Glimmora|ability: Toxic Debris\n|-sidestart|p2: Ibaragi Test|move: Toxic Spikes\n|faint|p1a: Glimmora\n|\n|upkeep\n|\n|t:|1700174571\n|switch|p1a: Ceruledge|Ceruledge, M|100\/100\n|turn|3\n|\n|t:|1700174582\n|move|p2a: Ogerpon|Swords Dance|p2a: Ogerpon\n|-boost|p2a: Ogerpon|atk|2\n|move|p1a: Ceruledge|Swords Dance|p1a: Ceruledge\n|-boost|p1a: Ceruledge|atk|2\n|\n|upkeep\n|turn|4\n|\n|t:|1700174586\n|move|p2a: Ogerpon|Encore|p1a: Ceruledge\n|-start|p1a: Ceruledge|Encore\n|move|p1a: Ceruledge|Swords Dance|p1a: Ceruledge\n|-boost|p1a: Ceruledge|atk|2\n|\n|upkeep\n|turn|5\n|\n|t:|1700174591\n|switch|p1a: Dragonite|Dragonite, F|100\/100\n|move|p2a: Ogerpon|Ivy Cudgel|p1a: Dragonite|[anim] Ivy Cudgel Water\n|-resisted|p1a: Dragonite\n|-damage|p1a: Dragonite|68\/100\n|\n|upkeep\n|turn|6\n|\n|t:|1700174602\n|move|p1a: Dragonite|Extreme Speed|p2a: Ogerpon\n|-damage|p2a: Ogerpon|58\/100\n|move|p2a: Ogerpon|Horn Leech|p1a: Dragonite\n|-resisted|p1a: Dragonite\n|-damage|p1a: Dragonite|45\/100\n|-heal|p2a: Ogerpon|71\/100|[from] drain|[of] p1a: Dragonite\n|\n|upkeep\n|turn|7\n|\n|t:|1700174613\n|move|p1a: Dragonite|Extreme Speed|p2a: Ogerpon\n|-damage|p2a: Ogerpon|31\/100\n|move|p2a: Ogerpon|Ivy Cudgel|p1a: Dragonite|[anim] Ivy Cudgel Water\n|-resisted|p1a: Dragonite\n|-crit|p1a: Dragonite\n|-damage|p1a: Dragonite|0 fnt\n|faint|p1a: Dragonite\n|\n|upkeep\n|\n|t:|1700174622\n|switch|p1a: Ceruledge|Ceruledge, M|100\/100\n|turn|8\n|\n|t:|1700174625\n|move|p1a: Ceruledge|Shadow Sneak|p2a: Ogerpon\n|-damage|p2a: Ogerpon|3\/100\n|move|p2a: Ogerpon|Ivy Cudgel|p1a: Ceruledge|[anim] Ivy Cudgel Water\n|-supereffective|p1a: Ceruledge\n|-enditem|p1a: Ceruledge|Focus Sash\n|-damage|p1a: Ceruledge|1\/100\n|-ability|p1a: Ceruledge|Weak Armor|boost\n|-unboost|p1a: Ceruledge|def|1\n|-boost|p1a: Ceruledge|spe|2\n|\n|upkeep\n|turn|9\n|\n|t:|1700174630\n|move|p1a: Ceruledge|Shadow Sneak|p2a: Ogerpon\n|-damage|p2a: Ogerpon|0 fnt\n|faint|p2a: Ogerpon\n|\n|upkeep\n|\n|t:|1700174632\n|switch|p2a: Zamazenta|Zamazenta|100\/100\n|-status|p2a: Zamazenta|tox\n|-damage|p2a: Zamazenta|94\/100 tox|[from] Stealth Rock\n|-ability|p2a: Zamazenta|Dauntless Shield|boost\n|-boost|p2a: Zamazenta|def|1\n|turn|10\n|\n|t:|1700174639\n|move|p1a: Ceruledge|Bitter Blade|p2a: Zamazenta\n|-damage|p2a: Zamazenta|74\/100 tox\n|-heal|p1a: Ceruledge|14\/100|[from] drain|[of] p2a: Zamazenta\n|move|p2a: Zamazenta|Crunch|p1a: Ceruledge\n|-supereffective|p1a: Ceruledge\n|-damage|p1a: Ceruledge|0 fnt\n|faint|p1a: Ceruledge\n|\n|-damage|p2a: Zamazenta|67\/100 tox|[from] psn\n|upkeep\n|\n|t:|1700174647\n|switch|p1a: Enamorus|Enamorus, F|100\/100\n|turn|11\n|\n|t:|1700174657\n|switch|p1a: Kingambit|Kingambit, F|100\/100\n|-activate|p1a: Kingambit|ability: Supreme Overlord\n|-start|p1a: Kingambit|fallen3|[silent]\n|switch|p2a: Clefable|Clefable, M|100\/100\n|-status|p2a: Clefable|tox\n|\n|upkeep\n|turn|12\n|\n|t:|1700174667\n|switch|p2a: Zamazenta|Zamazenta|67\/100 tox\n|-damage|p2a: Zamazenta|61\/100 tox|[from] Stealth Rock\n|move|p1a: Kingambit|Iron Head|p2a: Zamazenta\n|-damage|p2a: Zamazenta|23\/100 tox\n|\n|-damage|p2a: Zamazenta|17\/100 tox|[from] psn\n|upkeep\n|turn|13\n|\n|t:|1700174674\n|move|p1a: Kingambit|Sucker Punch|p2a: Zamazenta\n|-resisted|p2a: Zamazenta\n|-damage|p2a: Zamazenta|0 fnt\n|faint|p2a: Zamazenta\n|\n|upkeep\n|\n|t:|1700174677\n|switch|p2a: Skeledirge|Skeledirge, M|100\/100\n|turn|14\n|\n|t:|1700174687\n|-end|p1a: Kingambit|fallen3|[silent]\n|switch|p1a: Ogerpon|Ogerpon-Wellspring, F|100\/100\n|-terastallize|p2a: Skeledirge|Water\n|move|p2a: Skeledirge|Will-O-Wisp|p1a: Ogerpon|[miss]\n|-miss|p2a: Skeledirge|p1a: Ogerpon\n|\n|upkeep\n|turn|15\n|\n|t:|1700174695\n|switch|p2a: Sinistcha|Sinistcha-Masterpiece|100\/100\n|move|p1a: Ogerpon|Power Whip|p2a: Sinistcha\n|-resisted|p2a: Sinistcha\n|-damage|p2a: Sinistcha|74\/100\n|\n|upkeep\n|turn|16\n|\n|t:|1700174707\n|switch|p1a: Enamorus|Enamorus, F|100\/100\n|move|p2a: Sinistcha|Matcha Gotcha|p1a: Enamorus\n|-resisted|p1a: Enamorus\n|-damage|p1a: Enamorus|75\/100\n|-heal|p2a: Sinistcha|84\/100|[from] drain|[of] p1a: Enamorus\n|\n|upkeep\n|turn|17\n|\n|t:|1700174723\n|switch|p1a: Kingambit|Kingambit, F|100\/100\n|-activate|p1a: Kingambit|ability: Supreme Overlord\n|-start|p1a: Kingambit|fallen3|[silent]\n|switch|p2a: Clefable|Clefable, M|100\/100 tox\n|\n|upkeep\n|turn|18\n|\n|t:|1700174735\n|switch|p2a: Skeledirge|Skeledirge, M, tera:Water|100\/100\n|move|p1a: Kingambit|Iron Head|p2a: Skeledirge\n|-resisted|p2a: Skeledirge\n|-damage|p2a: Skeledirge|84\/100\n|\n|upkeep\n|turn|19\n|\n|t:|1700174748\n|-end|p1a: Kingambit|fallen3|[silent]\n|switch|p1a: Enamorus|Enamorus, F|75\/100\n|move|p2a: Skeledirge|Will-O-Wisp|p1a: Enamorus\n|-status|p1a: Enamorus|brn\n|\n|-damage|p1a: Enamorus|69\/100 brn|[from] brn\n|upkeep\n|turn|20\n|\n|t:|1700174759\n|switch|p2a: Heatran|Heatran, M|100\/100\n|-damage|p2a: Heatran|88\/100|[from] Stealth Rock\n|move|p1a: Enamorus|Moonblast|p2a: Heatran\n|-resisted|p2a: Heatran\n|-damage|p2a: Heatran|80\/100\n|-unboost|p2a: Heatran|spa|1\n|\n|-heal|p2a: Heatran|86\/100|[from] item: Leftovers\n|-damage|p1a: Enamorus|63\/100 brn|[from] brn\n|upkeep\n|turn|21\n|\n|t:|1700174776\n|switch|p1a: Ogerpon|Ogerpon-Wellspring, F|100\/100\n|move|p2a: Heatran|Stealth Rock|p1a: Ogerpon\n|-sidestart|p1: Shinytra|move: Stealth Rock\n|\n|-heal|p2a: Heatran|92\/100|[from] item: Leftovers\n|upkeep\n|turn|22\n|\n|t:|1700174787\n|switch|p2a: Sinistcha|Sinistcha-Masterpiece|84\/100\n|-terastallize|p1a: Ogerpon|Water\n|detailschange|p1a: Ogerpon|Ogerpon-Wellspring-Tera, F, tera:Water\n|-ability|p1a: Ogerpon|Embody Aspect (Wellspring)|boost\n|-boost|p1a: Ogerpon|spd|1\n|move|p1a: Ogerpon|Ivy Cudgel|p2a: Sinistcha|[anim] Ivy Cudgel Water\n|-resisted|p2a: Sinistcha\n|-damage|p2a: Sinistcha|49\/100\n|\n|upkeep\n|turn|23\n|\n|t:|1700174807\n|switch|p1a: Enamorus|Enamorus, F|63\/100 brn\n|-damage|p1a: Enamorus|38\/100 brn|[from] Stealth Rock\n|move|p2a: Sinistcha|Strength Sap|p1a: Enamorus\n|-unboost|p1a: Enamorus|atk|1\n|-heal|p2a: Sinistcha|100\/100\n|\n|-damage|p1a: Enamorus|32\/100 brn|[from] brn\n|upkeep\n|turn|24\n|\n|t:|1700174821\n|switch|p2a: Clefable|Clefable, M|100\/100 tox\n|move|p1a: Enamorus|Mystical Fire|p2a: Clefable\n|-damage|p2a: Clefable|83\/100 tox\n|-unboost|p2a: Clefable|spa|1\n|\n|-heal|p2a: Clefable|89\/100 tox|[from] item: Leftovers\n|-damage|p1a: Enamorus|25\/100 brn|[from] brn\n|upkeep\n|turn|25\n|\n|t:|1700174825\n|move|p1a: Enamorus|Mystical Fire|p2a: Clefable\n|-damage|p2a: Clefable|70\/100 tox\n|-unboost|p2a: Clefable|spa|1\n|move|p2a: Clefable|Moonblast|p1a: Enamorus\n|-damage|p1a: Enamorus|4\/100 brn\n|\n|-heal|p2a: Clefable|76\/100 tox|[from] item: Leftovers\n|-damage|p1a: Enamorus|0 fnt|[from] brn\n|faint|p1a: Enamorus\n|upkeep\n|\n|t:|1700174843\n|switch|p1a: Ogerpon|Ogerpon-Wellspring-Tera, F, tera:Water|100\/100\n|-damage|p1a: Ogerpon|88\/100|[from] Stealth Rock\n|-ability|p1a: Ogerpon|Embody Aspect (Wellspring)|boost\n|-boost|p1a: Ogerpon|spd|1\n|turn|26\n|\n|t:|1700174858\n|move|p1a: Ogerpon|Swords Dance|p1a: Ogerpon\n|-boost|p1a: Ogerpon|atk|2\n|move|p2a: Clefable|Healing Wish|p2a: Clefable\n|faint|p2a: Clefable\n|\n|upkeep\n|\n|t:|1700174860\n|switch|p2a: Sinistcha|Sinistcha-Masterpiece|100\/100\n|turn|27\n|\n|t:|1700174869\n|move|p1a: Ogerpon|Power Whip|p2a: Sinistcha\n|-resisted|p2a: Sinistcha\n|-damage|p2a: Sinistcha|47\/100\n|move|p2a: Sinistcha|Matcha Gotcha|p1a: Ogerpon\n|-supereffective|p1a: Ogerpon\n|-damage|p1a: Ogerpon|28\/100\n|-heal|p2a: Sinistcha|73\/100|[from] drain|[of] p1a: Ogerpon\n|\n|upkeep\n|turn|28\n|\n|t:|1700174881\n|move|p1a: Ogerpon|Power Whip|p2a: Sinistcha\n|-resisted|p2a: Sinistcha\n|-damage|p2a: Sinistcha|13\/100\n|move|p2a: Sinistcha|Matcha Gotcha|p1a: Ogerpon|[miss]\n|-miss|p2a: Sinistcha|p1a: Ogerpon\n|\n|upkeep\n|turn|29\n|\n|t:|1700174890\n|move|p1a: Ogerpon|Ivy Cudgel|p2a: Sinistcha|[anim] Ivy Cudgel Water\n|-resisted|p2a: Sinistcha\n|-damage|p2a: Sinistcha|0 fnt\n|faint|p2a: Sinistcha\n|\n|upkeep\n|\n|t:|1700174892\n|switch|p2a: Skeledirge|Skeledirge, M, tera:Water|84\/100\n|-heal|p2a: Skeledirge|100\/100|[from] move: Healing Wish\n|turn|30\n|\n|t:|1700174896\n|move|p1a: Ogerpon|Power Whip|p2a: Skeledirge\n|-supereffective|p2a: Skeledirge\n|-damage|p2a: Skeledirge|23\/100\n|move|p2a: Skeledirge|Hex|p1a: Ogerpon\n|-damage|p1a: Ogerpon|1\/100\n|\n|upkeep\n|turn|31\n|\n|t:|1700174906\n|move|p1a: Ogerpon|Power Whip|p2a: Skeledirge\n|-supereffective|p2a: Skeledirge\n|-damage|p2a: Skeledirge|0 fnt\n|faint|p2a: Skeledirge\n|\n|upkeep\n|\n|t:|1700174908\n|switch|p2a: Heatran|Heatran, M|92\/100\n|-damage|p2a: Heatran|80\/100|[from] Stealth Rock\n|turn|32\n|\n|t:|1700174911\n|move|p1a: Ogerpon|Ivy Cudgel|p2a: Heatran|[anim] Ivy Cudgel Water\n|-supereffective|p2a: Heatran\n|-damage|p2a: Heatran|0 fnt\n|faint|p2a: Heatran\n|\n|win|Shinytra\n|raw|Shinytra's rating: 1455 &rarr; <strong>1476<\/strong><br \/>(+21 for winning)\n|raw|Ibaragi Test's rating: 1476 &rarr; <strong>1455<\/strong><br \/>(-21 for losing)\n|l|\u2606Ibaragi Test\n","uploadtime":1700174932,"views":8,"p1id":"shinytra","p2id":"ibaragitest","formatid":"gen9ou","rating":1455,"private":0,"password":""}