{"id":"gen9ou-1988577181","p1":"chordoverstreet","p2":"lancer92","format":"[Gen 9] OU","log":"|j|\u2606chordoverstreet\n|j|\u2606lancer92\n|t:|1699738022\n|gametype|singles\n|player|p1|chordoverstreet|102|1252\n|player|p2|lancer92|169|1157\n|teamsize|p1|6\n|teamsize|p2|6\n|gen|9\n|tier|[Gen 9] OU\n|rated|\n|rule|Sleep Clause Mod: Limit one foe put to sleep\n|rule|Species Clause: Limit one of each Pok\u00e9mon\n|rule|OHKO Clause: OHKO moves are banned\n|rule|Evasion Items Clause: Evasion items are banned\n|rule|Evasion Moves Clause: Evasion moves are banned\n|rule|Endless Battle Clause: Forcing endless battles is banned\n|rule|HP Percentage Mod: HP is shown in percentages\n|clearpoke\n|poke|p1|Ting-Lu|\n|poke|p1|Rillaboom, F|\n|poke|p1|Samurott-Hisui, F|\n|poke|p1|Gholdengo|\n|poke|p1|Hatterene, F|\n|poke|p1|Great Tusk|\n|poke|p2|Slowbro-Galar, M|\n|poke|p2|Cyclizar, M|\n|poke|p2|Dragapult, F|\n|poke|p2|Arcanine-Hisui, F|\n|poke|p2|Zapdos|\n|poke|p2|Walking Wake|\n|teampreview\n|\n|t:|1699738042\n|start\n|switch|p1a: Samurott|Samurott-Hisui, F|100\/100\n|switch|p2a: Cyclizar|Cyclizar, M|100\/100\n|turn|1\n|inactive|Battle timer is ON: inactive players will automatically lose when time's up. (requested by chordoverstreet)\n|\n|t:|1699738081\n|switch|p1a: Gholdengo|Gholdengo|100\/100\n|move|p2a: Cyclizar|Draco Meteor|p1a: Gholdengo\n|-resisted|p1a: Gholdengo\n|-damage|p1a: Gholdengo|82\/100\n|-unboost|p2a: Cyclizar|spa|2\n|\n|-heal|p1a: Gholdengo|88\/100|[from] item: Leftovers\n|upkeep\n|turn|2\n|\n|t:|1699738103\n|move|p2a: Cyclizar|Knock Off|p1a: Gholdengo\n|-supereffective|p1a: Gholdengo\n|-damage|p1a: Gholdengo|63\/100\n|-enditem|p1a: Gholdengo|Leftovers|[from] move: Knock Off|[of] p2a: Cyclizar\n|move|p1a: Gholdengo|Nasty Plot|p1a: Gholdengo\n|-boost|p1a: Gholdengo|spa|2\n|\n|upkeep\n|turn|3\n|\n|t:|1699738115\n|move|p2a: Cyclizar|Knock Off|p1a: Gholdengo\n|-supereffective|p1a: Gholdengo\n|-damage|p1a: Gholdengo|46\/100\n|move|p1a: Gholdengo|Make It Rain|p2a: Cyclizar\n|-damage|p2a: Cyclizar|0 fnt\n|-unboost|p1a: Gholdengo|spa|1\n|faint|p2a: Cyclizar\n|\n|upkeep\n|\n|t:|1699738130\n|switch|p2a: Walking Wake|Walking Wake|100\/100\n|turn|4\n|\n|t:|1699738137\n|switch|p1a: Rillaboom|Rillaboom, F|100\/100\n|-fieldstart|move: Grassy Terrain|[from] ability: Grassy Surge|[of] p1a: Rillaboom\n|move|p2a: Walking Wake|Flamethrower|p1a: Rillaboom\n|-supereffective|p1a: Rillaboom\n|-damage|p1a: Rillaboom|18\/100\n|\n|-heal|p1a: Rillaboom|25\/100|[from] Grassy Terrain\n|upkeep\n|turn|5\n|\n|t:|1699738157\n|-end|p2a: Walking Wake|Protosynthesis|[silent]\n|switch|p2a: Zapdos|Zapdos|100\/100\n|switch|p1a: Ting-Lu|Ting-Lu|100\/100\n|-ability|p1a: Ting-Lu|Vessel of Ruin\n|\n|upkeep\n|turn|6\n|\n|t:|1699738168\n|move|p2a: Zapdos|Hurricane|p1a: Ting-Lu|[miss]\n|-miss|p2a: Zapdos|p1a: Ting-Lu\n|move|p1a: Ting-Lu|Stealth Rock|p2a: Zapdos\n|-sidestart|p2: lancer92|move: Stealth Rock\n|\n|upkeep\n|turn|7\n|\n|t:|1699738178\n|move|p2a: Zapdos|Hurricane|p1a: Ting-Lu|[miss]\n|-miss|p2a: Zapdos|p1a: Ting-Lu\n|move|p1a: Ting-Lu|Ruination|p2a: Zapdos\n|-damage|p2a: Zapdos|50\/100\n|\n|-heal|p2a: Zapdos|57\/100|[from] item: Leftovers\n|upkeep\n|turn|8\n|\n|t:|1699738194\n|move|p2a: Zapdos|Roost|p2a: Zapdos\n|-heal|p2a: Zapdos|100\/100\n|-singleturn|p2a: Zapdos|move: Roost\n|move|p1a: Ting-Lu|Ruination|p2a: Zapdos\n|-damage|p2a: Zapdos|50\/100\n|\n|-heal|p2a: Zapdos|57\/100|[from] Grassy Terrain\n|-heal|p2a: Zapdos|63\/100|[from] item: Leftovers\n|-fieldend|move: Grassy Terrain\n|upkeep\n|turn|9\n|\n|t:|1699738202\n|move|p2a: Zapdos|Hurricane|p1a: Ting-Lu\n|-damage|p1a: Ting-Lu|73\/100\n|-start|p1a: Ting-Lu|confusion\n|-activate|p1a: Ting-Lu|confusion\n|-damage|p1a: Ting-Lu|68\/100|[from] confusion\n|\n|-heal|p2a: Zapdos|69\/100|[from] item: Leftovers\n|-heal|p1a: Ting-Lu|75\/100|[from] item: Leftovers\n|upkeep\n|turn|10\n|\n|t:|1699738217\n|move|p2a: Zapdos|Hurricane|p1a: Ting-Lu\n|-damage|p1a: Ting-Lu|44\/100\n|-end|p1a: Ting-Lu|confusion\n|move|p1a: Ting-Lu|Ruination|p2a: Zapdos\n|-damage|p2a: Zapdos|35\/100\n|\n|-heal|p2a: Zapdos|41\/100|[from] item: Leftovers\n|-heal|p1a: Ting-Lu|50\/100|[from] item: Leftovers\n|upkeep\n|turn|11\n|\n|t:|1699738230\n|move|p2a: Zapdos|Hurricane|p1a: Ting-Lu\n|-damage|p1a: Ting-Lu|21\/100\n|-start|p1a: Ting-Lu|confusion\n|-activate|p1a: Ting-Lu|confusion\n|-damage|p1a: Ting-Lu|17\/100|[from] confusion\n|\n|-heal|p2a: Zapdos|47\/100|[from] item: Leftovers\n|-heal|p1a: Ting-Lu|23\/100|[from] item: Leftovers\n|upkeep\n|turn|12\n|\n|t:|1699738242\n|move|p2a: Zapdos|Roost|p2a: Zapdos\n|-heal|p2a: Zapdos|97\/100\n|-singleturn|p2a: Zapdos|move: Roost\n|-activate|p1a: Ting-Lu|confusion\n|-damage|p1a: Ting-Lu|18\/100|[from] confusion\n|\n|-heal|p2a: Zapdos|100\/100|[from] item: Leftovers\n|-heal|p1a: Ting-Lu|24\/100|[from] item: Leftovers\n|upkeep\n|turn|13\n|\n|t:|1699738251\n|move|p2a: Zapdos|Heat Wave|p1a: Ting-Lu\n|-damage|p1a: Ting-Lu|7\/100\n|-end|p1a: Ting-Lu|confusion\n|move|p1a: Ting-Lu|Whirlwind|p2a: Zapdos\n|drag|p2a: Slowbro|Slowbro-Galar, M|100\/100\n|-damage|p2a: Slowbro|88\/100|[from] Stealth Rock\n|\n|-heal|p1a: Ting-Lu|13\/100|[from] item: Leftovers\n|upkeep\n|turn|14\n|\n|t:|1699738265\n|switch|p2a: Zapdos|Zapdos|100\/100\n|-damage|p2a: Zapdos|75\/100|[from] Stealth Rock\n|move|p1a: Ting-Lu|Earthquake|p2a: Zapdos\n|-immune|p2a: Zapdos\n|\n|-heal|p2a: Zapdos|82\/100|[from] item: Leftovers\n|-heal|p1a: Ting-Lu|19\/100|[from] item: Leftovers\n|upkeep\n|turn|15\n|\n|t:|1699738291\n|switch|p1a: Hatterene|Hatterene, F|100\/100\n|move|p2a: Zapdos|Hurricane|p1a: Hatterene\n|-damage|p1a: Hatterene|32\/100\n|-enditem|p1a: Hatterene|Red Card|[of] p2a: Zapdos\n|drag|p2a: Arcanine|Arcanine-Hisui, F|100\/100\n|-damage|p2a: Arcanine|76\/100|[from] Stealth Rock\n|\n|upkeep\n|turn|16\n|inactive|chordoverstreet has 120 seconds left.\n|\n|t:|1699738320\n|move|p2a: Arcanine|Head Smash|p1a: Hatterene\n|-damage|p1a: Hatterene|0 fnt\n|faint|p1a: Hatterene\n|\n|upkeep\n|\n|t:|1699738323\n|switch|p1a: Samurott|Samurott-Hisui, F|100\/100\n|turn|17\n|inactive|chordoverstreet has 120 seconds left.\n|\n|t:|1699738342\n|move|p1a: Samurott|Ceaseless Edge|p2a: Arcanine\n|-damage|p2a: Arcanine|19\/100\n|-sidestart|p2: lancer92|Spikes\n|move|p2a: Arcanine|Head Smash|p1a: Samurott\n|-damage|p1a: Samurott|0 fnt\n|faint|p1a: Samurott\n|\n|upkeep\n|\n|t:|1699738348\n|switch|p1a: Great Tusk|Great Tusk|100\/100\n|-enditem|p1a: Great Tusk|Booster Energy\n|-activate|p1a: Great Tusk|ability: Protosynthesis|[fromitem]\n|-start|p1a: Great Tusk|protosynthesisspe\n|turn|18\n|\n|t:|1699738363\n|-terastallize|p1a: Great Tusk|Steel\n|move|p1a: Great Tusk|Bulk Up|p1a: Great Tusk\n|-boost|p1a: Great Tusk|atk|1\n|-boost|p1a: Great Tusk|def|1\n|move|p2a: Arcanine|Head Smash|p1a: Great Tusk\n|-resisted|p1a: Great Tusk\n|-damage|p1a: Great Tusk|74\/100\n|\n|upkeep\n|turn|19\n|\n|t:|1699738388\n|move|p1a: Great Tusk|Bulk Up|p1a: Great Tusk\n|-boost|p1a: Great Tusk|atk|1\n|-boost|p1a: Great Tusk|def|1\n|move|p2a: Arcanine|Head Smash|p1a: Great Tusk\n|-resisted|p1a: Great Tusk\n|-damage|p1a: Great Tusk|55\/100\n|\n|upkeep\n|turn|20\n|\n|t:|1699738403\n|move|p1a: Great Tusk|Rapid Spin|p2a: Arcanine\n|-resisted|p2a: Arcanine\n|-damage|p2a: Arcanine|0 fnt\n|-boost|p1a: Great Tusk|spe|1\n|faint|p2a: Arcanine\n|\n|upkeep\n|\n|t:|1699738408\n|switch|p2a: Zapdos|Zapdos|82\/100\n|-damage|p2a: Zapdos|57\/100|[from] Stealth Rock\n|turn|21\n|\n|t:|1699738415\n|move|p1a: Great Tusk|Ice Spinner|p2a: Zapdos\n|-supereffective|p2a: Zapdos\n|-damage|p2a: Zapdos|0 fnt\n|faint|p2a: Zapdos\n|\n|upkeep\n|\n|t:|1699738424\n|switch|p2a: Dragapult|Dragapult, F|100\/100\n|-damage|p2a: Dragapult|88\/100|[from] Stealth Rock\n|-damage|p2a: Dragapult|76\/100|[from] Spikes\n|turn|22\n|inactive|chordoverstreet has 120 seconds left.\n|\n|t:|1699738438\n|move|p1a: Great Tusk|Headlong Rush|p2a: Dragapult\n|-damage|p2a: Dragapult|0 fnt\n|-unboost|p1a: Great Tusk|def|1\n|-unboost|p1a: Great Tusk|spd|1\n|faint|p2a: Dragapult\n|\n|upkeep\n|\n|t:|1699738450\n|switch|p2a: Slowbro|Slowbro-Galar, M|100\/100\n|-damage|p2a: Slowbro|88\/100|[from] Stealth Rock\n|-damage|p2a: Slowbro|76\/100|[from] Spikes\n|turn|23\n|\n|t:|1699738458\n|move|p1a: Great Tusk|Headlong Rush|p2a: Slowbro\n|-supereffective|p2a: Slowbro\n|-damage|p2a: Slowbro|0 fnt\n|-unboost|p1a: Great Tusk|def|1\n|-unboost|p1a: Great Tusk|spd|1\n|faint|p2a: Slowbro\n|\n|upkeep\n|-message|lancer92 forfeited.\n|\n|win|chordoverstreet\n|raw|chordoverstreet's rating: 1252 &rarr; <strong>1268<\/strong><br \/>(+16 for winning)\n|raw|lancer92's rating: 1126 &rarr; <strong>1110<\/strong><br \/>(-16 for losing)\n|l|\u2606lancer92\n","uploadtime":1699738470,"views":10,"p1id":"chordoverstreet","p2id":"lancer92","formatid":"gen9ou","rating":1110,"private":0,"password":""}