{"id":"gen9ou-1993842184","p1":"VahnNFG","p2":"Gregory Mirabella","format":"[Gen 9] OU","log":"|j|\u2606VahnNFG\n|j|\u2606Gregory Mirabella\n|t:|1700364066\n|gametype|singles\n|player|p1|VahnNFG|266|1173\n|player|p2|Gregory Mirabella|lusamine-nihilego|1079\n|teamsize|p1|6\n|teamsize|p2|6\n|gen|9\n|tier|[Gen 9] OU\n|rated|\n|rule|Sleep Clause Mod: Limit one foe put to sleep\n|rule|Species Clause: Limit one of each Pok\u00e9mon\n|rule|OHKO Clause: OHKO moves are banned\n|rule|Evasion Items Clause: Evasion items are banned\n|rule|Evasion Moves Clause: Evasion moves are banned\n|rule|Endless Battle Clause: Forcing endless battles is banned\n|rule|HP Percentage Mod: HP is shown in percentages\n|clearpoke\n|poke|p1|Arbok, F|\n|poke|p1|Hatterene, F|\n|poke|p1|Ribombee, F|\n|poke|p1|Cinderace, M|\n|poke|p1|Dragapult, M|\n|poke|p1|Empoleon, M|\n|poke|p2|Landorus-Therian, M|\n|poke|p2|Alomomola, F|\n|poke|p2|Slowking-Galar, M|\n|poke|p2|Jolteon, F|\n|poke|p2|Tatsugiri-Droopy, F|\n|poke|p2|Ceruledge, F|\n|teampreview\n|c|\u2606Gregory Mirabella|glhf\n|\n|t:|1700364088\n|start\n|switch|p1a: Ribombee|Ribombee, F, shiny|100\/100\n|switch|p2a: Jolteon|Jolteon, F|100\/100\n|turn|1\n|\n|t:|1700364097\n|move|p2a: Jolteon|Thunderbolt|p1a: Ribombee\n|-damage|p1a: Ribombee|14\/100\n|-damage|p2a: Jolteon|91\/100|[from] item: Life Orb\n|move|p1a: Ribombee|Sticky Web|p2a: Jolteon\n|-sidestart|p2: Gregory Mirabella|move: Sticky Web\n|\n|upkeep\n|turn|2\n|\n|t:|1700364103\n|move|p2a: Jolteon|Volt Switch|p1a: Ribombee\n|-damage|p1a: Ribombee|0 fnt\n|faint|p1a: Ribombee\n|-damage|p2a: Jolteon|81\/100|[from] item: Life Orb\n|\n|t:|1700364113\n|switch|p2a: Slowking|Slowking-Galar, M, shiny|100\/100|[from] Volt Switch\n|\n|upkeep\n|\n|t:|1700364118\n|switch|p1a: Arbok|Arbok, F, shiny|100\/100\n|-ability|p1a: Arbok|Intimidate|boost\n|-unboost|p2a: Slowking|atk|1\n|turn|3\n|\n|t:|1700364123\n|-terastallize|p1a: Arbok|Dark\n|move|p1a: Arbok|Coil|p1a: Arbok\n|-boost|p1a: Arbok|atk|1\n|-boost|p1a: Arbok|def|1\n|-boost|p1a: Arbok|accuracy|1\n|move|p2a: Slowking|Thunder Wave|p1a: Arbok\n|-status|p1a: Arbok|par\n|\n|upkeep\n|turn|4\n|\n|t:|1700364142\n|switch|p2a: Landorus|Landorus-Therian, M, shiny|100\/100\n|-ability|p2a: Landorus|Intimidate|boost\n|-unboost|p1a: Arbok|atk|1\n|move|p1a: Arbok|Coil|p1a: Arbok\n|-boost|p1a: Arbok|atk|1\n|-boost|p1a: Arbok|def|1\n|-boost|p1a: Arbok|accuracy|1\n|\n|upkeep\n|turn|5\n|\n|t:|1700364153\n|move|p2a: Landorus|U-turn|p1a: Arbok\n|-supereffective|p1a: Arbok\n|-damage|p1a: Arbok|58\/100 par\n|\n|t:|1700364162\n|switch|p2a: Jolteon|Jolteon, F|81\/100|[from] U-turn\n|-activate|p2a: Jolteon|move: Sticky Web\n|-unboost|p2a: Jolteon|spe|1\n|move|p1a: Arbok|Coil|p1a: Arbok\n|-boost|p1a: Arbok|atk|1\n|-boost|p1a: Arbok|def|1\n|-boost|p1a: Arbok|accuracy|1\n|\n|upkeep\n|turn|6\n|\n|t:|1700364170\n|move|p2a: Jolteon|Thunderbolt|p1a: Arbok\n|-damage|p1a: Arbok|0 fnt\n|faint|p1a: Arbok\n|-damage|p2a: Jolteon|71\/100|[from] item: Life Orb\n|\n|upkeep\n|\n|t:|1700364173\n|switch|p1a: Dragapult|Dragapult, M, shiny|100\/100\n|turn|7\n|\n|t:|1700364184\n|switch|p2a: Slowking|Slowking-Galar, M, shiny|100\/100\n|move|p1a: Dragapult|Shadow Ball|p2a: Slowking\n|-supereffective|p2a: Slowking\n|-damage|p2a: Slowking|37\/100\n|\n|upkeep\n|turn|8\n|\n|t:|1700364192\n|-terastallize|p2a: Slowking|Fairy\n|move|p1a: Dragapult|Shadow Ball|p2a: Slowking\n|-damage|p2a: Slowking|3\/100\n|move|p2a: Slowking|Thunder Wave|p1a: Dragapult\n|-status|p1a: Dragapult|par\n|\n|upkeep\n|turn|9\n|\n|t:|1700364200\n|switch|p2a: Landorus|Landorus-Therian, M, shiny|100\/100\n|-ability|p2a: Landorus|Intimidate|boost\n|-fail|p1a: Dragapult|unboost|[from] ability: Clear Body|[of] p1a: Dragapult\n|move|p1a: Dragapult|Shadow Ball|p2a: Landorus\n|-crit|p2a: Landorus\n|-damage|p2a: Landorus|4\/100\n|-unboost|p2a: Landorus|spd|1\n|\n|upkeep\n|turn|10\n|c|\u2606Gregory Mirabella|wow\n|c|\u2606Gregory Mirabella|okay then\n|\n|t:|1700364212\n|move|p2a: Landorus|Earthquake|p1a: Dragapult\n|-damage|p1a: Dragapult|17\/100 par\n|move|p1a: Dragapult|Shadow Ball|p2a: Landorus\n|-damage|p2a: Landorus|0 fnt\n|faint|p2a: Landorus\n|\n|upkeep\n|\n|t:|1700364220\n|switch|p2a: Tatsugiri|Tatsugiri-Droopy, F|100\/100\n|turn|11\n|\n|t:|1700364224\n|move|p2a: Tatsugiri|Surf|p1a: Dragapult\n|-resisted|p1a: Dragapult\n|-damage|p1a: Dragapult|0 fnt\n|faint|p1a: Dragapult\n|\n|upkeep\n|\n|t:|1700364226\n|switch|p1a: Hatterene|Hatterene, F, shiny|100\/100\n|turn|12\n|\n|t:|1700364231\n|move|p2a: Tatsugiri|Rapid Spin|p1a: Hatterene\n|-damage|p1a: Hatterene|94\/100\n|-boost|p2a: Tatsugiri|spe|1\n|-sideend|p2: Gregory Mirabella|Sticky Web|[from] move: Rapid Spin|[of] p2a: Tatsugiri\n|move|p1a: Hatterene|Trick Room|p1a: Hatterene\n|-fieldstart|move: Trick Room|[of] p1a: Hatterene\n|\n|upkeep\n|turn|13\n|\n|t:|1700364245\n|switch|p2a: Slowking|Slowking-Galar, M, shiny, tera:Fairy|36\/100\n|move|p1a: Hatterene|Dazzling Gleam|p2a: Slowking\n|-damage|p2a: Slowking|0 fnt\n|faint|p2a: Slowking\n|-damage|p1a: Hatterene|84\/100|[from] item: Life Orb\n|\n|upkeep\n|\n|t:|1700364251\n|switch|p2a: Ceruledge|Ceruledge, F|100\/100\n|turn|14\n|\n|t:|1700364259\n|move|p1a: Hatterene|Psyshock|p2a: Ceruledge\n|-damage|p2a: Ceruledge|16\/100\n|-damage|p1a: Hatterene|74\/100|[from] item: Life Orb\n|move|p2a: Ceruledge|Poltergeist|p1a: Hatterene\n|-activate|p1a: Hatterene|move: Poltergeist|Life Orb\n|-supereffective|p1a: Hatterene\n|-crit|p1a: Hatterene\n|-damage|p1a: Hatterene|0 fnt\n|faint|p1a: Hatterene\n|-damage|p2a: Ceruledge|6\/100|[from] item: Life Orb\n|\n|upkeep\n|\n|t:|1700364265\n|switch|p1a: Empoleon|Empoleon, M, shiny|100\/100\n|-item|p1a: Empoleon|Air Balloon\n|turn|15\n|\n|t:|1700364272\n|move|p2a: Ceruledge|Shadow Sneak|p1a: Empoleon\n|-damage|p1a: Empoleon|69\/100\n|-enditem|p1a: Empoleon|Air Balloon\n|-damage|p2a: Ceruledge|0 fnt|[from] item: Life Orb\n|faint|p2a: Ceruledge\n|move|p1a: Empoleon|Surf|p2: Ceruledge|[notarget]\n|-fail|p1a: Empoleon\n|\n|upkeep\n|\n|t:|1700364281\n|switch|p2a: Alomomola|Alomomola, F, shiny|100\/100\n|turn|16\n|\n|t:|1700364286\n|move|p2a: Alomomola|Flip Turn|p1a: Empoleon\n|-resisted|p1a: Empoleon\n|-damage|p1a: Empoleon|59\/100\n|\n|t:|1700364290\n|switch|p2a: Tatsugiri|Tatsugiri-Droopy, F|100\/100|[from] Flip Turn\n|move|p1a: Empoleon|Agility|p1a: Empoleon\n|-boost|p1a: Empoleon|spe|2\n|\n|-fieldend|move: Trick Room\n|upkeep\n|turn|17\n|\n|t:|1700364297\n|move|p1a: Empoleon|Ice Beam|p2a: Tatsugiri\n|-damage|p2a: Tatsugiri|59\/100\n|move|p2a: Tatsugiri|Nasty Plot|p2a: Tatsugiri\n|-boost|p2a: Tatsugiri|spa|2\n|\n|upkeep\n|turn|18\n|\n|t:|1700364314\n|move|p1a: Empoleon|Ice Beam|p2a: Tatsugiri\n|-damage|p2a: Tatsugiri|17\/100\n|-status|p2a: Tatsugiri|frz\n|cant|p2a: Tatsugiri|frz\n|\n|upkeep\n|turn|19\n|c|\u2606Gregory Mirabella|wow\n|c|\u2606Gregory Mirabella|fantastic\n|\n|t:|1700364324\n|switch|p2a: Alomomola|Alomomola, F, shiny|100\/100\n|move|p1a: Empoleon|Ice Beam|p2a: Alomomola\n|-resisted|p2a: Alomomola\n|-damage|p2a: Alomomola|81\/100\n|\n|upkeep\n|turn|20\n|\n|t:|1700364329\n|move|p1a: Empoleon|Tera Blast|p2a: Alomomola\n|-damage|p2a: Alomomola|50\/100\n|move|p2a: Alomomola|Wish|p2a: Alomomola\n|\n|upkeep\n|turn|21\n|\n|t:|1700364335\n|move|p1a: Empoleon|Ice Beam|p2a: Alomomola\n|-resisted|p2a: Alomomola\n|-damage|p2a: Alomomola|31\/100\n|move|p2a: Alomomola|Flip Turn|p1a: Empoleon\n|-resisted|p1a: Empoleon\n|-damage|p1a: Empoleon|49\/100\n|\n|t:|1700364341\n|switch|p2a: Tatsugiri|Tatsugiri-Droopy, F|17\/100 frz|[from] Flip Turn\n|\n|-heal|p2a: Tatsugiri|100\/100 frz|[from] move: Wish|[wisher] Alomomola\n|upkeep\n|turn|22\n|\n|t:|1700364346\n|move|p1a: Empoleon|Ice Beam|p2a: Tatsugiri\n|-damage|p2a: Tatsugiri|61\/100 frz\n|cant|p2a: Tatsugiri|frz\n|\n|upkeep\n|turn|23\n|\n|t:|1700364350\n|move|p1a: Empoleon|Ice Beam|p2a: Tatsugiri\n|-damage|p2a: Tatsugiri|19\/100 frz\n|cant|p2a: Tatsugiri|frz\n|\n|upkeep\n|turn|24\n|\n|t:|1700364356\n|switch|p2a: Alomomola|Alomomola, F, shiny|64\/100\n|move|p1a: Empoleon|Tera Blast|p2a: Alomomola\n|-damage|p2a: Alomomola|30\/100\n|\n|upkeep\n|turn|25\n|\n|t:|1700364362\n|switch|p2a: Tatsugiri|Tatsugiri-Droopy, F|19\/100 frz\n|move|p1a: Empoleon|Tera Blast|p2a: Tatsugiri\n|-damage|p2a: Tatsugiri|0 fnt\n|faint|p2a: Tatsugiri\n|\n|upkeep\n|\n|t:|1700364369\n|switch|p2a: Alomomola|Alomomola, F, shiny|63\/100\n|turn|26\n|\n|t:|1700364380\n|move|p1a: Empoleon|Tera Blast|p2a: Alomomola\n|-crit|p2a: Alomomola\n|-damage|p2a: Alomomola|17\/100\n|move|p2a: Alomomola|Flip Turn|p1a: Empoleon\n|-resisted|p1a: Empoleon\n|-damage|p1a: Empoleon|40\/100\n|c|\u2606Gregory Mirabella|fuckign come on\n|\n|t:|1700364387\n|switch|p2a: Jolteon|Jolteon, F|71\/100|[from] Flip Turn\n|\n|upkeep\n|turn|27\n|\n|t:|1700364391\n|move|p1a: Empoleon|Surf|p2a: Jolteon\n|-damage|p2a: Jolteon|5\/100\n|move|p2a: Jolteon|Thunderbolt|p1a: Empoleon\n|-supereffective|p1a: Empoleon\n|-damage|p1a: Empoleon|0 fnt\n|faint|p1a: Empoleon\n|-damage|p2a: Jolteon|0 fnt|[from] item: Life Orb\n|faint|p2a: Jolteon\n|\n|upkeep\n|\n|t:|1700364399\n|switch|p2a: Alomomola|Alomomola, F, shiny|50\/100\n|switch|p1a: Cinderace|Cinderace, M, shiny|100\/100\n|turn|28\n|\n|t:|1700364404\n|move|p1a: Cinderace|High Jump Kick|p2a: Alomomola\n|-start|p1a: Cinderace|typechange|Fighting|[from] ability: Libero\n|-damage|p2a: Alomomola|2\/100\n|move|p2a: Alomomola|Scald|p1a: Cinderace\n|-damage|p1a: Cinderace|81\/100\n|\n|upkeep\n|turn|29\n|\n|t:|1700364413\n|move|p1a: Cinderace|High Jump Kick|p2a: Alomomola\n|-damage|p2a: Alomomola|0 fnt\n|faint|p2a: Alomomola\n|\n|win|VahnNFG\n|raw|VahnNFG's rating: 1173 &rarr; <strong>1191<\/strong><br \/>(+18 for winning)\n|raw|Gregory Mirabella's rating: 1079 &rarr; <strong>1063<\/strong><br \/>(-16 for losing)\n|c|\u2606Gregory Mirabella|gg\n|l|\u2606VahnNFG\n","uploadtime":1700364421,"views":10,"p1id":"vahnnfg","p2id":"gregorymirabella","formatid":"gen9ou","rating":1063,"private":0,"password":""}