{"id":"gen9ou-1999618173","p1":"LoneSwordsman417","p2":"JUANJOQT","format":"[Gen 9] OU","log":"|j|\u2606LoneSwordsman417\n|j|\u2606JUANJOQT\n|t:|1701101684\n|gametype|singles\n|player|p1|LoneSwordsman417|170|1154\n|player|p2|JUANJOQT|silver|1253\n|teamsize|p1|6\n|teamsize|p2|6\n|gen|9\n|tier|[Gen 9] OU\n|rated|\n|rule|Sleep Clause Mod: Limit one foe put to sleep\n|rule|Species Clause: Limit one of each Pok\u00e9mon\n|rule|OHKO Clause: OHKO moves are banned\n|rule|Evasion Items Clause: Evasion items are banned\n|rule|Evasion Moves Clause: Evasion moves are banned\n|rule|Endless Battle Clause: Forcing endless battles is banned\n|rule|HP Percentage Mod: HP is shown in percentages\n|clearpoke\n|poke|p1|Dondozo, M|\n|poke|p1|Hatterene, F|\n|poke|p1|Meowscarada, F|\n|poke|p1|Gholdengo|\n|poke|p1|Great Tusk|\n|poke|p1|Dragonite, M|\n|poke|p2|Glimmora, M|\n|poke|p2|Tyranitar, F|\n|poke|p2|Gastrodon, F|\n|poke|p2|Ogerpon-Cornerstone, F|\n|poke|p2|Corviknight, F|\n|poke|p2|Gholdengo|\n|teampreview\n|inactive|Battle timer is ON: inactive players will automatically lose when time's up. (requested by LoneSwordsman417)\n|\n|t:|1701101699\n|start\n|switch|p1a: Hatterene|Hatterene, F|100\/100\n|switch|p2a: Glimmora|Glimmora, M|100\/100\n|turn|1\n|\n|t:|1701101717\n|switch|p2a: Tyranitar|Tyranitar, F|100\/100\n|-weather|Sandstorm|[from] ability: Sand Stream|[of] p2a: Tyranitar\n|move|p1a: Hatterene|Calm Mind|p1a: Hatterene\n|-boost|p1a: Hatterene|spa|1\n|-boost|p1a: Hatterene|spd|1\n|\n|-weather|Sandstorm|[upkeep]\n|-damage|p1a: Hatterene|95\/100|[from] Sandstorm\n|-heal|p1a: Hatterene|100\/100|[from] item: Leftovers\n|upkeep\n|turn|2\n|\n|t:|1701101731\n|move|p2a: Tyranitar|Knock Off|p1a: Hatterene\n|-damage|p1a: Hatterene|7\/100\n|-enditem|p1a: Hatterene|Leftovers|[from] move: Knock Off|[of] p2a: Tyranitar\n|move|p1a: Hatterene|Draining Kiss|p2a: Tyranitar\n|-supereffective|p2a: Tyranitar\n|-damage|p2a: Tyranitar|53\/100\n|-heal|p1a: Hatterene|60\/100|[from] drain|[of] p2a: Tyranitar\n|\n|-weather|Sandstorm|[upkeep]\n|-damage|p1a: Hatterene|54\/100|[from] Sandstorm\n|upkeep\n|turn|3\n|\n|t:|1701101746\n|switch|p2a: Gholdengo|Gholdengo|100\/100\n|-item|p2a: Gholdengo|Air Balloon\n|move|p1a: Hatterene|Draining Kiss|p2a: Gholdengo\n|-resisted|p2a: Gholdengo\n|-damage|p2a: Gholdengo|77\/100\n|-heal|p1a: Hatterene|76\/100|[from] drain|[of] p2a: Gholdengo\n|-enditem|p2a: Gholdengo|Air Balloon\n|\n|-weather|Sandstorm|[upkeep]\n|-damage|p1a: Hatterene|70\/100|[from] Sandstorm\n|upkeep\n|turn|4\n|\n|t:|1701101757\n|-terastallize|p1a: Hatterene|Water\n|move|p2a: Gholdengo|Nasty Plot|p2a: Gholdengo\n|-boost|p2a: Gholdengo|spa|2\n|move|p1a: Hatterene|Calm Mind|p1a: Hatterene\n|-boost|p1a: Hatterene|spa|1\n|-boost|p1a: Hatterene|spd|1\n|\n|-weather|Sandstorm|[upkeep]\n|-damage|p1a: Hatterene|64\/100|[from] Sandstorm\n|upkeep\n|turn|5\n|\n|t:|1701101766\n|move|p2a: Gholdengo|Hex|p1a: Hatterene\n|-damage|p1a: Hatterene|26\/100\n|move|p1a: Hatterene|Calm Mind|p1a: Hatterene\n|-boost|p1a: Hatterene|spa|1\n|-boost|p1a: Hatterene|spd|1\n|\n|-weather|none\n|upkeep\n|turn|6\n|\n|t:|1701101774\n|move|p2a: Gholdengo|Hex|p1a: Hatterene\n|-damage|p1a: Hatterene|0 fnt\n|faint|p1a: Hatterene\n|\n|upkeep\n|\n|t:|1701101781\n|switch|p1a: Meowscarada|Meowscarada, F|100\/100\n|turn|7\n|\n|t:|1701101803\n|switch|p2a: Corviknight|Corviknight, F|100\/100\n|move|p1a: Meowscarada|Flower Trick|p2a: Corviknight\n|-start|p1a: Meowscarada|typechange|Grass|[from] ability: Protean\n|-resisted|p2a: Corviknight\n|-crit|p2a: Corviknight\n|-damage|p2a: Corviknight|86\/100\n|\n|upkeep\n|turn|8\n|\n|t:|1701101816\n|switch|p1a: Gholdengo|Gholdengo|100\/100\n|-item|p1a: Gholdengo|Air Balloon\n|move|p2a: Corviknight|U-turn|p1a: Gholdengo\n|-resisted|p1a: Gholdengo\n|-damage|p1a: Gholdengo|97\/100\n|-enditem|p1a: Gholdengo|Air Balloon\n|\n|t:|1701101824\n|switch|p2a: Tyranitar|Tyranitar, F|53\/100|[from] U-turn\n|-weather|Sandstorm|[from] ability: Sand Stream|[of] p2a: Tyranitar\n|\n|-weather|Sandstorm|[upkeep]\n|upkeep\n|turn|9\n|\n|t:|1701101841\n|move|p1a: Gholdengo|Substitute|p1a: Gholdengo\n|-start|p1a: Gholdengo|Substitute\n|-damage|p1a: Gholdengo|72\/100\n|move|p2a: Tyranitar|Knock Off|p1a: Gholdengo\n|-supereffective|p1a: Gholdengo\n|-end|p1a: Gholdengo|Substitute\n|\n|-weather|Sandstorm|[upkeep]\n|upkeep\n|turn|10\n|\n|t:|1701101847\n|move|p1a: Gholdengo|Make It Rain|p2a: Tyranitar\n|-supereffective|p2a: Tyranitar\n|-damage|p2a: Tyranitar|0 fnt\n|-unboost|p1a: Gholdengo|spa|1\n|faint|p2a: Tyranitar\n|\n|-weather|Sandstorm|[upkeep]\n|upkeep\n|\n|t:|1701101852\n|switch|p2a: Gastrodon|Gastrodon, F|100\/100\n|turn|11\n|\n|t:|1701101863\n|switch|p1a: Dragonite|Dragonite, M|100\/100\n|move|p2a: Gastrodon|Stealth Rock|p1a: Dragonite\n|-sidestart|p1: LoneSwordsman417|move: Stealth Rock\n|\n|-weather|Sandstorm|[upkeep]\n|-damage|p1a: Dragonite|94\/100|[from] Sandstorm\n|upkeep\n|turn|12\n|\n|t:|1701101867\n|move|p1a: Dragonite|Dragon Dance|p1a: Dragonite\n|-boost|p1a: Dragonite|atk|1\n|-boost|p1a: Dragonite|spe|1\n|move|p2a: Gastrodon|Clear Smog|p1a: Dragonite\n|-damage|p1a: Dragonite|83\/100\n|-clearboost|p1a: Dragonite\n|\n|-weather|none\n|upkeep\n|turn|13\n|\n|t:|1701101876\n|move|p1a: Dragonite|Extreme Speed|p2a: Gastrodon\n|-damage|p2a: Gastrodon|72\/100\n|move|p2a: Gastrodon|Clear Smog|p1a: Dragonite\n|-damage|p1a: Dragonite|72\/100\n|-clearboost|p1a: Dragonite\n|\n|-heal|p2a: Gastrodon|78\/100|[from] item: Leftovers\n|upkeep\n|turn|14\n|\n|t:|1701101887\n|switch|p2a: Corviknight|Corviknight, F|86\/100\n|move|p1a: Dragonite|Extreme Speed|p2a: Corviknight\n|-resisted|p2a: Corviknight\n|-damage|p2a: Corviknight|74\/100\n|-damage|p1a: Dragonite|55\/100|[from] item: Rocky Helmet|[of] p2a: Corviknight\n|\n|upkeep\n|turn|15\n|\n|t:|1701101894\n|switch|p1a: Dondozo|Dondozo, M|100\/100\n|-damage|p1a: Dondozo|88\/100|[from] Stealth Rock\n|move|p2a: Corviknight|U-turn|p1a: Dondozo\n|-damage|p1a: Dondozo|81\/100\n|\n|t:|1701101898\n|switch|p2a: Ogerpon|Ogerpon-Cornerstone, F|100\/100|[from] U-turn\n|\n|upkeep\n|turn|16\n|\n|t:|1701101902\n|move|p2a: Ogerpon|Swords Dance|p2a: Ogerpon\n|-boost|p2a: Ogerpon|atk|2\n|move|p1a: Dondozo|Wave Crash|p2a: Ogerpon\n|-damage|p2a: Ogerpon|29\/100\n|-damage|p1a: Dondozo|67\/100|[from] Recoil\n|-damage|p1a: Dondozo|57\/100|[from] item: Life Orb\n|\n|upkeep\n|turn|17\n|\n|t:|1701101908\n|move|p2a: Ogerpon|Horn Leech|p1a: Dondozo\n|-supereffective|p1a: Dondozo\n|-crit|p1a: Dondozo\n|-damage|p1a: Dondozo|0 fnt\n|-heal|p2a: Ogerpon|76\/100|[from] drain|[of] p1a: Dondozo\n|faint|p1a: Dondozo\n|\n|upkeep\n|\n|t:|1701101915\n|switch|p1a: Gholdengo|Gholdengo|72\/100\n|-damage|p1a: Gholdengo|66\/100|[from] Stealth Rock\n|turn|18\n|\n|t:|1701101919\n|-terastallize|p2a: Ogerpon|Rock\n|detailschange|p2a: Ogerpon|Ogerpon-Cornerstone-Tera, F, tera:Rock\n|-ability|p2a: Ogerpon|Embody Aspect (Cornerstone)|boost\n|-boost|p2a: Ogerpon|def|1\n|move|p2a: Ogerpon|Ivy Cudgel|p1a: Gholdengo|[anim] Ivy Cudgel Rock\n|-resisted|p1a: Gholdengo\n|-damage|p1a: Gholdengo|0 fnt\n|faint|p1a: Gholdengo\n|\n|upkeep\n|\n|t:|1701101927\n|switch|p1a: Great Tusk|Great Tusk|100\/100\n|-damage|p1a: Great Tusk|98\/100|[from] Stealth Rock\n|-enditem|p1a: Great Tusk|Booster Energy\n|-activate|p1a: Great Tusk|ability: Protosynthesis|[fromitem]\n|-start|p1a: Great Tusk|protosynthesisatk\n|turn|19\n|\n|t:|1701101929\n|move|p2a: Ogerpon|Horn Leech|p1a: Great Tusk\n|-supereffective|p1a: Great Tusk\n|-damage|p1a: Great Tusk|0 fnt\n|-heal|p2a: Ogerpon|100\/100|[from] drain|[of] p1a: Great Tusk\n|faint|p1a: Great Tusk\n|-end|p1a: Great Tusk|Protosynthesis|[silent]\n|\n|upkeep\n|\n|t:|1701101932\n|switch|p1a: Meowscarada|Meowscarada, F|100\/100\n|-damage|p1a: Meowscarada|88\/100|[from] Stealth Rock\n|turn|20\n|\n|t:|1701101934\n|move|p1a: Meowscarada|Flower Trick|p2a: Ogerpon\n|-start|p1a: Meowscarada|typechange|Grass|[from] ability: Protean\n|-supereffective|p2a: Ogerpon\n|-crit|p2a: Ogerpon\n|-damage|p2a: Ogerpon|0 fnt\n|faint|p2a: Ogerpon\n|\n|upkeep\n|\n|t:|1701101942\n|switch|p2a: Glimmora|Glimmora, M|100\/100\n|turn|21\n|\n|t:|1701101947\n|move|p1a: Meowscarada|Flower Trick|p2a: Glimmora\n|-crit|p2a: Glimmora\n|-damage|p2a: Glimmora|31\/100\n|move|p2a: Glimmora|Toxic|p1a: Meowscarada\n|-status|p1a: Meowscarada|tox\n|\n|-heal|p2a: Glimmora|37\/100|[from] item: Leftovers\n|-damage|p1a: Meowscarada|82\/100 tox|[from] psn\n|upkeep\n|turn|22\n|\n|t:|1701101952\n|move|p2a: Glimmora|Spiky Shield|p2a: Glimmora\n|-singleturn|p2a: Glimmora|move: Protect\n|move|p1a: Meowscarada|Flower Trick|p2a: Glimmora\n|-activate|p2a: Glimmora|move: Protect\n|\n|-heal|p2a: Glimmora|43\/100|[from] item: Leftovers\n|-damage|p1a: Meowscarada|70\/100 tox|[from] psn\n|upkeep\n|turn|23\n|\n|t:|1701101959\n|switch|p2a: Corviknight|Corviknight, F|74\/100\n|move|p1a: Meowscarada|Flower Trick|p2a: Corviknight\n|-resisted|p2a: Corviknight\n|-crit|p2a: Corviknight\n|-damage|p2a: Corviknight|59\/100\n|\n|-damage|p1a: Meowscarada|51\/100 tox|[from] psn\n|upkeep\n|turn|24\n|\n|t:|1701101966\n|move|p1a: Meowscarada|Flower Trick|p2a: Corviknight\n|-resisted|p2a: Corviknight\n|-crit|p2a: Corviknight\n|-damage|p2a: Corviknight|46\/100\n|move|p2a: Corviknight|U-turn|p1a: Meowscarada\n|-supereffective|p1a: Meowscarada\n|-damage|p1a: Meowscarada|2\/100 tox\n|\n|t:|1701101970\n|switch|p2a: Glimmora|Glimmora, M|43\/100|[from] U-turn\n|\n|-heal|p2a: Glimmora|50\/100|[from] item: Leftovers\n|-damage|p1a: Meowscarada|0 fnt|[from] psn\n|faint|p1a: Meowscarada\n|upkeep\n|\n|t:|1701101972\n|switch|p1a: Dragonite|Dragonite, M|55\/100\n|-damage|p1a: Dragonite|31\/100|[from] Stealth Rock\n|turn|25\n|\n|t:|1701101976\n|move|p1a: Dragonite|Earthquake|p2a: Glimmora\n|-supereffective|p2a: Glimmora\n|-damage|p2a: Glimmora|0 fnt\n|faint|p2a: Glimmora\n|\n|upkeep\n|\n|t:|1701101979\n|switch|p2a: Gastrodon|Gastrodon, F|78\/100\n|turn|26\n|\n|t:|1701101984\n|move|p1a: Dragonite|Earthquake|p2a: Gastrodon\n|-damage|p2a: Gastrodon|42\/100\n|move|p2a: Gastrodon|Surf|p1a: Dragonite\n|-resisted|p1a: Dragonite\n|-damage|p1a: Dragonite|16\/100\n|\n|-heal|p2a: Gastrodon|49\/100|[from] item: Leftovers\n|upkeep\n|turn|27\n|\n|t:|1701101989\n|move|p1a: Dragonite|Roost|p1a: Dragonite\n|-heal|p1a: Dragonite|66\/100\n|-singleturn|p1a: Dragonite|move: Roost\n|move|p2a: Gastrodon|Surf|p1a: Dragonite\n|-resisted|p1a: Dragonite\n|-damage|p1a: Dragonite|51\/100\n|\n|-heal|p2a: Gastrodon|55\/100|[from] item: Leftovers\n|upkeep\n|turn|28\n|\n|t:|1701101994\n|move|p1a: Dragonite|Roost|p1a: Dragonite\n|-heal|p1a: Dragonite|100\/100\n|-singleturn|p1a: Dragonite|move: Roost\n|move|p2a: Gastrodon|Surf|p1a: Dragonite\n|-resisted|p1a: Dragonite\n|-damage|p1a: Dragonite|93\/100\n|\n|-heal|p2a: Gastrodon|61\/100|[from] item: Leftovers\n|upkeep\n|turn|29\n|\n|t:|1701101996\n|move|p1a: Dragonite|Dragon Dance|p1a: Dragonite\n|-boost|p1a: Dragonite|atk|1\n|-boost|p1a: Dragonite|spe|1\n|move|p2a: Gastrodon|Surf|p1a: Dragonite\n|-resisted|p1a: Dragonite\n|-damage|p1a: Dragonite|79\/100\n|\n|-heal|p2a: Gastrodon|67\/100|[from] item: Leftovers\n|upkeep\n|turn|30\n|\n|t:|1701102000\n|move|p1a: Dragonite|Earthquake|p2a: Gastrodon\n|-damage|p2a: Gastrodon|17\/100\n|move|p2a: Gastrodon|Clear Smog|p1a: Dragonite\n|-damage|p1a: Dragonite|66\/100\n|-clearboost|p1a: Dragonite\n|\n|-heal|p2a: Gastrodon|23\/100|[from] item: Leftovers\n|upkeep\n|turn|31\n|\n|t:|1701102003\n|move|p1a: Dragonite|Earthquake|p2a: Gastrodon\n|-damage|p2a: Gastrodon|0 fnt\n|faint|p2a: Gastrodon\n|\n|upkeep\n|\n|t:|1701102007\n|switch|p2a: Gholdengo|Gholdengo|77\/100\n|turn|32\n|\n|t:|1701102010\n|move|p2a: Gholdengo|Make It Rain|p1a: Dragonite\n|-damage|p1a: Dragonite|5\/100\n|-unboost|p2a: Gholdengo|spa|1\n|move|p1a: Dragonite|Earthquake|p2a: Gholdengo\n|-supereffective|p2a: Gholdengo\n|-damage|p2a: Gholdengo|0 fnt\n|faint|p2a: Gholdengo\n|\n|upkeep\n|\n|t:|1701102017\n|switch|p2a: Corviknight|Corviknight, F|46\/100\n|turn|33\n|\n|t:|1701102021\n|move|p1a: Dragonite|Roost|p1a: Dragonite\n|-heal|p1a: Dragonite|55\/100\n|-singleturn|p1a: Dragonite|move: Roost\n|move|p2a: Corviknight|Brave Bird|p1a: Dragonite\n|-damage|p1a: Dragonite|13\/100\n|-damage|p2a: Corviknight|33\/100|[from] Recoil\n|\n|upkeep\n|turn|34\n|\n|t:|1701102029\n|move|p1a: Dragonite|Roost|p1a: Dragonite\n|-heal|p1a: Dragonite|63\/100\n|-singleturn|p1a: Dragonite|move: Roost\n|move|p2a: Corviknight|U-turn|p1a: Dragonite\n|-damage|p1a: Dragonite|48\/100\n|\n|upkeep\n|turn|35\n|\n|t:|1701102036\n|move|p1a: Dragonite|Roost|p1a: Dragonite\n|-heal|p1a: Dragonite|98\/100\n|-singleturn|p1a: Dragonite|move: Roost\n|move|p2a: Corviknight|U-turn|p1a: Dragonite\n|-damage|p1a: Dragonite|81\/100\n|\n|upkeep\n|turn|36\n|\n|t:|1701102043\n|move|p1a: Dragonite|Extreme Speed|p2a: Corviknight\n|-resisted|p2a: Corviknight\n|-crit|p2a: Corviknight\n|-damage|p2a: Corviknight|13\/100\n|-damage|p1a: Dragonite|65\/100|[from] item: Rocky Helmet|[of] p2a: Corviknight\n|move|p2a: Corviknight|U-turn|p1a: Dragonite\n|-resisted|p1a: Dragonite\n|-damage|p1a: Dragonite|57\/100\n|\n|upkeep\n|turn|37\n|l|\u2606JUANJOQT\n|inactive|JUANJOQT disconnected and has a minute to reconnect!\n|player|p2|\n|inactive|JUANJOQT has 30 seconds to reconnect!\n|inactive|JUANJOQT has 20 seconds to reconnect!\n|inactive|JUANJOQT has 15 seconds to reconnect!\n|inactive|JUANJOQT has 10 seconds to reconnect!\n|inactive|JUANJOQT has 5 seconds to reconnect!\n|-message|JUANJOQT lost due to inactivity.\n|\n|win|LoneSwordsman417\n|raw|LoneSwordsman417's rating: 1154 &rarr; <strong>1186<\/strong><br \/>(+32 for winning)\n|raw|JUANJOQT's rating: 1253 &rarr; <strong>1221<\/strong><br \/>(-32 for losing)\n","uploadtime":1701102106,"views":19,"p1id":"loneswordsman417","p2id":"juanjoqt","formatid":"gen9ou","rating":1186,"private":0,"password":""}