{"id":"gen9ou-1999565666","p1":"Prav33n","p2":"derl","format":"[Gen 9] OU","log":"|j|\u2606Prav33n\n|j|\u2606derl\n|t:|1701096726\n|gametype|singles\n|player|p1|Prav33n|swimmer-gen4|1615\n|player|p2|derl|169|1691\n|teamsize|p1|6\n|teamsize|p2|6\n|gen|9\n|tier|[Gen 9] OU\n|rated|\n|rule|Sleep Clause Mod: Limit one foe put to sleep\n|rule|Species Clause: Limit one of each Pok\u00e9mon\n|rule|OHKO Clause: OHKO moves are banned\n|rule|Evasion Items Clause: Evasion items are banned\n|rule|Evasion Moves Clause: Evasion moves are banned\n|rule|Endless Battle Clause: Forcing endless battles is banned\n|rule|HP Percentage Mod: HP is shown in percentages\n|clearpoke\n|poke|p1|Cinderace, F|\n|poke|p1|Landorus-Therian, M|\n|poke|p1|Weavile, M|\n|poke|p1|Great Tusk|\n|poke|p1|Gholdengo|\n|poke|p1|Walking Wake|\n|poke|p2|Rillaboom, M|\n|poke|p2|Cinderace, F|\n|poke|p2|Kingambit, F|\n|poke|p2|Slowking-Galar, M|\n|poke|p2|Ceruledge, M|\n|poke|p2|Thundurus-Therian, M|\n|teampreview\n|inactive|Battle timer is ON: inactive players will automatically lose when time's up. (requested by Prav33n)\n|\n|t:|1701096748\n|start\n|switch|p1a: Weavile|Weavile, M|100\/100\n|switch|p2a: Thundurus|Thundurus-Therian, M|100\/100\n|turn|1\n|\n|t:|1701096757\n|move|p2a: Thundurus|Volt Switch|p1a: Weavile\n|-damage|p1a: Weavile|37\/100\n|\n|t:|1701096760\n|switch|p2a: Kingambit|Kingambit, F|100\/100|[from] Volt Switch\n|move|p1a: Weavile|Knock Off|p2a: Kingambit\n|-resisted|p2a: Kingambit\n|-damage|p2a: Kingambit|71\/100\n|-enditem|p2a: Kingambit|Assault Vest|[from] move: Knock Off|[of] p1a: Weavile\n|\n|upkeep\n|turn|2\n|\n|t:|1701096769\n|switch|p1a: Landorus|Landorus-Therian, M|100\/100\n|-ability|p1a: Landorus|Intimidate|boost\n|-unboost|p2a: Kingambit|atk|1\n|move|p2a: Kingambit|Iron Head|p1a: Landorus\n|-damage|p1a: Landorus|81\/100\n|-damage|p2a: Kingambit|54\/100|[from] item: Rocky Helmet|[of] p1a: Landorus\n|\n|upkeep\n|turn|3\n|\n|t:|1701096783\n|-end|p2a: Kingambit|fallenundefined|[silent]\n|switch|p2a: Ceruledge|Ceruledge, M|100\/100\n|move|p1a: Landorus|Stealth Rock|p2a: Ceruledge\n|-sidestart|p2: derl|move: Stealth Rock\n|\n|upkeep\n|turn|4\n|\n|t:|1701096791\n|move|p2a: Ceruledge|Swords Dance|p2a: Ceruledge\n|-boost|p2a: Ceruledge|atk|2\n|move|p1a: Landorus|Grass Knot|p2a: Ceruledge\n|-resisted|p2a: Ceruledge\n|-damage|p2a: Ceruledge|91\/100\n|\n|upkeep\n|turn|5\n|\n|t:|1701096802\n|move|p2a: Ceruledge|Bitter Blade|p1a: Landorus\n|-damage|p1a: Landorus|17\/100\n|-heal|p2a: Ceruledge|100\/100|[from] drain|[of] p1a: Landorus\n|-damage|p2a: Ceruledge|84\/100|[from] item: Rocky Helmet|[of] p1a: Landorus\n|move|p1a: Landorus|Earthquake|p2a: Ceruledge\n|-supereffective|p2a: Ceruledge\n|-damage|p2a: Ceruledge|0 fnt\n|faint|p2a: Ceruledge\n|\n|upkeep\n|\n|t:|1701096814\n|switch|p2a: Cinderace|Cinderace, F|100\/100\n|turn|6\n|\n|t:|1701096824\n|move|p2a: Cinderace|Pyro Ball|p1a: Landorus\n|-damage|p1a: Landorus|0 fnt\n|faint|p1a: Landorus\n|\n|upkeep\n|\n|t:|1701096834\n|switch|p1a: Great Tusk|Great Tusk|100\/100\n|turn|7\n|\n|t:|1701096840\n|move|p2a: Cinderace|Will-O-Wisp|p1a: Great Tusk|[miss]\n|-miss|p2a: Cinderace|p1a: Great Tusk\n|move|p1a: Great Tusk|Rapid Spin|p2a: Cinderace\n|-damage|p2a: Cinderace|73\/100\n|-boost|p1a: Great Tusk|spe|1\n|\n|upkeep\n|turn|8\n|\n|t:|1701096852\n|move|p1a: Great Tusk|Close Combat|p2a: Cinderace\n|-damage|p2a: Cinderace|0 fnt\n|-unboost|p1a: Great Tusk|def|1\n|-unboost|p1a: Great Tusk|spd|1\n|-enditem|p1a: Great Tusk|Eject Pack\n|faint|p2a: Cinderace\n|\n|t:|1701096856\n|-end|p1a: Great Tusk|Protosynthesis|[silent]\n|switch|p1a: Cinderace|Cinderace, F|100\/100\n|\n|upkeep\n|\n|t:|1701096867\n|switch|p2a: Slowking|Slowking-Galar, M|100\/100\n|-damage|p2a: Slowking|88\/100|[from] Stealth Rock\n|turn|9\n|\n|t:|1701096872\n|move|p1a: Cinderace|U-turn|p2a: Slowking\n|-start|p1a: Cinderace|typechange|Bug|[from] ability: Libero\n|-damage|p2a: Slowking|64\/100\n|\n|t:|1701096877\n|switch|p1a: Weavile|Weavile, M|37\/100|[from] U-turn\n|move|p2a: Slowking|Sludge Bomb|p1a: Weavile\n|-damage|p1a: Weavile|0 fnt\n|faint|p1a: Weavile\n|\n|upkeep\n|\n|t:|1701096880\n|switch|p1a: Cinderace|Cinderace, F|100\/100\n|turn|10\n|\n|t:|1701096886\n|-terastallize|p1a: Cinderace|Fire\n|move|p1a: Cinderace|Pyro Ball|p2a: Slowking\n|-damage|p2a: Slowking|5\/100\n|move|p2a: Slowking|Chilly Reception|p2a: Slowking\n|-weather|Snow\n|\n|t:|1701096898\n|switch|p2a: Thundurus|Thundurus-Therian, M|100\/100|[from] Chilly Reception\n|-damage|p2a: Thundurus|76\/100|[from] Stealth Rock\n|\n|-weather|Snow|[upkeep]\n|upkeep\n|turn|11\n|\n|t:|1701096920\n|switch|p1a: Gholdengo|Gholdengo|100\/100\n|-item|p1a: Gholdengo|Air Balloon\n|-terastallize|p2a: Thundurus|Flying\n|move|p2a: Thundurus|Tera Blast|p1a: Gholdengo|[anim] Tera Blast Flying\n|-resisted|p1a: Gholdengo\n|-damage|p1a: Gholdengo|60\/100\n|-enditem|p1a: Gholdengo|Air Balloon\n|\n|-weather|Snow|[upkeep]\n|upkeep\n|turn|12\n|\n|t:|1701096926\n|switch|p2a: Kingambit|Kingambit, F|54\/100\n|-damage|p2a: Kingambit|48\/100|[from] Stealth Rock\n|-activate|p2a: Kingambit|ability: Supreme Overlord\n|-start|p2a: Kingambit|fallen2|[silent]\n|move|p1a: Gholdengo|Recover|p1a: Gholdengo\n|-heal|p1a: Gholdengo|100\/100\n|\n|-weather|Snow|[upkeep]\n|upkeep\n|turn|13\n|\n|t:|1701096935\n|switch|p1a: Great Tusk|Great Tusk|100\/100\n|-end|p2a: Kingambit|fallen2|[silent]\n|switch|p2a: Rillaboom|Rillaboom, M|100\/100\n|-damage|p2a: Rillaboom|88\/100|[from] Stealth Rock\n|-fieldstart|move: Grassy Terrain|[from] ability: Grassy Surge|[of] p2a: Rillaboom\n|\n|-weather|Snow|[upkeep]\n|-heal|p2a: Rillaboom|94\/100|[from] Grassy Terrain\n|upkeep\n|turn|14\n|\n|t:|1701096941\n|-end|p1a: Great Tusk|Protosynthesis|[silent]\n|switch|p1a: Gholdengo|Gholdengo|100\/100\n|move|p2a: Rillaboom|Wood Hammer|p1a: Gholdengo\n|-resisted|p1a: Gholdengo\n|-damage|p1a: Gholdengo|30\/100\n|-damage|p2a: Rillaboom|73\/100|[from] Recoil\n|\n|-weather|none\n|-heal|p1a: Gholdengo|36\/100|[from] Grassy Terrain\n|-heal|p2a: Rillaboom|79\/100|[from] Grassy Terrain\n|upkeep\n|turn|15\n|\n|t:|1701096948\n|move|p1a: Gholdengo|Make It Rain|p2a: Rillaboom\n|-damage|p2a: Rillaboom|0 fnt\n|-unboost|p1a: Gholdengo|spa|1\n|faint|p2a: Rillaboom\n|\n|-heal|p1a: Gholdengo|42\/100|[from] Grassy Terrain\n|upkeep\n|\n|t:|1701096957\n|switch|p2a: Thundurus|Thundurus-Therian, M, tera:Flying|76\/100\n|-damage|p2a: Thundurus|51\/100|[from] Stealth Rock\n|turn|16\n|\n|t:|1701096966\n|move|p2a: Thundurus|Tera Blast|p1a: Gholdengo|[anim] Tera Blast Flying\n|-resisted|p1a: Gholdengo\n|-damage|p1a: Gholdengo|2\/100\n|move|p1a: Gholdengo|Shadow Ball|p2a: Thundurus\n|-damage|p2a: Thundurus|13\/100\n|\n|-heal|p1a: Gholdengo|8\/100|[from] Grassy Terrain\n|upkeep\n|turn|17\n|\n|t:|1701096971\n|move|p2a: Thundurus|Tera Blast|p1a: Gholdengo|[anim] Tera Blast Flying\n|-resisted|p1a: Gholdengo\n|-damage|p1a: Gholdengo|0 fnt\n|faint|p1a: Gholdengo\n|\n|-fieldend|move: Grassy Terrain\n|upkeep\n|j| encostoo\n|\n|t:|1701096993\n|switch|p1a: Cinderace|Cinderace, F, tera:Fire|100\/100\n|turn|18\n|\n|t:|1701096997\n|move|p1a: Cinderace|Sucker Punch|p2a: Thundurus\n|-damage|p2a: Thundurus|0 fnt\n|faint|p2a: Thundurus\n|\n|upkeep\n|l| encostoo\n|\n|t:|1701097001\n|switch|p2a: Kingambit|Kingambit, F|48\/100\n|-damage|p2a: Kingambit|42\/100|[from] Stealth Rock\n|-activate|p2a: Kingambit|ability: Supreme Overlord\n|-start|p2a: Kingambit|fallen4|[silent]\n|turn|19\n|\n|t:|1701097005\n|switch|p1a: Great Tusk|Great Tusk|100\/100\n|move|p2a: Kingambit|Kowtow Cleave|p1a: Great Tusk\n|-resisted|p1a: Great Tusk\n|-damage|p1a: Great Tusk|77\/100\n|\n|upkeep\n|turn|20\n|\n|t:|1701097010\n|move|p1a: Great Tusk|Headlong Rush|p2a: Kingambit\n|-supereffective|p2a: Kingambit\n|-damage|p2a: Kingambit|0 fnt\n|-unboost|p1a: Great Tusk|def|1\n|-unboost|p1a: Great Tusk|spd|1\n|faint|p2a: Kingambit\n|-end|p2a: Kingambit|fallen4|[silent]\n|\n|upkeep\n|-message|derl forfeited.\n|\n|win|Prav33n\n|raw|Prav33n's rating: 1615 &rarr; <strong>1639<\/strong><br \/>(+24 for winning)\n|raw|derl's rating: 1691 &rarr; <strong>1667<\/strong><br \/>(-24 for losing)\n|l|\u2606derl\n","uploadtime":1701097023,"views":3,"p1id":"prav33n","p2id":"derl","formatid":"gen9ou","rating":1639,"private":0,"password":""}