{"id":"gen9ou-1996831658","p1":"faubkfaubios","p2":"Leonard25","format":"[Gen 9] OU","log":"|j|\u2606faubkfaubios\n|j|\u2606Leonard25\n|t:|1700732387\n|gametype|singles\n|player|p1|faubkfaubios|266|1234\n|player|p2|Leonard25|lance|1166\n|teamsize|p1|6\n|teamsize|p2|6\n|gen|9\n|tier|[Gen 9] OU\n|rated|\n|rule|Sleep Clause Mod: Limit one foe put to sleep\n|rule|Species Clause: Limit one of each Pok\u00e9mon\n|rule|OHKO Clause: OHKO moves are banned\n|rule|Evasion Items Clause: Evasion items are banned\n|rule|Evasion Moves Clause: Evasion moves are banned\n|rule|Endless Battle Clause: Forcing endless battles is banned\n|rule|HP Percentage Mod: HP is shown in percentages\n|clearpoke\n|poke|p1|Orthworm, M|\n|poke|p1|Vivillon, F|\n|poke|p1|Arbok, F|\n|poke|p1|Medicham, M|\n|poke|p1|Spidops, M|\n|poke|p1|Houndoom, F|\n|poke|p2|Ceruledge, M|\n|poke|p2|Dragonite, F|\n|poke|p2|Scream Tail|\n|poke|p2|Ursaluna, F|\n|poke|p2|Scizor, M|\n|poke|p2|Thundurus, M|\n|teampreview\n|inactive|Battle timer is ON: inactive players will automatically lose when time's up. (requested by faubkfaubios)\n|\n|t:|1700732411\n|start\n|switch|p1a: Spidops|Spidops, M|100\/100\n|switch|p2a: Ursaluna|Ursaluna, F|100\/100\n|turn|1\n|\n|t:|1700732421\n|move|p2a: Ursaluna|Earthquake|p1a: Spidops\n|-resisted|p1a: Spidops\n|-damage|p1a: Spidops|78\/100\n|move|p1a: Spidops|Sticky Web|p2a: Ursaluna\n|-sidestart|p2: Leonard25|move: Sticky Web\n|\n|-status|p2a: Ursaluna|brn|[from] item: Flame Orb\n|upkeep\n|turn|2\n|\n|t:|1700732429\n|move|p2a: Ursaluna|Facade|p1a: Spidops\n|-damage|p1a: Spidops|0 fnt\n|faint|p1a: Spidops\n|\n|-damage|p2a: Ursaluna|94\/100 brn|[from] brn\n|upkeep\n|\n|t:|1700732443\n|switch|p1a: Arbok|Arbok, F, shiny|100\/100\n|-ability|p1a: Arbok|Intimidate|boost\n|-unboost|p2a: Ursaluna|atk|1\n|turn|3\n|\n|t:|1700732450\n|switch|p1a: Orthworm|Orthworm, M|100\/100\n|move|p2a: Ursaluna|Earthquake|p1a: Orthworm\n|-immune|p1a: Orthworm|[from] ability: Earth Eater\n|\n|-damage|p2a: Ursaluna|88\/100 brn|[from] brn\n|upkeep\n|turn|4\n|\n|t:|1700732459\n|switch|p2a: Ceruledge|Ceruledge, M|100\/100\n|-activate|p2a: Ceruledge|move: Sticky Web\n|-unboost|p2a: Ceruledge|spe|1\n|move|p1a: Orthworm|Coil|p1a: Orthworm\n|-boost|p1a: Orthworm|atk|1\n|-boost|p1a: Orthworm|def|1\n|-boost|p1a: Orthworm|accuracy|1\n|\n|upkeep\n|turn|5\n|\n|t:|1700732475\n|switch|p1a: Arbok|Arbok, F, shiny|100\/100\n|-ability|p1a: Arbok|Intimidate|boost\n|-unboost|p2a: Ceruledge|atk|1\n|move|p2a: Ceruledge|Will-O-Wisp|p1a: Arbok\n|-status|p1a: Arbok|brn\n|\n|-damage|p1a: Arbok|94\/100 brn|[from] brn\n|upkeep\n|turn|6\n|\n|t:|1700732487\n|switch|p1a: Houndoom|Houndoom, F|100\/100\n|switch|p2a: Ursaluna|Ursaluna, F|88\/100 brn\n|-activate|p2a: Ursaluna|move: Sticky Web\n|-unboost|p2a: Ursaluna|spe|1\n|\n|-damage|p2a: Ursaluna|82\/100 brn|[from] brn\n|upkeep\n|turn|7\n|\n|t:|1700732497\n|move|p1a: Houndoom|Substitute|p1a: Houndoom\n|-start|p1a: Houndoom|Substitute\n|-damage|p1a: Houndoom|76\/100\n|move|p2a: Ursaluna|Facade|p1a: Houndoom\n|-end|p1a: Houndoom|Substitute\n|\n|-heal|p1a: Houndoom|82\/100|[from] item: Leftovers\n|-damage|p2a: Ursaluna|76\/100 brn|[from] brn\n|upkeep\n|turn|8\n|\n|t:|1700732511\n|switch|p1a: Arbok|Arbok, F, shiny|94\/100 brn\n|-ability|p1a: Arbok|Intimidate|boost\n|-unboost|p2a: Ursaluna|atk|1\n|move|p2a: Ursaluna|Facade|p1a: Arbok\n|-crit|p1a: Arbok\n|-damage|p1a: Arbok|0 fnt\n|faint|p1a: Arbok\n|\n|-damage|p2a: Ursaluna|70\/100 brn|[from] brn\n|upkeep\n|\n|t:|1700732529\n|switch|p1a: Medicham|Medicham, M|100\/100\n|turn|9\n|\n|t:|1700732536\n|switch|p2a: Ceruledge|Ceruledge, M|100\/100\n|-activate|p2a: Ceruledge|move: Sticky Web\n|-unboost|p2a: Ceruledge|spe|1\n|move|p1a: Medicham|Fake Out|p2a: Ceruledge\n|-immune|p2a: Ceruledge\n|\n|upkeep\n|turn|10\n|\n|t:|1700732545\n|move|p1a: Medicham|Psycho Cut|p2a: Ceruledge\n|-damage|p2a: Ceruledge|17\/100\n|-ability|p2a: Ceruledge|Weak Armor|boost\n|-unboost|p2a: Ceruledge|def|1\n|-boost|p2a: Ceruledge|spe|2\n|-damage|p1a: Medicham|91\/100|[from] item: Life Orb\n|move|p2a: Ceruledge|Will-O-Wisp|p1a: Medicham\n|-status|p1a: Medicham|brn\n|\n|-heal|p2a: Ceruledge|23\/100|[from] item: Leftovers\n|-damage|p1a: Medicham|84\/100 brn|[from] brn\n|upkeep\n|turn|11\n|\n|t:|1700732562\n|move|p2a: Ceruledge|Shadow Claw|p1a: Medicham\n|-supereffective|p1a: Medicham\n|-crit|p1a: Medicham\n|-damage|p1a: Medicham|0 fnt\n|faint|p1a: Medicham\n|\n|-heal|p2a: Ceruledge|29\/100|[from] item: Leftovers\n|upkeep\n|\n|t:|1700732570\n|switch|p1a: Houndoom|Houndoom, F|82\/100\n|turn|12\n|\n|t:|1700732586\n|switch|p2a: Scizor|Scizor, M|100\/100\n|-activate|p2a: Scizor|move: Sticky Web\n|-unboost|p2a: Scizor|spe|1\n|move|p1a: Houndoom|Dark Pulse|p2a: Scizor\n|-damage|p2a: Scizor|53\/100\n|\n|-heal|p1a: Houndoom|88\/100|[from] item: Leftovers\n|upkeep\n|turn|13\n|\n|t:|1700732596\n|move|p2a: Scizor|Bullet Punch|p1a: Houndoom\n|-resisted|p1a: Houndoom\n|-damage|p1a: Houndoom|45\/100\n|-damage|p2a: Scizor|43\/100|[from] item: Life Orb\n|move|p1a: Houndoom|Flamethrower|p2a: Scizor\n|-supereffective|p2a: Scizor\n|-damage|p2a: Scizor|0 fnt\n|faint|p2a: Scizor\n|\n|-heal|p1a: Houndoom|51\/100|[from] item: Leftovers\n|upkeep\n|\n|t:|1700732601\n|switch|p2a: Dragonite|Dragonite, F|100\/100\n|turn|14\n|\n|t:|1700732619\n|move|p1a: Houndoom|Dark Pulse|p2a: Dragonite\n|-damage|p2a: Dragonite|80\/100\n|move|p2a: Dragonite|Dragon Dance|p2a: Dragonite\n|-boost|p2a: Dragonite|atk|1\n|-boost|p2a: Dragonite|spe|1\n|\n|-heal|p2a: Dragonite|87\/100|[from] item: Leftovers\n|-heal|p1a: Houndoom|58\/100|[from] item: Leftovers\n|upkeep\n|turn|15\n|\n|t:|1700732634\n|switch|p1a: Orthworm|Orthworm, M|100\/100\n|move|p2a: Dragonite|Extreme Speed|p1a: Orthworm\n|-resisted|p1a: Orthworm\n|-damage|p1a: Orthworm|83\/100\n|\n|-heal|p2a: Dragonite|93\/100|[from] item: Leftovers\n|-heal|p1a: Orthworm|89\/100|[from] item: Leftovers\n|upkeep\n|turn|16\n|\n|t:|1700732644\n|move|p2a: Dragonite|Dragon Claw|p1a: Orthworm\n|-resisted|p1a: Orthworm\n|-damage|p1a: Orthworm|63\/100\n|move|p1a: Orthworm|Coil|p1a: Orthworm\n|-boost|p1a: Orthworm|atk|1\n|-boost|p1a: Orthworm|def|1\n|-boost|p1a: Orthworm|accuracy|1\n|\n|-heal|p2a: Dragonite|99\/100|[from] item: Leftovers\n|-heal|p1a: Orthworm|69\/100|[from] item: Leftovers\n|upkeep\n|turn|17\n|\n|t:|1700732669\n|move|p2a: Dragonite|Dragon Claw|p1a: Orthworm\n|-resisted|p1a: Orthworm\n|-damage|p1a: Orthworm|53\/100\n|move|p1a: Orthworm|Coil|p1a: Orthworm\n|-boost|p1a: Orthworm|atk|1\n|-boost|p1a: Orthworm|def|1\n|-boost|p1a: Orthworm|accuracy|1\n|\n|-heal|p2a: Dragonite|100\/100|[from] item: Leftovers\n|-heal|p1a: Orthworm|59\/100|[from] item: Leftovers\n|upkeep\n|turn|18\n|\n|t:|1700732680\n|move|p2a: Dragonite|Dragon Claw|p1a: Orthworm\n|-resisted|p1a: Orthworm\n|-damage|p1a: Orthworm|45\/100\n|move|p1a: Orthworm|Iron Tail|p2a: Dragonite\n|-damage|p2a: Dragonite|68\/100\n|\n|-heal|p2a: Dragonite|74\/100|[from] item: Leftovers\n|-heal|p1a: Orthworm|51\/100|[from] item: Leftovers\n|upkeep\n|turn|19\n|\n|t:|1700732694\n|move|p2a: Dragonite|Dragon Claw|p1a: Orthworm\n|-resisted|p1a: Orthworm\n|-damage|p1a: Orthworm|38\/100\n|move|p1a: Orthworm|Coil|p1a: Orthworm\n|-boost|p1a: Orthworm|atk|1\n|-boost|p1a: Orthworm|def|1\n|-boost|p1a: Orthworm|accuracy|1\n|\n|-heal|p2a: Dragonite|80\/100|[from] item: Leftovers\n|-heal|p1a: Orthworm|44\/100|[from] item: Leftovers\n|upkeep\n|turn|20\n|\n|t:|1700732705\n|move|p2a: Dragonite|Dragon Claw|p1a: Orthworm\n|-resisted|p1a: Orthworm\n|-damage|p1a: Orthworm|33\/100\n|move|p1a: Orthworm|Rest|p1a: Orthworm\n|-status|p1a: Orthworm|slp|[from] move: Rest\n|-heal|p1a: Orthworm|100\/100 slp|[silent]\n|\n|-heal|p2a: Dragonite|87\/100|[from] item: Leftovers\n|upkeep\n|turn|21\n|\n|t:|1700732716\n|switch|p2a: Ceruledge|Ceruledge, M|29\/100\n|-activate|p2a: Ceruledge|move: Sticky Web\n|-unboost|p2a: Ceruledge|spe|1\n|cant|p1a: Orthworm|slp\n|move|p1a: Orthworm|Sleep Talk|p1a: Orthworm\n|move|p1a: Orthworm|Rest||[from]move: Sleep Talk|[still]\n|-fail|p1a: Orthworm\n|\n|-heal|p2a: Ceruledge|36\/100|[from] item: Leftovers\n|upkeep\n|turn|22\n|\n|t:|1700732728\n|move|p2a: Ceruledge|Will-O-Wisp||[still]\n|-fail|p2a: Ceruledge\n|cant|p1a: Orthworm|slp\n|move|p1a: Orthworm|Sleep Talk|p1a: Orthworm\n|move|p1a: Orthworm|Rest||[from]move: Sleep Talk|[still]\n|-fail|p1a: Orthworm\n|\n|-heal|p2a: Ceruledge|42\/100|[from] item: Leftovers\n|upkeep\n|turn|23\n|\n|t:|1700732739\n|move|p2a: Ceruledge|Bitter Blade|p1a: Orthworm\n|-supereffective|p1a: Orthworm\n|-damage|p1a: Orthworm|74\/100 slp\n|-heal|p2a: Ceruledge|58\/100|[from] drain|[of] p1a: Orthworm\n|-curestatus|p1a: Orthworm|slp|[msg]\n|move|p1a: Orthworm|Iron Tail|p2a: Ceruledge\n|-resisted|p2a: Ceruledge\n|-crit|p2a: Ceruledge\n|-damage|p2a: Ceruledge|0 fnt\n|faint|p2a: Ceruledge\n|\n|-heal|p1a: Orthworm|80\/100|[from] item: Leftovers\n|upkeep\n|\n|t:|1700732745\n|switch|p2a: Thundurus|Thundurus, M|100\/100\n|turn|24\n|\n|t:|1700732756\n|move|p2a: Thundurus|Thunderbolt|p1a: Orthworm\n|-damage|p1a: Orthworm|16\/100\n|-damage|p2a: Thundurus|91\/100|[from] item: Life Orb\n|move|p1a: Orthworm|Iron Tail|p2a: Thundurus\n|-resisted|p2a: Thundurus\n|-damage|p2a: Thundurus|32\/100\n|\n|-heal|p1a: Orthworm|22\/100|[from] item: Leftovers\n|upkeep\n|turn|25\n|\n|t:|1700732769\n|move|p2a: Thundurus|Thunderbolt|p1a: Orthworm\n|-damage|p1a: Orthworm|0 fnt\n|faint|p1a: Orthworm\n|-damage|p2a: Thundurus|22\/100|[from] item: Life Orb\n|\n|upkeep\n|\n|t:|1700732775\n|switch|p1a: Vivillon|Vivillon, F|100\/100\n|turn|26\n|\n|t:|1700732781\n|-terastallize|p1a: Vivillon|Ground\n|move|p2a: Thundurus|Thunderbolt|p1a: Vivillon\n|-immune|p1a: Vivillon\n|move|p1a: Vivillon|Sleep Powder|p2a: Thundurus\n|-status|p2a: Thundurus|slp|[from] move: Sleep Powder\n|\n|upkeep\n|turn|27\n|\n|t:|1700732790\n|cant|p2a: Thundurus|slp\n|move|p1a: Vivillon|Quiver Dance|p1a: Vivillon\n|-boost|p1a: Vivillon|spa|1\n|-boost|p1a: Vivillon|spd|1\n|-boost|p1a: Vivillon|spe|1\n|\n|upkeep\n|turn|28\n|\n|t:|1700732799\n|move|p1a: Vivillon|Bug Buzz|p2a: Thundurus\n|-resisted|p2a: Thundurus\n|-damage|p2a: Thundurus|0 fnt\n|faint|p2a: Thundurus\n|\n|upkeep\n|\n|t:|1700732802\n|switch|p2a: Scream Tail|Scream Tail|100\/100\n|-activate|p2a: Scream Tail|move: Sticky Web\n|-unboost|p2a: Scream Tail|spe|1\n|-enditem|p2a: Scream Tail|Booster Energy\n|-activate|p2a: Scream Tail|ability: Protosynthesis|[fromitem]\n|-start|p2a: Scream Tail|protosynthesisspd\n|turn|29\n|\n|t:|1700732812\n|move|p1a: Vivillon|Sleep Powder|p2a: Scream Tail\n|-status|p2a: Scream Tail|slp|[from] move: Sleep Powder\n|cant|p2a: Scream Tail|slp\n|\n|upkeep\n|turn|30\n|\n|t:|1700732819\n|-end|p2a: Scream Tail|Protosynthesis|[silent]\n|switch|p2a: Ursaluna|Ursaluna, F|70\/100 brn\n|-activate|p2a: Ursaluna|move: Sticky Web\n|-unboost|p2a: Ursaluna|spe|1\n|move|p1a: Vivillon|Quiver Dance|p1a: Vivillon\n|-boost|p1a: Vivillon|spa|1\n|-boost|p1a: Vivillon|spd|1\n|-boost|p1a: Vivillon|spe|1\n|\n|-damage|p2a: Ursaluna|64\/100 brn|[from] brn\n|upkeep\n|turn|31\n|\n|t:|1700732829\n|move|p1a: Vivillon|Hurricane|p2a: Ursaluna\n|-damage|p2a: Ursaluna|0 fnt\n|faint|p2a: Ursaluna\n|\n|upkeep\n|\n|t:|1700732834\n|switch|p2a: Dragonite|Dragonite, F|87\/100\n|turn|32\n|\n|t:|1700732840\n|move|p2a: Dragonite|Extreme Speed|p1a: Vivillon\n|-damage|p1a: Vivillon|41\/100\n|move|p1a: Vivillon|Hurricane|p2a: Dragonite\n|-damage|p2a: Dragonite|0 fnt\n|faint|p2a: Dragonite\n|\n|upkeep\n|\n|t:|1700732845\n|switch|p2a: Scream Tail|Scream Tail|100\/100 slp\n|-activate|p2a: Scream Tail|move: Sticky Web\n|-unboost|p2a: Scream Tail|spe|1\n|turn|33\n|\n|t:|1700732852\n|move|p1a: Vivillon|Hurricane|p2a: Scream Tail\n|-damage|p2a: Scream Tail|44\/100 slp\n|cant|p2a: Scream Tail|slp\n|\n|upkeep\n|turn|34\n|\n|t:|1700732859\n|move|p1a: Vivillon|Hurricane|p2a: Scream Tail\n|-damage|p2a: Scream Tail|0 fnt\n|faint|p2a: Scream Tail\n|-end|p2a: Scream Tail|Protosynthesis|[silent]\n|\n|win|faubkfaubios\n|raw|faubkfaubios's rating: 1234 &rarr; <strong>1254<\/strong><br \/>(+20 for winning)\n|raw|Leonard25's rating: 1166 &rarr; <strong>1146<\/strong><br \/>(-20 for losing)\n|l|\u2606Leonard25\n","uploadtime":1700732870,"views":13,"p1id":"faubkfaubios","p2id":"leonard25","formatid":"gen9ou","rating":1146,"private":0,"password":""}