{"id":"gen9ou-1995179525","p1":"poggerwog","p2":"horiaboria648","format":"[Gen 9] OU","log":"|j|\u2606poggerwog\n|j|\u2606horiaboria648\n|t:|1700531499\n|gametype|singles\n|player|p1|poggerwog|n-masters|\n|player|p2|horiaboria648|1|\n|teamsize|p1|6\n|teamsize|p2|6\n|gen|9\n|tier|[Gen 9] OU\n|rule|Sleep Clause Mod: Limit one foe put to sleep\n|rule|Species Clause: Limit one of each Pok\u00e9mon\n|rule|OHKO Clause: OHKO moves are banned\n|rule|Evasion Items Clause: Evasion items are banned\n|rule|Evasion Moves Clause: Evasion moves are banned\n|rule|Endless Battle Clause: Forcing endless battles is banned\n|rule|HP Percentage Mod: HP is shown in percentages\n|clearpoke\n|poke|p1|Clodsire, M|\n|poke|p1|Hoopa-Unbound|\n|poke|p1|Arcanine-Hisui, M|\n|poke|p1|Kommo-o, M|\n|poke|p1|Gengar, M|\n|poke|p1|Tsareena, F|\n|poke|p2|Ditto|\n|poke|p2|Blissey, F|\n|poke|p2|Garchomp, F|\n|poke|p2|Weezing-Galar, F|\n|poke|p2|Breloom, F|\n|poke|p2|Gyarados, M|\n|teampreview\n|j| lieb330\n|j| FreeedTheDolfin\n|j| KINGTONY6\n|j| edicts\n|c| edicts|READY TO GO\n|c|\u2606poggerwog|we go\n|c| lieb330|GO!\n|\n|t:|1700531555\n|start\n|switch|p1a: Doubleshot|Clodsire, M|100\/100\n|switch|p2a: Witto|Weezing-Galar, F, shiny|100\/100\n|-ability|p2a: Witto|Neutralizing Gas\n|-item|p2a: Witto|Air Balloon\n|turn|1\n|\n|t:|1700531565\n|move|p2a: Witto|Strange Steam|p1a: Doubleshot\n|-resisted|p1a: Doubleshot\n|-damage|p1a: Doubleshot|93\/100\n|move|p1a: Doubleshot|Spikes|p2a: Witto\n|-sidestart|p2: horiaboria648|Spikes\n|\n|-heal|p1a: Doubleshot|99\/100|[from] item: Leftovers\n|upkeep\n|turn|2\n|j| Jambees\n|\n|t:|1700531575\n|move|p2a: Witto|Strange Steam|p1a: Doubleshot\n|-resisted|p1a: Doubleshot\n|-damage|p1a: Doubleshot|92\/100\n|move|p1a: Doubleshot|Spikes|p2a: Witto\n|-sidestart|p2: horiaboria648|Spikes\n|\n|-heal|p1a: Doubleshot|99\/100|[from] item: Leftovers\n|upkeep\n|turn|3\n|\n|t:|1700531620\n|switch|p1a: Monster|Gengar, M|100\/100\n|-item|p1a: Monster|Air Balloon\n|move|p2a: Witto|Strange Steam|p1a: Monster\n|-resisted|p1a: Monster\n|-damage|p1a: Monster|84\/100\n|-start|p1a: Monster|confusion\n|-enditem|p1a: Monster|Air Balloon\n|\n|upkeep\n|turn|4\n|\n|t:|1700531632\n|-activate|p1a: Monster|confusion\n|move|p1a: Monster|Psychic|p2a: Witto\n|-supereffective|p2a: Witto\n|-damage|p2a: Witto|31\/100\n|-enditem|p2a: Witto|Air Balloon\n|move|p2a: Witto|Defog|p1a: Monster\n|-unboost|p1a: Monster|evasion|1\n|-sideend|p2: horiaboria648|Spikes|[from] move: Defog|[of] p2a: Witto\n|\n|upkeep\n|turn|5\n|c| lieb330|the mud wrestle has begun\n|\n|t:|1700531652\n|-end|p2a: Witto|ability: Neutralizing Gas\n|switch|p2a: Bitto|Blissey, F|100\/100\n|-activate|p1a: Monster|confusion\n|move|p1a: Monster|Psychic|p2a: Bitto\n|-damage|p2a: Bitto|91\/100\n|\n|upkeep\n|turn|6\n|\n|t:|1700531660\n|-activate|p1a: Monster|confusion\n|move|p1a: Monster|Will-O-Wisp|p2a: Bitto\n|-status|p2a: Bitto|brn\n|move|p2a: Bitto|Thunder Wave|p1a: Monster\n|-status|p1a: Monster|par\n|\n|-damage|p2a: Bitto|85\/100 brn|[from] brn\n|upkeep\n|turn|7\n|\n|t:|1700531679\n|switch|p1a: Reign|Arcanine-Hisui, M|100\/100\n|-curestatus|p2a: Bitto|brn|[from] ability: Natural Cure\n|switch|p2a: Gytto|Gyarados, M, shiny|100\/100\n|-ability|p2a: Gytto|Intimidate|boost\n|-unboost|p1a: Reign|atk|1\n|\n|upkeep\n|turn|8\n|\n|t:|1700531718\n|move|p1a: Reign|Head Smash|p2a: Gytto\n|-supereffective|p2a: Gytto\n|-damage|p2a: Gytto|0 fnt\n|faint|p2a: Gytto\n|\n|upkeep\n|\n|t:|1700531730\n|switch|p2a: Gitto|Garchomp, F|100\/100\n|turn|9\n|\n|t:|1700531743\n|move|p1a: Reign|Head Smash|p2a: Gitto\n|-resisted|p2a: Gitto\n|-damage|p2a: Gitto|80\/100\n|-damage|p1a: Reign|88\/100|[from] ability: Rough Skin|[of] p2a: Gitto\n|move|p2a: Gitto|Swords Dance|p2a: Gitto\n|-boost|p2a: Gitto|atk|2\n|\n|upkeep\n|turn|10\n|\n|t:|1700531759\n|switch|p1a: Alani Nu|Tsareena, F|100\/100\n|move|p2a: Gitto|Scale Shot|p1a: Alani Nu\n|-damage|p1a: Alani Nu|77\/100\n|-damage|p1a: Alani Nu|55\/100\n|-damage|p1a: Alani Nu|30\/100\n|-damage|p1a: Alani Nu|9\/100\n|-damage|p1a: Alani Nu|0 fnt\n|faint|p1a: Alani Nu\n|-hitcount|p1: Alani Nu|5\n|-unboost|p2a: Gitto|def|1\n|-boost|p2a: Gitto|spe|1\n|\n|upkeep\n|\n|t:|1700531793\n|switch|p1a: Rockstar|Kommo-o, M|100\/100\n|turn|11\n|\n|t:|1700531801\n|-terastallize|p2a: Gitto|Ghost\n|-terastallize|p1a: Rockstar|Electric\n|move|p2a: Gitto|Scale Shot|p1a: Rockstar\n|-damage|p1a: Rockstar|75\/100\n|-damage|p1a: Rockstar|51\/100\n|-damage|p1a: Rockstar|26\/100\n|-damage|p1a: Rockstar|3\/100\n|-damage|p1a: Rockstar|0 fnt\n|faint|p1a: Rockstar\n|-hitcount|p1: Rockstar|5\n|-unboost|p2a: Gitto|def|1\n|-boost|p2a: Gitto|spe|1\n|\n|upkeep\n|c| lieb330|drew brees\n|\n|t:|1700531820\n|switch|p1a: Bang|Hoopa-Unbound|100\/100\n|turn|12\n|c| KINGTONY6|DREW BREEEEEEEEES\n|\n|t:|1700531829\n|move|p2a: Gitto|Scale Shot|p1a: Bang\n|-damage|p1a: Bang|66\/100\n|-damage|p1a: Bang|26\/100\n|-damage|p1a: Bang|0 fnt\n|faint|p1a: Bang\n|-hitcount|p1: Bang|3\n|-unboost|p2a: Gitto|def|1\n|-boost|p2a: Gitto|spe|1\n|\n|upkeep\n|\n|t:|1700531833\n|switch|p1a: Doubleshot|Clodsire, M|99\/100\n|turn|13\n|\n|t:|1700531842\n|move|p2a: Gitto|Scale Shot|p1a: Doubleshot\n|-damage|p1a: Doubleshot|84\/100\n|-damage|p1a: Doubleshot|70\/100\n|-damage|p1a: Doubleshot|57\/100\n|-damage|p1a: Doubleshot|44\/100\n|-hitcount|p1a: Doubleshot|4\n|-unboost|p2a: Gitto|def|1\n|-boost|p2a: Gitto|spe|1\n|move|p1a: Doubleshot|Toxic|p2a: Gitto\n|-status|p2a: Gitto|tox\n|\n|-heal|p1a: Doubleshot|50\/100|[from] item: Leftovers\n|-damage|p2a: Gitto|74\/100 tox|[from] psn\n|upkeep\n|turn|14\n|\n|t:|1700531855\n|move|p2a: Gitto|Scale Shot|p1a: Doubleshot\n|-damage|p1a: Doubleshot|37\/100\n|-damage|p1a: Doubleshot|23\/100\n|-damage|p1a: Doubleshot|11\/100\n|-damage|p1a: Doubleshot|0 fnt\n|faint|p1a: Doubleshot\n|-hitcount|p1: Doubleshot|4\n|-unboost|p2a: Gitto|def|1\n|-boost|p2a: Gitto|spe|1\n|\n|-damage|p2a: Gitto|61\/100 tox|[from] psn\n|upkeep\n|\n|t:|1700531866\n|switch|p1a: Reign|Arcanine-Hisui, M|88\/100\n|turn|15\n|\n|t:|1700531870\n|move|p2a: Gitto|Earthquake|p1a: Reign\n|-supereffective|p1a: Reign\n|-damage|p1a: Reign|0 fnt\n|faint|p1a: Reign\n|\n|-damage|p2a: Gitto|43\/100 tox|[from] psn\n|upkeep\n|\n|t:|1700531873\n|switch|p1a: Monster|Gengar, M|84\/100 par\n|turn|16\n|c| lieb330|post game interview colin PLEASE\n|\n|t:|1700531883\n|move|p2a: Gitto|Earthquake|p1a: Monster\n|-supereffective|p1a: Monster\n|-damage|p1a: Monster|0 fnt\n|faint|p1a: Monster\n|\n|win|horiaboria648\n|l|\u2606poggerwog\n|l|\u2606horiaboria648\n|l| lieb330\n|l| KINGTONY6\n|l| Jambees\n","uploadtime":1700531908,"views":12,"p1id":"poggerwog","p2id":"horiaboria648","formatid":"gen9ou","rating":0,"private":0,"password":""}