{"id":"gen9ou-1999742047","p1":"RakzoTR","p2":"UNITZ79","format":"[Gen 9] OU","log":"|j|\u2606RakzoTR\n|j|\u2606UNITZ79\n|t:|1701112653\n|gametype|singles\n|player|p1|RakzoTR|gambler|1392\n|player|p2|UNITZ79|ingo|1493\n|teamsize|p1|6\n|teamsize|p2|6\n|gen|9\n|tier|[Gen 9] OU\n|rated|\n|rule|Sleep Clause Mod: Limit one foe put to sleep\n|rule|Species Clause: Limit one of each Pok\u00e9mon\n|rule|OHKO Clause: OHKO moves are banned\n|rule|Evasion Items Clause: Evasion items are banned\n|rule|Evasion Moves Clause: Evasion moves are banned\n|rule|Endless Battle Clause: Forcing endless battles is banned\n|rule|HP Percentage Mod: HP is shown in percentages\n|clearpoke\n|poke|p1|Goodra-Hisui, F|\n|poke|p1|Ogerpon-Wellspring, F|\n|poke|p1|Donphan, M|\n|poke|p1|Zamazenta-*|\n|poke|p1|Cinderace, M|\n|poke|p1|Zapdos|\n|poke|p2|Arcanine-Hisui, M|\n|poke|p2|Greninja-*, M|\n|poke|p2|Iron Hands|\n|poke|p2|Slowking-Galar, M|\n|poke|p2|Corviknight, M|\n|poke|p2|Landorus-Therian, M|\n|teampreview\n|\n|t:|1701112670\n|start\n|switch|p1a: Rhaenyra|Goodra-Hisui, F|100\/100\n|switch|p2a: Landorus|Landorus-Therian, M|100\/100\n|-ability|p2a: Landorus|Intimidate|boost\n|-unboost|p1a: Rhaenyra|atk|1\n|turn|1\n|inactive|Battle timer is ON: inactive players will automatically lose when time's up. (requested by UNITZ79)\n|\n|t:|1701112680\n|-terastallize|p1a: Rhaenyra|Fairy\n|move|p2a: Landorus|Stealth Rock|p1a: Rhaenyra\n|-sidestart|p1: RakzoTR|move: Stealth Rock\n|move|p1a: Rhaenyra|Ice Beam|p2a: Landorus\n|-supereffective|p2a: Landorus\n|-damage|p2a: Landorus|0 fnt\n|faint|p2a: Landorus\n|\n|upkeep\n|\n|t:|1701112699\n|switch|p2a: Arcanine|Arcanine-Hisui, M|100\/100\n|turn|2\n|\n|t:|1701112712\n|switch|p1a: WhatTheDogDoing?|Zamazenta|100\/100\n|-damage|p1a: WhatTheDogDoing?|94\/100|[from] Stealth Rock\n|-ability|p1a: WhatTheDogDoing?|Dauntless Shield|boost\n|-boost|p1a: WhatTheDogDoing?|def|1\n|move|p2a: Arcanine|Flare Blitz|p1a: WhatTheDogDoing?\n|-damage|p1a: WhatTheDogDoing?|39\/100\n|\n|upkeep\n|turn|3\n|\n|t:|1701112726\n|switch|p2a: Corviknight|Corviknight, M|100\/100\n|-ability|p2a: Corviknight|Pressure\n|move|p1a: WhatTheDogDoing?|Close Combat|p2a: Corviknight\n|-damage|p2a: Corviknight|63\/100\n|-unboost|p1a: WhatTheDogDoing?|def|1\n|-unboost|p1a: WhatTheDogDoing?|spd|1\n|-damage|p1a: WhatTheDogDoing?|22\/100|[from] item: Rocky Helmet|[of] p2a: Corviknight\n|\n|upkeep\n|turn|4\n|\n|t:|1701112738\n|switch|p1a: Rammot|Cinderace, M|100\/100\n|move|p2a: Corviknight|Body Press|p1a: Rammot\n|-damage|p1a: Rammot|70\/100\n|\n|upkeep\n|turn|5\n|\n|t:|1701112763\n|switch|p2a: Iron Hands|Iron Hands|100\/100\n|move|p1a: Rammot|Court Change|p1a: Rammot\n|-swapsideconditions\n|-activate|p1a: Rammot|move: Court Change\n|\n|upkeep\n|turn|6\n|\n|t:|1701112773\n|move|p2a: Iron Hands|Fake Out|p1a: Rammot\n|-damage|p1a: Rammot|52\/100\n|cant|p1a: Rammot|flinch\n|\n|upkeep\n|turn|7\n|\n|t:|1701112794\n|move|p1a: Rammot|Will-O-Wisp|p2a: Iron Hands\n|-status|p2a: Iron Hands|brn\n|move|p2a: Iron Hands|Close Combat|p1a: Rammot\n|-damage|p1a: Rammot|8\/100\n|-unboost|p2a: Iron Hands|def|1\n|-unboost|p2a: Iron Hands|spd|1\n|\n|-damage|p2a: Iron Hands|94\/100 brn|[from] brn\n|upkeep\n|turn|8\n|\n|t:|1701112807\n|move|p1a: Rammot|U-turn|p2a: Iron Hands\n|-resisted|p2a: Iron Hands\n|-damage|p2a: Iron Hands|86\/100 brn\n|\n|t:|1701112808\n|switch|p1a: Zip-Zap-Dos|Zapdos|100\/100|[from] U-turn\n|move|p2a: Iron Hands|Ice Punch|p1a: Zip-Zap-Dos\n|-supereffective|p1a: Zip-Zap-Dos\n|-damage|p1a: Zip-Zap-Dos|70\/100\n|-damage|p2a: Iron Hands|69\/100 brn|[from] item: Rocky Helmet|[of] p1a: Zip-Zap-Dos\n|\n|-damage|p2a: Iron Hands|63\/100 brn|[from] brn\n|upkeep\n|turn|9\n|\n|t:|1701112819\n|-end|p2a: Iron Hands|Quark Drive|[silent]\n|switch|p2a: Slowking|Slowking-Galar, M|100\/100\n|move|p1a: Zip-Zap-Dos|Substitute|p1a: Zip-Zap-Dos\n|-start|p1a: Zip-Zap-Dos|Substitute\n|-damage|p1a: Zip-Zap-Dos|45\/100\n|\n|upkeep\n|turn|10\n|\n|t:|1701112825\n|move|p1a: Zip-Zap-Dos|Roost|p1a: Zip-Zap-Dos\n|-heal|p1a: Zip-Zap-Dos|95\/100\n|-singleturn|p1a: Zip-Zap-Dos|move: Roost\n|move|p2a: Slowking|Future Sight|p1a: Zip-Zap-Dos\n|-start|p2a: Slowking|move: Future Sight\n|\n|upkeep\n|turn|11\n|\n|t:|1701112830\n|move|p1a: Zip-Zap-Dos|Hurricane|p2a: Slowking\n|-damage|p2a: Slowking|61\/100\n|-start|p2a: Slowking|confusion\n|-activate|p2a: Slowking|confusion\n|-damage|p2a: Slowking|55\/100|[from] confusion\n|\n|upkeep\n|turn|12\n|\n|t:|1701112846\n|move|p1a: Zip-Zap-Dos|Hurricane|p2a: Slowking\n|-damage|p2a: Slowking|22\/100\n|-activate|p2a: Slowking|confusion\n|move|p2a: Slowking|Sludge Bomb|p1a: Zip-Zap-Dos\n|-end|p1a: Zip-Zap-Dos|Substitute\n|\n|-end|p1a: Zip-Zap-Dos|move: Future Sight\n|-damage|p1a: Zip-Zap-Dos|48\/100\n|upkeep\n|turn|13\n|\n|t:|1701112856\n|move|p1a: Zip-Zap-Dos|Volt Switch|p2a: Slowking\n|-damage|p2a: Slowking|0 fnt\n|faint|p2a: Slowking\n|\n|t:|1701112866\n|switch|p1a: Rammot|Cinderace, M|8\/100|[from] Volt Switch\n|\n|upkeep\n|\n|t:|1701112872\n|switch|p2a: Greninja|Greninja, M|100\/100\n|-damage|p2a: Greninja|88\/100|[from] Stealth Rock\n|turn|14\n|\n|t:|1701112886\n|switch|p1a: Rhaenyra|Goodra-Hisui, F, tera:Fairy|100\/100\n|move|p2a: Greninja|Dark Pulse|p1a: Rhaenyra\n|-resisted|p1a: Rhaenyra\n|-damage|p1a: Rhaenyra|90\/100\n|-damage|p2a: Greninja|78\/100|[from] item: Life Orb\n|\n|upkeep\n|turn|15\n|\n|t:|1701112899\n|switch|p2a: Corviknight|Corviknight, M|63\/100\n|-damage|p2a: Corviknight|51\/100|[from] Stealth Rock\n|-ability|p2a: Corviknight|Pressure\n|move|p1a: Rhaenyra|Draco Meteor|p2a: Corviknight\n|-resisted|p2a: Corviknight\n|-damage|p2a: Corviknight|22\/100\n|-unboost|p1a: Rhaenyra|spa|2\n|\n|upkeep\n|turn|16\n|\n|t:|1701112908\n|switch|p1a: Zip-Zap-Dos|Zapdos|48\/100\n|move|p2a: Corviknight|Defog|p1a: Zip-Zap-Dos\n|-unboost|p1a: Zip-Zap-Dos|evasion|1\n|-sideend|p2: UNITZ79|Stealth Rock|[from] move: Defog|[of] p2a: Corviknight\n|\n|upkeep\n|turn|17\n|\n|t:|1701112915\n|move|p1a: Zip-Zap-Dos|Volt Switch|p2a: Corviknight\n|-supereffective|p2a: Corviknight\n|-damage|p2a: Corviknight|0 fnt\n|faint|p2a: Corviknight\n|\n|t:|1701112919\n|switch|p1a: WhatTheDogDoing?|Zamazenta|22\/100|[from] Volt Switch\n|\n|upkeep\n|\n|t:|1701112926\n|switch|p2a: Iron Hands|Iron Hands|63\/100 brn\n|turn|18\n|\n|t:|1701112930\n|switch|p1a: Zip-Zap-Dos|Zapdos|48\/100\n|move|p2a: Iron Hands|Fake Out|p1a: Zip-Zap-Dos\n|-damage|p1a: Zip-Zap-Dos|40\/100\n|-damage|p2a: Iron Hands|47\/100 brn|[from] item: Rocky Helmet|[of] p1a: Zip-Zap-Dos\n|\n|-damage|p2a: Iron Hands|40\/100 brn|[from] brn\n|upkeep\n|turn|19\n|\n|t:|1701112937\n|move|p1a: Zip-Zap-Dos|Roost|p1a: Zip-Zap-Dos\n|-heal|p1a: Zip-Zap-Dos|90\/100\n|-singleturn|p1a: Zip-Zap-Dos|move: Roost\n|move|p2a: Iron Hands|Ice Punch|p1a: Zip-Zap-Dos\n|-damage|p1a: Zip-Zap-Dos|72\/100\n|-damage|p2a: Iron Hands|24\/100 brn|[from] item: Rocky Helmet|[of] p1a: Zip-Zap-Dos\n|\n|-damage|p2a: Iron Hands|18\/100 brn|[from] brn\n|upkeep\n|turn|20\n|-message|UNITZ79 forfeited.\n|\n|win|RakzoTR\n|raw|RakzoTR's rating: 1406 &rarr; <strong>1431<\/strong><br \/>(+25 for winning)\n|raw|UNITZ79's rating: 1493 &rarr; <strong>1468<\/strong><br \/>(-25 for losing)\n|l|\u2606UNITZ79\n","uploadtime":1701113087,"views":2,"p1id":"rakzotr","p2id":"unitz79","formatid":"gen9ou","rating":1431,"private":0,"password":""}