{"id":"gen9ou-1988286461","p1":"Alazen","p2":"hardidjo","format":"[Gen 9] OU","log":"|j|\u2606Alazen\n|j|\u2606hardidjo\n|t:|1699701914\n|gametype|singles\n|player|p1|Alazen|brycen|1347\n|player|p2|hardidjo|101|1243\n|teamsize|p1|6\n|teamsize|p2|6\n|gen|9\n|tier|[Gen 9] OU\n|rated|\n|rule|Sleep Clause Mod: Limit one foe put to sleep\n|rule|Species Clause: Limit one of each Pok\u00e9mon\n|rule|OHKO Clause: OHKO moves are banned\n|rule|Evasion Items Clause: Evasion items are banned\n|rule|Evasion Moves Clause: Evasion moves are banned\n|rule|Endless Battle Clause: Forcing endless battles is banned\n|rule|HP Percentage Mod: HP is shown in percentages\n|clearpoke\n|poke|p1|Hydreigon, F|\n|poke|p1|Ting-Lu|\n|poke|p1|Ceruledge, F|\n|poke|p1|Hatterene, F|\n|poke|p1|Masquerain, F|\n|poke|p1|Azumarill, M|\n|poke|p2|Slowking, M|\n|poke|p2|Garganacl, F|\n|poke|p2|Amoonguss, M|\n|poke|p2|Gliscor, F|\n|poke|p2|Zapdos|\n|poke|p2|Rillaboom, F|\n|teampreview\n|inactive|Battle timer is ON: inactive players will automatically lose when time's up. (requested by hardidjo)\n|\n|t:|1699701924\n|start\n|switch|p1a: Hydreigon|Hydreigon, F|100\/100\n|switch|p2a: Gliscor|Gliscor, F|100\/100\n|turn|1\n|\n|t:|1699701930\n|move|p2a: Gliscor|Protect|p2a: Gliscor\n|-singleturn|p2a: Gliscor|Protect\n|move|p1a: Hydreigon|Focus Energy|p1a: Hydreigon\n|-start|p1a: Hydreigon|move: Focus Energy\n|\n|-status|p2a: Gliscor|tox|[from] item: Toxic Orb\n|upkeep\n|turn|2\n|\n|t:|1699701939\n|move|p2a: Gliscor|Knock Off|p1a: Hydreigon\n|-resisted|p1a: Hydreigon\n|-damage|p1a: Hydreigon|90\/100\n|-enditem|p1a: Hydreigon|Scope Lens|[from] move: Knock Off|[of] p2a: Gliscor\n|move|p1a: Hydreigon|Draco Meteor|p2a: Gliscor\n|-damage|p2a: Gliscor|15\/100 tox\n|-unboost|p1a: Hydreigon|spa|2\n|\n|-heal|p2a: Gliscor|28\/100 tox|[from] ability: Poison Heal\n|upkeep\n|turn|3\n|\n|t:|1699701951\n|switch|p2a: Slowking|Slowking, M|100\/100\n|move|p1a: Hydreigon|Draco Meteor|p2a: Slowking\n|-crit|p2a: Slowking\n|-damage|p2a: Slowking|40\/100\n|-unboost|p1a: Hydreigon|spa|2\n|\n|upkeep\n|turn|4\n|\n|t:|1699701961\n|move|p1a: Hydreigon|Dark Pulse|p2a: Slowking\n|-supereffective|p2a: Slowking\n|-crit|p2a: Slowking\n|-damage|p2a: Slowking|0 fnt\n|faint|p2a: Slowking\n|\n|upkeep\n|\n|t:|1699701967\n|switch|p2a: Rillaboom|Rillaboom, F|100\/100\n|-fieldstart|move: Grassy Terrain|[from] ability: Grassy Surge|[of] p2a: Rillaboom\n|turn|5\n|\n|t:|1699701972\n|move|p2a: Rillaboom|Fake Out|p1a: Hydreigon\n|-damage|p1a: Hydreigon|77\/100\n|cant|p1a: Hydreigon|flinch\n|\n|upkeep\n|turn|6\n|\n|t:|1699701981\n|move|p2a: Rillaboom|Grassy Glide|p1a: Hydreigon\n|-resisted|p1a: Hydreigon\n|-damage|p1a: Hydreigon|58\/100\n|move|p1a: Hydreigon|Draco Meteor|p2a: Rillaboom\n|-crit|p2a: Rillaboom\n|-damage|p2a: Rillaboom|0 fnt\n|-unboost|p1a: Hydreigon|spa|2\n|faint|p2a: Rillaboom\n|\n|upkeep\n|-message|hardidjo forfeited.\n|\n|win|Alazen\n|raw|Alazen's rating: 1347 &rarr; <strong>1361<\/strong><br \/>(+14 for winning)\n|raw|hardidjo's rating: 1243 &rarr; <strong>1225<\/strong><br \/>(-18 for losing)\n|l|\u2606hardidjo\n","uploadtime":1699701995,"views":28,"p1id":"alazen","p2id":"hardidjo","formatid":"gen9ou","rating":1225,"private":0,"password":""}