{"id":"gen9ou-1996770217","p1":"Dadben","p2":"2(H2O)","format":"[Gen 9] OU","log":"|j|\u2606Dadben\n|j|\u26062(H2O)\n|t:|1700722350\n|gametype|singles\n|player|p1|Dadben|fisherman-gen4|1563\n|player|p2|2(H2O)|chase|1585\n|teamsize|p1|6\n|teamsize|p2|6\n|gen|9\n|tier|[Gen 9] OU\n|rated|\n|rule|Sleep Clause Mod: Limit one foe put to sleep\n|rule|Species Clause: Limit one of each Pok\u00e9mon\n|rule|OHKO Clause: OHKO moves are banned\n|rule|Evasion Items Clause: Evasion items are banned\n|rule|Evasion Moves Clause: Evasion moves are banned\n|rule|Endless Battle Clause: Forcing endless battles is banned\n|rule|HP Percentage Mod: HP is shown in percentages\n|clearpoke\n|poke|p1|Pelipper, F|\n|poke|p1|Tyranitar, M|\n|poke|p1|Corviknight, F|\n|poke|p1|Clodsire, F|\n|poke|p1|Barraskewda, F|\n|poke|p1|Basculegion-F, F|\n|poke|p2|Manaphy|\n|poke|p2|Kingambit, F|\n|poke|p2|Ribombee, M|\n|poke|p2|Gholdengo|\n|poke|p2|Iron Moth|\n|poke|p2|Ogerpon-Wellspring, F|\n|teampreview\n|inactive|Battle timer is ON: inactive players will automatically lose when time's up. (requested by 2(H2O))\n|inactive|Dadben also wants the timer to be on.\n|\n|t:|1700722362\n|start\n|switch|p1a: Tyranitar|Tyranitar, M|100\/100\n|switch|p2a: wildfiree|Ribombee, M, shiny|100\/100\n|-weather|Sandstorm|[from] ability: Sand Stream|[of] p1a: Tyranitar\n|turn|1\n|j| Kyurem\n|\n|t:|1700722371\n|move|p2a: wildfiree|Sticky Web|p1a: Tyranitar\n|-sidestart|p1: Dadben|move: Sticky Web\n|move|p1a: Tyranitar|Rock Blast|p2a: wildfiree\n|-supereffective|p2a: wildfiree\n|-damage|p2a: wildfiree|59\/100\n|-supereffective|p2a: wildfiree\n|-damage|p2a: wildfiree|11\/100\n|-supereffective|p2a: wildfiree\n|-damage|p2a: wildfiree|0 fnt\n|faint|p2a: wildfiree\n|-hitcount|p2: wildfiree|3\n|\n|-weather|Sandstorm|[upkeep]\n|upkeep\n|\n|t:|1700722376\n|switch|p2a: faya|Ogerpon-Wellspring, F|100\/100\n|turn|2\n|\n|t:|1700722384\n|switch|p1a: Clodsire|Clodsire, F|100\/100\n|-activate|p1a: Clodsire|move: Sticky Web\n|-unboost|p1a: Clodsire|spe|1\n|move|p2a: faya|Swords Dance|p2a: faya\n|-boost|p2a: faya|atk|2\n|\n|-weather|Sandstorm|[upkeep]\n|-damage|p2a: faya|95\/100|[from] Sandstorm\n|upkeep\n|turn|3\n|\n|t:|1700722393\n|-terastallize|p1a: Clodsire|Poison\n|move|p2a: faya|Power Whip|p1a: Clodsire\n|-resisted|p1a: Clodsire\n|-damage|p1a: Clodsire|54\/100\n|move|p1a: Clodsire|Acid Spray|p2a: faya\n|-supereffective|p2a: faya\n|-damage|p2a: faya|57\/100\n|-unboost|p2a: faya|spd|2\n|\n|-weather|Sandstorm|[upkeep]\n|-damage|p2a: faya|51\/100|[from] Sandstorm\n|-damage|p1a: Clodsire|47\/100|[from] Sandstorm\n|-heal|p1a: Clodsire|54\/100|[from] item: Black Sludge\n|upkeep\n|turn|4\n|\n|t:|1700722401\n|move|p2a: faya|Power Whip|p1a: Clodsire\n|-resisted|p1a: Clodsire\n|-damage|p1a: Clodsire|0 fnt\n|faint|p1a: Clodsire\n|\n|-weather|Sandstorm|[upkeep]\n|-damage|p2a: faya|45\/100|[from] Sandstorm\n|upkeep\n|\n|t:|1700722412\n|switch|p1a: Barraskewda|Barraskewda, F|100\/100\n|turn|5\n|\n|t:|1700722417\n|move|p1a: Barraskewda|Close Combat|p2a: faya\n|-damage|p2a: faya|0 fnt\n|-unboost|p1a: Barraskewda|def|1\n|-unboost|p1a: Barraskewda|spd|1\n|faint|p2a: faya\n|\n|-weather|none\n|upkeep\n|\n|t:|1700722426\n|switch|p2a: scarlet|Iron Moth|100\/100\n|-enditem|p2a: scarlet|Booster Energy\n|-activate|p2a: scarlet|ability: Quark Drive|[fromitem]\n|-start|p2a: scarlet|quarkdrivespe\n|turn|6\n|\n|t:|1700722430\n|switch|p1a: Tyranitar|Tyranitar, M|100\/100\n|-activate|p1a: Tyranitar|move: Sticky Web\n|-unboost|p1a: Tyranitar|spe|1\n|-weather|Sandstorm|[from] ability: Sand Stream|[of] p1a: Tyranitar\n|move|p2a: scarlet|Fiery Dance|p1a: Tyranitar\n|-resisted|p1a: Tyranitar\n|-damage|p1a: Tyranitar|92\/100\n|\n|-weather|Sandstorm|[upkeep]\n|-damage|p2a: scarlet|95\/100|[from] Sandstorm\n|-heal|p1a: Tyranitar|98\/100|[from] item: Leftovers\n|upkeep\n|turn|7\n|\n|t:|1700722434\n|move|p2a: scarlet|Dazzling Gleam|p1a: Tyranitar\n|-supereffective|p1a: Tyranitar\n|-damage|p1a: Tyranitar|75\/100\n|move|p1a: Tyranitar|Stealth Rock|p2a: scarlet\n|-sidestart|p2: 2(H2O)|move: Stealth Rock\n|\n|-weather|Sandstorm|[upkeep]\n|-damage|p2a: scarlet|89\/100|[from] Sandstorm\n|-heal|p1a: Tyranitar|81\/100|[from] item: Leftovers\n|upkeep\n|turn|8\n|\n|t:|1700722437\n|move|p2a: scarlet|Dazzling Gleam|p1a: Tyranitar\n|-supereffective|p1a: Tyranitar\n|-damage|p1a: Tyranitar|54\/100\n|move|p1a: Tyranitar|Rock Blast|p2a: scarlet\n|-supereffective|p2a: scarlet\n|-damage|p2a: scarlet|56\/100\n|-supereffective|p2a: scarlet\n|-damage|p2a: scarlet|24\/100\n|-supereffective|p2a: scarlet\n|-damage|p2a: scarlet|0 fnt\n|faint|p2a: scarlet\n|-end|p2a: scarlet|Quark Drive|[silent]\n|-hitcount|p2: scarlet|3\n|\n|-weather|Sandstorm|[upkeep]\n|-heal|p1a: Tyranitar|61\/100|[from] item: Leftovers\n|upkeep\n|\n|t:|1700722440\n|switch|p2a: wessin|Gholdengo|100\/100\n|-damage|p2a: wessin|94\/100|[from] Stealth Rock\n|-item|p2a: wessin|Air Balloon\n|turn|9\n|\n|t:|1700722445\n|switch|p1a: Corviknight|Corviknight, F|100\/100\n|-ability|p1a: Corviknight|Pressure\n|move|p2a: wessin|Nasty Plot|p2a: wessin\n|-boost|p2a: wessin|spa|2\n|\n|-weather|Sandstorm|[upkeep]\n|upkeep\n|turn|10\n|\n|t:|1700722450\n|move|p2a: wessin|Shadow Ball|p1a: Corviknight\n|-damage|p1a: Corviknight|37\/100\n|move|p1a: Corviknight|U-turn|p2a: wessin\n|-resisted|p2a: wessin\n|-damage|p2a: wessin|91\/100\n|-enditem|p2a: wessin|Air Balloon\n|\n|t:|1700722455\n|switch|p1a: Basculegion|Basculegion-F, F|100\/100|[from] U-turn\n|-activate|p1a: Basculegion|move: Sticky Web\n|-unboost|p1a: Basculegion|spe|1\n|\n|-weather|none\n|upkeep\n|turn|11\n|\n|t:|1700722459\n|switch|p1a: Tyranitar|Tyranitar, M|61\/100\n|-activate|p1a: Tyranitar|move: Sticky Web\n|-unboost|p1a: Tyranitar|spe|1\n|-weather|Sandstorm|[from] ability: Sand Stream|[of] p1a: Tyranitar\n|move|p2a: wessin|Shadow Ball|p1a: Tyranitar\n|-resisted|p1a: Tyranitar\n|-damage|p1a: Tyranitar|43\/100\n|\n|-weather|Sandstorm|[upkeep]\n|-heal|p1a: Tyranitar|49\/100|[from] item: Leftovers\n|upkeep\n|turn|12\n|\n|t:|1700722467\n|switch|p1a: Corviknight|Corviknight, F|37\/100\n|-ability|p1a: Corviknight|Pressure\n|move|p2a: wessin|Make It Rain|p1a: Corviknight\n|-resisted|p1a: Corviknight\n|-damage|p1a: Corviknight|0 fnt\n|-unboost|p2a: wessin|spa|1\n|faint|p1a: Corviknight\n|\n|-weather|Sandstorm|[upkeep]\n|upkeep\n|\n|t:|1700722476\n|switch|p1a: Pelipper|Pelipper, F|100\/100\n|-weather|RainDance|[from] ability: Drizzle|[of] p1a: Pelipper\n|turn|13\n|\n|t:|1700722479\n|move|p1a: Pelipper|Surf|p2a: wessin\n|-damage|p2a: wessin|27\/100\n|move|p2a: wessin|Shadow Ball|p1a: Pelipper\n|-damage|p1a: Pelipper|0 fnt\n|faint|p1a: Pelipper\n|\n|-weather|RainDance|[upkeep]\n|upkeep\n|\n|t:|1700722481\n|switch|p1a: Barraskewda|Barraskewda, F|100\/100\n|turn|14\n|\n|t:|1700722487\n|move|p1a: Barraskewda|Flip Turn|p2a: wessin\n|-damage|p2a: wessin|0 fnt\n|faint|p2a: wessin\n|\n|t:|1700722492\n|switch|p1a: Basculegion|Basculegion-F, F|100\/100|[from] Flip Turn\n|-activate|p1a: Basculegion|move: Sticky Web\n|-unboost|p1a: Basculegion|spe|1\n|\n|-weather|RainDance|[upkeep]\n|upkeep\n|\n|t:|1700722495\n|switch|p2a: awyp|Kingambit, F|100\/100\n|-damage|p2a: awyp|94\/100|[from] Stealth Rock\n|-activate|p2a: awyp|ability: Supreme Overlord\n|-start|p2a: awyp|fallen4|[silent]\n|turn|15\n|\n|t:|1700722497\n|move|p2a: awyp|Sucker Punch||[still]\n|-fail|p2a: awyp\n|move|p1a: Basculegion|Substitute|p1a: Basculegion\n|-start|p1a: Basculegion|Substitute\n|-damage|p1a: Basculegion|76\/100\n|\n|-weather|RainDance|[upkeep]\n|-heal|p1a: Basculegion|82\/100|[from] item: Leftovers\n|upkeep\n|turn|16\n|\n|t:|1700722500\n|move|p2a: awyp|Sucker Punch|p1a: Basculegion\n|-supereffective|p1a: Basculegion\n|-end|p1a: Basculegion|Substitute\n|move|p1a: Basculegion|Surf|p2a: awyp\n|-damage|p2a: awyp|0 fnt\n|faint|p2a: awyp\n|-end|p2a: awyp|fallen4|[silent]\n|\n|-weather|RainDance|[upkeep]\n|-heal|p1a: Basculegion|88\/100|[from] item: Leftovers\n|upkeep\n|\n|t:|1700722503\n|switch|p2a: HPDARKEAGLE|Manaphy|100\/100\n|-damage|p2a: HPDARKEAGLE|88\/100|[from] Stealth Rock\n|turn|17\n|\n|t:|1700722511\n|move|p2a: HPDARKEAGLE|Take Heart|p2a: HPDARKEAGLE\n|-boost|p2a: HPDARKEAGLE|spa|1\n|-boost|p2a: HPDARKEAGLE|spd|1\n|move|p1a: Basculegion|Shadow Ball|p2a: HPDARKEAGLE\n|-damage|p2a: HPDARKEAGLE|54\/100\n|\n|-weather|none\n|-heal|p2a: HPDARKEAGLE|60\/100|[from] item: Leftovers\n|-heal|p1a: Basculegion|94\/100|[from] item: Leftovers\n|upkeep\n|turn|18\n|\n|t:|1700722515\n|switch|p1a: Tyranitar|Tyranitar, M|49\/100\n|-activate|p1a: Tyranitar|move: Sticky Web\n|-unboost|p1a: Tyranitar|spe|1\n|-weather|Sandstorm|[from] ability: Sand Stream|[of] p1a: Tyranitar\n|move|p2a: HPDARKEAGLE|Acid Armor|p2a: HPDARKEAGLE\n|-boost|p2a: HPDARKEAGLE|def|2\n|\n|-weather|Sandstorm|[upkeep]\n|-damage|p2a: HPDARKEAGLE|54\/100|[from] Sandstorm\n|-heal|p2a: HPDARKEAGLE|60\/100|[from] item: Leftovers\n|-heal|p1a: Tyranitar|55\/100|[from] item: Leftovers\n|upkeep\n|turn|19\n|\n|t:|1700722521\n|move|p2a: HPDARKEAGLE|Acid Armor|p2a: HPDARKEAGLE\n|-boost|p2a: HPDARKEAGLE|def|2\n|move|p1a: Tyranitar|Knock Off|p2a: HPDARKEAGLE\n|-damage|p2a: HPDARKEAGLE|47\/100\n|-enditem|p2a: HPDARKEAGLE|Leftovers|[from] move: Knock Off|[of] p1a: Tyranitar\n|\n|-weather|Sandstorm|[upkeep]\n|-damage|p2a: HPDARKEAGLE|41\/100|[from] Sandstorm\n|-heal|p1a: Tyranitar|61\/100|[from] item: Leftovers\n|upkeep\n|turn|20\n|\n|t:|1700722533\n|move|p2a: HPDARKEAGLE|Take Heart|p2a: HPDARKEAGLE\n|-boost|p2a: HPDARKEAGLE|spa|1\n|-boost|p2a: HPDARKEAGLE|spd|1\n|move|p1a: Tyranitar|Knock Off|p2a: HPDARKEAGLE\n|-damage|p2a: HPDARKEAGLE|32\/100\n|\n|-weather|Sandstorm|[upkeep]\n|-damage|p2a: HPDARKEAGLE|26\/100|[from] Sandstorm\n|-heal|p1a: Tyranitar|68\/100|[from] item: Leftovers\n|upkeep\n|turn|21\n|\n|t:|1700722549\n|switch|p1a: Basculegion|Basculegion-F, F|94\/100\n|-activate|p1a: Basculegion|move: Sticky Web\n|-unboost|p1a: Basculegion|spe|1\n|move|p2a: HPDARKEAGLE|Scald|p1a: Basculegion\n|-resisted|p1a: Basculegion\n|-damage|p1a: Basculegion|48\/100\n|\n|-weather|Sandstorm|[upkeep]\n|-damage|p2a: HPDARKEAGLE|20\/100|[from] Sandstorm\n|-damage|p1a: Basculegion|42\/100|[from] Sandstorm\n|-heal|p1a: Basculegion|48\/100|[from] item: Leftovers\n|upkeep\n|turn|22\n|\n|t:|1700722557\n|move|p2a: HPDARKEAGLE|Stored Power|p1a: Basculegion\n|-damage|p1a: Basculegion|0 fnt\n|faint|p1a: Basculegion\n|\n|-weather|none\n|upkeep\n|\n|t:|1700722560\n|switch|p1a: Barraskewda|Barraskewda, F|100\/100\n|turn|23\n|\n|t:|1700722565\n|-terastallize|p2a: HPDARKEAGLE|Poison\n|move|p1a: Barraskewda|Close Combat|p2a: HPDARKEAGLE\n|-resisted|p2a: HPDARKEAGLE\n|-damage|p2a: HPDARKEAGLE|13\/100\n|-unboost|p1a: Barraskewda|def|1\n|-unboost|p1a: Barraskewda|spd|1\n|move|p2a: HPDARKEAGLE|Stored Power|p1a: Barraskewda\n|-damage|p1a: Barraskewda|0 fnt\n|faint|p1a: Barraskewda\n|\n|upkeep\n|\n|t:|1700722568\n|switch|p1a: Tyranitar|Tyranitar, M|68\/100\n|-activate|p1a: Tyranitar|move: Sticky Web\n|-unboost|p1a: Tyranitar|spe|1\n|-weather|Sandstorm|[from] ability: Sand Stream|[of] p1a: Tyranitar\n|turn|24\n|\n|t:|1700722571\n|move|p2a: HPDARKEAGLE|Scald|p1a: Tyranitar\n|-supereffective|p1a: Tyranitar\n|-damage|p1a: Tyranitar|2\/100\n|move|p1a: Tyranitar|Knock Off|p2a: HPDARKEAGLE\n|-damage|p2a: HPDARKEAGLE|4\/100\n|\n|-weather|Sandstorm|[upkeep]\n|-damage|p2a: HPDARKEAGLE|0 fnt|[from] Sandstorm\n|faint|p2a: HPDARKEAGLE\n|\n|win|Dadben\n|upkeep\n|raw|Dadben's rating: 1563 &rarr; <strong>1584<\/strong><br \/>(+21 for winning)\n|raw|2(H2O)'s rating: 1585 &rarr; <strong>1564<\/strong><br \/>(-21 for losing)\n|l|\u26062(H2O)\n","uploadtime":1700722581,"views":10,"p1id":"dadben","p2id":"2h2o","formatid":"gen9ou","rating":1564,"private":0,"password":""}