{"id":"gen9ou-1989005870","p1":"Samkles","p2":"venisae","format":"[Gen 9] OU","log":"|j|\u2606Samkles\n|j|\u2606venisae\n|t:|1699801248\n|gametype|singles\n|player|p1|Samkles|red|1265\n|player|p2|venisae|caitlin|1166\n|teamsize|p1|6\n|teamsize|p2|6\n|gen|9\n|tier|[Gen 9] OU\n|rated|\n|rule|Sleep Clause Mod: Limit one foe put to sleep\n|rule|Species Clause: Limit one of each Pok\u00e9mon\n|rule|OHKO Clause: OHKO moves are banned\n|rule|Evasion Items Clause: Evasion items are banned\n|rule|Evasion Moves Clause: Evasion moves are banned\n|rule|Endless Battle Clause: Forcing endless battles is banned\n|rule|HP Percentage Mod: HP is shown in percentages\n|clearpoke\n|poke|p1|Zamazenta-*|\n|poke|p1|Cinderace, M|\n|poke|p1|Dragonite, M|\n|poke|p1|Rotom-Wash|\n|poke|p1|Landorus-Therian, M|\n|poke|p1|Dragapult, M|\n|poke|p2|Talonflame, F|\n|poke|p2|Muk-Alola, F|\n|poke|p2|Sandy Shocks|\n|poke|p2|Weavile, M|\n|poke|p2|Dipplin, M|\n|poke|p2|Mimikyu, M|\n|teampreview\n|inactive|Battle timer is ON: inactive players will automatically lose when time's up. (requested by Samkles)\n|inactive|venisae has 120 seconds left.\n|\n|t:|1699801309\n|start\n|switch|p1a: Rotom|Rotom-Wash|100\/100\n|switch|p2a: Sandy Shocks|Sandy Shocks|100\/100\n|turn|1\n|\n|t:|1699801338\n|move|p2a: Sandy Shocks|Volt Switch|p1a: Rotom\n|-damage|p1a: Rotom|68\/100\n|\n|t:|1699801342\n|-end|p2a: Sandy Shocks|Protosynthesis|[silent]\n|switch|p2a: Dipplin|Dipplin, M|100\/100|[from] Volt Switch\n|move|p1a: Rotom|Trick|p2a: Dipplin\n|-immune|p2a: Dipplin\n|\n|upkeep\n|turn|2\n|\n|t:|1699801353\n|switch|p1a: Landorus|Landorus-Therian, M|100\/100\n|-ability|p1a: Landorus|Intimidate|boost\n|-unboost|p2a: Dipplin|atk|1\n|move|p2a: Dipplin|Giga Drain|p1a: Landorus\n|-damage|p1a: Landorus|83\/100\n|\n|-heal|p1a: Landorus|89\/100|[from] item: Leftovers\n|upkeep\n|turn|3\n|\n|t:|1699801362\n|move|p1a: Landorus|U-turn|p2a: Dipplin\n|-supereffective|p2a: Dipplin\n|-damage|p2a: Dipplin|82\/100\n|\n|t:|1699801368\n|switch|p1a: Cinderace|Cinderace, M|100\/100|[from] U-turn\n|move|p2a: Dipplin|Dragon Tail|p1a: Cinderace\n|-damage|p1a: Cinderace|86\/100\n|drag|p1a: Zamazenta|Zamazenta|100\/100\n|-ability|p1a: Zamazenta|Dauntless Shield|boost\n|-boost|p1a: Zamazenta|def|1\n|\n|upkeep\n|turn|4\n|\n|t:|1699801381\n|switch|p1a: Landorus|Landorus-Therian, M|89\/100\n|-ability|p1a: Landorus|Intimidate|boost\n|-unboost|p2a: Dipplin|atk|1\n|switch|p2a: Talonflame|Talonflame, F|100\/100\n|\n|-heal|p1a: Landorus|95\/100|[from] item: Leftovers\n|upkeep\n|turn|5\n|inactive|venisae has 120 seconds left.\n|inactive|Samkles has 120 seconds left.\n|\n|t:|1699801435\n|move|p2a: Talonflame|Dual Wingbeat|p1a: Landorus\n|-damage|p1a: Landorus|81\/100\n|-damage|p1a: Landorus|66\/100\n|-hitcount|p1a: Landorus|2\n|move|p1a: Landorus|U-turn|p2a: Talonflame\n|-resisted|p2a: Talonflame\n|-damage|p2a: Talonflame|92\/100\n|\n|t:|1699801446\n|switch|p1a: Rotom|Rotom-Wash|68\/100|[from] U-turn\n|\n|upkeep\n|turn|6\n|inactive|venisae has 120 seconds left.\n|\n|t:|1699801471\n|switch|p2a: Sandy Shocks|Sandy Shocks|100\/100\n|move|p1a: Rotom|Thunder Wave|p2a: Sandy Shocks\n|-immune|p2a: Sandy Shocks\n|\n|upkeep\n|turn|7\n|\n|t:|1699801480\n|switch|p1a: Landorus|Landorus-Therian, M|66\/100\n|-ability|p1a: Landorus|Intimidate|boost\n|-unboost|p2a: Sandy Shocks|atk|1\n|move|p2a: Sandy Shocks|Volt Switch|p1a: Landorus\n|-immune|p1a: Landorus\n|\n|-heal|p1a: Landorus|72\/100|[from] item: Leftovers\n|upkeep\n|turn|8\n|\n|t:|1699801495\n|-end|p2a: Sandy Shocks|Protosynthesis|[silent]\n|switch|p2a: Dipplin|Dipplin, M|82\/100\n|move|p1a: Landorus|Stone Edge|p2a: Dipplin\n|-damage|p2a: Dipplin|69\/100\n|\n|-heal|p1a: Landorus|78\/100|[from] item: Leftovers\n|upkeep\n|turn|9\n|inactive|Samkles has 120 seconds left.\n|\n|t:|1699801504\n|move|p1a: Landorus|Protect|p1a: Landorus\n|-singleturn|p1a: Landorus|Protect\n|move|p2a: Dipplin|Giga Drain|p1a: Landorus\n|-activate|p1a: Landorus|move: Protect\n|\n|-heal|p1a: Landorus|84\/100|[from] item: Leftovers\n|upkeep\n|turn|10\n|inactive|Samkles has 120 seconds left.\n|\n|t:|1699801519\n|move|p1a: Landorus|Earthquake|p2a: Dipplin\n|-resisted|p2a: Dipplin\n|-damage|p2a: Dipplin|59\/100\n|move|p2a: Dipplin|Giga Drain|p1a: Landorus\n|-damage|p1a: Landorus|66\/100\n|-heal|p2a: Dipplin|69\/100|[from] drain|[of] p1a: Landorus\n|\n|-heal|p1a: Landorus|72\/100|[from] item: Leftovers\n|upkeep\n|turn|11\n|\n|t:|1699801526\n|move|p1a: Landorus|Protect|p1a: Landorus\n|-singleturn|p1a: Landorus|Protect\n|move|p2a: Dipplin|Giga Drain|p1a: Landorus\n|-activate|p1a: Landorus|move: Protect\n|\n|-heal|p1a: Landorus|78\/100|[from] item: Leftovers\n|upkeep\n|turn|12\n|\n|t:|1699801530\n|move|p1a: Landorus|U-turn|p2a: Dipplin\n|-supereffective|p2a: Dipplin\n|-damage|p2a: Dipplin|50\/100\n|\n|t:|1699801533\n|switch|p1a: Dragapult|Dragapult, M|100\/100|[from] U-turn\n|move|p2a: Dipplin|Giga Drain|p1a: Dragapult\n|-resisted|p1a: Dragapult\n|-damage|p1a: Dragapult|83\/100\n|-heal|p2a: Dipplin|58\/100|[from] drain|[of] p1a: Dragapult\n|\n|upkeep\n|turn|13\n|\n|t:|1699801549\n|switch|p2a: Mimikyu|Mimikyu, M, shiny|100\/100\n|move|p1a: Dragapult|Draco Meteor|p2a: Mimikyu\n|-immune|p2a: Mimikyu\n|\n|upkeep\n|turn|14\n|\n|t:|1699801562\n|switch|p1a: Landorus|Landorus-Therian, M|78\/100\n|-ability|p1a: Landorus|Intimidate|boost\n|-unboost|p2a: Mimikyu|atk|1\n|move|p2a: Mimikyu|Will-O-Wisp|p1a: Landorus\n|-status|p1a: Landorus|brn\n|\n|-heal|p1a: Landorus|84\/100 brn|[from] item: Leftovers\n|-damage|p1a: Landorus|78\/100 brn|[from] brn\n|upkeep\n|turn|15\n|\n|t:|1699801569\n|move|p2a: Mimikyu|Hex|p1a: Landorus\n|-damage|p1a: Landorus|59\/100 brn\n|move|p1a: Landorus|U-turn|p2a: Mimikyu\n|-activate|p2a: Mimikyu|ability: Disguise\n|-damage|p2a: Mimikyu|100\/100\n|-damage|p1a: Landorus|42\/100 brn|[from] item: Rocky Helmet|[of] p2a: Mimikyu\n|detailschange|p2a: Mimikyu|Mimikyu-Busted, M, shiny\n|-damage|p2a: Mimikyu|88\/100|[from] pokemon: Mimikyu-Busted\n|\n|t:|1699801579\n|switch|p1a: Dragapult|Dragapult, M|83\/100|[from] U-turn\n|\n|upkeep\n|turn|16\n|\n|t:|1699801587\n|switch|p2a: Muk|Muk-Alola, F|100\/100\n|move|p1a: Dragapult|Shadow Ball|p2a: Muk\n|-resisted|p2a: Muk\n|-damage|p2a: Muk|86\/100\n|\n|upkeep\n|turn|17\n|\n|t:|1699801603\n|switch|p1a: Landorus|Landorus-Therian, M|42\/100 brn\n|-ability|p1a: Landorus|Intimidate|boost\n|-unboost|p2a: Muk|atk|1\n|move|p2a: Muk|Knock Off|p1a: Landorus\n|-damage|p1a: Landorus|14\/100 brn\n|-enditem|p1a: Landorus|Leftovers|[from] move: Knock Off|[of] p2a: Muk\n|\n|-damage|p1a: Landorus|8\/100 brn|[from] brn\n|upkeep\n|turn|18\n|inactive|venisae has 120 seconds left.\n|\n|t:|1699801637\n|switch|p1a: Rotom|Rotom-Wash|68\/100\n|switch|p2a: Dipplin|Dipplin, M|58\/100\n|\n|upkeep\n|turn|19\n|\n|t:|1699801647\n|switch|p1a: Dragapult|Dragapult, M|83\/100\n|switch|p2a: Sandy Shocks|Sandy Shocks|100\/100\n|\n|upkeep\n|turn|20\n|\n|t:|1699801657\n|move|p1a: Dragapult|Draco Meteor|p2a: Sandy Shocks\n|-damage|p2a: Sandy Shocks|0 fnt\n|-unboost|p1a: Dragapult|spa|2\n|faint|p2a: Sandy Shocks\n|-end|p2a: Sandy Shocks|Protosynthesis|[silent]\n|\n|upkeep\n|inactive|venisae has 120 seconds left.\n|\n|t:|1699801696\n|switch|p2a: Weavile|Weavile, M|100\/100\n|-ability|p2a: Weavile|Pressure\n|turn|21\n|\n|t:|1699801706\n|switch|p1a: Landorus|Landorus-Therian, M|8\/100 brn\n|-ability|p1a: Landorus|Intimidate|boost\n|-unboost|p2a: Weavile|atk|1\n|move|p2a: Weavile|Swords Dance|p2a: Weavile\n|-boost|p2a: Weavile|atk|2\n|\n|-damage|p1a: Landorus|2\/100 brn|[from] brn\n|upkeep\n|turn|22\n|\n|t:|1699801722\n|move|p2a: Weavile|Knock Off|p1a: Landorus\n|-damage|p1a: Landorus|0 fnt\n|faint|p1a: Landorus\n|\n|upkeep\n|\n|t:|1699801726\n|switch|p1a: Zamazenta|Zamazenta|100\/100\n|turn|23\n|\n|t:|1699801735\n|-terastallize|p2a: Weavile|Fighting\n|move|p1a: Zamazenta|Body Press|p2a: Weavile\n|-damage|p2a: Weavile|44\/100\n|move|p2a: Weavile|Low Kick|p1a: Zamazenta\n|-damage|p1a: Zamazenta|36\/100\n|\n|-heal|p1a: Zamazenta|42\/100|[from] item: Leftovers\n|upkeep\n|turn|24\n|\n|t:|1699801749\n|switch|p2a: Mimikyu|Mimikyu-Busted, M, shiny|88\/100\n|move|p1a: Zamazenta|Body Press|p2a: Mimikyu\n|-immune|p2a: Mimikyu\n|\n|-heal|p1a: Zamazenta|48\/100|[from] item: Leftovers\n|upkeep\n|turn|25\n|\n|t:|1699801757\n|switch|p1a: Cinderace|Cinderace, M|86\/100\n|move|p2a: Mimikyu|Will-O-Wisp|p1a: Cinderace\n|-immune|p1a: Cinderace\n|\n|upkeep\n|turn|26\n|inactive|venisae has 120 seconds left.\n|\n|t:|1699801779\n|switch|p1a: Rotom|Rotom-Wash|68\/100\n|switch|p2a: Talonflame|Talonflame, F|92\/100\n|\n|upkeep\n|turn|27\n|\n|t:|1699801788\n|switch|p2a: Dipplin|Dipplin, M|58\/100\n|move|p1a: Rotom|Volt Switch|p2a: Dipplin\n|-resisted|p2a: Dipplin\n|-damage|p2a: Dipplin|54\/100\n|\n|t:|1699801793\n|switch|p1a: Dragapult|Dragapult, M|83\/100|[from] Volt Switch\n|\n|upkeep\n|turn|28\n|inactive|venisae has 120 seconds left.\n|\n|t:|1699801807\n|switch|p2a: Muk|Muk-Alola, F|86\/100\n|move|p1a: Dragapult|Draco Meteor|p2a: Muk\n|-damage|p2a: Muk|42\/100\n|-unboost|p1a: Dragapult|spa|2\n|\n|upkeep\n|turn|29\n|inactive|venisae has 120 seconds left.\n|\n|t:|1699801830\n|switch|p1a: Cinderace|Cinderace, M|86\/100\n|move|p2a: Muk|Knock Off|p1a: Cinderace\n|-damage|p1a: Cinderace|34\/100\n|-enditem|p1a: Cinderace|Heavy-Duty Boots|[from] move: Knock Off|[of] p2a: Muk\n|\n|upkeep\n|turn|30\n|inactive|venisae has 120 seconds left.\n|inactive|Samkles has 120 seconds left.\n|\n|t:|1699801863\n|switch|p2a: Talonflame|Talonflame, F|92\/100\n|move|p1a: Cinderace|Pyro Ball|p2a: Talonflame\n|-resisted|p2a: Talonflame\n|-damage|p2a: Talonflame|53\/100\n|\n|upkeep\n|turn|31\n|\n|t:|1699801872\n|move|p1a: Cinderace|Sucker Punch|p2a: Talonflame\n|-start|p1a: Cinderace|typechange|Dark|[from] ability: Libero\n|-damage|p2a: Talonflame|14\/100\n|move|p2a: Talonflame|Dual Wingbeat|p1a: Cinderace\n|-damage|p1a: Cinderace|15\/100\n|-damage|p1a: Cinderace|0 fnt\n|faint|p1a: Cinderace\n|-hitcount|p1: Cinderace|2\n|\n|upkeep\n|\n|t:|1699801888\n|switch|p1a: Rotom|Rotom-Wash|68\/100\n|turn|32\n|inactive|venisae has 120 seconds left.\n|\n|t:|1699801898\n|move|p2a: Talonflame|Roost|p2a: Talonflame\n|-heal|p2a: Talonflame|64\/100\n|-singleturn|p2a: Talonflame|move: Roost\n|move|p1a: Rotom|Volt Switch|p2a: Talonflame\n|-damage|p2a: Talonflame|27\/100\n|\n|t:|1699801907\n|switch|p1a: Dragonite|Dragonite, M|100\/100|[from] Volt Switch\n|\n|upkeep\n|turn|33\n|\n|t:|1699801917\n|switch|p2a: Mimikyu|Mimikyu-Busted, M, shiny|88\/100\n|move|p1a: Dragonite|Extreme Speed|p2a: Mimikyu\n|-immune|p2a: Mimikyu\n|\n|upkeep\n|turn|34\n|\n|t:|1699801924\n|switch|p1a: Dragapult|Dragapult, M|83\/100\n|move|p2a: Mimikyu|Will-O-Wisp|p1a: Dragapult|[miss]\n|-miss|p2a: Mimikyu|p1a: Dragapult\n|\n|upkeep\n|turn|35\n|\n|t:|1699801947\n|move|p1a: Dragapult|Shadow Ball|p2a: Mimikyu\n|-supereffective|p2a: Mimikyu\n|-damage|p2a: Mimikyu|1\/100\n|move|p2a: Mimikyu|Destiny Bond|p2a: Mimikyu\n|-singlemove|p2a: Mimikyu|Destiny Bond\n|\n|upkeep\n|turn|36\n|\n|t:|1699801957\n|switch|p1a: Rotom|Rotom-Wash|68\/100\n|move|p2a: Mimikyu|Pain Split|p1a: Rotom\n|-sethp|p1a: Rotom|35\/100|[from] move: Pain Split|[silent]\n|-sethp|p2a: Mimikyu|34\/100|[from] move: Pain Split\n|\n|upkeep\n|turn|37\n|\n|t:|1699801973\n|switch|p1a: Dragapult|Dragapult, M|83\/100\n|move|p2a: Mimikyu|Destiny Bond|p2a: Mimikyu\n|-singlemove|p2a: Mimikyu|Destiny Bond\n|\n|upkeep\n|turn|38\n|\n|t:|1699801983\n|switch|p1a: Rotom|Rotom-Wash|35\/100\n|move|p2a: Mimikyu|Pain Split|p1a: Rotom\n|-sethp|p1a: Rotom|35\/100|[from] move: Pain Split|[silent]\n|-sethp|p2a: Mimikyu|34\/100|[from] move: Pain Split\n|\n|upkeep\n|turn|39\n|\n|t:|1699801994\n|move|p1a: Rotom|Trick|p2a: Mimikyu\n|-activate|p1a: Rotom|move: Trick|[of] p2a: Mimikyu\n|-item|p2a: Mimikyu|Choice Scarf|[from] move: Trick\n|-item|p1a: Rotom|Rocky Helmet|[from] move: Trick\n|move|p2a: Mimikyu|Will-O-Wisp|p1a: Rotom\n|-status|p1a: Rotom|brn\n|\n|-damage|p1a: Rotom|29\/100 brn|[from] brn\n|upkeep\n|turn|40\n|\n|t:|1699802004\n|switch|p2a: Dipplin|Dipplin, M|54\/100\n|move|p1a: Rotom|Hydro Pump|p2a: Dipplin\n|-resisted|p2a: Dipplin\n|-damage|p2a: Dipplin|46\/100\n|\n|-damage|p1a: Rotom|23\/100 brn|[from] brn\n|upkeep\n|turn|41\n|\n|t:|1699802008\n|move|p1a: Rotom|Volt Switch|p2a: Dipplin\n|-resisted|p2a: Dipplin\n|-damage|p2a: Dipplin|42\/100\n|\n|t:|1699802010\n|switch|p1a: Dragapult|Dragapult, M|83\/100|[from] Volt Switch\n|move|p2a: Dipplin|Dragon Tail|p1a: Dragapult\n|-supereffective|p1a: Dragapult\n|-damage|p1a: Dragapult|37\/100\n|drag|p1a: Rotom|Rotom-Wash|23\/100 brn\n|\n|-damage|p1a: Rotom|17\/100 brn|[from] brn\n|upkeep\n|turn|42\n|\n|t:|1699802022\n|move|p1a: Rotom|Thunder Wave|p2a: Dipplin\n|-status|p2a: Dipplin|par\n|cant|p2a: Dipplin|par\n|\n|-damage|p1a: Rotom|11\/100 brn|[from] brn\n|upkeep\n|turn|43\n|\n|t:|1699802035\n|move|p1a: Rotom|Hydro Pump|p2a: Dipplin\n|-resisted|p2a: Dipplin\n|-damage|p2a: Dipplin|35\/100 par\n|move|p2a: Dipplin|Tera Blast|p1a: Rotom\n|-damage|p1a: Rotom|0 fnt\n|faint|p1a: Rotom\n|\n|upkeep\n|\n|t:|1699802041\n|switch|p1a: Dragapult|Dragapult, M|37\/100\n|turn|44\n|\n|t:|1699802068\n|switch|p2a: Mimikyu|Mimikyu-Busted, M, shiny|34\/100\n|move|p1a: Dragapult|Shadow Ball|p2a: Mimikyu\n|-supereffective|p2a: Mimikyu\n|-damage|p2a: Mimikyu|0 fnt\n|faint|p2a: Mimikyu\n|\n|upkeep\n|inactive|venisae has 120 seconds left.\n|\n|t:|1699802088\n|switch|p2a: Talonflame|Talonflame, F|27\/100\n|turn|45\n|\n|t:|1699802092\n|move|p2a: Talonflame|Dual Wingbeat|p1a: Dragapult\n|-damage|p1a: Dragapult|15\/100\n|-damage|p1a: Dragapult|0 fnt\n|faint|p1a: Dragapult\n|-hitcount|p1: Dragapult|2\n|\n|upkeep\n|\n|t:|1699802095\n|switch|p1a: Dragonite|Dragonite, M|100\/100\n|turn|46\n|inactive|venisae has 120 seconds left.\n|\n|t:|1699802144\n|move|p2a: Talonflame|Dual Wingbeat|p1a: Dragonite\n|-damage|p1a: Dragonite|93\/100\n|-damage|p1a: Dragonite|79\/100\n|-hitcount|p1a: Dragonite|2\n|move|p1a: Dragonite|Dragon Dance|p1a: Dragonite\n|-boost|p1a: Dragonite|atk|1\n|-boost|p1a: Dragonite|spe|1\n|\n|upkeep\n|turn|47\n|\n|t:|1699802156\n|move|p1a: Dragonite|Extreme Speed|p2a: Talonflame\n|-damage|p2a: Talonflame|0 fnt\n|faint|p2a: Talonflame\n|\n|upkeep\n|\n|t:|1699802160\n|switch|p2a: Dipplin|Dipplin, M|35\/100 par\n|turn|48\n|\n|t:|1699802165\n|move|p1a: Dragonite|Ice Spinner|p2a: Dipplin\n|-supereffective|p2a: Dipplin\n|-damage|p2a: Dipplin|0 fnt\n|faint|p2a: Dipplin\n|\n|upkeep\n|\n|t:|1699802168\n|switch|p2a: Weavile|Weavile, M, tera:Fighting|44\/100\n|-ability|p2a: Weavile|Pressure\n|turn|49\n|\n|t:|1699802175\n|-terastallize|p1a: Dragonite|Normal\n|move|p1a: Dragonite|Extreme Speed|p2a: Weavile\n|-crit|p2a: Weavile\n|-damage|p2a: Weavile|0 fnt\n|faint|p2a: Weavile\n|\n|upkeep\n|\n|t:|1699802179\n|switch|p2a: Muk|Muk-Alola, F|42\/100\n|turn|50\n|\n|t:|1699802182\n|move|p1a: Dragonite|Earthquake|p2a: Muk\n|-supereffective|p2a: Muk\n|-damage|p2a: Muk|0 fnt\n|faint|p2a: Muk\n|\n|win|Samkles\n|raw|Samkles's rating: 1265 &rarr; <strong>1283<\/strong><br \/>(+18 for winning)\n|raw|venisae's rating: 1166 &rarr; <strong>1148<\/strong><br \/>(-18 for losing)\n|l|\u2606venisae\n","uploadtime":1699802190,"views":8,"p1id":"samkles","p2id":"venisae","formatid":"gen9ou","rating":1148,"private":0,"password":""}