{"id":"gen9ou-1994108166","p1":"151intheworld","p2":"MarcSpark","format":"[Gen 9] OU","log":"|j|\u2606151intheworld\n|j|\u2606MarcSpark\n|t:|1700407814\n|gametype|singles\n|player|p1|151intheworld|cynthia-gen4|1052\n|player|p2|MarcSpark|firebreather|1054\n|teamsize|p1|6\n|teamsize|p2|6\n|gen|9\n|tier|[Gen 9] OU\n|rated|\n|rule|Sleep Clause Mod: Limit one foe put to sleep\n|rule|Species Clause: Limit one of each Pok\u00e9mon\n|rule|OHKO Clause: OHKO moves are banned\n|rule|Evasion Items Clause: Evasion items are banned\n|rule|Evasion Moves Clause: Evasion moves are banned\n|rule|Endless Battle Clause: Forcing endless battles is banned\n|rule|HP Percentage Mod: HP is shown in percentages\n|clearpoke\n|poke|p1|Torkoal, M|\n|poke|p1|Lilligant-Hisui, F|\n|poke|p1|Great Tusk|\n|poke|p1|Walking Wake|\n|poke|p1|Kingambit, M|\n|poke|p1|Hatterene, F|\n|poke|p2|Landorus-Therian, M|\n|poke|p2|Rillaboom, M|\n|poke|p2|Walking Wake|\n|poke|p2|Ceruledge, M|\n|poke|p2|Ting-Lu|\n|poke|p2|Rotom-Frost|\n|teampreview\n|\n|t:|1700407830\n|start\n|switch|p1a: Torkoal|Torkoal, M|100\/100\n|switch|p2a: Ceruledge|Ceruledge, M|100\/100\n|-weather|SunnyDay|[from] ability: Drought|[of] p1a: Torkoal\n|turn|1\n|\n|t:|1700407838\n|switch|p2a: Walking Wake|Walking Wake|100\/100\n|-activate|p2a: Walking Wake|ability: Protosynthesis\n|-start|p2a: Walking Wake|protosynthesisspa\n|move|p1a: Torkoal|Stealth Rock|p2a: Walking Wake\n|-sidestart|p2: MarcSpark|move: Stealth Rock\n|\n|-weather|SunnyDay|[upkeep]\n|upkeep\n|turn|2\n|\n|t:|1700407856\n|switch|p1a: Walking Wake|Walking Wake|100\/100\n|-activate|p1a: Walking Wake|ability: Protosynthesis\n|-start|p1a: Walking Wake|protosynthesisspe\n|move|p2a: Walking Wake|Hydro Steam|p1a: Walking Wake\n|-resisted|p1a: Walking Wake\n|-damage|p1a: Walking Wake|76\/100\n|\n|-weather|SunnyDay|[upkeep]\n|upkeep\n|turn|3\n|\n|t:|1700407868\n|move|p1a: Walking Wake|Draco Meteor|p2a: Walking Wake\n|-supereffective|p2a: Walking Wake\n|-damage|p2a: Walking Wake|0 fnt\n|-unboost|p1a: Walking Wake|spa|2\n|faint|p2a: Walking Wake\n|-end|p2a: Walking Wake|Protosynthesis|[silent]\n|\n|-weather|SunnyDay|[upkeep]\n|upkeep\n|\n|t:|1700407876\n|switch|p2a: Rillaboom|Rillaboom, M|100\/100\n|-damage|p2a: Rillaboom|88\/100|[from] Stealth Rock\n|-fieldstart|move: Grassy Terrain|[from] ability: Grassy Surge|[of] p2a: Rillaboom\n|turn|4\n|\n|t:|1700407901\n|-end|p1a: Walking Wake|Protosynthesis|[silent]\n|switch|p1a: Lilligant|Lilligant-Hisui, F|100\/100\n|move|p2a: Rillaboom|Grassy Glide|p1a: Lilligant\n|-resisted|p1a: Lilligant\n|-damage|p1a: Lilligant|50\/100\n|\n|-weather|SunnyDay|[upkeep]\n|-heal|p1a: Lilligant|56\/100|[from] Grassy Terrain\n|-heal|p2a: Rillaboom|94\/100|[from] Grassy Terrain\n|upkeep\n|turn|5\n|\n|t:|1700407913\n|move|p2a: Rillaboom|Grassy Glide|p1a: Lilligant\n|-resisted|p1a: Lilligant\n|-damage|p1a: Lilligant|14\/100\n|move|p1a: Lilligant|Close Combat|p2a: Rillaboom\n|-damage|p2a: Rillaboom|22\/100\n|-unboost|p1a: Lilligant|def|1\n|-unboost|p1a: Lilligant|spd|1\n|-damage|p1a: Lilligant|4\/100|[from] item: Life Orb\n|\n|-weather|SunnyDay|[upkeep]\n|-heal|p1a: Lilligant|10\/100|[from] Grassy Terrain\n|-heal|p2a: Rillaboom|28\/100|[from] Grassy Terrain\n|upkeep\n|turn|6\n|\n|t:|1700407930\n|switch|p1a: Torkoal|Torkoal, M|100\/100\n|move|p2a: Rillaboom|Grassy Glide|p1a: Torkoal\n|-resisted|p1a: Torkoal\n|-damage|p1a: Torkoal|84\/100\n|\n|-weather|SunnyDay|[upkeep]\n|-heal|p2a: Rillaboom|35\/100|[from] Grassy Terrain\n|-heal|p1a: Torkoal|90\/100|[from] Grassy Terrain\n|upkeep\n|turn|7\n|\n|t:|1700407952\n|switch|p2a: Landorus|Landorus-Therian, M|100\/100\n|-damage|p2a: Landorus|88\/100|[from] Stealth Rock\n|-ability|p2a: Landorus|Intimidate|boost\n|-unboost|p1a: Torkoal|atk|1\n|move|p1a: Torkoal|Lava Plume|p2a: Landorus\n|-damage|p2a: Landorus|50\/100\n|-status|p2a: Landorus|brn\n|\n|-weather|SunnyDay|[upkeep]\n|-heal|p1a: Torkoal|96\/100|[from] Grassy Terrain\n|-damage|p2a: Landorus|44\/100 brn|[from] brn\n|upkeep\n|turn|8\n|\n|t:|1700407972\n|move|p2a: Landorus|Stealth Rock|p1a: Torkoal\n|-sidestart|p1: 151intheworld|move: Stealth Rock\n|move|p1a: Torkoal|Solar Beam||[still]\n|-prepare|p1a: Torkoal|Solar Beam\n|-anim|p1a: Torkoal|Solar Beam|p2a: Landorus\n|-damage|p2a: Landorus|8\/100 brn\n|\n|-weather|none\n|-heal|p1a: Torkoal|100\/100|[from] Grassy Terrain\n|-damage|p2a: Landorus|2\/100 brn|[from] brn\n|-fieldend|move: Grassy Terrain\n|upkeep\n|turn|9\n|\n|t:|1700407996\n|move|p2a: Landorus|Rock Slide|p1a: Torkoal\n|-supereffective|p1a: Torkoal\n|-crit|p1a: Torkoal\n|-damage|p1a: Torkoal|79\/100\n|move|p1a: Torkoal|Lava Plume|p2a: Landorus\n|-damage|p2a: Landorus|0 fnt\n|faint|p2a: Landorus\n|\n|upkeep\n|\n|t:|1700408009\n|switch|p2a: Ting-Lu|Ting-Lu|100\/100\n|-damage|p2a: Ting-Lu|94\/100|[from] Stealth Rock\n|-ability|p2a: Ting-Lu|Vessel of Ruin\n|turn|10\n|\n|t:|1700408022\n|switch|p1a: Great Tusk|Great Tusk|100\/100\n|move|p2a: Ting-Lu|Spikes|p1a: Great Tusk\n|-sidestart|p1: 151intheworld|Spikes\n|\n|-heal|p2a: Ting-Lu|100\/100|[from] item: Leftovers\n|upkeep\n|turn|11\n|\n|t:|1700408031\n|move|p1a: Great Tusk|Close Combat|p2a: Ting-Lu\n|-supereffective|p2a: Ting-Lu\n|-damage|p2a: Ting-Lu|28\/100\n|-unboost|p1a: Great Tusk|def|1\n|-unboost|p1a: Great Tusk|spd|1\n|move|p2a: Ting-Lu|Ruination|p1a: Great Tusk\n|-damage|p1a: Great Tusk|51\/100\n|\n|-heal|p2a: Ting-Lu|34\/100|[from] item: Leftovers\n|upkeep\n|turn|12\n|\n|t:|1700408043\n|switch|p2a: Ceruledge|Ceruledge, M|100\/100\n|-damage|p2a: Ceruledge|76\/100|[from] Stealth Rock\n|move|p1a: Great Tusk|Rapid Spin|p2a: Ceruledge\n|-immune|p2a: Ceruledge\n|\n|upkeep\n|turn|13\n|\n|t:|1700408056\n|-end|p1a: Great Tusk|Protosynthesis|[silent]\n|switch|p1a: Kingambit|Kingambit, M|100\/100\n|move|p2a: Ceruledge|Bitter Blade|p1a: Kingambit\n|-supereffective|p1a: Kingambit\n|-damage|p1a: Kingambit|34\/100\n|-heal|p2a: Ceruledge|100\/100|[from] drain|[of] p1a: Kingambit\n|\n|upkeep\n|turn|14\n|\n|t:|1700408089\n|move|p1a: Kingambit|Sucker Punch|p2a: Ceruledge\n|-supereffective|p2a: Ceruledge\n|-enditem|p2a: Ceruledge|Focus Sash\n|-damage|p2a: Ceruledge|1\/100\n|-ability|p2a: Ceruledge|Weak Armor|boost\n|-unboost|p2a: Ceruledge|def|1\n|-boost|p2a: Ceruledge|spe|2\n|move|p2a: Ceruledge|Bitter Blade|p1a: Kingambit\n|-supereffective|p1a: Kingambit\n|-damage|p1a: Kingambit|0 fnt\n|-heal|p2a: Ceruledge|22\/100|[from] drain|[of] p1a: Kingambit\n|faint|p1a: Kingambit\n|-end|p1a: Kingambit|fallenundefined|[silent]\n|\n|upkeep\n|\n|t:|1700408098\n|switch|p1a: Hatterene|Hatterene, F|100\/100\n|-damage|p1a: Hatterene|88\/100|[from] Stealth Rock\n|-damage|p1a: Hatterene|76\/100|[from] Spikes\n|turn|15\n|\n|t:|1700408111\n|move|p2a: Ceruledge|Shadow Sneak|p1a: Hatterene\n|-supereffective|p1a: Hatterene\n|-damage|p1a: Hatterene|41\/100\n|-enditem|p1a: Hatterene|Eject Button\n|\n|t:|1700408177\n|switch|p1a: Walking Wake|Walking Wake|76\/100\n|-damage|p1a: Walking Wake|64\/100|[from] Stealth Rock\n|-damage|p1a: Walking Wake|51\/100|[from] Spikes\n|\n|upkeep\n|turn|16\n|\n|t:|1700408185\n|switch|p2a: Rotom|Rotom-Frost, shiny|100\/100\n|move|p1a: Walking Wake|Hydro Steam|p2a: Rotom\n|-damage|p2a: Rotom|37\/100\n|\n|upkeep\n|turn|17\n|\n|t:|1700408194\n|move|p1a: Walking Wake|Hydro Steam|p2a: Rotom\n|-crit|p2a: Rotom\n|-damage|p2a: Rotom|0 fnt\n|faint|p2a: Rotom\n|\n|upkeep\n|\n|t:|1700408200\n|switch|p2a: Rillaboom|Rillaboom, M|35\/100\n|-damage|p2a: Rillaboom|22\/100|[from] Stealth Rock\n|-fieldstart|move: Grassy Terrain|[from] ability: Grassy Surge|[of] p2a: Rillaboom\n|turn|18\n|\n|t:|1700408260\n|-end|p1a: Walking Wake|Protosynthesis|[silent]\n|switch|p1a: Torkoal|Torkoal, M|79\/100\n|-damage|p1a: Torkoal|54\/100|[from] Stealth Rock\n|-damage|p1a: Torkoal|42\/100|[from] Spikes\n|-weather|SunnyDay|[from] ability: Drought|[of] p1a: Torkoal\n|move|p2a: Rillaboom|Grassy Glide|p1a: Torkoal\n|-resisted|p1a: Torkoal\n|-damage|p1a: Torkoal|25\/100\n|\n|-weather|SunnyDay|[upkeep]\n|-heal|p2a: Rillaboom|28\/100|[from] Grassy Terrain\n|-heal|p1a: Torkoal|31\/100|[from] Grassy Terrain\n|upkeep\n|turn|19\n|\n|t:|1700408284\n|switch|p2a: Ting-Lu|Ting-Lu|34\/100\n|-damage|p2a: Ting-Lu|28\/100|[from] Stealth Rock\n|-ability|p2a: Ting-Lu|Vessel of Ruin\n|move|p1a: Torkoal|Lava Plume|p2a: Ting-Lu\n|-damage|p2a: Ting-Lu|11\/100\n|-status|p2a: Ting-Lu|brn\n|\n|-weather|SunnyDay|[upkeep]\n|-heal|p2a: Ting-Lu|18\/100 brn|[from] Grassy Terrain\n|-heal|p2a: Ting-Lu|24\/100 brn|[from] item: Leftovers\n|-heal|p1a: Torkoal|37\/100|[from] Grassy Terrain\n|-damage|p2a: Ting-Lu|18\/100 brn|[from] brn\n|upkeep\n|turn|20\n|l|\u2606151intheworld\n|player|p1|\n|j|\u2606151intheworld\n|player|p1|151intheworld|cynthia-gen4\n|\n|t:|1700408299\n|move|p2a: Ting-Lu|Earthquake|p1a: Torkoal\n|-supereffective|p1a: Torkoal\n|-damage|p1a: Torkoal|27\/100\n|move|p1a: Torkoal|Solar Beam||[still]\n|-prepare|p1a: Torkoal|Solar Beam\n|-anim|p1a: Torkoal|Solar Beam|p2a: Ting-Lu\n|-supereffective|p2a: Ting-Lu\n|-damage|p2a: Ting-Lu|0 fnt\n|faint|p2a: Ting-Lu\n|\n|-weather|SunnyDay|[upkeep]\n|-heal|p1a: Torkoal|33\/100|[from] Grassy Terrain\n|upkeep\n|\n|t:|1700408310\n|switch|p2a: Ceruledge|Ceruledge, M|22\/100\n|-damage|p2a: Ceruledge|0 fnt|[from] Stealth Rock\n|faint|p2a: Ceruledge\n|\n|t:|1700408314\n|switch|p2a: Rillaboom|Rillaboom, M|28\/100\n|-damage|p2a: Rillaboom|16\/100|[from] Stealth Rock\n|turn|21\n|\n|t:|1700408320\n|move|p2a: Rillaboom|Knock Off|p1a: Torkoal\n|-damage|p1a: Torkoal|4\/100\n|-enditem|p1a: Torkoal|Heat Rock|[from] move: Knock Off|[of] p2a: Rillaboom\n|move|p1a: Torkoal|Lava Plume|p2a: Rillaboom\n|-supereffective|p2a: Rillaboom\n|-damage|p2a: Rillaboom|0 fnt\n|faint|p2a: Rillaboom\n|\n|win|151intheworld\n|raw|151intheworld's rating: 1052 &rarr; <strong>1084<\/strong><br \/>(+32 for winning)\n|raw|MarcSpark's rating: 1054 &rarr; <strong>1036<\/strong><br \/>(-18 for losing)\n|l|\u2606MarcSpark\n","uploadtime":1700408335,"views":8,"p1id":"151intheworld","p2id":"marcspark","formatid":"gen9ou","rating":1036,"private":0,"password":""}