{"id":"gen9ou-1996237419","p1":"yyysneasel","p2":"Joyenfeu","format":"[Gen 9] OU","log":"|j|\u2606yyysneasel\n|j|\u2606Joyenfeu\n|t:|1700662640\n|gametype|singles\n|player|p1|yyysneasel|bugcatcher-gen4dp|1717\n|player|p2|Joyenfeu|policeman|1666\n|teamsize|p1|6\n|teamsize|p2|6\n|gen|9\n|tier|[Gen 9] OU\n|rated|\n|rule|Sleep Clause Mod: Limit one foe put to sleep\n|rule|Species Clause: Limit one of each Pok\u00e9mon\n|rule|OHKO Clause: OHKO moves are banned\n|rule|Evasion Items Clause: Evasion items are banned\n|rule|Evasion Moves Clause: Evasion moves are banned\n|rule|Endless Battle Clause: Forcing endless battles is banned\n|rule|HP Percentage Mod: HP is shown in percentages\n|clearpoke\n|poke|p1|Corviknight, M|\n|poke|p1|Toxapex, M|\n|poke|p1|Dondozo, M|\n|poke|p1|Slowking-Galar, M|\n|poke|p1|Blissey, F|\n|poke|p1|Clefable, F|\n|poke|p2|Iron Treads|\n|poke|p2|Great Tusk|\n|poke|p2|Gholdengo|\n|poke|p2|Samurott-Hisui, F|\n|poke|p2|Kingambit, F|\n|poke|p2|Rotom-Heat|\n|teampreview\n|\n|t:|1700662650\n|start\n|switch|p1a: stannin on bihness|Toxapex, M|100\/100\n|switch|p2a: Rotom|Rotom-Heat|100\/100\n|turn|1\n|\n|t:|1700662655\n|switch|p1a: Slowking|Slowking-Galar, M|100\/100\n|move|p2a: Rotom|Volt Switch|p1a: Slowking\n|-damage|p1a: Slowking|79\/100\n|\n|t:|1700662657\n|switch|p2a: Samurott|Samurott-Hisui, F|100\/100|[from] Volt Switch\n|\n|upkeep\n|turn|2\n|\n|t:|1700662659\n|switch|p1a: stannin on bihness|Toxapex, M|100\/100\n|move|p2a: Samurott|Knock Off|p1a: stannin on bihness\n|-damage|p1a: stannin on bihness|76\/100\n|-enditem|p1a: stannin on bihness|Heavy-Duty Boots|[from] move: Knock Off|[of] p2a: Samurott\n|\n|upkeep\n|turn|3\n|\n|t:|1700662662\n|switch|p2a: Gholdengo|Gholdengo|100\/100\n|-item|p2a: Gholdengo|Air Balloon\n|move|p1a: stannin on bihness|Infestation|p2a: Gholdengo\n|-resisted|p2a: Gholdengo\n|-damage|p2a: Gholdengo|99\/100\n|-activate|p2a: Gholdengo|move: Infestation|[of] p1a: stannin on bihness\n|-enditem|p2a: Gholdengo|Air Balloon\n|\n|-damage|p2a: Gholdengo|87\/100|[from] move: Infestation|[partiallytrapped]\n|upkeep\n|turn|4\n|\n|t:|1700662667\n|switch|p2a: Samurott|Samurott-Hisui, F|100\/100\n|move|p1a: stannin on bihness|Surf|p2a: Samurott\n|-resisted|p2a: Samurott\n|-damage|p2a: Samurott|86\/100\n|\n|upkeep\n|turn|5\n|\n|t:|1700662671\n|move|p2a: Samurott|Ceaseless Edge|p1a: stannin on bihness\n|-damage|p1a: stannin on bihness|51\/100\n|-sidestart|p1: yyysneasel|Spikes\n|move|p1a: stannin on bihness|Infestation|p2a: Samurott\n|-supereffective|p2a: Samurott\n|-damage|p2a: Samurott|77\/100\n|-activate|p2a: Samurott|move: Infestation|[of] p1a: stannin on bihness\n|\n|-damage|p2a: Samurott|64\/100|[from] move: Infestation|[partiallytrapped]\n|upkeep\n|turn|6\n|\n|t:|1700662673\n|move|p2a: Samurott|Ceaseless Edge|p1a: stannin on bihness\n|-damage|p1a: stannin on bihness|23\/100\n|-sidestart|p1: yyysneasel|Spikes\n|move|p1a: stannin on bihness|Recover|p1a: stannin on bihness\n|-heal|p1a: stannin on bihness|73\/100\n|\n|-damage|p2a: Samurott|52\/100|[from] move: Infestation|[partiallytrapped]\n|upkeep\n|turn|7\n|\n|t:|1700662676\n|move|p2a: Samurott|Ceaseless Edge|p1a: stannin on bihness\n|-damage|p1a: stannin on bihness|46\/100\n|-sidestart|p1: yyysneasel|Spikes\n|move|p1a: stannin on bihness|Recover|p1a: stannin on bihness\n|-heal|p1a: stannin on bihness|96\/100\n|\n|-damage|p2a: Samurott|39\/100|[from] move: Infestation|[partiallytrapped]\n|upkeep\n|turn|8\n|\n|t:|1700662679\n|move|p2a: Samurott|Ceaseless Edge|p1a: stannin on bihness\n|-damage|p1a: stannin on bihness|71\/100\n|move|p1a: stannin on bihness|Toxic|p2a: Samurott\n|-status|p2a: Samurott|tox\n|\n|-damage|p2a: Samurott|33\/100 tox|[from] psn\n|-damage|p2a: Samurott|21\/100 tox|[from] move: Infestation|[partiallytrapped]\n|upkeep\n|turn|9\n|\n|t:|1700662684\n|move|p2a: Samurott|Ceaseless Edge|p1a: stannin on bihness\n|-damage|p1a: stannin on bihness|43\/100\n|move|p1a: stannin on bihness|Recover|p1a: stannin on bihness\n|-heal|p1a: stannin on bihness|94\/100\n|\n|-damage|p2a: Samurott|8\/100 tox|[from] psn\n|-end|p2a: Samurott|Infestation|[partiallytrapped]\n|upkeep\n|turn|10\n|\n|t:|1700662688\n|switch|p2a: Gholdengo|Gholdengo|87\/100\n|move|p1a: stannin on bihness|Infestation|p2a: Gholdengo\n|-resisted|p2a: Gholdengo\n|-damage|p2a: Gholdengo|86\/100\n|-activate|p2a: Gholdengo|move: Infestation|[of] p1a: stannin on bihness\n|\n|-damage|p2a: Gholdengo|74\/100|[from] move: Infestation|[partiallytrapped]\n|upkeep\n|turn|11\n|\n|t:|1700662692\n|move|p2a: Gholdengo|Nasty Plot|p2a: Gholdengo\n|-boost|p2a: Gholdengo|spa|2\n|move|p1a: stannin on bihness|Surf|p2a: Gholdengo\n|-damage|p2a: Gholdengo|53\/100\n|\n|-damage|p2a: Gholdengo|40\/100|[from] move: Infestation|[partiallytrapped]\n|upkeep\n|turn|12\n|\n|t:|1700662694\n|switch|p1a: ban dengo ffs|Blissey, F|100\/100\n|move|p2a: Gholdengo|Recover|p2a: Gholdengo\n|-heal|p2a: Gholdengo|90\/100\n|\n|-end|p2a: Gholdengo|Infestation|[partiallytrapped]|[silent]\n|upkeep\n|turn|13\n|\n|t:|1700662702\n|switch|p2a: Iron Treads|Iron Treads|100\/100\n|-enditem|p2a: Iron Treads|Booster Energy\n|-activate|p2a: Iron Treads|ability: Quark Drive|[fromitem]\n|-start|p2a: Iron Treads|quarkdrivespe\n|move|p1a: ban dengo ffs|Flamethrower|p2a: Iron Treads\n|-supereffective|p2a: Iron Treads\n|-damage|p2a: Iron Treads|53\/100\n|\n|upkeep\n|turn|14\n|\n|t:|1700662705\n|switch|p1a: FreePalestine\ud83c\uddf5\ud83c\uddf8|Corviknight, M|100\/100\n|-ability|p1a: FreePalestine\ud83c\uddf5\ud83c\uddf8|Pressure\n|move|p2a: Iron Treads|Stealth Rock|p1a: FreePalestine\ud83c\uddf5\ud83c\uddf8\n|-sidestart|p1: yyysneasel|move: Stealth Rock\n|\n|upkeep\n|turn|15\n|\n|t:|1700662708\n|-end|p2a: Iron Treads|Quark Drive|[silent]\n|switch|p2a: Gholdengo|Gholdengo|90\/100\n|move|p1a: FreePalestine\ud83c\uddf5\ud83c\uddf8|U-turn|p2a: Gholdengo\n|-resisted|p2a: Gholdengo\n|-damage|p2a: Gholdengo|86\/100\n|\n|t:|1700662711\n|switch|p1a: ban dengo ffs|Blissey, F|100\/100|[from] U-turn\n|\n|upkeep\n|turn|16\n|\n|t:|1700662714\n|switch|p2a: Rotom|Rotom-Heat|100\/100\n|move|p1a: ban dengo ffs|Flamethrower|p2a: Rotom\n|-resisted|p2a: Rotom\n|-damage|p2a: Rotom|94\/100\n|\n|upkeep\n|turn|17\n|\n|t:|1700662716\n|move|p2a: Rotom|Volt Switch|p1a: ban dengo ffs\n|-damage|p1a: ban dengo ffs|92\/100\n|\n|t:|1700662719\n|switch|p2a: Samurott|Samurott-Hisui, F|8\/100 tox|[from] Volt Switch\n|move|p1a: ban dengo ffs|Stealth Rock|p2a: Samurott\n|-sidestart|p2: Joyenfeu|move: Stealth Rock\n|\n|-damage|p2a: Samurott|2\/100 tox|[from] psn\n|upkeep\n|turn|18\n|j| mew852\n|\n|t:|1700662724\n|switch|p1a: stannin on bihness|Toxapex, M|100\/100\n|-damage|p1a: stannin on bihness|76\/100|[from] Spikes\n|-damage|p1a: stannin on bihness|64\/100|[from] Stealth Rock\n|move|p2a: Samurott|Knock Off|p1a: stannin on bihness\n|-damage|p1a: stannin on bihness|47\/100\n|\n|-damage|p2a: Samurott|0 fnt|[from] psn\n|faint|p2a: Samurott\n|upkeep\n|\n|t:|1700662732\n|switch|p2a: Iron Treads|Iron Treads|53\/100\n|-damage|p2a: Iron Treads|50\/100|[from] Stealth Rock\n|turn|19\n|\n|t:|1700662735\n|switch|p1a: FreePalestine\ud83c\uddf5\ud83c\uddf8|Corviknight, M|100\/100\n|-damage|p1a: FreePalestine\ud83c\uddf5\ud83c\uddf8|88\/100|[from] Stealth Rock\n|-ability|p1a: FreePalestine\ud83c\uddf5\ud83c\uddf8|Pressure\n|move|p2a: Iron Treads|Rapid Spin|p1a: FreePalestine\ud83c\uddf5\ud83c\uddf8\n|-resisted|p1a: FreePalestine\ud83c\uddf5\ud83c\uddf8\n|-damage|p1a: FreePalestine\ud83c\uddf5\ud83c\uddf8|85\/100\n|-boost|p2a: Iron Treads|spe|1\n|-damage|p2a: Iron Treads|34\/100|[from] item: Rocky Helmet|[of] p1a: FreePalestine\ud83c\uddf5\ud83c\uddf8\n|-sideend|p2: Joyenfeu|Stealth Rock|[from] move: Rapid Spin|[of] p2a: Iron Treads\n|\n|upkeep\n|turn|20\n|\n|t:|1700662739\n|-end|p2a: Iron Treads|Quark Drive|[silent]\n|switch|p2a: Gholdengo|Gholdengo|86\/100\n|move|p1a: FreePalestine\ud83c\uddf5\ud83c\uddf8|U-turn|p2a: Gholdengo\n|-resisted|p2a: Gholdengo\n|-damage|p2a: Gholdengo|82\/100\n|\n|t:|1700662741\n|switch|p1a: ban dengo ffs|Blissey, F|92\/100|[from] U-turn\n|\n|upkeep\n|turn|21\n|\n|t:|1700662748\n|switch|p2a: Rotom|Rotom-Heat|94\/100\n|move|p1a: ban dengo ffs|Flamethrower|p2a: Rotom\n|-resisted|p2a: Rotom\n|-damage|p2a: Rotom|87\/100\n|\n|upkeep\n|turn|22\n|\n|t:|1700662754\n|move|p2a: Rotom|Volt Switch|p1a: ban dengo ffs\n|-damage|p1a: ban dengo ffs|83\/100\n|\n|t:|1700662756\n|switch|p2a: Great Tusk|Great Tusk|100\/100|[from] Volt Switch\n|-enditem|p2a: Great Tusk|Booster Energy\n|-activate|p2a: Great Tusk|ability: Protosynthesis|[fromitem]\n|-start|p2a: Great Tusk|protosynthesisspe\n|move|p1a: ban dengo ffs|Stealth Rock|p2a: Great Tusk\n|-sidestart|p2: Joyenfeu|move: Stealth Rock\n|\n|upkeep\n|turn|23\n|\n|t:|1700662762\n|switch|p1a: FreePalestine\ud83c\uddf5\ud83c\uddf8|Corviknight, M|85\/100\n|-damage|p1a: FreePalestine\ud83c\uddf5\ud83c\uddf8|72\/100|[from] Stealth Rock\n|-ability|p1a: FreePalestine\ud83c\uddf5\ud83c\uddf8|Pressure\n|move|p2a: Great Tusk|Close Combat|p1a: FreePalestine\ud83c\uddf5\ud83c\uddf8\n|-damage|p1a: FreePalestine\ud83c\uddf5\ud83c\uddf8|41\/100\n|-unboost|p2a: Great Tusk|def|1\n|-unboost|p2a: Great Tusk|spd|1\n|-damage|p2a: Great Tusk|84\/100|[from] item: Rocky Helmet|[of] p1a: FreePalestine\ud83c\uddf5\ud83c\uddf8\n|\n|upkeep\n|turn|24\n|\n|t:|1700662766\n|-end|p2a: Great Tusk|Protosynthesis|[silent]\n|switch|p2a: Gholdengo|Gholdengo|82\/100\n|-damage|p2a: Gholdengo|76\/100|[from] Stealth Rock\n|move|p1a: FreePalestine\ud83c\uddf5\ud83c\uddf8|Roost|p1a: FreePalestine\ud83c\uddf5\ud83c\uddf8\n|-heal|p1a: FreePalestine\ud83c\uddf5\ud83c\uddf8|91\/100\n|-singleturn|p1a: FreePalestine\ud83c\uddf5\ud83c\uddf8|move: Roost\n|\n|upkeep\n|turn|25\n|\n|t:|1700662774\n|move|p2a: Gholdengo|Shadow Ball|p1a: FreePalestine\ud83c\uddf5\ud83c\uddf8\n|-damage|p1a: FreePalestine\ud83c\uddf5\ud83c\uddf8|46\/100\n|move|p1a: FreePalestine\ud83c\uddf5\ud83c\uddf8|U-turn|p2a: Gholdengo\n|-resisted|p2a: Gholdengo\n|-damage|p2a: Gholdengo|72\/100\n|\n|t:|1700662778\n|switch|p1a: ban dengo ffs|Blissey, F|83\/100|[from] U-turn\n|\n|upkeep\n|turn|26\n|\n|t:|1700662784\n|switch|p2a: Iron Treads|Iron Treads|34\/100\n|-damage|p2a: Iron Treads|30\/100|[from] Stealth Rock\n|move|p1a: ban dengo ffs|Flamethrower|p2a: Iron Treads\n|-supereffective|p2a: Iron Treads\n|-damage|p2a: Iron Treads|0 fnt\n|faint|p2a: Iron Treads\n|-end|p2a: Iron Treads|Quark Drive|[silent]\n|\n|upkeep\n|\n|t:|1700662786\n|switch|p2a: Great Tusk|Great Tusk|84\/100\n|-damage|p2a: Great Tusk|81\/100|[from] Stealth Rock\n|turn|27\n|\n|t:|1700662791\n|switch|p1a: Ripbozo \ud83d\ude02 \ud83d\ude02|Dondozo, M|100\/100\n|-damage|p1a: Ripbozo \ud83d\ude02 \ud83d\ude02|75\/100|[from] Spikes\n|-damage|p1a: Ripbozo \ud83d\ude02 \ud83d\ude02|63\/100|[from] Stealth Rock\n|move|p2a: Great Tusk|Close Combat|p1a: Ripbozo \ud83d\ude02 \ud83d\ude02\n|-damage|p1a: Ripbozo \ud83d\ude02 \ud83d\ude02|39\/100\n|-unboost|p2a: Great Tusk|def|1\n|-unboost|p2a: Great Tusk|spd|1\n|\n|-heal|p1a: Ripbozo \ud83d\ude02 \ud83d\ude02|45\/100|[from] item: Leftovers\n|upkeep\n|turn|28\n|\n|t:|1700662801\n|-end|p2a: Great Tusk|Protosynthesis|[silent]\n|switch|p2a: Rotom|Rotom-Heat|87\/100\n|move|p1a: Ripbozo \ud83d\ude02 \ud83d\ude02|Rest|p1a: Ripbozo \ud83d\ude02 \ud83d\ude02\n|-status|p1a: Ripbozo \ud83d\ude02 \ud83d\ude02|slp|[from] move: Rest\n|-heal|p1a: Ripbozo \ud83d\ude02 \ud83d\ude02|100\/100 slp|[silent]\n|\n|upkeep\n|turn|29\n|\n|t:|1700662806\n|switch|p1a: ban dengo ffs|Blissey, F|83\/100\n|move|p2a: Rotom|Volt Switch|p1a: ban dengo ffs\n|-damage|p1a: ban dengo ffs|72\/100\n|\n|t:|1700662813\n|switch|p2a: Kingambit|Kingambit, F|100\/100|[from] Volt Switch\n|-damage|p2a: Kingambit|94\/100|[from] Stealth Rock\n|-activate|p2a: Kingambit|ability: Supreme Overlord\n|-start|p2a: Kingambit|fallen2|[silent]\n|\n|-heal|p2a: Kingambit|100\/100|[from] item: Leftovers\n|upkeep\n|turn|30\n|\n|t:|1700662818\n|switch|p1a: stannin on bihness|Toxapex, M|80\/100\n|-damage|p1a: stannin on bihness|55\/100|[from] Spikes\n|-damage|p1a: stannin on bihness|43\/100|[from] Stealth Rock\n|move|p2a: Kingambit|Kowtow Cleave|p1a: stannin on bihness\n|-damage|p1a: stannin on bihness|8\/100\n|\n|upkeep\n|turn|31\n|\n|t:|1700662825\n|move|p2a: Kingambit|Kowtow Cleave|p1a: stannin on bihness\n|-damage|p1a: stannin on bihness|0 fnt\n|faint|p1a: stannin on bihness\n|\n|upkeep\n|\n|t:|1700662827\n|switch|p1a: FreePalestine\ud83c\uddf5\ud83c\uddf8|Corviknight, M|46\/100\n|-damage|p1a: FreePalestine\ud83c\uddf5\ud83c\uddf8|34\/100|[from] Stealth Rock\n|-ability|p1a: FreePalestine\ud83c\uddf5\ud83c\uddf8|Pressure\n|turn|32\n|\n|t:|1700662831\n|move|p1a: FreePalestine\ud83c\uddf5\ud83c\uddf8|Roost|p1a: FreePalestine\ud83c\uddf5\ud83c\uddf8\n|-heal|p1a: FreePalestine\ud83c\uddf5\ud83c\uddf8|84\/100\n|-singleturn|p1a: FreePalestine\ud83c\uddf5\ud83c\uddf8|move: Roost\n|move|p2a: Kingambit|Swords Dance|p2a: Kingambit\n|-boost|p2a: Kingambit|atk|2\n|\n|upkeep\n|turn|33\n|\n|t:|1700662837\n|move|p1a: FreePalestine\ud83c\uddf5\ud83c\uddf8|Defog|p2a: Kingambit\n|-unboost|p2a: Kingambit|evasion|1\n|-sideend|p2: Joyenfeu|Stealth Rock|[from] move: Defog|[of] p1a: FreePalestine\ud83c\uddf5\ud83c\uddf8\n|-sideend|p1: yyysneasel|Spikes|[from] move: Defog|[of] p1a: FreePalestine\ud83c\uddf5\ud83c\uddf8\n|-sideend|p1: yyysneasel|Stealth Rock|[from] move: Defog|[of] p1a: FreePalestine\ud83c\uddf5\ud83c\uddf8\n|move|p2a: Kingambit|Kowtow Cleave|p1a: FreePalestine\ud83c\uddf5\ud83c\uddf8\n|-damage|p1a: FreePalestine\ud83c\uddf5\ud83c\uddf8|8\/100\n|-damage|p2a: Kingambit|84\/100|[from] item: Rocky Helmet|[of] p1a: FreePalestine\ud83c\uddf5\ud83c\uddf8\n|\n|-heal|p2a: Kingambit|90\/100|[from] item: Leftovers\n|upkeep\n|turn|34\n|\n|t:|1700662841\n|switch|p1a: Ripbozo \ud83d\ude02 \ud83d\ude02|Dondozo, M|100\/100 slp\n|move|p2a: Kingambit|Kowtow Cleave|p1a: Ripbozo \ud83d\ude02 \ud83d\ude02\n|-damage|p1a: Ripbozo \ud83d\ude02 \ud83d\ude02|72\/100 slp\n|\n|-heal|p2a: Kingambit|96\/100|[from] item: Leftovers\n|-heal|p1a: Ripbozo \ud83d\ude02 \ud83d\ude02|78\/100 slp|[from] item: Leftovers\n|upkeep\n|turn|35\n|\n|t:|1700662846\n|-end|p2a: Kingambit|fallen2|[silent]\n|switch|p2a: Rotom|Rotom-Heat|87\/100\n|cant|p1a: Ripbozo \ud83d\ude02 \ud83d\ude02|slp\n|move|p1a: Ripbozo \ud83d\ude02 \ud83d\ude02|Sleep Talk|p1a: Ripbozo \ud83d\ude02 \ud83d\ude02\n|move|p1a: Ripbozo \ud83d\ude02 \ud83d\ude02|Rest||[from]move: Sleep Talk|[still]\n|-fail|p1a: Ripbozo \ud83d\ude02 \ud83d\ude02\n|\n|-heal|p1a: Ripbozo \ud83d\ude02 \ud83d\ude02|84\/100 slp|[from] item: Leftovers\n|upkeep\n|turn|36\n|\n|t:|1700662850\n|switch|p1a: Slowking|Slowking-Galar, M|100\/100\n|move|p2a: Rotom|Volt Switch|p1a: Slowking\n|-damage|p1a: Slowking|78\/100\n|\n|t:|1700662853\n|switch|p2a: Kingambit|Kingambit, F|96\/100|[from] Volt Switch\n|-activate|p2a: Kingambit|ability: Supreme Overlord\n|-start|p2a: Kingambit|fallen2|[silent]\n|\n|-heal|p2a: Kingambit|100\/100|[from] item: Leftovers\n|upkeep\n|turn|37\n|\n|t:|1700662859\n|-end|p2a: Kingambit|fallen2|[silent]\n|switch|p2a: Rotom|Rotom-Heat|87\/100\n|move|p1a: Slowking|Trick|p2a: Rotom\n|-activate|p1a: Slowking|move: Trick|[of] p2a: Rotom\n|-item|p2a: Rotom|Choice Scarf|[from] move: Trick\n|-item|p1a: Slowking|Heavy-Duty Boots|[from] move: Trick\n|\n|upkeep\n|turn|38\n|\n|t:|1700662865\n|move|p2a: Rotom|Volt Switch|p1a: Slowking\n|-damage|p1a: Slowking|58\/100\n|\n|t:|1700662867\n|switch|p2a: Kingambit|Kingambit, F|100\/100|[from] Volt Switch\n|-activate|p2a: Kingambit|ability: Supreme Overlord\n|-start|p2a: Kingambit|fallen2|[silent]\n|move|p1a: Slowking|Future Sight|p2a: Kingambit\n|-start|p1a: Slowking|move: Future Sight\n|\n|upkeep\n|turn|39\n|\n|t:|1700662874\n|switch|p1a: Ripbozo \ud83d\ude02 \ud83d\ude02|Dondozo, M|84\/100 slp\n|-end|p2a: Kingambit|fallen2|[silent]\n|switch|p2a: Rotom|Rotom-Heat|87\/100\n|\n|-heal|p1a: Ripbozo \ud83d\ude02 \ud83d\ude02|90\/100 slp|[from] item: Leftovers\n|upkeep\n|turn|40\n|\n|t:|1700662877\n|switch|p1a: Slowking|Slowking-Galar, M|91\/100\n|move|p2a: Rotom|Volt Switch|p1a: Slowking\n|-damage|p1a: Slowking|69\/100\n|\n|t:|1700662879\n|switch|p2a: Kingambit|Kingambit, F|100\/100|[from] Volt Switch\n|-activate|p2a: Kingambit|ability: Supreme Overlord\n|-start|p2a: Kingambit|fallen2|[silent]\n|\n|-end|p2a: Kingambit|move: Future Sight\n|-immune|p2a: Kingambit\n|upkeep\n|turn|41\n|\n|t:|1700662882\n|switch|p1a: Ripbozo \ud83d\ude02 \ud83d\ude02|Dondozo, M|90\/100 slp\n|move|p2a: Kingambit|Kowtow Cleave|p1a: Ripbozo \ud83d\ude02 \ud83d\ude02\n|-damage|p1a: Ripbozo \ud83d\ude02 \ud83d\ude02|62\/100 slp\n|\n|-heal|p1a: Ripbozo \ud83d\ude02 \ud83d\ude02|68\/100 slp|[from] item: Leftovers\n|upkeep\n|turn|42\n|\n|t:|1700662884\n|-end|p2a: Kingambit|fallen2|[silent]\n|switch|p2a: Rotom|Rotom-Heat|87\/100\n|cant|p1a: Ripbozo \ud83d\ude02 \ud83d\ude02|slp\n|move|p1a: Ripbozo \ud83d\ude02 \ud83d\ude02|Sleep Talk|p1a: Ripbozo \ud83d\ude02 \ud83d\ude02\n|move|p1a: Ripbozo \ud83d\ude02 \ud83d\ude02|Rest||[from]move: Sleep Talk|[still]\n|-fail|p1a: Ripbozo \ud83d\ude02 \ud83d\ude02\n|\n|-heal|p1a: Ripbozo \ud83d\ude02 \ud83d\ude02|74\/100 slp|[from] item: Leftovers\n|upkeep\n|turn|43\n|\n|t:|1700662887\n|switch|p1a: Slowking|Slowking-Galar, M|100\/100\n|move|p2a: Rotom|Will-O-Wisp|p1a: Slowking\n|-status|p1a: Slowking|brn\n|\n|-damage|p1a: Slowking|94\/100 brn|[from] brn\n|upkeep\n|turn|44\n|\n|t:|1700662890\n|switch|p2a: Kingambit|Kingambit, F|100\/100\n|-activate|p2a: Kingambit|ability: Supreme Overlord\n|-start|p2a: Kingambit|fallen2|[silent]\n|move|p1a: Slowking|Future Sight|p2a: Kingambit\n|-start|p1a: Slowking|move: Future Sight\n|\n|-damage|p1a: Slowking|88\/100 brn|[from] brn\n|upkeep\n|turn|45\n|\n|t:|1700662893\n|switch|p1a: Ripbozo \ud83d\ude02 \ud83d\ude02|Dondozo, M|74\/100 slp\n|-end|p2a: Kingambit|fallen2|[silent]\n|switch|p2a: Rotom|Rotom-Heat|87\/100\n|\n|-heal|p1a: Ripbozo \ud83d\ude02 \ud83d\ude02|80\/100 slp|[from] item: Leftovers\n|upkeep\n|turn|46\n|\n|t:|1700662896\n|switch|p1a: Slowking|Slowking-Galar, M|100\/100 brn\n|move|p2a: Rotom|Volt Switch|p1a: Slowking\n|-damage|p1a: Slowking|78\/100 brn\n|\n|t:|1700662899\n|switch|p2a: Great Tusk|Great Tusk|81\/100|[from] Volt Switch\n|\n|-end|p2a: Great Tusk|move: Future Sight\n|-supereffective|p2a: Great Tusk\n|-damage|p2a: Great Tusk|0 fnt\n|faint|p2a: Great Tusk\n|-end|p2a: Great Tusk|Protosynthesis|[silent]\n|-damage|p1a: Slowking|71\/100 brn|[from] brn\n|upkeep\n|\n|t:|1700662902\n|switch|p2a: Gholdengo|Gholdengo|72\/100\n|turn|47\n|\n|t:|1700662916\n|switch|p1a: ban dengo ffs|Blissey, F|72\/100\n|move|p2a: Gholdengo|Nasty Plot|p2a: Gholdengo\n|-boost|p2a: Gholdengo|spa|2\n|\n|upkeep\n|turn|48\n|\n|t:|1700662918\n|move|p2a: Gholdengo|Make It Rain|p1a: ban dengo ffs\n|-damage|p1a: ban dengo ffs|26\/100\n|-unboost|p2a: Gholdengo|spa|1\n|move|p1a: ban dengo ffs|Flamethrower|p2a: Gholdengo\n|-supereffective|p2a: Gholdengo\n|-crit|p2a: Gholdengo\n|-damage|p2a: Gholdengo|16\/100\n|\n|upkeep\n|turn|49\n|\n|t:|1700662925\n|move|p2a: Gholdengo|Make It Rain|p1a: ban dengo ffs\n|-damage|p1a: ban dengo ffs|0 fnt\n|-unboost|p2a: Gholdengo|spa|1\n|faint|p1a: ban dengo ffs\n|\n|upkeep\n|\n|t:|1700662934\n|switch|p1a: Ripbozo \ud83d\ude02 \ud83d\ude02|Dondozo, M|80\/100 slp\n|turn|50\n|\n|t:|1700662939\n|switch|p2a: Rotom|Rotom-Heat|87\/100\n|-curestatus|p1a: Ripbozo \ud83d\ude02 \ud83d\ude02|slp|[msg]\n|move|p1a: Ripbozo \ud83d\ude02 \ud83d\ude02|Wave Crash|p2a: Rotom\n|-supereffective|p2a: Rotom\n|-damage|p2a: Rotom|4\/100\n|-damage|p1a: Ripbozo \ud83d\ude02 \ud83d\ude02|64\/100|[from] Recoil\n|\n|-heal|p1a: Ripbozo \ud83d\ude02 \ud83d\ude02|70\/100|[from] item: Leftovers\n|upkeep\n|turn|51\n|\n|t:|1700662944\n|switch|p1a: Slowking|Slowking-Galar, M|100\/100 brn\n|move|p2a: Rotom|Volt Switch|p1a: Slowking\n|-damage|p1a: Slowking|77\/100 brn\n|\n|t:|1700662952\n|switch|p2a: Kingambit|Kingambit, F|100\/100|[from] Volt Switch\n|-activate|p2a: Kingambit|ability: Supreme Overlord\n|-start|p2a: Kingambit|fallen3|[silent]\n|\n|-damage|p1a: Slowking|71\/100 brn|[from] brn\n|upkeep\n|turn|52\n|\n|t:|1700662955\n|move|p1a: Slowking|Thunder Wave|p2a: Kingambit\n|-status|p2a: Kingambit|par\n|move|p2a: Kingambit|Kowtow Cleave|p1a: Slowking\n|-supereffective|p1a: Slowking\n|-damage|p1a: Slowking|0 fnt\n|faint|p1a: Slowking\n|\n|upkeep\n|\n|t:|1700662961\n|switch|p1a: Ripbozo \ud83d\ude02 \ud83d\ude02|Dondozo, M|70\/100\n|turn|53\n|\n|t:|1700662966\n|-end|p2a: Kingambit|fallen3|[silent]\n|switch|p2a: Rotom|Rotom-Heat|4\/100\n|move|p1a: Ripbozo \ud83d\ude02 \ud83d\ude02|Curse|p1a: Ripbozo \ud83d\ude02 \ud83d\ude02\n|-unboost|p1a: Ripbozo \ud83d\ude02 \ud83d\ude02|spe|1\n|-boost|p1a: Ripbozo \ud83d\ude02 \ud83d\ude02|atk|1\n|-boost|p1a: Ripbozo \ud83d\ude02 \ud83d\ude02|def|1\n|\n|-heal|p1a: Ripbozo \ud83d\ude02 \ud83d\ude02|76\/100|[from] item: Leftovers\n|upkeep\n|turn|54\n|\n|t:|1700662973\n|-terastallize|p1a: Ripbozo \ud83d\ude02 \ud83d\ude02|Dragon\n|move|p2a: Rotom|Discharge|p1a: Ripbozo \ud83d\ude02 \ud83d\ude02\n|-resisted|p1a: Ripbozo \ud83d\ude02 \ud83d\ude02\n|-damage|p1a: Ripbozo \ud83d\ude02 \ud83d\ude02|63\/100\n|move|p1a: Ripbozo \ud83d\ude02 \ud83d\ude02|Wave Crash|p2a: Rotom\n|-supereffective|p2a: Rotom\n|-damage|p2a: Rotom|0 fnt\n|faint|p2a: Rotom\n|-damage|p1a: Ripbozo \ud83d\ude02 \ud83d\ude02|62\/100|[from] Recoil\n|\n|-heal|p1a: Ripbozo \ud83d\ude02 \ud83d\ude02|68\/100|[from] item: Leftovers\n|upkeep\n|\n|t:|1700662981\n|switch|p2a: Gholdengo|Gholdengo|16\/100\n|turn|55\n|\n|t:|1700662984\n|move|p2a: Gholdengo|Make It Rain|p1a: Ripbozo \ud83d\ude02 \ud83d\ude02\n|-damage|p1a: Ripbozo \ud83d\ude02 \ud83d\ude02|10\/100\n|-unboost|p2a: Gholdengo|spa|1\n|move|p1a: Ripbozo \ud83d\ude02 \ud83d\ude02|Wave Crash|p2a: Gholdengo\n|-damage|p2a: Gholdengo|0 fnt\n|faint|p2a: Gholdengo\n|-damage|p1a: Ripbozo \ud83d\ude02 \ud83d\ude02|7\/100|[from] Recoil\n|\n|-heal|p1a: Ripbozo \ud83d\ude02 \ud83d\ude02|13\/100|[from] item: Leftovers\n|upkeep\n|\n|t:|1700662987\n|switch|p2a: Kingambit|Kingambit, F|100\/100 par\n|-activate|p2a: Kingambit|ability: Supreme Overlord\n|-start|p2a: Kingambit|fallen5|[silent]\n|turn|56\n|\n|t:|1700662991\n|move|p1a: Ripbozo \ud83d\ude02 \ud83d\ude02|Rest|p1a: Ripbozo \ud83d\ude02 \ud83d\ude02\n|-status|p1a: Ripbozo \ud83d\ude02 \ud83d\ude02|slp|[from] move: Rest\n|-heal|p1a: Ripbozo \ud83d\ude02 \ud83d\ude02|100\/100 slp|[silent]\n|cant|p2a: Kingambit|par\n|\n|upkeep\n|turn|57\n|-message|Joyenfeu forfeited.\n|\n|win|yyysneasel\n|raw|yyysneasel's rating: 1717 &rarr; <strong>1734<\/strong><br \/>(+17 for winning)\n|raw|Joyenfeu's rating: 1666 &rarr; <strong>1649<\/strong><br \/>(-17 for losing)\n|c|\u2606yyysneasel|gg\n|l|\u2606Joyenfeu\n|l|\u2606yyysneasel\n","uploadtime":1700663066,"views":0,"p1id":"yyysneasel","p2id":"joyenfeu","formatid":"gen9ou","rating":1649,"private":0,"password":""}