{"id":"gen9ou-1993079122","p1":"CyberH3","p2":"goomily","format":"[Gen 9] OU","log":"|j|\u2606CyberH3\n|j|\u2606goomily\n|t:|1700262350\n|gametype|singles\n|player|p1|CyberH3|mars|1362\n|player|p2|goomily|101|1459\n|teamsize|p1|6\n|teamsize|p2|6\n|gen|9\n|tier|[Gen 9] OU\n|rated|\n|rule|Sleep Clause Mod: Limit one foe put to sleep\n|rule|Species Clause: Limit one of each Pok\u00e9mon\n|rule|OHKO Clause: OHKO moves are banned\n|rule|Evasion Items Clause: Evasion items are banned\n|rule|Evasion Moves Clause: Evasion moves are banned\n|rule|Endless Battle Clause: Forcing endless battles is banned\n|rule|HP Percentage Mod: HP is shown in percentages\n|clearpoke\n|poke|p1|Goodra-Hisui, M|\n|poke|p1|Scizor, F|\n|poke|p1|Mimikyu, F|\n|poke|p1|Iron Valiant|\n|poke|p1|Talonflame, F|\n|poke|p1|Lokix, M|\n|poke|p2|Sneasler, F|\n|poke|p2|Rillaboom, F|\n|poke|p2|Kingambit, F|\n|poke|p2|Dragonite, F|\n|poke|p2|Hatterene, F|\n|poke|p2|Manaphy|\n|teampreview\n|inactive|Battle timer is ON: inactive players will automatically lose when time's up. (requested by goomily)\n|\n|t:|1700262363\n|start\n|switch|p1a: The XO|Talonflame, F|100\/100\n|switch|p2a: MONKE|Rillaboom, F, shiny|100\/100\n|-fieldstart|move: Grassy Terrain|[from] ability: Grassy Surge|[of] p2a: MONKE\n|turn|1\n|\n|t:|1700262374\n|switch|p2a: Manny|Manaphy|100\/100\n|move|p1a: The XO|Will-O-Wisp|p2a: Manny\n|-status|p2a: Manny|brn\n|\n|-damage|p2a: Manny|94\/100 brn|[from] brn\n|upkeep\n|turn|2\n|\n|t:|1700262389\n|move|p1a: The XO|Taunt|p2a: Manny\n|-start|p2a: Manny|move: Taunt\n|cant|p2a: Manny|move: Taunt|Take Heart\n|\n|-heal|p2a: Manny|100\/100 brn|[from] Grassy Terrain\n|-damage|p2a: Manny|94\/100 brn|[from] brn\n|upkeep\n|turn|3\n|\n|t:|1700262396\n|move|p1a: The XO|Brave Bird|p2a: Manny\n|-damage|p2a: Manny|55\/100 brn\n|-damage|p1a: The XO|83\/100|[from] Recoil\n|move|p2a: Manny|Scald|p1a: The XO\n|-supereffective|p1a: The XO\n|-damage|p1a: The XO|0 fnt\n|faint|p1a: The XO\n|\n|-heal|p2a: Manny|61\/100 brn|[from] Grassy Terrain\n|-heal|p2a: Manny|67\/100 brn|[from] item: Leftovers\n|-damage|p2a: Manny|61\/100 brn|[from] brn\n|upkeep\n|\n|t:|1700262406\n|switch|p1a: Eat With Scissors|Scizor, F|100\/100\n|turn|4\n|\n|t:|1700262417\n|switch|p2a: Shnasty|Sneasler, F|100\/100\n|-enditem|p2a: Shnasty|Grassy Seed\n|-boost|p2a: Shnasty|def|1|[from] item: Grassy Seed\n|move|p1a: Eat With Scissors|Knock Off|p2a: Shnasty\n|-resisted|p2a: Shnasty\n|-damage|p2a: Shnasty|84\/100\n|-damage|p1a: Eat With Scissors|91\/100|[from] item: Life Orb\n|\n|-heal|p2a: Shnasty|90\/100|[from] Grassy Terrain\n|-heal|p1a: Eat With Scissors|97\/100|[from] Grassy Terrain\n|upkeep\n|turn|5\n|\n|t:|1700262429\n|move|p1a: Eat With Scissors|Bullet Punch|p2a: Shnasty\n|-damage|p2a: Shnasty|41\/100\n|-damage|p1a: Eat With Scissors|87\/100|[from] item: Life Orb\n|move|p2a: Shnasty|Swords Dance|p2a: Shnasty\n|-boost|p2a: Shnasty|atk|2\n|\n|-heal|p2a: Shnasty|47\/100|[from] Grassy Terrain\n|-heal|p1a: Eat With Scissors|93\/100|[from] Grassy Terrain\n|-fieldend|move: Grassy Terrain\n|upkeep\n|turn|6\n|\n|t:|1700262447\n|move|p1a: Eat With Scissors|Bullet Punch|p2a: Shnasty\n|-damage|p2a: Shnasty|0 fnt\n|faint|p2a: Shnasty\n|-damage|p1a: Eat With Scissors|83\/100|[from] item: Life Orb\n|\n|upkeep\n|\n|t:|1700262454\n|switch|p2a: MONKE|Rillaboom, F, shiny|100\/100\n|-fieldstart|move: Grassy Terrain|[from] ability: Grassy Surge|[of] p2a: MONKE\n|turn|7\n|\n|t:|1700262465\n|move|p2a: MONKE|Wood Hammer|p1a: Eat With Scissors\n|-resisted|p1a: Eat With Scissors\n|-damage|p1a: Eat With Scissors|49\/100\n|-damage|p2a: MONKE|89\/100|[from] Recoil\n|move|p1a: Eat With Scissors|Knock Off|p2a: MONKE\n|-damage|p2a: MONKE|41\/100\n|-enditem|p2a: MONKE|Choice Band|[from] move: Knock Off|[of] p1a: Eat With Scissors\n|-damage|p1a: Eat With Scissors|39\/100|[from] item: Life Orb\n|\n|-heal|p2a: MONKE|47\/100|[from] Grassy Terrain\n|-heal|p1a: Eat With Scissors|45\/100|[from] Grassy Terrain\n|upkeep\n|turn|8\n|\n|t:|1700262476\n|move|p2a: MONKE|Knock Off|p1a: Eat With Scissors\n|-damage|p1a: Eat With Scissors|10\/100\n|-enditem|p1a: Eat With Scissors|Life Orb|[from] move: Knock Off|[of] p2a: MONKE\n|move|p1a: Eat With Scissors|U-turn|p2a: MONKE\n|-supereffective|p2a: MONKE\n|-damage|p2a: MONKE|0 fnt\n|faint|p2a: MONKE\n|\n|t:|1700262485\n|switch|p1a: Snailtare|Goodra-Hisui, M|100\/100|[from] U-turn\n|\n|upkeep\n|\n|t:|1700262489\n|switch|p2a: :3|Hatterene, F, shiny|100\/100\n|-enditem|p2a: :3|Grassy Seed\n|-boost|p2a: :3|def|1|[from] item: Grassy Seed\n|turn|9\n|\n|t:|1700262496\n|switch|p1a: Eat With Scissors|Scizor, F|10\/100\n|move|p2a: :3|Calm Mind|p2a: :3\n|-boost|p2a: :3|spa|1\n|-boost|p2a: :3|spd|1\n|\n|-heal|p1a: Eat With Scissors|16\/100|[from] Grassy Terrain\n|upkeep\n|turn|10\n|\n|t:|1700262508\n|-terastallize|p2a: :3|Steel\n|move|p1a: Eat With Scissors|Bullet Punch|p2a: :3\n|-resisted|p2a: :3\n|-damage|p2a: :3|91\/100\n|move|p2a: :3|Calm Mind|p2a: :3\n|-boost|p2a: :3|spa|1\n|-boost|p2a: :3|spd|1\n|\n|-heal|p1a: Eat With Scissors|22\/100|[from] Grassy Terrain\n|-heal|p2a: :3|97\/100|[from] Grassy Terrain\n|upkeep\n|turn|11\n|\n|t:|1700262518\n|move|p1a: Eat With Scissors|Close Combat|p2a: :3\n|-supereffective|p2a: :3\n|-damage|p2a: :3|46\/100\n|-unboost|p1a: Eat With Scissors|def|1\n|-unboost|p1a: Eat With Scissors|spd|1\n|move|p2a: :3|Calm Mind|p2a: :3\n|-boost|p2a: :3|spa|1\n|-boost|p2a: :3|spd|1\n|\n|-heal|p1a: Eat With Scissors|28\/100|[from] Grassy Terrain\n|-heal|p2a: :3|52\/100|[from] Grassy Terrain\n|-fieldend|move: Grassy Terrain\n|upkeep\n|turn|12\n|\n|t:|1700262530\n|move|p1a: Eat With Scissors|Close Combat|p2a: :3\n|-supereffective|p2a: :3\n|-damage|p2a: :3|5\/100\n|-unboost|p1a: Eat With Scissors|def|1\n|-unboost|p1a: Eat With Scissors|spd|1\n|move|p2a: :3|Draining Kiss|p1a: Eat With Scissors\n|-resisted|p1a: Eat With Scissors\n|-damage|p1a: Eat With Scissors|0 fnt\n|-heal|p2a: :3|28\/100|[from] drain|[of] p1a: Eat With Scissors\n|faint|p1a: Eat With Scissors\n|\n|upkeep\n|\n|t:|1700262541\n|switch|p1a: Morf LeRosh|Lokix, M|100\/100\n|turn|13\n|\n|t:|1700262544\n|move|p1a: Morf LeRosh|Axe Kick|p2a: :3\n|-supereffective|p2a: :3\n|-damage|p2a: :3|0 fnt\n|faint|p2a: :3\n|-damage|p1a: Morf LeRosh|91\/100|[from] item: Life Orb\n|\n|upkeep\n|\n|t:|1700262550\n|switch|p2a: Manny|Manaphy|61\/100 brn\n|turn|14\n|\n|t:|1700262553\n|move|p2a: Manny|Acid Armor|p2a: Manny\n|-boost|p2a: Manny|def|2\n|move|p1a: Morf LeRosh|Knock Off|p2a: Manny\n|-damage|p2a: Manny|36\/100 brn\n|-enditem|p2a: Manny|Leftovers|[from] move: Knock Off|[of] p1a: Morf LeRosh\n|-damage|p1a: Morf LeRosh|81\/100|[from] item: Life Orb\n|\n|-damage|p2a: Manny|30\/100 brn|[from] brn\n|upkeep\n|turn|15\n|\n|t:|1700262562\n|move|p2a: Manny|Scald|p1a: Morf LeRosh\n|-damage|p1a: Morf LeRosh|28\/100\n|move|p1a: Morf LeRosh|U-turn|p2a: Manny\n|-damage|p2a: Manny|14\/100 brn\n|-damage|p1a: Morf LeRosh|19\/100|[from] item: Life Orb\n|\n|t:|1700262569\n|switch|p1a: R-TRUS|Iron Valiant|100\/100|[from] U-turn\n|-enditem|p1a: R-TRUS|Booster Energy\n|-activate|p1a: R-TRUS|ability: Quark Drive|[fromitem]\n|-start|p1a: R-TRUS|quarkdrivespe\n|\n|-damage|p2a: Manny|8\/100 brn|[from] brn\n|upkeep\n|turn|16\n|\n|t:|1700262576\n|move|p1a: R-TRUS|Moonblast|p2a: Manny\n|-damage|p2a: Manny|0 fnt\n|faint|p2a: Manny\n|\n|upkeep\n|\n|t:|1700262582\n|switch|p2a: Kevin|Kingambit, F|100\/100\n|-activate|p2a: Kevin|ability: Supreme Overlord\n|-start|p2a: Kevin|fallen4|[silent]\n|turn|17\n|\n|t:|1700262587\n|move|p1a: R-TRUS|Encore||[still]\n|-fail|p1a: R-TRUS\n|move|p2a: Kevin|Iron Head|p1a: R-TRUS\n|-supereffective|p1a: R-TRUS\n|-damage|p1a: R-TRUS|0 fnt\n|faint|p1a: R-TRUS\n|-end|p1a: R-TRUS|Quark Drive|[silent]\n|\n|upkeep\n|\n|t:|1700262593\n|switch|p1a: Snailtare|Goodra-Hisui, M|100\/100\n|turn|18\n|\n|t:|1700262597\n|move|p1a: Snailtare|Flamethrower|p2a: Kevin\n|-supereffective|p2a: Kevin\n|-damage|p2a: Kevin|41\/100\n|-status|p2a: Kevin|brn\n|move|p2a: Kevin|Kowtow Cleave|p1a: Snailtare\n|-damage|p1a: Snailtare|69\/100\n|\n|-heal|p1a: Snailtare|75\/100|[from] item: Leftovers\n|-heal|p2a: Kevin|47\/100 brn|[from] item: Leftovers\n|-damage|p2a: Kevin|41\/100 brn|[from] brn\n|upkeep\n|turn|19\n|\n|t:|1700262609\n|move|p1a: Snailtare|Protect|p1a: Snailtare\n|-singleturn|p1a: Snailtare|Protect\n|move|p2a: Kevin|Kowtow Cleave|p1a: Snailtare\n|-activate|p1a: Snailtare|move: Protect\n|\n|-heal|p1a: Snailtare|81\/100|[from] item: Leftovers\n|-heal|p2a: Kevin|47\/100 brn|[from] item: Leftovers\n|-damage|p2a: Kevin|41\/100 brn|[from] brn\n|upkeep\n|turn|20\n|\n|t:|1700262617\n|move|p2a: Kevin|Sucker Punch|p1a: Snailtare\n|-damage|p1a: Snailtare|56\/100\n|move|p1a: Snailtare|Flamethrower|p2a: Kevin\n|-supereffective|p2a: Kevin\n|-damage|p2a: Kevin|0 fnt\n|faint|p2a: Kevin\n|-end|p2a: Kevin|fallen4|[silent]\n|\n|-heal|p1a: Snailtare|62\/100|[from] item: Leftovers\n|upkeep\n|\n|t:|1700262625\n|switch|p2a: Fort-Nite|Dragonite, F, shiny|100\/100\n|turn|21\n|\n|t:|1700262631\n|move|p2a: Fort-Nite|Earthquake|p1a: Snailtare\n|-supereffective|p1a: Snailtare\n|-damage|p1a: Snailtare|0 fnt\n|faint|p1a: Snailtare\n|\n|upkeep\n|\n|t:|1700262635\n|switch|p1a: Morf LeRosh|Lokix, M|19\/100\n|turn|22\n|\n|t:|1700262643\n|move|p1a: Morf LeRosh|First Impression|p2a: Fort-Nite\n|-resisted|p2a: Fort-Nite\n|-damage|p2a: Fort-Nite|70\/100\n|-damage|p1a: Morf LeRosh|9\/100|[from] item: Life Orb\n|move|p2a: Fort-Nite|Extreme Speed|p1a: Morf LeRosh\n|-damage|p1a: Morf LeRosh|0 fnt\n|faint|p1a: Morf LeRosh\n|\n|upkeep\n|\n|t:|1700262646\n|switch|p1a: OHAYOLLIE|Mimikyu, F|100\/100\n|turn|23\n|\n|t:|1700262656\n|move|p1a: OHAYOLLIE|Play Rough|p2a: Fort-Nite\n|-supereffective|p2a: Fort-Nite\n|-damage|p2a: Fort-Nite|0 fnt\n|faint|p2a: Fort-Nite\n|-damage|p1a: OHAYOLLIE|91\/100|[from] item: Life Orb\n|\n|win|CyberH3\n|raw|CyberH3's rating: 1362 &rarr; <strong>1387<\/strong><br \/>(+25 for winning)\n|raw|goomily's rating: 1459 &rarr; <strong>1434<\/strong><br \/>(-25 for losing)\n|c|\u2606CyberH3|gg\n","uploadtime":1700262664,"views":11,"p1id":"cyberh3","p2id":"goomily","formatid":"gen9ou","rating":1387,"private":0,"password":""}