{"id":"gen9ou-1992472944","p1":"Theimpactassault","p2":"ferroshit","format":"[Gen 9] OU","log":"|j|\u2606Theimpactassault\n|j|\u2606ferroshit\n|t:|1700191872\n|gametype|singles\n|player|p1|Theimpactassault|hilda|1362\n|player|p2|ferroshit|2|1455\n|teamsize|p1|6\n|teamsize|p2|6\n|gen|9\n|tier|[Gen 9] OU\n|rated|\n|rule|Sleep Clause Mod: Limit one foe put to sleep\n|rule|Species Clause: Limit one of each Pok\u00e9mon\n|rule|OHKO Clause: OHKO moves are banned\n|rule|Evasion Items Clause: Evasion items are banned\n|rule|Evasion Moves Clause: Evasion moves are banned\n|rule|Endless Battle Clause: Forcing endless battles is banned\n|rule|HP Percentage Mod: HP is shown in percentages\n|clearpoke\n|poke|p1|Samurott-Hisui, M|\n|poke|p1|Arcanine-Hisui, F|\n|poke|p1|Corviknight, F|\n|poke|p1|Clodsire, F|\n|poke|p1|Forretress, M|\n|poke|p1|Meowscarada, F|\n|poke|p2|Lokix, M|\n|poke|p2|Clodsire, F|\n|poke|p2|Rotom-Wash|\n|poke|p2|Corviknight, M|\n|poke|p2|Gholdengo|\n|poke|p2|Great Tusk|\n|teampreview\n|inactive|Battle timer is ON: inactive players will automatically lose when time's up. (requested by ferroshit)\n|\n|t:|1700191878\n|start\n|switch|p1a: Meowscarada|Meowscarada, F|100\/100\n|switch|p2a: Rotom|Rotom-Wash, shiny|100\/100\n|turn|1\n|\n|t:|1700191906\n|move|p1a: Meowscarada|Knock Off|p2a: Rotom\n|-start|p1a: Meowscarada|typechange|Dark|[from] ability: Protean\n|-damage|p2a: Rotom|45\/100\n|-enditem|p2a: Rotom|Choice Scarf|[from] move: Knock Off|[of] p1a: Meowscarada\n|move|p2a: Rotom|Volt Switch|p1a: Meowscarada\n|-damage|p1a: Meowscarada|51\/100\n|\n|t:|1700191907\n|switch|p2a: Lokix|Lokix, M|100\/100|[from] Volt Switch\n|\n|upkeep\n|turn|2\n|\n|t:|1700191914\n|switch|p1a: Forretress|Forretress, M|100\/100\n|move|p2a: Lokix|First Impression|p1a: Forretress\n|-resisted|p1a: Forretress\n|-damage|p1a: Forretress|64\/100\n|\n|upkeep\n|turn|3\n|\n|t:|1700191924\n|switch|p2a: Corviknight|Corviknight, M, shiny|100\/100\n|move|p1a: Forretress|Stealth Rock|p2a: Corviknight\n|-sidestart|p2: ferroshit|move: Stealth Rock\n|\n|upkeep\n|turn|4\n|\n|t:|1700191930\n|switch|p1a: Corviknight|Corviknight, F|100\/100\n|-ability|p1a: Corviknight|Pressure\n|move|p2a: Corviknight|Bulk Up|p2a: Corviknight\n|-boost|p2a: Corviknight|atk|1\n|-boost|p2a: Corviknight|def|1\n|\n|upkeep\n|turn|5\n|\n|t:|1700191932\n|move|p1a: Corviknight|Substitute|p1a: Corviknight\n|-start|p1a: Corviknight|Substitute\n|-damage|p1a: Corviknight|75\/100\n|move|p2a: Corviknight|Bulk Up|p2a: Corviknight\n|-boost|p2a: Corviknight|atk|1\n|-boost|p2a: Corviknight|def|1\n|\n|-heal|p1a: Corviknight|82\/100|[from] item: Leftovers\n|upkeep\n|turn|6\n|\n|t:|1700191934\n|move|p1a: Corviknight|Iron Defense|p1a: Corviknight\n|-boost|p1a: Corviknight|def|2\n|move|p2a: Corviknight|Bulk Up|p2a: Corviknight\n|-boost|p2a: Corviknight|atk|1\n|-boost|p2a: Corviknight|def|1\n|\n|-heal|p1a: Corviknight|88\/100|[from] item: Leftovers\n|upkeep\n|turn|7\n|\n|t:|1700191936\n|move|p2a: Corviknight|Bulk Up|p2a: Corviknight\n|-boost|p2a: Corviknight|atk|1\n|-boost|p2a: Corviknight|def|1\n|move|p1a: Corviknight|Iron Defense|p1a: Corviknight\n|-boost|p1a: Corviknight|def|2\n|\n|-heal|p1a: Corviknight|94\/100|[from] item: Leftovers\n|upkeep\n|turn|8\n|\n|t:|1700191940\n|move|p2a: Corviknight|Bulk Up|p2a: Corviknight\n|-boost|p2a: Corviknight|atk|1\n|-boost|p2a: Corviknight|def|1\n|move|p1a: Corviknight|Iron Defense|p1a: Corviknight\n|-boost|p1a: Corviknight|def|2\n|\n|-heal|p1a: Corviknight|100\/100|[from] item: Leftovers\n|upkeep\n|turn|9\n|\n|t:|1700191942\n|move|p2a: Corviknight|Bulk Up|p2a: Corviknight\n|-boost|p2a: Corviknight|atk|1\n|-boost|p2a: Corviknight|def|1\n|move|p1a: Corviknight|Body Press|p2a: Corviknight\n|-damage|p2a: Corviknight|81\/100\n|\n|-heal|p2a: Corviknight|87\/100|[from] item: Leftovers\n|upkeep\n|turn|10\n|\n|t:|1700191945\n|move|p1a: Corviknight|Iron Defense|p1a: Corviknight\n|-boost|p1a: Corviknight|def|0\n|move|p2a: Corviknight|Brave Bird|p1a: Corviknight\n|-resisted|p1a: Corviknight\n|-activate|p1a: Corviknight|move: Substitute|[damage]\n|-damage|p2a: Corviknight|83\/100|[from] Recoil|[of] p1a: Corviknight\n|\n|-heal|p2a: Corviknight|90\/100|[from] item: Leftovers\n|upkeep\n|turn|11\n|\n|t:|1700191949\n|move|p1a: Corviknight|Iron Defense|p1a: Corviknight\n|-boost|p1a: Corviknight|def|0\n|move|p2a: Corviknight|Brave Bird|p1a: Corviknight\n|-resisted|p1a: Corviknight\n|-activate|p1a: Corviknight|move: Substitute|[damage]\n|-damage|p2a: Corviknight|86\/100|[from] Recoil|[of] p1a: Corviknight\n|\n|-heal|p2a: Corviknight|92\/100|[from] item: Leftovers\n|upkeep\n|turn|12\n|\n|t:|1700191951\n|move|p2a: Corviknight|Brave Bird|p1a: Corviknight\n|-resisted|p1a: Corviknight\n|-end|p1a: Corviknight|Substitute\n|-damage|p2a: Corviknight|91\/100|[from] Recoil|[of] p1a: Corviknight\n|move|p1a: Corviknight|Iron Defense|p1a: Corviknight\n|-boost|p1a: Corviknight|def|0\n|\n|-heal|p2a: Corviknight|97\/100|[from] item: Leftovers\n|upkeep\n|turn|13\n|\n|t:|1700191956\n|move|p1a: Corviknight|Substitute|p1a: Corviknight\n|-start|p1a: Corviknight|Substitute\n|-damage|p1a: Corviknight|75\/100\n|move|p2a: Corviknight|Brave Bird|p1a: Corviknight\n|-resisted|p1a: Corviknight\n|-activate|p1a: Corviknight|move: Substitute|[damage]\n|-damage|p2a: Corviknight|93\/100|[from] Recoil|[of] p1a: Corviknight\n|\n|-heal|p2a: Corviknight|99\/100|[from] item: Leftovers\n|-heal|p1a: Corviknight|82\/100|[from] item: Leftovers\n|upkeep\n|turn|14\n|\n|t:|1700191959\n|move|p2a: Corviknight|Brave Bird|p1a: Corviknight\n|-resisted|p1a: Corviknight\n|-activate|p1a: Corviknight|move: Substitute|[damage]\n|-damage|p2a: Corviknight|96\/100|[from] Recoil|[of] p1a: Corviknight\n|move|p1a: Corviknight|Iron Defense|p1a: Corviknight\n|-boost|p1a: Corviknight|def|0\n|\n|-heal|p1a: Corviknight|88\/100|[from] item: Leftovers\n|-heal|p2a: Corviknight|100\/100|[from] item: Leftovers\n|upkeep\n|turn|15\n|\n|t:|1700191961\n|move|p2a: Corviknight|Brave Bird|p1a: Corviknight\n|-resisted|p1a: Corviknight\n|-end|p1a: Corviknight|Substitute\n|-damage|p2a: Corviknight|99\/100|[from] Recoil|[of] p1a: Corviknight\n|move|p1a: Corviknight|Iron Defense|p1a: Corviknight\n|-boost|p1a: Corviknight|def|0\n|\n|-heal|p1a: Corviknight|94\/100|[from] item: Leftovers\n|-heal|p2a: Corviknight|100\/100|[from] item: Leftovers\n|upkeep\n|turn|16\n|\n|t:|1700191965\n|switch|p2a: Gholdengo|Gholdengo, shiny|100\/100\n|-damage|p2a: Gholdengo|94\/100|[from] Stealth Rock\n|move|p1a: Corviknight|Substitute|p1a: Corviknight\n|-start|p1a: Corviknight|Substitute\n|-damage|p1a: Corviknight|69\/100\n|\n|-heal|p1a: Corviknight|75\/100|[from] item: Leftovers\n|upkeep\n|turn|17\n|\n|t:|1700191969\n|move|p2a: Gholdengo|Shadow Ball|p1a: Corviknight\n|-end|p1a: Corviknight|Substitute\n|move|p1a: Corviknight|Substitute|p1a: Corviknight\n|-start|p1a: Corviknight|Substitute\n|-damage|p1a: Corviknight|50\/100\n|\n|-heal|p1a: Corviknight|57\/100|[from] item: Leftovers\n|upkeep\n|turn|18\n|\n|t:|1700191971\n|move|p2a: Gholdengo|Shadow Ball|p1a: Corviknight\n|-end|p1a: Corviknight|Substitute\n|move|p1a: Corviknight|Roost|p1a: Corviknight\n|-heal|p1a: Corviknight|100\/100\n|-singleturn|p1a: Corviknight|move: Roost\n|\n|upkeep\n|turn|19\n|\n|t:|1700191973\n|switch|p1a: Samurott|Samurott-Hisui, M, shiny|100\/100\n|move|p2a: Gholdengo|Shadow Ball|p1a: Samurott\n|-resisted|p1a: Samurott\n|-damage|p1a: Samurott|50\/100\n|-unboost|p1a: Samurott|spd|1\n|\n|-heal|p1a: Samurott|56\/100|[from] item: Leftovers\n|upkeep\n|turn|20\n|\n|t:|1700191975\n|move|p1a: Samurott|Ceaseless Edge|p2a: Gholdengo\n|-supereffective|p2a: Gholdengo\n|-damage|p2a: Gholdengo|0 fnt\n|-sidestart|p2: ferroshit|Spikes\n|faint|p2a: Gholdengo\n|\n|-heal|p1a: Samurott|62\/100|[from] item: Leftovers\n|upkeep\n|\n|t:|1700191978\n|switch|p2a: Rotom|Rotom-Wash, shiny|45\/100\n|-damage|p2a: Rotom|33\/100|[from] Stealth Rock\n|turn|21\n|\n|t:|1700191983\n|move|p2a: Rotom|Volt Switch|p1a: Samurott\n|-supereffective|p1a: Samurott\n|-crit|p1a: Samurott\n|-damage|p1a: Samurott|0 fnt\n|faint|p1a: Samurott\n|\n|t:|1700191985\n|switch|p2a: Great Tusk|Great Tusk, shiny|100\/100|[from] Volt Switch\n|-damage|p2a: Great Tusk|98\/100|[from] Stealth Rock\n|-damage|p2a: Great Tusk|85\/100|[from] Spikes\n|\n|upkeep\n|\n|t:|1700191995\n|switch|p1a: Forretress|Forretress, M|64\/100\n|turn|22\n|\n|t:|1700191999\n|-terastallize|p1a: Forretress|Ghost\n|move|p2a: Great Tusk|Rapid Spin|p1a: Forretress\n|-immune|p1a: Forretress\n|move|p1a: Forretress|Body Press|p2a: Great Tusk\n|-damage|p2a: Great Tusk|70\/100\n|-damage|p1a: Forretress|48\/100|[from] item: Rocky Helmet|[of] p2a: Great Tusk\n|\n|upkeep\n|turn|23\n|\n|t:|1700192008\n|switch|p1a: Meowscarada|Meowscarada, F|51\/100\n|move|p2a: Great Tusk|Stealth Rock|p1a: Meowscarada\n|-sidestart|p1: Theimpactassault|move: Stealth Rock\n|\n|upkeep\n|turn|24\n|\n|t:|1700192012\n|-end|p2a: Great Tusk|Protosynthesis|[silent]\n|switch|p2a: Corviknight|Corviknight, M, shiny|100\/100\n|-damage|p2a: Corviknight|88\/100|[from] Stealth Rock\n|move|p1a: Meowscarada|Flower Trick|p2a: Corviknight\n|-start|p1a: Meowscarada|typechange|Grass|[from] ability: Protean\n|-resisted|p2a: Corviknight\n|-crit|p2a: Corviknight\n|-damage|p2a: Corviknight|78\/100\n|\n|-heal|p2a: Corviknight|84\/100|[from] item: Leftovers\n|upkeep\n|turn|25\n|\n|t:|1700192019\n|switch|p1a: Corviknight|Corviknight, F|100\/100\n|-damage|p1a: Corviknight|88\/100|[from] Stealth Rock\n|-ability|p1a: Corviknight|Pressure\n|move|p2a: Corviknight|Bulk Up|p2a: Corviknight\n|-boost|p2a: Corviknight|atk|1\n|-boost|p2a: Corviknight|def|1\n|\n|-heal|p1a: Corviknight|94\/100|[from] item: Leftovers\n|-heal|p2a: Corviknight|90\/100|[from] item: Leftovers\n|upkeep\n|turn|26\n|\n|t:|1700192030\n|switch|p2a: Great Tusk|Great Tusk, shiny|70\/100\n|-damage|p2a: Great Tusk|67\/100|[from] Stealth Rock\n|-damage|p2a: Great Tusk|54\/100|[from] Spikes\n|move|p1a: Corviknight|Substitute|p1a: Corviknight\n|-start|p1a: Corviknight|Substitute\n|-damage|p1a: Corviknight|69\/100\n|\n|-heal|p1a: Corviknight|75\/100|[from] item: Leftovers\n|upkeep\n|turn|27\n|\n|t:|1700192033\n|move|p2a: Great Tusk|Rapid Spin|p1a: Corviknight\n|-resisted|p1a: Corviknight\n|-activate|p1a: Corviknight|move: Substitute|[damage]\n|-sideend|p2: ferroshit|Spikes|[from] move: Rapid Spin|[of] p2a: Great Tusk\n|-sideend|p2: ferroshit|Stealth Rock|[from] move: Rapid Spin|[of] p2a: Great Tusk\n|-boost|p2a: Great Tusk|spe|1\n|move|p1a: Corviknight|Iron Defense|p1a: Corviknight\n|-boost|p1a: Corviknight|def|2\n|\n|-heal|p1a: Corviknight|82\/100|[from] item: Leftovers\n|upkeep\n|turn|28\n|\n|t:|1700192037\n|move|p2a: Great Tusk|Body Press|p1a: Corviknight\n|-activate|p1a: Corviknight|move: Substitute|[damage]\n|move|p1a: Corviknight|Iron Defense|p1a: Corviknight\n|-boost|p1a: Corviknight|def|2\n|\n|-heal|p1a: Corviknight|88\/100|[from] item: Leftovers\n|upkeep\n|turn|29\n|\n|t:|1700192040\n|move|p2a: Great Tusk|Body Press|p1a: Corviknight\n|-end|p1a: Corviknight|Substitute\n|move|p1a: Corviknight|Iron Defense|p1a: Corviknight\n|-boost|p1a: Corviknight|def|2\n|\n|-heal|p1a: Corviknight|94\/100|[from] item: Leftovers\n|upkeep\n|turn|30\n|\n|t:|1700192043\n|move|p2a: Great Tusk|Knock Off|p1a: Corviknight\n|-damage|p1a: Corviknight|89\/100\n|-enditem|p1a: Corviknight|Leftovers|[from] move: Knock Off|[of] p2a: Great Tusk\n|move|p1a: Corviknight|Substitute|p1a: Corviknight\n|-start|p1a: Corviknight|Substitute\n|-damage|p1a: Corviknight|64\/100\n|\n|upkeep\n|turn|31\n|\n|t:|1700192045\n|move|p2a: Great Tusk|Body Press|p1a: Corviknight\n|-activate|p1a: Corviknight|move: Substitute|[damage]\n|move|p1a: Corviknight|Body Press|p2a: Great Tusk\n|-damage|p2a: Great Tusk|9\/100\n|-damage|p1a: Corviknight|48\/100|[from] item: Rocky Helmet|[of] p2a: Great Tusk\n|\n|upkeep\n|turn|32\n|\n|t:|1700192048\n|move|p2a: Great Tusk|Body Press|p1a: Corviknight\n|-activate|p1a: Corviknight|move: Substitute|[damage]\n|move|p1a: Corviknight|Body Press|p2a: Great Tusk\n|-damage|p2a: Great Tusk|0 fnt\n|-damage|p1a: Corviknight|31\/100|[from] item: Rocky Helmet|[of] p2a: Great Tusk\n|faint|p2a: Great Tusk\n|-end|p2a: Great Tusk|Protosynthesis|[silent]\n|\n|upkeep\n|\n|t:|1700192055\n|switch|p2a: Rotom|Rotom-Wash, shiny|33\/100\n|turn|33\n|\n|t:|1700192061\n|move|p2a: Rotom|Discharge|p1a: Corviknight\n|-supereffective|p1a: Corviknight\n|-end|p1a: Corviknight|Substitute\n|move|p1a: Corviknight|Substitute|p1a: Corviknight\n|-start|p1a: Corviknight|Substitute\n|-damage|p1a: Corviknight|6\/100\n|\n|upkeep\n|turn|34\n|\n|t:|1700192063\n|move|p2a: Rotom|Volt Switch|p1a: Corviknight\n|-supereffective|p1a: Corviknight\n|-end|p1a: Corviknight|Substitute\n|\n|t:|1700192070\n|switch|p2a: Lokix|Lokix, M|100\/100|[from] Volt Switch\n|move|p1a: Corviknight|Body Press|p2a: Lokix\n|-damage|p2a: Lokix|0 fnt\n|faint|p2a: Lokix\n|\n|upkeep\n|\n|t:|1700192071\n|switch|p2a: Rotom|Rotom-Wash, shiny|33\/100\n|turn|35\n|-message|ferroshit forfeited.\n|\n|win|Theimpactassault\n|raw|Theimpactassault's rating: 1362 &rarr; <strong>1387<\/strong><br \/>(+25 for winning)\n|raw|ferroshit's rating: 1455 &rarr; <strong>1430<\/strong><br \/>(-25 for losing)\n|l|\u2606ferroshit\n","uploadtime":1700192081,"views":8,"p1id":"theimpactassault","p2id":"ferroshit","formatid":"gen9ou","rating":1387,"private":0,"password":""}