{"id":"gen9ou-1996856208","p1":"It's classified","p2":"Thibault56","format":"[Gen 9] OU","log":"|j|\u2606It's classified\n|j|\u2606Thibault56\n|t:|1700736104\n|gametype|singles\n|player|p1|It's classified|pokemonranger-gen4|1594\n|player|p2|Thibault56|1|1571\n|teamsize|p1|6\n|teamsize|p2|6\n|gen|9\n|tier|[Gen 9] OU\n|rated|\n|rule|Sleep Clause Mod: Limit one foe put to sleep\n|rule|Species Clause: Limit one of each Pok\u00e9mon\n|rule|OHKO Clause: OHKO moves are banned\n|rule|Evasion Items Clause: Evasion items are banned\n|rule|Evasion Moves Clause: Evasion moves are banned\n|rule|Endless Battle Clause: Forcing endless battles is banned\n|rule|HP Percentage Mod: HP is shown in percentages\n|clearpoke\n|poke|p1|Ceruledge, M|\n|poke|p1|Ninetales-Alola, M|\n|poke|p1|Iron Valiant|\n|poke|p1|Great Tusk|\n|poke|p1|Manaphy|\n|poke|p1|Kingambit, M|\n|poke|p2|Thundurus-Therian, M|\n|poke|p2|Great Tusk|\n|poke|p2|Pelipper, M|\n|poke|p2|Barraskewda, F|\n|poke|p2|Amoonguss, M|\n|poke|p2|Moltres|\n|teampreview\n|inactive|Battle timer is ON: inactive players will automatically lose when time's up. (requested by It's classified)\n|inactive|Thibault56 has 120 seconds left.\n|\n|t:|1700736160\n|start\n|switch|p1a: Iron Valiant|Iron Valiant|100\/100\n|switch|p2a: Thundurus|Thundurus-Therian, M|100\/100\n|-enditem|p1a: Iron Valiant|Booster Energy\n|-activate|p1a: Iron Valiant|ability: Quark Drive|[fromitem]\n|-start|p1a: Iron Valiant|quarkdrivespe\n|turn|1\n|\n|t:|1700736185\n|-end|p1a: Iron Valiant|Quark Drive|[silent]\n|switch|p1a: Great Tusk|Great Tusk|100\/100\n|-enditem|p1a: Great Tusk|Booster Energy\n|-activate|p1a: Great Tusk|ability: Protosynthesis|[fromitem]\n|-start|p1a: Great Tusk|protosynthesisspe\n|switch|p2a: Amoonguss|Amoonguss, M|100\/100\n|\n|upkeep\n|turn|2\n|\n|t:|1700736203\n|move|p1a: Great Tusk|Ice Spinner|p2a: Amoonguss\n|-supereffective|p2a: Amoonguss\n|-crit|p2a: Amoonguss\n|-damage|p2a: Amoonguss|21\/100\n|move|p2a: Amoonguss|Giga Drain|p1a: Great Tusk\n|-supereffective|p1a: Great Tusk\n|-damage|p1a: Great Tusk|45\/100\n|-heal|p2a: Amoonguss|49\/100|[from] drain|[of] p1a: Great Tusk\n|\n|-heal|p2a: Amoonguss|55\/100|[from] item: Black Sludge\n|upkeep\n|turn|3\n|\n|t:|1700736212\n|switch|p2a: Moltres|Moltres|100\/100\n|move|p1a: Great Tusk|Ice Spinner|p2a: Moltres\n|-damage|p2a: Moltres|84\/100\n|\n|upkeep\n|turn|4\n|\n|t:|1700736219\n|-end|p1a: Great Tusk|Protosynthesis|[silent]\n|switch|p1a: Ceruledge|Ceruledge, M|100\/100\n|-item|p1a: Ceruledge|Air Balloon\n|move|p2a: Moltres|U-turn|p1a: Ceruledge\n|-resisted|p1a: Ceruledge\n|-damage|p1a: Ceruledge|95\/100\n|-ability|p1a: Ceruledge|Weak Armor|boost\n|-unboost|p1a: Ceruledge|def|1\n|-boost|p1a: Ceruledge|spe|2\n|-enditem|p1a: Ceruledge|Air Balloon\n|\n|t:|1700736230\n|switch|p2a: Great Tusk|Great Tusk|100\/100|[from] U-turn\n|\n|upkeep\n|turn|5\n|\n|t:|1700736240\n|switch|p1a: Ninetales|Ninetales-Alola, M|100\/100\n|-weather|Snow|[from] ability: Snow Warning|[of] p1a: Ninetales\n|move|p2a: Great Tusk|Knock Off|p1a: Ninetales\n|-resisted|p1a: Ninetales\n|-damage|p1a: Ninetales|89\/100\n|-enditem|p1a: Ninetales|Light Clay|[from] move: Knock Off|[of] p2a: Great Tusk\n|\n|-weather|Snow|[upkeep]\n|upkeep\n|turn|6\n|\n|t:|1700736254\n|move|p1a: Ninetales|Hypnosis|p2a: Great Tusk|[miss]\n|-miss|p1a: Ninetales|p2a: Great Tusk\n|move|p2a: Great Tusk|Stealth Rock|p1a: Ninetales\n|-sidestart|p1: It's classified|move: Stealth Rock\n|\n|-weather|Snow|[upkeep]\n|upkeep\n|turn|7\n|\n|t:|1700736265\n|-end|p2a: Great Tusk|Protosynthesis|[silent]\n|switch|p2a: Moltres|Moltres|84\/100\n|move|p1a: Ninetales|Aurora Veil|p1a: Ninetales\n|-sidestart|p1: It's classified|move: Aurora Veil\n|\n|-weather|Snow|[upkeep]\n|upkeep\n|turn|8\n|\n|t:|1700736275\n|move|p1a: Ninetales|Hypnosis|p2a: Moltres|[miss]\n|-miss|p1a: Ninetales|p2a: Moltres\n|move|p2a: Moltres|U-turn|p1a: Ninetales\n|-resisted|p1a: Ninetales\n|-damage|p1a: Ninetales|86\/100\n|\n|t:|1700736281\n|switch|p2a: Pelipper|Pelipper, M|100\/100|[from] U-turn\n|-weather|RainDance|[from] ability: Drizzle|[of] p2a: Pelipper\n|\n|-weather|RainDance|[upkeep]\n|upkeep\n|turn|9\n|\n|t:|1700736286\n|switch|p2a: Moltres|Moltres|84\/100\n|move|p1a: Ninetales|Freeze-Dry|p2a: Moltres\n|-damage|p2a: Moltres|63\/100\n|\n|-weather|RainDance|[upkeep]\n|upkeep\n|turn|10\n|\n|t:|1700736292\n|move|p1a: Ninetales|Hypnosis|p2a: Moltres\n|-status|p2a: Moltres|slp|[from] move: Hypnosis\n|cant|p2a: Moltres|slp\n|\n|-weather|RainDance|[upkeep]\n|upkeep\n|turn|11\n|\n|t:|1700736298\n|move|p1a: Ninetales|Freeze-Dry|p2a: Moltres\n|-damage|p2a: Moltres|41\/100 slp\n|-curestatus|p2a: Moltres|slp|[msg]\n|move|p2a: Moltres|Roost|p2a: Moltres\n|-heal|p2a: Moltres|91\/100\n|-singleturn|p2a: Moltres|move: Roost\n|\n|-weather|RainDance|[upkeep]\n|-sideend|p1: It's classified|move: Aurora Veil\n|upkeep\n|turn|12\n|\n|t:|1700736304\n|move|p1a: Ninetales|Hypnosis|p2a: Moltres\n|-status|p2a: Moltres|slp|[from] move: Hypnosis\n|cant|p2a: Moltres|slp\n|\n|-weather|RainDance|[upkeep]\n|upkeep\n|turn|13\n|\n|t:|1700736306\n|move|p1a: Ninetales|Freeze-Dry|p2a: Moltres\n|-damage|p2a: Moltres|72\/100 slp\n|cant|p2a: Moltres|slp\n|\n|-weather|RainDance|[upkeep]\n|upkeep\n|turn|14\n|\n|t:|1700736310\n|move|p1a: Ninetales|Freeze-Dry|p2a: Moltres\n|-damage|p2a: Moltres|50\/100 slp\n|cant|p2a: Moltres|slp\n|\n|-weather|RainDance|[upkeep]\n|upkeep\n|turn|15\n|\n|t:|1700736318\n|move|p1a: Ninetales|Freeze-Dry|p2a: Moltres\n|-damage|p2a: Moltres|28\/100 slp\n|-curestatus|p2a: Moltres|slp|[msg]\n|move|p2a: Moltres|Will-O-Wisp|p1a: Ninetales\n|-status|p1a: Ninetales|brn\n|\n|-weather|none\n|-damage|p1a: Ninetales|80\/100 brn|[from] brn\n|upkeep\n|turn|16\n|\n|t:|1700736327\n|move|p1a: Ninetales|Hypnosis|p2a: Moltres\n|-status|p2a: Moltres|slp|[from] move: Hypnosis\n|cant|p2a: Moltres|slp\n|\n|-damage|p1a: Ninetales|74\/100 brn|[from] brn\n|upkeep\n|turn|17\n|\n|t:|1700736335\n|move|p1a: Ninetales|Freeze-Dry|p2a: Moltres\n|-damage|p2a: Moltres|8\/100 slp\n|-curestatus|p2a: Moltres|slp|[msg]\n|move|p2a: Moltres|Roost|p2a: Moltres\n|-heal|p2a: Moltres|58\/100\n|-singleturn|p2a: Moltres|move: Roost\n|\n|-damage|p1a: Ninetales|68\/100 brn|[from] brn\n|upkeep\n|turn|18\n|\n|t:|1700736344\n|move|p1a: Ninetales|Hypnosis|p2a: Moltres\n|-status|p2a: Moltres|slp|[from] move: Hypnosis\n|cant|p2a: Moltres|slp\n|\n|-damage|p1a: Ninetales|62\/100 brn|[from] brn\n|upkeep\n|turn|19\n|\n|t:|1700736350\n|switch|p1a: Ceruledge|Ceruledge, M|95\/100\n|-damage|p1a: Ceruledge|71\/100|[from] Stealth Rock\n|cant|p2a: Moltres|slp\n|\n|upkeep\n|turn|20\n|\n|t:|1700736360\n|switch|p2a: Great Tusk|Great Tusk|100\/100\n|move|p1a: Ceruledge|Swords Dance|p1a: Ceruledge\n|-boost|p1a: Ceruledge|atk|2\n|\n|upkeep\n|turn|21\n|\n|t:|1700736364\n|-terastallize|p1a: Ceruledge|Fighting\n|move|p1a: Ceruledge|Poltergeist|p2a: Great Tusk\n|-activate|p2a: Great Tusk|move: Poltergeist|Rocky Helmet\n|-damage|p2a: Great Tusk|47\/100\n|move|p2a: Great Tusk|Knock Off|p1a: Ceruledge\n|-resisted|p1a: Ceruledge\n|-damage|p1a: Ceruledge|57\/100\n|-ability|p1a: Ceruledge|Weak Armor|boost\n|-unboost|p1a: Ceruledge|def|1\n|-boost|p1a: Ceruledge|spe|2\n|\n|upkeep\n|turn|22\n|\n|t:|1700736379\n|move|p1a: Ceruledge|Poltergeist|p2a: Great Tusk\n|-activate|p2a: Great Tusk|move: Poltergeist|Rocky Helmet\n|-damage|p2a: Great Tusk|0 fnt\n|faint|p2a: Great Tusk\n|-end|p2a: Great Tusk|Protosynthesis|[silent]\n|\n|upkeep\n|\n|t:|1700736384\n|switch|p2a: Pelipper|Pelipper, M|100\/100\n|-weather|RainDance|[from] ability: Drizzle|[of] p2a: Pelipper\n|turn|23\n|\n|t:|1700736388\n|move|p1a: Ceruledge|Poltergeist|p2a: Pelipper\n|-activate|p2a: Pelipper|move: Poltergeist|Damp Rock\n|-damage|p2a: Pelipper|23\/100\n|move|p2a: Pelipper|Hurricane|p1a: Ceruledge\n|-supereffective|p1a: Ceruledge\n|-damage|p1a: Ceruledge|0 fnt\n|faint|p1a: Ceruledge\n|\n|-weather|RainDance|[upkeep]\n|upkeep\n|\n|t:|1700736393\n|switch|p1a: Ninetales|Ninetales-Alola, M|62\/100 brn\n|-damage|p1a: Ninetales|37\/100 brn|[from] Stealth Rock\n|-weather|Snow|[from] ability: Snow Warning|[of] p1a: Ninetales\n|turn|24\n|\n|t:|1700736411\n|switch|p2a: Moltres|Moltres|58\/100 slp\n|move|p1a: Ninetales|Aurora Veil|p1a: Ninetales\n|-sidestart|p1: It's classified|move: Aurora Veil\n|\n|-weather|Snow|[upkeep]\n|-damage|p1a: Ninetales|31\/100 brn|[from] brn\n|upkeep\n|turn|25\n|\n|t:|1700736419\n|switch|p1a: Iron Valiant|Iron Valiant|100\/100\n|-damage|p1a: Iron Valiant|94\/100|[from] Stealth Rock\n|cant|p2a: Moltres|slp\n|\n|-weather|Snow|[upkeep]\n|upkeep\n|turn|26\n|\n|t:|1700736437\n|switch|p2a: Amoonguss|Amoonguss, M|88\/100\n|move|p1a: Iron Valiant|Calm Mind|p1a: Iron Valiant\n|-boost|p1a: Iron Valiant|spa|1\n|-boost|p1a: Iron Valiant|spd|1\n|\n|-weather|Snow|[upkeep]\n|-heal|p2a: Amoonguss|94\/100|[from] item: Black Sludge\n|upkeep\n|turn|27\n|\n|t:|1700736445\n|move|p1a: Iron Valiant|Psyshock|p2a: Amoonguss\n|-supereffective|p2a: Amoonguss\n|-damage|p2a: Amoonguss|9\/100\n|move|p2a: Amoonguss|Spore|p1a: Iron Valiant\n|-status|p1a: Iron Valiant|slp|[from] move: Spore\n|\n|-weather|Snow|[upkeep]\n|-heal|p2a: Amoonguss|16\/100|[from] item: Black Sludge\n|upkeep\n|turn|28\n|\n|t:|1700736455\n|-end|p1a: Iron Valiant|Quark Drive|[silent]\n|switch|p1a: Kingambit|Kingambit, M|100\/100\n|-damage|p1a: Kingambit|94\/100|[from] Stealth Rock\n|-activate|p1a: Kingambit|ability: Supreme Overlord\n|-start|p1a: Kingambit|fallen1|[silent]\n|move|p2a: Amoonguss|Sludge Bomb|p1a: Kingambit\n|-immune|p1a: Kingambit\n|\n|-weather|none\n|-heal|p2a: Amoonguss|22\/100|[from] item: Black Sludge\n|-sideend|p1: It's classified|move: Aurora Veil\n|upkeep\n|turn|29\n|\n|t:|1700736478\n|switch|p2a: Pelipper|Pelipper, M|23\/100\n|-weather|RainDance|[from] ability: Drizzle|[of] p2a: Pelipper\n|move|p1a: Kingambit|Swords Dance|p1a: Kingambit\n|-boost|p1a: Kingambit|atk|2\n|\n|-weather|RainDance|[upkeep]\n|upkeep\n|turn|30\n|\n|t:|1700736486\n|move|p1a: Kingambit|Sucker Punch|p2a: Pelipper\n|-damage|p2a: Pelipper|0 fnt\n|faint|p2a: Pelipper\n|\n|-weather|RainDance|[upkeep]\n|upkeep\n|\n|t:|1700736489\n|switch|p2a: Moltres|Moltres|58\/100 slp\n|turn|31\n|\n|t:|1700736494\n|-curestatus|p2a: Moltres|slp|[msg]\n|move|p2a: Moltres|Will-O-Wisp|p1a: Kingambit\n|-status|p1a: Kingambit|brn\n|-enditem|p1a: Kingambit|Lum Berry|[eat]\n|-curestatus|p1a: Kingambit|brn|[msg]\n|move|p1a: Kingambit|Kowtow Cleave|p2a: Moltres\n|-damage|p2a: Moltres|0 fnt\n|faint|p2a: Moltres\n|\n|-weather|RainDance|[upkeep]\n|upkeep\n|\n|t:|1700736507\n|switch|p2a: Barraskewda|Barraskewda, F|100\/100\n|turn|32\n|\n|t:|1700736510\n|-terastallize|p2a: Barraskewda|Water\n|move|p2a: Barraskewda|Aqua Jet|p1a: Kingambit\n|-damage|p1a: Kingambit|38\/100\n|move|p1a: Kingambit|Sucker Punch||[still]\n|-fail|p1a: Kingambit\n|\n|-weather|RainDance|[upkeep]\n|upkeep\n|turn|33\n|\n|t:|1700736516\n|-end|p1a: Kingambit|fallen1|[silent]\n|switch|p1a: Ninetales|Ninetales-Alola, M|31\/100 brn\n|-damage|p1a: Ninetales|7\/100 brn|[from] Stealth Rock\n|-weather|Snow|[from] ability: Snow Warning|[of] p1a: Ninetales\n|move|p2a: Barraskewda|Aqua Jet|p1a: Ninetales\n|-damage|p1a: Ninetales|0 fnt\n|faint|p1a: Ninetales\n|\n|-weather|Snow|[upkeep]\n|upkeep\n|\n|t:|1700736523\n|switch|p1a: Manaphy|Manaphy|100\/100\n|-damage|p1a: Manaphy|88\/100|[from] Stealth Rock\n|turn|34\n|\n|t:|1700736528\n|switch|p2a: Thundurus|Thundurus-Therian, M|100\/100\n|move|p1a: Manaphy|Take Heart|p1a: Manaphy\n|-boost|p1a: Manaphy|spa|1\n|-boost|p1a: Manaphy|spd|1\n|\n|-weather|Snow|[upkeep]\n|-heal|p1a: Manaphy|94\/100|[from] item: Leftovers\n|upkeep\n|turn|35\n|\n|t:|1700736536\n|move|p2a: Thundurus|Wildbolt Storm|p1a: Manaphy\n|-supereffective|p1a: Manaphy\n|-damage|p1a: Manaphy|23\/100\n|-status|p1a: Manaphy|par\n|move|p1a: Manaphy|Scald|p2a: Thundurus\n|-damage|p2a: Thundurus|43\/100\n|-status|p2a: Thundurus|brn\n|\n|-weather|Snow|[upkeep]\n|-heal|p1a: Manaphy|29\/100 par|[from] item: Leftovers\n|-damage|p2a: Thundurus|37\/100 brn|[from] brn\n|upkeep\n|turn|36\n|\n|t:|1700736547\n|switch|p1a: Great Tusk|Great Tusk|45\/100\n|-damage|p1a: Great Tusk|42\/100|[from] Stealth Rock\n|move|p2a: Thundurus|Wildbolt Storm|p1a: Great Tusk\n|-immune|p1a: Great Tusk\n|\n|-weather|Snow|[upkeep]\n|-damage|p2a: Thundurus|31\/100 brn|[from] brn\n|upkeep\n|turn|37\n|\n|t:|1700736551\n|switch|p2a: Amoonguss|Amoonguss, M|55\/100\n|move|p1a: Great Tusk|Rapid Spin|p2a: Amoonguss\n|-damage|p2a: Amoonguss|40\/100\n|-boost|p1a: Great Tusk|spe|1\n|-sideend|p1: It's classified|Stealth Rock|[from] move: Rapid Spin|[of] p1a: Great Tusk\n|\n|-weather|none\n|-heal|p2a: Amoonguss|46\/100|[from] item: Black Sludge\n|upkeep\n|turn|38\n|\n|t:|1700736565\n|switch|p2a: Barraskewda|Barraskewda, F, tera:Water|100\/100\n|move|p1a: Great Tusk|Ice Spinner|p2a: Barraskewda\n|-resisted|p2a: Barraskewda\n|-damage|p2a: Barraskewda|77\/100\n|\n|upkeep\n|turn|39\n|\n|t:|1700736571\n|move|p1a: Great Tusk|Headlong Rush|p2a: Barraskewda\n|-damage|p2a: Barraskewda|0 fnt\n|-unboost|p1a: Great Tusk|def|1\n|-unboost|p1a: Great Tusk|spd|1\n|faint|p2a: Barraskewda\n|\n|upkeep\n|-message|Thibault56 forfeited.\n|\n|win|It's classified\n|raw|It&apos;s classified's rating: 1594 &rarr; <strong>1613<\/strong><br \/>(+19 for winning)\n|raw|Thibault56's rating: 1571 &rarr; <strong>1552<\/strong><br \/>(-19 for losing)\n|l|\u2606Thibault56\n","uploadtime":1700736602,"views":3,"p1id":"itsclassified","p2id":"thibault56","formatid":"gen9ou","rating":1552,"private":0,"password":""}