{"id":"gen9ou-1990803926","p1":"Username momento","p2":"thebigclimb","format":"[Gen 9] OU","log":"|j|\u2606Username momento\n|j|\u2606thebigclimb\n|inactive|Battle timer is ON: inactive players will automatically lose when time's up.\n|t:|1700002481\n|gametype|singles\n|player|p1|Username momento|ninjaboy|\n|player|p2|thebigclimb|jessiejames-gen1|\n|teamsize|p1|6\n|teamsize|p2|6\n|gen|9\n|tier|[Gen 9] OU\n|rated|Tournament battle\n|rule|Sleep Clause Mod: Limit one foe put to sleep\n|rule|Species Clause: Limit one of each Pok\u00e9mon\n|rule|OHKO Clause: OHKO moves are banned\n|rule|Evasion Items Clause: Evasion items are banned\n|rule|Evasion Moves Clause: Evasion moves are banned\n|rule|Endless Battle Clause: Forcing endless battles is banned\n|rule|HP Percentage Mod: HP is shown in percentages\n|clearpoke\n|poke|p1|Meowscarada, M|\n|poke|p1|Kingambit, F|\n|poke|p1|Zamazenta-*|\n|poke|p1|Great Tusk|\n|poke|p1|Iron Moth|\n|poke|p1|Calyrex-Shadow|\n|poke|p2|Calyrex-Shadow|\n|poke|p2|Ribombee, F|\n|poke|p2|Great Tusk|\n|poke|p2|Cinderace, F|\n|poke|p2|Kingambit, F|\n|poke|p2|Gholdengo|\n|teampreview\n|j| shaomichel2003\n|j|@Disorient\n|j|#SetsuStsna\n|j| SandVeil10\n|\n|t:|1700002498\n|start\n|switch|p1a: Iron Moth|Iron Moth|100\/100\n|switch|p2a: Ribombee|Ribombee, F|100\/100\n|-enditem|p1a: Iron Moth|Booster Energy\n|-activate|p1a: Iron Moth|ability: Quark Drive|[fromitem]\n|-start|p1a: Iron Moth|quarkdrivespe\n|turn|1\n|\n|t:|1700002506\n|move|p1a: Iron Moth|Fiery Dance|p2a: Ribombee\n|-supereffective|p2a: Ribombee\n|-enditem|p2a: Ribombee|Focus Sash\n|-damage|p2a: Ribombee|1\/100\n|move|p2a: Ribombee|Sticky Web|p1a: Iron Moth\n|-sidestart|p1: Username momento|move: Sticky Web\n|\n|upkeep\n|turn|2\n|j| Lord Sodium\n|j| Griffballfrenzy\n|j| DelibirdLife\u2764\ufe0f\n|\n|t:|1700002516\n|move|p1a: Iron Moth|Fiery Dance|p2a: Ribombee\n|-supereffective|p2a: Ribombee\n|-damage|p2a: Ribombee|0 fnt\n|-boost|p1a: Iron Moth|spa|1\n|faint|p2a: Ribombee\n|\n|upkeep\n|c| SandVeil10|let's see what this caly meta has to offer\n|\n|t:|1700002540\n|switch|p2a: Cinderace|Cinderace, F|100\/100\n|turn|3\n|\n|t:|1700002549\n|move|p2a: Cinderace|Sucker Punch|p1a: Iron Moth\n|-start|p2a: Cinderace|typechange|Dark|[from] ability: Libero\n|-damage|p1a: Iron Moth|47\/100\n|move|p1a: Iron Moth|Sludge Wave|p2a: Cinderace\n|-damage|p2a: Cinderace|0 fnt\n|faint|p2a: Cinderace\n|\n|upkeep\n|\n|t:|1700002556\n|switch|p2a: Kingambit|Kingambit, F|100\/100\n|-activate|p2a: Kingambit|ability: Supreme Overlord\n|-start|p2a: Kingambit|fallen2|[silent]\n|turn|4\n|c|\u2606Username momento|Sub\n|\n|t:|1700002572\n|move|p1a: Iron Moth|Fiery Dance|p2a: Kingambit\n|-supereffective|p2a: Kingambit\n|-damage|p2a: Kingambit|0 fnt\n|-boost|p1a: Iron Moth|spa|1\n|faint|p2a: Kingambit\n|-end|p2a: Kingambit|fallen2|[silent]\n|\n|upkeep\n|j| Shucklepilled\n|j| miggymartemer\n|c|\u2606Username momento|Mind games\n|inactive|thebigclimb has 120 seconds left.\n|\n|t:|1700002591\n|switch|p2a: Calyrex|Calyrex-Shadow|100\/100\n|-ability|p2a: Calyrex|As One\n|-ability|p2a: Calyrex|Unnerve\n|turn|5\n|j| big as the wha\n|\n|t:|1700002598\n|move|p1a: Iron Moth|Fiery Dance|p2a: Calyrex\n|-damage|p2a: Calyrex|22\/100\n|-boost|p1a: Iron Moth|spa|1\n|move|p2a: Calyrex|Astral Barrage|p1a: Iron Moth\n|-damage|p1a: Iron Moth|0 fnt\n|faint|p1a: Iron Moth\n|-end|p1a: Iron Moth|Quark Drive|[silent]\n|-ability|p2a: Calyrex|Grim Neigh|boost\n|-boost|p2a: Calyrex|spa|1\n|\n|upkeep\n|j| SDK04\n|\n|t:|1700002604\n|switch|p1a: Meowscarada|Meowscarada, M|100\/100\n|-activate|p1a: Meowscarada|move: Sticky Web\n|-unboost|p1a: Meowscarada|spe|1\n|turn|6\n|c| big as the wha|May the ugliest man win\n|j| PSOE=mafia\n|inactive|thebigclimb has 120 seconds left.\n|l| SDK04\n|\n|t:|1700002626\n|-terastallize|p2a: Calyrex|Fighting\n|move|p1a: Meowscarada|Sucker Punch|p2a: Calyrex\n|-start|p1a: Meowscarada|typechange|Dark|[from] ability: Protean\n|-resisted|p2a: Calyrex\n|-damage|p2a: Calyrex|0 fnt\n|faint|p2a: Calyrex\n|\n|upkeep\n|inactive|thebigclimb has 120 seconds left.\n|j| spiderkitty410\n|\n|t:|1700002636\n|switch|p2a: Great Tusk|Great Tusk|100\/100\n|turn|7\n|j| Rizing Again\n|c| PSOE=mafia|big as the wha but finchinator isn't here so there's still competition!\n|\n|t:|1700002647\n|switch|p1a: Great Tusk|Great Tusk|100\/100\n|-activate|p1a: Great Tusk|move: Sticky Web\n|-unboost|p1a: Great Tusk|spe|1\n|-enditem|p1a: Great Tusk|Booster Energy\n|-activate|p1a: Great Tusk|ability: Protosynthesis|[fromitem]\n|-start|p1a: Great Tusk|protosynthesisatk\n|move|p2a: Great Tusk|Close Combat|p1a: Great Tusk\n|-damage|p1a: Great Tusk|58\/100\n|-unboost|p2a: Great Tusk|def|1\n|-unboost|p2a: Great Tusk|spd|1\n|\n|upkeep\n|turn|8\n|c| big as the wha|lmfao\n|c| big as the wha|so mean\n|\n|t:|1700002661\n|move|p2a: Great Tusk|Rapid Spin|p1a: Great Tusk\n|-damage|p1a: Great Tusk|46\/100\n|-boost|p2a: Great Tusk|spe|1\n|move|p1a: Great Tusk|Knock Off|p2a: Great Tusk\n|-resisted|p2a: Great Tusk\n|-damage|p2a: Great Tusk|77\/100\n|-enditem|p2a: Great Tusk|Heavy-Duty Boots|[from] move: Knock Off|[of] p1a: Great Tusk\n|\n|upkeep\n|turn|9\n|\n|t:|1700002672\n|move|p2a: Great Tusk|Headlong Rush|p1a: Great Tusk\n|-damage|p1a: Great Tusk|0 fnt\n|-unboost|p2a: Great Tusk|def|1\n|-unboost|p2a: Great Tusk|spd|1\n|faint|p1a: Great Tusk\n|-end|p1a: Great Tusk|Protosynthesis|[silent]\n|\n|upkeep\n|c|\u2606Username momento|Thought you were going ghold\n|\n|t:|1700002676\n|switch|p1a: Zamazenta|Zamazenta|100\/100\n|-activate|p1a: Zamazenta|move: Sticky Web\n|-unboost|p1a: Zamazenta|spe|1\n|-ability|p1a: Zamazenta|Dauntless Shield|boost\n|-boost|p1a: Zamazenta|def|1\n|turn|10\n|c| SandVeil10|good roll\n|j| metroid90\n|n| tr6utik|metroid90\n|\n|t:|1700002690\n|-end|p2a: Great Tusk|Protosynthesis|[silent]\n|switch|p2a: Gholdengo|Gholdengo|100\/100\n|move|p1a: Zamazenta|Body Press|p2a: Gholdengo\n|-immune|p2a: Gholdengo\n|\n|upkeep\n|turn|11\n|\n|t:|1700002704\n|move|p2a: Gholdengo|Shadow Ball|p1a: Zamazenta\n|-damage|p1a: Zamazenta|61\/100\n|move|p1a: Zamazenta|Heavy Slam|p2a: Gholdengo\n|-resisted|p2a: Gholdengo\n|-damage|p2a: Gholdengo|84\/100\n|\n|-heal|p1a: Zamazenta|67\/100|[from] item: Leftovers\n|upkeep\n|turn|12\n|l| tr6utik\n|\n|t:|1700002716\n|switch|p1a: Meowscarada|Meowscarada, M|100\/100\n|-activate|p1a: Meowscarada|move: Sticky Web\n|-unboost|p1a: Meowscarada|spe|1\n|move|p2a: Gholdengo|Shadow Ball|p1a: Meowscarada\n|-resisted|p1a: Meowscarada\n|-damage|p1a: Meowscarada|65\/100\n|\n|upkeep\n|turn|13\n|\n|t:|1700002726\n|move|p1a: Meowscarada|Sucker Punch|p2a: Gholdengo\n|-start|p1a: Meowscarada|typechange|Dark|[from] ability: Protean\n|-supereffective|p2a: Gholdengo\n|-damage|p2a: Gholdengo|0 fnt\n|faint|p2a: Gholdengo\n|\n|upkeep\n|c| Rizing Again|just reveal the defiant kingambit already\n|\n|t:|1700002732\n|switch|p2a: Great Tusk|Great Tusk|77\/100\n|turn|14\n|\n|t:|1700002744\n|switch|p1a: Calyrex|Calyrex-Shadow|100\/100\n|-ability|p1a: Calyrex|As One\n|-ability|p1a: Calyrex|Unnerve\n|-activate|p1a: Calyrex|move: Sticky Web\n|-unboost|p1a: Calyrex|spe|1\n|move|p2a: Great Tusk|Knock Off|p1a: Calyrex\n|-supereffective|p1a: Calyrex\n|-damage|p1a: Calyrex|0 fnt\n|-enditem|p1a: Calyrex|Choice Specs|[from] move: Knock Off|[of] p2a: Great Tusk\n|faint|p1a: Calyrex\n|\n|upkeep\n|\n|t:|1700002751\n|switch|p1a: Kingambit|Kingambit, F|100\/100\n|-activate|p1a: Kingambit|move: Sticky Web\n|-unboost|p1a: Kingambit|spe|1\n|-activate|p1a: Kingambit|ability: Supreme Overlord\n|-start|p1a: Kingambit|fallen3|[silent]\n|turn|15\n|c| Rizing Again|man that horse pokemon sucks\n|c| SandVeil10|well done\n|\n|t:|1700002762\n|-terastallize|p1a: Kingambit|Flying\n|move|p2a: Great Tusk|Knock Off|p1a: Kingambit\n|-damage|p1a: Kingambit|75\/100\n|-enditem|p1a: Kingambit|Leftovers|[from] move: Knock Off|[of] p2a: Great Tusk\n|move|p1a: Kingambit|Iron Head|p2a: Great Tusk\n|-damage|p2a: Great Tusk|33\/100\n|\n|upkeep\n|turn|16\n|c| Rizing Again|No wonder no one ever brings it on the OU ladder\n|\n|t:|1700002774\n|move|p2a: Great Tusk|Rapid Spin|p1a: Kingambit\n|-damage|p1a: Kingambit|63\/100\n|-boost|p2a: Great Tusk|spe|1\n|move|p1a: Kingambit|Iron Head|p2a: Great Tusk\n|-damage|p2a: Great Tusk|0 fnt\n|faint|p2a: Great Tusk\n|-end|p2a: Great Tusk|Protosynthesis|[silent]\n|\n|win|Username momento\n|n|\u2606Username momento|usernamemomento\n|n|\u2606thebigclimb|thebigclimb\n|n| shaomichel2003|shaomichel2003\n|n|+Disorient|disorient\n|n|%SetsuStsna|setsustsna\n|n| SandVeil10|sandveil10\n|n| Lord Sodium|lordsodium\n|n| Griffballfrenzy|griffballfrenzy\n|n| DelibirdLife\u2764\ufe0f|delibirdlife\n|n| Shucklepilled|shucklepilled\n|n| miggymartemer|miggymartemer\n|n| big as the wha|bigasthewha\n|n| PSOE=mafia|psoemafia\n|n| spiderkitty410|spiderkitty410\n|n| Rizing Again|rizingagain\n","uploadtime":1700002775,"views":26,"p1id":"usernamemomento","p2id":"thebigclimb","formatid":"gen9ou","rating":0,"private":0,"password":""}