{"id":"gen9ou-1995149893","p1":"nis298","p2":"TheZalmancer","format":"[Gen 9] OU","log":"|j|\u2606nis298\n|j|\u2606TheZalmancer\n|t:|1700528144\n|gametype|singles\n|player|p1|nis298|scientistf|1423\n|player|p2|TheZalmancer|skyla|1351\n|teamsize|p1|6\n|teamsize|p2|6\n|gen|9\n|tier|[Gen 9] OU\n|rated|\n|rule|Sleep Clause Mod: Limit one foe put to sleep\n|rule|Species Clause: Limit one of each Pok\u00e9mon\n|rule|OHKO Clause: OHKO moves are banned\n|rule|Evasion Items Clause: Evasion items are banned\n|rule|Evasion Moves Clause: Evasion moves are banned\n|rule|Endless Battle Clause: Forcing endless battles is banned\n|rule|HP Percentage Mod: HP is shown in percentages\n|clearpoke\n|poke|p1|Glimmora, M|\n|poke|p1|Gholdengo|\n|poke|p1|Kingambit, M|\n|poke|p1|Ogerpon-Wellspring, F|\n|poke|p1|Zapdos|\n|poke|p1|Ninetales-Alola, M|\n|poke|p2|Ogerpon-Wellspring, F|\n|poke|p2|Ninetales-Alola, F|\n|poke|p2|Corviknight, M|\n|poke|p2|Slowking-Galar, M|\n|poke|p2|Hydreigon, F|\n|poke|p2|Weavile, F|\n|teampreview\n|inactive|Battle timer is ON: inactive players will automatically lose when time's up. (requested by nis298)\n|j| Felorange\n|\n|t:|1700528154\n|start\n|switch|p1a: Glimmora|Glimmora, M|100\/100\n|switch|p2a: Corviknight|Corviknight, M, shiny|100\/100\n|-ability|p2a: Corviknight|Pressure\n|turn|1\n|\n|t:|1700528162\n|move|p1a: Glimmora|Stealth Rock|p2a: Corviknight\n|-sidestart|p2: TheZalmancer|move: Stealth Rock\n|move|p2a: Corviknight|Iron Head|p1a: Glimmora\n|-supereffective|p1a: Glimmora\n|-damage|p1a: Glimmora|45\/100\n|-activate|p1a: Glimmora|ability: Toxic Debris\n|-sidestart|p2: TheZalmancer|move: Toxic Spikes\n|\n|upkeep\n|turn|2\n|\n|t:|1700528172\n|switch|p1a: Gholdengo|Gholdengo|100\/100\n|-item|p1a: Gholdengo|Air Balloon\n|move|p2a: Corviknight|Iron Head|p1a: Gholdengo\n|-resisted|p1a: Gholdengo\n|-damage|p1a: Gholdengo|93\/100\n|-enditem|p1a: Gholdengo|Air Balloon\n|\n|upkeep\n|turn|3\n|\n|t:|1700528183\n|switch|p2a: Slowking|Slowking-Galar, M|100\/100\n|-damage|p2a: Slowking|88\/100|[from] Stealth Rock\n|-sideend|p2: TheZalmancer|move: Toxic Spikes|[of] p2a: Slowking\n|move|p1a: Gholdengo|Thunder Wave|p2a: Slowking\n|-status|p2a: Slowking|par\n|\n|-heal|p2a: Slowking|94\/100 par|[from] item: Leftovers\n|upkeep\n|turn|4\n|\n|t:|1700528200\n|switch|p1a: Kingambit|Kingambit, M|100\/100\n|move|p2a: Slowking|Trick Room|p2a: Slowking\n|-fieldstart|move: Trick Room|[of] p2a: Slowking\n|\n|-heal|p2a: Slowking|99\/100 par|[from] item: Leftovers\n|upkeep\n|turn|5\n|\n|t:|1700528213\n|switch|p2a: Corviknight|Corviknight, M, shiny|100\/100\n|-damage|p2a: Corviknight|88\/100|[from] Stealth Rock\n|-ability|p2a: Corviknight|Pressure\n|move|p1a: Kingambit|Kowtow Cleave|p2a: Corviknight\n|-damage|p2a: Corviknight|58\/100\n|\n|-heal|p2a: Corviknight|64\/100|[from] item: Leftovers\n|upkeep\n|turn|6\n|\n|t:|1700528226\n|-end|p1a: Kingambit|fallenundefined|[silent]\n|switch|p1a: Gholdengo|Gholdengo|93\/100\n|switch|p2a: Weavile|Weavile, F|100\/100\n|-damage|p2a: Weavile|76\/100|[from] Stealth Rock\n|-ability|p2a: Weavile|Pressure\n|\n|upkeep\n|turn|7\n|\n|t:|1700528237\n|move|p1a: Gholdengo|Make It Rain|p2a: Weavile\n|-supereffective|p2a: Weavile\n|-damage|p2a: Weavile|0 fnt\n|-unboost|p1a: Gholdengo|spa|1\n|faint|p2a: Weavile\n|\n|upkeep\n|inactive|TheZalmancer has 120 seconds left.\n|\n|t:|1700528269\n|switch|p2a: Slowking|Slowking-Galar, M|100\/100 par\n|-damage|p2a: Slowking|88\/100 par|[from] Stealth Rock\n|turn|8\n|\n|t:|1700528276\n|switch|p1a: Kingambit|Kingambit, M|100\/100\n|move|p2a: Slowking|Shadow Ball|p1a: Kingambit\n|-resisted|p1a: Kingambit\n|-damage|p1a: Kingambit|87\/100\n|-unboost|p1a: Kingambit|spd|1\n|\n|-heal|p2a: Slowking|94\/100 par|[from] item: Leftovers\n|-heal|p1a: Kingambit|94\/100|[from] item: Leftovers\n|-fieldend|move: Trick Room\n|upkeep\n|turn|9\n|inactive|nis298 has 120 seconds left.\n|\n|t:|1700528330\n|switch|p2a: Corviknight|Corviknight, M, shiny|64\/100\n|-damage|p2a: Corviknight|52\/100|[from] Stealth Rock\n|-ability|p2a: Corviknight|Pressure\n|move|p1a: Kingambit|Kowtow Cleave|p2a: Corviknight\n|-damage|p2a: Corviknight|22\/100\n|\n|-heal|p2a: Corviknight|29\/100|[from] item: Leftovers\n|-heal|p1a: Kingambit|99\/100|[from] item: Leftovers\n|upkeep\n|turn|10\n|inactive|nis298 has 90 seconds left.\n|\n|t:|1700528369\n|move|p2a: Corviknight|Body Press|p1a: Kingambit\n|-supereffective|p1a: Kingambit\n|-damage|p1a: Kingambit|29\/100\n|move|p1a: Kingambit|Kowtow Cleave|p2a: Corviknight\n|-damage|p2a: Corviknight|0 fnt\n|faint|p2a: Corviknight\n|\n|-heal|p1a: Kingambit|35\/100|[from] item: Leftovers\n|upkeep\n|inactive|TheZalmancer has 120 seconds left.\n|\n|t:|1700528386\n|switch|p2a: Hydreigon|Hydreigon, F|100\/100\n|-damage|p2a: Hydreigon|88\/100|[from] Stealth Rock\n|turn|11\n|inactive|TheZalmancer has 120 seconds left.\n|\n|t:|1700528393\n|-end|p1a: Kingambit|fallenundefined|[silent]\n|switch|p1a: Zapdos|Zapdos|100\/100\n|move|p2a: Hydreigon|Draco Meteor|p1a: Zapdos\n|-damage|p1a: Zapdos|63\/100\n|-unboost|p2a: Hydreigon|spa|2\n|\n|upkeep\n|turn|12\n|inactive|nis298 has 90 seconds left.\n|inactive|TheZalmancer has 120 seconds left.\n|\n|t:|1700528420\n|move|p2a: Hydreigon|Stealth Rock|p1a: Zapdos\n|-sidestart|p1: nis298|move: Stealth Rock\n|move|p1a: Zapdos|U-turn|p2a: Hydreigon\n|-supereffective|p2a: Hydreigon\n|-damage|p2a: Hydreigon|61\/100\n|\n|t:|1700528423\n|switch|p1a: Ninetales|Ninetales-Alola, M|100\/100|[from] U-turn\n|-damage|p1a: Ninetales|76\/100|[from] Stealth Rock\n|-weather|Snow|[from] ability: Snow Warning|[of] p1a: Ninetales\n|\n|-weather|Snow|[upkeep]\n|upkeep\n|turn|13\n|inactive|TheZalmancer has 120 seconds left.\n|\n|t:|1700528433\n|move|p1a: Ninetales|Moonblast|p2a: Hydreigon\n|-supereffective|p2a: Hydreigon\n|-damage|p2a: Hydreigon|0 fnt\n|faint|p2a: Hydreigon\n|\n|-weather|Snow|[upkeep]\n|upkeep\n|inactive|TheZalmancer has 120 seconds left.\n|\n|t:|1700528438\n|switch|p2a: Ninetales|Ninetales-Alola, F, shiny|100\/100\n|-damage|p2a: Ninetales|76\/100|[from] Stealth Rock\n|turn|14\n|inactive|nis298 has 90 seconds left.\n|inactive|TheZalmancer has 120 seconds left.\n|inactive|nis298 has 60 seconds left.\n|\n|t:|1700528483\n|move|p2a: Ninetales|Aurora Veil|p2a: Ninetales\n|-sidestart|p2: TheZalmancer|move: Aurora Veil\n|move|p1a: Ninetales|Moonblast|p2a: Ninetales\n|-damage|p2a: Ninetales|50\/100\n|\n|-weather|Snow|[upkeep]\n|upkeep\n|turn|15\n|inactive|nis298 has 60 seconds left.\n|inactive|TheZalmancer has 120 seconds left.\n|inactive|nis298 has 30 seconds left.\n|\n|t:|1700528529\n|move|p1a: Ninetales|Moonblast|p2a: Ninetales\n|-damage|p2a: Ninetales|23\/100\n|-unboost|p2a: Ninetales|spa|1\n|move|p2a: Ninetales|Encore|p1a: Ninetales\n|-start|p1a: Ninetales|Encore\n|\n|-weather|Snow|[upkeep]\n|upkeep\n|turn|16\n|\n|t:|1700528540\n|switch|p2a: Ogerpon|Ogerpon-Wellspring, F|100\/100\n|-damage|p2a: Ogerpon|88\/100|[from] Stealth Rock\n|move|p1a: Ninetales|Moonblast|p2a: Ogerpon\n|-damage|p2a: Ogerpon|58\/100\n|\n|-weather|none\n|upkeep\n|turn|17\n|\n|t:|1700528551\n|switch|p1a: Zapdos|Zapdos|63\/100\n|move|p2a: Ogerpon|Swords Dance|p2a: Ogerpon\n|-boost|p2a: Ogerpon|atk|2\n|\n|upkeep\n|turn|18\n|\n|t:|1700528558\n|move|p2a: Ogerpon|Ivy Cudgel|p1a: Zapdos|[anim] Ivy Cudgel Water\n|-damage|p1a: Zapdos|0 fnt\n|faint|p1a: Zapdos\n|\n|upkeep\n|\n|t:|1700528566\n|switch|p1a: Ninetales|Ninetales-Alola, M|76\/100\n|-damage|p1a: Ninetales|51\/100|[from] Stealth Rock\n|-weather|Snow|[from] ability: Snow Warning|[of] p1a: Ninetales\n|turn|19\n|\n|t:|1700528573\n|move|p2a: Ogerpon|Horn Leech|p1a: Ninetales\n|-damage|p1a: Ninetales|0 fnt\n|-heal|p2a: Ogerpon|83\/100|[from] drain|[of] p1a: Ninetales\n|faint|p1a: Ninetales\n|\n|-weather|Snow|[upkeep]\n|upkeep\n|\n|t:|1700528596\n|switch|p1a: Kingambit|Kingambit, M|35\/100\n|-damage|p1a: Kingambit|29\/100|[from] Stealth Rock\n|-activate|p1a: Kingambit|ability: Supreme Overlord\n|-start|p1a: Kingambit|fallen2|[silent]\n|turn|20\n|inactive|TheZalmancer has 120 seconds left.\n|inactive|TheZalmancer has 90 seconds left.\n|l| Felorange\n|\n|t:|1700528639\n|-end|p1a: Kingambit|fallen2|[silent]\n|switch|p1a: Ogerpon|Ogerpon-Wellspring, F|100\/100\n|-damage|p1a: Ogerpon|88\/100|[from] Stealth Rock\n|move|p2a: Ogerpon|Horn Leech|p1a: Ogerpon\n|-damage|p1a: Ogerpon|0 fnt\n|-heal|p2a: Ogerpon|100\/100|[from] drain|[of] p1a: Ogerpon\n|faint|p1a: Ogerpon\n|\n|-weather|Snow|[upkeep]\n|upkeep\n|\n|t:|1700528646\n|switch|p1a: Gholdengo|Gholdengo|93\/100\n|-damage|p1a: Gholdengo|86\/100|[from] Stealth Rock\n|turn|21\n|inactive|TheZalmancer has 90 seconds left.\n|\n|t:|1700528664\n|move|p2a: Ogerpon|Ivy Cudgel|p1a: Gholdengo|[anim] Ivy Cudgel Water\n|-damage|p1a: Gholdengo|0 fnt\n|faint|p1a: Gholdengo\n|\n|-weather|Snow|[upkeep]\n|-sideend|p2: TheZalmancer|move: Aurora Veil\n|upkeep\n|inactive|nis298 has 30 seconds left.\n|\n|t:|1700528699\n|switch|p1a: Kingambit|Kingambit, M|29\/100\n|-damage|p1a: Kingambit|23\/100|[from] Stealth Rock\n|-activate|p1a: Kingambit|ability: Supreme Overlord\n|-start|p1a: Kingambit|fallen4|[silent]\n|turn|22\n|inactive|TheZalmancer has 90 seconds left.\n|\n|t:|1700528716\n|move|p1a: Kingambit|Sucker Punch|p2a: Ogerpon\n|-damage|p2a: Ogerpon|31\/100\n|move|p2a: Ogerpon|Brick Break|p1a: Kingambit\n|-supereffective|p1a: Kingambit\n|-damage|p1a: Kingambit|0 fnt\n|faint|p1a: Kingambit\n|-end|p1a: Kingambit|fallen4|[silent]\n|\n|-weather|Snow|[upkeep]\n|upkeep\n|inactive|nis298 has 30 seconds left.\n|inactive|nis298 has 20 seconds left.\n|\n|t:|1700528739\n|switch|p1a: Glimmora|Glimmora, M|45\/100\n|-damage|p1a: Glimmora|33\/100|[from] Stealth Rock\n|turn|23\n|inactive|nis298 has 30 seconds left this turn.\n|-message|nis298 forfeited.\n|\n|win|TheZalmancer\n|raw|nis298's rating: 1423 &rarr; <strong>1399<\/strong><br \/>(-24 for losing)\n|raw|TheZalmancer's rating: 1351 &rarr; <strong>1375<\/strong><br \/>(+24 for winning)\n|l|\u2606nis298\n|c|\u2606TheZalmancer|ggs\n","uploadtime":1700528852,"views":5,"p1id":"nis298","p2id":"thezalmancer","formatid":"gen9ou","rating":1375,"private":0,"password":""}