{"id":"gen9ou-1994959194","p1":"testset_2023","p2":"B0T_Monka","format":"[Gen 9] OU","log":"|j|\u2606testset_2023\n|j|\u2606B0T_Monka\n|t:|1700508184\n|gametype|singles\n|player|p1|testset_2023|265|1317\n|player|p2|B0T_Monka|101|1254\n|teamsize|p1|6\n|teamsize|p2|6\n|gen|9\n|tier|[Gen 9] OU\n|rated|\n|rule|Sleep Clause Mod: Limit one foe put to sleep\n|rule|Species Clause: Limit one of each Pok\u00e9mon\n|rule|OHKO Clause: OHKO moves are banned\n|rule|Evasion Items Clause: Evasion items are banned\n|rule|Evasion Moves Clause: Evasion moves are banned\n|rule|Endless Battle Clause: Forcing endless battles is banned\n|rule|HP Percentage Mod: HP is shown in percentages\n|clearpoke\n|poke|p1|Maushold-Four|\n|poke|p1|Ninetales-Alola, M|\n|poke|p1|Ceruledge, F|\n|poke|p1|Ogerpon-Wellspring, F|\n|poke|p1|Walking Wake|\n|poke|p1|Rillaboom, M|\n|poke|p2|Vikavolt, M|\n|poke|p2|Enamorus, F|\n|poke|p2|Great Tusk|\n|poke|p2|Gholdengo|\n|poke|p2|Kommo-o, M|\n|poke|p2|Iron Moth|\n|teampreview\n|\n|t:|1700508199\n|start\n|switch|p1a: Ninetales|Ninetales-Alola, M|100\/100\n|switch|p2a: Vicodi\u00f1o|Vikavolt, M|100\/100\n|-weather|Snow|[from] ability: Snow Warning|[of] p1a: Ninetales\n|turn|1\n|\n|t:|1700508207\n|move|p1a: Ninetales|Aurora Veil|p1a: Ninetales\n|-sidestart|p1: testset_2023|move: Aurora Veil\n|move|p2a: Vicodi\u00f1o|Thunder Wave|p1a: Ninetales\n|-status|p1a: Ninetales|par\n|\n|-weather|Snow|[upkeep]\n|upkeep\n|turn|2\n|\n|t:|1700508219\n|move|p1a: Ninetales|Moonblast|p2a: Vicodi\u00f1o\n|-damage|p2a: Vicodi\u00f1o|58\/100\n|move|p2a: Vicodi\u00f1o|Sticky Web|p1a: Ninetales\n|-sidestart|p1: testset_2023|move: Sticky Web\n|\n|-weather|Snow|[upkeep]\n|upkeep\n|turn|3\n|\n|t:|1700508224\n|move|p1a: Ninetales|Moonblast|p2a: Vicodi\u00f1o\n|-damage|p2a: Vicodi\u00f1o|16\/100\n|move|p2a: Vicodi\u00f1o|Bug Buzz|p1a: Ninetales\n|-resisted|p1a: Ninetales\n|-damage|p1a: Ninetales|83\/100 par\n|\n|-weather|Snow|[upkeep]\n|upkeep\n|turn|4\n|\n|t:|1700508230\n|move|p1a: Ninetales|Moonblast|p2a: Vicodi\u00f1o\n|-damage|p2a: Vicodi\u00f1o|0 fnt\n|faint|p2a: Vicodi\u00f1o\n|\n|-weather|Snow|[upkeep]\n|upkeep\n|\n|t:|1700508236\n|switch|p2a: Djengo Unrained|Gholdengo|100\/100\n|-item|p2a: Djengo Unrained|Air Balloon\n|turn|5\n|\n|t:|1700508241\n|move|p2a: Djengo Unrained|Nasty Plot|p2a: Djengo Unrained\n|-boost|p2a: Djengo Unrained|spa|2\n|move|p1a: Ninetales|Moonblast|p2a: Djengo Unrained\n|-resisted|p2a: Djengo Unrained\n|-damage|p2a: Djengo Unrained|79\/100\n|-unboost|p2a: Djengo Unrained|spa|1\n|-enditem|p2a: Djengo Unrained|Air Balloon\n|\n|-weather|none\n|upkeep\n|turn|6\n|\n|t:|1700508260\n|move|p2a: Djengo Unrained|Make It Rain|p1a: Ninetales\n|-supereffective|p1a: Ninetales\n|-damage|p1a: Ninetales|0 fnt\n|-unboost|p2a: Djengo Unrained|spa|1\n|faint|p1a: Ninetales\n|\n|upkeep\n|\n|t:|1700508281\n|switch|p1a: Ceruledge|Ceruledge, F|100\/100\n|-activate|p1a: Ceruledge|move: Sticky Web\n|-unboost|p1a: Ceruledge|spe|1\n|turn|7\n|\n|t:|1700508289\n|move|p2a: Djengo Unrained|Thunderbolt|p1a: Ceruledge\n|-damage|p1a: Ceruledge|83\/100\n|move|p1a: Ceruledge|Swords Dance|p1a: Ceruledge\n|-boost|p1a: Ceruledge|atk|2\n|\n|-heal|p1a: Ceruledge|89\/100|[from] item: Leftovers\n|upkeep\n|turn|8\n|\n|t:|1700508299\n|move|p2a: Djengo Unrained|Psyshock|p1a: Ceruledge\n|-damage|p1a: Ceruledge|69\/100\n|move|p1a: Ceruledge|Poltergeist||[still]\n|-fail|p1a: Ceruledge\n|\n|-heal|p1a: Ceruledge|75\/100|[from] item: Leftovers\n|-sideend|p1: testset_2023|move: Aurora Veil\n|upkeep\n|turn|9\n|\n|t:|1700508311\n|move|p1a: Ceruledge|Shadow Sneak|p2a: Djengo Unrained\n|-supereffective|p2a: Djengo Unrained\n|-damage|p2a: Djengo Unrained|0 fnt\n|faint|p2a: Djengo Unrained\n|\n|-heal|p1a: Ceruledge|82\/100|[from] item: Leftovers\n|upkeep\n|\n|t:|1700508316\n|switch|p2a: Dentist G-Ram|Great Tusk|100\/100\n|-enditem|p2a: Dentist G-Ram|Booster Energy\n|-activate|p2a: Dentist G-Ram|ability: Protosynthesis|[fromitem]\n|-start|p2a: Dentist G-Ram|protosynthesisatk\n|turn|10\n|\n|t:|1700508325\n|-terastallize|p1a: Ceruledge|Bug\n|move|p2a: Dentist G-Ram|Headlong Rush|p1a: Ceruledge\n|-resisted|p1a: Ceruledge\n|-damage|p1a: Ceruledge|19\/100\n|-unboost|p2a: Dentist G-Ram|def|1\n|-unboost|p2a: Dentist G-Ram|spd|1\n|move|p1a: Ceruledge|Bitter Blade|p2a: Dentist G-Ram\n|-damage|p2a: Dentist G-Ram|0 fnt\n|-heal|p1a: Ceruledge|83\/100|[from] drain|[of] p2a: Dentist G-Ram\n|faint|p2a: Dentist G-Ram\n|-end|p2a: Dentist G-Ram|Protosynthesis|[silent]\n|\n|-heal|p1a: Ceruledge|89\/100|[from] item: Leftovers\n|upkeep\n|\n|t:|1700508329\n|switch|p2a: Both Baby|Iron Moth|100\/100\n|-enditem|p2a: Both Baby|Booster Energy\n|-activate|p2a: Both Baby|ability: Quark Drive|[fromitem]\n|-start|p2a: Both Baby|quarkdrivespe\n|turn|11\n|\n|t:|1700508345\n|move|p1a: Ceruledge|Shadow Sneak|p2a: Both Baby\n|-damage|p2a: Both Baby|43\/100\n|move|p2a: Both Baby|Fiery Dance|p1a: Ceruledge\n|-start|p1a: Ceruledge|ability: Flash Fire\n|\n|-heal|p1a: Ceruledge|95\/100|[from] item: Leftovers\n|upkeep\n|turn|12\n|c|\u2606testset_2023|forgor eh?\n|-message|B0T_Monka forfeited.\n|\n|win|testset_2023\n|raw|testset_2023's rating: 1317 &rarr; <strong>1333<\/strong><br \/>(+16 for winning)\n|raw|B0T_Monka's rating: 1254 &rarr; <strong>1233<\/strong><br \/>(-21 for losing)\n|l|\u2606B0T_Monka\n","uploadtime":1700508363,"views":7,"p1id":"testset2023","p2id":"b0tmonka","formatid":"gen9ou","rating":1233,"private":0,"password":""}