{"id":"gen9ou-1991752827","p1":"HaibaraLove1010","p2":"The Angel Devil","format":"[Gen 9] OU","log":"|j|\u2606HaibaraLove1010\n|j|\u2606The Angel Devil\n|t:|1700111276\n|gametype|singles\n|player|p1|HaibaraLove1010|caitlin|1649\n|player|p2|The Angel Devil|n-masters|1582\n|teamsize|p1|6\n|teamsize|p2|6\n|gen|9\n|tier|[Gen 9] OU\n|rated|\n|rule|Sleep Clause Mod: Limit one foe put to sleep\n|rule|Species Clause: Limit one of each Pok\u00e9mon\n|rule|OHKO Clause: OHKO moves are banned\n|rule|Evasion Items Clause: Evasion items are banned\n|rule|Evasion Moves Clause: Evasion moves are banned\n|rule|Endless Battle Clause: Forcing endless battles is banned\n|rule|HP Percentage Mod: HP is shown in percentages\n|clearpoke\n|poke|p1|Glimmora, F|\n|poke|p1|Corviknight, F|\n|poke|p1|Iron Moth|\n|poke|p1|Maushold-Four|\n|poke|p1|Sinistcha-Masterpiece|\n|poke|p1|Landorus-Therian, M|\n|poke|p2|Okidogi, M|\n|poke|p2|Zoroark-Hisui, M|\n|poke|p2|Ting-Lu|\n|poke|p2|Zapdos|\n|poke|p2|Volcanion|\n|poke|p2|Iron Treads|\n|teampreview\n|inactive|Battle timer is ON: inactive players will automatically lose when time's up. (requested by HaibaraLove1010)\n|\n|t:|1700111295\n|start\n|switch|p1a: Glimmora|Glimmora, F|100\/100\n|switch|p2a: Sacrificial Lamb|Ting-Lu|100\/100\n|turn|1\n|\n|t:|1700111300\n|move|p2a: Sacrificial Lamb|Shadow Ball|p1a: Glimmora\n|-damage|p1a: Glimmora|26\/100\n|move|p1a: Glimmora|Mud Shot|p2a: Sacrificial Lamb|[miss]\n|-miss|p1a: Glimmora|p2a: Sacrificial Lamb\n|\n|upkeep\n|turn|2\n|c|\u2606HaibaraLove1010|Fuck\n|\n|t:|1700111308\n|switch|p1a: Iron Moth|Iron Moth|100\/100\n|move|p2a: Sacrificial Lamb|Shadow Ball|p1a: Iron Moth\n|-damage|p1a: Iron Moth|63\/100\n|\n|upkeep\n|turn|3\n|\n|t:|1700111313\n|switch|p2a: Sacrificial Lamb|Ting-Lu|100\/100\n|-ability|p2a: Sacrificial Lamb|Vessel of Ruin\n|-end|p1a: Iron Moth|Quark Drive|[silent]\n|switch|p1a: Maushold|Maushold-Four|100\/100\n|\n|upkeep\n|turn|4\n|\n|t:|1700111319\n|switch|p2a: Sacrificial Lamb|Ting-Lu|100\/100\n|move|p1a: Maushold|Tidy Up|p1a: Maushold\n|-boost|p1a: Maushold|atk|1\n|-boost|p1a: Maushold|spe|1\n|\n|upkeep\n|turn|5\n|\n|t:|1700111324\n|move|p1a: Maushold|Bite|p2a: Sacrificial Lamb\n|-supereffective|p2a: Sacrificial Lamb\n|-damage|p2a: Sacrificial Lamb|0 fnt\n|replace|p2a: Yakov|Zoroark-Hisui, M, shiny\n|-end|p2a: Yakov|Illusion\n|faint|p2a: Yakov\n|\n|upkeep\n|\n|t:|1700111328\n|switch|p2a: Sparky|Zapdos|100\/100\n|turn|6\n|\n|t:|1700111333\n|-terastallize|p2a: Sparky|Steel\n|move|p1a: Maushold|Population Bomb|p2a: Sparky\n|-resisted|p2a: Sparky\n|-damage|p2a: Sparky|93\/100\n|-resisted|p2a: Sparky\n|-damage|p2a: Sparky|86\/100\n|-resisted|p2a: Sparky\n|-damage|p2a: Sparky|79\/100\n|-resisted|p2a: Sparky\n|-damage|p2a: Sparky|72\/100\n|-resisted|p2a: Sparky\n|-damage|p2a: Sparky|64\/100\n|-resisted|p2a: Sparky\n|-damage|p2a: Sparky|56\/100\n|-status|p1a: Maushold|par|[from] ability: Static|[of] p2a: Sparky\n|-resisted|p2a: Sparky\n|-damage|p2a: Sparky|48\/100\n|-resisted|p2a: Sparky\n|-damage|p2a: Sparky|41\/100\n|-resisted|p2a: Sparky\n|-damage|p2a: Sparky|34\/100\n|-resisted|p2a: Sparky\n|-damage|p2a: Sparky|27\/100\n|-hitcount|p2a: Sparky|10\n|move|p2a: Sparky|Hurricane|p1a: Maushold\n|-damage|p1a: Maushold|32\/100 par\n|\n|upkeep\n|turn|7\n|\n|t:|1700111354\n|move|p2a: Sparky|Hurricane|p1a: Maushold|[miss]\n|-miss|p2a: Sparky|p1a: Maushold\n|move|p1a: Maushold|Population Bomb|p2a: Sparky\n|-resisted|p2a: Sparky\n|-damage|p2a: Sparky|20\/100\n|-resisted|p2a: Sparky\n|-damage|p2a: Sparky|12\/100\n|-resisted|p2a: Sparky\n|-damage|p2a: Sparky|4\/100\n|-resisted|p2a: Sparky\n|-damage|p2a: Sparky|0 fnt\n|faint|p2a: Sparky\n|-hitcount|p2: Sparky|4\n|\n|upkeep\n|\n|t:|1700111357\n|switch|p2a: Michelin|Iron Treads|100\/100\n|turn|8\n|\n|t:|1700111362\n|switch|p1a: Glimmora|Glimmora, F|26\/100\n|move|p2a: Michelin|Earthquake|p1a: Glimmora\n|-supereffective|p1a: Glimmora\n|-damage|p1a: Glimmora|0 fnt\n|-activate|p1a: Glimmora|ability: Toxic Debris\n|-sidestart|p2: The Angel Devil|move: Toxic Spikes\n|faint|p1a: Glimmora\n|\n|upkeep\n|\n|t:|1700111366\n|switch|p1a: Landorus|Landorus-Therian, M|100\/100\n|-ability|p1a: Landorus|Intimidate|boost\n|-unboost|p2a: Michelin|atk|1\n|turn|9\n|\n|t:|1700111370\n|move|p1a: Landorus|Earthquake|p2a: Michelin\n|-supereffective|p2a: Michelin\n|-damage|p2a: Michelin|4\/100\n|move|p2a: Michelin|Rapid Spin|p1a: Landorus\n|-damage|p1a: Landorus|90\/100\n|-boost|p2a: Michelin|spe|1\n|-sideend|p2: The Angel Devil|Toxic Spikes|[from] move: Rapid Spin|[of] p2a: Michelin\n|\n|-heal|p2a: Michelin|10\/100|[from] item: Leftovers\n|upkeep\n|turn|10\n|\n|t:|1700111374\n|move|p2a: Michelin|Stealth Rock|p1a: Landorus\n|-sidestart|p1: HaibaraLove1010|move: Stealth Rock\n|move|p1a: Landorus|Earthquake|p2a: Michelin\n|-supereffective|p2a: Michelin\n|-damage|p2a: Michelin|0 fnt\n|faint|p2a: Michelin\n|-end|p2a: Michelin|Quark Drive|[silent]\n|\n|upkeep\n|\n|t:|1700111376\n|switch|p2a: Sacrificial Lamb|Ting-Lu|100\/100\n|-ability|p2a: Sacrificial Lamb|Vessel of Ruin\n|turn|11\n|\n|t:|1700111379\n|switch|p1a: Maushold|Maushold-Four|32\/100 par\n|-damage|p1a: Maushold|20\/100 par|[from] Stealth Rock\n|move|p2a: Sacrificial Lamb|Ruination|p1a: Maushold|[miss]\n|-miss|p2a: Sacrificial Lamb|p1a: Maushold\n|\n|upkeep\n|turn|12\n|\n|t:|1700111381\n|move|p1a: Maushold|Tidy Up|p1a: Maushold\n|-sideend|p1: HaibaraLove1010|Stealth Rock\n|-activate|p1a: Maushold|move: Tidy Up\n|-boost|p1a: Maushold|atk|1\n|-boost|p1a: Maushold|spe|1\n|move|p2a: Sacrificial Lamb|Earthquake|p1a: Maushold\n|-damage|p1a: Maushold|0 fnt\n|faint|p1a: Maushold\n|\n|upkeep\n|\n|t:|1700111386\n|switch|p1a: Iron Moth|Iron Moth|63\/100\n|turn|13\n|\n|t:|1700111389\n|move|p1a: Iron Moth|Acid Spray|p2a: Sacrificial Lamb\n|-resisted|p2a: Sacrificial Lamb\n|-crit|p2a: Sacrificial Lamb\n|-damage|p2a: Sacrificial Lamb|93\/100\n|-unboost|p2a: Sacrificial Lamb|spd|2\n|move|p2a: Sacrificial Lamb|Earthquake|p1a: Iron Moth\n|-supereffective|p1a: Iron Moth\n|-crit|p1a: Iron Moth\n|-damage|p1a: Iron Moth|0 fnt\n|faint|p1a: Iron Moth\n|-end|p1a: Iron Moth|Quark Drive|[silent]\n|\n|-heal|p2a: Sacrificial Lamb|99\/100|[from] item: Leftovers\n|upkeep\n|\n|t:|1700111391\n|switch|p1a: Sinistcha|Sinistcha-Masterpiece|100\/100\n|turn|14\n|\n|t:|1700111393\n|switch|p2a: Vulcan|Volcanion|100\/100\n|move|p1a: Sinistcha|Matcha Gotcha|p2a: Vulcan\n|-damage|p2a: Vulcan|61\/100\n|\n|upkeep\n|turn|15\n|\n|t:|1700111400\n|-terastallize|p1a: Sinistcha|Poison\n|move|p2a: Vulcan|Flamethrower|p1a: Sinistcha\n|-damage|p1a: Sinistcha|70\/100\n|move|p1a: Sinistcha|Calm Mind|p1a: Sinistcha\n|-boost|p1a: Sinistcha|spa|1\n|-boost|p1a: Sinistcha|spd|1\n|\n|-heal|p1a: Sinistcha|76\/100|[from] item: Leftovers\n|upkeep\n|turn|16\n|\n|t:|1700111405\n|move|p2a: Vulcan|Earth Power|p1a: Sinistcha\n|-supereffective|p1a: Sinistcha\n|-crit|p1a: Sinistcha\n|-damage|p1a: Sinistcha|0 fnt\n|faint|p1a: Sinistcha\n|\n|upkeep\n|\n|t:|1700111408\n|switch|p1a: Landorus|Landorus-Therian, M|90\/100\n|-ability|p1a: Landorus|Intimidate|boost\n|-unboost|p2a: Vulcan|atk|1\n|turn|17\n|\n|t:|1700111412\n|move|p1a: Landorus|Earthquake|p2a: Vulcan\n|-supereffective|p2a: Vulcan\n|-damage|p2a: Vulcan|0 fnt\n|faint|p2a: Vulcan\n|\n|upkeep\n|\n|t:|1700111415\n|switch|p2a: Sacrificial Lamb|Ting-Lu|99\/100\n|-ability|p2a: Sacrificial Lamb|Vessel of Ruin\n|turn|18\n|\n|t:|1700111417\n|switch|p1a: Corviknight|Corviknight, F|100\/100\n|-ability|p1a: Corviknight|Pressure\n|move|p2a: Sacrificial Lamb|Ruination|p1a: Corviknight|[miss]\n|-miss|p2a: Sacrificial Lamb|p1a: Corviknight\n|\n|-heal|p2a: Sacrificial Lamb|100\/100|[from] item: Leftovers\n|upkeep\n|turn|19\n|\n|t:|1700111422\n|move|p1a: Corviknight|Body Press|p2a: Sacrificial Lamb\n|-supereffective|p2a: Sacrificial Lamb\n|-damage|p2a: Sacrificial Lamb|69\/100\n|move|p2a: Sacrificial Lamb|Ruination|p1a: Corviknight\n|-damage|p1a: Corviknight|51\/100\n|\n|-heal|p2a: Sacrificial Lamb|76\/100|[from] item: Leftovers\n|upkeep\n|turn|20\n|\n|t:|1700111424\n|move|p1a: Corviknight|Roost|p1a: Corviknight\n|-heal|p1a: Corviknight|100\/100\n|-singleturn|p1a: Corviknight|move: Roost\n|move|p2a: Sacrificial Lamb|Ruination|p1a: Corviknight\n|-damage|p1a: Corviknight|51\/100\n|\n|-heal|p2a: Sacrificial Lamb|82\/100|[from] item: Leftovers\n|upkeep\n|turn|21\n|\n|t:|1700111428\n|switch|p2a: Brutus|Okidogi, M|100\/100\n|move|p1a: Corviknight|Iron Defense|p1a: Corviknight\n|-boost|p1a: Corviknight|def|2\n|\n|upkeep\n|turn|22\n|\n|t:|1700111430\n|move|p2a: Brutus|Bulk Up|p2a: Brutus\n|-boost|p2a: Brutus|atk|1\n|-boost|p2a: Brutus|def|1\n|move|p1a: Corviknight|Roost|p1a: Corviknight\n|-heal|p1a: Corviknight|100\/100\n|-singleturn|p1a: Corviknight|move: Roost\n|\n|upkeep\n|turn|23\n|\n|t:|1700111433\n|move|p2a: Brutus|Bulk Up|p2a: Brutus\n|-boost|p2a: Brutus|atk|1\n|-boost|p2a: Brutus|def|1\n|move|p1a: Corviknight|Iron Defense|p1a: Corviknight\n|-boost|p1a: Corviknight|def|2\n|\n|upkeep\n|turn|24\n|\n|t:|1700111434\n|move|p2a: Brutus|Bulk Up|p2a: Brutus\n|-boost|p2a: Brutus|atk|1\n|-boost|p2a: Brutus|def|1\n|move|p1a: Corviknight|Iron Defense|p1a: Corviknight\n|-boost|p1a: Corviknight|def|2\n|\n|upkeep\n|turn|25\n|\n|t:|1700111435\n|move|p2a: Brutus|Bulk Up|p2a: Brutus\n|-boost|p2a: Brutus|atk|1\n|-boost|p2a: Brutus|def|1\n|move|p1a: Corviknight|Body Press|p2a: Brutus\n|-resisted|p2a: Brutus\n|-damage|p2a: Brutus|85\/100\n|\n|-heal|p2a: Brutus|91\/100|[from] item: Leftovers\n|upkeep\n|turn|26\n|\n|t:|1700111437\n|move|p2a: Brutus|Bulk Up|p2a: Brutus\n|-boost|p2a: Brutus|atk|1\n|-boost|p2a: Brutus|def|1\n|move|p1a: Corviknight|Body Press|p2a: Brutus\n|-resisted|p2a: Brutus\n|-damage|p2a: Brutus|79\/100\n|\n|-heal|p2a: Brutus|85\/100|[from] item: Leftovers\n|upkeep\n|turn|27\n|\n|t:|1700111439\n|move|p2a: Brutus|Knock Off|p1a: Corviknight\n|-damage|p1a: Corviknight|82\/100\n|-damage|p2a: Brutus|69\/100|[from] item: Rocky Helmet|[of] p1a: Corviknight\n|-enditem|p1a: Corviknight|Rocky Helmet|[from] move: Knock Off|[of] p2a: Brutus\n|move|p1a: Corviknight|Body Press|p2a: Brutus\n|-resisted|p2a: Brutus\n|-damage|p2a: Brutus|57\/100\n|\n|-heal|p2a: Brutus|63\/100|[from] item: Leftovers\n|upkeep\n|turn|28\n|\n|t:|1700111442\n|move|p2a: Brutus|Drain Punch|p1a: Corviknight\n|-damage|p1a: Corviknight|62\/100\n|-heal|p2a: Brutus|73\/100|[from] drain|[of] p1a: Corviknight\n|move|p1a: Corviknight|Body Press|p2a: Brutus\n|-resisted|p2a: Brutus\n|-damage|p2a: Brutus|61\/100\n|\n|-heal|p2a: Brutus|67\/100|[from] item: Leftovers\n|upkeep\n|turn|29\n|\n|t:|1700111445\n|move|p2a: Brutus|Drain Punch|p1a: Corviknight\n|-damage|p1a: Corviknight|41\/100\n|-heal|p2a: Brutus|78\/100|[from] drain|[of] p1a: Corviknight\n|move|p1a: Corviknight|Roost|p1a: Corviknight\n|-heal|p1a: Corviknight|91\/100\n|-singleturn|p1a: Corviknight|move: Roost\n|\n|-heal|p2a: Brutus|84\/100|[from] item: Leftovers\n|upkeep\n|turn|30\n|\n|t:|1700111448\n|move|p2a: Brutus|Drain Punch|p1a: Corviknight\n|-damage|p1a: Corviknight|72\/100\n|-heal|p2a: Brutus|94\/100|[from] drain|[of] p1a: Corviknight\n|move|p1a: Corviknight|Body Press|p2a: Brutus\n|-resisted|p2a: Brutus\n|-damage|p2a: Brutus|82\/100\n|\n|-heal|p2a: Brutus|88\/100|[from] item: Leftovers\n|upkeep\n|turn|31\n|\n|t:|1700111451\n|move|p2a: Brutus|Bulk Up|p2a: Brutus\n|-boost|p2a: Brutus|atk|1\n|-boost|p2a: Brutus|def|1\n|move|p1a: Corviknight|Body Press|p2a: Brutus\n|-resisted|p2a: Brutus\n|-damage|p2a: Brutus|79\/100\n|\n|-heal|p2a: Brutus|85\/100|[from] item: Leftovers\n|upkeep\n|turn|32\n|\n|t:|1700111454\n|move|p2a: Brutus|Drain Punch|p1a: Corviknight\n|-damage|p1a: Corviknight|48\/100\n|-heal|p2a: Brutus|97\/100|[from] drain|[of] p1a: Corviknight\n|move|p1a: Corviknight|Body Press|p2a: Brutus\n|-resisted|p2a: Brutus\n|-crit|p2a: Brutus\n|-damage|p2a: Brutus|31\/100\n|\n|-heal|p2a: Brutus|37\/100|[from] item: Leftovers\n|upkeep\n|turn|33\n|\n|t:|1700111459\n|move|p2a: Brutus|Drain Punch|p1a: Corviknight\n|-damage|p1a: Corviknight|23\/100\n|-heal|p2a: Brutus|50\/100|[from] drain|[of] p1a: Corviknight\n|move|p1a: Corviknight|Roost|p1a: Corviknight\n|-heal|p1a: Corviknight|73\/100\n|-singleturn|p1a: Corviknight|move: Roost\n|\n|-heal|p2a: Brutus|57\/100|[from] item: Leftovers\n|upkeep\n|turn|34\n|\n|t:|1700111462\n|move|p2a: Brutus|Drain Punch|p1a: Corviknight\n|-damage|p1a: Corviknight|48\/100\n|-heal|p2a: Brutus|69\/100|[from] drain|[of] p1a: Corviknight\n|move|p1a: Corviknight|Roost|p1a: Corviknight\n|-heal|p1a: Corviknight|98\/100\n|-singleturn|p1a: Corviknight|move: Roost\n|\n|-heal|p2a: Brutus|75\/100|[from] item: Leftovers\n|upkeep\n|turn|35\n|\n|t:|1700111465\n|move|p2a: Brutus|Drain Punch|p1a: Corviknight\n|-crit|p1a: Corviknight\n|-damage|p1a: Corviknight|0 fnt\n|-heal|p2a: Brutus|100\/100|[from] drain|[of] p1a: Corviknight\n|faint|p1a: Corviknight\n|\n|upkeep\n|\n|t:|1700111468\n|switch|p1a: Landorus|Landorus-Therian, M|90\/100\n|-ability|p1a: Landorus|Intimidate|boost\n|-unboost|p2a: Brutus|atk|1\n|turn|36\n|\n|t:|1700111470\n|move|p1a: Landorus|Earthquake|p2a: Brutus\n|-supereffective|p2a: Brutus\n|-damage|p2a: Brutus|73\/100\n|move|p2a: Brutus|Poison Jab|p1a: Landorus\n|-resisted|p1a: Landorus\n|-damage|p1a: Landorus|6\/100\n|-status|p1a: Landorus|tox|[from] ability: Toxic Chain|[of] p2a: Brutus\n|\n|-heal|p2a: Brutus|79\/100|[from] item: Leftovers\n|-damage|p1a: Landorus|0 fnt|[from] psn\n|faint|p1a: Landorus\n|\n|win|The Angel Devil\n|upkeep\n|raw|HaibaraLove1010's rating: 1649 &rarr; <strong>1625<\/strong><br \/>(-24 for losing)\n|raw|The Angel Devil's rating: 1582 &rarr; <strong>1606<\/strong><br \/>(+24 for winning)\n|l|\u2606HaibaraLove1010\n","uploadtime":1700111479,"views":7,"p1id":"haibaralove1010","p2id":"theangeldevil","formatid":"gen9ou","rating":1606,"private":0,"password":""}