{"id":"gen9ou-1996315921","p1":"Heihachi Mishima","p2":"mint yerb","format":"[Gen 9] OU","log":"|j|\u2606Heihachi Mishima\n|j|\u2606mint yerb\n|t:|1700670433\n|gametype|singles\n|player|p1|Heihachi Mishima|bruno-gen1|1508\n|player|p2|mint yerb|flannery|1569\n|teamsize|p1|6\n|teamsize|p2|6\n|gen|9\n|tier|[Gen 9] OU\n|rated|\n|rule|Sleep Clause Mod: Limit one foe put to sleep\n|rule|Species Clause: Limit one of each Pok\u00e9mon\n|rule|OHKO Clause: OHKO moves are banned\n|rule|Evasion Items Clause: Evasion items are banned\n|rule|Evasion Moves Clause: Evasion moves are banned\n|rule|Endless Battle Clause: Forcing endless battles is banned\n|rule|HP Percentage Mod: HP is shown in percentages\n|clearpoke\n|poke|p1|Weavile, M|\n|poke|p1|Gholdengo|\n|poke|p1|Ogerpon-Wellspring, F|\n|poke|p1|Enamorus, F|\n|poke|p1|Slowking-Galar, F|\n|poke|p1|Great Tusk|\n|poke|p2|Wo-Chien|\n|poke|p2|Scream Tail|\n|poke|p2|Cinderace, F|\n|poke|p2|Glimmora, F|\n|poke|p2|Rotom-Wash|\n|poke|p2|Kingambit, M|\n|teampreview\n|inactive|Battle timer is ON: inactive players will automatically lose when time's up. (requested by Heihachi Mishima)\n|inactive|Heihachi Mishima has 120 seconds left.\n|\n|t:|1700670466\n|start\n|switch|p1a: Slowking|Slowking-Galar, F|100\/100\n|switch|p2a: Live Wo-Chien|Wo-Chien|100\/100\n|-ability|p2a: Live Wo-Chien|Tablets of Ruin\n|turn|1\n|\n|t:|1700670472\n|-terastallize|p2a: Live Wo-Chien|Poison\n|move|p2a: Live Wo-Chien|Knock Off|p1a: Slowking\n|-supereffective|p1a: Slowking\n|-damage|p1a: Slowking|38\/100\n|-enditem|p1a: Slowking|Heavy-Duty Boots|[from] move: Knock Off|[of] p2a: Live Wo-Chien\n|move|p1a: Slowking|Sludge Bomb|p2a: Live Wo-Chien\n|-resisted|p2a: Live Wo-Chien\n|-damage|p2a: Live Wo-Chien|89\/100\n|\n|-heal|p2a: Live Wo-Chien|95\/100|[from] item: Leftovers\n|upkeep\n|turn|2\n|\n|t:|1700670482\n|move|p2a: Live Wo-Chien|Giga Drain|p1a: Slowking\n|-resisted|p1a: Slowking\n|-damage|p1a: Slowking|30\/100\n|-heal|p2a: Live Wo-Chien|99\/100|[from] drain|[of] p1a: Slowking\n|move|p1a: Slowking|Future Sight|p2a: Live Wo-Chien\n|-start|p1a: Slowking|move: Future Sight\n|\n|-heal|p2a: Live Wo-Chien|100\/100|[from] item: Leftovers\n|upkeep\n|turn|3\n|\n|t:|1700670490\n|switch|p1a: Katara \ud83c\udf0a|Ogerpon-Wellspring, F|100\/100\n|move|p2a: Live Wo-Chien|Knock Off|p1a: Katara \ud83c\udf0a\n|-damage|p1a: Katara \ud83c\udf0a|75\/100\n|\n|upkeep\n|turn|4\n|\n|t:|1700670505\n|move|p1a: Katara \ud83c\udf0a|Ivy Cudgel|p2a: Live Wo-Chien|[anim] Ivy Cudgel Water\n|-damage|p2a: Live Wo-Chien|72\/100\n|move|p2a: Live Wo-Chien|Giga Drain|p1a: Katara \ud83c\udf0a\n|-damage|p1a: Katara \ud83c\udf0a|46\/100\n|-heal|p2a: Live Wo-Chien|84\/100|[from] drain|[of] p1a: Katara \ud83c\udf0a\n|\n|-end|p2a: Live Wo-Chien|move: Future Sight\n|-supereffective|p2a: Live Wo-Chien\n|-damage|p2a: Live Wo-Chien|15\/100\n|-heal|p2a: Live Wo-Chien|21\/100|[from] item: Leftovers\n|upkeep\n|turn|5\n|\n|t:|1700670510\n|switch|p2a: Kingambit|Kingambit, M|100\/100\n|move|p1a: Katara \ud83c\udf0a|Ivy Cudgel|p2a: Kingambit|[anim] Ivy Cudgel Water\n|-damage|p2a: Kingambit|54\/100\n|\n|upkeep\n|turn|6\n|\n|t:|1700670516\n|switch|p1a: Jack the Drought|Great Tusk|100\/100\n|move|p2a: Kingambit|Kowtow Cleave|p1a: Jack the Drought\n|-resisted|p1a: Jack the Drought\n|-damage|p1a: Jack the Drought|84\/100\n|\n|-heal|p1a: Jack the Drought|90\/100|[from] item: Leftovers\n|upkeep\n|turn|7\n|\n|t:|1700670521\n|-end|p2a: Kingambit|fallenundefined|[silent]\n|switch|p2a: Scream Tail|Scream Tail|100\/100\n|move|p1a: Jack the Drought|Stealth Rock|p2a: Scream Tail\n|-sidestart|p2: mint yerb|move: Stealth Rock\n|\n|-heal|p1a: Jack the Drought|96\/100|[from] item: Leftovers\n|upkeep\n|turn|8\n|\n|t:|1700670525\n|-end|p2a: Scream Tail|Protosynthesis|[silent]\n|switch|p2a: Cinderace|Cinderace, F|100\/100\n|-end|p1a: Jack the Drought|Protosynthesis|[silent]\n|switch|p1a: Slowking|Slowking-Galar, F|64\/100\n|\n|upkeep\n|turn|9\n|\n|t:|1700670533\n|switch|p1a: Jack the Drought|Great Tusk|96\/100\n|move|p2a: Cinderace|Court Change|p2a: Cinderace\n|-swapsideconditions\n|-activate|p2a: Cinderace|move: Court Change\n|\n|-heal|p1a: Jack the Drought|100\/100|[from] item: Leftovers\n|upkeep\n|turn|10\n|\n|t:|1700670535\n|move|p2a: Cinderace|Will-O-Wisp|p1a: Jack the Drought|[miss]\n|-miss|p2a: Cinderace|p1a: Jack the Drought\n|move|p1a: Jack the Drought|Rapid Spin|p2a: Cinderace\n|-damage|p2a: Cinderace|83\/100\n|-boost|p1a: Jack the Drought|spe|1\n|-sideend|p1: Heihachi Mishima|Stealth Rock|[from] move: Rapid Spin|[of] p1a: Jack the Drought\n|\n|upkeep\n|turn|11\n|\n|t:|1700670552\n|-end|p1a: Jack the Drought|Protosynthesis|[silent]\n|switch|p1a: Slowking|Slowking-Galar, F|97\/100\n|switch|p2a: Scream Tail|Scream Tail|100\/100\n|\n|upkeep\n|turn|12\n|\n|t:|1700670559\n|move|p2a: Scream Tail|Protect|p2a: Scream Tail\n|-singleturn|p2a: Scream Tail|Protect\n|move|p1a: Slowking|Future Sight|p2a: Scream Tail\n|-start|p1a: Slowking|move: Future Sight\n|\n|upkeep\n|turn|13\n|\n|t:|1700670561\n|move|p2a: Scream Tail|Encore|p1a: Slowking\n|-start|p1a: Slowking|Encore\n|move|p1a: Slowking|Future Sight||[still]\n|-fail|p1a: Slowking\n|\n|upkeep\n|turn|14\n|\n|t:|1700670567\n|switch|p1a: Katara \ud83c\udf0a|Ogerpon-Wellspring, F|46\/100\n|move|p2a: Scream Tail|Wish|p2a: Scream Tail\n|\n|-end|p2a: Scream Tail|move: Future Sight\n|-resisted|p2a: Scream Tail\n|-damage|p2a: Scream Tail|87\/100\n|-heal|p2a: Scream Tail|93\/100|[from] item: Leftovers\n|upkeep\n|turn|15\n|\n|t:|1700670575\n|move|p1a: Katara \ud83c\udf0a|Power Whip|p2a: Scream Tail\n|-damage|p2a: Scream Tail|33\/100\n|move|p2a: Scream Tail|Encore|p1a: Katara \ud83c\udf0a\n|-start|p1a: Katara \ud83c\udf0a|Encore\n|\n|-heal|p2a: Scream Tail|83\/100|[from] move: Wish|[wisher] Scream Tail\n|-heal|p2a: Scream Tail|89\/100|[from] item: Leftovers\n|upkeep\n|turn|16\n|\n|t:|1700670581\n|-end|p2a: Scream Tail|Protosynthesis|[silent]\n|switch|p2a: Live Wo-Chien|Wo-Chien, tera:Poison|21\/100\n|-ability|p2a: Live Wo-Chien|Tablets of Ruin\n|move|p1a: Katara \ud83c\udf0a|Power Whip|p2a: Live Wo-Chien\n|-resisted|p2a: Live Wo-Chien\n|-damage|p2a: Live Wo-Chien|4\/100\n|\n|-heal|p2a: Live Wo-Chien|10\/100|[from] item: Leftovers\n|upkeep\n|turn|17\n|\n|t:|1700670587\n|switch|p2a: Cinderace|Cinderace, F|83\/100\n|move|p1a: Katara \ud83c\udf0a|Power Whip|p2a: Cinderace\n|-resisted|p2a: Cinderace\n|-damage|p2a: Cinderace|39\/100\n|\n|upkeep\n|turn|18\n|\n|t:|1700670592\n|switch|p1a: Slowking|Slowking-Galar, F|100\/100\n|move|p2a: Cinderace|U-turn|p1a: Slowking\n|-damage|p1a: Slowking|81\/100\n|\n|t:|1700670595\n|switch|p2a: Glimmora|Glimmora, F|100\/100|[from] U-turn\n|\n|upkeep\n|turn|19\n|\n|t:|1700670597\n|move|p2a: Glimmora|Toxic|p1a: Slowking\n|-status|p1a: Slowking|tox\n|move|p1a: Slowking|Surf|p2a: Glimmora\n|-supereffective|p2a: Glimmora\n|-damage|p2a: Glimmora|44\/100\n|\n|-damage|p1a: Slowking|75\/100 tox|[from] psn\n|upkeep\n|turn|20\n|\n|t:|1700670604\n|switch|p2a: Scream Tail|Scream Tail|89\/100\n|move|p1a: Slowking|Future Sight|p2a: Scream Tail\n|-start|p1a: Slowking|move: Future Sight\n|\n|-heal|p2a: Scream Tail|96\/100|[from] item: Leftovers\n|-damage|p1a: Slowking|62\/100 tox|[from] psn\n|upkeep\n|turn|21\n|\n|t:|1700670610\n|switch|p1a: Katara \ud83c\udf0a|Ogerpon-Wellspring, F|46\/100\n|move|p2a: Scream Tail|Encore||[still]\n|-fail|p2a: Scream Tail\n|\n|-heal|p2a: Scream Tail|100\/100|[from] item: Leftovers\n|upkeep\n|turn|22\n|\n|t:|1700670613\n|move|p1a: Katara \ud83c\udf0a|Ivy Cudgel|p2a: Scream Tail|[anim] Ivy Cudgel Water\n|-damage|p2a: Scream Tail|53\/100\n|move|p2a: Scream Tail|Dazzling Gleam|p1a: Katara \ud83c\udf0a\n|-damage|p1a: Katara \ud83c\udf0a|24\/100\n|\n|-end|p2a: Scream Tail|move: Future Sight\n|-resisted|p2a: Scream Tail\n|-damage|p2a: Scream Tail|38\/100\n|-heal|p2a: Scream Tail|44\/100|[from] item: Leftovers\n|upkeep\n|turn|23\n|\n|t:|1700670616\n|move|p2a: Scream Tail|Protect|p2a: Scream Tail\n|-singleturn|p2a: Scream Tail|Protect\n|move|p1a: Katara \ud83c\udf0a|Ivy Cudgel|p2a: Scream Tail|[anim] Ivy Cudgel Water\n|-activate|p2a: Scream Tail|move: Protect\n|\n|-heal|p2a: Scream Tail|50\/100|[from] item: Leftovers\n|upkeep\n|turn|24\n|\n|t:|1700670619\n|move|p1a: Katara \ud83c\udf0a|Power Whip|p2a: Scream Tail\n|-damage|p2a: Scream Tail|0 fnt\n|faint|p2a: Scream Tail\n|-end|p2a: Scream Tail|Protosynthesis|[silent]\n|\n|upkeep\n|\n|t:|1700670622\n|switch|p2a: Glimmora|Glimmora, F|44\/100\n|turn|25\n|inactive|Heihachi Mishima has 120 seconds left.\n|inactive|Heihachi Mishima has 90 seconds left.\n|inactive|mint yerb has 120 seconds left.\n|\n|t:|1700670712\n|switch|p1a: Slowking|Slowking-Galar, F|96\/100 tox\n|move|p2a: Glimmora|Power Gem|p1a: Slowking\n|-damage|p1a: Slowking|73\/100 tox\n|\n|-damage|p1a: Slowking|67\/100 tox|[from] psn\n|upkeep\n|turn|26\n|\n|t:|1700670718\n|switch|p2a: Rotom|Rotom-Wash|100\/100\n|move|p1a: Slowking|Chilly Reception|p1a: Slowking\n|-weather|Snow\n|\n|t:|1700670721\n|switch|p1a: Katara \ud83c\udf0a|Ogerpon-Wellspring, F|24\/100|[from] Chilly Reception\n|\n|-weather|Snow|[upkeep]\n|upkeep\n|turn|27\n|\n|t:|1700670727\n|move|p1a: Katara \ud83c\udf0a|Power Whip|p2a: Rotom\n|-supereffective|p2a: Rotom\n|-damage|p2a: Rotom|0 fnt\n|faint|p2a: Rotom\n|\n|-weather|Snow|[upkeep]\n|upkeep\n|j| testingolem\n|l| testingolem\n|\n|t:|1700670731\n|switch|p2a: Cinderace|Cinderace, F|39\/100\n|turn|28\n|\n|t:|1700670734\n|switch|p1a: Slowking|Slowking-Galar, F|99\/100 tox\n|move|p2a: Cinderace|U-turn|p1a: Slowking\n|-damage|p1a: Slowking|80\/100 tox\n|\n|t:|1700670736\n|switch|p2a: Kingambit|Kingambit, M|54\/100|[from] U-turn\n|-activate|p2a: Kingambit|ability: Supreme Overlord\n|-start|p2a: Kingambit|fallen2|[silent]\n|\n|-weather|Snow|[upkeep]\n|-damage|p1a: Slowking|74\/100 tox|[from] psn\n|upkeep\n|turn|29\n|\n|t:|1700670741\n|-end|p2a: Kingambit|fallen2|[silent]\n|switch|p2a: Cinderace|Cinderace, F|39\/100\n|switch|p1a: Jack the Drought|Great Tusk|100\/100\n|\n|-weather|Snow|[upkeep]\n|upkeep\n|turn|30\n|\n|t:|1700670749\n|-end|p1a: Jack the Drought|Protosynthesis|[silent]\n|switch|p1a: Slowking|Slowking-Galar, F|100\/100 tox\n|move|p2a: Cinderace|Will-O-Wisp||[still]\n|-fail|p2a: Cinderace\n|\n|-weather|none\n|-damage|p1a: Slowking|94\/100 tox|[from] psn\n|upkeep\n|turn|31\n|\n|t:|1700670751\n|move|p2a: Cinderace|Pyro Ball|p1a: Slowking\n|-damage|p1a: Slowking|41\/100 tox\n|move|p1a: Slowking|Chilly Reception|p1a: Slowking\n|-weather|Snow\n|\n|t:|1700670757\n|switch|p1a: Slan \ud83d\udc8b|Enamorus, F|100\/100|[from] Chilly Reception\n|\n|-weather|Snow|[upkeep]\n|upkeep\n|turn|32\n|\n|t:|1700670759\n|move|p1a: Slan \ud83d\udc8b|Earth Power|p2a: Cinderace\n|-supereffective|p2a: Cinderace\n|-damage|p2a: Cinderace|0 fnt\n|faint|p2a: Cinderace\n|\n|-weather|Snow|[upkeep]\n|upkeep\n|\n|t:|1700670763\n|switch|p2a: Kingambit|Kingambit, M|54\/100\n|-activate|p2a: Kingambit|ability: Supreme Overlord\n|-start|p2a: Kingambit|fallen3|[silent]\n|turn|33\n|\n|t:|1700670770\n|move|p2a: Kingambit|Sucker Punch|p1a: Slan \ud83d\udc8b\n|-resisted|p1a: Slan \ud83d\udc8b\n|-damage|p1a: Slan \ud83d\udc8b|57\/100\n|move|p1a: Slan \ud83d\udc8b|Earth Power|p2a: Kingambit\n|-supereffective|p2a: Kingambit\n|-damage|p2a: Kingambit|0 fnt\n|faint|p2a: Kingambit\n|-end|p2a: Kingambit|fallen3|[silent]\n|\n|-weather|Snow|[upkeep]\n|upkeep\n|c|\u2606Heihachi Mishima|gg\n|-message|mint yerb forfeited.\n|\n|win|Heihachi Mishima\n|raw|Heihachi Mishima's rating: 1508 &rarr; <strong>1531<\/strong><br \/>(+23 for winning)\n|raw|mint yerb's rating: 1569 &rarr; <strong>1546<\/strong><br \/>(-23 for losing)\n|l|\u2606mint yerb\n","uploadtime":1700670779,"views":0,"p1id":"heihachimishima","p2id":"mintyerb","formatid":"gen9ou","rating":1531,"private":0,"password":""}