{"id":"gen9ou-1996795445","p1":"larakecheese","p2":"Patatolover69","format":"[Gen 9] OU","log":"|j|\u2606larakecheese\n|j|\u2606Patatolover69\n|t:|1700726600\n|gametype|singles\n|player|p1|larakecheese|ghetsis-gen5bw|\n|player|p2|Patatolover69|twins-gen4dp|\n|teamsize|p1|6\n|teamsize|p2|6\n|gen|9\n|tier|[Gen 9] OU\n|rule|Sleep Clause Mod: Limit one foe put to sleep\n|rule|Species Clause: Limit one of each Pok\u00e9mon\n|rule|OHKO Clause: OHKO moves are banned\n|rule|Evasion Items Clause: Evasion items are banned\n|rule|Evasion Moves Clause: Evasion moves are banned\n|rule|Endless Battle Clause: Forcing endless battles is banned\n|rule|HP Percentage Mod: HP is shown in percentages\n|clearpoke\n|poke|p1|Torterra, M|\n|poke|p1|Ribombee, F|\n|poke|p1|Gholdengo|\n|poke|p1|Iron Moth|\n|poke|p1|Great Tusk|\n|poke|p1|Walking Wake|\n|poke|p2|Hatterene, F|\n|poke|p2|Iron Treads|\n|poke|p2|Pelipper, F|\n|poke|p2|Glimmora, F|\n|poke|p2|Azumarill, F|\n|poke|p2|Garganacl, F|\n|teampreview\n|inactive|Battle timer is ON: inactive players will automatically lose when time's up. (requested by larakecheese)\n|\n|t:|1700726609\n|start\n|switch|p1a: FreeVolc|Iron Moth|100\/100\n|switch|p2a: Azumarill|Azumarill, F|100\/100\n|-enditem|p1a: FreeVolc|Booster Energy\n|-activate|p1a: FreeVolc|ability: Quark Drive|[fromitem]\n|-start|p1a: FreeVolc|quarkdrivespa\n|turn|1\n|\n|t:|1700726628\n|-terastallize|p2a: Azumarill|Water\n|move|p1a: FreeVolc|Sludge Wave|p2a: Azumarill\n|-damage|p2a: Azumarill|26\/100\n|-status|p2a: Azumarill|psn\n|move|p2a: Azumarill|Liquidation|p1a: FreeVolc\n|-supereffective|p1a: FreeVolc\n|-damage|p1a: FreeVolc|0 fnt\n|faint|p1a: FreeVolc\n|-end|p1a: FreeVolc|Quark Drive|[silent]\n|\n|-damage|p2a: Azumarill|14\/100 psn|[from] psn\n|upkeep\n|-enditem|p2a: Azumarill|Wiki Berry|[eat]\n|-heal|p2a: Azumarill|47\/100 psn|[from] item: Wiki Berry\n|-start|p2a: Azumarill|confusion\n|\n|t:|1700726652\n|switch|p1a: WhenSeptEnds|Walking Wake|100\/100\n|-enditem|p1a: WhenSeptEnds|Booster Energy\n|-activate|p1a: WhenSeptEnds|ability: Protosynthesis|[fromitem]\n|-start|p1a: WhenSeptEnds|protosynthesisspa\n|turn|2\n|\n|t:|1700726662\n|move|p1a: WhenSeptEnds|Dragon Pulse|p2a: Azumarill\n|-damage|p2a: Azumarill|0 fnt\n|faint|p2a: Azumarill\n|\n|upkeep\n|\n|t:|1700726668\n|switch|p2a: Hatterene|Hatterene, F|100\/100\n|turn|3\n|\n|t:|1700726674\n|move|p1a: WhenSeptEnds|Substitute|p1a: WhenSeptEnds\n|-start|p1a: WhenSeptEnds|Substitute\n|-damage|p1a: WhenSeptEnds|76\/100\n|move|p2a: Hatterene|Dazzling Gleam|p1a: WhenSeptEnds\n|-supereffective|p1a: WhenSeptEnds\n|-end|p1a: WhenSeptEnds|Substitute\n|\n|upkeep\n|turn|4\n|\n|t:|1700726694\n|move|p1a: WhenSeptEnds|Hydro Steam|p2a: Hatterene\n|-damage|p2a: Hatterene|37\/100\n|-enditem|p2a: Hatterene|Eject Button\n|inactive|Patatolover69 has 270 seconds left.\n|\n|t:|1700726725\n|switch|p2a: Iron Treads|Iron Treads|100\/100\n|\n|upkeep\n|turn|5\n|\n|t:|1700726728\n|move|p2a: Iron Treads|Rapid Spin|p1a: WhenSeptEnds\n|-damage|p1a: WhenSeptEnds|62\/100\n|-boost|p2a: Iron Treads|spe|1\n|move|p1a: WhenSeptEnds|Hydro Steam|p2a: Iron Treads\n|-supereffective|p2a: Iron Treads\n|-damage|p2a: Iron Treads|0 fnt\n|faint|p2a: Iron Treads\n|-end|p2a: Iron Treads|Quark Drive|[silent]\n|\n|upkeep\n|\n|t:|1700726732\n|switch|p2a: Hatterene|Hatterene, F|37\/100\n|turn|6\n|\n|t:|1700726734\n|move|p1a: WhenSeptEnds|Hydro Steam|p2a: Hatterene\n|-damage|p2a: Hatterene|0 fnt\n|faint|p2a: Hatterene\n|\n|upkeep\n|\n|t:|1700726737\n|switch|p2a: Pelipper|Pelipper, F|100\/100\n|-weather|RainDance|[from] ability: Drizzle|[of] p2a: Pelipper\n|turn|7\n|\n|t:|1700726741\n|move|p1a: WhenSeptEnds|Dragon Pulse|p2a: Pelipper\n|-damage|p2a: Pelipper|11\/100\n|move|p2a: Pelipper|U-turn|p1a: WhenSeptEnds\n|-damage|p1a: WhenSeptEnds|54\/100\n|\n|t:|1700726743\n|switch|p2a: Glimmora|Glimmora, F|100\/100|[from] U-turn\n|\n|-weather|RainDance|[upkeep]\n|upkeep\n|turn|8\n|\n|t:|1700726746\n|move|p2a: Glimmora|Spiky Shield|p2a: Glimmora\n|-singleturn|p2a: Glimmora|move: Protect\n|move|p1a: WhenSeptEnds|Hydro Steam|p2a: Glimmora\n|-activate|p2a: Glimmora|move: Protect\n|\n|-weather|RainDance|[upkeep]\n|upkeep\n|turn|9\n|\n|t:|1700726748\n|move|p1a: WhenSeptEnds|Hydro Steam|p2a: Glimmora\n|-supereffective|p2a: Glimmora\n|-enditem|p2a: Glimmora|Focus Sash\n|-damage|p2a: Glimmora|1\/100\n|move|p2a: Glimmora|Stealth Rock|p1a: WhenSeptEnds\n|-sidestart|p1: larakecheese|move: Stealth Rock\n|\n|-weather|RainDance|[upkeep]\n|upkeep\n|turn|10\n|\n|t:|1700726750\n|move|p1a: WhenSeptEnds|Hydro Steam|p2a: Glimmora\n|-supereffective|p2a: Glimmora\n|-damage|p2a: Glimmora|0 fnt\n|faint|p2a: Glimmora\n|\n|-weather|RainDance|[upkeep]\n|upkeep\n|\n|t:|1700726752\n|switch|p2a: Pelipper|Pelipper, F|11\/100\n|turn|11\n|\n|t:|1700726754\n|move|p1a: WhenSeptEnds|Dragon Pulse|p2a: Pelipper\n|-damage|p2a: Pelipper|0 fnt\n|faint|p2a: Pelipper\n|\n|-weather|RainDance|[upkeep]\n|upkeep\n|\n|t:|1700726756\n|switch|p2a: Garganacl|Garganacl, F|100\/100\n|turn|12\n|\n|t:|1700726758\n|move|p1a: WhenSeptEnds|Hydro Steam|p2a: Garganacl\n|-supereffective|p2a: Garganacl\n|-damage|p2a: Garganacl|0 fnt\n|faint|p2a: Garganacl\n|\n|win|larakecheese\n|l|\u2606Patatolover69\n","uploadtime":1700726765,"views":6,"p1id":"larakecheese","p2id":"patatolover69","formatid":"gen9ou","rating":0,"private":0,"password":""}