{"id":"gen9ou-1990093090","p1":"MayIHelpYouPls","p2":"Marco Damo","format":"[Gen 9] OU","log":"|j|\u2606MayIHelpYouPls\n|j|\u2606Marco Damo\n|t:|1699923774\n|gametype|singles\n|player|p1|MayIHelpYouPls|101|\n|player|p2|Marco Damo|170|\n|teamsize|p1|6\n|teamsize|p2|6\n|gen|9\n|tier|[Gen 9] OU\n|rule|Sleep Clause Mod: Limit one foe put to sleep\n|rule|Species Clause: Limit one of each Pok\u00e9mon\n|rule|OHKO Clause: OHKO moves are banned\n|rule|Evasion Items Clause: Evasion items are banned\n|rule|Evasion Moves Clause: Evasion moves are banned\n|rule|Endless Battle Clause: Forcing endless battles is banned\n|rule|HP Percentage Mod: HP is shown in percentages\n|clearpoke\n|poke|p1|Slowking, F|\n|poke|p1|Sneasler, F|\n|poke|p1|Fezandipiti, M|\n|poke|p1|Dondozo, F|\n|poke|p1|Gengar, F|\n|poke|p1|Azumarill, F|\n|poke|p2|Zapdos|\n|poke|p2|Dragapult, M|\n|poke|p2|Goodra-Hisui, F|\n|poke|p2|Dragonite, F|\n|poke|p2|Appletun, M|\n|poke|p2|Landorus-Therian, M|\n|teampreview\n|c|\u2606Marco Damo|boa sorte!\n|c|\u2606MayIHelpYouPls|Para voc\u00ea tamb\u00e9m!\n|inactive|Battle timer is ON: inactive players will automatically lose when time's up. (requested by Marco Damo)\n|inactiveoff|Battle timer is now OFF.\n|j| PerhapsXolas\n|c| PerhapsXolas|good luck trainers\n|l| PerhapsXolas\n|j| PerhapsXolas\n|inactive|Battle timer is ON: inactive players will automatically lose when time's up. (requested by MayIHelpYouPls)\n|\n|t:|1699923938\n|start\n|switch|p1a: SailorSlashy|Sneasler, F|100\/100\n|switch|p2a: Landorus|Landorus-Therian, M|100\/100\n|-ability|p2a: Landorus|Intimidate|boost\n|-unboost|p1a: SailorSlashy|atk|1\n|-item|p1a: SailorSlashy|Air Balloon\n|turn|1\n|inactive|MayIHelpYouPls has 270 seconds left.\n|\n|t:|1699923976\n|move|p1a: SailorSlashy|Fake Out|p2a: Landorus\n|-damage|p2a: Landorus|90\/100\n|cant|p2a: Landorus|flinch\n|\n|upkeep\n|turn|2\n|inactive|MayIHelpYouPls has 270 seconds left.\n|\n|t:|1699923986\n|move|p2a: Landorus|U-turn|p1a: SailorSlashy\n|-resisted|p1a: SailorSlashy\n|-damage|p1a: SailorSlashy|89\/100\n|-enditem|p1a: SailorSlashy|Air Balloon\n|\n|t:|1699923990\n|switch|p2a: Goodra|Goodra-Hisui, F|100\/100|[from] U-turn\n|move|p1a: SailorSlashy|Bulk Up|p1a: SailorSlashy\n|-boost|p1a: SailorSlashy|atk|1\n|-boost|p1a: SailorSlashy|def|1\n|\n|upkeep\n|turn|3\n|inactive|MayIHelpYouPls has 270 seconds left.\n|\n|t:|1699924027\n|switch|p2a: Landorus|Landorus-Therian, M|90\/100\n|-ability|p2a: Landorus|Intimidate|boost\n|-unboost|p1a: SailorSlashy|atk|1\n|move|p1a: SailorSlashy|Bulk Up|p1a: SailorSlashy\n|-boost|p1a: SailorSlashy|atk|1\n|-boost|p1a: SailorSlashy|def|1\n|\n|upkeep\n|turn|4\n|l| PerhapsXolas\n|j| PerhapsXolas\n|inactive|MayIHelpYouPls has 240 seconds left.\n|\n|t:|1699924066\n|move|p1a: SailorSlashy|Bulk Up|p1a: SailorSlashy\n|-boost|p1a: SailorSlashy|atk|1\n|-boost|p1a: SailorSlashy|def|1\n|move|p2a: Landorus|Psychic|p1a: SailorSlashy\n|-supereffective|p1a: SailorSlashy\n|-damage|p1a: SailorSlashy|0 fnt\n|faint|p1a: SailorSlashy\n|\n|upkeep\n|\n|t:|1699924085\n|switch|p1a: SailorTricky|Gengar, F|100\/100\n|turn|5\n|\n|t:|1699924094\n|switch|p2a: Goodra|Goodra-Hisui, F|100\/100\n|move|p1a: SailorTricky|Toxic Spikes|p2a: Goodra\n|-sidestart|p2: Marco Damo|move: Toxic Spikes\n|\n|upkeep\n|turn|6\n|\n|t:|1699924107\n|move|p1a: SailorTricky|Toxic Spikes|p2a: Goodra\n|-sidestart|p2: Marco Damo|move: Toxic Spikes\n|move|p2a: Goodra|Earthquake|p1a: SailorTricky\n|-supereffective|p1a: SailorTricky\n|-damage|p1a: SailorTricky|17\/100\n|-enditem|p1a: SailorTricky|Salac Berry|[eat]\n|-boost|p1a: SailorTricky|spe|1|[from] item: Salac Berry\n|\n|upkeep\n|turn|7\n|inactive|MayIHelpYouPls has 210 seconds left.\n|\n|t:|1699924146\n|move|p1a: SailorTricky|Shadow Ball|p2a: Goodra\n|-damage|p2a: Goodra|77\/100\n|move|p2a: Goodra|Earthquake|p1a: SailorTricky\n|-supereffective|p1a: SailorTricky\n|-damage|p1a: SailorTricky|0 fnt\n|-start|p2a: Goodra|Disable|Earthquake|[from] ability: Cursed Body|[of] p1a: SailorTricky\n|faint|p1a: SailorTricky\n|\n|upkeep\n|\n|t:|1699924159\n|switch|p1a: SailorPsychic|Slowking, F|100\/100\n|turn|8\n|\n|t:|1699924170\n|move|p2a: Goodra|Thunder|p1a: SailorPsychic|[miss]\n|-miss|p2a: Goodra|p1a: SailorPsychic\n|move|p1a: SailorPsychic|Reflect|p1a: SailorPsychic\n|-sidestart|p1: MayIHelpYouPls|Reflect\n|\n|upkeep\n|turn|9\n|\n|t:|1699924181\n|move|p2a: Goodra|Thunder|p1a: SailorPsychic|[miss]\n|-miss|p2a: Goodra|p1a: SailorPsychic\n|move|p1a: SailorPsychic|Light Screen|p1a: SailorPsychic\n|-sidestart|p1: MayIHelpYouPls|move: Light Screen\n|\n|upkeep\n|turn|10\n|\n|t:|1699924187\n|switch|p1a: SailorBluey|Azumarill, F|100\/100\n|move|p2a: Goodra|Thunder|p1a: SailorBluey|[miss]\n|-miss|p2a: Goodra|p1a: SailorBluey\n|\n|-end|p2a: Goodra|Disable\n|upkeep\n|turn|11\n|inactive|MayIHelpYouPls has 210 seconds left.\n|c|\u2606Marco Damo|dnv\n|c|\u2606Marco Damo|2 miss como pode\n|inactive|MayIHelpYouPls has 180 seconds left.\n|\n|t:|1699924223\n|move|p2a: Goodra|Thunder|p1a: SailorBluey\n|-supereffective|p1a: SailorBluey\n|-damage|p1a: SailorBluey|71\/100\n|move|p1a: SailorBluey|Belly Drum|p1a: SailorBluey\n|-damage|p1a: SailorBluey|21\/100\n|-setboost|p1a: SailorBluey|atk|6|[from] move: Belly Drum\n|-enditem|p1a: SailorBluey|Sitrus Berry|[eat]\n|-heal|p1a: SailorBluey|46\/100|[from] item: Sitrus Berry\n|\n|upkeep\n|turn|12\n|c|\u2606Marco Damo|eu n posso usar golpe com menos de 100% de accuracy\n|inactive|MayIHelpYouPls has 180 seconds left.\n|inactive|MayIHelpYouPls has 150 seconds left.\n|\n|t:|1699924279\n|move|p2a: Goodra|Thunder|p1a: SailorBluey\n|-supereffective|p1a: SailorBluey\n|-damage|p1a: SailorBluey|20\/100\n|move|p1a: SailorBluey|Ice Spinner|p2a: Goodra\n|-damage|p2a: Goodra|0 fnt\n|-ability|p2a: Goodra|Gooey\n|-unboost|p1a: SailorBluey|spe|1\n|faint|p2a: Goodra\n|\n|-sideend|p1: MayIHelpYouPls|Reflect\n|upkeep\n|\n|t:|1699924291\n|switch|p2a: Dragonite|Dragonite, F, shiny|100\/100\n|turn|13\n|\n|t:|1699924301\n|move|p1a: SailorBluey|Aqua Jet|p2a: Dragonite\n|-resisted|p2a: Dragonite\n|-damage|p2a: Dragonite|85\/100\n|move|p2a: Dragonite|Haze|p2a: Dragonite\n|-clearallboost\n|\n|-sideend|p1: MayIHelpYouPls|move: Light Screen\n|upkeep\n|turn|14\n|inactive|MayIHelpYouPls has 150 seconds left.\n|\n|t:|1699924340\n|switch|p1a: SailorFishy|Dondozo, F|100\/100\n|move|p2a: Dragonite|Extreme Speed|p1a: SailorFishy\n|-damage|p1a: SailorFishy|90\/100\n|\n|-heal|p1a: SailorFishy|96\/100|[from] item: Leftovers\n|upkeep\n|turn|15\n|inactive|MayIHelpYouPls has 120 seconds left.\n|inactive|MayIHelpYouPls has 90 seconds left.\n|\n|t:|1699924392\n|-terastallize|p1a: SailorFishy|Steel\n|move|p2a: Dragonite|Thunder Wave|p1a: SailorFishy\n|-status|p1a: SailorFishy|par\n|move|p1a: SailorFishy|Avalanche|p2a: Dragonite\n|-supereffective|p2a: Dragonite\n|-damage|p2a: Dragonite|46\/100\n|\n|-heal|p1a: SailorFishy|100\/100 par|[from] item: Leftovers\n|upkeep\n|turn|16\n|inactive|MayIHelpYouPls has 90 seconds left.\n|\n|t:|1699924401\n|move|p2a: Dragonite|Roost|p2a: Dragonite\n|-heal|p2a: Dragonite|96\/100\n|-singleturn|p2a: Dragonite|move: Roost\n|move|p1a: SailorFishy|Avalanche|p2a: Dragonite\n|-supereffective|p2a: Dragonite\n|-damage|p2a: Dragonite|74\/100\n|\n|upkeep\n|turn|17\n|inactive|MayIHelpYouPls has 90 seconds left.\n|\n|t:|1699924412\n|move|p2a: Dragonite|Roost|p2a: Dragonite\n|-heal|p2a: Dragonite|100\/100\n|-singleturn|p2a: Dragonite|move: Roost\n|move|p1a: SailorFishy|Avalanche|p2a: Dragonite\n|-supereffective|p2a: Dragonite\n|-crit|p2a: Dragonite\n|-damage|p2a: Dragonite|86\/100\n|\n|upkeep\n|turn|18\n|\n|t:|1699924420\n|move|p2a: Dragonite|Roost|p2a: Dragonite\n|-heal|p2a: Dragonite|100\/100\n|-singleturn|p2a: Dragonite|move: Roost\n|cant|p1a: SailorFishy|par\n|\n|upkeep\n|turn|19\n|\n|t:|1699924429\n|switch|p2a: Appletun|Appletun, M, shiny|100\/100\n|-status|p2a: Appletun|tox\n|cant|p1a: SailorFishy|par\n|\n|-damage|p2a: Appletun|94\/100 tox|[from] psn\n|upkeep\n|turn|20\n|\n|t:|1699924445\n|move|p2a: Appletun|Leech Seed|p1a: SailorFishy\n|-start|p1a: SailorFishy|move: Leech Seed\n|move|p1a: SailorFishy|Avalanche|p2a: Appletun\n|-supereffective|p2a: Appletun\n|-damage|p2a: Appletun|62\/100 tox\n|\n|-heal|p2a: Appletun|68\/100 tox|[from] item: Leftovers\n|-damage|p1a: SailorFishy|88\/100 par|[from] Leech Seed|[of] p2a: Appletun\n|-heal|p2a: Appletun|83\/100 tox|[silent]\n|-damage|p2a: Appletun|71\/100 tox|[from] psn\n|upkeep\n|turn|21\n|inactive|MayIHelpYouPls has 90 seconds left.\n|\n|t:|1699924472\n|move|p2a: Appletun|Apple Acid|p1a: SailorFishy\n|-resisted|p1a: SailorFishy\n|-damage|p1a: SailorFishy|74\/100 par\n|-unboost|p1a: SailorFishy|spd|1\n|move|p1a: SailorFishy|Sleep Talk||[still]\n|-fail|p1a: SailorFishy\n|\n|-heal|p2a: Appletun|77\/100 tox|[from] item: Leftovers\n|-heal|p1a: SailorFishy|80\/100 par|[from] item: Leftovers\n|-damage|p1a: SailorFishy|67\/100 par|[from] Leech Seed|[of] p2a: Appletun\n|-heal|p2a: Appletun|92\/100 tox|[silent]\n|-damage|p2a: Appletun|74\/100 tox|[from] psn\n|upkeep\n|turn|22\n|c|\u2606MayIHelpYouPls|AAAAAH MISS CLICK\n|\n|t:|1699924485\n|move|p2a: Appletun|Apple Acid|p1a: SailorFishy\n|-resisted|p1a: SailorFishy\n|-damage|p1a: SailorFishy|48\/100 par\n|-unboost|p1a: SailorFishy|spd|1\n|move|p1a: SailorFishy|Rest|p1a: SailorFishy\n|-status|p1a: SailorFishy|slp|[from] move: Rest\n|-heal|p1a: SailorFishy|100\/100 slp|[silent]\n|\n|-heal|p2a: Appletun|80\/100 tox|[from] item: Leftovers\n|-damage|p1a: SailorFishy|88\/100 slp|[from] Leech Seed|[of] p2a: Appletun\n|-heal|p2a: Appletun|95\/100 tox|[silent]\n|-damage|p2a: Appletun|70\/100 tox|[from] psn\n|upkeep\n|turn|23\n|\n|t:|1699924502\n|switch|p2a: Landorus|Landorus-Therian, M|90\/100\n|-ability|p2a: Landorus|Intimidate|boost\n|-unboost|p1a: SailorFishy|atk|1\n|cant|p1a: SailorFishy|slp\n|move|p1a: SailorFishy|Sleep Talk|p1a: SailorFishy\n|move|p1a: SailorFishy|Crunch|p2a: Landorus|[from]move: Sleep Talk\n|-damage|p2a: Landorus|74\/100\n|\n|-heal|p1a: SailorFishy|94\/100 slp|[from] item: Leftovers\n|-damage|p1a: SailorFishy|82\/100 slp|[from] Leech Seed|[of] p2a: Landorus\n|-heal|p2a: Landorus|93\/100|[silent]\n|upkeep\n|turn|24\n|\n|t:|1699924517\n|move|p2a: Landorus|Earthquake|p1a: SailorFishy\n|-supereffective|p1a: SailorFishy\n|-damage|p1a: SailorFishy|31\/100 slp\n|cant|p1a: SailorFishy|slp\n|move|p1a: SailorFishy|Sleep Talk|p1a: SailorFishy\n|move|p1a: SailorFishy|Rest||[from]move: Sleep Talk|[still]\n|-fail|p1a: SailorFishy\n|\n|-heal|p1a: SailorFishy|37\/100 slp|[from] item: Leftovers\n|-damage|p1a: SailorFishy|25\/100 slp|[from] Leech Seed|[of] p2a: Landorus\n|-heal|p2a: Landorus|100\/100|[silent]\n|upkeep\n|turn|25\n|\n|t:|1699924531\n|switch|p1a: SailorPsychic|Slowking, F|100\/100\n|move|p2a: Landorus|Earthquake|p1a: SailorPsychic\n|-damage|p1a: SailorPsychic|42\/100\n|\n|upkeep\n|turn|26\n|\n|t:|1699924546\n|move|p2a: Landorus|Earthquake|p1a: SailorPsychic\n|-damage|p1a: SailorPsychic|0 fnt\n|faint|p1a: SailorPsychic\n|\n|upkeep\n|\n|t:|1699924551\n|switch|p1a: SailorBirdie|Fezandipiti, M|100\/100\n|turn|27\n|\n|t:|1699924566\n|-terastallize|p2a: Landorus|Ground\n|move|p2a: Landorus|Earthquake|p1a: SailorBirdie\n|-supereffective|p1a: SailorBirdie\n|-damage|p1a: SailorBirdie|0 fnt\n|faint|p1a: SailorBirdie\n|\n|upkeep\n|\n|t:|1699924574\n|switch|p1a: SailorBluey|Azumarill, F|20\/100\n|turn|28\n|\n|t:|1699924579\n|move|p2a: Landorus|Earthquake|p1a: SailorBluey\n|-damage|p1a: SailorBluey|0 fnt\n|faint|p1a: SailorBluey\n|\n|upkeep\n|\n|t:|1699924583\n|switch|p1a: SailorFishy|Dondozo, F, tera:Steel|25\/100 slp\n|turn|29\n|\n|t:|1699924588\n|move|p2a: Landorus|Earthquake|p1a: SailorFishy\n|-supereffective|p1a: SailorFishy\n|-damage|p1a: SailorFishy|0 fnt\n|faint|p1a: SailorFishy\n|\n|win|Marco Damo\n|c|\u2606Marco Damo|GG!\n|c| PerhapsXolas|gg marco\n|c|\u2606MayIHelpYouPls|Good Game, Marco!\n|l|\u2606MayIHelpYouPls\n","uploadtime":1699924601,"views":33,"p1id":"mayihelpyoupls","p2id":"marcodamo","formatid":"gen9ou","rating":0,"private":0,"password":""}