{"id":"gen9ou-1999358786","p1":"Zelcra","p2":"Isuckatthisgames","format":"[Gen 9] OU","log":"|j|\u2606Zelcra\n|j|\u2606Isuckatthisgames\n|inactive|Battle timer is ON: inactive players will automatically lose when time's up.\n|t:|1701066312\n|gametype|singles\n|player|p1|Zelcra|piers|\n|player|p2|Isuckatthisgames|crasherwake|\n|teamsize|p1|6\n|teamsize|p2|6\n|gen|9\n|tier|[Gen 9] OU\n|rated|Tournament battle\n|rule|Sleep Clause Mod: Limit one foe put to sleep\n|rule|Species Clause: Limit one of each Pok\u00e9mon\n|rule|OHKO Clause: OHKO moves are banned\n|rule|Evasion Items Clause: Evasion items are banned\n|rule|Evasion Moves Clause: Evasion moves are banned\n|rule|Endless Battle Clause: Forcing endless battles is banned\n|rule|HP Percentage Mod: HP is shown in percentages\n|clearpoke\n|poke|p1|Alomomola, M|\n|poke|p1|Delibird, M|\n|poke|p1|Haxorus, M|\n|poke|p1|Oranguru, M|\n|poke|p1|Froslass, F|\n|poke|p1|Ting-Lu|\n|poke|p2|Alomomola, F|\n|poke|p2|Delibird, M|\n|poke|p2|Haxorus, M|\n|poke|p2|Oranguru, M|\n|poke|p2|Froslass, F|\n|poke|p2|Ting-Lu|\n|teampreview\n|j|*Lady Monita \u2746\n|inactive|Isuckatthisgames also wants the timer to be on.\n|inactive|Zelcra also wants the timer to be on.\n|c|\u2606Zelcra|gl hf\n|c|\u2606Isuckatthisgames|You too\n|\n|t:|1701066331\n|start\n|switch|p1a: Froslass|Froslass, F|100\/100\n|switch|p2a: Ting-Lu|Ting-Lu|100\/100\n|-ability|p2a: Ting-Lu|Vessel of Ruin\n|turn|1\n|\n|t:|1701066341\n|move|p1a: Froslass|Spikes|p2a: Ting-Lu\n|-sidestart|p2: Isuckatthisgames|Spikes\n|move|p2a: Ting-Lu|Stealth Rock|p1a: Froslass\n|-sidestart|p1: Zelcra|move: Stealth Rock\n|\n|upkeep\n|turn|2\n|\n|t:|1701066348\n|switch|p2a: Haxorus|Haxorus, M|100\/100\n|-damage|p2a: Haxorus|88\/100|[from] Spikes\n|-ability|p2a: Haxorus|Mold Breaker\n|move|p1a: Froslass|Will-O-Wisp|p2a: Haxorus\n|-status|p2a: Haxorus|brn\n|\n|-damage|p2a: Haxorus|82\/100 brn|[from] brn\n|upkeep\n|turn|3\n|j| Legobff\n|j| rangatang\n|c| Legobff|the burn oh haxrous, rip\n|\n|t:|1701066372\n|move|p1a: Froslass|Poltergeist|p2a: Haxorus\n|-activate|p2a: Haxorus|move: Poltergeist|Life Orb\n|-damage|p2a: Haxorus|31\/100 brn\n|move|p2a: Haxorus|Dragon Dance|p2a: Haxorus\n|-boost|p2a: Haxorus|atk|1\n|-boost|p2a: Haxorus|spe|1\n|\n|-damage|p2a: Haxorus|25\/100 brn|[from] brn\n|upkeep\n|turn|4\n|\n|t:|1701066378\n|move|p2a: Haxorus|Iron Head|p1a: Froslass\n|-supereffective|p1a: Froslass\n|-damage|p1a: Froslass|4\/100\n|-damage|p2a: Haxorus|15\/100 brn|[from] item: Life Orb\n|move|p1a: Froslass|Poltergeist|p2a: Haxorus\n|-activate|p2a: Haxorus|move: Poltergeist|Life Orb\n|-damage|p2a: Haxorus|0 fnt\n|faint|p2a: Haxorus\n|\n|upkeep\n|\n|t:|1701066394\n|switch|p2a: Ting-Lu|Ting-Lu|100\/100\n|-damage|p2a: Ting-Lu|88\/100|[from] Spikes\n|-ability|p2a: Ting-Lu|Vessel of Ruin\n|turn|5\n|\n|t:|1701066406\n|move|p1a: Froslass|Destiny Bond|p1a: Froslass\n|-singlemove|p1a: Froslass|Destiny Bond\n|move|p2a: Ting-Lu|Whirlwind|p1a: Froslass\n|drag|p1a: Oranguru|Oranguru, M|100\/100\n|-damage|p1a: Oranguru|88\/100|[from] Stealth Rock\n|\n|-heal|p2a: Ting-Lu|94\/100|[from] item: Leftovers\n|upkeep\n|turn|6\n|\n|t:|1701066419\n|switch|p1a: Alomomola|Alomomola, M|100\/100\n|move|p2a: Ting-Lu|Ruination|p1a: Alomomola\n|-damage|p1a: Alomomola|50\/100\n|\n|-heal|p2a: Ting-Lu|100\/100|[from] item: Leftovers\n|upkeep\n|turn|7\n|\n|t:|1701066436\n|move|p2a: Ting-Lu|Ruination|p1a: Alomomola\n|-damage|p1a: Alomomola|26\/100\n|move|p1a: Alomomola|Scald|p2a: Ting-Lu\n|-supereffective|p2a: Ting-Lu\n|-damage|p2a: Ting-Lu|85\/100\n|-status|p2a: Ting-Lu|brn\n|\n|-heal|p2a: Ting-Lu|92\/100 brn|[from] item: Leftovers\n|-damage|p2a: Ting-Lu|85\/100 brn|[from] brn\n|upkeep\n|turn|8\n|\n|t:|1701066449\n|move|p1a: Alomomola|Protect|p1a: Alomomola\n|-singleturn|p1a: Alomomola|Protect\n|move|p2a: Ting-Lu|Whirlwind|p1a: Alomomola\n|drag|p1a: Delibird|Delibird, M|100\/100\n|\n|-heal|p2a: Ting-Lu|92\/100 brn|[from] item: Leftovers\n|-damage|p2a: Ting-Lu|85\/100 brn|[from] brn\n|upkeep\n|turn|9\n|\n|t:|1701066454\n|move|p1a: Delibird|Fake Out|p2a: Ting-Lu\n|-damage|p2a: Ting-Lu|79\/100 brn\n|cant|p2a: Ting-Lu|flinch\n|\n|-heal|p2a: Ting-Lu|86\/100 brn|[from] item: Leftovers\n|-damage|p2a: Ting-Lu|79\/100 brn|[from] brn\n|upkeep\n|turn|10\n|\n|t:|1701066459\n|move|p1a: Delibird|Ice Spinner|p2a: Ting-Lu\n|-supereffective|p2a: Ting-Lu\n|-damage|p2a: Ting-Lu|49\/100 brn\n|move|p2a: Ting-Lu|Ruination|p1a: Delibird\n|-damage|p1a: Delibird|51\/100\n|\n|-heal|p2a: Ting-Lu|55\/100 brn|[from] item: Leftovers\n|-damage|p2a: Ting-Lu|49\/100 brn|[from] brn\n|upkeep\n|turn|11\n|c| Legobff|what is your burn luck now\n|c|\u2606Zelcra|compensating for the 15+ no-burn scalds\n|\n|t:|1701066479\n|move|p1a: Delibird|Ice Spinner|p2a: Ting-Lu\n|-supereffective|p2a: Ting-Lu\n|-damage|p2a: Ting-Lu|16\/100 brn\n|move|p2a: Ting-Lu|Ruination|p1a: Delibird\n|-damage|p1a: Delibird|26\/100\n|\n|-heal|p2a: Ting-Lu|22\/100 brn|[from] item: Leftovers\n|-damage|p2a: Ting-Lu|16\/100 brn|[from] brn\n|upkeep\n|turn|12\n|c|\u2606Zelcra|i better get two shinies in a row now\n|\n|t:|1701066489\n|move|p1a: Delibird|Rapid Spin|p2a: Ting-Lu\n|-damage|p2a: Ting-Lu|8\/100 brn\n|-boost|p1a: Delibird|spe|1\n|-sideend|p1: Zelcra|Stealth Rock|[from] move: Rapid Spin|[of] p1a: Delibird\n|move|p2a: Ting-Lu|Whirlwind|p1a: Delibird\n|drag|p1a: Haxorus|Haxorus, M|100\/100\n|-ability|p1a: Haxorus|Mold Breaker\n|\n|-heal|p2a: Ting-Lu|15\/100 brn|[from] item: Leftovers\n|-damage|p2a: Ting-Lu|8\/100 brn|[from] brn\n|upkeep\n|turn|13\n|\n|t:|1701066502\n|move|p1a: Haxorus|Iron Head|p2a: Ting-Lu\n|-damage|p2a: Ting-Lu|0 fnt\n|faint|p2a: Ting-Lu\n|\n|upkeep\n|\n|t:|1701066507\n|switch|p2a: Froslass|Froslass, F|100\/100\n|-damage|p2a: Froslass|88\/100|[from] Spikes\n|turn|14\n|\n|t:|1701066521\n|switch|p1a: Froslass|Froslass, F|4\/100\n|move|p2a: Froslass|Ice Beam|p1a: Froslass\n|-resisted|p1a: Froslass\n|-damage|p1a: Froslass|0 fnt\n|faint|p1a: Froslass\n|\n|upkeep\n|\n|t:|1701066527\n|switch|p1a: Ting-Lu|Ting-Lu|100\/100\n|-ability|p1a: Ting-Lu|Vessel of Ruin\n|turn|15\n|\n|t:|1701066535\n|switch|p2a: Alomomola|Alomomola, F|100\/100\n|-damage|p2a: Alomomola|88\/100|[from] Spikes\n|move|p1a: Ting-Lu|Throat Chop|p2a: Alomomola\n|-damage|p2a: Alomomola|68\/100\n|-start|p2a: Alomomola|Throat Chop|[silent]\n|\n|-heal|p2a: Alomomola|74\/100|[from] item: Leftovers\n|upkeep\n|turn|16\n|\n|t:|1701066545\n|switch|p1a: Alomomola|Alomomola, M|59\/100\n|move|p2a: Alomomola|Wish|p2a: Alomomola\n|\n|-heal|p2a: Alomomola|80\/100|[from] item: Leftovers\n|-end|p2a: Alomomola|Throat Chop|[silent]\n|upkeep\n|turn|17\n|\n|t:|1701066550\n|move|p2a: Alomomola|Scald|p1a: Alomomola\n|-resisted|p1a: Alomomola\n|-damage|p1a: Alomomola|50\/100\n|move|p1a: Alomomola|Flip Turn|p2a: Alomomola\n|-resisted|p2a: Alomomola\n|-damage|p2a: Alomomola|76\/100\n|\n|t:|1701066555\n|switch|p1a: Oranguru|Oranguru, M|88\/100|[from] Flip Turn\n|\n|-heal|p2a: Alomomola|100\/100|[from] move: Wish|[wisher] Alomomola\n|upkeep\n|turn|18\n|\n|t:|1701066559\n|move|p2a: Alomomola|Scald|p1a: Oranguru\n|-damage|p1a: Oranguru|77\/100\n|move|p1a: Oranguru|Thunderbolt|p2a: Alomomola\n|-supereffective|p2a: Alomomola\n|-damage|p2a: Alomomola|3\/100\n|-status|p2a: Alomomola|par\n|\n|-heal|p2a: Alomomola|9\/100 par|[from] item: Leftovers\n|upkeep\n|turn|19\n|c|\u2606Zelcra|this really is compensating for my scald odds last game huh\n|\n|t:|1701066573\n|move|p1a: Oranguru|Thunderbolt|p2a: Alomomola\n|-supereffective|p2a: Alomomola\n|-damage|p2a: Alomomola|0 fnt\n|faint|p2a: Alomomola\n|\n|upkeep\n|\n|t:|1701066574\n|switch|p2a: Oranguru|Oranguru, M|100\/100\n|-damage|p2a: Oranguru|88\/100|[from] Spikes\n|turn|20\n|\n|t:|1701066596\n|switch|p1a: Delibird|Delibird, M|26\/100\n|move|p2a: Oranguru|Reflect|p2a: Oranguru\n|-sidestart|p2: Isuckatthisgames|Reflect\n|\n|upkeep\n|turn|21\n|\n|t:|1701066602\n|move|p1a: Delibird|Ice Spinner|p2a: Oranguru\n|-damage|p2a: Oranguru|68\/100\n|move|p2a: Oranguru|Light Screen|p2a: Oranguru\n|-sidestart|p2: Isuckatthisgames|move: Light Screen\n|\n|upkeep\n|turn|22\n|\n|t:|1701066606\n|move|p1a: Delibird|Ice Spinner|p2a: Oranguru\n|-damage|p2a: Oranguru|47\/100\n|move|p2a: Oranguru|Knock Off|p1a: Delibird\n|-damage|p1a: Delibird|0 fnt\n|-enditem|p1a: Delibird|Heavy-Duty Boots|[from] move: Knock Off|[of] p2a: Oranguru\n|faint|p1a: Delibird\n|\n|upkeep\n|c|\u2606Zelcra|another phys guru!?!?\n|l| rangatang\n|c|\u2606Isuckatthisgames|Nope\n|\n|t:|1701066631\n|switch|p1a: Ting-Lu|Ting-Lu|100\/100\n|-ability|p1a: Ting-Lu|Vessel of Ruin\n|turn|23\n|\n|t:|1701066635\n|move|p2a: Oranguru|Taunt|p1a: Ting-Lu\n|-start|p1a: Ting-Lu|move: Taunt\n|move|p1a: Ting-Lu|Throat Chop|p2a: Oranguru\n|-supereffective|p2a: Oranguru\n|-damage|p2a: Oranguru|7\/100\n|-start|p2a: Oranguru|Throat Chop|[silent]\n|\n|upkeep\n|turn|24\n|\n|t:|1701066642\n|switch|p1a: Alomomola|Alomomola, M|84\/100\n|move|p2a: Oranguru|Knock Off|p1a: Alomomola\n|-damage|p1a: Alomomola|76\/100\n|-enditem|p1a: Alomomola|Heavy-Duty Boots|[from] move: Knock Off|[of] p2a: Oranguru\n|\n|-end|p2a: Oranguru|Throat Chop|[silent]\n|upkeep\n|turn|25\n|\n|t:|1701066647\n|move|p2a: Oranguru|Taunt|p1a: Alomomola\n|-start|p1a: Alomomola|move: Taunt\n|move|p1a: Alomomola|Scald|p2a: Oranguru\n|-damage|p2a: Oranguru|2\/100\n|-status|p2a: Oranguru|brn\n|\n|-damage|p2a: Oranguru|0 fnt|[from] brn\n|faint|p2a: Oranguru\n|upkeep\n|\n|t:|1701066654\n|switch|p2a: Delibird|Delibird, M, shiny|100\/100\n|turn|26\n|c| Legobff|the burnnn\n|\n|t:|1701066663\n|move|p2a: Delibird|Fake Out|p1a: Alomomola\n|-damage|p1a: Alomomola|68\/100\n|cant|p1a: Alomomola|flinch\n|\n|upkeep\n|turn|27\n|\n|t:|1701066672\n|move|p2a: Delibird|Acrobatics|p1a: Alomomola\n|-damage|p1a: Alomomola|44\/100\n|move|p1a: Alomomola|Flip Turn|p2a: Delibird\n|-damage|p2a: Delibird|76\/100\n|c|\u2606Zelcra|all of my scald luck piled from the  last game into this one\n|\n|t:|1701066681\n|switch|p1a: Oranguru|Oranguru, M|77\/100|[from] Flip Turn\n|\n|-sideend|p2: Isuckatthisgames|Reflect\n|upkeep\n|turn|28\n|\n|t:|1701066691\n|move|p2a: Delibird|Acrobatics|p1a: Oranguru\n|-damage|p1a: Oranguru|21\/100\n|move|p1a: Oranguru|Thunderbolt|p2a: Delibird\n|-supereffective|p2a: Delibird\n|-damage|p2a: Delibird|0 fnt\n|faint|p2a: Delibird\n|\n|-sideend|p2: Isuckatthisgames|move: Light Screen\n|upkeep\n|\n|t:|1701066694\n|switch|p2a: Froslass|Froslass, F|88\/100\n|-damage|p2a: Froslass|76\/100|[from] Spikes\n|turn|29\n|\n|t:|1701066702\n|move|p2a: Froslass|Shadow Ball|p1a: Oranguru\n|-immune|p1a: Oranguru\n|move|p1a: Oranguru|Thunderbolt|p2a: Froslass\n|-damage|p2a: Froslass|12\/100\n|-status|p2a: Froslass|par\n|\n|upkeep\n|turn|30\n|c| Legobff|should be gg\n|\n|t:|1701066705\n|move|p2a: Froslass|Shadow Ball|p1a: Oranguru\n|-immune|p1a: Oranguru\n|move|p1a: Oranguru|Thunderbolt|p2a: Froslass\n|-damage|p2a: Froslass|0 fnt\n|faint|p2a: Froslass\n|\n|win|Zelcra\n|n|\u2606Zelcra|zelcra\n|n|\u2606Isuckatthisgames|isuckatthisgames\n|n|*Lady Monita \u2746|ladymonita\n|n| Legobff|legobff\n","uploadtime":1701066706,"views":2,"p1id":"zelcra","p2id":"isuckatthisgames","formatid":"gen9ou","rating":0,"private":0,"password":""}