{"id":"gen9ou-1994682696","p1":"MegaPlast","p2":"7Kyumi","format":"[Gen 9] OU","log":"|j|\u2606MegaPlast\n|j|\u26067Kyumi\n|t:|1700480410\n|gametype|singles\n|player|p1|MegaPlast|palmer|1312\n|player|p2|7Kyumi|caitlin|1256\n|teamsize|p1|6\n|teamsize|p2|6\n|gen|9\n|tier|[Gen 9] OU\n|rated|\n|rule|Sleep Clause Mod: Limit one foe put to sleep\n|rule|Species Clause: Limit one of each Pok\u00e9mon\n|rule|OHKO Clause: OHKO moves are banned\n|rule|Evasion Items Clause: Evasion items are banned\n|rule|Evasion Moves Clause: Evasion moves are banned\n|rule|Endless Battle Clause: Forcing endless battles is banned\n|rule|HP Percentage Mod: HP is shown in percentages\n|clearpoke\n|poke|p1|Ursaluna, M|\n|poke|p1|Dragapult, F|\n|poke|p1|Ogerpon-Wellspring, F|\n|poke|p1|Zapdos|\n|poke|p1|Heatran, F|\n|poke|p1|Weezing-Galar, F|\n|poke|p2|Ogerpon-Wellspring, F|\n|poke|p2|Iron Moth|\n|poke|p2|Dragapult, M|\n|poke|p2|Kingambit, F|\n|poke|p2|Glimmora, F|\n|poke|p2|Weavile, M|\n|teampreview\n|inactive|Battle timer is ON: inactive players will automatically lose when time's up. (requested by MegaPlast)\n|\n|t:|1700480421\n|start\n|switch|p1a: Dragapult|Dragapult, F|100\/100\n|switch|p2a: PonPon|Ogerpon-Wellspring, F|100\/100\n|turn|1\n|\n|t:|1700480428\n|switch|p2a: WhiteBeard|Kingambit, F, shiny|100\/100\n|move|p1a: Dragapult|Reflect|p1a: Dragapult\n|-sidestart|p1: MegaPlast|Reflect\n|\n|upkeep\n|turn|2\n|\n|t:|1700480440\n|switch|p1a: Heatran|Heatran, F|100\/100\n|move|p2a: WhiteBeard|Kowtow Cleave|p1a: Heatran\n|-damage|p1a: Heatran|74\/100\n|-status|p2a: WhiteBeard|brn|[from] ability: Flame Body|[of] p1a: Heatran\n|\n|-heal|p1a: Heatran|81\/100|[from] item: Leftovers\n|-damage|p2a: WhiteBeard|94\/100 brn|[from] brn\n|upkeep\n|turn|3\n|\n|t:|1700480464\n|-end|p2a: WhiteBeard|fallenundefined|[silent]\n|switch|p2a: Giratinope|Dragapult, M|100\/100\n|move|p1a: Heatran|Stealth Rock|p2a: Giratinope\n|-sidestart|p2: 7Kyumi|move: Stealth Rock\n|\n|-heal|p1a: Heatran|87\/100|[from] item: Leftovers\n|upkeep\n|turn|4\n|\n|t:|1700480474\n|switch|p1a: Weezing|Weezing-Galar, F|100\/100\n|-ability|p1a: Weezing|Neutralizing Gas\n|move|p2a: Giratinope|Shadow Ball|p1a: Weezing\n|-damage|p1a: Weezing|21\/100\n|\n|-heal|p1a: Weezing|27\/100|[from] item: Leftovers\n|upkeep\n|turn|5\n|\n|t:|1700480482\n|-end|p1a: Weezing|ability: Neutralizing Gas\n|switch|p1a: Ursaluna|Ursaluna, M|100\/100\n|move|p2a: Giratinope|Shadow Ball|p1a: Ursaluna\n|-immune|p1a: Ursaluna\n|\n|-status|p1a: Ursaluna|brn|[from] item: Flame Orb\n|upkeep\n|turn|6\n|\n|t:|1700480506\n|switch|p2a: We're so back|Weavile, M|100\/100\n|-ability|p2a: We're so back|Pressure\n|move|p1a: Ursaluna|Facade|p2a: We're so back\n|-damage|p2a: We're so back|0 fnt\n|faint|p2a: We're so back\n|\n|-damage|p1a: Ursaluna|94\/100 brn|[from] brn\n|upkeep\n|inactive|7Kyumi has 120 seconds left.\n|\n|t:|1700480522\n|switch|p2a: Giratinope|Dragapult, M|100\/100\n|-damage|p2a: Giratinope|88\/100|[from] Stealth Rock\n|turn|7\n|\n|t:|1700480539\n|switch|p1a: Weezing|Weezing-Galar, F|27\/100\n|-ability|p1a: Weezing|Neutralizing Gas\n|move|p2a: Giratinope|U-turn|p1a: Weezing\n|-resisted|p1a: Weezing\n|-damage|p1a: Weezing|26\/100\n|\n|t:|1700480550\n|switch|p2a: Florachroma|Glimmora, F, shiny|100\/100|[from] U-turn\n|-damage|p2a: Florachroma|88\/100|[from] Stealth Rock\n|\n|-heal|p1a: Weezing|32\/100|[from] item: Leftovers\n|upkeep\n|turn|8\n|\n|t:|1700480558\n|move|p2a: Florachroma|Stealth Rock|p1a: Weezing\n|-sidestart|p1: MegaPlast|move: Stealth Rock\n|move|p1a: Weezing|Pain Split|p2a: Florachroma\n|-sethp|p2a: Florachroma|61\/100|[from] move: Pain Split|[silent]\n|-sethp|p1a: Weezing|56\/100|[from] move: Pain Split\n|\n|-heal|p1a: Weezing|62\/100|[from] item: Leftovers\n|-sideend|p1: MegaPlast|Reflect\n|upkeep\n|turn|9\n|\n|t:|1700480569\n|-terastallize|p1a: Weezing|Flying\n|move|p2a: Florachroma|Earth Power|p1a: Weezing\n|-immune|p1a: Weezing\n|move|p1a: Weezing|Defog|p2a: Florachroma\n|-unboost|p2a: Florachroma|evasion|1\n|-sideend|p2: 7Kyumi|Stealth Rock|[from] move: Defog|[of] p1a: Weezing\n|-sideend|p1: MegaPlast|Stealth Rock|[from] move: Defog|[of] p1a: Weezing\n|\n|-heal|p1a: Weezing|68\/100|[from] item: Leftovers\n|upkeep\n|turn|10\n|\n|t:|1700480587\n|-end|p1a: Weezing|ability: Neutralizing Gas\n|switch|p1a: Dragapult|Dragapult, F|100\/100\n|move|p2a: Florachroma|Mortal Spin|p1a: Dragapult\n|-resisted|p1a: Dragapult\n|-damage|p1a: Dragapult|97\/100\n|-status|p1a: Dragapult|psn\n|-start|p2a: Florachroma|Disable|Mortal Spin|[from] ability: Cursed Body|[of] p1a: Dragapult\n|\n|-damage|p1a: Dragapult|85\/100 psn|[from] psn\n|upkeep\n|turn|11\n|\n|t:|1700480597\n|switch|p2a: WhiteBeard|Kingambit, F, shiny|94\/100 brn\n|-activate|p2a: WhiteBeard|ability: Supreme Overlord\n|-start|p2a: WhiteBeard|fallen1|[silent]\n|move|p1a: Dragapult|Light Screen|p1a: Dragapult\n|-sidestart|p1: MegaPlast|move: Light Screen\n|\n|-damage|p1a: Dragapult|73\/100 psn|[from] psn\n|-damage|p2a: WhiteBeard|88\/100 brn|[from] brn\n|upkeep\n|turn|12\n|\n|t:|1700480614\n|move|p1a: Dragapult|Reflect|p1a: Dragapult\n|-sidestart|p1: MegaPlast|Reflect\n|move|p2a: WhiteBeard|Kowtow Cleave|p1a: Dragapult\n|-supereffective|p1a: Dragapult\n|-damage|p1a: Dragapult|37\/100 psn\n|\n|-damage|p1a: Dragapult|25\/100 psn|[from] psn\n|-damage|p2a: WhiteBeard|82\/100 brn|[from] brn\n|upkeep\n|turn|13\n|\n|t:|1700480622\n|move|p1a: Dragapult|U-turn|p2a: WhiteBeard\n|-damage|p2a: WhiteBeard|64\/100 brn\n|\n|t:|1700480625\n|switch|p1a: Ursaluna|Ursaluna, M|94\/100 brn|[from] U-turn\n|move|p2a: WhiteBeard|Kowtow Cleave|p1a: Ursaluna\n|-damage|p1a: Ursaluna|83\/100 brn\n|\n|-damage|p2a: WhiteBeard|58\/100 brn|[from] brn\n|-damage|p1a: Ursaluna|77\/100 brn|[from] brn\n|upkeep\n|turn|14\n|\n|t:|1700480638\n|move|p2a: WhiteBeard|Kowtow Cleave|p1a: Ursaluna\n|-damage|p1a: Ursaluna|64\/100 brn\n|move|p1a: Ursaluna|Earthquake|p2a: WhiteBeard\n|-supereffective|p2a: WhiteBeard\n|-damage|p2a: WhiteBeard|0 fnt\n|faint|p2a: WhiteBeard\n|-end|p2a: WhiteBeard|fallen1|[silent]\n|\n|-damage|p1a: Ursaluna|58\/100 brn|[from] brn\n|upkeep\n|\n|t:|1700480648\n|switch|p2a: Giratinope|Dragapult, M|88\/100\n|turn|15\n|\n|t:|1700480653\n|move|p2a: Giratinope|Draco Meteor|p1a: Ursaluna\n|-damage|p1a: Ursaluna|0 fnt\n|-unboost|p2a: Giratinope|spa|2\n|faint|p1a: Ursaluna\n|\n|upkeep\n|\n|t:|1700480664\n|switch|p1a: Zapdos|Zapdos|100\/100\n|turn|16\n|\n|t:|1700480669\n|switch|p2a: Florachroma|Glimmora, F, shiny|61\/100\n|move|p1a: Zapdos|Thunder Wave|p2a: Florachroma\n|-status|p2a: Florachroma|par\n|\n|upkeep\n|turn|17\n|\n|t:|1700480675\n|move|p1a: Zapdos|Volt Switch|p2a: Florachroma\n|-damage|p2a: Florachroma|19\/100 par\n|\n|t:|1700480680\n|switch|p1a: Ogerpon|Ogerpon-Wellspring, F|100\/100|[from] Volt Switch\n|move|p2a: Florachroma|Mortal Spin|p1a: Ogerpon\n|-supereffective|p1a: Ogerpon\n|-damage|p1a: Ogerpon|92\/100\n|-status|p1a: Ogerpon|psn\n|\n|-damage|p1a: Ogerpon|80\/100 psn|[from] psn\n|upkeep\n|turn|18\n|\n|t:|1700480689\n|move|p1a: Ogerpon|Horn Leech|p2a: Florachroma\n|-damage|p2a: Florachroma|0 fnt\n|-heal|p1a: Ogerpon|90\/100 psn|[from] drain|[of] p2a: Florachroma\n|-activate|p2a: Florachroma|ability: Toxic Debris\n|-sidestart|p1: MegaPlast|move: Toxic Spikes\n|faint|p2a: Florachroma\n|\n|-damage|p1a: Ogerpon|77\/100 psn|[from] psn\n|-sideend|p1: MegaPlast|move: Light Screen\n|upkeep\n|\n|t:|1700480701\n|switch|p2a: Giratinope|Dragapult, M|88\/100\n|turn|19\n|\n|t:|1700480704\n|switch|p1a: Weezing|Weezing-Galar, F, tera:Flying|68\/100\n|-ability|p1a: Weezing|Neutralizing Gas\n|move|p2a: Giratinope|U-turn|p1a: Weezing\n|-resisted|p1a: Weezing\n|-damage|p1a: Weezing|66\/100\n|\n|t:|1700480711\n|switch|p2a: PonPon|Ogerpon-Wellspring, F|100\/100|[from] U-turn\n|\n|-heal|p1a: Weezing|72\/100|[from] item: Leftovers\n|-sideend|p1: MegaPlast|Reflect\n|upkeep\n|turn|20\n|\n|t:|1700480719\n|move|p2a: PonPon|Ivy Cudgel|p1a: Weezing|[anim] Ivy Cudgel Water\n|-damage|p1a: Weezing|36\/100\n|move|p1a: Weezing|Will-O-Wisp|p2a: PonPon\n|-status|p2a: PonPon|brn\n|\n|-heal|p1a: Weezing|42\/100|[from] item: Leftovers\n|-damage|p2a: PonPon|95\/100 brn|[from] brn\n|upkeep\n|turn|21\n|\n|t:|1700480729\n|move|p2a: PonPon|Encore|p1a: Weezing\n|-start|p1a: Weezing|Encore\n|move|p1a: Weezing|Will-O-Wisp|p2a: PonPon\n|-fail|p2a: PonPon|brn\n|\n|-heal|p1a: Weezing|48\/100|[from] item: Leftovers\n|-damage|p2a: PonPon|89\/100 brn|[from] brn\n|upkeep\n|turn|22\n|\n|t:|1700480736\n|-end|p1a: Weezing|ability: Neutralizing Gas\n|switch|p1a: Dragapult|Dragapult, F|25\/100 psn\n|move|p2a: PonPon|U-turn|p1a: Dragapult\n|-resisted|p1a: Dragapult\n|-crit|p1a: Dragapult\n|-damage|p1a: Dragapult|13\/100 psn\n|\n|t:|1700480743\n|switch|p2a: Terminabug|Iron Moth|100\/100|[from] U-turn\n|-enditem|p2a: Terminabug|Booster Energy\n|-activate|p2a: Terminabug|ability: Quark Drive|[fromitem]\n|-start|p2a: Terminabug|quarkdrivespe\n|\n|-damage|p1a: Dragapult|1\/100 psn|[from] psn\n|upkeep\n|turn|23\n|\n|t:|1700480752\n|-terastallize|p2a: Terminabug|Fairy\n|move|p2a: Terminabug|Substitute|p2a: Terminabug\n|-start|p2a: Terminabug|Substitute\n|-damage|p2a: Terminabug|76\/100\n|move|p1a: Dragapult|Curse|p2a: Terminabug\n|-start|p2a: Terminabug|Curse|[of] p1a: Dragapult\n|-damage|p1a: Dragapult|0 fnt\n|faint|p1a: Dragapult\n|\n|-damage|p2a: Terminabug|51\/100|[from] Curse\n|upkeep\n|\n|t:|1700480764\n|switch|p1a: Heatran|Heatran, F|87\/100\n|turn|24\n|\n|t:|1700480772\n|-end|p2a: Terminabug|Quark Drive|[silent]\n|switch|p2a: PonPon|Ogerpon-Wellspring, F|89\/100 brn\n|move|p1a: Heatran|Stealth Rock|p2a: PonPon\n|-sidestart|p2: 7Kyumi|move: Stealth Rock\n|\n|-heal|p1a: Heatran|93\/100|[from] item: Leftovers\n|-damage|p2a: PonPon|83\/100 brn|[from] brn\n|upkeep\n|turn|25\n|\n|t:|1700480779\n|move|p2a: PonPon|Ivy Cudgel|p1a: Heatran|[anim] Ivy Cudgel Water\n|-supereffective|p1a: Heatran\n|-damage|p1a: Heatran|42\/100\n|move|p1a: Heatran|Lava Plume|p2a: PonPon\n|-damage|p2a: PonPon|42\/100 brn\n|\n|-heal|p1a: Heatran|49\/100|[from] item: Leftovers\n|-damage|p2a: PonPon|36\/100 brn|[from] brn\n|upkeep\n|turn|26\n|\n|t:|1700480788\n|switch|p1a: Ogerpon|Ogerpon-Wellspring, F|77\/100 psn\n|move|p2a: PonPon|U-turn|p1a: Ogerpon\n|-supereffective|p1a: Ogerpon\n|-damage|p1a: Ogerpon|44\/100 psn\n|\n|t:|1700480793\n|switch|p2a: Giratinope|Dragapult, M|88\/100|[from] U-turn\n|-damage|p2a: Giratinope|76\/100|[from] Stealth Rock\n|\n|-damage|p1a: Ogerpon|31\/100 psn|[from] psn\n|upkeep\n|turn|27\n|\n|t:|1700480800\n|switch|p1a: Weezing|Weezing-Galar, F, tera:Flying|48\/100\n|-ability|p1a: Weezing|Neutralizing Gas\n|move|p2a: Giratinope|Draco Meteor|p1a: Weezing\n|-damage|p1a: Weezing|0 fnt\n|-unboost|p2a: Giratinope|spa|2\n|faint|p1a: Weezing\n|-end|p1a: Weezing|ability: Neutralizing Gas\n|\n|upkeep\n|\n|t:|1700480807\n|switch|p1a: Zapdos|Zapdos|100\/100\n|turn|28\n|\n|t:|1700480813\n|switch|p2a: Terminabug|Iron Moth, tera:Fairy|51\/100\n|-damage|p2a: Terminabug|38\/100|[from] Stealth Rock\n|move|p1a: Zapdos|Hurricane|p2a: Terminabug\n|-damage|p2a: Terminabug|0 fnt\n|faint|p2a: Terminabug\n|-end|p2a: Terminabug|Quark Drive|[silent]\n|\n|upkeep\n|\n|t:|1700480820\n|switch|p2a: PonPon|Ogerpon-Wellspring, F|36\/100 brn\n|-damage|p2a: PonPon|24\/100 brn|[from] Stealth Rock\n|turn|29\n|\n|t:|1700480831\n|switch|p1a: Ogerpon|Ogerpon-Wellspring, F|31\/100 psn\n|move|p2a: PonPon|Ivy Cudgel|p1a: Ogerpon|[anim] Ivy Cudgel Water\n|-heal|p1a: Ogerpon|56\/100 psn|[from] ability: Water Absorb|[of] p2a: PonPon\n|\n|-damage|p1a: Ogerpon|44\/100 psn|[from] psn\n|-damage|p2a: PonPon|18\/100 brn|[from] brn\n|upkeep\n|turn|30\n|\n|t:|1700480841\n|move|p2a: PonPon|U-turn|p1a: Ogerpon\n|-supereffective|p1a: Ogerpon\n|-damage|p1a: Ogerpon|9\/100 psn\n|\n|t:|1700480844\n|switch|p2a: Giratinope|Dragapult, M|76\/100|[from] U-turn\n|-damage|p2a: Giratinope|64\/100|[from] Stealth Rock\n|move|p1a: Ogerpon|Horn Leech|p2a: Giratinope\n|-resisted|p2a: Giratinope\n|-damage|p2a: Giratinope|31\/100\n|-heal|p1a: Ogerpon|26\/100 psn|[from] drain|[of] p2a: Giratinope\n|\n|-damage|p1a: Ogerpon|14\/100 psn|[from] psn\n|upkeep\n|turn|31\n|\n|t:|1700480853\n|move|p2a: Giratinope|Shadow Ball|p1a: Ogerpon\n|-damage|p1a: Ogerpon|0 fnt\n|faint|p1a: Ogerpon\n|\n|upkeep\n|\n|t:|1700480859\n|switch|p1a: Zapdos|Zapdos|100\/100\n|turn|32\n|\n|t:|1700480861\n|move|p2a: Giratinope|Shadow Ball|p1a: Zapdos\n|-damage|p1a: Zapdos|47\/100\n|move|p1a: Zapdos|Volt Switch|p2a: Giratinope\n|-resisted|p2a: Giratinope\n|-damage|p2a: Giratinope|10\/100\n|\n|t:|1700480867\n|switch|p1a: Heatran|Heatran, F|49\/100|[from] Volt Switch\n|\n|-heal|p1a: Heatran|55\/100|[from] item: Leftovers\n|upkeep\n|turn|33\n|\n|t:|1700480876\n|move|p2a: Giratinope|Shadow Ball|p1a: Heatran\n|-crit|p1a: Heatran\n|-damage|p1a: Heatran|0 fnt\n|faint|p1a: Heatran\n|\n|upkeep\n|\n|t:|1700480880\n|switch|p1a: Zapdos|Zapdos|47\/100\n|turn|34\n|\n|t:|1700480882\n|move|p2a: Giratinope|Shadow Ball|p1a: Zapdos\n|-damage|p1a: Zapdos|0 fnt\n|faint|p1a: Zapdos\n|\n|win|7Kyumi\n|raw|MegaPlast's rating: 1312 &rarr; <strong>1289<\/strong><br \/>(-23 for losing)\n|raw|7Kyumi's rating: 1256 &rarr; <strong>1285<\/strong><br \/>(+29 for winning)\n|l|\u2606MegaPlast\n","uploadtime":1700480896,"views":6,"p1id":"megaplast","p2id":"7kyumi","formatid":"gen9ou","rating":1285,"private":0,"password":""}