{"id":"gen9ou-1992953800","p1":"Joturd","p2":"TheZalmancer","format":"[Gen 9] OU","log":"|j|\u2606Joturd\n|j|\u2606TheZalmancer\n|t:|1700249890\n|gametype|singles\n|player|p1|Joturd|1|1044\n|player|p2|TheZalmancer|skyla|1146\n|teamsize|p1|6\n|teamsize|p2|6\n|gen|9\n|tier|[Gen 9] OU\n|rated|\n|rule|Sleep Clause Mod: Limit one foe put to sleep\n|rule|Species Clause: Limit one of each Pok\u00e9mon\n|rule|OHKO Clause: OHKO moves are banned\n|rule|Evasion Items Clause: Evasion items are banned\n|rule|Evasion Moves Clause: Evasion moves are banned\n|rule|Endless Battle Clause: Forcing endless battles is banned\n|rule|HP Percentage Mod: HP is shown in percentages\n|clearpoke\n|poke|p1|Greninja-*, M|\n|poke|p1|Pikachu-Kalos, M|\n|poke|p1|Talonflame, F|\n|poke|p1|Hawlucha, M|\n|poke|p1|Noivern, F|\n|poke|p1|Goodra, F|\n|poke|p2|Poliwrath, M|\n|poke|p2|Pelipper, M|\n|poke|p2|Overqwil, F|\n|poke|p2|Rillaboom, M|\n|poke|p2|Iron Treads|\n|poke|p2|Zapdos|\n|teampreview\n|\n|t:|1700249902\n|start\n|switch|p1a: Talonflame|Talonflame, F|100\/100\n|switch|p2a: Iron Treads|Iron Treads|100\/100\n|turn|1\n|\n|t:|1700249910\n|-end|p2a: Iron Treads|Quark Drive|[silent]\n|switch|p2a: Pelipper|Pelipper, M|100\/100\n|-weather|RainDance|[from] ability: Drizzle|[of] p2a: Pelipper\n|move|p1a: Talonflame|Brave Bird|p2a: Pelipper\n|-damage|p2a: Pelipper|65\/100\n|-damage|p1a: Talonflame|88\/100|[from] Recoil\n|\n|-weather|RainDance|[upkeep]\n|-heal|p1a: Talonflame|94\/100|[from] item: Leftovers\n|upkeep\n|turn|2\n|\n|t:|1700249940\n|switch|p1a: Pikachu|Pikachu-Kalos, M|100\/100\n|move|p2a: Pelipper|U-turn|p1a: Pikachu\n|-damage|p1a: Pikachu|73\/100\n|\n|t:|1700249970\n|switch|p2a: Overqwil|Overqwil, F|100\/100|[from] U-turn\n|\n|-weather|RainDance|[upkeep]\n|upkeep\n|turn|3\n|\n|t:|1700249976\n|move|p2a: Overqwil|Swords Dance|p2a: Overqwil\n|-boost|p2a: Overqwil|atk|2\n|move|p1a: Pikachu|Thunderbolt|p2a: Overqwil\n|-damage|p2a: Overqwil|40\/100\n|\n|-weather|RainDance|[upkeep]\n|upkeep\n|turn|4\n|\n|t:|1700249984\n|move|p1a: Pikachu|Quick Attack|p2a: Overqwil\n|-damage|p2a: Overqwil|27\/100\n|move|p2a: Overqwil|Liquidation|p1a: Pikachu\n|-damage|p1a: Pikachu|0 fnt\n|-status|p2a: Overqwil|par|[from] ability: Static|[of] p1a: Pikachu\n|faint|p1a: Pikachu\n|-damage|p2a: Overqwil|17\/100 par|[from] item: Life Orb\n|\n|-weather|RainDance|[upkeep]\n|upkeep\n|\n|t:|1700249992\n|switch|p1a: Greninja|Greninja, M|100\/100\n|turn|5\n|\n|t:|1700249998\n|move|p1a: Greninja|Water Shuriken|p2a: Overqwil\n|-damage|p2a: Overqwil|2\/100 par\n|-damage|p2a: Overqwil|0 fnt\n|faint|p2a: Overqwil\n|-ability|p1a: Greninja|Battle Bond|boost\n|-boost|p1a: Greninja|atk|1\n|-boost|p1a: Greninja|spa|1\n|-boost|p1a: Greninja|spe|1\n|-activate|p1a: Greninja|ability: Battle Bond\n|-hitcount|p2: Overqwil|2\n|\n|-weather|RainDance|[upkeep]\n|upkeep\n|\n|t:|1700250010\n|switch|p2a: Rillaboom|Rillaboom, M|100\/100\n|-fieldstart|move: Grassy Terrain|[from] ability: Grassy Surge|[of] p2a: Rillaboom\n|turn|6\n|\n|t:|1700250016\n|move|p2a: Rillaboom|Grassy Glide|p1a: Greninja\n|-supereffective|p1a: Greninja\n|-damage|p1a: Greninja|0 fnt\n|faint|p1a: Greninja\n|\n|-weather|RainDance|[upkeep]\n|upkeep\n|\n|t:|1700250035\n|switch|p1a: Talonflame|Talonflame, F|94\/100\n|turn|7\n|\n|t:|1700250038\n|switch|p2a: Iron Treads|Iron Treads|100\/100\n|move|p1a: Talonflame|Brave Bird|p2a: Iron Treads\n|-resisted|p2a: Iron Treads\n|-damage|p2a: Iron Treads|84\/100\n|-damage|p1a: Talonflame|89\/100|[from] Recoil\n|\n|-weather|RainDance|[upkeep]\n|-heal|p1a: Talonflame|95\/100|[from] item: Leftovers\n|-heal|p2a: Iron Treads|90\/100|[from] Grassy Terrain\n|upkeep\n|turn|8\n|\n|t:|1700250051\n|move|p1a: Talonflame|Overheat|p2a: Iron Treads\n|-supereffective|p2a: Iron Treads\n|-damage|p2a: Iron Treads|55\/100\n|-unboost|p1a: Talonflame|spa|2\n|move|p2a: Iron Treads|Knock Off|p1a: Talonflame\n|-damage|p1a: Talonflame|57\/100\n|-enditem|p1a: Talonflame|Leftovers|[from] move: Knock Off|[of] p2a: Iron Treads\n|\n|-weather|none\n|-heal|p2a: Iron Treads|61\/100|[from] Grassy Terrain\n|upkeep\n|turn|9\n|\n|t:|1700250062\n|-end|p2a: Iron Treads|Quark Drive|[silent]\n|switch|p2a: Pelipper|Pelipper, M|65\/100\n|-weather|RainDance|[from] ability: Drizzle|[of] p2a: Pelipper\n|move|p1a: Talonflame|Overheat|p2a: Pelipper\n|-resisted|p2a: Pelipper\n|-damage|p2a: Pelipper|60\/100\n|-unboost|p1a: Talonflame|spa|2\n|\n|-weather|RainDance|[upkeep]\n|upkeep\n|turn|10\n|\n|t:|1700250071\n|move|p1a: Talonflame|Brave Bird|p2a: Pelipper\n|-damage|p2a: Pelipper|27\/100\n|-damage|p1a: Talonflame|45\/100|[from] Recoil\n|move|p2a: Pelipper|U-turn|p1a: Talonflame\n|-resisted|p1a: Talonflame\n|-damage|p1a: Talonflame|42\/100\n|\n|t:|1700250077\n|switch|p2a: Poliwrath|Poliwrath, M|100\/100|[from] U-turn\n|\n|-weather|RainDance|[upkeep]\n|-fieldend|move: Grassy Terrain\n|upkeep\n|turn|11\n|\n|t:|1700250092\n|-terastallize|p2a: Poliwrath|Poison\n|move|p2a: Poliwrath|Belly Drum|p2a: Poliwrath\n|-damage|p2a: Poliwrath|50\/100\n|-setboost|p2a: Poliwrath|atk|6|[from] move: Belly Drum\n|-enditem|p2a: Poliwrath|Sitrus Berry|[eat]\n|-heal|p2a: Poliwrath|75\/100|[from] item: Sitrus Berry\n|move|p1a: Talonflame|Tailwind|p1a: Talonflame\n|-sidestart|p1: Joturd|move: Tailwind\n|\n|-weather|RainDance|[upkeep]\n|upkeep\n|turn|12\n|\n|t:|1700250102\n|move|p1a: Talonflame|Brave Bird|p2a: Poliwrath\n|-damage|p2a: Poliwrath|33\/100\n|-damage|p1a: Talonflame|28\/100|[from] Recoil\n|move|p2a: Poliwrath|Liquidation|p1a: Talonflame\n|-supereffective|p1a: Talonflame\n|-damage|p1a: Talonflame|0 fnt\n|faint|p1a: Talonflame\n|\n|-weather|RainDance|[upkeep]\n|upkeep\n|\n|t:|1700250118\n|switch|p1a: Noivern|Noivern, F|100\/100\n|turn|13\n|\n|t:|1700250126\n|switch|p2a: Iron Treads|Iron Treads|61\/100\n|move|p1a: Noivern|Boomburst|p2a: Iron Treads\n|-resisted|p2a: Iron Treads\n|-damage|p2a: Iron Treads|46\/100\n|\n|-weather|RainDance|[upkeep]\n|upkeep\n|turn|14\n|\n|t:|1700250135\n|move|p1a: Noivern|Flamethrower|p2a: Iron Treads\n|-supereffective|p2a: Iron Treads\n|-damage|p2a: Iron Treads|26\/100\n|move|p2a: Iron Treads|Ice Spinner|p1a: Noivern\n|-supereffective|p1a: Noivern\n|-damage|p1a: Noivern|2\/100\n|-enditem|p1a: Noivern|Aguav Berry|[eat]\n|-heal|p1a: Noivern|35\/100|[from] item: Aguav Berry\n|\n|-weather|RainDance|[upkeep]\n|-sideend|p1: Joturd|move: Tailwind\n|upkeep\n|turn|15\n|\n|t:|1700250147\n|move|p1a: Noivern|Flamethrower|p2a: Iron Treads\n|-supereffective|p2a: Iron Treads\n|-damage|p2a: Iron Treads|7\/100\n|move|p2a: Iron Treads|Ice Spinner|p1a: Noivern\n|-supereffective|p1a: Noivern\n|-damage|p1a: Noivern|0 fnt\n|faint|p1a: Noivern\n|\n|-weather|RainDance|[upkeep]\n|upkeep\n|\n|t:|1700250155\n|switch|p1a: Hawlucha|Hawlucha, M|100\/100\n|turn|16\n|\n|t:|1700250159\n|move|p1a: Hawlucha|X-Scissor|p2a: Iron Treads\n|-resisted|p2a: Iron Treads\n|-damage|p2a: Iron Treads|0 fnt\n|faint|p2a: Iron Treads\n|-end|p2a: Iron Treads|Quark Drive|[silent]\n|\n|-weather|none\n|upkeep\n|\n|t:|1700250165\n|switch|p2a: Pelipper|Pelipper, M|27\/100\n|-weather|RainDance|[from] ability: Drizzle|[of] p2a: Pelipper\n|turn|17\n|\n|t:|1700250171\n|move|p1a: Hawlucha|High Jump Kick|p2a: Pelipper\n|-resisted|p2a: Pelipper\n|-damage|p2a: Pelipper|0 fnt\n|faint|p2a: Pelipper\n|\n|-weather|RainDance|[upkeep]\n|upkeep\n|\n|t:|1700250196\n|switch|p2a: Zapdos|Zapdos|100\/100\n|turn|18\n|\n|t:|1700250204\n|move|p2a: Zapdos|Hurricane|p1a: Hawlucha\n|-supereffective|p1a: Hawlucha\n|-damage|p1a: Hawlucha|0 fnt\n|faint|p1a: Hawlucha\n|\n|-weather|RainDance|[upkeep]\n|upkeep\n|\n|t:|1700250209\n|switch|p1a: Goodra|Goodra, F|100\/100\n|turn|19\n|\n|t:|1700250218\n|move|p2a: Zapdos|Hurricane|p1a: Goodra\n|-damage|p1a: Goodra|51\/100\n|move|p1a: Goodra|Acid Armor|p1a: Goodra\n|-boost|p1a: Goodra|def|2\n|\n|-weather|RainDance|[upkeep]\n|upkeep\n|turn|20\n|\n|t:|1700250225\n|move|p2a: Zapdos|Hurricane|p1a: Goodra\n|-damage|p1a: Goodra|0 fnt\n|faint|p1a: Goodra\n|\n|win|TheZalmancer\n|raw|Joturd's rating: 1044 &rarr; <strong>1032<\/strong><br \/>(-12 for losing)\n|raw|TheZalmancer's rating: 1146 &rarr; <strong>1164<\/strong><br \/>(+18 for winning)\n|c|\u2606TheZalmancer|ggs\n|l|\u2606Joturd\n","uploadtime":1700250234,"views":11,"p1id":"joturd","p2id":"thezalmancer","formatid":"gen9ou","rating":1032,"private":0,"password":""}