{"id":"gen9ou-1995989434","p1":"eelektrik funeral","p2":"yellowy light","format":"[Gen 9] OU","log":"|j|\u2606eelektrik funeral\n|j|\u2606yellowy light\n|t:|1700626010\n|gametype|singles\n|player|p1|eelektrik funeral|workerice|1469\n|player|p2|yellowy light|zinnia|1430\n|teamsize|p1|6\n|teamsize|p2|6\n|gen|9\n|tier|[Gen 9] OU\n|rated|\n|rule|Sleep Clause Mod: Limit one foe put to sleep\n|rule|Species Clause: Limit one of each Pok\u00e9mon\n|rule|OHKO Clause: OHKO moves are banned\n|rule|Evasion Items Clause: Evasion items are banned\n|rule|Evasion Moves Clause: Evasion moves are banned\n|rule|Endless Battle Clause: Forcing endless battles is banned\n|rule|HP Percentage Mod: HP is shown in percentages\n|clearpoke\n|poke|p1|Arboliva, F|\n|poke|p1|Armarouge, M|\n|poke|p1|Goodra-Hisui, M|\n|poke|p1|Great Tusk|\n|poke|p1|Indeedee, M|\n|poke|p1|Torkoal, M|\n|poke|p2|Torkoal, F|\n|poke|p2|Walking Wake|\n|poke|p2|Great Tusk|\n|poke|p2|Ceruledge, M|\n|poke|p2|Kingambit, F|\n|poke|p2|Enamorus, F|\n|teampreview\n|\n|t:|1700626028\n|start\n|switch|p1a: Torkoal|Torkoal, M|100\/100\n|switch|p2a: Torkoal|Torkoal, F|100\/100\n|-weather|SunnyDay|[from] ability: Drought|[of] p2a: Torkoal\n|turn|1\n|\n|t:|1700626033\n|move|p2a: Torkoal|Stealth Rock|p1a: Torkoal\n|-sidestart|p1: eelektrik funeral|move: Stealth Rock\n|move|p1a: Torkoal|Earthquake|p2a: Torkoal\n|-supereffective|p2a: Torkoal\n|-damage|p2a: Torkoal|72\/100\n|\n|-weather|SunnyDay|[upkeep]\n|upkeep\n|turn|2\n|\n|t:|1700626043\n|switch|p2a: Enamorus|Enamorus, F|100\/100\n|move|p1a: Torkoal|Rapid Spin|p2a: Enamorus\n|-damage|p2a: Enamorus|85\/100\n|-boost|p1a: Torkoal|spe|1\n|-sideend|p1: eelektrik funeral|Stealth Rock|[from] move: Rapid Spin|[of] p1a: Torkoal\n|\n|-weather|SunnyDay|[upkeep]\n|upkeep\n|turn|3\n|\n|t:|1700626051\n|switch|p2a: Walking Wake|Walking Wake|100\/100\n|-activate|p2a: Walking Wake|ability: Protosynthesis\n|-start|p2a: Walking Wake|protosynthesisspe\n|switch|p1a: Arboliva|Arboliva, F|100\/100\n|\n|-weather|SunnyDay|[upkeep]\n|upkeep\n|turn|4\n|\n|t:|1700626060\n|-terastallize|p1a: Arboliva|Fire\n|move|p2a: Walking Wake|Flamethrower|p1a: Arboliva\n|-resisted|p1a: Arboliva\n|-damage|p1a: Arboliva|64\/100\n|move|p1a: Arboliva|Substitute|p1a: Arboliva\n|-start|p1a: Arboliva|Substitute\n|-damage|p1a: Arboliva|39\/100\n|\n|-weather|SunnyDay|[upkeep]\n|upkeep\n|turn|5\n|\n|t:|1700626081\n|-end|p2a: Walking Wake|Protosynthesis|[silent]\n|switch|p2a: Ceruledge|Ceruledge, M|100\/100\n|move|p1a: Arboliva|Growth|p1a: Arboliva\n|-boost|p1a: Arboliva|atk|2\n|-boost|p1a: Arboliva|spa|2\n|\n|-weather|SunnyDay|[upkeep]\n|upkeep\n|turn|6\n|\n|t:|1700626086\n|move|p2a: Ceruledge|Shadow Sneak|p1a: Arboliva\n|-end|p1a: Arboliva|Substitute\n|move|p1a: Arboliva|Giga Drain|p2a: Ceruledge\n|-resisted|p2a: Ceruledge\n|-damage|p2a: Ceruledge|53\/100\n|-heal|p1a: Arboliva|62\/100|[from] drain|[of] p2a: Ceruledge\n|\n|-weather|SunnyDay|[upkeep]\n|upkeep\n|turn|7\n|\n|t:|1700626097\n|move|p2a: Ceruledge|Poltergeist|p1a: Arboliva\n|-activate|p1a: Arboliva|move: Poltergeist|Salac Berry\n|-damage|p1a: Arboliva|0 fnt\n|faint|p1a: Arboliva\n|\n|-weather|SunnyDay|[upkeep]\n|upkeep\n|\n|t:|1700626121\n|switch|p1a: Great Tusk|Great Tusk|100\/100\n|-activate|p1a: Great Tusk|ability: Protosynthesis\n|-start|p1a: Great Tusk|protosynthesisatk\n|turn|8\n|\n|t:|1700626130\n|switch|p2a: Enamorus|Enamorus, F|85\/100\n|move|p1a: Great Tusk|Knock Off|p2a: Enamorus\n|-resisted|p2a: Enamorus\n|-damage|p2a: Enamorus|53\/100\n|-enditem|p2a: Enamorus|Heavy-Duty Boots|[from] move: Knock Off|[of] p1a: Great Tusk\n|\n|-weather|none\n|-end|p1a: Great Tusk|Protosynthesis\n|upkeep\n|turn|9\n|\n|t:|1700626136\n|-end|p1a: Great Tusk|Protosynthesis|[silent]\n|switch|p1a: Indeedee|Indeedee, M|100\/100\n|-fieldstart|move: Psychic Terrain|[from] ability: Psychic Surge|[of] p1a: Indeedee\n|move|p2a: Enamorus|Moonblast|p1a: Indeedee\n|-damage|p1a: Indeedee|25\/100\n|\n|upkeep\n|turn|10\n|\n|t:|1700626141\n|move|p2a: Enamorus|Moonblast|p1a: Indeedee\n|-damage|p1a: Indeedee|0 fnt\n|faint|p1a: Indeedee\n|\n|upkeep\n|\n|t:|1700626147\n|switch|p1a: Torkoal|Torkoal, M|100\/100\n|-weather|SunnyDay|[from] ability: Drought|[of] p1a: Torkoal\n|turn|11\n|\n|t:|1700626161\n|switch|p2a: Walking Wake|Walking Wake|100\/100\n|-activate|p2a: Walking Wake|ability: Protosynthesis\n|-start|p2a: Walking Wake|protosynthesisspe\n|move|p1a: Torkoal|Flamethrower|p2a: Walking Wake\n|-resisted|p2a: Walking Wake\n|-damage|p2a: Walking Wake|89\/100\n|-status|p2a: Walking Wake|brn\n|\n|-weather|SunnyDay|[upkeep]\n|-damage|p2a: Walking Wake|83\/100 brn|[from] brn\n|upkeep\n|turn|12\n|inactive|Battle timer is ON: inactive players will automatically lose when time's up. (requested by yellowy light)\n|\n|t:|1700626192\n|switch|p1a: Goodra|Goodra-Hisui, M|100\/100\n|-terastallize|p2a: Walking Wake|Water\n|move|p2a: Walking Wake|Hydro Steam|p1a: Goodra\n|-resisted|p1a: Goodra\n|-damage|p1a: Goodra|72\/100\n|\n|-weather|SunnyDay|[upkeep]\n|-damage|p2a: Walking Wake|76\/100 brn|[from] brn\n|upkeep\n|turn|13\n|\n|t:|1700626212\n|-end|p2a: Walking Wake|Protosynthesis|[silent]\n|switch|p2a: Torkoal|Torkoal, F|72\/100\n|move|p1a: Goodra|Fire Blast|p2a: Torkoal\n|-resisted|p2a: Torkoal\n|-damage|p2a: Torkoal|44\/100\n|\n|-weather|SunnyDay|[upkeep]\n|upkeep\n|turn|14\n|\n|t:|1700626221\n|move|p1a: Goodra|Draco Meteor|p2a: Torkoal\n|-damage|p2a: Torkoal|0 fnt\n|-unboost|p1a: Goodra|spa|2\n|faint|p2a: Torkoal\n|\n|-weather|SunnyDay|[upkeep]\n|upkeep\n|\n|t:|1700626239\n|switch|p2a: Ceruledge|Ceruledge, M|53\/100\n|turn|15\n|\n|t:|1700626246\n|switch|p1a: Great Tusk|Great Tusk|100\/100\n|-activate|p1a: Great Tusk|ability: Protosynthesis\n|-start|p1a: Great Tusk|protosynthesisatk\n|move|p2a: Ceruledge|Bitter Blade|p1a: Great Tusk\n|-damage|p1a: Great Tusk|62\/100\n|-heal|p2a: Ceruledge|82\/100|[from] drain|[of] p1a: Great Tusk\n|\n|-weather|SunnyDay|[upkeep]\n|-heal|p1a: Great Tusk|68\/100|[from] item: Leftovers\n|upkeep\n|turn|16\n|\n|t:|1700626252\n|switch|p2a: Enamorus|Enamorus, F|53\/100\n|move|p1a: Great Tusk|Knock Off|p2a: Enamorus\n|-resisted|p2a: Enamorus\n|-damage|p2a: Enamorus|30\/100\n|\n|-weather|SunnyDay|[upkeep]\n|-heal|p1a: Great Tusk|74\/100|[from] item: Leftovers\n|-fieldend|move: Psychic Terrain\n|upkeep\n|turn|17\n|\n|t:|1700626258\n|-end|p1a: Great Tusk|Protosynthesis|[silent]\n|switch|p1a: Goodra|Goodra-Hisui, M|72\/100\n|move|p2a: Enamorus|Moonblast|p1a: Goodra\n|-damage|p1a: Goodra|48\/100\n|\n|-weather|SunnyDay|[upkeep]\n|upkeep\n|turn|18\n|\n|t:|1700626274\n|move|p2a: Enamorus|Mystical Fire|p1a: Goodra\n|-damage|p1a: Goodra|30\/100\n|-unboost|p1a: Goodra|spa|1\n|move|p1a: Goodra|Flash Cannon|p2a: Enamorus\n|-supereffective|p2a: Enamorus\n|-damage|p2a: Enamorus|0 fnt\n|faint|p2a: Enamorus\n|\n|-weather|none\n|upkeep\n|inactive|yellowy light has 120 seconds left.\n|\n|t:|1700626301\n|switch|p2a: Walking Wake|Walking Wake, tera:Water|76\/100 brn\n|turn|19\n|inactive|yellowy light has 120 seconds left.\n|\n|t:|1700626316\n|-end|p2a: Walking Wake|Protosynthesis|[silent]\n|switch|p2a: Kingambit|Kingambit, F|100\/100\n|-activate|p2a: Kingambit|ability: Supreme Overlord\n|-start|p2a: Kingambit|fallen2|[silent]\n|switch|p1a: Torkoal|Torkoal, M|100\/100\n|-weather|SunnyDay|[from] ability: Drought|[of] p1a: Torkoal\n|\n|-weather|SunnyDay|[upkeep]\n|upkeep\n|turn|20\n|inactive|yellowy light has 120 seconds left.\n|\n|t:|1700626331\n|-end|p2a: Kingambit|fallen2|[silent]\n|switch|p2a: Walking Wake|Walking Wake, tera:Water|76\/100 brn\n|-activate|p2a: Walking Wake|ability: Protosynthesis\n|-start|p2a: Walking Wake|protosynthesisspe\n|move|p1a: Torkoal|Flamethrower|p2a: Walking Wake\n|-resisted|p2a: Walking Wake\n|-damage|p2a: Walking Wake|52\/100 brn\n|\n|-weather|SunnyDay|[upkeep]\n|-damage|p2a: Walking Wake|46\/100 brn|[from] brn\n|upkeep\n|turn|21\n|\n|t:|1700626337\n|switch|p1a: Great Tusk|Great Tusk|74\/100\n|-activate|p1a: Great Tusk|ability: Protosynthesis\n|-start|p1a: Great Tusk|protosynthesisatk\n|move|p2a: Walking Wake|Hydro Steam|p1a: Great Tusk\n|-supereffective|p1a: Great Tusk\n|-damage|p1a: Great Tusk|0 fnt\n|faint|p1a: Great Tusk\n|-end|p1a: Great Tusk|Protosynthesis|[silent]\n|\n|-weather|SunnyDay|[upkeep]\n|-damage|p2a: Walking Wake|40\/100 brn|[from] brn\n|upkeep\n|\n|t:|1700626339\n|switch|p1a: Goodra|Goodra-Hisui, M|30\/100\n|turn|22\n|\n|t:|1700626347\n|move|p2a: Walking Wake|Hydro Steam|p1a: Goodra\n|-resisted|p1a: Goodra\n|-damage|p1a: Goodra|4\/100\n|move|p1a: Goodra|Fire Blast|p2a: Walking Wake\n|-resisted|p2a: Walking Wake\n|-damage|p2a: Walking Wake|9\/100 brn\n|\n|-weather|SunnyDay|[upkeep]\n|-damage|p2a: Walking Wake|3\/100 brn|[from] brn\n|upkeep\n|turn|23\n|\n|t:|1700626356\n|move|p2a: Walking Wake|Hydro Steam|p1a: Goodra\n|-resisted|p1a: Goodra\n|-damage|p1a: Goodra|0 fnt\n|faint|p1a: Goodra\n|\n|-weather|SunnyDay|[upkeep]\n|-damage|p2a: Walking Wake|0 fnt|[from] brn\n|faint|p2a: Walking Wake\n|-end|p2a: Walking Wake|Protosynthesis|[silent]\n|upkeep\n|\n|t:|1700626363\n|switch|p2a: Ceruledge|Ceruledge, M|82\/100\n|switch|p1a: Armarouge|Armarouge, M|100\/100\n|turn|24\n|\n|t:|1700626373\n|move|p2a: Ceruledge|Shadow Sneak|p1a: Armarouge\n|-supereffective|p1a: Armarouge\n|-damage|p1a: Armarouge|50\/100\n|-ability|p1a: Armarouge|Weak Armor|boost\n|-unboost|p1a: Armarouge|def|1\n|-boost|p1a: Armarouge|spe|2\n|move|p1a: Armarouge|Destiny Bond|p1a: Armarouge\n|-singlemove|p1a: Armarouge|Destiny Bond\n|\n|-weather|SunnyDay|[upkeep]\n|upkeep\n|turn|25\n|\n|t:|1700626385\n|move|p1a: Armarouge|Armor Cannon|p2a: Ceruledge\n|-resisted|p2a: Ceruledge\n|-damage|p2a: Ceruledge|19\/100\n|-unboost|p1a: Armarouge|def|1\n|-unboost|p1a: Armarouge|spd|1\n|move|p2a: Ceruledge|Swords Dance|p2a: Ceruledge\n|-boost|p2a: Ceruledge|atk|2\n|\n|-weather|SunnyDay|[upkeep]\n|upkeep\n|turn|26\n|\n|t:|1700626391\n|move|p1a: Armarouge|Endure|p1a: Armarouge\n|-singleturn|p1a: Armarouge|move: Endure\n|move|p2a: Ceruledge|Shadow Sneak|p1a: Armarouge\n|-supereffective|p1a: Armarouge\n|-activate|p1a: Armarouge|move: Endure\n|-damage|p1a: Armarouge|1\/100\n|-ability|p1a: Armarouge|Weak Armor|boost\n|-unboost|p1a: Armarouge|def|1\n|-boost|p1a: Armarouge|spe|2\n|\n|-weather|none\n|upkeep\n|turn|27\n|\n|t:|1700626398\n|switch|p1a: Torkoal|Torkoal, M|100\/100\n|-weather|SunnyDay|[from] ability: Drought|[of] p1a: Torkoal\n|move|p2a: Ceruledge|Shadow Sneak|p1a: Torkoal\n|-damage|p1a: Torkoal|67\/100\n|\n|-weather|SunnyDay|[upkeep]\n|upkeep\n|turn|28\n|\n|t:|1700626403\n|move|p2a: Ceruledge|Bitter Blade|p1a: Torkoal\n|-resisted|p1a: Torkoal\n|-damage|p1a: Torkoal|13\/100\n|-heal|p2a: Ceruledge|51\/100|[from] drain|[of] p1a: Torkoal\n|move|p1a: Torkoal|Earthquake|p2a: Ceruledge\n|-supereffective|p2a: Ceruledge\n|-damage|p2a: Ceruledge|0 fnt\n|faint|p2a: Ceruledge\n|\n|-weather|SunnyDay|[upkeep]\n|upkeep\n|\n|t:|1700626409\n|switch|p2a: Kingambit|Kingambit, F|100\/100\n|-activate|p2a: Kingambit|ability: Supreme Overlord\n|-start|p2a: Kingambit|fallen4|[silent]\n|turn|29\n|\n|t:|1700626415\n|move|p2a: Kingambit|Kowtow Cleave|p1a: Torkoal\n|-damage|p1a: Torkoal|0 fnt\n|faint|p1a: Torkoal\n|\n|-weather|SunnyDay|[upkeep]\n|upkeep\n|\n|t:|1700626417\n|switch|p1a: Armarouge|Armarouge, M|1\/100\n|turn|30\n|\n|t:|1700626420\n|move|p2a: Kingambit|Sucker Punch|p1a: Armarouge\n|-supereffective|p1a: Armarouge\n|-damage|p1a: Armarouge|0 fnt\n|faint|p1a: Armarouge\n|\n|win|yellowy light\n|raw|eelektrik funeral's rating: 1469 &rarr; <strong>1447<\/strong><br \/>(-22 for losing)\n|raw|yellowy light's rating: 1430 &rarr; <strong>1452<\/strong><br \/>(+22 for winning)\n","uploadtime":1700626423,"views":1,"p1id":"eelektrikfuneral","p2id":"yellowylight","formatid":"gen9ou","rating":1447,"private":0,"password":""}