{"id":"gen9ou-1995527821","p1":"TheNutmeg33","p2":"viperfan","format":"[Gen 9] OU","log":"|j|\u2606TheNutmeg33\n|j|\u2606viperfan\n|t:|1700580040\n|gametype|singles\n|player|p1|TheNutmeg33|101|1577\n|player|p2|viperfan|169|1478\n|teamsize|p1|6\n|teamsize|p2|6\n|gen|9\n|tier|[Gen 9] OU\n|rated|\n|rule|Sleep Clause Mod: Limit one foe put to sleep\n|rule|Species Clause: Limit one of each Pok\u00e9mon\n|rule|OHKO Clause: OHKO moves are banned\n|rule|Evasion Items Clause: Evasion items are banned\n|rule|Evasion Moves Clause: Evasion moves are banned\n|rule|Endless Battle Clause: Forcing endless battles is banned\n|rule|HP Percentage Mod: HP is shown in percentages\n|clearpoke\n|poke|p1|Iron Moth|\n|poke|p1|Great Tusk|\n|poke|p1|Clodsire, F|\n|poke|p1|Ceruledge, F|\n|poke|p1|Garganacl, M|\n|poke|p1|Corviknight, M|\n|poke|p2|Vikavolt, M|\n|poke|p2|Enamorus, F|\n|poke|p2|Great Tusk|\n|poke|p2|Gholdengo|\n|poke|p2|Kommo-o, F|\n|poke|p2|Iron Moth|\n|teampreview\n|inactive|Battle timer is ON: inactive players will automatically lose when time's up. (requested by TheNutmeg33)\n|\n|t:|1700580049\n|start\n|switch|p1a: Garganacl|Garganacl, M, shiny|100\/100\n|switch|p2a: Dentist G-Ram|Great Tusk|100\/100\n|-enditem|p2a: Dentist G-Ram|Booster Energy\n|-activate|p2a: Dentist G-Ram|ability: Protosynthesis|[fromitem]\n|-start|p2a: Dentist G-Ram|protosynthesisatk\n|turn|1\n|\n|t:|1700580055\n|-terastallize|p1a: Garganacl|Ghost\n|move|p2a: Dentist G-Ram|Headlong Rush|p1a: Garganacl\n|-damage|p1a: Garganacl|53\/100\n|-unboost|p2a: Dentist G-Ram|def|1\n|-unboost|p2a: Dentist G-Ram|spd|1\n|move|p1a: Garganacl|Salt Cure|p2a: Dentist G-Ram\n|-resisted|p2a: Dentist G-Ram\n|-damage|p2a: Dentist G-Ram|97\/100\n|-start|p2a: Dentist G-Ram|Salt Cure\n|\n|-heal|p1a: Garganacl|60\/100|[from] item: Leftovers\n|-damage|p2a: Dentist G-Ram|84\/100|[from] Salt Cure\n|upkeep\n|turn|2\n|\n|t:|1700580058\n|move|p1a: Garganacl|Protect|p1a: Garganacl\n|-singleturn|p1a: Garganacl|Protect\n|move|p2a: Dentist G-Ram|Stealth Rock|p1a: Garganacl\n|-sidestart|p1: TheNutmeg33|move: Stealth Rock\n|\n|-heal|p1a: Garganacl|66\/100|[from] item: Leftovers\n|-damage|p2a: Dentist G-Ram|72\/100|[from] Salt Cure\n|upkeep\n|turn|3\n|\n|t:|1700580062\n|-end|p2a: Dentist G-Ram|Protosynthesis|[silent]\n|switch|p2a: Vicodi\u00f1o|Vikavolt, M|100\/100\n|switch|p1a: Corviknight|Corviknight, M, shiny|100\/100\n|-damage|p1a: Corviknight|88\/100|[from] Stealth Rock\n|-ability|p1a: Corviknight|Pressure\n|\n|upkeep\n|turn|4\n|\n|t:|1700580070\n|move|p1a: Corviknight|U-turn|p2a: Vicodi\u00f1o\n|-damage|p2a: Vicodi\u00f1o|84\/100\n|\n|t:|1700580072\n|switch|p1a: Clodsire|Clodsire, F, shiny|100\/100|[from] U-turn\n|-damage|p1a: Clodsire|94\/100|[from] Stealth Rock\n|move|p2a: Vicodi\u00f1o|Volt Switch|p1a: Clodsire\n|-immune|p1a: Clodsire\n|\n|-heal|p1a: Clodsire|100\/100|[from] item: Black Sludge\n|upkeep\n|turn|5\n|\n|t:|1700580074\n|move|p2a: Vicodi\u00f1o|Sticky Web|p1a: Clodsire\n|-sidestart|p1: TheNutmeg33|move: Sticky Web\n|move|p1a: Clodsire|Toxic|p2a: Vicodi\u00f1o\n|-status|p2a: Vicodi\u00f1o|tox\n|\n|-damage|p2a: Vicodi\u00f1o|78\/100 tox|[from] psn\n|upkeep\n|turn|6\n|\n|t:|1700580081\n|switch|p2a: Djengo Unrained|Gholdengo|100\/100\n|-item|p2a: Djengo Unrained|Air Balloon\n|move|p1a: Clodsire|Toxic|p2a: Djengo Unrained\n|-immune|p2a: Djengo Unrained|[from] ability: Good as Gold\n|\n|upkeep\n|turn|7\n|\n|t:|1700580086\n|switch|p1a: Corviknight|Corviknight, M, shiny|88\/100\n|-damage|p1a: Corviknight|76\/100|[from] Stealth Rock\n|-ability|p1a: Corviknight|Pressure\n|move|p2a: Djengo Unrained|Psyshock|p1a: Corviknight\n|-resisted|p1a: Corviknight\n|-damage|p1a: Corviknight|68\/100\n|\n|upkeep\n|turn|8\n|\n|t:|1700580092\n|move|p2a: Djengo Unrained|Nasty Plot|p2a: Djengo Unrained\n|-boost|p2a: Djengo Unrained|spa|2\n|move|p1a: Corviknight|U-turn|p2a: Djengo Unrained\n|-resisted|p2a: Djengo Unrained\n|-damage|p2a: Djengo Unrained|96\/100\n|-enditem|p2a: Djengo Unrained|Air Balloon\n|\n|t:|1700580101\n|switch|p1a: Great Tusk|Great Tusk, shiny|100\/100|[from] U-turn\n|\n|upkeep\n|turn|9\n|\n|t:|1700580115\n|-terastallize|p2a: Djengo Unrained|Dark\n|move|p1a: Great Tusk|Headlong Rush|p2a: Djengo Unrained\n|-damage|p2a: Djengo Unrained|27\/100\n|-unboost|p1a: Great Tusk|def|1\n|-unboost|p1a: Great Tusk|spd|1\n|move|p2a: Djengo Unrained|Make It Rain|p1a: Great Tusk\n|-damage|p1a: Great Tusk|0 fnt\n|-unboost|p2a: Djengo Unrained|spa|1\n|faint|p1a: Great Tusk\n|-end|p1a: Great Tusk|Protosynthesis|[silent]\n|\n|upkeep\n|\n|t:|1700580123\n|switch|p1a: Corviknight|Corviknight, M, shiny|68\/100\n|-damage|p1a: Corviknight|56\/100|[from] Stealth Rock\n|-ability|p1a: Corviknight|Pressure\n|turn|10\n|\n|t:|1700580126\n|move|p2a: Djengo Unrained|Thunderbolt|p1a: Corviknight\n|-supereffective|p1a: Corviknight\n|-damage|p1a: Corviknight|0 fnt\n|faint|p1a: Corviknight\n|\n|upkeep\n|\n|t:|1700580145\n|switch|p1a: Ceruledge|Ceruledge, F, shiny|100\/100\n|-damage|p1a: Ceruledge|76\/100|[from] Stealth Rock\n|-activate|p1a: Ceruledge|move: Sticky Web\n|-unboost|p1a: Ceruledge|spe|1\n|turn|11\n|\n|t:|1700580163\n|switch|p2a: Pink Flyday|Enamorus, F, shiny|100\/100\n|move|p1a: Ceruledge|Bitter Blade|p2a: Pink Flyday\n|-damage|p2a: Pink Flyday|34\/100\n|-heal|p1a: Ceruledge|100\/100|[from] drain|[of] p2a: Pink Flyday\n|\n|upkeep\n|turn|12\n|\n|t:|1700580169\n|move|p2a: Pink Flyday|Earth Power|p1a: Ceruledge\n|-supereffective|p1a: Ceruledge\n|-damage|p1a: Ceruledge|9\/100\n|-damage|p2a: Pink Flyday|24\/100|[from] item: Life Orb\n|move|p1a: Ceruledge|Bitter Blade|p2a: Pink Flyday\n|-damage|p2a: Pink Flyday|0 fnt\n|-heal|p1a: Ceruledge|21\/100|[from] drain|[of] p2a: Pink Flyday\n|faint|p2a: Pink Flyday\n|\n|upkeep\n|\n|t:|1700580179\n|switch|p2a: Dentist G-Ram|Great Tusk|72\/100\n|turn|13\n|\n|t:|1700580183\n|move|p1a: Ceruledge|Shadow Sneak|p2a: Dentist G-Ram\n|-damage|p2a: Dentist G-Ram|57\/100\n|move|p2a: Dentist G-Ram|Headlong Rush|p1a: Ceruledge\n|-supereffective|p1a: Ceruledge\n|-damage|p1a: Ceruledge|0 fnt\n|-unboost|p2a: Dentist G-Ram|def|1\n|-unboost|p2a: Dentist G-Ram|spd|1\n|faint|p1a: Ceruledge\n|\n|upkeep\n|\n|t:|1700580189\n|switch|p1a: Garganacl|Garganacl, M, shiny, tera:Ghost|66\/100\n|-damage|p1a: Garganacl|53\/100|[from] Stealth Rock\n|-activate|p1a: Garganacl|move: Sticky Web\n|-unboost|p1a: Garganacl|spe|1\n|turn|14\n|\n|t:|1700580195\n|move|p2a: Dentist G-Ram|Headlong Rush|p1a: Garganacl\n|-damage|p1a: Garganacl|20\/100\n|-unboost|p2a: Dentist G-Ram|def|1\n|-unboost|p2a: Dentist G-Ram|spd|1\n|move|p1a: Garganacl|Recover|p1a: Garganacl\n|-heal|p1a: Garganacl|70\/100\n|\n|-heal|p1a: Garganacl|76\/100|[from] item: Leftovers\n|upkeep\n|turn|15\n|\n|t:|1700580205\n|-end|p2a: Dentist G-Ram|Protosynthesis|[silent]\n|switch|p2a: Tony Komo|Kommo-o, F|100\/100\n|move|p1a: Garganacl|Salt Cure|p2a: Tony Komo\n|-resisted|p2a: Tony Komo\n|-damage|p2a: Tony Komo|94\/100\n|-start|p2a: Tony Komo|Salt Cure\n|\n|-heal|p2a: Tony Komo|99\/100|[from] item: Leftovers\n|-heal|p1a: Garganacl|82\/100|[from] item: Leftovers\n|-damage|p2a: Tony Komo|88\/100|[from] Salt Cure\n|upkeep\n|turn|16\n|\n|t:|1700580207\n|move|p2a: Tony Komo|Clanging Scales|p1a: Garganacl\n|-damage|p1a: Garganacl|43\/100\n|-unboost|p2a: Tony Komo|def|1\n|move|p1a: Garganacl|Stealth Rock|p2a: Tony Komo\n|-sidestart|p2: viperfan|move: Stealth Rock\n|\n|-heal|p2a: Tony Komo|94\/100|[from] item: Leftovers\n|-heal|p1a: Garganacl|49\/100|[from] item: Leftovers\n|-damage|p2a: Tony Komo|82\/100|[from] Salt Cure\n|upkeep\n|turn|17\n|\n|t:|1700580213\n|move|p2a: Tony Komo|Clangorous Soul|p2a: Tony Komo\n|-boost|p2a: Tony Komo|atk|1\n|-boost|p2a: Tony Komo|def|1\n|-boost|p2a: Tony Komo|spa|1\n|-boost|p2a: Tony Komo|spd|1\n|-boost|p2a: Tony Komo|spe|1\n|-damage|p2a: Tony Komo|49\/100\n|move|p1a: Garganacl|Recover|p1a: Garganacl\n|-heal|p1a: Garganacl|99\/100\n|\n|-heal|p2a: Tony Komo|55\/100|[from] item: Leftovers\n|-heal|p1a: Garganacl|100\/100|[from] item: Leftovers\n|-damage|p2a: Tony Komo|42\/100|[from] Salt Cure\n|upkeep\n|turn|18\n|\n|t:|1700580216\n|move|p1a: Garganacl|Protect|p1a: Garganacl\n|-singleturn|p1a: Garganacl|Protect\n|move|p2a: Tony Komo|Clanging Scales|p1a: Garganacl\n|-activate|p1a: Garganacl|move: Protect\n|\n|-heal|p2a: Tony Komo|49\/100|[from] item: Leftovers\n|-damage|p2a: Tony Komo|36\/100|[from] Salt Cure\n|upkeep\n|turn|19\n|\n|t:|1700580219\n|switch|p1a: Clodsire|Clodsire, F, shiny|100\/100\n|-damage|p1a: Clodsire|94\/100|[from] Stealth Rock\n|-activate|p1a: Clodsire|move: Sticky Web\n|-unboost|p1a: Clodsire|spe|1\n|move|p2a: Tony Komo|Clanging Scales|p1a: Clodsire\n|-damage|p1a: Clodsire|54\/100\n|-unboost|p2a: Tony Komo|def|1\n|\n|-heal|p2a: Tony Komo|42\/100|[from] item: Leftovers\n|-heal|p1a: Clodsire|60\/100|[from] item: Black Sludge\n|-damage|p2a: Tony Komo|30\/100|[from] Salt Cure\n|upkeep\n|turn|20\n|\n|t:|1700580225\n|switch|p2a: Djengo Unrained|Gholdengo, tera:Dark|27\/100\n|-damage|p2a: Djengo Unrained|15\/100|[from] Stealth Rock\n|move|p1a: Clodsire|Recover|p1a: Clodsire\n|-heal|p1a: Clodsire|100\/100\n|\n|upkeep\n|turn|21\n|\n|t:|1700580230\n|move|p2a: Djengo Unrained|Psyshock|p1a: Clodsire\n|-supereffective|p1a: Clodsire\n|-crit|p1a: Clodsire\n|-damage|p1a: Clodsire|6\/100\n|move|p1a: Clodsire|Earthquake|p2a: Djengo Unrained\n|-damage|p2a: Djengo Unrained|0 fnt\n|faint|p2a: Djengo Unrained\n|\n|-heal|p1a: Clodsire|12\/100|[from] item: Black Sludge\n|upkeep\n|\n|t:|1700580235\n|switch|p2a: Both Baby|Iron Moth|100\/100\n|-damage|p2a: Both Baby|76\/100|[from] Stealth Rock\n|-enditem|p2a: Both Baby|Booster Energy\n|-activate|p2a: Both Baby|ability: Quark Drive|[fromitem]\n|-start|p2a: Both Baby|quarkdrivespe\n|turn|22\n|\n|t:|1700580237\n|move|p2a: Both Baby|Fiery Dance|p1a: Clodsire\n|-damage|p1a: Clodsire|0 fnt\n|faint|p1a: Clodsire\n|\n|upkeep\n|\n|t:|1700580241\n|switch|p1a: Garganacl|Garganacl, M, shiny, tera:Ghost|100\/100\n|-damage|p1a: Garganacl|88\/100|[from] Stealth Rock\n|-activate|p1a: Garganacl|move: Sticky Web\n|-unboost|p1a: Garganacl|spe|1\n|turn|23\n|\n|t:|1700580244\n|move|p2a: Both Baby|Fiery Dance|p1a: Garganacl\n|-damage|p1a: Garganacl|57\/100\n|-boost|p2a: Both Baby|spa|1\n|move|p1a: Garganacl|Salt Cure|p2a: Both Baby\n|-supereffective|p2a: Both Baby\n|-damage|p2a: Both Baby|37\/100\n|-start|p2a: Both Baby|Salt Cure\n|\n|-heal|p1a: Garganacl|64\/100|[from] item: Leftovers\n|-damage|p2a: Both Baby|24\/100|[from] Salt Cure\n|upkeep\n|turn|24\n|\n|t:|1700580249\n|move|p2a: Both Baby|Fiery Dance|p1a: Garganacl\n|-damage|p1a: Garganacl|14\/100\n|move|p1a: Garganacl|Recover|p1a: Garganacl\n|-heal|p1a: Garganacl|64\/100\n|\n|-heal|p1a: Garganacl|70\/100|[from] item: Leftovers\n|-damage|p2a: Both Baby|12\/100|[from] Salt Cure\n|upkeep\n|turn|25\n|\n|t:|1700580252\n|move|p1a: Garganacl|Protect|p1a: Garganacl\n|-singleturn|p1a: Garganacl|Protect\n|move|p2a: Both Baby|Fiery Dance|p1a: Garganacl\n|-activate|p1a: Garganacl|move: Protect\n|\n|-heal|p1a: Garganacl|76\/100|[from] item: Leftovers\n|-damage|p2a: Both Baby|0 fnt|[from] Salt Cure\n|faint|p2a: Both Baby\n|-end|p2a: Both Baby|Quark Drive|[silent]\n|upkeep\n|\n|t:|1700580261\n|switch|p2a: Vicodi\u00f1o|Vikavolt, M|78\/100 tox\n|turn|26\n|\n|t:|1700580265\n|move|p2a: Vicodi\u00f1o|Bug Buzz|p1a: Garganacl\n|-resisted|p1a: Garganacl\n|-damage|p1a: Garganacl|54\/100\n|move|p1a: Garganacl|Salt Cure|p2a: Vicodi\u00f1o\n|-supereffective|p2a: Vicodi\u00f1o\n|-damage|p2a: Vicodi\u00f1o|51\/100 tox\n|-start|p2a: Vicodi\u00f1o|Salt Cure\n|\n|-heal|p1a: Garganacl|60\/100|[from] item: Leftovers\n|-damage|p2a: Vicodi\u00f1o|45\/100 tox|[from] psn\n|-damage|p2a: Vicodi\u00f1o|32\/100 tox|[from] Salt Cure\n|upkeep\n|turn|27\n|\n|t:|1700580271\n|move|p2a: Vicodi\u00f1o|Volt Switch|p1a: Garganacl\n|-damage|p1a: Garganacl|25\/100\n|\n|t:|1700580274\n|switch|p2a: Dentist G-Ram|Great Tusk|57\/100|[from] Volt Switch\n|-damage|p2a: Dentist G-Ram|54\/100|[from] Stealth Rock\n|move|p1a: Garganacl|Recover|p1a: Garganacl\n|-heal|p1a: Garganacl|75\/100\n|\n|-heal|p1a: Garganacl|81\/100|[from] item: Leftovers\n|upkeep\n|turn|28\n|\n|t:|1700580279\n|-end|p2a: Dentist G-Ram|Protosynthesis|[silent]\n|switch|p2a: Vicodi\u00f1o|Vikavolt, M|32\/100 tox\n|move|p1a: Garganacl|Salt Cure|p2a: Vicodi\u00f1o\n|-supereffective|p2a: Vicodi\u00f1o\n|-damage|p2a: Vicodi\u00f1o|6\/100 tox\n|-start|p2a: Vicodi\u00f1o|Salt Cure\n|\n|-heal|p1a: Garganacl|87\/100|[from] item: Leftovers\n|-damage|p2a: Vicodi\u00f1o|0 fnt|[from] psn\n|faint|p2a: Vicodi\u00f1o\n|upkeep\n|\n|t:|1700580283\n|switch|p2a: Tony Komo|Kommo-o, F|30\/100\n|-damage|p2a: Tony Komo|24\/100|[from] Stealth Rock\n|turn|29\n|\n|t:|1700580285\n|move|p2a: Tony Komo|Clanging Scales|p1a: Garganacl\n|-damage|p1a: Garganacl|46\/100\n|-unboost|p2a: Tony Komo|def|1\n|move|p1a: Garganacl|Salt Cure|p2a: Tony Komo\n|-resisted|p2a: Tony Komo\n|-damage|p2a: Tony Komo|14\/100\n|-start|p2a: Tony Komo|Salt Cure\n|\n|-heal|p2a: Tony Komo|20\/100|[from] item: Leftovers\n|-heal|p1a: Garganacl|52\/100|[from] item: Leftovers\n|-damage|p2a: Tony Komo|8\/100|[from] Salt Cure\n|upkeep\n|turn|30\n|\n|t:|1700580288\n|move|p2a: Tony Komo|Clanging Scales|p1a: Garganacl\n|-damage|p1a: Garganacl|12\/100\n|-unboost|p2a: Tony Komo|def|1\n|move|p1a: Garganacl|Recover|p1a: Garganacl\n|-heal|p1a: Garganacl|62\/100\n|\n|-heal|p2a: Tony Komo|14\/100|[from] item: Leftovers\n|-heal|p1a: Garganacl|68\/100|[from] item: Leftovers\n|-damage|p2a: Tony Komo|2\/100|[from] Salt Cure\n|upkeep\n|turn|31\n|\n|t:|1700580291\n|move|p1a: Garganacl|Protect|p1a: Garganacl\n|-singleturn|p1a: Garganacl|Protect\n|move|p2a: Tony Komo|Clanging Scales|p1a: Garganacl\n|-activate|p1a: Garganacl|move: Protect\n|\n|-heal|p2a: Tony Komo|8\/100|[from] item: Leftovers\n|-heal|p1a: Garganacl|75\/100|[from] item: Leftovers\n|-damage|p2a: Tony Komo|0 fnt|[from] Salt Cure\n|faint|p2a: Tony Komo\n|upkeep\n|\n|t:|1700580294\n|switch|p2a: Dentist G-Ram|Great Tusk|54\/100\n|-damage|p2a: Dentist G-Ram|51\/100|[from] Stealth Rock\n|turn|32\n|\n|t:|1700580325\n|move|p2a: Dentist G-Ram|Headlong Rush|p1a: Garganacl\n|-damage|p1a: Garganacl|42\/100\n|-unboost|p2a: Dentist G-Ram|def|1\n|-unboost|p2a: Dentist G-Ram|spd|1\n|move|p1a: Garganacl|Recover|p1a: Garganacl\n|-heal|p1a: Garganacl|92\/100\n|\n|-heal|p1a: Garganacl|98\/100|[from] item: Leftovers\n|upkeep\n|turn|33\n|\n|t:|1700580327\n|move|p2a: Dentist G-Ram|Headlong Rush|p1a: Garganacl\n|-damage|p1a: Garganacl|66\/100\n|-unboost|p2a: Dentist G-Ram|def|1\n|-unboost|p2a: Dentist G-Ram|spd|1\n|move|p1a: Garganacl|Salt Cure|p2a: Dentist G-Ram\n|-resisted|p2a: Dentist G-Ram\n|-damage|p2a: Dentist G-Ram|46\/100\n|-start|p2a: Dentist G-Ram|Salt Cure\n|\n|-heal|p1a: Garganacl|72\/100|[from] item: Leftovers\n|-damage|p2a: Dentist G-Ram|34\/100|[from] Salt Cure\n|upkeep\n|turn|34\n|\n|t:|1700580330\n|move|p1a: Garganacl|Protect|p1a: Garganacl\n|-singleturn|p1a: Garganacl|Protect\n|move|p2a: Dentist G-Ram|Ice Spinner|p1a: Garganacl\n|-activate|p1a: Garganacl|move: Protect\n|\n|-heal|p1a: Garganacl|78\/100|[from] item: Leftovers\n|-damage|p2a: Dentist G-Ram|22\/100|[from] Salt Cure\n|upkeep\n|turn|35\n|\n|t:|1700580336\n|move|p2a: Dentist G-Ram|Headlong Rush|p1a: Garganacl\n|-damage|p1a: Garganacl|45\/100\n|-unboost|p2a: Dentist G-Ram|def|1\n|-unboost|p2a: Dentist G-Ram|spd|1\n|move|p1a: Garganacl|Recover|p1a: Garganacl\n|-heal|p1a: Garganacl|95\/100\n|\n|-heal|p1a: Garganacl|100\/100|[from] item: Leftovers\n|-damage|p2a: Dentist G-Ram|9\/100|[from] Salt Cure\n|upkeep\n|turn|36\n|-message|viperfan forfeited.\n|\n|win|TheNutmeg33\n|raw|TheNutmeg33's rating: 1577 &rarr; <strong>1591<\/strong><br \/>(+14 for winning)\n|raw|viperfan's rating: 1478 &rarr; <strong>1464<\/strong><br \/>(-14 for losing)\n|l|\u2606viperfan\n","uploadtime":1700580346,"views":14,"p1id":"thenutmeg33","p2id":"viperfan","formatid":"gen9ou","rating":1464,"private":0,"password":""}