{"id":"gen9ou-1988458789","p1":"MattBirch","p2":"randomguyonweb","format":"[Gen 9] OU","log":"|j|\u2606MattBirch\n|j|\u2606randomguyonweb\n|t:|1699725152\n|gametype|singles\n|player|p1|MattBirch|265|1211\n|player|p2|randomguyonweb|1|1175\n|teamsize|p1|6\n|teamsize|p2|6\n|gen|9\n|tier|[Gen 9] OU\n|rated|\n|rule|Sleep Clause Mod: Limit one foe put to sleep\n|rule|Species Clause: Limit one of each Pok\u00e9mon\n|rule|OHKO Clause: OHKO moves are banned\n|rule|Evasion Items Clause: Evasion items are banned\n|rule|Evasion Moves Clause: Evasion moves are banned\n|rule|Endless Battle Clause: Forcing endless battles is banned\n|rule|HP Percentage Mod: HP is shown in percentages\n|clearpoke\n|poke|p1|Zamazenta-*|\n|poke|p1|Dragapult, M|\n|poke|p1|Manaphy|\n|poke|p1|Gholdengo|\n|poke|p1|Gliscor, M|\n|poke|p1|Ninetales-Alola, M|\n|poke|p2|Clefable, M|\n|poke|p2|Gliscor, M|\n|poke|p2|Milotic, M|\n|poke|p2|Mandibuzz, F|\n|poke|p2|Skeledirge, F|\n|poke|p2|Dragapult, F|\n|teampreview\n|inactive|Battle timer is ON: inactive players will automatically lose when time's up. (requested by randomguyonweb)\n|\n|t:|1699725159\n|start\n|switch|p1a: Ninetales|Ninetales-Alola, M|100\/100\n|switch|p2a: Gliscor|Gliscor, M|100\/100\n|-weather|Snow|[from] ability: Snow Warning|[of] p1a: Ninetales\n|turn|1\n|\n|t:|1699725167\n|move|p2a: Gliscor|Protect|p2a: Gliscor\n|-singleturn|p2a: Gliscor|Protect\n|move|p1a: Ninetales|Freeze-Dry|p2a: Gliscor\n|-activate|p2a: Gliscor|move: Protect\n|\n|-weather|Snow|[upkeep]\n|-status|p2a: Gliscor|tox|[from] item: Toxic Orb\n|upkeep\n|turn|2\n|\n|t:|1699725177\n|switch|p2a: Skeledirge|Skeledirge, F|100\/100\n|move|p1a: Ninetales|Aurora Veil|p1a: Ninetales\n|-sidestart|p1: MattBirch|move: Aurora Veil\n|\n|-weather|Snow|[upkeep]\n|upkeep\n|turn|3\n|\n|t:|1699725186\n|switch|p1a: Manaphy|Manaphy|100\/100\n|move|p2a: Skeledirge|Torch Song|p1a: Manaphy\n|-resisted|p1a: Manaphy\n|-damage|p1a: Manaphy|95\/100\n|-boost|p2a: Skeledirge|spa|1\n|\n|-weather|Snow|[upkeep]\n|-heal|p1a: Manaphy|100\/100|[from] item: Leftovers\n|upkeep\n|turn|4\n|\n|t:|1699725195\n|switch|p2a: Milotic|Milotic, M|100\/100\n|move|p1a: Manaphy|Take Heart|p1a: Manaphy\n|-boost|p1a: Manaphy|spa|1\n|-boost|p1a: Manaphy|spd|1\n|\n|-weather|Snow|[upkeep]\n|upkeep\n|turn|5\n|\n|t:|1699725207\n|move|p1a: Manaphy|Take Heart|p1a: Manaphy\n|-boost|p1a: Manaphy|spa|1\n|-boost|p1a: Manaphy|spd|1\n|move|p2a: Milotic|Haze|p2a: Milotic\n|-clearallboost\n|\n|-weather|none\n|upkeep\n|turn|6\n|\n|t:|1699725215\n|move|p1a: Manaphy|Take Heart|p1a: Manaphy\n|-boost|p1a: Manaphy|spa|1\n|-boost|p1a: Manaphy|spd|1\n|move|p2a: Milotic|Scald|p1a: Manaphy\n|-resisted|p1a: Manaphy\n|-damage|p1a: Manaphy|97\/100\n|\n|-heal|p1a: Manaphy|100\/100|[from] item: Leftovers\n|upkeep\n|turn|7\n|\n|t:|1699725225\n|move|p1a: Manaphy|Stored Power|p2a: Milotic\n|-crit|p2a: Milotic\n|-damage|p2a: Milotic|83\/100\n|move|p2a: Milotic|Mirror Coat|p1a: Manaphy\n|-damage|p1a: Manaphy|67\/100\n|\n|-heal|p1a: Manaphy|74\/100|[from] item: Leftovers\n|upkeep\n|turn|8\n|\n|t:|1699725233\n|move|p1a: Manaphy|Scald|p2a: Milotic\n|-resisted|p2a: Milotic\n|-damage|p2a: Milotic|72\/100\n|move|p2a: Milotic|Haze|p2a: Milotic\n|-clearallboost\n|\n|-heal|p1a: Manaphy|80\/100|[from] item: Leftovers\n|upkeep\n|turn|9\n|\n|t:|1699725241\n|move|p1a: Manaphy|Scald|p2a: Milotic\n|-resisted|p2a: Milotic\n|-damage|p2a: Milotic|63\/100\n|-status|p2a: Milotic|brn\n|move|p2a: Milotic|Scald|p1a: Manaphy\n|-resisted|p1a: Manaphy\n|-damage|p1a: Manaphy|74\/100\n|\n|-heal|p1a: Manaphy|80\/100|[from] item: Leftovers\n|-damage|p2a: Milotic|57\/100 brn|[from] brn\n|-sideend|p1: MattBirch|move: Aurora Veil\n|upkeep\n|turn|10\n|\n|t:|1699725258\n|switch|p1a: Gholdengo|Gholdengo|100\/100\n|move|p2a: Milotic|Scald|p1a: Gholdengo\n|-damage|p1a: Gholdengo|71\/100\n|\n|-damage|p2a: Milotic|51\/100 brn|[from] brn\n|upkeep\n|turn|11\n|\n|t:|1699725267\n|move|p1a: Gholdengo|Nasty Plot|p1a: Gholdengo\n|-boost|p1a: Gholdengo|spa|2\n|move|p2a: Milotic|Recover|p2a: Milotic\n|-heal|p2a: Milotic|100\/100 brn\n|\n|-damage|p2a: Milotic|94\/100 brn|[from] brn\n|upkeep\n|turn|12\n|\n|t:|1699725276\n|move|p1a: Gholdengo|Shadow Ball|p2a: Milotic\n|-damage|p2a: Milotic|48\/100 brn\n|move|p2a: Milotic|Mirror Coat|p1a: Gholdengo\n|-damage|p1a: Gholdengo|0 fnt\n|faint|p1a: Gholdengo\n|\n|-damage|p2a: Milotic|42\/100 brn|[from] brn\n|upkeep\n|\n|t:|1699725288\n|switch|p1a: Dragapult|Dragapult, M|100\/100\n|turn|13\n|\n|t:|1699725298\n|switch|p2a: Clefable|Clefable, M|100\/100\n|move|p1a: Dragapult|U-turn|p2a: Clefable\n|-resisted|p2a: Clefable\n|-damage|p2a: Clefable|93\/100\n|\n|t:|1699725308\n|switch|p1a: Ninetales|Ninetales-Alola, M|100\/100|[from] U-turn\n|-weather|Snow|[from] ability: Snow Warning|[of] p1a: Ninetales\n|\n|-weather|Snow|[upkeep]\n|upkeep\n|turn|14\n|\n|t:|1699725330\n|move|p1a: Ninetales|Aurora Veil|p1a: Ninetales\n|-sidestart|p1: MattBirch|move: Aurora Veil\n|move|p2a: Clefable|Stealth Rock|p1a: Ninetales\n|-sidestart|p1: MattBirch|move: Stealth Rock\n|\n|-weather|Snow|[upkeep]\n|upkeep\n|turn|15\n|\n|t:|1699725336\n|move|p1a: Ninetales|Freeze-Dry|p2a: Clefable\n|-damage|p2a: Clefable|73\/100\n|move|p2a: Clefable|Moonblast|p1a: Ninetales\n|-damage|p1a: Ninetales|84\/100\n|\n|-weather|Snow|[upkeep]\n|upkeep\n|turn|16\n|\n|t:|1699725344\n|move|p1a: Ninetales|Freeze-Dry|p2a: Clefable\n|-damage|p2a: Clefable|55\/100\n|move|p2a: Clefable|Moonblast|p1a: Ninetales\n|-damage|p1a: Ninetales|68\/100\n|\n|-weather|Snow|[upkeep]\n|upkeep\n|turn|17\n|\n|t:|1699725349\n|move|p1a: Ninetales|Freeze-Dry|p2a: Clefable\n|-damage|p2a: Clefable|36\/100\n|move|p2a: Clefable|Moonlight|p2a: Clefable\n|-heal|p2a: Clefable|61\/100\n|\n|-weather|none\n|upkeep\n|turn|18\n|\n|t:|1699725357\n|switch|p2a: Skeledirge|Skeledirge, F|100\/100\n|move|p1a: Ninetales|Encore||[still]\n|-fail|p1a: Ninetales\n|\n|upkeep\n|turn|19\n|\n|t:|1699725372\n|switch|p1a: Gliscor|Gliscor, M|100\/100\n|-damage|p1a: Gliscor|88\/100|[from] Stealth Rock\n|move|p2a: Skeledirge|Will-O-Wisp|p1a: Gliscor\n|-status|p1a: Gliscor|brn\n|\n|-damage|p1a: Gliscor|82\/100 brn|[from] brn\n|upkeep\n|turn|20\n|-message|MattBirch forfeited.\n|\n|win|randomguyonweb\n|raw|MattBirch's rating: 1211 &rarr; <strong>1183<\/strong><br \/>(-28 for losing)\n|raw|randomguyonweb's rating: 1175 &rarr; <strong>1203<\/strong><br \/>(+28 for winning)\n|l|\u2606MattBirch\n","uploadtime":1699725396,"views":27,"p1id":"mattbirch","p2id":"randomguyonweb","formatid":"gen9ou","rating":1183,"private":0,"password":""}