{"id":"gen9ou-1994228975","p1":"Missing Shape","p2":"Pikka888","format":"[Gen 9] OU","log":"|j|\u2606Missing Shape\n|j|\u2606Pikka888\n|t:|1700421228\n|gametype|singles\n|player|p1|Missing Shape|iris-gen5bw2|1159\n|player|p2|Pikka888|102|1269\n|teamsize|p1|6\n|teamsize|p2|6\n|gen|9\n|tier|[Gen 9] OU\n|rated|\n|rule|Sleep Clause Mod: Limit one foe put to sleep\n|rule|Species Clause: Limit one of each Pok\u00e9mon\n|rule|OHKO Clause: OHKO moves are banned\n|rule|Evasion Items Clause: Evasion items are banned\n|rule|Evasion Moves Clause: Evasion moves are banned\n|rule|Endless Battle Clause: Forcing endless battles is banned\n|rule|HP Percentage Mod: HP is shown in percentages\n|clearpoke\n|poke|p1|Ogerpon, F|\n|poke|p1|Moltres|\n|poke|p1|Great Tusk|\n|poke|p1|Kingambit, M|\n|poke|p1|Greninja-*, M|\n|poke|p1|Dragapult, F|\n|poke|p2|Manaphy|\n|poke|p2|Ninetales-Alola, F|\n|poke|p2|Azelf|\n|poke|p2|Dragapult, F|\n|poke|p2|Tyranitar, M|\n|poke|p2|Iron Treads|\n|teampreview\n|inactive|Battle timer is ON: inactive players will automatically lose when time's up. (requested by Pikka888)\n|\n|t:|1700421238\n|start\n|switch|p1a: Kingambit|Kingambit, M|100\/100\n|switch|p2a: Azelf|Azelf, shiny|100\/100\n|turn|1\n|\n|t:|1700421244\n|move|p2a: Azelf|Stealth Rock|p1a: Kingambit\n|-sidestart|p1: Missing Shape|move: Stealth Rock\n|move|p1a: Kingambit|Kowtow Cleave|p2a: Azelf\n|-supereffective|p2a: Azelf\n|-enditem|p2a: Azelf|Focus Sash\n|-damage|p2a: Azelf|1\/100\n|\n|upkeep\n|turn|2\n|\n|t:|1700421250\n|move|p1a: Kingambit|Sucker Punch|p2a: Azelf\n|-supereffective|p2a: Azelf\n|-damage|p2a: Azelf|0 fnt\n|faint|p2a: Azelf\n|\n|upkeep\n|\n|t:|1700421255\n|switch|p2a: Manaphy|Manaphy|100\/100\n|turn|3\n|\n|t:|1700421260\n|-end|p1a: Kingambit|fallenundefined|[silent]\n|switch|p1a: Ogerpon|Ogerpon, F|100\/100\n|-damage|p1a: Ogerpon|88\/100|[from] Stealth Rock\n|move|p2a: Manaphy|Acid Armor|p2a: Manaphy\n|-boost|p2a: Manaphy|def|2\n|\n|upkeep\n|turn|4\n|\n|t:|1700421264\n|-terastallize|p1a: Ogerpon|Grass\n|detailschange|p1a: Ogerpon|Ogerpon-Teal-Tera, F, tera:Grass\n|-ability|p1a: Ogerpon|Embody Aspect (Teal)|boost\n|-boost|p1a: Ogerpon|spe|1\n|move|p1a: Ogerpon|Power Whip|p2a: Manaphy\n|-supereffective|p2a: Manaphy\n|-damage|p2a: Manaphy|19\/100\n|move|p2a: Manaphy|Scald|p1a: Ogerpon\n|-resisted|p1a: Ogerpon\n|-damage|p1a: Ogerpon|72\/100\n|-status|p1a: Ogerpon|brn\n|\n|-heal|p2a: Manaphy|25\/100|[from] item: Leftovers\n|-damage|p1a: Ogerpon|66\/100 brn|[from] brn\n|upkeep\n|turn|5\n|\n|t:|1700421278\n|switch|p2a: Ninetales|Ninetales-Alola, F, shiny|100\/100\n|-weather|Snow|[from] ability: Snow Warning|[of] p2a: Ninetales\n|move|p1a: Ogerpon|Swords Dance|p1a: Ogerpon\n|-boost|p1a: Ogerpon|atk|2\n|\n|-weather|Snow|[upkeep]\n|-damage|p1a: Ogerpon|60\/100 brn|[from] brn\n|upkeep\n|turn|6\n|\n|t:|1700421296\n|move|p1a: Ogerpon|Swords Dance|p1a: Ogerpon\n|-boost|p1a: Ogerpon|atk|2\n|move|p2a: Ninetales|Aurora Veil|p2a: Ninetales\n|-sidestart|p2: Pikka888|move: Aurora Veil\n|\n|-weather|Snow|[upkeep]\n|-damage|p1a: Ogerpon|54\/100 brn|[from] brn\n|upkeep\n|turn|7\n|\n|t:|1700421300\n|move|p1a: Ogerpon|Power Whip|p2a: Ninetales\n|-damage|p2a: Ninetales|37\/100\n|move|p2a: Ninetales|Roar|p1a: Ogerpon\n|drag|p1a: Greninja|Greninja, M|100\/100\n|-damage|p1a: Greninja|88\/100|[from] Stealth Rock\n|\n|-weather|Snow|[upkeep]\n|upkeep\n|turn|8\n|\n|t:|1700421310\n|move|p1a: Greninja|Hydro Pump|p2a: Ninetales\n|-damage|p2a: Ninetales|7\/100\n|-damage|p1a: Greninja|78\/100|[from] item: Life Orb\n|move|p2a: Ninetales|Freeze-Dry|p1a: Greninja\n|-supereffective|p1a: Greninja\n|-damage|p1a: Greninja|8\/100\n|\n|-weather|Snow|[upkeep]\n|upkeep\n|turn|9\n|\n|t:|1700421324\n|switch|p2a: Dragapult|Dragapult, F|100\/100\n|move|p1a: Greninja|Dark Pulse|p2a: Dragapult\n|-supereffective|p2a: Dragapult\n|-damage|p2a: Dragapult|35\/100\n|-damage|p1a: Greninja|0 fnt|[from] item: Life Orb\n|faint|p1a: Greninja\n|\n|-weather|none\n|upkeep\n|\n|t:|1700421329\n|switch|p1a: Ogerpon|Ogerpon-Teal-Tera, F, tera:Grass|54\/100 brn\n|-damage|p1a: Ogerpon|42\/100 brn|[from] Stealth Rock\n|-ability|p1a: Ogerpon|Embody Aspect (Teal)|boost\n|-boost|p1a: Ogerpon|spe|1\n|turn|10\n|\n|t:|1700421337\n|-terastallize|p2a: Dragapult|Fire\n|move|p1a: Ogerpon|Knock Off|p2a: Dragapult\n|-damage|p2a: Dragapult|25\/100\n|-enditem|p2a: Dragapult|Dragon Fang|[from] move: Knock Off|[of] p1a: Ogerpon\n|move|p2a: Dragapult|Dragon Dance|p2a: Dragapult\n|-boost|p2a: Dragapult|atk|1\n|-boost|p2a: Dragapult|spe|1\n|\n|-damage|p1a: Ogerpon|36\/100 brn|[from] brn\n|upkeep\n|turn|11\n|\n|t:|1700421353\n|move|p2a: Dragapult|Tera Blast|p1a: Ogerpon|[anim] Tera Blast Fire\n|-supereffective|p1a: Ogerpon\n|-damage|p1a: Ogerpon|0 fnt\n|faint|p1a: Ogerpon\n|\n|upkeep\n|\n|t:|1700421356\n|switch|p1a: Moltres|Moltres|100\/100\n|turn|12\n|\n|t:|1700421361\n|move|p2a: Dragapult|Dragon Dance|p2a: Dragapult\n|-boost|p2a: Dragapult|atk|1\n|-boost|p2a: Dragapult|spe|1\n|move|p1a: Moltres|Roost||[still]\n|-fail|p1a: Moltres|heal\n|\n|upkeep\n|turn|13\n|\n|t:|1700421365\n|move|p2a: Dragapult|Dragon Darts|p1a: Moltres\n|-damage|p1a: Moltres|60\/100\n|-anim|p2a: Dragapult|Dragon Darts|p1a: Moltres\n|-damage|p1a: Moltres|20\/100\n|move|p1a: Moltres|Flamethrower|p2a: Dragapult\n|-resisted|p2a: Dragapult\n|-damage|p2a: Dragapult|13\/100\n|\n|-sideend|p2: Pikka888|move: Aurora Veil\n|upkeep\n|turn|14\n|\n|t:|1700421369\n|move|p2a: Dragapult|Dragon Darts|p1a: Moltres\n|-damage|p1a: Moltres|0 fnt\n|faint|p1a: Moltres\n|\n|upkeep\n|\n|t:|1700421373\n|switch|p1a: Kingambit|Kingambit, M|100\/100\n|-damage|p1a: Kingambit|94\/100|[from] Stealth Rock\n|-activate|p1a: Kingambit|ability: Supreme Overlord\n|-start|p1a: Kingambit|fallen3|[silent]\n|turn|15\n|\n|t:|1700421379\n|move|p2a: Dragapult|Dragon Dance|p2a: Dragapult\n|-boost|p2a: Dragapult|atk|1\n|-boost|p2a: Dragapult|spe|1\n|move|p1a: Kingambit|Kowtow Cleave|p2a: Dragapult\n|-damage|p2a: Dragapult|0 fnt\n|faint|p2a: Dragapult\n|\n|-heal|p1a: Kingambit|100\/100|[from] item: Leftovers\n|upkeep\n|\n|t:|1700421384\n|switch|p2a: Iron Treads|Iron Treads|100\/100\n|turn|16\n|\n|t:|1700421389\n|-end|p1a: Kingambit|fallen3|[silent]\n|switch|p1a: Dragapult|Dragapult, F|100\/100\n|-damage|p1a: Dragapult|88\/100|[from] Stealth Rock\n|move|p2a: Iron Treads|Earthquake|p1a: Dragapult\n|-damage|p1a: Dragapult|25\/100\n|\n|upkeep\n|turn|17\n|\n|t:|1700421397\n|-end|p2a: Iron Treads|Quark Drive|[silent]\n|switch|p2a: Ninetales|Ninetales-Alola, F, shiny|7\/100\n|-weather|Snow|[from] ability: Snow Warning|[of] p2a: Ninetales\n|move|p1a: Dragapult|Flamethrower|p2a: Ninetales\n|-supereffective|p2a: Ninetales\n|-damage|p2a: Ninetales|0 fnt\n|faint|p2a: Ninetales\n|\n|-weather|Snow|[upkeep]\n|upkeep\n|\n|t:|1700421402\n|switch|p2a: Tyranitar|Tyranitar, M, shiny|100\/100\n|-weather|Sandstorm|[from] ability: Sand Stream|[of] p2a: Tyranitar\n|turn|18\n|\n|t:|1700421410\n|switch|p1a: Great Tusk|Great Tusk|100\/100\n|-damage|p1a: Great Tusk|98\/100|[from] Stealth Rock\n|move|p2a: Tyranitar|Dragon Dance|p2a: Tyranitar\n|-boost|p2a: Tyranitar|atk|1\n|-boost|p2a: Tyranitar|spe|1\n|\n|-weather|Sandstorm|[upkeep]\n|-heal|p1a: Great Tusk|100\/100|[from] item: Leftovers\n|upkeep\n|turn|19\n|\n|t:|1700421414\n|move|p2a: Tyranitar|Ice Punch|p1a: Great Tusk\n|-supereffective|p1a: Great Tusk\n|-damage|p1a: Great Tusk|40\/100\n|move|p1a: Great Tusk|Earthquake|p2a: Tyranitar\n|-supereffective|p2a: Tyranitar\n|-damage|p2a: Tyranitar|7\/100\n|-enditem|p2a: Tyranitar|Weakness Policy\n|-boost|p2a: Tyranitar|atk|2|[from] item: Weakness Policy\n|-boost|p2a: Tyranitar|spa|2|[from] item: Weakness Policy\n|\n|-weather|Sandstorm|[upkeep]\n|-heal|p1a: Great Tusk|46\/100|[from] item: Leftovers\n|upkeep\n|turn|20\n|\n|t:|1700421419\n|move|p2a: Tyranitar|Ice Punch|p1a: Great Tusk\n|-supereffective|p1a: Great Tusk\n|-damage|p1a: Great Tusk|0 fnt\n|faint|p1a: Great Tusk\n|-end|p1a: Great Tusk|Protosynthesis|[silent]\n|\n|-weather|Sandstorm|[upkeep]\n|upkeep\n|\n|t:|1700421421\n|switch|p1a: Kingambit|Kingambit, M|100\/100\n|-damage|p1a: Kingambit|94\/100|[from] Stealth Rock\n|-activate|p1a: Kingambit|ability: Supreme Overlord\n|-start|p1a: Kingambit|fallen4|[silent]\n|turn|21\n|\n|t:|1700421424\n|move|p1a: Kingambit|Sucker Punch|p2a: Tyranitar\n|-resisted|p2a: Tyranitar\n|-damage|p2a: Tyranitar|0 fnt\n|faint|p2a: Tyranitar\n|\n|-weather|Sandstorm|[upkeep]\n|-heal|p1a: Kingambit|100\/100|[from] item: Leftovers\n|upkeep\n|\n|t:|1700421427\n|switch|p2a: Iron Treads|Iron Treads|100\/100\n|turn|22\n|\n|t:|1700421434\n|move|p2a: Iron Treads|Earthquake|p1a: Kingambit\n|-supereffective|p1a: Kingambit\n|-damage|p1a: Kingambit|26\/100\n|move|p1a: Kingambit|Kowtow Cleave|p2a: Iron Treads\n|-damage|p2a: Iron Treads|33\/100\n|\n|-weather|none\n|-heal|p1a: Kingambit|32\/100|[from] item: Leftovers\n|upkeep\n|turn|23\n|\n|t:|1700421442\n|move|p2a: Iron Treads|Earthquake|p1a: Kingambit\n|-supereffective|p1a: Kingambit\n|-damage|p1a: Kingambit|0 fnt\n|faint|p1a: Kingambit\n|-end|p1a: Kingambit|fallen4|[silent]\n|\n|upkeep\n|\n|t:|1700421444\n|switch|p1a: Dragapult|Dragapult, F|25\/100\n|-damage|p1a: Dragapult|13\/100|[from] Stealth Rock\n|turn|24\n|\n|t:|1700421447\n|move|p1a: Dragapult|Shadow Ball|p2a: Iron Treads\n|-damage|p2a: Iron Treads|0 fnt\n|faint|p2a: Iron Treads\n|-end|p2a: Iron Treads|Quark Drive|[silent]\n|\n|upkeep\n|\n|t:|1700421449\n|switch|p2a: Manaphy|Manaphy|25\/100\n|turn|25\n|\n|t:|1700421453\n|move|p1a: Dragapult|Shadow Ball|p2a: Manaphy\n|-damage|p2a: Manaphy|0 fnt\n|faint|p2a: Manaphy\n|\n|win|Missing Shape\n|raw|Missing Shape's rating: 1159 &rarr; <strong>1192<\/strong><br \/>(+33 for winning)\n|raw|Pikka888's rating: 1269 &rarr; <strong>1236<\/strong><br \/>(-33 for losing)\n","uploadtime":1700421456,"views":13,"p1id":"missingshape","p2id":"pikka888","formatid":"gen9ou","rating":1192,"private":0,"password":""}