{"id":"gen9ou-1994951682","p1":"Jbonelovestraps","p2":"Alderson","format":"[Gen 9] OU","log":"|j|\u2606Jbonelovestraps\n|j|\u2606Alderson\n|t:|1700507534\n|gametype|singles\n|player|p1|Jbonelovestraps|101|1340\n|player|p2|Alderson|101|1412\n|teamsize|p1|6\n|teamsize|p2|6\n|gen|9\n|tier|[Gen 9] OU\n|rated|\n|rule|Sleep Clause Mod: Limit one foe put to sleep\n|rule|Species Clause: Limit one of each Pok\u00e9mon\n|rule|OHKO Clause: OHKO moves are banned\n|rule|Evasion Items Clause: Evasion items are banned\n|rule|Evasion Moves Clause: Evasion moves are banned\n|rule|Endless Battle Clause: Forcing endless battles is banned\n|rule|HP Percentage Mod: HP is shown in percentages\n|clearpoke\n|poke|p1|Typhlosion, F|\n|poke|p1|Hatterene, F|\n|poke|p1|Great Tusk|\n|poke|p1|Samurott-Hisui, F|\n|poke|p1|Maushold|\n|poke|p1|Dragapult, F|\n|poke|p2|Rillaboom, F|\n|poke|p2|Garganacl, F|\n|poke|p2|Landorus-Therian, M|\n|poke|p2|Mandibuzz, F|\n|poke|p2|Ogerpon-Wellspring, F|\n|poke|p2|Iron Moth|\n|teampreview\n|inactive|Battle timer is ON: inactive players will automatically lose when time's up. (requested by Alderson)\n|\n|t:|1700507541\n|start\n|switch|p1a: Samurott|Samurott-Hisui, F|100\/100\n|switch|p2a: Ogertime|Ogerpon-Wellspring, F|100\/100\n|turn|1\n|\n|t:|1700507544\n|move|p2a: Ogertime|Spikes|p1a: Samurott\n|-sidestart|p1: Jbonelovestraps|Spikes\n|move|p1a: Samurott|Ceaseless Edge|p2a: Ogertime\n|-damage|p2a: Ogertime|48\/100\n|-sidestart|p2: Alderson|Spikes\n|\n|upkeep\n|turn|2\n|\n|t:|1700507549\n|move|p2a: Ogertime|Horn Leech|p1a: Samurott\n|-supereffective|p1a: Samurott\n|-damage|p1a: Samurott|3\/100\n|-heal|p2a: Ogertime|97\/100|[from] drain|[of] p1a: Samurott\n|move|p1a: Samurott|Ceaseless Edge|p2a: Ogertime\n|-damage|p2a: Ogertime|50\/100\n|-sidestart|p2: Alderson|Spikes\n|\n|upkeep\n|turn|3\n|\n|t:|1700507553\n|move|p2a: Ogertime|Horn Leech|p1a: Samurott\n|-supereffective|p1a: Samurott\n|-damage|p1a: Samurott|0 fnt\n|-heal|p2a: Ogertime|51\/100|[from] drain|[of] p1a: Samurott\n|faint|p1a: Samurott\n|\n|upkeep\n|\n|t:|1700507558\n|switch|p1a: Dragapult|Dragapult, F|100\/100\n|turn|4\n|\n|t:|1700507568\n|switch|p2a: Me N My Buzz|Mandibuzz, F, shiny|100\/100\n|move|p1a: Dragapult|Will-O-Wisp|p2a: Me N My Buzz\n|-status|p2a: Me N My Buzz|brn\n|\n|-damage|p2a: Me N My Buzz|94\/100 brn|[from] brn\n|upkeep\n|turn|5\n|\n|t:|1700507578\n|move|p1a: Dragapult|U-turn|p2a: Me N My Buzz\n|-damage|p2a: Me N My Buzz|84\/100 brn\n|\n|t:|1700507580\n|switch|p1a: Hatterene|Hatterene, F|100\/100|[from] U-turn\n|-damage|p1a: Hatterene|88\/100|[from] Spikes\n|move|p2a: Me N My Buzz|Defog|p1a: Hatterene\n|move|p1a: Hatterene|Defog|p2a: Me N My Buzz|[from]ability: Magic Bounce\n|-unboost|p2a: Me N My Buzz|evasion|1\n|-sideend|p2: Alderson|Spikes|[from] move: Defog|[of] p1a: Hatterene\n|-sideend|p1: Jbonelovestraps|Spikes|[from] move: Defog|[of] p1a: Hatterene\n|\n|-damage|p2a: Me N My Buzz|78\/100 brn|[from] brn\n|upkeep\n|turn|6\n|\n|t:|1700507586\n|switch|p2a: Nightcure|Garganacl, F, shiny|100\/100\n|move|p1a: Hatterene|Calm Mind|p1a: Hatterene\n|-boost|p1a: Hatterene|spa|1\n|-boost|p1a: Hatterene|spd|1\n|\n|upkeep\n|turn|7\n|\n|t:|1700507591\n|move|p1a: Hatterene|Calm Mind|p1a: Hatterene\n|-boost|p1a: Hatterene|spa|1\n|-boost|p1a: Hatterene|spd|1\n|move|p2a: Nightcure|Salt Cure|p1a: Hatterene\n|-damage|p1a: Hatterene|76\/100\n|\n|upkeep\n|turn|8\n|\n|t:|1700507598\n|switch|p2a: It's Overheat|Iron Moth, shiny|100\/100\n|move|p1a: Hatterene|Stored Power|p2a: It's Overheat\n|-supereffective|p2a: It's Overheat\n|-damage|p2a: It's Overheat|0 fnt\n|faint|p2a: It's Overheat\n|-end|p2a: It's Overheat|Quark Drive|[silent]\n|\n|upkeep\n|\n|t:|1700507607\n|switch|p2a: Green Room|Rillaboom, F, shiny|100\/100\n|-fieldstart|move: Grassy Terrain|[from] ability: Grassy Surge|[of] p2a: Green Room\n|turn|9\n|\n|t:|1700507609\n|move|p2a: Green Room|Wood Hammer|p1a: Hatterene\n|-damage|p1a: Hatterene|0 fnt\n|faint|p1a: Hatterene\n|-damage|p2a: Green Room|80\/100|[from] Recoil\n|\n|-heal|p2a: Green Room|86\/100|[from] Grassy Terrain\n|upkeep\n|\n|t:|1700507613\n|switch|p1a: Typhlosion|Typhlosion, F|100\/100\n|turn|10\n|\n|t:|1700507618\n|switch|p2a: Nightcure|Garganacl, F, shiny|100\/100\n|move|p1a: Typhlosion|Eruption|p2a: Nightcure\n|-resisted|p2a: Nightcure\n|-damage|p2a: Nightcure|69\/100\n|\n|-heal|p2a: Nightcure|75\/100|[from] Grassy Terrain\n|-heal|p2a: Nightcure|81\/100|[from] item: Leftovers\n|upkeep\n|turn|11\n|\n|t:|1700507626\n|switch|p1a: Great Tusk|Great Tusk|100\/100\n|move|p2a: Nightcure|Iron Defense|p2a: Nightcure\n|-boost|p2a: Nightcure|def|2\n|\n|-heal|p2a: Nightcure|88\/100|[from] Grassy Terrain\n|-heal|p2a: Nightcure|94\/100|[from] item: Leftovers\n|upkeep\n|turn|12\n|\n|t:|1700507630\n|-terastallize|p2a: Nightcure|Water\n|move|p1a: Great Tusk|Knock Off|p2a: Nightcure\n|-damage|p2a: Nightcure|85\/100\n|-enditem|p2a: Nightcure|Leftovers|[from] move: Knock Off|[of] p1a: Great Tusk\n|move|p2a: Nightcure|Iron Defense|p2a: Nightcure\n|-boost|p2a: Nightcure|def|2\n|\n|-heal|p2a: Nightcure|91\/100|[from] Grassy Terrain\n|upkeep\n|turn|13\n|\n|t:|1700507638\n|-end|p1a: Great Tusk|Protosynthesis|[silent]\n|switch|p1a: Maushold|Maushold|100\/100\n|move|p2a: Nightcure|Iron Defense|p2a: Nightcure\n|-boost|p2a: Nightcure|def|2\n|\n|-heal|p2a: Nightcure|97\/100|[from] Grassy Terrain\n|-fieldend|move: Grassy Terrain\n|upkeep\n|turn|14\n|\n|t:|1700507646\n|switch|p2a: Psyccubus|Landorus-Therian, M, shiny|100\/100\n|-ability|p2a: Psyccubus|Intimidate|boost\n|-unboost|p1a: Maushold|atk|1\n|move|p1a: Maushold|Encore||[still]\n|-fail|p1a: Maushold\n|\n|upkeep\n|turn|15\n|\n|t:|1700507654\n|switch|p1a: Great Tusk|Great Tusk|100\/100\n|move|p2a: Psyccubus|U-turn|p1a: Great Tusk\n|-resisted|p1a: Great Tusk\n|-damage|p1a: Great Tusk|92\/100\n|\n|t:|1700507656\n|switch|p2a: Green Room|Rillaboom, F, shiny|86\/100|[from] U-turn\n|-fieldstart|move: Grassy Terrain|[from] ability: Grassy Surge|[of] p2a: Green Room\n|\n|-heal|p1a: Great Tusk|99\/100|[from] Grassy Terrain\n|-heal|p2a: Green Room|92\/100|[from] Grassy Terrain\n|upkeep\n|turn|16\n|\n|t:|1700507662\n|-end|p1a: Great Tusk|Protosynthesis|[silent]\n|switch|p1a: Dragapult|Dragapult, F|100\/100\n|move|p2a: Green Room|Grassy Glide|p1a: Dragapult\n|-resisted|p1a: Dragapult\n|-damage|p1a: Dragapult|58\/100\n|\n|-heal|p1a: Dragapult|64\/100|[from] Grassy Terrain\n|-heal|p2a: Green Room|99\/100|[from] Grassy Terrain\n|upkeep\n|turn|17\n|\n|t:|1700507666\n|switch|p2a: Nightcure|Garganacl, F, shiny, tera:Water|97\/100\n|move|p1a: Dragapult|Will-O-Wisp|p2a: Nightcure\n|-immune|p2a: Nightcure|[from] ability: Purifying Salt\n|\n|-heal|p1a: Dragapult|70\/100|[from] Grassy Terrain\n|-heal|p2a: Nightcure|100\/100|[from] Grassy Terrain\n|upkeep\n|turn|18\n|\n|t:|1700507672\n|move|p1a: Dragapult|Draco Meteor|p2a: Nightcure\n|-damage|p2a: Nightcure|66\/100\n|-unboost|p1a: Dragapult|spa|2\n|move|p2a: Nightcure|Salt Cure|p1a: Dragapult\n|-damage|p1a: Dragapult|53\/100\n|-start|p1a: Dragapult|Salt Cure\n|\n|-heal|p1a: Dragapult|59\/100|[from] Grassy Terrain\n|-heal|p2a: Nightcure|72\/100|[from] Grassy Terrain\n|-damage|p1a: Dragapult|46\/100|[from] Salt Cure\n|upkeep\n|turn|19\n|\n|t:|1700507677\n|move|p1a: Dragapult|U-turn|p2a: Nightcure\n|-damage|p2a: Nightcure|60\/100\n|\n|t:|1700507679\n|switch|p1a: Maushold|Maushold|100\/100|[from] U-turn\n|move|p2a: Nightcure|Salt Cure|p1a: Maushold\n|-damage|p1a: Maushold|78\/100\n|-start|p1a: Maushold|Salt Cure\n|\n|-heal|p1a: Maushold|84\/100|[from] Grassy Terrain\n|-heal|p2a: Nightcure|66\/100|[from] Grassy Terrain\n|-damage|p1a: Maushold|72\/100|[from] Salt Cure\n|-fieldend|move: Grassy Terrain\n|upkeep\n|turn|20\n|\n|t:|1700507689\n|switch|p1a: Typhlosion|Typhlosion, F|100\/100\n|switch|p2a: Psyccubus|Landorus-Therian, M, shiny|100\/100\n|-ability|p2a: Psyccubus|Intimidate|boost\n|-unboost|p1a: Typhlosion|atk|1\n|\n|upkeep\n|turn|21\n|\n|t:|1700507694\n|move|p1a: Typhlosion|Eruption|p2a: Psyccubus\n|-damage|p2a: Psyccubus|15\/100\n|move|p2a: Psyccubus|Earthquake|p1a: Typhlosion\n|-supereffective|p1a: Typhlosion\n|-damage|p1a: Typhlosion|0 fnt\n|faint|p1a: Typhlosion\n|\n|-heal|p2a: Psyccubus|21\/100|[from] item: Leftovers\n|upkeep\n|\n|t:|1700507700\n|switch|p1a: Dragapult|Dragapult, F|46\/100\n|turn|22\n|\n|t:|1700507705\n|switch|p2a: Me N My Buzz|Mandibuzz, F, shiny|78\/100 brn\n|move|p1a: Dragapult|Hex|p2a: Me N My Buzz\n|-resisted|p2a: Me N My Buzz\n|-damage|p2a: Me N My Buzz|53\/100 brn\n|\n|-damage|p2a: Me N My Buzz|47\/100 brn|[from] brn\n|upkeep\n|turn|23\n|\n|t:|1700507710\n|move|p1a: Dragapult|Draco Meteor|p2a: Me N My Buzz\n|-damage|p2a: Me N My Buzz|3\/100 brn\n|-unboost|p1a: Dragapult|spa|2\n|move|p2a: Me N My Buzz|Roost|p2a: Me N My Buzz\n|-heal|p2a: Me N My Buzz|53\/100 brn\n|-singleturn|p2a: Me N My Buzz|move: Roost\n|\n|-damage|p2a: Me N My Buzz|47\/100 brn|[from] brn\n|upkeep\n|turn|24\n|\n|t:|1700507714\n|move|p1a: Dragapult|U-turn|p2a: Me N My Buzz\n|-damage|p2a: Me N My Buzz|37\/100 brn\n|\n|t:|1700507717\n|switch|p1a: Maushold|Maushold|72\/100|[from] U-turn\n|move|p2a: Me N My Buzz|Roost|p2a: Me N My Buzz\n|-heal|p2a: Me N My Buzz|87\/100 brn\n|-singleturn|p2a: Me N My Buzz|move: Roost\n|\n|-damage|p2a: Me N My Buzz|81\/100 brn|[from] brn\n|upkeep\n|turn|25\n|\n|t:|1700507724\n|switch|p2a: Psyccubus|Landorus-Therian, M, shiny|21\/100\n|-ability|p2a: Psyccubus|Intimidate|boost\n|-unboost|p1a: Maushold|atk|1\n|move|p1a: Maushold|Tidy Up|p1a: Maushold\n|-boost|p1a: Maushold|atk|1\n|-boost|p1a: Maushold|spe|1\n|\n|-heal|p2a: Psyccubus|27\/100|[from] item: Leftovers\n|upkeep\n|turn|26\n|\n|t:|1700507728\n|move|p1a: Maushold|Population Bomb|p2a: Psyccubus\n|-damage|p2a: Psyccubus|16\/100\n|-damage|p2a: Psyccubus|6\/100\n|-damage|p2a: Psyccubus|0 fnt\n|faint|p2a: Psyccubus\n|-hitcount|p2: Psyccubus|3\n|\n|upkeep\n|\n|t:|1700507730\n|switch|p2a: Green Room|Rillaboom, F, shiny|99\/100\n|-fieldstart|move: Grassy Terrain|[from] ability: Grassy Surge|[of] p2a: Green Room\n|turn|27\n|\n|t:|1700507735\n|switch|p1a: Great Tusk|Great Tusk|99\/100\n|move|p2a: Green Room|Grassy Glide|p1a: Great Tusk\n|-supereffective|p1a: Great Tusk\n|-damage|p1a: Great Tusk|6\/100\n|\n|-heal|p1a: Great Tusk|12\/100|[from] Grassy Terrain\n|-heal|p2a: Green Room|100\/100|[from] Grassy Terrain\n|upkeep\n|turn|28\n|\n|t:|1700507737\n|move|p2a: Green Room|Grassy Glide|p1a: Great Tusk\n|-supereffective|p1a: Great Tusk\n|-damage|p1a: Great Tusk|0 fnt\n|faint|p1a: Great Tusk\n|-end|p1a: Great Tusk|Protosynthesis|[silent]\n|\n|upkeep\n|\n|t:|1700507739\n|switch|p1a: Dragapult|Dragapult, F|46\/100\n|turn|29\n|\n|t:|1700507744\n|switch|p2a: Nightcure|Garganacl, F, shiny, tera:Water|66\/100\n|-terastallize|p1a: Dragapult|Dragon\n|move|p1a: Dragapult|Draco Meteor|p2a: Nightcure\n|-damage|p2a: Nightcure|18\/100\n|-unboost|p1a: Dragapult|spa|2\n|\n|-heal|p1a: Dragapult|52\/100|[from] Grassy Terrain\n|-heal|p2a: Nightcure|25\/100|[from] Grassy Terrain\n|upkeep\n|turn|30\n|\n|t:|1700507755\n|switch|p2a: Ogertime|Ogerpon-Wellspring, F|51\/100\n|move|p1a: Dragapult|Draco Meteor|p2a: Ogertime\n|-damage|p2a: Ogertime|11\/100\n|-unboost|p1a: Dragapult|spa|2\n|\n|-heal|p1a: Dragapult|58\/100|[from] Grassy Terrain\n|-heal|p2a: Ogertime|17\/100|[from] Grassy Terrain\n|upkeep\n|turn|31\n|\n|t:|1700507763\n|move|p1a: Dragapult|U-turn|p2a: Ogertime\n|-supereffective|p2a: Ogertime\n|-damage|p2a: Ogertime|0 fnt\n|faint|p2a: Ogertime\n|\n|t:|1700507764\n|switch|p1a: Maushold|Maushold|72\/100|[from] U-turn\n|\n|-heal|p1a: Maushold|78\/100|[from] Grassy Terrain\n|-fieldend|move: Grassy Terrain\n|upkeep\n|\n|t:|1700507767\n|switch|p2a: Green Room|Rillaboom, F, shiny|100\/100\n|-fieldstart|move: Grassy Terrain|[from] ability: Grassy Surge|[of] p2a: Green Room\n|turn|32\n|\n|t:|1700507771\n|move|p2a: Green Room|Grassy Glide|p1a: Maushold\n|-damage|p1a: Maushold|0 fnt\n|faint|p1a: Maushold\n|\n|upkeep\n|\n|t:|1700507772\n|switch|p1a: Dragapult|Dragapult, F, tera:Dragon|58\/100\n|turn|33\n|\n|t:|1700507782\n|switch|p2a: Me N My Buzz|Mandibuzz, F, shiny|81\/100 brn\n|move|p1a: Dragapult|Will-O-Wisp|p2a: Me N My Buzz\n|-fail|p2a: Me N My Buzz|brn\n|\n|-heal|p1a: Dragapult|64\/100|[from] Grassy Terrain\n|-damage|p2a: Me N My Buzz|75\/100 brn|[from] brn\n|upkeep\n|turn|34\n|inactive|Jbonelovestraps has 120 seconds left.\n|inactive|Jbonelovestraps has 90 seconds left.\n|inactive|Jbonelovestraps has 60 seconds left.\n|c|\u2606Alderson|Have any idea?\n|inactive|Jbonelovestraps has 30 seconds left.\n|inactive|Jbonelovestraps has 20 seconds left.\n|inactive|Jbonelovestraps has 15 seconds left.\n|inactive|Jbonelovestraps has 10 seconds left.\n|inactive|Jbonelovestraps has 5 seconds left.\n|-message|Jbonelovestraps lost due to inactivity.\n|\n|win|Alderson\n|raw|Jbonelovestraps's rating: 1340 &rarr; <strong>1324<\/strong><br \/>(-16 for losing)\n|raw|Alderson's rating: 1412 &rarr; <strong>1428<\/strong><br \/>(+16 for winning)\n","uploadtime":1700507962,"views":6,"p1id":"jbonelovestraps","p2id":"alderson","formatid":"gen9ou","rating":1324,"private":0,"password":""}