{"id":"gen9ou-1991445834","p1":"Warmadillo","p2":"Kiryu_08","format":"[Gen 9] OU","log":"|j|\u2606Warmadillo\n|j|\u2606Kiryu_08\n|t:|1700077753\n|gametype|singles\n|player|p1|Warmadillo|pokemonranger-gen4|1255\n|player|p2|Kiryu_08|hilbert|1274\n|teamsize|p1|6\n|teamsize|p2|6\n|gen|9\n|tier|[Gen 9] OU\n|rated|\n|rule|Sleep Clause Mod: Limit one foe put to sleep\n|rule|Species Clause: Limit one of each Pok\u00e9mon\n|rule|OHKO Clause: OHKO moves are banned\n|rule|Evasion Items Clause: Evasion items are banned\n|rule|Evasion Moves Clause: Evasion moves are banned\n|rule|Endless Battle Clause: Forcing endless battles is banned\n|rule|HP Percentage Mod: HP is shown in percentages\n|clearpoke\n|poke|p1|Gholdengo|\n|poke|p1|Toxapex, F|\n|poke|p1|Great Tusk|\n|poke|p1|Garganacl, F|\n|poke|p1|Sneasler, F|\n|poke|p1|Enamorus-Therian, F|\n|poke|p2|Kingambit, M|\n|poke|p2|Glimmora, F|\n|poke|p2|Zamazenta-*|\n|poke|p2|Iron Valiant|\n|poke|p2|Iron Moth|\n|poke|p2|Ogerpon-Wellspring, F|\n|teampreview\n|inactive|Battle timer is ON: inactive players will automatically lose when time's up. (requested by Warmadillo)\n|\n|t:|1700077767\n|start\n|switch|p1a: Sneasler|Sneasler, F|100\/100\n|switch|p2a: toxic flower|Glimmora, F|100\/100\n|turn|1\n|\n|t:|1700077774\n|move|p1a: Sneasler|Fake Out|p2a: toxic flower\n|-resisted|p2a: toxic flower\n|-damage|p2a: toxic flower|90\/100\n|-activate|p2a: toxic flower|ability: Toxic Debris\n|-sidestart|p1: Warmadillo|move: Toxic Spikes\n|cant|p2a: toxic flower|flinch\n|\n|upkeep\n|turn|2\n|\n|t:|1700077780\n|move|p1a: Sneasler|Close Combat|p2a: toxic flower\n|-damage|p2a: toxic flower|13\/100\n|-unboost|p1a: Sneasler|def|1\n|-unboost|p1a: Sneasler|spd|1\n|-activate|p2a: toxic flower|ability: Toxic Debris\n|-sidestart|p1: Warmadillo|move: Toxic Spikes\n|-enditem|p1a: Sneasler|White Herb\n|-clearnegativeboost|p1a: Sneasler|[silent]\n|move|p2a: toxic flower|Stealth Rock|p1a: Sneasler\n|-sidestart|p1: Warmadillo|move: Stealth Rock\n|\n|upkeep\n|turn|3\n|\n|t:|1700077803\n|move|p1a: Sneasler|Acrobatics|p2a: toxic flower\n|-resisted|p2a: toxic flower\n|-damage|p2a: toxic flower|0 fnt\n|faint|p2a: toxic flower\n|\n|upkeep\n|\n|t:|1700077806\n|switch|p2a: Iron Genderfluid|Iron Valiant|100\/100\n|-enditem|p2a: Iron Genderfluid|Booster Energy\n|-activate|p2a: Iron Genderfluid|ability: Quark Drive|[fromitem]\n|-start|p2a: Iron Genderfluid|quarkdrivespe\n|turn|4\n|\n|t:|1700077834\n|-terastallize|p1a: Sneasler|Flying\n|move|p1a: Sneasler|Acrobatics|p2a: Iron Genderfluid\n|-supereffective|p2a: Iron Genderfluid\n|-damage|p2a: Iron Genderfluid|0 fnt\n|faint|p2a: Iron Genderfluid\n|-end|p2a: Iron Genderfluid|Quark Drive|[silent]\n|\n|upkeep\n|inactive|Kiryu_08 has 120 seconds left.\n|\n|t:|1700077876\n|switch|p2a: Ferropolla|Iron Moth|100\/100\n|-enditem|p2a: Ferropolla|Booster Energy\n|-activate|p2a: Ferropolla|ability: Quark Drive|[fromitem]\n|-start|p2a: Ferropolla|quarkdrivespe\n|turn|5\n|c|\u2606Kiryu_08|BRO WTF\n|c|\u2606Kiryu_08|MY PC HAS LAG XDDD\n|inactive|Warmadillo has 120 seconds left.\n|\n|t:|1700077905\n|move|p1a: Sneasler|Acrobatics|p2a: Ferropolla\n|-damage|p2a: Ferropolla|13\/100\n|move|p2a: Ferropolla|Fiery Dance|p1a: Sneasler\n|-damage|p1a: Sneasler|44\/100\n|\n|upkeep\n|turn|6\n|inactive|Warmadillo has 120 seconds left.\n|\n|t:|1700077916\n|-end|p2a: Ferropolla|Quark Drive|[silent]\n|switch|p2a: Moustache guy|Kingambit, M|100\/100\n|-activate|p2a: Moustache guy|ability: Supreme Overlord\n|-start|p2a: Moustache guy|fallen2|[silent]\n|move|p1a: Sneasler|Acrobatics|p2a: Moustache guy\n|-resisted|p2a: Moustache guy\n|-damage|p2a: Moustache guy|72\/100\n|\n|upkeep\n|turn|7\n|\n|t:|1700077932\n|-terastallize|p2a: Moustache guy|Flying\n|move|p2a: Moustache guy|Sucker Punch|p1a: Sneasler\n|-damage|p1a: Sneasler|0 fnt\n|faint|p1a: Sneasler\n|\n|upkeep\n|\n|t:|1700077940\n|switch|p1a: Garganacl|Garganacl, F|100\/100\n|turn|8\n|\n|t:|1700077950\n|move|p2a: Moustache guy|Iron Head|p1a: Garganacl\n|-supereffective|p1a: Garganacl\n|-damage|p1a: Garganacl|26\/100\n|cant|p1a: Garganacl|flinch\n|\n|upkeep\n|turn|9\n|\n|t:|1700077955\n|switch|p1a: Toxapex|Toxapex, F|100\/100\n|-sideend|p1: Warmadillo|move: Toxic Spikes|[of] p1a: Toxapex\n|-damage|p1a: Toxapex|88\/100|[from] Stealth Rock\n|move|p2a: Moustache guy|Iron Head|p1a: Toxapex\n|-resisted|p1a: Toxapex\n|-damage|p1a: Toxapex|70\/100\n|\n|-heal|p1a: Toxapex|76\/100|[from] item: Leftovers\n|upkeep\n|turn|10\n|\n|t:|1700077965\n|-end|p2a: Moustache guy|fallen2|[silent]\n|switch|p2a: Poison Ivy|Ogerpon-Wellspring, F|100\/100\n|move|p1a: Toxapex|Toxic|p2a: Poison Ivy\n|-status|p2a: Poison Ivy|tox\n|\n|-heal|p1a: Toxapex|82\/100|[from] item: Leftovers\n|-damage|p2a: Poison Ivy|95\/100 tox|[from] psn\n|upkeep\n|turn|11\n|\n|t:|1700077985\n|switch|p1a: Enamorus|Enamorus-Therian, F|100\/100\n|move|p2a: Poison Ivy|Swords Dance|p2a: Poison Ivy\n|-boost|p2a: Poison Ivy|atk|2\n|\n|-damage|p2a: Poison Ivy|83\/100 tox|[from] psn\n|upkeep\n|turn|12\n|\n|t:|1700077998\n|move|p2a: Poison Ivy|Ivy Cudgel|p1a: Enamorus|[anim] Ivy Cudgel Water\n|-damage|p1a: Enamorus|0 fnt\n|faint|p1a: Enamorus\n|\n|-damage|p2a: Poison Ivy|65\/100 tox|[from] psn\n|upkeep\n|\n|t:|1700078004\n|switch|p1a: Garganacl|Garganacl, F|26\/100\n|turn|13\n|\n|t:|1700078008\n|move|p2a: Poison Ivy|Ivy Cudgel|p1a: Garganacl|[anim] Ivy Cudgel Water\n|-supereffective|p1a: Garganacl\n|-damage|p1a: Garganacl|0 fnt\n|faint|p1a: Garganacl\n|\n|-damage|p2a: Poison Ivy|41\/100 tox|[from] psn\n|upkeep\n|\n|t:|1700078014\n|switch|p1a: Great Tusk|Great Tusk|100\/100\n|turn|14\n|\n|t:|1700078022\n|-end|p1a: Great Tusk|Protosynthesis|[silent]\n|switch|p1a: Toxapex|Toxapex, F|100\/100\n|-damage|p1a: Toxapex|88\/100|[from] Stealth Rock\n|move|p2a: Poison Ivy|Ivy Cudgel|p1a: Toxapex|[anim] Ivy Cudgel Water\n|-resisted|p1a: Toxapex\n|-damage|p1a: Toxapex|53\/100\n|\n|-heal|p1a: Toxapex|59\/100|[from] item: Leftovers\n|-damage|p2a: Poison Ivy|11\/100 tox|[from] psn\n|upkeep\n|turn|15\n|\n|t:|1700078029\n|move|p2a: Poison Ivy|Power Whip|p1a: Toxapex\n|-damage|p1a: Toxapex|0 fnt\n|faint|p1a: Toxapex\n|\n|-damage|p2a: Poison Ivy|0 fnt|[from] psn\n|faint|p2a: Poison Ivy\n|upkeep\n|\n|t:|1700078043\n|switch|p2a: Moustache guy|Kingambit, M, tera:Flying|72\/100\n|switch|p1a: Gholdengo|Gholdengo|100\/100\n|-damage|p1a: Gholdengo|94\/100|[from] Stealth Rock\n|-item|p1a: Gholdengo|Air Balloon\n|-activate|p2a: Moustache guy|ability: Supreme Overlord\n|-start|p2a: Moustache guy|fallen3|[silent]\n|turn|16\n|\n|t:|1700078055\n|switch|p1a: Great Tusk|Great Tusk|100\/100\n|move|p2a: Moustache guy|Sucker Punch||[still]\n|-fail|p2a: Moustache guy\n|\n|upkeep\n|turn|17\n|\n|t:|1700078067\n|move|p1a: Great Tusk|Ice Spinner|p2a: Moustache guy\n|-supereffective|p2a: Moustache guy\n|-damage|p2a: Moustache guy|24\/100\n|move|p2a: Moustache guy|Iron Head|p1a: Great Tusk\n|-damage|p1a: Great Tusk|54\/100\n|\n|upkeep\n|turn|18\n|\n|t:|1700078082\n|move|p1a: Great Tusk|Knock Off|p2a: Moustache guy\n|-damage|p2a: Moustache guy|0 fnt\n|-enditem|p2a: Moustache guy|Black Glasses|[from] move: Knock Off|[of] p1a: Great Tusk\n|faint|p2a: Moustache guy\n|-end|p2a: Moustache guy|fallen3|[silent]\n|\n|upkeep\n|\n|t:|1700078093\n|switch|p2a: Ferropolla|Iron Moth|13\/100\n|turn|19\n|\n|t:|1700078102\n|move|p2a: Ferropolla|Dazzling Gleam|p1a: Great Tusk\n|-supereffective|p1a: Great Tusk\n|-crit|p1a: Great Tusk\n|-damage|p1a: Great Tusk|0 fnt\n|faint|p1a: Great Tusk\n|-end|p1a: Great Tusk|Protosynthesis|[silent]\n|\n|upkeep\n|\n|t:|1700078105\n|switch|p1a: Gholdengo|Gholdengo|94\/100\n|-damage|p1a: Gholdengo|88\/100|[from] Stealth Rock\n|-item|p1a: Gholdengo|Air Balloon\n|turn|20\n|\n|t:|1700078111\n|move|p2a: Ferropolla|Fiery Dance|p1a: Gholdengo\n|-supereffective|p1a: Gholdengo\n|-damage|p1a: Gholdengo|2\/100\n|-enditem|p1a: Gholdengo|Air Balloon\n|move|p1a: Gholdengo|Shadow Ball|p2a: Ferropolla\n|-damage|p2a: Ferropolla|0 fnt\n|faint|p2a: Ferropolla\n|-end|p2a: Ferropolla|Quark Drive|[silent]\n|\n|upkeep\n|\n|t:|1700078117\n|switch|p2a: woof woof|Zamazenta, shiny|100\/100\n|-ability|p2a: woof woof|Dauntless Shield|boost\n|-boost|p2a: woof woof|def|1\n|turn|21\n|\n|t:|1700078121\n|move|p2a: woof woof|Crunch|p1a: Gholdengo\n|-supereffective|p1a: Gholdengo\n|-damage|p1a: Gholdengo|0 fnt\n|faint|p1a: Gholdengo\n|\n|win|Kiryu_08\n|raw|Warmadillo's rating: 1255 &rarr; <strong>1231<\/strong><br \/>(-24 for losing)\n|raw|Kiryu_08's rating: 1274 &rarr; <strong>1298<\/strong><br \/>(+24 for winning)\n","uploadtime":1700078128,"views":12,"p1id":"warmadillo","p2id":"kiryu08","formatid":"gen9ou","rating":1231,"private":0,"password":""}