{"id":"gen9ou-1992828719","p1":"Deez Tusks","p2":"punyakoko","format":"[Gen 9] OU","log":"|j|\u2606Deez Tusks\n|j|\u2606punyakoko\n|t:|1700238999\n|gametype|singles\n|player|p1|Deez Tusks|unknown|1344\n|player|p2|punyakoko|calem-masters|1441\n|teamsize|p1|6\n|teamsize|p2|6\n|gen|9\n|tier|[Gen 9] OU\n|rated|\n|rule|Sleep Clause Mod: Limit one foe put to sleep\n|rule|Species Clause: Limit one of each Pok\u00e9mon\n|rule|OHKO Clause: OHKO moves are banned\n|rule|Evasion Items Clause: Evasion items are banned\n|rule|Evasion Moves Clause: Evasion moves are banned\n|rule|Endless Battle Clause: Forcing endless battles is banned\n|rule|HP Percentage Mod: HP is shown in percentages\n|clearpoke\n|poke|p1|Greninja-*, M|\n|poke|p1|Thundurus-Therian, M|\n|poke|p1|Slowking-Galar, F|\n|poke|p1|Landorus-Therian, M|\n|poke|p1|Corviknight, F|\n|poke|p1|Cinderace, F|\n|poke|p2|Iron Jugulis|\n|poke|p2|Ogerpon-Wellspring, F|\n|poke|p2|Tinkaton, F|\n|poke|p2|Iron Moth|\n|poke|p2|Great Tusk|\n|poke|p2|Dragapult, F|\n|teampreview\n|\n|t:|1700239054\n|start\n|switch|p1a: Thundurus|Thundurus-Therian, M|100\/100\n|switch|p2a: Dragapult|Dragapult, F|100\/100\n|turn|1\n|\n|t:|1700239065\n|-terastallize|p2a: Dragapult|Ghost\n|move|p1a: Thundurus|U-turn|p2a: Dragapult\n|-resisted|p2a: Dragapult\n|-damage|p2a: Dragapult|90\/100\n|\n|t:|1700239069\n|switch|p1a: Greninja|Greninja, M|100\/100|[from] U-turn\n|move|p2a: Dragapult|Shadow Ball|p1a: Greninja\n|-resisted|p1a: Greninja\n|-damage|p1a: Greninja|41\/100\n|-unboost|p1a: Greninja|spd|1\n|\n|upkeep\n|turn|2\n|\n|t:|1700239081\n|switch|p1a: Cinderace|Cinderace, F|100\/100\n|move|p2a: Dragapult|Shadow Ball|p1a: Cinderace\n|-damage|p1a: Cinderace|7\/100\n|\n|upkeep\n|turn|3\n|\n|t:|1700239092\n|switch|p2a: Iron Jugulis|Iron Jugulis|100\/100\n|-enditem|p2a: Iron Jugulis|Booster Energy\n|-activate|p2a: Iron Jugulis|ability: Quark Drive|[fromitem]\n|-start|p2a: Iron Jugulis|quarkdrivespe\n|move|p1a: Cinderace|Sucker Punch||[still]\n|-fail|p1a: Cinderace\n|\n|upkeep\n|turn|4\n|inactive|Battle timer is ON: inactive players will automatically lose when time's up. (requested by punyakoko)\n|\n|t:|1700239104\n|switch|p1a: Landorus|Landorus-Therian, M|100\/100\n|-ability|p1a: Landorus|Intimidate|boost\n|-unboost|p2a: Iron Jugulis|atk|1\n|move|p2a: Iron Jugulis|Knock Off|p1a: Landorus\n|-damage|p1a: Landorus|77\/100\n|-enditem|p1a: Landorus|Heavy-Duty Boots|[from] move: Knock Off|[of] p2a: Iron Jugulis\n|\n|upkeep\n|turn|5\n|\n|t:|1700239110\n|move|p2a: Iron Jugulis|Taunt|p1a: Landorus\n|-start|p1a: Landorus|move: Taunt\n|cant|p1a: Landorus|move: Taunt|Stealth Rock\n|\n|upkeep\n|turn|6\n|\n|t:|1700239113\n|move|p2a: Iron Jugulis|Hurricane|p1a: Landorus|[miss]\n|-miss|p2a: Iron Jugulis|p1a: Landorus\n|move|p1a: Landorus|Smack Down|p2a: Iron Jugulis\n|-supereffective|p2a: Iron Jugulis\n|-damage|p2a: Iron Jugulis|58\/100\n|-start|p2a: Iron Jugulis|Smack Down\n|\n|upkeep\n|turn|7\n|\n|t:|1700239116\n|move|p2a: Iron Jugulis|Hurricane|p1a: Landorus\n|-damage|p1a: Landorus|1\/100\n|-start|p1a: Landorus|confusion\n|-activate|p1a: Landorus|confusion\n|move|p1a: Landorus|Earthquake|p2a: Iron Jugulis\n|-damage|p2a: Iron Jugulis|0 fnt\n|faint|p2a: Iron Jugulis\n|-end|p2a: Iron Jugulis|Quark Drive|[silent]\n|\n|-end|p1a: Landorus|move: Taunt\n|upkeep\n|\n|t:|1700239128\n|switch|p2a: Dragapult|Dragapult, F, tera:Ghost|90\/100\n|turn|8\n|\n|t:|1700239131\n|move|p2a: Dragapult|Shadow Ball|p1a: Landorus\n|-damage|p1a: Landorus|0 fnt\n|faint|p1a: Landorus\n|\n|upkeep\n|\n|t:|1700239138\n|switch|p1a: Cinderace|Cinderace, F|7\/100\n|turn|9\n|\n|t:|1700239146\n|switch|p2a: TWINKATON|Tinkaton, F|100\/100\n|-item|p2a: TWINKATON|Air Balloon\n|move|p1a: Cinderace|U-turn|p2a: TWINKATON\n|-start|p1a: Cinderace|typechange|Bug|[from] ability: Libero\n|-resisted|p2a: TWINKATON\n|-damage|p2a: TWINKATON|91\/100\n|-enditem|p2a: TWINKATON|Air Balloon\n|-enditem|p1a: Cinderace|Heavy-Duty Boots|[silent]|[from] ability: Pickpocket|[of] p1a: Cinderace\n|-item|p2a: TWINKATON|Heavy-Duty Boots|[from] ability: Pickpocket|[of] p1a: Cinderace\n|\n|t:|1700239168\n|switch|p1a: Thundurus|Thundurus-Therian, M|100\/100|[from] U-turn\n|\n|upkeep\n|turn|10\n|\n|t:|1700239176\n|move|p1a: Thundurus|Thunderbolt|p2a: TWINKATON\n|-damage|p2a: TWINKATON|44\/100\n|move|p2a: TWINKATON|Stealth Rock|p1a: Thundurus\n|-sidestart|p1: Deez Tusks|move: Stealth Rock\n|\n|upkeep\n|turn|11\n|\n|t:|1700239192\n|switch|p1a: Cinderace|Cinderace, F|7\/100\n|-damage|p1a: Cinderace|0 fnt|[from] Stealth Rock\n|faint|p1a: Cinderace\n|switch|p2a: Great Tusk|Great Tusk|100\/100\n|-enditem|p2a: Great Tusk|Booster Energy\n|-activate|p2a: Great Tusk|ability: Protosynthesis|[fromitem]\n|-start|p2a: Great Tusk|protosynthesisspe\n|\n|upkeep\n|\n|t:|1700239217\n|switch|p1a: Thundurus|Thundurus-Therian, M|100\/100\n|-damage|p1a: Thundurus|76\/100|[from] Stealth Rock\n|turn|12\n|\n|t:|1700239230\n|-end|p2a: Great Tusk|Protosynthesis|[silent]\n|switch|p2a: TWINKATON|Tinkaton, F|44\/100\n|-terastallize|p1a: Thundurus|Flying\n|move|p1a: Thundurus|Tera Blast|p2a: TWINKATON|[anim] Tera Blast Flying\n|-resisted|p2a: TWINKATON\n|-damage|p2a: TWINKATON|13\/100\n|\n|upkeep\n|turn|13\n|\n|t:|1700239240\n|move|p1a: Thundurus|Tera Blast|p2a: TWINKATON|[anim] Tera Blast Flying\n|-resisted|p2a: TWINKATON\n|-damage|p2a: TWINKATON|0 fnt\n|faint|p2a: TWINKATON\n|\n|upkeep\n|\n|t:|1700239246\n|switch|p2a: Iron Moth|Iron Moth|100\/100\n|-enditem|p2a: Iron Moth|Booster Energy\n|-activate|p2a: Iron Moth|ability: Quark Drive|[fromitem]\n|-start|p2a: Iron Moth|quarkdrivespe\n|turn|14\n|inactive|Deez Tusks has 120 seconds left.\n|\n|t:|1700239305\n|switch|p1a: Slowking|Slowking-Galar, F|100\/100\n|move|p2a: Iron Moth|Fiery Dance|p1a: Slowking\n|-damage|p1a: Slowking|75\/100\n|-boost|p2a: Iron Moth|spa|1\n|\n|upkeep\n|turn|15\n|\n|t:|1700239309\n|move|p2a: Iron Moth|Fiery Dance|p1a: Slowking\n|-damage|p1a: Slowking|37\/100\n|-boost|p2a: Iron Moth|spa|1\n|move|p1a: Slowking|Trick Room|p1a: Slowking\n|-fieldstart|move: Trick Room|[of] p1a: Slowking\n|\n|upkeep\n|turn|16\n|\n|t:|1700239317\n|move|p1a: Slowking|Psyshock|p2a: Iron Moth\n|-supereffective|p2a: Iron Moth\n|-damage|p2a: Iron Moth|12\/100\n|move|p2a: Iron Moth|Fiery Dance|p1a: Slowking\n|-damage|p1a: Slowking|0 fnt\n|-boost|p2a: Iron Moth|spa|1\n|faint|p1a: Slowking\n|\n|upkeep\n|\n|t:|1700239328\n|switch|p1a: Greninja|Greninja, M|41\/100\n|-damage|p1a: Greninja|29\/100|[from] Stealth Rock\n|turn|17\n|\n|t:|1700239336\n|move|p1a: Greninja|Ice Beam|p2a: Iron Moth\n|-start|p1a: Greninja|typechange|Ice|[from] ability: Protean\n|-resisted|p2a: Iron Moth\n|-damage|p2a: Iron Moth|0 fnt\n|faint|p2a: Iron Moth\n|-end|p2a: Iron Moth|Quark Drive|[silent]\n|\n|upkeep\n|\n|t:|1700239339\n|switch|p2a: Ogerpon|Ogerpon-Wellspring, F|100\/100\n|turn|18\n|inactive|Deez Tusks has 120 seconds left.\n|\n|t:|1700239353\n|switch|p1a: Corviknight|Corviknight, F|100\/100\n|-damage|p1a: Corviknight|88\/100|[from] Stealth Rock\n|-ability|p1a: Corviknight|Pressure\n|move|p2a: Ogerpon|Ivy Cudgel|p1a: Corviknight|[anim] Ivy Cudgel Water\n|-damage|p1a: Corviknight|52\/100\n|\n|upkeep\n|turn|19\n|inactive|Deez Tusks has 120 seconds left.\n|\n|t:|1700239365\n|move|p1a: Corviknight|Iron Defense|p1a: Corviknight\n|-boost|p1a: Corviknight|def|2\n|move|p2a: Ogerpon|Spikes|p1a: Corviknight\n|-sidestart|p1: Deez Tusks|Spikes\n|\n|-fieldend|move: Trick Room\n|upkeep\n|turn|20\n|inactive|Deez Tusks has 120 seconds left.\n|\n|t:|1700239373\n|move|p2a: Ogerpon|U-turn|p1a: Corviknight\n|-resisted|p1a: Corviknight\n|-damage|p1a: Corviknight|50\/100\n|-damage|p2a: Ogerpon|84\/100|[from] item: Rocky Helmet|[of] p1a: Corviknight\n|\n|t:|1700239374\n|switch|p2a: Dragapult|Dragapult, F, tera:Ghost|90\/100|[from] U-turn\n|move|p1a: Corviknight|Roost|p1a: Corviknight\n|-heal|p1a: Corviknight|99\/100\n|-singleturn|p1a: Corviknight|move: Roost\n|\n|upkeep\n|turn|21\n|\n|t:|1700239383\n|move|p2a: Dragapult|Shadow Ball|p1a: Corviknight\n|-damage|p1a: Corviknight|30\/100\n|move|p1a: Corviknight|U-turn|p2a: Dragapult\n|-resisted|p2a: Dragapult\n|-damage|p2a: Dragapult|81\/100\n|\n|t:|1700239389\n|switch|p1a: Thundurus|Thundurus-Therian, M, tera:Flying|76\/100|[from] U-turn\n|-damage|p1a: Thundurus|51\/100|[from] Stealth Rock\n|\n|upkeep\n|turn|22\n|\n|t:|1700239397\n|move|p1a: Thundurus|Tera Blast|p2a: Dragapult|[anim] Tera Blast Flying\n|-damage|p2a: Dragapult|0 fnt\n|faint|p2a: Dragapult\n|\n|upkeep\n|\n|t:|1700239400\n|switch|p2a: Ogerpon|Ogerpon-Wellspring, F|84\/100\n|turn|23\n|c|\u2606Deez Tusks|gg\n|\n|t:|1700239403\n|move|p1a: Thundurus|Tera Blast|p2a: Ogerpon|[anim] Tera Blast Flying\n|-supereffective|p2a: Ogerpon\n|-damage|p2a: Ogerpon|0 fnt\n|faint|p2a: Ogerpon\n|\n|upkeep\n|\n|t:|1700239406\n|switch|p2a: Great Tusk|Great Tusk|100\/100\n|turn|24\n|\n|t:|1700239409\n|move|p1a: Thundurus|Tera Blast|p2a: Great Tusk|[anim] Tera Blast Flying\n|-supereffective|p2a: Great Tusk\n|-crit|p2a: Great Tusk\n|-damage|p2a: Great Tusk|0 fnt\n|faint|p2a: Great Tusk\n|-end|p2a: Great Tusk|Protosynthesis|[silent]\n|\n|win|Deez Tusks\n|raw|Deez Tusks's rating: 1344 &rarr; <strong>1369<\/strong><br \/>(+25 for winning)\n|raw|punyakoko's rating: 1441 &rarr; <strong>1416<\/strong><br \/>(-25 for losing)\n|l|\u2606punyakoko\n","uploadtime":1700239427,"views":9,"p1id":"deeztusks","p2id":"punyakoko","formatid":"gen9ou","rating":1369,"private":0,"password":""}