{"id":"gen9ou-1989373979","p1":"S3PP1","p2":"BeardoftheRed","format":"[Gen 9] OU","log":"|j|\u2606S3PP1\n|j|\u2606BeardoftheRed\n|t:|1699842229\n|gametype|singles\n|player|p1|S3PP1|chuck|\n|player|p2|BeardoftheRed|101|\n|teamsize|p1|6\n|teamsize|p2|6\n|gen|9\n|tier|[Gen 9] OU\n|rule|Sleep Clause Mod: Limit one foe put to sleep\n|rule|Species Clause: Limit one of each Pok\u00e9mon\n|rule|OHKO Clause: OHKO moves are banned\n|rule|Evasion Items Clause: Evasion items are banned\n|rule|Evasion Moves Clause: Evasion moves are banned\n|rule|Endless Battle Clause: Forcing endless battles is banned\n|rule|HP Percentage Mod: HP is shown in percentages\n|clearpoke\n|poke|p1|Ribombee, M|\n|poke|p1|Sandy Shocks|\n|poke|p1|Goodra-Hisui, F|\n|poke|p1|Rotom-Heat|\n|poke|p1|Spiritomb, F|\n|poke|p1|Murkrow, F|\n|poke|p2|Corviknight, F|\n|poke|p2|Zapdos|\n|poke|p2|Salamence, M|\n|poke|p2|Toedscruel, M|\n|poke|p2|Fezandipiti, M|\n|poke|p2|Gengar, M|\n|teampreview\n|inactive|Battle timer is ON: inactive players will automatically lose when time's up. (requested by S3PP1)\n|inactive|BeardoftheRed also wants the timer to be on.\n|j| CRIPPYwitdaGRIPPY\n|\n|t:|1699842244\n|start\n|switch|p1a: Sugar Plum|Ribombee, M, shiny|100\/100\n|switch|p2a: Zapdos|Zapdos|100\/100\n|-ability|p2a: Zapdos|Pressure\n|turn|1\n|\n|t:|1699842253\n|move|p1a: Sugar Plum|Sticky Web|p2a: Zapdos\n|-sidestart|p2: BeardoftheRed|move: Sticky Web\n|move|p2a: Zapdos|Discharge|p1a: Sugar Plum\n|-damage|p1a: Sugar Plum|20\/100\n|\n|upkeep\n|turn|2\n|\n|t:|1699842262\n|move|p1a: Sugar Plum|Stun Spore|p2a: Zapdos\n|-immune|p2a: Zapdos\n|move|p2a: Zapdos|Heat Wave|p1a: Sugar Plum\n|-supereffective|p1a: Sugar Plum\n|-damage|p1a: Sugar Plum|0 fnt\n|faint|p1a: Sugar Plum\n|\n|upkeep\n|\n|t:|1699842267\n|switch|p1a: da baby|Murkrow, F|100\/100\n|turn|3\n|\n|t:|1699842273\n|move|p1a: da baby|Sunny Day|p1a: da baby\n|-weather|SunnyDay\n|move|p2a: Zapdos|Discharge|p1a: da baby\n|-supereffective|p1a: da baby\n|-crit|p1a: da baby\n|-damage|p1a: da baby|0 fnt\n|faint|p1a: da baby\n|\n|-weather|SunnyDay|[upkeep]\n|upkeep\n|\n|t:|1699842278\n|switch|p1a: JustAFuckingMagnet|Sandy Shocks|100\/100\n|-activate|p1a: JustAFuckingMagnet|ability: Protosynthesis\n|-start|p1a: JustAFuckingMagnet|protosynthesisspe\n|turn|4\n|\n|t:|1699842284\n|move|p1a: JustAFuckingMagnet|Power Gem|p2a: Zapdos\n|-supereffective|p2a: Zapdos\n|-damage|p2a: Zapdos|37\/100\n|-damage|p1a: JustAFuckingMagnet|91\/100|[from] item: Life Orb\n|move|p2a: Zapdos|Heat Wave|p1a: JustAFuckingMagnet\n|-damage|p1a: JustAFuckingMagnet|21\/100\n|\n|-weather|SunnyDay|[upkeep]\n|upkeep\n|turn|5\n|\n|t:|1699842293\n|move|p1a: JustAFuckingMagnet|Power Gem|p2a: Zapdos\n|-supereffective|p2a: Zapdos\n|-damage|p2a: Zapdos|0 fnt\n|faint|p2a: Zapdos\n|-damage|p1a: JustAFuckingMagnet|11\/100|[from] item: Life Orb\n|\n|-weather|SunnyDay|[upkeep]\n|upkeep\n|\n|t:|1699842300\n|switch|p2a: Corviknight|Corviknight, F|100\/100\n|-ability|p2a: Corviknight|Pressure\n|turn|6\n|\n|t:|1699842307\n|move|p1a: JustAFuckingMagnet|Thunderbolt|p2a: Corviknight\n|-supereffective|p2a: Corviknight\n|-damage|p2a: Corviknight|0 fnt\n|faint|p2a: Corviknight\n|-damage|p1a: JustAFuckingMagnet|1\/100|[from] item: Life Orb\n|\n|-weather|SunnyDay|[upkeep]\n|upkeep\n|\n|t:|1699842316\n|switch|p2a: Toedscruel|Toedscruel, M|100\/100\n|-activate|p2a: Toedscruel|move: Sticky Web\n|-unboost|p2a: Toedscruel|spe|1\n|turn|7\n|\n|t:|1699842324\n|move|p1a: JustAFuckingMagnet|Flash Cannon|p2a: Toedscruel\n|-damage|p2a: Toedscruel|68\/100\n|-unboost|p2a: Toedscruel|spd|1\n|-damage|p1a: JustAFuckingMagnet|0 fnt|[from] item: Life Orb\n|faint|p1a: JustAFuckingMagnet\n|-end|p1a: JustAFuckingMagnet|Protosynthesis|[silent]\n|move|p2a: Toedscruel|Earth Power|p1: JustAFuckingMagnet|[notarget]\n|-fail|p2a: Toedscruel\n|\n|-weather|SunnyDay|[upkeep]\n|-heal|p2a: Toedscruel|74\/100|[from] item: Leftovers\n|upkeep\n|\n|t:|1699842334\n|switch|p1a: Easy Bake|Rotom-Heat, shiny|100\/100\n|turn|8\n|\n|t:|1699842337\n|move|p1a: Easy Bake|Overheat|p2a: Toedscruel\n|-supereffective|p2a: Toedscruel\n|-damage|p2a: Toedscruel|0 fnt\n|-unboost|p1a: Easy Bake|spa|2\n|faint|p2a: Toedscruel\n|\n|-weather|SunnyDay|[upkeep]\n|upkeep\n|\n|t:|1699842356\n|switch|p2a: Fezandipiti|Fezandipiti, M|100\/100\n|-activate|p2a: Fezandipiti|move: Sticky Web\n|-unboost|p2a: Fezandipiti|spe|1\n|turn|9\n|\n|t:|1699842366\n|-terastallize|p2a: Fezandipiti|Poison\n|move|p1a: Easy Bake|Volt Switch|p2a: Fezandipiti\n|-crit|p2a: Fezandipiti\n|-damage|p2a: Fezandipiti|58\/100\n|\n|t:|1699842371\n|switch|p1a: 1000 Plus|Spiritomb, F, shiny|100\/100|[from] Volt Switch\n|move|p2a: Fezandipiti|Gunk Shot|p1a: 1000 Plus\n|-resisted|p1a: 1000 Plus\n|-damage|p1a: 1000 Plus|64\/100\n|-status|p1a: 1000 Plus|psn\n|\n|-weather|SunnyDay|[upkeep]\n|-heal|p2a: Fezandipiti|64\/100|[from] item: Leftovers\n|-heal|p1a: 1000 Plus|70\/100 psn|[from] item: Leftovers\n|-damage|p1a: 1000 Plus|58\/100 psn|[from] psn\n|upkeep\n|turn|10\n|\n|t:|1699842382\n|move|p2a: Fezandipiti|Venoshock|p1a: 1000 Plus\n|-resisted|p1a: 1000 Plus\n|-damage|p1a: 1000 Plus|41\/100 psn\n|move|p1a: 1000 Plus|Will-O-Wisp|p2a: Fezandipiti\n|-status|p2a: Fezandipiti|brn\n|\n|-weather|none\n|-heal|p2a: Fezandipiti|70\/100 brn|[from] item: Leftovers\n|-heal|p1a: 1000 Plus|47\/100 psn|[from] item: Leftovers\n|-damage|p1a: 1000 Plus|35\/100 psn|[from] psn\n|-damage|p2a: Fezandipiti|64\/100 brn|[from] brn\n|upkeep\n|turn|11\n|\n|t:|1699842394\n|move|p2a: Fezandipiti|Moonblast|p1a: 1000 Plus\n|-supereffective|p1a: 1000 Plus\n|-damage|p1a: 1000 Plus|0 fnt\n|faint|p1a: 1000 Plus\n|\n|-heal|p2a: Fezandipiti|70\/100 brn|[from] item: Leftovers\n|-damage|p2a: Fezandipiti|64\/100 brn|[from] brn\n|upkeep\n|\n|t:|1699842404\n|switch|p1a: Snail Trail|Goodra-Hisui, F|100\/100\n|turn|12\n|\n|t:|1699842412\n|move|p2a: Fezandipiti|Gunk Shot|p1a: Snail Trail\n|-immune|p1a: Snail Trail\n|move|p1a: Snail Trail|Earthquake|p2a: Fezandipiti\n|-supereffective|p2a: Fezandipiti\n|-damage|p2a: Fezandipiti|5\/100 brn\n|\n|-heal|p2a: Fezandipiti|11\/100 brn|[from] item: Leftovers\n|-damage|p2a: Fezandipiti|5\/100 brn|[from] brn\n|upkeep\n|turn|13\n|\n|t:|1699842426\n|move|p2a: Fezandipiti|Moonblast|p1a: Snail Trail\n|-damage|p1a: Snail Trail|89\/100\n|-unboost|p1a: Snail Trail|spa|1\n|move|p1a: Snail Trail|Knock Off|p2a: Fezandipiti\n|-damage|p2a: Fezandipiti|0 fnt\n|-enditem|p2a: Fezandipiti|Leftovers|[from] move: Knock Off|[of] p1a: Snail Trail\n|faint|p2a: Fezandipiti\n|\n|upkeep\n|\n|t:|1699842434\n|switch|p2a: Salamence|Salamence, M|100\/100\n|-ability|p2a: Salamence|Intimidate|boost\n|-unboost|p1a: Snail Trail|atk|1\n|turn|14\n|\n|t:|1699842441\n|move|p2a: Salamence|Double-Edge|p1a: Snail Trail\n|-resisted|p1a: Snail Trail\n|-damage|p1a: Snail Trail|67\/100\n|-damage|p2a: Salamence|93\/100|[from] Recoil\n|move|p1a: Snail Trail|Draco Meteor|p2a: Salamence\n|-supereffective|p2a: Salamence\n|-damage|p2a: Salamence|0 fnt\n|-unboost|p1a: Snail Trail|spa|2\n|faint|p2a: Salamence\n|\n|upkeep\n|\n|t:|1699842449\n|switch|p2a: Gengar|Gengar, M|100\/100\n|-activate|p2a: Gengar|move: Sticky Web\n|-unboost|p2a: Gengar|spe|1\n|turn|15\n|\n|t:|1699842460\n|move|p2a: Gengar|Shadow Ball|p1a: Snail Trail\n|-damage|p1a: Snail Trail|47\/100\n|move|p1a: Snail Trail|Knock Off|p2a: Gengar\n|-supereffective|p2a: Gengar\n|-damage|p2a: Gengar|43\/100\n|-start|p1a: Snail Trail|Disable|Knock Off|[from] ability: Cursed Body|[of] p2a: Gengar\n|-enditem|p2a: Gengar|Leftovers|[from] move: Knock Off|[of] p1a: Snail Trail\n|\n|upkeep\n|turn|16\n|\n|t:|1699842473\n|switch|p1a: Easy Bake|Rotom-Heat, shiny|100\/100\n|move|p2a: Gengar|Focus Blast|p1a: Easy Bake\n|-damage|p1a: Easy Bake|43\/100\n|\n|upkeep\n|turn|17\n|\n|t:|1699842481\n|move|p1a: Easy Bake|Overheat|p2a: Gengar\n|-damage|p2a: Gengar|0 fnt\n|-unboost|p1a: Easy Bake|spa|2\n|faint|p2a: Gengar\n|\n|win|S3PP1\n","uploadtime":1699842487,"views":15,"p1id":"s3pp1","p2id":"beardofthered","formatid":"gen9ou","rating":0,"private":0,"password":""}