{"id":"gen9ou-1999884486","p1":"WildRowlet","p2":"yamiyami17","format":"[Gen 9] OU","log":"|j|\u2606WildRowlet\n|j|\u2606yamiyami17\n|t:|1701126179\n|gametype|singles\n|player|p1|WildRowlet|policeman-gen4|1253\n|player|p2|yamiyami17|102|1229\n|teamsize|p1|6\n|teamsize|p2|6\n|gen|9\n|tier|[Gen 9] OU\n|rated|\n|rule|Sleep Clause Mod: Limit one foe put to sleep\n|rule|Species Clause: Limit one of each Pok\u00e9mon\n|rule|OHKO Clause: OHKO moves are banned\n|rule|Evasion Items Clause: Evasion items are banned\n|rule|Evasion Moves Clause: Evasion moves are banned\n|rule|Endless Battle Clause: Forcing endless battles is banned\n|rule|HP Percentage Mod: HP is shown in percentages\n|clearpoke\n|poke|p1|Great Tusk|\n|poke|p1|Dragapult, M|\n|poke|p1|Dondozo, F|\n|poke|p1|Decidueye-Hisui, M|\n|poke|p1|Zapdos|\n|poke|p1|Scizor, F|\n|poke|p2|Tyranitar, M|\n|poke|p2|Lycanroc, F|\n|poke|p2|Kleavor, M|\n|poke|p2|Rillaboom, F|\n|poke|p2|Greninja-*, M|\n|poke|p2|Zapdos|\n|teampreview\n|\n|t:|1701126192\n|start\n|switch|p1a: Manny|Great Tusk|100\/100\n|switch|p2a: Greninja|Greninja, M|100\/100\n|turn|1\n|\n|t:|1701126203\n|-end|p1a: Manny|Protosynthesis|[silent]\n|switch|p1a: Shredder|Decidueye-Hisui, M|100\/100\n|move|p2a: Greninja|Hydro Pump|p1a: Shredder\n|-resisted|p1a: Shredder\n|-damage|p1a: Shredder|74\/100\n|-damage|p2a: Greninja|91\/100|[from] item: Life Orb\n|\n|-heal|p1a: Shredder|80\/100|[from] item: Leftovers\n|upkeep\n|turn|2\n|\n|t:|1701126215\n|switch|p2a: Zapdos|Zapdos|100\/100\n|move|p1a: Shredder|U-turn|p2a: Zapdos\n|-resisted|p2a: Zapdos\n|-damage|p2a: Zapdos|90\/100\n|\n|t:|1701126224\n|switch|p1a: Chuck|Zapdos|100\/100|[from] U-turn\n|-ability|p1a: Chuck|Pressure\n|\n|-heal|p2a: Zapdos|96\/100|[from] item: Leftovers\n|upkeep\n|turn|3\n|\n|t:|1701126233\n|move|p1a: Chuck|Discharge|p2a: Zapdos\n|-damage|p2a: Zapdos|59\/100\n|move|p2a: Zapdos|Discharge|p1a: Chuck\n|-damage|p1a: Chuck|50\/100\n|\n|-heal|p2a: Zapdos|65\/100|[from] item: Leftovers\n|upkeep\n|turn|4\n|\n|t:|1701126240\n|move|p1a: Chuck|U-turn|p2a: Zapdos\n|-resisted|p2a: Zapdos\n|-damage|p2a: Zapdos|58\/100\n|\n|t:|1701126249\n|switch|p1a: Toothpaste Lizard|Dragapult, M|100\/100|[from] U-turn\n|move|p2a: Zapdos|Discharge|p1a: Toothpaste Lizard\n|-resisted|p1a: Toothpaste Lizard\n|-crit|p1a: Toothpaste Lizard\n|-damage|p1a: Toothpaste Lizard|56\/100\n|\n|-heal|p2a: Zapdos|64\/100|[from] item: Leftovers\n|upkeep\n|turn|5\n|\n|t:|1701126256\n|switch|p2a: Tyranitar|Tyranitar, M|100\/100\n|-weather|Sandstorm|[from] ability: Sand Stream|[of] p2a: Tyranitar\n|move|p1a: Toothpaste Lizard|Draco Meteor|p2a: Tyranitar\n|-damage|p2a: Tyranitar|47\/100\n|-unboost|p1a: Toothpaste Lizard|spa|2\n|\n|-weather|Sandstorm|[upkeep]\n|-damage|p1a: Toothpaste Lizard|50\/100|[from] Sandstorm\n|upkeep\n|turn|6\n|\n|t:|1701126265\n|switch|p1a: Manny|Great Tusk|100\/100\n|move|p2a: Tyranitar|Dragon Dance|p2a: Tyranitar\n|-boost|p2a: Tyranitar|atk|1\n|-boost|p2a: Tyranitar|spe|1\n|\n|-weather|Sandstorm|[upkeep]\n|upkeep\n|turn|7\n|\n|t:|1701126279\n|switch|p2a: Rillaboom|Rillaboom, F|100\/100\n|-fieldstart|move: Grassy Terrain|[from] ability: Grassy Surge|[of] p2a: Rillaboom\n|move|p1a: Manny|Close Combat|p2a: Rillaboom\n|-damage|p2a: Rillaboom|27\/100\n|-unboost|p1a: Manny|def|1\n|-unboost|p1a: Manny|spd|1\n|\n|-weather|Sandstorm|[upkeep]\n|-damage|p2a: Rillaboom|21\/100|[from] Sandstorm\n|-heal|p2a: Rillaboom|27\/100|[from] Grassy Terrain\n|-heal|p2a: Rillaboom|34\/100|[from] item: Leftovers\n|upkeep\n|turn|8\n|\n|t:|1701126287\n|-end|p1a: Manny|Protosynthesis|[silent]\n|switch|p1a: Mr. Krabs|Scizor, F|100\/100\n|move|p2a: Rillaboom|Grassy Glide|p1a: Mr. Krabs\n|-resisted|p1a: Mr. Krabs\n|-damage|p1a: Mr. Krabs|92\/100\n|\n|-weather|Sandstorm|[upkeep]\n|-damage|p2a: Rillaboom|27\/100|[from] Sandstorm\n|-heal|p2a: Rillaboom|34\/100|[from] Grassy Terrain\n|-heal|p2a: Rillaboom|40\/100|[from] item: Leftovers\n|-heal|p1a: Mr. Krabs|98\/100|[from] Grassy Terrain\n|upkeep\n|turn|9\n|\n|t:|1701126294\n|move|p2a: Rillaboom|Low Kick|p1a: Mr. Krabs\n|-damage|p1a: Mr. Krabs|68\/100\n|move|p1a: Mr. Krabs|Swords Dance|p1a: Mr. Krabs\n|-boost|p1a: Mr. Krabs|atk|2\n|\n|-weather|none\n|-heal|p2a: Rillaboom|46\/100|[from] Grassy Terrain\n|-heal|p2a: Rillaboom|52\/100|[from] item: Leftovers\n|-heal|p1a: Mr. Krabs|74\/100|[from] Grassy Terrain\n|upkeep\n|turn|10\n|\n|t:|1701126299\n|move|p1a: Mr. Krabs|Bullet Punch|p2a: Rillaboom\n|-damage|p2a: Rillaboom|0 fnt\n|faint|p2a: Rillaboom\n|\n|-heal|p1a: Mr. Krabs|80\/100|[from] Grassy Terrain\n|upkeep\n|\n|t:|1701126310\n|switch|p2a: Greninja|Greninja, M|91\/100\n|turn|11\n|\n|t:|1701126316\n|move|p2a: Greninja|Hydro Pump|p1a: Mr. Krabs\n|-damage|p1a: Mr. Krabs|0 fnt\n|faint|p1a: Mr. Krabs\n|-ability|p2a: Greninja|Battle Bond|boost\n|-boost|p2a: Greninja|atk|1\n|-boost|p2a: Greninja|spa|1\n|-boost|p2a: Greninja|spe|1\n|-activate|p2a: Greninja|ability: Battle Bond\n|-damage|p2a: Greninja|81\/100|[from] item: Life Orb\n|\n|-heal|p2a: Greninja|87\/100|[from] Grassy Terrain\n|-fieldend|move: Grassy Terrain\n|upkeep\n|\n|t:|1701126320\n|switch|p1a: Shredder|Decidueye-Hisui, M|80\/100\n|turn|12\n|\n|t:|1701126332\n|move|p2a: Greninja|Ice Beam|p1a: Shredder\n|-supereffective|p1a: Shredder\n|-damage|p1a: Shredder|0 fnt\n|faint|p1a: Shredder\n|-damage|p2a: Greninja|77\/100|[from] item: Life Orb\n|\n|upkeep\n|\n|t:|1701126338\n|switch|p1a: Chef Sushi|Dondozo, F|100\/100\n|turn|13\n|\n|t:|1701126344\n|move|p2a: Greninja|Dark Pulse|p1a: Chef Sushi\n|-damage|p1a: Chef Sushi|56\/100\n|-damage|p2a: Greninja|67\/100|[from] item: Life Orb\n|move|p1a: Chef Sushi|Wave Crash|p2a: Greninja\n|-resisted|p2a: Greninja\n|-damage|p2a: Greninja|31\/100\n|-damage|p1a: Chef Sushi|49\/100|[from] Recoil\n|\n|-heal|p1a: Chef Sushi|55\/100|[from] item: Leftovers\n|upkeep\n|turn|14\n|\n|t:|1701126353\n|move|p2a: Greninja|Dark Pulse|p1a: Chef Sushi\n|-damage|p1a: Chef Sushi|11\/100\n|-damage|p2a: Greninja|22\/100|[from] item: Life Orb\n|move|p1a: Chef Sushi|Wave Crash|p2a: Greninja\n|-resisted|p2a: Greninja\n|-damage|p2a: Greninja|0 fnt\n|faint|p2a: Greninja\n|-damage|p1a: Chef Sushi|7\/100|[from] Recoil\n|\n|-heal|p1a: Chef Sushi|13\/100|[from] item: Leftovers\n|upkeep\n|\n|t:|1701126368\n|switch|p2a: Kleavor|Kleavor, M|100\/100\n|turn|15\n|\n|t:|1701126375\n|move|p2a: Kleavor|Trailblaze|p1a: Chef Sushi\n|-supereffective|p1a: Chef Sushi\n|-damage|p1a: Chef Sushi|0 fnt\n|-boost|p2a: Kleavor|spe|1\n|faint|p1a: Chef Sushi\n|-damage|p2a: Kleavor|91\/100|[from] item: Life Orb\n|\n|upkeep\n|\n|t:|1701126379\n|switch|p1a: Manny|Great Tusk|100\/100\n|turn|16\n|\n|t:|1701126401\n|-terastallize|p2a: Kleavor|Bug\n|move|p2a: Kleavor|Trailblaze|p1a: Manny\n|-supereffective|p1a: Manny\n|-damage|p1a: Manny|68\/100\n|-boost|p2a: Kleavor|spe|1\n|-damage|p2a: Kleavor|81\/100|[from] item: Life Orb\n|move|p1a: Manny|Headlong Rush|p2a: Kleavor\n|-resisted|p2a: Kleavor\n|-damage|p2a: Kleavor|41\/100\n|-unboost|p1a: Manny|def|1\n|-unboost|p1a: Manny|spd|1\n|\n|upkeep\n|turn|17\n|\n|t:|1701126422\n|move|p2a: Kleavor|Trailblaze|p1a: Manny\n|-supereffective|p1a: Manny\n|-damage|p1a: Manny|20\/100\n|-boost|p2a: Kleavor|spe|1\n|-damage|p2a: Kleavor|31\/100|[from] item: Life Orb\n|move|p1a: Manny|Ice Spinner|p2a: Kleavor\n|-damage|p2a: Kleavor|0 fnt\n|faint|p2a: Kleavor\n|\n|upkeep\n|\n|t:|1701126434\n|switch|p2a: Lycanroc|Lycanroc, F|100\/100\n|turn|18\n|\n|t:|1701126445\n|-end|p1a: Manny|Protosynthesis|[silent]\n|switch|p1a: Chuck|Zapdos|50\/100\n|-ability|p1a: Chuck|Pressure\n|move|p2a: Lycanroc|Close Combat|p1a: Chuck\n|-resisted|p1a: Chuck\n|-damage|p1a: Chuck|11\/100\n|-unboost|p2a: Lycanroc|def|1\n|-unboost|p2a: Lycanroc|spd|1\n|\n|upkeep\n|turn|19\n|\n|t:|1701126452\n|move|p1a: Chuck|Roost|p1a: Chuck\n|-heal|p1a: Chuck|61\/100\n|-singleturn|p1a: Chuck|move: Roost\n|move|p2a: Lycanroc|Close Combat|p1a: Chuck\n|-damage|p1a: Chuck|0 fnt\n|-unboost|p2a: Lycanroc|def|1\n|-unboost|p2a: Lycanroc|spd|1\n|faint|p1a: Chuck\n|\n|upkeep\n|\n|t:|1701126463\n|switch|p1a: Manny|Great Tusk|20\/100\n|turn|20\n|\n|t:|1701126470\n|move|p2a: Lycanroc|Close Combat|p1a: Manny\n|-damage|p1a: Manny|0 fnt\n|-unboost|p2a: Lycanroc|def|1\n|-unboost|p2a: Lycanroc|spd|1\n|faint|p1a: Manny\n|-end|p1a: Manny|Protosynthesis|[silent]\n|\n|upkeep\n|\n|t:|1701126473\n|switch|p1a: Toothpaste Lizard|Dragapult, M|50\/100\n|turn|21\n|\n|t:|1701126479\n|switch|p2a: Tyranitar|Tyranitar, M|47\/100\n|-weather|Sandstorm|[from] ability: Sand Stream|[of] p2a: Tyranitar\n|move|p1a: Toothpaste Lizard|Shadow Ball|p2a: Tyranitar\n|-resisted|p2a: Tyranitar\n|-damage|p2a: Tyranitar|28\/100\n|\n|-weather|Sandstorm|[upkeep]\n|-damage|p1a: Toothpaste Lizard|44\/100|[from] Sandstorm\n|upkeep\n|turn|22\n|\n|t:|1701126489\n|move|p1a: Toothpaste Lizard|Shadow Ball|p2a: Tyranitar\n|-resisted|p2a: Tyranitar\n|-damage|p2a: Tyranitar|12\/100\n|-unboost|p2a: Tyranitar|spd|1\n|move|p2a: Tyranitar|Knock Off|p1a: Toothpaste Lizard\n|-supereffective|p1a: Toothpaste Lizard\n|-damage|p1a: Toothpaste Lizard|0 fnt\n|-enditem|p1a: Toothpaste Lizard|Choice Specs|[from] move: Knock Off|[of] p2a: Tyranitar\n|faint|p1a: Toothpaste Lizard\n|\n|win|yamiyami17\n|raw|WildRowlet's rating: 1253 &rarr; <strong>1226<\/strong><br \/>(-27 for losing)\n|raw|yamiyami17's rating: 1229 &rarr; <strong>1256<\/strong><br \/>(+27 for winning)\n|l|\u2606WildRowlet\n","uploadtime":1701126500,"views":10,"p1id":"wildrowlet","p2id":"yamiyami17","formatid":"gen9ou","rating":1226,"private":0,"password":""}