{"id":"gen9ou-1996523164","p1":"FlameWolf26","p2":"mmeira","format":"[Gen 9] OU","log":"|j|\u2606FlameWolf26\n|j|\u2606mmeira\n|t:|1700690387\n|gametype|singles\n|player|p1|FlameWolf26|sabrina-lgpe|\n|player|p2|mmeira|n-masters3|\n|teamsize|p1|6\n|teamsize|p2|6\n|gen|9\n|tier|[Gen 9] OU\n|rule|Sleep Clause Mod: Limit one foe put to sleep\n|rule|Species Clause: Limit one of each Pok\u00e9mon\n|rule|OHKO Clause: OHKO moves are banned\n|rule|Evasion Items Clause: Evasion items are banned\n|rule|Evasion Moves Clause: Evasion moves are banned\n|rule|Endless Battle Clause: Forcing endless battles is banned\n|rule|HP Percentage Mod: HP is shown in percentages\n|clearpoke\n|poke|p1|Mew|\n|poke|p1|Ceruledge, M|\n|poke|p1|Moltres|\n|poke|p1|Naclstack, M|\n|poke|p1|Zoroark, F|\n|poke|p1|Weezing, M|\n|poke|p2|Zapdos|\n|poke|p2|Arcanine-Hisui, M|\n|poke|p2|Sableye, M|\n|poke|p2|Tyranitar, F|\n|poke|p2|Brambleghast, M|\n|poke|p2|Scizor, F|\n|teampreview\n|\n|t:|1700690470\n|start\n|switch|p1a: Moltres|Moltres, shiny|100\/100\n|switch|p2a: Whatzapdos|Zapdos|100\/100\n|turn|1\n|\n|t:|1700690532\n|move|p2a: Whatzapdos|Volt Switch|p1a: Moltres\n|-supereffective|p1a: Moltres\n|-damage|p1a: Moltres|20\/100\n|\n|t:|1700690567\n|switch|p2a: Tyranustar|Tyranitar, F|100\/100|[from] Volt Switch\n|-weather|Sandstorm|[from] ability: Sand Stream|[of] p2a: Tyranustar\n|move|p1a: Moltres|Will-O-Wisp|p2a: Tyranustar\n|-status|p2a: Tyranustar|brn\n|\n|-weather|Sandstorm|[upkeep]\n|-damage|p1a: Moltres|14\/100|[from] Sandstorm\n|-damage|p2a: Tyranustar|94\/100 brn|[from] brn\n|upkeep\n|turn|2\n|\n|t:|1700690617\n|move|p2a: Tyranustar|Knock Off|p1a: Moltres\n|-damage|p1a: Moltres|0 fnt\n|-enditem|p1a: Moltres|Heavy-Duty Boots|[from] move: Knock Off|[of] p2a: Tyranustar\n|faint|p1a: Moltres\n|\n|-weather|Sandstorm|[upkeep]\n|-heal|p2a: Tyranustar|100\/100 brn|[from] item: Leftovers\n|-damage|p2a: Tyranustar|94\/100 brn|[from] brn\n|upkeep\n|\n|t:|1700690643\n|switch|p1a: Naclstack|Naclstack, M|100\/100\n|turn|3\n|\n|t:|1700690653\n|move|p2a: Tyranustar|Knock Off|p1a: Naclstack\n|-damage|p1a: Naclstack|87\/100\n|-enditem|p1a: Naclstack|Eviolite|[from] move: Knock Off|[of] p2a: Tyranustar\n|move|p1a: Naclstack|Stealth Rock|p2a: Tyranustar\n|-sidestart|p2: mmeira|move: Stealth Rock\n|\n|-weather|Sandstorm|[upkeep]\n|-heal|p2a: Tyranustar|100\/100 brn|[from] item: Leftovers\n|-damage|p2a: Tyranustar|94\/100 brn|[from] brn\n|upkeep\n|turn|4\n|\n|t:|1700690665\n|move|p2a: Tyranustar|Earthquake|p1a: Naclstack\n|-supereffective|p1a: Naclstack\n|-damage|p1a: Naclstack|56\/100\n|move|p1a: Naclstack|Body Press|p2a: Tyranustar\n|-supereffective|p2a: Tyranustar\n|-damage|p2a: Tyranustar|0 fnt\n|faint|p2a: Tyranustar\n|\n|-weather|Sandstorm|[upkeep]\n|upkeep\n|\n|t:|1700690677\n|switch|p2a: Bramble|Brambleghast, M|100\/100\n|-damage|p2a: Bramble|88\/100|[from] Stealth Rock\n|turn|5\n|\n|t:|1700690702\n|move|p2a: Bramble|Power Whip|p1a: Naclstack|[miss]\n|-miss|p2a: Bramble|p1a: Naclstack\n|move|p1a: Naclstack|Recover|p1a: Naclstack\n|-heal|p1a: Naclstack|100\/100\n|\n|-weather|none\n|-heal|p2a: Bramble|94\/100|[from] item: Leftovers\n|upkeep\n|turn|6\n|\n|t:|1700690752\n|move|p2a: Bramble|Poltergeist||[still]\n|-fail|p2a: Bramble\n|move|p1a: Naclstack|Salt Cure|p2a: Bramble\n|-damage|p2a: Bramble|77\/100\n|-start|p2a: Bramble|Salt Cure\n|\n|-heal|p2a: Bramble|83\/100|[from] item: Leftovers\n|-damage|p2a: Bramble|71\/100|[from] Salt Cure\n|upkeep\n|turn|7\n|\n|t:|1700690781\n|move|p2a: Bramble|Power Whip|p1a: Naclstack\n|-supereffective|p1a: Naclstack\n|-damage|p1a: Naclstack|8\/100\n|move|p1a: Naclstack|Recover|p1a: Naclstack\n|-heal|p1a: Naclstack|58\/100\n|\n|-heal|p2a: Bramble|77\/100|[from] item: Leftovers\n|-damage|p2a: Bramble|65\/100|[from] Salt Cure\n|upkeep\n|turn|8\n|\n|t:|1700690812\n|switch|p1a: Weezing|Weezing, M, shiny|100\/100\n|-ability|p1a: Weezing|Neutralizing Gas\n|move|p2a: Bramble|Strength Sap|p1a: Weezing\n|-unboost|p1a: Weezing|atk|1\n|-heal|p2a: Bramble|100\/100\n|\n|-damage|p2a: Bramble|88\/100|[from] Salt Cure\n|upkeep\n|turn|9\n|\n|t:|1700690840\n|switch|p2a: Whatzapdos|Zapdos|100\/100\n|move|p1a: Weezing|Sludge Bomb|p2a: Whatzapdos\n|-damage|p2a: Whatzapdos|76\/100\n|\n|upkeep\n|turn|10\n|\n|t:|1700690923\n|move|p2a: Whatzapdos|Discharge|p1a: Weezing\n|-damage|p1a: Weezing|36\/100\n|move|p1a: Weezing|Pain Split|p2a: Whatzapdos\n|-sethp|p2a: Whatzapdos|54\/100|[from] move: Pain Split|[silent]\n|-sethp|p1a: Weezing|62\/100|[from] move: Pain Split\n|\n|-heal|p1a: Weezing|68\/100|[from] item: Black Sludge\n|upkeep\n|turn|11\n|\n|t:|1700690996\n|-end|p1a: Weezing|ability: Neutralizing Gas\n|switch|p1a: Mew|Mew, shiny|100\/100\n|move|p2a: Whatzapdos|Discharge|p1a: Mew\n|-damage|p1a: Mew|66\/100\n|\n|-heal|p1a: Mew|72\/100|[from] item: Leftovers\n|upkeep\n|turn|12\n|\n|t:|1700691006\n|move|p1a: Mew|Knock Off|p2a: Whatzapdos\n|-damage|p2a: Whatzapdos|33\/100\n|-enditem|p2a: Whatzapdos|Heavy-Duty Boots|[from] move: Knock Off|[of] p1a: Mew\n|move|p2a: Whatzapdos|Volt Switch|p1a: Mew\n|-damage|p1a: Mew|37\/100\n|\n|t:|1700691014\n|switch|p2a: Tesoura|Scizor, F|100\/100|[from] Volt Switch\n|-damage|p2a: Tesoura|88\/100|[from] Stealth Rock\n|\n|-heal|p1a: Mew|43\/100|[from] item: Leftovers\n|upkeep\n|turn|13\n|\n|t:|1700691030\n|move|p1a: Mew|U-turn|p2a: Tesoura\n|-resisted|p2a: Tesoura\n|-crit|p2a: Tesoura\n|-damage|p2a: Tesoura|76\/100\n|\n|t:|1700691051\n|switch|p1a: Naclstack|Naclstack, M|58\/100|[from] U-turn\n|move|p2a: Tesoura|Defog|p1a: Naclstack\n|-unboost|p1a: Naclstack|evasion|1\n|-sideend|p2: mmeira|Stealth Rock|[from] move: Defog|[of] p2a: Tesoura\n|\n|upkeep\n|turn|14\n|\n|t:|1700691069\n|move|p2a: Tesoura|Bullet Punch|p1a: Naclstack\n|-supereffective|p1a: Naclstack\n|-damage|p1a: Naclstack|9\/100\n|move|p1a: Naclstack|Salt Cure|p2a: Tesoura\n|-damage|p2a: Tesoura|67\/100\n|-start|p2a: Tesoura|Salt Cure\n|\n|-damage|p2a: Tesoura|42\/100|[from] Salt Cure\n|upkeep\n|turn|15\n|\n|t:|1700691095\n|move|p2a: Tesoura|U-turn|p1a: Naclstack\n|-damage|p1a: Naclstack|0 fnt\n|faint|p1a: Naclstack\n|\n|t:|1700691140\n|switch|p2a: Bramble|Brambleghast, M|88\/100|[from] U-turn\n|\n|-heal|p2a: Bramble|94\/100|[from] item: Leftovers\n|upkeep\n|\n|t:|1700691159\n|switch|p1a: Ceruledge|Ceruledge, M|100\/100\n|turn|16\n|\n|t:|1700691168\n|move|p1a: Ceruledge|Night Daze|p2a: Bramble\n|-supereffective|p2a: Bramble\n|-damage|p2a: Bramble|0 fnt\n|faint|p2a: Bramble\n|\n|upkeep\n|\n|t:|1700691178\n|switch|p2a: Top Dog|Arcanine-Hisui, M|100\/100\n|turn|17\n|\n|t:|1700691188\n|switch|p1a: Weezing|Weezing, M, shiny|68\/100\n|-ability|p1a: Weezing|Neutralizing Gas\n|move|p2a: Top Dog|Head Smash|p1a: Weezing\n|-crit|p1a: Weezing\n|-damage|p1a: Weezing|0 fnt\n|faint|p1a: Weezing\n|-end|p1a: Weezing|ability: Neutralizing Gas\n|\n|upkeep\n|j| Luccasim\n|\n|t:|1700691282\n|switch|p1a: Ceruledge|Ceruledge, M|100\/100\n|turn|18\n|\n|t:|1700691291\n|switch|p2a: Germinha Morais|Sableye, M|100\/100\n|move|p1a: Ceruledge|Swords Dance|p1a: Ceruledge\n|-boost|p1a: Ceruledge|atk|2\n|\n|upkeep\n|turn|19\n|\n|t:|1700691315\n|move|p2a: Germinha Morais|Encore|p1a: Ceruledge\n|-start|p1a: Ceruledge|Encore\n|move|p1a: Ceruledge|Swords Dance|p1a: Ceruledge\n|-boost|p1a: Ceruledge|atk|2\n|\n|upkeep\n|turn|20\n|\n|t:|1700691327\n|switch|p1a: Mew|Mew, shiny|43\/100\n|move|p2a: Germinha Morais|Knock Off|p1a: Mew\n|-supereffective|p1a: Mew\n|-damage|p1a: Mew|0 fnt\n|-enditem|p1a: Mew|Leftovers|[from] move: Knock Off|[of] p2a: Germinha Morais\n|faint|p1a: Mew\n|\n|upkeep\n|\n|t:|1700691363\n|switch|p1a: Ceruledge|Ceruledge, M|100\/100\n|turn|21\n|\n|t:|1700691377\n|-terastallize|p1a: Ceruledge|Dark\n|move|p1a: Ceruledge|Night Daze|p2a: Germinha Morais\n|-damage|p2a: Germinha Morais|9\/100\n|move|p2a: Germinha Morais|Knock Off|p1a: Ceruledge\n|-resisted|p1a: Ceruledge\n|-crit|p1a: Ceruledge\n|-damage|p1a: Ceruledge|65\/100\n|replace|p1a: Zoroark|Zoroark, F, shiny\n|-end|p1a: Zoroark|Illusion\n|-enditem|p1a: Zoroark|Choice Scarf|[from] move: Knock Off|[of] p2a: Germinha Morais\n|\n|-heal|p2a: Germinha Morais|15\/100|[from] item: Leftovers\n|upkeep\n|turn|22\n|\n|t:|1700691408\n|switch|p2a: Whatzapdos|Zapdos|33\/100\n|move|p1a: Zoroark|Night Daze|p2a: Whatzapdos\n|-damage|p2a: Whatzapdos|0 fnt\n|faint|p2a: Whatzapdos\n|\n|upkeep\n|\n|t:|1700691417\n|switch|p2a: Tesoura|Scizor, F|42\/100\n|turn|23\n|\n|t:|1700691487\n|move|p1a: Zoroark|Sucker Punch|p2a: Tesoura\n|-damage|p2a: Tesoura|8\/100\n|move|p2a: Tesoura|Bullet Punch|p1a: Zoroark\n|-damage|p1a: Zoroark|0 fnt\n|faint|p1a: Zoroark\n|\n|upkeep\n|\n|t:|1700691502\n|switch|p1a: Ceruledge|Ceruledge, M|100\/100\n|turn|24\n|\n|t:|1700691526\n|move|p1a: Ceruledge|Swords Dance|p1a: Ceruledge\n|-boost|p1a: Ceruledge|atk|2\n|move|p2a: Tesoura|Knock Off|p1a: Ceruledge\n|-supereffective|p1a: Ceruledge\n|-enditem|p1a: Ceruledge|Focus Sash\n|-damage|p1a: Ceruledge|1\/100\n|-ability|p1a: Ceruledge|Weak Armor|boost\n|-unboost|p1a: Ceruledge|def|1\n|-boost|p1a: Ceruledge|spe|2\n|\n|upkeep\n|turn|25\n|\n|t:|1700691536\n|move|p1a: Ceruledge|Shadow Sneak|p2a: Tesoura\n|-damage|p2a: Tesoura|0 fnt\n|faint|p2a: Tesoura\n|\n|upkeep\n|\n|t:|1700691540\n|switch|p2a: Germinha Morais|Sableye, M|15\/100\n|turn|26\n|\n|t:|1700691545\n|-terastallize|p2a: Germinha Morais|Steel\n|move|p1a: Ceruledge|Shadow Sneak|p2a: Germinha Morais\n|-damage|p2a: Germinha Morais|0 fnt\n|faint|p2a: Germinha Morais\n|\n|upkeep\n|\n|t:|1700691550\n|switch|p2a: Top Dog|Arcanine-Hisui, M|100\/100\n|turn|27\n|\n|t:|1700691560\n|move|p1a: Ceruledge|Poltergeist|p2a: Top Dog\n|-activate|p2a: Top Dog|move: Poltergeist|Choice Band\n|-damage|p2a: Top Dog|0 fnt\n|faint|p2a: Top Dog\n|\n|win|FlameWolf26\n","uploadtime":1700691571,"views":12,"p1id":"flamewolf26","p2id":"mmeira","formatid":"gen9ou","rating":0,"private":0,"password":""}