{"id":"gen9ou-1997504320","p1":"Skaraptor2.1","p2":"kaolung","format":"[Gen 9] OU","log":"|j|\u2606Skaraptor2.1\n|j|\u2606kaolung\n|t:|1700816747\n|gametype|singles\n|player|p1|Skaraptor2.1|bodybuilderf-gen9|1403\n|player|p2|kaolung|pokekid|1345\n|teamsize|p1|6\n|teamsize|p2|6\n|gen|9\n|tier|[Gen 9] OU\n|rated|\n|rule|Sleep Clause Mod: Limit one foe put to sleep\n|rule|Species Clause: Limit one of each Pok\u00e9mon\n|rule|OHKO Clause: OHKO moves are banned\n|rule|Evasion Items Clause: Evasion items are banned\n|rule|Evasion Moves Clause: Evasion moves are banned\n|rule|Endless Battle Clause: Forcing endless battles is banned\n|rule|HP Percentage Mod: HP is shown in percentages\n|clearpoke\n|poke|p1|Ribombee, M|\n|poke|p1|Ogerpon-Wellspring, F|\n|poke|p1|Scizor, F|\n|poke|p1|Zamazenta-*|\n|poke|p1|Iron Valiant|\n|poke|p1|Kingambit, F|\n|poke|p2|Sandy Shocks|\n|poke|p2|Slowking-Galar, F|\n|poke|p2|Dragonite, M|\n|poke|p2|Corviknight, M|\n|poke|p2|Cinderace, M|\n|poke|p2|Iron Valiant|\n|teampreview\n|inactive|Battle timer is ON: inactive players will automatically lose when time's up. (requested by Skaraptor2.1)\n|\n|t:|1700816758\n|start\n|switch|p1a: Transfem|Ogerpon-Wellspring, F|100\/100\n|switch|p2a: Slowking|Slowking-Galar, F|100\/100\n|turn|1\n|inactive|Skaraptor2.1 has 120 seconds left.\n|\n|t:|1700816790\n|move|p1a: Transfem|Knock Off|p2a: Slowking\n|-supereffective|p2a: Slowking\n|-damage|p2a: Slowking|26\/100\n|-enditem|p2a: Slowking|Leftovers|[from] move: Knock Off|[of] p1a: Transfem\n|move|p2a: Slowking|Chilly Reception|p2a: Slowking\n|-weather|Snow\n|\n|t:|1700816798\n|switch|p2a: Cinderace|Cinderace, M|100\/100|[from] Chilly Reception\n|\n|-weather|Snow|[upkeep]\n|upkeep\n|turn|2\n|\n|t:|1700816804\n|move|p2a: Cinderace|U-turn|p1a: Transfem\n|-start|p2a: Cinderace|typechange|Bug|[from] ability: Libero\n|-supereffective|p1a: Transfem\n|-damage|p1a: Transfem|19\/100\n|\n|t:|1700816808\n|switch|p2a: Corviknight|Corviknight, M|100\/100|[from] U-turn\n|-ability|p2a: Corviknight|Pressure\n|move|p1a: Transfem|Ivy Cudgel|p2a: Corviknight|[anim] Ivy Cudgel Water\n|-damage|p2a: Corviknight|60\/100\n|\n|-weather|Snow|[upkeep]\n|-heal|p2a: Corviknight|66\/100|[from] item: Leftovers\n|upkeep\n|turn|3\n|\n|t:|1700816822\n|move|p1a: Transfem|Knock Off|p2a: Corviknight\n|-damage|p2a: Corviknight|41\/100\n|-enditem|p2a: Corviknight|Leftovers|[from] move: Knock Off|[of] p1a: Transfem\n|move|p2a: Corviknight|Roost|p2a: Corviknight\n|-heal|p2a: Corviknight|91\/100\n|-singleturn|p2a: Corviknight|move: Roost\n|\n|-weather|Snow|[upkeep]\n|upkeep\n|turn|4\n|\n|t:|1700816833\n|move|p1a: Transfem|Ivy Cudgel|p2a: Corviknight|[anim] Ivy Cudgel Water\n|-damage|p2a: Corviknight|50\/100\n|move|p2a: Corviknight|U-turn|p1a: Transfem\n|-supereffective|p1a: Transfem\n|-damage|p1a: Transfem|0 fnt\n|faint|p1a: Transfem\n|\n|t:|1700816839\n|switch|p2a: Cinderace|Cinderace, M|100\/100|[from] U-turn\n|\n|-weather|Snow|[upkeep]\n|upkeep\n|\n|t:|1700816854\n|switch|p1a: Twink|Ribombee, M|100\/100\n|turn|5\n|\n|t:|1700816861\n|switch|p2a: Slowking|Slowking-Galar, F|60\/100\n|move|p1a: Twink|Stun Spore|p2a: Slowking|[miss]\n|-miss|p1a: Twink|p2a: Slowking\n|\n|-weather|none\n|upkeep\n|turn|6\n|\n|t:|1700816868\n|switch|p1a: CutCutCutCut|Scizor, F|100\/100\n|move|p2a: Slowking|Future Sight|p1a: CutCutCutCut\n|-start|p2a: Slowking|move: Future Sight\n|\n|upkeep\n|turn|7\n|\n|t:|1700816872\n|move|p1a: CutCutCutCut|Knock Off|p2a: Slowking\n|-supereffective|p2a: Slowking\n|-damage|p2a: Slowking|5\/100\n|move|p2a: Slowking|Thunder Wave|p1a: CutCutCutCut\n|-status|p1a: CutCutCutCut|par\n|\n|upkeep\n|turn|8\n|\n|t:|1700816877\n|switch|p2a: Corviknight|Corviknight, M|50\/100\n|-ability|p2a: Corviknight|Pressure\n|cant|p1a: CutCutCutCut|par\n|\n|-end|p1a: CutCutCutCut|move: Future Sight\n|-resisted|p1a: CutCutCutCut\n|-damage|p1a: CutCutCutCut|74\/100 par\n|-heal|p1a: CutCutCutCut|80\/100 par|[from] item: Leftovers\n|upkeep\n|turn|9\n|\n|t:|1700816884\n|move|p2a: Corviknight|Roost|p2a: Corviknight\n|-heal|p2a: Corviknight|99\/100\n|-singleturn|p2a: Corviknight|move: Roost\n|cant|p1a: CutCutCutCut|par\n|\n|-heal|p1a: CutCutCutCut|87\/100 par|[from] item: Leftovers\n|upkeep\n|turn|10\n|\n|t:|1700816892\n|move|p2a: Corviknight|Iron Defense|p2a: Corviknight\n|-boost|p2a: Corviknight|def|2\n|move|p1a: CutCutCutCut|Close Combat|p2a: Corviknight\n|-damage|p2a: Corviknight|84\/100\n|-unboost|p1a: CutCutCutCut|def|1\n|-unboost|p1a: CutCutCutCut|spd|1\n|\n|-heal|p1a: CutCutCutCut|93\/100 par|[from] item: Leftovers\n|upkeep\n|turn|11\n|\n|t:|1700816896\n|switch|p1a: Bigender|Iron Valiant|100\/100\n|-enditem|p1a: Bigender|Booster Energy\n|-activate|p1a: Bigender|ability: Quark Drive|[fromitem]\n|-start|p1a: Bigender|quarkdrivespe\n|move|p2a: Corviknight|Iron Defense|p2a: Corviknight\n|-boost|p2a: Corviknight|def|2\n|\n|upkeep\n|turn|12\n|\n|t:|1700816919\n|move|p1a: Bigender|Thunderbolt|p2a: Corviknight\n|-supereffective|p2a: Corviknight\n|-damage|p2a: Corviknight|29\/100\n|move|p2a: Corviknight|Iron Defense|p2a: Corviknight\n|-boost|p2a: Corviknight|def|2\n|\n|upkeep\n|turn|13\n|\n|t:|1700816930\n|switch|p2a: Sandy Shocks|Sandy Shocks|100\/100\n|move|p1a: Bigender|Thunderbolt|p2a: Sandy Shocks\n|-immune|p2a: Sandy Shocks\n|\n|upkeep\n|turn|14\n|\n|t:|1700816943\n|-end|p2a: Sandy Shocks|Protosynthesis|[silent]\n|switch|p2a: Dragonite|Dragonite, M|100\/100\n|move|p1a: Bigender|Moonblast|p2a: Dragonite\n|-supereffective|p2a: Dragonite\n|-damage|p2a: Dragonite|56\/100\n|\n|upkeep\n|turn|15\n|inactive|Skaraptor2.1 has 120 seconds left.\n|\n|t:|1700816969\n|move|p2a: Dragonite|Extreme Speed|p1a: Bigender\n|-damage|p1a: Bigender|57\/100\n|move|p1a: Bigender|Moonblast|p2a: Dragonite\n|-supereffective|p2a: Dragonite\n|-crit|p2a: Dragonite\n|-damage|p2a: Dragonite|0 fnt\n|faint|p2a: Dragonite\n|\n|upkeep\n|\n|t:|1700816989\n|switch|p2a: Cinderace|Cinderace, M|100\/100\n|turn|16\n|\n|t:|1700817002\n|move|p1a: Bigender|Destiny Bond|p1a: Bigender\n|-singlemove|p1a: Bigender|Destiny Bond\n|move|p2a: Cinderace|Pyro Ball|p1a: Bigender\n|-damage|p1a: Bigender|0 fnt\n|faint|p1a: Bigender\n|-activate|p1a: Bigender|move: Destiny Bond\n|-end|p1a: Bigender|Quark Drive|[silent]\n|faint|p2a: Cinderace\n|\n|upkeep\n|\n|t:|1700817008\n|switch|p2a: Corviknight|Corviknight, M|29\/100\n|switch|p1a: Twink|Ribombee, M|100\/100\n|-ability|p2a: Corviknight|Pressure\n|turn|17\n|\n|t:|1700817010\n|move|p1a: Twink|Stun Spore|p2a: Corviknight\n|-status|p2a: Corviknight|par\n|move|p2a: Corviknight|Roost|p2a: Corviknight\n|-heal|p2a: Corviknight|79\/100 par\n|-singleturn|p2a: Corviknight|move: Roost\n|\n|upkeep\n|turn|18\n|\n|t:|1700817013\n|move|p1a: Twink|Skill Swap|p2a: Corviknight\n|-activate|p1a: Twink|move: Skill Swap|Pressure|Shield Dust|[of] p2a: Corviknight\n|-ability|p1a: Twink|Pressure\n|move|p2a: Corviknight|Iron Defense|p2a: Corviknight\n|-boost|p2a: Corviknight|def|2\n|\n|upkeep\n|turn|19\n|\n|t:|1700817022\n|move|p1a: Twink|Sticky Web|p2a: Corviknight\n|-sidestart|p2: kaolung|move: Sticky Web\n|move|p2a: Corviknight|Iron Defense|p2a: Corviknight\n|-boost|p2a: Corviknight|def|2\n|\n|upkeep\n|turn|20\n|\n|t:|1700817035\n|move|p1a: Twink|Moonblast|p2a: Corviknight\n|-resisted|p2a: Corviknight\n|-damage|p2a: Corviknight|63\/100 par\n|move|p2a: Corviknight|Iron Defense|p2a: Corviknight\n|-boost|p2a: Corviknight|def|2\n|\n|upkeep\n|turn|21\n|\n|t:|1700817040\n|move|p1a: Twink|Moonblast|p2a: Corviknight\n|-resisted|p2a: Corviknight\n|-damage|p2a: Corviknight|48\/100 par\n|cant|p2a: Corviknight|par\n|\n|upkeep\n|turn|22\n|\n|t:|1700817044\n|move|p1a: Twink|Moonblast|p2a: Corviknight\n|-resisted|p2a: Corviknight\n|-damage|p2a: Corviknight|33\/100 par\n|move|p2a: Corviknight|Body Press|p1a: Twink\n|-resisted|p1a: Twink\n|-damage|p1a: Twink|61\/100\n|\n|upkeep\n|turn|23\n|\n|t:|1700817052\n|move|p1a: Twink|Moonblast|p2a: Corviknight\n|-resisted|p2a: Corviknight\n|-damage|p2a: Corviknight|18\/100 par\n|cant|p2a: Corviknight|par\n|\n|upkeep\n|turn|24\n|\n|t:|1700817056\n|move|p1a: Twink|Moonblast|p2a: Corviknight\n|-resisted|p2a: Corviknight\n|-damage|p2a: Corviknight|2\/100 par\n|move|p2a: Corviknight|Roost|p2a: Corviknight\n|-heal|p2a: Corviknight|52\/100 par\n|-singleturn|p2a: Corviknight|move: Roost\n|\n|upkeep\n|turn|25\n|\n|t:|1700817061\n|move|p1a: Twink|Moonblast|p2a: Corviknight\n|-resisted|p2a: Corviknight\n|-damage|p2a: Corviknight|35\/100 par\n|cant|p2a: Corviknight|par\n|\n|upkeep\n|turn|26\n|\n|t:|1700817066\n|move|p1a: Twink|Moonblast|p2a: Corviknight\n|-resisted|p2a: Corviknight\n|-damage|p2a: Corviknight|20\/100 par\n|move|p2a: Corviknight|Roost|p2a: Corviknight\n|-heal|p2a: Corviknight|70\/100 par\n|-singleturn|p2a: Corviknight|move: Roost\n|\n|upkeep\n|turn|27\n|\n|t:|1700817073\n|move|p1a: Twink|Moonblast|p2a: Corviknight\n|-resisted|p2a: Corviknight\n|-damage|p2a: Corviknight|55\/100 par\n|move|p2a: Corviknight|Body Press|p1a: Twink\n|-resisted|p1a: Twink\n|-damage|p1a: Twink|21\/100\n|\n|upkeep\n|turn|28\n|\n|t:|1700817079\n|move|p1a: Twink|Moonblast|p2a: Corviknight\n|-resisted|p2a: Corviknight\n|-damage|p2a: Corviknight|40\/100 par\n|move|p2a: Corviknight|Roost|p2a: Corviknight\n|-heal|p2a: Corviknight|90\/100 par\n|-singleturn|p2a: Corviknight|move: Roost\n|\n|upkeep\n|turn|29\n|\n|t:|1700817090\n|move|p1a: Twink|Moonblast|p2a: Corviknight\n|-resisted|p2a: Corviknight\n|-damage|p2a: Corviknight|75\/100 par\n|cant|p2a: Corviknight|par\n|\n|upkeep\n|turn|30\n|\n|t:|1700817096\n|move|p1a: Twink|Moonblast|p2a: Corviknight\n|-resisted|p2a: Corviknight\n|-damage|p2a: Corviknight|60\/100 par\n|move|p2a: Corviknight|Body Press|p1a: Twink\n|-resisted|p1a: Twink\n|-damage|p1a: Twink|0 fnt\n|faint|p1a: Twink\n|\n|upkeep\n|\n|t:|1700817111\n|switch|p1a: Defender of Trans|Zamazenta, shiny|100\/100\n|-ability|p1a: Defender of Trans|Dauntless Shield|boost\n|-boost|p1a: Defender of Trans|def|1\n|turn|31\n|\n|t:|1700817117\n|move|p1a: Defender of Trans|Iron Defense|p1a: Defender of Trans\n|-boost|p1a: Defender of Trans|def|2\n|move|p2a: Corviknight|Body Press|p1a: Defender of Trans\n|-damage|p1a: Defender of Trans|75\/100\n|\n|-heal|p1a: Defender of Trans|81\/100|[from] item: Leftovers\n|upkeep\n|turn|32\n|\n|t:|1700817130\n|move|p1a: Defender of Trans|Iron Defense|p1a: Defender of Trans\n|-boost|p1a: Defender of Trans|def|2\n|cant|p2a: Corviknight|par\n|\n|-heal|p1a: Defender of Trans|87\/100|[from] item: Leftovers\n|upkeep\n|turn|33\n|\n|t:|1700817135\n|move|p1a: Defender of Trans|Iron Defense|p1a: Defender of Trans\n|-boost|p1a: Defender of Trans|def|1\n|cant|p2a: Corviknight|par\n|\n|-heal|p1a: Defender of Trans|94\/100|[from] item: Leftovers\n|upkeep\n|turn|34\n|\n|t:|1700817137\n|move|p1a: Defender of Trans|Body Press|p2a: Corviknight\n|-damage|p2a: Corviknight|35\/100 par\n|move|p2a: Corviknight|Roost|p2a: Corviknight\n|-heal|p2a: Corviknight|85\/100 par\n|-singleturn|p2a: Corviknight|move: Roost\n|\n|-heal|p1a: Defender of Trans|99\/100|[from] item: Leftovers\n|upkeep\n|turn|35\n|\n|t:|1700817145\n|-terastallize|p2a: Corviknight|Fighting\n|move|p1a: Defender of Trans|Body Press|p2a: Corviknight\n|-damage|p2a: Corviknight|59\/100 par\n|cant|p2a: Corviknight|par\n|\n|-heal|p1a: Defender of Trans|100\/100|[from] item: Leftovers\n|upkeep\n|turn|36\n|\n|t:|1700817153\n|move|p1a: Defender of Trans|Body Press|p2a: Corviknight\n|-damage|p2a: Corviknight|32\/100 par\n|cant|p2a: Corviknight|par\n|\n|upkeep\n|turn|37\n|\n|t:|1700817158\n|move|p1a: Defender of Trans|Body Press|p2a: Corviknight\n|-damage|p2a: Corviknight|9\/100 par\n|cant|p2a: Corviknight|par\n|\n|upkeep\n|turn|38\n|c|\u2606kaolung|yes\n|c|\u2606kaolung|para haxed to death\n|c|\u2606kaolung|so many paras\n|c|\u2606kaolung|gg\n|-message|kaolung forfeited.\n|\n|win|Skaraptor2.1\n|raw|Skaraptor2.1's rating: 1403 &rarr; <strong>1420<\/strong><br \/>(+17 for winning)\n|raw|kaolung's rating: 1345 &rarr; <strong>1328<\/strong><br \/>(-17 for losing)\n|l|\u2606kaolung\n|c|\u2606Skaraptor2.1|Luck is a skill or something like that\n","uploadtime":1700817180,"views":3,"p1id":"skaraptor21","p2id":"kaolung","formatid":"gen9ou","rating":1328,"private":0,"password":""}