{"id":"gen9ou-1998310802","p1":"empoleon9000","p2":"natcentre","format":"[Gen 9] OU","log":"|j|\u2606empoleon9000\n|j|\u2606natcentre\n|t:|1700927906\n|gametype|singles\n|player|p1|empoleon9000|169|\n|player|p2|natcentre|101|\n|teamsize|p1|6\n|teamsize|p2|6\n|gen|9\n|tier|[Gen 9] OU\n|rule|Sleep Clause Mod: Limit one foe put to sleep\n|rule|Species Clause: Limit one of each Pok\u00e9mon\n|rule|OHKO Clause: OHKO moves are banned\n|rule|Evasion Items Clause: Evasion items are banned\n|rule|Evasion Moves Clause: Evasion moves are banned\n|rule|Endless Battle Clause: Forcing endless battles is banned\n|rule|HP Percentage Mod: HP is shown in percentages\n|clearpoke\n|poke|p1|Alomomola, F|\n|poke|p1|Slowking-Galar, F|\n|poke|p1|Frosmoth, F|\n|poke|p1|Kingambit, M|\n|poke|p1|Landorus-Therian, M|\n|poke|p1|Cinderace, F|\n|poke|p2|Tatsugiri, F|\n|poke|p2|Dondozo, M|\n|poke|p2|Phanpy, M|\n|poke|p2|Amoonguss, F|\n|poke|p2|Glimmora, M|\n|poke|p2|Arcanine-Hisui, F|\n|teampreview\n|c|\u2606natcentre|glhf\n|c|\u2606empoleon9000|glhf\n|j| Hallowed_Hazel\n|\n|t:|1700927958\n|start\n|switch|p1a: Landorus|Landorus-Therian, M|100\/100\n|switch|p2a: All That Glitters|Glimmora, M|100\/100\n|-ability|p1a: Landorus|Intimidate|boost\n|-unboost|p2a: All That Glitters|atk|1\n|turn|1\n|\n|t:|1700927985\n|switch|p2a: Boris Johnson|Dondozo, M|100\/100\n|move|p1a: Landorus|Earthquake|p2a: Boris Johnson\n|-damage|p2a: Boris Johnson|74\/100\n|\n|-heal|p2a: Boris Johnson|80\/100|[from] item: Leftovers\n|upkeep\n|turn|2\n|\n|t:|1700928011\n|move|p1a: Landorus|Taunt|p2a: Boris Johnson\n|-start|p2a: Boris Johnson|move: Taunt\n|cant|p2a: Boris Johnson|move: Taunt|Curse\n|\n|-heal|p2a: Boris Johnson|86\/100|[from] item: Leftovers\n|upkeep\n|turn|3\n|\n|t:|1700928018\n|move|p1a: Landorus|U-turn|p2a: Boris Johnson\n|-damage|p2a: Boris Johnson|72\/100\n|\n|t:|1700928026\n|switch|p1a: Alomomola|Alomomola, F|100\/100|[from] U-turn\n|move|p2a: Boris Johnson|Liquidation|p1a: Alomomola\n|-resisted|p1a: Alomomola\n|-damage|p1a: Alomomola|93\/100\n|\n|-heal|p2a: Boris Johnson|78\/100|[from] item: Leftovers\n|upkeep\n|turn|4\n|\n|t:|1700928038\n|switch|p2a: Among Us|Amoonguss, F|100\/100\n|move|p1a: Alomomola|Wish|p1a: Alomomola\n|\n|upkeep\n|turn|5\n|\n|t:|1700928056\n|switch|p1a: Slowking|Slowking-Galar, F|100\/100\n|switch|p2a: All That Glitters|Glimmora, M|100\/100\n|\n|upkeep\n|turn|6\n|\n|t:|1700928073\n|move|p2a: All That Glitters|Stealth Rock|p1a: Slowking\n|-sidestart|p1: empoleon9000|move: Stealth Rock\n|move|p1a: Slowking|Chilly Reception|p1a: Slowking\n|-weather|Snow\n|\n|t:|1700928094\n|switch|p1a: Cinderace|Cinderace, F|100\/100|[from] Chilly Reception\n|\n|-weather|Snow|[upkeep]\n|upkeep\n|turn|7\n|\n|t:|1700928120\n|move|p1a: Cinderace|Court Change|p1a: Cinderace\n|-start|p1a: Cinderace|typechange|Normal|[from] ability: Libero\n|-swapsideconditions\n|-activate|p1a: Cinderace|move: Court Change\n|move|p2a: All That Glitters|Earth Power|p1a: Cinderace\n|-damage|p1a: Cinderace|54\/100\n|\n|-weather|Snow|[upkeep]\n|upkeep\n|turn|8\n|\n|t:|1700928136\n|move|p1a: Cinderace|U-turn|p2a: All That Glitters\n|-resisted|p2a: All That Glitters\n|-crit|p2a: All That Glitters\n|-damage|p2a: All That Glitters|81\/100\n|-activate|p2a: All That Glitters|ability: Toxic Debris\n|-sidestart|p1: empoleon9000|move: Toxic Spikes\n|\n|t:|1700928141\n|switch|p1a: Landorus|Landorus-Therian, M|100\/100|[from] U-turn\n|-ability|p1a: Landorus|Intimidate|boost\n|-unboost|p2a: All That Glitters|atk|1\n|move|p2a: All That Glitters|Stealth Rock|p1a: Landorus\n|-sidestart|p1: empoleon9000|move: Stealth Rock\n|\n|-weather|Snow|[upkeep]\n|upkeep\n|turn|9\n|\n|t:|1700928162\n|switch|p2a: Home Alone|Tatsugiri, F|100\/100\n|-damage|p2a: Home Alone|88\/100|[from] Stealth Rock\n|move|p1a: Landorus|U-turn|p2a: Home Alone\n|-damage|p2a: Home Alone|47\/100\n|-enditem|p2a: Home Alone|Sitrus Berry|[eat]\n|-heal|p2a: Home Alone|72\/100|[from] item: Sitrus Berry\n|\n|t:|1700928224\n|switch|p1a: Cinderace|Cinderace, F|54\/100|[from] U-turn\n|\n|-weather|Snow|[upkeep]\n|upkeep\n|turn|10\n|\n|t:|1700928233\n|move|p1a: Cinderace|U-turn|p2a: Home Alone\n|-start|p1a: Cinderace|typechange|Bug|[from] ability: Libero\n|-damage|p2a: Home Alone|10\/100\n|\n|t:|1700928236\n|switch|p1a: Alomomola|Alomomola, F|100\/100|[from] U-turn\n|move|p2a: Home Alone|Draco Meteor|p1a: Alomomola\n|-damage|p1a: Alomomola|23\/100\n|-unboost|p2a: Home Alone|spa|2\n|\n|-weather|none\n|upkeep\n|turn|11\n|\n|t:|1700928248\n|switch|p1a: Slowking|Slowking-Galar, F|100\/100\n|-sideend|p1: empoleon9000|move: Toxic Spikes|[of] p1a: Slowking\n|-damage|p1a: Slowking|88\/100|[from] Stealth Rock\n|move|p2a: Home Alone|Draco Meteor|p1a: Slowking\n|-damage|p1a: Slowking|61\/100\n|-unboost|p2a: Home Alone|spa|2\n|\n|upkeep\n|turn|12\n|\n|t:|1700928258\n|move|p2a: Home Alone|Rapid Spin|p1a: Slowking\n|-crit|p1a: Slowking\n|-damage|p1a: Slowking|51\/100\n|-boost|p2a: Home Alone|spe|1\n|-sideend|p2: natcentre|Stealth Rock|[from] move: Rapid Spin|[of] p2a: Home Alone\n|move|p1a: Slowking|Chilly Reception|p1a: Slowking\n|-weather|Snow\n|\n|t:|1700928287\n|switch|p1a: Kingambit|Kingambit, M|100\/100|[from] Chilly Reception\n|-damage|p1a: Kingambit|94\/100|[from] Stealth Rock\n|\n|-weather|Snow|[upkeep]\n|upkeep\n|turn|13\n|\n|t:|1700928296\n|move|p1a: Kingambit|Sucker Punch||[still]\n|-fail|p1a: Kingambit\n|move|p2a: Home Alone|Nasty Plot|p2a: Home Alone\n|-boost|p2a: Home Alone|spa|2\n|\n|-weather|Snow|[upkeep]\n|upkeep\n|turn|14\n|\n|t:|1700928311\n|move|p2a: Home Alone|Surf|p1a: Kingambit\n|-damage|p1a: Kingambit|68\/100\n|move|p1a: Kingambit|Kowtow Cleave|p2a: Home Alone\n|-damage|p2a: Home Alone|0 fnt\n|faint|p2a: Home Alone\n|\n|-weather|Snow|[upkeep]\n|upkeep\n|\n|t:|1700928333\n|switch|p2a: Among Us|Amoonguss, F|100\/100\n|turn|15\n|\n|t:|1700928346\n|move|p1a: Kingambit|Kowtow Cleave|p2a: Among Us\n|-damage|p2a: Among Us|52\/100\n|move|p2a: Among Us|Spore|p1a: Kingambit\n|-status|p1a: Kingambit|slp|[from] move: Spore\n|-enditem|p1a: Kingambit|Lum Berry|[eat]\n|-curestatus|p1a: Kingambit|slp|[msg]\n|\n|-weather|Snow|[upkeep]\n|upkeep\n|turn|16\n|\n|t:|1700928373\n|-end|p1a: Kingambit|fallenundefined|[silent]\n|switch|p1a: Alomomola|Alomomola, F|56\/100\n|move|p2a: Among Us|Spore|p1a: Alomomola\n|-status|p1a: Alomomola|slp|[from] move: Spore\n|\n|-weather|none\n|upkeep\n|turn|17\n|\n|t:|1700928434\n|switch|p1a: Slowking|Slowking-Galar, F|84\/100\n|-damage|p1a: Slowking|72\/100|[from] Stealth Rock\n|switch|p2a: Max Capacity|Arcanine-Hisui, F|100\/100\n|\n|upkeep\n|turn|18\n|\n|t:|1700928444\n|switch|p1a: Landorus|Landorus-Therian, M|100\/100\n|-damage|p1a: Landorus|88\/100|[from] Stealth Rock\n|-ability|p1a: Landorus|Intimidate|boost\n|-unboost|p2a: Max Capacity|atk|1\n|move|p2a: Max Capacity|Head Smash|p1a: Landorus\n|-damage|p1a: Landorus|53\/100\n|-damage|p2a: Max Capacity|84\/100|[from] item: Rocky Helmet|[of] p1a: Landorus\n|\n|upkeep\n|turn|19\n|\n|t:|1700928471\n|switch|p2a: Among Us|Amoonguss, F|85\/100\n|move|p1a: Landorus|U-turn|p2a: Among Us\n|-damage|p2a: Among Us|62\/100\n|\n|t:|1700928497\n|switch|p1a: Kingambit|Kingambit, M|68\/100|[from] U-turn\n|-damage|p1a: Kingambit|61\/100|[from] Stealth Rock\n|\n|upkeep\n|turn|20\n|\n|t:|1700928507\n|move|p1a: Kingambit|Kowtow Cleave|p2a: Among Us\n|-damage|p2a: Among Us|8\/100\n|move|p2a: Among Us|Spore|p1a: Kingambit\n|-message|Sleep Clause Mod activated.\n|-hint|Sleep Clause Mod prevents players from putting more than one of their opponent's Pok\u00e9mon to sleep at a time\n|\n|upkeep\n|turn|21\n|\n|t:|1700928531\n|switch|p2a: The Greatest|Phanpy, M|100\/100\n|move|p1a: Kingambit|Kowtow Cleave|p2a: The Greatest\n|-damage|p2a: The Greatest|21\/100\n|\n|upkeep\n|turn|22\n|\n|t:|1700928539\n|move|p1a: Kingambit|Kowtow Cleave|p2a: The Greatest\n|-damage|p2a: The Greatest|0 fnt\n|faint|p2a: The Greatest\n|\n|upkeep\n|\n|t:|1700928544\n|switch|p2a: Max Capacity|Arcanine-Hisui, F|84\/100\n|turn|23\n|\n|t:|1700928574\n|move|p1a: Kingambit|Sucker Punch|p2a: Max Capacity\n|-damage|p2a: Max Capacity|37\/100\n|move|p2a: Max Capacity|Head Smash|p1a: Kingambit\n|-resisted|p1a: Kingambit\n|-damage|p1a: Kingambit|26\/100\n|\n|upkeep\n|turn|24\n|\n|t:|1700928586\n|switch|p2a: All That Glitters|Glimmora, M|81\/100\n|move|p1a: Kingambit|Sucker Punch||[still]\n|-fail|p1a: Kingambit\n|\n|upkeep\n|turn|25\n|\n|t:|1700928593\n|move|p1a: Kingambit|Sucker Punch|p2a: All That Glitters\n|-damage|p2a: All That Glitters|28\/100\n|-activate|p2a: All That Glitters|ability: Toxic Debris\n|-sidestart|p1: empoleon9000|move: Toxic Spikes\n|move|p2a: All That Glitters|Earth Power|p1a: Kingambit\n|-supereffective|p1a: Kingambit\n|-damage|p1a: Kingambit|0 fnt\n|faint|p1a: Kingambit\n|-end|p1a: Kingambit|fallenundefined|[silent]\n|\n|upkeep\n|\n|t:|1700928621\n|switch|p1a: Cinderace|Cinderace, F|54\/100\n|turn|26\n|\n|t:|1700928628\n|move|p1a: Cinderace|Court Change|p1a: Cinderace\n|-start|p1a: Cinderace|typechange|Normal|[from] ability: Libero\n|-swapsideconditions\n|-activate|p1a: Cinderace|move: Court Change\n|move|p2a: All That Glitters|Sludge Wave|p1a: Cinderace\n|-damage|p1a: Cinderace|0 fnt\n|faint|p1a: Cinderace\n|\n|upkeep\n|\n|t:|1700928649\n|switch|p1a: Frosmoth|Frosmoth, F|100\/100\n|turn|27\n|\n|t:|1700928675\n|move|p2a: All That Glitters|Sludge Wave|p1a: Frosmoth\n|-damage|p1a: Frosmoth|69\/100\n|move|p1a: Frosmoth|Substitute|p1a: Frosmoth\n|-start|p1a: Frosmoth|Substitute\n|-damage|p1a: Frosmoth|44\/100\n|\n|upkeep\n|turn|28\n|\n|t:|1700928681\n|-terastallize|p1a: Frosmoth|Ground\n|move|p2a: All That Glitters|Sludge Wave|p1a: Frosmoth\n|-resisted|p1a: Frosmoth\n|-activate|p1a: Frosmoth|move: Substitute|[damage]\n|move|p1a: Frosmoth|Quiver Dance|p1a: Frosmoth\n|-boost|p1a: Frosmoth|spa|1\n|-boost|p1a: Frosmoth|spd|1\n|-boost|p1a: Frosmoth|spe|1\n|\n|upkeep\n|turn|29\n|\n|t:|1700928689\n|move|p1a: Frosmoth|Ice Beam|p2a: All That Glitters\n|-damage|p2a: All That Glitters|0 fnt\n|faint|p2a: All That Glitters\n|\n|upkeep\n|\n|t:|1700928692\n|switch|p2a: Boris Johnson|Dondozo, M|78\/100\n|-damage|p2a: Boris Johnson|66\/100|[from] Stealth Rock\n|-status|p2a: Boris Johnson|psn\n|turn|30\n|\n|t:|1700928701\n|move|p1a: Frosmoth|Tera Blast|p2a: Boris Johnson|[anim] Tera Blast Ground\n|-damage|p2a: Boris Johnson|40\/100 psn\n|move|p2a: Boris Johnson|Liquidation|p1a: Frosmoth\n|-supereffective|p1a: Frosmoth\n|-end|p1a: Frosmoth|Substitute\n|\n|-heal|p2a: Boris Johnson|46\/100 psn|[from] item: Leftovers\n|-damage|p2a: Boris Johnson|34\/100 psn|[from] psn\n|upkeep\n|turn|31\n|\n|t:|1700928706\n|move|p1a: Frosmoth|Tera Blast|p2a: Boris Johnson|[anim] Tera Blast Ground\n|-damage|p2a: Boris Johnson|7\/100 psn\n|move|p2a: Boris Johnson|Rest|p2a: Boris Johnson\n|-status|p2a: Boris Johnson|slp|[from] move: Rest\n|-heal|p2a: Boris Johnson|100\/100 slp|[silent]\n|\n|upkeep\n|turn|32\n|\n|t:|1700928731\n|move|p1a: Frosmoth|Tera Blast|p2a: Boris Johnson|[anim] Tera Blast Ground\n|-crit|p2a: Boris Johnson\n|-damage|p2a: Boris Johnson|64\/100 slp\n|cant|p2a: Boris Johnson|slp\n|move|p2a: Boris Johnson|Sleep Talk|p2a: Boris Johnson\n|move|p2a: Boris Johnson|Curse|p2a: Boris Johnson|[from]move: Sleep Talk\n|-unboost|p2a: Boris Johnson|spe|1\n|-boost|p2a: Boris Johnson|atk|1\n|-boost|p2a: Boris Johnson|def|1\n|\n|-heal|p2a: Boris Johnson|70\/100 slp|[from] item: Leftovers\n|upkeep\n|turn|33\n|\n|t:|1700928746\n|move|p1a: Frosmoth|Tera Blast|p2a: Boris Johnson|[anim] Tera Blast Ground\n|-damage|p2a: Boris Johnson|47\/100 slp\n|cant|p2a: Boris Johnson|slp\n|move|p2a: Boris Johnson|Sleep Talk|p2a: Boris Johnson\n|move|p2a: Boris Johnson|Curse|p2a: Boris Johnson|[from]move: Sleep Talk\n|-unboost|p2a: Boris Johnson|spe|1\n|-boost|p2a: Boris Johnson|atk|1\n|-boost|p2a: Boris Johnson|def|1\n|\n|-heal|p2a: Boris Johnson|53\/100 slp|[from] item: Leftovers\n|upkeep\n|turn|34\n|\n|t:|1700928764\n|switch|p1a: Slowking|Slowking-Galar, F|100\/100\n|-curestatus|p2a: Boris Johnson|slp|[msg]\n|move|p2a: Boris Johnson|Rest|p2a: Boris Johnson\n|-status|p2a: Boris Johnson|slp|[from] move: Rest\n|-heal|p2a: Boris Johnson|100\/100 slp|[silent]\n|\n|upkeep\n|turn|35\n|\n|t:|1700928768\n|move|p1a: Slowking|Sludge Bomb|p2a: Boris Johnson\n|-damage|p2a: Boris Johnson|60\/100 slp\n|cant|p2a: Boris Johnson|slp\n|move|p2a: Boris Johnson|Sleep Talk|p2a: Boris Johnson\n|move|p2a: Boris Johnson|Curse|p2a: Boris Johnson|[from]move: Sleep Talk\n|-unboost|p2a: Boris Johnson|spe|1\n|-boost|p2a: Boris Johnson|atk|1\n|-boost|p2a: Boris Johnson|def|1\n|\n|-heal|p2a: Boris Johnson|66\/100 slp|[from] item: Leftovers\n|upkeep\n|turn|36\n|\n|t:|1700928776\n|move|p1a: Slowking|Sludge Bomb|p2a: Boris Johnson\n|-damage|p2a: Boris Johnson|21\/100 slp\n|cant|p2a: Boris Johnson|slp\n|move|p2a: Boris Johnson|Sleep Talk|p2a: Boris Johnson\n|move|p2a: Boris Johnson|Curse|p2a: Boris Johnson|[from]move: Sleep Talk\n|-unboost|p2a: Boris Johnson|spe|1\n|-boost|p2a: Boris Johnson|atk|1\n|-boost|p2a: Boris Johnson|def|1\n|\n|-heal|p2a: Boris Johnson|27\/100 slp|[from] item: Leftovers\n|upkeep\n|turn|37\n|\n|t:|1700928804\n|switch|p2a: Among Us|Amoonguss, F|41\/100\n|-damage|p2a: Among Us|29\/100|[from] Stealth Rock\n|-sideend|p2: natcentre|move: Toxic Spikes|[of] p2a: Among Us\n|move|p1a: Slowking|Sludge Bomb|p2a: Among Us\n|-damage|p2a: Among Us|0 fnt\n|faint|p2a: Among Us\n|\n|upkeep\n|\n|t:|1700928810\n|switch|p2a: Max Capacity|Arcanine-Hisui, F|37\/100\n|-damage|p2a: Max Capacity|12\/100|[from] Stealth Rock\n|turn|38\n|\n|t:|1700928817\n|switch|p1a: Landorus|Landorus-Therian, M|53\/100\n|-ability|p1a: Landorus|Intimidate|boost\n|-unboost|p2a: Max Capacity|atk|1\n|move|p2a: Max Capacity|Head Smash|p1a: Landorus\n|-damage|p1a: Landorus|18\/100\n|-damage|p2a: Max Capacity|0 fnt|[from] item: Rocky Helmet|[of] p1a: Landorus\n|faint|p2a: Max Capacity\n|\n|upkeep\n|c|\u2606empoleon9000|gg\n|\n|t:|1700928825\n|switch|p2a: Boris Johnson|Dondozo, M|27\/100 slp\n|-damage|p2a: Boris Johnson|15\/100 slp|[from] Stealth Rock\n|turn|39\n|c|\u2606natcentre|gg\n|\n|t:|1700928830\n|move|p1a: Landorus|Taunt|p2a: Boris Johnson\n|-start|p2a: Boris Johnson|move: Taunt\n|-curestatus|p2a: Boris Johnson|slp|[msg]\n|cant|p2a: Boris Johnson|move: Taunt|Rest\n|\n|-heal|p2a: Boris Johnson|21\/100|[from] item: Leftovers\n|upkeep\n|turn|40\n|\n|t:|1700928833\n|move|p1a: Landorus|Earthquake|p2a: Boris Johnson\n|-damage|p2a: Boris Johnson|0 fnt\n|faint|p2a: Boris Johnson\n|\n|win|empoleon9000\n|l|\u2606natcentre\n","uploadtime":1700928854,"views":11,"p1id":"empoleon9000","p2id":"natcentre","formatid":"gen9ou","rating":0,"private":0,"password":""}