{"id":"gen9ou-1990147724","p1":"rjayyyc","p2":"APerson5","format":"[Gen 9] OU","log":"|j|\u2606rjayyyc\n|j|\u2606APerson5\n|t:|1699929776\n|gametype|singles\n|player|p1|rjayyyc|ethan|1158\n|player|p2|APerson5|doubleteam|1260\n|teamsize|p1|6\n|teamsize|p2|6\n|gen|9\n|tier|[Gen 9] OU\n|rated|\n|rule|Sleep Clause Mod: Limit one foe put to sleep\n|rule|Species Clause: Limit one of each Pok\u00e9mon\n|rule|OHKO Clause: OHKO moves are banned\n|rule|Evasion Items Clause: Evasion items are banned\n|rule|Evasion Moves Clause: Evasion moves are banned\n|rule|Endless Battle Clause: Forcing endless battles is banned\n|rule|HP Percentage Mod: HP is shown in percentages\n|clearpoke\n|poke|p1|Ninetales-Alola, F|\n|poke|p1|Ceruledge, F|\n|poke|p1|Frosmoth, M|\n|poke|p1|Iron Valiant|\n|poke|p1|Rotom-Wash|\n|poke|p1|Kingambit, M|\n|poke|p2|Mismagius, F|\n|poke|p2|Kommo-o, M|\n|poke|p2|Ting-Lu|\n|poke|p2|Rillaboom, M|\n|poke|p2|Polteageist|\n|poke|p2|Kingambit, F|\n|teampreview\n|inactive|Battle timer is ON: inactive players will automatically lose when time's up. (requested by APerson5)\n|inactive|rjayyyc also wants the timer to be on.\n|c|\u2606APerson5|glhf\n|\n|t:|1699929785\n|start\n|switch|p1a: Ninetales|Ninetales-Alola, F|100\/100\n|switch|p2a: Ling-Tu|Ting-Lu|100\/100\n|-weather|Snow|[from] ability: Snow Warning|[of] p1a: Ninetales\n|-ability|p2a: Ling-Tu|Vessel of Ruin\n|turn|1\n|\n|t:|1699929790\n|move|p1a: Ninetales|Aurora Veil|p1a: Ninetales\n|-sidestart|p1: rjayyyc|move: Aurora Veil\n|move|p2a: Ling-Tu|Stealth Rock|p1a: Ninetales\n|-sidestart|p1: rjayyyc|move: Stealth Rock\n|\n|-weather|Snow|[upkeep]\n|upkeep\n|turn|2\n|c|\u2606rjayyyc|ditto\n|\n|t:|1699929796\n|move|p1a: Ninetales|Hypnosis|p2a: Ling-Tu|[miss]\n|-miss|p1a: Ninetales|p2a: Ling-Tu\n|move|p2a: Ling-Tu|Spikes|p1a: Ninetales\n|-sidestart|p1: rjayyyc|Spikes\n|\n|-weather|Snow|[upkeep]\n|upkeep\n|turn|3\n|\n|t:|1699929801\n|move|p1a: Ninetales|Hypnosis|p2a: Ling-Tu\n|-status|p2a: Ling-Tu|slp|[from] move: Hypnosis\n|cant|p2a: Ling-Tu|slp\n|\n|-weather|Snow|[upkeep]\n|upkeep\n|turn|4\n|\n|t:|1699929803\n|switch|p1a: Frosmoth|Frosmoth, M|100\/100\n|-curestatus|p2a: Ling-Tu|slp|[msg]\n|move|p2a: Ling-Tu|Spikes|p1a: Frosmoth\n|-sidestart|p1: rjayyyc|Spikes\n|\n|-weather|Snow|[upkeep]\n|upkeep\n|turn|5\n|\n|t:|1699929809\n|move|p1a: Frosmoth|Quiver Dance|p1a: Frosmoth\n|-boost|p1a: Frosmoth|spa|1\n|-boost|p1a: Frosmoth|spd|1\n|-boost|p1a: Frosmoth|spe|1\n|move|p2a: Ling-Tu|Spikes|p1a: Frosmoth\n|-sidestart|p1: rjayyyc|Spikes\n|\n|-weather|none\n|upkeep\n|turn|6\n|\n|t:|1699929820\n|move|p1a: Frosmoth|Ice Beam|p2a: Ling-Tu\n|-supereffective|p2a: Ling-Tu\n|-damage|p2a: Ling-Tu|24\/100\n|move|p2a: Ling-Tu|Whirlwind|p1a: Frosmoth\n|drag|p1a: Iron Valiant|Iron Valiant|100\/100\n|-damage|p1a: Iron Valiant|94\/100|[from] Stealth Rock\n|-damage|p1a: Iron Valiant|69\/100|[from] Spikes\n|-enditem|p1a: Iron Valiant|Booster Energy\n|-activate|p1a: Iron Valiant|ability: Quark Drive|[fromitem]\n|-start|p1a: Iron Valiant|quarkdriveatk\n|\n|-heal|p2a: Ling-Tu|30\/100|[from] item: Leftovers\n|upkeep\n|turn|7\n|\n|t:|1699929828\n|move|p1a: Iron Valiant|Spirit Break|p2a: Ling-Tu\n|-supereffective|p2a: Ling-Tu\n|-damage|p2a: Ling-Tu|0 fnt\n|faint|p2a: Ling-Tu\n|\n|upkeep\n|\n|t:|1699929838\n|switch|p2a: Riblaloom|Rillaboom, M|100\/100\n|-fieldstart|move: Grassy Terrain|[from] ability: Grassy Surge|[of] p2a: Riblaloom\n|turn|8\n|\n|t:|1699929855\n|-end|p1a: Iron Valiant|Quark Drive|[silent]\n|switch|p1a: Frosmoth|Frosmoth, M|100\/100\n|move|p2a: Riblaloom|Grassy Glide|p1a: Frosmoth\n|-resisted|p1a: Frosmoth\n|-damage|p1a: Frosmoth|74\/100\n|\n|-heal|p1a: Frosmoth|80\/100|[from] Grassy Terrain\n|-sideend|p1: rjayyyc|move: Aurora Veil\n|upkeep\n|turn|9\n|\n|t:|1699929875\n|switch|p2a: Magmisus|Mismagius, F|100\/100\n|move|p1a: Frosmoth|Quiver Dance|p1a: Frosmoth\n|-boost|p1a: Frosmoth|spa|1\n|-boost|p1a: Frosmoth|spd|1\n|-boost|p1a: Frosmoth|spe|1\n|\n|-heal|p1a: Frosmoth|86\/100|[from] Grassy Terrain\n|upkeep\n|turn|10\n|\n|t:|1699929884\n|move|p2a: Magmisus|Trick|p1a: Frosmoth\n|-activate|p2a: Magmisus|move: Trick|[of] p1a: Frosmoth\n|-item|p1a: Frosmoth|Choice Scarf|[from] move: Trick\n|-item|p2a: Magmisus|Heavy-Duty Boots|[from] move: Trick\n|move|p1a: Frosmoth|Ice Beam|p2a: Magmisus\n|-damage|p2a: Magmisus|14\/100\n|-status|p2a: Magmisus|frz\n|\n|-heal|p1a: Frosmoth|92\/100|[from] Grassy Terrain\n|upkeep\n|turn|11\n|\n|t:|1699929891\n|move|p1a: Frosmoth|Ice Beam|p2a: Magmisus\n|-damage|p2a: Magmisus|0 fnt\n|faint|p2a: Magmisus\n|\n|-heal|p1a: Frosmoth|98\/100|[from] Grassy Terrain\n|upkeep\n|\n|t:|1699929898\n|switch|p2a: Ko-omo|Kommo-o, M|100\/100\n|turn|12\n|\n|t:|1699929901\n|-terastallize|p2a: Ko-omo|Steel\n|move|p1a: Frosmoth|Ice Beam|p2a: Ko-omo\n|-resisted|p2a: Ko-omo\n|-damage|p2a: Ko-omo|60\/100\n|-status|p2a: Ko-omo|frz\n|-curestatus|p2a: Ko-omo|frz|[msg]\n|move|p2a: Ko-omo|Clangorous Soul|p2a: Ko-omo\n|-boost|p2a: Ko-omo|atk|1\n|-boost|p2a: Ko-omo|def|1\n|-boost|p2a: Ko-omo|spa|1\n|-boost|p2a: Ko-omo|spd|1\n|-boost|p2a: Ko-omo|spe|1\n|-damage|p2a: Ko-omo|27\/100\n|-enditem|p2a: Ko-omo|Sitrus Berry|[eat]\n|-heal|p2a: Ko-omo|52\/100|[from] item: Sitrus Berry\n|\n|-heal|p1a: Frosmoth|100\/100|[from] Grassy Terrain\n|-heal|p2a: Ko-omo|58\/100|[from] Grassy Terrain\n|-fieldend|move: Grassy Terrain\n|upkeep\n|turn|13\n|\n|t:|1699929908\n|move|p1a: Frosmoth|Ice Beam|p2a: Ko-omo\n|-resisted|p2a: Ko-omo\n|-damage|p2a: Ko-omo|33\/100\n|move|p2a: Ko-omo|Clangorous Soul||[still]\n|-fail|p2a: Ko-omo\n|\n|upkeep\n|turn|14\n|\n|t:|1699929927\n|-terastallize|p1a: Frosmoth|Ground\n|move|p1a: Frosmoth|Ice Beam|p2a: Ko-omo\n|-resisted|p2a: Ko-omo\n|-damage|p2a: Ko-omo|6\/100\n|-status|p2a: Ko-omo|frz\n|cant|p2a: Ko-omo|frz\n|\n|upkeep\n|turn|15\n|c|\u2606APerson5|:\/\n|c|\u2606rjayyyc|damn\n|\n|t:|1699929938\n|move|p1a: Frosmoth|Ice Beam|p2a: Ko-omo\n|-resisted|p2a: Ko-omo\n|-damage|p2a: Ko-omo|0 fnt\n|faint|p2a: Ko-omo\n|\n|upkeep\n|\n|t:|1699929946\n|switch|p2a: Riblaloom|Rillaboom, M|100\/100\n|-fieldstart|move: Grassy Terrain|[from] ability: Grassy Surge|[of] p2a: Riblaloom\n|turn|16\n|\n|t:|1699929948\n|move|p2a: Riblaloom|Grassy Glide|p1a: Frosmoth\n|-supereffective|p1a: Frosmoth\n|-damage|p1a: Frosmoth|0 fnt\n|faint|p1a: Frosmoth\n|\n|upkeep\n|\n|t:|1699929955\n|switch|p1a: Ceruledge|Ceruledge, F, shiny|100\/100\n|-damage|p1a: Ceruledge|76\/100|[from] Stealth Rock\n|-damage|p1a: Ceruledge|51\/100|[from] Spikes\n|turn|17\n|\n|t:|1699929962\n|move|p2a: Riblaloom|Grassy Glide|p1a: Ceruledge\n|-resisted|p1a: Ceruledge\n|-damage|p1a: Ceruledge|9\/100\n|-ability|p1a: Ceruledge|Weak Armor|boost\n|-unboost|p1a: Ceruledge|def|1\n|-boost|p1a: Ceruledge|spe|2\n|move|p1a: Ceruledge|Bitter Blade|p2a: Riblaloom\n|-supereffective|p2a: Riblaloom\n|-damage|p2a: Riblaloom|0 fnt\n|-heal|p1a: Ceruledge|68\/100|[from] drain|[of] p2a: Riblaloom\n|faint|p2a: Riblaloom\n|\n|-heal|p1a: Ceruledge|74\/100|[from] Grassy Terrain\n|upkeep\n|\n|t:|1699929968\n|switch|p2a: Kingbitam|Kingambit, F|100\/100\n|-activate|p2a: Kingbitam|ability: Supreme Overlord\n|-start|p2a: Kingbitam|fallen4|[silent]\n|turn|18\n|\n|t:|1699929975\n|move|p2a: Kingbitam|Sucker Punch||[still]\n|-fail|p2a: Kingbitam\n|move|p1a: Ceruledge|Swords Dance|p1a: Ceruledge\n|-boost|p1a: Ceruledge|atk|2\n|\n|-heal|p1a: Ceruledge|80\/100|[from] Grassy Terrain\n|upkeep\n|turn|19\n|\n|t:|1699929980\n|move|p1a: Ceruledge|Shadow Sneak|p2a: Kingbitam\n|-resisted|p2a: Kingbitam\n|-damage|p2a: Kingbitam|83\/100\n|move|p2a: Kingbitam|Sucker Punch||[still]\n|-fail|p2a: Kingbitam\n|\n|-heal|p1a: Ceruledge|86\/100|[from] Grassy Terrain\n|-heal|p2a: Kingbitam|89\/100|[from] Grassy Terrain\n|-heal|p2a: Kingbitam|95\/100|[from] item: Leftovers\n|upkeep\n|turn|20\n|\n|t:|1699929984\n|move|p2a: Kingbitam|Sucker Punch|p1a: Ceruledge\n|-supereffective|p1a: Ceruledge\n|-damage|p1a: Ceruledge|0 fnt\n|faint|p1a: Ceruledge\n|\n|-heal|p2a: Kingbitam|100\/100|[from] Grassy Terrain\n|-fieldend|move: Grassy Terrain\n|upkeep\n|\n|t:|1699929988\n|switch|p1a: Iron Valiant|Iron Valiant|69\/100\n|-damage|p1a: Iron Valiant|63\/100|[from] Stealth Rock\n|-damage|p1a: Iron Valiant|38\/100|[from] Spikes\n|turn|21\n|\n|t:|1699929993\n|-end|p2a: Kingbitam|fallen4|[silent]\n|switch|p2a: Poltgeistea|Polteageist|100\/100\n|move|p1a: Iron Valiant|Swords Dance|p1a: Iron Valiant\n|-boost|p1a: Iron Valiant|atk|2\n|\n|upkeep\n|turn|22\n|\n|t:|1699929999\n|move|p1a: Iron Valiant|Spirit Break|p2a: Poltgeistea\n|-damage|p2a: Poltgeistea|0 fnt\n|faint|p2a: Poltgeistea\n|\n|upkeep\n|\n|t:|1699930002\n|switch|p2a: Kingbitam|Kingambit, F|100\/100\n|-activate|p2a: Kingbitam|ability: Supreme Overlord\n|-start|p2a: Kingbitam|fallen5|[silent]\n|turn|23\n|\n|t:|1699930006\n|move|p1a: Iron Valiant|Swords Dance|p1a: Iron Valiant\n|-boost|p1a: Iron Valiant|atk|2\n|move|p2a: Kingbitam|Iron Head|p1a: Iron Valiant\n|-supereffective|p1a: Iron Valiant\n|-damage|p1a: Iron Valiant|0 fnt\n|faint|p1a: Iron Valiant\n|-end|p1a: Iron Valiant|Quark Drive|[silent]\n|\n|upkeep\n|\n|t:|1699930011\n|switch|p1a: Ninetales|Ninetales-Alola, F|100\/100\n|-damage|p1a: Ninetales|76\/100|[from] Stealth Rock\n|-damage|p1a: Ninetales|51\/100|[from] Spikes\n|-weather|Snow|[from] ability: Snow Warning|[of] p1a: Ninetales\n|turn|24\n|\n|t:|1699930017\n|move|p1a: Ninetales|Aurora Veil|p1a: Ninetales\n|-sidestart|p1: rjayyyc|move: Aurora Veil\n|move|p2a: Kingbitam|Swords Dance|p2a: Kingbitam\n|-boost|p2a: Kingbitam|atk|2\n|\n|-weather|Snow|[upkeep]\n|upkeep\n|turn|25\n|\n|t:|1699930022\n|move|p1a: Ninetales|Encore|p2a: Kingbitam\n|-start|p2a: Kingbitam|Encore\n|move|p2a: Kingbitam|Swords Dance|p2a: Kingbitam\n|-boost|p2a: Kingbitam|atk|2\n|\n|-weather|Snow|[upkeep]\n|upkeep\n|turn|26\n|\n|t:|1699930024\n|move|p1a: Ninetales|Hypnosis|p2a: Kingbitam\n|-status|p2a: Kingbitam|slp|[from] move: Hypnosis\n|cant|p2a: Kingbitam|slp\n|\n|-weather|Snow|[upkeep]\n|upkeep\n|turn|27\n|\n|t:|1699930031\n|switch|p1a: Kingambit|Kingambit, M, shiny|100\/100\n|-damage|p1a: Kingambit|94\/100|[from] Stealth Rock\n|-activate|p1a: Kingambit|ability: Supreme Overlord\n|-start|p1a: Kingambit|fallen3|[silent]\n|-item|p1a: Kingambit|Air Balloon\n|cant|p2a: Kingbitam|slp\n|\n|-weather|Snow|[upkeep]\n|-end|p2a: Kingbitam|Encore\n|upkeep\n|turn|28\n|\n|t:|1699930042\n|move|p1a: Kingambit|Swords Dance|p1a: Kingambit\n|-boost|p1a: Kingambit|atk|2\n|cant|p2a: Kingbitam|slp\n|\n|-weather|none\n|upkeep\n|turn|29\n|\n|t:|1699930049\n|move|p1a: Kingambit|Swords Dance|p1a: Kingambit\n|-boost|p1a: Kingambit|atk|2\n|-curestatus|p2a: Kingbitam|slp|[msg]\n|move|p2a: Kingbitam|Brick Break|p1a: Kingambit\n|-sideend|p1: rjayyyc|move: Aurora Veil\n|-supereffective|p1a: Kingambit\n|-damage|p1a: Kingambit|0 fnt\n|-enditem|p1a: Kingambit|Air Balloon\n|faint|p1a: Kingambit\n|-end|p1a: Kingambit|fallen3|[silent]\n|\n|upkeep\n|\n|t:|1699930051\n|switch|p1a: Rotom|Rotom-Wash, shiny|100\/100\n|-damage|p1a: Rotom|88\/100|[from] Stealth Rock\n|turn|30\n|\n|t:|1699930055\n|move|p2a: Kingbitam|Sucker Punch||[still]\n|-fail|p2a: Kingbitam\n|move|p1a: Rotom|Will-O-Wisp|p2a: Kingbitam\n|-status|p2a: Kingbitam|brn\n|\n|-damage|p2a: Kingbitam|94\/100 brn|[from] brn\n|upkeep\n|turn|31\n|\n|t:|1699930061\n|move|p1a: Rotom|Hydro Pump|p2a: Kingbitam\n|-damage|p2a: Kingbitam|53\/100 brn\n|move|p2a: Kingbitam|Swords Dance|p2a: Kingbitam\n|-boost|p2a: Kingbitam|atk|2\n|\n|-heal|p2a: Kingbitam|59\/100 brn|[from] item: Leftovers\n|-damage|p2a: Kingbitam|53\/100 brn|[from] brn\n|upkeep\n|turn|32\n|\n|t:|1699930067\n|move|p1a: Rotom|Hydro Pump|p2a: Kingbitam\n|-crit|p2a: Kingbitam\n|-damage|p2a: Kingbitam|1\/100 brn\n|move|p2a: Kingbitam|Iron Head|p1a: Rotom\n|-resisted|p1a: Rotom\n|-damage|p1a: Rotom|62\/100\n|\n|-heal|p2a: Kingbitam|7\/100 brn|[from] item: Leftovers\n|-damage|p2a: Kingbitam|1\/100 brn|[from] brn\n|upkeep\n|turn|33\n|c|\u2606rjayyyc|gg\n|\n|t:|1699930089\n|switch|p1a: Ninetales|Ninetales-Alola, F|51\/100\n|-damage|p1a: Ninetales|26\/100|[from] Stealth Rock\n|-damage|p1a: Ninetales|1\/100|[from] Spikes\n|-weather|Snow|[from] ability: Snow Warning|[of] p1a: Ninetales\n|move|p2a: Kingbitam|Sucker Punch||[still]\n|-fail|p2a: Kingbitam\n|\n|-weather|Snow|[upkeep]\n|-heal|p2a: Kingbitam|7\/100 brn|[from] item: Leftovers\n|-damage|p2a: Kingbitam|1\/100 brn|[from] brn\n|upkeep\n|turn|34\n|c|\u2606APerson5|ggs\n|\n|t:|1699930103\n|move|p1a: Ninetales|Aurora Veil|p1a: Ninetales\n|-sidestart|p1: rjayyyc|move: Aurora Veil\n|move|p2a: Kingbitam|Brick Break|p1a: Ninetales\n|-sideend|p1: rjayyyc|move: Aurora Veil\n|-damage|p1a: Ninetales|0 fnt\n|faint|p1a: Ninetales\n|\n|-weather|Snow|[upkeep]\n|-heal|p2a: Kingbitam|7\/100 brn|[from] item: Leftovers\n|-damage|p2a: Kingbitam|1\/100 brn|[from] brn\n|upkeep\n|\n|t:|1699930105\n|switch|p1a: Rotom|Rotom-Wash, shiny|62\/100\n|-damage|p1a: Rotom|50\/100|[from] Stealth Rock\n|-enditem|p1a: Rotom|Sitrus Berry|[eat]\n|-heal|p1a: Rotom|75\/100|[from] item: Sitrus Berry\n|turn|35\n|c|\u2606rjayyyc|waut\n|c|\u2606rjayyyc|lol\n|\n|t:|1699930123\n|move|p2a: Kingbitam|Sucker Punch|p1a: Rotom\n|-damage|p1a: Rotom|0 fnt\n|faint|p1a: Rotom\n|\n|win|APerson5\n|raw|rjayyyc's rating: 1158 &rarr; <strong>1140<\/strong><br \/>(-18 for losing)\n|raw|APerson5's rating: 1260 &rarr; <strong>1278<\/strong><br \/>(+18 for winning)\n|c|\u2606rjayyyc|gg\n|c|\u2606APerson5|ggs\n","uploadtime":1699930130,"views":24,"p1id":"rjayyyc","p2id":"aperson5","formatid":"gen9ou","rating":1140,"private":0,"password":""}