{"id":"gen9ou-2000260369","p1":"Lenoxum","p2":"Barracuda705","format":"[Gen 9] OU","log":"|j|\u2606Lenoxum\n|j|\u2606Barracuda705\n|inactive|Battle timer is ON: inactive players will automatically lose when time's up.\n|t:|1701178708\n|gametype|singles\n|player|p1|Lenoxum|turo-ai|\n|player|p2|Barracuda705|lady|\n|teamsize|p1|3\n|teamsize|p2|3\n|gen|9\n|tier|[Gen 9] OU\n|rated|Tournament battle\n|rule|Sleep Clause Mod: Limit one foe put to sleep\n|rule|Species Clause: Limit one of each Pok\u00e9mon\n|rule|OHKO Clause: OHKO moves are banned\n|rule|Evasion Items Clause: Evasion items are banned\n|rule|Evasion Moves Clause: Evasion moves are banned\n|rule|Endless Battle Clause: Forcing endless battles is banned\n|rule|HP Percentage Mod: HP is shown in percentages\n|clearpoke\n|poke|p1|Sylveon, F|\n|poke|p1|Cloyster, M|\n|poke|p1|Arcanine-Hisui, F|\n|poke|p2|Ambipom, F|\n|poke|p2|Mareanie, M|\n|poke|p2|Torterra, F|\n|teampreview\n|j|*Lady Monita \u2746\n|c|\u2606Lenoxum|glf\n|c|\u2606Barracuda705|U2\n|\n|t:|1701178730\n|start\n|switch|p1a: Sylveon|Sylveon, F, shiny|100\/100\n|switch|p2a: Mareanie|Mareanie, M|100\/100\n|turn|1\n|\n|t:|1701178734\n|move|p1a: Sylveon|Psychic|p2a: Mareanie\n|-supereffective|p2a: Mareanie\n|-damage|p2a: Mareanie|35\/100\n|move|p2a: Mareanie|Toxic|p1a: Sylveon\n|-status|p1a: Sylveon|tox\n|\n|-damage|p1a: Sylveon|94\/100 tox|[from] psn\n|upkeep\n|turn|2\n|\n|t:|1701178745\n|move|p1a: Sylveon|Psychic|p2a: Mareanie\n|-supereffective|p2a: Mareanie\n|-damage|p2a: Mareanie|0 fnt\n|faint|p2a: Mareanie\n|\n|-damage|p1a: Sylveon|82\/100 tox|[from] psn\n|upkeep\n|\n|t:|1701178760\n|switch|p2a: Torterra|Torterra, F, shiny|100\/100\n|turn|3\n|\n|t:|1701178765\n|move|p2a: Torterra|Shell Smash|p2a: Torterra\n|-unboost|p2a: Torterra|def|1\n|-unboost|p2a: Torterra|spd|1\n|-boost|p2a: Torterra|atk|2\n|-boost|p2a: Torterra|spa|2\n|-boost|p2a: Torterra|spe|2\n|-enditem|p2a: Torterra|White Herb\n|-clearnegativeboost|p2a: Torterra|[silent]\n|move|p1a: Sylveon|Hyper Voice|p2a: Torterra\n|-damage|p2a: Torterra|40\/100\n|\n|-damage|p1a: Sylveon|64\/100 tox|[from] psn\n|upkeep\n|turn|4\n|\n|t:|1701178772\n|move|p2a: Torterra|Earthquake|p1a: Sylveon\n|-damage|p1a: Sylveon|0 fnt\n|faint|p1a: Sylveon\n|\n|upkeep\n|\n|t:|1701178776\n|switch|p1a: Cloyster|Cloyster, M, shiny|100\/100\n|turn|5\n|\n|t:|1701178784\n|-terastallize|p2a: Torterra|Rock\n|-terastallize|p1a: Cloyster|Ice\n|move|p2a: Torterra|Wood Hammer|p1a: Cloyster\n|-damage|p1a: Cloyster|7\/100\n|-damage|p2a: Torterra|18\/100|[from] Recoil\n|move|p1a: Cloyster|Icicle Spear|p2a: Torterra\n|-damage|p2a: Torterra|2\/100\n|-damage|p2a: Torterra|0 fnt\n|faint|p2a: Torterra\n|-hitcount|p2: Torterra|2\n|\n|upkeep\n|\n|t:|1701178790\n|switch|p2a: Ambipom|Ambipom, F|100\/100\n|turn|6\n|\n|t:|1701178798\n|move|p2a: Ambipom|Fake Out|p1a: Cloyster\n|-damage|p1a: Cloyster|0 fnt\n|faint|p1a: Cloyster\n|-damage|p2a: Ambipom|91\/100|[from] item: Life Orb\n|\n|upkeep\n|\n|t:|1701178801\n|switch|p1a: Arcanine|Arcanine-Hisui, F, shiny|100\/100\n|turn|7\n|\n|t:|1701178805\n|move|p2a: Ambipom|Low Kick|p1a: Arcanine\n|-supereffective|p1a: Arcanine\n|-damage|p1a: Arcanine|0 fnt\n|faint|p1a: Arcanine\n|-damage|p2a: Ambipom|81\/100|[from] item: Life Orb\n|\n|win|Barracuda705\n|n|\u2606Lenoxum|lenoxum\n|n|\u2606Barracuda705|barracuda705\n|n|*Lady Monita \u2746|ladymonita\n","uploadtime":1701178807,"views":3,"p1id":"lenoxum","p2id":"barracuda705","formatid":"gen9ou","rating":0,"private":0,"password":""}