{"id":"gen9ou-1992394905","p1":"moolacat","p2":"Sindicate VI","format":"[Gen 9] OU","log":"|j|\u2606moolacat\n|j|\u2606Sindicate VI\n|t:|1700182549\n|gametype|singles\n|player|p1|moolacat|gardenia|1378\n|player|p2|Sindicate VI|1|1454\n|teamsize|p1|6\n|teamsize|p2|6\n|gen|9\n|tier|[Gen 9] OU\n|rated|\n|rule|Sleep Clause Mod: Limit one foe put to sleep\n|rule|Species Clause: Limit one of each Pok\u00e9mon\n|rule|OHKO Clause: OHKO moves are banned\n|rule|Evasion Items Clause: Evasion items are banned\n|rule|Evasion Moves Clause: Evasion moves are banned\n|rule|Endless Battle Clause: Forcing endless battles is banned\n|rule|HP Percentage Mod: HP is shown in percentages\n|clearpoke\n|poke|p1|Chesnaught, M|\n|poke|p1|Milotic, M|\n|poke|p1|Kilowattrel, F|\n|poke|p1|Kingambit, M|\n|poke|p1|Scizor, M|\n|poke|p1|Yanmega, F|\n|poke|p2|Ting-Lu|\n|poke|p2|Dondozo, F|\n|poke|p2|Rillaboom, F|\n|poke|p2|Gholdengo|\n|poke|p2|Corviknight, F|\n|poke|p2|Slowking-Galar, M|\n|teampreview\n|inactive|Battle timer is ON: inactive players will automatically lose when time's up. (requested by Sindicate VI)\n|\n|t:|1700182560\n|start\n|switch|p1a: ancient carrion|Scizor, M|100\/100\n|switch|p2a: Gholdengo|Gholdengo|100\/100\n|turn|1\n|\n|t:|1700182568\n|move|p2a: Gholdengo|Shadow Ball|p1a: ancient carrion\n|-damage|p1a: ancient carrion|3\/100\n|move|p1a: ancient carrion|U-turn|p2a: Gholdengo\n|-resisted|p2a: Gholdengo\n|-damage|p2a: Gholdengo|90\/100\n|\n|t:|1700182578\n|switch|p1a: kill|Kilowattrel, F|100\/100|[from] U-turn\n|\n|upkeep\n|turn|2\n|c|\u2606moolacat|specs\n|\n|t:|1700182603\n|switch|p2a: Ting-Lu|Ting-Lu|100\/100\n|-ability|p2a: Ting-Lu|Vessel of Ruin\n|move|p1a: kill|Hurricane|p2a: Ting-Lu|[miss]\n|-miss|p1a: kill|p2a: Ting-Lu\n|\n|upkeep\n|turn|3\n|\n|t:|1700182609\n|switch|p1a: ancient carrion|Scizor, M|3\/100\n|move|p2a: Ting-Lu|Spikes|p1a: ancient carrion\n|-sidestart|p1: moolacat|Spikes\n|\n|-heal|p1a: ancient carrion|9\/100|[from] item: Leftovers\n|upkeep\n|turn|4\n|\n|t:|1700182612\n|move|p1a: ancient carrion|U-turn|p2a: Ting-Lu\n|-supereffective|p2a: Ting-Lu\n|-damage|p2a: Ting-Lu|53\/100\n|\n|t:|1700182615\n|switch|p1a: kill|Kilowattrel, F|100\/100|[from] U-turn\n|move|p2a: Ting-Lu|Stone Edge|p1a: kill\n|-supereffective|p1a: kill\n|-damage|p1a: kill|4\/100\n|\n|-heal|p2a: Ting-Lu|59\/100|[from] item: Leftovers\n|upkeep\n|turn|5\n|\n|t:|1700182622\n|move|p2a: Ting-Lu|Protect|p2a: Ting-Lu\n|-singleturn|p2a: Ting-Lu|Protect\n|move|p1a: kill|Hurricane|p2a: Ting-Lu\n|-activate|p2a: Ting-Lu|move: Protect\n|\n|-heal|p2a: Ting-Lu|65\/100|[from] item: Leftovers\n|upkeep\n|turn|6\n|\n|t:|1700182632\n|switch|p2a: Slowking|Slowking-Galar, M|100\/100\n|move|p1a: kill|Hurricane|p2a: Slowking\n|-damage|p2a: Slowking|64\/100\n|-start|p2a: Slowking|confusion\n|\n|upkeep\n|turn|7\n|\n|t:|1700182639\n|switch|p1a: ancient bastion|Chesnaught, M, shiny|100\/100\n|-damage|p1a: ancient bastion|88\/100|[from] Spikes\n|-activate|p2a: Slowking|confusion\n|move|p2a: Slowking|Psyshock|p1a: ancient bastion\n|-supereffective|p1a: ancient bastion\n|-damage|p1a: ancient bastion|47\/100\n|\n|-heal|p1a: ancient bastion|53\/100|[from] item: Leftovers\n|upkeep\n|turn|8\n|\n|t:|1700182650\n|switch|p2a: Corviknight|Corviknight, F|100\/100\n|-ability|p2a: Corviknight|Pressure\n|move|p1a: ancient bastion|Spiky Shield||[still]\n|-fail|p1a: ancient bastion\n|\n|-heal|p1a: ancient bastion|60\/100|[from] item: Leftovers\n|upkeep\n|turn|9\n|\n|t:|1700182655\n|move|p1a: ancient bastion|Spiky Shield|p1a: ancient bastion\n|-singleturn|p1a: ancient bastion|move: Protect\n|move|p2a: Corviknight|Brave Bird|p1a: ancient bastion\n|-activate|p1a: ancient bastion|move: Protect\n|-damage|p2a: Corviknight|88\/100|[from] Spiky Shield|[of] p1a: ancient bastion\n|\n|-heal|p2a: Corviknight|94\/100|[from] item: Leftovers\n|-heal|p1a: ancient bastion|66\/100|[from] item: Leftovers\n|upkeep\n|turn|10\n|\n|t:|1700182662\n|switch|p1a: ancient lorden|Kingambit, M|100\/100\n|-damage|p1a: ancient lorden|88\/100|[from] Spikes\n|move|p2a: Corviknight|U-turn|p1a: ancient lorden\n|-damage|p1a: ancient lorden|77\/100\n|\n|t:|1700182672\n|switch|p2a: Dondozo|Dondozo, F|100\/100|[from] U-turn\n|\n|upkeep\n|turn|11\n|\n|t:|1700182682\n|-end|p1a: ancient lorden|fallenundefined|[silent]\n|switch|p1a: ancient carrion|Scizor, M|9\/100\n|-damage|p1a: ancient carrion|0 fnt|[from] Spikes\n|faint|p1a: ancient carrion\n|move|p2a: Dondozo|Liquidation|p1: ancient carrion|[notarget]\n|-fail|p2a: Dondozo\n|\n|upkeep\n|\n|t:|1700182686\n|switch|p1a: kill|Kilowattrel, F|4\/100\n|turn|12\n|\n|t:|1700182690\n|switch|p2a: Ting-Lu|Ting-Lu|65\/100\n|-ability|p2a: Ting-Lu|Vessel of Ruin\n|move|p1a: kill|Volt Switch|p2a: Ting-Lu\n|-immune|p2a: Ting-Lu\n|\n|-heal|p2a: Ting-Lu|71\/100|[from] item: Leftovers\n|upkeep\n|turn|13\n|\n|t:|1700182693\n|switch|p1a: ancient bastion|Chesnaught, M, shiny|66\/100\n|-damage|p1a: ancient bastion|53\/100|[from] Spikes\n|move|p2a: Ting-Lu|Ruination|p1a: ancient bastion\n|-damage|p1a: ancient bastion|27\/100\n|\n|-heal|p1a: ancient bastion|33\/100|[from] item: Leftovers\n|-heal|p2a: Ting-Lu|78\/100|[from] item: Leftovers\n|upkeep\n|turn|14\n|\n|t:|1700182697\n|move|p1a: ancient bastion|Drain Punch|p2a: Ting-Lu\n|-supereffective|p2a: Ting-Lu\n|-damage|p2a: Ting-Lu|40\/100\n|-heal|p1a: ancient bastion|63\/100|[from] drain|[of] p2a: Ting-Lu\n|move|p2a: Ting-Lu|Spikes|p1a: ancient bastion\n|-sidestart|p1: moolacat|Spikes\n|\n|-heal|p1a: ancient bastion|69\/100|[from] item: Leftovers\n|-heal|p2a: Ting-Lu|46\/100|[from] item: Leftovers\n|upkeep\n|turn|15\n|\n|t:|1700182702\n|switch|p2a: Corviknight|Corviknight, F|94\/100\n|-ability|p2a: Corviknight|Pressure\n|move|p1a: ancient bastion|Wood Hammer|p2a: Corviknight\n|-resisted|p2a: Corviknight\n|-damage|p2a: Corviknight|84\/100\n|-damage|p1a: ancient bastion|64\/100|[from] Recoil\n|\n|-heal|p2a: Corviknight|90\/100|[from] item: Leftovers\n|-heal|p1a: ancient bastion|71\/100|[from] item: Leftovers\n|upkeep\n|turn|16\n|\n|t:|1700182704\n|move|p1a: ancient bastion|Spiky Shield|p1a: ancient bastion\n|-singleturn|p1a: ancient bastion|move: Protect\n|move|p2a: Corviknight|Brave Bird|p1a: ancient bastion\n|-activate|p1a: ancient bastion|move: Protect\n|-damage|p2a: Corviknight|77\/100|[from] Spiky Shield|[of] p1a: ancient bastion\n|\n|-heal|p2a: Corviknight|83\/100|[from] item: Leftovers\n|-heal|p1a: ancient bastion|77\/100|[from] item: Leftovers\n|upkeep\n|turn|17\n|\n|t:|1700182708\n|move|p1a: ancient bastion|Spiky Shield|p1a: ancient bastion\n|-singleturn|p1a: ancient bastion|move: Protect\n|move|p2a: Corviknight|U-turn|p1a: ancient bastion\n|-activate|p1a: ancient bastion|move: Protect\n|-damage|p2a: Corviknight|71\/100|[from] Spiky Shield|[of] p1a: ancient bastion\n|\n|-heal|p2a: Corviknight|77\/100|[from] item: Leftovers\n|-heal|p1a: ancient bastion|83\/100|[from] item: Leftovers\n|upkeep\n|turn|18\n|\n|t:|1700182711\n|switch|p1a: milo|Milotic, M, shiny|100\/100\n|-damage|p1a: milo|84\/100|[from] Spikes\n|move|p2a: Corviknight|U-turn|p1a: milo\n|-damage|p1a: milo|67\/100\n|\n|t:|1700182714\n|switch|p2a: Rillaboom|Rillaboom, F|100\/100|[from] U-turn\n|-fieldstart|move: Grassy Terrain|[from] ability: Grassy Surge|[of] p2a: Rillaboom\n|\n|-heal|p1a: milo|73\/100|[from] Grassy Terrain\n|-status|p1a: milo|brn|[from] item: Flame Orb\n|upkeep\n|turn|19\n|\n|t:|1700182718\n|switch|p1a: ancient lorden|Kingambit, M|77\/100\n|-damage|p1a: ancient lorden|60\/100|[from] Spikes\n|-activate|p1a: ancient lorden|ability: Supreme Overlord\n|-start|p1a: ancient lorden|fallen1|[silent]\n|move|p2a: Rillaboom|Grassy Glide|p1a: ancient lorden\n|-resisted|p1a: ancient lorden\n|-damage|p1a: ancient lorden|40\/100\n|\n|-heal|p1a: ancient lorden|46\/100|[from] Grassy Terrain\n|upkeep\n|turn|20\n|\n|t:|1700182732\n|switch|p2a: Dondozo|Dondozo, F|100\/100\n|move|p1a: ancient lorden|Kowtow Cleave|p2a: Dondozo\n|-damage|p2a: Dondozo|65\/100\n|\n|-heal|p1a: ancient lorden|52\/100|[from] Grassy Terrain\n|-heal|p2a: Dondozo|71\/100|[from] Grassy Terrain\n|upkeep\n|turn|21\n|\n|t:|1700182735\n|move|p1a: ancient lorden|Kowtow Cleave|p2a: Dondozo\n|-damage|p2a: Dondozo|36\/100\n|move|p2a: Dondozo|Liquidation|p1a: ancient lorden\n|-crit|p1a: ancient lorden\n|-damage|p1a: ancient lorden|21\/100\n|\n|-heal|p1a: ancient lorden|27\/100|[from] Grassy Terrain\n|-heal|p2a: Dondozo|42\/100|[from] Grassy Terrain\n|upkeep\n|turn|22\n|\n|t:|1700182739\n|move|p1a: ancient lorden|Kowtow Cleave|p2a: Dondozo\n|-damage|p2a: Dondozo|10\/100\n|move|p2a: Dondozo|Rest|p2a: Dondozo\n|-status|p2a: Dondozo|slp|[from] move: Rest\n|-heal|p2a: Dondozo|100\/100 slp|[silent]\n|\n|-heal|p1a: ancient lorden|33\/100|[from] Grassy Terrain\n|-fieldend|move: Grassy Terrain\n|upkeep\n|turn|23\n|\n|t:|1700182742\n|move|p1a: ancient lorden|Kowtow Cleave|p2a: Dondozo\n|-damage|p2a: Dondozo|70\/100 slp\n|cant|p2a: Dondozo|slp\n|\n|upkeep\n|turn|24\n|\n|t:|1700182748\n|move|p1a: ancient lorden|Kowtow Cleave|p2a: Dondozo\n|-damage|p2a: Dondozo|39\/100 slp\n|cant|p2a: Dondozo|slp\n|move|p2a: Dondozo|Sleep Talk|p2a: Dondozo\n|move|p2a: Dondozo|Liquidation|p1a: ancient lorden|[from]move: Sleep Talk\n|-damage|p1a: ancient lorden|11\/100\n|-unboost|p1a: ancient lorden|def|1\n|\n|upkeep\n|turn|25\n|\n|t:|1700182751\n|-end|p1a: ancient lorden|fallen1|[silent]\n|switch|p1a: ancient bastion|Chesnaught, M, shiny|83\/100\n|-damage|p1a: ancient bastion|66\/100|[from] Spikes\n|-curestatus|p2a: Dondozo|slp|[msg]\n|move|p2a: Dondozo|Liquidation|p1a: ancient bastion\n|-resisted|p1a: ancient bastion\n|-damage|p1a: ancient bastion|56\/100\n|\n|-heal|p1a: ancient bastion|62\/100|[from] item: Leftovers\n|upkeep\n|turn|26\n|\n|t:|1700182759\n|switch|p2a: Corviknight|Corviknight, F|77\/100\n|-ability|p2a: Corviknight|Pressure\n|move|p1a: ancient bastion|Drain Punch|p2a: Corviknight\n|-damage|p2a: Corviknight|50\/100\n|-heal|p1a: ancient bastion|78\/100|[from] drain|[of] p2a: Corviknight\n|\n|-heal|p2a: Corviknight|56\/100|[from] item: Leftovers\n|-heal|p1a: ancient bastion|84\/100|[from] item: Leftovers\n|upkeep\n|turn|27\n|\n|t:|1700182762\n|move|p1a: ancient bastion|Spiky Shield|p1a: ancient bastion\n|-singleturn|p1a: ancient bastion|move: Protect\n|move|p2a: Corviknight|Roost|p2a: Corviknight\n|-heal|p2a: Corviknight|100\/100\n|-singleturn|p2a: Corviknight|move: Roost\n|\n|-heal|p1a: ancient bastion|90\/100|[from] item: Leftovers\n|upkeep\n|turn|28\n|\n|t:|1700182775\n|switch|p1a: ancient lorden|Kingambit, M|11\/100\n|-damage|p1a: ancient lorden|0 fnt|[from] Spikes\n|faint|p1a: ancient lorden\n|-end|p1a: ancient lorden|fallen1|[silent]\n|move|p2a: Corviknight|Brave Bird|p1: ancient lorden|[notarget]\n|-fail|p2a: Corviknight\n|\n|upkeep\n|\n|t:|1700182778\n|switch|p1a: kill|Kilowattrel, F|4\/100\n|turn|29\n|\n|t:|1700182792\n|switch|p2a: Slowking|Slowking-Galar, M|97\/100\n|move|p1a: kill|Volt Switch|p2a: Slowking\n|-damage|p2a: Slowking|73\/100\n|\n|t:|1700182794\n|switch|p1a: ancient bastion|Chesnaught, M, shiny|90\/100|[from] Volt Switch\n|-damage|p1a: ancient bastion|74\/100|[from] Spikes\n|\n|-heal|p1a: ancient bastion|80\/100|[from] item: Leftovers\n|upkeep\n|turn|30\n|\n|t:|1700182798\n|move|p1a: ancient bastion|Earthquake|p2a: Slowking\n|-supereffective|p2a: Slowking\n|-damage|p2a: Slowking|26\/100\n|move|p2a: Slowking|Future Sight|p1a: ancient bastion\n|-start|p2a: Slowking|move: Future Sight\n|\n|-heal|p1a: ancient bastion|86\/100|[from] item: Leftovers\n|upkeep\n|turn|31\n|\n|t:|1700182803\n|switch|p2a: Corviknight|Corviknight, F|100\/100\n|-ability|p2a: Corviknight|Pressure\n|move|p1a: ancient bastion|Earthquake|p2a: Corviknight\n|-immune|p2a: Corviknight\n|\n|-heal|p1a: ancient bastion|92\/100|[from] item: Leftovers\n|upkeep\n|turn|32\n|\n|t:|1700182813\n|switch|p1a: milo|Milotic, M, shiny|73\/100 brn\n|-damage|p1a: milo|56\/100 brn|[from] Spikes\n|move|p2a: Corviknight|Brave Bird|p1a: milo\n|-damage|p1a: milo|29\/100 brn\n|-damage|p2a: Corviknight|93\/100|[from] Recoil\n|\n|-end|p1a: milo|move: Future Sight\n|-damage|p1a: milo|0 fnt\n|faint|p1a: milo\n|-heal|p2a: Corviknight|99\/100|[from] item: Leftovers\n|upkeep\n|\n|t:|1700182817\n|switch|p1a: kill|Kilowattrel, F|4\/100\n|turn|33\n|\n|t:|1700182821\n|switch|p2a: Ting-Lu|Ting-Lu|46\/100\n|-ability|p2a: Ting-Lu|Vessel of Ruin\n|-terastallize|p1a: kill|Ice\n|move|p1a: kill|Tera Blast|p2a: Ting-Lu|[anim] Tera Blast Ice\n|-supereffective|p2a: Ting-Lu\n|-damage|p2a: Ting-Lu|0 fnt\n|faint|p2a: Ting-Lu\n|\n|upkeep\n|\n|t:|1700182825\n|switch|p2a: Rillaboom|Rillaboom, F|100\/100\n|-fieldstart|move: Grassy Terrain|[from] ability: Grassy Surge|[of] p2a: Rillaboom\n|turn|34\n|\n|t:|1700182827\n|switch|p1a: ancient bastion|Chesnaught, M, shiny|92\/100\n|-damage|p1a: ancient bastion|76\/100|[from] Spikes\n|move|p2a: Rillaboom|Grassy Glide|p1a: ancient bastion\n|-resisted|p1a: ancient bastion\n|-damage|p1a: ancient bastion|56\/100\n|\n|-heal|p1a: ancient bastion|62\/100|[from] Grassy Terrain\n|-heal|p1a: ancient bastion|68\/100|[from] item: Leftovers\n|upkeep\n|turn|35\n|\n|t:|1700182831\n|switch|p2a: Corviknight|Corviknight, F|99\/100\n|-ability|p2a: Corviknight|Pressure\n|move|p1a: ancient bastion|Earthquake|p2a: Corviknight\n|-immune|p2a: Corviknight\n|\n|-heal|p2a: Corviknight|100\/100|[from] item: Leftovers\n|-heal|p1a: ancient bastion|74\/100|[from] Grassy Terrain\n|-heal|p1a: ancient bastion|80\/100|[from] item: Leftovers\n|upkeep\n|turn|36\n|\n|t:|1700182836\n|switch|p1a: kill|Kilowattrel, F, tera:Ice|4\/100\n|-damage|p1a: kill|0 fnt|[from] Spikes\n|faint|p1a: kill\n|move|p2a: Corviknight|Brave Bird|p1: kill|[notarget]\n|-fail|p2a: Corviknight\n|\n|upkeep\n|\n|t:|1700182840\n|switch|p1a: apache|Yanmega, F|100\/100\n|turn|37\n|\n|t:|1700182843\n|move|p1a: apache|Shadow Ball|p2a: Corviknight\n|-damage|p2a: Corviknight|81\/100\n|move|p2a: Corviknight|Brave Bird|p1a: apache\n|-supereffective|p1a: apache\n|-damage|p1a: apache|17\/100\n|-damage|p2a: Corviknight|58\/100|[from] Recoil\n|\n|-heal|p2a: Corviknight|64\/100|[from] item: Leftovers\n|-ability|p1a: apache|Speed Boost|boost\n|-boost|p1a: apache|spe|1\n|upkeep\n|turn|38\n|\n|t:|1700182846\n|move|p1a: apache|Air Slash|p2a: Corviknight\n|-resisted|p2a: Corviknight\n|-damage|p2a: Corviknight|49\/100\n|cant|p2a: Corviknight|flinch\n|\n|-heal|p2a: Corviknight|55\/100|[from] item: Leftovers\n|-fieldend|move: Grassy Terrain\n|-ability|p1a: apache|Speed Boost|boost\n|-boost|p1a: apache|spe|1\n|upkeep\n|turn|39\n|\n|t:|1700182851\n|move|p1a: apache|Air Slash|p2a: Corviknight\n|-resisted|p2a: Corviknight\n|-damage|p2a: Corviknight|42\/100\n|move|p2a: Corviknight|Roost|p2a: Corviknight\n|-heal|p2a: Corviknight|92\/100\n|-singleturn|p2a: Corviknight|move: Roost\n|\n|-heal|p2a: Corviknight|98\/100|[from] item: Leftovers\n|-ability|p1a: apache|Speed Boost|boost\n|-boost|p1a: apache|spe|1\n|upkeep\n|turn|40\n|-message|moolacat forfeited.\n|\n|win|Sindicate VI\n|raw|moolacat's rating: 1378 &rarr; <strong>1362<\/strong><br \/>(-16 for losing)\n|raw|Sindicate VI's rating: 1454 &rarr; <strong>1470<\/strong><br \/>(+16 for winning)\n|l|\u2606moolacat\n","uploadtime":1700182860,"views":8,"p1id":"moolacat","p2id":"sindicatevi","formatid":"gen9ou","rating":1362,"private":0,"password":""}