{"id":"gen9ou-1997258953","p1":"Thehombre","p2":"Zykill","format":"[Gen 9] OU","log":"|j|\u2606Thehombre\n|j|\u2606Zykill\n|t:|1700781456\n|gametype|singles\n|player|p1|Thehombre|170|1214\n|player|p2|Zykill|teamrocket|1150\n|teamsize|p1|6\n|teamsize|p2|6\n|gen|9\n|tier|[Gen 9] OU\n|rated|\n|rule|Sleep Clause Mod: Limit one foe put to sleep\n|rule|Species Clause: Limit one of each Pok\u00e9mon\n|rule|OHKO Clause: OHKO moves are banned\n|rule|Evasion Items Clause: Evasion items are banned\n|rule|Evasion Moves Clause: Evasion moves are banned\n|rule|Endless Battle Clause: Forcing endless battles is banned\n|rule|HP Percentage Mod: HP is shown in percentages\n|clearpoke\n|poke|p1|Kingambit, F|\n|poke|p1|Ninetales-Alola, M|\n|poke|p1|Samurott-Hisui, F|\n|poke|p1|Masquerain, M|\n|poke|p1|Manaphy|\n|poke|p1|Maushold-Four|\n|poke|p2|Garchomp, F|\n|poke|p2|Kingambit, F|\n|poke|p2|Skeledirge, M|\n|poke|p2|Grimmsnarl, M|\n|poke|p2|Ogerpon-Wellspring, F|\n|poke|p2|Zapdos|\n|teampreview\n|inactive|Battle timer is ON: inactive players will automatically lose when time's up. (requested by Thehombre)\n|inactive|Zykill also wants the timer to be on.\n|\n|t:|1700781470\n|start\n|switch|p1a: Manaphy|Manaphy|100\/100\n|switch|p2a: Heavy Chomp|Garchomp, F|100\/100\n|turn|1\n|c|\u2606Zykill|mausehold nice\n|\n|t:|1700781476\n|move|p1a: Manaphy|Ice Beam|p2a: Heavy Chomp\n|-supereffective|p2a: Heavy Chomp\n|-damage|p2a: Heavy Chomp|0 fnt\n|faint|p2a: Heavy Chomp\n|\n|upkeep\n|\n|t:|1700781484\n|switch|p2a: Zapdos|Zapdos|100\/100\n|turn|2\n|\n|t:|1700781489\n|switch|p1a: Ninetales|Ninetales-Alola, M|100\/100\n|-weather|Snow|[from] ability: Snow Warning|[of] p1a: Ninetales\n|move|p2a: Zapdos|Thunderbolt|p1a: Ninetales\n|-damage|p1a: Ninetales|43\/100\n|\n|-weather|Snow|[upkeep]\n|upkeep\n|turn|3\n|\n|t:|1700781501\n|move|p1a: Ninetales|Aurora Veil|p1a: Ninetales\n|-sidestart|p1: Thehombre|move: Aurora Veil\n|move|p2a: Zapdos|Volt Switch|p1a: Ninetales\n|-damage|p1a: Ninetales|23\/100\n|\n|t:|1700781506\n|switch|p2a: Grimmsnarl|Grimmsnarl, M|100\/100|[from] Volt Switch\n|\n|-weather|Snow|[upkeep]\n|upkeep\n|turn|4\n|\n|t:|1700781512\n|move|p2a: Grimmsnarl|Light Screen|p2a: Grimmsnarl\n|-sidestart|p2: Zykill|move: Light Screen\n|move|p1a: Ninetales|Moonblast|p2a: Grimmsnarl\n|-supereffective|p2a: Grimmsnarl\n|-damage|p2a: Grimmsnarl|71\/100\n|\n|-weather|Snow|[upkeep]\n|upkeep\n|turn|5\n|\n|t:|1700781517\n|move|p2a: Grimmsnarl|Reflect|p2a: Grimmsnarl\n|-sidestart|p2: Zykill|Reflect\n|move|p1a: Ninetales|Blizzard|p2a: Grimmsnarl\n|-damage|p2a: Grimmsnarl|56\/100\n|-status|p2a: Grimmsnarl|frz\n|\n|-weather|Snow|[upkeep]\n|upkeep\n|turn|6\n|\n|t:|1700781526\n|switch|p1a: Masquerain|Masquerain, M|100\/100\n|-ability|p1a: Masquerain|Intimidate|boost\n|-unboost|p2a: Grimmsnarl|atk|1\n|cant|p2a: Grimmsnarl|frz\n|\n|-weather|none\n|upkeep\n|turn|7\n|\n|t:|1700781533\n|cant|p2a: Grimmsnarl|frz\n|move|p1a: Masquerain|Sticky Web|p2a: Grimmsnarl\n|-sidestart|p2: Zykill|move: Sticky Web\n|\n|upkeep\n|turn|8\n|\n|t:|1700781539\n|switch|p1a: Kingambit|Kingambit, F|100\/100\n|cant|p2a: Grimmsnarl|frz\n|\n|upkeep\n|turn|9\n|\n|t:|1700781546\n|switch|p2a: horse|Skeledirge, M|100\/100\n|move|p1a: Kingambit|Swords Dance|p1a: Kingambit\n|-boost|p1a: Kingambit|atk|2\n|\n|upkeep\n|turn|10\n|\n|t:|1700781553\n|move|p2a: horse|Will-O-Wisp|p1a: Kingambit\n|-status|p1a: Kingambit|brn\n|move|p1a: Kingambit|Kowtow Cleave|p2a: horse\n|-supereffective|p2a: horse\n|-damage|p2a: horse|74\/100\n|\n|-damage|p1a: Kingambit|94\/100 brn|[from] brn\n|-sideend|p1: Thehombre|move: Aurora Veil\n|upkeep\n|turn|11\n|\n|t:|1700781564\n|move|p2a: horse|Torch Song|p1a: Kingambit\n|-supereffective|p1a: Kingambit\n|-damage|p1a: Kingambit|39\/100 brn\n|-boost|p2a: horse|spa|1\n|move|p1a: Kingambit|Kowtow Cleave|p2a: horse\n|-supereffective|p2a: horse\n|-damage|p2a: horse|48\/100\n|\n|-damage|p1a: Kingambit|33\/100 brn|[from] brn\n|-sideend|p2: Zykill|move: Light Screen\n|upkeep\n|turn|12\n|\n|t:|1700781574\n|-end|p1a: Kingambit|fallenundefined|[silent]\n|switch|p1a: Manaphy|Manaphy|100\/100\n|move|p2a: horse|Torch Song|p1a: Manaphy\n|-resisted|p1a: Manaphy\n|-damage|p1a: Manaphy|79\/100\n|-boost|p2a: horse|spa|1\n|\n|-heal|p1a: Manaphy|86\/100|[from] item: Leftovers\n|-sideend|p2: Zykill|Reflect\n|upkeep\n|turn|13\n|\n|t:|1700781585\n|switch|p2a: Ogerpon|Ogerpon-Wellspring, F|100\/100\n|-activate|p2a: Ogerpon|move: Sticky Web\n|-unboost|p2a: Ogerpon|spe|1\n|move|p1a: Manaphy|Tail Glow|p1a: Manaphy\n|-boost|p1a: Manaphy|spa|3\n|\n|-heal|p1a: Manaphy|92\/100|[from] item: Leftovers\n|upkeep\n|turn|14\n|\n|t:|1700781596\n|move|p1a: Manaphy|Ice Beam|p2a: Ogerpon\n|-damage|p2a: Ogerpon|25\/100\n|move|p2a: Ogerpon|Power Whip|p1a: Manaphy|[miss]\n|-miss|p2a: Ogerpon|p1a: Manaphy\n|\n|-heal|p1a: Manaphy|98\/100|[from] item: Leftovers\n|upkeep\n|turn|15\n|c|\u2606Zykill|NOOO\n|\n|t:|1700781605\n|move|p1a: Manaphy|Ice Beam|p2a: Ogerpon\n|-damage|p2a: Ogerpon|0 fnt\n|faint|p2a: Ogerpon\n|\n|-heal|p1a: Manaphy|100\/100|[from] item: Leftovers\n|upkeep\n|c|\u2606Thehombre|Gg\n|c|\u2606Zykill|ggs\n|\n|t:|1700781612\n|switch|p2a: Zapdos|Zapdos|100\/100\n|turn|16\n|\n|t:|1700781616\n|move|p2a: Zapdos|Thunderbolt|p1a: Manaphy\n|-supereffective|p1a: Manaphy\n|-damage|p1a: Manaphy|5\/100\n|move|p1a: Manaphy|Ice Beam|p2a: Zapdos\n|-supereffective|p2a: Zapdos\n|-damage|p2a: Zapdos|0 fnt\n|faint|p2a: Zapdos\n|\n|-heal|p1a: Manaphy|11\/100|[from] item: Leftovers\n|upkeep\n|\n|t:|1700781625\n|switch|p2a: Revenge|Kingambit, F|100\/100\n|-activate|p2a: Revenge|move: Sticky Web\n|-unboost|p2a: Revenge|spe|1\n|-activate|p2a: Revenge|ability: Supreme Overlord\n|-start|p2a: Revenge|fallen3|[silent]\n|turn|17\n|c|\u2606Zykill|its revenge TIME\n|\n|t:|1700781633\n|-terastallize|p2a: Revenge|Flying\n|move|p2a: Revenge|Sucker Punch|p1a: Manaphy\n|-damage|p1a: Manaphy|0 fnt\n|faint|p1a: Manaphy\n|\n|upkeep\n|\n|t:|1700781642\n|switch|p1a: Maushold|Maushold-Four|100\/100\n|turn|18\n|\n|t:|1700781653\n|-terastallize|p1a: Maushold|Normal\n|move|p1a: Maushold|Population Bomb|p2a: Revenge\n|-damage|p2a: Revenge|86\/100\n|-damage|p2a: Revenge|70\/100\n|-damage|p2a: Revenge|55\/100\n|-damage|p2a: Revenge|40\/100\n|-damage|p2a: Revenge|25\/100\n|-damage|p2a: Revenge|11\/100\n|-damage|p2a: Revenge|0 fnt\n|faint|p2a: Revenge\n|-end|p2a: Revenge|fallen3|[silent]\n|-hitcount|p2: Revenge|7\n|\n|upkeep\n|c|\u2606Zykill|OH\n|\n|t:|1700781663\n|switch|p2a: horse|Skeledirge, M|48\/100\n|turn|19\n|c|\u2606Zykill|CRUNSH OR BITE\n|c|\u2606Zykill|ggs\n|\n|t:|1700781677\n|move|p1a: Maushold|Bite|p2a: horse\n|-supereffective|p2a: horse\n|-damage|p2a: horse|11\/100\n|move|p2a: horse|Torch Song|p1a: Maushold\n|-damage|p1a: Maushold|55\/100\n|-boost|p2a: horse|spa|1\n|\n|upkeep\n|turn|20\n|c|\u2606Thehombre|Worth a try gg\n|\n|t:|1700781684\n|move|p1a: Maushold|Bite|p2a: horse\n|-supereffective|p2a: horse\n|-damage|p2a: horse|0 fnt\n|faint|p2a: horse\n|\n|upkeep\n|\n|t:|1700781687\n|switch|p2a: Grimmsnarl|Grimmsnarl, M|56\/100 frz\n|-activate|p2a: Grimmsnarl|move: Sticky Web\n|-unboost|p2a: Grimmsnarl|spe|1\n|turn|21\n|\n|t:|1700781697\n|move|p1a: Maushold|Population Bomb|p2a: Grimmsnarl\n|-damage|p2a: Grimmsnarl|33\/100 frz\n|-damage|p2a: Grimmsnarl|11\/100 frz\n|-damage|p2a: Grimmsnarl|0 fnt\n|faint|p2a: Grimmsnarl\n|-hitcount|p2: Grimmsnarl|3\n|\n|win|Thehombre\n|raw|Thehombre's rating: 1214 &rarr; <strong>1234<\/strong><br \/>(+20 for winning)\n|raw|Zykill's rating: 1150 &rarr; <strong>1130<\/strong><br \/>(-20 for losing)\n","uploadtime":1700781700,"views":14,"p1id":"thehombre","p2id":"zykill","formatid":"gen9ou","rating":1130,"private":0,"password":""}