{"id":"gen9ou-1990273597","p1":"yaoikhr","p2":"RSDPM","format":"[Gen 9] OU","log":"|j|\u2606yaoikhr\n|j|\u2606RSDPM\n|t:|1699948762\n|gametype|singles\n|player|p1|yaoikhr|wallace|1216\n|player|p2|RSDPM|riley|1224\n|teamsize|p1|6\n|teamsize|p2|6\n|gen|9\n|tier|[Gen 9] OU\n|rated|\n|rule|Sleep Clause Mod: Limit one foe put to sleep\n|rule|Species Clause: Limit one of each Pok\u00e9mon\n|rule|OHKO Clause: OHKO moves are banned\n|rule|Evasion Items Clause: Evasion items are banned\n|rule|Evasion Moves Clause: Evasion moves are banned\n|rule|Endless Battle Clause: Forcing endless battles is banned\n|rule|HP Percentage Mod: HP is shown in percentages\n|clearpoke\n|poke|p1|Ting-Lu|\n|poke|p1|Rillaboom, F|\n|poke|p1|Sneasler, F|\n|poke|p1|Gholdengo|\n|poke|p1|Clefable, F|\n|poke|p1|Alomomola, M|\n|poke|p2|Wyrdeer, F|\n|poke|p2|Kleavor, M|\n|poke|p2|Ursaluna, M|\n|poke|p2|Basculegion-F, F|\n|poke|p2|Sneasler, M|\n|poke|p2|Overqwil, M|\n|teampreview\n|inactive|Battle timer is ON: inactive players will automatically lose when time's up. (requested by yaoikhr)\n|\n|t:|1699948774\n|start\n|switch|p1a: Ting-Lu|Ting-Lu|100\/100\n|switch|p2a: Wyrdeer|Wyrdeer, F|100\/100\n|-ability|p1a: Ting-Lu|Vessel of Ruin\n|turn|1\n|\n|t:|1699948782\n|move|p2a: Wyrdeer|Agility|p2a: Wyrdeer\n|-boost|p2a: Wyrdeer|spe|2\n|move|p1a: Ting-Lu|Spikes|p2a: Wyrdeer\n|-sidestart|p2: RSDPM|Spikes\n|\n|upkeep\n|turn|2\n|\n|t:|1699948786\n|move|p2a: Wyrdeer|Calm Mind|p2a: Wyrdeer\n|-boost|p2a: Wyrdeer|spa|1\n|-boost|p2a: Wyrdeer|spd|1\n|move|p1a: Ting-Lu|Spikes|p2a: Wyrdeer\n|-sidestart|p2: RSDPM|Spikes\n|\n|upkeep\n|turn|3\n|\n|t:|1699948788\n|move|p2a: Wyrdeer|Calm Mind|p2a: Wyrdeer\n|-boost|p2a: Wyrdeer|spa|1\n|-boost|p2a: Wyrdeer|spd|1\n|move|p1a: Ting-Lu|Whirlwind|p2a: Wyrdeer\n|drag|p2a: Overqwil|Overqwil, M|100\/100\n|-damage|p2a: Overqwil|84\/100|[from] Spikes\n|-ability|p2a: Overqwil|Intimidate|boost\n|-unboost|p1a: Ting-Lu|atk|1\n|\n|-heal|p2a: Overqwil|90\/100|[from] item: Black Sludge\n|upkeep\n|turn|4\n|\n|t:|1699948792\n|move|p2a: Overqwil|Toxic|p1a: Ting-Lu\n|-status|p1a: Ting-Lu|tox\n|move|p1a: Ting-Lu|Spikes|p2a: Overqwil\n|-sidestart|p2: RSDPM|Spikes\n|\n|-heal|p2a: Overqwil|96\/100|[from] item: Black Sludge\n|-damage|p1a: Ting-Lu|94\/100 tox|[from] psn\n|upkeep\n|turn|5\n|\n|t:|1699948798\n|switch|p1a: Rillaboom|Rillaboom, F|100\/100\n|-fieldstart|move: Grassy Terrain|[from] ability: Grassy Surge|[of] p1a: Rillaboom\n|move|p2a: Overqwil|Spikes|p1a: Rillaboom\n|-sidestart|p1: yaoikhr|Spikes\n|\n|-heal|p2a: Overqwil|100\/100|[from] Grassy Terrain\n|upkeep\n|turn|6\n|\n|t:|1699948807\n|move|p2a: Overqwil|Protect|p2a: Overqwil\n|-singleturn|p2a: Overqwil|Protect\n|move|p1a: Rillaboom|High Horsepower|p2a: Overqwil\n|-activate|p2a: Overqwil|move: Protect\n|\n|upkeep\n|turn|7\n|\n|t:|1699948814\n|move|p1a: Rillaboom|High Horsepower|p2a: Overqwil\n|-supereffective|p2a: Overqwil\n|-damage|p2a: Overqwil|38\/100\n|move|p2a: Overqwil|Toxic|p1a: Rillaboom\n|-status|p1a: Rillaboom|tox\n|\n|-heal|p2a: Overqwil|44\/100|[from] Grassy Terrain\n|-heal|p2a: Overqwil|50\/100|[from] item: Black Sludge\n|-damage|p1a: Rillaboom|94\/100 tox|[from] psn\n|upkeep\n|turn|8\n|\n|t:|1699948825\n|move|p2a: Overqwil|Protect|p2a: Overqwil\n|-singleturn|p2a: Overqwil|Protect\n|move|p1a: Rillaboom|High Horsepower|p2a: Overqwil\n|-activate|p2a: Overqwil|move: Protect\n|\n|-heal|p1a: Rillaboom|100\/100 tox|[from] Grassy Terrain\n|-heal|p2a: Overqwil|56\/100|[from] Grassy Terrain\n|-heal|p2a: Overqwil|63\/100|[from] item: Black Sludge\n|-damage|p1a: Rillaboom|88\/100 tox|[from] psn\n|upkeep\n|turn|9\n|\n|t:|1699948848\n|move|p2a: Overqwil|Protect|p2a: Overqwil\n|-singleturn|p2a: Overqwil|Protect\n|move|p1a: Rillaboom|High Horsepower|p2a: Overqwil\n|-activate|p2a: Overqwil|move: Protect\n|\n|-heal|p1a: Rillaboom|94\/100 tox|[from] Grassy Terrain\n|-heal|p2a: Overqwil|69\/100|[from] Grassy Terrain\n|-heal|p2a: Overqwil|75\/100|[from] item: Black Sludge\n|-damage|p1a: Rillaboom|76\/100 tox|[from] psn\n|-fieldend|move: Grassy Terrain\n|upkeep\n|turn|10\n|\n|t:|1699948859\n|switch|p1a: Gholdengo|Gholdengo|100\/100\n|-damage|p1a: Gholdengo|88\/100|[from] Spikes\n|move|p2a: Overqwil|Barb Barrage|p1a: Gholdengo\n|-immune|p1a: Gholdengo\n|\n|-heal|p2a: Overqwil|81\/100|[from] item: Black Sludge\n|upkeep\n|turn|11\n|\n|t:|1699948870\n|move|p1a: Gholdengo|Make It Rain|p2a: Overqwil\n|-damage|p2a: Overqwil|0 fnt\n|-unboost|p1a: Gholdengo|spa|1\n|faint|p2a: Overqwil\n|\n|upkeep\n|inactive|RSDPM has 120 seconds left.\n|\n|t:|1699948890\n|switch|p2a: Ursaluna|Ursaluna, M|100\/100\n|-damage|p2a: Ursaluna|76\/100|[from] Spikes\n|turn|12\n|inactive|RSDPM has 120 seconds left.\n|\n|t:|1699948899\n|switch|p1a: Alomomola|Alomomola, M|100\/100\n|-damage|p1a: Alomomola|88\/100|[from] Spikes\n|move|p2a: Ursaluna|Earthquake|p1a: Alomomola\n|-damage|p1a: Alomomola|55\/100\n|-enditem|p1a: Alomomola|Red Card|[of] p2a: Ursaluna\n|drag|p2a: Sneasler|Sneasler, M|100\/100\n|-damage|p2a: Sneasler|76\/100|[from] Spikes\n|\n|upkeep\n|turn|13\n|inactive|RSDPM has 120 seconds left.\n|\n|t:|1699948913\n|move|p2a: Sneasler|Bulk Up|p2a: Sneasler\n|-boost|p2a: Sneasler|atk|1\n|-boost|p2a: Sneasler|def|1\n|move|p1a: Alomomola|Scald|p2a: Sneasler\n|-damage|p2a: Sneasler|58\/100\n|-status|p2a: Sneasler|brn\n|-enditem|p2a: Sneasler|Red Card|[of] p1a: Alomomola\n|drag|p1a: Sneasler|Sneasler, F|100\/100\n|-damage|p1a: Sneasler|88\/100|[from] Spikes\n|\n|-damage|p2a: Sneasler|52\/100 brn|[from] brn\n|upkeep\n|turn|14\n|\n|t:|1699948927\n|move|p2a: Sneasler|Acrobatics|p1a: Sneasler\n|-supereffective|p1a: Sneasler\n|-damage|p1a: Sneasler|1\/100\n|move|p1a: Sneasler|Shadow Claw|p2a: Sneasler\n|-damage|p2a: Sneasler|21\/100 brn\n|\n|-damage|p2a: Sneasler|15\/100 brn|[from] brn\n|upkeep\n|turn|15\n|\n|t:|1699948939\n|move|p2a: Sneasler|Acrobatics|p1a: Sneasler\n|-supereffective|p1a: Sneasler\n|-damage|p1a: Sneasler|0 fnt\n|faint|p1a: Sneasler\n|\n|-damage|p2a: Sneasler|9\/100 brn|[from] brn\n|upkeep\n|\n|t:|1699948943\n|switch|p1a: Alomomola|Alomomola, M|89\/100\n|-damage|p1a: Alomomola|76\/100|[from] Spikes\n|turn|16\n|\n|t:|1699948950\n|move|p2a: Sneasler|Close Combat|p1a: Alomomola\n|-damage|p1a: Alomomola|49\/100\n|-unboost|p2a: Sneasler|def|1\n|-unboost|p2a: Sneasler|spd|1\n|move|p1a: Alomomola|Flip Turn|p2a: Sneasler\n|-damage|p2a: Sneasler|0 fnt\n|faint|p2a: Sneasler\n|\n|t:|1699948964\n|switch|p1a: Ting-Lu|Ting-Lu|94\/100 tox|[from] Flip Turn\n|-damage|p1a: Ting-Lu|82\/100 tox|[from] Spikes\n|-ability|p1a: Ting-Lu|Vessel of Ruin\n|\n|-heal|p1a: Ting-Lu|88\/100 tox|[from] item: Leftovers\n|-damage|p1a: Ting-Lu|82\/100 tox|[from] psn\n|upkeep\n|\n|t:|1699948974\n|switch|p2a: Ursaluna|Ursaluna, M|76\/100\n|-damage|p2a: Ursaluna|51\/100|[from] Spikes\n|turn|17\n|\n|t:|1699948981\n|move|p2a: Ursaluna|Drain Punch|p1a: Ting-Lu\n|-supereffective|p1a: Ting-Lu\n|-damage|p1a: Ting-Lu|56\/100 tox\n|-heal|p2a: Ursaluna|65\/100|[from] drain|[of] p1a: Ting-Lu\n|move|p1a: Ting-Lu|Whirlwind|p2a: Ursaluna\n|drag|p2a: Basculegion|Basculegion-F, F|100\/100\n|-damage|p2a: Basculegion|76\/100|[from] Spikes\n|\n|-heal|p1a: Ting-Lu|62\/100 tox|[from] item: Leftovers\n|-damage|p1a: Ting-Lu|50\/100 tox|[from] psn\n|upkeep\n|turn|18\n|\n|t:|1699948992\n|switch|p1a: Clefable|Clefable, F|100\/100\n|move|p2a: Basculegion|Surf|p1a: Clefable\n|-damage|p1a: Clefable|37\/100\n|-damage|p2a: Basculegion|66\/100|[from] item: Life Orb\n|\n|-heal|p1a: Clefable|43\/100|[from] item: Leftovers\n|upkeep\n|turn|19\n|\n|t:|1699949000\n|move|p1a: Clefable|Protect|p1a: Clefable\n|-singleturn|p1a: Clefable|Protect\n|move|p2a: Basculegion|Shadow Ball|p1a: Clefable\n|-activate|p1a: Clefable|move: Protect\n|\n|-heal|p1a: Clefable|49\/100|[from] item: Leftovers\n|upkeep\n|turn|20\n|\n|t:|1699949011\n|switch|p1a: Rillaboom|Rillaboom, F|76\/100 tox\n|-damage|p1a: Rillaboom|64\/100 tox|[from] Spikes\n|-fieldstart|move: Grassy Terrain|[from] ability: Grassy Surge|[of] p1a: Rillaboom\n|move|p2a: Basculegion|Surf|p1a: Rillaboom\n|-resisted|p1a: Rillaboom\n|-damage|p1a: Rillaboom|17\/100 tox\n|-damage|p2a: Basculegion|56\/100|[from] item: Life Orb\n|\n|-heal|p1a: Rillaboom|23\/100 tox|[from] Grassy Terrain\n|-heal|p2a: Basculegion|62\/100|[from] Grassy Terrain\n|-damage|p1a: Rillaboom|17\/100 tox|[from] psn\n|upkeep\n|turn|21\n|\n|t:|1699949020\n|switch|p2a: Wyrdeer|Wyrdeer, F|100\/100\n|-damage|p2a: Wyrdeer|76\/100|[from] Spikes\n|move|p1a: Rillaboom|Grassy Glide|p2a: Wyrdeer\n|-ability|p2a: Wyrdeer|Sap Sipper|boost\n|-boost|p2a: Wyrdeer|atk|1\n|\n|-heal|p1a: Rillaboom|23\/100 tox|[from] Grassy Terrain\n|-heal|p2a: Wyrdeer|82\/100|[from] Grassy Terrain\n|-damage|p1a: Rillaboom|10\/100 tox|[from] psn\n|upkeep\n|turn|22\n|\n|t:|1699949032\n|switch|p1a: Alomomola|Alomomola, M|83\/100\n|-damage|p1a: Alomomola|70\/100|[from] Spikes\n|move|p2a: Wyrdeer|Stored Power|p1a: Alomomola\n|-damage|p1a: Alomomola|47\/100\n|\n|-heal|p2a: Wyrdeer|88\/100|[from] Grassy Terrain\n|-heal|p1a: Alomomola|53\/100|[from] Grassy Terrain\n|upkeep\n|turn|23\n|\n|t:|1699949040\n|move|p2a: Wyrdeer|Calm Mind|p2a: Wyrdeer\n|-boost|p2a: Wyrdeer|spa|1\n|-boost|p2a: Wyrdeer|spd|1\n|move|p1a: Alomomola|Wish|p1a: Alomomola\n|\n|-heal|p2a: Wyrdeer|94\/100|[from] Grassy Terrain\n|-heal|p1a: Alomomola|59\/100|[from] Grassy Terrain\n|upkeep\n|turn|24\n|\n|t:|1699949046\n|move|p2a: Wyrdeer|Calm Mind|p2a: Wyrdeer\n|-boost|p2a: Wyrdeer|spa|1\n|-boost|p2a: Wyrdeer|spd|1\n|move|p1a: Alomomola|Flip Turn|p2a: Wyrdeer\n|-damage|p2a: Wyrdeer|76\/100\n|\n|t:|1699949052\n|switch|p1a: Ting-Lu|Ting-Lu|50\/100 tox|[from] Flip Turn\n|-damage|p1a: Ting-Lu|37\/100 tox|[from] Spikes\n|-ability|p1a: Ting-Lu|Vessel of Ruin\n|\n|-heal|p1a: Ting-Lu|89\/100 tox|[from] move: Wish|[wisher] Alomomola\n|-heal|p2a: Wyrdeer|82\/100|[from] Grassy Terrain\n|-heal|p1a: Ting-Lu|95\/100 tox|[from] Grassy Terrain\n|-heal|p1a: Ting-Lu|100\/100 tox|[from] item: Leftovers\n|-damage|p1a: Ting-Lu|94\/100 tox|[from] psn\n|-fieldend|move: Grassy Terrain\n|upkeep\n|turn|25\n|\n|t:|1699949077\n|-terastallize|p2a: Wyrdeer|Fighting\n|move|p2a: Wyrdeer|Tera Blast|p1a: Ting-Lu|[anim] Tera Blast Fighting\n|-supereffective|p1a: Ting-Lu\n|-damage|p1a: Ting-Lu|0 fnt\n|faint|p1a: Ting-Lu\n|\n|upkeep\n|inactive|yaoikhr has 120 seconds left.\n|\n|t:|1699949116\n|switch|p1a: Gholdengo|Gholdengo|88\/100\n|-damage|p1a: Gholdengo|76\/100|[from] Spikes\n|turn|26\n|inactive|yaoikhr has 120 seconds left.\n|\n|t:|1699949126\n|move|p1a: Gholdengo|Trick|p2a: Wyrdeer\n|-activate|p1a: Gholdengo|move: Trick|[of] p2a: Wyrdeer\n|-item|p2a: Wyrdeer|Choice Specs|[from] move: Trick\n|-item|p1a: Gholdengo|Weakness Policy|[from] move: Trick\n|move|p2a: Wyrdeer|Agility|p2a: Wyrdeer\n|-boost|p2a: Wyrdeer|spe|2\n|\n|upkeep\n|turn|27\n|inactive|RSDPM has 120 seconds left.\n|\n|t:|1699949155\n|switch|p2a: Basculegion|Basculegion-F, F|62\/100\n|-damage|p2a: Basculegion|37\/100|[from] Spikes\n|move|p1a: Gholdengo|Nasty Plot|p1a: Gholdengo\n|-boost|p1a: Gholdengo|spa|2\n|\n|upkeep\n|turn|28\n|\n|t:|1699949163\n|move|p1a: Gholdengo|Shadow Ball|p2a: Basculegion\n|-supereffective|p2a: Basculegion\n|-damage|p2a: Basculegion|0 fnt\n|faint|p2a: Basculegion\n|\n|upkeep\n|\n|t:|1699949169\n|switch|p2a: Kleavor|Kleavor, M|100\/100\n|-damage|p2a: Kleavor|76\/100|[from] Spikes\n|turn|29\n|\n|t:|1699949175\n|move|p2a: Kleavor|Night Slash|p1a: Gholdengo\n|-supereffective|p1a: Gholdengo\n|-damage|p1a: Gholdengo|0 fnt\n|faint|p1a: Gholdengo\n|\n|upkeep\n|\n|t:|1699949180\n|switch|p1a: Alomomola|Alomomola, M|93\/100\n|-damage|p1a: Alomomola|80\/100|[from] Spikes\n|turn|30\n|\n|t:|1699949185\n|switch|p2a: Wyrdeer|Wyrdeer, F, tera:Fighting|82\/100\n|-damage|p2a: Wyrdeer|58\/100|[from] Spikes\n|move|p1a: Alomomola|Wish|p1a: Alomomola\n|\n|upkeep\n|turn|31\n|\n|t:|1699949189\n|move|p2a: Wyrdeer|Tera Blast|p1a: Alomomola|[anim] Tera Blast Fighting\n|-damage|p1a: Alomomola|10\/100\n|move|p1a: Alomomola|Flip Turn|p2a: Wyrdeer\n|-damage|p2a: Wyrdeer|38\/100\n|\n|t:|1699949195\n|switch|p1a: Clefable|Clefable, F|49\/100|[from] Flip Turn\n|\n|-heal|p1a: Clefable|100\/100|[from] move: Wish|[wisher] Alomomola\n|upkeep\n|turn|32\n|\n|t:|1699949203\n|switch|p2a: Ursaluna|Ursaluna, M|65\/100\n|-damage|p2a: Ursaluna|40\/100|[from] Spikes\n|move|p1a: Clefable|Moonblast|p2a: Ursaluna\n|-damage|p2a: Ursaluna|11\/100\n|\n|-status|p2a: Ursaluna|brn|[from] item: Flame Orb\n|upkeep\n|turn|33\n|\n|t:|1699949212\n|move|p1a: Clefable|Protect|p1a: Clefable\n|-singleturn|p1a: Clefable|Protect\n|move|p2a: Ursaluna|Facade|p1a: Clefable\n|-activate|p1a: Clefable|move: Protect\n|\n|-damage|p2a: Ursaluna|5\/100 brn|[from] brn\n|upkeep\n|turn|34\n|\n|t:|1699949221\n|switch|p1a: Rillaboom|Rillaboom, F|10\/100 tox\n|-damage|p1a: Rillaboom|0 fnt|[from] Spikes\n|faint|p1a: Rillaboom\n|move|p2a: Ursaluna|Facade|p1: Rillaboom|[notarget]\n|-fail|p2a: Ursaluna\n|\n|-damage|p2a: Ursaluna|0 fnt|[from] brn\n|faint|p2a: Ursaluna\n|upkeep\n|\n|t:|1699949235\n|switch|p1a: Clefable|Clefable, F|100\/100\n|switch|p2a: Kleavor|Kleavor, M|76\/100\n|-damage|p2a: Kleavor|51\/100|[from] Spikes\n|turn|35\n|\n|t:|1699949241\n|move|p2a: Kleavor|Stone Axe|p1a: Clefable\n|-damage|p1a: Clefable|59\/100\n|-sidestart|p1: yaoikhr|move: Stealth Rock\n|move|p1a: Clefable|Moonblast|p2a: Kleavor\n|-damage|p2a: Kleavor|0 fnt\n|faint|p2a: Kleavor\n|\n|-heal|p1a: Clefable|65\/100|[from] item: Leftovers\n|upkeep\n|\n|t:|1699949246\n|switch|p2a: Wyrdeer|Wyrdeer, F, tera:Fighting|38\/100\n|-damage|p2a: Wyrdeer|13\/100|[from] Spikes\n|turn|36\n|-message|RSDPM forfeited.\n|\n|win|yaoikhr\n|raw|yaoikhr's rating: 1216 &rarr; <strong>1242<\/strong><br \/>(+26 for winning)\n|raw|RSDPM's rating: 1224 &rarr; <strong>1198<\/strong><br \/>(-26 for losing)\n|l|\u2606yaoikhr\n","uploadtime":1699949257,"views":12,"p1id":"yaoikhr","p2id":"rsdpm","formatid":"gen9ou","rating":1198,"private":0,"password":""}