{"id":"gen9ou-1994996999","p1":"Imanjoneser","p2":"DeerGurl","format":"[Gen 9] OU","log":"|j|\u2606Imanjoneser\n|j|\u2606DeerGurl\n|t:|1700511765\n|gametype|singles\n|player|p1|Imanjoneser|bugcatcher-gen4dp|1077\n|player|p2|DeerGurl|102|1066\n|teamsize|p1|6\n|teamsize|p2|6\n|gen|9\n|tier|[Gen 9] OU\n|rated|\n|rule|Sleep Clause Mod: Limit one foe put to sleep\n|rule|Species Clause: Limit one of each Pok\u00e9mon\n|rule|OHKO Clause: OHKO moves are banned\n|rule|Evasion Items Clause: Evasion items are banned\n|rule|Evasion Moves Clause: Evasion moves are banned\n|rule|Endless Battle Clause: Forcing endless battles is banned\n|rule|HP Percentage Mod: HP is shown in percentages\n|clearpoke\n|poke|p1|Shaymin|\n|poke|p1|Meowscarada, F|\n|poke|p1|Iron Leaves|\n|poke|p1|Chesnaught, F|\n|poke|p1|Amoonguss, M|\n|poke|p1|Torterra, M|\n|poke|p2|Tsareena, F|\n|poke|p2|Florges, F|\n|poke|p2|Chesnaught, M|\n|poke|p2|Scizor, M|\n|poke|p2|Inteleon, F|\n|poke|p2|Mismagius, M|\n|teampreview\n|c|\u2606Imanjoneser|Nice team!\n|\n|t:|1700511799\n|start\n|switch|p1a: Meowscarada|Meowscarada, F, shiny|100\/100\n|switch|p2a: Mismagius|Mismagius, M|100\/100\n|turn|1\n|\n|t:|1700511810\n|switch|p2a: Chesnaught|Chesnaught, M|100\/100\n|move|p1a: Meowscarada|Toxic Spikes|p2a: Chesnaught\n|-start|p1a: Meowscarada|typechange|Poison|[from] ability: Protean\n|-sidestart|p2: DeerGurl|move: Toxic Spikes\n|\n|upkeep\n|turn|2\n|\n|t:|1700511818\n|move|p1a: Meowscarada|Taunt|p2a: Chesnaught\n|-start|p2a: Chesnaught|move: Taunt\n|cant|p2a: Chesnaught|move: Taunt|Spikes\n|\n|upkeep\n|turn|3\n|\n|t:|1700511831\n|switch|p1a: Amoonguss|Amoonguss, M, shiny|100\/100\n|move|p2a: Chesnaught|Drain Punch|p1a: Amoonguss\n|-resisted|p1a: Amoonguss\n|-damage|p1a: Amoonguss|89\/100\n|\n|-heal|p1a: Amoonguss|95\/100|[from] item: Leftovers\n|upkeep\n|turn|4\n|\n|t:|1700511844\n|move|p2a: Chesnaught|Drain Punch|p1a: Amoonguss\n|-resisted|p1a: Amoonguss\n|-damage|p1a: Amoonguss|84\/100\n|move|p1a: Amoonguss|Sludge Bomb|p2a: Chesnaught\n|-immune|p2a: Chesnaught|[from] ability: Bulletproof\n|\n|-heal|p1a: Amoonguss|90\/100|[from] item: Leftovers\n|-end|p2a: Chesnaught|move: Taunt\n|upkeep\n|turn|5\n|c|\u2606Imanjoneser|Ah\n|\n|t:|1700511854\n|move|p2a: Chesnaught|Spikes|p1a: Amoonguss\n|-sidestart|p1: Imanjoneser|Spikes\n|move|p1a: Amoonguss|Clear Smog|p2a: Chesnaught\n|-supereffective|p2a: Chesnaught\n|-damage|p2a: Chesnaught|66\/100\n|-clearboost|p2a: Chesnaught\n|\n|-heal|p1a: Amoonguss|96\/100|[from] item: Leftovers\n|upkeep\n|turn|6\n|\n|t:|1700511869\n|move|p2a: Chesnaught|Spikes|p1a: Amoonguss\n|-sidestart|p1: Imanjoneser|Spikes\n|move|p1a: Amoonguss|Clear Smog|p2a: Chesnaught\n|-supereffective|p2a: Chesnaught\n|-damage|p2a: Chesnaught|29\/100\n|-clearboost|p2a: Chesnaught\n|\n|-heal|p1a: Amoonguss|100\/100|[from] item: Leftovers\n|upkeep\n|turn|7\n|\n|t:|1700511880\n|move|p2a: Chesnaught|Spikes|p1a: Amoonguss\n|-sidestart|p1: Imanjoneser|Spikes\n|move|p1a: Amoonguss|Clear Smog|p2a: Chesnaught\n|-supereffective|p2a: Chesnaught\n|-damage|p2a: Chesnaught|0 fnt\n|-clearboost|p2a: Chesnaught\n|faint|p2a: Chesnaught\n|\n|upkeep\n|\n|t:|1700511889\n|switch|p2a: Mismagius|Mismagius, M|100\/100\n|turn|8\n|\n|t:|1700511897\n|move|p2a: Mismagius|Substitute|p2a: Mismagius\n|-start|p2a: Mismagius|Substitute\n|-damage|p2a: Mismagius|76\/100\n|move|p1a: Amoonguss|Sludge Bomb|p2a: Mismagius\n|-resisted|p2a: Mismagius\n|-activate|p2a: Mismagius|move: Substitute|[damage]\n|\n|upkeep\n|turn|9\n|\n|t:|1700511904\n|move|p2a: Mismagius|Will-O-Wisp|p1a: Amoonguss\n|-status|p1a: Amoonguss|brn\n|move|p1a: Amoonguss|Sludge Bomb|p2a: Mismagius\n|-resisted|p2a: Mismagius\n|-end|p2a: Mismagius|Substitute\n|\n|-damage|p1a: Amoonguss|94\/100 brn|[from] brn\n|upkeep\n|turn|10\n|\n|t:|1700511916\n|move|p2a: Mismagius|Substitute|p2a: Mismagius\n|-start|p2a: Mismagius|Substitute\n|-damage|p2a: Mismagius|51\/100\n|move|p1a: Amoonguss|Sludge Bomb|p2a: Mismagius\n|-resisted|p2a: Mismagius\n|-crit|p2a: Mismagius\n|-activate|p2a: Mismagius|move: Substitute|[damage]\n|\n|-heal|p1a: Amoonguss|100\/100 brn|[from] item: Leftovers\n|-damage|p1a: Amoonguss|94\/100 brn|[from] brn\n|upkeep\n|turn|11\n|\n|t:|1700511928\n|move|p2a: Mismagius|Mystical Fire|p1a: Amoonguss\n|-supereffective|p1a: Amoonguss\n|-damage|p1a: Amoonguss|55\/100 brn\n|-unboost|p1a: Amoonguss|spa|1\n|move|p1a: Amoonguss|Sludge Bomb|p2a: Mismagius\n|-resisted|p2a: Mismagius\n|-end|p2a: Mismagius|Substitute\n|\n|-heal|p1a: Amoonguss|61\/100 brn|[from] item: Leftovers\n|-damage|p1a: Amoonguss|55\/100 brn|[from] brn\n|upkeep\n|turn|12\n|c|\u2606Imanjoneser|Lol even a crit did nothing Xd\n|\n|t:|1700511945\n|move|p2a: Mismagius|Substitute|p2a: Mismagius\n|-start|p2a: Mismagius|Substitute\n|-damage|p2a: Mismagius|26\/100\n|move|p1a: Amoonguss|Sludge Bomb|p2a: Mismagius\n|-resisted|p2a: Mismagius\n|-activate|p2a: Mismagius|move: Substitute|[damage]\n|\n|-heal|p1a: Amoonguss|61\/100 brn|[from] item: Leftovers\n|-damage|p1a: Amoonguss|55\/100 brn|[from] brn\n|upkeep\n|turn|13\n|\n|t:|1700511956\n|move|p2a: Mismagius|Mystical Fire|p1a: Amoonguss\n|-supereffective|p1a: Amoonguss\n|-damage|p1a: Amoonguss|18\/100 brn\n|-unboost|p1a: Amoonguss|spa|1\n|move|p1a: Amoonguss|Sludge Bomb|p2a: Mismagius\n|-resisted|p2a: Mismagius\n|-activate|p2a: Mismagius|move: Substitute|[damage]\n|\n|-heal|p1a: Amoonguss|25\/100 brn|[from] item: Leftovers\n|-damage|p1a: Amoonguss|18\/100 brn|[from] brn\n|upkeep\n|turn|14\n|\n|t:|1700511967\n|move|p2a: Mismagius|Mystical Fire|p1a: Amoonguss\n|-supereffective|p1a: Amoonguss\n|-damage|p1a: Amoonguss|0 fnt\n|faint|p1a: Amoonguss\n|\n|upkeep\n|\n|t:|1700511979\n|switch|p1a: Torterra|Torterra, M, shiny|100\/100\n|-damage|p1a: Torterra|76\/100|[from] Spikes\n|turn|15\n|\n|t:|1700511984\n|move|p2a: Mismagius|Will-O-Wisp|p1a: Torterra|[miss]\n|-miss|p2a: Mismagius|p1a: Torterra\n|move|p1a: Torterra|Earthquake|p2a: Mismagius\n|-immune|p2a: Mismagius|[from] ability: Levitate\n|\n|upkeep\n|turn|16\n|\n|t:|1700511994\n|switch|p1a: Shaymin|Shaymin, shiny|100\/100\n|-damage|p1a: Shaymin|76\/100|[from] Spikes\n|move|p2a: Mismagius|Will-O-Wisp|p1a: Shaymin\n|-status|p1a: Shaymin|brn\n|\n|-heal|p1a: Shaymin|82\/100 brn|[from] item: Leftovers\n|-damage|p1a: Shaymin|76\/100 brn|[from] brn\n|upkeep\n|turn|17\n|c|\u2606Imanjoneser|XD\n|\n|t:|1700512005\n|move|p2a: Mismagius|Mystical Fire|p1a: Shaymin\n|-supereffective|p1a: Shaymin\n|-damage|p1a: Shaymin|29\/100 brn\n|-unboost|p1a: Shaymin|spa|1\n|move|p1a: Shaymin|Air Slash|p2a: Mismagius\n|-end|p2a: Mismagius|Substitute\n|\n|-heal|p1a: Shaymin|35\/100 brn|[from] item: Leftovers\n|-damage|p1a: Shaymin|29\/100 brn|[from] brn\n|upkeep\n|turn|18\n|c|\u2606DeerGurl|xD\n|c|\u2606Imanjoneser|I'm so silly\n|\n|t:|1700512026\n|move|p2a: Mismagius|Shadow Ball|p1a: Shaymin\n|-damage|p1a: Shaymin|0 fnt\n|faint|p1a: Shaymin\n|\n|upkeep\n|\n|t:|1700512046\n|switch|p1a: Meowscarada|Meowscarada, F, shiny|100\/100\n|-damage|p1a: Meowscarada|76\/100|[from] Spikes\n|turn|19\n|\n|t:|1700512052\n|move|p1a: Meowscarada|Flower Trick|p2a: Mismagius\n|-start|p1a: Meowscarada|typechange|Grass|[from] ability: Protean\n|-crit|p2a: Mismagius\n|-damage|p2a: Mismagius|0 fnt\n|faint|p2a: Mismagius\n|\n|upkeep\n|\n|t:|1700512059\n|switch|p2a: Scizor|Scizor, M|100\/100\n|turn|20\n|\n|t:|1700512064\n|move|p1a: Meowscarada|Taunt|p2a: Scizor\n|-start|p2a: Scizor|move: Taunt\n|cant|p2a: Scizor|move: Taunt|Swords Dance\n|\n|upkeep\n|turn|21\n|c|\u2606Imanjoneser|No dancing SER\n|\n|t:|1700512076\n|move|p1a: Meowscarada|Flower Trick|p2a: Scizor\n|-resisted|p2a: Scizor\n|-crit|p2a: Scizor\n|-damage|p2a: Scizor|88\/100\n|move|p2a: Scizor|Knock Off|p1a: Meowscarada\n|-damage|p1a: Meowscarada|15\/100\n|-enditem|p1a: Meowscarada|Focus Sash|[from] move: Knock Off|[of] p2a: Scizor\n|\n|upkeep\n|turn|22\n|c|\u2606Imanjoneser|Oww\n|\n|t:|1700512088\n|move|p1a: Meowscarada|Copycat|p1a: Meowscarada\n|move|p1a: Meowscarada|Knock Off|p2a: Scizor|[from]move: Copycat\n|-damage|p2a: Scizor|53\/100\n|-enditem|p2a: Scizor|Cell Battery|[from] move: Knock Off|[of] p1a: Meowscarada\n|move|p2a: Scizor|Aerial Ace|p1a: Meowscarada\n|-supereffective|p1a: Meowscarada\n|-damage|p1a: Meowscarada|0 fnt\n|faint|p1a: Meowscarada\n|\n|-end|p2a: Scizor|move: Taunt\n|upkeep\n|\n|t:|1700512100\n|switch|p1a: Torterra|Torterra, M, shiny|76\/100\n|-damage|p1a: Torterra|51\/100|[from] Spikes\n|turn|23\n|\n|t:|1700512122\n|-terastallize|p1a: Torterra|Ground\n|move|p1a: Torterra|Earthquake|p2a: Scizor\n|-damage|p2a: Scizor|0 fnt\n|faint|p2a: Scizor\n|\n|upkeep\n|\n|t:|1700512139\n|switch|p2a: Florges|Florges, F|100\/100\n|-status|p2a: Florges|psn\n|turn|24\n|\n|t:|1700512152\n|move|p1a: Torterra|Earthquake|p2a: Florges\n|-damage|p2a: Florges|13\/100 psn\n|move|p2a: Florges|Giga Drain|p1a: Torterra\n|-supereffective|p1a: Torterra\n|-damage|p1a: Torterra|5\/100\n|-heal|p2a: Florges|34\/100 psn|[from] drain|[of] p1a: Torterra\n|\n|-heal|p2a: Florges|40\/100 psn|[from] item: Leftovers\n|-damage|p2a: Florges|28\/100 psn|[from] psn\n|upkeep\n|turn|25\n|\n|t:|1700512183\n|move|p1a: Torterra|Seed Bomb|p2a: Florges\n|-damage|p2a: Florges|0 fnt\n|faint|p2a: Florges\n|\n|upkeep\n|\n|t:|1700512194\n|switch|p2a: Tsareena|Tsareena, F|100\/100\n|-status|p2a: Tsareena|psn\n|turn|26\n|\n|t:|1700512204\n|move|p1a: Torterra|Earthquake|p2a: Tsareena\n|-resisted|p2a: Tsareena\n|-damage|p2a: Tsareena|63\/100 psn\n|move|p2a: Tsareena|Rapid Spin|p1a: Torterra\n|-damage|p1a: Torterra|0 fnt\n|-boost|p2a: Tsareena|spe|1\n|-sideend|p2: DeerGurl|Toxic Spikes|[from] move: Rapid Spin|[of] p2a: Tsareena\n|faint|p1a: Torterra\n|\n|-damage|p2a: Tsareena|51\/100 psn|[from] psn\n|upkeep\n|\n|t:|1700512218\n|switch|p1a: Chesnaught|Chesnaught, F, shiny|100\/100\n|-damage|p1a: Chesnaught|76\/100|[from] Spikes\n|turn|27\n|\n|t:|1700512228\n|-terastallize|p2a: Tsareena|Fire\n|move|p2a: Tsareena|Tera Blast|p1a: Chesnaught|[anim] Tera Blast Fire\n|-supereffective|p1a: Chesnaught\n|-crit|p1a: Chesnaught\n|-damage|p1a: Chesnaught|0 fnt\n|faint|p1a: Chesnaught\n|\n|-damage|p2a: Tsareena|38\/100 psn|[from] psn\n|upkeep\n|c|\u2606Imanjoneser|:0\n|\n|t:|1700512239\n|switch|p1a: Iron Leaves|Iron Leaves|100\/100\n|-damage|p1a: Iron Leaves|75\/100|[from] Spikes\n|-enditem|p1a: Iron Leaves|Booster Energy\n|-activate|p1a: Iron Leaves|ability: Quark Drive|[fromitem]\n|-start|p1a: Iron Leaves|quarkdrivespe\n|turn|28\n|\n|t:|1700512249\n|move|p1a: Iron Leaves|Psyblade|p2a: Tsareena\n|-damage|p2a: Tsareena|0 fnt\n|faint|p2a: Tsareena\n|\n|upkeep\n|\n|t:|1700512254\n|switch|p2a: Inteleon|Inteleon, F|100\/100\n|turn|29\n|\n|t:|1700512261\n|move|p1a: Iron Leaves|Psyblade|p2a: Inteleon\n|-damage|p2a: Inteleon|36\/100\n|move|p2a: Inteleon|Ice Beam|p1a: Iron Leaves\n|-supereffective|p1a: Iron Leaves\n|-damage|p1a: Iron Leaves|23\/100\n|\n|upkeep\n|turn|30\n|\n|t:|1700512275\n|move|p2a: Inteleon|Vacuum Wave|p1a: Iron Leaves\n|-resisted|p1a: Iron Leaves\n|-damage|p1a: Iron Leaves|17\/100\n|move|p1a: Iron Leaves|Psyblade|p2a: Inteleon\n|-damage|p2a: Inteleon|0 fnt\n|faint|p2a: Inteleon\n|\n|win|Imanjoneser\n|raw|Imanjoneser's rating: 1077 &rarr; <strong>1105<\/strong><br \/>(+28 for winning)\n|raw|DeerGurl's rating: 1066 &rarr; <strong>1047<\/strong><br \/>(-19 for losing)\n|c|\u2606DeerGurl|gg\n|c|\u2606Imanjoneser|Thank goodness I didn't get frozen\n|c|\u2606Imanjoneser|gg\n","uploadtime":1700512286,"views":9,"p1id":"imanjoneser","p2id":"deergurl","formatid":"gen9ou","rating":1047,"private":0,"password":""}