{"id":"gen9ou-1996670343","p1":"FireWizard312","p2":"mathismathin","format":"[Gen 9] OU","log":"|j|\u2606FireWizard312\n|j|\u2606mathismathin\n|t:|1700707636\n|gametype|singles\n|player|p1|FireWizard312|266|1625\n|player|p2|mathismathin|nate|1708\n|teamsize|p1|6\n|teamsize|p2|6\n|gen|9\n|tier|[Gen 9] OU\n|rated|\n|rule|Sleep Clause Mod: Limit one foe put to sleep\n|rule|Species Clause: Limit one of each Pok\u00e9mon\n|rule|OHKO Clause: OHKO moves are banned\n|rule|Evasion Items Clause: Evasion items are banned\n|rule|Evasion Moves Clause: Evasion moves are banned\n|rule|Endless Battle Clause: Forcing endless battles is banned\n|rule|HP Percentage Mod: HP is shown in percentages\n|clearpoke\n|poke|p1|Manaphy|\n|poke|p1|Kingambit, M|\n|poke|p1|Ribombee, F|\n|poke|p1|Gholdengo|\n|poke|p1|Iron Moth|\n|poke|p1|Ogerpon-Wellspring, F|\n|poke|p2|Amoonguss, F|\n|poke|p2|Walking Wake|\n|poke|p2|Corviknight, F|\n|poke|p2|Blissey, F|\n|poke|p2|Heatran, F|\n|poke|p2|Kingambit, M|\n|teampreview\n|c|\u2606FireWizard312|you\n|c|\u2606mathismathin|lmfao\n|\n|t:|1700707667\n|start\n|switch|p1a: wildfiree|Ribombee, F, shiny|100\/100\n|switch|p2a: Heatran|Heatran, F|100\/100\n|turn|1\n|c|\u2606mathismathin|thats so crazy my team is 6-0d by manaphy\n|c|\u2606FireWizard312|shhhhh let it happen\n|c|\u2606mathismathin|this will be accounted for in the next version trust\n|c|\u2606mathismathin|looks like my blissey has the wrong psychic type move for this matchup\n|c|\u2606mathismathin|!showset blissey\n|c| mathismathin|\/raw <div class=\"infobox\">Blissey (F) @ Heavy-Duty Boots  <br \/>Ability: Natural Cure  <br \/>Tera Type: Water  <br \/>EVs: 4 HP &#x2f; 252 Def &#x2f; 252 SpD  <br \/>Calm Nature  <br \/>IVs: 0 Atk  <br \/>- Seismic Toss  <br \/>- Stealth Rock  <br \/>- Soft-Boiled  <br \/>- Healing Wish  <br \/><br \/><\/div>\n|\n|t:|1700707694\n|move|p1a: wildfiree|Sticky Web|p2a: Heatran\n|-sidestart|p2: mathismathin|move: Sticky Web\n|move|p2a: Heatran|Magma Storm|p1a: wildfiree|[miss]\n|-miss|p2a: Heatran|p1a: wildfiree\n|\n|upkeep\n|turn|2\n|c|\u2606FireWizard312|why healing wish lmao\n|\n|t:|1700707705\n|move|p1a: wildfiree|Moonblast|p2a: Heatran\n|-resisted|p2a: Heatran\n|-damage|p2a: Heatran|92\/100\n|move|p2a: Heatran|Magma Storm|p1a: wildfiree\n|-supereffective|p1a: wildfiree\n|-enditem|p1a: wildfiree|Focus Sash\n|-damage|p1a: wildfiree|1\/100\n|-activate|p1a: wildfiree|move: Magma Storm|[of] p2a: Heatran\n|\n|-heal|p2a: Heatran|98\/100|[from] item: Leftovers\n|-damage|p1a: wildfiree|0 fnt|[from] move: Magma Storm|[partiallytrapped]\n|faint|p1a: wildfiree\n|upkeep\n|c|\u2606mathismathin|its heat though\n|c|\u2606mathismathin|trust me\n|\n|t:|1700707715\n|switch|p1a: faya|Ogerpon-Wellspring, F|100\/100\n|turn|3\n|\n|t:|1700707718\n|switch|p2a: Amoonguss|Amoonguss, F|100\/100\n|move|p1a: faya|Swords Dance|p1a: faya\n|-boost|p1a: faya|atk|2\n|\n|upkeep\n|turn|4\n|c|\u2606FireWizard312|is it though\n|c|\u2606FireWizard312|is it\n|c|\u2606FireWizard312|big stick\n|\n|t:|1700707727\n|move|p1a: faya|Ivy Cudgel|p2a: Amoonguss|[anim] Ivy Cudgel Water\n|-resisted|p2a: Amoonguss\n|-damage|p2a: Amoonguss|62\/100\n|move|p2a: Amoonguss|Foul Play|p1a: faya\n|-damage|p1a: faya|12\/100\n|\n|upkeep\n|turn|5\n|c|\u2606FireWizard312|big stick smack\n|c|\u2606FireWizard312|mf\n|\n|t:|1700707734\n|move|p1a: faya|Encore|p2a: Amoonguss\n|-start|p2a: Amoonguss|Encore\n|move|p2a: Amoonguss|Foul Play|p1a: faya\n|-damage|p1a: faya|0 fnt\n|faint|p1a: faya\n|\n|upkeep\n|\n|t:|1700707736\n|switch|p1a: scarlet|Iron Moth|100\/100\n|-enditem|p1a: scarlet|Booster Energy\n|-activate|p1a: scarlet|ability: Quark Drive|[fromitem]\n|-start|p1a: scarlet|quarkdrivespe\n|turn|6\n|\n|t:|1700707739\n|switch|p2a: Heatran|Heatran, F|98\/100\n|-activate|p2a: Heatran|move: Sticky Web\n|-unboost|p2a: Heatran|spe|1\n|move|p1a: scarlet|Fiery Dance|p2a: Heatran\n|-start|p2a: Heatran|ability: Flash Fire\n|\n|-heal|p2a: Heatran|100\/100|[from] item: Leftovers\n|upkeep\n|turn|7\n|\n|t:|1700707743\n|move|p1a: scarlet|Psychic|p2a: Heatran\n|-resisted|p2a: Heatran\n|-damage|p2a: Heatran|89\/100\n|move|p2a: Heatran|Magma Storm|p1a: scarlet\n|-resisted|p1a: scarlet\n|-damage|p1a: scarlet|60\/100\n|-activate|p1a: scarlet|move: Magma Storm|[of] p2a: Heatran\n|\n|-heal|p2a: Heatran|95\/100|[from] item: Leftovers\n|-damage|p1a: scarlet|48\/100|[from] move: Magma Storm|[partiallytrapped]\n|upkeep\n|turn|8\n|\n|t:|1700707749\n|move|p2a: Heatran|Protect|p2a: Heatran\n|-singleturn|p2a: Heatran|Protect\n|move|p1a: scarlet|Psychic|p2a: Heatran\n|-activate|p2a: Heatran|move: Protect\n|\n|-heal|p2a: Heatran|100\/100|[from] item: Leftovers\n|-damage|p1a: scarlet|35\/100|[from] move: Magma Storm|[partiallytrapped]\n|upkeep\n|turn|9\n|c|\u2606FireWizard312|yall watch me throw the easiest win of my life\n|\n|t:|1700707756\n|move|p1a: scarlet|Psychic|p2a: Heatran\n|-resisted|p2a: Heatran\n|-damage|p2a: Heatran|87\/100\n|move|p2a: Heatran|Earth Power|p1a: scarlet\n|-supereffective|p1a: scarlet\n|-damage|p1a: scarlet|0 fnt\n|faint|p1a: scarlet\n|-end|p1a: scarlet|Quark Drive|[silent]\n|\n|-heal|p2a: Heatran|93\/100|[from] item: Leftovers\n|upkeep\n|\n|t:|1700707761\n|switch|p1a: HPDARKEAGLE|Manaphy|100\/100\n|turn|10\n|\n|t:|1700707767\n|-end|p2a: Heatran|ability: Flash Fire|[silent]\n|switch|p2a: Blissey|Blissey, F|100\/100\n|move|p1a: HPDARKEAGLE|Take Heart|p1a: HPDARKEAGLE\n|-boost|p1a: HPDARKEAGLE|spa|1\n|-boost|p1a: HPDARKEAGLE|spd|1\n|\n|upkeep\n|turn|11\n|\n|t:|1700707774\n|move|p1a: HPDARKEAGLE|Take Heart|p1a: HPDARKEAGLE\n|-boost|p1a: HPDARKEAGLE|spa|1\n|-boost|p1a: HPDARKEAGLE|spd|1\n|move|p2a: Blissey|Seismic Toss|p1a: HPDARKEAGLE\n|-damage|p1a: HPDARKEAGLE|73\/100\n|\n|-heal|p1a: HPDARKEAGLE|79\/100|[from] item: Leftovers\n|upkeep\n|turn|12\n|\n|t:|1700707776\n|move|p1a: HPDARKEAGLE|Take Heart|p1a: HPDARKEAGLE\n|-boost|p1a: HPDARKEAGLE|spa|1\n|-boost|p1a: HPDARKEAGLE|spd|1\n|move|p2a: Blissey|Seismic Toss|p1a: HPDARKEAGLE\n|-damage|p1a: HPDARKEAGLE|51\/100\n|\n|-heal|p1a: HPDARKEAGLE|58\/100|[from] item: Leftovers\n|upkeep\n|turn|13\n|\n|t:|1700707777\n|move|p1a: HPDARKEAGLE|Stored Power|p2a: Blissey\n|-damage|p2a: Blissey|65\/100\n|move|p2a: Blissey|Seismic Toss|p1a: HPDARKEAGLE\n|-damage|p1a: HPDARKEAGLE|30\/100\n|\n|-heal|p1a: HPDARKEAGLE|36\/100|[from] item: Leftovers\n|upkeep\n|turn|14\n|\n|t:|1700707780\n|move|p1a: HPDARKEAGLE|Stored Power|p2a: Blissey\n|-damage|p2a: Blissey|30\/100\n|move|p2a: Blissey|Seismic Toss|p1a: HPDARKEAGLE\n|-damage|p1a: HPDARKEAGLE|8\/100\n|\n|-heal|p1a: HPDARKEAGLE|15\/100|[from] item: Leftovers\n|upkeep\n|turn|15\n|\n|t:|1700707784\n|move|p1a: HPDARKEAGLE|Stored Power|p2a: Blissey\n|-damage|p2a: Blissey|0 fnt\n|faint|p2a: Blissey\n|\n|-heal|p1a: HPDARKEAGLE|21\/100|[from] item: Leftovers\n|upkeep\n|\n|t:|1700707794\n|switch|p2a: Kingambit|Kingambit, M|100\/100\n|-activate|p2a: Kingambit|move: Sticky Web\n|-unboost|p2a: Kingambit|spe|1\n|-activate|p2a: Kingambit|ability: Supreme Overlord\n|-start|p2a: Kingambit|fallen1|[silent]\n|turn|16\n|\n|t:|1700707799\n|move|p1a: HPDARKEAGLE|Acid Armor|p1a: HPDARKEAGLE\n|-boost|p1a: HPDARKEAGLE|def|2\n|move|p2a: Kingambit|Kowtow Cleave|p1a: HPDARKEAGLE\n|-damage|p1a: HPDARKEAGLE|0 fnt\n|faint|p1a: HPDARKEAGLE\n|\n|upkeep\n|c|\u2606FireWizard312|tried to predict sucker punch gg\n|\n|t:|1700707808\n|switch|p1a: awyp|Kingambit, M|100\/100\n|-activate|p1a: awyp|ability: Supreme Overlord\n|-start|p1a: awyp|fallen4|[silent]\n|turn|17\n|\n|t:|1700707810\n|-end|p2a: Kingambit|fallen1|[silent]\n|switch|p2a: Corviknight|Corviknight, F|100\/100\n|-ability|p2a: Corviknight|Pressure\n|move|p1a: awyp|Swords Dance|p1a: awyp\n|-boost|p1a: awyp|atk|2\n|\n|upkeep\n|turn|18\n|\n|t:|1700707815\n|-terastallize|p1a: awyp|Flying\n|move|p2a: Corviknight|Iron Defense|p2a: Corviknight\n|-boost|p2a: Corviknight|def|2\n|move|p1a: awyp|Swords Dance|p1a: awyp\n|-boost|p1a: awyp|atk|2\n|\n|upkeep\n|turn|19\n|\n|t:|1700707818\n|move|p2a: Corviknight|Iron Defense|p2a: Corviknight\n|-boost|p2a: Corviknight|def|2\n|move|p1a: awyp|Kowtow Cleave|p2a: Corviknight\n|-damage|p2a: Corviknight|48\/100\n|\n|-heal|p2a: Corviknight|54\/100|[from] item: Leftovers\n|upkeep\n|turn|20\n|\n|t:|1700707821\n|move|p2a: Corviknight|Roost|p2a: Corviknight\n|-heal|p2a: Corviknight|100\/100\n|-singleturn|p2a: Corviknight|move: Roost\n|move|p1a: awyp|Kowtow Cleave|p2a: Corviknight\n|-damage|p2a: Corviknight|42\/100\n|\n|-heal|p2a: Corviknight|49\/100|[from] item: Leftovers\n|upkeep\n|turn|21\n|\n|t:|1700707824\n|move|p2a: Corviknight|Roost|p2a: Corviknight\n|-heal|p2a: Corviknight|99\/100\n|-singleturn|p2a: Corviknight|move: Roost\n|move|p1a: awyp|Kowtow Cleave|p2a: Corviknight\n|-damage|p2a: Corviknight|47\/100\n|\n|-heal|p2a: Corviknight|53\/100|[from] item: Leftovers\n|upkeep\n|turn|22\n|\n|t:|1700707827\n|move|p2a: Corviknight|Iron Defense|p2a: Corviknight\n|-boost|p2a: Corviknight|def|2\n|move|p1a: awyp|Swords Dance|p1a: awyp\n|-boost|p1a: awyp|atk|2\n|\n|-heal|p2a: Corviknight|59\/100|[from] item: Leftovers\n|upkeep\n|turn|23\n|\n|t:|1700707830\n|move|p2a: Corviknight|Roost|p2a: Corviknight\n|-heal|p2a: Corviknight|100\/100\n|-singleturn|p2a: Corviknight|move: Roost\n|move|p1a: awyp|Kowtow Cleave|p2a: Corviknight\n|-crit|p2a: Corviknight\n|-damage|p2a: Corviknight|0 fnt\n|faint|p2a: Corviknight\n|\n|upkeep\n|c|\u2606FireWizard312|o there is it\n|c|\u2606mathismathin|so lucky!!\n|\n|t:|1700707843\n|switch|p2a: Walking Wake|Walking Wake|100\/100\n|-activate|p2a: Walking Wake|move: Sticky Web\n|-unboost|p2a: Walking Wake|spe|1\n|turn|24\n|\n|t:|1700707848\n|move|p1a: awyp|Sucker Punch||[still]\n|-fail|p1a: awyp\n|move|p2a: Walking Wake|Substitute|p2a: Walking Wake\n|-start|p2a: Walking Wake|Substitute\n|-damage|p2a: Walking Wake|76\/100\n|\n|-heal|p2a: Walking Wake|82\/100|[from] item: Leftovers\n|upkeep\n|turn|25\n|c|\u2606FireWizard312|uh\n|\n|t:|1700707852\n|move|p2a: Walking Wake|Dragon Pulse|p1a: awyp\n|-damage|p1a: awyp|53\/100\n|move|p1a: awyp|Kowtow Cleave|p2a: Walking Wake\n|-end|p2a: Walking Wake|Substitute\n|\n|-heal|p2a: Walking Wake|88\/100|[from] item: Leftovers\n|upkeep\n|turn|26\n|c|\u2606FireWizard312|did i through\n|c|\u2606FireWizard312|oop nvm\n|\n|t:|1700707863\n|move|p2a: Walking Wake|Substitute|p2a: Walking Wake\n|-start|p2a: Walking Wake|Substitute\n|-damage|p2a: Walking Wake|63\/100\n|move|p1a: awyp|Kowtow Cleave|p2a: Walking Wake\n|-end|p2a: Walking Wake|Substitute\n|\n|-heal|p2a: Walking Wake|70\/100|[from] item: Leftovers\n|upkeep\n|turn|27\n|\n|t:|1700707866\n|move|p1a: awyp|Sucker Punch||[still]\n|-fail|p1a: awyp\n|move|p2a: Walking Wake|Substitute|p2a: Walking Wake\n|-start|p2a: Walking Wake|Substitute\n|-damage|p2a: Walking Wake|45\/100\n|\n|-heal|p2a: Walking Wake|51\/100|[from] item: Leftovers\n|upkeep\n|turn|28\n|\n|t:|1700707868\n|move|p2a: Walking Wake|Dragon Pulse|p1a: awyp\n|-damage|p1a: awyp|6\/100\n|move|p1a: awyp|Kowtow Cleave|p2a: Walking Wake\n|-end|p2a: Walking Wake|Substitute\n|\n|-heal|p2a: Walking Wake|57\/100|[from] item: Leftovers\n|upkeep\n|turn|29\n|c|\u2606FireWizard312|nvm i did through\n|c|\u2606FireWizard312|throw\n|c|\u2606FireWizard312|fuck i cant spell\n|\n|t:|1700707875\n|move|p1a: awyp|Sucker Punch|p2a: Walking Wake\n|-damage|p2a: Walking Wake|0 fnt\n|faint|p2a: Walking Wake\n|-end|p2a: Walking Wake|Protosynthesis|[silent]\n|\n|upkeep\n|\n|t:|1700707877\n|switch|p2a: Kingambit|Kingambit, M|100\/100\n|-activate|p2a: Kingambit|move: Sticky Web\n|-unboost|p2a: Kingambit|spe|1\n|-activate|p2a: Kingambit|ability: Supreme Overlord\n|-start|p2a: Kingambit|fallen3|[silent]\n|turn|30\n|\n|t:|1700707881\n|move|p1a: awyp|Sucker Punch|p2a: Kingambit\n|-resisted|p2a: Kingambit\n|-damage|p2a: Kingambit|0 fnt\n|faint|p2a: Kingambit\n|-end|p2a: Kingambit|fallen3|[silent]\n|\n|upkeep\n|c|\u2606FireWizard312|LMAO\n|c|\u2606FireWizard312|ok\n|c|\u2606mathismathin|gg\n|c|\u2606FireWizard312|this is a wild ride\n|c|\u2606FireWizard312|gg\n|-message|mathismathin forfeited.\n|\n|win|FireWizard312\n|raw|FireWizard312's rating: 1625 &rarr; <strong>1650<\/strong><br \/>(+25 for winning)\n|raw|mathismathin's rating: 1708 &rarr; <strong>1683<\/strong><br \/>(-25 for losing)\n","uploadtime":1700707894,"views":2,"p1id":"firewizard312","p2id":"mathismathin","formatid":"gen9ou","rating":1650,"private":0,"password":""}