{"id":"gen9ou-1997518309","p1":"kuiperfa","p2":"Blank_Playe","format":"[Gen 9] OU","log":"|j|\u2606kuiperfa\n|j|\u2606Blank_Playe\n|t:|1700819037\n|gametype|singles\n|player|p1|kuiperfa|169|1053\n|player|p2|Blank_Playe|266|1000\n|teamsize|p1|6\n|teamsize|p2|6\n|gen|9\n|tier|[Gen 9] OU\n|rated|\n|rule|Sleep Clause Mod: Limit one foe put to sleep\n|rule|Species Clause: Limit one of each Pok\u00e9mon\n|rule|OHKO Clause: OHKO moves are banned\n|rule|Evasion Items Clause: Evasion items are banned\n|rule|Evasion Moves Clause: Evasion moves are banned\n|rule|Endless Battle Clause: Forcing endless battles is banned\n|rule|HP Percentage Mod: HP is shown in percentages\n|clearpoke\n|poke|p1|Hippowdon, M|\n|poke|p1|Corviknight, M|\n|poke|p1|Blissey, F|\n|poke|p1|Quagsire, F|\n|poke|p1|Toxapex, M|\n|poke|p1|Mandibuzz, F|\n|poke|p2|Maushold-Four|\n|poke|p2|Slowbro-Galar, M|\n|poke|p2|Ninetales-Alola, F|\n|poke|p2|Garchomp, M|\n|poke|p2|Gyarados, F|\n|poke|p2|Wo-Chien|\n|teampreview\n|inactive|Battle timer is ON: inactive players will automatically lose when time's up. (requested by kuiperfa)\n|\n|t:|1700819043\n|start\n|switch|p1a: Hippowdon|Hippowdon, M|100\/100\n|switch|p2a: Ice Kurama|Ninetales-Alola, F|100\/100\n|-weather|Snow|[from] ability: Snow Warning|[of] p2a: Ice Kurama\n|-weather|Sandstorm|[from] ability: Sand Stream|[of] p1a: Hippowdon\n|turn|1\n|\n|t:|1700819052\n|switch|p2a: Snail|Wo-Chien|100\/100\n|-ability|p2a: Snail|Tablets of Ruin\n|switch|p1a: Corviknight|Corviknight, M|100\/100\n|-ability|p1a: Corviknight|Pressure\n|\n|-weather|Sandstorm|[upkeep]\n|-damage|p2a: Snail|94\/100|[from] Sandstorm\n|upkeep\n|turn|2\n|\n|t:|1700819068\n|switch|p2a: LandShark|Garchomp, M|100\/100\n|move|p1a: Corviknight|U-turn|p2a: LandShark\n|-damage|p2a: LandShark|86\/100\n|-damage|p1a: Corviknight|88\/100|[from] ability: Rough Skin|[of] p2a: LandShark\n|-damage|p1a: Corviknight|71\/100|[from] item: Rocky Helmet|[of] p2a: LandShark\n|\n|t:|1700819082\n|switch|p1a: Hippowdon|Hippowdon, M|100\/100|[from] U-turn\n|\n|-weather|Sandstorm|[upkeep]\n|upkeep\n|turn|3\n|\n|t:|1700819107\n|switch|p2a: Gangsta|Slowbro-Galar, M|100\/100\n|move|p1a: Hippowdon|Stealth Rock|p2a: Gangsta\n|-sidestart|p2: Blank_Playe|move: Stealth Rock\n|\n|-weather|Sandstorm|[upkeep]\n|-damage|p2a: Gangsta|94\/100|[from] Sandstorm\n|upkeep\n|turn|4\n|-activate|p2a: Gangsta|ability: Quick Draw\n|\n|t:|1700819121\n|switch|p1a: Toxapex|Toxapex, M|100\/100\n|move|p2a: Gangsta|Surf|p1a: Toxapex\n|-resisted|p1a: Toxapex\n|-damage|p1a: Toxapex|89\/100\n|\n|-weather|Sandstorm|[upkeep]\n|-damage|p1a: Toxapex|83\/100|[from] Sandstorm\n|-damage|p2a: Gangsta|88\/100|[from] Sandstorm\n|-heal|p1a: Toxapex|89\/100|[from] item: Black Sludge\n|upkeep\n|turn|5\n|\n|t:|1700819137\n|switch|p2a: Ice Kurama|Ninetales-Alola, F|100\/100\n|-damage|p2a: Ice Kurama|76\/100|[from] Stealth Rock\n|-weather|Snow|[from] ability: Snow Warning|[of] p2a: Ice Kurama\n|move|p1a: Toxapex|Lunge|p2a: Ice Kurama\n|-resisted|p2a: Ice Kurama\n|-damage|p2a: Ice Kurama|70\/100\n|-unboost|p2a: Ice Kurama|atk|1\n|\n|-weather|Snow|[upkeep]\n|-heal|p1a: Toxapex|96\/100|[from] item: Black Sludge\n|upkeep\n|turn|6\n|\n|t:|1700819158\n|switch|p1a: Corviknight|Corviknight, M|71\/100\n|-ability|p1a: Corviknight|Pressure\n|move|p2a: Ice Kurama|Freeze-Dry|p1a: Corviknight\n|-crit|p1a: Corviknight\n|-damage|p1a: Corviknight|40\/100\n|\n|-weather|Snow|[upkeep]\n|-heal|p1a: Corviknight|46\/100|[from] item: Leftovers\n|upkeep\n|turn|7\n|\n|t:|1700819167\n|move|p2a: Ice Kurama|Aurora Veil|p2a: Ice Kurama\n|-sidestart|p2: Blank_Playe|move: Aurora Veil\n|move|p1a: Corviknight|Roost|p1a: Corviknight\n|-heal|p1a: Corviknight|96\/100\n|-singleturn|p1a: Corviknight|move: Roost\n|\n|-weather|Snow|[upkeep]\n|-heal|p1a: Corviknight|100\/100|[from] item: Leftovers\n|upkeep\n|turn|8\n|\n|t:|1700819176\n|switch|p2a: Happy Family|Maushold-Four|100\/100\n|-damage|p2a: Happy Family|88\/100|[from] Stealth Rock\n|move|p1a: Corviknight|Iron Head|p2a: Happy Family\n|-damage|p2a: Happy Family|69\/100\n|\n|-weather|Snow|[upkeep]\n|upkeep\n|turn|9\n|\n|t:|1700819192\n|switch|p1a: Toxapex|Toxapex, M|100\/100\n|move|p2a: Happy Family|Tidy Up|p2a: Happy Family\n|-sideend|p2: Blank_Playe|Stealth Rock\n|-activate|p2a: Happy Family|move: Tidy Up\n|-boost|p2a: Happy Family|atk|1\n|-boost|p2a: Happy Family|spe|1\n|\n|-weather|none\n|upkeep\n|turn|10\n|\n|t:|1700819200\n|-terastallize|p2a: Happy Family|Normal\n|move|p2a: Happy Family|Population Bomb|p1a: Toxapex\n|-damage|p1a: Toxapex|85\/100\n|-damage|p1a: Toxapex|70\/100\n|-damage|p1a: Toxapex|54\/100\n|-damage|p1a: Toxapex|39\/100\n|-damage|p1a: Toxapex|25\/100\n|-damage|p1a: Toxapex|10\/100\n|-damage|p1a: Toxapex|0 fnt\n|faint|p1a: Toxapex\n|-hitcount|p1: Toxapex|7\n|\n|upkeep\n|inactive|kuiperfa has 120 seconds left.\n|inactive|kuiperfa has 90 seconds left.\n|\n|t:|1700819271\n|switch|p1a: Corviknight|Corviknight, M|100\/100\n|-ability|p1a: Corviknight|Pressure\n|turn|11\n|\n|t:|1700819276\n|move|p2a: Happy Family|Population Bomb|p1a: Corviknight\n|-resisted|p1a: Corviknight\n|-damage|p1a: Corviknight|93\/100\n|-resisted|p1a: Corviknight\n|-damage|p1a: Corviknight|86\/100\n|-resisted|p1a: Corviknight\n|-damage|p1a: Corviknight|78\/100\n|-resisted|p1a: Corviknight\n|-damage|p1a: Corviknight|71\/100\n|-hitcount|p1a: Corviknight|4\n|move|p1a: Corviknight|Iron Head|p2a: Happy Family\n|-damage|p2a: Happy Family|48\/100\n|\n|-heal|p1a: Corviknight|77\/100|[from] item: Leftovers\n|-sideend|p2: Blank_Playe|move: Aurora Veil\n|upkeep\n|turn|12\n|\n|t:|1700819292\n|move|p2a: Happy Family|Population Bomb|p1a: Corviknight\n|-resisted|p1a: Corviknight\n|-damage|p1a: Corviknight|70\/100\n|-resisted|p1a: Corviknight\n|-damage|p1a: Corviknight|62\/100\n|-resisted|p1a: Corviknight\n|-damage|p1a: Corviknight|56\/100\n|-resisted|p1a: Corviknight\n|-damage|p1a: Corviknight|48\/100\n|-hitcount|p1a: Corviknight|4\n|move|p1a: Corviknight|Iron Head|p2a: Happy Family\n|-damage|p2a: Happy Family|12\/100\n|\n|-heal|p1a: Corviknight|55\/100|[from] item: Leftovers\n|upkeep\n|turn|13\n|\n|t:|1700819306\n|move|p2a: Happy Family|Population Bomb|p1a: Corviknight\n|-resisted|p1a: Corviknight\n|-damage|p1a: Corviknight|48\/100\n|-resisted|p1a: Corviknight\n|-damage|p1a: Corviknight|40\/100\n|-resisted|p1a: Corviknight\n|-damage|p1a: Corviknight|33\/100\n|-resisted|p1a: Corviknight\n|-damage|p1a: Corviknight|25\/100\n|-resisted|p1a: Corviknight\n|-damage|p1a: Corviknight|18\/100\n|-hitcount|p1a: Corviknight|5\n|move|p1a: Corviknight|Roost|p1a: Corviknight\n|-heal|p1a: Corviknight|68\/100\n|-singleturn|p1a: Corviknight|move: Roost\n|\n|-heal|p1a: Corviknight|74\/100|[from] item: Leftovers\n|upkeep\n|turn|14\n|\n|t:|1700819329\n|switch|p2a: LandShark|Garchomp, M|86\/100\n|move|p1a: Corviknight|Iron Head|p2a: LandShark\n|-damage|p2a: LandShark|61\/100\n|-damage|p1a: Corviknight|62\/100|[from] ability: Rough Skin|[of] p2a: LandShark\n|-damage|p1a: Corviknight|45\/100|[from] item: Rocky Helmet|[of] p2a: LandShark\n|\n|-heal|p1a: Corviknight|52\/100|[from] item: Leftovers\n|upkeep\n|turn|15\n|\n|t:|1700819344\n|switch|p1a: Hippowdon|Hippowdon, M|100\/100\n|-weather|Sandstorm|[from] ability: Sand Stream|[of] p1a: Hippowdon\n|move|p2a: LandShark|Fire Fang|p1a: Hippowdon\n|-damage|p1a: Hippowdon|89\/100\n|\n|-weather|Sandstorm|[upkeep]\n|-heal|p1a: Hippowdon|95\/100|[from] item: Leftovers\n|upkeep\n|turn|16\n|\n|t:|1700819360\n|switch|p2a: Gangsta|Slowbro-Galar, M|88\/100\n|move|p1a: Hippowdon|Roar|p2a: Gangsta\n|drag|p2a: Snail|Wo-Chien|94\/100\n|-ability|p2a: Snail|Tablets of Ruin\n|\n|-weather|Sandstorm|[upkeep]\n|-damage|p2a: Snail|88\/100|[from] Sandstorm\n|-heal|p1a: Hippowdon|100\/100|[from] item: Leftovers\n|upkeep\n|turn|17\n|\n|t:|1700819371\n|switch|p1a: Corviknight|Corviknight, M|52\/100\n|-ability|p1a: Corviknight|Pressure\n|move|p2a: Snail|Leech Seed|p1a: Corviknight\n|-start|p1a: Corviknight|move: Leech Seed\n|\n|-weather|Sandstorm|[upkeep]\n|-damage|p2a: Snail|82\/100|[from] Sandstorm\n|-heal|p1a: Corviknight|58\/100|[from] item: Leftovers\n|-damage|p1a: Corviknight|45\/100|[from] Leech Seed|[of] p2a: Snail\n|-heal|p2a: Snail|95\/100|[silent]\n|upkeep\n|turn|18\n|\n|t:|1700819383\n|switch|p2a: LandShark|Garchomp, M|61\/100\n|move|p1a: Corviknight|Roost|p1a: Corviknight\n|-heal|p1a: Corviknight|95\/100\n|-singleturn|p1a: Corviknight|move: Roost\n|\n|-weather|Sandstorm|[upkeep]\n|-heal|p1a: Corviknight|100\/100|[from] item: Leftovers\n|-damage|p1a: Corviknight|88\/100|[from] Leech Seed|[of] p2a: LandShark\n|-heal|p2a: LandShark|75\/100|[silent]\n|upkeep\n|turn|19\n|\n|t:|1700819397\n|switch|p1a: Hippowdon|Hippowdon, M|100\/100\n|move|p2a: LandShark|Fire Fang|p1a: Hippowdon\n|-damage|p1a: Hippowdon|89\/100\n|\n|-weather|none\n|-heal|p1a: Hippowdon|95\/100|[from] item: Leftovers\n|upkeep\n|turn|20\n|\n|t:|1700819410\n|switch|p2a: Ice Kurama|Ninetales-Alola, F|70\/100\n|-weather|Snow|[from] ability: Snow Warning|[of] p2a: Ice Kurama\n|move|p1a: Hippowdon|Stealth Rock|p2a: Ice Kurama\n|-sidestart|p2: Blank_Playe|move: Stealth Rock\n|\n|-weather|Snow|[upkeep]\n|-heal|p1a: Hippowdon|100\/100|[from] item: Leftovers\n|upkeep\n|turn|21\n|\n|t:|1700819421\n|switch|p1a: Corviknight|Corviknight, M|88\/100\n|-ability|p1a: Corviknight|Pressure\n|move|p2a: Ice Kurama|Aurora Veil|p2a: Ice Kurama\n|-sidestart|p2: Blank_Playe|move: Aurora Veil\n|\n|-weather|Snow|[upkeep]\n|-heal|p1a: Corviknight|94\/100|[from] item: Leftovers\n|upkeep\n|turn|22\n|\n|t:|1700819435\n|switch|p2a: LandShark|Garchomp, M|75\/100\n|-damage|p2a: LandShark|69\/100|[from] Stealth Rock\n|move|p1a: Corviknight|Defog|p2a: LandShark\n|-unboost|p2a: LandShark|evasion|1\n|-sideend|p2: Blank_Playe|move: Aurora Veil\n|-sideend|p2: Blank_Playe|Stealth Rock|[from] move: Defog|[of] p1a: Corviknight\n|\n|-weather|Snow|[upkeep]\n|-heal|p1a: Corviknight|100\/100|[from] item: Leftovers\n|upkeep\n|turn|23\n|\n|t:|1700819445\n|switch|p1a: Hippowdon|Hippowdon, M|100\/100\n|-weather|Sandstorm|[from] ability: Sand Stream|[of] p1a: Hippowdon\n|move|p2a: LandShark|Scale Shot|p1a: Hippowdon\n|-damage|p1a: Hippowdon|93\/100\n|-damage|p1a: Hippowdon|86\/100\n|-damage|p1a: Hippowdon|80\/100\n|-damage|p1a: Hippowdon|72\/100\n|-damage|p1a: Hippowdon|65\/100\n|-hitcount|p1a: Hippowdon|5\n|-unboost|p2a: LandShark|def|1\n|-boost|p2a: LandShark|spe|1\n|\n|-weather|Sandstorm|[upkeep]\n|-heal|p1a: Hippowdon|71\/100|[from] item: Leftovers\n|upkeep\n|turn|24\n|\n|t:|1700819461\n|switch|p2a: Gangsta|Slowbro-Galar, M|88\/100\n|move|p1a: Hippowdon|Earthquake|p2a: Gangsta\n|-supereffective|p2a: Gangsta\n|-damage|p2a: Gangsta|15\/100\n|\n|-weather|Sandstorm|[upkeep]\n|-damage|p2a: Gangsta|9\/100|[from] Sandstorm\n|-heal|p1a: Hippowdon|77\/100|[from] item: Leftovers\n|upkeep\n|turn|25\n|\n|t:|1700819476\n|switch|p1a: Blissey|Blissey, F|100\/100\n|move|p2a: Gangsta|Surf|p1a: Blissey\n|-damage|p1a: Blissey|89\/100\n|\n|-weather|Sandstorm|[upkeep]\n|-damage|p1a: Blissey|83\/100|[from] Sandstorm\n|-damage|p2a: Gangsta|3\/100|[from] Sandstorm\n|-heal|p1a: Blissey|89\/100|[from] item: Leftovers\n|upkeep\n|turn|26\n|-activate|p2a: Gangsta|ability: Quick Draw\n|\n|t:|1700819486\n|move|p2a: Gangsta|Shell Side Arm|p1a: Blissey|[anim] Shell Side Arm Physical\n|-crit|p1a: Blissey\n|-damage|p1a: Blissey|51\/100\n|-hint|Physical Shell Side Arm\n|-status|p1a: Blissey|psn\n|move|p1a: Blissey|Thunder Wave|p2a: Gangsta\n|-status|p2a: Gangsta|par\n|\n|-weather|Sandstorm|[upkeep]\n|-damage|p1a: Blissey|45\/100 psn|[from] Sandstorm\n|-damage|p2a: Gangsta|0 fnt|[from] Sandstorm\n|faint|p2a: Gangsta\n|-heal|p1a: Blissey|51\/100 psn|[from] item: Leftovers\n|-damage|p1a: Blissey|38\/100 psn|[from] psn\n|upkeep\n|\n|t:|1700819504\n|switch|p2a: Ice Kurama|Ninetales-Alola, F|70\/100\n|-weather|Snow|[from] ability: Snow Warning|[of] p2a: Ice Kurama\n|turn|27\n|\n|t:|1700819519\n|move|p2a: Ice Kurama|Aurora Veil|p2a: Ice Kurama\n|-sidestart|p2: Blank_Playe|move: Aurora Veil\n|move|p1a: Blissey|Soft-Boiled|p1a: Blissey\n|-heal|p1a: Blissey|88\/100 psn\n|\n|-weather|Snow|[upkeep]\n|-heal|p1a: Blissey|94\/100 psn|[from] item: Leftovers\n|-damage|p1a: Blissey|82\/100 psn|[from] psn\n|upkeep\n|turn|28\n|inactive|kuiperfa has 120 seconds left.\n|\n|t:|1700819527\n|-curestatus|p1a: Blissey|psn|[from] ability: Natural Cure\n|switch|p1a: Corviknight|Corviknight, M|100\/100\n|-ability|p1a: Corviknight|Pressure\n|move|p2a: Ice Kurama|Draining Kiss|p1a: Corviknight\n|-resisted|p1a: Corviknight\n|-damage|p1a: Corviknight|93\/100\n|-heal|p2a: Ice Kurama|77\/100|[from] drain|[of] p1a: Corviknight\n|\n|-weather|Snow|[upkeep]\n|-heal|p1a: Corviknight|99\/100|[from] item: Leftovers\n|upkeep\n|turn|29\n|\n|t:|1700819543\n|switch|p2a: LandShark|Garchomp, M|69\/100\n|move|p1a: Corviknight|Defog|p2a: LandShark\n|-unboost|p2a: LandShark|evasion|1\n|-sideend|p2: Blank_Playe|move: Aurora Veil\n|\n|-weather|Snow|[upkeep]\n|-heal|p1a: Corviknight|100\/100|[from] item: Leftovers\n|upkeep\n|turn|30\n|\n|t:|1700819551\n|switch|p2a: Snail|Wo-Chien|95\/100\n|-ability|p2a: Snail|Tablets of Ruin\n|switch|p1a: Hippowdon|Hippowdon, M|77\/100\n|-weather|Sandstorm|[from] ability: Sand Stream|[of] p1a: Hippowdon\n|\n|-weather|Sandstorm|[upkeep]\n|-damage|p2a: Snail|89\/100|[from] Sandstorm\n|-heal|p1a: Hippowdon|84\/100|[from] item: Leftovers\n|upkeep\n|turn|31\n|\n|t:|1700819562\n|switch|p1a: Corviknight|Corviknight, M|100\/100\n|-ability|p1a: Corviknight|Pressure\n|move|p2a: Snail|Leech Seed|p1a: Corviknight\n|-start|p1a: Corviknight|move: Leech Seed\n|\n|-weather|Sandstorm|[upkeep]\n|-damage|p2a: Snail|83\/100|[from] Sandstorm\n|-damage|p1a: Corviknight|88\/100|[from] Leech Seed|[of] p2a: Snail\n|-heal|p2a: Snail|96\/100|[silent]\n|upkeep\n|turn|32\n|\n|t:|1700819572\n|switch|p1a: Mandibuzz|Mandibuzz, F|100\/100\n|move|p2a: Snail|Knock Off|p1a: Mandibuzz\n|-resisted|p1a: Mandibuzz\n|-damage|p1a: Mandibuzz|93\/100\n|-enditem|p1a: Mandibuzz|Leftovers|[from] move: Knock Off|[of] p2a: Snail\n|\n|-weather|Sandstorm|[upkeep]\n|-damage|p1a: Mandibuzz|87\/100|[from] Sandstorm\n|-damage|p2a: Snail|90\/100|[from] Sandstorm\n|upkeep\n|turn|33\n|\n|t:|1700819583\n|switch|p2a: OriginalBeast|Gyarados, F|100\/100\n|move|p1a: Mandibuzz|Toxic|p2a: OriginalBeast\n|-status|p2a: OriginalBeast|tox\n|\n|-weather|Sandstorm|[upkeep]\n|-damage|p2a: OriginalBeast|94\/100 tox|[from] Sandstorm\n|-damage|p1a: Mandibuzz|80\/100|[from] Sandstorm\n|-damage|p2a: OriginalBeast|88\/100 tox|[from] psn\n|upkeep\n|turn|34\n|\n|t:|1700819595\n|move|p2a: OriginalBeast|Scald|p1a: Mandibuzz\n|-damage|p1a: Mandibuzz|48\/100\n|-damage|p2a: OriginalBeast|78\/100 tox|[from] item: Life Orb\n|move|p1a: Mandibuzz|Foul Play|p2a: OriginalBeast\n|-damage|p2a: OriginalBeast|37\/100 tox\n|\n|-weather|none\n|-damage|p2a: OriginalBeast|25\/100 tox|[from] psn\n|upkeep\n|turn|35\n|\n|t:|1700819606\n|switch|p2a: Snail|Wo-Chien|90\/100\n|-ability|p2a: Snail|Tablets of Ruin\n|move|p1a: Mandibuzz|Roost|p1a: Mandibuzz\n|-heal|p1a: Mandibuzz|98\/100\n|-singleturn|p1a: Mandibuzz|move: Roost\n|\n|upkeep\n|turn|36\n|\n|t:|1700819617\n|move|p1a: Mandibuzz|Toxic|p2a: Snail\n|-status|p2a: Snail|tox\n|move|p2a: Snail|Leech Seed|p1a: Mandibuzz\n|-start|p1a: Mandibuzz|move: Leech Seed\n|\n|-damage|p1a: Mandibuzz|85\/100|[from] Leech Seed|[of] p2a: Snail\n|-heal|p2a: Snail|100\/100 tox|[silent]\n|-damage|p2a: Snail|94\/100 tox|[from] psn\n|upkeep\n|turn|37\n|inactive|kuiperfa has 120 seconds left.\n|\n|t:|1700819654\n|switch|p2a: OriginalBeast|Gyarados, F|25\/100 tox\n|move|p1a: Mandibuzz|Defog|p2a: OriginalBeast\n|-unboost|p2a: OriginalBeast|evasion|1\n|\n|-damage|p1a: Mandibuzz|73\/100|[from] Leech Seed|[of] p2a: OriginalBeast\n|-heal|p2a: OriginalBeast|41\/100 tox|[silent]\n|-damage|p2a: OriginalBeast|35\/100 tox|[from] psn\n|upkeep\n|turn|38\n|inactive|kuiperfa has 120 seconds left.\n|\n|t:|1700819667\n|move|p2a: OriginalBeast|Hurricane|p1a: Mandibuzz|[miss]\n|-miss|p2a: OriginalBeast|p1a: Mandibuzz\n|move|p1a: Mandibuzz|Roost|p1a: Mandibuzz\n|-heal|p1a: Mandibuzz|100\/100\n|-singleturn|p1a: Mandibuzz|move: Roost\n|\n|-damage|p1a: Mandibuzz|88\/100|[from] Leech Seed|[of] p2a: OriginalBeast\n|-heal|p2a: OriginalBeast|51\/100 tox|[silent]\n|-damage|p2a: OriginalBeast|39\/100 tox|[from] psn\n|upkeep\n|turn|39\n|inactive|kuiperfa has 120 seconds left.\n|\n|t:|1700819677\n|move|p2a: OriginalBeast|Hurricane|p1a: Mandibuzz\n|-damage|p1a: Mandibuzz|43\/100\n|-damage|p2a: OriginalBeast|29\/100 tox|[from] item: Life Orb\n|move|p1a: Mandibuzz|Foul Play|p2a: OriginalBeast\n|-damage|p2a: OriginalBeast|0 fnt\n|faint|p2a: OriginalBeast\n|\n|upkeep\n|\n|t:|1700819686\n|switch|p2a: Ice Kurama|Ninetales-Alola, F|77\/100\n|-weather|Snow|[from] ability: Snow Warning|[of] p2a: Ice Kurama\n|turn|40\n|\n|t:|1700819691\n|switch|p1a: Corviknight|Corviknight, M|88\/100\n|-ability|p1a: Corviknight|Pressure\n|move|p2a: Ice Kurama|Draining Kiss|p1a: Corviknight\n|-resisted|p1a: Corviknight\n|-damage|p1a: Corviknight|81\/100\n|-heal|p2a: Ice Kurama|83\/100|[from] drain|[of] p1a: Corviknight\n|\n|-weather|Snow|[upkeep]\n|-heal|p1a: Corviknight|87\/100|[from] item: Leftovers\n|upkeep\n|turn|41\n|\n|t:|1700819701\n|switch|p2a: LandShark|Garchomp, M|69\/100\n|move|p1a: Corviknight|Iron Head|p2a: LandShark\n|-damage|p2a: LandShark|45\/100\n|-damage|p1a: Corviknight|75\/100|[from] ability: Rough Skin|[of] p2a: LandShark\n|-damage|p1a: Corviknight|58\/100|[from] item: Rocky Helmet|[of] p2a: LandShark\n|\n|-weather|Snow|[upkeep]\n|-heal|p1a: Corviknight|64\/100|[from] item: Leftovers\n|upkeep\n|turn|42\n|\n|t:|1700819711\n|switch|p1a: Mandibuzz|Mandibuzz, F|43\/100\n|move|p2a: LandShark|Earthquake|p1a: Mandibuzz\n|-immune|p1a: Mandibuzz\n|\n|-weather|Snow|[upkeep]\n|upkeep\n|turn|43\n|\n|t:|1700819728\n|switch|p2a: Ice Kurama|Ninetales-Alola, F|83\/100\n|move|p1a: Mandibuzz|Roost|p1a: Mandibuzz\n|-heal|p1a: Mandibuzz|93\/100\n|-singleturn|p1a: Mandibuzz|move: Roost\n|\n|-weather|Snow|[upkeep]\n|upkeep\n|turn|44\n|\n|t:|1700819736\n|switch|p1a: Corviknight|Corviknight, M|64\/100\n|-ability|p1a: Corviknight|Pressure\n|move|p2a: Ice Kurama|Aurora Veil|p2a: Ice Kurama\n|-sidestart|p2: Blank_Playe|move: Aurora Veil\n|\n|-weather|none\n|-heal|p1a: Corviknight|71\/100|[from] item: Leftovers\n|upkeep\n|turn|45\n|\n|t:|1700819744\n|switch|p2a: Snail|Wo-Chien|94\/100 tox\n|-ability|p2a: Snail|Tablets of Ruin\n|move|p1a: Corviknight|Iron Head|p2a: Snail\n|-damage|p2a: Snail|85\/100 tox\n|-damage|p1a: Corviknight|54\/100|[from] item: Rocky Helmet|[of] p2a: Snail\n|\n|-heal|p1a: Corviknight|60\/100|[from] item: Leftovers\n|-damage|p2a: Snail|79\/100 tox|[from] psn\n|upkeep\n|turn|46\n|\n|t:|1700819755\n|move|p2a: Snail|Leech Seed|p1a: Corviknight\n|-start|p1a: Corviknight|move: Leech Seed\n|move|p1a: Corviknight|Defog|p2a: Snail\n|-unboost|p2a: Snail|evasion|1\n|-sideend|p2: Blank_Playe|move: Aurora Veil\n|\n|-heal|p1a: Corviknight|67\/100|[from] item: Leftovers\n|-damage|p1a: Corviknight|54\/100|[from] Leech Seed|[of] p2a: Snail\n|-heal|p2a: Snail|92\/100 tox|[silent]\n|-damage|p2a: Snail|80\/100 tox|[from] psn\n|upkeep\n|turn|47\n|\n|t:|1700819765\n|switch|p2a: LandShark|Garchomp, M|45\/100\n|move|p1a: Corviknight|Roost|p1a: Corviknight\n|-heal|p1a: Corviknight|100\/100\n|-singleturn|p1a: Corviknight|move: Roost\n|\n|-damage|p1a: Corviknight|88\/100|[from] Leech Seed|[of] p2a: LandShark\n|-heal|p2a: LandShark|59\/100|[silent]\n|upkeep\n|turn|48\n|\n|t:|1700819778\n|switch|p1a: Mandibuzz|Mandibuzz, F|93\/100\n|move|p2a: LandShark|Fire Fang|p1a: Mandibuzz\n|-damage|p1a: Mandibuzz|81\/100\n|\n|upkeep\n|turn|49\n|\n|t:|1700819788\n|move|p2a: LandShark|Draco Meteor|p1a: Mandibuzz\n|-damage|p1a: Mandibuzz|47\/100\n|-unboost|p2a: LandShark|spa|2\n|move|p1a: Mandibuzz|Toxic|p2a: LandShark|[miss]\n|-miss|p1a: Mandibuzz|p2a: LandShark\n|\n|upkeep\n|turn|50\n|\n|t:|1700819795\n|move|p2a: LandShark|Scale Shot|p1a: Mandibuzz|[miss]\n|-miss|p2a: LandShark|p1a: Mandibuzz\n|move|p1a: Mandibuzz|Roost|p1a: Mandibuzz\n|-heal|p1a: Mandibuzz|97\/100\n|-singleturn|p1a: Mandibuzz|move: Roost\n|\n|upkeep\n|turn|51\n|\n|t:|1700819804\n|switch|p2a: Snail|Wo-Chien|80\/100 tox\n|-ability|p2a: Snail|Tablets of Ruin\n|move|p1a: Mandibuzz|Toxic|p2a: Snail\n|-fail|p2a: Snail|tox\n|\n|-damage|p2a: Snail|74\/100 tox|[from] psn\n|upkeep\n|turn|52\n|\n|t:|1700819826\n|switch|p1a: Corviknight|Corviknight, M|88\/100\n|-ability|p1a: Corviknight|Pressure\n|move|p2a: Snail|Leech Seed|p1a: Corviknight|[miss]\n|-miss|p2a: Snail|p1a: Corviknight\n|\n|-heal|p1a: Corviknight|94\/100|[from] item: Leftovers\n|-damage|p2a: Snail|62\/100 tox|[from] psn\n|upkeep\n|turn|53\n|c|\u2606Blank_Playe|this is going to be a long one\n|\n|t:|1700819836\n|move|p2a: Snail|Ruination|p1a: Corviknight\n|-damage|p1a: Corviknight|47\/100\n|move|p1a: Corviknight|U-turn|p2a: Snail\n|-supereffective|p2a: Snail\n|-damage|p2a: Snail|23\/100 tox\n|-damage|p1a: Corviknight|31\/100|[from] item: Rocky Helmet|[of] p2a: Snail\n|\n|t:|1700819848\n|switch|p1a: Mandibuzz|Mandibuzz, F|97\/100|[from] U-turn\n|\n|-damage|p2a: Snail|5\/100 tox|[from] psn\n|upkeep\n|turn|54\n|\n|t:|1700819858\n|switch|p2a: Ice Kurama|Ninetales-Alola, F|83\/100\n|-weather|Snow|[from] ability: Snow Warning|[of] p2a: Ice Kurama\n|move|p1a: Mandibuzz|Foul Play|p2a: Ice Kurama\n|-resisted|p2a: Ice Kurama\n|-damage|p2a: Ice Kurama|73\/100\n|\n|-weather|Snow|[upkeep]\n|upkeep\n|turn|55\n|\n|t:|1700819867\n|move|p2a: Ice Kurama|Aurora Veil|p2a: Ice Kurama\n|-sidestart|p2: Blank_Playe|move: Aurora Veil\n|move|p1a: Mandibuzz|Toxic|p2a: Ice Kurama\n|-status|p2a: Ice Kurama|tox\n|\n|-weather|Snow|[upkeep]\n|-damage|p2a: Ice Kurama|67\/100 tox|[from] psn\n|upkeep\n|turn|56\n|\n|t:|1700819875\n|switch|p1a: Corviknight|Corviknight, M|31\/100\n|-ability|p1a: Corviknight|Pressure\n|move|p2a: Ice Kurama|Draining Kiss|p1a: Corviknight\n|-resisted|p1a: Corviknight\n|-damage|p1a: Corviknight|24\/100\n|-heal|p2a: Ice Kurama|73\/100 tox|[from] drain|[of] p1a: Corviknight\n|\n|-weather|Snow|[upkeep]\n|-heal|p1a: Corviknight|31\/100|[from] item: Leftovers\n|-damage|p2a: Ice Kurama|61\/100 tox|[from] psn\n|upkeep\n|turn|57\n|\n|t:|1700819886\n|switch|p2a: LandShark|Garchomp, M|59\/100\n|move|p1a: Corviknight|Roost|p1a: Corviknight\n|-heal|p1a: Corviknight|81\/100\n|-singleturn|p1a: Corviknight|move: Roost\n|\n|-weather|Snow|[upkeep]\n|-heal|p1a: Corviknight|87\/100|[from] item: Leftovers\n|upkeep\n|turn|58\n|\n|t:|1700819899\n|switch|p1a: Hippowdon|Hippowdon, M|84\/100\n|-weather|Sandstorm|[from] ability: Sand Stream|[of] p1a: Hippowdon\n|move|p2a: LandShark|Scale Shot|p1a: Hippowdon\n|-damage|p1a: Hippowdon|77\/100\n|-damage|p1a: Hippowdon|70\/100\n|-damage|p1a: Hippowdon|62\/100\n|-damage|p1a: Hippowdon|55\/100\n|-damage|p1a: Hippowdon|48\/100\n|-hitcount|p1a: Hippowdon|5\n|-unboost|p2a: LandShark|def|1\n|-boost|p2a: LandShark|spe|1\n|\n|-weather|Sandstorm|[upkeep]\n|-heal|p1a: Hippowdon|54\/100|[from] item: Leftovers\n|upkeep\n|turn|59\n|\n|t:|1700819916\n|move|p2a: LandShark|Draco Meteor|p1a: Hippowdon\n|-damage|p1a: Hippowdon|13\/100\n|-unboost|p2a: LandShark|spa|2\n|move|p1a: Hippowdon|Slack Off|p1a: Hippowdon\n|-heal|p1a: Hippowdon|63\/100\n|\n|-weather|Sandstorm|[upkeep]\n|-heal|p1a: Hippowdon|70\/100|[from] item: Leftovers\n|-sideend|p2: Blank_Playe|move: Aurora Veil\n|upkeep\n|turn|60\n|\n|t:|1700819926\n|move|p2a: LandShark|Earthquake|p1a: Hippowdon\n|-crit|p1a: Hippowdon\n|-damage|p1a: Hippowdon|30\/100\n|move|p1a: Hippowdon|Slack Off|p1a: Hippowdon\n|-heal|p1a: Hippowdon|80\/100\n|\n|-weather|Sandstorm|[upkeep]\n|-heal|p1a: Hippowdon|86\/100|[from] item: Leftovers\n|upkeep\n|turn|61\n|\n|t:|1700819935\n|move|p2a: LandShark|Scale Shot|p1a: Hippowdon\n|-damage|p1a: Hippowdon|79\/100\n|-damage|p1a: Hippowdon|72\/100\n|-damage|p1a: Hippowdon|65\/100\n|-hitcount|p1a: Hippowdon|3\n|-unboost|p2a: LandShark|def|1\n|-boost|p2a: LandShark|spe|1\n|move|p1a: Hippowdon|Stealth Rock|p2a: LandShark\n|-sidestart|p2: Blank_Playe|move: Stealth Rock\n|\n|-weather|Sandstorm|[upkeep]\n|-heal|p1a: Hippowdon|71\/100|[from] item: Leftovers\n|upkeep\n|turn|62\n|\n|t:|1700819946\n|move|p2a: LandShark|Earthquake|p1a: Hippowdon\n|-damage|p1a: Hippowdon|44\/100\n|move|p1a: Hippowdon|Earthquake|p2a: LandShark\n|-damage|p2a: LandShark|0 fnt\n|faint|p2a: LandShark\n|\n|-weather|none\n|-heal|p1a: Hippowdon|50\/100|[from] item: Leftovers\n|upkeep\n|\n|t:|1700819954\n|switch|p2a: Happy Family|Maushold-Four, tera:Normal|12\/100\n|-damage|p2a: Happy Family|0 fnt|[from] Stealth Rock\n|faint|p2a: Happy Family\n|\n|t:|1700819959\n|switch|p2a: Ice Kurama|Ninetales-Alola, F|61\/100 tox\n|-damage|p2a: Ice Kurama|36\/100 tox|[from] Stealth Rock\n|-weather|Snow|[from] ability: Snow Warning|[of] p2a: Ice Kurama\n|turn|63\n|c|\u2606Blank_Playe|I hate stall teams\n|\n|t:|1700819970\n|switch|p1a: Corviknight|Corviknight, M|87\/100\n|-ability|p1a: Corviknight|Pressure\n|move|p2a: Ice Kurama|Draining Kiss|p1a: Corviknight\n|-resisted|p1a: Corviknight\n|-damage|p1a: Corviknight|80\/100\n|-heal|p2a: Ice Kurama|42\/100 tox|[from] drain|[of] p1a: Corviknight\n|\n|-weather|Snow|[upkeep]\n|-heal|p1a: Corviknight|87\/100|[from] item: Leftovers\n|-damage|p2a: Ice Kurama|36\/100 tox|[from] psn\n|upkeep\n|turn|64\n|\n|t:|1700819993\n|move|p2a: Ice Kurama|Icicle Spear|p1a: Corviknight\n|-damage|p1a: Corviknight|83\/100\n|-damage|p1a: Corviknight|79\/100\n|-damage|p1a: Corviknight|75\/100\n|-hitcount|p1a: Corviknight|3\n|move|p1a: Corviknight|Iron Head|p2a: Ice Kurama\n|-supereffective|p2a: Ice Kurama\n|-damage|p2a: Ice Kurama|0 fnt\n|faint|p2a: Ice Kurama\n|\n|-weather|Snow|[upkeep]\n|-heal|p1a: Corviknight|81\/100|[from] item: Leftovers\n|upkeep\n|\n|t:|1700820003\n|switch|p2a: Snail|Wo-Chien|5\/100 tox\n|-damage|p2a: Snail|0 fnt|[from] Stealth Rock\n|faint|p2a: Snail\n|\n|win|kuiperfa\n|raw|kuiperfa's rating: 1053 &rarr; <strong>1080<\/strong><br \/>(+27 for winning)\n|raw|Blank_Playe's rating: 1000 &rarr; <strong>1000<\/strong><br \/>(+0 for losing)\n|c|\u2606Blank_Playe|GG\n","uploadtime":1700820011,"views":58,"p1id":"kuiperfa","p2id":"blankplaye","formatid":"gen9ou","rating":1000,"private":0,"password":""}