{"id":"gen9ou-1996208076","p1":"mister big cool","p2":"RayX2003","format":"[Gen 9] OU","log":"|j|\u2606mister big cool\n|j|\u2606RayX2003\n|t:|1700659265\n|gametype|singles\n|player|p1|mister big cool|roxie|1235\n|player|p2|RayX2003|266|1261\n|teamsize|p1|6\n|teamsize|p2|6\n|gen|9\n|tier|[Gen 9] OU\n|rated|\n|rule|Sleep Clause Mod: Limit one foe put to sleep\n|rule|Species Clause: Limit one of each Pok\u00e9mon\n|rule|OHKO Clause: OHKO moves are banned\n|rule|Evasion Items Clause: Evasion items are banned\n|rule|Evasion Moves Clause: Evasion moves are banned\n|rule|Endless Battle Clause: Forcing endless battles is banned\n|rule|HP Percentage Mod: HP is shown in percentages\n|clearpoke\n|poke|p1|Rillaboom, F|\n|poke|p1|Kommo-o, F|\n|poke|p1|Garganacl, F|\n|poke|p1|Volcanion|\n|poke|p1|Weezing-Galar, M|\n|poke|p1|Jirachi|\n|poke|p2|Kingambit, M|\n|poke|p2|Great Tusk|\n|poke|p2|Dragapult, M|\n|poke|p2|Ogerpon-Wellspring, F|\n|poke|p2|Blissey, F|\n|poke|p2|Zapdos|\n|teampreview\n|\n|t:|1700659284\n|start\n|switch|p1a: Rillaboom|Rillaboom, F|100\/100\n|switch|p2a: Ogerpon|Ogerpon-Wellspring, F|100\/100\n|-fieldstart|move: Grassy Terrain|[from] ability: Grassy Surge|[of] p1a: Rillaboom\n|turn|1\n|\n|t:|1700659292\n|move|p1a: Rillaboom|Fake Out|p2a: Ogerpon\n|-damage|p2a: Ogerpon|86\/100\n|cant|p2a: Ogerpon|flinch\n|\n|-heal|p2a: Ogerpon|92\/100|[from] Grassy Terrain\n|upkeep\n|turn|2\n|\n|t:|1700659300\n|move|p2a: Ogerpon|U-turn|p1a: Rillaboom\n|-supereffective|p1a: Rillaboom\n|-damage|p1a: Rillaboom|51\/100\n|\n|t:|1700659307\n|switch|p2a: Zapdos|Zapdos|100\/100|[from] U-turn\n|move|p1a: Rillaboom|U-turn|p2a: Zapdos\n|-resisted|p2a: Zapdos\n|-damage|p2a: Zapdos|93\/100\n|-status|p1a: Rillaboom|par|[from] ability: Static|[of] p2a: Zapdos\n|\n|t:|1700659316\n|switch|p1a: Garganacl|Garganacl, F|100\/100|[from] U-turn\n|\n|upkeep\n|turn|3\n|\n|t:|1700659322\n|move|p2a: Zapdos|Volt Switch|p1a: Garganacl\n|-damage|p1a: Garganacl|81\/100\n|\n|t:|1700659329\n|switch|p2a: Great Tusk|Great Tusk|100\/100|[from] Volt Switch\n|move|p1a: Garganacl|Salt Cure|p2a: Great Tusk\n|-resisted|p2a: Great Tusk\n|-damage|p2a: Great Tusk|98\/100\n|-start|p2a: Great Tusk|Salt Cure\n|\n|-heal|p2a: Great Tusk|100\/100|[from] Grassy Terrain\n|-heal|p1a: Garganacl|87\/100|[from] Grassy Terrain\n|-heal|p1a: Garganacl|93\/100|[from] item: Leftovers\n|-damage|p2a: Great Tusk|88\/100|[from] Salt Cure\n|upkeep\n|turn|4\n|\n|t:|1700659346\n|move|p2a: Great Tusk|Knock Off|p1a: Garganacl\n|-damage|p1a: Garganacl|75\/100\n|-enditem|p1a: Garganacl|Leftovers|[from] move: Knock Off|[of] p2a: Great Tusk\n|move|p1a: Garganacl|Iron Defense|p1a: Garganacl\n|-boost|p1a: Garganacl|def|2\n|\n|-heal|p2a: Great Tusk|94\/100|[from] Grassy Terrain\n|-heal|p2a: Great Tusk|100\/100|[from] item: Leftovers\n|-heal|p1a: Garganacl|81\/100|[from] Grassy Terrain\n|-damage|p2a: Great Tusk|88\/100|[from] Salt Cure\n|upkeep\n|turn|5\n|\n|t:|1700659363\n|move|p2a: Great Tusk|Bulk Up|p2a: Great Tusk\n|-boost|p2a: Great Tusk|atk|1\n|-boost|p2a: Great Tusk|def|1\n|move|p1a: Garganacl|Iron Defense|p1a: Garganacl\n|-boost|p1a: Garganacl|def|2\n|\n|-heal|p2a: Great Tusk|94\/100|[from] Grassy Terrain\n|-heal|p2a: Great Tusk|100\/100|[from] item: Leftovers\n|-heal|p1a: Garganacl|87\/100|[from] Grassy Terrain\n|-damage|p2a: Great Tusk|88\/100|[from] Salt Cure\n|upkeep\n|turn|6\n|\n|t:|1700659380\n|move|p2a: Great Tusk|Bulk Up|p2a: Great Tusk\n|-boost|p2a: Great Tusk|atk|1\n|-boost|p2a: Great Tusk|def|1\n|move|p1a: Garganacl|Iron Defense|p1a: Garganacl\n|-boost|p1a: Garganacl|def|2\n|\n|-heal|p2a: Great Tusk|94\/100|[from] Grassy Terrain\n|-heal|p2a: Great Tusk|100\/100|[from] item: Leftovers\n|-heal|p1a: Garganacl|94\/100|[from] Grassy Terrain\n|-damage|p2a: Great Tusk|88\/100|[from] Salt Cure\n|upkeep\n|turn|7\n|\n|t:|1700659392\n|move|p2a: Great Tusk|Bulk Up|p2a: Great Tusk\n|-boost|p2a: Great Tusk|atk|1\n|-boost|p2a: Great Tusk|def|1\n|move|p1a: Garganacl|Body Press|p2a: Great Tusk\n|-damage|p2a: Great Tusk|65\/100\n|\n|-heal|p2a: Great Tusk|71\/100|[from] Grassy Terrain\n|-heal|p2a: Great Tusk|77\/100|[from] item: Leftovers\n|-heal|p1a: Garganacl|99\/100|[from] Grassy Terrain\n|-damage|p2a: Great Tusk|65\/100|[from] Salt Cure\n|upkeep\n|turn|8\n|\n|t:|1700659406\n|move|p2a: Great Tusk|Bulk Up|p2a: Great Tusk\n|-boost|p2a: Great Tusk|atk|1\n|-boost|p2a: Great Tusk|def|1\n|move|p1a: Garganacl|Body Press|p2a: Great Tusk\n|-damage|p2a: Great Tusk|47\/100\n|\n|-heal|p2a: Great Tusk|53\/100|[from] Grassy Terrain\n|-heal|p2a: Great Tusk|59\/100|[from] item: Leftovers\n|-heal|p1a: Garganacl|100\/100|[from] Grassy Terrain\n|-damage|p2a: Great Tusk|47\/100|[from] Salt Cure\n|-fieldend|move: Grassy Terrain\n|upkeep\n|turn|9\n|\n|t:|1700659420\n|move|p2a: Great Tusk|Earthquake|p1a: Garganacl\n|-supereffective|p1a: Garganacl\n|-damage|p1a: Garganacl|56\/100\n|move|p1a: Garganacl|Recover|p1a: Garganacl\n|-heal|p1a: Garganacl|100\/100\n|\n|-heal|p2a: Great Tusk|53\/100|[from] item: Leftovers\n|-damage|p2a: Great Tusk|41\/100|[from] Salt Cure\n|upkeep\n|turn|10\n|\n|t:|1700659435\n|move|p2a: Great Tusk|Bulk Up|p2a: Great Tusk\n|-boost|p2a: Great Tusk|atk|1\n|-boost|p2a: Great Tusk|def|1\n|move|p1a: Garganacl|Recover||[still]\n|-fail|p1a: Garganacl|heal\n|\n|-heal|p2a: Great Tusk|47\/100|[from] item: Leftovers\n|-damage|p2a: Great Tusk|34\/100|[from] Salt Cure\n|upkeep\n|turn|11\n|\n|t:|1700659447\n|-terastallize|p1a: Garganacl|Fairy\n|move|p2a: Great Tusk|Bulk Up|p2a: Great Tusk\n|-boost|p2a: Great Tusk|atk|1\n|-boost|p2a: Great Tusk|def|1\n|move|p1a: Garganacl|Body Press|p2a: Great Tusk\n|-crit|p2a: Great Tusk\n|-damage|p2a: Great Tusk|0 fnt\n|faint|p2a: Great Tusk\n|-end|p2a: Great Tusk|Protosynthesis|[silent]\n|\n|upkeep\n|inactive|Battle timer is ON: inactive players will automatically lose when time's up. (requested by mister big cool)\n|\n|t:|1700659473\n|switch|p2a: Dragapult|Dragapult, M|100\/100\n|turn|12\n|\n|t:|1700659484\n|move|p2a: Dragapult|Shadow Ball|p1a: Garganacl\n|-damage|p1a: Garganacl|83\/100\n|move|p1a: Garganacl|Salt Cure|p2a: Dragapult\n|-damage|p2a: Dragapult|80\/100\n|-start|p2a: Dragapult|Salt Cure\n|\n|-damage|p2a: Dragapult|67\/100|[from] Salt Cure\n|upkeep\n|turn|13\n|\n|t:|1700659495\n|move|p2a: Dragapult|Shadow Ball|p1a: Garganacl\n|-damage|p1a: Garganacl|66\/100\n|move|p1a: Garganacl|Salt Cure|p2a: Dragapult\n|-damage|p2a: Dragapult|48\/100\n|\n|-damage|p2a: Dragapult|36\/100|[from] Salt Cure\n|upkeep\n|turn|14\n|\n|t:|1700659509\n|move|p2a: Dragapult|Shadow Ball|p1a: Garganacl\n|-damage|p1a: Garganacl|49\/100\n|move|p1a: Garganacl|Recover|p1a: Garganacl\n|-heal|p1a: Garganacl|99\/100\n|\n|-damage|p2a: Dragapult|24\/100|[from] Salt Cure\n|upkeep\n|turn|15\n|\n|t:|1700659522\n|move|p2a: Dragapult|Shadow Ball|p1a: Garganacl\n|-crit|p1a: Garganacl\n|-damage|p1a: Garganacl|72\/100\n|move|p1a: Garganacl|Salt Cure|p2a: Dragapult\n|-damage|p2a: Dragapult|3\/100\n|\n|-damage|p2a: Dragapult|0 fnt|[from] Salt Cure\n|faint|p2a: Dragapult\n|upkeep\n|\n|t:|1700659545\n|switch|p2a: Blissey|Blissey, F|100\/100\n|turn|16\n|\n|t:|1700659556\n|-terastallize|p2a: Blissey|Ghost\n|move|p2a: Blissey|Thunder Wave|p1a: Garganacl\n|-immune|p1a: Garganacl|[from] ability: Purifying Salt\n|move|p1a: Garganacl|Salt Cure|p2a: Blissey\n|-damage|p2a: Blissey|89\/100\n|-start|p2a: Blissey|Salt Cure\n|\n|-damage|p2a: Blissey|76\/100|[from] Salt Cure\n|upkeep\n|turn|17\n|\n|t:|1700659573\n|move|p2a: Blissey|Seismic Toss|p1a: Garganacl\n|-damage|p1a: Garganacl|47\/100\n|move|p1a: Garganacl|Salt Cure|p2a: Blissey\n|-damage|p2a: Blissey|65\/100\n|\n|-damage|p2a: Blissey|52\/100|[from] Salt Cure\n|upkeep\n|turn|18\n|c|\u2606RayX2003|Let's have fun\n|\n|t:|1700659583\n|move|p2a: Blissey|Seismic Toss|p1a: Garganacl\n|-damage|p1a: Garganacl|22\/100\n|move|p1a: Garganacl|Recover|p1a: Garganacl\n|-heal|p1a: Garganacl|72\/100\n|\n|-damage|p2a: Blissey|40\/100|[from] Salt Cure\n|upkeep\n|turn|19\n|\n|t:|1700659595\n|move|p2a: Blissey|Soft-Boiled|p2a: Blissey\n|-heal|p2a: Blissey|90\/100\n|move|p1a: Garganacl|Recover|p1a: Garganacl\n|-heal|p1a: Garganacl|100\/100\n|\n|-damage|p2a: Blissey|78\/100|[from] Salt Cure\n|upkeep\n|turn|20\n|\n|t:|1700659604\n|move|p2a: Blissey|Stealth Rock|p1a: Garganacl\n|-sidestart|p1: mister big cool|move: Stealth Rock\n|move|p1a: Garganacl|Salt Cure|p2a: Blissey\n|-damage|p2a: Blissey|66\/100\n|\n|-damage|p2a: Blissey|54\/100|[from] Salt Cure\n|upkeep\n|turn|21\n|\n|t:|1700659612\n|move|p2a: Blissey|Seismic Toss|p1a: Garganacl\n|-damage|p1a: Garganacl|75\/100\n|move|p1a: Garganacl|Salt Cure|p2a: Blissey\n|-damage|p2a: Blissey|43\/100\n|\n|-damage|p2a: Blissey|30\/100|[from] Salt Cure\n|upkeep\n|turn|22\n|\n|t:|1700659621\n|move|p2a: Blissey|Soft-Boiled|p2a: Blissey\n|-heal|p2a: Blissey|80\/100\n|move|p1a: Garganacl|Salt Cure|p2a: Blissey\n|-damage|p2a: Blissey|69\/100\n|\n|-damage|p2a: Blissey|56\/100|[from] Salt Cure\n|upkeep\n|turn|23\n|\n|t:|1700659631\n|move|p2a: Blissey|Seismic Toss|p1a: Garganacl\n|-damage|p1a: Garganacl|50\/100\n|move|p1a: Garganacl|Salt Cure|p2a: Blissey\n|-damage|p2a: Blissey|45\/100\n|\n|-damage|p2a: Blissey|32\/100|[from] Salt Cure\n|upkeep\n|turn|24\n|\n|t:|1700659641\n|move|p2a: Blissey|Soft-Boiled|p2a: Blissey\n|-heal|p2a: Blissey|82\/100\n|move|p1a: Garganacl|Recover|p1a: Garganacl\n|-heal|p1a: Garganacl|100\/100\n|\n|-damage|p2a: Blissey|70\/100|[from] Salt Cure\n|upkeep\n|turn|25\n|\n|t:|1700659656\n|move|p2a: Blissey|Seismic Toss|p1a: Garganacl\n|-damage|p1a: Garganacl|75\/100\n|move|p1a: Garganacl|Salt Cure|p2a: Blissey\n|-damage|p2a: Blissey|58\/100\n|\n|-damage|p2a: Blissey|46\/100|[from] Salt Cure\n|upkeep\n|turn|26\n|\n|t:|1700659675\n|move|p2a: Blissey|Soft-Boiled|p2a: Blissey\n|-heal|p2a: Blissey|96\/100\n|move|p1a: Garganacl|Salt Cure|p2a: Blissey\n|-damage|p2a: Blissey|85\/100\n|\n|-damage|p2a: Blissey|72\/100|[from] Salt Cure\n|upkeep\n|turn|27\n|\n|t:|1700659694\n|move|p2a: Blissey|Seismic Toss|p1a: Garganacl\n|-damage|p1a: Garganacl|50\/100\n|move|p1a: Garganacl|Salt Cure|p2a: Blissey\n|-damage|p2a: Blissey|59\/100\n|\n|-damage|p2a: Blissey|47\/100|[from] Salt Cure\n|upkeep\n|turn|28\n|inactive|mister big cool has 120 seconds left.\n|\n|t:|1700659722\n|move|p2a: Blissey|Seismic Toss|p1a: Garganacl\n|-damage|p1a: Garganacl|25\/100\n|move|p1a: Garganacl|Recover|p1a: Garganacl\n|-heal|p1a: Garganacl|75\/100\n|\n|-damage|p2a: Blissey|34\/100|[from] Salt Cure\n|upkeep\n|turn|29\n|inactive|mister big cool has 120 seconds left.\n|\n|t:|1700659738\n|move|p2a: Blissey|Soft-Boiled|p2a: Blissey\n|-heal|p2a: Blissey|84\/100\n|move|p1a: Garganacl|Salt Cure|p2a: Blissey\n|-damage|p2a: Blissey|72\/100\n|\n|-damage|p2a: Blissey|59\/100|[from] Salt Cure\n|upkeep\n|turn|30\n|inactive|mister big cool has 120 seconds left.\n|\n|t:|1700659748\n|move|p2a: Blissey|Seismic Toss|p1a: Garganacl\n|-damage|p1a: Garganacl|50\/100\n|move|p1a: Garganacl|Salt Cure|p2a: Blissey\n|-damage|p2a: Blissey|46\/100\n|\n|-damage|p2a: Blissey|34\/100|[from] Salt Cure\n|upkeep\n|turn|31\n|inactive|mister big cool has 120 seconds left.\n|\n|t:|1700659757\n|move|p2a: Blissey|Soft-Boiled|p2a: Blissey\n|-heal|p2a: Blissey|84\/100\n|move|p1a: Garganacl|Recover|p1a: Garganacl\n|-heal|p1a: Garganacl|100\/100\n|\n|-damage|p2a: Blissey|71\/100|[from] Salt Cure\n|upkeep\n|turn|32\n|\n|t:|1700659767\n|move|p2a: Blissey|Seismic Toss|p1a: Garganacl\n|-damage|p1a: Garganacl|75\/100\n|move|p1a: Garganacl|Salt Cure|p2a: Blissey\n|-damage|p2a: Blissey|59\/100\n|\n|-damage|p2a: Blissey|47\/100|[from] Salt Cure\n|upkeep\n|turn|33\n|\n|t:|1700659777\n|move|p2a: Blissey|Soft-Boiled|p2a: Blissey\n|-heal|p2a: Blissey|97\/100\n|move|p1a: Garganacl|Salt Cure|p2a: Blissey\n|-damage|p2a: Blissey|85\/100\n|\n|-damage|p2a: Blissey|72\/100|[from] Salt Cure\n|upkeep\n|turn|34\n|inactive|mister big cool has 120 seconds left.\n|\n|t:|1700659816\n|switch|p1a: Rillaboom|Rillaboom, F|51\/100 par\n|-damage|p1a: Rillaboom|39\/100 par|[from] Stealth Rock\n|-fieldstart|move: Grassy Terrain|[from] ability: Grassy Surge|[of] p1a: Rillaboom\n|move|p2a: Blissey|Seismic Toss|p1a: Rillaboom\n|-damage|p1a: Rillaboom|14\/100 par\n|\n|-heal|p1a: Rillaboom|21\/100 par|[from] Grassy Terrain\n|-heal|p2a: Blissey|79\/100|[from] Grassy Terrain\n|-damage|p2a: Blissey|66\/100|[from] Salt Cure\n|upkeep\n|turn|35\n|\n|t:|1700659835\n|switch|p2a: Zapdos|Zapdos|93\/100\n|move|p1a: Rillaboom|Knock Off|p2a: Zapdos\n|-damage|p2a: Zapdos|72\/100\n|-enditem|p2a: Zapdos|Heavy-Duty Boots|[from] move: Knock Off|[of] p1a: Rillaboom\n|\n|-heal|p1a: Rillaboom|27\/100 par|[from] Grassy Terrain\n|upkeep\n|turn|36\n|inactive|mister big cool has 90 seconds left.\n|\n|t:|1700659851\n|switch|p1a: Jirachi|Jirachi|100\/100\n|-damage|p1a: Jirachi|94\/100|[from] Stealth Rock\n|move|p2a: Zapdos|Hurricane|p1a: Jirachi\n|-resisted|p1a: Jirachi\n|-damage|p1a: Jirachi|79\/100\n|\n|-heal|p1a: Jirachi|85\/100|[from] Grassy Terrain\n|upkeep\n|turn|37\n|inactive|mister big cool has 90 seconds left.\n|\n|t:|1700659871\n|move|p2a: Zapdos|Heat Wave|p1a: Jirachi\n|-supereffective|p1a: Jirachi\n|-damage|p1a: Jirachi|46\/100\n|move|p1a: Jirachi|Stored Power|p2a: Zapdos\n|-damage|p2a: Zapdos|64\/100\n|\n|-heal|p1a: Jirachi|53\/100|[from] Grassy Terrain\n|upkeep\n|turn|38\n|inactive|mister big cool has 90 seconds left.\n|\n|t:|1700659885\n|move|p2a: Zapdos|Heat Wave|p1a: Jirachi\n|-supereffective|p1a: Jirachi\n|-damage|p1a: Jirachi|14\/100\n|-status|p1a: Jirachi|brn\n|-enditem|p1a: Jirachi|Wiki Berry|[eat]\n|-heal|p1a: Jirachi|47\/100 brn|[from] item: Wiki Berry\n|move|p1a: Jirachi|Substitute|p1a: Jirachi\n|-start|p1a: Jirachi|Substitute\n|-damage|p1a: Jirachi|22\/100 brn\n|\n|-heal|p1a: Jirachi|29\/100 brn|[from] Grassy Terrain\n|-damage|p1a: Jirachi|22\/100 brn|[from] brn\n|upkeep\n|turn|39\n|inactive|mister big cool has 90 seconds left.\n|\n|t:|1700659898\n|move|p2a: Zapdos|Heat Wave|p1a: Jirachi\n|-supereffective|p1a: Jirachi\n|-end|p1a: Jirachi|Substitute\n|move|p1a: Jirachi|Cosmic Power|p1a: Jirachi\n|-boost|p1a: Jirachi|def|1\n|-boost|p1a: Jirachi|spd|1\n|\n|-heal|p1a: Jirachi|29\/100 brn|[from] Grassy Terrain\n|-damage|p1a: Jirachi|22\/100 brn|[from] brn\n|upkeep\n|turn|40\n|inactive|mister big cool has 90 seconds left.\n|\n|t:|1700659911\n|move|p2a: Zapdos|Heat Wave|p1a: Jirachi\n|-supereffective|p1a: Jirachi\n|-damage|p1a: Jirachi|0 fnt\n|faint|p1a: Jirachi\n|\n|upkeep\n|\n|t:|1700659928\n|switch|p1a: Garganacl|Garganacl, F, tera:Fairy|75\/100\n|-damage|p1a: Garganacl|63\/100|[from] Stealth Rock\n|turn|41\n|\n|t:|1700659936\n|move|p2a: Zapdos|Volt Switch|p1a: Garganacl\n|-damage|p1a: Garganacl|43\/100\n|\n|t:|1700659939\n|switch|p2a: Kingambit|Kingambit, M|100\/100|[from] Volt Switch\n|-activate|p2a: Kingambit|ability: Supreme Overlord\n|-start|p2a: Kingambit|fallen2|[silent]\n|move|p1a: Garganacl|Salt Cure|p2a: Kingambit\n|-resisted|p2a: Kingambit\n|-damage|p2a: Kingambit|95\/100\n|-start|p2a: Kingambit|Salt Cure\n|\n|-heal|p2a: Kingambit|100\/100|[from] Grassy Terrain\n|-heal|p1a: Garganacl|49\/100|[from] Grassy Terrain\n|-damage|p2a: Kingambit|76\/100|[from] Salt Cure\n|-fieldend|move: Grassy Terrain\n|upkeep\n|turn|42\n|inactive|mister big cool has 90 seconds left.\n|\n|t:|1700659963\n|-end|p2a: Kingambit|fallen2|[silent]\n|switch|p2a: Zapdos|Zapdos|64\/100\n|switch|p1a: Volcanion|Volcanion|100\/100\n|\n|upkeep\n|turn|43\n|\n|t:|1700659988\n|move|p2a: Zapdos|Volt Switch|p1a: Volcanion\n|-supereffective|p1a: Volcanion\n|-damage|p1a: Volcanion|42\/100\n|\n|t:|1700659995\n|switch|p2a: Ogerpon|Ogerpon-Wellspring, F|92\/100|[from] Volt Switch\n|move|p1a: Volcanion|Steam Eruption|p2a: Ogerpon\n|-heal|p2a: Ogerpon|100\/100|[from] ability: Water Absorb|[of] p1a: Volcanion\n|\n|upkeep\n|turn|44\n|\n|t:|1700660010\n|move|p2a: Ogerpon|Power Whip|p1a: Volcanion\n|-damage|p1a: Volcanion|0 fnt\n|faint|p1a: Volcanion\n|\n|upkeep\n|\n|t:|1700660018\n|switch|p1a: Kommo-o|Kommo-o, F|100\/100\n|-damage|p1a: Kommo-o|94\/100|[from] Stealth Rock\n|turn|45\n|\n|t:|1700660027\n|switch|p1a: Rillaboom|Rillaboom, F|27\/100 par\n|-damage|p1a: Rillaboom|14\/100 par|[from] Stealth Rock\n|-fieldstart|move: Grassy Terrain|[from] ability: Grassy Surge|[of] p1a: Rillaboom\n|move|p2a: Ogerpon|U-turn|p1a: Rillaboom\n|-supereffective|p1a: Rillaboom\n|-damage|p1a: Rillaboom|0 fnt\n|faint|p1a: Rillaboom\n|\n|t:|1700660048\n|switch|p2a: Kingambit|Kingambit, M|76\/100|[from] U-turn\n|-activate|p2a: Kingambit|ability: Supreme Overlord\n|-start|p2a: Kingambit|fallen2|[silent]\n|\n|-heal|p2a: Kingambit|82\/100|[from] Grassy Terrain\n|upkeep\n|\n|t:|1700660056\n|switch|p1a: Kommo-o|Kommo-o, F|94\/100\n|-damage|p1a: Kommo-o|88\/100|[from] Stealth Rock\n|turn|46\n|inactive|mister big cool has 90 seconds left.\n|\n|t:|1700660063\n|-end|p2a: Kingambit|fallen2|[silent]\n|switch|p2a: Zapdos|Zapdos|64\/100\n|move|p1a: Kommo-o|Clangorous Soul|p1a: Kommo-o\n|-boost|p1a: Kommo-o|atk|1\n|-boost|p1a: Kommo-o|def|1\n|-boost|p1a: Kommo-o|spa|1\n|-boost|p1a: Kommo-o|spd|1\n|-boost|p1a: Kommo-o|spe|1\n|-damage|p1a: Kommo-o|55\/100\n|\n|-heal|p1a: Kommo-o|61\/100|[from] Grassy Terrain\n|-heal|p1a: Kommo-o|68\/100|[from] item: Leftovers\n|upkeep\n|turn|47\n|inactive|mister big cool has 90 seconds left.\n|\n|t:|1700660081\n|move|p1a: Kommo-o|Clanging Scales|p2a: Zapdos\n|-damage|p2a: Zapdos|0 fnt\n|faint|p2a: Zapdos\n|-unboost|p1a: Kommo-o|def|1\n|\n|-heal|p1a: Kommo-o|74\/100|[from] Grassy Terrain\n|-heal|p1a: Kommo-o|80\/100|[from] item: Leftovers\n|upkeep\n|\n|t:|1700660090\n|switch|p2a: Ogerpon|Ogerpon-Wellspring, F|100\/100\n|turn|48\n|\n|t:|1700660097\n|move|p1a: Kommo-o|Clangorous Soul|p1a: Kommo-o\n|-boost|p1a: Kommo-o|atk|1\n|-boost|p1a: Kommo-o|def|1\n|-boost|p1a: Kommo-o|spa|1\n|-boost|p1a: Kommo-o|spd|1\n|-boost|p1a: Kommo-o|spe|1\n|-damage|p1a: Kommo-o|47\/100\n|move|p2a: Ogerpon|Power Whip|p1a: Kommo-o\n|-resisted|p1a: Kommo-o\n|-damage|p1a: Kommo-o|17\/100\n|\n|-heal|p1a: Kommo-o|23\/100|[from] Grassy Terrain\n|-heal|p1a: Kommo-o|29\/100|[from] item: Leftovers\n|upkeep\n|turn|49\n|inactive|mister big cool has 90 seconds left.\n|\n|t:|1700660113\n|move|p1a: Kommo-o|Clanging Scales|p2a: Ogerpon\n|-damage|p2a: Ogerpon|0 fnt\n|faint|p2a: Ogerpon\n|-unboost|p1a: Kommo-o|def|1\n|\n|-heal|p1a: Kommo-o|36\/100|[from] Grassy Terrain\n|-heal|p1a: Kommo-o|42\/100|[from] item: Leftovers\n|upkeep\n|\n|t:|1700660124\n|switch|p2a: Kingambit|Kingambit, M|82\/100\n|-activate|p2a: Kingambit|ability: Supreme Overlord\n|-start|p2a: Kingambit|fallen4|[silent]\n|turn|50\n|\n|t:|1700660134\n|move|p2a: Kingambit|Sucker Punch|p1a: Kommo-o\n|-resisted|p1a: Kommo-o\n|-damage|p1a: Kommo-o|13\/100\n|move|p1a: Kommo-o|Aura Sphere|p2a: Kingambit\n|-supereffective|p2a: Kingambit\n|-damage|p2a: Kingambit|0 fnt\n|faint|p2a: Kingambit\n|-end|p2a: Kingambit|fallen4|[silent]\n|\n|-heal|p1a: Kommo-o|19\/100|[from] Grassy Terrain\n|-heal|p1a: Kommo-o|25\/100|[from] item: Leftovers\n|upkeep\n|\n|t:|1700660147\n|switch|p2a: Blissey|Blissey, F, tera:Ghost|66\/100\n|turn|51\n|\n|t:|1700660154\n|move|p1a: Kommo-o|Clanging Scales|p2a: Blissey\n|-damage|p2a: Blissey|28\/100\n|-unboost|p1a: Kommo-o|def|1\n|move|p2a: Blissey|Seismic Toss|p1a: Kommo-o\n|-damage|p1a: Kommo-o|0 fnt\n|faint|p1a: Kommo-o\n|\n|-heal|p2a: Blissey|34\/100|[from] Grassy Terrain\n|upkeep\n|\n|t:|1700660170\n|switch|p1a: Weezing|Weezing-Galar, M, shiny|100\/100\n|-ability|p1a: Weezing|Neutralizing Gas\n|-damage|p1a: Weezing|88\/100|[from] Stealth Rock\n|turn|52\n|\n|t:|1700660177\n|move|p1a: Weezing|Toxic|p2a: Blissey\n|-status|p2a: Blissey|tox\n|move|p2a: Blissey|Thunder Wave|p1a: Weezing\n|-status|p1a: Weezing|par\n|\n|-heal|p2a: Blissey|40\/100 tox|[from] Grassy Terrain\n|-heal|p1a: Weezing|94\/100 par|[from] Grassy Terrain\n|-heal|p1a: Weezing|100\/100 par|[from] item: Leftovers\n|-damage|p2a: Blissey|34\/100 tox|[from] psn\n|-fieldend|move: Grassy Terrain\n|upkeep\n|turn|53\n|\n|t:|1700660195\n|move|p2a: Blissey|Seismic Toss|p1a: Weezing\n|-damage|p1a: Weezing|64\/100 par\n|move|p1a: Weezing|Strange Steam|p2a: Blissey\n|-damage|p2a: Blissey|24\/100 tox\n|\n|-heal|p1a: Weezing|70\/100 par|[from] item: Leftovers\n|-damage|p2a: Blissey|11\/100 tox|[from] psn\n|upkeep\n|turn|54\n|inactive|mister big cool has 90 seconds left.\n|inactive|RayX2003 has 120 seconds left.\n|\n|t:|1700660238\n|move|p2a: Blissey|Soft-Boiled|p2a: Blissey\n|-heal|p2a: Blissey|61\/100 tox\n|move|p1a: Weezing|Pain Split|p2a: Blissey\n|-sethp|p2a: Blissey|44\/100 tox|[from] move: Pain Split|[silent]\n|-sethp|p1a: Weezing|100\/100 par|[from] move: Pain Split\n|\n|-damage|p2a: Blissey|26\/100 tox|[from] psn\n|upkeep\n|turn|55\n|inactive|mister big cool has 90 seconds left.\n|\n|t:|1700660249\n|move|p2a: Blissey|Seismic Toss|p1a: Weezing\n|-damage|p1a: Weezing|64\/100 par\n|move|p1a: Weezing|Strange Steam|p2a: Blissey\n|-damage|p2a: Blissey|15\/100 tox\n|\n|-heal|p1a: Weezing|70\/100 par|[from] item: Leftovers\n|-damage|p2a: Blissey|0 fnt|[from] psn\n|faint|p2a: Blissey\n|\n|win|mister big cool\n|upkeep\n|raw|mister big cool's rating: 1235 &rarr; <strong>1262<\/strong><br \/>(+27 for winning)\n|raw|RayX2003's rating: 1261 &rarr; <strong>1234<\/strong><br \/>(-27 for losing)\n|c|\u2606mister big cool|ggs wp\n|l|\u2606RayX2003\n","uploadtime":1700660267,"views":1,"p1id":"misterbigcool","p2id":"rayx2003","formatid":"gen9ou","rating":1234,"private":0,"password":""}