{"id":"gen9ou-1990282321","p1":"WATERTYPE GIY","p2":"eeltwerp","format":"[Gen 9] OU","log":"|j|\u2606WATERTYPE GIY\n|j|\u2606eeltwerp\n|t:|1699950234\n|gametype|singles\n|player|p1|WATERTYPE GIY|riley|1032\n|player|p2|eeltwerp|265|1049\n|teamsize|p1|6\n|teamsize|p2|6\n|gen|9\n|tier|[Gen 9] OU\n|rated|\n|rule|Sleep Clause Mod: Limit one foe put to sleep\n|rule|Species Clause: Limit one of each Pok\u00e9mon\n|rule|OHKO Clause: OHKO moves are banned\n|rule|Evasion Items Clause: Evasion items are banned\n|rule|Evasion Moves Clause: Evasion moves are banned\n|rule|Endless Battle Clause: Forcing endless battles is banned\n|rule|HP Percentage Mod: HP is shown in percentages\n|clearpoke\n|poke|p1|Eiscue, M|\n|poke|p1|Ninetales-Alola, F|\n|poke|p1|Mamoswine, M|\n|poke|p1|Weavile, M|\n|poke|p1|Sandslash-Alola, M|\n|poke|p1|Cetitan, F|\n|poke|p2|Dragapult, M|\n|poke|p2|Heatran, M|\n|poke|p2|Great Tusk|\n|poke|p2|Amoonguss, M|\n|poke|p2|Weavile, M|\n|poke|p2|Enamorus, F|\n|teampreview\n|inactive|Battle timer is ON: inactive players will automatically lose when time's up. (requested by WATERTYPE GIY)\n|\n|t:|1699950249\n|start\n|switch|p1a: does the fox say|Ninetales-Alola, F, shiny|100\/100\n|switch|p2a: Hot Chunk|Heatran, M, shiny|100\/100\n|-weather|Snow|[from] ability: Snow Warning|[of] p1a: does the fox say\n|-item|p2a: Hot Chunk|Air Balloon\n|turn|1\n|\n|t:|1699950262\n|move|p1a: does the fox say|Aurora Veil|p1a: does the fox say\n|-sidestart|p1: WATERTYPE GIY|move: Aurora Veil\n|move|p2a: Hot Chunk|Will-O-Wisp|p1a: does the fox say\n|-status|p1a: does the fox say|brn\n|\n|-weather|Snow|[upkeep]\n|-damage|p1a: does the fox say|94\/100 brn|[from] brn\n|upkeep\n|turn|2\n|\n|t:|1699950273\n|move|p1a: does the fox say|Encore|p2a: Hot Chunk\n|-start|p2a: Hot Chunk|Encore\n|move|p2a: Hot Chunk|Will-O-Wisp|p1a: does the fox say\n|-fail|p1a: does the fox say|brn\n|\n|-weather|Snow|[upkeep]\n|-damage|p1a: does the fox say|88\/100 brn|[from] brn\n|upkeep\n|turn|3\n|\n|t:|1699950283\n|switch|p1a: manny|Mamoswine, M|100\/100\n|move|p2a: Hot Chunk|Will-O-Wisp|p1a: manny\n|-status|p1a: manny|brn\n|\n|-weather|Snow|[upkeep]\n|-damage|p1a: manny|94\/100 brn|[from] brn\n|upkeep\n|turn|4\n|\n|t:|1699950305\n|switch|p2a: Lovetolos|Enamorus, F, shiny|100\/100\n|move|p1a: manny|Rock Slide|p2a: Lovetolos\n|-supereffective|p2a: Lovetolos\n|-damage|p2a: Lovetolos|58\/100\n|\n|-weather|Snow|[upkeep]\n|-heal|p1a: manny|100\/100 brn|[from] item: Leftovers\n|-damage|p1a: manny|94\/100 brn|[from] brn\n|upkeep\n|turn|5\n|\n|t:|1699950321\n|move|p2a: Lovetolos|Calm Mind|p2a: Lovetolos\n|-boost|p2a: Lovetolos|spa|1\n|-boost|p2a: Lovetolos|spd|1\n|move|p1a: manny|Avalanche|p2a: Lovetolos\n|-supereffective|p2a: Lovetolos\n|-damage|p2a: Lovetolos|0 fnt\n|faint|p2a: Lovetolos\n|\n|-weather|Snow|[upkeep]\n|-heal|p1a: manny|100\/100 brn|[from] item: Leftovers\n|-damage|p1a: manny|94\/100 brn|[from] brn\n|-sideend|p1: WATERTYPE GIY|move: Aurora Veil\n|upkeep\n|inactive|eeltwerp has 120 seconds left.\n|\n|t:|1699950349\n|switch|p2a: Dumbo|Great Tusk, shiny|100\/100\n|turn|6\n|\n|t:|1699950355\n|move|p2a: Dumbo|Close Combat|p1a: manny\n|-supereffective|p1a: manny\n|-damage|p1a: manny|2\/100 brn\n|-unboost|p2a: Dumbo|def|1\n|-unboost|p2a: Dumbo|spd|1\n|move|p1a: manny|Avalanche|p2a: Dumbo\n|-supereffective|p2a: Dumbo\n|-damage|p2a: Dumbo|29\/100\n|\n|-weather|Snow|[upkeep]\n|-heal|p2a: Dumbo|35\/100|[from] item: Leftovers\n|-heal|p1a: manny|9\/100 brn|[from] item: Leftovers\n|-damage|p1a: manny|2\/100 brn|[from] brn\n|upkeep\n|turn|7\n|\n|t:|1699950371\n|move|p1a: manny|Ice Shard|p2a: Dumbo\n|-supereffective|p2a: Dumbo\n|-damage|p2a: Dumbo|11\/100\n|move|p2a: Dumbo|Rapid Spin|p1a: manny\n|-damage|p1a: manny|0 fnt\n|-boost|p2a: Dumbo|spe|1\n|faint|p1a: manny\n|\n|-weather|Snow|[upkeep]\n|-heal|p2a: Dumbo|17\/100|[from] item: Leftovers\n|upkeep\n|\n|t:|1699950385\n|switch|p1a: buck|Weavile, M|100\/100\n|-ability|p1a: buck|Pressure\n|turn|8\n|\n|t:|1699950391\n|move|p1a: buck|Fake Out|p2a: Dumbo\n|-damage|p2a: Dumbo|4\/100\n|cant|p2a: Dumbo|flinch\n|\n|-weather|none\n|-heal|p2a: Dumbo|10\/100|[from] item: Leftovers\n|upkeep\n|turn|9\n|inactive|eeltwerp has 120 seconds left.\n|\n|t:|1699950400\n|move|p1a: buck|Ice Shard|p2a: Dumbo\n|-supereffective|p2a: Dumbo\n|-damage|p2a: Dumbo|0 fnt\n|faint|p2a: Dumbo\n|-end|p2a: Dumbo|Protosynthesis|[silent]\n|\n|upkeep\n|inactive|eeltwerp has 120 seconds left.\n|\n|t:|1699950408\n|switch|p2a: Hot Chunk|Heatran, M, shiny|100\/100\n|-item|p2a: Hot Chunk|Air Balloon\n|turn|10\n|\n|t:|1699950416\n|switch|p1a: does the fox say|Ninetales-Alola, F, shiny|88\/100 brn\n|-weather|Snow|[from] ability: Snow Warning|[of] p1a: does the fox say\n|move|p2a: Hot Chunk|Magma Storm|p1a: does the fox say\n|-supereffective|p1a: does the fox say\n|-damage|p1a: does the fox say|0 fnt\n|faint|p1a: does the fox say\n|\n|-weather|Snow|[upkeep]\n|upkeep\n|\n|t:|1699950428\n|switch|p1a: vegeta|Sandslash-Alola, M, shiny|100\/100\n|turn|11\n|\n|t:|1699950436\n|move|p1a: vegeta|Rapid Spin|p2a: Hot Chunk\n|-resisted|p2a: Hot Chunk\n|-crit|p2a: Hot Chunk\n|-damage|p2a: Hot Chunk|90\/100\n|-boost|p1a: vegeta|spe|1\n|-enditem|p2a: Hot Chunk|Air Balloon\n|move|p2a: Hot Chunk|Magma Storm|p1a: vegeta\n|-supereffective|p1a: vegeta\n|-damage|p1a: vegeta|0 fnt\n|faint|p1a: vegeta\n|\n|-weather|Snow|[upkeep]\n|upkeep\n|\n|t:|1699950448\n|switch|p1a: moby|Cetitan, F|100\/100\n|turn|12\n|\n|t:|1699950458\n|switch|p2a: Jonathan Crane|Dragapult, M, shiny|100\/100\n|move|p1a: moby|Earthquake|p2a: Jonathan Crane\n|-damage|p2a: Jonathan Crane|55\/100\n|\n|-weather|Snow|[upkeep]\n|upkeep\n|turn|13\n|\n|t:|1699950469\n|move|p1a: moby|Ice Spinner|p2a: Jonathan Crane\n|-supereffective|p2a: Jonathan Crane\n|-damage|p2a: Jonathan Crane|0 fnt\n|faint|p2a: Jonathan Crane\n|\n|-weather|Snow|[upkeep]\n|upkeep\n|\n|t:|1699950474\n|switch|p2a: TMafia|Weavile, M, shiny|100\/100\n|turn|14\n|\n|t:|1699950481\n|move|p1a: moby|Belly Drum|p1a: moby\n|-damage|p1a: moby|50\/100\n|-setboost|p1a: moby|atk|6|[from] move: Belly Drum\n|move|p2a: TMafia|Knock Off|p1a: moby\n|-damage|p1a: moby|24\/100\n|-enditem|p1a: moby|Heavy-Duty Boots|[from] move: Knock Off|[of] p2a: TMafia\n|\n|-weather|Snow|[upkeep]\n|upkeep\n|turn|15\n|\n|t:|1699950500\n|move|p1a: moby|Play Rough|p2a: TMafia\n|-supereffective|p2a: TMafia\n|-damage|p2a: TMafia|0 fnt\n|faint|p2a: TMafia\n|\n|-weather|Snow|[upkeep]\n|upkeep\n|\n|t:|1699950506\n|switch|p2a: Amanita Phalloides|Amoonguss, M, shiny|100\/100\n|turn|16\n|\n|t:|1699950513\n|move|p1a: moby|Ice Spinner|p2a: Amanita Phalloides\n|-supereffective|p2a: Amanita Phalloides\n|-damage|p2a: Amanita Phalloides|0 fnt\n|faint|p2a: Amanita Phalloides\n|\n|-weather|Snow|[upkeep]\n|upkeep\n|\n|t:|1699950517\n|switch|p2a: Hot Chunk|Heatran, M, shiny|90\/100\n|turn|17\n|\n|t:|1699950522\n|move|p1a: moby|Earthquake|p2a: Hot Chunk\n|-supereffective|p2a: Hot Chunk\n|-damage|p2a: Hot Chunk|0 fnt\n|faint|p2a: Hot Chunk\n|\n|win|WATERTYPE GIY\n|raw|WATERTYPE GIY's rating: 1032 &rarr; <strong>1069<\/strong><br \/>(+37 for winning)\n|raw|eeltwerp's rating: 1049 &rarr; <strong>1031<\/strong><br \/>(-18 for losing)\n|l|\u2606eeltwerp\n","uploadtime":1699950700,"views":9,"p1id":"watertypegiy","p2id":"eeltwerp","formatid":"gen9ou","rating":1031,"private":0,"password":""}