{"id":"gen9ou-1991951225","p1":"dsagdfawefrs","p2":"NightwalkerYt","format":"[Gen 9] OU","log":"|j|\u2606dsagdfawefrs\n|j|\u203dNightwalkerYt\n|t:|1700141802\n|gametype|singles\n|player|p1|dsagdfawefrs|266|1074\n|player|p2|NightwalkerYt|ethan|1107\n|teamsize|p1|6\n|teamsize|p2|6\n|gen|9\n|tier|[Gen 9] OU\n|rated|\n|rule|Sleep Clause Mod: Limit one foe put to sleep\n|rule|Species Clause: Limit one of each Pok\u00e9mon\n|rule|OHKO Clause: OHKO moves are banned\n|rule|Evasion Items Clause: Evasion items are banned\n|rule|Evasion Moves Clause: Evasion moves are banned\n|rule|Endless Battle Clause: Forcing endless battles is banned\n|rule|HP Percentage Mod: HP is shown in percentages\n|clearpoke\n|poke|p1|Manaphy|\n|poke|p1|Cinderace, F|\n|poke|p1|Dragapult, F|\n|poke|p1|Dondozo, M|\n|poke|p1|Iron Valiant|\n|poke|p1|Ting-Lu|\n|poke|p2|Dragapult, F|\n|poke|p2|Enamorus, F|\n|poke|p2|Glimmora, M|\n|poke|p2|Ogerpon-Wellspring, F|\n|poke|p2|Ribombee, F|\n|poke|p2|Dragonite, M|\n|teampreview\n|inactive|Battle timer is ON: inactive players will automatically lose when time's up. (requested by NightwalkerYt)\n|\n|t:|1700141871\n|start\n|switch|p1a: Dragapult|Dragapult, F|100\/100\n|switch|p2a: Glimmora|Glimmora, M|100\/100\n|turn|1\n|\n|t:|1700141885\n|move|p1a: Dragapult|Shadow Ball|p2a: Glimmora\n|-damage|p2a: Glimmora|47\/100\n|move|p2a: Glimmora|Stealth Rock|p1a: Dragapult\n|-sidestart|p1: dsagdfawefrs|move: Stealth Rock\n|\n|upkeep\n|turn|2\n|\n|t:|1700141893\n|move|p1a: Dragapult|Shadow Ball|p2a: Glimmora\n|-damage|p2a: Glimmora|0 fnt\n|faint|p2a: Glimmora\n|\n|upkeep\n|\n|t:|1700141899\n|switch|p2a: Ribombee|Ribombee, F, shiny|100\/100\n|turn|3\n|\n|t:|1700141902\n|-terastallize|p1a: Dragapult|Ghost\n|move|p1a: Dragapult|Shadow Ball|p2a: Ribombee\n|-enditem|p2a: Ribombee|Focus Sash\n|-damage|p2a: Ribombee|1\/100\n|move|p2a: Ribombee|Sticky Web|p1a: Dragapult\n|-sidestart|p1: dsagdfawefrs|move: Sticky Web\n|\n|upkeep\n|turn|4\n|\n|t:|1700141912\n|move|p1a: Dragapult|Shadow Ball|p2a: Ribombee\n|-damage|p2a: Ribombee|0 fnt\n|faint|p2a: Ribombee\n|\n|upkeep\n|\n|t:|1700141928\n|switch|p2a: Dragonite|Dragonite, M, shiny|100\/100\n|turn|5\n|\n|t:|1700141932\n|move|p1a: Dragapult|Shadow Ball|p2a: Dragonite\n|-damage|p2a: Dragonite|69\/100\n|move|p2a: Dragonite|Dragon Claw|p1a: Dragapult\n|-crit|p1a: Dragapult\n|-damage|p1a: Dragapult|23\/100\n|\n|upkeep\n|turn|6\n|\n|t:|1700141940\n|move|p1a: Dragapult|Shadow Ball|p2a: Dragonite\n|-damage|p2a: Dragonite|9\/100\n|move|p2a: Dragonite|Dragon Claw|p1a: Dragapult\n|-damage|p1a: Dragapult|0 fnt\n|faint|p1a: Dragapult\n|\n|upkeep\n|\n|t:|1700141944\n|switch|p1a: Cinderace|Cinderace, F|100\/100\n|turn|7\n|\n|t:|1700141953\n|switch|p2a: Dragapult|Dragapult, F|100\/100\n|move|p1a: Cinderace|Court Change|p1a: Cinderace\n|-start|p1a: Cinderace|typechange|Normal|[from] ability: Libero\n|-swapsideconditions\n|-activate|p1a: Cinderace|move: Court Change\n|\n|upkeep\n|turn|8\n|\n|t:|1700141960\n|switch|p1a: Ting-Lu|Ting-Lu|100\/100\n|-ability|p1a: Ting-Lu|Vessel of Ruin\n|move|p2a: Dragapult|Will-O-Wisp|p1a: Ting-Lu\n|-status|p1a: Ting-Lu|brn\n|\n|-damage|p1a: Ting-Lu|94\/100 brn|[from] brn\n|upkeep\n|turn|9\n|\n|t:|1700141979\n|switch|p2a: Dragonite|Dragonite, M, shiny|9\/100\n|switch|p1a: Cinderace|Cinderace, F|100\/100\n|\n|upkeep\n|turn|10\n|\n|t:|1700141986\n|switch|p2a: Dragapult|Dragapult, F|100\/100\n|-damage|p2a: Dragapult|88\/100|[from] Stealth Rock\n|-activate|p2a: Dragapult|move: Sticky Web\n|-unboost|p2a: Dragapult|spe|1\n|move|p1a: Cinderace|Pyro Ball|p2a: Dragapult\n|-resisted|p2a: Dragapult\n|-damage|p2a: Dragapult|49\/100\n|\n|upkeep\n|turn|11\n|\n|t:|1700141996\n|move|p1a: Cinderace|U-turn|p2a: Dragapult\n|-start|p1a: Cinderace|typechange|Bug|[from] ability: Libero\n|-resisted|p2a: Dragapult\n|-damage|p2a: Dragapult|26\/100\n|\n|t:|1700142004\n|switch|p1a: Ting-Lu|Ting-Lu|94\/100 brn|[from] U-turn\n|-ability|p1a: Ting-Lu|Vessel of Ruin\n|move|p2a: Dragapult|Draco Meteor|p1a: Ting-Lu\n|-damage|p1a: Ting-Lu|59\/100 brn\n|-unboost|p2a: Dragapult|spa|2\n|\n|-heal|p1a: Ting-Lu|65\/100 brn|[from] item: Leftovers\n|-damage|p1a: Ting-Lu|59\/100 brn|[from] brn\n|upkeep\n|turn|12\n|\n|t:|1700142015\n|switch|p2a: Dragonite|Dragonite, M, shiny|9\/100\n|switch|p1a: Iron Valiant|Iron Valiant|100\/100\n|\n|upkeep\n|turn|13\n|\n|t:|1700142024\n|move|p1a: Iron Valiant|Moonblast|p2a: Dragonite\n|-supereffective|p2a: Dragonite\n|-damage|p2a: Dragonite|0 fnt\n|faint|p2a: Dragonite\n|\n|upkeep\n|\n|t:|1700142029\n|switch|p2a: Enamorus|Enamorus, F|100\/100\n|-damage|p2a: Enamorus|76\/100|[from] Stealth Rock\n|turn|14\n|\n|t:|1700142053\n|-end|p1a: Iron Valiant|Quark Drive|[silent]\n|switch|p1a: Ting-Lu|Ting-Lu|59\/100 brn\n|-ability|p1a: Ting-Lu|Vessel of Ruin\n|-terastallize|p2a: Enamorus|Steel\n|move|p2a: Enamorus|Iron Head|p1a: Ting-Lu\n|-damage|p1a: Ting-Lu|40\/100 brn\n|\n|-heal|p2a: Enamorus|82\/100|[from] item: Leftovers\n|-heal|p1a: Ting-Lu|46\/100 brn|[from] item: Leftovers\n|-damage|p1a: Ting-Lu|40\/100 brn|[from] brn\n|upkeep\n|turn|15\n|\n|t:|1700142064\n|move|p2a: Enamorus|Superpower|p1a: Ting-Lu\n|-supereffective|p1a: Ting-Lu\n|-damage|p1a: Ting-Lu|1\/100 brn\n|-boost|p2a: Enamorus|atk|1\n|-boost|p2a: Enamorus|def|1\n|move|p1a: Ting-Lu|Earthquake|p2a: Enamorus\n|-supereffective|p2a: Enamorus\n|-crit|p2a: Enamorus\n|-damage|p2a: Enamorus|0 fnt\n|faint|p2a: Enamorus\n|\n|-heal|p1a: Ting-Lu|7\/100 brn|[from] item: Leftovers\n|-damage|p1a: Ting-Lu|1\/100 brn|[from] brn\n|upkeep\n|\n|t:|1700142077\n|switch|p2a: Dragapult|Dragapult, F|26\/100\n|-damage|p2a: Dragapult|14\/100|[from] Stealth Rock\n|-activate|p2a: Dragapult|move: Sticky Web\n|-unboost|p2a: Dragapult|spe|1\n|turn|16\n|\n|t:|1700142087\n|move|p2a: Dragapult|Hex|p1a: Ting-Lu\n|-resisted|p1a: Ting-Lu\n|-damage|p1a: Ting-Lu|0 fnt\n|faint|p1a: Ting-Lu\n|\n|upkeep\n|\n|t:|1700142116\n|switch|p1a: Cinderace|Cinderace, F|100\/100\n|turn|17\n|\n|t:|1700142137\n|move|p1a: Cinderace|Gunk Shot|p2a: Dragapult|[miss]\n|-start|p1a: Cinderace|typechange|Poison|[from] ability: Libero\n|-miss|p1a: Cinderace|p2a: Dragapult\n|move|p2a: Dragapult|Hex|p1a: Cinderace\n|-damage|p1a: Cinderace|42\/100\n|\n|upkeep\n|turn|18\n|\n|t:|1700142144\n|move|p1a: Cinderace|Gunk Shot|p2a: Dragapult\n|-resisted|p2a: Dragapult\n|-damage|p2a: Dragapult|0 fnt\n|faint|p2a: Dragapult\n|\n|upkeep\n|\n|t:|1700142150\n|switch|p2a: Ogerpon|Ogerpon-Wellspring, F|100\/100\n|-damage|p2a: Ogerpon|88\/100|[from] Stealth Rock\n|-activate|p2a: Ogerpon|move: Sticky Web\n|-unboost|p2a: Ogerpon|spe|1\n|turn|19\n|\n|t:|1700142157\n|move|p1a: Cinderace|Gunk Shot|p2a: Ogerpon|[miss]\n|-miss|p1a: Cinderace|p2a: Ogerpon\n|move|p2a: Ogerpon|Ivy Cudgel|p1a: Cinderace|[anim] Ivy Cudgel Water\n|-damage|p1a: Cinderace|0 fnt\n|faint|p1a: Cinderace\n|\n|upkeep\n|\n|t:|1700142164\n|switch|p1a: Iron Valiant|Iron Valiant|100\/100\n|turn|20\n|\n|t:|1700142173\n|move|p1a: Iron Valiant|Trick||[still]\n|-fail|p1a: Iron Valiant\n|move|p2a: Ogerpon|Horn Leech|p1a: Iron Valiant\n|-damage|p1a: Iron Valiant|42\/100\n|-heal|p2a: Ogerpon|100\/100|[from] drain|[of] p1a: Iron Valiant\n|\n|upkeep\n|turn|21\n|\n|t:|1700142181\n|-end|p1a: Iron Valiant|Quark Drive|[silent]\n|switch|p1a: Manaphy|Manaphy|100\/100\n|move|p2a: Ogerpon|Horn Leech|p1a: Manaphy\n|-supereffective|p1a: Manaphy\n|-damage|p1a: Manaphy|8\/100\n|\n|-heal|p1a: Manaphy|15\/100|[from] item: Leftovers\n|upkeep\n|turn|22\n|\n|t:|1700142191\n|move|p1a: Manaphy|Surf|p2a: Ogerpon\n|-immune|p2a: Ogerpon|[from] ability: Water Absorb\n|move|p2a: Ogerpon|Horn Leech|p1a: Manaphy\n|-supereffective|p1a: Manaphy\n|-damage|p1a: Manaphy|0 fnt\n|faint|p1a: Manaphy\n|\n|upkeep\n|\n|t:|1700142195\n|switch|p1a: Dondozo|Dondozo, M|100\/100\n|turn|23\n|\n|t:|1700142202\n|move|p2a: Ogerpon|Horn Leech|p1a: Dondozo\n|-supereffective|p1a: Dondozo\n|-damage|p1a: Dondozo|43\/100\n|move|p1a: Dondozo|Curse|p1a: Dondozo\n|-unboost|p1a: Dondozo|spe|1\n|-boost|p1a: Dondozo|atk|1\n|-boost|p1a: Dondozo|def|1\n|\n|-heal|p1a: Dondozo|50\/100|[from] item: Leftovers\n|upkeep\n|turn|24\n|\n|t:|1700142211\n|move|p1a: Dondozo|Protect|p1a: Dondozo\n|-singleturn|p1a: Dondozo|Protect\n|move|p2a: Ogerpon|Horn Leech|p1a: Dondozo\n|-activate|p1a: Dondozo|move: Protect\n|\n|-heal|p1a: Dondozo|56\/100|[from] item: Leftovers\n|upkeep\n|turn|25\n|\n|t:|1700142218\n|move|p2a: Ogerpon|Horn Leech|p1a: Dondozo\n|-supereffective|p1a: Dondozo\n|-damage|p1a: Dondozo|18\/100\n|move|p1a: Dondozo|Curse|p1a: Dondozo\n|-unboost|p1a: Dondozo|spe|1\n|-boost|p1a: Dondozo|atk|1\n|-boost|p1a: Dondozo|def|1\n|\n|-heal|p1a: Dondozo|25\/100|[from] item: Leftovers\n|upkeep\n|turn|26\n|\n|t:|1700142227\n|move|p1a: Dondozo|Protect|p1a: Dondozo\n|-singleturn|p1a: Dondozo|Protect\n|move|p2a: Ogerpon|Horn Leech|p1a: Dondozo\n|-activate|p1a: Dondozo|move: Protect\n|\n|-heal|p1a: Dondozo|31\/100|[from] item: Leftovers\n|upkeep\n|turn|27\n|\n|t:|1700142234\n|move|p2a: Ogerpon|Horn Leech|p1a: Dondozo\n|-supereffective|p1a: Dondozo\n|-damage|p1a: Dondozo|6\/100\n|move|p1a: Dondozo|Body Press|p2a: Ogerpon\n|-damage|p2a: Ogerpon|50\/100\n|\n|-heal|p1a: Dondozo|12\/100|[from] item: Leftovers\n|upkeep\n|turn|28\n|\n|t:|1700142241\n|move|p2a: Ogerpon|Horn Leech|p1a: Dondozo\n|-supereffective|p1a: Dondozo\n|-damage|p1a: Dondozo|0 fnt\n|-heal|p2a: Ogerpon|59\/100|[from] drain|[of] p1a: Dondozo\n|faint|p1a: Dondozo\n|\n|upkeep\n|\n|t:|1700142243\n|switch|p1a: Iron Valiant|Iron Valiant|42\/100\n|turn|29\n|\n|t:|1700142248\n|move|p1a: Iron Valiant|Moonblast|p2a: Ogerpon\n|-damage|p2a: Ogerpon|1\/100\n|move|p2a: Ogerpon|Horn Leech|p1a: Iron Valiant\n|-damage|p1a: Iron Valiant|0 fnt\n|-heal|p2a: Ogerpon|21\/100|[from] drain|[of] p1a: Iron Valiant\n|faint|p1a: Iron Valiant\n|-end|p1a: Iron Valiant|Quark Drive|[silent]\n|\n|win|NightwalkerYt\n|raw|dsagdfawefrs's rating: 1074 &rarr; <strong>1055<\/strong><br \/>(-19 for losing)\n|raw|NightwalkerYt's rating: 1107 &rarr; <strong>1130<\/strong><br \/>(+23 for winning)\n|l|\u2606dsagdfawefrs\n","uploadtime":1700142277,"views":31,"p1id":"dsagdfawefrs","p2id":"nightwalkeryt","formatid":"gen9ou","rating":1055,"private":0,"password":""}