{"id":"gen9ou-1989677151","p1":"littensalt","p2":"FoilFred","format":"[Gen 9] OU","log":"|j|\u2606littensalt\n|j|\u2606FoilFred\n|t:|1699885943\n|gametype|singles\n|player|p1|littensalt|calem|1353\n|player|p2|FoilFred|gambler|1324\n|teamsize|p1|6\n|teamsize|p2|6\n|gen|9\n|tier|[Gen 9] OU\n|rated|\n|rule|Sleep Clause Mod: Limit one foe put to sleep\n|rule|Species Clause: Limit one of each Pok\u00e9mon\n|rule|OHKO Clause: OHKO moves are banned\n|rule|Evasion Items Clause: Evasion items are banned\n|rule|Evasion Moves Clause: Evasion moves are banned\n|rule|Endless Battle Clause: Forcing endless battles is banned\n|rule|HP Percentage Mod: HP is shown in percentages\n|clearpoke\n|poke|p1|Thundurus-Therian, M|\n|poke|p1|Weezing-Galar, F|\n|poke|p1|Cinderace, F|\n|poke|p1|Dragapult, M|\n|poke|p1|Greninja-*, M|\n|poke|p1|Zamazenta-*|\n|poke|p2|Chesnaught, M|\n|poke|p2|Ninetales-Alola, F|\n|poke|p2|Clefable, F|\n|poke|p2|Great Tusk|\n|poke|p2|Heatran, F|\n|poke|p2|Ceruledge, F|\n|teampreview\n|\n|t:|1699885966\n|start\n|switch|p1a: FRANCHISE|Cinderace, F|100\/100\n|switch|p2a: Ninetales|Ninetales-Alola, F, shiny|100\/100\n|-weather|Snow|[from] ability: Snow Warning|[of] p2a: Ninetales\n|turn|1\n|inactive|Battle timer is ON: inactive players will automatically lose when time's up. (requested by littensalt)\n|\n|t:|1699885971\n|switch|p2a: Heatran|Heatran, F, shiny|100\/100\n|-item|p2a: Heatran|Air Balloon\n|move|p1a: FRANCHISE|Pyro Ball|p2a: Heatran\n|-start|p2a: Heatran|ability: Flash Fire\n|\n|-weather|Snow|[upkeep]\n|upkeep\n|turn|2\n|\n|t:|1699885975\n|move|p1a: FRANCHISE|U-turn|p2a: Heatran\n|-start|p1a: FRANCHISE|typechange|Bug|[from] ability: Libero\n|-resisted|p2a: Heatran\n|-damage|p2a: Heatran|93\/100\n|-enditem|p2a: Heatran|Air Balloon\n|\n|t:|1699885998\n|switch|p1a: N95|Greninja, M|100\/100|[from] U-turn\n|move|p2a: Heatran|Magma Storm|p1a: N95\n|-resisted|p1a: N95\n|-damage|p1a: N95|33\/100\n|-activate|p1a: N95|move: Magma Storm|[of] p2a: Heatran\n|\n|-weather|Snow|[upkeep]\n|-damage|p1a: N95|20\/100|[from] move: Magma Storm|[partiallytrapped]\n|upkeep\n|turn|3\n|\n|t:|1699886010\n|-end|p2a: Heatran|ability: Flash Fire|[silent]\n|switch|p2a: Clefable|Clefable, F, shiny|100\/100\n|move|p1a: N95|Hydro Pump|p2a: Clefable\n|-damage|p2a: Clefable|45\/100\n|-damage|p1a: N95|11\/100|[from] item: Life Orb\n|\n|-weather|Snow|[upkeep]\n|-end|p1a: N95|Magma Storm|[partiallytrapped]|[silent]\n|upkeep\n|turn|4\n|\n|t:|1699886016\n|move|p1a: N95|Hydro Pump|p2a: Clefable\n|-damage|p2a: Clefable|0 fnt\n|faint|p2a: Clefable\n|-ability|p1a: N95|Battle Bond|boost\n|-boost|p1a: N95|atk|1\n|-boost|p1a: N95|spa|1\n|-boost|p1a: N95|spe|1\n|-activate|p1a: N95|ability: Battle Bond\n|-damage|p1a: N95|1\/100|[from] item: Life Orb\n|\n|-weather|Snow|[upkeep]\n|upkeep\n|\n|t:|1699886032\n|switch|p2a: Chesnaught|Chesnaught, M, shiny|100\/100\n|turn|5\n|\n|t:|1699886037\n|switch|p2a: Ninetales|Ninetales-Alola, F, shiny|100\/100\n|move|p1a: N95|Hydro Pump|p2a: Ninetales\n|-damage|p2a: Ninetales|0 fnt\n|faint|p2a: Ninetales\n|-damage|p1a: N95|0 fnt|[from] item: Life Orb\n|faint|p1a: N95\n|\n|-weather|none\n|upkeep\n|\n|t:|1699886049\n|switch|p1a: Thundurus|Thundurus-Therian, M, shiny|100\/100\n|switch|p2a: Ceruledge|Ceruledge, F|100\/100\n|turn|6\n|\n|t:|1699886057\n|move|p1a: Thundurus|Volt Switch|p2a: Ceruledge\n|-damage|p2a: Ceruledge|27\/100\n|\n|t:|1699886066\n|switch|p1a: Zamazenta|Zamazenta|100\/100|[from] Volt Switch\n|-ability|p1a: Zamazenta|Dauntless Shield|boost\n|-boost|p1a: Zamazenta|def|1\n|move|p2a: Ceruledge|Bitter Blade|p1a: Zamazenta\n|-damage|p1a: Zamazenta|79\/100\n|-heal|p2a: Ceruledge|41\/100|[from] drain|[of] p1a: Zamazenta\n|\n|-heal|p1a: Zamazenta|86\/100|[from] item: Leftovers\n|upkeep\n|turn|7\n|\n|t:|1699886080\n|move|p1a: Zamazenta|Iron Defense|p1a: Zamazenta\n|-boost|p1a: Zamazenta|def|2\n|move|p2a: Ceruledge|Bitter Blade|p1a: Zamazenta\n|-damage|p1a: Zamazenta|72\/100\n|-heal|p2a: Ceruledge|51\/100|[from] drain|[of] p1a: Zamazenta\n|\n|-heal|p1a: Zamazenta|78\/100|[from] item: Leftovers\n|upkeep\n|turn|8\n|-message|FoilFred forfeited.\n|\n|win|littensalt\n|raw|littensalt's rating: 1353 &rarr; <strong>1371<\/strong><br \/>(+18 for winning)\n|raw|FoilFred's rating: 1324 &rarr; <strong>1306<\/strong><br \/>(-18 for losing)\n|l|\u2606FoilFred\n","uploadtime":1699886090,"views":6,"p1id":"littensalt","p2id":"foilfred","formatid":"gen9ou","rating":1306,"private":0,"password":""}