{"id":"gen9ou-1992998095","p1":"z0mbiej0sh","p2":"TheZalmancer","format":"[Gen 9] OU","log":"|j|\u2606z0mbiej0sh\n|j|\u2606TheZalmancer\n|t:|1700254014\n|gametype|singles\n|player|p1|z0mbiej0sh|101|1197\n|player|p2|TheZalmancer|skyla|1202\n|teamsize|p1|6\n|teamsize|p2|6\n|gen|9\n|tier|[Gen 9] OU\n|rated|\n|rule|Sleep Clause Mod: Limit one foe put to sleep\n|rule|Species Clause: Limit one of each Pok\u00e9mon\n|rule|OHKO Clause: OHKO moves are banned\n|rule|Evasion Items Clause: Evasion items are banned\n|rule|Evasion Moves Clause: Evasion moves are banned\n|rule|Endless Battle Clause: Forcing endless battles is banned\n|rule|HP Percentage Mod: HP is shown in percentages\n|clearpoke\n|poke|p1|Gyarados, M|\n|poke|p1|Garchomp, M|\n|poke|p1|Spidops, M|\n|poke|p1|Cloyster, F|\n|poke|p1|Glimmora, F|\n|poke|p1|Heatran, M|\n|poke|p2|Okidogi, M|\n|poke|p2|Ninetales-Alola, F|\n|poke|p2|Corviknight, F|\n|poke|p2|Manaphy|\n|poke|p2|Kingambit, M|\n|poke|p2|Ditto|\n|teampreview\n|\n|t:|1700254026\n|start\n|switch|p1a: Heatran|Heatran, M|100\/100\n|switch|p2a: Corviknight|Corviknight, F, shiny|100\/100\n|turn|1\n|inactive|Battle timer is ON: inactive players will automatically lose when time's up. (requested by z0mbiej0sh)\n|\n|t:|1700254052\n|move|p1a: Heatran|Magma Storm|p2a: Corviknight\n|-supereffective|p2a: Corviknight\n|-damage|p2a: Corviknight|28\/100\n|-activate|p2a: Corviknight|move: Magma Storm|[of] p1a: Heatran\n|move|p2a: Corviknight|U-turn|p1a: Heatran\n|-resisted|p1a: Heatran\n|-damage|p1a: Heatran|98\/100\n|\n|t:|1700254059\n|switch|p2a: Ninetales|Ninetales-Alola, F, shiny|100\/100|[from] U-turn\n|-weather|Snow|[from] ability: Snow Warning|[of] p2a: Ninetales\n|\n|-weather|Snow|[upkeep]\n|-heal|p1a: Heatran|100\/100|[from] item: Leftovers\n|upkeep\n|turn|2\n|\n|t:|1700254070\n|move|p2a: Ninetales|Hypnosis|p1a: Heatran|[miss]\n|-miss|p2a: Ninetales|p1a: Heatran\n|move|p1a: Heatran|Magma Storm|p2a: Ninetales|[miss]\n|-miss|p1a: Heatran|p2a: Ninetales\n|\n|-weather|Snow|[upkeep]\n|upkeep\n|turn|3\n|\n|t:|1700254079\n|move|p2a: Ninetales|Aurora Veil|p2a: Ninetales\n|-sidestart|p2: TheZalmancer|move: Aurora Veil\n|move|p1a: Heatran|Magma Storm|p2a: Ninetales\n|-supereffective|p2a: Ninetales\n|-damage|p2a: Ninetales|61\/100\n|-activate|p2a: Ninetales|move: Magma Storm|[of] p1a: Heatran\n|\n|-weather|Snow|[upkeep]\n|-damage|p2a: Ninetales|48\/100|[from] move: Magma Storm|[partiallytrapped]\n|upkeep\n|turn|4\n|\n|t:|1700254094\n|move|p2a: Ninetales|Hypnosis|p1a: Heatran\n|-status|p1a: Heatran|slp|[from] move: Hypnosis\n|cant|p1a: Heatran|slp\n|\n|-weather|Snow|[upkeep]\n|-damage|p2a: Ninetales|36\/100|[from] move: Magma Storm|[partiallytrapped]\n|upkeep\n|turn|5\n|\n|t:|1700254111\n|-curestatus|p1a: Heatran|slp|[msg]\n|move|p1a: Heatran|Protect|p1a: Heatran\n|-singleturn|p1a: Heatran|Protect\n|move|p2a: Ninetales|Aurora Veil||[still]\n|-fail|p2a: Ninetales\n|\n|-weather|none\n|-damage|p2a: Ninetales|24\/100|[from] move: Magma Storm|[partiallytrapped]\n|upkeep\n|turn|6\n|\n|t:|1700254126\n|move|p2a: Ninetales|Hypnosis|p1a: Heatran|[miss]\n|-miss|p2a: Ninetales|p1a: Heatran\n|move|p1a: Heatran|Magma Storm|p2a: Ninetales\n|-supereffective|p2a: Ninetales\n|-damage|p2a: Ninetales|0 fnt\n|faint|p2a: Ninetales\n|\n|upkeep\n|\n|t:|1700254135\n|switch|p2a: Manaphy|Manaphy|100\/100\n|turn|7\n|\n|t:|1700254148\n|-terastallize|p1a: Heatran|Grass\n|move|p2a: Manaphy|Tail Glow|p2a: Manaphy\n|-boost|p2a: Manaphy|spa|3\n|move|p1a: Heatran|Magma Storm|p2a: Manaphy\n|-resisted|p2a: Manaphy\n|-damage|p2a: Manaphy|90\/100\n|-activate|p2a: Manaphy|move: Magma Storm|[of] p1a: Heatran\n|\n|-heal|p2a: Manaphy|96\/100|[from] item: Leftovers\n|-damage|p2a: Manaphy|84\/100|[from] move: Magma Storm|[partiallytrapped]\n|upkeep\n|turn|8\n|\n|t:|1700254160\n|move|p2a: Manaphy|Dazzling Gleam|p1a: Heatran\n|-damage|p1a: Heatran|65\/100\n|move|p1a: Heatran|Stealth Rock|p2a: Manaphy\n|-sidestart|p2: TheZalmancer|move: Stealth Rock\n|\n|-heal|p2a: Manaphy|90\/100|[from] item: Leftovers\n|-heal|p1a: Heatran|71\/100|[from] item: Leftovers\n|-damage|p2a: Manaphy|78\/100|[from] move: Magma Storm|[partiallytrapped]\n|upkeep\n|turn|9\n|\n|t:|1700254174\n|move|p1a: Heatran|Protect|p1a: Heatran\n|-singleturn|p1a: Heatran|Protect\n|move|p2a: Manaphy|Tail Glow|p2a: Manaphy\n|-boost|p2a: Manaphy|spa|3\n|\n|-heal|p2a: Manaphy|84\/100|[from] item: Leftovers\n|-heal|p1a: Heatran|78\/100|[from] item: Leftovers\n|-damage|p2a: Manaphy|72\/100|[from] move: Magma Storm|[partiallytrapped]\n|upkeep\n|turn|10\n|\n|t:|1700254191\n|switch|p1a: Garchomp|Garchomp, M|100\/100\n|-terastallize|p2a: Manaphy|Fairy\n|move|p2a: Manaphy|Dazzling Gleam|p1a: Garchomp\n|-supereffective|p1a: Garchomp\n|-damage|p1a: Garchomp|0 fnt\n|faint|p1a: Garchomp\n|\n|-heal|p2a: Manaphy|78\/100|[from] item: Leftovers\n|-end|p2a: Manaphy|Magma Storm|[partiallytrapped]|[silent]\n|-sideend|p2: TheZalmancer|move: Aurora Veil\n|upkeep\n|\n|t:|1700254211\n|switch|p1a: Spidops|Spidops, M|100\/100\n|turn|11\n|\n|t:|1700254217\n|move|p2a: Manaphy|Dazzling Gleam|p1a: Spidops\n|-enditem|p1a: Spidops|Focus Sash\n|-damage|p1a: Spidops|1\/100\n|move|p1a: Spidops|Circle Throw|p2a: Manaphy\n|-resisted|p2a: Manaphy\n|-damage|p2a: Manaphy|70\/100\n|drag|p2a: Ditto|Ditto, shiny|100\/100\n|-damage|p2a: Ditto|88\/100|[from] Stealth Rock\n|-transform|p2a: Ditto|p1a: Spidops|[from] ability: Imposter\n|\n|upkeep\n|turn|12\n|\n|t:|1700254229\n|move|p2a: Ditto|First Impression|p1a: Spidops\n|-damage|p1a: Spidops|0 fnt\n|faint|p1a: Spidops\n|\n|upkeep\n|\n|t:|1700254237\n|switch|p1a: Glimmora|Glimmora, F|100\/100\n|turn|13\n|\n|t:|1700254247\n|switch|p2a: Corviknight|Corviknight, F, shiny|28\/100\n|move|p1a: Glimmora|Mortal Spin|p2a: Corviknight\n|-immune|p2a: Corviknight\n|\n|upkeep\n|turn|14\n|\n|t:|1700254258\n|switch|p1a: Heatran|Heatran, M, tera:Grass|78\/100\n|move|p2a: Corviknight|Defog|p1a: Heatran\n|-unboost|p1a: Heatran|evasion|1\n|-sideend|p2: TheZalmancer|Stealth Rock|[from] move: Defog|[of] p2a: Corviknight\n|\n|-heal|p1a: Heatran|84\/100|[from] item: Leftovers\n|upkeep\n|turn|15\n|\n|t:|1700254269\n|move|p1a: Heatran|Magma Storm|p2a: Corviknight\n|-supereffective|p2a: Corviknight\n|-damage|p2a: Corviknight|0 fnt\n|faint|p2a: Corviknight\n|\n|-heal|p1a: Heatran|90\/100|[from] item: Leftovers\n|upkeep\n|\n|t:|1700254283\n|switch|p2a: Okidogi|Okidogi, M|100\/100\n|turn|16\n|\n|t:|1700254289\n|switch|p1a: Glimmora|Glimmora, F|100\/100\n|move|p2a: Okidogi|Bulk Up|p2a: Okidogi\n|-boost|p2a: Okidogi|atk|1\n|-boost|p2a: Okidogi|def|1\n|\n|upkeep\n|turn|17\n|\n|t:|1700254298\n|move|p1a: Glimmora|Earth Power|p2a: Okidogi\n|-supereffective|p2a: Okidogi\n|-damage|p2a: Okidogi|36\/100\n|move|p2a: Okidogi|Bulk Up|p2a: Okidogi\n|-boost|p2a: Okidogi|atk|1\n|-boost|p2a: Okidogi|def|1\n|\n|-heal|p2a: Okidogi|43\/100|[from] item: Leftovers\n|upkeep\n|turn|18\n|\n|t:|1700254312\n|switch|p2a: Kingambit|Kingambit, M|100\/100\n|-activate|p2a: Kingambit|ability: Supreme Overlord\n|-start|p2a: Kingambit|fallen2|[silent]\n|-item|p2a: Kingambit|Air Balloon\n|move|p1a: Glimmora|Earth Power|p2a: Kingambit\n|-immune|p2a: Kingambit\n|\n|upkeep\n|turn|19\n|\n|t:|1700254325\n|move|p1a: Glimmora|Energy Ball|p2a: Kingambit\n|-resisted|p2a: Kingambit\n|-damage|p2a: Kingambit|83\/100\n|-enditem|p2a: Kingambit|Air Balloon\n|move|p2a: Kingambit|Swords Dance|p2a: Kingambit\n|-boost|p2a: Kingambit|atk|2\n|\n|upkeep\n|turn|20\n|\n|t:|1700254333\n|move|p2a: Kingambit|Sucker Punch|p1a: Glimmora\n|-enditem|p1a: Glimmora|Focus Sash\n|-damage|p1a: Glimmora|1\/100\n|-activate|p1a: Glimmora|ability: Toxic Debris\n|-sidestart|p2: TheZalmancer|move: Toxic Spikes\n|move|p1a: Glimmora|Earth Power|p2a: Kingambit\n|-supereffective|p2a: Kingambit\n|-damage|p2a: Kingambit|16\/100\n|-unboost|p2a: Kingambit|spd|1\n|\n|upkeep\n|turn|21\n|\n|t:|1700254348\n|move|p2a: Kingambit|Sucker Punch||[still]\n|-fail|p2a: Kingambit\n|move|p1a: Glimmora|Stealth Rock|p2a: Kingambit\n|-sidestart|p2: TheZalmancer|move: Stealth Rock\n|\n|upkeep\n|turn|22\n|\n|t:|1700254358\n|move|p1a: Glimmora|Stealth Rock||[still]\n|-fail|p1a: Glimmora\n|move|p2a: Kingambit|Iron Head|p1a: Glimmora\n|-supereffective|p1a: Glimmora\n|-damage|p1a: Glimmora|0 fnt\n|-activate|p1a: Glimmora|ability: Toxic Debris\n|-sidestart|p2: TheZalmancer|move: Toxic Spikes\n|faint|p1a: Glimmora\n|\n|upkeep\n|\n|t:|1700254379\n|switch|p1a: Cloyster|Cloyster, F|100\/100\n|turn|23\n|\n|t:|1700254385\n|move|p2a: Kingambit|Sucker Punch|p1a: Cloyster\n|-damage|p1a: Cloyster|19\/100\n|move|p1a: Cloyster|Icicle Spear|p2a: Kingambit\n|-resisted|p2a: Kingambit\n|-damage|p2a: Kingambit|11\/100\n|-resisted|p2a: Kingambit\n|-damage|p2a: Kingambit|6\/100\n|-resisted|p2a: Kingambit\n|-damage|p2a: Kingambit|1\/100\n|-resisted|p2a: Kingambit\n|-damage|p2a: Kingambit|0 fnt\n|faint|p2a: Kingambit\n|-end|p2a: Kingambit|fallen2|[silent]\n|-hitcount|p2: Kingambit|4\n|\n|upkeep\n|\n|t:|1700254409\n|switch|p2a: Ditto|Ditto, shiny|88\/100\n|-status|p2a: Ditto|tox\n|-damage|p2a: Ditto|76\/100 tox|[from] Stealth Rock\n|-transform|p2a: Ditto|p1a: Cloyster|[from] ability: Imposter\n|turn|24\n|\n|t:|1700254425\n|switch|p1a: Heatran|Heatran, M, tera:Grass|90\/100\n|move|p2a: Ditto|Icicle Spear|p1a: Heatran\n|-supereffective|p1a: Heatran\n|-damage|p1a: Heatran|70\/100\n|-supereffective|p1a: Heatran\n|-damage|p1a: Heatran|51\/100\n|-supereffective|p1a: Heatran\n|-damage|p1a: Heatran|30\/100\n|-supereffective|p1a: Heatran\n|-damage|p1a: Heatran|11\/100\n|-supereffective|p1a: Heatran\n|-damage|p1a: Heatran|0 fnt\n|faint|p1a: Heatran\n|-hitcount|p1: Heatran|5\n|\n|-damage|p2a: Ditto|70\/100 tox|[from] psn\n|upkeep\n|\n|t:|1700254440\n|switch|p1a: Cloyster|Cloyster, F|19\/100\n|turn|25\n|\n|t:|1700254451\n|move|p2a: Ditto|Icicle Spear|p1a: Cloyster\n|-resisted|p1a: Cloyster\n|-damage|p1a: Cloyster|17\/100\n|-resisted|p1a: Cloyster\n|-damage|p1a: Cloyster|15\/100\n|-resisted|p1a: Cloyster\n|-damage|p1a: Cloyster|12\/100\n|-resisted|p1a: Cloyster\n|-damage|p1a: Cloyster|10\/100\n|-resisted|p1a: Cloyster\n|-damage|p1a: Cloyster|7\/100\n|-hitcount|p1a: Cloyster|5\n|move|p1a: Cloyster|Drill Run|p2a: Ditto\n|-damage|p2a: Ditto|53\/100 tox\n|\n|-damage|p2a: Ditto|41\/100 tox|[from] psn\n|upkeep\n|turn|26\n|\n|t:|1700254466\n|move|p2a: Ditto|Icicle Spear|p1a: Cloyster\n|-resisted|p1a: Cloyster\n|-damage|p1a: Cloyster|5\/100\n|-resisted|p1a: Cloyster\n|-damage|p1a: Cloyster|2\/100\n|-resisted|p1a: Cloyster\n|-damage|p1a: Cloyster|0 fnt\n|faint|p1a: Cloyster\n|-hitcount|p1: Cloyster|3\n|\n|-damage|p2a: Ditto|23\/100 tox|[from] psn\n|upkeep\n|\n|t:|1700254476\n|switch|p1a: Gyarados|Gyarados, M|100\/100\n|turn|27\n|\n|t:|1700254479\n|move|p2a: Ditto|Icicle Spear|p1a: Gyarados\n|-damage|p1a: Gyarados|87\/100\n|-damage|p1a: Gyarados|71\/100\n|-crit|p1a: Gyarados\n|-damage|p1a: Gyarados|51\/100\n|-damage|p1a: Gyarados|36\/100\n|-damage|p1a: Gyarados|21\/100\n|-hitcount|p1a: Gyarados|5\n|move|p1a: Gyarados|Dragon Dance|p1a: Gyarados\n|-boost|p1a: Gyarados|atk|1\n|-boost|p1a: Gyarados|spe|1\n|\n|-damage|p2a: Ditto|0 fnt|[from] psn\n|faint|p2a: Ditto\n|upkeep\n|\n|t:|1700254493\n|switch|p2a: Manaphy|Manaphy, tera:Fairy|70\/100\n|-status|p2a: Manaphy|tox\n|-damage|p2a: Manaphy|57\/100 tox|[from] Stealth Rock\n|turn|28\n|\n|t:|1700254501\n|move|p1a: Gyarados|Waterfall|p2a: Manaphy\n|-damage|p2a: Manaphy|0 fnt\n|faint|p2a: Manaphy\n|-ability|p1a: Gyarados|Moxie|boost\n|-boost|p1a: Gyarados|atk|1\n|\n|upkeep\n|\n|t:|1700254506\n|switch|p2a: Okidogi|Okidogi, M|43\/100\n|-sideend|p2: TheZalmancer|move: Toxic Spikes|[of] p2a: Okidogi\n|-damage|p2a: Okidogi|36\/100|[from] Stealth Rock\n|turn|29\n|\n|t:|1700254514\n|move|p1a: Gyarados|Waterfall|p2a: Okidogi\n|-damage|p2a: Okidogi|0 fnt\n|faint|p2a: Okidogi\n|\n|win|z0mbiej0sh\n|raw|z0mbiej0sh's rating: 1197 &rarr; <strong>1222<\/strong><br \/>(+25 for winning)\n|raw|TheZalmancer's rating: 1202 &rarr; <strong>1177<\/strong><br \/>(-25 for losing)\n|c|\u2606TheZalmancer|gg\n|l|\u2606z0mbiej0sh\n","uploadtime":1700255112,"views":13,"p1id":"z0mbiej0sh","p2id":"thezalmancer","formatid":"gen9ou","rating":1177,"private":0,"password":""}