{"id":"gen9ou-1995106228","p1":"skawa","p2":"stoner wizard","format":"[Gen 9] OU","log":"|j|\u2606skawa\n|j|\u2606stoner wizard\n|t:|1700523222\n|gametype|singles\n|player|p1|skawa|giovanni|\n|player|p2|stoner wizard|battlegirl|\n|teamsize|p1|6\n|teamsize|p2|6\n|gen|9\n|tier|[Gen 9] OU\n|rule|Sleep Clause Mod: Limit one foe put to sleep\n|rule|Species Clause: Limit one of each Pok\u00e9mon\n|rule|OHKO Clause: OHKO moves are banned\n|rule|Evasion Items Clause: Evasion items are banned\n|rule|Evasion Moves Clause: Evasion moves are banned\n|rule|Endless Battle Clause: Forcing endless battles is banned\n|rule|HP Percentage Mod: HP is shown in percentages\n|clearpoke\n|poke|p1|Toxapex, F|\n|poke|p1|Jirachi|\n|poke|p1|Sableye, F|\n|poke|p1|Dragonite, F|\n|poke|p1|Rotom-Wash|\n|poke|p1|Hoopa-Unbound|\n|poke|p2|Garganacl, M|\n|poke|p2|Slither Wing|\n|poke|p2|Cinderace, F|\n|poke|p2|Basculegion-F, F|\n|poke|p2|Ceruledge, M|\n|poke|p2|Tatsugiri-Droopy, M|\n|teampreview\n|\n|t:|1700523243\n|start\n|switch|p1a: Sableye|Sableye, F|100\/100\n|switch|p2a: Crazy S.|Tatsugiri-Droopy, M|100\/100\n|turn|1\n|\n|t:|1700523250\n|move|p1a: Sableye|Protect|p1a: Sableye\n|-singleturn|p1a: Sableye|Protect\n|move|p2a: Crazy S.|Draco Meteor|p1a: Sableye\n|-activate|p1a: Sableye|move: Protect\n|\n|upkeep\n|turn|2\n|\n|t:|1700523259\n|move|p1a: Sableye|Disable|p2a: Crazy S.\n|-start|p2a: Crazy S.|Disable|Draco Meteor\n|cant|p2a: Crazy S.|Disable|Draco Meteor\n|\n|upkeep\n|turn|3\n|\n|t:|1700523272\n|switch|p2a: Kamiya|Garganacl, M|100\/100\n|move|p1a: Sableye|Knock Off|p2a: Kamiya\n|-damage|p2a: Kamiya|85\/100\n|-enditem|p2a: Kamiya|Leftovers|[from] move: Knock Off|[of] p1a: Sableye\n|\n|upkeep\n|turn|4\n|\n|t:|1700523282\n|switch|p1a: The wash|Rotom-Wash, shiny|100\/100\n|move|p2a: Kamiya|Curse|p2a: Kamiya\n|-unboost|p2a: Kamiya|spe|1\n|-boost|p2a: Kamiya|atk|1\n|-boost|p2a: Kamiya|def|1\n|\n|upkeep\n|turn|5\n|\n|t:|1700523290\n|-terastallize|p2a: Kamiya|Electric\n|move|p1a: The wash|Hydro Pump|p2a: Kamiya\n|-damage|p2a: Kamiya|54\/100\n|move|p2a: Kamiya|Salt Cure|p1a: The wash\n|-damage|p1a: The wash|75\/100\n|-start|p1a: The wash|Salt Cure\n|\n|-heal|p1a: The wash|82\/100|[from] item: Leftovers\n|-damage|p1a: The wash|57\/100|[from] Salt Cure\n|upkeep\n|turn|6\n|\n|t:|1700523299\n|move|p1a: The wash|Volt Switch|p2a: Kamiya\n|-resisted|p2a: Kamiya\n|-damage|p2a: Kamiya|44\/100\n|\n|t:|1700523310\n|switch|p1a: Dragonite|Dragonite, F|100\/100|[from] Volt Switch\n|move|p2a: Kamiya|Recover|p2a: Kamiya\n|-heal|p2a: Kamiya|95\/100\n|\n|upkeep\n|turn|7\n|\n|t:|1700523317\n|move|p1a: Dragonite|Dragon Dance|p1a: Dragonite\n|-boost|p1a: Dragonite|atk|1\n|-boost|p1a: Dragonite|spe|1\n|move|p2a: Kamiya|Salt Cure|p1a: Dragonite\n|-supereffective|p1a: Dragonite\n|-damage|p1a: Dragonite|75\/100\n|-start|p1a: Dragonite|Salt Cure\n|\n|-damage|p1a: Dragonite|63\/100|[from] Salt Cure\n|upkeep\n|turn|8\n|\n|t:|1700523326\n|-terastallize|p1a: Dragonite|Normal\n|move|p1a: Dragonite|Dragon Dance|p1a: Dragonite\n|-boost|p1a: Dragonite|atk|1\n|-boost|p1a: Dragonite|spe|1\n|move|p2a: Kamiya|Curse|p2a: Kamiya\n|-unboost|p2a: Kamiya|spe|1\n|-boost|p2a: Kamiya|atk|1\n|-boost|p2a: Kamiya|def|1\n|\n|-damage|p1a: Dragonite|50\/100|[from] Salt Cure\n|upkeep\n|turn|9\n|\n|t:|1700523336\n|move|p1a: Dragonite|Earthquake|p2a: Kamiya\n|-supereffective|p2a: Kamiya\n|-damage|p2a: Kamiya|47\/100\n|move|p2a: Kamiya|Curse|p2a: Kamiya\n|-unboost|p2a: Kamiya|spe|1\n|-boost|p2a: Kamiya|atk|1\n|-boost|p2a: Kamiya|def|1\n|\n|-damage|p1a: Dragonite|38\/100|[from] Salt Cure\n|upkeep\n|turn|10\n|\n|t:|1700523344\n|move|p1a: Dragonite|Earthquake|p2a: Kamiya\n|-supereffective|p2a: Kamiya\n|-damage|p2a: Kamiya|11\/100\n|move|p2a: Kamiya|Recover|p2a: Kamiya\n|-heal|p2a: Kamiya|61\/100\n|\n|-damage|p1a: Dragonite|26\/100|[from] Salt Cure\n|upkeep\n|turn|11\n|\n|t:|1700523351\n|move|p1a: Dragonite|Dragon Dance|p1a: Dragonite\n|-boost|p1a: Dragonite|atk|1\n|-boost|p1a: Dragonite|spe|1\n|move|p2a: Kamiya|Recover|p2a: Kamiya\n|-heal|p2a: Kamiya|100\/100\n|\n|-damage|p1a: Dragonite|13\/100|[from] Salt Cure\n|upkeep\n|turn|12\n|\n|t:|1700523361\n|switch|p2a: Crazy S.|Tatsugiri-Droopy, M|100\/100\n|move|p1a: Dragonite|Earthquake|p2a: Crazy S.\n|-damage|p2a: Crazy S.|0 fnt\n|faint|p2a: Crazy S.\n|\n|-damage|p1a: Dragonite|1\/100|[from] Salt Cure\n|upkeep\n|\n|t:|1700523370\n|switch|p2a: Pop Musick|Slither Wing|100\/100\n|turn|13\n|\n|t:|1700523373\n|move|p1a: Dragonite|Extreme Speed|p2a: Pop Musick\n|-damage|p2a: Pop Musick|0 fnt\n|faint|p2a: Pop Musick\n|-end|p2a: Pop Musick|Protosynthesis|[silent]\n|\n|-damage|p1a: Dragonite|0 fnt|[from] Salt Cure\n|faint|p1a: Dragonite\n|upkeep\n|\n|t:|1700523387\n|switch|p2a: Trip Hop|Basculegion-F, F|100\/100\n|switch|p1a: The pex|Toxapex, F, shiny|100\/100\n|turn|14\n|\n|t:|1700523394\n|move|p2a: Trip Hop|Shadow Ball|p1a: The pex\n|-damage|p1a: The pex|41\/100\n|move|p1a: The pex|Toxic Spikes|p2a: Trip Hop\n|-sidestart|p2: stoner wizard|move: Toxic Spikes\n|\n|-heal|p1a: The pex|47\/100|[from] item: Leftovers\n|upkeep\n|turn|15\n|\n|t:|1700523404\n|switch|p1a: Hoopa|Hoopa-Unbound|100\/100\n|move|p2a: Trip Hop|Shadow Ball|p1a: Hoopa\n|-damage|p1a: Hoopa|62\/100\n|\n|upkeep\n|turn|16\n|\n|t:|1700523421\n|switch|p2a: Bellingham|Cinderace, F|100\/100\n|move|p1a: Hoopa|Thunderbolt|p2a: Bellingham\n|-damage|p2a: Bellingham|59\/100\n|\n|upkeep\n|turn|17\n|\n|t:|1700523441\n|switch|p1a: The pex|Toxapex, F, shiny|80\/100\n|move|p2a: Bellingham|Court Change|p2a: Bellingham\n|-swapsideconditions\n|-activate|p2a: Bellingham|move: Court Change\n|\n|-heal|p1a: The pex|86\/100|[from] item: Leftovers\n|upkeep\n|turn|18\n|\n|t:|1700523450\n|move|p2a: Bellingham|U-turn|p1a: The pex\n|-resisted|p1a: The pex\n|-damage|p1a: The pex|80\/100\n|\n|t:|1700523453\n|switch|p2a: Kamiya|Garganacl, M, tera:Electric|100\/100|[from] U-turn\n|move|p1a: The pex|Toxic Spikes|p2a: Kamiya\n|-sidestart|p2: stoner wizard|move: Toxic Spikes\n|\n|-heal|p1a: The pex|86\/100|[from] item: Leftovers\n|upkeep\n|turn|19\n|\n|t:|1700523460\n|switch|p1a: The wash|Rotom-Wash, shiny|57\/100\n|move|p2a: Kamiya|Salt Cure|p1a: The wash\n|-damage|p1a: The wash|41\/100\n|-start|p1a: The wash|Salt Cure\n|\n|-heal|p1a: The wash|47\/100|[from] item: Leftovers\n|-damage|p1a: The wash|22\/100|[from] Salt Cure\n|upkeep\n|turn|20\n|\n|t:|1700523474\n|switch|p2a: Bellingham|Cinderace, F|59\/100\n|move|p1a: The wash|Volt Switch|p2a: Bellingham\n|-damage|p2a: Bellingham|29\/100\n|\n|t:|1700523480\n|switch|p1a: The pex|Toxapex, F, shiny|100\/100|[from] Volt Switch\n|-sideend|p1: skawa|move: Toxic Spikes|[of] p1a: The pex\n|\n|upkeep\n|turn|21\n|\n|t:|1700523486\n|move|p2a: Bellingham|Court Change|p2a: Bellingham\n|-swapsideconditions\n|-activate|p2a: Bellingham|move: Court Change\n|move|p1a: The pex|Toxic Spikes|p2a: Bellingham\n|-sidestart|p2: stoner wizard|move: Toxic Spikes\n|\n|upkeep\n|turn|22\n|\n|t:|1700523493\n|move|p2a: Bellingham|Will-O-Wisp|p1a: The pex\n|-status|p1a: The pex|brn\n|move|p1a: The pex|Toxic Spikes|p2a: Bellingham\n|-sidestart|p2: stoner wizard|move: Toxic Spikes\n|\n|-damage|p1a: The pex|94\/100 brn|[from] brn\n|upkeep\n|turn|23\n|\n|t:|1700523504\n|move|p2a: Bellingham|U-turn|p1a: The pex\n|-resisted|p1a: The pex\n|-damage|p1a: The pex|87\/100 brn\n|\n|t:|1700523508\n|switch|p2a: Kamiya|Garganacl, M, tera:Electric|100\/100|[from] U-turn\n|move|p1a: The pex|Surf|p2a: Kamiya\n|-damage|p2a: Kamiya|86\/100\n|\n|-heal|p1a: The pex|94\/100 brn|[from] item: Leftovers\n|-damage|p1a: The pex|87\/100 brn|[from] brn\n|upkeep\n|turn|24\n|\n|t:|1700523556\n|switch|p1a: The guy|Jirachi, shiny|100\/100\n|move|p2a: Kamiya|Salt Cure|p1a: The guy\n|-resisted|p1a: The guy\n|-damage|p1a: The guy|93\/100\n|-start|p1a: The guy|Salt Cure\n|\n|-damage|p1a: The guy|68\/100|[from] Salt Cure\n|upkeep\n|turn|25\n|\n|t:|1700523566\n|move|p1a: The guy|U-turn|p2a: Kamiya\n|-damage|p2a: Kamiya|74\/100\n|\n|t:|1700523582\n|switch|p1a: The wash|Rotom-Wash, shiny|22\/100|[from] U-turn\n|move|p2a: Kamiya|Earthquake|p1a: The wash\n|-immune|p1a: The wash|[from] ability: Levitate\n|\n|-heal|p1a: The wash|28\/100|[from] item: Leftovers\n|upkeep\n|turn|26\n|\n|t:|1700523589\n|move|p1a: The wash|Protect|p1a: The wash\n|-singleturn|p1a: The wash|Protect\n|move|p2a: Kamiya|Recover|p2a: Kamiya\n|-heal|p2a: Kamiya|100\/100\n|\n|-heal|p1a: The wash|34\/100|[from] item: Leftovers\n|upkeep\n|turn|27\n|\n|t:|1700523596\n|move|p1a: The wash|Hydro Pump|p2a: Kamiya|[miss]\n|-miss|p1a: The wash|p2a: Kamiya\n|move|p2a: Kamiya|Salt Cure|p1a: The wash\n|-damage|p1a: The wash|20\/100\n|-start|p1a: The wash|Salt Cure\n|\n|-heal|p1a: The wash|26\/100|[from] item: Leftovers\n|-damage|p1a: The wash|1\/100|[from] Salt Cure\n|upkeep\n|turn|28\n|\n|t:|1700523605\n|move|p1a: The wash|Volt Switch|p2a: Kamiya\n|-resisted|p2a: Kamiya\n|-damage|p2a: Kamiya|91\/100\n|\n|t:|1700523621\n|switch|p1a: The guy|Jirachi, shiny|68\/100|[from] Volt Switch\n|move|p2a: Kamiya|Curse|p2a: Kamiya\n|-unboost|p2a: Kamiya|spe|1\n|-boost|p2a: Kamiya|atk|1\n|-boost|p2a: Kamiya|def|1\n|\n|upkeep\n|turn|29\n|\n|t:|1700523631\n|move|p1a: The guy|U-turn|p2a: Kamiya\n|-crit|p2a: Kamiya\n|-damage|p2a: Kamiya|73\/100\n|\n|t:|1700523633\n|switch|p1a: The pex|Toxapex, F, shiny|100\/100 brn|[from] U-turn\n|-sideend|p1: skawa|move: Toxic Spikes|[of] p1a: The pex\n|move|p2a: Kamiya|Earthquake|p1a: The pex\n|-supereffective|p1a: The pex\n|-damage|p1a: The pex|58\/100 brn\n|\n|-heal|p1a: The pex|65\/100 brn|[from] item: Leftovers\n|-damage|p1a: The pex|58\/100 brn|[from] brn\n|upkeep\n|turn|30\n|\n|t:|1700523644\n|switch|p1a: Sableye|Sableye, F|100\/100\n|move|p2a: Kamiya|Earthquake|p1a: Sableye\n|-damage|p1a: Sableye|51\/100\n|\n|-heal|p1a: Sableye|57\/100|[from] item: Leftovers\n|upkeep\n|turn|31\n|\n|t:|1700523652\n|move|p1a: Sableye|Disable|p2a: Kamiya\n|-start|p2a: Kamiya|Disable|Earthquake\n|move|p2a: Kamiya|Curse|p2a: Kamiya\n|-unboost|p2a: Kamiya|spe|1\n|-boost|p2a: Kamiya|atk|1\n|-boost|p2a: Kamiya|def|1\n|\n|-heal|p1a: Sableye|63\/100|[from] item: Leftovers\n|upkeep\n|turn|32\n|\n|t:|1700523661\n|move|p1a: Sableye|Will-O-Wisp|p2a: Kamiya|[miss]\n|-miss|p1a: Sableye|p2a: Kamiya\n|move|p2a: Kamiya|Curse|p2a: Kamiya\n|-unboost|p2a: Kamiya|spe|1\n|-boost|p2a: Kamiya|atk|1\n|-boost|p2a: Kamiya|def|1\n|\n|-heal|p1a: Sableye|68\/100|[from] item: Leftovers\n|upkeep\n|turn|33\n|\n|t:|1700523684\n|switch|p1a: The pex|Toxapex, F, shiny|92\/100 brn\n|move|p2a: Kamiya|Recover|p2a: Kamiya\n|-heal|p2a: Kamiya|100\/100\n|\n|-heal|p1a: The pex|98\/100 brn|[from] item: Leftovers\n|-damage|p1a: The pex|92\/100 brn|[from] brn\n|upkeep\n|turn|34\n|\n|t:|1700523692\n|move|p1a: The pex|Haze|p1a: The pex\n|-clearallboost\n|move|p2a: Kamiya|Salt Cure|p1a: The pex\n|-damage|p1a: The pex|83\/100 brn\n|-start|p1a: The pex|Salt Cure\n|\n|-heal|p1a: The pex|89\/100 brn|[from] item: Leftovers\n|-damage|p1a: The pex|83\/100 brn|[from] brn\n|-damage|p1a: The pex|58\/100 brn|[from] Salt Cure\n|-end|p2a: Kamiya|Disable\n|upkeep\n|turn|35\n|\n|t:|1700523703\n|switch|p1a: Hoopa|Hoopa-Unbound|62\/100\n|move|p2a: Kamiya|Earthquake|p1a: Hoopa\n|-damage|p1a: Hoopa|26\/100\n|\n|upkeep\n|turn|36\n|\n|t:|1700523719\n|move|p1a: Hoopa|Drain Punch|p2a: Kamiya\n|-damage|p2a: Kamiya|81\/100\n|-heal|p1a: Hoopa|37\/100|[from] drain|[of] p2a: Kamiya\n|move|p2a: Kamiya|Salt Cure|p1a: Hoopa\n|-damage|p1a: Hoopa|16\/100\n|-start|p1a: Hoopa|Salt Cure\n|\n|-damage|p1a: Hoopa|4\/100|[from] Salt Cure\n|upkeep\n|turn|37\n|\n|t:|1700523727\n|switch|p1a: The wash|Rotom-Wash, shiny|1\/100\n|move|p2a: Kamiya|Curse|p2a: Kamiya\n|-unboost|p2a: Kamiya|spe|1\n|-boost|p2a: Kamiya|atk|1\n|-boost|p2a: Kamiya|def|1\n|\n|-heal|p1a: The wash|7\/100|[from] item: Leftovers\n|upkeep\n|turn|38\n|\n|t:|1700523737\n|move|p1a: The wash|Hydro Pump|p2a: Kamiya\n|-damage|p2a: Kamiya|51\/100\n|move|p2a: Kamiya|Earthquake|p1a: The wash\n|-immune|p1a: The wash|[from] ability: Levitate\n|\n|-heal|p1a: The wash|13\/100|[from] item: Leftovers\n|upkeep\n|turn|39\n|\n|t:|1700523746\n|move|p1a: The wash|Hydro Pump|p2a: Kamiya\n|-damage|p2a: Kamiya|22\/100\n|move|p2a: Kamiya|Salt Cure|p1a: The wash\n|-damage|p1a: The wash|0 fnt\n|faint|p1a: The wash\n|\n|upkeep\n|\n|t:|1700523751\n|switch|p1a: Hoopa|Hoopa-Unbound|4\/100\n|turn|40\n|\n|t:|1700523755\n|move|p1a: Hoopa|Psychic|p2a: Kamiya\n|-crit|p2a: Kamiya\n|-damage|p2a: Kamiya|0 fnt\n|faint|p2a: Kamiya\n|\n|upkeep\n|c|\u2606stoner wizard|NOOOOO\n|\n|t:|1700523761\n|switch|p2a: Bellingham|Cinderace, F|29\/100\n|turn|41\n|c|\u2606skawa|FUCK YOU!!!!!!!!!!!!\n|\n|t:|1700523769\n|switch|p1a: The pex|Toxapex, F, shiny|91\/100 brn\n|move|p2a: Bellingham|Court Change|p2a: Bellingham\n|-swapsideconditions\n|-activate|p2a: Bellingham|move: Court Change\n|\n|-heal|p1a: The pex|97\/100 brn|[from] item: Leftovers\n|-damage|p1a: The pex|91\/100 brn|[from] brn\n|upkeep\n|turn|42\n|\n|t:|1700523780\n|move|p2a: Bellingham|U-turn|p1a: The pex\n|-resisted|p1a: The pex\n|-damage|p1a: The pex|84\/100 brn\n|\n|t:|1700523783\n|switch|p2a: Trip Hop|Basculegion-F, F|100\/100|[from] U-turn\n|move|p1a: The pex|Surf|p2a: Trip Hop\n|-resisted|p2a: Trip Hop\n|-damage|p2a: Trip Hop|91\/100\n|\n|-heal|p1a: The pex|90\/100 brn|[from] item: Leftovers\n|-damage|p1a: The pex|84\/100 brn|[from] brn\n|upkeep\n|turn|43\n|\n|t:|1700523792\n|move|p2a: Trip Hop|Shadow Ball|p1a: The pex\n|-damage|p1a: The pex|28\/100 brn\n|move|p1a: The pex|Recover|p1a: The pex\n|-heal|p1a: The pex|78\/100 brn\n|\n|-heal|p1a: The pex|84\/100 brn|[from] item: Leftovers\n|-damage|p1a: The pex|78\/100 brn|[from] brn\n|upkeep\n|turn|44\n|\n|t:|1700523800\n|switch|p1a: Sableye|Sableye, F|68\/100\n|-status|p1a: Sableye|tox\n|move|p2a: Trip Hop|Shadow Ball|p1a: Sableye\n|-damage|p1a: Sableye|0 fnt\n|faint|p1a: Sableye\n|\n|upkeep\n|\n|t:|1700523806\n|switch|p1a: The guy|Jirachi, shiny|68\/100\n|turn|45\n|\n|t:|1700523810\n|move|p1a: The guy|Thunder Punch|p2a: Trip Hop\n|-supereffective|p2a: Trip Hop\n|-damage|p2a: Trip Hop|43\/100\n|move|p2a: Trip Hop|Shadow Ball|p1a: The guy\n|-supereffective|p1a: The guy\n|-damage|p1a: The guy|0 fnt\n|faint|p1a: The guy\n|\n|upkeep\n|\n|t:|1700523813\n|switch|p1a: The pex|Toxapex, F, shiny|100\/100 brn\n|-sideend|p1: skawa|move: Toxic Spikes|[of] p1a: The pex\n|turn|46\n|\n|t:|1700523828\n|move|p2a: Trip Hop|Shadow Ball|p1a: The pex\n|-damage|p1a: The pex|45\/100 brn\n|-unboost|p1a: The pex|spd|1\n|move|p1a: The pex|Recover|p1a: The pex\n|-heal|p1a: The pex|95\/100 brn\n|\n|-heal|p1a: The pex|100\/100 brn|[from] item: Leftovers\n|-damage|p1a: The pex|94\/100 brn|[from] brn\n|upkeep\n|turn|47\n|\n|t:|1700523837\n|switch|p1a: Hoopa|Hoopa-Unbound|4\/100\n|move|p2a: Trip Hop|Shadow Ball|p1a: Hoopa\n|-damage|p1a: Hoopa|0 fnt\n|faint|p1a: Hoopa\n|\n|upkeep\n|\n|t:|1700523840\n|switch|p1a: The pex|Toxapex, F, shiny|100\/100 brn\n|turn|48\n|\n|t:|1700523848\n|move|p2a: Trip Hop|Shadow Ball|p1a: The pex\n|-damage|p1a: The pex|41\/100 brn\n|-unboost|p1a: The pex|spd|1\n|move|p1a: The pex|Recover|p1a: The pex\n|-heal|p1a: The pex|91\/100 brn\n|\n|-heal|p1a: The pex|98\/100 brn|[from] item: Leftovers\n|-damage|p1a: The pex|91\/100 brn|[from] brn\n|upkeep\n|turn|49\n|c|\u2606skawa|UGH\n|c|\u2606skawa|ygughguhg\n|c|\u2606stoner wizard|aww\n|\n|t:|1700523862\n|move|p2a: Trip Hop|Shadow Ball|p1a: The pex\n|-damage|p1a: The pex|0 fnt\n|faint|p1a: The pex\n|\n|win|stoner wizard\n|c|\u2606stoner wizard|gg\n|c|\u2606skawa|gg\n|c|\u2606skawa|i should've prepared against your team instead of going in blind\n|c|\u2606skawa|never again accepting battles on monday fr\n","uploadtime":1700523870,"views":19,"p1id":"skawa","p2id":"stonerwizard","formatid":"gen9ou","rating":0,"private":0,"password":""}