{"id":"gen9ou-1992535351","p1":"JachiMalz","p2":"grass knot zygarde","format":"[Gen 9] OU","log":"|j|\u2606JachiMalz\n|j|\u2606grass knot zygarde\n|t:|1700201311\n|gametype|singles\n|player|p1|JachiMalz|rocketgruntf|1379\n|player|p2|grass knot zygarde|dawn|1477\n|teamsize|p1|6\n|teamsize|p2|6\n|gen|9\n|tier|[Gen 9] OU\n|rated|\n|rule|Sleep Clause Mod: Limit one foe put to sleep\n|rule|Species Clause: Limit one of each Pok\u00e9mon\n|rule|OHKO Clause: OHKO moves are banned\n|rule|Evasion Items Clause: Evasion items are banned\n|rule|Evasion Moves Clause: Evasion moves are banned\n|rule|Endless Battle Clause: Forcing endless battles is banned\n|rule|HP Percentage Mod: HP is shown in percentages\n|clearpoke\n|poke|p1|Inteleon, M|\n|poke|p1|Landorus-Therian, M|\n|poke|p1|Ogerpon-Cornerstone, F|\n|poke|p1|Glimmora, M|\n|poke|p1|Zapdos|\n|poke|p1|Gholdengo|\n|poke|p2|Rillaboom, M|\n|poke|p2|Cinderace, M|\n|poke|p2|Ogerpon-Cornerstone, F|\n|poke|p2|Kingambit, M|\n|poke|p2|Great Tusk|\n|poke|p2|Iron Valiant|\n|teampreview\n|inactive|Battle timer is ON: inactive players will automatically lose when time's up. (requested by grass knot zygarde)\n|\n|t:|1700201325\n|start\n|switch|p1a: Inteleon|Inteleon, M|100\/100\n|switch|p2a: Great Tusk|Great Tusk|100\/100\n|turn|1\n|\n|t:|1700201335\n|-end|p2a: Great Tusk|Protosynthesis|[silent]\n|switch|p2a: Rillaboom|Rillaboom, M|100\/100\n|-fieldstart|move: Grassy Terrain|[from] ability: Grassy Surge|[of] p2a: Rillaboom\n|move|p1a: Inteleon|Snipe Shot|p2a: Rillaboom\n|-resisted|p2a: Rillaboom\n|-damage|p2a: Rillaboom|57\/100\n|\n|-heal|p2a: Rillaboom|63\/100|[from] Grassy Terrain\n|upkeep\n|turn|2\n|\n|t:|1700201342\n|switch|p1a: Zapdos|Zapdos|100\/100\n|move|p2a: Rillaboom|U-turn|p1a: Zapdos\n|-resisted|p1a: Zapdos\n|-damage|p1a: Zapdos|81\/100\n|-status|p2a: Rillaboom|par|[from] ability: Static|[of] p1a: Zapdos\n|\n|t:|1700201348\n|switch|p2a: Ogerpon|Ogerpon-Cornerstone, F|100\/100|[from] U-turn\n|\n|upkeep\n|turn|3\n|\n|t:|1700201355\n|switch|p1a: Glimmora|Glimmora, M|100\/100\n|move|p2a: Ogerpon|Ivy Cudgel|p1a: Glimmora|[anim] Ivy Cudgel Rock\n|-damage|p1a: Glimmora|42\/100\n|-activate|p1a: Glimmora|ability: Toxic Debris\n|-sidestart|p2: grass knot zygarde|move: Toxic Spikes\n|\n|-heal|p1a: Glimmora|48\/100|[from] Grassy Terrain\n|upkeep\n|turn|4\n|\n|t:|1700201361\n|move|p2a: Ogerpon|Ivy Cudgel|p1a: Glimmora|[anim] Ivy Cudgel Rock\n|-damage|p1a: Glimmora|0 fnt\n|-activate|p1a: Glimmora|ability: Toxic Debris\n|-sidestart|p2: grass knot zygarde|move: Toxic Spikes\n|faint|p1a: Glimmora\n|\n|upkeep\n|\n|t:|1700201366\n|switch|p1a: Inteleon|Inteleon, M|100\/100\n|turn|5\n|\n|t:|1700201372\n|move|p1a: Inteleon|U-turn|p2a: Ogerpon\n|-supereffective|p2a: Ogerpon\n|-damage|p2a: Ogerpon|68\/100\n|\n|t:|1700201375\n|switch|p1a: Landorus|Landorus-Therian, M|100\/100|[from] U-turn\n|-ability|p1a: Landorus|Intimidate|boost\n|-unboost|p2a: Ogerpon|atk|1\n|move|p2a: Ogerpon|Power Whip|p1a: Landorus\n|-damage|p1a: Landorus|59\/100\n|-damage|p2a: Ogerpon|51\/100|[from] item: Rocky Helmet|[of] p1a: Landorus\n|\n|-heal|p2a: Ogerpon|57\/100|[from] Grassy Terrain\n|-fieldend|move: Grassy Terrain\n|upkeep\n|turn|6\n|\n|t:|1700201399\n|move|p2a: Ogerpon|Ivy Cudgel|p1a: Landorus|[anim] Ivy Cudgel Rock\n|-damage|p1a: Landorus|32\/100\n|move|p1a: Landorus|Rest|p1a: Landorus\n|-status|p1a: Landorus|slp|[from] move: Rest\n|-heal|p1a: Landorus|100\/100 slp|[silent]\n|\n|upkeep\n|turn|7\n|\n|t:|1700201405\n|switch|p2a: Cinderace|Cinderace, M|100\/100\n|cant|p1a: Landorus|slp\n|move|p1a: Landorus|Sleep Talk|p1a: Landorus\n|move|p1a: Landorus|Earthquake|p2a: Cinderace|[from]move: Sleep Talk\n|-supereffective|p2a: Cinderace\n|-damage|p2a: Cinderace|0 fnt\n|faint|p2a: Cinderace\n|\n|upkeep\n|\n|t:|1700201412\n|switch|p2a: Great Tusk|Great Tusk|100\/100\n|-status|p2a: Great Tusk|tox\n|turn|8\n|\n|t:|1700201416\n|switch|p1a: Gholdengo|Gholdengo|100\/100\n|move|p2a: Great Tusk|Stealth Rock|p1a: Gholdengo\n|-sidestart|p1: JachiMalz|move: Stealth Rock\n|\n|-damage|p2a: Great Tusk|94\/100 tox|[from] psn\n|upkeep\n|turn|9\n|\n|t:|1700201420\n|move|p2a: Great Tusk|Earthquake|p1a: Gholdengo\n|-supereffective|p1a: Gholdengo\n|-damage|p1a: Gholdengo|0 fnt\n|faint|p1a: Gholdengo\n|\n|-damage|p2a: Great Tusk|82\/100 tox|[from] psn\n|upkeep\n|\n|t:|1700201422\n|switch|p1a: Inteleon|Inteleon, M|100\/100\n|-damage|p1a: Inteleon|88\/100|[from] Stealth Rock\n|turn|10\n|\n|t:|1700201434\n|-end|p2a: Great Tusk|Protosynthesis|[silent]\n|switch|p2a: Rillaboom|Rillaboom, M|63\/100 par\n|-fieldstart|move: Grassy Terrain|[from] ability: Grassy Surge|[of] p2a: Rillaboom\n|move|p1a: Inteleon|Snipe Shot|p2a: Rillaboom\n|-resisted|p2a: Rillaboom\n|-damage|p2a: Rillaboom|25\/100 par\n|\n|-heal|p1a: Inteleon|94\/100|[from] Grassy Terrain\n|-heal|p2a: Rillaboom|31\/100 par|[from] Grassy Terrain\n|upkeep\n|turn|11\n|\n|t:|1700201453\n|switch|p1a: Zapdos|Zapdos|81\/100\n|move|p2a: Rillaboom|Grassy Glide|p1a: Zapdos\n|-resisted|p1a: Zapdos\n|-damage|p1a: Zapdos|49\/100\n|\n|-heal|p2a: Rillaboom|37\/100 par|[from] Grassy Terrain\n|upkeep\n|turn|12\n|\n|t:|1700201464\n|move|p2a: Rillaboom|Grassy Glide|p1a: Zapdos\n|-resisted|p1a: Zapdos\n|-damage|p1a: Zapdos|17\/100\n|move|p1a: Zapdos|Roost|p1a: Zapdos\n|-heal|p1a: Zapdos|67\/100\n|-singleturn|p1a: Zapdos|move: Roost\n|\n|-heal|p1a: Zapdos|74\/100|[from] Grassy Terrain\n|-heal|p2a: Rillaboom|43\/100 par|[from] Grassy Terrain\n|upkeep\n|turn|13\n|\n|t:|1700201476\n|switch|p2a: Great Tusk|Great Tusk|82\/100 tox\n|move|p1a: Zapdos|U-turn|p2a: Great Tusk\n|-resisted|p2a: Great Tusk\n|-damage|p2a: Great Tusk|78\/100 tox\n|-damage|p1a: Zapdos|57\/100|[from] item: Rocky Helmet|[of] p2a: Great Tusk\n|\n|t:|1700201481\n|switch|p1a: Inteleon|Inteleon, M|94\/100|[from] U-turn\n|-damage|p1a: Inteleon|82\/100|[from] Stealth Rock\n|\n|-heal|p1a: Inteleon|88\/100|[from] Grassy Terrain\n|-heal|p2a: Great Tusk|84\/100 tox|[from] Grassy Terrain\n|-damage|p2a: Great Tusk|78\/100 tox|[from] psn\n|upkeep\n|turn|14\n|\n|t:|1700201489\n|-terastallize|p1a: Inteleon|Water\n|move|p1a: Inteleon|Snipe Shot|p2a: Great Tusk\n|-supereffective|p2a: Great Tusk\n|-damage|p2a: Great Tusk|0 fnt\n|faint|p2a: Great Tusk\n|-end|p2a: Great Tusk|Protosynthesis|[silent]\n|\n|-heal|p1a: Inteleon|94\/100|[from] Grassy Terrain\n|-fieldend|move: Grassy Terrain\n|upkeep\n|\n|t:|1700201495\n|switch|p2a: Rillaboom|Rillaboom, M|43\/100 par\n|-fieldstart|move: Grassy Terrain|[from] ability: Grassy Surge|[of] p2a: Rillaboom\n|turn|15\n|\n|t:|1700201498\n|switch|p1a: Zapdos|Zapdos|57\/100\n|move|p2a: Rillaboom|Grassy Glide|p1a: Zapdos\n|-resisted|p1a: Zapdos\n|-crit|p1a: Zapdos\n|-damage|p1a: Zapdos|8\/100\n|\n|-heal|p2a: Rillaboom|49\/100 par|[from] Grassy Terrain\n|upkeep\n|turn|16\n|\n|t:|1700201504\n|cant|p2a: Rillaboom|par\n|move|p1a: Zapdos|Roost|p1a: Zapdos\n|-heal|p1a: Zapdos|58\/100\n|-singleturn|p1a: Zapdos|move: Roost\n|\n|-heal|p1a: Zapdos|64\/100|[from] Grassy Terrain\n|-heal|p2a: Rillaboom|55\/100 par|[from] Grassy Terrain\n|upkeep\n|turn|17\n|\n|t:|1700201509\n|move|p2a: Rillaboom|Grassy Glide|p1a: Zapdos\n|-resisted|p1a: Zapdos\n|-damage|p1a: Zapdos|33\/100\n|move|p1a: Zapdos|Roost|p1a: Zapdos\n|-heal|p1a: Zapdos|83\/100\n|-singleturn|p1a: Zapdos|move: Roost\n|\n|-heal|p1a: Zapdos|89\/100|[from] Grassy Terrain\n|-heal|p2a: Rillaboom|61\/100 par|[from] Grassy Terrain\n|upkeep\n|turn|18\n|\n|t:|1700201516\n|move|p2a: Rillaboom|Grassy Glide|p1a: Zapdos\n|-resisted|p1a: Zapdos\n|-damage|p1a: Zapdos|56\/100\n|move|p1a: Zapdos|Hurricane|p2a: Rillaboom|[miss]\n|-miss|p1a: Zapdos|p2a: Rillaboom\n|\n|-heal|p2a: Rillaboom|68\/100 par|[from] Grassy Terrain\n|upkeep\n|turn|19\n|\n|t:|1700201521\n|move|p2a: Rillaboom|Grassy Glide|p1a: Zapdos\n|-resisted|p1a: Zapdos\n|-damage|p1a: Zapdos|25\/100\n|move|p1a: Zapdos|Hurricane|p2a: Rillaboom|[miss]\n|-miss|p1a: Zapdos|p2a: Rillaboom\n|\n|-heal|p2a: Rillaboom|74\/100 par|[from] Grassy Terrain\n|-fieldend|move: Grassy Terrain\n|upkeep\n|turn|20\n|\n|t:|1700201534\n|switch|p2a: Ogerpon|Ogerpon-Cornerstone, F|57\/100\n|-status|p2a: Ogerpon|tox\n|move|p1a: Zapdos|Roost|p1a: Zapdos\n|-heal|p1a: Zapdos|75\/100\n|-singleturn|p1a: Zapdos|move: Roost\n|\n|-damage|p2a: Ogerpon|51\/100 tox|[from] psn\n|upkeep\n|turn|21\n|\n|t:|1700201541\n|switch|p1a: Landorus|Landorus-Therian, M|100\/100 slp\n|-damage|p1a: Landorus|88\/100 slp|[from] Stealth Rock\n|-ability|p1a: Landorus|Intimidate|boost\n|-unboost|p2a: Ogerpon|atk|1\n|move|p2a: Ogerpon|Ivy Cudgel|p1a: Landorus|[anim] Ivy Cudgel Rock\n|-crit|p1a: Landorus\n|-damage|p1a: Landorus|29\/100 slp\n|\n|-damage|p2a: Ogerpon|39\/100 tox|[from] psn\n|upkeep\n|turn|22\n|\n|t:|1700201549\n|move|p2a: Ogerpon|Ivy Cudgel|p1a: Landorus|[anim] Ivy Cudgel Rock\n|-damage|p1a: Landorus|2\/100 slp\n|cant|p1a: Landorus|slp\n|\n|-damage|p2a: Ogerpon|21\/100 tox|[from] psn\n|upkeep\n|turn|23\n|\n|t:|1700201557\n|move|p2a: Ogerpon|Ivy Cudgel|p1a: Landorus|[anim] Ivy Cudgel Rock\n|-damage|p1a: Landorus|0 fnt\n|faint|p1a: Landorus\n|\n|-damage|p2a: Ogerpon|0 fnt|[from] psn\n|faint|p2a: Ogerpon\n|upkeep\n|\n|t:|1700201567\n|switch|p2a: Iron Valiant|Iron Valiant|100\/100\n|switch|p1a: Zapdos|Zapdos|75\/100\n|-status|p2a: Iron Valiant|tox\n|-enditem|p2a: Iron Valiant|Booster Energy\n|-activate|p2a: Iron Valiant|ability: Quark Drive|[fromitem]\n|-start|p2a: Iron Valiant|quarkdrivespe\n|turn|24\n|\n|t:|1700201574\n|-terastallize|p2a: Iron Valiant|Electric\n|move|p2a: Iron Valiant|Calm Mind|p2a: Iron Valiant\n|-boost|p2a: Iron Valiant|spa|1\n|-boost|p2a: Iron Valiant|spd|1\n|move|p1a: Zapdos|Hurricane|p2a: Iron Valiant\n|-resisted|p2a: Iron Valiant\n|-damage|p2a: Iron Valiant|71\/100 tox\n|\n|-damage|p2a: Iron Valiant|65\/100 tox|[from] psn\n|upkeep\n|turn|25\n|\n|t:|1700201580\n|move|p2a: Iron Valiant|Moonblast|p1a: Zapdos\n|-damage|p1a: Zapdos|23\/100\n|move|p1a: Zapdos|Hurricane|p2a: Iron Valiant\n|-resisted|p2a: Iron Valiant\n|-damage|p2a: Iron Valiant|37\/100 tox\n|\n|-damage|p2a: Iron Valiant|24\/100 tox|[from] psn\n|upkeep\n|turn|26\n|\n|t:|1700201587\n|move|p2a: Iron Valiant|Moonblast|p1a: Zapdos\n|-damage|p1a: Zapdos|0 fnt\n|faint|p1a: Zapdos\n|\n|-damage|p2a: Iron Valiant|6\/100 tox|[from] psn\n|upkeep\n|\n|t:|1700201588\n|switch|p1a: Ogerpon|Ogerpon-Cornerstone, F|100\/100\n|-damage|p1a: Ogerpon|88\/100|[from] Stealth Rock\n|turn|27\n|\n|t:|1700201592\n|move|p2a: Iron Valiant|Moonblast|p1a: Ogerpon\n|-damage|p1a: Ogerpon|3\/100\n|move|p1a: Ogerpon|Swords Dance|p1a: Ogerpon\n|-boost|p1a: Ogerpon|atk|2\n|\n|-damage|p2a: Iron Valiant|0 fnt|[from] psn\n|faint|p2a: Iron Valiant\n|-end|p2a: Iron Valiant|Quark Drive|[silent]\n|upkeep\n|\n|t:|1700201600\n|switch|p2a: Rillaboom|Rillaboom, M|74\/100 par\n|-fieldstart|move: Grassy Terrain|[from] ability: Grassy Surge|[of] p2a: Rillaboom\n|turn|28\n|\n|t:|1700201603\n|move|p2a: Rillaboom|Grassy Glide|p1a: Ogerpon\n|-damage|p1a: Ogerpon|0 fnt\n|faint|p1a: Ogerpon\n|\n|-heal|p2a: Rillaboom|80\/100 par|[from] Grassy Terrain\n|upkeep\n|\n|t:|1700201604\n|switch|p1a: Inteleon|Inteleon, M, tera:Water|94\/100\n|-damage|p1a: Inteleon|81\/100|[from] Stealth Rock\n|turn|29\n|\n|t:|1700201607\n|move|p1a: Inteleon|Vacuum Wave|p2a: Rillaboom\n|-damage|p2a: Rillaboom|53\/100 par\n|move|p2a: Rillaboom|Grassy Glide|p1a: Inteleon\n|-supereffective|p1a: Inteleon\n|-damage|p1a: Inteleon|0 fnt\n|faint|p1a: Inteleon\n|\n|win|grass knot zygarde\n|raw|JachiMalz's rating: 1379 &rarr; <strong>1364<\/strong><br \/>(-15 for losing)\n|raw|grass knot zygarde's rating: 1477 &rarr; <strong>1492<\/strong><br \/>(+15 for winning)\n|l|\u2606JachiMalz\n","uploadtime":1700201620,"views":7,"p1id":"jachimalz","p2id":"grassknotzygarde","formatid":"gen9ou","rating":1364,"private":0,"password":""}