{"id":"gen9ou-1993793875","p1":"a regular bear","p2":"Prav33n","format":"[Gen 9] OU","log":"|j|\u2606a regular bear\n|j|\u2606Prav33n\n|t:|1700358024\n|gametype|singles\n|player|p1|a regular bear|rancher|1453\n|player|p2|Prav33n|swimmer-gen4|1534\n|teamsize|p1|6\n|teamsize|p2|6\n|gen|9\n|tier|[Gen 9] OU\n|rated|\n|rule|Sleep Clause Mod: Limit one foe put to sleep\n|rule|Species Clause: Limit one of each Pok\u00e9mon\n|rule|OHKO Clause: OHKO moves are banned\n|rule|Evasion Items Clause: Evasion items are banned\n|rule|Evasion Moves Clause: Evasion moves are banned\n|rule|Endless Battle Clause: Forcing endless battles is banned\n|rule|HP Percentage Mod: HP is shown in percentages\n|clearpoke\n|poke|p1|Iron Moth|\n|poke|p1|Iron Valiant|\n|poke|p1|Inteleon, F|\n|poke|p1|Kleavor, M|\n|poke|p1|Basculegion, M|\n|poke|p1|Forretress, F|\n|poke|p2|Dragonite, M|\n|poke|p2|Iron Moth|\n|poke|p2|Glimmora, M|\n|poke|p2|Kingambit, F|\n|poke|p2|Ogerpon-Wellspring, F|\n|poke|p2|Great Tusk|\n|teampreview\n|inactive|Battle timer is ON: inactive players will automatically lose when time's up. (requested by a regular bear)\n|\n|t:|1700358054\n|start\n|switch|p1a: Kleavor|Kleavor, M|100\/100\n|switch|p2a: Glimmora|Glimmora, M|100\/100\n|turn|1\n|\n|t:|1700358071\n|move|p2a: Glimmora|Stealth Rock|p1a: Kleavor\n|-sidestart|p1: a regular bear|move: Stealth Rock\n|move|p1a: Kleavor|Stone Axe|p2a: Glimmora\n|-damage|p2a: Glimmora|32\/100\n|-activate|p2a: Glimmora|ability: Toxic Debris\n|-sidestart|p1: a regular bear|move: Toxic Spikes\n|-sidestart|p2: Prav33n|move: Stealth Rock\n|\n|upkeep\n|turn|2\n|\n|t:|1700358083\n|move|p2a: Glimmora|Mortal Spin|p1a: Kleavor\n|-resisted|p1a: Kleavor\n|-damage|p1a: Kleavor|98\/100\n|-status|p1a: Kleavor|psn\n|-sideend|p2: Prav33n|Stealth Rock|[from] move: Mortal Spin|[of] p2a: Glimmora\n|move|p1a: Kleavor|U-turn|p2a: Glimmora\n|-resisted|p2a: Glimmora\n|-damage|p2a: Glimmora|8\/100\n|-activate|p2a: Glimmora|ability: Toxic Debris\n|-sidestart|p1: a regular bear|move: Toxic Spikes\n|\n|t:|1700358086\n|switch|p1a: Forretress|Forretress, F|100\/100|[from] U-turn\n|\n|upkeep\n|turn|3\n|\n|t:|1700358113\n|-terastallize|p2a: Glimmora|Ghost\n|move|p2a: Glimmora|Earth Power|p1a: Forretress\n|-damage|p1a: Forretress|58\/100\n|move|p1a: Forretress|Rapid Spin|p2a: Glimmora\n|-immune|p2a: Glimmora\n|\n|upkeep\n|turn|4\n|\n|t:|1700358121\n|move|p2a: Glimmora|Power Gem|p1a: Forretress\n|-damage|p1a: Forretress|0 fnt\n|faint|p1a: Forretress\n|\n|upkeep\n|\n|t:|1700358127\n|switch|p1a: Iron Moth|Iron Moth|100\/100\n|-damage|p1a: Iron Moth|76\/100|[from] Stealth Rock\n|-sideend|p1: a regular bear|move: Toxic Spikes|[of] p1a: Iron Moth\n|-enditem|p1a: Iron Moth|Booster Energy\n|-activate|p1a: Iron Moth|ability: Quark Drive|[fromitem]\n|-start|p1a: Iron Moth|quarkdrivespe\n|turn|5\n|\n|t:|1700358134\n|move|p1a: Iron Moth|Fiery Dance|p2a: Glimmora\n|-damage|p2a: Glimmora|0 fnt\n|faint|p2a: Glimmora\n|\n|upkeep\n|\n|t:|1700358136\n|switch|p2a: Dragonite|Dragonite, M|100\/100\n|turn|6\n|\n|t:|1700358142\n|move|p1a: Iron Moth|Substitute|p1a: Iron Moth\n|-start|p1a: Iron Moth|Substitute\n|-damage|p1a: Iron Moth|51\/100\n|move|p2a: Dragonite|Dragon Dance|p2a: Dragonite\n|-boost|p2a: Dragonite|atk|1\n|-boost|p2a: Dragonite|spe|1\n|\n|upkeep\n|turn|7\n|\n|t:|1700358154\n|move|p1a: Iron Moth|Fiery Dance|p2a: Dragonite\n|-resisted|p2a: Dragonite\n|-damage|p2a: Dragonite|90\/100\n|-boost|p1a: Iron Moth|spa|1\n|move|p2a: Dragonite|Encore|p1a: Iron Moth\n|-start|p1a: Iron Moth|Encore\n|\n|upkeep\n|turn|8\n|\n|t:|1700358165\n|move|p1a: Iron Moth|Fiery Dance|p2a: Dragonite\n|-resisted|p2a: Dragonite\n|-damage|p2a: Dragonite|58\/100\n|move|p2a: Dragonite|Dragon Dance|p2a: Dragonite\n|-boost|p2a: Dragonite|atk|1\n|-boost|p2a: Dragonite|spe|1\n|\n|upkeep\n|turn|9\n|\n|t:|1700358170\n|move|p2a: Dragonite|Extreme Speed|p1a: Iron Moth\n|-end|p1a: Iron Moth|Substitute\n|move|p1a: Iron Moth|Fiery Dance|p2a: Dragonite\n|-resisted|p2a: Dragonite\n|-damage|p2a: Dragonite|28\/100\n|-boost|p1a: Iron Moth|spa|1\n|\n|upkeep\n|turn|10\n|\n|t:|1700358178\n|move|p2a: Dragonite|Extreme Speed|p1a: Iron Moth\n|-damage|p1a: Iron Moth|0 fnt\n|faint|p1a: Iron Moth\n|-end|p1a: Iron Moth|Quark Drive|[silent]\n|\n|upkeep\n|\n|t:|1700358188\n|switch|p1a: Basculegion|Basculegion, M, shiny|100\/100\n|-damage|p1a: Basculegion|88\/100|[from] Stealth Rock\n|turn|11\n|\n|t:|1700358192\n|move|p1a: Basculegion|Aqua Jet|p2a: Dragonite\n|-resisted|p2a: Dragonite\n|-damage|p2a: Dragonite|6\/100\n|move|p2a: Dragonite|Earthquake|p1a: Basculegion\n|-damage|p1a: Basculegion|0 fnt\n|faint|p1a: Basculegion\n|\n|upkeep\n|\n|t:|1700358199\n|switch|p1a: Inteleon|Inteleon, F|100\/100\n|-damage|p1a: Inteleon|88\/100|[from] Stealth Rock\n|turn|12\n|\n|t:|1700358204\n|move|p2a: Dragonite|Extreme Speed|p1a: Inteleon\n|-damage|p1a: Inteleon|0 fnt\n|faint|p1a: Inteleon\n|\n|upkeep\n|\n|t:|1700358208\n|switch|p1a: Iron Valiant|Iron Valiant|100\/100\n|-damage|p1a: Iron Valiant|94\/100|[from] Stealth Rock\n|-enditem|p1a: Iron Valiant|Booster Energy\n|-activate|p1a: Iron Valiant|ability: Quark Drive|[fromitem]\n|-start|p1a: Iron Valiant|quarkdrivespe\n|turn|13\n|\n|t:|1700358215\n|move|p2a: Dragonite|Extreme Speed|p1a: Iron Valiant\n|-damage|p1a: Iron Valiant|15\/100\n|move|p1a: Iron Valiant|Vacuum Wave|p2a: Dragonite\n|-resisted|p2a: Dragonite\n|-damage|p2a: Dragonite|0 fnt\n|faint|p2a: Dragonite\n|\n|upkeep\n|\n|t:|1700358231\n|switch|p2a: Mask on|Ogerpon-Wellspring, F|100\/100\n|turn|14\n|\n|t:|1700358239\n|move|p1a: Iron Valiant|Moonblast|p2a: Mask on\n|-damage|p2a: Mask on|43\/100\n|move|p2a: Mask on|Ivy Cudgel|p1a: Iron Valiant|[anim] Ivy Cudgel Water\n|-damage|p1a: Iron Valiant|0 fnt\n|faint|p1a: Iron Valiant\n|-end|p1a: Iron Valiant|Quark Drive|[silent]\n|\n|upkeep\n|\n|t:|1700358241\n|switch|p1a: Kleavor|Kleavor, M|98\/100 psn\n|-damage|p1a: Kleavor|73\/100 psn|[from] Stealth Rock\n|turn|15\n|\n|t:|1700358244\n|move|p2a: Mask on|Ivy Cudgel|p1a: Kleavor|[anim] Ivy Cudgel Water\n|-supereffective|p1a: Kleavor\n|-damage|p1a: Kleavor|0 fnt\n|faint|p1a: Kleavor\n|\n|win|Prav33n\n|raw|a regular bear's rating: 1453 &rarr; <strong>1438<\/strong><br \/>(-15 for losing)\n|raw|Prav33n's rating: 1534 &rarr; <strong>1549<\/strong><br \/>(+15 for winning)\n","uploadtime":1700358248,"views":8,"p1id":"aregularbear","p2id":"prav33n","formatid":"gen9ou","rating":1438,"private":0,"password":""}