{"id":"gen9ou-1989571672","p1":"zoro.d.wolf","p2":"shhhh Sagres ch","format":"[Gen 9] OU","log":"|j|\u2606zoro.d.wolf\n|j|\u2606shhhh Sagres ch\n|t:|1699873100\n|gametype|singles\n|player|p1|zoro.d.wolf|265|1093\n|player|p2|shhhh Sagres ch|artist-gen4|1000\n|teamsize|p1|6\n|teamsize|p2|6\n|gen|9\n|tier|[Gen 9] OU\n|rated|\n|rule|Sleep Clause Mod: Limit one foe put to sleep\n|rule|Species Clause: Limit one of each Pok\u00e9mon\n|rule|OHKO Clause: OHKO moves are banned\n|rule|Evasion Items Clause: Evasion items are banned\n|rule|Evasion Moves Clause: Evasion moves are banned\n|rule|Endless Battle Clause: Forcing endless battles is banned\n|rule|HP Percentage Mod: HP is shown in percentages\n|clearpoke\n|poke|p1|Pelipper, M|\n|poke|p1|Toxapex, M|\n|poke|p1|Quaquaval, M|\n|poke|p1|Ludicolo, M|\n|poke|p1|Barraskewda, F|\n|poke|p1|Samurott-Hisui, F|\n|poke|p2|Lurantis, F|\n|poke|p2|Spidops, F|\n|poke|p2|Florges, F|\n|poke|p2|Samurott-Hisui, M|\n|poke|p2|Drifblim, M|\n|poke|p2|Clodsire, M|\n|teampreview\n|inactive|Battle timer is ON: inactive players will automatically lose when time's up. (requested by zoro.d.wolf)\n|\n|t:|1699873115\n|start\n|switch|p1a: Toxapex|Toxapex, M|100\/100\n|switch|p2a: Spidops|Spidops, F|100\/100\n|turn|1\n|\n|t:|1699873123\n|move|p2a: Spidops|Sticky Web|p1a: Toxapex\n|-sidestart|p1: zoro.d.wolf|move: Sticky Web\n|move|p1a: Toxapex|Toxic|p2a: Spidops\n|-status|p2a: Spidops|tox\n|\n|-damage|p2a: Spidops|94\/100 tox|[from] psn\n|upkeep\n|turn|2\n|\n|t:|1699873129\n|move|p2a: Spidops|Spikes|p1a: Toxapex\n|-sidestart|p1: zoro.d.wolf|Spikes\n|move|p1a: Toxapex|Chilling Water|p2a: Spidops\n|-damage|p2a: Spidops|82\/100 tox\n|-unboost|p2a: Spidops|atk|1\n|\n|-damage|p2a: Spidops|70\/100 tox|[from] psn\n|upkeep\n|turn|3\n|\n|t:|1699873133\n|switch|p1a: Quaquaval|Quaquaval, M|100\/100\n|move|p2a: Spidops|Spikes|p1a: Quaquaval\n|-sidestart|p1: zoro.d.wolf|Spikes\n|\n|-damage|p2a: Spidops|51\/100 tox|[from] psn\n|upkeep\n|turn|4\n|\n|t:|1699873142\n|switch|p2a: Zigenburg|Drifblim, M|100\/100\n|move|p1a: Quaquaval|Rapid Spin|p2a: Zigenburg\n|-immune|p2a: Zigenburg\n|\n|upkeep\n|turn|5\n|\n|t:|1699873149\n|switch|p1a: Pelipper|Pelipper, M|100\/100\n|-weather|RainDance|[from] ability: Drizzle|[of] p1a: Pelipper\n|move|p2a: Zigenburg|Will-O-Wisp|p1a: Pelipper\n|-status|p1a: Pelipper|brn\n|\n|-weather|RainDance|[upkeep]\n|-damage|p1a: Pelipper|94\/100 brn|[from] brn\n|upkeep\n|turn|6\n|\n|t:|1699873152\n|switch|p2a: Lurantis|Lurantis, F|100\/100\n|move|p1a: Pelipper|Knock Off|p2a: Lurantis\n|-damage|p2a: Lurantis|94\/100\n|-enditem|p2a: Lurantis|Assault Vest|[from] move: Knock Off|[of] p1a: Pelipper\n|\n|-weather|RainDance|[upkeep]\n|-damage|p1a: Pelipper|88\/100 brn|[from] brn\n|upkeep\n|turn|7\n|\n|t:|1699873159\n|switch|p2a: Spidops|Spidops, F|51\/100 tox\n|move|p1a: Pelipper|Hurricane|p2a: Spidops\n|-supereffective|p2a: Spidops\n|-damage|p2a: Spidops|0 fnt\n|faint|p2a: Spidops\n|\n|-weather|RainDance|[upkeep]\n|-damage|p1a: Pelipper|82\/100 brn|[from] brn\n|upkeep\n|\n|t:|1699873169\n|switch|p2a: Florges|Florges, F|100\/100\n|turn|8\n|\n|t:|1699873172\n|move|p2a: Florges|Calm Mind|p2a: Florges\n|-boost|p2a: Florges|spa|1\n|-boost|p2a: Florges|spd|1\n|move|p1a: Pelipper|U-turn|p2a: Florges\n|-resisted|p2a: Florges\n|-damage|p2a: Florges|99\/100\n|\n|t:|1699873181\n|switch|p1a: Quaquaval|Quaquaval, M|100\/100|[from] U-turn\n|\n|-weather|RainDance|[upkeep]\n|-heal|p2a: Florges|100\/100|[from] item: Leftovers\n|upkeep\n|turn|9\n|\n|t:|1699873186\n|move|p1a: Quaquaval|Aqua Step|p2a: Florges\n|-damage|p2a: Florges|48\/100\n|-boost|p1a: Quaquaval|spe|1\n|move|p2a: Florges|Giga Drain|p1a: Quaquaval\n|-supereffective|p1a: Quaquaval\n|-damage|p1a: Quaquaval|19\/100\n|-heal|p2a: Florges|83\/100|[from] drain|[of] p1a: Quaquaval\n|\n|-weather|none\n|-heal|p2a: Florges|89\/100|[from] item: Leftovers\n|upkeep\n|turn|10\n|\n|t:|1699873194\n|switch|p2a: Zigenburg|Drifblim, M|100\/100\n|move|p1a: Quaquaval|Rapid Spin|p2a: Zigenburg\n|-immune|p2a: Zigenburg\n|\n|upkeep\n|turn|11\n|\n|t:|1699873203\n|switch|p1a: Pelipper|Pelipper, M|82\/100 brn\n|-weather|RainDance|[from] ability: Drizzle|[of] p1a: Pelipper\n|move|p2a: Zigenburg|Strength Sap|p1a: Pelipper\n|-unboost|p1a: Pelipper|atk|1\n|\n|-weather|RainDance|[upkeep]\n|-damage|p1a: Pelipper|76\/100 brn|[from] brn\n|upkeep\n|turn|12\n|\n|t:|1699873207\n|switch|p2a: Florges|Florges, F|89\/100\n|move|p1a: Pelipper|Knock Off|p2a: Florges\n|-resisted|p2a: Florges\n|-damage|p2a: Florges|88\/100\n|-enditem|p2a: Florges|Leftovers|[from] move: Knock Off|[of] p1a: Pelipper\n|\n|-weather|RainDance|[upkeep]\n|-damage|p1a: Pelipper|70\/100 brn|[from] brn\n|upkeep\n|turn|13\n|\n|t:|1699873214\n|move|p2a: Florges|Calm Mind|p2a: Florges\n|-boost|p2a: Florges|spa|1\n|-boost|p2a: Florges|spd|1\n|move|p1a: Pelipper|U-turn|p2a: Florges\n|-resisted|p2a: Florges\n|-damage|p2a: Florges|87\/100\n|\n|t:|1699873218\n|switch|p1a: Barraskewda|Barraskewda, F|100\/100|[from] U-turn\n|-activate|p1a: Barraskewda|move: Sticky Web\n|-unboost|p1a: Barraskewda|spe|1\n|-damage|p1a: Barraskewda|84\/100|[from] Spikes\n|\n|-weather|RainDance|[upkeep]\n|upkeep\n|turn|14\n|\n|t:|1699873225\n|move|p1a: Barraskewda|Poison Jab|p2a: Florges\n|-supereffective|p2a: Florges\n|-damage|p2a: Florges|17\/100\n|-status|p2a: Florges|psn\n|move|p2a: Florges|Giga Drain|p1a: Barraskewda\n|-supereffective|p1a: Barraskewda\n|-damage|p1a: Barraskewda|0 fnt\n|-heal|p2a: Florges|47\/100 psn|[from] drain|[of] p1a: Barraskewda\n|faint|p1a: Barraskewda\n|\n|-weather|RainDance|[upkeep]\n|-damage|p2a: Florges|35\/100 psn|[from] psn\n|upkeep\n|\n|t:|1699873234\n|switch|p1a: Quaquaval|Quaquaval, M|19\/100\n|turn|15\n|\n|t:|1699873239\n|switch|p2a: Zigenburg|Drifblim, M|100\/100\n|move|p1a: Quaquaval|Aqua Step|p2a: Zigenburg\n|-crit|p2a: Zigenburg\n|-damage|p2a: Zigenburg|29\/100\n|-boost|p1a: Quaquaval|spe|1\n|-enditem|p2a: Zigenburg|Sitrus Berry|[eat]\n|-heal|p2a: Zigenburg|54\/100|[from] item: Sitrus Berry\n|\n|-weather|none\n|upkeep\n|turn|16\n|\n|t:|1699873245\n|switch|p1a: Pelipper|Pelipper, M|70\/100 brn\n|-weather|RainDance|[from] ability: Drizzle|[of] p1a: Pelipper\n|move|p2a: Zigenburg|Strength Sap|p1a: Pelipper\n|-unboost|p1a: Pelipper|atk|1\n|-heal|p2a: Zigenburg|78\/100\n|\n|-weather|RainDance|[upkeep]\n|-damage|p1a: Pelipper|63\/100 brn|[from] brn\n|upkeep\n|turn|17\n|\n|t:|1699873251\n|move|p2a: Zigenburg|Hex|p1a: Pelipper\n|-damage|p1a: Pelipper|1\/100 brn\n|move|p1a: Pelipper|U-turn|p2a: Zigenburg\n|-resisted|p2a: Zigenburg\n|-damage|p2a: Zigenburg|78\/100\n|\n|t:|1699873262\n|switch|p1a: Quaquaval|Quaquaval, M|19\/100|[from] U-turn\n|\n|-weather|RainDance|[upkeep]\n|upkeep\n|turn|18\n|\n|t:|1699873269\n|move|p2a: Zigenburg|Hex|p1a: Quaquaval\n|-damage|p1a: Quaquaval|0 fnt\n|faint|p1a: Quaquaval\n|\n|-weather|RainDance|[upkeep]\n|upkeep\n|\n|t:|1699873276\n|switch|p1a: Toxapex|Toxapex, M|100\/100\n|-activate|p1a: Toxapex|move: Sticky Web\n|-unboost|p1a: Toxapex|spe|1\n|-damage|p1a: Toxapex|84\/100|[from] Spikes\n|turn|19\n|\n|t:|1699873285\n|switch|p2a: Florges|Florges, F|35\/100 psn\n|move|p1a: Toxapex|Chilling Water|p2a: Florges\n|-damage|p2a: Florges|25\/100 psn\n|-unboost|p2a: Florges|atk|1\n|\n|-weather|RainDance|[upkeep]\n|-heal|p1a: Toxapex|90\/100|[from] item: Black Sludge\n|-damage|p2a: Florges|12\/100 psn|[from] psn\n|upkeep\n|turn|20\n|\n|t:|1699873292\n|move|p1a: Toxapex|Baneful Bunker|p1a: Toxapex\n|-singleturn|p1a: Toxapex|move: Protect\n|move|p2a: Florges|Giga Drain|p1a: Toxapex\n|-activate|p1a: Toxapex|move: Protect\n|\n|-weather|none\n|-heal|p1a: Toxapex|96\/100|[from] item: Black Sludge\n|-damage|p2a: Florges|0 fnt|[from] psn\n|faint|p2a: Florges\n|upkeep\n|\n|t:|1699873295\n|switch|p2a: Clodsire|Clodsire, M|100\/100\n|turn|21\n|\n|t:|1699873303\n|switch|p1a: Pelipper|Pelipper, M|1\/100 brn\n|-weather|RainDance|[from] ability: Drizzle|[of] p1a: Pelipper\n|move|p2a: Clodsire|Stealth Rock|p1a: Pelipper\n|-sidestart|p1: zoro.d.wolf|move: Stealth Rock\n|\n|-weather|RainDance|[upkeep]\n|-damage|p1a: Pelipper|0 fnt|[from] brn\n|faint|p1a: Pelipper\n|upkeep\n|\n|t:|1699873311\n|switch|p1a: Samurott|Samurott-Hisui, F|100\/100\n|-activate|p1a: Samurott|move: Sticky Web\n|-unboost|p1a: Samurott|spe|1\n|-damage|p1a: Samurott|84\/100|[from] Spikes\n|-damage|p1a: Samurott|72\/100|[from] Stealth Rock\n|turn|22\n|\n|t:|1699873317\n|switch|p2a: Samurott|Samurott-Hisui, M|100\/100\n|move|p1a: Samurott|Dark Pulse|p2a: Samurott\n|-resisted|p2a: Samurott\n|-damage|p2a: Samurott|77\/100\n|\n|-weather|RainDance|[upkeep]\n|upkeep\n|turn|23\n|\n|t:|1699873322\n|move|p2a: Samurott|Sacred Sword|p1a: Samurott\n|-supereffective|p1a: Samurott\n|-damage|p1a: Samurott|0 fnt\n|faint|p1a: Samurott\n|\n|-weather|RainDance|[upkeep]\n|upkeep\n|\n|t:|1699873332\n|switch|p1a: Toxapex|Toxapex, M|100\/100\n|-activate|p1a: Toxapex|move: Sticky Web\n|-unboost|p1a: Toxapex|spe|1\n|-damage|p1a: Toxapex|84\/100|[from] Spikes\n|-damage|p1a: Toxapex|72\/100|[from] Stealth Rock\n|turn|24\n|-message|zoro.d.wolf forfeited.\n|\n|win|shhhh Sagres ch\n|raw|zoro.d.wolf's rating: 1093 &rarr; <strong>1063<\/strong><br \/>(-30 for losing)\n|raw|shhhh Sagres ch's rating: 1000 &rarr; <strong>1050<\/strong><br \/>(+50 for winning)\n|l|\u2606zoro.d.wolf\n","uploadtime":1699873347,"views":14,"p1id":"zorodwolf","p2id":"shhhhsagresch","formatid":"gen9ou","rating":1050,"private":0,"password":""}