{"id":"gen9ou-1994275913","p1":"mcp3","p2":"B1RKSY","format":"[Gen 9] OU","log":"|j|\u2606mcp3\n|j|\u2606B1RKSY\n|inactive|Battle timer is ON: inactive players will automatically lose when time's up.\n|t:|1700426101\n|gametype|singles\n|player|p1|mcp3|sage|\n|player|p2|B1RKSY|cynthia-gen4|\n|teamsize|p1|6\n|teamsize|p2|6\n|gen|9\n|tier|[Gen 9] OU\n|rated|Tournament battle\n|rule|Sleep Clause Mod: Limit one foe put to sleep\n|rule|Species Clause: Limit one of each Pok\u00e9mon\n|rule|OHKO Clause: OHKO moves are banned\n|rule|Evasion Items Clause: Evasion items are banned\n|rule|Evasion Moves Clause: Evasion moves are banned\n|rule|Endless Battle Clause: Forcing endless battles is banned\n|rule|HP Percentage Mod: HP is shown in percentages\n|clearpoke\n|poke|p1|Dragapult, M|\n|poke|p1|Great Tusk|\n|poke|p1|Enamorus, F|\n|poke|p1|Kingambit, M|\n|poke|p1|Heatran, M|\n|poke|p1|Toxapex, M|\n|poke|p2|Torkoal, F|\n|poke|p2|Walking Wake|\n|poke|p2|Glimmora, M|\n|poke|p2|Zoroark-Hisui, M|\n|poke|p2|Great Tusk|\n|poke|p2|Zapdos|\n|teampreview\n|j| sandveil10\n|j| PsiKowboj\n|j| diditdone\n|c| PsiKowboj|no thick fat hairyama\n|j| mcdogface\n|j| koodagameplay\n|j| Medasus\n|j| A KlNG\u265b\u2654\u2655\n|j| peepeepoopoo72\n|c| PsiKowboj|its over ggwp all\n|j| Ban Miraidon\n|j| caraincomodo\n|j| tx401\n|\n|t:|1700426122\n|start\n|switch|p1a: Leviathan|Dragapult, M, shiny|100\/100\n|switch|p2a: Glimmora|Glimmora, M|100\/100\n|turn|1\n|c| sandveil10|this one's for all the marbles\n|c| sandveil10|let's go\n|\n|t:|1700426135\n|move|p1a: Leviathan|Draco Meteor|p2a: Glimmora\n|-damage|p2a: Glimmora|0 fnt\n|-unboost|p1a: Leviathan|spa|2\n|replace|p2a: Zoroark|Zoroark-Hisui, M\n|-end|p2a: Zoroark|Illusion\n|faint|p2a: Zoroark\n|\n|upkeep\n|j| Nonexistent_0\n|c| PsiKowboj|damn\n|j| drop a burn\n|c|\u2606B1RKSY|Shoulda done the tera fairy\n|c|\u2606B1RKSY|I doubted myself\n|j| virgin to rank 1\n|l| tx401\n|\n|t:|1700426156\n|switch|p2a: Great Tusk|Great Tusk|100\/100\n|turn|2\n|c|\u2606mcp3|thats an objectively bad turn 1 play tbf\n|j| jb291\n|l| jb291\n|c|\u2606B1RKSY|Psi he doesn't see the vision\n|c|\u2606mcp3|u made the right choice\n|inactive|B1RKSY has 120 seconds left.\n|c|\u2606mcp3|genuinely\n|\n|t:|1700426180\n|switch|p1a: Gin|Enamorus, F, shiny|100\/100\n|move|p2a: Great Tusk|Ice Spinner|p1a: Gin\n|-supereffective|p1a: Gin\n|-crit|p1a: Gin\n|-damage|p1a: Gin|0 fnt\n|faint|p1a: Gin\n|\n|upkeep\n|c| PsiKowboj|he doesnt...\n|j| iron tusk 69\n|\n|t:|1700426188\n|switch|p1a: Leviathan|Dragapult, M, shiny|100\/100\n|turn|3\n|l| virgin to rank 1\n|inactive|B1RKSY has 120 seconds left.\n|\n|t:|1700426203\n|move|p1a: Leviathan|Draco Meteor|p2a: Great Tusk|[miss]\n|-miss|p1a: Leviathan|p2a: Great Tusk\n|move|p2a: Great Tusk|Ice Spinner|p1a: Leviathan\n|-supereffective|p1a: Leviathan\n|-damage|p1a: Leviathan|23\/100\n|\n|upkeep\n|turn|4\n|\n|t:|1700426209\n|move|p1a: Leviathan|Draco Meteor|p2a: Great Tusk|[miss]\n|-miss|p1a: Leviathan|p2a: Great Tusk\n|move|p2a: Great Tusk|Ice Spinner|p1a: Leviathan\n|-supereffective|p1a: Leviathan\n|-damage|p1a: Leviathan|0 fnt\n|faint|p1a: Leviathan\n|\n|upkeep\n|c|\u2606B1RKSY|sonic mode\n|c| sandveil10|ok game\n|c| PsiKowboj|we are so tuskback\n|\n|t:|1700426221\n|switch|p1a: Chaos|Heatran, M, shiny|100\/100\n|-item|p1a: Chaos|Air Balloon\n|turn|5\n|\n|t:|1700426238\n|move|p2a: Great Tusk|Close Combat|p1a: Chaos\n|-supereffective|p1a: Chaos\n|-damage|p1a: Chaos|16\/100\n|-unboost|p2a: Great Tusk|def|1\n|-unboost|p2a: Great Tusk|spd|1\n|-status|p2a: Great Tusk|brn|[from] ability: Flame Body|[of] p1a: Chaos\n|-enditem|p1a: Chaos|Air Balloon\n|move|p1a: Chaos|Stealth Rock|p2a: Great Tusk\n|-sidestart|p2: B1RKSY|move: Stealth Rock\n|\n|-damage|p2a: Great Tusk|94\/100 brn|[from] brn\n|upkeep\n|turn|6\n|c| PsiKowboj|crazy how thick fat hairyama counter heatran like its norhing\n|\n|t:|1700426248\n|switch|p1a: Behemoth|Great Tusk, shiny|100\/100\n|move|p2a: Great Tusk|Earthquake|p1a: Behemoth\n|-damage|p1a: Behemoth|78\/100\n|\n|-damage|p2a: Great Tusk|88\/100 brn|[from] brn\n|upkeep\n|turn|7\n|c| diditdone|flame body pog\n|c| koodagameplay|DAMN BRO\n|\n|t:|1700426258\n|move|p1a: Behemoth|Close Combat|p2a: Great Tusk\n|-crit|p2a: Great Tusk\n|-damage|p2a: Great Tusk|0 fnt\n|-unboost|p1a: Behemoth|def|1\n|-unboost|p1a: Behemoth|spd|1\n|faint|p2a: Great Tusk\n|-end|p2a: Great Tusk|Protosynthesis|[silent]\n|\n|upkeep\n|\n|t:|1700426271\n|switch|p2a: Torkoal|Torkoal, F|100\/100\n|-damage|p2a: Torkoal|76\/100|[from] Stealth Rock\n|-weather|SunnyDay|[from] ability: Drought|[of] p2a: Torkoal\n|-activate|p1a: Behemoth|ability: Protosynthesis\n|-start|p1a: Behemoth|protosynthesisatk\n|turn|8\n|\n|t:|1700426279\n|move|p1a: Behemoth|Close Combat|p2a: Torkoal\n|-damage|p2a: Torkoal|0 fnt\n|-unboost|p1a: Behemoth|def|1\n|-unboost|p1a: Behemoth|spd|1\n|faint|p2a: Torkoal\n|\n|-weather|SunnyDay|[upkeep]\n|upkeep\n|\n|t:|1700426285\n|switch|p2a: Walking Wake|Walking Wake|100\/100\n|-damage|p2a: Walking Wake|88\/100|[from] Stealth Rock\n|-activate|p2a: Walking Wake|ability: Protosynthesis\n|-start|p2a: Walking Wake|protosynthesisspe\n|turn|9\n|l| A KlNG\u265b\u2654\u2655\n|\n|t:|1700426291\n|-end|p1a: Behemoth|Protosynthesis|[silent]\n|switch|p1a: Serpentine|Toxapex, M, shiny|100\/100\n|move|p2a: Walking Wake|Hydro Steam|p1a: Serpentine\n|-resisted|p1a: Serpentine\n|-damage|p1a: Serpentine|75\/100\n|-damage|p2a: Walking Wake|78\/100|[from] item: Life Orb\n|\n|-weather|SunnyDay|[upkeep]\n|-heal|p1a: Serpentine|81\/100|[from] item: Leftovers\n|upkeep\n|turn|10\n|\n|t:|1700426303\n|move|p2a: Walking Wake|Draco Meteor|p1a: Serpentine\n|-damage|p1a: Serpentine|25\/100\n|-unboost|p2a: Walking Wake|spa|2\n|-damage|p2a: Walking Wake|68\/100|[from] item: Life Orb\n|move|p1a: Serpentine|Toxic|p2a: Walking Wake\n|-status|p2a: Walking Wake|tox\n|\n|-weather|SunnyDay|[upkeep]\n|-heal|p1a: Serpentine|31\/100|[from] item: Leftovers\n|-damage|p2a: Walking Wake|62\/100 tox|[from] psn\n|upkeep\n|turn|11\n|\n|t:|1700426314\n|-end|p2a: Walking Wake|Protosynthesis|[silent]\n|switch|p2a: Zapdos|Zapdos|100\/100\n|switch|p1a: Chaos|Heatran, M, shiny|16\/100\n|\n|-weather|SunnyDay|[upkeep]\n|upkeep\n|turn|12\n|c|\u2606B1RKSY|It's joever\n|\n|t:|1700426327\n|move|p1a: Chaos|Protect|p1a: Chaos\n|-singleturn|p1a: Chaos|Protect\n|move|p2a: Zapdos|Discharge|p1a: Chaos\n|-activate|p1a: Chaos|move: Protect\n|\n|-weather|none\n|upkeep\n|turn|13\n|c| PsiKowboj|nah its not\n|j| axolity ty\n|c| mcdogface|nah the glimm in the back's got this\n|c| sandveil10|don't give up\n|\n|t:|1700426334\n|move|p2a: Zapdos|Hurricane|p1a: Chaos\n|-resisted|p1a: Chaos\n|-damage|p1a: Chaos|0 fnt\n|faint|p1a: Chaos\n|\n|upkeep\n|c| PsiKowboj|oh wait gambit in back\n|c| koodagameplay|I want to see someone winning a Tournement with monotype.\n|\n|t:|1700426341\n|switch|p1a: Serpentine|Toxapex, M, shiny|65\/100\n|turn|14\n|c|\u2606B1RKSY|run n tell dat\n|\n|t:|1700426357\n|switch|p1a: Behemoth|Great Tusk, shiny|78\/100\n|move|p2a: Zapdos|Discharge|p1a: Behemoth\n|-immune|p1a: Behemoth\n|\n|upkeep\n|turn|15\n|\n|t:|1700426364\n|move|p2a: Zapdos|Hurricane|p1a: Behemoth\n|-supereffective|p1a: Behemoth\n|-damage|p1a: Behemoth|0 fnt\n|faint|p1a: Behemoth\n|-end|p1a: Behemoth|Protosynthesis|[silent]\n|\n|upkeep\n|\n|t:|1700426365\n|switch|p1a: Serpentine|Toxapex, M, shiny|98\/100\n|turn|16\n|c| PsiKowboj|snow mono ice about to sweep next tournament\n|j| Kaora 90\n|\n|t:|1700426372\n|move|p2a: Zapdos|Discharge|p1a: Serpentine\n|-supereffective|p1a: Serpentine\n|-damage|p1a: Serpentine|52\/100\n|-status|p1a: Serpentine|par\n|move|p1a: Serpentine|Toxic|p2a: Zapdos\n|-status|p2a: Zapdos|tox\n|\n|-heal|p1a: Serpentine|58\/100 par|[from] item: Leftovers\n|-damage|p2a: Zapdos|94\/100 tox|[from] psn\n|upkeep\n|turn|17\n|l| Kaora 90\n|\n|t:|1700426395\n|move|p2a: Zapdos|Discharge|p1a: Serpentine\n|-supereffective|p1a: Serpentine\n|-damage|p1a: Serpentine|14\/100 par\n|move|p1a: Serpentine|Recover|p1a: Serpentine\n|-heal|p1a: Serpentine|64\/100 par\n|\n|-heal|p1a: Serpentine|70\/100 par|[from] item: Leftovers\n|-damage|p2a: Zapdos|82\/100 tox|[from] psn\n|upkeep\n|turn|18\n|j| cluelessmagnet\n|\n|t:|1700426407\n|move|p2a: Zapdos|Hurricane|p1a: Serpentine|[miss]\n|-miss|p2a: Zapdos|p1a: Serpentine\n|move|p1a: Serpentine|Recover|p1a: Serpentine\n|-heal|p1a: Serpentine|100\/100 par\n|\n|-damage|p2a: Zapdos|63\/100 tox|[from] psn\n|upkeep\n|turn|19\n|j| qrib\n|\n|t:|1700426414\n|switch|p2a: Glimmora|Glimmora, M|100\/100\n|-damage|p2a: Glimmora|88\/100|[from] Stealth Rock\n|move|p1a: Serpentine|Surf|p2a: Glimmora\n|-supereffective|p2a: Glimmora\n|-damage|p2a: Glimmora|35\/100\n|\n|upkeep\n|turn|20\n|\n|t:|1700426425\n|move|p2a: Glimmora|Earth Power|p1a: Serpentine\n|-supereffective|p1a: Serpentine\n|-damage|p1a: Serpentine|64\/100 par\n|cant|p1a: Serpentine|par\n|\n|-heal|p1a: Serpentine|69\/100 par|[from] item: Leftovers\n|upkeep\n|turn|21\n|\n|t:|1700426431\n|-terastallize|p1a: Serpentine|Flying\n|move|p2a: Glimmora|Earth Power|p1a: Serpentine\n|-immune|p1a: Serpentine\n|cant|p1a: Serpentine|par\n|\n|-heal|p1a: Serpentine|75\/100 par|[from] item: Leftovers\n|upkeep\n|turn|22\n|\n|t:|1700426439\n|move|p2a: Glimmora|Power Gem|p1a: Serpentine\n|-supereffective|p1a: Serpentine\n|-damage|p1a: Serpentine|19\/100 par\n|move|p1a: Serpentine|Surf|p2a: Glimmora\n|-supereffective|p2a: Glimmora\n|-damage|p2a: Glimmora|0 fnt\n|faint|p2a: Glimmora\n|\n|-heal|p1a: Serpentine|25\/100 par|[from] item: Leftovers\n|upkeep\n|\n|t:|1700426455\n|switch|p2a: Zapdos|Zapdos|63\/100 tox\n|turn|23\n|c| PsiKowboj|its not over\n|\n|t:|1700426459\n|move|p2a: Zapdos|Discharge|p1a: Serpentine\n|-supereffective|p1a: Serpentine\n|-damage|p1a: Serpentine|0 fnt\n|faint|p1a: Serpentine\n|\n|-damage|p2a: Zapdos|57\/100 tox|[from] psn\n|upkeep\n|\n|t:|1700426461\n|switch|p1a: Overgod|Kingambit, M, shiny|100\/100\n|-activate|p1a: Overgod|ability: Supreme Overlord\n|-start|p1a: Overgod|fallen5|[silent]\n|turn|24\n|c|\u2606B1RKSY|we're back\n|c| koodagameplay|It's a 2v1 now\n|c| PsiKowboj|just need static para\n|\n|t:|1700426469\n|move|p2a: Zapdos|Discharge|p1a: Overgod\n|-damage|p1a: Overgod|61\/100\n|-status|p1a: Overgod|par\n|move|p1a: Overgod|Kowtow Cleave|p2a: Zapdos\n|-damage|p2a: Zapdos|0 fnt\n|faint|p2a: Zapdos\n|\n|upkeep\n|j| Light Dlc1 Train\n|c| PsiKowboj|its not zapover\n|\n|t:|1700426476\n|switch|p2a: Walking Wake|Walking Wake|62\/100 tox\n|-damage|p2a: Walking Wake|50\/100 tox|[from] Stealth Rock\n|turn|25\n|c| PsiKowboj|its not ZAPOVER\n|\n|t:|1700426480\n|-terastallize|p2a: Walking Wake|Fairy\n|cant|p1a: Overgod|par\n|move|p2a: Walking Wake|Flamethrower|p1a: Overgod\n|-supereffective|p1a: Overgod\n|-damage|p1a: Overgod|0 fnt\n|faint|p1a: Overgod\n|-end|p1a: Overgod|fallen5|[silent]\n|-damage|p2a: Walking Wake|40\/100 tox|[from] item: Life Orb\n|\n|win|B1RKSY\n|n|\u2606mcp3|mcp3\n|n|\u2606B1RKSY|b1rksy\n|n| sandveil10|sandveil10\n|n| PsiKowboj|psikowboj\n|n| diditdone|diditdone\n|n| mcdogface|mcdogface\n|n| koodagameplay|koodagameplay\n|n| Medasus|medasus\n|n| peepeepoopoo72|peepeepoopoo72\n|n| Ban Miraidon|banmiraidon\n|n| caraincomodo|caraincomodo\n|n| Nonexistent_0|nonexistent0\n|n| drop a burn|dropaburn\n|n| iron tusk 69|irontusk69\n|n| axolity ty|axolityty\n|n| cluelessmagnet|cluelessmagnet\n|n| qrib|qrib\n|n| Light Dlc1 Train|lightdlc1train\n|c| mcdogface|para is a great mechanic\n|l| drop a burn\n|c| PsiKowboj|YOOOOOOOOOOOOOOO\n|c| diditdone|lol\n|l|\u2606mcp3\n|c| PsiKowboj|GGWP\n|l| Nonexistent_0\n|c|\u2606B1RKSY|WE ARE BACK\n|c|\u2606B1RKSY|gg\n|c| PsiKowboj|ngl i knew you will win\n|l| mcdogface\n|l| Medasus\n|c| koodagameplay|GG\n|c|\u2606B1RKSY|GG broski\n|l| axolity ty\n|c| PsiKowboj|but still hairyama would go crazyyy\n|l| caraincomodo\n|l| koodagameplay\n|l| diditdone\n|l| Light Dlc1 Train\n|l| PsiKowboj\n|l| cluelessmagnet\n|l| sandveil10\n|c|\u2606B1RKSY|I couldn't have done it without you psi\n|j| Mr.Hardware\n","uploadtime":1700426485,"views":14,"p1id":"mcp3","p2id":"b1rksy","formatid":"gen9ou","rating":0,"private":0,"password":""}