{"id":"gen9ou-1989663595","p1":"CheetosD","p2":"TeamGiantDouche","format":"[Gen 9] OU","log":"|j|\u2606CheetosD\n|j|\u2606TeamGiantDouche\n|t:|1699884602\n|gametype|singles\n|player|p1|CheetosD|2|1162\n|player|p2|TeamGiantDouche|265|1184\n|teamsize|p1|6\n|teamsize|p2|6\n|gen|9\n|tier|[Gen 9] OU\n|rated|\n|rule|Sleep Clause Mod: Limit one foe put to sleep\n|rule|Species Clause: Limit one of each Pok\u00e9mon\n|rule|OHKO Clause: OHKO moves are banned\n|rule|Evasion Items Clause: Evasion items are banned\n|rule|Evasion Moves Clause: Evasion moves are banned\n|rule|Endless Battle Clause: Forcing endless battles is banned\n|rule|HP Percentage Mod: HP is shown in percentages\n|clearpoke\n|poke|p1|Charizard, F|\n|poke|p1|Great Tusk|\n|poke|p1|Hatterene, F|\n|poke|p1|Magnezone|\n|poke|p1|Ribombee, M|\n|poke|p1|Glimmora, M|\n|poke|p2|Ninetales-Alola, F|\n|poke|p2|Empoleon, M|\n|poke|p2|Ribombee, M|\n|poke|p2|Gholdengo|\n|poke|p2|Great Tusk|\n|poke|p2|Alomomola, M|\n|teampreview\n|inactive|Battle timer is ON: inactive players will automatically lose when time's up. (requested by CheetosD)\n|\n|t:|1699884611\n|start\n|switch|p1a: Ribombee|Ribombee, M|100\/100\n|switch|p2a: Ninetales|Ninetales-Alola, F|100\/100\n|-weather|Snow|[from] ability: Snow Warning|[of] p2a: Ninetales\n|turn|1\n|\n|t:|1699884616\n|move|p1a: Ribombee|Trick|p2a: Ninetales\n|-activate|p1a: Ribombee|move: Trick|[of] p2a: Ninetales\n|-item|p2a: Ninetales|Choice Specs|[from] move: Trick\n|-item|p1a: Ribombee|Light Clay|[from] move: Trick\n|move|p2a: Ninetales|Encore|p1a: Ribombee\n|-start|p1a: Ribombee|Encore\n|\n|-weather|Snow|[upkeep]\n|upkeep\n|turn|2\n|\n|t:|1699884628\n|switch|p1a: Charizard|Charizard, F|100\/100\n|move|p2a: Ninetales|Encore||[still]\n|-fail|p2a: Ninetales\n|\n|-weather|Snow|[upkeep]\n|upkeep\n|turn|3\n|\n|t:|1699884633\n|switch|p2a: Alomomola|Alomomola, M|100\/100\n|switch|p1a: Ribombee|Ribombee, M|100\/100\n|\n|-weather|Snow|[upkeep]\n|upkeep\n|turn|4\n|\n|t:|1699884636\n|switch|p2a: Ninetales|Ninetales-Alola, F|100\/100\n|move|p1a: Ribombee|Sticky Web|p2a: Ninetales\n|-sidestart|p2: TeamGiantDouche|move: Sticky Web\n|\n|-weather|Snow|[upkeep]\n|upkeep\n|turn|5\n|\n|t:|1699884648\n|move|p1a: Ribombee|Moonblast|p2a: Ninetales\n|-damage|p2a: Ninetales|52\/100\n|move|p2a: Ninetales|Aurora Veil|p2a: Ninetales\n|-sidestart|p2: TeamGiantDouche|move: Aurora Veil\n|\n|-weather|none\n|upkeep\n|turn|6\n|\n|t:|1699884655\n|switch|p2a: Ribombee|Ribombee, M|100\/100\n|-activate|p2a: Ribombee|move: Sticky Web\n|-unboost|p2a: Ribombee|spe|1\n|move|p1a: Ribombee|Moonblast|p2a: Ribombee\n|-damage|p2a: Ribombee|64\/100\n|\n|upkeep\n|turn|7\n|\n|t:|1699884660\n|move|p1a: Ribombee|Moonblast|p2a: Ribombee\n|-damage|p2a: Ribombee|32\/100\n|move|p2a: Ribombee|Sticky Web|p1a: Ribombee\n|-sidestart|p1: CheetosD|move: Sticky Web\n|\n|upkeep\n|turn|8\n|\n|t:|1699884666\n|move|p1a: Ribombee|Moonblast|p2a: Ribombee\n|-damage|p2a: Ribombee|0 fnt\n|faint|p2a: Ribombee\n|\n|upkeep\n|\n|t:|1699884673\n|switch|p2a: Empoleon|Empoleon, M|100\/100\n|-activate|p2a: Empoleon|move: Sticky Web\n|-unboost|p2a: Empoleon|spe|1\n|-ability|p2a: Empoleon|Competitive|boost\n|-boost|p2a: Empoleon|spa|2\n|turn|9\n|\n|t:|1699884680\n|move|p1a: Ribombee|Moonblast|p2a: Empoleon\n|-resisted|p2a: Empoleon\n|-damage|p2a: Empoleon|89\/100\n|-unboost|p2a: Empoleon|spa|1\n|-ability|p2a: Empoleon|Competitive|boost\n|-boost|p2a: Empoleon|spa|2\n|move|p2a: Empoleon|Agility|p2a: Empoleon\n|-boost|p2a: Empoleon|spe|2\n|\n|-sideend|p2: TeamGiantDouche|move: Aurora Veil\n|upkeep\n|turn|10\n|\n|t:|1699884692\n|move|p1a: Ribombee|Trick|p2a: Empoleon\n|-activate|p1a: Ribombee|move: Trick|[of] p2a: Empoleon\n|-item|p2a: Empoleon|Light Clay|[from] move: Trick\n|-item|p1a: Ribombee|Weakness Policy|[from] move: Trick\n|move|p2a: Empoleon|Swords Dance|p2a: Empoleon\n|-boost|p2a: Empoleon|atk|2\n|\n|upkeep\n|turn|11\n|\n|t:|1699884698\n|switch|p1a: Great Tusk|Great Tusk|100\/100\n|move|p2a: Empoleon|Swords Dance|p2a: Empoleon\n|-boost|p2a: Empoleon|atk|2\n|\n|upkeep\n|turn|12\n|\n|t:|1699884705\n|-terastallize|p2a: Empoleon|Dark\n|-terastallize|p1a: Great Tusk|Steel\n|move|p2a: Empoleon|Swords Dance|p2a: Empoleon\n|-boost|p2a: Empoleon|atk|2\n|move|p1a: Great Tusk|Rapid Spin|p2a: Empoleon\n|-damage|p2a: Empoleon|68\/100\n|-boost|p1a: Great Tusk|spe|1\n|-sideend|p1: CheetosD|Sticky Web|[from] move: Rapid Spin|[of] p1a: Great Tusk\n|\n|upkeep\n|turn|13\n|\n|t:|1699884711\n|move|p1a: Great Tusk|Close Combat|p2a: Empoleon\n|-supereffective|p2a: Empoleon\n|-damage|p2a: Empoleon|0 fnt\n|-unboost|p1a: Great Tusk|def|1\n|-unboost|p1a: Great Tusk|spd|1\n|faint|p2a: Empoleon\n|\n|upkeep\n|c|\u2606CheetosD|Lmao\n|-message|TeamGiantDouche forfeited.\n|\n|win|CheetosD\n|raw|CheetosD's rating: 1162 &rarr; <strong>1189<\/strong><br \/>(+27 for winning)\n|raw|TeamGiantDouche's rating: 1184 &rarr; <strong>1157<\/strong><br \/>(-27 for losing)\n|l|\u2606TeamGiantDouche\n","uploadtime":1699884732,"views":17,"p1id":"cheetosd","p2id":"teamgiantdouche","formatid":"gen9ou","rating":1157,"private":0,"password":""}