{"id":"gen9ou-1991336231","p1":"froody95","p2":"FiveFingerIcePunch","format":"[Gen 9] OU","log":"|j|\u2606froody95\n|j|\u2606FiveFingerIcePunch\n|t:|1700068661\n|gametype|singles\n|player|p1|froody95|unknown|1186\n|player|p2|FiveFingerIcePunch|workerice|1097\n|teamsize|p1|6\n|teamsize|p2|6\n|gen|9\n|tier|[Gen 9] OU\n|rated|\n|rule|Sleep Clause Mod: Limit one foe put to sleep\n|rule|Species Clause: Limit one of each Pok\u00e9mon\n|rule|OHKO Clause: OHKO moves are banned\n|rule|Evasion Items Clause: Evasion items are banned\n|rule|Evasion Moves Clause: Evasion moves are banned\n|rule|Endless Battle Clause: Forcing endless battles is banned\n|rule|HP Percentage Mod: HP is shown in percentages\n|clearpoke\n|poke|p1|Greninja-*, M|\n|poke|p1|Ninetales-Alola, M|\n|poke|p1|Pelipper, M|\n|poke|p1|Goodra-Hisui, F|\n|poke|p1|Glimmora, M|\n|poke|p1|Samurott-Hisui, M|\n|poke|p2|Samurott-Hisui, M|\n|poke|p2|Weavile, F|\n|poke|p2|Sneasler, F|\n|poke|p2|Iron Valiant|\n|poke|p2|Corviknight, M|\n|poke|p2|Toxapex, F|\n|teampreview\n|\n|t:|1700068690\n|start\n|switch|p1a: Ninetales|Ninetales-Alola, M|100\/100\n|switch|p2a: Sneasler|Sneasler, F, shiny|100\/100\n|-weather|Snow|[from] ability: Snow Warning|[of] p1a: Ninetales\n|-item|p2a: Sneasler|Air Balloon\n|turn|1\n|\n|t:|1700068694\n|move|p1a: Ninetales|Aurora Veil|p1a: Ninetales\n|-sidestart|p1: froody95|move: Aurora Veil\n|move|p2a: Sneasler|Dire Claw|p1a: Ninetales\n|-supereffective|p1a: Ninetales\n|-damage|p1a: Ninetales|56\/100\n|\n|-weather|Snow|[upkeep]\n|upkeep\n|turn|2\n|\n|t:|1700068701\n|move|p1a: Ninetales|Moonblast|p2a: Sneasler\n|-damage|p2a: Sneasler|54\/100\n|-unboost|p2a: Sneasler|spa|1\n|-enditem|p2a: Sneasler|Air Balloon\n|move|p2a: Sneasler|Swords Dance|p2a: Sneasler\n|-boost|p2a: Sneasler|atk|2\n|\n|-weather|Snow|[upkeep]\n|upkeep\n|turn|3\n|inactive|Battle timer is ON: inactive players will automatically lose when time's up. (requested by froody95)\n|\n|t:|1700068708\n|move|p2a: Sneasler|Dire Claw|p1a: Ninetales\n|-supereffective|p1a: Ninetales\n|-damage|p1a: Ninetales|0 fnt\n|faint|p1a: Ninetales\n|\n|-weather|Snow|[upkeep]\n|upkeep\n|\n|t:|1700068713\n|switch|p1a: Pelipper|Pelipper, M, shiny|100\/100\n|-weather|RainDance|[from] ability: Drizzle|[of] p1a: Pelipper\n|turn|4\n|\n|t:|1700068716\n|move|p2a: Sneasler|Dire Claw|p1a: Pelipper\n|-damage|p1a: Pelipper|66\/100\n|-status|p1a: Pelipper|slp\n|cant|p1a: Pelipper|slp\n|\n|-weather|RainDance|[upkeep]\n|upkeep\n|turn|5\n|\n|t:|1700068720\n|move|p2a: Sneasler|Dire Claw|p1a: Pelipper\n|-damage|p1a: Pelipper|33\/100 slp\n|cant|p1a: Pelipper|slp\n|\n|-weather|RainDance|[upkeep]\n|upkeep\n|turn|6\n|\n|t:|1700068723\n|switch|p1a: Glimmora|Glimmora, M|100\/100\n|-item|p1a: Glimmora|Air Balloon\n|move|p2a: Sneasler|Dire Claw|p1a: Glimmora\n|-resisted|p1a: Glimmora\n|-damage|p1a: Glimmora|90\/100\n|-activate|p1a: Glimmora|ability: Toxic Debris\n|-sidestart|p2: FiveFingerIcePunch|move: Toxic Spikes\n|-enditem|p1a: Glimmora|Air Balloon\n|\n|-weather|RainDance|[upkeep]\n|upkeep\n|turn|7\n|\n|t:|1700068729\n|-terastallize|p2a: Sneasler|Flying\n|move|p2a: Sneasler|Close Combat|p1a: Glimmora\n|-damage|p1a: Glimmora|25\/100\n|-unboost|p2a: Sneasler|def|1\n|-unboost|p2a: Sneasler|spd|1\n|-activate|p1a: Glimmora|ability: Toxic Debris\n|-sidestart|p2: FiveFingerIcePunch|move: Toxic Spikes\n|move|p1a: Glimmora|Stealth Rock|p2a: Sneasler\n|-sidestart|p2: FiveFingerIcePunch|move: Stealth Rock\n|\n|-weather|RainDance|[upkeep]\n|upkeep\n|turn|8\n|\n|t:|1700068734\n|move|p1a: Glimmora|Spiky Shield|p1a: Glimmora\n|-singleturn|p1a: Glimmora|move: Protect\n|move|p2a: Sneasler|Close Combat|p1a: Glimmora\n|-activate|p1a: Glimmora|move: Protect\n|-damage|p2a: Sneasler|42\/100|[from] Spiky Shield|[of] p1a: Glimmora\n|\n|-weather|RainDance|[upkeep]\n|-sideend|p1: froody95|move: Aurora Veil\n|upkeep\n|turn|9\n|\n|t:|1700068741\n|move|p2a: Sneasler|Close Combat|p1a: Glimmora\n|-damage|p1a: Glimmora|0 fnt\n|-unboost|p2a: Sneasler|def|1\n|-unboost|p2a: Sneasler|spd|1\n|faint|p1a: Glimmora\n|\n|-weather|RainDance|[upkeep]\n|upkeep\n|\n|t:|1700068744\n|switch|p1a: Samurott|Samurott-Hisui, M|100\/100\n|turn|10\n|\n|t:|1700068749\n|move|p2a: Sneasler|Dire Claw|p1a: Samurott\n|-damage|p1a: Samurott|0 fnt\n|faint|p1a: Samurott\n|\n|-weather|RainDance|[upkeep]\n|upkeep\n|\n|t:|1700068770\n|switch|p1a: Pelipper|Pelipper, M, shiny|33\/100 slp\n|turn|11\n|\n|t:|1700068773\n|move|p2a: Sneasler|Dire Claw|p1a: Pelipper\n|-damage|p1a: Pelipper|0 fnt\n|faint|p1a: Pelipper\n|\n|-weather|none\n|upkeep\n|\n|t:|1700068776\n|switch|p1a: Greninja|Greninja, M|100\/100\n|turn|12\n|\n|t:|1700068779\n|-terastallize|p1a: Greninja|Water\n|move|p2a: Sneasler|Dire Claw|p1a: Greninja\n|-damage|p1a: Greninja|0 fnt\n|faint|p1a: Greninja\n|\n|upkeep\n|-message|froody95 forfeited.\n|\n|win|FiveFingerIcePunch\n|raw|froody95's rating: 1186 &rarr; <strong>1155<\/strong><br \/>(-31 for losing)\n|raw|FiveFingerIcePunch's rating: 1097 &rarr; <strong>1129<\/strong><br \/>(+32 for winning)\n|l|\u2606froody95\n","uploadtime":1700068787,"views":12,"p1id":"froody95","p2id":"fivefingericepunch","formatid":"gen9ou","rating":1129,"private":0,"password":""}