{"id":"gen9ou-1991205809","p1":"J_oss tests","p2":"Gattuso74","format":"[Gen 9] OU","log":"|j|\u2606J_oss tests\n|j|\u2606Gattuso74\n|t:|1700057020\n|gametype|singles\n|player|p1|J_oss tests|red-gen1|1277\n|player|p2|Gattuso74|cynthia-gen4|1199\n|teamsize|p1|6\n|teamsize|p2|6\n|gen|9\n|tier|[Gen 9] OU\n|rated|\n|rule|Sleep Clause Mod: Limit one foe put to sleep\n|rule|Species Clause: Limit one of each Pok\u00e9mon\n|rule|OHKO Clause: OHKO moves are banned\n|rule|Evasion Items Clause: Evasion items are banned\n|rule|Evasion Moves Clause: Evasion moves are banned\n|rule|Endless Battle Clause: Forcing endless battles is banned\n|rule|HP Percentage Mod: HP is shown in percentages\n|clearpoke\n|poke|p1|Iron Jugulis|\n|poke|p1|Ogerpon-Wellspring, F|\n|poke|p1|Tinkaton, F|\n|poke|p1|Iron Moth|\n|poke|p1|Great Tusk|\n|poke|p1|Dragapult, F|\n|poke|p2|Milotic, F|\n|poke|p2|Staraptor, M|\n|poke|p2|Dragonite, M|\n|poke|p2|Umbreon, F|\n|poke|p2|Heracross, M|\n|poke|p2|Infernape, M|\n|teampreview\n|inactive|Battle timer is ON: inactive players will automatically lose when time's up. (requested by J_oss tests)\n|c|\u2606Gattuso74|such gay pkmns\n|c|\u2606J_oss tests|SO?\n|inactive|J_oss tests has 120 seconds left.\n|c|\u2606Gattuso74|fk ur mom+\n|c|\u2606Gattuso74|meta slave\n|c|\u2606J_oss tests|age?\n|c|\u2606J_oss tests|10?\n|c|\u2606Gattuso74|25\n|c|\u2606Gattuso74|i just have an opinion\n|c|\u2606J_oss tests|even worse\n|inactive|J_oss tests has 90 seconds left.\n|c|\u2606Gattuso74|about gay pkmn\n|\n|t:|1700057085\n|start\n|switch|p1a: Calamity Jane|Dragapult, F|100\/100\n|switch|p2a: Staraptor|Staraptor, M, shiny|100\/100\n|-ability|p2a: Staraptor|Intimidate|boost\n|-fail|p1a: Calamity Jane|unboost|[from] ability: Clear Body|[of] p1a: Calamity Jane\n|turn|1\n|\n|t:|1700057095\n|switch|p1a: TWINKATON|Tinkaton, F|100\/100\n|-item|p1a: TWINKATON|Air Balloon\n|move|p2a: Staraptor|U-turn|p1a: TWINKATON\n|-resisted|p1a: TWINKATON\n|-damage|p1a: TWINKATON|94\/100\n|-enditem|p1a: TWINKATON|Air Balloon\n|-enditem|p2a: Staraptor|Heavy-Duty Boots|[silent]|[from] ability: Pickpocket|[of] p2a: Staraptor\n|-item|p1a: TWINKATON|Heavy-Duty Boots|[from] ability: Pickpocket|[of] p2a: Staraptor\n|\n|t:|1700057103\n|switch|p2a: Infernape|Infernape, M|100\/100|[from] U-turn\n|\n|upkeep\n|turn|2\n|\n|t:|1700057111\n|move|p2a: Infernape|Flamethrower|p1a: TWINKATON\n|-supereffective|p1a: TWINKATON\n|-damage|p1a: TWINKATON|21\/100\n|-status|p1a: TWINKATON|brn\n|move|p1a: TWINKATON|Thunder Wave|p2a: Infernape\n|-status|p2a: Infernape|par\n|\n|-damage|p1a: TWINKATON|15\/100 brn|[from] brn\n|upkeep\n|turn|3\n|\n|t:|1700057130\n|switch|p1a: The mask|Ogerpon-Wellspring, F|100\/100\n|move|p2a: Infernape|Flamethrower|p1a: The mask\n|-damage|p1a: The mask|47\/100\n|\n|upkeep\n|turn|4\n|j|&DaWoblefet\n|\n|t:|1700057139\n|switch|p2a: Milotic|Milotic, F, shiny|100\/100\n|move|p1a: The mask|Ivy Cudgel|p2a: Milotic|[anim] Ivy Cudgel Water\n|-resisted|p2a: Milotic\n|-damage|p2a: Milotic|68\/100\n|\n|-heal|p2a: Milotic|74\/100|[from] item: Leftovers\n|upkeep\n|turn|5\n|n|\u203dGattuso74|gattuso74\n|c|&DaWoblefet|\/log Gattuso74 was locked from talking by DaWoblefet. (battle harassment)\n|l|&DaWoblefet\n|\n|t:|1700057159\n|move|p1a: The mask|Horn Leech|p2a: Milotic\n|-supereffective|p2a: Milotic\n|-damage|p2a: Milotic|0 fnt\n|-heal|p1a: The mask|87\/100|[from] drain|[of] p2a: Milotic\n|faint|p2a: Milotic\n|\n|upkeep\n|\n|t:|1700057165\n|switch|p2a: Staraptor|Staraptor, M, shiny|100\/100\n|-ability|p2a: Staraptor|Intimidate|boost\n|-unboost|p1a: The mask|atk|1\n|turn|6\n|\n|t:|1700057174\n|switch|p1a: TWINKATON|Tinkaton, F|15\/100 brn\n|move|p2a: Staraptor|U-turn|p1a: TWINKATON\n|-resisted|p1a: TWINKATON\n|-damage|p1a: TWINKATON|9\/100 brn\n|\n|t:|1700057179\n|switch|p2a: Infernape|Infernape, M|100\/100 par|[from] U-turn\n|\n|-damage|p1a: TWINKATON|2\/100 brn|[from] brn\n|upkeep\n|turn|7\n|\n|t:|1700057184\n|cant|p2a: Infernape|par\n|move|p1a: TWINKATON|Stealth Rock|p2a: Infernape\n|-sidestart|p2: Gattuso74|move: Stealth Rock\n|\n|-damage|p1a: TWINKATON|0 fnt|[from] brn\n|faint|p1a: TWINKATON\n|upkeep\n|\n|t:|1700057190\n|switch|p1a: The mask|Ogerpon-Wellspring, F|87\/100\n|turn|8\n|\n|t:|1700057196\n|switch|p2a: Staraptor|Staraptor, M, shiny|100\/100\n|-damage|p2a: Staraptor|75\/100|[from] Stealth Rock\n|-ability|p2a: Staraptor|Intimidate|boost\n|-unboost|p1a: The mask|atk|1\n|move|p1a: The mask|Ivy Cudgel|p2a: Staraptor|[anim] Ivy Cudgel Water\n|-damage|p2a: Staraptor|16\/100\n|\n|upkeep\n|turn|9\n|\n|t:|1700057207\n|switch|p1a: Manny|Great Tusk|100\/100\n|-enditem|p1a: Manny|Booster Energy\n|-activate|p1a: Manny|ability: Protosynthesis|[fromitem]\n|-start|p1a: Manny|protosynthesisspe\n|move|p2a: Staraptor|Brave Bird|p1a: Manny\n|-supereffective|p1a: Manny\n|-damage|p1a: Manny|27\/100\n|-damage|p2a: Staraptor|0 fnt|[from] Recoil\n|faint|p2a: Staraptor\n|\n|upkeep\n|\n|t:|1700057219\n|switch|p2a: Heracross|Heracross, M|100\/100\n|-damage|p2a: Heracross|88\/100|[from] Stealth Rock\n|turn|10\n|\n|t:|1700057229\n|move|p1a: Manny|Headlong Rush|p2a: Heracross\n|-resisted|p2a: Heracross\n|-damage|p2a: Heracross|63\/100\n|-unboost|p1a: Manny|def|1\n|-unboost|p1a: Manny|spd|1\n|move|p2a: Heracross|Trailblaze|p1a: Manny\n|-supereffective|p1a: Manny\n|-damage|p1a: Manny|0 fnt\n|-boost|p2a: Heracross|spe|1\n|faint|p1a: Manny\n|-end|p1a: Manny|Protosynthesis|[silent]\n|-ability|p2a: Heracross|Moxie|boost\n|-boost|p2a: Heracross|atk|1\n|\n|upkeep\n|\n|t:|1700057239\n|switch|p1a: Nika|Iron Moth|100\/100\n|-enditem|p1a: Nika|Booster Energy\n|-activate|p1a: Nika|ability: Quark Drive|[fromitem]\n|-start|p1a: Nika|quarkdrivespe\n|turn|11\n|\n|t:|1700057248\n|-terastallize|p2a: Heracross|Dark\n|move|p1a: Nika|Fiery Dance|p2a: Heracross\n|-damage|p2a: Heracross|29\/100\n|-boost|p1a: Nika|spa|1\n|move|p2a: Heracross|Knock Off|p1a: Nika\n|-damage|p1a: Nika|29\/100\n|\n|upkeep\n|turn|12\n|\n|t:|1700057258\n|move|p1a: Nika|Dazzling Gleam|p2a: Heracross\n|-supereffective|p2a: Heracross\n|-damage|p2a: Heracross|0 fnt\n|faint|p2a: Heracross\n|\n|upkeep\n|\n|t:|1700057262\n|switch|p2a: Dragonite|Dragonite, M|100\/100\n|-damage|p2a: Dragonite|76\/100|[from] Stealth Rock\n|turn|13\n|\n|t:|1700057268\n|-end|p1a: Nika|Quark Drive|[silent]\n|switch|p1a: Calamity Jane|Dragapult, F|100\/100\n|move|p2a: Dragonite|Dragon Dance|p2a: Dragonite\n|-boost|p2a: Dragonite|atk|1\n|-boost|p2a: Dragonite|spe|1\n|\n|upkeep\n|turn|14\n|\n|t:|1700057274\n|-terastallize|p1a: Calamity Jane|Ghost\n|move|p1a: Calamity Jane|Draco Meteor|p2a: Dragonite\n|-supereffective|p2a: Dragonite\n|-damage|p2a: Dragonite|0 fnt\n|-unboost|p1a: Calamity Jane|spa|2\n|faint|p2a: Dragonite\n|\n|upkeep\n|\n|t:|1700057281\n|switch|p2a: Umbreon|Umbreon, F, shiny|100\/100\n|-damage|p2a: Umbreon|88\/100|[from] Stealth Rock\n|turn|15\n|\n|t:|1700057286\n|switch|p1a: Nika|Iron Moth|29\/100\n|move|p2a: Umbreon|Foul Play|p1a: Nika\n|-damage|p1a: Nika|5\/100\n|\n|-heal|p2a: Umbreon|94\/100|[from] item: Leftovers\n|upkeep\n|turn|16\n|\n|t:|1700057294\n|move|p1a: Nika|Dazzling Gleam|p2a: Umbreon\n|-supereffective|p2a: Umbreon\n|-damage|p2a: Umbreon|54\/100\n|move|p2a: Umbreon|Wish|p2a: Umbreon\n|\n|-heal|p2a: Umbreon|60\/100|[from] item: Leftovers\n|upkeep\n|turn|17\n|\n|t:|1700057303\n|-end|p1a: Nika|Quark Drive|[silent]\n|switch|p1a: Calamity Jane|Dragapult, F, tera:Ghost|100\/100\n|move|p2a: Umbreon|Foul Play|p1a: Calamity Jane\n|-supereffective|p1a: Calamity Jane\n|-damage|p1a: Calamity Jane|11\/100\n|\n|-heal|p2a: Umbreon|100\/100|[from] move: Wish|[wisher] Umbreon\n|upkeep\n|turn|18\n|\n|t:|1700057311\n|move|p1a: Calamity Jane|Shadow Ball|p2a: Umbreon\n|-resisted|p2a: Umbreon\n|-damage|p2a: Umbreon|76\/100\n|move|p2a: Umbreon|Wish|p2a: Umbreon\n|\n|-heal|p2a: Umbreon|82\/100|[from] item: Leftovers\n|upkeep\n|turn|19\n|\n|t:|1700057319\n|move|p1a: Calamity Jane|Shadow Ball|p2a: Umbreon\n|-resisted|p2a: Umbreon\n|-damage|p2a: Umbreon|59\/100\n|-unboost|p2a: Umbreon|spd|1\n|move|p2a: Umbreon|Foul Play|p1a: Calamity Jane\n|-supereffective|p1a: Calamity Jane\n|-damage|p1a: Calamity Jane|0 fnt\n|faint|p1a: Calamity Jane\n|\n|-heal|p2a: Umbreon|100\/100|[from] move: Wish|[wisher] Umbreon\n|upkeep\n|\n|t:|1700057324\n|switch|p1a: Hydra|Iron Jugulis|100\/100\n|-enditem|p1a: Hydra|Booster Energy\n|-activate|p1a: Hydra|ability: Quark Drive|[fromitem]\n|-start|p1a: Hydra|quarkdrivespe\n|turn|20\n|\n|t:|1700057332\n|move|p1a: Hydra|Taunt|p2a: Umbreon\n|-start|p2a: Umbreon|move: Taunt\n|cant|p2a: Umbreon|move: Taunt|Toxic\n|\n|upkeep\n|turn|21\n|\n|t:|1700057338\n|-end|p1a: Hydra|Quark Drive|[silent]\n|switch|p1a: The mask|Ogerpon-Wellspring, F|87\/100\n|switch|p2a: Infernape|Infernape, M|100\/100 par\n|\n|upkeep\n|turn|22\n|\n|t:|1700057344\n|move|p1a: The mask|Ivy Cudgel|p2a: Infernape|[anim] Ivy Cudgel Water\n|-supereffective|p2a: Infernape\n|-damage|p2a: Infernape|0 fnt\n|faint|p2a: Infernape\n|\n|upkeep\n|\n|t:|1700057348\n|switch|p2a: Umbreon|Umbreon, F, shiny|100\/100\n|-damage|p2a: Umbreon|88\/100|[from] Stealth Rock\n|turn|23\n|\n|t:|1700057353\n|switch|p1a: Nika|Iron Moth|5\/100\n|move|p2a: Umbreon|Toxic|p1a: Nika\n|-immune|p1a: Nika\n|\n|-heal|p2a: Umbreon|94\/100|[from] item: Leftovers\n|upkeep\n|turn|24\n|\n|t:|1700057359\n|move|p1a: Nika|Dazzling Gleam|p2a: Umbreon\n|-supereffective|p2a: Umbreon\n|-damage|p2a: Umbreon|60\/100\n|move|p2a: Umbreon|Wish|p2a: Umbreon\n|\n|-heal|p2a: Umbreon|66\/100|[from] item: Leftovers\n|upkeep\n|turn|25\n|\n|t:|1700057365\n|move|p1a: Nika|Dazzling Gleam|p2a: Umbreon\n|-supereffective|p2a: Umbreon\n|-damage|p2a: Umbreon|32\/100\n|move|p2a: Umbreon|Foul Play|p1a: Nika\n|-damage|p1a: Nika|0 fnt\n|faint|p1a: Nika\n|-end|p1a: Nika|Quark Drive|[silent]\n|\n|-heal|p2a: Umbreon|82\/100|[from] move: Wish|[wisher] Umbreon\n|-heal|p2a: Umbreon|88\/100|[from] item: Leftovers\n|upkeep\n|\n|t:|1700057369\n|switch|p1a: Hydra|Iron Jugulis|100\/100\n|turn|26\n|\n|t:|1700057378\n|move|p1a: Hydra|Taunt|p2a: Umbreon\n|-start|p2a: Umbreon|move: Taunt\n|move|p2a: Umbreon|Foul Play|p1a: Hydra\n|-resisted|p1a: Hydra\n|-damage|p1a: Hydra|84\/100\n|\n|-heal|p2a: Umbreon|94\/100|[from] item: Leftovers\n|upkeep\n|turn|27\n|\n|t:|1700057386\n|move|p1a: Hydra|Earth Power|p2a: Umbreon\n|-damage|p2a: Umbreon|73\/100\n|move|p2a: Umbreon|Foul Play|p1a: Hydra\n|-resisted|p1a: Hydra\n|-damage|p1a: Hydra|68\/100\n|\n|-heal|p2a: Umbreon|79\/100|[from] item: Leftovers\n|upkeep\n|turn|28\n|\n|t:|1700057393\n|move|p1a: Hydra|Hurricane|p2a: Umbreon\n|-damage|p2a: Umbreon|41\/100\n|move|p2a: Umbreon|Foul Play|p1a: Hydra\n|-resisted|p1a: Hydra\n|-damage|p1a: Hydra|51\/100\n|\n|-heal|p2a: Umbreon|47\/100|[from] item: Leftovers\n|-end|p2a: Umbreon|move: Taunt\n|upkeep\n|turn|29\n|\n|t:|1700057402\n|move|p2a: Umbreon|Protect|p2a: Umbreon\n|-singleturn|p2a: Umbreon|Protect\n|move|p1a: Hydra|Taunt|p2a: Umbreon\n|-activate|p2a: Umbreon|move: Protect\n|\n|-heal|p2a: Umbreon|53\/100|[from] item: Leftovers\n|upkeep\n|turn|30\n|\n|t:|1700057409\n|move|p1a: Hydra|Taunt|p2a: Umbreon\n|-start|p2a: Umbreon|move: Taunt\n|cant|p2a: Umbreon|move: Taunt|Toxic\n|\n|-heal|p2a: Umbreon|59\/100|[from] item: Leftovers\n|upkeep\n|turn|31\n|\n|t:|1700057414\n|-end|p1a: Hydra|Quark Drive|[silent]\n|switch|p1a: The mask|Ogerpon-Wellspring, F|87\/100\n|move|p2a: Umbreon|Foul Play|p1a: The mask\n|-damage|p1a: The mask|29\/100\n|\n|-heal|p2a: Umbreon|65\/100|[from] item: Leftovers\n|upkeep\n|turn|32\n|\n|t:|1700057421\n|move|p1a: The mask|Horn Leech|p2a: Umbreon\n|-damage|p2a: Umbreon|36\/100\n|-heal|p1a: The mask|45\/100|[from] drain|[of] p2a: Umbreon\n|move|p2a: Umbreon|Foul Play|p1a: The mask\n|-damage|p1a: The mask|0 fnt\n|faint|p1a: The mask\n|\n|-heal|p2a: Umbreon|42\/100|[from] item: Leftovers\n|-end|p2a: Umbreon|move: Taunt\n|upkeep\n|\n|t:|1700057424\n|switch|p1a: Hydra|Iron Jugulis|51\/100\n|turn|33\n|\n|t:|1700057432\n|move|p2a: Umbreon|Protect|p2a: Umbreon\n|-singleturn|p2a: Umbreon|Protect\n|move|p1a: Hydra|Taunt|p2a: Umbreon\n|-activate|p2a: Umbreon|move: Protect\n|\n|-heal|p2a: Umbreon|48\/100|[from] item: Leftovers\n|upkeep\n|turn|34\n|\n|t:|1700057439\n|move|p1a: Hydra|Taunt|p2a: Umbreon\n|-start|p2a: Umbreon|move: Taunt\n|move|p2a: Umbreon|Foul Play|p1a: Hydra\n|-resisted|p1a: Hydra\n|-damage|p1a: Hydra|35\/100\n|\n|-heal|p2a: Umbreon|54\/100|[from] item: Leftovers\n|upkeep\n|turn|35\n|\n|t:|1700057446\n|move|p1a: Hydra|Earth Power|p2a: Umbreon\n|-damage|p2a: Umbreon|32\/100\n|move|p2a: Umbreon|Foul Play|p1a: Hydra\n|-resisted|p1a: Hydra\n|-damage|p1a: Hydra|20\/100\n|\n|-heal|p2a: Umbreon|38\/100|[from] item: Leftovers\n|upkeep\n|turn|36\n|\n|t:|1700057453\n|move|p1a: Hydra|Earth Power|p2a: Umbreon\n|-damage|p2a: Umbreon|19\/100\n|-unboost|p2a: Umbreon|spd|1\n|move|p2a: Umbreon|Foul Play|p1a: Hydra\n|-resisted|p1a: Hydra\n|-damage|p1a: Hydra|3\/100\n|\n|-heal|p2a: Umbreon|25\/100|[from] item: Leftovers\n|-end|p2a: Umbreon|move: Taunt\n|upkeep\n|turn|37\n|\n|t:|1700057462\n|move|p2a: Umbreon|Protect|p2a: Umbreon\n|-singleturn|p2a: Umbreon|Protect\n|move|p1a: Hydra|Earth Power|p2a: Umbreon\n|-activate|p2a: Umbreon|move: Protect\n|\n|-heal|p2a: Umbreon|31\/100|[from] item: Leftovers\n|upkeep\n|turn|38\n|\n|t:|1700057469\n|move|p1a: Hydra|Hurricane|p2a: Umbreon\n|-damage|p2a: Umbreon|0 fnt\n|faint|p2a: Umbreon\n|\n|win|J_oss tests\n|raw|J_oss tests's rating: 1277 &rarr; <strong>1296<\/strong><br \/>(+19 for winning)\n|raw|Gattuso74's rating: 1199 &rarr; <strong>1180<\/strong><br \/>(-19 for losing)\n","uploadtime":1700057056,"views":5,"p1id":"josstests","p2id":"gattuso74","formatid":"gen9ou","rating":1180,"private":0,"password":""}