{"id":"gen9ou-1995249380","p1":"RovaRed","p2":"Aldrick C","format":"[Gen 9] OU","log":"|j|\u2606RovaRed\n|j|\u2606Aldrick C\n|t:|1700540048\n|gametype|singles\n|player|p1|RovaRed|wicke|1347\n|player|p2|Aldrick C|lucas|1358\n|teamsize|p1|6\n|teamsize|p2|6\n|gen|9\n|tier|[Gen 9] OU\n|rated|\n|rule|Sleep Clause Mod: Limit one foe put to sleep\n|rule|Species Clause: Limit one of each Pok\u00e9mon\n|rule|OHKO Clause: OHKO moves are banned\n|rule|Evasion Items Clause: Evasion items are banned\n|rule|Evasion Moves Clause: Evasion moves are banned\n|rule|Endless Battle Clause: Forcing endless battles is banned\n|rule|HP Percentage Mod: HP is shown in percentages\n|clearpoke\n|poke|p1|Haxorus, F|\n|poke|p1|Great Tusk|\n|poke|p1|Ribombee, M|\n|poke|p1|Iron Valiant|\n|poke|p1|Gholdengo|\n|poke|p1|Iron Moth|\n|poke|p2|Ogerpon-Wellspring, F|\n|poke|p2|Kingambit, F|\n|poke|p2|Dragapult, F|\n|poke|p2|Moltres|\n|poke|p2|Great Tusk|\n|poke|p2|Samurott-Hisui, F|\n|teampreview\n|inactive|Battle timer is ON: inactive players will automatically lose when time's up. (requested by Aldrick C)\n|\n|t:|1700540068\n|start\n|switch|p1a: Buck Bumble|Ribombee, M, shiny|100\/100\n|switch|p2a: Samurott|Samurott-Hisui, F|100\/100\n|turn|1\n|\n|t:|1700540074\n|move|p1a: Buck Bumble|Sticky Web|p2a: Samurott\n|-sidestart|p2: Aldrick C|move: Sticky Web\n|move|p2a: Samurott|Ceaseless Edge|p1a: Buck Bumble\n|-resisted|p1a: Buck Bumble\n|-damage|p1a: Buck Bumble|58\/100\n|-sidestart|p1: RovaRed|Spikes\n|\n|upkeep\n|turn|2\n|\n|t:|1700540081\n|move|p1a: Buck Bumble|Moonblast|p2a: Samurott\n|-supereffective|p2a: Samurott\n|-crit|p2a: Samurott\n|-enditem|p2a: Samurott|Focus Sash\n|-damage|p2a: Samurott|1\/100\n|-unboost|p2a: Samurott|spa|1\n|move|p2a: Samurott|Ceaseless Edge|p1a: Buck Bumble\n|-resisted|p1a: Buck Bumble\n|-damage|p1a: Buck Bumble|12\/100\n|-sidestart|p1: RovaRed|Spikes\n|\n|upkeep\n|turn|3\n|\n|t:|1700540092\n|move|p2a: Samurott|Aqua Jet|p1a: Buck Bumble\n|-damage|p1a: Buck Bumble|0 fnt\n|faint|p1a: Buck Bumble\n|\n|upkeep\n|\n|t:|1700540097\n|switch|p1a: Tuskathy|Great Tusk|100\/100\n|-damage|p1a: Tuskathy|84\/100|[from] Spikes\n|-enditem|p1a: Tuskathy|Booster Energy\n|-activate|p1a: Tuskathy|ability: Protosynthesis|[fromitem]\n|-start|p1a: Tuskathy|protosynthesisatk\n|turn|4\n|\n|t:|1700540116\n|move|p1a: Tuskathy|Rapid Spin|p2a: Samurott\n|-damage|p2a: Samurott|0 fnt\n|-boost|p1a: Tuskathy|spe|1\n|-sideend|p1: RovaRed|Spikes|[from] move: Rapid Spin|[of] p1a: Tuskathy\n|faint|p2a: Samurott\n|\n|upkeep\n|\n|t:|1700540120\n|switch|p2a: Great Tusk|Great Tusk|100\/100\n|-activate|p2a: Great Tusk|move: Sticky Web\n|-unboost|p2a: Great Tusk|spe|1\n|turn|5\n|\n|t:|1700540131\n|-end|p1a: Tuskathy|Protosynthesis|[silent]\n|switch|p1a: Old Money|Gholdengo|100\/100\n|-item|p1a: Old Money|Air Balloon\n|move|p2a: Great Tusk|Rapid Spin|p1a: Old Money\n|-immune|p1a: Old Money\n|\n|upkeep\n|turn|6\n|\n|t:|1700540140\n|-end|p2a: Great Tusk|Protosynthesis|[silent]\n|switch|p2a: Moltres|Moltres|100\/100\n|move|p1a: Old Money|Nasty Plot|p1a: Old Money\n|-boost|p1a: Old Money|spa|2\n|\n|upkeep\n|turn|7\n|\n|t:|1700540162\n|-terastallize|p1a: Old Money|Fairy\n|move|p1a: Old Money|Nasty Plot|p1a: Old Money\n|-boost|p1a: Old Money|spa|2\n|move|p2a: Moltres|Flamethrower|p1a: Old Money\n|-damage|p1a: Old Money|63\/100\n|-enditem|p1a: Old Money|Air Balloon\n|\n|upkeep\n|turn|8\n|\n|t:|1700540185\n|switch|p2a: Kingambit|Kingambit, F|100\/100\n|-activate|p2a: Kingambit|move: Sticky Web\n|-unboost|p2a: Kingambit|spe|1\n|-activate|p2a: Kingambit|ability: Supreme Overlord\n|-start|p2a: Kingambit|fallen1|[silent]\n|move|p1a: Old Money|Shadow Ball|p2a: Kingambit\n|-resisted|p2a: Kingambit\n|-damage|p2a: Kingambit|45\/100\n|\n|-heal|p2a: Kingambit|52\/100|[from] item: Leftovers\n|upkeep\n|turn|9\n|\n|t:|1700540200\n|move|p1a: Old Money|Shadow Ball|p2a: Kingambit\n|-resisted|p2a: Kingambit\n|-damage|p2a: Kingambit|0 fnt\n|faint|p2a: Kingambit\n|-end|p2a: Kingambit|fallen1|[silent]\n|\n|upkeep\n|-message|Aldrick C forfeited.\n|\n|win|RovaRed\n|raw|RovaRed's rating: 1347 &rarr; <strong>1368<\/strong><br \/>(+21 for winning)\n|raw|Aldrick C's rating: 1358 &rarr; <strong>1337<\/strong><br \/>(-21 for losing)\n|l|\u2606Aldrick C\n","uploadtime":1700540250,"views":13,"p1id":"rovared","p2id":"aldrickc","formatid":"gen9ou","rating":1337,"private":0,"password":""}