{"id":"gen9ou-1997960389","p1":"yekom","p2":"Mr.Incelman","format":"[Gen 9] OU","log":"|j|\u2606yekom\n|j|\u203dMr.Incelman\n|t:|1700872432\n|gametype|singles\n|player|p1|yekom|will|1186\n|player|p2|Mr.Incelman|colress|1263\n|teamsize|p1|6\n|teamsize|p2|6\n|gen|9\n|tier|[Gen 9] OU\n|rated|\n|rule|Sleep Clause Mod: Limit one foe put to sleep\n|rule|Species Clause: Limit one of each Pok\u00e9mon\n|rule|OHKO Clause: OHKO moves are banned\n|rule|Evasion Items Clause: Evasion items are banned\n|rule|Evasion Moves Clause: Evasion moves are banned\n|rule|Endless Battle Clause: Forcing endless battles is banned\n|rule|HP Percentage Mod: HP is shown in percentages\n|clearpoke\n|poke|p1|Empoleon, M|\n|poke|p1|Infernape, F|\n|poke|p1|Honchkrow, M|\n|poke|p1|Arcanine-Hisui, M|\n|poke|p1|Wo-Chien|\n|poke|p1|Weezing-Galar, F|\n|poke|p2|Manaphy|\n|poke|p2|Kingambit, F|\n|poke|p2|Ribombee, M|\n|poke|p2|Gholdengo|\n|poke|p2|Iron Moth|\n|poke|p2|Ogerpon-Wellspring, F|\n|teampreview\n|inactive|Battle timer is ON: inactive players will automatically lose when time's up. (requested by yekom)\n|inactive|Mr.Incelman has 120 seconds left.\n|\n|t:|1700872515\n|start\n|switch|p1a: Smoky gentlemen|Weezing-Galar, F|100\/100\n|switch|p2a: Manaphy|Manaphy|100\/100\n|turn|1\n|\n|t:|1700872535\n|switch|p1a: King of nowhere|Wo-Chien|100\/100\n|-ability|p1a: King of nowhere|Tablets of Ruin\n|move|p2a: Manaphy|Scald|p1a: King of nowhere\n|-resisted|p1a: King of nowhere\n|-damage|p1a: King of nowhere|90\/100\n|\n|-heal|p1a: King of nowhere|96\/100|[from] item: Leftovers\n|upkeep\n|turn|2\n|\n|t:|1700872547\n|switch|p2a: Kingambit|Kingambit, F|100\/100\n|move|p1a: King of nowhere|Leech Seed|p2a: Kingambit\n|-start|p2a: Kingambit|move: Leech Seed\n|\n|-heal|p1a: King of nowhere|100\/100|[from] item: Leftovers\n|-damage|p2a: Kingambit|88\/100|[from] Leech Seed|[of] p1a: King of nowhere\n|upkeep\n|turn|3\n|\n|t:|1700872555\n|move|p2a: Kingambit|Swords Dance|p2a: Kingambit\n|-boost|p2a: Kingambit|atk|2\n|move|p1a: King of nowhere|Knock Off|p2a: Kingambit\n|-resisted|p2a: Kingambit\n|-damage|p2a: Kingambit|76\/100\n|-enditem|p2a: Kingambit|Black Glasses|[from] move: Knock Off|[of] p1a: King of nowhere\n|\n|-damage|p2a: Kingambit|64\/100|[from] Leech Seed|[of] p1a: King of nowhere\n|upkeep\n|turn|4\n|\n|t:|1700872562\n|move|p2a: Kingambit|Low Kick|p1a: King of nowhere\n|-supereffective|p1a: King of nowhere\n|-damage|p1a: King of nowhere|7\/100\n|move|p1a: King of nowhere|Ruination|p2a: Kingambit\n|-damage|p2a: Kingambit|32\/100\n|\n|-heal|p1a: King of nowhere|14\/100|[from] item: Leftovers\n|-damage|p2a: Kingambit|20\/100|[from] Leech Seed|[of] p1a: King of nowhere\n|-heal|p1a: King of nowhere|25\/100|[silent]\n|upkeep\n|turn|5\n|\n|t:|1700872588\n|move|p1a: King of nowhere|Protect|p1a: King of nowhere\n|-singleturn|p1a: King of nowhere|Protect\n|move|p2a: Kingambit|Kowtow Cleave|p1a: King of nowhere\n|-activate|p1a: King of nowhere|move: Protect\n|\n|-heal|p1a: King of nowhere|31\/100|[from] item: Leftovers\n|-damage|p2a: Kingambit|8\/100|[from] Leech Seed|[of] p1a: King of nowhere\n|-heal|p1a: King of nowhere|42\/100|[silent]\n|upkeep\n|turn|6\n|\n|t:|1700872598\n|move|p2a: Kingambit|Kowtow Cleave|p1a: King of nowhere\n|-resisted|p1a: King of nowhere\n|-damage|p1a: King of nowhere|11\/100\n|move|p1a: King of nowhere|Ruination|p2a: Kingambit\n|-damage|p2a: Kingambit|4\/100\n|\n|-heal|p1a: King of nowhere|17\/100|[from] item: Leftovers\n|-damage|p2a: Kingambit|0 fnt|[from] Leech Seed|[of] p1a: King of nowhere\n|-heal|p1a: King of nowhere|20\/100|[silent]\n|faint|p2a: Kingambit\n|-end|p2a: Kingambit|fallenundefined|[silent]\n|upkeep\n|\n|t:|1700872603\n|switch|p2a: Ribombee|Ribombee, M, shiny|100\/100\n|turn|7\n|\n|t:|1700872616\n|move|p1a: King of nowhere|Protect|p1a: King of nowhere\n|-singleturn|p1a: King of nowhere|Protect\n|move|p2a: Ribombee|Moonblast|p1a: King of nowhere\n|-activate|p1a: King of nowhere|move: Protect\n|\n|-heal|p1a: King of nowhere|26\/100|[from] item: Leftovers\n|upkeep\n|turn|8\n|inactive|yekom has 120 seconds left.\n|inactive|Mr.Incelman has 120 seconds left.\n|\n|t:|1700872658\n|-terastallize|p1a: King of nowhere|Poison\n|move|p2a: Ribombee|Moonblast|p1a: King of nowhere\n|-resisted|p1a: King of nowhere\n|-damage|p1a: King of nowhere|16\/100\n|-unboost|p1a: King of nowhere|spa|1\n|move|p1a: King of nowhere|Leech Seed|p2a: Ribombee\n|-start|p2a: Ribombee|move: Leech Seed\n|\n|-heal|p1a: King of nowhere|22\/100|[from] item: Leftovers\n|-damage|p2a: Ribombee|88\/100|[from] Leech Seed|[of] p1a: King of nowhere\n|-heal|p1a: King of nowhere|31\/100|[silent]\n|upkeep\n|turn|9\n|inactive|yekom has 120 seconds left.\n|\n|t:|1700872672\n|move|p2a: Ribombee|Sticky Web|p1a: King of nowhere\n|-sidestart|p1: yekom|move: Sticky Web\n|move|p1a: King of nowhere|Ruination|p2a: Ribombee\n|-damage|p2a: Ribombee|45\/100\n|\n|-heal|p1a: King of nowhere|37\/100|[from] item: Leftovers\n|-damage|p2a: Ribombee|32\/100|[from] Leech Seed|[of] p1a: King of nowhere\n|-heal|p1a: King of nowhere|45\/100|[silent]\n|upkeep\n|turn|10\n|inactive|yekom has 120 seconds left.\n|inactive|Mr.Incelman has 120 seconds left.\n|inactive|Mr.Incelman has 90 seconds left.\n|\n|t:|1700872728\n|move|p2a: Ribombee|Stun Spore|p1a: King of nowhere\n|-status|p1a: King of nowhere|par\n|move|p1a: King of nowhere|Ruination|p2a: Ribombee\n|-damage|p2a: Ribombee|17\/100\n|\n|-heal|p1a: King of nowhere|52\/100 par|[from] item: Leftovers\n|-damage|p2a: Ribombee|4\/100|[from] Leech Seed|[of] p1a: King of nowhere\n|-heal|p1a: King of nowhere|60\/100 par|[silent]\n|upkeep\n|turn|11\n|inactive|yekom has 120 seconds left.\n|\n|t:|1700872737\n|move|p1a: King of nowhere|Protect|p1a: King of nowhere\n|-singleturn|p1a: King of nowhere|Protect\n|move|p2a: Ribombee|Psychic|p1a: King of nowhere\n|-activate|p1a: King of nowhere|move: Protect\n|\n|-heal|p1a: King of nowhere|66\/100 par|[from] item: Leftovers\n|-damage|p2a: Ribombee|0 fnt|[from] Leech Seed|[of] p1a: King of nowhere\n|-heal|p1a: King of nowhere|69\/100 par|[silent]\n|faint|p2a: Ribombee\n|upkeep\n|\n|t:|1700872742\n|switch|p2a: Gholdengo|Gholdengo|100\/100\n|-item|p2a: Gholdengo|Air Balloon\n|turn|12\n|\n|t:|1700872751\n|move|p2a: Gholdengo|Nasty Plot|p2a: Gholdengo\n|-boost|p2a: Gholdengo|spa|2\n|cant|p1a: King of nowhere|par\n|\n|-heal|p1a: King of nowhere|75\/100 par|[from] item: Leftovers\n|upkeep\n|turn|13\n|\n|t:|1700872756\n|move|p2a: Gholdengo|Shadow Ball|p1a: King of nowhere\n|-damage|p1a: King of nowhere|30\/100 par\n|cant|p1a: King of nowhere|par\n|\n|-heal|p1a: King of nowhere|36\/100 par|[from] item: Leftovers\n|upkeep\n|turn|14\n|\n|t:|1700872761\n|move|p2a: Gholdengo|Shadow Ball|p1a: King of nowhere\n|-damage|p1a: King of nowhere|0 fnt\n|faint|p1a: King of nowhere\n|\n|upkeep\n|\n|t:|1700872765\n|switch|p1a: Smoky gentlemen|Weezing-Galar, F|100\/100\n|turn|15\n|\n|t:|1700872776\n|move|p2a: Gholdengo|Make It Rain|p1a: Smoky gentlemen\n|-supereffective|p1a: Smoky gentlemen\n|-damage|p1a: Smoky gentlemen|0 fnt\n|-unboost|p2a: Gholdengo|spa|1\n|faint|p1a: Smoky gentlemen\n|\n|upkeep\n|\n|t:|1700872800\n|switch|p1a: Ca\u00e7ador sortudo|Honchkrow, M|100\/100\n|turn|16\n|\n|t:|1700872813\n|-terastallize|p2a: Gholdengo|Dark\n|move|p1a: Ca\u00e7ador sortudo|Sucker Punch|p2a: Gholdengo\n|-resisted|p2a: Gholdengo\n|-crit|p2a: Gholdengo\n|-damage|p2a: Gholdengo|73\/100\n|-enditem|p2a: Gholdengo|Air Balloon\n|move|p2a: Gholdengo|Make It Rain|p1a: Ca\u00e7ador sortudo\n|-damage|p1a: Ca\u00e7ador sortudo|0 fnt\n|-unboost|p2a: Gholdengo|spa|1\n|faint|p1a: Ca\u00e7ador sortudo\n|\n|upkeep\n|\n|t:|1700872820\n|switch|p1a: Destructive fists|Infernape, F, shiny|100\/100\n|-activate|p1a: Destructive fists|move: Sticky Web\n|-unboost|p1a: Destructive fists|spe|1\n|turn|17\n|\n|t:|1700872825\n|move|p1a: Destructive fists|Mach Punch|p2a: Gholdengo\n|-supereffective|p2a: Gholdengo\n|-damage|p2a: Gholdengo|16\/100\n|-damage|p1a: Destructive fists|91\/100|[from] item: Life Orb\n|move|p2a: Gholdengo|Make It Rain|p1a: Destructive fists\n|-resisted|p1a: Destructive fists\n|-damage|p1a: Destructive fists|40\/100\n|-unboost|p2a: Gholdengo|spa|1\n|\n|upkeep\n|turn|18\n|\n|t:|1700872830\n|move|p1a: Destructive fists|Mach Punch|p2a: Gholdengo\n|-supereffective|p2a: Gholdengo\n|-damage|p2a: Gholdengo|0 fnt\n|faint|p2a: Gholdengo\n|-damage|p1a: Destructive fists|30\/100|[from] item: Life Orb\n|\n|upkeep\n|\n|t:|1700872833\n|switch|p2a: Iron Moth|Iron Moth|100\/100\n|-enditem|p2a: Iron Moth|Booster Energy\n|-activate|p2a: Iron Moth|ability: Quark Drive|[fromitem]\n|-start|p2a: Iron Moth|quarkdrivespe\n|turn|19\n|\n|t:|1700872841\n|switch|p1a: Bark|Arcanine-Hisui, M|100\/100\n|-activate|p1a: Bark|move: Sticky Web\n|-unboost|p1a: Bark|spe|1\n|move|p2a: Iron Moth|Fiery Dance|p1a: Bark\n|-resisted|p1a: Bark\n|-damage|p1a: Bark|87\/100\n|-boost|p2a: Iron Moth|spa|1\n|\n|upkeep\n|turn|20\n|\n|t:|1700872851\n|move|p2a: Iron Moth|Psychic|p1a: Bark\n|-damage|p1a: Bark|33\/100\n|move|p1a: Bark|Head Smash|p2a: Iron Moth\n|-supereffective|p2a: Iron Moth\n|-damage|p2a: Iron Moth|0 fnt\n|faint|p2a: Iron Moth\n|-end|p2a: Iron Moth|Quark Drive|[silent]\n|\n|upkeep\n|\n|t:|1700872855\n|switch|p2a: Ogerpon|Ogerpon-Wellspring, F|100\/100\n|turn|21\n|\n|t:|1700872859\n|move|p2a: Ogerpon|Ivy Cudgel|p1a: Bark|[anim] Ivy Cudgel Water\n|-supereffective|p1a: Bark\n|-damage|p1a: Bark|0 fnt\n|faint|p1a: Bark\n|\n|upkeep\n|\n|t:|1700872863\n|switch|p1a: fearless emperor|Empoleon, M|100\/100\n|-activate|p1a: fearless emperor|move: Sticky Web\n|-unboost|p1a: fearless emperor|spe|1\n|-ability|p1a: fearless emperor|Competitive|boost\n|-boost|p1a: fearless emperor|spa|2\n|turn|22\n|\n|t:|1700872867\n|move|p2a: Ogerpon|Swords Dance|p2a: Ogerpon\n|-boost|p2a: Ogerpon|atk|2\n|move|p1a: fearless emperor|Ice Beam|p2a: Ogerpon\n|-damage|p2a: Ogerpon|9\/100\n|-damage|p1a: fearless emperor|91\/100|[from] item: Life Orb\n|\n|upkeep\n|turn|23\n|\n|t:|1700872872\n|move|p2a: Ogerpon|Power Whip|p1a: fearless emperor\n|-damage|p1a: fearless emperor|0 fnt\n|faint|p1a: fearless emperor\n|\n|upkeep\n|\n|t:|1700872876\n|switch|p1a: Destructive fists|Infernape, F, shiny|30\/100\n|-activate|p1a: Destructive fists|move: Sticky Web\n|-unboost|p1a: Destructive fists|spe|1\n|turn|24\n|\n|t:|1700872880\n|move|p1a: Destructive fists|Mach Punch|p2a: Ogerpon\n|-damage|p2a: Ogerpon|0 fnt\n|faint|p2a: Ogerpon\n|-damage|p1a: Destructive fists|20\/100|[from] item: Life Orb\n|\n|upkeep\n|\n|t:|1700872882\n|switch|p2a: Manaphy|Manaphy|100\/100\n|turn|25\n|\n|t:|1700872884\n|move|p2a: Manaphy|Scald|p1a: Destructive fists\n|-supereffective|p1a: Destructive fists\n|-damage|p1a: Destructive fists|0 fnt\n|faint|p1a: Destructive fists\n|\n|win|Mr.Incelman\n|raw|yekom's rating: 1186 &rarr; <strong>1166<\/strong><br \/>(-20 for losing)\n|raw|Mr.Incelman's rating: 1263 &rarr; <strong>1283<\/strong><br \/>(+20 for winning)\n|l|\u2606yekom\n","uploadtime":1700872890,"views":2,"p1id":"yekom","p2id":"mrincelman","formatid":"gen9ou","rating":1166,"private":0,"password":""}