{"id":"gen9ou-1996431577","p1":"Nyles Morales","p2":"Dragonite Tusk 68","format":"[Gen 9] OU","log":"|j|\u2606Nyles Morales\n|j|\u2606Dragonite Tusk 68\n|t:|1700681388\n|gametype|singles\n|player|p1|Nyles Morales|carmine|1134\n|player|p2|Dragonite Tusk 68|biker-gen4|1087\n|teamsize|p1|6\n|teamsize|p2|6\n|gen|9\n|tier|[Gen 9] OU\n|rated|\n|rule|Sleep Clause Mod: Limit one foe put to sleep\n|rule|Species Clause: Limit one of each Pok\u00e9mon\n|rule|OHKO Clause: OHKO moves are banned\n|rule|Evasion Items Clause: Evasion items are banned\n|rule|Evasion Moves Clause: Evasion moves are banned\n|rule|Endless Battle Clause: Forcing endless battles is banned\n|rule|HP Percentage Mod: HP is shown in percentages\n|clearpoke\n|poke|p1|Mimikyu, M|\n|poke|p1|Ribombee, F|\n|poke|p1|Greninja-*, F|\n|poke|p1|Kingambit, M|\n|poke|p1|Dragapult, F|\n|poke|p1|Great Tusk|\n|poke|p2|Ninetales-Alola, F|\n|poke|p2|Ogerpon-Wellspring, F|\n|poke|p2|Kingambit, M|\n|poke|p2|Iron Valiant|\n|poke|p2|Slowbro-Galar, M|\n|poke|p2|Glimmora, M|\n|teampreview\n|inactive|Battle timer is ON: inactive players will automatically lose when time's up. (requested by Nyles Morales)\n|\n|t:|1700681401\n|start\n|switch|p1a: Greninja|Greninja, F|100\/100\n|switch|p2a: THE LEAD|Glimmora, M|100\/100\n|turn|1\n|\n|t:|1700681430\n|move|p1a: Greninja|Spikes|p2a: THE LEAD\n|-start|p1a: Greninja|typechange|Ground|[from] ability: Protean\n|-sidestart|p2: Dragonite Tusk 68|Spikes\n|move|p2a: THE LEAD|Stealth Rock|p1a: Greninja\n|-sidestart|p1: Nyles Morales|move: Stealth Rock\n|\n|upkeep\n|turn|2\n|\n|t:|1700681440\n|switch|p1a: Great Tusk|Great Tusk|100\/100\n|-damage|p1a: Great Tusk|98\/100|[from] Stealth Rock\n|move|p2a: THE LEAD|Mortal Spin|p1a: Great Tusk\n|-resisted|p1a: Great Tusk\n|-damage|p1a: Great Tusk|96\/100\n|-status|p1a: Great Tusk|psn\n|-damage|p2a: THE LEAD|84\/100|[from] item: Rocky Helmet|[of] p1a: Great Tusk\n|-sideend|p2: Dragonite Tusk 68|Spikes|[from] move: Mortal Spin|[of] p2a: THE LEAD\n|\n|-damage|p1a: Great Tusk|84\/100 psn|[from] psn\n|upkeep\n|turn|3\n|\n|t:|1700681446\n|move|p2a: THE LEAD|Earth Power|p1a: Great Tusk\n|-damage|p1a: Great Tusk|53\/100 psn\n|move|p1a: Great Tusk|Stealth Rock|p2a: THE LEAD\n|-sidestart|p2: Dragonite Tusk 68|move: Stealth Rock\n|\n|-damage|p1a: Great Tusk|40\/100 psn|[from] psn\n|upkeep\n|turn|4\n|c|\u2606Dragonite Tusk 68|fucking assault vest tusk\n|c|\u2606Dragonite Tusk 68|wtf\n|\n|t:|1700681460\n|move|p2a: THE LEAD|Mortal Spin|p1a: Great Tusk\n|-resisted|p1a: Great Tusk\n|-damage|p1a: Great Tusk|38\/100 psn\n|-damage|p2a: THE LEAD|68\/100|[from] item: Rocky Helmet|[of] p1a: Great Tusk\n|-sideend|p2: Dragonite Tusk 68|Stealth Rock|[from] move: Mortal Spin|[of] p2a: THE LEAD\n|move|p1a: Great Tusk|Rapid Spin|p2a: THE LEAD\n|-resisted|p2a: THE LEAD\n|-damage|p2a: THE LEAD|60\/100\n|-boost|p1a: Great Tusk|spe|1\n|-sideend|p1: Nyles Morales|Stealth Rock|[from] move: Rapid Spin|[of] p1a: Great Tusk\n|\n|-damage|p1a: Great Tusk|26\/100 psn|[from] psn\n|upkeep\n|turn|5\n|\n|t:|1700681467\n|move|p1a: Great Tusk|Earthquake|p2a: THE LEAD\n|-supereffective|p2a: THE LEAD\n|-damage|p2a: THE LEAD|0 fnt\n|faint|p2a: THE LEAD\n|\n|-damage|p1a: Great Tusk|13\/100 psn|[from] psn\n|upkeep\n|\n|t:|1700681477\n|switch|p2a: Rigged Suspect|Kingambit, M|100\/100\n|-activate|p2a: Rigged Suspect|ability: Supreme Overlord\n|-start|p2a: Rigged Suspect|fallen1|[silent]\n|turn|6\n|\n|t:|1700681481\n|move|p2a: Rigged Suspect|Sucker Punch||[still]\n|-fail|p2a: Rigged Suspect\n|move|p1a: Great Tusk|Stealth Rock|p2a: Rigged Suspect\n|-sidestart|p2: Dragonite Tusk 68|move: Stealth Rock\n|\n|-damage|p1a: Great Tusk|1\/100 psn|[from] psn\n|upkeep\n|turn|7\n|\n|t:|1700681483\n|move|p2a: Rigged Suspect|Sucker Punch|p1a: Great Tusk\n|-resisted|p1a: Great Tusk\n|-damage|p1a: Great Tusk|0 fnt\n|-damage|p2a: Rigged Suspect|84\/100|[from] item: Rocky Helmet|[of] p1a: Great Tusk\n|faint|p1a: Great Tusk\n|-end|p1a: Great Tusk|Protosynthesis|[silent]\n|\n|-heal|p2a: Rigged Suspect|90\/100|[from] item: Leftovers\n|upkeep\n|\n|t:|1700681485\n|switch|p1a: Ribombee|Ribombee, F|100\/100\n|turn|8\n|\n|t:|1700681492\n|-end|p2a: Rigged Suspect|fallen1|[silent]\n|switch|p2a: 69tales|Ninetales-Alola, F|100\/100\n|-damage|p2a: 69tales|76\/100|[from] Stealth Rock\n|-weather|Snow|[from] ability: Snow Warning|[of] p2a: 69tales\n|move|p1a: Ribombee|Sticky Web|p2a: 69tales\n|-sidestart|p2: Dragonite Tusk 68|move: Sticky Web\n|\n|-weather|Snow|[upkeep]\n|upkeep\n|turn|9\n|\n|t:|1700681498\n|move|p1a: Ribombee|Stun Spore|p2a: 69tales\n|-status|p2a: 69tales|par\n|cant|p2a: 69tales|par\n|\n|-weather|Snow|[upkeep]\n|upkeep\n|turn|10\n|\n|t:|1700681501\n|move|p1a: Ribombee|U-turn|p2a: 69tales\n|-resisted|p2a: 69tales\n|-damage|p2a: 69tales|70\/100 par\n|\n|t:|1700681511\n|switch|p1a: Mimikyu|Mimikyu, M|100\/100|[from] U-turn\n|move|p2a: 69tales|Aurora Veil|p2a: 69tales\n|-sidestart|p2: Dragonite Tusk 68|move: Aurora Veil\n|\n|-weather|Snow|[upkeep]\n|upkeep\n|turn|11\n|\n|t:|1700681514\n|move|p1a: Mimikyu|Swords Dance|p1a: Mimikyu\n|-boost|p1a: Mimikyu|atk|2\n|move|p2a: 69tales|Encore|p1a: Mimikyu\n|-start|p1a: Mimikyu|Encore\n|\n|-weather|Snow|[upkeep]\n|upkeep\n|turn|12\n|\n|t:|1700681519\n|switch|p2a: Messiah|Slowbro-Galar, M|100\/100\n|-damage|p2a: Messiah|88\/100|[from] Stealth Rock\n|-activate|p2a: Messiah|move: Sticky Web\n|-unboost|p2a: Messiah|spe|1\n|move|p1a: Mimikyu|Swords Dance|p1a: Mimikyu\n|-boost|p1a: Mimikyu|atk|2\n|\n|-weather|none\n|upkeep\n|turn|13\n|-activate|p2a: Messiah|item: Quick Claw\n|\n|t:|1700681521\n|move|p2a: Messiah|Sludge Bomb|p1a: Mimikyu\n|-activate|p1a: Mimikyu|ability: Disguise\n|-damage|p1a: Mimikyu|100\/100\n|detailschange|p1a: Mimikyu|Mimikyu-Busted, M\n|-damage|p1a: Mimikyu|88\/100|[from] pokemon: Mimikyu-Busted\n|move|p1a: Mimikyu|Swords Dance|p1a: Mimikyu\n|-boost|p1a: Mimikyu|atk|2\n|\n|upkeep\n|turn|14\n|-activate|p2a: Messiah|ability: Quick Draw\n|\n|t:|1700681525\n|move|p2a: Messiah|Sludge Bomb|p1a: Mimikyu\n|-damage|p1a: Mimikyu|33\/100\n|move|p1a: Mimikyu|Swords Dance|p1a: Mimikyu\n|-boost|p1a: Mimikyu|atk|0\n|\n|-end|p1a: Mimikyu|Encore\n|upkeep\n|turn|15\n|-activate|p2a: Messiah|item: Quick Claw\n|\n|t:|1700681529\n|-terastallize|p1a: Mimikyu|Ghost\n|move|p1a: Mimikyu|Shadow Sneak|p2a: Messiah\n|-supereffective|p2a: Messiah\n|-damage|p2a: Messiah|0 fnt\n|faint|p2a: Messiah\n|-damage|p1a: Mimikyu|23\/100|[from] item: Life Orb\n|\n|upkeep\n|\n|t:|1700681536\n|switch|p2a: Rigged Suspect|Kingambit, M|90\/100\n|-damage|p2a: Rigged Suspect|84\/100|[from] Stealth Rock\n|-activate|p2a: Rigged Suspect|move: Sticky Web\n|-unboost|p2a: Rigged Suspect|spe|1\n|-activate|p2a: Rigged Suspect|ability: Supreme Overlord\n|-start|p2a: Rigged Suspect|fallen2|[silent]\n|turn|16\n|\n|t:|1700681540\n|move|p1a: Mimikyu|Swords Dance|p1a: Mimikyu\n|-boost|p1a: Mimikyu|atk|0\n|move|p2a: Rigged Suspect|Kowtow Cleave|p1a: Mimikyu\n|-supereffective|p1a: Mimikyu\n|-damage|p1a: Mimikyu|0 fnt\n|faint|p1a: Mimikyu\n|\n|-heal|p2a: Rigged Suspect|90\/100|[from] item: Leftovers\n|upkeep\n|\n|t:|1700681542\n|switch|p1a: Greninja|Greninja, F|100\/100\n|turn|17\n|c|\u2606Dragonite Tusk 68|lol\n|\n|t:|1700681546\n|-terastallize|p2a: Rigged Suspect|Fairy\n|move|p1a: Greninja|Spikes|p2a: Rigged Suspect\n|-start|p1a: Greninja|typechange|Ground|[from] ability: Protean\n|-sidestart|p2: Dragonite Tusk 68|Spikes\n|move|p2a: Rigged Suspect|Tera Blast|p1a: Greninja|[anim] Tera Blast Fairy\n|-crit|p1a: Greninja\n|-damage|p1a: Greninja|0 fnt\n|faint|p1a: Greninja\n|\n|-heal|p2a: Rigged Suspect|96\/100|[from] item: Leftovers\n|-sideend|p2: Dragonite Tusk 68|move: Aurora Veil\n|upkeep\n|\n|t:|1700681550\n|switch|p1a: Ribombee|Ribombee, F|100\/100\n|turn|18\n|\n|t:|1700681553\n|move|p1a: Ribombee|Stun Spore|p2a: Rigged Suspect\n|-status|p2a: Rigged Suspect|par\n|move|p2a: Rigged Suspect|Swords Dance|p2a: Rigged Suspect\n|-boost|p2a: Rigged Suspect|atk|2\n|\n|-heal|p2a: Rigged Suspect|100\/100 par|[from] item: Leftovers\n|upkeep\n|turn|19\n|\n|t:|1700681557\n|move|p1a: Ribombee|U-turn|p2a: Rigged Suspect\n|-resisted|p2a: Rigged Suspect\n|-damage|p2a: Rigged Suspect|96\/100 par\n|\n|t:|1700681562\n|switch|p1a: Kingambit|Kingambit, M, shiny|100\/100|[from] U-turn\n|-activate|p1a: Kingambit|ability: Supreme Overlord\n|-start|p1a: Kingambit|fallen3|[silent]\n|move|p2a: Rigged Suspect|Tera Blast|p1a: Kingambit|[anim] Tera Blast Fairy\n|-damage|p1a: Kingambit|6\/100\n|\n|-heal|p1a: Kingambit|12\/100|[from] item: Leftovers\n|-heal|p2a: Rigged Suspect|100\/100 par|[from] item: Leftovers\n|upkeep\n|turn|20\n|\n|t:|1700681565\n|move|p2a: Rigged Suspect|Sucker Punch|p1a: Kingambit\n|-resisted|p1a: Kingambit\n|-damage|p1a: Kingambit|0 fnt\n|faint|p1a: Kingambit\n|-end|p1a: Kingambit|fallen3|[silent]\n|\n|upkeep\n|\n|t:|1700681567\n|switch|p1a: Dragapult|Dragapult, F, shiny|100\/100\n|turn|21\n|c|\u2606Dragonite Tusk 68|why would u u turn on that\n|c|\u2606Dragonite Tusk 68|wtf\n|\n|t:|1700681573\n|move|p1a: Dragapult|Shadow Ball|p2a: Rigged Suspect\n|-damage|p2a: Rigged Suspect|49\/100 par\n|move|p2a: Rigged Suspect|Tera Blast|p1a: Dragapult|[anim] Tera Blast Fairy\n|-supereffective|p1a: Dragapult\n|-crit|p1a: Dragapult\n|-damage|p1a: Dragapult|0 fnt\n|faint|p1a: Dragapult\n|\n|-heal|p2a: Rigged Suspect|56\/100 par|[from] item: Leftovers\n|upkeep\n|\n|t:|1700681579\n|switch|p1a: Ribombee|Ribombee, F|100\/100\n|turn|22\n|c|\u2606Dragonite Tusk 68|holy choke\n|\n|t:|1700681587\n|move|p1a: Ribombee|Moonblast|p2a: Rigged Suspect\n|-damage|p2a: Rigged Suspect|20\/100 par\n|-unboost|p2a: Rigged Suspect|spa|1\n|cant|p2a: Rigged Suspect|par\n|\n|-heal|p2a: Rigged Suspect|26\/100 par|[from] item: Leftovers\n|upkeep\n|turn|23\n|\n|t:|1700681589\n|cant|p2a: Rigged Suspect|par\n|move|p1a: Ribombee|Moonblast|p2a: Rigged Suspect\n|-damage|p2a: Rigged Suspect|0 fnt\n|faint|p2a: Rigged Suspect\n|-end|p2a: Rigged Suspect|fallen2|[silent]\n|\n|upkeep\n|\n|t:|1700681591\n|switch|p2a: 69tales|Ninetales-Alola, F|70\/100 par\n|-damage|p2a: 69tales|45\/100 par|[from] Stealth Rock\n|-activate|p2a: 69tales|move: Sticky Web\n|-unboost|p2a: 69tales|spe|1\n|-damage|p2a: 69tales|33\/100 par|[from] Spikes\n|-weather|Snow|[from] ability: Snow Warning|[of] p2a: 69tales\n|turn|24\n|\n|t:|1700681593\n|move|p1a: Ribombee|Moonblast|p2a: 69tales\n|-damage|p2a: 69tales|0 fnt\n|faint|p2a: 69tales\n|\n|-weather|Snow|[upkeep]\n|upkeep\n|\n|t:|1700681596\n|switch|p2a: Ogregone|Iron Valiant|100\/100\n|-damage|p2a: Ogregone|94\/100|[from] Stealth Rock\n|-activate|p2a: Ogregone|move: Sticky Web\n|-unboost|p2a: Ogregone|spe|1\n|-damage|p2a: Ogregone|82\/100|[from] Spikes\n|-enditem|p2a: Ogregone|Booster Energy\n|-activate|p2a: Ogregone|ability: Quark Drive|[fromitem]\n|-start|p2a: Ogregone|quarkdrivespa\n|turn|25\n|\n|t:|1700681598\n|move|p1a: Ribombee|Moonblast|p2a: Ogregone\n|-supereffective|p2a: Ogregone\n|-damage|p2a: Ogregone|0 fnt\n|faint|p2a: Ogregone\n|-end|p2a: Ogregone|Quark Drive|[silent]\n|\n|-weather|Snow|[upkeep]\n|upkeep\n|\n|t:|1700681600\n|switch|p2a: It's Ogre|Ogerpon-Wellspring, F|100\/100\n|-damage|p2a: It's Ogre|88\/100|[from] Stealth Rock\n|-activate|p2a: It's Ogre|move: Sticky Web\n|-unboost|p2a: It's Ogre|spe|1\n|-damage|p2a: It's Ogre|76\/100|[from] Spikes\n|turn|26\n|\n|t:|1700681603\n|move|p1a: Ribombee|Moonblast|p2a: It's Ogre\n|-crit|p2a: It's Ogre\n|-damage|p2a: It's Ogre|5\/100\n|-unboost|p2a: It's Ogre|spa|1\n|move|p2a: It's Ogre|Ivy Cudgel|p1a: Ribombee|[anim] Ivy Cudgel Water\n|-enditem|p1a: Ribombee|Focus Sash\n|-damage|p1a: Ribombee|1\/100\n|\n|-weather|Snow|[upkeep]\n|upkeep\n|turn|27\n|\n|t:|1700681605\n|move|p1a: Ribombee|Moonblast|p2a: It's Ogre\n|-damage|p2a: It's Ogre|0 fnt\n|faint|p2a: It's Ogre\n|\n|win|Nyles Morales\n|raw|Nyles Morales's rating: 1134 &rarr; <strong>1156<\/strong><br \/>(+22 for winning)\n|raw|Dragonite Tusk 68's rating: 1087 &rarr; <strong>1067<\/strong><br \/>(-20 for losing)\n|c|\u2606Nyles Morales|imagine\n|c|\u2606Nyles Morales|lmao\n|l|\u2606Dragonite Tusk 68\n","uploadtime":1700681457,"views":1,"p1id":"nylesmorales","p2id":"dragonitetusk68","formatid":"gen9ou","rating":1067,"private":0,"password":""}