{"id":"gen9ou-1992871480","p1":"GrimFeather7219","p2":"liamgar","format":"[Gen 9] OU","log":"|j|\u2606GrimFeather7219\n|j|\u2606liamgar\n|t:|1700242678\n|gametype|singles\n|player|p1|GrimFeather7219|volkner|\n|player|p2|liamgar|giovanni|\n|teamsize|p1|6\n|teamsize|p2|6\n|gen|9\n|tier|[Gen 9] OU\n|rule|Sleep Clause Mod: Limit one foe put to sleep\n|rule|Species Clause: Limit one of each Pok\u00e9mon\n|rule|OHKO Clause: OHKO moves are banned\n|rule|Evasion Items Clause: Evasion items are banned\n|rule|Evasion Moves Clause: Evasion moves are banned\n|rule|Endless Battle Clause: Forcing endless battles is banned\n|rule|HP Percentage Mod: HP is shown in percentages\n|clearpoke\n|poke|p1|Grimmsnarl, M|\n|poke|p1|Dragapult, M|\n|poke|p1|Iron Moth|\n|poke|p1|Dondozo, M|\n|poke|p1|Gholdengo|\n|poke|p1|Kingambit, M|\n|poke|p2|Conkeldurr, F|\n|poke|p2|Ogerpon-Cornerstone, F|\n|poke|p2|Manaphy|\n|poke|p2|Chesnaught, F|\n|poke|p2|Clodsire, M|\n|poke|p2|Arcanine-Hisui, M|\n|teampreview\n|\n|t:|1700242699\n|start\n|switch|p1a: Ch1ld Pred@d0r|Dragapult, M|100\/100\n|switch|p2a: Clodsire|Clodsire, M|100\/100\n|turn|1\n|\n|t:|1700242704\n|move|p1a: Ch1ld Pred@d0r|Dragon Dance|p1a: Ch1ld Pred@d0r\n|-boost|p1a: Ch1ld Pred@d0r|atk|1\n|-boost|p1a: Ch1ld Pred@d0r|spe|1\n|move|p2a: Clodsire|Toxic Spikes|p1a: Ch1ld Pred@d0r\n|-sidestart|p1: GrimFeather7219|move: Toxic Spikes\n|\n|upkeep\n|turn|2\n|\n|t:|1700242711\n|move|p1a: Ch1ld Pred@d0r|Dragon Dance|p1a: Ch1ld Pred@d0r\n|-boost|p1a: Ch1ld Pred@d0r|atk|1\n|-boost|p1a: Ch1ld Pred@d0r|spe|1\n|move|p2a: Clodsire|Stockpile|p2a: Clodsire\n|-start|p2a: Clodsire|stockpile1\n|-boost|p2a: Clodsire|def|1\n|-boost|p2a: Clodsire|spd|1\n|\n|upkeep\n|turn|3\n|\n|t:|1700242721\n|move|p1a: Ch1ld Pred@d0r|Dragon Dance|p1a: Ch1ld Pred@d0r\n|-boost|p1a: Ch1ld Pred@d0r|atk|1\n|-boost|p1a: Ch1ld Pred@d0r|spe|1\n|move|p2a: Clodsire|Stockpile|p2a: Clodsire\n|-start|p2a: Clodsire|stockpile2\n|-boost|p2a: Clodsire|def|1\n|-boost|p2a: Clodsire|spd|1\n|\n|upkeep\n|turn|4\n|\n|t:|1700242734\n|move|p1a: Ch1ld Pred@d0r|Dragon Dance|p1a: Ch1ld Pred@d0r\n|-boost|p1a: Ch1ld Pred@d0r|atk|1\n|-boost|p1a: Ch1ld Pred@d0r|spe|1\n|move|p2a: Clodsire|Toxic Spikes|p1a: Ch1ld Pred@d0r\n|-sidestart|p1: GrimFeather7219|move: Toxic Spikes\n|\n|upkeep\n|turn|5\n|\n|t:|1700242739\n|move|p1a: Ch1ld Pred@d0r|Dragon Dance|p1a: Ch1ld Pred@d0r\n|-boost|p1a: Ch1ld Pred@d0r|atk|1\n|-boost|p1a: Ch1ld Pred@d0r|spe|1\n|move|p2a: Clodsire|Toxic Spikes||[still]\n|-fail|p2a: Clodsire\n|\n|upkeep\n|turn|6\n|\n|t:|1700242751\n|move|p1a: Ch1ld Pred@d0r|Dragon Dance|p1a: Ch1ld Pred@d0r\n|-boost|p1a: Ch1ld Pred@d0r|atk|1\n|-boost|p1a: Ch1ld Pred@d0r|spe|1\n|move|p2a: Clodsire|Stockpile|p2a: Clodsire\n|-start|p2a: Clodsire|stockpile3\n|-boost|p2a: Clodsire|def|1\n|-boost|p2a: Clodsire|spd|1\n|\n|upkeep\n|turn|7\n|\n|t:|1700242758\n|move|p1a: Ch1ld Pred@d0r|Dragon Darts|p2a: Clodsire\n|-damage|p2a: Clodsire|89\/100\n|-anim|p1a: Ch1ld Pred@d0r|Dragon Darts|p2a: Clodsire\n|-damage|p2a: Clodsire|78\/100\n|move|p2a: Clodsire|Recover|p2a: Clodsire\n|-heal|p2a: Clodsire|100\/100\n|\n|upkeep\n|turn|8\n|inactive|Battle timer is ON: inactive players will automatically lose when time's up. (requested by liamgar)\n|\n|t:|1700242791\n|move|p1a: Ch1ld Pred@d0r|Phantom Force||[still]\n|-prepare|p1a: Ch1ld Pred@d0r|Phantom Force\n|move|p2a: Clodsire|Recover||[still]\n|-fail|p2a: Clodsire|heal\n|\n|upkeep\n|turn|9\n|\n|t:|1700242799\n|move|p1a: Ch1ld Pred@d0r|Phantom Force|p2a: Clodsire|[from]lockedmove\n|-damage|p2a: Clodsire|78\/100\n|move|p2a: Clodsire|Recover|p2a: Clodsire\n|-heal|p2a: Clodsire|100\/100\n|\n|upkeep\n|turn|10\n|\n|t:|1700242804\n|move|p1a: Ch1ld Pred@d0r|U-turn|p2a: Clodsire\n|-resisted|p2a: Clodsire\n|-damage|p2a: Clodsire|95\/100\n|\n|t:|1700242806\n|switch|p1a: Gold Dick Lemmy|Gholdengo, shiny|100\/100|[from] U-turn\n|move|p2a: Clodsire|Stockpile||[still]\n|-fail|p2a: Clodsire\n|\n|-heal|p2a: Clodsire|100\/100|[from] item: Black Sludge\n|upkeep\n|turn|11\n|\n|t:|1700242831\n|switch|p1a: wet dreamer|Dondozo, M|100\/100\n|-status|p1a: wet dreamer|tox\n|move|p2a: Clodsire|Stockpile||[still]\n|-fail|p2a: Clodsire\n|\n|-damage|p1a: wet dreamer|94\/100 tox|[from] psn\n|upkeep\n|turn|12\n|\n|t:|1700242845\n|move|p1a: wet dreamer|Yawn|p2a: Clodsire\n|-start|p2a: Clodsire|move: Yawn|[of] p1a: wet dreamer\n|move|p2a: Clodsire|Toxic Spikes||[still]\n|-fail|p2a: Clodsire\n|\n|-heal|p1a: wet dreamer|100\/100 tox|[from] item: Leftovers\n|-damage|p1a: wet dreamer|88\/100 tox|[from] psn\n|upkeep\n|turn|13\n|\n|t:|1700242850\n|move|p1a: wet dreamer|Yawn||[still]\n|-fail|p1a: wet dreamer\n|move|p2a: Clodsire|Stockpile||[still]\n|-fail|p2a: Clodsire\n|\n|-heal|p1a: wet dreamer|94\/100 tox|[from] item: Leftovers\n|-damage|p1a: wet dreamer|76\/100 tox|[from] psn\n|-end|p2a: Clodsire|move: Yawn|[silent]\n|-status|p2a: Clodsire|slp\n|upkeep\n|turn|14\n|\n|t:|1700242855\n|switch|p2a: Chesnaught|Chesnaught, F|100\/100\n|move|p1a: wet dreamer|Curse|p1a: wet dreamer\n|-unboost|p1a: wet dreamer|spe|1\n|-boost|p1a: wet dreamer|atk|1\n|-boost|p1a: wet dreamer|def|1\n|\n|-heal|p1a: wet dreamer|82\/100 tox|[from] item: Leftovers\n|-damage|p1a: wet dreamer|57\/100 tox|[from] psn\n|upkeep\n|turn|15\n|\n|t:|1700242860\n|-terastallize|p1a: wet dreamer|Grass\n|move|p2a: Chesnaught|Leech Seed|p1a: wet dreamer\n|-immune|p1a: wet dreamer\n|move|p1a: wet dreamer|Earthquake|p2a: Chesnaught\n|-resisted|p2a: Chesnaught\n|-damage|p2a: Chesnaught|85\/100\n|\n|-heal|p1a: wet dreamer|64\/100 tox|[from] item: Leftovers\n|-damage|p1a: wet dreamer|33\/100 tox|[from] psn\n|upkeep\n|turn|16\n|\n|t:|1700242868\n|move|p2a: Chesnaught|Swords Dance|p2a: Chesnaught\n|-boost|p2a: Chesnaught|atk|2\n|move|p1a: wet dreamer|Wave Crash|p2a: Chesnaught\n|-resisted|p2a: Chesnaught\n|-damage|p2a: Chesnaught|57\/100\n|-damage|p1a: wet dreamer|26\/100 tox|[from] Recoil\n|\n|-heal|p1a: wet dreamer|32\/100 tox|[from] item: Leftovers\n|-damage|p1a: wet dreamer|0 fnt|[from] psn\n|faint|p1a: wet dreamer\n|upkeep\n|\n|t:|1700242876\n|switch|p1a: Spiky Dick Billy|Grimmsnarl, M|100\/100\n|-status|p1a: Spiky Dick Billy|tox\n|turn|17\n|\n|t:|1700242896\n|move|p2a: Chesnaught|Spiky Shield|p2a: Chesnaught\n|-singleturn|p2a: Chesnaught|move: Protect\n|move|p1a: Spiky Dick Billy|Sucker Punch||[still]\n|-fail|p1a: Spiky Dick Billy\n|\n|-damage|p1a: Spiky Dick Billy|94\/100 tox|[from] psn\n|upkeep\n|turn|18\n|\n|t:|1700242903\n|move|p2a: Chesnaught|Bulk Up|p2a: Chesnaught\n|-boost|p2a: Chesnaught|atk|1\n|-boost|p2a: Chesnaught|def|1\n|move|p1a: Spiky Dick Billy|Play Rough|p2a: Chesnaught\n|-supereffective|p2a: Chesnaught\n|-damage|p2a: Chesnaught|12\/100\n|\n|-damage|p1a: Spiky Dick Billy|82\/100 tox|[from] psn\n|upkeep\n|turn|19\n|\n|t:|1700242909\n|move|p2a: Chesnaught|Leech Seed|p1a: Spiky Dick Billy\n|-start|p1a: Spiky Dick Billy|move: Leech Seed\n|move|p1a: Spiky Dick Billy|Play Rough|p2a: Chesnaught\n|-supereffective|p2a: Chesnaught\n|-damage|p2a: Chesnaught|0 fnt\n|faint|p2a: Chesnaught\n|\n|-damage|p1a: Spiky Dick Billy|64\/100 tox|[from] psn\n|upkeep\n|\n|t:|1700242913\n|switch|p2a: hot dik|Arcanine-Hisui, M|100\/100\n|turn|20\n|\n|t:|1700242924\n|move|p1a: Spiky Dick Billy|Sucker Punch|p2a: hot dik\n|-damage|p2a: hot dik|59\/100\n|move|p2a: hot dik|Head Smash|p1a: Spiky Dick Billy\n|-damage|p1a: Spiky Dick Billy|0 fnt\n|-damage|p2a: hot dik|43\/100|[from] item: Rocky Helmet|[of] p1a: Spiky Dick Billy\n|faint|p1a: Spiky Dick Billy\n|-damage|p2a: hot dik|33\/100|[from] item: Life Orb\n|\n|upkeep\n|\n|t:|1700242937\n|switch|p1a: Ch1ld Pred@d0r|Dragapult, M|100\/100\n|-status|p1a: Ch1ld Pred@d0r|tox\n|turn|21\n|\n|t:|1700242945\n|move|p1a: Ch1ld Pred@d0r|Dragon Darts|p2a: hot dik\n|-damage|p2a: hot dik|1\/100\n|-anim|p1a: Ch1ld Pred@d0r|Dragon Darts|p2a: hot dik\n|-damage|p2a: hot dik|0 fnt\n|faint|p2a: hot dik\n|\n|-damage|p1a: Ch1ld Pred@d0r|94\/100 tox|[from] psn\n|upkeep\n|\n|t:|1700242953\n|switch|p2a: ogger dik|Ogerpon-Cornerstone, F|100\/100\n|turn|22\n|\n|t:|1700242966\n|move|p2a: ogger dik|Ivy Cudgel|p1a: Ch1ld Pred@d0r|[anim] Ivy Cudgel Rock\n|-damage|p1a: Ch1ld Pred@d0r|25\/100 tox\n|move|p1a: Ch1ld Pred@d0r|Phantom Force||[still]\n|-prepare|p1a: Ch1ld Pred@d0r|Phantom Force\n|\n|-heal|p1a: Ch1ld Pred@d0r|31\/100 tox|[from] item: Leftovers\n|-damage|p1a: Ch1ld Pred@d0r|19\/100 tox|[from] psn\n|upkeep\n|turn|23\n|\n|t:|1700242973\n|move|p2a: ogger dik|Quick Attack|p1a: Ch1ld Pred@d0r|[miss]\n|-miss|p2a: ogger dik|p1a: Ch1ld Pred@d0r\n|move|p1a: Ch1ld Pred@d0r|Phantom Force|p2a: ogger dik|[from]lockedmove\n|-damage|p2a: ogger dik|42\/100\n|\n|-heal|p1a: Ch1ld Pred@d0r|25\/100 tox|[from] item: Leftovers\n|-damage|p1a: Ch1ld Pred@d0r|6\/100 tox|[from] psn\n|upkeep\n|turn|24\n|\n|t:|1700242978\n|move|p2a: ogger dik|Quick Attack|p1a: Ch1ld Pred@d0r\n|-immune|p1a: Ch1ld Pred@d0r\n|move|p1a: Ch1ld Pred@d0r|Phantom Force||[still]\n|-prepare|p1a: Ch1ld Pred@d0r|Phantom Force\n|\n|-heal|p1a: Ch1ld Pred@d0r|13\/100 tox|[from] item: Leftovers\n|-damage|p1a: Ch1ld Pred@d0r|0 fnt|[from] psn\n|faint|p1a: Ch1ld Pred@d0r\n|upkeep\n|\n|t:|1700242986\n|switch|p1a: Thick Dick Micky|Iron Moth|100\/100\n|-sideend|p1: GrimFeather7219|move: Toxic Spikes|[of] p1a: Thick Dick Micky\n|turn|25\n|\n|t:|1700242995\n|move|p1a: Thick Dick Micky|Fiery Dance|p2a: ogger dik\n|-damage|p2a: ogger dik|0 fnt\n|-boost|p1a: Thick Dick Micky|spa|1\n|faint|p2a: ogger dik\n|\n|upkeep\n|\n|t:|1700243003\n|switch|p2a: gooy god slayer|Manaphy|100\/100\n|turn|26\n|\n|t:|1700243008\n|-end|p1a: Thick Dick Micky|Quark Drive|[silent]\n|switch|p1a: Gang Leader|Kingambit, M|100\/100\n|-activate|p1a: Gang Leader|ability: Supreme Overlord\n|-start|p1a: Gang Leader|fallen3|[silent]\n|move|p2a: gooy god slayer|Hydro Pump|p1a: Gang Leader\n|-damage|p1a: Gang Leader|57\/100\n|\n|-heal|p1a: Gang Leader|64\/100|[from] item: Leftovers\n|upkeep\n|turn|27\n|\n|t:|1700243020\n|move|p2a: gooy god slayer|Tail Glow|p2a: gooy god slayer\n|-boost|p2a: gooy god slayer|spa|3\n|move|p1a: Gang Leader|Iron Head|p2a: gooy god slayer\n|-resisted|p2a: gooy god slayer\n|-damage|p2a: gooy god slayer|75\/100\n|\n|-heal|p1a: Gang Leader|70\/100|[from] item: Leftovers\n|upkeep\n|turn|28\n|\n|t:|1700243025\n|move|p1a: Gang Leader|Sucker Punch|p2a: gooy god slayer\n|-damage|p2a: gooy god slayer|33\/100\n|move|p2a: gooy god slayer|Hydro Pump|p1a: Gang Leader\n|-damage|p1a: Gang Leader|0 fnt\n|faint|p1a: Gang Leader\n|-end|p1a: Gang Leader|fallen3|[silent]\n|\n|upkeep\n|\n|t:|1700243031\n|switch|p1a: Thick Dick Micky|Iron Moth|100\/100\n|turn|29\n|\n|t:|1700243042\n|-terastallize|p2a: gooy god slayer|Fairy\n|move|p1a: Thick Dick Micky|Energy Ball|p2a: gooy god slayer\n|-damage|p2a: gooy god slayer|4\/100\n|-enditem|p2a: gooy god slayer|Aguav Berry|[eat]\n|-heal|p2a: gooy god slayer|37\/100|[from] item: Aguav Berry\n|move|p2a: gooy god slayer|Hydro Pump|p1a: Thick Dick Micky|[miss]\n|-miss|p2a: gooy god slayer|p1a: Thick Dick Micky\n|\n|upkeep\n|turn|30\n|\n|t:|1700243054\n|-end|p1a: Thick Dick Micky|Quark Drive|[silent]\n|switch|p1a: Gold Dick Lemmy|Gholdengo, shiny|100\/100\n|move|p2a: gooy god slayer|Hydro Pump|p1a: Gold Dick Lemmy\n|-damage|p1a: Gold Dick Lemmy|0 fnt\n|faint|p1a: Gold Dick Lemmy\n|\n|upkeep\n|\n|t:|1700243059\n|switch|p1a: Thick Dick Micky|Iron Moth|100\/100\n|turn|31\n|\n|t:|1700243064\n|move|p1a: Thick Dick Micky|Sludge Wave|p2a: gooy god slayer\n|-supereffective|p2a: gooy god slayer\n|-damage|p2a: gooy god slayer|0 fnt\n|faint|p2a: gooy god slayer\n|\n|upkeep\n|\n|t:|1700243071\n|switch|p2a: big dik riky 2|Conkeldurr, F|100\/100\n|turn|32\n|\n|t:|1700243076\n|move|p2a: big dik riky 2|Detect|p2a: big dik riky 2\n|-singleturn|p2a: big dik riky 2|Protect\n|move|p1a: Thick Dick Micky|Sludge Wave|p2a: big dik riky 2\n|-activate|p2a: big dik riky 2|move: Protect\n|\n|-status|p2a: big dik riky 2|brn|[from] item: Flame Orb\n|upkeep\n|turn|33\n|\n|t:|1700243083\n|move|p1a: Thick Dick Micky|Sludge Wave|p2a: big dik riky 2\n|-damage|p2a: big dik riky 2|42\/100 brn\n|move|p2a: big dik riky 2|Ice Punch|p1a: Thick Dick Micky\n|-resisted|p1a: Thick Dick Micky\n|-crit|p1a: Thick Dick Micky\n|-damage|p1a: Thick Dick Micky|45\/100\n|\n|-damage|p2a: big dik riky 2|36\/100 brn|[from] brn\n|upkeep\n|turn|34\n|\n|t:|1700243089\n|move|p1a: Thick Dick Micky|Sludge Wave|p2a: big dik riky 2\n|-damage|p2a: big dik riky 2|0 fnt\n|faint|p2a: big dik riky 2\n|\n|upkeep\n|\n|t:|1700243091\n|switch|p2a: Clodsire|Clodsire, M|100\/100 slp\n|turn|35\n|\n|t:|1700243096\n|move|p1a: Thick Dick Micky|Sludge Wave|p2a: Clodsire\n|-resisted|p2a: Clodsire\n|-damage|p2a: Clodsire|93\/100 slp\n|cant|p2a: Clodsire|slp\n|\n|-heal|p2a: Clodsire|99\/100 slp|[from] item: Black Sludge\n|upkeep\n|turn|36\n|\n|t:|1700243099\n|move|p1a: Thick Dick Micky|Sludge Wave|p2a: Clodsire\n|-resisted|p2a: Clodsire\n|-damage|p2a: Clodsire|93\/100 slp\n|-curestatus|p2a: Clodsire|slp|[msg]\n|move|p2a: Clodsire|Stockpile|p2a: Clodsire\n|-start|p2a: Clodsire|stockpile1\n|-boost|p2a: Clodsire|def|1\n|-boost|p2a: Clodsire|spd|1\n|\n|-heal|p2a: Clodsire|99\/100|[from] item: Black Sludge\n|upkeep\n|turn|37\n|\n|t:|1700243100\n|move|p1a: Thick Dick Micky|Sludge Wave|p2a: Clodsire\n|-resisted|p2a: Clodsire\n|-damage|p2a: Clodsire|94\/100\n|move|p2a: Clodsire|Stockpile|p2a: Clodsire\n|-start|p2a: Clodsire|stockpile2\n|-boost|p2a: Clodsire|def|1\n|-boost|p2a: Clodsire|spd|1\n|\n|-heal|p2a: Clodsire|100\/100|[from] item: Black Sludge\n|upkeep\n|turn|38\n|\n|t:|1700243103\n|move|p1a: Thick Dick Micky|Sludge Wave|p2a: Clodsire\n|-resisted|p2a: Clodsire\n|-damage|p2a: Clodsire|97\/100\n|move|p2a: Clodsire|Stockpile|p2a: Clodsire\n|-start|p2a: Clodsire|stockpile3\n|-boost|p2a: Clodsire|def|1\n|-boost|p2a: Clodsire|spd|1\n|\n|-heal|p2a: Clodsire|100\/100|[from] item: Black Sludge\n|upkeep\n|turn|39\n|\n|t:|1700243105\n|move|p1a: Thick Dick Micky|Sludge Wave|p2a: Clodsire\n|-resisted|p2a: Clodsire\n|-damage|p2a: Clodsire|98\/100\n|move|p2a: Clodsire|Stockpile||[still]\n|-fail|p2a: Clodsire\n|\n|-heal|p2a: Clodsire|100\/100|[from] item: Black Sludge\n|upkeep\n|turn|40\n|\n|t:|1700243109\n|move|p1a: Thick Dick Micky|Sludge Wave|p2a: Clodsire\n|-resisted|p2a: Clodsire\n|-damage|p2a: Clodsire|98\/100\n|move|p2a: Clodsire|Toxic Spikes|p1a: Thick Dick Micky\n|-sidestart|p1: GrimFeather7219|move: Toxic Spikes\n|\n|-heal|p2a: Clodsire|100\/100|[from] item: Black Sludge\n|upkeep\n|turn|41\n|\n|t:|1700243111\n|move|p1a: Thick Dick Micky|Sludge Wave|p2a: Clodsire\n|-resisted|p2a: Clodsire\n|-crit|p2a: Clodsire\n|-damage|p2a: Clodsire|90\/100\n|move|p2a: Clodsire|Toxic Spikes|p1a: Thick Dick Micky\n|-sidestart|p1: GrimFeather7219|move: Toxic Spikes\n|\n|-heal|p2a: Clodsire|96\/100|[from] item: Black Sludge\n|upkeep\n|turn|42\n|\n|t:|1700243117\n|move|p1a: Thick Dick Micky|Sludge Wave|p2a: Clodsire\n|-resisted|p2a: Clodsire\n|-damage|p2a: Clodsire|94\/100\n|move|p2a: Clodsire|Recover|p2a: Clodsire\n|-heal|p2a: Clodsire|100\/100\n|\n|upkeep\n|turn|43\n|\n|t:|1700243122\n|move|p1a: Thick Dick Micky|Sludge Wave|p2a: Clodsire\n|-resisted|p2a: Clodsire\n|-damage|p2a: Clodsire|98\/100\n|move|p2a: Clodsire|Toxic Spikes||[still]\n|-fail|p2a: Clodsire\n|\n|-heal|p2a: Clodsire|100\/100|[from] item: Black Sludge\n|upkeep\n|turn|44\n|inactive|liamgar has 270 seconds left.\n|\n|t:|1700243161\n|move|p1a: Thick Dick Micky|Sludge Wave|p2a: Clodsire\n|-resisted|p2a: Clodsire\n|-damage|p2a: Clodsire|98\/100\n|move|p2a: Clodsire|Stockpile||[still]\n|-fail|p2a: Clodsire\n|\n|-heal|p2a: Clodsire|100\/100|[from] item: Black Sludge\n|upkeep\n|turn|45\n|\n|t:|1700243164\n|move|p1a: Thick Dick Micky|Sludge Wave|p2a: Clodsire\n|-resisted|p2a: Clodsire\n|-damage|p2a: Clodsire|98\/100\n|move|p2a: Clodsire|Stockpile||[still]\n|-fail|p2a: Clodsire\n|\n|-heal|p2a: Clodsire|100\/100|[from] item: Black Sludge\n|upkeep\n|turn|46\n|\n|t:|1700243166\n|move|p1a: Thick Dick Micky|Sludge Wave|p2a: Clodsire\n|-resisted|p2a: Clodsire\n|-damage|p2a: Clodsire|98\/100\n|move|p2a: Clodsire|Stockpile||[still]\n|-fail|p2a: Clodsire\n|\n|-heal|p2a: Clodsire|100\/100|[from] item: Black Sludge\n|upkeep\n|turn|47\n|\n|t:|1700243172\n|-activate|p1a: Thick Dick Micky|move: Struggle\n|move|p1a: Thick Dick Micky|Struggle|p2a: Clodsire\n|-damage|p2a: Clodsire|97\/100\n|-damage|p1a: Thick Dick Micky|20\/100|[from] recoil\n|move|p2a: Clodsire|Stockpile||[still]\n|-fail|p2a: Clodsire\n|\n|-heal|p2a: Clodsire|100\/100|[from] item: Black Sludge\n|upkeep\n|turn|48\n|\n|t:|1700243179\n|-activate|p1a: Thick Dick Micky|move: Struggle\n|move|p1a: Thick Dick Micky|Struggle|p2a: Clodsire\n|-damage|p2a: Clodsire|97\/100\n|-damage|p1a: Thick Dick Micky|0 fnt|[from] recoil\n|faint|p1a: Thick Dick Micky\n|-end|p1a: Thick Dick Micky|Quark Drive|[silent]\n|\n|win|liamgar\n","uploadtime":1700243191,"views":9,"p1id":"grimfeather7219","p2id":"liamgar","formatid":"gen9ou","rating":0,"private":0,"password":""}