{"id":"gen9ou-1990975061","p1":"Thelaw1307","p2":"tybizzz","format":"[Gen 9] OU","log":"|j|\u2606Thelaw1307\n|j|\u2606tybizzz\n|t:|1700022030\n|gametype|singles\n|player|p1|Thelaw1307|dawn|1073\n|player|p2|tybizzz|flint|1095\n|teamsize|p1|6\n|teamsize|p2|6\n|gen|9\n|tier|[Gen 9] OU\n|rated|\n|rule|Sleep Clause Mod: Limit one foe put to sleep\n|rule|Species Clause: Limit one of each Pok\u00e9mon\n|rule|OHKO Clause: OHKO moves are banned\n|rule|Evasion Items Clause: Evasion items are banned\n|rule|Evasion Moves Clause: Evasion moves are banned\n|rule|Endless Battle Clause: Forcing endless battles is banned\n|rule|HP Percentage Mod: HP is shown in percentages\n|clearpoke\n|poke|p1|Mandibuzz, F|\n|poke|p1|Gardevoir, F|\n|poke|p1|Gholdengo|\n|poke|p1|Great Tusk|\n|poke|p1|Quaquaval, M|\n|poke|p1|Ceruledge, M|\n|poke|p2|Vikavolt, M|\n|poke|p2|Enamorus, F|\n|poke|p2|Great Tusk|\n|poke|p2|Gholdengo|\n|poke|p2|Kommo-o, F|\n|poke|p2|Iron Moth|\n|teampreview\n|\n|t:|1700022048\n|start\n|switch|p1a: Ceruledge|Ceruledge, M|100\/100\n|switch|p2a: Vikavolt|Vikavolt, M|100\/100\n|turn|1\n|\n|t:|1700022057\n|switch|p2a: Great Tusk|Great Tusk|100\/100\n|-enditem|p2a: Great Tusk|Booster Energy\n|-activate|p2a: Great Tusk|ability: Protosynthesis|[fromitem]\n|-start|p2a: Great Tusk|protosynthesisatk\n|move|p1a: Ceruledge|Swords Dance|p1a: Ceruledge\n|-boost|p1a: Ceruledge|atk|2\n|\n|upkeep\n|turn|2\n|\n|t:|1700022070\n|move|p2a: Great Tusk|Headlong Rush|p1a: Ceruledge\n|-supereffective|p1a: Ceruledge\n|-enditem|p1a: Ceruledge|Focus Sash\n|-damage|p1a: Ceruledge|1\/100\n|-unboost|p2a: Great Tusk|def|1\n|-unboost|p2a: Great Tusk|spd|1\n|-ability|p1a: Ceruledge|Weak Armor|boost\n|-unboost|p1a: Ceruledge|def|1\n|-boost|p1a: Ceruledge|spe|2\n|move|p1a: Ceruledge|Psycho Cut|p2a: Great Tusk\n|-supereffective|p2a: Great Tusk\n|-damage|p2a: Great Tusk|0 fnt\n|faint|p2a: Great Tusk\n|-end|p2a: Great Tusk|Protosynthesis|[silent]\n|\n|upkeep\n|\n|t:|1700022086\n|switch|p2a: Kommo-o|Kommo-o, F|100\/100\n|turn|3\n|\n|t:|1700022096\n|-terastallize|p2a: Kommo-o|Fire\n|move|p1a: Ceruledge|Psycho Cut|p2a: Kommo-o\n|-damage|p2a: Kommo-o|47\/100\n|move|p2a: Kommo-o|Flamethrower|p1a: Ceruledge\n|-resisted|p1a: Ceruledge\n|-damage|p1a: Ceruledge|0 fnt\n|faint|p1a: Ceruledge\n|\n|-heal|p2a: Kommo-o|53\/100|[from] item: Leftovers\n|upkeep\n|\n|t:|1700022111\n|switch|p1a: Gardevoir|Gardevoir, F|100\/100\n|-ability|p1a: Gardevoir|Bulletproof|[from] ability: Trace|[of] p2a: Kommo-o\n|turn|4\n|inactive|Battle timer is ON: inactive players will automatically lose when time's up. (requested by tybizzz)\n|\n|t:|1700022125\n|switch|p2a: Gholdengo|Gholdengo|100\/100\n|-item|p2a: Gholdengo|Air Balloon\n|move|p1a: Gardevoir|Future Sight|p2a: Gholdengo\n|-start|p1a: Gardevoir|move: Future Sight\n|\n|upkeep\n|turn|5\n|\n|t:|1700022138\n|switch|p1a: Mandibuzz|Mandibuzz, F|100\/100\n|move|p2a: Gholdengo|Psyshock|p1a: Mandibuzz\n|-immune|p1a: Mandibuzz\n|\n|upkeep\n|turn|6\n|\n|t:|1700022145\n|move|p2a: Gholdengo|Thunderbolt|p1a: Mandibuzz\n|-supereffective|p1a: Mandibuzz\n|-damage|p1a: Mandibuzz|43\/100\n|move|p1a: Mandibuzz|Foul Play|p2a: Gholdengo\n|-supereffective|p2a: Gholdengo\n|-damage|p2a: Gholdengo|62\/100\n|-enditem|p2a: Gholdengo|Air Balloon\n|\n|-end|p2a: Gholdengo|move: Future Sight\n|-resisted|p2a: Gholdengo\n|-damage|p2a: Gholdengo|20\/100\n|upkeep\n|turn|7\n|\n|t:|1700022171\n|switch|p2a: Enamorus|Enamorus, F, shiny|100\/100\n|switch|p1a: Great Tusk|Great Tusk|100\/100\n|\n|upkeep\n|turn|8\n|\n|t:|1700022182\n|-end|p1a: Great Tusk|Protosynthesis|[silent]\n|switch|p1a: Gholdengo|Gholdengo|100\/100\n|move|p2a: Enamorus|Moonblast|p1a: Gholdengo\n|-resisted|p1a: Gholdengo\n|-damage|p1a: Gholdengo|62\/100\n|-damage|p2a: Enamorus|91\/100|[from] item: Life Orb\n|\n|upkeep\n|turn|9\n|\n|t:|1700022193\n|move|p2a: Enamorus|Earth Power|p1a: Gholdengo\n|-supereffective|p1a: Gholdengo\n|-damage|p1a: Gholdengo|0 fnt\n|faint|p1a: Gholdengo\n|-damage|p2a: Enamorus|81\/100|[from] item: Life Orb\n|\n|upkeep\n|\n|t:|1700022202\n|switch|p1a: Gardevoir|Gardevoir, F|100\/100\n|-ability|p1a: Gardevoir|Contrary|[from] ability: Trace|[of] p2a: Enamorus\n|turn|10\n|\n|t:|1700022224\n|switch|p2a: Gholdengo|Gholdengo|20\/100\n|move|p1a: Gardevoir|Psychic|p2a: Gholdengo\n|-resisted|p2a: Gholdengo\n|-damage|p2a: Gholdengo|0 fnt\n|faint|p2a: Gholdengo\n|\n|upkeep\n|inactive|tybizzz has 120 seconds left.\n|\n|t:|1700022246\n|switch|p2a: Vikavolt|Vikavolt, M|100\/100\n|turn|11\n|\n|t:|1700022252\n|switch|p1a: Mandibuzz|Mandibuzz, F|43\/100\n|move|p2a: Vikavolt|Sticky Web|p1a: Mandibuzz\n|-sidestart|p1: Thelaw1307|move: Sticky Web\n|\n|upkeep\n|turn|12\n|\n|t:|1700022258\n|move|p1a: Mandibuzz|Defog|p2a: Vikavolt\n|-unboost|p2a: Vikavolt|evasion|1\n|-sideend|p1: Thelaw1307|Sticky Web|[from] move: Defog|[of] p1a: Mandibuzz\n|move|p2a: Vikavolt|Volt Switch|p1a: Mandibuzz\n|-supereffective|p1a: Mandibuzz\n|-damage|p1a: Mandibuzz|0 fnt\n|faint|p1a: Mandibuzz\n|\n|t:|1700022269\n|switch|p2a: Enamorus|Enamorus, F, shiny|81\/100|[from] Volt Switch\n|\n|upkeep\n|\n|t:|1700022275\n|switch|p1a: Gardevoir|Gardevoir, F|100\/100\n|-ability|p1a: Gardevoir|Contrary|[from] ability: Trace|[of] p2a: Enamorus\n|turn|13\n|\n|t:|1700022287\n|move|p2a: Enamorus|Draining Kiss|p1a: Gardevoir\n|-damage|p1a: Gardevoir|71\/100\n|-heal|p2a: Enamorus|100\/100|[from] drain|[of] p1a: Gardevoir\n|-damage|p2a: Enamorus|91\/100|[from] item: Life Orb\n|move|p1a: Gardevoir|Psychic|p2a: Enamorus\n|-damage|p2a: Enamorus|0 fnt\n|faint|p2a: Enamorus\n|\n|upkeep\n|\n|t:|1700022295\n|switch|p2a: Kommo-o|Kommo-o, F, tera:Fire|53\/100\n|turn|14\n|\n|t:|1700022298\n|move|p2a: Kommo-o|Flamethrower|p1a: Gardevoir\n|-damage|p1a: Gardevoir|33\/100\n|move|p1a: Gardevoir|Psychic|p2a: Kommo-o\n|-damage|p2a: Kommo-o|0 fnt\n|faint|p2a: Kommo-o\n|\n|upkeep\n|\n|t:|1700022319\n|switch|p2a: Iron Moth|Iron Moth|100\/100\n|-enditem|p2a: Iron Moth|Booster Energy\n|-activate|p2a: Iron Moth|ability: Quark Drive|[fromitem]\n|-start|p2a: Iron Moth|quarkdrivespe\n|turn|15\n|\n|t:|1700022324\n|move|p2a: Iron Moth|Fiery Dance|p1a: Gardevoir\n|-damage|p1a: Gardevoir|0 fnt\n|-boost|p2a: Iron Moth|spa|1\n|faint|p1a: Gardevoir\n|\n|upkeep\n|\n|t:|1700022333\n|switch|p1a: Quaquaval|Quaquaval, M|100\/100\n|turn|16\n|\n|t:|1700022342\n|-terastallize|p1a: Quaquaval|Water\n|move|p1a: Quaquaval|Aqua Jet|p2a: Iron Moth\n|-supereffective|p2a: Iron Moth\n|-damage|p2a: Iron Moth|22\/100\n|move|p2a: Iron Moth|Dazzling Gleam|p1a: Quaquaval\n|-damage|p1a: Quaquaval|63\/100\n|\n|upkeep\n|turn|17\n|\n|t:|1700022351\n|move|p1a: Quaquaval|Aqua Jet|p2a: Iron Moth\n|-supereffective|p2a: Iron Moth\n|-damage|p2a: Iron Moth|0 fnt\n|faint|p2a: Iron Moth\n|-end|p2a: Iron Moth|Quark Drive|[silent]\n|-ability|p1a: Quaquaval|Moxie|boost\n|-boost|p1a: Quaquaval|atk|1\n|\n|upkeep\n|\n|t:|1700022353\n|switch|p2a: Vikavolt|Vikavolt, M|100\/100\n|turn|18\n|\n|t:|1700022359\n|move|p1a: Quaquaval|Aqua Step|p2a: Vikavolt\n|-damage|p2a: Vikavolt|8\/100\n|-boost|p1a: Quaquaval|spe|1\n|move|p2a: Vikavolt|Volt Switch|p1a: Quaquaval\n|-supereffective|p1a: Quaquaval\n|-damage|p1a: Quaquaval|0 fnt\n|faint|p1a: Quaquaval\n|\n|upkeep\n|\n|t:|1700022369\n|switch|p1a: Great Tusk|Great Tusk|100\/100\n|turn|19\n|\n|t:|1700022377\n|move|p1a: Great Tusk|Headlong Rush|p2a: Vikavolt\n|-immune|p2a: Vikavolt|[from] ability: Levitate\n|move|p2a: Vikavolt|Bug Buzz|p1a: Great Tusk\n|-resisted|p1a: Great Tusk\n|-crit|p1a: Great Tusk\n|-damage|p1a: Great Tusk|49\/100\n|\n|upkeep\n|turn|20\n|\n|t:|1700022391\n|move|p1a: Great Tusk|Knock Off|p2a: Vikavolt\n|-damage|p2a: Vikavolt|0 fnt\n|-enditem|p2a: Vikavolt|Heavy-Duty Boots|[from] move: Knock Off|[of] p1a: Great Tusk\n|faint|p2a: Vikavolt\n|\n|win|Thelaw1307\n|raw|Thelaw1307's rating: 1073 &rarr; <strong>1104<\/strong><br \/>(+31 for winning)\n|raw|tybizzz's rating: 1095 &rarr; <strong>1069<\/strong><br \/>(-26 for losing)\n|l|\u2606tybizzz\n","uploadtime":1700022400,"views":22,"p1id":"thelaw1307","p2id":"tybizzz","formatid":"gen9ou","rating":1069,"private":0,"password":""}