{"id":"gen9ou-1994754213","p1":"BoatMaster","p2":"danz12","format":"[Gen 9] OU","log":"|j|\u2606BoatMaster\n|j|\u2606danz12\n|t:|1700489385\n|gametype|singles\n|player|p1|BoatMaster|marnie-masters3|1338\n|player|p2|danz12|nate|1238\n|teamsize|p1|6\n|teamsize|p2|6\n|gen|9\n|tier|[Gen 9] OU\n|rated|\n|rule|Sleep Clause Mod: Limit one foe put to sleep\n|rule|Species Clause: Limit one of each Pok\u00e9mon\n|rule|OHKO Clause: OHKO moves are banned\n|rule|Evasion Items Clause: Evasion items are banned\n|rule|Evasion Moves Clause: Evasion moves are banned\n|rule|Endless Battle Clause: Forcing endless battles is banned\n|rule|HP Percentage Mod: HP is shown in percentages\n|clearpoke\n|poke|p1|Venomoth, M|\n|poke|p1|Talonflame, M|\n|poke|p1|Gholdengo|\n|poke|p1|Clodsire, M|\n|poke|p1|Mienshao, F|\n|poke|p1|Weezing-Galar, F|\n|poke|p2|Garganacl, F|\n|poke|p2|Clodsire, F|\n|poke|p2|Moltres-Galar|\n|poke|p2|Ceruledge, M|\n|poke|p2|Meowscarada, M|\n|poke|p2|Dragapult, M|\n|teampreview\n|inactive|Battle timer is ON: inactive players will automatically lose when time's up. (requested by danz12)\n|\n|t:|1700489396\n|start\n|switch|p1a: Mienshao|Mienshao, F|100\/100\n|switch|p2a: Meowscarada|Meowscarada, M|100\/100\n|turn|1\n|\n|t:|1700489421\n|move|p2a: Meowscarada|U-turn|p1a: Mienshao\n|-start|p2a: Meowscarada|typechange|Bug|[from] ability: Protean\n|-resisted|p1a: Mienshao\n|-damage|p1a: Mienshao|71\/100\n|\n|t:|1700489432\n|switch|p2a: Ceruledge|Ceruledge, M|100\/100|[from] U-turn\n|move|p1a: Mienshao|U-turn|p2a: Ceruledge\n|-resisted|p2a: Ceruledge\n|-damage|p2a: Ceruledge|92\/100\n|-ability|p2a: Ceruledge|Weak Armor|boost\n|-unboost|p2a: Ceruledge|def|1\n|-boost|p2a: Ceruledge|spe|2\n|\n|t:|1700489440\n|switch|p1a: Weezing|Weezing-Galar, F|100\/100|[from] U-turn\n|\n|upkeep\n|turn|2\n|\n|t:|1700489444\n|move|p2a: Ceruledge|Iron Head|p1a: Weezing\n|-supereffective|p1a: Weezing\n|-damage|p1a: Weezing|51\/100\n|-damage|p2a: Ceruledge|82\/100|[from] item: Life Orb\n|move|p1a: Weezing|Clear Smog|p2a: Ceruledge\n|-resisted|p2a: Ceruledge\n|-damage|p2a: Ceruledge|73\/100\n|-clearboost|p2a: Ceruledge\n|\n|-heal|p1a: Weezing|57\/100|[from] item: Leftovers\n|upkeep\n|turn|3\n|\n|t:|1700489462\n|move|p2a: Ceruledge|Swords Dance|p2a: Ceruledge\n|-boost|p2a: Ceruledge|atk|2\n|move|p1a: Weezing|Pain Split|p2a: Ceruledge\n|-sethp|p2a: Ceruledge|69\/100|[from] move: Pain Split|[silent]\n|-sethp|p1a: Weezing|61\/100|[from] move: Pain Split\n|\n|-heal|p1a: Weezing|67\/100|[from] item: Leftovers\n|upkeep\n|turn|4\n|\n|t:|1700489471\n|switch|p1a: Talonflame|Talonflame, M|100\/100\n|move|p2a: Ceruledge|Bitter Blade|p1a: Talonflame\n|-resisted|p1a: Talonflame\n|-damage|p1a: Talonflame|21\/100\n|-heal|p2a: Ceruledge|100\/100|[from] drain|[of] p1a: Talonflame\n|-damage|p2a: Ceruledge|91\/100|[from] item: Life Orb\n|\n|upkeep\n|turn|5\n|\n|t:|1700489485\n|move|p1a: Talonflame|Brave Bird|p2a: Ceruledge\n|-damage|p2a: Ceruledge|43\/100\n|-ability|p2a: Ceruledge|Weak Armor|boost\n|-unboost|p2a: Ceruledge|def|1\n|-boost|p2a: Ceruledge|spe|2\n|-damage|p1a: Talonflame|8\/100|[from] Recoil\n|move|p2a: Ceruledge|Bitter Blade|p1a: Talonflame\n|-resisted|p1a: Talonflame\n|-damage|p1a: Talonflame|0 fnt\n|-heal|p2a: Ceruledge|47\/100|[from] drain|[of] p1a: Talonflame\n|faint|p1a: Talonflame\n|-damage|p2a: Ceruledge|37\/100|[from] item: Life Orb\n|\n|upkeep\n|\n|t:|1700489499\n|switch|p1a: Clodsire|Clodsire, M|100\/100\n|turn|6\n|\n|t:|1700489513\n|-terastallize|p1a: Clodsire|Water\n|move|p2a: Ceruledge|Bitter Blade|p1a: Clodsire\n|-resisted|p1a: Clodsire\n|-damage|p1a: Clodsire|37\/100\n|-heal|p2a: Ceruledge|87\/100|[from] drain|[of] p1a: Clodsire\n|-damage|p2a: Ceruledge|77\/100|[from] item: Life Orb\n|move|p1a: Clodsire|Earthquake|p2a: Ceruledge\n|-supereffective|p2a: Ceruledge\n|-damage|p2a: Ceruledge|0 fnt\n|faint|p2a: Ceruledge\n|\n|-heal|p1a: Clodsire|43\/100|[from] item: Leftovers\n|upkeep\n|\n|t:|1700489518\n|switch|p2a: Meowscarada|Meowscarada, M|100\/100\n|turn|7\n|\n|t:|1700489528\n|switch|p1a: Weezing|Weezing-Galar, F|67\/100\n|move|p2a: Meowscarada|U-turn|p1a: Weezing\n|-start|p2a: Meowscarada|typechange|Bug|[from] ability: Protean\n|-resisted|p1a: Weezing\n|-damage|p1a: Weezing|61\/100\n|\n|t:|1700489533\n|switch|p2a: Moltres|Moltres-Galar, shiny|100\/100|[from] U-turn\n|\n|-heal|p1a: Weezing|67\/100|[from] item: Leftovers\n|upkeep\n|turn|8\n|\n|t:|1700489541\n|switch|p1a: Clodsire|Clodsire, M, tera:Water|43\/100\n|move|p2a: Moltres|Hurricane|p1a: Clodsire\n|-damage|p1a: Clodsire|14\/100\n|\n|-heal|p1a: Clodsire|20\/100|[from] item: Leftovers\n|upkeep\n|turn|9\n|\n|t:|1700489549\n|move|p2a: Moltres|Hurricane|p1a: Clodsire|[miss]\n|-miss|p2a: Moltres|p1a: Clodsire\n|move|p1a: Clodsire|Recover|p1a: Clodsire\n|-heal|p1a: Clodsire|70\/100\n|\n|-heal|p1a: Clodsire|76\/100|[from] item: Leftovers\n|upkeep\n|turn|10\n|\n|t:|1700489556\n|switch|p2a: Meowscarada|Meowscarada, M|100\/100\n|move|p1a: Clodsire|Toxic|p2a: Meowscarada\n|-status|p2a: Meowscarada|tox\n|\n|-heal|p1a: Clodsire|82\/100|[from] item: Leftovers\n|-damage|p2a: Meowscarada|94\/100 tox|[from] psn\n|upkeep\n|turn|11\n|\n|t:|1700489564\n|switch|p1a: Weezing|Weezing-Galar, F|67\/100\n|move|p2a: Meowscarada|Flower Trick|p1a: Weezing\n|-start|p2a: Meowscarada|typechange|Grass|[from] ability: Protean\n|-resisted|p1a: Weezing\n|-crit|p1a: Weezing\n|-damage|p1a: Weezing|52\/100\n|\n|-heal|p1a: Weezing|58\/100|[from] item: Leftovers\n|-damage|p2a: Meowscarada|82\/100 tox|[from] psn\n|upkeep\n|turn|12\n|\n|t:|1700489576\n|switch|p2a: Moltres|Moltres-Galar, shiny|100\/100\n|switch|p1a: Gholdengo|Gholdengo|100\/100\n|\n|upkeep\n|turn|13\n|\n|t:|1700489581\n|move|p1a: Gholdengo|Trick|p2a: Moltres\n|-activate|p1a: Gholdengo|move: Trick|[of] p2a: Moltres\n|-item|p2a: Moltres|Choice Scarf|[from] move: Trick\n|-item|p1a: Gholdengo|Weakness Policy|[from] move: Trick\n|move|p2a: Moltres|Agility|p2a: Moltres\n|-boost|p2a: Moltres|spe|2\n|\n|upkeep\n|turn|14\n|\n|t:|1700489588\n|switch|p2a: Clodsire|Clodsire, F|100\/100\n|move|p1a: Gholdengo|Dazzling Gleam|p2a: Clodsire\n|-resisted|p2a: Clodsire\n|-damage|p2a: Clodsire|93\/100\n|\n|-heal|p2a: Clodsire|99\/100|[from] item: Black Sludge\n|upkeep\n|turn|15\n|\n|t:|1700489596\n|switch|p1a: Weezing|Weezing-Galar, F|58\/100\n|move|p2a: Clodsire|Earthquake|p1a: Weezing\n|-immune|p1a: Weezing|[from] ability: Levitate\n|\n|-heal|p1a: Weezing|64\/100|[from] item: Leftovers\n|-heal|p2a: Clodsire|100\/100|[from] item: Black Sludge\n|upkeep\n|turn|16\n|\n|t:|1700489606\n|switch|p1a: Venomoth|Venomoth, M|100\/100\n|switch|p2a: Moltres|Moltres-Galar, shiny|100\/100\n|\n|upkeep\n|turn|17\n|\n|t:|1700489619\n|switch|p1a: Clodsire|Clodsire, M, tera:Water|82\/100\n|move|p2a: Moltres|Hurricane|p1a: Clodsire\n|-damage|p1a: Clodsire|55\/100\n|\n|-heal|p1a: Clodsire|61\/100|[from] item: Leftovers\n|upkeep\n|turn|18\n|\n|t:|1700489626\n|move|p2a: Moltres|Hurricane|p1a: Clodsire\n|-damage|p1a: Clodsire|33\/100\n|-start|p1a: Clodsire|confusion\n|-activate|p1a: Clodsire|confusion\n|-damage|p1a: Clodsire|24\/100|[from] confusion\n|\n|-heal|p1a: Clodsire|31\/100|[from] item: Leftovers\n|upkeep\n|turn|19\n|\n|t:|1700489633\n|move|p2a: Moltres|Hurricane|p1a: Clodsire|[miss]\n|-miss|p2a: Moltres|p1a: Clodsire\n|-activate|p1a: Clodsire|confusion\n|-damage|p1a: Clodsire|23\/100|[from] confusion\n|\n|-heal|p1a: Clodsire|29\/100|[from] item: Leftovers\n|upkeep\n|turn|20\n|\n|t:|1700489640\n|move|p2a: Moltres|Hurricane|p1a: Clodsire\n|-damage|p1a: Clodsire|2\/100\n|-activate|p1a: Clodsire|confusion\n|-damage|p1a: Clodsire|0 fnt|[from] confusion\n|faint|p1a: Clodsire\n|\n|upkeep\n|\n|t:|1700489647\n|switch|p1a: Mienshao|Mienshao, F|100\/100\n|turn|21\n|\n|t:|1700489650\n|switch|p1a: Gholdengo|Gholdengo|100\/100\n|move|p2a: Moltres|Hurricane|p1a: Gholdengo\n|-resisted|p1a: Gholdengo\n|-damage|p1a: Gholdengo|68\/100\n|\n|upkeep\n|turn|22\n|\n|t:|1700489662\n|switch|p2a: Clodsire|Clodsire, F|100\/100\n|move|p1a: Gholdengo|Make It Rain|p2a: Clodsire\n|-damage|p2a: Clodsire|68\/100\n|-unboost|p1a: Gholdengo|spa|1\n|\n|-heal|p2a: Clodsire|74\/100|[from] item: Black Sludge\n|upkeep\n|turn|23\n|\n|t:|1700489673\n|switch|p1a: Venomoth|Venomoth, M|100\/100\n|move|p2a: Clodsire|Stealth Rock|p1a: Venomoth\n|-sidestart|p1: BoatMaster|move: Stealth Rock\n|\n|-heal|p2a: Clodsire|80\/100|[from] item: Black Sludge\n|upkeep\n|turn|24\n|\n|t:|1700489680\n|switch|p2a: Moltres|Moltres-Galar, shiny|100\/100\n|move|p1a: Venomoth|Quiver Dance|p1a: Venomoth\n|-boost|p1a: Venomoth|spa|1\n|-boost|p1a: Venomoth|spd|1\n|-boost|p1a: Venomoth|spe|1\n|\n|upkeep\n|turn|25\n|\n|t:|1700489687\n|move|p1a: Venomoth|Quiver Dance|p1a: Venomoth\n|-boost|p1a: Venomoth|spa|1\n|-boost|p1a: Venomoth|spd|1\n|-boost|p1a: Venomoth|spe|1\n|move|p2a: Moltres|Hurricane|p1a: Venomoth\n|-supereffective|p1a: Venomoth\n|-damage|p1a: Venomoth|15\/100\n|\n|upkeep\n|turn|26\n|\n|t:|1700489694\n|move|p1a: Venomoth|Sludge Bomb|p2a: Moltres\n|-damage|p2a: Moltres|31\/100\n|-ability|p2a: Moltres|Berserk|boost\n|-boost|p2a: Moltres|spa|1\n|move|p2a: Moltres|Hurricane|p1a: Venomoth\n|-supereffective|p1a: Venomoth\n|-damage|p1a: Venomoth|0 fnt\n|faint|p1a: Venomoth\n|\n|upkeep\n|-message|BoatMaster forfeited.\n|\n|win|danz12\n|raw|BoatMaster's rating: 1338 &rarr; <strong>1312<\/strong><br \/>(-26 for losing)\n|raw|danz12's rating: 1238 &rarr; <strong>1270<\/strong><br \/>(+32 for winning)\n|l|\u2606BoatMaster\n","uploadtime":1700489703,"views":5,"p1id":"boatmaster","p2id":"danz12","formatid":"gen9ou","rating":1270,"private":0,"password":""}