{"id":"gen9ou-1997622807","p1":"Jimbonagga","p2":"vailorn","format":"[Gen 9] OU","log":"|j|\u2606Jimbonagga\n|j|\u2606vailorn\n|t:|1700834235\n|gametype|singles\n|player|p1|Jimbonagga|170|1415\n|player|p2|vailorn|rood|1411\n|teamsize|p1|6\n|teamsize|p2|6\n|gen|9\n|tier|[Gen 9] OU\n|rated|\n|rule|Sleep Clause Mod: Limit one foe put to sleep\n|rule|Species Clause: Limit one of each Pok\u00e9mon\n|rule|OHKO Clause: OHKO moves are banned\n|rule|Evasion Items Clause: Evasion items are banned\n|rule|Evasion Moves Clause: Evasion moves are banned\n|rule|Endless Battle Clause: Forcing endless battles is banned\n|rule|HP Percentage Mod: HP is shown in percentages\n|clearpoke\n|poke|p1|Torkoal, F|\n|poke|p1|Hatterene, F|\n|poke|p1|Kingambit, F|\n|poke|p1|Hoopa-Unbound|\n|poke|p1|Ursaluna, F|\n|poke|p1|Slowking-Galar, M|\n|poke|p2|Glimmora, F|\n|poke|p2|Kingambit, F|\n|poke|p2|Ogerpon-Wellspring, F|\n|poke|p2|Gholdengo|\n|poke|p2|Ditto|\n|poke|p2|Ceruledge, F|\n|teampreview\n|\n|t:|1700834244\n|start\n|switch|p1a: Hatterene|Hatterene, F|100\/100\n|switch|p2a: Glimmora|Glimmora, F|100\/100\n|turn|1\n|\n|t:|1700834249\n|move|p2a: Glimmora|Mortal Spin|p1a: Hatterene\n|-supereffective|p1a: Hatterene\n|-damage|p1a: Hatterene|87\/100\n|-status|p1a: Hatterene|psn\n|move|p1a: Hatterene|Trick Room|p1a: Hatterene\n|-fieldstart|move: Trick Room|[of] p1a: Hatterene\n|\n|-damage|p1a: Hatterene|74\/100 psn|[from] psn\n|upkeep\n|turn|2\n|\n|t:|1700834254\n|move|p1a: Hatterene|Dazzling Gleam|p2a: Glimmora\n|-resisted|p2a: Glimmora\n|-damage|p2a: Glimmora|66\/100\n|move|p2a: Glimmora|Earth Power|p1a: Hatterene\n|-damage|p1a: Hatterene|40\/100 psn\n|\n|-damage|p1a: Hatterene|28\/100 psn|[from] psn\n|upkeep\n|turn|3\n|\n|t:|1700834258\n|move|p1a: Hatterene|Healing Wish|p1a: Hatterene\n|faint|p1a: Hatterene\n|move|p2a: Glimmora|Earth Power|p1: Hatterene|[notarget]\n|-fail|p2a: Glimmora\n|\n|upkeep\n|\n|t:|1700834261\n|switch|p1a: Torkoal|Torkoal, F|100\/100\n|-weather|SunnyDay|[from] ability: Drought|[of] p1a: Torkoal\n|turn|4\n|\n|t:|1700834272\n|move|p1a: Torkoal|Earth Power|p2a: Glimmora\n|-supereffective|p2a: Glimmora\n|-damage|p2a: Glimmora|0 fnt\n|faint|p2a: Glimmora\n|\n|-weather|SunnyDay|[upkeep]\n|upkeep\n|\n|t:|1700834279\n|switch|p2a: Ceruledge|Ceruledge, F|100\/100\n|-item|p2a: Ceruledge|Air Balloon\n|turn|5\n|\n|t:|1700834288\n|switch|p1a: Kingambit|Kingambit, F|100\/100\n|-activate|p1a: Kingambit|ability: Supreme Overlord\n|-start|p1a: Kingambit|fallen1|[silent]\n|move|p2a: Ceruledge|Swords Dance|p2a: Ceruledge\n|-boost|p2a: Ceruledge|atk|2\n|\n|-weather|SunnyDay|[upkeep]\n|-fieldend|move: Trick Room\n|upkeep\n|turn|6\n|\n|t:|1700834294\n|-terastallize|p2a: Ceruledge|Fire\n|-terastallize|p1a: Kingambit|Fairy\n|move|p2a: Ceruledge|Bitter Blade|p1a: Kingambit\n|-damage|p1a: Kingambit|0 fnt\n|faint|p1a: Kingambit\n|-end|p1a: Kingambit|fallen1|[silent]\n|\n|-weather|SunnyDay|[upkeep]\n|upkeep\n|\n|t:|1700834301\n|switch|p1a: Ursaluna|Ursaluna, F|100\/100\n|turn|7\n|\n|t:|1700834305\n|switch|p1a: Torkoal|Torkoal, F|100\/100\n|move|p2a: Ceruledge|Bitter Blade|p1a: Torkoal\n|-resisted|p1a: Torkoal\n|-damage|p1a: Torkoal|38\/100\n|\n|-weather|SunnyDay|[upkeep]\n|upkeep\n|turn|8\n|\n|t:|1700834309\n|move|p2a: Ceruledge|Bitter Blade|p1a: Torkoal\n|-resisted|p1a: Torkoal\n|-damage|p1a: Torkoal|0 fnt\n|faint|p1a: Torkoal\n|\n|-weather|none\n|upkeep\n|\n|t:|1700834311\n|switch|p1a: Slowking|Slowking-Galar, M|100\/100\n|-item|p1a: Slowking|Air Balloon\n|turn|9\n|\n|t:|1700834317\n|move|p2a: Ceruledge|Bitter Blade|p1a: Slowking\n|-damage|p1a: Slowking|0 fnt\n|-enditem|p1a: Slowking|Air Balloon\n|faint|p1a: Slowking\n|\n|upkeep\n|l|\u2606Jimbonagga\n|player|p1|\n|inactive|Battle timer is ON: inactive players will automatically lose when time's up. (requested by vailorn)\n|inactive|Jimbonagga has 30 seconds to reconnect!\n|inactive|Jimbonagga has 20 seconds to reconnect!\n|inactive|Jimbonagga has 15 seconds to reconnect!\n|inactive|Jimbonagga has 10 seconds to reconnect!\n|inactive|Jimbonagga has 5 seconds to reconnect!\n|-message|Jimbonagga lost due to inactivity.\n|\n|win|vailorn\n|raw|Jimbonagga's rating: 1415 &rarr; <strong>1395<\/strong><br \/>(-20 for losing)\n|raw|vailorn's rating: 1411 &rarr; <strong>1431<\/strong><br \/>(+20 for winning)\n","uploadtime":1700834401,"views":5,"p1id":"jimbonagga","p2id":"vailorn","formatid":"gen9ou","rating":1395,"private":0,"password":""}