{"id":"gen9ou-1995302228","p1":"Aggron","p2":"RggV","format":"[Gen 9] OU","log":"|j|\u2606Aggron\n|j|\u2606RggV\n|t:|1700549916\n|gametype|singles\n|player|p1|Aggron|pokefan-gen4|1804\n|player|p2|RggV|#wcop2023latinamerica|1643\n|teamsize|p1|6\n|teamsize|p2|6\n|gen|9\n|tier|[Gen 9] OU\n|rated|\n|rule|Sleep Clause Mod: Limit one foe put to sleep\n|rule|Species Clause: Limit one of each Pok\u00e9mon\n|rule|OHKO Clause: OHKO moves are banned\n|rule|Evasion Items Clause: Evasion items are banned\n|rule|Evasion Moves Clause: Evasion moves are banned\n|rule|Endless Battle Clause: Forcing endless battles is banned\n|rule|HP Percentage Mod: HP is shown in percentages\n|clearpoke\n|poke|p1|Sinistcha-Masterpiece|\n|poke|p1|Heatran, M|\n|poke|p1|Rillaboom, F|\n|poke|p1|Samurott-Hisui, F|\n|poke|p1|Tyranitar, M|\n|poke|p1|Meowscarada, M|\n|poke|p2|Ribombee, F|\n|poke|p2|Infernape, F|\n|poke|p2|Gholdengo|\n|poke|p2|Manaphy|\n|poke|p2|Kingambit, M|\n|poke|p2|Landorus-Therian, M|\n|teampreview\n|inactive|Battle timer is ON: inactive players will automatically lose when time's up. (requested by RggV)\n|inactive|Aggron also wants the timer to be on.\n|\n|t:|1700549922\n|start\n|switch|p1a: Tyranitar|Tyranitar, M|100\/100\n|switch|p2a: Ribombee|Ribombee, F|100\/100\n|-weather|Sandstorm|[from] ability: Sand Stream|[of] p1a: Tyranitar\n|turn|1\n|\n|t:|1700549924\n|move|p2a: Ribombee|Sticky Web|p1a: Tyranitar\n|-sidestart|p1: Aggron|move: Sticky Web\n|move|p1a: Tyranitar|Rock Blast|p2a: Ribombee\n|-supereffective|p2a: Ribombee\n|-damage|p2a: Ribombee|47\/100\n|-supereffective|p2a: Ribombee\n|-damage|p2a: Ribombee|0 fnt\n|faint|p2a: Ribombee\n|-hitcount|p2: Ribombee|2\n|\n|-weather|Sandstorm|[upkeep]\n|upkeep\n|\n|t:|1700549930\n|switch|p2a: Infernape|Infernape, F|100\/100\n|turn|2\n|\n|t:|1700549940\n|switch|p2a: Landorus|Landorus-Therian, M|100\/100\n|-ability|p2a: Landorus|Intimidate|boost\n|-unboost|p1a: Tyranitar|atk|1\n|switch|p1a: Sinistcha|Sinistcha-Masterpiece|100\/100\n|\n|-weather|Sandstorm|[upkeep]\n|-damage|p1a: Sinistcha|94\/100|[from] Sandstorm\n|upkeep\n|turn|3\n|\n|t:|1700549944\n|switch|p2a: McFries|Gholdengo|100\/100\n|-item|p2a: McFries|Air Balloon\n|move|p1a: Sinistcha|Matcha Gotcha|p2a: McFries\n|-resisted|p2a: McFries\n|-damage|p2a: McFries|86\/100\n|-heal|p1a: Sinistcha|100\/100|[from] drain|[of] p2a: McFries\n|-enditem|p2a: McFries|Air Balloon\n|\n|-weather|Sandstorm|[upkeep]\n|-damage|p1a: Sinistcha|94\/100|[from] Sandstorm\n|upkeep\n|turn|4\n|\n|t:|1700549955\n|switch|p2a: Manaphy|Manaphy|100\/100\n|switch|p1a: Samurott|Samurott-Hisui, F|100\/100\n|\n|-weather|Sandstorm|[upkeep]\n|-damage|p1a: Samurott|94\/100|[from] Sandstorm\n|-damage|p2a: Manaphy|94\/100|[from] Sandstorm\n|-heal|p2a: Manaphy|100\/100|[from] item: Leftovers\n|upkeep\n|turn|5\n|\n|t:|1700549960\n|move|p1a: Samurott|Ceaseless Edge|p2a: Manaphy\n|-damage|p2a: Manaphy|72\/100\n|-sidestart|p2: RggV|Spikes\n|move|p2a: Manaphy|Acid Armor|p2a: Manaphy\n|-boost|p2a: Manaphy|def|2\n|\n|-weather|none\n|-heal|p2a: Manaphy|78\/100|[from] item: Leftovers\n|upkeep\n|turn|6\n|\n|t:|1700549965\n|move|p1a: Samurott|Encore|p2a: Manaphy\n|-start|p2a: Manaphy|Encore\n|move|p2a: Manaphy|Acid Armor|p2a: Manaphy\n|-boost|p2a: Manaphy|def|2\n|\n|-heal|p2a: Manaphy|84\/100|[from] item: Leftovers\n|upkeep\n|turn|7\n|\n|t:|1700549970\n|switch|p2a: Kingambit|Kingambit, M|100\/100\n|-damage|p2a: Kingambit|88\/100|[from] Spikes\n|-activate|p2a: Kingambit|ability: Supreme Overlord\n|-start|p2a: Kingambit|fallen1|[silent]\n|move|p1a: Samurott|Ceaseless Edge|p2a: Kingambit\n|-resisted|p2a: Kingambit\n|-damage|p2a: Kingambit|70\/100\n|-sidestart|p2: RggV|Spikes\n|\n|upkeep\n|turn|8\n|\n|t:|1700549973\n|move|p1a: Samurott|Sacred Sword|p2a: Kingambit\n|-supereffective|p2a: Kingambit\n|-damage|p2a: Kingambit|0 fnt\n|faint|p2a: Kingambit\n|-end|p2a: Kingambit|fallen1|[silent]\n|\n|upkeep\n|\n|t:|1700549979\n|switch|p2a: Landorus|Landorus-Therian, M|100\/100\n|-ability|p2a: Landorus|Intimidate|boost\n|-unboost|p1a: Samurott|atk|1\n|turn|9\n|\n|t:|1700549984\n|switch|p1a: Sinistcha|Sinistcha-Masterpiece|94\/100\n|move|p2a: Landorus|Earthquake|p1a: Sinistcha\n|-resisted|p1a: Sinistcha\n|-damage|p1a: Sinistcha|76\/100\n|\n|upkeep\n|turn|10\n|\n|t:|1700549988\n|switch|p2a: McFries|Gholdengo|86\/100\n|-damage|p2a: McFries|69\/100|[from] Spikes\n|move|p1a: Sinistcha|Shadow Ball|p2a: McFries\n|-supereffective|p2a: McFries\n|-damage|p2a: McFries|10\/100\n|\n|upkeep\n|turn|11\n|\n|t:|1700549996\n|switch|p1a: Meowscarada|Meowscarada, M|100\/100\n|-activate|p1a: Meowscarada|move: Sticky Web\n|-unboost|p1a: Meowscarada|spe|1\n|move|p2a: McFries|Make It Rain|p1a: Meowscarada\n|-damage|p1a: Meowscarada|13\/100\n|-unboost|p2a: McFries|spa|1\n|\n|upkeep\n|turn|12\n|\n|t:|1700550000\n|move|p1a: Meowscarada|Knock Off|p2a: McFries\n|-start|p1a: Meowscarada|typechange|Dark|[from] ability: Protean\n|-supereffective|p2a: McFries\n|-damage|p2a: McFries|0 fnt\n|faint|p2a: McFries\n|\n|upkeep\n|\n|t:|1700550002\n|switch|p2a: Infernape|Infernape, F|100\/100\n|-damage|p2a: Infernape|84\/100|[from] Spikes\n|turn|13\n|\n|t:|1700550012\n|switch|p1a: Tyranitar|Tyranitar, M|100\/100\n|-weather|Sandstorm|[from] ability: Sand Stream|[of] p1a: Tyranitar\n|move|p2a: Infernape|Swords Dance|p2a: Infernape\n|-boost|p2a: Infernape|atk|2\n|\n|-weather|Sandstorm|[upkeep]\n|-damage|p2a: Infernape|78\/100|[from] Sandstorm\n|upkeep\n|turn|14\n|\n|t:|1700550016\n|move|p2a: Infernape|Mach Punch|p1a: Tyranitar\n|-supereffective|p1a: Tyranitar\n|-damage|p1a: Tyranitar|0 fnt\n|faint|p1a: Tyranitar\n|\n|-weather|Sandstorm|[upkeep]\n|-damage|p2a: Infernape|72\/100|[from] Sandstorm\n|upkeep\n|\n|t:|1700550029\n|switch|p1a: Sinistcha|Sinistcha-Masterpiece|76\/100\n|turn|15\n|\n|t:|1700550035\n|-terastallize|p1a: Sinistcha|Poison\n|move|p2a: Infernape|Swords Dance|p2a: Infernape\n|-boost|p2a: Infernape|atk|2\n|move|p1a: Sinistcha|Strength Sap|p2a: Infernape\n|-unboost|p2a: Infernape|atk|1\n|-heal|p1a: Sinistcha|100\/100\n|\n|-weather|Sandstorm|[upkeep]\n|-damage|p2a: Infernape|66\/100|[from] Sandstorm\n|-damage|p1a: Sinistcha|94\/100|[from] Sandstorm\n|upkeep\n|turn|16\n|j| Revilo6000\n|\n|t:|1700550045\n|move|p2a: Infernape|Swords Dance|p2a: Infernape\n|-boost|p2a: Infernape|atk|2\n|move|p1a: Sinistcha|Shadow Ball|p2a: Infernape\n|-damage|p2a: Infernape|11\/100\n|\n|-weather|Sandstorm|[upkeep]\n|-damage|p2a: Infernape|5\/100|[from] Sandstorm\n|-damage|p1a: Sinistcha|88\/100|[from] Sandstorm\n|upkeep\n|turn|17\n|j| jkhbizdy\n|\n|t:|1700550055\n|move|p2a: Infernape|Fire Punch|p1a: Sinistcha\n|-damage|p1a: Sinistcha|32\/100\n|move|p1a: Sinistcha|Shadow Ball|p2a: Infernape\n|-damage|p2a: Infernape|0 fnt\n|faint|p2a: Infernape\n|\n|-weather|none\n|upkeep\n|\n|t:|1700550062\n|switch|p2a: Landorus|Landorus-Therian, M|100\/100\n|-ability|p2a: Landorus|Intimidate|boost\n|-unboost|p1a: Sinistcha|atk|1\n|turn|18\n|\n|t:|1700550066\n|move|p2a: Landorus|Earthquake|p1a: Sinistcha\n|-supereffective|p1a: Sinistcha\n|-damage|p1a: Sinistcha|0 fnt\n|faint|p1a: Sinistcha\n|\n|upkeep\n|\n|t:|1700550074\n|switch|p1a: Rillaboom|Rillaboom, F, shiny|100\/100\n|-activate|p1a: Rillaboom|move: Sticky Web\n|-unboost|p1a: Rillaboom|spe|1\n|-fieldstart|move: Grassy Terrain|[from] ability: Grassy Surge|[of] p1a: Rillaboom\n|turn|19\n|\n|t:|1700550077\n|move|p1a: Rillaboom|Grassy Glide|p2a: Landorus\n|-damage|p2a: Landorus|27\/100\n|move|p2a: Landorus|Bulk Up|p2a: Landorus\n|-boost|p2a: Landorus|atk|1\n|-boost|p2a: Landorus|def|1\n|\n|-heal|p2a: Landorus|33\/100|[from] item: Leftovers\n|upkeep\n|turn|20\n|\n|t:|1700550081\n|move|p1a: Rillaboom|Grassy Glide|p2a: Landorus\n|-damage|p2a: Landorus|0 fnt\n|faint|p2a: Landorus\n|\n|upkeep\n|\n|t:|1700550082\n|switch|p2a: Manaphy|Manaphy|84\/100\n|-damage|p2a: Manaphy|68\/100|[from] Spikes\n|turn|21\n|l| jkhbizdy\n|\n|t:|1700550088\n|switch|p1a: Samurott|Samurott-Hisui, F|94\/100\n|-terastallize|p2a: Manaphy|Poison\n|move|p2a: Manaphy|Acid Armor|p2a: Manaphy\n|-boost|p2a: Manaphy|def|2\n|\n|-heal|p1a: Samurott|100\/100|[from] Grassy Terrain\n|-heal|p2a: Manaphy|74\/100|[from] Grassy Terrain\n|-heal|p2a: Manaphy|80\/100|[from] item: Leftovers\n|upkeep\n|turn|22\n|\n|t:|1700550090\n|move|p1a: Samurott|Encore|p2a: Manaphy\n|-start|p2a: Manaphy|Encore\n|move|p2a: Manaphy|Acid Armor|p2a: Manaphy\n|-boost|p2a: Manaphy|def|2\n|\n|-heal|p2a: Manaphy|86\/100|[from] Grassy Terrain\n|-heal|p2a: Manaphy|93\/100|[from] item: Leftovers\n|upkeep\n|turn|23\n|\n|t:|1700550103\n|move|p1a: Samurott|Sacred Sword|p2a: Manaphy\n|-resisted|p2a: Manaphy\n|-damage|p2a: Manaphy|80\/100\n|move|p2a: Manaphy|Acid Armor|p2a: Manaphy\n|-boost|p2a: Manaphy|def|2\n|\n|-heal|p2a: Manaphy|86\/100|[from] Grassy Terrain\n|-heal|p2a: Manaphy|92\/100|[from] item: Leftovers\n|-fieldend|move: Grassy Terrain\n|upkeep\n|turn|24\n|\n|t:|1700550107\n|move|p1a: Samurott|Ceaseless Edge|p2a: Manaphy\n|-damage|p2a: Manaphy|84\/100\n|-sidestart|p2: RggV|Spikes\n|move|p2a: Manaphy|Acid Armor|p2a: Manaphy\n|-boost|p2a: Manaphy|def|0\n|\n|-heal|p2a: Manaphy|91\/100|[from] item: Leftovers\n|-end|p2a: Manaphy|Encore\n|upkeep\n|turn|25\n|\n|t:|1700550111\n|move|p1a: Samurott|Encore|p2a: Manaphy\n|-start|p2a: Manaphy|Encore\n|move|p2a: Manaphy|Acid Armor|p2a: Manaphy\n|-boost|p2a: Manaphy|def|0\n|\n|-heal|p2a: Manaphy|97\/100|[from] item: Leftovers\n|upkeep\n|turn|26\n|\n|t:|1700550115\n|switch|p1a: Meowscarada|Meowscarada, M|13\/100\n|-activate|p1a: Meowscarada|move: Sticky Web\n|-unboost|p1a: Meowscarada|spe|1\n|move|p2a: Manaphy|Acid Armor|p2a: Manaphy\n|-boost|p2a: Manaphy|def|0\n|\n|-heal|p2a: Manaphy|100\/100|[from] item: Leftovers\n|upkeep\n|turn|27\n|\n|t:|1700550118\n|move|p1a: Meowscarada|Knock Off|p2a: Manaphy\n|-start|p1a: Meowscarada|typechange|Dark|[from] ability: Protean\n|-damage|p2a: Manaphy|92\/100\n|-enditem|p2a: Manaphy|Leftovers|[from] move: Knock Off|[of] p1a: Meowscarada\n|move|p2a: Manaphy|Acid Armor|p2a: Manaphy\n|-boost|p2a: Manaphy|def|0\n|\n|-end|p2a: Manaphy|Encore\n|upkeep\n|turn|28\n|\n|t:|1700550124\n|switch|p1a: Samurott|Samurott-Hisui, F|100\/100\n|move|p2a: Manaphy|Scald|p1a: Samurott\n|-resisted|p1a: Samurott\n|-damage|p1a: Samurott|79\/100\n|\n|upkeep\n|turn|29\n|\n|t:|1700550137\n|move|p1a: Samurott|Encore|p2a: Manaphy\n|-start|p2a: Manaphy|Encore\n|move|p2a: Manaphy|Scald|p1a: Samurott\n|-resisted|p1a: Samurott\n|-damage|p1a: Samurott|58\/100\n|\n|upkeep\n|turn|30\n|\n|t:|1700550140\n|move|p1a: Samurott|Sacred Sword|p2a: Manaphy\n|-resisted|p2a: Manaphy\n|-damage|p2a: Manaphy|79\/100\n|move|p2a: Manaphy|Scald|p1a: Samurott\n|-resisted|p1a: Samurott\n|-damage|p1a: Samurott|39\/100\n|-status|p1a: Samurott|brn\n|\n|-damage|p1a: Samurott|32\/100 brn|[from] brn\n|upkeep\n|turn|31\n|\n|t:|1700550165\n|move|p1a: Samurott|Sacred Sword|p2a: Manaphy\n|-resisted|p2a: Manaphy\n|-damage|p2a: Manaphy|72\/100\n|move|p2a: Manaphy|Scald|p1a: Samurott\n|-resisted|p1a: Samurott\n|-damage|p1a: Samurott|14\/100 brn\n|\n|-damage|p1a: Samurott|7\/100 brn|[from] brn\n|-end|p2a: Manaphy|Encore\n|upkeep\n|turn|32\n|\n|t:|1700550172\n|move|p1a: Samurott|Encore|p2a: Manaphy\n|-start|p2a: Manaphy|Encore\n|move|p2a: Manaphy|Scald|p1a: Samurott\n|-resisted|p1a: Samurott\n|-damage|p1a: Samurott|0 fnt\n|faint|p1a: Samurott\n|\n|upkeep\n|\n|t:|1700550176\n|switch|p1a: Heatran|Heatran, M|100\/100\n|-item|p1a: Heatran|Air Balloon\n|turn|33\n|\n|t:|1700550178\n|move|p1a: Heatran|Earth Power|p2a: Manaphy\n|-supereffective|p2a: Manaphy\n|-damage|p2a: Manaphy|19\/100\n|-unboost|p2a: Manaphy|spd|1\n|move|p2a: Manaphy|Scald|p1a: Heatran\n|-supereffective|p1a: Heatran\n|-damage|p1a: Heatran|45\/100\n|-enditem|p1a: Heatran|Air Balloon\n|\n|upkeep\n|turn|34\n|\n|t:|1700550181\n|move|p1a: Heatran|Earth Power|p2a: Manaphy\n|-supereffective|p2a: Manaphy\n|-crit|p2a: Manaphy\n|-damage|p2a: Manaphy|0 fnt\n|faint|p2a: Manaphy\n|\n|win|Aggron\n|raw|Aggron's rating: 1804 &rarr; <strong>1815<\/strong><br \/>(+11 for winning)\n|raw|RggV's rating: 1643 &rarr; <strong>1632<\/strong><br \/>(-11 for losing)\n|l|\u2606RggV\n","uploadtime":1700550192,"views":20,"p1id":"aggron","p2id":"rggv","formatid":"gen9ou","rating":1632,"private":0,"password":""}