{"id":"gen9ou-1993424898","p1":"DrauzioVrawnelas","p2":"LuckyKingz4","format":"[Gen 9] OU","log":"|j|\u2606DrauzioVrawnelas\n|j|\u2606LuckyKingz4\n|t:|1700316181\n|gametype|singles\n|player|p1|DrauzioVrawnelas|265|1010\n|player|p2|LuckyKingz4|palmer|1071\n|teamsize|p1|6\n|teamsize|p2|6\n|gen|9\n|tier|[Gen 9] OU\n|rated|\n|rule|Sleep Clause Mod: Limit one foe put to sleep\n|rule|Species Clause: Limit one of each Pok\u00e9mon\n|rule|OHKO Clause: OHKO moves are banned\n|rule|Evasion Items Clause: Evasion items are banned\n|rule|Evasion Moves Clause: Evasion moves are banned\n|rule|Endless Battle Clause: Forcing endless battles is banned\n|rule|HP Percentage Mod: HP is shown in percentages\n|clearpoke\n|poke|p1|Pelipper, F|\n|poke|p1|Crawdaunt, F|\n|poke|p1|Zapdos|\n|poke|p1|Toedscruel, M|\n|poke|p1|Grafaiai, F|\n|poke|p1|Cinderace, F|\n|poke|p2|Manaphy|\n|poke|p2|Mienshao, F|\n|poke|p2|Sandy Shocks|\n|poke|p2|Mimikyu, M|\n|poke|p2|Scizor, M|\n|poke|p2|Rillaboom, M|\n|teampreview\n|c|\u2606DrauzioVrawnelas|interesting team glhf\n|c|\u2606LuckyKingz4|you to glhf\n|\n|t:|1700316230\n|start\n|switch|p1a: Nove Dedos|Toedscruel, M|100\/100\n|switch|p2a: Sandy Shocks|Sandy Shocks|100\/100\n|turn|1\n|\n|t:|1700316237\n|move|p2a: Sandy Shocks|Volt Switch|p1a: Nove Dedos\n|-immune|p1a: Nove Dedos\n|move|p1a: Nove Dedos|Knock Off|p2a: Sandy Shocks\n|-damage|p2a: Sandy Shocks|81\/100\n|-enditem|p2a: Sandy Shocks|Life Orb|[from] move: Knock Off|[of] p1a: Nove Dedos\n|\n|upkeep\n|turn|2\n|c|\u2606LuckyKingz4|oops\n|\n|t:|1700316248\n|move|p2a: Sandy Shocks|Stealth Rock|p1a: Nove Dedos\n|-sidestart|p1: DrauzioVrawnelas|move: Stealth Rock\n|move|p1a: Nove Dedos|Leech Seed|p2a: Sandy Shocks\n|-start|p2a: Sandy Shocks|move: Leech Seed\n|\n|-damage|p2a: Sandy Shocks|68\/100|[from] Leech Seed|[of] p1a: Nove Dedos\n|upkeep\n|turn|3\n|\n|t:|1700316256\n|move|p2a: Sandy Shocks|Spikes|p1a: Nove Dedos\n|-sidestart|p1: DrauzioVrawnelas|Spikes\n|move|p1a: Nove Dedos|Spore|p2a: Sandy Shocks\n|-status|p2a: Sandy Shocks|slp|[from] move: Spore\n|\n|-damage|p2a: Sandy Shocks|56\/100 slp|[from] Leech Seed|[of] p1a: Nove Dedos\n|upkeep\n|turn|4\n|\n|t:|1700316260\n|cant|p2a: Sandy Shocks|slp\n|move|p1a: Nove Dedos|Rapid Spin|p2a: Sandy Shocks\n|-damage|p2a: Sandy Shocks|45\/100 slp\n|-boost|p1a: Nove Dedos|spe|1\n|-sideend|p1: DrauzioVrawnelas|Spikes|[from] move: Rapid Spin|[of] p1a: Nove Dedos\n|-sideend|p1: DrauzioVrawnelas|Stealth Rock|[from] move: Rapid Spin|[of] p1a: Nove Dedos\n|\n|-damage|p2a: Sandy Shocks|33\/100 slp|[from] Leech Seed|[of] p1a: Nove Dedos\n|upkeep\n|turn|5\n|\n|t:|1700316270\n|-end|p2a: Sandy Shocks|Protosynthesis|[silent]\n|switch|p2a: Scizor|Scizor, M|100\/100\n|move|p1a: Nove Dedos|Knock Off|p2a: Scizor\n|-damage|p2a: Scizor|80\/100\n|-enditem|p2a: Scizor|Life Orb|[from] move: Knock Off|[of] p1a: Nove Dedos\n|\n|upkeep\n|turn|6\n|inactive|Battle timer is ON: inactive players will automatically lose when time's up. (requested by LuckyKingz4)\n|\n|t:|1700316287\n|switch|p1a: Wattzap|Zapdos|100\/100\n|move|p2a: Scizor|Trailblaze|p1a: Wattzap\n|-resisted|p1a: Wattzap\n|-damage|p1a: Wattzap|83\/100\n|-boost|p2a: Scizor|spe|1\n|\n|upkeep\n|turn|7\n|\n|t:|1700316306\n|switch|p2a: Mimikyu|Mimikyu, M|100\/100\n|move|p1a: Wattzap|Volt Switch|p2a: Mimikyu\n|-activate|p2a: Mimikyu|ability: Disguise\n|-damage|p2a: Mimikyu|100\/100\n|detailschange|p2a: Mimikyu|Mimikyu-Busted, M\n|-damage|p2a: Mimikyu|88\/100|[from] pokemon: Mimikyu-Busted\n|\n|t:|1700316320\n|switch|p1a: Bilu|Grafaiai, F|100\/100|[from] Volt Switch\n|\n|-heal|p2a: Mimikyu|94\/100|[from] item: Leftovers\n|upkeep\n|turn|8\n|\n|t:|1700316329\n|move|p1a: Bilu|Switcheroo|p2a: Mimikyu\n|-activate|p1a: Bilu|move: Trick|[of] p2a: Mimikyu\n|-item|p2a: Mimikyu|Toxic Orb|[from] move: Switcheroo\n|-item|p1a: Bilu|Leftovers|[from] move: Switcheroo\n|move|p2a: Mimikyu|Bulk Up|p2a: Mimikyu\n|-boost|p2a: Mimikyu|atk|1\n|-boost|p2a: Mimikyu|def|1\n|\n|-status|p2a: Mimikyu|tox|[from] item: Toxic Orb\n|upkeep\n|turn|9\n|\n|t:|1700316337\n|move|p1a: Bilu|Encore|p2a: Mimikyu\n|-start|p2a: Mimikyu|Encore\n|move|p2a: Mimikyu|Bulk Up|p2a: Mimikyu\n|-boost|p2a: Mimikyu|atk|1\n|-boost|p2a: Mimikyu|def|1\n|\n|-damage|p2a: Mimikyu|88\/100 tox|[from] psn\n|upkeep\n|turn|10\n|\n|t:|1700316343\n|switch|p2a: Rillaboom|Rillaboom, M|100\/100\n|-fieldstart|move: Grassy Terrain|[from] ability: Grassy Surge|[of] p2a: Rillaboom\n|move|p1a: Bilu|Parting Shot|p2a: Rillaboom\n|-unboost|p2a: Rillaboom|atk|1\n|-unboost|p2a: Rillaboom|spa|1\n|inactive|DrauzioVrawnelas has 120 seconds left.\n|\n|t:|1700316383\n|switch|p1a: Jorge|Pelipper, F|100\/100|[from] Parting Shot\n|-weather|RainDance|[from] ability: Drizzle|[of] p1a: Jorge\n|\n|-weather|RainDance|[upkeep]\n|upkeep\n|turn|11\n|\n|t:|1700316387\n|move|p2a: Rillaboom|U-turn|p1a: Jorge\n|-resisted|p1a: Jorge\n|-damage|p1a: Jorge|94\/100\n|\n|t:|1700316392\n|switch|p2a: Sandy Shocks|Sandy Shocks|33\/100 slp|[from] U-turn\n|move|p1a: Jorge|Hurricane|p2a: Sandy Shocks\n|-resisted|p2a: Sandy Shocks\n|-damage|p2a: Sandy Shocks|11\/100 slp\n|\n|-weather|RainDance|[upkeep]\n|-heal|p2a: Sandy Shocks|17\/100 slp|[from] Grassy Terrain\n|upkeep\n|turn|12\n|\n|t:|1700316401\n|switch|p1a: Nove Dedos|Toedscruel, M|100\/100\n|cant|p2a: Sandy Shocks|slp\n|\n|-weather|RainDance|[upkeep]\n|-heal|p2a: Sandy Shocks|23\/100 slp|[from] Grassy Terrain\n|upkeep\n|turn|13\n|\n|t:|1700316406\n|cant|p2a: Sandy Shocks|slp\n|move|p1a: Nove Dedos|Leech Seed|p2a: Sandy Shocks\n|-start|p2a: Sandy Shocks|move: Leech Seed\n|\n|-weather|RainDance|[upkeep]\n|-heal|p2a: Sandy Shocks|29\/100 slp|[from] Grassy Terrain\n|-damage|p2a: Sandy Shocks|17\/100 slp|[from] Leech Seed|[of] p1a: Nove Dedos\n|upkeep\n|turn|14\n|\n|t:|1700316410\n|-curestatus|p2a: Sandy Shocks|slp|[msg]\n|move|p2a: Sandy Shocks|Stealth Rock|p1a: Nove Dedos\n|-sidestart|p1: DrauzioVrawnelas|move: Stealth Rock\n|move|p1a: Nove Dedos|Rapid Spin|p2a: Sandy Shocks\n|-damage|p2a: Sandy Shocks|7\/100\n|-boost|p1a: Nove Dedos|spe|1\n|-sideend|p1: DrauzioVrawnelas|Stealth Rock|[from] move: Rapid Spin|[of] p1a: Nove Dedos\n|\n|-weather|RainDance|[upkeep]\n|-heal|p2a: Sandy Shocks|13\/100|[from] Grassy Terrain\n|-damage|p2a: Sandy Shocks|1\/100|[from] Leech Seed|[of] p1a: Nove Dedos\n|-fieldend|move: Grassy Terrain\n|upkeep\n|turn|15\n|\n|t:|1700316424\n|move|p1a: Nove Dedos|Knock Off|p2a: Sandy Shocks\n|-damage|p2a: Sandy Shocks|0 fnt\n|faint|p2a: Sandy Shocks\n|-end|p2a: Sandy Shocks|Protosynthesis|[silent]\n|\n|-weather|RainDance|[upkeep]\n|upkeep\n|\n|t:|1700316428\n|switch|p2a: Manaphy|Manaphy|100\/100\n|turn|16\n|\n|t:|1700316432\n|move|p2a: Manaphy|Scald|p1a: Nove Dedos\n|-damage|p1a: Nove Dedos|75\/100\n|move|p1a: Nove Dedos|Spore|p2a: Manaphy\n|-status|p2a: Manaphy|slp|[from] move: Spore\n|\n|-weather|RainDance|[upkeep]\n|-heal|p1a: Nove Dedos|81\/100|[from] item: Leftovers\n|-activate|p2a: Manaphy|ability: Hydration\n|-curestatus|p2a: Manaphy|slp|[msg]\n|upkeep\n|turn|17\n|\n|t:|1700316440\n|switch|p1a: Wattzap|Zapdos|83\/100\n|move|p2a: Manaphy|Ice Beam|p1a: Wattzap\n|-supereffective|p1a: Wattzap\n|-damage|p1a: Wattzap|39\/100\n|\n|-weather|none\n|upkeep\n|turn|18\n|inactive|DrauzioVrawnelas has 120 seconds left.\n|\n|t:|1700316471\n|-terastallize|p1a: Wattzap|Water\n|move|p2a: Manaphy|Ice Beam|p1a: Wattzap\n|-resisted|p1a: Wattzap\n|-damage|p1a: Wattzap|27\/100\n|move|p1a: Wattzap|Volt Switch|p2a: Manaphy\n|-supereffective|p2a: Manaphy\n|-damage|p2a: Manaphy|5\/100\n|inactive|DrauzioVrawnelas has 120 seconds left.\n|\n|t:|1700316479\n|switch|p1a: Nesquik|Cinderace, F, shiny|100\/100|[from] Volt Switch\n|\n|-heal|p2a: Manaphy|11\/100|[from] item: Leftovers\n|upkeep\n|turn|19\n|\n|t:|1700316486\n|switch|p2a: Mimikyu|Mimikyu-Busted, M|88\/100 tox\n|move|p1a: Nesquik|U-turn|p2a: Mimikyu\n|-start|p1a: Nesquik|typechange|Bug|[from] ability: Libero\n|-resisted|p2a: Mimikyu\n|-damage|p2a: Mimikyu|75\/100 tox\n|\n|t:|1700316499\n|switch|p1a: Bilu|Grafaiai, F|100\/100|[from] U-turn\n|\n|-damage|p2a: Mimikyu|69\/100 tox|[from] psn\n|upkeep\n|turn|20\n|\n|t:|1700316508\n|move|p1a: Bilu|Parting Shot|p2a: Mimikyu\n|-unboost|p2a: Mimikyu|atk|1\n|-unboost|p2a: Mimikyu|spa|1\n|inactive|DrauzioVrawnelas has 120 seconds left.\n|\n|t:|1700316535\n|switch|p1a: Nesquik|Cinderace, F, shiny|100\/100|[from] Parting Shot\n|move|p2a: Mimikyu|Shadow Claw|p1a: Nesquik\n|-damage|p1a: Nesquik|74\/100\n|\n|-damage|p2a: Mimikyu|57\/100 tox|[from] psn\n|upkeep\n|turn|21\n|\n|t:|1700316545\n|switch|p2a: Mienshao|Mienshao, F|100\/100\n|move|p1a: Nesquik|Pyro Ball|p2a: Mienshao\n|-damage|p2a: Mienshao|0 fnt\n|faint|p2a: Mienshao\n|\n|upkeep\n|\n|t:|1700316551\n|switch|p2a: Rillaboom|Rillaboom, M|100\/100\n|-fieldstart|move: Grassy Terrain|[from] ability: Grassy Surge|[of] p2a: Rillaboom\n|turn|22\n|\n|t:|1700316558\n|-terastallize|p2a: Rillaboom|Water\n|move|p1a: Nesquik|Will-O-Wisp|p2a: Rillaboom\n|-status|p2a: Rillaboom|brn\n|move|p2a: Rillaboom|High Horsepower|p1a: Nesquik\n|-supereffective|p1a: Nesquik\n|-damage|p1a: Nesquik|24\/100\n|\n|-heal|p1a: Nesquik|30\/100|[from] Grassy Terrain\n|-damage|p2a: Rillaboom|94\/100 brn|[from] brn\n|upkeep\n|turn|23\n|\n|t:|1700316569\n|move|p1a: Nesquik|U-turn|p2a: Rillaboom\n|-start|p1a: Nesquik|typechange|Bug|[from] ability: Libero\n|-damage|p2a: Rillaboom|65\/100 brn\n|\n|t:|1700316574\n|switch|p1a: Jorge|Pelipper, F|94\/100|[from] U-turn\n|-weather|RainDance|[from] ability: Drizzle|[of] p1a: Jorge\n|move|p2a: Rillaboom|U-turn|p1a: Jorge\n|-resisted|p1a: Jorge\n|-damage|p1a: Jorge|90\/100\n|-message|LuckyKingz4 forfeited.\n|\n|win|DrauzioVrawnelas\n|raw|DrauzioVrawnelas's rating: 1010 &rarr; <strong>1055<\/strong><br \/>(+45 for winning)\n|raw|LuckyKingz4's rating: 1071 &rarr; <strong>1047<\/strong><br \/>(-24 for losing)\n|l|\u2606LuckyKingz4\n","uploadtime":1700316585,"views":9,"p1id":"drauziovrawnelas","p2id":"luckykingz4","formatid":"gen9ou","rating":1047,"private":0,"password":""}