{"id":"gen9ou-1995290077","p1":"XxN00bM4st3rxX69","p2":"yuanzhen1236","format":"[Gen 9] OU","log":"|j|\u2606XxN00bM4st3rxX69\n|j|\u2606yuanzhen1236\n|t:|1700547714\n|gametype|singles\n|player|p1|XxN00bM4st3rxX69|102|1095\n|player|p2|yuanzhen1236|iris-gen5bw2|1026\n|teamsize|p1|6\n|teamsize|p2|6\n|gen|9\n|tier|[Gen 9] OU\n|rated|\n|rule|Sleep Clause Mod: Limit one foe put to sleep\n|rule|Species Clause: Limit one of each Pok\u00e9mon\n|rule|OHKO Clause: OHKO moves are banned\n|rule|Evasion Items Clause: Evasion items are banned\n|rule|Evasion Moves Clause: Evasion moves are banned\n|rule|Endless Battle Clause: Forcing endless battles is banned\n|rule|HP Percentage Mod: HP is shown in percentages\n|clearpoke\n|poke|p1|Manaphy|\n|poke|p1|Pelipper, F|\n|poke|p1|Great Tusk|\n|poke|p1|Samurott-Hisui, M|\n|poke|p1|Gholdengo|\n|poke|p1|Zapdos|\n|poke|p2|Empoleon, F|\n|poke|p2|Scizor, F|\n|poke|p2|Ninetales-Alola, M|\n|poke|p2|Ogerpon-Wellspring, F|\n|poke|p2|Cinderace, M|\n|poke|p2|Zapdos|\n|teampreview\n|\n|t:|1700547726\n|start\n|switch|p1a: Manaphy|Manaphy|100\/100\n|switch|p2a: Zapdos|Zapdos|100\/100\n|turn|1\n|\n|t:|1700547736\n|switch|p1a: Great Tusk|Great Tusk|100\/100\n|-enditem|p1a: Great Tusk|Booster Energy\n|-activate|p1a: Great Tusk|ability: Protosynthesis|[fromitem]\n|-start|p1a: Great Tusk|protosynthesisspe\n|move|p2a: Zapdos|Thunderbolt|p1a: Great Tusk\n|-immune|p1a: Great Tusk\n|\n|upkeep\n|turn|2\n|\n|t:|1700547749\n|switch|p2a: Empoleon|Empoleon, F, shiny|100\/100\n|move|p1a: Great Tusk|Rapid Spin|p2a: Empoleon\n|-resisted|p2a: Empoleon\n|-damage|p2a: Empoleon|94\/100\n|-boost|p1a: Great Tusk|spe|1\n|-damage|p1a: Great Tusk|84\/100|[from] item: Rocky Helmet|[of] p2a: Empoleon\n|\n|upkeep\n|turn|3\n|\n|t:|1700547761\n|move|p1a: Great Tusk|Headlong Rush|p2a: Empoleon\n|-supereffective|p2a: Empoleon\n|-damage|p2a: Empoleon|9\/100\n|-unboost|p1a: Great Tusk|def|1\n|-unboost|p1a: Great Tusk|spd|1\n|-damage|p1a: Great Tusk|67\/100|[from] item: Rocky Helmet|[of] p2a: Empoleon\n|move|p2a: Empoleon|Ice Beam|p1a: Great Tusk\n|-supereffective|p1a: Great Tusk\n|-damage|p1a: Great Tusk|0 fnt\n|faint|p1a: Great Tusk\n|-end|p1a: Great Tusk|Protosynthesis|[silent]\n|\n|upkeep\n|\n|t:|1700547783\n|switch|p1a: Samurott|Samurott-Hisui, M|100\/100\n|turn|4\n|\n|t:|1700547792\n|switch|p2a: Zapdos|Zapdos|100\/100\n|move|p1a: Samurott|Ceaseless Edge|p2a: Zapdos\n|-damage|p2a: Zapdos|49\/100\n|-status|p1a: Samurott|par|[from] ability: Static|[of] p2a: Zapdos\n|-sidestart|p2: yuanzhen1236|Spikes\n|\n|upkeep\n|turn|5\n|\n|t:|1700547807\n|move|p2a: Zapdos|Volt Switch|p1a: Samurott\n|-supereffective|p1a: Samurott\n|-damage|p1a: Samurott|28\/100 par\n|\n|t:|1700547814\n|switch|p2a: Cinderace|Cinderace, M|100\/100|[from] Volt Switch\n|move|p1a: Samurott|Ceaseless Edge|p2a: Cinderace\n|-damage|p2a: Cinderace|34\/100\n|-sidestart|p2: yuanzhen1236|Spikes\n|\n|upkeep\n|turn|6\n|\n|t:|1700547823\n|move|p1a: Samurott|Aqua Jet|p2a: Cinderace\n|-supereffective|p2a: Cinderace\n|-damage|p2a: Cinderace|0 fnt\n|faint|p2a: Cinderace\n|\n|upkeep\n|-message|yuanzhen1236 forfeited.\n|\n|win|XxN00bM4st3rxX69\n|raw|XxN00bM4st3rxX69's rating: 1095 &rarr; <strong>1116<\/strong><br \/>(+21 for winning)\n|raw|yuanzhen1236's rating: 1026 &rarr; <strong>1015<\/strong><br \/>(-11 for losing)\n|l|\u2606yuanzhen1236\n","uploadtime":1700547832,"views":3,"p1id":"xxn00bm4st3rxx69","p2id":"yuanzhen1236","formatid":"gen9ou","rating":1015,"private":0,"password":""}