{"id":"gen9ou-1992345293","p1":"outdated ahh team","p2":"MicrowaveHeart","format":"[Gen 9] OU","log":"|j|\u2606outdated ahh team\n|j|\u2606MicrowaveHeart\n|t:|1700176972\n|gametype|singles\n|player|p1|outdated ahh team|falkner-gen2|1584\n|player|p2|MicrowaveHeart|hilda|1541\n|teamsize|p1|6\n|teamsize|p2|6\n|gen|9\n|tier|[Gen 9] OU\n|rated|\n|rule|Sleep Clause Mod: Limit one foe put to sleep\n|rule|Species Clause: Limit one of each Pok\u00e9mon\n|rule|OHKO Clause: OHKO moves are banned\n|rule|Evasion Items Clause: Evasion items are banned\n|rule|Evasion Moves Clause: Evasion moves are banned\n|rule|Endless Battle Clause: Forcing endless battles is banned\n|rule|HP Percentage Mod: HP is shown in percentages\n|clearpoke\n|poke|p1|Kingambit, M|\n|poke|p1|Ogerpon-Wellspring, F|\n|poke|p1|Hoopa-Unbound|\n|poke|p1|Iron Valiant|\n|poke|p1|Arcanine-Hisui, F|\n|poke|p1|Great Tusk|\n|poke|p2|Kleavor, M|\n|poke|p2|Iron Moth|\n|poke|p2|Weezing-Galar, F|\n|poke|p2|Ogerpon-Wellspring, F|\n|poke|p2|Gholdengo|\n|poke|p2|Cresselia, F|\n|teampreview\n|inactive|Battle timer is ON: inactive players will automatically lose when time's up. (requested by outdated ahh team)\n|inactive|outdated ahh team has 120 seconds left.\n|\n|t:|1700177007\n|start\n|switch|p1a: Alisa Bosconovitch|Iron Valiant|100\/100\n|switch|p2a: Kleavor|Kleavor, M, shiny|100\/100\n|turn|1\n|\n|t:|1700177022\n|move|p2a: Kleavor|U-turn|p1a: Alisa Bosconovitch\n|-resisted|p1a: Alisa Bosconovitch\n|-damage|p1a: Alisa Bosconovitch|88\/100\n|\n|t:|1700177030\n|switch|p2a: Golden Joe|Gholdengo|100\/100|[from] U-turn\n|move|p1a: Alisa Bosconovitch|Moonblast|p2a: Golden Joe\n|-resisted|p2a: Golden Joe\n|-damage|p2a: Golden Joe|77\/100\n|\n|-heal|p2a: Golden Joe|83\/100|[from] item: Leftovers\n|upkeep\n|turn|2\n|\n|t:|1700177039\n|move|p1a: Alisa Bosconovitch|Destiny Bond|p1a: Alisa Bosconovitch\n|-singlemove|p1a: Alisa Bosconovitch|Destiny Bond\n|move|p2a: Golden Joe|Thunder Wave|p1a: Alisa Bosconovitch\n|-status|p1a: Alisa Bosconovitch|par\n|\n|-heal|p2a: Golden Joe|89\/100|[from] item: Leftovers\n|upkeep\n|turn|3\n|\n|t:|1700177051\n|-end|p1a: Alisa Bosconovitch|Quark Drive|[silent]\n|switch|p1a: Ryomen Sukuna \u26e9\ufe0f|Hoopa-Unbound|100\/100\n|move|p2a: Golden Joe|Recover|p2a: Golden Joe\n|-heal|p2a: Golden Joe|100\/100\n|\n|upkeep\n|turn|4\n|\n|t:|1700177078\n|switch|p2a: Kleavor|Kleavor, M, shiny|100\/100\n|move|p1a: Ryomen Sukuna \u26e9\ufe0f|Knock Off|p2a: Kleavor\n|-crit|p2a: Kleavor\n|-damage|p2a: Kleavor|0 fnt\n|-enditem|p2a: Kleavor|Choice Scarf|[from] move: Knock Off|[of] p1a: Ryomen Sukuna \u26e9\ufe0f\n|faint|p2a: Kleavor\n|\n|upkeep\n|inactive|MicrowaveHeart has 120 seconds left.\n|\n|t:|1700177095\n|switch|p2a: Weezing|Weezing-Galar, F|100\/100\n|-ability|p2a: Weezing|Neutralizing Gas\n|turn|5\n|inactive|MicrowaveHeart has 120 seconds left.\n|\n|t:|1700177116\n|move|p1a: Ryomen Sukuna \u26e9\ufe0f|Psychic|p2a: Weezing\n|-supereffective|p2a: Weezing\n|-damage|p2a: Weezing|0 fnt\n|faint|p2a: Weezing\n|-end|p2a: Weezing|ability: Neutralizing Gas\n|\n|upkeep\n|inactive|MicrowaveHeart has 120 seconds left.\n|\n|t:|1700177124\n|switch|p2a: Ogerpon|Ogerpon-Wellspring, F|100\/100\n|turn|6\n|\n|t:|1700177138\n|switch|p1a: Alisa Bosconovitch|Iron Valiant|88\/100 par\n|move|p2a: Ogerpon|Swords Dance|p2a: Ogerpon\n|-boost|p2a: Ogerpon|atk|2\n|\n|upkeep\n|turn|7\n|\n|t:|1700177147\n|move|p2a: Ogerpon|Ivy Cudgel|p1a: Alisa Bosconovitch|[anim] Ivy Cudgel Water\n|-damage|p1a: Alisa Bosconovitch|0 fnt\n|faint|p1a: Alisa Bosconovitch\n|-end|p1a: Alisa Bosconovitch|Quark Drive|[silent]\n|\n|upkeep\n|\n|t:|1700177149\n|switch|p1a: Alpha \ud83d\udc15|Arcanine-Hisui, F|100\/100\n|turn|8\n|\n|t:|1700177182\n|move|p2a: Ogerpon|Horn Leech|p1a: Alpha \ud83d\udc15\n|-enditem|p1a: Alpha \ud83d\udc15|Focus Sash\n|-damage|p1a: Alpha \ud83d\udc15|1\/100\n|move|p1a: Alpha \ud83d\udc15|Head Smash|p2a: Ogerpon\n|-damage|p2a: Ogerpon|3\/100\n|\n|upkeep\n|turn|9\n|\n|t:|1700177200\n|move|p1a: Alpha \ud83d\udc15|Extreme Speed|p2a: Ogerpon\n|-damage|p2a: Ogerpon|0 fnt\n|faint|p2a: Ogerpon\n|\n|upkeep\n|\n|t:|1700177206\n|switch|p2a: Iron Moth|Iron Moth|100\/100\n|-enditem|p2a: Iron Moth|Booster Energy\n|-activate|p2a: Iron Moth|ability: Quark Drive|[fromitem]\n|-start|p2a: Iron Moth|quarkdrivespe\n|turn|10\n|inactive|outdated ahh team has 120 seconds left.\n|\n|t:|1700177251\n|switch|p1a: Ryomen Sukuna \u26e9\ufe0f|Hoopa-Unbound|100\/100\n|move|p2a: Iron Moth|Fiery Dance|p1a: Ryomen Sukuna \u26e9\ufe0f\n|-damage|p1a: Ryomen Sukuna \u26e9\ufe0f|82\/100\n|\n|upkeep\n|turn|11\n|-message|MicrowaveHeart forfeited.\n|\n|win|outdated ahh team\n|raw|outdated ahh team's rating: 1584 &rarr; <strong>1602<\/strong><br \/>(+18 for winning)\n|raw|MicrowaveHeart's rating: 1541 &rarr; <strong>1523<\/strong><br \/>(-18 for losing)\n|l|\u2606MicrowaveHeart\n","uploadtime":1700177265,"views":7,"p1id":"outdatedahhteam","p2id":"microwaveheart","formatid":"gen9ou","rating":1523,"private":0,"password":""}