{"id":"gen9ou-1994154446","p1":"wooloo supremacy","p2":"Sirbelgrave","format":"[Gen 9] OU","log":"|j|\u2606wooloo supremacy\n|j|\u2606Sirbelgrave\n|t:|1700413196\n|gametype|singles\n|player|p1|wooloo supremacy|adaman|1637\n|player|p2|Sirbelgrave|plasmagrunt-gen5bw|1587\n|teamsize|p1|6\n|teamsize|p2|6\n|gen|9\n|tier|[Gen 9] OU\n|rated|\n|rule|Sleep Clause Mod: Limit one foe put to sleep\n|rule|Species Clause: Limit one of each Pok\u00e9mon\n|rule|OHKO Clause: OHKO moves are banned\n|rule|Evasion Items Clause: Evasion items are banned\n|rule|Evasion Moves Clause: Evasion moves are banned\n|rule|Endless Battle Clause: Forcing endless battles is banned\n|rule|HP Percentage Mod: HP is shown in percentages\n|clearpoke\n|poke|p1|Walking Wake|\n|poke|p1|Cinderace, F|\n|poke|p1|Ninetales, F|\n|poke|p1|Brute Bonnet|\n|poke|p1|Hatterene, F|\n|poke|p1|Great Tusk|\n|poke|p2|Kingambit, F|\n|poke|p2|Glimmora, F|\n|poke|p2|Zamazenta-*|\n|poke|p2|Iron Valiant|\n|poke|p2|Iron Moth|\n|poke|p2|Ogerpon-Wellspring, F|\n|teampreview\n|inactive|Battle timer is ON: inactive players will automatically lose when time's up. (requested by Sirbelgrave)\n|inactive|wooloo supremacy also wants the timer to be on.\n|\n|t:|1700413208\n|start\n|switch|p1a: Brute Bonnet|Brute Bonnet|100\/100\n|switch|p2a: Glimmora|Glimmora, F|100\/100\n|turn|1\n|\n|t:|1700413213\n|move|p2a: Glimmora|Stealth Rock|p1a: Brute Bonnet\n|-sidestart|p1: wooloo supremacy|move: Stealth Rock\n|move|p1a: Brute Bonnet|Spore|p2a: Glimmora\n|-status|p2a: Glimmora|slp|[from] move: Spore\n|\n|upkeep\n|turn|2\n|\n|t:|1700413225\n|switch|p2a: Zamazenta|Zamazenta|100\/100\n|-ability|p2a: Zamazenta|Dauntless Shield|boost\n|-boost|p2a: Zamazenta|def|1\n|-end|p1a: Brute Bonnet|Protosynthesis|[silent]\n|switch|p1a: Great Tusk|Great Tusk|100\/100\n|-damage|p1a: Great Tusk|97\/100|[from] Stealth Rock\n|\n|upkeep\n|turn|3\n|\n|t:|1700413235\n|move|p2a: Zamazenta|Iron Defense|p2a: Zamazenta\n|-boost|p2a: Zamazenta|def|2\n|move|p1a: Great Tusk|Rapid Spin|p2a: Zamazenta\n|-damage|p2a: Zamazenta|95\/100\n|-boost|p1a: Great Tusk|spe|1\n|-sideend|p1: wooloo supremacy|Stealth Rock|[from] move: Rapid Spin|[of] p1a: Great Tusk\n|\n|-heal|p2a: Zamazenta|100\/100|[from] item: Leftovers\n|upkeep\n|turn|4\n|\n|t:|1700413240\n|-end|p1a: Great Tusk|Protosynthesis|[silent]\n|switch|p1a: Hatterene|Hatterene, F|100\/100\n|move|p2a: Zamazenta|Iron Defense|p2a: Zamazenta\n|-boost|p2a: Zamazenta|def|2\n|\n|upkeep\n|turn|5\n|\n|t:|1700413245\n|move|p2a: Zamazenta|Body Press|p1a: Hatterene\n|-resisted|p1a: Hatterene\n|-damage|p1a: Hatterene|67\/100\n|-enditem|p1a: Hatterene|Eject Button\n|\n|t:|1700413252\n|switch|p1a: Ninetales|Ninetales, F|100\/100\n|-weather|SunnyDay|[from] ability: Drought|[of] p1a: Ninetales\n|\n|-weather|SunnyDay|[upkeep]\n|upkeep\n|turn|6\n|\n|t:|1700413261\n|-terastallize|p1a: Ninetales|Poison\n|move|p2a: Zamazenta|Body Press|p1a: Ninetales\n|-resisted|p1a: Ninetales\n|-damage|p1a: Ninetales|29\/100\n|move|p1a: Ninetales|Will-O-Wisp|p2a: Zamazenta|[miss]\n|-miss|p1a: Ninetales|p2a: Zamazenta\n|\n|-weather|SunnyDay|[upkeep]\n|upkeep\n|turn|7\n|j| Goodra folds\n|inactive|wooloo supremacy has 120 seconds left.\n|j| Jan7498\n|\n|t:|1700413318\n|switch|p1a: Walking Wake|Walking Wake|100\/100\n|-activate|p1a: Walking Wake|ability: Protosynthesis\n|-start|p1a: Walking Wake|protosynthesisspa\n|move|p2a: Zamazenta|Body Press|p1a: Walking Wake\n|-damage|p1a: Walking Wake|0 fnt\n|faint|p1a: Walking Wake\n|-end|p1a: Walking Wake|Protosynthesis|[silent]\n|\n|-weather|SunnyDay|[upkeep]\n|upkeep\n|\n|t:|1700413321\n|switch|p1a: Hatterene|Hatterene, F|67\/100\n|turn|8\n|\n|t:|1700413329\n|move|p2a: Zamazenta|Body Press|p1a: Hatterene\n|-resisted|p1a: Hatterene\n|-damage|p1a: Hatterene|37\/100\n|move|p1a: Hatterene|Nuzzle|p2a: Zamazenta\n|-damage|p2a: Zamazenta|99\/100\n|-status|p2a: Zamazenta|par\n|\n|-weather|SunnyDay|[upkeep]\n|-heal|p2a: Zamazenta|100\/100 par|[from] item: Leftovers\n|upkeep\n|turn|9\n|\n|t:|1700413332\n|move|p2a: Zamazenta|Body Press|p1a: Hatterene\n|-resisted|p1a: Hatterene\n|-damage|p1a: Hatterene|3\/100\n|move|p1a: Hatterene|Dazzling Gleam|p2a: Zamazenta\n|-supereffective|p2a: Zamazenta\n|-damage|p2a: Zamazenta|32\/100 par\n|\n|-weather|SunnyDay|[upkeep]\n|-heal|p2a: Zamazenta|38\/100 par|[from] item: Leftovers\n|upkeep\n|turn|10\n|\n|t:|1700413335\n|move|p2a: Zamazenta|Body Press|p1a: Hatterene\n|-resisted|p1a: Hatterene\n|-damage|p1a: Hatterene|0 fnt\n|faint|p1a: Hatterene\n|\n|-weather|SunnyDay|[upkeep]\n|-heal|p2a: Zamazenta|44\/100 par|[from] item: Leftovers\n|upkeep\n|\n|t:|1700413337\n|switch|p1a: Ninetales|Ninetales, F, tera:Poison|29\/100\n|turn|11\n|\n|t:|1700413356\n|move|p1a: Ninetales|Overheat|p2a: Zamazenta\n|-damage|p2a: Zamazenta|0 fnt\n|-unboost|p1a: Ninetales|spa|2\n|faint|p2a: Zamazenta\n|\n|-weather|SunnyDay|[upkeep]\n|upkeep\n|\n|t:|1700413364\n|switch|p2a: Iron Moth|Iron Moth|100\/100\n|-enditem|p2a: Iron Moth|Booster Energy\n|-activate|p2a: Iron Moth|ability: Quark Drive|[fromitem]\n|-start|p2a: Iron Moth|quarkdrivespe\n|turn|12\n|\n|t:|1700413379\n|switch|p1a: Great Tusk|Great Tusk|97\/100\n|-activate|p1a: Great Tusk|ability: Protosynthesis\n|-start|p1a: Great Tusk|protosynthesisdef\n|move|p2a: Iron Moth|Substitute|p2a: Iron Moth\n|-start|p2a: Iron Moth|Substitute\n|-damage|p2a: Iron Moth|76\/100\n|\n|-weather|none\n|-end|p1a: Great Tusk|Protosynthesis\n|upkeep\n|turn|13\n|\n|t:|1700413406\n|move|p2a: Iron Moth|Dazzling Gleam|p1a: Great Tusk\n|-supereffective|p1a: Great Tusk\n|-damage|p1a: Great Tusk|23\/100\n|move|p1a: Great Tusk|Headlong Rush|p2a: Iron Moth\n|-supereffective|p2a: Iron Moth\n|-end|p2a: Iron Moth|Substitute\n|-unboost|p1a: Great Tusk|def|1\n|-unboost|p1a: Great Tusk|spd|1\n|-enditem|p1a: Great Tusk|Eject Pack\n|\n|t:|1700413416\n|-end|p1a: Great Tusk|Protosynthesis|[silent]\n|switch|p1a: Ninetales|Ninetales, F, tera:Poison|29\/100\n|-weather|SunnyDay|[from] ability: Drought|[of] p1a: Ninetales\n|\n|-weather|SunnyDay|[upkeep]\n|upkeep\n|turn|14\n|\n|t:|1700413432\n|move|p2a: Iron Moth|Substitute|p2a: Iron Moth\n|-start|p2a: Iron Moth|Substitute\n|-damage|p2a: Iron Moth|51\/100\n|move|p1a: Ninetales|Encore|p2a: Iron Moth\n|-start|p2a: Iron Moth|Encore\n|\n|-weather|SunnyDay|[upkeep]\n|upkeep\n|turn|15\n|\n|t:|1700413448\n|switch|p1a: Great Tusk|Great Tusk|23\/100\n|-activate|p1a: Great Tusk|ability: Protosynthesis\n|-start|p1a: Great Tusk|protosynthesisdef\n|move|p2a: Iron Moth|Substitute|p2a: Iron Moth\n|-fail|p2a: Iron Moth|move: Substitute\n|\n|-weather|SunnyDay|[upkeep]\n|upkeep\n|turn|16\n|l|\u2606Sirbelgrave\n|inactive|Sirbelgrave disconnected and has a minute to reconnect!\n|player|p2|\n|j|\u2606Sirbelgrave\n|inactive|Sirbelgrave reconnected and has 125 seconds left.\n|player|p2|Sirbelgrave|plasmagrunt-gen5bw\n|\n|t:|1700413471\n|move|p2a: Iron Moth|Substitute|p2a: Iron Moth\n|-fail|p2a: Iron Moth|move: Substitute\n|move|p1a: Great Tusk|Rapid Spin|p2a: Iron Moth\n|-activate|p2a: Iron Moth|move: Substitute|[damage]\n|-boost|p1a: Great Tusk|spe|1\n|\n|-weather|SunnyDay|[upkeep]\n|upkeep\n|turn|17\n|\n|t:|1700413475\n|move|p2a: Iron Moth|Substitute|p2a: Iron Moth\n|-fail|p2a: Iron Moth|move: Substitute\n|move|p1a: Great Tusk|Rapid Spin|p2a: Iron Moth\n|-end|p2a: Iron Moth|Substitute\n|-boost|p1a: Great Tusk|spe|1\n|\n|-weather|SunnyDay|[upkeep]\n|-end|p2a: Iron Moth|Encore\n|upkeep\n|turn|18\n|\n|t:|1700413478\n|move|p1a: Great Tusk|Headlong Rush|p2a: Iron Moth\n|-supereffective|p2a: Iron Moth\n|-damage|p2a: Iron Moth|0 fnt\n|-unboost|p1a: Great Tusk|def|1\n|-unboost|p1a: Great Tusk|spd|1\n|faint|p2a: Iron Moth\n|-end|p2a: Iron Moth|Quark Drive|[silent]\n|\n|-weather|SunnyDay|[upkeep]\n|upkeep\n|\n|t:|1700413486\n|switch|p2a: Ogerpon|Ogerpon-Wellspring, F|100\/100\n|turn|19\n|\n|t:|1700413489\n|move|p1a: Great Tusk|Close Combat|p2a: Ogerpon\n|-damage|p2a: Ogerpon|34\/100\n|-unboost|p1a: Great Tusk|def|1\n|-unboost|p1a: Great Tusk|spd|1\n|move|p2a: Ogerpon|Ivy Cudgel|p1a: Great Tusk|[anim] Ivy Cudgel Water\n|-supereffective|p1a: Great Tusk\n|-damage|p1a: Great Tusk|0 fnt\n|faint|p1a: Great Tusk\n|-end|p1a: Great Tusk|Protosynthesis|[silent]\n|\n|-weather|SunnyDay|[upkeep]\n|upkeep\n|\n|t:|1700413492\n|switch|p1a: Cinderace|Cinderace, F|100\/100\n|turn|20\n|\n|t:|1700413495\n|move|p1a: Cinderace|Pyro Ball|p2a: Ogerpon\n|-damage|p2a: Ogerpon|0 fnt\n|faint|p2a: Ogerpon\n|\n|-weather|none\n|upkeep\n|\n|t:|1700413502\n|switch|p2a: Glimmora|Glimmora, F|100\/100 slp\n|turn|21\n|\n|t:|1700413505\n|switch|p1a: Brute Bonnet|Brute Bonnet|100\/100\n|cant|p2a: Glimmora|slp\n|\n|upkeep\n|turn|22\n|\n|t:|1700413512\n|cant|p2a: Glimmora|slp\n|move|p1a: Brute Bonnet|Growth|p1a: Brute Bonnet\n|-boost|p1a: Brute Bonnet|atk|1\n|-boost|p1a: Brute Bonnet|spa|1\n|\n|upkeep\n|turn|23\n|\n|t:|1700413515\n|-curestatus|p2a: Glimmora|slp|[msg]\n|move|p2a: Glimmora|Mortal Spin|p1a: Brute Bonnet\n|-supereffective|p1a: Brute Bonnet\n|-damage|p1a: Brute Bonnet|87\/100\n|-status|p1a: Brute Bonnet|psn\n|move|p1a: Brute Bonnet|Bullet Seed|p2a: Glimmora\n|-damage|p2a: Glimmora|74\/100\n|-activate|p2a: Glimmora|ability: Toxic Debris\n|-sidestart|p1: wooloo supremacy|move: Toxic Spikes\n|-damage|p2a: Glimmora|48\/100\n|-activate|p2a: Glimmora|ability: Toxic Debris\n|-sidestart|p1: wooloo supremacy|move: Toxic Spikes\n|-damage|p2a: Glimmora|20\/100\n|-damage|p2a: Glimmora|0 fnt\n|faint|p2a: Glimmora\n|-hitcount|p2: Glimmora|4\n|\n|-damage|p1a: Brute Bonnet|75\/100 psn|[from] psn\n|upkeep\n|\n|t:|1700413521\n|switch|p2a: Iron Valiant|Iron Valiant, shiny|100\/100\n|-enditem|p2a: Iron Valiant|Booster Energy\n|-activate|p2a: Iron Valiant|ability: Quark Drive|[fromitem]\n|-start|p2a: Iron Valiant|quarkdrivespe\n|turn|24\n|\n|t:|1700413525\n|move|p2a: Iron Valiant|Moonblast|p1a: Brute Bonnet\n|-supereffective|p1a: Brute Bonnet\n|-damage|p1a: Brute Bonnet|0 fnt\n|faint|p1a: Brute Bonnet\n|-end|p1a: Brute Bonnet|Protosynthesis|[silent]\n|\n|upkeep\n|\n|t:|1700413529\n|switch|p1a: Ninetales|Ninetales, F, tera:Poison|29\/100\n|-sideend|p1: wooloo supremacy|move: Toxic Spikes|[of] p1a: Ninetales\n|-weather|SunnyDay|[from] ability: Drought|[of] p1a: Ninetales\n|turn|25\n|\n|t:|1700413534\n|move|p2a: Iron Valiant|Psyshock|p1a: Ninetales\n|-supereffective|p1a: Ninetales\n|-damage|p1a: Ninetales|0 fnt\n|faint|p1a: Ninetales\n|\n|-weather|SunnyDay|[upkeep]\n|upkeep\n|\n|t:|1700413536\n|switch|p1a: Cinderace|Cinderace, F|100\/100\n|turn|26\n|\n|t:|1700413539\n|move|p1a: Cinderace|Pyro Ball|p2a: Iron Valiant|[miss]\n|-miss|p1a: Cinderace|p2a: Iron Valiant\n|move|p2a: Iron Valiant|Hypnosis|p1a: Cinderace\n|-status|p1a: Cinderace|slp|[from] move: Hypnosis\n|\n|-weather|SunnyDay|[upkeep]\n|upkeep\n|turn|27\n|\n|t:|1700413541\n|cant|p1a: Cinderace|slp\n|move|p2a: Iron Valiant|Moonblast|p1a: Cinderace\n|-resisted|p1a: Cinderace\n|-damage|p1a: Cinderace|69\/100 slp\n|\n|-weather|SunnyDay|[upkeep]\n|upkeep\n|turn|28\n|\n|t:|1700413543\n|cant|p1a: Cinderace|slp\n|move|p2a: Iron Valiant|Moonblast|p1a: Cinderace\n|-resisted|p1a: Cinderace\n|-damage|p1a: Cinderace|32\/100 slp\n|-unboost|p1a: Cinderace|spa|1\n|\n|-weather|SunnyDay|[upkeep]\n|upkeep\n|turn|29\n|\n|t:|1700413544\n|-curestatus|p1a: Cinderace|slp|[msg]\n|move|p1a: Cinderace|Pyro Ball|p2a: Iron Valiant|[miss]\n|-miss|p1a: Cinderace|p2a: Iron Valiant\n|move|p2a: Iron Valiant|Moonblast|p1a: Cinderace\n|-resisted|p1a: Cinderace\n|-damage|p1a: Cinderace|0 fnt\n|faint|p1a: Cinderace\n|\n|win|Sirbelgrave\n|raw|wooloo supremacy's rating: 1637 &rarr; <strong>1613<\/strong><br \/>(-24 for losing)\n|raw|Sirbelgrave's rating: 1571 &rarr; <strong>1595<\/strong><br \/>(+24 for winning)\n","uploadtime":1700413548,"views":9,"p1id":"wooloosupremacy","p2id":"sirbelgrave","formatid":"gen9ou","rating":1595,"private":0,"password":""}