{"id":"gen9ou-1996800980","p1":"babywaffles","p2":"Maitredouard2","format":"[Gen 9] OU","log":"|j|\u2606babywaffles\n|j|\u2606Maitredouard2\n|t:|1700727516\n|gametype|singles\n|player|p1|babywaffles|hala|1639\n|player|p2|Maitredouard2|lance|1670\n|teamsize|p1|6\n|teamsize|p2|6\n|gen|9\n|tier|[Gen 9] OU\n|rated|\n|rule|Sleep Clause Mod: Limit one foe put to sleep\n|rule|Species Clause: Limit one of each Pok\u00e9mon\n|rule|OHKO Clause: OHKO moves are banned\n|rule|Evasion Items Clause: Evasion items are banned\n|rule|Evasion Moves Clause: Evasion moves are banned\n|rule|Endless Battle Clause: Forcing endless battles is banned\n|rule|HP Percentage Mod: HP is shown in percentages\n|clearpoke\n|poke|p1|Zamazenta-*|\n|poke|p1|Hoopa-Unbound|\n|poke|p1|Empoleon, M|\n|poke|p1|Ogerpon-Wellspring, F|\n|poke|p1|Iron Moth|\n|poke|p1|Weezing-Galar, M|\n|poke|p2|Garganacl, F|\n|poke|p2|Cinderace, M|\n|poke|p2|Dragapult, M|\n|poke|p2|Amoonguss, F|\n|poke|p2|Great Tusk|\n|poke|p2|Heatran, M|\n|teampreview\n|inactive|Battle timer is ON: inactive players will automatically lose when time's up. (requested by Maitredouard2)\n|inactive|babywaffles also wants the timer to be on.\n|j| deneme12\n|\n|t:|1700727536\n|start\n|switch|p1a: POSEIDON|Empoleon, M, shiny|100\/100\n|switch|p2a: Heatran|Heatran, M|100\/100\n|turn|1\n|\n|t:|1700727542\n|move|p2a: Heatran|Magma Storm|p1a: POSEIDON\n|-damage|p1a: POSEIDON|65\/100\n|-activate|p1a: POSEIDON|move: Magma Storm|[of] p2a: Heatran\n|move|p1a: POSEIDON|Flip Turn|p2a: Heatran\n|-supereffective|p2a: Heatran\n|-damage|p2a: Heatran|66\/100\n|\n|t:|1700727554\n|switch|p1a: MR. NUKE|Hoopa-Unbound|100\/100|[from] Flip Turn\n|\n|-heal|p2a: Heatran|73\/100|[from] item: Leftovers\n|upkeep\n|turn|2\n|\n|t:|1700727563\n|switch|p2a: Garganacl|Garganacl, F|100\/100\n|move|p1a: MR. NUKE|Knock Off|p2a: Garganacl\n|-damage|p2a: Garganacl|59\/100\n|-enditem|p2a: Garganacl|Leftovers|[from] move: Knock Off|[of] p1a: MR. NUKE\n|\n|upkeep\n|turn|3\n|\n|t:|1700727570\n|move|p1a: MR. NUKE|Psychic|p2a: Garganacl\n|-damage|p2a: Garganacl|20\/100\n|move|p2a: Garganacl|Recover|p2a: Garganacl\n|-heal|p2a: Garganacl|70\/100\n|\n|upkeep\n|turn|4\n|\n|t:|1700727576\n|switch|p1a: FOCALORS|Ogerpon-Wellspring, F|100\/100\n|move|p2a: Garganacl|Salt Cure|p1a: FOCALORS\n|-damage|p1a: FOCALORS|82\/100\n|-start|p1a: FOCALORS|Salt Cure\n|\n|-damage|p1a: FOCALORS|57\/100|[from] Salt Cure\n|upkeep\n|turn|5\n|\n|t:|1700727587\n|switch|p1a: POSEIDON|Empoleon, M, shiny|65\/100\n|switch|p2a: Amoonguss|Amoonguss, F|100\/100\n|\n|-heal|p1a: POSEIDON|71\/100|[from] item: Leftovers\n|upkeep\n|turn|6\n|\n|t:|1700727595\n|move|p1a: POSEIDON|Stealth Rock|p2a: Amoonguss\n|-sidestart|p2: Maitredouard2|move: Stealth Rock\n|move|p2a: Amoonguss|Spore|p1a: POSEIDON\n|-status|p1a: POSEIDON|slp|[from] move: Spore\n|\n|-heal|p1a: POSEIDON|77\/100 slp|[from] item: Leftovers\n|upkeep\n|turn|7\n|\n|t:|1700727602\n|switch|p1a: FOCALORS|Ogerpon-Wellspring, F|57\/100\n|switch|p2a: Cinderace|Cinderace, M|100\/100\n|\n|upkeep\n|turn|8\n|\n|t:|1700727608\n|move|p2a: Cinderace|U-turn|p1a: FOCALORS\n|-start|p2a: Cinderace|typechange|Bug|[from] ability: Libero\n|-supereffective|p1a: FOCALORS\n|-damage|p1a: FOCALORS|0 fnt\n|faint|p1a: FOCALORS\n|\n|t:|1700727616\n|switch|p2a: Dragapult|Dragapult, M|100\/100|[from] U-turn\n|-damage|p2a: Dragapult|88\/100|[from] Stealth Rock\n|\n|upkeep\n|\n|t:|1700727622\n|switch|p1a: INDICA|Weezing-Galar, M|100\/100\n|turn|9\n|\n|t:|1700727625\n|move|p2a: Dragapult|U-turn|p1a: INDICA\n|-resisted|p1a: INDICA\n|-damage|p1a: INDICA|98\/100\n|\n|t:|1700727629\n|switch|p2a: Cinderace|Cinderace, M|100\/100|[from] U-turn\n|move|p1a: INDICA|Strange Steam|p2a: Cinderace\n|-resisted|p2a: Cinderace\n|-damage|p2a: Cinderace|83\/100\n|\n|-heal|p1a: INDICA|100\/100|[from] item: Black Sludge\n|upkeep\n|turn|10\n|\n|t:|1700727638\n|move|p2a: Cinderace|Court Change|p2a: Cinderace\n|-start|p2a: Cinderace|typechange|Normal|[from] ability: Libero\n|-swapsideconditions\n|-activate|p2a: Cinderace|move: Court Change\n|move|p1a: INDICA|Will-O-Wisp|p2a: Cinderace\n|-status|p2a: Cinderace|brn\n|\n|-damage|p2a: Cinderace|77\/100 brn|[from] brn\n|upkeep\n|turn|11\n|\n|t:|1700727648\n|move|p2a: Cinderace|U-turn|p1a: INDICA\n|-resisted|p1a: INDICA\n|-damage|p1a: INDICA|99\/100\n|\n|t:|1700727651\n|switch|p2a: Heatran|Heatran, M|73\/100|[from] U-turn\n|move|p1a: INDICA|Defog|p2a: Heatran\n|-unboost|p2a: Heatran|evasion|1\n|-sideend|p1: babywaffles|Stealth Rock|[from] move: Defog|[of] p1a: INDICA\n|\n|-heal|p2a: Heatran|79\/100|[from] item: Leftovers\n|-heal|p1a: INDICA|100\/100|[from] item: Black Sludge\n|upkeep\n|turn|12\n|\n|t:|1700727661\n|switch|p1a: MR. NUKE|Hoopa-Unbound|100\/100\n|move|p2a: Heatran|Magma Storm|p1a: MR. NUKE\n|-damage|p1a: MR. NUKE|71\/100\n|-activate|p1a: MR. NUKE|move: Magma Storm|[of] p2a: Heatran\n|\n|-heal|p2a: Heatran|85\/100|[from] item: Leftovers\n|-damage|p1a: MR. NUKE|59\/100|[from] move: Magma Storm|[partiallytrapped]\n|upkeep\n|turn|13\n|\n|t:|1700727671\n|switch|p2a: Garganacl|Garganacl, F|70\/100\n|move|p1a: MR. NUKE|Drain Punch|p2a: Garganacl\n|-supereffective|p2a: Garganacl\n|-damage|p2a: Garganacl|31\/100\n|-heal|p1a: MR. NUKE|81\/100|[from] drain|[of] p2a: Garganacl\n|\n|-end|p1a: MR. NUKE|Magma Storm|[partiallytrapped]|[silent]\n|upkeep\n|turn|14\n|\n|t:|1700727683\n|move|p1a: MR. NUKE|Psychic|p2a: Garganacl\n|-damage|p2a: Garganacl|0 fnt\n|faint|p2a: Garganacl\n|\n|upkeep\n|\n|t:|1700727688\n|switch|p2a: Dragapult|Dragapult, M|88\/100\n|turn|15\n|\n|t:|1700727697\n|switch|p1a: INDICA|Weezing-Galar, M|100\/100\n|move|p2a: Dragapult|Shadow Ball|p1a: INDICA\n|-crit|p1a: INDICA\n|-damage|p1a: INDICA|0 fnt\n|faint|p1a: INDICA\n|\n|upkeep\n|\n|t:|1700727702\n|switch|p1a: MR. NUKE|Hoopa-Unbound|81\/100\n|turn|16\n|\n|t:|1700727707\n|switch|p2a: Cinderace|Cinderace, M|77\/100 brn\n|move|p1a: MR. NUKE|Psychic|p2a: Cinderace\n|-damage|p2a: Cinderace|1\/100 brn\n|\n|-damage|p2a: Cinderace|0 fnt|[from] brn\n|faint|p2a: Cinderace\n|upkeep\n|\n|t:|1700727718\n|switch|p2a: Great Tusk|Great Tusk|100\/100\n|turn|17\n|\n|t:|1700727724\n|switch|p1a: POSEIDON|Empoleon, M, shiny|77\/100 slp\n|move|p2a: Great Tusk|Close Combat|p1a: POSEIDON\n|-supereffective|p1a: POSEIDON\n|-damage|p1a: POSEIDON|0 fnt\n|-unboost|p2a: Great Tusk|def|1\n|-unboost|p2a: Great Tusk|spd|1\n|faint|p1a: POSEIDON\n|\n|upkeep\n|\n|t:|1700727735\n|switch|p1a: For All the Dogs|Zamazenta|100\/100\n|-ability|p1a: For All the Dogs|Dauntless Shield|boost\n|-boost|p1a: For All the Dogs|def|1\n|turn|18\n|\n|t:|1700727742\n|-end|p2a: Great Tusk|Protosynthesis|[silent]\n|switch|p2a: Amoonguss|Amoonguss, F|100\/100\n|move|p1a: For All the Dogs|Crunch|p2a: Amoonguss\n|-damage|p2a: Amoonguss|78\/100\n|-damage|p1a: For All the Dogs|84\/100|[from] item: Rocky Helmet|[of] p2a: Amoonguss\n|\n|-heal|p1a: For All the Dogs|90\/100|[from] item: Leftovers\n|upkeep\n|turn|19\n|\n|t:|1700727750\n|move|p1a: For All the Dogs|Substitute|p1a: For All the Dogs\n|-start|p1a: For All the Dogs|Substitute\n|-damage|p1a: For All the Dogs|65\/100\n|move|p2a: Amoonguss|Spore||[still]\n|-fail|p2a: Amoonguss\n|\n|-heal|p1a: For All the Dogs|71\/100|[from] item: Leftovers\n|upkeep\n|turn|20\n|\n|t:|1700727759\n|move|p1a: For All the Dogs|Crunch|p2a: Amoonguss\n|-damage|p2a: Amoonguss|56\/100\n|-unboost|p2a: Amoonguss|def|1\n|-damage|p1a: For All the Dogs|55\/100|[from] item: Rocky Helmet|[of] p2a: Amoonguss\n|move|p2a: Amoonguss|Sludge Bomb|p1a: For All the Dogs\n|-activate|p1a: For All the Dogs|move: Substitute|[damage]\n|\n|-heal|p1a: For All the Dogs|61\/100|[from] item: Leftovers\n|upkeep\n|turn|21\n|\n|t:|1700727771\n|move|p1a: For All the Dogs|Crunch|p2a: Amoonguss\n|-damage|p2a: Amoonguss|25\/100\n|-damage|p1a: For All the Dogs|45\/100|[from] item: Rocky Helmet|[of] p2a: Amoonguss\n|move|p2a: Amoonguss|Synthesis|p2a: Amoonguss\n|-heal|p2a: Amoonguss|75\/100\n|\n|-heal|p1a: For All the Dogs|51\/100|[from] item: Leftovers\n|upkeep\n|turn|22\n|\n|t:|1700727780\n|move|p1a: For All the Dogs|Iron Defense|p1a: For All the Dogs\n|-boost|p1a: For All the Dogs|def|2\n|move|p2a: Amoonguss|Giga Drain|p1a: For All the Dogs\n|-end|p1a: For All the Dogs|Substitute\n|-heal|p2a: Amoonguss|76\/100|[from] drain|[of] p1a: For All the Dogs\n|\n|-heal|p1a: For All the Dogs|57\/100|[from] item: Leftovers\n|upkeep\n|turn|23\n|\n|t:|1700727791\n|switch|p2a: Dragapult|Dragapult, M|88\/100\n|move|p1a: For All the Dogs|Body Press|p2a: Dragapult\n|-immune|p2a: Dragapult\n|\n|-heal|p1a: For All the Dogs|63\/100|[from] item: Leftovers\n|upkeep\n|turn|24\n|\n|t:|1700727799\n|move|p2a: Dragapult|Draco Meteor|p1a: For All the Dogs\n|-damage|p1a: For All the Dogs|1\/100\n|-unboost|p2a: Dragapult|spa|2\n|move|p1a: For All the Dogs|Crunch|p2a: Dragapult\n|-supereffective|p2a: Dragapult\n|-damage|p2a: Dragapult|32\/100\n|\n|-heal|p1a: For All the Dogs|7\/100|[from] item: Leftovers\n|upkeep\n|turn|25\n|\n|t:|1700727808\n|move|p2a: Dragapult|Draco Meteor|p1a: For All the Dogs|[miss]\n|-miss|p2a: Dragapult|p1a: For All the Dogs\n|move|p1a: For All the Dogs|Crunch|p2a: Dragapult\n|-supereffective|p2a: Dragapult\n|-damage|p2a: Dragapult|0 fnt\n|faint|p2a: Dragapult\n|\n|-heal|p1a: For All the Dogs|14\/100|[from] item: Leftovers\n|upkeep\n|\n|t:|1700727818\n|switch|p2a: Amoonguss|Amoonguss, F|100\/100\n|turn|26\n|\n|t:|1700727826\n|move|p1a: For All the Dogs|Body Press|p2a: Amoonguss\n|-resisted|p2a: Amoonguss\n|-damage|p2a: Amoonguss|58\/100\n|-damage|p1a: For All the Dogs|0 fnt|[from] item: Rocky Helmet|[of] p2a: Amoonguss\n|faint|p1a: For All the Dogs\n|move|p2a: Amoonguss|Giga Drain|p1: For All the Dogs|[notarget]\n|-fail|p2a: Amoonguss\n|\n|upkeep\n|\n|t:|1700727830\n|switch|p1a: MR. NUKE|Hoopa-Unbound|81\/100\n|turn|27\n|\n|t:|1700727835\n|move|p1a: MR. NUKE|Psychic|p2a: Amoonguss\n|-supereffective|p2a: Amoonguss\n|-damage|p2a: Amoonguss|0 fnt\n|faint|p2a: Amoonguss\n|\n|upkeep\n|\n|t:|1700727841\n|switch|p2a: Great Tusk|Great Tusk|100\/100\n|turn|28\n|\n|t:|1700727850\n|switch|p1a: ICE SPICE|Iron Moth|100\/100\n|-enditem|p1a: ICE SPICE|Booster Energy\n|-activate|p1a: ICE SPICE|ability: Quark Drive|[fromitem]\n|-start|p1a: ICE SPICE|quarkdrivespe\n|-terastallize|p2a: Great Tusk|Steel\n|move|p2a: Great Tusk|Rapid Spin|p1a: ICE SPICE\n|-damage|p1a: ICE SPICE|74\/100\n|-boost|p2a: Great Tusk|spe|1\n|\n|upkeep\n|turn|29\n|\n|t:|1700727860\n|-end|p2a: Great Tusk|Protosynthesis|[silent]\n|switch|p2a: Heatran|Heatran, M|85\/100\n|-terastallize|p1a: ICE SPICE|Grass\n|move|p1a: ICE SPICE|Fiery Dance|p2a: Heatran\n|-start|p2a: Heatran|ability: Flash Fire\n|\n|-heal|p2a: Heatran|91\/100|[from] item: Leftovers\n|upkeep\n|turn|30\n|\n|t:|1700727870\n|-end|p1a: ICE SPICE|Quark Drive|[silent]\n|switch|p1a: MR. NUKE|Hoopa-Unbound|81\/100\n|move|p2a: Heatran|Magma Storm|p1a: MR. NUKE\n|-damage|p1a: MR. NUKE|38\/100\n|-activate|p1a: MR. NUKE|move: Magma Storm|[of] p2a: Heatran\n|\n|-heal|p2a: Heatran|97\/100|[from] item: Leftovers\n|-damage|p1a: MR. NUKE|25\/100|[from] move: Magma Storm|[partiallytrapped]\n|upkeep\n|turn|31\n|\n|t:|1700727880\n|move|p1a: MR. NUKE|Drain Punch|p2a: Heatran\n|-supereffective|p2a: Heatran\n|-damage|p2a: Heatran|48\/100\n|-heal|p1a: MR. NUKE|52\/100|[from] drain|[of] p2a: Heatran\n|move|p2a: Heatran|Earth Power|p1a: MR. NUKE\n|-damage|p1a: MR. NUKE|34\/100\n|\n|-heal|p2a: Heatran|54\/100|[from] item: Leftovers\n|-damage|p1a: MR. NUKE|21\/100|[from] move: Magma Storm|[partiallytrapped]\n|upkeep\n|turn|32\n|\n|t:|1700727891\n|move|p1a: MR. NUKE|Drain Punch|p2a: Heatran\n|-supereffective|p2a: Heatran\n|-damage|p2a: Heatran|3\/100\n|-heal|p1a: MR. NUKE|48\/100|[from] drain|[of] p2a: Heatran\n|move|p2a: Heatran|Magma Storm|p1a: MR. NUKE|[miss]\n|-miss|p2a: Heatran|p1a: MR. NUKE\n|\n|-heal|p2a: Heatran|9\/100|[from] item: Leftovers\n|-damage|p1a: MR. NUKE|36\/100|[from] move: Magma Storm|[partiallytrapped]\n|upkeep\n|turn|33\n|j| mew852\n|\n|t:|1700727902\n|move|p1a: MR. NUKE|Drain Punch|p2a: Heatran\n|-supereffective|p2a: Heatran\n|-damage|p2a: Heatran|0 fnt\n|-heal|p1a: MR. NUKE|41\/100|[from] drain|[of] p2a: Heatran\n|faint|p2a: Heatran\n|\n|-end|p1a: MR. NUKE|Magma Storm|[partiallytrapped]|[silent]\n|upkeep\n|\n|t:|1700727908\n|switch|p2a: Great Tusk|Great Tusk, tera:Steel|100\/100\n|turn|34\n|\n|t:|1700727922\n|move|p2a: Great Tusk|Earthquake|p1a: MR. NUKE\n|-damage|p1a: MR. NUKE|0 fnt\n|faint|p1a: MR. NUKE\n|\n|upkeep\n|\n|t:|1700727924\n|switch|p1a: ICE SPICE|Iron Moth, tera:Grass|74\/100\n|turn|35\n|\n|t:|1700727928\n|move|p1a: ICE SPICE|Substitute|p1a: ICE SPICE\n|-start|p1a: ICE SPICE|Substitute\n|-damage|p1a: ICE SPICE|49\/100\n|move|p2a: Great Tusk|Ice Spinner|p1a: ICE SPICE\n|-supereffective|p1a: ICE SPICE\n|-end|p1a: ICE SPICE|Substitute\n|\n|upkeep\n|turn|36\n|\n|t:|1700727935\n|move|p1a: ICE SPICE|Fiery Dance|p2a: Great Tusk\n|-supereffective|p2a: Great Tusk\n|-damage|p2a: Great Tusk|0 fnt\n|-boost|p1a: ICE SPICE|spa|1\n|faint|p2a: Great Tusk\n|-end|p2a: Great Tusk|Protosynthesis|[silent]\n|\n|win|babywaffles\n|raw|babywaffles's rating: 1639 &rarr; <strong>1661<\/strong><br \/>(+22 for winning)\n|raw|Maitredouard2's rating: 1670 &rarr; <strong>1648<\/strong><br \/>(-22 for losing)\n|l|\u2606Maitredouard2\n","uploadtime":1700727946,"views":4,"p1id":"babywaffles","p2id":"maitredouard2","formatid":"gen9ou","rating":1648,"private":0,"password":""}