{"id":"gen9ou-1989070899","p1":"klsts","p2":"Zezroy7","format":"[Gen 9] OU","log":"|j|\u2606klsts\n|j|\u2606Zezroy7\n|t:|1699808976\n|gametype|singles\n|player|p1|klsts|medium|1117\n|player|p2|Zezroy7|102|1128\n|teamsize|p1|6\n|teamsize|p2|6\n|gen|9\n|tier|[Gen 9] OU\n|rated|\n|rule|Sleep Clause Mod: Limit one foe put to sleep\n|rule|Species Clause: Limit one of each Pok\u00e9mon\n|rule|OHKO Clause: OHKO moves are banned\n|rule|Evasion Items Clause: Evasion items are banned\n|rule|Evasion Moves Clause: Evasion moves are banned\n|rule|Endless Battle Clause: Forcing endless battles is banned\n|rule|HP Percentage Mod: HP is shown in percentages\n|clearpoke\n|poke|p1|Thundurus-Therian, M|\n|poke|p1|Forretress, F|\n|poke|p1|Ursaluna, M|\n|poke|p1|Slowking-Galar, M|\n|poke|p1|Jumpluff, F|\n|poke|p1|Heatran, F|\n|poke|p2|Dragonite, F|\n|poke|p2|Snorlax, M|\n|poke|p2|Umbreon, M|\n|poke|p2|Skeledirge, M|\n|poke|p2|Decidueye-Hisui, M|\n|poke|p2|Tatsugiri-Stretchy, F|\n|teampreview\n|c|\u2606Zezroy7|Gl hf\n|c|\u2606klsts|gl you too!\n|\n|t:|1699809007\n|start\n|switch|p1a: Forretress|Forretress, F|100\/100\n|switch|p2a: Define \u201dFat\u201d|Snorlax, M, shiny|100\/100\n|turn|1\n|\n|t:|1699809014\n|move|p1a: Forretress|Stealth Rock|p2a: Define \u201dFat\u201d\n|-sidestart|p2: Zezroy7|move: Stealth Rock\n|move|p2a: Define \u201dFat\u201d|Heat Crash|p1a: Forretress\n|-supereffective|p1a: Forretress\n|-damage|p1a: Forretress|18\/100\n|-damage|p2a: Define \u201dFat\u201d|84\/100|[from] item: Rocky Helmet|[of] p1a: Forretress\n|\n|upkeep\n|turn|2\n|\n|t:|1699809021\n|switch|p1a: Heatran|Heatran, F|100\/100\n|move|p2a: Define \u201dFat\u201d|Earthquake|p1a: Heatran\n|-supereffective|p1a: Heatran\n|-damage|p1a: Heatran|0 fnt\n|faint|p1a: Heatran\n|\n|upkeep\n|\n|t:|1699809028\n|switch|p1a: Jumpluff|Jumpluff, F, shiny|100\/100\n|turn|3\n|\n|t:|1699809045\n|switch|p2a: Smaugschild|Skeledirge, M|100\/100\n|move|p1a: Jumpluff|Leech Seed|p2a: Smaugschild\n|-start|p2a: Smaugschild|move: Leech Seed\n|\n|-damage|p2a: Smaugschild|88\/100|[from] Leech Seed|[of] p1a: Jumpluff\n|upkeep\n|turn|4\n|\n|t:|1699809063\n|move|p1a: Jumpluff|U-turn|p2a: Smaugschild\n|-resisted|p2a: Smaugschild\n|-damage|p2a: Smaugschild|87\/100\n|\n|t:|1699809066\n|switch|p1a: Slowking|Slowking-Galar, M|100\/100|[from] U-turn\n|move|p2a: Smaugschild|Torch Song|p1a: Slowking\n|-damage|p1a: Slowking|77\/100\n|-boost|p2a: Smaugschild|spa|1\n|\n|-damage|p2a: Smaugschild|74\/100|[from] Leech Seed|[of] p1a: Slowking\n|-heal|p1a: Slowking|90\/100|[silent]\n|upkeep\n|turn|5\n|\n|t:|1699809080\n|move|p2a: Smaugschild|Shadow Ball|p1a: Slowking\n|-supereffective|p1a: Slowking\n|-damage|p1a: Slowking|12\/100\n|move|p1a: Slowking|Thunder Wave|p2a: Smaugschild\n|-status|p2a: Smaugschild|par\n|\n|-damage|p2a: Smaugschild|62\/100 par|[from] Leech Seed|[of] p1a: Slowking\n|-heal|p1a: Slowking|25\/100|[silent]\n|upkeep\n|turn|6\n|\n|t:|1699809090\n|switch|p1a: Ursaluna|Ursaluna, M|100\/100\n|move|p2a: Smaugschild|Torch Song|p1a: Ursaluna\n|-damage|p1a: Ursaluna|61\/100\n|-boost|p2a: Smaugschild|spa|1\n|\n|-damage|p2a: Smaugschild|49\/100 par|[from] Leech Seed|[of] p1a: Ursaluna\n|-heal|p1a: Ursaluna|72\/100|[silent]\n|-status|p1a: Ursaluna|brn|[from] item: Flame Orb\n|upkeep\n|turn|7\n|\n|t:|1699809121\n|move|p1a: Ursaluna|Earthquake|p2a: Smaugschild\n|-supereffective|p2a: Smaugschild\n|-damage|p2a: Smaugschild|0 fnt\n|faint|p2a: Smaugschild\n|\n|-damage|p1a: Ursaluna|66\/100 brn|[from] brn\n|upkeep\n|\n|t:|1699809136\n|switch|p2a: Banana Splits|Tatsugiri-Stretchy, F|100\/100\n|-damage|p2a: Banana Splits|88\/100|[from] Stealth Rock\n|turn|8\n|\n|t:|1699809142\n|switch|p1a: Jumpluff|Jumpluff, F, shiny|100\/100\n|move|p2a: Banana Splits|Surf|p1a: Jumpluff\n|-resisted|p1a: Jumpluff\n|-crit|p1a: Jumpluff\n|-damage|p1a: Jumpluff|65\/100\n|\n|upkeep\n|turn|9\n|\n|t:|1699809149\n|switch|p2a: Canopy King|Decidueye-Hisui, M|100\/100\n|move|p1a: Jumpluff|Leech Seed|p2a: Canopy King\n|-immune|p2a: Canopy King\n|\n|upkeep\n|turn|10\n|\n|t:|1699809155\n|move|p1a: Jumpluff|Strength Sap|p2a: Canopy King\n|-unboost|p2a: Canopy King|atk|1\n|-heal|p1a: Jumpluff|100\/100\n|move|p2a: Canopy King|Defog|p1a: Jumpluff\n|-unboost|p1a: Jumpluff|evasion|1\n|-sideend|p2: Zezroy7|Stealth Rock|[from] move: Defog|[of] p2a: Canopy King\n|\n|upkeep\n|turn|11\n|\n|t:|1699809167\n|move|p1a: Jumpluff|U-turn|p2a: Canopy King\n|-damage|p2a: Canopy King|90\/100\n|\n|t:|1699809169\n|switch|p1a: Thundurus|Thundurus-Therian, M|100\/100|[from] U-turn\n|move|p2a: Canopy King|Triple Arrows|p1a: Thundurus\n|-resisted|p1a: Thundurus\n|-damage|p1a: Thundurus|83\/100\n|-unboost|p1a: Thundurus|def|1\n|\n|upkeep\n|turn|12\n|\n|t:|1699809187\n|switch|p2a: Define \u201dFat\u201d|Snorlax, M, shiny|84\/100\n|-terastallize|p1a: Thundurus|Flying\n|move|p1a: Thundurus|Tera Blast|p2a: Define \u201dFat\u201d|[anim] Tera Blast Flying\n|-damage|p2a: Define \u201dFat\u201d|63\/100\n|\n|upkeep\n|turn|13\n|\n|t:|1699809199\n|switch|p1a: Jumpluff|Jumpluff, F, shiny|100\/100\n|move|p2a: Define \u201dFat\u201d|Heat Crash|p1a: Jumpluff\n|-supereffective|p1a: Jumpluff\n|-enditem|p1a: Jumpluff|Focus Sash\n|-damage|p1a: Jumpluff|1\/100\n|\n|upkeep\n|turn|14\n|\n|t:|1699809222\n|move|p1a: Jumpluff|Leech Seed|p2a: Define \u201dFat\u201d\n|-start|p2a: Define \u201dFat\u201d|move: Leech Seed\n|move|p2a: Define \u201dFat\u201d|Heat Crash|p1a: Jumpluff\n|-supereffective|p1a: Jumpluff\n|-damage|p1a: Jumpluff|0 fnt\n|faint|p1a: Jumpluff\n|\n|upkeep\n|\n|t:|1699809237\n|switch|p1a: Ursaluna|Ursaluna, M|66\/100 brn\n|turn|15\n|\n|t:|1699809268\n|switch|p2a: Void with paws|Umbreon, M|100\/100\n|move|p1a: Ursaluna|Body Slam|p2a: Void with paws\n|-damage|p2a: Void with paws|62\/100\n|\n|-heal|p2a: Void with paws|69\/100|[from] item: Leftovers\n|-damage|p1a: Ursaluna|60\/100 brn|[from] brn\n|upkeep\n|turn|16\n|\n|t:|1699809280\n|switch|p1a: Slowking|Slowking-Galar, M|58\/100\n|move|p2a: Void with paws|Protect||[still]\n|-fail|p2a: Void with paws\n|\n|-heal|p2a: Void with paws|75\/100|[from] item: Leftovers\n|upkeep\n|turn|17\n|\n|t:|1699809317\n|move|p2a: Void with paws|Wish|p2a: Void with paws\n|move|p1a: Slowking|Taunt|p2a: Void with paws\n|-start|p2a: Void with paws|move: Taunt\n|\n|-heal|p2a: Void with paws|81\/100|[from] item: Leftovers\n|upkeep\n|turn|18\n|\n|t:|1699809335\n|switch|p2a: Define \u201dFat\u201d|Snorlax, M, shiny|63\/100\n|switch|p1a: Thundurus|Thundurus-Therian, M, tera:Flying|83\/100\n|\n|-heal|p2a: Define \u201dFat\u201d|100\/100|[from] move: Wish|[wisher] Void with paws\n|upkeep\n|turn|19\n|inactive|Battle timer is ON: inactive players will automatically lose when time's up. (requested by Zezroy7)\n|\n|t:|1699809354\n|move|p1a: Thundurus|Nasty Plot|p1a: Thundurus\n|-boost|p1a: Thundurus|spa|2\n|move|p2a: Define \u201dFat\u201d|Heat Crash|p1a: Thundurus\n|-damage|p1a: Thundurus|18\/100\n|\n|upkeep\n|turn|20\n|\n|t:|1699809363\n|move|p1a: Thundurus|Tera Blast|p2a: Define \u201dFat\u201d|[anim] Tera Blast Flying\n|-damage|p2a: Define \u201dFat\u201d|59\/100\n|move|p2a: Define \u201dFat\u201d|Heat Crash|p1a: Thundurus\n|-damage|p1a: Thundurus|0 fnt\n|faint|p1a: Thundurus\n|\n|upkeep\n|\n|t:|1699809370\n|switch|p1a: Slowking|Slowking-Galar, M|92\/100\n|turn|21\n|\n|t:|1699809376\n|move|p2a: Define \u201dFat\u201d|Earthquake|p1a: Slowking\n|-supereffective|p1a: Slowking\n|-damage|p1a: Slowking|31\/100\n|move|p1a: Slowking|Thunder Wave|p2a: Define \u201dFat\u201d\n|-status|p2a: Define \u201dFat\u201d|par\n|\n|upkeep\n|turn|22\n|\n|t:|1699809386\n|switch|p1a: Forretress|Forretress, F|18\/100\n|move|p2a: Define \u201dFat\u201d|Earthquake|p1a: Forretress\n|-damage|p1a: Forretress|0 fnt\n|faint|p1a: Forretress\n|\n|upkeep\n|\n|t:|1699809391\n|switch|p1a: Ursaluna|Ursaluna, M|60\/100 brn\n|turn|23\n|\n|t:|1699809396\n|move|p1a: Ursaluna|Earthquake|p2a: Define \u201dFat\u201d\n|-damage|p2a: Define \u201dFat\u201d|0 fnt\n|faint|p2a: Define \u201dFat\u201d\n|\n|-damage|p1a: Ursaluna|53\/100 brn|[from] brn\n|upkeep\n|\n|t:|1699809399\n|switch|p2a: Legend|Dragonite, F, shiny|100\/100\n|turn|24\n|\n|t:|1699809404\n|move|p2a: Legend|Dragon Dance|p2a: Legend\n|-boost|p2a: Legend|atk|1\n|-boost|p2a: Legend|spe|1\n|move|p1a: Ursaluna|Body Slam|p2a: Legend\n|-damage|p2a: Legend|65\/100\n|\n|-damage|p1a: Ursaluna|47\/100 brn|[from] brn\n|upkeep\n|turn|25\n|\n|t:|1699809411\n|move|p2a: Legend|Scale Shot|p1a: Ursaluna\n|-damage|p1a: Ursaluna|33\/100 brn\n|-damage|p1a: Ursaluna|16\/100 brn\n|-damage|p1a: Ursaluna|1\/100 brn\n|-damage|p1a: Ursaluna|0 fnt\n|faint|p1a: Ursaluna\n|-hitcount|p1: Ursaluna|4\n|-unboost|p2a: Legend|def|1\n|-boost|p2a: Legend|spe|1\n|\n|upkeep\n|\n|t:|1699809420\n|switch|p1a: Slowking|Slowking-Galar, M|64\/100\n|turn|26\n|\n|t:|1699809423\n|move|p2a: Legend|Scale Shot|p1a: Slowking\n|-damage|p1a: Slowking|42\/100\n|-damage|p1a: Slowking|21\/100\n|-crit|p1a: Slowking\n|-damage|p1a: Slowking|0 fnt\n|faint|p1a: Slowking\n|-hitcount|p1: Slowking|3\n|\n|win|Zezroy7\n|raw|klsts's rating: 1117 &rarr; <strong>1093<\/strong><br \/>(-24 for losing)\n|raw|Zezroy7's rating: 1128 &rarr; <strong>1152<\/strong><br \/>(+24 for winning)\n|c|\u2606Zezroy7|Gg\n|c|\u2606klsts|gg\n|l|\u2606klsts\n","uploadtime":1699809484,"views":10,"p1id":"klsts","p2id":"zezroy7","formatid":"gen9ou","rating":1093,"private":0,"password":""}