{"id":"gen9ou-1989435883","p1":"Spedonic","p2":"AirportWifiIsGood","format":"[Gen 9] OU","log":"|j|\u2606Spedonic\n|j|\u2606AirportWifiIsGood\n|t:|1699850132\n|gametype|singles\n|player|p1|Spedonic|waitress-gen4|1138\n|player|p2|AirportWifiIsGood|pilot|1120\n|teamsize|p1|6\n|teamsize|p2|6\n|gen|9\n|tier|[Gen 9] OU\n|rated|\n|rule|Sleep Clause Mod: Limit one foe put to sleep\n|rule|Species Clause: Limit one of each Pok\u00e9mon\n|rule|OHKO Clause: OHKO moves are banned\n|rule|Evasion Items Clause: Evasion items are banned\n|rule|Evasion Moves Clause: Evasion moves are banned\n|rule|Endless Battle Clause: Forcing endless battles is banned\n|rule|HP Percentage Mod: HP is shown in percentages\n|clearpoke\n|poke|p1|Bronzong|\n|poke|p1|Bruxish, M|\n|poke|p1|Eelektross, M|\n|poke|p1|Breloom, M|\n|poke|p1|Cinderace, F|\n|poke|p1|Donphan, M|\n|poke|p2|Weavile, M|\n|poke|p2|Electrode-Hisui|\n|poke|p2|Dragapult, F|\n|poke|p2|Quaquaval, M|\n|poke|p2|Cinderace, M|\n|poke|p2|Bronzong|\n|teampreview\n|inactive|Battle timer is ON: inactive players will automatically lose when time's up. (requested by AirportWifiIsGood)\n|c|\u2606Spedonic|Gl hf!\n|c|\u2606AirportWifiIsGood|ok\n|c|\u2606AirportWifiIsGood|sure\n|\n|t:|1699850153\n|start\n|switch|p1a: Bruxish|Bruxish, M|100\/100\n|switch|p2a: Bronzong|Bronzong|100\/100\n|turn|1\n|\n|t:|1699850163\n|move|p1a: Bruxish|Flip Turn|p2a: Bronzong\n|-damage|p2a: Bronzong|76\/100\n|\n|t:|1699850172\n|switch|p1a: Cinderace|Cinderace, F|100\/100|[from] Flip Turn\n|move|p2a: Bronzong|Stealth Rock|p1a: Cinderace\n|-sidestart|p1: Spedonic|move: Stealth Rock\n|\n|upkeep\n|turn|2\n|\n|t:|1699850181\n|move|p1a: Cinderace|Court Change|p1a: Cinderace\n|-start|p1a: Cinderace|typechange|Normal|[from] ability: Libero\n|-swapsideconditions\n|-activate|p1a: Cinderace|move: Court Change\n|move|p2a: Bronzong|Light Screen|p2a: Bronzong\n|-sidestart|p2: AirportWifiIsGood|move: Light Screen\n|\n|upkeep\n|turn|3\n|\n|t:|1699850193\n|move|p1a: Cinderace|Court Change|p1a: Cinderace\n|-swapsideconditions\n|-activate|p1a: Cinderace|move: Court Change\n|move|p2a: Bronzong|Stealth Rock||[still]\n|-fail|p2a: Bronzong\n|\n|upkeep\n|turn|4\n|\n|t:|1699850201\n|move|p1a: Cinderace|Pyro Ball|p2a: Bronzong\n|-supereffective|p2a: Bronzong\n|-damage|p2a: Bronzong|2\/100\n|move|p2a: Bronzong|Light Screen|p2a: Bronzong\n|-sidestart|p2: AirportWifiIsGood|move: Light Screen\n|\n|upkeep\n|turn|5\n|\n|t:|1699850207\n|switch|p1a: Donphan|Donphan, M|100\/100\n|-damage|p1a: Donphan|94\/100|[from] Stealth Rock\n|move|p2a: Bronzong|Body Press|p1a: Donphan\n|-damage|p1a: Donphan|78\/100\n|\n|-heal|p1a: Donphan|85\/100|[from] item: Leftovers\n|upkeep\n|turn|6\n|\n|t:|1699850215\n|move|p1a: Donphan|Rapid Spin|p2a: Bronzong\n|-resisted|p2a: Bronzong\n|-damage|p2a: Bronzong|0 fnt\n|-boost|p1a: Donphan|spe|1\n|-sideend|p1: Spedonic|Stealth Rock|[from] move: Rapid Spin|[of] p1a: Donphan\n|faint|p2a: Bronzong\n|\n|-heal|p1a: Donphan|91\/100|[from] item: Leftovers\n|upkeep\n|\n|t:|1699850222\n|switch|p2a: Quaquaval|Quaquaval, M|100\/100\n|turn|7\n|\n|t:|1699850245\n|move|p2a: Quaquaval|Swords Dance|p2a: Quaquaval\n|-boost|p2a: Quaquaval|atk|2\n|move|p1a: Donphan|Stealth Rock|p2a: Quaquaval\n|-sidestart|p2: AirportWifiIsGood|move: Stealth Rock\n|\n|-heal|p1a: Donphan|97\/100|[from] item: Leftovers\n|upkeep\n|turn|8\n|\n|t:|1699850250\n|move|p2a: Quaquaval|Aqua Step|p1a: Donphan\n|-supereffective|p1a: Donphan\n|-damage|p1a: Donphan|0 fnt\n|-boost|p2a: Quaquaval|spe|1\n|faint|p1a: Donphan\n|-ability|p2a: Quaquaval|Moxie|boost\n|-boost|p2a: Quaquaval|atk|1\n|-damage|p2a: Quaquaval|91\/100|[from] item: Life Orb\n|\n|upkeep\n|inactive|Spedonic has 120 seconds left.\n|\n|t:|1699850275\n|switch|p1a: Bruxish|Bruxish, M|100\/100\n|turn|9\n|\n|t:|1699850286\n|move|p1a: Bruxish|Psychic Fangs|p2a: Quaquaval\n|-sideend|p2: AirportWifiIsGood|move: Light Screen\n|-supereffective|p2a: Quaquaval\n|-damage|p2a: Quaquaval|0 fnt\n|faint|p2a: Quaquaval\n|\n|-sideend|p1: Spedonic|move: Light Screen\n|upkeep\n|\n|t:|1699850293\n|switch|p2a: Dragapult|Dragapult, F|100\/100\n|-damage|p2a: Dragapult|88\/100|[from] Stealth Rock\n|turn|10\n|inactive|Spedonic has 120 seconds left.\n|\n|t:|1699850327\n|-terastallize|p1a: Bruxish|Psychic\n|move|p1a: Bruxish|Psychic Fangs|p2a: Dragapult\n|-damage|p2a: Dragapult|0 fnt\n|faint|p2a: Dragapult\n|\n|upkeep\n|\n|t:|1699850334\n|switch|p2a: Weavile|Weavile, M|100\/100\n|-damage|p2a: Weavile|76\/100|[from] Stealth Rock\n|turn|11\n|inactive|Spedonic has 120 seconds left.\n|\n|t:|1699850344\n|switch|p1a: Bronzong|Bronzong|100\/100\n|move|p2a: Weavile|Fake Out|p1a: Bronzong\n|-resisted|p1a: Bronzong\n|-damage|p1a: Bronzong|94\/100\n|\n|upkeep\n|turn|12\n|\n|t:|1699850354\n|move|p2a: Weavile|Knock Off|p1a: Bronzong\n|-supereffective|p1a: Bronzong\n|-damage|p1a: Bronzong|6\/100\n|-enditem|p1a: Bronzong|Pecha Berry|[from] move: Knock Off|[of] p2a: Weavile\n|move|p1a: Bronzong|Gyro Ball|p2a: Weavile\n|-supereffective|p2a: Weavile\n|-damage|p2a: Weavile|0 fnt\n|faint|p2a: Weavile\n|\n|upkeep\n|\n|t:|1699850360\n|switch|p2a: Cinderace|Cinderace, M|100\/100\n|-damage|p2a: Cinderace|76\/100|[from] Stealth Rock\n|turn|13\n|\n|t:|1699850368\n|move|p2a: Cinderace|Court Change|p2a: Cinderace\n|-start|p2a: Cinderace|typechange|Normal|[from] ability: Libero\n|-swapsideconditions\n|-activate|p2a: Cinderace|move: Court Change\n|move|p1a: Bronzong|Future Sight|p2a: Cinderace\n|-start|p1a: Bronzong|move: Future Sight\n|\n|upkeep\n|turn|14\n|\n|t:|1699850375\n|move|p2a: Cinderace|Pyro Ball|p1a: Bronzong\n|-supereffective|p1a: Bronzong\n|-damage|p1a: Bronzong|0 fnt\n|faint|p1a: Bronzong\n|\n|upkeep\n|\n|t:|1699850385\n|switch|p1a: Bruxish|Bruxish, M, tera:Psychic|100\/100\n|-damage|p1a: Bruxish|88\/100|[from] Stealth Rock\n|turn|15\n|\n|t:|1699850393\n|move|p1a: Bruxish|Psychic Fangs|p2a: Cinderace\n|-damage|p2a: Cinderace|0 fnt\n|faint|p2a: Cinderace\n|\n|-hint|Future Sight did not hit because the target is fainted.\n|upkeep\n|\n|t:|1699850401\n|switch|p2a: Electrode|Electrode-Hisui|100\/100\n|turn|16\n|\n|t:|1699850417\n|-terastallize|p2a: Electrode|Grass\n|move|p2a: Electrode|Chloroblast|p1a: Bruxish\n|-damage|p1a: Bruxish|0 fnt\n|faint|p1a: Bruxish\n|-damage|p2a: Electrode|50\/100|[from] Recoil\n|\n|upkeep\n|\n|t:|1699850437\n|switch|p1a: Breloom|Breloom, M|100\/100\n|-damage|p1a: Breloom|94\/100|[from] Stealth Rock\n|turn|17\n|\n|t:|1699850444\n|move|p2a: Electrode|Chloroblast|p1a: Breloom\n|-resisted|p1a: Breloom\n|-damage|p1a: Breloom|35\/100\n|-damage|p2a: Electrode|0 fnt|[from] Recoil\n|faint|p2a: Electrode\n|\n|win|Spedonic\n|raw|Spedonic's rating: 1138 &rarr; <strong>1162<\/strong><br \/>(+24 for winning)\n|raw|AirportWifiIsGood's rating: 1120 &rarr; <strong>1096<\/strong><br \/>(-24 for losing)\n|c|\u2606Spedonic|Gg wp!\n","uploadtime":1699850546,"views":21,"p1id":"spedonic","p2id":"airportwifiisgood","formatid":"gen9ou","rating":1096,"private":0,"password":""}