{"id":"gen9ou-1995159656","p1":"NS_Arkana","p2":"alt no. 599","format":"[Gen 9] OU","log":"|j|\u2606NS_Arkana\n|j|\u2606alt no. 599\n|t:|1700529245\n|gametype|singles\n|player|p1|NS_Arkana|waiter-gen4|1605\n|player|p2|alt no. 599|acetrainersnowf|1534\n|teamsize|p1|6\n|teamsize|p2|6\n|gen|9\n|tier|[Gen 9] OU\n|rated|\n|rule|Sleep Clause Mod: Limit one foe put to sleep\n|rule|Species Clause: Limit one of each Pok\u00e9mon\n|rule|OHKO Clause: OHKO moves are banned\n|rule|Evasion Items Clause: Evasion items are banned\n|rule|Evasion Moves Clause: Evasion moves are banned\n|rule|Endless Battle Clause: Forcing endless battles is banned\n|rule|HP Percentage Mod: HP is shown in percentages\n|clearpoke\n|poke|p1|Maushold|\n|poke|p1|Samurott-Hisui, M|\n|poke|p1|Kingambit, F|\n|poke|p1|Garganacl, M|\n|poke|p1|Amoonguss, M|\n|poke|p1|Weavile, F|\n|poke|p2|Gastrodon, M|\n|poke|p2|Heatran, F|\n|poke|p2|Landorus-Therian, M|\n|poke|p2|Zapdos|\n|poke|p2|Gholdengo|\n|poke|p2|Zamazenta-*|\n|teampreview\n|\n|t:|1700529253\n|start\n|switch|p1a: Samurott|Samurott-Hisui, M, shiny|100\/100\n|switch|p2a: Zapdos|Zapdos|100\/100\n|turn|1\n|\n|t:|1700529256\n|switch|p1a: Garganacl|Garganacl, M|100\/100\n|move|p2a: Zapdos|Volt Switch|p1a: Garganacl\n|-damage|p1a: Garganacl|81\/100\n|\n|t:|1700529259\n|switch|p2a: Gastrodon|Gastrodon, M|100\/100|[from] Volt Switch\n|\n|-heal|p1a: Garganacl|87\/100|[from] item: Leftovers\n|upkeep\n|turn|2\n|\n|t:|1700529263\n|move|p2a: Gastrodon|Spikes|p1a: Garganacl\n|-sidestart|p1: NS_Arkana|Spikes\n|move|p1a: Garganacl|Salt Cure|p2a: Gastrodon\n|-resisted|p2a: Gastrodon\n|-damage|p2a: Gastrodon|94\/100\n|\n|-heal|p1a: Garganacl|94\/100|[from] item: Leftovers\n|upkeep\n|turn|3\n|\n|t:|1700529269\n|move|p2a: Gastrodon|Surf|p1a: Garganacl\n|-supereffective|p1a: Garganacl\n|-damage|p1a: Garganacl|54\/100\n|move|p1a: Garganacl|Iron Defense|p1a: Garganacl\n|-boost|p1a: Garganacl|def|2\n|\n|-heal|p1a: Garganacl|61\/100|[from] item: Leftovers\n|upkeep\n|turn|4\n|\n|t:|1700529279\n|move|p2a: Gastrodon|Surf|p1a: Garganacl\n|-supereffective|p1a: Garganacl\n|-damage|p1a: Garganacl|21\/100\n|move|p1a: Garganacl|Recover|p1a: Garganacl\n|-heal|p1a: Garganacl|71\/100\n|\n|-heal|p1a: Garganacl|77\/100|[from] item: Leftovers\n|upkeep\n|turn|5\n|\n|t:|1700529283\n|move|p2a: Gastrodon|Surf|p1a: Garganacl\n|-supereffective|p1a: Garganacl\n|-damage|p1a: Garganacl|37\/100\n|move|p1a: Garganacl|Body Press|p2a: Gastrodon\n|-damage|p2a: Gastrodon|53\/100\n|\n|-heal|p1a: Garganacl|43\/100|[from] item: Leftovers\n|upkeep\n|turn|6\n|\n|t:|1700529290\n|move|p2a: Gastrodon|Surf|p1a: Garganacl\n|-supereffective|p1a: Garganacl\n|-damage|p1a: Garganacl|3\/100\n|move|p1a: Garganacl|Recover|p1a: Garganacl\n|-heal|p1a: Garganacl|53\/100\n|\n|-heal|p1a: Garganacl|59\/100|[from] item: Leftovers\n|upkeep\n|turn|7\n|\n|t:|1700529297\n|move|p2a: Gastrodon|Surf|p1a: Garganacl\n|-supereffective|p1a: Garganacl\n|-damage|p1a: Garganacl|22\/100\n|move|p1a: Garganacl|Body Press|p2a: Gastrodon\n|-damage|p2a: Gastrodon|15\/100\n|\n|-heal|p1a: Garganacl|28\/100|[from] item: Leftovers\n|upkeep\n|turn|8\n|\n|t:|1700529305\n|switch|p1a: Maushold|Maushold|100\/100\n|-damage|p1a: Maushold|88\/100|[from] Spikes\n|move|p2a: Gastrodon|Recover|p2a: Gastrodon\n|-heal|p2a: Gastrodon|65\/100\n|\n|upkeep\n|turn|9\n|\n|t:|1700529319\n|switch|p2a: Landorus|Landorus-Therian, M|100\/100\n|-ability|p2a: Landorus|Intimidate|boost\n|-unboost|p1a: Maushold|atk|1\n|move|p1a: Maushold|Tidy Up|p1a: Maushold\n|-sideend|p1: NS_Arkana|Spikes\n|-activate|p1a: Maushold|move: Tidy Up\n|-boost|p1a: Maushold|atk|1\n|-boost|p1a: Maushold|spe|1\n|\n|upkeep\n|turn|10\n|j| helloofd\n|\n|t:|1700529323\n|switch|p2a: Gholdengo|Gholdengo|100\/100\n|-item|p2a: Gholdengo|Air Balloon\n|move|p1a: Maushold|Population Bomb|p2a: Gholdengo\n|-immune|p2a: Gholdengo\n|\n|upkeep\n|turn|11\n|\n|t:|1700529327\n|move|p1a: Maushold|Bite|p2a: Gholdengo\n|-supereffective|p2a: Gholdengo\n|-damage|p2a: Gholdengo|60\/100\n|-enditem|p2a: Gholdengo|Air Balloon\n|cant|p2a: Gholdengo|flinch\n|\n|upkeep\n|turn|12\n|\n|t:|1700529332\n|switch|p1a: Samurott|Samurott-Hisui, M, shiny|100\/100\n|move|p2a: Gholdengo|Make It Rain|p1a: Samurott\n|-resisted|p1a: Samurott\n|-damage|p1a: Samurott|49\/100\n|-unboost|p2a: Gholdengo|spa|1\n|\n|upkeep\n|turn|13\n|\n|t:|1700529336\n|switch|p2a: Zapdos|Zapdos|100\/100\n|move|p1a: Samurott|Ceaseless Edge|p2a: Zapdos\n|-damage|p2a: Zapdos|59\/100\n|-sidestart|p2: alt no. 599|Spikes\n|\n|upkeep\n|turn|14\n|\n|t:|1700529350\n|switch|p1a: Amoonguss|Amoonguss, M, shiny|100\/100\n|move|p2a: Zapdos|Volt Switch|p1a: Amoonguss\n|-resisted|p1a: Amoonguss\n|-damage|p1a: Amoonguss|87\/100\n|-enditem|p1a: Amoonguss|Red Card|[of] p2a: Zapdos\n|drag|p2a: Heatran|Heatran, F|100\/100\n|-damage|p2a: Heatran|88\/100|[from] Spikes\n|\n|-heal|p2a: Heatran|94\/100|[from] item: Leftovers\n|upkeep\n|turn|15\n|\n|t:|1700529357\n|switch|p1a: Samurott|Samurott-Hisui, M, shiny|49\/100\n|move|p2a: Heatran|Taunt|p1a: Samurott\n|-start|p1a: Samurott|move: Taunt\n|\n|-heal|p2a: Heatran|100\/100|[from] item: Leftovers\n|upkeep\n|turn|16\n|\n|t:|1700529363\n|move|p2a: Heatran|Protect|p2a: Heatran\n|-singleturn|p2a: Heatran|Protect\n|move|p1a: Samurott|Aqua Cutter|p2a: Heatran\n|-activate|p2a: Heatran|move: Protect\n|\n|upkeep\n|turn|17\n|\n|t:|1700529368\n|switch|p2a: Gastrodon|Gastrodon, M|65\/100\n|-damage|p2a: Gastrodon|53\/100|[from] Spikes\n|move|p1a: Samurott|Ceaseless Edge|p2a: Gastrodon\n|-damage|p2a: Gastrodon|6\/100\n|-sidestart|p2: alt no. 599|Spikes\n|\n|-end|p1a: Samurott|move: Taunt\n|upkeep\n|turn|18\n|\n|t:|1700529373\n|move|p1a: Samurott|Ceaseless Edge|p2a: Gastrodon\n|-damage|p2a: Gastrodon|0 fnt\n|-sidestart|p2: alt no. 599|Spikes\n|faint|p2a: Gastrodon\n|\n|upkeep\n|\n|t:|1700529379\n|switch|p2a: Zapdos|Zapdos|59\/100\n|turn|19\n|\n|t:|1700529386\n|move|p1a: Samurott|Aqua Jet|p2a: Zapdos\n|-damage|p2a: Zapdos|36\/100\n|-status|p1a: Samurott|par|[from] ability: Static|[of] p2a: Zapdos\n|move|p2a: Zapdos|Volt Switch|p1a: Samurott\n|-supereffective|p1a: Samurott\n|-damage|p1a: Samurott|0 fnt\n|faint|p1a: Samurott\n|\n|t:|1700529394\n|switch|p2a: Heatran|Heatran, F|100\/100|[from] Volt Switch\n|-damage|p2a: Heatran|76\/100|[from] Spikes\n|\n|-heal|p2a: Heatran|82\/100|[from] item: Leftovers\n|upkeep\n|\n|t:|1700529413\n|switch|p1a: Kingambit|Kingambit, F|100\/100\n|-activate|p1a: Kingambit|ability: Supreme Overlord\n|-start|p1a: Kingambit|fallen1|[silent]\n|turn|20\n|\n|t:|1700529418\n|move|p2a: Heatran|Magma Storm|p1a: Kingambit\n|-supereffective|p1a: Kingambit\n|-damage|p1a: Kingambit|9\/100\n|-activate|p1a: Kingambit|move: Magma Storm|[of] p2a: Heatran\n|move|p1a: Kingambit|Low Kick|p2a: Heatran\n|-supereffective|p2a: Heatran\n|-damage|p2a: Heatran|0 fnt\n|faint|p2a: Heatran\n|\n|-heal|p1a: Kingambit|15\/100|[from] item: Leftovers\n|-end|p1a: Kingambit|Magma Storm|[partiallytrapped]|[silent]\n|upkeep\n|\n|t:|1700529431\n|switch|p2a: Landorus|Landorus-Therian, M|100\/100\n|-ability|p2a: Landorus|Intimidate|boost\n|-unboost|p1a: Kingambit|atk|1\n|turn|21\n|\n|t:|1700529443\n|move|p1a: Kingambit|Sucker Punch|p2a: Landorus\n|-damage|p2a: Landorus|70\/100\n|move|p2a: Landorus|Earthquake|p1a: Kingambit\n|-supereffective|p1a: Kingambit\n|-damage|p1a: Kingambit|0 fnt\n|faint|p1a: Kingambit\n|-end|p1a: Kingambit|fallen1|[silent]\n|\n|-heal|p2a: Landorus|76\/100|[from] item: Leftovers\n|upkeep\n|\n|t:|1700529467\n|switch|p1a: Maushold|Maushold|88\/100\n|turn|22\n|\n|t:|1700529473\n|move|p1a: Maushold|Population Bomb|p2a: Landorus\n|-damage|p2a: Landorus|66\/100\n|-damage|p2a: Landorus|55\/100\n|-damage|p2a: Landorus|45\/100\n|-damage|p2a: Landorus|34\/100\n|-damage|p2a: Landorus|24\/100\n|-damage|p2a: Landorus|13\/100\n|-damage|p2a: Landorus|2\/100\n|-damage|p2a: Landorus|0 fnt\n|faint|p2a: Landorus\n|-hitcount|p2: Landorus|8\n|\n|upkeep\n|\n|t:|1700529475\n|switch|p2a: Zamazenta|Zamazenta|100\/100\n|-ability|p2a: Zamazenta|Dauntless Shield|boost\n|-boost|p2a: Zamazenta|def|1\n|turn|23\n|\n|t:|1700529486\n|move|p2a: Zamazenta|Body Press|p1a: Maushold\n|-supereffective|p1a: Maushold\n|-damage|p1a: Maushold|0 fnt\n|faint|p1a: Maushold\n|\n|upkeep\n|\n|t:|1700529488\n|switch|p1a: Amoonguss|Amoonguss, M, shiny|100\/100\n|turn|24\n|\n|t:|1700529495\n|move|p2a: Zamazenta|Substitute|p2a: Zamazenta\n|-start|p2a: Zamazenta|Substitute\n|-damage|p2a: Zamazenta|75\/100\n|move|p1a: Amoonguss|Foul Play|p2a: Zamazenta\n|-resisted|p2a: Zamazenta\n|-crit|p2a: Zamazenta\n|-activate|p2a: Zamazenta|move: Substitute|[damage]\n|\n|upkeep\n|turn|25\n|\n|t:|1700529502\n|move|p2a: Zamazenta|Iron Defense|p2a: Zamazenta\n|-boost|p2a: Zamazenta|def|2\n|move|p1a: Amoonguss|Sludge Bomb|p2a: Zamazenta\n|-end|p2a: Zamazenta|Substitute\n|\n|upkeep\n|turn|26\n|\n|t:|1700529506\n|-terastallize|p2a: Zamazenta|Steel\n|move|p2a: Zamazenta|Substitute|p2a: Zamazenta\n|-start|p2a: Zamazenta|Substitute\n|-damage|p2a: Zamazenta|50\/100\n|move|p1a: Amoonguss|Sludge Bomb|p2a: Zamazenta\n|-immune|p2a: Zamazenta\n|\n|upkeep\n|turn|27\n|\n|t:|1700529510\n|move|p2a: Zamazenta|Body Press|p1a: Amoonguss\n|-resisted|p1a: Amoonguss\n|-damage|p1a: Amoonguss|70\/100\n|move|p1a: Amoonguss|Grass Knot|p2a: Zamazenta\n|-resisted|p2a: Zamazenta\n|-activate|p2a: Zamazenta|move: Substitute|[damage]\n|\n|upkeep\n|turn|28\n|\n|t:|1700529514\n|move|p2a: Zamazenta|Body Press|p1a: Amoonguss\n|-resisted|p1a: Amoonguss\n|-damage|p1a: Amoonguss|40\/100\n|move|p1a: Amoonguss|Foul Play|p2a: Zamazenta\n|-crit|p2a: Zamazenta\n|-end|p2a: Zamazenta|Substitute\n|\n|upkeep\n|turn|29\n|\n|t:|1700529517\n|move|p2a: Zamazenta|Substitute|p2a: Zamazenta\n|-start|p2a: Zamazenta|Substitute\n|-damage|p2a: Zamazenta|25\/100\n|move|p1a: Amoonguss|Foul Play|p2a: Zamazenta\n|-activate|p2a: Zamazenta|move: Substitute|[damage]\n|\n|upkeep\n|turn|30\n|\n|t:|1700529527\n|move|p2a: Zamazenta|Body Press|p1a: Amoonguss\n|-resisted|p1a: Amoonguss\n|-damage|p1a: Amoonguss|10\/100\n|move|p1a: Amoonguss|Foul Play|p2a: Zamazenta\n|-activate|p2a: Zamazenta|move: Substitute|[damage]\n|\n|upkeep\n|turn|31\n|\n|t:|1700529534\n|switch|p1a: Garganacl|Garganacl, M|28\/100\n|move|p2a: Zamazenta|Body Press|p1a: Garganacl\n|-supereffective|p1a: Garganacl\n|-damage|p1a: Garganacl|0 fnt\n|faint|p1a: Garganacl\n|\n|upkeep\n|\n|t:|1700529536\n|switch|p1a: Amoonguss|Amoonguss, M, shiny|43\/100\n|turn|32\n|\n|t:|1700529541\n|move|p2a: Zamazenta|Body Press|p1a: Amoonguss\n|-resisted|p1a: Amoonguss\n|-damage|p1a: Amoonguss|15\/100\n|move|p1a: Amoonguss|Foul Play|p2a: Zamazenta\n|-activate|p2a: Zamazenta|move: Substitute|[damage]\n|\n|upkeep\n|turn|33\n|\n|t:|1700529546\n|move|p2a: Zamazenta|Body Press|p1a: Amoonguss\n|-resisted|p1a: Amoonguss\n|-damage|p1a: Amoonguss|0 fnt\n|faint|p1a: Amoonguss\n|\n|upkeep\n|\n|t:|1700529547\n|switch|p1a: Weavile|Weavile, F|100\/100\n|-ability|p1a: Weavile|Pressure\n|turn|34\n|\n|t:|1700529550\n|move|p2a: Zamazenta|Body Press|p1a: Weavile\n|-supereffective|p1a: Weavile\n|-damage|p1a: Weavile|0 fnt\n|faint|p1a: Weavile\n|\n|win|alt no. 599\n|raw|NS_Arkana's rating: 1605 &rarr; <strong>1581<\/strong><br \/>(-24 for losing)\n|raw|alt no. 599's rating: 1534 &rarr; <strong>1558<\/strong><br \/>(+24 for winning)\n|l|\u2606NS_Arkana\n|l| helloofd\n","uploadtime":1700529554,"views":5,"p1id":"nsarkana","p2id":"altno599","formatid":"gen9ou","rating":1558,"private":0,"password":""}